Ticker,Date,Time,LTP,BuyPrice,BuyQty,SellPrice,SellQty,LTQ,OpenInterest
NIFTY-II.NFO,27/02/2025,09:15:00,22696,22715.7,375,22736.4,150,375,12197550
NIFTY-II.NFO,27/02/2025,09:15:00,22696,22715.7,375,22736.4,150,0,12197550
NIFTY-II.NFO,27/02/2025,09:15:00,22739.6,22715.7,375,22736.4,150,0,12197550
NIFTY-II.NFO,27/02/2025,09:15:00,22696,22715.7,375,22736.4,150,0,12197550
NIFTY-II.NFO,27/02/2025,09:15:01,22710.9,22710.9,300,22724.9,300,1425,12197550
NIFTY-II.NFO,27/02/2025,09:15:03,22710.8,22710.8,75,22713.9,75,900,12197550
NIFTY-II.NFO,27/02/2025,09:15:04,22704.9,22704.8,225,22711.35,75,3975,12197550
NIFTY-II.NFO,27/02/2025,09:15:06,22707.95,22708.1,225,22721.4,375,5175,12197550
NIFTY-II.NFO,27/02/2025,09:15:07,22713.1,22712.45,150,22721,300,4725,12197550
NIFTY-II.NFO,27/02/2025,09:15:09,22710.85,22710,150,22719.1,450,2100,12197550
NIFTY-II.NFO,27/02/2025,09:15:10,22719.1,22710.25,375,22719.15,150,1275,12197550
NIFTY-II.NFO,27/02/2025,09:15:12,22720.2,22715.45,300,22723.55,75,1875,12197550
NIFTY-II.NFO,27/02/2025,09:15:13,22715.55,22715.55,300,22721,75,1725,12197550
NIFTY-II.NFO,27/02/2025,09:15:15,22720.1,22720,75,22721,225,2175,12197550
NIFTY-II.NFO,27/02/2025,09:15:16,22721,22717.3,300,22726.45,75,900,12197550
NIFTY-II.NFO,27/02/2025,09:15:18,22720.25,22720.55,225,22726.05,150,975,12197550
NIFTY-II.NFO,27/02/2025,09:15:20,22722.25,22721,75,22726.4,150,225,12197550
NIFTY-II.NFO,27/02/2025,09:15:21,22721.7,22720.25,75,22726.65,300,975,12197550
NIFTY-II.NFO,27/02/2025,09:15:23,22720.1,22720,525,22726.05,75,1350,12197550
NIFTY-II.NFO,27/02/2025,09:15:24,22720.05,22720,450,22725.65,375,1125,12197550
NIFTY-II.NFO,27/02/2025,09:15:26,22717.5,22717.5,150,22725.95,300,3450,12197550
NIFTY-II.NFO,27/02/2025,09:15:27,22726.05,22716.65,75,22725.25,300,2700,12197550
NIFTY-II.NFO,27/02/2025,09:15:29,22719.35,22717.4,300,22724.4,75,975,12197550
NIFTY-II.NFO,27/02/2025,09:15:30,22719.3,22719.3,450,22726.1,75,1275,12197550
NIFTY-II.NFO,27/02/2025,09:15:32,22720.8,22721.05,75,22726.05,375,300,12197550
NIFTY-II.NFO,27/02/2025,09:15:33,22718.5,22719.15,150,22724.85,300,1275,12197550
NIFTY-II.NFO,27/02/2025,09:15:35,22721.9,22720,75,22725,150,750,12197550
NIFTY-II.NFO,27/02/2025,09:15:37,22718.15,22718,75,22725.95,300,900,12197550
NIFTY-II.NFO,27/02/2025,09:15:38,22718.6,22717.65,150,22720.95,75,450,12197550
NIFTY-II.NFO,27/02/2025,09:15:40,22725.95,22718.05,75,22725.95,300,450,12204975
NIFTY-II.NFO,27/02/2025,09:15:41,22720.5,22718,150,22720.95,150,375,12204975
NIFTY-II.NFO,27/02/2025,09:15:43,22718,22718,75,22718.1,75,525,12204975
NIFTY-II.NFO,27/02/2025,09:15:45,22718,22715.05,150,22720.25,75,525,12204975
NIFTY-II.NFO,27/02/2025,09:15:46,22718.05,22712.9,375,22718.1,75,4425,12204975
NIFTY-II.NFO,27/02/2025,09:15:48,22714.35,22714.3,150,22718.05,75,975,12204975
NIFTY-II.NFO,27/02/2025,09:15:49,22709.35,22708.6,300,22716.4,375,5250,12204975
NIFTY-II.NFO,27/02/2025,09:15:51,22709.1,22710.85,375,22716.85,300,1875,12204975
NIFTY-II.NFO,27/02/2025,09:15:53,22716.6,22709.9,75,22716.6,225,150,12204975
NIFTY-II.NFO,27/02/2025,09:15:54,22708.65,22708.6,75,22716.5,375,1200,12204975
NIFTY-II.NFO,27/02/2025,09:15:56,22708.05,22711,75,22716.5,450,450,12204975
NIFTY-II.NFO,27/02/2025,09:15:57,22716.5,22711,75,22716.5,375,150,12204975
NIFTY-II.NFO,27/02/2025,09:15:59,22709.35,22709.3,375,22718,300,1950,12204975
NIFTY-II.NFO,27/02/2025,09:16:00,22715,22716.15,75,22717,75,825,12204975
NIFTY-II.NFO,27/02/2025,09:16:02,22710.05,22710.05,375,22719.3,300,600,12204975
NIFTY-II.NFO,27/02/2025,09:16:04,22715.55,22710.7,375,22717.05,150,2400,12204975
NIFTY-II.NFO,27/02/2025,09:16:05,22717.05,22715,75,22718.05,75,1125,12204975
NIFTY-II.NFO,27/02/2025,09:16:07,22720,22713.45,375,22720.5,75,1650,12204975
NIFTY-II.NFO,27/02/2025,09:16:08,22722.15,22720.8,75,22722.85,300,825,12204975
NIFTY-II.NFO,27/02/2025,09:16:10,22720.9,22714.8,225,22721,75,675,12204975
NIFTY-II.NFO,27/02/2025,09:16:12,22723,22717.9,375,22723.3,75,5400,12204975
NIFTY-II.NFO,27/02/2025,09:16:13,22717.35,22717.55,600,22723.3,150,1125,12204975
NIFTY-II.NFO,27/02/2025,09:16:15,22720.05,22720,1500,22725.95,375,2250,12204975
NIFTY-II.NFO,27/02/2025,09:16:16,22720,22720,825,22725.95,225,1275,12204975
NIFTY-II.NFO,27/02/2025,09:16:18,22725.95,22720,525,22727.25,300,900,12204975
NIFTY-II.NFO,27/02/2025,09:16:19,22718.6,22718.55,375,22725,75,1200,12204975
NIFTY-II.NFO,27/02/2025,09:16:21,22718.4,22719.85,300,22726.05,75,900,12204975
NIFTY-II.NFO,27/02/2025,09:16:23,22725.05,22725.05,75,22727.95,300,1050,12204975
NIFTY-II.NFO,27/02/2025,09:16:24,22725.3,22725.2,75,22727.85,300,675,12204975
NIFTY-II.NFO,27/02/2025,09:16:26,22725.95,22720.25,525,22728,150,2325,12204975
NIFTY-II.NFO,27/02/2025,09:16:27,22721.65,22721.65,375,22727.15,75,900,12204975
NIFTY-II.NFO,27/02/2025,09:16:29,22729.65,22722.4,375,22728.05,75,1425,12204975
NIFTY-II.NFO,27/02/2025,09:16:31,22722.1,22722.15,375,22728,75,1125,12204975
NIFTY-II.NFO,27/02/2025,09:16:32,22721.65,22721.2,375,22728.05,75,900,12204975
NIFTY-II.NFO,27/02/2025,09:16:34,22721.6,22721.6,375,22728.05,75,900,12204975
NIFTY-II.NFO,27/02/2025,09:16:35,22727.55,22721.75,300,22728,75,675,12204975
NIFTY-II.NFO,27/02/2025,09:16:37,22729.2,22726.95,75,22730.2,75,2400,12204975
NIFTY-II.NFO,27/02/2025,09:16:38,22722,22721.05,300,22725.95,75,225,12204975
NIFTY-II.NFO,27/02/2025,09:16:40,22728.05,22721.9,450,22727.15,75,1950,12204975
NIFTY-II.NFO,27/02/2025,09:16:42,22722.05,22722,75,22728.15,150,375,12204975
NIFTY-II.NFO,27/02/2025,09:16:43,22721.6,22721.6,75,22728.15,300,150,12204975
NIFTY-II.NFO,27/02/2025,09:16:45,22720.3,22720.3,300,22727.5,225,1950,12204975
NIFTY-II.NFO,27/02/2025,09:16:46,22720.85,22720.55,300,22727.5,150,600,12204975
NIFTY-II.NFO,27/02/2025,09:16:48,22721.1,22721.1,300,22727.55,750,600,12204975
NIFTY-II.NFO,27/02/2025,09:16:50,22721.1,22722.3,450,22727.55,750,525,12204975
NIFTY-II.NFO,27/02/2025,09:16:51,22727.55,22727.1,450,22727.55,375,1200,12204975
NIFTY-II.NFO,27/02/2025,09:16:53,22726.55,22722.15,150,22727.95,300,1050,12204975
NIFTY-II.NFO,27/02/2025,09:16:54,22721.2,22721.65,375,22727.9,75,1725,12204975
NIFTY-II.NFO,27/02/2025,09:16:56,22726.4,22726.4,75,22727.55,150,2025,12204975
NIFTY-II.NFO,27/02/2025,09:16:57,22721.85,22721.85,75,22727,75,525,12204975
NIFTY-II.NFO,27/02/2025,09:16:59,22726,22726.4,75,22727,75,525,12204975
NIFTY-II.NFO,27/02/2025,09:17:01,22727.45,22727.4,75,22728.05,75,1575,12204975
NIFTY-II.NFO,27/02/2025,09:17:02,22728.7,22728.65,75,22729.9,75,1200,12204975
NIFTY-II.NFO,27/02/2025,09:17:04,22722.2,22722.2,375,22728.65,75,3225,12204975
NIFTY-II.NFO,27/02/2025,09:17:05,22728.2,22724.45,75,22729.15,75,1275,12204975
NIFTY-II.NFO,27/02/2025,09:17:07,22728.7,22728.4,75,22729.05,75,1575,12204975
NIFTY-II.NFO,27/02/2025,09:17:09,22724.3,22724.3,300,22728,150,2175,12204975
NIFTY-II.NFO,27/02/2025,09:17:10,22722.45,22722.45,375,22727.3,75,3150,12204975
NIFTY-II.NFO,27/02/2025,09:17:12,22728.1,22725,150,22729,75,1200,12204975
NIFTY-II.NFO,27/02/2025,09:17:14,22724,22724,1500,22729.2,75,675,12204975
NIFTY-II.NFO,27/02/2025,09:17:15,22724.05,22723.5,750,22729.05,75,1950,12204975
NIFTY-II.NFO,27/02/2025,09:17:17,22729.05,22729.05,225,22730.2,75,900,12204975
NIFTY-II.NFO,27/02/2025,09:17:18,22730.05,22724.25,750,22729.05,150,900,12204975
NIFTY-II.NFO,27/02/2025,09:17:20,22728.8,22728.95,75,22731.15,300,750,12204975
NIFTY-II.NFO,27/02/2025,09:17:21,22732.15,22724.05,300,22730,300,975,12204975
NIFTY-II.NFO,27/02/2025,09:17:23,22729.05,22725.55,300,22730,150,1725,12204975
NIFTY-II.NFO,27/02/2025,09:17:25,22729.95,22729.05,75,22732.95,300,675,12204975
NIFTY-II.NFO,27/02/2025,09:17:26,22730,22729,75,22730,150,450,12204975
NIFTY-II.NFO,27/02/2025,09:17:28,22731.15,22725.05,150,22731,150,600,12204975
NIFTY-II.NFO,27/02/2025,09:17:29,22733.05,22725,150,22729.95,150,1950,12204975
NIFTY-II.NFO,27/02/2025,09:17:31,22725,22724.05,375,22725.5,75,1500,12204975
NIFTY-II.NFO,27/02/2025,09:17:33,22729.35,22728.05,75,22730.5,75,1275,12204975
NIFTY-II.NFO,27/02/2025,09:17:34,22729.45,22726,75,22729.45,75,375,12204975
NIFTY-II.NFO,27/02/2025,09:17:36,22720.05,22720,675,22727.75,450,2325,12204975
NIFTY-II.NFO,27/02/2025,09:17:37,22720,22720.05,75,22726.95,600,300,12204975
NIFTY-II.NFO,27/02/2025,09:17:39,22720.9,22720.9,750,22726.5,150,450,12204975
NIFTY-II.NFO,27/02/2025,09:17:40,22726.2,22726.1,75,22726.5,75,975,12204975
NIFTY-II.NFO,27/02/2025,09:17:42,22726.5,22725,75,22729.2,75,1200,12204975
NIFTY-II.NFO,27/02/2025,09:17:44,22729.3,22721.05,225,22729.3,450,900,12204975
NIFTY-II.NFO,27/02/2025,09:17:45,22728.05,22726.5,75,22729.3,300,300,12204975
NIFTY-II.NFO,27/02/2025,09:17:47,22729.35,22723.85,300,22729.35,75,675,12204975
NIFTY-II.NFO,27/02/2025,09:17:48,22729.05,22726.1,75,22729.75,150,825,12204975
NIFTY-II.NFO,27/02/2025,09:17:50,22732.9,22725.3,375,22730.2,75,2100,12204975
NIFTY-II.NFO,27/02/2025,09:17:52,22725.25,22725,375,22730.2,75,675,12204975
NIFTY-II.NFO,27/02/2025,09:17:53,22731.15,22724.75,300,22731.15,75,825,12204975
NIFTY-II.NFO,27/02/2025,09:17:55,22729.8,22724.75,300,22731.2,75,375,12204975
NIFTY-II.NFO,27/02/2025,09:17:56,22724.4,22724.15,375,22730.15,300,750,12204975
NIFTY-II.NFO,27/02/2025,09:17:58,22729.75,22724.95,375,22731.2,75,450,12204975
NIFTY-II.NFO,27/02/2025,09:17:59,22730.85,22725.1,225,22731.2,75,825,12204975
NIFTY-II.NFO,27/02/2025,09:18:01,22732.85,22729.8,150,22732.15,225,225,12204975
NIFTY-II.NFO,27/02/2025,09:18:03,22732.3,22725.05,300,22732.35,375,750,12204975
NIFTY-II.NFO,27/02/2025,09:18:04,22732.9,22725.4,300,22732.95,75,900,12204975
NIFTY-II.NFO,27/02/2025,09:18:06,22729.95,22725.05,300,22730.85,75,1425,12204975
NIFTY-II.NFO,27/02/2025,09:18:07,22730.85,22727.15,375,22732,75,75,12204975
NIFTY-II.NFO,27/02/2025,09:18:09,22731.1,22726.9,300,22733.95,75,2925,12204975
NIFTY-II.NFO,27/02/2025,09:18:11,22731.1,22730.85,75,22732.2,75,750,12204975
NIFTY-II.NFO,27/02/2025,09:18:12,22730.2,22727.7,300,22732.2,75,300,12204975
NIFTY-II.NFO,27/02/2025,09:18:14,22734,22731,75,22732.2,75,1650,12204975
NIFTY-II.NFO,27/02/2025,09:18:15,22730.7,22730.7,150,22732.15,75,525,12204975
NIFTY-II.NFO,27/02/2025,09:18:17,22731.6,22727.75,300,22731.8,75,1725,12204975
NIFTY-II.NFO,27/02/2025,09:18:19,22730.7,22730.8,375,22731.6,75,225,12204975
NIFTY-II.NFO,27/02/2025,09:18:20,22731.05,22730,75,22732.15,75,1800,12204975
NIFTY-II.NFO,27/02/2025,09:18:22,22730.7,22730.7,225,22732.15,150,450,12204975
NIFTY-II.NFO,27/02/2025,09:18:23,22730.7,22730.2,75,22731.9,75,1050,12204975
NIFTY-II.NFO,27/02/2025,09:18:25,22731.9,22726.8,300,22732.95,300,1050,12204975
NIFTY-II.NFO,27/02/2025,09:18:26,22733.35,22730.7,75,22732.2,75,600,12204975
NIFTY-II.NFO,27/02/2025,09:18:28,22730.3,22730.25,75,22731.25,75,450,12204975
NIFTY-II.NFO,27/02/2025,09:18:30,22734,22732,75,22732.2,75,1575,12204975
NIFTY-II.NFO,27/02/2025,09:18:31,22731.8,22730.75,150,22731.8,75,2700,12204975
NIFTY-II.NFO,27/02/2025,09:18:33,22732,22731.75,75,22732.2,75,375,12204975
NIFTY-II.NFO,27/02/2025,09:18:34,22732,22730.75,150,22732.15,75,0,12204975
NIFTY-II.NFO,27/02/2025,09:18:36,22731.8,22731.6,75,22732.15,75,1875,12204975
NIFTY-II.NFO,27/02/2025,09:18:38,22728.7,22728.15,375,22732.2,75,5625,12204975
NIFTY-II.NFO,27/02/2025,09:18:39,22728.15,22728.2,150,22731.2,75,675,12204975
NIFTY-II.NFO,27/02/2025,09:18:41,22732.6,22730.85,375,22732.65,75,1050,12267375
NIFTY-II.NFO,27/02/2025,09:18:42,22731.35,22731.35,150,22732.2,75,225,12267375
NIFTY-II.NFO,27/02/2025,09:18:44,22731.35,22730,75,22731.5,75,150,12267375
NIFTY-II.NFO,27/02/2025,09:18:45,22733.8,22731.35,75,22731.5,75,375,12267375
NIFTY-II.NFO,27/02/2025,09:18:47,22731.35,22731,75,22731.5,75,1650,12267375
NIFTY-II.NFO,27/02/2025,09:18:49,22731,22728.15,450,22731.25,75,1200,12267375
NIFTY-II.NFO,27/02/2025,09:18:50,22728.2,22728.2,675,22731.8,75,225,12267375
NIFTY-II.NFO,27/02/2025,09:18:52,22731.5,22728.2,525,22731.25,75,225,12267375
NIFTY-II.NFO,27/02/2025,09:18:54,22732.2,22728.2,525,22731.45,75,450,12267375
NIFTY-II.NFO,27/02/2025,09:18:55,22732.5,22728.2,525,22732.9,450,225,12267375
NIFTY-II.NFO,27/02/2025,09:18:57,22732.9,22728.25,75,22733,75,600,12267375
NIFTY-II.NFO,27/02/2025,09:18:58,22728.25,22728.2,1125,22732.2,75,75,12267375
NIFTY-II.NFO,27/02/2025,09:19:00,22731.2,22731.35,525,22732.2,150,1950,12267375
NIFTY-II.NFO,27/02/2025,09:19:02,22732.5,22728.25,600,22732.2,75,825,12267375
NIFTY-II.NFO,27/02/2025,09:19:03,22732.2,22729,75,22732.5,675,75,12267375
NIFTY-II.NFO,27/02/2025,09:19:05,22732.5,22728.65,75,22732.5,600,300,12267375
NIFTY-II.NFO,27/02/2025,09:19:06,22731.5,22732,75,22733,225,2925,12267375
NIFTY-II.NFO,27/02/2025,09:19:08,22729.2,22732.7,75,22733,75,975,12267375
NIFTY-II.NFO,27/02/2025,09:19:10,22732.2,22732,75,22732.2,75,225,12267375
NIFTY-II.NFO,27/02/2025,09:19:11,22732.2,22732.5,75,22732.9,75,75,12267375
NIFTY-II.NFO,27/02/2025,09:19:13,22732.5,22732.5,150,22733.35,150,900,12267375
NIFTY-II.NFO,27/02/2025,09:19:15,22732.5,22732.7,75,22733,75,1500,12267375
NIFTY-II.NFO,27/02/2025,09:19:16,22732.2,22730,150,22733,75,150,12267375
NIFTY-II.NFO,27/02/2025,09:19:18,22730,22730,375,22732.9,75,75,12267375
NIFTY-II.NFO,27/02/2025,09:19:19,22730,22730.95,75,22732.9,75,0,12267375
NIFTY-II.NFO,27/02/2025,09:19:21,22732,22730,225,22732.9,75,450,12267375
NIFTY-II.NFO,27/02/2025,09:19:23,22732.9,22730.55,300,22732.9,75,75,12267375
NIFTY-II.NFO,27/02/2025,09:19:24,22732.9,22730.55,225,22732.9,75,225,12267375
NIFTY-II.NFO,27/02/2025,09:19:26,22731,22730.55,600,22732.9,75,225,12267375
NIFTY-II.NFO,27/02/2025,09:19:28,22730.55,22730.55,225,22732,75,2550,12267375
NIFTY-II.NFO,27/02/2025,09:19:29,22732,22730.55,225,22732.6,75,150,12267375
NIFTY-II.NFO,27/02/2025,09:19:31,22732.9,22730.55,150,22733,75,600,12267375
NIFTY-II.NFO,27/02/2025,09:19:33,22730.55,22730,750,22733,75,450,12267375
NIFTY-II.NFO,27/02/2025,09:19:34,22733,22730,825,22732.95,150,975,12267375
NIFTY-II.NFO,27/02/2025,09:19:36,22732.9,22730,600,22732.9,225,675,12267375
NIFTY-II.NFO,27/02/2025,09:19:38,22732.9,22730,450,22732.85,150,900,12267375
NIFTY-II.NFO,27/02/2025,09:19:39,22730,22730,300,22732.85,75,900,12267375
NIFTY-II.NFO,27/02/2025,09:19:41,22732,22730,375,22731.95,150,1725,12267375
NIFTY-II.NFO,27/02/2025,09:19:42,22731.95,22730,225,22731.95,75,525,12267375
NIFTY-II.NFO,27/02/2025,09:19:44,22727.1,22730,75,22731.95,150,2850,12267375
NIFTY-II.NFO,27/02/2025,09:19:46,22730.2,22725.7,75,22731.9,375,5400,12267375
NIFTY-II.NFO,27/02/2025,09:19:47,22732.35,22725.7,300,22732.35,300,2100,12267375
NIFTY-II.NFO,27/02/2025,09:19:49,22732.35,22725.35,300,22732.25,75,0,12267375
NIFTY-II.NFO,27/02/2025,09:19:51,22731.25,22725.05,375,22731.25,75,600,12267375
NIFTY-II.NFO,27/02/2025,09:19:52,22728.05,22725.1,300,22728.05,75,975,12267375
NIFTY-II.NFO,27/02/2025,09:19:54,22727.85,22725.1,600,22732.05,750,600,12267375
NIFTY-II.NFO,27/02/2025,09:19:55,22725.1,22725.2,300,22731.2,225,1425,12267375
NIFTY-II.NFO,27/02/2025,09:19:57,22728.85,22725.2,300,22730.4,150,225,12267375
NIFTY-II.NFO,27/02/2025,09:19:59,22725.2,22725,750,22728,150,1125,12267375
NIFTY-II.NFO,27/02/2025,09:20:00,22722.8,22722.55,375,22728,150,12975,12267375
NIFTY-II.NFO,27/02/2025,09:20:02,22724.4,22727.9,75,22730,75,6225,12267375
NIFTY-II.NFO,27/02/2025,09:20:04,22724,22723.35,225,22728.65,75,1425,12267375
NIFTY-II.NFO,27/02/2025,09:20:05,22727.65,22722.9,375,22727.65,75,225,12267375
NIFTY-II.NFO,27/02/2025,09:20:07,22723.7,22722.55,375,22728,150,150,12267375
NIFTY-II.NFO,27/02/2025,09:20:09,22722.35,22722.2,375,22726.3,225,600,12267375
NIFTY-II.NFO,27/02/2025,09:20:10,22722.6,22722.6,225,22727.95,150,1650,12267375
NIFTY-II.NFO,27/02/2025,09:20:12,22722.6,22722.6,225,22728,75,375,12267375
NIFTY-II.NFO,27/02/2025,09:20:14,22729.25,22723.25,150,22728.35,150,600,12267375
NIFTY-II.NFO,27/02/2025,09:20:15,22728.35,22723.25,150,22726,225,75,12267375
NIFTY-II.NFO,27/02/2025,09:20:17,22727,22726,75,22728.35,150,3525,12267375
NIFTY-II.NFO,27/02/2025,09:20:19,22724.1,22724.05,150,22728.95,225,150,12267375
NIFTY-II.NFO,27/02/2025,09:20:20,22724.05,22724.05,75,22728,75,75,12267375
NIFTY-II.NFO,27/02/2025,09:20:22,22728.95,22724.6,75,22728.3,75,600,12267375
NIFTY-II.NFO,27/02/2025,09:20:24,22725.25,22725.25,225,22728.65,75,975,12267375
NIFTY-II.NFO,27/02/2025,09:20:25,22723.6,22723.2,150,22728,75,3450,12267375
NIFTY-II.NFO,27/02/2025,09:20:27,22726.95,22725,150,22726.65,75,900,12267375
NIFTY-II.NFO,27/02/2025,09:20:29,22726.7,22726.5,75,22726.9,75,1125,12267375
NIFTY-II.NFO,27/02/2025,09:20:30,22726.9,22726.25,75,22728.3,225,450,12267375
NIFTY-II.NFO,27/02/2025,09:20:32,22726.2,22726.2,300,22728.3,225,1725,12267375
NIFTY-II.NFO,27/02/2025,09:20:34,22726.7,22727.1,150,22728,75,675,12267375
NIFTY-II.NFO,27/02/2025,09:20:35,22725,22725,75,22728.2,75,1050,12267375
NIFTY-II.NFO,27/02/2025,09:20:37,22727.85,22726.2,1200,22727.55,75,900,12267375
NIFTY-II.NFO,27/02/2025,09:20:39,22727.55,22726.2,1200,22727.55,75,75,12267375
NIFTY-II.NFO,27/02/2025,09:20:40,22728.2,22727.5,75,22727.65,1200,1425,12267375
NIFTY-II.NFO,27/02/2025,09:20:42,22727.6,22727.5,75,22727.6,75,1350,12267375
NIFTY-II.NFO,27/02/2025,09:20:44,22727.65,22727.35,75,22727.65,975,3075,12267375
NIFTY-II.NFO,27/02/2025,09:20:45,22727.65,22726.2,1200,22727.65,1200,2775,12267375
NIFTY-II.NFO,27/02/2025,09:20:47,22727.65,22727.6,450,22727.65,825,375,12267375
NIFTY-II.NFO,27/02/2025,09:20:49,22727.65,22726.2,1200,22727.6,150,750,12267375
NIFTY-II.NFO,27/02/2025,09:20:50,22727.65,22725,525,22727.35,75,1575,12267375
NIFTY-II.NFO,27/02/2025,09:20:52,22726.95,22725,525,22727.35,75,225,12267375
NIFTY-II.NFO,27/02/2025,09:20:53,22727,22726.9,75,22727,75,900,12267375
NIFTY-II.NFO,27/02/2025,09:20:55,22726.65,22725,525,22727,75,150,12267375
NIFTY-II.NFO,27/02/2025,09:20:57,22726.65,22726.85,75,22727.35,75,0,12267375
NIFTY-II.NFO,27/02/2025,09:20:58,22727.65,22727.55,300,22727.65,300,600,12267375
NIFTY-II.NFO,27/02/2025,09:21:00,22727.65,22727.45,75,22727.65,75,4125,12267375
NIFTY-II.NFO,27/02/2025,09:21:02,22727,22727,75,22727.65,825,1500,12267375
NIFTY-II.NFO,27/02/2025,09:21:03,22727,22725,225,22726.95,150,450,12267375
NIFTY-II.NFO,27/02/2025,09:21:05,22727.65,22726.85,75,22727.65,375,375,12267375
NIFTY-II.NFO,27/02/2025,09:21:07,22727,22727.2,75,22727.65,150,675,12267375
NIFTY-II.NFO,27/02/2025,09:21:08,22727,22727,75,22727.65,75,375,12267375
NIFTY-II.NFO,27/02/2025,09:21:10,22726.75,22726.5,75,22727,75,1125,12267375
NIFTY-II.NFO,27/02/2025,09:21:12,22726.55,22724.4,375,22727.6,150,525,12267375
NIFTY-II.NFO,27/02/2025,09:21:13,22727.65,22727.45,150,22727.65,150,825,12267375
NIFTY-II.NFO,27/02/2025,09:21:15,22727.2,22728.6,75,22729.95,150,225,12267375
NIFTY-II.NFO,27/02/2025,09:21:17,22729.95,22727.65,450,22728.95,150,300,12267375
NIFTY-II.NFO,27/02/2025,09:21:18,22728.45,22727.65,450,22729.95,150,600,12267375
NIFTY-II.NFO,27/02/2025,09:21:20,22729.45,22729.55,75,22730,525,75,12267375
NIFTY-II.NFO,27/02/2025,09:21:22,22730,22729.75,75,22731.95,150,675,12267375
NIFTY-II.NFO,27/02/2025,09:21:23,22729.75,22727.65,825,22731.95,150,975,12267375
NIFTY-II.NFO,27/02/2025,09:21:25,22732.85,22732.4,75,22733,75,1650,12267375
NIFTY-II.NFO,27/02/2025,09:21:27,22734.8,22733.85,75,22734.9,150,600,12267375
NIFTY-II.NFO,27/02/2025,09:21:28,22733.5,22732,75,22733.45,225,300,12267375
NIFTY-II.NFO,27/02/2025,09:21:30,22734.3,22733.15,75,22734.9,150,525,12267375
NIFTY-II.NFO,27/02/2025,09:21:32,22734.05,22730,450,22733.45,150,225,12267375
NIFTY-II.NFO,27/02/2025,09:21:33,22730,22730,300,22734.7,75,3600,12267375
NIFTY-II.NFO,27/02/2025,09:21:35,22733.65,22730,225,22733.65,75,225,12267375
NIFTY-II.NFO,27/02/2025,09:21:37,22734.7,22730,225,22734.75,150,375,12267375
NIFTY-II.NFO,27/02/2025,09:21:38,22730,22727.9,75,22734.9,75,3750,12267375
NIFTY-II.NFO,27/02/2025,09:21:40,22730,22727.7,150,22734.95,375,1125,12349650
NIFTY-II.NFO,27/02/2025,09:21:42,22727.95,22727.7,75,22732.35,225,1050,12349650
NIFTY-II.NFO,27/02/2025,09:21:43,22727.7,22727.7,375,22734.65,300,1875,12349650
NIFTY-II.NFO,27/02/2025,09:21:45,22727.65,22727.65,150,22734.6,300,900,12349650
NIFTY-II.NFO,27/02/2025,09:21:47,22727.65,22730,225,22734.65,300,0,12349650
NIFTY-II.NFO,27/02/2025,09:21:48,22727.65,22730,225,22734.65,300,1350,12349650
NIFTY-II.NFO,27/02/2025,09:21:50,22730,22730,150,22731.65,75,600,12349650
NIFTY-II.NFO,27/02/2025,09:21:51,22731.7,22731.7,75,22734,225,600,12349650
NIFTY-II.NFO,27/02/2025,09:21:53,22730,22729.85,75,22734,150,525,12349650
NIFTY-II.NFO,27/02/2025,09:21:55,22730,22728.95,225,22732.6,75,675,12349650
NIFTY-II.NFO,27/02/2025,09:21:56,22734.2,22729.25,225,22734.65,75,525,12349650
NIFTY-II.NFO,27/02/2025,09:21:58,22732.6,22732.6,375,22734,75,300,12349650
NIFTY-II.NFO,27/02/2025,09:22:00,22733.95,22732.6,375,22733.35,375,375,12349650
NIFTY-II.NFO,27/02/2025,09:22:01,22732.6,22732.85,75,22733,75,2250,12349650
NIFTY-II.NFO,27/02/2025,09:22:03,22732.6,22732.6,75,22733.15,75,225,12349650
NIFTY-II.NFO,27/02/2025,09:22:05,22732,22732,375,22733.1,150,1575,12349650
NIFTY-II.NFO,27/02/2025,09:22:06,22732,22732.65,75,22733,75,150,12349650
NIFTY-II.NFO,27/02/2025,09:22:08,22732.15,22728,75,22732.5,225,1800,12349650
NIFTY-II.NFO,27/02/2025,09:22:10,22732.4,22728.05,75,22732.45,150,150,12349650
NIFTY-II.NFO,27/02/2025,09:22:11,22732.5,22732.85,75,22733,75,675,12349650
NIFTY-II.NFO,27/02/2025,09:22:13,22732.85,22733.35,75,22734,75,600,12349650
NIFTY-II.NFO,27/02/2025,09:22:14,22734.65,22732.5,75,22734.65,75,375,12349650
NIFTY-II.NFO,27/02/2025,09:22:16,22734,22733.75,75,22734,75,450,12349650
NIFTY-II.NFO,27/02/2025,09:22:18,22734,22732.6,450,22734.65,150,150,12349650
NIFTY-II.NFO,27/02/2025,09:22:19,22734,22732.6,450,22734.65,150,0,12349650
NIFTY-II.NFO,27/02/2025,09:22:21,22732.85,22732.85,75,22733.9,150,150,12349650
NIFTY-II.NFO,27/02/2025,09:22:23,22733.95,22733.7,75,22734,150,525,12349650
NIFTY-II.NFO,27/02/2025,09:22:24,22733.7,22732.6,825,22734.7,675,675,12349650
NIFTY-II.NFO,27/02/2025,09:22:26,22735,22732.6,750,22735,75,1800,12349650
NIFTY-II.NFO,27/02/2025,09:22:28,22733.25,22732.6,750,22733.25,75,225,12349650
NIFTY-II.NFO,27/02/2025,09:22:29,22734,22732.6,675,22734,75,675,12349650
NIFTY-II.NFO,27/02/2025,09:22:31,22733.5,22732.6,600,22734.95,75,375,12349650
NIFTY-II.NFO,27/02/2025,09:22:33,22732.6,22732.6,375,22735.9,150,1050,12349650
NIFTY-II.NFO,27/02/2025,09:22:34,22735.9,22732.6,375,22735.95,450,225,12349650
NIFTY-II.NFO,27/02/2025,09:22:36,22735.85,22729.3,525,22735.95,75,1950,12349650
NIFTY-II.NFO,27/02/2025,09:22:38,22729.15,22733,75,22735.9,375,1500,12349650
NIFTY-II.NFO,27/02/2025,09:22:39,22735.8,22729.05,150,22735.25,75,300,12349650
NIFTY-II.NFO,27/02/2025,09:22:41,22735.25,22732.1,75,22735,75,75,12349650
NIFTY-II.NFO,27/02/2025,09:22:43,22735.6,22732.1,75,22735.15,75,225,12349650
NIFTY-II.NFO,27/02/2025,09:22:44,22732.1,22730,300,22735.55,75,375,12349650
NIFTY-II.NFO,27/02/2025,09:22:46,22735.55,22730,225,22735.6,150,225,12349650
NIFTY-II.NFO,27/02/2025,09:22:47,22735.55,22731,75,22735.6,75,75,12349650
NIFTY-II.NFO,27/02/2025,09:22:49,22735.75,22731,75,22735.8,75,150,12349650
NIFTY-II.NFO,27/02/2025,09:22:51,22735.8,22731,75,22735.55,75,75,12349650
NIFTY-II.NFO,27/02/2025,09:22:52,22735.8,22733,450,22735.55,75,0,12349650
NIFTY-II.NFO,27/02/2025,09:22:54,22735.85,22733,300,22735.95,75,600,12349650
NIFTY-II.NFO,27/02/2025,09:22:56,22733,22733,225,22735.95,75,150,12349650
NIFTY-II.NFO,27/02/2025,09:22:57,22733,22733,225,22733.35,150,0,12349650
NIFTY-II.NFO,27/02/2025,09:22:59,22735.5,22734.9,75,22735,75,525,12349650
NIFTY-II.NFO,27/02/2025,09:23:01,22735.55,22733,150,22735.8,675,825,12349650
NIFTY-II.NFO,27/02/2025,09:23:02,22733,22731,150,22735.45,450,450,12349650
NIFTY-II.NFO,27/02/2025,09:23:04,22730,22730,75,22732.9,75,1425,12349650
NIFTY-II.NFO,27/02/2025,09:23:06,22732.9,22730.05,75,22735.8,750,375,12349650
NIFTY-II.NFO,27/02/2025,09:23:07,22734.35,22730.1,150,22734.45,375,300,12349650
NIFTY-II.NFO,27/02/2025,09:23:09,22734.35,22730.1,150,22733.7,150,0,12349650
NIFTY-II.NFO,27/02/2025,09:23:11,22732.9,22730.15,375,22734.95,75,2025,12349650
NIFTY-II.NFO,27/02/2025,09:23:12,22733.9,22730.15,375,22734,75,375,12349650
NIFTY-II.NFO,27/02/2025,09:23:14,22733.9,22730.15,375,22733.5,75,0,12349650
NIFTY-II.NFO,27/02/2025,09:23:16,22733.9,22731,150,22733.5,75,150,12349650
NIFTY-II.NFO,27/02/2025,09:23:17,22733.5,22731,150,22734,150,225,12349650
NIFTY-II.NFO,27/02/2025,09:23:19,22733.5,22733.5,75,22734,225,225,12349650
NIFTY-II.NFO,27/02/2025,09:23:21,22731,22730.15,375,22733.25,150,300,12349650
NIFTY-II.NFO,27/02/2025,09:23:22,22733.9,22730.15,375,22734,225,1875,12349650
NIFTY-II.NFO,27/02/2025,09:23:24,22734.5,22734,150,22734.55,300,5625,12349650
NIFTY-II.NFO,27/02/2025,09:23:26,22734,22730.05,75,22731.3,75,375,12349650
NIFTY-II.NFO,27/02/2025,09:23:27,22734,22730.05,75,22731.3,75,0,12349650
NIFTY-II.NFO,27/02/2025,09:23:29,22728,22728,150,22732.65,150,975,12349650
NIFTY-II.NFO,27/02/2025,09:23:31,22732.95,22731,75,22733.25,75,2250,12349650
NIFTY-II.NFO,27/02/2025,09:23:32,22731,22730,75,22733.25,75,75,12349650
NIFTY-II.NFO,27/02/2025,09:23:34,22731,22731,75,22733.25,225,225,12349650
NIFTY-II.NFO,27/02/2025,09:23:35,22731,22728.4,1800,22733.25,150,75,12349650
NIFTY-II.NFO,27/02/2025,09:23:37,22732.45,22728.4,1800,22732.8,375,150,12349650
NIFTY-II.NFO,27/02/2025,09:23:39,22732.85,22731,75,22732.5,75,225,12349650
NIFTY-II.NFO,27/02/2025,09:23:40,22731.35,22731,75,22731.3,75,150,12349650
NIFTY-II.NFO,27/02/2025,09:23:42,22733.5,22728.4,1575,22731.3,75,1200,12349650
NIFTY-II.NFO,27/02/2025,09:23:44,22731.35,22728.4,1500,22732.8,75,225,12349650
NIFTY-II.NFO,27/02/2025,09:23:45,22731.25,22730,300,22731.25,75,225,12349650
NIFTY-II.NFO,27/02/2025,09:23:47,22731.25,22730,225,22731.25,75,225,12349650
NIFTY-II.NFO,27/02/2025,09:23:49,22730,22730,225,22732.05,75,1500,12349650
NIFTY-II.NFO,27/02/2025,09:23:50,22732,22730,225,22732.15,375,300,12349650
NIFTY-II.NFO,27/02/2025,09:23:52,22732.05,22730,225,22732.15,450,75,12349650
NIFTY-II.NFO,27/02/2025,09:23:54,22728.3,22730,150,22732.15,600,2700,12349650
NIFTY-II.NFO,27/02/2025,09:23:55,22732.15,22730,900,22732.45,525,75,12349650
NIFTY-II.NFO,27/02/2025,09:23:57,22730,22730,75,22731.1,225,825,12349650
NIFTY-II.NFO,27/02/2025,09:23:59,22730,22730,75,22730.95,150,150,12349650
NIFTY-II.NFO,27/02/2025,09:24:00,22728.4,22728,225,22729.5,75,300,12349650
NIFTY-II.NFO,27/02/2025,09:24:02,22727,22727,1050,22729.65,600,675,12349650
NIFTY-II.NFO,27/02/2025,09:24:04,22728,22727,1050,22728.95,150,450,12349650
NIFTY-II.NFO,27/02/2025,09:24:05,22728.4,22727,1050,22728.5,375,1800,12349650
NIFTY-II.NFO,27/02/2025,09:24:07,22728.65,22727,975,22728.65,225,975,12349650
NIFTY-II.NFO,27/02/2025,09:24:08,22725.45,22725.45,75,22727.3,75,1050,12349650
NIFTY-II.NFO,27/02/2025,09:24:10,22725.2,22725.2,1425,22725.25,75,1800,12349650
NIFTY-II.NFO,27/02/2025,09:24:12,22725.2,22725.2,900,22725.25,75,525,12349650
NIFTY-II.NFO,27/02/2025,09:24:13,22720,22720,1200,22723.25,525,3150,12349650
NIFTY-II.NFO,27/02/2025,09:24:15,22722.9,22720,975,22722.9,300,750,12349650
NIFTY-II.NFO,27/02/2025,09:24:17,22720,22720,750,22721.9,300,1800,12349650
NIFTY-II.NFO,27/02/2025,09:24:18,22720,22720,225,22722.75,150,1800,12349650
NIFTY-II.NFO,27/02/2025,09:24:20,22720,22717.7,300,22722.45,150,225,12349650
NIFTY-II.NFO,27/02/2025,09:24:22,22717.2,22717.2,300,22721.9,75,600,12349650
NIFTY-II.NFO,27/02/2025,09:24:23,22721.9,22716.05,75,22721.9,225,825,12349650
NIFTY-II.NFO,27/02/2025,09:24:25,22713.25,22713.05,75,22719.4,225,600,12349650
NIFTY-II.NFO,27/02/2025,09:24:27,22719.4,22714.05,75,22719.55,150,375,12349650
NIFTY-II.NFO,27/02/2025,09:24:28,22714.1,22715.05,75,22719.95,150,75,12349650
NIFTY-II.NFO,27/02/2025,09:24:30,22714.1,22714.05,75,22719.9,150,2025,12349650
NIFTY-II.NFO,27/02/2025,09:24:32,22714.1,22712.05,75,22717.85,225,0,12349650
NIFTY-II.NFO,27/02/2025,09:24:33,22714.1,22711.15,75,22715.25,300,0,12349650
NIFTY-II.NFO,27/02/2025,09:24:35,22714.2,22711,225,22714.3,300,975,12349650
NIFTY-II.NFO,27/02/2025,09:24:37,22710,22710,975,22712.7,225,750,12349650
NIFTY-II.NFO,27/02/2025,09:24:38,22710,22710,900,22712.25,75,150,12349650
NIFTY-II.NFO,27/02/2025,09:24:40,22713.95,22710.25,75,22711.75,75,1800,12349650
NIFTY-II.NFO,27/02/2025,09:24:41,22710.25,22710,975,22712.9,150,225,12399825
NIFTY-II.NFO,27/02/2025,09:24:43,22712.6,22710.1,225,22714.4,225,150,12399825
NIFTY-II.NFO,27/02/2025,09:24:45,22710.1,22710.05,150,22712.6,225,75,12399825
NIFTY-II.NFO,27/02/2025,09:24:46,22712.5,22710,975,22712.55,150,750,12399825
NIFTY-II.NFO,27/02/2025,09:24:48,22712.5,22710,750,22712.6,75,1050,12399825
NIFTY-II.NFO,27/02/2025,09:24:50,22712,22712,75,22712.25,75,975,12399825
NIFTY-II.NFO,27/02/2025,09:24:51,22713,22712.5,75,22713.5,75,450,12399825
NIFTY-II.NFO,27/02/2025,09:24:53,22713.5,22713.25,75,22714.4,225,900,12399825
NIFTY-II.NFO,27/02/2025,09:24:55,22713,22711.9,75,22717.8,525,1575,12399825
NIFTY-II.NFO,27/02/2025,09:24:56,22711.85,22711.85,75,22717.1,150,300,12399825
NIFTY-II.NFO,27/02/2025,09:24:58,22711.85,22711.85,75,22715.95,75,0,12399825
NIFTY-II.NFO,27/02/2025,09:24:59,22711.85,22711.85,75,22716.1,75,0,12399825
NIFTY-II.NFO,27/02/2025,09:25:01,22715.95,22710.1,75,22714.95,75,375,12399825
NIFTY-II.NFO,27/02/2025,09:25:03,22710.1,22710.05,225,22714.9,75,2100,12399825
NIFTY-II.NFO,27/02/2025,09:25:04,22711,22706.05,75,22712.9,300,3825,12399825
NIFTY-II.NFO,27/02/2025,09:25:06,22712.8,22705.5,75,22712,150,2250,12399825
NIFTY-II.NFO,27/02/2025,09:25:08,22710.35,22708.7,150,22714.2,225,150,12399825
NIFTY-II.NFO,27/02/2025,09:25:09,22712.8,22710.35,75,22714.15,75,150,12399825
NIFTY-II.NFO,27/02/2025,09:25:11,22715.3,22712,75,22714.95,75,900,12399825
NIFTY-II.NFO,27/02/2025,09:25:13,22715.3,22712,75,22714.55,150,0,12399825
NIFTY-II.NFO,27/02/2025,09:25:14,22712,22710.35,75,22713.75,225,450,12399825
NIFTY-II.NFO,27/02/2025,09:25:16,22713.65,22710.05,375,22713.35,300,525,12399825
NIFTY-II.NFO,27/02/2025,09:25:18,22713.5,22713.5,225,22714.75,75,675,12399825
NIFTY-II.NFO,27/02/2025,09:25:19,22713.5,22710.05,300,22714.8,150,225,12399825
NIFTY-II.NFO,27/02/2025,09:25:21,22713.4,22713.4,75,22714.8,150,2025,12399825
NIFTY-II.NFO,27/02/2025,09:25:23,22713.4,22711,1725,22713.4,75,75,12399825
NIFTY-II.NFO,27/02/2025,09:25:24,22713.3,22711,1875,22713.3,75,225,12399825
NIFTY-II.NFO,27/02/2025,09:25:26,22714.95,22711,1875,22715,75,450,12399825
NIFTY-II.NFO,27/02/2025,09:25:28,22715,22712,150,22715.35,150,300,12399825
NIFTY-II.NFO,27/02/2025,09:25:29,22714.7,22708,300,22714.55,150,3750,12399825
NIFTY-II.NFO,27/02/2025,09:25:31,22713.2,22710.05,75,22713.4,75,225,12399825
NIFTY-II.NFO,27/02/2025,09:25:33,22714,22713.5,75,22715.45,75,450,12399825
NIFTY-II.NFO,27/02/2025,09:25:34,22715.45,22710.25,300,22715.75,150,150,12399825
NIFTY-II.NFO,27/02/2025,09:25:36,22713.4,22711,75,22715,75,300,12399825
NIFTY-II.NFO,27/02/2025,09:25:37,22713.4,22714,75,22715,75,0,12399825
NIFTY-II.NFO,27/02/2025,09:25:39,22714,22713.2,75,22714.95,75,75,12399825
NIFTY-II.NFO,27/02/2025,09:25:41,22713.2,22711,300,22714.5,150,150,12399825
NIFTY-II.NFO,27/02/2025,09:25:42,22715.95,22711,300,22715.4,150,2775,12399825
NIFTY-II.NFO,27/02/2025,09:25:44,22715.95,22715,75,22716.25,150,0,12399825
NIFTY-II.NFO,27/02/2025,09:25:46,22716.2,22715,75,22716.25,225,300,12399825
NIFTY-II.NFO,27/02/2025,09:25:47,22715,22711,300,22716.25,225,75,12399825
NIFTY-II.NFO,27/02/2025,09:25:49,22716.65,22711.1,150,22716.25,150,1125,12399825
NIFTY-II.NFO,27/02/2025,09:25:50,22715,22715,225,22716.25,225,75,12399825
NIFTY-II.NFO,27/02/2025,09:25:52,22716.25,22715,75,22716.65,150,450,12399825
NIFTY-II.NFO,27/02/2025,09:25:54,22716.65,22715,225,22715.3,75,1275,12399825
NIFTY-II.NFO,27/02/2025,09:25:55,22715.95,22712.1,150,22717.25,150,900,12399825
NIFTY-II.NFO,27/02/2025,09:25:57,22715.05,22712.1,75,22716.9,150,225,12399825
NIFTY-II.NFO,27/02/2025,09:25:59,22714.95,22712.1,75,22715.75,150,675,12399825
NIFTY-II.NFO,27/02/2025,09:26:00,22716.9,22712.35,150,22716.25,150,1425,12399825
NIFTY-II.NFO,27/02/2025,09:26:02,22716.65,22712.35,75,22716.65,150,150,12399825
NIFTY-II.NFO,27/02/2025,09:26:04,22714.9,22712.35,150,22714.95,75,450,12399825
NIFTY-II.NFO,27/02/2025,09:26:05,22714.7,22714.35,75,22715,75,1425,12399825
NIFTY-II.NFO,27/02/2025,09:26:07,22714.95,22714.7,75,22715,75,150,12399825
NIFTY-II.NFO,27/02/2025,09:26:09,22714.7,22714.35,75,22716.85,150,150,12399825
NIFTY-II.NFO,27/02/2025,09:26:10,22716.85,22714.35,75,22716.85,150,150,12399825
NIFTY-II.NFO,27/02/2025,09:26:12,22713,22713,75,22716.9,150,300,12399825
NIFTY-II.NFO,27/02/2025,09:26:14,22716.8,22714.7,150,22716.45,375,150,12399825
NIFTY-II.NFO,27/02/2025,09:26:15,22714.7,22713,300,22716.1,750,300,12399825
NIFTY-II.NFO,27/02/2025,09:26:17,22715.45,22713,300,22714.95,75,300,12399825
NIFTY-II.NFO,27/02/2025,09:26:18,22715.45,22713,300,22714.85,75,2025,12399825
NIFTY-II.NFO,27/02/2025,09:26:20,22713,22713,150,22714.8,150,225,12399825
NIFTY-II.NFO,27/02/2025,09:26:22,22711.55,22711.05,300,22711.6,150,900,12399825
NIFTY-II.NFO,27/02/2025,09:26:23,22711.6,22711.05,225,22711.6,150,750,12399825
NIFTY-II.NFO,27/02/2025,09:26:25,22712.25,22711.45,75,22713.75,150,1875,12399825
NIFTY-II.NFO,27/02/2025,09:26:26,22712.25,22710.05,825,22714.35,150,0,12399825
NIFTY-II.NFO,27/02/2025,09:26:28,22712.25,22711.55,75,22714.65,150,825,12399825
NIFTY-II.NFO,27/02/2025,09:26:30,22714.1,22710.05,825,22714.1,150,1200,12399825
NIFTY-II.NFO,27/02/2025,09:26:31,22714.1,22710.1,375,22713.7,150,1950,12399825
NIFTY-II.NFO,27/02/2025,09:26:33,22713.05,22710.1,300,22713.05,75,150,12399825
NIFTY-II.NFO,27/02/2025,09:26:34,22712.05,22712.05,150,22713.8,150,150,12399825
NIFTY-II.NFO,27/02/2025,09:26:36,22712,22712,225,22713.75,150,2250,12399825
NIFTY-II.NFO,27/02/2025,09:26:38,22712,22710.05,825,22713.75,75,300,12399825
NIFTY-II.NFO,27/02/2025,09:26:39,22713.1,22712,225,22713.1,75,600,12399825
NIFTY-II.NFO,27/02/2025,09:26:41,22711.2,22710.05,675,22711.95,150,525,12399825
NIFTY-II.NFO,27/02/2025,09:26:42,22710.05,22710.05,225,22712,75,600,12399825
NIFTY-II.NFO,27/02/2025,09:26:44,22710.05,22710.05,225,22712,150,0,12399825
NIFTY-II.NFO,27/02/2025,09:26:46,22710.05,22711.05,75,22712.4,75,2475,12399825
NIFTY-II.NFO,27/02/2025,09:26:47,22711.95,22710,750,22711.9,150,225,12399825
NIFTY-II.NFO,27/02/2025,09:26:49,22710,22710,525,22711.95,75,375,12399825
NIFTY-II.NFO,27/02/2025,09:26:51,22710,22710,75,22710.95,150,1125,12399825
NIFTY-II.NFO,27/02/2025,09:26:52,22709.9,22705,375,22709.9,75,600,12399825
NIFTY-II.NFO,27/02/2025,09:26:54,22709.9,22705.05,375,22709.9,75,450,12399825
NIFTY-II.NFO,27/02/2025,09:26:55,22709.95,22705,150,22709.35,300,75,12399825
NIFTY-II.NFO,27/02/2025,09:26:57,22705,22705,75,22709.2,225,375,12399825
NIFTY-II.NFO,27/02/2025,09:26:59,22709.55,22706,75,22709.2,150,1125,12399825
NIFTY-II.NFO,27/02/2025,09:27:00,22705,22705,75,22708.55,150,1050,12399825
NIFTY-II.NFO,27/02/2025,09:27:02,22703.3,22703.15,150,22709.2,150,2550,12399825
NIFTY-II.NFO,27/02/2025,09:27:04,22709.15,22703.45,300,22709.6,150,300,12399825
NIFTY-II.NFO,27/02/2025,09:27:05,22708.8,22705,75,22710,225,150,12399825
NIFTY-II.NFO,27/02/2025,09:27:07,22708.3,22704.05,525,22708.3,225,1050,12399825
NIFTY-II.NFO,27/02/2025,09:27:09,22708.3,22703.3,75,22708.9,150,0,12399825
NIFTY-II.NFO,27/02/2025,09:27:10,22709.6,22708.3,75,22709.15,150,1650,12399825
NIFTY-II.NFO,27/02/2025,09:27:12,22708.95,22703.25,150,22709,150,375,12399825
NIFTY-II.NFO,27/02/2025,09:27:13,22709.6,22705.05,150,22710,225,225,12399825
NIFTY-II.NFO,27/02/2025,09:27:15,22710.3,22704.2,300,22710.3,150,1050,12399825
NIFTY-II.NFO,27/02/2025,09:27:17,22704.75,22704.6,150,22710,225,225,12399825
NIFTY-II.NFO,27/02/2025,09:27:18,22710.3,22705,75,22710.3,150,1575,12399825
NIFTY-II.NFO,27/02/2025,09:27:20,22703.9,22704.05,375,22708.15,150,225,12399825
NIFTY-II.NFO,27/02/2025,09:27:22,22704.35,22704.35,300,22708.2,375,75,12399825
NIFTY-II.NFO,27/02/2025,09:27:23,22708.2,22707.8,75,22708.25,225,300,12399825
NIFTY-II.NFO,27/02/2025,09:27:25,22713.9,22708.25,75,22710.35,150,4050,12399825
NIFTY-II.NFO,27/02/2025,09:27:26,22713.9,22709.6,75,22711.8,150,225,12399825
NIFTY-II.NFO,27/02/2025,09:27:28,22707.55,22707.05,300,22713.2,225,675,12399825
NIFTY-II.NFO,27/02/2025,09:27:30,22714,22707.1,150,22713.25,75,750,12399825
NIFTY-II.NFO,27/02/2025,09:27:31,22710.7,22707.6,300,22711.75,75,150,12399825
NIFTY-II.NFO,27/02/2025,09:27:33,22706.85,22706.15,375,22711.2,150,1800,12399825
NIFTY-II.NFO,27/02/2025,09:27:35,22711.7,22707,75,22712.2,150,450,12399825
NIFTY-II.NFO,27/02/2025,09:27:36,22707,22706.3,150,22712.15,150,1350,12399825
NIFTY-II.NFO,27/02/2025,09:27:38,22712.15,22707,150,22712.15,300,75,12399825
NIFTY-II.NFO,27/02/2025,09:27:39,22712.55,22712.2,525,22712.65,1050,375,12399825
NIFTY-II.NFO,27/02/2025,09:27:41,22710.7,22707,150,22711.85,450,600,12399825
NIFTY-II.NFO,27/02/2025,09:27:43,22707,22707,75,22712.15,750,675,12452625
NIFTY-II.NFO,27/02/2025,09:27:44,22708,22707.1,75,22711.05,75,75,12452625
NIFTY-II.NFO,27/02/2025,09:27:46,22707.1,22707,75,22709.5,225,150,12452625
NIFTY-II.NFO,27/02/2025,09:27:47,22707,22706.85,225,22709.5,375,75,12452625
NIFTY-II.NFO,27/02/2025,09:27:49,22709,22707,75,22709.85,750,300,12452625
NIFTY-II.NFO,27/02/2025,09:27:51,22706.85,22706.2,75,22707,75,300,12452625
NIFTY-II.NFO,27/02/2025,09:27:52,22706.85,22706.2,75,22707,75,75,12452625
NIFTY-II.NFO,27/02/2025,09:27:54,22708,22706.2,75,22709.85,1050,225,12452625
NIFTY-II.NFO,27/02/2025,09:27:56,22708,22708,75,22709.3,75,75,12452625
NIFTY-II.NFO,27/02/2025,09:27:57,22703.6,22703.25,150,22709.1,675,2025,12452625
NIFTY-II.NFO,27/02/2025,09:27:59,22707.6,22703,300,22707.65,150,750,12452625
NIFTY-II.NFO,27/02/2025,09:28:01,22707.95,22701.95,150,22707.55,225,2400,12452625
NIFTY-II.NFO,27/02/2025,09:28:02,22707.55,22702.5,300,22707.15,150,1950,12452625
NIFTY-II.NFO,27/02/2025,09:28:04,22702.6,22702.05,75,22707,150,375,12452625
NIFTY-II.NFO,27/02/2025,09:28:06,22708.65,22702.05,225,22708.2,150,375,12452625
NIFTY-II.NFO,27/02/2025,09:28:07,22707.65,22703,750,22707.95,75,675,12452625
NIFTY-II.NFO,27/02/2025,09:28:09,22703,22703,675,22708.35,300,300,12452625
NIFTY-II.NFO,27/02/2025,09:28:10,22703,22703,675,22707.8,300,0,12452625
NIFTY-II.NFO,27/02/2025,09:28:12,22707.6,22703,900,22707.55,75,75,12452625
NIFTY-II.NFO,27/02/2025,09:28:14,22707.3,22703.45,300,22708.8,75,675,12452625
NIFTY-II.NFO,27/02/2025,09:28:16,22708.8,22703.35,300,22709.25,225,150,12452625
NIFTY-II.NFO,27/02/2025,09:28:17,22708.8,22707.55,750,22709.25,225,150,12452625
NIFTY-II.NFO,27/02/2025,09:28:19,22707.55,22707.55,675,22708.2,225,375,12452625
NIFTY-II.NFO,27/02/2025,09:28:20,22707.6,22705,225,22707.6,150,1125,12452625
NIFTY-II.NFO,27/02/2025,09:28:22,22705,22705,225,22705.2,300,75,12452625
NIFTY-II.NFO,27/02/2025,09:28:24,22705,22704.95,75,22705.2,150,300,12452625
NIFTY-II.NFO,27/02/2025,09:28:25,22704.9,22704.9,75,22705.2,150,1125,12452625
NIFTY-II.NFO,27/02/2025,09:28:27,22707.4,22705,75,22707.4,225,900,12452625
NIFTY-II.NFO,27/02/2025,09:28:29,22707.6,22705,75,22708,375,825,12452625
NIFTY-II.NFO,27/02/2025,09:28:30,22701.9,22703,75,22707.8,150,4125,12452625
NIFTY-II.NFO,27/02/2025,09:28:32,22705,22704.9,75,22708.15,225,300,12452625
NIFTY-II.NFO,27/02/2025,09:28:34,22702.25,22702,375,22708,150,375,12452625
NIFTY-II.NFO,27/02/2025,09:28:35,22707.6,22702.1,75,22708,225,225,12452625
NIFTY-II.NFO,27/02/2025,09:28:37,22702.85,22702.65,75,22708,225,225,12452625
NIFTY-II.NFO,27/02/2025,09:28:39,22702.4,22702.35,375,22708,225,1575,12452625
NIFTY-II.NFO,27/02/2025,09:28:40,22705.7,22702.4,300,22707.95,75,225,12452625
NIFTY-II.NFO,27/02/2025,09:28:42,22707,22702.65,375,22707,150,150,12452625
NIFTY-II.NFO,27/02/2025,09:28:44,22708,22703.9,300,22707.9,150,750,12452625
NIFTY-II.NFO,27/02/2025,09:28:45,22708,22703.9,375,22708.2,225,0,12452625
NIFTY-II.NFO,27/02/2025,09:28:47,22708.2,22703.85,300,22707,75,150,12452625
NIFTY-II.NFO,27/02/2025,09:28:49,22703.9,22703.9,225,22707.45,150,4050,12452625
NIFTY-II.NFO,27/02/2025,09:28:50,22707.45,22705,75,22707.45,150,1950,12452625
NIFTY-II.NFO,27/02/2025,09:28:52,22705,22707.05,300,22708,75,225,12452625
NIFTY-II.NFO,27/02/2025,09:28:54,22706.2,22705.1,375,22708,75,825,12452625
NIFTY-II.NFO,27/02/2025,09:28:55,22707,22706.7,375,22707,1650,150,12452625
NIFTY-II.NFO,27/02/2025,09:28:57,22707,22707.15,75,22708,150,4050,12452625
NIFTY-II.NFO,27/02/2025,09:28:59,22706,22706,450,22708.2,225,1350,12452625
NIFTY-II.NFO,27/02/2025,09:29:00,22707,22706,450,22707,75,375,12452625
NIFTY-II.NFO,27/02/2025,09:29:02,22703.6,22703.75,150,22709.3,225,1875,12452625
NIFTY-II.NFO,27/02/2025,09:29:04,22708,22708,75,22710,375,375,12452625
NIFTY-II.NFO,27/02/2025,09:29:05,22708,22707,225,22710,375,75,12452625
NIFTY-II.NFO,27/02/2025,09:29:07,22708,22707,225,22709.95,300,0,12452625
NIFTY-II.NFO,27/02/2025,09:29:08,22703.45,22703.5,75,22708.2,225,1950,12452625
NIFTY-II.NFO,27/02/2025,09:29:10,22703.5,22703.7,300,22708.2,225,75,12452625
NIFTY-II.NFO,27/02/2025,09:29:12,22708.2,22703.45,375,22708.25,75,150,12452625
NIFTY-II.NFO,27/02/2025,09:29:13,22703.45,22703.45,300,22708.2,225,75,12452625
NIFTY-II.NFO,27/02/2025,09:29:15,22703.45,22704,150,22708.2,225,0,12452625
NIFTY-II.NFO,27/02/2025,09:29:16,22708.2,22706,75,22708.2,300,225,12452625
NIFTY-II.NFO,27/02/2025,09:29:18,22708.15,22706,75,22708.2,300,225,12452625
NIFTY-II.NFO,27/02/2025,09:29:20,22706,22703.3,375,22708.15,300,75,12452625
NIFTY-II.NFO,27/02/2025,09:29:21,22706,22703.5,150,22707.4,150,0,12452625
NIFTY-II.NFO,27/02/2025,09:29:23,22707.5,22704.75,75,22707.5,225,150,12452625
NIFTY-II.NFO,27/02/2025,09:29:24,22706.5,22704.75,75,22708.15,300,300,12452625
NIFTY-II.NFO,27/02/2025,09:29:26,22704.75,22704,150,22704.75,375,225,12452625
NIFTY-II.NFO,27/02/2025,09:29:28,22704,22703,300,22705.95,300,2250,12452625
NIFTY-II.NFO,27/02/2025,09:29:29,22705.95,22703,300,22704.9,300,75,12452625
NIFTY-II.NFO,27/02/2025,09:29:31,22703,22703,225,22704.45,450,75,12452625
NIFTY-II.NFO,27/02/2025,09:29:32,22704.5,22704,75,22704.65,150,375,12452625
NIFTY-II.NFO,27/02/2025,09:29:34,22704,22703,150,22704,75,225,12452625
NIFTY-II.NFO,27/02/2025,09:29:36,22704,22703,150,22703.65,375,0,12452625
NIFTY-II.NFO,27/02/2025,09:29:37,22703.5,22702,375,22705.5,150,1200,12452625
NIFTY-II.NFO,27/02/2025,09:29:39,22703.5,22704.5,75,22705.95,225,0,12452625
NIFTY-II.NFO,27/02/2025,09:29:41,22704.05,22702,300,22704.05,150,450,12452625
NIFTY-II.NFO,27/02/2025,09:29:42,22704.05,22702,300,22703.45,225,75,12452625
NIFTY-II.NFO,27/02/2025,09:29:44,22703.45,22702,300,22703.45,150,75,12452625
NIFTY-II.NFO,27/02/2025,09:29:45,22703.45,22702,300,22703.45,150,0,12452625
NIFTY-II.NFO,27/02/2025,09:29:49,22703.4,22702,150,22703.4,75,600,12452625
NIFTY-II.NFO,27/02/2025,09:29:50,22704.65,22702,150,22703.95,150,750,12452625
NIFTY-II.NFO,27/02/2025,09:29:52,22704.65,22702,225,22703.95,225,0,12452625
NIFTY-II.NFO,27/02/2025,09:29:53,22703.1,22702,150,22703.1,150,150,12452625
NIFTY-II.NFO,27/02/2025,09:29:55,22703.05,22702.1,75,22703.1,300,450,12452625
NIFTY-II.NFO,27/02/2025,09:29:57,22703.1,22701.1,75,22703.15,75,1125,12452625
NIFTY-II.NFO,27/02/2025,09:29:58,22703.15,22703,1050,22704,150,600,12452625
NIFTY-II.NFO,27/02/2025,09:30:00,22703,22703,600,22703.1,75,525,12452625
NIFTY-II.NFO,27/02/2025,09:30:01,22703.05,22702,450,22703.1,75,675,12452625
NIFTY-II.NFO,27/02/2025,09:30:03,22702,22702,300,22703.15,600,300,12452625
NIFTY-II.NFO,27/02/2025,09:30:05,22703.1,22701.1,75,22702.9,150,375,12452625
NIFTY-II.NFO,27/02/2025,09:30:06,22702.95,22702.55,75,22703.15,450,300,12452625
NIFTY-II.NFO,27/02/2025,09:30:08,22701.05,22703.2,75,22703.6,150,1350,12452625
NIFTY-II.NFO,27/02/2025,09:30:10,22703.95,22703.8,75,22704.1,75,300,12452625
NIFTY-II.NFO,27/02/2025,09:30:11,22704.1,22703.6,150,22704.1,75,450,12452625
NIFTY-II.NFO,27/02/2025,09:30:13,22704.95,22703.1,150,22705,150,450,12452625
NIFTY-II.NFO,27/02/2025,09:30:15,22705,22703.95,75,22705,150,150,12452625
NIFTY-II.NFO,27/02/2025,09:30:16,22705,22702,225,22705.15,150,1275,12452625
NIFTY-II.NFO,27/02/2025,09:30:18,22704.95,22702,225,22704.95,75,225,12452625
NIFTY-II.NFO,27/02/2025,09:30:19,22705,22702,225,22705.75,375,75,12452625
NIFTY-II.NFO,27/02/2025,09:30:21,22705.75,22702,225,22705.75,225,150,12452625
NIFTY-II.NFO,27/02/2025,09:30:23,22705.6,22703,75,22705.55,225,150,12452625
NIFTY-II.NFO,27/02/2025,09:30:24,22705.6,22703,75,22705.55,225,1350,12452625
NIFTY-II.NFO,27/02/2025,09:30:26,22705.55,22705,1575,22706.05,225,75,12452625
NIFTY-II.NFO,27/02/2025,09:30:27,22705,22705,1500,22706.1,150,300,12452625
NIFTY-II.NFO,27/02/2025,09:30:29,22706.1,22705,1275,22706.45,150,375,12452625
NIFTY-II.NFO,27/02/2025,09:30:30,22706.95,22705,1200,22707,525,375,12452625
NIFTY-II.NFO,27/02/2025,09:30:32,22706.35,22702,225,22706.4,375,1725,12452625
NIFTY-II.NFO,27/02/2025,09:30:34,22706.75,22702.15,75,22706.15,150,150,12452625
NIFTY-II.NFO,27/02/2025,09:30:35,22702,22702,150,22706.7,150,225,12452625
NIFTY-II.NFO,27/02/2025,09:30:37,22706.7,22702,150,22706.75,375,150,12452625
NIFTY-II.NFO,27/02/2025,09:30:39,22702,22701.1,75,22706.55,150,975,12452625
NIFTY-II.NFO,27/02/2025,09:30:40,22706,22702.05,225,22707.3,150,300,12452625
NIFTY-II.NFO,27/02/2025,09:30:42,22702.05,22702.05,75,22706.5,225,150,12486525
NIFTY-II.NFO,27/02/2025,09:30:43,22702.05,22702.05,75,22706.5,225,375,12486525
NIFTY-II.NFO,27/02/2025,09:30:45,22706.4,22705,300,22706.4,75,75,12486525
NIFTY-II.NFO,27/02/2025,09:30:47,22704.95,22702.05,75,22704.95,75,600,12486525
NIFTY-II.NFO,27/02/2025,09:30:48,22706.3,22705,150,22706.45,150,750,12486525
NIFTY-II.NFO,27/02/2025,09:30:50,22703,22702.05,75,22706.45,150,600,12486525
NIFTY-II.NFO,27/02/2025,09:30:52,22702.05,22702,450,22706.4,150,450,12486525
NIFTY-II.NFO,27/02/2025,09:30:53,22706.35,22702,525,22706.35,75,600,12486525
NIFTY-II.NFO,27/02/2025,09:30:55,22706.35,22703,75,22706.3,150,0,12486525
NIFTY-II.NFO,27/02/2025,09:30:57,22706.25,22703,75,22706.25,75,525,12486525
NIFTY-II.NFO,27/02/2025,09:30:58,22705.8,22705.55,75,22705.8,225,300,12486525
NIFTY-II.NFO,27/02/2025,09:31:00,22705.55,22703,75,22705.75,150,600,12486525
NIFTY-II.NFO,27/02/2025,09:31:01,22705.75,22703,300,22706.3,150,525,12486525
NIFTY-II.NFO,27/02/2025,09:31:03,22706.2,22703,225,22706.05,150,1050,12486525
NIFTY-II.NFO,27/02/2025,09:31:05,22703,22704.65,150,22705.45,150,375,12486525
NIFTY-II.NFO,27/02/2025,09:31:06,22704.7,22702,150,22704.7,150,750,12486525
NIFTY-II.NFO,27/02/2025,09:31:08,22704.7,22702,150,22704.05,375,75,12486525
NIFTY-II.NFO,27/02/2025,09:31:10,22703.9,22702,75,22703.9,75,150,12486525
NIFTY-II.NFO,27/02/2025,09:31:11,22702,22701.1,75,22702.95,75,225,12486525
NIFTY-II.NFO,27/02/2025,09:31:13,22702.9,22701,900,22702.9,75,600,12486525
NIFTY-II.NFO,27/02/2025,09:31:14,22702.9,22701.05,375,22702.85,225,0,12486525
NIFTY-II.NFO,27/02/2025,09:31:16,22702.05,22701.05,225,22702.8,150,375,12486525
NIFTY-II.NFO,27/02/2025,09:31:18,22701.05,22701.05,75,22702.05,150,600,12486525
NIFTY-II.NFO,27/02/2025,09:31:19,22702,22701.05,75,22702,75,75,12486525
NIFTY-II.NFO,27/02/2025,09:31:21,22701.95,22701.05,75,22702,75,150,12486525
NIFTY-II.NFO,27/02/2025,09:31:22,22701,22700.5,75,22702.85,75,1125,12486525
NIFTY-II.NFO,27/02/2025,09:31:24,22700.5,22700.6,300,22701.05,75,75,12486525
NIFTY-II.NFO,27/02/2025,09:31:26,22702,22702,150,22702.05,150,1200,12486525
NIFTY-II.NFO,27/02/2025,09:31:27,22699.7,22699.7,300,22700,150,5025,12486525
NIFTY-II.NFO,27/02/2025,09:31:29,22699.7,22699.7,300,22700,150,0,12486525
NIFTY-II.NFO,27/02/2025,09:31:30,22701.5,22701.5,75,22701.9,75,375,12486525
NIFTY-II.NFO,27/02/2025,09:31:32,22701.5,22701.5,150,22701.9,75,1650,12486525
NIFTY-II.NFO,27/02/2025,09:31:34,22701.5,22701.9,75,22702.65,150,375,12486525
NIFTY-II.NFO,27/02/2025,09:31:35,22702,22701.9,75,22702,75,675,12486525
NIFTY-II.NFO,27/02/2025,09:31:37,22702.9,22701.9,75,22702.8,150,1875,12486525
NIFTY-II.NFO,27/02/2025,09:31:39,22704.8,22701.95,300,22704.8,75,1125,12486525
NIFTY-II.NFO,27/02/2025,09:31:40,22706.35,22706.95,75,22707.2,150,1050,12486525
NIFTY-II.NFO,27/02/2025,09:31:42,22706.95,22702.75,300,22707.55,150,450,12486525
NIFTY-II.NFO,27/02/2025,09:31:43,22707.75,22702,150,22706.7,375,675,12486525
NIFTY-II.NFO,27/02/2025,09:31:45,22707.95,22706.25,75,22707.7,150,900,12486525
NIFTY-II.NFO,27/02/2025,09:31:47,22706.35,22705.1,3000,22708.05,600,225,12486525
NIFTY-II.NFO,27/02/2025,09:31:48,22706.2,22705.1,3000,22706,75,75,12486525
NIFTY-II.NFO,27/02/2025,09:31:50,22705.6,22705.1,3000,22705.55,525,600,12486525
NIFTY-II.NFO,27/02/2025,09:31:51,22705.1,22705.1,2400,22705.45,150,825,12486525
NIFTY-II.NFO,27/02/2025,09:31:53,22705.4,22705.1,3000,22706,150,525,12486525
NIFTY-II.NFO,27/02/2025,09:31:55,22707.1,22706,150,22707.45,150,900,12486525
NIFTY-II.NFO,27/02/2025,09:31:56,22706.5,22706.25,750,22706.75,375,225,12486525
NIFTY-II.NFO,27/02/2025,09:31:58,22707.05,22706.25,750,22706.55,750,150,12486525
NIFTY-II.NFO,27/02/2025,09:32:00,22707.3,22706.75,150,22707.05,750,600,12486525
NIFTY-II.NFO,27/02/2025,09:32:01,22707.3,22706.5,75,22707.3,75,900,12486525
NIFTY-II.NFO,27/02/2025,09:32:03,22707.35,22706,225,22707.4,150,150,12486525
NIFTY-II.NFO,27/02/2025,09:32:05,22706.7,22706,225,22706.75,1050,450,12486525
NIFTY-II.NFO,27/02/2025,09:32:06,22706.5,22705.1,2175,22706.7,150,750,12486525
NIFTY-II.NFO,27/02/2025,09:32:08,22706.75,22706.5,75,22706.75,900,300,12486525
NIFTY-II.NFO,27/02/2025,09:32:10,22706.25,22706.5,75,22706.7,150,450,12486525
NIFTY-II.NFO,27/02/2025,09:32:11,22706.8,22705.1,1350,22706.95,150,1125,12486525
NIFTY-II.NFO,27/02/2025,09:32:13,22706.95,22705.1,1350,22706.95,75,150,12486525
NIFTY-II.NFO,27/02/2025,09:32:14,22707.25,22705.1,2025,22707.25,150,375,12486525
NIFTY-II.NFO,27/02/2025,09:32:16,22707,22705.1,1725,22707.2,150,375,12486525
NIFTY-II.NFO,27/02/2025,09:32:18,22707.2,22706.25,675,22707.9,75,225,12486525
NIFTY-II.NFO,27/02/2025,09:32:19,22707.2,22707.2,75,22707.95,150,0,12486525
NIFTY-II.NFO,27/02/2025,09:32:21,22708,22707.4,600,22708,150,225,12486525
NIFTY-II.NFO,27/02/2025,09:32:23,22708,22707.4,600,22708,300,0,12486525
NIFTY-II.NFO,27/02/2025,09:32:24,22708,22707.4,600,22707.95,225,1350,12486525
NIFTY-II.NFO,27/02/2025,09:32:26,22707.95,22707.4,675,22707.95,75,2700,12486525
NIFTY-II.NFO,27/02/2025,09:32:28,22707.95,22707.4,675,22708.35,375,0,12486525
NIFTY-II.NFO,27/02/2025,09:32:29,22708.35,22707.4,675,22708.35,150,150,12486525
NIFTY-II.NFO,27/02/2025,09:32:31,22707.8,22705.1,900,22707.8,75,1200,12486525
NIFTY-II.NFO,27/02/2025,09:32:33,22707.85,22705.1,1050,22708.15,75,150,12486525
NIFTY-II.NFO,27/02/2025,09:32:34,22707.85,22705.1,1050,22707.45,150,0,12486525
NIFTY-II.NFO,27/02/2025,09:32:36,22705.1,22705.1,975,22707.45,75,525,12486525
NIFTY-II.NFO,27/02/2025,09:32:37,22705.15,22705.1,825,22706.8,75,375,12486525
NIFTY-II.NFO,27/02/2025,09:32:39,22706.9,22705.4,75,22707.9,375,5400,12486525
NIFTY-II.NFO,27/02/2025,09:32:41,22705.1,22705.1,825,22707.95,150,375,12486525
NIFTY-II.NFO,27/02/2025,09:32:42,22708,22706.75,75,22707.95,150,225,12486525
NIFTY-II.NFO,27/02/2025,09:32:44,22708,22706.75,75,22707.45,225,0,12486525
NIFTY-II.NFO,27/02/2025,09:32:46,22707.45,22707,75,22707.45,150,150,12486525
NIFTY-II.NFO,27/02/2025,09:32:47,22707.4,22706.75,75,22707.4,150,375,12486525
NIFTY-II.NFO,27/02/2025,09:32:49,22707.4,22707,75,22707.4,150,150,12486525
NIFTY-II.NFO,27/02/2025,09:32:51,22707,22707,300,22707.4,150,525,12486525
NIFTY-II.NFO,27/02/2025,09:32:52,22707,22707,225,22707.65,75,300,12486525
NIFTY-II.NFO,27/02/2025,09:32:54,22707.9,22707.4,75,22707.7,150,75,12486525
NIFTY-II.NFO,27/02/2025,09:32:57,22707,22707,75,22707.7,225,600,12486525
NIFTY-II.NFO,27/02/2025,09:32:59,22708.45,22705.1,600,22708.25,150,1200,12486525
NIFTY-II.NFO,27/02/2025,09:33:00,22706.95,22705.1,675,22706.95,75,525,12486525
NIFTY-II.NFO,27/02/2025,09:33:02,22706.95,22705.1,300,22707.7,75,1275,12486525
NIFTY-II.NFO,27/02/2025,09:33:04,22707.7,22707,150,22707.95,75,2025,12486525
NIFTY-II.NFO,27/02/2025,09:33:05,22707.95,22707,375,22707.95,75,225,12486525
NIFTY-II.NFO,27/02/2025,09:33:07,22708.45,22706.25,300,22708.2,75,1650,12486525
NIFTY-II.NFO,27/02/2025,09:33:09,22707.7,22706.3,300,22707.95,75,150,12486525
NIFTY-II.NFO,27/02/2025,09:33:10,22707.4,22707.4,75,22708.15,150,375,12486525
NIFTY-II.NFO,27/02/2025,09:33:12,22707.7,22707.4,75,22707.7,75,225,12486525
NIFTY-II.NFO,27/02/2025,09:33:13,22707.4,22706.25,75,22707.7,150,150,12486525
NIFTY-II.NFO,27/02/2025,09:33:15,22707.7,22705.25,75,22707.7,150,1575,12486525
NIFTY-II.NFO,27/02/2025,09:33:17,22707.7,22705.5,75,22707.7,75,75,12486525
NIFTY-II.NFO,27/02/2025,09:33:18,22707.4,22705.65,300,22708,150,375,12486525
NIFTY-II.NFO,27/02/2025,09:33:20,22708.35,22706.95,225,22709.2,150,1425,12486525
NIFTY-II.NFO,27/02/2025,09:33:22,22708.35,22708,300,22711,150,975,12486525
NIFTY-II.NFO,27/02/2025,09:33:23,22708,22708,300,22709.95,150,150,12486525
NIFTY-II.NFO,27/02/2025,09:33:25,22712.4,22708,225,22712.4,75,825,12486525
NIFTY-II.NFO,27/02/2025,09:33:27,22711.5,22708.05,75,22711.5,150,75,12486525
NIFTY-II.NFO,27/02/2025,09:33:28,22712.95,22711.5,75,22712.95,75,75,12486525
NIFTY-II.NFO,27/02/2025,09:33:30,22712.95,22712,75,22713,75,2625,12486525
NIFTY-II.NFO,27/02/2025,09:33:32,22713,22711.5,75,22714,75,375,12486525
NIFTY-II.NFO,27/02/2025,09:33:33,22711.5,22711,150,22714.55,150,375,12486525
NIFTY-II.NFO,27/02/2025,09:33:35,22711.05,22712,75,22714.15,150,225,12486525
NIFTY-II.NFO,27/02/2025,09:33:37,22711.05,22712.05,75,22714.7,75,0,12486525
NIFTY-II.NFO,27/02/2025,09:33:38,22716,22714.65,75,22716.35,75,975,12486525
NIFTY-II.NFO,27/02/2025,09:33:40,22714.8,22714.7,75,22714.8,75,2475,12486525
NIFTY-II.NFO,27/02/2025,09:33:41,22713.8,22713.25,225,22716.95,75,450,12486525
NIFTY-II.NFO,27/02/2025,09:33:43,22719,22716.1,525,22719.9,1725,900,12533250
NIFTY-II.NFO,27/02/2025,09:33:45,22719.9,22716.05,75,22719.75,225,225,12533250
NIFTY-II.NFO,27/02/2025,09:33:46,22719.7,22716.95,75,22719.3,300,1350,12533250
NIFTY-II.NFO,27/02/2025,09:33:48,22719.15,22715.05,75,22719.15,375,750,12533250
NIFTY-II.NFO,27/02/2025,09:33:49,22718,22713.8,75,22718,150,375,12533250
NIFTY-II.NFO,27/02/2025,09:33:51,22717.55,22716.95,75,22717.55,150,450,12533250
NIFTY-II.NFO,27/02/2025,09:33:53,22717.8,22713.05,75,22717.5,150,600,12533250
NIFTY-II.NFO,27/02/2025,09:33:54,22717.75,22712.3,225,22716.85,75,5025,12533250
NIFTY-II.NFO,27/02/2025,09:33:56,22717.35,22711.65,75,22717.35,75,3300,12533250
NIFTY-II.NFO,27/02/2025,09:33:58,22716.45,22711.5,300,22716.95,150,75,12533250
NIFTY-II.NFO,27/02/2025,09:33:59,22716.1,22715,150,22716.1,75,150,12533250
NIFTY-II.NFO,27/02/2025,09:34:01,22711.6,22711.1,75,22717.15,75,3375,12533250
NIFTY-II.NFO,27/02/2025,09:34:02,22715.65,22712.05,75,22716.1,75,225,12533250
NIFTY-II.NFO,27/02/2025,09:34:04,22715.65,22712.25,75,22715.25,150,0,12533250
NIFTY-II.NFO,27/02/2025,09:34:06,22717.95,22716.1,75,22717.75,75,2625,12533250
NIFTY-II.NFO,27/02/2025,09:34:07,22718.25,22718,450,22718.45,75,1800,12533250
NIFTY-II.NFO,27/02/2025,09:34:09,22718,22717.95,75,22718,225,450,12533250
NIFTY-II.NFO,27/02/2025,09:34:10,22717.15,22711.8,150,22717.6,75,825,12533250
NIFTY-II.NFO,27/02/2025,09:34:12,22716.6,22711.35,225,22717.05,150,2025,12533250
NIFTY-II.NFO,27/02/2025,09:34:14,22717.8,22712.25,150,22717.85,150,300,12533250
NIFTY-II.NFO,27/02/2025,09:34:15,22717.85,22711.9,150,22717.9,150,75,12533250
NIFTY-II.NFO,27/02/2025,09:34:17,22716.85,22711.45,375,22717.45,150,300,12533250
NIFTY-II.NFO,27/02/2025,09:34:19,22717.2,22711.3,75,22717.2,150,2175,12533250
NIFTY-II.NFO,27/02/2025,09:34:20,22717.6,22712.4,75,22717.25,75,4200,12533250
NIFTY-II.NFO,27/02/2025,09:34:22,22713.05,22712.4,75,22717.25,75,4575,12533250
NIFTY-II.NFO,27/02/2025,09:34:23,22717.25,22712.4,75,22717.4,75,450,12533250
NIFTY-II.NFO,27/02/2025,09:34:25,22711.3,22711.2,150,22716.75,75,375,12533250
NIFTY-II.NFO,27/02/2025,09:34:27,22711.05,22711,150,22715.3,150,300,12533250
NIFTY-II.NFO,27/02/2025,09:34:28,22715,22715,150,22715.3,75,225,12533250
NIFTY-II.NFO,27/02/2025,09:34:30,22715.3,22715,225,22715.95,75,825,12533250
NIFTY-II.NFO,27/02/2025,09:34:32,22715.95,22715,225,22716.25,150,225,12533250
NIFTY-II.NFO,27/02/2025,09:34:33,22715.95,22715,225,22716.25,150,0,12533250
NIFTY-II.NFO,27/02/2025,09:34:35,22715,22715,150,22716,75,150,12533250
NIFTY-II.NFO,27/02/2025,09:34:36,22715,22715,150,22716,75,0,12533250
NIFTY-II.NFO,27/02/2025,09:34:38,22711.1,22711,75,22715,225,2400,12533250
NIFTY-II.NFO,27/02/2025,09:34:40,22711,22710.05,300,22714.95,150,150,12533250
NIFTY-II.NFO,27/02/2025,09:34:41,22714.8,22710.15,300,22714.8,150,10200,12533250
NIFTY-II.NFO,27/02/2025,09:34:43,22710,22711.1,75,22715.1,75,1425,12533250
NIFTY-II.NFO,27/02/2025,09:34:44,22712.45,22710,1725,22713.45,75,675,12533250
NIFTY-II.NFO,27/02/2025,09:34:46,22712.45,22712.45,75,22713,75,0,12533250
NIFTY-II.NFO,27/02/2025,09:34:47,22710,22710,2100,22713,225,750,12533250
NIFTY-II.NFO,27/02/2025,09:34:49,22707.65,22707.8,225,22713,75,4725,12533250
NIFTY-II.NFO,27/02/2025,09:34:51,22712.9,22708.05,375,22713,225,300,12533250
NIFTY-II.NFO,27/02/2025,09:34:52,22712.9,22708.05,300,22713,375,0,12533250
NIFTY-II.NFO,27/02/2025,09:34:54,22708.15,22708.15,150,22713,75,975,12533250
NIFTY-II.NFO,27/02/2025,09:34:56,22712.45,22708.85,300,22713,75,375,12533250
NIFTY-II.NFO,27/02/2025,09:34:57,22708.35,22708.3,75,22712.75,150,300,12533250
NIFTY-II.NFO,27/02/2025,09:34:59,22713,22708,75,22712.6,150,750,12533250
NIFTY-II.NFO,27/02/2025,09:35:00,22708.1,22708.1,75,22713,225,1275,12533250
NIFTY-II.NFO,27/02/2025,09:35:02,22708.1,22710,225,22713,225,0,12533250
NIFTY-II.NFO,27/02/2025,09:35:04,22714.4,22710,225,22713,300,525,12533250
NIFTY-II.NFO,27/02/2025,09:35:06,22712.6,22712.6,75,22713,75,225,12533250
NIFTY-II.NFO,27/02/2025,09:35:07,22712.6,22710,150,22712.55,75,75,12533250
NIFTY-II.NFO,27/02/2025,09:35:09,22710,22710.3,75,22712.55,75,75,12533250
NIFTY-II.NFO,27/02/2025,09:35:10,22710.4,22710.05,300,22712.55,75,75,12533250
NIFTY-II.NFO,27/02/2025,09:35:12,22713,22711.35,150,22713,75,225,12533250
NIFTY-II.NFO,27/02/2025,09:35:14,22713,22710.75,75,22713,75,1200,12533250
NIFTY-II.NFO,27/02/2025,09:35:15,22710.4,22710.3,150,22713,525,375,12533250
NIFTY-II.NFO,27/02/2025,09:35:17,22710.3,22710.3,300,22713,525,300,12533250
NIFTY-II.NFO,27/02/2025,09:35:19,22710.75,22709.75,225,22712,75,300,12533250
NIFTY-II.NFO,27/02/2025,09:35:20,22713,22710.3,375,22713,300,300,12533250
NIFTY-II.NFO,27/02/2025,09:35:22,22711,22711,300,22713,225,450,12533250
NIFTY-II.NFO,27/02/2025,09:35:24,22716.25,22713,75,22716.25,75,2550,12533250
NIFTY-II.NFO,27/02/2025,09:35:25,22716.2,22713,75,22716,75,75,12533250
NIFTY-II.NFO,27/02/2025,09:35:27,22716.2,22713,525,22716,75,150,12533250
NIFTY-II.NFO,27/02/2025,09:35:28,22714.05,22713,525,22714.85,75,150,12533250
NIFTY-II.NFO,27/02/2025,09:35:30,22713.85,22713,150,22713.85,75,600,12533250
NIFTY-II.NFO,27/02/2025,09:35:32,22713.85,22713,225,22715.45,150,1875,12533250
NIFTY-II.NFO,27/02/2025,09:35:33,22716.45,22715,75,22716.9,75,1125,12533250
NIFTY-II.NFO,27/02/2025,09:35:35,22715,22715,2025,22716.6,150,150,12533250
NIFTY-II.NFO,27/02/2025,09:35:37,22717.6,22715,1350,22716.85,75,1275,12533250
NIFTY-II.NFO,27/02/2025,09:35:38,22717.4,22715,1350,22717.9,150,225,12533250
NIFTY-II.NFO,27/02/2025,09:35:40,22715,22715,1200,22715.05,75,750,12533250
NIFTY-II.NFO,27/02/2025,09:35:42,22715,22715,600,22717.2,75,1425,12533250
NIFTY-II.NFO,27/02/2025,09:35:43,22717.2,22715,600,22717,75,525,12533250
NIFTY-II.NFO,27/02/2025,09:35:45,22718,22715,375,22717.7,75,1500,12533250
NIFTY-II.NFO,27/02/2025,09:35:46,22715,22715,150,22717.45,75,375,12533250
NIFTY-II.NFO,27/02/2025,09:35:48,22717.45,22715,75,22716.6,75,1050,12533250
NIFTY-II.NFO,27/02/2025,09:35:50,22717.25,22715.05,75,22717.7,150,150,12533250
NIFTY-II.NFO,27/02/2025,09:35:51,22718.7,22715,75,22718.65,150,675,12533250
NIFTY-II.NFO,27/02/2025,09:35:53,22716.6,22717,75,22718.25,75,75,12533250
NIFTY-II.NFO,27/02/2025,09:35:55,22718,22717,75,22718,75,150,12533250
NIFTY-II.NFO,27/02/2025,09:35:56,22716,22715,450,22718,75,150,12533250
NIFTY-II.NFO,27/02/2025,09:35:58,22716,22715,525,22718,75,0,12533250
NIFTY-II.NFO,27/02/2025,09:35:59,22718,22715,525,22718,75,225,12533250
NIFTY-II.NFO,27/02/2025,09:36:01,22718.25,22715,525,22718,150,300,12533250
NIFTY-II.NFO,27/02/2025,09:36:03,22718,22715,825,22717.95,75,225,12533250
NIFTY-II.NFO,27/02/2025,09:36:04,22717.95,22715,825,22717.9,75,75,12533250
NIFTY-II.NFO,27/02/2025,09:36:06,22716.6,22715,900,22717.85,75,150,12533250
NIFTY-II.NFO,27/02/2025,09:36:08,22716.6,22715.5,75,22717.5,75,0,12533250
NIFTY-II.NFO,27/02/2025,09:36:09,22716.6,22715.65,75,22718.4,150,1950,12533250
NIFTY-II.NFO,27/02/2025,09:36:11,22715.65,22715,1050,22718.65,75,75,12533250
NIFTY-II.NFO,27/02/2025,09:36:13,22715,22716.6,75,22718.25,75,825,12533250
NIFTY-II.NFO,27/02/2025,09:36:14,22716,22715,450,22718.75,75,750,12533250
NIFTY-II.NFO,27/02/2025,09:36:16,22719,22715,525,22717.9,75,675,12533250
NIFTY-II.NFO,27/02/2025,09:36:17,22717.9,22716,150,22718,75,150,12533250
NIFTY-II.NFO,27/02/2025,09:36:19,22716.6,22715,675,22718,75,375,12533250
NIFTY-II.NFO,27/02/2025,09:36:21,22719.45,22717.9,75,22719.45,75,525,12533250
NIFTY-II.NFO,27/02/2025,09:36:22,22717.9,22716,75,22717.5,150,150,12533250
NIFTY-II.NFO,27/02/2025,09:36:24,22716.6,22716,75,22717.1,75,300,12533250
NIFTY-II.NFO,27/02/2025,09:36:26,22717.1,22716.3,75,22716.95,75,75,12533250
NIFTY-II.NFO,27/02/2025,09:36:27,22716.6,22716,75,22716.7,75,225,12533250
NIFTY-II.NFO,27/02/2025,09:36:29,22716.25,22715,975,22715.2,75,600,12533250
NIFTY-II.NFO,27/02/2025,09:36:31,22715.65,22713.85,225,22715.65,75,1425,12533250
NIFTY-II.NFO,27/02/2025,09:36:32,22715.65,22713.85,150,22716.85,225,375,12533250
NIFTY-II.NFO,27/02/2025,09:36:34,22715.65,22713.85,150,22716.25,75,0,12533250
NIFTY-II.NFO,27/02/2025,09:36:35,22713.1,22713.05,75,22716.7,75,225,12533250
NIFTY-II.NFO,27/02/2025,09:36:37,22713.1,22713,75,22716.85,75,2025,12533250
NIFTY-II.NFO,27/02/2025,09:36:39,22716.85,22715.5,75,22716.4,150,2475,12533250
NIFTY-II.NFO,27/02/2025,09:36:40,22715.5,22712.2,75,22714,75,4200,12533250
NIFTY-II.NFO,27/02/2025,09:36:42,22714.3,22715.35,75,22718.05,75,2325,12533250
NIFTY-II.NFO,27/02/2025,09:36:44,22714.3,22715,75,22717.55,75,4050,12611550
NIFTY-II.NFO,27/02/2025,09:36:45,22717,22715,75,22717.25,75,3525,12611550
NIFTY-II.NFO,27/02/2025,09:36:47,22718,22715,75,22717.95,75,150,12611550
NIFTY-II.NFO,27/02/2025,09:36:49,22717.95,22715,75,22718,150,150,12611550
NIFTY-II.NFO,27/02/2025,09:36:50,22715,22717.25,75,22717.75,75,75,12611550
NIFTY-II.NFO,27/02/2025,09:36:52,22717,22715,300,22716.75,150,150,12611550
NIFTY-II.NFO,27/02/2025,09:36:53,22716,22715,300,22716,75,825,12611550
NIFTY-II.NFO,27/02/2025,09:36:55,22716,22715,75,22716,75,600,12611550
NIFTY-II.NFO,27/02/2025,09:36:57,22716,22713.05,75,22716,75,375,12611550
NIFTY-II.NFO,27/02/2025,09:36:58,22716,22713,75,22716,75,75,12611550
NIFTY-II.NFO,27/02/2025,09:37:00,22717.35,22712.9,150,22715.35,75,375,12611550
NIFTY-II.NFO,27/02/2025,09:37:02,22717.2,22712.9,75,22715.2,75,1500,12611550
NIFTY-II.NFO,27/02/2025,09:37:03,22715.2,22712.9,75,22714.65,75,75,12611550
NIFTY-II.NFO,27/02/2025,09:37:05,22709.25,22708.25,375,22713,225,2100,12611550
NIFTY-II.NFO,27/02/2025,09:37:07,22708.85,22708.45,375,22713,225,75,12611550
NIFTY-II.NFO,27/02/2025,09:37:08,22708.85,22708.35,975,22713,150,0,12611550
NIFTY-II.NFO,27/02/2025,09:37:10,22714.5,22708.3,600,22712.2,150,2475,12611550
NIFTY-II.NFO,27/02/2025,09:37:12,22712.2,22709,675,22712.45,75,150,12611550
NIFTY-II.NFO,27/02/2025,09:37:13,22715.45,22707.65,375,22711.75,150,900,12611550
NIFTY-II.NFO,27/02/2025,09:37:15,22712.5,22708.4,150,22712.75,75,375,12611550
NIFTY-II.NFO,27/02/2025,09:37:16,22711.7,22708.75,75,22711.7,150,225,12611550
NIFTY-II.NFO,27/02/2025,09:37:18,22709,22708.75,75,22711.35,150,150,12611550
NIFTY-II.NFO,27/02/2025,09:37:20,22711.45,22707.75,600,22711.45,150,1950,12611550
NIFTY-II.NFO,27/02/2025,09:37:21,22711.2,22707.75,600,22712.4,75,450,12611550
NIFTY-II.NFO,27/02/2025,09:37:23,22711.2,22707.4,75,22710.9,150,1950,12611550
NIFTY-II.NFO,27/02/2025,09:37:25,22711.2,22708.2,75,22710.45,75,0,12611550
NIFTY-II.NFO,27/02/2025,09:37:26,22711.2,22708.2,75,22710.25,75,4050,12611550
NIFTY-II.NFO,27/02/2025,09:37:28,22710,22708.2,75,22709.3,75,375,12611550
NIFTY-II.NFO,27/02/2025,09:37:30,22708,22706.55,75,22710.45,75,4500,12611550
NIFTY-II.NFO,27/02/2025,09:37:31,22707.95,22707,75,22709.2,75,2100,12611550
NIFTY-II.NFO,27/02/2025,09:37:33,22708,22707,75,22709,75,75,12611550
NIFTY-II.NFO,27/02/2025,09:37:34,22714,22707,825,22710.15,75,1575,12611550
NIFTY-II.NFO,27/02/2025,09:37:36,22707,22707,450,22709.6,150,4500,12611550
NIFTY-II.NFO,27/02/2025,09:37:38,22707,22707,375,22709.2,150,900,12611550
NIFTY-II.NFO,27/02/2025,09:37:39,22707,22707,375,22709.4,150,0,12611550
NIFTY-II.NFO,27/02/2025,09:37:41,22706,22706,1800,22706.65,75,450,12611550
NIFTY-II.NFO,27/02/2025,09:37:43,22707.8,22707,300,22708.15,75,225,12611550
NIFTY-II.NFO,27/02/2025,09:37:44,22707,22707,300,22708.15,150,75,12611550
NIFTY-II.NFO,27/02/2025,09:37:46,22707,22706,1875,22707,75,675,12611550
NIFTY-II.NFO,27/02/2025,09:37:47,22707,22706,1875,22707,225,75,12611550
NIFTY-II.NFO,27/02/2025,09:37:49,22706,22706,1800,22707,75,75,12611550
NIFTY-II.NFO,27/02/2025,09:37:51,22707,22706,1800,22706.75,75,3600,12611550
NIFTY-II.NFO,27/02/2025,09:37:52,22706,22706,1575,22706.75,75,1950,12611550
NIFTY-II.NFO,27/02/2025,09:37:54,22706.85,22706,1575,22707,150,75,12611550
NIFTY-II.NFO,27/02/2025,09:37:56,22706.55,22706,1500,22706.85,75,75,12611550
NIFTY-II.NFO,27/02/2025,09:37:57,22705.05,22705.05,75,22705.45,75,1725,12611550
NIFTY-II.NFO,27/02/2025,09:37:59,22703.9,22702,150,22704.45,75,2250,12611550
NIFTY-II.NFO,27/02/2025,09:38:01,22702,22701.55,75,22702,75,225,12611550
NIFTY-II.NFO,27/02/2025,09:38:02,22702,22696.05,375,22700.5,75,16875,12611550
NIFTY-II.NFO,27/02/2025,09:38:02,22693.5,22696.05,375,22700.5,75,0,12611550
NIFTY-II.NFO,27/02/2025,09:38:04,22702,22696.15,375,22700.45,75,0,12611550
NIFTY-II.NFO,27/02/2025,09:38:06,22699,22697.1,375,22698.55,75,150,12611550
NIFTY-II.NFO,27/02/2025,09:38:07,22697.1,22697.1,300,22698.55,75,75,12611550
NIFTY-II.NFO,27/02/2025,09:38:09,22698.55,22697.1,150,22699,75,225,12611550
NIFTY-II.NFO,27/02/2025,09:38:11,22696.8,22696.3,75,22698.55,150,675,12611550
NIFTY-II.NFO,27/02/2025,09:38:12,22698.55,22696.2,75,22698,75,675,12611550
NIFTY-II.NFO,27/02/2025,09:38:14,22696.2,22695.05,300,22698,150,75,12611550
NIFTY-II.NFO,27/02/2025,09:38:16,22696,22695.05,225,22697.8,150,225,12611550
NIFTY-II.NFO,27/02/2025,09:38:17,22698,22695.05,225,22698,75,75,12611550
NIFTY-II.NFO,27/02/2025,09:38:19,22698,22695.05,225,22698,75,0,12611550
NIFTY-II.NFO,27/02/2025,09:38:21,22698,22696,75,22698,150,75,12611550
NIFTY-II.NFO,27/02/2025,09:38:22,22696,22695.05,225,22697.85,150,150,12611550
NIFTY-II.NFO,27/02/2025,09:38:24,22695.05,22695.05,150,22698.25,225,300,12611550
NIFTY-II.NFO,27/02/2025,09:38:26,22695.05,22695,150,22697.95,75,150,12611550
NIFTY-II.NFO,27/02/2025,09:38:27,22695.05,22695,150,22697.45,150,0,12611550
NIFTY-II.NFO,27/02/2025,09:38:29,22691,22691,150,22693.95,75,600,12611550
NIFTY-II.NFO,27/02/2025,09:38:29,22691,22691,150,22693.95,75,0,12611550
NIFTY-II.NFO,27/02/2025,09:38:31,22693.95,22691,75,22694.05,75,150,12611550
NIFTY-II.NFO,27/02/2025,09:38:32,22690.05,22690.15,150,22696.5,150,1350,12611550
NIFTY-II.NFO,27/02/2025,09:38:32,22690.05,22690.15,150,22696.5,150,0,12611550
NIFTY-II.NFO,27/02/2025,09:38:34,22688.25,22688.35,150,22694.6,75,2925,12611550
NIFTY-II.NFO,27/02/2025,09:38:34,22688.25,22688.35,150,22694.6,75,0,12611550
NIFTY-II.NFO,27/02/2025,09:38:36,22691,22687.65,150,22691.95,150,450,12611550
NIFTY-II.NFO,27/02/2025,09:38:36,22686.5,22687.65,150,22691.95,150,0,12611550
NIFTY-II.NFO,27/02/2025,09:38:37,22687.7,22688.05,375,22691.55,150,375,12611550
NIFTY-II.NFO,27/02/2025,09:38:39,22688.9,22689.75,300,22691.55,150,75,12611550
NIFTY-II.NFO,27/02/2025,09:38:41,22688.9,22686.5,375,22691.3,75,75,12611550
NIFTY-II.NFO,27/02/2025,09:38:42,22686.5,22686.05,150,22690.2,150,1275,12611550
NIFTY-II.NFO,27/02/2025,09:38:44,22689.8,22685.6,150,22689.8,75,600,12611550
NIFTY-II.NFO,27/02/2025,09:38:44,22685.5,22685.6,150,22689.8,75,0,12611550
NIFTY-II.NFO,27/02/2025,09:38:46,22691.6,22686.15,375,22689.05,150,2700,12611550
NIFTY-II.NFO,27/02/2025,09:38:47,22685.95,22686.35,300,22689.8,75,75,12611550
NIFTY-II.NFO,27/02/2025,09:38:49,22686.35,22687.45,225,22688.9,75,75,12611550
NIFTY-II.NFO,27/02/2025,09:38:51,22686.4,22686.35,375,22688.05,75,150,12611550
NIFTY-II.NFO,27/02/2025,09:38:52,22689.05,22687.05,150,22689.05,150,525,12611550
NIFTY-II.NFO,27/02/2025,09:38:54,22689.8,22686.55,75,22690.45,150,150,12611550
NIFTY-II.NFO,27/02/2025,09:38:56,22687,22686.55,75,22690.45,150,75,12611550
NIFTY-II.NFO,27/02/2025,09:38:57,22692.7,22688.05,525,22690.3,150,375,12611550
NIFTY-II.NFO,27/02/2025,09:38:59,22688.05,22688.05,225,22690.55,75,300,12611550
NIFTY-II.NFO,27/02/2025,09:39:01,22690.4,22688,300,22688.05,75,1050,12611550
NIFTY-II.NFO,27/02/2025,09:39:02,22685.5,22685.1,150,22685.8,75,1725,12611550
NIFTY-II.NFO,27/02/2025,09:39:04,22682.05,22682.05,600,22686.2,75,1200,12611550
NIFTY-II.NFO,27/02/2025,09:39:04,22682.05,22682.05,600,22686.2,75,0,12611550
NIFTY-II.NFO,27/02/2025,09:39:06,22685.9,22682,150,22685.9,75,450,12611550
NIFTY-II.NFO,27/02/2025,09:39:07,22680.25,22681.05,375,22684.75,75,1125,12611550
NIFTY-II.NFO,27/02/2025,09:39:07,22680.25,22681.05,375,22684.75,75,0,12611550
NIFTY-II.NFO,27/02/2025,09:39:09,22681.6,22681.6,600,22685.1,75,225,12611550
NIFTY-II.NFO,27/02/2025,09:39:11,22686.5,22682,150,22686.5,75,150,12611550
NIFTY-II.NFO,27/02/2025,09:39:12,22683.1,22682.05,975,22686.45,75,300,12611550
NIFTY-II.NFO,27/02/2025,09:39:14,22683.5,22683.5,900,22686.75,150,2325,12611550
NIFTY-II.NFO,27/02/2025,09:39:16,22683.1,22682.15,600,22686,75,375,12611550
NIFTY-II.NFO,27/02/2025,09:39:17,22683.1,22682.05,600,22686,75,0,12611550
NIFTY-II.NFO,27/02/2025,09:39:19,22686,22683,75,22683.5,225,825,12611550
NIFTY-II.NFO,27/02/2025,09:39:21,22686,22684,1800,22686,75,450,12611550
NIFTY-II.NFO,27/02/2025,09:39:22,22686.65,22684.45,75,22686.65,75,525,12611550
NIFTY-II.NFO,27/02/2025,09:39:24,22684.45,22684,1800,22685,75,375,12611550
NIFTY-II.NFO,27/02/2025,09:39:26,22687,22685,75,22686,75,225,12611550
NIFTY-II.NFO,27/02/2025,09:39:27,22686.5,22684,1875,22686,75,1200,12611550
NIFTY-II.NFO,27/02/2025,09:39:29,22687.95,22685,75,22686,75,750,12611550
NIFTY-II.NFO,27/02/2025,09:39:31,22685,22684,1725,22686,75,975,12611550
NIFTY-II.NFO,27/02/2025,09:39:32,22686,22684.05,75,22686,75,6450,12611550
NIFTY-II.NFO,27/02/2025,09:39:34,22690.4,22684.8,375,22690.5,75,3150,12611550
NIFTY-II.NFO,27/02/2025,09:39:36,22686,22685,75,22687.85,150,675,12611550
NIFTY-II.NFO,27/02/2025,09:39:37,22685,22684.25,75,22688.5,150,300,12611550
NIFTY-II.NFO,27/02/2025,09:39:39,22686,22686,1575,22689,225,900,12611550
NIFTY-II.NFO,27/02/2025,09:39:41,22686,22686.05,75,22690.05,150,1575,12611550
NIFTY-II.NFO,27/02/2025,09:39:42,22690.05,22686.75,75,22688.35,150,150,12611550
NIFTY-II.NFO,27/02/2025,09:39:44,22686.4,22686.4,225,22688.35,150,225,12693225
NIFTY-II.NFO,27/02/2025,09:39:46,22688.75,22686.4,225,22688.75,150,150,12693225
NIFTY-II.NFO,27/02/2025,09:39:47,22689,22686.4,225,22689,75,75,12693225
NIFTY-II.NFO,27/02/2025,09:39:49,22688.55,22686.4,225,22688.55,75,525,12693225
NIFTY-II.NFO,27/02/2025,09:39:51,22686.4,22686.4,150,22688.55,150,75,12693225
NIFTY-II.NFO,27/02/2025,09:39:52,22689.95,22686.4,150,22690,225,825,12693225
NIFTY-II.NFO,27/02/2025,09:39:54,22686,22686,2025,22687.05,150,750,12693225
NIFTY-II.NFO,27/02/2025,09:39:56,22686,22686,1875,22687.05,150,150,12693225
NIFTY-II.NFO,27/02/2025,09:39:57,22686.15,22686,1800,22686.15,75,825,12693225
NIFTY-II.NFO,27/02/2025,09:39:59,22688.95,22686,2025,22688.95,75,750,12693225
NIFTY-II.NFO,27/02/2025,09:40:01,22686.4,22686,2025,22687.95,150,75,12693225
NIFTY-II.NFO,27/02/2025,09:40:02,22686,22686,2325,22687.45,75,75,12693225
NIFTY-II.NFO,27/02/2025,09:40:04,22687.45,22686,2025,22687.45,150,600,12693225
NIFTY-II.NFO,27/02/2025,09:40:06,22686.15,22686,2025,22686.15,75,75,12693225
NIFTY-II.NFO,27/02/2025,09:40:07,22686,22686,1800,22686.15,150,300,12693225
NIFTY-II.NFO,27/02/2025,09:40:09,22687.05,22688,225,22689,75,675,12693225
NIFTY-II.NFO,27/02/2025,09:40:11,22688,22688,3225,22689.45,75,3525,12693225
NIFTY-II.NFO,27/02/2025,09:40:12,22688,22688,900,22689.45,75,6600,12693225
NIFTY-II.NFO,27/02/2025,09:40:14,22691.05,22688,225,22690,225,1275,12693225
NIFTY-II.NFO,27/02/2025,09:40:16,22688,22687.05,75,22690,150,825,12693225
NIFTY-II.NFO,27/02/2025,09:40:17,22690.9,22690,75,22690.9,75,375,12693225
NIFTY-II.NFO,27/02/2025,09:40:19,22689.05,22690,75,22691.8,150,6675,12693225
NIFTY-II.NFO,27/02/2025,09:40:21,22691.8,22688,75,22691.8,225,1275,12693225
NIFTY-II.NFO,27/02/2025,09:40:22,22691.75,22691.05,150,22691.75,225,825,12693225
NIFTY-II.NFO,27/02/2025,09:40:24,22691.05,22689.05,75,22691.75,150,1125,12693225
NIFTY-II.NFO,27/02/2025,09:40:26,22690.75,22691,150,22692,300,525,12693225
NIFTY-II.NFO,27/02/2025,09:40:27,22690.75,22690,75,22690.9,150,450,12693225
NIFTY-II.NFO,27/02/2025,09:40:29,22689,22690,75,22690.75,75,375,12693225
NIFTY-II.NFO,27/02/2025,09:40:31,22691,22690,75,22691.25,75,600,12693225
NIFTY-II.NFO,27/02/2025,09:40:32,22690.75,22690,150,22692,225,150,12693225
NIFTY-II.NFO,27/02/2025,09:40:34,22692.7,22691.75,1050,22692.25,300,4425,12693225
NIFTY-II.NFO,27/02/2025,09:40:36,22691.75,22691.75,750,22691.95,75,375,12693225
NIFTY-II.NFO,27/02/2025,09:40:37,22691.75,22691.75,675,22691.95,75,4350,12693225
NIFTY-II.NFO,27/02/2025,09:40:39,22692.45,22691.05,375,22692.45,75,4725,12693225
NIFTY-II.NFO,27/02/2025,09:40:41,22692,22690.9,225,22691.95,75,675,12693225
NIFTY-II.NFO,27/02/2025,09:40:42,22692.35,22690.9,225,22692.95,75,300,12693225
NIFTY-II.NFO,27/02/2025,09:40:44,22692.95,22690.9,225,22692.85,225,150,12693225
NIFTY-II.NFO,27/02/2025,09:40:46,22693.35,22692,300,22693.3,150,225,12693225
NIFTY-II.NFO,27/02/2025,09:40:47,22692,22692,225,22694,150,525,12693225
NIFTY-II.NFO,27/02/2025,09:40:49,22691.05,22690.75,300,22694,75,1200,12693225
NIFTY-II.NFO,27/02/2025,09:40:51,22690.75,22692.55,75,22694.4,300,225,12693225
NIFTY-II.NFO,27/02/2025,09:40:52,22694.4,22692.55,75,22694.95,150,75,12693225
NIFTY-II.NFO,27/02/2025,09:40:54,22694,22692.55,75,22694.95,75,300,12693225
NIFTY-II.NFO,27/02/2025,09:40:55,22694.4,22692.55,75,22694.4,150,1575,12693225
NIFTY-II.NFO,27/02/2025,09:40:57,22694.75,22692.55,75,22694.75,75,75,12693225
NIFTY-II.NFO,27/02/2025,09:40:59,22694.75,22693.65,150,22696.6,75,675,12693225
NIFTY-II.NFO,27/02/2025,09:41:00,22695.85,22694.3,150,22697,75,450,12693225
NIFTY-II.NFO,27/02/2025,09:41:02,22695.85,22694.3,150,22696.55,150,75,12693225
NIFTY-II.NFO,27/02/2025,09:41:04,22694.3,22695,375,22696.55,150,375,12693225
NIFTY-II.NFO,27/02/2025,09:41:05,22694.3,22695,600,22695.8,150,0,12693225
NIFTY-II.NFO,27/02/2025,09:41:07,22693.95,22693.65,150,22696.5,150,975,12693225
NIFTY-II.NFO,27/02/2025,09:41:09,22693.15,22693.15,150,22696.25,75,5625,12693225
NIFTY-II.NFO,27/02/2025,09:41:10,22693.15,22692.55,75,22694.5,150,0,12693225
NIFTY-II.NFO,27/02/2025,09:41:12,22695.95,22694.3,75,22696.4,300,225,12693225
NIFTY-II.NFO,27/02/2025,09:41:13,22694.3,22693.1,75,22694.05,150,75,12693225
NIFTY-II.NFO,27/02/2025,09:41:15,22692,22692,75,22694.05,150,150,12693225
NIFTY-II.NFO,27/02/2025,09:41:17,22690.8,22690.8,75,22694.5,150,3975,12693225
NIFTY-II.NFO,27/02/2025,09:41:18,22693.35,22690.8,75,22693.6,150,150,12693225
NIFTY-II.NFO,27/02/2025,09:41:20,22693.6,22692,225,22693.6,75,750,12693225
NIFTY-II.NFO,27/02/2025,09:41:22,22693.6,22692,225,22693.65,150,0,12693225
NIFTY-II.NFO,27/02/2025,09:41:23,22695,22692,225,22694.65,225,450,12693225
NIFTY-II.NFO,27/02/2025,09:41:25,22694.65,22692.8,150,22695.35,300,450,12693225
NIFTY-II.NFO,27/02/2025,09:41:26,22693.35,22692.8,150,22693.35,150,300,12693225
NIFTY-II.NFO,27/02/2025,09:41:28,22693.35,22692.8,150,22693,150,225,12693225
NIFTY-II.NFO,27/02/2025,09:41:30,22693,22692.8,150,22693,75,150,12693225
NIFTY-II.NFO,27/02/2025,09:41:31,22692.8,22692,225,22693.05,150,150,12693225
NIFTY-II.NFO,27/02/2025,09:41:33,22692.55,22692,225,22692.55,150,150,12693225
NIFTY-II.NFO,27/02/2025,09:41:35,22692.85,22691,525,22693.45,450,750,12693225
NIFTY-II.NFO,27/02/2025,09:41:36,22691,22691,225,22692.75,300,300,12693225
NIFTY-II.NFO,27/02/2025,09:41:38,22692.35,22690.75,525,22693.35,150,300,12693225
NIFTY-II.NFO,27/02/2025,09:41:39,22693.65,22690.75,525,22692.8,300,150,12693225
NIFTY-II.NFO,27/02/2025,09:41:41,22693.65,22690.75,525,22692.95,150,1125,12693225
NIFTY-II.NFO,27/02/2025,09:41:43,22692.95,22690.75,450,22692.95,75,825,12693225
NIFTY-II.NFO,27/02/2025,09:41:44,22692.4,22690.75,450,22692.4,75,375,12693225
NIFTY-II.NFO,27/02/2025,09:41:46,22690.25,22690.05,525,22692.2,150,750,12693225
NIFTY-II.NFO,27/02/2025,09:41:48,22690.05,22690.5,75,22692.4,600,375,12693225
NIFTY-II.NFO,27/02/2025,09:41:49,22692.75,22690.05,225,22692.05,225,1725,12693225
NIFTY-II.NFO,27/02/2025,09:41:51,22692.05,22690.05,225,22692.45,225,150,12693225
NIFTY-II.NFO,27/02/2025,09:41:52,22692.45,22690.05,225,22692.45,300,75,12693225
NIFTY-II.NFO,27/02/2025,09:41:54,22690.05,22690,825,22692.15,300,225,12693225
NIFTY-II.NFO,27/02/2025,09:41:56,22692.65,22690,750,22692.6,450,1200,12693225
NIFTY-II.NFO,27/02/2025,09:41:57,22691.9,22690,675,22691.9,150,150,12693225
NIFTY-II.NFO,27/02/2025,09:41:59,22691.9,22690,675,22692,225,300,12693225
NIFTY-II.NFO,27/02/2025,09:42:01,22690.3,22690,675,22692,75,1200,12693225
NIFTY-II.NFO,27/02/2025,09:42:02,22690.3,22690,675,22692,75,75,12693225
NIFTY-II.NFO,27/02/2025,09:42:04,22692,22690,675,22692.05,75,525,12693225
NIFTY-II.NFO,27/02/2025,09:42:05,22690,22690,450,22692.05,75,2400,12693225
NIFTY-II.NFO,27/02/2025,09:42:07,22692,22690,450,22692.15,75,1200,12693225
NIFTY-II.NFO,27/02/2025,09:42:09,22692.85,22690,525,22692.85,300,1800,12693225
NIFTY-II.NFO,27/02/2025,09:42:10,22692.85,22690,525,22691.75,150,0,12693225
NIFTY-II.NFO,27/02/2025,09:42:12,22692.15,22690,600,22692.15,150,150,12693225
NIFTY-II.NFO,27/02/2025,09:42:14,22690.05,22690.05,150,22692.4,300,300,12693225
NIFTY-II.NFO,27/02/2025,09:42:15,22690,22690,450,22692.6,300,1650,12693225
NIFTY-II.NFO,27/02/2025,09:42:17,22690,22690,375,22691.5,150,300,12693225
NIFTY-II.NFO,27/02/2025,09:42:19,22690,22690,300,22692.25,300,75,12693225
NIFTY-II.NFO,27/02/2025,09:42:20,22691.1,22690,675,22692.55,300,600,12693225
NIFTY-II.NFO,27/02/2025,09:42:22,22691.1,22690,750,22691.1,150,150,12693225
NIFTY-II.NFO,27/02/2025,09:42:23,22691.6,22690,1275,22691.6,75,225,12693225
NIFTY-II.NFO,27/02/2025,09:42:25,22693,22690,1275,22691.1,225,1875,12693225
NIFTY-II.NFO,27/02/2025,09:42:27,22693,22690,1350,22693,300,525,12693225
NIFTY-II.NFO,27/02/2025,09:42:28,22693,22691.6,75,22693.25,300,75,12693225
NIFTY-II.NFO,27/02/2025,09:42:30,22691.6,22690.25,150,22691.5,150,900,12693225
NIFTY-II.NFO,27/02/2025,09:42:32,22690,22690,450,22691.6,150,3975,12693225
NIFTY-II.NFO,27/02/2025,09:42:33,22691.6,22690,450,22691.6,75,75,12693225
NIFTY-II.NFO,27/02/2025,09:42:35,22694.35,22690,450,22693.55,150,900,12693225
NIFTY-II.NFO,27/02/2025,09:42:37,22694.35,22690,525,22691.7,150,0,12693225
NIFTY-II.NFO,27/02/2025,09:42:38,22694.35,22690,600,22691.7,150,0,12693225
NIFTY-II.NFO,27/02/2025,09:42:40,22691.7,22690.1,75,22693.7,300,2175,12693225
NIFTY-II.NFO,27/02/2025,09:42:41,22691.55,22690.1,75,22693.35,75,225,12693225
NIFTY-II.NFO,27/02/2025,09:42:43,22691.55,22690.1,75,22693.35,75,0,12693225
NIFTY-II.NFO,27/02/2025,09:42:45,22693.3,22690.1,75,22694,150,1725,12759450
NIFTY-II.NFO,27/02/2025,09:42:46,22693.95,22691.7,900,22692,150,375,12759450
NIFTY-II.NFO,27/02/2025,09:42:48,22691,22690.1,75,22693.35,75,1125,12759450
NIFTY-II.NFO,27/02/2025,09:42:50,22690.1,22690,750,22690.3,75,450,12759450
NIFTY-II.NFO,27/02/2025,09:42:51,22691.5,22690,600,22691.5,150,300,12759450
NIFTY-II.NFO,27/02/2025,09:42:53,22690,22690,525,22691.5,225,225,12759450
NIFTY-II.NFO,27/02/2025,09:42:55,22690,22690,525,22691.65,225,0,12759450
NIFTY-II.NFO,27/02/2025,09:42:56,22691.5,22690,525,22691.65,225,2025,12759450
NIFTY-II.NFO,27/02/2025,09:42:58,22691.5,22691.65,300,22693.2,225,225,12759450
NIFTY-II.NFO,27/02/2025,09:42:59,22691.65,22690,600,22692.85,225,300,12759450
NIFTY-II.NFO,27/02/2025,09:43:01,22693.05,22691.65,600,22693.05,225,2100,12759450
NIFTY-II.NFO,27/02/2025,09:43:03,22693.25,22692.35,75,22693.25,225,450,12759450
NIFTY-II.NFO,27/02/2025,09:43:04,22693.2,22692.35,75,22693.35,75,225,12759450
NIFTY-II.NFO,27/02/2025,09:43:06,22693.2,22692.35,75,22692.8,75,525,12759450
NIFTY-II.NFO,27/02/2025,09:43:08,22692.8,22691.65,600,22693.25,300,675,12759450
NIFTY-II.NFO,27/02/2025,09:43:09,22691.65,22692,75,22693.05,300,1875,12759450
NIFTY-II.NFO,27/02/2025,09:43:11,22693.05,22692,75,22693.25,300,1275,12759450
NIFTY-II.NFO,27/02/2025,09:43:12,22693.85,22692,75,22693.85,225,75,12759450
NIFTY-II.NFO,27/02/2025,09:43:14,22693.8,22692,75,22694.45,300,1875,12759450
NIFTY-II.NFO,27/02/2025,09:43:16,22693.8,22691.65,525,22694.75,225,525,12759450
NIFTY-II.NFO,27/02/2025,09:43:17,22693.85,22691.65,450,22694.5,300,150,12759450
NIFTY-II.NFO,27/02/2025,09:43:19,22695,22692.15,450,22693.95,300,375,12759450
NIFTY-II.NFO,27/02/2025,09:43:21,22693.25,22693.25,375,22694.2,375,900,12759450
NIFTY-II.NFO,27/02/2025,09:43:22,22693,22692.15,225,22693.15,450,600,12759450
NIFTY-II.NFO,27/02/2025,09:43:24,22693,22692.15,225,22692.5,150,600,12759450
NIFTY-II.NFO,27/02/2025,09:43:25,22693.5,22692.15,150,22693.1,150,2925,12759450
NIFTY-II.NFO,27/02/2025,09:43:27,22693.5,22692.15,150,22693.1,150,0,12759450
NIFTY-II.NFO,27/02/2025,09:43:29,22693.1,22692.15,150,22693.45,375,150,12759450
NIFTY-II.NFO,27/02/2025,09:43:30,22692.15,22692.15,75,22693,75,975,12759450
NIFTY-II.NFO,27/02/2025,09:43:32,22692.15,22692.45,75,22693,75,0,12759450
NIFTY-II.NFO,27/02/2025,09:43:34,22692.45,22692,1950,22693.6,300,225,12759450
NIFTY-II.NFO,27/02/2025,09:43:35,22692.15,22692,1950,22693.2,300,75,12759450
NIFTY-II.NFO,27/02/2025,09:43:37,22692.15,22692.5,75,22693.2,450,0,12759450
NIFTY-II.NFO,27/02/2025,09:43:38,22693.35,22692.5,75,22693.35,75,900,12759450
NIFTY-II.NFO,27/02/2025,09:43:40,22693.35,22692.5,75,22694.15,75,1200,12759450
NIFTY-II.NFO,27/02/2025,09:43:42,22693.35,22692.5,75,22694.15,75,0,12759450
NIFTY-II.NFO,27/02/2025,09:43:43,22695.4,22692,1875,22694.75,300,750,12759450
NIFTY-II.NFO,27/02/2025,09:43:45,22695.4,22692,1875,22692.5,75,0,12759450
NIFTY-II.NFO,27/02/2025,09:43:47,22695.4,22692,1875,22694.45,300,150,12759450
NIFTY-II.NFO,27/02/2025,09:43:48,22695.2,22693,150,22694.55,300,75,12759450
NIFTY-II.NFO,27/02/2025,09:43:50,22694.75,22693,150,22694.75,225,450,12759450
NIFTY-II.NFO,27/02/2025,09:43:52,22694.75,22693,150,22694.95,75,0,12759450
NIFTY-II.NFO,27/02/2025,09:43:53,22695.35,22693,75,22695,300,1275,12759450
NIFTY-II.NFO,27/02/2025,09:43:55,22694.55,22693,75,22695.2,150,150,12759450
NIFTY-II.NFO,27/02/2025,09:43:57,22694.75,22693.25,75,22693.85,75,75,12759450
NIFTY-II.NFO,27/02/2025,09:43:58,22693,22692.5,525,22693.85,75,225,12759450
NIFTY-II.NFO,27/02/2025,09:44:00,22693.85,22692.5,525,22694.95,225,375,12759450
NIFTY-II.NFO,27/02/2025,09:44:01,22693.25,22692.5,525,22695.2,150,1425,12759450
NIFTY-II.NFO,27/02/2025,09:44:03,22695.4,22692.5,300,22695.65,75,600,12759450
NIFTY-II.NFO,27/02/2025,09:44:05,22695.65,22692.5,225,22695,75,1200,12759450
NIFTY-II.NFO,27/02/2025,09:44:06,22695,22692.5,225,22695,375,75,12759450
NIFTY-II.NFO,27/02/2025,09:44:08,22693,22692.5,75,22695,150,225,12759450
NIFTY-II.NFO,27/02/2025,09:44:10,22693,22692.55,600,22695,300,0,12759450
NIFTY-II.NFO,27/02/2025,09:44:11,22695,22695,150,22697,75,3300,12759450
NIFTY-II.NFO,27/02/2025,09:44:13,22692.5,22692.05,600,22695,75,1050,12759450
NIFTY-II.NFO,27/02/2025,09:44:15,22692.5,22692.05,600,22695,150,675,12759450
NIFTY-II.NFO,27/02/2025,09:44:16,22695,22692.6,675,22697.85,450,150,12759450
NIFTY-II.NFO,27/02/2025,09:44:18,22693.05,22693.25,600,22698.5,300,375,12759450
NIFTY-II.NFO,27/02/2025,09:44:20,22694.05,22694.1,675,22698.85,75,225,12759450
NIFTY-II.NFO,27/02/2025,09:44:21,22699.5,22694.05,600,22699.55,375,675,12759450
NIFTY-II.NFO,27/02/2025,09:44:23,22700,22694.7,675,22699.85,300,600,12759450
NIFTY-II.NFO,27/02/2025,09:44:24,22700,22695.45,600,22700,2325,75,12759450
NIFTY-II.NFO,27/02/2025,09:44:26,22700,22698.85,75,22700,2250,75,12759450
NIFTY-II.NFO,27/02/2025,09:44:28,22695.65,22695.65,525,22699.95,75,225,12759450
NIFTY-II.NFO,27/02/2025,09:44:29,22700,22695.7,75,22700,2100,225,12759450
NIFTY-II.NFO,27/02/2025,09:44:31,22700,22695.75,450,22700,2025,75,12759450
NIFTY-II.NFO,27/02/2025,09:44:33,22700,22695.7,75,22700,2025,0,12759450
NIFTY-II.NFO,27/02/2025,09:44:34,22700,22696,150,22699.6,300,75,12759450
NIFTY-II.NFO,27/02/2025,09:44:36,22699.6,22696,75,22699.6,75,975,12759450
NIFTY-II.NFO,27/02/2025,09:44:38,22699.6,22696,75,22699.55,75,0,12759450
NIFTY-II.NFO,27/02/2025,09:44:39,22699.6,22696,75,22699.55,150,0,12759450
NIFTY-II.NFO,27/02/2025,09:44:41,22696,22695,975,22698.05,150,150,12759450
NIFTY-II.NFO,27/02/2025,09:44:43,22695,22695,900,22698,75,225,12759450
NIFTY-II.NFO,27/02/2025,09:44:44,22698,22695,1800,22698.85,300,75,12759450
NIFTY-II.NFO,27/02/2025,09:44:46,22698,22695,1800,22698.8,300,0,12759450
NIFTY-II.NFO,27/02/2025,09:44:47,22699,22696,75,22698.5,75,600,12759450
NIFTY-II.NFO,27/02/2025,09:44:49,22699,22696,75,22697.6,75,0,12759450
NIFTY-II.NFO,27/02/2025,09:44:51,22697.4,22696,75,22697.5,75,375,12759450
NIFTY-II.NFO,27/02/2025,09:44:52,22697.3,22696,75,22697.6,600,300,12759450
NIFTY-II.NFO,27/02/2025,09:44:54,22697.3,22696,75,22697.45,375,0,12759450
NIFTY-II.NFO,27/02/2025,09:44:56,22697.3,22696,75,22697.3,375,0,12759450
NIFTY-II.NFO,27/02/2025,09:44:57,22697.3,22696,75,22697.25,75,75,12759450
NIFTY-II.NFO,27/02/2025,09:44:59,22697.3,22696,75,22697.2,75,0,12759450
NIFTY-II.NFO,27/02/2025,09:45:00,22697.3,22696,75,22696.7,75,75,12759450
NIFTY-II.NFO,27/02/2025,09:45:02,22696.75,22696,75,22697,600,450,12759450
NIFTY-II.NFO,27/02/2025,09:45:04,22696.95,22696,75,22697,525,75,12759450
NIFTY-II.NFO,27/02/2025,09:45:05,22696,22695,2100,22696.75,300,375,12759450
NIFTY-II.NFO,27/02/2025,09:45:07,22696.65,22695,1950,22696.6,375,375,12759450
NIFTY-II.NFO,27/02/2025,09:45:09,22695,22695,1875,22696.25,300,150,12759450
NIFTY-II.NFO,27/02/2025,09:45:10,22696.05,22695,1650,22695.95,300,375,12759450
NIFTY-II.NFO,27/02/2025,09:45:12,22695,22695,1575,22695.75,225,225,12759450
NIFTY-II.NFO,27/02/2025,09:45:13,22695.25,22694,150,22695.25,225,1800,12759450
NIFTY-II.NFO,27/02/2025,09:45:15,22693.55,22693,75,22694,75,300,12759450
NIFTY-II.NFO,27/02/2025,09:45:17,22692.9,22692,1875,22693.85,300,975,12759450
NIFTY-II.NFO,27/02/2025,09:45:18,22693.8,22692.05,75,22693.85,225,150,12759450
NIFTY-II.NFO,27/02/2025,09:45:20,22692.05,22693.25,75,22693.85,150,150,12759450
NIFTY-II.NFO,27/02/2025,09:45:22,22693.85,22693.25,75,22695.25,150,225,12759450
NIFTY-II.NFO,27/02/2025,09:45:23,22693.85,22693.25,75,22694.8,375,75,12759450
NIFTY-II.NFO,27/02/2025,09:45:25,22693.85,22693.25,75,22694.95,300,75,12759450
NIFTY-II.NFO,27/02/2025,09:45:26,22694.95,22693.25,75,22695.25,150,75,12759450
NIFTY-II.NFO,27/02/2025,09:45:28,22695.3,22693.25,75,22696.25,300,450,12759450
NIFTY-II.NFO,27/02/2025,09:45:30,22695.25,22693.25,75,22695.35,300,75,12759450
NIFTY-II.NFO,27/02/2025,09:45:31,22695.25,22693.25,75,22694.55,300,0,12759450
NIFTY-II.NFO,27/02/2025,09:45:33,22693.25,22693.25,75,22694.55,300,975,12759450
NIFTY-II.NFO,27/02/2025,09:45:35,22693.25,22693.05,75,22693.25,75,150,12759450
NIFTY-II.NFO,27/02/2025,09:45:36,22692,22692,1275,22694.25,225,825,12759450
NIFTY-II.NFO,27/02/2025,09:45:38,22692,22692,750,22693.4,150,1875,12759450
NIFTY-II.NFO,27/02/2025,09:45:40,22692,22692,750,22693,150,0,12759450
NIFTY-II.NFO,27/02/2025,09:45:41,22693.05,22692,600,22693.05,300,375,12759450
NIFTY-II.NFO,27/02/2025,09:45:43,22692,22692,525,22693.6,75,225,12759450
NIFTY-II.NFO,27/02/2025,09:45:45,22692,22692,225,22692.95,75,375,12788400
NIFTY-II.NFO,27/02/2025,09:45:46,22692,22691,75,22691.75,300,225,12788400
NIFTY-II.NFO,27/02/2025,09:45:48,22692.4,22690.25,75,22692.05,75,1125,12788400
NIFTY-II.NFO,27/02/2025,09:45:49,22691.35,22690.25,75,22691.55,300,1500,12788400
NIFTY-II.NFO,27/02/2025,09:45:51,22691.35,22690.25,75,22691.55,300,0,12788400
NIFTY-II.NFO,27/02/2025,09:45:53,22690.05,22690.05,675,22691.3,300,150,12788400
NIFTY-II.NFO,27/02/2025,09:45:54,22691.35,22690.05,675,22691.6,300,75,12788400
NIFTY-II.NFO,27/02/2025,09:45:56,22691.6,22690.05,675,22691.35,225,150,12788400
NIFTY-II.NFO,27/02/2025,09:45:58,22690.05,22690.05,150,22691.35,225,975,12788400
NIFTY-II.NFO,27/02/2025,09:45:59,22692.35,22690,1725,22692.2,300,525,12788400
NIFTY-II.NFO,27/02/2025,09:46:01,22690.05,22690,1725,22691.55,375,75,12788400
NIFTY-II.NFO,27/02/2025,09:46:03,22691.55,22691.55,900,22693.05,75,225,12788400
NIFTY-II.NFO,27/02/2025,09:46:05,22693.75,22691.55,375,22693.9,300,675,12788400
NIFTY-II.NFO,27/02/2025,09:46:06,22694.45,22691.55,300,22695,600,2475,12788400
NIFTY-II.NFO,27/02/2025,09:46:08,22695,22691.6,375,22695,450,300,12788400
NIFTY-II.NFO,27/02/2025,09:46:10,22693.9,22693.9,75,22695,375,150,12788400
NIFTY-II.NFO,27/02/2025,09:46:11,22695,22693.9,75,22695,225,300,12788400
NIFTY-II.NFO,27/02/2025,09:46:13,22695,22693.9,75,22695,75,150,12788400
NIFTY-II.NFO,27/02/2025,09:46:15,22695,22693.9,75,22695,75,0,12788400
NIFTY-II.NFO,27/02/2025,09:46:20,22695.35,22691.55,75,22696.75,300,1350,12788400
NIFTY-II.NFO,27/02/2025,09:46:21,22696.75,22692,300,22697,75,375,12788400
NIFTY-II.NFO,27/02/2025,09:46:23,22696.75,22695.35,75,22697,75,0,12788400
NIFTY-II.NFO,27/02/2025,09:46:25,22697,22695.35,75,22697.05,150,75,12788400
NIFTY-II.NFO,27/02/2025,09:46:26,22695.35,22696.75,75,22697.05,150,375,12788400
NIFTY-II.NFO,27/02/2025,09:46:28,22697.05,22697.05,150,22698,150,675,12788400
NIFTY-II.NFO,27/02/2025,09:46:30,22698,22697.05,150,22699,75,150,12788400
NIFTY-II.NFO,27/02/2025,09:46:31,22698,22697.05,150,22699,75,75,12788400
NIFTY-II.NFO,27/02/2025,09:46:33,22699.55,22698,225,22699,75,225,12788400
NIFTY-II.NFO,27/02/2025,09:46:35,22697.65,22696.75,75,22697.65,150,300,12788400
NIFTY-II.NFO,27/02/2025,09:46:36,22697.65,22696.75,75,22697.65,150,75,12788400
NIFTY-II.NFO,27/02/2025,09:46:38,22697.65,22696.75,75,22697.65,75,225,12788400
NIFTY-II.NFO,27/02/2025,09:46:40,22697.5,22696.75,75,22699.4,300,750,12788400
NIFTY-II.NFO,27/02/2025,09:46:41,22699.55,22697.5,150,22700,1800,825,12788400
NIFTY-II.NFO,27/02/2025,09:46:43,22700.9,22699,1650,22702.25,300,2400,12788400
NIFTY-II.NFO,27/02/2025,09:46:45,22701.75,22699.15,150,22704,75,2625,12788400
NIFTY-II.NFO,27/02/2025,09:46:46,22704.1,22700.8,225,22704.85,150,2250,12788400
NIFTY-II.NFO,27/02/2025,09:46:48,22704.85,22701.9,75,22704.85,150,2325,12788400
NIFTY-II.NFO,27/02/2025,09:46:49,22705,22700.05,75,22704.85,450,2250,12788400
NIFTY-II.NFO,27/02/2025,09:46:51,22704.25,22700,450,22705.1,300,2775,12788400
NIFTY-II.NFO,27/02/2025,09:46:53,22704.25,22701.75,150,22705.45,75,1950,12788400
NIFTY-II.NFO,27/02/2025,09:46:54,22704.75,22701.75,150,22704.8,225,2250,12788400
NIFTY-II.NFO,27/02/2025,09:46:56,22704.75,22701.75,150,22703,300,2025,12788400
NIFTY-II.NFO,27/02/2025,09:46:58,22703,22701.75,150,22703,150,2100,12788400
NIFTY-II.NFO,27/02/2025,09:46:59,22703,22701.75,150,22703.6,75,2175,12788400
NIFTY-II.NFO,27/02/2025,09:47:01,22704.75,22701.75,75,22704.75,300,4200,12788400
NIFTY-II.NFO,27/02/2025,09:47:03,22705.05,22700.45,75,22704.7,300,2625,12788400
NIFTY-II.NFO,27/02/2025,09:47:04,22704.8,22700.45,75,22704.25,675,2400,12788400
NIFTY-II.NFO,27/02/2025,09:47:06,22704.8,22703,150,22703.7,975,1950,12788400
NIFTY-II.NFO,27/02/2025,09:47:07,22704.45,22703,150,22703.8,75,4575,12788400
NIFTY-II.NFO,27/02/2025,09:47:09,22704.45,22703,150,22703.8,75,2925,12788400
NIFTY-II.NFO,27/02/2025,09:47:11,22703,22700.45,75,22703,450,2250,12788400
NIFTY-II.NFO,27/02/2025,09:47:12,22702.65,22700,300,22703,300,4875,12788400
NIFTY-II.NFO,27/02/2025,09:47:14,22702.65,22700,300,22702.8,75,2025,12788400
NIFTY-II.NFO,27/02/2025,09:47:16,22702.1,22700,225,22700.9,75,2100,12788400
NIFTY-II.NFO,27/02/2025,09:47:17,22700,22697.65,75,22701.3,225,2100,12788400
NIFTY-II.NFO,27/02/2025,09:47:19,22696.2,22695.1,225,22701.25,75,4125,12788400
NIFTY-II.NFO,27/02/2025,09:47:20,22696.75,22695.75,600,22701.25,75,225,12788400
NIFTY-II.NFO,27/02/2025,09:47:22,22696.75,22695.7,600,22701.25,150,2025,12788400
NIFTY-II.NFO,27/02/2025,09:47:24,22700,22696.35,600,22702.25,375,2925,12788400
NIFTY-II.NFO,27/02/2025,09:47:25,22700,22696.15,600,22701.95,75,1950,12788400
NIFTY-II.NFO,27/02/2025,09:47:27,22702.1,22695.85,150,22701.7,150,2100,12788400
NIFTY-II.NFO,27/02/2025,09:47:29,22702,22695.85,375,22701.9,75,4200,12788400
NIFTY-II.NFO,27/02/2025,09:47:30,22701.85,22695.85,375,22701.65,75,2175,12788400
NIFTY-II.NFO,27/02/2025,09:47:32,22701.95,22695.85,375,22701.5,75,2775,12788400
NIFTY-II.NFO,27/02/2025,09:47:33,22701.65,22698.8,150,22701.9,75,4200,12788400
NIFTY-II.NFO,27/02/2025,09:47:35,22701.5,22698.8,150,22701.75,75,2700,12788400
NIFTY-II.NFO,27/02/2025,09:47:37,22701.5,22698.8,150,22702,225,75,12788400
NIFTY-II.NFO,27/02/2025,09:47:38,22701.5,22700,1500,22701.95,75,150,12788400
NIFTY-II.NFO,27/02/2025,09:47:40,22702,22700,1500,22701.9,75,150,12788400
NIFTY-II.NFO,27/02/2025,09:47:41,22701.6,22700,1350,22701.65,300,225,12788400
NIFTY-II.NFO,27/02/2025,09:47:43,22700,22700,1125,22701.6,75,375,12788400
NIFTY-II.NFO,27/02/2025,09:47:45,22702,22700,1125,22702,75,150,12788400
NIFTY-II.NFO,27/02/2025,09:47:46,22700,22700,1050,22702,75,150,12788400
NIFTY-II.NFO,27/02/2025,09:47:48,22700,22700,1350,22701.95,75,75,12788400
NIFTY-II.NFO,27/02/2025,09:47:49,22700,22700,1350,22701.95,75,75,12788400
NIFTY-II.NFO,27/02/2025,09:47:51,22700,22700,1350,22701.95,75,3975,12788400
NIFTY-II.NFO,27/02/2025,09:47:53,22702,22700,1350,22703,75,2250,12788400
NIFTY-II.NFO,27/02/2025,09:47:54,22700,22700,1275,22703,75,2025,12788400
NIFTY-II.NFO,27/02/2025,09:47:56,22700,22700,1350,22702,75,2100,12788400
NIFTY-II.NFO,27/02/2025,09:47:58,22700,22700,3225,22702,75,2250,12788400
NIFTY-II.NFO,27/02/2025,09:47:59,22700,22700,3450,22702.45,150,3750,12788400
NIFTY-II.NFO,27/02/2025,09:48:01,22702.4,22700,3450,22702.45,75,4050,12788400
NIFTY-II.NFO,27/02/2025,09:48:03,22702.1,22700,3450,22701.95,75,2400,12788400
NIFTY-II.NFO,27/02/2025,09:48:04,22701.8,22700,3450,22701.9,75,150,12788400
NIFTY-II.NFO,27/02/2025,09:48:06,22700,22700.1,75,22701.85,75,150,12788400
NIFTY-II.NFO,27/02/2025,09:48:08,22700,22700.1,450,22701.65,225,0,12788400
NIFTY-II.NFO,27/02/2025,09:48:09,22701.05,22701.05,150,22701.6,75,75,12788400
NIFTY-II.NFO,27/02/2025,09:48:11,22701.05,22700.1,450,22701.1,75,300,12788400
NIFTY-II.NFO,27/02/2025,09:48:13,22700,22700,2400,22700.95,75,3450,12788400
NIFTY-II.NFO,27/02/2025,09:48:14,22700,22700.1,75,22700.4,75,0,12788400
NIFTY-II.NFO,27/02/2025,09:48:16,22700.1,22700,2100,22700.1,75,375,12788400
NIFTY-II.NFO,27/02/2025,09:48:18,22700.4,22700,2100,22700.45,75,375,12788400
NIFTY-II.NFO,27/02/2025,09:48:19,22700,22700,1950,22700.35,75,150,12788400
NIFTY-II.NFO,27/02/2025,09:48:21,22701.5,22700,2025,22701.5,75,225,12788400
NIFTY-II.NFO,27/02/2025,09:48:23,22700.45,22700,2100,22701.25,75,2100,12788400
NIFTY-II.NFO,27/02/2025,09:48:24,22700.45,22700,2100,22700.45,75,2025,12788400
NIFTY-II.NFO,27/02/2025,09:48:26,22700.35,22700,2025,22700.4,150,2100,12788400
NIFTY-II.NFO,27/02/2025,09:48:28,22700,22700,1950,22700.4,150,225,12788400
NIFTY-II.NFO,27/02/2025,09:48:29,22700,22698,75,22699.55,75,3975,12788400
NIFTY-II.NFO,27/02/2025,09:48:31,22699.55,22698,75,22700,75,75,12788400
NIFTY-II.NFO,27/02/2025,09:48:33,22698,22697.65,150,22700.05,150,2325,12788400
NIFTY-II.NFO,27/02/2025,09:48:34,22698,22695.35,600,22700.25,75,375,12788400
NIFTY-II.NFO,27/02/2025,09:48:36,22700,22695.35,600,22700,75,150,12788400
NIFTY-II.NFO,27/02/2025,09:48:38,22699.85,22695.35,600,22699.9,75,2325,12788400
NIFTY-II.NFO,27/02/2025,09:48:39,22699.45,22698,600,22699.55,75,1875,12788400
NIFTY-II.NFO,27/02/2025,09:48:41,22698,22698,375,22699.75,75,300,12788400
NIFTY-II.NFO,27/02/2025,09:48:43,22698,22698,375,22699.55,75,0,12788400
NIFTY-II.NFO,27/02/2025,09:48:44,22698,22698,150,22699.6,75,300,12911850
NIFTY-II.NFO,27/02/2025,09:48:46,22698,22698,150,22699.7,375,0,12911850
NIFTY-II.NFO,27/02/2025,09:48:48,22698,22696.05,600,22699.7,375,225,12911850
NIFTY-II.NFO,27/02/2025,09:48:50,22699.7,22696.05,600,22699.7,300,1950,12911850
NIFTY-II.NFO,27/02/2025,09:48:51,22700,22697.85,150,22700,450,225,12911850
NIFTY-II.NFO,27/02/2025,09:48:53,22701,22697.85,150,22701,300,450,12911850
NIFTY-II.NFO,27/02/2025,09:48:54,22700.7,22696.05,600,22700.6,75,450,12911850
NIFTY-II.NFO,27/02/2025,09:48:56,22699.75,22696.4,75,22700.15,300,375,12911850
NIFTY-II.NFO,27/02/2025,09:48:58,22699.6,22696.4,75,22699.45,75,225,12911850
NIFTY-II.NFO,27/02/2025,09:48:59,22698.95,22696.4,75,22698.95,75,375,12911850
NIFTY-II.NFO,27/02/2025,09:49:01,22699.65,22696.45,600,22699.7,150,300,12911850
NIFTY-II.NFO,27/02/2025,09:49:03,22700,22699,75,22700,150,225,12911850
NIFTY-II.NFO,27/02/2025,09:49:04,22702.05,22698,300,22702.15,525,1725,12911850
NIFTY-II.NFO,27/02/2025,09:49:06,22702.05,22699.45,150,22700.45,75,0,12911850
NIFTY-II.NFO,27/02/2025,09:49:08,22699.95,22698,300,22699.95,75,450,12911850
NIFTY-II.NFO,27/02/2025,09:49:09,22700.1,22698,300,22699.95,75,300,12911850
NIFTY-II.NFO,27/02/2025,09:49:11,22698,22698,225,22700.45,375,975,12911850
NIFTY-II.NFO,27/02/2025,09:49:13,22700.45,22698,150,22700.15,150,300,12911850
NIFTY-II.NFO,27/02/2025,09:49:14,22698,22697,75,22698,1650,450,12911850
NIFTY-II.NFO,27/02/2025,09:49:16,22698,22697,75,22700.15,150,3450,12911850
NIFTY-II.NFO,27/02/2025,09:49:18,22697,22696.4,75,22700.15,150,150,12911850
NIFTY-II.NFO,27/02/2025,09:49:19,22697,22696.4,75,22700.15,150,1425,12911850
NIFTY-II.NFO,27/02/2025,09:49:21,22700.4,22695.3,75,22700.4,150,900,12911850
NIFTY-II.NFO,27/02/2025,09:49:23,22699.8,22695.3,75,22699.7,150,75,12911850
NIFTY-II.NFO,27/02/2025,09:49:24,22700,22695.3,75,22700.55,150,1800,12911850
NIFTY-II.NFO,27/02/2025,09:49:26,22699.95,22695.3,75,22700.45,600,225,12911850
NIFTY-II.NFO,27/02/2025,09:49:28,22697.35,22695,1200,22699.5,150,2025,12911850
NIFTY-II.NFO,27/02/2025,09:49:29,22699.45,22695,1200,22699.6,150,225,12911850
NIFTY-II.NFO,27/02/2025,09:49:31,22699,22695,1200,22699.4,75,525,12911850
NIFTY-II.NFO,27/02/2025,09:49:32,22698.05,22695,1500,22698.6,75,2025,12911850
NIFTY-II.NFO,27/02/2025,09:49:34,22698.05,22695,1500,22698.25,75,900,12911850
NIFTY-II.NFO,27/02/2025,09:49:36,22697,22695,1425,22697.35,75,450,12911850
NIFTY-II.NFO,27/02/2025,09:49:37,22697,22695,1425,22696.5,75,0,12911850
NIFTY-II.NFO,27/02/2025,09:49:39,22697.45,22695,1425,22696.2,75,525,12911850
NIFTY-II.NFO,27/02/2025,09:49:41,22697.45,22695,1500,22696.05,75,975,12911850
NIFTY-II.NFO,27/02/2025,09:49:42,22697,22697,1575,22697.65,300,450,12911850
NIFTY-II.NFO,27/02/2025,09:49:44,22697,22697,1050,22697.3,150,525,12911850
NIFTY-II.NFO,27/02/2025,09:49:46,22696.05,22696.05,375,22697,75,1125,12911850
NIFTY-II.NFO,27/02/2025,09:49:47,22696.05,22695,1500,22696,75,375,12911850
NIFTY-II.NFO,27/02/2025,09:49:49,22695.25,22695,1350,22695.2,75,225,12911850
NIFTY-II.NFO,27/02/2025,09:49:51,22695.2,22693,150,22695.45,75,3300,12911850
NIFTY-II.NFO,27/02/2025,09:49:52,22695.15,22693,75,22695.45,75,225,12911850
NIFTY-II.NFO,27/02/2025,09:49:54,22694.8,22692,150,22695.5,225,150,12911850
NIFTY-II.NFO,27/02/2025,09:49:56,22695,22692,150,22695.45,75,75,12911850
NIFTY-II.NFO,27/02/2025,09:49:57,22695.45,22693,1800,22695.4,300,150,12911850
NIFTY-II.NFO,27/02/2025,09:49:59,22694.75,22693,1725,22695,150,150,12911850
NIFTY-II.NFO,27/02/2025,09:50:01,22693,22693,1275,22694.1,150,450,12911850
NIFTY-II.NFO,27/02/2025,09:50:02,22693,22693,1125,22695.2,75,600,12911850
NIFTY-II.NFO,27/02/2025,09:50:04,22693,22693,1050,22695.1,150,150,12911850
NIFTY-II.NFO,27/02/2025,09:50:06,22693,22693,1050,22695.45,75,0,12911850
NIFTY-II.NFO,27/02/2025,09:50:07,22693,22693,1050,22695.2,375,975,12911850
NIFTY-II.NFO,27/02/2025,09:50:09,22696,22693,750,22695.35,75,1125,12911850
NIFTY-II.NFO,27/02/2025,09:50:11,22693,22693,675,22695.25,150,75,12911850
