Ticker,Date,Time,LTP,BuyPrice,BuyQty,SellPrice,SellQty,LTQ,OpenInterest
NIFTY-I.NFO,27/02/2025,09:15:00,22580,22585.95,75,22595.55,300,10875,7711800
NIFTY-I.NFO,27/02/2025,09:15:00,22580,22585.95,75,22595.55,300,0,7711800
NIFTY-I.NFO,27/02/2025,09:15:00,22605.05,22585.95,75,22595.55,300,0,7711800
NIFTY-I.NFO,27/02/2025,09:15:00,22580,22585.95,75,22595.55,300,0,7711800
NIFTY-I.NFO,27/02/2025,09:15:01,22589.9,22587.3,300,22598.5,300,2400,7711800
NIFTY-I.NFO,27/02/2025,09:15:03,22579.9,22579.85,75,22585.45,300,5925,7711800
NIFTY-I.NFO,27/02/2025,09:15:03,22575.35,22579.85,75,22585.45,300,0,7711800
NIFTY-I.NFO,27/02/2025,09:15:04,22581.75,22580.55,375,22589.75,150,675,7711800
NIFTY-I.NFO,27/02/2025,09:15:06,22583.1,22584.5,75,22589.95,375,2475,7711800
NIFTY-I.NFO,27/02/2025,09:15:07,22595.8,22590,75,22595.7,450,2025,7711800
NIFTY-I.NFO,27/02/2025,09:15:09,22585,22583.7,300,22590.65,525,2250,7711800
NIFTY-I.NFO,27/02/2025,09:15:10,22588.6,22588.6,75,22596.35,300,1050,7711800
NIFTY-I.NFO,27/02/2025,09:15:12,22594.25,22587.65,375,22595,300,1500,7711800
NIFTY-I.NFO,27/02/2025,09:15:13,22590,22589.35,150,22595.8,75,4050,7711800
NIFTY-I.NFO,27/02/2025,09:15:15,22589.85,22589.85,225,22595.8,75,2025,7711800
NIFTY-I.NFO,27/02/2025,09:15:16,22590.5,22589,75,22595.55,300,375,7711800
NIFTY-I.NFO,27/02/2025,09:15:18,22592.25,22592.9,75,22595,75,1800,7711800
NIFTY-I.NFO,27/02/2025,09:15:20,22593.15,22595,150,22598.35,300,525,7711800
NIFTY-I.NFO,27/02/2025,09:15:21,22597.7,22591.05,225,22598.1,300,300,7711800
NIFTY-I.NFO,27/02/2025,09:15:23,22589.4,22589.5,300,22595,75,3300,7711800
NIFTY-I.NFO,27/02/2025,09:15:24,22598.2,22591.7,300,22598.25,75,1125,7711800
NIFTY-I.NFO,27/02/2025,09:15:26,22589.5,22590.8,825,22596.7,75,4050,7711800
NIFTY-I.NFO,27/02/2025,09:15:27,22595.35,22595.35,600,22596,150,375,7711800
NIFTY-I.NFO,27/02/2025,09:15:29,22597.95,22595.55,9900,22597.7,75,1275,7711800
NIFTY-I.NFO,27/02/2025,09:15:30,22595.55,22595.55,9675,22596,300,825,7711800
NIFTY-I.NFO,27/02/2025,09:15:32,22596,22595.6,75,22596,150,150,7711800
NIFTY-I.NFO,27/02/2025,09:15:34,22595.55,22595.55,9225,22596,75,600,7711800
NIFTY-I.NFO,27/02/2025,09:15:35,22595.55,22595.55,9075,22596.45,150,225,7711800
NIFTY-I.NFO,27/02/2025,09:15:37,22595.55,22595.55,6225,22595.6,75,3000,7711800
NIFTY-I.NFO,27/02/2025,09:15:38,22589.95,22588.5,75,22589.95,375,7575,7711800
NIFTY-I.NFO,27/02/2025,09:15:40,22589.9,22587,375,22589.95,450,450,7709325
NIFTY-I.NFO,27/02/2025,09:15:41,22587.1,22587.05,75,22589.95,450,150,7709325
NIFTY-I.NFO,27/02/2025,09:15:43,22586.95,22586,75,22587.1,225,450,7709325
NIFTY-I.NFO,27/02/2025,09:15:45,22586,22585,150,22589.9,300,600,7709325
NIFTY-I.NFO,27/02/2025,09:15:46,22587.05,22585,75,22587.1,75,375,7709325
NIFTY-I.NFO,27/02/2025,09:15:48,22586,22583.3,75,22587.05,1425,975,7709325
NIFTY-I.NFO,27/02/2025,09:15:49,22587,22586,75,22587.05,2175,825,7709325
NIFTY-I.NFO,27/02/2025,09:15:51,22582.2,22582.15,75,22585.95,225,300,7709325
NIFTY-I.NFO,27/02/2025,09:15:53,22581.2,22581.2,300,22585.95,150,1350,7709325
NIFTY-I.NFO,27/02/2025,09:15:54,22580.55,22580.6,375,22586.95,375,375,7709325
NIFTY-I.NFO,27/02/2025,09:15:56,22580.05,22580.3,600,22586.95,375,1650,7709325
NIFTY-I.NFO,27/02/2025,09:15:57,22581.1,22580.8,75,22586.95,375,375,7709325
NIFTY-I.NFO,27/02/2025,09:15:59,22585.95,22582.2,600,22586.45,75,750,7709325
NIFTY-I.NFO,27/02/2025,09:16:01,22586.95,22586.95,900,22587,375,525,7709325
NIFTY-I.NFO,27/02/2025,09:16:02,22582.75,22585.9,150,22585.95,75,1500,7709325
NIFTY-I.NFO,27/02/2025,09:16:04,22587,22586.3,900,22587,150,4200,7709325
NIFTY-I.NFO,27/02/2025,09:16:05,22586.55,22586,375,22587.05,675,1425,7709325
NIFTY-I.NFO,27/02/2025,09:16:07,22587.2,22587.45,675,22590,975,2025,7709325
NIFTY-I.NFO,27/02/2025,09:16:08,22590,22589.8,75,22590,525,2850,7709325
NIFTY-I.NFO,27/02/2025,09:16:10,22590,22588.3,375,22590,225,825,7709325
NIFTY-I.NFO,27/02/2025,09:16:12,22592,22590.65,375,22595,300,825,7709325
NIFTY-I.NFO,27/02/2025,09:16:13,22591.35,22591.2,150,22595,300,750,7709325
NIFTY-I.NFO,27/02/2025,09:16:15,22592.85,22591.95,75,22595,300,225,7709325
NIFTY-I.NFO,27/02/2025,09:16:16,22592,22592,525,22597.9,300,3975,7709325
NIFTY-I.NFO,27/02/2025,09:16:18,22597.95,22591.9,75,22596.1,525,375,7709325
NIFTY-I.NFO,27/02/2025,09:16:19,22589.7,22590.15,75,22594,150,975,7709325
NIFTY-I.NFO,27/02/2025,09:16:21,22592.8,22591.95,450,22597.95,300,750,7709325
NIFTY-I.NFO,27/02/2025,09:16:23,22597.05,22594,75,22598.85,300,2250,7709325
NIFTY-I.NFO,27/02/2025,09:16:24,22597.95,22594.15,75,22597.9,225,1275,7709325
NIFTY-I.NFO,27/02/2025,09:16:26,22594,22594,75,22597.95,300,750,7709325
NIFTY-I.NFO,27/02/2025,09:16:27,22594,22594.15,600,22595,75,450,7709325
NIFTY-I.NFO,27/02/2025,09:16:29,22595,22595,825,22597,300,1050,7709325
NIFTY-I.NFO,27/02/2025,09:16:31,22597,22595,750,22597,75,300,7709325
NIFTY-I.NFO,27/02/2025,09:16:32,22595,22595,450,22597.05,675,525,7709325
NIFTY-I.NFO,27/02/2025,09:16:34,22598,22595,450,22598,225,1500,7709325
NIFTY-I.NFO,27/02/2025,09:16:35,22595,22592.25,75,22597,150,450,7709325
NIFTY-I.NFO,27/02/2025,09:16:37,22592.25,22592.05,225,22597.95,150,450,7709325
NIFTY-I.NFO,27/02/2025,09:16:39,22598,22595.35,150,22597,300,5550,7709325
NIFTY-I.NFO,27/02/2025,09:16:40,22594.1,22593.85,675,22595,75,975,7709325
NIFTY-I.NFO,27/02/2025,09:16:42,22597,22593.85,375,22597,300,300,7709325
NIFTY-I.NFO,27/02/2025,09:16:43,22596,22594,1125,22596,300,450,7709325
NIFTY-I.NFO,27/02/2025,09:16:45,22597,22594.3,375,22597,150,600,7709325
NIFTY-I.NFO,27/02/2025,09:16:47,22594.3,22594.3,225,22597.95,225,1275,7709325
NIFTY-I.NFO,27/02/2025,09:16:48,22594.3,22594,975,22598,1950,300,7709325
NIFTY-I.NFO,27/02/2025,09:16:50,22594,22594,975,22598,1800,600,7709325
NIFTY-I.NFO,27/02/2025,09:16:51,22596.05,22597,75,22598,1875,525,7709325
NIFTY-I.NFO,27/02/2025,09:16:53,22597,22593.2,450,22596.3,75,675,7709325
NIFTY-I.NFO,27/02/2025,09:16:54,22593.8,22593.7,150,22597,150,2400,7709325
NIFTY-I.NFO,27/02/2025,09:16:56,22592.1,22592.05,375,22597.95,300,675,7709325
NIFTY-I.NFO,27/02/2025,09:16:58,22592.1,22592.05,75,22596.05,75,0,7709325
NIFTY-I.NFO,27/02/2025,09:16:59,22596.05,22595.65,75,22595.7,75,225,7709325
NIFTY-I.NFO,27/02/2025,09:17:01,22593.6,22596.35,75,22597,150,450,7709325
NIFTY-I.NFO,27/02/2025,09:17:02,22597.6,22597.55,75,22598,1650,825,7709325
NIFTY-I.NFO,27/02/2025,09:17:04,22598,22594.6,75,22598,450,2175,7709325
NIFTY-I.NFO,27/02/2025,09:17:06,22597,22595,75,22597,75,750,7709325
NIFTY-I.NFO,27/02/2025,09:17:07,22594.95,22594.85,75,22598,375,2175,7709325
NIFTY-I.NFO,27/02/2025,09:17:09,22598,22596.95,150,22597.9,75,1200,7709325
NIFTY-I.NFO,27/02/2025,09:17:10,22596.25,22594.3,75,22596.25,75,1800,7709325
NIFTY-I.NFO,27/02/2025,09:17:12,22597.95,22595,375,22598,450,1725,7709325
NIFTY-I.NFO,27/02/2025,09:17:14,22595,22595,300,22597,75,225,7709325
NIFTY-I.NFO,27/02/2025,09:17:15,22595,22595.05,150,22599,975,1875,7709325
NIFTY-I.NFO,27/02/2025,09:17:17,22595,22595.05,225,22598,75,0,7709325
NIFTY-I.NFO,27/02/2025,09:17:18,22595.35,22595.6,75,22597.9,75,4200,7709325
NIFTY-I.NFO,27/02/2025,09:17:20,22598,22597.85,75,22599,75,450,7709325
NIFTY-I.NFO,27/02/2025,09:17:21,22595.05,22595.55,75,22600,8025,675,7709325
NIFTY-I.NFO,27/02/2025,09:17:23,22598,22596.05,75,22598,75,1200,7709325
NIFTY-I.NFO,27/02/2025,09:17:25,22596.75,22597.8,75,22600,7425,825,7709325
NIFTY-I.NFO,27/02/2025,09:17:26,22598,22598,150,22598.65,75,525,7709325
NIFTY-I.NFO,27/02/2025,09:17:28,22598,22598,450,22599,75,525,7709325
NIFTY-I.NFO,27/02/2025,09:17:29,22598.95,22598,225,22598.65,825,375,7709325
NIFTY-I.NFO,27/02/2025,09:17:31,22595.05,22595,675,22597.45,75,1350,7709325
NIFTY-I.NFO,27/02/2025,09:17:33,22598.3,22595,300,22598.3,300,1125,7709325
NIFTY-I.NFO,27/02/2025,09:17:34,22597.25,22595,150,22597.25,525,2850,7709325
NIFTY-I.NFO,27/02/2025,09:17:36,22590.15,22595.05,150,22595.55,600,750,7709325
NIFTY-I.NFO,27/02/2025,09:17:37,22587.75,22588.5,75,22594.25,375,600,7709325
NIFTY-I.NFO,27/02/2025,09:17:39,22594,22594,75,22597,300,825,7709325
NIFTY-I.NFO,27/02/2025,09:17:41,22593.2,22591.75,75,22597,300,825,7709325
NIFTY-I.NFO,27/02/2025,09:17:42,22595.25,22595.25,75,22597,150,525,7709325
NIFTY-I.NFO,27/02/2025,09:17:44,22592.85,22592.55,75,22597,75,300,7709325
NIFTY-I.NFO,27/02/2025,09:17:45,22597,22595.05,75,22597.15,450,75,7709325
NIFTY-I.NFO,27/02/2025,09:17:47,22595.9,22595.5,75,22598,750,1425,7709325
NIFTY-I.NFO,27/02/2025,09:17:49,22597.75,22597.75,10800,22598,525,1425,7709325
NIFTY-I.NFO,27/02/2025,09:17:50,22598,22597.75,9450,22598,900,1500,7709325
NIFTY-I.NFO,27/02/2025,09:17:52,22597.75,22597.75,7875,22598,750,1800,7709325
NIFTY-I.NFO,27/02/2025,09:17:53,22597.75,22597.75,7200,22599,375,1425,7709325
NIFTY-I.NFO,27/02/2025,09:17:55,22597.75,22597.75,8550,22599,300,225,7709325
NIFTY-I.NFO,27/02/2025,09:17:56,22597.75,22597.75,6525,22598,450,2025,7709325
NIFTY-I.NFO,27/02/2025,09:17:58,22597.75,22597.75,5400,22599,300,1875,7709325
NIFTY-I.NFO,27/02/2025,09:18:00,22599,22597.75,5175,22599.7,900,600,7709325
NIFTY-I.NFO,27/02/2025,09:18:01,22600,22597.75,5175,22599.95,900,675,7709325
NIFTY-I.NFO,27/02/2025,09:18:03,22599.9,22597.75,2625,22599.9,825,2700,7709325
NIFTY-I.NFO,27/02/2025,09:18:04,22597.75,22597.75,300,22599,75,2550,7709325
NIFTY-I.NFO,27/02/2025,09:18:06,22599.15,22596.75,450,22600,7425,2400,7709325
NIFTY-I.NFO,27/02/2025,09:18:08,22599,22599,1275,22600,7425,525,7709325
NIFTY-I.NFO,27/02/2025,09:18:09,22600,22599.15,75,22600,7275,450,7709325
NIFTY-I.NFO,27/02/2025,09:18:11,22599.75,22599,1200,22599.15,225,375,7709325
NIFTY-I.NFO,27/02/2025,09:18:12,22600,22599,1125,22600,7425,525,7709325
NIFTY-I.NFO,27/02/2025,09:18:14,22599,22599,825,22600,7350,1425,7709325
NIFTY-I.NFO,27/02/2025,09:18:16,22599.95,22599.6,75,22600,7125,750,7709325
NIFTY-I.NFO,27/02/2025,09:18:17,22599,22599,675,22599.6,300,1350,7709325
NIFTY-I.NFO,27/02/2025,09:18:19,22599.7,22599.7,75,22599.9,300,375,7709325
NIFTY-I.NFO,27/02/2025,09:18:20,22599.7,22599,600,22599.95,75,1350,7709325
NIFTY-I.NFO,27/02/2025,09:18:22,22599.05,22599.05,225,22600,7050,525,7709325
NIFTY-I.NFO,27/02/2025,09:18:23,22599.05,22599.6,75,22599.7,225,675,7709325
NIFTY-I.NFO,27/02/2025,09:18:25,22599.7,22599.05,75,22599.7,225,750,7709325
NIFTY-I.NFO,27/02/2025,09:18:27,22600,22599.65,75,22600,7200,525,7709325
NIFTY-I.NFO,27/02/2025,09:18:28,22599,22599,975,22599.05,75,300,7709325
NIFTY-I.NFO,27/02/2025,09:18:30,22599,22599,450,22600,7050,3600,7709325
NIFTY-I.NFO,27/02/2025,09:18:31,22600,22599.3,225,22600,6000,2475,7709325
NIFTY-I.NFO,27/02/2025,09:18:33,22600,22599.3,225,22600,5850,225,7709325
NIFTY-I.NFO,27/02/2025,09:18:34,22599.3,22599.3,75,22599.95,75,300,7709325
NIFTY-I.NFO,27/02/2025,09:18:36,22599,22598.55,75,22599.95,375,1275,7709325
NIFTY-I.NFO,27/02/2025,09:18:38,22600,22597.9,150,22600,5850,4950,7709325
NIFTY-I.NFO,27/02/2025,09:18:39,22599,22597.7,375,22599,75,675,7709325
NIFTY-I.NFO,27/02/2025,09:18:41,22599.25,22598.7,225,22599.9,75,975,7662225
NIFTY-I.NFO,27/02/2025,09:18:42,22600,22598.7,225,22600,6750,2700,7662225
NIFTY-I.NFO,27/02/2025,09:18:44,22599,22598.7,225,22599.3,600,75,7662225
NIFTY-I.NFO,27/02/2025,09:18:45,22598.7,22598,150,22599.3,450,450,7662225
NIFTY-I.NFO,27/02/2025,09:18:47,22599.3,22599.25,75,22599.3,75,2625,7662225
NIFTY-I.NFO,27/02/2025,09:18:49,22599.6,22599,825,22599.6,675,675,7662225
NIFTY-I.NFO,27/02/2025,09:18:50,22599,22599,450,22599.6,675,375,7662225
NIFTY-I.NFO,27/02/2025,09:18:52,22599,22599,375,22599.6,675,75,7662225
NIFTY-I.NFO,27/02/2025,09:18:53,22599,22599,1200,22600,7125,2325,7662225
NIFTY-I.NFO,27/02/2025,09:18:55,22599,22599.6,75,22600,7050,300,7662225
NIFTY-I.NFO,27/02/2025,09:18:57,22600,22599,900,22600,7125,525,7662225
NIFTY-I.NFO,27/02/2025,09:18:58,22599,22599,825,22600,7125,75,7662225
NIFTY-I.NFO,27/02/2025,09:19:00,22599,22599,150,22600,6150,4950,7662225
NIFTY-I.NFO,27/02/2025,09:19:01,22599,22599,1125,22600,6075,450,7662225
NIFTY-I.NFO,27/02/2025,09:19:03,22599,22599,1200,22600,6075,75,7662225
NIFTY-I.NFO,27/02/2025,09:19:05,22599,22599,375,22600,5325,1575,7662225
NIFTY-I.NFO,27/02/2025,09:19:06,22599,22599,1575,22600,5100,2550,7662225
NIFTY-I.NFO,27/02/2025,09:19:08,22600,22599.7,75,22600,3300,1950,7662225
NIFTY-I.NFO,27/02/2025,09:19:10,22599,22599,1275,22600,3075,750,7662225
NIFTY-I.NFO,27/02/2025,09:19:11,22600,22599.5,75,22599.9,150,75,7662225
NIFTY-I.NFO,27/02/2025,09:19:13,22599.9,22599.9,150,22600,3675,525,7662225
NIFTY-I.NFO,27/02/2025,09:19:14,22600,22599.7,75,22600,3225,1950,7662225
NIFTY-I.NFO,27/02/2025,09:19:16,22599.2,22599,1275,22600,3300,450,7662225
NIFTY-I.NFO,27/02/2025,09:19:18,22599,22599,1125,22599.9,750,150,7662225
NIFTY-I.NFO,27/02/2025,09:19:19,22599.9,22599,1050,22599.9,825,225,7662225
NIFTY-I.NFO,27/02/2025,09:19:21,22599,22599,975,22599.9,825,75,7662225
NIFTY-I.NFO,27/02/2025,09:19:23,22599,22599,975,22599.9,675,525,7662225
NIFTY-I.NFO,27/02/2025,09:19:24,22599.9,22599,2025,22599.9,600,225,7662225
NIFTY-I.NFO,27/02/2025,09:19:26,22599.9,22599,2025,22599.9,450,150,7662225
NIFTY-I.NFO,27/02/2025,09:19:28,22599.9,22599,2025,22599.6,75,2175,7662225
NIFTY-I.NFO,27/02/2025,09:19:29,22599,22599,900,22599.6,75,1200,7662225
NIFTY-I.NFO,27/02/2025,09:19:31,22599.9,22599,675,22600,4800,675,7662225
NIFTY-I.NFO,27/02/2025,09:19:33,22599,22599,825,22600,4500,375,7662225
NIFTY-I.NFO,27/02/2025,09:19:34,22599.9,22599,825,22600,4425,900,7662225
NIFTY-I.NFO,27/02/2025,09:19:36,22599,22599,1350,22600,4500,750,7662225
NIFTY-I.NFO,27/02/2025,09:19:38,22599,22599,1050,22599.9,1500,600,7662225
NIFTY-I.NFO,27/02/2025,09:19:39,22599,22599,1500,22599.9,1500,1125,7662225
NIFTY-I.NFO,27/02/2025,09:19:41,22599,22597.55,75,22599,1575,2700,7662225
NIFTY-I.NFO,27/02/2025,09:19:42,22599,22598,75,22599,1725,4050,7662225
NIFTY-I.NFO,27/02/2025,09:19:44,22599,22598.95,75,22599,1200,1500,7662225
NIFTY-I.NFO,27/02/2025,09:19:46,22595,22595,150,22599,1275,525,7662225
NIFTY-I.NFO,27/02/2025,09:19:47,22599,22595.05,75,22599,975,1575,7662225
NIFTY-I.NFO,27/02/2025,09:19:49,22595.05,22595,150,22599,1125,75,7662225
NIFTY-I.NFO,27/02/2025,09:19:50,22595.05,22595.2,225,22598.85,225,150,7662225
NIFTY-I.NFO,27/02/2025,09:19:52,22595.05,22593.7,150,22595.05,1125,975,7662225
NIFTY-I.NFO,27/02/2025,09:19:54,22595.05,22595.55,450,22598.95,225,1200,7662225
NIFTY-I.NFO,27/02/2025,09:19:55,22595.65,22595.65,150,22598.65,225,1500,7662225
NIFTY-I.NFO,27/02/2025,09:19:57,22595.05,22594.1,150,22595.55,75,375,7662225
NIFTY-I.NFO,27/02/2025,09:19:59,22595.35,22593,75,22595.05,1125,750,7662225
NIFTY-I.NFO,27/02/2025,09:20:00,22593.5,22592.65,225,22595.05,1125,300,7662225
NIFTY-I.NFO,27/02/2025,09:20:02,22593.75,22594.9,75,22597,1050,4125,7662225
NIFTY-I.NFO,27/02/2025,09:20:04,22595.25,22595.25,150,22595.65,300,1350,7662225
NIFTY-I.NFO,27/02/2025,09:20:05,22595,22592.05,225,22595,375,300,7662225
NIFTY-I.NFO,27/02/2025,09:20:07,22592.05,22592.05,300,22595,375,450,7662225
NIFTY-I.NFO,27/02/2025,09:20:09,22592.05,22592.05,150,22595,525,300,7662225
NIFTY-I.NFO,27/02/2025,09:20:10,22592.05,22591,150,22595,525,1575,7662225
NIFTY-I.NFO,27/02/2025,09:20:12,22591.6,22591.6,450,22595,450,825,7662225
NIFTY-I.NFO,27/02/2025,09:20:14,22595.05,22595,225,22595.05,75,600,7662225
NIFTY-I.NFO,27/02/2025,09:20:15,22595,22595,150,22595.05,75,150,7662225
NIFTY-I.NFO,27/02/2025,09:20:17,22595.65,22595.05,75,22595.65,150,3000,7662225
NIFTY-I.NFO,27/02/2025,09:20:19,22593.65,22593.65,300,22595.65,150,300,7662225
NIFTY-I.NFO,27/02/2025,09:20:20,22592.3,22593.65,450,22595,150,900,7662225
NIFTY-I.NFO,27/02/2025,09:20:22,22595,22593.65,150,22595.65,225,450,7662225
NIFTY-I.NFO,27/02/2025,09:20:24,22595.05,22595,75,22595.65,225,300,7662225
NIFTY-I.NFO,27/02/2025,09:20:25,22594.8,22594.8,75,22595,150,300,7662225
NIFTY-I.NFO,27/02/2025,09:20:27,22593.65,22593.15,825,22593.65,675,1350,7662225
NIFTY-I.NFO,27/02/2025,09:20:28,22593.65,22594.05,1050,22595,450,675,7662225
NIFTY-I.NFO,27/02/2025,09:20:30,22594.15,22594.15,675,22595,450,300,7662225
NIFTY-I.NFO,27/02/2025,09:20:32,22594.55,22594.55,300,22595,525,1950,7662225
NIFTY-I.NFO,27/02/2025,09:20:33,22595,22594.55,150,22595,225,525,7662225
NIFTY-I.NFO,27/02/2025,09:20:35,22594.65,22594.2,150,22595.65,75,900,7662225
NIFTY-I.NFO,27/02/2025,09:20:37,22594.55,22594.3,225,22594.55,900,450,7662225
NIFTY-I.NFO,27/02/2025,09:20:38,22594.55,22594.15,300,22594.55,600,600,7662225
NIFTY-I.NFO,27/02/2025,09:20:40,22595,22594.5,375,22595.65,75,1050,7662225
NIFTY-I.NFO,27/02/2025,09:20:42,22595,22594.5,75,22595,150,1800,7662225
NIFTY-I.NFO,27/02/2025,09:20:43,22594.65,22594.35,75,22594.65,75,525,7662225
NIFTY-I.NFO,27/02/2025,09:20:45,22594.65,22594.65,75,22595,1500,3300,7662225
NIFTY-I.NFO,27/02/2025,09:20:47,22594.65,22594.6,75,22595,1800,375,7662225
NIFTY-I.NFO,27/02/2025,09:20:48,22594.65,22594.65,150,22595,2250,0,7662225
NIFTY-I.NFO,27/02/2025,09:20:50,22594.25,22594,75,22594.35,225,1125,7662225
NIFTY-I.NFO,27/02/2025,09:20:52,22594.35,22594,75,22594.35,150,1575,7662225
NIFTY-I.NFO,27/02/2025,09:20:53,22594,22593.75,75,22594,75,1950,7662225
NIFTY-I.NFO,27/02/2025,09:20:55,22594,22593.85,450,22594,1500,75,7662225
NIFTY-I.NFO,27/02/2025,09:20:57,22594,22594.25,1125,22594.35,150,1500,7662225
NIFTY-I.NFO,27/02/2025,09:20:58,22595,22594.7,525,22595,75,3900,7662225
NIFTY-I.NFO,27/02/2025,09:21:00,22595.65,22595.15,150,22595.9,75,1125,7662225
NIFTY-I.NFO,27/02/2025,09:21:02,22595.2,22594.35,150,22595.9,75,450,7662225
NIFTY-I.NFO,27/02/2025,09:21:03,22594,22593.95,825,22594,150,300,7662225
NIFTY-I.NFO,27/02/2025,09:21:05,22596.35,22596.35,525,22597,75,2325,7662225
NIFTY-I.NFO,27/02/2025,09:21:07,22595.2,22595.2,75,22598,75,2475,7662225
NIFTY-I.NFO,27/02/2025,09:21:08,22597,22597,225,22598,75,450,7662225
NIFTY-I.NFO,27/02/2025,09:21:10,22594,22593.8,900,22594,75,750,7662225
NIFTY-I.NFO,27/02/2025,09:21:11,22595,22594,75,22597,75,150,7662225
NIFTY-I.NFO,27/02/2025,09:21:13,22594.85,22594.35,75,22598,300,225,7662225
NIFTY-I.NFO,27/02/2025,09:21:15,22594.9,22595.3,150,22597,225,525,7662225
NIFTY-I.NFO,27/02/2025,09:21:16,22597,22595.25,75,22596,75,75,7662225
NIFTY-I.NFO,27/02/2025,09:21:18,22596.4,22596,75,22599,2925,1275,7662225
NIFTY-I.NFO,27/02/2025,09:21:20,22596.3,22596.2,375,22599,2925,75,7662225
NIFTY-I.NFO,27/02/2025,09:21:21,22599,22596.55,375,22599,2400,525,7662225
NIFTY-I.NFO,27/02/2025,09:21:23,22599,22597.1,375,22599,2175,375,7662225
NIFTY-I.NFO,27/02/2025,09:21:25,22601.15,22601.15,1050,22602,450,15750,7662225
NIFTY-I.NFO,27/02/2025,09:21:26,22601.3,22601.3,150,22603,300,1875,7662225
NIFTY-I.NFO,27/02/2025,09:21:28,22599.75,22599.75,675,22603,300,375,7662225
NIFTY-I.NFO,27/02/2025,09:21:30,22603,22599.95,375,22603,825,375,7662225
NIFTY-I.NFO,27/02/2025,09:21:31,22600.85,22600.85,225,22603,825,225,7662225
NIFTY-I.NFO,27/02/2025,09:21:33,22600.35,22600.75,375,22605,5550,2400,7662225
NIFTY-I.NFO,27/02/2025,09:21:35,22605,22599.15,375,22605,6825,750,7662225
NIFTY-I.NFO,27/02/2025,09:21:36,22600.25,22599.75,150,22605,7125,375,7662225
NIFTY-I.NFO,27/02/2025,09:21:38,22604,22600.85,300,22605,7125,225,7662225
NIFTY-I.NFO,27/02/2025,09:21:40,22600.85,22600.85,225,22603,75,300,7600425
NIFTY-I.NFO,27/02/2025,09:21:41,22598.65,22598,75,22603.85,825,1425,7600425
NIFTY-I.NFO,27/02/2025,09:21:43,22603.9,22598.05,375,22604.25,300,450,7600425
NIFTY-I.NFO,27/02/2025,09:21:45,22598.15,22598,75,22603.8,675,75,7600425
NIFTY-I.NFO,27/02/2025,09:21:46,22597.95,22598.7,375,22604.8,450,225,7600425
NIFTY-I.NFO,27/02/2025,09:21:48,22597.95,22597.9,225,22603.9,2175,1500,7600425
NIFTY-I.NFO,27/02/2025,09:21:50,22598.65,22598.65,75,22598.7,300,375,7600425
NIFTY-I.NFO,27/02/2025,09:21:51,22603,22598.7,75,22603,1050,4425,7600425
NIFTY-I.NFO,27/02/2025,09:21:53,22599.1,22598.75,375,22603,450,525,7600425
NIFTY-I.NFO,27/02/2025,09:21:55,22598.95,22599.7,675,22603,450,75,7600425
NIFTY-I.NFO,27/02/2025,09:21:56,22600.15,22600.05,75,22603,450,225,7600425
NIFTY-I.NFO,27/02/2025,09:21:58,22603,22599.75,450,22603,300,375,7600425
NIFTY-I.NFO,27/02/2025,09:21:59,22599.75,22599.75,900,22603,300,225,7600425
NIFTY-I.NFO,27/02/2025,09:22:01,22600,22599.8,900,22600,225,2475,7600425
NIFTY-I.NFO,27/02/2025,09:22:03,22600.1,22600.1,675,22600.15,75,525,7600425
NIFTY-I.NFO,27/02/2025,09:22:04,22600.1,22600.1,450,22600.15,75,225,7600425
NIFTY-I.NFO,27/02/2025,09:22:06,22600.25,22600.25,150,22603,450,1050,7600425
NIFTY-I.NFO,27/02/2025,09:22:08,22599.75,22599.75,750,22600,675,375,7600425
NIFTY-I.NFO,27/02/2025,09:22:09,22599.75,22599.75,675,22600,675,75,7600425
NIFTY-I.NFO,27/02/2025,09:22:11,22600,22599.6,150,22600,600,1425,7600425
NIFTY-I.NFO,27/02/2025,09:22:13,22600,22600.55,750,22603,525,1050,7600425
NIFTY-I.NFO,27/02/2025,09:22:14,22600.7,22600.7,150,22603,525,225,7600425
NIFTY-I.NFO,27/02/2025,09:22:16,22603,22600.7,75,22603,375,225,7600425
NIFTY-I.NFO,27/02/2025,09:22:18,22600.7,22600,1425,22603,450,150,7600425
NIFTY-I.NFO,27/02/2025,09:22:19,22600.55,22600.55,75,22603,375,525,7600425
NIFTY-I.NFO,27/02/2025,09:22:21,22603,22600,1200,22603,225,975,7600425
NIFTY-I.NFO,27/02/2025,09:22:22,22600.3,22600.25,975,22603,225,2325,7600425
NIFTY-I.NFO,27/02/2025,09:22:24,22600.55,22600.6,825,22603,225,1200,7600425
NIFTY-I.NFO,27/02/2025,09:22:26,22600.35,22600.1,375,22603,375,225,7600425
NIFTY-I.NFO,27/02/2025,09:22:27,22600.2,22600.2,75,22600.25,225,675,7600425
NIFTY-I.NFO,27/02/2025,09:22:29,22603,22600.25,75,22603.9,1950,1050,7600425
NIFTY-I.NFO,27/02/2025,09:22:31,22599.25,22599.25,150,22603.85,150,1650,7600425
NIFTY-I.NFO,27/02/2025,09:22:32,22603.85,22599.5,375,22603.85,75,150,7600425
NIFTY-I.NFO,27/02/2025,09:22:34,22599.5,22600,75,22603.85,75,675,7600425
NIFTY-I.NFO,27/02/2025,09:22:36,22600.35,22600.4,75,22603.9,1950,150,7600425
NIFTY-I.NFO,27/02/2025,09:22:37,22600.2,22600.15,150,22605,2850,5400,7600425
NIFTY-I.NFO,27/02/2025,09:22:39,22605,22599.2,75,22602,75,825,7600425
NIFTY-I.NFO,27/02/2025,09:22:41,22602,22599.1,1200,22605,2250,600,7600425
NIFTY-I.NFO,27/02/2025,09:22:42,22599.25,22599.25,75,22605,2550,150,7600425
NIFTY-I.NFO,27/02/2025,09:22:44,22599.25,22598.8,225,22605,2250,825,7600425
NIFTY-I.NFO,27/02/2025,09:22:46,22605,22598.8,150,22605,2175,450,7600425
NIFTY-I.NFO,27/02/2025,09:22:47,22605,22598.95,75,22604,75,75,7600425
NIFTY-I.NFO,27/02/2025,09:22:49,22598.55,22598.85,675,22603,75,1800,7600425
NIFTY-I.NFO,27/02/2025,09:22:51,22603.95,22599.4,75,22604,75,150,7600425
NIFTY-I.NFO,27/02/2025,09:22:52,22599.5,22599.5,75,22603.05,75,525,7600425
NIFTY-I.NFO,27/02/2025,09:22:54,22604,22599.75,75,22605,2550,75,7600425
NIFTY-I.NFO,27/02/2025,09:22:56,22604.6,22599.75,75,22605,2250,150,7600425
NIFTY-I.NFO,27/02/2025,09:22:57,22600,22599.65,150,22603,75,225,7600425
NIFTY-I.NFO,27/02/2025,09:22:59,22604.6,22601.55,75,22603.1,75,375,7600425
NIFTY-I.NFO,27/02/2025,09:23:01,22605,22599.65,150,22605,3000,1275,7600425
NIFTY-I.NFO,27/02/2025,09:23:02,22599.75,22599.65,150,22604.2,675,450,7600425
NIFTY-I.NFO,27/02/2025,09:23:04,22599.6,22599.6,75,22599.65,375,825,7600425
NIFTY-I.NFO,27/02/2025,09:23:06,22603.9,22600,75,22603.9,300,825,7600425
NIFTY-I.NFO,27/02/2025,09:23:07,22603.9,22600.05,75,22602.95,525,0,7600425
NIFTY-I.NFO,27/02/2025,09:23:11,22603.9,22599,150,22603.85,525,1575,7600425
NIFTY-I.NFO,27/02/2025,09:23:12,22603.95,22598.1,150,22603.8,450,2325,7600425
NIFTY-I.NFO,27/02/2025,09:23:14,22599,22598,1200,22603.1,450,375,7600425
NIFTY-I.NFO,27/02/2025,09:23:15,22599,22598,1275,22603.25,450,300,7600425
NIFTY-I.NFO,27/02/2025,09:23:17,22598,22598,1125,22602.95,450,300,7600425
NIFTY-I.NFO,27/02/2025,09:23:19,22600.2,22600.15,150,22603.65,450,1200,7600425
NIFTY-I.NFO,27/02/2025,09:23:20,22600,22598,1125,22600,75,225,7600425
NIFTY-I.NFO,27/02/2025,09:23:22,22603.05,22600.65,75,22603.05,375,300,7600425
NIFTY-I.NFO,27/02/2025,09:23:24,22598,22600.65,150,22602.95,750,450,7600425
NIFTY-I.NFO,27/02/2025,09:23:25,22598,22598,525,22598.05,75,1350,7600425
NIFTY-I.NFO,27/02/2025,09:23:27,22598,22598,600,22598.05,75,0,7600425
NIFTY-I.NFO,27/02/2025,09:23:29,22598.05,22598,600,22600,225,150,7600425
NIFTY-I.NFO,27/02/2025,09:23:30,22600,22598.05,450,22600,300,2175,7600425
NIFTY-I.NFO,27/02/2025,09:23:32,22598.05,22598.05,375,22600,450,75,7600425
NIFTY-I.NFO,27/02/2025,09:23:34,22598.05,22598.05,225,22600,450,150,7600425
NIFTY-I.NFO,27/02/2025,09:23:35,22600,22598.05,225,22600.6,450,450,7600425
NIFTY-I.NFO,27/02/2025,09:23:37,22598.05,22598.05,75,22600,75,150,7600425
NIFTY-I.NFO,27/02/2025,09:23:39,22600.65,22598,75,22600.6,375,675,7600425
NIFTY-I.NFO,27/02/2025,09:23:40,22598,22598,150,22598.05,375,75,7600425
NIFTY-I.NFO,27/02/2025,09:23:42,22598.05,22598,225,22598.05,300,450,7600425
NIFTY-I.NFO,27/02/2025,09:23:43,22600,22597.2,75,22600,375,750,7600425
NIFTY-I.NFO,27/02/2025,09:23:45,22595.1,22596.7,75,22598,150,150,7600425
NIFTY-I.NFO,27/02/2025,09:23:47,22598,22596.65,75,22598,75,225,7600425
NIFTY-I.NFO,27/02/2025,09:23:49,22598,22598,300,22598.05,150,75,7600425
NIFTY-I.NFO,27/02/2025,09:23:50,22598.05,22598,300,22599.95,300,150,7600425
NIFTY-I.NFO,27/02/2025,09:23:52,22599.95,22598.7,75,22599,75,300,7600425
NIFTY-I.NFO,27/02/2025,09:23:53,22595,22595.05,225,22599.95,300,2175,7600425
NIFTY-I.NFO,27/02/2025,09:23:55,22596.8,22596.7,300,22599.95,300,225,7600425
NIFTY-I.NFO,27/02/2025,09:23:57,22596.8,22596.7,300,22599.95,300,0,7600425
NIFTY-I.NFO,27/02/2025,09:23:58,22596.7,22596.7,225,22598,150,75,7600425
NIFTY-I.NFO,27/02/2025,09:24:00,22596.7,22595.6,150,22596.8,75,150,7600425
NIFTY-I.NFO,27/02/2025,09:24:02,22593.8,22593.8,375,22596.8,75,1050,7600425
NIFTY-I.NFO,27/02/2025,09:24:03,22593.8,22593.8,225,22596.75,300,150,7600425
NIFTY-I.NFO,27/02/2025,09:24:05,22596.75,22593.8,225,22596.75,225,75,7600425
NIFTY-I.NFO,27/02/2025,09:24:07,22593.8,22593.8,600,22596.45,225,375,7600425
NIFTY-I.NFO,27/02/2025,09:24:08,22593,22592.15,150,22594.05,75,675,7600425
NIFTY-I.NFO,27/02/2025,09:24:10,22592,22591.9,150,22592,975,600,7600425
NIFTY-I.NFO,27/02/2025,09:24:11,22591.9,22591.9,150,22592,975,150,7600425
NIFTY-I.NFO,27/02/2025,09:24:13,22589.95,22589,150,22590,1050,1875,7600425
NIFTY-I.NFO,27/02/2025,09:24:15,22586.7,22585.95,75,22590,600,4575,7600425
NIFTY-I.NFO,27/02/2025,09:24:16,22586.7,22586.75,150,22589.75,300,300,7600425
NIFTY-I.NFO,27/02/2025,09:24:18,22586.7,22586.75,75,22590,600,2325,7600425
NIFTY-I.NFO,27/02/2025,09:24:20,22586.75,22586.35,150,22590,600,75,7600425
NIFTY-I.NFO,27/02/2025,09:24:21,22590,22586.7,75,22589.95,75,825,7600425
NIFTY-I.NFO,27/02/2025,09:24:23,22586.7,22587.25,75,22589.95,75,225,7600425
NIFTY-I.NFO,27/02/2025,09:24:25,22589.65,22587,225,22589.5,225,1950,7600425
NIFTY-I.NFO,27/02/2025,09:24:26,22583.15,22583,150,22589,300,975,7600425
NIFTY-I.NFO,27/02/2025,09:24:28,22583.15,22584.5,150,22586.75,75,0,7600425
NIFTY-I.NFO,27/02/2025,09:24:30,22586.75,22584.35,150,22587.55,75,600,7600425
NIFTY-I.NFO,27/02/2025,09:24:31,22584,22582.2,300,22585,75,150,7600425
NIFTY-I.NFO,27/02/2025,09:24:33,22582.2,22582.2,225,22584.9,225,150,7600425
NIFTY-I.NFO,27/02/2025,09:24:35,22582.05,22581.55,150,22581.95,75,750,7600425
NIFTY-I.NFO,27/02/2025,09:24:36,22576.5,22576.9,375,22579.5,75,1575,7600425
NIFTY-I.NFO,27/02/2025,09:24:38,22576.5,22576.8,75,22579.5,75,0,7600425
NIFTY-I.NFO,27/02/2025,09:24:40,22579.5,22579.45,225,22580,900,375,7600425
NIFTY-I.NFO,27/02/2025,09:24:41,22579.45,22577,150,22579.7,75,225,7568100
NIFTY-I.NFO,27/02/2025,09:24:43,22580,22579.2,150,22581.2,75,1125,7568100
NIFTY-I.NFO,27/02/2025,09:24:44,22579.3,22579.35,75,22581.2,75,75,7568100
NIFTY-I.NFO,27/02/2025,09:24:46,22581,22581,675,22581.2,75,600,7568100
NIFTY-I.NFO,27/02/2025,09:24:48,22581,22579.35,75,22580.95,75,675,7568100
NIFTY-I.NFO,27/02/2025,09:24:49,22578.6,22579.55,75,22581.2,75,975,7568100
NIFTY-I.NFO,27/02/2025,09:24:51,22579,22580.1,150,22581.2,75,1350,7568100
NIFTY-I.NFO,27/02/2025,09:24:53,22579,22580.8,150,22581.2,75,0,7568100
NIFTY-I.NFO,27/02/2025,09:24:54,22582.15,22582.1,225,22582.15,75,900,7568100
NIFTY-I.NFO,27/02/2025,09:24:56,22582.1,22582.1,150,22584,1725,150,7568100
NIFTY-I.NFO,27/02/2025,09:24:57,22581.95,22582.65,450,22584,1725,300,7568100
NIFTY-I.NFO,27/02/2025,09:24:59,22582.85,22582.65,450,22583,75,150,7568100
NIFTY-I.NFO,27/02/2025,09:25:01,22584,22582.85,150,22584,450,1425,7568100
NIFTY-I.NFO,27/02/2025,09:25:02,22582.65,22582.65,150,22582.7,75,2700,7568100
NIFTY-I.NFO,27/02/2025,09:25:04,22580,22580,525,22581.05,75,1125,7568100
NIFTY-I.NFO,27/02/2025,09:25:06,22579.85,22578,75,22580,150,1275,7568100
NIFTY-I.NFO,27/02/2025,09:25:07,22579.85,22579.4,75,22581,75,300,7568100
NIFTY-I.NFO,27/02/2025,09:25:09,22581.4,22581,75,22582,75,1050,7568100
NIFTY-I.NFO,27/02/2025,09:25:11,22582.65,22582,75,22582.65,225,300,7568100
NIFTY-I.NFO,27/02/2025,09:25:12,22582.65,22580.1,75,22582.65,375,300,7568100
NIFTY-I.NFO,27/02/2025,09:25:14,22578.8,22577.55,75,22582.65,825,150,7568100
NIFTY-I.NFO,27/02/2025,09:25:16,22577.1,22577,75,22581.95,525,375,7568100
NIFTY-I.NFO,27/02/2025,09:25:17,22581.95,22580.25,150,22581.3,75,375,7568100
NIFTY-I.NFO,27/02/2025,09:25:19,22579.55,22579.6,75,22582,150,1650,7568100
NIFTY-I.NFO,27/02/2025,09:25:21,22579.55,22580.2,75,22582.45,150,675,7568100
NIFTY-I.NFO,27/02/2025,09:25:22,22580.2,22578.55,375,22580,75,300,7568100
NIFTY-I.NFO,27/02/2025,09:25:24,22578.1,22580,75,22582.65,900,525,7568100
NIFTY-I.NFO,27/02/2025,09:25:26,22580.7,22580,75,22582.45,225,300,7568100
NIFTY-I.NFO,27/02/2025,09:25:27,22578.1,22578.8,75,22582.65,825,450,7568100
NIFTY-I.NFO,27/02/2025,09:25:29,22578.1,22578.1,75,22582.65,675,450,7568100
NIFTY-I.NFO,27/02/2025,09:25:31,22577.05,22576.95,150,22581.45,75,2925,7568100
NIFTY-I.NFO,27/02/2025,09:25:32,22582,22581.45,150,22582,675,525,7568100
NIFTY-I.NFO,27/02/2025,09:25:34,22580.2,22580.2,225,22582.65,525,1200,7568100
NIFTY-I.NFO,27/02/2025,09:25:36,22580.15,22580.05,450,22582.65,375,225,7568100
NIFTY-I.NFO,27/02/2025,09:25:37,22580.6,22580.6,75,22582.65,375,300,7568100
NIFTY-I.NFO,27/02/2025,09:25:39,22582.65,22581.3,75,22582.65,300,75,7568100
NIFTY-I.NFO,27/02/2025,09:25:41,22580,22580.1,150,22582.65,150,675,7568100
NIFTY-I.NFO,27/02/2025,09:25:42,22582,22582.7,75,22582.75,75,975,7568100
NIFTY-I.NFO,27/02/2025,09:25:44,22582.75,22582.7,75,22583,225,75,7568100
NIFTY-I.NFO,27/02/2025,09:25:45,22583,22582.65,375,22583,75,225,7568100
NIFTY-I.NFO,27/02/2025,09:25:47,22582.65,22582.65,300,22583,75,75,7568100
NIFTY-I.NFO,27/02/2025,09:25:49,22583,22582.65,300,22583,525,975,7568100
NIFTY-I.NFO,27/02/2025,09:25:50,22582.65,22582.65,75,22583,600,225,7568100
NIFTY-I.NFO,27/02/2025,09:25:52,22583,22583.05,75,22583.4,75,825,7568100
NIFTY-I.NFO,27/02/2025,09:25:54,22583.05,22581.8,75,22582.1,75,1350,7568100
NIFTY-I.NFO,27/02/2025,09:25:55,22581.8,22581.8,150,22584,375,300,7568100
NIFTY-I.NFO,27/02/2025,09:25:57,22580.55,22580.55,225,22584,375,825,7568100
NIFTY-I.NFO,27/02/2025,09:25:59,22581.7,22581.7,150,22581.75,75,525,7568100
NIFTY-I.NFO,27/02/2025,09:26:00,22583,22582.3,75,22583,75,1500,7568100
NIFTY-I.NFO,27/02/2025,09:26:02,22583,22583.05,75,22584,525,975,7568100
NIFTY-I.NFO,27/02/2025,09:26:04,22580.05,22579.7,75,22581.7,75,525,7568100
NIFTY-I.NFO,27/02/2025,09:26:05,22583,22581.7,150,22584,225,225,7568100
NIFTY-I.NFO,27/02/2025,09:26:07,22583,22583,75,22584,225,1050,7568100
NIFTY-I.NFO,27/02/2025,09:26:08,22581.7,22581.7,75,22584,225,300,7568100
NIFTY-I.NFO,27/02/2025,09:26:10,22584,22584,75,22584.5,75,300,7568100
NIFTY-I.NFO,27/02/2025,09:26:12,22584,22581.4,75,22584.15,75,225,7568100
NIFTY-I.NFO,27/02/2025,09:26:13,22584.15,22581.45,75,22583.7,75,225,7568100
NIFTY-I.NFO,27/02/2025,09:26:15,22583.65,22581.4,75,22583.65,450,225,7568100
NIFTY-I.NFO,27/02/2025,09:26:17,22581.7,22581.4,75,22582.6,225,225,7568100
NIFTY-I.NFO,27/02/2025,09:26:18,22581.7,22580,75,22581.7,150,2625,7568100
NIFTY-I.NFO,27/02/2025,09:26:20,22580,22579.8,75,22581.7,150,75,7568100
NIFTY-I.NFO,27/02/2025,09:26:22,22578,22577.85,75,22581.7,225,825,7568100
NIFTY-I.NFO,27/02/2025,09:26:23,22577.8,22577.85,150,22581.7,150,525,7568100
NIFTY-I.NFO,27/02/2025,09:26:25,22577.65,22578.8,75,22582,150,3450,7568100
NIFTY-I.NFO,27/02/2025,09:26:26,22577.15,22580,75,22582,75,225,7568100
NIFTY-I.NFO,27/02/2025,09:26:28,22577.15,22578.35,150,22581.9,75,975,7568100
NIFTY-I.NFO,27/02/2025,09:26:30,22580.85,22579.85,75,22582.6,75,1275,7568100
NIFTY-I.NFO,27/02/2025,09:26:31,22577.4,22577.55,900,22580.6,75,2250,7568100
NIFTY-I.NFO,27/02/2025,09:26:33,22580,22580.05,900,22580.6,75,75,7568100
NIFTY-I.NFO,27/02/2025,09:26:34,22580.05,22580.05,375,22580.85,75,2325,7568100
NIFTY-I.NFO,27/02/2025,09:26:36,22579.3,22579.3,75,22582.7,75,2775,7568100
NIFTY-I.NFO,27/02/2025,09:26:37,22578,22578,75,22582.65,150,300,7568100
NIFTY-I.NFO,27/02/2025,09:26:39,22578,22578.8,75,22579.85,300,0,7568100
NIFTY-I.NFO,27/02/2025,09:26:41,22577.15,22577,75,22580,75,525,7568100
NIFTY-I.NFO,27/02/2025,09:26:42,22576,22576.05,150,22580,75,600,7568100
NIFTY-I.NFO,27/02/2025,09:26:44,22576,22576.85,150,22580,75,0,7568100
NIFTY-I.NFO,27/02/2025,09:26:45,22578,22577.85,75,22580,75,2025,7568100
NIFTY-I.NFO,27/02/2025,09:26:47,22576.9,22576.8,75,22579.55,150,225,7568100
NIFTY-I.NFO,27/02/2025,09:26:49,22576.8,22576.8,75,22580,75,225,7568100
NIFTY-I.NFO,27/02/2025,09:26:50,22576,22576.8,75,22579.75,150,750,7568100
NIFTY-I.NFO,27/02/2025,09:26:52,22575.1,22578,225,22578.65,150,600,7568100
NIFTY-I.NFO,27/02/2025,09:26:52,22575.1,22578,225,22578.65,150,0,7568100
NIFTY-I.NFO,27/02/2025,09:26:54,22575.1,22575.1,1950,22579.15,225,1050,7568100
NIFTY-I.NFO,27/02/2025,09:26:55,22575.1,22575.1,300,22577.3,225,1650,7568100
NIFTY-I.NFO,27/02/2025,09:26:57,22575.1,22575.1,150,22576,150,225,7568100
NIFTY-I.NFO,27/02/2025,09:26:58,22576,22576,225,22578.45,225,150,7568100
NIFTY-I.NFO,27/02/2025,09:27:00,22576,22576,375,22577.6,225,0,7568100
NIFTY-I.NFO,27/02/2025,09:27:02,22576.95,22576,300,22577,75,825,7568100
NIFTY-I.NFO,27/02/2025,09:27:03,22578.75,22576,150,22579,75,150,7568100
NIFTY-I.NFO,27/02/2025,09:27:05,22576,22575.6,150,22579,75,150,7568100
NIFTY-I.NFO,27/02/2025,09:27:07,22575.1,22575,1350,22575.1,150,2250,7568100
NIFTY-I.NFO,27/02/2025,09:27:07,22575,22575,1350,22575.1,150,0,7568100
NIFTY-I.NFO,27/02/2025,09:27:08,22576.85,22575,525,22578.8,300,1050,7568100
NIFTY-I.NFO,27/02/2025,09:27:10,22575,22575,450,22577.55,750,1125,7568100
NIFTY-I.NFO,27/02/2025,09:27:12,22575,22575,375,22577.5,300,150,7568100
NIFTY-I.NFO,27/02/2025,09:27:13,22577.5,22575,300,22577.55,750,375,7568100
NIFTY-I.NFO,27/02/2025,09:27:15,22573.6,22573.6,75,22577.55,600,2475,7568100
NIFTY-I.NFO,27/02/2025,09:27:15,22573.5,22573.6,75,22577.55,600,0,7568100
NIFTY-I.NFO,27/02/2025,09:27:16,22577.55,22575,75,22577.55,525,750,7568100
NIFTY-I.NFO,27/02/2025,09:27:18,22575,22574,75,22577.55,225,1350,7568100
NIFTY-I.NFO,27/02/2025,09:27:20,22572.55,22573.45,75,22575,1275,1050,7568100
NIFTY-I.NFO,27/02/2025,09:27:20,22572.55,22573.45,75,22575,1275,0,7568100
NIFTY-I.NFO,27/02/2025,09:27:21,22573.8,22573.65,300,22575,1275,750,7568100
NIFTY-I.NFO,27/02/2025,09:27:23,22575.1,22575.1,75,22577.55,225,1575,7568100
NIFTY-I.NFO,27/02/2025,09:27:25,22577.55,22577.55,600,22578,75,300,7568100
NIFTY-I.NFO,27/02/2025,09:27:26,22579,22577.55,675,22579.3,75,450,7568100
NIFTY-I.NFO,27/02/2025,09:27:28,22579.3,22579.3,75,22580,300,450,7568100
NIFTY-I.NFO,27/02/2025,09:27:29,22580,22580,300,22580.05,525,300,7568100
NIFTY-I.NFO,27/02/2025,09:27:31,22575.65,22575.85,150,22578.5,75,1650,7568100
NIFTY-I.NFO,27/02/2025,09:27:33,22580.05,22578.5,375,22580,150,375,7568100
NIFTY-I.NFO,27/02/2025,09:27:34,22580.05,22576.35,75,22580.05,75,2175,7568100
NIFTY-I.NFO,27/02/2025,09:27:36,22580,22576.3,150,22580,225,450,7568100
NIFTY-I.NFO,27/02/2025,09:27:38,22580,22577.4,825,22579.95,300,75,7568100
NIFTY-I.NFO,27/02/2025,09:27:39,22580,22579,75,22579.95,300,0,7568100
NIFTY-I.NFO,27/02/2025,09:27:41,22580,22577.4,825,22579.65,300,0,7568100
NIFTY-I.NFO,27/02/2025,09:27:43,22579.65,22577.4,825,22579.95,300,675,7522500
NIFTY-I.NFO,27/02/2025,09:27:44,22577.4,22576.3,150,22579.1,300,825,7522500
NIFTY-I.NFO,27/02/2025,09:27:46,22574.8,22574.65,150,22576.3,75,300,7522500
NIFTY-I.NFO,27/02/2025,09:27:47,22574.65,22573.65,150,22576.3,75,150,7522500
NIFTY-I.NFO,27/02/2025,09:27:49,22576.3,22574.5,675,22577.4,150,75,7522500
NIFTY-I.NFO,27/02/2025,09:27:51,22574.5,22574.5,525,22575,225,375,7522500
NIFTY-I.NFO,27/02/2025,09:27:52,22577.35,22576,75,22577.35,225,675,7522500
NIFTY-I.NFO,27/02/2025,09:27:54,22577.1,22574.5,300,22577.55,300,1200,7522500
NIFTY-I.NFO,27/02/2025,09:27:56,22577.1,22574.65,75,22576.3,75,0,7522500
NIFTY-I.NFO,27/02/2025,09:27:57,22574.5,22574.5,225,22576.3,75,375,7522500
NIFTY-I.NFO,27/02/2025,09:27:59,22574.5,22572.55,375,22574.5,375,600,7522500
NIFTY-I.NFO,27/02/2025,09:28:01,22576.1,22574.5,225,22575.6,300,525,7522500
NIFTY-I.NFO,27/02/2025,09:28:02,22572.55,22572,375,22574,225,675,7522500
NIFTY-I.NFO,27/02/2025,09:28:04,22571.55,22571.55,300,22574,150,600,7522500
NIFTY-I.NFO,27/02/2025,09:28:04,22571.55,22571.55,300,22574,150,0,7522500
NIFTY-I.NFO,27/02/2025,09:28:05,22575,22574.45,600,22577,600,375,7522500
NIFTY-I.NFO,27/02/2025,09:28:07,22575,22574.45,600,22576.8,300,75,7522500
NIFTY-I.NFO,27/02/2025,09:28:09,22575,22574.45,75,22576.7,375,600,7522500
NIFTY-I.NFO,27/02/2025,09:28:10,22572.05,22571.6,300,22576.05,675,750,7522500
NIFTY-I.NFO,27/02/2025,09:28:12,22574.4,22574,75,22575.95,300,150,7522500
NIFTY-I.NFO,27/02/2025,09:28:14,22576.05,22575,75,22575.55,75,150,7522500
NIFTY-I.NFO,27/02/2025,09:28:15,22575,22575.55,75,22575.6,75,75,7522500
NIFTY-I.NFO,27/02/2025,09:28:17,22575.55,22574.35,150,22576.05,75,300,7522500
NIFTY-I.NFO,27/02/2025,09:28:19,22574.35,22574.35,150,22575,225,75,7522500
NIFTY-I.NFO,27/02/2025,09:28:20,22571.95,22571.85,150,22575,300,300,7522500
NIFTY-I.NFO,27/02/2025,09:28:22,22571.8,22571.85,300,22572.05,75,150,7522500
NIFTY-I.NFO,27/02/2025,09:28:24,22571.8,22571.8,75,22575,150,225,7522500
NIFTY-I.NFO,27/02/2025,09:28:25,22571.85,22571.8,300,22575,1200,600,7522500
NIFTY-I.NFO,27/02/2025,09:28:27,22575,22572.95,75,22575,1125,1050,7522500
NIFTY-I.NFO,27/02/2025,09:28:28,22572.55,22572.55,150,22575,600,1125,7522500
NIFTY-I.NFO,27/02/2025,09:28:30,22575,22574.95,150,22575,375,225,7522500
NIFTY-I.NFO,27/02/2025,09:28:32,22572,22573,225,22575,525,450,7522500
NIFTY-I.NFO,27/02/2025,09:28:33,22574,22573,225,22575,525,225,7522500
NIFTY-I.NFO,27/02/2025,09:28:37,22573.05,22573,150,22575,750,225,7522500
NIFTY-I.NFO,27/02/2025,09:28:38,22573.05,22573,150,22575,1200,675,7522500
NIFTY-I.NFO,27/02/2025,09:28:40,22572.75,22572.75,525,22575,1350,1425,7522500
NIFTY-I.NFO,27/02/2025,09:28:42,22572.75,22572.75,525,22575,1350,75,7522500
NIFTY-I.NFO,27/02/2025,09:28:43,22575,22574.3,525,22575,1275,150,7522500
NIFTY-I.NFO,27/02/2025,09:28:45,22573.4,22573.4,225,22575,975,1950,7522500
NIFTY-I.NFO,27/02/2025,09:28:47,22574.3,22573.15,225,22574.3,450,525,7522500
NIFTY-I.NFO,27/02/2025,09:28:48,22573.4,22573.1,150,22574.3,300,4125,7522500
NIFTY-I.NFO,27/02/2025,09:28:50,22574.25,22573.05,75,22574.3,300,150,7522500
NIFTY-I.NFO,27/02/2025,09:28:52,22574.3,22574.65,1050,22575,975,300,7522500
NIFTY-I.NFO,27/02/2025,09:28:53,22574.65,22574.65,975,22575,750,300,7522500
NIFTY-I.NFO,27/02/2025,09:28:55,22574.65,22574.65,900,22575,675,150,7522500
NIFTY-I.NFO,27/02/2025,09:28:57,22575,22574.25,1425,22575,225,2325,7522500
NIFTY-I.NFO,27/02/2025,09:28:58,22574.3,22574.3,75,22575,225,225,7522500
NIFTY-I.NFO,27/02/2025,09:29:00,22575,22575,525,22576,75,825,7522500
NIFTY-I.NFO,27/02/2025,09:29:02,22576,22575,225,22576.1,75,300,7522500
NIFTY-I.NFO,27/02/2025,09:29:03,22577,22575,150,22577,75,300,7522500
NIFTY-I.NFO,27/02/2025,09:29:05,22575.45,22575.45,375,22577,75,225,7522500
NIFTY-I.NFO,27/02/2025,09:29:07,22577,22575.45,300,22577.1,75,150,7522500
NIFTY-I.NFO,27/02/2025,09:29:08,22574.25,22574.25,825,22575,75,900,7522500
NIFTY-I.NFO,27/02/2025,09:29:10,22574.25,22574.25,1050,22575,75,0,7522500
NIFTY-I.NFO,27/02/2025,09:29:11,22574.25,22574.25,675,22575,75,150,7522500
NIFTY-I.NFO,27/02/2025,09:29:13,22575,22574.25,675,22575,150,75,7522500
NIFTY-I.NFO,27/02/2025,09:29:15,22574.25,22574.25,525,22575,300,150,7522500
NIFTY-I.NFO,27/02/2025,09:29:16,22575,22574.25,225,22575,1125,600,7522500
NIFTY-I.NFO,27/02/2025,09:29:18,22574.25,22574.25,75,22575,1125,150,7522500
NIFTY-I.NFO,27/02/2025,09:29:19,22575,22574.25,75,22575,1200,900,7522500
NIFTY-I.NFO,27/02/2025,09:29:21,22574.25,22572,1950,22575,300,225,7522500
NIFTY-I.NFO,27/02/2025,09:29:22,22572.05,22575,75,22575.45,75,525,7522500
NIFTY-I.NFO,27/02/2025,09:29:24,22573.3,22574.25,1050,22575,75,150,7522500
NIFTY-I.NFO,27/02/2025,09:29:26,22574.25,22574.25,750,22575.45,75,300,7522500
NIFTY-I.NFO,27/02/2025,09:29:27,22572,22572,1800,22573.7,375,2475,7522500
NIFTY-I.NFO,27/02/2025,09:29:29,22572,22572,1725,22574.25,300,75,7522500
NIFTY-I.NFO,27/02/2025,09:29:31,22572,22572,1650,22572.5,375,75,7522500
NIFTY-I.NFO,27/02/2025,09:29:32,22572,22572,1125,22572.05,75,600,7522500
NIFTY-I.NFO,27/02/2025,09:29:34,22572.05,22572,1125,22573.55,375,75,7522500
NIFTY-I.NFO,27/02/2025,09:29:35,22572,22572,750,22572.35,375,375,7522500
NIFTY-I.NFO,27/02/2025,09:29:37,22571.5,22572,675,22574.7,300,1650,7522500
NIFTY-I.NFO,27/02/2025,09:29:37,22571.5,22572,675,22574.7,300,0,7522500
NIFTY-I.NFO,27/02/2025,09:29:39,22572,22572,450,22574.9,450,225,7522500
NIFTY-I.NFO,27/02/2025,09:29:40,22572,22571.5,300,22573.85,750,600,7522500
NIFTY-I.NFO,27/02/2025,09:29:42,22570,22570,375,22573.35,375,1125,7522500
NIFTY-I.NFO,27/02/2025,09:29:42,22570,22570,375,22573.35,375,0,7522500
NIFTY-I.NFO,27/02/2025,09:29:44,22572,22571,75,22572,150,450,7522500
NIFTY-I.NFO,27/02/2025,09:29:45,22571,22570,150,22571.95,375,75,7522500
NIFTY-I.NFO,27/02/2025,09:29:47,22570,22570.3,75,22572,150,75,7522500
NIFTY-I.NFO,27/02/2025,09:29:48,22568,22571,75,22571.5,300,975,7522500
NIFTY-I.NFO,27/02/2025,09:29:48,22568,22571,75,22571.5,300,0,7522500
NIFTY-I.NFO,27/02/2025,09:29:50,22570,22568.85,150,22572,225,450,7522500
NIFTY-I.NFO,27/02/2025,09:29:52,22572,22570.3,675,22572,150,75,7522500
NIFTY-I.NFO,27/02/2025,09:29:53,22568.85,22568.85,75,22570,1575,750,7522500
NIFTY-I.NFO,27/02/2025,09:29:55,22570,22568.9,75,22570,1500,1200,7522500
NIFTY-I.NFO,27/02/2025,09:29:56,22568.9,22568,825,22568.85,75,225,7522500
NIFTY-I.NFO,27/02/2025,09:29:58,22570,22569.9,75,22570,1650,375,7522500
NIFTY-I.NFO,27/02/2025,09:30:00,22570,22569.85,150,22570,1500,300,7522500
NIFTY-I.NFO,27/02/2025,09:30:01,22570,22568.9,225,22570,975,675,7522500
NIFTY-I.NFO,27/02/2025,09:30:03,22568.85,22568.5,450,22570,1050,1425,7522500
NIFTY-I.NFO,27/02/2025,09:30:05,22568.2,22568.2,600,22570,2550,1275,7522500
NIFTY-I.NFO,27/02/2025,09:30:06,22570,22569.2,225,22570,225,2850,7522500
NIFTY-I.NFO,27/02/2025,09:30:08,22569.8,22569.55,75,22571,150,900,7522500
NIFTY-I.NFO,27/02/2025,09:30:09,22572.1,22572.1,75,22574.25,75,525,7522500
NIFTY-I.NFO,27/02/2025,09:30:11,22571.6,22570.9,75,22572.1,225,150,7522500
NIFTY-I.NFO,27/02/2025,09:30:13,22570.45,22570,375,22572.1,300,375,7522500
NIFTY-I.NFO,27/02/2025,09:30:14,22572,22572,600,22572.1,300,225,7522500
NIFTY-I.NFO,27/02/2025,09:30:16,22572.1,22572.05,75,22572.1,75,375,7522500
NIFTY-I.NFO,27/02/2025,09:30:18,22573.75,22572,450,22573.75,375,450,7522500
NIFTY-I.NFO,27/02/2025,09:30:19,22573.75,22572,525,22573.75,375,0,7522500
NIFTY-I.NFO,27/02/2025,09:30:21,22572,22572,450,22573.45,375,75,7522500
NIFTY-I.NFO,27/02/2025,09:30:22,22570,22572,750,22573.95,375,1125,7522500
NIFTY-I.NFO,27/02/2025,09:30:24,22570,22572,750,22573.95,375,1350,7522500
NIFTY-I.NFO,27/02/2025,09:30:25,22572,22572,675,22573,300,75,7522500
NIFTY-I.NFO,27/02/2025,09:30:27,22572,22572,375,22573,225,375,7522500
NIFTY-I.NFO,27/02/2025,09:30:29,22574.3,22574.3,675,22574.9,375,1200,7522500
NIFTY-I.NFO,27/02/2025,09:30:30,22573.8,22574.3,675,22574.75,375,4125,7522500
NIFTY-I.NFO,27/02/2025,09:30:32,22574.3,22574.3,600,22574.55,375,7125,7522500
NIFTY-I.NFO,27/02/2025,09:30:33,22574.2,22573,150,22574.1,375,3075,7522500
NIFTY-I.NFO,27/02/2025,09:30:35,22574.3,22574.3,675,22575,1425,5550,7522500
NIFTY-I.NFO,27/02/2025,09:30:37,22575,22574.3,675,22574.75,375,75,7522500
NIFTY-I.NFO,27/02/2025,09:30:38,22574.3,22574.3,75,22574.8,300,750,7522500
NIFTY-I.NFO,27/02/2025,09:30:40,22574.3,22574.3,525,22575,1200,525,7522500
NIFTY-I.NFO,27/02/2025,09:30:42,22574.3,22574.3,450,22574.95,300,225,7508175
NIFTY-I.NFO,27/02/2025,09:30:43,22574.3,22574.3,525,22574.75,75,1650,7508175
NIFTY-I.NFO,27/02/2025,09:30:45,22574.3,22574.3,450,22574.4,300,75,7508175
NIFTY-I.NFO,27/02/2025,09:30:46,22574.3,22574.3,675,22574.35,375,3525,7508175
NIFTY-I.NFO,27/02/2025,09:30:48,22574.3,22574.3,1125,22574.75,75,3375,7508175
NIFTY-I.NFO,27/02/2025,09:30:50,22574.3,22574.3,975,22574.75,75,150,7508175
NIFTY-I.NFO,27/02/2025,09:30:51,22574.3,22574.3,900,22574.75,450,900,7508175
NIFTY-I.NFO,27/02/2025,09:30:53,22574.3,22574.3,750,22574.95,75,525,7508175
NIFTY-I.NFO,27/02/2025,09:30:55,22574.85,22574.3,750,22574.85,450,75,7508175
NIFTY-I.NFO,27/02/2025,09:30:56,22574.3,22574.3,375,22574.85,450,525,7508175
NIFTY-I.NFO,27/02/2025,09:30:58,22574.85,22574.3,375,22574.8,450,450,7508175
NIFTY-I.NFO,27/02/2025,09:30:59,22574.3,22574.3,75,22574.8,450,1050,7508175
NIFTY-I.NFO,27/02/2025,09:31:01,22574.3,22574.3,375,22574.8,450,1200,7508175
NIFTY-I.NFO,27/02/2025,09:31:03,22574.3,22574.3,450,22574.35,75,12675,7508175
NIFTY-I.NFO,27/02/2025,09:31:04,22572.6,22570,375,22573.55,450,6600,7508175
NIFTY-I.NFO,27/02/2025,09:31:06,22572.6,22570,375,22573,450,0,7508175
NIFTY-I.NFO,27/02/2025,09:31:08,22572.6,22570.2,150,22572.4,450,0,7508175
NIFTY-I.NFO,27/02/2025,09:31:09,22570,22570,300,22572.35,375,225,7508175
NIFTY-I.NFO,27/02/2025,09:31:11,22569.85,22568.85,75,22572.35,375,375,7508175
NIFTY-I.NFO,27/02/2025,09:31:12,22569.85,22568.05,300,22570,225,150,7508175
NIFTY-I.NFO,27/02/2025,09:31:14,22568,22568,825,22569.85,75,600,7508175
NIFTY-I.NFO,27/02/2025,09:31:16,22568.05,22568,825,22568.05,75,300,7508175
NIFTY-I.NFO,27/02/2025,09:31:17,22568.05,22568.05,300,22570,375,675,7508175
NIFTY-I.NFO,27/02/2025,09:31:19,22569.85,22568.05,150,22570,375,150,7508175
NIFTY-I.NFO,27/02/2025,09:31:20,22568.05,22568.05,75,22570,375,75,7508175
NIFTY-I.NFO,27/02/2025,09:31:22,22570,22568,750,22570,525,300,7508175
NIFTY-I.NFO,27/02/2025,09:31:24,22568,22568,600,22568.05,75,150,7508175
NIFTY-I.NFO,27/02/2025,09:31:25,22570,22568.9,75,22570,450,675,7508175
NIFTY-I.NFO,27/02/2025,09:31:27,22568.85,22568.05,150,22570,675,375,7508175
NIFTY-I.NFO,27/02/2025,09:31:29,22568.85,22568.05,150,22570,675,0,7508175
NIFTY-I.NFO,27/02/2025,09:31:30,22568.05,22568.35,75,22568.9,75,225,7508175
NIFTY-I.NFO,27/02/2025,09:31:32,22568.05,22568.35,150,22568.9,75,1650,7508175
NIFTY-I.NFO,27/02/2025,09:31:33,22568.9,22568.85,75,22570,975,150,7508175
NIFTY-I.NFO,27/02/2025,09:31:35,22568,22567.55,75,22570,975,975,7508175
NIFTY-I.NFO,27/02/2025,09:31:37,22569.1,22569.1,675,22570,600,675,7508175
NIFTY-I.NFO,27/02/2025,09:31:38,22570.4,22570.4,525,22573,75,750,7508175
NIFTY-I.NFO,27/02/2025,09:31:40,22574,22573.05,300,22574,525,450,7508175
NIFTY-I.NFO,27/02/2025,09:31:42,22574.15,22574.15,375,22574.75,75,675,7508175
NIFTY-I.NFO,27/02/2025,09:31:43,22574.15,22573.05,150,22574.3,375,825,7508175
NIFTY-I.NFO,27/02/2025,09:31:45,22574.75,22574.75,75,22574.8,75,225,7508175
NIFTY-I.NFO,27/02/2025,09:31:46,22572.35,22571.9,75,22575,525,1125,7508175
NIFTY-I.NFO,27/02/2025,09:31:48,22573,22571.9,150,22573,525,150,7508175
NIFTY-I.NFO,27/02/2025,09:31:49,22573,22571.9,150,22573,225,300,7508175
NIFTY-I.NFO,27/02/2025,09:31:51,22572.75,22571.9,75,22572.8,75,600,7508175
NIFTY-I.NFO,27/02/2025,09:31:53,22571.1,22571.9,75,22573,225,450,7508175
NIFTY-I.NFO,27/02/2025,09:31:54,22575,22575,225,22575.3,675,19575,7508175
NIFTY-I.NFO,27/02/2025,09:31:56,22575,22575,150,22575.05,75,3975,7508175
NIFTY-I.NFO,27/02/2025,09:31:58,22575,22575,450,22575.05,975,4425,7508175
NIFTY-I.NFO,27/02/2025,09:31:59,22575,22575,375,22575.25,75,1050,7508175
NIFTY-I.NFO,27/02/2025,09:32:01,22575,22575,525,22575.1,75,675,7508175
NIFTY-I.NFO,27/02/2025,09:32:03,22575,22575,225,22575.3,75,300,7508175
NIFTY-I.NFO,27/02/2025,09:32:04,22575,22575,75,22575.05,1050,3225,7508175
NIFTY-I.NFO,27/02/2025,09:32:06,22575,22575,525,22575.05,75,4050,7508175
NIFTY-I.NFO,27/02/2025,09:32:08,22575,22575,75,22575.05,150,1500,7508175
NIFTY-I.NFO,27/02/2025,09:32:09,22575,22575,525,22575.05,525,5550,7508175
NIFTY-I.NFO,27/02/2025,09:32:11,22575,22575,300,22575.05,150,975,7508175
NIFTY-I.NFO,27/02/2025,09:32:13,22575,22575,750,22575.05,450,7875,7508175
NIFTY-I.NFO,27/02/2025,09:32:14,22575,22575,450,22575.1,150,2025,7508175
NIFTY-I.NFO,27/02/2025,09:32:16,22574.85,22575,675,22575.2,75,2475,7508175
NIFTY-I.NFO,27/02/2025,09:32:18,22575,22575,375,22575.05,75,1125,7508175
NIFTY-I.NFO,27/02/2025,09:32:19,22575,22575,450,22575.05,75,675,7508175
NIFTY-I.NFO,27/02/2025,09:32:21,22575,22575.05,75,22575.25,75,675,7508175
NIFTY-I.NFO,27/02/2025,09:32:23,22575.1,22575,450,22575.2,150,300,7508175
NIFTY-I.NFO,27/02/2025,09:32:24,22575.1,22575,450,22575.25,75,1500,7508175
NIFTY-I.NFO,27/02/2025,09:32:26,22575.3,22575.25,75,22575.45,225,2250,7508175
NIFTY-I.NFO,27/02/2025,09:32:27,22575,22575,600,22575.4,75,225,7508175
NIFTY-I.NFO,27/02/2025,09:32:29,22575,22575.1,75,22575.45,75,150,7508175
NIFTY-I.NFO,27/02/2025,09:32:31,22575.25,22575,750,22575.3,150,3900,7508175
NIFTY-I.NFO,27/02/2025,09:32:32,22575.25,22575,750,22575.45,75,0,7508175
NIFTY-I.NFO,27/02/2025,09:32:34,22575,22575,600,22575.2,375,150,7508175
NIFTY-I.NFO,27/02/2025,09:32:36,22575,22575,525,22575.05,75,4950,7508175
NIFTY-I.NFO,27/02/2025,09:32:37,22575,22575,375,22575.05,525,150,7508175
NIFTY-I.NFO,27/02/2025,09:32:39,22575,22575,225,22575.05,825,9825,7508175
NIFTY-I.NFO,27/02/2025,09:32:40,22575,22575,600,22575.05,75,3450,7508175
NIFTY-I.NFO,27/02/2025,09:32:42,22575,22575,750,22575.1,75,1650,7508175
NIFTY-I.NFO,27/02/2025,09:32:44,22574.9,22573.55,150,22574.85,75,7500,7508175
NIFTY-I.NFO,27/02/2025,09:32:45,22575,22573.8,150,22574.9,75,8325,7508175
NIFTY-I.NFO,27/02/2025,09:32:47,22575,22575,225,22575.1,225,4500,7508175
NIFTY-I.NFO,27/02/2025,09:32:49,22575,22575,450,22575.05,75,1275,7508175
NIFTY-I.NFO,27/02/2025,09:32:50,22574,22574,75,22574.95,300,2325,7508175
NIFTY-I.NFO,27/02/2025,09:32:52,22575,22574,75,22575,75,75,7508175
NIFTY-I.NFO,27/02/2025,09:32:54,22575,22574.2,150,22574.9,75,0,7508175
NIFTY-I.NFO,27/02/2025,09:32:55,22574.9,22574.2,150,22575,75,150,7508175
NIFTY-I.NFO,27/02/2025,09:32:57,22574,22573.8,150,22575,75,75,7508175
NIFTY-I.NFO,27/02/2025,09:32:59,22575,22575,225,22575.05,75,375,7508175
NIFTY-I.NFO,27/02/2025,09:33:00,22574,22572.1,75,22574,150,675,7508175
NIFTY-I.NFO,27/02/2025,09:33:02,22574,22574,75,22575,375,1350,7508175
NIFTY-I.NFO,27/02/2025,09:33:03,22574,22574,75,22575,375,2625,7508175
NIFTY-I.NFO,27/02/2025,09:33:05,22575,22574,75,22575,225,150,7508175
NIFTY-I.NFO,27/02/2025,09:33:07,22573.25,22573.25,75,22576,825,1800,7508175
NIFTY-I.NFO,27/02/2025,09:33:08,22574.5,22573.25,75,22575,75,225,7508175
NIFTY-I.NFO,27/02/2025,09:33:10,22575,22574.4,75,22576,750,225,7508175
NIFTY-I.NFO,27/02/2025,09:33:12,22574.2,22574.55,75,22576,750,225,7508175
NIFTY-I.NFO,27/02/2025,09:33:13,22574.2,22573.05,75,22576,750,375,7508175
NIFTY-I.NFO,27/02/2025,09:33:15,22574.55,22575.15,525,22576,750,75,7508175
NIFTY-I.NFO,27/02/2025,09:33:17,22575.15,22575.15,225,22576,600,450,7508175
NIFTY-I.NFO,27/02/2025,09:33:18,22575.15,22572.7,75,22576,600,75,7508175
NIFTY-I.NFO,27/02/2025,09:33:20,22576,22573.55,75,22575.15,150,375,7508175
NIFTY-I.NFO,27/02/2025,09:33:21,22579,22575.15,600,22579,150,675,7508175
NIFTY-I.NFO,27/02/2025,09:33:23,22580,22576.8,75,22580,1125,225,7508175
NIFTY-I.NFO,27/02/2025,09:33:25,22579.95,22575,75,22580,825,1275,7508175
NIFTY-I.NFO,27/02/2025,09:33:26,22580,22579,150,22580,750,150,7508175
NIFTY-I.NFO,27/02/2025,09:33:28,22580,22579,75,22580,600,225,7508175
NIFTY-I.NFO,27/02/2025,09:33:30,22580,22578.3,225,22580.05,75,1650,7508175
NIFTY-I.NFO,27/02/2025,09:33:31,22580,22580.05,75,22581,300,900,7508175
NIFTY-I.NFO,27/02/2025,09:33:33,22582.7,22580.05,75,22582.75,75,675,7508175
NIFTY-I.NFO,27/02/2025,09:33:35,22578,22578,75,22582.7,225,300,7508175
NIFTY-I.NFO,27/02/2025,09:33:36,22582.75,22580,75,22583,75,150,7508175
NIFTY-I.NFO,27/02/2025,09:33:38,22580,22578.15,150,22583.4,225,300,7508175
NIFTY-I.NFO,27/02/2025,09:33:40,22583.4,22583.4,75,22584,225,450,7508175
NIFTY-I.NFO,27/02/2025,09:33:41,22583.4,22583.6,75,22584,225,375,7508175
NIFTY-I.NFO,27/02/2025,09:33:43,22584.05,22584.6,150,22589.3,75,2550,7566075
NIFTY-I.NFO,27/02/2025,09:33:44,22586.15,22584,150,22589.2,225,525,7566075
NIFTY-I.NFO,27/02/2025,09:33:46,22584,22584,75,22586.35,225,1425,7566075
NIFTY-I.NFO,27/02/2025,09:33:48,22583.6,22581.8,150,22586.15,75,300,7566075
NIFTY-I.NFO,27/02/2025,09:33:49,22586.15,22580.65,150,22586.4,225,525,7566075
NIFTY-I.NFO,27/02/2025,09:33:51,22585.7,22584,150,22585.9,75,225,7566075
NIFTY-I.NFO,27/02/2025,09:33:52,22578.55,22580.85,75,22584.85,600,2400,7566075
NIFTY-I.NFO,27/02/2025,09:33:54,22585.15,22584.85,225,22585.15,225,900,7566075
NIFTY-I.NFO,27/02/2025,09:33:56,22584.4,22578.5,225,22584.35,300,1425,7566075
NIFTY-I.NFO,27/02/2025,09:33:57,22583.8,22582,150,22583.95,375,375,7566075
NIFTY-I.NFO,27/02/2025,09:33:59,22584,22582,150,22583.1,150,600,7566075
NIFTY-I.NFO,27/02/2025,09:34:01,22577.45,22578.85,300,22584.3,300,3675,7566075
NIFTY-I.NFO,27/02/2025,09:34:02,22582.65,22577.35,600,22583.1,225,300,7566075
NIFTY-I.NFO,27/02/2025,09:34:04,22584.75,22579.25,150,22585,1725,750,7566075
NIFTY-I.NFO,27/02/2025,09:34:05,22584.95,22583.45,75,22584.7,375,750,7566075
NIFTY-I.NFO,27/02/2025,09:34:07,22585,22584.75,75,22585,600,1275,7566075
NIFTY-I.NFO,27/02/2025,09:34:09,22584.85,22584.75,75,22585,525,225,7566075
NIFTY-I.NFO,27/02/2025,09:34:10,22585.2,22583.45,75,22584.15,150,600,7566075
NIFTY-I.NFO,27/02/2025,09:34:12,22584.15,22582.65,225,22583.6,75,2100,7566075
NIFTY-I.NFO,27/02/2025,09:34:14,22584.6,22583.6,75,22584.6,375,450,7566075
NIFTY-I.NFO,27/02/2025,09:34:15,22584.7,22582.65,225,22584.65,225,150,7566075
NIFTY-I.NFO,27/02/2025,09:34:17,22582.65,22582.65,150,22583.85,300,225,7566075
NIFTY-I.NFO,27/02/2025,09:34:18,22584.2,22583.85,75,22584.05,75,2100,7566075
NIFTY-I.NFO,27/02/2025,09:34:20,22584.35,22579.15,75,22584.35,75,4875,7566075
NIFTY-I.NFO,27/02/2025,09:34:22,22584.25,22584,75,22584.25,75,3075,7566075
NIFTY-I.NFO,27/02/2025,09:34:23,22584.25,22582.65,75,22584.4,600,675,7566075
NIFTY-I.NFO,27/02/2025,09:34:25,22583.75,22578.4,75,22583.75,750,450,7566075
NIFTY-I.NFO,27/02/2025,09:34:26,22577.1,22577.55,525,22583,225,900,7566075
NIFTY-I.NFO,27/02/2025,09:34:28,22583,22581.75,75,22583,150,75,7566075
NIFTY-I.NFO,27/02/2025,09:34:30,22582.75,22582.75,975,22582.95,375,675,7566075
NIFTY-I.NFO,27/02/2025,09:34:31,22582.75,22582.95,75,22583,300,75,7566075
NIFTY-I.NFO,27/02/2025,09:34:33,22583,22582.75,900,22583,375,75,7566075
NIFTY-I.NFO,27/02/2025,09:34:35,22582.75,22582.75,750,22583,375,225,7566075
NIFTY-I.NFO,27/02/2025,09:34:36,22583,22582.75,600,22583,225,225,7566075
NIFTY-I.NFO,27/02/2025,09:34:38,22582.75,22577.85,75,22582,150,600,7566075
NIFTY-I.NFO,27/02/2025,09:34:39,22582.7,22576.85,375,22582.75,225,3450,7566075
NIFTY-I.NFO,27/02/2025,09:34:41,22582,22582,75,22582.95,300,9975,7566075
NIFTY-I.NFO,27/02/2025,09:34:43,22576,22575.75,450,22582.1,375,2325,7566075
NIFTY-I.NFO,27/02/2025,09:34:44,22575,22575,150,22580.95,225,150,7566075
NIFTY-I.NFO,27/02/2025,09:34:46,22579.8,22579.2,75,22580,1800,375,7566075
NIFTY-I.NFO,27/02/2025,09:34:47,22576.75,22576.8,75,22579.85,375,600,7566075
NIFTY-I.NFO,27/02/2025,09:34:49,22580,22579.85,75,22579.9,675,300,7566075
NIFTY-I.NFO,27/02/2025,09:34:50,22579.9,22579.9,75,22580,1200,225,7566075
NIFTY-I.NFO,27/02/2025,09:34:52,22575,22574.85,75,22580,1200,375,7566075
NIFTY-I.NFO,27/02/2025,09:34:54,22576.75,22574.85,75,22580,1200,525,7566075
NIFTY-I.NFO,27/02/2025,09:34:55,22580,22575.45,75,22580,675,1350,7566075
NIFTY-I.NFO,27/02/2025,09:34:57,22574.7,22575.15,75,22580,525,450,7566075
NIFTY-I.NFO,27/02/2025,09:34:59,22580,22576,75,22580,75,1350,7566075
NIFTY-I.NFO,27/02/2025,09:35:00,22580,22576,75,22580,150,1200,7566075
NIFTY-I.NFO,27/02/2025,09:35:02,22580,22576,75,22580,75,75,7566075
NIFTY-I.NFO,27/02/2025,09:35:04,22580.7,22580,225,22580.85,75,150,7566075
NIFTY-I.NFO,27/02/2025,09:35:05,22580.85,22580,150,22581.05,600,150,7566075
NIFTY-I.NFO,27/02/2025,09:35:07,22575.45,22576,300,22580,75,525,7566075
NIFTY-I.NFO,27/02/2025,09:35:09,22575.25,22576.15,75,22580,1875,450,7566075
NIFTY-I.NFO,27/02/2025,09:35:10,22580,22576.05,75,22580,1575,375,7566075
NIFTY-I.NFO,27/02/2025,09:35:12,22575.85,22578.15,75,22580,1575,600,7566075
NIFTY-I.NFO,27/02/2025,09:35:14,22580,22578.65,75,22580,1200,375,7566075
NIFTY-I.NFO,27/02/2025,09:35:15,22580,22577.35,75,22580,675,2550,7566075
NIFTY-I.NFO,27/02/2025,09:35:17,22575.5,22577.1,75,22580,600,525,7566075
NIFTY-I.NFO,27/02/2025,09:35:19,22576,22576.5,75,22580,525,300,7566075
NIFTY-I.NFO,27/02/2025,09:35:20,22580,22577.05,75,22580,375,150,7566075
NIFTY-I.NFO,27/02/2025,09:35:22,22577,22577,525,22580,300,375,7566075
NIFTY-I.NFO,27/02/2025,09:35:23,22581,22582.9,75,22583,225,675,7566075
NIFTY-I.NFO,27/02/2025,09:35:25,22580,22580,225,22583,150,525,7566075
NIFTY-I.NFO,27/02/2025,09:35:27,22583.95,22580,225,22583.85,600,225,7566075
NIFTY-I.NFO,27/02/2025,09:35:28,22580.85,22580,75,22580.85,450,600,7566075
NIFTY-I.NFO,27/02/2025,09:35:30,22580.85,22580,75,22580.85,225,975,7566075
NIFTY-I.NFO,27/02/2025,09:35:32,22580,22580.85,75,22583.35,600,900,7566075
NIFTY-I.NFO,27/02/2025,09:35:33,22583.25,22579.75,75,22583.45,600,675,7566075
NIFTY-I.NFO,27/02/2025,09:35:35,22581.75,22581.75,75,22583.95,600,225,7566075
NIFTY-I.NFO,27/02/2025,09:35:36,22581.75,22583.4,75,22583.45,600,75,7566075
NIFTY-I.NFO,27/02/2025,09:35:38,22583.6,22583.45,75,22583.9,375,750,7566075
NIFTY-I.NFO,27/02/2025,09:35:40,22584.2,22583.9,75,22584.15,75,225,7566075
NIFTY-I.NFO,27/02/2025,09:35:41,22581.75,22581.75,75,22584.2,375,1350,7566075
NIFTY-I.NFO,27/02/2025,09:35:43,22581.8,22581.75,75,22584.25,675,600,7566075
NIFTY-I.NFO,27/02/2025,09:35:45,22584.25,22584.2,150,22584.7,375,2100,7566075
NIFTY-I.NFO,27/02/2025,09:35:46,22581.75,22581.75,75,22584.45,450,450,7566075
NIFTY-I.NFO,27/02/2025,09:35:48,22584.45,22581.75,75,22583.6,375,1050,7566075
NIFTY-I.NFO,27/02/2025,09:35:49,22582,22583.6,75,22584,75,75,7566075
NIFTY-I.NFO,27/02/2025,09:35:51,22585,22584,225,22584.95,75,825,7566075
NIFTY-I.NFO,27/02/2025,09:35:53,22583.35,22582,300,22585,750,375,7566075
NIFTY-I.NFO,27/02/2025,09:35:54,22584.65,22583.75,75,22585,750,75,7566075
NIFTY-I.NFO,27/02/2025,09:35:56,22583.75,22582.75,75,22585,675,150,7566075
NIFTY-I.NFO,27/02/2025,09:35:58,22585,22582,225,22585,600,525,7566075
NIFTY-I.NFO,27/02/2025,09:35:59,22585,22582,225,22585,600,225,7566075
NIFTY-I.NFO,27/02/2025,09:36:01,22585,22582,225,22585,450,225,7566075
NIFTY-I.NFO,27/02/2025,09:36:03,22585,22582,525,22585,300,150,7566075
NIFTY-I.NFO,27/02/2025,09:36:04,22585,22582,525,22585,300,0,7566075
NIFTY-I.NFO,27/02/2025,09:36:06,22583.35,22582,525,22585,150,300,7566075
NIFTY-I.NFO,27/02/2025,09:36:07,22583.35,22582.25,75,22584.5,75,0,7566075
NIFTY-I.NFO,27/02/2025,09:36:09,22583.35,22582.4,75,22585.65,75,600,7566075
NIFTY-I.NFO,27/02/2025,09:36:11,22582,22582,75,22585.65,75,450,7566075
NIFTY-I.NFO,27/02/2025,09:36:12,22581.75,22581.75,75,22586.3,450,675,7566075
NIFTY-I.NFO,27/02/2025,09:36:14,22581.75,22582.75,75,22585.75,375,1350,7566075
NIFTY-I.NFO,27/02/2025,09:36:16,22583.35,22581.75,75,22585.9,600,225,7566075
NIFTY-I.NFO,27/02/2025,09:36:17,22584.6,22581,675,22585.85,975,75,7566075
NIFTY-I.NFO,27/02/2025,09:36:19,22582.75,22581,900,22585,75,75,7566075
NIFTY-I.NFO,27/02/2025,09:36:20,22585.75,22585,75,22585.5,300,975,7566075
NIFTY-I.NFO,27/02/2025,09:36:22,22585,22581,675,22585.35,600,300,7566075
NIFTY-I.NFO,27/02/2025,09:36:24,22585.2,22581,675,22584.7,300,75,7566075
NIFTY-I.NFO,27/02/2025,09:36:25,22583.9,22581,600,22584,300,150,7566075
NIFTY-I.NFO,27/02/2025,09:36:27,22584,22581,600,22584.05,75,75,7566075
NIFTY-I.NFO,27/02/2025,09:36:29,22582.25,22581,600,22582.2,150,525,7566075
NIFTY-I.NFO,27/02/2025,09:36:30,22581.45,22581,525,22582.65,75,1200,7566075
NIFTY-I.NFO,27/02/2025,09:36:32,22582.65,22582.65,75,22583.6,825,600,7566075
NIFTY-I.NFO,27/02/2025,09:36:34,22581,22581,300,22583.25,900,225,7566075
NIFTY-I.NFO,27/02/2025,09:36:35,22583.7,22581,375,22583.7,525,225,7566075
NIFTY-I.NFO,27/02/2025,09:36:37,22583.7,22581,375,22583.85,1275,2025,7566075
NIFTY-I.NFO,27/02/2025,09:36:39,22583.85,22578.3,600,22584.45,375,3375,7566075
NIFTY-I.NFO,27/02/2025,09:36:40,22581,22577.6,600,22581,75,3975,7566075
NIFTY-I.NFO,27/02/2025,09:36:42,22581,22583.85,75,22584.65,525,2250,7566075
NIFTY-I.NFO,27/02/2025,09:36:44,22581,22583.85,75,22584.15,375,2175,7535325
NIFTY-I.NFO,27/02/2025,09:36:45,22583,22582.95,75,22584.25,375,5850,7535325
NIFTY-I.NFO,27/02/2025,09:36:47,22584.25,22581,75,22584.95,75,150,7535325
NIFTY-I.NFO,27/02/2025,09:36:48,22584.9,22584.95,75,22585,1575,75,7535325
NIFTY-I.NFO,27/02/2025,09:36:50,22578.5,22581.75,75,22584.75,525,375,7535325
NIFTY-I.NFO,27/02/2025,09:36:52,22584,22579.5,75,22584,75,75,7535325
NIFTY-I.NFO,27/02/2025,09:36:53,22583,22580.5,75,22583,1575,900,7535325
NIFTY-I.NFO,27/02/2025,09:36:55,22583,22581.65,975,22583,1050,2025,7535325
NIFTY-I.NFO,27/02/2025,09:36:56,22583,22581.65,825,22583,300,900,7535325
NIFTY-I.NFO,27/02/2025,09:36:58,22581.65,22581.65,675,22583,525,525,7535325
NIFTY-I.NFO,27/02/2025,09:37:00,22581.65,22581.65,525,22582.35,300,525,7535325
NIFTY-I.NFO,27/02/2025,09:37:01,22582.2,22582.15,75,22582.2,225,600,7535325
NIFTY-I.NFO,27/02/2025,09:37:03,22582.15,22577.4,75,22581.65,75,375,7535325
NIFTY-I.NFO,27/02/2025,09:37:05,22580,22576,75,22580,150,225,7535325
NIFTY-I.NFO,27/02/2025,09:37:06,22580.15,22576,75,22580,150,75,7535325
NIFTY-I.NFO,27/02/2025,09:37:08,22580.15,22576,75,22580.1,150,0,7535325
NIFTY-I.NFO,27/02/2025,09:37:10,22579.45,22575,1350,22579.35,150,300,7535325
NIFTY-I.NFO,27/02/2025,09:37:11,22575,22574,75,22579.45,225,1650,7535325
NIFTY-I.NFO,27/02/2025,09:37:13,22579.45,22579.45,75,22579.5,300,450,7535325
NIFTY-I.NFO,27/02/2025,09:37:15,22579.15,22573.65,600,22579.75,225,600,7535325
NIFTY-I.NFO,27/02/2025,09:37:16,22579.45,22573.1,300,22579.55,150,375,7535325
NIFTY-I.NFO,27/02/2025,09:37:18,22579.3,22573.3,300,22579.55,75,525,7535325
NIFTY-I.NFO,27/02/2025,09:37:19,22579.3,22573.05,600,22579.35,375,600,7535325
NIFTY-I.NFO,27/02/2025,09:37:21,22575,22573.05,300,22579.4,225,225,7535325
NIFTY-I.NFO,27/02/2025,09:37:23,22573.05,22573.05,1200,22578.75,75,2175,7535325
NIFTY-I.NFO,27/02/2025,09:37:24,22573.05,22573.05,1050,22578.1,150,150,7535325
NIFTY-I.NFO,27/02/2025,09:37:26,22573.05,22573.05,1200,22577.25,150,4200,7535325
NIFTY-I.NFO,27/02/2025,09:37:28,22576.8,22573.05,900,22576.6,375,375,7535325
NIFTY-I.NFO,27/02/2025,09:37:29,22573.05,22576.65,75,22577.45,225,4200,7535325
NIFTY-I.NFO,27/02/2025,09:37:31,22573,22572.15,75,22577.15,75,3375,7535325
NIFTY-I.NFO,27/02/2025,09:37:33,22572,22572,600,22576,75,225,7535325
NIFTY-I.NFO,27/02/2025,09:37:34,22576,22572,75,22577.15,75,375,7535325
NIFTY-I.NFO,27/02/2025,09:37:36,22571.75,22571.55,75,22576.8,225,4200,7535325
NIFTY-I.NFO,27/02/2025,09:37:37,22570.15,22571.6,75,22577.15,450,2400,7535325
NIFTY-I.NFO,27/02/2025,09:37:39,22577.1,22572,75,22576.75,225,75,7535325
NIFTY-I.NFO,27/02/2025,09:37:41,22576.4,22572,75,22573.65,675,75,7535325
NIFTY-I.NFO,27/02/2025,09:37:42,22573.65,22574,75,22574.15,75,75,7535325
NIFTY-I.NFO,27/02/2025,09:37:44,22575.05,22572,75,22575,300,150,7535325
NIFTY-I.NFO,27/02/2025,09:37:46,22574,22571.55,75,22574,600,300,7535325
NIFTY-I.NFO,27/02/2025,09:37:47,22574,22570.55,75,22573.85,375,375,7535325
NIFTY-I.NFO,27/02/2025,09:37:49,22570.55,22570.6,75,22574.5,150,75,7535325
NIFTY-I.NFO,27/02/2025,09:37:50,22571.2,22570.55,75,22573.75,375,3375,7535325
NIFTY-I.NFO,27/02/2025,09:37:52,22570.15,22570.6,75,22574.2,75,2100,7535325
NIFTY-I.NFO,27/02/2025,09:37:54,22573.7,22572,150,22573.9,150,150,7535325
NIFTY-I.NFO,27/02/2025,09:37:55,22571.5,22571.5,300,22573.85,375,450,7535325
NIFTY-I.NFO,27/02/2025,09:37:57,22570.55,22570,825,22573.2,75,525,7535325
NIFTY-I.NFO,27/02/2025,09:37:59,22570.6,22569,75,22570.65,75,1350,7535325
NIFTY-I.NFO,27/02/2025,09:38:00,22568,22568,675,22569,75,450,7535325
NIFTY-I.NFO,27/02/2025,09:38:02,22567.25,22566.6,150,22567.5,150,2250,7535325
NIFTY-I.NFO,27/02/2025,09:38:02,22566.6,22566.6,150,22567.5,150,0,7535325
NIFTY-I.NFO,27/02/2025,09:38:04,22563.3,22563.3,150,22566,150,4950,7535325
NIFTY-I.NFO,27/02/2025,09:38:04,22563.3,22563.3,150,22566,150,0,7535325
NIFTY-I.NFO,27/02/2025,09:38:05,22566,22563.25,300,22565.55,375,675,7535325
NIFTY-I.NFO,27/02/2025,09:38:05,22563.25,22563.25,300,22565.55,375,0,7535325
NIFTY-I.NFO,27/02/2025,09:38:07,22563.25,22563.25,150,22566,75,150,7535325
NIFTY-I.NFO,27/02/2025,09:38:09,22566,22562.65,300,22567.25,75,450,7535325
NIFTY-I.NFO,27/02/2025,09:38:09,22562.6,22562.65,300,22567.25,75,0,7535325
NIFTY-I.NFO,27/02/2025,09:38:10,22567.25,22562.6,1725,22566,75,75,7535325
NIFTY-I.NFO,27/02/2025,09:38:12,22562.65,22562.65,600,22565,75,75,7535325
NIFTY-I.NFO,27/02/2025,09:38:14,22562.6,22562.6,1350,22563,150,75,7535325
NIFTY-I.NFO,27/02/2025,09:38:15,22563,22562.6,975,22565,75,525,7535325
NIFTY-I.NFO,27/02/2025,09:38:17,22562.65,22562.6,675,22565,75,450,7535325
NIFTY-I.NFO,27/02/2025,09:38:19,22562.6,22562.6,600,22565,75,75,7535325
NIFTY-I.NFO,27/02/2025,09:38:20,22562.6,22562,75,22565,375,675,7535325
NIFTY-I.NFO,27/02/2025,09:38:22,22561.6,22561.6,300,22564.85,525,450,7535325
NIFTY-I.NFO,27/02/2025,09:38:22,22561.6,22561.6,300,22564.85,525,0,7535325
NIFTY-I.NFO,27/02/2025,09:38:24,22564.85,22561.6,300,22564.85,375,225,7535325
NIFTY-I.NFO,27/02/2025,09:38:25,22564.85,22561.6,375,22564.35,225,0,7535325
NIFTY-I.NFO,27/02/2025,09:38:27,22561.6,22561.6,75,22562.6,75,300,7535325
NIFTY-I.NFO,27/02/2025,09:38:29,22561.6,22561.6,75,22562.6,75,0,7535325
NIFTY-I.NFO,27/02/2025,09:38:30,22560,22554,225,22560.05,600,9900,7535325
NIFTY-I.NFO,27/02/2025,09:38:30,22554.2,22554,225,22560.05,600,0,7535325
NIFTY-I.NFO,27/02/2025,09:38:32,22560.05,22560.1,225,22561.6,75,450,7535325
NIFTY-I.NFO,27/02/2025,09:38:32,22554,22560.1,225,22561.6,75,0,7535325
NIFTY-I.NFO,27/02/2025,09:38:34,22553.6,22553.6,75,22560.25,450,2550,7535325
NIFTY-I.NFO,27/02/2025,09:38:34,22553.6,22553.6,75,22560.25,450,0,7535325
NIFTY-I.NFO,27/02/2025,09:38:35,22556.1,22553.15,825,22559.9,525,375,7535325
NIFTY-I.NFO,27/02/2025,09:38:37,22559,22553.3,75,22559.85,150,2250,7535325
NIFTY-I.NFO,27/02/2025,09:38:37,22553,22553.3,75,22559.85,150,0,7535325
NIFTY-I.NFO,27/02/2025,09:38:39,22555.5,22555.6,75,22560,75,600,7535325
NIFTY-I.NFO,27/02/2025,09:38:40,22554.7,22552.05,75,22558.3,150,375,7535325
NIFTY-I.NFO,27/02/2025,09:38:42,22558.2,22552.05,75,22557.5,375,825,7535325
NIFTY-I.NFO,27/02/2025,09:38:42,22552.3,22552.05,75,22557.5,375,0,7535325
NIFTY-I.NFO,27/02/2025,09:38:44,22556.1,22550.65,225,22557.45,375,1650,7535325
NIFTY-I.NFO,27/02/2025,09:38:44,22550.45,22550.65,225,22557.45,375,0,7535325
NIFTY-I.NFO,27/02/2025,09:38:45,22556.4,22554.7,75,22557.85,300,600,7535325
NIFTY-I.NFO,27/02/2025,09:38:47,22557.85,22555.05,75,22558.45,75,2250,7535325
NIFTY-I.NFO,27/02/2025,09:38:49,22554.7,22553.55,75,22557.85,75,450,7535325
NIFTY-I.NFO,27/02/2025,09:38:50,22554.05,22553.05,75,22555.05,225,150,7535325
NIFTY-I.NFO,27/02/2025,09:38:52,22557.65,22555.1,75,22557.8,75,375,7535325
NIFTY-I.NFO,27/02/2025,09:38:54,22554,22553.05,75,22557.85,75,525,7535325
NIFTY-I.NFO,27/02/2025,09:38:55,22558.6,22552.1,150,22558.5,150,900,7535325
NIFTY-I.NFO,27/02/2025,09:38:57,22558.55,22558.5,225,22558.7,300,375,7535325
NIFTY-I.NFO,27/02/2025,09:38:59,22555.1,22555.1,525,22557.55,150,375,7535325
NIFTY-I.NFO,27/02/2025,09:39:00,22555.1,22555.1,75,22556.25,150,525,7535325
NIFTY-I.NFO,27/02/2025,09:39:02,22554.05,22551.2,75,22552.8,150,225,7535325
NIFTY-I.NFO,27/02/2025,09:39:04,22552.8,22550.1,300,22553.2,375,675,7535325
NIFTY-I.NFO,27/02/2025,09:39:04,22550.1,22550.1,300,22553.2,375,0,7535325
NIFTY-I.NFO,27/02/2025,09:39:05,22552.85,22550.1,300,22552.9,375,225,7535325
NIFTY-I.NFO,27/02/2025,09:39:07,22551.6,22550,4050,22551.75,150,5250,7535325
NIFTY-I.NFO,27/02/2025,09:39:07,22550,22550,4050,22551.75,150,0,7535325
NIFTY-I.NFO,27/02/2025,09:39:09,22553.3,22550,4350,22553.5,375,600,7535325
NIFTY-I.NFO,27/02/2025,09:39:10,22553.5,22550,3975,22553.5,300,450,7535325
NIFTY-I.NFO,27/02/2025,09:39:12,22550,22550,3300,22550.1,75,375,7535325
NIFTY-I.NFO,27/02/2025,09:39:14,22551.75,22550.5,75,22553,75,1275,7535325
NIFTY-I.NFO,27/02/2025,09:39:15,22553,22550.1,375,22553,75,3300,7535325
NIFTY-I.NFO,27/02/2025,09:39:17,22550.1,22550.1,300,22553,75,75,7535325
NIFTY-I.NFO,27/02/2025,09:39:19,22550.1,22550.1,150,22553,75,225,7535325
NIFTY-I.NFO,27/02/2025,09:39:21,22550,22550,1725,22553.65,75,1350,7535325
NIFTY-I.NFO,27/02/2025,09:39:22,22553,22553,300,22553.65,75,375,7535325
NIFTY-I.NFO,27/02/2025,09:39:24,22553.65,22553,75,22554,75,525,7535325
NIFTY-I.NFO,27/02/2025,09:39:26,22553,22550,1800,22553,1650,300,7535325
NIFTY-I.NFO,27/02/2025,09:39:27,22553,22550,3075,22553,1350,525,7535325
NIFTY-I.NFO,27/02/2025,09:39:29,22553,22550,3000,22553,900,1950,7535325
NIFTY-I.NFO,27/02/2025,09:39:30,22550,22550.55,75,22553,975,900,7535325
NIFTY-I.NFO,27/02/2025,09:39:32,22550,22551.05,75,22553,825,7350,7535325
NIFTY-I.NFO,27/02/2025,09:39:34,22553,22552.05,75,22553.65,450,1650,7535325
NIFTY-I.NFO,27/02/2025,09:39:35,22553.65,22553,75,22554,75,1050,7535325
NIFTY-I.NFO,27/02/2025,09:39:37,22553.65,22553,75,22555,225,900,7535325
NIFTY-I.NFO,27/02/2025,09:39:39,22555,22555,150,22555.1,150,675,7535325
NIFTY-I.NFO,27/02/2025,09:39:40,22555,22555,75,22555.1,75,525,7535325
NIFTY-I.NFO,27/02/2025,09:39:42,22551.7,22551.7,150,22555,150,525,7535325
NIFTY-I.NFO,27/02/2025,09:39:44,22552,22552.05,75,22555.45,75,1200,7498200
NIFTY-I.NFO,27/02/2025,09:39:45,22555,22553.55,75,22555,1500,300,7498200
NIFTY-I.NFO,27/02/2025,09:39:47,22552.7,22553.05,75,22555,1200,1650,7498200
NIFTY-I.NFO,27/02/2025,09:39:49,22555,22552.05,675,22555,1200,750,7498200
NIFTY-I.NFO,27/02/2025,09:39:50,22552.05,22552.05,600,22555,1125,150,7498200
NIFTY-I.NFO,27/02/2025,09:39:52,22555,22552.05,225,22555,750,825,7498200
NIFTY-I.NFO,27/02/2025,09:39:54,22552.05,22552,150,22552.05,150,675,7498200
NIFTY-I.NFO,27/02/2025,09:39:55,22553.1,22553,75,22553.15,75,975,7498200
NIFTY-I.NFO,27/02/2025,09:39:57,22553.15,22551.05,75,22555,375,900,7498200
NIFTY-I.NFO,27/02/2025,09:39:59,22554,22553.15,75,22555,525,75,7498200
NIFTY-I.NFO,27/02/2025,09:40:00,22551,22551,150,22555,525,600,7498200
NIFTY-I.NFO,27/02/2025,09:40:02,22555,22551.05,675,22555,450,375,7498200
NIFTY-I.NFO,27/02/2025,09:40:04,22551.05,22551.05,600,22553.15,75,75,7498200
NIFTY-I.NFO,27/02/2025,09:40:05,22551.05,22551.05,450,22554,975,600,7498200
NIFTY-I.NFO,27/02/2025,09:40:07,22553.15,22551.05,450,22554,975,75,7498200
NIFTY-I.NFO,27/02/2025,09:40:09,22554,22551.05,300,22553,75,600,7498200
NIFTY-I.NFO,27/02/2025,09:40:10,22554.95,22554,150,22554.95,1500,1050,7498200
NIFTY-I.NFO,27/02/2025,09:40:12,22553,22553,150,22554.95,1500,4725,7498200
NIFTY-I.NFO,27/02/2025,09:40:14,22554.8,22554.95,75,22555,1575,1725,7498200
NIFTY-I.NFO,27/02/2025,09:40:15,22557,22554.05,75,22557.75,75,2175,7498200
NIFTY-I.NFO,27/02/2025,09:40:17,22557.75,22557.75,75,22557.8,75,600,7498200
NIFTY-I.NFO,27/02/2025,09:40:19,22557.75,22554,600,22559.55,300,4800,7498200
NIFTY-I.NFO,27/02/2025,09:40:20,22559.45,22554,600,22559.45,225,2475,7498200
NIFTY-I.NFO,27/02/2025,09:40:22,22558.75,22554,600,22559,525,1275,7498200
NIFTY-I.NFO,27/02/2025,09:40:24,22559,22555.7,75,22557.75,75,600,7498200
NIFTY-I.NFO,27/02/2025,09:40:25,22554,22554,75,22557.75,75,900,7498200
NIFTY-I.NFO,27/02/2025,09:40:27,22558.75,22553,150,22558.75,750,975,7498200
NIFTY-I.NFO,27/02/2025,09:40:29,22554,22554.7,75,22557.75,75,75,7498200
NIFTY-I.NFO,27/02/2025,09:40:30,22559.8,22557.9,75,22560,975,750,7498200
NIFTY-I.NFO,27/02/2025,09:40:32,22555.4,22555,1500,22559.95,225,1050,7498200
NIFTY-I.NFO,27/02/2025,09:40:34,22555.4,22556.4,75,22559.75,900,3825,7498200
NIFTY-I.NFO,27/02/2025,09:40:35,22555,22555.4,150,22558.95,225,375,7498200
NIFTY-I.NFO,27/02/2025,09:40:37,22559,22555.4,150,22558.95,225,3600,7498200
NIFTY-I.NFO,27/02/2025,09:40:39,22558.95,22555.7,150,22558.95,75,4425,7498200
NIFTY-I.NFO,27/02/2025,09:40:40,22558.95,22555.7,150,22558.7,150,0,7498200
NIFTY-I.NFO,27/02/2025,09:40:42,22558,22555.7,150,22558.95,75,75,7498200
NIFTY-I.NFO,27/02/2025,09:40:44,22555.7,22555.7,75,22558.9,75,75,7498200
NIFTY-I.NFO,27/02/2025,09:40:45,22558.95,22558.95,75,22559,225,75,7498200
NIFTY-I.NFO,27/02/2025,09:40:47,22559,22555.05,75,22559,75,2100,7498200
NIFTY-I.NFO,27/02/2025,09:40:49,22558.95,22558.1,450,22558.95,150,1200,7498200
NIFTY-I.NFO,27/02/2025,09:40:50,22558.95,22558.1,450,22560,675,150,7498200
NIFTY-I.NFO,27/02/2025,09:40:52,22554.45,22555.1,150,22560,900,1950,7498200
NIFTY-I.NFO,27/02/2025,09:40:54,22554.45,22556.8,150,22559.95,150,0,7498200
NIFTY-I.NFO,27/02/2025,09:40:55,22556.8,22556.55,75,22560.95,75,1950,7498200
NIFTY-I.NFO,27/02/2025,09:40:57,22556.55,22556.55,75,22560.95,1050,150,7498200
NIFTY-I.NFO,27/02/2025,09:40:58,22561.6,22558.05,75,22561.6,225,2475,7498200
NIFTY-I.NFO,27/02/2025,09:41:00,22559.05,22559.05,75,22562,225,825,7498200
NIFTY-I.NFO,27/02/2025,09:41:02,22559.05,22559.05,75,22562,225,450,7498200
NIFTY-I.NFO,27/02/2025,09:41:03,22560,22557.55,75,22562,150,825,7498200
NIFTY-I.NFO,27/02/2025,09:41:05,22557.1,22558.05,75,22561.6,75,2100,7498200
NIFTY-I.NFO,27/02/2025,09:41:07,22561.6,22558.05,75,22562.95,600,525,7498200
NIFTY-I.NFO,27/02/2025,09:41:08,22557.55,22556.25,150,22560.75,75,3975,7498200
NIFTY-I.NFO,27/02/2025,09:41:10,22560,22559.7,75,22560.2,75,1275,7498200
NIFTY-I.NFO,27/02/2025,09:41:12,22560.3,22557.1,75,22560.5,75,75,7498200
NIFTY-I.NFO,27/02/2025,09:41:13,22555,22555.55,75,22560.55,75,1350,7498200
NIFTY-I.NFO,27/02/2025,09:41:15,22555,22555.35,150,22561.6,450,150,7498200
NIFTY-I.NFO,27/02/2025,09:41:16,22554.4,22554.35,750,22560.3,1800,3900,7498200
NIFTY-I.NFO,27/02/2025,09:41:18,22560.3,22554.85,150,22560.3,1725,300,7498200
NIFTY-I.NFO,27/02/2025,09:41:20,22555,22555,75,22560.3,1950,1200,7498200
NIFTY-I.NFO,27/02/2025,09:41:21,22555,22554.75,150,22560.3,1575,225,7498200
NIFTY-I.NFO,27/02/2025,09:41:23,22560.3,22554.85,450,22560.3,1725,150,7498200
NIFTY-I.NFO,27/02/2025,09:41:24,22554.35,22554.35,75,22560.3,1050,750,7498200
NIFTY-I.NFO,27/02/2025,09:41:26,22560.3,22554.45,150,22560.3,525,525,7498200
NIFTY-I.NFO,27/02/2025,09:41:28,22559.5,22554,150,22560,300,375,7498200
NIFTY-I.NFO,27/02/2025,09:41:29,22560,22554.35,75,22559.7,150,75,7498200
NIFTY-I.NFO,27/02/2025,09:41:31,22554,22554,75,22559.05,600,225,7498200
NIFTY-I.NFO,27/02/2025,09:41:33,22558.8,22557,150,22559.1,600,150,7498200
NIFTY-I.NFO,27/02/2025,09:41:34,22559.1,22557,150,22559.2,450,600,7498200
NIFTY-I.NFO,27/02/2025,09:41:36,22557,22555.95,75,22558.75,600,825,7498200
NIFTY-I.NFO,27/02/2025,09:41:37,22557,22556.45,75,22558.85,600,300,7498200
NIFTY-I.NFO,27/02/2025,09:41:39,22556.95,22558.85,75,22558.9,75,150,7498200
NIFTY-I.NFO,27/02/2025,09:41:41,22553.8,22555.05,75,22558.85,1800,2025,7498200
NIFTY-I.NFO,27/02/2025,09:41:42,22558.85,22553.95,675,22558.85,975,1275,7498200
NIFTY-I.NFO,27/02/2025,09:41:44,22558.85,22553.5,150,22558.85,975,300,7498200
NIFTY-I.NFO,27/02/2025,09:41:46,22555.05,22555.6,150,22558.8,300,750,7498200
NIFTY-I.NFO,27/02/2025,09:41:47,22554.3,22554.05,300,22558,150,375,7498200
NIFTY-I.NFO,27/02/2025,09:41:49,22558,22554.05,225,22558.8,300,375,7498200
NIFTY-I.NFO,27/02/2025,09:41:51,22558,22554.05,225,22558.85,1350,675,7498200
NIFTY-I.NFO,27/02/2025,09:41:52,22554,22553.4,375,22558.85,825,375,7498200
NIFTY-I.NFO,27/02/2025,09:41:54,22554,22555,225,22558.85,1125,0,7498200
NIFTY-I.NFO,27/02/2025,09:41:55,22553,22553,375,22558.8,300,1500,7498200
NIFTY-I.NFO,27/02/2025,09:41:57,22553,22553.1,75,22558.85,1125,0,7498200
NIFTY-I.NFO,27/02/2025,09:41:59,22553.1,22553.15,75,22558.8,300,225,7498200
NIFTY-I.NFO,27/02/2025,09:42:00,22558.85,22554.6,300,22558.45,75,1125,7498200
NIFTY-I.NFO,27/02/2025,09:42:02,22555.6,22555.55,75,22557,75,450,7498200
NIFTY-I.NFO,27/02/2025,09:42:04,22558.8,22554,75,22558.85,1050,300,7498200
NIFTY-I.NFO,27/02/2025,09:42:05,22558.8,22554,75,22558.3,525,0,7498200
NIFTY-I.NFO,27/02/2025,09:42:07,22553.1,22553,375,22558.65,225,2400,7498200
NIFTY-I.NFO,27/02/2025,09:42:08,22553.15,22553,375,22558.45,75,375,7498200
NIFTY-I.NFO,27/02/2025,09:42:10,22553,22554,150,22558.25,300,300,7498200
NIFTY-I.NFO,27/02/2025,09:42:12,22553,22553,300,22558.15,150,450,7498200
NIFTY-I.NFO,27/02/2025,09:42:13,22557.15,22557.15,750,22557.75,300,450,7498200
NIFTY-I.NFO,27/02/2025,09:42:15,22557.15,22553,675,22558,75,750,7498200
NIFTY-I.NFO,27/02/2025,09:42:17,22554,22556,75,22557.95,75,600,7498200
NIFTY-I.NFO,27/02/2025,09:42:18,22554,22556,75,22557,75,0,7498200
NIFTY-I.NFO,27/02/2025,09:42:20,22557,22553,750,22557.15,225,150,7498200
NIFTY-I.NFO,27/02/2025,09:42:22,22557.15,22554,75,22557.15,150,450,7498200
NIFTY-I.NFO,27/02/2025,09:42:23,22557.15,22553,150,22557.15,75,525,7498200
NIFTY-I.NFO,27/02/2025,09:42:25,22557.15,22557.15,150,22557.9,75,75,7498200
NIFTY-I.NFO,27/02/2025,09:42:26,22557.9,22557.15,150,22557.95,75,75,7498200
NIFTY-I.NFO,27/02/2025,09:42:28,22557.15,22553,150,22557.95,75,150,7498200
NIFTY-I.NFO,27/02/2025,09:42:30,22557.15,22553,900,22557.95,75,150,7498200
NIFTY-I.NFO,27/02/2025,09:42:31,22558,22553.25,300,22557.95,75,1650,7498200
NIFTY-I.NFO,27/02/2025,09:42:33,22558,22557.15,150,22557.95,75,0,7498200
NIFTY-I.NFO,27/02/2025,09:42:35,22555.7,22556.05,75,22557.95,75,1125,7498200
NIFTY-I.NFO,27/02/2025,09:42:36,22553.7,22553.4,750,22557.95,75,375,7498200
NIFTY-I.NFO,27/02/2025,09:42:38,22553.7,22553.15,150,22557.95,75,0,7498200
NIFTY-I.NFO,27/02/2025,09:42:40,22553.05,22553.1,150,22558,975,450,7498200
NIFTY-I.NFO,27/02/2025,09:42:41,22557.95,22557.95,75,22558,975,150,7498200
NIFTY-I.NFO,27/02/2025,09:42:43,22558,22557.95,75,22558,825,225,7498200
NIFTY-I.NFO,27/02/2025,09:42:45,22558,22554,600,22558,750,1500,7483275
NIFTY-I.NFO,27/02/2025,09:42:46,22553.3,22553.25,75,22558,675,1800,7483275
NIFTY-I.NFO,27/02/2025,09:42:48,22557.95,22557.95,150,22558,600,600,7483275
NIFTY-I.NFO,27/02/2025,09:42:49,22553.55,22553,750,22558,450,900,7483275
NIFTY-I.NFO,27/02/2025,09:42:51,22555,22553,750,22558,450,525,7483275
NIFTY-I.NFO,27/02/2025,09:42:53,22553,22553,675,22558,150,450,7483275
NIFTY-I.NFO,27/02/2025,09:42:54,22553,22553.3,75,22558,225,0,7483275
NIFTY-I.NFO,27/02/2025,09:42:56,22553.3,22556.4,300,22558,75,2100,7483275
NIFTY-I.NFO,27/02/2025,09:42:58,22556.65,22556.65,600,22557,150,525,7483275
NIFTY-I.NFO,27/02/2025,09:42:59,22556.95,22556.35,975,22557,300,1275,7483275
NIFTY-I.NFO,27/02/2025,09:43:01,22557,22556.35,975,22557,75,2025,7483275
NIFTY-I.NFO,27/02/2025,09:43:02,22558,22557.15,900,22558,150,225,7483275
NIFTY-I.NFO,27/02/2025,09:43:04,22557.15,22557.15,750,22558,300,150,7483275
NIFTY-I.NFO,27/02/2025,09:43:06,22558,22557.15,600,22557.45,75,675,7483275
NIFTY-I.NFO,27/02/2025,09:43:07,22557.45,22557.15,600,22557.45,75,675,7483275
NIFTY-I.NFO,27/02/2025,09:43:09,22557.15,22557.15,525,22557.45,75,75,7483275
NIFTY-I.NFO,27/02/2025,09:43:11,22557.45,22557.15,525,22557.45,75,2850,7483275
NIFTY-I.NFO,27/02/2025,09:43:12,22557.15,22557.15,450,22557.45,75,75,7483275
NIFTY-I.NFO,27/02/2025,09:43:14,22557.15,22557.15,225,22558,300,375,7483275
NIFTY-I.NFO,27/02/2025,09:43:15,22557.65,22557.65,150,22558,225,1800,7483275
NIFTY-I.NFO,27/02/2025,09:43:17,22558,22557.65,75,22558,1800,750,7483275
NIFTY-I.NFO,27/02/2025,09:43:19,22558,22557.5,75,22558,1200,1800,7483275
NIFTY-I.NFO,27/02/2025,09:43:20,22558,22555.05,75,22557.5,75,0,7483275
NIFTY-I.NFO,27/02/2025,09:43:22,22558,22556,75,22557.5,75,225,7483275
NIFTY-I.NFO,27/02/2025,09:43:24,22556,22555.35,75,22557.5,75,675,7483275
NIFTY-I.NFO,27/02/2025,09:43:25,22556,22555.35,75,22557.5,75,1875,7483275
NIFTY-I.NFO,27/02/2025,09:43:27,22556,22555.35,75,22557.5,75,0,7483275
NIFTY-I.NFO,27/02/2025,09:43:28,22555.35,22555,1350,22557.65,75,150,7483275
NIFTY-I.NFO,27/02/2025,09:43:30,22555.35,22555.05,225,22557.65,75,975,7483275
NIFTY-I.NFO,27/02/2025,09:43:32,22555.05,22555.05,75,22558,1275,300,7483275
NIFTY-I.NFO,27/02/2025,09:43:33,22555.05,22556,75,22558,1575,225,7483275
NIFTY-I.NFO,27/02/2025,09:43:35,22556,22555.05,300,22558,1575,75,7483275
NIFTY-I.NFO,27/02/2025,09:43:37,22555.05,22555.05,150,22558,1500,225,7483275
NIFTY-I.NFO,27/02/2025,09:43:38,22558,22555.05,75,22558,1275,900,7483275
NIFTY-I.NFO,27/02/2025,09:43:40,22558,22558.2,150,22558.6,75,1575,7483275
NIFTY-I.NFO,27/02/2025,09:43:41,22558.8,22558.2,225,22558.8,150,375,7483275
NIFTY-I.NFO,27/02/2025,09:43:43,22558.85,22558,75,22558.85,525,675,7483275
NIFTY-I.NFO,27/02/2025,09:43:45,22558.85,22558,75,22558.45,75,0,7483275
NIFTY-I.NFO,27/02/2025,09:43:46,22558.85,22558,75,22558.2,75,0,7483275
NIFTY-I.NFO,27/02/2025,09:43:50,22558.45,22555.4,225,22558.85,525,900,7483275
NIFTY-I.NFO,27/02/2025,09:43:51,22555.4,22555.4,75,22558.45,75,150,7483275
NIFTY-I.NFO,27/02/2025,09:43:53,22555.4,22555.05,300,22558.45,75,600,7483275
NIFTY-I.NFO,27/02/2025,09:43:55,22558.45,22558.65,150,22558.85,525,75,7483275
NIFTY-I.NFO,27/02/2025,09:43:56,22558.45,22555.05,225,22558.85,450,300,7483275
NIFTY-I.NFO,27/02/2025,09:43:58,22558.45,22556,75,22558,75,75,7483275
NIFTY-I.NFO,27/02/2025,09:44:00,22558,22556,75,22558,75,600,7483275
NIFTY-I.NFO,27/02/2025,09:44:01,22556,22555.9,225,22558.85,450,1575,7483275
NIFTY-I.NFO,27/02/2025,09:44:03,22555.7,22558.4,75,22558.85,450,75,7483275
NIFTY-I.NFO,27/02/2025,09:44:04,22558,22557.8,300,22558,1425,1575,7483275
NIFTY-I.NFO,27/02/2025,09:44:06,22558,22557.85,150,22558,600,1050,7483275
NIFTY-I.NFO,27/02/2025,09:44:08,22558,22557.85,150,22558,600,0,7483275
NIFTY-I.NFO,27/02/2025,09:44:09,22558.4,22557.9,375,22558.85,375,675,7483275
NIFTY-I.NFO,27/02/2025,09:44:11,22560,22559.65,225,22560,2475,1425,7483275
NIFTY-I.NFO,27/02/2025,09:44:13,22560,22559.7,225,22560,1125,2400,7483275
NIFTY-I.NFO,27/02/2025,09:44:14,22559.7,22559.7,150,22560,1050,225,7483275
NIFTY-I.NFO,27/02/2025,09:44:16,22561,22559.95,225,22562,525,1950,7483275
NIFTY-I.NFO,27/02/2025,09:44:18,22561.6,22561.6,225,22562,525,675,7483275
NIFTY-I.NFO,27/02/2025,09:44:19,22563,22564.05,75,22564.1,75,1425,7483275
NIFTY-I.NFO,27/02/2025,09:44:21,22565.05,22564.05,225,22565.9,300,450,7483275
NIFTY-I.NFO,27/02/2025,09:44:23,22565,22564,600,22565.95,1350,675,7483275
NIFTY-I.NFO,27/02/2025,09:44:24,22564,22564,525,22565.95,1350,150,7483275
NIFTY-I.NFO,27/02/2025,09:44:26,22565.95,22564,450,22565.95,1275,150,7483275
NIFTY-I.NFO,27/02/2025,09:44:27,22565.95,22565.45,75,22565.95,1125,150,7483275
NIFTY-I.NFO,27/02/2025,09:44:29,22565.95,22564.5,225,22565.95,1125,0,7483275
NIFTY-I.NFO,27/02/2025,09:44:31,22564,22564,225,22565.95,1125,450,7483275
NIFTY-I.NFO,27/02/2025,09:44:32,22561.6,22561.3,225,22565.95,1125,300,7483275
NIFTY-I.NFO,27/02/2025,09:44:34,22560.05,22560.1,150,22564,975,150,7483275
NIFTY-I.NFO,27/02/2025,09:44:36,22564,22563.55,75,22564,900,825,7483275
NIFTY-I.NFO,27/02/2025,09:44:37,22564,22562.75,75,22564,450,825,7483275
NIFTY-I.NFO,27/02/2025,09:44:39,22564,22560.05,225,22564,225,600,7483275
NIFTY-I.NFO,27/02/2025,09:44:41,22560.05,22560,900,22560.05,75,375,7483275
NIFTY-I.NFO,27/02/2025,09:44:42,22564,22560.05,525,22564,150,450,7483275
NIFTY-I.NFO,27/02/2025,09:44:44,22564,22560.05,375,22564.95,300,225,7483275
NIFTY-I.NFO,27/02/2025,09:44:46,22560.1,22560.05,300,22564.95,300,150,7483275
NIFTY-I.NFO,27/02/2025,09:44:47,22564.75,22560.95,75,22564.75,300,675,7483275
NIFTY-I.NFO,27/02/2025,09:44:49,22560.1,22560.1,75,22563.45,375,225,7483275
NIFTY-I.NFO,27/02/2025,09:44:50,22563.1,22560.1,300,22563.4,375,75,7483275
NIFTY-I.NFO,27/02/2025,09:44:52,22560.1,22560.1,150,22564,675,150,7483275
NIFTY-I.NFO,27/02/2025,09:44:54,22560.05,22560.05,375,22563.7,375,75,7483275
NIFTY-I.NFO,27/02/2025,09:44:55,22561,22560.05,375,22564,75,75,7483275
NIFTY-I.NFO,27/02/2025,09:44:57,22564,22560.05,150,22563,75,375,7483275
NIFTY-I.NFO,27/02/2025,09:44:59,22564,22560.05,150,22563,75,0,7483275
NIFTY-I.NFO,27/02/2025,09:45:00,22563,22561,75,22563,75,225,7483275
NIFTY-I.NFO,27/02/2025,09:45:02,22563,22561,75,22563,75,75,7483275
NIFTY-I.NFO,27/02/2025,09:45:03,22561,22560.05,300,22562,75,75,7483275
NIFTY-I.NFO,27/02/2025,09:45:05,22561,22560.1,75,22561,75,375,7483275
NIFTY-I.NFO,27/02/2025,09:45:07,22560.1,22560.1,150,22563,150,525,7483275
NIFTY-I.NFO,27/02/2025,09:45:08,22560.05,22560.05,75,22562.25,75,375,7483275
NIFTY-I.NFO,27/02/2025,09:45:10,22560.05,22560.05,75,22560.1,75,0,7483275
NIFTY-I.NFO,27/02/2025,09:45:11,22560.05,22560.05,225,22561,75,150,7483275
NIFTY-I.NFO,27/02/2025,09:45:13,22561.75,22560.05,225,22561.4,225,150,7483275
NIFTY-I.NFO,27/02/2025,09:45:15,22555.2,22555.15,75,22560,75,1950,7483275
NIFTY-I.NFO,27/02/2025,09:45:16,22559.5,22556.1,375,22559.8,225,300,7483275
NIFTY-I.NFO,27/02/2025,09:45:18,22556.1,22559.85,525,22560,75,225,7483275
NIFTY-I.NFO,27/02/2025,09:45:20,22556.25,22556.25,900,22560,75,825,7483275
NIFTY-I.NFO,27/02/2025,09:45:21,22556.6,22557.45,450,22560,150,300,7483275
NIFTY-I.NFO,27/02/2025,09:45:23,22556.6,22557.55,600,22559.95,75,75,7483275
NIFTY-I.NFO,27/02/2025,09:45:25,22557.55,22557.55,525,22560,150,75,7483275
NIFTY-I.NFO,27/02/2025,09:45:26,22557.55,22557.55,675,22560,75,150,7483275
NIFTY-I.NFO,27/02/2025,09:45:28,22557.55,22558.55,600,22560,375,0,7483275
NIFTY-I.NFO,27/02/2025,09:45:30,22558.6,22558.6,525,22560,525,225,7483275
NIFTY-I.NFO,27/02/2025,09:45:31,22559.85,22559.85,525,22559.95,75,225,7483275
NIFTY-I.NFO,27/02/2025,09:45:33,22559.8,22556.05,75,22559.95,75,750,7483275
NIFTY-I.NFO,27/02/2025,09:45:34,22556.25,22556.25,75,22559.75,75,450,7483275
NIFTY-I.NFO,27/02/2025,09:45:36,22556.2,22556,75,22556.2,1425,450,7483275
NIFTY-I.NFO,27/02/2025,09:45:38,22554.5,22556.1,525,22559.2,75,5775,7483275
NIFTY-I.NFO,27/02/2025,09:45:39,22558.15,22557.65,375,22558.95,300,825,7483275
NIFTY-I.NFO,27/02/2025,09:45:41,22559.2,22555.05,75,22559.05,300,1725,7483275
NIFTY-I.NFO,27/02/2025,09:45:43,22559.2,22555.05,75,22558,75,75,7483275
NIFTY-I.NFO,27/02/2025,09:45:44,22558,22555.05,75,22558,75,75,7455150
NIFTY-I.NFO,27/02/2025,09:45:46,22557.65,22554.55,75,22557.65,75,75,7455150
NIFTY-I.NFO,27/02/2025,09:45:47,22554.55,22554.75,75,22557.65,75,450,7455150
NIFTY-I.NFO,27/02/2025,09:45:49,22557.6,22554.75,75,22557.65,300,75,7455150
NIFTY-I.NFO,27/02/2025,09:45:51,22554.5,22554.6,75,22557.65,150,1800,7455150
NIFTY-I.NFO,27/02/2025,09:45:52,22554.75,22554.7,300,22557.55,75,150,7455150
NIFTY-I.NFO,27/02/2025,09:45:54,22554.7,22554.6,75,22557.6,75,225,7455150
NIFTY-I.NFO,27/02/2025,09:45:56,22555,22554.6,75,22557.35,600,75,7455150
NIFTY-I.NFO,27/02/2025,09:45:57,22555,22554.7,75,22557.5,75,600,7455150
NIFTY-I.NFO,27/02/2025,09:45:59,22554,22554.05,75,22557.45,75,2175,7455150
NIFTY-I.NFO,27/02/2025,09:46:01,22554.05,22555.05,75,22555.1,150,1200,7455150
NIFTY-I.NFO,27/02/2025,09:46:02,22557,22556.05,75,22557.65,75,750,7455150
NIFTY-I.NFO,27/02/2025,09:46:04,22557.8,22557.8,75,22558,150,150,7455150
NIFTY-I.NFO,27/02/2025,09:46:06,22557.8,22557.8,75,22558,150,75,7455150
NIFTY-I.NFO,27/02/2025,09:46:08,22558.8,22559.05,75,22559.2,750,2475,7455150
NIFTY-I.NFO,27/02/2025,09:46:09,22559.2,22558.85,75,22559.2,600,225,7455150
NIFTY-I.NFO,27/02/2025,09:46:11,22558.75,22559.6,75,22560,1425,975,7455150
NIFTY-I.NFO,27/02/2025,09:46:13,22560,22559.55,75,22560,1125,450,7455150
NIFTY-I.NFO,27/02/2025,09:46:14,22560,22559.15,225,22560,675,525,7455150
NIFTY-I.NFO,27/02/2025,09:46:16,22558.75,22558.85,225,22560,600,300,7455150
NIFTY-I.NFO,27/02/2025,09:46:18,22560.05,22561.65,75,22562,150,1125,7455150
NIFTY-I.NFO,27/02/2025,09:46:19,22563.05,22560.05,150,22563.05,75,375,7455150
NIFTY-I.NFO,27/02/2025,09:46:21,22563.05,22560.05,150,22563.1,75,0,7455150
NIFTY-I.NFO,27/02/2025,09:46:23,22564,22560.05,150,22564,525,225,7455150
NIFTY-I.NFO,27/02/2025,09:46:24,22564,22560.05,150,22564,375,0,7455150
NIFTY-I.NFO,27/02/2025,09:46:26,22564,22560.05,75,22564,300,300,7455150
NIFTY-I.NFO,27/02/2025,09:46:28,22564,22564.05,225,22565,450,300,7455150
NIFTY-I.NFO,27/02/2025,09:46:29,22564,22564.05,225,22564.9,75,300,7455150
NIFTY-I.NFO,27/02/2025,09:46:31,22565,22564,225,22565,225,600,7455150
NIFTY-I.NFO,27/02/2025,09:46:33,22565,22560.25,525,22565,225,375,7455150
NIFTY-I.NFO,27/02/2025,09:46:34,22564,22561.05,225,22564,525,1725,7455150
NIFTY-I.NFO,27/02/2025,09:46:36,22564,22561.3,975,22564,375,225,7455150
NIFTY-I.NFO,27/02/2025,09:46:38,22565,22560.05,525,22564.95,75,975,7455150
NIFTY-I.NFO,27/02/2025,09:46:39,22560.05,22564.05,225,22565,225,975,7455150
NIFTY-I.NFO,27/02/2025,09:46:41,22565,22564.75,75,22565,150,900,7455150
NIFTY-I.NFO,27/02/2025,09:46:43,22565.95,22565.55,75,22565.95,675,1500,7455150
NIFTY-I.NFO,27/02/2025,09:46:44,22568.05,22568,750,22568.15,75,3150,7455150
NIFTY-I.NFO,27/02/2025,09:46:46,22568.85,22568.8,150,22568.85,450,3075,7455150
NIFTY-I.NFO,27/02/2025,09:46:47,22569.95,22569.7,75,22569.95,1125,1275,7455150
NIFTY-I.NFO,27/02/2025,09:46:49,22569.25,22569.2,225,22569.95,1050,4275,7455150
NIFTY-I.NFO,27/02/2025,09:46:51,22569.25,22569.2,225,22569.95,1125,2025,7455150
NIFTY-I.NFO,27/02/2025,09:46:52,22569.2,22569.2,150,22569.95,75,1125,7455150
NIFTY-I.NFO,27/02/2025,09:46:54,22569.95,22569.1,225,22570,600,4050,7455150
NIFTY-I.NFO,27/02/2025,09:46:56,22569.5,22568.85,375,22569.25,75,2550,7455150
NIFTY-I.NFO,27/02/2025,09:46:57,22569.5,22568.85,375,22569.2,75,1950,7455150
NIFTY-I.NFO,27/02/2025,09:46:59,22569,22568.9,75,22569,75,2400,7455150
NIFTY-I.NFO,27/02/2025,09:47:01,22568.9,22568.9,75,22569,75,2100,7455150
NIFTY-I.NFO,27/02/2025,09:47:02,22568.9,22568.9,75,22569,150,3750,7455150
NIFTY-I.NFO,27/02/2025,09:47:04,22570,22568.9,225,22569.5,150,3525,7455150
NIFTY-I.NFO,27/02/2025,09:47:06,22568.9,22568.9,150,22569.2,375,2700,7455150
NIFTY-I.NFO,27/02/2025,09:47:07,22569,22568.9,225,22569.35,75,2175,7455150
NIFTY-I.NFO,27/02/2025,09:47:09,22568.85,22568.9,225,22569.45,375,2325,7455150
NIFTY-I.NFO,27/02/2025,09:47:10,22568.9,22568.85,225,22569.25,525,2325,7455150
NIFTY-I.NFO,27/02/2025,09:47:12,22566,22566,150,22567.95,450,2700,7455150
NIFTY-I.NFO,27/02/2025,09:47:14,22568.1,22566,150,22567.95,75,4200,7455150
NIFTY-I.NFO,27/02/2025,09:47:15,22568.1,22565.95,300,22566.2,75,1950,7455150
NIFTY-I.NFO,27/02/2025,09:47:17,22565.85,22565.1,150,22566.35,150,2325,7455150
NIFTY-I.NFO,27/02/2025,09:47:19,22565.85,22565.1,150,22566.3,150,3975,7455150
NIFTY-I.NFO,27/02/2025,09:47:20,22565.1,22565.1,75,22566.9,450,225,7455150
NIFTY-I.NFO,27/02/2025,09:47:22,22565.05,22565.05,225,22567.1,75,150,7455150
NIFTY-I.NFO,27/02/2025,09:47:23,22566,22565.05,300,22566,1725,4200,7455150
NIFTY-I.NFO,27/02/2025,09:47:25,22566,22565.05,150,22566,1575,2325,7455150
NIFTY-I.NFO,27/02/2025,09:47:27,22565.05,22565.05,75,22566,1575,2100,7455150
NIFTY-I.NFO,27/02/2025,09:47:28,22566,22565.05,75,22566,1500,2100,7455150
NIFTY-I.NFO,27/02/2025,09:47:30,22566,22565,525,22566,2925,4200,7455150
NIFTY-I.NFO,27/02/2025,09:47:32,22565.05,22565.05,225,22566,2925,2100,7455150
NIFTY-I.NFO,27/02/2025,09:47:33,22566,22565.05,225,22566,2850,2025,7455150
NIFTY-I.NFO,27/02/2025,09:47:35,22565.05,22565.05,75,22566,2775,4800,7455150
NIFTY-I.NFO,27/02/2025,09:47:36,22566,22565,375,22566,2700,450,7455150
NIFTY-I.NFO,27/02/2025,09:47:38,22566,22565,225,22566,2625,375,7455150
NIFTY-I.NFO,27/02/2025,09:47:40,22566,22565,75,22566,2700,225,7455150
NIFTY-I.NFO,27/02/2025,09:47:41,22566,22565,75,22566,1950,975,7455150
NIFTY-I.NFO,27/02/2025,09:47:43,22566,22565.05,75,22566,1650,450,7455150
NIFTY-I.NFO,27/02/2025,09:47:44,22566,22564,300,22566,1500,375,7455150
NIFTY-I.NFO,27/02/2025,09:47:46,22566,22564,300,22566,1200,300,7455150
NIFTY-I.NFO,27/02/2025,09:47:48,22564,22564,75,22566,1200,225,7455150
NIFTY-I.NFO,27/02/2025,09:47:49,22566,22564.25,975,22566,1050,225,7455150
NIFTY-I.NFO,27/02/2025,09:47:51,22566,22565.65,225,22566,1050,3750,7455150
NIFTY-I.NFO,27/02/2025,09:47:53,22569.7,22566.45,75,22569.35,75,3975,7455150
NIFTY-I.NFO,27/02/2025,09:47:54,22569.7,22565.9,225,22568.75,75,1950,7455150
NIFTY-I.NFO,27/02/2025,09:47:56,22565.65,22566.1,225,22567.75,75,2025,7455150
NIFTY-I.NFO,27/02/2025,09:47:58,22566.15,22566.15,75,22567.6,225,2625,7455150
NIFTY-I.NFO,27/02/2025,09:47:59,22565,22565.4,225,22566.45,75,3675,7455150
NIFTY-I.NFO,27/02/2025,09:48:01,22566.9,22565.4,75,22567,75,5325,7455150
NIFTY-I.NFO,27/02/2025,09:48:03,22566.15,22565.4,75,22566.15,900,2475,7455150
NIFTY-I.NFO,27/02/2025,09:48:04,22564.45,22564.45,150,22565.4,75,150,7455150
NIFTY-I.NFO,27/02/2025,09:48:06,22565,22564.25,225,22565.4,75,150,7455150
NIFTY-I.NFO,27/02/2025,09:48:07,22564.65,22564.05,150,22565.4,75,225,7455150
NIFTY-I.NFO,27/02/2025,09:48:09,22564.65,22565.05,75,22565.4,75,0,7455150
NIFTY-I.NFO,27/02/2025,09:48:11,22564.1,22564.5,225,22566.1,75,375,7455150
NIFTY-I.NFO,27/02/2025,09:48:12,22564.45,22564.25,225,22564.65,150,3150,7455150
NIFTY-I.NFO,27/02/2025,09:48:14,22564.25,22564.25,150,22564.65,150,75,7455150
NIFTY-I.NFO,27/02/2025,09:48:16,22564.25,22564.25,75,22564.65,150,375,7455150
NIFTY-I.NFO,27/02/2025,09:48:18,22564.2,22564.15,225,22564.5,375,150,7455150
NIFTY-I.NFO,27/02/2025,09:48:19,22564.25,22564.25,450,22564.5,300,150,7455150
NIFTY-I.NFO,27/02/2025,09:48:21,22564.25,22564.25,375,22564.5,75,450,7455150
NIFTY-I.NFO,27/02/2025,09:48:23,22561,22563.45,75,22564.65,150,2775,7455150
NIFTY-I.NFO,27/02/2025,09:48:24,22563.45,22560.1,75,22564.65,150,2100,7455150
NIFTY-I.NFO,27/02/2025,09:48:26,22560.15,22560.15,450,22564.65,150,2025,7455150
NIFTY-I.NFO,27/02/2025,09:48:28,22560.15,22563,75,22564.65,150,0,7455150
NIFTY-I.NFO,27/02/2025,09:48:29,22559.5,22559.65,225,22564.8,975,5550,7455150
NIFTY-I.NFO,27/02/2025,09:48:31,22563,22561.1,225,22563,450,150,7455150
NIFTY-I.NFO,27/02/2025,09:48:33,22563,22563,75,22565,75,2475,7455150
NIFTY-I.NFO,27/02/2025,09:48:34,22560.5,22559.75,525,22565,75,375,7455150
NIFTY-I.NFO,27/02/2025,09:48:36,22560.5,22559.8,525,22565,150,0,7455150
NIFTY-I.NFO,27/02/2025,09:48:38,22559.8,22559.8,150,22565,300,1875,7455150
NIFTY-I.NFO,27/02/2025,09:48:39,22559.8,22561,75,22565,300,1800,7455150
NIFTY-I.NFO,27/02/2025,09:48:41,22561,22561,75,22564.95,150,300,7455150
NIFTY-I.NFO,27/02/2025,09:48:43,22561,22561,75,22564.9,375,0,7455150
NIFTY-I.NFO,27/02/2025,09:48:44,22561.05,22561.05,75,22565,375,150,7455150
NIFTY-I.NFO,27/02/2025,09:48:46,22561.05,22561,75,22565,375,75,7458225
NIFTY-I.NFO,27/02/2025,09:48:48,22561.85,22561.6,75,22563.45,75,2025,7458225
NIFTY-I.NFO,27/02/2025,09:48:49,22563.45,22563.45,75,22565,375,1875,7458225
NIFTY-I.NFO,27/02/2025,09:48:51,22561.2,22561.35,825,22565,375,300,7458225
NIFTY-I.NFO,27/02/2025,09:48:53,22562.65,22562.65,675,22565,300,225,7458225
NIFTY-I.NFO,27/02/2025,09:48:54,22565,22564.75,150,22565,150,675,7458225
NIFTY-I.NFO,27/02/2025,09:48:56,22564.5,22560.65,300,22565,150,225,7458225
NIFTY-I.NFO,27/02/2025,09:48:58,22560.9,22562.2,75,22562.65,150,300,7458225
NIFTY-I.NFO,27/02/2025,09:48:59,22562.65,22560.75,525,22562.65,75,75,7458225
NIFTY-I.NFO,27/02/2025,09:49:01,22562.65,22561.15,525,22564.65,75,225,7458225
NIFTY-I.NFO,27/02/2025,09:49:03,22565,22562.8,225,22566,150,450,7458225
NIFTY-I.NFO,27/02/2025,09:49:04,22564.65,22562.2,225,22566,150,1050,7458225
NIFTY-I.NFO,27/02/2025,09:49:06,22564.65,22564.45,75,22564.75,150,0,7458225
NIFTY-I.NFO,27/02/2025,09:49:08,22564.6,22562,225,22564.75,150,75,7458225
NIFTY-I.NFO,27/02/2025,09:49:09,22562.4,22562.4,150,22564.75,150,300,7458225
NIFTY-I.NFO,27/02/2025,09:49:11,22562.4,22562.4,975,22564.75,150,0,7458225
NIFTY-I.NFO,27/02/2025,09:49:13,22561.05,22561.05,150,22566.15,750,1275,7458225
NIFTY-I.NFO,27/02/2025,09:49:14,22565,22561.05,150,22565,225,225,7458225
NIFTY-I.NFO,27/02/2025,09:49:16,22565,22561.05,150,22566.15,750,1800,7458225
NIFTY-I.NFO,27/02/2025,09:49:18,22560,22560.05,225,22565.85,300,750,7458225
NIFTY-I.NFO,27/02/2025,09:49:19,22559.8,22559.8,525,22565,75,1575,7458225
NIFTY-I.NFO,27/02/2025,09:49:21,22559.8,22560.35,525,22565,75,75,7458225
NIFTY-I.NFO,27/02/2025,09:49:22,22559.8,22560.35,525,22565,75,0,7458225
NIFTY-I.NFO,27/02/2025,09:49:24,22560.35,22560.35,450,22565,75,75,7458225
NIFTY-I.NFO,27/02/2025,09:49:26,22560.15,22560,1050,22565,75,375,7458225
NIFTY-I.NFO,27/02/2025,09:49:27,22560.35,22562,225,22564.35,225,2550,7458225
NIFTY-I.NFO,27/02/2025,09:49:29,22562,22562.3,525,22565,75,225,7458225
NIFTY-I.NFO,27/02/2025,09:49:31,22562.2,22560.35,75,22565,375,450,7458225
NIFTY-I.NFO,27/02/2025,09:49:32,22564.35,22559.15,225,22564.35,450,300,7458225
NIFTY-I.NFO,27/02/2025,09:49:34,22559.8,22559.15,225,22564.1,300,375,7458225
NIFTY-I.NFO,27/02/2025,09:49:36,22559.8,22560.2,75,22560.35,75,900,7458225
NIFTY-I.NFO,27/02/2025,09:49:37,22559.8,22559.15,225,22560.3,75,0,7458225
NIFTY-I.NFO,27/02/2025,09:49:39,22560.35,22559.15,150,22563.2,225,375,7458225
NIFTY-I.NFO,27/02/2025,09:49:40,22559.15,22559.15,75,22563.5,225,1050,7458225
NIFTY-I.NFO,27/02/2025,09:49:42,22559.15,22560.1,75,22561,150,225,7458225
NIFTY-I.NFO,27/02/2025,09:49:44,22560.35,22560.25,75,22560.95,300,825,7458225
NIFTY-I.NFO,27/02/2025,09:49:45,22560.35,22560.35,75,22560.95,300,0,7458225
NIFTY-I.NFO,27/02/2025,09:49:47,22559.05,22559.05,75,22560,75,150,7458225
NIFTY-I.NFO,27/02/2025,09:49:50,22559.05,22559,3750,22560,75,1800,7458225
NIFTY-I.NFO,27/02/2025,09:49:52,22560,22559,3750,22560.95,300,75,7458225
NIFTY-I.NFO,27/02/2025,09:49:54,22559,22559,3525,22560.9,300,225,7458225
NIFTY-I.NFO,27/02/2025,09:49:55,22560.9,22559.05,75,22560.9,150,150,7458225
NIFTY-I.NFO,27/02/2025,09:49:57,22559.05,22559,3525,22560.9,150,75,7458225
NIFTY-I.NFO,27/02/2025,09:49:59,22559,22559,3375,22560,75,150,7458225
NIFTY-I.NFO,27/02/2025,09:50:00,22559.5,22559,3375,22560,150,375,7458225
NIFTY-I.NFO,27/02/2025,09:50:02,22559,22559,3075,22559.2,75,375,7458225
NIFTY-I.NFO,27/02/2025,09:50:04,22559,22559.5,75,22560,75,375,7458225
NIFTY-I.NFO,27/02/2025,09:50:05,22559,22559,2925,22560,75,225,7458225
NIFTY-I.NFO,27/02/2025,09:50:07,22559,22559,2400,22561,150,750,7458225
NIFTY-I.NFO,27/02/2025,09:50:09,22560,22559,1200,22561,150,1350,7458225
NIFTY-I.NFO,27/02/2025,09:50:10,22559,22559,825,22559.45,75,375,7458225
NIFTY-I.NFO,27/02/2025,09:50:12,22559,22559,600,22561,150,225,7458225
NIFTY-I.NFO,27/02/2025,09:50:14,22559,22559,600,22559.05,75,0,7458225
NIFTY-I.NFO,27/02/2025,09:50:15,22559.05,22559,600,22560,225,75,7458225
NIFTY-I.NFO,27/02/2025,09:50:17,22559,22559,450,22560,225,150,7458225
NIFTY-I.NFO,27/02/2025,09:50:19,22559,22559,375,22560,150,225,7458225
NIFTY-I.NFO,27/02/2025,09:50:20,22559,22559,2175,22560,150,0,7458225
NIFTY-I.NFO,27/02/2025,09:50:22,22559,22559,1725,22560,225,525,7458225
NIFTY-I.NFO,27/02/2025,09:50:24,22559,22559,1725,22560,300,0,7458225
NIFTY-I.NFO,27/02/2025,09:50:25,22559.7,22559.7,75,22560,525,75,7458225
NIFTY-I.NFO,27/02/2025,09:50:27,22559.9,22559.7,75,22560,450,750,7458225
NIFTY-I.NFO,27/02/2025,09:50:29,22560,22559.55,75,22561,150,675,7458225
NIFTY-I.NFO,27/02/2025,09:50:30,22562.85,22560,150,22562.45,375,300,7458225
NIFTY-I.NFO,27/02/2025,09:50:32,22559,22559,900,22560,150,450,7458225
NIFTY-I.NFO,27/02/2025,09:50:34,22559,22559,900,22560,150,0,7458225
NIFTY-I.NFO,27/02/2025,09:50:35,22560,22560,75,22561.8,750,75,7458225
NIFTY-I.NFO,27/02/2025,09:50:37,22560,22560,150,22562.8,750,225,7458225
NIFTY-I.NFO,27/02/2025,09:50:39,22560,22559.85,75,22562.95,75,300,7458225
NIFTY-I.NFO,27/02/2025,09:50:40,22560,22559.55,75,22560,150,75,7458225
NIFTY-I.NFO,27/02/2025,09:50:42,22560,22559,900,22562.6,375,450,7458225
NIFTY-I.NFO,27/02/2025,09:50:44,22559,22559,2700,22562.1,375,1200,7458225
NIFTY-I.NFO,27/02/2025,09:50:45,22559,22559,2625,22562.1,600,75,7458225
NIFTY-I.NFO,27/02/2025,09:50:47,22559,22559,2625,22562,600,0,7458225
NIFTY-I.NFO,27/02/2025,09:50:49,22559,22559,2550,22561.2,450,150,7458225
NIFTY-I.NFO,27/02/2025,09:50:50,22559,22559,2550,22559.5,75,0,7458225
NIFTY-I.NFO,27/02/2025,09:50:52,22559,22559,1425,22559.05,525,2925,7458225
NIFTY-I.NFO,27/02/2025,09:50:54,22554,22554,750,22554.75,450,3375,7458225
NIFTY-I.NFO,27/02/2025,09:50:55,22549.05,22548,1500,22554.25,525,3675,7458225
