Ticker,Date,Time,LTP,BuyPrice,BuyQty,SellPrice,SellQty,LTQ,OpenInterest
NIFTY-III.NFO,27/02/2025,09:15:00,22850,22864.2,150,22891.05,75,300,0
NIFTY-III.NFO,27/02/2025,09:15:00,22850,22864.2,150,22891.05,75,0,0
NIFTY-III.NFO,27/02/2025,09:15:00,22863.75,22864.2,150,22891.05,75,0,0
NIFTY-III.NFO,27/02/2025,09:15:00,22850,22864.2,150,22891.05,75,0,0
NIFTY-III.NFO,27/02/2025,09:15:01,22883.05,22872.4,150,22884.9,75,75,676725
NIFTY-III.NFO,27/02/2025,09:15:01,22883.05,22872.4,150,22884.9,75,0,676725
NIFTY-III.NFO,27/02/2025,09:15:03,22883.05,22866.85,150,22877.35,75,0,676725
NIFTY-III.NFO,27/02/2025,09:15:04,22866.8,22861.4,150,22875.85,150,300,676725
NIFTY-III.NFO,27/02/2025,09:15:06,22866.8,22863.05,150,22880.35,150,0,676725
NIFTY-III.NFO,27/02/2025,09:15:07,22873.8,22872.25,75,22876.75,750,75,676725
NIFTY-III.NFO,27/02/2025,09:15:09,22873.8,22867.6,75,22876.8,750,0,676725
NIFTY-III.NFO,27/02/2025,09:15:10,22867.6,22867.25,150,22877.15,75,75,676725
NIFTY-III.NFO,27/02/2025,09:15:12,22867.6,22867.85,150,22876.4,750,0,676725
NIFTY-III.NFO,27/02/2025,09:15:13,22868.8,22872.3,75,22877.15,75,75,676725
NIFTY-III.NFO,27/02/2025,09:15:15,22868.8,22872.55,75,22877.15,75,0,676725
NIFTY-III.NFO,27/02/2025,09:15:16,22872,22870.4,150,22877.1,75,600,676725
NIFTY-III.NFO,27/02/2025,09:15:18,22872,22872.05,150,22877.15,75,0,676725
NIFTY-III.NFO,27/02/2025,09:15:20,22872,22871.95,150,22877.15,75,0,676725
NIFTY-III.NFO,27/02/2025,09:15:21,22872,22868.85,300,22873.7,75,0,676725
NIFTY-III.NFO,27/02/2025,09:15:23,22872,22870.45,150,22872,225,0,676725
NIFTY-III.NFO,27/02/2025,09:15:24,22872,22871.3,150,22873.7,75,225,676725
NIFTY-III.NFO,27/02/2025,09:15:26,22872,22871.35,150,22873.7,75,0,676725
NIFTY-III.NFO,27/02/2025,09:15:27,22871.4,22867,150,22876.15,75,150,676725
NIFTY-III.NFO,27/02/2025,09:15:29,22871.4,22867.2,150,22872,300,0,676725
NIFTY-III.NFO,27/02/2025,09:15:30,22871.4,22867,150,22872,300,0,676725
NIFTY-III.NFO,27/02/2025,09:15:32,22871.4,22871.4,750,22872,300,0,676725
NIFTY-III.NFO,27/02/2025,09:15:37,22871.4,22871.4,675,22872,300,75,676725
NIFTY-III.NFO,27/02/2025,09:15:38,22872,22871.4,675,22872,225,75,676725
NIFTY-III.NFO,27/02/2025,09:15:40,22871.4,22871.4,750,22876.15,75,225,676725
NIFTY-III.NFO,27/02/2025,09:15:41,22871.4,22872.1,75,22876.15,75,0,676125
NIFTY-III.NFO,27/02/2025,09:15:43,22872.1,22871.4,750,22876.15,150,75,676125
NIFTY-III.NFO,27/02/2025,09:15:45,22872.1,22871.4,750,22876.15,150,0,676125
NIFTY-III.NFO,27/02/2025,09:15:46,22872.1,22871.4,750,22876.1,225,0,676125
NIFTY-III.NFO,27/02/2025,09:15:48,22871.4,22871.4,675,22876.1,225,75,676125
NIFTY-III.NFO,27/02/2025,09:15:49,22871.4,22871.4,675,22874.3,75,0,676125
NIFTY-III.NFO,27/02/2025,09:15:51,22871.4,22871.4,675,22875.95,75,0,676125
NIFTY-III.NFO,27/02/2025,09:15:53,22871.4,22871.4,675,22873.5,150,0,676125
NIFTY-III.NFO,27/02/2025,09:15:54,22871.4,22863.4,75,22872.15,75,675,676125
NIFTY-III.NFO,27/02/2025,09:15:56,22871.4,22862.2,150,22871.35,225,0,676125
NIFTY-III.NFO,27/02/2025,09:15:57,22870.95,22862.2,150,22871,150,75,676125
NIFTY-III.NFO,27/02/2025,09:15:59,22862.2,22862.2,150,22870.95,150,75,676125
NIFTY-III.NFO,27/02/2025,09:16:01,22862.2,22862.2,150,22870.85,75,0,676125
NIFTY-III.NFO,27/02/2025,09:16:02,22871.4,22871.4,225,22873.8,150,375,676125
NIFTY-III.NFO,27/02/2025,09:16:04,22871.4,22871.4,75,22873.2,75,150,676125
NIFTY-III.NFO,27/02/2025,09:16:05,22871.4,22866.2,150,22874.65,150,75,676125
NIFTY-III.NFO,27/02/2025,09:16:07,22871.4,22871.4,75,22874.75,75,0,676125
NIFTY-III.NFO,27/02/2025,09:16:08,22871.4,22871.4,150,22878.6,75,0,676125
NIFTY-III.NFO,27/02/2025,09:16:10,22871.45,22871.45,225,22878.6,225,75,676125
NIFTY-III.NFO,27/02/2025,09:16:12,22871.45,22871.45,150,22879.8,225,75,676125
NIFTY-III.NFO,27/02/2025,09:16:13,22871.45,22871.45,75,22879.8,225,75,676125
NIFTY-III.NFO,27/02/2025,09:16:15,22871.45,22871.45,75,22879.85,150,0,676125
NIFTY-III.NFO,27/02/2025,09:16:16,22871.45,22871.45,75,22879.85,75,0,676125
NIFTY-III.NFO,27/02/2025,09:16:18,22872.45,22872.1,75,22881.65,300,150,676125
NIFTY-III.NFO,27/02/2025,09:16:19,22872.45,22872.9,75,22881.45,150,0,676125
NIFTY-III.NFO,27/02/2025,09:16:21,22872.45,22873.6,375,22881.95,225,0,676125
NIFTY-III.NFO,27/02/2025,09:16:23,22872.45,22874.05,375,22882,75,0,676125
NIFTY-III.NFO,27/02/2025,09:16:24,22872.45,22873.85,75,22881.85,150,0,676125
NIFTY-III.NFO,27/02/2025,09:16:26,22872.45,22880,75,22882,75,0,676125
NIFTY-III.NFO,27/02/2025,09:16:29,22880,22875.75,75,22882,75,75,676125
NIFTY-III.NFO,27/02/2025,09:16:31,22883.95,22875.55,75,22883.95,375,150,676125
NIFTY-III.NFO,27/02/2025,09:16:31,22883.95,22875.55,75,22883.95,375,0,676125
NIFTY-III.NFO,27/02/2025,09:16:32,22883.95,22874.55,75,22881,75,0,676125
NIFTY-III.NFO,27/02/2025,09:16:35,22883.95,22875.05,75,22879.95,75,0,676125
NIFTY-III.NFO,27/02/2025,09:16:37,22883.95,22875.2,150,22879.95,75,0,676125
NIFTY-III.NFO,27/02/2025,09:16:39,22883.95,22875.05,150,22879.95,75,0,676125
NIFTY-III.NFO,27/02/2025,09:16:40,22879.95,22875.05,75,22881,75,150,676125
NIFTY-III.NFO,27/02/2025,09:16:42,22874.25,22874.15,75,22880.95,150,75,676125
NIFTY-III.NFO,27/02/2025,09:16:43,22874.25,22873.95,375,22879.95,75,75,676125
NIFTY-III.NFO,27/02/2025,09:16:45,22872.1,22873.4,75,22879.95,75,1200,676125
NIFTY-III.NFO,27/02/2025,09:16:46,22872.1,22879.9,75,22879.95,75,0,676125
NIFTY-III.NFO,27/02/2025,09:16:48,22879.9,22873.65,450,22879.95,75,75,676125
NIFTY-III.NFO,27/02/2025,09:16:50,22875,22874.5,75,22879.95,75,75,676125
NIFTY-III.NFO,27/02/2025,09:16:51,22875,22874.5,75,22879.95,75,0,676125
NIFTY-III.NFO,27/02/2025,09:16:53,22875,22873.75,450,22879.95,75,0,676125
NIFTY-III.NFO,27/02/2025,09:16:54,22873.3,22873.1,300,22879.95,75,75,676125
NIFTY-III.NFO,27/02/2025,09:16:56,22873.3,22876,150,22879.95,75,0,676125
NIFTY-III.NFO,27/02/2025,09:16:59,22876,22879,75,22879.95,75,75,676125
NIFTY-III.NFO,27/02/2025,09:17:01,22876,22879,75,22879.95,75,0,676125
NIFTY-III.NFO,27/02/2025,09:17:02,22879,22875.05,375,22879.95,75,75,676125
NIFTY-III.NFO,27/02/2025,09:17:04,22879.95,22873.75,75,22880,75,75,676125
NIFTY-III.NFO,27/02/2025,09:17:05,22873.75,22875.1,75,22880,75,75,676125
NIFTY-III.NFO,27/02/2025,09:17:07,22873.75,22875.45,75,22880,75,0,676125
NIFTY-III.NFO,27/02/2025,09:17:09,22873.75,22874.6,75,22880,75,0,676125
NIFTY-III.NFO,27/02/2025,09:17:10,22873.75,22874.1,450,22880,75,0,676125
NIFTY-III.NFO,27/02/2025,09:17:12,22873.75,22874.75,75,22880,75,0,676125
NIFTY-III.NFO,27/02/2025,09:17:15,22873.75,22875,150,22880,150,0,676125
NIFTY-III.NFO,27/02/2025,09:17:17,22880,22879.95,75,22880,75,75,676125
NIFTY-III.NFO,27/02/2025,09:17:18,22880,22879.95,75,22880,75,0,676125
NIFTY-III.NFO,27/02/2025,09:17:21,22880,22879.95,75,22880,75,75,676125
NIFTY-III.NFO,27/02/2025,09:17:23,22880,22879.95,75,22881,75,75,676125
NIFTY-III.NFO,27/02/2025,09:17:25,22880,22880,225,22883,75,150,676125
NIFTY-III.NFO,27/02/2025,09:17:26,22880,22880,225,22883,75,0,676125
NIFTY-III.NFO,27/02/2025,09:17:28,22880,22880.05,75,22882.95,150,150,676125
NIFTY-III.NFO,27/02/2025,09:17:29,22880,22880.2,75,22882.95,150,0,676125
NIFTY-III.NFO,27/02/2025,09:17:31,22880.2,22879.95,75,22882.95,150,225,676125
NIFTY-III.NFO,27/02/2025,09:17:33,22880.2,22879.95,75,22882.95,225,0,676125
NIFTY-III.NFO,27/02/2025,09:17:34,22880.2,22880,75,22880.15,150,0,676125
NIFTY-III.NFO,27/02/2025,09:17:36,22880.2,22875,900,22881.65,75,375,676125
NIFTY-III.NFO,27/02/2025,09:17:37,22880.2,22880.2,1125,22881.05,375,450,676125
NIFTY-III.NFO,27/02/2025,09:17:39,22880.2,22880.2,1050,22882,75,75,676125
NIFTY-III.NFO,27/02/2025,09:17:40,22882,22880.2,1050,22882.75,75,75,676125
NIFTY-III.NFO,27/02/2025,09:17:42,22883,22880.2,1050,22883.95,75,75,676125
NIFTY-III.NFO,27/02/2025,09:17:44,22880.2,22880.2,900,22882,75,375,676125
NIFTY-III.NFO,27/02/2025,09:17:44,22884.2,22880.2,900,22882,75,0,676125
NIFTY-III.NFO,27/02/2025,09:17:45,22882,22882.65,75,22883,75,75,676125
NIFTY-III.NFO,27/02/2025,09:17:47,22884.55,22883,375,22884.85,300,225,676125
NIFTY-III.NFO,27/02/2025,09:17:47,22884.55,22883,375,22884.85,300,0,676125
NIFTY-III.NFO,27/02/2025,09:17:48,22885,22883,375,22884.85,75,150,676125
NIFTY-III.NFO,27/02/2025,09:17:48,22885,22883,375,22884.85,75,0,676125
NIFTY-III.NFO,27/02/2025,09:17:50,22884.85,22883,375,22885,75,75,676125
NIFTY-III.NFO,27/02/2025,09:17:52,22885.55,22883,375,22886.6,375,300,676125
NIFTY-III.NFO,27/02/2025,09:17:52,22885.6,22883,375,22886.6,375,0,676125
NIFTY-III.NFO,27/02/2025,09:17:53,22885.55,22883,375,22886.3,75,0,676125
NIFTY-III.NFO,27/02/2025,09:17:55,22885.55,22883,375,22885.8,225,0,676125
NIFTY-III.NFO,27/02/2025,09:17:56,22885.55,22883,375,22884.55,75,0,676125
NIFTY-III.NFO,27/02/2025,09:18:00,22883,22883,300,22884.55,75,75,676125
NIFTY-III.NFO,27/02/2025,09:18:01,22887.05,22883,300,22885.65,225,150,676125
NIFTY-III.NFO,27/02/2025,09:18:01,22887.05,22883,300,22885.65,225,0,676125
NIFTY-III.NFO,27/02/2025,09:18:03,22885.75,22884.85,75,22885.7,150,450,676125
NIFTY-III.NFO,27/02/2025,09:18:04,22885.7,22880.2,825,22886.35,450,225,676125
NIFTY-III.NFO,27/02/2025,09:18:06,22885.7,22880.25,150,22886.35,450,0,676125
NIFTY-III.NFO,27/02/2025,09:18:08,22885.7,22885,75,22886.75,375,0,676125
NIFTY-III.NFO,27/02/2025,09:18:09,22885.7,22885.7,75,22887.9,375,0,676125
NIFTY-III.NFO,27/02/2025,09:18:11,22889.4,22885.7,75,22889.45,375,1200,676125
NIFTY-III.NFO,27/02/2025,09:18:11,22889.4,22885.7,75,22889.45,375,0,676125
NIFTY-III.NFO,27/02/2025,09:18:12,22887.9,22885.7,75,22887.9,300,75,676125
NIFTY-III.NFO,27/02/2025,09:18:14,22887.9,22885.7,75,22887.9,300,0,676125
NIFTY-III.NFO,27/02/2025,09:18:16,22887.85,22885.7,75,22888.55,75,150,676125
NIFTY-III.NFO,27/02/2025,09:18:17,22888.1,22885.7,75,22887.85,75,75,676125
NIFTY-III.NFO,27/02/2025,09:18:19,22888.1,22885.7,75,22887.85,75,0,676125
NIFTY-III.NFO,27/02/2025,09:18:20,22887.85,22885.7,75,22888.8,75,75,676125
NIFTY-III.NFO,27/02/2025,09:18:22,22887.85,22885.7,75,22888.2,75,0,676125
NIFTY-III.NFO,27/02/2025,09:18:23,22887.85,22887,75,22888.2,75,0,676125
NIFTY-III.NFO,27/02/2025,09:18:25,22888.2,22887,75,22888,300,75,676125
NIFTY-III.NFO,27/02/2025,09:18:28,22888,22887,150,22888,150,150,676125
NIFTY-III.NFO,27/02/2025,09:18:30,22888,22887,150,22888,150,0,676125
NIFTY-III.NFO,27/02/2025,09:18:36,22888,22887,150,22889.95,75,150,676125
NIFTY-III.NFO,27/02/2025,09:18:38,22887.9,22887,150,22889.95,75,75,676125
NIFTY-III.NFO,27/02/2025,09:18:39,22887,22885,75,22887.9,375,150,676125
NIFTY-III.NFO,27/02/2025,09:18:41,22885,22885,150,22887.9,375,75,678600
NIFTY-III.NFO,27/02/2025,09:18:42,22887.9,22885,150,22889.95,150,75,678600
NIFTY-III.NFO,27/02/2025,09:18:44,22887.9,22885,150,22888.7,450,0,678600
NIFTY-III.NFO,27/02/2025,09:18:45,22887.9,22888,150,22888.05,375,0,678600
NIFTY-III.NFO,27/02/2025,09:18:47,22887.9,22888,150,22888.6,375,0,678600
NIFTY-III.NFO,27/02/2025,09:18:49,22887.9,22888,150,22889.15,375,0,678600
NIFTY-III.NFO,27/02/2025,09:18:51,22887.9,22888,150,22889.1,375,0,678600
NIFTY-III.NFO,27/02/2025,09:18:52,22887.9,22888,150,22888.45,375,0,678600
NIFTY-III.NFO,27/02/2025,09:18:54,22887.9,22888,150,22889,375,0,678600
NIFTY-III.NFO,27/02/2025,09:18:55,22888,22885,150,22889,600,150,678600
NIFTY-III.NFO,27/02/2025,09:18:57,22888,22885,150,22889,225,0,678600
NIFTY-III.NFO,27/02/2025,09:18:59,22888,22888,750,22889,225,0,678600
NIFTY-III.NFO,27/02/2025,09:19:08,22888,22888,675,22889,225,75,678600
NIFTY-III.NFO,27/02/2025,09:19:10,22889,22889.5,75,22889.95,75,225,678600
NIFTY-III.NFO,27/02/2025,09:19:12,22889,22889.5,75,22889.95,75,0,678600
NIFTY-III.NFO,27/02/2025,09:19:13,22889.95,22889.5,75,22890,75,75,678600
NIFTY-III.NFO,27/02/2025,09:19:13,22889.95,22889.5,75,22890,75,0,678600
NIFTY-III.NFO,27/02/2025,09:19:15,22889.95,22889.5,75,22890,75,0,678600
NIFTY-III.NFO,27/02/2025,09:19:16,22890,22889.5,75,22890.35,375,75,678600
NIFTY-III.NFO,27/02/2025,09:19:16,22890,22889.5,75,22890.35,375,0,678600
NIFTY-III.NFO,27/02/2025,09:19:18,22890,22890,150,22890.35,375,0,678600
NIFTY-III.NFO,27/02/2025,09:19:20,22889.95,22889.5,75,22891,375,375,678600
NIFTY-III.NFO,27/02/2025,09:19:21,22889.95,22889.5,75,22891.6,75,0,678600
NIFTY-III.NFO,27/02/2025,09:19:23,22889,22889,1350,22890.95,75,300,678600
NIFTY-III.NFO,27/02/2025,09:19:25,22889,22889,1275,22890.35,375,75,678600
NIFTY-III.NFO,27/02/2025,09:19:26,22889,22889,1200,22890.35,375,75,678600
NIFTY-III.NFO,27/02/2025,09:19:28,22889.95,22889,1200,22890.25,75,75,678600
NIFTY-III.NFO,27/02/2025,09:19:30,22891,22891,1050,22891.1,75,150,678600
NIFTY-III.NFO,27/02/2025,09:19:30,22891,22891,1050,22891.1,75,0,678600
NIFTY-III.NFO,27/02/2025,09:19:31,22891,22891,525,22891.15,75,525,678600
NIFTY-III.NFO,27/02/2025,09:19:33,22891,22891,225,22891.1,75,300,678600
NIFTY-III.NFO,27/02/2025,09:19:35,22891,22891,1500,22891.1,75,225,678600
NIFTY-III.NFO,27/02/2025,09:19:36,22891,22891,1200,22891.1,75,300,678600
NIFTY-III.NFO,27/02/2025,09:19:38,22891,22891,1200,22891.1,75,0,678600
NIFTY-III.NFO,27/02/2025,09:19:40,22891,22888.9,1500,22891.1,75,1200,678600
NIFTY-III.NFO,27/02/2025,09:19:41,22891.85,22888.9,1500,22891.7,75,225,678600
NIFTY-III.NFO,27/02/2025,09:19:41,22891.85,22888.9,1500,22891.7,75,0,678600
NIFTY-III.NFO,27/02/2025,09:19:43,22891.85,22888.9,1500,22890.9,75,0,678600
NIFTY-III.NFO,27/02/2025,09:19:44,22888.9,22888.9,1125,22891.25,150,375,678600
NIFTY-III.NFO,27/02/2025,09:19:46,22888.9,22888.9,1125,22890.5,75,0,678600
NIFTY-III.NFO,27/02/2025,09:19:48,22888.9,22888.9,1050,22890.15,150,75,678600
NIFTY-III.NFO,27/02/2025,09:19:49,22888.9,22888.9,525,22889.45,150,525,678600
NIFTY-III.NFO,27/02/2025,09:19:51,22888,22888,675,22889.45,150,825,678600
NIFTY-III.NFO,27/02/2025,09:19:52,22889.4,22885,225,22889.55,150,825,678600
NIFTY-III.NFO,27/02/2025,09:19:54,22889.4,22885,225,22889.5,75,0,678600
NIFTY-III.NFO,27/02/2025,09:19:56,22889.4,22885,225,22888.8,150,0,678600
NIFTY-III.NFO,27/02/2025,09:19:57,22889.4,22885,225,22887.9,150,0,678600
NIFTY-III.NFO,27/02/2025,09:19:59,22887.9,22885,225,22888.2,225,150,678600
NIFTY-III.NFO,27/02/2025,09:20:01,22887.9,22885,225,22888.1,75,0,678600
NIFTY-III.NFO,27/02/2025,09:20:02,22887.9,22885,225,22889.5,150,0,678600
NIFTY-III.NFO,27/02/2025,09:20:04,22885,22885,150,22888.6,75,75,678600
NIFTY-III.NFO,27/02/2025,09:20:06,22885,22885,150,22887.75,75,0,678600
NIFTY-III.NFO,27/02/2025,09:20:07,22885,22882,75,22885,150,150,678600
NIFTY-III.NFO,27/02/2025,09:20:09,22887.15,22880.05,150,22886.15,75,825,678600
NIFTY-III.NFO,27/02/2025,09:20:11,22887.15,22880.05,150,22886.15,75,0,678600
NIFTY-III.NFO,27/02/2025,09:20:12,22887.15,22885,75,22886.75,75,0,678600
NIFTY-III.NFO,27/02/2025,09:20:14,22887.15,22885,75,22886.8,75,0,678600
NIFTY-III.NFO,27/02/2025,09:20:16,22887.15,22885,75,22887.05,150,0,678600
NIFTY-III.NFO,27/02/2025,09:20:17,22885,22880.05,225,22887.15,75,75,678600
NIFTY-III.NFO,27/02/2025,09:20:19,22885,22880.05,225,22887,75,0,678600
NIFTY-III.NFO,27/02/2025,09:20:26,22885,22880.05,150,22887,75,0,678600
NIFTY-III.NFO,27/02/2025,09:20:27,22885,22880.05,225,22887,75,0,678600
NIFTY-III.NFO,27/02/2025,09:20:29,22886.95,22880.05,225,22887.2,225,150,678600
NIFTY-III.NFO,27/02/2025,09:20:31,22886.95,22880.05,225,22887.2,75,0,678600
NIFTY-III.NFO,27/02/2025,09:20:32,22886.95,22880.05,225,22887.9,150,0,678600
NIFTY-III.NFO,27/02/2025,09:20:36,22886.95,22880.05,225,22887.3,75,0,678600
NIFTY-III.NFO,27/02/2025,09:20:37,22886.95,22880.05,225,22887.35,75,0,678600
NIFTY-III.NFO,27/02/2025,09:20:39,22886.95,22880.05,225,22886.95,75,0,678600
NIFTY-III.NFO,27/02/2025,09:20:41,22887.9,22880.05,225,22887.85,225,225,678600
NIFTY-III.NFO,27/02/2025,09:20:42,22887.9,22880.05,225,22887.25,75,0,678600
NIFTY-III.NFO,27/02/2025,09:20:46,22880.05,22880.05,225,22887.05,75,75,678600
NIFTY-III.NFO,27/02/2025,09:20:47,22887.2,22880.05,225,22887.25,225,150,678600
NIFTY-III.NFO,27/02/2025,09:20:49,22880.05,22880.05,225,22887.05,75,75,678600
NIFTY-III.NFO,27/02/2025,09:20:51,22880.05,22880.05,150,22887,150,0,678600
NIFTY-III.NFO,27/02/2025,09:20:52,22880.05,22880.05,225,22886.95,75,0,678600
NIFTY-III.NFO,27/02/2025,09:20:54,22880.05,22880.05,525,22887.15,225,0,678600
NIFTY-III.NFO,27/02/2025,09:20:56,22880.05,22880.05,450,22886.85,150,0,678600
NIFTY-III.NFO,27/02/2025,09:20:57,22880.05,22880.05,525,22887,75,0,678600
NIFTY-III.NFO,27/02/2025,09:20:59,22880.05,22880.05,675,22887,75,0,678600
NIFTY-III.NFO,27/02/2025,09:21:01,22880.05,22880.1,150,22887,75,0,678600
NIFTY-III.NFO,27/02/2025,09:21:02,22880.05,22880.1,225,22886.95,225,0,678600
NIFTY-III.NFO,27/02/2025,09:21:04,22880.05,22880.05,300,22886.85,75,300,678600
NIFTY-III.NFO,27/02/2025,09:21:06,22880.05,22880.05,225,22886.85,225,0,678600
NIFTY-III.NFO,27/02/2025,09:21:07,22880.05,22880.05,225,22886.95,225,0,678600
NIFTY-III.NFO,27/02/2025,09:21:09,22880.05,22880.2,75,22886.95,375,0,678600
NIFTY-III.NFO,27/02/2025,09:21:10,22880.05,22880.95,150,22886.9,225,0,678600
NIFTY-III.NFO,27/02/2025,09:21:12,22880.05,22880.95,150,22887,75,0,678600
NIFTY-III.NFO,27/02/2025,09:21:14,22880.05,22882,1650,22887,75,0,678600
NIFTY-III.NFO,27/02/2025,09:21:15,22880.05,22882,1575,22887,75,0,678600
NIFTY-III.NFO,27/02/2025,09:21:17,22880.05,22882,1650,22887,75,0,678600
NIFTY-III.NFO,27/02/2025,09:21:20,22880.05,22884,150,22887,75,0,678600
NIFTY-III.NFO,27/02/2025,09:21:22,22880.05,22884,1800,22887,75,0,678600
NIFTY-III.NFO,27/02/2025,09:21:24,22880.05,22884.05,225,22887,75,0,678600
NIFTY-III.NFO,27/02/2025,09:21:25,22890,22890.7,75,22891,75,225,678600
NIFTY-III.NFO,27/02/2025,09:21:27,22891.3,22885.45,75,22891.4,300,150,678600
NIFTY-III.NFO,27/02/2025,09:21:29,22891.3,22884.55,225,22891.1,300,0,678600
NIFTY-III.NFO,27/02/2025,09:21:30,22891.3,22884.95,75,22891.65,300,0,678600
NIFTY-III.NFO,27/02/2025,09:21:32,22891.45,22892,1275,22892.9,75,300,678600
NIFTY-III.NFO,27/02/2025,09:21:34,22891.45,22892,1275,22892.95,75,0,678600
NIFTY-III.NFO,27/02/2025,09:21:35,22891.45,22892,1275,22892.65,225,0,678600
NIFTY-III.NFO,27/02/2025,09:21:39,22892,22892,375,22892.65,225,900,678600
NIFTY-III.NFO,27/02/2025,09:21:39,22892,22892,375,22892.65,225,0,678600
NIFTY-III.NFO,27/02/2025,09:21:40,22892,22892,75,22892.45,150,300,682800
NIFTY-III.NFO,27/02/2025,09:21:42,22891.95,22885.05,150,22891.9,375,1650,682800
NIFTY-III.NFO,27/02/2025,09:21:44,22891.95,22885.05,225,22892.1,450,0,682800
NIFTY-III.NFO,27/02/2025,09:21:45,22892,22885.05,225,22892.1,450,75,682800
NIFTY-III.NFO,27/02/2025,09:21:49,22892.2,22885.05,225,22891.1,75,300,682800
NIFTY-III.NFO,27/02/2025,09:21:49,22892.3,22885.05,225,22891.1,75,0,682800
NIFTY-III.NFO,27/02/2025,09:21:50,22893.9,22885,225,22892.45,75,3750,682800
NIFTY-III.NFO,27/02/2025,09:21:50,22893.9,22885,225,22892.45,75,0,682800
NIFTY-III.NFO,27/02/2025,09:21:52,22891.45,22885,225,22892.4,75,75,682800
NIFTY-III.NFO,27/02/2025,09:21:54,22891.45,22885,225,22892.45,75,0,682800
NIFTY-III.NFO,27/02/2025,09:21:55,22891.45,22890,75,22892.3,75,0,682800
NIFTY-III.NFO,27/02/2025,09:21:57,22892.05,22891.45,75,22892.5,75,150,682800
NIFTY-III.NFO,27/02/2025,09:21:59,22891.45,22890,75,22892.45,75,75,682800
NIFTY-III.NFO,27/02/2025,09:22:00,22891.45,22890,75,22892,75,0,682800
NIFTY-III.NFO,27/02/2025,09:22:02,22891.45,22890,75,22891.75,75,0,682800
NIFTY-III.NFO,27/02/2025,09:22:05,22891.45,22890,75,22891.25,75,0,682800
NIFTY-III.NFO,27/02/2025,09:22:08,22890,22887.95,150,22890.65,75,75,682800
NIFTY-III.NFO,27/02/2025,09:22:10,22892.55,22887.95,150,22890.8,150,225,682800
NIFTY-III.NFO,27/02/2025,09:22:12,22892.55,22887.95,150,22891.25,75,0,682800
NIFTY-III.NFO,27/02/2025,09:22:13,22892.55,22888,150,22893.95,75,0,682800
NIFTY-III.NFO,27/02/2025,09:22:15,22892.55,22888,150,22893.85,75,0,682800
NIFTY-III.NFO,27/02/2025,09:22:17,22892.55,22887.95,150,22893.6,75,0,682800
NIFTY-III.NFO,27/02/2025,09:22:18,22892.55,22891.45,75,22893.6,75,0,682800
NIFTY-III.NFO,27/02/2025,09:22:20,22892.55,22891.45,75,22893.5,75,0,682800
NIFTY-III.NFO,27/02/2025,09:22:21,22892.55,22891.45,300,22893.5,75,0,682800
NIFTY-III.NFO,27/02/2025,09:22:25,22892.55,22891.45,300,22892.55,75,0,682800
NIFTY-III.NFO,27/02/2025,09:22:28,22891.45,22891.45,150,22892.55,75,150,682800
NIFTY-III.NFO,27/02/2025,09:22:30,22891.45,22891.45,150,22892.5,75,0,682800
NIFTY-III.NFO,27/02/2025,09:22:31,22891.45,22891.45,150,22892.55,150,0,682800
NIFTY-III.NFO,27/02/2025,09:22:41,22893.1,22891.45,75,22892.95,75,450,682800
NIFTY-III.NFO,27/02/2025,09:22:43,22893.1,22891.45,75,22892.85,450,0,682800
NIFTY-III.NFO,27/02/2025,09:22:45,22893.1,22891.45,75,22892.95,75,0,682800
NIFTY-III.NFO,27/02/2025,09:22:46,22893.1,22891.45,75,22892.9,375,0,682800
NIFTY-III.NFO,27/02/2025,09:22:48,22893.1,22891.45,75,22892.05,75,0,682800
NIFTY-III.NFO,27/02/2025,09:22:50,22893.1,22891.45,75,22892.5,75,0,682800
NIFTY-III.NFO,27/02/2025,09:22:51,22893.1,22891.45,75,22892.55,75,0,682800
NIFTY-III.NFO,27/02/2025,09:22:53,22893.1,22891.45,75,22892.6,75,0,682800
NIFTY-III.NFO,27/02/2025,09:22:55,22893.1,22891.45,75,22892.4,75,0,682800
NIFTY-III.NFO,27/02/2025,09:22:56,22893.1,22891.45,75,22892.35,75,0,682800
NIFTY-III.NFO,27/02/2025,09:22:58,22892.25,22891.45,75,22893.1,75,75,682800
NIFTY-III.NFO,27/02/2025,09:23:00,22892.25,22891.45,75,22893.1,75,0,682800
NIFTY-III.NFO,27/02/2025,09:23:01,22892.25,22891.45,75,22892.25,75,0,682800
NIFTY-III.NFO,27/02/2025,09:23:03,22891.45,22890.95,150,22892.2,75,75,682800
NIFTY-III.NFO,27/02/2025,09:23:05,22891.45,22890.95,150,22892.25,75,0,682800
NIFTY-III.NFO,27/02/2025,09:23:06,22890.95,22890.95,75,22892.25,75,75,682800
NIFTY-III.NFO,27/02/2025,09:23:08,22890.95,22890,375,22892.25,75,150,682800
NIFTY-III.NFO,27/02/2025,09:23:10,22890.95,22890,375,22892.15,75,0,682800
NIFTY-III.NFO,27/02/2025,09:23:11,22890.95,22890,375,22892.2,150,0,682800
NIFTY-III.NFO,27/02/2025,09:23:13,22892.2,22891,150,22892.25,75,150,682800
NIFTY-III.NFO,27/02/2025,09:23:14,22892.2,22891,150,22892.25,75,0,682800
NIFTY-III.NFO,27/02/2025,09:23:16,22891,22891,75,22892.25,75,75,682800
NIFTY-III.NFO,27/02/2025,09:23:18,22891,22891,75,22891.6,150,0,682800
NIFTY-III.NFO,27/02/2025,09:23:19,22891,22891,75,22892.25,75,0,682800
NIFTY-III.NFO,27/02/2025,09:23:21,22891,22890,375,22892.15,75,75,682800
NIFTY-III.NFO,27/02/2025,09:23:23,22891,22890,375,22891.95,600,0,682800
NIFTY-III.NFO,27/02/2025,09:23:24,22891,22890,375,22892.25,75,0,682800
NIFTY-III.NFO,27/02/2025,09:23:26,22891,22890,675,22892.2,150,0,682800
NIFTY-III.NFO,27/02/2025,09:23:28,22891,22890,675,22891.15,375,0,682800
NIFTY-III.NFO,27/02/2025,09:23:29,22890,22890,600,22890.75,75,75,682800
NIFTY-III.NFO,27/02/2025,09:23:31,22890,22890,600,22891.25,600,0,682800
NIFTY-III.NFO,27/02/2025,09:23:33,22890,22890,525,22890.8,600,75,682800
NIFTY-III.NFO,27/02/2025,09:23:34,22890,22890,525,22890.85,600,0,682800
NIFTY-III.NFO,27/02/2025,09:23:36,22890,22890,600,22891,675,75,682800
NIFTY-III.NFO,27/02/2025,09:23:38,22890,22885.45,150,22890.3,375,600,682800
NIFTY-III.NFO,27/02/2025,09:23:39,22890,22885.45,150,22890.3,375,0,682800
NIFTY-III.NFO,27/02/2025,09:23:41,22890,22885.45,150,22890.4,750,0,682800
NIFTY-III.NFO,27/02/2025,09:23:43,22890,22885.45,150,22890.3,375,150,682800
NIFTY-III.NFO,27/02/2025,09:23:44,22890,22885.45,150,22890,75,0,682800
NIFTY-III.NFO,27/02/2025,09:23:46,22890,22885.45,150,22890,150,0,682800
NIFTY-III.NFO,27/02/2025,09:23:47,22890,22885.45,150,22890,150,75,682800
NIFTY-III.NFO,27/02/2025,09:23:49,22890,22885.45,150,22889.85,300,0,682800
NIFTY-III.NFO,27/02/2025,09:23:51,22890,22888,600,22889.2,300,0,682800
NIFTY-III.NFO,27/02/2025,09:23:52,22890,22888,600,22889.65,300,0,682800
NIFTY-III.NFO,27/02/2025,09:23:54,22888,22888,75,22889.55,675,525,682800
NIFTY-III.NFO,27/02/2025,09:23:56,22888,22888,75,22889.45,300,0,682800
NIFTY-III.NFO,27/02/2025,09:23:57,22888,22888,75,22889.55,450,0,682800
NIFTY-III.NFO,27/02/2025,09:23:59,22888,22888,75,22888.75,375,0,682800
NIFTY-III.NFO,27/02/2025,09:24:01,22887.25,22885.45,150,22887.2,375,150,682800
NIFTY-III.NFO,27/02/2025,09:24:02,22887.25,22885.45,150,22886,375,0,682800
NIFTY-III.NFO,27/02/2025,09:24:04,22885.45,22883,75,22885.4,375,150,682800
NIFTY-III.NFO,27/02/2025,09:24:06,22885.45,22883,75,22885.6,375,0,682800
NIFTY-III.NFO,27/02/2025,09:24:07,22885.45,22883,75,22884.75,375,0,682800
NIFTY-III.NFO,27/02/2025,09:24:09,22885.45,22883,75,22883.75,375,0,682800
NIFTY-III.NFO,27/02/2025,09:24:10,22883,22880.4,825,22885,75,75,682800
NIFTY-III.NFO,27/02/2025,09:24:12,22880.4,22880.4,450,22883.05,150,375,682800
NIFTY-III.NFO,27/02/2025,09:24:14,22880.4,22880.4,450,22882.65,150,0,682800
NIFTY-III.NFO,27/02/2025,09:24:15,22880.4,22880.4,450,22881.6,150,0,682800
NIFTY-III.NFO,27/02/2025,09:24:17,22880,22880,150,22881.05,375,525,682800
NIFTY-III.NFO,27/02/2025,09:24:19,22882,22880,450,22882.05,375,225,682800
NIFTY-III.NFO,27/02/2025,09:24:20,22882,22880,450,22881.9,375,0,682800
NIFTY-III.NFO,27/02/2025,09:24:22,22880,22880,150,22880.4,150,300,682800
NIFTY-III.NFO,27/02/2025,09:24:24,22880,22874.05,150,22879.9,75,150,682800
NIFTY-III.NFO,27/02/2025,09:24:25,22880,22874,75,22878.2,525,0,682800
NIFTY-III.NFO,27/02/2025,09:24:27,22874,22870.7,225,22878.65,75,75,682800
NIFTY-III.NFO,27/02/2025,09:24:29,22874,22872.5,225,22878.95,375,0,682800
NIFTY-III.NFO,27/02/2025,09:24:30,22874,22871.3,225,22878.7,75,0,682800
NIFTY-III.NFO,27/02/2025,09:24:32,22874,22870.05,150,22876.3,375,0,682800
NIFTY-III.NFO,27/02/2025,09:24:34,22874,22870,375,22873.3,375,0,682800
NIFTY-III.NFO,27/02/2025,09:24:35,22874,22870,375,22872.35,375,0,682800
NIFTY-III.NFO,27/02/2025,09:24:37,22874,22870,375,22872.3,375,0,682800
NIFTY-III.NFO,27/02/2025,09:24:39,22870,22865,75,22870.9,375,450,682800
NIFTY-III.NFO,27/02/2025,09:24:40,22864.8,22862.5,150,22870.9,75,300,682800
NIFTY-III.NFO,27/02/2025,09:24:42,22864,22863.85,150,22872.7,375,150,686700
NIFTY-III.NFO,27/02/2025,09:24:43,22864,22866.7,450,22874,300,0,686700
NIFTY-III.NFO,27/02/2025,09:24:45,22864,22865.8,75,22873.1,675,0,686700
NIFTY-III.NFO,27/02/2025,09:24:47,22864,22865.35,375,22873.05,150,0,686700
NIFTY-III.NFO,27/02/2025,09:24:48,22864,22864,375,22872.55,150,0,686700
NIFTY-III.NFO,27/02/2025,09:24:50,22864,22866.25,450,22872.6,150,0,686700
NIFTY-III.NFO,27/02/2025,09:24:51,22864,22867.5,450,22874.4,375,0,686700
NIFTY-III.NFO,27/02/2025,09:24:53,22864,22868.45,375,22870.4,150,75,686700
NIFTY-III.NFO,27/02/2025,09:24:55,22864,22867.95,375,22869.9,150,0,686700
NIFTY-III.NFO,27/02/2025,09:24:56,22864,22868,375,22873.75,375,0,686700
NIFTY-III.NFO,27/02/2025,09:24:58,22864,22866.7,450,22873.75,375,0,686700
NIFTY-III.NFO,27/02/2025,09:25:00,22864,22867.35,450,22873.8,375,0,686700
NIFTY-III.NFO,27/02/2025,09:25:01,22867.35,22866.2,375,22873.15,150,75,686700
NIFTY-III.NFO,27/02/2025,09:25:03,22867.35,22864.95,300,22871.55,150,0,686700
NIFTY-III.NFO,27/02/2025,09:25:05,22867.35,22864,150,22870.45,375,0,686700
NIFTY-III.NFO,27/02/2025,09:25:06,22867.35,22864,225,22870.45,375,0,686700
NIFTY-III.NFO,27/02/2025,09:25:08,22867.35,22866.15,375,22872.6,450,0,686700
NIFTY-III.NFO,27/02/2025,09:25:10,22867.35,22867.35,75,22872.6,450,0,686700
NIFTY-III.NFO,27/02/2025,09:25:11,22867.35,22867.35,75,22872.1,75,0,686700
NIFTY-III.NFO,27/02/2025,09:25:13,22867.35,22867.35,75,22872.05,150,0,686700
NIFTY-III.NFO,27/02/2025,09:25:15,22865.45,22864.35,225,22871.35,225,300,686700
NIFTY-III.NFO,27/02/2025,09:25:16,22865.45,22864,225,22870.7,150,0,686700
NIFTY-III.NFO,27/02/2025,09:25:18,22865.45,22866.6,225,22873.9,225,0,686700
NIFTY-III.NFO,27/02/2025,09:25:20,22865.45,22867.25,225,22873.9,225,0,686700
NIFTY-III.NFO,27/02/2025,09:25:21,22866,22866.45,75,22870,75,75,686700
NIFTY-III.NFO,27/02/2025,09:25:23,22865.45,22865.45,75,22870,75,150,686700
NIFTY-III.NFO,27/02/2025,09:25:24,22865.45,22865.45,150,22870,75,0,686700
NIFTY-III.NFO,27/02/2025,09:25:26,22870,22865.45,75,22870.75,375,75,686700
NIFTY-III.NFO,27/02/2025,09:25:28,22870,22865.45,75,22871.7,150,0,686700
NIFTY-III.NFO,27/02/2025,09:25:29,22870,22865,75,22871.7,225,0,686700
NIFTY-III.NFO,27/02/2025,09:25:31,22870,22865.5,150,22872.75,150,0,686700
NIFTY-III.NFO,27/02/2025,09:25:33,22870,22867.9,150,22874.9,225,0,686700
NIFTY-III.NFO,27/02/2025,09:25:34,22870,22867.3,75,22871.95,75,0,686700
NIFTY-III.NFO,27/02/2025,09:25:36,22870,22866.75,75,22872,75,0,686700
NIFTY-III.NFO,27/02/2025,09:25:38,22870,22867,75,22871.95,75,75,686700
NIFTY-III.NFO,27/02/2025,09:25:39,22872.05,22872.6,450,22872.85,375,150,686700
NIFTY-III.NFO,27/02/2025,09:25:41,22872.05,22872.6,450,22872.85,375,0,686700
NIFTY-III.NFO,27/02/2025,09:25:44,22872.05,22872.6,450,22873.95,375,0,686700
NIFTY-III.NFO,27/02/2025,09:25:46,22872.05,22872.6,450,22873.9,150,0,686700
NIFTY-III.NFO,27/02/2025,09:25:49,22872.6,22872.6,375,22873.9,150,75,686700
NIFTY-III.NFO,27/02/2025,09:25:51,22872.6,22872.6,375,22873.9,150,0,686700
NIFTY-III.NFO,27/02/2025,09:25:53,22872.6,22873,75,22873.7,375,300,686700
NIFTY-III.NFO,27/02/2025,09:25:54,22872.6,22873,75,22873.7,375,0,686700
NIFTY-III.NFO,27/02/2025,09:25:57,22872.6,22872.6,150,22873.7,375,150,686700
NIFTY-III.NFO,27/02/2025,09:25:59,22873.7,22872.6,150,22874.05,150,150,686700
NIFTY-III.NFO,27/02/2025,09:26:01,22873.7,22872.6,150,22874.05,150,0,686700
NIFTY-III.NFO,27/02/2025,09:26:02,22873.7,22872.6,150,22874.1,375,0,686700
NIFTY-III.NFO,27/02/2025,09:26:06,22874.1,22873,75,22874.5,150,300,686700
NIFTY-III.NFO,27/02/2025,09:26:07,22874.1,22873,75,22874.5,150,0,686700
NIFTY-III.NFO,27/02/2025,09:26:09,22874.1,22873,75,22874.45,150,0,686700
NIFTY-III.NFO,27/02/2025,09:26:11,22874.1,22874.1,75,22874.45,150,0,686700
NIFTY-III.NFO,27/02/2025,09:26:14,22874.1,22873,75,22873.4,150,75,686700
NIFTY-III.NFO,27/02/2025,09:26:16,22872.6,22866,150,22872.55,225,225,686700
NIFTY-III.NFO,27/02/2025,09:26:17,22872.6,22866.05,225,22873.1,150,300,686700
NIFTY-III.NFO,27/02/2025,09:26:19,22872.6,22866.05,225,22873.9,150,0,686700
NIFTY-III.NFO,27/02/2025,09:26:20,22872.6,22866.05,225,22873.7,150,0,686700
NIFTY-III.NFO,27/02/2025,09:26:22,22873.65,22866.05,225,22873.95,375,375,686700
NIFTY-III.NFO,27/02/2025,09:26:24,22872,22866.05,225,22873.4,375,225,686700
NIFTY-III.NFO,27/02/2025,09:26:25,22872,22870,75,22873.85,375,0,686700
NIFTY-III.NFO,27/02/2025,09:26:27,22872,22870,75,22873.35,375,0,686700
NIFTY-III.NFO,27/02/2025,09:26:28,22872,22870,75,22874.3,375,0,686700
NIFTY-III.NFO,27/02/2025,09:26:30,22872,22870,75,22873.5,375,0,686700
NIFTY-III.NFO,27/02/2025,09:26:33,22872,22870,525,22872.4,75,0,686700
NIFTY-III.NFO,27/02/2025,09:26:38,22870,22870,450,22872.4,75,75,686700
NIFTY-III.NFO,27/02/2025,09:26:40,22870,22870,450,22872.4,75,0,686700
NIFTY-III.NFO,27/02/2025,09:26:43,22870,22870,450,22872,75,0,686700
NIFTY-III.NFO,27/02/2025,09:26:46,22870,22870,375,22871.65,375,75,686700
NIFTY-III.NFO,27/02/2025,09:26:48,22870,22870,375,22871.6,375,0,686700
NIFTY-III.NFO,27/02/2025,09:26:49,22870,22870,150,22871.6,375,225,686700
NIFTY-III.NFO,27/02/2025,09:26:51,22870,22865,150,22870.8,375,150,686700
NIFTY-III.NFO,27/02/2025,09:26:53,22870,22865,150,22869.2,375,0,686700
NIFTY-III.NFO,27/02/2025,09:26:54,22870,22865,150,22870.05,375,0,686700
NIFTY-III.NFO,27/02/2025,09:26:56,22870,22865,150,22868.7,375,0,686700
NIFTY-III.NFO,27/02/2025,09:26:57,22870,22865,150,22869.35,75,0,686700
NIFTY-III.NFO,27/02/2025,09:26:59,22869.5,22865,150,22868.85,450,600,686700
NIFTY-III.NFO,27/02/2025,09:27:01,22865,22865,75,22867.95,675,75,686700
NIFTY-III.NFO,27/02/2025,09:27:02,22865,22865,75,22868.75,300,0,686700
NIFTY-III.NFO,27/02/2025,09:27:04,22865,22865,75,22868.7,300,0,686700
NIFTY-III.NFO,27/02/2025,09:27:06,22865,22865,75,22869.65,300,0,686700
NIFTY-III.NFO,27/02/2025,09:27:07,22869.65,22865,75,22869.65,225,75,686700
NIFTY-III.NFO,27/02/2025,09:27:09,22869.65,22865,75,22868.55,375,0,686700
NIFTY-III.NFO,27/02/2025,09:27:12,22868.55,22865,75,22868.7,525,150,686700
NIFTY-III.NFO,27/02/2025,09:27:14,22864.05,22864.05,150,22870,1800,225,686700
NIFTY-III.NFO,27/02/2025,09:27:15,22865,22864,150,22869.7,150,75,686700
NIFTY-III.NFO,27/02/2025,09:27:17,22865,22864,150,22869.4,225,0,686700
NIFTY-III.NFO,27/02/2025,09:27:19,22865,22864,150,22865,75,0,686700
NIFTY-III.NFO,27/02/2025,09:27:20,22865,22864.05,150,22869.9,375,75,686700
NIFTY-III.NFO,27/02/2025,09:27:22,22865,22864.05,225,22869.9,75,0,686700
NIFTY-III.NFO,27/02/2025,09:27:24,22865,22864.05,225,22869.75,75,0,686700
NIFTY-III.NFO,27/02/2025,09:27:25,22865,22864.05,225,22869.8,75,0,686700
NIFTY-III.NFO,27/02/2025,09:27:27,22865,22864.05,225,22869.7,75,0,686700
NIFTY-III.NFO,27/02/2025,09:27:32,22865,22864.05,225,22869.95,150,0,686700
NIFTY-III.NFO,27/02/2025,09:27:33,22864,22862.25,150,22869.95,225,375,686700
NIFTY-III.NFO,27/02/2025,09:27:35,22869.95,22861.75,75,22869.9,225,150,686700
NIFTY-III.NFO,27/02/2025,09:27:37,22870,22862.3,75,22869.8,150,300,686700
NIFTY-III.NFO,27/02/2025,09:27:38,22870,22861.8,75,22869.85,75,0,686700
NIFTY-III.NFO,27/02/2025,09:27:40,22870,22861.75,75,22869.8,150,0,686700
NIFTY-III.NFO,27/02/2025,09:27:43,22870,22860.6,150,22869.45,150,750,688725
NIFTY-III.NFO,27/02/2025,09:27:45,22869.3,22862.05,150,22868.9,75,75,688725
NIFTY-III.NFO,27/02/2025,09:27:47,22869.3,22862,75,22868.6,75,0,688725
NIFTY-III.NFO,27/02/2025,09:27:48,22869.8,22862.05,225,22869.05,75,750,688725
NIFTY-III.NFO,27/02/2025,09:27:50,22869.8,22862,75,22868.25,75,0,688725
NIFTY-III.NFO,27/02/2025,09:27:51,22869.8,22862,75,22867.8,75,0,688725
NIFTY-III.NFO,27/02/2025,09:27:55,22868.9,22862,75,22868.15,150,1500,688725
NIFTY-III.NFO,27/02/2025,09:27:56,22868.9,22862,75,22868.15,150,0,688725
NIFTY-III.NFO,27/02/2025,09:27:59,22868.9,22862,75,22867.6,375,0,688725
NIFTY-III.NFO,27/02/2025,09:28:01,22862,22860,525,22867.25,75,150,688725
NIFTY-III.NFO,27/02/2025,09:28:03,22862,22860.05,225,22867.85,75,0,688725
NIFTY-III.NFO,27/02/2025,09:28:04,22862,22862,75,22867.1,75,0,688725
NIFTY-III.NFO,27/02/2025,09:28:06,22862,22860,525,22865.85,75,75,688725
NIFTY-III.NFO,27/02/2025,09:28:08,22860,22860,150,22865.7,75,375,688725
NIFTY-III.NFO,27/02/2025,09:28:09,22860,22860,150,22865.9,75,0,688725
NIFTY-III.NFO,27/02/2025,09:28:11,22860,22860,150,22865.65,75,0,688725
NIFTY-III.NFO,27/02/2025,09:28:13,22865.65,22860,150,22865.15,75,75,688725
NIFTY-III.NFO,27/02/2025,09:28:14,22865.65,22860.05,150,22865.95,75,0,688725
NIFTY-III.NFO,27/02/2025,09:28:16,22865.65,22860.05,225,22865.15,75,0,688725
NIFTY-III.NFO,27/02/2025,09:28:18,22865.65,22865,150,22865.3,75,0,688725
NIFTY-III.NFO,27/02/2025,09:28:19,22865.3,22859.1,225,22866.4,75,750,688725
NIFTY-III.NFO,27/02/2025,09:28:21,22865.3,22858.4,225,22865.35,150,0,688725
NIFTY-III.NFO,27/02/2025,09:28:22,22865.3,22858.45,225,22865.35,75,0,688725
NIFTY-III.NFO,27/02/2025,09:28:24,22865.3,22859.1,150,22865.35,75,0,688725
NIFTY-III.NFO,27/02/2025,09:28:27,22865.3,22860.45,225,22866.4,75,0,688725
NIFTY-III.NFO,27/02/2025,09:28:29,22865.3,22859.85,225,22865.8,75,0,688725
NIFTY-III.NFO,27/02/2025,09:28:31,22865.3,22858.75,150,22866.35,225,0,688725
NIFTY-III.NFO,27/02/2025,09:28:32,22865.3,22859.2,150,22866.4,75,0,688725
NIFTY-III.NFO,27/02/2025,09:28:34,22865.3,22858.6,225,22861.65,75,0,688725
NIFTY-III.NFO,27/02/2025,09:28:36,22865.3,22858.6,300,22861.65,75,0,688725
NIFTY-III.NFO,27/02/2025,09:28:37,22866,22866,1050,22866.2,75,150,688725
NIFTY-III.NFO,27/02/2025,09:28:39,22866,22866,825,22866.95,75,975,688725
NIFTY-III.NFO,27/02/2025,09:28:41,22866,22866,600,22866.95,75,225,688725
NIFTY-III.NFO,27/02/2025,09:28:42,22866,22866,600,22867.95,75,0,688725
NIFTY-III.NFO,27/02/2025,09:28:51,22866,22866,600,22867.75,75,0,688725
NIFTY-III.NFO,27/02/2025,09:28:52,22866,22866,450,22867.65,75,150,688725
NIFTY-III.NFO,27/02/2025,09:28:54,22866,22866,75,22867.65,75,375,688725
NIFTY-III.NFO,27/02/2025,09:28:56,22866,22866,75,22868.3,75,0,688725
NIFTY-III.NFO,27/02/2025,09:28:57,22866,22866,75,22868.7,75,0,688725
NIFTY-III.NFO,27/02/2025,09:28:59,22866,22866,75,22868.65,150,0,688725
NIFTY-III.NFO,27/02/2025,09:29:01,22868.15,22866,75,22868.65,150,75,688725
NIFTY-III.NFO,27/02/2025,09:29:02,22868.15,22866,75,22868.65,150,0,688725
NIFTY-III.NFO,27/02/2025,09:29:04,22866,22861.1,150,22868.65,225,75,688725
NIFTY-III.NFO,27/02/2025,09:29:06,22866,22861.1,150,22868.95,75,0,688725
NIFTY-III.NFO,27/02/2025,09:29:07,22869.05,22860.65,150,22868.45,150,150,688725
NIFTY-III.NFO,27/02/2025,09:29:09,22869.05,22860.55,225,22868.7,225,0,688725
NIFTY-III.NFO,27/02/2025,09:29:10,22869.05,22861.35,150,22869,150,0,688725
NIFTY-III.NFO,27/02/2025,09:29:12,22869.05,22860.7,150,22868.85,75,0,688725
NIFTY-III.NFO,27/02/2025,09:29:14,22869.05,22860.7,150,22869.5,150,0,688725
NIFTY-III.NFO,27/02/2025,09:29:15,22868.5,22860.1,225,22868.5,75,225,688725
NIFTY-III.NFO,27/02/2025,09:29:17,22868.5,22860.1,225,22868.5,75,0,688725
NIFTY-III.NFO,27/02/2025,09:29:25,22868.5,22860.05,150,22867.7,75,0,688725
NIFTY-III.NFO,27/02/2025,09:29:26,22868.5,22860,225,22866.85,75,0,688725
NIFTY-III.NFO,27/02/2025,09:29:28,22868.5,22860,225,22865.5,75,0,688725
NIFTY-III.NFO,27/02/2025,09:29:30,22860,22860,150,22865.55,150,75,688725
NIFTY-III.NFO,27/02/2025,09:29:31,22860,22860,150,22865.2,75,0,688725
NIFTY-III.NFO,27/02/2025,09:29:33,22860,22860,150,22865.15,75,0,688725
NIFTY-III.NFO,27/02/2025,09:29:35,22860,22860,150,22865.05,75,0,688725
NIFTY-III.NFO,27/02/2025,09:29:36,22860,22860,150,22864.35,75,0,688725
NIFTY-III.NFO,27/02/2025,09:29:38,22860,22860,150,22865.85,75,0,688725
NIFTY-III.NFO,27/02/2025,09:29:39,22860,22860,450,22865.85,75,0,688725
NIFTY-III.NFO,27/02/2025,09:29:41,22860,22860,450,22864.8,75,0,688725
NIFTY-III.NFO,27/02/2025,09:29:43,22860,22860,450,22864,75,0,688725
NIFTY-III.NFO,27/02/2025,09:29:44,22860,22860,450,22863.75,75,0,688725
NIFTY-III.NFO,27/02/2025,09:29:49,22860,22860,450,22863.75,75,75,688725
NIFTY-III.NFO,27/02/2025,09:29:51,22860,22860,450,22863.75,75,0,688725
NIFTY-III.NFO,27/02/2025,09:29:52,22860,22860,450,22863.55,75,0,688725
NIFTY-III.NFO,27/02/2025,09:29:54,22860,22860,375,22863.4,75,75,688725
NIFTY-III.NFO,27/02/2025,09:29:55,22860,22860,300,22863.45,75,75,688725
NIFTY-III.NFO,27/02/2025,09:29:57,22860,22860,300,22863.2,75,0,688725
NIFTY-III.NFO,27/02/2025,09:29:59,22860,22860,225,22863.45,75,75,688725
NIFTY-III.NFO,27/02/2025,09:30:00,22860,22860,150,22863.3,75,75,688725
NIFTY-III.NFO,27/02/2025,09:30:02,22860,22860,150,22863.4,75,0,688725
NIFTY-III.NFO,27/02/2025,09:30:04,22863.4,22860,150,22863.5,75,75,688725
NIFTY-III.NFO,27/02/2025,09:30:05,22863.4,22860,225,22863.2,75,0,688725
NIFTY-III.NFO,27/02/2025,09:30:07,22863.4,22860.05,150,22863.2,75,0,688725
NIFTY-III.NFO,27/02/2025,09:30:08,22863.4,22860.05,150,22863.05,75,0,688725
NIFTY-III.NFO,27/02/2025,09:30:12,22863.4,22860.05,150,22863.6,75,0,688725
NIFTY-III.NFO,27/02/2025,09:30:13,22863.4,22863.4,300,22863.55,75,0,688725
NIFTY-III.NFO,27/02/2025,09:30:15,22863.4,22863.4,75,22863.55,75,225,688725
NIFTY-III.NFO,27/02/2025,09:30:17,22863.4,22860,225,22863.55,75,75,688725
NIFTY-III.NFO,27/02/2025,09:30:18,22863.4,22860.05,300,22863.55,75,0,688725
NIFTY-III.NFO,27/02/2025,09:30:20,22863,22860.05,225,22863.25,75,150,688725
NIFTY-III.NFO,27/02/2025,09:30:21,22863,22860.05,225,22863.3,75,0,688725
NIFTY-III.NFO,27/02/2025,09:30:23,22863,22860.05,225,22863.45,75,0,688725
NIFTY-III.NFO,27/02/2025,09:30:25,22863.45,22860.05,225,22863.45,75,75,688725
NIFTY-III.NFO,27/02/2025,09:30:26,22863.45,22860.05,225,22863.45,75,0,688725
NIFTY-III.NFO,27/02/2025,09:30:29,22863.45,22861.45,75,22863.6,75,0,688725
NIFTY-III.NFO,27/02/2025,09:30:32,22863.45,22860.05,225,22863.9,75,75,688725
NIFTY-III.NFO,27/02/2025,09:30:34,22864.1,22860.05,225,22864.35,75,225,688725
NIFTY-III.NFO,27/02/2025,09:30:36,22864.1,22860.05,225,22864.35,75,0,688725
NIFTY-III.NFO,27/02/2025,09:30:39,22864.1,22860.05,225,22864.1,75,0,688725
NIFTY-III.NFO,27/02/2025,09:30:44,22864.1,22860.05,225,22864.1,150,0,688725
NIFTY-III.NFO,27/02/2025,09:30:47,22860.05,22860.05,150,22864.1,150,75,691950
NIFTY-III.NFO,27/02/2025,09:30:49,22858.85,22858.05,225,22864.1,150,450,691950
NIFTY-III.NFO,27/02/2025,09:30:50,22858.85,22858.05,150,22864.1,150,0,691950
NIFTY-III.NFO,27/02/2025,09:30:54,22864.1,22858.05,150,22864.1,75,150,691950
NIFTY-III.NFO,27/02/2025,09:30:55,22864.1,22858.05,150,22864.1,75,0,691950
NIFTY-III.NFO,27/02/2025,09:30:57,22865,22865,450,22865.8,75,300,691950
NIFTY-III.NFO,27/02/2025,09:30:59,22865,22865,450,22865.8,75,0,691950
NIFTY-III.NFO,27/02/2025,09:31:02,22865,22865,450,22865.8,150,0,691950
NIFTY-III.NFO,27/02/2025,09:31:04,22865,22865,300,22865.15,75,150,691950
NIFTY-III.NFO,27/02/2025,09:31:05,22865,22863.45,75,22864.35,75,375,691950
NIFTY-III.NFO,27/02/2025,09:31:07,22865,22863.45,75,22863.85,75,0,691950
NIFTY-III.NFO,27/02/2025,09:31:08,22865,22863.45,75,22863.55,75,0,691950
NIFTY-III.NFO,27/02/2025,09:31:10,22863.45,22858,75,22863.55,75,75,691950
NIFTY-III.NFO,27/02/2025,09:31:12,22863.45,22858.05,150,22864.45,75,0,691950
NIFTY-III.NFO,27/02/2025,09:31:13,22863.45,22858,75,22864.45,150,0,691950
NIFTY-III.NFO,27/02/2025,09:31:15,22858.05,22858.05,150,22863.65,75,75,691950
NIFTY-III.NFO,27/02/2025,09:31:16,22863.45,22858,75,22863.6,75,75,691950
NIFTY-III.NFO,27/02/2025,09:31:18,22863.45,22858,75,22862.85,75,0,691950
NIFTY-III.NFO,27/02/2025,09:31:20,22863.45,22858,75,22862.7,75,0,691950
NIFTY-III.NFO,27/02/2025,09:31:21,22863.45,22858,75,22862.05,75,0,691950
NIFTY-III.NFO,27/02/2025,09:31:23,22863.45,22858.05,150,22863.55,75,0,691950
NIFTY-III.NFO,27/02/2025,09:31:24,22863.45,22858,75,22863.55,75,0,691950
NIFTY-III.NFO,27/02/2025,09:31:26,22863.45,22858,75,22863.5,75,0,691950
NIFTY-III.NFO,27/02/2025,09:31:28,22863.95,22858,75,22862.95,75,150,691950
NIFTY-III.NFO,27/02/2025,09:31:29,22863.95,22858,75,22862.95,75,0,691950
NIFTY-III.NFO,27/02/2025,09:31:31,22858,22857.05,150,22862.95,75,75,691950
NIFTY-III.NFO,27/02/2025,09:31:33,22858,22860,75,22862.95,75,0,691950
NIFTY-III.NFO,27/02/2025,09:31:34,22858,22860,75,22863.8,75,0,691950
NIFTY-III.NFO,27/02/2025,09:31:37,22865,22861.85,75,22864.7,75,750,691950
NIFTY-III.NFO,27/02/2025,09:31:39,22865,22861.9,150,22865,150,0,691950
NIFTY-III.NFO,27/02/2025,09:31:41,22865,22861.9,225,22866.85,75,150,691950
NIFTY-III.NFO,27/02/2025,09:31:42,22865,22861.9,150,22866.8,75,0,691950
NIFTY-III.NFO,27/02/2025,09:31:44,22865,22863.65,75,22865.05,75,0,691950
NIFTY-III.NFO,27/02/2025,09:31:48,22865,22863.65,75,22864.8,375,0,691950
NIFTY-III.NFO,27/02/2025,09:31:50,22863.65,22860,75,22863.15,75,75,691950
NIFTY-III.NFO,27/02/2025,09:31:52,22863.65,22860,75,22863.15,75,0,691950
NIFTY-III.NFO,27/02/2025,09:31:53,22863.65,22860,75,22863.75,75,0,691950
NIFTY-III.NFO,27/02/2025,09:31:55,22863.65,22860,75,22864.65,75,0,691950
NIFTY-III.NFO,27/02/2025,09:31:58,22863.65,22860,150,22864.65,75,0,691950
NIFTY-III.NFO,27/02/2025,09:32:02,22863.65,22860,225,22864.65,75,0,691950
NIFTY-III.NFO,27/02/2025,09:32:03,22863.65,22860,150,22864.65,75,0,691950
NIFTY-III.NFO,27/02/2025,09:32:07,22864.6,22860,75,22864.65,75,75,691950
NIFTY-III.NFO,27/02/2025,09:32:08,22864.65,22860,75,22864.75,375,75,691950
NIFTY-III.NFO,27/02/2025,09:32:10,22864.65,22860,75,22864.75,375,0,691950
NIFTY-III.NFO,27/02/2025,09:32:12,22864.75,22860,75,22864.9,75,75,691950
NIFTY-III.NFO,27/02/2025,09:32:16,22864.75,22860,75,22864.9,75,0,691950
NIFTY-III.NFO,27/02/2025,09:32:21,22865,22860,150,22865.25,75,150,691950
NIFTY-III.NFO,27/02/2025,09:32:23,22864.75,22860,75,22865.25,75,75,691950
NIFTY-III.NFO,27/02/2025,09:32:25,22860.05,22860,150,22865.25,75,75,691950
NIFTY-III.NFO,27/02/2025,09:32:26,22860.05,22860.05,225,22865,75,0,691950
NIFTY-III.NFO,27/02/2025,09:32:28,22860.05,22860,150,22865,75,0,691950
NIFTY-III.NFO,27/02/2025,09:32:31,22865,22860,75,22865,75,75,691950
NIFTY-III.NFO,27/02/2025,09:32:33,22865,22860,75,22865,75,0,691950
NIFTY-III.NFO,27/02/2025,09:32:43,22866.25,22860,75,22865.35,75,1050,691950
NIFTY-III.NFO,27/02/2025,09:32:44,22866.25,22860,75,22864.85,75,0,691950
NIFTY-III.NFO,27/02/2025,09:32:46,22865,22860,75,22864.65,75,150,691950
NIFTY-III.NFO,27/02/2025,09:32:48,22865,22860,75,22864.85,75,75,691950
NIFTY-III.NFO,27/02/2025,09:32:49,22865,22860,75,22865.35,75,0,691950
NIFTY-III.NFO,27/02/2025,09:32:51,22865,22860,75,22865.4,150,0,691950
NIFTY-III.NFO,27/02/2025,09:32:53,22865,22860,150,22865.55,75,0,691950
NIFTY-III.NFO,27/02/2025,09:32:58,22865,22860,75,22865.55,75,0,691950
NIFTY-III.NFO,27/02/2025,09:33:01,22865,22860,150,22866,75,0,691950
NIFTY-III.NFO,27/02/2025,09:33:02,22865,22860.05,75,22866,75,0,691950
NIFTY-III.NFO,27/02/2025,09:33:04,22866.7,22860.1,150,22867.1,75,750,691950
NIFTY-III.NFO,27/02/2025,09:33:06,22866,22860.7,150,22866,75,150,691950
NIFTY-III.NFO,27/02/2025,09:33:07,22866,22865,75,22866,75,0,691950
NIFTY-III.NFO,27/02/2025,09:33:09,22868.4,22865,75,22868.5,375,375,691950
NIFTY-III.NFO,27/02/2025,09:33:11,22868.4,22865,75,22868.4,75,0,691950
NIFTY-III.NFO,27/02/2025,09:33:12,22868.4,22865,75,22868.5,375,0,691950
NIFTY-III.NFO,27/02/2025,09:33:14,22868.4,22865,375,22868.5,375,0,691950
NIFTY-III.NFO,27/02/2025,09:33:16,22869,22865,375,22868.2,150,1050,691950
NIFTY-III.NFO,27/02/2025,09:33:17,22868.2,22865,375,22868.1,75,75,691950
NIFTY-III.NFO,27/02/2025,09:33:19,22869.7,22865,450,22870,1575,225,691950
NIFTY-III.NFO,27/02/2025,09:33:21,22869.7,22865,525,22870,1575,0,691950
NIFTY-III.NFO,27/02/2025,09:33:22,22870,22865.05,150,22870,1500,75,691950
NIFTY-III.NFO,27/02/2025,09:33:24,22870,22865,600,22870,1500,0,691950
NIFTY-III.NFO,27/02/2025,09:33:25,22870,22865,675,22870,1425,75,691950
NIFTY-III.NFO,27/02/2025,09:33:27,22865,22865,600,22870,1425,75,691950
NIFTY-III.NFO,27/02/2025,09:33:29,22865,22865,600,22870,1425,0,691950
NIFTY-III.NFO,27/02/2025,09:33:30,22865,22866.15,150,22870,1425,0,691950
NIFTY-III.NFO,27/02/2025,09:33:32,22866.15,22866.1,150,22870,1425,75,691950
NIFTY-III.NFO,27/02/2025,09:33:34,22866.15,22866.1,150,22870,1425,0,691950
NIFTY-III.NFO,27/02/2025,09:33:35,22865.35,22865.65,150,22870,1425,75,691950
NIFTY-III.NFO,27/02/2025,09:33:37,22865.35,22865.95,150,22870,1425,0,691950
NIFTY-III.NFO,27/02/2025,09:33:39,22870,22867.2,300,22870,900,525,691950
NIFTY-III.NFO,27/02/2025,09:33:40,22870,22868.3,225,22870,900,0,691950
NIFTY-III.NFO,27/02/2025,09:33:42,22870,22872.05,225,22878.7,150,900,691950
NIFTY-III.NFO,27/02/2025,09:33:43,22877.55,22872.95,300,22879.95,150,75,696525
NIFTY-III.NFO,27/02/2025,09:33:45,22873.1,22871.05,75,22878.8,150,450,696525
NIFTY-III.NFO,27/02/2025,09:33:47,22873.1,22869.6,150,22877.85,150,0,696525
NIFTY-III.NFO,27/02/2025,09:33:50,22873.1,22869.6,150,22876.25,150,0,696525
NIFTY-III.NFO,27/02/2025,09:33:52,22873.1,22868.1,150,22876.25,150,0,696525
NIFTY-III.NFO,27/02/2025,09:33:53,22873.1,22868.1,150,22876.9,150,0,696525
NIFTY-III.NFO,27/02/2025,09:33:55,22873.1,22867.3,75,22875.55,150,0,696525
NIFTY-III.NFO,27/02/2025,09:33:56,22873.1,22867.35,150,22875.25,150,150,696525
NIFTY-III.NFO,27/02/2025,09:33:58,22873.1,22865.85,150,22875.25,150,0,696525
NIFTY-III.NFO,27/02/2025,09:34:00,22873.1,22869,75,22874.55,150,0,696525
NIFTY-III.NFO,27/02/2025,09:34:01,22873.1,22869,75,22874.4,150,0,696525
NIFTY-III.NFO,27/02/2025,09:34:03,22873.1,22869,150,22873.1,225,0,696525
NIFTY-III.NFO,27/02/2025,09:34:08,22873.1,22870,225,22873.1,225,0,696525
NIFTY-III.NFO,27/02/2025,09:34:09,22873.1,22873,75,22873.1,225,0,696525
NIFTY-III.NFO,27/02/2025,09:34:17,22873.1,22870,150,22873.1,150,75,696525
NIFTY-III.NFO,27/02/2025,09:34:19,22873.1,22870,150,22873.1,150,0,696525
NIFTY-III.NFO,27/02/2025,09:34:29,22870,22870,75,22873.1,150,75,696525
NIFTY-III.NFO,27/02/2025,09:34:37,22873.1,22870,150,22873.1,75,75,696525
NIFTY-III.NFO,27/02/2025,09:34:38,22873.1,22870,150,22873.1,75,0,696525
NIFTY-III.NFO,27/02/2025,09:34:40,22873.95,22870,150,22873.95,150,150,696525
NIFTY-III.NFO,27/02/2025,09:34:42,22873.95,22870,150,22873.95,150,0,696525
NIFTY-III.NFO,27/02/2025,09:34:43,22872.85,22870,150,22873.35,150,75,696525
NIFTY-III.NFO,27/02/2025,09:34:45,22872.85,22870,150,22871.2,150,0,696525
NIFTY-III.NFO,27/02/2025,09:34:46,22872.85,22870,150,22871.8,150,0,696525
NIFTY-III.NFO,27/02/2025,09:34:48,22872.85,22870,150,22871.05,75,0,696525
NIFTY-III.NFO,27/02/2025,09:34:50,22873.85,22870,150,22872.8,75,1500,696525
NIFTY-III.NFO,27/02/2025,09:34:51,22873.85,22870,150,22872.85,150,0,696525
NIFTY-III.NFO,27/02/2025,09:34:54,22873.85,22870,225,22873.9,75,0,696525
NIFTY-III.NFO,27/02/2025,09:34:56,22872.9,22870,225,22874.45,75,75,696525
NIFTY-III.NFO,27/02/2025,09:34:58,22870,22870,150,22873.05,75,75,696525
NIFTY-III.NFO,27/02/2025,09:34:59,22870,22870,150,22872.6,150,0,696525
NIFTY-III.NFO,27/02/2025,09:35:01,22870,22870,150,22873.9,75,0,696525
NIFTY-III.NFO,27/02/2025,09:35:03,22870,22870,150,22873,75,0,696525
NIFTY-III.NFO,27/02/2025,09:35:04,22870,22870,150,22873.3,75,0,696525
NIFTY-III.NFO,27/02/2025,09:35:08,22870,22870,150,22873.6,75,0,696525
NIFTY-III.NFO,27/02/2025,09:35:09,22875.7,22870,150,22875.75,75,75,696525
NIFTY-III.NFO,27/02/2025,09:35:11,22875.7,22870,225,22874.65,75,0,696525
NIFTY-III.NFO,27/02/2025,09:35:13,22875.7,22870.05,75,22874.9,75,450,696525
NIFTY-III.NFO,27/02/2025,09:35:14,22870,22869.05,225,22875.35,75,675,696525
NIFTY-III.NFO,27/02/2025,09:35:16,22869,22867.65,150,22873.6,75,150,696525
NIFTY-III.NFO,27/02/2025,09:35:18,22869,22867.65,150,22873.6,75,0,696525
NIFTY-III.NFO,27/02/2025,09:35:21,22869,22868.1,150,22873.6,75,0,696525
NIFTY-III.NFO,27/02/2025,09:35:23,22869,22868.35,150,22875.3,75,0,696525
NIFTY-III.NFO,27/02/2025,09:35:24,22875,22875,75,22875.3,75,150,696525
NIFTY-III.NFO,27/02/2025,09:35:26,22875,22875,75,22875.3,75,0,696525
NIFTY-III.NFO,27/02/2025,09:35:29,22875,22869.05,225,22875.3,75,75,696525
NIFTY-III.NFO,27/02/2025,09:35:31,22875.3,22869.25,150,22877.2,75,75,696525
NIFTY-III.NFO,27/02/2025,09:35:32,22875.3,22869.25,150,22875.8,75,0,696525
NIFTY-III.NFO,27/02/2025,09:35:35,22875.3,22869.75,150,22875.8,75,0,696525
NIFTY-III.NFO,27/02/2025,09:35:39,22875.3,22870.45,150,22877.35,75,0,696525
NIFTY-III.NFO,27/02/2025,09:35:40,22877.2,22869.6,150,22876.65,75,225,696525
NIFTY-III.NFO,27/02/2025,09:35:42,22877.2,22869.6,150,22877.05,75,0,696525
NIFTY-III.NFO,27/02/2025,09:35:44,22877.2,22869.6,150,22878.2,75,0,696525
NIFTY-III.NFO,27/02/2025,09:35:45,22877.2,22869.85,150,22876.7,75,0,696525
NIFTY-III.NFO,27/02/2025,09:35:47,22877.2,22869.85,300,22876.7,75,0,696525
NIFTY-III.NFO,27/02/2025,09:35:48,22876.9,22869.85,375,22876.8,150,150,696525
NIFTY-III.NFO,27/02/2025,09:35:50,22876.9,22875.3,75,22876.4,75,300,696525
NIFTY-III.NFO,27/02/2025,09:35:52,22875.3,22870.7,150,22877.7,75,75,696525
NIFTY-III.NFO,27/02/2025,09:35:53,22876.4,22876.4,75,22876.6,75,75,696525
NIFTY-III.NFO,27/02/2025,09:35:55,22874.45,22871.2,150,22876.6,75,150,696525
NIFTY-III.NFO,27/02/2025,09:35:57,22874.45,22871.2,300,22876.6,75,300,696525
NIFTY-III.NFO,27/02/2025,09:35:58,22874.45,22871.2,300,22876.6,75,0,696525
NIFTY-III.NFO,27/02/2025,09:36:00,22876.6,22871.2,375,22877.6,75,75,696525
NIFTY-III.NFO,27/02/2025,09:36:02,22876.6,22871.2,375,22877.6,75,0,696525
NIFTY-III.NFO,27/02/2025,09:36:03,22876.6,22871.9,150,22877.6,75,0,696525
NIFTY-III.NFO,27/02/2025,09:36:07,22870.45,22869.35,150,22874.45,75,750,696525
NIFTY-III.NFO,27/02/2025,09:36:08,22870.45,22868.05,150,22874.45,75,0,696525
NIFTY-III.NFO,27/02/2025,09:36:10,22874.45,22869.8,150,22877,75,75,696525
NIFTY-III.NFO,27/02/2025,09:36:11,22874.45,22870.05,150,22877,75,0,696525
NIFTY-III.NFO,27/02/2025,09:36:15,22874.45,22870.05,150,22877.7,75,0,696525
NIFTY-III.NFO,27/02/2025,09:36:16,22874.45,22870.05,150,22877.65,150,0,696525
NIFTY-III.NFO,27/02/2025,09:36:18,22874.45,22874,75,22877.2,75,0,696525
NIFTY-III.NFO,27/02/2025,09:36:21,22874.45,22874,75,22877,75,600,696525
NIFTY-III.NFO,27/02/2025,09:36:23,22874.45,22874,75,22877,75,0,696525
NIFTY-III.NFO,27/02/2025,09:36:24,22874.45,22875,75,22876.05,75,0,696525
NIFTY-III.NFO,27/02/2025,09:36:26,22874.45,22875,75,22876.3,150,0,696525
NIFTY-III.NFO,27/02/2025,09:36:28,22875,22874,75,22874.55,75,75,696525
NIFTY-III.NFO,27/02/2025,09:36:29,22874,22870,975,22873.05,75,375,696525
NIFTY-III.NFO,27/02/2025,09:36:31,22874,22870,975,22873.05,75,0,696525
NIFTY-III.NFO,27/02/2025,09:36:33,22873.05,22870,975,22876,225,75,696525
NIFTY-III.NFO,27/02/2025,09:36:34,22873.05,22870,975,22874.25,75,0,696525
NIFTY-III.NFO,27/02/2025,09:36:36,22870.05,22870.05,75,22874.25,75,75,696525
NIFTY-III.NFO,27/02/2025,09:36:38,22870.05,22870.05,75,22875.8,75,0,696525
NIFTY-III.NFO,27/02/2025,09:36:39,22874.35,22870.05,150,22876.85,150,150,696525
NIFTY-III.NFO,27/02/2025,09:36:41,22874.35,22870,975,22875.75,150,0,696525
NIFTY-III.NFO,27/02/2025,09:36:43,22874.35,22870.05,150,22876.95,225,0,696525
NIFTY-III.NFO,27/02/2025,09:36:44,22874.35,22870.05,150,22876.85,225,150,700050
NIFTY-III.NFO,27/02/2025,09:36:46,22874.35,22870.05,150,22877.05,600,150,700050
NIFTY-III.NFO,27/02/2025,09:36:47,22871,22870.05,150,22877.45,150,75,700050
NIFTY-III.NFO,27/02/2025,09:36:49,22871,22870.05,150,22877.25,225,0,700050
NIFTY-III.NFO,27/02/2025,09:36:51,22871,22870.05,150,22875.85,75,0,700050
NIFTY-III.NFO,27/02/2025,09:36:52,22871,22870.05,150,22876.35,75,0,700050
NIFTY-III.NFO,27/02/2025,09:36:54,22876.35,22870.05,75,22876.25,75,75,700050
NIFTY-III.NFO,27/02/2025,09:36:55,22876.35,22870.05,75,22876,75,0,700050
NIFTY-III.NFO,27/02/2025,09:36:57,22876.35,22870.05,75,22875.9,75,300,700050
NIFTY-III.NFO,27/02/2025,09:36:59,22870,22870,1050,22875.8,225,75,700050
NIFTY-III.NFO,27/02/2025,09:37:00,22870,22870,1050,22874.95,150,0,700050
NIFTY-III.NFO,27/02/2025,09:37:02,22870,22870,975,22875.15,150,75,700050
NIFTY-III.NFO,27/02/2025,09:37:04,22870,22870,975,22874.5,225,0,700050
NIFTY-III.NFO,27/02/2025,09:37:05,22870,22870,900,22872.45,150,75,700050
NIFTY-III.NFO,27/02/2025,09:37:07,22870,22870,900,22873,150,0,700050
NIFTY-III.NFO,27/02/2025,09:37:09,22870,22870,900,22872.75,225,0,700050
NIFTY-III.NFO,27/02/2025,09:37:10,22870,22870,825,22872.55,150,75,700050
NIFTY-III.NFO,27/02/2025,09:37:12,22870,22870,825,22873.75,150,0,700050
NIFTY-III.NFO,27/02/2025,09:37:14,22870,22870,825,22872.3,150,0,700050
NIFTY-III.NFO,27/02/2025,09:37:15,22870,22870,750,22872.15,150,75,700050
NIFTY-III.NFO,27/02/2025,09:37:17,22870,22870,750,22872.15,150,0,700050
NIFTY-III.NFO,27/02/2025,09:37:18,22870,22870,975,22872.15,150,0,700050
NIFTY-III.NFO,27/02/2025,09:37:22,22870,22870,900,22872.15,150,75,700050
NIFTY-III.NFO,27/02/2025,09:37:23,22870,22870,900,22871.5,150,0,700050
NIFTY-III.NFO,27/02/2025,09:37:25,22870,22870,900,22870.45,375,0,700050
NIFTY-III.NFO,27/02/2025,09:37:27,22870,22870,300,22871.6,150,600,700050
NIFTY-III.NFO,27/02/2025,09:37:28,22870,22869,75,22869.7,375,300,700050
NIFTY-III.NFO,27/02/2025,09:37:30,22869,22868,75,22871.2,375,75,700050
NIFTY-III.NFO,27/02/2025,09:37:31,22869,22868,75,22869.5,375,0,700050
NIFTY-III.NFO,27/02/2025,09:37:33,22869,22869,75,22870.05,375,0,700050
NIFTY-III.NFO,27/02/2025,09:37:35,22869,22869,75,22869.5,375,0,700050
NIFTY-III.NFO,27/02/2025,09:37:36,22869.7,22869,75,22869.8,225,150,700050
NIFTY-III.NFO,27/02/2025,09:37:38,22869.7,22869,75,22869.7,225,0,700050
NIFTY-III.NFO,27/02/2025,09:37:40,22869.7,22869,75,22869.2,225,0,700050
NIFTY-III.NFO,27/02/2025,09:37:41,22865.05,22865,375,22868.7,225,300,700050
NIFTY-III.NFO,27/02/2025,09:37:43,22865.05,22865,375,22869.7,225,0,700050
NIFTY-III.NFO,27/02/2025,09:37:44,22865.05,22865,375,22868.8,75,0,700050
NIFTY-III.NFO,27/02/2025,09:37:46,22865.05,22865,375,22868.85,150,0,700050
NIFTY-III.NFO,27/02/2025,09:37:48,22865.05,22865,375,22868.65,225,0,700050
NIFTY-III.NFO,27/02/2025,09:37:49,22865,22865,300,22868.95,75,75,700050
NIFTY-III.NFO,27/02/2025,09:37:51,22865,22865,300,22865.05,75,0,700050
NIFTY-III.NFO,27/02/2025,09:37:52,22865.05,22865,300,22868.3,75,75,700050
NIFTY-III.NFO,27/02/2025,09:37:54,22865.05,22865,300,22867.55,75,0,700050
NIFTY-III.NFO,27/02/2025,09:37:56,22865.05,22865,300,22867.65,75,0,700050
NIFTY-III.NFO,27/02/2025,09:37:57,22865.05,22865,300,22866.35,75,0,700050
NIFTY-III.NFO,27/02/2025,09:37:59,22865,22860,375,22864.55,225,300,700050
NIFTY-III.NFO,27/02/2025,09:38:01,22865,22860,375,22863.8,150,0,700050
NIFTY-III.NFO,27/02/2025,09:38:02,22860,22860,75,22861.35,375,300,700050
NIFTY-III.NFO,27/02/2025,09:38:04,22860,22857,75,22860.65,150,75,700050
NIFTY-III.NFO,27/02/2025,09:38:06,22860,22857,75,22860.05,150,0,700050
NIFTY-III.NFO,27/02/2025,09:38:07,22860,22857,75,22860.95,75,0,700050
NIFTY-III.NFO,27/02/2025,09:38:09,22860,22857.05,150,22861.95,75,75,700050
NIFTY-III.NFO,27/02/2025,09:38:11,22860,22857,75,22860,75,0,700050
NIFTY-III.NFO,27/02/2025,09:38:12,22860,22857,75,22859.95,75,0,700050
NIFTY-III.NFO,27/02/2025,09:38:14,22857,22856,75,22859.55,75,75,700050
NIFTY-III.NFO,27/02/2025,09:38:16,22857,22856,75,22859.55,75,0,700050
NIFTY-III.NFO,27/02/2025,09:38:17,22856,22852.7,150,22860,150,75,700050
NIFTY-III.NFO,27/02/2025,09:38:19,22856,22852.15,225,22857,75,0,700050
NIFTY-III.NFO,27/02/2025,09:38:21,22859.2,22852.05,225,22859.15,75,675,700050
NIFTY-III.NFO,27/02/2025,09:38:22,22859.2,22852.05,225,22859.15,75,0,700050
NIFTY-III.NFO,27/02/2025,09:38:24,22859.2,22852.05,225,22858.7,75,0,700050
NIFTY-III.NFO,27/02/2025,09:38:26,22859.9,22857,75,22858.2,75,75,700050
NIFTY-III.NFO,27/02/2025,09:38:27,22859.9,22857,75,22857.8,75,0,700050
NIFTY-III.NFO,27/02/2025,09:38:29,22857,22852,300,22855.5,150,300,700050
NIFTY-III.NFO,27/02/2025,09:38:31,22857,22855,1125,22855.4,75,0,700050
NIFTY-III.NFO,27/02/2025,09:38:32,22855,22852,300,22856.55,75,1125,700050
NIFTY-III.NFO,27/02/2025,09:38:34,22852,22852,225,22855.15,75,75,700050
NIFTY-III.NFO,27/02/2025,09:38:36,22852,22851,150,22854.1,75,225,700050
NIFTY-III.NFO,27/02/2025,09:38:37,22852,22852,75,22855,75,0,700050
NIFTY-III.NFO,27/02/2025,09:38:41,22852,22852,75,22853,75,0,700050
NIFTY-III.NFO,27/02/2025,09:38:42,22851,22851,75,22852,75,150,700050
NIFTY-III.NFO,27/02/2025,09:38:44,22850,22850,1350,22852,150,300,700050
NIFTY-III.NFO,27/02/2025,09:38:46,22852.5,22850,1350,22852.85,75,600,700050
NIFTY-III.NFO,27/02/2025,09:38:47,22852.5,22850,1350,22852.85,75,0,700050
NIFTY-III.NFO,27/02/2025,09:38:49,22852.5,22850,1350,22851.7,75,0,700050
NIFTY-III.NFO,27/02/2025,09:38:51,22852.5,22850,1350,22852,75,0,700050
NIFTY-III.NFO,27/02/2025,09:38:54,22852.5,22850,1350,22851.85,75,0,700050
NIFTY-III.NFO,27/02/2025,09:38:57,22850,22850,1275,22851.65,150,75,700050
NIFTY-III.NFO,27/02/2025,09:38:59,22850,22850,1275,22851.4,150,0,700050
NIFTY-III.NFO,27/02/2025,09:39:01,22850,22850,1200,22850.6,150,75,700050
NIFTY-III.NFO,27/02/2025,09:39:02,22845,22845,75,22847.7,150,1275,700050
NIFTY-III.NFO,27/02/2025,09:39:02,22845,22845,75,22847.7,150,0,700050
NIFTY-III.NFO,27/02/2025,09:39:04,22845,22845,75,22848.35,150,0,700050
NIFTY-III.NFO,27/02/2025,09:39:06,22845,22845,75,22847.45,150,0,700050
NIFTY-III.NFO,27/02/2025,09:39:07,22845,22845,75,22847.75,75,0,700050
NIFTY-III.NFO,27/02/2025,09:39:09,22845,22844,675,22848.4,750,75,700050
NIFTY-III.NFO,27/02/2025,09:39:11,22845,22844,675,22847.45,75,0,700050
NIFTY-III.NFO,27/02/2025,09:39:12,22845,22844.05,150,22847.15,75,0,700050
NIFTY-III.NFO,27/02/2025,09:39:14,22844.05,22844.05,150,22844.1,75,75,700050
NIFTY-III.NFO,27/02/2025,09:39:14,22844.05,22844.05,150,22844.1,75,0,700050
NIFTY-III.NFO,27/02/2025,09:39:16,22844.05,22844.05,150,22844.1,75,0,700050
NIFTY-III.NFO,27/02/2025,09:39:18,22844.05,22844,675,22844.1,75,0,700050
NIFTY-III.NFO,27/02/2025,09:39:21,22845,22844,675,22844.1,75,375,700050
NIFTY-III.NFO,27/02/2025,09:39:23,22846.75,22844,675,22846.85,75,375,700050
NIFTY-III.NFO,27/02/2025,09:39:24,22844,22844,600,22847,75,150,700050
NIFTY-III.NFO,27/02/2025,09:39:24,22844,22844,600,22847,75,0,700050
NIFTY-III.NFO,27/02/2025,09:39:26,22844,22844.05,150,22845,75,0,700050
NIFTY-III.NFO,27/02/2025,09:39:28,22844,22844,150,22845,75,450,700050
NIFTY-III.NFO,27/02/2025,09:39:29,22844,22844,150,22845,75,525,700050
NIFTY-III.NFO,27/02/2025,09:39:31,22844.05,22844.05,150,22847.7,75,150,700050
NIFTY-III.NFO,27/02/2025,09:39:33,22844.05,22844,150,22847.4,375,150,700050
NIFTY-III.NFO,27/02/2025,09:39:34,22844,22844.05,75,22849.45,375,75,700050
NIFTY-III.NFO,27/02/2025,09:39:36,22844,22844.05,75,22848.45,225,0,700050
NIFTY-III.NFO,27/02/2025,09:39:38,22845,22844.1,75,22848.15,75,75,700050
NIFTY-III.NFO,27/02/2025,09:39:39,22845,22844.25,150,22848.4,375,150,700050
NIFTY-III.NFO,27/02/2025,09:39:41,22845,22845.2,75,22848.65,75,0,700050
NIFTY-III.NFO,27/02/2025,09:39:43,22848.65,22844.55,75,22848.35,75,75,700050
NIFTY-III.NFO,27/02/2025,09:39:44,22844,22845.45,75,22847.5,75,150,706275
NIFTY-III.NFO,27/02/2025,09:39:46,22844,22846.9,75,22849.85,225,0,706275
NIFTY-III.NFO,27/02/2025,09:39:48,22844,22844.95,75,22848.15,75,0,706275
NIFTY-III.NFO,27/02/2025,09:39:49,22844,22844.3,75,22847.8,375,0,706275
NIFTY-III.NFO,27/02/2025,09:39:51,22844,22844,150,22847.75,375,0,706275
NIFTY-III.NFO,27/02/2025,09:39:53,22844,22844,150,22847.35,75,0,706275
NIFTY-III.NFO,27/02/2025,09:39:54,22844,22844,150,22846.9,300,0,706275
NIFTY-III.NFO,27/02/2025,09:39:56,22844,22844.3,75,22847.8,75,0,706275
NIFTY-III.NFO,27/02/2025,09:39:58,22844,22844,375,22846.15,75,0,706275
NIFTY-III.NFO,27/02/2025,09:39:59,22844,22844,75,22847,375,300,706275
NIFTY-III.NFO,27/02/2025,09:40:01,22844,22845,75,22846.9,225,0,706275
NIFTY-III.NFO,27/02/2025,09:40:03,22844,22845,75,22846.9,225,300,706275
NIFTY-III.NFO,27/02/2025,09:40:04,22844,22845,75,22846.7,75,0,706275
NIFTY-III.NFO,27/02/2025,09:40:06,22844,22845,75,22846.3,75,0,706275
NIFTY-III.NFO,27/02/2025,09:40:08,22843.35,22843.05,75,22847,375,450,706275
NIFTY-III.NFO,27/02/2025,09:40:08,22843.35,22843.05,75,22847,375,0,706275
NIFTY-III.NFO,27/02/2025,09:40:09,22843.25,22843.2,75,22847.4,75,75,706275
NIFTY-III.NFO,27/02/2025,09:40:09,22843.25,22843.2,75,22847.4,75,0,706275
NIFTY-III.NFO,27/02/2025,09:40:11,22846.7,22844.5,225,22847.4,75,150,706275
NIFTY-III.NFO,27/02/2025,09:40:13,22847.4,22844.5,75,22847.85,375,75,706275
NIFTY-III.NFO,27/02/2025,09:40:14,22845.05,22844.7,150,22848.35,75,300,706275
NIFTY-III.NFO,27/02/2025,09:40:16,22848.2,22846.15,75,22850,75,75,706275
NIFTY-III.NFO,27/02/2025,09:40:18,22850.5,22846.35,75,22849.9,75,300,706275
NIFTY-III.NFO,27/02/2025,09:40:19,22849.1,22845.05,75,22849.8,75,75,706275
NIFTY-III.NFO,27/02/2025,09:40:21,22849.1,22845.3,75,22848.75,75,0,706275
NIFTY-III.NFO,27/02/2025,09:40:23,22849.75,22845.05,75,22849.55,75,150,706275
NIFTY-III.NFO,27/02/2025,09:40:24,22849.55,22845,150,22849,75,75,706275
NIFTY-III.NFO,27/02/2025,09:40:26,22850.4,22845.05,75,22850.55,300,525,706275
NIFTY-III.NFO,27/02/2025,09:40:28,22849.7,22845,150,22848.9,450,225,706275
NIFTY-III.NFO,27/02/2025,09:40:29,22849.7,22845,150,22849.5,225,0,706275
NIFTY-III.NFO,27/02/2025,09:40:31,22849.7,22845.2,75,22850.15,225,0,706275
NIFTY-III.NFO,27/02/2025,09:40:33,22849.7,22845.8,150,22849.55,75,0,706275
NIFTY-III.NFO,27/02/2025,09:40:34,22849.45,22845.15,75,22850.4,75,75,706275
NIFTY-III.NFO,27/02/2025,09:40:36,22850.2,22846,75,22850.9,75,150,706275
NIFTY-III.NFO,27/02/2025,09:40:38,22850.2,22845.9,150,22850.75,225,0,706275
NIFTY-III.NFO,27/02/2025,09:40:39,22850.75,22845.9,150,22849.6,75,75,706275
NIFTY-III.NFO,27/02/2025,09:40:41,22849.6,22845.9,150,22850.05,75,75,706275
NIFTY-III.NFO,27/02/2025,09:40:43,22849.6,22845.95,150,22850.9,75,0,706275
NIFTY-III.NFO,27/02/2025,09:40:44,22849.6,22849.7,75,22851,75,0,706275
NIFTY-III.NFO,27/02/2025,09:40:46,22851,22849.7,75,22851.65,75,75,706275
NIFTY-III.NFO,27/02/2025,09:40:47,22851,22849.7,75,22852,2325,0,706275
NIFTY-III.NFO,27/02/2025,09:40:49,22851,22849.7,75,22851.3,75,0,706275
NIFTY-III.NFO,27/02/2025,09:40:54,22851,22849.7,75,22852,2325,0,706275
NIFTY-III.NFO,27/02/2025,09:40:56,22852,22849.7,75,22852,2100,600,706275
NIFTY-III.NFO,27/02/2025,09:40:57,22852,22849.7,150,22852,2100,0,706275
NIFTY-III.NFO,27/02/2025,09:40:59,22852,22849.7,150,22851.6,75,750,706275
NIFTY-III.NFO,27/02/2025,09:41:01,22852,22849.95,225,22852,1050,300,706275
NIFTY-III.NFO,27/02/2025,09:41:02,22852,22850.65,75,22852,1050,0,706275
NIFTY-III.NFO,27/02/2025,09:41:04,22852,22849.7,150,22852,1050,300,706275
NIFTY-III.NFO,27/02/2025,09:41:06,22852,22849.7,150,22852,1950,900,706275
NIFTY-III.NFO,27/02/2025,09:41:07,22852,22849.7,75,22852,1950,0,706275
NIFTY-III.NFO,27/02/2025,09:41:10,22852,22847.05,225,22852,1875,150,706275
NIFTY-III.NFO,27/02/2025,09:41:12,22852,22847.45,75,22852,1725,150,706275
NIFTY-III.NFO,27/02/2025,09:41:14,22852,22846.85,150,22852,1725,0,706275
NIFTY-III.NFO,27/02/2025,09:41:15,22852,22847.5,150,22852,975,750,706275
NIFTY-III.NFO,27/02/2025,09:41:17,22852,22846.9,150,22852,975,0,706275
NIFTY-III.NFO,27/02/2025,09:41:18,22852,22846.7,150,22852,975,0,706275
NIFTY-III.NFO,27/02/2025,09:41:20,22852,22846.75,75,22852,975,300,706275
NIFTY-III.NFO,27/02/2025,09:41:22,22852,22846.7,75,22852,975,0,706275
NIFTY-III.NFO,27/02/2025,09:41:25,22852,22846.25,150,22852,975,0,706275
NIFTY-III.NFO,27/02/2025,09:41:27,22852,22845.6,150,22852,975,0,706275
NIFTY-III.NFO,27/02/2025,09:41:28,22852,22845.65,150,22851.6,75,0,706275
NIFTY-III.NFO,27/02/2025,09:41:30,22852,22845.6,75,22851.7,225,0,706275
NIFTY-III.NFO,27/02/2025,09:41:31,22852,22845,225,22851,225,0,706275
NIFTY-III.NFO,27/02/2025,09:41:33,22852,22847.5,150,22851,225,0,706275
NIFTY-III.NFO,27/02/2025,09:41:35,22852,22845,150,22850.75,75,0,706275
NIFTY-III.NFO,27/02/2025,09:41:36,22852,22845,150,22850.45,450,0,706275
NIFTY-III.NFO,27/02/2025,09:41:38,22852,22845.15,150,22851.05,450,0,706275
NIFTY-III.NFO,27/02/2025,09:41:40,22852,22845.8,75,22851.65,450,0,706275
NIFTY-III.NFO,27/02/2025,09:41:41,22852,22846.45,150,22852,1050,0,706275
NIFTY-III.NFO,27/02/2025,09:41:43,22852,22845.7,150,22851.85,75,0,706275
NIFTY-III.NFO,27/02/2025,09:41:45,22845.7,22845,150,22850,975,75,706275
NIFTY-III.NFO,27/02/2025,09:41:46,22850,22845,150,22850,900,75,706275
NIFTY-III.NFO,27/02/2025,09:41:48,22850,22845,150,22850,900,0,706275
NIFTY-III.NFO,27/02/2025,09:41:50,22850,22845,150,22850,825,75,706275
NIFTY-III.NFO,27/02/2025,09:41:51,22850,22845,150,22850,525,300,706275
NIFTY-III.NFO,27/02/2025,09:41:53,22850,22845,150,22850,525,0,706275
NIFTY-III.NFO,27/02/2025,09:41:54,22850,22845,150,22850,600,0,706275
NIFTY-III.NFO,27/02/2025,09:41:56,22850,22845,150,22850,375,225,706275
NIFTY-III.NFO,27/02/2025,09:41:58,22850,22845,150,22850,450,0,706275
NIFTY-III.NFO,27/02/2025,09:42:01,22850,22846.05,150,22850,450,0,706275
NIFTY-III.NFO,27/02/2025,09:42:03,22850,22845,150,22850,525,0,706275
NIFTY-III.NFO,27/02/2025,09:42:14,22850,22845,150,22849.7,75,0,706275
NIFTY-III.NFO,27/02/2025,09:42:16,22850,22845,150,22850,600,0,706275
NIFTY-III.NFO,27/02/2025,09:42:17,22850,22845,150,22849.3,225,0,706275
NIFTY-III.NFO,27/02/2025,09:42:21,22850,22845,150,22849.5,75,0,706275
NIFTY-III.NFO,27/02/2025,09:42:24,22850,22845,150,22849.45,75,0,706275
NIFTY-III.NFO,27/02/2025,09:42:25,22850,22847.65,150,22850,600,0,706275
NIFTY-III.NFO,27/02/2025,09:42:27,22850,22845.2,75,22849.5,75,0,706275
NIFTY-III.NFO,27/02/2025,09:42:29,22850,22845,150,22849.95,75,0,706275
NIFTY-III.NFO,27/02/2025,09:42:30,22850,22845,150,22849.65,75,0,706275
NIFTY-III.NFO,27/02/2025,09:42:32,22850,22847.65,150,22849.65,75,0,706275
NIFTY-III.NFO,27/02/2025,09:42:34,22850,22847.65,150,22849.95,75,0,706275
NIFTY-III.NFO,27/02/2025,09:42:35,22850,22845,225,22850,525,75,706275
NIFTY-III.NFO,27/02/2025,09:42:37,22850,22845,75,22850,525,0,706275
NIFTY-III.NFO,27/02/2025,09:42:39,22850,22845,75,22849.7,75,0,706275
NIFTY-III.NFO,27/02/2025,09:42:40,22850,22848.45,150,22850,525,0,706275
NIFTY-III.NFO,27/02/2025,09:42:42,22850,22845.05,225,22850,525,0,706275
NIFTY-III.NFO,27/02/2025,09:42:44,22850,22845.05,225,22849.9,75,0,706275
NIFTY-III.NFO,27/02/2025,09:42:45,22850,22845,150,22850,525,0,706275
NIFTY-III.NFO,27/02/2025,09:42:47,22848,22845,75,22848,150,450,708525
NIFTY-III.NFO,27/02/2025,09:42:48,22848,22845,75,22849.7,75,150,708525
NIFTY-III.NFO,27/02/2025,09:42:50,22848,22845,75,22850,375,0,708525
NIFTY-III.NFO,27/02/2025,09:42:52,22848,22845,75,22849.6,75,0,708525
NIFTY-III.NFO,27/02/2025,09:42:53,22849.6,22849.7,225,22850,375,75,708525
NIFTY-III.NFO,27/02/2025,09:42:55,22849.7,22845,75,22849.9,75,225,708525
NIFTY-III.NFO,27/02/2025,09:42:57,22849.7,22845,75,22849.9,75,0,708525
NIFTY-III.NFO,27/02/2025,09:42:58,22850,22845,75,22850,300,75,708525
NIFTY-III.NFO,27/02/2025,09:43:00,22850,22846.6,150,22850,300,0,708525
NIFTY-III.NFO,27/02/2025,09:43:03,22850,22847.25,150,22850,375,300,708525
NIFTY-III.NFO,27/02/2025,09:43:05,22850,22847.25,150,22850.15,75,0,708525
NIFTY-III.NFO,27/02/2025,09:43:08,22850,22850,150,22850.15,75,75,708525
NIFTY-III.NFO,27/02/2025,09:43:10,22850,22850,375,22850.1,375,0,708525
NIFTY-III.NFO,27/02/2025,09:43:11,22850,22850,375,22850.15,75,0,708525
NIFTY-III.NFO,27/02/2025,09:43:13,22850.15,22850.15,1125,22850.5,75,75,708525
NIFTY-III.NFO,27/02/2025,09:43:15,22850.15,22850.15,1125,22850.5,75,0,708525
NIFTY-III.NFO,27/02/2025,09:43:16,22850.15,22850.15,1050,22851.35,75,75,708525
NIFTY-III.NFO,27/02/2025,09:43:18,22850.15,22850.15,1050,22851.35,75,0,708525
NIFTY-III.NFO,27/02/2025,09:43:21,22850.15,22850.15,1050,22850.5,75,0,708525
NIFTY-III.NFO,27/02/2025,09:43:23,22850.3,22850.15,975,22850.35,75,225,708525
NIFTY-III.NFO,27/02/2025,09:43:24,22850.45,22850.15,975,22850.45,75,225,708525
NIFTY-III.NFO,27/02/2025,09:43:26,22850.45,22850.15,975,22850.3,450,0,708525
NIFTY-III.NFO,27/02/2025,09:43:28,22850.15,22850.15,900,22850.45,75,75,708525
NIFTY-III.NFO,27/02/2025,09:43:29,22850.15,22850.15,825,22850.45,75,75,708525
NIFTY-III.NFO,27/02/2025,09:43:31,22850.15,22850.15,825,22850.2,75,0,708525
NIFTY-III.NFO,27/02/2025,09:43:32,22850.15,22850.15,825,22850.45,75,0,708525
NIFTY-III.NFO,27/02/2025,09:43:34,22850.15,22850.15,825,22850.5,75,0,708525
NIFTY-III.NFO,27/02/2025,09:43:36,22850.15,22850.15,825,22850.3,75,0,708525
NIFTY-III.NFO,27/02/2025,09:43:37,22850.15,22850.15,750,22850.5,75,75,708525
NIFTY-III.NFO,27/02/2025,09:43:39,22850.15,22850.45,150,22850.5,75,0,708525
NIFTY-III.NFO,27/02/2025,09:43:41,22850.45,22850.45,150,22850.5,75,150,708525
NIFTY-III.NFO,27/02/2025,09:43:42,22850.45,22850.45,150,22850.5,75,0,708525
NIFTY-III.NFO,27/02/2025,09:43:54,22850.45,22850.45,75,22850.5,75,75,708525
NIFTY-III.NFO,27/02/2025,09:43:55,22850.5,22850.45,75,22851.8,75,75,708525
NIFTY-III.NFO,27/02/2025,09:43:57,22850.5,22850.45,75,22851.8,75,0,708525
NIFTY-III.NFO,27/02/2025,09:43:59,22850.45,22850.15,750,22851.8,75,75,708525
NIFTY-III.NFO,27/02/2025,09:44:00,22850.45,22850.15,750,22851.4,75,0,708525
NIFTY-III.NFO,27/02/2025,09:44:02,22850.45,22850.15,750,22851.35,75,0,708525
NIFTY-III.NFO,27/02/2025,09:44:04,22850.45,22850.15,750,22853.05,450,0,708525
NIFTY-III.NFO,27/02/2025,09:44:05,22853.05,22850.15,750,22852.75,225,75,708525
NIFTY-III.NFO,27/02/2025,09:44:07,22853.05,22850.15,750,22852.7,75,0,708525
NIFTY-III.NFO,27/02/2025,09:44:08,22853.05,22850.15,750,22852.4,75,0,708525
NIFTY-III.NFO,27/02/2025,09:44:10,22853.05,22850.2,150,22854.05,225,0,708525
NIFTY-III.NFO,27/02/2025,09:44:13,22850.15,22850.2,150,22854.05,225,75,708525
NIFTY-III.NFO,27/02/2025,09:44:15,22850.15,22850.2,150,22854.65,150,0,708525
NIFTY-III.NFO,27/02/2025,09:44:17,22850.15,22851.85,150,22855.55,525,0,708525
NIFTY-III.NFO,27/02/2025,09:44:18,22850.15,22851.9,150,22855.65,150,0,708525
NIFTY-III.NFO,27/02/2025,09:44:20,22850.15,22854.25,150,22856.5,150,0,708525
NIFTY-III.NFO,27/02/2025,09:44:22,22850.15,22854.25,150,22855.5,75,0,708525
NIFTY-III.NFO,27/02/2025,09:44:23,22855,22854.25,150,22856.5,150,75,708525
NIFTY-III.NFO,27/02/2025,09:44:25,22855,22855,900,22858.3,75,0,708525
NIFTY-III.NFO,27/02/2025,09:44:27,22855,22855,900,22858.25,450,0,708525
NIFTY-III.NFO,27/02/2025,09:44:28,22859.1,22855,900,22857.3,75,1050,708525
NIFTY-III.NFO,27/02/2025,09:44:30,22859.1,22855,900,22857.6,375,0,708525
NIFTY-III.NFO,27/02/2025,09:44:31,22859.1,22855,900,22857.55,75,0,708525
NIFTY-III.NFO,27/02/2025,09:44:33,22859.1,22855,900,22857.2,300,0,708525
NIFTY-III.NFO,27/02/2025,09:44:36,22857.2,22855,900,22856.75,75,225,708525
NIFTY-III.NFO,27/02/2025,09:44:38,22856.75,22855,900,22856.85,75,75,708525
NIFTY-III.NFO,27/02/2025,09:44:40,22857.7,22850.65,225,22857.35,150,1575,708525
NIFTY-III.NFO,27/02/2025,09:44:41,22857.7,22851.3,75,22856.35,75,0,708525
NIFTY-III.NFO,27/02/2025,09:44:43,22857.7,22850.5,225,22856.55,150,0,708525
NIFTY-III.NFO,27/02/2025,09:44:45,22857.7,22850.65,225,22856.55,150,0,708525
NIFTY-III.NFO,27/02/2025,09:44:48,22857.7,22850.4,225,22856.35,75,0,708525
NIFTY-III.NFO,27/02/2025,09:44:49,22854.95,22850.35,150,22854.45,150,75,708525
NIFTY-III.NFO,27/02/2025,09:44:51,22855.05,22850.35,150,22854.9,75,75,708525
NIFTY-III.NFO,27/02/2025,09:44:53,22855.05,22850.35,150,22854.4,150,0,708525
NIFTY-III.NFO,27/02/2025,09:44:54,22855.05,22850.35,150,22855.1,375,0,708525
NIFTY-III.NFO,27/02/2025,09:44:56,22850.2,22850.4,75,22855.9,75,225,708525
NIFTY-III.NFO,27/02/2025,09:44:58,22855.85,22850.4,75,22855.15,150,150,708525
NIFTY-III.NFO,27/02/2025,09:44:59,22855.85,22850.25,150,22855.15,150,0,708525
NIFTY-III.NFO,27/02/2025,09:45:01,22855.85,22850.25,150,22854.35,150,0,708525
NIFTY-III.NFO,27/02/2025,09:45:04,22855.85,22850.25,825,22854.35,150,0,708525
NIFTY-III.NFO,27/02/2025,09:45:06,22855.85,22850.35,150,22854.35,150,0,708525
NIFTY-III.NFO,27/02/2025,09:45:09,22855.85,22850.35,150,22853.55,150,0,708525
NIFTY-III.NFO,27/02/2025,09:45:10,22855.85,22851,75,22853.55,150,0,708525
NIFTY-III.NFO,27/02/2025,09:45:14,22855.85,22851,75,22852.75,150,0,708525
NIFTY-III.NFO,27/02/2025,09:45:15,22855.85,22851,75,22851.95,150,0,708525
NIFTY-III.NFO,27/02/2025,09:45:17,22855.85,22851,75,22851.15,150,0,708525
NIFTY-III.NFO,27/02/2025,09:45:19,22851,22850.25,675,22851.1,75,75,708525
NIFTY-III.NFO,27/02/2025,09:45:20,22851,22850.25,675,22852.8,150,0,708525
NIFTY-III.NFO,27/02/2025,09:45:22,22854.1,22850.25,675,22852.55,75,450,708525
NIFTY-III.NFO,27/02/2025,09:45:24,22850.25,22850.25,600,22852.35,75,75,708525
NIFTY-III.NFO,27/02/2025,09:45:25,22850.25,22851,75,22852.35,75,0,708525
NIFTY-III.NFO,27/02/2025,09:45:27,22853.95,22851,75,22854.2,75,75,708525
NIFTY-III.NFO,27/02/2025,09:45:28,22853.95,22851,75,22853.35,75,0,708525
NIFTY-III.NFO,27/02/2025,09:45:32,22851,22850.25,600,22852.9,75,75,708525
NIFTY-III.NFO,27/02/2025,09:45:33,22850.25,22850.25,525,22852.85,75,75,708525
NIFTY-III.NFO,27/02/2025,09:45:35,22850.25,22850.25,150,22852.4,225,525,708525
NIFTY-III.NFO,27/02/2025,09:45:37,22850.25,22850.25,75,22851.7,75,75,708525
NIFTY-III.NFO,27/02/2025,09:45:38,22850.15,22845.3,150,22850.6,75,150,708525
NIFTY-III.NFO,27/02/2025,09:45:40,22850.15,22845.1,150,22850.6,75,0,708525
NIFTY-III.NFO,27/02/2025,09:45:42,22851.55,22845.3,225,22851,150,150,708525
NIFTY-III.NFO,27/02/2025,09:45:43,22851.55,22845.3,150,22850,750,0,708525
NIFTY-III.NFO,27/02/2025,09:45:45,22850,22845.25,150,22850,600,150,708900
NIFTY-III.NFO,27/02/2025,09:45:46,22850,22845.25,150,22850,600,0,708900
NIFTY-III.NFO,27/02/2025,09:45:48,22850,22845,150,22849.35,150,0,708900
NIFTY-III.NFO,27/02/2025,09:45:53,22850,22845,150,22849.35,150,75,708900
NIFTY-III.NFO,27/02/2025,09:45:55,22850,22846,75,22849.35,150,0,708900
NIFTY-III.NFO,27/02/2025,09:45:56,22849.35,22846,75,22849.15,150,75,708900
NIFTY-III.NFO,27/02/2025,09:45:58,22849.35,22846,75,22849.15,150,0,708900
NIFTY-III.NFO,27/02/2025,09:46:01,22849.15,22846,150,22849.9,75,150,708900
NIFTY-III.NFO,27/02/2025,09:46:03,22849.15,22848,150,22850,675,0,708900
NIFTY-III.NFO,27/02/2025,09:46:05,22850,22848,150,22850,450,225,708900
NIFTY-III.NFO,27/02/2025,09:46:06,22850,22848.75,150,22850,450,0,708900
NIFTY-III.NFO,27/02/2025,09:46:08,22847.55,22848.35,150,22850,450,300,708900
NIFTY-III.NFO,27/02/2025,09:46:10,22847.55,22849.25,75,22850,450,0,708900
NIFTY-III.NFO,27/02/2025,09:46:11,22847.55,22849,75,22850,450,0,708900
NIFTY-III.NFO,27/02/2025,09:46:13,22854.2,22849.05,225,22854.75,150,525,708900
NIFTY-III.NFO,27/02/2025,09:46:15,22854.2,22849.25,225,22854.75,150,0,708900
NIFTY-III.NFO,27/02/2025,09:46:16,22854.2,22849.25,225,22855.2,75,0,708900
NIFTY-III.NFO,27/02/2025,09:46:18,22854.2,22849.35,225,22854.75,150,0,708900
NIFTY-III.NFO,27/02/2025,09:46:20,22854.2,22850,75,22854.75,150,0,708900
NIFTY-III.NFO,27/02/2025,09:46:21,22854.2,22850.05,75,22854.75,150,0,708900
NIFTY-III.NFO,27/02/2025,09:46:23,22854.2,22854.2,300,22856.35,150,0,708900
NIFTY-III.NFO,27/02/2025,09:46:26,22854.2,22854.2,300,22857.05,150,0,708900
NIFTY-III.NFO,27/02/2025,09:46:28,22854.2,22854.25,75,22857.75,75,0,708900
NIFTY-III.NFO,27/02/2025,09:46:30,22854.2,22854.25,75,22857.35,150,0,708900
NIFTY-III.NFO,27/02/2025,09:46:31,22854.2,22854.2,300,22857.35,150,0,708900
NIFTY-III.NFO,27/02/2025,09:46:33,22854.2,22854.2,300,22857.75,75,0,708900
NIFTY-III.NFO,27/02/2025,09:46:38,22854.2,22854.2,900,22857.75,75,0,708900
NIFTY-III.NFO,27/02/2025,09:46:40,22854.2,22854.25,150,22858.8,150,0,708900
NIFTY-III.NFO,27/02/2025,09:46:41,22854.2,22855.25,75,22858.9,75,0,708900
NIFTY-III.NFO,27/02/2025,09:46:43,22854.2,22855.8,225,22858.9,75,0,708900
NIFTY-III.NFO,27/02/2025,09:46:45,22858.9,22858.25,150,22860,225,75,708900
NIFTY-III.NFO,27/02/2025,09:46:46,22857.8,22858.2,150,22860,225,300,708900
NIFTY-III.NFO,27/02/2025,09:46:48,22860,22857.55,150,22860,150,75,708900
NIFTY-III.NFO,27/02/2025,09:46:50,22860,22856.2,150,22860,150,0,708900
NIFTY-III.NFO,27/02/2025,09:46:51,22860,22857.05,150,22860,150,0,708900
NIFTY-III.NFO,27/02/2025,09:46:53,22860,22856.95,75,22860,150,0,708900
NIFTY-III.NFO,27/02/2025,09:46:55,22860,22855.2,150,22860,150,0,708900
NIFTY-III.NFO,27/02/2025,09:46:56,22860,22855.05,150,22860,75,75,708900
NIFTY-III.NFO,27/02/2025,09:46:58,22860,22855.05,150,22860,75,0,708900
NIFTY-III.NFO,27/02/2025,09:46:59,22861.3,22855,600,22861,300,225,708900
NIFTY-III.NFO,27/02/2025,09:47:01,22861.3,22860,225,22862.7,150,0,708900
NIFTY-III.NFO,27/02/2025,09:47:04,22861.3,22860,225,22861.8,150,300,708900
NIFTY-III.NFO,27/02/2025,09:47:06,22861.3,22860,900,22861.6,150,0,708900
NIFTY-III.NFO,27/02/2025,09:47:08,22861.3,22860,900,22861.8,150,0,708900
NIFTY-III.NFO,27/02/2025,09:47:09,22861.3,22860,900,22861.85,150,0,708900
NIFTY-III.NFO,27/02/2025,09:47:11,22861.3,22860,900,22861.05,150,0,708900
NIFTY-III.NFO,27/02/2025,09:47:13,22860,22860,600,22860.25,150,300,708900
NIFTY-III.NFO,27/02/2025,09:47:14,22860,22860,600,22860.2,150,0,708900
NIFTY-III.NFO,27/02/2025,09:47:16,22860,22855.3,150,22858.2,150,600,708900
NIFTY-III.NFO,27/02/2025,09:47:17,22860,22855.3,150,22858.85,150,0,708900
NIFTY-III.NFO,27/02/2025,09:47:19,22859.35,22855.3,150,22858.85,75,375,708900
NIFTY-III.NFO,27/02/2025,09:47:21,22859.35,22855.3,150,22859.4,150,0,708900
NIFTY-III.NFO,27/02/2025,09:47:22,22859.35,22855.3,150,22859.75,75,0,708900
NIFTY-III.NFO,27/02/2025,09:47:24,22859.35,22855.3,150,22859.95,150,0,708900
NIFTY-III.NFO,27/02/2025,09:47:26,22859.35,22855.3,150,22859.9,75,0,708900
NIFTY-III.NFO,27/02/2025,09:47:27,22859.35,22855.3,150,22859.1,75,0,708900
NIFTY-III.NFO,27/02/2025,09:47:29,22859.35,22855.3,150,22859.15,75,0,708900
NIFTY-III.NFO,27/02/2025,09:47:30,22859.35,22855.3,150,22859.1,75,0,708900
NIFTY-III.NFO,27/02/2025,09:47:34,22859.35,22855.3,150,22859.95,75,0,708900
NIFTY-III.NFO,27/02/2025,09:47:35,22859.8,22855.3,150,22859.35,75,75,708900
NIFTY-III.NFO,27/02/2025,09:47:37,22854.2,22855.25,150,22859.35,75,300,708900
NIFTY-III.NFO,27/02/2025,09:47:38,22855.25,22854.3,75,22859.35,75,75,708900
NIFTY-III.NFO,27/02/2025,09:47:40,22855.25,22854.3,75,22859.35,75,0,708900
NIFTY-III.NFO,27/02/2025,09:47:42,22861.65,22854.3,75,22860.55,75,1200,708900
NIFTY-III.NFO,27/02/2025,09:47:43,22861.65,22854.35,225,22860.6,75,0,708900
NIFTY-III.NFO,27/02/2025,09:47:46,22854.35,22854.35,225,22861.5,75,75,708900
NIFTY-III.NFO,27/02/2025,09:47:48,22854.35,22854.25,150,22860.7,75,0,708900
NIFTY-III.NFO,27/02/2025,09:47:50,22854.35,22854.7,225,22861.45,75,0,708900
NIFTY-III.NFO,27/02/2025,09:47:51,22861.45,22856.1,75,22861.5,75,75,708900
NIFTY-III.NFO,27/02/2025,09:47:53,22861.45,22855.15,150,22862.1,75,0,708900
NIFTY-III.NFO,27/02/2025,09:47:55,22856.1,22854.35,150,22862.05,75,300,708900
NIFTY-III.NFO,27/02/2025,09:47:56,22856.1,22854.35,150,22861.6,150,0,708900
NIFTY-III.NFO,27/02/2025,09:47:58,22854.65,22854.65,300,22861.2,75,75,708900
NIFTY-III.NFO,27/02/2025,09:48:00,22854.65,22857.05,300,22860.9,75,0,708900
NIFTY-III.NFO,27/02/2025,09:48:01,22854.65,22857.05,300,22861.2,75,0,708900
NIFTY-III.NFO,27/02/2025,09:48:03,22857.05,22857.05,150,22861.2,75,150,708900
NIFTY-III.NFO,27/02/2025,09:48:05,22856.1,22854.25,225,22854.65,225,225,708900
NIFTY-III.NFO,27/02/2025,09:48:06,22856.1,22854.2,225,22854.65,225,0,708900
NIFTY-III.NFO,27/02/2025,09:48:10,22854.65,22854.25,225,22860.6,75,225,708900
NIFTY-III.NFO,27/02/2025,09:48:11,22854.65,22854.2,225,22859.9,75,0,708900
NIFTY-III.NFO,27/02/2025,09:48:18,22854.65,22854.2,225,22859.25,75,0,708900
NIFTY-III.NFO,27/02/2025,09:48:20,22854.65,22854.2,225,22859.3,150,0,708900
NIFTY-III.NFO,27/02/2025,09:48:21,22854.65,22854.25,150,22860.55,150,0,708900
NIFTY-III.NFO,27/02/2025,09:48:23,22856.1,22854.65,75,22856.1,450,75,708900
NIFTY-III.NFO,27/02/2025,09:48:25,22856.1,22854.65,75,22855,75,0,708900
NIFTY-III.NFO,27/02/2025,09:48:28,22860.3,22854.65,75,22859.7,75,2100,708900
NIFTY-III.NFO,27/02/2025,09:48:30,22854.65,22854.2,225,22859.2,75,75,708900
NIFTY-III.NFO,27/02/2025,09:48:31,22854.65,22854.2,225,22860.15,75,0,708900
NIFTY-III.NFO,27/02/2025,09:48:33,22860.2,22854.2,225,22860.15,75,300,708900
NIFTY-III.NFO,27/02/2025,09:48:35,22860.2,22854.2,225,22859.5,75,0,708900
NIFTY-III.NFO,27/02/2025,09:48:36,22860.2,22854.2,225,22859.35,75,0,708900
NIFTY-III.NFO,27/02/2025,09:48:38,22860.2,22854.2,225,22858.95,75,0,708900
NIFTY-III.NFO,27/02/2025,09:48:40,22860.2,22855,75,22858.85,75,0,708900
NIFTY-III.NFO,27/02/2025,09:48:45,22858.85,22855,75,22858.9,75,75,710025
NIFTY-III.NFO,27/02/2025,09:48:46,22858.85,22855,75,22858.85,225,0,710025
NIFTY-III.NFO,27/02/2025,09:48:51,22858.85,22855,75,22858.8,75,0,710025
NIFTY-III.NFO,27/02/2025,09:48:53,22858.8,22855,75,22858.85,150,150,710025
NIFTY-III.NFO,27/02/2025,09:48:55,22855,22856,75,22858.75,75,75,710025
NIFTY-III.NFO,27/02/2025,09:48:56,22855,22856,75,22858.7,75,0,710025
NIFTY-III.NFO,27/02/2025,09:48:58,22855,22856,75,22858.6,75,0,710025
NIFTY-III.NFO,27/02/2025,09:49:01,22855,22856,75,22858.7,75,0,710025
NIFTY-III.NFO,27/02/2025,09:49:03,22858.7,22856,75,22858.75,75,75,710025
NIFTY-III.NFO,27/02/2025,09:49:05,22858.75,22856,75,22859.6,75,75,710025
NIFTY-III.NFO,27/02/2025,09:49:06,22856,22854.2,225,22859.55,150,75,710025
NIFTY-III.NFO,27/02/2025,09:49:08,22856,22854.2,225,22858.6,75,0,710025
NIFTY-III.NFO,27/02/2025,09:49:10,22856,22854.2,225,22859.3,75,0,710025
NIFTY-III.NFO,27/02/2025,09:49:13,22856,22854.2,225,22859,150,0,710025
NIFTY-III.NFO,27/02/2025,09:49:15,22854.2,22854.2,150,22858.8,150,75,710025
NIFTY-III.NFO,27/02/2025,09:49:16,22854.2,22854.2,150,22859.1,150,0,710025
NIFTY-III.NFO,27/02/2025,09:49:18,22859.4,22854.2,150,22859.15,300,225,710025
NIFTY-III.NFO,27/02/2025,09:49:20,22850.55,22851.75,225,22855,75,750,710025
NIFTY-III.NFO,27/02/2025,09:49:21,22850.55,22851.9,225,22855,75,0,710025
NIFTY-III.NFO,27/02/2025,09:49:25,22850.55,22852.05,225,22855,75,0,710025
NIFTY-III.NFO,27/02/2025,09:49:26,22850.55,22850.35,150,22855,75,0,710025
NIFTY-III.NFO,27/02/2025,09:49:28,22858.65,22850.35,600,22858,75,600,710025
NIFTY-III.NFO,27/02/2025,09:49:30,22858.65,22850.35,600,22857.95,75,0,710025
NIFTY-III.NFO,27/02/2025,09:49:31,22858.65,22850.65,225,22857.95,75,0,710025
NIFTY-III.NFO,27/02/2025,09:49:33,22858.65,22850.65,150,22857.7,75,300,710025
NIFTY-III.NFO,27/02/2025,09:49:34,22858.65,22850.65,150,22857.65,75,0,710025
NIFTY-III.NFO,27/02/2025,09:49:36,22858.65,22850.55,525,22856.5,375,0,710025
NIFTY-III.NFO,27/02/2025,09:49:41,22858.65,22850.55,525,22856.4,75,0,710025
NIFTY-III.NFO,27/02/2025,09:49:43,22858.65,22850.6,75,22856.7,375,0,710025
NIFTY-III.NFO,27/02/2025,09:49:44,22858.65,22850.6,75,22856.2,75,0,710025
NIFTY-III.NFO,27/02/2025,09:49:46,22858.65,22850.55,525,22855.95,375,0,710025
NIFTY-III.NFO,27/02/2025,09:49:48,22858.65,22850.55,525,22855.1,375,0,710025
NIFTY-III.NFO,27/02/2025,09:49:49,22858.65,22850.55,525,22854.35,450,0,710025
NIFTY-III.NFO,27/02/2025,09:49:53,22854.35,22850.55,525,22854.2,300,75,710025
NIFTY-III.NFO,27/02/2025,09:49:54,22854.35,22850.55,525,22854.15,150,0,710025
NIFTY-III.NFO,27/02/2025,09:49:56,22854.15,22850.55,525,22854.15,75,75,710025
NIFTY-III.NFO,27/02/2025,09:49:58,22854.15,22850.55,525,22854.15,75,0,710025
NIFTY-III.NFO,27/02/2025,09:50:01,22854.15,22850.55,525,22853.45,300,0,710025
NIFTY-III.NFO,27/02/2025,09:50:03,22853.45,22850.55,525,22854.15,75,225,710025
NIFTY-III.NFO,27/02/2025,09:50:04,22853.45,22850.55,525,22854.7,75,0,710025
NIFTY-III.NFO,27/02/2025,09:50:06,22854.65,22850.55,525,22854.9,450,150,710025
NIFTY-III.NFO,27/02/2025,09:50:08,22850.55,22850.55,300,22854.15,75,225,710025
NIFTY-III.NFO,27/02/2025,09:50:09,22850.55,22850.55,300,22854.4,75,0,710025
NIFTY-III.NFO,27/02/2025,09:50:11,22854.4,22850.55,300,22854.6,825,75,710025
NIFTY-III.NFO,27/02/2025,09:50:13,22854.4,22850.55,300,22853.25,75,0,710025
NIFTY-III.NFO,27/02/2025,09:50:14,22854.4,22850.55,300,22853.2,75,0,710025
NIFTY-III.NFO,27/02/2025,09:50:24,22854.4,22850.55,300,22855.55,75,0,710025
NIFTY-III.NFO,27/02/2025,09:50:26,22854.4,22850.6,225,22857.35,75,0,710025
NIFTY-III.NFO,27/02/2025,09:50:28,22854.4,22850.55,375,22857,75,0,710025
NIFTY-III.NFO,27/02/2025,09:50:29,22854.4,22850.6,225,22856.8,375,0,710025
NIFTY-III.NFO,27/02/2025,09:50:31,22854.4,22850.55,300,22856.1,375,0,710025
NIFTY-III.NFO,27/02/2025,09:50:33,22854.4,22850.55,300,22856.05,75,0,710025
NIFTY-III.NFO,27/02/2025,09:50:34,22854.4,22850.55,300,22855.8,75,0,710025
NIFTY-III.NFO,27/02/2025,09:50:36,22855.75,22850.55,300,22855.9,75,75,710025
NIFTY-III.NFO,27/02/2025,09:50:38,22855.75,22850.6,150,22855.9,75,0,710025
NIFTY-III.NFO,27/02/2025,09:50:41,22855.75,22850.55,300,22855.9,75,0,710025
NIFTY-III.NFO,27/02/2025,09:50:43,22855.75,22850.55,300,22855.25,75,0,710025
NIFTY-III.NFO,27/02/2025,09:50:44,22855.75,22850.55,300,22854.75,75,0,710025
NIFTY-III.NFO,27/02/2025,09:50:46,22855.75,22850.55,300,22855.25,75,0,710025
NIFTY-III.NFO,27/02/2025,09:50:47,22855.75,22850.55,300,22854.5,75,0,710025
NIFTY-III.NFO,27/02/2025,09:50:49,22855.75,22850.55,300,22854.5,150,0,710025
NIFTY-III.NFO,27/02/2025,09:50:51,22855.75,22850.55,300,22853.8,75,0,710025
NIFTY-III.NFO,27/02/2025,09:50:52,22855.75,22850.55,300,22853.2,75,0,710025
NIFTY-III.NFO,27/02/2025,09:50:54,22850,22848,150,22850.2,375,825,710025
NIFTY-III.NFO,27/02/2025,09:50:56,22849.5,22848,150,22848.35,75,75,710025
NIFTY-III.NFO,27/02/2025,09:50:57,22849.5,22848,150,22849.4,375,0,710025
NIFTY-III.NFO,27/02/2025,09:50:59,22848,22848,75,22849.35,75,75,710025
NIFTY-III.NFO,27/02/2025,09:51:01,22846.55,22846,75,22848.25,150,150,710025
NIFTY-III.NFO,27/02/2025,09:51:02,22846.55,22846,75,22850,75,0,710025
NIFTY-III.NFO,27/02/2025,09:51:04,22846.55,22846,75,22848.05,375,0,710025
NIFTY-III.NFO,27/02/2025,09:51:06,22846.55,22846.55,75,22847.2,75,0,710025
NIFTY-III.NFO,27/02/2025,09:51:07,22845,22843,75,22845.6,75,225,710025
NIFTY-III.NFO,27/02/2025,09:51:09,22845,22843,75,22845.15,75,0,710025
NIFTY-III.NFO,27/02/2025,09:51:11,22843,22842,75,22846.2,75,75,710025
NIFTY-III.NFO,27/02/2025,09:51:11,22843,22842,75,22846.2,75,0,710025
NIFTY-III.NFO,27/02/2025,09:51:12,22843,22842,75,22846.3,375,0,710025
NIFTY-III.NFO,27/02/2025,09:51:14,22843,22842,75,22845.35,75,0,710025
NIFTY-III.NFO,27/02/2025,09:51:16,22843,22842,75,22846.1,75,0,710025
NIFTY-III.NFO,27/02/2025,09:51:17,22843,22845,150,22846.5,75,0,710025
NIFTY-III.NFO,27/02/2025,09:51:19,22843,22845,150,22846.15,375,0,710025
NIFTY-III.NFO,27/02/2025,09:51:21,22843,22845,150,22847.45,375,0,710025
NIFTY-III.NFO,27/02/2025,09:51:22,22849.2,22845,150,22849.2,375,75,710025
NIFTY-III.NFO,27/02/2025,09:51:24,22849.2,22845,150,22848.95,375,0,710025
NIFTY-III.NFO,27/02/2025,09:51:26,22845,22843.05,150,22848.05,75,150,710025
NIFTY-III.NFO,27/02/2025,09:51:27,22843,22842,75,22847.2,75,150,710025
NIFTY-III.NFO,27/02/2025,09:51:29,22847.2,22842,75,22846.4,375,75,710025
NIFTY-III.NFO,27/02/2025,09:51:32,22846.4,22842.05,150,22847.1,75,75,710025
NIFTY-III.NFO,27/02/2025,09:51:34,22846.4,22842.05,150,22846.4,75,0,710025
NIFTY-III.NFO,27/02/2025,09:51:37,22846.4,22842.05,150,22846.35,225,0,710025
NIFTY-III.NFO,27/02/2025,09:51:39,22846.35,22842.05,150,22846.35,75,75,710025
NIFTY-III.NFO,27/02/2025,09:51:41,22846.35,22842.05,150,22846.4,75,0,710025
NIFTY-III.NFO,27/02/2025,09:51:42,22847.3,22842.05,150,22847.05,375,150,710025
NIFTY-III.NFO,27/02/2025,09:51:44,22842.05,22842,75,22847.45,75,75,710025
NIFTY-III.NFO,27/02/2025,09:51:44,22842.05,22842,75,22847.45,75,0,710025
NIFTY-III.NFO,27/02/2025,09:51:46,22842.05,22842.05,150,22846.6,75,0,710025
NIFTY-III.NFO,27/02/2025,09:51:48,22842.05,22842,75,22845.85,75,0,710025
NIFTY-III.NFO,27/02/2025,09:51:52,22842.05,22845.85,300,22846.6,75,0,710025
NIFTY-III.NFO,27/02/2025,09:51:54,22842.05,22845.85,300,22846.15,375,0,710025
NIFTY-III.NFO,27/02/2025,09:51:56,22845.85,22845.85,225,22845.9,75,75,711075
NIFTY-III.NFO,27/02/2025,09:51:57,22845.85,22845.85,150,22846.55,75,75,711075
NIFTY-III.NFO,27/02/2025,09:51:59,22845.85,22845.85,150,22846.1,75,0,711075
NIFTY-III.NFO,27/02/2025,09:52:01,22845.85,22845.85,75,22846.1,75,75,711075
NIFTY-III.NFO,27/02/2025,09:52:02,22845.85,22845.85,75,22846.1,75,0,711075
NIFTY-III.NFO,27/02/2025,09:52:04,22845.85,22845.85,75,22846,75,0,711075
NIFTY-III.NFO,27/02/2025,09:52:07,22846.55,22842,75,22846.6,150,75,711075
NIFTY-III.NFO,27/02/2025,09:52:09,22846.55,22842,75,22845.9,375,0,711075
NIFTY-III.NFO,27/02/2025,09:52:12,22846.55,22842,75,22845.9,525,0,711075
NIFTY-III.NFO,27/02/2025,09:52:14,22846.55,22846.55,75,22846.8,375,525,711075
NIFTY-III.NFO,27/02/2025,09:52:15,22846.55,22842,75,22846.8,375,75,711075
NIFTY-III.NFO,27/02/2025,09:52:17,22846.55,22842,75,22846.35,150,0,711075
NIFTY-III.NFO,27/02/2025,09:52:19,22846.55,22842,75,22846.4,75,0,711075
NIFTY-III.NFO,27/02/2025,09:52:20,22846.55,22842,150,22846.4,75,0,711075
NIFTY-III.NFO,27/02/2025,09:52:22,22842,22842.2,300,22846.4,75,75,711075
NIFTY-III.NFO,27/02/2025,09:52:22,22842,22842.2,300,22846.4,75,0,711075
NIFTY-III.NFO,27/02/2025,09:52:24,22842,22842.6,300,22847.8,150,0,711075
NIFTY-III.NFO,27/02/2025,09:52:25,22842,22842.8,300,22849.1,375,0,711075
NIFTY-III.NFO,27/02/2025,09:52:27,22842,22843.25,150,22848.95,375,0,711075
NIFTY-III.NFO,27/02/2025,09:52:28,22842,22842.95,75,22848.95,375,0,711075
NIFTY-III.NFO,27/02/2025,09:52:30,22842,22841.75,300,22848.15,375,0,711075
NIFTY-III.NFO,27/02/2025,09:52:32,22842,22842.7,75,22847.55,150,0,711075
NIFTY-III.NFO,27/02/2025,09:52:33,22842,22843.65,75,22849.85,375,0,711075
NIFTY-III.NFO,27/02/2025,09:52:35,22842,22843.8,75,22848.3,75,0,711075
NIFTY-III.NFO,27/02/2025,09:52:37,22842,22844.4,75,22850.75,375,0,711075
NIFTY-III.NFO,27/02/2025,09:52:38,22842,22845,150,22850.75,375,0,711075
NIFTY-III.NFO,27/02/2025,09:52:40,22842,22845.75,150,22849.4,75,0,711075
NIFTY-III.NFO,27/02/2025,09:52:42,22842,22846.45,150,22852.4,375,0,711075
NIFTY-III.NFO,27/02/2025,09:52:43,22842,22846.55,75,22851.75,75,0,711075
NIFTY-III.NFO,27/02/2025,09:52:45,22842,22844.25,150,22851.6,375,0,711075
NIFTY-III.NFO,27/02/2025,09:52:47,22842,22845,75,22846,75,0,711075
NIFTY-III.NFO,27/02/2025,09:52:48,22842,22845.65,75,22846,75,0,711075
NIFTY-III.NFO,27/02/2025,09:52:55,22842,22845,75,22846,75,0,711075
NIFTY-III.NFO,27/02/2025,09:52:56,22845,22843.55,150,22846,75,75,711075
NIFTY-III.NFO,27/02/2025,09:52:58,22845,22843.55,75,22846,75,0,711075
NIFTY-III.NFO,27/02/2025,09:53:01,22845,22845.05,75,22846,75,0,711075
NIFTY-III.NFO,27/02/2025,09:53:03,22845,22845.45,75,22846,75,0,711075
NIFTY-III.NFO,27/02/2025,09:53:05,22845.45,22845.5,75,22851.05,75,75,711075
NIFTY-III.NFO,27/02/2025,09:53:06,22845.45,22845.5,75,22850.85,75,0,711075
NIFTY-III.NFO,27/02/2025,09:53:08,22845.45,22845.7,150,22851.85,375,0,711075
NIFTY-III.NFO,27/02/2025,09:53:10,22845.45,22845.7,75,22851.85,375,0,711075
NIFTY-III.NFO,27/02/2025,09:53:11,22845.45,22845,75,22851.05,375,0,711075
NIFTY-III.NFO,27/02/2025,09:53:13,22845.45,22845.45,150,22851.75,375,0,711075
NIFTY-III.NFO,27/02/2025,09:53:15,22845.45,22846.3,150,22852.55,375,0,711075
NIFTY-III.NFO,27/02/2025,09:53:16,22845.45,22846.35,225,22852.95,375,0,711075
NIFTY-III.NFO,27/02/2025,09:53:18,22845.45,22846.55,75,22852.95,375,0,711075
NIFTY-III.NFO,27/02/2025,09:53:20,22851.3,22846.5,75,22851.65,300,75,711075
NIFTY-III.NFO,27/02/2025,09:53:21,22851.3,22846.5,75,22850.85,300,0,711075
NIFTY-III.NFO,27/02/2025,09:53:23,22845,22844.75,75,22850.85,300,150,711075
NIFTY-III.NFO,27/02/2025,09:53:24,22845,22845.2,150,22851.6,300,0,711075
NIFTY-III.NFO,27/02/2025,09:53:26,22845,22845.45,150,22851.45,75,0,711075
NIFTY-III.NFO,27/02/2025,09:53:28,22845,22845.45,150,22851.45,225,0,711075
NIFTY-III.NFO,27/02/2025,09:53:29,22845,22843.3,150,22850.8,300,0,711075
NIFTY-III.NFO,27/02/2025,09:53:31,22845,22845.1,75,22850.8,300,0,711075
NIFTY-III.NFO,27/02/2025,09:53:33,22845.15,22845.15,150,22851.6,300,75,711075
NIFTY-III.NFO,27/02/2025,09:53:34,22845.15,22845.25,150,22851.6,300,0,711075
NIFTY-III.NFO,27/02/2025,09:53:36,22845.15,22845.05,75,22851.6,300,0,711075
NIFTY-III.NFO,27/02/2025,09:53:37,22845.15,22845.2,150,22851.3,75,0,711075
NIFTY-III.NFO,27/02/2025,09:53:39,22845.15,22843.5,225,22851.25,75,0,711075
NIFTY-III.NFO,27/02/2025,09:53:41,22845.15,22844.95,75,22851.35,300,0,711075
NIFTY-III.NFO,27/02/2025,09:53:42,22845.15,22845.25,225,22851.9,300,0,711075
NIFTY-III.NFO,27/02/2025,09:53:44,22845.15,22845.3,75,22850.65,150,0,711075
NIFTY-III.NFO,27/02/2025,09:53:46,22845.15,22845.45,75,22851,150,0,711075
NIFTY-III.NFO,27/02/2025,09:53:47,22851.25,22844.5,150,22851.25,300,225,711075
NIFTY-III.NFO,27/02/2025,09:53:49,22851.25,22845.5,75,22851.25,300,0,711075
NIFTY-III.NFO,27/02/2025,09:53:54,22851.25,22845,75,22850.45,300,0,711075
NIFTY-III.NFO,27/02/2025,09:53:58,22851.25,22845,75,22850.5,300,0,711075
NIFTY-III.NFO,27/02/2025,09:54:00,22851.25,22845,75,22850.4,75,0,711075
NIFTY-III.NFO,27/02/2025,09:54:02,22851.25,22845.05,75,22850.4,225,0,711075
NIFTY-III.NFO,27/02/2025,09:54:03,22851.25,22845,75,22850.1,150,0,711075
NIFTY-III.NFO,27/02/2025,09:54:06,22851.25,22845,75,22849.95,75,0,711075
NIFTY-III.NFO,27/02/2025,09:54:08,22849.95,22842.35,150,22849.45,75,75,711075
NIFTY-III.NFO,27/02/2025,09:54:10,22849.95,22842.55,150,22850.15,75,0,711075
NIFTY-III.NFO,27/02/2025,09:54:11,22849.95,22842.85,225,22850,150,0,711075
NIFTY-III.NFO,27/02/2025,09:54:13,22849.95,22843.05,225,22850,75,0,711075
NIFTY-III.NFO,27/02/2025,09:54:15,22849.95,22843.1,75,22849.05,300,0,711075
NIFTY-III.NFO,27/02/2025,09:54:16,22849.95,22843.1,75,22849,75,0,711075
NIFTY-III.NFO,27/02/2025,09:54:18,22849.95,22843.1,75,22848.65,375,0,711075
NIFTY-III.NFO,27/02/2025,09:54:19,22849.95,22843.1,75,22848.5,150,0,711075
NIFTY-III.NFO,27/02/2025,09:54:21,22849.95,22843.1,75,22848.65,375,0,711075
NIFTY-III.NFO,27/02/2025,09:54:23,22842.25,22842,225,22847.45,300,150,711075
NIFTY-III.NFO,27/02/2025,09:54:24,22842.25,22842.05,150,22848.75,300,0,711075
NIFTY-III.NFO,27/02/2025,09:54:26,22842.25,22842.05,150,22848.7,300,0,711075
NIFTY-III.NFO,27/02/2025,09:54:28,22842.25,22842,225,22847.1,300,0,711075
NIFTY-III.NFO,27/02/2025,09:54:29,22848.75,22842,225,22848.05,75,1800,711075
NIFTY-III.NFO,27/02/2025,09:54:31,22848.75,22842,225,22847.75,150,0,711075
NIFTY-III.NFO,27/02/2025,09:54:33,22848.75,22842,225,22847.75,225,0,711075
NIFTY-III.NFO,27/02/2025,09:54:36,22848.75,22842,225,22847.8,75,0,711075
NIFTY-III.NFO,27/02/2025,09:54:37,22847.85,22842,225,22847.3,150,300,711075
NIFTY-III.NFO,27/02/2025,09:54:39,22842,22842,150,22847.3,150,75,711075
NIFTY-III.NFO,27/02/2025,09:54:41,22842,22842,150,22847.55,225,0,711075
NIFTY-III.NFO,27/02/2025,09:54:42,22842,22842.05,150,22847.85,75,0,711075
NIFTY-III.NFO,27/02/2025,09:54:44,22842,22842.05,150,22847.55,225,0,711075
NIFTY-III.NFO,27/02/2025,09:54:46,22842,22842.05,225,22847.55,225,0,711075
NIFTY-III.NFO,27/02/2025,09:54:48,22842,22842.05,150,22847.55,225,0,711075
NIFTY-III.NFO,27/02/2025,09:54:49,22849.65,22842,150,22848.8,75,1050,712200
NIFTY-III.NFO,27/02/2025,09:54:51,22842,22842,75,22847.7,75,75,712200
NIFTY-III.NFO,27/02/2025,09:54:53,22842,22842,75,22846,525,0,712200
NIFTY-III.NFO,27/02/2025,09:54:56,22842,22842,75,22845,225,0,712200
NIFTY-III.NFO,27/02/2025,09:55:01,22845,22842,75,22845,150,75,712200
NIFTY-III.NFO,27/02/2025,09:55:02,22845,22842,75,22845,150,0,712200
NIFTY-III.NFO,27/02/2025,09:55:04,22845,22842,75,22844.9,75,0,712200
NIFTY-III.NFO,27/02/2025,09:55:07,22845,22842,75,22845,150,0,712200
NIFTY-III.NFO,27/02/2025,09:55:12,22845,22842,75,22845,225,0,712200
NIFTY-III.NFO,27/02/2025,09:55:17,22845,22842,75,22845,75,225,712200
NIFTY-III.NFO,27/02/2025,09:55:19,22845,22842,75,22845,75,0,712200
NIFTY-III.NFO,27/02/2025,09:55:21,22845,22842,75,22843.85,75,75,712200
NIFTY-III.NFO,27/02/2025,09:55:22,22843.95,22842,75,22845.2,75,150,712200
NIFTY-III.NFO,27/02/2025,09:55:24,22843.95,22842,75,22845.2,75,0,712200
NIFTY-III.NFO,27/02/2025,09:55:27,22843.95,22842,75,22846,525,0,712200
NIFTY-III.NFO,27/02/2025,09:55:29,22842,22840.2,225,22846,525,75,712200
NIFTY-III.NFO,27/02/2025,09:55:30,22842,22840.2,225,22846,525,0,712200
NIFTY-III.NFO,27/02/2025,09:55:32,22842,22840.2,150,22846,525,0,712200
NIFTY-III.NFO,27/02/2025,09:55:37,22842,22840.15,75,22846,525,0,712200
NIFTY-III.NFO,27/02/2025,09:55:42,22840.15,22840.05,150,22846,525,75,712200
NIFTY-III.NFO,27/02/2025,09:55:42,22840.15,22840.05,150,22846,525,0,712200
NIFTY-III.NFO,27/02/2025,09:55:44,22840.15,22840,375,22846,525,0,712200
NIFTY-III.NFO,27/02/2025,09:55:45,22846,22840.05,150,22846,450,75,712200
NIFTY-III.NFO,27/02/2025,09:55:47,22846,22840.05,150,22846,450,0,712200
NIFTY-III.NFO,27/02/2025,09:55:49,22846,22840.55,150,22846,450,0,712200
NIFTY-III.NFO,27/02/2025,09:55:50,22846,22840.5,300,22845.8,75,0,712200
NIFTY-III.NFO,27/02/2025,09:55:52,22846,22840.5,300,22845.6,225,0,712200
NIFTY-III.NFO,27/02/2025,09:55:54,22846,22840.5,300,22845.45,150,0,712200
NIFTY-III.NFO,27/02/2025,09:55:55,22846,22841,300,22845,75,0,712200
NIFTY-III.NFO,27/02/2025,09:55:57,22846,22841,300,22844.35,75,0,712200
NIFTY-III.NFO,27/02/2025,09:55:59,22841,22841,225,22842.25,150,75,712200
NIFTY-III.NFO,27/02/2025,09:56:00,22841,22841,150,22841.75,375,75,712200
NIFTY-III.NFO,27/02/2025,09:56:02,22843.55,22841,150,22844,375,75,712200
NIFTY-III.NFO,27/02/2025,09:56:04,22842,22840,375,22842.3,375,150,712200
NIFTY-III.NFO,27/02/2025,09:56:05,22840,22840,300,22842.35,375,75,712200
NIFTY-III.NFO,27/02/2025,09:56:05,22840,22840,300,22842.35,375,0,712200
NIFTY-III.NFO,27/02/2025,09:56:07,22840,22840,300,22842.25,375,0,712200
NIFTY-III.NFO,27/02/2025,09:56:09,22840,22840,225,22841.7,150,75,712200
NIFTY-III.NFO,27/02/2025,09:56:10,22840,22840,225,22842.2,375,0,712200
NIFTY-III.NFO,27/02/2025,09:56:12,22840,22840,225,22841.95,75,0,712200
NIFTY-III.NFO,27/02/2025,09:56:14,22840,22840,225,22842.2,375,0,712200
NIFTY-III.NFO,27/02/2025,09:56:15,22840,22840,225,22841.4,375,0,712200
NIFTY-III.NFO,27/02/2025,09:56:20,22840,22835.35,75,22840.8,75,225,712200
NIFTY-III.NFO,27/02/2025,09:56:22,22840,22833.65,150,22841.35,75,0,712200
NIFTY-III.NFO,27/02/2025,09:56:24,22840,22834.45,150,22841.1,75,0,712200
NIFTY-III.NFO,27/02/2025,09:56:25,22840,22833.55,225,22841.35,75,0,712200
NIFTY-III.NFO,27/02/2025,09:56:27,22840,22833.55,225,22841.65,75,0,712200
NIFTY-III.NFO,27/02/2025,09:56:29,22840,22833.55,225,22840.6,150,0,712200
NIFTY-III.NFO,27/02/2025,09:56:30,22840,22835.25,225,22840.95,75,0,712200
NIFTY-III.NFO,27/02/2025,09:56:32,22840,22835.45,225,22841.6,75,0,712200
NIFTY-III.NFO,27/02/2025,09:56:34,22840,22836.05,150,22841.6,75,0,712200
NIFTY-III.NFO,27/02/2025,09:56:35,22840,22840,75,22841.6,75,300,712200
NIFTY-III.NFO,27/02/2025,09:56:37,22835.5,22835.25,225,22842,150,450,712200
NIFTY-III.NFO,27/02/2025,09:56:37,22835.5,22835.25,225,22842,150,0,712200
NIFTY-III.NFO,27/02/2025,09:56:39,22835.5,22840,75,22842,75,0,712200
NIFTY-III.NFO,27/02/2025,09:56:40,22840,22836,300,22842,75,75,712200
NIFTY-III.NFO,27/02/2025,09:56:42,22840,22837.65,225,22842,75,0,712200
NIFTY-III.NFO,27/02/2025,09:56:44,22840,22838.1,300,22842,75,0,712200
NIFTY-III.NFO,27/02/2025,09:56:45,22840,22838.5,300,22842,75,0,712200
NIFTY-III.NFO,27/02/2025,09:56:47,22840,22836.65,150,22842,75,0,712200
