Ticker,Date,Time,LTP,BuyPrice,BuyQty,SellPrice,SellQty,LTQ,OpenInterest
BANKNIFTY-III.NFO,21/11/2024,09:15:00,51201,51122.6,60,51232.35,60,30,109695
BANKNIFTY-III.NFO,21/11/2024,09:15:00,51201,51122.6,60,51232.35,60,0,109695
BANKNIFTY-III.NFO,21/11/2024,09:15:00,51201,51122.6,60,51232.35,60,0,109695
BANKNIFTY-III.NFO,21/11/2024,09:15:00,51201,51122.6,60,51232.35,60,0,109695
BANKNIFTY-III.NFO,21/11/2024,09:15:01,51159.3,51159.3,45,51229.35,60,15,109695
BANKNIFTY-III.NFO,21/11/2024,09:15:01,51159.3,51159.3,45,51229.35,60,0,109695
BANKNIFTY-III.NFO,21/11/2024,09:15:01,51159.3,51159.3,45,51205.35,60,0,109695
BANKNIFTY-III.NFO,21/11/2024,09:15:03,51164.15,51105,30,51140.05,60,60,109695
BANKNIFTY-III.NFO,21/11/2024,09:15:03,51105,51101,45,51101.95,60,45,109695
BANKNIFTY-III.NFO,21/11/2024,09:15:03,51105,51101,45,51101.95,60,0,109695
BANKNIFTY-III.NFO,21/11/2024,09:15:04,51097.05,51038.8,60,51088.05,45,60,109695
BANKNIFTY-III.NFO,21/11/2024,09:15:04,51097.05,51038.8,60,51088.05,45,0,109695
BANKNIFTY-III.NFO,21/11/2024,09:15:05,51097.05,51033.2,60,51090.9,45,0,109695
BANKNIFTY-III.NFO,21/11/2024,09:15:07,51097.05,51009.05,60,51042.75,45,0,109695
BANKNIFTY-III.NFO,21/11/2024,09:15:08,51009,51001,45,51015.7,45,15,109695
BANKNIFTY-III.NFO,21/11/2024,09:15:08,51009,51001,45,51015.7,45,0,109695
BANKNIFTY-III.NFO,21/11/2024,09:15:09,51009,51001,45,51016.65,45,0,109695
BANKNIFTY-III.NFO,21/11/2024,09:15:11,50874.2,50850.05,15,50937.5,60,285,109695
BANKNIFTY-III.NFO,21/11/2024,09:15:11,50874.2,50850.05,15,50937.5,60,0,109695
BANKNIFTY-III.NFO,21/11/2024,09:15:13,50850.05,50844.35,150,50885.2,30,15,109695
BANKNIFTY-III.NFO,21/11/2024,09:15:13,50850.05,50844.35,150,50885.2,30,0,109695
BANKNIFTY-III.NFO,21/11/2024,09:15:14,50885.15,50840.05,30,50880.25,60,30,109695
BANKNIFTY-III.NFO,21/11/2024,09:15:16,50885.15,50872.35,30,50905.65,30,0,109695
BANKNIFTY-III.NFO,21/11/2024,09:15:17,50936.45,50878.65,45,50968.3,60,120,109695
BANKNIFTY-III.NFO,21/11/2024,09:15:19,50936.45,50919.15,45,50968.1,60,0,109695
BANKNIFTY-III.NFO,21/11/2024,09:15:21,50902.15,50904.05,30,50975.2,60,15,109695
BANKNIFTY-III.NFO,21/11/2024,09:15:22,50902.15,50916.2,30,50971.5,60,0,109695
BANKNIFTY-III.NFO,21/11/2024,09:15:24,50916.45,50936.45,15,50972,60,45,109695
BANKNIFTY-III.NFO,21/11/2024,09:15:26,50916.45,50936.45,15,50977.8,60,0,109695
BANKNIFTY-III.NFO,21/11/2024,09:15:27,50950,50936.55,30,50984.1,60,15,109695
BANKNIFTY-III.NFO,21/11/2024,09:15:29,50984.1,50955.15,15,50994.35,60,15,109695
BANKNIFTY-III.NFO,21/11/2024,09:15:30,50984.1,50958.1,15,51016.1,60,0,109695
BANKNIFTY-III.NFO,21/11/2024,09:15:32,50984,50984,15,50993.3,60,15,109695
BANKNIFTY-III.NFO,21/11/2024,09:15:34,50984,50984,15,51010.1,60,0,109695
BANKNIFTY-III.NFO,21/11/2024,09:15:35,50984,50984,15,51001.8,60,0,109695
BANKNIFTY-III.NFO,21/11/2024,09:15:37,50983.85,50950,15,50978.05,60,45,109695
BANKNIFTY-III.NFO,21/11/2024,09:15:39,50983.85,50950.05,45,50974.9,60,0,109695
BANKNIFTY-III.NFO,21/11/2024,09:15:40,50974.9,50950,15,50956.55,60,15,109695
BANKNIFTY-III.NFO,21/11/2024,09:15:42,50974.9,50950,15,50965.25,75,0,109695
BANKNIFTY-III.NFO,21/11/2024,09:15:43,50974.9,50950.05,75,50974.75,60,0,109695
BANKNIFTY-III.NFO,21/11/2024,09:15:45,50974.9,50954.85,60,50995.25,75,75,109695
BANKNIFTY-III.NFO,21/11/2024,09:15:47,50974.9,50963.8,60,51007.15,75,0,109695
BANKNIFTY-III.NFO,21/11/2024,09:15:48,50950.1,50956.75,60,50991.05,15,15,109965
BANKNIFTY-III.NFO,21/11/2024,09:15:50,50950.1,50974,45,50976.55,75,0,109965
BANKNIFTY-III.NFO,21/11/2024,09:15:52,50950.1,50974.05,60,50996.2,15,0,109965
BANKNIFTY-III.NFO,21/11/2024,09:15:53,50950.1,50986,45,51014.05,15,0,109965
BANKNIFTY-III.NFO,21/11/2024,09:15:55,50950.1,50986,30,50995.65,15,0,109965
BANKNIFTY-III.NFO,21/11/2024,09:15:56,50959.9,50969.85,45,50999.8,60,450,109965
BANKNIFTY-III.NFO,21/11/2024,09:15:58,50959.9,50963.3,45,50999.95,60,0,109965
BANKNIFTY-III.NFO,21/11/2024,09:16:00,50959.9,50953.05,45,50989.95,60,0,109965
BANKNIFTY-III.NFO,21/11/2024,09:16:01,50944.05,50937.6,15,50969.15,60,105,109965
BANKNIFTY-III.NFO,21/11/2024,09:16:03,50944.05,50942.8,15,50977.65,60,0,109965
BANKNIFTY-III.NFO,21/11/2024,09:16:04,50944.05,50933.15,15,50968.55,60,0,109965
BANKNIFTY-III.NFO,21/11/2024,09:16:06,50950,50930,15,50959.75,60,30,109965
BANKNIFTY-III.NFO,21/11/2024,09:16:08,50930,50921.55,75,50960,60,15,109965
BANKNIFTY-III.NFO,21/11/2024,09:16:09,50930,50931.65,30,50961,90,0,109965
BANKNIFTY-III.NFO,21/11/2024,09:16:11,50930,50921.1,120,50950.8,60,0,109965
BANKNIFTY-III.NFO,21/11/2024,09:16:13,50930,50929.4,15,50955.9,60,0,109965
BANKNIFTY-III.NFO,21/11/2024,09:16:14,50930,50926.25,15,50960.4,60,0,109965
BANKNIFTY-III.NFO,21/11/2024,09:16:16,50930,50946,45,50960.45,30,0,109965
BANKNIFTY-III.NFO,21/11/2024,09:16:18,50930,50950.4,135,50960.45,30,0,109965
BANKNIFTY-III.NFO,21/11/2024,09:16:19,50960.45,50954.4,30,50982.25,90,30,109965
BANKNIFTY-III.NFO,21/11/2024,09:16:21,50960.45,50951.45,30,50981.35,90,0,109965
BANKNIFTY-III.NFO,21/11/2024,09:16:22,50960.45,50933.45,30,50966.85,60,0,109965
BANKNIFTY-III.NFO,21/11/2024,09:16:24,50966.15,50928.75,15,50960.15,60,30,109965
BANKNIFTY-III.NFO,21/11/2024,09:16:26,50966.15,50916.65,15,50956.6,60,0,109965
BANKNIFTY-III.NFO,21/11/2024,09:16:27,50966.15,50928.4,15,50976.95,60,0,109965
BANKNIFTY-III.NFO,21/11/2024,09:16:29,50966.15,50930.45,15,50968.05,60,0,109965
BANKNIFTY-III.NFO,21/11/2024,09:16:30,50966.15,50931.7,15,50963.05,60,0,109965
BANKNIFTY-III.NFO,21/11/2024,09:16:32,50966.15,50936.9,15,50968.75,90,15,109965
BANKNIFTY-III.NFO,21/11/2024,09:16:34,50966.15,50941.8,15,50968.9,60,0,109965
BANKNIFTY-III.NFO,21/11/2024,09:16:35,50966.15,50932.55,15,50966.05,90,0,109965
BANKNIFTY-III.NFO,21/11/2024,09:16:37,50966.15,50938.1,90,50977.65,60,0,109965
BANKNIFTY-III.NFO,21/11/2024,09:16:38,50977.65,50950.55,30,50978.65,90,15,109965
BANKNIFTY-III.NFO,21/11/2024,09:16:40,50977.65,50933.1,30,50971.3,60,0,109965
BANKNIFTY-III.NFO,21/11/2024,09:16:42,50977.65,50914.4,30,50957.7,60,0,109965
BANKNIFTY-III.NFO,21/11/2024,09:16:43,50977.65,50917.05,30,50952.45,60,0,109965
BANKNIFTY-III.NFO,21/11/2024,09:16:45,50977.65,50905.1,90,50959.55,60,0,109965
BANKNIFTY-III.NFO,21/11/2024,09:16:46,50946.65,50905.05,45,50939.85,60,15,109965
BANKNIFTY-III.NFO,21/11/2024,09:16:48,50946.65,50907.55,45,50947.3,60,0,109965
BANKNIFTY-III.NFO,21/11/2024,09:16:50,50952.35,50917.45,60,50953.25,30,45,109965
BANKNIFTY-III.NFO,21/11/2024,09:16:51,50939.95,50918.95,60,50946.6,45,15,109965
BANKNIFTY-III.NFO,21/11/2024,09:16:53,50939.95,50914.5,60,50946.6,45,0,109965
BANKNIFTY-III.NFO,21/11/2024,09:16:54,50939.95,50934.95,60,50946.65,15,0,109965
BANKNIFTY-III.NFO,21/11/2024,09:16:56,50939.95,50931.2,60,50946.65,15,0,109965
BANKNIFTY-III.NFO,21/11/2024,09:16:58,50946.65,50938.9,60,50976.95,60,15,109965
BANKNIFTY-III.NFO,21/11/2024,09:16:59,50946.65,50931.2,60,50971.2,30,0,109965
BANKNIFTY-III.NFO,21/11/2024,09:17:01,50946.65,50920.35,60,50956.8,30,0,109965
BANKNIFTY-III.NFO,21/11/2024,09:17:03,50946.65,50920.75,60,50957.75,30,0,109965
BANKNIFTY-III.NFO,21/11/2024,09:17:04,50946.65,50930,15,50939.9,30,0,109965
BANKNIFTY-III.NFO,21/11/2024,09:17:06,50930,50910.9,60,50939.95,60,45,109965
BANKNIFTY-III.NFO,21/11/2024,09:17:07,50939.95,50907.15,60,50939.95,30,30,109965
BANKNIFTY-III.NFO,21/11/2024,09:17:09,50939.95,50916.25,75,50939.95,30,0,109965
BANKNIFTY-III.NFO,21/11/2024,09:17:11,50939.95,50905.05,60,50939.9,30,0,109965
BANKNIFTY-III.NFO,21/11/2024,09:17:12,50939.95,50907.25,60,50939.2,30,0,109965
BANKNIFTY-III.NFO,21/11/2024,09:17:14,50915.05,50911.7,60,50939.15,45,45,109965
BANKNIFTY-III.NFO,21/11/2024,09:17:15,50915.05,50905.05,60,50936.85,45,0,109965
BANKNIFTY-III.NFO,21/11/2024,09:17:17,50915.05,50906.25,60,50936.85,45,0,109965
BANKNIFTY-III.NFO,21/11/2024,09:17:19,50915.05,50910.6,60,50936.85,45,0,109965
BANKNIFTY-III.NFO,21/11/2024,09:17:20,50915.05,50915.05,60,50936.85,45,0,109965
BANKNIFTY-III.NFO,21/11/2024,09:17:23,50916.4,50916.4,60,50937,45,15,109965
BANKNIFTY-III.NFO,21/11/2024,09:17:25,50916.4,50915.05,75,50936.95,75,0,109965
BANKNIFTY-III.NFO,21/11/2024,09:17:26,50916.4,50915.05,60,50936.95,75,0,109965
BANKNIFTY-III.NFO,21/11/2024,09:17:28,50915,50905.05,60,50919.95,75,15,109965
BANKNIFTY-III.NFO,21/11/2024,09:17:30,50915,50905,45,50915.05,30,0,109965
BANKNIFTY-III.NFO,21/11/2024,09:17:31,50915,50905.05,60,50915.05,15,0,109965
BANKNIFTY-III.NFO,21/11/2024,09:17:33,50915,50905,45,50915.05,30,15,109965
BANKNIFTY-III.NFO,21/11/2024,09:17:35,50905,50900.1,15,50914.3,30,45,109965
BANKNIFTY-III.NFO,21/11/2024,09:17:36,50900.1,50878.85,60,50905.75,60,15,109965
BANKNIFTY-III.NFO,21/11/2024,09:17:38,50876.6,50885.75,45,50910.75,60,15,109965
BANKNIFTY-III.NFO,21/11/2024,09:17:40,50876.6,50886.45,45,50915,60,0,109965
BANKNIFTY-III.NFO,21/11/2024,09:17:41,50900,50888.25,45,50915,60,15,109965
BANKNIFTY-III.NFO,21/11/2024,09:17:43,50900,50894.45,45,50915,60,15,109965
BANKNIFTY-III.NFO,21/11/2024,09:17:46,50894.45,50894.45,30,50915,60,15,109965
BANKNIFTY-III.NFO,21/11/2024,09:17:48,50900,50898.5,30,50915.05,30,15,109965
BANKNIFTY-III.NFO,21/11/2024,09:17:49,50900,50900.45,30,50915,60,0,109965
BANKNIFTY-III.NFO,21/11/2024,09:17:51,50900,50900.95,30,50915.05,15,0,109965
BANKNIFTY-III.NFO,21/11/2024,09:17:52,50900,50900.9,15,50915,60,0,109965
BANKNIFTY-III.NFO,21/11/2024,09:17:54,50915,50900,60,50912.6,105,45,109965
BANKNIFTY-III.NFO,21/11/2024,09:17:55,50915,50900,75,50915,60,0,109965
BANKNIFTY-III.NFO,21/11/2024,09:17:57,50900,50875.05,45,50901.95,60,60,109965
BANKNIFTY-III.NFO,21/11/2024,09:17:59,50896.85,50875.05,60,50896.85,30,60,109965
BANKNIFTY-III.NFO,21/11/2024,09:18:00,50875,50868.15,60,50895.15,30,15,109965
BANKNIFTY-III.NFO,21/11/2024,09:18:02,50875,50855.05,60,50881.9,15,0,109965
BANKNIFTY-III.NFO,21/11/2024,09:18:04,50887.65,50855.1,90,50887.4,30,15,109965
BANKNIFTY-III.NFO,21/11/2024,09:18:05,50887.65,50855.05,60,50886,30,0,109965
BANKNIFTY-III.NFO,21/11/2024,09:18:07,50887.65,50855,45,50874.75,15,0,109965
BANKNIFTY-III.NFO,21/11/2024,09:18:08,50887.65,50855.1,60,50879.25,15,0,109965
BANKNIFTY-III.NFO,21/11/2024,09:18:10,50874.1,50875,30,50878,15,15,109965
BANKNIFTY-III.NFO,21/11/2024,09:18:11,50874.1,50875,30,50891.7,15,0,109965
BANKNIFTY-III.NFO,21/11/2024,09:18:13,50875,50855,45,50875.3,15,30,109965
BANKNIFTY-III.NFO,21/11/2024,09:18:15,50875,50855,60,50875.25,15,0,109965
BANKNIFTY-III.NFO,21/11/2024,09:18:16,50875,50855.05,60,50876.8,15,0,109965
BANKNIFTY-III.NFO,21/11/2024,09:18:18,50875,50855.05,60,50876.7,30,0,109965
BANKNIFTY-III.NFO,21/11/2024,09:18:20,50875,50855.05,75,50876.6,15,75,109965
BANKNIFTY-III.NFO,21/11/2024,09:18:21,50875,50855.05,75,50875,15,0,109965
BANKNIFTY-III.NFO,21/11/2024,09:18:23,50875,50855.05,75,50875,90,0,109965
BANKNIFTY-III.NFO,21/11/2024,09:18:24,50875,50860.65,60,50885,30,75,109965
BANKNIFTY-III.NFO,21/11/2024,09:18:26,50875,50860.65,60,50884.95,30,0,109965
BANKNIFTY-III.NFO,21/11/2024,09:18:28,50875,50855,45,50882.95,30,0,109965
BANKNIFTY-III.NFO,21/11/2024,09:18:29,50875,50855.05,60,50874.5,30,0,109965
BANKNIFTY-III.NFO,21/11/2024,09:18:31,50875,50855.05,60,50875,225,30,109965
BANKNIFTY-III.NFO,21/11/2024,09:18:32,50855.05,50855,30,50870.5,45,15,109965
BANKNIFTY-III.NFO,21/11/2024,09:18:34,50855.05,50855.05,75,50874.95,30,0,109965
BANKNIFTY-III.NFO,21/11/2024,09:18:36,50855.05,50855.05,15,50874.3,45,0,109965
BANKNIFTY-III.NFO,21/11/2024,09:18:37,50855.05,50855.05,75,50874.95,30,0,109965
BANKNIFTY-III.NFO,21/11/2024,09:18:39,50855.05,50855.05,75,50875,210,15,109965
BANKNIFTY-III.NFO,21/11/2024,09:18:40,50855.05,50855.05,75,50875,210,0,109965
BANKNIFTY-III.NFO,21/11/2024,09:18:42,50875,50871.65,15,50899.05,60,510,109965
BANKNIFTY-III.NFO,21/11/2024,09:18:44,50875,50874.65,15,50898.1,90,0,109965
BANKNIFTY-III.NFO,21/11/2024,09:18:45,50875,50895.6,45,50900,150,0,109965
BANKNIFTY-III.NFO,21/11/2024,09:18:47,50883.95,50890.2,255,50900,150,300,109635
BANKNIFTY-III.NFO,21/11/2024,09:18:48,50894.15,50902,15,50917.9,15,465,109635
BANKNIFTY-III.NFO,21/11/2024,09:18:50,50902,50889.15,120,50909.05,30,15,109635
BANKNIFTY-III.NFO,21/11/2024,09:18:52,50902,50888.1,15,50914,60,0,109635
BANKNIFTY-III.NFO,21/11/2024,09:18:53,50902,50902,45,50925.65,90,0,109635
BANKNIFTY-III.NFO,21/11/2024,09:18:55,50924,50902.05,15,50923.95,60,15,109635
BANKNIFTY-III.NFO,21/11/2024,09:18:56,50924,50902.05,15,50930.1,60,0,109635
BANKNIFTY-III.NFO,21/11/2024,09:18:58,50924,50913.3,15,50939.9,60,0,109635
BANKNIFTY-III.NFO,21/11/2024,09:18:59,50924,50916.6,15,50939.95,150,0,109635
BANKNIFTY-III.NFO,21/11/2024,09:19:01,50924,50923.35,15,50939.95,135,0,109635
BANKNIFTY-III.NFO,21/11/2024,09:19:03,50940,50928.3,15,50950,30,165,109635
BANKNIFTY-III.NFO,21/11/2024,09:19:04,50940,50930.15,30,50949.95,75,0,109635
BANKNIFTY-III.NFO,21/11/2024,09:19:06,50940,50919.7,15,50941.8,60,0,109635
BANKNIFTY-III.NFO,21/11/2024,09:19:08,50940,50909.45,15,50936.2,60,0,109635
BANKNIFTY-III.NFO,21/11/2024,09:19:09,50940,50918.05,15,50945.4,60,0,109635
BANKNIFTY-III.NFO,21/11/2024,09:19:11,50940,50927.6,30,50949.6,60,0,109635
BANKNIFTY-III.NFO,21/11/2024,09:19:12,50940,50929.1,15,50950,30,0,109635
BANKNIFTY-III.NFO,21/11/2024,09:19:14,50940,50932.45,15,50950,30,0,109635
BANKNIFTY-III.NFO,21/11/2024,09:19:16,50940,50936.45,15,50950,30,0,109635
BANKNIFTY-III.NFO,21/11/2024,09:19:17,50940,50946.35,15,50950,30,0,109635
BANKNIFTY-III.NFO,21/11/2024,09:19:19,50940,50943.75,15,50950,30,0,109635
BANKNIFTY-III.NFO,21/11/2024,09:19:20,50940,50938.85,15,50950,30,0,109635
BANKNIFTY-III.NFO,21/11/2024,09:19:22,50940,50936.1,15,50950,30,0,109635
BANKNIFTY-III.NFO,21/11/2024,09:19:24,50934.05,50931.6,120,50950,45,15,109635
BANKNIFTY-III.NFO,21/11/2024,09:19:25,50950,50943.6,15,50950,15,15,109635
BANKNIFTY-III.NFO,21/11/2024,09:19:27,50959.85,50941.55,30,50968.05,60,45,109635
BANKNIFTY-III.NFO,21/11/2024,09:19:28,50959.85,50950,15,50961.2,75,0,109635
BANKNIFTY-III.NFO,21/11/2024,09:19:30,50959.85,50950,15,50957.95,90,0,109635
BANKNIFTY-III.NFO,21/11/2024,09:19:32,50940,50916.55,30,50946.95,60,75,109635
BANKNIFTY-III.NFO,21/11/2024,09:19:33,50940,50914.55,30,50941.95,60,0,109635
BANKNIFTY-III.NFO,21/11/2024,09:19:35,50940,50902.05,30,50944.9,60,0,109635
BANKNIFTY-III.NFO,21/11/2024,09:19:36,50940,50902.05,30,50934.65,60,0,109635
BANKNIFTY-III.NFO,21/11/2024,09:19:38,50929.45,50902.05,75,50926.25,60,30,109635
BANKNIFTY-III.NFO,21/11/2024,09:19:40,50929.45,50903.1,60,50921.25,75,0,109635
BANKNIFTY-III.NFO,21/11/2024,09:19:41,50929.45,50902.05,75,50918.35,60,0,109635
BANKNIFTY-III.NFO,21/11/2024,09:19:43,50929.45,50902,15,50912.9,60,0,109635
BANKNIFTY-III.NFO,21/11/2024,09:19:44,50900,50890,15,50907.9,60,75,109635
BANKNIFTY-III.NFO,21/11/2024,09:19:46,50900,50890.05,75,50908.05,75,0,109635
BANKNIFTY-III.NFO,21/11/2024,09:19:48,50890.05,50890.05,45,50907.4,60,15,109635
BANKNIFTY-III.NFO,21/11/2024,09:19:49,50890.05,50890,15,50902.4,60,0,109635
BANKNIFTY-III.NFO,21/11/2024,09:19:51,50890,50875.05,60,50900.6,90,15,109635
BANKNIFTY-III.NFO,21/11/2024,09:19:52,50890,50878.35,45,50905.15,90,0,109635
BANKNIFTY-III.NFO,21/11/2024,09:19:54,50890,50875.05,60,50895.1,75,0,109635
BANKNIFTY-III.NFO,21/11/2024,09:19:56,50890,50875,15,50888.5,105,0,109635
BANKNIFTY-III.NFO,21/11/2024,09:19:57,50890,50875.05,45,50905.25,60,0,109635
BANKNIFTY-III.NFO,21/11/2024,09:19:59,50918.55,50900,15,50917.95,45,120,109635
BANKNIFTY-III.NFO,21/11/2024,09:20:01,50918.55,50900,15,50914.95,30,0,109635
BANKNIFTY-III.NFO,21/11/2024,09:20:02,50900,50882.75,90,50914.35,30,15,109635
BANKNIFTY-III.NFO,21/11/2024,09:20:04,50900,50883.8,60,50914.35,30,0,109635
BANKNIFTY-III.NFO,21/11/2024,09:20:05,50900,50881.55,60,50914.25,30,0,109635
BANKNIFTY-III.NFO,21/11/2024,09:20:07,50900,50880.05,75,50900,75,0,109635
BANKNIFTY-III.NFO,21/11/2024,09:20:09,50900,50888.6,60,50900,75,0,109635
BANKNIFTY-III.NFO,21/11/2024,09:20:10,50900,50893.35,60,50900,75,0,109635
BANKNIFTY-III.NFO,21/11/2024,09:20:12,50900,50905.45,75,50915,15,75,109635
BANKNIFTY-III.NFO,21/11/2024,09:20:14,50900,50908.75,60,50915,15,0,109635
BANKNIFTY-III.NFO,21/11/2024,09:20:15,50915,50917.5,60,50923.4,15,15,109635
BANKNIFTY-III.NFO,21/11/2024,09:20:17,50915,50915,60,50923.4,15,0,109635
BANKNIFTY-III.NFO,21/11/2024,09:20:18,50915,50919.7,60,50923.4,15,0,109635
BANKNIFTY-III.NFO,21/11/2024,09:20:20,50923.4,50933.05,75,50956.25,30,15,109635
BANKNIFTY-III.NFO,21/11/2024,09:20:22,50923.4,50934.85,60,50958.3,30,0,109635
BANKNIFTY-III.NFO,21/11/2024,09:20:23,50923.4,50939.25,90,50962,150,0,109635
BANKNIFTY-III.NFO,21/11/2024,09:20:25,50923.4,50952.05,60,50962,150,0,109635
BANKNIFTY-III.NFO,21/11/2024,09:20:26,50923.4,50950.65,60,50962,150,0,109635
BANKNIFTY-III.NFO,21/11/2024,09:20:28,50923.4,50939.6,60,50961.95,30,0,109635
BANKNIFTY-III.NFO,21/11/2024,09:20:30,50923.4,50934.3,60,50961.95,45,0,109635
BANKNIFTY-III.NFO,21/11/2024,09:20:31,50932.65,50935.9,60,50959.3,15,15,109635
BANKNIFTY-III.NFO,21/11/2024,09:20:33,50932.65,50933.2,60,50954.3,15,0,109635
BANKNIFTY-III.NFO,21/11/2024,09:20:34,50932.65,50924.55,60,50949.2,30,0,109635
BANKNIFTY-III.NFO,21/11/2024,09:20:36,50932.65,50924.65,75,50943.1,30,0,109635
BANKNIFTY-III.NFO,21/11/2024,09:20:38,50932.65,50927.85,60,50947.85,60,0,109635
BANKNIFTY-III.NFO,21/11/2024,09:20:39,50932.65,50940.6,60,50960.85,60,0,109635
BANKNIFTY-III.NFO,21/11/2024,09:20:41,50932.65,50942.6,60,50961.95,30,0,109635
BANKNIFTY-III.NFO,21/11/2024,09:20:42,50940.55,50937.05,45,50957.85,60,90,109635
BANKNIFTY-III.NFO,21/11/2024,09:20:44,50940.55,50939.75,30,50958.15,75,0,109635
BANKNIFTY-III.NFO,21/11/2024,09:20:46,50940.55,50927.4,45,50947.8,90,0,109635
BANKNIFTY-III.NFO,21/11/2024,09:20:47,50940.55,50933.15,30,50955.45,30,0,109635
BANKNIFTY-III.NFO,21/11/2024,09:20:49,50940.55,50945.8,30,50961.95,60,0,109635
BANKNIFTY-III.NFO,21/11/2024,09:20:51,50942.9,50942.9,15,50961.95,60,15,109635
BANKNIFTY-III.NFO,21/11/2024,09:20:52,50942.9,50938.1,15,50958.85,60,0,109635
BANKNIFTY-III.NFO,21/11/2024,09:20:54,50952.9,50930.6,45,50956.4,90,15,109635
BANKNIFTY-III.NFO,21/11/2024,09:20:56,50952.9,50925.95,45,50947.4,60,0,109635
BANKNIFTY-III.NFO,21/11/2024,09:20:57,50941.8,50919.3,75,50941.8,30,60,109635
BANKNIFTY-III.NFO,21/11/2024,09:20:59,50947.9,50927.5,90,50955.05,15,15,109635
BANKNIFTY-III.NFO,21/11/2024,09:21:01,50947.9,50938.75,75,50959.5,15,0,109635
BANKNIFTY-III.NFO,21/11/2024,09:21:02,50947.9,50943.95,15,50961.95,30,0,109635
BANKNIFTY-III.NFO,21/11/2024,09:21:04,50947.9,50940.1,60,50961.95,30,0,109635
BANKNIFTY-III.NFO,21/11/2024,09:21:06,50947.9,50931.5,60,50953.4,30,0,109635
BANKNIFTY-III.NFO,21/11/2024,09:21:07,50947.9,50920.5,60,50947.2,30,0,109635
BANKNIFTY-III.NFO,21/11/2024,09:21:09,50947.15,50921.75,90,50947.15,30,15,109635
BANKNIFTY-III.NFO,21/11/2024,09:21:11,50947.15,50934.45,165,50961.95,15,0,109635
BANKNIFTY-III.NFO,21/11/2024,09:21:12,50947.15,50935.9,60,50959.95,15,0,109635
BANKNIFTY-III.NFO,21/11/2024,09:21:14,50947.15,50931.75,60,50959.9,30,0,109635
BANKNIFTY-III.NFO,21/11/2024,09:21:16,50947.15,50924.7,60,50947.5,15,0,109635
BANKNIFTY-III.NFO,21/11/2024,09:21:17,50947.15,50924.45,90,50948.1,15,0,109635
BANKNIFTY-III.NFO,21/11/2024,09:21:19,50947.15,50926.3,60,50950.3,15,0,109635
BANKNIFTY-III.NFO,21/11/2024,09:21:21,50947.15,50927.1,75,50950.3,15,0,109635
BANKNIFTY-III.NFO,21/11/2024,09:21:22,50947.15,50934.5,60,50958.75,45,0,109635
BANKNIFTY-III.NFO,21/11/2024,09:21:24,50947.15,50932,60,50950,15,0,109635
BANKNIFTY-III.NFO,21/11/2024,09:21:26,50947.15,50934.65,60,50950,15,0,109635
BANKNIFTY-III.NFO,21/11/2024,09:21:27,50947.15,50938.7,60,50950,15,0,109635
BANKNIFTY-III.NFO,21/11/2024,09:21:29,50947.15,50943.8,60,50947.15,45,0,109635
BANKNIFTY-III.NFO,21/11/2024,09:21:31,50944.15,50944.15,60,50947.15,45,15,109635
BANKNIFTY-III.NFO,21/11/2024,09:21:32,50950,50946.15,90,50962,150,60,109635
BANKNIFTY-III.NFO,21/11/2024,09:21:34,50950,50952.55,75,50962,150,0,109635
BANKNIFTY-III.NFO,21/11/2024,09:21:36,50950,50955.55,75,50962,150,0,109635
BANKNIFTY-III.NFO,21/11/2024,09:21:37,50950,50952.05,75,50962,150,0,109635
BANKNIFTY-III.NFO,21/11/2024,09:21:39,50950,50949.85,75,50962,150,0,109635
BANKNIFTY-III.NFO,21/11/2024,09:21:41,50950,50957.5,60,50962,150,0,109635
BANKNIFTY-III.NFO,21/11/2024,09:21:42,50950,50957.1,75,50962,150,0,109635
BANKNIFTY-III.NFO,21/11/2024,09:21:44,50962,50967.1,75,50974.25,15,150,109635
BANKNIFTY-III.NFO,21/11/2024,09:21:46,50962,50957.95,75,50974.25,15,0,109635
BANKNIFTY-III.NFO,21/11/2024,09:21:47,50962,50953.55,60,50973.05,60,0,109635
BANKNIFTY-III.NFO,21/11/2024,09:21:49,50962,50964.35,60,50974.25,15,0,109635
BANKNIFTY-III.NFO,21/11/2024,09:21:51,50974.25,50956.15,75,50974.35,15,15,109800
BANKNIFTY-III.NFO,21/11/2024,09:21:52,50976.5,50963.15,75,50981.05,15,15,109800
BANKNIFTY-III.NFO,21/11/2024,09:21:54,50976.5,50964,60,50986.25,30,0,109800
BANKNIFTY-III.NFO,21/11/2024,09:21:56,50976.5,50970.45,75,50986.4,15,0,109800
BANKNIFTY-III.NFO,21/11/2024,09:21:57,50976.5,50963.4,75,50982.9,30,0,109800
BANKNIFTY-III.NFO,21/11/2024,09:21:59,50967.35,50964.3,150,50983.7,30,45,109800
BANKNIFTY-III.NFO,21/11/2024,09:22:01,50967.35,50958.5,75,50976.85,75,0,109800
BANKNIFTY-III.NFO,21/11/2024,09:22:02,50967.35,50957.8,75,50977.65,105,0,109800
BANKNIFTY-III.NFO,21/11/2024,09:22:04,50961.35,50960.1,210,50979.1,75,15,109800
BANKNIFTY-III.NFO,21/11/2024,09:22:05,50961.35,50953.55,60,50975.75,75,0,109800
BANKNIFTY-III.NFO,21/11/2024,09:22:07,50961.35,50955.15,60,50970.9,30,0,109800
BANKNIFTY-III.NFO,21/11/2024,09:22:09,50961.35,50951.35,60,50967.95,75,0,109800
BANKNIFTY-III.NFO,21/11/2024,09:22:10,50961.35,50954.15,60,50970.8,75,0,109800
BANKNIFTY-III.NFO,21/11/2024,09:22:12,50961.35,50954.7,45,50975.7,90,0,109800
BANKNIFTY-III.NFO,21/11/2024,09:22:14,50961.35,50963.8,45,50981.85,60,0,109800
BANKNIFTY-III.NFO,21/11/2024,09:22:15,50980.3,50956.1,60,50984.95,15,90,109800
BANKNIFTY-III.NFO,21/11/2024,09:22:17,50980.3,50956.1,60,50977.45,15,0,109800
BANKNIFTY-III.NFO,21/11/2024,09:22:19,50980.3,50940.65,60,50977.45,15,0,109800
BANKNIFTY-III.NFO,21/11/2024,09:22:20,50980.3,50951.8,60,50974.85,45,0,109800
BANKNIFTY-III.NFO,21/11/2024,09:22:22,50980.3,50944.7,60,50969.9,15,0,109800
BANKNIFTY-III.NFO,21/11/2024,09:22:24,50980.3,50944.85,60,50969.05,30,0,109800
BANKNIFTY-III.NFO,21/11/2024,09:22:25,50980.3,50945.6,60,50965.95,60,0,109800
BANKNIFTY-III.NFO,21/11/2024,09:22:27,50980.3,50947.8,60,50974.5,15,0,109800
BANKNIFTY-III.NFO,21/11/2024,09:22:29,50980.3,50940.4,75,50963.15,15,0,109800
BANKNIFTY-III.NFO,21/11/2024,09:22:30,50980.3,50938.8,15,50958.15,15,0,109800
BANKNIFTY-III.NFO,21/11/2024,09:22:32,50980.3,50937.85,75,50959.7,45,0,109800
BANKNIFTY-III.NFO,21/11/2024,09:22:34,50980.3,50939.25,150,50956.05,15,0,109800
BANKNIFTY-III.NFO,21/11/2024,09:22:35,50980.3,50937.6,75,50957.35,30,0,109800
BANKNIFTY-III.NFO,21/11/2024,09:22:37,50980.3,50933.45,60,50940.4,45,0,109800
BANKNIFTY-III.NFO,21/11/2024,09:22:39,50980.3,50929.95,60,50940.4,45,0,109800
BANKNIFTY-III.NFO,21/11/2024,09:22:40,50980.3,50930.65,150,50940.4,45,0,109800
BANKNIFTY-III.NFO,21/11/2024,09:22:42,50956.25,50932.3,15,50954.3,45,270,109800
BANKNIFTY-III.NFO,21/11/2024,09:22:43,50956.25,50931,60,50950.75,45,0,109800
BANKNIFTY-III.NFO,21/11/2024,09:22:45,50956.25,50930.95,15,50954.6,45,0,109800
BANKNIFTY-III.NFO,21/11/2024,09:22:47,50956.25,50928.3,75,50951.45,45,0,109800
BANKNIFTY-III.NFO,21/11/2024,09:22:48,50956.25,50932.55,15,50955.15,45,0,109800
BANKNIFTY-III.NFO,21/11/2024,09:22:50,50956.25,50937.05,75,50958.5,45,0,109800
BANKNIFTY-III.NFO,21/11/2024,09:22:52,50956.25,50940.5,30,50962,15,0,109800
BANKNIFTY-III.NFO,21/11/2024,09:22:54,50956.25,50935.05,15,50955.15,90,0,109800
BANKNIFTY-III.NFO,21/11/2024,09:22:55,50956.25,50930.65,15,50951.9,30,0,109800
BANKNIFTY-III.NFO,21/11/2024,09:22:57,50951.25,50929.3,60,50950.95,45,15,109800
BANKNIFTY-III.NFO,21/11/2024,09:22:59,50951.25,50929.3,60,50949.55,15,0,109800
BANKNIFTY-III.NFO,21/11/2024,09:23:00,50951.25,50928.2,60,50950.9,30,0,109800
BANKNIFTY-III.NFO,21/11/2024,09:23:02,50948.95,50927.45,60,50948.95,30,15,109800
BANKNIFTY-III.NFO,21/11/2024,09:23:04,50948.95,50923.35,60,50947.45,30,0,109800
BANKNIFTY-III.NFO,21/11/2024,09:23:05,50948.95,50924.9,75,50947.35,30,0,109800
BANKNIFTY-III.NFO,21/11/2024,09:23:07,50948.95,50925.75,60,50947.35,30,0,109800
BANKNIFTY-III.NFO,21/11/2024,09:23:08,50948.95,50920.1,60,50944.2,30,0,109800
BANKNIFTY-III.NFO,21/11/2024,09:23:10,50948.95,50920.05,75,50941.3,30,0,109800
BANKNIFTY-III.NFO,21/11/2024,09:23:12,50948.95,50924.4,75,50944.2,30,0,109800
BANKNIFTY-III.NFO,21/11/2024,09:23:13,50948.95,50921.1,30,50939.3,45,0,109800
BANKNIFTY-III.NFO,21/11/2024,09:23:15,50948.95,50921.15,60,50944.2,30,0,109800
BANKNIFTY-III.NFO,21/11/2024,09:23:17,50948.95,50921.1,15,50934.65,45,0,109800
BANKNIFTY-III.NFO,21/11/2024,09:23:18,50948.95,50921.1,15,50932.25,60,0,109800
BANKNIFTY-III.NFO,21/11/2024,09:23:20,50920,50908.1,60,50933.6,30,30,109800
BANKNIFTY-III.NFO,21/11/2024,09:23:22,50921,50909.9,60,50933.5,45,15,109800
BANKNIFTY-III.NFO,21/11/2024,09:23:23,50921,50909.9,60,50933.4,30,0,109800
BANKNIFTY-III.NFO,21/11/2024,09:23:25,50909.9,50900.05,75,50923.85,30,15,109800
BANKNIFTY-III.NFO,21/11/2024,09:23:27,50921,50903.35,75,50922.15,15,15,109800
BANKNIFTY-III.NFO,21/11/2024,09:23:28,50921,50905.45,60,50928.65,30,0,109800
BANKNIFTY-III.NFO,21/11/2024,09:23:32,50921,50900.05,75,50920.7,15,0,109800
BANKNIFTY-III.NFO,21/11/2024,09:23:33,50921,50900.05,60,50917.25,60,0,109800
BANKNIFTY-III.NFO,21/11/2024,09:23:35,50921,50900,90,50912.2,60,0,109800
BANKNIFTY-III.NFO,21/11/2024,09:23:37,50921,50900,105,50915.15,15,0,109800
BANKNIFTY-III.NFO,21/11/2024,09:23:38,50921,50900,105,50916.8,15,0,109800
BANKNIFTY-III.NFO,21/11/2024,09:23:40,50921,50900.05,60,50918.25,45,0,109800
BANKNIFTY-III.NFO,21/11/2024,09:23:42,50921,50900,105,50915.85,15,0,109800
BANKNIFTY-III.NFO,21/11/2024,09:23:43,50921,50900.1,60,50923,30,0,109800
BANKNIFTY-III.NFO,21/11/2024,09:23:45,50921,50900.1,60,50919.9,15,0,109800
BANKNIFTY-III.NFO,21/11/2024,09:23:47,50921,50900.1,60,50919.55,30,0,109800
BANKNIFTY-III.NFO,21/11/2024,09:23:48,50920.15,50900,105,50918.4,90,105,109800
BANKNIFTY-III.NFO,21/11/2024,09:23:50,50920.15,50900.05,60,50920.5,30,0,109800
BANKNIFTY-III.NFO,21/11/2024,09:23:51,50920.15,50908.4,75,50930.55,15,0,109800
BANKNIFTY-III.NFO,21/11/2024,09:23:53,50920.15,50912.75,90,50935,30,0,109800
BANKNIFTY-III.NFO,21/11/2024,09:23:55,50920.15,50909.35,60,50933.85,45,0,109800
BANKNIFTY-III.NFO,21/11/2024,09:23:56,50920.15,50902.75,60,50920.15,15,0,109800
BANKNIFTY-III.NFO,21/11/2024,09:23:59,50920.15,50907.65,60,50930.95,15,15,109800
BANKNIFTY-III.NFO,21/11/2024,09:24:01,50920.15,50913.2,60,50934.95,30,0,109800
BANKNIFTY-III.NFO,21/11/2024,09:24:03,50920.15,50911.65,15,50932.8,120,0,109800
BANKNIFTY-III.NFO,21/11/2024,09:24:04,50920.15,50909.9,60,50920.15,15,0,109800
BANKNIFTY-III.NFO,21/11/2024,09:24:08,50920.15,50909.05,60,50929.55,15,15,109800
BANKNIFTY-III.NFO,21/11/2024,09:24:09,50920.15,50909.05,60,50929.55,15,0,109800
BANKNIFTY-III.NFO,21/11/2024,09:24:11,50920.15,50918,75,50940.2,90,0,109800
BANKNIFTY-III.NFO,21/11/2024,09:24:12,50920.15,50915.05,60,50937.5,45,15,109800
BANKNIFTY-III.NFO,21/11/2024,09:24:14,50920.15,50911.05,60,50932.3,90,0,109800
BANKNIFTY-III.NFO,21/11/2024,09:24:16,50920.15,50907,15,50927.7,45,0,109800
BANKNIFTY-III.NFO,21/11/2024,09:24:17,50920.15,50906.95,15,50915.8,75,0,109800
BANKNIFTY-III.NFO,21/11/2024,09:24:19,50920.15,50906.95,15,50916.65,90,0,109800
BANKNIFTY-III.NFO,21/11/2024,09:24:20,50920.15,50906.95,15,50912.7,75,0,109800
BANKNIFTY-III.NFO,21/11/2024,09:24:22,50906.95,50900,135,50917,15,15,109800
BANKNIFTY-III.NFO,21/11/2024,09:24:24,50906.95,50900,120,50908.3,75,0,109800
BANKNIFTY-III.NFO,21/11/2024,09:24:25,50900,50884.45,60,50912.5,60,120,109800
BANKNIFTY-III.NFO,21/11/2024,09:24:27,50900,50882.8,75,50902,15,0,109800
BANKNIFTY-III.NFO,21/11/2024,09:24:29,50900,50882.5,60,50899.35,75,0,109800
BANKNIFTY-III.NFO,21/11/2024,09:24:30,50900,50886.1,60,50903.8,75,0,109800
BANKNIFTY-III.NFO,21/11/2024,09:24:32,50900,50888.8,60,50904.5,15,0,109800
BANKNIFTY-III.NFO,21/11/2024,09:24:33,50900,50882.8,105,50902.75,90,0,109800
BANKNIFTY-III.NFO,21/11/2024,09:24:35,50900,50880.45,75,50898.1,90,0,109800
BANKNIFTY-III.NFO,21/11/2024,09:24:37,50900,50880.4,60,50898.95,15,0,109800
BANKNIFTY-III.NFO,21/11/2024,09:24:38,50900,50880.05,75,50899.2,15,0,109800
BANKNIFTY-III.NFO,21/11/2024,09:24:40,50900,50884.3,60,50911.7,15,0,109800
BANKNIFTY-III.NFO,21/11/2024,09:24:42,50900,50892.15,90,50913,90,0,109800
BANKNIFTY-III.NFO,21/11/2024,09:24:43,50900,50896.4,45,50919.75,15,0,109800
BANKNIFTY-III.NFO,21/11/2024,09:24:45,50900,50886.6,60,50908.85,90,0,109800
BANKNIFTY-III.NFO,21/11/2024,09:24:47,50900,50880.05,75,50899.2,90,0,109800
BANKNIFTY-III.NFO,21/11/2024,09:24:48,50900,50882.75,60,50908.85,45,0,109800
BANKNIFTY-III.NFO,21/11/2024,09:24:50,50900,50886.2,60,50907.65,90,0,109800
BANKNIFTY-III.NFO,21/11/2024,09:24:52,50900,50888.5,60,50908.5,45,0,109800
BANKNIFTY-III.NFO,21/11/2024,09:24:53,50900,50890.7,90,50909.7,90,0,109800
BANKNIFTY-III.NFO,21/11/2024,09:24:55,50900,50887.1,60,50906.35,15,0,109800
BANKNIFTY-III.NFO,21/11/2024,09:24:57,50900,50890.05,105,50913.1,165,0,109800
BANKNIFTY-III.NFO,21/11/2024,09:24:58,50900,50890.05,75,50909.5,15,0,109800
BANKNIFTY-III.NFO,21/11/2024,09:25:00,50900,50890,15,50912.6,45,0,109800
BANKNIFTY-III.NFO,21/11/2024,09:25:02,50890,50880.1,60,50898.85,90,15,109995
BANKNIFTY-III.NFO,21/11/2024,09:25:03,50875.05,50875,15,50892.65,15,30,109995
BANKNIFTY-III.NFO,21/11/2024,09:25:05,50875.05,50878.55,60,50899,15,0,109995
BANKNIFTY-III.NFO,21/11/2024,09:25:07,50875.05,50888.35,60,50913.15,15,0,109995
BANKNIFTY-III.NFO,21/11/2024,09:25:08,50875.05,50896.4,60,50920.85,30,0,109995
BANKNIFTY-III.NFO,21/11/2024,09:25:10,50875.05,50905.3,90,50927.7,30,0,109995
BANKNIFTY-III.NFO,21/11/2024,09:25:12,50875.05,50900.45,60,50916.5,15,0,109995
BANKNIFTY-III.NFO,21/11/2024,09:25:14,50875.05,50893.9,60,50922.8,15,0,109995
BANKNIFTY-III.NFO,21/11/2024,09:25:15,50875.05,50898.85,60,50922.9,30,0,109995
BANKNIFTY-III.NFO,21/11/2024,09:25:17,50875.05,50889.45,60,50910.15,30,0,109995
BANKNIFTY-III.NFO,21/11/2024,09:25:19,50875.05,50877.1,60,50899.25,30,0,109995
BANKNIFTY-III.NFO,21/11/2024,09:25:20,50875.05,50875.1,60,50896.1,30,0,109995
BANKNIFTY-III.NFO,21/11/2024,09:25:22,50875.05,50875.05,30,50889.5,15,0,109995
BANKNIFTY-III.NFO,21/11/2024,09:25:24,50875.05,50875.2,60,50893.45,15,0,109995
BANKNIFTY-III.NFO,21/11/2024,09:25:25,50875.05,50875.1,60,50893.2,30,0,109995
BANKNIFTY-III.NFO,21/11/2024,09:25:27,50875.05,50875.05,15,50888.6,30,0,109995
BANKNIFTY-III.NFO,21/11/2024,09:25:29,50875.05,50875.05,15,50883,30,0,109995
BANKNIFTY-III.NFO,21/11/2024,09:25:30,50875.05,50875.05,15,50878.1,15,0,109995
BANKNIFTY-III.NFO,21/11/2024,09:25:32,50855.2,50855.15,15,50869.5,60,135,109995
BANKNIFTY-III.NFO,21/11/2024,09:25:34,50855.2,50855.15,30,50869,45,0,109995
BANKNIFTY-III.NFO,21/11/2024,09:25:35,50855.2,50860.35,45,50876.05,45,0,109995
BANKNIFTY-III.NFO,21/11/2024,09:25:37,50855.2,50855.15,15,50866.25,45,0,109995
BANKNIFTY-III.NFO,21/11/2024,09:25:39,50855.2,50855.15,30,50867.85,45,0,109995
BANKNIFTY-III.NFO,21/11/2024,09:25:40,50855.2,50855.2,30,50863.85,45,0,109995
BANKNIFTY-III.NFO,21/11/2024,09:25:42,50855.2,50855.2,30,50863,45,0,109995
BANKNIFTY-III.NFO,21/11/2024,09:25:44,50855.2,50855.2,30,50861.3,75,0,109995
BANKNIFTY-III.NFO,21/11/2024,09:25:45,50855.2,50855.2,30,50863.1,45,0,109995
BANKNIFTY-III.NFO,21/11/2024,09:25:47,50855.2,50856.5,60,50870.8,45,0,109995
BANKNIFTY-III.NFO,21/11/2024,09:25:49,50855.2,50860,15,50868.65,45,0,109995
BANKNIFTY-III.NFO,21/11/2024,09:25:50,50855.2,50860,15,50870.25,45,0,109995
BANKNIFTY-III.NFO,21/11/2024,09:25:52,50855.2,50860.8,60,50875.7,45,0,109995
BANKNIFTY-III.NFO,21/11/2024,09:25:54,50855.2,50866.5,60,50880.8,75,0,109995
BANKNIFTY-III.NFO,21/11/2024,09:25:55,50855.2,50862.8,60,50881.85,45,0,109995
BANKNIFTY-III.NFO,21/11/2024,09:25:57,50855.2,50870,15,50880.6,75,0,109995
BANKNIFTY-III.NFO,21/11/2024,09:25:59,50870,50860.85,60,50879.4,210,15,109995
BANKNIFTY-III.NFO,21/11/2024,09:26:00,50870,50868.6,105,50886,45,0,109995
BANKNIFTY-III.NFO,21/11/2024,09:26:02,50870,50870.7,60,50888.65,15,0,109995
BANKNIFTY-III.NFO,21/11/2024,09:26:03,50870,50871.05,60,50888.9,60,0,109995
BANKNIFTY-III.NFO,21/11/2024,09:26:05,50870,50872.75,60,50889,150,0,109995
BANKNIFTY-III.NFO,21/11/2024,09:26:07,50870,50880.6,75,50894.1,15,0,109995
BANKNIFTY-III.NFO,21/11/2024,09:26:08,50870,50873,75,50891.05,60,0,109995
BANKNIFTY-III.NFO,21/11/2024,09:26:10,50870,50861.95,60,50881.65,60,0,109995
BANKNIFTY-III.NFO,21/11/2024,09:26:12,50870,50867.95,60,50883.95,75,0,109995
BANKNIFTY-III.NFO,21/11/2024,09:26:13,50870,50868.05,60,50890,45,0,109995
BANKNIFTY-III.NFO,21/11/2024,09:26:15,50870,50877.7,60,50899.4,60,0,109995
BANKNIFTY-III.NFO,21/11/2024,09:26:17,50870,50881.4,75,50900.8,60,0,109995
BANKNIFTY-III.NFO,21/11/2024,09:26:18,50870,50881.85,75,50900,150,0,109995
BANKNIFTY-III.NFO,21/11/2024,09:26:20,50870,50888.15,60,50900,150,0,109995
BANKNIFTY-III.NFO,21/11/2024,09:26:22,50917.5,50900.6,75,50922.8,15,165,109995
BANKNIFTY-III.NFO,21/11/2024,09:26:23,50917.5,50905.6,60,50923.15,45,0,109995
BANKNIFTY-III.NFO,21/11/2024,09:26:25,50917.5,50913.35,60,50936.8,45,0,109995
BANKNIFTY-III.NFO,21/11/2024,09:26:27,50913.35,50918.7,60,50938.3,75,15,109995
BANKNIFTY-III.NFO,21/11/2024,09:26:28,50918.65,50895.3,60,50914.7,60,15,109995
BANKNIFTY-III.NFO,21/11/2024,09:26:30,50918.65,50899.5,75,50918.7,60,0,109995
BANKNIFTY-III.NFO,21/11/2024,09:26:32,50918.65,50906.35,60,50923.35,60,0,109995
BANKNIFTY-III.NFO,21/11/2024,09:26:33,50918.65,50902.75,90,50920.95,75,0,109995
BANKNIFTY-III.NFO,21/11/2024,09:26:35,50918.65,50902.5,15,50917.45,75,0,109995
BANKNIFTY-III.NFO,21/11/2024,09:26:36,50918.65,50903.2,60,50920.8,75,0,109995
BANKNIFTY-III.NFO,21/11/2024,09:26:38,50918.65,50904.3,75,50921.45,75,0,109995
BANKNIFTY-III.NFO,21/11/2024,09:26:40,50918.65,50903.65,75,50920.1,75,0,109995
BANKNIFTY-III.NFO,21/11/2024,09:26:41,50918.65,50908.55,75,50928.4,75,0,109995
BANKNIFTY-III.NFO,21/11/2024,09:26:43,50918.65,50910.9,75,50928.4,75,0,109995
BANKNIFTY-III.NFO,21/11/2024,09:26:45,50918.65,50906.55,105,50925.5,75,0,109995
BANKNIFTY-III.NFO,21/11/2024,09:26:46,50918.65,50902.55,75,50920.35,105,0,109995
BANKNIFTY-III.NFO,21/11/2024,09:26:48,50918.65,50911.4,60,50934.7,75,0,109995
BANKNIFTY-III.NFO,21/11/2024,09:26:50,50918.65,50914.6,60,50934.3,60,0,109995
BANKNIFTY-III.NFO,21/11/2024,09:26:51,50918.65,50923.2,60,50941.9,75,0,109995
BANKNIFTY-III.NFO,21/11/2024,09:26:53,50918.65,50913,60,50937,90,0,109995
BANKNIFTY-III.NFO,21/11/2024,09:26:55,50918.65,50918,15,50931.4,75,0,109995
BANKNIFTY-III.NFO,21/11/2024,09:26:56,50912.65,50908.85,45,50928.25,75,30,109995
BANKNIFTY-III.NFO,21/11/2024,09:26:58,50912.65,50902.5,30,50916.15,60,0,109995
BANKNIFTY-III.NFO,21/11/2024,09:26:59,50912.65,50902.5,15,50913.5,60,0,109995
BANKNIFTY-III.NFO,21/11/2024,09:27:01,50912.65,50902.55,60,50922.85,60,0,109995
BANKNIFTY-III.NFO,21/11/2024,09:27:03,50912.65,50902.55,45,50917.5,60,0,109995
BANKNIFTY-III.NFO,21/11/2024,09:27:04,50912.65,50902.55,60,50919.25,60,0,109995
BANKNIFTY-III.NFO,21/11/2024,09:27:06,50912.65,50902.5,15,50912.55,60,0,109995
BANKNIFTY-III.NFO,21/11/2024,09:27:07,50912.35,50902.5,15,50912.35,75,15,109995
BANKNIFTY-III.NFO,21/11/2024,09:27:09,50912.35,50902.5,15,50906.55,60,0,109995
BANKNIFTY-III.NFO,21/11/2024,09:27:11,50881.7,50882,105,50900.15,75,105,109995
BANKNIFTY-III.NFO,21/11/2024,09:27:12,50881.7,50882.05,30,50902.45,75,0,109995
BANKNIFTY-III.NFO,21/11/2024,09:27:16,50883.65,50883.35,60,50902.45,60,75,109995
BANKNIFTY-III.NFO,21/11/2024,09:27:17,50902.5,50884.1,75,50903.35,60,90,109995
BANKNIFTY-III.NFO,21/11/2024,09:27:19,50902.5,50898.5,75,50915.7,75,0,109995
BANKNIFTY-III.NFO,21/11/2024,09:27:21,50902.5,50892.3,75,50910.85,75,0,109995
BANKNIFTY-III.NFO,21/11/2024,09:27:22,50902.5,50893.05,60,50915.55,60,0,109995
BANKNIFTY-III.NFO,21/11/2024,09:27:24,50900,50897.4,60,50922.35,15,15,109995
BANKNIFTY-III.NFO,21/11/2024,09:27:26,50900,50902.55,75,50918.75,60,0,109995
BANKNIFTY-III.NFO,21/11/2024,09:27:27,50921.4,50902.55,75,50924,60,30,109995
BANKNIFTY-III.NFO,21/11/2024,09:27:29,50921.4,50902.55,75,50921.2,105,0,109995
BANKNIFTY-III.NFO,21/11/2024,09:27:31,50921.4,50903.4,60,50924,60,0,109995
BANKNIFTY-III.NFO,21/11/2024,09:27:32,50920,50902.55,75,50920.05,30,90,109995
BANKNIFTY-III.NFO,21/11/2024,09:27:34,50900.1,50898.75,60,50923.4,90,150,109995
BANKNIFTY-III.NFO,21/11/2024,09:27:35,50900.1,50899.05,60,50920.05,90,0,109995
BANKNIFTY-III.NFO,21/11/2024,09:27:37,50900.1,50900,90,50920.05,60,0,109995
BANKNIFTY-III.NFO,21/11/2024,09:27:39,50900.1,50894.6,75,50916.95,90,0,109995
BANKNIFTY-III.NFO,21/11/2024,09:27:40,50918.3,50897,75,50916.9,60,15,109995
BANKNIFTY-III.NFO,21/11/2024,09:27:42,50918.3,50901,60,50921,45,0,109995
BANKNIFTY-III.NFO,21/11/2024,09:27:44,50918.3,50897.35,90,50919.5,45,0,109995
BANKNIFTY-III.NFO,21/11/2024,09:27:45,50897.95,50902.3,45,50922.95,60,30,109995
BANKNIFTY-III.NFO,21/11/2024,09:27:47,50897.95,50900.65,45,50922.45,60,0,109995
BANKNIFTY-III.NFO,21/11/2024,09:27:48,50897.95,50890.35,60,50913.3,105,0,109995
BANKNIFTY-III.NFO,21/11/2024,09:27:50,50913.3,50891.3,60,50913.25,75,30,109875
BANKNIFTY-III.NFO,21/11/2024,09:27:52,50913.3,50890.05,75,50907.95,45,0,109875
BANKNIFTY-III.NFO,21/11/2024,09:27:53,50913.3,50893.15,60,50913,60,0,109875
BANKNIFTY-III.NFO,21/11/2024,09:27:55,50913.3,50897.1,75,50915.9,60,0,109875
BANKNIFTY-III.NFO,21/11/2024,09:27:57,50892.8,50893.35,45,50914.55,60,165,109875
BANKNIFTY-III.NFO,21/11/2024,09:27:58,50892.8,50893.45,30,50914.55,60,0,109875
BANKNIFTY-III.NFO,21/11/2024,09:28:00,50892.8,50894.6,30,50914.55,60,0,109875
BANKNIFTY-III.NFO,21/11/2024,09:28:02,50892.8,50893.05,30,50915.85,60,0,109875
BANKNIFTY-III.NFO,21/11/2024,09:28:03,50892.8,50897.15,30,50917,60,0,109875
BANKNIFTY-III.NFO,21/11/2024,09:28:05,50892.8,50895.95,30,50916.75,15,0,109875
BANKNIFTY-III.NFO,21/11/2024,09:28:06,50892.8,50900.95,45,50922.45,60,0,109875
BANKNIFTY-III.NFO,21/11/2024,09:28:08,50892.8,50894.4,30,50916.15,60,0,109875
BANKNIFTY-III.NFO,21/11/2024,09:28:10,50892.8,50892.85,30,50913.35,60,0,109875
BANKNIFTY-III.NFO,21/11/2024,09:28:11,50888.85,50891.6,75,50912.9,15,300,109875
BANKNIFTY-III.NFO,21/11/2024,09:28:13,50888.85,50895.35,150,50916.5,15,0,109875
BANKNIFTY-III.NFO,21/11/2024,09:28:14,50888.85,50906.15,30,50927.35,15,0,109875
BANKNIFTY-III.NFO,21/11/2024,09:28:16,50888.85,50910.2,30,50934.1,15,0,109875
BANKNIFTY-III.NFO,21/11/2024,09:28:18,50888.85,50914.05,30,50936.45,60,0,109875
BANKNIFTY-III.NFO,21/11/2024,09:28:19,50914.05,50914.05,15,50938.6,15,15,109875
BANKNIFTY-III.NFO,21/11/2024,09:28:21,50914.05,50910.3,45,50932.9,60,0,109875
BANKNIFTY-III.NFO,21/11/2024,09:28:23,50914.05,50907.45,90,50929.95,60,0,109875
BANKNIFTY-III.NFO,21/11/2024,09:28:24,50914.05,50897.1,150,50920.45,60,0,109875
BANKNIFTY-III.NFO,21/11/2024,09:28:26,50914.05,50907.55,45,50914.05,15,0,109875
BANKNIFTY-III.NFO,21/11/2024,09:28:28,50903.55,50900.8,30,50914.05,15,90,109875
BANKNIFTY-III.NFO,21/11/2024,09:28:29,50914.05,50905.3,30,50929.85,60,15,109875
BANKNIFTY-III.NFO,21/11/2024,09:28:31,50929.8,50909.4,15,50929.95,15,15,109875
BANKNIFTY-III.NFO,21/11/2024,09:28:33,50929.8,50911.5,15,50930.8,60,0,109875
BANKNIFTY-III.NFO,21/11/2024,09:28:34,50929.8,50914.05,15,50926.4,60,0,109875
BANKNIFTY-III.NFO,21/11/2024,09:28:36,50929.8,50914.1,15,50930.2,60,0,109875
BANKNIFTY-III.NFO,21/11/2024,09:28:38,50929.8,50914.1,15,50933.55,15,15,109875
BANKNIFTY-III.NFO,21/11/2024,09:28:39,50929.8,50914.05,15,50927.45,90,0,109875
BANKNIFTY-III.NFO,21/11/2024,09:28:41,50929.8,50914.05,15,50927.6,60,0,109875
BANKNIFTY-III.NFO,21/11/2024,09:28:43,50914.05,50909.55,15,50932.05,60,15,109875
BANKNIFTY-III.NFO,21/11/2024,09:28:44,50914.05,50921.9,15,50943.75,60,0,109875
BANKNIFTY-III.NFO,21/11/2024,09:28:46,50914.05,50917.55,15,50937.3,90,0,109875
BANKNIFTY-III.NFO,21/11/2024,09:28:48,50914.05,50915.1,15,50936.2,60,0,109875
BANKNIFTY-III.NFO,21/11/2024,09:28:49,50914.05,50908.8,15,50931.05,60,0,109875
BANKNIFTY-III.NFO,21/11/2024,09:28:51,50905.7,50904,15,50921.9,60,225,109875
BANKNIFTY-III.NFO,21/11/2024,09:28:52,50905.7,50904,15,50924.5,60,0,109875
BANKNIFTY-III.NFO,21/11/2024,09:28:54,50905.7,50904,15,50919,90,0,109875
BANKNIFTY-III.NFO,21/11/2024,09:28:56,50905.7,50904,15,50917.2,60,0,109875
BANKNIFTY-III.NFO,21/11/2024,09:28:57,50896.55,50899.5,150,50918.65,60,300,109875
BANKNIFTY-III.NFO,21/11/2024,09:28:59,50896.55,50900.3,90,50923.3,60,0,109875
BANKNIFTY-III.NFO,21/11/2024,09:29:01,50896.55,50893.95,150,50913.55,90,0,109875
BANKNIFTY-III.NFO,21/11/2024,09:29:02,50912.5,50889.9,150,50911.3,60,15,109875
BANKNIFTY-III.NFO,21/11/2024,09:29:04,50912.5,50885.5,15,50906.1,90,0,109875
BANKNIFTY-III.NFO,21/11/2024,09:29:06,50912.5,50887.4,15,50902.25,75,0,109875
BANKNIFTY-III.NFO,21/11/2024,09:29:07,50912.5,50887.4,15,50902.15,75,0,109875
BANKNIFTY-III.NFO,21/11/2024,09:29:09,50912.5,50887.4,15,50901.85,105,0,109875
BANKNIFTY-III.NFO,21/11/2024,09:29:10,50912.5,50887.4,15,50900.75,60,0,109875
BANKNIFTY-III.NFO,21/11/2024,09:29:12,50912.5,50887.4,15,50895.95,60,0,109875
BANKNIFTY-III.NFO,21/11/2024,09:29:15,50873.2,50875.75,30,50895.5,60,375,109875
BANKNIFTY-III.NFO,21/11/2024,09:29:17,50873.2,50885.65,30,50905.1,60,0,109875
BANKNIFTY-III.NFO,21/11/2024,09:29:19,50877.6,50877.6,15,50900.65,75,15,109875
BANKNIFTY-III.NFO,21/11/2024,09:29:20,50877.6,50878.35,30,50899.85,60,0,109875
BANKNIFTY-III.NFO,21/11/2024,09:29:22,50877.6,50880.1,30,50899.7,60,0,109875
BANKNIFTY-III.NFO,21/11/2024,09:29:24,50879.35,50879.9,75,50897.8,30,495,109875
BANKNIFTY-III.NFO,21/11/2024,09:29:25,50879.35,50876.85,105,50896.4,60,0,109875
BANKNIFTY-III.NFO,21/11/2024,09:29:27,50873.25,50881,120,50902.2,30,450,109875
BANKNIFTY-III.NFO,21/11/2024,09:29:29,50873.25,50885.15,30,50902.4,30,0,109875
BANKNIFTY-III.NFO,21/11/2024,09:29:30,50873.25,50887.2,30,50902.4,30,0,109875
BANKNIFTY-III.NFO,21/11/2024,09:29:32,50873.25,50882.95,30,50899.7,30,0,109875
BANKNIFTY-III.NFO,21/11/2024,09:29:34,50873.25,50883.45,30,50899.7,30,0,109875
BANKNIFTY-III.NFO,21/11/2024,09:29:35,50873.25,50880.4,120,50896.85,30,0,109875
BANKNIFTY-III.NFO,21/11/2024,09:29:37,50880.15,50879.65,105,50895.3,30,150,109875
BANKNIFTY-III.NFO,21/11/2024,09:29:39,50880.15,50879.65,105,50897.65,15,0,109875
BANKNIFTY-III.NFO,21/11/2024,09:29:40,50880.15,50881.3,105,50896.85,60,0,109875
BANKNIFTY-III.NFO,21/11/2024,09:29:42,50880.15,50881.3,105,50899.1,60,0,109875
BANKNIFTY-III.NFO,21/11/2024,09:29:44,50880.15,50881.3,105,50894.6,30,0,109875
BANKNIFTY-III.NFO,21/11/2024,09:29:45,50880.15,50880.15,15,50893,15,0,109875
BANKNIFTY-III.NFO,21/11/2024,09:29:47,50880.15,50880.15,15,50895.65,75,0,109875
BANKNIFTY-III.NFO,21/11/2024,09:29:49,50880.15,50880.15,15,50897.55,90,0,109875
BANKNIFTY-III.NFO,21/11/2024,09:29:50,50880.15,50880.15,15,50892.8,105,0,109875
BANKNIFTY-III.NFO,21/11/2024,09:29:52,50880.15,50880.15,15,50894,60,0,109875
BANKNIFTY-III.NFO,21/11/2024,09:29:54,50880.15,50880.15,15,50889.7,45,0,109875
BANKNIFTY-III.NFO,21/11/2024,09:29:55,50880.15,50880.15,15,50894.5,60,0,109875
BANKNIFTY-III.NFO,21/11/2024,09:29:57,50880.15,50880.15,15,50894.3,105,0,109875
BANKNIFTY-III.NFO,21/11/2024,09:29:59,50880.15,50880.15,15,50888.75,30,0,109875
BANKNIFTY-III.NFO,21/11/2024,09:30:00,50880.15,50880.15,15,50898.6,90,0,109875
BANKNIFTY-III.NFO,21/11/2024,09:30:02,50880.15,50880.15,15,50891,15,0,109875
BANKNIFTY-III.NFO,21/11/2024,09:30:04,50880,50875,15,50884.15,45,30,109875
BANKNIFTY-III.NFO,21/11/2024,09:30:05,50880,50875,15,50883.2,75,0,109875
BANKNIFTY-III.NFO,21/11/2024,09:30:07,50880,50875,15,50879.15,75,0,109875
BANKNIFTY-III.NFO,21/11/2024,09:30:09,50880,50875,15,50886.55,60,0,109875
BANKNIFTY-III.NFO,21/11/2024,09:30:10,50880,50875,15,50885.2,75,0,109875
BANKNIFTY-III.NFO,21/11/2024,09:30:12,50880,50875,15,50886.75,75,0,109875
BANKNIFTY-III.NFO,21/11/2024,09:30:14,50880,50875,15,50886.05,75,0,109875
BANKNIFTY-III.NFO,21/11/2024,09:30:15,50880,50875,15,50883.5,75,0,109875
BANKNIFTY-III.NFO,21/11/2024,09:30:17,50880,50875,15,50881.95,60,0,109875
BANKNIFTY-III.NFO,21/11/2024,09:30:19,50880,50875,15,50879.4,75,0,109875
BANKNIFTY-III.NFO,21/11/2024,09:30:20,50880,50875,15,50880.5,75,0,109875
BANKNIFTY-III.NFO,21/11/2024,09:30:22,50878.75,50875,15,50878.7,60,15,109875
BANKNIFTY-III.NFO,21/11/2024,09:30:24,50878.75,50875,15,50879.5,60,0,109875
BANKNIFTY-III.NFO,21/11/2024,09:30:25,50878.75,50875,15,50879.9,60,0,109875
BANKNIFTY-III.NFO,21/11/2024,09:30:27,50878.75,50875,15,50881.8,60,0,109875
BANKNIFTY-III.NFO,21/11/2024,09:30:29,50878.75,50875,15,50881.45,60,0,109875
BANKNIFTY-III.NFO,21/11/2024,09:30:30,50878.75,50875,15,50880.95,75,0,109875
BANKNIFTY-III.NFO,21/11/2024,09:30:32,50878.75,50875,15,50887.4,60,0,109875
BANKNIFTY-III.NFO,21/11/2024,09:30:34,50878.75,50875,15,50878.75,75,0,109875
BANKNIFTY-III.NFO,21/11/2024,09:30:35,50878.75,50875,15,50880.55,60,0,109875
BANKNIFTY-III.NFO,21/11/2024,09:30:37,50889.8,50875.05,30,50889.55,30,15,109875
BANKNIFTY-III.NFO,21/11/2024,09:30:39,50889.8,50875.05,30,50892.35,45,0,109875
BANKNIFTY-III.NFO,21/11/2024,09:30:40,50889.8,50875,15,50882.4,60,0,109875
BANKNIFTY-III.NFO,21/11/2024,09:30:42,50875,50860,15,50876.5,60,15,109875
BANKNIFTY-III.NFO,21/11/2024,09:30:43,50875,50860,15,50871.6,60,0,109875
BANKNIFTY-III.NFO,21/11/2024,09:30:45,50875,50860.05,30,50874.1,60,0,109875
BANKNIFTY-III.NFO,21/11/2024,09:30:47,50875,50860,15,50872,105,0,109875
BANKNIFTY-III.NFO,21/11/2024,09:30:48,50869.1,50860,15,50870,105,15,109875
BANKNIFTY-III.NFO,21/11/2024,09:30:50,50869.1,50860,15,50869.8,90,0,109875
BANKNIFTY-III.NFO,21/11/2024,09:30:52,50869.1,50860.05,45,50873.35,30,0,109875
BANKNIFTY-III.NFO,21/11/2024,09:30:53,50869.1,50860.35,45,50879.45,30,0,109875
BANKNIFTY-III.NFO,21/11/2024,09:30:55,50869.1,50879.5,45,50896.45,45,0,109875
BANKNIFTY-III.NFO,21/11/2024,09:30:57,50869.1,50873.25,45,50889.75,30,0,109875
BANKNIFTY-III.NFO,21/11/2024,09:30:58,50869.1,50867.4,45,50887.25,60,0,109875
BANKNIFTY-III.NFO,21/11/2024,09:31:00,50869.1,50860.05,45,50878.25,60,0,109875
BANKNIFTY-III.NFO,21/11/2024,09:31:02,50869.1,50860,15,50868.35,15,0,109875
BANKNIFTY-III.NFO,21/11/2024,09:31:03,50869.1,50860,15,50868,75,0,109875
BANKNIFTY-III.NFO,21/11/2024,09:31:05,50855,50851,15,50862.25,75,60,108270
BANKNIFTY-III.NFO,21/11/2024,09:31:07,50855,50851,15,50863.95,105,0,108270
BANKNIFTY-III.NFO,21/11/2024,09:31:08,50855,50851,15,50858.95,75,0,108270
BANKNIFTY-III.NFO,21/11/2024,09:31:10,50863.15,50851.05,30,50868.75,15,450,108270
BANKNIFTY-III.NFO,21/11/2024,09:31:12,50863.15,50851,15,50863.6,60,0,108270
BANKNIFTY-III.NFO,21/11/2024,09:31:13,50863.15,50851,15,50865.25,30,0,108270
BANKNIFTY-III.NFO,21/11/2024,09:31:15,50863.15,50851,15,50865.45,60,0,108270
BANKNIFTY-III.NFO,21/11/2024,09:31:17,50863.15,50851,30,50863.1,15,0,108270
BANKNIFTY-III.NFO,21/11/2024,09:31:18,50863.15,50851,15,50859.2,30,0,108270
BANKNIFTY-III.NFO,21/11/2024,09:31:20,50863.15,50851,15,50862,15,0,108270
BANKNIFTY-III.NFO,21/11/2024,09:31:22,50863.15,50851,15,50863.1,15,0,108270
BANKNIFTY-III.NFO,21/11/2024,09:31:23,50851,50852,15,50863.25,15,15,108270
BANKNIFTY-III.NFO,21/11/2024,09:31:25,50851,50852,15,50864.45,15,0,108270
BANKNIFTY-III.NFO,21/11/2024,09:31:27,50851,50852,15,50860.9,15,0,108270
BANKNIFTY-III.NFO,21/11/2024,09:31:28,50852,50850.15,30,50859.65,30,15,108270
BANKNIFTY-III.NFO,21/11/2024,09:31:30,50852,50850.15,30,50859.1,30,0,108270
BANKNIFTY-III.NFO,21/11/2024,09:31:31,50850.15,50850.15,15,50856.95,30,15,108270
BANKNIFTY-III.NFO,21/11/2024,09:31:33,50856.95,50850.15,15,50859.45,30,15,108270
BANKNIFTY-III.NFO,21/11/2024,09:31:35,50850.15,50850,60,50857.1,30,15,108270
BANKNIFTY-III.NFO,21/11/2024,09:31:36,50850,50839,15,50855.35,30,60,108270
BANKNIFTY-III.NFO,21/11/2024,09:31:36,50850,50839,15,50855.35,30,0,108270
BANKNIFTY-III.NFO,21/11/2024,09:31:38,50839,50826.65,30,50845.2,75,15,108270
BANKNIFTY-III.NFO,21/11/2024,09:31:38,50839,50826.65,30,50845.2,75,0,108270
BANKNIFTY-III.NFO,21/11/2024,09:31:40,50821.95,50820.1,30,50834.55,15,90,108270
BANKNIFTY-III.NFO,21/11/2024,09:31:40,50821.95,50820.1,30,50834.55,15,0,108270
BANKNIFTY-III.NFO,21/11/2024,09:31:41,50821.95,50816.9,15,50830.5,45,0,108270
BANKNIFTY-III.NFO,21/11/2024,09:31:43,50818,50810,45,50818.1,15,60,108270
BANKNIFTY-III.NFO,21/11/2024,09:31:43,50816.9,50810,45,50818.1,15,0,108270
BANKNIFTY-III.NFO,21/11/2024,09:31:45,50808,50805,75,50810.65,165,60,108270
BANKNIFTY-III.NFO,21/11/2024,09:31:45,50808,50805,75,50810.65,165,0,108270
BANKNIFTY-III.NFO,21/11/2024,09:31:46,50805,50805,60,50810.7,30,30,108270
BANKNIFTY-III.NFO,21/11/2024,09:31:46,50805,50805,60,50810.7,30,0,108270
BANKNIFTY-III.NFO,21/11/2024,09:31:48,50805,50801,75,50806.7,30,60,108270
BANKNIFTY-III.NFO,21/11/2024,09:31:50,50801,50801,60,50807.3,45,15,108270
BANKNIFTY-III.NFO,21/11/2024,09:31:50,50801,50801,60,50807.3,45,0,108270
BANKNIFTY-III.NFO,21/11/2024,09:31:51,50801,50801,60,50807.3,30,0,108270
BANKNIFTY-III.NFO,21/11/2024,09:31:53,50801,50800,255,50801,15,75,108270
BANKNIFTY-III.NFO,21/11/2024,09:31:55,50800,50800,195,50801,15,60,108270
BANKNIFTY-III.NFO,21/11/2024,09:31:55,50800,50800,195,50801,15,0,108270
BANKNIFTY-III.NFO,21/11/2024,09:31:56,50800,50780.65,60,50795.5,75,195,108270
BANKNIFTY-III.NFO,21/11/2024,09:31:58,50800,50783,60,50799.35,75,0,108270
BANKNIFTY-III.NFO,21/11/2024,09:32:00,50800,50785.3,60,50799.65,60,0,108270
BANKNIFTY-III.NFO,21/11/2024,09:32:01,50800,50781.65,60,50800.1,30,15,108270
BANKNIFTY-III.NFO,21/11/2024,09:32:03,50800,50780.6,30,50800.1,45,0,108270
BANKNIFTY-III.NFO,21/11/2024,09:32:05,50800,50774.55,60,50793.95,30,0,108270
BANKNIFTY-III.NFO,21/11/2024,09:32:06,50768.05,50751.05,60,50791.6,45,30,108270
BANKNIFTY-III.NFO,21/11/2024,09:32:06,50768.05,50751.05,60,50791.6,45,0,108270
BANKNIFTY-III.NFO,21/11/2024,09:32:08,50768.05,50750,30,50766.8,30,0,108270
BANKNIFTY-III.NFO,21/11/2024,09:32:10,50768.05,50750.15,60,50780.8,30,0,108270
BANKNIFTY-III.NFO,21/11/2024,09:32:11,50768.05,50754.45,75,50778.3,75,0,108270
BANKNIFTY-III.NFO,21/11/2024,09:32:13,50768.05,50763.65,45,50776.85,60,0,108270
BANKNIFTY-III.NFO,21/11/2024,09:32:15,50768.05,50761.75,30,50776.55,60,45,108270
BANKNIFTY-III.NFO,21/11/2024,09:32:16,50777,50766.55,75,50786.15,150,15,108270
BANKNIFTY-III.NFO,21/11/2024,09:32:18,50770,50768.05,15,50770,60,90,108270
BANKNIFTY-III.NFO,21/11/2024,09:32:19,50776.85,50768.05,15,50778.1,150,90,108270
BANKNIFTY-III.NFO,21/11/2024,09:32:21,50776.85,50768.05,15,50778.1,150,0,108270
BANKNIFTY-III.NFO,21/11/2024,09:32:23,50768.05,50752.45,45,50768.05,135,15,108270
BANKNIFTY-III.NFO,21/11/2024,09:32:24,50752.45,50751.05,60,50764.05,30,45,108270
BANKNIFTY-III.NFO,21/11/2024,09:32:24,50752.45,50751.05,60,50764.05,30,0,108270
BANKNIFTY-III.NFO,21/11/2024,09:32:26,50752.45,50755.8,75,50768.05,135,0,108270
BANKNIFTY-III.NFO,21/11/2024,09:32:28,50752.45,50752.65,75,50768,15,0,108270
BANKNIFTY-III.NFO,21/11/2024,09:32:29,50751.75,50751.75,60,50765.15,45,45,108270
BANKNIFTY-III.NFO,21/11/2024,09:32:29,50751.75,50751.75,60,50765.15,45,0,108270
BANKNIFTY-III.NFO,21/11/2024,09:32:31,50751.75,50750,45,50761.45,45,0,108270
BANKNIFTY-III.NFO,21/11/2024,09:32:33,50750,50750,30,50757.05,45,15,108270
BANKNIFTY-III.NFO,21/11/2024,09:32:33,50750,50750,30,50757.05,45,0,108270
BANKNIFTY-III.NFO,21/11/2024,09:32:34,50751.75,50737.85,15,50751.75,255,345,108270
BANKNIFTY-III.NFO,21/11/2024,09:32:34,50735.5,50737.85,15,50751.75,255,0,108270
BANKNIFTY-III.NFO,21/11/2024,09:32:36,50751.75,50736.6,45,50751.75,405,0,108270
BANKNIFTY-III.NFO,21/11/2024,09:32:38,50751.75,50734.8,15,50751.5,60,0,108270
BANKNIFTY-III.NFO,21/11/2024,09:32:39,50751.75,50728.05,15,50749.9,60,0,108270
BANKNIFTY-III.NFO,21/11/2024,09:32:41,50751.75,50730.05,15,50747.85,30,0,108270
BANKNIFTY-III.NFO,21/11/2024,09:32:43,50728.6,50723.1,135,50749.7,60,30,108270
BANKNIFTY-III.NFO,21/11/2024,09:32:43,50728.6,50723.1,135,50749.7,60,0,108270
BANKNIFTY-III.NFO,21/11/2024,09:32:44,50749.95,50723.15,30,50749.8,30,15,108270
BANKNIFTY-III.NFO,21/11/2024,09:32:46,50749.95,50725.65,30,50747.45,30,0,108270
BANKNIFTY-III.NFO,21/11/2024,09:32:47,50749.95,50728.2,30,50750,30,0,108270
BANKNIFTY-III.NFO,21/11/2024,09:32:49,50751.15,50724.55,30,50747,30,60,108270
BANKNIFTY-III.NFO,21/11/2024,09:32:51,50751.15,50725.6,30,50747.65,60,0,108270
BANKNIFTY-III.NFO,21/11/2024,09:32:52,50751.15,50730.1,30,50750,90,0,108270
BANKNIFTY-III.NFO,21/11/2024,09:32:54,50730.05,50730.1,30,50751.15,90,60,108270
BANKNIFTY-III.NFO,21/11/2024,09:32:56,50751.15,50731.35,30,50751.15,60,15,108270
BANKNIFTY-III.NFO,21/11/2024,09:32:57,50751.15,50732.85,30,50751.15,60,0,108270
BANKNIFTY-III.NFO,21/11/2024,09:32:59,50751.15,50730.1,30,50751.1,15,0,108270
BANKNIFTY-III.NFO,21/11/2024,09:33:01,50735.5,50730.05,15,50738.6,60,90,108270
BANKNIFTY-III.NFO,21/11/2024,09:33:02,50735.5,50730.05,15,50736.45,105,0,108270
BANKNIFTY-III.NFO,21/11/2024,09:33:04,50730.05,50730.1,75,50740.05,60,15,108270
BANKNIFTY-III.NFO,21/11/2024,09:33:06,50730.05,50730.1,75,50734,60,0,108270
BANKNIFTY-III.NFO,21/11/2024,09:33:07,50733,50725,30,50739.3,15,345,108270
BANKNIFTY-III.NFO,21/11/2024,09:33:09,50710,50701,60,50716.15,120,375,108270
BANKNIFTY-III.NFO,21/11/2024,09:33:09,50710,50701,60,50716.15,120,0,108270
BANKNIFTY-III.NFO,21/11/2024,09:33:11,50685,50685,60,50704.25,15,975,108270
BANKNIFTY-III.NFO,21/11/2024,09:33:11,50685,50685,60,50704.25,15,0,108270
BANKNIFTY-III.NFO,21/11/2024,09:33:12,50685,50685,60,50702.4,30,0,108270
BANKNIFTY-III.NFO,21/11/2024,09:33:14,50685,50680.95,75,50704.35,30,105,108270
BANKNIFTY-III.NFO,21/11/2024,09:33:16,50685,50684.15,60,50705.95,135,0,108270
BANKNIFTY-III.NFO,21/11/2024,09:33:17,50685,50700,15,50707.45,30,75,108270
BANKNIFTY-III.NFO,21/11/2024,09:33:19,50685,50700,15,50712.9,15,0,108270
BANKNIFTY-III.NFO,21/11/2024,09:33:20,50685,50700,15,50711.1,165,0,108270
BANKNIFTY-III.NFO,21/11/2024,09:33:22,50685,50700,15,50709.2,135,0,108270
BANKNIFTY-III.NFO,21/11/2024,09:33:24,50685,50700,15,50714,120,0,108270
BANKNIFTY-III.NFO,21/11/2024,09:33:25,50685,50700,15,50709,165,0,108270
BANKNIFTY-III.NFO,21/11/2024,09:33:27,50701,50701,270,50717.55,135,30,108270
BANKNIFTY-III.NFO,21/11/2024,09:33:29,50713.15,50701,270,50713.1,120,15,108270
BANKNIFTY-III.NFO,21/11/2024,09:33:30,50701.1,50701,270,50714.7,165,30,108270
BANKNIFTY-III.NFO,21/11/2024,09:33:32,50701,50700,15,50706.35,120,270,108270
BANKNIFTY-III.NFO,21/11/2024,09:33:34,50707.4,50700,15,50703.6,120,15,108270
BANKNIFTY-III.NFO,21/11/2024,09:33:35,50700,50685,60,50695,120,15,108270
BANKNIFTY-III.NFO,21/11/2024,09:33:37,50685,50685,15,50693.1,135,45,108270
BANKNIFTY-III.NFO,21/11/2024,09:33:39,50693.75,50685,15,50690.95,135,15,108270
BANKNIFTY-III.NFO,21/11/2024,09:33:40,50685,50680,60,50684.95,135,15,108270
BANKNIFTY-III.NFO,21/11/2024,09:33:42,50680,50675,15,50682.25,135,60,108270
BANKNIFTY-III.NFO,21/11/2024,09:33:42,50680,50675,15,50682.25,135,0,108270
BANKNIFTY-III.NFO,21/11/2024,09:33:43,50680,50675,15,50681.2,135,0,108270
BANKNIFTY-III.NFO,21/11/2024,09:33:45,50676.4,50663.2,45,50680.2,120,30,108270
BANKNIFTY-III.NFO,21/11/2024,09:33:45,50675,50663.2,45,50680.2,120,0,108270
BANKNIFTY-III.NFO,21/11/2024,09:33:47,50663.2,50668.7,30,50681.25,75,15,108270
BANKNIFTY-III.NFO,21/11/2024,09:33:47,50663.2,50668.7,30,50681.25,75,0,108270
BANKNIFTY-III.NFO,21/11/2024,09:33:48,50663.2,50672.45,30,50683.3,75,0,108270
BANKNIFTY-III.NFO,21/11/2024,09:33:50,50663.2,50670.2,30,50683.45,120,0,108270
BANKNIFTY-III.NFO,21/11/2024,09:33:52,50663.2,50665.1,30,50682.5,135,0,108270
BANKNIFTY-III.NFO,21/11/2024,09:33:53,50663.2,50663.25,30,50678.8,150,0,108270
BANKNIFTY-III.NFO,21/11/2024,09:33:55,50663.2,50665.85,45,50680.7,120,0,108270
BANKNIFTY-III.NFO,21/11/2024,09:33:57,50666.95,50667,30,50680.7,75,60,108750
BANKNIFTY-III.NFO,21/11/2024,09:33:58,50666.95,50663.25,30,50679.85,120,0,108750
BANKNIFTY-III.NFO,21/11/2024,09:34:00,50666.95,50663.2,15,50676.05,120,0,108750
BANKNIFTY-III.NFO,21/11/2024,09:34:02,50666.95,50663.2,15,50678.8,120,0,108750
BANKNIFTY-III.NFO,21/11/2024,09:34:04,50666.95,50663.25,45,50689.1,120,0,108750
BANKNIFTY-III.NFO,21/11/2024,09:34:05,50666.95,50685,30,50700,15,0,108750
BANKNIFTY-III.NFO,21/11/2024,09:34:07,50683.8,50676.85,75,50698.4,165,45,108750
BANKNIFTY-III.NFO,21/11/2024,09:34:09,50683.8,50668.35,30,50688.45,120,0,108750
BANKNIFTY-III.NFO,21/11/2024,09:34:10,50681.7,50663.75,15,50681.7,120,15,108750
BANKNIFTY-III.NFO,21/11/2024,09:34:12,50681.7,50683.8,15,50687.95,15,0,108750
BANKNIFTY-III.NFO,21/11/2024,09:34:14,50681.7,50683.8,15,50685.95,15,0,108750
BANKNIFTY-III.NFO,21/11/2024,09:34:15,50683.8,50662.05,30,50681.45,30,15,108750
BANKNIFTY-III.NFO,21/11/2024,09:34:17,50683.8,50670.05,45,50683,15,0,108750
BANKNIFTY-III.NFO,21/11/2024,09:34:19,50683.8,50668.7,45,50683,15,0,108750
BANKNIFTY-III.NFO,21/11/2024,09:34:20,50683.8,50670.4,45,50683,15,0,108750
BANKNIFTY-III.NFO,21/11/2024,09:34:22,50683.8,50670.4,15,50683,15,0,108750
BANKNIFTY-III.NFO,21/11/2024,09:34:25,50683.8,50663.4,15,50680.3,30,0,108750
BANKNIFTY-III.NFO,21/11/2024,09:34:27,50680.3,50660.05,15,50676.85,120,15,108750
BANKNIFTY-III.NFO,21/11/2024,09:34:29,50680.3,50660,30,50673.25,120,0,108750
BANKNIFTY-III.NFO,21/11/2024,09:34:30,50672.2,50660,30,50672.2,120,105,108750
BANKNIFTY-III.NFO,21/11/2024,09:34:32,50672.2,50660,30,50674.9,135,0,108750
BANKNIFTY-III.NFO,21/11/2024,09:34:34,50672.2,50660,45,50673.6,120,0,108750
BANKNIFTY-III.NFO,21/11/2024,09:34:35,50672.2,50660,45,50673.6,135,0,108750
BANKNIFTY-III.NFO,21/11/2024,09:34:37,50660,50660.05,30,50665,135,30,108750
BANKNIFTY-III.NFO,21/11/2024,09:34:37,50660,50660.05,30,50665,135,0,108750
BANKNIFTY-III.NFO,21/11/2024,09:34:39,50660,50655,45,50660,105,60,108750
BANKNIFTY-III.NFO,21/11/2024,09:34:40,50655,50655,15,50659.95,90,30,108750
BANKNIFTY-III.NFO,21/11/2024,09:34:40,50655,50655,15,50659.95,90,0,108750
BANKNIFTY-III.NFO,21/11/2024,09:34:42,50658.3,50651,15,50658.2,90,30,108750
BANKNIFTY-III.NFO,21/11/2024,09:34:44,50653.6,50632.2,165,50652.4,90,60,108750
BANKNIFTY-III.NFO,21/11/2024,09:34:44,50650,50632.2,165,50652.4,90,0,108750
BANKNIFTY-III.NFO,21/11/2024,09:34:45,50653.6,50632.2,165,50651.6,60,0,108750
BANKNIFTY-III.NFO,21/11/2024,09:34:47,50653.6,50632.2,165,50649.95,75,0,108750
BANKNIFTY-III.NFO,21/11/2024,09:34:49,50653.6,50631.4,165,50648.95,75,0,108750
BANKNIFTY-III.NFO,21/11/2024,09:34:50,50653.6,50629.4,165,50647.35,75,0,108750
BANKNIFTY-III.NFO,21/11/2024,09:34:52,50653.6,50629.4,165,50647.1,60,0,108750
BANKNIFTY-III.NFO,21/11/2024,09:34:54,50653.6,50626.15,150,50643.8,60,0,108750
BANKNIFTY-III.NFO,21/11/2024,09:34:55,50653.6,50626.15,150,50642.6,60,0,108750
BANKNIFTY-III.NFO,21/11/2024,09:34:57,50653.6,50620,30,50633.15,60,0,108750
BANKNIFTY-III.NFO,21/11/2024,09:34:58,50653.6,50620.3,30,50634.35,60,0,108750
BANKNIFTY-III.NFO,21/11/2024,09:35:00,50653.6,50620,30,50627.4,90,0,108750
BANKNIFTY-III.NFO,21/11/2024,09:35:02,50620,50620,15,50626.55,75,15,108750
BANKNIFTY-III.NFO,21/11/2024,09:35:02,50620,50620,15,50626.55,75,0,108750
BANKNIFTY-III.NFO,21/11/2024,09:35:03,50620,50620.05,165,50634.95,60,0,108750
BANKNIFTY-III.NFO,21/11/2024,09:35:05,50620.05,50620,15,50634.85,105,60,108750
BANKNIFTY-III.NFO,21/11/2024,09:35:07,50620.05,50620.1,135,50634.85,105,15,108750
BANKNIFTY-III.NFO,21/11/2024,09:35:08,50620,50620.05,165,50635,150,15,108750
BANKNIFTY-III.NFO,21/11/2024,09:35:10,50627.8,50630.1,120,50635,90,75,108750
BANKNIFTY-III.NFO,21/11/2024,09:35:12,50650,50635.1,150,50650,15,105,108750
BANKNIFTY-III.NFO,21/11/2024,09:35:13,50635.35,50630.7,45,50649.65,120,150,108750
BANKNIFTY-III.NFO,21/11/2024,09:35:15,50629.05,50629.05,45,50650,30,15,108750
BANKNIFTY-III.NFO,21/11/2024,09:35:17,50645.6,50635,105,50641.05,45,15,108750
BANKNIFTY-III.NFO,21/11/2024,09:35:18,50635,50615,15,50634.8,135,105,108750
BANKNIFTY-III.NFO,21/11/2024,09:35:20,50631.15,50614.95,15,50626.2,150,15,108750
BANKNIFTY-III.NFO,21/11/2024,09:35:22,50631.15,50614.95,15,50625.55,15,0,108750
BANKNIFTY-III.NFO,21/11/2024,09:35:23,50617.3,50614.95,15,50628.05,120,15,108750
BANKNIFTY-III.NFO,21/11/2024,09:35:23,50617.3,50614.95,15,50628.05,120,0,108750
BANKNIFTY-III.NFO,21/11/2024,09:35:25,50614.95,50610.05,15,50617.15,135,15,108750
BANKNIFTY-III.NFO,21/11/2024,09:35:25,50614.95,50610.05,15,50617.15,135,0,108750
BANKNIFTY-III.NFO,21/11/2024,09:35:27,50612.55,50601,360,50616.45,135,30,108750
BANKNIFTY-III.NFO,21/11/2024,09:35:27,50610.05,50601,360,50616.45,135,0,108750
BANKNIFTY-III.NFO,21/11/2024,09:35:28,50601.05,50601,390,50615.8,105,105,108750
BANKNIFTY-III.NFO,21/11/2024,09:35:28,50601.05,50601,390,50615.8,105,0,108750
BANKNIFTY-III.NFO,21/11/2024,09:35:30,50600,50569.9,135,50590.7,105,435,108750
BANKNIFTY-III.NFO,21/11/2024,09:35:30,50600,50569.9,135,50590.7,105,0,108750
BANKNIFTY-III.NFO,21/11/2024,09:35:32,50594.5,50573.15,120,50607.2,90,15,108750
BANKNIFTY-III.NFO,21/11/2024,09:35:32,50594.5,50573.15,120,50607.2,90,0,108750
BANKNIFTY-III.NFO,21/11/2024,09:35:33,50594.5,50591.5,150,50615.45,120,0,108750
BANKNIFTY-III.NFO,21/11/2024,09:35:35,50591.5,50593.05,135,50613.1,135,195,108750
BANKNIFTY-III.NFO,21/11/2024,09:35:35,50591.5,50593.05,135,50613.1,135,0,108750
BANKNIFTY-III.NFO,21/11/2024,09:35:37,50591.5,50591.5,135,50609.5,120,0,108750
BANKNIFTY-III.NFO,21/11/2024,09:35:38,50594,50591.5,120,50610.95,15,165,108750
BANKNIFTY-III.NFO,21/11/2024,09:35:40,50594,50596.3,120,50610.95,15,0,108750
BANKNIFTY-III.NFO,21/11/2024,09:35:42,50594,50591.5,105,50607.65,150,0,108750
BANKNIFTY-III.NFO,21/11/2024,09:35:43,50594,50591.5,105,50604.4,120,0,108750
BANKNIFTY-III.NFO,21/11/2024,09:35:45,50604.4,50591.55,135,50610.9,120,15,108750
BANKNIFTY-III.NFO,21/11/2024,09:35:46,50604.45,50591.6,135,50610.9,120,15,108750
BANKNIFTY-III.NFO,21/11/2024,09:35:48,50591.65,50591.65,135,50610.9,135,15,108750
BANKNIFTY-III.NFO,21/11/2024,09:35:50,50617.25,50600.1,150,50615.1,30,150,108750
BANKNIFTY-III.NFO,21/11/2024,09:35:51,50600.1,50604.5,120,50626,120,150,108750
BANKNIFTY-III.NFO,21/11/2024,09:35:53,50600.1,50617.25,30,50635.05,120,0,108750
BANKNIFTY-III.NFO,21/11/2024,09:35:55,50617.3,50617.3,60,50640.75,120,60,108750
BANKNIFTY-III.NFO,21/11/2024,09:35:56,50617.4,50625.8,90,50646.05,135,105,108750
BANKNIFTY-III.NFO,21/11/2024,09:35:58,50628.3,50628.45,15,50646.15,30,30,108750
BANKNIFTY-III.NFO,21/11/2024,09:36:00,50639.75,50619.5,90,50638.35,30,15,108750
BANKNIFTY-III.NFO,21/11/2024,09:36:01,50639.75,50617.25,15,50632.8,120,0,108750
BANKNIFTY-III.NFO,21/11/2024,09:36:03,50628.95,50617.3,15,50627.55,135,60,108750
BANKNIFTY-III.NFO,21/11/2024,09:36:05,50617.25,50604.45,15,50622.65,120,30,108750
BANKNIFTY-III.NFO,21/11/2024,09:36:06,50604.45,50600.1,105,50617.05,120,15,108750
BANKNIFTY-III.NFO,21/11/2024,09:36:08,50604.05,50600,15,50608.65,135,165,108750
BANKNIFTY-III.NFO,21/11/2024,09:36:10,50616.3,50600,15,50611.3,120,15,108750
BANKNIFTY-III.NFO,21/11/2024,09:36:11,50600,50590,15,50603.7,120,15,108750
BANKNIFTY-III.NFO,21/11/2024,09:36:13,50600,50590,15,50603.9,120,0,108750
BANKNIFTY-III.NFO,21/11/2024,09:36:15,50600,50590.05,135,50604.95,105,0,108750
BANKNIFTY-III.NFO,21/11/2024,09:36:16,50600,50590,15,50604.35,105,0,108750
BANKNIFTY-III.NFO,21/11/2024,09:36:18,50600,50595.8,15,50612.8,120,0,108750
BANKNIFTY-III.NFO,21/11/2024,09:36:20,50600,50600,90,50609.75,105,0,108750
BANKNIFTY-III.NFO,21/11/2024,09:36:21,50600,50601.1,120,50619.95,105,150,108750
BANKNIFTY-III.NFO,21/11/2024,09:36:23,50600,50600,180,50608.4,105,0,108750
BANKNIFTY-III.NFO,21/11/2024,09:36:25,50600,50600,165,50609.2,105,15,108750
BANKNIFTY-III.NFO,21/11/2024,09:36:26,50600,50600.05,120,50619.1,120,0,108750
BANKNIFTY-III.NFO,21/11/2024,09:36:28,50600,50600,150,50610.8,90,45,108750
BANKNIFTY-III.NFO,21/11/2024,09:36:30,50600,50600,150,50609.35,75,0,108750
BANKNIFTY-III.NFO,21/11/2024,09:36:31,50600,50600,30,50601.7,30,135,108750
BANKNIFTY-III.NFO,21/11/2024,09:36:33,50604.15,50600,30,50604.15,15,15,108750
BANKNIFTY-III.NFO,21/11/2024,09:36:35,50600,50600,135,50604,75,90,108750
BANKNIFTY-III.NFO,21/11/2024,09:36:36,50600,50600,135,50604,75,0,108750
BANKNIFTY-III.NFO,21/11/2024,09:36:38,50614,50601.3,45,50614.1,75,15,108750
BANKNIFTY-III.NFO,21/11/2024,09:36:40,50614,50610,30,50622.8,15,0,108750
BANKNIFTY-III.NFO,21/11/2024,09:36:41,50632.95,50614.75,135,50628.5,15,180,108750
BANKNIFTY-III.NFO,21/11/2024,09:36:43,50628.45,50613.95,120,50628.05,15,15,108750
BANKNIFTY-III.NFO,21/11/2024,09:36:44,50628.45,50612.05,135,50630.2,30,0,108750
BANKNIFTY-III.NFO,21/11/2024,09:36:46,50628.45,50606.15,120,50629.45,60,90,108750
BANKNIFTY-III.NFO,21/11/2024,09:36:48,50628.45,50612.35,165,50629.45,45,0,108750
BANKNIFTY-III.NFO,21/11/2024,09:36:49,50628.45,50612.15,135,50636.05,15,0,108750
BANKNIFTY-III.NFO,21/11/2024,09:36:51,50644,50622.15,120,50643.95,60,45,108270
BANKNIFTY-III.NFO,21/11/2024,09:36:53,50644,50628.45,15,50643.45,30,0,108270
BANKNIFTY-III.NFO,21/11/2024,09:36:54,50644,50633.6,150,50649.95,45,0,108270
BANKNIFTY-III.NFO,21/11/2024,09:36:56,50649.25,50633.45,120,50649.85,15,30,108270
BANKNIFTY-III.NFO,21/11/2024,09:36:58,50649.25,50630.9,120,50649.9,45,0,108270
BANKNIFTY-III.NFO,21/11/2024,09:36:59,50649.25,50649.2,105,50649.95,45,0,108270
BANKNIFTY-III.NFO,21/11/2024,09:37:01,50649.2,50628.5,135,50649.9,30,105,108270
BANKNIFTY-III.NFO,21/11/2024,09:37:03,50649.9,50628.45,15,50646.05,30,15,108270
BANKNIFTY-III.NFO,21/11/2024,09:37:04,50628.45,50612.05,120,50630.15,30,15,108270
BANKNIFTY-III.NFO,21/11/2024,09:37:06,50628.45,50612,15,50621.7,30,0,108270
BANKNIFTY-III.NFO,21/11/2024,09:37:08,50628.45,50612,15,50623.5,30,0,108270
BANKNIFTY-III.NFO,21/11/2024,09:37:09,50628.45,50612,15,50620.95,30,0,108270
BANKNIFTY-III.NFO,21/11/2024,09:37:11,50612,50607.65,30,50615.5,30,15,108270
BANKNIFTY-III.NFO,21/11/2024,09:37:13,50612,50604.25,135,50619.3,45,0,108270
BANKNIFTY-III.NFO,21/11/2024,09:37:14,50625,50606.5,135,50624.85,45,90,108270
BANKNIFTY-III.NFO,21/11/2024,09:37:16,50625,50615.9,120,50639.95,45,0,108270
BANKNIFTY-III.NFO,21/11/2024,09:37:18,50625,50612.05,120,50635,30,0,108270
BANKNIFTY-III.NFO,21/11/2024,09:37:19,50612,50604.2,30,50615.15,45,75,108270
BANKNIFTY-III.NFO,21/11/2024,09:37:21,50612,50604.2,30,50614.75,15,0,108270
BANKNIFTY-III.NFO,21/11/2024,09:37:23,50612,50612,15,50617.1,30,0,108270
BANKNIFTY-III.NFO,21/11/2024,09:37:24,50612,50612,15,50616.55,15,0,108270
BANKNIFTY-III.NFO,21/11/2024,09:37:26,50612,50612,15,50620,15,0,108270
BANKNIFTY-III.NFO,21/11/2024,09:37:28,50620,50604.2,30,50619.65,30,45,108270
BANKNIFTY-III.NFO,21/11/2024,09:37:29,50620,50612,15,50618.05,45,0,108270
BANKNIFTY-III.NFO,21/11/2024,09:37:31,50612,50604.2,30,50615.9,30,15,108270
BANKNIFTY-III.NFO,21/11/2024,09:37:32,50612,50604.2,30,50614.7,45,0,108270
BANKNIFTY-III.NFO,21/11/2024,09:37:34,50604.2,50600,60,50613.9,30,30,108270
BANKNIFTY-III.NFO,21/11/2024,09:37:36,50604.2,50600,60,50610.8,45,0,108270
BANKNIFTY-III.NFO,21/11/2024,09:37:37,50600,50600,45,50605.9,30,15,108270
BANKNIFTY-III.NFO,21/11/2024,09:37:39,50600,50580,30,50600.85,30,45,108270
BANKNIFTY-III.NFO,21/11/2024,09:37:41,50600,50581.6,120,50599.5,30,0,108270
BANKNIFTY-III.NFO,21/11/2024,09:37:42,50600,50583.35,135,50602.4,15,0,108270
BANKNIFTY-III.NFO,21/11/2024,09:37:44,50601.7,50591.5,15,50601.9,30,60,108270
BANKNIFTY-III.NFO,21/11/2024,09:37:46,50591.5,50582.85,120,50601.45,15,15,108270
BANKNIFTY-III.NFO,21/11/2024,09:37:47,50591.5,50586.8,120,50601.35,15,0,108270
BANKNIFTY-III.NFO,21/11/2024,09:37:49,50591.5,50582.45,120,50599.75,45,0,108270
BANKNIFTY-III.NFO,21/11/2024,09:37:51,50591.5,50580.45,165,50598.3,60,0,108270
BANKNIFTY-III.NFO,21/11/2024,09:37:52,50591.5,50580.05,120,50597.45,45,0,108270
BANKNIFTY-III.NFO,21/11/2024,09:37:54,50591.5,50580,15,50589.2,15,0,108270
BANKNIFTY-III.NFO,21/11/2024,09:37:56,50575,50571,15,50589.7,60,30,108270
BANKNIFTY-III.NFO,21/11/2024,09:37:56,50575,50571,15,50589.7,60,0,108270
BANKNIFTY-III.NFO,21/11/2024,09:37:57,50570,50570,120,50578.75,15,180,108270
BANKNIFTY-III.NFO,21/11/2024,09:37:57,50570,50570,120,50578.75,15,0,108270
BANKNIFTY-III.NFO,21/11/2024,09:37:59,50570,50571.8,120,50578.75,15,0,108270
BANKNIFTY-III.NFO,21/11/2024,09:38:01,50570,50569.25,120,50578.75,15,0,108270
BANKNIFTY-III.NFO,21/11/2024,09:38:02,50570,50565.8,135,50578.75,15,0,108270
BANKNIFTY-III.NFO,21/11/2024,09:38:04,50570,50562.55,120,50578.7,120,0,108270
BANKNIFTY-III.NFO,21/11/2024,09:38:06,50570,50562.25,15,50570,15,0,108270
BANKNIFTY-III.NFO,21/11/2024,09:38:07,50570,50560,135,50570,30,0,108270
BANKNIFTY-III.NFO,21/11/2024,09:38:09,50560.05,50559.95,30,50570,15,30,108270
BANKNIFTY-III.NFO,21/11/2024,09:38:09,50560.05,50559.95,30,50570,15,0,108270
BANKNIFTY-III.NFO,21/11/2024,09:38:10,50576.8,50560.55,120,50576.4,120,30,108270
BANKNIFTY-III.NFO,21/11/2024,09:38:12,50570,50568.95,120,50578.75,15,30,108270
BANKNIFTY-III.NFO,21/11/2024,09:38:14,50570,50563.85,135,50578.75,15,0,108270
BANKNIFTY-III.NFO,21/11/2024,09:38:15,50576.3,50576.35,15,50578.75,15,30,108270
BANKNIFTY-III.NFO,21/11/2024,09:38:17,50584.75,50577.3,135,50594.3,105,30,108270
BANKNIFTY-III.NFO,21/11/2024,09:38:19,50584.75,50575.6,135,50592.7,105,0,108270
BANKNIFTY-III.NFO,21/11/2024,09:38:20,50584.75,50580.5,120,50594.5,105,0,108270
BANKNIFTY-III.NFO,21/11/2024,09:38:22,50584.75,50571.9,120,50588.8,105,0,108270
BANKNIFTY-III.NFO,21/11/2024,09:38:24,50584.75,50560.3,120,50579.25,105,0,108270
BANKNIFTY-III.NFO,21/11/2024,09:38:26,50584.75,50573.3,30,50585,15,0,108270
BANKNIFTY-III.NFO,21/11/2024,09:38:27,50584.75,50576.05,120,50585,15,0,108270
BANKNIFTY-III.NFO,21/11/2024,09:38:29,50584.75,50576.55,120,50585,15,150,108270
BANKNIFTY-III.NFO,21/11/2024,09:38:31,50584.75,50580.3,135,50585,15,0,108270
BANKNIFTY-III.NFO,21/11/2024,09:38:32,50585,50600.55,15,50610.95,105,15,108270
BANKNIFTY-III.NFO,21/11/2024,09:38:34,50605.55,50589.8,120,50610.95,120,15,108270
BANKNIFTY-III.NFO,21/11/2024,09:38:36,50588.75,50586.1,105,50603.55,120,30,108270
BANKNIFTY-III.NFO,21/11/2024,09:38:37,50603.55,50584.5,30,50601.85,135,15,108270
BANKNIFTY-III.NFO,21/11/2024,09:38:39,50603.55,50572.75,120,50592.45,120,0,108270
BANKNIFTY-III.NFO,21/11/2024,09:38:40,50603.55,50566.9,120,50584.7,135,0,108270
BANKNIFTY-III.NFO,21/11/2024,09:38:42,50603.55,50562.05,120,50579.7,120,0,108270
BANKNIFTY-III.NFO,21/11/2024,09:38:44,50603.55,50564.5,120,50580.2,135,0,108270
BANKNIFTY-III.NFO,21/11/2024,09:38:45,50603.55,50566.95,120,50581,15,0,108270
BANKNIFTY-III.NFO,21/11/2024,09:38:47,50603.55,50571.7,120,50591.95,15,0,108270
BANKNIFTY-III.NFO,21/11/2024,09:38:49,50571.7,50580.2,15,50593.45,150,15,108270
BANKNIFTY-III.NFO,21/11/2024,09:38:50,50592.05,50584,30,50599,120,15,108270
BANKNIFTY-III.NFO,21/11/2024,09:38:52,50592.05,50582.15,30,50598.5,120,0,108270
BANKNIFTY-III.NFO,21/11/2024,09:38:54,50592.05,50580.2,15,50589.3,120,0,108270
BANKNIFTY-III.NFO,21/11/2024,09:38:55,50580,50580,120,50587.8,105,60,108270
BANKNIFTY-III.NFO,21/11/2024,09:38:57,50582.9,50565.4,120,50583.1,105,135,108270
BANKNIFTY-III.NFO,21/11/2024,09:38:59,50582.9,50567.3,120,50587,90,0,108270
BANKNIFTY-III.NFO,21/11/2024,09:39:00,50580.05,50580,15,50584.8,90,15,108270
BANKNIFTY-III.NFO,21/11/2024,09:39:02,50580.05,50580,15,50586.6,90,0,108270
BANKNIFTY-III.NFO,21/11/2024,09:39:04,50580,50571.4,45,50588.55,105,15,108270
BANKNIFTY-III.NFO,21/11/2024,09:39:05,50580,50560.65,45,50579.35,105,0,108270
BANKNIFTY-III.NFO,21/11/2024,09:39:07,50580,50560.05,30,50577.25,105,0,108270
BANKNIFTY-III.NFO,21/11/2024,09:39:08,50580,50560,45,50577.05,105,0,108270
BANKNIFTY-III.NFO,21/11/2024,09:39:10,50580,50560,30,50571.25,90,0,108270
BANKNIFTY-III.NFO,21/11/2024,09:39:12,50580,50560,30,50569.4,105,0,108270
BANKNIFTY-III.NFO,21/11/2024,09:39:13,50571.25,50560,30,50560.05,75,15,108270
BANKNIFTY-III.NFO,21/11/2024,09:39:15,50559.95,50547.05,135,50566.45,90,45,108270
BANKNIFTY-III.NFO,21/11/2024,09:39:15,50559.95,50547.05,135,50566.45,90,0,108270
BANKNIFTY-III.NFO,21/11/2024,09:39:17,50550,50545.45,135,50550,375,15,108270
BANKNIFTY-III.NFO,21/11/2024,09:39:17,50550,50545.45,135,50550,375,0,108270
BANKNIFTY-III.NFO,21/11/2024,09:39:18,50550,50543.2,150,50550,360,15,108270
BANKNIFTY-III.NFO,21/11/2024,09:39:20,50550,50542.25,120,50550,375,0,108270
BANKNIFTY-III.NFO,21/11/2024,09:39:21,50550,50545.7,135,50550,375,0,108270
BANKNIFTY-III.NFO,21/11/2024,09:39:23,50542.5,50540.25,120,50550,375,60,108270
BANKNIFTY-III.NFO,21/11/2024,09:39:23,50542.5,50540.25,120,50550,375,0,108270
BANKNIFTY-III.NFO,21/11/2024,09:39:25,50542.5,50540,30,50550,375,0,108270
BANKNIFTY-III.NFO,21/11/2024,09:39:26,50542.5,50540,30,50548.5,135,0,108270
BANKNIFTY-III.NFO,21/11/2024,09:39:28,50532.15,50540.1,15,50550,15,360,108270
BANKNIFTY-III.NFO,21/11/2024,09:39:28,50532.15,50540.1,15,50550,15,0,108270
BANKNIFTY-III.NFO,21/11/2024,09:39:30,50540.1,50540.1,15,50550,15,15,108270
BANKNIFTY-III.NFO,21/11/2024,09:39:31,50540.1,50539.7,15,50550,30,0,108270
BANKNIFTY-III.NFO,21/11/2024,09:39:33,50540.1,50531.6,15,50548.25,150,0,108270
BANKNIFTY-III.NFO,21/11/2024,09:39:35,50549.95,50532.25,15,50548.75,135,45,108270
BANKNIFTY-III.NFO,21/11/2024,09:39:36,50548.75,50540,15,50543.9,120,15,108270
BANKNIFTY-III.NFO,21/11/2024,09:39:38,50540,50525.4,60,50543.35,120,15,108270
BANKNIFTY-III.NFO,21/11/2024,09:39:39,50540,50525.1,45,50541.55,165,0,108270
BANKNIFTY-III.NFO,21/11/2024,09:39:41,50543.8,50525,15,50539.65,120,15,108270
BANKNIFTY-III.NFO,21/11/2024,09:39:43,50543.8,50526.35,45,50544.1,135,0,108270
BANKNIFTY-III.NFO,21/11/2024,09:39:44,50543.8,50526.8,60,50545.45,135,0,108270
BANKNIFTY-III.NFO,21/11/2024,09:39:46,50543.8,50525.05,60,50542.1,135,0,108270
BANKNIFTY-III.NFO,21/11/2024,09:39:48,50525.05,50525,15,50535.9,120,45,108270
BANKNIFTY-III.NFO,21/11/2024,09:39:48,50525.05,50525,15,50535.9,120,0,108270
BANKNIFTY-III.NFO,21/11/2024,09:39:49,50525.05,50525,15,50536.05,135,0,108270
BANKNIFTY-III.NFO,21/11/2024,09:39:51,50517.25,50513.05,45,50531.55,120,45,108330
BANKNIFTY-III.NFO,21/11/2024,09:39:51,50517.25,50513.05,45,50531.55,120,0,108330
BANKNIFTY-III.NFO,21/11/2024,09:39:53,50517.25,50513.05,45,50532.7,15,0,108330
BANKNIFTY-III.NFO,21/11/2024,09:39:54,50517.25,50509.85,45,50528.05,165,0,108330
BANKNIFTY-III.NFO,21/11/2024,09:39:56,50532.15,50513.45,60,50531.35,150,30,108330
BANKNIFTY-III.NFO,21/11/2024,09:39:58,50529.85,50509.95,45,50528.3,120,15,108330
BANKNIFTY-III.NFO,21/11/2024,09:39:59,50517,50511.6,45,50530.7,135,15,108330
BANKNIFTY-III.NFO,21/11/2024,09:39:59,50517,50511.6,45,50530.7,135,0,108330
BANKNIFTY-III.NFO,21/11/2024,09:40:01,50517,50509.6,75,50527.45,30,0,108330
BANKNIFTY-III.NFO,21/11/2024,09:40:03,50517,50513.45,30,50537.4,120,105,108330
BANKNIFTY-III.NFO,21/11/2024,09:40:04,50517,50527.9,45,50544.9,30,0,108330
BANKNIFTY-III.NFO,21/11/2024,09:40:06,50548.75,50549.4,45,50570.8,120,30,108330
BANKNIFTY-III.NFO,21/11/2024,09:40:08,50560.05,50521.45,135,50558.15,105,495,108330
BANKNIFTY-III.NFO,21/11/2024,09:40:09,50560.05,50535.05,120,50552.6,120,0,108330
BANKNIFTY-III.NFO,21/11/2024,09:40:11,50535.05,50528.45,90,50550.25,120,45,108330
BANKNIFTY-III.NFO,21/11/2024,09:40:12,50535.05,50530.45,30,50547.8,135,0,108330
BANKNIFTY-III.NFO,21/11/2024,09:40:14,50535.05,50528.7,90,50547.45,135,0,108330
BANKNIFTY-III.NFO,21/11/2024,09:40:16,50535.05,50530.35,90,50547.95,165,0,108330
BANKNIFTY-III.NFO,21/11/2024,09:40:17,50544.95,50530.3,15,50544.9,135,30,108330
BANKNIFTY-III.NFO,21/11/2024,09:40:19,50551.7,50530.9,120,50547.75,150,15,108330
BANKNIFTY-III.NFO,21/11/2024,09:40:21,50551.7,50535.4,105,50551.85,120,0,108330
BANKNIFTY-III.NFO,21/11/2024,09:40:22,50551.7,50530.95,15,50545.65,120,150,108330
BANKNIFTY-III.NFO,21/11/2024,09:40:24,50543.25,50530.95,15,50546.4,165,15,108330
BANKNIFTY-III.NFO,21/11/2024,09:40:26,50543.25,50529.8,15,50542.15,135,0,108330
BANKNIFTY-III.NFO,21/11/2024,09:40:27,50543.25,50529.8,15,50536.95,135,0,108330
BANKNIFTY-III.NFO,21/11/2024,09:40:29,50527.3,50520,15,50523.75,150,30,108330
BANKNIFTY-III.NFO,21/11/2024,09:40:31,50527.3,50517,15,50528.4,135,0,108330
BANKNIFTY-III.NFO,21/11/2024,09:40:32,50502,50501,75,50510.4,120,45,108330
BANKNIFTY-III.NFO,21/11/2024,09:40:32,50502,50501,75,50510.4,120,0,108330
BANKNIFTY-III.NFO,21/11/2024,09:40:34,50501.1,50501.1,15,50513.9,120,75,108330
BANKNIFTY-III.NFO,21/11/2024,09:40:34,50501.1,50501.1,15,50513.9,120,0,108330
BANKNIFTY-III.NFO,21/11/2024,09:40:36,50501.1,50501.1,15,50512.9,120,0,108330
BANKNIFTY-III.NFO,21/11/2024,09:40:37,50501.1,50519.3,15,50524.6,120,15,108330
BANKNIFTY-III.NFO,21/11/2024,09:40:39,50534.5,50525.1,30,50545.3,120,15,108330
BANKNIFTY-III.NFO,21/11/2024,09:40:41,50551.15,50525.15,15,50534.7,105,15,108330
BANKNIFTY-III.NFO,21/11/2024,09:40:42,50551.15,50525.2,30,50538.8,105,0,108330
BANKNIFTY-III.NFO,21/11/2024,09:40:44,50533.95,50528.15,15,50536.85,75,30,108330
BANKNIFTY-III.NFO,21/11/2024,09:40:45,50533.95,50525.15,15,50537.3,75,0,108330
BANKNIFTY-III.NFO,21/11/2024,09:40:47,50519.3,50510.8,30,50521.7,60,60,108330
BANKNIFTY-III.NFO,21/11/2024,09:40:49,50519.3,50508.35,30,50523.95,60,0,108330
BANKNIFTY-III.NFO,21/11/2024,09:40:51,50519.3,50508.25,120,50523.2,60,0,108330
BANKNIFTY-III.NFO,21/11/2024,09:40:52,50519.3,50509.05,15,50523.55,60,0,108330
BANKNIFTY-III.NFO,21/11/2024,09:40:54,50520.65,50505.9,120,50523.45,45,15,108330
BANKNIFTY-III.NFO,21/11/2024,09:40:56,50500,50510.65,15,50517.6,30,885,108330
BANKNIFTY-III.NFO,21/11/2024,09:40:56,50500,50510.65,15,50517.6,30,0,108330
BANKNIFTY-III.NFO,21/11/2024,09:40:57,50516.3,50506.6,15,50515.1,45,15,108330
BANKNIFTY-III.NFO,21/11/2024,09:40:59,50498.85,50496.9,15,50504.4,120,60,108330
BANKNIFTY-III.NFO,21/11/2024,09:40:59,50498.25,50496.9,15,50504.4,120,0,108330
BANKNIFTY-III.NFO,21/11/2024,09:41:01,50493.25,50493.3,75,50506.65,120,15,108330
BANKNIFTY-III.NFO,21/11/2024,09:41:01,50493.25,50493.3,75,50506.65,120,0,108330
BANKNIFTY-III.NFO,21/11/2024,09:41:02,50493.25,50493.3,75,50507.8,120,0,108330
BANKNIFTY-III.NFO,21/11/2024,09:41:04,50493.25,50493.25,75,50509.75,135,0,108330
BANKNIFTY-III.NFO,21/11/2024,09:41:06,50493.25,50493.35,75,50511.8,120,0,108330
BANKNIFTY-III.NFO,21/11/2024,09:41:07,50493.7,50493.25,60,50508.8,120,15,108330
BANKNIFTY-III.NFO,21/11/2024,09:41:09,50493.7,50499.25,75,50512.65,30,0,108330
BANKNIFTY-III.NFO,21/11/2024,09:41:11,50499.25,50511.2,15,50520,15,30,108330
BANKNIFTY-III.NFO,21/11/2024,09:41:12,50510,50500.65,15,50519.95,30,15,108330
BANKNIFTY-III.NFO,21/11/2024,09:41:14,50510,50508.7,30,50520,15,0,108330
BANKNIFTY-III.NFO,21/11/2024,09:41:16,50510,50506.5,15,50519.95,30,0,108330
BANKNIFTY-III.NFO,21/11/2024,09:41:17,50522.6,50511.2,30,50528.05,45,60,108330
BANKNIFTY-III.NFO,21/11/2024,09:41:19,50522.6,50522.6,15,50533.05,30,0,108330
BANKNIFTY-III.NFO,21/11/2024,09:41:21,50532.4,50522.6,15,50527.4,135,30,108330
BANKNIFTY-III.NFO,21/11/2024,09:41:22,50527.45,50522.6,15,50528.15,120,15,108330
BANKNIFTY-III.NFO,21/11/2024,09:41:24,50522.6,50501,45,50523.9,120,15,108330
BANKNIFTY-III.NFO,21/11/2024,09:41:26,50522.6,50500,30,50509.15,135,0,108330
BANKNIFTY-III.NFO,21/11/2024,09:41:27,50522.6,50500.05,45,50514.95,120,0,108330
BANKNIFTY-III.NFO,21/11/2024,09:41:29,50500.8,50502.35,45,50515,45,75,108330
BANKNIFTY-III.NFO,21/11/2024,09:41:31,50521.3,50512.75,45,50532.35,120,60,108330
BANKNIFTY-III.NFO,21/11/2024,09:41:32,50521.3,50526.05,45,50546.05,45,0,108330
BANKNIFTY-III.NFO,21/11/2024,09:41:34,50521.3,50526.05,45,50555.95,15,0,108330
BANKNIFTY-III.NFO,21/11/2024,09:41:36,50546.8,50546.8,30,50573.4,45,15,108330
BANKNIFTY-III.NFO,21/11/2024,09:41:37,50546.8,50541.9,60,50563.3,30,0,108330
BANKNIFTY-III.NFO,21/11/2024,09:41:39,50546.8,50550.8,45,50574.75,150,0,108330
BANKNIFTY-III.NFO,21/11/2024,09:41:41,50546.8,50555.95,60,50575,15,0,108330
BANKNIFTY-III.NFO,21/11/2024,09:41:42,50546.8,50550.8,45,50571.4,135,0,108330
BANKNIFTY-III.NFO,21/11/2024,09:41:44,50546.8,50548.2,60,50566.45,135,0,108330
BANKNIFTY-III.NFO,21/11/2024,09:41:46,50546.8,50548.1,45,50564.9,120,0,108330
BANKNIFTY-III.NFO,21/11/2024,09:41:47,50546.8,50548.2,60,50571.4,120,0,108330
BANKNIFTY-III.NFO,21/11/2024,09:41:49,50546.8,50548.2,15,50572.1,120,0,108330
BANKNIFTY-III.NFO,21/11/2024,09:41:51,50548.4,50548.5,60,50566,45,15,108330
BANKNIFTY-III.NFO,21/11/2024,09:41:52,50548.4,50553.6,45,50571.05,120,0,108330
BANKNIFTY-III.NFO,21/11/2024,09:41:54,50548.4,50566.3,60,50575,15,0,108330
BANKNIFTY-III.NFO,21/11/2024,09:41:56,50548.4,50568.05,45,50575,15,0,108330
BANKNIFTY-III.NFO,21/11/2024,09:41:57,50575,50558.35,60,50582.4,120,15,108330
BANKNIFTY-III.NFO,21/11/2024,09:41:59,50554.85,50552.3,45,50569.35,120,105,108330
BANKNIFTY-III.NFO,21/11/2024,09:42:00,50568.9,50549.1,15,50568.9,135,30,108330
BANKNIFTY-III.NFO,21/11/2024,09:42:02,50565.05,50548.4,15,50557.15,30,15,108330
BANKNIFTY-III.NFO,21/11/2024,09:42:04,50565.05,50556.45,45,50575.45,135,0,108330
BANKNIFTY-III.NFO,21/11/2024,09:42:05,50580,50567.6,60,50586.7,120,30,108330
BANKNIFTY-III.NFO,21/11/2024,09:42:07,50580,50559.4,60,50577.05,120,0,108330
BANKNIFTY-III.NFO,21/11/2024,09:42:09,50580,50567.4,60,50586.75,120,0,108330
BANKNIFTY-III.NFO,21/11/2024,09:42:10,50580,50580,15,50587.8,135,0,108330
BANKNIFTY-III.NFO,21/11/2024,09:42:12,50580,50566.15,45,50581.95,135,15,108330
BANKNIFTY-III.NFO,21/11/2024,09:42:14,50579.8,50565.6,45,50578.5,150,45,108330
BANKNIFTY-III.NFO,21/11/2024,09:42:15,50579.8,50563.65,45,50578.3,135,0,108330
BANKNIFTY-III.NFO,21/11/2024,09:42:17,50579.8,50563.95,45,50578.3,165,0,108330
BANKNIFTY-III.NFO,21/11/2024,09:42:18,50579.8,50567.15,105,50581.25,120,0,108330
BANKNIFTY-III.NFO,21/11/2024,09:42:20,50579.8,50559.4,105,50582.2,135,0,108330
BANKNIFTY-III.NFO,21/11/2024,09:42:22,50579.8,50555.3,105,50574.7,135,0,108330
BANKNIFTY-III.NFO,21/11/2024,09:42:23,50579.8,50555.6,105,50579.75,120,0,108330
BANKNIFTY-III.NFO,21/11/2024,09:42:25,50574.65,50550.2,120,50569.95,105,45,108330
BANKNIFTY-III.NFO,21/11/2024,09:42:27,50574.65,50550,30,50560,105,0,108330
BANKNIFTY-III.NFO,21/11/2024,09:42:28,50574.65,50550.7,45,50565.5,105,0,108330
BANKNIFTY-III.NFO,21/11/2024,09:42:30,50574.65,50550,45,50557.85,90,0,108330
BANKNIFTY-III.NFO,21/11/2024,09:42:32,50574.65,50550,45,50558.9,105,0,108330
BANKNIFTY-III.NFO,21/11/2024,09:42:33,50574.65,50550,60,50560.7,90,0,108330
BANKNIFTY-III.NFO,21/11/2024,09:42:35,50574.65,50550.05,120,50564.8,45,0,108330
BANKNIFTY-III.NFO,21/11/2024,09:42:36,50574.65,50550,60,50567,90,0,108330
BANKNIFTY-III.NFO,21/11/2024,09:42:38,50574.65,50553.8,135,50569.5,90,0,108330
BANKNIFTY-III.NFO,21/11/2024,09:42:40,50574.65,50555.25,120,50572.35,30,0,108330
BANKNIFTY-III.NFO,21/11/2024,09:42:41,50574.65,50553.35,120,50567.55,15,0,108330
BANKNIFTY-III.NFO,21/11/2024,09:42:43,50574.65,50551.35,120,50568.2,90,0,108330
BANKNIFTY-III.NFO,21/11/2024,09:42:45,50574.65,50552.05,120,50570,45,0,108330
BANKNIFTY-III.NFO,21/11/2024,09:42:46,50574.65,50555.85,135,50570,30,0,108330
BANKNIFTY-III.NFO,21/11/2024,09:42:48,50574.65,50560.05,120,50570,30,0,108330
BANKNIFTY-III.NFO,21/11/2024,09:42:50,50574.65,50561.15,120,50570,30,0,108330
BANKNIFTY-III.NFO,21/11/2024,09:42:51,50574.65,50560.05,120,50570,30,0,108330
BANKNIFTY-III.NFO,21/11/2024,09:42:53,50574.65,50561.55,120,50570,30,0,108330
BANKNIFTY-III.NFO,21/11/2024,09:42:55,50574.65,50560.05,120,50578.25,105,45,108780
BANKNIFTY-III.NFO,21/11/2024,09:42:56,50574.65,50562.35,45,50573.25,105,0,108780
BANKNIFTY-III.NFO,21/11/2024,09:42:58,50570.55,50560,15,50571.4,30,30,108780
BANKNIFTY-III.NFO,21/11/2024,09:43:00,50570.55,50560,15,50564.45,105,0,108780
BANKNIFTY-III.NFO,21/11/2024,09:43:01,50570.55,50560.05,120,50576.5,90,0,108780
BANKNIFTY-III.NFO,21/11/2024,09:43:03,50579.55,50560.05,135,50576.85,75,30,108780
BANKNIFTY-III.NFO,21/11/2024,09:43:05,50579.55,50570.3,120,50579.6,15,0,108780
BANKNIFTY-III.NFO,21/11/2024,09:43:06,50598.7,50596.9,120,50599,15,210,108780
BANKNIFTY-III.NFO,21/11/2024,09:43:08,50600,50604.1,120,50619,30,60,108780
BANKNIFTY-III.NFO,21/11/2024,09:43:10,50600,50598.8,120,50617,15,0,108780
BANKNIFTY-III.NFO,21/11/2024,09:43:11,50600,50609.05,15,50615.05,30,0,108780
BANKNIFTY-III.NFO,21/11/2024,09:43:13,50609.5,50608.15,15,50624,105,15,108780
BANKNIFTY-III.NFO,21/11/2024,09:43:15,50609.5,50600,15,50610.9,105,0,108780
BANKNIFTY-III.NFO,21/11/2024,09:43:16,50610.9,50600.05,120,50614.15,75,15,108780
BANKNIFTY-III.NFO,21/11/2024,09:43:18,50610.9,50610,15,50613.85,15,0,108780
BANKNIFTY-III.NFO,21/11/2024,09:43:20,50610.9,50610,15,50616.7,30,0,108780
BANKNIFTY-III.NFO,21/11/2024,09:43:21,50617.7,50610,15,50616.4,75,15,108780
BANKNIFTY-III.NFO,21/11/2024,09:43:23,50610,50602.75,135,50620.8,75,15,108780
BANKNIFTY-III.NFO,21/11/2024,09:43:25,50610,50602.4,165,50616.8,60,0,108780
BANKNIFTY-III.NFO,21/11/2024,09:43:26,50610,50600,30,50617.2,75,0,108780
BANKNIFTY-III.NFO,21/11/2024,09:43:28,50610,50600,30,50611.35,60,0,108780
BANKNIFTY-III.NFO,21/11/2024,09:43:30,50610,50610,15,50613.75,75,0,108780
BANKNIFTY-III.NFO,21/11/2024,09:43:31,50610,50610,15,50617.95,60,0,108780
BANKNIFTY-III.NFO,21/11/2024,09:43:33,50610,50600,45,50609.65,75,15,108780
BANKNIFTY-III.NFO,21/11/2024,09:43:34,50600,50584.15,30,50599.85,60,45,108780
BANKNIFTY-III.NFO,21/11/2024,09:43:36,50594.2,50578.1,120,50597.1,45,15,108780
BANKNIFTY-III.NFO,21/11/2024,09:43:38,50594.2,50575,120,50588.65,30,0,108780
BANKNIFTY-III.NFO,21/11/2024,09:43:39,50594.2,50578.6,30,50594.4,60,0,108780
BANKNIFTY-III.NFO,21/11/2024,09:43:41,50591.8,50570.3,120,50591.85,45,60,108780
BANKNIFTY-III.NFO,21/11/2024,09:43:43,50591.8,50578.15,15,50598.45,45,0,108780
BANKNIFTY-III.NFO,21/11/2024,09:43:44,50591.8,50583.8,135,50600,15,0,108780
BANKNIFTY-III.NFO,21/11/2024,09:43:46,50591.8,50584.45,135,50600,15,0,108780
BANKNIFTY-III.NFO,21/11/2024,09:43:47,50591.8,50593.55,120,50600,15,0,108780
BANKNIFTY-III.NFO,21/11/2024,09:43:49,50591.8,50590.55,120,50600,15,0,108780
BANKNIFTY-III.NFO,21/11/2024,09:43:51,50600,50597.05,120,50613.5,15,15,108780
BANKNIFTY-III.NFO,21/11/2024,09:43:52,50600,50602.25,120,50617.75,45,0,108780
BANKNIFTY-III.NFO,21/11/2024,09:43:54,50600,50614.7,135,50624,15,0,108780
BANKNIFTY-III.NFO,21/11/2024,09:43:56,50636.35,50616.95,120,50638.55,30,30,108780
BANKNIFTY-III.NFO,21/11/2024,09:43:57,50636.35,50619.25,165,50642.1,30,0,108780
BANKNIFTY-III.NFO,21/11/2024,09:43:59,50636.35,50622.15,135,50641.55,30,0,108780
BANKNIFTY-III.NFO,21/11/2024,09:44:00,50636.35,50624.35,45,50640.2,45,0,108780
BANKNIFTY-III.NFO,21/11/2024,09:44:02,50636.35,50614.95,120,50635.7,45,0,108780
BANKNIFTY-III.NFO,21/11/2024,09:44:04,50636.35,50621.5,135,50636.35,15,0,108780
BANKNIFTY-III.NFO,21/11/2024,09:44:05,50636.35,50616.15,60,50636.1,30,0,108780
BANKNIFTY-III.NFO,21/11/2024,09:44:07,50636.35,50617.85,165,50636.35,30,0,108780
BANKNIFTY-III.NFO,21/11/2024,09:44:09,50636.35,50613.4,135,50635,30,0,108780
BANKNIFTY-III.NFO,21/11/2024,09:44:10,50636.35,50611.8,45,50630.35,45,0,108780
BANKNIFTY-III.NFO,21/11/2024,09:44:12,50629.6,50607.95,45,50624.35,30,15,108780
BANKNIFTY-III.NFO,21/11/2024,09:44:14,50629.6,50601.4,165,50625.35,30,0,108780
BANKNIFTY-III.NFO,21/11/2024,09:44:15,50604.85,50600.05,165,50617.25,45,90,108780
BANKNIFTY-III.NFO,21/11/2024,09:44:17,50604.85,50605.4,120,50621.05,75,0,108780
BANKNIFTY-III.NFO,21/11/2024,09:44:18,50604.85,50602.05,165,50622.95,15,0,108780
BANKNIFTY-III.NFO,21/11/2024,09:44:20,50604.85,50606.7,120,50627,60,0,108780
BANKNIFTY-III.NFO,21/11/2024,09:44:22,50604.85,50606.2,120,50620.55,45,0,108780
BANKNIFTY-III.NFO,21/11/2024,09:44:23,50604.85,50600.05,120,50618.7,60,0,108780
BANKNIFTY-III.NFO,21/11/2024,09:44:25,50604.85,50604.85,15,50612.65,45,0,108780
BANKNIFTY-III.NFO,21/11/2024,09:44:27,50604.85,50604.85,15,50611.95,60,0,108780
BANKNIFTY-III.NFO,21/11/2024,09:44:28,50604.85,50600,165,50609.4,30,45,108780
BANKNIFTY-III.NFO,21/11/2024,09:44:30,50604.85,50600,165,50601.7,15,0,108780
BANKNIFTY-III.NFO,21/11/2024,09:44:32,50600,50577.7,120,50594.5,30,15,108780
BANKNIFTY-III.NFO,21/11/2024,09:44:33,50600,50575.05,135,50592.65,60,0,108780
BANKNIFTY-III.NFO,21/11/2024,09:44:35,50600,50577.7,135,50593.75,30,0,108780
BANKNIFTY-III.NFO,21/11/2024,09:44:37,50593.75,50574.8,120,50593.8,45,15,108780
BANKNIFTY-III.NFO,21/11/2024,09:44:38,50593.8,50578.85,120,50595.55,45,30,108780
BANKNIFTY-III.NFO,21/11/2024,09:44:40,50593.8,50582.5,135,50599.05,60,0,108780
BANKNIFTY-III.NFO,21/11/2024,09:44:41,50593.8,50579.65,135,50598.45,45,0,108780
BANKNIFTY-III.NFO,21/11/2024,09:44:43,50593.8,50575.4,120,50594.55,60,0,108780
BANKNIFTY-III.NFO,21/11/2024,09:44:45,50583.4,50581.8,135,50598.9,15,15,108780
BANKNIFTY-III.NFO,21/11/2024,09:44:46,50583.4,50584.45,135,50601,15,0,108780
BANKNIFTY-III.NFO,21/11/2024,09:44:48,50582.1,50580.3,165,50599.1,105,60,108780
BANKNIFTY-III.NFO,21/11/2024,09:44:50,50582.1,50580,75,50593,90,0,108780
BANKNIFTY-III.NFO,21/11/2024,09:44:51,50582.1,50580,75,50591.45,75,0,108780
BANKNIFTY-III.NFO,21/11/2024,09:44:53,50578.55,50575.75,75,50594.7,120,300,108780
BANKNIFTY-III.NFO,21/11/2024,09:44:55,50578.55,50579.5,45,50597.3,15,0,108780
BANKNIFTY-III.NFO,21/11/2024,09:44:56,50578.55,50590.6,45,50601,15,0,108780
BANKNIFTY-III.NFO,21/11/2024,09:44:58,50578.55,50581.6,45,50599.2,120,0,108780
BANKNIFTY-III.NFO,21/11/2024,09:44:59,50578.55,50580.05,45,50597.75,165,0,108780
BANKNIFTY-III.NFO,21/11/2024,09:45:01,50578.55,50580.05,45,50594,120,0,108780
BANKNIFTY-III.NFO,21/11/2024,09:45:03,50578.55,50580.05,60,50594.65,15,0,108780
BANKNIFTY-III.NFO,21/11/2024,09:45:04,50578.55,50580.35,60,50598,120,0,108780
BANKNIFTY-III.NFO,21/11/2024,09:45:06,50578.55,50580,210,50594.05,120,0,108780
BANKNIFTY-III.NFO,21/11/2024,09:45:08,50578.55,50580.05,45,50593.7,135,0,108780
BANKNIFTY-III.NFO,21/11/2024,09:45:09,50578.55,50583.6,75,50597,45,0,108780
BANKNIFTY-III.NFO,21/11/2024,09:45:11,50578.55,50583.45,45,50596.95,15,0,108780
BANKNIFTY-III.NFO,21/11/2024,09:45:13,50578.55,50588.75,45,50596.95,15,0,108780
BANKNIFTY-III.NFO,21/11/2024,09:45:14,50581.65,50581.65,30,50596.95,30,15,108780
BANKNIFTY-III.NFO,21/11/2024,09:45:16,50581.65,50584.95,45,50596.95,15,0,108780
BANKNIFTY-III.NFO,21/11/2024,09:45:18,50610,50588.2,45,50609.75,120,30,108780
BANKNIFTY-III.NFO,21/11/2024,09:45:19,50610,50591.1,45,50610.55,120,0,108780
BANKNIFTY-III.NFO,21/11/2024,09:45:21,50610,50590.6,45,50609.7,15,0,108780
BANKNIFTY-III.NFO,21/11/2024,09:45:23,50610,50590.4,45,50608.1,45,0,108780
BANKNIFTY-III.NFO,21/11/2024,09:45:24,50610,50600.05,30,50616.7,15,0,108780
BANKNIFTY-III.NFO,21/11/2024,09:45:26,50610,50600.05,30,50616.35,120,0,108780
BANKNIFTY-III.NFO,21/11/2024,09:45:28,50610,50600.05,30,50615,30,0,108780
BANKNIFTY-III.NFO,21/11/2024,09:45:29,50610,50600.3,45,50616.95,30,0,108780
BANKNIFTY-III.NFO,21/11/2024,09:45:31,50624.05,50610.45,105,50625,15,195,108780
BANKNIFTY-III.NFO,21/11/2024,09:45:33,50624.05,50603.85,120,50623.9,120,0,108780
BANKNIFTY-III.NFO,21/11/2024,09:45:34,50605.5,50610,15,50623.05,45,150,108780
BANKNIFTY-III.NFO,21/11/2024,09:45:36,50605.5,50610,30,50615.4,30,0,108780
BANKNIFTY-III.NFO,21/11/2024,09:45:38,50605.5,50610,30,50616.55,120,0,108780
BANKNIFTY-III.NFO,21/11/2024,09:45:39,50616.25,50610,30,50614.65,30,15,108780
BANKNIFTY-III.NFO,21/11/2024,09:45:41,50613.75,50610,30,50614.45,30,15,108780
BANKNIFTY-III.NFO,21/11/2024,09:45:42,50613.75,50610.05,60,50625,15,0,108780
BANKNIFTY-III.NFO,21/11/2024,09:45:44,50625,50616.25,45,50633.8,120,15,108780
BANKNIFTY-III.NFO,21/11/2024,09:45:46,50625,50612.15,15,50630.55,30,0,108780
BANKNIFTY-III.NFO,21/11/2024,09:45:47,50625,50621.3,15,50634,15,0,108780
BANKNIFTY-III.NFO,21/11/2024,09:45:49,50625,50624.75,30,50634,15,0,108780
BANKNIFTY-III.NFO,21/11/2024,09:45:51,50625,50617.9,15,50633.95,30,0,108780
BANKNIFTY-III.NFO,21/11/2024,09:45:52,50625,50625,15,50634,15,0,108780
BANKNIFTY-III.NFO,21/11/2024,09:45:54,50625,50625.05,60,50634,15,0,108780
BANKNIFTY-III.NFO,21/11/2024,09:45:56,50634,50637.25,15,50649.4,15,15,109305
BANKNIFTY-III.NFO,21/11/2024,09:45:57,50634,50639.65,30,50649.4,15,0,109305
BANKNIFTY-III.NFO,21/11/2024,09:45:59,50634.05,50634,15,50647.9,30,15,109305
BANKNIFTY-III.NFO,21/11/2024,09:46:01,50634.05,50634,30,50649.4,15,0,109305
BANKNIFTY-III.NFO,21/11/2024,09:46:02,50634.05,50634,60,50649.4,15,0,109305
BANKNIFTY-III.NFO,21/11/2024,09:46:04,50650,50634,15,50644.7,135,30,109305
BANKNIFTY-III.NFO,21/11/2024,09:46:06,50634,50625,30,50637.55,120,15,109305
BANKNIFTY-III.NFO,21/11/2024,09:46:07,50634,50625,30,50637.6,120,0,109305
BANKNIFTY-III.NFO,21/11/2024,09:46:09,50634,50628,120,50645.1,120,0,109305
BANKNIFTY-III.NFO,21/11/2024,09:46:11,50634,50625,30,50636.5,135,0,109305
BANKNIFTY-III.NFO,21/11/2024,09:46:12,50634,50625,30,50631.5,120,0,109305
BANKNIFTY-III.NFO,21/11/2024,09:46:14,50634,50625,30,50638.55,120,0,109305
BANKNIFTY-III.NFO,21/11/2024,09:46:16,50613.75,50610,15,50621.45,120,45,109305
BANKNIFTY-III.NFO,21/11/2024,09:46:17,50620.1,50610,15,50621.45,120,180,109305
BANKNIFTY-III.NFO,21/11/2024,09:46:19,50620.1,50610,15,50619.25,120,0,109305
BANKNIFTY-III.NFO,21/11/2024,09:46:21,50620.1,50610,15,50624,120,0,109305
BANKNIFTY-III.NFO,21/11/2024,09:46:22,50620.1,50610,15,50614.8,120,0,109305
BANKNIFTY-III.NFO,21/11/2024,09:46:24,50620.1,50610,15,50626.4,150,0,109305
BANKNIFTY-III.NFO,21/11/2024,09:46:26,50620.1,50613.5,120,50632.3,165,0,109305
BANKNIFTY-III.NFO,21/11/2024,09:46:27,50620.1,50619.3,135,50641.2,120,0,109305
BANKNIFTY-III.NFO,21/11/2024,09:46:29,50620.1,50626.65,45,50643.4,165,0,109305
BANKNIFTY-III.NFO,21/11/2024,09:46:30,50620.1,50618.95,30,50638.85,165,15,109305
BANKNIFTY-III.NFO,21/11/2024,09:46:32,50620.1,50618.4,45,50636.15,135,0,109305
BANKNIFTY-III.NFO,21/11/2024,09:46:34,50620.1,50619.8,105,50638.2,135,0,109305
BANKNIFTY-III.NFO,21/11/2024,09:46:35,50620.1,50618.75,105,50638.25,120,0,109305
BANKNIFTY-III.NFO,21/11/2024,09:46:37,50620.1,50611.1,105,50629.5,135,0,109305
BANKNIFTY-III.NFO,21/11/2024,09:46:39,50620.1,50616.5,120,50634.5,135,0,109305
BANKNIFTY-III.NFO,21/11/2024,09:46:40,50620.1,50623.85,120,50641.2,120,0,109305
BANKNIFTY-III.NFO,21/11/2024,09:46:42,50620.1,50620,15,50635.3,120,0,109305
BANKNIFTY-III.NFO,21/11/2024,09:46:44,50620.1,50620,15,50633.4,165,0,109305
BANKNIFTY-III.NFO,21/11/2024,09:46:45,50620.1,50620.05,105,50633.25,120,0,109305
BANKNIFTY-III.NFO,21/11/2024,09:46:47,50620.1,50620,15,50634.55,135,0,109305
BANKNIFTY-III.NFO,21/11/2024,09:46:49,50620.1,50620,15,50632.9,120,0,109305
BANKNIFTY-III.NFO,21/11/2024,09:46:50,50620.1,50621.45,105,50641.15,135,0,109305
BANKNIFTY-III.NFO,21/11/2024,09:46:52,50620.1,50620.05,105,50637.55,165,0,109305
BANKNIFTY-III.NFO,21/11/2024,09:46:53,50620.1,50622.75,120,50641.2,30,0,109305
BANKNIFTY-III.NFO,21/11/2024,09:46:55,50620.1,50630.8,135,50647,15,0,109305
BANKNIFTY-III.NFO,21/11/2024,09:46:57,50620.1,50631.7,120,50650,465,0,109305
BANKNIFTY-III.NFO,21/11/2024,09:46:58,50620.1,50639.35,105,50650,450,0,109305
BANKNIFTY-III.NFO,21/11/2024,09:47:00,50620.1,50636.95,105,50650,450,0,109305
BANKNIFTY-III.NFO,21/11/2024,09:47:02,50620.1,50639.5,105,50650,450,0,109305
BANKNIFTY-III.NFO,21/11/2024,09:47:03,50620.1,50625.8,105,50645.1,120,0,109305
BANKNIFTY-III.NFO,21/11/2024,09:47:05,50620.1,50636.9,120,50650,450,0,109305
BANKNIFTY-III.NFO,21/11/2024,09:47:06,50620.1,50639.15,120,50650,450,0,109305
BANKNIFTY-III.NFO,21/11/2024,09:47:08,50620.1,50635.6,120,50650,450,0,109305
BANKNIFTY-III.NFO,21/11/2024,09:47:10,50620.1,50643.35,120,50650,450,0,109305
BANKNIFTY-III.NFO,21/11/2024,09:47:11,50650,50651.75,105,50669,15,450,109305
BANKNIFTY-III.NFO,21/11/2024,09:47:13,50650,50645.25,120,50665.3,135,0,109305
BANKNIFTY-III.NFO,21/11/2024,09:47:15,50650,50649.6,120,50668.95,45,0,109305
BANKNIFTY-III.NFO,21/11/2024,09:47:16,50650,50648.3,105,50664.05,45,0,109305
BANKNIFTY-III.NFO,21/11/2024,09:47:18,50650,50650.1,105,50665.3,45,0,109305
BANKNIFTY-III.NFO,21/11/2024,09:47:19,50650,50647.35,105,50667.05,135,0,109305
BANKNIFTY-III.NFO,21/11/2024,09:47:21,50650,50642.4,120,50660.9,135,0,109305
BANKNIFTY-III.NFO,21/11/2024,09:47:23,50650,50636.9,105,50658.1,135,0,109305
BANKNIFTY-III.NFO,21/11/2024,09:47:24,50650,50644.15,120,50660.8,135,0,109305
BANKNIFTY-III.NFO,21/11/2024,09:47:26,50650,50637.8,105,50656.6,135,0,109305
BANKNIFTY-III.NFO,21/11/2024,09:47:28,50650,50635.1,120,50657.05,120,0,109305
BANKNIFTY-III.NFO,21/11/2024,09:47:29,50650,50640.45,105,50659.65,135,0,109305
BANKNIFTY-III.NFO,21/11/2024,09:47:31,50650,50637.85,120,50655.15,135,0,109305
BANKNIFTY-III.NFO,21/11/2024,09:47:33,50650,50645,15,50655.45,135,0,109305
BANKNIFTY-III.NFO,21/11/2024,09:47:34,50650,50645,15,50654.75,120,0,109305
BANKNIFTY-III.NFO,21/11/2024,09:47:36,50650,50650,300,50653.65,120,0,109305
BANKNIFTY-III.NFO,21/11/2024,09:47:37,50653.65,50650,300,50655.7,120,15,109305
BANKNIFTY-III.NFO,21/11/2024,09:47:39,50650,50645,15,50655.1,120,300,109305
BANKNIFTY-III.NFO,21/11/2024,09:47:40,50657,50654.85,120,50668.95,30,15,109305
BANKNIFTY-III.NFO,21/11/2024,09:47:42,50657,50658.4,120,50675.8,120,0,109305
BANKNIFTY-III.NFO,21/11/2024,09:47:44,50657,50649.2,135,50665.85,45,0,109305
BANKNIFTY-III.NFO,21/11/2024,09:47:45,50657,50651.45,135,50666.55,30,0,109305
BANKNIFTY-III.NFO,21/11/2024,09:47:47,50657,50645.05,135,50659.65,30,0,109305
BANKNIFTY-III.NFO,21/11/2024,09:47:49,50657,50646.25,120,50660.8,120,0,109305
BANKNIFTY-III.NFO,21/11/2024,09:47:50,50657,50649.75,135,50665.8,30,0,109305
BANKNIFTY-III.NFO,21/11/2024,09:47:52,50657,50648.25,135,50664.75,135,0,109305
BANKNIFTY-III.NFO,21/11/2024,09:47:54,50657,50645.05,135,50661.6,30,0,109305
BANKNIFTY-III.NFO,21/11/2024,09:47:55,50657,50646.4,30,50666.15,135,0,109305
BANKNIFTY-III.NFO,21/11/2024,09:47:57,50657,50646.4,30,50657.15,135,0,109305
BANKNIFTY-III.NFO,21/11/2024,09:47:59,50657,50646.4,30,50652.35,135,0,109305
BANKNIFTY-III.NFO,21/11/2024,09:48:00,50646.4,50645,15,50648.75,150,30,109305
BANKNIFTY-III.NFO,21/11/2024,09:48:02,50646.4,50645,15,50650.7,135,0,109305
BANKNIFTY-III.NFO,21/11/2024,09:48:03,50646.4,50645,15,50652.85,165,0,109305
BANKNIFTY-III.NFO,21/11/2024,09:48:05,50646.4,50645,15,50653.4,135,0,109305
BANKNIFTY-III.NFO,21/11/2024,09:48:07,50645,50633.65,120,50645,45,15,109305
BANKNIFTY-III.NFO,21/11/2024,09:48:08,50645,50629.85,120,50644.95,30,0,109305
BANKNIFTY-III.NFO,21/11/2024,09:48:10,50636.3,50622.25,120,50637.25,120,30,109305
BANKNIFTY-III.NFO,21/11/2024,09:48:11,50636.3,50622.05,120,50636.35,120,0,109305
BANKNIFTY-III.NFO,21/11/2024,09:48:13,50636.3,50622,15,50634.1,135,0,109305
BANKNIFTY-III.NFO,21/11/2024,09:48:15,50636.3,50622,15,50633.15,120,0,109305
BANKNIFTY-III.NFO,21/11/2024,09:48:16,50636.3,50622,15,50637.3,45,300,109305
BANKNIFTY-III.NFO,21/11/2024,09:48:18,50636.3,50622,15,50637.3,45,0,109305
BANKNIFTY-III.NFO,21/11/2024,09:48:20,50636.3,50622,15,50633.05,30,0,109305
BANKNIFTY-III.NFO,21/11/2024,09:48:21,50636.3,50622,15,50628.35,45,0,109305
BANKNIFTY-III.NFO,21/11/2024,09:48:23,50622,50610,15,50617.9,45,15,109305
BANKNIFTY-III.NFO,21/11/2024,09:48:25,50610,50600,150,50614.5,30,15,109305
BANKNIFTY-III.NFO,21/11/2024,09:48:26,50610,50600,150,50616.9,15,0,109305
BANKNIFTY-III.NFO,21/11/2024,09:48:28,50610,50600,150,50616.8,45,0,109305
BANKNIFTY-III.NFO,21/11/2024,09:48:30,50610,50600,150,50610.2,45,0,109305
BANKNIFTY-III.NFO,21/11/2024,09:48:31,50611.05,50600,150,50611.1,30,15,109305
BANKNIFTY-III.NFO,21/11/2024,09:48:33,50611.05,50600,150,50611.1,60,0,109305
BANKNIFTY-III.NFO,21/11/2024,09:48:34,50600,50589.2,135,50600,75,150,109305
BANKNIFTY-III.NFO,21/11/2024,09:48:36,50600,50585.65,120,50600,75,0,109305
BANKNIFTY-III.NFO,21/11/2024,09:48:38,50608.1,50587.15,120,50607.55,45,300,109305
BANKNIFTY-III.NFO,21/11/2024,09:48:39,50608.1,50595.3,120,50611.45,15,0,109305
BANKNIFTY-III.NFO,21/11/2024,09:48:41,50608.1,50601.9,30,50613.85,15,0,109305
BANKNIFTY-III.NFO,21/11/2024,09:48:43,50594.9,50596.7,45,50613.85,15,15,109305
BANKNIFTY-III.NFO,21/11/2024,09:48:44,50594.9,50594.9,15,50611.4,45,0,109305
BANKNIFTY-III.NFO,21/11/2024,09:48:46,50594.9,50597.85,45,50611.4,45,0,109305
BANKNIFTY-III.NFO,21/11/2024,09:48:47,50594.9,50596.85,45,50611.4,45,0,109305
BANKNIFTY-III.NFO,21/11/2024,09:48:49,50594.9,50595.2,135,50611.4,45,0,109305
