Ticker,Date,Time,LTP,BuyPrice,BuyQty,SellPrice,SellQty,LTQ,OpenInterest
NIFTY-I.NFO,27/09/2024,09:15:00,26308.8,26311.9,100,26323.1,25,750,16045125
NIFTY-I.NFO,27/09/2024,09:15:00,26308.8,26311.9,100,26323.1,25,0,16045125
NIFTY-I.NFO,27/09/2024,09:15:00,26333.95,26311.9,100,26323.1,25,0,16045125
NIFTY-I.NFO,27/09/2024,09:15:00,26304.1,26311.9,100,26323.1,25,0,16045125
NIFTY-I.NFO,27/09/2024,09:15:02,26319.4,26311.1,100,26324.9,25,7900,16045125
NIFTY-I.NFO,27/09/2024,09:15:04,26317.9,26313.7,50,26317.9,50,12275,16045125
NIFTY-I.NFO,27/09/2024,09:15:07,26316.15,26312,100,26316.2,25,7300,16045125
NIFTY-I.NFO,27/09/2024,09:15:09,26320.2,26314.55,75,26315.2,25,6350,16045125
NIFTY-I.NFO,27/09/2024,09:15:11,26316.1,26315.9,250,26321.25,300,6275,16045125
NIFTY-I.NFO,27/09/2024,09:15:14,26321,26316.3,25,26321,75,9650,16045125
NIFTY-I.NFO,27/09/2024,09:15:16,26312,26311.7,100,26312,3000,16650,16045125
NIFTY-I.NFO,27/09/2024,09:15:18,26313.2,26313.8,25,26319.1,200,10300,16045125
NIFTY-I.NFO,27/09/2024,09:15:21,26314.2,26314.2,225,26319.75,50,3475,16045125
NIFTY-I.NFO,27/09/2024,09:15:23,26319.85,26315.45,75,26319.85,25,8275,16045125
NIFTY-I.NFO,27/09/2024,09:15:25,26314.95,26314.95,25,26319.9,5375,5425,16045125
NIFTY-I.NFO,27/09/2024,09:15:28,26315.6,26315.7,125,26319.85,25,4625,16045125
NIFTY-I.NFO,27/09/2024,09:15:30,26313.45,26316.2,1000,26318.75,100,5875,16045125
NIFTY-I.NFO,27/09/2024,09:15:33,26316.15,26315.05,75,26319,450,4425,16045125
NIFTY-I.NFO,27/09/2024,09:15:35,26319.9,26317.1,75,26319.9,2425,3200,16045125
NIFTY-I.NFO,27/09/2024,09:15:37,26319,26318.45,25,26319.6,150,4250,16045125
NIFTY-I.NFO,27/09/2024,09:15:40,26324.35,26320.75,25,26324.35,125,9300,16045125
NIFTY-I.NFO,27/09/2024,09:15:42,26322.05,26322.1,25,26323.25,25,4025,16045125
NIFTY-I.NFO,27/09/2024,09:15:45,26322.15,26321.5,75,26325.7,25,5925,16045125
NIFTY-I.NFO,27/09/2024,09:15:47,26329.5,26329.8,75,26333.4,25,11250,16045125
NIFTY-I.NFO,27/09/2024,09:15:47,26336.05,26329.8,75,26333.4,25,0,16045125
NIFTY-I.NFO,27/09/2024,09:15:49,26333.5,26328.8,25,26333.55,250,4000,16045125
NIFTY-I.NFO,27/09/2024,09:15:49,26336.2,26328.8,25,26333.55,250,0,16045125
NIFTY-I.NFO,27/09/2024,09:15:52,26334.9,26331.05,200,26334.85,225,5150,16045125
NIFTY-I.NFO,27/09/2024,09:15:52,26339.6,26331.05,200,26334.85,225,0,16045125
NIFTY-I.NFO,27/09/2024,09:15:54,26336.05,26333.5,25,26336.05,75,3100,16045125
NIFTY-I.NFO,27/09/2024,09:15:57,26334.85,26330.1,25,26335.95,75,6625,16045125
NIFTY-I.NFO,27/09/2024,09:15:59,26326.05,26326,125,26328.95,75,6225,16045125
NIFTY-I.NFO,27/09/2024,09:16:01,26331.05,26329.7,50,26331.05,25,3125,16045125
NIFTY-I.NFO,27/09/2024,09:16:04,26330.6,26330.55,100,26333.95,200,2600,16045125
NIFTY-I.NFO,27/09/2024,09:16:06,26333.95,26330.65,25,26334,25,1675,16045125
NIFTY-I.NFO,27/09/2024,09:16:09,26333.95,26334.05,75,26335,650,2000,16045125
NIFTY-I.NFO,27/09/2024,09:16:11,26334.15,26332.55,25,26333,50,2125,16045125
NIFTY-I.NFO,27/09/2024,09:16:13,26333,26330.7,25,26335,25,2150,16045125
NIFTY-I.NFO,27/09/2024,09:16:16,26330,26326.05,100,26330,1050,2450,16045125
NIFTY-I.NFO,27/09/2024,09:16:18,26328.4,26328.5,200,26331.25,25,2225,16045125
NIFTY-I.NFO,27/09/2024,09:16:21,26328.95,26330.05,250,26332.45,25,1525,16045125
NIFTY-I.NFO,27/09/2024,09:16:23,26333,26330,150,26333,175,1125,16045125
NIFTY-I.NFO,27/09/2024,09:16:28,26336,26333.35,225,26336,100,4100,16045125
NIFTY-I.NFO,27/09/2024,09:16:30,26334.95,26333.05,75,26335,125,2050,16045125
NIFTY-I.NFO,27/09/2024,09:16:33,26330.95,26331.05,175,26335.3,200,2425,16045125
NIFTY-I.NFO,27/09/2024,09:16:35,26330.05,26330.2,25,26332.6,1425,1675,16045125
NIFTY-I.NFO,27/09/2024,09:16:37,26333.2,26333.1,250,26335,600,3300,16045125
NIFTY-I.NFO,27/09/2024,09:16:40,26333,26332.95,275,26333,650,2125,16045125
NIFTY-I.NFO,27/09/2024,09:16:42,26332.95,26332.9,25,26332.95,775,2175,16045125
NIFTY-I.NFO,27/09/2024,09:16:45,26333.2,26333.2,225,26335,375,1350,16045125
NIFTY-I.NFO,27/09/2024,09:16:47,26335,26333.1,125,26335,275,1375,16045125
NIFTY-I.NFO,27/09/2024,09:16:49,26332.95,26332.95,125,26333.1,350,2050,16045125
NIFTY-I.NFO,27/09/2024,09:16:52,26334.15,26334.3,125,26335.8,25,3550,16045125
NIFTY-I.NFO,27/09/2024,09:16:54,26336,26335.15,125,26335.75,25,1800,16045125
NIFTY-I.NFO,27/09/2024,09:16:56,26335.75,26335.8,25,26338.5,25,2300,16045125
NIFTY-I.NFO,27/09/2024,09:16:59,26336.9,26336.5,125,26336.9,175,1750,16045125
NIFTY-I.NFO,27/09/2024,09:17:01,26339,26336.55,25,26339,450,1725,16045125
NIFTY-I.NFO,27/09/2024,09:17:03,26339,26337.2,150,26339,200,725,16045125
NIFTY-I.NFO,27/09/2024,09:17:06,26337.2,26337.05,25,26338.65,125,4025,16045125
NIFTY-I.NFO,27/09/2024,09:17:06,26340,26337.05,25,26338.65,125,0,16045125
NIFTY-I.NFO,27/09/2024,09:17:08,26337.3,26335,1075,26336.05,50,2450,16045125
NIFTY-I.NFO,27/09/2024,09:17:11,26337.25,26335.1,50,26337.3,25,2450,16045125
NIFTY-I.NFO,27/09/2024,09:17:13,26335,26333.75,125,26335,175,1125,16045125
NIFTY-I.NFO,27/09/2024,09:17:15,26335.15,26336.3,75,26338.65,200,1150,16045125
NIFTY-I.NFO,27/09/2024,09:17:18,26337.15,26333.35,150,26336.6,25,2850,16045125
NIFTY-I.NFO,27/09/2024,09:17:20,26335,26332.75,75,26335,150,1950,16045125
NIFTY-I.NFO,27/09/2024,09:17:23,26335.15,26334.2,150,26336.35,100,1575,16045125
NIFTY-I.NFO,27/09/2024,09:17:25,26336.2,26334.25,150,26336.3,25,1200,16045125
NIFTY-I.NFO,27/09/2024,09:17:27,26335,26334.35,125,26335,25,1950,16045125
NIFTY-I.NFO,27/09/2024,09:17:30,26334.35,26334.55,200,26336.1,25,1500,16045125
NIFTY-I.NFO,27/09/2024,09:17:32,26335.4,26334.6,25,26335.3,25,925,16045125
NIFTY-I.NFO,27/09/2024,09:17:35,26335,26334.45,25,26335.1,25,1225,16045125
NIFTY-I.NFO,27/09/2024,09:17:37,26336.15,26335.3,4675,26336.1,25,1475,16045125
NIFTY-I.NFO,27/09/2024,09:17:40,26335.3,26335.3,1775,26335.4,200,3725,16045125
NIFTY-I.NFO,27/09/2024,09:17:42,26332.45,26332.45,50,26334,25,2850,16045125
NIFTY-I.NFO,27/09/2024,09:17:44,26334.35,26333.45,75,26334.6,25,1175,16045125
NIFTY-I.NFO,27/09/2024,09:17:47,26333.45,26333.45,25,26334.55,125,700,16045125
NIFTY-I.NFO,27/09/2024,09:17:49,26333.45,26332.75,75,26334.6,125,1150,16045125
NIFTY-I.NFO,27/09/2024,09:17:51,26332.5,26332.5,25,26333.5,125,675,16045125
NIFTY-I.NFO,27/09/2024,09:17:54,26332.45,26332.45,150,26333.5,25,900,16045125
NIFTY-I.NFO,27/09/2024,09:17:56,26333,26333,450,26333.45,25,1025,16045125
NIFTY-I.NFO,27/09/2024,09:17:59,26333.2,26333.05,25,26333.2,50,1150,16045125
NIFTY-I.NFO,27/09/2024,09:18:01,26333.45,26332.8,200,26333.45,475,7900,16080150
NIFTY-I.NFO,27/09/2024,09:18:04,26332,26332.25,50,26333,75,2850,16080150
NIFTY-I.NFO,27/09/2024,09:18:06,26331.65,26331.6,50,26332.15,25,825,16080150
NIFTY-I.NFO,27/09/2024,09:18:09,26330.45,26330.45,25,26331.2,25,2000,16080150
NIFTY-I.NFO,27/09/2024,09:18:11,26330.7,26330.65,150,26333.2,25,1350,16080150
NIFTY-I.NFO,27/09/2024,09:18:14,26331.7,26331.7,25,26332.25,25,1650,16080150
NIFTY-I.NFO,27/09/2024,09:18:16,26330.65,26330.05,25,26330.65,4725,1650,16080150
NIFTY-I.NFO,27/09/2024,09:18:19,26330,26330,1675,26330.65,4825,700,16080150
NIFTY-I.NFO,27/09/2024,09:18:21,26330.65,26330.6,25,26330.65,3675,1625,16080150
NIFTY-I.NFO,27/09/2024,09:18:24,26330.6,26330.6,75,26330.65,3275,1275,16080150
NIFTY-I.NFO,27/09/2024,09:18:26,26331.6,26332.25,75,26333.6,25,5525,16080150
NIFTY-I.NFO,27/09/2024,09:18:29,26334.9,26332.35,25,26334.9,125,1150,16080150
NIFTY-I.NFO,27/09/2024,09:18:31,26332.6,26333.45,75,26334.7,50,900,16080150
NIFTY-I.NFO,27/09/2024,09:18:34,26334.15,26333.5,50,26334.8,25,1900,16080150
NIFTY-I.NFO,27/09/2024,09:18:36,26335,26334.8,25,26335,1450,950,16080150
NIFTY-I.NFO,27/09/2024,09:18:39,26334.45,26333.05,175,26334.5,25,1400,16080150
NIFTY-I.NFO,27/09/2024,09:18:41,26334.05,26333.45,175,26334.3,50,850,16080150
NIFTY-I.NFO,27/09/2024,09:18:44,26333.35,26333.15,25,26333.45,125,1400,16080150
NIFTY-I.NFO,27/09/2024,09:18:46,26333.75,26333.45,100,26333.8,25,1925,16080150
NIFTY-I.NFO,27/09/2024,09:18:49,26334.3,26334.05,25,26334.4,200,1175,16080150
NIFTY-I.NFO,27/09/2024,09:18:51,26333.65,26333.85,75,26333.9,50,1050,16080150
NIFTY-I.NFO,27/09/2024,09:18:54,26335,26334.8,100,26335,950,2175,16080150
NIFTY-I.NFO,27/09/2024,09:18:56,26334.2,26334,75,26334.85,50,1275,16080150
NIFTY-I.NFO,27/09/2024,09:18:59,26334.85,26334.1,75,26334.95,25,1025,16080150
NIFTY-I.NFO,27/09/2024,09:19:01,26334.15,26334.15,200,26334.2,25,1500,16080150
NIFTY-I.NFO,27/09/2024,09:19:04,26335,26335,125,26335.05,75,1700,16080150
NIFTY-I.NFO,27/09/2024,09:19:06,26335.15,26335.1,100,26335.3,25,975,16080150
NIFTY-I.NFO,27/09/2024,09:19:09,26335,26335,300,26335.05,50,2025,16080150
NIFTY-I.NFO,27/09/2024,09:19:11,26333.9,26333.85,500,26334.8,25,2300,16080150
NIFTY-I.NFO,27/09/2024,09:19:14,26335.15,26335.3,225,26336.1,125,1025,16080150
NIFTY-I.NFO,27/09/2024,09:19:16,26335,26334.05,75,26334.95,25,1900,16080150
NIFTY-I.NFO,27/09/2024,09:19:19,26334.25,26334.1,150,26334.25,1075,850,16080150
NIFTY-I.NFO,27/09/2024,09:19:21,26333.25,26333.1,75,26333.25,25,875,16080150
NIFTY-I.NFO,27/09/2024,09:19:24,26333.35,26333.1,75,26334.25,625,1500,16080150
NIFTY-I.NFO,27/09/2024,09:19:26,26334.75,26334.35,75,26334.75,25,1450,16080150
NIFTY-I.NFO,27/09/2024,09:19:29,26334.8,26335,100,26335.15,225,2075,16080150
NIFTY-I.NFO,27/09/2024,09:19:31,26335.6,26334.75,50,26335.65,25,2600,16080150
NIFTY-I.NFO,27/09/2024,09:19:34,26334.55,26334.55,50,26335.2,50,2075,16080150
NIFTY-I.NFO,27/09/2024,09:19:36,26333.35,26333.05,75,26334.15,25,700,16080150
NIFTY-I.NFO,27/09/2024,09:19:39,26334.35,26334.15,50,26334.45,75,775,16080150
NIFTY-I.NFO,27/09/2024,09:19:41,26334.95,26334.9,50,26335,175,1025,16080150
NIFTY-I.NFO,27/09/2024,09:19:44,26333.75,26333.35,75,26334.35,25,700,16080150
NIFTY-I.NFO,27/09/2024,09:19:46,26334.45,26333.05,75,26334.35,200,1500,16080150
NIFTY-I.NFO,27/09/2024,09:19:49,26334.65,26334.65,50,26334.95,25,550,16080150
NIFTY-I.NFO,27/09/2024,09:19:51,26334.95,26334.5,25,26334.95,150,800,16080150
NIFTY-I.NFO,27/09/2024,09:19:54,26334.55,26334.55,100,26336.45,25,2150,16080150
NIFTY-I.NFO,27/09/2024,09:19:56,26336.6,26335.6,25,26337.6,150,2025,16080150
NIFTY-I.NFO,27/09/2024,09:19:59,26336.6,26336.45,25,26336.65,25,525,16080150
NIFTY-I.NFO,27/09/2024,09:20:01,26332.7,26327.8,25,26332.75,25,25200,16080150
NIFTY-I.NFO,27/09/2024,09:20:04,26333.1,26327.15,25,26332.55,100,7850,16080150
NIFTY-I.NFO,27/09/2024,09:20:06,26327.6,26327.55,50,26331.55,25,3100,16080150
NIFTY-I.NFO,27/09/2024,09:20:09,26331.55,26328.6,25,26334.15,25,3625,16080150
NIFTY-I.NFO,27/09/2024,09:20:11,26329.1,26329.1,25,26333.9,50,1450,16080150
NIFTY-I.NFO,27/09/2024,09:20:14,26333.9,26330.7,125,26334.15,200,1375,16080150
NIFTY-I.NFO,27/09/2024,09:20:16,26334.65,26331.05,225,26334.65,25,2050,16080150
NIFTY-I.NFO,27/09/2024,09:20:19,26335,26332.65,225,26334.65,300,925,16080150
NIFTY-I.NFO,27/09/2024,09:20:21,26332.45,26332.45,50,26336,25,2600,16080150
NIFTY-I.NFO,27/09/2024,09:20:24,26334.6,26333.95,150,26336,125,800,16080150
NIFTY-I.NFO,27/09/2024,09:20:26,26335.1,26335.1,150,26337.95,50,450,16080150
NIFTY-I.NFO,27/09/2024,09:20:29,26338,26335,150,26338,1150,700,16080150
NIFTY-I.NFO,27/09/2024,09:20:31,26339,26335.5,25,26339,425,2350,16080150
NIFTY-I.NFO,27/09/2024,09:20:33,26334.05,26335.1,75,26337,25,2400,16080150
NIFTY-I.NFO,27/09/2024,09:20:36,26335.3,26335.35,150,26337.2,25,1725,16080150
NIFTY-I.NFO,27/09/2024,09:20:38,26338.4,26334.25,125,26338.45,25,1025,16080150
NIFTY-I.NFO,27/09/2024,09:20:40,26337.2,26337.2,75,26338.45,275,475,16080150
NIFTY-I.NFO,27/09/2024,09:20:43,26337.2,26335.6,150,26339,250,775,16080150
NIFTY-I.NFO,27/09/2024,09:20:45,26337.2,26337,75,26339,125,1150,16080150
NIFTY-I.NFO,27/09/2024,09:20:48,26340,26336.25,150,26338,50,1100,16080150
NIFTY-I.NFO,27/09/2024,09:20:50,26337.2,26336.4,75,26340,525,725,16080150
NIFTY-I.NFO,27/09/2024,09:20:53,26338,26336.4,25,26338,75,775,16080150
NIFTY-I.NFO,27/09/2024,09:20:55,26337.2,26336.2,75,26338.55,50,2925,16080150
NIFTY-I.NFO,27/09/2024,09:20:55,26342.35,26336.2,75,26338.55,50,0,16080150
NIFTY-I.NFO,27/09/2024,09:20:58,26340.2,26338,25,26339.5,25,1775,16080150
NIFTY-I.NFO,27/09/2024,09:21:00,26339.5,26339.5,125,26340.15,25,1650,16080150
NIFTY-I.NFO,27/09/2024,09:21:00,26342.55,26339.5,125,26340.15,25,0,16080150
NIFTY-I.NFO,27/09/2024,09:21:02,26340.2,26337.6,200,26340.2,50,2525,16134225
NIFTY-I.NFO,27/09/2024,09:21:02,26342.95,26337.6,200,26340.2,50,0,16134225
NIFTY-I.NFO,27/09/2024,09:21:05,26337.05,26337.05,75,26339.05,125,1250,16134225
NIFTY-I.NFO,27/09/2024,09:21:07,26339.95,26337.15,225,26339.95,25,375,16134225
NIFTY-I.NFO,27/09/2024,09:21:10,26342.15,26337.55,225,26341,50,2650,16134225
NIFTY-I.NFO,27/09/2024,09:21:12,26340.05,26340.05,225,26342,100,1675,16134225
NIFTY-I.NFO,27/09/2024,09:21:15,26344.95,26342,450,26344.95,25,1275,16134225
NIFTY-I.NFO,27/09/2024,09:21:15,26344.95,26342,450,26344.95,25,0,16134225
NIFTY-I.NFO,27/09/2024,09:21:17,26347,26342.9,75,26346.85,25,2950,16134225
NIFTY-I.NFO,27/09/2024,09:21:17,26347.35,26342.9,75,26346.85,25,0,16134225
NIFTY-I.NFO,27/09/2024,09:21:20,26343.55,26343.55,25,26345,25,1575,16134225
NIFTY-I.NFO,27/09/2024,09:21:20,26347.55,26343.55,25,26345,25,0,16134225
NIFTY-I.NFO,27/09/2024,09:21:22,26343.55,26343.7,150,26347.55,75,1825,16134225
NIFTY-I.NFO,27/09/2024,09:21:25,26347.45,26346.45,50,26347.55,125,5575,16134225
NIFTY-I.NFO,27/09/2024,09:21:25,26350,26346.45,50,26347.55,125,0,16134225
NIFTY-I.NFO,27/09/2024,09:21:27,26348.6,26347.3,225,26349.95,175,2875,16134225
NIFTY-I.NFO,27/09/2024,09:21:30,26345.55,26349.5,50,26350,2000,2400,16134225
NIFTY-I.NFO,27/09/2024,09:21:32,26349.25,26346.25,225,26349.25,25,975,16134225
NIFTY-I.NFO,27/09/2024,09:21:35,26350,26347.9,25,26350,800,825,16134225
NIFTY-I.NFO,27/09/2024,09:21:37,26349.9,26348.45,50,26349.9,50,475,16134225
NIFTY-I.NFO,27/09/2024,09:21:40,26348.45,26347.75,400,26349.9,50,2675,16134225
NIFTY-I.NFO,27/09/2024,09:21:40,26350.05,26347.75,400,26349.9,50,0,16134225
NIFTY-I.NFO,27/09/2024,09:21:42,26347.75,26347.75,175,26349.9,100,1275,16134225
NIFTY-I.NFO,27/09/2024,09:21:42,26351.95,26347.75,175,26349.9,100,0,16134225
NIFTY-I.NFO,27/09/2024,09:21:45,26349.9,26346.7,400,26349.9,25,1750,16134225
NIFTY-I.NFO,27/09/2024,09:21:47,26353.1,26349.05,200,26352.6,25,2850,16134225
NIFTY-I.NFO,27/09/2024,09:21:47,26353.1,26349.05,200,26352.6,25,0,16134225
NIFTY-I.NFO,27/09/2024,09:21:50,26349.95,26349.35,25,26354,100,1075,16134225
NIFTY-I.NFO,27/09/2024,09:21:50,26354,26349.35,25,26354,100,0,16134225
NIFTY-I.NFO,27/09/2024,09:21:52,26347.75,26347.75,25,26349.95,25,1300,16134225
NIFTY-I.NFO,27/09/2024,09:21:55,26349.95,26348.85,325,26349.95,25,400,16134225
NIFTY-I.NFO,27/09/2024,09:21:57,26350,26349.5,50,26350,25,950,16134225
NIFTY-I.NFO,27/09/2024,09:21:57,26354.65,26349.5,50,26350,25,0,16134225
NIFTY-I.NFO,27/09/2024,09:22:00,26352.5,26348.05,125,26350,25,2575,16134225
NIFTY-I.NFO,27/09/2024,09:22:00,26355,26348.05,125,26350,25,0,16134225
NIFTY-I.NFO,27/09/2024,09:22:02,26352.15,26350,25,26352.9,50,725,16134225
NIFTY-I.NFO,27/09/2024,09:22:04,26348.15,26348.15,200,26352.55,25,1825,16134225
NIFTY-I.NFO,27/09/2024,09:22:07,26352,26350,300,26352,25,575,16134225
NIFTY-I.NFO,27/09/2024,09:22:09,26352,26348.1,125,26350,25,475,16134225
NIFTY-I.NFO,27/09/2024,09:22:12,26350,26348.15,25,26350,375,575,16134225
NIFTY-I.NFO,27/09/2024,09:22:14,26348.25,26348.25,225,26349.95,325,500,16134225
NIFTY-I.NFO,27/09/2024,09:22:17,26349.9,26348.2,325,26349.9,400,1575,16134225
NIFTY-I.NFO,27/09/2024,09:22:19,26352,26350,25,26352,450,925,16134225
NIFTY-I.NFO,27/09/2024,09:22:22,26349.9,26346,250,26350,25,4825,16134225
NIFTY-I.NFO,27/09/2024,09:22:24,26348.95,26345.15,300,26349,50,1650,16134225
NIFTY-I.NFO,27/09/2024,09:22:27,26345.15,26345.15,125,26346.25,25,600,16134225
NIFTY-I.NFO,27/09/2024,09:22:30,26340,26337.25,175,26340,25,1550,16134225
NIFTY-I.NFO,27/09/2024,09:22:32,26341.4,26340.5,75,26341.2,25,2375,16134225
NIFTY-I.NFO,27/09/2024,09:22:35,26337.7,26337.75,200,26340,650,1775,16134225
NIFTY-I.NFO,27/09/2024,09:22:37,26338.2,26338.15,175,26340,600,200,16134225
NIFTY-I.NFO,27/09/2024,09:22:39,26340,26338.7,100,26340,875,275,16134225
NIFTY-I.NFO,27/09/2024,09:22:42,26339.2,26339.2,75,26339.95,450,850,16134225
NIFTY-I.NFO,27/09/2024,09:22:44,26339.4,26339.8,200,26339.85,50,225,16134225
NIFTY-I.NFO,27/09/2024,09:22:47,26339.45,26339.6,150,26339.85,75,925,16134225
NIFTY-I.NFO,27/09/2024,09:22:49,26340.15,26340.15,50,26342.7,25,1225,16134225
NIFTY-I.NFO,27/09/2024,09:22:52,26343.5,26340.25,350,26342.8,25,1450,16134225
NIFTY-I.NFO,27/09/2024,09:22:54,26340.7,26341.05,150,26342.15,25,1225,16134225
NIFTY-I.NFO,27/09/2024,09:22:57,26342.95,26342.95,75,26343,200,775,16134225
NIFTY-I.NFO,27/09/2024,09:22:59,26340.85,26340.8,150,26342,50,2775,16134225
NIFTY-I.NFO,27/09/2024,09:23:02,26343.25,26343.6,75,26344.7,25,1250,16134225
NIFTY-I.NFO,27/09/2024,09:23:04,26344.55,26343.45,25,26344.65,225,1050,16134225
NIFTY-I.NFO,27/09/2024,09:23:07,26348,26345.85,175,26348.2,100,575,16134225
NIFTY-I.NFO,27/09/2024,09:23:09,26348,26347.95,150,26350,1125,1750,16134225
NIFTY-I.NFO,27/09/2024,09:23:12,26348.1,26348.05,100,26348.85,50,175,16134225
NIFTY-I.NFO,27/09/2024,09:23:14,26348.4,26347.45,75,26348.75,50,875,16134225
NIFTY-I.NFO,27/09/2024,09:23:17,26349.95,26349.2,75,26350,1425,2275,16134225
NIFTY-I.NFO,27/09/2024,09:23:19,26350,26349.3,125,26349.85,100,1425,16134225
NIFTY-I.NFO,27/09/2024,09:23:22,26350.45,26350.45,50,26352,275,1575,16134225
NIFTY-I.NFO,27/09/2024,09:23:24,26351.95,26351.95,25,26353.05,250,2600,16134225
NIFTY-I.NFO,27/09/2024,09:23:27,26356.1,26356.1,50,26356.9,75,4400,16134225
NIFTY-I.NFO,27/09/2024,09:23:27,26357,26356.1,50,26356.9,75,0,16134225
NIFTY-I.NFO,27/09/2024,09:23:29,26354.95,26353.05,25,26354.95,125,2375,16134225
NIFTY-I.NFO,27/09/2024,09:23:29,26359,26353.05,25,26354.95,125,0,16134225
NIFTY-I.NFO,27/09/2024,09:23:32,26355.35,26355.35,825,26356.4,50,675,16134225
NIFTY-I.NFO,27/09/2024,09:23:34,26356.6,26353.9,125,26356.65,75,4100,16134225
NIFTY-I.NFO,27/09/2024,09:23:37,26353.4,26353.4,250,26356,25,1250,16134225
NIFTY-I.NFO,27/09/2024,09:23:39,26353.4,26355.05,100,26356.45,25,650,16134225
NIFTY-I.NFO,27/09/2024,09:23:42,26355.05,26355.05,100,26355.75,25,225,16134225
NIFTY-I.NFO,27/09/2024,09:23:44,26355.1,26355.15,100,26355.4,100,125,16134225
NIFTY-I.NFO,27/09/2024,09:23:47,26357.95,26353.1,75,26356.45,125,3950,16134225
NIFTY-I.NFO,27/09/2024,09:23:49,26355.75,26355.4,25,26356.15,25,5775,16134225
NIFTY-I.NFO,27/09/2024,09:23:52,26355.4,26355.1,125,26355.35,50,925,16134225
NIFTY-I.NFO,27/09/2024,09:23:54,26355.35,26355.3,25,26355.4,250,525,16134225
NIFTY-I.NFO,27/09/2024,09:23:57,26354.7,26351.05,275,26353.95,25,950,16134225
NIFTY-I.NFO,27/09/2024,09:23:59,26353.1,26352.55,200,26353.1,200,475,16134225
NIFTY-I.NFO,27/09/2024,09:24:02,26355.05,26353.75,75,26355.1,400,875,16134225
NIFTY-I.NFO,27/09/2024,09:24:04,26352.6,26352.6,25,26353.3,25,5000,16176475
NIFTY-I.NFO,27/09/2024,09:24:07,26350.05,26350.05,25,26353.1,25,2525,16176475
NIFTY-I.NFO,27/09/2024,09:24:09,26350.1,26350.05,25,26354.2,25,1450,16176475
NIFTY-I.NFO,27/09/2024,09:24:12,26350.1,26350.65,300,26354.65,25,375,16176475
NIFTY-I.NFO,27/09/2024,09:24:14,26355.4,26351.4,225,26355.6,50,175,16176475
NIFTY-I.NFO,27/09/2024,09:24:17,26354.1,26350.65,200,26351.25,175,1500,16176475
NIFTY-I.NFO,27/09/2024,09:24:19,26348.4,26348,25,26349.25,25,3175,16176475
NIFTY-I.NFO,27/09/2024,09:24:22,26348.1,26348.1,50,26349,100,425,16176475
NIFTY-I.NFO,27/09/2024,09:24:24,26348.2,26348.85,25,26349,150,150,16176475
NIFTY-I.NFO,27/09/2024,09:24:27,26348.9,26348.2,150,26348.95,75,375,16176475
NIFTY-I.NFO,27/09/2024,09:24:29,26348,26348,75,26348.9,50,300,16176475
NIFTY-I.NFO,27/09/2024,09:24:32,26348,26345.8,75,26348,4050,1300,16176475
NIFTY-I.NFO,27/09/2024,09:24:34,26348,26347.95,75,26348,3625,525,16176475
NIFTY-I.NFO,27/09/2024,09:24:37,26348,26347.95,50,26348,1550,2900,16176475
NIFTY-I.NFO,27/09/2024,09:24:39,26348,26345.8,25,26348,275,1375,16176475
NIFTY-I.NFO,27/09/2024,09:24:42,26346.4,26346.4,150,26348,275,600,16176475
NIFTY-I.NFO,27/09/2024,09:24:44,26346.5,26346.5,150,26347.8,25,100,16176475
NIFTY-I.NFO,27/09/2024,09:24:47,26346.85,26346.85,25,26348.9,25,1300,16176475
NIFTY-I.NFO,27/09/2024,09:24:49,26347.95,26345.95,150,26348.95,25,1800,16176475
NIFTY-I.NFO,27/09/2024,09:24:52,26349.85,26346.55,150,26349.9,25,1250,16176475
NIFTY-I.NFO,27/09/2024,09:24:54,26346.35,26345.45,50,26347.9,25,150,16176475
NIFTY-I.NFO,27/09/2024,09:24:57,26350.25,26347.15,50,26349.95,25,2575,16176475
NIFTY-I.NFO,27/09/2024,09:24:59,26345.9,26345.85,25,26349.8,25,425,16176475
NIFTY-I.NFO,27/09/2024,09:25:02,26349.1,26347.5,25,26348.5,25,1850,16176475
NIFTY-I.NFO,27/09/2024,09:25:04,26348.55,26346.05,25,26348.8,25,1250,16176475
NIFTY-I.NFO,27/09/2024,09:25:07,26348,26348,1000,26348.6,25,275,16176475
NIFTY-I.NFO,27/09/2024,09:25:09,26342.4,26343,300,26347.55,50,3125,16176475
NIFTY-I.NFO,27/09/2024,09:25:12,26348.9,26344.25,150,26348.25,25,750,16176475
NIFTY-I.NFO,27/09/2024,09:25:14,26344.85,26344.8,75,26347.85,25,575,16176475
NIFTY-I.NFO,27/09/2024,09:25:17,26350,26349.05,25,26350.55,25,675,16176475
NIFTY-I.NFO,27/09/2024,09:25:19,26348.15,26348.25,175,26349,25,1350,16176475
NIFTY-I.NFO,27/09/2024,09:25:22,26349.05,26348.6,75,26349,25,275,16176475
NIFTY-I.NFO,27/09/2024,09:25:24,26349.05,26349,100,26349.9,25,1250,16176475
NIFTY-I.NFO,27/09/2024,09:25:27,26345.5,26345.8,125,26348.5,125,875,16176475
NIFTY-I.NFO,27/09/2024,09:25:29,26345.8,26345.4,150,26349.05,25,1275,16176475
NIFTY-I.NFO,27/09/2024,09:25:32,26348.95,26348.55,75,26348.95,25,1400,16176475
NIFTY-I.NFO,27/09/2024,09:25:34,26349.4,26349.4,50,26349.45,25,450,16176475
NIFTY-I.NFO,27/09/2024,09:25:37,26349.35,26349.35,250,26349.45,25,250,16176475
NIFTY-I.NFO,27/09/2024,09:25:39,26349.5,26349.5,125,26350,275,200,16176475
NIFTY-I.NFO,27/09/2024,09:25:42,26349.45,26349.45,25,26350,275,225,16176475
NIFTY-I.NFO,27/09/2024,09:25:44,26349.3,26349.3,250,26349.35,50,850,16176475
NIFTY-I.NFO,27/09/2024,09:25:47,26349.35,26349.35,125,26350.75,25,625,16176475
NIFTY-I.NFO,27/09/2024,09:25:49,26349.85,26349.85,25,26349.95,25,850,16176475
NIFTY-I.NFO,27/09/2024,09:25:52,26346,26345.75,100,26348.65,50,200,16176475
NIFTY-I.NFO,27/09/2024,09:25:54,26349,26345.1,225,26348.6,25,500,16176475
NIFTY-I.NFO,27/09/2024,09:25:57,26346.5,26345,25,26346.5,50,150,16176475
NIFTY-I.NFO,27/09/2024,09:25:59,26345,26344.1,50,26345,300,300,16176475
NIFTY-I.NFO,27/09/2024,09:26:02,26344.95,26344,100,26345,150,975,16176475
NIFTY-I.NFO,27/09/2024,09:26:04,26343.95,26342.5,25,26344,700,225,16176475
NIFTY-I.NFO,27/09/2024,09:26:07,26344,26341.05,50,26342.5,325,1425,16176475
NIFTY-I.NFO,27/09/2024,09:26:09,26344.1,26341.15,25,26344.1,550,3125,16176475
NIFTY-I.NFO,27/09/2024,09:26:12,26344.1,26340.35,25,26344.1,350,325,16176475
NIFTY-I.NFO,27/09/2024,09:26:14,26342,26341.1,125,26344.1,50,650,16176475
NIFTY-I.NFO,27/09/2024,09:26:17,26346.5,26344.5,1200,26346.25,25,525,16176475
NIFTY-I.NFO,27/09/2024,09:26:19,26341.5,26341.5,375,26345.9,25,1325,16176475
NIFTY-I.NFO,27/09/2024,09:26:22,26345,26344.1,50,26345.75,25,550,16176475
NIFTY-I.NFO,27/09/2024,09:26:24,26344.2,26342.1,125,26344.1,50,150,16176475
NIFTY-I.NFO,27/09/2024,09:26:27,26341.8,26341.8,200,26345,75,200,16176475
NIFTY-I.NFO,27/09/2024,09:26:29,26345.65,26344.95,150,26347.5,150,450,16176475
NIFTY-I.NFO,27/09/2024,09:26:32,26347.2,26344,250,26347.2,150,1450,16176475
NIFTY-I.NFO,27/09/2024,09:26:34,26344.7,26341.8,25,26344,50,375,16176475
NIFTY-I.NFO,27/09/2024,09:26:37,26344,26341.85,225,26344,75,150,16176475
NIFTY-I.NFO,27/09/2024,09:26:39,26347.8,26344.25,250,26347.8,50,1175,16176475
NIFTY-I.NFO,27/09/2024,09:26:42,26344.25,26344,175,26347.8,250,250,16176475
NIFTY-I.NFO,27/09/2024,09:26:44,26343.2,26343.25,125,26347.8,25,600,16176475
NIFTY-I.NFO,27/09/2024,09:26:47,26345.65,26343.1,125,26345.65,25,1650,16176475
NIFTY-I.NFO,27/09/2024,09:26:49,26345.65,26342.65,225,26345.7,25,550,16176475
NIFTY-I.NFO,27/09/2024,09:26:52,26343.05,26343,175,26345.25,50,500,16176475
NIFTY-I.NFO,27/09/2024,09:26:54,26343.45,26343.35,125,26343.5,25,150,16176475
NIFTY-I.NFO,27/09/2024,09:26:57,26347,26343.2,150,26347,25,425,16176475
NIFTY-I.NFO,27/09/2024,09:26:59,26343.65,26343.65,50,26347.75,75,250,16176475
NIFTY-I.NFO,27/09/2024,09:27:02,26348.15,26348.15,400,26348.7,75,2825,16176475
NIFTY-I.NFO,27/09/2024,09:27:04,26347.9,26347.9,25,26347.95,25,600,16205025
NIFTY-I.NFO,27/09/2024,09:27:07,26343.75,26343,125,26343.75,175,4800,16205025
NIFTY-I.NFO,27/09/2024,09:27:09,26345,26342.25,125,26347,50,850,16205025
NIFTY-I.NFO,27/09/2024,09:27:12,26347.25,26345,150,26347.35,25,1975,16205025
NIFTY-I.NFO,27/09/2024,09:27:14,26348.95,26348.2,125,26348.75,25,1000,16205025
NIFTY-I.NFO,27/09/2024,09:27:17,26348.7,26347.95,100,26348.55,50,1875,16205025
NIFTY-I.NFO,27/09/2024,09:27:19,26347.75,26347.7,25,26347.75,225,575,16205025
NIFTY-I.NFO,27/09/2024,09:27:22,26347.45,26345.35,50,26347.95,50,925,16205025
NIFTY-I.NFO,27/09/2024,09:27:24,26349,26349.2,175,26349.35,50,325,16205025
NIFTY-I.NFO,27/09/2024,09:27:27,26348.35,26346.3,50,26348.8,50,525,16205025
NIFTY-I.NFO,27/09/2024,09:27:29,26349.35,26349.35,200,26349.85,100,525,16205025
NIFTY-I.NFO,27/09/2024,09:27:32,26349.5,26349.15,25,26350,1350,2025,16205025
NIFTY-I.NFO,27/09/2024,09:27:34,26345.15,26345.75,25,26349.8,250,450,16205025
NIFTY-I.NFO,27/09/2024,09:27:37,26348.8,26346.3,200,26349.75,200,150,16205025
NIFTY-I.NFO,27/09/2024,09:27:39,26350,26348.85,25,26349.65,125,2350,16205025
NIFTY-I.NFO,27/09/2024,09:27:42,26350.9,26347.35,75,26350.8,25,500,16205025
NIFTY-I.NFO,27/09/2024,09:27:44,26349.35,26349.35,50,26351.45,25,850,16205025
NIFTY-I.NFO,27/09/2024,09:27:47,26350.35,26350.05,75,26350.35,25,725,16205025
NIFTY-I.NFO,27/09/2024,09:27:49,26350.05,26350,125,26350.1,50,175,16205025
NIFTY-I.NFO,27/09/2024,09:27:52,26346.6,26346.6,25,26350.45,25,1575,16205025
NIFTY-I.NFO,27/09/2024,09:27:54,26349.85,26349.95,25,26350,800,500,16205025
NIFTY-I.NFO,27/09/2024,09:27:57,26350.1,26348.45,75,26349.85,200,1575,16205025
NIFTY-I.NFO,27/09/2024,09:27:59,26350.5,26350.5,50,26351.95,25,475,16205025
NIFTY-I.NFO,27/09/2024,09:28:02,26352.35,26352.35,350,26352.8,175,925,16205025
NIFTY-I.NFO,27/09/2024,09:28:04,26352,26351.7,75,26353.05,50,675,16205025
NIFTY-I.NFO,27/09/2024,09:28:07,26350.5,26350.5,100,26352,25,425,16205025
NIFTY-I.NFO,27/09/2024,09:28:09,26352.35,26352,200,26352.2,175,675,16205025
NIFTY-I.NFO,27/09/2024,09:28:12,26350.5,26350.55,75,26352,500,675,16205025
NIFTY-I.NFO,27/09/2024,09:28:14,26351.9,26351.95,50,26352,25,1050,16205025
NIFTY-I.NFO,27/09/2024,09:28:17,26352,26351.85,75,26352.15,25,975,16205025
NIFTY-I.NFO,27/09/2024,09:28:19,26348,26348.05,25,26351.9,25,1000,16205025
NIFTY-I.NFO,27/09/2024,09:28:22,26350.45,26350.05,200,26350.45,100,200,16205025
NIFTY-I.NFO,27/09/2024,09:28:24,26350.1,26347.05,175,26350,1000,750,16205025
NIFTY-I.NFO,27/09/2024,09:28:27,26348.25,26348.65,75,26349.95,75,1600,16205025
NIFTY-I.NFO,27/09/2024,09:28:29,26349.95,26348.5,25,26350,725,750,16205025
NIFTY-I.NFO,27/09/2024,09:28:32,26349.9,26348.75,75,26349.85,25,1550,16205025
NIFTY-I.NFO,27/09/2024,09:28:34,26349.45,26349.3,225,26349.45,125,875,16205025
NIFTY-I.NFO,27/09/2024,09:28:37,26348.95,26348.45,75,26348.6,25,550,16205025
NIFTY-I.NFO,27/09/2024,09:28:39,26349.1,26348.95,25,26349.1,225,850,16205025
NIFTY-I.NFO,27/09/2024,09:28:42,26348.9,26349,100,26349.05,25,425,16205025
NIFTY-I.NFO,27/09/2024,09:28:44,26348.2,26348.25,125,26349.1,175,275,16205025
NIFTY-I.NFO,27/09/2024,09:28:47,26347.85,26345.1,275,26347.6,75,2025,16205025
NIFTY-I.NFO,27/09/2024,09:28:49,26345.8,26345.8,150,26347.55,25,450,16205025
NIFTY-I.NFO,27/09/2024,09:28:52,26346.35,26346.35,75,26347.55,75,225,16205025
NIFTY-I.NFO,27/09/2024,09:28:54,26348.55,26348.55,100,26348.6,200,1450,16205025
NIFTY-I.NFO,27/09/2024,09:28:57,26348.1,26347.9,150,26348.1,175,350,16205025
NIFTY-I.NFO,27/09/2024,09:28:59,26348.1,26348.1,225,26348.6,200,850,16205025
NIFTY-I.NFO,27/09/2024,09:29:02,26347.7,26345.1,75,26347.7,50,1875,16205025
NIFTY-I.NFO,27/09/2024,09:29:04,26345.05,26345.05,400,26347.75,25,450,16205025
NIFTY-I.NFO,27/09/2024,09:29:07,26345.1,26346.25,75,26347.2,25,125,16205025
NIFTY-I.NFO,27/09/2024,09:29:09,26347.9,26347.8,25,26347.9,150,1175,16205025
NIFTY-I.NFO,27/09/2024,09:29:12,26346.2,26346.4,150,26347.2,200,1400,16205025
NIFTY-I.NFO,27/09/2024,09:29:14,26345.65,26345.65,325,26345.95,25,325,16205025
NIFTY-I.NFO,27/09/2024,09:29:17,26345.95,26345.95,75,26346,1150,1175,16205025
NIFTY-I.NFO,27/09/2024,09:29:19,26346,26345.25,175,26346,625,875,16205025
NIFTY-I.NFO,27/09/2024,09:29:22,26345.3,26344.6,75,26345.3,50,1050,16205025
NIFTY-I.NFO,27/09/2024,09:29:24,26344.1,26344.25,75,26345.7,25,600,16205025
NIFTY-I.NFO,27/09/2024,09:29:27,26344.95,26342.95,275,26345.2,25,1650,16205025
NIFTY-I.NFO,27/09/2024,09:29:29,26344.55,26342.85,200,26344.55,50,4175,16205025
NIFTY-I.NFO,27/09/2024,09:29:32,26345,26345,175,26346.2,175,1025,16205025
NIFTY-I.NFO,27/09/2024,09:29:34,26344.1,26344.1,125,26344.15,50,1400,16205025
NIFTY-I.NFO,27/09/2024,09:29:37,26345.7,26343.15,175,26344.2,175,425,16205025
NIFTY-I.NFO,27/09/2024,09:29:39,26344.25,26344.25,50,26345.2,25,1675,16205025
NIFTY-I.NFO,27/09/2024,09:29:42,26341.65,26341.65,50,26344.95,100,1575,16205025
NIFTY-I.NFO,27/09/2024,09:29:44,26340.7,26340.7,150,26344.05,25,1750,16205025
NIFTY-I.NFO,27/09/2024,09:29:47,26341.05,26341.05,150,26341.5,175,475,16205025
NIFTY-I.NFO,27/09/2024,09:29:49,26342.6,26342.6,50,26343.2,25,600,16205025
NIFTY-I.NFO,27/09/2024,09:29:52,26340.05,26340,3025,26340.25,25,1200,16205025
NIFTY-I.NFO,27/09/2024,09:29:54,26342.1,26340.05,450,26342.05,25,1550,16205025
NIFTY-I.NFO,27/09/2024,09:29:57,26342.7,26341.25,100,26342.55,25,3525,16205025
NIFTY-I.NFO,27/09/2024,09:29:59,26342.05,26341,25,26342.15,750,2200,16205025
NIFTY-I.NFO,27/09/2024,09:30:02,26341.75,26340.05,75,26340.55,725,750,16205025
NIFTY-I.NFO,27/09/2024,09:30:04,26340.05,26340.05,50,26340.55,675,950,16194600
NIFTY-I.NFO,27/09/2024,09:30:07,26339.75,26336.6,375,26339.75,100,4725,16194600
NIFTY-I.NFO,27/09/2024,09:30:09,26336.6,26336.55,375,26338.95,25,375,16194600
NIFTY-I.NFO,27/09/2024,09:30:12,26340.5,26340.5,50,26340.7,25,1125,16194600
NIFTY-I.NFO,27/09/2024,09:30:14,26340.4,26338.45,75,26340.7,200,1225,16194600
NIFTY-I.NFO,27/09/2024,09:30:17,26340,26339.1,75,26340,75,500,16194600
NIFTY-I.NFO,27/09/2024,09:30:19,26339.8,26339.8,25,26343.4,25,775,16194600
NIFTY-I.NFO,27/09/2024,09:30:22,26339,26340.9,100,26342.05,50,475,16194600
NIFTY-I.NFO,27/09/2024,09:30:24,26339.25,26339.25,50,26339.8,175,750,16194600
NIFTY-I.NFO,27/09/2024,09:30:27,26340,26339,125,26340,1350,175,16194600
NIFTY-I.NFO,27/09/2024,09:30:29,26339.3,26339.95,25,26340,1250,250,16194600
NIFTY-I.NFO,27/09/2024,09:30:32,26340,26340.1,25,26340.8,175,1650,16194600
NIFTY-I.NFO,27/09/2024,09:30:34,26339,26338.95,75,26339.05,50,350,16194600
NIFTY-I.NFO,27/09/2024,09:30:37,26337.45,26337.45,250,26338.65,25,625,16194600
NIFTY-I.NFO,27/09/2024,09:30:39,26337.85,26338.65,900,26340,100,1400,16194600
NIFTY-I.NFO,27/09/2024,09:30:42,26338.65,26338.65,625,26338.7,100,300,16194600
NIFTY-I.NFO,27/09/2024,09:30:44,26338.65,26337.05,250,26338.65,100,875,16194600
NIFTY-I.NFO,27/09/2024,09:30:47,26336.65,26336.65,125,26337.05,325,350,16194600
NIFTY-I.NFO,27/09/2024,09:30:49,26332,26331.45,175,26335.3,50,6225,16194600
NIFTY-I.NFO,27/09/2024,09:30:52,26331,26331.2,300,26335,125,575,16194600
NIFTY-I.NFO,27/09/2024,09:30:54,26335,26334.95,100,26335,75,700,16194600
NIFTY-I.NFO,27/09/2024,09:30:57,26336.65,26333.65,325,26336.65,25,1100,16194600
NIFTY-I.NFO,27/09/2024,09:30:59,26335,26332.25,250,26335,1125,1200,16194600
NIFTY-I.NFO,27/09/2024,09:31:02,26335,26333.1,375,26335,525,1450,16194600
NIFTY-I.NFO,27/09/2024,09:31:04,26333.05,26333.05,175,26335,475,1425,16194600
NIFTY-I.NFO,27/09/2024,09:31:07,26334.05,26334.05,150,26334.95,175,150,16194600
NIFTY-I.NFO,27/09/2024,09:31:09,26333.25,26333.25,100,26334.05,25,250,16194600
NIFTY-I.NFO,27/09/2024,09:31:12,26334.75,26332.6,25,26334.3,200,775,16194600
NIFTY-I.NFO,27/09/2024,09:31:14,26332.6,26332.05,125,26333.8,175,275,16194600
NIFTY-I.NFO,27/09/2024,09:31:17,26332.85,26331,1075,26332.85,100,1200,16194600
NIFTY-I.NFO,27/09/2024,09:31:19,26331,26331.05,450,26333,75,450,16194600
NIFTY-I.NFO,27/09/2024,09:31:22,26332.85,26331.3,525,26333,100,225,16194600
NIFTY-I.NFO,27/09/2024,09:31:24,26332.85,26332.85,25,26333,250,825,16194600
NIFTY-I.NFO,27/09/2024,09:31:27,26333.1,26333.1,375,26333.65,25,550,16194600
NIFTY-I.NFO,27/09/2024,09:31:29,26332.85,26332.25,625,26333,25,1325,16194600
NIFTY-I.NFO,27/09/2024,09:31:32,26333.85,26333.9,350,26334.75,1050,550,16194600
NIFTY-I.NFO,27/09/2024,09:31:34,26334.75,26334.7,350,26334.75,325,975,16194600
NIFTY-I.NFO,27/09/2024,09:31:37,26336.65,26333.9,175,26336.65,75,3050,16194600
NIFTY-I.NFO,27/09/2024,09:31:39,26334.25,26334.25,100,26336,50,400,16194600
NIFTY-I.NFO,27/09/2024,09:31:42,26336,26336,50,26336.65,25,575,16194600
NIFTY-I.NFO,27/09/2024,09:31:45,26337,26337,25,26337.35,100,1125,16194600
NIFTY-I.NFO,27/09/2024,09:31:47,26338,26337.75,400,26338,675,650,16194600
NIFTY-I.NFO,27/09/2024,09:31:50,26337.75,26335.5,375,26337.75,350,900,16194600
NIFTY-I.NFO,27/09/2024,09:31:52,26335.9,26336.15,25,26337.75,525,100,16194600
NIFTY-I.NFO,27/09/2024,09:31:55,26337.75,26336.3,150,26337.75,175,800,16194600
NIFTY-I.NFO,27/09/2024,09:31:57,26336.35,26335.8,25,26338,300,475,16194600
NIFTY-I.NFO,27/09/2024,09:32:00,26338.9,26337.8,100,26338.9,250,350,16194600
NIFTY-I.NFO,27/09/2024,09:32:02,26339.3,26339.3,150,26339.65,175,325,16194600
NIFTY-I.NFO,27/09/2024,09:32:05,26339.05,26338.9,250,26339.1,125,350,16194600
NIFTY-I.NFO,27/09/2024,09:32:07,26339.35,26338,25,26339.35,150,750,16194600
NIFTY-I.NFO,27/09/2024,09:32:10,26335.9,26335.05,100,26336.3,125,2550,16194600
NIFTY-I.NFO,27/09/2024,09:32:12,26335.9,26335.05,75,26336.95,25,650,16194600
NIFTY-I.NFO,27/09/2024,09:32:15,26335.7,26335.75,200,26336.35,100,300,16194600
NIFTY-I.NFO,27/09/2024,09:32:17,26334.45,26334.25,75,26334.85,175,1475,16194600
NIFTY-I.NFO,27/09/2024,09:32:20,26333,26334.9,125,26335,200,5375,16194600
NIFTY-I.NFO,27/09/2024,09:32:22,26335.45,26335.05,225,26335.45,200,275,16194600
NIFTY-I.NFO,27/09/2024,09:32:24,26336,26335.95,225,26336,325,275,16194600
NIFTY-I.NFO,27/09/2024,09:32:27,26337.2,26337.2,300,26338,50,900,16194600
NIFTY-I.NFO,27/09/2024,09:32:29,26338.75,26338.6,25,26338.85,25,450,16194600
NIFTY-I.NFO,27/09/2024,09:32:32,26336.05,26336.05,50,26337.1,75,2750,16194600
NIFTY-I.NFO,27/09/2024,09:32:34,26337.75,26336.05,75,26337.8,25,2250,16194600
NIFTY-I.NFO,27/09/2024,09:32:37,26336.05,26336,100,26337.35,25,200,16194600
NIFTY-I.NFO,27/09/2024,09:32:39,26337,26336,100,26337,25,975,16194600
NIFTY-I.NFO,27/09/2024,09:32:42,26336.05,26335.05,50,26337.65,100,775,16194600
NIFTY-I.NFO,27/09/2024,09:32:44,26338,26338.05,50,26338.3,25,1625,16194600
NIFTY-I.NFO,27/09/2024,09:32:47,26339.35,26339.45,75,26340,2425,625,16194600
NIFTY-I.NFO,27/09/2024,09:32:49,26342,26341.05,75,26342,175,2525,16194600
NIFTY-I.NFO,27/09/2024,09:32:52,26341.15,26341.15,25,26342,75,1000,16194600
NIFTY-I.NFO,27/09/2024,09:32:54,26339.95,26339.9,25,26341.05,300,850,16194600
NIFTY-I.NFO,27/09/2024,09:32:57,26342,26341.05,25,26341.15,25,400,16194600
NIFTY-I.NFO,27/09/2024,09:32:59,26343.1,26341.7,75,26344,25,650,16194600
NIFTY-I.NFO,27/09/2024,09:33:02,26344.8,26344.85,175,26345,700,675,16194600
NIFTY-I.NFO,27/09/2024,09:33:04,26345,26344.95,75,26345,325,1375,16205550
NIFTY-I.NFO,27/09/2024,09:33:07,26344.05,26344.15,175,26344.8,25,600,16205550
NIFTY-I.NFO,27/09/2024,09:33:09,26344.65,26344,75,26344.8,25,300,16205550
NIFTY-I.NFO,27/09/2024,09:33:12,26342.35,26343.3,100,26344.05,25,1550,16205550
NIFTY-I.NFO,27/09/2024,09:33:14,26344.95,26344.8,100,26344.95,50,825,16205550
NIFTY-I.NFO,27/09/2024,09:33:17,26345,26344.8,100,26345,50,525,16205550
NIFTY-I.NFO,27/09/2024,09:33:19,26347.95,26344.85,100,26345.8,200,575,16205550
NIFTY-I.NFO,27/09/2024,09:33:22,26345.05,26345.1,75,26345.65,150,125,16205550
NIFTY-I.NFO,27/09/2024,09:33:24,26345.65,26345.6,50,26345.65,50,175,16205550
NIFTY-I.NFO,27/09/2024,09:33:27,26345.7,26345.7,125,26347.3,150,275,16205550
NIFTY-I.NFO,27/09/2024,09:33:29,26347.8,26346.25,225,26347.8,50,100,16205550
NIFTY-I.NFO,27/09/2024,09:33:32,26350,26349.05,75,26350,1625,625,16205550
NIFTY-I.NFO,27/09/2024,09:33:34,26349.8,26348.85,25,26349.8,150,875,16205550
NIFTY-I.NFO,27/09/2024,09:33:37,26349.7,26346.75,25,26348.8,25,250,16205550
NIFTY-I.NFO,27/09/2024,09:33:39,26348.45,26347.55,75,26348.45,50,1000,16205550
NIFTY-I.NFO,27/09/2024,09:33:42,26347.8,26346.8,125,26347.8,50,2125,16205550
NIFTY-I.NFO,27/09/2024,09:33:44,26349.45,26349,25,26349.3,150,1300,16205550
NIFTY-I.NFO,27/09/2024,09:33:47,26348.3,26346.5,150,26346.7,100,1075,16205550
NIFTY-I.NFO,27/09/2024,09:33:49,26346.35,26346.25,25,26346.35,75,175,16205550
NIFTY-I.NFO,27/09/2024,09:33:52,26346.3,26346.05,100,26346.75,75,225,16205550
NIFTY-I.NFO,27/09/2024,09:33:54,26350,26348,775,26350,675,500,16205550
NIFTY-I.NFO,27/09/2024,09:33:57,26349.3,26348.05,75,26348.95,150,1125,16205550
NIFTY-I.NFO,27/09/2024,09:33:59,26348.95,26346.7,100,26348.95,200,3200,16205550
NIFTY-I.NFO,27/09/2024,09:34:02,26349.55,26348.95,150,26349.55,50,2575,16205550
NIFTY-I.NFO,27/09/2024,09:34:04,26349.55,26349.5,25,26349.55,125,175,16205550
NIFTY-I.NFO,27/09/2024,09:34:07,26349.45,26349,75,26349.55,50,125,16205550
NIFTY-I.NFO,27/09/2024,09:34:10,26347.9,26347,25,26347.9,150,1275,16205550
NIFTY-I.NFO,27/09/2024,09:34:12,26345.75,26345.75,50,26347.4,175,1600,16205550
NIFTY-I.NFO,27/09/2024,09:34:15,26346.4,26345.8,50,26346.4,100,3450,16205550
NIFTY-I.NFO,27/09/2024,09:34:17,26347.9,26347,25,26348.05,225,175,16205550
NIFTY-I.NFO,27/09/2024,09:34:20,26347.05,26347.05,75,26348.05,175,875,16205550
NIFTY-I.NFO,27/09/2024,09:34:22,26348.05,26347.15,75,26347.55,100,325,16205550
NIFTY-I.NFO,27/09/2024,09:34:25,26346,26346,75,26346.55,50,1875,16205550
NIFTY-I.NFO,27/09/2024,09:34:27,26345.05,26345,1325,26345.05,25,925,16205550
NIFTY-I.NFO,27/09/2024,09:34:30,26344.8,26342.65,775,26344.65,50,2525,16205550
NIFTY-I.NFO,27/09/2024,09:34:32,26344.1,26344.15,25,26344.6,225,900,16205550
NIFTY-I.NFO,27/09/2024,09:34:35,26342.7,26342.5,900,26344.4,700,675,16205550
NIFTY-I.NFO,27/09/2024,09:34:37,26342.7,26342.75,150,26344.1,25,2025,16205550
NIFTY-I.NFO,27/09/2024,09:34:40,26344.35,26344.3,25,26347.05,175,1325,16205550
NIFTY-I.NFO,27/09/2024,09:34:42,26344.4,26343.4,125,26346.6,25,550,16205550
NIFTY-I.NFO,27/09/2024,09:34:45,26347.05,26344.65,125,26347.6,25,525,16205550
NIFTY-I.NFO,27/09/2024,09:34:47,26344.4,26345.8,250,26347.65,25,3900,16205550
NIFTY-I.NFO,27/09/2024,09:34:50,26346.2,26346.95,150,26349.55,25,2600,16205550
NIFTY-I.NFO,27/09/2024,09:34:52,26345.25,26344.85,50,26345.85,925,1325,16205550
NIFTY-I.NFO,27/09/2024,09:34:55,26347.7,26346.9,150,26350,425,2050,16205550
NIFTY-I.NFO,27/09/2024,09:34:57,26347.7,26348.55,25,26349.15,200,100,16205550
NIFTY-I.NFO,27/09/2024,09:35:00,26348.6,26347,150,26349.15,200,225,16205550
NIFTY-I.NFO,27/09/2024,09:35:02,26348.65,26347.25,25,26347.7,50,1050,16205550
NIFTY-I.NFO,27/09/2024,09:35:05,26347.05,26346.7,25,26346.95,25,1700,16205550
NIFTY-I.NFO,27/09/2024,09:35:07,26348.6,26347.95,50,26348,600,50,16205550
NIFTY-I.NFO,27/09/2024,09:35:10,26350.15,26349.9,25,26350.15,50,1000,16205550
NIFTY-I.NFO,27/09/2024,09:35:12,26349.95,26349.9,175,26351,75,225,16205550
NIFTY-I.NFO,27/09/2024,09:35:14,26350.3,26350,150,26350.65,25,25,16205550
NIFTY-I.NFO,27/09/2024,09:35:17,26351,26350.1,25,26351,50,950,16205550
NIFTY-I.NFO,27/09/2024,09:35:19,26350.1,26350.05,50,26350.1,500,325,16205550
NIFTY-I.NFO,27/09/2024,09:35:22,26350.8,26350.65,75,26351.95,25,750,16205550
NIFTY-I.NFO,27/09/2024,09:35:24,26352,26351.95,50,26352,75,225,16205550
NIFTY-I.NFO,27/09/2024,09:35:27,26354,26353.95,75,26354,50,250,16205550
NIFTY-I.NFO,27/09/2024,09:35:29,26353.15,26350.95,25,26353.15,200,200,16205550
NIFTY-I.NFO,27/09/2024,09:35:32,26353.15,26353.05,75,26353.15,175,1225,16205550
NIFTY-I.NFO,27/09/2024,09:35:34,26353.15,26353.05,100,26353.1,25,725,16205550
NIFTY-I.NFO,27/09/2024,09:35:37,26352.7,26351.35,150,26351.4,400,575,16205550
NIFTY-I.NFO,27/09/2024,09:35:39,26353.15,26352,200,26353.95,25,550,16205550
NIFTY-I.NFO,27/09/2024,09:35:42,26354,26352,300,26354,75,250,16205550
NIFTY-I.NFO,27/09/2024,09:35:44,26353.7,26352,250,26353.65,25,225,16205550
NIFTY-I.NFO,27/09/2024,09:35:47,26354.05,26354.05,250,26354.4,100,675,16205550
NIFTY-I.NFO,27/09/2024,09:35:49,26354.95,26354.85,125,26354.95,25,425,16205550
NIFTY-I.NFO,27/09/2024,09:35:52,26354,26354.05,75,26354.9,300,850,16205550
NIFTY-I.NFO,27/09/2024,09:35:54,26351.75,26348.6,50,26351.75,150,2025,16205550
NIFTY-I.NFO,27/09/2024,09:35:57,26349.75,26348.05,25,26349.75,125,550,16205550
NIFTY-I.NFO,27/09/2024,09:35:59,26348.75,26348.05,25,26348.75,150,400,16205550
NIFTY-I.NFO,27/09/2024,09:36:02,26345.55,26345.75,125,26347.6,150,1250,16205550
NIFTY-I.NFO,27/09/2024,09:36:04,26348.25,26348.1,25,26349.75,50,1575,16196275
NIFTY-I.NFO,27/09/2024,09:36:07,26348,26347.1,25,26349.8,25,125,16196275
NIFTY-I.NFO,27/09/2024,09:36:12,26345.4,26345.05,150,26347.75,175,1050,16196275
NIFTY-I.NFO,27/09/2024,09:36:14,26347.75,26345.45,25,26346.75,150,650,16196275
NIFTY-I.NFO,27/09/2024,09:36:17,26349.5,26345.7,250,26349.5,225,1775,16196275
NIFTY-I.NFO,27/09/2024,09:36:19,26346.75,26346.75,25,26347.75,75,450,16196275
NIFTY-I.NFO,27/09/2024,09:36:22,26346.75,26345.05,75,26346.25,225,50,16196275
NIFTY-I.NFO,27/09/2024,09:36:24,26345,26345,350,26345.75,175,425,16196275
NIFTY-I.NFO,27/09/2024,09:36:27,26345,26345,250,26345.75,175,150,16196275
NIFTY-I.NFO,27/09/2024,09:36:29,26345.75,26345.2,125,26346.75,25,325,16196275
NIFTY-I.NFO,27/09/2024,09:36:32,26346.75,26345.05,50,26346.25,225,900,16196275
NIFTY-I.NFO,27/09/2024,09:36:34,26345.1,26344.25,225,26346.75,25,425,16196275
NIFTY-I.NFO,27/09/2024,09:36:37,26345.75,26344.75,150,26346.25,200,75,16196275
NIFTY-I.NFO,27/09/2024,09:36:39,26346.75,26345.3,250,26346.85,200,225,16196275
NIFTY-I.NFO,27/09/2024,09:36:42,26348,26344.9,250,26346.35,200,275,16196275
NIFTY-I.NFO,27/09/2024,09:36:44,26344.8,26344.2,125,26344.8,450,925,16196275
NIFTY-I.NFO,27/09/2024,09:36:47,26346.35,26345.2,850,26346.35,125,550,16196275
NIFTY-I.NFO,27/09/2024,09:36:49,26345.85,26345.2,25,26345.85,200,1175,16196275
NIFTY-I.NFO,27/09/2024,09:36:52,26345.85,26343.85,50,26345.85,75,225,16196275
NIFTY-I.NFO,27/09/2024,09:36:54,26345,26344.95,125,26345,225,300,16196275
NIFTY-I.NFO,27/09/2024,09:36:57,26345,26344.95,150,26345,50,200,16196275
NIFTY-I.NFO,27/09/2024,09:36:59,26345.85,26345.8,125,26345.85,25,225,16196275
NIFTY-I.NFO,27/09/2024,09:37:02,26345.5,26345.55,275,26346.1,1000,1175,16196275
NIFTY-I.NFO,27/09/2024,09:37:04,26345.6,26345,75,26345.15,25,1075,16196275
NIFTY-I.NFO,27/09/2024,09:37:07,26345.5,26345.5,50,26346.1,100,75,16196275
NIFTY-I.NFO,27/09/2024,09:37:09,26345.95,26347.25,150,26348,125,175,16196275
NIFTY-I.NFO,27/09/2024,09:37:12,26347.4,26346.65,200,26349,125,300,16196275
NIFTY-I.NFO,27/09/2024,09:37:14,26346.8,26346.1,200,26347.3,50,200,16196275
NIFTY-I.NFO,27/09/2024,09:37:17,26347.7,26347.7,625,26348.8,25,225,16196275
NIFTY-I.NFO,27/09/2024,09:37:19,26349.2,26349.2,150,26349.35,75,850,16196275
NIFTY-I.NFO,27/09/2024,09:37:22,26349.35,26347.45,175,26348.85,200,175,16196275
NIFTY-I.NFO,27/09/2024,09:37:24,26348.35,26348.25,25,26348.35,100,175,16196275
NIFTY-I.NFO,27/09/2024,09:37:27,26346.75,26345.95,150,26346.75,50,275,16196275
NIFTY-I.NFO,27/09/2024,09:37:29,26345.5,26345.5,25,26346.85,175,350,16196275
NIFTY-I.NFO,27/09/2024,09:37:32,26346.75,26345.05,150,26346.7,125,900,16196275
NIFTY-I.NFO,27/09/2024,09:37:34,26347.2,26346.85,75,26347.35,175,275,16196275
NIFTY-I.NFO,27/09/2024,09:37:37,26347.3,26346.8,250,26347,100,150,16196275
NIFTY-I.NFO,27/09/2024,09:37:39,26348.85,26347.3,125,26348.85,100,675,16196275
NIFTY-I.NFO,27/09/2024,09:37:42,26346.75,26346.1,125,26346.8,725,375,16196275
NIFTY-I.NFO,27/09/2024,09:37:44,26346.8,26346.7,150,26346.8,375,475,16196275
NIFTY-I.NFO,27/09/2024,09:37:46,26345.95,26345,275,26345.95,325,1325,16196275
NIFTY-I.NFO,27/09/2024,09:37:49,26345,26345.25,150,26345.9,25,100,16196275
NIFTY-I.NFO,27/09/2024,09:37:51,26345.9,26345,250,26345.95,350,100,16196275
NIFTY-I.NFO,27/09/2024,09:37:54,26345.35,26345.35,125,26345.95,300,225,16196275
NIFTY-I.NFO,27/09/2024,09:37:56,26346.65,26346.8,150,26348,100,1450,16196275
NIFTY-I.NFO,27/09/2024,09:37:59,26345.3,26345.5,125,26347.9,50,1575,16196275
NIFTY-I.NFO,27/09/2024,09:38:01,26347.9,26347.3,175,26347.9,175,1100,16196275
NIFTY-I.NFO,27/09/2024,09:38:04,26346.45,26346.8,150,26347.05,175,1200,16196275
NIFTY-I.NFO,27/09/2024,09:38:06,26348.85,26345,300,26348.2,25,375,16196275
NIFTY-I.NFO,27/09/2024,09:38:09,26346.45,26346.05,75,26348.9,1350,100,16196275
NIFTY-I.NFO,27/09/2024,09:38:11,26348.9,26346.1,125,26348.9,425,950,16196275
NIFTY-I.NFO,27/09/2024,09:38:13,26348.3,26348.25,25,26349.2,25,500,16196275
NIFTY-I.NFO,27/09/2024,09:38:16,26349.2,26349.2,225,26349.25,25,800,16196275
NIFTY-I.NFO,27/09/2024,09:38:18,26347,26346,150,26347,975,375,16196275
NIFTY-I.NFO,27/09/2024,09:38:21,26347,26346,150,26346.95,25,250,16196275
NIFTY-I.NFO,27/09/2024,09:38:23,26347,26345,200,26347,650,125,16196275
NIFTY-I.NFO,27/09/2024,09:38:26,26347,26346.75,25,26346.85,75,25,16196275
NIFTY-I.NFO,27/09/2024,09:38:28,26347,26346.5,25,26347,575,275,16196275
NIFTY-I.NFO,27/09/2024,09:38:31,26347.35,26347,225,26347.35,50,750,16196275
NIFTY-I.NFO,27/09/2024,09:38:33,26346.5,26345.05,25,26346.5,900,475,16196275
NIFTY-I.NFO,27/09/2024,09:38:36,26346.5,26345.05,175,26346.5,700,425,16196275
NIFTY-I.NFO,27/09/2024,09:38:38,26346.5,26345.05,200,26346.5,625,75,16196275
NIFTY-I.NFO,27/09/2024,09:38:41,26346.5,26345.05,100,26346.35,25,200,16196275
NIFTY-I.NFO,27/09/2024,09:38:43,26345.05,26345.05,50,26346,50,475,16196275
NIFTY-I.NFO,27/09/2024,09:38:46,26345,26344,100,26344.6,150,900,16196275
NIFTY-I.NFO,27/09/2024,09:38:48,26344.05,26344.05,25,26345.05,50,425,16196275
NIFTY-I.NFO,27/09/2024,09:38:51,26345,26344.05,75,26345,300,100,16196275
NIFTY-I.NFO,27/09/2024,09:38:53,26345,26344.15,125,26344.55,150,125,16196275
NIFTY-I.NFO,27/09/2024,09:38:56,26345,26343,25,26344.05,100,500,16196275
NIFTY-I.NFO,27/09/2024,09:38:58,26345,26343.1,75,26344.9,25,325,16196275
NIFTY-I.NFO,27/09/2024,09:39:01,26344.9,26344.9,175,26345,225,325,16196275
NIFTY-I.NFO,27/09/2024,09:39:03,26344.85,26343,50,26344.4,25,1700,16196275
NIFTY-I.NFO,27/09/2024,09:39:06,26342,26341.05,50,26344,200,175,16191525
NIFTY-I.NFO,27/09/2024,09:39:08,26344.55,26341,75,26344.15,25,375,16191525
NIFTY-I.NFO,27/09/2024,09:39:11,26341,26340.3,225,26343.65,25,150,16191525
NIFTY-I.NFO,27/09/2024,09:39:13,26342.45,26340.45,25,26342.5,75,25,16191525
NIFTY-I.NFO,27/09/2024,09:39:16,26339.75,26338,50,26339.75,250,1450,16191525
NIFTY-I.NFO,27/09/2024,09:39:18,26341.4,26338.2,350,26341.45,25,550,16191525
NIFTY-I.NFO,27/09/2024,09:39:21,26340,26338.75,150,26341.85,25,25,16191525
NIFTY-I.NFO,27/09/2024,09:39:23,26339.55,26339.15,300,26342.6,25,175,16191525
NIFTY-I.NFO,27/09/2024,09:39:26,26343.05,26339.1,225,26341.65,25,250,16191525
NIFTY-I.NFO,27/09/2024,09:39:28,26341.55,26340.95,25,26341.3,225,75,16191525
NIFTY-I.NFO,27/09/2024,09:39:30,26341.3,26341.3,375,26343,175,5625,16191525
NIFTY-I.NFO,27/09/2024,09:39:33,26341.35,26341.3,225,26341.75,150,500,16191525
NIFTY-I.NFO,27/09/2024,09:39:35,26337.9,26340.55,75,26340.6,50,650,16191525
NIFTY-I.NFO,27/09/2024,09:39:38,26342.3,26341.05,25,26342.3,25,475,16191525
NIFTY-I.NFO,27/09/2024,09:39:40,26341.9,26340.55,25,26342.2,25,475,16191525
NIFTY-I.NFO,27/09/2024,09:39:43,26344.6,26340.45,325,26344.6,25,750,16191525
NIFTY-I.NFO,27/09/2024,09:39:45,26344.6,26340.7,125,26344.35,150,500,16191525
NIFTY-I.NFO,27/09/2024,09:39:48,26345,26344.6,25,26346,25,350,16191525
NIFTY-I.NFO,27/09/2024,09:39:50,26346,26346,175,26346.1,50,1250,16191525
NIFTY-I.NFO,27/09/2024,09:39:53,26347.25,26346.05,125,26347.25,25,300,16191525
NIFTY-I.NFO,27/09/2024,09:39:55,26346,26342.75,25,26345.6,25,775,16191525
NIFTY-I.NFO,27/09/2024,09:39:58,26344.25,26342.3,50,26344.3,25,50,16191525
NIFTY-I.NFO,27/09/2024,09:40:00,26343.6,26342.85,25,26343.6,25,500,16191525
NIFTY-I.NFO,27/09/2024,09:40:03,26343.5,26340.6,50,26343.5,175,1150,16191525
NIFTY-I.NFO,27/09/2024,09:40:05,26340.1,26341.65,25,26345,225,100,16191525
NIFTY-I.NFO,27/09/2024,09:40:08,26345,26342.4,125,26345.75,25,25,16191525
NIFTY-I.NFO,27/09/2024,09:40:10,26342.55,26342.45,200,26346,250,250,16191525
NIFTY-I.NFO,27/09/2024,09:40:13,26347.25,26344.85,175,26347.25,175,475,16191525
NIFTY-I.NFO,27/09/2024,09:40:15,26347.25,26347.25,400,26349,1350,575,16191525
NIFTY-I.NFO,27/09/2024,09:40:18,26349,26347.3,25,26349,900,450,16191525
NIFTY-I.NFO,27/09/2024,09:40:20,26348.7,26345.75,25,26347.25,25,250,16191525
NIFTY-I.NFO,27/09/2024,09:40:23,26347.25,26348.8,25,26349,925,25,16191525
NIFTY-I.NFO,27/09/2024,09:40:25,26347.25,26347.25,75,26348.95,50,75,16191525
NIFTY-I.NFO,27/09/2024,09:40:28,26350.85,26349.5,25,26350.95,25,2650,16191525
NIFTY-I.NFO,27/09/2024,09:40:30,26349.5,26349.5,150,26349.6,175,5775,16191525
NIFTY-I.NFO,27/09/2024,09:40:33,26349.6,26349.5,50,26349.6,275,600,16191525
NIFTY-I.NFO,27/09/2024,09:40:35,26349.6,26349.5,50,26349.6,125,75,16191525
NIFTY-I.NFO,27/09/2024,09:40:37,26352,26350.1,25,26353.65,500,325,16191525
NIFTY-I.NFO,27/09/2024,09:40:40,26351.05,26350.4,75,26353.65,450,75,16191525
NIFTY-I.NFO,27/09/2024,09:40:42,26350.8,26350.9,125,26354,1675,575,16191525
NIFTY-I.NFO,27/09/2024,09:40:45,26351.3,26351.85,125,26354,1450,700,16191525
NIFTY-I.NFO,27/09/2024,09:40:48,26352,26351.85,25,26354,950,625,16191525
NIFTY-I.NFO,27/09/2024,09:40:50,26353.65,26350.35,25,26354.35,175,6000,16191525
NIFTY-I.NFO,27/09/2024,09:40:53,26353.7,26353.05,25,26353.8,150,325,16191525
NIFTY-I.NFO,27/09/2024,09:40:55,26353.9,26353.4,25,26353.9,275,1400,16191525
NIFTY-I.NFO,27/09/2024,09:40:58,26355,26354.8,25,26355,850,350,16191525
NIFTY-I.NFO,27/09/2024,09:41:00,26355,26353.85,75,26355,300,1000,16191525
NIFTY-I.NFO,27/09/2024,09:41:03,26353.4,26355.35,25,26355.95,25,650,16191525
NIFTY-I.NFO,27/09/2024,09:41:05,26355.95,26352.45,25,26356.5,100,2475,16191525
NIFTY-I.NFO,27/09/2024,09:41:08,26355.35,26354.95,450,26355.35,150,225,16191525
NIFTY-I.NFO,27/09/2024,09:41:10,26355.85,26354.95,450,26355.85,25,325,16191525
NIFTY-I.NFO,27/09/2024,09:41:12,26356.5,26355,25,26356,275,175,16191525
NIFTY-I.NFO,27/09/2024,09:41:15,26355,26354.95,400,26356,25,25,16191525
NIFTY-I.NFO,27/09/2024,09:41:17,26355,26354.95,300,26355,25,1550,16191525
NIFTY-I.NFO,27/09/2024,09:41:20,26355,26355,350,26356.1,100,650,16191525
NIFTY-I.NFO,27/09/2024,09:41:22,26355,26355.9,50,26356.2,100,800,16191525
NIFTY-I.NFO,27/09/2024,09:41:25,26356,26355.05,50,26356,25,200,16191525
NIFTY-I.NFO,27/09/2024,09:41:27,26357.5,26355.75,25,26356.2,250,1300,16191525
NIFTY-I.NFO,27/09/2024,09:41:30,26356.3,26356.05,50,26356.5,250,350,16191525
NIFTY-I.NFO,27/09/2024,09:41:32,26356.3,26356.2,25,26356.35,50,725,16191525
NIFTY-I.NFO,27/09/2024,09:41:35,26356.05,26354.95,300,26356,150,875,16191525
NIFTY-I.NFO,27/09/2024,09:41:37,26356.85,26356.5,25,26356.85,125,300,16191525
NIFTY-I.NFO,27/09/2024,09:41:40,26356.2,26354.95,200,26356.2,225,475,16191525
NIFTY-I.NFO,27/09/2024,09:41:42,26356.1,26355,125,26356.8,250,300,16191525
NIFTY-I.NFO,27/09/2024,09:41:45,26356.1,26355.1,50,26357.5,25,0,16191525
NIFTY-I.NFO,27/09/2024,09:41:47,26357.5,26356.1,225,26357.5,25,500,16191525
NIFTY-I.NFO,27/09/2024,09:41:50,26356.15,26356.15,25,26357.25,25,150,16191525
NIFTY-I.NFO,27/09/2024,09:41:52,26356.3,26356.15,75,26357,425,75,16191525
NIFTY-I.NFO,27/09/2024,09:41:54,26356.15,26356.15,100,26357,150,475,16191525
NIFTY-I.NFO,27/09/2024,09:41:57,26357,26356.15,125,26357,25,325,16191525
NIFTY-I.NFO,27/09/2024,09:41:59,26356.2,26356.2,50,26357.1,50,700,16191525
NIFTY-I.NFO,27/09/2024,09:42:02,26357.5,26357.55,25,26357.6,100,350,16191525
NIFTY-I.NFO,27/09/2024,09:42:04,26358.65,26356.15,550,26357.75,50,1975,16191525
NIFTY-I.NFO,27/09/2024,09:42:07,26356.15,26356.15,400,26357.45,150,300,16198000
NIFTY-I.NFO,27/09/2024,09:42:09,26355.85,26355.2,1350,26355.8,250,1375,16198000
NIFTY-I.NFO,27/09/2024,09:42:12,26355.2,26355.2,800,26356.5,75,1000,16198000
NIFTY-I.NFO,27/09/2024,09:42:14,26356.2,26355.4,50,26355.85,250,400,16198000
NIFTY-I.NFO,27/09/2024,09:42:17,26356.2,26355.6,25,26357.25,25,500,16198000
NIFTY-I.NFO,27/09/2024,09:42:19,26355.8,26355.3,25,26357,25,425,16198000
NIFTY-I.NFO,27/09/2024,09:42:22,26356.4,26355.3,200,26355.4,25,1975,16198000
NIFTY-I.NFO,27/09/2024,09:42:24,26355.35,26355.35,25,26356.1,50,400,16198000
NIFTY-I.NFO,27/09/2024,09:42:27,26356.5,26355.35,25,26356.2,25,225,16198000
NIFTY-I.NFO,27/09/2024,09:42:29,26356.7,26355.2,800,26356.5,25,250,16198000
NIFTY-I.NFO,27/09/2024,09:42:32,26355.35,26355.2,625,26356.3,75,700,16198000
NIFTY-I.NFO,27/09/2024,09:42:34,26355.2,26355.2,350,26356.1,25,450,16198000
NIFTY-I.NFO,27/09/2024,09:42:37,26356.1,26355.2,150,26356,100,600,16198000
NIFTY-I.NFO,27/09/2024,09:42:39,26355,26355,375,26355.95,25,925,16198000
NIFTY-I.NFO,27/09/2024,09:42:42,26356.5,26355,325,26356.1,25,450,16198000
NIFTY-I.NFO,27/09/2024,09:42:44,26354.95,26354.95,25,26355,175,850,16198000
NIFTY-I.NFO,27/09/2024,09:42:47,26354.95,26354.95,150,26355,25,925,16198000
NIFTY-I.NFO,27/09/2024,09:42:49,26354.55,26354.1,25,26354.65,25,400,16198000
NIFTY-I.NFO,27/09/2024,09:42:52,26352.25,26352,75,26354.05,75,750,16198000
NIFTY-I.NFO,27/09/2024,09:42:54,26354,26352,75,26354.05,150,175,16198000
NIFTY-I.NFO,27/09/2024,09:42:57,26352,26354,25,26354.1,75,200,16198000
NIFTY-I.NFO,27/09/2024,09:42:59,26351.8,26351.85,325,26354.1,200,200,16198000
NIFTY-I.NFO,27/09/2024,09:43:02,26354.75,26354.5,225,26355,450,800,16198000
NIFTY-I.NFO,27/09/2024,09:43:04,26355.45,26352.65,200,26356.3,25,1525,16198000
NIFTY-I.NFO,27/09/2024,09:43:07,26354.1,26352.75,200,26355,75,275,16198000
NIFTY-I.NFO,27/09/2024,09:43:09,26355,26352.8,25,26355.1,50,50,16198000
NIFTY-I.NFO,27/09/2024,09:43:12,26355,26355,50,26355.15,25,100,16198000
NIFTY-I.NFO,27/09/2024,09:43:14,26355.2,26355.05,175,26355.1,25,125,16198000
NIFTY-I.NFO,27/09/2024,09:43:17,26355,26354.15,375,26357,25,725,16198000
NIFTY-I.NFO,27/09/2024,09:43:19,26355.1,26354.2,325,26356,150,175,16198000
NIFTY-I.NFO,27/09/2024,09:43:22,26356,26354.65,375,26356.95,25,425,16198000
NIFTY-I.NFO,27/09/2024,09:43:24,26355.1,26356.85,25,26356.95,25,100,16198000
NIFTY-I.NFO,27/09/2024,09:43:27,26356.65,26355.35,25,26358,550,125,16198000
NIFTY-I.NFO,27/09/2024,09:43:29,26357.95,26357.95,25,26358,550,50,16198000
NIFTY-I.NFO,27/09/2024,09:43:32,26357.95,26357.2,75,26358,150,575,16198000
NIFTY-I.NFO,27/09/2024,09:43:34,26359.35,26359.25,25,26359.35,175,2100,16198000
NIFTY-I.NFO,27/09/2024,09:43:34,26359.65,26359.25,25,26359.35,175,0,16198000
NIFTY-I.NFO,27/09/2024,09:43:37,26357,26355,525,26357,25,400,16198000
NIFTY-I.NFO,27/09/2024,09:43:39,26358,26358,150,26358.1,100,600,16198000
NIFTY-I.NFO,27/09/2024,09:43:42,26353.85,26354.1,25,26358,175,550,16198000
NIFTY-I.NFO,27/09/2024,09:43:44,26353.55,26353.4,25,26357.7,50,275,16198000
NIFTY-I.NFO,27/09/2024,09:43:47,26353.55,26353.65,25,26357.7,125,0,16198000
NIFTY-I.NFO,27/09/2024,09:43:49,26358.2,26354.2,25,26358.25,25,150,16198000
NIFTY-I.NFO,27/09/2024,09:43:52,26358.95,26354.95,25,26359.15,25,125,16198000
NIFTY-I.NFO,27/09/2024,09:43:54,26357.75,26353.75,25,26357.75,75,800,16198000
NIFTY-I.NFO,27/09/2024,09:43:57,26358.2,26353.85,50,26358,100,75,16198000
NIFTY-I.NFO,27/09/2024,09:43:59,26358.1,26357.8,25,26358.15,25,400,16198000
NIFTY-I.NFO,27/09/2024,09:44:02,26357.6,26357.05,50,26357.6,25,575,16198000
NIFTY-I.NFO,27/09/2024,09:44:04,26358.05,26353.55,25,26358,25,1850,16198000
NIFTY-I.NFO,27/09/2024,09:44:07,26357,26355,25,26357,175,125,16198000
NIFTY-I.NFO,27/09/2024,09:44:09,26353.65,26353.55,25,26357,175,75,16198000
NIFTY-I.NFO,27/09/2024,09:44:12,26355,26351.7,200,26355,825,350,16198000
NIFTY-I.NFO,27/09/2024,09:44:14,26355,26351.85,50,26355,1100,50,16198000
NIFTY-I.NFO,27/09/2024,09:44:17,26352.2,26351.85,25,26354.8,200,500,16198000
NIFTY-I.NFO,27/09/2024,09:44:19,26350.5,26350.65,150,26354.5,200,350,16198000
NIFTY-I.NFO,27/09/2024,09:44:22,26354.5,26352.35,25,26354.5,450,50,16198000
NIFTY-I.NFO,27/09/2024,09:44:24,26352.9,26353.55,25,26354.35,125,125,16198000
NIFTY-I.NFO,27/09/2024,09:44:27,26353.65,26351.15,25,26354.05,125,275,16198000
NIFTY-I.NFO,27/09/2024,09:44:29,26352.4,26352.4,50,26355,750,700,16198000
NIFTY-I.NFO,27/09/2024,09:44:32,26355.4,26356.95,25,26357.5,25,1125,16198000
NIFTY-I.NFO,27/09/2024,09:44:34,26353,26352.85,25,26357.6,450,475,16198000
NIFTY-I.NFO,27/09/2024,09:44:37,26357.55,26352.95,25,26354.9,50,375,16198000
NIFTY-I.NFO,27/09/2024,09:44:39,26357.1,26352.85,25,26356.7,25,150,16198000
NIFTY-I.NFO,27/09/2024,09:44:42,26357.1,26352.5,550,26355.95,25,0,16198000
NIFTY-I.NFO,27/09/2024,09:44:44,26355.95,26352.5,475,26355.95,50,125,16198000
NIFTY-I.NFO,27/09/2024,09:44:47,26355.75,26352.55,50,26355.75,25,25,16198000
NIFTY-I.NFO,27/09/2024,09:44:49,26355.75,26352.7,575,26355.75,125,150,16198000
NIFTY-I.NFO,27/09/2024,09:44:52,26355.75,26352.8,50,26355.75,100,50,16198000
NIFTY-I.NFO,27/09/2024,09:44:54,26353.1,26353.15,25,26357,425,200,16198000
NIFTY-I.NFO,27/09/2024,09:44:57,26357,26355,300,26357,250,175,16198000
NIFTY-I.NFO,27/09/2024,09:44:59,26357,26356.85,25,26356.95,25,200,16198000
NIFTY-I.NFO,27/09/2024,09:45:02,26355,26355,100,26356,250,725,16198000
NIFTY-I.NFO,27/09/2024,09:45:04,26359.8,26357,375,26359.8,175,1525,16198000
NIFTY-I.NFO,27/09/2024,09:45:04,26359.8,26357,375,26359.8,175,0,16198000
NIFTY-I.NFO,27/09/2024,09:45:07,26359.8,26357,375,26359.8,175,0,16198000
NIFTY-I.NFO,27/09/2024,09:45:09,26357.45,26357.45,25,26359.8,150,75,16203875
NIFTY-I.NFO,27/09/2024,09:45:12,26359.75,26357.1,25,26359.75,50,3775,16203875
NIFTY-I.NFO,27/09/2024,09:45:12,26360,26357.1,25,26359.75,50,0,16203875
NIFTY-I.NFO,27/09/2024,09:45:14,26358.95,26357.1,25,26358.95,75,175,16203875
NIFTY-I.NFO,27/09/2024,09:45:17,26360,26359.35,350,26360,975,125,16203875
NIFTY-I.NFO,27/09/2024,09:45:19,26360,26359,125,26360,550,550,16203875
NIFTY-I.NFO,27/09/2024,09:45:22,26360.45,26360,25,26360.45,125,1025,16203875
NIFTY-I.NFO,27/09/2024,09:45:22,26360.45,26360,25,26360.45,125,0,16203875
NIFTY-I.NFO,27/09/2024,09:45:24,26358.05,26358.05,25,26359,225,400,16203875
NIFTY-I.NFO,27/09/2024,09:45:24,26360.7,26358.05,25,26359,225,0,16203875
NIFTY-I.NFO,27/09/2024,09:45:27,26360,26358.1,50,26360,225,325,16203875
NIFTY-I.NFO,27/09/2024,09:45:29,26359.35,26359.3,25,26359.35,50,50,16203875
NIFTY-I.NFO,27/09/2024,09:45:32,26360.75,26359.8,75,26360.9,25,500,16203875
NIFTY-I.NFO,27/09/2024,09:45:32,26360.75,26359.8,75,26360.9,25,0,16203875
NIFTY-I.NFO,27/09/2024,09:45:34,26361.5,26361.3,50,26361.95,25,1925,16203875
NIFTY-I.NFO,27/09/2024,09:45:34,26362.55,26361.3,50,26361.95,25,0,16203875
NIFTY-I.NFO,27/09/2024,09:45:37,26360.3,26359,400,26360.65,25,375,16203875
NIFTY-I.NFO,27/09/2024,09:45:39,26360.75,26359.05,25,26360.3,25,150,16203875
NIFTY-I.NFO,27/09/2024,09:45:42,26360.95,26359,375,26361.15,25,375,16203875
NIFTY-I.NFO,27/09/2024,09:45:44,26361.05,26359,375,26359.05,25,75,16203875
NIFTY-I.NFO,27/09/2024,09:45:47,26359.05,26359.45,450,26360,25,425,16203875
NIFTY-I.NFO,27/09/2024,09:45:49,26360.4,26360,550,26360.45,25,900,16203875
NIFTY-I.NFO,27/09/2024,09:45:52,26360.4,26360,475,26360.4,25,200,16203875
NIFTY-I.NFO,27/09/2024,09:45:54,26360,26360,975,26360.6,50,1175,16203875
NIFTY-I.NFO,27/09/2024,09:45:57,26360,26359.05,225,26359.25,1000,1725,16203875
NIFTY-I.NFO,27/09/2024,09:45:59,26359.25,26359.05,100,26359.2,25,225,16203875
NIFTY-I.NFO,27/09/2024,09:46:02,26359.2,26359.05,25,26359.2,150,200,16203875
NIFTY-I.NFO,27/09/2024,09:46:04,26358,26358,50,26361.15,25,2200,16203875
NIFTY-I.NFO,27/09/2024,09:46:07,26358,26358,200,26361.1,25,100,16203875
NIFTY-I.NFO,27/09/2024,09:46:09,26361.1,26361.1,75,26361.95,25,250,16203875
NIFTY-I.NFO,27/09/2024,09:46:12,26358.05,26358.1,25,26359.2,25,2225,16203875
NIFTY-I.NFO,27/09/2024,09:46:12,26362.75,26358.1,25,26359.2,25,0,16203875
NIFTY-I.NFO,27/09/2024,09:46:14,26361.7,26360.05,50,26361.65,25,325,16203875
NIFTY-I.NFO,27/09/2024,09:46:17,26362.05,26361.7,100,26362.2,25,575,16203875
NIFTY-I.NFO,27/09/2024,09:46:19,26359,26359,425,26362.2,175,500,16203875
NIFTY-I.NFO,27/09/2024,09:46:22,26362.2,26360,125,26362.5,25,375,16203875
NIFTY-I.NFO,27/09/2024,09:46:24,26362.5,26362.5,50,26362.95,25,425,16203875
NIFTY-I.NFO,27/09/2024,09:46:24,26362.9,26362.5,50,26362.95,25,0,16203875
NIFTY-I.NFO,27/09/2024,09:46:27,26363.9,26360.25,25,26363.8,25,650,16203875
NIFTY-I.NFO,27/09/2024,09:46:27,26363.9,26360.25,25,26363.8,25,0,16203875
NIFTY-I.NFO,27/09/2024,09:46:29,26363.55,26360.2,25,26363.75,25,600,16203875
NIFTY-I.NFO,27/09/2024,09:46:29,26364,26360.2,25,26363.75,25,0,16203875
NIFTY-I.NFO,27/09/2024,09:46:32,26360,26360.05,25,26363.4,25,800,16203875
NIFTY-I.NFO,27/09/2024,09:46:34,26362,26360.15,50,26362.05,400,250,16203875
NIFTY-I.NFO,27/09/2024,09:46:37,26372,26370.65,25,26372.5,50,11625,16203875
NIFTY-I.NFO,27/09/2024,09:46:37,26372,26370.65,25,26372.5,50,0,16203875
NIFTY-I.NFO,27/09/2024,09:46:39,26372.15,26370,750,26372.15,125,3350,16203875
NIFTY-I.NFO,27/09/2024,09:46:39,26375,26370,750,26372.15,125,0,16203875
NIFTY-I.NFO,27/09/2024,09:46:42,26370.6,26367.1,25,26370,25,2150,16203875
NIFTY-I.NFO,27/09/2024,09:46:44,26366,26366.05,25,26369.85,25,1625,16203875
NIFTY-I.NFO,27/09/2024,09:46:47,26369.85,26368.65,25,26369.85,225,400,16203875
NIFTY-I.NFO,27/09/2024,09:46:49,26372,26369.95,625,26371.95,25,775,16203875
NIFTY-I.NFO,27/09/2024,09:46:52,26370.5,26370,75,26370.5,25,825,16203875
NIFTY-I.NFO,27/09/2024,09:46:54,26372.35,26369.1,25,26371.35,25,2025,16203875
NIFTY-I.NFO,27/09/2024,09:46:57,26369.7,26370,150,26370.1,50,225,16203875
NIFTY-I.NFO,27/09/2024,09:46:59,26369.7,26369.7,75,26370,50,575,16203875
NIFTY-I.NFO,27/09/2024,09:47:02,26370.6,26367.2,200,26370.6,900,3350,16203875
NIFTY-I.NFO,27/09/2024,09:47:04,26367.15,26367.15,50,26369.05,25,725,16203875
NIFTY-I.NFO,27/09/2024,09:47:07,26372,26368.45,175,26369.7,25,1425,16203875
NIFTY-I.NFO,27/09/2024,09:47:09,26370.9,26368.45,75,26369.85,25,800,16203875
NIFTY-I.NFO,27/09/2024,09:47:12,26368.45,26368.25,25,26368.45,725,775,16203875
NIFTY-I.NFO,27/09/2024,09:47:14,26368.45,26368.2,50,26368.45,300,475,16203875
NIFTY-I.NFO,27/09/2024,09:47:17,26369.55,26368.85,75,26369.55,150,400,16203875
NIFTY-I.NFO,27/09/2024,09:47:19,26368.3,26368.05,25,26368.3,50,775,16203875
NIFTY-I.NFO,27/09/2024,09:47:22,26368.3,26368.3,900,26368.45,25,200,16203875
NIFTY-I.NFO,27/09/2024,09:47:24,26368.45,26368.3,800,26370,1050,225,16203875
NIFTY-I.NFO,27/09/2024,09:47:27,26369,26368.3,200,26369,25,800,16203875
NIFTY-I.NFO,27/09/2024,09:47:29,26369.9,26369.7,25,26370,950,200,16203875
NIFTY-I.NFO,27/09/2024,09:47:32,26369.7,26368.7,75,26369.7,450,650,16203875
NIFTY-I.NFO,27/09/2024,09:47:34,26368.5,26368.5,550,26368.65,25,875,16203875
NIFTY-I.NFO,27/09/2024,09:47:37,26370,26369.7,75,26370,1250,475,16203875
NIFTY-I.NFO,27/09/2024,09:47:39,26369.45,26369.4,100,26372,400,1750,16203875
NIFTY-I.NFO,27/09/2024,09:47:42,26370.6,26370,25,26372,600,175,16203875
NIFTY-I.NFO,27/09/2024,09:47:44,26370.2,26370.2,275,26372,325,400,16203875
NIFTY-I.NFO,27/09/2024,09:47:47,26370.2,26370.2,125,26373,50,750,16203875
NIFTY-I.NFO,27/09/2024,09:47:49,26372.55,26371,1200,26373,25,475,16203875
NIFTY-I.NFO,27/09/2024,09:47:52,26371,26371,625,26373.95,25,950,16203875
NIFTY-I.NFO,27/09/2024,09:47:54,26374.45,26373.95,250,26374.5,125,500,16203875
NIFTY-I.NFO,27/09/2024,09:47:57,26373.95,26373.95,125,26374.5,175,275,16203875
NIFTY-I.NFO,27/09/2024,09:47:59,26376.95,26374.9,275,26376.95,25,3075,16203875
NIFTY-I.NFO,27/09/2024,09:47:59,26377.8,26374.9,275,26376.95,25,0,16203875
NIFTY-I.NFO,27/09/2024,09:48:02,26375,26375,75,26377.9,125,1300,16203875
NIFTY-I.NFO,27/09/2024,09:48:02,26378,26375,75,26377.9,125,0,16203875
NIFTY-I.NFO,27/09/2024,09:48:04,26376.55,26375,25,26376.3,125,2275,16203875
NIFTY-I.NFO,27/09/2024,09:48:07,26375,26374.45,125,26375,25,350,16214350
NIFTY-I.NFO,27/09/2024,09:48:09,26375,26376.2,50,26377.7,125,1475,16214350
NIFTY-I.NFO,27/09/2024,09:48:09,26378.55,26376.2,50,26377.7,125,0,16214350
NIFTY-I.NFO,27/09/2024,09:48:12,26375,26375.05,50,26377,300,650,16214350
NIFTY-I.NFO,27/09/2024,09:48:12,26378.7,26375.05,50,26377,300,0,16214350
NIFTY-I.NFO,27/09/2024,09:48:14,26375.1,26375.1,50,26377,250,600,16214350
NIFTY-I.NFO,27/09/2024,09:48:17,26375,26374.5,25,26375,25,1350,16214350
NIFTY-I.NFO,27/09/2024,09:48:17,26378.8,26374.5,25,26375,25,0,16214350
NIFTY-I.NFO,27/09/2024,09:48:19,26376.95,26376.2,50,26376.95,25,275,16214350
NIFTY-I.NFO,27/09/2024,09:48:22,26378,26378,50,26378.85,25,425,16214350
NIFTY-I.NFO,27/09/2024,09:48:24,26375,26375,150,26378.9,50,500,16214350
NIFTY-I.NFO,27/09/2024,09:48:24,26379,26375,150,26378.9,50,0,16214350
NIFTY-I.NFO,27/09/2024,09:48:27,26375.2,26375.2,25,26377,25,12700,16214350
NIFTY-I.NFO,27/09/2024,09:48:27,26380.15,26375.2,25,26377,25,0,16214350
NIFTY-I.NFO,27/09/2024,09:48:29,26379.75,26379.75,250,26379.85,25,8225,16214350
NIFTY-I.NFO,27/09/2024,09:48:32,26380.35,26377.1,25,26380.55,25,2675,16214350
NIFTY-I.NFO,27/09/2024,09:48:32,26380.75,26377.1,25,26380.55,25,0,16214350
NIFTY-I.NFO,27/09/2024,09:48:34,26380,26380,7400,26380.1,175,3300,16214350
NIFTY-I.NFO,27/09/2024,09:48:37,26380,26380,8150,26380.4,25,2650,16214350
NIFTY-I.NFO,27/09/2024,09:48:39,26380,26380,5550,26380.05,25,11150,16214350
NIFTY-I.NFO,27/09/2024,09:48:42,26380.05,26380.1,25,26380.45,25,1275,16214350
NIFTY-I.NFO,27/09/2024,09:48:44,26380.4,26380.4,25,26381.55,25,6000,16214350
NIFTY-I.NFO,27/09/2024,09:48:44,26381.4,26380.4,25,26381.55,25,0,16214350
NIFTY-I.NFO,27/09/2024,09:48:47,26380.15,26380.1,200,26381.7,25,1700,16214350
NIFTY-I.NFO,27/09/2024,09:48:47,26382.05,26380.1,200,26381.7,25,0,16214350
NIFTY-I.NFO,27/09/2024,09:48:49,26382.05,26381.5,2850,26382,25,650,16214350
NIFTY-I.NFO,27/09/2024,09:48:52,26383,26381.6,50,26382.05,25,875,16214350
NIFTY-I.NFO,27/09/2024,09:48:52,26383,26381.6,50,26382.05,25,0,16214350
NIFTY-I.NFO,27/09/2024,09:48:54,26383.05,26381.65,150,26383.05,50,1575,16214350
NIFTY-I.NFO,27/09/2024,09:48:54,26383.2,26381.65,150,26383.05,50,0,16214350
NIFTY-I.NFO,27/09/2024,09:48:57,26384.65,26382.95,100,26383.65,50,3825,16214350
NIFTY-I.NFO,27/09/2024,09:48:57,26384.65,26382.95,100,26383.65,50,0,16214350
NIFTY-I.NFO,27/09/2024,09:48:59,26383.55,26383.4,25,26383.55,125,2100,16214350
NIFTY-I.NFO,27/09/2024,09:49:02,26383.1,26382.1,25,26382.9,25,725,16214350
NIFTY-I.NFO,27/09/2024,09:49:04,26385,26385,4850,26385.05,200,7200,16214350
NIFTY-I.NFO,27/09/2024,09:49:04,26385.6,26385,4850,26385.05,200,0,16214350
NIFTY-I.NFO,27/09/2024,09:49:07,26385,26385,8550,26385.5,25,2925,16214350
NIFTY-I.NFO,27/09/2024,09:49:07,26386,26385,8550,26385.5,25,0,16214350
NIFTY-I.NFO,27/09/2024,09:49:09,26384.25,26382.05,225,26384.25,250,14850,16214350
NIFTY-I.NFO,27/09/2024,09:49:12,26382.55,26382.15,25,26382.75,250,275,16214350
NIFTY-I.NFO,27/09/2024,09:49:14,26383.8,26382.1,75,26383.75,25,450,16214350
NIFTY-I.NFO,27/09/2024,09:49:17,26383.9,26382.1,150,26382.15,25,650,16214350
NIFTY-I.NFO,27/09/2024,09:49:19,26383,26382.15,100,26383.55,25,225,16214350
NIFTY-I.NFO,27/09/2024,09:49:22,26382,26382,400,26382.5,275,1075,16214350
NIFTY-I.NFO,27/09/2024,09:49:24,26381.8,26380.05,200,26382,500,1975,16214350
NIFTY-I.NFO,27/09/2024,09:49:27,26380.1,26380.1,50,26382,625,225,16214350
NIFTY-I.NFO,27/09/2024,09:49:29,26381.9,26380.15,125,26381.8,50,1075,16214350
NIFTY-I.NFO,27/09/2024,09:49:32,26382.05,26380.2,75,26382.05,25,1250,16214350
NIFTY-I.NFO,27/09/2024,09:49:34,26382.1,26380.25,75,26381.75,125,550,16214350
NIFTY-I.NFO,27/09/2024,09:49:37,26382.05,26380.1,175,26382.15,25,1425,16214350
NIFTY-I.NFO,27/09/2024,09:49:39,26380.15,26380.15,75,26381.3,125,300,16214350
NIFTY-I.NFO,27/09/2024,09:49:42,26380.2,26380.2,25,26382.15,25,800,16214350
NIFTY-I.NFO,27/09/2024,09:49:44,26382.55,26380.25,25,26382.55,125,675,16214350
NIFTY-I.NFO,27/09/2024,09:49:47,26381.25,26380.3,75,26382.6,25,775,16214350
NIFTY-I.NFO,27/09/2024,09:49:49,26381.9,26380.5,275,26381.9,1750,375,16214350
NIFTY-I.NFO,27/09/2024,09:49:52,26381.85,26380.55,25,26381.85,50,400,16214350
NIFTY-I.NFO,27/09/2024,09:49:54,26381.85,26381.85,1100,26381.9,1875,825,16214350
NIFTY-I.NFO,27/09/2024,09:49:57,26381.85,26381.85,900,26381.9,1475,650,16214350
NIFTY-I.NFO,27/09/2024,09:50:00,26381.9,26381.25,100,26381.9,450,2275,16214350
NIFTY-I.NFO,27/09/2024,09:50:02,26381.9,26381.35,25,26381.9,300,1000,16214350
NIFTY-I.NFO,27/09/2024,09:50:05,26382.4,26382.2,225,26382.4,600,2425,16214350
NIFTY-I.NFO,27/09/2024,09:50:07,26382.2,26381.4,125,26382.35,175,475,16214350
NIFTY-I.NFO,27/09/2024,09:50:10,26381.05,26380.75,50,26381.05,950,1950,16214350
NIFTY-I.NFO,27/09/2024,09:50:12,26381,26380.05,50,26381,50,525,16214350
NIFTY-I.NFO,27/09/2024,09:50:15,26380.1,26380.1,100,26380.75,25,1150,16214350
NIFTY-I.NFO,27/09/2024,09:50:17,26380,26380.15,150,26380.85,100,1550,16214350
NIFTY-I.NFO,27/09/2024,09:50:20,26380.85,26380,500,26380.85,50,1875,16214350
NIFTY-I.NFO,27/09/2024,09:50:22,26380,26377.95,125,26379.95,75,975,16214350
NIFTY-I.NFO,27/09/2024,09:50:25,26380.85,26380.15,100,26381,50,2425,16214350
NIFTY-I.NFO,27/09/2024,09:50:27,26378.25,26378.2,25,26379.95,50,1100,16214350
NIFTY-I.NFO,27/09/2024,09:50:30,26375.75,26377.95,50,26378.65,275,275,16214350
NIFTY-I.NFO,27/09/2024,09:50:32,26379.95,26379.1,25,26379.95,50,1225,16214350
NIFTY-I.NFO,27/09/2024,09:50:35,26380.25,26380.25,25,26381,100,3025,16214350
NIFTY-I.NFO,27/09/2024,09:50:37,26379.95,26378.7,25,26380,1350,375,16214350
NIFTY-I.NFO,27/09/2024,09:50:40,26378.9,26378.9,25,26379.95,25,1375,16214350
NIFTY-I.NFO,27/09/2024,09:50:42,26379.9,26380,25,26381.05,700,1450,16214350
NIFTY-I.NFO,27/09/2024,09:50:45,26383.35,26383.3,50,26383.9,1800,3500,16214350
NIFTY-I.NFO,27/09/2024,09:50:47,26383.95,26384.35,100,26385.95,50,3450,16214350
NIFTY-I.NFO,27/09/2024,09:50:50,26384.1,26384.35,25,26386,5200,1825,16214350
NIFTY-I.NFO,27/09/2024,09:50:52,26384.4,26384.45,50,26386,5075,200,16214350
NIFTY-I.NFO,27/09/2024,09:50:55,26386,26384.45,175,26386,4225,1050,16214350
NIFTY-I.NFO,27/09/2024,09:50:57,26386,26385,75,26386,3875,425,16214350
NIFTY-I.NFO,27/09/2024,09:51:00,26385.95,26385.95,750,26386,3800,450,16214350
NIFTY-I.NFO,27/09/2024,09:51:02,26386,26385,75,26386,2750,1950,16214350
NIFTY-I.NFO,27/09/2024,09:51:05,26385.05,26385.05,25,26386,2275,925,16214350
NIFTY-I.NFO,27/09/2024,09:51:07,26386,26385.05,25,26386,2300,375,16265150
NIFTY-I.NFO,27/09/2024,09:51:10,26386,26385.15,125,26386,1900,775,16265150
NIFTY-I.NFO,27/09/2024,09:51:12,26386,26385.25,25,26386,1325,1200,16265150
NIFTY-I.NFO,27/09/2024,09:51:15,26385.3,26385.3,100,26386,1250,425,16265150
NIFTY-I.NFO,27/09/2024,09:51:17,26386,26385.2,50,26386,1150,1300,16265150
NIFTY-I.NFO,27/09/2024,09:51:20,26386,26385.25,150,26386,1375,900,16265150
NIFTY-I.NFO,27/09/2024,09:51:22,26387.5,26387.55,25,26387.95,25,2000,16265150
NIFTY-I.NFO,27/09/2024,09:51:22,26387.5,26387.55,25,26387.95,25,0,16265150
NIFTY-I.NFO,27/09/2024,09:51:25,26388,26385.3,150,26388,1975,1250,16265150
NIFTY-I.NFO,27/09/2024,09:51:25,26388,26385.3,150,26388,1975,0,16265150
NIFTY-I.NFO,27/09/2024,09:51:27,26385.25,26385.25,50,26388,1850,800,16265150
NIFTY-I.NFO,27/09/2024,09:51:30,26385.35,26385.3,75,26387,175,150,16265150
NIFTY-I.NFO,27/09/2024,09:51:32,26385.3,26385.35,75,26386.95,50,2200,16265150
NIFTY-I.NFO,27/09/2024,09:51:35,26386.9,26386.9,850,26386.95,175,375,16265150
NIFTY-I.NFO,27/09/2024,09:51:37,26386.95,26386.9,750,26386.95,50,250,16265150
NIFTY-I.NFO,27/09/2024,09:51:40,26387,26386.9,650,26387,50,1150,16265150
NIFTY-I.NFO,27/09/2024,09:51:42,26386.9,26386.9,200,26388.45,25,2225,16265150
NIFTY-I.NFO,27/09/2024,09:51:45,26386.95,26386.9,100,26386.95,25,575,16265150
NIFTY-I.NFO,27/09/2024,09:51:47,26388.9,26387.35,800,26388.6,175,800,16265150
NIFTY-I.NFO,27/09/2024,09:51:47,26389,26387.35,800,26388.6,175,0,16265150
NIFTY-I.NFO,27/09/2024,09:51:50,26386.9,26387.4,100,26387.9,25,1650,16265150
NIFTY-I.NFO,27/09/2024,09:51:52,26386.9,26385.3,250,26387.05,75,950,16265150
NIFTY-I.NFO,27/09/2024,09:51:55,26385,26385.35,125,26386,25,800,16265150
NIFTY-I.NFO,27/09/2024,09:51:57,26386,26385,150,26386,425,675,16265150
NIFTY-I.NFO,27/09/2024,09:52:00,26385.05,26385.05,75,26386,400,475,16265150
NIFTY-I.NFO,27/09/2024,09:52:02,26386.4,26386.4,200,26386.9,200,1325,16265150
NIFTY-I.NFO,27/09/2024,09:52:05,26388,26386.45,75,26388,4075,1825,16265150
NIFTY-I.NFO,27/09/2024,09:52:07,26386.9,26386.5,100,26386.9,100,425,16265150
NIFTY-I.NFO,27/09/2024,09:52:10,26385,26384.05,125,26385,225,825,16265150
NIFTY-I.NFO,27/09/2024,09:52:12,26384.05,26384.05,50,26384.1,50,250,16265150
NIFTY-I.NFO,27/09/2024,09:52:15,26385,26384,1075,26385,400,325,16265150
NIFTY-I.NFO,27/09/2024,09:52:17,26384,26384,525,26384.9,250,1525,16265150
NIFTY-I.NFO,27/09/2024,09:52:20,26384.1,26384.05,50,26384.9,25,250,16265150
NIFTY-I.NFO,27/09/2024,09:52:22,26384.25,26384.25,775,26384.95,75,350,16265150
NIFTY-I.NFO,27/09/2024,09:52:25,26384.95,26384.3,50,26384.95,150,375,16265150
NIFTY-I.NFO,27/09/2024,09:52:27,26384,26384,375,26385,250,475,16265150
NIFTY-I.NFO,27/09/2024,09:52:30,26385,26384.4,50,26385,125,1175,16265150
NIFTY-I.NFO,27/09/2024,09:52:32,26386.8,26385.45,25,26386.8,75,1150,16265150
NIFTY-I.NFO,27/09/2024,09:52:35,26385,26382.95,200,26387.7,50,975,16265150
NIFTY-I.NFO,27/09/2024,09:52:37,26386.55,26383.05,25,26386.6,50,275,16265150
NIFTY-I.NFO,27/09/2024,09:52:40,26382.85,26382.8,25,26386.6,25,525,16265150
NIFTY-I.NFO,27/09/2024,09:52:42,26387,26382.9,350,26386.8,25,1200,16265150
NIFTY-I.NFO,27/09/2024,09:52:45,26382,26382.1,125,26383,1800,1275,16265150
NIFTY-I.NFO,27/09/2024,09:52:47,26383,26382.15,50,26383,600,1450,16265150
NIFTY-I.NFO,27/09/2024,09:52:50,26382.4,26382.3,125,26382.85,75,925,16265150
NIFTY-I.NFO,27/09/2024,09:52:52,26382.65,26382.65,50,26384,100,725,16265150
NIFTY-I.NFO,27/09/2024,09:52:55,26382.7,26382.7,25,26384,200,150,16265150
NIFTY-I.NFO,27/09/2024,09:52:57,26382.75,26382.55,100,26383.9,200,275,16265150
NIFTY-I.NFO,27/09/2024,09:53:00,26382.9,26383.35,100,26384.95,75,600,16265150
NIFTY-I.NFO,27/09/2024,09:53:02,26384.15,26383.95,150,26386,300,2900,16265150
NIFTY-I.NFO,27/09/2024,09:53:05,26385.05,26384.1,25,26387,750,1600,16265150
NIFTY-I.NFO,27/09/2024,09:53:07,26385.95,26384.85,125,26385.95,50,150,16265150
NIFTY-I.NFO,27/09/2024,09:53:10,26387,26384.95,75,26387,675,125,16265150
NIFTY-I.NFO,27/09/2024,09:53:12,26387,26385.25,200,26387,1125,200,16265150
NIFTY-I.NFO,27/09/2024,09:53:15,26388,26386,100,26388,5150,3200,16265150
NIFTY-I.NFO,27/09/2024,09:53:17,26388,26386.35,100,26388,3650,1725,16265150
NIFTY-I.NFO,27/09/2024,09:53:20,26388,26386.5,50,26388,2800,975,16265150
NIFTY-I.NFO,27/09/2024,09:53:22,26388,26386.55,25,26388,2675,275,16265150
NIFTY-I.NFO,27/09/2024,09:53:24,26385.35,26385.35,25,26388,2100,800,16265150
NIFTY-I.NFO,27/09/2024,09:53:27,26385.45,26385.45,25,26388,125,2125,16265150
NIFTY-I.NFO,27/09/2024,09:53:29,26389.5,26385.45,25,26389.1,200,900,16265150
NIFTY-I.NFO,27/09/2024,09:53:29,26389.5,26385.45,25,26389.1,200,0,16265150
NIFTY-I.NFO,27/09/2024,09:53:32,26386,26386,525,26389.6,50,925,16265150
NIFTY-I.NFO,27/09/2024,09:53:32,26389.55,26386,525,26389.6,50,0,16265150
NIFTY-I.NFO,27/09/2024,09:53:34,26386.15,26386.15,125,26389.6,25,50,16265150
NIFTY-I.NFO,27/09/2024,09:53:34,26389.6,26386.15,125,26389.6,25,0,16265150
NIFTY-I.NFO,27/09/2024,09:53:37,26388.6,26388,25,26389.5,500,125,16265150
NIFTY-I.NFO,27/09/2024,09:53:39,26389.95,26388,50,26389.7,25,625,16265150
NIFTY-I.NFO,27/09/2024,09:53:39,26389.95,26388,50,26389.7,25,0,16265150
NIFTY-I.NFO,27/09/2024,09:53:42,26387,26386.35,475,26388.6,25,225,16265150
NIFTY-I.NFO,27/09/2024,09:53:44,26386.35,26386.35,425,26388.1,225,275,16265150
NIFTY-I.NFO,27/09/2024,09:53:47,26388,26388,25,26388.1,50,775,16265150
NIFTY-I.NFO,27/09/2024,09:53:49,26387,26387,25,26388,100,125,16265150
NIFTY-I.NFO,27/09/2024,09:53:51,26387.7,26386.35,975,26387,25,150,16265150
NIFTY-I.NFO,27/09/2024,09:53:54,26386.35,26386.35,875,26387,450,950,16265150
NIFTY-I.NFO,27/09/2024,09:53:56,26390,26386.85,25,26390,1750,1625,16265150
NIFTY-I.NFO,27/09/2024,09:53:56,26390,26386.85,25,26390,1750,0,16265150
NIFTY-I.NFO,27/09/2024,09:53:59,26390,26387.15,25,26390,1650,250,16265150
NIFTY-I.NFO,27/09/2024,09:54:01,26387.1,26387.1,325,26390,1250,575,16265150
NIFTY-I.NFO,27/09/2024,09:54:04,26390.05,26387.4,25,26390.5,200,1800,16265150
NIFTY-I.NFO,27/09/2024,09:54:04,26390.5,26387.4,25,26390.5,200,0,16265150
NIFTY-I.NFO,27/09/2024,09:54:06,26391.2,26388,1250,26390.85,25,2350,16265150
NIFTY-I.NFO,27/09/2024,09:54:06,26391.2,26388,1250,26390.85,25,0,16265150
NIFTY-I.NFO,27/09/2024,09:54:09,26390.8,26388,1000,26390.75,250,375,16284350
NIFTY-I.NFO,27/09/2024,09:54:11,26388,26388,825,26390.05,75,200,16284350
NIFTY-I.NFO,27/09/2024,09:54:14,26388,26388,700,26390.05,25,325,16284350
NIFTY-I.NFO,27/09/2024,09:54:16,26388,26388,675,26389.85,75,1150,16284350
NIFTY-I.NFO,27/09/2024,09:54:19,26388,26389,25,26389.9,225,225,16284350
NIFTY-I.NFO,27/09/2024,09:54:21,26390,26389.05,50,26390,625,100,16284350
NIFTY-I.NFO,27/09/2024,09:54:24,26390,26385.95,25,26390,550,1950,16284350
NIFTY-I.NFO,27/09/2024,09:54:26,26390,26386,25,26390,625,175,16284350
NIFTY-I.NFO,27/09/2024,09:54:29,26390,26386.85,125,26390,1050,275,16284350
NIFTY-I.NFO,27/09/2024,09:54:31,26390,26386.85,25,26390,525,600,16284350
NIFTY-I.NFO,27/09/2024,09:54:34,26390,26386.05,25,26390,400,400,16284350
NIFTY-I.NFO,27/09/2024,09:54:36,26386.85,26386.35,25,26386.85,375,150,16284350
NIFTY-I.NFO,27/09/2024,09:54:39,26385.5,26385.5,200,26386.35,25,375,16284350
NIFTY-I.NFO,27/09/2024,09:54:41,26386.85,26385.5,275,26386.85,150,100,16284350
NIFTY-I.NFO,27/09/2024,09:54:44,26389.75,26385.5,25,26389.75,25,2100,16284350
NIFTY-I.NFO,27/09/2024,09:54:46,26389.3,26386.85,525,26389.95,75,675,16284350
NIFTY-I.NFO,27/09/2024,09:54:49,26386.9,26386.85,425,26388,50,50,16284350
NIFTY-I.NFO,27/09/2024,09:54:51,26386.9,26386.85,425,26389.3,25,100,16284350
NIFTY-I.NFO,27/09/2024,09:54:54,26388,26386.85,325,26388.95,75,125,16284350
NIFTY-I.NFO,27/09/2024,09:54:56,26388.95,26386.85,275,26389,400,125,16284350
NIFTY-I.NFO,27/09/2024,09:54:59,26388.9,26385.05,300,26388.9,50,575,16284350
NIFTY-I.NFO,27/09/2024,09:55:01,26385.55,26385.9,125,26388.9,75,550,16284350
NIFTY-I.NFO,27/09/2024,09:55:04,26388.95,26388,50,26389,625,300,16284350
NIFTY-I.NFO,27/09/2024,09:55:06,26388.9,26388.9,150,26389.7,50,1275,16284350
NIFTY-I.NFO,27/09/2024,09:55:09,26386.9,26386.9,1150,26388,500,650,16284350
NIFTY-I.NFO,27/09/2024,09:55:11,26388.9,26386.95,25,26388.9,275,625,16284350
NIFTY-I.NFO,27/09/2024,09:55:14,26388.9,26386.9,1100,26388.9,175,250,16284350
NIFTY-I.NFO,27/09/2024,09:55:16,26388.9,26386.9,1100,26389,100,475,16284350
NIFTY-I.NFO,27/09/2024,09:55:19,26386.9,26386.9,775,26388.45,150,425,16284350
NIFTY-I.NFO,27/09/2024,09:55:21,26386.95,26386.9,700,26388.45,150,150,16284350
NIFTY-I.NFO,27/09/2024,09:55:24,26389.65,26388.45,125,26389.75,25,350,16284350
NIFTY-I.NFO,27/09/2024,09:55:26,26386.9,26386.9,675,26389.95,175,250,16284350
NIFTY-I.NFO,27/09/2024,09:55:29,26389,26386.9,675,26389.8,75,75,16284350
NIFTY-I.NFO,27/09/2024,09:55:31,26388,26386.9,700,26388,25,975,16284350
NIFTY-I.NFO,27/09/2024,09:55:34,26388.2,26386.85,175,26390,1850,1300,16284350
NIFTY-I.NFO,27/09/2024,09:55:36,26386.85,26386,200,26386.7,25,175,16284350
NIFTY-I.NFO,27/09/2024,09:55:39,26385.5,26385.5,450,26387.05,75,675,16284350
NIFTY-I.NFO,27/09/2024,09:55:41,26385.35,26385.35,200,26385.65,25,775,16284350
NIFTY-I.NFO,27/09/2024,09:55:44,26384.15,26382.85,125,26384.25,50,1275,16284350
NIFTY-I.NFO,27/09/2024,09:55:46,26382.65,26382.65,450,26383.25,25,1125,16284350
NIFTY-I.NFO,27/09/2024,09:55:49,26380.45,26380.65,400,26384.35,50,1375,16284350
NIFTY-I.NFO,27/09/2024,09:55:51,26384,26380.15,125,26383.8,75,900,16284350
NIFTY-I.NFO,27/09/2024,09:55:54,26380.6,26380.6,350,26384.2,50,400,16284350
NIFTY-I.NFO,27/09/2024,09:55:56,26384.2,26380.6,125,26384.45,25,175,16284350
NIFTY-I.NFO,27/09/2024,09:55:59,26380,26380,850,26383.95,25,1725,16284350
NIFTY-I.NFO,27/09/2024,09:56:01,26382.75,26380,800,26383,25,525,16284350
NIFTY-I.NFO,27/09/2024,09:56:04,26380,26380,500,26382.35,25,550,16284350
NIFTY-I.NFO,27/09/2024,09:56:06,26382.65,26380,500,26382.5,25,800,16284350
NIFTY-I.NFO,27/09/2024,09:56:09,26378,26376.15,150,26378,250,625,16284350
NIFTY-I.NFO,27/09/2024,09:56:11,26382.3,26377.55,150,26382.2,25,1025,16284350
NIFTY-I.NFO,27/09/2024,09:56:14,26377.5,26377.45,125,26382,25,300,16284350
NIFTY-I.NFO,27/09/2024,09:56:16,26382,26377.65,325,26382,25,575,16284350
NIFTY-I.NFO,27/09/2024,09:56:19,26380,26378.4,350,26381.95,75,225,16284350
NIFTY-I.NFO,27/09/2024,09:56:21,26380,26380,50,26381.2,25,300,16284350
NIFTY-I.NFO,27/09/2024,09:56:24,26379.95,26378.4,125,26379.95,75,150,16284350
NIFTY-I.NFO,27/09/2024,09:56:26,26379.4,26379.5,25,26382.45,175,1000,16284350
NIFTY-I.NFO,27/09/2024,09:56:29,26380.35,26380.85,125,26382,275,425,16284350
NIFTY-I.NFO,27/09/2024,09:56:31,26382,26382.4,400,26384,25,975,16284350
NIFTY-I.NFO,27/09/2024,09:56:34,26381,26380.65,125,26384.95,100,2200,16284350
NIFTY-I.NFO,27/09/2024,09:56:36,26384.1,26381.15,25,26383,50,275,16284350
NIFTY-I.NFO,27/09/2024,09:56:39,26383.1,26380,25,26383.1,75,200,16284350
NIFTY-I.NFO,27/09/2024,09:56:41,26382.8,26382,50,26383.7,100,275,16284350
NIFTY-I.NFO,27/09/2024,09:56:44,26383,26380.1,350,26382,25,125,16284350
NIFTY-I.NFO,27/09/2024,09:56:46,26383.1,26383.1,50,26383.95,200,450,16284350
NIFTY-I.NFO,27/09/2024,09:56:49,26383.25,26380.1,300,26383.3,25,650,16284350
NIFTY-I.NFO,27/09/2024,09:56:51,26382.35,26380.15,25,26382.55,200,2075,16284350
NIFTY-I.NFO,27/09/2024,09:56:54,26377.55,26377.55,225,26382.15,25,300,16284350
NIFTY-I.NFO,27/09/2024,09:56:56,26380,26380,25,26380.15,200,25,16284350
NIFTY-I.NFO,27/09/2024,09:56:59,26380.15,26377.9,225,26380.15,50,1250,16284350
NIFTY-I.NFO,27/09/2024,09:57:01,26380.15,26380.15,25,26380.9,100,400,16284350
NIFTY-I.NFO,27/09/2024,09:57:04,26377.65,26377.6,225,26381.45,25,175,16284350
NIFTY-I.NFO,27/09/2024,09:57:06,26377.65,26377.55,25,26380,100,1225,16284350
NIFTY-I.NFO,27/09/2024,09:57:09,26380,26378.5,25,26380,1100,175,16288575
NIFTY-I.NFO,27/09/2024,09:57:11,26380,26378.5,125,26380,975,175,16288575
NIFTY-I.NFO,27/09/2024,09:57:14,26380,26378.5,25,26380,900,200,16288575
NIFTY-I.NFO,27/09/2024,09:57:16,26380,26378.55,25,26380,575,1450,16288575
NIFTY-I.NFO,27/09/2024,09:57:19,26379,26378.6,50,26381.9,100,1300,16288575
NIFTY-I.NFO,27/09/2024,09:57:21,26378,26376.65,50,26378,525,975,16288575
NIFTY-I.NFO,27/09/2024,09:57:24,26378,26376.9,50,26377.65,25,175,16288575
NIFTY-I.NFO,27/09/2024,09:57:26,26375.7,26376.9,25,26378,325,1825,16288575
NIFTY-I.NFO,27/09/2024,09:57:29,26378,26377.65,50,26378,200,125,16288575
NIFTY-I.NFO,27/09/2024,09:57:31,26377,26376.65,350,26377.95,75,550,16288575
NIFTY-I.NFO,27/09/2024,09:57:34,26377.95,26377.7,25,26377.95,100,325,16288575
NIFTY-I.NFO,27/09/2024,09:57:36,26376.65,26376.65,325,26377.9,175,525,16288575
NIFTY-I.NFO,27/09/2024,09:57:39,26377.9,26376.85,25,26377.9,125,250,16288575
NIFTY-I.NFO,27/09/2024,09:57:41,26380,26379,225,26380,875,375,16288575
NIFTY-I.NFO,27/09/2024,09:57:44,26378,26378,150,26380,1225,400,16288575
NIFTY-I.NFO,27/09/2024,09:57:46,26380,26378.1,125,26380,475,775,16288575
NIFTY-I.NFO,27/09/2024,09:57:49,26380,26378.55,125,26380,1325,200,16288575
NIFTY-I.NFO,27/09/2024,09:57:51,26378.15,26378.15,300,26380,1400,5175,16288575
NIFTY-I.NFO,27/09/2024,09:57:54,26380,26376.45,25,26379.95,25,425,16288575
NIFTY-I.NFO,27/09/2024,09:57:56,26379.95,26377.05,25,26380,1150,75,16288575
NIFTY-I.NFO,27/09/2024,09:57:59,26378.55,26377,25,26378.55,425,100,16288575
NIFTY-I.NFO,27/09/2024,09:58:01,26376.1,26375.05,25,26378.55,25,1675,16288575
NIFTY-I.NFO,27/09/2024,09:58:04,26375.05,26376.5,175,26379.75,200,25,16288575
NIFTY-I.NFO,27/09/2024,09:58:06,26379,26378.05,25,26380,1625,1125,16288575
NIFTY-I.NFO,27/09/2024,09:58:09,26380,26376.8,25,26380,1525,375,16288575
NIFTY-I.NFO,27/09/2024,09:58:11,26378.05,26378.05,100,26380,1800,150,16288575
NIFTY-I.NFO,27/09/2024,09:58:14,26376.6,26376.6,25,26380,1750,350,16288575
NIFTY-I.NFO,27/09/2024,09:58:16,26380,26376.65,25,26380,925,925,16288575
NIFTY-I.NFO,27/09/2024,09:58:19,26380,26380,475,26382.4,150,1050,16288575
NIFTY-I.NFO,27/09/2024,09:58:21,26377.8,26377.85,25,26379.95,450,625,16288575
NIFTY-I.NFO,27/09/2024,09:58:24,26379.95,26378.4,150,26379.95,425,75,16288575
NIFTY-I.NFO,27/09/2024,09:58:26,26376.65,26379.3,250,26379.95,350,225,16288575
NIFTY-I.NFO,27/09/2024,09:58:29,26379.95,26379.35,125,26380,375,750,16288575
NIFTY-I.NFO,27/09/2024,09:58:31,26379.4,26378.3,275,26379.95,875,950,16288575
NIFTY-I.NFO,27/09/2024,09:58:34,26379.95,26378.3,225,26379.95,475,475,16288575
NIFTY-I.NFO,27/09/2024,09:58:36,26380,26380,275,26381.95,150,625,16288575
NIFTY-I.NFO,27/09/2024,09:58:39,26379.95,26378.3,75,26379.95,75,300,16288575
NIFTY-I.NFO,27/09/2024,09:58:41,26378.3,26378.25,500,26379.95,275,100,16288575
NIFTY-I.NFO,27/09/2024,09:58:44,26379.95,26378.25,500,26379.95,50,225,16288575
NIFTY-I.NFO,27/09/2024,09:58:46,26380,26378.25,600,26380,650,1175,16288575
NIFTY-I.NFO,27/09/2024,09:58:49,26378.25,26378.25,550,26379.95,500,50,16288575
NIFTY-I.NFO,27/09/2024,09:58:51,26379.95,26378.25,500,26379.95,475,150,16288575
NIFTY-I.NFO,27/09/2024,09:58:54,26378.25,26378.25,300,26379.95,475,825,16288575
NIFTY-I.NFO,27/09/2024,09:58:56,26378.3,26378.25,325,26379.95,325,325,16288575
NIFTY-I.NFO,27/09/2024,09:58:59,26379,26378.25,225,26379.95,325,200,16288575
NIFTY-I.NFO,27/09/2024,09:59:01,26380,26378.5,200,26380,625,950,16288575
NIFTY-I.NFO,27/09/2024,09:59:04,26378.5,26378.5,175,26379.95,300,75,16288575
NIFTY-I.NFO,27/09/2024,09:59:06,26378.5,26376.95,125,26380,275,1175,16288575
NIFTY-I.NFO,27/09/2024,09:59:09,26377.6,26377.55,125,26380,275,200,16288575
NIFTY-I.NFO,27/09/2024,09:59:11,26380,26378.8,125,26381,200,750,16288575
NIFTY-I.NFO,27/09/2024,09:59:14,26378.85,26378.85,125,26381,175,150,16288575
NIFTY-I.NFO,27/09/2024,09:59:16,26381.4,26381.4,300,26382.45,50,375,16288575
NIFTY-I.NFO,27/09/2024,09:59:19,26382.85,26382.85,200,26383,75,425,16288575
NIFTY-I.NFO,27/09/2024,09:59:21,26380.05,26379.95,250,26383,200,300,16288575
NIFTY-I.NFO,27/09/2024,09:59:24,26379.95,26379.95,250,26380,100,200,16288575
NIFTY-I.NFO,27/09/2024,09:59:26,26380,26379.95,175,26380,75,25,16288575
NIFTY-I.NFO,27/09/2024,09:59:29,26379.95,26378,350,26379.95,325,200,16288575
NIFTY-I.NFO,27/09/2024,09:59:31,26379.95,26378,375,26378.85,25,850,16288575
NIFTY-I.NFO,27/09/2024,09:59:34,26376.95,26376.7,175,26377.75,150,1075,16288575
NIFTY-I.NFO,27/09/2024,09:59:36,26376.65,26376.65,50,26377.75,100,450,16288575
NIFTY-I.NFO,27/09/2024,09:59:39,26376.6,26376.6,350,26377.75,100,75,16288575
NIFTY-I.NFO,27/09/2024,09:59:41,26377.75,26376.6,350,26376.65,50,50,16288575
NIFTY-I.NFO,27/09/2024,09:59:44,26379,26376.6,350,26379,75,425,16288575
NIFTY-I.NFO,27/09/2024,09:59:46,26379,26379,325,26379.85,125,575,16288575
NIFTY-I.NFO,27/09/2024,09:59:49,26379.4,26378,100,26379.25,25,625,16288575
NIFTY-I.NFO,27/09/2024,09:59:51,26378,26378,75,26379.25,25,100,16288575
NIFTY-I.NFO,27/09/2024,09:59:54,26377,26376.65,150,26379,25,1025,16288575
NIFTY-I.NFO,27/09/2024,09:59:56,26379,26376.65,150,26379.5,25,50,16288575
NIFTY-I.NFO,27/09/2024,09:59:59,26376.6,26376.6,25,26379.6,25,275,16288575
NIFTY-I.NFO,27/09/2024,10:00:01,26376.55,26376.55,250,26379.45,25,1200,16288575
NIFTY-I.NFO,27/09/2024,10:00:04,26376.55,26376.55,125,26380,500,1125,16288575
NIFTY-I.NFO,27/09/2024,10:00:06,26382.15,26377.75,150,26382.15,25,1125,16288575
NIFTY-I.NFO,27/09/2024,10:00:09,26380,26378.75,125,26380,50,800,16298700
NIFTY-I.NFO,27/09/2024,10:00:11,26382.05,26378.75,150,26382.5,25,300,16298700
NIFTY-I.NFO,27/09/2024,10:00:14,26382.85,26379.3,125,26380,1025,275,16298700
NIFTY-I.NFO,27/09/2024,10:00:16,26380.45,26380.5,25,26382.85,100,2050,16298700
NIFTY-I.NFO,27/09/2024,10:00:19,26380.5,26380.5,175,26383.75,25,850,16298700
NIFTY-I.NFO,27/09/2024,10:00:21,26380.5,26380.45,375,26384,50,325,16298700
NIFTY-I.NFO,27/09/2024,10:00:24,26385,26381.05,225,26385,725,475,16298700
NIFTY-I.NFO,27/09/2024,10:00:26,26381.05,26381.05,50,26385,825,100,16298700
NIFTY-I.NFO,27/09/2024,10:00:29,26384.55,26380.5,25,26384.55,25,1275,16298700
NIFTY-I.NFO,27/09/2024,10:00:31,26384.3,26383,200,26384.15,275,925,16298700
NIFTY-I.NFO,27/09/2024,10:00:34,26380,26380,325,26380.5,125,575,16298700
NIFTY-I.NFO,27/09/2024,10:00:36,26380.5,26380,275,26380.5,150,75,16298700
NIFTY-I.NFO,27/09/2024,10:00:39,26376.55,26376.5,125,26376.95,100,650,16298700
NIFTY-I.NFO,27/09/2024,10:00:41,26376,26376.25,200,26379.8,25,200,16298700
NIFTY-I.NFO,27/09/2024,10:00:44,26376.35,26376.2,25,26380.25,25,25,16298700
NIFTY-I.NFO,27/09/2024,10:00:46,26376,26375.7,200,26380,625,600,16298700
NIFTY-I.NFO,27/09/2024,10:00:49,26375.7,26375.65,25,26379.6,100,75,16298700
NIFTY-I.NFO,27/09/2024,10:00:51,26379.25,26376.5,25,26379.25,250,150,16298700
NIFTY-I.NFO,27/09/2024,10:00:54,26375.65,26375.6,900,26376.2,25,125,16298700
NIFTY-I.NFO,27/09/2024,10:00:56,26375.6,26375.6,875,26376.2,100,100,16298700
NIFTY-I.NFO,27/09/2024,10:00:59,26375.6,26375.6,725,26375.7,900,150,16298700
NIFTY-I.NFO,27/09/2024,10:01:01,26375.6,26375.6,250,26375.65,150,875,16298700
NIFTY-I.NFO,27/09/2024,10:01:04,26375.5,26375.5,300,26375.7,525,300,16298700
NIFTY-I.NFO,27/09/2024,10:01:06,26376.7,26375.5,150,26376.75,125,1075,16298700
NIFTY-I.NFO,27/09/2024,10:01:09,26373,26373,75,26374,50,1075,16298700
NIFTY-I.NFO,27/09/2024,10:01:11,26375.65,26375.65,325,26376.4,25,450,16298700
NIFTY-I.NFO,27/09/2024,10:01:14,26373.5,26373.2,200,26375,725,450,16298700
NIFTY-I.NFO,27/09/2024,10:01:16,26378,26375.05,25,26378,325,1400,16298700
NIFTY-I.NFO,27/09/2024,10:01:19,26378,26375.65,25,26378,200,350,16298700
NIFTY-I.NFO,27/09/2024,10:01:21,26375.1,26375.1,25,26378,200,50,16298700
NIFTY-I.NFO,27/09/2024,10:01:24,26375.4,26375.6,25,26379.95,25,725,16298700
NIFTY-I.NFO,27/09/2024,10:01:26,26378,26378,125,26380,50,150,16298700
NIFTY-I.NFO,27/09/2024,10:01:29,26376.45,26376.5,25,26380.5,50,225,16298700
NIFTY-I.NFO,27/09/2024,10:01:31,26380.5,26376.65,50,26380.65,25,425,16298700
NIFTY-I.NFO,27/09/2024,10:01:34,26377.05,26377,25,26380,1000,100,16298700
NIFTY-I.NFO,27/09/2024,10:01:36,26380,26377.05,25,26380,875,175,16298700
NIFTY-I.NFO,27/09/2024,10:01:39,26380,26378.5,25,26380,725,150,16298700
NIFTY-I.NFO,27/09/2024,10:01:41,26380,26378.75,25,26380,300,425,16298700
NIFTY-I.NFO,27/09/2024,10:01:44,26379.15,26379.1,25,26380.55,50,350,16298700
NIFTY-I.NFO,27/09/2024,10:01:46,26380.95,26380.95,250,26384,100,350,16298700
NIFTY-I.NFO,27/09/2024,10:01:49,26378.2,26378.8,25,26382.15,300,600,16298700
NIFTY-I.NFO,27/09/2024,10:01:51,26378.75,26378.8,25,26382.15,300,125,16298700
NIFTY-I.NFO,27/09/2024,10:01:54,26378.75,26378.85,25,26380.6,150,0,16298700
NIFTY-I.NFO,27/09/2024,10:01:56,26378.75,26378.95,25,26380,25,0,16298700
NIFTY-I.NFO,27/09/2024,10:01:59,26381,26380,200,26381,25,200,16298700
NIFTY-I.NFO,27/09/2024,10:02:01,26381.4,26381.4,250,26382,100,200,16298700
NIFTY-I.NFO,27/09/2024,10:02:04,26382.4,26382.4,100,26383.6,300,175,16298700
NIFTY-I.NFO,27/09/2024,10:02:06,26383.25,26380,200,26383.3,75,575,16298700
NIFTY-I.NFO,27/09/2024,10:02:09,26381,26381,250,26383.05,175,25,16298700
NIFTY-I.NFO,27/09/2024,10:02:11,26381,26381,275,26382.85,225,225,16298700
NIFTY-I.NFO,27/09/2024,10:02:13,26381,26381,175,26382.6,300,350,16298700
NIFTY-I.NFO,27/09/2024,10:02:16,26382.6,26381,100,26382.6,300,1350,16298700
NIFTY-I.NFO,27/09/2024,10:02:18,26382.1,26381.05,25,26382,225,1225,16298700
NIFTY-I.NFO,27/09/2024,10:02:21,26381.2,26380,175,26381.2,50,925,16298700
NIFTY-I.NFO,27/09/2024,10:02:23,26381,26380,125,26380.55,50,575,16298700
NIFTY-I.NFO,27/09/2024,10:02:26,26380.3,26380.3,175,26380.9,100,575,16298700
NIFTY-I.NFO,27/09/2024,10:02:28,26381.05,26377.05,200,26381,225,1175,16298700
NIFTY-I.NFO,27/09/2024,10:02:31,26381,26381,125,26381.6,225,1175,16298700
NIFTY-I.NFO,27/09/2024,10:02:33,26381.6,26381,150,26381.6,275,700,16298700
NIFTY-I.NFO,27/09/2024,10:02:36,26381,26377.85,25,26379.75,1000,650,16298700
NIFTY-I.NFO,27/09/2024,10:02:38,26377.75,26376.3,25,26379.75,550,600,16298700
NIFTY-I.NFO,27/09/2024,10:02:41,26381,26381,100,26381.05,25,875,16298700
NIFTY-I.NFO,27/09/2024,10:02:43,26381.6,26377.4,25,26380,50,375,16298700
NIFTY-I.NFO,27/09/2024,10:02:46,26377.4,26377.35,50,26379.8,400,650,16298700
NIFTY-I.NFO,27/09/2024,10:02:48,26379.8,26377.3,25,26380,1150,450,16298700
NIFTY-I.NFO,27/09/2024,10:02:51,26379.8,26379.8,50,26380,1100,125,16298700
NIFTY-I.NFO,27/09/2024,10:02:53,26380,26378,225,26380,975,1125,16298700
NIFTY-I.NFO,27/09/2024,10:02:56,26379.9,26379.9,50,26379.95,325,750,16298700
NIFTY-I.NFO,27/09/2024,10:02:58,26379.95,26377.1,25,26379.95,1125,225,16298700
NIFTY-I.NFO,27/09/2024,10:03:01,26379.95,26375.95,25,26379.05,25,1100,16298700
NIFTY-I.NFO,27/09/2024,10:03:03,26380,26379.95,475,26380,750,175,16298700
NIFTY-I.NFO,27/09/2024,10:03:06,26380,26379.05,50,26379.7,250,1475,16298700
NIFTY-I.NFO,27/09/2024,10:03:08,26375.25,26375.2,25,26379.55,200,1675,16298700
NIFTY-I.NFO,27/09/2024,10:03:11,26375,26375,175,26378.2,175,1275,16295425
NIFTY-I.NFO,27/09/2024,10:03:13,26375.15,26375,250,26375.15,25,75,16295425
NIFTY-I.NFO,27/09/2024,10:03:16,26377.6,26375.55,400,26377.55,25,600,16295425
NIFTY-I.NFO,27/09/2024,10:03:18,26375.55,26375,175,26376.25,50,825,16295425
NIFTY-I.NFO,27/09/2024,10:03:21,26375,26375,100,26376.95,25,375,16295425
NIFTY-I.NFO,27/09/2024,10:03:23,26375,26373,75,26374.85,50,125,16295425
NIFTY-I.NFO,27/09/2024,10:03:26,26374.35,26373,50,26374.35,25,50,16295425
NIFTY-I.NFO,27/09/2024,10:03:28,26373,26373.05,50,26374.35,175,25,16295425
NIFTY-I.NFO,27/09/2024,10:03:31,26375.55,26374.75,425,26375.55,75,325,16295425
NIFTY-I.NFO,27/09/2024,10:03:33,26375.6,26371.25,50,26375.5,175,20750,16295425
NIFTY-I.NFO,27/09/2024,10:03:36,26374.9,26374.7,50,26374.9,125,2900,16295425
NIFTY-I.NFO,27/09/2024,10:03:38,26375.4,26370.8,200,26375.4,100,775,16295425
NIFTY-I.NFO,27/09/2024,10:03:41,26370.8,26370.8,25,26374.4,150,425,16295425
NIFTY-I.NFO,27/09/2024,10:03:43,26374.6,26372,25,26374.7,125,350,16295425
NIFTY-I.NFO,27/09/2024,10:03:46,26374.75,26374.7,775,26374.75,25,700,16295425
NIFTY-I.NFO,27/09/2024,10:03:48,26375,26374.7,325,26375,750,600,16295425
NIFTY-I.NFO,27/09/2024,10:03:51,26374.7,26374.7,225,26375,700,175,16295425
NIFTY-I.NFO,27/09/2024,10:03:53,26374.7,26374.7,125,26375,550,175,16295425
NIFTY-I.NFO,27/09/2024,10:03:56,26374.7,26374.6,25,26374.7,125,125,16295425
NIFTY-I.NFO,27/09/2024,10:03:58,26371.1,26371.1,25,26374.7,25,250,16295425
NIFTY-I.NFO,27/09/2024,10:04:01,26374.7,26374.7,775,26375,500,375,16295425
NIFTY-I.NFO,27/09/2024,10:04:03,26375.4,26375.4,200,26375.55,125,675,16295425
NIFTY-I.NFO,27/09/2024,10:04:05,26375.95,26375.95,125,26377.05,125,150,16295425
NIFTY-I.NFO,27/09/2024,10:04:08,26371.35,26371.45,25,26376.15,25,250,16295425
NIFTY-I.NFO,27/09/2024,10:04:10,26376.2,26371.6,25,26375.55,100,75,16295425
NIFTY-I.NFO,27/09/2024,10:04:13,26375.55,26371.55,50,26375,25,50,16295425
NIFTY-I.NFO,27/09/2024,10:04:15,26375.05,26375,400,26375.8,25,175,16295425
NIFTY-I.NFO,27/09/2024,10:04:18,26371.5,26371.9,50,26375.4,25,850,16295425
NIFTY-I.NFO,27/09/2024,10:04:20,26371.95,26372.2,25,26375,75,125,16295425
NIFTY-I.NFO,27/09/2024,10:04:23,26371.9,26371.9,25,26375,50,175,16295425
NIFTY-I.NFO,27/09/2024,10:04:25,26371.9,26372.8,25,26375,50,0,16295425
NIFTY-I.NFO,27/09/2024,10:04:28,26371,26371.05,25,26375,150,200,16295425
NIFTY-I.NFO,27/09/2024,10:04:30,26374.75,26371.1,25,26375,600,400,16295425
NIFTY-I.NFO,27/09/2024,10:04:33,26371.1,26371.1,25,26372.8,50,425,16295425
NIFTY-I.NFO,27/09/2024,10:04:35,26371,26370,275,26371,1125,500,16295425
NIFTY-I.NFO,27/09/2024,10:04:38,26371,26371,900,26371.55,25,1125,16295425
NIFTY-I.NFO,27/09/2024,10:04:40,26371,26371,775,26375,375,250,16295425
NIFTY-I.NFO,27/09/2024,10:04:43,26373,26371,775,26374.5,25,50,16295425
NIFTY-I.NFO,27/09/2024,10:04:45,26375,26374.5,425,26375,375,75,16295425
NIFTY-I.NFO,27/09/2024,10:04:48,26371.1,26371.05,100,26375,375,950,16295425
NIFTY-I.NFO,27/09/2024,10:04:50,26371.05,26371,775,26375,450,75,16295425
NIFTY-I.NFO,27/09/2024,10:04:53,26371,26371,675,26375,425,200,16295425
NIFTY-I.NFO,27/09/2024,10:04:55,26371,26371,650,26374.65,25,25,16295425
NIFTY-I.NFO,27/09/2024,10:04:58,26371,26372.1,25,26373,25,325,16295425
NIFTY-I.NFO,27/09/2024,10:05:00,26373,26371,275,26373,575,475,16295425
NIFTY-I.NFO,27/09/2024,10:05:03,26373,26371,250,26373,200,425,16295425
NIFTY-I.NFO,27/09/2024,10:05:05,26373,26371,225,26373,125,125,16295425
NIFTY-I.NFO,27/09/2024,10:05:08,26371.05,26371,225,26373,250,675,16295425
NIFTY-I.NFO,27/09/2024,10:05:10,26371,26371,250,26373,175,100,16295425
NIFTY-I.NFO,27/09/2024,10:05:12,26373,26372.05,25,26372.6,200,50,16295425
NIFTY-I.NFO,27/09/2024,10:05:15,26373,26372.65,25,26373,175,0,16295425
NIFTY-I.NFO,27/09/2024,10:05:17,26372,26371,275,26371.6,225,1725,16295425
NIFTY-I.NFO,27/09/2024,10:05:20,26370,26368.95,625,26370,325,825,16295425
NIFTY-I.NFO,27/09/2024,10:05:22,26368.95,26369,750,26370,300,50,16295425
NIFTY-I.NFO,27/09/2024,10:05:25,26369,26369,525,26370,300,200,16295425
NIFTY-I.NFO,27/09/2024,10:05:27,26369.55,26369.5,200,26370,300,325,16295425
NIFTY-I.NFO,27/09/2024,10:05:30,26371.6,26367.9,125,26370,175,1200,16295425
NIFTY-I.NFO,27/09/2024,10:05:32,26372.1,26370.05,75,26372.1,150,1075,16295425
NIFTY-I.NFO,27/09/2024,10:05:35,26372.1,26370.05,500,26372.1,50,325,16295425
NIFTY-I.NFO,27/09/2024,10:05:38,26370,26370,275,26370.05,775,550,16295425
NIFTY-I.NFO,27/09/2024,10:05:40,26370.05,26370,275,26370.05,750,25,16295425
NIFTY-I.NFO,27/09/2024,10:05:43,26370,26370,1425,26370.05,600,350,16295425
NIFTY-I.NFO,27/09/2024,10:05:45,26370,26370,175,26370.05,25,1750,16295425
NIFTY-I.NFO,27/09/2024,10:05:48,26370,26369.75,25,26370,25,575,16295425
NIFTY-I.NFO,27/09/2024,10:05:50,26369,26368.05,25,26369.75,75,75,16295425
NIFTY-I.NFO,27/09/2024,10:05:53,26369.75,26369.8,25,26370,1000,75,16295425
NIFTY-I.NFO,27/09/2024,10:05:55,26367.5,26367.75,25,26370,1050,750,16295425
NIFTY-I.NFO,27/09/2024,10:05:58,26367.45,26367,1275,26369.75,1000,100,16295425
NIFTY-I.NFO,27/09/2024,10:06:00,26369.75,26367.1,25,26369.75,550,500,16295425
NIFTY-I.NFO,27/09/2024,10:06:03,26369,26369.75,100,26369.8,25,1275,16295425
NIFTY-I.NFO,27/09/2024,10:06:05,26369.75,26367,1150,26368.85,25,100,16295425
NIFTY-I.NFO,27/09/2024,10:06:08,26367,26367.2,25,26368.8,25,300,16295425
NIFTY-I.NFO,27/09/2024,10:06:10,26367,26367.2,25,26368.8,125,0,16295425
NIFTY-I.NFO,27/09/2024,10:06:13,26368.8,26367,950,26369.8,25,200,16313875
NIFTY-I.NFO,27/09/2024,10:06:15,26368.55,26367,900,26368.55,375,675,16313875
NIFTY-I.NFO,27/09/2024,10:06:18,26368.55,26367,525,26368.55,75,925,16313875
NIFTY-I.NFO,27/09/2024,10:06:20,26367,26367,475,26368.55,25,100,16313875
NIFTY-I.NFO,27/09/2024,10:06:23,26367.05,26367,400,26368,25,150,16313875
NIFTY-I.NFO,27/09/2024,10:06:25,26367,26367,325,26368,100,175,16313875
NIFTY-I.NFO,27/09/2024,10:06:28,26368,26368,25,26368.6,75,350,16313875
NIFTY-I.NFO,27/09/2024,10:06:30,26369,26368,50,26369,225,175,16313875
NIFTY-I.NFO,27/09/2024,10:06:33,26369.4,26369.4,25,26370,1000,550,16313875
NIFTY-I.NFO,27/09/2024,10:06:35,26366.6,26368,25,26369.7,50,1025,16313875
NIFTY-I.NFO,27/09/2024,10:06:38,26370,26368.35,50,26370,1000,575,16313875
NIFTY-I.NFO,27/09/2024,10:06:40,26370,26368.35,25,26370,2125,100,16313875
NIFTY-I.NFO,27/09/2024,10:06:43,26368.3,26368,50,26370,2050,150,16313875
NIFTY-I.NFO,27/09/2024,10:06:45,26366.2,26366.25,50,26370,1850,800,16313875
NIFTY-I.NFO,27/09/2024,10:06:48,26369,26369,25,26370,2000,475,16313875
NIFTY-I.NFO,27/09/2024,10:06:50,26370,26368,25,26370,1950,350,16313875
NIFTY-I.NFO,27/09/2024,10:06:53,26370,26368.35,50,26369,50,50,16313875
NIFTY-I.NFO,27/09/2024,10:06:55,26368.45,26368.4,25,26370,1925,100,16313875
NIFTY-I.NFO,27/09/2024,10:06:58,26369,26368.35,25,26370,1875,125,16313875
NIFTY-I.NFO,27/09/2024,10:07:00,26371,26371.35,25,26372,200,2175,16313875
