Ticker,Date,Time,LTP,BuyPrice,BuyQty,SellPrice,SellQty,LTQ,OpenInterest
NIFTY-II.NFO,27/09/2024,09:15:00,26399,26401.4,100,26426.95,100,50,1146050
NIFTY-II.NFO,27/09/2024,09:15:00,26399,26401.4,100,26426.95,100,0,1146050
NIFTY-II.NFO,27/09/2024,09:15:00,26405.25,26401.4,100,26426.95,100,0,1146050
NIFTY-II.NFO,27/09/2024,09:15:00,26399,26401.4,100,26426.95,100,0,1146050
NIFTY-II.NFO,27/09/2024,09:15:02,26423,26415.6,25,26424.75,50,425,1146050
NIFTY-II.NFO,27/09/2024,09:15:02,26425.55,26415.6,25,26424.75,50,0,1146050
NIFTY-II.NFO,27/09/2024,09:15:04,26424.1,26411.35,25,26421.6,125,600,1146050
NIFTY-II.NFO,27/09/2024,09:15:07,26416.3,26411.1,25,26417.5,50,325,1146050
NIFTY-II.NFO,27/09/2024,09:15:09,26416.1,26410.9,25,26418.2,50,925,1146050
NIFTY-II.NFO,27/09/2024,09:15:11,26409.35,26408.4,100,26418.8,100,175,1146050
NIFTY-II.NFO,27/09/2024,09:15:14,26402.35,26413.45,25,26414.95,100,1125,1146050
NIFTY-II.NFO,27/09/2024,09:15:16,26409.35,26406.15,75,26414.95,100,175,1146050
NIFTY-II.NFO,27/09/2024,09:15:18,26418.3,26408.55,100,26418.35,25,200,1146050
NIFTY-II.NFO,27/09/2024,09:15:21,26410,26410.05,75,26417,100,225,1146050
NIFTY-II.NFO,27/09/2024,09:15:23,26410,26410.05,25,26414,25,375,1146050
NIFTY-II.NFO,27/09/2024,09:15:26,26408.65,26409.65,50,26419.55,100,1400,1146050
NIFTY-II.NFO,27/09/2024,09:15:28,26411.05,26411.05,25,26414.95,50,25,1146050
NIFTY-II.NFO,27/09/2024,09:15:30,26410,26410.05,25,26411.05,25,250,1146050
NIFTY-II.NFO,27/09/2024,09:15:33,26410,26410.25,50,26419.65,100,225,1146050
NIFTY-II.NFO,27/09/2024,09:15:35,26411.75,26411.7,250,26420.95,100,550,1146050
NIFTY-II.NFO,27/09/2024,09:15:37,26421,26414.5,100,26421.95,100,125,1146050
NIFTY-II.NFO,27/09/2024,09:15:40,26414.9,26416.35,150,26422,25,100,1146050
NIFTY-II.NFO,27/09/2024,09:15:42,26420,26420,25,26422,50,125,1146050
NIFTY-II.NFO,27/09/2024,09:15:45,26420.05,26421.25,100,26428.65,50,1575,1146050
NIFTY-II.NFO,27/09/2024,09:15:45,26429.95,26421.25,100,26428.65,50,0,1146050
NIFTY-II.NFO,27/09/2024,09:15:47,26436.85,26427.5,100,26436.9,125,825,1146050
NIFTY-II.NFO,27/09/2024,09:15:47,26437.75,26427.5,100,26436.9,125,0,1146050
NIFTY-II.NFO,27/09/2024,09:15:50,26427.85,26427.1,250,26430,25,550,1146050
NIFTY-II.NFO,27/09/2024,09:15:52,26428.15,26428.15,25,26437.5,100,75,1146050
NIFTY-II.NFO,27/09/2024,09:15:54,26429.45,26430.2,250,26437.4,100,50,1146050
NIFTY-II.NFO,27/09/2024,09:15:54,26438.05,26430.2,250,26437.4,100,0,1146050
NIFTY-II.NFO,27/09/2024,09:15:57,26436.95,26428.05,100,26436.65,100,275,1146050
NIFTY-II.NFO,27/09/2024,09:15:59,26423.25,26420,200,26428.35,125,275,1146050
NIFTY-II.NFO,27/09/2024,09:16:02,26429,26425.1,325,26433.95,100,200,1146050
NIFTY-II.NFO,27/09/2024,09:16:04,26434.95,26426.55,300,26432.95,100,175,1146050
NIFTY-II.NFO,27/09/2024,09:16:06,26428.5,26428.5,225,26434.6,100,200,1146050
NIFTY-II.NFO,27/09/2024,09:16:09,26436,26436.05,25,26437.4,225,375,1146050
NIFTY-II.NFO,27/09/2024,09:16:11,26437.05,26429,25,26435.4,100,50,1146050
NIFTY-II.NFO,27/09/2024,09:16:14,26428.95,26430.2,250,26434.95,25,150,1146050
NIFTY-II.NFO,27/09/2024,09:16:16,26434.1,26425.05,25,26431.85,100,25,1146050
NIFTY-II.NFO,27/09/2024,09:16:18,26428.95,26426.45,25,26428.95,25,50,1146050
NIFTY-II.NFO,27/09/2024,09:16:21,26427.05,26428.15,225,26434.25,150,75,1146050
NIFTY-II.NFO,27/09/2024,09:16:23,26428.75,26427.95,250,26430,975,100,1146050
NIFTY-II.NFO,27/09/2024,09:16:28,26430,26427.3,25,26429.2,200,1100,1146050
NIFTY-II.NFO,27/09/2024,09:16:30,26434.9,26428.3,100,26434.95,25,575,1146050
NIFTY-II.NFO,27/09/2024,09:16:33,26430,26428.05,100,26430,200,225,1146050
NIFTY-II.NFO,27/09/2024,09:16:35,26430,26428,250,26430,100,100,1146050
NIFTY-II.NFO,27/09/2024,09:16:37,26436,26430.05,175,26436,225,150,1146050
NIFTY-II.NFO,27/09/2024,09:16:40,26434,26434.1,25,26435,50,25,1146050
NIFTY-II.NFO,27/09/2024,09:16:42,26431.9,26430.65,175,26435,50,75,1146050
NIFTY-II.NFO,27/09/2024,09:16:45,26431.9,26431.9,25,26434,25,0,1146050
NIFTY-II.NFO,27/09/2024,09:16:47,26434,26431,175,26435,75,50,1146050
NIFTY-II.NFO,27/09/2024,09:16:49,26435,26431.05,100,26435.95,75,350,1146050
NIFTY-II.NFO,27/09/2024,09:16:52,26435,26431.15,100,26436,250,0,1146050
NIFTY-II.NFO,27/09/2024,09:16:54,26431.9,26431.35,100,26436,250,50,1146050
NIFTY-II.NFO,27/09/2024,09:16:57,26436,26432.75,100,26435,25,75,1146050
NIFTY-II.NFO,27/09/2024,09:16:59,26436,26433.35,100,26436,125,75,1146050
NIFTY-II.NFO,27/09/2024,09:17:01,26435.05,26435,100,26436,150,100,1146050
NIFTY-II.NFO,27/09/2024,09:17:04,26435.05,26435,75,26435.05,25,150,1146050
NIFTY-II.NFO,27/09/2024,09:17:06,26436,26435,75,26436,125,75,1146050
NIFTY-II.NFO,27/09/2024,09:17:08,26436,26430.05,25,26435.05,275,200,1146050
NIFTY-II.NFO,27/09/2024,09:17:11,26431.3,26431.4,100,26435.05,150,500,1146050
NIFTY-II.NFO,27/09/2024,09:17:13,26435.05,26430,75,26435.05,125,225,1146050
NIFTY-II.NFO,27/09/2024,09:17:16,26430.75,26433.05,100,26435.05,50,150,1146050
NIFTY-II.NFO,27/09/2024,09:17:18,26432.25,26434.05,25,26435.05,50,25,1146050
NIFTY-II.NFO,27/09/2024,09:17:20,26434,26430,75,26434.95,175,25,1146050
NIFTY-II.NFO,27/09/2024,09:17:23,26434,26430.05,25,26435,25,0,1146050
NIFTY-II.NFO,27/09/2024,09:17:25,26434,26430.1,25,26434,50,0,1146050
NIFTY-II.NFO,27/09/2024,09:17:27,26434,26430.15,25,26435,25,100,1146050
NIFTY-II.NFO,27/09/2024,09:17:30,26434,26430.2,50,26434,475,75,1146050
NIFTY-II.NFO,27/09/2024,09:17:32,26434,26430.3,25,26434,475,0,1146050
NIFTY-II.NFO,27/09/2024,09:17:35,26434,26430.2,25,26434,425,150,1146050
NIFTY-II.NFO,27/09/2024,09:17:37,26430,26430.2,25,26434,400,125,1146050
NIFTY-II.NFO,27/09/2024,09:17:40,26430,26430,25,26433.1,25,225,1146050
NIFTY-II.NFO,27/09/2024,09:17:42,26426.25,26428.15,225,26433.9,100,775,1146050
NIFTY-II.NFO,27/09/2024,09:17:45,26426.25,26428.15,225,26430,225,0,1146050
NIFTY-II.NFO,27/09/2024,09:17:47,26430,26428.2,225,26430,175,50,1146050
NIFTY-II.NFO,27/09/2024,09:17:49,26430,26428.2,225,26430,100,75,1146050
NIFTY-II.NFO,27/09/2024,09:17:52,26430,26430,75,26430.2,25,150,1146050
NIFTY-II.NFO,27/09/2024,09:17:54,26430,26430.1,25,26430.2,25,0,1146050
NIFTY-II.NFO,27/09/2024,09:17:59,26430.65,26430.05,25,26432,400,50,1146050
NIFTY-II.NFO,27/09/2024,09:18:02,26430.65,26430.05,25,26432,400,0,1146050
NIFTY-II.NFO,27/09/2024,09:18:04,26432,26430.05,25,26432,375,75,1147100
NIFTY-II.NFO,27/09/2024,09:18:06,26430,26427.9,200,26430,275,100,1147100
NIFTY-II.NFO,27/09/2024,09:18:09,26430,26427,200,26430,225,50,1147100
NIFTY-II.NFO,27/09/2024,09:18:11,26430,26426.45,125,26430,225,0,1147100
NIFTY-II.NFO,27/09/2024,09:18:14,26430,26426.45,100,26430,175,150,1147100
NIFTY-II.NFO,27/09/2024,09:18:16,26430,26425.65,100,26430,200,0,1147100
NIFTY-II.NFO,27/09/2024,09:18:19,26425,26425.75,125,26430,225,450,1147100
NIFTY-II.NFO,27/09/2024,09:18:21,26430,26427.5,125,26430,125,150,1147100
NIFTY-II.NFO,27/09/2024,09:18:24,26425.55,26426.75,125,26430,125,125,1147100
NIFTY-II.NFO,27/09/2024,09:18:26,26430,26429.5,75,26433.95,100,125,1147100
NIFTY-II.NFO,27/09/2024,09:18:29,26430,26430.3,125,26433.95,100,100,1147100
NIFTY-II.NFO,27/09/2024,09:18:31,26433.95,26430.75,250,26434,100,50,1147100
NIFTY-II.NFO,27/09/2024,09:18:34,26434.95,26430.9,75,26434.95,50,225,1147100
NIFTY-II.NFO,27/09/2024,09:18:36,26434.95,26431.85,125,26434.95,50,0,1147100
NIFTY-II.NFO,27/09/2024,09:18:39,26431.8,26432,100,26434.95,50,100,1147100
NIFTY-II.NFO,27/09/2024,09:18:41,26432,26432,75,26435,100,75,1147100
NIFTY-II.NFO,27/09/2024,09:18:44,26434.45,26432,50,26434.95,100,75,1147100
NIFTY-II.NFO,27/09/2024,09:18:46,26434.95,26432,50,26434.95,50,50,1147100
NIFTY-II.NFO,27/09/2024,09:18:49,26434.95,26434.95,50,26435,125,50,1147100
NIFTY-II.NFO,27/09/2024,09:18:51,26434.95,26434.95,75,26435,125,25,1147100
NIFTY-II.NFO,27/09/2024,09:18:54,26435,26434.95,75,26435,75,75,1147100
NIFTY-II.NFO,27/09/2024,09:18:56,26434.95,26434.95,25,26435,50,75,1147100
NIFTY-II.NFO,27/09/2024,09:18:59,26434.95,26432,100,26435,50,25,1147100
NIFTY-II.NFO,27/09/2024,09:19:01,26435,26432,100,26435,50,25,1147100
NIFTY-II.NFO,27/09/2024,09:19:04,26432.75,26432,100,26434.95,25,50,1147100
NIFTY-II.NFO,27/09/2024,09:19:06,26432,26432,75,26434.95,25,25,1147100
NIFTY-II.NFO,27/09/2024,09:19:09,26434,26432,75,26434,25,25,1147100
NIFTY-II.NFO,27/09/2024,09:19:11,26434,26432,75,26432.75,25,0,1147100
NIFTY-II.NFO,27/09/2024,09:19:14,26432.75,26432,75,26434,25,25,1147100
NIFTY-II.NFO,27/09/2024,09:19:16,26432.75,26432,75,26434,25,0,1147100
NIFTY-II.NFO,27/09/2024,09:19:19,26432.75,26432.1,25,26432.75,25,0,1147100
NIFTY-II.NFO,27/09/2024,09:19:24,26432.75,26432,75,26432.75,75,0,1147100
NIFTY-II.NFO,27/09/2024,09:19:26,26432.75,26432.9,25,26434,50,75,1147100
NIFTY-II.NFO,27/09/2024,09:19:29,26433.05,26433.05,25,26434,25,200,1147100
NIFTY-II.NFO,27/09/2024,09:19:31,26434.95,26432.3,25,26435,50,125,1147100
NIFTY-II.NFO,27/09/2024,09:19:34,26434.95,26432.55,25,26434.85,25,0,1147100
NIFTY-II.NFO,27/09/2024,09:19:36,26436,26431.15,25,26436,175,225,1147100
NIFTY-II.NFO,27/09/2024,09:19:39,26436,26431.35,25,26434.1,50,0,1147100
NIFTY-II.NFO,27/09/2024,09:19:41,26436,26432.9,25,26434.1,50,0,1147100
NIFTY-II.NFO,27/09/2024,09:19:44,26430.7,26430.65,25,26434.1,25,175,1147100
NIFTY-II.NFO,27/09/2024,09:19:46,26430.7,26430.65,25,26432.55,250,0,1147100
NIFTY-II.NFO,27/09/2024,09:19:49,26435.95,26431.7,100,26436.2,175,1825,1147100
NIFTY-II.NFO,27/09/2024,09:19:51,26432.4,26434,25,26436.6,25,25,1147100
NIFTY-II.NFO,27/09/2024,09:19:54,26433.2,26433.2,50,26439.25,25,2025,1147100
NIFTY-II.NFO,27/09/2024,09:19:54,26440.5,26433.2,50,26439.25,25,0,1147100
NIFTY-II.NFO,27/09/2024,09:19:56,26434.7,26434.65,75,26439.25,25,50,1147100
NIFTY-II.NFO,27/09/2024,09:19:59,26435.95,26434.65,25,26435.95,175,275,1147100
NIFTY-II.NFO,27/09/2024,09:20:01,26435.95,26430.65,50,26435.85,325,0,1147100
NIFTY-II.NFO,27/09/2024,09:20:04,26435.95,26430.65,50,26437.35,50,925,1147100
NIFTY-II.NFO,27/09/2024,09:20:06,26435.95,26430.65,50,26434.85,25,0,1147100
NIFTY-II.NFO,27/09/2024,09:20:09,26435.95,26430.7,75,26436,675,0,1147100
NIFTY-II.NFO,27/09/2024,09:20:12,26430.7,26435,25,26435.95,25,75,1147100
NIFTY-II.NFO,27/09/2024,09:20:14,26439.15,26435,25,26436,75,900,1147100
NIFTY-II.NFO,27/09/2024,09:20:17,26437,26432.55,100,26438.95,25,125,1147100
NIFTY-II.NFO,27/09/2024,09:20:19,26432.55,26434,100,26439.95,75,75,1147100
NIFTY-II.NFO,27/09/2024,09:20:22,26432.55,26437,500,26438.95,25,0,1147100
NIFTY-II.NFO,27/09/2024,09:20:24,26432.55,26438.95,25,26440,75,0,1147100
NIFTY-II.NFO,27/09/2024,09:20:26,26440,26438.95,25,26440,50,25,1147100
NIFTY-II.NFO,27/09/2024,09:20:29,26440,26437.05,175,26440,25,225,1147100
NIFTY-II.NFO,27/09/2024,09:20:31,26440,26437,500,26439.95,75,0,1147100
NIFTY-II.NFO,27/09/2024,09:20:34,26440,26437,500,26440,25,25,1147100
NIFTY-II.NFO,27/09/2024,09:20:36,26441.2,26437,500,26440,25,150,1147100
NIFTY-II.NFO,27/09/2024,09:20:36,26441.2,26437,500,26440,25,0,1147100
NIFTY-II.NFO,27/09/2024,09:20:38,26440,26440,25,26440.75,25,25,1147100
NIFTY-II.NFO,27/09/2024,09:20:41,26442.05,26437.05,175,26442.35,25,50,1147100
NIFTY-II.NFO,27/09/2024,09:20:41,26442.05,26437.05,175,26442.35,25,0,1147100
NIFTY-II.NFO,27/09/2024,09:20:43,26442.05,26437.05,175,26442.35,25,0,1147100
NIFTY-II.NFO,27/09/2024,09:20:46,26442.05,26437.5,100,26442.35,25,0,1147100
NIFTY-II.NFO,27/09/2024,09:20:48,26437.05,26437.1,100,26442.35,25,125,1147100
NIFTY-II.NFO,27/09/2024,09:20:50,26437.05,26437.1,100,26442,100,0,1147100
NIFTY-II.NFO,27/09/2024,09:20:53,26437.05,26437.05,175,26442,100,25,1147100
NIFTY-II.NFO,27/09/2024,09:20:55,26437.05,26437.3,75,26442,100,0,1147100
NIFTY-II.NFO,27/09/2024,09:20:58,26437.05,26438.5,150,26442,100,0,1147100
NIFTY-II.NFO,27/09/2024,09:21:00,26438.45,26439.4,75,26442,100,100,1147100
NIFTY-II.NFO,27/09/2024,09:21:03,26438.45,26438.2,75,26442,100,0,1147100
NIFTY-II.NFO,27/09/2024,09:21:05,26437.05,26437.05,25,26440,25,75,1143900
NIFTY-II.NFO,27/09/2024,09:21:08,26437.05,26437,500,26442,75,50,1143900
NIFTY-II.NFO,27/09/2024,09:21:10,26438.2,26437.05,25,26440,150,25,1143900
NIFTY-II.NFO,27/09/2024,09:21:13,26440.05,26438.4,75,26445.25,25,1000,1143900
NIFTY-II.NFO,27/09/2024,09:21:13,26446.4,26438.4,75,26445.25,25,0,1143900
NIFTY-II.NFO,27/09/2024,09:21:15,26447.95,26442,75,26448,75,50,1143900
NIFTY-II.NFO,27/09/2024,09:21:15,26447.95,26442,75,26448,75,0,1143900
NIFTY-II.NFO,27/09/2024,09:21:18,26448,26443.6,75,26449,150,275,1143900
NIFTY-II.NFO,27/09/2024,09:21:18,26448,26443.6,75,26449,150,0,1143900
NIFTY-II.NFO,27/09/2024,09:21:20,26448.95,26442.1,150,26448.95,100,100,1143900
NIFTY-II.NFO,27/09/2024,09:21:20,26448.95,26442.1,150,26448.95,100,0,1143900
NIFTY-II.NFO,27/09/2024,09:21:23,26455,26448.5,225,26455.1,250,950,1143900
NIFTY-II.NFO,27/09/2024,09:21:23,26455,26448.5,225,26455.1,250,0,1143900
NIFTY-II.NFO,27/09/2024,09:21:25,26454.9,26447.4,150,26454.9,75,125,1143900
NIFTY-II.NFO,27/09/2024,09:21:28,26454.9,26450.05,175,26454.9,25,0,1143900
NIFTY-II.NFO,27/09/2024,09:21:30,26454.85,26449.9,25,26454.85,25,350,1143900
NIFTY-II.NFO,27/09/2024,09:21:33,26454.85,26450.05,25,26454.85,25,0,1143900
NIFTY-II.NFO,27/09/2024,09:21:35,26454.85,26450.1,75,26454.9,25,50,1143900
NIFTY-II.NFO,27/09/2024,09:21:38,26450.1,26450.1,175,26454.85,25,25,1143900
NIFTY-II.NFO,27/09/2024,09:21:40,26450.05,26450.05,425,26453.95,100,400,1143900
NIFTY-II.NFO,27/09/2024,09:21:43,26450.1,26450.05,400,26453.9,100,175,1143900
NIFTY-II.NFO,27/09/2024,09:21:45,26454.85,26450.05,400,26454.75,50,250,1143900
NIFTY-II.NFO,27/09/2024,09:21:48,26454.85,26450.1,100,26454,25,0,1143900
NIFTY-II.NFO,27/09/2024,09:21:50,26450.75,26450.05,400,26455,75,300,1143900
NIFTY-II.NFO,27/09/2024,09:21:52,26454.85,26454,100,26454.95,100,25,1143900
NIFTY-II.NFO,27/09/2024,09:21:55,26454,26454,50,26455,50,75,1143900
NIFTY-II.NFO,27/09/2024,09:21:57,26458.35,26454,25,26458.35,100,150,1143900
NIFTY-II.NFO,27/09/2024,09:21:57,26458.35,26454,25,26458.35,100,0,1143900
NIFTY-II.NFO,27/09/2024,09:22:00,26458.35,26454,25,26454.9,25,0,1143900
NIFTY-II.NFO,27/09/2024,09:22:02,26454.9,26454,525,26455,25,25,1143900
NIFTY-II.NFO,27/09/2024,09:22:05,26456.95,26454,525,26456.95,100,100,1143900
NIFTY-II.NFO,27/09/2024,09:22:07,26454,26454,275,26456.2,350,250,1143900
NIFTY-II.NFO,27/09/2024,09:22:10,26454.9,26454,275,26454.9,25,50,1143900
NIFTY-II.NFO,27/09/2024,09:22:12,26454.85,26450.5,25,26454.85,100,300,1143900
NIFTY-II.NFO,27/09/2024,09:22:15,26455.55,26454,50,26455.5,50,250,1143900
NIFTY-II.NFO,27/09/2024,09:22:17,26454,26454,75,26456.2,250,75,1143900
NIFTY-II.NFO,27/09/2024,09:22:20,26454,26454,100,26455.55,50,0,1143900
NIFTY-II.NFO,27/09/2024,09:22:22,26450.05,26450.05,350,26455,250,225,1143900
NIFTY-II.NFO,27/09/2024,09:22:25,26450.05,26450.05,200,26452.15,25,150,1143900
NIFTY-II.NFO,27/09/2024,09:22:27,26450.05,26450.05,150,26451.15,25,75,1143900
NIFTY-II.NFO,27/09/2024,09:22:30,26445.6,26443.05,50,26445.15,125,1050,1143900
NIFTY-II.NFO,27/09/2024,09:22:32,26444.85,26443.05,50,26445,125,125,1143900
NIFTY-II.NFO,27/09/2024,09:22:35,26436.85,26437.45,100,26446.8,150,2075,1143900
NIFTY-II.NFO,27/09/2024,09:22:37,26444.6,26439.5,100,26444.85,125,250,1143900
NIFTY-II.NFO,27/09/2024,09:22:40,26444.8,26437.3,100,26444.8,50,50,1143900
NIFTY-II.NFO,27/09/2024,09:22:42,26437.6,26437.25,125,26443.95,100,25,1143900
NIFTY-II.NFO,27/09/2024,09:22:45,26444,26437.95,100,26444,100,50,1143900
NIFTY-II.NFO,27/09/2024,09:22:47,26444,26437.65,100,26444,25,0,1143900
NIFTY-II.NFO,27/09/2024,09:22:50,26444,26438.25,100,26446.2,50,100,1143900
NIFTY-II.NFO,27/09/2024,09:22:52,26444,26440.2,125,26445.9,50,25,1143900
NIFTY-II.NFO,27/09/2024,09:22:55,26440.2,26439.6,125,26445.95,100,25,1143900
NIFTY-II.NFO,27/09/2024,09:22:57,26440.2,26441,125,26445.75,25,0,1143900
NIFTY-II.NFO,27/09/2024,09:22:59,26447.3,26440.05,100,26446.55,25,25,1143900
NIFTY-II.NFO,27/09/2024,09:23:02,26447.3,26440.5,100,26446.95,25,0,1143900
NIFTY-II.NFO,27/09/2024,09:23:04,26445,26442.4,100,26446.95,25,25,1143900
NIFTY-II.NFO,27/09/2024,09:23:07,26445,26444.95,100,26447.3,125,0,1143900
NIFTY-II.NFO,27/09/2024,09:23:09,26450,26447.35,100,26451.9,75,175,1143900
NIFTY-II.NFO,27/09/2024,09:23:12,26450,26447.3,75,26450,25,0,1143900
NIFTY-II.NFO,27/09/2024,09:23:14,26447.35,26447.3,75,26449.9,50,50,1143900
NIFTY-II.NFO,27/09/2024,09:23:17,26447.35,26447.35,100,26449.9,50,0,1143900
NIFTY-II.NFO,27/09/2024,09:23:19,26447.35,26447.35,175,26449.9,50,0,1143900
NIFTY-II.NFO,27/09/2024,09:23:22,26453.9,26448.65,50,26453.95,25,175,1143900
NIFTY-II.NFO,27/09/2024,09:23:24,26453.9,26450.05,50,26453.95,25,0,1143900
NIFTY-II.NFO,27/09/2024,09:23:27,26455.55,26454.3,25,26455.55,25,200,1143900
NIFTY-II.NFO,27/09/2024,09:23:29,26455.55,26453.9,100,26457.9,100,25,1143900
NIFTY-II.NFO,27/09/2024,09:23:32,26455.55,26453.9,100,26457.9,100,0,1143900
NIFTY-II.NFO,27/09/2024,09:23:37,26457.9,26454,50,26457.9,100,25,1143900
NIFTY-II.NFO,27/09/2024,09:23:39,26454,26454,25,26455.55,25,25,1143900
NIFTY-II.NFO,27/09/2024,09:23:42,26455.55,26454,25,26457.9,100,25,1143900
NIFTY-II.NFO,27/09/2024,09:23:44,26451.5,26451.05,25,26454.95,25,150,1143900
NIFTY-II.NFO,27/09/2024,09:23:47,26455.55,26455,50,26457.85,100,75,1143900
NIFTY-II.NFO,27/09/2024,09:23:49,26457.85,26455,50,26457.85,100,25,1143900
NIFTY-II.NFO,27/09/2024,09:23:52,26455,26455,225,26457.85,75,50,1143900
NIFTY-II.NFO,27/09/2024,09:23:54,26455,26455,225,26457,25,0,1143900
NIFTY-II.NFO,27/09/2024,09:23:57,26455,26455,275,26456.95,75,0,1143900
NIFTY-II.NFO,27/09/2024,09:23:59,26455,26455,125,26456.95,50,175,1143900
NIFTY-II.NFO,27/09/2024,09:24:02,26460,26455,200,26458.65,575,650,1143900
NIFTY-II.NFO,27/09/2024,09:24:02,26460,26455,200,26458.65,575,0,1143900
NIFTY-II.NFO,27/09/2024,09:24:04,26456.8,26455,200,26458.1,175,50,1147800
NIFTY-II.NFO,27/09/2024,09:24:07,26455.45,26455,125,26456.55,50,175,1147800
NIFTY-II.NFO,27/09/2024,09:24:09,26456.5,26455,150,26455.45,25,25,1147800
NIFTY-II.NFO,27/09/2024,09:24:12,26456.5,26455,150,26455.45,25,0,1147800
NIFTY-II.NFO,27/09/2024,09:24:14,26455,26455,125,26456.5,50,50,1147800
NIFTY-II.NFO,27/09/2024,09:24:17,26453.95,26450,125,26453.95,75,250,1147800
NIFTY-II.NFO,27/09/2024,09:24:19,26453.95,26450,125,26450.8,125,25,1147800
NIFTY-II.NFO,27/09/2024,09:24:22,26450,26450,100,26451.1,125,50,1147800
NIFTY-II.NFO,27/09/2024,09:24:24,26450,26447.35,75,26450.7,225,100,1147800
NIFTY-II.NFO,27/09/2024,09:24:27,26446.25,26446.35,100,26448.95,25,275,1147800
NIFTY-II.NFO,27/09/2024,09:24:29,26446.25,26446.3,25,26449.95,25,0,1147800
NIFTY-II.NFO,27/09/2024,09:24:34,26446,26446,25,26449.95,25,125,1147800
NIFTY-II.NFO,27/09/2024,09:24:37,26446.25,26446.05,100,26449.95,25,50,1147800
NIFTY-II.NFO,27/09/2024,09:24:39,26450,26445.05,100,26449.95,100,50,1147800
NIFTY-II.NFO,27/09/2024,09:24:42,26450,26445.05,100,26449.95,25,100,1147800
NIFTY-II.NFO,27/09/2024,09:24:44,26450,26445.05,100,26449.95,25,0,1147800
NIFTY-II.NFO,27/09/2024,09:24:47,26447,26445.05,100,26447,150,100,1147800
NIFTY-II.NFO,27/09/2024,09:24:49,26447,26445,125,26447,50,100,1147800
NIFTY-II.NFO,27/09/2024,09:24:52,26447,26446.25,25,26449.95,25,50,1147800
NIFTY-II.NFO,27/09/2024,09:24:54,26445,26445.95,25,26450,525,200,1147800
NIFTY-II.NFO,27/09/2024,09:24:57,26445,26445.5,100,26448,150,0,1147800
NIFTY-II.NFO,27/09/2024,09:24:59,26448,26445.05,75,26448,25,125,1147800
NIFTY-II.NFO,27/09/2024,09:25:02,26445,26445,100,26447.95,25,25,1147800
NIFTY-II.NFO,27/09/2024,09:25:04,26445,26445,100,26447.95,25,0,1147800
NIFTY-II.NFO,27/09/2024,09:25:07,26445,26446.05,25,26447.95,25,100,1147800
NIFTY-II.NFO,27/09/2024,09:25:09,26448.9,26445,25,26448.05,100,100,1147800
NIFTY-II.NFO,27/09/2024,09:25:12,26448.95,26445,25,26448.95,75,25,1147800
NIFTY-II.NFO,27/09/2024,09:25:17,26448.95,26446.3,25,26449,125,0,1147800
NIFTY-II.NFO,27/09/2024,09:25:19,26446.35,26446.3,25,26450,300,150,1147800
NIFTY-II.NFO,27/09/2024,09:25:22,26446.35,26447,50,26447.95,125,0,1147800
NIFTY-II.NFO,27/09/2024,09:25:24,26446.35,26447.05,25,26447.95,125,0,1147800
NIFTY-II.NFO,27/09/2024,09:25:27,26445,26443.95,25,26449.95,200,450,1147800
NIFTY-II.NFO,27/09/2024,09:25:29,26446.35,26446.6,25,26449.95,100,25,1147800
NIFTY-II.NFO,27/09/2024,09:25:32,26446.35,26446.65,25,26449.95,100,0,1147800
NIFTY-II.NFO,27/09/2024,09:25:34,26449.95,26447.45,25,26449.95,100,50,1147800
NIFTY-II.NFO,27/09/2024,09:25:37,26449.95,26447.4,25,26450,350,0,1147800
NIFTY-II.NFO,27/09/2024,09:25:39,26449.95,26447.45,25,26450,350,0,1147800
NIFTY-II.NFO,27/09/2024,09:25:42,26449.95,26447.4,25,26450,350,0,1147800
NIFTY-II.NFO,27/09/2024,09:25:44,26450,26447.4,25,26450,325,25,1147800
NIFTY-II.NFO,27/09/2024,09:25:47,26450,26447.4,25,26450,550,0,1147800
NIFTY-II.NFO,27/09/2024,09:25:49,26445,26447.05,25,26449.95,100,175,1147800
NIFTY-II.NFO,27/09/2024,09:25:52,26447,26445,50,26447,75,100,1147800
NIFTY-II.NFO,27/09/2024,09:25:54,26443.7,26443.2,50,26447.9,100,100,1147800
NIFTY-II.NFO,27/09/2024,09:25:57,26443.7,26442.85,50,26448.9,100,0,1147800
NIFTY-II.NFO,27/09/2024,09:25:59,26447.9,26442.1,50,26446.95,25,50,1147800
NIFTY-II.NFO,27/09/2024,09:26:02,26446.9,26442.05,25,26446.95,100,150,1147800
NIFTY-II.NFO,27/09/2024,09:26:04,26442.05,26442,100,26446.95,100,25,1147800
NIFTY-II.NFO,27/09/2024,09:26:07,26442.05,26443.7,25,26447.45,125,0,1147800
NIFTY-II.NFO,27/09/2024,09:26:09,26440.05,26440.05,100,26443.95,25,175,1147800
NIFTY-II.NFO,27/09/2024,09:26:12,26440.05,26440.35,75,26447.9,175,375,1147800
NIFTY-II.NFO,27/09/2024,09:26:14,26440.05,26440.35,75,26446.9,100,0,1147800
NIFTY-II.NFO,27/09/2024,09:26:17,26443.7,26442.55,25,26447.9,100,25,1147800
NIFTY-II.NFO,27/09/2024,09:26:19,26445.9,26440.4,100,26445.9,100,200,1147800
NIFTY-II.NFO,27/09/2024,09:26:22,26443.05,26442.15,25,26446.9,100,25,1147800
NIFTY-II.NFO,27/09/2024,09:26:24,26443.05,26440.2,100,26446.9,175,0,1147800
NIFTY-II.NFO,27/09/2024,09:26:27,26443.05,26440.25,100,26445.95,25,0,1147800
NIFTY-II.NFO,27/09/2024,09:26:29,26443.7,26443,25,26445.95,25,25,1147800
NIFTY-II.NFO,27/09/2024,09:26:32,26447.9,26443.05,150,26447.9,25,275,1147800
NIFTY-II.NFO,27/09/2024,09:26:34,26447.9,26443.05,150,26448.95,150,25,1147800
NIFTY-II.NFO,27/09/2024,09:26:37,26447.9,26443.05,150,26447.9,25,0,1147800
NIFTY-II.NFO,27/09/2024,09:26:39,26443.05,26443.25,100,26447.9,25,25,1147800
NIFTY-II.NFO,27/09/2024,09:26:42,26443.1,26443.1,225,26447.9,25,50,1147800
NIFTY-II.NFO,27/09/2024,09:26:44,26443.1,26443.05,125,26447.85,75,25,1147800
NIFTY-II.NFO,27/09/2024,09:26:47,26447.85,26443.1,100,26447.9,25,100,1147800
NIFTY-II.NFO,27/09/2024,09:26:49,26441.85,26442.5,75,26447.8,25,250,1147800
NIFTY-II.NFO,27/09/2024,09:26:52,26441.85,26442.3,75,26447.8,25,0,1147800
NIFTY-II.NFO,27/09/2024,09:26:54,26446.9,26442.15,100,26446.95,25,200,1147800
NIFTY-II.NFO,27/09/2024,09:26:57,26442.1,26441.9,75,26447.75,100,25,1147800
NIFTY-II.NFO,27/09/2024,09:26:59,26442.1,26442.75,75,26447.8,25,0,1147800
NIFTY-II.NFO,27/09/2024,09:27:02,26447.8,26446.2,25,26449.95,100,50,1147800
NIFTY-II.NFO,27/09/2024,09:27:04,26447.8,26445.8,25,26448.9,100,0,1147800
NIFTY-II.NFO,27/09/2024,09:27:07,26441.2,26441.9,125,26448.9,175,150,1149250
NIFTY-II.NFO,27/09/2024,09:27:09,26441.2,26442.95,125,26449.9,175,0,1149250
NIFTY-II.NFO,27/09/2024,09:27:12,26441.2,26443.1,25,26449.95,200,0,1149250
NIFTY-II.NFO,27/09/2024,09:27:14,26443.45,26446.2,25,26449.95,125,25,1149250
NIFTY-II.NFO,27/09/2024,09:27:17,26443.45,26446,25,26449.95,125,0,1149250
NIFTY-II.NFO,27/09/2024,09:27:19,26443.45,26445.75,25,26449.95,125,0,1149250
NIFTY-II.NFO,27/09/2024,09:27:22,26443.45,26445.35,125,26449.95,100,0,1149250
NIFTY-II.NFO,27/09/2024,09:27:24,26446.05,26447.35,25,26449,25,25,1149250
NIFTY-II.NFO,27/09/2024,09:27:27,26446.55,26446.65,125,26450,1025,100,1149250
NIFTY-II.NFO,27/09/2024,09:27:29,26446.8,26447.4,25,26450,1025,25,1149250
NIFTY-II.NFO,27/09/2024,09:27:32,26445.15,26447.2,25,26450,1025,450,1149250
NIFTY-II.NFO,27/09/2024,09:27:34,26445.15,26446.8,25,26449.95,100,0,1149250
NIFTY-II.NFO,27/09/2024,09:27:37,26445.15,26446.8,25,26450,1025,0,1149250
NIFTY-II.NFO,27/09/2024,09:27:39,26445.15,26446.9,25,26450,1025,0,1149250
NIFTY-II.NFO,27/09/2024,09:27:42,26445.15,26446.8,25,26449.95,25,0,1149250
NIFTY-II.NFO,27/09/2024,09:27:44,26449.95,26447.5,25,26450,975,25,1149250
NIFTY-II.NFO,27/09/2024,09:27:47,26449.95,26449.95,400,26450,975,50,1149250
NIFTY-II.NFO,27/09/2024,09:27:49,26450,26449.95,400,26450,925,50,1149250
NIFTY-II.NFO,27/09/2024,09:27:52,26450,26449.95,400,26450,900,25,1149250
NIFTY-II.NFO,27/09/2024,09:27:54,26450,26448,25,26450,375,550,1149250
NIFTY-II.NFO,27/09/2024,09:27:57,26450,26447,200,26450,100,275,1149250
NIFTY-II.NFO,27/09/2024,09:27:59,26450,26448.55,25,26450,50,50,1149250
NIFTY-II.NFO,27/09/2024,09:28:02,26450,26450.4,25,26451,25,50,1149250
NIFTY-II.NFO,27/09/2024,09:28:04,26452,26448.55,25,26452,150,125,1149250
NIFTY-II.NFO,27/09/2024,09:28:07,26452,26448.55,25,26452,150,0,1149250
NIFTY-II.NFO,27/09/2024,09:28:10,26452,26450.05,25,26452,150,0,1149250
NIFTY-II.NFO,27/09/2024,09:28:12,26451.95,26448.9,25,26452,150,50,1149250
NIFTY-II.NFO,27/09/2024,09:28:15,26451.95,26450,25,26452,150,0,1149250
NIFTY-II.NFO,27/09/2024,09:28:20,26451.95,26450,25,26451.95,100,0,1149250
NIFTY-II.NFO,27/09/2024,09:28:22,26450,26450,25,26451.95,125,25,1149250
NIFTY-II.NFO,27/09/2024,09:28:25,26450,26450,25,26451.95,125,0,1149250
NIFTY-II.NFO,27/09/2024,09:28:30,26450,26447.05,50,26452,150,25,1149250
NIFTY-II.NFO,27/09/2024,09:28:32,26447.05,26447.7,25,26452,150,25,1149250
NIFTY-II.NFO,27/09/2024,09:28:35,26450,26447.35,25,26450,25,125,1149250
NIFTY-II.NFO,27/09/2024,09:28:37,26450,26447,200,26450,25,0,1149250
NIFTY-II.NFO,27/09/2024,09:28:40,26447,26447,200,26451.9,100,50,1149250
NIFTY-II.NFO,27/09/2024,09:28:42,26447,26447,175,26451.9,175,25,1149250
NIFTY-II.NFO,27/09/2024,09:28:45,26451.9,26447,150,26451.85,100,75,1149250
NIFTY-II.NFO,27/09/2024,09:28:47,26451.9,26447,150,26451,50,125,1149250
NIFTY-II.NFO,27/09/2024,09:28:50,26451.9,26447,150,26451.7,75,0,1149250
NIFTY-II.NFO,27/09/2024,09:28:52,26447,26447,125,26451.7,75,25,1149250
NIFTY-II.NFO,27/09/2024,09:28:55,26447,26447,125,26451.95,100,0,1149250
NIFTY-II.NFO,27/09/2024,09:28:57,26447,26447,125,26450,125,0,1149250
NIFTY-II.NFO,27/09/2024,09:29:05,26447,26447,100,26450,75,75,1149250
NIFTY-II.NFO,27/09/2024,09:29:07,26447,26447,75,26450,75,25,1149250
NIFTY-II.NFO,27/09/2024,09:29:10,26447,26447,75,26450,75,0,1149250
NIFTY-II.NFO,27/09/2024,09:29:12,26447,26447,50,26450,75,25,1149250
NIFTY-II.NFO,27/09/2024,09:29:15,26447,26448,100,26450,75,0,1149250
NIFTY-II.NFO,27/09/2024,09:29:17,26447,26447,25,26450,75,125,1149250
NIFTY-II.NFO,27/09/2024,09:29:20,26447,26447,25,26450,75,0,1149250
NIFTY-II.NFO,27/09/2024,09:29:22,26450,26445.05,300,26450,375,50,1149250
NIFTY-II.NFO,27/09/2024,09:29:25,26450,26445.05,300,26449.85,325,0,1149250
NIFTY-II.NFO,27/09/2024,09:29:30,26450,26445.05,300,26449.45,75,0,1149250
NIFTY-II.NFO,27/09/2024,09:29:32,26445.05,26445.05,225,26449.95,100,100,1149250
NIFTY-II.NFO,27/09/2024,09:29:35,26449.5,26445.05,225,26449.3,325,25,1149250
NIFTY-II.NFO,27/09/2024,09:29:37,26449.5,26445.05,225,26449.9,250,0,1149250
NIFTY-II.NFO,27/09/2024,09:29:40,26449.9,26445.05,225,26449.15,325,25,1149250
NIFTY-II.NFO,27/09/2024,09:29:42,26445.05,26445.05,225,26448.5,325,25,1149250
NIFTY-II.NFO,27/09/2024,09:29:45,26445.05,26445.05,225,26447.4,325,0,1149250
NIFTY-II.NFO,27/09/2024,09:29:47,26445.05,26445.05,100,26447.4,325,125,1149250
NIFTY-II.NFO,27/09/2024,09:29:50,26445.05,26445.05,100,26447.4,250,0,1149250
NIFTY-II.NFO,27/09/2024,09:29:52,26445.05,26445.05,75,26445.45,250,25,1149250
NIFTY-II.NFO,27/09/2024,09:29:55,26445,26442.75,25,26446.8,325,250,1149250
NIFTY-II.NFO,27/09/2024,09:29:57,26445,26442.8,100,26447.4,250,0,1149250
NIFTY-II.NFO,27/09/2024,09:30:00,26445,26442.75,25,26447.6,250,0,1149250
NIFTY-II.NFO,27/09/2024,09:30:02,26445,26442.75,25,26446.9,50,0,1149250
NIFTY-II.NFO,27/09/2024,09:30:05,26442.75,26442,100,26444.55,325,50,1150400
NIFTY-II.NFO,27/09/2024,09:30:07,26442.75,26442,100,26443.2,250,0,1150400
NIFTY-II.NFO,27/09/2024,09:30:10,26442.75,26442,100,26442.55,250,0,1150400
NIFTY-II.NFO,27/09/2024,09:30:12,26442.75,26442,100,26445,175,0,1150400
NIFTY-II.NFO,27/09/2024,09:30:15,26445,26442,100,26444.65,250,50,1150400
NIFTY-II.NFO,27/09/2024,09:30:17,26445,26442,100,26444.65,250,0,1150400
NIFTY-II.NFO,27/09/2024,09:30:20,26445,26442,100,26445,125,0,1150400
NIFTY-II.NFO,27/09/2024,09:30:22,26442,26442,50,26443.4,325,50,1150400
NIFTY-II.NFO,27/09/2024,09:30:25,26443.4,26441,125,26443.95,100,75,1150400
NIFTY-II.NFO,27/09/2024,09:30:27,26443.4,26441,125,26443.25,250,0,1150400
NIFTY-II.NFO,27/09/2024,09:30:30,26441,26441,100,26444.6,325,25,1150400
NIFTY-II.NFO,27/09/2024,09:30:32,26441,26441,100,26444.6,325,0,1150400
NIFTY-II.NFO,27/09/2024,09:30:35,26441,26441,225,26443.25,250,0,1150400
NIFTY-II.NFO,27/09/2024,09:30:37,26441,26441,200,26443.25,250,25,1150400
NIFTY-II.NFO,27/09/2024,09:30:40,26441,26441,200,26444.75,325,0,1150400
NIFTY-II.NFO,27/09/2024,09:30:42,26441,26441,150,26443.45,250,50,1150400
NIFTY-II.NFO,27/09/2024,09:30:45,26441,26441,150,26442.55,250,0,1150400
NIFTY-II.NFO,27/09/2024,09:30:47,26441,26440,225,26440.9,225,200,1150400
NIFTY-II.NFO,27/09/2024,09:30:50,26435,26435,25,26439.5,225,250,1150400
NIFTY-II.NFO,27/09/2024,09:30:52,26439.6,26435,25,26439.6,75,25,1150400
NIFTY-II.NFO,27/09/2024,09:30:55,26435.05,26435.05,100,26439.95,25,50,1150400
NIFTY-II.NFO,27/09/2024,09:30:57,26440,26435.05,100,26440,50,50,1150400
NIFTY-II.NFO,27/09/2024,09:31:00,26435.05,26435.05,100,26439.9,100,75,1150400
NIFTY-II.NFO,27/09/2024,09:31:02,26435.05,26435.05,25,26438,225,75,1150400
NIFTY-II.NFO,27/09/2024,09:31:05,26435.05,26435,25,26438,225,0,1150400
NIFTY-II.NFO,27/09/2024,09:31:07,26435,26434.95,25,26438,300,25,1150400
NIFTY-II.NFO,27/09/2024,09:31:10,26437.95,26433.95,25,26437.95,175,50,1150400
NIFTY-II.NFO,27/09/2024,09:31:12,26433.95,26435,50,26437.9,175,25,1150400
NIFTY-II.NFO,27/09/2024,09:31:15,26430.7,26430.1,25,26433,225,150,1150400
NIFTY-II.NFO,27/09/2024,09:31:17,26429.85,26430.05,125,26433,200,1900,1150400
NIFTY-II.NFO,27/09/2024,09:31:20,26429.85,26430.65,125,26433,200,0,1150400
NIFTY-II.NFO,27/09/2024,09:31:22,26430.45,26431,300,26433,200,25,1150400
NIFTY-II.NFO,27/09/2024,09:31:25,26431,26431.75,125,26433,200,200,1150400
NIFTY-II.NFO,27/09/2024,09:31:27,26433,26431.8,750,26433.95,25,200,1150400
NIFTY-II.NFO,27/09/2024,09:31:30,26432.75,26432.65,625,26433.95,25,25,1150400
NIFTY-II.NFO,27/09/2024,09:31:32,26432.75,26433.5,1000,26433.95,25,0,1150400
NIFTY-II.NFO,27/09/2024,09:31:35,26439.95,26434.4,75,26439.95,125,100,1150400
NIFTY-II.NFO,27/09/2024,09:31:37,26435.3,26434.4,100,26439.95,100,75,1150400
NIFTY-II.NFO,27/09/2024,09:31:40,26435.3,26433.8,350,26438.95,25,0,1150400
NIFTY-II.NFO,27/09/2024,09:31:42,26433.95,26435.1,450,26440,150,25,1150400
NIFTY-II.NFO,27/09/2024,09:31:45,26433.95,26435.8,75,26439,25,0,1150400
NIFTY-II.NFO,27/09/2024,09:31:47,26433.95,26436.15,250,26439,25,0,1150400
NIFTY-II.NFO,27/09/2024,09:31:50,26439.95,26435.9,75,26440,150,50,1150400
NIFTY-II.NFO,27/09/2024,09:31:52,26439.95,26436,450,26440,150,0,1150400
NIFTY-II.NFO,27/09/2024,09:31:55,26439.95,26437.15,225,26440,150,0,1150400
NIFTY-II.NFO,27/09/2024,09:31:57,26439.95,26436.3,75,26440,150,0,1150400
NIFTY-II.NFO,27/09/2024,09:32:00,26440,26437.95,250,26440,125,25,1150400
NIFTY-II.NFO,27/09/2024,09:32:02,26440,26437.6,25,26440,125,0,1150400
NIFTY-II.NFO,27/09/2024,09:32:05,26436.35,26436.95,25,26440,100,300,1150400
NIFTY-II.NFO,27/09/2024,09:32:07,26436.35,26435.1,50,26439.95,125,0,1150400
NIFTY-II.NFO,27/09/2024,09:32:10,26436.35,26433.15,350,26436.35,25,0,1150400
NIFTY-II.NFO,27/09/2024,09:32:12,26436.35,26433.85,225,26439.9,100,75,1150400
NIFTY-II.NFO,27/09/2024,09:32:15,26439.95,26436.35,25,26439.95,100,25,1150400
NIFTY-II.NFO,27/09/2024,09:32:17,26439.95,26436.35,25,26439.95,175,0,1150400
NIFTY-II.NFO,27/09/2024,09:32:20,26439.95,26436.35,25,26439.45,175,0,1150400
NIFTY-II.NFO,27/09/2024,09:32:22,26439.95,26436.35,25,26439.95,175,0,1150400
NIFTY-II.NFO,27/09/2024,09:32:25,26439.95,26436.35,25,26439.95,25,0,1150400
NIFTY-II.NFO,27/09/2024,09:32:27,26439.95,26437.1,25,26439.95,25,0,1150400
NIFTY-II.NFO,27/09/2024,09:32:30,26439.95,26436.65,25,26439.95,25,0,1150400
NIFTY-II.NFO,27/09/2024,09:32:32,26439.95,26436.35,25,26439.9,100,0,1150400
NIFTY-II.NFO,27/09/2024,09:32:35,26439.9,26435,25,26439.9,175,25,1150400
NIFTY-II.NFO,27/09/2024,09:32:37,26435,26434.1,50,26439.9,100,25,1150400
NIFTY-II.NFO,27/09/2024,09:32:40,26435,26434.15,50,26437,25,0,1150400
NIFTY-II.NFO,27/09/2024,09:32:42,26434.15,26434.75,600,26437,25,75,1150400
NIFTY-II.NFO,27/09/2024,09:32:45,26434.15,26435.7,25,26437,25,0,1150400
NIFTY-II.NFO,27/09/2024,09:32:47,26437,26439.9,75,26440,175,25,1150400
NIFTY-II.NFO,27/09/2024,09:32:50,26440.35,26439.9,75,26444.7,75,200,1150400
NIFTY-II.NFO,27/09/2024,09:32:52,26440,26440.25,450,26444.75,25,425,1150400
NIFTY-II.NFO,27/09/2024,09:32:55,26440,26439.9,50,26444.7,100,0,1150400
NIFTY-II.NFO,27/09/2024,09:32:57,26445,26439.9,50,26444.95,100,50,1150400
NIFTY-II.NFO,27/09/2024,09:33:00,26440.4,26441.15,100,26445,100,100,1150400
NIFTY-II.NFO,27/09/2024,09:33:02,26442.4,26442.15,225,26445,75,125,1150400
NIFTY-II.NFO,27/09/2024,09:33:05,26442.4,26443.1,575,26445,75,0,1150400
NIFTY-II.NFO,27/09/2024,09:33:07,26444,26443.85,100,26445,25,50,1152575
NIFTY-II.NFO,27/09/2024,09:33:09,26443.85,26443.95,450,26445,25,25,1152575
NIFTY-II.NFO,27/09/2024,09:33:12,26443.85,26442.85,75,26444,50,0,1152575
NIFTY-II.NFO,27/09/2024,09:33:14,26445,26444.1,550,26445.1,50,75,1152575
NIFTY-II.NFO,27/09/2024,09:33:17,26445.1,26443.8,500,26445.1,25,75,1152575
NIFTY-II.NFO,27/09/2024,09:33:19,26445.1,26444.25,125,26445,25,75,1152575
NIFTY-II.NFO,27/09/2024,09:33:22,26445.1,26444.9,375,26445,25,0,1152575
NIFTY-II.NFO,27/09/2024,09:33:24,26445,26444.8,250,26449.8,100,25,1152575
NIFTY-II.NFO,27/09/2024,09:33:27,26444.8,26445.35,125,26449.3,25,250,1152575
NIFTY-II.NFO,27/09/2024,09:33:29,26446.45,26446.45,125,26450,275,50,1152575
NIFTY-II.NFO,27/09/2024,09:33:32,26446.45,26449.2,125,26450,275,0,1152575
NIFTY-II.NFO,27/09/2024,09:33:34,26448.55,26447.5,25,26450,275,75,1152575
NIFTY-II.NFO,27/09/2024,09:33:37,26446.65,26445.35,100,26450,275,25,1152575
NIFTY-II.NFO,27/09/2024,09:33:39,26450,26447.8,125,26450,200,75,1152575
NIFTY-II.NFO,27/09/2024,09:33:42,26450,26447.25,125,26450.45,25,200,1152575
NIFTY-II.NFO,27/09/2024,09:33:44,26451.95,26450,75,26451.95,125,225,1152575
NIFTY-II.NFO,27/09/2024,09:33:47,26450,26450,50,26451.95,25,125,1152575
NIFTY-II.NFO,27/09/2024,09:33:49,26450,26450,25,26451.85,100,25,1152575
NIFTY-II.NFO,27/09/2024,09:33:52,26451.9,26450,25,26451.75,25,25,1152575
NIFTY-II.NFO,27/09/2024,09:33:54,26451.75,26451.75,25,26452,150,25,1152575
NIFTY-II.NFO,27/09/2024,09:33:57,26451.75,26450,25,26452,150,25,1152575
NIFTY-II.NFO,27/09/2024,09:33:59,26452,26447.65,50,26450,100,25,1152575
NIFTY-II.NFO,27/09/2024,09:34:02,26452,26447.5,25,26450,100,0,1152575
NIFTY-II.NFO,27/09/2024,09:34:04,26452,26447.55,75,26450,100,0,1152575
NIFTY-II.NFO,27/09/2024,09:34:07,26451.95,26447.7,50,26452,125,125,1152575
NIFTY-II.NFO,27/09/2024,09:34:10,26450,26446.35,175,26451.6,25,25,1152575
NIFTY-II.NFO,27/09/2024,09:34:12,26446.35,26445.6,125,26450.45,25,25,1152575
NIFTY-II.NFO,27/09/2024,09:34:15,26446.35,26445,75,26448.85,50,0,1152575
NIFTY-II.NFO,27/09/2024,09:34:17,26446.35,26446.4,200,26451.25,25,0,1152575
NIFTY-II.NFO,27/09/2024,09:34:20,26446.35,26446.45,125,26450,100,0,1152575
NIFTY-II.NFO,27/09/2024,09:34:22,26446.35,26446.55,125,26450,100,0,1152575
NIFTY-II.NFO,27/09/2024,09:34:25,26446.35,26445,75,26449.3,25,75,1152575
NIFTY-II.NFO,27/09/2024,09:34:27,26445,26445,25,26446,25,50,1152575
NIFTY-II.NFO,27/09/2024,09:34:30,26445,26445,25,26446,25,0,1152575
NIFTY-II.NFO,27/09/2024,09:34:40,26446,26445,25,26448.95,25,25,1152575
NIFTY-II.NFO,27/09/2024,09:34:42,26446,26446,200,26447.3,25,100,1152575
NIFTY-II.NFO,27/09/2024,09:34:45,26446,26446,200,26449.75,25,0,1152575
NIFTY-II.NFO,27/09/2024,09:34:47,26446,26446.35,125,26450,125,75,1152575
NIFTY-II.NFO,27/09/2024,09:34:50,26446,26447,125,26450,125,0,1152575
NIFTY-II.NFO,27/09/2024,09:34:52,26450,26446.15,200,26450,100,25,1152575
NIFTY-II.NFO,27/09/2024,09:34:55,26450,26448.35,125,26450,100,0,1152575
NIFTY-II.NFO,27/09/2024,09:34:57,26450,26446.9,125,26450,50,50,1152575
NIFTY-II.NFO,27/09/2024,09:35:00,26446,26447.25,125,26448.35,25,200,1152575
NIFTY-II.NFO,27/09/2024,09:35:02,26445.65,26447.65,125,26448.35,25,200,1152575
NIFTY-II.NFO,27/09/2024,09:35:05,26448.35,26446.75,125,26450,50,25,1152575
NIFTY-II.NFO,27/09/2024,09:35:07,26448.35,26447.95,125,26450,50,0,1152575
NIFTY-II.NFO,27/09/2024,09:35:10,26451.6,26447.95,25,26451.95,25,75,1152575
NIFTY-II.NFO,27/09/2024,09:35:12,26451.6,26449.25,125,26450,25,0,1152575
NIFTY-II.NFO,27/09/2024,09:35:15,26451.6,26448.4,125,26450,25,0,1152575
NIFTY-II.NFO,27/09/2024,09:35:17,26450,26450,1525,26452,125,275,1152575
NIFTY-II.NFO,27/09/2024,09:35:20,26452,26450.15,125,26452,100,25,1152575
NIFTY-II.NFO,27/09/2024,09:35:22,26453.1,26452,25,26453.1,200,400,1152575
NIFTY-II.NFO,27/09/2024,09:35:25,26453.1,26452,25,26453.1,200,0,1152575
NIFTY-II.NFO,27/09/2024,09:35:27,26453.1,26452.45,50,26453,100,0,1152575
NIFTY-II.NFO,27/09/2024,09:35:30,26453,26452,25,26453,75,25,1152575
NIFTY-II.NFO,27/09/2024,09:35:32,26453,26452,25,26453,75,0,1152575
NIFTY-II.NFO,27/09/2024,09:35:35,26450.25,26451.45,100,26453,75,150,1152575
NIFTY-II.NFO,27/09/2024,09:35:37,26453,26450.95,100,26453,50,25,1152575
NIFTY-II.NFO,27/09/2024,09:35:40,26450.2,26450.1,225,26452,25,150,1152575
NIFTY-II.NFO,27/09/2024,09:35:42,26452,26450.05,25,26453,50,25,1152575
NIFTY-II.NFO,27/09/2024,09:35:45,26452,26450.05,25,26453,50,0,1152575
NIFTY-II.NFO,27/09/2024,09:35:47,26450.05,26452.1,25,26453,50,100,1152575
NIFTY-II.NFO,27/09/2024,09:35:50,26453,26452.05,25,26453.1,200,50,1152575
NIFTY-II.NFO,27/09/2024,09:35:52,26450,26452.1,25,26454.7,25,900,1152575
NIFTY-II.NFO,27/09/2024,09:35:55,26454.15,26452,50,26453.45,200,25,1152575
NIFTY-II.NFO,27/09/2024,09:35:57,26454.15,26452,50,26452.95,275,0,1152575
NIFTY-II.NFO,27/09/2024,09:36:00,26452,26450,1550,26452.1,275,50,1152575
NIFTY-II.NFO,27/09/2024,09:36:02,26452,26450,1550,26451.3,200,0,1152575
NIFTY-II.NFO,27/09/2024,09:36:05,26452,26450,1550,26452.95,275,0,1152575
NIFTY-II.NFO,27/09/2024,09:36:07,26452,26450,50,26451.75,275,0,1152575
NIFTY-II.NFO,27/09/2024,09:36:09,26452,26450,50,26451.85,450,0,1152575
NIFTY-II.NFO,27/09/2024,09:36:12,26451.3,26450,50,26451,200,50,1152775
NIFTY-II.NFO,27/09/2024,09:36:14,26450,26450,25,26451.1,275,25,1152775
NIFTY-II.NFO,27/09/2024,09:36:17,26451.95,26446.2,50,26451.75,275,100,1152775
NIFTY-II.NFO,27/09/2024,09:36:20,26446.2,26445,1900,26449.9,275,25,1152775
NIFTY-II.NFO,27/09/2024,09:36:22,26446.2,26445,1900,26449.05,275,0,1152775
NIFTY-II.NFO,27/09/2024,09:36:25,26445,26445,1825,26448.65,325,75,1152775
NIFTY-II.NFO,27/09/2024,09:36:27,26445,26445,1850,26448.7,250,0,1152775
NIFTY-II.NFO,27/09/2024,09:36:30,26448.7,26445,1850,26449.55,275,25,1152775
NIFTY-II.NFO,27/09/2024,09:36:32,26445,26446.2,25,26449.3,200,25,1152775
NIFTY-II.NFO,27/09/2024,09:36:35,26445,26446.2,25,26449.3,200,0,1152775
NIFTY-II.NFO,27/09/2024,09:36:37,26445,26446.2,25,26449,200,0,1152775
NIFTY-II.NFO,27/09/2024,09:36:40,26446.2,26445,1850,26448.7,200,25,1152775
NIFTY-II.NFO,27/09/2024,09:36:42,26445,26445,25,26448.05,200,50,1152775
NIFTY-II.NFO,27/09/2024,09:36:45,26448.1,26445,25,26448.1,150,50,1152775
NIFTY-II.NFO,27/09/2024,09:36:47,26448.1,26445,25,26448.75,150,0,1152775
NIFTY-II.NFO,27/09/2024,09:36:50,26444,26442.5,25,26446.55,225,50,1152775
NIFTY-II.NFO,27/09/2024,09:36:52,26444,26442.5,25,26447.2,225,0,1152775
NIFTY-II.NFO,27/09/2024,09:36:55,26442.5,26443,25,26448.15,150,25,1152775
NIFTY-II.NFO,27/09/2024,09:36:57,26442.5,26443,25,26447.7,150,0,1152775
NIFTY-II.NFO,27/09/2024,09:37:00,26442.5,26443.8,25,26447.7,150,0,1152775
NIFTY-II.NFO,27/09/2024,09:37:02,26442.5,26443.65,50,26448.5,150,0,1152775
NIFTY-II.NFO,27/09/2024,09:37:05,26447.2,26445.25,25,26447.2,50,100,1152775
NIFTY-II.NFO,27/09/2024,09:37:07,26447.2,26447.7,100,26448.55,50,0,1152775
NIFTY-II.NFO,27/09/2024,09:37:10,26449,26448.5,100,26449,25,100,1152775
NIFTY-II.NFO,27/09/2024,09:37:12,26449,26448.5,100,26449.95,50,25,1152775
NIFTY-II.NFO,27/09/2024,09:37:15,26449,26448.5,100,26450,200,0,1152775
NIFTY-II.NFO,27/09/2024,09:37:17,26450,26448.5,75,26450,100,125,1152775
NIFTY-II.NFO,27/09/2024,09:37:20,26448.5,26447.25,25,26448,425,100,1152775
NIFTY-II.NFO,27/09/2024,09:37:22,26448.5,26447.2,75,26448,425,0,1152775
NIFTY-II.NFO,27/09/2024,09:37:32,26448,26447.2,25,26448,375,50,1152775
NIFTY-II.NFO,27/09/2024,09:37:35,26448,26447.2,25,26448,375,0,1152775
NIFTY-II.NFO,27/09/2024,09:37:37,26447.2,26447,25,26448,375,25,1152775
NIFTY-II.NFO,27/09/2024,09:37:39,26448,26447,25,26448,300,75,1152775
NIFTY-II.NFO,27/09/2024,09:37:42,26448,26447,25,26448,300,0,1152775
NIFTY-II.NFO,27/09/2024,09:37:52,26445,26445,1775,26448,300,50,1152775
NIFTY-II.NFO,27/09/2024,09:37:54,26448,26445.45,250,26448,275,25,1152775
NIFTY-II.NFO,27/09/2024,09:37:57,26448,26446.15,250,26448,275,0,1152775
NIFTY-II.NFO,27/09/2024,09:37:59,26448,26446.8,250,26448,275,0,1152775
NIFTY-II.NFO,27/09/2024,09:38:02,26448,26446.2,250,26448,275,0,1152775
NIFTY-II.NFO,27/09/2024,09:38:04,26448,26446.25,250,26448,275,0,1152775
NIFTY-II.NFO,27/09/2024,09:38:07,26448,26445.7,250,26448,300,0,1152775
NIFTY-II.NFO,27/09/2024,09:38:09,26448,26447.05,250,26448,250,50,1152775
NIFTY-II.NFO,27/09/2024,09:38:11,26448,26447.15,250,26448,250,0,1152775
NIFTY-II.NFO,27/09/2024,09:38:14,26448,26447.8,250,26448,250,0,1152775
NIFTY-II.NFO,27/09/2024,09:38:16,26448,26447.25,275,26448,250,0,1152775
NIFTY-II.NFO,27/09/2024,09:38:19,26448,26447,25,26448,250,0,1152775
NIFTY-II.NFO,27/09/2024,09:38:21,26448,26447,25,26448,225,25,1152775
NIFTY-II.NFO,27/09/2024,09:38:24,26448,26447,25,26448,225,0,1152775
NIFTY-II.NFO,27/09/2024,09:38:26,26448,26447,25,26448,200,25,1152775
NIFTY-II.NFO,27/09/2024,09:38:29,26448,26447,25,26448,200,0,1152775
NIFTY-II.NFO,27/09/2024,09:38:31,26447,26445.2,250,26448,175,50,1152775
NIFTY-II.NFO,27/09/2024,09:38:34,26448,26445,1775,26448,600,75,1152775
NIFTY-II.NFO,27/09/2024,09:38:36,26448,26445,1775,26448,600,0,1152775
NIFTY-II.NFO,27/09/2024,09:38:39,26448,26445,1775,26447.95,50,0,1152775
NIFTY-II.NFO,27/09/2024,09:38:41,26447.7,26445,1775,26447.9,25,25,1152775
NIFTY-II.NFO,27/09/2024,09:38:44,26447.9,26445,1775,26447.95,50,25,1152775
NIFTY-II.NFO,27/09/2024,09:38:46,26446.95,26445,1775,26448,525,450,1152775
NIFTY-II.NFO,27/09/2024,09:38:49,26446.95,26445,1775,26447.7,25,0,1152775
NIFTY-II.NFO,27/09/2024,09:38:51,26446.95,26445,1775,26447.6,25,0,1152775
NIFTY-II.NFO,27/09/2024,09:38:54,26446.95,26445,1775,26447.7,25,0,1152775
NIFTY-II.NFO,27/09/2024,09:38:56,26445.05,26445.05,275,26447.7,50,25,1152775
NIFTY-II.NFO,27/09/2024,09:38:59,26445.05,26445.05,275,26447.7,50,0,1152775
NIFTY-II.NFO,27/09/2024,09:39:01,26445.05,26445.05,250,26447.7,25,25,1152775
NIFTY-II.NFO,27/09/2024,09:39:04,26445.05,26445.05,225,26446.95,125,25,1152775
NIFTY-II.NFO,27/09/2024,09:39:06,26445.05,26445.05,200,26446.95,125,25,1152800
NIFTY-II.NFO,27/09/2024,09:39:09,26445.05,26445.05,200,26447.25,125,0,1152800
NIFTY-II.NFO,27/09/2024,09:39:11,26445,26445,1550,26446.65,325,500,1152800
NIFTY-II.NFO,27/09/2024,09:39:14,26445,26445,1400,26445.25,250,150,1152800
NIFTY-II.NFO,27/09/2024,09:39:16,26445,26441,125,26444.8,100,1400,1152800
NIFTY-II.NFO,27/09/2024,09:39:18,26441,26441,75,26445.8,25,50,1152800
NIFTY-II.NFO,27/09/2024,09:39:21,26441,26441,75,26445.9,25,0,1152800
NIFTY-II.NFO,27/09/2024,09:39:23,26446.8,26441.35,200,26446.85,175,25,1152800
NIFTY-II.NFO,27/09/2024,09:39:26,26446.8,26441.25,200,26446.85,175,0,1152800
NIFTY-II.NFO,27/09/2024,09:39:28,26446.8,26441.05,500,26445,25,0,1152800
NIFTY-II.NFO,27/09/2024,09:39:31,26446.8,26441.15,200,26445,25,0,1152800
NIFTY-II.NFO,27/09/2024,09:39:36,26446.8,26441.1,300,26445,25,0,1152800
NIFTY-II.NFO,27/09/2024,09:39:38,26446.8,26441.15,200,26445,25,0,1152800
NIFTY-II.NFO,27/09/2024,09:39:41,26446.8,26441.5,200,26445,25,0,1152800
NIFTY-II.NFO,27/09/2024,09:39:43,26446.8,26442.55,200,26445,25,0,1152800
NIFTY-II.NFO,27/09/2024,09:39:46,26446.8,26442.2,200,26445,25,0,1152800
NIFTY-II.NFO,27/09/2024,09:39:48,26446.8,26444.25,200,26445,50,0,1152800
NIFTY-II.NFO,27/09/2024,09:39:53,26446.35,26446.5,250,26447,550,100,1152800
NIFTY-II.NFO,27/09/2024,09:39:56,26446.35,26443.4,200,26447,550,0,1152800
NIFTY-II.NFO,27/09/2024,09:39:58,26446.35,26446,25,26446.8,25,0,1152800
NIFTY-II.NFO,27/09/2024,09:40:01,26446,26442.35,200,26446.8,25,25,1152800
NIFTY-II.NFO,27/09/2024,09:40:03,26446,26441.7,200,26445.2,25,0,1152800
NIFTY-II.NFO,27/09/2024,09:40:06,26445.2,26442.75,200,26446.8,25,25,1152800
NIFTY-II.NFO,27/09/2024,09:40:08,26445.2,26443.55,200,26446.35,50,0,1152800
NIFTY-II.NFO,27/09/2024,09:40:11,26445.2,26444.45,250,26446.35,50,0,1152800
NIFTY-II.NFO,27/09/2024,09:40:13,26446.35,26446.7,250,26446.8,25,50,1152800
NIFTY-II.NFO,27/09/2024,09:40:16,26448,26446.7,200,26448,100,600,1152800
NIFTY-II.NFO,27/09/2024,09:40:18,26448,26446.15,200,26448,100,0,1152800
NIFTY-II.NFO,27/09/2024,09:40:20,26446.35,26445.2,200,26448,100,25,1152800
NIFTY-II.NFO,27/09/2024,09:40:23,26446.35,26446.9,125,26448,100,0,1152800
NIFTY-II.NFO,27/09/2024,09:40:25,26446.35,26447.25,125,26448,100,0,1152800
NIFTY-II.NFO,27/09/2024,09:40:28,26449,26449,125,26450,175,150,1152800
NIFTY-II.NFO,27/09/2024,09:40:30,26450,26448.05,50,26450,150,25,1152800
NIFTY-II.NFO,27/09/2024,09:40:33,26448.8,26448.85,125,26450,150,25,1152800
NIFTY-II.NFO,27/09/2024,09:40:35,26448.8,26448.85,125,26450,150,0,1152800
NIFTY-II.NFO,27/09/2024,09:40:38,26452,26451.55,125,26452.7,25,650,1152800
NIFTY-II.NFO,27/09/2024,09:40:40,26452,26451.9,125,26452.7,25,0,1152800
NIFTY-II.NFO,27/09/2024,09:40:43,26452.7,26452.15,125,26453.1,275,50,1152800
NIFTY-II.NFO,27/09/2024,09:40:45,26452.7,26452.8,125,26453.1,275,0,1152800
NIFTY-II.NFO,27/09/2024,09:40:48,26453.1,26452,25,26453.1,200,75,1152800
NIFTY-II.NFO,27/09/2024,09:40:50,26454,26452,25,26454,25,250,1152800
NIFTY-II.NFO,27/09/2024,09:40:53,26454,26453,25,26454.25,25,25,1152800
NIFTY-II.NFO,27/09/2024,09:40:55,26453,26452.1,50,26454,225,175,1152800
NIFTY-II.NFO,27/09/2024,09:40:58,26454,26453,25,26454,200,25,1152800
NIFTY-II.NFO,27/09/2024,09:41:00,26454,26452.5,50,26454,125,100,1152800
NIFTY-II.NFO,27/09/2024,09:41:03,26454,26453.2,175,26454,75,50,1152800
NIFTY-II.NFO,27/09/2024,09:41:05,26455,26453.05,50,26455,75,100,1152800
NIFTY-II.NFO,27/09/2024,09:41:08,26455,26453,75,26455,50,25,1152800
NIFTY-II.NFO,27/09/2024,09:41:10,26453,26453.35,125,26455,50,25,1152800
NIFTY-II.NFO,27/09/2024,09:41:13,26453,26453.05,25,26455,50,0,1152800
NIFTY-II.NFO,27/09/2024,09:41:15,26453,26453,50,26455,75,0,1152800
NIFTY-II.NFO,27/09/2024,09:41:17,26455,26455,150,26456.3,25,75,1152800
NIFTY-II.NFO,27/09/2024,09:41:20,26456.3,26455,150,26456.7,25,25,1152800
NIFTY-II.NFO,27/09/2024,09:41:22,26455.85,26455,150,26456.4,25,25,1152800
NIFTY-II.NFO,27/09/2024,09:41:25,26455.85,26455,150,26456.3,25,0,1152800
NIFTY-II.NFO,27/09/2024,09:41:27,26455.85,26455,150,26456,250,0,1152800
NIFTY-II.NFO,27/09/2024,09:41:32,26455.85,26455.85,25,26456,250,25,1152800
NIFTY-II.NFO,27/09/2024,09:41:35,26455.85,26455,150,26456,250,25,1152800
NIFTY-II.NFO,27/09/2024,09:41:37,26456,26456,50,26456.15,100,250,1152800
NIFTY-II.NFO,27/09/2024,09:41:40,26456,26456,50,26456.15,100,0,1152800
NIFTY-II.NFO,27/09/2024,09:41:42,26455,26455,75,26456,25,150,1152800
NIFTY-II.NFO,27/09/2024,09:41:45,26456,26455,325,26457,250,25,1152800
NIFTY-II.NFO,27/09/2024,09:41:47,26456,26455,75,26457,250,0,1152800
NIFTY-II.NFO,27/09/2024,09:41:52,26457,26455,75,26457,200,50,1152800
NIFTY-II.NFO,27/09/2024,09:41:55,26457,26455.3,25,26457,175,25,1152800
NIFTY-II.NFO,27/09/2024,09:41:57,26455,26455,50,26457,175,50,1152800
NIFTY-II.NFO,27/09/2024,09:42:00,26457,26455,50,26457,150,25,1152800
NIFTY-II.NFO,27/09/2024,09:42:02,26457,26455.55,25,26457,150,0,1152800
NIFTY-II.NFO,27/09/2024,09:42:04,26459.45,26455,50,26459.35,75,300,1152800
NIFTY-II.NFO,27/09/2024,09:42:07,26459.45,26455,50,26458.3,25,0,1152800
NIFTY-II.NFO,27/09/2024,09:42:10,26455,26455,25,26457.65,25,25,1154225
NIFTY-II.NFO,27/09/2024,09:42:12,26455,26455,25,26457.05,25,25,1154225
NIFTY-II.NFO,27/09/2024,09:42:15,26455,26455,25,26457.05,25,0,1154225
NIFTY-II.NFO,27/09/2024,09:42:17,26459.25,26455,25,26457.4,25,25,1154225
NIFTY-II.NFO,27/09/2024,09:42:20,26455,26454.25,25,26457.5,25,50,1154225
NIFTY-II.NFO,27/09/2024,09:42:22,26453.35,26453.4,25,26456.9,25,25,1154225
NIFTY-II.NFO,27/09/2024,09:42:25,26453.35,26455,25,26456.5,100,0,1154225
NIFTY-II.NFO,27/09/2024,09:42:27,26453.35,26455,25,26457.25,25,0,1154225
NIFTY-II.NFO,27/09/2024,09:42:30,26453.35,26455,25,26456.85,25,0,1154225
NIFTY-II.NFO,27/09/2024,09:42:32,26456.85,26455,25,26456.65,25,25,1154225
NIFTY-II.NFO,27/09/2024,09:42:35,26456.85,26454.05,25,26456.65,25,0,1154225
NIFTY-II.NFO,27/09/2024,09:42:37,26456.85,26454,25,26457,25,0,1154225
NIFTY-II.NFO,27/09/2024,09:42:40,26453,26453.05,25,26456,100,250,1154225
NIFTY-II.NFO,27/09/2024,09:42:42,26453.05,26453.05,25,26456,100,25,1154225
NIFTY-II.NFO,27/09/2024,09:42:45,26453.05,26453,175,26456,100,50,1154225
NIFTY-II.NFO,27/09/2024,09:42:47,26453.05,26453.05,25,26456,100,0,1154225
NIFTY-II.NFO,27/09/2024,09:42:50,26453.05,26453,150,26456,175,0,1154225
NIFTY-II.NFO,27/09/2024,09:42:52,26453.05,26453,150,26456,100,0,1154225
NIFTY-II.NFO,27/09/2024,09:42:55,26453.05,26453,150,26454.2,25,0,1154225
NIFTY-II.NFO,27/09/2024,09:42:57,26453,26453,125,26454.15,25,25,1154225
NIFTY-II.NFO,27/09/2024,09:43:00,26453,26453,100,26456,100,25,1154225
NIFTY-II.NFO,27/09/2024,09:43:02,26456,26453.05,200,26456,50,75,1154225
NIFTY-II.NFO,27/09/2024,09:43:05,26456,26453,75,26456,50,0,1154225
NIFTY-II.NFO,27/09/2024,09:43:07,26456,26453.05,200,26456,50,0,1154225
NIFTY-II.NFO,27/09/2024,09:43:10,26456,26453,75,26456.85,75,50,1154225
NIFTY-II.NFO,27/09/2024,09:43:12,26456.85,26456,25,26456.85,50,25,1154225
NIFTY-II.NFO,27/09/2024,09:43:15,26458.95,26456,25,26458.05,25,350,1154225
NIFTY-II.NFO,27/09/2024,09:43:17,26453.85,26454.8,200,26457.4,25,150,1154225
NIFTY-II.NFO,27/09/2024,09:43:20,26453.85,26454.65,200,26457.65,25,0,1154225
NIFTY-II.NFO,27/09/2024,09:43:22,26453.85,26455.55,50,26458.8,25,0,1154225
NIFTY-II.NFO,27/09/2024,09:43:25,26453.85,26456.2,50,26459,150,0,1154225
NIFTY-II.NFO,27/09/2024,09:43:27,26458,26456.5,125,26458,75,25,1154225
NIFTY-II.NFO,27/09/2024,09:43:30,26458,26456.5,125,26458,50,25,1154225
NIFTY-II.NFO,27/09/2024,09:43:32,26458,26456.5,125,26458,50,0,1154225
NIFTY-II.NFO,27/09/2024,09:43:35,26458,26456.25,25,26458,50,0,1154225
NIFTY-II.NFO,27/09/2024,09:43:37,26456.1,26456.05,25,26456.5,50,25,1154225
NIFTY-II.NFO,27/09/2024,09:43:40,26456.1,26456.05,25,26456.5,50,0,1154225
NIFTY-II.NFO,27/09/2024,09:43:42,26456.5,26455,200,26456.5,25,25,1154225
NIFTY-II.NFO,27/09/2024,09:43:45,26456.5,26457,175,26458,50,25,1154225
NIFTY-II.NFO,27/09/2024,09:43:47,26457,26457,125,26458,75,50,1154225
NIFTY-II.NFO,27/09/2024,09:43:50,26458,26457,100,26458.25,25,75,1154225
NIFTY-II.NFO,27/09/2024,09:43:52,26458,26457,100,26458.35,25,0,1154225
NIFTY-II.NFO,27/09/2024,09:43:57,26458,26457,100,26458.05,25,0,1154225
NIFTY-II.NFO,27/09/2024,09:44:00,26457,26457,75,26458,100,25,1154225
NIFTY-II.NFO,27/09/2024,09:44:02,26458,26457,75,26458,75,25,1154225
NIFTY-II.NFO,27/09/2024,09:44:05,26458,26457,75,26457.95,125,0,1154225
NIFTY-II.NFO,27/09/2024,09:44:07,26457.95,26457,75,26457.55,25,100,1154225
NIFTY-II.NFO,27/09/2024,09:44:10,26457.55,26457,75,26458,75,25,1154225
NIFTY-II.NFO,27/09/2024,09:44:12,26453,26453.05,200,26455,50,125,1154225
NIFTY-II.NFO,27/09/2024,09:44:15,26452.95,26452.8,125,26455,50,125,1154225
NIFTY-II.NFO,27/09/2024,09:44:17,26452.95,26451.85,200,26455,50,0,1154225
NIFTY-II.NFO,27/09/2024,09:44:20,26452.95,26452.5,200,26455,50,0,1154225
NIFTY-II.NFO,27/09/2024,09:44:22,26452.95,26453.75,125,26455,50,0,1154225
NIFTY-II.NFO,27/09/2024,09:44:25,26453.75,26453.55,325,26457,50,50,1154225
NIFTY-II.NFO,27/09/2024,09:44:27,26453.5,26453.8,125,26457,50,100,1154225
NIFTY-II.NFO,27/09/2024,09:44:30,26454.05,26453.95,200,26457,50,25,1154225
NIFTY-II.NFO,27/09/2024,09:44:32,26459.9,26455.5,25,26459.95,25,125,1154225
NIFTY-II.NFO,27/09/2024,09:44:35,26459.9,26454.8,200,26460,400,0,1154225
NIFTY-II.NFO,27/09/2024,09:44:37,26459.9,26454,200,26456,25,0,1154225
NIFTY-II.NFO,27/09/2024,09:44:40,26454,26454,200,26456,25,50,1154225
NIFTY-II.NFO,27/09/2024,09:44:42,26454,26453.05,200,26456,25,0,1154225
NIFTY-II.NFO,27/09/2024,09:44:45,26453.45,26454.1,200,26456,25,25,1154225
NIFTY-II.NFO,27/09/2024,09:44:47,26456,26454.1,200,26458.75,25,25,1154225
NIFTY-II.NFO,27/09/2024,09:44:50,26456,26454.05,125,26458.7,75,0,1154225
NIFTY-II.NFO,27/09/2024,09:44:52,26454.05,26453.8,125,26458.75,25,225,1154225
NIFTY-II.NFO,27/09/2024,09:44:55,26454.05,26454.5,125,26458.75,25,0,1154225
NIFTY-II.NFO,27/09/2024,09:44:57,26454.05,26455.1,125,26458.75,25,0,1154225
NIFTY-II.NFO,27/09/2024,09:45:00,26454.05,26455.1,125,26459.85,200,0,1154225
NIFTY-II.NFO,27/09/2024,09:45:02,26454.05,26455.85,125,26459.9,25,0,1154225
NIFTY-II.NFO,27/09/2024,09:45:05,26454.05,26457.1,125,26459.9,25,0,1154225
NIFTY-II.NFO,27/09/2024,09:45:07,26457.1,26455.75,125,26459.9,25,50,1154375
NIFTY-II.NFO,27/09/2024,09:45:10,26457.1,26455.75,125,26459.9,25,0,1154375
NIFTY-II.NFO,27/09/2024,09:45:12,26456.4,26456.7,125,26460,425,25,1154375
NIFTY-II.NFO,27/09/2024,09:45:15,26456.4,26456.7,125,26459.85,25,0,1154375
NIFTY-II.NFO,27/09/2024,09:45:17,26456.4,26458,250,26460,425,0,1154375
NIFTY-II.NFO,27/09/2024,09:45:20,26456.4,26458.65,250,26460,425,0,1154375
NIFTY-II.NFO,27/09/2024,09:45:22,26457.1,26458.65,25,26460,400,500,1154375
NIFTY-II.NFO,27/09/2024,09:45:25,26457.1,26456.35,125,26459,25,0,1154375
NIFTY-II.NFO,27/09/2024,09:45:27,26457.1,26457.75,25,26459,25,0,1154375
NIFTY-II.NFO,27/09/2024,09:45:30,26457.95,26457.9,125,26459,25,75,1154375
NIFTY-II.NFO,27/09/2024,09:45:32,26460,26459.65,25,26460,300,125,1154375
NIFTY-II.NFO,27/09/2024,09:45:35,26460,26459.35,25,26460,275,50,1154375
NIFTY-II.NFO,27/09/2024,09:45:37,26459.7,26457.1,125,26460,250,50,1154375
NIFTY-II.NFO,27/09/2024,09:45:40,26459.7,26457.1,150,26459,25,0,1154375
NIFTY-II.NFO,27/09/2024,09:45:42,26459.65,26457.1,100,26460,225,75,1154375
NIFTY-II.NFO,27/09/2024,09:45:45,26460,26457.1,100,26460,175,50,1154375
NIFTY-II.NFO,27/09/2024,09:45:47,26460,26458.45,25,26460,150,25,1154375
NIFTY-II.NFO,27/09/2024,09:45:50,26460,26458.05,25,26459.95,200,25,1154375
NIFTY-II.NFO,27/09/2024,09:45:52,26460,26459.7,25,26460,125,0,1154375
NIFTY-II.NFO,27/09/2024,09:45:55,26460,26459.7,25,26460,75,50,1154375
NIFTY-II.NFO,27/09/2024,09:45:57,26459.9,26459.7,25,26459.95,200,25,1154375
NIFTY-II.NFO,27/09/2024,09:46:00,26459.7,26457.1,125,26459.85,200,25,1154375
NIFTY-II.NFO,27/09/2024,09:46:02,26459.9,26457.1,150,26460,300,50,1154375
NIFTY-II.NFO,27/09/2024,09:46:05,26460,26458.15,125,26460,125,175,1154375
NIFTY-II.NFO,27/09/2024,09:46:07,26458.15,26458.05,125,26460,125,25,1154375
NIFTY-II.NFO,27/09/2024,09:46:10,26460,26459.15,25,26460,100,25,1154375
NIFTY-II.NFO,27/09/2024,09:46:12,26460,26457.6,125,26460,50,50,1154375
NIFTY-II.NFO,27/09/2024,09:46:15,26459.65,26459.65,25,26460,50,25,1154375
NIFTY-II.NFO,27/09/2024,09:46:17,26460.6,26459.75,25,26459.95,50,75,1154375
NIFTY-II.NFO,27/09/2024,09:46:17,26460.6,26459.75,25,26459.95,50,0,1154375
NIFTY-II.NFO,27/09/2024,09:46:20,26459.95,26459.2,125,26460.6,25,50,1154375
NIFTY-II.NFO,27/09/2024,09:46:22,26459.95,26460.3,25,26460.6,25,0,1154375
NIFTY-II.NFO,27/09/2024,09:46:25,26460.55,26460.55,25,26462,75,175,1154375
NIFTY-II.NFO,27/09/2024,09:46:25,26461,26460.55,25,26462,75,0,1154375
NIFTY-II.NFO,27/09/2024,09:46:27,26462,26461,975,26462,50,50,1154375
NIFTY-II.NFO,27/09/2024,09:46:27,26462,26461,975,26462,50,0,1154375
NIFTY-II.NFO,27/09/2024,09:46:30,26461,26461,875,26462.35,25,150,1154375
NIFTY-II.NFO,27/09/2024,09:46:32,26462,26461,875,26462,100,25,1154375
NIFTY-II.NFO,27/09/2024,09:46:35,26466.9,26463,50,26467.95,125,525,1154375
NIFTY-II.NFO,27/09/2024,09:46:35,26466.9,26463,50,26467.95,125,0,1154375
NIFTY-II.NFO,27/09/2024,09:46:37,26473,26470.6,200,26474,50,300,1154375
NIFTY-II.NFO,27/09/2024,09:46:37,26473,26470.6,200,26474,50,0,1154375
NIFTY-II.NFO,27/09/2024,09:46:40,26473,26470.5,25,26473.95,125,0,1154375
NIFTY-II.NFO,27/09/2024,09:46:42,26464.15,26464.5,275,26470.7,125,50,1154375
NIFTY-II.NFO,27/09/2024,09:46:45,26471.85,26466.6,50,26469.9,25,650,1154375
NIFTY-II.NFO,27/09/2024,09:46:47,26473.15,26469.45,50,26472.75,25,75,1154375
NIFTY-II.NFO,27/09/2024,09:46:47,26473.15,26469.45,50,26472.75,25,0,1154375
NIFTY-II.NFO,27/09/2024,09:46:50,26470.1,26468.4,50,26472.95,25,25,1154375
NIFTY-II.NFO,27/09/2024,09:46:52,26469.7,26467.1,25,26469.65,25,850,1154375
NIFTY-II.NFO,27/09/2024,09:46:52,26474,26467.1,25,26469.65,25,0,1154375
NIFTY-II.NFO,27/09/2024,09:46:55,26470.1,26467.15,25,26472.6,100,50,1154375
NIFTY-II.NFO,27/09/2024,09:46:57,26470.1,26468.6,125,26474.65,50,0,1154375
NIFTY-II.NFO,27/09/2024,09:47:00,26470.1,26467.75,25,26470.4,25,0,1154375
NIFTY-II.NFO,27/09/2024,09:47:02,26470.4,26469.1,50,26473,125,25,1154375
NIFTY-II.NFO,27/09/2024,09:47:05,26470.4,26467.2,200,26473,125,0,1154375
NIFTY-II.NFO,27/09/2024,09:47:07,26470.4,26466.55,200,26470.4,50,25,1154375
NIFTY-II.NFO,27/09/2024,09:47:10,26470.4,26470,50,26470.4,50,0,1154375
NIFTY-II.NFO,27/09/2024,09:47:12,26470.4,26470,75,26470.4,75,0,1154375
NIFTY-II.NFO,27/09/2024,09:47:15,26470.4,26466.3,200,26470.8,25,175,1154375
NIFTY-II.NFO,27/09/2024,09:47:17,26470.4,26470.4,25,26471.5,25,0,1154375
NIFTY-II.NFO,27/09/2024,09:47:20,26470.4,26466.1,200,26470,25,25,1154375
NIFTY-II.NFO,27/09/2024,09:47:22,26470.4,26467.4,200,26470.4,25,50,1154375
NIFTY-II.NFO,27/09/2024,09:47:25,26466.8,26466.4,200,26470.4,25,25,1154375
NIFTY-II.NFO,27/09/2024,09:47:27,26466.8,26466.55,200,26470.4,25,0,1154375
NIFTY-II.NFO,27/09/2024,09:47:30,26466.8,26466.75,200,26470.4,25,0,1154375
NIFTY-II.NFO,27/09/2024,09:47:32,26470.4,26467,200,26472.15,50,25,1154375
NIFTY-II.NFO,27/09/2024,09:47:35,26470.4,26470.4,100,26472.6,25,0,1154375
NIFTY-II.NFO,27/09/2024,09:47:37,26470.4,26470.4,100,26473,125,0,1154375
NIFTY-II.NFO,27/09/2024,09:47:42,26469.2,26468.45,275,26473,125,175,1154375
NIFTY-II.NFO,27/09/2024,09:47:45,26474.3,26468.85,150,26474.3,25,300,1154375
NIFTY-II.NFO,27/09/2024,09:47:45,26474.3,26468.85,150,26474.3,25,0,1154375
NIFTY-II.NFO,27/09/2024,09:47:47,26474.3,26469.1,150,26472,25,0,1154375
NIFTY-II.NFO,27/09/2024,09:47:50,26472,26469.6,150,26474,25,25,1154375
NIFTY-II.NFO,27/09/2024,09:47:52,26474,26472,25,26474.85,25,75,1154375
NIFTY-II.NFO,27/09/2024,09:47:55,26474.85,26472.05,100,26475,275,25,1154375
NIFTY-II.NFO,27/09/2024,09:47:55,26474.85,26472.05,100,26475,275,0,1154375
NIFTY-II.NFO,27/09/2024,09:47:57,26474.85,26472.35,100,26475,275,0,1154375
NIFTY-II.NFO,27/09/2024,09:48:00,26475,26474.85,25,26475,200,275,1154375
NIFTY-II.NFO,27/09/2024,09:48:00,26475,26474.85,25,26475,200,0,1154375
NIFTY-II.NFO,27/09/2024,09:48:02,26475.65,26474.85,25,26477,25,250,1154375
NIFTY-II.NFO,27/09/2024,09:48:02,26475.65,26474.85,25,26477,25,0,1154375
NIFTY-II.NFO,27/09/2024,09:48:05,26475,26474.9,25,26477.85,200,50,1154375
NIFTY-II.NFO,27/09/2024,09:48:05,26477,26474.9,25,26477.85,200,0,1154375
NIFTY-II.NFO,27/09/2024,09:48:07,26475,26474.9,25,26477.95,200,0,1154375
NIFTY-II.NFO,27/09/2024,09:48:10,26475,26474.9,25,26478,525,0,1154375
NIFTY-II.NFO,27/09/2024,09:48:12,26474.9,26474.85,25,26478,500,75,1157100
NIFTY-II.NFO,27/09/2024,09:48:12,26478,26474.85,25,26478,500,0,1157100
NIFTY-II.NFO,27/09/2024,09:48:15,26478,26473.8,25,26477.95,200,125,1157100
NIFTY-II.NFO,27/09/2024,09:48:17,26475,26474.15,75,26478,425,25,1157100
NIFTY-II.NFO,27/09/2024,09:48:20,26474.5,26474.5,75,26474.9,25,100,1157100
NIFTY-II.NFO,27/09/2024,09:48:22,26475.8,26475.55,125,26477.95,25,100,1157100
NIFTY-II.NFO,27/09/2024,09:48:25,26475.8,26474.2,125,26477.95,25,0,1157100
NIFTY-II.NFO,27/09/2024,09:48:27,26478,26477.95,25,26478,375,125,1157100
NIFTY-II.NFO,27/09/2024,09:48:30,26478,26477.7,25,26478,225,175,1157100
NIFTY-II.NFO,27/09/2024,09:48:32,26478,26478,25,26479,175,225,1157100
NIFTY-II.NFO,27/09/2024,09:48:35,26475.1,26477.95,25,26479,175,325,1157100
NIFTY-II.NFO,27/09/2024,09:48:35,26478.95,26477.95,25,26479,175,0,1157100
NIFTY-II.NFO,27/09/2024,09:48:37,26478,26477.95,25,26478,350,225,1157100
NIFTY-II.NFO,27/09/2024,09:48:37,26479,26477.95,25,26478,350,0,1157100
NIFTY-II.NFO,27/09/2024,09:48:40,26478,26477.95,25,26478,125,250,1157100
NIFTY-II.NFO,27/09/2024,09:48:42,26478,26478.45,25,26479,125,175,1157100
NIFTY-II.NFO,27/09/2024,09:48:45,26480,26478,25,26480,725,525,1157100
NIFTY-II.NFO,27/09/2024,09:48:45,26480,26478,25,26480,725,0,1157100
NIFTY-II.NFO,27/09/2024,09:48:47,26480,26478.05,25,26480,250,475,1157100
NIFTY-II.NFO,27/09/2024,09:48:50,26480,26479.45,25,26480,200,175,1157100
NIFTY-II.NFO,27/09/2024,09:48:52,26480,26479.55,25,26480,150,100,1157100
NIFTY-II.NFO,27/09/2024,09:48:55,26479.6,26479.45,25,26481,25,325,1157100
NIFTY-II.NFO,27/09/2024,09:48:55,26481,26479.45,25,26481,25,0,1157100
NIFTY-II.NFO,27/09/2024,09:48:57,26482,26480.9,25,26482.85,200,50,1157100
NIFTY-II.NFO,27/09/2024,09:48:57,26482,26480.9,25,26482.85,200,0,1157100
NIFTY-II.NFO,27/09/2024,09:49:00,26482,26480.95,25,26483.95,200,0,1157100
NIFTY-II.NFO,27/09/2024,09:49:02,26483.95,26480.05,100,26484,25,100,1157100
NIFTY-II.NFO,27/09/2024,09:49:02,26483.95,26480.05,100,26484,25,0,1157100
NIFTY-II.NFO,27/09/2024,09:49:05,26482.95,26482.95,25,26484,25,100,1157100
NIFTY-II.NFO,27/09/2024,09:49:07,26482.95,26482.95,25,26484,25,0,1157100
NIFTY-II.NFO,27/09/2024,09:49:10,26481.95,26480,225,26483.95,125,75,1157100
NIFTY-II.NFO,27/09/2024,09:49:12,26481.95,26480.05,25,26483.95,125,0,1157100
NIFTY-II.NFO,27/09/2024,09:49:15,26480.05,26480.1,25,26483.5,125,25,1157100
NIFTY-II.NFO,27/09/2024,09:49:17,26484,26480.05,25,26484.95,125,75,1157100
NIFTY-II.NFO,27/09/2024,09:49:17,26484,26480.05,25,26484.95,125,0,1157100
NIFTY-II.NFO,27/09/2024,09:49:20,26484,26480.1,25,26484,25,0,1157100
NIFTY-II.NFO,27/09/2024,09:49:22,26484,26480,200,26483.05,125,0,1157100
NIFTY-II.NFO,27/09/2024,09:49:25,26484,26480,200,26481,150,0,1157100
NIFTY-II.NFO,27/09/2024,09:49:27,26481,26480,200,26481,125,25,1157100
NIFTY-II.NFO,27/09/2024,09:49:30,26480,26480,175,26481,125,25,1157100
NIFTY-II.NFO,27/09/2024,09:49:32,26480.1,26480,175,26481,125,25,1157100
NIFTY-II.NFO,27/09/2024,09:49:35,26480,26480,175,26481,100,50,1157100
NIFTY-II.NFO,27/09/2024,09:49:37,26480,26480,150,26482.95,75,225,1157100
NIFTY-II.NFO,27/09/2024,09:49:40,26480,26480,150,26482.25,225,75,1157100
NIFTY-II.NFO,27/09/2024,09:49:42,26480,26480,450,26483,25,0,1157100
NIFTY-II.NFO,27/09/2024,09:49:45,26480,26480,450,26482,250,0,1157100
NIFTY-II.NFO,27/09/2024,09:49:50,26482,26480.85,100,26482,100,150,1157100
NIFTY-II.NFO,27/09/2024,09:49:52,26482,26480.3,200,26482,100,0,1157100
NIFTY-II.NFO,27/09/2024,09:49:55,26482,26480,475,26480.3,25,100,1157100
NIFTY-II.NFO,27/09/2024,09:49:57,26482,26480,475,26480.3,25,0,1157100
NIFTY-II.NFO,27/09/2024,09:50:02,26482,26480.8,75,26482,225,50,1157100
NIFTY-II.NFO,27/09/2024,09:50:05,26482,26480.15,25,26482,200,25,1157100
NIFTY-II.NFO,27/09/2024,09:50:07,26482,26480,475,26482,200,0,1157100
NIFTY-II.NFO,27/09/2024,09:50:10,26480,26480,250,26482,225,250,1157100
NIFTY-II.NFO,27/09/2024,09:50:12,26480,26480,250,26482,225,0,1157100
NIFTY-II.NFO,27/09/2024,09:50:15,26482,26480,250,26482,425,125,1157100
NIFTY-II.NFO,27/09/2024,09:50:17,26482,26480.05,25,26482,425,0,1157100
NIFTY-II.NFO,27/09/2024,09:50:25,26482,26480.25,275,26482,375,75,1157100
NIFTY-II.NFO,27/09/2024,09:50:27,26480.05,26480,350,26482,375,25,1157100
NIFTY-II.NFO,27/09/2024,09:50:30,26482,26480,250,26482,400,150,1157100
NIFTY-II.NFO,27/09/2024,09:50:32,26480,26480,200,26482,400,50,1157100
NIFTY-II.NFO,27/09/2024,09:50:35,26480.05,26480.05,200,26482,375,100,1157100
NIFTY-II.NFO,27/09/2024,09:50:37,26480.05,26480,225,26482,375,0,1157100
NIFTY-II.NFO,27/09/2024,09:50:40,26482,26480,225,26482,300,75,1157100
NIFTY-II.NFO,27/09/2024,09:50:42,26482,26481.55,275,26483,25,350,1157100
NIFTY-II.NFO,27/09/2024,09:50:45,26483,26481.3,150,26484,75,175,1157100
NIFTY-II.NFO,27/09/2024,09:50:47,26484,26483.4,225,26485,225,125,1157100
NIFTY-II.NFO,27/09/2024,09:50:50,26485,26483.75,150,26485,200,25,1157100
NIFTY-II.NFO,27/09/2024,09:50:50,26485,26483.75,150,26485,200,0,1157100
NIFTY-II.NFO,27/09/2024,09:50:52,26485,26482.4,25,26485,175,50,1157100
NIFTY-II.NFO,27/09/2024,09:50:55,26483.8,26484.6,100,26485,175,25,1157100
NIFTY-II.NFO,27/09/2024,09:50:57,26485,26484.05,100,26485,175,50,1157100
NIFTY-II.NFO,27/09/2024,09:51:00,26484,26483.9,25,26485,175,25,1157100
NIFTY-II.NFO,27/09/2024,09:51:02,26484,26484.6,25,26485,175,25,1157100
NIFTY-II.NFO,27/09/2024,09:51:05,26484.4,26482.65,100,26484.4,75,75,1157100
NIFTY-II.NFO,27/09/2024,09:51:07,26484.4,26483,100,26484.4,25,50,1158350
NIFTY-II.NFO,27/09/2024,09:51:10,26483.15,26483.1,25,26485,50,225,1158350
NIFTY-II.NFO,27/09/2024,09:51:12,26483.15,26483.2,100,26485,50,50,1158350
NIFTY-II.NFO,27/09/2024,09:51:15,26485,26483.25,25,26484,25,25,1158350
NIFTY-II.NFO,27/09/2024,09:51:17,26485.45,26485,25,26487,75,100,1158350
NIFTY-II.NFO,27/09/2024,09:51:17,26485.45,26485,25,26487,75,0,1158350
NIFTY-II.NFO,27/09/2024,09:51:20,26485,26483.75,125,26487,75,25,1158350
NIFTY-II.NFO,27/09/2024,09:51:22,26485,26484.95,200,26487,75,0,1158350
NIFTY-II.NFO,27/09/2024,09:51:25,26483.95,26483.95,125,26486,50,450,1158350
NIFTY-II.NFO,27/09/2024,09:51:27,26483.95,26483.85,25,26486,50,0,1158350
NIFTY-II.NFO,27/09/2024,09:51:32,26483.95,26483.85,25,26486,50,25,1158350
NIFTY-II.NFO,27/09/2024,09:51:35,26486.95,26484.85,25,26487,75,150,1158350
NIFTY-II.NFO,27/09/2024,09:51:35,26486.95,26484.85,25,26487,75,0,1158350
NIFTY-II.NFO,27/09/2024,09:51:37,26486.95,26484.9,25,26487,75,0,1158350
NIFTY-II.NFO,27/09/2024,09:51:40,26489,26485,25,26488.95,100,400,1158350
NIFTY-II.NFO,27/09/2024,09:51:40,26489,26485,25,26488.95,100,0,1158350
NIFTY-II.NFO,27/09/2024,09:51:42,26485,26485,525,26488.95,100,25,1158350
NIFTY-II.NFO,27/09/2024,09:51:45,26488.95,26485.15,25,26488.95,50,50,1158350
NIFTY-II.NFO,27/09/2024,09:51:47,26488.95,26485.3,25,26488.95,50,0,1158350
NIFTY-II.NFO,27/09/2024,09:51:50,26489,26488.95,25,26489,275,150,1158350
NIFTY-II.NFO,27/09/2024,09:51:52,26489,26487,25,26487.35,150,100,1158350
NIFTY-II.NFO,27/09/2024,09:51:55,26487.5,26487.05,25,26488.5,75,75,1158350
NIFTY-II.NFO,27/09/2024,09:51:57,26489,26486,25,26489,175,50,1158350
NIFTY-II.NFO,27/09/2024,09:52:00,26489,26487,25,26489,175,0,1158350
NIFTY-II.NFO,27/09/2024,09:52:02,26488.95,26488.95,75,26489,125,175,1158350
NIFTY-II.NFO,27/09/2024,09:52:05,26488.95,26488.95,25,26489,50,150,1158350
NIFTY-II.NFO,27/09/2024,09:52:07,26488.95,26488.05,25,26489,50,25,1158350
NIFTY-II.NFO,27/09/2024,09:52:10,26489,26485,975,26488.2,50,125,1158350
NIFTY-II.NFO,27/09/2024,09:52:13,26488.2,26485,975,26487,25,25,1158350
NIFTY-II.NFO,27/09/2024,09:52:15,26487,26485,975,26487.05,25,25,1158350
NIFTY-II.NFO,27/09/2024,09:52:18,26487,26485.05,25,26487.05,25,100,1158350
NIFTY-II.NFO,27/09/2024,09:52:20,26487,26485.05,25,26486.95,25,0,1158350
NIFTY-II.NFO,27/09/2024,09:52:23,26487,26485.05,200,26486.9,25,0,1158350
NIFTY-II.NFO,27/09/2024,09:52:25,26485,26485,1750,26486.85,25,200,1158350
NIFTY-II.NFO,27/09/2024,09:52:28,26485,26485,750,26486.85,25,1000,1158350
NIFTY-II.NFO,27/09/2024,09:52:30,26485,26485,725,26486.8,25,25,1158350
NIFTY-II.NFO,27/09/2024,09:52:33,26485,26485,575,26487.35,25,200,1158350
NIFTY-II.NFO,27/09/2024,09:52:35,26485,26485,550,26487.35,25,25,1158350
NIFTY-II.NFO,27/09/2024,09:52:38,26483.05,26483.05,200,26484.95,25,575,1158350
NIFTY-II.NFO,27/09/2024,09:52:40,26483.05,26483.15,200,26484.95,25,25,1158350
NIFTY-II.NFO,27/09/2024,09:52:43,26484.95,26483.15,200,26485,150,25,1158350
NIFTY-II.NFO,27/09/2024,09:52:45,26485,26483.05,200,26485,125,50,1158350
NIFTY-II.NFO,27/09/2024,09:52:48,26483.05,26483.05,175,26484.95,25,25,1158350
NIFTY-II.NFO,27/09/2024,09:52:50,26484.95,26483.05,175,26484.9,50,25,1158350
NIFTY-II.NFO,27/09/2024,09:52:53,26484.9,26483.1,200,26484.9,25,25,1158350
NIFTY-II.NFO,27/09/2024,09:52:55,26484.9,26483.05,175,26484.85,25,0,1158350
NIFTY-II.NFO,27/09/2024,09:52:58,26482.5,26482.5,200,26484.85,25,425,1158350
NIFTY-II.NFO,27/09/2024,09:53:00,26482.95,26482.95,200,26485,125,75,1158350
NIFTY-II.NFO,27/09/2024,09:53:03,26485,26483.85,200,26486,25,125,1158350
NIFTY-II.NFO,27/09/2024,09:53:05,26484,26484.9,25,26486,25,25,1158350
NIFTY-II.NFO,27/09/2024,09:53:08,26484.9,26484.5,275,26485,50,25,1158350
NIFTY-II.NFO,27/09/2024,09:53:10,26484.9,26484.75,200,26485,50,0,1158350
NIFTY-II.NFO,27/09/2024,09:53:12,26488,26485.3,250,26488,50,175,1158350
NIFTY-II.NFO,27/09/2024,09:53:15,26488,26486.15,175,26488,25,25,1158350
NIFTY-II.NFO,27/09/2024,09:53:17,26489,26486.2,25,26490,500,100,1158350
NIFTY-II.NFO,27/09/2024,09:53:20,26490,26488.05,25,26490,425,75,1158350
NIFTY-II.NFO,27/09/2024,09:53:20,26490,26488.05,25,26490,425,0,1158350
NIFTY-II.NFO,27/09/2024,09:53:22,26488,26488,50,26489.9,25,200,1158350
NIFTY-II.NFO,27/09/2024,09:53:25,26489.95,26488,50,26489.95,200,25,1158350
NIFTY-II.NFO,27/09/2024,09:53:27,26489.95,26489.9,50,26490,425,75,1158350
NIFTY-II.NFO,27/09/2024,09:53:30,26488,26485.35,25,26488,175,225,1158350
NIFTY-II.NFO,27/09/2024,09:53:32,26488,26485.05,225,26488,350,100,1158350
NIFTY-II.NFO,27/09/2024,09:53:35,26488,26485.1,250,26488,350,0,1158350
NIFTY-II.NFO,27/09/2024,09:53:37,26488,26486,50,26488,325,25,1158350
NIFTY-II.NFO,27/09/2024,09:53:39,26488,26486,25,26488,225,100,1158350
NIFTY-II.NFO,27/09/2024,09:53:42,26488,26486,25,26488,275,0,1158350
NIFTY-II.NFO,27/09/2024,09:53:44,26488,26486,25,26487.95,125,0,1158350
NIFTY-II.NFO,27/09/2024,09:53:47,26488,26486.05,25,26488,250,25,1158350
NIFTY-II.NFO,27/09/2024,09:53:49,26489.15,26486.05,25,26488,25,625,1158350
NIFTY-II.NFO,27/09/2024,09:53:52,26486.05,26486.1,25,26487.75,50,25,1158350
NIFTY-II.NFO,27/09/2024,09:53:54,26488,26486.1,25,26488,25,50,1158350
NIFTY-II.NFO,27/09/2024,09:53:57,26486.1,26486.2,200,26488,25,25,1158350
NIFTY-II.NFO,27/09/2024,09:53:59,26486.1,26486.2,450,26488,25,0,1158350
NIFTY-II.NFO,27/09/2024,09:54:02,26489.95,26487.1,25,26489.95,25,50,1158350
NIFTY-II.NFO,27/09/2024,09:54:04,26489.95,26488,25,26490,175,25,1158350
NIFTY-II.NFO,27/09/2024,09:54:09,26489.95,26488,25,26490,175,50,1159375
NIFTY-II.NFO,27/09/2024,09:54:11,26485.95,26486,50,26490,175,50,1159375
NIFTY-II.NFO,27/09/2024,09:54:14,26485.95,26486.05,200,26490,225,0,1159375
NIFTY-II.NFO,27/09/2024,09:54:16,26490,26486,25,26490,200,100,1159375
NIFTY-II.NFO,27/09/2024,09:54:19,26486,26486.95,25,26490,175,25,1159375
NIFTY-II.NFO,27/09/2024,09:54:21,26486,26487,25,26490,175,0,1159375
NIFTY-II.NFO,27/09/2024,09:54:24,26486,26485.25,200,26490,175,0,1159375
NIFTY-II.NFO,27/09/2024,09:54:26,26489,26485.6,25,26490,200,50,1159375
NIFTY-II.NFO,27/09/2024,09:54:29,26489,26485.8,50,26490,200,0,1159375
NIFTY-II.NFO,27/09/2024,09:54:32,26489,26485.6,25,26490,200,0,1159375
NIFTY-II.NFO,27/09/2024,09:54:34,26485.45,26485.15,200,26490,200,50,1159375
NIFTY-II.NFO,27/09/2024,09:54:37,26485.45,26485,1050,26490,275,0,1159375
NIFTY-II.NFO,27/09/2024,09:54:39,26485.45,26485,1050,26488.95,125,0,1159375
NIFTY-II.NFO,27/09/2024,09:54:42,26485,26485,1025,26488.85,25,50,1159375
NIFTY-II.NFO,27/09/2024,09:54:44,26485,26485,1025,26488,25,0,1159375
NIFTY-II.NFO,27/09/2024,09:54:47,26489.45,26485.5,50,26490,225,75,1159375
NIFTY-II.NFO,27/09/2024,09:54:49,26490,26485.45,50,26490,100,125,1159375
NIFTY-II.NFO,27/09/2024,09:54:52,26490,26488,125,26490,125,0,1159375
NIFTY-II.NFO,27/09/2024,09:54:54,26490,26488,100,26490,100,50,1159375
NIFTY-II.NFO,27/09/2024,09:54:57,26490.85,26488,75,26490.55,250,150,1159375
NIFTY-II.NFO,27/09/2024,09:54:57,26490.85,26488,75,26490.55,250,0,1159375
NIFTY-II.NFO,27/09/2024,09:54:59,26490.85,26488,75,26490.45,250,0,1159375
NIFTY-II.NFO,27/09/2024,09:55:02,26490,26488,75,26490,25,25,1159375
NIFTY-II.NFO,27/09/2024,09:55:04,26490,26488,75,26490,25,0,1159375
NIFTY-II.NFO,27/09/2024,09:55:07,26490.85,26488,75,26491,75,50,1159375
NIFTY-II.NFO,27/09/2024,09:55:09,26490.85,26490.55,25,26491,75,0,1159375
NIFTY-II.NFO,27/09/2024,09:55:12,26490.55,26488,75,26491,25,75,1159375
NIFTY-II.NFO,27/09/2024,09:55:12,26491,26488,75,26491,25,0,1159375
NIFTY-II.NFO,27/09/2024,09:55:14,26490.55,26488,75,26490.85,25,0,1159375
NIFTY-II.NFO,27/09/2024,09:55:17,26490.85,26488,75,26491,25,25,1159375
NIFTY-II.NFO,27/09/2024,09:55:19,26490.85,26488,75,26491,25,0,1159375
NIFTY-II.NFO,27/09/2024,09:55:22,26490.5,26488,75,26490.55,100,100,1159375
NIFTY-II.NFO,27/09/2024,09:55:24,26490.5,26490,75,26490.55,100,0,1159375
NIFTY-II.NFO,27/09/2024,09:55:27,26490.5,26490,75,26490.4,325,0,1159375
NIFTY-II.NFO,27/09/2024,09:55:29,26490,26490,50,26490.55,150,25,1159375
NIFTY-II.NFO,27/09/2024,09:55:32,26490,26485.65,250,26490.55,150,50,1159375
NIFTY-II.NFO,27/09/2024,09:55:34,26490,26485.6,25,26489.9,125,0,1159375
NIFTY-II.NFO,27/09/2024,09:55:37,26488.95,26485.6,25,26488.65,100,50,1159375
NIFTY-II.NFO,27/09/2024,09:55:39,26488,26485.6,25,26487.9,325,25,1159375
NIFTY-II.NFO,27/09/2024,09:55:42,26485,26485,1075,26486.15,125,175,1159375
NIFTY-II.NFO,27/09/2024,09:55:44,26484.7,26481.3,25,26484.6,50,1175,1159375
NIFTY-II.NFO,27/09/2024,09:55:47,26484.7,26481.3,25,26482.9,50,0,1159375
NIFTY-II.NFO,27/09/2024,09:55:49,26484.7,26481.3,25,26484.7,25,0,1159375
NIFTY-II.NFO,27/09/2024,09:55:52,26487,26483,25,26484.25,50,1800,1159375
NIFTY-II.NFO,27/09/2024,09:55:54,26483,26481.3,25,26485.65,50,25,1159375
NIFTY-II.NFO,27/09/2024,09:55:57,26481.35,26481.3,25,26484.95,250,25,1159375
NIFTY-II.NFO,27/09/2024,09:55:59,26481.35,26481.45,25,26484.9,300,0,1159375
NIFTY-II.NFO,27/09/2024,09:56:02,26481.35,26481.45,25,26484.65,250,0,1159375
NIFTY-II.NFO,27/09/2024,09:56:04,26481.55,26481.5,25,26483.55,250,25,1159375
NIFTY-II.NFO,27/09/2024,09:56:07,26483.55,26481.4,25,26482.75,250,125,1159375
NIFTY-II.NFO,27/09/2024,09:56:09,26480,26481.35,50,26482.4,100,250,1159375
NIFTY-II.NFO,27/09/2024,09:56:11,26481.4,26481.35,50,26483.4,100,25,1159375
NIFTY-II.NFO,27/09/2024,09:56:14,26481.35,26481.45,25,26481.5,50,25,1159375
NIFTY-II.NFO,27/09/2024,09:56:16,26481.5,26481.45,25,26481.5,25,25,1159375
NIFTY-II.NFO,27/09/2024,09:56:19,26481.5,26481.5,25,26484.6,125,25,1159375
NIFTY-II.NFO,27/09/2024,09:56:21,26480,26480,125,26484,50,250,1159375
NIFTY-II.NFO,27/09/2024,09:56:24,26480,26480,100,26481,25,25,1159375
NIFTY-II.NFO,27/09/2024,09:56:26,26481,26480.75,275,26486.65,50,25,1159375
NIFTY-II.NFO,27/09/2024,09:56:29,26486.65,26481.9,125,26486.95,25,25,1159375
NIFTY-II.NFO,27/09/2024,09:56:31,26482.2,26481.1,200,26486.8,125,25,1159375
NIFTY-II.NFO,27/09/2024,09:56:34,26482.2,26481.25,275,26486.75,100,0,1159375
NIFTY-II.NFO,27/09/2024,09:56:36,26485.05,26481.1,25,26485.15,75,75,1159375
NIFTY-II.NFO,27/09/2024,09:56:39,26485.05,26482,25,26484.55,75,0,1159375
NIFTY-II.NFO,27/09/2024,09:56:41,26485.05,26482,25,26485.15,100,0,1159375
NIFTY-II.NFO,27/09/2024,09:56:44,26484.7,26482,25,26485.1,125,50,1159375
NIFTY-II.NFO,27/09/2024,09:56:46,26484.7,26482,25,26484.85,25,0,1159375
NIFTY-II.NFO,27/09/2024,09:56:49,26484.7,26482,25,26484.1,25,0,1159375
NIFTY-II.NFO,27/09/2024,09:56:51,26484.7,26482,25,26483.75,125,0,1159375
NIFTY-II.NFO,27/09/2024,09:56:54,26484.7,26482,25,26483.6,100,0,1159375
NIFTY-II.NFO,27/09/2024,09:56:56,26484.7,26482,25,26483.45,125,0,1159375
NIFTY-II.NFO,27/09/2024,09:56:59,26483.6,26482.05,25,26484.15,50,50,1159375
NIFTY-II.NFO,27/09/2024,09:57:01,26482.85,26482.1,25,26483.2,125,25,1159375
NIFTY-II.NFO,27/09/2024,09:57:04,26482.1,26482.05,25,26484.1,50,25,1159375
NIFTY-II.NFO,27/09/2024,09:57:06,26482.1,26482.05,25,26483.9,50,0,1159375
NIFTY-II.NFO,27/09/2024,09:57:09,26482.05,26482,25,26484.7,50,25,1158225
NIFTY-II.NFO,27/09/2024,09:57:11,26482.05,26482,25,26484.7,50,0,1158225
NIFTY-II.NFO,27/09/2024,09:57:16,26483.95,26482,50,26484.1,100,25,1158225
NIFTY-II.NFO,27/09/2024,09:57:19,26483.95,26482,50,26484.7,150,0,1158225
NIFTY-II.NFO,27/09/2024,09:57:21,26482,26481,175,26483.65,100,50,1158225
NIFTY-II.NFO,27/09/2024,09:57:24,26481,26480,150,26484.05,150,175,1158225
NIFTY-II.NFO,27/09/2024,09:57:26,26481,26480,150,26483.5,50,0,1158225
NIFTY-II.NFO,27/09/2024,09:57:29,26481,26480,150,26483.4,50,0,1158225
NIFTY-II.NFO,27/09/2024,09:57:31,26480,26480,75,26483,50,100,1158225
NIFTY-II.NFO,27/09/2024,09:57:34,26480,26480,50,26482,25,25,1158225
NIFTY-II.NFO,27/09/2024,09:57:39,26480,26480,25,26482,50,25,1158225
NIFTY-II.NFO,27/09/2024,09:57:41,26482,26480,25,26482,25,25,1158225
NIFTY-II.NFO,27/09/2024,09:57:44,26482,26480,25,26482.9,25,25,1158225
NIFTY-II.NFO,27/09/2024,09:57:46,26480,26480,25,26482.75,25,25,1158225
NIFTY-II.NFO,27/09/2024,09:57:49,26480,26480.2,100,26482.7,25,0,1158225
NIFTY-II.NFO,27/09/2024,09:57:54,26480.2,26480.2,25,26481.9,25,75,1158225
NIFTY-II.NFO,27/09/2024,09:57:56,26481.9,26480.2,25,26481.95,25,50,1158225
NIFTY-II.NFO,27/09/2024,09:57:59,26481.9,26480.2,25,26481.85,25,0,1158225
NIFTY-II.NFO,27/09/2024,09:58:01,26480.2,26480,25,26481.85,25,50,1158225
NIFTY-II.NFO,27/09/2024,09:58:04,26480,26479,50,26481.8,25,25,1158225
NIFTY-II.NFO,27/09/2024,09:58:06,26480,26480,50,26481.75,25,0,1158225
NIFTY-II.NFO,27/09/2024,09:58:09,26480,26480,50,26481.75,50,0,1158225
NIFTY-II.NFO,27/09/2024,09:58:12,26480,26480,25,26483,100,125,1158225
NIFTY-II.NFO,27/09/2024,09:58:14,26480.05,26480.05,25,26482.9,25,25,1158225
NIFTY-II.NFO,27/09/2024,09:58:17,26480.05,26480.05,25,26482.9,25,0,1158225
NIFTY-II.NFO,27/09/2024,09:58:19,26482.9,26480.05,25,26482.9,25,100,1158225
NIFTY-II.NFO,27/09/2024,09:58:22,26482.9,26480.05,25,26482.95,25,0,1158225
NIFTY-II.NFO,27/09/2024,09:58:24,26482.95,26480.05,25,26483,100,25,1158225
NIFTY-II.NFO,27/09/2024,09:58:27,26482.95,26480.05,25,26483,100,0,1158225
NIFTY-II.NFO,27/09/2024,09:58:32,26480.05,26480,125,26483,100,25,1158225
NIFTY-II.NFO,27/09/2024,09:58:34,26483,26480,125,26482.95,25,50,1158225
NIFTY-II.NFO,27/09/2024,09:58:37,26482.9,26480,150,26482.9,25,25,1158225
NIFTY-II.NFO,27/09/2024,09:58:39,26482.9,26480,150,26482.75,25,0,1158225
NIFTY-II.NFO,27/09/2024,09:58:42,26480,26480,125,26482.7,25,25,1158225
NIFTY-II.NFO,27/09/2024,09:58:44,26480,26480,125,26482.65,25,0,1158225
NIFTY-II.NFO,27/09/2024,09:58:47,26480,26480,125,26482.7,25,0,1158225
NIFTY-II.NFO,27/09/2024,09:58:49,26480,26480,125,26482.55,25,0,1158225
NIFTY-II.NFO,27/09/2024,09:58:52,26480,26480,125,26482.5,25,0,1158225
NIFTY-II.NFO,27/09/2024,09:58:54,26479,26479,25,26482.45,25,150,1158225
NIFTY-II.NFO,27/09/2024,09:58:57,26479,26479,25,26481.95,25,0,1158225
NIFTY-II.NFO,27/09/2024,09:58:59,26479,26477.2,275,26482,25,25,1158225
NIFTY-II.NFO,27/09/2024,09:59:02,26477.95,26477.2,200,26482,25,100,1158225
NIFTY-II.NFO,27/09/2024,09:59:04,26484.4,26477.85,200,26483.5,50,225,1158225
NIFTY-II.NFO,27/09/2024,09:59:07,26484.4,26478.55,200,26484.25,50,0,1158225
NIFTY-II.NFO,27/09/2024,09:59:09,26478.3,26480,275,26485.8,75,25,1158225
NIFTY-II.NFO,27/09/2024,09:59:12,26480.45,26480.45,25,26485.85,25,75,1158225
NIFTY-II.NFO,27/09/2024,09:59:14,26480.45,26479.5,200,26484.85,25,25,1158225
NIFTY-II.NFO,27/09/2024,09:59:17,26480.45,26480.95,75,26484.4,25,0,1158225
NIFTY-II.NFO,27/09/2024,09:59:19,26479.45,26478.65,200,26484.35,50,25,1158225
NIFTY-II.NFO,27/09/2024,09:59:22,26479.45,26479.5,200,26484.35,50,0,1158225
NIFTY-II.NFO,27/09/2024,09:59:24,26478.1,26478.1,200,26483.2,50,25,1158225
NIFTY-II.NFO,27/09/2024,09:59:27,26478.1,26477.95,25,26481.85,50,0,1158225
NIFTY-II.NFO,27/09/2024,09:59:29,26478.1,26478.1,25,26480.45,25,0,1158225
NIFTY-II.NFO,27/09/2024,09:59:32,26478.1,26478.1,25,26480.05,50,0,1158225
NIFTY-II.NFO,27/09/2024,09:59:34,26477.95,26475.05,200,26480.05,75,50,1158225
NIFTY-II.NFO,27/09/2024,09:59:37,26477.95,26475.15,200,26480.45,25,0,1158225
NIFTY-II.NFO,27/09/2024,09:59:39,26477.95,26475.05,200,26477.95,50,0,1158225
NIFTY-II.NFO,27/09/2024,09:59:44,26477.95,26475.05,200,26477.9,25,0,1158225
NIFTY-II.NFO,27/09/2024,09:59:47,26477.9,26475.05,200,26477.95,50,50,1158225
NIFTY-II.NFO,27/09/2024,09:59:49,26477.15,26475.95,25,26477.2,25,25,1158225
NIFTY-II.NFO,27/09/2024,09:59:52,26475.05,26475.05,200,26477.2,25,50,1158225
NIFTY-II.NFO,27/09/2024,09:59:54,26475.2,26475.05,175,26477.9,25,150,1158225
NIFTY-II.NFO,27/09/2024,09:59:57,26475.2,26475.05,175,26477.9,25,0,1158225
NIFTY-II.NFO,27/09/2024,10:00:02,26477.85,26475.05,175,26477.9,25,50,1158225
NIFTY-II.NFO,27/09/2024,10:00:04,26477.9,26475.05,250,26479.05,25,25,1158225
NIFTY-II.NFO,27/09/2024,10:00:07,26480,26476.55,250,26480.45,25,25,1158225
NIFTY-II.NFO,27/09/2024,10:00:09,26480,26477.6,250,26480.45,25,0,1158225
NIFTY-II.NFO,27/09/2024,10:00:12,26480,26477.55,250,26480.45,25,125,1158800
NIFTY-II.NFO,27/09/2024,10:00:14,26478.85,26479.1,100,26484.8,50,100,1158800
NIFTY-II.NFO,27/09/2024,10:00:17,26481.2,26481.2,25,26484.4,25,25,1158800
NIFTY-II.NFO,27/09/2024,10:00:19,26481.2,26480,50,26484.15,25,0,1158800
NIFTY-II.NFO,27/09/2024,10:00:22,26481.2,26480.25,100,26484.8,25,0,1158800
NIFTY-II.NFO,27/09/2024,10:00:24,26481.2,26480.95,175,26484.8,25,0,1158800
NIFTY-II.NFO,27/09/2024,10:00:27,26481.2,26480.65,175,26485,25,0,1158800
NIFTY-II.NFO,27/09/2024,10:00:29,26481.2,26480.05,100,26484.7,50,0,1158800
NIFTY-II.NFO,27/09/2024,10:00:32,26480,26480,50,26482.7,50,125,1158800
NIFTY-II.NFO,27/09/2024,10:00:34,26480,26480,25,26482.15,50,0,1158800
NIFTY-II.NFO,27/09/2024,10:00:37,26480,26480,25,26480.5,50,0,1158800
NIFTY-II.NFO,27/09/2024,10:00:39,26480,26478,25,26480.45,50,25,1158800
NIFTY-II.NFO,27/09/2024,10:00:42,26478,26475,375,26481.1,50,25,1158800
NIFTY-II.NFO,27/09/2024,10:00:44,26478,26475,375,26480.05,50,0,1158800
NIFTY-II.NFO,27/09/2024,10:00:47,26479.7,26475,375,26478,150,75,1158800
NIFTY-II.NFO,27/09/2024,10:00:49,26479.7,26475,375,26478,150,0,1158800
NIFTY-II.NFO,27/09/2024,10:00:54,26479.7,26475,375,26477.4,200,0,1158800
NIFTY-II.NFO,27/09/2024,10:00:57,26475,26475,300,26477.05,50,75,1158800
NIFTY-II.NFO,27/09/2024,10:00:59,26475,26475,300,26477.35,475,0,1158800
NIFTY-II.NFO,27/09/2024,10:01:02,26475.95,26475,150,26476.4,300,175,1158800
NIFTY-II.NFO,27/09/2024,10:01:04,26477.85,26475,125,26477.45,225,50,1158800
NIFTY-II.NFO,27/09/2024,10:01:07,26476.85,26475,125,26476.95,200,25,1158800
NIFTY-II.NFO,27/09/2024,10:01:09,26475,26475,100,26476.25,225,25,1158800
NIFTY-II.NFO,27/09/2024,10:01:11,26475,26475,100,26477.85,50,0,1158800
NIFTY-II.NFO,27/09/2024,10:01:14,26475,26475,50,26477.85,50,50,1158800
NIFTY-II.NFO,27/09/2024,10:01:16,26475,26476.85,200,26477.85,50,0,1158800
NIFTY-II.NFO,27/09/2024,10:01:19,26476.85,26476.85,125,26477.85,50,75,1158800
NIFTY-II.NFO,27/09/2024,10:01:21,26478.35,26478.35,50,26480,100,100,1158800
NIFTY-II.NFO,27/09/2024,10:01:24,26478.35,26478.35,50,26480,100,0,1158800
NIFTY-II.NFO,27/09/2024,10:01:29,26478.35,26478.35,25,26480,50,75,1158800
NIFTY-II.NFO,27/09/2024,10:01:31,26478.35,26476.1,25,26480,50,25,1158800
NIFTY-II.NFO,27/09/2024,10:01:34,26481.95,26477.25,275,26482,75,250,1158800
NIFTY-II.NFO,27/09/2024,10:01:36,26482,26480,75,26482,50,50,1158800
NIFTY-II.NFO,27/09/2024,10:01:39,26480,26480,25,26482,25,75,1158800
NIFTY-II.NFO,27/09/2024,10:01:41,26482,26480,25,26484.15,200,25,1158800
NIFTY-II.NFO,27/09/2024,10:01:44,26484.85,26479.85,50,26484.85,150,75,1158800
NIFTY-II.NFO,27/09/2024,10:01:46,26484.85,26480.4,50,26484.95,150,0,1158800
NIFTY-II.NFO,27/09/2024,10:01:49,26484.85,26478.4,50,26483.95,150,0,1158800
NIFTY-II.NFO,27/09/2024,10:01:51,26484.85,26478,200,26483.55,150,0,1158800
NIFTY-II.NFO,27/09/2024,10:01:54,26482.65,26476.8,25,26481.75,150,50,1158800
NIFTY-II.NFO,27/09/2024,10:01:56,26482.25,26478.5,200,26483.8,125,25,1158800
NIFTY-II.NFO,27/09/2024,10:01:59,26478,26478,200,26483.45,150,50,1158800
NIFTY-II.NFO,27/09/2024,10:02:01,26478,26479.35,25,26483.4,25,0,1158800
NIFTY-II.NFO,27/09/2024,10:02:04,26478,26480.35,25,26483.4,25,0,1158800
NIFTY-II.NFO,27/09/2024,10:02:06,26478,26478.95,25,26484.35,200,0,1158800
NIFTY-II.NFO,27/09/2024,10:02:09,26478,26478.95,25,26483.7,150,0,1158800
NIFTY-II.NFO,27/09/2024,10:02:11,26483.5,26478.95,25,26483.95,50,150,1158800
NIFTY-II.NFO,27/09/2024,10:02:14,26479,26478.95,25,26483.75,275,25,1158800
NIFTY-II.NFO,27/09/2024,10:02:16,26479,26479,25,26482,25,0,1158800
NIFTY-II.NFO,27/09/2024,10:02:19,26480,26478.95,25,26482,25,25,1158800
NIFTY-II.NFO,27/09/2024,10:02:21,26480,26477.95,25,26481.65,275,0,1158800
NIFTY-II.NFO,27/09/2024,10:02:24,26481.85,26478.5,25,26481.4,250,25,1158800
NIFTY-II.NFO,27/09/2024,10:02:26,26481.85,26475.7,200,26481.4,250,0,1158800
NIFTY-II.NFO,27/09/2024,10:02:29,26481.3,26476.45,200,26481.7,175,25,1158800
NIFTY-II.NFO,27/09/2024,10:02:31,26481.3,26477.45,200,26482,25,0,1158800
NIFTY-II.NFO,27/09/2024,10:02:34,26481.3,26477.4,200,26481.3,25,0,1158800
NIFTY-II.NFO,27/09/2024,10:02:36,26477.35,26477.05,275,26481.3,25,250,1158800
NIFTY-II.NFO,27/09/2024,10:02:39,26477.35,26475.4,275,26481,25,0,1158800
NIFTY-II.NFO,27/09/2024,10:02:41,26477.35,26479,25,26480.95,25,0,1158800
NIFTY-II.NFO,27/09/2024,10:02:44,26476.3,26476.3,250,26480.95,25,25,1158800
NIFTY-II.NFO,27/09/2024,10:02:46,26476.3,26475.8,250,26480.95,25,0,1158800
NIFTY-II.NFO,27/09/2024,10:02:49,26480.9,26475.4,250,26480.9,25,25,1158800
NIFTY-II.NFO,27/09/2024,10:02:51,26477.75,26475.75,250,26480.95,25,25,1158800
NIFTY-II.NFO,27/09/2024,10:02:54,26477.75,26475.3,175,26480.85,50,0,1158800
NIFTY-II.NFO,27/09/2024,10:02:56,26477.85,26475.1,175,26480.9,50,25,1158800
NIFTY-II.NFO,27/09/2024,10:02:59,26477.85,26475.55,175,26480.9,50,0,1158800
NIFTY-II.NFO,27/09/2024,10:03:01,26477,26477.05,25,26480.9,50,50,1158800
NIFTY-II.NFO,27/09/2024,10:03:04,26477,26477.95,25,26480,50,0,1158800
NIFTY-II.NFO,27/09/2024,10:03:06,26480,26478,25,26480,25,25,1158800
NIFTY-II.NFO,27/09/2024,10:03:09,26480,26476.95,25,26479.95,200,0,1158800
NIFTY-II.NFO,27/09/2024,10:03:11,26476.95,26475,75,26478.2,200,25,1159450
NIFTY-II.NFO,27/09/2024,10:03:14,26476.95,26475,75,26476.95,25,0,1159450
NIFTY-II.NFO,27/09/2024,10:03:16,26476.95,26475.05,25,26476.95,25,0,1159450
NIFTY-II.NFO,27/09/2024,10:03:19,26476.95,26475.1,25,26476.95,525,0,1159450
NIFTY-II.NFO,27/09/2024,10:03:21,26476.95,26475,75,26476.95,525,0,1159450
NIFTY-II.NFO,27/09/2024,10:03:24,26476.35,26475,75,26476.2,325,25,1159450
NIFTY-II.NFO,27/09/2024,10:03:26,26476.35,26475,75,26476.9,200,0,1159450
NIFTY-II.NFO,27/09/2024,10:03:29,26475,26475.05,25,26476.95,525,25,1159450
NIFTY-II.NFO,27/09/2024,10:03:31,26475,26475,25,26476.95,525,50,1159450
NIFTY-II.NFO,27/09/2024,10:03:34,26475,26475,25,26476.9,200,0,1159450
NIFTY-II.NFO,27/09/2024,10:03:39,26475,26474,50,26475,225,125,1159450
NIFTY-II.NFO,27/09/2024,10:03:41,26474,26474,25,26475,225,25,1159450
NIFTY-II.NFO,27/09/2024,10:03:44,26474,26474,25,26475,225,0,1159450
NIFTY-II.NFO,27/09/2024,10:03:46,26475,26474.05,25,26475,200,50,1159450
NIFTY-II.NFO,27/09/2024,10:03:49,26475,26474.05,25,26475,200,0,1159450
NIFTY-II.NFO,27/09/2024,10:03:51,26476.95,26474.05,25,26475,50,325,1159450
NIFTY-II.NFO,27/09/2024,10:03:54,26476.95,26474,25,26475,50,0,1159450
NIFTY-II.NFO,27/09/2024,10:03:59,26474,26473.1,25,26475,50,25,1159450
NIFTY-II.NFO,27/09/2024,10:04:01,26473,26473.25,100,26475,50,50,1159450
NIFTY-II.NFO,27/09/2024,10:04:03,26475,26473.9,25,26475,25,25,1159450
NIFTY-II.NFO,27/09/2024,10:04:06,26475,26473.9,50,26475,25,25,1159450
NIFTY-II.NFO,27/09/2024,10:04:08,26471.05,26473.35,25,26476.95,400,225,1159450
NIFTY-II.NFO,27/09/2024,10:04:10,26471.05,26473.4,25,26476.55,50,0,1159450
NIFTY-II.NFO,27/09/2024,10:04:13,26472.35,26472.35,50,26476.55,50,50,1159450
NIFTY-II.NFO,27/09/2024,10:04:15,26472.35,26472.95,25,26476.2,200,0,1159450
NIFTY-II.NFO,27/09/2024,10:04:18,26472.05,26471.9,75,26476.8,200,75,1159450
NIFTY-II.NFO,27/09/2024,10:04:20,26472.05,26472.05,75,26475,75,0,1159450
NIFTY-II.NFO,27/09/2024,10:04:25,26472.05,26471.6,75,26475,75,0,1159450
NIFTY-II.NFO,27/09/2024,10:04:28,26472.05,26471.9,75,26475,75,0,1159450
NIFTY-II.NFO,27/09/2024,10:04:30,26476.65,26472,50,26476.55,200,200,1159450
NIFTY-II.NFO,27/09/2024,10:04:33,26476.45,26472.2,100,26476.55,150,100,1159450
NIFTY-II.NFO,27/09/2024,10:04:35,26476.45,26472,100,26475.9,150,0,1159450
NIFTY-II.NFO,27/09/2024,10:04:38,26476.9,26471.8,125,26476.9,100,125,1159450
NIFTY-II.NFO,27/09/2024,10:04:40,26476.9,26472.25,50,26476.95,400,150,1159450
NIFTY-II.NFO,27/09/2024,10:04:43,26476.9,26472.25,50,26476.85,50,0,1159450
NIFTY-II.NFO,27/09/2024,10:04:45,26476.9,26472.8,100,26476.9,25,100,1159450
NIFTY-II.NFO,27/09/2024,10:04:48,26476.9,26472.5,50,26476.95,400,0,1159450
NIFTY-II.NFO,27/09/2024,10:04:50,26472.5,26472.5,25,26476.9,50,25,1159450
NIFTY-II.NFO,27/09/2024,10:04:53,26472.5,26472.5,25,26476.9,50,0,1159450
NIFTY-II.NFO,27/09/2024,10:04:55,26472.5,26472.5,25,26475,125,0,1159450
NIFTY-II.NFO,27/09/2024,10:04:58,26472.5,26471.45,100,26475,125,0,1159450
NIFTY-II.NFO,27/09/2024,10:05:00,26472.5,26471.45,100,26474.95,25,0,1159450
NIFTY-II.NFO,27/09/2024,10:05:03,26472.5,26472.15,25,26474.9,25,0,1159450
NIFTY-II.NFO,27/09/2024,10:05:08,26472.5,26472.45,25,26474.75,25,0,1159450
NIFTY-II.NFO,27/09/2024,10:05:10,26472.5,26472,25,26474.8,25,0,1159450
NIFTY-II.NFO,27/09/2024,10:05:13,26472,26471,100,26474.7,25,125,1159450
NIFTY-II.NFO,27/09/2024,10:05:15,26472,26471,100,26474.6,25,0,1159450
NIFTY-II.NFO,27/09/2024,10:05:18,26472,26471,100,26474.55,25,0,1159450
NIFTY-II.NFO,27/09/2024,10:05:20,26471,26471,75,26474.45,50,25,1159450
NIFTY-II.NFO,27/09/2024,10:05:23,26471,26471,75,26474.4,50,0,1159450
NIFTY-II.NFO,27/09/2024,10:05:25,26471,26471,25,26473.65,25,50,1159450
NIFTY-II.NFO,27/09/2024,10:05:28,26471,26471,25,26471.95,25,0,1159450
NIFTY-II.NFO,27/09/2024,10:05:33,26469.2,26468.7,275,26471.95,25,400,1159450
NIFTY-II.NFO,27/09/2024,10:05:35,26468.7,26468.85,300,26471.85,25,25,1159450
NIFTY-II.NFO,27/09/2024,10:05:38,26468.85,26468.45,225,26471.8,25,25,1159450
NIFTY-II.NFO,27/09/2024,10:05:40,26468.9,26468.9,100,26471.8,25,50,1159450
NIFTY-II.NFO,27/09/2024,10:05:43,26468.9,26468.9,75,26471.75,25,25,1159450
NIFTY-II.NFO,27/09/2024,10:05:45,26468.9,26468.85,25,26471.75,25,25,1159450
NIFTY-II.NFO,27/09/2024,10:05:48,26468.9,26468.9,50,26471.75,25,0,1159450
NIFTY-II.NFO,27/09/2024,10:05:50,26468.9,26468.9,25,26471.7,25,25,1159450
NIFTY-II.NFO,27/09/2024,10:05:53,26471.7,26471.7,225,26471.85,25,50,1159450
NIFTY-II.NFO,27/09/2024,10:05:55,26471.7,26471.7,225,26472,25,0,1159450
NIFTY-II.NFO,27/09/2024,10:05:58,26471.7,26468.85,25,26471.7,150,225,1159450
NIFTY-II.NFO,27/09/2024,10:06:00,26471.7,26468.85,25,26471.7,150,0,1159450
NIFTY-II.NFO,27/09/2024,10:06:03,26470,26470,25,26471.7,150,25,1159450
NIFTY-II.NFO,27/09/2024,10:06:05,26470,26468.85,25,26470,25,25,1159450
NIFTY-II.NFO,27/09/2024,10:06:08,26467,26466,125,26471.15,50,75,1159450
NIFTY-II.NFO,27/09/2024,10:06:11,26467,26466,125,26471.1,50,0,1159450
NIFTY-II.NFO,27/09/2024,10:06:13,26467,26466.05,125,26471,400,0,1159450
NIFTY-II.NFO,27/09/2024,10:06:16,26468,26468,475,26470,100,75,1160100
NIFTY-II.NFO,27/09/2024,10:06:18,26468,26468,475,26470,100,0,1160100
NIFTY-II.NFO,27/09/2024,10:06:23,26468,26468,450,26470,125,25,1160100
NIFTY-II.NFO,27/09/2024,10:06:26,26468,26468,400,26470,125,50,1160100
NIFTY-II.NFO,27/09/2024,10:06:28,26470,26466.05,200,26470,100,425,1160100
NIFTY-II.NFO,27/09/2024,10:06:31,26466.35,26467,25,26470,50,75,1160100
NIFTY-II.NFO,27/09/2024,10:06:33,26467.35,26467.35,25,26470,50,25,1160100
NIFTY-II.NFO,27/09/2024,10:06:36,26467.35,26466.25,125,26470,50,0,1160100
NIFTY-II.NFO,27/09/2024,10:06:38,26470,26468.15,50,26471.7,150,75,1160100
NIFTY-II.NFO,27/09/2024,10:06:41,26470,26468.25,125,26471.7,150,0,1160100
NIFTY-II.NFO,27/09/2024,10:06:43,26470,26466.75,125,26470,25,0,1160100
NIFTY-II.NFO,27/09/2024,10:06:46,26470,26466.95,125,26470,25,0,1160100
NIFTY-II.NFO,27/09/2024,10:06:48,26470,26467.25,50,26470,25,0,1160100
NIFTY-II.NFO,27/09/2024,10:06:51,26470,26468.3,75,26470,25,0,1160100
NIFTY-II.NFO,27/09/2024,10:06:53,26468.1,26467.65,125,26470,25,100,1160100
NIFTY-II.NFO,27/09/2024,10:06:56,26470,26467.65,250,26471.7,150,25,1160100
NIFTY-II.NFO,27/09/2024,10:06:58,26470,26468.05,125,26471.7,150,0,1160100
NIFTY-II.NFO,27/09/2024,10:07:01,26471.7,26472,125,26477.95,200,175,1160100
NIFTY-II.NFO,27/09/2024,10:07:03,26471.7,26472.35,50,26477.95,200,0,1160100
NIFTY-II.NFO,27/09/2024,10:07:06,26471.7,26473.85,25,26477.95,200,0,1160100
NIFTY-II.NFO,27/09/2024,10:07:08,26471.7,26469.85,50,26475.45,200,0,1160100
NIFTY-II.NFO,27/09/2024,10:07:10,26471.7,26468.35,50,26474.05,200,0,1160100
NIFTY-II.NFO,27/09/2024,10:07:13,26468.35,26471.7,400,26475.05,200,25,1160100
NIFTY-II.NFO,27/09/2024,10:07:15,26468.35,26471.7,400,26472,25,0,1160100
NIFTY-II.NFO,27/09/2024,10:07:18,26472,26471.7,400,26476.15,200,25,1160100
NIFTY-II.NFO,27/09/2024,10:07:20,26472,26471.7,400,26472,25,0,1160100
NIFTY-II.NFO,27/09/2024,10:07:23,26471.7,26471.7,375,26476.7,200,75,1160100
NIFTY-II.NFO,27/09/2024,10:07:25,26471.7,26471.7,375,26475,25,0,1160100
NIFTY-II.NFO,27/09/2024,10:07:28,26475,26471.75,50,26477.35,200,50,1160100
NIFTY-II.NFO,27/09/2024,10:07:30,26475,26471.8,50,26477.75,200,0,1160100
NIFTY-II.NFO,27/09/2024,10:07:33,26475,26472.3,50,26477.85,200,0,1160100
NIFTY-II.NFO,27/09/2024,10:07:35,26475,26471.75,50,26475,25,0,1160100
NIFTY-II.NFO,27/09/2024,10:07:38,26475,26473.45,50,26475,25,0,1160100
NIFTY-II.NFO,27/09/2024,10:07:40,26475.15,26475.15,25,26480,50,50,1160100
NIFTY-II.NFO,27/09/2024,10:07:43,26480,26475.15,25,26480,25,25,1160100
NIFTY-II.NFO,27/09/2024,10:07:45,26480,26474.7,50,26479.95,200,0,1160100
NIFTY-II.NFO,27/09/2024,10:07:48,26480,26476.15,50,26481.95,200,50,1160100
NIFTY-II.NFO,27/09/2024,10:07:50,26480,26475.8,50,26481.55,200,0,1160100
NIFTY-II.NFO,27/09/2024,10:07:53,26480,26478.1,50,26482,75,0,1160100
NIFTY-II.NFO,27/09/2024,10:07:55,26481.95,26477.35,25,26480,50,25,1160100
NIFTY-II.NFO,27/09/2024,10:07:58,26477.7,26477.75,125,26480,75,150,1160100
NIFTY-II.NFO,27/09/2024,10:08:00,26477.7,26477,1800,26480,75,0,1160100
NIFTY-II.NFO,27/09/2024,10:08:03,26477,26477.3,25,26480,75,25,1160100
NIFTY-II.NFO,27/09/2024,10:08:05,26477,26477,1775,26480,75,0,1160100
NIFTY-II.NFO,27/09/2024,10:08:13,26481.85,26477.65,50,26481.9,25,125,1160100
NIFTY-II.NFO,27/09/2024,10:08:15,26481.85,26479,50,26481.9,25,0,1160100
NIFTY-II.NFO,27/09/2024,10:08:18,26483,26480.7,75,26483,500,225,1160100
NIFTY-II.NFO,27/09/2024,10:08:20,26483,26481.5,25,26483,500,0,1160100
NIFTY-II.NFO,27/09/2024,10:08:23,26483,26479.8,75,26482.95,25,100,1160100
NIFTY-II.NFO,27/09/2024,10:08:25,26483,26481.05,100,26483,350,100,1160100
NIFTY-II.NFO,27/09/2024,10:08:28,26483,26481.1,75,26483,325,25,1160100
NIFTY-II.NFO,27/09/2024,10:08:30,26483,26481.25,75,26483,325,0,1160100
NIFTY-II.NFO,27/09/2024,10:08:33,26483,26481.95,25,26483,325,0,1160100
NIFTY-II.NFO,27/09/2024,10:08:35,26483,26481.05,25,26483,325,0,1160100
NIFTY-II.NFO,27/09/2024,10:08:38,26483,26480.3,75,26483,325,0,1160100
NIFTY-II.NFO,27/09/2024,10:08:40,26483,26480.6,25,26483,325,0,1160100
NIFTY-II.NFO,27/09/2024,10:08:43,26483,26480.95,100,26483,325,0,1160100
NIFTY-II.NFO,27/09/2024,10:08:48,26483,26480.1,75,26483,175,200,1160100
NIFTY-II.NFO,27/09/2024,10:08:50,26481,26480.1,50,26483,175,25,1160100
NIFTY-II.NFO,27/09/2024,10:08:53,26483,26480,1000,26483,175,25,1160100
NIFTY-II.NFO,27/09/2024,10:08:55,26483,26480,1000,26483,175,0,1160100
NIFTY-II.NFO,27/09/2024,10:08:58,26480,26480,975,26483,175,25,1160100
NIFTY-II.NFO,27/09/2024,10:09:00,26480,26480,950,26483,175,25,1160100
NIFTY-II.NFO,27/09/2024,10:09:03,26480,26480,950,26483,175,0,1160100
NIFTY-II.NFO,27/09/2024,10:09:05,26480,26480.3,100,26483,175,0,1160100
NIFTY-II.NFO,27/09/2024,10:09:08,26480,26480.6,75,26483,175,0,1160100
NIFTY-II.NFO,27/09/2024,10:09:10,26480.6,26480.9,25,26483,175,50,1160625
NIFTY-II.NFO,27/09/2024,10:09:13,26480.6,26480,1350,26483,175,0,1160625
NIFTY-II.NFO,27/09/2024,10:09:15,26480.6,26480,1325,26483,175,0,1160625
NIFTY-II.NFO,27/09/2024,10:09:20,26480.6,26480.6,25,26483,175,0,1160625
NIFTY-II.NFO,27/09/2024,10:09:28,26480,26480,1275,26483,150,125,1160625
NIFTY-II.NFO,27/09/2024,10:09:30,26483,26480.85,25,26483,125,25,1160625
NIFTY-II.NFO,27/09/2024,10:09:33,26483,26480,1275,26483,125,0,1160625
NIFTY-II.NFO,27/09/2024,10:09:35,26483,26480,1275,26483,75,75,1160625
NIFTY-II.NFO,27/09/2024,10:09:38,26483,26480,1400,26483,100,0,1160625
NIFTY-II.NFO,27/09/2024,10:09:40,26480,26481,50,26483,100,50,1160625
NIFTY-II.NFO,27/09/2024,10:09:43,26480,26481,425,26483,100,0,1160625
NIFTY-II.NFO,27/09/2024,10:09:48,26481,26481,325,26483,100,100,1160625
NIFTY-II.NFO,27/09/2024,10:09:50,26481,26481,325,26482.95,25,0,1160625
NIFTY-II.NFO,27/09/2024,10:09:53,26483,26481,300,26483,50,75,1160625
NIFTY-II.NFO,27/09/2024,10:09:55,26483,26481.05,50,26484.85,25,50,1160625
NIFTY-II.NFO,27/09/2024,10:09:58,26486.9,26483,25,26486.9,200,225,1160625
NIFTY-II.NFO,27/09/2024,10:10:00,26486.9,26483,25,26486.9,200,0,1160625
NIFTY-II.NFO,27/09/2024,10:10:03,26486.9,26483,25,26486.95,25,0,1160625
NIFTY-II.NFO,27/09/2024,10:10:05,26486.9,26483.8,75,26486.95,25,0,1160625
NIFTY-II.NFO,27/09/2024,10:10:08,26486.9,26483.45,150,26486.9,25,25,1160625
NIFTY-II.NFO,27/09/2024,10:10:10,26486.9,26483.75,150,26486.9,25,0,1160625
NIFTY-II.NFO,27/09/2024,10:10:13,26486.9,26485.3,75,26486.9,25,0,1160625
NIFTY-II.NFO,27/09/2024,10:10:15,26486.9,26485.4,75,26486.95,25,25,1160625
NIFTY-II.NFO,27/09/2024,10:10:18,26486.9,26485.45,25,26486.95,25,0,1160625
NIFTY-II.NFO,27/09/2024,10:10:20,26490,26485.65,75,26489.95,25,500,1160625
NIFTY-II.NFO,27/09/2024,10:10:23,26490,26485.45,75,26489.85,25,0,1160625
NIFTY-II.NFO,27/09/2024,10:10:25,26484.95,26484.8,125,26489.9,25,200,1160625
NIFTY-II.NFO,27/09/2024,10:10:28,26489.9,26485.95,25,26490,50,25,1160625
NIFTY-II.NFO,27/09/2024,10:10:30,26490,26490.05,25,26490.55,50,50,1160625
NIFTY-II.NFO,27/09/2024,10:10:33,26490.1,26490,150,26490.55,25,50,1160625
NIFTY-II.NFO,27/09/2024,10:10:35,26490.1,26490,175,26490.55,25,0,1160625
NIFTY-II.NFO,27/09/2024,10:10:38,26490.95,26490.05,25,26490.95,200,175,1160625
NIFTY-II.NFO,27/09/2024,10:10:40,26490,26484.55,25,26489.85,200,50,1160625
NIFTY-II.NFO,27/09/2024,10:10:43,26490,26484.65,50,26490.25,200,0,1160625
NIFTY-II.NFO,27/09/2024,10:10:45,26490,26485.15,25,26490.35,200,0,1160625
NIFTY-II.NFO,27/09/2024,10:10:48,26490,26485.2,150,26490.7,200,0,1160625
NIFTY-II.NFO,27/09/2024,10:10:50,26485,26484.2,50,26489.7,200,350,1160625
NIFTY-II.NFO,27/09/2024,10:10:53,26489.65,26485,500,26489.65,200,25,1160625
NIFTY-II.NFO,27/09/2024,10:10:55,26485,26485,500,26489.55,200,25,1160625
NIFTY-II.NFO,27/09/2024,10:10:58,26485,26485,475,26488.65,50,0,1160625
NIFTY-II.NFO,27/09/2024,10:11:00,26485,26485,175,26488.35,200,300,1160625
NIFTY-II.NFO,27/09/2024,10:11:03,26485,26481.95,25,26487.35,50,200,1160625
NIFTY-II.NFO,27/09/2024,10:11:05,26485,26482.9,100,26488.65,50,0,1160625
NIFTY-II.NFO,27/09/2024,10:11:08,26481.75,26481.7,125,26487.2,50,25,1160625
NIFTY-II.NFO,27/09/2024,10:11:10,26481.75,26482.9,125,26488.65,50,0,1160625
NIFTY-II.NFO,27/09/2024,10:11:13,26482.95,26482.9,125,26488.65,50,25,1160625
NIFTY-II.NFO,27/09/2024,10:11:15,26482.9,26482.4,25,26487.45,50,100,1160625
NIFTY-II.NFO,27/09/2024,10:11:18,26482.9,26481.4,125,26487,50,0,1160625
NIFTY-II.NFO,27/09/2024,10:11:20,26482.9,26481,300,26486.3,50,0,1160625
NIFTY-II.NFO,27/09/2024,10:11:23,26481,26481,250,26486.3,50,50,1160625
NIFTY-II.NFO,27/09/2024,10:11:25,26481,26481,250,26486.3,50,50,1160625
NIFTY-II.NFO,27/09/2024,10:11:28,26481,26481,200,26484.95,50,0,1160625
NIFTY-II.NFO,27/09/2024,10:11:33,26481,26481,150,26483.75,50,50,1160625
NIFTY-II.NFO,27/09/2024,10:11:35,26481,26481,150,26483.6,50,0,1160625
NIFTY-II.NFO,27/09/2024,10:11:38,26481,26481,100,26483.05,300,50,1160625
NIFTY-II.NFO,27/09/2024,10:11:40,26482.85,26481,100,26481.9,250,25,1160625
NIFTY-II.NFO,27/09/2024,10:11:43,26482.85,26481,100,26481.7,250,0,1160625
NIFTY-II.NFO,27/09/2024,10:11:45,26482.85,26481,100,26483.25,250,0,1160625
