Ticker,Date,Time,LTP,BuyPrice,BuyQty,SellPrice,SellQty,LTQ,OpenInterest
BANKNIFTY-II.NFO,22/11/2024,09:15:01,50825,50845.9,60,50878.55,150,240,629745
BANKNIFTY-II.NFO,22/11/2024,09:15:01,50879.45,50845.9,60,50878.55,150,0,629745
BANKNIFTY-II.NFO,22/11/2024,09:15:01,50883.2,50845.9,60,50878.55,150,0,629745
BANKNIFTY-II.NFO,22/11/2024,09:15:01,50825,50845.9,60,50878.55,150,0,629745
BANKNIFTY-II.NFO,22/11/2024,09:15:03,50871.5,50850.6,60,50876.85,30,570,629745
BANKNIFTY-II.NFO,22/11/2024,09:15:04,50900,50901.8,90,50909.75,15,270,629745
BANKNIFTY-II.NFO,22/11/2024,09:15:04,50900,50901.8,90,50909.75,15,0,629745
BANKNIFTY-II.NFO,22/11/2024,09:15:06,50904.55,50904.55,15,50920.7,75,45,629745
BANKNIFTY-II.NFO,22/11/2024,09:15:06,50909.75,50904.55,15,50920.7,75,0,629745
BANKNIFTY-II.NFO,22/11/2024,09:15:07,50924.75,50906.95,30,50925.25,45,45,629745
BANKNIFTY-II.NFO,22/11/2024,09:15:07,50924.75,50906.95,30,50925.25,45,0,629745
BANKNIFTY-II.NFO,22/11/2024,09:15:09,50915.95,50916.1,30,50930,30,255,629745
BANKNIFTY-II.NFO,22/11/2024,09:15:09,50930,50916.1,30,50930,30,0,629745
BANKNIFTY-II.NFO,22/11/2024,09:15:11,50950,50932.4,90,50957.65,15,195,629745
BANKNIFTY-II.NFO,22/11/2024,09:15:11,50950.5,50932.4,90,50957.65,15,0,629745
BANKNIFTY-II.NFO,22/11/2024,09:15:12,50933,50932.05,30,50940.45,60,105,629745
BANKNIFTY-II.NFO,22/11/2024,09:15:12,50955.95,50932.05,30,50940.45,60,0,629745
BANKNIFTY-II.NFO,22/11/2024,09:15:14,50940.45,50938.2,30,50950,15,135,629745
BANKNIFTY-II.NFO,22/11/2024,09:15:15,50953.4,50933.4,60,50952.75,75,465,629745
BANKNIFTY-II.NFO,22/11/2024,09:15:15,50971.85,50933.4,60,50952.75,75,0,629745
BANKNIFTY-II.NFO,22/11/2024,09:15:17,50940.45,50935,15,50952.9,45,45,629745
BANKNIFTY-II.NFO,22/11/2024,09:15:18,50910.55,50910.5,30,50922.8,150,210,629745
BANKNIFTY-II.NFO,22/11/2024,09:15:20,50859.2,50868.4,15,50890.55,60,1110,629745
BANKNIFTY-II.NFO,22/11/2024,09:15:21,50890.55,50869.1,60,50893.1,60,60,629745
BANKNIFTY-II.NFO,22/11/2024,09:15:23,50889.5,50870.1,60,50889.45,150,30,629745
BANKNIFTY-II.NFO,22/11/2024,09:15:24,50889.5,50854.6,60,50880.4,60,0,629745
BANKNIFTY-II.NFO,22/11/2024,09:15:26,50881.95,50866.5,30,50893.2,135,990,629745
BANKNIFTY-II.NFO,22/11/2024,09:15:28,50893.25,50871.45,60,50896.7,30,300,629745
BANKNIFTY-II.NFO,22/11/2024,09:15:29,50899.85,50901.55,60,50925.2,45,45,629745
BANKNIFTY-II.NFO,22/11/2024,09:15:31,50901.55,50899.45,60,50925,45,15,629745
BANKNIFTY-II.NFO,22/11/2024,09:15:32,50900.7,50902.35,30,50925.2,60,45,629745
BANKNIFTY-II.NFO,22/11/2024,09:15:34,50899.9,50899.9,30,50921.25,75,30,629820
BANKNIFTY-II.NFO,22/11/2024,09:15:35,50924,50904.45,60,50925.1,30,120,629820
BANKNIFTY-II.NFO,22/11/2024,09:15:37,50925.15,50914.15,60,50925.25,15,75,629820
BANKNIFTY-II.NFO,22/11/2024,09:15:39,50920.95,50912.95,60,50938,30,150,629820
BANKNIFTY-II.NFO,22/11/2024,09:15:40,50925.15,50918.5,30,50945.25,60,90,629820
BANKNIFTY-II.NFO,22/11/2024,09:15:42,50925.15,50923.4,30,50946.05,75,0,629820
BANKNIFTY-II.NFO,22/11/2024,09:15:43,50940,50932.2,30,50949.95,60,120,629820
BANKNIFTY-II.NFO,22/11/2024,09:15:45,50935.05,50927.85,60,50948.85,45,180,629820
BANKNIFTY-II.NFO,22/11/2024,09:15:47,50948.85,50934.55,75,50954.65,45,30,629820
BANKNIFTY-II.NFO,22/11/2024,09:15:48,50949.95,50929.8,60,50949.95,15,30,629820
BANKNIFTY-II.NFO,22/11/2024,09:15:50,50934.25,50941.2,60,50950,15,15,629820
BANKNIFTY-II.NFO,22/11/2024,09:15:51,50967.85,50941.5,60,50966.45,15,135,629820
BANKNIFTY-II.NFO,22/11/2024,09:15:53,50945.2,50945.2,60,50968.35,45,45,629820
BANKNIFTY-II.NFO,22/11/2024,09:15:54,50945.2,50946.7,75,50969.95,60,0,629820
BANKNIFTY-II.NFO,22/11/2024,09:15:56,50969.95,50950.15,60,50969.95,15,30,629820
BANKNIFTY-II.NFO,22/11/2024,09:15:58,50976.3,50952.85,105,50977.4,15,390,629820
BANKNIFTY-II.NFO,22/11/2024,09:15:58,50976.3,50952.85,105,50977.4,15,0,629820
BANKNIFTY-II.NFO,22/11/2024,09:15:59,50969.95,50957.9,60,50980.55,15,1020,629820
BANKNIFTY-II.NFO,22/11/2024,09:15:59,50983.75,50957.9,60,50980.55,15,0,629820
BANKNIFTY-II.NFO,22/11/2024,09:16:01,50976.3,50956.55,60,50977.45,120,75,629820
BANKNIFTY-II.NFO,22/11/2024,09:16:02,50990.5,50968.5,60,50990.55,15,120,629820
BANKNIFTY-II.NFO,22/11/2024,09:16:02,50990.5,50968.5,60,50990.55,15,0,629820
BANKNIFTY-II.NFO,22/11/2024,09:16:04,50990.8,50970.3,75,50988.3,15,585,629820
BANKNIFTY-II.NFO,22/11/2024,09:16:04,51000,50970.3,75,50988.3,15,0,629820
BANKNIFTY-II.NFO,22/11/2024,09:16:05,50977.35,50960.85,60,50989.4,60,570,629820
BANKNIFTY-II.NFO,22/11/2024,09:16:07,50989.15,50963.45,60,50987.8,15,480,629820
BANKNIFTY-II.NFO,22/11/2024,09:16:08,50989.15,50960,60,50986.15,30,0,629820
BANKNIFTY-II.NFO,22/11/2024,09:16:10,50970,50957,60,50982.2,15,195,629820
BANKNIFTY-II.NFO,22/11/2024,09:16:12,50986.6,50961.65,75,50982.65,45,180,629820
BANKNIFTY-II.NFO,22/11/2024,09:16:13,50970.4,50950.05,75,50970.9,15,150,629820
BANKNIFTY-II.NFO,22/11/2024,09:16:15,50976.2,50960,30,50978.25,15,15,629820
BANKNIFTY-II.NFO,22/11/2024,09:16:16,50979.35,50957.8,60,50981.75,15,315,629820
BANKNIFTY-II.NFO,22/11/2024,09:16:18,50984.8,50963.2,60,50985.05,30,30,629820
BANKNIFTY-II.NFO,22/11/2024,09:16:19,50976.2,50956.9,60,50983.4,150,60,629820
BANKNIFTY-II.NFO,22/11/2024,09:16:21,50956.9,50960.9,60,50983.2,30,30,629820
BANKNIFTY-II.NFO,22/11/2024,09:16:22,50966,50966.45,60,50986.55,60,30,629820
BANKNIFTY-II.NFO,22/11/2024,09:16:24,50985.75,50963.2,75,50982.3,45,30,629820
BANKNIFTY-II.NFO,22/11/2024,09:16:25,50982.85,50963.2,60,50985,15,30,629820
BANKNIFTY-II.NFO,22/11/2024,09:16:27,50986.25,50968.2,60,50980,45,15,629820
BANKNIFTY-II.NFO,22/11/2024,09:16:28,50985.75,50969.75,45,50980,15,135,629820
BANKNIFTY-II.NFO,22/11/2024,09:16:30,50979.95,50966.6,60,50980,15,30,629820
BANKNIFTY-II.NFO,22/11/2024,09:16:31,50985.75,50968.45,60,50986.25,15,60,629820
BANKNIFTY-II.NFO,22/11/2024,09:16:33,50984.95,50963.1,60,50984.95,15,165,629820
BANKNIFTY-II.NFO,22/11/2024,09:16:34,50963.1,50960.05,75,50981.7,15,75,629820
BANKNIFTY-II.NFO,22/11/2024,09:16:36,50985.3,50962.85,60,50984.75,15,195,629820
BANKNIFTY-II.NFO,22/11/2024,09:16:38,50963.15,50963.1,60,50986.55,45,30,629820
BANKNIFTY-II.NFO,22/11/2024,09:16:39,50963.15,50963.2,75,50982.5,15,0,629820
BANKNIFTY-II.NFO,22/11/2024,09:16:41,50981.65,50963.2,75,50985,30,45,629820
BANKNIFTY-II.NFO,22/11/2024,09:16:42,50985.45,50963.15,60,50975,60,15,629820
BANKNIFTY-II.NFO,22/11/2024,09:16:44,50975,50960,360,50975,45,105,629820
BANKNIFTY-II.NFO,22/11/2024,09:16:45,50975,50960.05,75,50975,45,0,629820
BANKNIFTY-II.NFO,22/11/2024,09:16:47,50975,50960.05,60,50975,45,0,629820
BANKNIFTY-II.NFO,22/11/2024,09:16:48,50975,50960.05,75,50975,45,0,629820
BANKNIFTY-II.NFO,22/11/2024,09:16:50,50982.05,50961.4,75,50984.8,45,60,629820
BANKNIFTY-II.NFO,22/11/2024,09:16:51,50987.05,50964.45,60,50987.75,15,30,629820
BANKNIFTY-II.NFO,22/11/2024,09:16:53,50983.1,50960.05,60,50977.95,15,225,629820
BANKNIFTY-II.NFO,22/11/2024,09:16:54,50960,50950.35,90,50965.45,30,465,629820
BANKNIFTY-II.NFO,22/11/2024,09:16:56,50950,50942.55,60,50966.25,15,180,629820
BANKNIFTY-II.NFO,22/11/2024,09:16:58,50970.85,50951.55,60,50975.45,15,45,629820
BANKNIFTY-II.NFO,22/11/2024,09:16:59,50970.85,50947.7,90,50960,15,0,629820
BANKNIFTY-II.NFO,22/11/2024,09:17:01,50957.3,50927.15,60,50948.5,30,195,629820
BANKNIFTY-II.NFO,22/11/2024,09:17:02,50957.3,50928.9,60,50948.95,45,0,629820
BANKNIFTY-II.NFO,22/11/2024,09:17:04,50953.95,50931.7,60,50948.95,15,450,629820
BANKNIFTY-II.NFO,22/11/2024,09:17:06,50925.2,50921.6,45,50927,150,120,629820
BANKNIFTY-II.NFO,22/11/2024,09:17:07,50949.3,50934.4,60,50949,15,300,629820
BANKNIFTY-II.NFO,22/11/2024,09:17:09,50949,50935.3,60,50952.75,60,15,629820
BANKNIFTY-II.NFO,22/11/2024,09:17:10,50952.75,50941.7,60,50952.8,15,15,629820
BANKNIFTY-II.NFO,22/11/2024,09:17:12,50950,50939.25,60,50952.75,45,30,629820
BANKNIFTY-II.NFO,22/11/2024,09:17:14,50952.75,50937.85,60,50952.75,30,15,629820
BANKNIFTY-II.NFO,22/11/2024,09:17:15,50952.75,50949,30,50952.75,15,0,629820
BANKNIFTY-II.NFO,22/11/2024,09:17:17,50952.75,50949.05,60,50957,15,15,629820
BANKNIFTY-II.NFO,22/11/2024,09:17:18,50967.65,50949.05,60,50966.1,30,120,629820
BANKNIFTY-II.NFO,22/11/2024,09:17:20,50950.55,50949.05,75,50968.35,75,315,629820
BANKNIFTY-II.NFO,22/11/2024,09:17:21,50969.8,50956,60,50974.55,15,45,629820
BANKNIFTY-II.NFO,22/11/2024,09:17:23,50969.9,50954.6,60,50972.9,285,15,629820
BANKNIFTY-II.NFO,22/11/2024,09:17:25,50949.05,50951.65,60,50967,30,30,629820
BANKNIFTY-II.NFO,22/11/2024,09:17:26,50968.55,50953.2,45,50969.85,60,75,629820
BANKNIFTY-II.NFO,22/11/2024,09:17:28,50958.85,50958,30,50969.9,15,90,629820
BANKNIFTY-II.NFO,22/11/2024,09:17:29,50958.95,50964.25,15,50969.9,15,15,629820
BANKNIFTY-II.NFO,22/11/2024,09:17:31,50958.95,50960.85,60,50969.9,15,0,629820
BANKNIFTY-II.NFO,22/11/2024,09:17:32,50958.95,50961.5,15,50969.9,15,0,629820
BANKNIFTY-II.NFO,22/11/2024,09:17:34,50959.85,50962.75,45,50980.15,60,195,629820
BANKNIFTY-II.NFO,22/11/2024,09:17:35,50981.55,50961.95,60,50980.15,75,15,629820
BANKNIFTY-II.NFO,22/11/2024,09:17:37,50977.75,50959.9,60,50977.3,30,30,629820
BANKNIFTY-II.NFO,22/11/2024,09:17:39,50960.6,50959.9,60,50975.4,75,30,629820
BANKNIFTY-II.NFO,22/11/2024,09:17:40,50954.45,50951,60,50971.95,15,150,629820
BANKNIFTY-II.NFO,22/11/2024,09:17:42,50972.6,50955,60,50973,300,15,629820
BANKNIFTY-II.NFO,22/11/2024,09:17:43,50965.45,50965.4,30,50981.95,15,495,629820
BANKNIFTY-II.NFO,22/11/2024,09:17:45,50985.4,50965.05,45,50984.9,60,60,629820
BANKNIFTY-II.NFO,22/11/2024,09:17:47,50982.5,50965.9,60,50980.55,60,30,629820
BANKNIFTY-II.NFO,22/11/2024,09:17:48,50966,50965.55,45,50980,15,150,629820
BANKNIFTY-II.NFO,22/11/2024,09:17:50,50967.85,50967.85,15,50985.4,105,60,629820
BANKNIFTY-II.NFO,22/11/2024,09:17:51,50968.15,50968.1,15,50982.45,300,75,629820
BANKNIFTY-II.NFO,22/11/2024,09:17:53,50985,50968.3,30,50984.95,60,75,629820
BANKNIFTY-II.NFO,22/11/2024,09:17:54,50985,50973.1,75,50985,360,405,629820
BANKNIFTY-II.NFO,22/11/2024,09:17:56,50985,50980,15,50985,345,15,629820
BANKNIFTY-II.NFO,22/11/2024,09:17:58,50985,50981.25,165,50985,285,270,629820
BANKNIFTY-II.NFO,22/11/2024,09:17:59,50983.35,50982.3,75,50985,285,150,629820
BANKNIFTY-II.NFO,22/11/2024,09:18:01,50986.8,50988.5,15,50990,60,360,629820
BANKNIFTY-II.NFO,22/11/2024,09:18:02,50995,50994.9,15,50998,15,105,629820
BANKNIFTY-II.NFO,22/11/2024,09:18:04,50994.15,50992.3,15,50998,15,30,629820
BANKNIFTY-II.NFO,22/11/2024,09:18:05,50994.15,50993.85,60,50998,15,0,629820
BANKNIFTY-II.NFO,22/11/2024,09:18:07,50998,50992.8,30,50999,150,45,629820
BANKNIFTY-II.NFO,22/11/2024,09:18:08,51000,50990.2,30,51000,345,600,629820
BANKNIFTY-II.NFO,22/11/2024,09:18:10,51000,50990.15,15,51000,240,90,629820
BANKNIFTY-II.NFO,22/11/2024,09:18:11,51000,50995.55,150,51000,105,195,629820
BANKNIFTY-II.NFO,22/11/2024,09:18:13,50999.15,50992.8,30,51000.1,15,195,629820
BANKNIFTY-II.NFO,22/11/2024,09:18:14,51016.55,50997.75,60,51016.55,45,255,629820
BANKNIFTY-II.NFO,22/11/2024,09:18:14,51016.6,50997.75,60,51016.55,45,0,629820
BANKNIFTY-II.NFO,22/11/2024,09:18:16,51018.85,51007.85,120,51018.9,15,105,629820
BANKNIFTY-II.NFO,22/11/2024,09:18:16,51018.85,51007.85,120,51018.9,15,0,629820
BANKNIFTY-II.NFO,22/11/2024,09:18:17,51018.85,51011.25,135,51018.9,15,0,629820
BANKNIFTY-II.NFO,22/11/2024,09:18:19,51015.45,51004.2,120,51021.75,75,90,629820
BANKNIFTY-II.NFO,22/11/2024,09:18:19,51018.9,51004.2,120,51021.75,75,0,629820
BANKNIFTY-II.NFO,22/11/2024,09:18:21,51008.5,51007.15,120,51023.85,75,180,629820
BANKNIFTY-II.NFO,22/11/2024,09:18:21,51021.75,51007.15,120,51023.85,75,0,629820
BANKNIFTY-II.NFO,22/11/2024,09:18:22,51025,51010.15,135,51028.45,75,60,629820
BANKNIFTY-II.NFO,22/11/2024,09:18:22,51025,51010.15,135,51028.45,75,0,629820
BANKNIFTY-II.NFO,22/11/2024,09:18:24,51020,51013,135,51028.45,90,60,629820
BANKNIFTY-II.NFO,22/11/2024,09:18:25,51020,51011.25,285,51028.15,105,45,629820
BANKNIFTY-II.NFO,22/11/2024,09:18:27,51020,51013.4,135,51028.35,90,0,629820
BANKNIFTY-II.NFO,22/11/2024,09:18:28,51028.5,51020.05,120,51039.2,90,30,629820
BANKNIFTY-II.NFO,22/11/2024,09:18:28,51028.5,51020.05,120,51039.2,90,0,629820
BANKNIFTY-II.NFO,22/11/2024,09:18:30,51020.05,51021.05,105,51039.45,120,60,629820
BANKNIFTY-II.NFO,22/11/2024,09:18:32,51034.9,51017.35,120,51034.9,135,30,629820
BANKNIFTY-II.NFO,22/11/2024,09:18:32,51034.9,51017.35,120,51034.9,135,0,629820
BANKNIFTY-II.NFO,22/11/2024,09:18:33,51039.7,51017.8,135,51040.1,30,240,629820
BANKNIFTY-II.NFO,22/11/2024,09:18:33,51039.7,51017.8,135,51040.1,30,0,629820
BANKNIFTY-II.NFO,22/11/2024,09:18:35,51045.8,51025.8,120,51046.05,30,270,633375
BANKNIFTY-II.NFO,22/11/2024,09:18:35,51045.8,51025.8,120,51046.05,30,0,633375
BANKNIFTY-II.NFO,22/11/2024,09:18:36,51026.8,51034.9,30,51048.1,30,15,633375
BANKNIFTY-II.NFO,22/11/2024,09:18:38,51050,51033.25,120,51050,120,75,633375
BANKNIFTY-II.NFO,22/11/2024,09:18:38,51050,51033.25,120,51050,120,0,633375
BANKNIFTY-II.NFO,22/11/2024,09:18:39,51046,51026,135,51046,15,75,633375
BANKNIFTY-II.NFO,22/11/2024,09:18:41,51041.4,51023.8,30,51044.6,150,75,633375
BANKNIFTY-II.NFO,22/11/2024,09:18:43,51023.05,51019.9,120,51026.8,15,60,633375
BANKNIFTY-II.NFO,22/11/2024,09:18:44,51045.8,51023.25,120,51046.05,30,90,633375
BANKNIFTY-II.NFO,22/11/2024,09:18:46,51045.75,51022.55,30,51043.45,75,30,633375
BANKNIFTY-II.NFO,22/11/2024,09:18:47,51045.75,51027.4,30,51047.65,60,0,633375
BANKNIFTY-II.NFO,22/11/2024,09:18:49,51030.4,51028.35,120,51030.4,15,150,633375
BANKNIFTY-II.NFO,22/11/2024,09:18:50,51045.8,51028.4,30,51045.8,30,30,633375
BANKNIFTY-II.NFO,22/11/2024,09:18:52,51045.8,51028.85,15,51045.8,15,30,633375
BANKNIFTY-II.NFO,22/11/2024,09:18:54,51023.8,51026.55,120,51045.7,30,30,633375
BANKNIFTY-II.NFO,22/11/2024,09:18:55,51021.55,51018.15,30,51034.45,15,75,633375
BANKNIFTY-II.NFO,22/11/2024,09:18:57,51021.55,51011.45,135,51026.5,15,0,633375
BANKNIFTY-II.NFO,22/11/2024,09:18:58,51012.25,51006.7,120,51012.25,225,75,633375
BANKNIFTY-II.NFO,22/11/2024,09:19:00,51031.05,51006.3,150,51025.4,45,300,633375
BANKNIFTY-II.NFO,22/11/2024,09:19:02,51000,50994.15,15,51009.55,30,45,633375
BANKNIFTY-II.NFO,22/11/2024,09:19:03,51000,50994.2,120,51010.05,30,60,633375
BANKNIFTY-II.NFO,22/11/2024,09:19:05,51000,51003.65,300,51019.5,15,0,633375
BANKNIFTY-II.NFO,22/11/2024,09:19:07,51021.3,51004.55,120,51021.75,30,180,633375
BANKNIFTY-II.NFO,22/11/2024,09:19:08,51021.3,51000,15,51009.9,15,0,633375
BANKNIFTY-II.NFO,22/11/2024,09:19:10,51009.25,51000,15,51009.75,30,60,633375
BANKNIFTY-II.NFO,22/11/2024,09:19:12,51000,51000,30,51015.3,135,15,633375
BANKNIFTY-II.NFO,22/11/2024,09:19:13,51013.65,51000,30,51013.65,15,15,633375
BANKNIFTY-II.NFO,22/11/2024,09:19:15,51012.8,51000,45,51012.85,30,15,633375
BANKNIFTY-II.NFO,22/11/2024,09:19:17,51004.35,51011.1,135,51017,15,15,633375
BANKNIFTY-II.NFO,22/11/2024,09:19:18,51021.3,51013.75,135,51017.75,15,45,633375
BANKNIFTY-II.NFO,22/11/2024,09:19:20,51006.3,51005.85,30,51021,30,1020,633375
BANKNIFTY-II.NFO,22/11/2024,09:19:22,51036.05,51018.7,30,51037.15,45,150,633375
BANKNIFTY-II.NFO,22/11/2024,09:19:23,51020.15,51021.8,30,51030,30,15,633375
BANKNIFTY-II.NFO,22/11/2024,09:19:25,51023.25,51024.15,15,51030,30,45,633375
BANKNIFTY-II.NFO,22/11/2024,09:19:27,51028,51023.6,150,51030,30,30,633375
BANKNIFTY-II.NFO,22/11/2024,09:19:28,51027.4,51021.8,15,51030,45,15,633375
BANKNIFTY-II.NFO,22/11/2024,09:19:30,51030,51028.25,15,51030,15,60,633375
BANKNIFTY-II.NFO,22/11/2024,09:19:31,51030,51029.35,15,51030,75,75,633375
BANKNIFTY-II.NFO,22/11/2024,09:19:33,51036,51028,15,51041.9,30,105,633375
BANKNIFTY-II.NFO,22/11/2024,09:19:35,51036,51028.05,30,51042.3,30,0,633375
BANKNIFTY-II.NFO,22/11/2024,09:19:36,51028.05,51028.1,30,51040,30,15,633375
BANKNIFTY-II.NFO,22/11/2024,09:19:38,51030.2,51028.1,45,51040,30,15,633375
BANKNIFTY-II.NFO,22/11/2024,09:19:40,51030.2,51029.4,15,51040,45,0,633375
BANKNIFTY-II.NFO,22/11/2024,09:19:41,51029.65,51029.65,15,51040,45,15,633375
BANKNIFTY-II.NFO,22/11/2024,09:19:43,51036.05,51033.7,30,51035.15,30,105,633375
BANKNIFTY-II.NFO,22/11/2024,09:19:45,51029.7,51029.8,15,51040,15,45,633375
BANKNIFTY-II.NFO,22/11/2024,09:19:46,51039.95,51029.7,15,51040,15,45,633375
BANKNIFTY-II.NFO,22/11/2024,09:19:48,51040,51039.95,375,51040,15,15,633375
BANKNIFTY-II.NFO,22/11/2024,09:19:49,51039.95,51030.55,300,51039.95,15,390,633375
BANKNIFTY-II.NFO,22/11/2024,09:19:51,51038.05,51030.55,300,51040,45,30,633375
BANKNIFTY-II.NFO,22/11/2024,09:19:53,51038.05,51038.4,75,51040,45,0,633375
BANKNIFTY-II.NFO,22/11/2024,09:19:54,51045,51040,15,51045.8,15,420,633375
BANKNIFTY-II.NFO,22/11/2024,09:19:56,51045,51040.95,15,51045.8,15,0,633375
BANKNIFTY-II.NFO,22/11/2024,09:19:58,51040,51032.05,75,51045.8,15,45,633375
BANKNIFTY-II.NFO,22/11/2024,09:19:59,51043.9,51029.8,15,51043.85,120,30,633375
BANKNIFTY-II.NFO,22/11/2024,09:20:01,51029,51028,15,51035.65,135,45,633375
BANKNIFTY-II.NFO,22/11/2024,09:20:02,51028.8,51032,15,51045.8,15,45,633375
BANKNIFTY-II.NFO,22/11/2024,09:20:04,51048.45,51049.3,15,51050,330,285,633375
BANKNIFTY-II.NFO,22/11/2024,09:20:06,51050.5,51050.65,75,51052.75,15,420,633375
BANKNIFTY-II.NFO,22/11/2024,09:20:06,51051,51050.65,75,51052.75,15,0,633375
BANKNIFTY-II.NFO,22/11/2024,09:20:07,51072.5,51047.95,30,51053.2,15,780,633375
BANKNIFTY-II.NFO,22/11/2024,09:20:07,51072.5,51047.95,30,51053.2,15,0,633375
BANKNIFTY-II.NFO,22/11/2024,09:20:09,51063.9,51043.55,135,51060.6,90,30,633375
BANKNIFTY-II.NFO,22/11/2024,09:20:11,51043.55,51043.1,30,51059.55,105,30,633375
BANKNIFTY-II.NFO,22/11/2024,09:20:12,51059.55,51043.95,30,51056.65,75,45,633375
BANKNIFTY-II.NFO,22/11/2024,09:20:14,51050,51036.55,75,51049.95,75,45,633375
BANKNIFTY-II.NFO,22/11/2024,09:20:15,51056.3,51034.35,135,51055.55,30,225,633375
BANKNIFTY-II.NFO,22/11/2024,09:20:17,51028,51026.85,120,51045.3,45,15,633375
BANKNIFTY-II.NFO,22/11/2024,09:20:19,51028,51017.15,135,51036.35,45,0,633375
BANKNIFTY-II.NFO,22/11/2024,09:20:20,51018.9,51020.85,30,51036.35,45,45,633375
BANKNIFTY-II.NFO,22/11/2024,09:20:22,51021.95,51021.95,120,51037.75,75,15,633375
BANKNIFTY-II.NFO,22/11/2024,09:20:24,51034.75,51018.9,15,51034.05,45,60,633375
BANKNIFTY-II.NFO,22/11/2024,09:20:25,51014,51010.6,30,51029.05,120,225,633375
BANKNIFTY-II.NFO,22/11/2024,09:20:27,51010.6,51010.95,75,51028.85,135,15,633375
BANKNIFTY-II.NFO,22/11/2024,09:20:29,51017.8,51016.8,90,51033.85,135,30,633375
BANKNIFTY-II.NFO,22/11/2024,09:20:30,51018.55,51017.05,30,51030,15,45,633375
BANKNIFTY-II.NFO,22/11/2024,09:20:32,51014.05,51014,15,51029.85,120,30,633375
BANKNIFTY-II.NFO,22/11/2024,09:20:34,51014.05,51014,15,51029.45,120,0,633375
BANKNIFTY-II.NFO,22/11/2024,09:20:35,51014.05,51014,15,51018.55,15,0,633375
BANKNIFTY-II.NFO,22/11/2024,09:20:37,51017.3,51024.9,90,51039.7,30,135,633375
BANKNIFTY-II.NFO,22/11/2024,09:20:39,51043.85,51027.1,90,51044.95,165,15,633375
BANKNIFTY-II.NFO,22/11/2024,09:20:40,51043.85,51023.4,90,51042.5,135,0,633375
BANKNIFTY-II.NFO,22/11/2024,09:20:42,51023.4,51022.95,135,51041.1,120,120,633375
BANKNIFTY-II.NFO,22/11/2024,09:20:43,51020.05,51020.05,15,51034.05,120,75,633375
BANKNIFTY-II.NFO,22/11/2024,09:20:45,51032.7,51014.55,150,51032.7,45,90,633375
BANKNIFTY-II.NFO,22/11/2024,09:20:47,51032.75,51021.15,120,51038.35,30,210,633375
BANKNIFTY-II.NFO,22/11/2024,09:20:48,51018.15,51020.05,120,51037,60,45,633375
BANKNIFTY-II.NFO,22/11/2024,09:20:50,51018.15,51020.05,120,51035.85,45,0,633375
BANKNIFTY-II.NFO,22/11/2024,09:20:52,51018.15,51020,15,51034.4,45,0,633375
BANKNIFTY-II.NFO,22/11/2024,09:20:53,51020,51011.35,120,51028.65,60,15,633375
BANKNIFTY-II.NFO,22/11/2024,09:20:55,51012.6,51016.95,120,51034.25,105,60,633375
BANKNIFTY-II.NFO,22/11/2024,09:20:57,51034.25,51019.5,120,51036.9,105,15,633375
BANKNIFTY-II.NFO,22/11/2024,09:20:58,51017.95,51018.4,135,51033.95,120,15,633375
BANKNIFTY-II.NFO,22/11/2024,09:21:00,51017.95,51020,120,51034,15,0,633375
BANKNIFTY-II.NFO,22/11/2024,09:21:02,51035.5,51035.35,60,51040,135,90,633375
BANKNIFTY-II.NFO,22/11/2024,09:21:03,51040,51032.65,60,51040,90,90,633375
BANKNIFTY-II.NFO,22/11/2024,09:21:05,51040,51040.2,30,51045,180,135,633375
BANKNIFTY-II.NFO,22/11/2024,09:21:06,51045.3,51040,15,51050,15,225,633375
BANKNIFTY-II.NFO,22/11/2024,09:21:08,51039,51039.7,15,51050,15,135,633375
BANKNIFTY-II.NFO,22/11/2024,09:21:10,51042.95,51042.3,15,51054.8,15,45,633375
BANKNIFTY-II.NFO,22/11/2024,09:21:11,51054.8,51047.05,300,51056.7,45,15,633375
BANKNIFTY-II.NFO,22/11/2024,09:21:13,51054.8,51052,75,51056.7,45,0,633375
BANKNIFTY-II.NFO,22/11/2024,09:21:15,51060,51056.8,60,51074.95,135,75,633375
BANKNIFTY-II.NFO,22/11/2024,09:21:16,51074.95,51062.95,60,51075,45,30,633375
BANKNIFTY-II.NFO,22/11/2024,09:21:16,51074.95,51062.95,60,51075,45,0,633375
BANKNIFTY-II.NFO,22/11/2024,09:21:18,51066.85,51066.85,255,51075,45,45,633375
BANKNIFTY-II.NFO,22/11/2024,09:21:20,51075,51061.8,15,51074.95,120,30,633375
BANKNIFTY-II.NFO,22/11/2024,09:21:20,51075,51061.8,15,51074.95,120,0,633375
BANKNIFTY-II.NFO,22/11/2024,09:21:21,51073.25,51060,15,51073.2,135,45,633375
BANKNIFTY-II.NFO,22/11/2024,09:21:23,51068.15,51060.05,15,51068.1,75,180,633375
BANKNIFTY-II.NFO,22/11/2024,09:21:25,51071,51058.4,120,51075,30,375,633375
BANKNIFTY-II.NFO,22/11/2024,09:21:26,51071,51065,30,51075,30,0,633375
BANKNIFTY-II.NFO,22/11/2024,09:21:28,51066.45,51065.2,15,51074.95,15,15,633375
BANKNIFTY-II.NFO,22/11/2024,09:21:30,51070,51053.65,120,51070.95,30,90,633375
BANKNIFTY-II.NFO,22/11/2024,09:21:31,51070.9,51060.85,135,51075,45,45,633375
BANKNIFTY-II.NFO,22/11/2024,09:21:33,51078,51059.4,30,51078.85,30,375,633375
BANKNIFTY-II.NFO,22/11/2024,09:21:33,51078,51059.4,30,51078.85,30,0,633375
BANKNIFTY-II.NFO,22/11/2024,09:21:35,51078.95,51058.25,15,51075.65,30,240,634560
BANKNIFTY-II.NFO,22/11/2024,09:21:35,51078.95,51058.25,15,51075.65,30,0,634560
BANKNIFTY-II.NFO,22/11/2024,09:21:36,51074.15,51058.25,15,51076.25,135,15,634560
BANKNIFTY-II.NFO,22/11/2024,09:21:38,51078.9,51060.55,45,51078.95,105,30,634560
BANKNIFTY-II.NFO,22/11/2024,09:21:40,51078.9,51060.65,135,51078.95,105,0,634560
BANKNIFTY-II.NFO,22/11/2024,09:21:41,51078.9,51061,45,51078.95,105,0,634560
BANKNIFTY-II.NFO,22/11/2024,09:21:43,51078.9,51060.9,135,51078,30,0,634560
BANKNIFTY-II.NFO,22/11/2024,09:21:45,51078,51060.65,165,51078,15,15,634560
BANKNIFTY-II.NFO,22/11/2024,09:21:46,51078.95,51062.45,300,51078.95,45,90,634560
BANKNIFTY-II.NFO,22/11/2024,09:21:48,51063.05,51061.75,285,51078.45,30,30,634560
BANKNIFTY-II.NFO,22/11/2024,09:21:50,51078.95,51060.6,15,51073.7,15,15,634560
BANKNIFTY-II.NFO,22/11/2024,09:21:51,51074.5,51060.05,120,51078.9,15,15,634560
BANKNIFTY-II.NFO,22/11/2024,09:21:53,51080,51060.35,120,51079.55,30,105,634560
BANKNIFTY-II.NFO,22/11/2024,09:21:53,51080,51060.35,120,51079.55,30,0,634560
BANKNIFTY-II.NFO,22/11/2024,09:21:55,51080,51065.25,120,51080,165,30,634560
BANKNIFTY-II.NFO,22/11/2024,09:21:56,51080,51064.85,120,51080,165,0,634560
BANKNIFTY-II.NFO,22/11/2024,09:21:58,51065.85,51064.8,15,51080,135,45,634560
BANKNIFTY-II.NFO,22/11/2024,09:22:00,51078.45,51061.9,120,51078.3,15,90,634560
BANKNIFTY-II.NFO,22/11/2024,09:22:01,51078.45,51074.55,120,51078.3,15,0,634560
BANKNIFTY-II.NFO,22/11/2024,09:22:03,51080,51079.1,135,51085.75,15,165,634560
BANKNIFTY-II.NFO,22/11/2024,09:22:04,51090,51086,120,51093,15,90,634560
BANKNIFTY-II.NFO,22/11/2024,09:22:04,51090,51086,120,51093,15,0,634560
BANKNIFTY-II.NFO,22/11/2024,09:22:06,51085.7,51085.3,90,51093,15,165,634560
BANKNIFTY-II.NFO,22/11/2024,09:22:08,51086.75,51082.45,75,51093,15,15,634560
BANKNIFTY-II.NFO,22/11/2024,09:22:09,51085.7,51086.75,30,51097.4,15,90,634560
BANKNIFTY-II.NFO,22/11/2024,09:22:09,51093,51086.75,30,51097.4,15,0,634560
BANKNIFTY-II.NFO,22/11/2024,09:22:11,51086.75,51085.5,15,51097.4,15,15,634560
BANKNIFTY-II.NFO,22/11/2024,09:22:12,51085.5,51078.6,30,51097.35,150,15,634560
BANKNIFTY-II.NFO,22/11/2024,09:22:14,51077.6,51078.1,90,51095.6,135,60,634560
BANKNIFTY-II.NFO,22/11/2024,09:22:16,51077.6,51081.45,45,51096.2,15,0,634560
BANKNIFTY-II.NFO,22/11/2024,09:22:17,51081.45,51083.6,75,51097.4,15,15,634560
BANKNIFTY-II.NFO,22/11/2024,09:22:19,51081.45,51082.55,30,51097.4,15,0,634560
BANKNIFTY-II.NFO,22/11/2024,09:22:20,51097.4,51081.45,30,51097.1,15,15,634560
BANKNIFTY-II.NFO,22/11/2024,09:22:20,51097.4,51081.45,30,51097.1,15,0,634560
BANKNIFTY-II.NFO,22/11/2024,09:22:22,51097.4,51082.45,75,51090,30,0,634560
BANKNIFTY-II.NFO,22/11/2024,09:22:24,51090,51089.95,30,51097.4,15,30,634560
BANKNIFTY-II.NFO,22/11/2024,09:22:25,51090,51085.35,270,51096.7,30,0,634560
BANKNIFTY-II.NFO,22/11/2024,09:22:27,51090,51090,285,51097.4,15,15,634560
BANKNIFTY-II.NFO,22/11/2024,09:22:29,51096.35,51090.25,75,51106.95,120,480,634560
BANKNIFTY-II.NFO,22/11/2024,09:22:29,51102,51090.25,75,51106.95,120,0,634560
BANKNIFTY-II.NFO,22/11/2024,09:22:30,51096.35,51092.05,105,51107,105,0,634560
BANKNIFTY-II.NFO,22/11/2024,09:22:32,51090.9,51092.95,30,51107,105,15,634560
BANKNIFTY-II.NFO,22/11/2024,09:22:33,51090.9,51093.55,30,51100,15,0,634560
BANKNIFTY-II.NFO,22/11/2024,09:22:35,51098.65,51094.4,30,51097.4,30,45,634560
BANKNIFTY-II.NFO,22/11/2024,09:22:37,51097.4,51092.5,30,51107,105,60,634560
BANKNIFTY-II.NFO,22/11/2024,09:22:38,51097.4,51093.65,30,51107,105,0,634560
BANKNIFTY-II.NFO,22/11/2024,09:22:40,51107,51102.15,15,51107,45,90,634560
BANKNIFTY-II.NFO,22/11/2024,09:22:40,51107,51102.15,15,51107,45,0,634560
BANKNIFTY-II.NFO,22/11/2024,09:22:41,51107,51093.5,15,51100,15,0,634560
BANKNIFTY-II.NFO,22/11/2024,09:22:43,51100,51097.4,15,51105.8,135,15,634560
BANKNIFTY-II.NFO,22/11/2024,09:22:45,51090,51081.45,45,51094.95,120,120,634560
BANKNIFTY-II.NFO,22/11/2024,09:22:46,51097.9,51085.35,150,51102.1,120,60,634560
BANKNIFTY-II.NFO,22/11/2024,09:22:48,51097.9,51095.75,75,51100,15,0,634560
BANKNIFTY-II.NFO,22/11/2024,09:22:50,51114.25,51110,30,51115,15,195,634560
BANKNIFTY-II.NFO,22/11/2024,09:22:50,51114.25,51110,30,51115,15,0,634560
BANKNIFTY-II.NFO,22/11/2024,09:22:51,51115,51103.5,60,51115.35,15,30,634560
BANKNIFTY-II.NFO,22/11/2024,09:22:51,51115,51103.5,60,51115.35,15,0,634560
BANKNIFTY-II.NFO,22/11/2024,09:22:53,51115.35,51111.9,15,51118.1,15,30,634560
BANKNIFTY-II.NFO,22/11/2024,09:22:53,51115.35,51111.9,15,51118.1,15,0,634560
BANKNIFTY-II.NFO,22/11/2024,09:22:55,51128.4,51106.45,90,51124.9,120,90,634560
BANKNIFTY-II.NFO,22/11/2024,09:22:55,51128.4,51106.45,90,51124.9,120,0,634560
BANKNIFTY-II.NFO,22/11/2024,09:22:56,51128.4,51107.5,30,51124.95,120,0,634560
BANKNIFTY-II.NFO,22/11/2024,09:22:58,51107,51107.05,90,51120,15,15,634560
BANKNIFTY-II.NFO,22/11/2024,09:23:00,51118.05,51116.05,15,51125.85,120,45,634560
BANKNIFTY-II.NFO,22/11/2024,09:23:01,51124.95,51112.05,15,51126.45,105,90,634560
BANKNIFTY-II.NFO,22/11/2024,09:23:03,51124.95,51107,15,51118.95,105,0,634560
BANKNIFTY-II.NFO,22/11/2024,09:23:05,51111.55,51094.05,15,51110.1,90,105,634560
BANKNIFTY-II.NFO,22/11/2024,09:23:06,51098.45,51097.95,105,51110.55,30,90,634560
BANKNIFTY-II.NFO,22/11/2024,09:23:08,51108.05,51105,15,51106.35,15,15,634560
BANKNIFTY-II.NFO,22/11/2024,09:23:10,51108.05,51105,15,51106.35,15,0,634560
BANKNIFTY-II.NFO,22/11/2024,09:23:13,51106.35,51097.4,60,51108,120,45,634560
BANKNIFTY-II.NFO,22/11/2024,09:23:15,51097.4,51096.05,15,51111,120,75,634560
BANKNIFTY-II.NFO,22/11/2024,09:23:16,51113.85,51102.05,15,51113.85,120,60,634560
BANKNIFTY-II.NFO,22/11/2024,09:23:18,51102.6,51100.95,30,51110,210,30,634560
BANKNIFTY-II.NFO,22/11/2024,09:23:20,51102.6,51098.65,90,51110,210,0,634560
BANKNIFTY-II.NFO,22/11/2024,09:23:21,51110,51110.6,75,51113,15,225,634560
BANKNIFTY-II.NFO,22/11/2024,09:23:23,51113,51112.65,75,51119,30,15,634560
BANKNIFTY-II.NFO,22/11/2024,09:23:25,51119,51113.5,15,51119,15,15,634560
BANKNIFTY-II.NFO,22/11/2024,09:23:26,51107.4,51108.5,60,51119,15,990,634560
BANKNIFTY-II.NFO,22/11/2024,09:23:28,51107.4,51106.85,75,51119,15,0,634560
BANKNIFTY-II.NFO,22/11/2024,09:23:30,51118.95,51105.15,75,51119,45,75,634560
BANKNIFTY-II.NFO,22/11/2024,09:23:31,51119,51110.05,15,51120,45,30,634560
BANKNIFTY-II.NFO,22/11/2024,09:23:33,51119,51112.8,15,51120,45,0,634560
BANKNIFTY-II.NFO,22/11/2024,09:23:35,51120.75,51122.35,75,51124,15,105,634560
BANKNIFTY-II.NFO,22/11/2024,09:23:36,51125,51118.35,15,51125,30,75,634560
BANKNIFTY-II.NFO,22/11/2024,09:23:38,51129.2,51124.75,75,51130,30,75,634560
BANKNIFTY-II.NFO,22/11/2024,09:23:38,51129.2,51124.75,75,51130,30,0,634560
BANKNIFTY-II.NFO,22/11/2024,09:23:40,51126.8,51126.7,15,51130,30,15,634560
BANKNIFTY-II.NFO,22/11/2024,09:23:41,51165,51165,7620,51165.05,15,27195,634560
BANKNIFTY-II.NFO,22/11/2024,09:23:41,51180.8,51165,7620,51165.05,15,0,634560
BANKNIFTY-II.NFO,22/11/2024,09:23:43,51165,51165,7575,51167.85,15,810,634560
BANKNIFTY-II.NFO,22/11/2024,09:23:45,51172.3,51165,7560,51171.8,30,150,634560
BANKNIFTY-II.NFO,22/11/2024,09:23:46,51172.3,51165,7575,51167.45,15,0,634560
BANKNIFTY-II.NFO,22/11/2024,09:23:48,51172.2,51165.05,30,51175.3,30,120,634560
BANKNIFTY-II.NFO,22/11/2024,09:23:50,51165.05,51165.05,30,51178.45,15,60,634560
BANKNIFTY-II.NFO,22/11/2024,09:23:51,51180.05,51165.05,30,51178.35,30,240,634560
BANKNIFTY-II.NFO,22/11/2024,09:23:53,51166.1,51168.1,120,51178.35,15,195,634560
BANKNIFTY-II.NFO,22/11/2024,09:23:55,51190,51170.3,120,51188.5,15,855,634560
BANKNIFTY-II.NFO,22/11/2024,09:23:55,51190,51170.3,120,51188.5,15,0,634560
BANKNIFTY-II.NFO,22/11/2024,09:23:56,51192.5,51175.35,30,51190.15,15,885,634560
BANKNIFTY-II.NFO,22/11/2024,09:23:56,51192.6,51175.35,30,51190.15,15,0,634560
BANKNIFTY-II.NFO,22/11/2024,09:23:58,51175,51175,285,51187.4,30,15,634560
BANKNIFTY-II.NFO,22/11/2024,09:24:00,51175,51175.05,30,51185.35,15,105,634560
BANKNIFTY-II.NFO,22/11/2024,09:24:01,51190,51175.05,45,51188.5,15,75,634560
BANKNIFTY-II.NFO,22/11/2024,09:24:03,51179.6,51179.25,30,51192.5,75,240,634560
BANKNIFTY-II.NFO,22/11/2024,09:24:05,51199.9,51181.6,30,51196.9,15,765,634560
BANKNIFTY-II.NFO,22/11/2024,09:24:05,51199.9,51181.6,30,51196.9,15,0,634560
BANKNIFTY-II.NFO,22/11/2024,09:24:06,51198,51184.4,45,51198.45,15,255,634560
BANKNIFTY-II.NFO,22/11/2024,09:24:06,51200,51184.4,45,51198.45,15,0,634560
BANKNIFTY-II.NFO,22/11/2024,09:24:08,51185,51185,45,51195.15,60,1035,634560
BANKNIFTY-II.NFO,22/11/2024,09:24:10,51179.1,51179.65,135,51191.95,30,690,634560
BANKNIFTY-II.NFO,22/11/2024,09:24:11,51175,51167.8,120,51181.3,30,1095,634560
BANKNIFTY-II.NFO,22/11/2024,09:24:13,51180,51174.4,150,51191.95,300,15,634560
BANKNIFTY-II.NFO,22/11/2024,09:24:15,51195.2,51182.65,135,51197.1,300,45,634560
BANKNIFTY-II.NFO,22/11/2024,09:24:16,51205.75,51189.55,120,51201.55,15,1065,634560
BANKNIFTY-II.NFO,22/11/2024,09:24:16,51205.75,51189.55,120,51201.55,15,0,634560
BANKNIFTY-II.NFO,22/11/2024,09:24:18,51189,51191.95,135,51202.6,15,15,634560
BANKNIFTY-II.NFO,22/11/2024,09:24:20,51203.1,51191.95,90,51205.45,300,75,634560
BANKNIFTY-II.NFO,22/11/2024,09:24:21,51185.05,51185.05,135,51191.95,30,135,634560
BANKNIFTY-II.NFO,22/11/2024,09:24:23,51199.1,51185,60,51198.85,45,195,634560
BANKNIFTY-II.NFO,22/11/2024,09:24:25,51187.8,51186.45,15,51193.6,30,1410,634560
BANKNIFTY-II.NFO,22/11/2024,09:24:26,51195,51181.85,90,51195,30,240,634560
BANKNIFTY-II.NFO,22/11/2024,09:24:28,51179.85,51180.55,75,51193.85,300,285,634560
BANKNIFTY-II.NFO,22/11/2024,09:24:30,51180.75,51181,150,51195.2,150,135,634560
BANKNIFTY-II.NFO,22/11/2024,09:24:31,51179.45,51182.55,15,51187,30,510,634560
BANKNIFTY-II.NFO,22/11/2024,09:24:33,51186.2,51187.05,15,51195,75,195,634560
BANKNIFTY-II.NFO,22/11/2024,09:24:35,51179.1,51177.15,150,51195,90,1275,634560
BANKNIFTY-II.NFO,22/11/2024,09:24:36,51179.95,51178,15,51179.95,45,15,650580
BANKNIFTY-II.NFO,22/11/2024,09:24:38,51195.9,51176.15,120,51179.1,15,975,650580
BANKNIFTY-II.NFO,22/11/2024,09:24:40,51195.9,51175,15,51179.1,15,0,650580
BANKNIFTY-II.NFO,22/11/2024,09:24:41,51175,51175,300,51179.1,15,75,650580
BANKNIFTY-II.NFO,22/11/2024,09:24:43,51189.6,51177.05,135,51189.15,15,195,650580
BANKNIFTY-II.NFO,22/11/2024,09:24:45,51175.9,51175,285,51189.1,120,180,650580
BANKNIFTY-II.NFO,22/11/2024,09:24:46,51175,51175,270,51184.65,15,15,650580
BANKNIFTY-II.NFO,22/11/2024,09:24:48,51175,51175,210,51177.05,15,90,650580
BANKNIFTY-II.NFO,22/11/2024,09:24:50,51175,51175,105,51177.05,15,90,650580
BANKNIFTY-II.NFO,22/11/2024,09:24:51,51190.35,51172.05,90,51189.05,120,1110,650580
BANKNIFTY-II.NFO,22/11/2024,09:24:53,51175,51173,45,51187.95,120,30,650580
BANKNIFTY-II.NFO,22/11/2024,09:24:54,51188,51182.95,120,51189.6,30,210,650580
BANKNIFTY-II.NFO,22/11/2024,09:24:56,51195,51194.15,120,51198.95,30,120,650580
BANKNIFTY-II.NFO,22/11/2024,09:24:58,51195,51195,15,51198.95,30,60,650580
BANKNIFTY-II.NFO,22/11/2024,09:24:59,51180.35,51180.35,105,51194.25,15,30,650580
BANKNIFTY-II.NFO,22/11/2024,09:25:01,51191.6,51179.25,30,51191.6,15,375,650580
BANKNIFTY-II.NFO,22/11/2024,09:25:03,51185.45,51185.45,30,51197.75,15,360,650580
BANKNIFTY-II.NFO,22/11/2024,09:25:04,51191.65,51191.6,60,51199.85,30,240,650580
BANKNIFTY-II.NFO,22/11/2024,09:25:06,51180.9,51178.15,30,51191.3,15,450,650580
BANKNIFTY-II.NFO,22/11/2024,09:25:08,51190.5,51184.75,30,51190.5,135,135,650580
BANKNIFTY-II.NFO,22/11/2024,09:25:09,51193,51184.1,45,51193,30,90,650580
BANKNIFTY-II.NFO,22/11/2024,09:25:11,51180.15,51179.8,30,51184.75,90,195,650580
BANKNIFTY-II.NFO,22/11/2024,09:25:13,51184.75,51182.35,15,51184.75,30,75,650580
BANKNIFTY-II.NFO,22/11/2024,09:25:14,51183.6,51183.55,15,51198,30,45,650580
BANKNIFTY-II.NFO,22/11/2024,09:25:16,51185.5,51185.65,75,51199.7,30,315,650580
BANKNIFTY-II.NFO,22/11/2024,09:25:17,51192.7,51192.7,30,51199.85,30,75,650580
BANKNIFTY-II.NFO,22/11/2024,09:25:19,51192.7,51192.7,15,51199.85,15,45,650580
BANKNIFTY-II.NFO,22/11/2024,09:25:21,51197.95,51185,150,51197.95,135,150,650580
BANKNIFTY-II.NFO,22/11/2024,09:25:22,51185.05,51185.05,75,51197.95,30,225,650580
BANKNIFTY-II.NFO,22/11/2024,09:25:24,51185.05,51191.5,45,51199.8,135,0,650580
BANKNIFTY-II.NFO,22/11/2024,09:25:26,51191.55,51191.5,45,51192.7,15,15,650580
BANKNIFTY-II.NFO,22/11/2024,09:25:27,51210,51203,30,51210,30,345,650580
BANKNIFTY-II.NFO,22/11/2024,09:25:27,51210,51203,30,51210,30,0,650580
BANKNIFTY-II.NFO,22/11/2024,09:25:29,51186.45,51187.35,15,51205.25,120,255,650580
BANKNIFTY-II.NFO,22/11/2024,09:25:31,51188.05,51186,60,51198.85,120,120,650580
BANKNIFTY-II.NFO,22/11/2024,09:25:32,51192.55,51184.75,15,51192.55,135,165,650580
BANKNIFTY-II.NFO,22/11/2024,09:25:34,51175,51170,60,51179,30,675,650580
BANKNIFTY-II.NFO,22/11/2024,09:25:36,51170,51165,6060,51174.45,120,315,650580
BANKNIFTY-II.NFO,22/11/2024,09:25:37,51165,51165,495,51166.15,15,5685,650580
BANKNIFTY-II.NFO,22/11/2024,09:25:39,51165.6,51165.6,1095,51173.75,15,75,650580
BANKNIFTY-II.NFO,22/11/2024,09:25:41,51169.7,51165.6,1095,51169.5,15,15,650580
BANKNIFTY-II.NFO,22/11/2024,09:25:42,51173.2,51165.6,1095,51171.9,15,15,650580
BANKNIFTY-II.NFO,22/11/2024,09:25:44,51171.9,51171.9,450,51176.4,300,945,650580
BANKNIFTY-II.NFO,22/11/2024,09:25:46,51174.15,51174.15,180,51176.55,15,15,650580
BANKNIFTY-II.NFO,22/11/2024,09:25:47,51171.9,51171.9,330,51171.95,15,330,650580
BANKNIFTY-II.NFO,22/11/2024,09:25:49,51171.9,51165.55,60,51171.9,60,405,650580
BANKNIFTY-II.NFO,22/11/2024,09:25:51,51168.75,51168.75,15,51170.45,15,60,650580
BANKNIFTY-II.NFO,22/11/2024,09:25:52,51170,51168.75,15,51178.45,15,120,650580
BANKNIFTY-II.NFO,22/11/2024,09:25:54,51173.6,51168.75,15,51173.6,30,15,650580
BANKNIFTY-II.NFO,22/11/2024,09:25:55,51173.6,51171.2,15,51173.6,15,15,650580
BANKNIFTY-II.NFO,22/11/2024,09:25:59,51171.2,51168.1,135,51173.6,30,15,650580
BANKNIFTY-II.NFO,22/11/2024,09:26:00,51178.7,51172.05,15,51181.3,45,300,650580
BANKNIFTY-II.NFO,22/11/2024,09:26:02,51182.75,51174.1,120,51182.65,15,225,650580
BANKNIFTY-II.NFO,22/11/2024,09:26:04,51178.4,51178.4,15,51182.7,15,30,650580
BANKNIFTY-II.NFO,22/11/2024,09:26:05,51178.4,51172.1,135,51182.7,15,15,650580
BANKNIFTY-II.NFO,22/11/2024,09:26:07,51180,51174.05,15,51182.7,15,45,650580
BANKNIFTY-II.NFO,22/11/2024,09:26:09,51185.6,51170,30,51182.5,45,90,650580
BANKNIFTY-II.NFO,22/11/2024,09:26:11,51176.25,51170,30,51176.25,30,45,650580
BANKNIFTY-II.NFO,22/11/2024,09:26:12,51173.15,51170,30,51176.25,30,15,650580
BANKNIFTY-II.NFO,22/11/2024,09:26:14,51176.25,51170.05,135,51176.25,15,15,650580
BANKNIFTY-II.NFO,22/11/2024,09:26:16,51180,51170.05,120,51184.95,120,225,650580
BANKNIFTY-II.NFO,22/11/2024,09:26:17,51183,51170.05,120,51183.5,15,90,650580
BANKNIFTY-II.NFO,22/11/2024,09:26:19,51183,51176.8,30,51185.6,180,0,650580
BANKNIFTY-II.NFO,22/11/2024,09:26:21,51176.8,51170.7,135,51185.45,15,30,650580
BANKNIFTY-II.NFO,22/11/2024,09:26:22,51171.15,51171.2,120,51185.45,15,15,650580
BANKNIFTY-II.NFO,22/11/2024,09:26:24,51170.05,51170.05,120,51176.8,15,30,650580
BANKNIFTY-II.NFO,22/11/2024,09:26:26,51170.05,51170,105,51177.95,60,165,650580
BANKNIFTY-II.NFO,22/11/2024,09:26:27,51174,51174,15,51179.3,90,15,650580
BANKNIFTY-II.NFO,22/11/2024,09:26:29,51164,51160,1380,51170.15,165,720,650580
BANKNIFTY-II.NFO,22/11/2024,09:26:31,51160,51160,1305,51164.95,15,225,650580
BANKNIFTY-II.NFO,22/11/2024,09:26:32,51158,51155,2055,51158.4,15,1410,650580
BANKNIFTY-II.NFO,22/11/2024,09:26:34,51160,51155,2040,51160,15,300,650580
BANKNIFTY-II.NFO,22/11/2024,09:26:36,51159.4,51155,2040,51160.5,15,75,650580
BANKNIFTY-II.NFO,22/11/2024,09:26:37,51155,51155,1305,51155.05,30,750,650580
BANKNIFTY-II.NFO,22/11/2024,09:26:39,51155,51155,1035,51155.3,30,420,650580
BANKNIFTY-II.NFO,22/11/2024,09:26:41,51160,51155.05,135,51165,450,450,650580
BANKNIFTY-II.NFO,22/11/2024,09:26:42,51161.85,51160.1,135,51168,15,465,650580
BANKNIFTY-II.NFO,22/11/2024,09:26:44,51164.05,51164.05,45,51168,15,45,650580
BANKNIFTY-II.NFO,22/11/2024,09:26:46,51164.05,51164.05,30,51168,15,30,650580
BANKNIFTY-II.NFO,22/11/2024,09:26:47,51168,51168,60,51170,15,30,650580
BANKNIFTY-II.NFO,22/11/2024,09:26:49,51170,51169,15,51175,30,15,650580
BANKNIFTY-II.NFO,22/11/2024,09:26:51,51168.05,51175,45,51177.9,255,90,650580
BANKNIFTY-II.NFO,22/11/2024,09:26:52,51168,51168,15,51173.95,45,75,650580
BANKNIFTY-II.NFO,22/11/2024,09:26:54,51155.05,51155.05,135,51165.8,45,75,650580
BANKNIFTY-II.NFO,22/11/2024,09:26:55,51155,51160.05,120,51165.7,30,30,650580
BANKNIFTY-II.NFO,22/11/2024,09:26:57,51165.7,51160.05,120,51168,15,45,650580
BANKNIFTY-II.NFO,22/11/2024,09:26:59,51164.1,51164.1,120,51168,15,30,650580
BANKNIFTY-II.NFO,22/11/2024,09:27:00,51160.05,51160.05,90,51168.95,15,90,650580
BANKNIFTY-II.NFO,22/11/2024,09:27:02,51164.5,51160.05,135,51169,30,90,650580
BANKNIFTY-II.NFO,22/11/2024,09:27:04,51164.55,51160.1,75,51169,30,15,650580
BANKNIFTY-II.NFO,22/11/2024,09:27:05,51160.1,51160.6,60,51164.5,15,15,650580
BANKNIFTY-II.NFO,22/11/2024,09:27:07,51161.05,51160.1,30,51164.5,30,510,650580
BANKNIFTY-II.NFO,22/11/2024,09:27:09,51162.3,51162.3,75,51164.1,15,30,650580
BANKNIFTY-II.NFO,22/11/2024,09:27:10,51160.05,51160.05,30,51164.1,15,90,650580
BANKNIFTY-II.NFO,22/11/2024,09:27:12,51162.1,51160.05,30,51164.5,30,60,650580
BANKNIFTY-II.NFO,22/11/2024,09:27:14,51168.7,51166.85,45,51175,30,480,650580
BANKNIFTY-II.NFO,22/11/2024,09:27:15,51170.95,51170.95,90,51177,15,15,650580
BANKNIFTY-II.NFO,22/11/2024,09:27:17,51170.95,51171.6,15,51177,15,15,650580
BANKNIFTY-II.NFO,22/11/2024,09:27:19,51168.95,51168.95,15,51169.95,15,120,650580
BANKNIFTY-II.NFO,22/11/2024,09:27:20,51168.95,51169.45,30,51169.95,15,0,650580
BANKNIFTY-II.NFO,22/11/2024,09:27:22,51169.45,51169.45,15,51169.95,15,15,650580
BANKNIFTY-II.NFO,22/11/2024,09:27:24,51169.45,51168.95,15,51169.95,15,15,650580
BANKNIFTY-II.NFO,22/11/2024,09:27:25,51168.95,51164.85,60,51169.95,15,15,650580
BANKNIFTY-II.NFO,22/11/2024,09:27:27,51170.05,51170.95,15,51176.95,15,45,650580
BANKNIFTY-II.NFO,22/11/2024,09:27:28,51169.5,51166.1,15,51176.95,15,45,650580
BANKNIFTY-II.NFO,22/11/2024,09:27:30,51168.25,51167.05,15,51168.25,30,90,650580
BANKNIFTY-II.NFO,22/11/2024,09:27:32,51168.2,51168.35,135,51168.95,15,45,650580
BANKNIFTY-II.NFO,22/11/2024,09:27:33,51168.25,51167.65,15,51168.95,15,15,650580
BANKNIFTY-II.NFO,22/11/2024,09:27:35,51185.4,51172.2,30,51187.95,120,540,650580
BANKNIFTY-II.NFO,22/11/2024,09:27:37,51180.1,51180.1,30,51190,45,75,654090
BANKNIFTY-II.NFO,22/11/2024,09:27:38,51180.1,51185.05,15,51190,45,0,654090
BANKNIFTY-II.NFO,22/11/2024,09:27:40,51194.95,51185.05,15,51194.95,120,120,654090
BANKNIFTY-II.NFO,22/11/2024,09:27:42,51185.05,51169.45,120,51180.05,15,90,654090
BANKNIFTY-II.NFO,22/11/2024,09:27:43,51174.75,51174.8,120,51180.1,15,135,654090
BANKNIFTY-II.NFO,22/11/2024,09:27:45,51180.1,51182.75,30,51188.25,15,15,654090
BANKNIFTY-II.NFO,22/11/2024,09:27:47,51185.5,51182.75,30,51188.25,15,15,654090
BANKNIFTY-II.NFO,22/11/2024,09:27:48,51180.05,51177.45,15,51180.05,15,60,654090
BANKNIFTY-II.NFO,22/11/2024,09:27:50,51178.75,51175.9,120,51188.25,15,30,654090
BANKNIFTY-II.NFO,22/11/2024,09:27:52,51176.55,51175.15,135,51190,45,255,654090
BANKNIFTY-II.NFO,22/11/2024,09:27:53,51182.6,51175,15,51192.1,30,45,654090
BANKNIFTY-II.NFO,22/11/2024,09:27:55,51183.55,51175.25,15,51191.2,15,15,654090
BANKNIFTY-II.NFO,22/11/2024,09:27:57,51193.65,51180,15,51193.65,30,45,654090
BANKNIFTY-II.NFO,22/11/2024,09:27:58,51186.8,51176.5,15,51186.25,15,195,654090
BANKNIFTY-II.NFO,22/11/2024,09:28:00,51176.5,51174.3,30,51176.5,75,75,654090
BANKNIFTY-II.NFO,22/11/2024,09:28:01,51174.3,51174,555,51176.45,15,150,654090
BANKNIFTY-II.NFO,22/11/2024,09:28:03,51164.95,51160.05,30,51165,15,645,654090
BANKNIFTY-II.NFO,22/11/2024,09:28:05,51162.55,51160.1,120,51162.55,15,150,654090
BANKNIFTY-II.NFO,22/11/2024,09:28:06,51161.35,51160.05,15,51161.35,15,120,654090
BANKNIFTY-II.NFO,22/11/2024,09:28:08,51160.05,51162.6,120,51176.5,45,15,654090
BANKNIFTY-II.NFO,22/11/2024,09:28:10,51175.1,51160.75,15,51175.1,15,135,654090
BANKNIFTY-II.NFO,22/11/2024,09:28:11,51175.1,51175.1,180,51179.4,30,105,654090
BANKNIFTY-II.NFO,22/11/2024,09:28:13,51175.1,51160,15,51175.05,30,255,654090
BANKNIFTY-II.NFO,22/11/2024,09:28:15,51175.1,51167.55,45,51175.1,30,0,654090
BANKNIFTY-II.NFO,22/11/2024,09:28:16,51180.25,51167.6,135,51182.6,15,120,654090
BANKNIFTY-II.NFO,22/11/2024,09:28:18,51180.25,51175.1,30,51182.6,15,0,654090
BANKNIFTY-II.NFO,22/11/2024,09:28:20,51185,51182.6,30,51188.65,15,75,654090
BANKNIFTY-II.NFO,22/11/2024,09:28:21,51181.3,51178.45,165,51188.65,15,90,654090
BANKNIFTY-II.NFO,22/11/2024,09:28:23,51193.65,51192.4,120,51195,15,255,654090
BANKNIFTY-II.NFO,22/11/2024,09:28:25,51220,51212.05,45,51220,15,390,654090
BANKNIFTY-II.NFO,22/11/2024,09:28:25,51220,51212.05,45,51220,15,0,654090
BANKNIFTY-II.NFO,22/11/2024,09:28:26,51225,51216.05,75,51224.95,120,120,654090
BANKNIFTY-II.NFO,22/11/2024,09:28:26,51225,51216.05,75,51224.95,120,0,654090
BANKNIFTY-II.NFO,22/11/2024,09:28:28,51216.05,51216.05,60,51221.7,120,45,654090
BANKNIFTY-II.NFO,22/11/2024,09:28:30,51224.95,51216.05,60,51224.95,120,135,654090
BANKNIFTY-II.NFO,22/11/2024,09:28:31,51221.7,51221.7,15,51225,105,60,654090
BANKNIFTY-II.NFO,22/11/2024,09:28:33,51221.7,51223.35,15,51225,105,0,654090
BANKNIFTY-II.NFO,22/11/2024,09:28:35,51225,51225,120,51230,45,105,654090
BANKNIFTY-II.NFO,22/11/2024,09:28:37,51225,51227.5,15,51230,45,0,654090
BANKNIFTY-II.NFO,22/11/2024,09:28:38,51226.85,51226.85,15,51239.7,120,195,654090
BANKNIFTY-II.NFO,22/11/2024,09:28:38,51239.7,51226.85,15,51239.7,120,0,654090
BANKNIFTY-II.NFO,22/11/2024,09:28:40,51239.1,51233.3,15,51239.1,60,90,654090
BANKNIFTY-II.NFO,22/11/2024,09:28:42,51225,51220.55,135,51239.55,30,585,654090
BANKNIFTY-II.NFO,22/11/2024,09:28:42,51241.55,51220.55,135,51239.55,30,0,654090
BANKNIFTY-II.NFO,22/11/2024,09:28:43,51220,51220,705,51234.75,30,180,654090
BANKNIFTY-II.NFO,22/11/2024,09:28:45,51220,51227.4,30,51234.95,15,0,654090
BANKNIFTY-II.NFO,22/11/2024,09:28:47,51230.6,51230.55,45,51235,90,90,654090
BANKNIFTY-II.NFO,22/11/2024,09:28:48,51235,51228.4,30,51233.3,15,30,654090
BANKNIFTY-II.NFO,22/11/2024,09:28:50,51245.7,51238.1,15,51245.8,15,195,654090
BANKNIFTY-II.NFO,22/11/2024,09:28:50,51245.7,51238.1,15,51245.8,15,0,654090
BANKNIFTY-II.NFO,22/11/2024,09:28:52,51245.7,51241.95,30,51245.8,15,0,654090
BANKNIFTY-II.NFO,22/11/2024,09:28:55,51248,51247.1,15,51249,15,45,654090
BANKNIFTY-II.NFO,22/11/2024,09:28:55,51248,51247.1,15,51249,15,0,654090
BANKNIFTY-II.NFO,22/11/2024,09:28:57,51247.1,51238.05,15,51250,270,360,654090
BANKNIFTY-II.NFO,22/11/2024,09:28:57,51250,51238.05,15,51250,270,0,654090
BANKNIFTY-II.NFO,22/11/2024,09:28:58,51250,51248,30,51249.95,15,90,654090
BANKNIFTY-II.NFO,22/11/2024,09:29:00,51245.7,51244.05,45,51248,60,90,654090
BANKNIFTY-II.NFO,22/11/2024,09:29:01,51244.05,51238.05,30,51248,30,360,654090
BANKNIFTY-II.NFO,22/11/2024,09:29:03,51245,51243.05,75,51245.7,15,15,654090
BANKNIFTY-II.NFO,22/11/2024,09:29:05,51245,51243.05,75,51245.65,30,0,654090
BANKNIFTY-II.NFO,22/11/2024,09:29:06,51245.65,51243.05,75,51245.65,15,15,654090
BANKNIFTY-II.NFO,22/11/2024,09:29:08,51245.7,51245.65,60,51248,15,30,654090
BANKNIFTY-II.NFO,22/11/2024,09:29:10,51258.35,51245.65,60,51257.95,15,105,654090
BANKNIFTY-II.NFO,22/11/2024,09:29:10,51258.35,51245.65,60,51257.95,15,0,654090
BANKNIFTY-II.NFO,22/11/2024,09:29:11,51260.9,51257.95,60,51260.6,60,105,654090
BANKNIFTY-II.NFO,22/11/2024,09:29:11,51260.9,51257.95,60,51260.6,60,0,654090
BANKNIFTY-II.NFO,22/11/2024,09:29:13,51257.95,51251.8,15,51259.15,75,75,654090
BANKNIFTY-II.NFO,22/11/2024,09:29:15,51257.95,51255.5,15,51262.05,15,0,654090
BANKNIFTY-II.NFO,22/11/2024,09:29:16,51256.85,51245,30,51255,15,165,654090
BANKNIFTY-II.NFO,22/11/2024,09:29:16,51262.05,51245,30,51255,15,0,654090
BANKNIFTY-II.NFO,22/11/2024,09:29:18,51250,51245,30,51250,255,60,654090
BANKNIFTY-II.NFO,22/11/2024,09:29:20,51234.95,51230.3,150,51245.95,15,300,654090
BANKNIFTY-II.NFO,22/11/2024,09:29:21,51249.95,51238.15,60,51247.9,75,255,654090
BANKNIFTY-II.NFO,22/11/2024,09:29:23,51243.05,51243.05,30,51247.4,300,30,654090
BANKNIFTY-II.NFO,22/11/2024,09:29:25,51243.05,51243.05,15,51249.15,30,15,654090
BANKNIFTY-II.NFO,22/11/2024,09:29:26,51224.4,51220.15,120,51237.9,105,195,654090
BANKNIFTY-II.NFO,22/11/2024,09:29:28,51220.15,51220,1305,51229.9,105,75,654090
BANKNIFTY-II.NFO,22/11/2024,09:29:29,51229.95,51220,1305,51231.1,30,180,654090
BANKNIFTY-II.NFO,22/11/2024,09:29:31,51225.55,51220,1305,51223,15,30,654090
BANKNIFTY-II.NFO,22/11/2024,09:29:33,51203.8,51202.4,120,51219.9,30,2115,654090
BANKNIFTY-II.NFO,22/11/2024,09:29:34,51220.5,51211.15,405,51220.5,195,165,654090
BANKNIFTY-II.NFO,22/11/2024,09:29:36,51215.85,51215.85,15,51220,15,15,654090
BANKNIFTY-II.NFO,22/11/2024,09:29:38,51215.85,51211.15,405,51219.95,15,15,654090
BANKNIFTY-II.NFO,22/11/2024,09:29:39,51215.55,51206.4,120,51219.95,15,420,654090
BANKNIFTY-II.NFO,22/11/2024,09:29:41,51213.2,51213.25,120,51222.15,300,60,654090
BANKNIFTY-II.NFO,22/11/2024,09:29:43,51213.2,51220,45,51225.95,15,0,654090
BANKNIFTY-II.NFO,22/11/2024,09:29:44,51217.7,51213.2,60,51221.7,120,60,654090
BANKNIFTY-II.NFO,22/11/2024,09:29:46,51221.7,51217.45,15,51222.05,300,60,654090
BANKNIFTY-II.NFO,22/11/2024,09:29:47,51217.45,51205.05,135,51219.9,15,30,654090
BANKNIFTY-II.NFO,22/11/2024,09:29:49,51208.8,51206.05,135,51217.4,15,15,654090
BANKNIFTY-II.NFO,22/11/2024,09:29:51,51208.8,51206.75,165,51215.6,15,0,654090
BANKNIFTY-II.NFO,22/11/2024,09:29:52,51208.8,51206.2,135,51215.6,15,0,654090
BANKNIFTY-II.NFO,22/11/2024,09:29:54,51208.85,51213.1,135,51217.4,15,15,654090
BANKNIFTY-II.NFO,22/11/2024,09:29:56,51215.6,51207.4,135,51217.4,15,15,654090
BANKNIFTY-II.NFO,22/11/2024,09:29:57,51217.7,51212.65,120,51220,15,45,654090
BANKNIFTY-II.NFO,22/11/2024,09:29:59,51211.85,51211.15,105,51220,15,240,654090
BANKNIFTY-II.NFO,22/11/2024,09:30:01,51206.85,51206.95,195,51211.9,30,75,654090
BANKNIFTY-II.NFO,22/11/2024,09:30:02,51206.95,51211,60,51219.9,60,30,654090
BANKNIFTY-II.NFO,22/11/2024,09:30:04,51230,51222.3,30,51239.9,120,375,654090
BANKNIFTY-II.NFO,22/11/2024,09:30:06,51234.65,51237.5,30,51247.35,15,45,654090
BANKNIFTY-II.NFO,22/11/2024,09:30:07,51250,51239.95,150,51249.95,15,90,654090
BANKNIFTY-II.NFO,22/11/2024,09:30:09,51239.9,51238.25,30,51247.95,15,75,654090
BANKNIFTY-II.NFO,22/11/2024,09:30:11,51243.1,51239.6,105,51245.95,15,105,654090
BANKNIFTY-II.NFO,22/11/2024,09:30:12,51239.15,51235.5,60,51245.95,15,60,654090
BANKNIFTY-II.NFO,22/11/2024,09:30:14,51239.9,51239.15,75,51249.95,15,60,654090
BANKNIFTY-II.NFO,22/11/2024,09:30:16,51250,51249.45,30,51258,15,480,654090
BANKNIFTY-II.NFO,22/11/2024,09:30:17,51241.4,51243,75,51249.95,15,150,654090
BANKNIFTY-II.NFO,22/11/2024,09:30:19,51247.1,51246.5,15,51251.95,15,75,654090
BANKNIFTY-II.NFO,22/11/2024,09:30:21,51255,51255.25,225,51259.95,15,60,654090
BANKNIFTY-II.NFO,22/11/2024,09:30:22,51259.9,51260.85,75,51264.95,15,150,654090
BANKNIFTY-II.NFO,22/11/2024,09:30:24,51266.05,51266.35,150,51269.95,15,210,654090
BANKNIFTY-II.NFO,22/11/2024,09:30:24,51267.3,51266.35,150,51269.95,15,0,654090
BANKNIFTY-II.NFO,22/11/2024,09:30:26,51275.75,51264.45,105,51275.75,135,405,654090
BANKNIFTY-II.NFO,22/11/2024,09:30:26,51275.75,51264.45,105,51275.75,135,0,654090
BANKNIFTY-II.NFO,22/11/2024,09:30:27,51260.6,51260.7,150,51274.65,120,270,654090
BANKNIFTY-II.NFO,22/11/2024,09:30:29,51267.7,51259,75,51264.9,15,60,654090
BANKNIFTY-II.NFO,22/11/2024,09:30:31,51264.9,51264.9,75,51264.95,15,15,654090
BANKNIFTY-II.NFO,22/11/2024,09:30:32,51274.35,51266.7,30,51273.4,15,330,654090
BANKNIFTY-II.NFO,22/11/2024,09:30:34,51270.05,51262.8,75,51273.4,15,90,654090
BANKNIFTY-II.NFO,22/11/2024,09:30:35,51265.65,51266.5,150,51268.1,15,120,654090
BANKNIFTY-II.NFO,22/11/2024,09:30:37,51268.1,51267.3,30,51275,15,15,654090
BANKNIFTY-II.NFO,22/11/2024,09:30:39,51275.75,51267.4,75,51275.75,45,45,657480
BANKNIFTY-II.NFO,22/11/2024,09:30:40,51280,51271.6,15,51279.8,120,150,657480
BANKNIFTY-II.NFO,22/11/2024,09:30:40,51280,51271.6,15,51279.8,120,0,657480
BANKNIFTY-II.NFO,22/11/2024,09:30:42,51271.6,51264.55,120,51279.85,120,75,657480
BANKNIFTY-II.NFO,22/11/2024,09:30:44,51280,51272.2,15,51279.95,120,75,657480
BANKNIFTY-II.NFO,22/11/2024,09:30:45,51280,51279.75,15,51280.9,15,450,657480
BANKNIFTY-II.NFO,22/11/2024,09:30:47,51287.4,51280.35,90,51287.85,15,60,657480
BANKNIFTY-II.NFO,22/11/2024,09:30:47,51287.4,51280.35,90,51287.85,15,0,657480
BANKNIFTY-II.NFO,22/11/2024,09:30:49,51290,51281,120,51290,120,105,657480
BANKNIFTY-II.NFO,22/11/2024,09:30:49,51290,51281,120,51290,120,0,657480
BANKNIFTY-II.NFO,22/11/2024,09:30:50,51287.4,51286.3,180,51290,120,15,657480
BANKNIFTY-II.NFO,22/11/2024,09:30:52,51285.5,51285.5,15,51297.3,120,195,657480
BANKNIFTY-II.NFO,22/11/2024,09:30:52,51297,51285.5,15,51297.3,120,0,657480
BANKNIFTY-II.NFO,22/11/2024,09:30:53,51296.2,51285.5,15,51296.2,60,105,657480
BANKNIFTY-II.NFO,22/11/2024,09:30:55,51290.85,51288.2,60,51298.95,75,30,657480
BANKNIFTY-II.NFO,22/11/2024,09:30:57,51291.4,51288.2,120,51300,90,465,657480
BANKNIFTY-II.NFO,22/11/2024,09:30:57,51300,51288.2,120,51300,90,0,657480
BANKNIFTY-II.NFO,22/11/2024,09:30:58,51300,51294.1,30,51300,60,105,657480
BANKNIFTY-II.NFO,22/11/2024,09:31:00,51294.9,51294.1,30,51299.95,15,90,657480
BANKNIFTY-II.NFO,22/11/2024,09:31:02,51300,51288.4,45,51300,30,345,657480
BANKNIFTY-II.NFO,22/11/2024,09:31:03,51300,51294.9,15,51299,15,0,657480
BANKNIFTY-II.NFO,22/11/2024,09:31:05,51306.7,51301.2,120,51313.35,15,180,657480
BANKNIFTY-II.NFO,22/11/2024,09:31:05,51317,51301.2,120,51313.35,15,0,657480
BANKNIFTY-II.NFO,22/11/2024,09:31:06,51294.9,51294.9,75,51307.4,45,75,657480
BANKNIFTY-II.NFO,22/11/2024,09:31:08,51300.1,51301.15,75,51313.3,60,150,657480
BANKNIFTY-II.NFO,22/11/2024,09:31:10,51300.1,51307.25,30,51312.35,75,0,657480
BANKNIFTY-II.NFO,22/11/2024,09:31:11,51310.15,51301.15,30,51311.2,60,45,657480
BANKNIFTY-II.NFO,22/11/2024,09:31:13,51290.9,51292.65,45,51303.05,60,105,657480
BANKNIFTY-II.NFO,22/11/2024,09:31:15,51290.9,51300.1,15,51300.35,15,0,657480
BANKNIFTY-II.NFO,22/11/2024,09:31:16,51300.1,51300,15,51300.35,15,15,657480
BANKNIFTY-II.NFO,22/11/2024,09:31:18,51300,51297.85,15,51300.35,15,15,657480
BANKNIFTY-II.NFO,22/11/2024,09:31:20,51290.65,51290,15,51300.25,60,120,657480
BANKNIFTY-II.NFO,22/11/2024,09:31:21,51280,51270.7,120,51282.4,60,90,657480
BANKNIFTY-II.NFO,22/11/2024,09:31:23,51279.05,51276.45,240,51279.05,15,60,657480
BANKNIFTY-II.NFO,22/11/2024,09:31:24,51286.3,51286.75,120,51296.85,300,45,657480
BANKNIFTY-II.NFO,22/11/2024,09:31:26,51291.55,51290.6,15,51298.3,300,30,657480
BANKNIFTY-II.NFO,22/11/2024,09:31:28,51291.55,51291.95,120,51301.1,15,0,657480
BANKNIFTY-II.NFO,22/11/2024,09:31:29,51293.2,51287.25,105,51291.55,15,45,657480
BANKNIFTY-II.NFO,22/11/2024,09:31:31,51301.6,51289.75,105,51301.9,105,345,657480
BANKNIFTY-II.NFO,22/11/2024,09:31:33,51295.85,51295.85,30,51298.5,15,30,657480
BANKNIFTY-II.NFO,22/11/2024,09:31:34,51290,51291.55,30,51297.3,105,90,657480
BANKNIFTY-II.NFO,22/11/2024,09:31:36,51291.55,51291.1,30,51295.85,15,60,657480
BANKNIFTY-II.NFO,22/11/2024,09:31:37,51293.5,51292,75,51295.8,15,15,657480
BANKNIFTY-II.NFO,22/11/2024,09:31:39,51293.5,51293.2,90,51295.8,15,0,657480
BANKNIFTY-II.NFO,22/11/2024,09:31:41,51300,51298.25,30,51306.55,45,75,657480
BANKNIFTY-II.NFO,22/11/2024,09:31:42,51312,51307.7,30,51314.6,300,90,657480
BANKNIFTY-II.NFO,22/11/2024,09:31:44,51311.15,51309.4,75,51314.6,15,15,657480
BANKNIFTY-II.NFO,22/11/2024,09:31:46,51312,51310.25,120,51318.15,45,345,657480
BANKNIFTY-II.NFO,22/11/2024,09:31:46,51322.15,51310.25,120,51318.15,45,0,657480
BANKNIFTY-II.NFO,22/11/2024,09:31:47,51317.25,51301.4,75,51311.35,15,495,657480
BANKNIFTY-II.NFO,22/11/2024,09:31:49,51300.4,51303,15,51313.8,15,180,657480
BANKNIFTY-II.NFO,22/11/2024,09:31:50,51308.4,51298.25,75,51309.15,75,45,657480
BANKNIFTY-II.NFO,22/11/2024,09:31:52,51312.85,51303.7,15,51309.15,15,90,657480
BANKNIFTY-II.NFO,22/11/2024,09:31:54,51306.45,51303.75,30,51308.4,15,15,657480
BANKNIFTY-II.NFO,22/11/2024,09:31:55,51302.1,51300.3,75,51303.7,60,30,657480
BANKNIFTY-II.NFO,22/11/2024,09:31:57,51301.3,51301.25,105,51303.7,45,45,657480
BANKNIFTY-II.NFO,22/11/2024,09:31:59,51303.7,51303,75,51308.4,15,75,657480
BANKNIFTY-II.NFO,22/11/2024,09:32:00,51300,51296.5,105,51305.9,15,30,657480
BANKNIFTY-II.NFO,22/11/2024,09:32:02,51296.95,51295.55,105,51307.45,15,45,657480
BANKNIFTY-II.NFO,22/11/2024,09:32:04,51301.5,51294.35,105,51306.2,15,15,657480
BANKNIFTY-II.NFO,22/11/2024,09:32:05,51308.4,51294.45,150,51306.1,15,195,657480
BANKNIFTY-II.NFO,22/11/2024,09:32:07,51300.3,51290,90,51302.2,30,75,657480
BANKNIFTY-II.NFO,22/11/2024,09:32:09,51290,51290,60,51300.35,45,45,657480
BANKNIFTY-II.NFO,22/11/2024,09:32:10,51297.15,51298.15,120,51312,15,75,657480
BANKNIFTY-II.NFO,22/11/2024,09:32:12,51297.7,51294.75,75,51304.5,15,60,657480
BANKNIFTY-II.NFO,22/11/2024,09:32:14,51300.2,51299.65,15,51300.05,15,30,657480
BANKNIFTY-II.NFO,22/11/2024,09:32:15,51290,51290,75,51299.55,30,90,657480
BANKNIFTY-II.NFO,22/11/2024,09:32:17,51290,51290,15,51297.7,15,75,657480
BANKNIFTY-II.NFO,22/11/2024,09:32:19,51290,51293.85,15,51297.7,30,0,657480
BANKNIFTY-II.NFO,22/11/2024,09:32:20,51290,51285,15,51292.85,30,30,657480
BANKNIFTY-II.NFO,22/11/2024,09:32:22,51274.3,51276.85,15,51282.1,45,135,657480
BANKNIFTY-II.NFO,22/11/2024,09:32:24,51286.7,51289,30,51295.5,15,150,657480
BANKNIFTY-II.NFO,22/11/2024,09:32:25,51292.25,51290.75,30,51299.1,300,60,657480
BANKNIFTY-II.NFO,22/11/2024,09:32:27,51287.75,51288.45,30,51298.45,15,45,657480
BANKNIFTY-II.NFO,22/11/2024,09:32:29,51298.5,51287.15,75,51296.1,15,30,657480
BANKNIFTY-II.NFO,22/11/2024,09:32:30,51297.35,51280.35,15,51290.15,15,195,657480
BANKNIFTY-II.NFO,22/11/2024,09:32:32,51293.75,51285.25,30,51293.6,60,120,657480
BANKNIFTY-II.NFO,22/11/2024,09:32:34,51289.45,51285.25,30,51293.4,15,30,657480
BANKNIFTY-II.NFO,22/11/2024,09:32:35,51276.2,51274,60,51286.7,120,825,657480
BANKNIFTY-II.NFO,22/11/2024,09:32:37,51280.35,51280.35,150,51289.1,120,15,657480
BANKNIFTY-II.NFO,22/11/2024,09:32:39,51277.85,51277.45,75,51291.65,120,225,657480
BANKNIFTY-II.NFO,22/11/2024,09:32:40,51274.5,51273.35,30,51283.45,15,60,657480
BANKNIFTY-II.NFO,22/11/2024,09:32:42,51270,51270.85,30,51279.8,15,30,657480
BANKNIFTY-II.NFO,22/11/2024,09:32:44,51275.35,51273.35,75,51279.95,15,15,657480
BANKNIFTY-II.NFO,22/11/2024,09:32:45,51280,51279,60,51280,15,30,657480
BANKNIFTY-II.NFO,22/11/2024,09:32:47,51280,51273.4,15,51273.85,15,0,657480
BANKNIFTY-II.NFO,22/11/2024,09:32:49,51267.65,51267.7,15,51273.85,15,90,657480
BANKNIFTY-II.NFO,22/11/2024,09:32:50,51265,51265,15,51273.35,15,75,657480
BANKNIFTY-II.NFO,22/11/2024,09:32:52,51269.2,51265,15,51273.1,15,15,657480
BANKNIFTY-II.NFO,22/11/2024,09:32:54,51265,51256.45,105,51268.25,120,30,657480
BANKNIFTY-II.NFO,22/11/2024,09:32:55,51258.2,51260.2,45,51264.95,15,105,657480
BANKNIFTY-II.NFO,22/11/2024,09:32:57,51262.65,51263.65,15,51264.95,15,75,657480
BANKNIFTY-II.NFO,22/11/2024,09:32:59,51266.05,51264.9,105,51276.75,15,90,657480
BANKNIFTY-II.NFO,22/11/2024,09:33:00,51264.35,51264.3,15,51271.1,15,30,657480
BANKNIFTY-II.NFO,22/11/2024,09:33:02,51273.25,51266.5,15,51278.95,45,30,657480
BANKNIFTY-II.NFO,22/11/2024,09:33:04,51273.25,51272.75,15,51277.5,15,0,657480
BANKNIFTY-II.NFO,22/11/2024,09:33:05,51273.25,51272.75,15,51279,255,0,657480
BANKNIFTY-II.NFO,22/11/2024,09:33:07,51279,51272.75,15,51279,195,60,657480
BANKNIFTY-II.NFO,22/11/2024,09:33:09,51271.05,51271.5,105,51279,195,105,657480
BANKNIFTY-II.NFO,22/11/2024,09:33:10,51275.25,51275.25,15,51279,180,30,657480
BANKNIFTY-II.NFO,22/11/2024,09:33:12,51275.25,51261.95,105,51273.05,45,15,657480
BANKNIFTY-II.NFO,22/11/2024,09:33:14,51261.95,51261.8,105,51272.2,45,30,657480
BANKNIFTY-II.NFO,22/11/2024,09:33:15,51267,51258.95,105,51266.25,300,15,657480
BANKNIFTY-II.NFO,22/11/2024,09:33:17,51251.3,51250,90,51258.8,300,30,657480
BANKNIFTY-II.NFO,22/11/2024,09:33:19,51250,51250,45,51257.3,300,45,657480
BANKNIFTY-II.NFO,22/11/2024,09:33:20,51253.65,51255.2,15,51262.65,60,15,657480
BANKNIFTY-II.NFO,22/11/2024,09:33:22,51254.05,51251.55,105,51259.65,300,75,657480
BANKNIFTY-II.NFO,22/11/2024,09:33:24,51251.8,51250,60,51255.2,15,30,657480
BANKNIFTY-II.NFO,22/11/2024,09:33:25,51250.1,51251.9,105,51255.2,15,90,657480
BANKNIFTY-II.NFO,22/11/2024,09:33:27,51250.4,51250,60,51257.25,15,75,657480
BANKNIFTY-II.NFO,22/11/2024,09:33:29,51253.65,51250,60,51256.8,15,15,657480
BANKNIFTY-II.NFO,22/11/2024,09:33:30,51256.4,51250,60,51257.05,15,45,657480
BANKNIFTY-II.NFO,22/11/2024,09:33:32,51253.55,51250,60,51256.15,15,15,657480
BANKNIFTY-II.NFO,22/11/2024,09:33:34,51250,51240.8,105,51250.45,45,60,657480
BANKNIFTY-II.NFO,22/11/2024,09:33:35,51260.3,51246.7,120,51257,75,450,657480
BANKNIFTY-II.NFO,22/11/2024,09:33:37,51246,51245.65,15,51254.3,15,165,657480
BANKNIFTY-II.NFO,22/11/2024,09:33:39,51245.9,51245.65,15,51254.25,15,60,658830
BANKNIFTY-II.NFO,22/11/2024,09:33:40,51250,51247.2,90,51254.4,15,75,658830
BANKNIFTY-II.NFO,22/11/2024,09:33:42,51246.4,51240,30,51245.7,15,30,658830
BANKNIFTY-II.NFO,22/11/2024,09:33:44,51246.4,51240,30,51246,15,0,658830
BANKNIFTY-II.NFO,22/11/2024,09:33:45,51240,51240.1,90,51249.4,15,15,658830
BANKNIFTY-II.NFO,22/11/2024,09:33:47,51237.25,51235.05,45,51244.25,45,90,658830
BANKNIFTY-II.NFO,22/11/2024,09:33:49,51230,51229.05,45,51237.3,15,45,658830
BANKNIFTY-II.NFO,22/11/2024,09:33:50,51233.05,51236,45,51245.05,30,60,658830
BANKNIFTY-II.NFO,22/11/2024,09:33:52,51233.05,51240.55,15,51246.35,15,0,658830
BANKNIFTY-II.NFO,22/11/2024,09:33:54,51241.3,51241.05,150,51246.35,15,45,658830
BANKNIFTY-II.NFO,22/11/2024,09:33:55,51241.3,51243.2,45,51246.35,15,0,658830
BANKNIFTY-II.NFO,22/11/2024,09:33:57,51238.25,51238.45,60,51246.35,45,75,658830
BANKNIFTY-II.NFO,22/11/2024,09:33:59,51240.05,51240,15,51243.75,15,45,658830
BANKNIFTY-II.NFO,22/11/2024,09:34:00,51240.35,51237.95,135,51240.65,285,90,658830
BANKNIFTY-II.NFO,22/11/2024,09:34:02,51239.35,51240.1,15,51242.9,300,135,658830
BANKNIFTY-II.NFO,22/11/2024,09:34:04,51236.85,51237.8,30,51242.85,30,75,658830
BANKNIFTY-II.NFO,22/11/2024,09:34:05,51239.5,51239.1,60,51242.85,15,90,658830
BANKNIFTY-II.NFO,22/11/2024,09:34:07,51247.35,51247.3,15,51248.45,15,45,658830
BANKNIFTY-II.NFO,22/11/2024,09:34:09,51250.4,51251.5,150,51255.6,15,465,658830
BANKNIFTY-II.NFO,22/11/2024,09:34:10,51260.4,51266.05,150,51270.45,15,105,658830
BANKNIFTY-II.NFO,22/11/2024,09:34:12,51264.3,51265.8,300,51270,15,90,658830
BANKNIFTY-II.NFO,22/11/2024,09:34:14,51265.75,51264.55,90,51271.65,15,90,658830
BANKNIFTY-II.NFO,22/11/2024,09:34:15,51255.6,51252.1,30,51261.75,45,75,658830
BANKNIFTY-II.NFO,22/11/2024,09:34:17,51256.95,51245.75,45,51255.65,15,15,658830
BANKNIFTY-II.NFO,22/11/2024,09:34:19,51256.95,51248.15,30,51256.75,15,0,658830
BANKNIFTY-II.NFO,22/11/2024,09:34:20,51256.95,51239,15,51246.4,15,0,658830
BANKNIFTY-II.NFO,22/11/2024,09:34:22,51261.3,51239,15,51247.1,30,900,658830
BANKNIFTY-II.NFO,22/11/2024,09:34:24,51229,51226.55,150,51238.85,15,255,658830
BANKNIFTY-II.NFO,22/11/2024,09:34:25,51229,51232.7,45,51243.5,90,0,658830
BANKNIFTY-II.NFO,22/11/2024,09:34:27,51229,51233.35,105,51238.95,30,0,658830
BANKNIFTY-II.NFO,22/11/2024,09:34:29,51232.75,51233.15,30,51238.95,15,45,658830
BANKNIFTY-II.NFO,22/11/2024,09:34:30,51236.05,51238.25,30,51239,15,960,658830
BANKNIFTY-II.NFO,22/11/2024,09:34:32,51248.6,51242.3,75,51250,15,30,658830
BANKNIFTY-II.NFO,22/11/2024,09:34:33,51248.6,51243.35,15,51250,15,0,658830
BANKNIFTY-II.NFO,22/11/2024,09:34:35,51248.6,51238.95,15,51246.25,60,0,658830
BANKNIFTY-II.NFO,22/11/2024,09:34:37,51247,51238.95,15,51245.7,15,195,658830
BANKNIFTY-II.NFO,22/11/2024,09:34:38,51245.7,51228,15,51241.25,90,105,658830
BANKNIFTY-II.NFO,22/11/2024,09:34:40,51240,51228.25,75,51240.9,45,45,658830
BANKNIFTY-II.NFO,22/11/2024,09:34:42,51230.05,51229.4,60,51239.1,90,45,658830
BANKNIFTY-II.NFO,22/11/2024,09:34:43,51228,51228.3,30,51237.25,45,15,658830
BANKNIFTY-II.NFO,22/11/2024,09:34:45,51232.8,51226.95,15,51230.05,15,15,658830
BANKNIFTY-II.NFO,22/11/2024,09:34:47,51248,51212.5,45,51225.1,45,1155,658830
BANKNIFTY-II.NFO,22/11/2024,09:34:48,51218.8,51218.8,210,51228.7,15,15,658830
BANKNIFTY-II.NFO,22/11/2024,09:34:50,51218.8,51218.8,120,51230.05,45,90,658830
BANKNIFTY-II.NFO,22/11/2024,09:34:52,51224.45,51218.8,120,51224.45,15,45,658830
BANKNIFTY-II.NFO,22/11/2024,09:34:53,51230.05,51216.2,45,51231.1,75,120,658830
BANKNIFTY-II.NFO,22/11/2024,09:34:55,51230.05,51223.65,30,51224.45,300,0,658830
BANKNIFTY-II.NFO,22/11/2024,09:34:57,51224.45,51223.65,30,51224.45,285,15,658830
BANKNIFTY-II.NFO,22/11/2024,09:34:58,51224.45,51223.65,30,51224.45,285,0,658830
BANKNIFTY-II.NFO,22/11/2024,09:35:00,51224.45,51227.2,60,51230,15,285,658830
BANKNIFTY-II.NFO,22/11/2024,09:35:02,51247.25,51230.2,120,51244.05,30,225,658830
BANKNIFTY-II.NFO,22/11/2024,09:35:03,51228.6,51228.6,45,51233.5,15,60,658830
BANKNIFTY-II.NFO,22/11/2024,09:35:05,51228.6,51221.8,75,51230,15,60,658830
BANKNIFTY-II.NFO,22/11/2024,09:35:07,51221.8,51220.4,15,51228.3,90,45,658830
BANKNIFTY-II.NFO,22/11/2024,09:35:08,51224.35,51223.4,105,51224.35,30,90,658830
BANKNIFTY-II.NFO,22/11/2024,09:35:10,51228.3,51229,165,51232.4,90,270,658830
BANKNIFTY-II.NFO,22/11/2024,09:35:12,51234.75,51235.05,15,51243.2,300,120,658830
BANKNIFTY-II.NFO,22/11/2024,09:35:13,51234.75,51239.15,15,51246.2,90,0,658830
BANKNIFTY-II.NFO,22/11/2024,09:35:15,51244.05,51243.2,15,51253.05,300,75,658830
BANKNIFTY-II.NFO,22/11/2024,09:35:17,51245.45,51243.2,15,51250.75,300,30,658830
BANKNIFTY-II.NFO,22/11/2024,09:35:18,51243.2,51240,15,51250.7,90,60,658830
BANKNIFTY-II.NFO,22/11/2024,09:35:20,51262,51244.05,15,51256.65,135,945,658830
BANKNIFTY-II.NFO,22/11/2024,09:35:22,51244.05,51240,15,51251.25,45,195,658830
BANKNIFTY-II.NFO,22/11/2024,09:35:23,51244.05,51246.1,30,51251.5,15,0,658830
BANKNIFTY-II.NFO,22/11/2024,09:35:25,51247.3,51247.65,120,51257.5,45,945,658830
BANKNIFTY-II.NFO,22/11/2024,09:35:27,51247.3,51252.6,60,51259.05,60,0,658830
BANKNIFTY-II.NFO,22/11/2024,09:35:28,51258.15,51257.5,30,51258.2,270,60,658830
BANKNIFTY-II.NFO,22/11/2024,09:35:30,51250,51245.35,15,51254.65,105,120,658830
BANKNIFTY-II.NFO,22/11/2024,09:35:32,51250,51245.35,15,51247.2,30,0,658830
BANKNIFTY-II.NFO,22/11/2024,09:35:33,51247.2,51244.05,15,51247.25,15,15,658830
BANKNIFTY-II.NFO,22/11/2024,09:35:35,51252.6,51251.4,120,51264.6,30,1005,658830
BANKNIFTY-II.NFO,22/11/2024,09:35:37,51252.6,51252.5,30,51264.6,30,0,658830
BANKNIFTY-II.NFO,22/11/2024,09:35:38,51252.6,51247.2,90,51260.05,30,0,658830
BANKNIFTY-II.NFO,22/11/2024,09:35:40,51246.3,51248.65,120,51256.55,15,45,658830
BANKNIFTY-II.NFO,22/11/2024,09:35:42,51246.3,51244.05,15,51255.85,45,0,658830
BANKNIFTY-II.NFO,22/11/2024,09:35:43,51244.05,51241.3,150,51244.95,30,30,658830
BANKNIFTY-II.NFO,22/11/2024,09:35:45,51244.9,51241.2,210,51244.9,15,45,658830
BANKNIFTY-II.NFO,22/11/2024,09:35:47,51257.65,51256.25,15,51262,15,135,658830
BANKNIFTY-II.NFO,22/11/2024,09:35:48,51262,51252.7,120,51265.35,45,15,658830
BANKNIFTY-II.NFO,22/11/2024,09:35:50,51255.1,51254.4,150,51265.4,45,30,658830
BANKNIFTY-II.NFO,22/11/2024,09:35:52,51276.35,51248.85,30,51263.75,30,915,658830
BANKNIFTY-II.NFO,22/11/2024,09:35:53,51276.35,51252.25,30,51263.75,15,0,658830
BANKNIFTY-II.NFO,22/11/2024,09:35:55,51276.35,51253.65,30,51263.65,15,0,658830
BANKNIFTY-II.NFO,22/11/2024,09:35:57,51263.4,51251,30,51263.45,45,15,658830
BANKNIFTY-II.NFO,22/11/2024,09:35:58,51263.4,51255.1,15,51263.45,45,0,658830
BANKNIFTY-II.NFO,22/11/2024,09:36:00,51257.8,51256.55,30,51266.1,45,15,658830
BANKNIFTY-II.NFO,22/11/2024,09:36:02,51257.8,51263.45,15,51270.7,15,0,658830
BANKNIFTY-II.NFO,22/11/2024,09:36:03,51257.8,51263.45,15,51270.65,15,0,658830
BANKNIFTY-II.NFO,22/11/2024,09:36:05,51268.1,51257.1,30,51268.1,30,30,658830
BANKNIFTY-II.NFO,22/11/2024,09:36:07,51268.1,51259.65,135,51267.95,45,0,658830
BANKNIFTY-II.NFO,22/11/2024,09:36:08,51261.45,51262.55,30,51271.75,15,615,658830
BANKNIFTY-II.NFO,22/11/2024,09:36:10,51264.05,51260.25,30,51271.8,15,45,658830
BANKNIFTY-II.NFO,22/11/2024,09:36:12,51264.05,51251.5,30,51262.95,15,0,658830
BANKNIFTY-II.NFO,22/11/2024,09:36:13,51264.25,51251.45,120,51264.5,15,30,658830
BANKNIFTY-II.NFO,22/11/2024,09:36:15,51264.25,51250,60,51262.05,15,0,658830
BANKNIFTY-II.NFO,22/11/2024,09:36:17,51255.1,51257,105,51261.95,15,240,658830
BANKNIFTY-II.NFO,22/11/2024,09:36:18,51255.1,51261.1,60,51267.35,15,0,658830
BANKNIFTY-II.NFO,22/11/2024,09:36:20,51255.1,51259.4,30,51264.25,15,0,658830
BANKNIFTY-II.NFO,22/11/2024,09:36:22,51255.1,51251.2,60,51262.1,90,0,658830
BANKNIFTY-II.NFO,22/11/2024,09:36:23,51255.1,51250,60,51258.05,90,0,658830
BANKNIFTY-II.NFO,22/11/2024,09:36:25,51250,51254.9,30,51260.05,15,15,658830
BANKNIFTY-II.NFO,22/11/2024,09:36:26,51260.05,51256.35,150,51262.65,15,15,658830
BANKNIFTY-II.NFO,22/11/2024,09:36:28,51260.05,51259.5,120,51264.65,15,0,658830
BANKNIFTY-II.NFO,22/11/2024,09:36:30,51263.3,51257.05,150,51264.4,90,15,658830
BANKNIFTY-II.NFO,22/11/2024,09:36:31,51263.3,51257.3,15,51263.05,15,0,658830
BANKNIFTY-II.NFO,22/11/2024,09:36:33,51256.9,51259.85,15,51263.75,15,300,658830
BANKNIFTY-II.NFO,22/11/2024,09:36:35,51265,51268.3,150,51269.7,15,45,658830
BANKNIFTY-II.NFO,22/11/2024,09:36:36,51263.25,51263.85,60,51267.15,60,1050,658830
BANKNIFTY-II.NFO,22/11/2024,09:36:38,51265.95,51265.7,105,51268.7,15,60,658290
BANKNIFTY-II.NFO,22/11/2024,09:36:40,51269.1,51266.95,15,51269.2,15,30,658290
BANKNIFTY-II.NFO,22/11/2024,09:36:41,51259.3,51260.9,150,51268.05,90,2880,658290
BANKNIFTY-II.NFO,22/11/2024,09:36:43,51265.9,51266.7,30,51270.6,90,45,658290
BANKNIFTY-II.NFO,22/11/2024,09:36:45,51280,51279.95,15,51282.6,15,1425,658290
BANKNIFTY-II.NFO,22/11/2024,09:36:46,51280,51277.5,15,51278.65,15,15,658290
BANKNIFTY-II.NFO,22/11/2024,09:36:48,51272.55,51269.15,15,51272.85,90,135,658290
BANKNIFTY-II.NFO,22/11/2024,09:36:50,51273.35,51272.1,15,51275.35,90,15,658290
BANKNIFTY-II.NFO,22/11/2024,09:36:51,51273.35,51274.25,15,51275.8,90,0,658290
BANKNIFTY-II.NFO,22/11/2024,09:36:53,51277.95,51278.25,15,51279.5,90,150,658290
BANKNIFTY-II.NFO,22/11/2024,09:36:54,51275.8,51276.05,15,51279.85,90,30,658290
BANKNIFTY-II.NFO,22/11/2024,09:36:56,51275.8,51275.8,45,51278.25,90,90,658290
BANKNIFTY-II.NFO,22/11/2024,09:36:58,51265.95,51265.95,15,51271.2,90,120,658290
BANKNIFTY-II.NFO,22/11/2024,09:36:59,51265.95,51260,15,51264.4,105,45,658290
BANKNIFTY-II.NFO,22/11/2024,09:37:01,51253.1,51252.7,30,51261.3,15,30,658290
BANKNIFTY-II.NFO,22/11/2024,09:37:03,51253.1,51260.05,75,51265.9,15,0,658290
BANKNIFTY-II.NFO,22/11/2024,09:37:04,51253.1,51254.3,15,51259.75,15,0,658290
BANKNIFTY-II.NFO,22/11/2024,09:37:06,51253.1,51250,60,51256.35,195,0,658290
BANKNIFTY-II.NFO,22/11/2024,09:37:08,51253.1,51250,60,51253.25,15,0,658290
BANKNIFTY-II.NFO,22/11/2024,09:37:09,51250,51246.6,15,51250.05,180,60,658290
BANKNIFTY-II.NFO,22/11/2024,09:37:11,51243.35,51240,15,51243.65,60,135,658290
BANKNIFTY-II.NFO,22/11/2024,09:37:12,51240,51232.55,15,51234.35,120,30,658290
BANKNIFTY-II.NFO,22/11/2024,09:37:14,51240,51232.55,15,51239.3,120,0,658290
BANKNIFTY-II.NFO,22/11/2024,09:37:16,51229.9,51229.75,15,51234.9,105,90,658290
BANKNIFTY-II.NFO,22/11/2024,09:37:17,51232.55,51230.6,75,51234.9,90,45,658290
BANKNIFTY-II.NFO,22/11/2024,09:37:19,51232.55,51228.55,15,51234.9,90,0,658290
BANKNIFTY-II.NFO,22/11/2024,09:37:21,51226.8,51224.3,30,51234.85,90,45,658290
BANKNIFTY-II.NFO,22/11/2024,09:37:22,51226.8,51226.75,15,51234.9,90,0,658290
BANKNIFTY-II.NFO,22/11/2024,09:37:24,51227.95,51230,15,51234.9,90,15,658290
BANKNIFTY-II.NFO,22/11/2024,09:37:25,51230,51222,15,51232.55,120,15,658290
BANKNIFTY-II.NFO,22/11/2024,09:37:27,51234.65,51222.35,180,51234.6,120,300,658290
BANKNIFTY-II.NFO,22/11/2024,09:37:29,51234.65,51228.3,30,51234.9,90,0,658290
BANKNIFTY-II.NFO,22/11/2024,09:37:30,51234.9,51232.45,15,51234.9,75,15,658290
BANKNIFTY-II.NFO,22/11/2024,09:37:32,51234.9,51235.95,15,51241,60,75,658290
BANKNIFTY-II.NFO,22/11/2024,09:37:34,51232.05,51238.45,15,51241,60,15,658290
BANKNIFTY-II.NFO,22/11/2024,09:37:35,51234.9,51232.55,15,51235.95,15,15,658290
BANKNIFTY-II.NFO,22/11/2024,09:37:37,51232,51231.95,15,51239.15,180,30,658290
BANKNIFTY-II.NFO,22/11/2024,09:37:38,51232,51234.4,60,51241,60,0,658290
BANKNIFTY-II.NFO,22/11/2024,09:37:40,51232,51232.1,15,51238.25,300,0,658290
BANKNIFTY-II.NFO,22/11/2024,09:37:42,51232.1,51232.1,15,51239.8,90,15,658290
BANKNIFTY-II.NFO,22/11/2024,09:37:43,51232.1,51235.9,15,51241,60,0,658290
BANKNIFTY-II.NFO,22/11/2024,09:37:45,51239.85,51232.1,15,51237.85,300,90,658290
BANKNIFTY-II.NFO,22/11/2024,09:37:47,51239.85,51232.15,15,51238.1,300,0,658290
BANKNIFTY-II.NFO,22/11/2024,09:37:48,51236.5,51232.15,15,51236.6,300,15,658290
BANKNIFTY-II.NFO,22/11/2024,09:37:50,51239,51232.9,15,51241,60,15,658290
BANKNIFTY-II.NFO,22/11/2024,09:37:52,51239,51232.15,15,51236.5,300,0,658290
BANKNIFTY-II.NFO,22/11/2024,09:37:53,51239.2,51232.2,15,51239.7,105,15,658290
BANKNIFTY-II.NFO,22/11/2024,09:37:55,51232.15,51232.05,15,51237.1,105,45,658290
BANKNIFTY-II.NFO,22/11/2024,09:37:56,51232.15,51232.1,15,51235.65,105,0,658290
BANKNIFTY-II.NFO,22/11/2024,09:37:58,51236.95,51227.25,30,51237.8,45,135,658290
BANKNIFTY-II.NFO,22/11/2024,09:38:00,51240.1,51225.5,15,51238.9,45,90,658290
BANKNIFTY-II.NFO,22/11/2024,09:38:01,51240.1,51227.3,15,51232.1,15,0,658290
BANKNIFTY-II.NFO,22/11/2024,09:38:03,51232.1,51233.05,15,51240.7,300,15,658290
BANKNIFTY-II.NFO,22/11/2024,09:38:05,51241,51233.7,30,51241,30,30,658290
BANKNIFTY-II.NFO,22/11/2024,09:38:06,51241,51237.8,30,51245.45,30,30,658290
BANKNIFTY-II.NFO,22/11/2024,09:38:08,51222.05,51222.15,120,51236.05,30,30,658290
BANKNIFTY-II.NFO,22/11/2024,09:38:10,51222.05,51222.3,15,51235.95,15,0,658290
BANKNIFTY-II.NFO,22/11/2024,09:38:11,51220,51220.1,120,51231.95,15,480,658290
BANKNIFTY-II.NFO,22/11/2024,09:38:13,51220.05,51221,15,51232.9,15,45,658290
BANKNIFTY-II.NFO,22/11/2024,09:38:15,51232.25,51220,435,51233.55,15,15,658290
BANKNIFTY-II.NFO,22/11/2024,09:38:16,51233.5,51220.05,15,51233.25,30,75,658290
BANKNIFTY-II.NFO,22/11/2024,09:38:18,51220.9,51220.05,15,51232.65,120,180,658290
BANKNIFTY-II.NFO,22/11/2024,09:38:20,51220.55,51220.05,15,51233.25,120,30,658290
BANKNIFTY-II.NFO,22/11/2024,09:38:21,51222.2,51225.05,15,51237.8,120,45,658290
BANKNIFTY-II.NFO,22/11/2024,09:38:23,51228.45,51225.1,15,51238.1,120,15,658290
BANKNIFTY-II.NFO,22/11/2024,09:38:25,51228.45,51220.05,120,51234.85,120,0,658290
BANKNIFTY-II.NFO,22/11/2024,09:38:26,51228.45,51220,315,51233.65,315,0,658290
BANKNIFTY-II.NFO,22/11/2024,09:38:28,51220.95,51222.05,15,51234.55,120,15,658290
BANKNIFTY-II.NFO,22/11/2024,09:38:30,51222.2,51223.3,15,51235.25,75,45,658290
BANKNIFTY-II.NFO,22/11/2024,09:38:31,51221.65,51221.15,15,51221.65,165,30,658290
BANKNIFTY-II.NFO,22/11/2024,09:38:33,51221.65,51220,345,51232.85,135,165,658290
BANKNIFTY-II.NFO,22/11/2024,09:38:35,51225.05,51224.35,15,51234.35,300,30,658290
BANKNIFTY-II.NFO,22/11/2024,09:38:36,51225.05,51220,345,51229.5,120,0,658290
BANKNIFTY-II.NFO,22/11/2024,09:38:38,51225.05,51220,360,51228.3,180,0,658290
BANKNIFTY-II.NFO,22/11/2024,09:38:40,51209.5,51210,105,51220,15,390,658290
BANKNIFTY-II.NFO,22/11/2024,09:38:41,51225,51213.45,105,51226.55,120,30,658290
BANKNIFTY-II.NFO,22/11/2024,09:38:43,51236.6,51237.65,15,51240,15,210,658290
BANKNIFTY-II.NFO,22/11/2024,09:38:45,51252,51237.65,30,51248.55,300,225,658290
BANKNIFTY-II.NFO,22/11/2024,09:38:46,51252,51237.1,60,51249.25,300,0,658290
BANKNIFTY-II.NFO,22/11/2024,09:38:48,51248.9,51232.6,60,51245.05,300,15,658290
BANKNIFTY-II.NFO,22/11/2024,09:38:49,51248.9,51234.05,15,51244.75,300,0,658290
BANKNIFTY-II.NFO,22/11/2024,09:38:51,51236.3,51235.1,30,51246.9,300,15,658290
BANKNIFTY-II.NFO,22/11/2024,09:38:53,51236.3,51234.15,30,51236.75,45,0,658290
BANKNIFTY-II.NFO,22/11/2024,09:38:54,51236.75,51239.35,30,51245.85,300,45,658290
BANKNIFTY-II.NFO,22/11/2024,09:38:56,51236.75,51237.75,30,51247.9,300,0,658290
BANKNIFTY-II.NFO,22/11/2024,09:38:58,51236.75,51236.8,30,51248.3,300,0,658290
BANKNIFTY-II.NFO,22/11/2024,09:38:59,51236.75,51232.9,30,51245.7,180,0,658290
BANKNIFTY-II.NFO,22/11/2024,09:39:01,51236.75,51234.7,30,51245.75,30,0,658290
BANKNIFTY-II.NFO,22/11/2024,09:39:02,51240,51234.95,30,51244.95,270,75,658290
BANKNIFTY-II.NFO,22/11/2024,09:39:04,51240,51238.4,30,51247.95,300,0,658290
BANKNIFTY-II.NFO,22/11/2024,09:39:06,51239.4,51241.75,30,51251.4,300,15,658290
BANKNIFTY-II.NFO,22/11/2024,09:39:07,51240.5,51238.65,30,51250,30,15,658290
BANKNIFTY-II.NFO,22/11/2024,09:39:09,51240.5,51232,30,51243.3,30,0,658290
BANKNIFTY-II.NFO,22/11/2024,09:39:10,51240.5,51231.5,30,51243.35,30,0,658290
BANKNIFTY-II.NFO,22/11/2024,09:39:12,51242.4,51232.05,30,51242.5,285,15,658290
BANKNIFTY-II.NFO,22/11/2024,09:39:14,51245.3,51237.4,120,51245,285,15,658290
BANKNIFTY-II.NFO,22/11/2024,09:39:15,51241.1,51240.75,30,51249,285,30,658290
BANKNIFTY-II.NFO,22/11/2024,09:39:17,51240,51232.95,90,51240,15,45,658290
BANKNIFTY-II.NFO,22/11/2024,09:39:19,51224.5,51221.55,15,51233.1,30,75,658290
BANKNIFTY-II.NFO,22/11/2024,09:39:20,51224.65,51224.6,60,51235.95,15,60,658290
BANKNIFTY-II.NFO,22/11/2024,09:39:22,51226.05,51230,15,51239.1,120,15,658290
BANKNIFTY-II.NFO,22/11/2024,09:39:24,51226.05,51230,15,51238.65,120,0,658290
BANKNIFTY-II.NFO,22/11/2024,09:39:25,51226.05,51230,15,51239.85,15,0,658290
BANKNIFTY-II.NFO,22/11/2024,09:39:27,51237.15,51230,15,51238.75,120,15,658290
BANKNIFTY-II.NFO,22/11/2024,09:39:28,51230,51223.15,30,51235.9,120,15,658290
BANKNIFTY-II.NFO,22/11/2024,09:39:30,51230,51221,15,51233.45,120,0,658290
BANKNIFTY-II.NFO,22/11/2024,09:39:32,51230,51221,15,51227.35,120,0,658290
BANKNIFTY-II.NFO,22/11/2024,09:39:33,51230,51221,15,51227.85,120,0,658290
BANKNIFTY-II.NFO,22/11/2024,09:39:35,51230,51221.2,75,51232.15,120,0,658290
BANKNIFTY-II.NFO,22/11/2024,09:39:37,51230,51221,15,51230.6,120,0,658290
BANKNIFTY-II.NFO,22/11/2024,09:39:38,51220,51215.7,75,51227.8,120,60,656130
BANKNIFTY-II.NFO,22/11/2024,09:39:40,51175,51175,240,51187.55,30,4110,656130
BANKNIFTY-II.NFO,22/11/2024,09:39:42,51155,51155,375,51163.95,15,1350,656130
BANKNIFTY-II.NFO,22/11/2024,09:39:43,51156.3,51156.35,120,51165.85,45,525,656130
BANKNIFTY-II.NFO,22/11/2024,09:39:45,51171.9,51155.8,30,51167.4,45,75,656130
BANKNIFTY-II.NFO,22/11/2024,09:39:47,51161.05,51158.4,30,51170.3,120,75,656130
BANKNIFTY-II.NFO,22/11/2024,09:39:48,51173.95,51159.55,120,51175,75,75,656130
BANKNIFTY-II.NFO,22/11/2024,09:39:50,51145,51145,810,51149.9,75,2070,656130
BANKNIFTY-II.NFO,22/11/2024,09:39:52,51145,51145,240,51147.45,15,600,656130
BANKNIFTY-II.NFO,22/11/2024,09:39:54,51145.35,51146.65,120,51153.75,15,465,656130
BANKNIFTY-II.NFO,22/11/2024,09:39:55,51158.55,51146.25,120,51158.4,45,180,656130
BANKNIFTY-II.NFO,22/11/2024,09:39:57,51146.65,51148.5,90,51154.9,15,75,656130
BANKNIFTY-II.NFO,22/11/2024,09:39:59,51153.1,51157.05,15,51164.55,15,60,656130
BANKNIFTY-II.NFO,22/11/2024,09:40:00,51157.05,51151.75,90,51161.9,45,15,656130
BANKNIFTY-II.NFO,22/11/2024,09:40:02,51151.75,51151,15,51156.65,120,30,656130
BANKNIFTY-II.NFO,22/11/2024,09:40:03,51127,51120.3,60,51126.95,15,315,656130
BANKNIFTY-II.NFO,22/11/2024,09:40:05,51108.6,51108.55,30,51122.75,120,255,656130
BANKNIFTY-II.NFO,22/11/2024,09:40:07,51124.45,51113.75,30,51129.9,120,180,656130
BANKNIFTY-II.NFO,22/11/2024,09:40:08,51121.75,51119.9,15,51133.8,15,60,656130
BANKNIFTY-II.NFO,22/11/2024,09:40:10,51131.45,51132.4,15,51139.9,45,105,656130
BANKNIFTY-II.NFO,22/11/2024,09:40:12,51140.55,51141.6,30,51153.1,15,195,656130
BANKNIFTY-II.NFO,22/11/2024,09:40:13,51153.1,51154.05,15,51164.75,120,60,656130
BANKNIFTY-II.NFO,22/11/2024,09:40:15,51153.1,51170.05,15,51180,120,0,656130
BANKNIFTY-II.NFO,22/11/2024,09:40:17,51153.1,51180.05,15,51190.55,120,0,656130
BANKNIFTY-II.NFO,22/11/2024,09:40:18,51190.05,51188.05,15,51199.95,300,15,656130
BANKNIFTY-II.NFO,22/11/2024,09:40:20,51190.05,51188.2,60,51200,15,120,656130
BANKNIFTY-II.NFO,22/11/2024,09:40:22,51190.05,51193,45,51200,15,0,656130
BANKNIFTY-II.NFO,22/11/2024,09:40:23,51200,51210.05,15,51217.95,120,75,656130
BANKNIFTY-II.NFO,22/11/2024,09:40:25,51200,51206.05,15,51214.7,30,0,656130
BANKNIFTY-II.NFO,22/11/2024,09:40:27,51200,51190.65,30,51204.45,30,0,656130
BANKNIFTY-II.NFO,22/11/2024,09:40:28,51206.05,51204.05,15,51214.7,120,60,656130
BANKNIFTY-II.NFO,22/11/2024,09:40:30,51207.4,51187.6,15,51202.3,30,15,656130
BANKNIFTY-II.NFO,22/11/2024,09:40:32,51207.4,51179.55,15,51193.6,30,0,656130
BANKNIFTY-II.NFO,22/11/2024,09:40:33,51207.4,51169.55,30,51182.1,30,0,656130
BANKNIFTY-II.NFO,22/11/2024,09:40:35,51207.4,51192.05,15,51199.2,120,0,656130
BANKNIFTY-II.NFO,22/11/2024,09:40:37,51191.8,51166.7,165,51180.55,30,15,656130
BANKNIFTY-II.NFO,22/11/2024,09:40:38,51195.15,51192.65,15,51200,90,45,656130
BANKNIFTY-II.NFO,22/11/2024,09:40:40,51200,51202.05,15,51209,30,90,656130
BANKNIFTY-II.NFO,22/11/2024,09:40:42,51200,51184.05,15,51198.6,90,0,656130
BANKNIFTY-II.NFO,22/11/2024,09:40:43,51200,51186.05,30,51198.7,90,0,656130
BANKNIFTY-II.NFO,22/11/2024,09:40:45,51200,51194.05,15,51206.2,90,30,656130
BANKNIFTY-II.NFO,22/11/2024,09:40:47,51194.05,51194.05,45,51208.05,90,15,656130
BANKNIFTY-II.NFO,22/11/2024,09:40:48,51198.05,51196.6,90,51210,30,30,656130
BANKNIFTY-II.NFO,22/11/2024,09:40:50,51210,51189.05,60,51202.5,120,30,656130
BANKNIFTY-II.NFO,22/11/2024,09:40:52,51210,51181.05,75,51192.4,15,0,656130
BANKNIFTY-II.NFO,22/11/2024,09:40:53,51192.4,51192.05,15,51200,30,15,656130
BANKNIFTY-II.NFO,22/11/2024,09:40:55,51200,51196.05,15,51207.4,90,30,656130
BANKNIFTY-II.NFO,22/11/2024,09:40:57,51206.95,51182.1,60,51194.05,90,45,656130
BANKNIFTY-II.NFO,22/11/2024,09:40:58,51206.95,51184.1,30,51195.85,90,0,656130
BANKNIFTY-II.NFO,22/11/2024,09:41:00,51206.95,51202.05,15,51209.95,90,0,656130
BANKNIFTY-II.NFO,22/11/2024,09:41:02,51206.95,51202.05,15,51210,45,0,656130
BANKNIFTY-II.NFO,22/11/2024,09:41:03,51206.95,51194.85,30,51209.65,120,0,656130
BANKNIFTY-II.NFO,22/11/2024,09:41:05,51192.15,51192.1,15,51203.25,30,60,656130
BANKNIFTY-II.NFO,22/11/2024,09:41:07,51192.15,51202.05,15,51209.95,90,0,656130
BANKNIFTY-II.NFO,22/11/2024,09:41:08,51192.15,51200.55,15,51210,45,0,656130
BANKNIFTY-II.NFO,22/11/2024,09:41:10,51192.15,51206.35,75,51210,45,0,656130
BANKNIFTY-II.NFO,22/11/2024,09:41:12,51206.9,51194.9,15,51206.1,90,75,656130
BANKNIFTY-II.NFO,22/11/2024,09:41:13,51206.9,51192.6,15,51208.55,120,0,656130
BANKNIFTY-II.NFO,22/11/2024,09:41:15,51200,51200.05,15,51208.9,90,15,656130
BANKNIFTY-II.NFO,22/11/2024,09:41:17,51200,51202.25,75,51210,15,0,656130
BANKNIFTY-II.NFO,22/11/2024,09:41:18,51200,51197.5,75,51207.85,90,0,656130
BANKNIFTY-II.NFO,22/11/2024,09:41:20,51200.55,51200.55,75,51209.6,15,60,656130
BANKNIFTY-II.NFO,22/11/2024,09:41:22,51203.15,51206.3,75,51210,15,105,656130
BANKNIFTY-II.NFO,22/11/2024,09:41:23,51220,51218.05,15,51222,105,90,656130
BANKNIFTY-II.NFO,22/11/2024,09:41:25,51214.05,51205.8,30,51220.45,120,150,656130
BANKNIFTY-II.NFO,22/11/2024,09:41:27,51206.5,51205.85,75,51217.4,15,15,656130
BANKNIFTY-II.NFO,22/11/2024,09:41:28,51206.5,51211.3,75,51224.65,135,0,656130
BANKNIFTY-II.NFO,22/11/2024,09:41:30,51212.05,51218.05,15,51226.4,120,15,656130
BANKNIFTY-II.NFO,22/11/2024,09:41:32,51216.05,51218.1,15,51226.75,15,30,656130
BANKNIFTY-II.NFO,22/11/2024,09:41:33,51216.05,51218.1,15,51226.7,120,0,656130
BANKNIFTY-II.NFO,22/11/2024,09:41:35,51216.05,51218.15,15,51226.75,15,0,656130
BANKNIFTY-II.NFO,22/11/2024,09:41:37,51216.05,51220.05,15,51226.75,15,0,656130
BANKNIFTY-II.NFO,22/11/2024,09:41:38,51224.05,51220.05,15,51231.6,90,60,656130
BANKNIFTY-II.NFO,22/11/2024,09:41:40,51224.05,51218.15,15,51229.65,120,0,656130
BANKNIFTY-II.NFO,22/11/2024,09:41:42,51224.05,51220.05,15,51232.1,90,0,656130
BANKNIFTY-II.NFO,22/11/2024,09:41:43,51222.1,51220.15,15,51228.5,120,15,656130
BANKNIFTY-II.NFO,22/11/2024,09:41:45,51222.1,51228.1,15,51236,15,0,656130
BANKNIFTY-II.NFO,22/11/2024,09:41:47,51220.1,51219.15,75,51232,15,45,656130
BANKNIFTY-II.NFO,22/11/2024,09:41:48,51224.15,51224.15,15,51231.85,120,15,656130
BANKNIFTY-II.NFO,22/11/2024,09:41:50,51222.05,51224.1,15,51231.95,120,45,656130
BANKNIFTY-II.NFO,22/11/2024,09:41:52,51224.1,51226.05,15,51234.45,120,30,656130
BANKNIFTY-II.NFO,22/11/2024,09:41:53,51228.1,51224.05,45,51228.1,870,60,656130
BANKNIFTY-II.NFO,22/11/2024,09:41:55,51236,51228.05,15,51239.8,120,885,656130
BANKNIFTY-II.NFO,22/11/2024,09:41:57,51224.05,51224.05,15,51231.15,120,15,656130
BANKNIFTY-II.NFO,22/11/2024,09:41:58,51224.05,51221.5,15,51229.6,120,75,656130
BANKNIFTY-II.NFO,22/11/2024,09:42:00,51220,51220,60,51222.9,135,105,656130
BANKNIFTY-II.NFO,22/11/2024,09:42:02,51203.7,51214.05,15,51225.7,120,75,656130
BANKNIFTY-II.NFO,22/11/2024,09:42:03,51203.7,51220.05,15,51229,15,0,656130
BANKNIFTY-II.NFO,22/11/2024,09:42:05,51229,51230.1,45,51238.4,30,15,656130
BANKNIFTY-II.NFO,22/11/2024,09:42:07,51230.05,51223.15,90,51235,30,15,656130
BANKNIFTY-II.NFO,22/11/2024,09:42:09,51215.85,51218.95,45,51234.95,135,15,656130
BANKNIFTY-II.NFO,22/11/2024,09:42:10,51215.85,51226.05,15,51234.95,120,0,656130
BANKNIFTY-II.NFO,22/11/2024,09:42:12,51224.05,51216.3,45,51232.85,120,15,656130
BANKNIFTY-II.NFO,22/11/2024,09:42:14,51224.05,51218.35,60,51230,15,0,656130
BANKNIFTY-II.NFO,22/11/2024,09:42:15,51224.05,51226.75,45,51230,15,0,656130
BANKNIFTY-II.NFO,22/11/2024,09:42:17,51222,51219.35,45,51222.05,15,105,656130
BANKNIFTY-II.NFO,22/11/2024,09:42:19,51222.05,51218.15,30,51230,15,60,656130
BANKNIFTY-II.NFO,22/11/2024,09:42:20,51230,51224.5,15,51233,15,15,656130
BANKNIFTY-II.NFO,22/11/2024,09:42:22,51227.3,51222.05,30,51233,15,15,656130
BANKNIFTY-II.NFO,22/11/2024,09:42:24,51218.6,51216.2,75,51229.8,120,60,656130
BANKNIFTY-II.NFO,22/11/2024,09:42:25,51218.6,51215.25,15,51226.5,30,0,656130
BANKNIFTY-II.NFO,22/11/2024,09:42:27,51226.5,51214.05,15,51226.5,30,15,656130
BANKNIFTY-II.NFO,22/11/2024,09:42:29,51226.5,51209.1,75,51223.1,90,0,656130
BANKNIFTY-II.NFO,22/11/2024,09:42:30,51223.05,51218.6,15,51222.95,120,165,656130
BANKNIFTY-II.NFO,22/11/2024,09:42:32,51218.6,51214.35,120,51225,15,15,656130
BANKNIFTY-II.NFO,22/11/2024,09:42:34,51218.6,51212.95,75,51223.55,15,0,656130
BANKNIFTY-II.NFO,22/11/2024,09:42:35,51210.7,51214.05,15,51223.65,120,30,656130
BANKNIFTY-II.NFO,22/11/2024,09:42:37,51214.05,51209.5,120,51222.35,45,15,656130
BANKNIFTY-II.NFO,22/11/2024,09:42:39,51214.05,51206.05,15,51216.5,15,0,656130
BANKNIFTY-II.NFO,22/11/2024,09:42:40,51214.05,51205.6,105,51217.7,45,0,656130
BANKNIFTY-II.NFO,22/11/2024,09:42:42,51214.05,51205,300,51213.8,90,0,656130
BANKNIFTY-II.NFO,22/11/2024,09:42:43,51205,51205,285,51212.75,45,15,662535
BANKNIFTY-II.NFO,22/11/2024,09:42:45,51205,51205,255,51211.9,15,30,662535
BANKNIFTY-II.NFO,22/11/2024,09:42:47,51205,51205,195,51210.9,15,60,662535
BANKNIFTY-II.NFO,22/11/2024,09:42:48,51205,51205,195,51206.85,15,0,662535
BANKNIFTY-II.NFO,22/11/2024,09:42:50,51200,51200,450,51206.9,15,210,662535
BANKNIFTY-II.NFO,22/11/2024,09:42:53,51200,51200.05,15,51209.25,15,0,662535
BANKNIFTY-II.NFO,22/11/2024,09:42:55,51200.05,51200,450,51209.4,15,195,662535
BANKNIFTY-II.NFO,22/11/2024,09:42:57,51200.05,51200,450,51211.35,15,0,662535
BANKNIFTY-II.NFO,22/11/2024,09:42:58,51212.5,51200,450,51204.05,15,210,662535
BANKNIFTY-II.NFO,22/11/2024,09:43:00,51200,51200,435,51204.05,15,15,662535
BANKNIFTY-II.NFO,22/11/2024,09:43:02,51200,51200,435,51204.05,15,0,662535
BANKNIFTY-II.NFO,22/11/2024,09:43:03,51192.1,51185.25,45,51200.95,120,435,662535
BANKNIFTY-II.NFO,22/11/2024,09:43:05,51184.6,51184.05,15,51197.85,120,75,662535
BANKNIFTY-II.NFO,22/11/2024,09:43:07,51187.4,51184.7,75,51198.4,120,30,662535
BANKNIFTY-II.NFO,22/11/2024,09:43:08,51191.7,51181,15,51190.5,120,15,662535
BANKNIFTY-II.NFO,22/11/2024,09:43:10,51181,51180,15,51185.45,120,15,662535
BANKNIFTY-II.NFO,22/11/2024,09:43:12,51184.25,51180,15,51183.5,120,15,662535
BANKNIFTY-II.NFO,22/11/2024,09:43:13,51184.25,51180.05,15,51191.8,120,0,662535
BANKNIFTY-II.NFO,22/11/2024,09:43:15,51184.25,51180,15,51189.25,120,0,662535
BANKNIFTY-II.NFO,22/11/2024,09:43:16,51184.25,51180,15,51187.75,300,0,662535
BANKNIFTY-II.NFO,22/11/2024,09:43:18,51180,51177.35,30,51184.25,15,15,662535
BANKNIFTY-II.NFO,22/11/2024,09:43:20,51189.45,51174.85,45,51185.9,15,30,662535
BANKNIFTY-II.NFO,22/11/2024,09:43:21,51189.45,51171.35,30,51184.25,15,0,662535
BANKNIFTY-II.NFO,22/11/2024,09:43:23,51189.45,51170,15,51178.5,210,0,662535
BANKNIFTY-II.NFO,22/11/2024,09:43:25,51170,51164.1,30,51176.4,300,15,662535
BANKNIFTY-II.NFO,22/11/2024,09:43:26,51164.25,51164.8,105,51177.5,15,150,662535
BANKNIFTY-II.NFO,22/11/2024,09:43:28,51164.25,51170,15,51175.55,300,0,662535
BANKNIFTY-II.NFO,22/11/2024,09:43:30,51170,51176.05,15,51184.25,15,15,662535
BANKNIFTY-II.NFO,22/11/2024,09:43:31,51170,51170.2,105,51183.6,300,0,662535
BANKNIFTY-II.NFO,22/11/2024,09:43:33,51170,51171.2,105,51184.25,15,0,662535
BANKNIFTY-II.NFO,22/11/2024,09:43:35,51184.25,51190.05,15,51196.1,120,30,662535
BANKNIFTY-II.NFO,22/11/2024,09:43:36,51180.05,51179.85,105,51194.55,135,15,662535
BANKNIFTY-II.NFO,22/11/2024,09:43:38,51180.05,51184.05,15,51194.1,120,0,662535
BANKNIFTY-II.NFO,22/11/2024,09:43:40,51182.4,51186.05,15,51197.85,120,90,662535
BANKNIFTY-II.NFO,22/11/2024,09:43:41,51182.05,51175.05,15,51189.95,120,45,662535
BANKNIFTY-II.NFO,22/11/2024,09:43:43,51182.05,51180.05,15,51189.65,120,0,662535
BANKNIFTY-II.NFO,22/11/2024,09:43:45,51184.4,51176.05,15,51187.7,300,15,662535
BANKNIFTY-II.NFO,22/11/2024,09:43:46,51184.4,51170,15,51174.25,120,0,662535
BANKNIFTY-II.NFO,22/11/2024,09:43:48,51170,51166.05,15,51179.1,120,15,662535
BANKNIFTY-II.NFO,22/11/2024,09:43:50,51170,51161.75,30,51175.6,120,0,662535
BANKNIFTY-II.NFO,22/11/2024,09:43:51,51159.2,51158.05,15,51170.7,15,15,662535
BANKNIFTY-II.NFO,22/11/2024,09:43:53,51154.5,51154.05,15,51168.5,120,30,662535
BANKNIFTY-II.NFO,22/11/2024,09:43:55,51154.5,51160.05,15,51169.3,15,0,662535
BANKNIFTY-II.NFO,22/11/2024,09:43:56,51154.5,51162.05,15,51170.3,15,0,662535
BANKNIFTY-II.NFO,22/11/2024,09:43:58,51154.5,51158.05,15,51169.25,15,0,662535
BANKNIFTY-II.NFO,22/11/2024,09:43:59,51154.5,51162.05,15,51170,300,0,662535
BANKNIFTY-II.NFO,22/11/2024,09:44:01,51158.05,51158.05,15,51166.05,15,60,662535
BANKNIFTY-II.NFO,22/11/2024,09:44:03,51158.05,51161.05,120,51167.7,15,0,662535
BANKNIFTY-II.NFO,22/11/2024,09:44:04,51158.05,51178.05,15,51186.65,300,0,662535
BANKNIFTY-II.NFO,22/11/2024,09:44:06,51158.05,51175.75,45,51183.45,15,0,662535
BANKNIFTY-II.NFO,22/11/2024,09:44:08,51158.05,51172.05,15,51181.8,60,0,662535
BANKNIFTY-II.NFO,22/11/2024,09:44:09,51180.4,51170.05,15,51180.75,120,15,662535
BANKNIFTY-II.NFO,22/11/2024,09:44:11,51180.4,51157.45,75,51171.6,120,0,662535
BANKNIFTY-II.NFO,22/11/2024,09:44:13,51168.8,51158.05,15,51168.75,15,15,662535
BANKNIFTY-II.NFO,22/11/2024,09:44:14,51168.8,51162.05,15,51169.05,15,0,662535
BANKNIFTY-II.NFO,22/11/2024,09:44:16,51168.8,51166.05,15,51171.3,120,0,662535
BANKNIFTY-II.NFO,22/11/2024,09:44:18,51168.8,51160.05,15,51168.65,135,0,662535
BANKNIFTY-II.NFO,22/11/2024,09:44:19,51168.8,51152.75,15,51167.35,120,0,662535
BANKNIFTY-II.NFO,22/11/2024,09:44:21,51168.8,51151,15,51153.4,135,0,662535
BANKNIFTY-II.NFO,22/11/2024,09:44:23,51145,51142.05,15,51145,165,240,662535
BANKNIFTY-II.NFO,22/11/2024,09:44:24,51145,51140.95,30,51145,150,15,662535
BANKNIFTY-II.NFO,22/11/2024,09:44:26,51145,51144.75,15,51150,30,150,662535
BANKNIFTY-II.NFO,22/11/2024,09:44:28,51150,51142.25,15,51150,15,15,662535
BANKNIFTY-II.NFO,22/11/2024,09:44:29,51140,51140.05,30,51150,15,15,662535
BANKNIFTY-II.NFO,22/11/2024,09:44:31,51154.5,51158.05,15,51164.85,120,30,662535
BANKNIFTY-II.NFO,22/11/2024,09:44:33,51161,51146.2,30,51161.15,120,45,662535
BANKNIFTY-II.NFO,22/11/2024,09:44:34,51161,51160.05,15,51166.9,300,0,662535
BANKNIFTY-II.NFO,22/11/2024,09:44:36,51160.05,51162.05,15,51171.9,300,30,662535
BANKNIFTY-II.NFO,22/11/2024,09:44:37,51160.5,51162.05,75,51172.5,300,30,662535
BANKNIFTY-II.NFO,22/11/2024,09:44:39,51160.5,51170.05,15,51177.8,300,0,662535
BANKNIFTY-II.NFO,22/11/2024,09:44:41,51160.5,51158.05,15,51170.45,120,0,662535
BANKNIFTY-II.NFO,22/11/2024,09:44:42,51160.5,51168.05,15,51177.8,300,0,662535
BANKNIFTY-II.NFO,22/11/2024,09:44:44,51160.5,51164.05,15,51172.2,300,0,662535
BANKNIFTY-II.NFO,22/11/2024,09:44:46,51160.5,51164.05,15,51173.5,15,0,662535
BANKNIFTY-II.NFO,22/11/2024,09:44:47,51172.65,51162.05,15,51173.35,15,15,662535
BANKNIFTY-II.NFO,22/11/2024,09:44:49,51164.55,51164.05,15,51172.6,15,15,662535
BANKNIFTY-II.NFO,22/11/2024,09:44:51,51164.55,51172.7,30,51179.6,75,0,662535
BANKNIFTY-II.NFO,22/11/2024,09:44:52,51164.55,51174.85,75,51179.6,75,0,662535
BANKNIFTY-II.NFO,22/11/2024,09:44:54,51164.55,51168.55,45,51179.6,75,0,662535
BANKNIFTY-II.NFO,22/11/2024,09:44:56,51164.55,51157.4,15,51170.6,120,0,662535
BANKNIFTY-II.NFO,22/11/2024,09:44:57,51168.4,51156.55,45,51165.75,15,120,662535
BANKNIFTY-II.NFO,22/11/2024,09:44:59,51168.4,51155.3,45,51166.95,15,0,662535
BANKNIFTY-II.NFO,22/11/2024,09:45:01,51150,51150,90,51162,120,15,662535
BANKNIFTY-II.NFO,22/11/2024,09:45:02,51162,51150.55,30,51163.2,120,30,662535
BANKNIFTY-II.NFO,22/11/2024,09:45:04,51162,51150,90,51156.3,120,0,662535
BANKNIFTY-II.NFO,22/11/2024,09:45:05,51162,51154.05,15,51164,120,0,662535
BANKNIFTY-II.NFO,22/11/2024,09:45:07,51162,51162,30,51170.1,120,0,662535
BANKNIFTY-II.NFO,22/11/2024,09:45:09,51162,51150,120,51161.4,120,30,662535
BANKNIFTY-II.NFO,22/11/2024,09:45:10,51160.6,51154.05,15,51164.95,120,15,662535
BANKNIFTY-II.NFO,22/11/2024,09:45:12,51160.6,51158.1,45,51165,15,0,662535
BANKNIFTY-II.NFO,22/11/2024,09:45:14,51165,51158.1,90,51174.5,120,15,662535
BANKNIFTY-II.NFO,22/11/2024,09:45:15,51165,51155.55,30,51165,15,0,662535
BANKNIFTY-II.NFO,22/11/2024,09:45:17,51165,51150.75,90,51164.95,120,0,662535
BANKNIFTY-II.NFO,22/11/2024,09:45:19,51165,51158.05,15,51165,15,0,662535
BANKNIFTY-II.NFO,22/11/2024,09:45:20,51165,51158.75,90,51165,15,0,662535
BANKNIFTY-II.NFO,22/11/2024,09:45:22,51165,51162.05,15,51174.1,120,15,662535
BANKNIFTY-II.NFO,22/11/2024,09:45:24,51162.35,51162.15,30,51175.3,120,15,662535
BANKNIFTY-II.NFO,22/11/2024,09:45:25,51162.35,51159.85,90,51172.15,300,0,662535
BANKNIFTY-II.NFO,22/11/2024,09:45:27,51170.9,51156,45,51170.9,120,1050,662535
BANKNIFTY-II.NFO,22/11/2024,09:45:29,51170.9,51154.4,45,51171,135,0,662535
BANKNIFTY-II.NFO,22/11/2024,09:45:30,51170.9,51152,30,51164.1,120,0,662535
BANKNIFTY-II.NFO,22/11/2024,09:45:32,51165,51154.05,15,51164.85,135,30,662535
BANKNIFTY-II.NFO,22/11/2024,09:45:34,51165,51156.35,45,51165,105,15,662535
BANKNIFTY-II.NFO,22/11/2024,09:45:35,51165,51160.4,45,51165,105,0,662535
BANKNIFTY-II.NFO,22/11/2024,09:45:37,51165,51162.2,45,51165,45,60,662535
BANKNIFTY-II.NFO,22/11/2024,09:45:38,51165,51162.55,45,51165,30,15,662535
BANKNIFTY-II.NFO,22/11/2024,09:45:40,51165,51160.1,45,51172.95,15,30,662535
BANKNIFTY-II.NFO,22/11/2024,09:45:42,51162.1,51162.1,30,51172.95,15,15,662265
BANKNIFTY-II.NFO,22/11/2024,09:45:43,51162.1,51168.9,60,51172.95,15,0,662265
BANKNIFTY-II.NFO,22/11/2024,09:45:45,51179.6,51174.05,15,51179.6,45,45,662265
BANKNIFTY-II.NFO,22/11/2024,09:45:47,51179.6,51184.05,15,51195,30,45,662265
BANKNIFTY-II.NFO,22/11/2024,09:45:48,51174.5,51174.55,60,51189.7,135,75,662265
BANKNIFTY-II.NFO,22/11/2024,09:45:50,51174.5,51180.05,15,51193.35,135,0,662265
BANKNIFTY-II.NFO,22/11/2024,09:45:52,51174.5,51175,15,51179,15,0,662265
BANKNIFTY-II.NFO,22/11/2024,09:45:55,51194.2,51180.1,30,51193.55,120,45,662265
BANKNIFTY-II.NFO,22/11/2024,09:45:57,51180.05,51178.1,30,51191.6,15,30,662265
BANKNIFTY-II.NFO,22/11/2024,09:45:58,51194.2,51180.2,60,51194.25,45,30,662265
BANKNIFTY-II.NFO,22/11/2024,09:46:00,51194.2,51179.1,60,51191.9,45,0,662265
BANKNIFTY-II.NFO,22/11/2024,09:46:02,51185.75,51177.45,60,51191.8,120,45,662265
BANKNIFTY-II.NFO,22/11/2024,09:46:03,51185.75,51183.05,60,51196.9,300,0,662265
BANKNIFTY-II.NFO,22/11/2024,09:46:05,51185.75,51182.05,15,51194.2,15,0,662265
BANKNIFTY-II.NFO,22/11/2024,09:46:07,51191,51182.1,60,51194.2,15,30,662265
BANKNIFTY-II.NFO,22/11/2024,09:46:08,51191,51181.1,60,51194.2,15,0,662265
BANKNIFTY-II.NFO,22/11/2024,09:46:10,51191,51184.5,60,51194.25,15,0,662265
BANKNIFTY-II.NFO,22/11/2024,09:46:11,51191,51188.05,15,51197.25,120,0,662265
BANKNIFTY-II.NFO,22/11/2024,09:46:13,51191,51184.05,15,51195.75,120,0,662265
BANKNIFTY-II.NFO,22/11/2024,09:46:15,51191,51184.05,15,51195.25,15,0,662265
BANKNIFTY-II.NFO,22/11/2024,09:46:16,51195,51191,45,51195.3,45,30,662265
BANKNIFTY-II.NFO,22/11/2024,09:46:18,51180,51180.4,30,51184,300,75,662265
BANKNIFTY-II.NFO,22/11/2024,09:46:20,51182.4,51182.1,15,51195.2,300,315,662265
BANKNIFTY-II.NFO,22/11/2024,09:46:21,51172.25,51169.2,15,51182.9,120,15,662265
BANKNIFTY-II.NFO,22/11/2024,09:46:23,51172.25,51164.8,30,51179.55,120,0,662265
BANKNIFTY-II.NFO,22/11/2024,09:46:25,51172.25,51170.05,15,51184.05,120,0,662265
BANKNIFTY-II.NFO,22/11/2024,09:46:27,51172.25,51172.1,15,51186.65,120,0,662265
BANKNIFTY-II.NFO,22/11/2024,09:46:28,51172.25,51170.35,15,51183,300,0,662265
BANKNIFTY-II.NFO,22/11/2024,09:46:30,51172.25,51170.1,15,51182.75,30,0,662265
BANKNIFTY-II.NFO,22/11/2024,09:46:32,51172.25,51172.3,15,51183.95,15,0,662265
BANKNIFTY-II.NFO,22/11/2024,09:46:33,51172.25,51177.75,60,51189.7,15,45,662265
BANKNIFTY-II.NFO,22/11/2024,09:46:35,51187.25,51168.75,30,51182.45,120,15,662265
BANKNIFTY-II.NFO,22/11/2024,09:46:37,51171.25,51173.95,15,51180,150,15,662265
BANKNIFTY-II.NFO,22/11/2024,09:46:38,51171.25,51175.05,30,51180,150,0,662265
BANKNIFTY-II.NFO,22/11/2024,09:46:40,51180,51175.65,150,51180,90,60,662265
BANKNIFTY-II.NFO,22/11/2024,09:46:42,51180,51170,30,51179.85,120,0,662265
BANKNIFTY-II.NFO,22/11/2024,09:46:43,51180,51170,30,51179,120,0,662265
BANKNIFTY-II.NFO,22/11/2024,09:46:45,51170,51164.6,150,51170,120,30,662265
BANKNIFTY-II.NFO,22/11/2024,09:46:46,51163.2,51165,30,51170,120,15,662265
BANKNIFTY-II.NFO,22/11/2024,09:46:48,51163.2,51165,30,51170,120,0,662265
BANKNIFTY-II.NFO,22/11/2024,09:46:51,51163.2,51165,30,51169.75,120,0,662265
BANKNIFTY-II.NFO,22/11/2024,09:46:53,51163.2,51165,30,51168.15,120,0,662265
BANKNIFTY-II.NFO,22/11/2024,09:46:55,51165.3,51152.1,15,51165.1,120,315,662265
BANKNIFTY-II.NFO,22/11/2024,09:46:56,51167.05,51154.05,15,51167.1,120,30,662265
BANKNIFTY-II.NFO,22/11/2024,09:46:58,51167.05,51150,60,51163.75,120,0,662265
BANKNIFTY-II.NFO,22/11/2024,09:47:00,51167.05,51150.1,30,51165.4,135,0,662265
BANKNIFTY-II.NFO,22/11/2024,09:47:01,51161,51150,60,51157.6,120,15,662265
BANKNIFTY-II.NFO,22/11/2024,09:47:03,51141.5,51141.5,135,51147.9,120,75,662265
BANKNIFTY-II.NFO,22/11/2024,09:47:05,51125,51125,120,51132.95,120,420,662265
BANKNIFTY-II.NFO,22/11/2024,09:47:06,51125,51125,120,51132.9,120,0,662265
BANKNIFTY-II.NFO,22/11/2024,09:47:08,51125,51125,135,51132.45,120,0,662265
BANKNIFTY-II.NFO,22/11/2024,09:47:10,51125,51125,120,51132.4,30,15,662265
BANKNIFTY-II.NFO,22/11/2024,09:47:11,51120.35,51127.9,75,51132.4,30,375,662265
BANKNIFTY-II.NFO,22/11/2024,09:47:13,51123.4,51120,75,51130.2,120,150,662265
BANKNIFTY-II.NFO,22/11/2024,09:47:14,51123.4,51120,75,51131.25,30,0,662265
BANKNIFTY-II.NFO,22/11/2024,09:47:18,51122.15,51120,75,51131.25,30,30,662265
BANKNIFTY-II.NFO,22/11/2024,09:47:19,51130.4,51120,75,51133.55,165,30,662265
BANKNIFTY-II.NFO,22/11/2024,09:47:21,51133.8,51120.1,30,51133.95,15,15,662265
BANKNIFTY-II.NFO,22/11/2024,09:47:23,51133.8,51121.7,15,51133.95,15,0,662265
BANKNIFTY-II.NFO,22/11/2024,09:47:24,51123.35,51120.55,30,51134.05,150,45,662265
BANKNIFTY-II.NFO,22/11/2024,09:47:26,51123.35,51120,165,51134.3,120,0,662265
BANKNIFTY-II.NFO,22/11/2024,09:47:28,51123,51123,15,51134.75,30,90,662265
BANKNIFTY-II.NFO,22/11/2024,09:47:29,51135.1,51124.05,15,51137.9,135,90,662265
BANKNIFTY-II.NFO,22/11/2024,09:47:31,51135.1,51123,15,51133.15,30,0,662265
BANKNIFTY-II.NFO,22/11/2024,09:47:32,51120,51120,120,51130.3,30,75,662265
BANKNIFTY-II.NFO,22/11/2024,09:47:34,51130.65,51120,75,51130.4,135,105,662265
BANKNIFTY-II.NFO,22/11/2024,09:47:36,51130.65,51123.4,30,51129.75,135,0,662265
BANKNIFTY-II.NFO,22/11/2024,09:47:37,51105.95,51101.5,150,51104.6,120,525,662265
BANKNIFTY-II.NFO,22/11/2024,09:47:39,51101.5,51101.5,135,51105.9,15,15,662265
BANKNIFTY-II.NFO,22/11/2024,09:47:41,51101,51101,135,51105.9,15,150,662265
BANKNIFTY-II.NFO,22/11/2024,09:47:42,51101,51101,135,51105.85,120,0,662265
BANKNIFTY-II.NFO,22/11/2024,09:47:44,51103.9,51100,315,51105.15,15,150,662265
BANKNIFTY-II.NFO,22/11/2024,09:47:46,51109.95,51110,15,51114,120,240,662265
BANKNIFTY-II.NFO,22/11/2024,09:47:47,51110,51101,15,51107.9,135,15,662265
BANKNIFTY-II.NFO,22/11/2024,09:47:49,51100,51100,270,51110.3,150,60,662265
BANKNIFTY-II.NFO,22/11/2024,09:47:51,51100,51100,255,51109.9,135,30,662265
BANKNIFTY-II.NFO,22/11/2024,09:47:52,51103.15,51100,255,51109.95,120,15,662265
BANKNIFTY-II.NFO,22/11/2024,09:47:54,51110,51105.85,60,51117.95,15,15,662265
BANKNIFTY-II.NFO,22/11/2024,09:47:56,51110,51102.05,15,51115.8,135,0,662265
BANKNIFTY-II.NFO,22/11/2024,09:47:57,51110,51100.05,30,51115.35,180,0,662265
BANKNIFTY-II.NFO,22/11/2024,09:47:59,51110,51100.1,60,51114.75,180,0,662265
BANKNIFTY-II.NFO,22/11/2024,09:48:01,51110,51100,255,51109.95,135,0,662265
BANKNIFTY-II.NFO,22/11/2024,09:48:02,51110,51100,255,51109.95,120,0,662265
BANKNIFTY-II.NFO,22/11/2024,09:48:04,51100,51100,240,51109.95,135,15,662265
BANKNIFTY-II.NFO,22/11/2024,09:48:06,51110,51112.05,15,51122.1,150,30,662265
BANKNIFTY-II.NFO,22/11/2024,09:48:07,51110,51107.8,90,51118.25,150,0,662265
BANKNIFTY-II.NFO,22/11/2024,09:48:09,51110,51108.9,90,51118.25,150,0,662265
BANKNIFTY-II.NFO,22/11/2024,09:48:11,51134.15,51120.45,165,51136.2,165,645,662265
BANKNIFTY-II.NFO,22/11/2024,09:48:12,51134.15,51120.4,165,51136.2,15,0,662265
BANKNIFTY-II.NFO,22/11/2024,09:48:14,51136.25,51123.9,120,51129,15,15,662265
BANKNIFTY-II.NFO,22/11/2024,09:48:16,51136.95,51136.1,30,51151.75,120,135,662265
BANKNIFTY-II.NFO,22/11/2024,09:48:17,51126.75,51126.75,60,51143.55,60,150,662265
BANKNIFTY-II.NFO,22/11/2024,09:48:19,51142.45,51124.1,60,51140.6,135,105,662265
BANKNIFTY-II.NFO,22/11/2024,09:48:21,51124.35,51132.05,15,51146.6,30,75,662265
BANKNIFTY-II.NFO,22/11/2024,09:48:22,51126.45,51121.75,45,51137.7,45,30,662265
BANKNIFTY-II.NFO,22/11/2024,09:48:24,51126.45,51124.05,15,51136.15,30,0,662265
BANKNIFTY-II.NFO,22/11/2024,09:48:26,51126.45,51128.05,15,51141.85,30,0,662265
BANKNIFTY-II.NFO,22/11/2024,09:48:27,51142.45,51128.35,75,51136,15,15,662265
BANKNIFTY-II.NFO,22/11/2024,09:48:29,51125.7,51125,15,51136,15,60,662265
BANKNIFTY-II.NFO,22/11/2024,09:48:31,51125.7,51125.7,30,51136,15,0,662265
BANKNIFTY-II.NFO,22/11/2024,09:48:32,51125.7,51125,15,51128.35,75,0,662265
BANKNIFTY-II.NFO,22/11/2024,09:48:34,51128.35,51125,15,51128.35,15,60,662265
