Ticker,Date,Time,LTP,BuyPrice,BuyQty,SellPrice,SellQty,LTQ,OpenInterest
NIFTY-II.NFO,22/11/2024,09:15:00,23575,23570.95,100,23580,50,1750,2199575
NIFTY-II.NFO,22/11/2024,09:15:00,23572.55,23570.95,100,23580,50,0,2199575
NIFTY-II.NFO,22/11/2024,09:15:00,23579,23570.95,100,23580,50,0,2199575
NIFTY-II.NFO,22/11/2024,09:15:00,23568.45,23570.95,100,23580,50,0,2199575
NIFTY-II.NFO,22/11/2024,09:15:01,23579.4,23570.05,25,23579.4,100,525,2199575
NIFTY-II.NFO,22/11/2024,09:15:01,23586.25,23570.05,25,23579.4,100,0,2199575
NIFTY-II.NFO,22/11/2024,09:15:03,23562.65,23562.2,100,23570,50,1800,2199575
NIFTY-II.NFO,22/11/2024,09:15:03,23560.05,23562.2,100,23570,50,0,2199575
NIFTY-II.NFO,22/11/2024,09:15:04,23570.15,23568.4,125,23574,25,375,2199575
NIFTY-II.NFO,22/11/2024,09:15:06,23570.95,23568.85,250,23570.95,25,925,2199575
NIFTY-II.NFO,22/11/2024,09:15:07,23568.6,23569.1,125,23578.65,100,650,2199575
NIFTY-II.NFO,22/11/2024,09:15:08,23582.55,23567.1,100,23581.15,100,800,2199575
NIFTY-II.NFO,22/11/2024,09:15:10,23573.4,23569.25,75,23577.95,50,7650,2199575
NIFTY-II.NFO,22/11/2024,09:15:10,23590.9,23569.25,75,23577.95,50,0,2199575
NIFTY-II.NFO,22/11/2024,09:15:11,23580.95,23568.05,100,23578.4,25,425,2199575
NIFTY-II.NFO,22/11/2024,09:15:13,23563.85,23564,100,23570.45,25,475,2199575
NIFTY-II.NFO,22/11/2024,09:15:14,23568.8,23569.55,125,23570.45,25,450,2199575
NIFTY-II.NFO,22/11/2024,09:15:16,23568.7,23569.55,225,23570.4,25,575,2199575
NIFTY-II.NFO,22/11/2024,09:15:17,23567.6,23568.7,125,23570.3,25,275,2199575
NIFTY-II.NFO,22/11/2024,09:15:19,23565,23563.85,25,23570.05,150,375,2199575
NIFTY-II.NFO,22/11/2024,09:15:20,23553.85,23554.65,125,23563.15,100,1100,2199575
NIFTY-II.NFO,22/11/2024,09:15:20,23553.85,23554.65,125,23563.15,100,0,2199575
NIFTY-II.NFO,22/11/2024,09:15:21,23551.65,23549.8,125,23558.45,100,25,2199575
NIFTY-II.NFO,22/11/2024,09:15:21,23551.65,23549.8,125,23558.45,100,0,2199575
NIFTY-II.NFO,22/11/2024,09:15:23,23549,23540.25,25,23548.15,75,225,2199575
NIFTY-II.NFO,22/11/2024,09:15:23,23545.6,23540.25,25,23548.15,75,0,2199575
NIFTY-II.NFO,22/11/2024,09:15:24,23538.45,23535.55,25,23538.65,100,600,2199575
NIFTY-II.NFO,22/11/2024,09:15:24,23529.95,23535.55,25,23538.65,100,0,2199575
NIFTY-II.NFO,22/11/2024,09:15:26,23549,23541.25,100,23549.75,125,275,2199575
NIFTY-II.NFO,22/11/2024,09:15:27,23545.85,23546,50,23549,75,625,2199575
NIFTY-II.NFO,22/11/2024,09:15:29,23555,23555.45,125,23559.65,75,375,2199575
NIFTY-II.NFO,22/11/2024,09:15:30,23557.9,23557.95,150,23560,200,900,2199575
NIFTY-II.NFO,22/11/2024,09:15:31,23567,23559.1,50,23566.15,75,550,2199575
NIFTY-II.NFO,22/11/2024,09:15:33,23568.3,23559.7,100,23568.2,100,75,2199575
NIFTY-II.NFO,22/11/2024,09:15:34,23558.95,23559.65,100,23568.15,150,150,2197400
NIFTY-II.NFO,22/11/2024,09:15:36,23560.4,23561.55,150,23568.2,100,175,2197400
NIFTY-II.NFO,22/11/2024,09:15:37,23564.25,23565.1,50,23566.95,25,425,2197400
NIFTY-II.NFO,22/11/2024,09:15:38,23566.7,23565.2,125,23566.95,25,100,2197400
NIFTY-II.NFO,22/11/2024,09:15:40,23566.7,23566.35,200,23570,75,625,2197400
NIFTY-II.NFO,22/11/2024,09:15:41,23569,23569.2,100,23570,700,575,2197400
NIFTY-II.NFO,22/11/2024,09:15:43,23568.2,23567.9,625,23570,700,125,2197400
NIFTY-II.NFO,22/11/2024,09:15:44,23567.05,23568.6,50,23570,675,75,2197400
NIFTY-II.NFO,22/11/2024,09:15:46,23568.6,23568.5,100,23570,675,50,2197400
NIFTY-II.NFO,22/11/2024,09:15:47,23566.2,23566.25,100,23570,675,50,2197400
NIFTY-II.NFO,22/11/2024,09:15:48,23568,23567.95,100,23568.6,100,325,2197400
NIFTY-II.NFO,22/11/2024,09:15:50,23571.75,23571.75,175,23574,25,800,2197400
NIFTY-II.NFO,22/11/2024,09:15:51,23575,23572.4,125,23575,250,150,2197400
NIFTY-II.NFO,22/11/2024,09:15:53,23575,23571.6,125,23575,175,100,2197400
NIFTY-II.NFO,22/11/2024,09:15:54,23572.95,23572.4,250,23572.95,50,75,2197400
NIFTY-II.NFO,22/11/2024,09:15:56,23573.2,23573.2,75,23578.95,50,375,2197400
NIFTY-II.NFO,22/11/2024,09:15:57,23574.95,23574.95,250,23578.95,50,125,2197400
NIFTY-II.NFO,22/11/2024,09:15:59,23575.3,23574.95,175,23578.95,50,200,2197400
NIFTY-II.NFO,22/11/2024,09:16:00,23575.05,23575.05,25,23580,675,175,2197400
NIFTY-II.NFO,22/11/2024,09:16:01,23586.1,23586.1,100,23589.95,25,950,2197400
NIFTY-II.NFO,22/11/2024,09:16:03,23589,23589.1,25,23590,50,525,2197400
NIFTY-II.NFO,22/11/2024,09:16:04,23594.95,23593.5,125,23594.95,100,300,2197400
NIFTY-II.NFO,22/11/2024,09:16:04,23594.95,23593.5,125,23594.95,100,0,2197400
NIFTY-II.NFO,22/11/2024,09:16:06,23593.5,23589,25,23595.2,375,475,2197400
NIFTY-II.NFO,22/11/2024,09:16:06,23596.2,23589,25,23595.2,375,0,2197400
NIFTY-II.NFO,22/11/2024,09:16:07,23590,23586.15,100,23595.5,50,150,2197400
NIFTY-II.NFO,22/11/2024,09:16:09,23594.8,23594.8,100,23595,25,75,2197400
NIFTY-II.NFO,22/11/2024,09:16:10,23599,23593.5,100,23598.95,50,400,2197400
NIFTY-II.NFO,22/11/2024,09:16:10,23599,23593.5,100,23598.95,50,0,2197400
NIFTY-II.NFO,22/11/2024,09:16:12,23594.8,23595,50,23599,275,250,2197400
NIFTY-II.NFO,22/11/2024,09:16:13,23589.4,23588,625,23594.9,250,150,2197400
NIFTY-II.NFO,22/11/2024,09:16:14,23588.4,23589.15,100,23593.85,100,375,2197400
NIFTY-II.NFO,22/11/2024,09:16:16,23597.05,23588,100,23597.1,75,225,2197400
NIFTY-II.NFO,22/11/2024,09:16:17,23599,23590.1,50,23599,275,175,2197400
NIFTY-II.NFO,22/11/2024,09:16:19,23591.05,23592.15,25,23597.05,25,475,2197400
NIFTY-II.NFO,22/11/2024,09:16:20,23594.4,23592.65,250,23597,25,275,2197400
NIFTY-II.NFO,22/11/2024,09:16:21,23592.75,23594,125,23597.05,25,225,2197400
NIFTY-II.NFO,22/11/2024,09:16:23,23597.05,23593.25,25,23598,25,25,2197400
NIFTY-II.NFO,22/11/2024,09:16:24,23597.05,23592.55,225,23592.75,25,25,2197400
NIFTY-II.NFO,22/11/2024,09:16:26,23595,23595,50,23597,100,225,2197400
NIFTY-II.NFO,22/11/2024,09:16:27,23600,23597.75,125,23600,1050,950,2197400
NIFTY-II.NFO,22/11/2024,09:16:27,23600,23597.75,125,23600,1050,0,2197400
NIFTY-II.NFO,22/11/2024,09:16:29,23599.65,23597.3,175,23601.1,25,1650,2197400
NIFTY-II.NFO,22/11/2024,09:16:29,23601,23597.3,175,23601.1,25,0,2197400
NIFTY-II.NFO,22/11/2024,09:16:30,23600.6,23599.5,725,23607.95,150,375,2197400
NIFTY-II.NFO,22/11/2024,09:16:30,23606.65,23599.5,725,23607.95,150,0,2197400
NIFTY-II.NFO,22/11/2024,09:16:31,23599.45,23600.1,250,23604.95,25,250,2197400
NIFTY-II.NFO,22/11/2024,09:16:31,23607.95,23600.1,250,23604.95,25,0,2197400
NIFTY-II.NFO,22/11/2024,09:16:33,23599.1,23598.6,75,23604.9,150,25,2197400
NIFTY-II.NFO,22/11/2024,09:16:34,23598.85,23595.25,625,23598.9,100,50,2197400
NIFTY-II.NFO,22/11/2024,09:16:36,23598.6,23598.55,75,23600,50,225,2197400
NIFTY-II.NFO,22/11/2024,09:16:37,23600,23597.15,25,23600.1,25,75,2197400
NIFTY-II.NFO,22/11/2024,09:16:39,23600,23596.05,25,23598.85,25,0,2197400
NIFTY-II.NFO,22/11/2024,09:16:40,23598.55,23595.4,25,23598.85,25,75,2197400
NIFTY-II.NFO,22/11/2024,09:16:42,23598,23595,100,23598.85,25,75,2197400
NIFTY-II.NFO,22/11/2024,09:16:43,23598.85,23595,100,23599.65,225,25,2197400
NIFTY-II.NFO,22/11/2024,09:16:44,23594.4,23595.3,100,23597.95,150,125,2197400
NIFTY-II.NFO,22/11/2024,09:16:46,23590.85,23590,25,23596.15,225,150,2197400
NIFTY-II.NFO,22/11/2024,09:16:47,23590,23590,100,23594.9,150,25,2197400
NIFTY-II.NFO,22/11/2024,09:16:49,23590,23590,75,23594.9,150,25,2197400
NIFTY-II.NFO,22/11/2024,09:16:50,23586.1,23584.1,250,23590,175,200,2197400
NIFTY-II.NFO,22/11/2024,09:16:52,23582.4,23582.2,25,23589.95,225,100,2197400
NIFTY-II.NFO,22/11/2024,09:16:53,23588,23582,25,23585.9,100,175,2197400
NIFTY-II.NFO,22/11/2024,09:16:55,23583.9,23578.05,100,23586,225,250,2197400
NIFTY-II.NFO,22/11/2024,09:16:56,23585.3,23578.05,100,23587.05,125,150,2197400
NIFTY-II.NFO,22/11/2024,09:16:58,23582.2,23578.05,100,23586.8,125,50,2197400
NIFTY-II.NFO,22/11/2024,09:16:59,23581.4,23578,25,23586.2,75,50,2197400
NIFTY-II.NFO,22/11/2024,09:17:00,23574.95,23575,100,23584.25,175,75,2197400
NIFTY-II.NFO,22/11/2024,09:17:02,23574.95,23570,100,23574.5,75,275,2197400
NIFTY-II.NFO,22/11/2024,09:17:03,23574.75,23570,100,23576.05,125,125,2197400
NIFTY-II.NFO,22/11/2024,09:17:05,23574.75,23570,100,23576.05,125,0,2197400
NIFTY-II.NFO,22/11/2024,09:17:06,23573,23570,100,23574.55,100,125,2197400
NIFTY-II.NFO,22/11/2024,09:17:08,23574.55,23572.2,100,23578.05,25,25,2197400
NIFTY-II.NFO,22/11/2024,09:17:09,23574.75,23572.1,100,23574.75,250,75,2197400
NIFTY-II.NFO,22/11/2024,09:17:10,23580,23576.3,100,23584.8,75,325,2197400
NIFTY-II.NFO,22/11/2024,09:17:12,23574.1,23573.85,25,23580.45,150,325,2197400
NIFTY-II.NFO,22/11/2024,09:17:13,23572.85,23572.9,25,23579.75,50,325,2197400
NIFTY-II.NFO,22/11/2024,09:17:15,23573.35,23572.8,125,23581.75,150,50,2197400
NIFTY-II.NFO,22/11/2024,09:17:16,23573.35,23574.25,75,23581.45,150,0,2197400
NIFTY-II.NFO,22/11/2024,09:17:18,23573.7,23571.85,125,23580.3,150,325,2197400
NIFTY-II.NFO,22/11/2024,09:17:19,23572.3,23575.45,700,23583.2,150,50,2197400
NIFTY-II.NFO,22/11/2024,09:17:21,23584.6,23577.4,50,23584.6,150,50,2197400
NIFTY-II.NFO,22/11/2024,09:17:22,23574.2,23574.2,50,23583.1,100,50,2197400
NIFTY-II.NFO,22/11/2024,09:17:23,23580.55,23572.55,100,23579.8,100,200,2197400
NIFTY-II.NFO,22/11/2024,09:17:25,23581.55,23570.75,25,23580.25,150,300,2197400
NIFTY-II.NFO,22/11/2024,09:17:26,23572.45,23572.8,25,23580,50,100,2197400
NIFTY-II.NFO,22/11/2024,09:17:28,23572.8,23572.5,700,23579.95,150,50,2197400
NIFTY-II.NFO,22/11/2024,09:17:29,23579.95,23573.7,625,23580,25,50,2197400
NIFTY-II.NFO,22/11/2024,09:17:31,23572.3,23572.55,600,23579.95,150,300,2197400
NIFTY-II.NFO,22/11/2024,09:17:32,23574.05,23574.55,625,23580,50,50,2197400
NIFTY-II.NFO,22/11/2024,09:17:33,23580.8,23574.65,25,23582.2,150,75,2197400
NIFTY-II.NFO,22/11/2024,09:17:35,23574.1,23574.1,600,23580.9,150,100,2197400
NIFTY-II.NFO,22/11/2024,09:17:36,23574.1,23570,725,23577.1,150,0,2197400
NIFTY-II.NFO,22/11/2024,09:17:38,23570,23570,700,23574.05,100,200,2197400
NIFTY-II.NFO,22/11/2024,09:17:39,23570,23570,675,23574.1,425,25,2197400
NIFTY-II.NFO,22/11/2024,09:17:42,23570,23570,150,23574.1,400,150,2197400
NIFTY-II.NFO,22/11/2024,09:17:44,23570,23570,150,23574.1,400,0,2197400
NIFTY-II.NFO,22/11/2024,09:17:45,23570.45,23570,775,23574.1,375,100,2197400
NIFTY-II.NFO,22/11/2024,09:17:46,23574.1,23570.6,25,23574.1,225,175,2197400
NIFTY-II.NFO,22/11/2024,09:17:48,23574.1,23570.45,625,23574.1,125,125,2197400
NIFTY-II.NFO,22/11/2024,09:17:49,23574.1,23570.85,50,23574.1,125,0,2197400
NIFTY-II.NFO,22/11/2024,09:17:51,23574.1,23570.45,25,23574.1,125,0,2197400
NIFTY-II.NFO,22/11/2024,09:17:52,23574.1,23570.05,25,23574.1,100,25,2197400
NIFTY-II.NFO,22/11/2024,09:17:53,23570.85,23572.25,625,23574.1,100,700,2197400
NIFTY-II.NFO,22/11/2024,09:17:55,23574.1,23571.7,625,23579.6,150,100,2197400
NIFTY-II.NFO,22/11/2024,09:17:56,23574.1,23571.85,625,23579.75,150,0,2197400
NIFTY-II.NFO,22/11/2024,09:17:58,23571.95,23573.1,75,23580,25,50,2197400
NIFTY-II.NFO,22/11/2024,09:17:59,23573.1,23573.45,125,23580,25,25,2197400
NIFTY-II.NFO,22/11/2024,09:18:01,23573.1,23575.8,175,23580,50,0,2197400
NIFTY-II.NFO,22/11/2024,09:18:02,23575.8,23576.75,25,23579.95,75,25,2197400
NIFTY-II.NFO,22/11/2024,09:18:03,23582.25,23580,25,23580.55,75,100,2197400
NIFTY-II.NFO,22/11/2024,09:18:05,23582.35,23576.5,225,23582.35,150,125,2197400
NIFTY-II.NFO,22/11/2024,09:18:06,23582.15,23575.05,250,23582.15,50,550,2197400
NIFTY-II.NFO,22/11/2024,09:18:08,23578.75,23574.05,25,23581.05,100,25,2197400
NIFTY-II.NFO,22/11/2024,09:18:09,23570.35,23571.3,50,23579,100,500,2197400
NIFTY-II.NFO,22/11/2024,09:18:11,23578.95,23570.1,50,23578.75,225,50,2197400
NIFTY-II.NFO,22/11/2024,09:18:12,23578.95,23570.65,125,23578.75,225,0,2197400
NIFTY-II.NFO,22/11/2024,09:18:14,23578.75,23571.35,75,23578.95,100,25,2197400
NIFTY-II.NFO,22/11/2024,09:18:15,23581.5,23573.7,100,23580.9,225,325,2197400
NIFTY-II.NFO,22/11/2024,09:18:16,23573.1,23572.4,100,23580.8,150,175,2197400
NIFTY-II.NFO,22/11/2024,09:18:18,23572.1,23573.35,150,23581.3,50,25,2197400
NIFTY-II.NFO,22/11/2024,09:18:19,23581.35,23572.2,125,23581.75,150,400,2197400
NIFTY-II.NFO,22/11/2024,09:18:21,23580.85,23572.2,100,23581.6,175,25,2197400
NIFTY-II.NFO,22/11/2024,09:18:22,23573.15,23574.25,100,23582,25,225,2197400
NIFTY-II.NFO,22/11/2024,09:18:24,23577.5,23575.9,100,23580,25,50,2197400
NIFTY-II.NFO,22/11/2024,09:18:25,23575.25,23575.5,100,23580,25,25,2197400
NIFTY-II.NFO,22/11/2024,09:18:27,23575.05,23575.05,75,23580,375,25,2197400
NIFTY-II.NFO,22/11/2024,09:18:28,23575.05,23575,900,23580,375,0,2197400
NIFTY-II.NFO,22/11/2024,09:18:31,23575.05,23575,900,23579.95,100,0,2197400
NIFTY-II.NFO,22/11/2024,09:18:34,23575.05,23576.05,75,23580,375,0,2197400
NIFTY-II.NFO,22/11/2024,09:18:35,23576.85,23576.85,50,23580,375,25,2195925
NIFTY-II.NFO,22/11/2024,09:18:36,23580,23577.95,100,23580,125,250,2195925
NIFTY-II.NFO,22/11/2024,09:18:38,23580,23579.1,50,23580,125,0,2195925
NIFTY-II.NFO,22/11/2024,09:18:39,23580,23576.05,50,23580,100,25,2195925
NIFTY-II.NFO,22/11/2024,09:18:41,23580,23576,900,23580,125,0,2195925
NIFTY-II.NFO,22/11/2024,09:18:42,23576,23576,800,23580,125,100,2195925
NIFTY-II.NFO,22/11/2024,09:18:44,23576,23576,775,23580,250,50,2195925
NIFTY-II.NFO,22/11/2024,09:18:45,23576,23576,775,23579.95,100,0,2195925
NIFTY-II.NFO,22/11/2024,09:18:46,23576,23576,725,23580,350,50,2195925
NIFTY-II.NFO,22/11/2024,09:18:48,23576,23576,725,23580,475,0,2195925
NIFTY-II.NFO,22/11/2024,09:18:49,23576,23576.05,50,23580,350,0,2195925
NIFTY-II.NFO,22/11/2024,09:18:52,23576.05,23576,825,23580,50,350,2195925
NIFTY-II.NFO,22/11/2024,09:18:54,23576,23576.4,250,23579,100,25,2195925
NIFTY-II.NFO,22/11/2024,09:18:56,23576,23576,825,23579,100,0,2195925
NIFTY-II.NFO,22/11/2024,09:18:57,23580,23576,825,23579.6,100,1800,2195925
NIFTY-II.NFO,22/11/2024,09:18:59,23580,23576,825,23579.95,100,0,2195925
NIFTY-II.NFO,22/11/2024,09:19:01,23580,23576,825,23579.7,100,0,2195925
NIFTY-II.NFO,22/11/2024,09:19:02,23573,23572,75,23574.45,100,850,2195925
NIFTY-II.NFO,22/11/2024,09:19:04,23580.1,23572,75,23575,125,1825,2195925
NIFTY-II.NFO,22/11/2024,09:19:06,23580.1,23572,75,23575,125,0,2195925
NIFTY-II.NFO,22/11/2024,09:19:07,23572,23572,50,23574,150,25,2195925
NIFTY-II.NFO,22/11/2024,09:19:09,23572,23570.05,25,23574,125,25,2195925
NIFTY-II.NFO,22/11/2024,09:19:11,23575,23575,925,23576.45,50,500,2195925
NIFTY-II.NFO,22/11/2024,09:19:12,23575,23575,825,23577.8,25,100,2195925
NIFTY-II.NFO,22/11/2024,09:19:14,23575,23575,825,23575.7,25,0,2195925
NIFTY-II.NFO,22/11/2024,09:19:16,23570,23570.05,100,23577.4,25,900,2195925
NIFTY-II.NFO,22/11/2024,09:19:17,23570,23574.1,100,23579,75,0,2195925
NIFTY-II.NFO,22/11/2024,09:19:19,23579,23575.45,175,23579,50,25,2195925
NIFTY-II.NFO,22/11/2024,09:19:21,23574.6,23574.9,175,23579,50,25,2195925
NIFTY-II.NFO,22/11/2024,09:19:22,23577.25,23576.7,175,23580,250,125,2195925
NIFTY-II.NFO,22/11/2024,09:19:24,23578.2,23578.2,100,23580,25,325,2195925
NIFTY-II.NFO,22/11/2024,09:19:26,23582.35,23582,50,23582.35,125,50,2195925
NIFTY-II.NFO,22/11/2024,09:19:27,23578,23579.2,200,23582.35,125,725,2195925
NIFTY-II.NFO,22/11/2024,09:19:29,23579.05,23580.3,125,23582.35,75,200,2195925
NIFTY-II.NFO,22/11/2024,09:19:31,23580.6,23581,125,23582.35,75,75,2195925
NIFTY-II.NFO,22/11/2024,09:19:32,23580.4,23580.4,200,23584,25,150,2195925
NIFTY-II.NFO,22/11/2024,09:19:34,23579.5,23579.75,125,23584.6,25,525,2195925
NIFTY-II.NFO,22/11/2024,09:19:36,23580.05,23579.65,100,23585,50,150,2195925
NIFTY-II.NFO,22/11/2024,09:19:37,23580.2,23581.35,125,23588.4,75,225,2195925
NIFTY-II.NFO,22/11/2024,09:19:39,23580.2,23581.25,125,23585,25,0,2195925
NIFTY-II.NFO,22/11/2024,09:19:41,23581.25,23582.1,175,23585,25,100,2195925
NIFTY-II.NFO,22/11/2024,09:19:42,23582,23583.55,25,23588.8,25,375,2195925
NIFTY-II.NFO,22/11/2024,09:19:44,23589,23581.25,75,23588.95,100,125,2195925
NIFTY-II.NFO,22/11/2024,09:19:46,23581.25,23581.5,150,23589,50,75,2195925
NIFTY-II.NFO,22/11/2024,09:19:47,23589,23583.45,125,23589,25,300,2195925
NIFTY-II.NFO,22/11/2024,09:19:49,23583.05,23583.25,125,23590,75,75,2195925
NIFTY-II.NFO,22/11/2024,09:19:51,23592.2,23587.25,100,23592.75,100,150,2195925
NIFTY-II.NFO,22/11/2024,09:19:52,23589,23587.85,25,23592.75,75,50,2195925
NIFTY-II.NFO,22/11/2024,09:19:54,23588.65,23587.5,75,23593.65,75,425,2195925
NIFTY-II.NFO,22/11/2024,09:19:56,23589.25,23589,225,23594.4,25,25,2195925
NIFTY-II.NFO,22/11/2024,09:19:57,23588.65,23585.85,100,23588.65,25,75,2195925
NIFTY-II.NFO,22/11/2024,09:19:59,23593.2,23583.4,100,23592.9,25,200,2195925
NIFTY-II.NFO,22/11/2024,09:20:01,23591.2,23581.95,100,23592.3,75,2875,2195925
NIFTY-II.NFO,22/11/2024,09:20:02,23585.4,23587.15,175,23596.45,25,25,2195925
NIFTY-II.NFO,22/11/2024,09:20:04,23585.4,23591.3,100,23595.7,25,0,2195925
NIFTY-II.NFO,22/11/2024,09:20:06,23594.35,23589.05,100,23597.95,100,100,2195925
NIFTY-II.NFO,22/11/2024,09:20:07,23592,23590,25,23592,25,75,2195925
NIFTY-II.NFO,22/11/2024,09:20:09,23596.4,23590.05,100,23597.75,50,150,2195925
NIFTY-II.NFO,22/11/2024,09:20:11,23598.85,23590.5,100,23598.3,25,150,2195925
NIFTY-II.NFO,22/11/2024,09:20:12,23598.35,23591.75,100,23596.1,25,200,2195925
NIFTY-II.NFO,22/11/2024,09:20:14,23599.4,23590.85,100,23599,25,150,2195925
NIFTY-II.NFO,22/11/2024,09:20:16,23600,23590.05,100,23598.45,25,400,2195925
NIFTY-II.NFO,22/11/2024,09:20:17,23595,23591,25,23595,25,75,2195925
NIFTY-II.NFO,22/11/2024,09:20:19,23594.55,23585.8,100,23594.55,125,350,2195925
NIFTY-II.NFO,22/11/2024,09:20:20,23594.7,23585.7,100,23590.05,25,75,2195925
NIFTY-II.NFO,22/11/2024,09:20:22,23590,23584,100,23590.05,25,50,2195925
NIFTY-II.NFO,22/11/2024,09:20:24,23581,23580.95,75,23588.55,125,250,2195925
NIFTY-II.NFO,22/11/2024,09:20:25,23586.5,23580.4,50,23585.15,100,2550,2195925
NIFTY-II.NFO,22/11/2024,09:20:27,23580.45,23580.4,50,23588.6,75,125,2195925
NIFTY-II.NFO,22/11/2024,09:20:29,23580.45,23581.4,100,23588.25,75,0,2195925
NIFTY-II.NFO,22/11/2024,09:20:30,23581.95,23584.1,100,23590.55,75,100,2195925
NIFTY-II.NFO,22/11/2024,09:20:32,23581.6,23580.45,125,23589.5,25,225,2195925
NIFTY-II.NFO,22/11/2024,09:20:34,23581.6,23580.4,50,23587.35,25,0,2195925
NIFTY-II.NFO,22/11/2024,09:20:35,23581.6,23580.45,100,23587.95,25,0,2195925
NIFTY-II.NFO,22/11/2024,09:20:37,23587.95,23585.75,100,23589,25,25,2195925
NIFTY-II.NFO,22/11/2024,09:20:39,23592.35,23588.4,100,23592.4,25,75,2195925
NIFTY-II.NFO,22/11/2024,09:20:40,23588.15,23588.15,100,23592.35,25,50,2195925
NIFTY-II.NFO,22/11/2024,09:20:42,23588.15,23588.1,75,23592,25,0,2195925
NIFTY-II.NFO,22/11/2024,09:20:43,23583.85,23583.85,100,23591.5,25,300,2195925
NIFTY-II.NFO,22/11/2024,09:20:45,23582.3,23581.05,100,23589.45,50,25,2195925
NIFTY-II.NFO,22/11/2024,09:20:47,23585.5,23586,75,23592,25,75,2195925
NIFTY-II.NFO,22/11/2024,09:20:48,23592,23587.6,75,23592.4,25,25,2195925
NIFTY-II.NFO,22/11/2024,09:20:50,23592,23588.95,75,23590,25,0,2195925
NIFTY-II.NFO,22/11/2024,09:20:53,23592,23586.1,100,23592,250,350,2195925
NIFTY-II.NFO,22/11/2024,09:20:55,23592,23588.8,100,23592,175,100,2195925
NIFTY-II.NFO,22/11/2024,09:20:57,23592,23588.05,100,23590,150,0,2195925
NIFTY-II.NFO,22/11/2024,09:20:58,23592,23588.1,100,23591.85,25,250,2195925
NIFTY-II.NFO,22/11/2024,09:21:00,23591.9,23589.2,100,23591.9,25,125,2195925
NIFTY-II.NFO,22/11/2024,09:21:02,23595.4,23593.2,500,23595.9,25,650,2195925
NIFTY-II.NFO,22/11/2024,09:21:03,23594.9,23595.15,125,23595.8,25,50,2195925
NIFTY-II.NFO,22/11/2024,09:21:05,23599.9,23596.6,125,23600,1500,300,2195925
NIFTY-II.NFO,22/11/2024,09:21:07,23599.9,23594.2,500,23595.85,25,0,2195925
NIFTY-II.NFO,22/11/2024,09:21:09,23600,23596.45,125,23600,1425,150,2195925
NIFTY-II.NFO,22/11/2024,09:21:10,23601,23599.8,125,23601,25,1500,2195925
NIFTY-II.NFO,22/11/2024,09:21:12,23602,23602.3,100,23603.4,25,75,2195925
NIFTY-II.NFO,22/11/2024,09:21:14,23601.25,23601.25,500,23603.4,25,25,2195925
NIFTY-II.NFO,22/11/2024,09:21:15,23602.65,23601.8,500,23603.4,25,50,2195925
NIFTY-II.NFO,22/11/2024,09:21:17,23605,23600.85,50,23605,225,275,2195925
NIFTY-II.NFO,22/11/2024,09:21:19,23605,23603.9,100,23605,175,50,2195925
NIFTY-II.NFO,22/11/2024,09:21:20,23607.1,23604.85,75,23607.95,75,825,2195925
NIFTY-II.NFO,22/11/2024,09:21:22,23605.65,23605.95,500,23607.95,75,50,2195925
NIFTY-II.NFO,22/11/2024,09:21:24,23605,23600,75,23605,25,1700,2195925
NIFTY-II.NFO,22/11/2024,09:21:24,23610.4,23600,75,23605,25,0,2195925
NIFTY-II.NFO,22/11/2024,09:21:25,23602.1,23602.25,25,23605,25,75,2195925
NIFTY-II.NFO,22/11/2024,09:21:27,23613,23605.35,150,23612.7,25,375,2195925
NIFTY-II.NFO,22/11/2024,09:21:27,23613,23605.35,150,23612.7,25,0,2195925
NIFTY-II.NFO,22/11/2024,09:21:29,23613,23605,75,23605.25,25,0,2195925
NIFTY-II.NFO,22/11/2024,09:21:30,23607.1,23605,75,23609.1,25,150,2195925
NIFTY-II.NFO,22/11/2024,09:21:32,23605,23605,50,23610.35,25,75,2195925
NIFTY-II.NFO,22/11/2024,09:21:33,23605,23603.05,100,23609.9,25,50,2195925
NIFTY-II.NFO,22/11/2024,09:21:35,23605,23602,125,23605.4,25,0,2195925
NIFTY-II.NFO,22/11/2024,09:21:37,23607.9,23603.5,100,23608.4,25,25,2195925
NIFTY-II.NFO,22/11/2024,09:21:38,23610,23603.6,100,23608.4,25,125,2201850
NIFTY-II.NFO,22/11/2024,09:21:40,23605,23605,75,23608.4,25,50,2201850
NIFTY-II.NFO,22/11/2024,09:21:42,23610.6,23602.4,100,23607.9,25,225,2201850
NIFTY-II.NFO,22/11/2024,09:21:43,23610.6,23605,500,23608.4,25,0,2201850
NIFTY-II.NFO,22/11/2024,09:21:45,23605,23605,300,23609,25,225,2201850
NIFTY-II.NFO,22/11/2024,09:21:47,23609.6,23605,200,23609.45,25,150,2201850
NIFTY-II.NFO,22/11/2024,09:21:48,23606,23605,100,23609.7,25,175,2201850
NIFTY-II.NFO,22/11/2024,09:21:50,23605,23602,125,23605,725,150,2201850
NIFTY-II.NFO,22/11/2024,09:21:52,23605,23602,125,23605,550,175,2201850
NIFTY-II.NFO,22/11/2024,09:21:53,23605,23602,50,23605,125,500,2201850
NIFTY-II.NFO,22/11/2024,09:21:55,23609.55,23601.7,50,23606.4,25,350,2201850
NIFTY-II.NFO,22/11/2024,09:21:57,23605,23605,25,23609.4,25,75,2201850
NIFTY-II.NFO,22/11/2024,09:21:58,23608.35,23600.45,100,23607.85,25,1675,2201850
NIFTY-II.NFO,22/11/2024,09:22:00,23608.35,23600.5,100,23605.4,25,0,2201850
NIFTY-II.NFO,22/11/2024,09:22:02,23608.35,23605,100,23609.8,25,0,2201850
NIFTY-II.NFO,22/11/2024,09:22:03,23613,23609.8,100,23613,375,75,2201850
NIFTY-II.NFO,22/11/2024,09:22:05,23616,23615.1,100,23616,150,1275,2201850
NIFTY-II.NFO,22/11/2024,09:22:05,23616,23615.1,100,23616,150,0,2201850
NIFTY-II.NFO,22/11/2024,09:22:07,23620,23615.95,50,23620,300,625,2201850
NIFTY-II.NFO,22/11/2024,09:22:07,23620,23615.95,50,23620,300,0,2201850
NIFTY-II.NFO,22/11/2024,09:22:08,23617.5,23616.7,500,23619.9,25,50,2201850
NIFTY-II.NFO,22/11/2024,09:22:10,23620,23620,100,23620.5,25,400,2201850
NIFTY-II.NFO,22/11/2024,09:22:12,23614.35,23613.4,25,23619.9,25,175,2201850
NIFTY-II.NFO,22/11/2024,09:22:12,23620.45,23613.4,25,23619.9,25,0,2201850
NIFTY-II.NFO,22/11/2024,09:22:13,23614.35,23611.85,25,23619.35,100,0,2201850
NIFTY-II.NFO,22/11/2024,09:22:15,23612.25,23612.95,25,23619.95,100,400,2201850
NIFTY-II.NFO,22/11/2024,09:22:15,23620.65,23612.95,25,23619.95,100,0,2201850
NIFTY-II.NFO,22/11/2024,09:22:17,23619.95,23619.95,75,23620,25,100,2201850
NIFTY-II.NFO,22/11/2024,09:22:18,23620,23619.95,150,23621,50,150,2201850
NIFTY-II.NFO,22/11/2024,09:22:20,23623,23620.5,25,23623.1,25,125,2201850
NIFTY-II.NFO,22/11/2024,09:22:20,23623,23620.5,25,23623.1,25,0,2201850
NIFTY-II.NFO,22/11/2024,09:22:22,23620.65,23619.95,75,23620.65,225,800,2201850
NIFTY-II.NFO,22/11/2024,09:22:23,23620.65,23620,25,23620.65,200,100,2201850
NIFTY-II.NFO,22/11/2024,09:22:25,23620,23617.8,250,23620.65,175,50,2201850
NIFTY-II.NFO,22/11/2024,09:22:27,23621.15,23620.35,50,23623.1,25,300,2201850
NIFTY-II.NFO,22/11/2024,09:22:28,23625.1,23624.85,25,23629.95,100,1075,2201850
NIFTY-II.NFO,22/11/2024,09:22:28,23629.35,23624.85,25,23629.95,100,0,2201850
NIFTY-II.NFO,22/11/2024,09:22:30,23623.55,23623.2,50,23624.95,25,125,2201850
NIFTY-II.NFO,22/11/2024,09:22:30,23629.95,23623.2,50,23624.95,25,0,2201850
NIFTY-II.NFO,22/11/2024,09:22:32,23623.2,23623.2,50,23629.95,100,50,2201850
NIFTY-II.NFO,22/11/2024,09:22:33,23630,23629.25,50,23630,525,250,2201850
NIFTY-II.NFO,22/11/2024,09:22:33,23630,23629.25,50,23630,525,0,2201850
NIFTY-II.NFO,22/11/2024,09:22:35,23634,23631.85,150,23634,25,625,2201850
NIFTY-II.NFO,22/11/2024,09:22:35,23634,23631.85,150,23634,25,0,2201850
NIFTY-II.NFO,22/11/2024,09:22:37,23631.2,23633.1,50,23635,100,175,2201850
NIFTY-II.NFO,22/11/2024,09:22:38,23636,23633.3,125,23638,100,1150,2201850
NIFTY-II.NFO,22/11/2024,09:22:38,23636,23633.3,125,23638,100,0,2201850
NIFTY-II.NFO,22/11/2024,09:22:40,23644.9,23644.9,175,23644.95,25,1625,2201850
NIFTY-II.NFO,22/11/2024,09:22:40,23646,23644.9,175,23644.95,25,0,2201850
NIFTY-II.NFO,22/11/2024,09:22:42,23640.8,23640.6,50,23647.95,175,825,2201850
NIFTY-II.NFO,22/11/2024,09:22:42,23647.05,23640.6,50,23647.95,175,0,2201850
NIFTY-II.NFO,22/11/2024,09:22:43,23645.85,23638.9,75,23646.45,175,325,2201850
NIFTY-II.NFO,22/11/2024,09:22:43,23647.95,23638.9,75,23646.45,175,0,2201850
NIFTY-II.NFO,22/11/2024,09:22:45,23636,23636,25,23638.55,25,1450,2201850
NIFTY-II.NFO,22/11/2024,09:22:47,23638.1,23637.05,50,23644.75,125,100,2201850
NIFTY-II.NFO,22/11/2024,09:22:48,23648,23646.75,325,23648,50,500,2201850
NIFTY-II.NFO,22/11/2024,09:22:48,23648,23646.75,325,23648,50,0,2201850
NIFTY-II.NFO,22/11/2024,09:22:50,23650,23649.15,25,23650,1375,600,2201850
NIFTY-II.NFO,22/11/2024,09:22:50,23650,23649.15,25,23650,1375,0,2201850
NIFTY-II.NFO,22/11/2024,09:22:52,23650.75,23650.5,175,23654,25,1725,2201850
NIFTY-II.NFO,22/11/2024,09:22:52,23652.7,23650.5,175,23654,25,0,2201850
NIFTY-II.NFO,22/11/2024,09:22:53,23657.2,23656.65,225,23660,200,275,2201850
NIFTY-II.NFO,22/11/2024,09:22:53,23657.2,23656.65,225,23660,200,0,2201850
NIFTY-II.NFO,22/11/2024,09:22:55,23657,23658.05,50,23660,150,500,2201850
NIFTY-II.NFO,22/11/2024,09:22:55,23660,23658.05,50,23660,150,0,2201850
NIFTY-II.NFO,22/11/2024,09:22:57,23665.45,23658.6,250,23665.95,100,325,2201850
NIFTY-II.NFO,22/11/2024,09:22:57,23665.45,23658.6,250,23665.95,100,0,2201850
NIFTY-II.NFO,22/11/2024,09:22:58,23665.5,23661.3,200,23665.8,25,125,2201850
NIFTY-II.NFO,22/11/2024,09:22:58,23665.5,23661.3,200,23665.8,25,0,2201850
NIFTY-II.NFO,22/11/2024,09:23:00,23667.8,23665.8,50,23667.8,75,75,2201850
NIFTY-II.NFO,22/11/2024,09:23:00,23667.8,23665.8,50,23667.8,75,0,2201850
NIFTY-II.NFO,22/11/2024,09:23:02,23674.7,23669.05,200,23674.7,25,925,2201850
NIFTY-II.NFO,22/11/2024,09:23:02,23675.95,23669.05,200,23674.7,25,0,2201850
NIFTY-II.NFO,22/11/2024,09:23:03,23670.55,23665.8,25,23670.95,100,625,2201850
NIFTY-II.NFO,22/11/2024,09:23:05,23662.6,23657.6,50,23660.35,25,225,2201850
NIFTY-II.NFO,22/11/2024,09:23:07,23656.4,23658.45,200,23660,25,150,2201850
NIFTY-II.NFO,22/11/2024,09:23:08,23660,23660,200,23665,25,250,2201850
NIFTY-II.NFO,22/11/2024,09:23:10,23658.7,23660.45,200,23663,50,50,2201850
NIFTY-II.NFO,22/11/2024,09:23:12,23659.2,23659.2,250,23664.95,25,100,2201850
NIFTY-II.NFO,22/11/2024,09:23:13,23663,23663,1300,23665,575,500,2201850
NIFTY-II.NFO,22/11/2024,09:23:15,23663,23663,950,23665,675,475,2201850
NIFTY-II.NFO,22/11/2024,09:23:17,23663,23663,375,23665,725,625,2201850
NIFTY-II.NFO,22/11/2024,09:23:18,23664.05,23664.65,250,23665,675,200,2201850
NIFTY-II.NFO,22/11/2024,09:23:20,23665.95,23665.9,175,23668.4,25,850,2201850
NIFTY-II.NFO,22/11/2024,09:23:22,23669.25,23669.25,350,23670.55,1225,525,2201850
NIFTY-II.NFO,22/11/2024,09:23:23,23670.4,23668.8,175,23673.95,25,1625,2201850
NIFTY-II.NFO,22/11/2024,09:23:25,23668.5,23668.45,300,23672.75,25,50,2201850
NIFTY-II.NFO,22/11/2024,09:23:27,23668.1,23667.6,125,23670.25,25,50,2201850
NIFTY-II.NFO,22/11/2024,09:23:29,23667.45,23665.5,300,23669.95,25,50,2201850
NIFTY-II.NFO,22/11/2024,09:23:30,23665.45,23665.05,25,23670.95,25,500,2201850
NIFTY-II.NFO,22/11/2024,09:23:32,23668,23664.9,250,23670,50,300,2201850
NIFTY-II.NFO,22/11/2024,09:23:34,23668.25,23669.9,25,23670,75,75,2201850
NIFTY-II.NFO,22/11/2024,09:23:35,23670,23671.15,175,23674,25,425,2201850
NIFTY-II.NFO,22/11/2024,09:23:37,23670,23669.15,125,23674,25,0,2201850
NIFTY-II.NFO,22/11/2024,09:23:39,23670,23668,125,23672.6,25,150,2201850
NIFTY-II.NFO,22/11/2024,09:23:40,23668.25,23668.9,125,23670,275,125,2201850
NIFTY-II.NFO,22/11/2024,09:23:42,23671.5,23671.95,125,23674.4,25,1025,2201850
NIFTY-II.NFO,22/11/2024,09:23:43,23671.25,23671.5,125,23675,800,425,2201850
NIFTY-II.NFO,22/11/2024,09:23:45,23675,23672.15,300,23675,775,175,2201850
NIFTY-II.NFO,22/11/2024,09:23:47,23675,23672.85,125,23675,725,75,2201850
NIFTY-II.NFO,22/11/2024,09:23:48,23675,23672.3,50,23675,675,50,2201850
NIFTY-II.NFO,22/11/2024,09:23:50,23675,23675,75,23675.6,25,800,2201850
NIFTY-II.NFO,22/11/2024,09:23:52,23675.9,23676.75,175,23677.5,100,50,2201850
NIFTY-II.NFO,22/11/2024,09:23:53,23678.3,23677.5,25,23679,75,300,2201850
NIFTY-II.NFO,22/11/2024,09:23:53,23678.3,23677.5,25,23679,75,0,2201850
NIFTY-II.NFO,22/11/2024,09:23:55,23680.2,23680.6,125,23682,250,900,2201850
NIFTY-II.NFO,22/11/2024,09:23:55,23680.2,23680.6,125,23682,250,0,2201850
NIFTY-II.NFO,22/11/2024,09:23:57,23680,23677.95,175,23682.95,25,625,2201850
NIFTY-II.NFO,22/11/2024,09:23:57,23683.7,23677.95,175,23682.95,25,0,2201850
NIFTY-II.NFO,22/11/2024,09:23:58,23675.7,23675.1,50,23679.3,25,275,2201850
NIFTY-II.NFO,22/11/2024,09:24:00,23679.3,23679.3,275,23683.7,150,225,2201850
NIFTY-II.NFO,22/11/2024,09:24:02,23679.5,23679.95,150,23682.95,100,175,2201850
NIFTY-II.NFO,22/11/2024,09:24:03,23685.7,23685.5,125,23686,100,875,2201850
NIFTY-II.NFO,22/11/2024,09:24:03,23685.7,23685.5,125,23686,100,0,2201850
NIFTY-II.NFO,22/11/2024,09:24:05,23690,23690,250,23690.85,150,975,2201850
NIFTY-II.NFO,22/11/2024,09:24:05,23691.95,23690,250,23690.85,150,0,2201850
NIFTY-II.NFO,22/11/2024,09:24:07,23685.25,23683.7,150,23689.95,25,700,2201850
NIFTY-II.NFO,22/11/2024,09:24:07,23694.05,23683.7,150,23689.95,25,0,2201850
NIFTY-II.NFO,22/11/2024,09:24:08,23690.25,23683.7,200,23689.95,25,275,2201850
NIFTY-II.NFO,22/11/2024,09:24:10,23687.5,23683.8,25,23686.9,25,100,2201850
NIFTY-II.NFO,22/11/2024,09:24:12,23683.7,23683.7,125,23686.85,100,350,2201850
NIFTY-II.NFO,22/11/2024,09:24:13,23685.4,23683,100,23688,25,250,2201850
NIFTY-II.NFO,22/11/2024,09:24:15,23684.35,23684.85,125,23688,25,525,2201850
NIFTY-II.NFO,22/11/2024,09:24:17,23683.8,23683,75,23685,25,25,2201850
NIFTY-II.NFO,22/11/2024,09:24:18,23685,23683,75,23685.85,25,25,2201850
NIFTY-II.NFO,22/11/2024,09:24:20,23685,23683.7,25,23687.25,25,125,2201850
NIFTY-II.NFO,22/11/2024,09:24:22,23682.45,23683.65,375,23687.3,25,600,2201850
NIFTY-II.NFO,22/11/2024,09:24:23,23683.8,23680.55,50,23685,75,225,2201850
NIFTY-II.NFO,22/11/2024,09:24:25,23680.5,23680,300,23680.55,1000,100,2201850
NIFTY-II.NFO,22/11/2024,09:24:27,23680.6,23679.15,125,23684.4,25,1700,2201850
NIFTY-II.NFO,22/11/2024,09:24:28,23679.25,23678.85,25,23682.85,50,250,2201850
NIFTY-II.NFO,22/11/2024,09:24:30,23677.8,23675.7,75,23680.95,25,450,2201850
NIFTY-II.NFO,22/11/2024,09:24:32,23681.95,23678.55,250,23679.6,200,50,2201850
NIFTY-II.NFO,22/11/2024,09:24:33,23680.5,23680.35,100,23684.35,25,225,2201850
NIFTY-II.NFO,22/11/2024,09:24:35,23678.8,23678.8,25,23684.3,275,475,2197150
NIFTY-II.NFO,22/11/2024,09:24:37,23675.2,23675.15,500,23681.9,275,225,2197150
NIFTY-II.NFO,22/11/2024,09:24:38,23680.5,23675,100,23677.35,200,250,2197150
NIFTY-II.NFO,22/11/2024,09:24:40,23675,23670.05,250,23676.9,100,325,2197150
NIFTY-II.NFO,22/11/2024,09:24:42,23676.15,23670.1,25,23675.4,25,250,2197150
NIFTY-II.NFO,22/11/2024,09:24:43,23673.5,23671.05,200,23675,25,100,2197150
NIFTY-II.NFO,22/11/2024,09:24:45,23670.1,23670.15,200,23675.95,25,100,2197150
NIFTY-II.NFO,22/11/2024,09:24:47,23675,23670,100,23675.4,75,200,2197150
NIFTY-II.NFO,22/11/2024,09:24:48,23670.15,23669.35,200,23674.95,25,225,2197150
NIFTY-II.NFO,22/11/2024,09:24:50,23670.15,23669.3,25,23670,50,0,2197150
NIFTY-II.NFO,22/11/2024,09:24:52,23669.35,23669.5,200,23670.25,25,250,2197150
NIFTY-II.NFO,22/11/2024,09:24:53,23670.25,23671.2,700,23674.4,25,400,2197150
NIFTY-II.NFO,22/11/2024,09:24:55,23670.55,23672.9,150,23675,50,175,2197150
NIFTY-II.NFO,22/11/2024,09:24:57,23675,23673.85,150,23675,900,150,2197150
NIFTY-II.NFO,22/11/2024,09:24:58,23673.4,23672.75,25,23675,875,50,2197150
NIFTY-II.NFO,22/11/2024,09:25:00,23671.5,23670,50,23672.75,100,50,2197150
NIFTY-II.NFO,22/11/2024,09:25:02,23675,23673.15,125,23675,900,125,2197150
NIFTY-II.NFO,22/11/2024,09:25:03,23678.8,23678.7,25,23680,250,1075,2197150
NIFTY-II.NFO,22/11/2024,09:25:05,23680,23678.8,25,23680,25,525,2197150
NIFTY-II.NFO,22/11/2024,09:25:07,23677.25,23673.2,25,23679.4,275,75,2197150
NIFTY-II.NFO,22/11/2024,09:25:08,23681.05,23676.15,175,23682.9,200,600,2197150
NIFTY-II.NFO,22/11/2024,09:25:10,23677.25,23677.15,25,23681.9,25,300,2197150
NIFTY-II.NFO,22/11/2024,09:25:12,23677.7,23677.15,25,23682.9,75,150,2197150
NIFTY-II.NFO,22/11/2024,09:25:13,23676.1,23677.1,50,23682.95,25,450,2197150
NIFTY-II.NFO,22/11/2024,09:25:15,23682.9,23680,925,23685,100,150,2197150
NIFTY-II.NFO,22/11/2024,09:25:17,23680.15,23680.7,200,23683,50,150,2197150
NIFTY-II.NFO,22/11/2024,09:25:18,23680.05,23680,900,23682.85,25,50,2197150
NIFTY-II.NFO,22/11/2024,09:25:20,23680.05,23680,625,23682.8,25,525,2197150
NIFTY-II.NFO,22/11/2024,09:25:22,23682.75,23680,600,23682.8,25,50,2197150
NIFTY-II.NFO,22/11/2024,09:25:23,23680.1,23680,525,23680.1,50,125,2197150
NIFTY-II.NFO,22/11/2024,09:25:25,23682.9,23680,550,23682.9,200,175,2197150
NIFTY-II.NFO,22/11/2024,09:25:27,23685.5,23684.85,250,23689,25,700,2197150
NIFTY-II.NFO,22/11/2024,09:25:28,23685.6,23685.5,50,23689,25,25,2197150
NIFTY-II.NFO,22/11/2024,09:25:30,23684.2,23682.75,25,23689.45,325,125,2197150
NIFTY-II.NFO,22/11/2024,09:25:32,23682.75,23680,575,23685.9,200,25,2197150
NIFTY-II.NFO,22/11/2024,09:25:33,23685.9,23680,550,23685.5,100,350,2197150
NIFTY-II.NFO,22/11/2024,09:25:35,23680,23680,525,23685.35,25,25,2197150
NIFTY-II.NFO,22/11/2024,09:25:37,23680,23680,425,23681.3,25,250,2197150
NIFTY-II.NFO,22/11/2024,09:25:39,23680,23680,400,23684,25,25,2197150
NIFTY-II.NFO,22/11/2024,09:25:40,23682,23680,375,23684,25,50,2197150
NIFTY-II.NFO,22/11/2024,09:25:42,23680,23680,300,23683.95,25,125,2197150
NIFTY-II.NFO,22/11/2024,09:25:44,23685.3,23680.05,200,23685.4,25,125,2197150
NIFTY-II.NFO,22/11/2024,09:25:45,23680.8,23680.8,50,23685.4,25,350,2197150
NIFTY-II.NFO,22/11/2024,09:25:47,23680.15,23680,450,23680.8,75,275,2197150
NIFTY-II.NFO,22/11/2024,09:25:49,23680.8,23680.05,200,23682,25,275,2197150
NIFTY-II.NFO,22/11/2024,09:25:50,23682,23680.6,200,23685,100,75,2197150
NIFTY-II.NFO,22/11/2024,09:25:52,23680.15,23681.3,150,23685,100,1025,2197150
NIFTY-II.NFO,22/11/2024,09:25:54,23681.05,23680,300,23682,100,175,2197150
NIFTY-II.NFO,22/11/2024,09:25:55,23682,23680.55,175,23682,75,25,2197150
NIFTY-II.NFO,22/11/2024,09:25:57,23683.95,23680.55,125,23685,175,125,2197150
NIFTY-II.NFO,22/11/2024,09:25:59,23680.3,23681.5,100,23682,25,150,2197150
NIFTY-II.NFO,22/11/2024,09:26:00,23680,23680,250,23685,175,200,2197150
NIFTY-II.NFO,22/11/2024,09:26:02,23680,23681.2,100,23682,50,25,2197150
NIFTY-II.NFO,22/11/2024,09:26:04,23682,23680,225,23684.9,275,50,2197150
NIFTY-II.NFO,22/11/2024,09:26:05,23682,23680,250,23682,25,0,2197150
NIFTY-II.NFO,22/11/2024,09:26:07,23680,23680,150,23680.5,100,100,2197150
NIFTY-II.NFO,22/11/2024,09:26:09,23680,23675.45,25,23680.5,50,225,2197150
NIFTY-II.NFO,22/11/2024,09:26:10,23675.45,23675,25,23680.5,50,50,2197150
NIFTY-II.NFO,22/11/2024,09:26:12,23674,23673.3,125,23679.65,50,150,2197150
NIFTY-II.NFO,22/11/2024,09:26:14,23674,23674,1250,23679.65,50,0,2197150
NIFTY-II.NFO,22/11/2024,09:26:15,23675.25,23673.75,375,23680,275,175,2197150
NIFTY-II.NFO,22/11/2024,09:26:17,23673.05,23674.2,250,23679.65,75,25,2197150
NIFTY-II.NFO,22/11/2024,09:26:19,23673.15,23672.8,375,23675,100,250,2197150
NIFTY-II.NFO,22/11/2024,09:26:20,23673.55,23674.25,1050,23675,200,25,2197150
NIFTY-II.NFO,22/11/2024,09:26:22,23675.35,23675.75,250,23679.95,75,300,2197150
NIFTY-II.NFO,22/11/2024,09:26:24,23678.35,23678.35,500,23679.95,75,100,2197150
NIFTY-II.NFO,22/11/2024,09:26:25,23677,23676.55,625,23677,225,25,2197150
NIFTY-II.NFO,22/11/2024,09:26:27,23677,23676.1,500,23679.95,75,425,2197150
NIFTY-II.NFO,22/11/2024,09:26:29,23679.2,23673.5,125,23678.05,25,50,2197150
NIFTY-II.NFO,22/11/2024,09:26:30,23671.5,23671.6,275,23677.25,75,50,2197150
NIFTY-II.NFO,22/11/2024,09:26:32,23671.5,23671.5,125,23676.15,350,25,2197150
NIFTY-II.NFO,22/11/2024,09:26:34,23670,23670,75,23673.5,275,200,2197150
NIFTY-II.NFO,22/11/2024,09:26:35,23670,23670,25,23673.8,200,50,2197150
NIFTY-II.NFO,22/11/2024,09:26:37,23672.7,23665.65,75,23672.9,250,525,2197150
NIFTY-II.NFO,22/11/2024,09:26:39,23669.55,23665.45,25,23669.55,150,25,2197150
NIFTY-II.NFO,22/11/2024,09:26:40,23667.3,23667.5,250,23669.95,75,175,2197150
NIFTY-II.NFO,22/11/2024,09:26:42,23672.7,23668.05,775,23670,100,1225,2197150
NIFTY-II.NFO,22/11/2024,09:26:44,23666,23666.45,375,23669.95,75,600,2197150
NIFTY-II.NFO,22/11/2024,09:26:45,23669.95,23666.25,400,23667.15,25,75,2197150
NIFTY-II.NFO,22/11/2024,09:26:47,23670,23670,850,23674.35,200,225,2197150
NIFTY-II.NFO,22/11/2024,09:26:49,23670,23670,725,23675,325,250,2197150
NIFTY-II.NFO,22/11/2024,09:26:50,23670.15,23672.05,350,23675,325,25,2197150
NIFTY-II.NFO,22/11/2024,09:26:52,23670.15,23670,725,23675,325,0,2197150
NIFTY-II.NFO,22/11/2024,09:26:54,23670,23670,675,23674,225,75,2197150
NIFTY-II.NFO,22/11/2024,09:26:55,23670,23670,625,23671.75,25,50,2197150
NIFTY-II.NFO,22/11/2024,09:26:57,23670.45,23670,625,23670.45,50,25,2197150
NIFTY-II.NFO,22/11/2024,09:26:59,23670,23670,475,23673.95,275,225,2197150
NIFTY-II.NFO,22/11/2024,09:27:00,23670,23670,525,23673.95,275,25,2197150
NIFTY-II.NFO,22/11/2024,09:27:02,23670,23670,475,23674,25,75,2197150
NIFTY-II.NFO,22/11/2024,09:27:04,23669.95,23665.4,150,23669.95,50,525,2197150
NIFTY-II.NFO,22/11/2024,09:27:05,23667.1,23665.75,150,23669.95,50,25,2197150
NIFTY-II.NFO,22/11/2024,09:27:07,23670,23666.4,225,23670,250,125,2197150
NIFTY-II.NFO,22/11/2024,09:27:09,23669.95,23665,125,23669.95,200,50,2197150
NIFTY-II.NFO,22/11/2024,09:27:10,23665,23665,50,23669.85,75,75,2197150
NIFTY-II.NFO,22/11/2024,09:27:12,23663.75,23663.05,150,23668.65,50,150,2197150
NIFTY-II.NFO,22/11/2024,09:27:14,23668.65,23667.85,75,23669.95,25,150,2197150
NIFTY-II.NFO,22/11/2024,09:27:15,23668.75,23668.4,175,23669.45,25,125,2197150
NIFTY-II.NFO,22/11/2024,09:27:17,23669.85,23669.55,75,23671.5,25,725,2197150
NIFTY-II.NFO,22/11/2024,09:27:19,23670,23670,125,23672.05,200,100,2197150
NIFTY-II.NFO,22/11/2024,09:27:20,23670.45,23666,25,23670.4,200,175,2197150
NIFTY-II.NFO,22/11/2024,09:27:22,23670,23666,25,23669.6,200,25,2197150
NIFTY-II.NFO,22/11/2024,09:27:24,23670,23666,25,23671.8,275,0,2197150
NIFTY-II.NFO,22/11/2024,09:27:25,23670,23666,25,23669.95,75,0,2197150
NIFTY-II.NFO,22/11/2024,09:27:27,23669.95,23666,25,23669.95,50,25,2197150
NIFTY-II.NFO,22/11/2024,09:27:29,23666,23665,100,23669.65,200,25,2197150
NIFTY-II.NFO,22/11/2024,09:27:30,23669.95,23666,25,23669.95,50,25,2197150
NIFTY-II.NFO,22/11/2024,09:27:32,23666,23665.6,150,23669.45,25,25,2197150
NIFTY-II.NFO,22/11/2024,09:27:34,23670,23670,225,23671.25,75,675,2197150
NIFTY-II.NFO,22/11/2024,09:27:35,23671.45,23670.25,200,23672.45,25,100,2197150
NIFTY-II.NFO,22/11/2024,09:27:37,23675,23675.2,150,23678.35,25,400,2195775
NIFTY-II.NFO,22/11/2024,09:27:39,23678.95,23675.7,100,23678.95,25,150,2195775
NIFTY-II.NFO,22/11/2024,09:27:40,23679,23674.4,100,23679,25,50,2195775
NIFTY-II.NFO,22/11/2024,09:27:42,23677.9,23671.3,200,23677.95,25,150,2195775
NIFTY-II.NFO,22/11/2024,09:27:44,23673.1,23673.1,200,23678,25,75,2195775
NIFTY-II.NFO,22/11/2024,09:27:45,23675.15,23674.9,125,23679.9,25,225,2195775
NIFTY-II.NFO,22/11/2024,09:27:47,23671.45,23671.3,125,23678.9,200,100,2195775
NIFTY-II.NFO,22/11/2024,09:27:49,23677.3,23672,25,23674.65,75,50,2195775
NIFTY-II.NFO,22/11/2024,09:27:50,23674.7,23672,25,23674.7,25,150,2195775
NIFTY-II.NFO,22/11/2024,09:27:52,23677.9,23672.05,200,23677.95,25,400,2195775
NIFTY-II.NFO,22/11/2024,09:27:54,23670.3,23674,75,23678.15,200,100,2195775
NIFTY-II.NFO,22/11/2024,09:27:55,23674,23674,25,23678.8,100,150,2195775
NIFTY-II.NFO,22/11/2024,09:27:57,23677.55,23674,25,23677.55,75,50,2195775
NIFTY-II.NFO,22/11/2024,09:27:59,23673.95,23673.1,25,23673.95,50,50,2195775
NIFTY-II.NFO,22/11/2024,09:28:00,23673.1,23672.35,500,23674,400,150,2195775
NIFTY-II.NFO,22/11/2024,09:28:02,23678,23674,25,23678.9,200,475,2195775
NIFTY-II.NFO,22/11/2024,09:28:04,23678,23674.05,25,23678.9,200,0,2195775
NIFTY-II.NFO,22/11/2024,09:28:05,23679.95,23674.1,25,23678,25,200,2195775
NIFTY-II.NFO,22/11/2024,09:28:07,23678,23674.15,25,23679.55,150,75,2195775
NIFTY-II.NFO,22/11/2024,09:28:09,23678,23675.15,25,23679.35,150,0,2195775
NIFTY-II.NFO,22/11/2024,09:28:10,23679.35,23675.15,25,23678.7,125,25,2195775
NIFTY-II.NFO,22/11/2024,09:28:12,23675.15,23674.25,25,23677.2,125,25,2195775
NIFTY-II.NFO,22/11/2024,09:28:14,23671,23671,75,23675.4,125,175,2195775
NIFTY-II.NFO,22/11/2024,09:28:15,23671,23671,50,23674,75,50,2195775
NIFTY-II.NFO,22/11/2024,09:28:17,23673.85,23671.05,50,23674.05,100,125,2195775
NIFTY-II.NFO,22/11/2024,09:28:19,23674.05,23671.05,200,23674.05,50,100,2195775
NIFTY-II.NFO,22/11/2024,09:28:20,23674.05,23671,50,23674.05,25,25,2195775
NIFTY-II.NFO,22/11/2024,09:28:22,23671.05,23671.15,200,23674.25,25,100,2195775
NIFTY-II.NFO,22/11/2024,09:28:24,23685.45,23684.05,100,23686,25,8750,2195775
NIFTY-II.NFO,22/11/2024,09:28:25,23689.65,23688.5,250,23690,925,700,2195775
NIFTY-II.NFO,22/11/2024,09:28:27,23687.05,23687,100,23690,900,50,2195775
NIFTY-II.NFO,22/11/2024,09:28:29,23689.95,23685.6,250,23690,975,50,2195775
NIFTY-II.NFO,22/11/2024,09:28:30,23690,23684.55,250,23690,750,750,2195775
NIFTY-II.NFO,22/11/2024,09:28:32,23690,23689.35,50,23690,700,125,2195775
NIFTY-II.NFO,22/11/2024,09:28:34,23692.15,23692.05,150,23693,25,975,2195775
NIFTY-II.NFO,22/11/2024,09:28:35,23695,23692.1,250,23695,375,325,2195775
NIFTY-II.NFO,22/11/2024,09:28:35,23695,23692.1,250,23695,375,0,2195775
NIFTY-II.NFO,22/11/2024,09:28:37,23688.5,23687.9,150,23690,25,100,2195775
NIFTY-II.NFO,22/11/2024,09:28:39,23687.95,23689.55,250,23694.95,75,75,2195775
NIFTY-II.NFO,22/11/2024,09:28:40,23689.55,23690.25,250,23694.95,75,50,2195775
NIFTY-II.NFO,22/11/2024,09:28:42,23690.45,23688,25,23694.1,275,50,2195775
NIFTY-II.NFO,22/11/2024,09:28:44,23687.45,23687.5,200,23689.9,25,275,2195775
NIFTY-II.NFO,22/11/2024,09:28:45,23689.4,23689.4,25,23689.95,75,50,2195775
NIFTY-II.NFO,22/11/2024,09:28:47,23688.85,23688.85,175,23690,50,75,2195775
NIFTY-II.NFO,22/11/2024,09:28:49,23690,23690,50,23692.05,25,50,2195775
NIFTY-II.NFO,22/11/2024,09:28:50,23695,23693.2,500,23695,75,350,2195775
NIFTY-II.NFO,22/11/2024,09:28:52,23695,23693.9,500,23695,75,0,2195775
NIFTY-II.NFO,22/11/2024,09:28:54,23700,23699.95,75,23701,25,4075,2195775
NIFTY-II.NFO,22/11/2024,09:28:54,23700,23699.95,75,23701,25,0,2195775
NIFTY-II.NFO,22/11/2024,09:28:55,23700.2,23700.2,25,23702.9,25,225,2195775
NIFTY-II.NFO,22/11/2024,09:28:55,23702.1,23700.2,25,23702.9,25,0,2195775
NIFTY-II.NFO,22/11/2024,09:28:57,23699.55,23697.55,650,23705,275,175,2195775
NIFTY-II.NFO,22/11/2024,09:28:57,23704.95,23697.55,650,23705,275,0,2195775
NIFTY-II.NFO,22/11/2024,09:28:59,23700,23699.8,50,23700,150,175,2195775
NIFTY-II.NFO,22/11/2024,09:29:00,23700.4,23700.35,500,23705.95,25,400,2195775
NIFTY-II.NFO,22/11/2024,09:29:02,23703.05,23703.6,500,23706,25,275,2195775
NIFTY-II.NFO,22/11/2024,09:29:02,23706,23703.6,500,23706,25,0,2195775
NIFTY-II.NFO,22/11/2024,09:29:04,23708.4,23704.4,500,23708.4,25,400,2195775
NIFTY-II.NFO,22/11/2024,09:29:04,23708.4,23704.4,500,23708.4,25,0,2195775
NIFTY-II.NFO,22/11/2024,09:29:05,23709.35,23701.95,50,23708.15,275,75,2195775
NIFTY-II.NFO,22/11/2024,09:29:05,23709.35,23701.95,50,23708.15,275,0,2195775
NIFTY-II.NFO,22/11/2024,09:29:07,23708,23700.75,200,23708,25,350,2195775
NIFTY-II.NFO,22/11/2024,09:29:09,23707.7,23702.35,125,23708.35,25,75,2195775
NIFTY-II.NFO,22/11/2024,09:29:10,23706.95,23700,50,23706.95,75,225,2195775
NIFTY-II.NFO,22/11/2024,09:29:12,23707.3,23700.2,250,23701.95,25,1075,2195775
NIFTY-II.NFO,22/11/2024,09:29:14,23705.15,23699.75,200,23706.95,25,125,2195775
NIFTY-II.NFO,22/11/2024,09:29:15,23701,23700,175,23705.2,200,25,2195775
NIFTY-II.NFO,22/11/2024,09:29:17,23705.2,23700,175,23704.7,25,125,2195775
NIFTY-II.NFO,22/11/2024,09:29:19,23698.8,23690.3,200,23698.1,25,300,2195775
NIFTY-II.NFO,22/11/2024,09:29:20,23690.75,23690.7,25,23696.3,100,150,2195775
NIFTY-II.NFO,22/11/2024,09:29:22,23696.55,23689.05,75,23696.95,100,150,2195775
NIFTY-II.NFO,22/11/2024,09:29:24,23687.55,23688.1,250,23696.7,150,325,2195775
NIFTY-II.NFO,22/11/2024,09:29:25,23696.9,23690,200,23695.35,200,125,2195775
NIFTY-II.NFO,22/11/2024,09:29:27,23690,23685,50,23691.7,125,325,2195775
NIFTY-II.NFO,22/11/2024,09:29:29,23685,23683.3,200,23685,75,50,2195775
NIFTY-II.NFO,22/11/2024,09:29:30,23683.1,23680.05,25,23684.95,25,25,2195775
NIFTY-II.NFO,22/11/2024,09:29:32,23675,23674.25,50,23682.45,50,225,2195775
NIFTY-II.NFO,22/11/2024,09:29:34,23674.25,23672.45,75,23679.45,25,25,2195775
NIFTY-II.NFO,22/11/2024,09:29:35,23679.5,23672.6,275,23680.3,50,75,2195775
NIFTY-II.NFO,22/11/2024,09:29:37,23673.9,23673.25,75,23680.15,50,25,2195775
NIFTY-II.NFO,22/11/2024,09:29:39,23673.9,23673.35,200,23677.15,25,0,2195775
NIFTY-II.NFO,22/11/2024,09:29:40,23685.5,23676.2,200,23684.9,25,525,2195775
NIFTY-II.NFO,22/11/2024,09:29:42,23686.6,23676.25,50,23682.45,25,1025,2195775
NIFTY-II.NFO,22/11/2024,09:29:44,23680.95,23674.45,75,23681.8,50,50,2195775
NIFTY-II.NFO,22/11/2024,09:29:45,23680.95,23675,200,23680.4,25,0,2195775
NIFTY-II.NFO,22/11/2024,09:29:47,23680.4,23674.75,200,23680.4,25,25,2195775
NIFTY-II.NFO,22/11/2024,09:29:49,23676.65,23677.15,200,23679,25,200,2195775
NIFTY-II.NFO,22/11/2024,09:29:50,23684.05,23677,200,23682.4,25,575,2195775
NIFTY-II.NFO,22/11/2024,09:29:52,23677.9,23679.35,175,23680,25,500,2195775
NIFTY-II.NFO,22/11/2024,09:29:54,23680,23681.75,175,23682.35,25,75,2195775
NIFTY-II.NFO,22/11/2024,09:29:55,23683.15,23683.45,25,23685,25,75,2195775
NIFTY-II.NFO,22/11/2024,09:29:57,23685,23682.6,125,23684.95,25,75,2195775
NIFTY-II.NFO,22/11/2024,09:29:59,23684.35,23684.8,25,23686.6,100,125,2195775
NIFTY-II.NFO,22/11/2024,09:30:00,23686.6,23686.5,125,23686.6,75,100,2195775
NIFTY-II.NFO,22/11/2024,09:30:02,23685,23685.4,50,23686.6,75,75,2195775
NIFTY-II.NFO,22/11/2024,09:30:04,23688.5,23688.45,50,23690,100,100,2195775
NIFTY-II.NFO,22/11/2024,09:30:05,23695,23695.7,250,23696.55,25,650,2195775
NIFTY-II.NFO,22/11/2024,09:30:07,23697.75,23697.15,25,23698.95,25,50,2195775
NIFTY-II.NFO,22/11/2024,09:30:09,23695.55,23698,50,23699,25,125,2195775
NIFTY-II.NFO,22/11/2024,09:30:10,23692.1,23692.55,50,23699,25,75,2195775
NIFTY-II.NFO,22/11/2024,09:30:12,23697.1,23691.25,50,23697.1,200,100,2195775
NIFTY-II.NFO,22/11/2024,09:30:14,23696.15,23689.65,125,23695.4,25,125,2195775
NIFTY-II.NFO,22/11/2024,09:30:15,23698.6,23690.6,200,23696.2,25,350,2195775
NIFTY-II.NFO,22/11/2024,09:30:17,23692.15,23691.8,50,23699,100,75,2195775
NIFTY-II.NFO,22/11/2024,09:30:19,23690.95,23689.65,200,23697.9,25,275,2195775
NIFTY-II.NFO,22/11/2024,09:30:20,23700,23692.2,200,23700,25,400,2195775
NIFTY-II.NFO,22/11/2024,09:30:22,23694.75,23694.75,325,23698.8,75,25,2195775
NIFTY-II.NFO,22/11/2024,09:30:24,23699.9,23696.45,200,23698.8,25,200,2195775
NIFTY-II.NFO,22/11/2024,09:30:25,23696.8,23696.8,200,23700,100,100,2195775
NIFTY-II.NFO,22/11/2024,09:30:27,23695.65,23695.55,200,23699,25,1375,2195775
NIFTY-II.NFO,22/11/2024,09:30:29,23698.95,23697.35,200,23699,75,50,2195775
NIFTY-II.NFO,22/11/2024,09:30:30,23696.95,23696.9,200,23697.85,25,125,2195775
NIFTY-II.NFO,22/11/2024,09:30:32,23696.95,23694.7,25,23697.8,25,0,2195775
NIFTY-II.NFO,22/11/2024,09:30:34,23695.25,23695.25,125,23697.8,25,125,2195775
NIFTY-II.NFO,22/11/2024,09:30:35,23695.4,23694.65,75,23697.8,25,100,2195775
NIFTY-II.NFO,22/11/2024,09:30:37,23697.75,23694.95,25,23697.85,25,25,2197150
NIFTY-II.NFO,22/11/2024,09:30:39,23697.75,23696.25,25,23696.95,25,0,2197150
NIFTY-II.NFO,22/11/2024,09:30:40,23697.85,23697.3,250,23698.95,25,100,2197150
NIFTY-II.NFO,22/11/2024,09:30:44,23696,23696,375,23699,25,450,2197150
NIFTY-II.NFO,22/11/2024,09:30:45,23697.15,23697.35,25,23698.9,25,225,2197150
NIFTY-II.NFO,22/11/2024,09:30:47,23697.35,23696.75,250,23698.9,25,75,2197150
NIFTY-II.NFO,22/11/2024,09:30:49,23696.35,23697.4,125,23698.85,50,100,2197150
NIFTY-II.NFO,22/11/2024,09:30:50,23705,23700.7,250,23705.8,25,500,2197150
NIFTY-II.NFO,22/11/2024,09:30:52,23700.4,23698.5,250,23703.8,25,50,2197150
NIFTY-II.NFO,22/11/2024,09:30:53,23698.9,23700.35,50,23704.95,25,225,2197150
NIFTY-II.NFO,22/11/2024,09:30:55,23698.9,23702.15,50,23706,75,0,2197150
NIFTY-II.NFO,22/11/2024,09:30:58,23704.1,23704.2,125,23706,25,125,2197150
NIFTY-II.NFO,22/11/2024,09:31:00,23707.3,23704.3,75,23707.25,25,125,2197150
NIFTY-II.NFO,22/11/2024,09:31:02,23707.3,23706.65,125,23707.25,25,0,2197150
NIFTY-II.NFO,22/11/2024,09:31:03,23715.7,23715.15,250,23716.5,25,1650,2197150
NIFTY-II.NFO,22/11/2024,09:31:03,23715.7,23715.15,250,23716.5,25,0,2197150
NIFTY-II.NFO,22/11/2024,09:31:05,23719.15,23719.1,150,23720,200,1400,2197150
NIFTY-II.NFO,22/11/2024,09:31:05,23720,23719.1,150,23720,200,0,2197150
NIFTY-II.NFO,22/11/2024,09:31:07,23720,23719.85,25,23721,125,225,2197150
NIFTY-II.NFO,22/11/2024,09:31:08,23720,23718.15,325,23720,75,175,2197150
NIFTY-II.NFO,22/11/2024,09:31:08,23721,23718.15,325,23720,75,0,2197150
NIFTY-II.NFO,22/11/2024,09:31:10,23717.5,23716.25,100,23721,75,325,2197150
NIFTY-II.NFO,22/11/2024,09:31:12,23714.25,23712.05,25,23718.9,200,100,2197150
NIFTY-II.NFO,22/11/2024,09:31:13,23708.1,23709.7,250,23716.5,200,200,2197150
NIFTY-II.NFO,22/11/2024,09:31:15,23708.1,23711.05,25,23718.25,200,0,2197150
NIFTY-II.NFO,22/11/2024,09:31:17,23717.25,23708.05,25,23715.8,200,100,2197150
NIFTY-II.NFO,22/11/2024,09:31:18,23708.1,23708.15,75,23716.65,100,125,2197150
NIFTY-II.NFO,22/11/2024,09:31:20,23714.2,23710,100,23714.1,25,725,2197150
NIFTY-II.NFO,22/11/2024,09:31:22,23704.2,23703.05,50,23703.45,25,350,2197150
NIFTY-II.NFO,22/11/2024,09:31:23,23702.35,23703.05,25,23710.4,25,25,2197150
NIFTY-II.NFO,22/11/2024,09:31:25,23702.35,23703.95,200,23710.4,25,0,2197150
NIFTY-II.NFO,22/11/2024,09:31:27,23702.35,23708.1,250,23710.35,25,0,2197150
NIFTY-II.NFO,22/11/2024,09:31:28,23710.35,23708.1,225,23710.35,25,50,2197150
NIFTY-II.NFO,22/11/2024,09:31:30,23702.9,23702.05,25,23710.3,50,525,2197150
NIFTY-II.NFO,22/11/2024,09:31:32,23702.9,23702.05,25,23708,100,0,2197150
NIFTY-II.NFO,22/11/2024,09:31:33,23702.9,23702,25,23708,100,0,2197150
NIFTY-II.NFO,22/11/2024,09:31:35,23702.9,23702.05,25,23708,100,0,2197150
NIFTY-II.NFO,22/11/2024,09:31:37,23701.15,23701.9,200,23708,25,250,2197150
NIFTY-II.NFO,22/11/2024,09:31:38,23702.1,23702.2,200,23709.95,25,275,2197150
NIFTY-II.NFO,22/11/2024,09:31:40,23706.1,23707.1,200,23710,225,75,2197150
NIFTY-II.NFO,22/11/2024,09:31:42,23707.05,23708.35,200,23710,225,50,2197150
NIFTY-II.NFO,22/11/2024,09:31:43,23710,23708.05,200,23710,225,50,2197150
NIFTY-II.NFO,22/11/2024,09:31:45,23710,23710.05,25,23714.95,100,225,2197150
NIFTY-II.NFO,22/11/2024,09:31:47,23714.95,23708.05,325,23710,25,200,2197150
NIFTY-II.NFO,22/11/2024,09:31:48,23714.95,23708,25,23710,25,0,2197150
NIFTY-II.NFO,22/11/2024,09:31:50,23710,23708,25,23710,350,50,2197150
NIFTY-II.NFO,22/11/2024,09:31:52,23710,23708,25,23710,325,25,2197150
NIFTY-II.NFO,22/11/2024,09:31:53,23710,23708,25,23710,325,75,2197150
NIFTY-II.NFO,22/11/2024,09:31:55,23710,23710,150,23713.95,325,350,2197150
NIFTY-II.NFO,22/11/2024,09:31:57,23710,23710,125,23714.95,125,275,2197150
NIFTY-II.NFO,22/11/2024,09:31:58,23706.1,23706.1,200,23713.4,25,200,2197150
NIFTY-II.NFO,22/11/2024,09:32:00,23713.85,23703,75,23710.2,50,25,2197150
NIFTY-II.NFO,22/11/2024,09:32:02,23708.35,23703,50,23708.35,25,100,2197150
NIFTY-II.NFO,22/11/2024,09:32:03,23703,23703.05,25,23709.4,125,75,2197150
NIFTY-II.NFO,22/11/2024,09:32:05,23710,23703.25,200,23710,50,150,2197150
NIFTY-II.NFO,22/11/2024,09:32:07,23710,23703.9,200,23710,50,0,2197150
NIFTY-II.NFO,22/11/2024,09:32:08,23710,23703.5,200,23709.4,25,0,2197150
NIFTY-II.NFO,22/11/2024,09:32:10,23703.1,23705.7,200,23709.4,25,150,2197150
NIFTY-II.NFO,22/11/2024,09:32:12,23703.1,23705.15,200,23709.95,75,0,2197150
NIFTY-II.NFO,22/11/2024,09:32:14,23706.1,23705,25,23709.95,75,100,2197150
NIFTY-II.NFO,22/11/2024,09:32:15,23706.05,23705.05,25,23710,175,275,2197150
NIFTY-II.NFO,22/11/2024,09:32:17,23705.05,23705.55,75,23710,200,25,2197150
NIFTY-II.NFO,22/11/2024,09:32:19,23705.55,23705.35,125,23710,225,75,2197150
NIFTY-II.NFO,22/11/2024,09:32:20,23705.35,23706.1,25,23710,250,600,2197150
NIFTY-II.NFO,22/11/2024,09:32:22,23706.1,23705,75,23706.05,25,25,2197150
NIFTY-II.NFO,22/11/2024,09:32:24,23706.05,23706.9,75,23709.95,75,25,2197150
NIFTY-II.NFO,22/11/2024,09:32:25,23705.6,23705.55,250,23709.95,50,325,2197150
NIFTY-II.NFO,22/11/2024,09:32:27,23705.85,23706.05,75,23709.95,50,75,2197150
NIFTY-II.NFO,22/11/2024,09:32:29,23705.85,23705,100,23706.85,75,0,2197150
NIFTY-II.NFO,22/11/2024,09:32:30,23706.9,23706,25,23706.9,25,100,2197150
NIFTY-II.NFO,22/11/2024,09:32:32,23706,23705,100,23706.9,25,50,2197150
NIFTY-II.NFO,22/11/2024,09:32:34,23706,23705,100,23706.9,25,0,2197150
NIFTY-II.NFO,22/11/2024,09:32:35,23702.1,23702,25,23706.9,25,175,2197150
NIFTY-II.NFO,22/11/2024,09:32:37,23706,23703.3,625,23706.9,25,25,2197150
NIFTY-II.NFO,22/11/2024,09:32:39,23709.95,23704.45,100,23709.95,25,75,2197150
NIFTY-II.NFO,22/11/2024,09:32:40,23709.85,23703.65,125,23709.85,50,475,2197150
NIFTY-II.NFO,22/11/2024,09:32:42,23708.95,23702.85,200,23708.9,75,275,2197150
NIFTY-II.NFO,22/11/2024,09:32:44,23702.7,23702.3,200,23705.55,25,50,2197150
NIFTY-II.NFO,22/11/2024,09:32:45,23702.7,23703.85,200,23705.55,25,0,2197150
NIFTY-II.NFO,22/11/2024,09:32:47,23704.35,23703.1,25,23705.55,25,25,2197150
NIFTY-II.NFO,22/11/2024,09:32:49,23705,23703.2,125,23704,25,25,2197150
NIFTY-II.NFO,22/11/2024,09:32:50,23707.15,23703.2,125,23708.4,25,100,2197150
NIFTY-II.NFO,22/11/2024,09:32:52,23705.35,23704.15,200,23709.7,50,75,2197150
NIFTY-II.NFO,22/11/2024,09:32:54,23705.35,23703.1,25,23709.05,150,0,2197150
NIFTY-II.NFO,22/11/2024,09:32:55,23703.15,23703.25,150,23709.8,75,300,2197150
NIFTY-II.NFO,22/11/2024,09:32:57,23708.85,23705,25,23708.9,75,75,2197150
NIFTY-II.NFO,22/11/2024,09:32:59,23709.5,23703.05,25,23709.05,200,50,2197150
NIFTY-II.NFO,22/11/2024,09:33:00,23709.5,23702,25,23708.45,200,0,2197150
NIFTY-II.NFO,22/11/2024,09:33:02,23704.3,23703.95,175,23706,25,25,2197150
NIFTY-II.NFO,22/11/2024,09:33:04,23706,23706,425,23709.25,25,75,2197150
NIFTY-II.NFO,22/11/2024,09:33:05,23706,23706,375,23709,25,50,2197150
NIFTY-II.NFO,22/11/2024,09:33:07,23706,23706,375,23709,25,0,2197150
NIFTY-II.NFO,22/11/2024,09:33:09,23706,23707.7,25,23708.95,75,0,2197150
NIFTY-II.NFO,22/11/2024,09:33:10,23706,23706.35,25,23708.95,75,50,2197150
NIFTY-II.NFO,22/11/2024,09:33:12,23706,23706,325,23708.75,200,25,2197150
NIFTY-II.NFO,22/11/2024,09:33:14,23706,23706,125,23707.75,200,325,2197150
NIFTY-II.NFO,22/11/2024,09:33:15,23705,23700,475,23705,125,275,2197150
NIFTY-II.NFO,22/11/2024,09:33:17,23696,23696,125,23698.55,150,850,2197150
NIFTY-II.NFO,22/11/2024,09:33:19,23697,23696,125,23697.95,50,825,2197150
NIFTY-II.NFO,22/11/2024,09:33:20,23696,23696,100,23699.75,75,25,2197150
NIFTY-II.NFO,22/11/2024,09:33:22,23691.05,23694.2,25,23698.7,200,775,2197150
NIFTY-II.NFO,22/11/2024,09:33:24,23690.05,23692.35,25,23698.4,200,450,2197150
NIFTY-II.NFO,22/11/2024,09:33:25,23698.1,23693.7,25,23696,25,125,2197150
NIFTY-II.NFO,22/11/2024,09:33:27,23698.1,23693.45,25,23696,25,0,2197150
NIFTY-II.NFO,22/11/2024,09:33:29,23695.6,23695.2,200,23699.95,75,300,2197150
NIFTY-II.NFO,22/11/2024,09:33:30,23696.05,23695.4,200,23696,125,25,2197150
NIFTY-II.NFO,22/11/2024,09:33:32,23699.95,23695.05,25,23699.95,50,175,2197150
NIFTY-II.NFO,22/11/2024,09:33:34,23699.95,23692.65,150,23698.95,25,0,2197150
NIFTY-II.NFO,22/11/2024,09:33:35,23695.2,23694.1,200,23698.9,25,25,2197150
NIFTY-II.NFO,22/11/2024,09:33:37,23699.85,23693.8,25,23696.8,25,325,2197150
NIFTY-II.NFO,22/11/2024,09:33:39,23699.85,23695.1,25,23696.8,25,0,2197150
NIFTY-II.NFO,22/11/2024,09:33:40,23699.85,23695.9,25,23699.35,25,0,2197150
NIFTY-II.NFO,22/11/2024,09:33:42,23695,23693.8,25,23698.05,75,75,2197400
NIFTY-II.NFO,22/11/2024,09:33:44,23695,23693.4,25,23698.75,75,0,2197400
NIFTY-II.NFO,22/11/2024,09:33:45,23695,23693.85,25,23696.8,25,0,2197400
NIFTY-II.NFO,22/11/2024,09:33:47,23690.05,23690.55,50,23695.15,225,175,2197400
NIFTY-II.NFO,22/11/2024,09:33:49,23693.35,23690,250,23693.65,150,75,2197400
NIFTY-II.NFO,22/11/2024,09:33:50,23690,23691.3,25,23695.75,75,125,2197400
NIFTY-II.NFO,22/11/2024,09:33:52,23690,23690.5,25,23695.35,75,75,2197400
NIFTY-II.NFO,22/11/2024,09:33:54,23692.15,23692.15,25,23696.3,25,25,2197400
NIFTY-II.NFO,22/11/2024,09:33:55,23693.35,23694.05,25,23694.95,75,175,2197400
NIFTY-II.NFO,22/11/2024,09:33:57,23693.35,23693.3,25,23694.95,75,0,2197400
NIFTY-II.NFO,22/11/2024,09:33:59,23693.8,23693.3,25,23694.95,75,25,2197400
NIFTY-II.NFO,22/11/2024,09:34:00,23693.8,23693.3,25,23694.95,75,0,2197400
NIFTY-II.NFO,22/11/2024,09:34:02,23695,23693.3,25,23695,50,300,2197400
NIFTY-II.NFO,22/11/2024,09:34:04,23693.3,23690.6,25,23693.25,75,25,2197400
NIFTY-II.NFO,22/11/2024,09:34:05,23690,23690.3,25,23693.25,75,75,2197400
NIFTY-II.NFO,22/11/2024,09:34:07,23693.25,23691.2,25,23693.25,50,325,2197400
NIFTY-II.NFO,22/11/2024,09:34:09,23693.25,23692.7,50,23693.25,25,625,2197400
NIFTY-II.NFO,22/11/2024,09:34:10,23696.8,23697.95,50,23699,25,700,2197400
NIFTY-II.NFO,22/11/2024,09:34:12,23704.45,23700.2,125,23704.45,50,275,2197400
NIFTY-II.NFO,22/11/2024,09:34:14,23699,23700.55,25,23704.45,50,75,2197400
NIFTY-II.NFO,22/11/2024,09:34:15,23700.2,23696.3,25,23700.9,200,25,2197400
NIFTY-II.NFO,22/11/2024,09:34:17,23696.4,23695,1100,23698.25,125,25,2197400
NIFTY-II.NFO,22/11/2024,09:34:19,23696.6,23697.05,25,23700.2,25,50,2197400
NIFTY-II.NFO,22/11/2024,09:34:20,23695,23695,1025,23698.9,75,175,2197400
NIFTY-II.NFO,22/11/2024,09:34:22,23698.95,23695,1050,23698.05,75,25,2197400
NIFTY-II.NFO,22/11/2024,09:34:24,23694,23690,1600,23694.3,75,1250,2197400
NIFTY-II.NFO,22/11/2024,09:34:25,23694.5,23690.9,25,23695.15,75,25,2197400
NIFTY-II.NFO,22/11/2024,09:34:27,23694.5,23690.45,25,23694.55,125,0,2197400
NIFTY-II.NFO,22/11/2024,09:34:29,23690,23690,1550,23692.4,75,50,2197400
NIFTY-II.NFO,22/11/2024,09:34:30,23690,23691.2,25,23694.95,75,0,2197400
NIFTY-II.NFO,22/11/2024,09:34:32,23694.95,23693.45,25,23695,50,75,2197400
NIFTY-II.NFO,22/11/2024,09:34:34,23692.45,23692.4,25,23693.95,75,25,2197400
NIFTY-II.NFO,22/11/2024,09:34:35,23692.4,23690,1575,23691.45,75,25,2197400
NIFTY-II.NFO,22/11/2024,09:34:37,23690,23690,1475,23691.9,75,100,2197400
NIFTY-II.NFO,22/11/2024,09:34:39,23685.55,23682.55,25,23685.9,25,3275,2197400
NIFTY-II.NFO,22/11/2024,09:34:40,23685.9,23680.5,125,23685.3,75,25,2197400
NIFTY-II.NFO,22/11/2024,09:34:42,23680.5,23681.9,100,23686,25,25,2197400
NIFTY-II.NFO,22/11/2024,09:34:44,23682.85,23682.65,125,23686,25,500,2197400
NIFTY-II.NFO,22/11/2024,09:34:45,23681.55,23680,125,23686,25,50,2197400
NIFTY-II.NFO,22/11/2024,09:34:47,23680.3,23680.45,125,23685.3,75,25,2197400
NIFTY-II.NFO,22/11/2024,09:34:49,23681.6,23681.6,50,23686,25,25,2197400
NIFTY-II.NFO,22/11/2024,09:34:50,23681.2,23681.5,125,23685.25,75,325,2197400
NIFTY-II.NFO,22/11/2024,09:34:52,23687.2,23681.55,50,23685.6,75,125,2197400
NIFTY-II.NFO,22/11/2024,09:34:54,23682.05,23681.1,25,23686.05,25,25,2197400
NIFTY-II.NFO,22/11/2024,09:34:55,23681.65,23681.75,75,23686.75,75,25,2197400
NIFTY-II.NFO,22/11/2024,09:34:57,23685,23684.7,75,23689,25,125,2197400
NIFTY-II.NFO,22/11/2024,09:34:59,23685,23685.2,25,23689,25,0,2197400
NIFTY-II.NFO,22/11/2024,09:35:00,23690,23692,500,23692.45,25,100,2197400
NIFTY-II.NFO,22/11/2024,09:35:02,23690,23692,500,23692.45,25,0,2197400
NIFTY-II.NFO,22/11/2024,09:35:04,23692,23692,150,23692.4,50,350,2197400
NIFTY-II.NFO,22/11/2024,09:35:05,23685,23685.05,25,23689.15,75,225,2197400
NIFTY-II.NFO,22/11/2024,09:35:07,23684.45,23684.25,50,23684.95,75,625,2197400
NIFTY-II.NFO,22/11/2024,09:35:09,23685,23691,25,23692.45,25,1075,2197400
NIFTY-II.NFO,22/11/2024,09:35:10,23692,23689.1,150,23692.45,25,25,2197400
NIFTY-II.NFO,22/11/2024,09:35:12,23692.45,23691.75,125,23693.8,100,25,2197400
NIFTY-II.NFO,22/11/2024,09:35:14,23697.95,23697.45,150,23697.95,25,225,2197400
NIFTY-II.NFO,22/11/2024,09:35:15,23697.85,23697.05,25,23698.95,75,50,2197400
NIFTY-II.NFO,22/11/2024,09:35:17,23698.95,23694.55,25,23698.95,50,25,2197400
NIFTY-II.NFO,22/11/2024,09:35:19,23694.3,23693.05,375,23698.95,75,50,2197400
NIFTY-II.NFO,22/11/2024,09:35:20,23694.3,23695.55,25,23698.95,75,0,2197400
NIFTY-II.NFO,22/11/2024,09:35:22,23694.3,23695.05,25,23698.95,75,0,2197400
NIFTY-II.NFO,22/11/2024,09:35:24,23694.3,23696.05,25,23698.95,75,0,2197400
NIFTY-II.NFO,22/11/2024,09:35:25,23697.4,23696.35,250,23698.95,75,350,2197400
NIFTY-II.NFO,22/11/2024,09:35:27,23697.95,23696.75,125,23697.95,50,25,2197400
NIFTY-II.NFO,22/11/2024,09:35:29,23697.1,23696.55,25,23697.95,50,50,2197400
NIFTY-II.NFO,22/11/2024,09:35:30,23697.1,23693.05,25,23697.1,25,0,2197400
NIFTY-II.NFO,22/11/2024,09:35:32,23693.05,23694.9,25,23697.1,25,25,2197400
NIFTY-II.NFO,22/11/2024,09:35:34,23693.05,23692.95,250,23696.95,75,0,2197400
NIFTY-II.NFO,22/11/2024,09:35:35,23693.8,23695.05,250,23697,100,625,2197400
NIFTY-II.NFO,22/11/2024,09:35:37,23693.8,23694.4,250,23697,100,0,2197400
NIFTY-II.NFO,22/11/2024,09:35:39,23691.55,23691.05,25,23696.3,25,50,2197400
NIFTY-II.NFO,22/11/2024,09:35:40,23696.95,23690.85,250,23696.95,200,75,2197400
NIFTY-II.NFO,22/11/2024,09:35:42,23696.95,23690.15,25,23693.75,75,0,2197400
NIFTY-II.NFO,22/11/2024,09:35:44,23690.6,23690.35,125,23693.75,75,100,2197400
NIFTY-II.NFO,22/11/2024,09:35:45,23690.6,23691.15,125,23693.75,75,0,2197400
NIFTY-II.NFO,22/11/2024,09:35:47,23695.15,23693.15,125,23696,25,525,2197400
NIFTY-II.NFO,22/11/2024,09:35:49,23695.15,23692.45,250,23696,25,0,2197400
NIFTY-II.NFO,22/11/2024,09:35:50,23691.65,23691.15,125,23696,25,75,2197400
NIFTY-II.NFO,22/11/2024,09:35:52,23691.65,23690.6,250,23696,25,0,2197400
NIFTY-II.NFO,22/11/2024,09:35:54,23691,23692.3,250,23696.95,100,25,2197400
NIFTY-II.NFO,22/11/2024,09:35:55,23691,23691.95,250,23696.95,100,0,2197400
NIFTY-II.NFO,22/11/2024,09:35:57,23691,23691.9,250,23696.95,100,0,2197400
NIFTY-II.NFO,22/11/2024,09:35:59,23696,23692.35,50,23696.95,100,25,2197400
NIFTY-II.NFO,22/11/2024,09:36:00,23692.85,23692.7,225,23697,300,125,2197400
NIFTY-II.NFO,22/11/2024,09:36:02,23697,23696.6,75,23697.95,75,300,2197400
NIFTY-II.NFO,22/11/2024,09:36:04,23695,23693.2,225,23698,50,450,2197400
NIFTY-II.NFO,22/11/2024,09:36:05,23691.95,23693.05,25,23698,50,50,2197400
NIFTY-II.NFO,22/11/2024,09:36:07,23691.95,23694.55,175,23698,50,0,2197400
NIFTY-II.NFO,22/11/2024,09:36:09,23691.95,23695.45,125,23698,50,0,2197400
NIFTY-II.NFO,22/11/2024,09:36:10,23691.95,23694.1,125,23698,50,0,2197400
NIFTY-II.NFO,22/11/2024,09:36:12,23698,23692.1,175,23697.8,75,25,2197400
NIFTY-II.NFO,22/11/2024,09:36:14,23694.45,23691.65,25,23697.3,200,25,2197400
NIFTY-II.NFO,22/11/2024,09:36:15,23691.65,23692.05,25,23696.3,75,75,2197400
NIFTY-II.NFO,22/11/2024,09:36:17,23698.75,23694.3,250,23698,25,75,2197400
NIFTY-II.NFO,22/11/2024,09:36:19,23697,23695.55,50,23698.75,25,125,2197400
NIFTY-II.NFO,22/11/2024,09:36:20,23697,23696.85,125,23698.75,25,0,2197400
NIFTY-II.NFO,22/11/2024,09:36:22,23698.75,23698,25,23698.8,50,25,2197400
NIFTY-II.NFO,22/11/2024,09:36:24,23694.45,23694.05,25,23698.75,75,100,2197400
NIFTY-II.NFO,22/11/2024,09:36:25,23697.25,23697,250,23698.75,50,75,2197400
NIFTY-II.NFO,22/11/2024,09:36:27,23700,23698.4,375,23700,825,200,2197400
NIFTY-II.NFO,22/11/2024,09:36:29,23699.1,23698.25,25,23700,825,75,2197400
NIFTY-II.NFO,22/11/2024,09:36:30,23695.8,23695.95,125,23699.95,75,25,2197400
NIFTY-II.NFO,22/11/2024,09:36:32,23695.8,23695.75,175,23699.95,75,0,2197400
NIFTY-II.NFO,22/11/2024,09:36:34,23700.2,23700.1,250,23701,25,875,2197400
NIFTY-II.NFO,22/11/2024,09:36:35,23700.65,23700.3,125,23701,25,75,2197400
NIFTY-II.NFO,22/11/2024,09:36:37,23700.65,23699.6,125,23701,25,0,2197400
NIFTY-II.NFO,22/11/2024,09:36:39,23700.65,23699.2,125,23701,25,0,2197400
NIFTY-II.NFO,22/11/2024,09:36:40,23702,23700.2,25,23704.7,75,50,2195725
NIFTY-II.NFO,22/11/2024,09:36:42,23700.2,23699.2,25,23700.3,25,25,2195725
NIFTY-II.NFO,22/11/2024,09:36:44,23705,23701,50,23706.55,425,1900,2195725
NIFTY-II.NFO,22/11/2024,09:36:45,23705,23704.4,250,23706.6,50,0,2195725
NIFTY-II.NFO,22/11/2024,09:36:47,23703.45,23703.15,125,23706.6,50,25,2195725
NIFTY-II.NFO,22/11/2024,09:36:49,23701,23701,1775,23706.6,50,75,2195725
NIFTY-II.NFO,22/11/2024,09:36:50,23705,23702.05,25,23706.6,50,50,2195725
NIFTY-II.NFO,22/11/2024,09:36:52,23705,23701.7,100,23706.6,50,0,2195725
NIFTY-II.NFO,22/11/2024,09:36:54,23705,23701.6,50,23706.6,50,0,2195725
NIFTY-II.NFO,22/11/2024,09:36:56,23706.6,23702,25,23706.6,25,25,2195725
NIFTY-II.NFO,22/11/2024,09:36:57,23701.2,23701,1775,23701.2,25,75,2195725
NIFTY-II.NFO,22/11/2024,09:36:59,23701,23700.2,250,23701.4,25,1975,2195725
NIFTY-II.NFO,22/11/2024,09:37:01,23699,23695.8,75,23696.35,75,350,2195725
NIFTY-II.NFO,22/11/2024,09:37:02,23697.8,23695,150,23696.85,75,175,2195725
NIFTY-II.NFO,22/11/2024,09:37:04,23694,23694,1575,23695.65,75,2125,2195725
NIFTY-II.NFO,22/11/2024,09:37:06,23694,23690.85,25,23693.6,75,1575,2195725
NIFTY-II.NFO,22/11/2024,09:37:07,23692.15,23690,125,23692.15,25,50,2195725
NIFTY-II.NFO,22/11/2024,09:37:09,23690,23685.4,75,23690,25,175,2195725
NIFTY-II.NFO,22/11/2024,09:37:11,23690,23684,75,23688.5,75,0,2195725
NIFTY-II.NFO,22/11/2024,09:37:12,23688.1,23682,25,23685.1,75,25,2195725
NIFTY-II.NFO,22/11/2024,09:37:14,23682,23680.7,25,23685.5,75,25,2195725
NIFTY-II.NFO,22/11/2024,09:37:16,23682,23680.75,75,23685.4,25,0,2195725
NIFTY-II.NFO,22/11/2024,09:37:17,23685.4,23682.55,75,23686.9,75,25,2195725
NIFTY-II.NFO,22/11/2024,09:37:19,23687.6,23683.05,25,23684.95,75,25,2195725
NIFTY-II.NFO,22/11/2024,09:37:21,23687.6,23679.6,25,23684.95,75,0,2195725
NIFTY-II.NFO,22/11/2024,09:37:22,23684.4,23681.35,75,23684.4,50,275,2195725
NIFTY-II.NFO,22/11/2024,09:37:24,23686.9,23686.9,100,23688,75,500,2195725
NIFTY-II.NFO,22/11/2024,09:37:26,23686.9,23681.1,200,23686.9,25,1900,2195725
NIFTY-II.NFO,22/11/2024,09:37:27,23688.75,23681.6,200,23688.3,75,25,2195725
NIFTY-II.NFO,22/11/2024,09:37:29,23686.85,23683.75,200,23686.85,50,25,2195725
NIFTY-II.NFO,22/11/2024,09:37:31,23686.85,23685.85,50,23686.85,25,25,2195725
NIFTY-II.NFO,22/11/2024,09:37:32,23688.45,23688.7,75,23694.3,75,200,2195725
NIFTY-II.NFO,22/11/2024,09:37:34,23688.25,23688.6,200,23694.35,25,75,2195725
NIFTY-II.NFO,22/11/2024,09:37:36,23688.55,23688.3,125,23694.3,200,250,2195725
NIFTY-II.NFO,22/11/2024,09:37:37,23688.55,23686.95,50,23690,25,0,2195725
NIFTY-II.NFO,22/11/2024,09:37:39,23686.1,23687.7,75,23693.3,200,2625,2195725
NIFTY-II.NFO,22/11/2024,09:37:41,23686.1,23686.35,75,23691.35,25,0,2195725
NIFTY-II.NFO,22/11/2024,09:37:42,23686.3,23690,25,23693.4,200,25,2195725
NIFTY-II.NFO,22/11/2024,09:37:44,23690,23686.5,50,23692.35,200,25,2195725
NIFTY-II.NFO,22/11/2024,09:37:46,23690,23685.5,50,23688.2,75,0,2195725
NIFTY-II.NFO,22/11/2024,09:37:47,23688.2,23684.1,50,23688.2,50,25,2195725
NIFTY-II.NFO,22/11/2024,09:37:49,23695.35,23686.35,200,23691.3,25,1825,2195725
NIFTY-II.NFO,22/11/2024,09:37:51,23695.35,23686.3,25,23690.8,125,0,2195725
NIFTY-II.NFO,22/11/2024,09:37:52,23686.3,23682.9,25,23689.15,100,50,2195725
NIFTY-II.NFO,22/11/2024,09:37:54,23686.3,23682.9,50,23688.65,175,0,2195725
NIFTY-II.NFO,22/11/2024,09:37:56,23682.9,23681.85,200,23688,75,25,2195725
NIFTY-II.NFO,22/11/2024,09:37:57,23688.35,23682,200,23687.8,75,25,2195725
NIFTY-II.NFO,22/11/2024,09:37:59,23688.35,23684.85,200,23689,25,0,2195725
NIFTY-II.NFO,22/11/2024,09:38:01,23688.35,23684.25,25,23689,25,0,2195725
NIFTY-II.NFO,22/11/2024,09:38:04,23688.35,23684,200,23688.35,25,0,2195725
NIFTY-II.NFO,22/11/2024,09:38:06,23688.35,23685.15,200,23688.35,25,0,2195725
NIFTY-II.NFO,22/11/2024,09:38:07,23688.35,23686.2,200,23688.35,25,0,2195725
NIFTY-II.NFO,22/11/2024,09:38:09,23690,23690,50,23691.75,100,450,2195725
NIFTY-II.NFO,22/11/2024,09:38:11,23684.6,23682.85,175,23688.05,25,200,2195725
NIFTY-II.NFO,22/11/2024,09:38:12,23684.6,23685.05,175,23688.35,25,0,2195725
NIFTY-II.NFO,22/11/2024,09:38:14,23684.6,23683.45,300,23688.35,25,0,2195725
NIFTY-II.NFO,22/11/2024,09:38:16,23685.5,23686.3,150,23688.35,25,100,2195725
NIFTY-II.NFO,22/11/2024,09:38:17,23684.8,23684.5,75,23688.35,25,75,2195725
NIFTY-II.NFO,22/11/2024,09:38:19,23684.8,23684.55,75,23685.45,75,0,2195725
NIFTY-II.NFO,22/11/2024,09:38:21,23685.5,23686.1,75,23688.35,25,75,2195725
NIFTY-II.NFO,22/11/2024,09:38:22,23689.95,23685.2,75,23689.95,50,50,2195725
NIFTY-II.NFO,22/11/2024,09:38:24,23689.95,23682.1,75,23689.4,75,0,2195725
NIFTY-II.NFO,22/11/2024,09:38:26,23689.95,23682.75,75,23684.75,25,0,2195725
NIFTY-II.NFO,22/11/2024,09:38:27,23682.75,23684,50,23684.75,25,25,2195725
NIFTY-II.NFO,22/11/2024,09:38:29,23690,23690,325,23692,25,225,2195725
NIFTY-II.NFO,22/11/2024,09:38:31,23690,23690,300,23691.35,200,25,2195725
NIFTY-II.NFO,22/11/2024,09:38:32,23690,23684.7,50,23690,25,300,2195725
NIFTY-II.NFO,22/11/2024,09:38:34,23690,23685.35,50,23689.9,25,0,2195725
NIFTY-II.NFO,22/11/2024,09:38:36,23690,23684.6,50,23688.85,25,0,2195725
NIFTY-II.NFO,22/11/2024,09:38:37,23684.2,23684.75,125,23688.85,25,50,2195725
NIFTY-II.NFO,22/11/2024,09:38:39,23688.7,23682.6,250,23688.9,25,75,2195725
NIFTY-II.NFO,22/11/2024,09:38:41,23682.25,23682.9,75,23688.9,25,50,2195725
NIFTY-II.NFO,22/11/2024,09:38:42,23689.95,23687.35,50,23689.95,25,50,2195725
NIFTY-II.NFO,22/11/2024,09:38:44,23695,23692.05,125,23695.95,25,475,2195725
NIFTY-II.NFO,22/11/2024,09:38:46,23690.8,23690.05,25,23695.95,25,25,2195725
NIFTY-II.NFO,22/11/2024,09:38:47,23689.95,23689.2,125,23692,25,50,2195725
NIFTY-II.NFO,22/11/2024,09:38:49,23689.95,23689.95,25,23692,25,0,2195725
NIFTY-II.NFO,22/11/2024,09:38:51,23686.1,23687.5,175,23692,25,1025,2195725
NIFTY-II.NFO,22/11/2024,09:38:52,23687.5,23685.85,125,23691.75,75,25,2195725
NIFTY-II.NFO,22/11/2024,09:38:54,23687.55,23686.75,50,23692,25,100,2195725
NIFTY-II.NFO,22/11/2024,09:38:55,23688.6,23688.3,125,23690,25,100,2195725
NIFTY-II.NFO,22/11/2024,09:38:57,23689,23688.9,125,23689.95,75,75,2195725
NIFTY-II.NFO,22/11/2024,09:38:59,23692,23689.95,25,23691.9,25,375,2195725
NIFTY-II.NFO,22/11/2024,09:39:01,23689.95,23688.6,25,23689.95,25,25,2195725
NIFTY-II.NFO,22/11/2024,09:39:02,23689.95,23688.6,25,23689.95,25,0,2195725
NIFTY-II.NFO,22/11/2024,09:39:04,23688.6,23687.55,50,23689.95,25,25,2195725
NIFTY-II.NFO,22/11/2024,09:39:06,23690,23689.1,250,23694.95,75,100,2195725
NIFTY-II.NFO,22/11/2024,09:39:07,23689.6,23690,500,23694.95,75,25,2195725
NIFTY-II.NFO,22/11/2024,09:39:09,23690,23690,475,23693.8,200,25,2195725
NIFTY-II.NFO,22/11/2024,09:39:11,23690,23690,475,23693.7,200,0,2195725
NIFTY-II.NFO,22/11/2024,09:39:12,23690,23690,475,23693.15,75,0,2195725
NIFTY-II.NFO,22/11/2024,09:39:14,23690,23690,425,23693.3,25,50,2195725
NIFTY-II.NFO,22/11/2024,09:39:16,23694.95,23690,425,23693.3,25,100,2195725
NIFTY-II.NFO,22/11/2024,09:39:17,23690,23690,250,23693.5,275,175,2195725
NIFTY-II.NFO,22/11/2024,09:39:19,23690,23685,25,23689.8,200,250,2195725
NIFTY-II.NFO,22/11/2024,09:39:21,23690,23685,25,23689.9,25,0,2195725
NIFTY-II.NFO,22/11/2024,09:39:22,23693.2,23685.95,200,23691.15,25,1800,2195725
NIFTY-II.NFO,22/11/2024,09:39:24,23693.2,23686.35,200,23693.25,275,0,2195725
NIFTY-II.NFO,22/11/2024,09:39:26,23685.35,23685.25,125,23691.65,75,75,2195725
NIFTY-II.NFO,22/11/2024,09:39:27,23685.35,23690,100,23692.35,200,0,2195725
NIFTY-II.NFO,22/11/2024,09:39:29,23690,23685,50,23689.95,75,100,2195725
NIFTY-II.NFO,22/11/2024,09:39:31,23690,23685.35,25,23689.05,200,0,2195725
NIFTY-II.NFO,22/11/2024,09:39:32,23685.35,23685,50,23685.35,25,25,2195725
NIFTY-II.NFO,22/11/2024,09:39:34,23685.35,23685,25,23685.9,25,25,2195725
NIFTY-II.NFO,22/11/2024,09:39:36,23685,23684.2,175,23687.9,25,25,2195725
NIFTY-II.NFO,22/11/2024,09:39:37,23685,23684.2,175,23687.9,25,0,2195725
NIFTY-II.NFO,22/11/2024,09:39:39,23671.3,23671.2,50,23673,25,625,2209525
NIFTY-II.NFO,22/11/2024,09:39:41,23648,23646.3,50,23648.55,25,8350,2209525
NIFTY-II.NFO,22/11/2024,09:39:42,23639.6,23633.7,25,23639.3,150,1025,2209525
NIFTY-II.NFO,22/11/2024,09:39:44,23640.95,23636.8,50,23641.95,25,675,2209525
NIFTY-II.NFO,22/11/2024,09:39:46,23644.85,23642.5,475,23644.85,50,50,2209525
NIFTY-II.NFO,22/11/2024,09:39:47,23641.25,23640.15,25,23646.35,225,300,2209525
NIFTY-II.NFO,22/11/2024,09:39:49,23631.95,23631.2,50,23631.65,200,600,2209525
NIFTY-II.NFO,22/11/2024,09:39:51,23615,23615,125,23615.85,75,1225,2209525
NIFTY-II.NFO,22/11/2024,09:39:52,23619.15,23614.5,25,23619.9,25,925,2209525
NIFTY-II.NFO,22/11/2024,09:39:54,23619.95,23617.3,250,23619.95,4950,2675,2209525
NIFTY-II.NFO,22/11/2024,09:39:55,23618.45,23618.3,150,23624.45,150,500,2209525
NIFTY-II.NFO,22/11/2024,09:39:57,23618.05,23620,100,23624.45,75,500,2209525
NIFTY-II.NFO,22/11/2024,09:39:59,23622.4,23621.8,50,23624.35,50,50,2209525
NIFTY-II.NFO,22/11/2024,09:40:00,23622.4,23622.1,50,23624.35,75,0,2209525
NIFTY-II.NFO,22/11/2024,09:40:02,23621.05,23621,25,23624.35,75,50,2209525
NIFTY-II.NFO,22/11/2024,09:40:04,23613,23612.2,25,23613,200,875,2209525
NIFTY-II.NFO,22/11/2024,09:40:05,23606,23606,800,23606.9,75,350,2209525
NIFTY-II.NFO,22/11/2024,09:40:07,23606.05,23606.6,50,23610.1,50,700,2209525
NIFTY-II.NFO,22/11/2024,09:40:09,23611.5,23611.5,225,23615.95,75,300,2209525
NIFTY-II.NFO,22/11/2024,09:40:10,23620,23620,25,23620.95,75,450,2209525
NIFTY-II.NFO,22/11/2024,09:40:12,23627.15,23627.45,125,23628.95,75,1125,2209525
NIFTY-II.NFO,22/11/2024,09:40:14,23631.6,23632.35,25,23635.95,75,400,2209525
NIFTY-II.NFO,22/11/2024,09:40:15,23636,23638.35,250,23639.75,75,825,2209525
NIFTY-II.NFO,22/11/2024,09:40:17,23649.5,23647.9,50,23649.5,50,300,2209525
NIFTY-II.NFO,22/11/2024,09:40:19,23648.05,23651.05,50,23655.5,75,175,2209525
NIFTY-II.NFO,22/11/2024,09:40:20,23656.8,23652.05,25,23657,75,250,2209525
NIFTY-II.NFO,22/11/2024,09:40:22,23652.85,23655.3,300,23659.7,75,75,2209525
NIFTY-II.NFO,22/11/2024,09:40:24,23667.35,23662.5,125,23667.35,25,575,2209525
NIFTY-II.NFO,22/11/2024,09:40:25,23667.35,23661.65,100,23663.25,75,0,2209525
NIFTY-II.NFO,22/11/2024,09:40:27,23661.95,23656.9,250,23661.95,25,150,2209525
NIFTY-II.NFO,22/11/2024,09:40:29,23658.45,23656.2,50,23662.6,75,300,2209525
NIFTY-II.NFO,22/11/2024,09:40:30,23658.4,23652.5,50,23659,275,225,2209525
NIFTY-II.NFO,22/11/2024,09:40:32,23651.1,23647.15,50,23650,25,250,2209525
NIFTY-II.NFO,22/11/2024,09:40:34,23650,23649.55,50,23650.55,75,25,2209525
NIFTY-II.NFO,22/11/2024,09:40:35,23652.75,23649.45,100,23651.2,25,225,2209525
NIFTY-II.NFO,22/11/2024,09:40:37,23648.8,23643.1,25,23648.35,50,175,2209525
NIFTY-II.NFO,22/11/2024,09:40:39,23656.5,23655.95,75,23659.7,4200,1825,2209525
NIFTY-II.NFO,22/11/2024,09:40:40,23659,23658.65,50,23665.75,50,225,2209525
NIFTY-II.NFO,22/11/2024,09:40:42,23656.85,23652.8,100,23658.9,200,425,2209525
NIFTY-II.NFO,22/11/2024,09:40:44,23654.45,23654.55,50,23661.5,200,50,2209525
NIFTY-II.NFO,22/11/2024,09:40:45,23652.85,23655,25,23656.5,100,125,2209525
NIFTY-II.NFO,22/11/2024,09:40:47,23657.05,23657.05,25,23662.9,200,225,2209525
NIFTY-II.NFO,22/11/2024,09:40:49,23659.7,23659.6,25,23659.7,25,175,2209525
NIFTY-II.NFO,22/11/2024,09:40:50,23655,23655,50,23658.65,200,200,2209525
NIFTY-II.NFO,22/11/2024,09:40:52,23652.75,23652.75,25,23656.1,200,75,2209525
NIFTY-II.NFO,22/11/2024,09:40:54,23653.8,23654.85,75,23658.5,75,150,2209525
NIFTY-II.NFO,22/11/2024,09:40:55,23664.15,23656.55,100,23665.1,200,100,2209525
NIFTY-II.NFO,22/11/2024,09:40:57,23658.95,23653.15,25,23659.35,200,50,2209525
NIFTY-II.NFO,22/11/2024,09:40:59,23658.95,23653.05,175,23659.6,275,0,2209525
NIFTY-II.NFO,22/11/2024,09:41:00,23660,23657.6,175,23660,100,250,2209525
NIFTY-II.NFO,22/11/2024,09:41:02,23660,23661.35,50,23665,150,100,2209525
NIFTY-II.NFO,22/11/2024,09:41:04,23660,23657.65,50,23664.8,200,0,2209525
NIFTY-II.NFO,22/11/2024,09:41:05,23660,23658.2,50,23664.35,200,0,2209525
NIFTY-II.NFO,22/11/2024,09:41:07,23661.7,23661.6,25,23665,150,25,2209525
NIFTY-II.NFO,22/11/2024,09:41:09,23665,23663.05,50,23666,50,150,2209525
NIFTY-II.NFO,22/11/2024,09:41:11,23666,23666.95,150,23670.9,25,50,2209525
NIFTY-II.NFO,22/11/2024,09:41:12,23666,23663.1,150,23668.5,50,0,2209525
NIFTY-II.NFO,22/11/2024,09:41:14,23668.9,23663.4,25,23669.1,200,100,2209525
NIFTY-II.NFO,22/11/2024,09:41:16,23668.9,23664.25,50,23670.7,200,0,2209525
NIFTY-II.NFO,22/11/2024,09:41:17,23668.9,23667.35,175,23670.9,25,0,2209525
NIFTY-II.NFO,22/11/2024,09:41:19,23670.85,23664.95,200,23670.9,25,225,2209525
NIFTY-II.NFO,22/11/2024,09:41:21,23665.6,23665.5,25,23668.9,50,125,2209525
NIFTY-II.NFO,22/11/2024,09:41:22,23670.85,23666.4,50,23670.9,25,100,2209525
NIFTY-II.NFO,22/11/2024,09:41:24,23672,23671.85,25,23675,25,150,2209525
NIFTY-II.NFO,22/11/2024,09:41:26,23671.7,23670,25,23674.35,125,50,2209525
NIFTY-II.NFO,22/11/2024,09:41:27,23673.05,23666.25,25,23672.95,25,150,2209525
NIFTY-II.NFO,22/11/2024,09:41:29,23670,23666,25,23672.05,25,75,2209525
NIFTY-II.NFO,22/11/2024,09:41:31,23666.9,23666.7,200,23674.3,50,75,2209525
NIFTY-II.NFO,22/11/2024,09:41:32,23666.9,23667.85,200,23674.35,50,0,2209525
NIFTY-II.NFO,22/11/2024,09:41:34,23666.9,23667.4,100,23674.15,125,0,2209525
NIFTY-II.NFO,22/11/2024,09:41:36,23666.9,23667.45,200,23672.9,75,0,2209525
NIFTY-II.NFO,22/11/2024,09:41:37,23666.9,23669.35,200,23673,100,0,2209525
NIFTY-II.NFO,22/11/2024,09:41:39,23666.9,23667.85,200,23673,100,0,2209525
NIFTY-II.NFO,22/11/2024,09:41:41,23668.55,23666,25,23666.9,200,100,2209525
NIFTY-II.NFO,22/11/2024,09:41:42,23666,23665.95,200,23666.9,200,25,2209525
NIFTY-II.NFO,22/11/2024,09:41:44,23665.35,23665.35,25,23666.9,200,50,2209525
NIFTY-II.NFO,22/11/2024,09:41:46,23666.9,23666.15,25,23666.9,150,175,2209525
NIFTY-II.NFO,22/11/2024,09:41:47,23665.35,23662.8,200,23666.9,75,175,2209525
NIFTY-II.NFO,22/11/2024,09:41:49,23666,23661.4,25,23666.3,75,150,2209525
NIFTY-II.NFO,22/11/2024,09:41:51,23666,23663,25,23666.85,75,0,2209525
NIFTY-II.NFO,22/11/2024,09:41:52,23661.1,23665,25,23666.85,75,50,2209525
NIFTY-II.NFO,22/11/2024,09:41:54,23665,23663.75,200,23666,25,25,2209525
NIFTY-II.NFO,22/11/2024,09:41:55,23665,23660.45,200,23664.95,75,0,2209525
NIFTY-II.NFO,22/11/2024,09:41:57,23665,23660.2,200,23665,50,0,2209525
NIFTY-II.NFO,22/11/2024,09:41:59,23665,23660,100,23662.9,75,0,2209525
NIFTY-II.NFO,22/11/2024,09:42:00,23665,23660,100,23661.4,75,0,2209525
NIFTY-II.NFO,22/11/2024,09:42:02,23660,23654.8,200,23659.35,75,100,2209525
NIFTY-II.NFO,22/11/2024,09:42:04,23660,23654.4,200,23660.65,75,0,2209525
NIFTY-II.NFO,22/11/2024,09:42:05,23660.7,23662.3,125,23664,600,75,2209525
NIFTY-II.NFO,22/11/2024,09:42:07,23661.6,23659.4,200,23664,150,600,2209525
NIFTY-II.NFO,22/11/2024,09:42:09,23659.55,23658.15,200,23665.35,225,25,2209525
NIFTY-II.NFO,22/11/2024,09:42:10,23659,23660,50,23665.45,200,450,2209525
NIFTY-II.NFO,22/11/2024,09:42:12,23656.1,23656.8,150,23663.8,275,75,2209525
NIFTY-II.NFO,22/11/2024,09:42:14,23656.1,23657.05,100,23662.95,25,0,2209525
NIFTY-II.NFO,22/11/2024,09:42:15,23658.9,23659,75,23665.3,75,25,2209525
NIFTY-II.NFO,22/11/2024,09:42:17,23658.9,23655.65,25,23660.7,200,0,2209525
NIFTY-II.NFO,22/11/2024,09:42:19,23660.9,23655.25,25,23660.95,25,100,2209525
NIFTY-II.NFO,22/11/2024,09:42:20,23660.9,23655.95,25,23658.9,25,0,2209525
NIFTY-II.NFO,22/11/2024,09:42:22,23660,23655.45,25,23660,50,275,2209525
NIFTY-II.NFO,22/11/2024,09:42:24,23660,23655.2,25,23660.75,250,100,2209525
NIFTY-II.NFO,22/11/2024,09:42:25,23655.2,23655.2,25,23660.7,200,50,2209525
NIFTY-II.NFO,22/11/2024,09:42:27,23654.55,23653.15,75,23657.8,25,50,2209525
NIFTY-II.NFO,22/11/2024,09:42:29,23657.05,23651.7,25,23657.55,200,25,2209525
NIFTY-II.NFO,22/11/2024,09:42:30,23649.15,23650,1200,23654.9,275,525,2209525
NIFTY-II.NFO,22/11/2024,09:42:32,23650,23648.95,25,23651.65,75,1200,2209525
NIFTY-II.NFO,22/11/2024,09:42:34,23650,23650.05,25,23651.65,75,0,2209525
NIFTY-II.NFO,22/11/2024,09:42:35,23651.7,23650,150,23656.1,50,200,2209525
NIFTY-II.NFO,22/11/2024,09:42:37,23650,23650,125,23654.7,75,150,2209525
NIFTY-II.NFO,22/11/2024,09:42:39,23650,23650,25,23650.05,100,100,2213825
NIFTY-II.NFO,22/11/2024,09:42:40,23650,23646.85,25,23650,50,100,2213825
NIFTY-II.NFO,22/11/2024,09:42:42,23650,23646.75,125,23650.05,75,0,2213825
NIFTY-II.NFO,22/11/2024,09:42:44,23650.05,23648.45,50,23651.7,50,225,2213825
NIFTY-II.NFO,22/11/2024,09:42:45,23649.1,23647.55,25,23651.7,50,50,2213825
NIFTY-II.NFO,22/11/2024,09:42:47,23647.55,23647.35,25,23651.7,50,25,2213825
NIFTY-II.NFO,22/11/2024,09:42:49,23651.7,23650,25,23653.95,200,50,2213825
NIFTY-II.NFO,22/11/2024,09:42:50,23651.7,23650,25,23652.9,50,0,2213825
NIFTY-II.NFO,22/11/2024,09:42:52,23650,23649.55,50,23655.6,50,50,2213825
NIFTY-II.NFO,22/11/2024,09:42:54,23650.35,23651.1,250,23656.95,25,25,2213825
NIFTY-II.NFO,22/11/2024,09:42:55,23649.25,23649.25,25,23655.9,200,50,2213825
NIFTY-II.NFO,22/11/2024,09:42:57,23657.55,23651.75,25,23658,200,25,2213825
NIFTY-II.NFO,22/11/2024,09:42:59,23651.75,23651.75,25,23654.95,200,75,2213825
NIFTY-II.NFO,22/11/2024,09:43:00,23649.25,23648,400,23654.1,75,75,2213825
NIFTY-II.NFO,22/11/2024,09:43:02,23651.3,23651.75,300,23655,25,50,2213825
NIFTY-II.NFO,22/11/2024,09:43:04,23650,23650,475,23654.65,250,25,2213825
NIFTY-II.NFO,22/11/2024,09:43:05,23650,23650,475,23655,25,0,2213825
NIFTY-II.NFO,22/11/2024,09:43:07,23650,23650,400,23654.1,250,75,2213825
NIFTY-II.NFO,22/11/2024,09:43:09,23643.4,23640,25,23644.85,200,775,2213825
NIFTY-II.NFO,22/11/2024,09:43:10,23644.55,23640.15,100,23646.4,200,100,2213825
NIFTY-II.NFO,22/11/2024,09:43:12,23644.55,23643.2,100,23649.4,75,0,2213825
NIFTY-II.NFO,22/11/2024,09:43:14,23646.65,23645.05,25,23649.95,75,100,2213825
NIFTY-II.NFO,22/11/2024,09:43:15,23643.8,23642.25,50,23649,200,125,2213825
NIFTY-II.NFO,22/11/2024,09:43:17,23643.1,23644.55,25,23649.85,200,75,2213825
NIFTY-II.NFO,22/11/2024,09:43:19,23644.55,23643.85,250,23649.2,50,50,2213825
NIFTY-II.NFO,22/11/2024,09:43:20,23642.65,23641.15,250,23642.95,75,50,2213825
NIFTY-II.NFO,22/11/2024,09:43:22,23642.1,23640.75,125,23646.65,75,400,2213825
NIFTY-II.NFO,22/11/2024,09:43:24,23637.05,23635.9,125,23641.95,200,25,2213825
NIFTY-II.NFO,22/11/2024,09:43:25,23639.7,23641.95,25,23642.7,75,350,2213825
NIFTY-II.NFO,22/11/2024,09:43:27,23642.65,23640,500,23642.65,50,50,2213825
NIFTY-II.NFO,22/11/2024,09:43:29,23642.7,23643.5,125,23649,25,125,2213825
NIFTY-II.NFO,22/11/2024,09:43:30,23642.7,23642.8,250,23648.3,50,0,2213825
NIFTY-II.NFO,22/11/2024,09:43:32,23642.8,23642.3,25,23647.65,75,100,2213825
NIFTY-II.NFO,22/11/2024,09:43:34,23650,23648.6,250,23650,200,225,2213825
NIFTY-II.NFO,22/11/2024,09:43:35,23650.05,23646.25,25,23651.3,25,225,2213825
NIFTY-II.NFO,22/11/2024,09:43:37,23650.05,23649.4,250,23651.3,25,0,2213825
NIFTY-II.NFO,22/11/2024,09:43:39,23647.1,23648.9,50,23651.3,25,500,2213825
NIFTY-II.NFO,22/11/2024,09:43:41,23654.85,23650,25,23653.35,275,50,2213825
NIFTY-II.NFO,22/11/2024,09:43:42,23654.85,23650,25,23652.05,200,0,2213825
NIFTY-II.NFO,22/11/2024,09:43:44,23654.85,23650,25,23652.6,200,0,2213825
NIFTY-II.NFO,22/11/2024,09:43:46,23654.85,23650,25,23652,200,0,2213825
NIFTY-II.NFO,22/11/2024,09:43:47,23650.9,23642.9,25,23648.9,200,50,2213825
NIFTY-II.NFO,22/11/2024,09:43:49,23650.9,23644.8,25,23651.15,75,0,2213825
NIFTY-II.NFO,22/11/2024,09:43:51,23651.05,23650,25,23651.05,50,25,2213825
NIFTY-II.NFO,22/11/2024,09:43:52,23650,23642.8,25,23649.4,200,25,2213825
NIFTY-II.NFO,22/11/2024,09:43:54,23643.6,23643,25,23649,75,25,2213825
NIFTY-II.NFO,22/11/2024,09:43:56,23643.6,23644.25,25,23650,25,0,2213825
NIFTY-II.NFO,22/11/2024,09:43:57,23643.6,23642.85,50,23649.25,75,25,2213825
NIFTY-II.NFO,22/11/2024,09:43:59,23643.6,23642.05,25,23645.85,75,0,2213825
NIFTY-II.NFO,22/11/2024,09:44:01,23643.6,23646,25,23648.2,275,0,2213825
NIFTY-II.NFO,22/11/2024,09:44:02,23648.45,23643,225,23647.85,325,300,2213825
NIFTY-II.NFO,22/11/2024,09:44:04,23643.1,23644.15,150,23650,25,50,2213825
NIFTY-II.NFO,22/11/2024,09:44:06,23650,23646.7,150,23653.6,200,25,2213825
NIFTY-II.NFO,22/11/2024,09:44:07,23646.95,23647.05,125,23654.15,275,75,2213825
NIFTY-II.NFO,22/11/2024,09:44:09,23644,23644.05,25,23649.85,75,75,2213825
NIFTY-II.NFO,22/11/2024,09:44:11,23650.1,23644,475,23646.7,250,50,2213825
NIFTY-II.NFO,22/11/2024,09:44:12,23644,23644,25,23645.2,50,750,2213825
NIFTY-II.NFO,22/11/2024,09:44:14,23643,23643,75,23645.5,50,200,2213825
NIFTY-II.NFO,22/11/2024,09:44:16,23643,23646.1,25,23647.2,75,0,2213825
NIFTY-II.NFO,22/11/2024,09:44:17,23646.1,23643,75,23644.7,75,25,2213825
NIFTY-II.NFO,22/11/2024,09:44:19,23645.25,23643,150,23644.75,75,50,2213825
NIFTY-II.NFO,22/11/2024,09:44:21,23640,23640,500,23641.15,50,325,2213825
NIFTY-II.NFO,22/11/2024,09:44:22,23635.35,23635.35,400,23638.95,75,625,2213825
NIFTY-II.NFO,22/11/2024,09:44:24,23640.4,23635.35,400,23638.7,75,25,2213825
NIFTY-II.NFO,22/11/2024,09:44:26,23635.35,23635.35,300,23640.8,50,100,2213825
NIFTY-II.NFO,22/11/2024,09:44:27,23635.35,23635.35,300,23639.15,75,0,2213825
NIFTY-II.NFO,22/11/2024,09:44:29,23641.9,23635.35,300,23640,50,500,2213825
NIFTY-II.NFO,22/11/2024,09:44:31,23640,23637.7,200,23640,25,25,2213825
NIFTY-II.NFO,22/11/2024,09:44:32,23640,23636.6,200,23640,25,0,2213825
NIFTY-II.NFO,22/11/2024,09:44:34,23636.6,23638.9,200,23644.45,25,75,2213825
NIFTY-II.NFO,22/11/2024,09:44:36,23639.15,23641.75,25,23644.95,75,125,2213825
NIFTY-II.NFO,22/11/2024,09:44:37,23640.05,23640.55,100,23644.95,75,150,2213825
NIFTY-II.NFO,22/11/2024,09:44:39,23644.95,23643.55,100,23645,50,100,2213825
NIFTY-II.NFO,22/11/2024,09:44:41,23640.3,23639.05,75,23644.95,75,50,2213825
NIFTY-II.NFO,22/11/2024,09:44:42,23645,23643.6,75,23646,25,50,2213825
NIFTY-II.NFO,22/11/2024,09:44:44,23640.65,23640.65,50,23646,25,25,2213825
NIFTY-II.NFO,22/11/2024,09:44:46,23640.65,23642.6,50,23646,100,0,2213825
NIFTY-II.NFO,22/11/2024,09:44:47,23639.95,23639.95,25,23642.6,25,25,2213825
NIFTY-II.NFO,22/11/2024,09:44:49,23639.95,23640.6,125,23646,25,25,2213825
NIFTY-II.NFO,22/11/2024,09:44:51,23639.95,23643.7,225,23646,25,0,2213825
NIFTY-II.NFO,22/11/2024,09:44:52,23646.9,23647.05,25,23649.95,75,75,2213825
NIFTY-II.NFO,22/11/2024,09:44:54,23647.25,23645.05,25,23649.95,75,25,2213825
NIFTY-II.NFO,22/11/2024,09:44:55,23644.95,23640.65,75,23644.95,50,75,2213825
NIFTY-II.NFO,22/11/2024,09:44:57,23644.8,23639.95,100,23643.45,50,400,2213825
NIFTY-II.NFO,22/11/2024,09:44:59,23644.8,23639.95,100,23640.8,25,0,2213825
NIFTY-II.NFO,22/11/2024,09:45:00,23636.4,23636.4,200,23638.95,200,200,2213825
NIFTY-II.NFO,22/11/2024,09:45:02,23636.4,23631.05,175,23636.25,50,350,2213825
NIFTY-II.NFO,22/11/2024,09:45:04,23631,23630,925,23631.05,25,250,2213825
NIFTY-II.NFO,22/11/2024,09:45:05,23630,23630,600,23632.45,25,325,2213825
NIFTY-II.NFO,22/11/2024,09:45:07,23630,23631.9,225,23638.3,125,250,2213825
NIFTY-II.NFO,22/11/2024,09:45:09,23630,23630,500,23635.15,50,0,2213825
NIFTY-II.NFO,22/11/2024,09:45:10,23630,23632.9,200,23639.3,25,0,2213825
NIFTY-II.NFO,22/11/2024,09:45:12,23630,23637.9,200,23645.85,125,0,2213825
NIFTY-II.NFO,22/11/2024,09:45:14,23639.15,23637.15,200,23644,150,25,2213825
NIFTY-II.NFO,22/11/2024,09:45:15,23635.5,23633.85,175,23640.6,25,75,2213825
NIFTY-II.NFO,22/11/2024,09:45:17,23636.1,23636.1,125,23642.85,200,75,2213825
NIFTY-II.NFO,22/11/2024,09:45:19,23638.35,23637.65,125,23640.6,25,25,2213825
NIFTY-II.NFO,22/11/2024,09:45:20,23638.85,23638.9,25,23646.1,50,625,2213825
NIFTY-II.NFO,22/11/2024,09:45:22,23639.75,23640.05,50,23647.1,50,125,2213825
NIFTY-II.NFO,22/11/2024,09:45:24,23639.75,23640,475,23645.6,50,0,2213825
NIFTY-II.NFO,22/11/2024,09:45:25,23640,23640,450,23641.75,25,25,2213825
NIFTY-II.NFO,22/11/2024,09:45:27,23640,23640,400,23643.25,25,50,2213825
NIFTY-II.NFO,22/11/2024,09:45:29,23640,23640,400,23644.25,25,0,2213825
NIFTY-II.NFO,22/11/2024,09:45:30,23644.25,23640,400,23642.25,300,25,2213825
NIFTY-II.NFO,22/11/2024,09:45:32,23640,23640,375,23644.95,200,25,2213825
NIFTY-II.NFO,22/11/2024,09:45:34,23640,23640.15,25,23646.85,50,0,2213825
NIFTY-II.NFO,22/11/2024,09:45:35,23640,23640.55,75,23647.95,25,0,2213825
NIFTY-II.NFO,22/11/2024,09:45:37,23647.95,23641.55,25,23645,25,75,2213825
NIFTY-II.NFO,22/11/2024,09:45:39,23647.95,23642.2,25,23645,25,0,2213825
NIFTY-II.NFO,22/11/2024,09:45:40,23647.95,23641.05,50,23644.9,75,0,2213825
NIFTY-II.NFO,22/11/2024,09:45:42,23647.95,23643,200,23645,25,0,2213825
NIFTY-II.NFO,22/11/2024,09:45:44,23643,23643.2,25,23645,25,50,2215900
NIFTY-II.NFO,22/11/2024,09:45:45,23645,23644.6,25,23647.95,25,25,2215900
NIFTY-II.NFO,22/11/2024,09:45:47,23647.95,23647.65,25,23649.95,75,25,2215900
NIFTY-II.NFO,22/11/2024,09:45:49,23647.95,23646.8,25,23649.85,75,0,2215900
NIFTY-II.NFO,22/11/2024,09:45:50,23650,23649.5,250,23650,2075,75,2215900
NIFTY-II.NFO,22/11/2024,09:45:52,23650,23648.9,125,23650,2075,0,2215900
NIFTY-II.NFO,22/11/2024,09:45:54,23650,23648.2,175,23650,1625,525,2215900
NIFTY-II.NFO,22/11/2024,09:45:55,23650,23648.65,250,23650,550,1275,2215900
NIFTY-II.NFO,22/11/2024,09:45:57,23650,23647.8,375,23649.95,50,50,2215900
NIFTY-II.NFO,22/11/2024,09:45:59,23650,23648.45,175,23650,425,150,2215900
NIFTY-II.NFO,22/11/2024,09:46:01,23650,23647.15,25,23650,425,0,2215900
NIFTY-II.NFO,22/11/2024,09:46:02,23650,23649.55,150,23650,375,50,2215900
NIFTY-II.NFO,22/11/2024,09:46:04,23652.75,23653.25,25,23658,25,475,2215900
NIFTY-II.NFO,22/11/2024,09:46:06,23652.75,23652.6,25,23658,25,0,2215900
NIFTY-II.NFO,22/11/2024,09:46:07,23658,23652.25,25,23658.7,200,50,2215900
NIFTY-II.NFO,22/11/2024,09:46:09,23652.2,23651.35,200,23657.05,25,275,2215900
NIFTY-II.NFO,22/11/2024,09:46:11,23653.3,23652.75,25,23659.1,200,50,2215900
NIFTY-II.NFO,22/11/2024,09:46:12,23653.3,23651.5,200,23658.5,200,0,2215900
NIFTY-II.NFO,22/11/2024,09:46:14,23651.3,23652.25,300,23657.95,175,50,2215900
NIFTY-II.NFO,22/11/2024,09:46:16,23651.3,23652.6,25,23658,25,0,2215900
NIFTY-II.NFO,22/11/2024,09:46:17,23658,23652.05,200,23659.4,175,300,2215900
NIFTY-II.NFO,22/11/2024,09:46:19,23658,23652.6,25,23659.2,175,0,2215900
NIFTY-II.NFO,22/11/2024,09:46:21,23658,23652,50,23657.85,225,75,2215900
NIFTY-II.NFO,22/11/2024,09:46:22,23650.05,23650,50,23653.85,225,100,2215900
NIFTY-II.NFO,22/11/2024,09:46:24,23646.75,23647.65,25,23654.5,175,150,2215900
NIFTY-II.NFO,22/11/2024,09:46:26,23646.75,23649.4,25,23650.05,25,0,2215900
NIFTY-II.NFO,22/11/2024,09:46:27,23654.6,23650.05,50,23653.9,125,550,2215900
NIFTY-II.NFO,22/11/2024,09:46:29,23654.6,23650.05,50,23653.5,125,0,2215900
NIFTY-II.NFO,22/11/2024,09:46:31,23650.05,23650.05,25,23653.95,75,25,2215900
NIFTY-II.NFO,22/11/2024,09:46:32,23656.4,23650.75,200,23657.15,100,25,2215900
NIFTY-II.NFO,22/11/2024,09:46:34,23655,23651.05,50,23657.35,50,100,2215900
NIFTY-II.NFO,22/11/2024,09:46:36,23654.6,23650.25,150,23655.2,125,25,2215900
NIFTY-II.NFO,22/11/2024,09:46:37,23654.6,23650.25,150,23656.8,50,0,2215900
NIFTY-II.NFO,22/11/2024,09:46:39,23654.6,23651.85,25,23657.75,50,0,2215900
NIFTY-II.NFO,22/11/2024,09:46:41,23656,23654.6,450,23658.45,50,75,2215900
NIFTY-II.NFO,22/11/2024,09:46:42,23654.6,23650.25,150,23654.6,25,450,2215900
NIFTY-II.NFO,22/11/2024,09:46:44,23650.25,23650.25,100,23655.6,125,75,2215900
NIFTY-II.NFO,22/11/2024,09:46:46,23650.25,23650.25,75,23651.95,125,25,2215900
NIFTY-II.NFO,22/11/2024,09:46:47,23650.25,23650.05,25,23652.65,50,75,2215900
NIFTY-II.NFO,22/11/2024,09:46:49,23650.25,23650.05,25,23653.05,25,0,2215900
NIFTY-II.NFO,22/11/2024,09:46:51,23652.8,23650.05,25,23653.05,25,50,2215900
NIFTY-II.NFO,22/11/2024,09:46:52,23645,23645,25,23650.05,75,400,2215900
NIFTY-II.NFO,22/11/2024,09:46:54,23645,23645,25,23650.6,125,0,2215900
NIFTY-II.NFO,22/11/2024,09:46:56,23645,23645,25,23650.15,75,0,2215900
NIFTY-II.NFO,22/11/2024,09:46:57,23645,23645,25,23647.65,75,0,2215900
NIFTY-II.NFO,22/11/2024,09:46:59,23645,23642,75,23645.25,25,25,2215900
NIFTY-II.NFO,22/11/2024,09:47:01,23645,23642,75,23647.85,75,0,2215900
NIFTY-II.NFO,22/11/2024,09:47:02,23641,23641,225,23642.05,25,125,2215900
NIFTY-II.NFO,22/11/2024,09:47:04,23632.25,23630.1,200,23632.65,25,925,2215900
NIFTY-II.NFO,22/11/2024,09:47:06,23630.9,23630.05,200,23632.6,25,125,2215900
NIFTY-II.NFO,22/11/2024,09:47:07,23630.9,23630.7,200,23632.6,25,0,2215900
NIFTY-II.NFO,22/11/2024,09:47:09,23630.9,23630,950,23635.15,25,0,2215900
NIFTY-II.NFO,22/11/2024,09:47:11,23630.05,23631.7,200,23632.25,75,100,2215900
NIFTY-II.NFO,22/11/2024,09:47:12,23631.05,23630.9,25,23635.7,75,200,2215900
NIFTY-II.NFO,22/11/2024,09:47:14,23630.9,23630,950,23634.35,75,25,2215900
NIFTY-II.NFO,22/11/2024,09:47:16,23630.9,23630,975,23633.7,50,0,2215900
NIFTY-II.NFO,22/11/2024,09:47:17,23630,23630,975,23634.7,75,50,2215900
NIFTY-II.NFO,22/11/2024,09:47:19,23630,23630,975,23630.85,75,0,2215900
NIFTY-II.NFO,22/11/2024,09:47:21,23630,23630,1950,23630.85,75,25,2215900
NIFTY-II.NFO,22/11/2024,09:47:22,23630,23630,1450,23630.85,50,525,2215900
NIFTY-II.NFO,22/11/2024,09:47:24,23630,23630,1300,23630.85,50,150,2215900
NIFTY-II.NFO,22/11/2024,09:47:26,23630.85,23630.1,25,23630.9,50,50,2215900
NIFTY-II.NFO,22/11/2024,09:47:27,23630.85,23630.1,25,23630.9,50,0,2215900
NIFTY-II.NFO,22/11/2024,09:47:29,23630.1,23630.05,200,23630.9,50,25,2215900
NIFTY-II.NFO,22/11/2024,09:47:31,23630.9,23630,1100,23630.05,25,250,2215900
NIFTY-II.NFO,22/11/2024,09:47:32,23630,23630,1075,23630.8,75,50,2215900
NIFTY-II.NFO,22/11/2024,09:47:34,23629,23626.45,200,23630.8,75,1125,2215900
NIFTY-II.NFO,22/11/2024,09:47:36,23629,23626.1,50,23630.8,75,0,2215900
NIFTY-II.NFO,22/11/2024,09:47:37,23621,23621,475,23623.15,150,475,2215900
NIFTY-II.NFO,22/11/2024,09:47:39,23620.8,23620,150,23623.6,25,525,2215900
NIFTY-II.NFO,22/11/2024,09:47:41,23625.65,23620,150,23622.15,150,25,2215900
NIFTY-II.NFO,22/11/2024,09:47:42,23616,23616,150,23618.6,75,400,2215900
NIFTY-II.NFO,22/11/2024,09:47:44,23616.3,23611.6,50,23615,25,275,2215900
NIFTY-II.NFO,22/11/2024,09:47:46,23619.9,23617.95,200,23624.45,25,275,2215900
NIFTY-II.NFO,22/11/2024,09:47:47,23621,23616.9,50,23622.65,75,100,2215900
NIFTY-II.NFO,22/11/2024,09:47:49,23618.65,23616.8,150,23622.95,25,325,2215900
NIFTY-II.NFO,22/11/2024,09:47:51,23618,23614.3,150,23620.55,75,25,2215900
NIFTY-II.NFO,22/11/2024,09:47:52,23616.05,23616.55,75,23619.9,25,525,2215900
NIFTY-II.NFO,22/11/2024,09:47:54,23616.8,23617.85,50,23624.85,75,100,2215900
NIFTY-II.NFO,22/11/2024,09:47:56,23617.5,23617.75,50,23624.8,200,75,2215900
NIFTY-II.NFO,22/11/2024,09:47:57,23620,23620,925,23625.2,75,75,2215900
NIFTY-II.NFO,22/11/2024,09:47:59,23620,23620,900,23624.85,200,25,2215900
NIFTY-II.NFO,22/11/2024,09:48:01,23620,23620,875,23624,50,25,2215900
NIFTY-II.NFO,22/11/2024,09:48:02,23620,23620,875,23624.2,275,25,2215900
NIFTY-II.NFO,22/11/2024,09:48:04,23620,23620,800,23624.95,25,125,2215900
NIFTY-II.NFO,22/11/2024,09:48:06,23620,23627.35,125,23628.35,75,0,2215900
NIFTY-II.NFO,22/11/2024,09:48:07,23625.5,23625.55,25,23628.35,75,400,2215900
NIFTY-II.NFO,22/11/2024,09:48:09,23624.3,23624.45,225,23629.45,50,175,2215900
NIFTY-II.NFO,22/11/2024,09:48:11,23627.9,23626.75,50,23629.45,50,25,2215900
NIFTY-II.NFO,22/11/2024,09:48:12,23627.9,23627.7,25,23629.45,50,0,2215900
NIFTY-II.NFO,22/11/2024,09:48:14,23629.45,23628.75,125,23629.95,75,75,2215900
NIFTY-II.NFO,22/11/2024,09:48:16,23636,23635.9,75,23636,575,350,2215900
NIFTY-II.NFO,22/11/2024,09:48:17,23636.55,23632.3,125,23638.85,75,600,2215900
NIFTY-II.NFO,22/11/2024,09:48:19,23631.5,23630.25,50,23637.4,75,300,2215900
NIFTY-II.NFO,22/11/2024,09:48:21,23631.5,23633.85,50,23639.4,75,0,2215900
NIFTY-II.NFO,22/11/2024,09:48:22,23633.8,23632,200,23638.4,200,150,2215900
NIFTY-II.NFO,22/11/2024,09:48:24,23635,23635,725,23637.6,75,900,2215900
NIFTY-II.NFO,22/11/2024,09:48:26,23635,23635,675,23639.4,75,50,2215900
NIFTY-II.NFO,22/11/2024,09:48:27,23638.9,23635.05,25,23639.4,75,50,2215900
NIFTY-II.NFO,22/11/2024,09:48:29,23635.05,23635.1,25,23639.4,200,300,2215900
NIFTY-II.NFO,22/11/2024,09:48:31,23635.05,23635.1,675,23639.4,75,0,2215900
NIFTY-II.NFO,22/11/2024,09:48:32,23639.4,23635.2,650,23638.75,200,175,2215900
NIFTY-II.NFO,22/11/2024,09:48:34,23637.3,23634.9,50,23637.95,275,725,2215900
NIFTY-II.NFO,22/11/2024,09:48:36,23633.8,23630,425,23633.2,200,100,2215900
NIFTY-II.NFO,22/11/2024,09:48:37,23632.5,23630,400,23632.45,175,100,2215900
NIFTY-II.NFO,22/11/2024,09:48:39,23632.5,23630,400,23633.25,175,0,2215900
NIFTY-II.NFO,22/11/2024,09:48:41,23630,23630,350,23633.25,75,75,2220300
NIFTY-II.NFO,22/11/2024,09:48:42,23633.25,23630.05,25,23633.8,75,75,2220300
NIFTY-II.NFO,22/11/2024,09:48:44,23630,23630,250,23633.85,4400,250,2220300
NIFTY-II.NFO,22/11/2024,09:48:46,23630,23630,200,23633.4,175,50,2220300
NIFTY-II.NFO,22/11/2024,09:48:47,23630,23630,150,23633.7,75,50,2220300
NIFTY-II.NFO,22/11/2024,09:48:49,23633.8,23630,100,23633.8,50,75,2220300
NIFTY-II.NFO,22/11/2024,09:48:51,23630,23630,50,23631.8,250,50,2220300
NIFTY-II.NFO,22/11/2024,09:48:52,23628.5,23628.5,225,23632.35,250,575,2220300
NIFTY-II.NFO,22/11/2024,09:48:54,23628.5,23628.5,175,23633.75,50,175,2220300
NIFTY-II.NFO,22/11/2024,09:48:56,23630,23628.5,125,23631.7,50,75,2220300
NIFTY-II.NFO,22/11/2024,09:48:57,23632.3,23628.5,100,23632.25,50,100,2220300
NIFTY-II.NFO,22/11/2024,09:48:59,23630,23628.5,50,23632.2,75,75,2220300
NIFTY-II.NFO,22/11/2024,09:49:01,23628.5,23625,25,23630.2,25,50,2220300
NIFTY-II.NFO,22/11/2024,09:49:02,23628.5,23625,25,23628.45,75,0,2220300
NIFTY-II.NFO,22/11/2024,09:49:06,23628.45,23625,25,23628.45,25,50,2220300
NIFTY-II.NFO,22/11/2024,09:49:07,23625,23624.3,125,23628.45,75,25,2220300
NIFTY-II.NFO,22/11/2024,09:49:09,23625.55,23625.55,25,23628.45,75,50,2220300
NIFTY-II.NFO,22/11/2024,09:49:11,23629.3,23624.3,100,23629.15,75,150,2220300
NIFTY-II.NFO,22/11/2024,09:49:12,23624.35,23624.35,200,23629.95,75,25,2220300
NIFTY-II.NFO,22/11/2024,09:49:14,23624.35,23624.3,100,23625,25,0,2220300
NIFTY-II.NFO,22/11/2024,09:49:16,23628,23628.45,100,23629.3,25,150,2220300
NIFTY-II.NFO,22/11/2024,09:49:17,23624.3,23624.3,50,23629.3,25,175,2220300
NIFTY-II.NFO,22/11/2024,09:49:19,23629.45,23625.45,200,23631.2,75,100,2220300
NIFTY-II.NFO,22/11/2024,09:49:21,23629.1,23623,250,23627.85,175,100,2220300
NIFTY-II.NFO,22/11/2024,09:49:22,23623,23623,200,23627.7,100,50,2220300
NIFTY-II.NFO,22/11/2024,09:49:24,23623,23623,125,23624.25,75,75,2220300
NIFTY-II.NFO,22/11/2024,09:49:26,23622.25,23622.2,25,23624.25,75,200,2220300
NIFTY-II.NFO,22/11/2024,09:49:27,23621,23621,600,23624.25,75,175,2220300
NIFTY-II.NFO,22/11/2024,09:49:29,23621,23621.05,200,23624.25,75,0,2220300
NIFTY-II.NFO,22/11/2024,09:49:31,23621,23621,575,23623.75,250,50,2220300
NIFTY-II.NFO,22/11/2024,09:49:32,23621,23621,450,23623.2,175,150,2220300
NIFTY-II.NFO,22/11/2024,09:49:34,23621,23621,425,23623.85,75,25,2220300
NIFTY-II.NFO,22/11/2024,09:49:36,23621,23621,400,23623.35,75,125,2220300
NIFTY-II.NFO,22/11/2024,09:49:37,23621,23621,225,23623.15,75,175,2220300
NIFTY-II.NFO,22/11/2024,09:49:39,23621,23621,100,23622.05,75,125,2220300
NIFTY-II.NFO,22/11/2024,09:49:41,23616,23611.5,25,23615.9,75,1325,2220300
NIFTY-II.NFO,22/11/2024,09:49:42,23611.5,23611,200,23614.5,25,50,2220300
NIFTY-II.NFO,22/11/2024,09:49:44,23611.5,23611,200,23614.65,25,0,2220300
NIFTY-II.NFO,22/11/2024,09:49:46,23613.3,23611.5,25,23613.95,75,575,2220300
NIFTY-II.NFO,22/11/2024,09:49:47,23611,23611,50,23611.6,75,375,2220300
NIFTY-II.NFO,22/11/2024,09:49:49,23611,23611,25,23614.95,75,25,2220300
NIFTY-II.NFO,22/11/2024,09:49:51,23614.2,23611.5,25,23613.2,25,25,2220300
NIFTY-II.NFO,22/11/2024,09:49:52,23612.85,23611.5,25,23613.2,25,50,2220300
NIFTY-II.NFO,22/11/2024,09:49:54,23614.2,23614.35,200,23620.2,25,250,2220300
NIFTY-II.NFO,22/11/2024,09:49:56,23614.2,23614.45,200,23621,100,0,2220300
NIFTY-II.NFO,22/11/2024,09:49:57,23617.6,23611.05,200,23617.5,75,75,2220300
NIFTY-II.NFO,22/11/2024,09:49:59,23612.65,23615.05,200,23619.05,25,225,2220300
NIFTY-II.NFO,22/11/2024,09:50:01,23621,23620.1,75,23622.4,25,375,2220300
NIFTY-II.NFO,22/11/2024,09:50:02,23622.35,23620.1,25,23622.35,25,125,2220300
NIFTY-II.NFO,22/11/2024,09:50:04,23620.85,23620.1,25,23620.85,25,50,2220300
NIFTY-II.NFO,22/11/2024,09:50:06,23622.35,23620.1,25,23622.4,25,125,2220300
NIFTY-II.NFO,22/11/2024,09:50:07,23620.1,23620.05,475,23620.1,25,25,2220300
