Ticker,Date,Time,LTP,BuyPrice,BuyQty,SellPrice,SellQty,LTQ,OpenInterest
BANKNIFTY-III.NFO,28/11/2024,09:16:00,53254.15,53212.85,120,53272.25,30,90,0
BANKNIFTY-III.NFO,28/11/2024,09:16:00,53254.15,53212.85,120,53272.25,30,0,0
BANKNIFTY-III.NFO,28/11/2024,09:16:00,53254.15,53212.85,120,53272.25,30,0,0
BANKNIFTY-III.NFO,28/11/2024,09:16:00,53254.15,53212.85,120,53272.25,30,0,0
BANKNIFTY-III.NFO,28/11/2024,09:16:01,53254.15,53214.65,120,53269.05,30,0,0
BANKNIFTY-III.NFO,28/11/2024,09:16:03,53254.15,53208.65,120,53261.55,30,0,0
BANKNIFTY-III.NFO,28/11/2024,09:16:05,53254.15,53210.75,120,53258.65,30,0,0
BANKNIFTY-III.NFO,28/11/2024,09:16:06,53258.45,53220.35,120,53327.2,60,30,0
BANKNIFTY-III.NFO,28/11/2024,09:16:06,53258.45,53220.35,120,53327.2,60,0,0
BANKNIFTY-III.NFO,28/11/2024,09:16:08,53258.45,53230.35,120,53327.2,60,0,0
BANKNIFTY-III.NFO,28/11/2024,09:16:10,53258.45,53240.35,120,53327.2,60,0,0
BANKNIFTY-III.NFO,28/11/2024,09:16:11,53258.45,53245.35,120,53327.2,60,0,0
BANKNIFTY-III.NFO,28/11/2024,09:16:13,53258.45,53255.35,120,53327.2,60,0,0
BANKNIFTY-III.NFO,28/11/2024,09:16:14,53258.45,53260.35,120,53327.2,60,0,0
BANKNIFTY-III.NFO,28/11/2024,09:16:16,53258.45,53270.25,180,53327.2,60,0,0
BANKNIFTY-III.NFO,28/11/2024,09:16:17,53258.45,53272.25,120,53327.2,60,0,0
BANKNIFTY-III.NFO,28/11/2024,09:16:19,53258.45,53273.25,120,53327.2,60,0,0
BANKNIFTY-III.NFO,28/11/2024,09:16:20,53258.45,53282.3,120,53343.95,60,0,0
BANKNIFTY-III.NFO,28/11/2024,09:16:22,53258.45,53286.4,120,53343.95,60,0,0
BANKNIFTY-III.NFO,28/11/2024,09:16:23,53258.45,53268.5,120,53343.95,60,0,0
BANKNIFTY-III.NFO,28/11/2024,09:16:25,53258.45,53278.5,120,53343.95,60,0,0
BANKNIFTY-III.NFO,28/11/2024,09:16:26,53258.45,53278.5,150,53300,30,0,0
BANKNIFTY-III.NFO,28/11/2024,09:16:38,53258.45,53275.25,120,53300,30,0,0
BANKNIFTY-III.NFO,28/11/2024,09:16:47,53258.45,53275.25,120,53300,60,0,0
BANKNIFTY-III.NFO,28/11/2024,09:16:50,53258.45,53270.75,120,53300,30,0,0
BANKNIFTY-III.NFO,28/11/2024,09:16:55,53258.45,53267.45,120,53299.95,60,0,0
BANKNIFTY-III.NFO,28/11/2024,09:16:56,53258.45,53216.15,120,53299.95,60,0,0
BANKNIFTY-III.NFO,28/11/2024,09:16:58,53258.45,53226.15,120,53299.95,60,0,0
BANKNIFTY-III.NFO,28/11/2024,09:16:59,53258.45,53231.15,120,53299.95,60,0,0
BANKNIFTY-III.NFO,28/11/2024,09:17:01,53258.45,53235.25,120,53298.95,60,0,0
BANKNIFTY-III.NFO,28/11/2024,09:17:05,53258.45,53258.45,30,53298.95,60,0,0
BANKNIFTY-III.NFO,28/11/2024,09:17:08,53258.45,53275.05,120,53298.95,30,0,0
BANKNIFTY-III.NFO,28/11/2024,09:17:10,53258.45,53275.05,150,53298.95,30,0,0
BANKNIFTY-III.NFO,28/11/2024,09:17:11,53258.45,53275.05,150,53299,30,0,0
BANKNIFTY-III.NFO,28/11/2024,09:17:26,53258.45,53275.05,150,53299,60,0,0
BANKNIFTY-III.NFO,28/11/2024,09:17:38,53258.45,53275.05,150,53299,90,0,0
BANKNIFTY-III.NFO,28/11/2024,09:17:39,53258.45,53275.05,150,53299,60,0,0
BANKNIFTY-III.NFO,28/11/2024,09:17:41,53258.45,53275.05,150,53299,90,0,0
BANKNIFTY-III.NFO,28/11/2024,09:17:46,53258.45,53275.05,150,53299,60,0,0
BANKNIFTY-III.NFO,28/11/2024,09:17:57,53258.45,53275.05,150,53299,90,0,0
BANKNIFTY-III.NFO,28/11/2024,09:17:59,53258.45,53275.05,150,53298.95,60,0,0
BANKNIFTY-III.NFO,28/11/2024,09:18:00,53258.45,53275.05,150,53299,90,0,0
BANKNIFTY-III.NFO,28/11/2024,09:18:03,53258.45,53275.05,150,53299,60,0,0
BANKNIFTY-III.NFO,28/11/2024,09:18:09,53258.45,53276.35,180,53299,60,0,0
BANKNIFTY-III.NFO,28/11/2024,09:18:14,53258.45,53276.3,120,53299,60,0,0
BANKNIFTY-III.NFO,28/11/2024,09:18:24,53258.45,53276.25,30,53299,60,0,0
BANKNIFTY-III.NFO,28/11/2024,09:18:27,53258.45,53276.25,30,53298.95,90,0,0
BANKNIFTY-III.NFO,28/11/2024,09:18:29,53258.45,53276.25,30,53299,60,0,0
BANKNIFTY-III.NFO,28/11/2024,09:18:30,53258.45,53276.3,120,53299,60,0,0
BANKNIFTY-III.NFO,28/11/2024,09:18:36,53258.45,53278.05,180,53299,60,0,0
BANKNIFTY-III.NFO,28/11/2024,09:18:38,53258.45,53281.25,180,53299,60,0,0
BANKNIFTY-III.NFO,28/11/2024,09:18:39,53281.25,53281.25,120,53299,60,30,0
BANKNIFTY-III.NFO,28/11/2024,09:18:39,53281.25,53281.25,120,53299,60,0,0
BANKNIFTY-III.NFO,28/11/2024,09:18:41,53281.25,53281.1,120,53299,60,0,0
BANKNIFTY-III.NFO,28/11/2024,09:18:42,53299,53281.1,120,53299,30,30,0
BANKNIFTY-III.NFO,28/11/2024,09:18:42,53299,53281.1,120,53299,30,0,0
BANKNIFTY-III.NFO,28/11/2024,09:18:44,53299,53281.1,120,53299,30,0,0
BANKNIFTY-III.NFO,28/11/2024,09:18:48,53299,53285.75,120,53300,30,30,150
BANKNIFTY-III.NFO,28/11/2024,09:18:50,53300,53291.65,120,53321.8,30,30,150
BANKNIFTY-III.NFO,28/11/2024,09:18:50,53300,53291.65,120,53321.8,30,0,150
BANKNIFTY-III.NFO,28/11/2024,09:18:51,53300,53294.2,120,53327.15,30,0,150
BANKNIFTY-III.NFO,28/11/2024,09:18:53,53300,53301.55,120,53342.1,30,0,150
BANKNIFTY-III.NFO,28/11/2024,09:18:54,53300,53305.15,120,53340.7,30,0,150
BANKNIFTY-III.NFO,28/11/2024,09:18:56,53300,53309.95,120,53372.05,30,0,150
BANKNIFTY-III.NFO,28/11/2024,09:18:57,53300,53312.25,120,53369.35,30,0,150
BANKNIFTY-III.NFO,28/11/2024,09:18:59,53300,53317.05,120,53364.15,30,0,150
BANKNIFTY-III.NFO,28/11/2024,09:19:00,53300,53320.35,120,53362.45,30,0,150
BANKNIFTY-III.NFO,28/11/2024,09:19:02,53300,53326.25,120,53397.55,30,0,150
BANKNIFTY-III.NFO,28/11/2024,09:19:03,53300,53328.65,120,53394.95,30,0,150
BANKNIFTY-III.NFO,28/11/2024,09:19:05,53300,53333.35,120,53389.65,30,0,150
BANKNIFTY-III.NFO,28/11/2024,09:19:06,53300,53335.75,120,53387.05,30,0,150
BANKNIFTY-III.NFO,28/11/2024,09:19:08,53300,53342.95,120,53384.15,30,0,150
BANKNIFTY-III.NFO,28/11/2024,09:19:09,53300,53346.75,120,53399.15,30,0,150
BANKNIFTY-III.NFO,28/11/2024,09:19:11,53300,53352.15,120,53394.55,30,0,150
BANKNIFTY-III.NFO,28/11/2024,09:19:12,53300,53355.95,120,53393.35,30,0,150
BANKNIFTY-III.NFO,28/11/2024,09:19:14,53300,53340.75,120,53396.85,30,0,150
BANKNIFTY-III.NFO,28/11/2024,09:19:16,53300,53345.35,120,53391.45,30,0,150
BANKNIFTY-III.NFO,28/11/2024,09:19:19,53300,53352.45,120,53387.05,30,0,150
BANKNIFTY-III.NFO,28/11/2024,09:19:20,53300,53356.65,120,53396.85,30,0,150
BANKNIFTY-III.NFO,28/11/2024,09:19:22,53300,53358.75,120,53395.35,30,0,150
BANKNIFTY-III.NFO,28/11/2024,09:19:23,53300,53358.85,120,53394.15,30,0,150
BANKNIFTY-III.NFO,28/11/2024,09:19:25,53300,53344.05,120,53388.75,30,0,150
BANKNIFTY-III.NFO,28/11/2024,09:19:26,53300,53347.35,120,53387.05,30,0,150
BANKNIFTY-III.NFO,28/11/2024,09:19:28,53300,53353.75,120,53397.45,30,0,150
BANKNIFTY-III.NFO,28/11/2024,09:19:29,53300,53357.25,120,53395.95,30,0,150
BANKNIFTY-III.NFO,28/11/2024,09:19:31,53300,53363.45,120,53447.65,30,0,150
BANKNIFTY-III.NFO,28/11/2024,09:19:33,53365.75,53368.05,120,53442.25,60,30,150
BANKNIFTY-III.NFO,28/11/2024,09:19:33,53365.75,53368.05,120,53442.25,60,0,150
BANKNIFTY-III.NFO,28/11/2024,09:19:34,53365.75,53370.45,120,53439.65,60,0,150
BANKNIFTY-III.NFO,28/11/2024,09:19:36,53365.75,53375.25,120,53434.45,60,0,150
BANKNIFTY-III.NFO,28/11/2024,09:19:37,53365.75,53377.55,120,53431.75,60,0,150
BANKNIFTY-III.NFO,28/11/2024,09:19:39,53365.75,53379.75,120,53423.95,60,0,150
BANKNIFTY-III.NFO,28/11/2024,09:19:41,53365.75,53340.85,120,53416.25,60,0,150
BANKNIFTY-III.NFO,28/11/2024,09:19:42,53365.75,53343.25,120,53413.65,60,0,150
BANKNIFTY-III.NFO,28/11/2024,09:19:44,53365.75,53366.05,120,53408.45,60,0,150
BANKNIFTY-III.NFO,28/11/2024,09:19:45,53365.75,53368.55,120,53447.75,60,0,150
BANKNIFTY-III.NFO,28/11/2024,09:19:47,53365.75,53373.45,120,53442.65,60,0,150
BANKNIFTY-III.NFO,28/11/2024,09:19:49,53365.75,53377.35,120,53438.05,60,0,150
BANKNIFTY-III.NFO,28/11/2024,09:19:50,53365.75,53378.55,120,53432.75,60,0,150
BANKNIFTY-III.NFO,28/11/2024,09:19:52,53365.75,53369.45,120,53426.15,60,0,150
BANKNIFTY-III.NFO,28/11/2024,09:19:53,53365.75,53369.75,120,53421.45,60,0,150
BANKNIFTY-III.NFO,28/11/2024,09:19:55,53365.75,53370.05,120,53411.75,60,0,150
BANKNIFTY-III.NFO,28/11/2024,09:19:56,53365.75,53366.55,120,53407.25,60,0,150
BANKNIFTY-III.NFO,28/11/2024,09:19:58,53365.75,53366.55,120,53406.95,60,0,150
BANKNIFTY-III.NFO,28/11/2024,09:19:59,53365.75,53369.05,120,53447.85,60,0,150
BANKNIFTY-III.NFO,28/11/2024,09:20:01,53365.75,53373.85,120,53443,60,0,150
BANKNIFTY-III.NFO,28/11/2024,09:20:03,53365.75,53378.65,120,53437.8,60,0,150
BANKNIFTY-III.NFO,28/11/2024,09:20:07,53365.75,53386.85,120,53430,60,0,150
BANKNIFTY-III.NFO,28/11/2024,09:20:09,53365.75,53387.05,120,53429.25,60,0,150
BANKNIFTY-III.NFO,28/11/2024,09:20:10,53365.75,53387.05,120,53428.95,60,0,150
BANKNIFTY-III.NFO,28/11/2024,09:20:12,53365.75,53373.75,120,53421.65,60,0,150
BANKNIFTY-III.NFO,28/11/2024,09:20:13,53365.75,53377.25,120,53420.15,60,0,150
BANKNIFTY-III.NFO,28/11/2024,09:20:15,53365.75,53383.05,120,53446.65,60,0,150
BANKNIFTY-III.NFO,28/11/2024,09:20:18,53365.75,53388.6,120,53437.35,60,0,150
BANKNIFTY-III.NFO,28/11/2024,09:20:19,53365.75,53368.55,120,53434.85,60,0,150
BANKNIFTY-III.NFO,28/11/2024,09:20:21,53365.75,53374.35,120,53430.65,60,0,150
BANKNIFTY-III.NFO,28/11/2024,09:20:23,53365.75,53381.95,120,53447.85,60,0,150
BANKNIFTY-III.NFO,28/11/2024,09:20:24,53365.75,53384.55,120,53445.45,60,0,150
BANKNIFTY-III.NFO,28/11/2024,09:20:26,53365.75,53390.45,120,53449.75,60,0,150
BANKNIFTY-III.NFO,28/11/2024,09:20:27,53365.75,53394.15,120,53449,60,0,150
BANKNIFTY-III.NFO,28/11/2024,09:20:29,53365.75,53401.45,120,53497.55,60,0,150
BANKNIFTY-III.NFO,28/11/2024,09:20:31,53365.75,53406.25,120,53492.35,60,0,150
BANKNIFTY-III.NFO,28/11/2024,09:20:32,53365.75,53408.55,120,53489.65,60,0,150
BANKNIFTY-III.NFO,28/11/2024,09:20:34,53365.75,53413.35,120,53484.45,60,0,150
BANKNIFTY-III.NFO,28/11/2024,09:20:35,53365.75,53415.75,120,53481.85,60,0,150
BANKNIFTY-III.NFO,28/11/2024,09:20:37,53365.75,53421.55,120,53477.75,60,0,150
BANKNIFTY-III.NFO,28/11/2024,09:20:38,53365.75,53425.15,120,53476.35,60,0,150
BANKNIFTY-III.NFO,28/11/2024,09:20:40,53365.75,53430.05,120,53495.15,60,0,150
BANKNIFTY-III.NFO,28/11/2024,09:20:42,53365.75,53433.05,120,53488.25,60,0,150
BANKNIFTY-III.NFO,28/11/2024,09:20:43,53365.75,53433.35,120,53483.55,60,0,150
BANKNIFTY-III.NFO,28/11/2024,09:20:45,53433.3,53389.35,120,53473.85,90,60,150
BANKNIFTY-III.NFO,28/11/2024,09:20:45,53433.35,53389.35,120,53473.85,90,0,150
BANKNIFTY-III.NFO,28/11/2024,09:20:46,53433.3,53391.85,120,53471.35,90,0,150
BANKNIFTY-III.NFO,28/11/2024,09:20:50,53433.3,53401.65,120,53461.15,90,0,150
BANKNIFTY-III.NFO,28/11/2024,09:20:51,53433.3,53404.05,120,53458.55,90,0,150
BANKNIFTY-III.NFO,28/11/2024,09:20:53,53433.3,53409.25,120,53494.35,90,0,150
BANKNIFTY-III.NFO,28/11/2024,09:20:54,53433.3,53411.65,120,53491.75,90,0,150
BANKNIFTY-III.NFO,28/11/2024,09:20:56,53433.3,53416.55,120,53486.65,90,0,150
BANKNIFTY-III.NFO,28/11/2024,09:20:58,53433.3,53420.05,120,53480.25,90,0,150
BANKNIFTY-III.NFO,28/11/2024,09:20:59,53433.3,53420.35,120,53475.55,90,0,150
BANKNIFTY-III.NFO,28/11/2024,09:21:01,53433.3,53422.75,120,53467.95,90,0,150
BANKNIFTY-III.NFO,28/11/2024,09:21:02,53433.3,53425.25,120,53496.45,90,0,150
BANKNIFTY-III.NFO,28/11/2024,09:21:04,53433.3,53430.35,120,53491.45,90,0,150
BANKNIFTY-III.NFO,28/11/2024,09:21:06,53433.3,53435.25,120,53486.45,90,0,150
BANKNIFTY-III.NFO,28/11/2024,09:21:07,53433.3,53435.55,120,53481.75,90,0,150
BANKNIFTY-III.NFO,28/11/2024,09:21:09,53433.3,53396.75,120,53433.3,30,0,150
BANKNIFTY-III.NFO,28/11/2024,09:21:10,53433.3,53398.35,120,53433.3,30,0,150
BANKNIFTY-III.NFO,28/11/2024,09:21:17,53433.3,53401.7,120,53433.3,30,0,150
BANKNIFTY-III.NFO,28/11/2024,09:21:18,53433.3,53403.2,120,53433.3,30,0,150
BANKNIFTY-III.NFO,28/11/2024,09:21:20,53433.3,53404.8,120,53433.3,30,0,150
BANKNIFTY-III.NFO,28/11/2024,09:21:23,53433.3,53405.1,120,53433.3,30,0,150
BANKNIFTY-III.NFO,28/11/2024,09:21:26,53433.3,53407.6,120,53476.65,90,30,150
BANKNIFTY-III.NFO,28/11/2024,09:21:28,53435.85,53435.85,90,53496.45,90,30,150
BANKNIFTY-III.NFO,28/11/2024,09:21:28,53435.85,53435.85,90,53496.45,90,0,150
BANKNIFTY-III.NFO,28/11/2024,09:21:30,53435.85,53436.5,90,53487.35,90,0,150
BANKNIFTY-III.NFO,28/11/2024,09:21:31,53435.85,53437.3,90,53483.15,90,0,150
BANKNIFTY-III.NFO,28/11/2024,09:21:33,53435.85,53437.3,90,53478.15,90,0,150
BANKNIFTY-III.NFO,28/11/2024,09:21:35,53435.85,53437.3,90,53477.55,90,0,150
BANKNIFTY-III.NFO,28/11/2024,09:21:36,53435.85,53437.6,90,53489.35,90,0,150
BANKNIFTY-III.NFO,28/11/2024,09:21:38,53435.85,53439,90,53481.25,90,0,150
BANKNIFTY-III.NFO,28/11/2024,09:21:39,53435.85,53439.7,90,53479.45,90,0,150
BANKNIFTY-III.NFO,28/11/2024,09:21:41,53435.85,53442.3,150,53491.75,90,0,150
BANKNIFTY-III.NFO,28/11/2024,09:21:43,53435.85,53436.05,90,53481.95,90,0,150
BANKNIFTY-III.NFO,28/11/2024,09:21:44,53435.85,53436.05,90,53477.05,90,0,150
BANKNIFTY-III.NFO,28/11/2024,09:21:46,53435.85,53436.05,90,53467.45,150,0,150
BANKNIFTY-III.NFO,28/11/2024,09:21:48,53435.85,53436,30,53458.4,90,0,150
BANKNIFTY-III.NFO,28/11/2024,09:21:49,53435.85,53436,30,53453.7,180,0,150
BANKNIFTY-III.NFO,28/11/2024,09:21:51,53435.85,53435.85,840,53445.2,120,120,210
BANKNIFTY-III.NFO,28/11/2024,09:21:51,53436,53435.85,840,53445.2,120,0,210
BANKNIFTY-III.NFO,28/11/2024,09:21:53,53444.55,53435.85,300,53444.55,60,570,210
BANKNIFTY-III.NFO,28/11/2024,09:21:53,53444.55,53435.85,300,53444.55,60,0,210
BANKNIFTY-III.NFO,28/11/2024,09:21:54,53435.85,53435.85,240,53444.55,60,60,210
BANKNIFTY-III.NFO,28/11/2024,09:21:56,53435.85,53435.85,240,53444.55,60,0,210
BANKNIFTY-III.NFO,28/11/2024,09:21:58,53435.85,53435.85,150,53444.55,60,90,210
BANKNIFTY-III.NFO,28/11/2024,09:21:59,53435.85,53435.85,150,53444.55,60,0,210
BANKNIFTY-III.NFO,28/11/2024,09:22:04,53435.85,53435.85,180,53454.75,60,0,210
BANKNIFTY-III.NFO,28/11/2024,09:22:06,53435.85,53435.9,90,53463.55,60,0,210
BANKNIFTY-III.NFO,28/11/2024,09:22:08,53435.85,53435.9,90,53466.2,60,0,210
BANKNIFTY-III.NFO,28/11/2024,09:22:09,53435.85,53435.9,90,53464.6,60,0,210
BANKNIFTY-III.NFO,28/11/2024,09:22:11,53435.85,53435.9,90,53465.2,60,0,210
BANKNIFTY-III.NFO,28/11/2024,09:22:12,53435.85,53435.9,90,53468,60,0,210
BANKNIFTY-III.NFO,28/11/2024,09:22:14,53435.85,53435.9,90,53466.9,60,0,210
BANKNIFTY-III.NFO,28/11/2024,09:22:17,53435.85,53435.9,90,53465.6,60,0,210
BANKNIFTY-III.NFO,28/11/2024,09:22:19,53435.85,53435.9,90,53462.45,60,0,210
BANKNIFTY-III.NFO,28/11/2024,09:22:21,53435.85,53435.85,180,53459.9,60,0,210
BANKNIFTY-III.NFO,28/11/2024,09:22:22,53435.85,53435.85,180,53455.5,60,0,210
BANKNIFTY-III.NFO,28/11/2024,09:22:24,53435.85,53435.85,180,53451.35,120,0,210
BANKNIFTY-III.NFO,28/11/2024,09:22:25,53435.85,53435.9,90,53451.4,60,0,210
BANKNIFTY-III.NFO,28/11/2024,09:22:27,53435.85,53435.9,120,53464.8,120,0,210
BANKNIFTY-III.NFO,28/11/2024,09:22:29,53435.9,53435.9,90,53463.75,60,30,210
BANKNIFTY-III.NFO,28/11/2024,09:22:30,53435.9,53435.9,90,53465.45,60,0,210
BANKNIFTY-III.NFO,28/11/2024,09:22:32,53435.9,53435.9,90,53464.05,120,0,210
BANKNIFTY-III.NFO,28/11/2024,09:22:33,53435.9,53435.9,90,53458.65,120,0,210
BANKNIFTY-III.NFO,28/11/2024,09:22:35,53435.9,53435.9,60,53462.15,60,0,210
BANKNIFTY-III.NFO,28/11/2024,09:22:37,53435.9,53435.9,60,53461.05,60,0,210
BANKNIFTY-III.NFO,28/11/2024,09:22:38,53435.9,53435.9,90,53458.55,90,0,210
BANKNIFTY-III.NFO,28/11/2024,09:22:40,53435.9,53435.9,90,53458.45,120,0,210
BANKNIFTY-III.NFO,28/11/2024,09:22:46,53435.9,53435.95,60,53458.05,120,0,210
BANKNIFTY-III.NFO,28/11/2024,09:22:48,53435.9,53435.85,180,53453.3,60,0,210
BANKNIFTY-III.NFO,28/11/2024,09:22:50,53435.85,53435.85,180,53457.3,60,30,210
BANKNIFTY-III.NFO,28/11/2024,09:22:51,53435.85,53435.85,180,53456.7,90,0,210
BANKNIFTY-III.NFO,28/11/2024,09:22:53,53435.85,53435.9,60,53461.4,60,0,210
BANKNIFTY-III.NFO,28/11/2024,09:22:54,53435.9,53435.85,180,53457.85,150,90,210
BANKNIFTY-III.NFO,28/11/2024,09:22:56,53435.9,53435.85,150,53435.9,60,0,210
BANKNIFTY-III.NFO,28/11/2024,09:22:59,53435.9,53435.85,180,53462.3,60,60,210
BANKNIFTY-III.NFO,28/11/2024,09:23:01,53435.9,53435.85,180,53465.3,60,0,210
BANKNIFTY-III.NFO,28/11/2024,09:23:02,53435.9,53435.85,180,53466.75,60,0,210
BANKNIFTY-III.NFO,28/11/2024,09:23:07,53435.9,53435.9,60,53485.15,60,0,210
BANKNIFTY-III.NFO,28/11/2024,09:23:09,53435.9,53435.9,60,53489.75,60,0,210
BANKNIFTY-III.NFO,28/11/2024,09:23:10,53435.9,53435.9,60,53484.75,60,0,210
BANKNIFTY-III.NFO,28/11/2024,09:23:12,53435.9,53435.9,60,53480.55,60,0,210
BANKNIFTY-III.NFO,28/11/2024,09:23:13,53435.9,53435.9,60,53476.8,60,0,210
BANKNIFTY-III.NFO,28/11/2024,09:23:15,53435.9,53435.9,60,53476.7,60,0,210
BANKNIFTY-III.NFO,28/11/2024,09:23:17,53435.9,53435.9,60,53479.95,60,0,210
BANKNIFTY-III.NFO,28/11/2024,09:23:18,53435.9,53435.9,60,53477.15,60,0,210
BANKNIFTY-III.NFO,28/11/2024,09:23:20,53435.9,53435.9,60,53476.15,60,0,210
BANKNIFTY-III.NFO,28/11/2024,09:23:22,53435.9,53435.9,60,53484.95,60,0,210
BANKNIFTY-III.NFO,28/11/2024,09:23:23,53435.9,53435.9,60,53479.95,60,0,210
BANKNIFTY-III.NFO,28/11/2024,09:23:25,53435.9,53435.9,60,53474.95,120,0,210
BANKNIFTY-III.NFO,28/11/2024,09:23:26,53435.9,53435.9,60,53472.95,60,0,210
BANKNIFTY-III.NFO,28/11/2024,09:23:28,53435.9,53435.85,180,53470.35,60,0,210
BANKNIFTY-III.NFO,28/11/2024,09:23:30,53435.9,53435.85,150,53469.35,60,0,210
BANKNIFTY-III.NFO,28/11/2024,09:23:31,53435.9,53435.9,60,53473.05,60,0,210
BANKNIFTY-III.NFO,28/11/2024,09:23:33,53435.9,53435.9,60,53484.95,60,0,210
BANKNIFTY-III.NFO,28/11/2024,09:23:35,53435.9,53435.9,60,53475.45,60,0,210
BANKNIFTY-III.NFO,28/11/2024,09:23:36,53435.9,53435.9,60,53474.8,60,0,210
BANKNIFTY-III.NFO,28/11/2024,09:23:38,53435.9,53435.85,150,53471.7,60,0,210
BANKNIFTY-III.NFO,28/11/2024,09:23:40,53435.9,53435.9,30,53468.8,60,0,210
BANKNIFTY-III.NFO,28/11/2024,09:23:41,53435.9,53435.95,60,53486.65,60,0,210
BANKNIFTY-III.NFO,28/11/2024,09:23:43,53435.9,53435.95,60,53479.55,60,0,210
BANKNIFTY-III.NFO,28/11/2024,09:23:45,53435.9,53435.95,60,53479.05,60,0,210
BANKNIFTY-III.NFO,28/11/2024,09:23:46,53435.9,53435.95,60,53476.45,60,0,210
BANKNIFTY-III.NFO,28/11/2024,09:23:48,53435.9,53435.95,60,53475.75,60,0,210
BANKNIFTY-III.NFO,28/11/2024,09:23:49,53435.9,53435.95,60,53474.45,60,0,210
BANKNIFTY-III.NFO,28/11/2024,09:23:51,53435.9,53435.95,60,53484.95,60,0,210
BANKNIFTY-III.NFO,28/11/2024,09:23:53,53435.9,53435.95,60,53476.65,60,0,210
BANKNIFTY-III.NFO,28/11/2024,09:23:54,53435.9,53435.95,60,53488.75,60,0,210
BANKNIFTY-III.NFO,28/11/2024,09:23:56,53435.9,53435.95,60,53478.9,60,0,210
BANKNIFTY-III.NFO,28/11/2024,09:23:59,53435.9,53435.95,60,53484.95,60,0,210
BANKNIFTY-III.NFO,28/11/2024,09:24:00,53435.9,53435.95,60,53482.2,60,0,210
BANKNIFTY-III.NFO,28/11/2024,09:24:02,53435.95,53435.9,30,53479.8,60,30,210
BANKNIFTY-III.NFO,28/11/2024,09:24:07,53435.9,53435.85,150,53474.75,60,30,210
BANKNIFTY-III.NFO,28/11/2024,09:24:09,53435.9,53435.85,150,53474.6,60,0,210
BANKNIFTY-III.NFO,28/11/2024,09:24:10,53435.9,53435.9,30,53484.95,60,60,210
BANKNIFTY-III.NFO,28/11/2024,09:24:10,53474.6,53435.9,30,53484.95,60,0,210
BANKNIFTY-III.NFO,28/11/2024,09:24:12,53435.9,53435.85,150,53478,60,0,210
BANKNIFTY-III.NFO,28/11/2024,09:24:18,53435.9,53435.9,30,53477.1,60,0,210
BANKNIFTY-III.NFO,28/11/2024,09:24:23,53435.6,53435,30,53467.1,60,180,210
BANKNIFTY-III.NFO,28/11/2024,09:24:26,53435,53420.55,30,53460.8,60,30,210
BANKNIFTY-III.NFO,28/11/2024,09:24:28,53435,53300.7,60,53450.25,60,0,210
BANKNIFTY-III.NFO,28/11/2024,09:24:29,53435,53300.7,60,53445.25,60,0,210
BANKNIFTY-III.NFO,28/11/2024,09:24:31,53435,53300.7,60,53435.25,60,0,210
BANKNIFTY-III.NFO,28/11/2024,09:24:33,53435,53300.7,60,53430.1,60,0,210
BANKNIFTY-III.NFO,28/11/2024,09:24:34,53435,53300.7,60,53426.3,60,0,210
BANKNIFTY-III.NFO,28/11/2024,09:24:39,53425.3,53300.7,60,53458.15,60,150,210
BANKNIFTY-III.NFO,28/11/2024,09:24:40,53425.3,53425.3,30,53453.15,60,0,210
BANKNIFTY-III.NFO,28/11/2024,09:24:42,53425.3,53300.7,60,53443.35,60,30,210
BANKNIFTY-III.NFO,28/11/2024,09:24:44,53425.3,53258.05,60,53433.45,60,0,210
BANKNIFTY-III.NFO,28/11/2024,09:24:45,53425.3,53258.05,60,53428.45,60,0,210
BANKNIFTY-III.NFO,28/11/2024,09:24:47,53425.3,53258.05,60,53418.45,60,0,210
BANKNIFTY-III.NFO,28/11/2024,09:24:48,53425.3,53258.05,60,53413.45,60,0,210
BANKNIFTY-III.NFO,28/11/2024,09:24:50,53425.3,53258.05,60,53408.5,60,0,210
BANKNIFTY-III.NFO,28/11/2024,09:24:51,53425.3,53258.05,60,53405.4,60,0,210
BANKNIFTY-III.NFO,28/11/2024,09:24:59,53405.4,53258.05,60,53395.6,60,30,1350
BANKNIFTY-III.NFO,28/11/2024,09:25:02,53395.6,53258.05,60,53385.65,60,30,1350
BANKNIFTY-III.NFO,28/11/2024,09:25:04,53395.6,53258.05,60,53414.45,60,0,1350
BANKNIFTY-III.NFO,28/11/2024,09:25:06,53395.6,53258.05,60,53404.45,60,0,1350
BANKNIFTY-III.NFO,28/11/2024,09:25:07,53395.6,53258.05,60,53399.45,60,0,1350
BANKNIFTY-III.NFO,28/11/2024,09:25:09,53395.6,53258.05,60,53389.45,60,0,1350
BANKNIFTY-III.NFO,28/11/2024,09:25:10,53395.6,53258.05,60,53384.45,60,0,1350
BANKNIFTY-III.NFO,28/11/2024,09:25:12,53395.6,53258.05,60,53417.95,60,0,1350
BANKNIFTY-III.NFO,28/11/2024,09:25:13,53395.6,53258.05,60,53412.95,60,0,1350
BANKNIFTY-III.NFO,28/11/2024,09:25:15,53395.6,53258.05,60,53402.95,60,0,1350
BANKNIFTY-III.NFO,28/11/2024,09:25:16,53395.6,53258.05,60,53397.95,60,0,1350
BANKNIFTY-III.NFO,28/11/2024,09:25:18,53395.6,53258.05,60,53387.95,60,0,1350
BANKNIFTY-III.NFO,28/11/2024,09:25:20,53387.95,53262.9,30,53382.85,60,30,1350
BANKNIFTY-III.NFO,28/11/2024,09:25:21,53387.95,53265.2,30,53380.15,60,0,1350
BANKNIFTY-III.NFO,28/11/2024,09:25:23,53387.95,53269.4,30,53419.95,60,0,1350
BANKNIFTY-III.NFO,28/11/2024,09:25:25,53387.95,53274.1,30,53414.65,60,0,1350
BANKNIFTY-III.NFO,28/11/2024,09:25:26,53387.95,53276.5,30,53412.05,60,0,1350
BANKNIFTY-III.NFO,28/11/2024,09:25:28,53387.95,53281.1,30,53406.65,60,0,1350
BANKNIFTY-III.NFO,28/11/2024,09:25:30,53387.95,53285.8,30,53401.35,60,0,1350
BANKNIFTY-III.NFO,28/11/2024,09:25:31,53387.95,53288.1,30,53398.65,60,0,1350
BANKNIFTY-III.NFO,28/11/2024,09:25:33,53387.95,53258.15,30,53393.25,60,0,1350
BANKNIFTY-III.NFO,28/11/2024,09:25:35,53387.95,53262.85,30,53387.95,60,0,1350
BANKNIFTY-III.NFO,28/11/2024,09:25:38,53387.95,53269.05,30,53420.25,60,0,1350
BANKNIFTY-III.NFO,28/11/2024,09:25:41,53387.95,53276.45,30,53412.65,60,0,1350
BANKNIFTY-III.NFO,28/11/2024,09:25:43,53387.95,53281.15,30,53407.35,60,0,1350
BANKNIFTY-III.NFO,28/11/2024,09:25:46,53387.95,53300.05,30,53399.65,60,0,1350
BANKNIFTY-III.NFO,28/11/2024,09:25:47,53387.95,53302.45,30,53396.95,60,0,1350
BANKNIFTY-III.NFO,28/11/2024,09:25:49,53387.95,53310.15,30,53394.75,60,0,1350
BANKNIFTY-III.NFO,28/11/2024,09:25:51,53387.95,53317.75,30,53420.65,60,0,1350
BANKNIFTY-III.NFO,28/11/2024,09:25:54,53387.95,53325.05,30,53412.95,60,0,1350
BANKNIFTY-III.NFO,28/11/2024,09:25:56,53387.95,53329.95,30,53407.85,60,0,1350
BANKNIFTY-III.NFO,28/11/2024,09:25:57,53387.95,53301.75,30,53405.95,60,0,1350
BANKNIFTY-III.NFO,28/11/2024,09:25:59,53387.95,53311.45,30,53405.65,60,0,1350
BANKNIFTY-III.NFO,28/11/2024,09:26:00,53387.95,53316.45,30,53405.65,60,0,1350
BANKNIFTY-III.NFO,28/11/2024,09:26:02,53387.95,53326.35,30,53405.55,60,0,1350
BANKNIFTY-III.NFO,28/11/2024,09:26:04,53387.95,53333.15,30,53403.55,60,0,1350
BANKNIFTY-III.NFO,28/11/2024,09:26:05,53387.95,53338.15,30,53403.55,60,0,1350
BANKNIFTY-III.NFO,28/11/2024,09:26:07,53387.95,53305.85,30,53403.35,60,0,1350
BANKNIFTY-III.NFO,28/11/2024,09:26:09,53387.95,53314.15,30,53401.75,60,0,1350
BANKNIFTY-III.NFO,28/11/2024,09:26:10,53387.95,53319.05,30,53401.65,60,0,1350
BANKNIFTY-III.NFO,28/11/2024,09:26:12,53387.95,53324.55,30,53418.55,60,0,1350
BANKNIFTY-III.NFO,28/11/2024,09:26:15,53387.95,53334.55,30,53413.55,60,0,1350
BANKNIFTY-III.NFO,28/11/2024,09:26:17,53387.95,53305.55,30,53412.65,60,0,1350
BANKNIFTY-III.NFO,28/11/2024,09:26:20,53387.95,53317.35,30,53409.45,60,0,1350
BANKNIFTY-III.NFO,28/11/2024,09:26:21,53387.95,53320.75,30,53407.95,60,0,1350
BANKNIFTY-III.NFO,28/11/2024,09:26:23,53407.75,53330.55,60,53407.75,60,30,1350
BANKNIFTY-III.NFO,28/11/2024,09:26:25,53407.75,53304.75,60,53405.45,60,0,1350
BANKNIFTY-III.NFO,28/11/2024,09:26:26,53407.75,53309.75,60,53405.45,60,0,1350
BANKNIFTY-III.NFO,28/11/2024,09:26:28,53407.75,53319.75,60,53405.45,60,0,1350
BANKNIFTY-III.NFO,28/11/2024,09:26:29,53407.75,53324.55,60,53405.25,60,0,1350
BANKNIFTY-III.NFO,28/11/2024,09:26:31,53407.75,53300.75,60,53420.85,60,0,1350
BANKNIFTY-III.NFO,28/11/2024,09:26:33,53407.75,53305.65,60,53415.65,60,0,1350
BANKNIFTY-III.NFO,28/11/2024,09:26:38,53407.75,53319.85,60,53404.85,60,0,1350
BANKNIFTY-III.NFO,28/11/2024,09:26:41,53407.75,53330.05,60,53400.25,60,0,1350
BANKNIFTY-III.NFO,28/11/2024,09:26:42,53407.75,53350.05,60,53421.85,60,0,1350
BANKNIFTY-III.NFO,28/11/2024,09:26:44,53407.75,53355.55,60,53417.35,60,0,1350
BANKNIFTY-III.NFO,28/11/2024,09:26:46,53407.75,53363.8,60,53417.05,120,0,1350
BANKNIFTY-III.NFO,28/11/2024,09:26:52,53407.75,53367,60,53421.25,60,0,1350
BANKNIFTY-III.NFO,28/11/2024,09:26:53,53407.75,53367.8,60,53417.55,60,0,1350
BANKNIFTY-III.NFO,28/11/2024,09:26:55,53407.75,53359.35,60,53416.35,120,0,1350
BANKNIFTY-III.NFO,28/11/2024,09:26:57,53407.75,53364.4,60,53415.75,60,0,1350
BANKNIFTY-III.NFO,28/11/2024,09:26:58,53407.75,53357.55,60,53413.75,60,0,1350
BANKNIFTY-III.NFO,28/11/2024,09:27:00,53407.75,53353.15,60,53411.6,120,0,1350
BANKNIFTY-III.NFO,28/11/2024,09:27:01,53407.75,53358.15,60,53411.6,120,0,1350
BANKNIFTY-III.NFO,28/11/2024,09:27:03,53407.75,53353.7,60,53405.95,60,0,1350
BANKNIFTY-III.NFO,28/11/2024,09:27:05,53407.75,53355.7,60,53405.95,60,0,1350
BANKNIFTY-III.NFO,28/11/2024,09:27:06,53407.75,53353.1,60,53403.95,60,0,1350
BANKNIFTY-III.NFO,28/11/2024,09:27:08,53407.75,53355.25,60,53403.95,60,0,1350
BANKNIFTY-III.NFO,28/11/2024,09:27:09,53407.75,53351.25,60,53402.15,60,0,1350
BANKNIFTY-III.NFO,28/11/2024,09:27:11,53407.75,53351.25,60,53401.65,60,0,1350
BANKNIFTY-III.NFO,28/11/2024,09:27:12,53407.75,53351.35,60,53401.35,60,0,1350
BANKNIFTY-III.NFO,28/11/2024,09:27:14,53407.75,53351.45,60,53401.35,120,0,1350
BANKNIFTY-III.NFO,28/11/2024,09:27:16,53407.75,53351.45,60,53401.15,60,0,1350
BANKNIFTY-III.NFO,28/11/2024,09:27:19,53407.75,53351.45,60,53401.05,60,0,1350
BANKNIFTY-III.NFO,28/11/2024,09:27:20,53407.75,53302.95,60,53398.05,60,0,1350
BANKNIFTY-III.NFO,28/11/2024,09:27:22,53407.75,53308.05,60,53393.25,60,0,1350
BANKNIFTY-III.NFO,28/11/2024,09:27:23,53407.75,53313.05,60,53393.25,60,0,1350
BANKNIFTY-III.NFO,28/11/2024,09:27:27,53392.75,53332.55,60,53392.75,30,30,1350
BANKNIFTY-III.NFO,28/11/2024,09:27:28,53392.75,53337.25,60,53392.45,30,0,1350
BANKNIFTY-III.NFO,28/11/2024,09:27:30,53392.75,53300.95,60,53389.8,30,0,1350
BANKNIFTY-III.NFO,28/11/2024,09:27:31,53392.75,53306.05,60,53389.8,30,0,1350
BANKNIFTY-III.NFO,28/11/2024,09:27:33,53392.75,53313.95,60,53420.95,30,0,1350
BANKNIFTY-III.NFO,28/11/2024,09:27:41,53392.75,53333.85,60,53400.85,30,0,1350
BANKNIFTY-III.NFO,28/11/2024,09:27:43,53392.75,53340.65,60,53397.75,30,0,1350
BANKNIFTY-III.NFO,28/11/2024,09:27:44,53392.75,53343.55,60,53396.55,30,0,1350
BANKNIFTY-III.NFO,28/11/2024,09:27:46,53392.75,53348.55,60,53393.95,30,0,1350
BANKNIFTY-III.NFO,28/11/2024,09:27:47,53392.75,53305.35,60,53393.75,30,0,1350
BANKNIFTY-III.NFO,28/11/2024,09:27:49,53392.75,53311.05,60,53389.7,90,0,1350
BANKNIFTY-III.NFO,28/11/2024,09:27:50,53392.75,53314.65,60,53388.3,30,0,1350
BANKNIFTY-III.NFO,28/11/2024,09:27:52,53392.75,53322.65,60,53386.5,90,0,1350
BANKNIFTY-III.NFO,28/11/2024,09:27:53,53392.75,53327.25,60,53386.3,90,0,1350
BANKNIFTY-III.NFO,28/11/2024,09:27:56,53392.75,53335.35,60,53416.05,30,0,1350
BANKNIFTY-III.NFO,28/11/2024,09:27:58,53392.75,53339.25,60,53411.85,30,0,1350
BANKNIFTY-III.NFO,28/11/2024,09:28:00,53392.75,53301.65,60,53407.85,30,0,1350
BANKNIFTY-III.NFO,28/11/2024,09:28:03,53392.75,53309.25,60,53400.45,30,0,1350
BANKNIFTY-III.NFO,28/11/2024,09:28:06,53392.75,53316.65,60,53392.85,30,0,1350
BANKNIFTY-III.NFO,28/11/2024,09:28:07,53392.75,53320.85,60,53392.05,30,0,1350
BANKNIFTY-III.NFO,28/11/2024,09:28:09,53392.75,53330.55,60,53391.75,30,0,1350
BANKNIFTY-III.NFO,28/11/2024,09:28:10,53392.75,53335.45,60,53391.65,30,0,1350
BANKNIFTY-III.NFO,28/11/2024,09:28:12,53392.75,53304.95,60,53389.55,30,0,1350
BANKNIFTY-III.NFO,28/11/2024,09:28:14,53392.75,53312.45,60,53387.15,30,0,1350
BANKNIFTY-III.NFO,28/11/2024,09:28:15,53392.75,53314.75,60,53421.45,30,0,1350
BANKNIFTY-III.NFO,28/11/2024,09:28:17,53392.75,53319.85,60,53416.55,30,0,1350
BANKNIFTY-III.NFO,28/11/2024,09:28:18,53392.75,53322.25,60,53413.95,30,0,1350
BANKNIFTY-III.NFO,28/11/2024,09:28:26,53392.75,53300.95,60,53395.25,30,0,1350
BANKNIFTY-III.NFO,28/11/2024,09:28:28,53392.75,53305.95,60,53390.15,30,0,1350
BANKNIFTY-III.NFO,28/11/2024,09:28:29,53392.75,53308.55,60,53387.75,30,0,1350
BANKNIFTY-III.NFO,28/11/2024,09:28:31,53392.75,53312.95,60,53422.75,30,0,1350
BANKNIFTY-III.NFO,28/11/2024,09:28:33,53392.75,53317.85,60,53417.65,30,0,1350
BANKNIFTY-III.NFO,28/11/2024,09:28:36,53392.75,53325.45,60,53410.25,30,0,1350
BANKNIFTY-III.NFO,28/11/2024,09:28:40,53392.75,53335.1,60,53400.45,30,0,1350
BANKNIFTY-III.NFO,28/11/2024,09:28:41,53392.75,53337.85,60,53397.65,30,0,1350
BANKNIFTY-III.NFO,28/11/2024,09:28:43,53392.75,53301.65,60,53390.85,30,0,1350
BANKNIFTY-III.NFO,28/11/2024,09:28:45,53392.75,53306.55,60,53385.75,30,0,1350
BANKNIFTY-III.NFO,28/11/2024,09:28:46,53392.75,53310.25,60,53384.45,30,0,1350
BANKNIFTY-III.NFO,28/11/2024,09:28:48,53392.75,53320.25,60,53384.45,30,0,1350
BANKNIFTY-III.NFO,28/11/2024,09:28:49,53392.75,53325.15,60,53384.35,30,0,1350
BANKNIFTY-III.NFO,28/11/2024,09:28:51,53392.75,53333.55,60,53382.85,30,0,1350
BANKNIFTY-III.NFO,28/11/2024,09:28:53,53392.75,53336.45,60,53382.75,30,0,1350
BANKNIFTY-III.NFO,28/11/2024,09:28:54,53392.75,53337.5,60,53381.85,30,0,1350
BANKNIFTY-III.NFO,28/11/2024,09:28:56,53392.75,53342.7,60,53417.95,30,0,1350
BANKNIFTY-III.NFO,28/11/2024,09:28:59,53392.75,53301.15,60,53411.15,30,0,1350
BANKNIFTY-III.NFO,28/11/2024,09:29:01,53392.75,53306.25,60,53406.25,30,0,1350
BANKNIFTY-III.NFO,28/11/2024,09:29:02,53392.75,53308.85,60,53403.85,30,0,1350
BANKNIFTY-III.NFO,28/11/2024,09:29:04,53392.75,53313.85,60,53398.75,30,0,1350
BANKNIFTY-III.NFO,28/11/2024,09:29:06,53392.75,53319.55,60,53394.55,30,0,1350
BANKNIFTY-III.NFO,28/11/2024,09:29:07,53392.75,53324.45,60,53394.45,30,0,1350
BANKNIFTY-III.NFO,28/11/2024,09:29:09,53392.75,53333.85,60,53393.85,30,0,1350
BANKNIFTY-III.NFO,28/11/2024,09:29:11,53392.75,53343.35,60,53393.35,30,0,1350
BANKNIFTY-III.NFO,28/11/2024,09:29:12,53392.75,53348.35,60,53392.7,30,0,1350
BANKNIFTY-III.NFO,28/11/2024,09:29:14,53392.75,53351.25,60,53392.7,30,0,1350
BANKNIFTY-III.NFO,28/11/2024,09:29:16,53392.75,53354.45,60,53392.75,30,0,1350
BANKNIFTY-III.NFO,28/11/2024,09:29:17,53392.75,53350.95,60,53392.7,30,0,1350
BANKNIFTY-III.NFO,28/11/2024,09:29:19,53392.75,53351.45,60,53392.7,30,0,1350
BANKNIFTY-III.NFO,28/11/2024,09:29:21,53392.75,53353.05,60,53392.75,30,0,1350
BANKNIFTY-III.NFO,28/11/2024,09:29:22,53392.75,53355.05,60,53392.75,30,0,1350
BANKNIFTY-III.NFO,28/11/2024,09:29:24,53392.75,53356.1,60,53392.75,30,0,1350
BANKNIFTY-III.NFO,28/11/2024,09:29:27,53392.75,53357.4,60,53392.75,30,0,1350
BANKNIFTY-III.NFO,28/11/2024,09:29:32,53392.75,53350.95,60,53392.7,30,0,1350
BANKNIFTY-III.NFO,28/11/2024,09:29:37,53392.7,53351.25,60,53392.75,30,30,1440
BANKNIFTY-III.NFO,28/11/2024,09:29:39,53392.7,53351.75,60,53392.75,30,0,1440
BANKNIFTY-III.NFO,28/11/2024,09:29:43,53392.7,53352.65,60,53392.75,30,0,1440
BANKNIFTY-III.NFO,28/11/2024,09:29:45,53392.7,53354.8,60,53392.75,30,0,1440
BANKNIFTY-III.NFO,28/11/2024,09:29:47,53392.7,53350.95,60,53392.75,30,0,1440
BANKNIFTY-III.NFO,28/11/2024,09:29:48,53310.75,53310.75,60,53392.65,30,60,1440
BANKNIFTY-III.NFO,28/11/2024,09:29:50,53391.15,53319.25,60,53391.2,60,30,1440
BANKNIFTY-III.NFO,28/11/2024,09:29:51,53391.15,53324.25,60,53391.2,60,0,1440
BANKNIFTY-III.NFO,28/11/2024,09:29:53,53391.15,53334.25,60,53391.2,60,0,1440
BANKNIFTY-III.NFO,28/11/2024,09:29:55,53391.15,53344.15,60,53392.7,60,0,1440
BANKNIFTY-III.NFO,28/11/2024,09:29:56,53391.15,53301.25,60,53392.7,60,0,1440
BANKNIFTY-III.NFO,28/11/2024,09:29:58,53391.15,53311.25,60,53392.7,60,0,1440
BANKNIFTY-III.NFO,28/11/2024,09:29:59,53391.15,53316.25,60,53392.7,60,0,1440
BANKNIFTY-III.NFO,28/11/2024,09:30:01,53391.15,53326.25,60,53392.7,60,0,1440
BANKNIFTY-III.NFO,28/11/2024,09:30:02,53391.15,53351.05,60,53392.7,60,0,1440
BANKNIFTY-III.NFO,28/11/2024,09:30:07,53391.15,53351.85,60,53392.75,30,0,1440
BANKNIFTY-III.NFO,28/11/2024,09:30:09,53391.15,53351.95,60,53392.75,30,0,1440
BANKNIFTY-III.NFO,28/11/2024,09:30:17,53391.15,53352.15,60,53392.75,30,0,1440
BANKNIFTY-III.NFO,28/11/2024,09:30:20,53352.15,53352.75,60,53392.7,30,30,1440
BANKNIFTY-III.NFO,28/11/2024,09:30:22,53352.15,53391.15,30,53392.7,30,0,1440
BANKNIFTY-III.NFO,28/11/2024,09:30:32,53352.15,53391.15,30,53392.7,60,0,1440
BANKNIFTY-III.NFO,28/11/2024,09:30:33,53352.15,53391.15,30,53392.7,30,0,1440
BANKNIFTY-III.NFO,28/11/2024,09:31:10,53352.15,53368.4,60,53392.7,60,0,1440
BANKNIFTY-III.NFO,28/11/2024,09:31:17,53352.15,53363.95,60,53390.6,30,0,1440
BANKNIFTY-III.NFO,28/11/2024,09:31:18,53352.15,53362.55,60,53389.6,30,0,1440
BANKNIFTY-III.NFO,28/11/2024,09:31:20,53352.15,53363.05,60,53389.5,30,0,1440
BANKNIFTY-III.NFO,28/11/2024,09:31:22,53352.15,53363.05,60,53389.2,30,0,1440
BANKNIFTY-III.NFO,28/11/2024,09:31:23,53352.15,53359.35,60,53386.25,30,0,1440
BANKNIFTY-III.NFO,28/11/2024,09:31:28,53359.4,53360.1,60,53386.15,60,30,1440
BANKNIFTY-III.NFO,28/11/2024,09:31:30,53359.4,53360.1,60,53386.15,60,0,1440
BANKNIFTY-III.NFO,28/11/2024,09:31:32,53359.4,53363,120,53389.5,60,0,1440
BANKNIFTY-III.NFO,28/11/2024,09:31:33,53359.4,53361.9,60,53389.2,60,0,1440
BANKNIFTY-III.NFO,28/11/2024,09:31:35,53359.4,53360.65,60,53389.2,60,0,1440
BANKNIFTY-III.NFO,28/11/2024,09:31:36,53359.4,53362.35,60,53389.1,60,0,1440
BANKNIFTY-III.NFO,28/11/2024,09:31:38,53359.4,53363.9,60,53392.65,60,0,1440
BANKNIFTY-III.NFO,28/11/2024,09:31:41,53359.4,53363.7,60,53392.35,60,0,1440
BANKNIFTY-III.NFO,28/11/2024,09:31:43,53359.4,53368.8,60,53392.7,30,0,1440
BANKNIFTY-III.NFO,28/11/2024,09:31:44,53359.4,53373.8,60,53392.75,60,0,1440
BANKNIFTY-III.NFO,28/11/2024,09:31:46,53359.4,53375.15,150,53392.75,30,0,1440
BANKNIFTY-III.NFO,28/11/2024,09:31:48,53359.4,53378.35,90,53392.75,30,0,1440
BANKNIFTY-III.NFO,28/11/2024,09:31:49,53359.4,53375.1,150,53392.75,30,0,1440
BANKNIFTY-III.NFO,28/11/2024,09:31:51,53359.4,53377.6,150,53392.75,30,0,1440
BANKNIFTY-III.NFO,28/11/2024,09:31:53,53359.4,53380.8,150,53392.75,30,0,1440
BANKNIFTY-III.NFO,28/11/2024,09:31:56,53359.4,53383.75,60,53392.75,30,0,1440
BANKNIFTY-III.NFO,28/11/2024,09:31:58,53359.4,53377.25,90,53392.75,30,0,1440
BANKNIFTY-III.NFO,28/11/2024,09:31:59,53359.4,53380.45,90,53392.75,30,0,1440
BANKNIFTY-III.NFO,28/11/2024,09:32:01,53359.4,53378.8,90,53392.75,30,0,1440
BANKNIFTY-III.NFO,28/11/2024,09:32:06,53359.4,53367.05,60,53392.7,60,0,1440
BANKNIFTY-III.NFO,28/11/2024,09:32:07,53359.4,53367.05,60,53392.6,60,0,1440
BANKNIFTY-III.NFO,28/11/2024,09:32:09,53359.4,53372.7,120,53392.75,60,0,1440
BANKNIFTY-III.NFO,28/11/2024,09:32:11,53359.4,53373,60,53392.75,60,0,1440
BANKNIFTY-III.NFO,28/11/2024,09:32:12,53359.4,53371.75,60,53392.75,60,0,1440
BANKNIFTY-III.NFO,28/11/2024,09:32:14,53359.4,53372.5,60,53392.75,60,0,1440
BANKNIFTY-III.NFO,28/11/2024,09:32:15,53359.4,53374.4,150,53392.75,60,0,1440
BANKNIFTY-III.NFO,28/11/2024,09:32:16,53359.4,53377.8,90,53392.75,30,0,1440
BANKNIFTY-III.NFO,28/11/2024,09:32:18,53359.4,53374.35,60,53392.75,30,0,1440
BANKNIFTY-III.NFO,28/11/2024,09:32:21,53374.3,53374.3,30,53392.75,30,30,1440
BANKNIFTY-III.NFO,28/11/2024,09:32:23,53374.3,53370.85,30,53392.7,90,0,1440
BANKNIFTY-III.NFO,28/11/2024,09:32:24,53374.3,53369.25,30,53391.7,90,0,1440
BANKNIFTY-III.NFO,28/11/2024,09:32:26,53374.3,53369.75,30,53391.7,90,0,1440
BANKNIFTY-III.NFO,28/11/2024,09:32:27,53374.3,53369.85,30,53391.7,90,0,1440
BANKNIFTY-III.NFO,28/11/2024,09:32:29,53374.3,53369.95,60,53391.7,90,0,1440
BANKNIFTY-III.NFO,28/11/2024,09:32:31,53374.3,53366.6,30,53391.7,90,0,1440
BANKNIFTY-III.NFO,28/11/2024,09:32:32,53374.3,53363.95,30,53390.75,60,0,1440
BANKNIFTY-III.NFO,28/11/2024,09:32:34,53374.3,53364.15,30,53389.95,60,0,1440
BANKNIFTY-III.NFO,28/11/2024,09:32:35,53374.3,53364.8,30,53389.95,60,0,1440
BANKNIFTY-III.NFO,28/11/2024,09:32:37,53374.3,53369,30,53389.95,90,0,1440
BANKNIFTY-III.NFO,28/11/2024,09:32:39,53374.3,53367.45,30,53389.95,90,0,1440
BANKNIFTY-III.NFO,28/11/2024,09:32:40,53374.3,53363.45,30,53389.95,90,0,1440
BANKNIFTY-III.NFO,28/11/2024,09:32:42,53374.3,53364.15,30,53389.95,90,0,1440
BANKNIFTY-III.NFO,28/11/2024,09:32:43,53374.3,53363.05,30,53389.75,60,0,1440
BANKNIFTY-III.NFO,28/11/2024,09:32:45,53374.3,53363.5,30,53389.75,60,0,1440
BANKNIFTY-III.NFO,28/11/2024,09:32:47,53389.75,53363.5,60,53389.75,60,30,1440
BANKNIFTY-III.NFO,28/11/2024,09:32:50,53389.75,53368.6,150,53389.9,60,0,1470
BANKNIFTY-III.NFO,28/11/2024,09:32:51,53389.75,53368.7,60,53389.9,60,0,1470
BANKNIFTY-III.NFO,28/11/2024,09:32:53,53389.75,53368.7,90,53389.9,60,0,1470
BANKNIFTY-III.NFO,28/11/2024,09:32:58,53389.75,53370.2,90,53391.35,60,0,1470
BANKNIFTY-III.NFO,28/11/2024,09:32:59,53391.35,53370.2,90,53391.35,30,30,1470
BANKNIFTY-III.NFO,28/11/2024,09:33:01,53391.35,53370.2,90,53391.35,30,0,1470
BANKNIFTY-III.NFO,28/11/2024,09:33:09,53391.35,53371,60,53392.7,60,0,1470
BANKNIFTY-III.NFO,28/11/2024,09:33:10,53391.35,53372.9,90,53392.7,30,0,1470
BANKNIFTY-III.NFO,28/11/2024,09:33:12,53391.35,53372.9,90,53392.7,60,0,1470
BANKNIFTY-III.NFO,28/11/2024,09:33:15,53391.35,53375.8,60,53392.7,30,0,1470
BANKNIFTY-III.NFO,28/11/2024,09:33:17,53391.35,53374.15,60,53392.7,60,0,1470
BANKNIFTY-III.NFO,28/11/2024,09:33:18,53391.35,53370.25,90,53392.7,60,0,1470
BANKNIFTY-III.NFO,28/11/2024,09:33:23,53391.35,53370.7,60,53392.7,60,0,1470
BANKNIFTY-III.NFO,28/11/2024,09:33:25,53391.35,53371.55,90,53392.7,60,0,1470
BANKNIFTY-III.NFO,28/11/2024,09:33:27,53391.35,53374,150,53392.7,60,0,1470
BANKNIFTY-III.NFO,28/11/2024,09:33:28,53391.35,53374,90,53392.7,60,0,1470
BANKNIFTY-III.NFO,28/11/2024,09:33:33,53391.35,53375.05,90,53392.75,30,0,1470
BANKNIFTY-III.NFO,28/11/2024,09:33:35,53391.35,53377.45,90,53392.75,30,0,1470
BANKNIFTY-III.NFO,28/11/2024,09:33:43,53391.35,53375.05,60,53392.7,60,0,1470
BANKNIFTY-III.NFO,28/11/2024,09:33:45,53391.35,53375.25,60,53392.7,60,0,1470
BANKNIFTY-III.NFO,28/11/2024,09:33:46,53391.35,53375.15,60,53392.7,30,0,1470
BANKNIFTY-III.NFO,28/11/2024,09:33:48,53391.35,53375.15,60,53392.65,30,0,1470
BANKNIFTY-III.NFO,28/11/2024,09:33:50,53391.35,53375.2,60,53392.65,30,0,1470
BANKNIFTY-III.NFO,28/11/2024,09:33:51,53391.35,53375.8,60,53392.65,30,0,1470
BANKNIFTY-III.NFO,28/11/2024,09:33:53,53391.35,53376.4,60,53392.65,30,0,1470
BANKNIFTY-III.NFO,28/11/2024,09:33:54,53391.35,53376.6,60,53392.65,30,0,1470
BANKNIFTY-III.NFO,28/11/2024,09:33:56,53391.35,53377,60,53392.65,30,0,1470
BANKNIFTY-III.NFO,28/11/2024,09:33:59,53391.35,53375.05,60,53392.65,30,0,1470
BANKNIFTY-III.NFO,28/11/2024,09:34:03,53391.35,53376.1,60,53392.65,30,0,1470
BANKNIFTY-III.NFO,28/11/2024,09:34:04,53391.35,53376.5,60,53392.65,30,0,1470
BANKNIFTY-III.NFO,28/11/2024,09:34:06,53391.35,53376.7,60,53392.65,30,0,1470
BANKNIFTY-III.NFO,28/11/2024,09:34:09,53391.35,53375.05,60,53392.65,30,0,1470
BANKNIFTY-III.NFO,28/11/2024,09:34:11,53391.35,53375.15,60,53392.65,30,0,1470
BANKNIFTY-III.NFO,28/11/2024,09:34:14,53391.35,53375.05,60,53392.65,30,0,1470
BANKNIFTY-III.NFO,28/11/2024,09:34:17,53391.35,53375.15,120,53392.65,30,0,1470
BANKNIFTY-III.NFO,28/11/2024,09:34:21,53391.35,53375,30,53392.65,30,0,1470
BANKNIFTY-III.NFO,28/11/2024,09:34:27,53391.35,53375.6,60,53392.65,30,0,1470
BANKNIFTY-III.NFO,28/11/2024,09:34:29,53391.35,53376.1,60,53392.7,60,0,1470
BANKNIFTY-III.NFO,28/11/2024,09:34:30,53391.35,53379.1,90,53392.75,30,0,1470
BANKNIFTY-III.NFO,28/11/2024,09:34:32,53391.35,53377.25,60,53392.7,30,0,1470
BANKNIFTY-III.NFO,28/11/2024,09:34:33,53391.35,53377.85,90,53392.7,30,0,1470
BANKNIFTY-III.NFO,28/11/2024,09:34:36,53391.35,53385.05,60,53392.75,30,0,1470
BANKNIFTY-III.NFO,28/11/2024,09:34:38,53391.35,53389.2,90,53392.75,30,0,1470
BANKNIFTY-III.NFO,28/11/2024,09:34:40,53391.35,53389.25,60,53392.75,30,0,1470
BANKNIFTY-III.NFO,28/11/2024,09:34:41,53391.35,53388.45,60,53392.75,30,0,1470
BANKNIFTY-III.NFO,28/11/2024,09:34:43,53392.75,53391.15,90,53400,30,30,1500
BANKNIFTY-III.NFO,28/11/2024,09:34:45,53392.75,53390.7,60,53400,30,0,1500
BANKNIFTY-III.NFO,28/11/2024,09:34:46,53392.75,53394.9,90,53400,30,0,1500
BANKNIFTY-III.NFO,28/11/2024,09:34:48,53392.75,53397.6,60,53400,30,0,1500
BANKNIFTY-III.NFO,28/11/2024,09:34:50,53392.75,53396.55,60,53400,30,0,1500
BANKNIFTY-III.NFO,28/11/2024,09:34:53,53392.75,53389.85,60,53400,30,0,1500
BANKNIFTY-III.NFO,28/11/2024,09:34:55,53392.75,53391.4,120,53400,30,0,1500
BANKNIFTY-III.NFO,28/11/2024,09:34:56,53392.75,53389.65,60,53400,30,0,1500
BANKNIFTY-III.NFO,28/11/2024,09:34:58,53392.75,53388.15,60,53400,30,0,1500
BANKNIFTY-III.NFO,28/11/2024,09:35:00,53392.75,53391.1,120,53400,30,0,1500
BANKNIFTY-III.NFO,28/11/2024,09:35:01,53400,53392.8,60,53413.15,30,30,1500
BANKNIFTY-III.NFO,28/11/2024,09:35:03,53400,53396.85,90,53415.3,30,0,1500
BANKNIFTY-III.NFO,28/11/2024,09:35:05,53400,53396.5,90,53414.85,60,0,1500
BANKNIFTY-III.NFO,28/11/2024,09:35:06,53400,53394.9,60,53413.15,60,0,1500
BANKNIFTY-III.NFO,28/11/2024,09:35:09,53400,53395.75,90,53415.45,30,0,1500
BANKNIFTY-III.NFO,28/11/2024,09:35:11,53400,53395.85,60,53413.9,30,0,1500
BANKNIFTY-III.NFO,28/11/2024,09:35:13,53400,53397.85,60,53416.15,30,0,1500
BANKNIFTY-III.NFO,28/11/2024,09:35:14,53400,53400,450,53415.75,60,0,1500
BANKNIFTY-III.NFO,28/11/2024,09:35:17,53400,53400,450,53416.5,30,0,1500
BANKNIFTY-III.NFO,28/11/2024,09:35:22,53400,53400,450,53416.2,30,0,1500
BANKNIFTY-III.NFO,28/11/2024,09:35:32,53410.5,53400,420,53411.5,90,120,1500
BANKNIFTY-III.NFO,28/11/2024,09:35:34,53410.5,53400,420,53411.5,30,0,1500
BANKNIFTY-III.NFO,28/11/2024,09:35:35,53410.5,53400,420,53411.5,90,0,1500
BANKNIFTY-III.NFO,28/11/2024,09:35:37,53410.5,53400,420,53411.5,30,0,1500
BANKNIFTY-III.NFO,28/11/2024,09:35:39,53410.5,53400,420,53411.5,90,0,1500
BANKNIFTY-III.NFO,28/11/2024,09:35:40,53410.5,53400,420,53411.5,30,0,1500
BANKNIFTY-III.NFO,28/11/2024,09:35:47,53410.5,53400,420,53410.5,60,0,1500
BANKNIFTY-III.NFO,28/11/2024,09:35:50,53410.5,53400.05,60,53410.5,30,0,1500
BANKNIFTY-III.NFO,28/11/2024,09:35:52,53410.5,53403.15,60,53410.5,30,0,1500
BANKNIFTY-III.NFO,28/11/2024,09:35:53,53410.5,53403.3,60,53410.5,30,0,1500
BANKNIFTY-III.NFO,28/11/2024,09:35:55,53410.5,53404.65,60,53410.5,30,0,1500
BANKNIFTY-III.NFO,28/11/2024,09:35:57,53410.5,53402.35,60,53410.5,30,0,1500
BANKNIFTY-III.NFO,28/11/2024,09:35:58,53410.5,53403.05,60,53410.5,30,0,1500
BANKNIFTY-III.NFO,28/11/2024,09:36:00,53410.5,53401.35,60,53410.5,30,0,1500
BANKNIFTY-III.NFO,28/11/2024,09:36:01,53415,53415,150,53421.9,30,270,1500
BANKNIFTY-III.NFO,28/11/2024,09:36:03,53415,53415.5,30,53430,30,0,1500
BANKNIFTY-III.NFO,28/11/2024,09:36:11,53415,53422.6,60,53438,30,0,1500
BANKNIFTY-III.NFO,28/11/2024,09:36:13,53415,53425.5,90,53438,30,0,1500
BANKNIFTY-III.NFO,28/11/2024,09:36:14,53424.9,53424.95,90,53438,30,510,1500
BANKNIFTY-III.NFO,28/11/2024,09:36:16,53424.9,53433.85,90,53438,30,0,1500
BANKNIFTY-III.NFO,28/11/2024,09:36:18,53424.9,53436.15,90,53438,30,0,1500
BANKNIFTY-III.NFO,28/11/2024,09:36:19,53424.9,53435.25,60,53438,30,0,1500
BANKNIFTY-III.NFO,28/11/2024,09:36:23,53424.9,53432.15,120,53438,30,0,1500
BANKNIFTY-III.NFO,28/11/2024,09:36:24,53450,53450,240,53456.15,60,360,1500
BANKNIFTY-III.NFO,28/11/2024,09:36:26,53450,53450,240,53456.25,60,0,1500
BANKNIFTY-III.NFO,28/11/2024,09:36:31,53450,53453,30,53460.65,90,0,1500
BANKNIFTY-III.NFO,28/11/2024,09:36:34,53450,53453,30,53462.45,90,0,1500
BANKNIFTY-III.NFO,28/11/2024,09:36:37,53453,53450,240,53462.6,90,30,1500
BANKNIFTY-III.NFO,28/11/2024,09:36:39,53453,53450,240,53461.1,60,0,1500
BANKNIFTY-III.NFO,28/11/2024,09:36:40,53453,53450,240,53460.6,150,0,1500
BANKNIFTY-III.NFO,28/11/2024,09:36:42,53453,53450,240,53460.25,90,0,1500
BANKNIFTY-III.NFO,28/11/2024,09:36:44,53453,53453,30,53461.85,60,0,1500
BANKNIFTY-III.NFO,28/11/2024,09:36:45,53453,53453,30,53461.05,90,0,1500
BANKNIFTY-III.NFO,28/11/2024,09:36:47,53453,53450,240,53453.6,90,30,1500
BANKNIFTY-III.NFO,28/11/2024,09:36:48,53453,53450,240,53453.4,60,0,2130
BANKNIFTY-III.NFO,28/11/2024,09:36:50,53453,53450,240,53453,90,0,2130
BANKNIFTY-III.NFO,28/11/2024,09:36:52,53453,53450,240,53452.65,60,0,2130
BANKNIFTY-III.NFO,28/11/2024,09:36:59,53453,53441,30,53453.05,60,0,2130
BANKNIFTY-III.NFO,28/11/2024,09:37:01,53453,53453,30,53457.65,60,0,2130
BANKNIFTY-III.NFO,28/11/2024,09:37:03,53453,53453,30,53458.35,60,0,2130
BANKNIFTY-III.NFO,28/11/2024,09:37:04,53460.75,53453,60,53471.25,90,240,2130
BANKNIFTY-III.NFO,28/11/2024,09:37:06,53460.75,53453,60,53471.25,90,0,2130
BANKNIFTY-III.NFO,28/11/2024,09:37:19,53460.75,53461,30,53475,90,0,2130
BANKNIFTY-III.NFO,28/11/2024,09:37:20,53460.75,53461,30,53475,120,0,2130
BANKNIFTY-III.NFO,28/11/2024,09:37:22,53460.75,53461,60,53475,30,0,2130
BANKNIFTY-III.NFO,28/11/2024,09:37:25,53475,53461,60,53485.05,90,30,2130
BANKNIFTY-III.NFO,28/11/2024,09:37:25,53475,53461,60,53485.05,90,0,2130
BANKNIFTY-III.NFO,28/11/2024,09:37:27,53475,53461.05,60,53485.05,90,0,2130
BANKNIFTY-III.NFO,28/11/2024,09:37:30,53475,53461.05,60,53489.7,90,0,2130
BANKNIFTY-III.NFO,28/11/2024,09:37:32,53475,53461.8,60,53489.7,90,0,2130
BANKNIFTY-III.NFO,28/11/2024,09:37:34,53475,53463.05,60,53489.7,90,0,2130
BANKNIFTY-III.NFO,28/11/2024,09:37:35,53475,53462.35,60,53489.7,90,0,2130
BANKNIFTY-III.NFO,28/11/2024,09:37:37,53475,53463.9,60,53491.8,90,0,2130
BANKNIFTY-III.NFO,28/11/2024,09:37:38,53475,53461.25,60,53491.8,90,0,2130
BANKNIFTY-III.NFO,28/11/2024,09:37:40,53475,53461.05,60,53491.8,90,0,2130
BANKNIFTY-III.NFO,28/11/2024,09:37:41,53491.8,53461.05,60,53492.1,30,60,2130
BANKNIFTY-III.NFO,28/11/2024,09:37:41,53491.8,53461.05,60,53492.1,30,0,2130
BANKNIFTY-III.NFO,28/11/2024,09:37:43,53491.8,53461.05,60,53492.1,30,0,2130
BANKNIFTY-III.NFO,28/11/2024,09:37:45,53491.8,53471,60,53492.1,30,0,2130
BANKNIFTY-III.NFO,28/11/2024,09:37:48,53492.1,53471,60,53498.55,30,30,2130
BANKNIFTY-III.NFO,28/11/2024,09:37:48,53492.1,53471,60,53498.55,30,0,2130
BANKNIFTY-III.NFO,28/11/2024,09:37:49,53492.1,53471,60,53498.55,30,0,2130
BANKNIFTY-III.NFO,28/11/2024,09:37:54,53471.05,53471.05,30,53498.5,60,90,2130
BANKNIFTY-III.NFO,28/11/2024,09:37:56,53471,53470.7,30,53498.5,60,60,2130
BANKNIFTY-III.NFO,28/11/2024,09:37:57,53471,53470.7,30,53498.5,60,0,2130
BANKNIFTY-III.NFO,28/11/2024,09:37:59,53470.7,53461.45,30,53498.5,60,30,2130
BANKNIFTY-III.NFO,28/11/2024,09:38:01,53470.7,53463.3,30,53498.5,60,0,2130
BANKNIFTY-III.NFO,28/11/2024,09:38:02,53470.7,53463.4,30,53498.5,60,0,2130
BANKNIFTY-III.NFO,28/11/2024,09:38:04,53470.7,53462.55,30,53498.5,60,0,2130
BANKNIFTY-III.NFO,28/11/2024,09:38:05,53470.7,53463.35,30,53498.5,60,0,2130
BANKNIFTY-III.NFO,28/11/2024,09:38:08,53470.7,53470.75,30,53498.5,60,0,2130
BANKNIFTY-III.NFO,28/11/2024,09:38:12,53470.7,53470.7,30,53498.5,60,0,2130
BANKNIFTY-III.NFO,28/11/2024,09:38:13,53472,53461.15,30,53498.5,60,30,2130
BANKNIFTY-III.NFO,28/11/2024,09:38:15,53472,53463.25,30,53498.5,60,0,2130
BANKNIFTY-III.NFO,28/11/2024,09:38:17,53472,53461.05,30,53498.5,60,0,2130
BANKNIFTY-III.NFO,28/11/2024,09:38:18,53472,53461.7,30,53498.5,60,0,2130
BANKNIFTY-III.NFO,28/11/2024,09:38:20,53472,53462.25,30,53498.5,60,0,2130
BANKNIFTY-III.NFO,28/11/2024,09:38:22,53472,53464.6,30,53498.5,60,0,2130
BANKNIFTY-III.NFO,28/11/2024,09:38:23,53472.05,53472,120,53499.95,60,60,2130
BANKNIFTY-III.NFO,28/11/2024,09:38:27,53472.05,53472,120,53499.95,60,60,2130
BANKNIFTY-III.NFO,28/11/2024,09:38:27,53499.95,53472,120,53499.95,60,0,2130
BANKNIFTY-III.NFO,28/11/2024,09:38:28,53472,53472,90,53499.95,60,30,2130
BANKNIFTY-III.NFO,28/11/2024,09:38:31,53472,53472,60,53499.95,60,30,2130
BANKNIFTY-III.NFO,28/11/2024,09:38:38,53472,53472,60,53499.95,60,0,2130
BANKNIFTY-III.NFO,28/11/2024,09:38:41,53472,53472,30,53499.95,60,60,2130
BANKNIFTY-III.NFO,28/11/2024,09:38:43,53472,53472.05,60,53499.95,60,0,2130
BANKNIFTY-III.NFO,28/11/2024,09:38:46,53472,53472.55,60,53499.95,60,0,2130
BANKNIFTY-III.NFO,28/11/2024,09:38:49,53472,53472.5,30,53499.95,60,0,2130
BANKNIFTY-III.NFO,28/11/2024,09:38:56,53472,53472.55,60,53499.95,60,0,2130
BANKNIFTY-III.NFO,28/11/2024,09:39:09,53499,53472.55,60,53499.95,60,240,2130
BANKNIFTY-III.NFO,28/11/2024,09:39:12,53472.55,53472.55,60,53499.95,60,30,2130
BANKNIFTY-III.NFO,28/11/2024,09:39:16,53499,53472.55,60,53499.95,60,120,2130
BANKNIFTY-III.NFO,28/11/2024,09:39:17,53499,53472.55,60,53499.95,60,0,2130
BANKNIFTY-III.NFO,28/11/2024,09:39:21,53499.95,53477.4,30,53499.95,60,30,2130
BANKNIFTY-III.NFO,28/11/2024,09:39:26,53499.95,53477.4,30,53499.95,60,0,2130
BANKNIFTY-III.NFO,28/11/2024,09:39:29,53499.95,53477.4,60,53499.95,30,60,2130
BANKNIFTY-III.NFO,28/11/2024,09:39:31,53499.95,53477.4,60,53499.95,30,0,2130
BANKNIFTY-III.NFO,28/11/2024,09:39:36,53499.95,53477.4,60,53499.95,60,0,2130
BANKNIFTY-III.NFO,28/11/2024,09:39:38,53499.95,53481.9,60,53499.95,30,0,2130
BANKNIFTY-III.NFO,28/11/2024,09:39:41,53499.95,53485.05,60,53499.95,30,0,2130
BANKNIFTY-III.NFO,28/11/2024,09:39:42,53499.95,53486.25,60,53499.95,30,0,2130
BANKNIFTY-III.NFO,28/11/2024,09:39:44,53499.95,53488.25,120,53499.95,30,0,2130
BANKNIFTY-III.NFO,28/11/2024,09:39:45,53487.25,53488.25,30,53499.95,30,240,2130
BANKNIFTY-III.NFO,28/11/2024,09:39:47,53487.25,53488.25,30,53499.95,30,0,2130
BANKNIFTY-III.NFO,28/11/2024,09:39:53,53487.25,53488.2,30,53499.95,30,0,2130
BANKNIFTY-III.NFO,28/11/2024,09:39:55,53487.25,53488.25,30,53499.95,30,0,2130
BANKNIFTY-III.NFO,28/11/2024,09:39:56,53487.25,53479.5,30,53499.9,90,0,2130
BANKNIFTY-III.NFO,28/11/2024,09:39:59,53487.25,53479.5,30,53499.9,30,0,2130
BANKNIFTY-III.NFO,28/11/2024,09:40:01,53487.25,53484.7,90,53499.95,30,0,2130
BANKNIFTY-III.NFO,28/11/2024,09:40:03,53487.25,53486.3,90,53499.95,30,0,2130
BANKNIFTY-III.NFO,28/11/2024,09:40:04,53487.25,53486.3,30,53499.95,30,0,2130
BANKNIFTY-III.NFO,28/11/2024,09:40:07,53487.25,53487.7,30,53499.95,30,0,2130
BANKNIFTY-III.NFO,28/11/2024,09:40:09,53487.25,53489.3,30,53499.95,30,0,2130
BANKNIFTY-III.NFO,28/11/2024,09:40:12,53499,53497.35,60,53522.6,60,180,3210
BANKNIFTY-III.NFO,28/11/2024,09:40:12,53500,53497.35,60,53522.6,60,0,3210
BANKNIFTY-III.NFO,28/11/2024,09:40:14,53499,53501.3,30,53528.05,60,0,3210
BANKNIFTY-III.NFO,28/11/2024,09:40:15,53499,53503.05,30,53527.9,150,0,3210
BANKNIFTY-III.NFO,28/11/2024,09:40:17,53499,53506.85,30,53532.8,60,0,3210
BANKNIFTY-III.NFO,28/11/2024,09:40:18,53499,53506.9,30,53529.4,60,0,3210
BANKNIFTY-III.NFO,28/11/2024,09:40:20,53499,53506.9,30,53529.3,90,0,3210
BANKNIFTY-III.NFO,28/11/2024,09:40:21,53506.85,53504.3,30,53526.4,120,60,3210
BANKNIFTY-III.NFO,28/11/2024,09:40:21,53506.9,53504.3,30,53526.4,120,0,3210
BANKNIFTY-III.NFO,28/11/2024,09:40:23,53506.85,53493.4,60,53519.4,60,0,3210
BANKNIFTY-III.NFO,28/11/2024,09:40:25,53506.85,53490.5,60,53520.65,60,0,3210
BANKNIFTY-III.NFO,28/11/2024,09:40:26,53506.85,53490.5,60,53518.45,60,0,3210
BANKNIFTY-III.NFO,28/11/2024,09:40:28,53506.85,53490.5,60,53517.95,60,0,3210
BANKNIFTY-III.NFO,28/11/2024,09:40:29,53506.85,53490.5,60,53521.25,60,0,3210
BANKNIFTY-III.NFO,28/11/2024,09:40:34,53506.85,53490.5,60,53519.1,60,0,3210
BANKNIFTY-III.NFO,28/11/2024,09:40:36,53506.85,53488.4,60,53518.9,60,0,3210
BANKNIFTY-III.NFO,28/11/2024,09:40:39,53506.85,53488.4,60,53521.35,120,0,3210
BANKNIFTY-III.NFO,28/11/2024,09:40:41,53506.85,53488.4,60,53519.65,60,0,3210
BANKNIFTY-III.NFO,28/11/2024,09:40:42,53506.85,53488.4,60,53517.85,60,0,3210
BANKNIFTY-III.NFO,28/11/2024,09:40:46,53506.85,53488.4,60,53521.15,60,150,3210
BANKNIFTY-III.NFO,28/11/2024,09:40:49,53506.85,53488.4,60,53521.05,60,0,3210
BANKNIFTY-III.NFO,28/11/2024,09:40:50,53506.85,53488.4,60,53520.95,60,0,3210
BANKNIFTY-III.NFO,28/11/2024,09:40:52,53506.85,53488.4,60,53518.95,60,0,3210
BANKNIFTY-III.NFO,28/11/2024,09:40:54,53506.85,53488.35,30,53516.65,60,30,3210
BANKNIFTY-III.NFO,28/11/2024,09:40:55,53506.85,53483.05,30,53513.55,60,0,3210
BANKNIFTY-III.NFO,28/11/2024,09:40:57,53506.85,53483.05,30,53513.35,60,0,3210
BANKNIFTY-III.NFO,28/11/2024,09:40:58,53506.85,53483.05,30,53513.2,60,0,3210
BANKNIFTY-III.NFO,28/11/2024,09:41:00,53506.85,53483.1,60,53513.2,60,0,3210
BANKNIFTY-III.NFO,28/11/2024,09:41:05,53506.85,53483.1,60,53517.8,60,0,3210
BANKNIFTY-III.NFO,28/11/2024,09:41:08,53506.85,53483.1,60,53517.1,60,0,3210
BANKNIFTY-III.NFO,28/11/2024,09:41:13,53506.85,53483.1,60,53517,60,0,3210
BANKNIFTY-III.NFO,28/11/2024,09:41:14,53506.85,53483.1,60,53516.6,60,0,3210
BANKNIFTY-III.NFO,28/11/2024,09:41:18,53518.55,53485.55,60,53521.2,60,150,3210
BANKNIFTY-III.NFO,28/11/2024,09:41:18,53518.55,53485.55,60,53521.2,60,0,3210
BANKNIFTY-III.NFO,28/11/2024,09:41:19,53518.55,53485.95,60,53521.2,60,0,3210
BANKNIFTY-III.NFO,28/11/2024,09:41:21,53518.55,53485.95,60,53521.2,120,0,3210
BANKNIFTY-III.NFO,28/11/2024,09:41:22,53518.55,53484.5,120,53521.2,120,0,3210
BANKNIFTY-III.NFO,28/11/2024,09:41:24,53518.55,53484.9,60,53521.2,120,0,3210
BANKNIFTY-III.NFO,28/11/2024,09:41:26,53518.55,53485.7,60,53521.2,120,0,3210
BANKNIFTY-III.NFO,28/11/2024,09:41:27,53521.2,53486.4,60,53521.25,30,60,3210
BANKNIFTY-III.NFO,28/11/2024,09:41:27,53521.2,53486.4,60,53521.25,30,0,3210
BANKNIFTY-III.NFO,28/11/2024,09:41:29,53521.2,53483.6,60,53521.25,90,0,3210
BANKNIFTY-III.NFO,28/11/2024,09:41:31,53521.2,53485.35,60,53521.25,90,0,3210
BANKNIFTY-III.NFO,28/11/2024,09:41:32,53521.2,53485.3,60,53521.25,90,0,3210
BANKNIFTY-III.NFO,28/11/2024,09:41:34,53521.2,53484.8,60,53521.25,90,0,3210
BANKNIFTY-III.NFO,28/11/2024,09:41:35,53521.25,53485.15,60,53522.4,90,30,3210
BANKNIFTY-III.NFO,28/11/2024,09:41:35,53521.25,53485.15,60,53522.4,90,0,3210
BANKNIFTY-III.NFO,28/11/2024,09:41:37,53521.2,53485.15,60,53522.4,30,30,3210
BANKNIFTY-III.NFO,28/11/2024,09:41:39,53521.2,53485.15,60,53522.4,30,0,3210
BANKNIFTY-III.NFO,28/11/2024,09:41:40,53521.2,53483.1,60,53522.4,90,0,3210
BANKNIFTY-III.NFO,28/11/2024,09:41:47,53483.1,53480.35,30,53522.35,90,30,3210
BANKNIFTY-III.NFO,28/11/2024,09:41:48,53479.45,53472.55,30,53522.3,120,180,3210
BANKNIFTY-III.NFO,28/11/2024,09:41:50,53479.45,53472.55,30,53522.3,120,0,3210
BANKNIFTY-III.NFO,28/11/2024,09:41:51,53491.05,53472.55,30,53517.55,60,90,3210
BANKNIFTY-III.NFO,28/11/2024,09:41:53,53491.05,53472.55,30,53507.55,60,0,3210
BANKNIFTY-III.NFO,28/11/2024,09:41:54,53491.05,53472.55,30,53517.55,60,0,3210
BANKNIFTY-III.NFO,28/11/2024,09:41:56,53491.05,53472.55,30,53509.65,60,0,3210
BANKNIFTY-III.NFO,28/11/2024,09:41:58,53491.05,53472.55,30,53509.65,120,0,3210
BANKNIFTY-III.NFO,28/11/2024,09:41:59,53514.15,53472.65,60,53514.1,60,30,3210
BANKNIFTY-III.NFO,28/11/2024,09:42:01,53514.15,53473.35,60,53513.8,60,0,3210
BANKNIFTY-III.NFO,28/11/2024,09:42:02,53514.15,53472.55,60,53513.4,60,0,3210
BANKNIFTY-III.NFO,28/11/2024,09:42:04,53514.15,53472.55,60,53512.05,60,0,3210
BANKNIFTY-III.NFO,28/11/2024,09:42:05,53514.15,53472.55,60,53511.45,60,0,3210
BANKNIFTY-III.NFO,28/11/2024,09:42:08,53514.15,53474.05,60,53516.55,120,0,3210
BANKNIFTY-III.NFO,28/11/2024,09:42:10,53514.15,53474.75,60,53516.55,120,0,3210
BANKNIFTY-III.NFO,28/11/2024,09:42:12,53514.15,53472.65,60,53514.7,60,0,3210
BANKNIFTY-III.NFO,28/11/2024,09:42:13,53514.15,53472.55,60,53513,120,0,3210
BANKNIFTY-III.NFO,28/11/2024,09:42:16,53514.15,53472.55,60,53512.5,60,0,3210
BANKNIFTY-III.NFO,28/11/2024,09:42:18,53514.15,53472.55,60,53511.6,60,0,3210
BANKNIFTY-III.NFO,28/11/2024,09:42:19,53514.15,53472.55,60,53511.4,60,0,3210
BANKNIFTY-III.NFO,28/11/2024,09:42:21,53514.15,53472.55,60,53511.1,60,0,3210
BANKNIFTY-III.NFO,28/11/2024,09:42:23,53514.15,53472.55,60,53510.6,60,0,3210
BANKNIFTY-III.NFO,28/11/2024,09:42:24,53510.6,53472.55,60,53509.7,30,30,3210
BANKNIFTY-III.NFO,28/11/2024,09:42:26,53510.6,53472.55,60,53509.7,30,0,3210
BANKNIFTY-III.NFO,28/11/2024,09:42:39,53508.5,53472.55,60,53522.35,60,30,3210
BANKNIFTY-III.NFO,28/11/2024,09:42:41,53508.5,53472.5,30,53522.35,60,0,3210
BANKNIFTY-III.NFO,28/11/2024,09:42:42,53508.5,53472.55,60,53522.35,60,0,3210
BANKNIFTY-III.NFO,28/11/2024,09:42:44,53522.35,53472.5,30,53522.4,90,30,3210
BANKNIFTY-III.NFO,28/11/2024,09:42:44,53522.35,53472.5,30,53522.4,90,0,3210
BANKNIFTY-III.NFO,28/11/2024,09:42:47,53522.35,53472.5,30,53522.4,90,0,3210
BANKNIFTY-III.NFO,28/11/2024,09:43:05,53472.5,53453,30,53522.4,90,30,3810
BANKNIFTY-III.NFO,28/11/2024,09:43:07,53453.05,53453,30,53522.35,120,120,3810
BANKNIFTY-III.NFO,28/11/2024,09:43:08,53453.05,53453,30,53522.35,120,0,3810
BANKNIFTY-III.NFO,28/11/2024,09:43:15,53453.05,53453.05,60,53522.35,120,0,3810
BANKNIFTY-III.NFO,28/11/2024,09:43:17,53522.35,53460,30,53522.3,120,30,3810
BANKNIFTY-III.NFO,28/11/2024,09:43:19,53522.35,53463.2,30,53522.3,120,0,3810
BANKNIFTY-III.NFO,28/11/2024,09:43:26,53522.35,53463.3,30,53522.3,120,0,3810
BANKNIFTY-III.NFO,28/11/2024,09:43:29,53522.35,53466.9,30,53522.3,120,0,3810
BANKNIFTY-III.NFO,28/11/2024,09:43:31,53522.35,53467.6,30,53522.3,120,0,3810
BANKNIFTY-III.NFO,28/11/2024,09:43:33,53522.35,53470.8,30,53522.3,120,0,3810
BANKNIFTY-III.NFO,28/11/2024,09:43:34,53522.35,53476.4,30,53522.35,60,0,3810
BANKNIFTY-III.NFO,28/11/2024,09:43:36,53522.35,53472.4,30,53522.35,60,0,3810
BANKNIFTY-III.NFO,28/11/2024,09:43:37,53522.35,53474.9,30,53522.35,60,0,3810
BANKNIFTY-III.NFO,28/11/2024,09:43:39,53522.35,53475.7,30,53522.35,60,0,3810
BANKNIFTY-III.NFO,28/11/2024,09:43:42,53522.35,53471.8,30,53522.35,120,0,3810
BANKNIFTY-III.NFO,28/11/2024,09:43:45,53522.35,53470,30,53522.35,120,0,3810
BANKNIFTY-III.NFO,28/11/2024,09:43:47,53522.35,53470.5,30,53522.35,120,0,3810
BANKNIFTY-III.NFO,28/11/2024,09:43:48,53522.35,53466.1,30,53522.35,120,0,3810
BANKNIFTY-III.NFO,28/11/2024,09:43:50,53522.35,53464.7,30,53522.35,120,0,3810
BANKNIFTY-III.NFO,28/11/2024,09:43:51,53522.35,53466.25,60,53522.35,150,0,3810
BANKNIFTY-III.NFO,28/11/2024,09:43:53,53522.35,53466.8,30,53522.35,150,0,3810
BANKNIFTY-III.NFO,28/11/2024,09:43:54,53522.35,53461.95,90,53519.95,60,0,3810
BANKNIFTY-III.NFO,28/11/2024,09:43:56,53522.35,53461.95,90,53519.95,120,0,3810
BANKNIFTY-III.NFO,28/11/2024,09:43:59,53522.35,53471.05,30,53519.95,120,0,3810
BANKNIFTY-III.NFO,28/11/2024,09:44:06,53519.95,53471.05,60,53519.9,120,30,3810
BANKNIFTY-III.NFO,28/11/2024,09:44:08,53481.05,53481,30,53519.9,120,60,3810
BANKNIFTY-III.NFO,28/11/2024,09:44:15,53481,53471,30,53519.9,120,30,3810
BANKNIFTY-III.NFO,28/11/2024,09:44:19,53481,53471,30,53518.95,120,0,3810
BANKNIFTY-III.NFO,28/11/2024,09:44:23,53518.95,53471.05,30,53518.9,60,30,3810
BANKNIFTY-III.NFO,28/11/2024,09:44:26,53518.95,53471.05,60,53481,30,0,3810
BANKNIFTY-III.NFO,28/11/2024,09:44:29,53518.95,53471.05,30,53481,30,0,3810
BANKNIFTY-III.NFO,28/11/2024,09:44:31,53518.95,53471,30,53481,30,0,3810
BANKNIFTY-III.NFO,28/11/2024,09:44:33,53518.95,53471.05,30,53481,30,0,3810
BANKNIFTY-III.NFO,28/11/2024,09:44:36,53466.25,53457.75,60,53481,60,300,3810
BANKNIFTY-III.NFO,28/11/2024,09:44:38,53466.25,53453.15,60,53481,60,0,3810
BANKNIFTY-III.NFO,28/11/2024,09:44:46,53466.25,53450,30,53466.25,30,0,3810
BANKNIFTY-III.NFO,28/11/2024,09:45:01,53466.25,53450,30,53466.2,60,0,3810
BANKNIFTY-III.NFO,28/11/2024,09:45:02,53466.25,53450,30,53466.2,90,0,3810
BANKNIFTY-III.NFO,28/11/2024,09:45:23,53466.25,53455,30,53466.2,90,0,3810
BANKNIFTY-III.NFO,28/11/2024,09:45:40,53466.2,53455,30,53466.15,60,30,3810
BANKNIFTY-III.NFO,28/11/2024,09:45:41,53466.2,53458,60,53466.25,60,0,3810
BANKNIFTY-III.NFO,28/11/2024,09:45:43,53466.2,53458.1,60,53466.25,60,0,3810
BANKNIFTY-III.NFO,28/11/2024,09:45:44,53466.2,53455,30,53466.2,60,0,3810
BANKNIFTY-III.NFO,28/11/2024,09:45:49,53466.2,53455.05,60,53466.25,30,0,3810
BANKNIFTY-III.NFO,28/11/2024,09:45:52,53466.2,53455,30,53466.2,60,0,3810
BANKNIFTY-III.NFO,28/11/2024,09:46:00,53466.2,53455.95,60,53466.25,30,30,4290
BANKNIFTY-III.NFO,28/11/2024,09:46:01,53466.2,53456.95,60,53466.25,30,0,4290
BANKNIFTY-III.NFO,28/11/2024,09:46:03,53466.2,53459.45,60,53466.25,30,0,4290
BANKNIFTY-III.NFO,28/11/2024,09:46:04,53466.2,53459.45,60,53479.7,60,0,4290
BANKNIFTY-III.NFO,28/11/2024,09:46:06,53466.2,53459.3,60,53479.7,60,0,4290
BANKNIFTY-III.NFO,28/11/2024,09:46:07,53466.2,53459.1,60,53479.7,60,0,4290
BANKNIFTY-III.NFO,28/11/2024,09:46:09,53466.2,53456.8,60,53479.7,60,0,4290
BANKNIFTY-III.NFO,28/11/2024,09:46:12,53466.2,53455.05,60,53479.7,60,0,4290
BANKNIFTY-III.NFO,28/11/2024,09:46:19,53466.2,53456.75,60,53479.7,60,0,4290
BANKNIFTY-III.NFO,28/11/2024,09:46:24,53466.2,53464.2,60,53488.05,60,0,4290
BANKNIFTY-III.NFO,28/11/2024,09:46:26,53466.2,53461.85,60,53488.05,60,0,4290
BANKNIFTY-III.NFO,28/11/2024,09:46:29,53466.2,53460.05,60,53488.05,60,0,4290
BANKNIFTY-III.NFO,28/11/2024,09:46:31,53466.2,53463,60,53488.05,60,0,4290
BANKNIFTY-III.NFO,28/11/2024,09:46:33,53466.2,53463.2,60,53488.05,60,0,4290
BANKNIFTY-III.NFO,28/11/2024,09:46:34,53466.2,53463.3,60,53488.05,60,0,4290
BANKNIFTY-III.NFO,28/11/2024,09:46:36,53466.2,53464.8,60,53488.05,60,0,4290
BANKNIFTY-III.NFO,28/11/2024,09:46:37,53466.2,53465.4,60,53489.85,60,0,4290
BANKNIFTY-III.NFO,28/11/2024,09:46:39,53466.2,53468.5,60,53494.05,60,0,4290
BANKNIFTY-III.NFO,28/11/2024,09:46:41,53466.2,53468.2,60,53494.05,60,0,4290
BANKNIFTY-III.NFO,28/11/2024,09:46:42,53466.2,53470.6,60,53494.05,60,0,4290
BANKNIFTY-III.NFO,28/11/2024,09:46:44,53466.2,53488.05,30,53494.05,60,0,4290
BANKNIFTY-III.NFO,28/11/2024,09:46:46,53466.2,53488.05,30,53497.45,60,0,4290
BANKNIFTY-III.NFO,28/11/2024,09:47:10,53466.2,53488.05,30,53498.95,90,0,4290
BANKNIFTY-III.NFO,28/11/2024,09:47:11,53466.2,53488.05,30,53498.95,60,0,4290
BANKNIFTY-III.NFO,28/11/2024,09:47:31,53466.2,53488.05,30,53498.95,90,0,4290
BANKNIFTY-III.NFO,28/11/2024,09:47:36,53466.2,53488.05,30,53498.95,60,0,4290
BANKNIFTY-III.NFO,28/11/2024,09:47:38,53466.2,53488.1,60,53498.95,60,0,4290
BANKNIFTY-III.NFO,28/11/2024,09:47:49,53466.2,53488.05,30,53498.95,60,0,4290
BANKNIFTY-III.NFO,28/11/2024,09:47:51,53498.95,53483.5,60,53498.95,30,30,4290
BANKNIFTY-III.NFO,28/11/2024,09:47:53,53499,53483.5,60,53499,270,60,4290
BANKNIFTY-III.NFO,28/11/2024,09:47:54,53499,53483.5,60,53499,270,0,4290
BANKNIFTY-III.NFO,28/11/2024,09:47:56,53499,53483.5,60,53499,180,90,4290
BANKNIFTY-III.NFO,28/11/2024,09:47:58,53499,53483.5,60,53499,180,0,4290
BANKNIFTY-III.NFO,28/11/2024,09:47:59,53499,53498.95,30,53499,180,0,4290
BANKNIFTY-III.NFO,28/11/2024,09:48:09,53499,53498.95,30,53499,150,30,4290
BANKNIFTY-III.NFO,28/11/2024,09:48:11,53499,53470.75,60,53499,120,30,4290
BANKNIFTY-III.NFO,28/11/2024,09:48:21,53499,53470.75,60,53499,180,0,4290
BANKNIFTY-III.NFO,28/11/2024,09:48:24,53499,53460.05,60,53499,120,0,4290
BANKNIFTY-III.NFO,28/11/2024,09:48:28,53499,53460.05,60,53499,180,0,4290
BANKNIFTY-III.NFO,28/11/2024,09:48:31,53499,53464.45,60,53499,120,0,4290
BANKNIFTY-III.NFO,28/11/2024,09:48:33,53499,53473.35,60,53499,120,0,4290
BANKNIFTY-III.NFO,28/11/2024,09:48:37,53499,53469.3,60,53499,150,0,4290
BANKNIFTY-III.NFO,28/11/2024,09:48:39,53499,53476.85,60,53499,150,0,4290
BANKNIFTY-III.NFO,28/11/2024,09:48:42,53499,53477.05,60,53499,150,0,4290
BANKNIFTY-III.NFO,28/11/2024,09:48:46,53499,53477.45,60,53499,150,0,4290
BANKNIFTY-III.NFO,28/11/2024,09:48:49,53499,53473.3,60,53499,150,0,4290
BANKNIFTY-III.NFO,28/11/2024,09:48:50,53499,53490,30,53499,120,0,4290
BANKNIFTY-III.NFO,28/11/2024,09:48:58,53499,53490,30,53499,150,0,4290
BANKNIFTY-III.NFO,28/11/2024,09:49:08,53499,53490,30,53495,60,0,4290
BANKNIFTY-III.NFO,28/11/2024,09:49:14,53495,53490,30,53495,30,30,4530
BANKNIFTY-III.NFO,28/11/2024,09:49:22,53495,53490,30,53498,120,0,4530
BANKNIFTY-III.NFO,28/11/2024,09:49:56,53495,53490,30,53495,30,0,4530
BANKNIFTY-III.NFO,28/11/2024,09:50:01,53495,53490,30,53498,120,30,4530
BANKNIFTY-III.NFO,28/11/2024,09:50:03,53495,53490,30,53498,90,0,4530
BANKNIFTY-III.NFO,28/11/2024,09:50:06,53495,53490.05,60,53498,90,0,4530
BANKNIFTY-III.NFO,28/11/2024,09:50:11,53498,53493.85,60,53498,30,60,4530
BANKNIFTY-III.NFO,28/11/2024,09:50:12,53499,53500,60,53530,30,150,4530
BANKNIFTY-III.NFO,28/11/2024,09:50:14,53499,53510,60,53530,30,0,4530
BANKNIFTY-III.NFO,28/11/2024,09:50:15,53499,53513.2,60,53530,30,0,4530
BANKNIFTY-III.NFO,28/11/2024,09:50:17,53499,53516.6,60,53530,30,0,4530
BANKNIFTY-III.NFO,28/11/2024,09:50:18,53499,53494.95,60,53529.95,60,0,4530
BANKNIFTY-III.NFO,28/11/2024,09:50:20,53499,53504.95,60,53529.95,90,0,4530
BANKNIFTY-III.NFO,28/11/2024,09:50:21,53499,53509.85,60,53530,30,0,4530
BANKNIFTY-III.NFO,28/11/2024,09:50:23,53499,53517.75,60,53530,30,0,4530
BANKNIFTY-III.NFO,28/11/2024,09:50:24,53499,53499.55,60,53530,30,0,4530
BANKNIFTY-III.NFO,28/11/2024,09:50:26,53499,53509.55,60,53530,30,0,4530
BANKNIFTY-III.NFO,28/11/2024,09:50:28,53499,53518.95,60,53530,30,0,4530
BANKNIFTY-III.NFO,28/11/2024,09:50:29,53499,53522.75,60,53530,30,0,4530
BANKNIFTY-III.NFO,28/11/2024,09:50:31,53499,53509.05,60,53530,60,0,4530
BANKNIFTY-III.NFO,28/11/2024,09:50:32,53499,53513.55,60,53530,30,0,4530
BANKNIFTY-III.NFO,28/11/2024,09:50:34,53499,53508.95,60,53530,60,0,4530
BANKNIFTY-III.NFO,28/11/2024,09:50:35,53529.95,53504.05,60,53529.95,30,60,4530
BANKNIFTY-III.NFO,28/11/2024,09:50:35,53530,53504.05,60,53529.95,30,0,4530
BANKNIFTY-III.NFO,28/11/2024,09:50:37,53529.95,53504.45,60,53530,90,0,4530
BANKNIFTY-III.NFO,28/11/2024,09:50:38,53529.95,53509.25,60,53530,30,0,4530
BANKNIFTY-III.NFO,28/11/2024,09:50:40,53529.95,53499.05,60,53536.3,30,0,4530
BANKNIFTY-III.NFO,28/11/2024,09:50:41,53529.95,53504.15,60,53536.3,30,0,4530
BANKNIFTY-III.NFO,28/11/2024,09:50:43,53529.95,53514.15,60,53536.3,30,0,4530
BANKNIFTY-III.NFO,28/11/2024,09:50:44,53529.95,53517.65,60,53536.3,90,0,4530
BANKNIFTY-III.NFO,28/11/2024,09:50:46,53529.95,53509.65,60,53536.3,90,0,4530
BANKNIFTY-III.NFO,28/11/2024,09:50:47,53529.95,53511.95,60,53536.3,90,0,4530
BANKNIFTY-III.NFO,28/11/2024,09:50:49,53529.95,53514.95,60,53536.3,30,0,4530
BANKNIFTY-III.NFO,28/11/2024,09:50:50,53529.95,53509.05,60,53536.3,90,0,4530
BANKNIFTY-III.NFO,28/11/2024,09:50:52,53529.95,53515.75,60,53536.3,30,0,4530
BANKNIFTY-III.NFO,28/11/2024,09:50:53,53529.95,53504.05,60,53536.3,30,0,4530
BANKNIFTY-III.NFO,28/11/2024,09:50:55,53529.95,53514.05,60,53536.3,30,0,4530
BANKNIFTY-III.NFO,28/11/2024,09:50:56,53529.95,53502.05,60,53536.3,30,0,4530
BANKNIFTY-III.NFO,28/11/2024,09:50:58,53529.95,53512.05,60,53536.3,30,0,4530
BANKNIFTY-III.NFO,28/11/2024,09:50:59,53529.95,53514.7,60,53536.3,30,0,4530
BANKNIFTY-III.NFO,28/11/2024,09:51:01,53529.95,53504.05,60,53536.3,30,0,4530
BANKNIFTY-III.NFO,28/11/2024,09:51:03,53529.95,53509.05,60,53536.3,30,0,4530
BANKNIFTY-III.NFO,28/11/2024,09:51:04,53529.95,53517.65,60,53550,60,0,4530
BANKNIFTY-III.NFO,28/11/2024,09:51:06,53529.95,53501.6,60,53550,60,0,4530
BANKNIFTY-III.NFO,28/11/2024,09:51:07,53529.95,53509.25,60,53550,60,0,4530
BANKNIFTY-III.NFO,28/11/2024,09:51:09,53550,53514.55,60,53550,30,30,4530
BANKNIFTY-III.NFO,28/11/2024,09:51:09,53550,53514.55,60,53550,30,0,4530
BANKNIFTY-III.NFO,28/11/2024,09:51:10,53550,53538.4,60,53595.95,60,30,4530
BANKNIFTY-III.NFO,28/11/2024,09:51:12,53550,53544.15,60,53595.95,60,0,4530
BANKNIFTY-III.NFO,28/11/2024,09:51:13,53550,53538.8,60,53595.95,60,0,4530
BANKNIFTY-III.NFO,28/11/2024,09:51:15,53550,53548.8,60,53595.95,60,0,4530
BANKNIFTY-III.NFO,28/11/2024,09:51:16,53550,53553.8,60,53595.95,60,0,4530
BANKNIFTY-III.NFO,28/11/2024,09:51:17,53550,53558.8,60,53595.95,60,0,4530
BANKNIFTY-III.NFO,28/11/2024,09:51:19,53558.8,53549.2,60,53587.8,30,30,4530
BANKNIFTY-III.NFO,28/11/2024,09:51:19,53558.8,53549.2,60,53587.8,30,0,4530
BANKNIFTY-III.NFO,28/11/2024,09:51:21,53558.8,53532.3,60,53582,30,0,4530
BANKNIFTY-III.NFO,28/11/2024,09:51:22,53582,53537.1,60,53599.85,60,30,4530
BANKNIFTY-III.NFO,28/11/2024,09:51:22,53582,53537.1,60,53599.85,60,0,4530
BANKNIFTY-III.NFO,28/11/2024,09:51:24,53582,53547.1,60,53599.85,60,0,4530
BANKNIFTY-III.NFO,28/11/2024,09:51:25,53582,53552.2,60,53599.85,60,0,4530
BANKNIFTY-III.NFO,28/11/2024,09:51:27,53582,53556.7,60,53599.85,60,0,4530
BANKNIFTY-III.NFO,28/11/2024,09:51:29,53582,53562.7,60,53599.85,60,0,4530
BANKNIFTY-III.NFO,28/11/2024,09:51:30,53582,53556,60,53599.85,60,0,4530
BANKNIFTY-III.NFO,28/11/2024,09:51:32,53582,53555.9,60,53599.85,60,0,4530
BANKNIFTY-III.NFO,28/11/2024,09:51:33,53599.85,53560.9,60,53599.85,30,30,4530
BANKNIFTY-III.NFO,28/11/2024,09:51:33,53599.85,53560.9,60,53599.85,30,0,4530
BANKNIFTY-III.NFO,28/11/2024,09:51:35,53599.85,53553.4,60,53599.85,60,0,4530
BANKNIFTY-III.NFO,28/11/2024,09:51:36,53599.85,53551.4,60,53599.85,60,0,4530
BANKNIFTY-III.NFO,28/11/2024,09:51:38,53599.85,53582,30,53599.85,90,0,4530
BANKNIFTY-III.NFO,28/11/2024,09:51:41,53551.35,53550.95,30,53599.85,90,60,4530
BANKNIFTY-III.NFO,28/11/2024,09:51:44,53551.35,53550.95,30,53599.85,90,0,4530
BANKNIFTY-III.NFO,28/11/2024,09:51:46,53551.35,53550.95,30,53598.85,60,0,4530
BANKNIFTY-III.NFO,28/11/2024,09:51:55,53551.35,53553.5,60,53598.85,60,0,4530
BANKNIFTY-III.NFO,28/11/2024,09:51:57,53553.7,53551.7,60,53589.7,30,30,4710
BANKNIFTY-III.NFO,28/11/2024,09:51:59,53587.45,53549.85,60,53587.5,60,30,4710
BANKNIFTY-III.NFO,28/11/2024,09:52:00,53587.5,53556.25,60,53598.85,60,30,4710
BANKNIFTY-III.NFO,28/11/2024,09:52:02,53587.5,53550.85,60,53598.85,60,0,4710
BANKNIFTY-III.NFO,28/11/2024,09:52:03,53587.5,53509.15,60,53598.85,60,0,4710
BANKNIFTY-III.NFO,28/11/2024,09:52:05,53587.5,53519.15,60,53598.85,60,0,4710
BANKNIFTY-III.NFO,28/11/2024,09:52:07,53587.5,53527.05,60,53598.85,60,0,4710
BANKNIFTY-III.NFO,28/11/2024,09:52:08,53587.5,53499.15,60,53598.85,60,0,4710
BANKNIFTY-III.NFO,28/11/2024,09:52:10,53587.5,53509.25,60,53598.85,60,0,4710
BANKNIFTY-III.NFO,28/11/2024,09:52:11,53587.5,53514.25,60,53598.85,60,0,4710
BANKNIFTY-III.NFO,28/11/2024,09:52:13,53587.5,53524.25,60,53598.85,60,0,4710
BANKNIFTY-III.NFO,28/11/2024,09:52:15,53587.5,53504.25,60,53598.85,60,0,4710
BANKNIFTY-III.NFO,28/11/2024,09:52:16,53587.5,53509.25,60,53598.85,60,0,4710
BANKNIFTY-III.NFO,28/11/2024,09:52:18,53587.5,53519.25,60,53598.85,60,0,4710
BANKNIFTY-III.NFO,28/11/2024,09:52:20,53587.5,53500.05,60,53598.85,60,0,4710
BANKNIFTY-III.NFO,28/11/2024,09:52:21,53587.5,53505.15,60,53598.85,60,0,4710
BANKNIFTY-III.NFO,28/11/2024,09:52:23,53587.5,53515.15,60,53598.85,60,0,4710
BANKNIFTY-III.NFO,28/11/2024,09:52:25,53587.5,53500.05,60,53598.85,60,0,4710
BANKNIFTY-III.NFO,28/11/2024,09:52:26,53598.85,53505.05,60,53598.9,210,30,4710
BANKNIFTY-III.NFO,28/11/2024,09:52:28,53598.85,53515.05,60,53598.9,210,0,4710
BANKNIFTY-III.NFO,28/11/2024,09:52:30,53598.85,53500.05,60,53598.9,210,0,4710
BANKNIFTY-III.NFO,28/11/2024,09:52:31,53598.9,53505.15,60,53598.9,180,30,4710
BANKNIFTY-III.NFO,28/11/2024,09:52:33,53598.9,53515.15,60,53598.9,180,0,4710
BANKNIFTY-III.NFO,28/11/2024,09:52:35,53598.9,53500.25,60,53598.9,180,0,4710
BANKNIFTY-III.NFO,28/11/2024,09:52:36,53598.9,53505.25,60,53598.9,180,0,4710
BANKNIFTY-III.NFO,28/11/2024,09:52:38,53598.9,53515.25,60,53598.9,180,0,4710
BANKNIFTY-III.NFO,28/11/2024,09:52:40,53598.9,53525.25,60,53598.9,180,0,4710
BANKNIFTY-III.NFO,28/11/2024,09:52:41,53598.9,53500.05,60,53598.9,180,0,4710
BANKNIFTY-III.NFO,28/11/2024,09:52:43,53598.9,53510.15,60,53598.9,180,0,4710
BANKNIFTY-III.NFO,28/11/2024,09:52:45,53598.9,53520.15,60,53598.9,180,0,4710
BANKNIFTY-III.NFO,28/11/2024,09:52:46,53598.9,53525.05,60,53598.9,180,0,4710
BANKNIFTY-III.NFO,28/11/2024,09:52:48,53598.9,53499.15,60,53598.9,180,0,4710
BANKNIFTY-III.NFO,28/11/2024,09:52:49,53598.9,53504.25,60,53598.9,240,0,4710
BANKNIFTY-III.NFO,28/11/2024,09:52:51,53598.9,53514.25,60,53598.9,240,0,4710
BANKNIFTY-III.NFO,28/11/2024,09:52:53,53598.9,53499.15,60,53598.9,240,0,4710
BANKNIFTY-III.NFO,28/11/2024,09:52:54,53598.9,53504.25,60,53598.9,390,0,4710
BANKNIFTY-III.NFO,28/11/2024,09:52:56,53514.25,53514.25,60,53598.85,30,30,4710
BANKNIFTY-III.NFO,28/11/2024,09:52:58,53514.25,53524.05,60,53598.85,90,0,4710
BANKNIFTY-III.NFO,28/11/2024,09:52:59,53514.25,53499.15,60,53598.85,90,0,4710
BANKNIFTY-III.NFO,28/11/2024,09:53:01,53514.25,53509.25,60,53598.85,90,0,4710
BANKNIFTY-III.NFO,28/11/2024,09:53:03,53514.25,53520.05,60,53598.85,90,0,4710
BANKNIFTY-III.NFO,28/11/2024,09:53:04,53514.25,53525.05,60,53598.85,90,0,4710
BANKNIFTY-III.NFO,28/11/2024,09:53:06,53514.25,53510.05,60,53598.85,90,0,4710
BANKNIFTY-III.NFO,28/11/2024,09:53:07,53514.25,53515.15,60,53598.85,90,0,4710
BANKNIFTY-III.NFO,28/11/2024,09:53:09,53514.25,53525.15,60,53598.85,90,0,4710
BANKNIFTY-III.NFO,28/11/2024,09:53:11,53514.25,53535.15,60,53598.85,90,0,4710
BANKNIFTY-III.NFO,28/11/2024,09:53:12,53514.25,53539.75,60,53598.85,90,0,4710
BANKNIFTY-III.NFO,28/11/2024,09:53:14,53598.85,53519.4,60,53598.85,60,30,4710
BANKNIFTY-III.NFO,28/11/2024,09:53:17,53598.85,53534.3,60,53598.9,390,0,4710
BANKNIFTY-III.NFO,28/11/2024,09:53:19,53598.85,53542.3,60,53598.9,390,0,4710
BANKNIFTY-III.NFO,28/11/2024,09:53:21,53598.85,53522.1,60,53598.9,390,0,4710
BANKNIFTY-III.NFO,28/11/2024,09:53:22,53598.85,53527.1,60,53598.9,390,0,4710
BANKNIFTY-III.NFO,28/11/2024,09:53:24,53598.85,53537.1,60,53598.9,390,0,4710
BANKNIFTY-III.NFO,28/11/2024,09:53:26,53598.85,53521.5,60,53598.9,390,0,4710
BANKNIFTY-III.NFO,28/11/2024,09:53:27,53598.85,53526.5,60,53598.9,390,0,4710
BANKNIFTY-III.NFO,28/11/2024,09:53:29,53598.85,53536.5,60,53598.9,390,0,4710
BANKNIFTY-III.NFO,28/11/2024,09:53:31,53598.85,53546.5,60,53598.9,390,0,4710
BANKNIFTY-III.NFO,28/11/2024,09:53:32,53598.85,53533.85,60,53598.9,390,0,4710
BANKNIFTY-III.NFO,28/11/2024,09:53:34,53598.85,53543.75,60,53598.85,90,0,4710
BANKNIFTY-III.NFO,28/11/2024,09:53:36,53598.85,53539.95,60,53598.85,90,0,4710
BANKNIFTY-III.NFO,28/11/2024,09:53:37,53598.85,53542.15,60,53598.85,90,0,4710
BANKNIFTY-III.NFO,28/11/2024,09:53:39,53598.85,53540.05,60,53598.85,90,0,4710
BANKNIFTY-III.NFO,28/11/2024,09:53:41,53598.85,53537.75,60,53598.85,90,0,4710
BANKNIFTY-III.NFO,28/11/2024,09:53:42,53598.85,53534.25,60,53598.85,90,0,4710
BANKNIFTY-III.NFO,28/11/2024,09:53:44,53598.85,53532.15,60,53598.85,90,0,4710
BANKNIFTY-III.NFO,28/11/2024,09:53:45,53598.85,53532.15,60,53598.9,390,30,4710
BANKNIFTY-III.NFO,28/11/2024,09:53:47,53598.85,53532.15,60,53598.9,390,0,4710
BANKNIFTY-III.NFO,28/11/2024,09:53:57,53598.85,53547.2,60,53598.9,390,0,4710
BANKNIFTY-III.NFO,28/11/2024,09:53:58,53598.85,53547.35,60,53598.9,390,0,4710
BANKNIFTY-III.NFO,28/11/2024,09:54:00,53598.85,53540.05,60,53598.9,390,0,4710
BANKNIFTY-III.NFO,28/11/2024,09:54:02,53598.85,53546.7,60,53598.85,30,0,4710
BANKNIFTY-III.NFO,28/11/2024,09:54:03,53598.85,53548.8,60,53598.85,30,0,4710
BANKNIFTY-III.NFO,28/11/2024,09:54:05,53598.85,53544.95,60,53598.85,90,0,4710
BANKNIFTY-III.NFO,28/11/2024,09:54:07,53598.85,53549.75,60,53598.85,90,0,4710
BANKNIFTY-III.NFO,28/11/2024,09:54:08,53598.85,53535.15,60,53598.85,90,0,4710
BANKNIFTY-III.NFO,28/11/2024,09:54:10,53598.85,53531.95,60,53598.85,90,0,4710
BANKNIFTY-III.NFO,28/11/2024,09:54:12,53598.85,53541.95,60,53598.85,90,0,4710
BANKNIFTY-III.NFO,28/11/2024,09:54:13,53598.85,53533.75,60,53598.85,90,0,4710
BANKNIFTY-III.NFO,28/11/2024,09:54:15,53533.75,53543.55,60,53598.8,90,30,4710
BANKNIFTY-III.NFO,28/11/2024,09:54:17,53533.75,53548.55,60,53598.8,90,0,4710
BANKNIFTY-III.NFO,28/11/2024,09:54:18,53533.75,53533.25,60,53598.8,30,0,4710
BANKNIFTY-III.NFO,28/11/2024,09:54:20,53533.75,53543.25,60,53598.8,30,0,4710
BANKNIFTY-III.NFO,28/11/2024,09:54:22,53533.75,53549.4,60,53598.8,30,0,4710
BANKNIFTY-III.NFO,28/11/2024,09:54:23,53533.75,53535.15,60,53598.8,30,0,4710
BANKNIFTY-III.NFO,28/11/2024,09:54:25,53533.75,53545.15,60,53598.8,30,0,4710
BANKNIFTY-III.NFO,28/11/2024,09:54:27,53533.75,53548.7,60,53598.8,30,0,4710
BANKNIFTY-III.NFO,28/11/2024,09:54:28,53533.75,53540.15,60,53598.8,30,0,4710
BANKNIFTY-III.NFO,28/11/2024,09:54:30,53533.75,53548.8,60,53598.8,30,0,4710
BANKNIFTY-III.NFO,28/11/2024,09:54:31,53533.75,53549.5,60,53597.95,30,0,4710
BANKNIFTY-III.NFO,28/11/2024,09:54:33,53533.75,53541.15,60,53597.95,30,0,4710
BANKNIFTY-III.NFO,28/11/2024,09:54:35,53533.75,53534.05,60,53597.95,30,0,4710
BANKNIFTY-III.NFO,28/11/2024,09:54:36,53533.75,53539.05,60,53597.95,30,0,4710
BANKNIFTY-III.NFO,28/11/2024,09:54:38,53533.75,53546.8,60,53597.95,30,0,4710
BANKNIFTY-III.NFO,28/11/2024,09:54:40,53597.95,53538.05,60,53598,90,30,4710
BANKNIFTY-III.NFO,28/11/2024,09:54:41,53597.95,53542.95,60,53598,150,0,4710
BANKNIFTY-III.NFO,28/11/2024,09:54:43,53597.95,53546.6,60,53598,150,0,4710
BANKNIFTY-III.NFO,28/11/2024,09:54:44,53597.95,53548.95,60,53598,150,0,4710
BANKNIFTY-III.NFO,28/11/2024,09:54:46,53597.95,53542.05,60,53598,120,30,4710
BANKNIFTY-III.NFO,28/11/2024,09:54:47,53598,53547.05,60,53598,90,30,4710
BANKNIFTY-III.NFO,28/11/2024,09:54:49,53598,53551.95,60,53598,90,0,4710
BANKNIFTY-III.NFO,28/11/2024,09:54:52,53598,53554,60,53598,90,0,4710
BANKNIFTY-III.NFO,28/11/2024,09:54:54,53598,53556.75,60,53598,90,0,4710
BANKNIFTY-III.NFO,28/11/2024,09:54:55,53598,53556.95,60,53598,90,0,4710
BANKNIFTY-III.NFO,28/11/2024,09:54:57,53598,53557.4,60,53598,90,0,4710
BANKNIFTY-III.NFO,28/11/2024,09:54:59,53598,53555.85,60,53598,90,0,4710
BANKNIFTY-III.NFO,28/11/2024,09:55:00,53598,53555.8,60,53598,90,0,4710
BANKNIFTY-III.NFO,28/11/2024,09:55:03,53598,53558.95,60,53598,90,0,4710
BANKNIFTY-III.NFO,28/11/2024,09:55:05,53598,53563,60,53598,90,0,4710
BANKNIFTY-III.NFO,28/11/2024,09:55:07,53598,53565.05,60,53598,60,0,4710
BANKNIFTY-III.NFO,28/11/2024,09:55:08,53598.85,53570.05,60,53598.9,270,90,4830
BANKNIFTY-III.NFO,28/11/2024,09:55:10,53598.9,53579,60,53598.9,90,180,4830
BANKNIFTY-III.NFO,28/11/2024,09:55:11,53598.9,53555.55,60,53598.9,90,30,4830
BANKNIFTY-III.NFO,28/11/2024,09:55:13,53598.9,53550.75,60,53598.9,90,0,4830
BANKNIFTY-III.NFO,28/11/2024,09:55:15,53598.9,53560.15,60,53598.9,90,0,4830
BANKNIFTY-III.NFO,28/11/2024,09:55:16,53598.9,53562.05,60,53598.9,90,0,4830
BANKNIFTY-III.NFO,28/11/2024,09:55:18,53598.9,53559.25,60,53598.9,90,0,4830
BANKNIFTY-III.NFO,28/11/2024,09:55:19,53599.8,53563.95,60,53599.9,30,150,4830
BANKNIFTY-III.NFO,28/11/2024,09:55:21,53599.8,53555.05,60,53599.9,30,0,4830
BANKNIFTY-III.NFO,28/11/2024,09:55:23,53599.8,53564.35,60,53599.9,30,0,4830
BANKNIFTY-III.NFO,28/11/2024,09:55:24,53600,53566.95,60,53600.1,30,120,4830
BANKNIFTY-III.NFO,28/11/2024,09:55:24,53600,53566.95,60,53600.1,30,0,4830
BANKNIFTY-III.NFO,28/11/2024,09:55:26,53604.6,53568.75,60,53604.9,30,120,4830
BANKNIFTY-III.NFO,28/11/2024,09:55:26,53604.6,53568.75,60,53604.9,30,0,4830
BANKNIFTY-III.NFO,28/11/2024,09:55:28,53604.6,53560.05,60,53607,30,0,4830
BANKNIFTY-III.NFO,28/11/2024,09:55:29,53604.6,53564.85,60,53607,30,0,4830
BANKNIFTY-III.NFO,28/11/2024,09:55:31,53604.6,53568.25,60,53607,30,0,4830
BANKNIFTY-III.NFO,28/11/2024,09:55:33,53604.6,53560.05,60,53607,30,0,4830
BANKNIFTY-III.NFO,28/11/2024,09:55:34,53604.6,53564.65,60,53607,30,0,4830
BANKNIFTY-III.NFO,28/11/2024,09:55:36,53604.6,53566.25,60,53607,30,0,4830
BANKNIFTY-III.NFO,28/11/2024,09:55:38,53604.6,53566.45,60,53607,30,0,4830
BANKNIFTY-III.NFO,28/11/2024,09:55:39,53604.6,53569.65,60,53607,30,0,4830
BANKNIFTY-III.NFO,28/11/2024,09:55:41,53604.6,53569.65,60,53607,30,30,4830
BANKNIFTY-III.NFO,28/11/2024,09:55:42,53604.6,53555.05,60,53607,30,0,4830
BANKNIFTY-III.NFO,28/11/2024,09:55:44,53604.6,53570.05,60,53607,30,0,4830
BANKNIFTY-III.NFO,28/11/2024,09:55:45,53604.6,53573.95,60,53607,30,0,4830
BANKNIFTY-III.NFO,28/11/2024,09:55:47,53604.6,53571.75,60,53607,30,0,4830
BANKNIFTY-III.NFO,28/11/2024,09:55:49,53607.95,53575.95,60,53612.15,30,120,4830
BANKNIFTY-III.NFO,28/11/2024,09:55:49,53607.95,53575.95,60,53612.15,30,0,4830
BANKNIFTY-III.NFO,28/11/2024,09:55:50,53607.95,53551.75,60,53614.5,30,0,4830
BANKNIFTY-III.NFO,28/11/2024,09:55:52,53607.95,53561.65,60,53614.5,30,0,4830
BANKNIFTY-III.NFO,28/11/2024,09:55:53,53607.95,53566.65,60,53614.5,30,0,4830
BANKNIFTY-III.NFO,28/11/2024,09:55:55,53607.95,53574.65,60,53614.5,30,0,4830
BANKNIFTY-III.NFO,28/11/2024,09:55:57,53607.95,53607.95,30,53744,120,0,4830
BANKNIFTY-III.NFO,28/11/2024,09:55:58,53607.95,53590.65,60,53744,120,30,4830
BANKNIFTY-III.NFO,28/11/2024,09:56:00,53607.95,53600.65,60,53744,120,0,4830
BANKNIFTY-III.NFO,28/11/2024,09:56:02,53607.95,53610.4,60,53744,120,0,4830
BANKNIFTY-III.NFO,28/11/2024,09:56:03,53610.4,53610.4,30,53743.95,60,30,4830
BANKNIFTY-III.NFO,28/11/2024,09:56:03,53610.4,53610.4,30,53743.95,60,0,4830
BANKNIFTY-III.NFO,28/11/2024,09:56:05,53610.4,53614.2,60,53743.95,60,0,4830
BANKNIFTY-III.NFO,28/11/2024,09:56:06,53610.4,53616.6,60,53743.95,60,0,4830
BANKNIFTY-III.NFO,28/11/2024,09:56:08,53743.95,53616.6,60,53650,30,30,4830
BANKNIFTY-III.NFO,28/11/2024,09:56:08,53743.95,53616.6,60,53650,30,0,4830
BANKNIFTY-III.NFO,28/11/2024,09:56:11,53650,53621.65,60,53744,120,30,4830
BANKNIFTY-III.NFO,28/11/2024,09:56:13,53650,53589.85,60,53744,120,0,4830
BANKNIFTY-III.NFO,28/11/2024,09:56:14,53650,53594.85,60,53744,120,0,4830
BANKNIFTY-III.NFO,28/11/2024,09:56:16,53650,53604.85,60,53744,120,0,4830
BANKNIFTY-III.NFO,28/11/2024,09:56:18,53650,53614.85,60,53744,120,0,4830
BANKNIFTY-III.NFO,28/11/2024,09:56:19,53650,53619.85,60,53744,120,0,4830
BANKNIFTY-III.NFO,28/11/2024,09:56:21,53650,53626.55,60,53744,120,0,4830
BANKNIFTY-III.NFO,28/11/2024,09:56:22,53650,53580.15,60,53744,120,0,4830
BANKNIFTY-III.NFO,28/11/2024,09:56:24,53650,53590.25,60,53744,120,0,4830
BANKNIFTY-III.NFO,28/11/2024,09:56:26,53650,53600.25,60,53744,120,0,4830
BANKNIFTY-III.NFO,28/11/2024,09:56:27,53650,53605.25,60,53744,120,0,4830
BANKNIFTY-III.NFO,28/11/2024,09:56:29,53650,53615.25,60,53744,120,0,4830
BANKNIFTY-III.NFO,28/11/2024,09:56:30,53615.25,53620.15,60,53743.95,90,30,4830
BANKNIFTY-III.NFO,28/11/2024,09:56:32,53615.25,53587.65,60,53743.95,90,0,4830
BANKNIFTY-III.NFO,28/11/2024,09:56:34,53615.25,53597.65,60,53743.95,90,0,4830
BANKNIFTY-III.NFO,28/11/2024,09:56:35,53615.25,53605.05,60,53743.95,90,0,4830
BANKNIFTY-III.NFO,28/11/2024,09:56:37,53615.25,53615.3,60,53743.95,90,0,4830
BANKNIFTY-III.NFO,28/11/2024,09:56:38,53615.25,53620.3,60,53743.95,90,0,4830
BANKNIFTY-III.NFO,28/11/2024,09:56:40,53615.25,53630.4,60,53743.95,90,0,4830
BANKNIFTY-III.NFO,28/11/2024,09:56:42,53615.25,53635.35,60,53699.45,90,0,4830
BANKNIFTY-III.NFO,28/11/2024,09:56:43,53615.25,53630.25,60,53699.45,90,0,4830
BANKNIFTY-III.NFO,28/11/2024,09:56:45,53615.25,53620.3,60,53699.45,90,0,4830
BANKNIFTY-III.NFO,28/11/2024,09:56:46,53615.25,53623.15,60,53699.45,90,0,4830
BANKNIFTY-III.NFO,28/11/2024,09:56:48,53615.25,53624.85,60,53699.45,90,0,4830
BANKNIFTY-III.NFO,28/11/2024,09:56:50,53615.25,53618.25,60,53699.45,90,0,4830
BANKNIFTY-III.NFO,28/11/2024,09:56:53,53615.25,53628.3,60,53699.45,90,0,4830
BANKNIFTY-III.NFO,28/11/2024,09:56:54,53633.3,53633.3,30,53699.4,60,60,4830
BANKNIFTY-III.NFO,28/11/2024,09:56:56,53633.3,53642.85,60,53699.4,120,0,4830
BANKNIFTY-III.NFO,28/11/2024,09:56:57,53762.7,53632.7,60,53733.05,30,630,4830
BANKNIFTY-III.NFO,28/11/2024,09:56:57,53762.7,53632.7,60,53733.05,30,0,4830
BANKNIFTY-III.NFO,28/11/2024,09:56:59,53762.7,53642.7,60,53733.05,30,0,4830
BANKNIFTY-III.NFO,28/11/2024,09:57:01,53642.65,53630.15,60,53733.05,60,150,4830
BANKNIFTY-III.NFO,28/11/2024,09:57:04,53733.05,53640.2,30,53733.05,60,30,4830
BANKNIFTY-III.NFO,28/11/2024,09:57:05,53640.05,53630.15,60,53727.95,60,150,4830
BANKNIFTY-III.NFO,28/11/2024,09:57:07,53640.05,53630.15,60,53717.95,60,0,4830
BANKNIFTY-III.NFO,28/11/2024,09:57:09,53640.05,53630.15,60,53707.95,60,0,4830
BANKNIFTY-III.NFO,28/11/2024,09:57:10,53640.05,53630.15,60,53702.95,60,0,4830
BANKNIFTY-III.NFO,28/11/2024,09:57:12,53640.05,53630.15,60,53692.95,60,0,4830
BANKNIFTY-III.NFO,28/11/2024,09:57:13,53630.15,53615.3,60,53689.25,60,30,4830
BANKNIFTY-III.NFO,28/11/2024,09:57:15,53630.15,53615.3,60,53731.55,60,0,4830
BANKNIFTY-III.NFO,28/11/2024,09:57:17,53630.15,53615.3,60,53721.55,60,0,4830
BANKNIFTY-III.NFO,28/11/2024,09:57:18,53630.15,53615.3,60,53716.55,60,0,4830
BANKNIFTY-III.NFO,28/11/2024,09:57:20,53630.15,53615.3,60,53706.55,60,0,4830
BANKNIFTY-III.NFO,28/11/2024,09:57:22,53630.15,53615.3,60,53696.55,60,0,4830
BANKNIFTY-III.NFO,28/11/2024,09:57:23,53630.15,53615.3,60,53691.55,60,0,4830
BANKNIFTY-III.NFO,28/11/2024,09:57:25,53630.15,53615.3,60,53727.85,60,0,4830
BANKNIFTY-III.NFO,28/11/2024,09:57:27,53630.15,53615.3,60,53717.85,60,0,4830
BANKNIFTY-III.NFO,28/11/2024,09:57:28,53630.15,53615.3,60,53712.85,60,0,4830
BANKNIFTY-III.NFO,28/11/2024,09:57:30,53630.15,53615.3,60,53702.85,60,0,4830
BANKNIFTY-III.NFO,28/11/2024,09:57:32,53630.15,53615.3,60,53692.85,60,0,4830
BANKNIFTY-III.NFO,28/11/2024,09:57:33,53615.3,53615.3,30,53687.85,60,30,4830
BANKNIFTY-III.NFO,28/11/2024,09:57:35,53615.3,53615.3,30,53678.75,60,0,4830
BANKNIFTY-III.NFO,28/11/2024,09:57:36,53615.3,53615.3,30,53673.75,60,0,4830
BANKNIFTY-III.NFO,28/11/2024,09:57:38,53615.3,53615.3,60,53668.4,60,0,4830
BANKNIFTY-III.NFO,28/11/2024,09:57:40,53615.3,53615.3,60,53673.2,60,0,4830
BANKNIFTY-III.NFO,28/11/2024,09:57:41,53615.3,53615.3,60,53670.7,60,0,4830
BANKNIFTY-III.NFO,28/11/2024,09:57:46,53615.3,53600,60,53669.6,60,30,4830
BANKNIFTY-III.NFO,28/11/2024,09:57:48,53615.3,53600,120,53669.6,60,0,4830
BANKNIFTY-III.NFO,28/11/2024,09:57:50,53615.3,53616,30,53669.6,60,0,4830
BANKNIFTY-III.NFO,28/11/2024,09:57:53,53615.3,53616,90,53678.05,60,0,4830
BANKNIFTY-III.NFO,28/11/2024,09:57:55,53615.3,53616,90,53671.9,60,0,4830
BANKNIFTY-III.NFO,28/11/2024,09:57:56,53616,53600,90,53670.3,60,30,5010
BANKNIFTY-III.NFO,28/11/2024,09:58:01,53616,53615.45,120,53692.65,60,0,5010
BANKNIFTY-III.NFO,28/11/2024,09:58:03,53616,53615.45,120,53682.55,60,0,5010
BANKNIFTY-III.NFO,28/11/2024,09:58:04,53616,53615.45,120,53677.55,60,0,5010
BANKNIFTY-III.NFO,28/11/2024,09:58:06,53616,53615.45,120,53677.4,60,0,5010
BANKNIFTY-III.NFO,28/11/2024,09:58:08,53616,53615.45,120,53677,60,0,5010
BANKNIFTY-III.NFO,28/11/2024,09:58:09,53616,53615.45,120,53676.7,60,0,5010
BANKNIFTY-III.NFO,28/11/2024,09:58:13,53616,53615.45,120,53673.5,60,0,5010
BANKNIFTY-III.NFO,28/11/2024,09:58:14,53616,53615.45,120,53671.1,60,0,5010
BANKNIFTY-III.NFO,28/11/2024,09:58:17,53671.1,53615.5,60,53673.05,60,30,5010
BANKNIFTY-III.NFO,28/11/2024,09:58:19,53671.1,53615.5,60,53677.95,60,0,5010
BANKNIFTY-III.NFO,28/11/2024,09:58:21,53671.1,53615.5,60,53672.95,60,0,5010
BANKNIFTY-III.NFO,28/11/2024,09:58:22,53678.05,53618.05,30,53675.55,60,30,5010
BANKNIFTY-III.NFO,28/11/2024,09:58:24,53671.1,53621.75,30,53669.65,60,30,5010
BANKNIFTY-III.NFO,28/11/2024,09:58:26,53671.1,53621.75,30,53668.05,60,0,5010
BANKNIFTY-III.NFO,28/11/2024,09:58:27,53671.1,53615.8,30,53670.9,60,0,5010
BANKNIFTY-III.NFO,28/11/2024,09:58:29,53671.1,53620.4,30,53668.4,60,0,5010
BANKNIFTY-III.NFO,28/11/2024,09:58:31,53671.1,53621.2,30,53669.45,60,0,5010
BANKNIFTY-III.NFO,28/11/2024,09:58:32,53671.1,53650,30,53668.25,90,0,5010
BANKNIFTY-III.NFO,28/11/2024,09:58:36,53671.1,53650,30,53666.55,60,0,5010
BANKNIFTY-III.NFO,28/11/2024,09:58:37,53650,53625.15,30,53660.35,60,30,5010
BANKNIFTY-III.NFO,28/11/2024,09:58:39,53650,53615.5,30,53650.75,60,0,5010
BANKNIFTY-III.NFO,28/11/2024,09:58:41,53650,53615.5,30,53640.75,60,0,5010
BANKNIFTY-III.NFO,28/11/2024,09:58:42,53650,53650,30,53661.7,90,0,5010
BANKNIFTY-III.NFO,28/11/2024,09:58:44,53650,53622.75,30,53653.8,60,30,5010
BANKNIFTY-III.NFO,28/11/2024,09:58:45,53653.8,53622.75,60,53656.65,60,30,5010
BANKNIFTY-III.NFO,28/11/2024,09:58:47,53653.8,53622.75,60,53649.95,60,0,5010
BANKNIFTY-III.NFO,28/11/2024,09:58:52,53653.8,53622.75,60,53650,30,0,5010
BANKNIFTY-III.NFO,28/11/2024,09:59:09,53650,53622.75,60,53655.65,60,30,5010
BANKNIFTY-III.NFO,28/11/2024,09:59:11,53650,53622.75,60,53653.8,60,0,5010
BANKNIFTY-III.NFO,28/11/2024,09:59:13,53650,53615.55,60,53648.9,120,0,5010
BANKNIFTY-III.NFO,28/11/2024,09:59:14,53650,53615.55,60,53648.8,60,0,5010
BANKNIFTY-III.NFO,28/11/2024,09:59:16,53650,53615.55,60,53650.05,60,0,5010
BANKNIFTY-III.NFO,28/11/2024,09:59:18,53650,53615.55,60,53648.55,60,0,5010
BANKNIFTY-III.NFO,28/11/2024,09:59:19,53650,53615.55,60,53648.25,60,0,5010
BANKNIFTY-III.NFO,28/11/2024,09:59:21,53650,53615.55,60,53650.15,60,0,5010
BANKNIFTY-III.NFO,28/11/2024,09:59:24,53650,53615.55,60,53653.85,60,0,5010
BANKNIFTY-III.NFO,28/11/2024,09:59:27,53650,53615.55,60,53649.95,60,0,5010
BANKNIFTY-III.NFO,28/11/2024,09:59:37,53650,53615.55,60,53650,30,0,5010
BANKNIFTY-III.NFO,28/11/2024,09:59:45,53650,53615.55,60,53655.15,60,30,5010
BANKNIFTY-III.NFO,28/11/2024,09:59:47,53650,53615.55,60,53652.6,60,0,5010
BANKNIFTY-III.NFO,28/11/2024,09:59:49,53650,53615.55,60,53652.3,60,0,5010
BANKNIFTY-III.NFO,28/11/2024,09:59:52,53650,53615.55,60,53655.05,60,0,5010
BANKNIFTY-III.NFO,28/11/2024,09:59:54,53650,53615.55,60,53656.25,60,0,5010
BANKNIFTY-III.NFO,28/11/2024,09:59:55,53650,53615.55,60,53656.05,60,0,5010
BANKNIFTY-III.NFO,28/11/2024,09:59:59,53650,53615.55,60,53656.55,120,0,5010
BANKNIFTY-III.NFO,28/11/2024,10:00:00,53650,53615.65,60,53659.4,60,0,5010
BANKNIFTY-III.NFO,28/11/2024,10:00:02,53650,53615.65,60,53659.4,120,0,5010
BANKNIFTY-III.NFO,28/11/2024,10:00:04,53650,53644.9,60,53661.9,60,0,5010
BANKNIFTY-III.NFO,28/11/2024,10:00:05,53650,53644.85,60,53661.9,60,0,5010
BANKNIFTY-III.NFO,28/11/2024,10:00:22,53650,53650,30,53661.9,60,0,5010
BANKNIFTY-III.NFO,28/11/2024,10:00:29,53650,53650,30,53661.75,60,0,5010
BANKNIFTY-III.NFO,28/11/2024,10:00:32,53661.75,53644.85,60,53661.9,30,30,5010
BANKNIFTY-III.NFO,28/11/2024,10:00:34,53661.75,53644.85,60,53661.8,30,0,5010
BANKNIFTY-III.NFO,28/11/2024,10:00:35,53661.75,53644.85,60,53661.9,30,0,5010
BANKNIFTY-III.NFO,28/11/2024,10:00:42,53661.75,53644.85,90,53669,30,0,5010
BANKNIFTY-III.NFO,28/11/2024,10:00:43,53661.75,53644.85,90,53666.3,60,0,5010
BANKNIFTY-III.NFO,28/11/2024,10:00:47,53661.75,53644.9,60,53667.8,30,0,5010
BANKNIFTY-III.NFO,28/11/2024,10:00:48,53661.75,53644.9,60,53666.55,120,30,5010
BANKNIFTY-III.NFO,28/11/2024,10:00:50,53661.75,53644.9,60,53671.1,30,0,5010
BANKNIFTY-III.NFO,28/11/2024,10:00:52,53661.75,53644.9,60,53661.75,90,0,5010
BANKNIFTY-III.NFO,28/11/2024,10:01:00,53644.85,53646.3,30,53672.15,60,90,5130
BANKNIFTY-III.NFO,28/11/2024,10:01:01,53672.15,53649.2,30,53680.5,60,30,5130
BANKNIFTY-III.NFO,28/11/2024,10:01:03,53672.15,53650.25,30,53680.4,60,0,5130
BANKNIFTY-III.NFO,28/11/2024,10:01:04,53672.15,53650.85,30,53680.3,60,0,5130
BANKNIFTY-III.NFO,28/11/2024,10:01:06,53672.15,53651.15,30,53680.5,60,0,5130
BANKNIFTY-III.NFO,28/11/2024,10:01:09,53672.15,53651.15,30,53680.3,60,0,5130
BANKNIFTY-III.NFO,28/11/2024,10:01:11,53672.15,53651.6,30,53680.95,60,0,5130
BANKNIFTY-III.NFO,28/11/2024,10:01:13,53672.15,53649.7,30,53680.75,60,0,5130
BANKNIFTY-III.NFO,28/11/2024,10:01:14,53672.15,53649.7,30,53680.2,60,0,5130
BANKNIFTY-III.NFO,28/11/2024,10:01:17,53650.4,53650.4,60,53681.5,60,30,5130
BANKNIFTY-III.NFO,28/11/2024,10:01:19,53650.4,53650.4,60,53683.95,30,0,5130
BANKNIFTY-III.NFO,28/11/2024,10:01:20,53650.4,53650.4,60,53682.3,60,0,5130
BANKNIFTY-III.NFO,28/11/2024,10:01:24,53650.4,53650.4,60,53681.6,60,0,5130
BANKNIFTY-III.NFO,28/11/2024,10:01:27,53650.4,53650.4,90,53681.6,60,0,5130
BANKNIFTY-III.NFO,28/11/2024,10:01:30,53650.4,53650.4,90,53683.9,60,0,5130
BANKNIFTY-III.NFO,28/11/2024,10:01:32,53650.4,53675.45,30,53695.15,90,0,5130
BANKNIFTY-III.NFO,28/11/2024,10:01:33,53650.4,53675.45,30,53690.35,90,0,5130
BANKNIFTY-III.NFO,28/11/2024,10:01:37,53650.4,53675.45,60,53699.75,150,0,5130
BANKNIFTY-III.NFO,28/11/2024,10:01:38,53650.4,53675.45,60,53695.95,90,0,5130
BANKNIFTY-III.NFO,28/11/2024,10:01:40,53650.4,53675.45,30,53695.95,90,0,5130
BANKNIFTY-III.NFO,28/11/2024,10:01:43,53650.4,53675.45,60,53695.95,90,0,5130
BANKNIFTY-III.NFO,28/11/2024,10:01:45,53675.45,53650.4,90,53691.05,60,30,5130
BANKNIFTY-III.NFO,28/11/2024,10:01:46,53675.45,53650.4,90,53689.75,60,0,5130
BANKNIFTY-III.NFO,28/11/2024,10:01:48,53675.45,53650.4,90,53685.6,60,0,5130
BANKNIFTY-III.NFO,28/11/2024,10:01:58,53675.45,53650.4,90,53687.65,60,0,5130
BANKNIFTY-III.NFO,28/11/2024,10:02:01,53675.45,53650.45,60,53685.15,60,0,5130
BANKNIFTY-III.NFO,28/11/2024,10:02:03,53675.45,53650.4,30,53695.9,60,0,5130
BANKNIFTY-III.NFO,28/11/2024,10:02:04,53675.45,53650.4,30,53690.8,60,0,5130
BANKNIFTY-III.NFO,28/11/2024,10:02:06,53675.45,53650.4,30,53682,60,0,5130
BANKNIFTY-III.NFO,28/11/2024,10:02:08,53650.4,53640.1,60,53675.6,60,30,5130
BANKNIFTY-III.NFO,28/11/2024,10:02:09,53650.4,53640.1,60,53675.6,60,0,5130
BANKNIFTY-III.NFO,28/11/2024,10:02:11,53650.4,53640.1,60,53685.9,60,0,5130
BANKNIFTY-III.NFO,28/11/2024,10:02:13,53650.4,53640.1,60,53691.4,60,0,5130
BANKNIFTY-III.NFO,28/11/2024,10:02:14,53650.4,53640.1,60,53686.4,60,0,5130
BANKNIFTY-III.NFO,28/11/2024,10:02:16,53650.4,53640.1,60,53688.3,60,0,5130
BANKNIFTY-III.NFO,28/11/2024,10:02:17,53650.4,53640.1,60,53695.5,60,0,5130
BANKNIFTY-III.NFO,28/11/2024,10:02:19,53690.5,53642.55,30,53688,60,30,5130
BANKNIFTY-III.NFO,28/11/2024,10:02:21,53645.65,53645.6,60,53686.1,60,30,5130
BANKNIFTY-III.NFO,28/11/2024,10:02:22,53645.65,53645.6,60,53685.1,60,0,5130
BANKNIFTY-III.NFO,28/11/2024,10:02:24,53645.65,53645.6,60,53683.5,60,0,5130
BANKNIFTY-III.NFO,28/11/2024,10:02:27,53645.65,53645.6,60,53686.35,120,0,5130
BANKNIFTY-III.NFO,28/11/2024,10:02:31,53645.65,53645.6,60,53685.85,60,0,5130
BANKNIFTY-III.NFO,28/11/2024,10:02:32,53645.65,53645.6,60,53685.75,60,0,5130
BANKNIFTY-III.NFO,28/11/2024,10:02:34,53645.65,53640.1,60,53682.15,60,0,5130
BANKNIFTY-III.NFO,28/11/2024,10:02:36,53645.65,53640.1,60,53684.45,60,0,5130
BANKNIFTY-III.NFO,28/11/2024,10:02:37,53645.65,53640.1,60,53686.2,60,0,5130
BANKNIFTY-III.NFO,28/11/2024,10:02:39,53645.65,53640.1,60,53685.9,60,0,5130
BANKNIFTY-III.NFO,28/11/2024,10:02:42,53645.65,53640.1,60,53690.45,60,0,5130
BANKNIFTY-III.NFO,28/11/2024,10:02:44,53685.05,53641.3,30,53684.6,60,60,5130
BANKNIFTY-III.NFO,28/11/2024,10:02:46,53641.3,53641.25,60,53684.3,60,30,5130
BANKNIFTY-III.NFO,28/11/2024,10:02:47,53641.3,53641.25,60,53686.1,60,0,5130
BANKNIFTY-III.NFO,28/11/2024,10:02:49,53641.3,53641.25,60,53690.9,60,0,5130
BANKNIFTY-III.NFO,28/11/2024,10:02:51,53691.6,53642,30,53691.6,60,30,5130
BANKNIFTY-III.NFO,28/11/2024,10:02:52,53691.6,53647,30,53691.6,60,0,5130
BANKNIFTY-III.NFO,28/11/2024,10:02:54,53691.6,53652.7,30,53697.3,60,0,5130
BANKNIFTY-III.NFO,28/11/2024,10:02:56,53691.6,53648.4,30,53696.6,60,0,5130
BANKNIFTY-III.NFO,28/11/2024,10:02:57,53691.6,53641.4,30,53696.6,60,0,5130
BANKNIFTY-III.NFO,28/11/2024,10:02:59,53691.6,53651.3,30,53697.75,30,0,5130
BANKNIFTY-III.NFO,28/11/2024,10:03:00,53691.6,53643.1,30,53697.75,30,0,5130
BANKNIFTY-III.NFO,28/11/2024,10:03:02,53691.6,53649.45,30,53696.8,60,0,5130
BANKNIFTY-III.NFO,28/11/2024,10:03:04,53691.6,53649.65,30,53694.4,60,0,5130
BANKNIFTY-III.NFO,28/11/2024,10:03:05,53691.6,53645.8,30,53691.95,60,0,5130
BANKNIFTY-III.NFO,28/11/2024,10:03:07,53691.6,53650.05,90,53692.6,30,30,5130
BANKNIFTY-III.NFO,28/11/2024,10:03:08,53691.6,53651.45,30,53692.6,30,0,5130
BANKNIFTY-III.NFO,28/11/2024,10:03:10,53691.6,53650.05,30,53691.65,60,0,5130
BANKNIFTY-III.NFO,28/11/2024,10:03:12,53691.6,53650.05,30,53689.5,60,0,5130
BANKNIFTY-III.NFO,28/11/2024,10:03:15,53691.6,53650.05,30,53689.1,60,0,5130
BANKNIFTY-III.NFO,28/11/2024,10:03:16,53691.6,53650.05,30,53688.8,120,0,5130
BANKNIFTY-III.NFO,28/11/2024,10:03:18,53691.6,53650.05,30,53688.3,60,0,5130
BANKNIFTY-III.NFO,28/11/2024,10:03:19,53691.6,53650.05,30,53687.8,60,0,5130
BANKNIFTY-III.NFO,28/11/2024,10:03:21,53691.6,53650.05,30,53690.45,60,0,5130
BANKNIFTY-III.NFO,28/11/2024,10:03:23,53691.6,53650.05,30,53689.65,60,0,5130
BANKNIFTY-III.NFO,28/11/2024,10:03:26,53691.6,53650.05,30,53692.55,60,0,5130
BANKNIFTY-III.NFO,28/11/2024,10:03:27,53650.05,53650,30,53692.55,60,30,5130
BANKNIFTY-III.NFO,28/11/2024,10:03:29,53650.05,53650,30,53689.75,60,0,5130
BANKNIFTY-III.NFO,28/11/2024,10:03:30,53650.05,53650,30,53687.95,60,0,5130
BANKNIFTY-III.NFO,28/11/2024,10:03:35,53650.05,53650,30,53691.35,60,0,5130
BANKNIFTY-III.NFO,28/11/2024,10:03:37,53650.05,53650,30,53690.05,60,0,5130
BANKNIFTY-III.NFO,28/11/2024,10:03:38,53650.05,53650,30,53689.95,60,0,5130
BANKNIFTY-III.NFO,28/11/2024,10:03:43,53650.05,53650,30,53692.55,60,0,5130
BANKNIFTY-III.NFO,28/11/2024,10:03:46,53650.05,53650,30,53690.5,60,0,5130
BANKNIFTY-III.NFO,28/11/2024,10:03:47,53650.05,53650,30,53689.05,60,0,5130
BANKNIFTY-III.NFO,28/11/2024,10:03:50,53650.05,53650,30,53692.55,60,0,5130
BANKNIFTY-III.NFO,28/11/2024,10:03:57,53650.05,53650,30,53692.15,60,0,5130
BANKNIFTY-III.NFO,28/11/2024,10:03:58,53650.05,53650,30,53692.05,60,0,5130
BANKNIFTY-III.NFO,28/11/2024,10:04:00,53650.05,53650.05,60,53692.55,60,0,5130
BANKNIFTY-III.NFO,28/11/2024,10:04:03,53650.05,53650,30,53692.55,60,0,5130
BANKNIFTY-III.NFO,28/11/2024,10:04:08,53650.05,53650,30,53692.05,120,0,5130
BANKNIFTY-III.NFO,28/11/2024,10:04:09,53650.05,53650.05,60,53689.25,60,0,5130
BANKNIFTY-III.NFO,28/11/2024,10:04:12,53650.05,53650.05,60,53688.65,60,0,5130
BANKNIFTY-III.NFO,28/11/2024,10:04:14,53650.05,53650.05,60,53688.55,60,0,5130
BANKNIFTY-III.NFO,28/11/2024,10:04:17,53650.05,53650.05,60,53690.5,60,0,5130
BANKNIFTY-III.NFO,28/11/2024,10:04:18,53650.05,53650.05,60,53689.35,60,0,5130
BANKNIFTY-III.NFO,28/11/2024,10:04:20,53689.35,53650.05,60,53689.35,60,60,5130
BANKNIFTY-III.NFO,28/11/2024,10:04:23,53689.35,53650.05,60,53692.55,60,0,5130
BANKNIFTY-III.NFO,28/11/2024,10:04:25,53689.35,53650.05,60,53691.3,120,0,5130
BANKNIFTY-III.NFO,28/11/2024,10:04:26,53689.35,53650.05,60,53688.4,60,0,5130
BANKNIFTY-III.NFO,28/11/2024,10:04:31,53689.35,53650.05,60,53690.8,60,0,5130
BANKNIFTY-III.NFO,28/11/2024,10:04:33,53689.35,53650.05,60,53690.1,60,0,5130
BANKNIFTY-III.NFO,28/11/2024,10:04:35,53689.35,53665.35,30,53690.05,60,60,5130
BANKNIFTY-III.NFO,28/11/2024,10:04:36,53689.35,53665.4,60,53697.7,60,0,5130
BANKNIFTY-III.NFO,28/11/2024,10:04:40,53689.35,53665.35,30,53689.95,60,0,5130
BANKNIFTY-III.NFO,28/11/2024,10:04:41,53689.35,53665.4,60,53689.95,60,0,5130
BANKNIFTY-III.NFO,28/11/2024,10:04:43,53689.35,53665.35,30,53689.95,60,0,5130
BANKNIFTY-III.NFO,28/11/2024,10:04:45,53689.35,53665.35,30,53689.95,90,0,5130
BANKNIFTY-III.NFO,28/11/2024,10:04:46,53689.35,53685,30,53689.95,90,0,5130
BANKNIFTY-III.NFO,28/11/2024,10:04:50,53685,53650,60,53684.2,60,30,5130
BANKNIFTY-III.NFO,28/11/2024,10:04:51,53685,53650.05,60,53683.45,60,0,5130
BANKNIFTY-III.NFO,28/11/2024,10:04:59,53685,53650.05,60,53685.7,60,0,5130
BANKNIFTY-III.NFO,28/11/2024,10:05:01,53685,53650.05,60,53684.95,60,0,5130
BANKNIFTY-III.NFO,28/11/2024,10:05:17,53684.95,53650.05,60,53684.95,30,30,5130
BANKNIFTY-III.NFO,28/11/2024,10:05:22,53650.05,53650.05,60,53684.95,60,30,5130
BANKNIFTY-III.NFO,28/11/2024,10:05:35,53650.05,53650,60,53680.15,60,0,5130
BANKNIFTY-III.NFO,28/11/2024,10:05:36,53650.05,53650,60,53679.45,60,0,5130
BANKNIFTY-III.NFO,28/11/2024,10:05:38,53650.05,53650,60,53678.75,60,0,5130
BANKNIFTY-III.NFO,28/11/2024,10:05:40,53650.05,53650,60,53679.75,60,0,5130
BANKNIFTY-III.NFO,28/11/2024,10:05:41,53650,53640.1,60,53679.75,60,60,5130
BANKNIFTY-III.NFO,28/11/2024,10:05:43,53650,53640.1,60,53679.75,60,0,5130
BANKNIFTY-III.NFO,28/11/2024,10:05:44,53650,53640.1,120,53680.95,60,0,5130
BANKNIFTY-III.NFO,28/11/2024,10:05:46,53650,53640.3,60,53680.95,60,0,5130
BANKNIFTY-III.NFO,28/11/2024,10:05:48,53650,53643.65,60,53684.5,60,0,5130
BANKNIFTY-III.NFO,28/11/2024,10:05:49,53650,53645.45,60,53688.4,60,0,5130
BANKNIFTY-III.NFO,28/11/2024,10:05:51,53650,53646.35,60,53688.4,60,0,5130
BANKNIFTY-III.NFO,28/11/2024,10:05:53,53650,53646.85,60,53688.7,60,0,5130
BANKNIFTY-III.NFO,28/11/2024,10:05:54,53650,53642.85,60,53686.8,60,0,5130
BANKNIFTY-III.NFO,28/11/2024,10:05:56,53650,53642.85,60,53685.8,60,0,5130
BANKNIFTY-III.NFO,28/11/2024,10:05:57,53650,53642.85,60,53685.6,60,0,5130
BANKNIFTY-III.NFO,28/11/2024,10:05:59,53650,53642.85,60,53685,60,0,5130
BANKNIFTY-III.NFO,28/11/2024,10:06:01,53650,53640.65,60,53684.7,60,0,5130
BANKNIFTY-III.NFO,28/11/2024,10:06:02,53650,53642.55,60,53689.6,60,0,5130
BANKNIFTY-III.NFO,28/11/2024,10:06:04,53650,53642.55,60,53686.55,60,0,5130
BANKNIFTY-III.NFO,28/11/2024,10:06:06,53650,53642.65,60,53686.7,60,0,5130
BANKNIFTY-III.NFO,28/11/2024,10:06:07,53650,53642.65,60,53685.45,60,0,5130
BANKNIFTY-III.NFO,28/11/2024,10:06:09,53650,53640.1,60,53684.8,60,0,5130
BANKNIFTY-III.NFO,28/11/2024,10:06:10,53650,53640.1,60,53682.9,60,0,5130
BANKNIFTY-III.NFO,28/11/2024,10:06:12,53650,53640.1,60,53682.2,60,0,5130
BANKNIFTY-III.NFO,28/11/2024,10:06:14,53650,53640.7,120,53682.2,60,0,5130
BANKNIFTY-III.NFO,28/11/2024,10:06:25,53650,53640.1,60,53678.55,60,0,5130
BANKNIFTY-III.NFO,28/11/2024,10:06:26,53650,53639.8,60,53677.45,60,0,5130
BANKNIFTY-III.NFO,28/11/2024,10:06:28,53650,53639.8,60,53677.25,60,0,5130
BANKNIFTY-III.NFO,28/11/2024,10:06:30,53650,53637.65,30,53672.3,60,0,5130
