Ticker,Date,Time,LTP,BuyPrice,BuyQty,SellPrice,SellQty,LTQ,OpenInterest
BANKNIFTY-II.NFO,08/08/2024,09:15:01,50596.85,50545.3,60,50589.95,30,30,240465
BANKNIFTY-II.NFO,08/08/2024,09:15:01,50596.85,50545.3,60,50589.95,30,0,240465
BANKNIFTY-II.NFO,08/08/2024,09:15:01,50596.85,50545.3,60,50589.95,30,0,240465
BANKNIFTY-II.NFO,08/08/2024,09:15:01,50596.85,50545.3,60,50589.95,30,0,240465
BANKNIFTY-II.NFO,08/08/2024,09:15:02,50540,50531.95,30,50548.3,15,165,240465
BANKNIFTY-II.NFO,08/08/2024,09:15:02,50540,50531.95,30,50548.3,15,0,240465
BANKNIFTY-II.NFO,08/08/2024,09:15:03,50537.8,50501.05,60,50534.65,30,180,240465
BANKNIFTY-II.NFO,08/08/2024,09:15:03,50535.8,50501.05,60,50534.65,30,0,240465
BANKNIFTY-II.NFO,08/08/2024,09:15:04,50506.05,50506.05,60,50529.95,15,60,240465
BANKNIFTY-II.NFO,08/08/2024,09:15:04,50506.05,50506.05,60,50529.95,15,0,240465
BANKNIFTY-II.NFO,08/08/2024,09:15:06,50557.85,50516.15,60,50555.85,30,30,240465
BANKNIFTY-II.NFO,08/08/2024,09:15:07,50521.25,50522.3,60,50566.2,15,15,240465
BANKNIFTY-II.NFO,08/08/2024,09:15:09,50570.8,50511.8,60,50559.4,15,1020,240465
BANKNIFTY-II.NFO,08/08/2024,09:15:10,50551.75,50519.1,60,50553.35,15,15,240465
BANKNIFTY-II.NFO,08/08/2024,09:15:11,50504.8,50511.95,60,50548.9,60,330,240465
BANKNIFTY-II.NFO,08/08/2024,09:15:11,50504.8,50511.95,60,50548.9,60,0,240465
BANKNIFTY-II.NFO,08/08/2024,09:15:13,50559.15,50530.15,60,50563.1,30,75,240465
BANKNIFTY-II.NFO,08/08/2024,09:15:14,50559.15,50539.7,60,50574.9,30,0,240465
BANKNIFTY-II.NFO,08/08/2024,09:15:16,50574.05,50548.05,30,50588.05,30,15,240465
BANKNIFTY-II.NFO,08/08/2024,09:15:17,50555,50555,120,50587.65,60,225,240465
BANKNIFTY-II.NFO,08/08/2024,09:15:19,50559.15,50556.3,120,50589.65,60,15,240465
BANKNIFTY-II.NFO,08/08/2024,09:15:20,50559.15,50552.65,30,50579.65,60,0,240465
BANKNIFTY-II.NFO,08/08/2024,09:15:22,50559.15,50556.5,15,50581.75,60,0,240465
BANKNIFTY-II.NFO,08/08/2024,09:15:23,50559,50560.6,15,50587.75,60,30,240465
BANKNIFTY-II.NFO,08/08/2024,09:15:25,50589.9,50568.9,15,50589.9,60,30,240465
BANKNIFTY-II.NFO,08/08/2024,09:15:26,50589.9,50570.3,15,50589.95,60,0,240465
BANKNIFTY-II.NFO,08/08/2024,09:15:28,50570.3,50556,15,50582,60,30,240465
BANKNIFTY-II.NFO,08/08/2024,09:15:29,50556.05,50556.05,60,50584.5,15,225,240465
BANKNIFTY-II.NFO,08/08/2024,09:15:31,50556,50545.9,60,50575.2,150,30,240465
BANKNIFTY-II.NFO,08/08/2024,09:15:32,50570.3,50544.05,60,50565.95,75,15,240465
BANKNIFTY-II.NFO,08/08/2024,09:15:34,50559.65,50544,15,50562.65,150,90,240465
BANKNIFTY-II.NFO,08/08/2024,09:15:35,50559.65,50544.05,75,50562.35,15,0,240465
BANKNIFTY-II.NFO,08/08/2024,09:15:37,50559.65,50550.6,60,50562.35,15,0,240465
BANKNIFTY-II.NFO,08/08/2024,09:15:39,50559.65,50546.3,75,50559.65,30,0,240465
BANKNIFTY-II.NFO,08/08/2024,09:15:40,50559.65,50557.65,60,50559.65,15,0,240465
BANKNIFTY-II.NFO,08/08/2024,09:15:42,50557.6,50557.35,60,50559.65,15,15,241080
BANKNIFTY-II.NFO,08/08/2024,09:15:43,50559.65,50557.35,60,50570.3,30,15,241080
BANKNIFTY-II.NFO,08/08/2024,09:15:45,50559.65,50544.05,60,50560.05,165,15,241080
BANKNIFTY-II.NFO,08/08/2024,09:15:46,50554.1,50532.45,60,50553.2,15,45,241080
BANKNIFTY-II.NFO,08/08/2024,09:15:48,50554.1,50530.05,60,50547.5,15,0,241080
BANKNIFTY-II.NFO,08/08/2024,09:15:50,50554.1,50541.4,60,50549.55,15,0,241080
BANKNIFTY-II.NFO,08/08/2024,09:15:51,50536.1,50536.65,60,50549.5,15,15,241080
BANKNIFTY-II.NFO,08/08/2024,09:15:53,50536.1,50533.15,60,50549.5,15,0,241080
BANKNIFTY-II.NFO,08/08/2024,09:15:54,50549.5,50542.3,60,50553.2,15,15,241080
BANKNIFTY-II.NFO,08/08/2024,09:15:56,50540.4,50535.3,60,50549.95,15,30,241080
BANKNIFTY-II.NFO,08/08/2024,09:15:57,50549.95,50538.2,60,50550,30,15,241080
BANKNIFTY-II.NFO,08/08/2024,09:15:59,50533.55,50533.4,75,50549.95,15,15,241080
BANKNIFTY-II.NFO,08/08/2024,09:16:00,50549.5,50530.05,60,50548.15,15,15,241080
BANKNIFTY-II.NFO,08/08/2024,09:16:02,50536.45,50542.85,60,50549.95,15,15,241080
BANKNIFTY-II.NFO,08/08/2024,09:16:03,50536.45,50542.55,60,50549.95,15,0,241080
BANKNIFTY-II.NFO,08/08/2024,09:16:05,50540,50530,60,50542.85,30,15,241080
BANKNIFTY-II.NFO,08/08/2024,09:16:06,50540,50540,15,50542.85,30,0,241080
BANKNIFTY-II.NFO,08/08/2024,09:16:09,50542.85,50536.55,45,50549.9,60,75,241080
BANKNIFTY-II.NFO,08/08/2024,09:16:11,50542.85,50542,45,50549.95,15,0,241080
BANKNIFTY-II.NFO,08/08/2024,09:16:12,50556.5,50556.65,15,50569.95,60,90,241080
BANKNIFTY-II.NFO,08/08/2024,09:16:14,50570.3,50559.5,15,50570.25,60,30,241080
BANKNIFTY-II.NFO,08/08/2024,09:16:15,50570.25,50558.4,30,50570.25,60,15,241080
BANKNIFTY-II.NFO,08/08/2024,09:16:17,50570.25,50564.15,75,50570.3,15,0,241080
BANKNIFTY-II.NFO,08/08/2024,09:16:19,50570.25,50559.95,30,50570.3,15,0,241080
BANKNIFTY-II.NFO,08/08/2024,09:16:20,50570.25,50562.2,30,50570.3,15,0,241080
BANKNIFTY-II.NFO,08/08/2024,09:16:22,50570.25,50560.4,30,50570.3,15,0,241080
BANKNIFTY-II.NFO,08/08/2024,09:16:23,50575,50573.4,15,50580,15,45,241080
BANKNIFTY-II.NFO,08/08/2024,09:16:25,50580,50582.85,15,50590,60,105,241080
BANKNIFTY-II.NFO,08/08/2024,09:16:26,50584.95,50585.2,15,50590,60,15,241080
BANKNIFTY-II.NFO,08/08/2024,09:16:28,50589.95,50572.75,15,50589.5,60,45,241080
BANKNIFTY-II.NFO,08/08/2024,09:16:29,50588,50578.3,15,50587.95,15,135,241080
BANKNIFTY-II.NFO,08/08/2024,09:16:31,50588,50585.3,15,50588,330,0,241080
BANKNIFTY-II.NFO,08/08/2024,09:16:32,50587.95,50583,15,50588,330,15,241080
BANKNIFTY-II.NFO,08/08/2024,09:16:34,50587.95,50581.55,15,50588,330,0,241080
BANKNIFTY-II.NFO,08/08/2024,09:16:35,50582.1,50582.2,60,50588,300,60,241080
BANKNIFTY-II.NFO,08/08/2024,09:16:37,50588,50582.1,60,50588,195,105,241080
BANKNIFTY-II.NFO,08/08/2024,09:16:38,50588,50582.1,60,50588,195,0,241080
BANKNIFTY-II.NFO,08/08/2024,09:16:42,50588,50580.1,75,50588,45,150,241080
BANKNIFTY-II.NFO,08/08/2024,09:16:43,50588,50587.5,60,50590,90,45,241080
BANKNIFTY-II.NFO,08/08/2024,09:16:45,50588,50588,30,50590,90,0,241080
BANKNIFTY-II.NFO,08/08/2024,09:16:46,50590,50580.15,60,50590,75,120,241080
BANKNIFTY-II.NFO,08/08/2024,09:16:48,50590,50588.05,60,50590,60,15,241080
BANKNIFTY-II.NFO,08/08/2024,09:16:49,50590,50588,15,50598.95,75,75,241080
BANKNIFTY-II.NFO,08/08/2024,09:16:51,50598.75,50588,15,50590,30,30,241080
BANKNIFTY-II.NFO,08/08/2024,09:16:51,50598.75,50588,15,50590,30,0,241080
BANKNIFTY-II.NFO,08/08/2024,09:16:52,50598.75,50588.05,60,50590,30,0,241080
BANKNIFTY-II.NFO,08/08/2024,09:16:54,50588.05,50588,15,50590,30,30,241080
BANKNIFTY-II.NFO,08/08/2024,09:16:55,50589.95,50588,15,50589.95,45,15,241080
BANKNIFTY-II.NFO,08/08/2024,09:16:57,50588,50580,15,50587.95,60,15,241080
BANKNIFTY-II.NFO,08/08/2024,09:16:58,50588,50580,15,50589.25,15,75,241080
BANKNIFTY-II.NFO,08/08/2024,09:16:59,50588,50580.05,75,50590,30,0,241080
BANKNIFTY-II.NFO,08/08/2024,09:17:01,50588,50580,15,50589.6,30,0,241080
BANKNIFTY-II.NFO,08/08/2024,09:17:03,50588,50580,15,50587.45,15,0,241080
BANKNIFTY-II.NFO,08/08/2024,09:17:04,50588,50580,15,50589.65,315,0,241080
BANKNIFTY-II.NFO,08/08/2024,09:17:09,50588,50574.4,105,50588,15,30,241080
BANKNIFTY-II.NFO,08/08/2024,09:17:10,50588,50577.85,90,50589.65,300,0,241080
BANKNIFTY-II.NFO,08/08/2024,09:17:12,50588,50572.15,75,50589.6,30,15,241080
BANKNIFTY-II.NFO,08/08/2024,09:17:13,50589.6,50575.05,90,50589.65,315,30,241080
BANKNIFTY-II.NFO,08/08/2024,09:17:15,50589.6,50581.65,105,50590,30,0,241080
BANKNIFTY-II.NFO,08/08/2024,09:17:16,50589.6,50582.4,15,50590,30,0,241080
BANKNIFTY-II.NFO,08/08/2024,09:17:18,50582.4,50580.2,60,50588,45,15,241080
BANKNIFTY-II.NFO,08/08/2024,09:17:19,50582.4,50579.05,90,50588,45,0,241080
BANKNIFTY-II.NFO,08/08/2024,09:17:21,50588,50586,150,50590,30,45,241080
BANKNIFTY-II.NFO,08/08/2024,09:17:23,50590,50589.25,60,50599,45,45,241080
BANKNIFTY-II.NFO,08/08/2024,09:17:24,50590,50590.55,60,50599,45,0,241080
BANKNIFTY-II.NFO,08/08/2024,09:17:26,50590,50594.2,90,50599,45,0,241080
BANKNIFTY-II.NFO,08/08/2024,09:17:27,50599,50597.55,60,50600,90,45,241080
BANKNIFTY-II.NFO,08/08/2024,09:17:27,50599,50597.55,60,50600,90,0,241080
BANKNIFTY-II.NFO,08/08/2024,09:17:29,50596.95,50596.9,30,50610.7,30,135,241080
BANKNIFTY-II.NFO,08/08/2024,09:17:29,50600.85,50596.9,30,50610.7,30,0,241080
BANKNIFTY-II.NFO,08/08/2024,09:17:30,50596.95,50593.8,60,50610.35,60,0,241080
BANKNIFTY-II.NFO,08/08/2024,09:17:32,50596.95,50592.2,60,50610.95,30,0,241080
BANKNIFTY-II.NFO,08/08/2024,09:17:33,50596.95,50595.5,30,50611.2,30,0,241080
BANKNIFTY-II.NFO,08/08/2024,09:17:35,50611.2,50582.05,60,50601.35,30,15,241080
BANKNIFTY-II.NFO,08/08/2024,09:17:35,50611.2,50582.05,60,50601.35,30,0,241080
BANKNIFTY-II.NFO,08/08/2024,09:17:36,50583.2,50584.55,60,50603.05,30,15,241080
BANKNIFTY-II.NFO,08/08/2024,09:17:38,50600.5,50587.3,60,50600.5,30,15,241080
BANKNIFTY-II.NFO,08/08/2024,09:17:39,50599.4,50582.15,60,50595.3,15,30,241080
BANKNIFTY-II.NFO,08/08/2024,09:17:40,50582.05,50582.15,45,50595.3,60,75,241080
BANKNIFTY-II.NFO,08/08/2024,09:17:42,50595.3,50583,60,50601.3,60,15,241080
BANKNIFTY-II.NFO,08/08/2024,09:17:43,50595.3,50591.35,60,50606.75,90,0,241080
BANKNIFTY-II.NFO,08/08/2024,09:17:45,50595.3,50598.15,90,50613.3,75,0,241080
BANKNIFTY-II.NFO,08/08/2024,09:17:46,50600.1,50599.05,45,50614.05,75,15,241080
BANKNIFTY-II.NFO,08/08/2024,09:17:48,50600.1,50598.8,45,50613.55,75,0,241080
BANKNIFTY-II.NFO,08/08/2024,09:17:49,50600.45,50599,120,50613.15,75,75,241080
BANKNIFTY-II.NFO,08/08/2024,09:17:51,50598.8,50594.85,255,50609.75,60,30,241080
BANKNIFTY-II.NFO,08/08/2024,09:17:51,50613.05,50594.85,255,50609.75,60,0,241080
BANKNIFTY-II.NFO,08/08/2024,09:17:52,50598.8,50592.6,120,50607.15,60,0,241080
BANKNIFTY-II.NFO,08/08/2024,09:17:54,50598.8,50595.1,30,50612.55,75,0,241080
BANKNIFTY-II.NFO,08/08/2024,09:17:55,50598.8,50598.8,15,50608.05,60,0,241080
BANKNIFTY-II.NFO,08/08/2024,09:17:56,50598.8,50598.8,30,50609.8,105,0,241080
BANKNIFTY-II.NFO,08/08/2024,09:17:58,50598.8,50598.8,15,50609.95,60,15,241080
BANKNIFTY-II.NFO,08/08/2024,09:17:59,50598.8,50598.8,15,50611.65,60,0,241080
BANKNIFTY-II.NFO,08/08/2024,09:18:00,50598.8,50598.8,15,50613.5,75,0,241080
BANKNIFTY-II.NFO,08/08/2024,09:18:02,50598.8,50601.7,135,50615.95,75,0,241080
BANKNIFTY-II.NFO,08/08/2024,09:18:03,50598.8,50598.8,15,50611.55,75,0,241080
BANKNIFTY-II.NFO,08/08/2024,09:18:05,50598.8,50600,15,50612.1,60,0,241080
BANKNIFTY-II.NFO,08/08/2024,09:18:06,50598.8,50600,15,50601,15,0,241080
BANKNIFTY-II.NFO,08/08/2024,09:18:10,50598.8,50592.75,135,50598.8,75,30,241080
BANKNIFTY-II.NFO,08/08/2024,09:18:11,50598.8,50589.25,135,50598.8,75,0,241080
BANKNIFTY-II.NFO,08/08/2024,09:18:13,50588.05,50588.9,105,50598.8,75,15,241080
BANKNIFTY-II.NFO,08/08/2024,09:18:14,50588.05,50591.55,135,50598.8,75,0,241080
BANKNIFTY-II.NFO,08/08/2024,09:18:15,50598.8,50588.15,15,50598.8,60,30,241080
BANKNIFTY-II.NFO,08/08/2024,09:18:17,50598.8,50588.05,15,50597.6,60,0,241080
BANKNIFTY-II.NFO,08/08/2024,09:18:19,50598.8,50588.05,15,50595,15,0,241080
BANKNIFTY-II.NFO,08/08/2024,09:18:22,50595,50588.5,135,50598.8,75,15,241080
BANKNIFTY-II.NFO,08/08/2024,09:18:23,50595,50587.7,165,50598.8,75,0,241080
BANKNIFTY-II.NFO,08/08/2024,09:18:25,50595,50582.6,300,50596.3,60,0,241080
BANKNIFTY-II.NFO,08/08/2024,09:18:27,50595,50582.2,30,50594.95,75,0,241080
BANKNIFTY-II.NFO,08/08/2024,09:18:28,50595,50582,30,50589.75,60,0,241080
BANKNIFTY-II.NFO,08/08/2024,09:18:30,50595,50582,30,50587.9,60,0,241080
BANKNIFTY-II.NFO,08/08/2024,09:18:32,50580,50572.1,15,50583.4,60,60,241080
BANKNIFTY-II.NFO,08/08/2024,09:18:33,50580,50572.1,15,50583.4,60,0,241080
BANKNIFTY-II.NFO,08/08/2024,09:18:35,50571.35,50566.9,45,50582,60,60,241080
BANKNIFTY-II.NFO,08/08/2024,09:18:37,50571.35,50565,30,50579.4,60,0,241080
BANKNIFTY-II.NFO,08/08/2024,09:18:38,50579.4,50571.25,60,50583.95,15,15,241080
BANKNIFTY-II.NFO,08/08/2024,09:18:40,50579.4,50571.15,45,50584.65,60,0,241080
BANKNIFTY-II.NFO,08/08/2024,09:18:42,50579.4,50565.15,30,50579.7,105,0,241080
BANKNIFTY-II.NFO,08/08/2024,09:18:43,50579.4,50561.75,15,50576.1,60,0,241080
BANKNIFTY-II.NFO,08/08/2024,09:18:45,50579.4,50560,15,50570.15,60,0,241080
BANKNIFTY-II.NFO,08/08/2024,09:18:47,50572.05,50560,15,50570.05,105,30,241410
BANKNIFTY-II.NFO,08/08/2024,09:18:48,50560,50555.3,30,50569,60,45,241410
BANKNIFTY-II.NFO,08/08/2024,09:18:50,50560,50554.65,45,50569.05,105,0,241410
BANKNIFTY-II.NFO,08/08/2024,09:18:52,50553.6,50552.1,135,50567.05,75,75,241410
BANKNIFTY-II.NFO,08/08/2024,09:18:53,50553.6,50552.15,30,50567.05,75,0,241410
BANKNIFTY-II.NFO,08/08/2024,09:18:55,50553.6,50552.7,75,50566.95,60,0,241410
BANKNIFTY-II.NFO,08/08/2024,09:18:57,50553.6,50550.65,75,50564.25,60,0,241410
BANKNIFTY-II.NFO,08/08/2024,09:18:58,50550,50550,45,50561.55,105,30,241410
BANKNIFTY-II.NFO,08/08/2024,09:19:00,50550,50550,30,50555,60,15,241410
BANKNIFTY-II.NFO,08/08/2024,09:19:02,50550,50550,30,50554.65,90,0,241410
BANKNIFTY-II.NFO,08/08/2024,09:19:03,50550,50550,30,50554.5,75,0,241410
BANKNIFTY-II.NFO,08/08/2024,09:19:05,50546,50536.45,30,50546,60,45,241410
BANKNIFTY-II.NFO,08/08/2024,09:19:07,50546,50536.45,30,50545.4,75,0,241410
BANKNIFTY-II.NFO,08/08/2024,09:19:08,50546,50536.45,30,50545.2,60,0,241410
BANKNIFTY-II.NFO,08/08/2024,09:19:10,50546,50536.45,45,50548.35,60,0,241410
BANKNIFTY-II.NFO,08/08/2024,09:19:12,50546,50536.45,45,50549.15,60,0,241410
BANKNIFTY-II.NFO,08/08/2024,09:19:13,50546,50530,45,50544.15,60,45,241410
BANKNIFTY-II.NFO,08/08/2024,09:19:15,50530,50535.8,45,50549.2,15,15,241410
BANKNIFTY-II.NFO,08/08/2024,09:19:17,50549.4,50539.55,15,50550,30,15,241410
BANKNIFTY-II.NFO,08/08/2024,09:19:18,50543.1,50545.3,15,50550,30,15,241410
BANKNIFTY-II.NFO,08/08/2024,09:19:20,50555.55,50560.35,90,50573.5,75,75,241410
BANKNIFTY-II.NFO,08/08/2024,09:19:22,50555.9,50556.65,75,50569.85,60,165,241410
BANKNIFTY-II.NFO,08/08/2024,09:19:24,50555.9,50556.45,75,50569.1,75,0,241410
BANKNIFTY-II.NFO,08/08/2024,09:19:25,50555.9,50547.3,75,50560.95,60,0,241410
BANKNIFTY-II.NFO,08/08/2024,09:19:27,50551.25,50549.2,75,50560.35,60,15,241410
BANKNIFTY-II.NFO,08/08/2024,09:19:29,50551.25,50551.8,75,50561.8,15,0,241410
BANKNIFTY-II.NFO,08/08/2024,09:19:30,50551.25,50555,15,50564.3,15,0,241410
BANKNIFTY-II.NFO,08/08/2024,09:19:32,50555.8,50558.4,75,50567.25,60,15,241410
BANKNIFTY-II.NFO,08/08/2024,09:19:33,50555.8,50556.5,75,50568.3,60,0,241410
BANKNIFTY-II.NFO,08/08/2024,09:19:35,50558.95,50561.5,60,50571.95,75,15,241410
BANKNIFTY-II.NFO,08/08/2024,09:19:37,50560.75,50563.4,120,50575.45,15,150,241410
BANKNIFTY-II.NFO,08/08/2024,09:19:38,50563.7,50560.5,30,50573.75,75,15,241410
BANKNIFTY-II.NFO,08/08/2024,09:19:40,50563.7,50562.3,30,50575.9,60,0,241410
BANKNIFTY-II.NFO,08/08/2024,09:19:42,50563.7,50566,30,50579.35,75,0,241410
BANKNIFTY-II.NFO,08/08/2024,09:19:43,50563.7,50567.9,30,50579.35,60,0,241410
BANKNIFTY-II.NFO,08/08/2024,09:19:45,50579.05,50569.75,15,50579.4,30,15,241410
BANKNIFTY-II.NFO,08/08/2024,09:19:47,50579.05,50569.7,15,50579.35,60,0,241410
BANKNIFTY-II.NFO,08/08/2024,09:19:48,50569.7,50573.8,15,50579.4,30,15,241410
BANKNIFTY-II.NFO,08/08/2024,09:19:50,50569.7,50565.05,30,50575,15,0,241410
BANKNIFTY-II.NFO,08/08/2024,09:19:52,50569.7,50555,15,50569.85,60,0,241410
BANKNIFTY-II.NFO,08/08/2024,09:19:53,50569.7,50555,15,50566.25,60,0,241410
BANKNIFTY-II.NFO,08/08/2024,09:19:55,50569.7,50555,15,50568.1,75,0,241410
BANKNIFTY-II.NFO,08/08/2024,09:19:57,50550,50542.75,195,50560.25,90,30,241410
BANKNIFTY-II.NFO,08/08/2024,09:19:58,50550,50560,15,50566.1,105,0,241410
BANKNIFTY-II.NFO,08/08/2024,09:20:00,50560,50543,30,50557.4,60,15,241410
BANKNIFTY-II.NFO,08/08/2024,09:20:02,50560,50542.55,30,50558.6,75,0,241410
BANKNIFTY-II.NFO,08/08/2024,09:20:03,50560,50542.5,30,50557.6,105,0,241410
BANKNIFTY-II.NFO,08/08/2024,09:20:05,50557.8,50540.55,45,50556.05,75,45,241410
BANKNIFTY-II.NFO,08/08/2024,09:20:06,50557.8,50541.6,45,50555.75,105,0,241410
BANKNIFTY-II.NFO,08/08/2024,09:20:08,50556.7,50540.95,60,50555.95,60,30,241410
BANKNIFTY-II.NFO,08/08/2024,09:20:10,50540.95,50545.05,60,50560.55,60,15,241410
BANKNIFTY-II.NFO,08/08/2024,09:20:11,50544.8,50545.7,30,50561.7,60,30,241410
BANKNIFTY-II.NFO,08/08/2024,09:20:13,50544.8,50544.2,30,50559.35,60,0,241410
BANKNIFTY-II.NFO,08/08/2024,09:20:14,50544.45,50544.4,15,50558.35,75,15,241410
BANKNIFTY-II.NFO,08/08/2024,09:20:16,50544.45,50549.7,15,50564,75,0,241410
BANKNIFTY-II.NFO,08/08/2024,09:20:18,50544.45,50545.95,45,50561.25,360,0,241410
BANKNIFTY-II.NFO,08/08/2024,09:20:19,50546.2,50544.8,15,50548.65,75,15,241410
BANKNIFTY-II.NFO,08/08/2024,09:20:21,50546.2,50544.8,15,50550.9,60,0,241410
BANKNIFTY-II.NFO,08/08/2024,09:20:23,50546.2,50544.8,15,50550.45,60,0,241410
BANKNIFTY-II.NFO,08/08/2024,09:20:24,50546.2,50544.8,15,50555.4,75,15,241410
BANKNIFTY-II.NFO,08/08/2024,09:20:26,50546.2,50544.8,15,50554,75,0,241410
BANKNIFTY-II.NFO,08/08/2024,09:20:28,50546.2,50544.8,15,50553.8,105,0,241410
BANKNIFTY-II.NFO,08/08/2024,09:20:29,50546.2,50544.8,15,50549.15,60,0,241410
BANKNIFTY-II.NFO,08/08/2024,09:20:31,50546.2,50544.8,15,50553.85,90,0,241410
BANKNIFTY-II.NFO,08/08/2024,09:20:33,50546.2,50544.8,15,50550,15,0,241410
BANKNIFTY-II.NFO,08/08/2024,09:20:34,50546.2,50544.8,15,50549.95,60,0,241410
BANKNIFTY-II.NFO,08/08/2024,09:20:36,50544.85,50545.65,195,50550,15,15,241410
BANKNIFTY-II.NFO,08/08/2024,09:20:38,50544.85,50546.45,225,50559.95,60,0,241410
BANKNIFTY-II.NFO,08/08/2024,09:20:39,50546.3,50547.35,45,50559.95,75,30,241410
BANKNIFTY-II.NFO,08/08/2024,09:20:41,50546.3,50551.8,15,50555,15,0,241410
BANKNIFTY-II.NFO,08/08/2024,09:20:43,50555,50551.25,195,50560,150,30,241410
BANKNIFTY-II.NFO,08/08/2024,09:20:44,50560,50557.1,195,50560,135,15,241410
BANKNIFTY-II.NFO,08/08/2024,09:20:46,50560,50552.45,195,50560,135,0,241410
BANKNIFTY-II.NFO,08/08/2024,09:20:48,50560,50554.6,195,50560,135,0,241410
BANKNIFTY-II.NFO,08/08/2024,09:20:49,50560,50555.25,15,50567.25,75,135,241410
BANKNIFTY-II.NFO,08/08/2024,09:20:51,50560,50554.35,15,50558.35,15,0,241410
BANKNIFTY-II.NFO,08/08/2024,09:20:53,50558.35,50562.3,15,50574.85,60,15,241410
BANKNIFTY-II.NFO,08/08/2024,09:20:54,50574.95,50561.35,45,50574.95,60,15,241410
BANKNIFTY-II.NFO,08/08/2024,09:20:56,50562.75,50557.8,60,50573.75,60,15,241410
BANKNIFTY-II.NFO,08/08/2024,09:20:58,50562.75,50555.05,45,50569.45,75,0,241410
BANKNIFTY-II.NFO,08/08/2024,09:20:59,50562.75,50555,15,50562.5,60,0,241410
BANKNIFTY-II.NFO,08/08/2024,09:21:01,50564.3,50555,15,50560,15,15,241410
BANKNIFTY-II.NFO,08/08/2024,09:21:03,50564.3,50555,15,50559.95,60,0,241410
BANKNIFTY-II.NFO,08/08/2024,09:21:04,50564.3,50555,15,50558.5,105,0,241410
BANKNIFTY-II.NFO,08/08/2024,09:21:06,50564.3,50555,15,50559.35,75,0,241410
BANKNIFTY-II.NFO,08/08/2024,09:21:08,50555,50544.85,30,50556.7,75,15,241410
BANKNIFTY-II.NFO,08/08/2024,09:21:09,50550,50544.8,15,50553.6,60,30,241410
BANKNIFTY-II.NFO,08/08/2024,09:21:11,50550,50544.8,15,50553.5,75,0,241410
BANKNIFTY-II.NFO,08/08/2024,09:21:13,50550,50544.8,15,50552.45,75,0,241410
BANKNIFTY-II.NFO,08/08/2024,09:21:14,50550,50544.8,15,50547.85,75,0,241410
BANKNIFTY-II.NFO,08/08/2024,09:21:16,50550,50544.8,15,50548.35,75,0,241410
BANKNIFTY-II.NFO,08/08/2024,09:21:18,50540,50540,45,50545.75,60,105,241410
BANKNIFTY-II.NFO,08/08/2024,09:21:19,50540,50540,30,50541.9,60,15,241410
BANKNIFTY-II.NFO,08/08/2024,09:21:21,50537.2,50530,30,50540.95,45,165,241410
BANKNIFTY-II.NFO,08/08/2024,09:21:23,50537.25,50530,30,50537.3,15,30,241410
BANKNIFTY-II.NFO,08/08/2024,09:21:24,50537.25,50530.05,30,50542.05,240,225,241410
BANKNIFTY-II.NFO,08/08/2024,09:21:26,50537.25,50530.05,45,50541.65,15,0,241410
BANKNIFTY-II.NFO,08/08/2024,09:21:28,50537.25,50530,45,50543.1,45,0,241410
BANKNIFTY-II.NFO,08/08/2024,09:21:29,50537.25,50530.05,30,50543.05,45,0,241410
BANKNIFTY-II.NFO,08/08/2024,09:21:31,50537.25,50530,45,50543.35,45,0,241410
BANKNIFTY-II.NFO,08/08/2024,09:21:33,50537.25,50530,30,50540.8,315,0,241410
BANKNIFTY-II.NFO,08/08/2024,09:21:34,50537.25,50531.95,30,50542.1,300,0,241410
BANKNIFTY-II.NFO,08/08/2024,09:21:36,50530,50530,15,50542.55,30,15,241410
BANKNIFTY-II.NFO,08/08/2024,09:21:38,50542.4,50530,15,50540.05,300,15,241410
BANKNIFTY-II.NFO,08/08/2024,09:21:39,50530.05,50530.05,30,50540.2,300,15,241980
BANKNIFTY-II.NFO,08/08/2024,09:21:41,50530.05,50530.6,60,50540,30,0,241980
BANKNIFTY-II.NFO,08/08/2024,09:21:43,50530.05,50530.05,75,50540,30,0,241980
BANKNIFTY-II.NFO,08/08/2024,09:21:44,50530.05,50530.55,105,50538.9,300,0,241980
BANKNIFTY-II.NFO,08/08/2024,09:21:46,50530.05,50533.8,45,50540,30,0,241980
BANKNIFTY-II.NFO,08/08/2024,09:21:48,50530.05,50535.65,60,50540,30,0,241980
BANKNIFTY-II.NFO,08/08/2024,09:21:49,50530.05,50531.85,105,50540,30,0,241980
BANKNIFTY-II.NFO,08/08/2024,09:21:51,50540,50541.05,60,50544.8,15,30,241980
BANKNIFTY-II.NFO,08/08/2024,09:21:53,50543.95,50546,60,50555.2,300,30,241980
BANKNIFTY-II.NFO,08/08/2024,09:21:54,50555.25,50543.65,75,50555.25,300,15,241980
BANKNIFTY-II.NFO,08/08/2024,09:21:56,50555.25,50542.6,60,50556,30,0,241980
BANKNIFTY-II.NFO,08/08/2024,09:21:58,50555.25,50546.1,60,50557.3,315,0,241980
BANKNIFTY-II.NFO,08/08/2024,09:21:59,50546.2,50547.25,60,50558.5,300,15,241980
BANKNIFTY-II.NFO,08/08/2024,09:22:01,50546.2,50549.25,60,50560,60,0,241980
BANKNIFTY-II.NFO,08/08/2024,09:22:03,50546.2,50552.95,75,50560,60,0,241980
BANKNIFTY-II.NFO,08/08/2024,09:22:04,50554.1,50550.6,60,50560,60,45,241980
BANKNIFTY-II.NFO,08/08/2024,09:22:06,50560,50558.35,60,50566.85,300,60,241980
BANKNIFTY-II.NFO,08/08/2024,09:22:08,50560,50560.3,75,50572.4,60,0,241980
BANKNIFTY-II.NFO,08/08/2024,09:22:09,50560,50562.9,60,50571.55,300,0,241980
BANKNIFTY-II.NFO,08/08/2024,09:22:11,50560,50563.8,60,50574.95,60,0,241980
BANKNIFTY-II.NFO,08/08/2024,09:22:13,50560,50563,75,50574.95,60,0,241980
BANKNIFTY-II.NFO,08/08/2024,09:22:14,50560,50567.2,75,50575,15,0,241980
BANKNIFTY-II.NFO,08/08/2024,09:22:17,50571.95,50560.45,60,50572,30,15,241980
BANKNIFTY-II.NFO,08/08/2024,09:22:19,50571.95,50563.85,60,50575,15,0,241980
BANKNIFTY-II.NFO,08/08/2024,09:22:21,50571.95,50564.5,60,50574.95,90,0,241980
BANKNIFTY-II.NFO,08/08/2024,09:22:22,50571.95,50561.15,60,50574.2,75,0,241980
BANKNIFTY-II.NFO,08/08/2024,09:22:24,50571.95,50559.55,105,50573.6,90,0,241980
BANKNIFTY-II.NFO,08/08/2024,09:22:26,50572.3,50554.1,75,50567.4,30,15,241980
BANKNIFTY-II.NFO,08/08/2024,09:22:27,50572.3,50562.35,60,50570.65,30,0,241980
BANKNIFTY-II.NFO,08/08/2024,09:22:29,50572.3,50565.5,90,50575,60,0,241980
BANKNIFTY-II.NFO,08/08/2024,09:22:31,50572.3,50566.35,60,50575,60,0,241980
BANKNIFTY-II.NFO,08/08/2024,09:22:32,50572.3,50569.2,60,50575,60,0,241980
BANKNIFTY-II.NFO,08/08/2024,09:22:34,50572.3,50569.45,60,50575,60,0,241980
BANKNIFTY-II.NFO,08/08/2024,09:22:36,50569.45,50571.95,15,50572,15,30,241980
BANKNIFTY-II.NFO,08/08/2024,09:22:37,50559.3,50560.85,60,50571.95,45,30,241980
BANKNIFTY-II.NFO,08/08/2024,09:22:39,50571.95,50558.5,60,50571.95,75,15,241980
BANKNIFTY-II.NFO,08/08/2024,09:22:40,50569.15,50557.1,75,50569.15,30,15,241980
BANKNIFTY-II.NFO,08/08/2024,09:22:42,50569.15,50554.25,60,50567.85,45,0,241980
BANKNIFTY-II.NFO,08/08/2024,09:22:44,50553.5,50554.85,75,50567.95,60,135,241980
BANKNIFTY-II.NFO,08/08/2024,09:22:45,50567.95,50555.2,90,50568.8,75,15,241980
BANKNIFTY-II.NFO,08/08/2024,09:22:47,50555.4,50549.3,75,50564,90,15,241980
BANKNIFTY-II.NFO,08/08/2024,09:22:49,50555.4,50544.95,45,50558.55,60,0,241980
BANKNIFTY-II.NFO,08/08/2024,09:22:50,50555.4,50544.95,45,50561.95,60,0,241980
BANKNIFTY-II.NFO,08/08/2024,09:22:52,50555.4,50555.4,15,50562.35,60,0,241980
BANKNIFTY-II.NFO,08/08/2024,09:22:54,50555.4,50555.4,15,50563.4,105,0,241980
BANKNIFTY-II.NFO,08/08/2024,09:22:55,50555.4,50555.4,15,50560.6,60,0,241980
BANKNIFTY-II.NFO,08/08/2024,09:22:57,50557.05,50555.4,45,50556.8,75,15,241980
BANKNIFTY-II.NFO,08/08/2024,09:22:59,50558.3,50555.4,45,50558.1,45,15,241980
BANKNIFTY-II.NFO,08/08/2024,09:23:00,50555.4,50550,15,50553.65,45,45,241980
BANKNIFTY-II.NFO,08/08/2024,09:23:02,50550,50531.8,75,50539.95,15,15,241980
BANKNIFTY-II.NFO,08/08/2024,09:23:04,50550,50532.5,75,50539.95,15,0,241980
BANKNIFTY-II.NFO,08/08/2024,09:23:05,50550,50530.1,60,50537.95,15,0,241980
BANKNIFTY-II.NFO,08/08/2024,09:23:07,50543.45,50530.3,90,50543.95,15,165,241980
BANKNIFTY-II.NFO,08/08/2024,09:23:08,50530.5,50530.1,75,50543.25,15,15,241980
BANKNIFTY-II.NFO,08/08/2024,09:23:10,50530.5,50535,15,50541.9,15,0,241980
BANKNIFTY-II.NFO,08/08/2024,09:23:12,50530.5,50535,15,50543.9,15,0,241980
BANKNIFTY-II.NFO,08/08/2024,09:23:13,50530.5,50537.2,60,50551.4,15,0,241980
BANKNIFTY-II.NFO,08/08/2024,09:23:15,50539,50540.9,75,50552.6,30,15,241980
BANKNIFTY-II.NFO,08/08/2024,09:23:16,50539,50538.55,75,50551.6,30,0,241980
BANKNIFTY-II.NFO,08/08/2024,09:23:18,50539,50543.25,15,50552.5,60,0,241980
BANKNIFTY-II.NFO,08/08/2024,09:23:20,50539,50543.25,30,50549.95,15,0,241980
BANKNIFTY-II.NFO,08/08/2024,09:23:21,50543.25,50539.95,60,50551.9,30,15,241980
BANKNIFTY-II.NFO,08/08/2024,09:23:23,50543.25,50542.4,90,50551.95,15,0,241980
BANKNIFTY-II.NFO,08/08/2024,09:23:25,50557.05,50547.8,60,50557.05,30,15,241980
BANKNIFTY-II.NFO,08/08/2024,09:23:26,50557.05,50544.1,90,50553.95,15,0,241980
BANKNIFTY-II.NFO,08/08/2024,09:23:28,50557.05,50544,105,50551.95,15,0,241980
BANKNIFTY-II.NFO,08/08/2024,09:23:30,50557.05,50549.65,60,50557.05,30,0,241980
BANKNIFTY-II.NFO,08/08/2024,09:23:31,50552.35,50552.35,60,50557.05,30,15,241980
BANKNIFTY-II.NFO,08/08/2024,09:23:33,50552.35,50551.4,75,50557.05,30,0,241980
BANKNIFTY-II.NFO,08/08/2024,09:23:34,50552.35,50548.9,75,50555.95,15,0,241980
BANKNIFTY-II.NFO,08/08/2024,09:23:36,50552.35,50546.05,90,50553.95,15,0,241980
BANKNIFTY-II.NFO,08/08/2024,09:23:38,50552.35,50548,105,50557.05,45,0,241980
BANKNIFTY-II.NFO,08/08/2024,09:23:39,50546.35,50543.05,75,50549.95,15,15,241980
BANKNIFTY-II.NFO,08/08/2024,09:23:41,50546.35,50542.45,105,50549.95,15,0,241980
BANKNIFTY-II.NFO,08/08/2024,09:23:43,50555,50550,15,50557,60,15,241980
BANKNIFTY-II.NFO,08/08/2024,09:23:44,50545.55,50545.05,45,50553.95,15,30,241980
BANKNIFTY-II.NFO,08/08/2024,09:23:46,50545.55,50545,15,50554.4,60,0,241980
BANKNIFTY-II.NFO,08/08/2024,09:23:47,50540.55,50540.05,15,50547.95,15,45,241980
BANKNIFTY-II.NFO,08/08/2024,09:23:49,50547.95,50540.3,30,50549.95,15,15,241980
BANKNIFTY-II.NFO,08/08/2024,09:23:51,50547.95,50541.6,30,50549.95,15,0,241980
BANKNIFTY-II.NFO,08/08/2024,09:23:52,50547.95,50544,60,50551.95,15,0,241980
BANKNIFTY-II.NFO,08/08/2024,09:23:54,50547.95,50540,45,50549.9,60,0,241980
BANKNIFTY-II.NFO,08/08/2024,09:23:56,50547.95,50540.35,30,50553.9,60,0,241980
BANKNIFTY-II.NFO,08/08/2024,09:23:57,50547.95,50540.3,30,50555.4,60,0,241980
BANKNIFTY-II.NFO,08/08/2024,09:23:59,50547.95,50540,45,50551.9,60,0,241980
BANKNIFTY-II.NFO,08/08/2024,09:24:01,50547.95,50540,45,50547.9,60,0,241980
BANKNIFTY-II.NFO,08/08/2024,09:24:02,50547.95,50540,105,50549.9,60,0,241980
BANKNIFTY-II.NFO,08/08/2024,09:24:04,50547.95,50540,90,50550.15,90,0,241980
BANKNIFTY-II.NFO,08/08/2024,09:24:06,50547.95,50540,90,50548.65,60,0,241980
BANKNIFTY-II.NFO,08/08/2024,09:24:07,50547.95,50540,105,50551.9,60,0,241980
BANKNIFTY-II.NFO,08/08/2024,09:24:09,50540,50540,30,50545,525,75,241980
BANKNIFTY-II.NFO,08/08/2024,09:24:10,50540,50540,15,50545,525,0,241980
BANKNIFTY-II.NFO,08/08/2024,09:24:12,50539.25,50539,30,50545,525,45,241980
BANKNIFTY-II.NFO,08/08/2024,09:24:14,50539.25,50531.35,30,50541.95,15,0,241980
BANKNIFTY-II.NFO,08/08/2024,09:24:15,50539.25,50531.35,30,50544.95,60,0,241980
BANKNIFTY-II.NFO,08/08/2024,09:24:17,50539.25,50530.05,75,50539.95,15,0,241980
BANKNIFTY-II.NFO,08/08/2024,09:24:18,50539.25,50531.55,30,50541.95,15,0,241980
BANKNIFTY-II.NFO,08/08/2024,09:24:20,50543.95,50531.55,30,50544.95,60,15,241980
BANKNIFTY-II.NFO,08/08/2024,09:24:22,50543.95,50538.8,30,50545,525,0,241980
BANKNIFTY-II.NFO,08/08/2024,09:24:23,50543.95,50534.35,30,50545,525,0,241980
BANKNIFTY-II.NFO,08/08/2024,09:24:25,50531.2,50531.2,15,50539.95,15,15,241980
BANKNIFTY-II.NFO,08/08/2024,09:24:27,50531.2,50531.05,30,50541.95,15,0,241980
BANKNIFTY-II.NFO,08/08/2024,09:24:28,50531.2,50531,15,50543.3,60,0,241980
BANKNIFTY-II.NFO,08/08/2024,09:24:30,50531.2,50531,30,50541.95,15,0,241980
BANKNIFTY-II.NFO,08/08/2024,09:24:32,50531.2,50531.05,30,50541.95,15,0,241980
BANKNIFTY-II.NFO,08/08/2024,09:24:33,50541.95,50532.6,30,50545,525,15,241980
BANKNIFTY-II.NFO,08/08/2024,09:24:35,50545,50535.3,15,50545,510,15,241980
BANKNIFTY-II.NFO,08/08/2024,09:24:36,50545,50531,60,50541.95,15,0,241980
BANKNIFTY-II.NFO,08/08/2024,09:24:38,50531.35,50531.15,30,50543.9,60,30,241980
BANKNIFTY-II.NFO,08/08/2024,09:24:40,50531.35,50531.35,30,50543.9,60,0,241980
BANKNIFTY-II.NFO,08/08/2024,09:24:41,50531.35,50531,15,50537.95,15,0,241980
BANKNIFTY-II.NFO,08/08/2024,09:24:43,50531.35,50531.05,45,50540,15,0,241980
BANKNIFTY-II.NFO,08/08/2024,09:24:45,50531.35,50533.3,30,50540,15,0,241980
BANKNIFTY-II.NFO,08/08/2024,09:24:46,50533.4,50533.65,30,50540,15,15,242175
BANKNIFTY-II.NFO,08/08/2024,09:24:48,50533.7,50534.35,30,50539.95,15,15,242175
BANKNIFTY-II.NFO,08/08/2024,09:24:49,50533.7,50534.35,15,50540,15,0,242175
BANKNIFTY-II.NFO,08/08/2024,09:24:51,50533.7,50532.9,90,50540,15,0,242175
BANKNIFTY-II.NFO,08/08/2024,09:24:53,50533.7,50532.9,45,50540,45,0,242175
BANKNIFTY-II.NFO,08/08/2024,09:24:54,50540,50533.95,15,50540,30,15,242175
BANKNIFTY-II.NFO,08/08/2024,09:24:56,50540,50535.25,15,50544.95,60,30,242175
BANKNIFTY-II.NFO,08/08/2024,09:24:57,50544.95,50531.2,45,50543.9,60,15,242175
BANKNIFTY-II.NFO,08/08/2024,09:24:59,50544.95,50531.1,30,50539.95,15,0,242175
BANKNIFTY-II.NFO,08/08/2024,09:25:01,50544.95,50531.05,30,50539.9,60,0,242175
BANKNIFTY-II.NFO,08/08/2024,09:25:02,50544.95,50532.85,45,50540,510,0,242175
BANKNIFTY-II.NFO,08/08/2024,09:25:04,50540,50538.45,45,50553.9,60,510,242175
BANKNIFTY-II.NFO,08/08/2024,09:25:06,50540,50539.85,15,50551.9,60,0,242175
BANKNIFTY-II.NFO,08/08/2024,09:25:07,50540,50537.05,15,50545.9,60,0,242175
BANKNIFTY-II.NFO,08/08/2024,09:25:09,50540,50531.05,30,50541.9,75,0,242175
BANKNIFTY-II.NFO,08/08/2024,09:25:11,50540,50531.05,30,50541.9,60,0,242175
BANKNIFTY-II.NFO,08/08/2024,09:25:12,50540,50531.05,15,50539.9,60,0,242175
BANKNIFTY-II.NFO,08/08/2024,09:25:14,50540,50531.05,15,50537.9,60,0,242175
BANKNIFTY-II.NFO,08/08/2024,09:25:16,50540,50535,15,50543.05,60,0,242175
BANKNIFTY-II.NFO,08/08/2024,09:25:18,50540,50536.1,45,50551.9,75,0,242175
BANKNIFTY-II.NFO,08/08/2024,09:25:19,50540,50537.45,45,50550.75,75,0,242175
BANKNIFTY-II.NFO,08/08/2024,09:25:21,50540,50542.6,45,50557,75,0,242175
BANKNIFTY-II.NFO,08/08/2024,09:25:23,50540,50548.1,45,50557.05,15,0,242175
BANKNIFTY-II.NFO,08/08/2024,09:25:24,50557.05,50552.05,15,50559,15,15,242175
BANKNIFTY-II.NFO,08/08/2024,09:25:26,50557.05,50544.6,15,50555.9,75,0,242175
BANKNIFTY-II.NFO,08/08/2024,09:25:28,50555.9,50543.15,90,50555.9,45,75,242175
BANKNIFTY-II.NFO,08/08/2024,09:25:29,50555.9,50544.6,90,50557.65,60,0,242175
BANKNIFTY-II.NFO,08/08/2024,09:25:31,50555.9,50542.65,105,50556.1,45,0,242175
BANKNIFTY-II.NFO,08/08/2024,09:25:32,50555.9,50535.6,90,50549.9,45,0,242175
BANKNIFTY-II.NFO,08/08/2024,09:25:34,50555.9,50535.55,90,50549.9,60,0,242175
BANKNIFTY-II.NFO,08/08/2024,09:25:36,50555.9,50540.05,75,50549.9,45,0,242175
BANKNIFTY-II.NFO,08/08/2024,09:25:37,50555.9,50540,15,50547.9,60,0,242175
BANKNIFTY-II.NFO,08/08/2024,09:25:39,50555.9,50540,15,50546.9,45,0,242175
BANKNIFTY-II.NFO,08/08/2024,09:25:41,50555.9,50540,15,50549.9,45,0,242175
BANKNIFTY-II.NFO,08/08/2024,09:25:42,50555.9,50540,15,50545.75,75,0,242175
BANKNIFTY-II.NFO,08/08/2024,09:25:44,50555.9,50540,15,50548.2,60,0,242175
BANKNIFTY-II.NFO,08/08/2024,09:25:46,50555.9,50540,15,50549.8,75,0,242175
BANKNIFTY-II.NFO,08/08/2024,09:25:47,50555.9,50540,15,50547.2,60,0,242175
BANKNIFTY-II.NFO,08/08/2024,09:25:49,50555.9,50540,15,50541.9,45,0,242175
BANKNIFTY-II.NFO,08/08/2024,09:25:51,50555.9,50540,15,50545,75,0,242175
BANKNIFTY-II.NFO,08/08/2024,09:25:52,50555.9,50540,15,50543.1,45,0,242175
BANKNIFTY-II.NFO,08/08/2024,09:25:54,50540,50535,15,50545.1,45,15,242175
BANKNIFTY-II.NFO,08/08/2024,09:25:56,50530,50530,345,50537.5,60,300,242175
BANKNIFTY-II.NFO,08/08/2024,09:25:57,50530,50530,345,50537.25,45,0,242175
BANKNIFTY-II.NFO,08/08/2024,09:25:59,50530,50530,345,50537.9,45,0,242175
BANKNIFTY-II.NFO,08/08/2024,09:26:01,50530,50530,345,50539.9,45,0,242175
BANKNIFTY-II.NFO,08/08/2024,09:26:02,50530,50530,345,50539.3,45,0,242175
BANKNIFTY-II.NFO,08/08/2024,09:26:04,50530,50530,345,50537.95,30,0,242175
BANKNIFTY-II.NFO,08/08/2024,09:26:06,50530,50530,345,50538.9,45,0,242175
BANKNIFTY-II.NFO,08/08/2024,09:26:07,50530,50530,360,50537.75,45,0,242175
BANKNIFTY-II.NFO,08/08/2024,09:26:09,50530,50530,360,50537.9,15,0,242175
BANKNIFTY-II.NFO,08/08/2024,09:26:11,50530,50530.05,60,50540,30,0,242175
BANKNIFTY-II.NFO,08/08/2024,09:26:12,50530,50530.05,105,50540,15,0,242175
BANKNIFTY-II.NFO,08/08/2024,09:26:14,50530,50530.05,60,50540,30,0,242175
BANKNIFTY-II.NFO,08/08/2024,09:26:16,50530,50530.05,90,50542.4,75,0,242175
BANKNIFTY-II.NFO,08/08/2024,09:26:18,50530,50530.05,75,50542.3,60,0,242175
BANKNIFTY-II.NFO,08/08/2024,09:26:19,50530,50531.05,75,50542.4,15,0,242175
BANKNIFTY-II.NFO,08/08/2024,09:26:21,50530,50531,345,50539.1,60,0,242175
BANKNIFTY-II.NFO,08/08/2024,09:26:22,50530,50531,345,50538.6,75,0,242175
BANKNIFTY-II.NFO,08/08/2024,09:26:24,50540.2,50531,345,50538.15,30,15,242175
BANKNIFTY-II.NFO,08/08/2024,09:26:26,50529.95,50525,60,50529.5,30,375,242175
BANKNIFTY-II.NFO,08/08/2024,09:26:27,50529.95,50525,60,50530.6,75,0,242175
BANKNIFTY-II.NFO,08/08/2024,09:26:29,50525,50515.4,300,50526.95,15,75,242175
BANKNIFTY-II.NFO,08/08/2024,09:26:31,50526.95,50515,30,50519.3,15,180,242175
BANKNIFTY-II.NFO,08/08/2024,09:26:32,50526.95,50515,30,50522.25,30,0,242175
BANKNIFTY-II.NFO,08/08/2024,09:26:34,50526.95,50515.05,90,50527.45,15,0,242175
BANKNIFTY-II.NFO,08/08/2024,09:26:36,50526.95,50515.05,75,50527.05,45,0,242175
BANKNIFTY-II.NFO,08/08/2024,09:26:37,50526.95,50518.55,75,50531.75,15,0,242175
BANKNIFTY-II.NFO,08/08/2024,09:26:39,50526.95,50520.25,60,50533.8,30,0,242175
BANKNIFTY-II.NFO,08/08/2024,09:26:40,50526.95,50515.3,105,50527.95,15,0,242175
BANKNIFTY-II.NFO,08/08/2024,09:26:42,50526.95,50526.95,75,50531.35,15,0,242175
BANKNIFTY-II.NFO,08/08/2024,09:26:44,50526.95,50526.95,75,50529.9,15,0,242175
BANKNIFTY-II.NFO,08/08/2024,09:26:45,50526.95,50526.95,75,50536.25,15,0,242175
BANKNIFTY-II.NFO,08/08/2024,09:26:47,50526.95,50526.95,75,50533.2,330,0,242175
BANKNIFTY-II.NFO,08/08/2024,09:26:49,50526.95,50516.95,30,50529.2,30,75,242175
BANKNIFTY-II.NFO,08/08/2024,09:26:50,50526.95,50520.05,30,50531.95,30,0,242175
BANKNIFTY-II.NFO,08/08/2024,09:26:52,50526.95,50516.95,15,50525.95,30,0,242175
BANKNIFTY-II.NFO,08/08/2024,09:26:54,50526.95,50520.3,30,50526,30,0,242175
BANKNIFTY-II.NFO,08/08/2024,09:26:55,50526.95,50517,75,50526,30,0,242175
BANKNIFTY-II.NFO,08/08/2024,09:26:57,50517.2,50516.95,30,50525.95,30,15,242175
BANKNIFTY-II.NFO,08/08/2024,09:26:58,50517.2,50519.3,15,50526,30,0,242175
BANKNIFTY-II.NFO,08/08/2024,09:27:00,50526,50538.1,60,50548.2,30,30,242175
BANKNIFTY-II.NFO,08/08/2024,09:27:02,50526,50531.5,60,50547.2,30,0,242175
BANKNIFTY-II.NFO,08/08/2024,09:27:03,50526,50536.1,75,50547.45,30,0,242175
BANKNIFTY-II.NFO,08/08/2024,09:27:05,50526,50540.5,90,50550,15,0,242175
BANKNIFTY-II.NFO,08/08/2024,09:27:07,50526,50539.65,60,50550,15,0,242175
BANKNIFTY-II.NFO,08/08/2024,09:27:08,50526,50536.95,105,50547.95,15,0,242175
BANKNIFTY-II.NFO,08/08/2024,09:27:10,50526,50540.9,75,50550,15,0,242175
BANKNIFTY-II.NFO,08/08/2024,09:27:12,50526,50533.35,60,50546.45,75,0,242175
BANKNIFTY-II.NFO,08/08/2024,09:27:13,50549.05,50537.3,75,50549.95,30,45,242175
BANKNIFTY-II.NFO,08/08/2024,09:27:15,50549.05,50537.4,75,50549.95,30,0,242175
BANKNIFTY-II.NFO,08/08/2024,09:27:16,50549.05,50531.5,60,50545.2,45,0,242175
BANKNIFTY-II.NFO,08/08/2024,09:27:18,50549.05,50534.1,60,50547.9,15,0,242175
BANKNIFTY-II.NFO,08/08/2024,09:27:20,50549.05,50538.8,105,50549.95,15,0,242175
BANKNIFTY-II.NFO,08/08/2024,09:27:21,50549.05,50534.15,60,50547.15,30,0,242175
BANKNIFTY-II.NFO,08/08/2024,09:27:23,50549.05,50536.4,60,50549.65,60,0,242175
BANKNIFTY-II.NFO,08/08/2024,09:27:25,50545.9,50533.85,105,50545.9,15,30,242175
BANKNIFTY-II.NFO,08/08/2024,09:27:26,50545.9,50530.15,75,50539.9,15,0,242175
BANKNIFTY-II.NFO,08/08/2024,09:27:28,50545.9,50530.05,15,50539.9,15,0,242175
BANKNIFTY-II.NFO,08/08/2024,09:27:30,50545.9,50530,15,50539.05,15,0,242175
BANKNIFTY-II.NFO,08/08/2024,09:27:31,50545.9,50530,30,50539.8,15,0,242175
BANKNIFTY-II.NFO,08/08/2024,09:27:33,50545.9,50530,30,50541.6,180,0,242175
BANKNIFTY-II.NFO,08/08/2024,09:27:35,50545.9,50530,15,50536.85,30,0,242175
BANKNIFTY-II.NFO,08/08/2024,09:27:36,50545.9,50530,330,50537.75,15,0,242175
BANKNIFTY-II.NFO,08/08/2024,09:27:38,50545.9,50530,450,50535.45,30,0,242175
BANKNIFTY-II.NFO,08/08/2024,09:27:40,50545.9,50530.3,120,50537.8,15,0,242175
BANKNIFTY-II.NFO,08/08/2024,09:27:41,50545.9,50530.3,120,50537.15,15,0,242175
BANKNIFTY-II.NFO,08/08/2024,09:27:43,50545.9,50530.3,135,50541.35,30,0,242175
BANKNIFTY-II.NFO,08/08/2024,09:27:45,50545.9,50530.3,120,50539.15,30,0,242175
BANKNIFTY-II.NFO,08/08/2024,09:27:46,50545.9,50530.3,120,50537.9,15,0,242175
BANKNIFTY-II.NFO,08/08/2024,09:27:48,50541.9,50532.25,30,50545.05,15,15,242175
BANKNIFTY-II.NFO,08/08/2024,09:27:50,50541.9,50530.3,120,50540.1,15,0,242175
BANKNIFTY-II.NFO,08/08/2024,09:27:51,50541.9,50530.3,120,50537.95,15,0,242175
BANKNIFTY-II.NFO,08/08/2024,09:27:53,50541.9,50531,315,50537.95,15,0,242175
BANKNIFTY-II.NFO,08/08/2024,09:27:56,50541.9,50531,315,50537.95,30,0,242175
BANKNIFTY-II.NFO,08/08/2024,09:27:58,50541.9,50531,315,50535.5,30,0,242175
BANKNIFTY-II.NFO,08/08/2024,09:28:00,50541.9,50531,315,50535.2,165,0,242175
BANKNIFTY-II.NFO,08/08/2024,09:28:01,50541.9,50531,315,50533.05,150,0,242175
BANKNIFTY-II.NFO,08/08/2024,09:28:03,50531,50531,300,50531.45,30,15,242175
BANKNIFTY-II.NFO,08/08/2024,09:28:05,50531,50530.3,120,50530.55,300,300,242175
BANKNIFTY-II.NFO,08/08/2024,09:28:06,50525,50525,60,50528.25,30,150,242175
BANKNIFTY-II.NFO,08/08/2024,09:28:08,50525,50525,60,50527.65,150,0,242175
BANKNIFTY-II.NFO,08/08/2024,09:28:10,50525,50520,15,50525.2,150,60,242175
BANKNIFTY-II.NFO,08/08/2024,09:28:11,50525,50520,15,50523.8,150,0,242175
BANKNIFTY-II.NFO,08/08/2024,09:28:13,50520,50517.2,15,50523.55,60,15,242175
BANKNIFTY-II.NFO,08/08/2024,09:28:15,50520,50517.2,15,50518.45,150,0,242175
BANKNIFTY-II.NFO,08/08/2024,09:28:16,50517.2,50516.95,15,50520.85,150,15,242175
BANKNIFTY-II.NFO,08/08/2024,09:28:18,50516.95,50515,30,50519.9,150,15,242175
BANKNIFTY-II.NFO,08/08/2024,09:28:19,50516.95,50515,30,50519.2,30,0,242175
BANKNIFTY-II.NFO,08/08/2024,09:28:21,50516.95,50515,30,50519.5,150,0,242175
BANKNIFTY-II.NFO,08/08/2024,09:28:23,50515,50510,30,50514.05,150,30,242175
BANKNIFTY-II.NFO,08/08/2024,09:28:24,50515,50510,30,50515.25,30,0,242175
BANKNIFTY-II.NFO,08/08/2024,09:28:26,50515,50510,30,50518.9,30,0,242175
BANKNIFTY-II.NFO,08/08/2024,09:28:28,50515,50510,30,50514.65,30,0,242175
BANKNIFTY-II.NFO,08/08/2024,09:28:29,50515,50510,30,50515.85,150,0,242175
BANKNIFTY-II.NFO,08/08/2024,09:28:31,50515,50510,45,50515.8,150,0,242175
BANKNIFTY-II.NFO,08/08/2024,09:28:33,50515,50510,30,50515.4,150,0,242175
BANKNIFTY-II.NFO,08/08/2024,09:28:34,50515,50510,30,50515,30,0,242175
BANKNIFTY-II.NFO,08/08/2024,09:28:36,50515,50510,30,50515,180,0,242175
BANKNIFTY-II.NFO,08/08/2024,09:28:38,50509.55,50505,60,50512.65,150,225,242175
BANKNIFTY-II.NFO,08/08/2024,09:28:39,50509.55,50506.3,60,50516,300,0,242175
BANKNIFTY-II.NFO,08/08/2024,09:28:41,50509.55,50505,30,50511.25,150,0,242175
BANKNIFTY-II.NFO,08/08/2024,09:28:43,50511.2,50505.05,60,50512.75,300,30,242175
BANKNIFTY-II.NFO,08/08/2024,09:28:44,50505.05,50505,30,50511.35,300,30,242175
BANKNIFTY-II.NFO,08/08/2024,09:28:46,50505.05,50505,30,50511.4,300,0,242175
BANKNIFTY-II.NFO,08/08/2024,09:28:48,50511.7,50505,30,50509.55,30,15,242175
BANKNIFTY-II.NFO,08/08/2024,09:28:51,50511.7,50505.45,60,50509.55,30,0,242175
BANKNIFTY-II.NFO,08/08/2024,09:28:52,50509.55,50505,45,50512.1,300,45,242175
BANKNIFTY-II.NFO,08/08/2024,09:28:54,50509.55,50505.85,60,50512.85,300,0,242175
BANKNIFTY-II.NFO,08/08/2024,09:28:56,50509.55,50506.55,75,50515.25,300,0,242175
BANKNIFTY-II.NFO,08/08/2024,09:28:57,50509.55,50505.4,75,50513.95,15,0,242175
BANKNIFTY-II.NFO,08/08/2024,09:28:59,50509.55,50505.05,60,50513.15,300,0,242175
BANKNIFTY-II.NFO,08/08/2024,09:29:01,50505,50505,15,50506.8,15,15,242175
BANKNIFTY-II.NFO,08/08/2024,09:29:02,50500,50490,45,50497.8,30,345,242175
BANKNIFTY-II.NFO,08/08/2024,09:29:02,50500,50490,45,50497.8,30,0,242175
BANKNIFTY-II.NFO,08/08/2024,09:29:04,50490,50490.05,75,50501.9,45,15,242175
BANKNIFTY-II.NFO,08/08/2024,09:29:04,50490,50490.05,75,50501.9,45,0,242175
BANKNIFTY-II.NFO,08/08/2024,09:29:06,50490,50492.1,15,50505.3,30,0,242175
BANKNIFTY-II.NFO,08/08/2024,09:29:07,50490,50490.55,15,50499.9,30,0,242175
BANKNIFTY-II.NFO,08/08/2024,09:29:09,50490,50494.45,15,50504.95,30,0,242175
BANKNIFTY-II.NFO,08/08/2024,09:29:10,50490,50496.3,15,50504.95,30,0,242175
BANKNIFTY-II.NFO,08/08/2024,09:29:12,50490,50496.05,75,50505,15,0,242175
BANKNIFTY-II.NFO,08/08/2024,09:29:14,50490,50494.8,60,50501.95,15,0,242175
BANKNIFTY-II.NFO,08/08/2024,09:29:15,50490,50495.25,90,50504.95,30,0,242175
BANKNIFTY-II.NFO,08/08/2024,09:29:17,50491.35,50491.35,60,50494.45,15,15,242175
BANKNIFTY-II.NFO,08/08/2024,09:29:18,50494.45,50490.05,75,50497.95,15,15,242175
BANKNIFTY-II.NFO,08/08/2024,09:29:20,50494.45,50490,60,50496.4,45,0,242175
BANKNIFTY-II.NFO,08/08/2024,09:29:22,50494.45,50490,60,50496.1,300,0,242175
BANKNIFTY-II.NFO,08/08/2024,09:29:23,50490,50490,15,50493.45,45,45,242175
BANKNIFTY-II.NFO,08/08/2024,09:29:25,50490,50485,15,50491.25,45,15,242175
BANKNIFTY-II.NFO,08/08/2024,09:29:27,50486.25,50485,15,50488.75,300,15,242175
BANKNIFTY-II.NFO,08/08/2024,09:29:27,50486.25,50485,15,50488.75,300,0,242175
BANKNIFTY-II.NFO,08/08/2024,09:29:28,50486.25,50485.75,60,50491.4,300,0,242175
BANKNIFTY-II.NFO,08/08/2024,09:29:30,50486.25,50485.05,75,50491.95,15,0,242175
BANKNIFTY-II.NFO,08/08/2024,09:29:31,50494.95,50485.5,30,50495.35,285,525,242175
BANKNIFTY-II.NFO,08/08/2024,09:29:31,50480,50485.5,30,50495.35,285,0,242175
BANKNIFTY-II.NFO,08/08/2024,09:29:33,50494.95,50491.35,15,50496.3,300,0,242175
BANKNIFTY-II.NFO,08/08/2024,09:29:35,50494.95,50491.35,15,50495,300,0,242175
BANKNIFTY-II.NFO,08/08/2024,09:29:38,50494.95,50491.35,15,50494.7,60,0,242175
BANKNIFTY-II.NFO,08/08/2024,09:29:40,50494.95,50491.35,15,50495.45,60,180,242175
BANKNIFTY-II.NFO,08/08/2024,09:29:41,50491.35,50488.05,30,50497.6,75,15,242175
BANKNIFTY-II.NFO,08/08/2024,09:29:43,50491.35,50495.45,30,50497.6,60,0,242175
BANKNIFTY-II.NFO,08/08/2024,09:29:45,50491.35,50495.45,30,50499.95,60,0,242175
BANKNIFTY-II.NFO,08/08/2024,09:29:46,50495.45,50495.45,15,50498.35,75,15,242175
BANKNIFTY-II.NFO,08/08/2024,09:29:48,50495.45,50495.55,60,50500,45,0,242175
BANKNIFTY-II.NFO,08/08/2024,09:29:50,50495.45,50495.5,30,50500,45,0,242175
BANKNIFTY-II.NFO,08/08/2024,09:29:53,50495.45,50495.45,15,50500,45,0,242175
BANKNIFTY-II.NFO,08/08/2024,09:29:55,50495.45,50496,15,50500,45,0,242175
BANKNIFTY-II.NFO,08/08/2024,09:29:56,50495.45,50496.4,30,50500,45,0,242175
BANKNIFTY-II.NFO,08/08/2024,09:29:58,50509.8,50497.05,45,50509.9,75,60,242175
BANKNIFTY-II.NFO,08/08/2024,09:30:00,50509.8,50497.7,45,50510.5,60,0,242175
BANKNIFTY-II.NFO,08/08/2024,09:30:01,50509.8,50497.45,45,50509.4,60,0,242175
BANKNIFTY-II.NFO,08/08/2024,09:30:03,50509.45,50496.45,60,50509.55,60,15,242175
BANKNIFTY-II.NFO,08/08/2024,09:30:05,50509.45,50496,15,50504.35,60,0,242175
BANKNIFTY-II.NFO,08/08/2024,09:30:06,50509.45,50499,15,50507,75,0,242175
BANKNIFTY-II.NFO,08/08/2024,09:30:08,50509.45,50499.15,60,50509.65,60,0,242175
BANKNIFTY-II.NFO,08/08/2024,09:30:09,50509.45,50499.25,60,50511.9,75,0,242175
BANKNIFTY-II.NFO,08/08/2024,09:30:11,50509.45,50499,15,50509.7,75,0,242175
BANKNIFTY-II.NFO,08/08/2024,09:30:13,50509.45,50501.3,90,50512.25,75,0,242175
BANKNIFTY-II.NFO,08/08/2024,09:30:14,50512.15,50504.1,60,50515.05,45,30,242175
BANKNIFTY-II.NFO,08/08/2024,09:30:16,50512.15,50499.3,60,50512.45,45,0,242175
BANKNIFTY-II.NFO,08/08/2024,09:30:18,50512.15,50500.05,60,50513.85,60,0,242175
BANKNIFTY-II.NFO,08/08/2024,09:30:19,50513.7,50499.25,60,50513.4,30,15,242175
BANKNIFTY-II.NFO,08/08/2024,09:30:21,50513.9,50502.25,60,50515.9,30,15,242175
BANKNIFTY-II.NFO,08/08/2024,09:30:23,50513.9,50502.75,60,50517.75,30,0,242175
BANKNIFTY-II.NFO,08/08/2024,09:30:24,50517.75,50505.55,60,50517.95,15,15,242175
BANKNIFTY-II.NFO,08/08/2024,09:30:26,50517.75,50502.75,60,50517.75,30,0,242175
BANKNIFTY-II.NFO,08/08/2024,09:30:28,50517.75,50508.05,60,50517.9,300,0,242175
BANKNIFTY-II.NFO,08/08/2024,09:30:29,50517.75,50506.95,60,50519.95,30,0,242175
BANKNIFTY-II.NFO,08/08/2024,09:30:31,50517.75,50508.05,15,50519.95,45,0,242175
BANKNIFTY-II.NFO,08/08/2024,09:30:32,50517.75,50503.05,60,50509.8,15,0,242175
BANKNIFTY-II.NFO,08/08/2024,09:30:34,50509.8,50510.1,60,50520,30,15,242175
BANKNIFTY-II.NFO,08/08/2024,09:30:36,50520,50506.4,60,50521.9,30,30,242175
BANKNIFTY-II.NFO,08/08/2024,09:30:37,50520,50503.15,60,50517.9,30,0,242175
BANKNIFTY-II.NFO,08/08/2024,09:30:39,50520,50506.1,60,50519.9,45,0,242175
BANKNIFTY-II.NFO,08/08/2024,09:30:41,50520,50511.15,90,50523.95,30,0,242175
BANKNIFTY-II.NFO,08/08/2024,09:30:42,50520,50512.05,15,50525.2,45,0,242175
BANKNIFTY-II.NFO,08/08/2024,09:30:46,50524.85,50516.05,15,50525.5,15,30,242475
BANKNIFTY-II.NFO,08/08/2024,09:30:48,50524.85,50514.05,15,50526.35,90,0,242475
BANKNIFTY-II.NFO,08/08/2024,09:30:49,50524.85,50506.5,60,50523.6,30,0,242475
BANKNIFTY-II.NFO,08/08/2024,09:30:51,50524.85,50508.3,60,50523,30,0,242475
BANKNIFTY-II.NFO,08/08/2024,09:30:53,50524.85,50525,300,50527.2,300,0,242475
BANKNIFTY-II.NFO,08/08/2024,09:30:54,50524.85,50525,300,50526.35,75,0,242475
BANKNIFTY-II.NFO,08/08/2024,09:30:56,50525,50512.05,15,50524.6,30,300,242475
BANKNIFTY-II.NFO,08/08/2024,09:30:58,50525,50510.1,60,50523.25,45,0,242475
BANKNIFTY-II.NFO,08/08/2024,09:30:59,50525,50514.05,15,50524.55,30,0,242475
BANKNIFTY-II.NFO,08/08/2024,09:31:01,50525,50516.05,15,50525,30,0,242475
BANKNIFTY-II.NFO,08/08/2024,09:31:03,50525,50510.1,60,50525.05,30,0,242475
BANKNIFTY-II.NFO,08/08/2024,09:31:04,50512.05,50505.95,60,50519.25,30,15,242475
BANKNIFTY-II.NFO,08/08/2024,09:31:06,50514.8,50505.9,75,50514.8,45,45,242475
BANKNIFTY-II.NFO,08/08/2024,09:31:08,50505.9,50505.9,60,50513.65,30,15,242475
BANKNIFTY-II.NFO,08/08/2024,09:31:09,50505.9,50505.9,60,50512.3,75,0,242475
BANKNIFTY-II.NFO,08/08/2024,09:31:11,50505.9,50505,15,50509.9,60,0,242475
BANKNIFTY-II.NFO,08/08/2024,09:31:13,50505,50501.9,60,50504.9,15,15,242475
BANKNIFTY-II.NFO,08/08/2024,09:31:14,50501.9,50500,30,50506.8,30,60,242475
BANKNIFTY-II.NFO,08/08/2024,09:31:16,50501.9,50500,30,50506.35,30,0,242475
BANKNIFTY-II.NFO,08/08/2024,09:31:18,50501.9,50500,30,50503.4,75,0,242475
BANKNIFTY-II.NFO,08/08/2024,09:31:19,50501.9,50501.9,15,50506.5,75,15,242475
BANKNIFTY-II.NFO,08/08/2024,09:31:21,50501.9,50500.05,15,50507.35,75,15,242475
BANKNIFTY-II.NFO,08/08/2024,09:31:23,50501.9,50516.05,15,50522.5,150,0,242475
BANKNIFTY-II.NFO,08/08/2024,09:31:24,50501.9,50514.05,15,50521.7,75,0,242475
BANKNIFTY-II.NFO,08/08/2024,09:31:26,50501.9,50514.05,15,50522.05,150,0,242475
BANKNIFTY-II.NFO,08/08/2024,09:31:28,50514.05,50512.05,15,50521.4,45,15,242475
BANKNIFTY-II.NFO,08/08/2024,09:31:29,50514.05,50522.05,15,50529.55,30,0,242475
BANKNIFTY-II.NFO,08/08/2024,09:31:31,50514.05,50526.05,15,50535,315,0,242475
BANKNIFTY-II.NFO,08/08/2024,09:31:33,50514.05,50529.6,60,50535,315,0,242475
BANKNIFTY-II.NFO,08/08/2024,09:31:34,50514.05,50531.5,60,50535,315,0,242475
BANKNIFTY-II.NFO,08/08/2024,09:31:36,50532.3,50526.3,60,50535,315,30,242475
BANKNIFTY-II.NFO,08/08/2024,09:31:38,50532.3,50522.6,60,50533.9,30,0,242475
BANKNIFTY-II.NFO,08/08/2024,09:31:39,50532.3,50524.25,60,50535,315,0,242475
BANKNIFTY-II.NFO,08/08/2024,09:31:41,50532.3,50524.1,60,50534.95,45,0,242475
BANKNIFTY-II.NFO,08/08/2024,09:31:43,50532.3,50524.9,90,50535,315,0,242475
BANKNIFTY-II.NFO,08/08/2024,09:31:44,50532.3,50526.55,60,50535,315,0,242475
BANKNIFTY-II.NFO,08/08/2024,09:31:46,50535,50528.7,60,50535,300,15,242475
BANKNIFTY-II.NFO,08/08/2024,09:31:48,50535,50530.9,60,50535,300,0,242475
BANKNIFTY-II.NFO,08/08/2024,09:31:49,50535,50532.55,60,50535,300,0,242475
BANKNIFTY-II.NFO,08/08/2024,09:31:51,50535,50542.05,15,50549.95,30,300,242475
BANKNIFTY-II.NFO,08/08/2024,09:31:53,50550,50548.05,15,50553,15,15,242475
BANKNIFTY-II.NFO,08/08/2024,09:31:54,50550,50549.25,30,50553,15,0,242475
BANKNIFTY-II.NFO,08/08/2024,09:31:56,50550,50550.15,90,50553,15,0,242475
BANKNIFTY-II.NFO,08/08/2024,09:31:58,50560,50556.35,60,50560,45,45,242475
BANKNIFTY-II.NFO,08/08/2024,09:31:59,50560,50565,60,50569,15,45,242475
BANKNIFTY-II.NFO,08/08/2024,09:32:01,50560,50562.8,60,50569,15,0,242475
BANKNIFTY-II.NFO,08/08/2024,09:32:03,50569,50562.4,60,50572,15,15,242475
BANKNIFTY-II.NFO,08/08/2024,09:32:04,50569,50561.2,60,50572,15,0,242475
BANKNIFTY-II.NFO,08/08/2024,09:32:06,50569,50564.1,60,50572,15,0,242475
BANKNIFTY-II.NFO,08/08/2024,09:32:09,50570.95,50550.05,60,50566.15,30,30,242475
BANKNIFTY-II.NFO,08/08/2024,09:32:11,50570.95,50558.05,15,50569.35,45,0,242475
BANKNIFTY-II.NFO,08/08/2024,09:32:13,50570.95,50558.1,60,50571.95,30,0,242475
BANKNIFTY-II.NFO,08/08/2024,09:32:14,50564.75,50556.1,60,50568.55,30,15,242475
BANKNIFTY-II.NFO,08/08/2024,09:32:16,50564.75,50562.05,15,50572,30,0,242475
BANKNIFTY-II.NFO,08/08/2024,09:32:18,50564.75,50560.05,15,50571.95,45,0,242475
BANKNIFTY-II.NFO,08/08/2024,09:32:19,50564.75,50560.05,15,50570,105,0,242475
BANKNIFTY-II.NFO,08/08/2024,09:32:21,50564.75,50560.05,15,50569.95,30,0,242475
BANKNIFTY-II.NFO,08/08/2024,09:32:23,50564.75,50562.05,15,50570,105,0,242475
BANKNIFTY-II.NFO,08/08/2024,09:32:24,50564.75,50558.05,15,50569.95,30,0,242475
BANKNIFTY-II.NFO,08/08/2024,09:32:26,50550.2,50551.85,60,50565.1,15,15,242475
BANKNIFTY-II.NFO,08/08/2024,09:32:28,50565.1,50554.15,60,50567.45,15,15,242475
BANKNIFTY-II.NFO,08/08/2024,09:32:29,50565.1,50554.05,15,50564.95,30,0,242475
BANKNIFTY-II.NFO,08/08/2024,09:32:31,50565.1,50550,60,50559.35,30,0,242475
BANKNIFTY-II.NFO,08/08/2024,09:32:33,50565.1,50550,60,50554.05,30,0,242475
BANKNIFTY-II.NFO,08/08/2024,09:32:34,50565.1,50550,60,50554.05,15,0,242475
BANKNIFTY-II.NFO,08/08/2024,09:32:36,50565.1,50550,60,50554,75,0,242475
BANKNIFTY-II.NFO,08/08/2024,09:32:39,50554,50551.05,60,50554,60,15,242475
BANKNIFTY-II.NFO,08/08/2024,09:32:41,50554,50550.8,60,50554.05,15,60,242475
BANKNIFTY-II.NFO,08/08/2024,09:32:43,50554.05,50561.55,60,50570,105,15,242475
BANKNIFTY-II.NFO,08/08/2024,09:32:44,50554.05,50559.5,60,50570,105,0,242475
BANKNIFTY-II.NFO,08/08/2024,09:32:46,50554.05,50562.3,60,50570,105,0,242475
BANKNIFTY-II.NFO,08/08/2024,09:32:48,50554.05,50565.85,60,50570,105,0,242475
BANKNIFTY-II.NFO,08/08/2024,09:32:49,50563.2,50564.4,60,50570,105,15,242475
BANKNIFTY-II.NFO,08/08/2024,09:32:51,50563.2,50556.25,60,50569.95,45,0,242475
BANKNIFTY-II.NFO,08/08/2024,09:32:53,50563.2,50555.95,60,50569.95,45,0,242475
BANKNIFTY-II.NFO,08/08/2024,09:32:54,50563.2,50560.1,60,50570,105,0,242475
BANKNIFTY-II.NFO,08/08/2024,09:32:56,50563.2,50562.3,60,50570,105,0,242475
BANKNIFTY-II.NFO,08/08/2024,09:32:58,50563.2,50560.65,60,50570,105,0,242475
BANKNIFTY-II.NFO,08/08/2024,09:32:59,50570,50562.1,60,50570,75,30,242475
BANKNIFTY-II.NFO,08/08/2024,09:33:01,50560.1,50561.45,60,50570,75,45,242475
BANKNIFTY-II.NFO,08/08/2024,09:33:03,50560.1,50554.1,60,50565.9,30,0,242475
BANKNIFTY-II.NFO,08/08/2024,09:33:04,50560.1,50562.05,15,50569.95,60,0,242475
BANKNIFTY-II.NFO,08/08/2024,09:33:06,50560.1,50556.25,60,50569.45,105,0,242475
BANKNIFTY-II.NFO,08/08/2024,09:33:08,50560.1,50555.05,60,50568.3,60,0,242475
BANKNIFTY-II.NFO,08/08/2024,09:33:09,50560.1,50554.05,15,50564.45,90,0,242475
BANKNIFTY-II.NFO,08/08/2024,09:33:11,50560.1,50554.05,15,50564.55,60,0,242475
BANKNIFTY-II.NFO,08/08/2024,09:33:13,50560.1,50554.05,15,50559.85,60,0,242475
BANKNIFTY-II.NFO,08/08/2024,09:33:14,50560.1,50554.05,15,50564.2,75,0,242475
BANKNIFTY-II.NFO,08/08/2024,09:33:16,50554.05,50536.85,60,50553.05,60,15,242475
BANKNIFTY-II.NFO,08/08/2024,09:33:18,50536.85,50537.8,45,50552.55,75,15,242475
BANKNIFTY-II.NFO,08/08/2024,09:33:19,50536.85,50536.1,45,50548.7,60,0,242475
BANKNIFTY-II.NFO,08/08/2024,09:33:21,50548.7,50535.15,60,50548.8,75,15,242475
BANKNIFTY-II.NFO,08/08/2024,09:33:23,50548.7,50536.75,90,50549.75,90,0,242475
BANKNIFTY-II.NFO,08/08/2024,09:33:24,50548.7,50538.05,15,50549.9,90,0,242475
BANKNIFTY-II.NFO,08/08/2024,09:33:26,50548.7,50532.5,60,50545.95,75,0,242475
BANKNIFTY-II.NFO,08/08/2024,09:33:28,50548.7,50525,15,50537.4,60,0,242475
BANKNIFTY-II.NFO,08/08/2024,09:33:29,50548.7,50525,15,50531.6,105,0,242475
BANKNIFTY-II.NFO,08/08/2024,09:33:31,50548.7,50525,15,50529.05,60,0,242475
BANKNIFTY-II.NFO,08/08/2024,09:33:33,50548.7,50525,15,50532.1,60,0,242475
BANKNIFTY-II.NFO,08/08/2024,09:33:34,50548.7,50536.05,15,50545.25,75,0,242475
BANKNIFTY-II.NFO,08/08/2024,09:33:36,50548.7,50530.15,60,50544.5,75,0,242475
BANKNIFTY-II.NFO,08/08/2024,09:33:38,50548.7,50528.1,60,50541.5,75,0,242475
BANKNIFTY-II.NFO,08/08/2024,09:33:39,50548.7,50532.1,60,50545.1,75,0,242475
BANKNIFTY-II.NFO,08/08/2024,09:33:41,50548.7,50526.1,60,50536.7,75,0,242475
BANKNIFTY-II.NFO,08/08/2024,09:33:43,50548.7,50526.05,60,50539.65,60,0,242475
BANKNIFTY-II.NFO,08/08/2024,09:33:44,50548.7,50532.05,15,50543.35,75,0,242475
BANKNIFTY-II.NFO,08/08/2024,09:33:46,50548.7,50535.7,60,50548.85,60,0,242475
BANKNIFTY-II.NFO,08/08/2024,09:33:48,50548.7,50530.1,60,50542.15,90,0,242475
BANKNIFTY-II.NFO,08/08/2024,09:33:49,50548.7,50534.1,60,50546.85,60,0,242475
BANKNIFTY-II.NFO,08/08/2024,09:33:51,50548.7,50531.35,60,50545.15,75,0,242475
BANKNIFTY-II.NFO,08/08/2024,09:33:53,50548.7,50546.05,15,50553.15,75,0,242475
BANKNIFTY-II.NFO,08/08/2024,09:33:54,50548.7,50534.15,60,50546.05,135,0,242475
BANKNIFTY-II.NFO,08/08/2024,09:33:56,50548.7,50533.6,60,50546.05,135,0,242475
BANKNIFTY-II.NFO,08/08/2024,09:33:58,50548.7,50530.65,60,50544.3,60,0,242475
BANKNIFTY-II.NFO,08/08/2024,09:33:59,50548.7,50530.35,60,50545.5,60,0,242475
BANKNIFTY-II.NFO,08/08/2024,09:34:01,50548.7,50530.2,60,50544.1,60,0,242475
BANKNIFTY-II.NFO,08/08/2024,09:34:03,50548.7,50531.2,60,50546,75,0,242475
BANKNIFTY-II.NFO,08/08/2024,09:34:04,50548.7,50532.1,90,50545.3,45,0,242475
BANKNIFTY-II.NFO,08/08/2024,09:34:06,50548.7,50534.3,60,50546.05,135,0,242475
BANKNIFTY-II.NFO,08/08/2024,09:34:07,50548.7,50538.05,15,50546,75,0,242475
BANKNIFTY-II.NFO,08/08/2024,09:34:09,50548.7,50538.1,60,50546.05,120,0,242475
BANKNIFTY-II.NFO,08/08/2024,09:34:11,50548.7,50525.3,60,50539.45,60,0,242475
BANKNIFTY-II.NFO,08/08/2024,09:34:12,50548.7,50534.5,90,50546,60,0,242475
BANKNIFTY-II.NFO,08/08/2024,09:34:14,50548.7,50532.2,90,50546,75,0,242475
BANKNIFTY-II.NFO,08/08/2024,09:34:16,50548.7,50540.15,60,50546.05,120,0,242475
BANKNIFTY-II.NFO,08/08/2024,09:34:17,50548.7,50538,60,50546.05,120,0,242475
BANKNIFTY-II.NFO,08/08/2024,09:34:19,50548.7,50543.4,90,50546.05,120,0,242475
BANKNIFTY-II.NFO,08/08/2024,09:34:21,50548.7,50542,60,50546.05,120,0,242475
BANKNIFTY-II.NFO,08/08/2024,09:34:22,50546.05,50548.05,15,50556.85,60,120,242445
BANKNIFTY-II.NFO,08/08/2024,09:34:24,50546.05,50542.95,90,50555.65,60,0,242445
BANKNIFTY-II.NFO,08/08/2024,09:34:26,50546.05,50552.05,15,50559.9,75,0,242445
BANKNIFTY-II.NFO,08/08/2024,09:34:27,50546.05,50541.05,60,50554.75,75,0,242445
BANKNIFTY-II.NFO,08/08/2024,09:34:29,50546.05,50540.35,90,50550.95,60,0,242445
BANKNIFTY-II.NFO,08/08/2024,09:34:31,50546.05,50543.2,90,50553.1,30,0,242445
BANKNIFTY-II.NFO,08/08/2024,09:34:32,50546.05,50541.75,60,50552.55,45,0,242445
BANKNIFTY-II.NFO,08/08/2024,09:34:34,50546.05,50552.05,15,50559.6,60,0,242445
BANKNIFTY-II.NFO,08/08/2024,09:34:36,50546.05,50546.85,60,50558.15,75,0,242445
BANKNIFTY-II.NFO,08/08/2024,09:34:37,50546.05,50548.3,60,50559.75,75,0,242445
BANKNIFTY-II.NFO,08/08/2024,09:34:39,50546.05,50544.15,60,50555.8,75,0,242445
BANKNIFTY-II.NFO,08/08/2024,09:34:41,50546.05,50542.7,60,50551.75,60,0,242445
BANKNIFTY-II.NFO,08/08/2024,09:34:42,50546.05,50546.1,60,50556.45,60,0,242445
BANKNIFTY-II.NFO,08/08/2024,09:34:44,50546.05,50546.1,60,50557.15,75,0,242445
BANKNIFTY-II.NFO,08/08/2024,09:34:46,50546.05,50552.05,15,50558.2,60,0,242445
BANKNIFTY-II.NFO,08/08/2024,09:34:47,50546.05,50547.1,90,50557.45,60,0,242445
BANKNIFTY-II.NFO,08/08/2024,09:34:49,50546.05,50545.55,60,50557,30,0,242445
BANKNIFTY-II.NFO,08/08/2024,09:34:51,50546.05,50556.05,15,50561.15,60,0,242445
BANKNIFTY-II.NFO,08/08/2024,09:34:52,50546.05,50545.6,60,50555.5,45,0,242445
BANKNIFTY-II.NFO,08/08/2024,09:34:54,50546.05,50545.4,60,50556.2,75,0,242445
BANKNIFTY-II.NFO,08/08/2024,09:34:56,50546.05,50548.05,15,50556.8,30,0,242445
BANKNIFTY-II.NFO,08/08/2024,09:34:57,50546.05,50543.6,90,50554.35,30,0,242445
BANKNIFTY-II.NFO,08/08/2024,09:34:59,50546.05,50548.15,60,50561.95,60,0,242445
BANKNIFTY-II.NFO,08/08/2024,09:35:01,50546.05,50548.05,15,50557.45,60,0,242445
BANKNIFTY-II.NFO,08/08/2024,09:35:02,50546.05,50547.9,30,50560.65,75,0,242445
BANKNIFTY-II.NFO,08/08/2024,09:35:04,50563.1,50548.1,60,50559.5,60,15,242445
BANKNIFTY-II.NFO,08/08/2024,09:35:06,50563.1,50547.45,300,50552.1,150,0,242445
BANKNIFTY-II.NFO,08/08/2024,09:35:07,50563.1,50542.45,60,50552.1,150,0,242445
BANKNIFTY-II.NFO,08/08/2024,09:35:09,50563.1,50546.1,60,50552.1,150,0,242445
BANKNIFTY-II.NFO,08/08/2024,09:35:11,50543.1,50543.15,15,50554.25,30,150,242445
BANKNIFTY-II.NFO,08/08/2024,09:35:12,50543.1,50536.6,15,50545.75,30,0,242445
BANKNIFTY-II.NFO,08/08/2024,09:35:14,50547.25,50542.1,15,50552.15,60,15,242445
BANKNIFTY-II.NFO,08/08/2024,09:35:16,50547.25,50552.05,15,50560.85,75,0,242445
BANKNIFTY-II.NFO,08/08/2024,09:35:17,50547.25,50550.25,60,50556.15,45,0,242445
BANKNIFTY-II.NFO,08/08/2024,09:35:19,50547.25,50544.25,60,50551.45,75,0,242445
BANKNIFTY-II.NFO,08/08/2024,09:35:21,50547.25,50542.5,15,50552.75,75,0,242445
BANKNIFTY-II.NFO,08/08/2024,09:35:22,50547.25,50537.45,60,50545.25,75,15,242445
BANKNIFTY-II.NFO,08/08/2024,09:35:24,50547.25,50532.9,60,50537.95,60,0,242445
BANKNIFTY-II.NFO,08/08/2024,09:35:26,50547.25,50530.15,60,50538.95,60,0,242445
BANKNIFTY-II.NFO,08/08/2024,09:35:27,50547.25,50530.15,60,50538.5,60,0,242445
BANKNIFTY-II.NFO,08/08/2024,09:35:29,50547.25,50528.5,60,50536.05,75,0,242445
BANKNIFTY-II.NFO,08/08/2024,09:35:30,50547.25,50528.5,60,50536,60,0,242445
BANKNIFTY-II.NFO,08/08/2024,09:35:32,50547.25,50528.5,60,50536.5,105,0,242445
BANKNIFTY-II.NFO,08/08/2024,09:35:34,50547.25,50528.5,60,50536.75,75,0,242445
BANKNIFTY-II.NFO,08/08/2024,09:35:35,50547.25,50528.5,60,50536.85,75,0,242445
BANKNIFTY-II.NFO,08/08/2024,09:35:37,50547.25,50528.5,60,50533.95,75,0,242445
BANKNIFTY-II.NFO,08/08/2024,09:35:39,50525.6,50525.6,45,50531.85,90,15,242445
BANKNIFTY-II.NFO,08/08/2024,09:35:40,50525.6,50525.6,45,50533.4,75,0,242445
BANKNIFTY-II.NFO,08/08/2024,09:35:42,50525.6,50525.5,15,50533.15,75,0,242445
BANKNIFTY-II.NFO,08/08/2024,09:35:44,50525.6,50525.5,15,50532.2,45,0,242445
BANKNIFTY-II.NFO,08/08/2024,09:35:45,50525.6,50525.5,15,50531.55,75,0,242445
BANKNIFTY-II.NFO,08/08/2024,09:35:47,50525.6,50525.5,15,50530.7,45,0,242445
BANKNIFTY-II.NFO,08/08/2024,09:35:48,50525.6,50525.5,15,50531.75,75,0,242445
BANKNIFTY-II.NFO,08/08/2024,09:35:50,50525.6,50525.5,15,50528.5,15,0,242445
BANKNIFTY-II.NFO,08/08/2024,09:35:55,50525.6,50525.5,15,50528.05,60,0,242445
BANKNIFTY-II.NFO,08/08/2024,09:35:57,50519.25,50510,15,50516,60,30,242445
BANKNIFTY-II.NFO,08/08/2024,09:35:58,50514.25,50510,15,50514.35,15,165,242445
BANKNIFTY-II.NFO,08/08/2024,09:36:00,50504.4,50508.35,60,50519.85,30,60,242445
BANKNIFTY-II.NFO,08/08/2024,09:36:01,50504.4,50505.75,60,50515.85,30,0,242445
BANKNIFTY-II.NFO,08/08/2024,09:36:03,50504.4,50514.1,60,50525.55,30,0,242445
BANKNIFTY-II.NFO,08/08/2024,09:36:05,50504.4,50513.35,60,50524.25,30,0,242445
BANKNIFTY-II.NFO,08/08/2024,09:36:06,50504.4,50514.65,60,50522.8,30,0,242445
BANKNIFTY-II.NFO,08/08/2024,09:36:08,50504.4,50509.1,60,50519.3,30,0,242445
BANKNIFTY-II.NFO,08/08/2024,09:36:10,50504.4,50511.9,60,50522.05,15,0,242445
BANKNIFTY-II.NFO,08/08/2024,09:36:11,50520.95,50511.75,60,50521.05,30,30,242445
BANKNIFTY-II.NFO,08/08/2024,09:36:13,50520.95,50508.7,60,50518.55,30,0,242445
BANKNIFTY-II.NFO,08/08/2024,09:36:15,50520.95,50505.55,60,50518.15,30,0,242445
BANKNIFTY-II.NFO,08/08/2024,09:36:16,50520.95,50511.2,30,50522.2,45,0,242445
BANKNIFTY-II.NFO,08/08/2024,09:36:18,50520.95,50513.25,30,50524.5,30,0,242445
BANKNIFTY-II.NFO,08/08/2024,09:36:20,50520.95,50516.1,60,50525,120,0,242445
BANKNIFTY-II.NFO,08/08/2024,09:36:21,50520.95,50518.1,60,50525,120,0,242445
BANKNIFTY-II.NFO,08/08/2024,09:36:23,50520.95,50520.55,60,50525,120,0,242445
BANKNIFTY-II.NFO,08/08/2024,09:36:25,50520.95,50520.8,60,50525,120,0,242445
BANKNIFTY-II.NFO,08/08/2024,09:36:26,50520.95,50516.3,60,50525,120,0,242445
BANKNIFTY-II.NFO,08/08/2024,09:36:28,50520.95,50520,15,50520.95,15,0,242445
BANKNIFTY-II.NFO,08/08/2024,09:36:30,50522.85,50520.95,75,50525,135,165,242445
BANKNIFTY-II.NFO,08/08/2024,09:36:31,50524.9,50520.95,75,50524.8,30,15,242445
BANKNIFTY-II.NFO,08/08/2024,09:36:33,50520.95,50520.95,45,50525,135,30,242445
BANKNIFTY-II.NFO,08/08/2024,09:36:35,50520.95,50520.95,45,50524.6,30,0,242445
BANKNIFTY-II.NFO,08/08/2024,09:36:36,50520.95,50520.95,45,50524.65,30,0,242445
BANKNIFTY-II.NFO,08/08/2024,09:36:38,50520,50504.4,60,50516.3,30,60,242445
BANKNIFTY-II.NFO,08/08/2024,09:36:40,50520,50505.65,30,50517.2,45,0,242445
BANKNIFTY-II.NFO,08/08/2024,09:36:41,50520,50500.25,60,50512.05,45,0,242445
BANKNIFTY-II.NFO,08/08/2024,09:36:43,50520,50500.1,15,50508.45,30,0,242445
BANKNIFTY-II.NFO,08/08/2024,09:36:45,50520,50502.05,15,50512.4,30,0,242445
BANKNIFTY-II.NFO,08/08/2024,09:36:46,50496.45,50496.8,60,50510.15,30,60,242445
BANKNIFTY-II.NFO,08/08/2024,09:36:48,50496.45,50496.45,60,50507.15,45,0,242445
BANKNIFTY-II.NFO,08/08/2024,09:36:50,50496.45,50494.05,15,50504,45,0,242445
BANKNIFTY-II.NFO,08/08/2024,09:36:51,50496.45,50493.45,30,50504.5,30,0,242445
BANKNIFTY-II.NFO,08/08/2024,09:36:53,50496.45,50496.4,60,50508.5,30,0,242445
BANKNIFTY-II.NFO,08/08/2024,09:36:55,50496.45,50491.35,60,50503.55,45,0,242445
BANKNIFTY-II.NFO,08/08/2024,09:36:56,50496.45,50492.95,60,50503.9,30,0,242445
BANKNIFTY-II.NFO,08/08/2024,09:36:58,50496.45,50490.6,60,50501.9,45,0,242445
BANKNIFTY-II.NFO,08/08/2024,09:37:00,50496.45,50490,1800,50499.85,30,0,242445
BANKNIFTY-II.NFO,08/08/2024,09:37:01,50496.45,50490,1800,50497.9,30,0,242445
BANKNIFTY-II.NFO,08/08/2024,09:37:03,50496.45,50493.2,90,50500,150,0,242445
BANKNIFTY-II.NFO,08/08/2024,09:37:05,50496.45,50494.95,60,50500,150,0,242445
BANKNIFTY-II.NFO,08/08/2024,09:37:06,50496.45,50493.25,60,50500,150,0,242445
BANKNIFTY-II.NFO,08/08/2024,09:37:08,50490.95,50490.2,30,50500,150,105,242445
BANKNIFTY-II.NFO,08/08/2024,09:37:10,50490.95,50497.9,15,50505.55,75,0,242445
BANKNIFTY-II.NFO,08/08/2024,09:37:11,50497.9,50494.9,30,50505.8,75,15,242445
BANKNIFTY-II.NFO,08/08/2024,09:37:13,50497.9,50496.8,30,50507.6,75,0,242445
BANKNIFTY-II.NFO,08/08/2024,09:37:15,50501.75,50504.05,15,50512.35,60,15,242445
BANKNIFTY-II.NFO,08/08/2024,09:37:16,50501.75,50504.35,15,50516.4,75,0,242445
BANKNIFTY-II.NFO,08/08/2024,09:37:18,50501.75,50503.7,15,50514.25,30,0,242445
BANKNIFTY-II.NFO,08/08/2024,09:37:20,50501.75,50504.1,15,50512.8,45,0,242445
BANKNIFTY-II.NFO,08/08/2024,09:37:21,50501.75,50495,15,50505.4,45,0,242445
BANKNIFTY-II.NFO,08/08/2024,09:37:23,50501.75,50500,30,50512.15,75,0,242445
BANKNIFTY-II.NFO,08/08/2024,09:37:25,50501.75,50504.75,15,50517.9,75,0,242445
BANKNIFTY-II.NFO,08/08/2024,09:37:26,50501.75,50508.1,15,50518.15,75,0,242445
BANKNIFTY-II.NFO,08/08/2024,09:37:28,50500.05,50504.05,45,50515.6,60,210,242445
BANKNIFTY-II.NFO,08/08/2024,09:37:30,50521.9,50508.05,15,50516.35,30,15,242445
BANKNIFTY-II.NFO,08/08/2024,09:37:31,50521.9,50506.1,15,50515.6,30,0,242445
BANKNIFTY-II.NFO,08/08/2024,09:37:33,50521.9,50506.1,15,50516.3,30,0,242445
BANKNIFTY-II.NFO,08/08/2024,09:37:35,50521.9,50503.5,45,50514,120,0,242445
BANKNIFTY-II.NFO,08/08/2024,09:37:36,50521.9,50506.1,45,50514,120,0,242445
BANKNIFTY-II.NFO,08/08/2024,09:37:38,50514,50501.8,45,50513.95,30,45,242445
BANKNIFTY-II.NFO,08/08/2024,09:37:40,50514,50507.05,45,50514,75,0,242445
BANKNIFTY-II.NFO,08/08/2024,09:37:41,50514,50506.1,15,50514,75,0,242445
BANKNIFTY-II.NFO,08/08/2024,09:37:43,50514,50503.55,15,50514.4,30,0,242445
BANKNIFTY-II.NFO,08/08/2024,09:37:45,50514,50502.1,45,50513.95,30,0,242445
BANKNIFTY-II.NFO,08/08/2024,09:37:46,50514,50508.05,15,50514.55,30,0,242445
BANKNIFTY-II.NFO,08/08/2024,09:37:48,50514,50510.1,15,50518.85,30,0,242445
BANKNIFTY-II.NFO,08/08/2024,09:37:50,50514,50510.05,15,50516.3,30,0,242445
BANKNIFTY-II.NFO,08/08/2024,09:37:51,50514,50501.05,15,50510.1,45,0,242445
BANKNIFTY-II.NFO,08/08/2024,09:37:53,50514,50502.1,15,50512.75,30,0,242445
BANKNIFTY-II.NFO,08/08/2024,09:37:55,50514,50501.05,15,50511,60,0,242445
BANKNIFTY-II.NFO,08/08/2024,09:37:56,50514,50501.05,15,50509.75,30,0,242445
BANKNIFTY-II.NFO,08/08/2024,09:37:58,50514,50504.3,45,50515.6,60,0,242445
BANKNIFTY-II.NFO,08/08/2024,09:38:00,50514,50506.1,15,50514.95,30,0,242445
BANKNIFTY-II.NFO,08/08/2024,09:38:01,50514,50508.05,15,50516.15,45,0,242445
BANKNIFTY-II.NFO,08/08/2024,09:38:03,50514,50502.45,15,50512.45,45,0,242445
BANKNIFTY-II.NFO,08/08/2024,09:38:05,50514,50508.05,15,50515.05,30,0,242445
BANKNIFTY-II.NFO,08/08/2024,09:38:06,50514,50502.55,15,50513.15,30,0,242445
BANKNIFTY-II.NFO,08/08/2024,09:38:08,50514,50501,15,50508.8,45,0,242445
BANKNIFTY-II.NFO,08/08/2024,09:38:10,50514,50501.05,15,50510.4,60,0,242445
BANKNIFTY-II.NFO,08/08/2024,09:38:11,50514,50502.8,45,50515.9,75,0,242445
BANKNIFTY-II.NFO,08/08/2024,09:38:13,50514,50504.1,15,50514.15,60,0,242445
BANKNIFTY-II.NFO,08/08/2024,09:38:15,50514,50502.6,15,50512.95,75,0,242445
BANKNIFTY-II.NFO,08/08/2024,09:38:16,50514,50504.05,15,50511.65,30,0,242445
BANKNIFTY-II.NFO,08/08/2024,09:38:18,50514,50502.55,15,50513.3,60,0,242445
BANKNIFTY-II.NFO,08/08/2024,09:38:19,50514,50514.65,150,50521,15,0,242445
BANKNIFTY-II.NFO,08/08/2024,09:38:21,50514.05,50514.4,15,50521,15,15,242445
BANKNIFTY-II.NFO,08/08/2024,09:38:23,50514.05,50506.15,15,50517.3,75,0,242445
BANKNIFTY-II.NFO,08/08/2024,09:38:24,50514.05,50512.75,150,50514,15,0,242445
BANKNIFTY-II.NFO,08/08/2024,09:38:26,50514,50514,15,50514.65,60,15,242445
BANKNIFTY-II.NFO,08/08/2024,09:38:28,50508.85,50511.25,150,50520.05,30,60,242445
BANKNIFTY-II.NFO,08/08/2024,09:38:29,50508.85,50510.55,150,50519.7,30,0,242445
BANKNIFTY-II.NFO,08/08/2024,09:38:31,50508.85,50512.05,15,50518.65,60,0,242445
BANKNIFTY-II.NFO,08/08/2024,09:38:33,50508.85,50511.35,150,50520.85,60,0,242445
BANKNIFTY-II.NFO,08/08/2024,09:38:34,50508.85,50514,150,50521,15,0,242445
BANKNIFTY-II.NFO,08/08/2024,09:38:36,50508.85,50512.95,150,50521,15,0,242445
BANKNIFTY-II.NFO,08/08/2024,09:38:38,50508.85,50508.9,30,50520.6,60,0,242445
BANKNIFTY-II.NFO,08/08/2024,09:38:39,50508.85,50511.5,150,50520.95,60,0,242445
BANKNIFTY-II.NFO,08/08/2024,09:38:41,50508.85,50513.65,150,50521,15,0,242445
BANKNIFTY-II.NFO,08/08/2024,09:38:43,50521.85,50514.55,150,50521.9,15,30,242445
BANKNIFTY-II.NFO,08/08/2024,09:38:44,50521.85,50514.6,150,50521.9,15,0,242445
BANKNIFTY-II.NFO,08/08/2024,09:38:46,50521.85,50512.25,15,50521.9,15,0,242445
BANKNIFTY-II.NFO,08/08/2024,09:38:48,50521.85,50521.85,15,50521.9,15,0,242445
BANKNIFTY-II.NFO,08/08/2024,09:38:49,50521.85,50514.3,60,50521.9,15,15,242445
BANKNIFTY-II.NFO,08/08/2024,09:38:51,50521.85,50512.6,75,50521.9,15,0,242445
BANKNIFTY-II.NFO,08/08/2024,09:38:53,50521.85,50516.3,30,50521.9,15,0,242445
BANKNIFTY-II.NFO,08/08/2024,09:38:54,50521.85,50516.55,30,50521.9,15,0,242445
BANKNIFTY-II.NFO,08/08/2024,09:38:56,50521.85,50514.7,30,50521.9,15,0,242445
BANKNIFTY-II.NFO,08/08/2024,09:38:58,50521.85,50517.95,30,50521.9,15,0,242445
BANKNIFTY-II.NFO,08/08/2024,09:38:59,50521.85,50518.1,60,50521.9,15,0,242445
BANKNIFTY-II.NFO,08/08/2024,09:39:01,50521.9,50521.9,30,50524.7,75,15,242445
BANKNIFTY-II.NFO,08/08/2024,09:39:03,50521.9,50515.8,30,50524.7,75,0,242445
BANKNIFTY-II.NFO,08/08/2024,09:39:04,50521.9,50513.55,300,50522.6,75,0,242445
BANKNIFTY-II.NFO,08/08/2024,09:39:06,50513.6,50513.55,300,50524.15,75,30,242445
BANKNIFTY-II.NFO,08/08/2024,09:39:08,50513.6,50515.05,300,50523.8,75,0,242445
BANKNIFTY-II.NFO,08/08/2024,09:39:09,50513.6,50511.1,30,50523.65,60,0,242445
BANKNIFTY-II.NFO,08/08/2024,09:39:11,50513.6,50505.75,300,50514.7,75,0,242445
BANKNIFTY-II.NFO,08/08/2024,09:39:13,50513.6,50505,15,50512.65,75,0,242445
BANKNIFTY-II.NFO,08/08/2024,09:39:14,50513.6,50505,15,50511.3,75,0,242445
BANKNIFTY-II.NFO,08/08/2024,09:39:16,50513.6,50505,15,50512,60,0,242445
BANKNIFTY-II.NFO,08/08/2024,09:39:18,50513.6,50510.05,15,50522.85,60,0,242445
BANKNIFTY-II.NFO,08/08/2024,09:39:19,50513.6,50510.05,15,50520.7,75,0,242445
BANKNIFTY-II.NFO,08/08/2024,09:39:21,50513.6,50510.05,15,50519.4,75,0,242445
BANKNIFTY-II.NFO,08/08/2024,09:39:23,50513.6,50505,15,50515.45,45,0,242445
BANKNIFTY-II.NFO,08/08/2024,09:39:24,50513.6,50507.05,180,50517.95,60,0,242445
BANKNIFTY-II.NFO,08/08/2024,09:39:26,50513.6,50510.05,45,50518,75,0,242445
BANKNIFTY-II.NFO,08/08/2024,09:39:28,50513.6,50508.05,15,50518,75,0,242445
BANKNIFTY-II.NFO,08/08/2024,09:39:29,50513.6,50507,30,50518,75,0,242445
BANKNIFTY-II.NFO,08/08/2024,09:39:31,50513.6,50509,180,50518,75,0,242445
BANKNIFTY-II.NFO,08/08/2024,09:39:33,50513.6,50510.2,150,50518,75,0,242445
BANKNIFTY-II.NFO,08/08/2024,09:39:34,50513.6,50511.8,180,50518,75,0,242445
BANKNIFTY-II.NFO,08/08/2024,09:39:36,50513.6,50509.2,150,50518,75,0,242445
BANKNIFTY-II.NFO,08/08/2024,09:39:38,50513.6,50508.4,210,50518,75,0,242445
BANKNIFTY-II.NFO,08/08/2024,09:39:39,50513.6,50509.25,90,50518,75,0,242445
BANKNIFTY-II.NFO,08/08/2024,09:39:41,50518,50509.6,150,50518,60,15,242445
BANKNIFTY-II.NFO,08/08/2024,09:39:43,50518,50507.95,60,50518,60,0,242445
BANKNIFTY-II.NFO,08/08/2024,09:39:44,50518,50506.35,60,50517.95,60,0,242445
BANKNIFTY-II.NFO,08/08/2024,09:39:46,50518,50507.45,60,50515,150,0,242445
BANKNIFTY-II.NFO,08/08/2024,09:39:47,50518,50505.7,180,50515,150,0,242445
BANKNIFTY-II.NFO,08/08/2024,09:39:49,50518,50505.75,60,50515,150,0,242445
BANKNIFTY-II.NFO,08/08/2024,09:39:51,50518,50505,45,50515,150,0,242445
BANKNIFTY-II.NFO,08/08/2024,09:39:52,50518,50505,15,50510.55,60,0,242445
BANKNIFTY-II.NFO,08/08/2024,09:39:54,50518,50505,15,50508.05,75,0,242445
BANKNIFTY-II.NFO,08/08/2024,09:39:56,50518,50505,15,50508,75,0,242445
BANKNIFTY-II.NFO,08/08/2024,09:39:57,50518,50505,15,50510.05,75,0,242445
BANKNIFTY-II.NFO,08/08/2024,09:39:59,50518,50505,15,50509.1,60,0,242445
BANKNIFTY-II.NFO,08/08/2024,09:40:01,50518,50505,15,50511,75,0,242445
BANKNIFTY-II.NFO,08/08/2024,09:40:02,50518,50505,15,50509.65,75,0,242445
BANKNIFTY-II.NFO,08/08/2024,09:40:04,50518,50505,15,50512.45,15,0,242445
BANKNIFTY-II.NFO,08/08/2024,09:40:06,50511.65,50506.05,15,50512.3,60,15,242730
BANKNIFTY-II.NFO,08/08/2024,09:40:07,50511.65,50505,15,50510,150,0,242730
BANKNIFTY-II.NFO,08/08/2024,09:40:09,50510,50510.1,15,50518,75,150,242730
BANKNIFTY-II.NFO,08/08/2024,09:40:11,50510,50506.25,15,50517.05,60,0,242730
BANKNIFTY-II.NFO,08/08/2024,09:40:12,50510,50510.1,45,50518,75,0,242730
BANKNIFTY-II.NFO,08/08/2024,09:40:14,50510,50509.4,45,50518,75,0,242730
BANKNIFTY-II.NFO,08/08/2024,09:40:16,50510,50510.8,45,50518,75,0,242730
BANKNIFTY-II.NFO,08/08/2024,09:40:17,50518,50508.15,15,50518,60,15,242730
BANKNIFTY-II.NFO,08/08/2024,09:40:19,50518,50510,150,50517.3,75,0,242730
BANKNIFTY-II.NFO,08/08/2024,09:40:21,50518,50510,150,50516.95,75,0,242730
BANKNIFTY-II.NFO,08/08/2024,09:40:22,50518,50510.05,60,50518,60,0,242730
BANKNIFTY-II.NFO,08/08/2024,09:40:24,50518,50510,150,50517.85,75,0,242730
BANKNIFTY-II.NFO,08/08/2024,09:40:26,50517.3,50510,150,50517.95,75,15,242730
BANKNIFTY-II.NFO,08/08/2024,09:40:27,50510,50510,135,50518,60,15,242730
BANKNIFTY-II.NFO,08/08/2024,09:40:29,50510,50510,135,50517.5,75,0,242730
BANKNIFTY-II.NFO,08/08/2024,09:40:31,50510,50510.05,30,50518,75,0,242730
BANKNIFTY-II.NFO,08/08/2024,09:40:32,50510,50510,135,50515.7,60,0,242730
BANKNIFTY-II.NFO,08/08/2024,09:40:34,50510,50510,135,50517.7,75,0,242730
BANKNIFTY-II.NFO,08/08/2024,09:40:36,50510,50510,135,50516.95,60,0,242730
BANKNIFTY-II.NFO,08/08/2024,09:40:37,50510,50510,135,50515.6,60,0,242730
BANKNIFTY-II.NFO,08/08/2024,09:40:39,50510,50510,90,50514.15,60,45,242730
BANKNIFTY-II.NFO,08/08/2024,09:40:41,50510,50505,15,50513.15,75,90,242730
BANKNIFTY-II.NFO,08/08/2024,09:40:42,50510,50505,15,50512.45,75,0,242730
BANKNIFTY-II.NFO,08/08/2024,09:40:44,50510,50505,15,50510.1,45,0,242730
BANKNIFTY-II.NFO,08/08/2024,09:40:46,50510,50505,15,50510.4,60,0,242730
BANKNIFTY-II.NFO,08/08/2024,09:40:47,50510,50505,15,50511.65,75,0,242730
BANKNIFTY-II.NFO,08/08/2024,09:40:49,50510,50505,15,50510.3,60,0,242730
BANKNIFTY-II.NFO,08/08/2024,09:40:51,50509,50505,15,50510.5,60,15,242730
BANKNIFTY-II.NFO,08/08/2024,09:40:52,50509,50505,15,50510.65,75,0,242730
BANKNIFTY-II.NFO,08/08/2024,09:40:54,50509,50505,15,50508.8,75,0,242730
BANKNIFTY-II.NFO,08/08/2024,09:40:56,50510.45,50510,15,50513.55,60,15,242730
BANKNIFTY-II.NFO,08/08/2024,09:40:57,50510.45,50510,15,50511.7,75,0,242730
BANKNIFTY-II.NFO,08/08/2024,09:40:59,50510,50505,15,50513.55,60,15,242730
BANKNIFTY-II.NFO,08/08/2024,09:41:01,50510,50505,15,50513.9,75,0,242730
BANKNIFTY-II.NFO,08/08/2024,09:41:02,50510,50511.4,45,50518,15,0,242730
BANKNIFTY-II.NFO,08/08/2024,09:41:04,50518,50512.15,30,50521.4,30,15,242730
BANKNIFTY-II.NFO,08/08/2024,09:41:06,50518,50506,30,50510,15,0,242730
BANKNIFTY-II.NFO,08/08/2024,09:41:07,50510,50515.05,30,50527.25,60,15,242730
BANKNIFTY-II.NFO,08/08/2024,09:41:09,50510,50516.95,30,50528.45,30,0,242730
BANKNIFTY-II.NFO,08/08/2024,09:41:11,50510,50524.25,30,50535.35,30,0,242730
BANKNIFTY-II.NFO,08/08/2024,09:41:12,50510,50526.9,30,50539.85,60,0,242730
BANKNIFTY-II.NFO,08/08/2024,09:41:14,50510,50524.1,45,50533.45,30,0,242730
BANKNIFTY-II.NFO,08/08/2024,09:41:16,50510,50528.1,30,50537.35,60,0,242730
BANKNIFTY-II.NFO,08/08/2024,09:41:17,50510,50524.65,30,50536.45,30,0,242730
BANKNIFTY-II.NFO,08/08/2024,09:41:19,50510,50515.7,30,50526.55,30,0,242730
BANKNIFTY-II.NFO,08/08/2024,09:41:21,50510,50513.75,30,50525.1,45,0,242730
BANKNIFTY-II.NFO,08/08/2024,09:41:22,50510,50506.55,45,50518.35,45,0,242730
BANKNIFTY-II.NFO,08/08/2024,09:41:24,50510,50505.15,30,50516.35,75,0,242730
BANKNIFTY-II.NFO,08/08/2024,09:41:26,50505.15,50505.05,30,50516.05,45,15,242730
BANKNIFTY-II.NFO,08/08/2024,09:41:27,50505.15,50505.05,15,50513.25,30,0,242730
BANKNIFTY-II.NFO,08/08/2024,09:41:29,50505.15,50505.05,30,50514.8,30,0,242730
BANKNIFTY-II.NFO,08/08/2024,09:41:31,50505.15,50506.2,15,50517.55,30,0,242730
BANKNIFTY-II.NFO,08/08/2024,09:41:32,50505.15,50505.05,15,50517.25,60,0,242730
BANKNIFTY-II.NFO,08/08/2024,09:41:34,50505.15,50512.1,15,50520.95,30,0,242730
BANKNIFTY-II.NFO,08/08/2024,09:41:36,50519.95,50512.05,15,50520.15,60,15,242730
BANKNIFTY-II.NFO,08/08/2024,09:41:37,50519.95,50508.1,15,50518.8,30,0,242730
BANKNIFTY-II.NFO,08/08/2024,09:41:39,50519.95,50508.1,15,50518.15,30,0,242730
BANKNIFTY-II.NFO,08/08/2024,09:41:41,50519.95,50509.75,15,50521.2,60,0,242730
BANKNIFTY-II.NFO,08/08/2024,09:41:43,50519.95,50516.1,15,50528.45,60,0,242730
BANKNIFTY-II.NFO,08/08/2024,09:41:44,50519.95,50518.1,15,50527.75,60,0,242730
BANKNIFTY-II.NFO,08/08/2024,09:41:46,50519.95,50524.05,15,50531.55,60,0,242730
BANKNIFTY-II.NFO,08/08/2024,09:41:47,50519.95,50522.05,15,50530.45,60,0,242730
BANKNIFTY-II.NFO,08/08/2024,09:41:49,50529.5,50520.05,15,50528.55,60,30,242730
BANKNIFTY-II.NFO,08/08/2024,09:41:51,50529.5,50522.05,15,50532,60,0,242730
BANKNIFTY-II.NFO,08/08/2024,09:41:52,50529.5,50522.05,15,50530.5,60,0,242730
BANKNIFTY-II.NFO,08/08/2024,09:41:54,50529.5,50518.1,60,50529.3,60,0,242730
BANKNIFTY-II.NFO,08/08/2024,09:41:56,50529.5,50514.9,45,50528.7,75,0,242730
BANKNIFTY-II.NFO,08/08/2024,09:41:57,50529.5,50516.1,45,50528.05,60,0,242730
BANKNIFTY-II.NFO,08/08/2024,09:41:59,50529.5,50513.35,60,50525.95,75,0,242730
BANKNIFTY-II.NFO,08/08/2024,09:42:01,50529.5,50510.7,45,50516.1,15,0,242730
BANKNIFTY-II.NFO,08/08/2024,09:42:02,50529.5,50510.35,45,50516.1,15,0,242730
BANKNIFTY-II.NFO,08/08/2024,09:42:04,50516.1,50512.1,60,50522.85,60,15,242730
BANKNIFTY-II.NFO,08/08/2024,09:42:05,50516.1,50512.8,45,50525.8,75,0,242730
BANKNIFTY-II.NFO,08/08/2024,09:42:07,50516.1,50511.65,60,50523.6,75,0,242730
BANKNIFTY-II.NFO,08/08/2024,09:42:09,50520.95,50510.15,75,50522.2,75,15,242730
BANKNIFTY-II.NFO,08/08/2024,09:42:10,50520.95,50511.75,75,50522.85,75,0,242730
BANKNIFTY-II.NFO,08/08/2024,09:42:12,50520.95,50510.05,75,50521.05,75,0,242730
BANKNIFTY-II.NFO,08/08/2024,09:42:14,50520.95,50510.2,60,50522.1,75,0,242730
BANKNIFTY-II.NFO,08/08/2024,09:42:15,50520.95,50512.1,75,50525,75,0,242730
BANKNIFTY-II.NFO,08/08/2024,09:42:17,50520.95,50516.1,75,50527.35,75,0,242730
BANKNIFTY-II.NFO,08/08/2024,09:42:19,50520.95,50514.65,75,50527.55,75,0,242730
BANKNIFTY-II.NFO,08/08/2024,09:42:20,50520.95,50516.25,75,50527.55,75,0,242730
BANKNIFTY-II.NFO,08/08/2024,09:42:22,50520.95,50514.15,75,50525.9,75,0,242730
BANKNIFTY-II.NFO,08/08/2024,09:42:24,50520.95,50517.4,75,50529.45,60,0,242730
BANKNIFTY-II.NFO,08/08/2024,09:42:25,50520.95,50515.8,75,50528.85,75,0,242730
BANKNIFTY-II.NFO,08/08/2024,09:42:27,50520.95,50514.85,75,50525.9,75,0,242730
BANKNIFTY-II.NFO,08/08/2024,09:42:28,50527.9,50516.65,75,50527.8,60,15,242730
BANKNIFTY-II.NFO,08/08/2024,09:42:30,50527.9,50516.4,60,50527.9,60,0,242730
BANKNIFTY-II.NFO,08/08/2024,09:42:32,50527.9,50516.15,60,50527.9,60,0,242730
BANKNIFTY-II.NFO,08/08/2024,09:42:33,50527.9,50518.2,75,50527.9,45,0,242730
BANKNIFTY-II.NFO,08/08/2024,09:42:35,50529.9,50520.65,45,50531.95,15,45,242730
BANKNIFTY-II.NFO,08/08/2024,09:42:37,50529.9,50519.6,75,50529.95,15,0,242730
BANKNIFTY-II.NFO,08/08/2024,09:42:38,50529.9,50521,45,50532.85,30,0,242730
BANKNIFTY-II.NFO,08/08/2024,09:42:40,50521,50522.05,45,50533.6,45,15,242730
BANKNIFTY-II.NFO,08/08/2024,09:42:41,50521,50520,15,50529.35,30,0,242730
BANKNIFTY-II.NFO,08/08/2024,09:42:43,50521,50520.85,15,50531.9,45,0,242730
BANKNIFTY-II.NFO,08/08/2024,09:42:45,50521,50520.85,15,50531.9,30,0,242730
BANKNIFTY-II.NFO,08/08/2024,09:42:46,50521,50522.9,75,50533.95,30,0,242730
BANKNIFTY-II.NFO,08/08/2024,09:42:48,50521,50525.5,45,50537.4,45,0,242730
BANKNIFTY-II.NFO,08/08/2024,09:42:49,50521,50524.85,45,50536.55,30,0,242730
BANKNIFTY-II.NFO,08/08/2024,09:42:51,50525.9,50524.3,75,50535.8,45,15,242895
BANKNIFTY-II.NFO,08/08/2024,09:42:53,50524.7,50523.6,60,50531.95,15,15,242895
BANKNIFTY-II.NFO,08/08/2024,09:42:54,50524.7,50524.9,60,50536.15,15,0,242895
BANKNIFTY-II.NFO,08/08/2024,09:42:56,50524.7,50528.9,75,50540.35,30,0,242895
BANKNIFTY-II.NFO,08/08/2024,09:42:58,50524.7,50529.8,60,50541.05,15,0,242895
BANKNIFTY-II.NFO,08/08/2024,09:42:59,50524.7,50527.95,60,50539.45,15,0,242895
BANKNIFTY-II.NFO,08/08/2024,09:43:01,50524.7,50530.8,75,50542.35,30,0,242895
BANKNIFTY-II.NFO,08/08/2024,09:43:03,50541.25,50531,60,50541.95,15,15,242895
BANKNIFTY-II.NFO,08/08/2024,09:43:04,50541.25,50530.75,75,50539.95,15,0,242895
BANKNIFTY-II.NFO,08/08/2024,09:43:06,50541.25,50530.05,60,50539.95,15,0,242895
BANKNIFTY-II.NFO,08/08/2024,09:43:07,50541.25,50533.35,60,50544.8,45,0,242895
BANKNIFTY-II.NFO,08/08/2024,09:43:09,50552.1,50544.15,75,50557.8,30,135,242895
BANKNIFTY-II.NFO,08/08/2024,09:43:11,50552.1,50538.45,75,50549.9,45,0,242895
BANKNIFTY-II.NFO,08/08/2024,09:43:12,50552.1,50538.2,60,50549.95,15,0,242895
BANKNIFTY-II.NFO,08/08/2024,09:43:14,50552.1,50533.05,60,50543.95,15,0,242895
BANKNIFTY-II.NFO,08/08/2024,09:43:16,50552.1,50541.15,75,50551.95,30,0,242895
BANKNIFTY-II.NFO,08/08/2024,09:43:17,50552.1,50548.3,60,50561.9,45,0,242895
BANKNIFTY-II.NFO,08/08/2024,09:43:19,50552.1,50548.05,75,50555.95,15,0,242895
BANKNIFTY-II.NFO,08/08/2024,09:43:20,50552.1,50549.3,60,50557.95,15,0,242895
BANKNIFTY-II.NFO,08/08/2024,09:43:22,50552.1,50544.1,60,50555.9,30,0,242895
BANKNIFTY-II.NFO,08/08/2024,09:43:24,50552.1,50545.05,75,50555.95,30,0,242895
BANKNIFTY-II.NFO,08/08/2024,09:43:25,50552.1,50545.8,60,50555.95,15,0,242895
BANKNIFTY-II.NFO,08/08/2024,09:43:27,50552.1,50550,75,50559.95,15,0,242895
BANKNIFTY-II.NFO,08/08/2024,09:43:29,50552.1,50544.55,60,50556.75,30,0,242895
BANKNIFTY-II.NFO,08/08/2024,09:43:30,50552.1,50539.95,75,50553.8,45,0,242895
BANKNIFTY-II.NFO,08/08/2024,09:43:32,50539.25,50539.5,60,50551.35,30,330,242895
BANKNIFTY-II.NFO,08/08/2024,09:43:34,50549.3,50538.55,60,50549.3,30,15,242895
BANKNIFTY-II.NFO,08/08/2024,09:43:35,50549.3,50533.05,60,50544.95,30,0,242895
BANKNIFTY-II.NFO,08/08/2024,09:43:37,50549.3,50532.6,60,50541.25,30,0,242895
BANKNIFTY-II.NFO,08/08/2024,09:43:39,50549.3,50531.55,60,50542.1,45,0,242895
BANKNIFTY-II.NFO,08/08/2024,09:43:40,50536.9,50527.35,60,50537.45,30,15,242895
BANKNIFTY-II.NFO,08/08/2024,09:43:42,50530.35,50520,15,50528.35,75,15,242895
BANKNIFTY-II.NFO,08/08/2024,09:43:44,50530.35,50520.05,60,50529.8,105,0,242895
BANKNIFTY-II.NFO,08/08/2024,09:43:45,50530.35,50522.3,60,50533,75,0,242895
BANKNIFTY-II.NFO,08/08/2024,09:43:47,50530.35,50523.1,60,50531.95,15,0,242895
BANKNIFTY-II.NFO,08/08/2024,09:43:49,50530.35,50526.3,60,50535.9,60,0,242895
BANKNIFTY-II.NFO,08/08/2024,09:43:50,50530.35,50524.1,60,50535.9,75,0,242895
BANKNIFTY-II.NFO,08/08/2024,09:43:52,50530.35,50523.5,60,50534.55,60,0,242895
BANKNIFTY-II.NFO,08/08/2024,09:43:54,50530.35,50522.4,60,50533.55,45,0,242895
BANKNIFTY-II.NFO,08/08/2024,09:43:55,50530.35,50521,60,50533.4,45,0,242895
BANKNIFTY-II.NFO,08/08/2024,09:43:57,50530.35,50522.6,60,50533.9,45,0,242895
BANKNIFTY-II.NFO,08/08/2024,09:43:59,50530.35,50528.65,15,50539.15,60,0,242895
BANKNIFTY-II.NFO,08/08/2024,09:44:00,50530.35,50524.1,60,50534.2,105,0,242895
BANKNIFTY-II.NFO,08/08/2024,09:44:02,50530.35,50522.25,60,50533.95,75,0,242895
BANKNIFTY-II.NFO,08/08/2024,09:44:04,50530.35,50521,15,50530.75,75,0,242895
BANKNIFTY-II.NFO,08/08/2024,09:44:06,50530.35,50521,15,50529.45,75,0,242895
BANKNIFTY-II.NFO,08/08/2024,09:44:07,50530.35,50521.05,60,50531.5,75,0,242895
BANKNIFTY-II.NFO,08/08/2024,09:44:09,50530.35,50521.05,60,50530.8,60,0,242895
BANKNIFTY-II.NFO,08/08/2024,09:44:11,50530.35,50521.05,60,50530.1,15,0,242895
BANKNIFTY-II.NFO,08/08/2024,09:44:12,50530.35,50521,15,50528.6,60,0,242895
BANKNIFTY-II.NFO,08/08/2024,09:44:14,50530.35,50521,15,50529.95,75,0,242895
BANKNIFTY-II.NFO,08/08/2024,09:44:16,50530.35,50521,15,50526.9,60,0,242895
BANKNIFTY-II.NFO,08/08/2024,09:44:17,50530.35,50521,15,50525.6,90,0,242895
BANKNIFTY-II.NFO,08/08/2024,09:44:19,50525.6,50521,15,50525.6,60,15,242895
BANKNIFTY-II.NFO,08/08/2024,09:44:21,50525.6,50521,15,50523.95,60,0,242895
BANKNIFTY-II.NFO,08/08/2024,09:44:22,50525.6,50521,15,50523.35,60,0,242895
BANKNIFTY-II.NFO,08/08/2024,09:44:24,50525.6,50521,15,50526.15,45,0,242895
BANKNIFTY-II.NFO,08/08/2024,09:44:26,50525.6,50521,15,50524.1,45,0,242895
BANKNIFTY-II.NFO,08/08/2024,09:44:27,50520,50508.9,60,50519.9,60,30,242895
BANKNIFTY-II.NFO,08/08/2024,09:44:29,50520,50507,60,50515.95,15,0,242895
BANKNIFTY-II.NFO,08/08/2024,09:44:31,50520,50505,15,50513.9,45,0,242895
BANKNIFTY-II.NFO,08/08/2024,09:44:32,50520,50505,15,50511.5,60,0,242895
BANKNIFTY-II.NFO,08/08/2024,09:44:34,50520,50505,15,50515.05,75,0,242895
BANKNIFTY-II.NFO,08/08/2024,09:44:36,50520,50505.05,60,50515.25,45,0,242895
BANKNIFTY-II.NFO,08/08/2024,09:44:37,50513.95,50508.2,60,50515.95,15,15,242895
BANKNIFTY-II.NFO,08/08/2024,09:44:39,50513.95,50510.05,60,50519.9,45,0,242895
BANKNIFTY-II.NFO,08/08/2024,09:44:41,50513.95,50512.75,60,50520.95,75,0,242895
BANKNIFTY-II.NFO,08/08/2024,09:44:42,50520.95,50513.6,60,50520.95,60,15,242895
BANKNIFTY-II.NFO,08/08/2024,09:44:44,50520.95,50510.05,60,50520.7,60,0,242895
BANKNIFTY-II.NFO,08/08/2024,09:44:46,50514.55,50511.6,45,50520.95,60,30,242895
BANKNIFTY-II.NFO,08/08/2024,09:44:47,50514.55,50510.05,45,50520.7,75,0,242895
BANKNIFTY-II.NFO,08/08/2024,09:44:49,50514.55,50510.2,45,50520.9,60,0,242895
BANKNIFTY-II.NFO,08/08/2024,09:44:51,50514.55,50510.15,75,50520.9,60,0,242895
BANKNIFTY-II.NFO,08/08/2024,09:44:52,50520.95,50513.75,30,50520.95,45,30,242895
BANKNIFTY-II.NFO,08/08/2024,09:44:54,50520.95,50513.4,30,50520.95,45,0,242895
BANKNIFTY-II.NFO,08/08/2024,09:44:56,50520.95,50514.3,30,50520.95,45,0,242895
BANKNIFTY-II.NFO,08/08/2024,09:44:57,50521,50525.7,30,50530.35,90,60,242895
BANKNIFTY-II.NFO,08/08/2024,09:44:59,50521,50520.7,60,50530.3,60,0,242895
BANKNIFTY-II.NFO,08/08/2024,09:45:01,50521,50524.05,15,50530.35,90,0,242895
BANKNIFTY-II.NFO,08/08/2024,09:45:02,50521,50523.7,60,50530.35,90,0,242895
BANKNIFTY-II.NFO,08/08/2024,09:45:04,50521,50522.85,30,50530.35,90,0,242895
BANKNIFTY-II.NFO,08/08/2024,09:45:06,50521,50523.45,30,50530.35,90,0,242895
BANKNIFTY-II.NFO,08/08/2024,09:45:07,50530.35,50530.05,15,50538.1,75,90,242895
BANKNIFTY-II.NFO,08/08/2024,09:45:09,50528.8,50526.9,30,50537.6,75,15,242895
BANKNIFTY-II.NFO,08/08/2024,09:45:11,50528.8,50530,90,50538,75,0,242895
BANKNIFTY-II.NFO,08/08/2024,09:45:12,50528.8,50530,90,50535.3,60,0,242895
BANKNIFTY-II.NFO,08/08/2024,09:45:14,50528.8,50530.35,15,50536.8,75,0,242895
BANKNIFTY-II.NFO,08/08/2024,09:45:16,50528.8,50530.35,15,50536.2,75,0,242895
BANKNIFTY-II.NFO,08/08/2024,09:45:17,50528.8,50530.6,105,50539.95,60,0,242895
BANKNIFTY-II.NFO,08/08/2024,09:45:19,50540,50542.05,15,50549.3,15,75,242895
BANKNIFTY-II.NFO,08/08/2024,09:45:21,50540,50534.55,60,50548.05,60,0,242895
BANKNIFTY-II.NFO,08/08/2024,09:45:22,50540,50540.05,15,50547.25,60,0,242895
BANKNIFTY-II.NFO,08/08/2024,09:45:24,50540,50536.85,30,50546.9,60,0,242895
BANKNIFTY-II.NFO,08/08/2024,09:45:26,50546,50536.8,75,50545.4,60,15,242895
BANKNIFTY-II.NFO,08/08/2024,09:45:27,50547.6,50540.05,15,50546.05,60,15,242895
BANKNIFTY-II.NFO,08/08/2024,09:45:29,50547.6,50536.8,75,50544.65,60,0,242895
BANKNIFTY-II.NFO,08/08/2024,09:45:31,50547.6,50540.05,15,50548,60,0,242895
BANKNIFTY-II.NFO,08/08/2024,09:45:32,50549.3,50547,90,50549.55,60,15,242895
BANKNIFTY-II.NFO,08/08/2024,09:45:34,50549.3,50547,90,50549.55,60,0,242895
BANKNIFTY-II.NFO,08/08/2024,09:45:36,50549.3,50547,90,50549.55,75,0,242895
BANKNIFTY-II.NFO,08/08/2024,09:45:37,50549.3,50547,90,50549.55,60,0,242895
BANKNIFTY-II.NFO,08/08/2024,09:45:39,50551.05,50547,90,50554.75,30,75,242895
BANKNIFTY-II.NFO,08/08/2024,09:45:41,50551.05,50547.6,15,50554.95,45,0,242895
BANKNIFTY-II.NFO,08/08/2024,09:45:42,50551.05,50547.6,15,50553.15,30,0,242895
BANKNIFTY-II.NFO,08/08/2024,09:45:44,50551.05,50547.6,15,50551.7,45,0,242895
BANKNIFTY-II.NFO,08/08/2024,09:45:46,50551.05,50547.6,15,50552.9,45,0,242895
BANKNIFTY-II.NFO,08/08/2024,09:45:47,50551.05,50547.6,15,50551.35,45,0,242895
BANKNIFTY-II.NFO,08/08/2024,09:45:49,50551.35,50547.6,15,50551.5,45,15,242970
BANKNIFTY-II.NFO,08/08/2024,09:45:50,50547,50532.05,30,50543.95,30,105,242970
BANKNIFTY-II.NFO,08/08/2024,09:45:52,50547,50534.05,15,50544.2,45,0,242970
BANKNIFTY-II.NFO,08/08/2024,09:45:54,50547,50530.5,60,50542.45,45,0,242970
BANKNIFTY-II.NFO,08/08/2024,09:45:55,50547,50530.35,15,50539.1,30,0,242970
BANKNIFTY-II.NFO,08/08/2024,09:45:57,50547,50530.35,15,50534.8,30,0,242970
BANKNIFTY-II.NFO,08/08/2024,09:45:59,50530.35,50520.05,15,50529.45,30,15,242970
BANKNIFTY-II.NFO,08/08/2024,09:46:00,50530.35,50524.05,15,50534.45,30,0,242970
BANKNIFTY-II.NFO,08/08/2024,09:46:02,50530.35,50521,30,50531.75,30,0,242970
BANKNIFTY-II.NFO,08/08/2024,09:46:04,50530.35,50516.45,60,50527.95,30,0,242970
BANKNIFTY-II.NFO,08/08/2024,09:46:05,50530.35,50522.05,15,50531.55,30,0,242970
BANKNIFTY-II.NFO,08/08/2024,09:46:07,50530.35,50519.2,60,50530.45,45,0,242970
BANKNIFTY-II.NFO,08/08/2024,09:46:09,50530.45,50518.75,60,50530.85,30,15,242970
BANKNIFTY-II.NFO,08/08/2024,09:46:10,50530.45,50516.65,30,50527.4,30,0,242970
BANKNIFTY-II.NFO,08/08/2024,09:46:12,50530.45,50518.05,15,50528.3,45,0,242970
BANKNIFTY-II.NFO,08/08/2024,09:46:14,50530.45,50524.15,60,50532,15,0,242970
BANKNIFTY-II.NFO,08/08/2024,09:46:15,50530.45,50518.05,15,50530.35,30,0,242970
BANKNIFTY-II.NFO,08/08/2024,09:46:17,50529.35,50520.05,15,50531,45,30,242970
BANKNIFTY-II.NFO,08/08/2024,09:46:19,50529.35,50530,30,50531.8,45,0,242970
BANKNIFTY-II.NFO,08/08/2024,09:46:20,50529.35,50530,30,50531.8,15,0,242970
BANKNIFTY-II.NFO,08/08/2024,09:46:22,50529.35,50530,30,50532,15,0,242970
BANKNIFTY-II.NFO,08/08/2024,09:46:24,50533.5,50530.05,15,50539.1,15,30,242970
BANKNIFTY-II.NFO,08/08/2024,09:46:26,50533.5,50530,30,50532.9,30,0,242970
BANKNIFTY-II.NFO,08/08/2024,09:46:27,50533.5,50530,30,50532.9,15,0,242970
BANKNIFTY-II.NFO,08/08/2024,09:46:29,50533.5,50530,30,50538.45,180,0,242970
BANKNIFTY-II.NFO,08/08/2024,09:46:31,50533.5,50530,30,50535.8,30,0,242970
BANKNIFTY-II.NFO,08/08/2024,09:46:32,50533.5,50530,30,50538.8,30,0,242970
BANKNIFTY-II.NFO,08/08/2024,09:46:34,50533.5,50530.1,30,50540.85,30,0,242970
BANKNIFTY-II.NFO,08/08/2024,09:46:35,50533.5,50530,30,50539.15,30,0,242970
BANKNIFTY-II.NFO,08/08/2024,09:46:37,50533.5,50530.05,30,50539.5,15,0,242970
BANKNIFTY-II.NFO,08/08/2024,09:46:39,50533.5,50526.6,60,50538.9,30,0,242970
BANKNIFTY-II.NFO,08/08/2024,09:46:40,50533.5,50533.5,15,50538.85,30,0,242970
BANKNIFTY-II.NFO,08/08/2024,09:46:42,50533.5,50533.5,15,50538.55,30,0,242970
BANKNIFTY-II.NFO,08/08/2024,09:46:44,50533.5,50533.5,15,50536.55,30,0,242970
BANKNIFTY-II.NFO,08/08/2024,09:46:45,50533.5,50533.5,15,50536.1,30,0,242970
BANKNIFTY-II.NFO,08/08/2024,09:46:47,50533.5,50533.5,15,50538.8,30,0,242970
BANKNIFTY-II.NFO,08/08/2024,09:46:48,50533.5,50533.5,15,50538.7,30,0,242970
BANKNIFTY-II.NFO,08/08/2024,09:46:50,50538.7,50518.4,60,50534.55,30,15,242970
BANKNIFTY-II.NFO,08/08/2024,09:46:52,50535.85,50529.2,30,50540.05,30,30,242970
BANKNIFTY-II.NFO,08/08/2024,09:46:53,50535.85,50527.4,30,50538.55,30,0,242970
BANKNIFTY-II.NFO,08/08/2024,09:46:55,50535.85,50523.6,60,50534.1,30,0,242970
BANKNIFTY-II.NFO,08/08/2024,09:46:57,50535.85,50525.45,30,50536.65,30,0,242970
BANKNIFTY-II.NFO,08/08/2024,09:46:58,50535.85,50524.35,60,50535.6,30,0,242970
BANKNIFTY-II.NFO,08/08/2024,09:47:00,50535.85,50525.2,30,50535.05,45,0,242970
BANKNIFTY-II.NFO,08/08/2024,09:47:02,50535.85,50525.4,60,50537.3,30,0,242970
BANKNIFTY-II.NFO,08/08/2024,09:47:03,50535.85,50527.2,30,50538.15,30,0,242970
BANKNIFTY-II.NFO,08/08/2024,09:47:05,50535.85,50527.3,30,50538.15,45,0,242970
BANKNIFTY-II.NFO,08/08/2024,09:47:07,50535.85,50527,60,50538.05,45,0,242970
BANKNIFTY-II.NFO,08/08/2024,09:47:08,50535.85,50530.05,30,50538.7,45,0,242970
BANKNIFTY-II.NFO,08/08/2024,09:47:10,50535.85,50531.35,60,50538.7,45,0,242970
BANKNIFTY-II.NFO,08/08/2024,09:47:12,50535.85,50530,30,50538.65,45,0,242970
BANKNIFTY-II.NFO,08/08/2024,09:47:13,50535.85,50530.5,60,50538.7,45,0,242970
BANKNIFTY-II.NFO,08/08/2024,09:47:15,50543.25,50533.2,30,50543.95,15,60,242970
BANKNIFTY-II.NFO,08/08/2024,09:47:16,50543.25,50538.05,60,50548.8,30,0,242970
BANKNIFTY-II.NFO,08/08/2024,09:47:18,50543.25,50534.9,60,50548.25,30,0,242970
BANKNIFTY-II.NFO,08/08/2024,09:47:20,50543.25,50539.65,60,50549,30,0,242970
BANKNIFTY-II.NFO,08/08/2024,09:47:21,50543.25,50541.15,60,50549,30,0,242970
BANKNIFTY-II.NFO,08/08/2024,09:47:23,50543.25,50540.3,60,50549,30,0,242970
BANKNIFTY-II.NFO,08/08/2024,09:47:25,50543.25,50538.1,60,50548.95,45,0,242970
BANKNIFTY-II.NFO,08/08/2024,09:47:26,50543.25,50542.5,30,50549,30,0,242970
BANKNIFTY-II.NFO,08/08/2024,09:47:28,50543.25,50542.2,60,50549,30,0,242970
BANKNIFTY-II.NFO,08/08/2024,09:47:30,50550,50554.05,15,50564.35,45,75,242970
BANKNIFTY-II.NFO,08/08/2024,09:47:31,50550,50554.05,15,50563.05,45,0,242970
BANKNIFTY-II.NFO,08/08/2024,09:47:33,50562.9,50552.05,15,50562.4,45,15,242970
BANKNIFTY-II.NFO,08/08/2024,09:47:35,50562.9,50547.85,60,50562.85,45,0,242970
BANKNIFTY-II.NFO,08/08/2024,09:47:36,50562.9,50549.15,60,50560.9,75,0,242970
BANKNIFTY-II.NFO,08/08/2024,09:47:38,50560.85,50547.2,60,50559.85,30,15,242970
BANKNIFTY-II.NFO,08/08/2024,09:47:40,50560.85,50548.05,15,50558.6,30,0,242970
BANKNIFTY-II.NFO,08/08/2024,09:47:41,50560.85,50554.05,15,50564.05,45,0,242970
BANKNIFTY-II.NFO,08/08/2024,09:47:43,50560.85,50560.05,15,50568.9,45,0,242970
BANKNIFTY-II.NFO,08/08/2024,09:47:45,50560.85,50562.1,30,50569.95,30,0,242970
BANKNIFTY-II.NFO,08/08/2024,09:47:46,50562.85,50554.35,60,50567.6,30,15,242970
BANKNIFTY-II.NFO,08/08/2024,09:47:48,50568.3,50554.1,60,50564.9,45,15,242970
BANKNIFTY-II.NFO,08/08/2024,09:47:50,50568.3,50560.85,15,50567.8,45,0,242970
BANKNIFTY-II.NFO,08/08/2024,09:47:51,50568.3,50560.85,30,50566,30,0,242970
BANKNIFTY-II.NFO,08/08/2024,09:47:53,50566,50560.85,30,50566,30,30,242970
BANKNIFTY-II.NFO,08/08/2024,09:47:55,50566,50568.3,15,50569.9,30,0,242970
BANKNIFTY-II.NFO,08/08/2024,09:47:56,50566,50568.3,15,50569.95,30,0,242970
BANKNIFTY-II.NFO,08/08/2024,09:48:00,50568.3,50560.85,30,50568.75,30,15,242970
BANKNIFTY-II.NFO,08/08/2024,09:48:01,50568.3,50560.85,30,50568.3,30,0,242970
BANKNIFTY-II.NFO,08/08/2024,09:48:03,50568.3,50560.85,30,50569.75,45,0,242970
BANKNIFTY-II.NFO,08/08/2024,09:48:05,50568.3,50560.85,30,50565.95,30,0,242970
BANKNIFTY-II.NFO,08/08/2024,09:48:06,50560.85,50560.85,15,50561,15,15,242970
BANKNIFTY-II.NFO,08/08/2024,09:48:08,50560.85,50560.85,15,50565,15,0,242970
BANKNIFTY-II.NFO,08/08/2024,09:48:09,50560.85,50560.85,15,50564.95,30,0,242970
BANKNIFTY-II.NFO,08/08/2024,09:48:11,50560.85,50560.85,15,50564,30,0,242970
BANKNIFTY-II.NFO,08/08/2024,09:48:13,50560.85,50560.85,15,50565,15,0,242970
BANKNIFTY-II.NFO,08/08/2024,09:48:14,50560.85,50560.85,15,50568,15,0,242970
BANKNIFTY-II.NFO,08/08/2024,09:48:16,50560.85,50560.85,15,50566.95,45,0,242970
BANKNIFTY-II.NFO,08/08/2024,09:48:18,50560.85,50554.1,60,50563.95,45,15,242970
BANKNIFTY-II.NFO,08/08/2024,09:48:20,50560.85,50557.1,30,50567,15,0,242970
BANKNIFTY-II.NFO,08/08/2024,09:48:21,50560.85,50563.6,60,50569.95,30,0,242970
BANKNIFTY-II.NFO,08/08/2024,09:48:23,50560.85,50563.7,30,50569.95,30,0,242970
BANKNIFTY-II.NFO,08/08/2024,09:48:25,50575,50576.9,60,50579.4,15,60,242970
BANKNIFTY-II.NFO,08/08/2024,09:48:26,50600,50593.95,60,50601.3,15,330,242970
BANKNIFTY-II.NFO,08/08/2024,09:48:28,50593.15,50595.25,60,50601.3,15,15,242970
BANKNIFTY-II.NFO,08/08/2024,09:48:30,50593.15,50596.65,60,50601.3,15,0,242970
BANKNIFTY-II.NFO,08/08/2024,09:48:31,50601.3,50598.95,60,50610.45,30,15,242970
BANKNIFTY-II.NFO,08/08/2024,09:48:33,50601.3,50589.1,60,50599.95,15,0,242970
BANKNIFTY-II.NFO,08/08/2024,09:48:35,50601.3,50582.7,60,50591,15,0,242970
BANKNIFTY-II.NFO,08/08/2024,09:48:36,50601.3,50595.35,60,50604.25,30,0,242970
BANKNIFTY-II.NFO,08/08/2024,09:48:38,50604.25,50588.7,60,50599.85,30,30,242970
BANKNIFTY-II.NFO,08/08/2024,09:48:40,50604.25,50582.05,60,50593,15,0,242970
BANKNIFTY-II.NFO,08/08/2024,09:48:41,50604.25,50584.55,60,50595,15,0,242970
BANKNIFTY-II.NFO,08/08/2024,09:48:43,50604.25,50581.4,90,50592,30,0,242970
BANKNIFTY-II.NFO,08/08/2024,09:48:45,50594,50583.8,60,50595.9,45,30,242940
BANKNIFTY-II.NFO,08/08/2024,09:48:46,50596.2,50585.95,60,50597.65,60,45,242940
BANKNIFTY-II.NFO,08/08/2024,09:48:48,50598.45,50588.2,60,50597.95,30,15,242940
BANKNIFTY-II.NFO,08/08/2024,09:48:50,50597.95,50588.4,60,50599.8,45,15,242940
BANKNIFTY-II.NFO,08/08/2024,09:48:51,50598.85,50588.9,60,50599.9,15,15,242940
BANKNIFTY-II.NFO,08/08/2024,09:48:53,50598.85,50587.7,60,50595.95,15,0,242940
BANKNIFTY-II.NFO,08/08/2024,09:48:55,50597.95,50587.3,60,50597.95,15,45,242940
BANKNIFTY-II.NFO,08/08/2024,09:48:56,50605.8,50590.05,60,50599.95,15,30,242940
BANKNIFTY-II.NFO,08/08/2024,09:48:58,50605.8,50597.15,60,50607.95,15,0,242940
BANKNIFTY-II.NFO,08/08/2024,09:49:00,50605.8,50593,60,50598,15,0,242940
BANKNIFTY-II.NFO,08/08/2024,09:49:01,50605.8,50589.55,60,50598,15,0,242940
BANKNIFTY-II.NFO,08/08/2024,09:49:03,50605.8,50585.5,75,50595.95,15,0,242940
BANKNIFTY-II.NFO,08/08/2024,09:49:05,50605.8,50584.3,60,50593.95,15,0,242940
BANKNIFTY-II.NFO,08/08/2024,09:49:06,50605.8,50582.7,60,50591.95,15,0,242940
BANKNIFTY-II.NFO,08/08/2024,09:49:08,50605.8,50589.25,60,50597.95,15,0,242940
BANKNIFTY-II.NFO,08/08/2024,09:49:10,50605.8,50584.15,60,50595.95,15,0,242940
BANKNIFTY-II.NFO,08/08/2024,09:49:11,50605.8,50581.4,60,50591.95,15,0,242940
BANKNIFTY-II.NFO,08/08/2024,09:49:13,50605.8,50584.2,60,50591.95,15,0,242940
BANKNIFTY-II.NFO,08/08/2024,09:49:15,50605.8,50588.4,60,50593.95,15,0,242940
BANKNIFTY-II.NFO,08/08/2024,09:49:16,50605.8,50587.6,60,50595.95,15,0,242940
BANKNIFTY-II.NFO,08/08/2024,09:49:18,50605.8,50590,15,50591.95,15,0,242940
BANKNIFTY-II.NFO,08/08/2024,09:49:19,50605.8,50590,15,50599.9,45,0,242940
BANKNIFTY-II.NFO,08/08/2024,09:49:21,50605.8,50592.8,75,50600,15,0,242940
BANKNIFTY-II.NFO,08/08/2024,09:49:23,50605.8,50592.6,45,50600,15,0,242940
BANKNIFTY-II.NFO,08/08/2024,09:49:24,50600,50596.45,45,50605.8,15,15,242940
BANKNIFTY-II.NFO,08/08/2024,09:49:26,50620,50620.05,60,50625,30,135,242940
BANKNIFTY-II.NFO,08/08/2024,09:49:26,50620,50620.05,60,50625,30,0,242940
BANKNIFTY-II.NFO,08/08/2024,09:49:28,50620,50620.75,90,50625,30,0,242940
BANKNIFTY-II.NFO,08/08/2024,09:49:29,50620,50615.1,60,50625,30,0,242940
BANKNIFTY-II.NFO,08/08/2024,09:49:31,50618.3,50618.55,30,50625,15,30,242940
BANKNIFTY-II.NFO,08/08/2024,09:49:31,50625,50618.55,30,50625,15,0,242940
BANKNIFTY-II.NFO,08/08/2024,09:49:33,50618.3,50609.2,30,50620.45,45,0,242940
BANKNIFTY-II.NFO,08/08/2024,09:49:34,50617.9,50596.5,60,50607.2,30,15,242940
BANKNIFTY-II.NFO,08/08/2024,09:49:36,50617.9,50592.1,60,50602.65,45,0,242940
BANKNIFTY-II.NFO,08/08/2024,09:49:38,50617.9,50590.45,60,50599.45,45,0,242940
BANKNIFTY-II.NFO,08/08/2024,09:49:39,50617.9,50590.55,60,50600.65,45,0,242940
BANKNIFTY-II.NFO,08/08/2024,09:49:41,50591.8,50590.05,60,50598.7,45,15,242940
BANKNIFTY-II.NFO,08/08/2024,09:49:43,50591.8,50590,15,50594.4,45,0,242940
BANKNIFTY-II.NFO,08/08/2024,09:49:44,50593.95,50590,15,50595.35,30,15,242940
BANKNIFTY-II.NFO,08/08/2024,09:49:46,50595.2,50590.05,15,50597.05,45,15,242940
BANKNIFTY-II.NFO,08/08/2024,09:49:48,50590,50582.1,60,50594.8,45,15,242940
BANKNIFTY-II.NFO,08/08/2024,09:49:49,50590,50584.05,15,50594.45,45,0,242940
BANKNIFTY-II.NFO,08/08/2024,09:49:51,50590,50584.65,300,50594.45,45,0,242940
BANKNIFTY-II.NFO,08/08/2024,09:49:53,50590,50592.85,30,50605.8,15,0,242940
BANKNIFTY-II.NFO,08/08/2024,09:49:54,50590,50590.25,30,50599.3,45,0,242940
BANKNIFTY-II.NFO,08/08/2024,09:49:56,50590,50589.25,60,50601.55,45,0,242940
BANKNIFTY-II.NFO,08/08/2024,09:49:58,50590,50593.85,60,50605.9,45,0,242940
BANKNIFTY-II.NFO,08/08/2024,09:49:59,50590,50591.35,60,50601.9,30,0,242940
BANKNIFTY-II.NFO,08/08/2024,09:50:01,50590,50590.05,60,50599.75,15,0,242940
BANKNIFTY-II.NFO,08/08/2024,09:50:03,50590,50591.05,30,50601.95,15,0,242940
BANKNIFTY-II.NFO,08/08/2024,09:50:04,50590,50590.85,60,50603.65,45,0,242940
BANKNIFTY-II.NFO,08/08/2024,09:50:06,50590,50591.95,60,50601.95,30,0,242940
BANKNIFTY-II.NFO,08/08/2024,09:50:08,50590,50594.05,60,50606.55,45,0,242940
BANKNIFTY-II.NFO,08/08/2024,09:50:09,50609.15,50594.5,60,50606.55,45,15,242940
BANKNIFTY-II.NFO,08/08/2024,09:50:11,50609.15,50592.65,60,50603.9,30,0,242940
BANKNIFTY-II.NFO,08/08/2024,09:50:13,50609.15,50594.25,60,50607.9,45,0,242940
BANKNIFTY-II.NFO,08/08/2024,09:50:14,50596.4,50593.15,60,50604.3,15,15,242940
BANKNIFTY-II.NFO,08/08/2024,09:50:16,50596.4,50600.1,60,50611.75,15,0,242940
BANKNIFTY-II.NFO,08/08/2024,09:50:18,50596.4,50600.1,60,50611.05,15,0,242940
BANKNIFTY-II.NFO,08/08/2024,09:50:20,50596.4,50600.8,60,50611.3,45,0,242940
BANKNIFTY-II.NFO,08/08/2024,09:50:21,50596.4,50598.05,15,50607.2,15,0,242940
BANKNIFTY-II.NFO,08/08/2024,09:50:23,50600,50598.6,60,50611.3,15,15,242940
BANKNIFTY-II.NFO,08/08/2024,09:50:25,50608.6,50594.9,60,50607.8,45,15,242940
BANKNIFTY-II.NFO,08/08/2024,09:50:26,50608.6,50599.05,60,50610.35,30,0,242940
BANKNIFTY-II.NFO,08/08/2024,09:50:28,50608.6,50597.65,60,50608.8,45,0,242940
BANKNIFTY-II.NFO,08/08/2024,09:50:30,50608.6,50601.6,60,50611.95,30,0,242940
BANKNIFTY-II.NFO,08/08/2024,09:50:31,50608.6,50597.6,60,50607.95,30,0,242940
BANKNIFTY-II.NFO,08/08/2024,09:50:33,50607.95,50603.35,60,50615.75,45,30,242940
BANKNIFTY-II.NFO,08/08/2024,09:50:35,50607.95,50601,60,50610,75,0,242940
BANKNIFTY-II.NFO,08/08/2024,09:50:36,50607.95,50598.2,60,50607.95,30,0,242940
BANKNIFTY-II.NFO,08/08/2024,09:50:38,50607.95,50600.2,60,50610,75,0,242940
BANKNIFTY-II.NFO,08/08/2024,09:50:40,50607.95,50597.55,60,50609.95,45,0,242940
