Ticker,Date,Time,LTP,BuyPrice,BuyQty,SellPrice,SellQty,LTQ,OpenInterest
NIFTY-II.NFO,08/08/2024,09:15:00,24400,24393.65,250,24418,100,525,0
NIFTY-II.NFO,08/08/2024,09:15:00,24400,24393.65,250,24418,100,0,0
NIFTY-II.NFO,08/08/2024,09:15:00,24400.05,24393.65,250,24418,100,0,0
NIFTY-II.NFO,08/08/2024,09:15:00,24373.7,24393.65,250,24418,100,0,0
NIFTY-II.NFO,08/08/2024,09:15:01,24427.8,24404.05,100,24420.6,25,275,1258150
NIFTY-II.NFO,08/08/2024,09:15:01,24432.9,24404.05,100,24420.6,25,0,1258150
NIFTY-II.NFO,08/08/2024,09:15:02,24400.05,24400.05,100,24423.3,100,950,1258150
NIFTY-II.NFO,08/08/2024,09:15:04,24420.55,24405,25,24418.55,25,700,1258150
NIFTY-II.NFO,08/08/2024,09:15:05,24418.6,24405,25,24416.55,50,75,1258150
NIFTY-II.NFO,08/08/2024,09:15:06,24425.3,24411.05,100,24419.15,50,350,1258150
NIFTY-II.NFO,08/08/2024,09:15:08,24418.7,24405.05,100,24418.7,25,125,1258150
NIFTY-II.NFO,08/08/2024,09:15:09,24419.15,24405.05,100,24422.15,250,400,1258150
NIFTY-II.NFO,08/08/2024,09:15:11,24411,24408.15,100,24418.5,100,100,1258150
NIFTY-II.NFO,08/08/2024,09:15:12,24420.9,24407.65,100,24420.9,25,825,1258150
NIFTY-II.NFO,08/08/2024,09:15:13,24415.1,24405.1,100,24414.25,25,275,1258150
NIFTY-II.NFO,08/08/2024,09:15:15,24407,24402.15,250,24411.85,100,1050,1258150
NIFTY-II.NFO,08/08/2024,09:15:16,24405.05,24404.55,50,24415.45,100,200,1258150
NIFTY-II.NFO,08/08/2024,09:15:18,24415.75,24405.75,25,24415.75,100,1400,1258150
NIFTY-II.NFO,08/08/2024,09:15:19,24414.95,24400.05,125,24408.85,75,350,1258150
NIFTY-II.NFO,08/08/2024,09:15:21,24407.45,24400.1,100,24408.15,100,125,1258150
NIFTY-II.NFO,08/08/2024,09:15:22,24408,24400.1,100,24408.6,100,75,1258150
NIFTY-II.NFO,08/08/2024,09:15:23,24401,24400.05,25,24406.1,75,75,1258150
NIFTY-II.NFO,08/08/2024,09:15:25,24400,24400.2,50,24404.9,50,750,1258150
NIFTY-II.NFO,08/08/2024,09:15:26,24405.95,24400.1,25,24404.75,50,375,1258150
NIFTY-II.NFO,08/08/2024,09:15:28,24401.3,24391.6,100,24400.5,250,150,1258150
NIFTY-II.NFO,08/08/2024,09:15:29,24400,24393.7,100,24402.7,50,75,1258150
NIFTY-II.NFO,08/08/2024,09:15:30,24402.95,24392.7,150,24402.95,25,150,1258150
NIFTY-II.NFO,08/08/2024,09:15:32,24400,24393.5,100,24402.25,250,75,1258150
NIFTY-II.NFO,08/08/2024,09:15:33,24402.2,24395.15,25,24401.1,25,450,1258150
NIFTY-II.NFO,08/08/2024,09:15:35,24399.45,24392.35,100,24400,225,200,1258150
NIFTY-II.NFO,08/08/2024,09:15:36,24399.95,24393.35,100,24399.95,450,350,1258150
NIFTY-II.NFO,08/08/2024,09:15:37,24399.95,24400,25,24402.65,75,125,1258150
NIFTY-II.NFO,08/08/2024,09:15:39,24400,24392.85,100,24401.3,75,575,1259225
NIFTY-II.NFO,08/08/2024,09:15:40,24393.25,24394.05,25,24401.6,100,1000,1259225
NIFTY-II.NFO,08/08/2024,09:15:42,24394,24393.95,50,24403.2,100,200,1259225
NIFTY-II.NFO,08/08/2024,09:15:43,24394.1,24399.95,25,24400,25,250,1259225
NIFTY-II.NFO,08/08/2024,09:15:44,24392,24391.7,50,24401.55,100,325,1259225
NIFTY-II.NFO,08/08/2024,09:15:46,24399.75,24392.05,75,24399.7,100,75,1259225
NIFTY-II.NFO,08/08/2024,09:15:47,24398.35,24392.05,100,24398.35,25,275,1259225
NIFTY-II.NFO,08/08/2024,09:15:49,24398.35,24392.05,100,24398.35,25,0,1259225
NIFTY-II.NFO,08/08/2024,09:15:50,24399.1,24392.05,100,24400.3,50,75,1259225
NIFTY-II.NFO,08/08/2024,09:15:51,24397.55,24392.05,50,24397.65,75,600,1259225
NIFTY-II.NFO,08/08/2024,09:15:53,24397.55,24392.05,50,24399.45,125,0,1259225
NIFTY-II.NFO,08/08/2024,09:15:54,24399,24395.05,50,24399.1,25,25,1259225
NIFTY-II.NFO,08/08/2024,09:15:56,24401.6,24395,25,24399.9,125,500,1259225
NIFTY-II.NFO,08/08/2024,09:15:57,24401.6,24395.05,100,24400.85,125,0,1259225
NIFTY-II.NFO,08/08/2024,09:15:59,24400.85,24397.55,25,24401.55,125,50,1259225
NIFTY-II.NFO,08/08/2024,09:16:00,24400.85,24397.55,25,24401.55,50,25,1259225
NIFTY-II.NFO,08/08/2024,09:16:01,24395.1,24395.1,75,24401.45,100,200,1259225
NIFTY-II.NFO,08/08/2024,09:16:03,24395.1,24395.05,125,24401.45,75,325,1259225
NIFTY-II.NFO,08/08/2024,09:16:04,24399.75,24392.05,100,24399.7,125,600,1259225
NIFTY-II.NFO,08/08/2024,09:16:06,24399.25,24395.1,50,24399.4,300,100,1259225
NIFTY-II.NFO,08/08/2024,09:16:07,24395.1,24395.1,25,24399.2,75,75,1259225
NIFTY-II.NFO,08/08/2024,09:16:09,24395.1,24395.15,100,24400.85,25,0,1259225
NIFTY-II.NFO,08/08/2024,09:16:10,24395.15,24395.15,100,24400.85,25,50,1259225
NIFTY-II.NFO,08/08/2024,09:16:12,24401.6,24400.85,25,24401.6,25,425,1259225
NIFTY-II.NFO,08/08/2024,09:16:13,24399.8,24399.8,100,24404,75,75,1259225
NIFTY-II.NFO,08/08/2024,09:16:15,24406.55,24399.75,200,24404.5,225,225,1259225
NIFTY-II.NFO,08/08/2024,09:16:16,24404.2,24400.85,25,24403.35,425,50,1259225
NIFTY-II.NFO,08/08/2024,09:16:18,24400.85,24400.05,100,24404.35,25,75,1259225
NIFTY-II.NFO,08/08/2024,09:16:19,24404.35,24400.5,450,24404.35,25,275,1259225
NIFTY-II.NFO,08/08/2024,09:16:20,24400,24400,1175,24404.35,25,50,1259225
NIFTY-II.NFO,08/08/2024,09:16:22,24400,24400.3,100,24404.35,25,500,1259225
NIFTY-II.NFO,08/08/2024,09:16:23,24404.35,24402.2,100,24404.35,25,25,1259225
NIFTY-II.NFO,08/08/2024,09:16:25,24404.35,24401.05,100,24404.35,25,0,1259225
NIFTY-II.NFO,08/08/2024,09:16:26,24404.35,24403.55,100,24404.35,25,0,1259225
NIFTY-II.NFO,08/08/2024,09:16:28,24404.35,24404.35,25,24404.4,25,25,1259225
NIFTY-II.NFO,08/08/2024,09:16:29,24404.35,24404.35,75,24405.6,25,0,1259225
NIFTY-II.NFO,08/08/2024,09:16:31,24402,24404.35,75,24405.6,25,500,1259225
NIFTY-II.NFO,08/08/2024,09:16:32,24405,24404.7,100,24411.3,150,75,1259225
NIFTY-II.NFO,08/08/2024,09:16:34,24405,24404.5,150,24411.3,100,0,1259225
NIFTY-II.NFO,08/08/2024,09:16:35,24405,24405.6,100,24410.25,100,0,1259225
NIFTY-II.NFO,08/08/2024,09:16:37,24405.65,24405.65,50,24409.55,150,50,1259225
NIFTY-II.NFO,08/08/2024,09:16:38,24405.65,24405.65,50,24409.25,125,0,1259225
NIFTY-II.NFO,08/08/2024,09:16:40,24406,24405.6,75,24409.15,225,75,1259225
NIFTY-II.NFO,08/08/2024,09:16:41,24406,24405.6,75,24409.65,100,0,1259225
NIFTY-II.NFO,08/08/2024,09:16:43,24408.7,24405.6,75,24408.7,100,125,1259225
NIFTY-II.NFO,08/08/2024,09:16:44,24408.7,24405.6,75,24407.15,175,0,1259225
NIFTY-II.NFO,08/08/2024,09:16:46,24404.35,24400.05,100,24406.65,50,1300,1259225
NIFTY-II.NFO,08/08/2024,09:16:47,24404.25,24400,450,24404.25,300,125,1259225
NIFTY-II.NFO,08/08/2024,09:16:49,24404.25,24401,350,24403.45,150,0,1259225
NIFTY-II.NFO,08/08/2024,09:16:50,24401,24400,125,24404.55,150,350,1259225
NIFTY-II.NFO,08/08/2024,09:16:52,24404,24400.5,50,24405.05,275,325,1259225
NIFTY-II.NFO,08/08/2024,09:16:53,24404,24400.5,50,24402.65,400,0,1259225
NIFTY-II.NFO,08/08/2024,09:16:55,24398.35,24395.15,100,24401.25,200,225,1259225
NIFTY-II.NFO,08/08/2024,09:16:56,24392,24394.1,100,24399.35,125,500,1259225
NIFTY-II.NFO,08/08/2024,09:16:58,24399,24392.55,100,24398.8,50,25,1259225
NIFTY-II.NFO,08/08/2024,09:16:59,24398.8,24394.15,75,24398.9,75,50,1259225
NIFTY-II.NFO,08/08/2024,09:17:01,24398.8,24392.55,75,24400.25,150,0,1259225
NIFTY-II.NFO,08/08/2024,09:17:02,24398.8,24392.05,75,24399.6,150,0,1259225
NIFTY-II.NFO,08/08/2024,09:17:03,24398.35,24390.15,50,24398.35,125,525,1259225
NIFTY-II.NFO,08/08/2024,09:17:05,24398.35,24391.9,50,24399.6,125,0,1259225
NIFTY-II.NFO,08/08/2024,09:17:06,24398.35,24393.3,50,24398.35,50,0,1259225
NIFTY-II.NFO,08/08/2024,09:17:08,24398.3,24392,25,24398.35,125,50,1259225
NIFTY-II.NFO,08/08/2024,09:17:09,24392.1,24391.95,50,24398.35,125,50,1259225
NIFTY-II.NFO,08/08/2024,09:17:11,24392.8,24393.8,75,24398.35,50,50,1259225
NIFTY-II.NFO,08/08/2024,09:17:12,24398.35,24398.4,75,24400.5,225,175,1259225
NIFTY-II.NFO,08/08/2024,09:17:14,24398.35,24398.4,75,24402.35,225,0,1259225
NIFTY-II.NFO,08/08/2024,09:17:15,24403.95,24398.45,25,24403.95,100,100,1259225
NIFTY-II.NFO,08/08/2024,09:17:17,24398.9,24398.9,25,24403.95,100,50,1259225
NIFTY-II.NFO,08/08/2024,09:17:18,24403.95,24399.55,75,24403.9,100,25,1259225
NIFTY-II.NFO,08/08/2024,09:17:20,24403.95,24398.7,50,24403.9,100,0,1259225
NIFTY-II.NFO,08/08/2024,09:17:21,24403.95,24400.2,50,24403.95,25,0,1259225
NIFTY-II.NFO,08/08/2024,09:17:23,24403.95,24400.25,125,24403.95,25,0,1259225
NIFTY-II.NFO,08/08/2024,09:17:26,24405,24402.05,125,24405,200,150,1259225
NIFTY-II.NFO,08/08/2024,09:17:27,24403.95,24401.95,75,24405,225,25,1259225
NIFTY-II.NFO,08/08/2024,09:17:29,24401.9,24400,50,24405,100,150,1259225
NIFTY-II.NFO,08/08/2024,09:17:30,24405,24403.7,250,24403.95,25,25,1259225
NIFTY-II.NFO,08/08/2024,09:17:32,24405,24403.75,75,24405,75,125,1259225
NIFTY-II.NFO,08/08/2024,09:17:33,24405,24403.7,200,24405,75,0,1259225
NIFTY-II.NFO,08/08/2024,09:17:35,24404.95,24403.7,200,24404.95,100,100,1259225
NIFTY-II.NFO,08/08/2024,09:17:36,24405,24403.7,75,24403.95,25,275,1259225
NIFTY-II.NFO,08/08/2024,09:17:38,24403.95,24403.7,75,24404.95,25,25,1259225
NIFTY-II.NFO,08/08/2024,09:17:39,24405,24403.7,75,24405,100,300,1259225
NIFTY-II.NFO,08/08/2024,09:17:41,24405,24403.7,75,24405,100,0,1259225
NIFTY-II.NFO,08/08/2024,09:17:42,24405,24403.7,75,24405,75,25,1259225
NIFTY-II.NFO,08/08/2024,09:17:44,24405,24403.75,75,24409.75,300,75,1259225
NIFTY-II.NFO,08/08/2024,09:17:45,24405,24403.75,75,24405,25,0,1259225
NIFTY-II.NFO,08/08/2024,09:17:48,24405,24405.1,75,24411.45,175,25,1259225
NIFTY-II.NFO,08/08/2024,09:17:49,24405,24406.75,150,24414,75,0,1259225
NIFTY-II.NFO,08/08/2024,09:17:51,24405,24405.9,150,24413.45,375,0,1259225
NIFTY-II.NFO,08/08/2024,09:17:52,24405,24405.05,75,24411.4,250,0,1259225
NIFTY-II.NFO,08/08/2024,09:17:54,24405,24405.05,75,24410,25,0,1259225
NIFTY-II.NFO,08/08/2024,09:17:55,24405,24406.05,100,24410,25,0,1259225
NIFTY-II.NFO,08/08/2024,09:17:57,24405,24406.95,100,24410,25,0,1259225
NIFTY-II.NFO,08/08/2024,09:17:58,24409.9,24406.15,175,24410,25,50,1259225
NIFTY-II.NFO,08/08/2024,09:18:00,24406.15,24406.85,100,24410,25,25,1259225
NIFTY-II.NFO,08/08/2024,09:18:01,24413.95,24410,25,24414,75,50,1259225
NIFTY-II.NFO,08/08/2024,09:18:03,24413.95,24410.05,75,24413.8,175,0,1259225
NIFTY-II.NFO,08/08/2024,09:18:04,24413.8,24410.05,75,24413.9,175,50,1259225
NIFTY-II.NFO,08/08/2024,09:18:06,24413.8,24410.05,75,24414,25,0,1259225
NIFTY-II.NFO,08/08/2024,09:18:07,24414,24410.05,75,24415.4,175,25,1259225
NIFTY-II.NFO,08/08/2024,09:18:09,24414.95,24410,25,24413.3,175,75,1259225
NIFTY-II.NFO,08/08/2024,09:18:10,24414.95,24410.05,75,24414.65,250,0,1259225
NIFTY-II.NFO,08/08/2024,09:18:11,24414.95,24410.05,75,24412.9,250,0,1259225
NIFTY-II.NFO,08/08/2024,09:18:13,24413.5,24410,75,24412.95,125,725,1259225
NIFTY-II.NFO,08/08/2024,09:18:14,24413.5,24410,75,24412.95,125,0,1259225
NIFTY-II.NFO,08/08/2024,09:18:16,24413.5,24410,75,24413.75,250,0,1259225
NIFTY-II.NFO,08/08/2024,09:18:18,24410,24406.35,75,24412.3,125,150,1259225
NIFTY-II.NFO,08/08/2024,09:18:19,24410,24406.25,75,24411.45,125,0,1259225
NIFTY-II.NFO,08/08/2024,09:18:21,24410,24407.25,175,24413.2,125,0,1259225
NIFTY-II.NFO,08/08/2024,09:18:23,24410,24408.45,150,24413.5,25,0,1259225
NIFTY-II.NFO,08/08/2024,09:18:24,24413.5,24410,25,24412.25,200,25,1259225
NIFTY-II.NFO,08/08/2024,09:18:26,24411.7,24406.15,25,24410.95,250,50,1259225
NIFTY-II.NFO,08/08/2024,09:18:28,24411.7,24406.15,25,24410.65,75,0,1259225
NIFTY-II.NFO,08/08/2024,09:18:29,24406.15,24405.1,75,24410.65,250,25,1259225
NIFTY-II.NFO,08/08/2024,09:18:31,24406.15,24405.05,75,24409.9,250,0,1259225
NIFTY-II.NFO,08/08/2024,09:18:33,24405.05,24405.05,75,24408.95,325,25,1259225
NIFTY-II.NFO,08/08/2024,09:18:34,24405.05,24405.05,75,24407.95,75,0,1259225
NIFTY-II.NFO,08/08/2024,09:18:36,24405.05,24405.2,75,24410.65,125,0,1259225
NIFTY-II.NFO,08/08/2024,09:18:38,24405.05,24405,775,24409.35,75,75,1259225
NIFTY-II.NFO,08/08/2024,09:18:39,24405.05,24405.05,100,24408,25,0,1259225
NIFTY-II.NFO,08/08/2024,09:18:41,24405.05,24405,775,24408,100,0,1259225
NIFTY-II.NFO,08/08/2024,09:18:43,24405.05,24405,775,24407.45,200,0,1259225
NIFTY-II.NFO,08/08/2024,09:18:44,24405,24405,725,24406.45,200,50,1258300
NIFTY-II.NFO,08/08/2024,09:18:46,24405,24401.15,100,24405.05,75,725,1258300
NIFTY-II.NFO,08/08/2024,09:18:48,24405.05,24403.35,75,24405.05,50,50,1258300
NIFTY-II.NFO,08/08/2024,09:18:49,24405.05,24400.85,100,24405.05,125,0,1258300
NIFTY-II.NFO,08/08/2024,09:18:51,24405.05,24403.25,25,24405.05,100,25,1258300
NIFTY-II.NFO,08/08/2024,09:18:53,24404.55,24400.5,75,24405,100,25,1258300
NIFTY-II.NFO,08/08/2024,09:18:54,24404.35,24400.05,75,24404.35,75,50,1258300
NIFTY-II.NFO,08/08/2024,09:18:56,24404.35,24400.05,75,24403.95,150,0,1258300
NIFTY-II.NFO,08/08/2024,09:18:58,24404.35,24400.05,75,24402.85,75,0,1258300
NIFTY-II.NFO,08/08/2024,09:18:59,24400.05,24400.05,50,24402.3,75,25,1258300
NIFTY-II.NFO,08/08/2024,09:19:01,24399.85,24395.25,25,24399.85,100,575,1258300
NIFTY-II.NFO,08/08/2024,09:19:03,24395.05,24395,125,24396.8,125,75,1258300
NIFTY-II.NFO,08/08/2024,09:19:04,24395.05,24395.05,75,24396.8,150,0,1258300
NIFTY-II.NFO,08/08/2024,09:19:06,24392.05,24392.05,50,24393.7,150,175,1258300
NIFTY-II.NFO,08/08/2024,09:19:08,24395.4,24392.05,75,24397.1,650,25,1258300
NIFTY-II.NFO,08/08/2024,09:19:09,24396.8,24396.8,25,24397.1,50,125,1258300
NIFTY-II.NFO,08/08/2024,09:19:11,24396.8,24392.8,75,24396.7,125,25,1258300
NIFTY-II.NFO,08/08/2024,09:19:13,24396.8,24392,100,24393.15,225,0,1258300
NIFTY-II.NFO,08/08/2024,09:19:14,24392.15,24392,75,24392.15,25,125,1258300
NIFTY-II.NFO,08/08/2024,09:19:16,24391.8,24391.05,75,24392.55,250,125,1258300
NIFTY-II.NFO,08/08/2024,09:19:18,24391.05,24391.05,50,24392.6,250,100,1258300
NIFTY-II.NFO,08/08/2024,09:19:19,24391.05,24391.25,150,24394.6,250,0,1258300
NIFTY-II.NFO,08/08/2024,09:19:21,24391.05,24391.05,75,24393.65,250,0,1258300
NIFTY-II.NFO,08/08/2024,09:19:23,24391.05,24391,300,24394.95,250,75,1258300
NIFTY-II.NFO,08/08/2024,09:19:24,24391,24391,275,24391.05,50,50,1258300
NIFTY-II.NFO,08/08/2024,09:19:26,24391.05,24390.05,100,24391.8,250,350,1258300
NIFTY-II.NFO,08/08/2024,09:19:28,24391.5,24390.05,75,24391.55,250,850,1258300
NIFTY-II.NFO,08/08/2024,09:19:29,24391.5,24390,200,24390.4,150,0,1258300
NIFTY-II.NFO,08/08/2024,09:19:31,24391,24388.7,25,24392.05,125,275,1258300
NIFTY-II.NFO,08/08/2024,09:19:33,24387.45,24385.8,225,24391.1,100,50,1258300
NIFTY-II.NFO,08/08/2024,09:19:34,24387.45,24385.05,75,24388.65,100,0,1258300
NIFTY-II.NFO,08/08/2024,09:19:36,24388.85,24385.05,75,24388.55,75,25,1258300
NIFTY-II.NFO,08/08/2024,09:19:38,24385.6,24385.95,275,24390.6,150,300,1258300
NIFTY-II.NFO,08/08/2024,09:19:39,24385.6,24386,75,24390.2,250,0,1258300
NIFTY-II.NFO,08/08/2024,09:19:41,24390,24386.05,75,24390.15,150,25,1258300
NIFTY-II.NFO,08/08/2024,09:19:43,24390,24385.9,25,24389.8,100,0,1258300
NIFTY-II.NFO,08/08/2024,09:19:44,24390,24385.25,75,24389.45,250,0,1258300
NIFTY-II.NFO,08/08/2024,09:19:46,24390,24387.45,25,24390.05,150,50,1258300
NIFTY-II.NFO,08/08/2024,09:19:48,24390,24387.45,25,24390,300,350,1258300
NIFTY-II.NFO,08/08/2024,09:19:49,24390,24388.15,75,24391.5,25,300,1258300
NIFTY-II.NFO,08/08/2024,09:19:51,24390,24387.45,25,24391.45,625,0,1258300
NIFTY-II.NFO,08/08/2024,09:19:52,24390,24387.45,25,24390.3,50,25,1258300
NIFTY-II.NFO,08/08/2024,09:19:54,24385,24382.15,75,24385.75,75,450,1258300
NIFTY-II.NFO,08/08/2024,09:19:56,24385,24382.25,100,24386.65,25,0,1258300
NIFTY-II.NFO,08/08/2024,09:19:57,24385,24382.5,50,24388,25,0,1258300
NIFTY-II.NFO,08/08/2024,09:19:59,24386.15,24385,75,24385.55,100,25,1258300
NIFTY-II.NFO,08/08/2024,09:20:01,24380,24379.1,50,24379.25,200,1325,1258300
NIFTY-II.NFO,08/08/2024,09:20:02,24378,24378,75,24381.2,200,150,1258300
NIFTY-II.NFO,08/08/2024,09:20:04,24376,24375,225,24377.05,75,125,1258300
NIFTY-II.NFO,08/08/2024,09:20:06,24378.55,24375,225,24378.15,225,25,1258300
NIFTY-II.NFO,08/08/2024,09:20:07,24371,24371,25,24373.2,450,475,1258300
NIFTY-II.NFO,08/08/2024,09:20:07,24371,24371,25,24373.2,450,0,1258300
NIFTY-II.NFO,08/08/2024,09:20:09,24367.65,24364.05,100,24370.2,125,925,1258300
NIFTY-II.NFO,08/08/2024,09:20:09,24365,24364.05,100,24370.2,125,0,1258300
NIFTY-II.NFO,08/08/2024,09:20:11,24365.65,24365.65,175,24371.6,50,125,1258300
NIFTY-II.NFO,08/08/2024,09:20:12,24374.4,24368.8,175,24374.9,200,100,1258300
NIFTY-II.NFO,08/08/2024,09:20:14,24370.35,24366.1,25,24370.6,125,75,1258300
NIFTY-II.NFO,08/08/2024,09:20:16,24370,24368.85,100,24371,25,25,1258300
NIFTY-II.NFO,08/08/2024,09:20:17,24370,24366.7,175,24373.7,375,0,1258300
NIFTY-II.NFO,08/08/2024,09:20:19,24366,24365,25,24366.55,275,100,1258300
NIFTY-II.NFO,08/08/2024,09:20:20,24369.5,24364.05,100,24368.1,25,350,1258300
NIFTY-II.NFO,08/08/2024,09:20:22,24365.3,24363.05,75,24364.3,275,100,1258300
NIFTY-II.NFO,08/08/2024,09:20:22,24364,24363.05,75,24364.3,275,0,1258300
NIFTY-II.NFO,08/08/2024,09:20:24,24366,24364.35,250,24367.45,25,25,1258300
NIFTY-II.NFO,08/08/2024,09:20:25,24370.8,24368.4,100,24372.5,25,25,1258300
NIFTY-II.NFO,08/08/2024,09:20:27,24370.8,24368.15,150,24372.3,250,0,1258300
NIFTY-II.NFO,08/08/2024,09:20:29,24370.6,24368,25,24370.75,200,150,1258300
NIFTY-II.NFO,08/08/2024,09:20:30,24368,24366.95,175,24371,250,25,1258300
NIFTY-II.NFO,08/08/2024,09:20:32,24371.75,24367.15,150,24371.7,200,475,1258300
NIFTY-II.NFO,08/08/2024,09:20:34,24371.75,24366.05,75,24368.75,75,0,1258300
NIFTY-II.NFO,08/08/2024,09:20:35,24366.1,24366.35,175,24370,50,100,1258300
NIFTY-II.NFO,08/08/2024,09:20:37,24370,24366.95,150,24371.6,100,25,1258300
NIFTY-II.NFO,08/08/2024,09:20:39,24366.95,24367.05,175,24371.6,100,100,1258300
NIFTY-II.NFO,08/08/2024,09:20:40,24366.95,24368.75,100,24373.2,275,0,1258300
NIFTY-II.NFO,08/08/2024,09:20:42,24367.2,24367.2,125,24370.7,225,75,1258300
NIFTY-II.NFO,08/08/2024,09:20:44,24369.65,24366.2,25,24370.8,200,1075,1258300
NIFTY-II.NFO,08/08/2024,09:20:45,24366.95,24370.7,25,24371.1,350,125,1258300
NIFTY-II.NFO,08/08/2024,09:20:47,24370.7,24366.95,25,24370.75,225,25,1258300
NIFTY-II.NFO,08/08/2024,09:20:49,24367.95,24367.75,75,24373.6,100,100,1258300
NIFTY-II.NFO,08/08/2024,09:20:50,24373.05,24370.7,25,24371.05,250,25,1258300
NIFTY-II.NFO,08/08/2024,09:20:52,24375,24373.7,75,24376.75,50,75,1258300
NIFTY-II.NFO,08/08/2024,09:20:54,24375,24371.8,75,24376.45,100,0,1258300
NIFTY-II.NFO,08/08/2024,09:20:55,24376.45,24371.55,75,24374.95,250,25,1258300
NIFTY-II.NFO,08/08/2024,09:20:57,24374.85,24372.05,75,24376.35,250,400,1258300
NIFTY-II.NFO,08/08/2024,09:20:59,24374.85,24370.75,25,24372.5,200,0,1258300
NIFTY-II.NFO,08/08/2024,09:21:01,24372.9,24370.75,25,24372,200,25,1258300
NIFTY-II.NFO,08/08/2024,09:21:02,24370,24367.95,25,24370.85,125,100,1258300
NIFTY-II.NFO,08/08/2024,09:21:04,24374.75,24373.05,75,24374.85,250,75,1258300
NIFTY-II.NFO,08/08/2024,09:21:06,24374.75,24373.05,75,24373.85,225,0,1258300
NIFTY-II.NFO,08/08/2024,09:21:07,24373.45,24369.3,75,24372.95,75,150,1258300
NIFTY-II.NFO,08/08/2024,09:21:09,24372.5,24372.5,300,24373.05,200,725,1258300
NIFTY-II.NFO,08/08/2024,09:21:11,24371.75,24370.05,75,24371.8,75,325,1258300
NIFTY-II.NFO,08/08/2024,09:21:12,24372.9,24370.05,75,24371.75,200,50,1258300
NIFTY-II.NFO,08/08/2024,09:21:14,24370.7,24370,300,24370.9,250,225,1258300
NIFTY-II.NFO,08/08/2024,09:21:15,24370.7,24370,300,24370.45,200,0,1258300
NIFTY-II.NFO,08/08/2024,09:21:17,24368.95,24367.95,25,24371.4,100,325,1258300
NIFTY-II.NFO,08/08/2024,09:21:19,24372.25,24367.95,25,24369.8,50,50,1258300
NIFTY-II.NFO,08/08/2024,09:21:20,24367.95,24367.05,75,24369.1,75,75,1258300
NIFTY-II.NFO,08/08/2024,09:21:22,24369.95,24367.05,75,24368.7,225,1000,1258300
NIFTY-II.NFO,08/08/2024,09:21:24,24368.95,24367.05,75,24368.45,125,1250,1258300
NIFTY-II.NFO,08/08/2024,09:21:25,24372.6,24368.95,75,24372.55,125,75,1258300
NIFTY-II.NFO,08/08/2024,09:21:27,24370.95,24370.05,75,24370.8,100,250,1258300
NIFTY-II.NFO,08/08/2024,09:21:29,24370,24367.5,25,24370.35,125,1275,1258300
NIFTY-II.NFO,08/08/2024,09:21:30,24370,24370,975,24370.75,125,100,1258300
NIFTY-II.NFO,08/08/2024,09:21:32,24370,24368.05,75,24370,50,975,1258300
NIFTY-II.NFO,08/08/2024,09:21:34,24370,24370,175,24370.1,175,850,1258300
NIFTY-II.NFO,08/08/2024,09:21:35,24368.05,24368.05,50,24370.3,50,250,1258300
NIFTY-II.NFO,08/08/2024,09:21:37,24365.35,24365.05,75,24368.2,25,1100,1258300
NIFTY-II.NFO,08/08/2024,09:21:39,24365.05,24365.05,50,24366.25,25,875,1258300
NIFTY-II.NFO,08/08/2024,09:21:40,24369.85,24365.45,100,24370,25,250,1267375
NIFTY-II.NFO,08/08/2024,09:21:42,24370,24368.05,25,24369.6,100,500,1267375
NIFTY-II.NFO,08/08/2024,09:21:44,24370,24368.05,25,24369.35,100,0,1267375
NIFTY-II.NFO,08/08/2024,09:21:45,24370.2,24368.05,50,24370,25,25,1267375
NIFTY-II.NFO,08/08/2024,09:21:47,24370,24370.4,75,24374.3,100,25,1267375
NIFTY-II.NFO,08/08/2024,09:21:49,24373.6,24369.6,75,24373.05,25,25,1267375
NIFTY-II.NFO,08/08/2024,09:21:50,24373.6,24369.35,250,24374.35,125,0,1267375
NIFTY-II.NFO,08/08/2024,09:21:52,24370.05,24371.25,150,24374.95,150,75,1267375
NIFTY-II.NFO,08/08/2024,09:21:54,24370.05,24370.9,25,24373.3,100,0,1267375
NIFTY-II.NFO,08/08/2024,09:21:55,24373.6,24370.95,150,24374.35,25,75,1267375
NIFTY-II.NFO,08/08/2024,09:21:57,24373.6,24370.9,25,24373.75,250,0,1267375
NIFTY-II.NFO,08/08/2024,09:21:59,24373.6,24371.6,75,24374.7,25,0,1267375
NIFTY-II.NFO,08/08/2024,09:22:00,24374.35,24373.8,150,24374.95,25,50,1267375
NIFTY-II.NFO,08/08/2024,09:22:02,24375,24372.8,75,24375,50,50,1267375
NIFTY-II.NFO,08/08/2024,09:22:04,24378,24375.05,75,24378.25,250,100,1267375
NIFTY-II.NFO,08/08/2024,09:22:05,24378,24378.45,150,24380,100,0,1267375
NIFTY-II.NFO,08/08/2024,09:22:07,24378.55,24377,75,24380.75,25,800,1267375
NIFTY-II.NFO,08/08/2024,09:22:09,24378.55,24377.3,75,24382.45,250,0,1267375
NIFTY-II.NFO,08/08/2024,09:22:10,24383.8,24379.4,75,24384.3,250,25,1267375
NIFTY-II.NFO,08/08/2024,09:22:12,24383.8,24378.4,75,24383.6,250,0,1267375
NIFTY-II.NFO,08/08/2024,09:22:14,24383.8,24380.85,75,24386,250,0,1267375
NIFTY-II.NFO,08/08/2024,09:22:15,24384.75,24380,75,24385.1,300,300,1267375
NIFTY-II.NFO,08/08/2024,09:22:17,24384.95,24379.1,100,24385,300,350,1267375
NIFTY-II.NFO,08/08/2024,09:22:19,24385.1,24384.05,75,24385.25,250,25,1267375
NIFTY-II.NFO,08/08/2024,09:22:21,24385.1,24384.05,75,24385.1,250,0,1267375
NIFTY-II.NFO,08/08/2024,09:22:22,24384,24380,1050,24383.5,250,225,1267375
NIFTY-II.NFO,08/08/2024,09:22:24,24382.4,24381,25,24384,250,75,1267375
NIFTY-II.NFO,08/08/2024,09:22:26,24382.65,24381,25,24382.85,250,25,1267375
NIFTY-II.NFO,08/08/2024,09:22:27,24382.85,24381,25,24383.1,250,50,1267375
NIFTY-II.NFO,08/08/2024,09:22:29,24382.85,24381,25,24382.75,250,0,1267375
NIFTY-II.NFO,08/08/2024,09:22:31,24380.95,24380.05,75,24381.7,125,100,1267375
NIFTY-II.NFO,08/08/2024,09:22:32,24380.95,24380.95,250,24384.1,250,0,1267375
NIFTY-II.NFO,08/08/2024,09:22:34,24380.65,24380.85,100,24384.3,175,1050,1267375
NIFTY-II.NFO,08/08/2024,09:22:36,24380.65,24380.55,100,24383.55,50,0,1267375
NIFTY-II.NFO,08/08/2024,09:22:37,24380.65,24380.05,75,24382.25,50,0,1267375
NIFTY-II.NFO,08/08/2024,09:22:39,24380,24378.55,25,24379.45,175,800,1267375
NIFTY-II.NFO,08/08/2024,09:22:41,24380,24380,25,24381.05,250,0,1267375
NIFTY-II.NFO,08/08/2024,09:22:42,24380,24380,25,24380.05,25,0,1267375
NIFTY-II.NFO,08/08/2024,09:22:44,24379.75,24380,25,24381.45,450,75,1267375
NIFTY-II.NFO,08/08/2024,09:22:46,24379.75,24380,25,24380.8,125,0,1267375
NIFTY-II.NFO,08/08/2024,09:22:47,24378.55,24375.6,75,24378.2,125,150,1267375
NIFTY-II.NFO,08/08/2024,09:22:49,24378.55,24375.75,100,24378.1,225,0,1267375
NIFTY-II.NFO,08/08/2024,09:22:51,24378.55,24377.75,175,24380.85,250,0,1267375
NIFTY-II.NFO,08/08/2024,09:22:52,24378.55,24378.15,100,24380.85,250,0,1267375
NIFTY-II.NFO,08/08/2024,09:22:54,24378.35,24378.45,100,24380.85,250,25,1267375
NIFTY-II.NFO,08/08/2024,09:22:56,24378,24375.15,100,24378.95,200,50,1267375
NIFTY-II.NFO,08/08/2024,09:22:57,24377.6,24375.55,100,24378.95,150,50,1267375
NIFTY-II.NFO,08/08/2024,09:22:59,24380.85,24376.45,100,24380.25,125,75,1267375
NIFTY-II.NFO,08/08/2024,09:23:01,24380.05,24375.95,100,24379.7,50,75,1267375
NIFTY-II.NFO,08/08/2024,09:23:02,24380.05,24375.9,75,24378.45,50,0,1267375
NIFTY-II.NFO,08/08/2024,09:23:04,24376.55,24373.95,100,24377.15,50,150,1267375
NIFTY-II.NFO,08/08/2024,09:23:06,24375.8,24373.4,25,24375.9,50,50,1267375
NIFTY-II.NFO,08/08/2024,09:23:07,24375.8,24373.4,25,24376,175,0,1267375
NIFTY-II.NFO,08/08/2024,09:23:09,24376,24373.4,25,24376,50,25,1267375
NIFTY-II.NFO,08/08/2024,09:23:11,24376,24373.4,25,24374.45,250,0,1267375
NIFTY-II.NFO,08/08/2024,09:23:12,24373.6,24371.25,50,24374.2,50,350,1267375
NIFTY-II.NFO,08/08/2024,09:23:14,24372.75,24371.35,100,24374.25,50,100,1267375
NIFTY-II.NFO,08/08/2024,09:23:16,24371.35,24373.8,75,24376,25,25,1267375
NIFTY-II.NFO,08/08/2024,09:23:17,24371.35,24374,300,24376,25,0,1267375
NIFTY-II.NFO,08/08/2024,09:23:19,24373.8,24373.8,75,24376,25,25,1267375
NIFTY-II.NFO,08/08/2024,09:23:21,24376,24374.55,75,24378.25,250,25,1267375
NIFTY-II.NFO,08/08/2024,09:23:22,24378.5,24376,25,24378.7,250,25,1267375
NIFTY-II.NFO,08/08/2024,09:23:24,24378.7,24378.4,75,24380.65,50,25,1267375
NIFTY-II.NFO,08/08/2024,09:23:26,24378.25,24376.3,75,24379.8,250,25,1267375
NIFTY-II.NFO,08/08/2024,09:23:27,24378.25,24376.8,150,24380.85,450,0,1267375
NIFTY-II.NFO,08/08/2024,09:23:29,24381,24377.55,150,24381.6,100,375,1267375
NIFTY-II.NFO,08/08/2024,09:23:31,24382.25,24378.1,75,24382.25,50,50,1267375
NIFTY-II.NFO,08/08/2024,09:23:32,24382,24380.65,25,24382.4,100,75,1267375
NIFTY-II.NFO,08/08/2024,09:23:34,24381.85,24380.65,25,24381.95,250,50,1267375
NIFTY-II.NFO,08/08/2024,09:23:35,24379.4,24376,25,24379.4,50,200,1267375
NIFTY-II.NFO,08/08/2024,09:23:37,24380.3,24376.2,175,24380.35,50,50,1267375
NIFTY-II.NFO,08/08/2024,09:23:39,24376.15,24376,25,24379.55,250,100,1267375
NIFTY-II.NFO,08/08/2024,09:23:40,24376,24375.05,100,24378.75,75,25,1267375
NIFTY-II.NFO,08/08/2024,09:23:42,24375.1,24375.1,25,24378.3,250,125,1267375
NIFTY-II.NFO,08/08/2024,09:23:43,24375.05,24375.05,25,24376.8,125,50,1267375
NIFTY-II.NFO,08/08/2024,09:23:45,24376.25,24375.05,75,24376.25,125,225,1267375
NIFTY-II.NFO,08/08/2024,09:23:47,24375.05,24375.05,50,24375.9,125,25,1267375
NIFTY-II.NFO,08/08/2024,09:23:48,24375.05,24375.05,50,24375.6,250,0,1267375
NIFTY-II.NFO,08/08/2024,09:23:50,24375.05,24375.05,25,24377.45,250,50,1267375
NIFTY-II.NFO,08/08/2024,09:23:52,24377.35,24375.05,25,24376.8,250,25,1267375
NIFTY-II.NFO,08/08/2024,09:23:53,24377.35,24375.05,25,24377.25,250,0,1267375
NIFTY-II.NFO,08/08/2024,09:23:55,24377.35,24375.05,50,24375.8,50,0,1267375
NIFTY-II.NFO,08/08/2024,09:23:56,24377.35,24375.05,50,24377.7,250,0,1267375
NIFTY-II.NFO,08/08/2024,09:23:58,24377.35,24375.95,75,24377.35,25,0,1267375
NIFTY-II.NFO,08/08/2024,09:24:00,24376.65,24376,25,24376.9,250,275,1267375
NIFTY-II.NFO,08/08/2024,09:24:01,24376.2,24376,25,24376.25,250,25,1267375
NIFTY-II.NFO,08/08/2024,09:24:03,24376,24375.95,75,24377.55,250,25,1267375
NIFTY-II.NFO,08/08/2024,09:24:05,24377.55,24374.3,75,24376.9,250,525,1267375
NIFTY-II.NFO,08/08/2024,09:24:06,24374.3,24375,25,24376.65,50,50,1267375
NIFTY-II.NFO,08/08/2024,09:24:08,24376.55,24375.05,75,24376.5,250,50,1267375
NIFTY-II.NFO,08/08/2024,09:24:09,24376.55,24375.5,500,24379.55,50,0,1267375
NIFTY-II.NFO,08/08/2024,09:24:11,24378.3,24375.45,50,24377.4,250,50,1267375
NIFTY-II.NFO,08/08/2024,09:24:13,24378.3,24375.45,50,24375.6,250,0,1267375
NIFTY-II.NFO,08/08/2024,09:24:14,24375.45,24375.05,25,24376.8,50,50,1267375
NIFTY-II.NFO,08/08/2024,09:24:16,24375.45,24375.05,25,24376.1,200,0,1267375
NIFTY-II.NFO,08/08/2024,09:24:18,24377.1,24375.05,25,24377.15,50,100,1267375
NIFTY-II.NFO,08/08/2024,09:24:19,24377.1,24375.3,100,24378.9,50,0,1267375
NIFTY-II.NFO,08/08/2024,09:24:21,24377.1,24375.05,100,24376.75,200,0,1267375
NIFTY-II.NFO,08/08/2024,09:24:23,24377.1,24376.05,75,24379,25,0,1267375
NIFTY-II.NFO,08/08/2024,09:24:24,24378.2,24376,25,24378.05,75,325,1267375
NIFTY-II.NFO,08/08/2024,09:24:26,24378.2,24376,25,24377.15,50,0,1267375
NIFTY-II.NFO,08/08/2024,09:24:28,24377.8,24376,25,24377.75,50,50,1267375
NIFTY-II.NFO,08/08/2024,09:24:29,24377.75,24376.05,150,24378.6,50,25,1267375
NIFTY-II.NFO,08/08/2024,09:24:31,24378.9,24376.8,75,24379.2,50,250,1267375
NIFTY-II.NFO,08/08/2024,09:24:33,24378.85,24377.8,75,24380,25,325,1267375
NIFTY-II.NFO,08/08/2024,09:24:34,24380.25,24378.5,750,24380.8,50,100,1267375
NIFTY-II.NFO,08/08/2024,09:24:36,24380.85,24377.8,75,24380.15,50,25,1267375
NIFTY-II.NFO,08/08/2024,09:24:38,24380.85,24378.3,150,24381,25,0,1267375
NIFTY-II.NFO,08/08/2024,09:24:39,24381,24377.65,175,24381.5,125,450,1267375
NIFTY-II.NFO,08/08/2024,09:24:41,24381,24376.65,75,24379.35,100,0,1267375
NIFTY-II.NFO,08/08/2024,09:24:43,24381,24378,25,24379.35,125,0,1267375
NIFTY-II.NFO,08/08/2024,09:24:44,24381,24378,25,24380.65,50,0,1267375
NIFTY-II.NFO,08/08/2024,09:24:46,24381,24380.05,75,24380.85,25,0,1267375
NIFTY-II.NFO,08/08/2024,09:24:48,24380.85,24380.05,75,24380.9,125,475,1272075
NIFTY-II.NFO,08/08/2024,09:24:49,24380.9,24380.05,75,24382.45,50,25,1272075
NIFTY-II.NFO,08/08/2024,09:24:51,24382.1,24380.05,75,24381.35,375,25,1272075
NIFTY-II.NFO,08/08/2024,09:24:53,24382.1,24380.05,75,24383.15,25,0,1272075
NIFTY-II.NFO,08/08/2024,09:24:54,24382.1,24382.15,75,24383.7,25,0,1272075
NIFTY-II.NFO,08/08/2024,09:24:56,24382.1,24382.15,75,24384.85,125,0,1272075
NIFTY-II.NFO,08/08/2024,09:24:58,24382.1,24382.15,75,24384.7,125,0,1272075
NIFTY-II.NFO,08/08/2024,09:24:59,24383.9,24382.15,75,24384.9,25,125,1272075
NIFTY-II.NFO,08/08/2024,09:25:01,24383.9,24382.15,75,24384.9,25,0,1272075
NIFTY-II.NFO,08/08/2024,09:25:03,24388.55,24388.4,175,24390,50,175,1272075
NIFTY-II.NFO,08/08/2024,09:25:04,24390,24389.5,100,24394.9,25,50,1272075
NIFTY-II.NFO,08/08/2024,09:25:06,24394.95,24391.4,50,24395,50,25,1272075
NIFTY-II.NFO,08/08/2024,09:25:08,24394.95,24390.75,75,24395,50,0,1272075
NIFTY-II.NFO,08/08/2024,09:25:09,24391.8,24389.05,175,24393.8,25,50,1272075
NIFTY-II.NFO,08/08/2024,09:25:11,24394.05,24388.45,225,24394.05,375,50,1272075
NIFTY-II.NFO,08/08/2024,09:25:13,24394.05,24390.15,100,24395,50,0,1272075
NIFTY-II.NFO,08/08/2024,09:25:14,24394.05,24390.2,75,24394.75,375,0,1272075
NIFTY-II.NFO,08/08/2024,09:25:16,24394.05,24390.95,175,24395.6,275,0,1272075
NIFTY-II.NFO,08/08/2024,09:25:17,24405,24402.1,150,24405.05,25,475,1272075
NIFTY-II.NFO,08/08/2024,09:25:19,24402.1,24398.7,100,24403.3,75,75,1272075
NIFTY-II.NFO,08/08/2024,09:25:21,24405.05,24404.15,175,24405.25,25,50,1272075
NIFTY-II.NFO,08/08/2024,09:25:22,24407.45,24406.95,100,24409.55,25,100,1272075
NIFTY-II.NFO,08/08/2024,09:25:24,24408.2,24402.2,100,24407.05,50,200,1272075
NIFTY-II.NFO,08/08/2024,09:25:26,24408.2,24399.95,175,24403.95,125,0,1272075
NIFTY-II.NFO,08/08/2024,09:25:27,24408.2,24399.95,75,24401.9,125,0,1272075
NIFTY-II.NFO,08/08/2024,09:25:29,24402.8,24400.15,100,24404.4,100,25,1272075
NIFTY-II.NFO,08/08/2024,09:25:31,24401.5,24400,25,24401.6,250,100,1272075
NIFTY-II.NFO,08/08/2024,09:25:32,24400.3,24395.1,100,24399.05,50,600,1272075
NIFTY-II.NFO,08/08/2024,09:25:34,24400.3,24394.15,100,24398.35,125,0,1272075
NIFTY-II.NFO,08/08/2024,09:25:36,24398.6,24393.35,100,24398.6,200,50,1272075
NIFTY-II.NFO,08/08/2024,09:25:38,24395.55,24392.95,175,24398,150,225,1272075
NIFTY-II.NFO,08/08/2024,09:25:39,24397.35,24388.3,100,24393.9,150,25,1272075
NIFTY-II.NFO,08/08/2024,09:25:41,24390.9,24390.85,100,24396.6,250,275,1272075
NIFTY-II.NFO,08/08/2024,09:25:43,24390.9,24390.8,25,24393.9,250,0,1272075
NIFTY-II.NFO,08/08/2024,09:25:44,24390.9,24390.85,100,24395.25,250,0,1272075
NIFTY-II.NFO,08/08/2024,09:25:46,24390.9,24391.3,75,24395.4,250,0,1272075
NIFTY-II.NFO,08/08/2024,09:25:48,24390.05,24390.55,100,24394.8,275,100,1272075
NIFTY-II.NFO,08/08/2024,09:25:49,24390.05,24390,25,24394.3,25,0,1272075
NIFTY-II.NFO,08/08/2024,09:25:51,24393.15,24390.05,75,24393.2,250,25,1272075
NIFTY-II.NFO,08/08/2024,09:25:53,24393.15,24390.35,100,24394.85,250,0,1272075
NIFTY-II.NFO,08/08/2024,09:25:54,24392.1,24392.3,75,24396.75,100,175,1272075
NIFTY-II.NFO,08/08/2024,09:25:56,24392.1,24390.25,75,24394.5,250,0,1272075
NIFTY-II.NFO,08/08/2024,09:25:58,24392.1,24390.05,75,24393.9,100,0,1272075
NIFTY-II.NFO,08/08/2024,09:25:59,24390.05,24390.05,50,24394.05,225,25,1272075
NIFTY-II.NFO,08/08/2024,09:26:01,24390.05,24390.1,75,24394.8,225,0,1272075
NIFTY-II.NFO,08/08/2024,09:26:03,24390.1,24392.1,250,24393.95,250,25,1272075
NIFTY-II.NFO,08/08/2024,09:26:04,24393.4,24392.15,50,24394.15,225,75,1272075
NIFTY-II.NFO,08/08/2024,09:26:06,24393.4,24392.15,50,24395.65,100,0,1272075
NIFTY-II.NFO,08/08/2024,09:26:08,24392.1,24391,25,24393.3,100,325,1272075
NIFTY-II.NFO,08/08/2024,09:26:09,24392.1,24391,25,24394.35,225,0,1272075
NIFTY-II.NFO,08/08/2024,09:26:11,24395.15,24391.4,75,24395.2,125,100,1272075
NIFTY-II.NFO,08/08/2024,09:26:13,24395.05,24391.1,75,24395.15,125,100,1272075
NIFTY-II.NFO,08/08/2024,09:26:14,24395.05,24391,25,24392.15,175,0,1272075
NIFTY-II.NFO,08/08/2024,09:26:16,24395.05,24391,25,24392.05,175,0,1272075
NIFTY-II.NFO,08/08/2024,09:26:18,24395.05,24391,25,24391.75,175,0,1272075
NIFTY-II.NFO,08/08/2024,09:26:19,24391,24390.05,75,24391.45,175,25,1272075
NIFTY-II.NFO,08/08/2024,09:26:21,24391,24390.05,75,24391,25,0,1272075
NIFTY-II.NFO,08/08/2024,09:26:23,24388.9,24384.1,100,24390.2,50,900,1272075
NIFTY-II.NFO,08/08/2024,09:26:24,24388.9,24384.95,75,24388.7,50,0,1272075
NIFTY-II.NFO,08/08/2024,09:26:26,24384.95,24380.7,50,24383.4,50,75,1272075
NIFTY-II.NFO,08/08/2024,09:26:28,24385.95,24381.15,100,24387,350,25,1272075
NIFTY-II.NFO,08/08/2024,09:26:29,24385.95,24380.75,75,24384.6,125,0,1272075
NIFTY-II.NFO,08/08/2024,09:26:31,24383.25,24380.75,75,24382.05,200,100,1272075
NIFTY-II.NFO,08/08/2024,09:26:33,24381,24380.7,50,24380.75,225,75,1272075
NIFTY-II.NFO,08/08/2024,09:26:34,24380.75,24382.25,100,24385.95,50,225,1272075
NIFTY-II.NFO,08/08/2024,09:26:36,24385.95,24381.75,175,24387.15,125,50,1272075
NIFTY-II.NFO,08/08/2024,09:26:37,24388.6,24383.15,100,24388.6,50,100,1272075
NIFTY-II.NFO,08/08/2024,09:26:39,24384.35,24384.35,25,24388.45,50,50,1272075
NIFTY-II.NFO,08/08/2024,09:26:41,24385.65,24381.2,250,24386.25,100,25,1272075
NIFTY-II.NFO,08/08/2024,09:26:42,24385.65,24381.8,300,24386.95,125,0,1272075
NIFTY-II.NFO,08/08/2024,09:26:44,24385.65,24381.8,250,24387,100,0,1272075
NIFTY-II.NFO,08/08/2024,09:26:46,24385.65,24385.65,25,24388.9,150,0,1272075
NIFTY-II.NFO,08/08/2024,09:26:47,24385.65,24385.65,25,24387.45,125,0,1272075
NIFTY-II.NFO,08/08/2024,09:26:49,24385.65,24385.65,25,24388,375,0,1272075
NIFTY-II.NFO,08/08/2024,09:26:50,24387.95,24385.65,25,24388,250,25,1272075
NIFTY-II.NFO,08/08/2024,09:26:52,24387.95,24385.7,75,24388,250,0,1272075
NIFTY-II.NFO,08/08/2024,09:26:55,24387.25,24385.7,75,24387.35,75,25,1272075
NIFTY-II.NFO,08/08/2024,09:26:57,24387.25,24385.7,75,24388,250,0,1272075
NIFTY-II.NFO,08/08/2024,09:26:59,24387.25,24387.25,25,24388,250,0,1272075
NIFTY-II.NFO,08/08/2024,09:27:00,24387.95,24388.9,150,24391,25,300,1272075
NIFTY-II.NFO,08/08/2024,09:27:02,24387.95,24387.25,25,24390.5,75,0,1272075
NIFTY-II.NFO,08/08/2024,09:27:04,24387.95,24387.8,100,24391,25,0,1272075
NIFTY-II.NFO,08/08/2024,09:27:05,24390.5,24388.7,75,24391,25,25,1272075
NIFTY-II.NFO,08/08/2024,09:27:07,24390.5,24388.05,75,24390.4,100,0,1272075
NIFTY-II.NFO,08/08/2024,09:27:09,24390.45,24388.05,25,24390.95,75,150,1272075
NIFTY-II.NFO,08/08/2024,09:27:10,24390.45,24388.05,25,24389.85,125,0,1272075
NIFTY-II.NFO,08/08/2024,09:27:12,24390.45,24388.05,25,24390.05,75,0,1272075
NIFTY-II.NFO,08/08/2024,09:27:14,24390.45,24388.05,25,24390.5,25,0,1272075
NIFTY-II.NFO,08/08/2024,09:27:15,24390.45,24388.05,25,24389.95,100,0,1272075
NIFTY-II.NFO,08/08/2024,09:27:17,24390.45,24388.05,25,24390,75,0,1272075
NIFTY-II.NFO,08/08/2024,09:27:18,24390.45,24388.05,25,24390.05,75,0,1272075
NIFTY-II.NFO,08/08/2024,09:27:20,24390.45,24390,600,24390.95,125,100,1272075
NIFTY-II.NFO,08/08/2024,09:27:22,24390.45,24390,625,24390.65,475,0,1272075
NIFTY-II.NFO,08/08/2024,09:27:23,24390,24386.3,50,24390.05,25,650,1272075
NIFTY-II.NFO,08/08/2024,09:27:25,24390,24385.7,75,24387.7,125,0,1272075
NIFTY-II.NFO,08/08/2024,09:27:27,24385.65,24385.65,25,24385.9,200,325,1272075
NIFTY-II.NFO,08/08/2024,09:27:28,24384.25,24384.25,175,24389.35,225,125,1272075
NIFTY-II.NFO,08/08/2024,09:27:30,24389.65,24384.75,175,24389.65,75,25,1272075
NIFTY-II.NFO,08/08/2024,09:27:32,24385,24386.45,175,24390,50,25,1272075
NIFTY-II.NFO,08/08/2024,09:27:33,24385,24385.7,75,24389.85,325,0,1272075
NIFTY-II.NFO,08/08/2024,09:27:35,24385,24385,25,24387.7,75,0,1272075
NIFTY-II.NFO,08/08/2024,09:27:37,24385,24385,25,24388.5,125,0,1272075
NIFTY-II.NFO,08/08/2024,09:27:38,24385,24385,100,24388.8,75,0,1272075
NIFTY-II.NFO,08/08/2024,09:27:40,24385,24385,25,24388.9,325,0,1272075
NIFTY-II.NFO,08/08/2024,09:27:41,24388.6,24385,25,24387.05,125,25,1272075
NIFTY-II.NFO,08/08/2024,09:27:43,24388.35,24385.05,75,24388.1,125,100,1275475
NIFTY-II.NFO,08/08/2024,09:27:45,24388.35,24385,25,24387.85,50,0,1275475
NIFTY-II.NFO,08/08/2024,09:27:46,24388.35,24385,25,24387.25,125,0,1275475
NIFTY-II.NFO,08/08/2024,09:27:48,24388.35,24385,25,24389.1,125,0,1275475
NIFTY-II.NFO,08/08/2024,09:27:50,24388.35,24385,25,24388.95,50,0,1275475
NIFTY-II.NFO,08/08/2024,09:27:52,24388.35,24385,25,24388,200,0,1275475
NIFTY-II.NFO,08/08/2024,09:27:53,24388.35,24385,25,24387.6,150,0,1275475
NIFTY-II.NFO,08/08/2024,09:27:55,24388.35,24385,25,24386.05,125,0,1275475
NIFTY-II.NFO,08/08/2024,09:27:56,24388.35,24385,25,24386.2,150,0,1275475
NIFTY-II.NFO,08/08/2024,09:27:58,24385,24384,25,24387.35,200,25,1275475
NIFTY-II.NFO,08/08/2024,09:28:00,24385,24384,25,24386.9,150,0,1275475
NIFTY-II.NFO,08/08/2024,09:28:01,24385,24384,25,24386.65,50,0,1275475
NIFTY-II.NFO,08/08/2024,09:28:03,24386.15,24384,25,24387.1,150,50,1275475
NIFTY-II.NFO,08/08/2024,09:28:05,24386.15,24384,25,24385.75,125,0,1275475
NIFTY-II.NFO,08/08/2024,09:28:06,24384,24382.1,100,24386.7,25,25,1275475
NIFTY-II.NFO,08/08/2024,09:28:08,24384,24381.45,250,24386.4,25,0,1275475
NIFTY-II.NFO,08/08/2024,09:28:10,24384,24381.55,100,24386,275,0,1275475
NIFTY-II.NFO,08/08/2024,09:28:11,24384,24384.6,75,24387.45,25,0,1275475
NIFTY-II.NFO,08/08/2024,09:28:13,24384,24382,100,24386.95,100,0,1275475
NIFTY-II.NFO,08/08/2024,09:28:14,24384,24381.9,75,24385.25,75,0,1275475
NIFTY-II.NFO,08/08/2024,09:28:16,24384,24382.85,250,24388.3,25,0,1275475
NIFTY-II.NFO,08/08/2024,09:28:18,24382.85,24383.25,75,24388,50,25,1275475
NIFTY-II.NFO,08/08/2024,09:28:19,24382.85,24383.25,175,24387.75,50,0,1275475
NIFTY-II.NFO,08/08/2024,09:28:21,24382.85,24383.15,175,24387.75,50,0,1275475
NIFTY-II.NFO,08/08/2024,09:28:23,24382.85,24380.85,100,24386.05,125,0,1275475
NIFTY-II.NFO,08/08/2024,09:28:24,24382.85,24381.25,175,24386.8,50,0,1275475
NIFTY-II.NFO,08/08/2024,09:28:26,24382.85,24382.6,75,24387.25,125,0,1275475
NIFTY-II.NFO,08/08/2024,09:28:28,24382.85,24381.25,100,24386,50,0,1275475
NIFTY-II.NFO,08/08/2024,09:28:29,24382.85,24381.5,250,24387.45,25,0,1275475
NIFTY-II.NFO,08/08/2024,09:28:31,24385,24382.95,175,24389.2,125,25,1275475
NIFTY-II.NFO,08/08/2024,09:28:33,24385,24382.95,250,24388.35,25,0,1275475
NIFTY-II.NFO,08/08/2024,09:28:36,24385,24382.35,100,24385,25,0,1275475
NIFTY-II.NFO,08/08/2024,09:28:38,24385,24382.15,175,24385,50,25,1275475
NIFTY-II.NFO,08/08/2024,09:28:39,24385,24385.15,175,24389.8,25,50,1275475
NIFTY-II.NFO,08/08/2024,09:28:41,24385,24383.1,100,24388.85,375,0,1275475
NIFTY-II.NFO,08/08/2024,09:28:43,24385,24382.05,175,24387.45,50,0,1275475
NIFTY-II.NFO,08/08/2024,09:28:44,24385,24383.15,75,24387.45,125,0,1275475
NIFTY-II.NFO,08/08/2024,09:28:46,24385,24383.65,175,24388.05,50,0,1275475
NIFTY-II.NFO,08/08/2024,09:28:48,24385,24385,25,24387.55,50,0,1275475
NIFTY-II.NFO,08/08/2024,09:28:49,24385,24385,25,24386,50,0,1275475
NIFTY-II.NFO,08/08/2024,09:28:51,24386,24385,25,24387.95,50,25,1275475
NIFTY-II.NFO,08/08/2024,09:28:53,24386,24385,25,24387.4,50,0,1275475
NIFTY-II.NFO,08/08/2024,09:28:54,24386,24385,25,24388.15,50,0,1275475
NIFTY-II.NFO,08/08/2024,09:28:58,24386,24385.05,75,24386.75,25,0,1275475
NIFTY-II.NFO,08/08/2024,09:28:59,24385,24385,25,24385.35,50,225,1275475
NIFTY-II.NFO,08/08/2024,09:29:01,24382.85,24380.75,75,24382.05,25,50,1275475
NIFTY-II.NFO,08/08/2024,09:29:03,24375,24374.3,25,24375.2,50,1300,1275475
NIFTY-II.NFO,08/08/2024,09:29:04,24375,24375.6,100,24380.2,125,0,1275475
NIFTY-II.NFO,08/08/2024,09:29:06,24375,24376.65,75,24381.85,125,0,1275475
NIFTY-II.NFO,08/08/2024,09:29:08,24375,24376.6,225,24382,375,0,1275475
NIFTY-II.NFO,08/08/2024,09:29:09,24375,24381.3,75,24384.95,50,0,1275475
NIFTY-II.NFO,08/08/2024,09:29:11,24375,24380.85,250,24385,50,0,1275475
NIFTY-II.NFO,08/08/2024,09:29:13,24385,24378.35,75,24383.2,50,25,1275475
NIFTY-II.NFO,08/08/2024,09:29:14,24378,24379.9,225,24384.7,100,50,1275475
NIFTY-II.NFO,08/08/2024,09:29:16,24378,24378.3,100,24382.95,100,0,1275475
NIFTY-II.NFO,08/08/2024,09:29:18,24378,24378.5,75,24382.9,175,0,1275475
NIFTY-II.NFO,08/08/2024,09:29:19,24382.45,24376.25,100,24381.2,75,25,1275475
NIFTY-II.NFO,08/08/2024,09:29:21,24382.45,24377,250,24382.05,75,0,1275475
NIFTY-II.NFO,08/08/2024,09:29:22,24382.45,24377.2,100,24381.5,250,0,1275475
NIFTY-II.NFO,08/08/2024,09:29:24,24382.45,24375.5,100,24380.85,150,0,1275475
NIFTY-II.NFO,08/08/2024,09:29:26,24382.45,24375.05,75,24379.4,350,0,1275475
NIFTY-II.NFO,08/08/2024,09:29:27,24382.45,24376,175,24380.8,75,0,1275475
NIFTY-II.NFO,08/08/2024,09:29:29,24382.45,24377.75,75,24380,250,275,1275475
NIFTY-II.NFO,08/08/2024,09:29:31,24382.45,24375.2,150,24379.85,125,0,1275475
NIFTY-II.NFO,08/08/2024,09:29:32,24382.45,24375.35,100,24379.85,125,0,1275475
NIFTY-II.NFO,08/08/2024,09:29:34,24382.45,24375.05,75,24379.2,25,0,1275475
NIFTY-II.NFO,08/08/2024,09:29:36,24382.45,24375.15,100,24379.25,25,0,1275475
NIFTY-II.NFO,08/08/2024,09:29:37,24379.3,24375.05,75,24377.75,125,50,1275475
NIFTY-II.NFO,08/08/2024,09:29:39,24379.3,24375.2,75,24379.1,25,0,1275475
NIFTY-II.NFO,08/08/2024,09:29:40,24379.3,24375.05,75,24379.1,25,0,1275475
NIFTY-II.NFO,08/08/2024,09:29:42,24379.3,24375.05,75,24378.8,125,0,1275475
NIFTY-II.NFO,08/08/2024,09:29:44,24379.3,24376.45,75,24379.95,25,0,1275475
NIFTY-II.NFO,08/08/2024,09:29:45,24379.05,24379,125,24380.25,50,75,1275475
NIFTY-II.NFO,08/08/2024,09:29:47,24379,24379,100,24379.3,25,25,1275475
NIFTY-II.NFO,08/08/2024,09:29:49,24379,24379,100,24379.3,25,0,1275475
NIFTY-II.NFO,08/08/2024,09:29:50,24379,24379,100,24379.3,50,0,1275475
NIFTY-II.NFO,08/08/2024,09:29:52,24379,24376.95,75,24379.3,50,125,1275475
NIFTY-II.NFO,08/08/2024,09:29:54,24379,24375.9,25,24379.3,125,0,1275475
NIFTY-II.NFO,08/08/2024,09:29:55,24379,24376.7,175,24379.3,50,0,1275475
NIFTY-II.NFO,08/08/2024,09:29:57,24379,24379,75,24379.3,50,0,1275475
NIFTY-II.NFO,08/08/2024,09:29:59,24379.3,24379.05,75,24379.8,325,50,1275475
NIFTY-II.NFO,08/08/2024,09:30:00,24379.05,24379.05,50,24381.25,25,25,1275475
NIFTY-II.NFO,08/08/2024,09:30:02,24379.05,24379.05,50,24382.1,25,0,1275475
NIFTY-II.NFO,08/08/2024,09:30:04,24379,24375.9,25,24379.35,275,575,1275475
NIFTY-II.NFO,08/08/2024,09:30:06,24379,24375.95,175,24381.55,125,0,1275475
NIFTY-II.NFO,08/08/2024,09:30:07,24379,24376.15,175,24381.2,250,0,1275475
NIFTY-II.NFO,08/08/2024,09:30:09,24379,24379.35,75,24381.2,250,0,1275475
NIFTY-II.NFO,08/08/2024,09:30:11,24379,24375.9,25,24378.4,125,250,1275475
NIFTY-II.NFO,08/08/2024,09:30:12,24379,24376,250,24381.1,200,0,1275475
NIFTY-II.NFO,08/08/2024,09:30:14,24379,24376,250,24380.95,25,0,1275475
NIFTY-II.NFO,08/08/2024,09:30:16,24379,24375.9,25,24379.75,250,0,1275475
NIFTY-II.NFO,08/08/2024,09:30:17,24379,24379,25,24380.05,250,25,1275475
NIFTY-II.NFO,08/08/2024,09:30:19,24379,24375.9,100,24379.8,200,25,1275475
NIFTY-II.NFO,08/08/2024,09:30:20,24379,24376.2,150,24380.65,125,0,1275475
NIFTY-II.NFO,08/08/2024,09:30:22,24379,24376.25,250,24381.8,200,0,1275475
NIFTY-II.NFO,08/08/2024,09:30:25,24379,24376.3,75,24379.3,50,0,1275475
NIFTY-II.NFO,08/08/2024,09:30:27,24379,24376.4,175,24379.3,50,0,1275475
NIFTY-II.NFO,08/08/2024,09:30:29,24379,24376.05,175,24379.3,50,25,1275475
NIFTY-II.NFO,08/08/2024,09:30:30,24379,24376.4,75,24379.3,50,0,1275475
NIFTY-II.NFO,08/08/2024,09:30:32,24379,24376.1,75,24379.3,50,0,1275475
NIFTY-II.NFO,08/08/2024,09:30:34,24379.3,24377.45,175,24379.3,25,25,1275475
NIFTY-II.NFO,08/08/2024,09:30:35,24379.3,24379.05,75,24383.4,225,25,1275475
NIFTY-II.NFO,08/08/2024,09:30:37,24379.3,24376.15,250,24380.95,25,0,1275475
NIFTY-II.NFO,08/08/2024,09:30:39,24380.95,24380,25,24382.45,200,25,1275475
NIFTY-II.NFO,08/08/2024,09:30:40,24380.95,24380,25,24382.45,200,0,1275475
NIFTY-II.NFO,08/08/2024,09:30:42,24380.95,24380,25,24381.85,150,0,1275475
NIFTY-II.NFO,08/08/2024,09:30:44,24380.95,24380,25,24382.15,125,0,1275475
NIFTY-II.NFO,08/08/2024,09:30:45,24380.95,24380,25,24382,150,0,1275475
NIFTY-II.NFO,08/08/2024,09:30:47,24380,24377.75,150,24382.15,125,25,1277300
NIFTY-II.NFO,08/08/2024,09:30:49,24380,24376.1,75,24380.45,200,0,1277300
NIFTY-II.NFO,08/08/2024,09:30:50,24376.25,24376.3,250,24380.95,25,50,1277300
NIFTY-II.NFO,08/08/2024,09:30:52,24382,24376.3,250,24381.95,25,200,1277300
NIFTY-II.NFO,08/08/2024,09:30:54,24382,24378.1,75,24381.95,25,0,1277300
NIFTY-II.NFO,08/08/2024,09:30:55,24376,24377,75,24380.9,175,1000,1277300
NIFTY-II.NFO,08/08/2024,09:30:57,24376.05,24376.05,50,24379.75,125,25,1277300
NIFTY-II.NFO,08/08/2024,09:30:59,24376.05,24376.3,75,24379.95,100,0,1277300
NIFTY-II.NFO,08/08/2024,09:31:00,24376.05,24376.4,75,24379.95,100,0,1277300
NIFTY-II.NFO,08/08/2024,09:31:02,24376.05,24376.35,50,24379.95,25,0,1277300
NIFTY-II.NFO,08/08/2024,09:31:04,24376.05,24376.7,75,24379.95,100,0,1277300
NIFTY-II.NFO,08/08/2024,09:31:05,24379.45,24376.05,75,24379.5,100,100,1277300
NIFTY-II.NFO,08/08/2024,09:31:07,24379.45,24376.8,75,24379.95,25,0,1277300
NIFTY-II.NFO,08/08/2024,09:31:09,24379.45,24376.05,75,24379.7,100,0,1277300
NIFTY-II.NFO,08/08/2024,09:31:10,24379.45,24376.35,100,24380.8,125,0,1277300
NIFTY-II.NFO,08/08/2024,09:31:12,24379.45,24376.2,75,24379.9,50,0,1277300
NIFTY-II.NFO,08/08/2024,09:31:14,24379.45,24376.35,100,24380.8,75,0,1277300
NIFTY-II.NFO,08/08/2024,09:31:15,24379.45,24376.05,75,24378.95,25,0,1277300
NIFTY-II.NFO,08/08/2024,09:31:17,24379.45,24376.05,75,24378.95,100,0,1277300
NIFTY-II.NFO,08/08/2024,09:31:19,24379.45,24376.15,100,24380.15,25,0,1277300
NIFTY-II.NFO,08/08/2024,09:31:20,24382.3,24376.8,100,24382.9,75,50,1277300
NIFTY-II.NFO,08/08/2024,09:31:22,24383,24380.5,175,24383.45,25,100,1277300
NIFTY-II.NFO,08/08/2024,09:31:24,24383,24381.5,100,24385,75,0,1277300
NIFTY-II.NFO,08/08/2024,09:31:25,24383,24382.75,100,24385,75,0,1277300
NIFTY-II.NFO,08/08/2024,09:31:27,24383,24383.8,100,24385,75,0,1277300
NIFTY-II.NFO,08/08/2024,09:31:29,24386.15,24387.05,100,24390,25,100,1277300
NIFTY-II.NFO,08/08/2024,09:31:30,24386.15,24386.55,150,24390,25,0,1277300
NIFTY-II.NFO,08/08/2024,09:31:32,24391,24389.55,100,24392.45,25,75,1277300
NIFTY-II.NFO,08/08/2024,09:31:34,24393,24391.25,100,24395,25,125,1277300
NIFTY-II.NFO,08/08/2024,09:31:35,24393,24390.2,75,24393.95,100,0,1277300
NIFTY-II.NFO,08/08/2024,09:31:37,24392.95,24390,25,24393.95,100,25,1277300
NIFTY-II.NFO,08/08/2024,09:31:39,24392.95,24390,25,24392.9,125,0,1277300
NIFTY-II.NFO,08/08/2024,09:31:40,24390,24387.6,175,24393.55,125,25,1277300
NIFTY-II.NFO,08/08/2024,09:31:42,24390,24387.05,100,24391.95,100,25,1277300
NIFTY-II.NFO,08/08/2024,09:31:44,24390,24388.85,100,24392.95,25,0,1277300
NIFTY-II.NFO,08/08/2024,09:31:45,24392.9,24392.95,75,24394.2,25,325,1277300
NIFTY-II.NFO,08/08/2024,09:31:47,24392.9,24392.95,75,24395,25,0,1277300
NIFTY-II.NFO,08/08/2024,09:31:52,24402,24404.2,50,24405,50,375,1277300
NIFTY-II.NFO,08/08/2024,09:31:54,24405,24401.95,150,24405.15,25,75,1277300
NIFTY-II.NFO,08/08/2024,09:31:55,24405,24404.2,150,24409.95,100,0,1277300
NIFTY-II.NFO,08/08/2024,09:31:57,24409.65,24407.25,225,24410,50,100,1277300
NIFTY-II.NFO,08/08/2024,09:31:59,24415.8,24411.95,125,24416.95,25,150,1277300
NIFTY-II.NFO,08/08/2024,09:32:00,24415.8,24412.05,175,24417,25,0,1277300
NIFTY-II.NFO,08/08/2024,09:32:02,24415.8,24411.55,100,24416,500,0,1277300
NIFTY-II.NFO,08/08/2024,09:32:04,24415.8,24409.5,75,24413.7,25,0,1277300
NIFTY-II.NFO,08/08/2024,09:32:05,24415.8,24410.8,100,24416.25,400,0,1277300
NIFTY-II.NFO,08/08/2024,09:32:07,24413.2,24414.8,75,24417,25,200,1277300
NIFTY-II.NFO,08/08/2024,09:32:08,24409.8,24409.55,75,24413.2,100,100,1277300
NIFTY-II.NFO,08/08/2024,09:32:10,24410.2,24405.05,75,24409.45,100,25,1277300
NIFTY-II.NFO,08/08/2024,09:32:12,24409.75,24405.5,50,24409.75,100,25,1277300
NIFTY-II.NFO,08/08/2024,09:32:13,24409.75,24404.6,100,24409.75,175,0,1277300
NIFTY-II.NFO,08/08/2024,09:32:15,24409.75,24402.9,100,24407.95,100,0,1277300
NIFTY-II.NFO,08/08/2024,09:32:16,24407.95,24405.15,100,24409.1,25,25,1277300
NIFTY-II.NFO,08/08/2024,09:32:18,24409.05,24405.5,100,24409.1,25,25,1277300
NIFTY-II.NFO,08/08/2024,09:32:20,24405.5,24408.7,100,24409.8,25,25,1277300
NIFTY-II.NFO,08/08/2024,09:32:22,24405.5,24408.1,75,24409.8,25,0,1277300
NIFTY-II.NFO,08/08/2024,09:32:23,24409.8,24409.05,75,24412,50,25,1277300
NIFTY-II.NFO,08/08/2024,09:32:25,24407,24405.8,100,24409,25,25,1277300
NIFTY-II.NFO,08/08/2024,09:32:27,24407,24405.9,100,24409,75,0,1277300
NIFTY-II.NFO,08/08/2024,09:32:28,24407,24405.65,100,24409,75,0,1277300
NIFTY-II.NFO,08/08/2024,09:32:30,24405.65,24407.05,75,24409,75,100,1277300
NIFTY-II.NFO,08/08/2024,09:32:32,24405.65,24407.05,75,24408.95,100,0,1277300
NIFTY-II.NFO,08/08/2024,09:32:33,24407.05,24407.05,25,24408.6,100,50,1277300
NIFTY-II.NFO,08/08/2024,09:32:35,24406.25,24405.05,75,24408.25,100,200,1277300
NIFTY-II.NFO,08/08/2024,09:32:37,24406.25,24405.05,75,24408.95,100,0,1277300
NIFTY-II.NFO,08/08/2024,09:32:38,24406.25,24405.7,100,24409,75,0,1277300
NIFTY-II.NFO,08/08/2024,09:32:40,24409.05,24407.2,25,24409.8,25,100,1277300
NIFTY-II.NFO,08/08/2024,09:32:42,24412,24411.3,125,24415,50,100,1277300
NIFTY-II.NFO,08/08/2024,09:32:43,24415,24412.05,200,24415,25,25,1277300
NIFTY-II.NFO,08/08/2024,09:32:45,24415,24412.85,50,24415.8,50,75,1277300
NIFTY-II.NFO,08/08/2024,09:32:47,24416,24414.35,75,24416,75,75,1277300
NIFTY-II.NFO,08/08/2024,09:32:48,24416,24415.4,75,24417,25,75,1277300
NIFTY-II.NFO,08/08/2024,09:32:50,24415,24409.6,150,24416.95,225,25,1277300
NIFTY-II.NFO,08/08/2024,09:32:52,24415,24407.85,200,24414.95,25,0,1277300
NIFTY-II.NFO,08/08/2024,09:32:53,24415,24407.05,75,24412.9,150,0,1277300
NIFTY-II.NFO,08/08/2024,09:32:55,24415,24410.75,50,24417,100,0,1277300
NIFTY-II.NFO,08/08/2024,09:32:57,24410.75,24409.45,150,24416.95,175,25,1277300
NIFTY-II.NFO,08/08/2024,09:32:58,24409.7,24410.4,200,24417,100,25,1277300
NIFTY-II.NFO,08/08/2024,09:33:00,24409.7,24412.25,125,24417,100,0,1277300
NIFTY-II.NFO,08/08/2024,09:33:02,24409.7,24411.5,75,24416.95,175,0,1277300
NIFTY-II.NFO,08/08/2024,09:33:03,24409.7,24409.7,25,24413.95,100,0,1277300
NIFTY-II.NFO,08/08/2024,09:33:05,24409.7,24410,25,24414.9,175,0,1277300
NIFTY-II.NFO,08/08/2024,09:33:08,24409.7,24410,100,24413.9,150,0,1277300
NIFTY-II.NFO,08/08/2024,09:33:10,24412.2,24409.7,25,24413.15,175,625,1277300
NIFTY-II.NFO,08/08/2024,09:33:11,24412.2,24409.7,25,24411.25,100,0,1277300
NIFTY-II.NFO,08/08/2024,09:33:13,24409.7,24407.05,150,24412.65,175,25,1277300
NIFTY-II.NFO,08/08/2024,09:33:15,24409.7,24407.05,75,24411.9,175,0,1277300
NIFTY-II.NFO,08/08/2024,09:33:16,24409.7,24407.05,75,24409.1,175,0,1277300
NIFTY-II.NFO,08/08/2024,09:33:18,24409.2,24407.05,75,24411.95,150,25,1277300
NIFTY-II.NFO,08/08/2024,09:33:20,24409.2,24407.05,75,24408.4,150,0,1277300
NIFTY-II.NFO,08/08/2024,09:33:21,24409.2,24407.8,50,24408.25,75,0,1277300
NIFTY-II.NFO,08/08/2024,09:33:23,24406,24405.05,75,24408.25,150,75,1277300
NIFTY-II.NFO,08/08/2024,09:33:25,24406,24406,175,24411.2,75,0,1277300
NIFTY-II.NFO,08/08/2024,09:33:26,24406,24405.05,75,24408.75,100,50,1277300
NIFTY-II.NFO,08/08/2024,09:33:28,24406,24405,550,24406.1,100,0,1277300
NIFTY-II.NFO,08/08/2024,09:33:30,24405,24405,300,24405.15,100,250,1277300
NIFTY-II.NFO,08/08/2024,09:33:31,24403.95,24400.1,75,24403.95,100,325,1277300
NIFTY-II.NFO,08/08/2024,09:33:33,24403.95,24400.8,75,24404.95,25,0,1277300
NIFTY-II.NFO,08/08/2024,09:33:35,24403.95,24401.6,100,24406.25,325,0,1277300
NIFTY-II.NFO,08/08/2024,09:33:36,24403.95,24400.1,75,24404.85,50,0,1277300
NIFTY-II.NFO,08/08/2024,09:33:38,24400.1,24400.05,150,24404.55,250,175,1277300
NIFTY-II.NFO,08/08/2024,09:33:40,24400.05,24400.3,100,24405.45,125,25,1277300
NIFTY-II.NFO,08/08/2024,09:33:41,24402.45,24400.1,75,24402.15,25,500,1277300
NIFTY-II.NFO,08/08/2024,09:33:43,24400,24396.45,175,24401.95,25,400,1278200
NIFTY-II.NFO,08/08/2024,09:33:45,24397.75,24398.35,150,24403.8,25,25,1278200
NIFTY-II.NFO,08/08/2024,09:33:46,24397.75,24398.6,75,24402.9,25,0,1278200
NIFTY-II.NFO,08/08/2024,09:33:48,24397.75,24396.35,175,24400.95,25,0,1278200
NIFTY-II.NFO,08/08/2024,09:33:50,24402.3,24397.6,75,24402.4,125,100,1278200
NIFTY-II.NFO,08/08/2024,09:33:51,24402.3,24397.75,175,24400.05,25,0,1278200
NIFTY-II.NFO,08/08/2024,09:33:53,24402.3,24398.8,175,24400.05,25,0,1278200
NIFTY-II.NFO,08/08/2024,09:33:55,24402.3,24397.45,100,24400.05,25,0,1278200
NIFTY-II.NFO,08/08/2024,09:33:56,24400.05,24400.25,100,24403.95,25,25,1278200
NIFTY-II.NFO,08/08/2024,09:33:58,24400.05,24399.5,175,24403.95,25,0,1278200
NIFTY-II.NFO,08/08/2024,09:34:00,24400.05,24399.3,100,24403.95,25,0,1278200
NIFTY-II.NFO,08/08/2024,09:34:01,24401.95,24395.4,75,24399.95,25,25,1278200
NIFTY-II.NFO,08/08/2024,09:34:03,24395.05,24395,75,24398.95,25,25,1278200
NIFTY-II.NFO,08/08/2024,09:34:05,24395.05,24395.25,100,24398.95,25,0,1278200
NIFTY-II.NFO,08/08/2024,09:34:06,24395.05,24395.35,175,24401.05,25,0,1278200
NIFTY-II.NFO,08/08/2024,09:34:08,24399.05,24395.05,75,24398.45,125,250,1278200
NIFTY-II.NFO,08/08/2024,09:34:10,24399.05,24395.05,100,24398.65,200,0,1278200
NIFTY-II.NFO,08/08/2024,09:34:11,24395,24395,1625,24396.3,50,275,1278200
NIFTY-II.NFO,08/08/2024,09:34:13,24395,24395.05,150,24399.5,100,25,1278200
NIFTY-II.NFO,08/08/2024,09:34:15,24395,24395.05,75,24398.15,250,0,1278200
NIFTY-II.NFO,08/08/2024,09:34:16,24395,24396.35,175,24401,350,0,1278200
NIFTY-II.NFO,08/08/2024,09:34:18,24395,24396.05,150,24401.45,250,0,1278200
NIFTY-II.NFO,08/08/2024,09:34:20,24395,24399.95,175,24403.95,25,0,1278200
NIFTY-II.NFO,08/08/2024,09:34:21,24400,24401.15,75,24405.65,100,550,1278200
NIFTY-II.NFO,08/08/2024,09:34:23,24400,24399.45,175,24404.95,100,0,1278200
NIFTY-II.NFO,08/08/2024,09:34:25,24400,24399.4,175,24404.75,450,0,1278200
NIFTY-II.NFO,08/08/2024,09:34:26,24400,24399.7,75,24403.5,100,0,1278200
NIFTY-II.NFO,08/08/2024,09:34:28,24400,24395.05,75,24398.9,100,0,1278200
NIFTY-II.NFO,08/08/2024,09:34:30,24400,24395.05,150,24399.5,100,0,1278200
NIFTY-II.NFO,08/08/2024,09:34:31,24400,24395.15,100,24399.7,100,0,1278200
NIFTY-II.NFO,08/08/2024,09:34:33,24400,24395.3,75,24398.95,25,0,1278200
NIFTY-II.NFO,08/08/2024,09:34:35,24400,24396.2,75,24400,150,0,1278200
NIFTY-II.NFO,08/08/2024,09:34:36,24400,24396.05,175,24400,150,0,1278200
NIFTY-II.NFO,08/08/2024,09:34:38,24400,24396.55,175,24400,150,0,1278200
NIFTY-II.NFO,08/08/2024,09:34:40,24400,24396.55,75,24399.95,25,100,1278200
NIFTY-II.NFO,08/08/2024,09:34:41,24399.9,24395.25,175,24399.95,25,25,1278200
NIFTY-II.NFO,08/08/2024,09:34:43,24399.9,24397.45,175,24400,75,0,1278200
NIFTY-II.NFO,08/08/2024,09:34:45,24397.2,24397.2,100,24400,75,500,1278200
NIFTY-II.NFO,08/08/2024,09:34:46,24397.2,24396.3,100,24400,75,0,1278200
NIFTY-II.NFO,08/08/2024,09:34:48,24399.05,24399,500,24400,50,100,1278200
NIFTY-II.NFO,08/08/2024,09:34:50,24399.05,24399.05,75,24400,50,0,1278200
NIFTY-II.NFO,08/08/2024,09:34:51,24399.05,24399.9,25,24400,50,0,1278200
NIFTY-II.NFO,08/08/2024,09:34:53,24399,24399,150,24399.2,50,375,1278200
NIFTY-II.NFO,08/08/2024,09:34:55,24399,24399,50,24399.4,250,100,1278200
NIFTY-II.NFO,08/08/2024,09:34:56,24399,24399,50,24400,50,0,1278200
NIFTY-II.NFO,08/08/2024,09:34:58,24399,24395.1,250,24399.55,100,50,1278200
NIFTY-II.NFO,08/08/2024,09:35:00,24399,24395.2,75,24399.55,100,0,1278200
NIFTY-II.NFO,08/08/2024,09:35:01,24399,24395.05,75,24398.95,175,0,1278200
NIFTY-II.NFO,08/08/2024,09:35:03,24398.3,24395.05,75,24398.75,300,300,1278200
NIFTY-II.NFO,08/08/2024,09:35:05,24395.05,24395.05,50,24397.1,75,25,1278200
NIFTY-II.NFO,08/08/2024,09:35:06,24395,24395,2275,24395.05,200,1150,1278200
NIFTY-II.NFO,08/08/2024,09:35:08,24392.9,24392.9,25,24393.6,200,3100,1278200
NIFTY-II.NFO,08/08/2024,09:35:10,24390,24390,1050,24392.1,100,125,1278200
NIFTY-II.NFO,08/08/2024,09:35:11,24390,24382.9,175,24386.95,25,1050,1278200
NIFTY-II.NFO,08/08/2024,09:35:13,24383.95,24382.6,175,24384.75,25,25,1278200
NIFTY-II.NFO,08/08/2024,09:35:15,24384.75,24386.95,175,24392.2,225,25,1278200
NIFTY-II.NFO,08/08/2024,09:35:17,24384.75,24387.9,250,24393,50,0,1278200
NIFTY-II.NFO,08/08/2024,09:35:18,24386.05,24386.05,50,24390.85,325,25,1278200
NIFTY-II.NFO,08/08/2024,09:35:20,24386.05,24386.05,125,24390.45,100,0,1278200
NIFTY-II.NFO,08/08/2024,09:35:22,24386.05,24386.05,50,24388.95,50,0,1278200
NIFTY-II.NFO,08/08/2024,09:35:23,24386.05,24381.95,75,24385.95,25,25,1278200
NIFTY-II.NFO,08/08/2024,09:35:25,24386.05,24381,25,24384.9,200,0,1278200
NIFTY-II.NFO,08/08/2024,09:35:27,24386.05,24382.85,150,24386.9,225,0,1278200
NIFTY-II.NFO,08/08/2024,09:35:28,24386.05,24381.1,125,24385.35,250,0,1278200
NIFTY-II.NFO,08/08/2024,09:35:30,24386.05,24381.1,75,24384,50,0,1278200
NIFTY-II.NFO,08/08/2024,09:35:32,24380.05,24380.05,50,24381.35,100,275,1278200
NIFTY-II.NFO,08/08/2024,09:35:33,24380.05,24380.05,50,24383.8,100,0,1278200
NIFTY-II.NFO,08/08/2024,09:35:35,24380.05,24381,75,24383.9,75,0,1278200
NIFTY-II.NFO,08/08/2024,09:35:37,24380.05,24381,75,24382.8,100,0,1278200
NIFTY-II.NFO,08/08/2024,09:35:38,24375.05,24377.1,50,24380.95,25,375,1278200
NIFTY-II.NFO,08/08/2024,09:35:40,24380.85,24376.75,250,24381.45,200,250,1278200
NIFTY-II.NFO,08/08/2024,09:35:42,24380.05,24378.3,100,24380.05,175,25,1278200
NIFTY-II.NFO,08/08/2024,09:35:43,24380.05,24378.65,75,24380.05,175,0,1278200
NIFTY-II.NFO,08/08/2024,09:35:45,24376.95,24375.3,75,24379.9,100,50,1278200
NIFTY-II.NFO,08/08/2024,09:35:47,24380,24375.2,75,24378.9,225,25,1278200
NIFTY-II.NFO,08/08/2024,09:35:48,24380,24375.2,75,24377.85,100,0,1278200
NIFTY-II.NFO,08/08/2024,09:35:50,24375.2,24375.05,75,24379.25,175,50,1278200
NIFTY-II.NFO,08/08/2024,09:35:52,24375.05,24375.05,25,24378.35,200,50,1278200
NIFTY-II.NFO,08/08/2024,09:35:53,24375,24375,50,24378.95,100,175,1278200
NIFTY-II.NFO,08/08/2024,09:35:55,24375,24375,75,24378.9,100,0,1278200
NIFTY-II.NFO,08/08/2024,09:35:57,24371,24370.1,475,24371.55,175,400,1278200
NIFTY-II.NFO,08/08/2024,09:35:58,24366,24365.05,50,24366.05,125,1500,1278200
NIFTY-II.NFO,08/08/2024,09:36:00,24366,24365.15,75,24368.75,25,0,1278200
NIFTY-II.NFO,08/08/2024,09:36:02,24364,24363.3,25,24366.9,100,550,1278200
NIFTY-II.NFO,08/08/2024,09:36:03,24364,24368.2,175,24371.85,75,0,1278200
NIFTY-II.NFO,08/08/2024,09:36:05,24367.95,24367,50,24368.95,25,300,1278200
NIFTY-II.NFO,08/08/2024,09:36:07,24370.95,24369.25,375,24371.95,25,25,1278200
NIFTY-II.NFO,08/08/2024,09:36:08,24370.9,24366.15,25,24370.65,175,25,1278200
NIFTY-II.NFO,08/08/2024,09:36:10,24370.9,24366.55,50,24370.95,25,0,1278200
NIFTY-II.NFO,08/08/2024,09:36:12,24369,24366.2,125,24370.95,25,50,1278200
NIFTY-II.NFO,08/08/2024,09:36:13,24366.15,24364.75,300,24368.95,25,150,1278200
NIFTY-II.NFO,08/08/2024,09:36:15,24366.15,24364.8,125,24369.95,25,0,1278200
NIFTY-II.NFO,08/08/2024,09:36:16,24365.55,24364.8,125,24369.95,25,25,1278200
NIFTY-II.NFO,08/08/2024,09:36:18,24370.85,24367.95,25,24370.85,175,25,1278200
NIFTY-II.NFO,08/08/2024,09:36:20,24370.85,24368,125,24370.9,25,0,1278200
NIFTY-II.NFO,08/08/2024,09:36:21,24370.85,24369.55,50,24370.9,25,0,1278200
NIFTY-II.NFO,08/08/2024,09:36:23,24370.9,24371.8,50,24377.05,100,25,1278200
NIFTY-II.NFO,08/08/2024,09:36:25,24369.7,24369.7,50,24374.85,125,250,1278200
NIFTY-II.NFO,08/08/2024,09:36:26,24369.7,24367.95,25,24371.95,25,0,1278200
NIFTY-II.NFO,08/08/2024,09:36:28,24371.1,24366.4,100,24371.6,175,125,1278200
NIFTY-II.NFO,08/08/2024,09:36:30,24371.1,24366.25,25,24371.1,100,0,1278200
NIFTY-II.NFO,08/08/2024,09:36:31,24370.3,24366.9,25,24368.6,100,50,1278200
NIFTY-II.NFO,08/08/2024,09:36:33,24366.9,24366.15,75,24366.6,100,50,1278200
NIFTY-II.NFO,08/08/2024,09:36:35,24366,24365.05,75,24366.4,100,100,1278200
NIFTY-II.NFO,08/08/2024,09:36:36,24366,24365.05,75,24367.25,100,0,1278200
NIFTY-II.NFO,08/08/2024,09:36:38,24365.9,24363.3,25,24365.1,75,75,1278200
NIFTY-II.NFO,08/08/2024,09:36:40,24360,24360,450,24363.9,100,525,1278200
NIFTY-II.NFO,08/08/2024,09:36:40,24360,24360,450,24363.9,100,0,1278200
NIFTY-II.NFO,08/08/2024,09:36:41,24362.75,24360,450,24362.8,100,75,1278200
NIFTY-II.NFO,08/08/2024,09:36:43,24357.35,24355.15,75,24357.15,75,800,1281750
NIFTY-II.NFO,08/08/2024,09:36:43,24355.1,24355.15,75,24357.15,75,0,1281750
NIFTY-II.NFO,08/08/2024,09:36:45,24355,24356.5,350,24361.55,25,325,1281750
NIFTY-II.NFO,08/08/2024,09:36:45,24355,24356.5,350,24361.55,25,0,1281750
NIFTY-II.NFO,08/08/2024,09:36:47,24361.05,24357.55,50,24360.95,25,100,1281750
NIFTY-II.NFO,08/08/2024,09:36:48,24356.25,24356.8,50,24360.85,100,200,1281750
NIFTY-II.NFO,08/08/2024,09:36:50,24358.05,24356.25,300,24360.7,175,75,1281750
NIFTY-II.NFO,08/08/2024,09:36:52,24358.5,24356.75,300,24359.55,50,50,1281750
NIFTY-II.NFO,08/08/2024,09:36:53,24360.9,24358.95,75,24360.9,75,25,1281750
NIFTY-II.NFO,08/08/2024,09:36:55,24360.9,24355.65,25,24359.8,425,75,1281750
NIFTY-II.NFO,08/08/2024,09:36:57,24359.95,24356.75,75,24359.95,25,25,1281750
NIFTY-II.NFO,08/08/2024,09:36:58,24363.5,24358.45,100,24362.95,25,75,1281750
NIFTY-II.NFO,08/08/2024,09:37:00,24362.9,24359.95,25,24361.15,125,25,1281750
NIFTY-II.NFO,08/08/2024,09:37:02,24361.05,24355.25,275,24359.9,100,50,1281750
NIFTY-II.NFO,08/08/2024,09:37:03,24361.05,24360.4,150,24364.3,275,0,1281750
NIFTY-II.NFO,08/08/2024,09:37:05,24363.95,24359.55,100,24363.95,50,400,1281750
NIFTY-II.NFO,08/08/2024,09:37:07,24363.95,24360.15,150,24364.5,75,0,1281750
NIFTY-II.NFO,08/08/2024,09:37:08,24359.9,24359.25,125,24364.4,50,200,1281750
NIFTY-II.NFO,08/08/2024,09:37:10,24359.9,24361.15,50,24365.95,100,0,1281750
NIFTY-II.NFO,08/08/2024,09:37:12,24359.9,24362.1,125,24366.9,100,0,1281750
NIFTY-II.NFO,08/08/2024,09:37:13,24359.9,24366.05,175,24370,75,0,1281750
NIFTY-II.NFO,08/08/2024,09:37:15,24370,24367.7,125,24370,50,25,1281750
NIFTY-II.NFO,08/08/2024,09:37:16,24366.4,24366.25,50,24370,50,375,1281750
NIFTY-II.NFO,08/08/2024,09:37:18,24370,24367.1,50,24372.6,100,75,1281750
NIFTY-II.NFO,08/08/2024,09:37:20,24371.3,24365.55,25,24370,25,25,1281750
NIFTY-II.NFO,08/08/2024,09:37:21,24371.3,24363.05,25,24368.4,100,0,1281750
NIFTY-II.NFO,08/08/2024,09:37:23,24364.75,24365.9,75,24370,50,25,1281750
NIFTY-II.NFO,08/08/2024,09:37:25,24370,24371.5,350,24374.8,25,50,1281750
NIFTY-II.NFO,08/08/2024,09:37:26,24370,24373.55,75,24377.25,50,0,1281750
NIFTY-II.NFO,08/08/2024,09:37:28,24370,24371.8,50,24377.4,50,0,1281750
NIFTY-II.NFO,08/08/2024,09:37:30,24373.2,24370.45,50,24377,125,25,1281750
NIFTY-II.NFO,08/08/2024,09:37:31,24373.2,24371.15,75,24376.8,50,0,1281750
NIFTY-II.NFO,08/08/2024,09:37:33,24373.2,24371,75,24376.6,125,0,1281750
NIFTY-II.NFO,08/08/2024,09:37:35,24375.95,24372.4,100,24377.4,225,425,1281750
NIFTY-II.NFO,08/08/2024,09:37:36,24377.7,24373.95,50,24378.95,150,100,1281750
NIFTY-II.NFO,08/08/2024,09:37:38,24372.45,24370.15,150,24376.65,125,125,1281750
NIFTY-II.NFO,08/08/2024,09:37:40,24372.45,24372.6,100,24377.9,50,0,1281750
NIFTY-II.NFO,08/08/2024,09:37:41,24373.2,24372.3,100,24377.75,50,25,1281750
NIFTY-II.NFO,08/08/2024,09:37:43,24378,24371.85,100,24377.2,125,100,1281750
NIFTY-II.NFO,08/08/2024,09:37:45,24378,24371.1,175,24376.1,50,0,1281750
NIFTY-II.NFO,08/08/2024,09:37:46,24378,24371.8,100,24377.25,125,0,1281750
NIFTY-II.NFO,08/08/2024,09:37:48,24378,24371.2,175,24377.1,125,0,1281750
NIFTY-II.NFO,08/08/2024,09:37:50,24378,24370.75,100,24376.5,125,0,1281750
NIFTY-II.NFO,08/08/2024,09:37:51,24378,24370.05,75,24373.75,125,0,1281750
NIFTY-II.NFO,08/08/2024,09:37:53,24378,24370.05,75,24374.55,125,0,1281750
NIFTY-II.NFO,08/08/2024,09:37:55,24373,24370.05,75,24372.85,225,25,1281750
NIFTY-II.NFO,08/08/2024,09:37:56,24372.85,24370.05,75,24373.5,150,25,1281750
NIFTY-II.NFO,08/08/2024,09:37:58,24373.5,24370.05,150,24373.9,25,25,1281750
NIFTY-II.NFO,08/08/2024,09:38:00,24373.5,24371.15,75,24375.9,100,0,1281750
NIFTY-II.NFO,08/08/2024,09:38:01,24373.5,24372.85,25,24376.55,125,0,1281750
NIFTY-II.NFO,08/08/2024,09:38:03,24373.5,24372.85,25,24374.7,300,0,1281750
NIFTY-II.NFO,08/08/2024,09:38:05,24373.5,24372.85,25,24374.7,375,0,1281750
NIFTY-II.NFO,08/08/2024,09:38:06,24374.7,24372.85,25,24373.95,100,200,1281750
NIFTY-II.NFO,08/08/2024,09:38:08,24372.85,24370.1,75,24372.75,175,25,1281750
NIFTY-II.NFO,08/08/2024,09:38:10,24373.45,24370.1,75,24373.7,375,100,1281750
NIFTY-II.NFO,08/08/2024,09:38:11,24373.45,24370.15,50,24375.35,100,0,1281750
NIFTY-II.NFO,08/08/2024,09:38:13,24373.45,24371.05,50,24375.75,300,0,1281750
NIFTY-II.NFO,08/08/2024,09:38:15,24373.45,24370.15,50,24375.1,100,0,1281750
NIFTY-II.NFO,08/08/2024,09:38:16,24373.45,24370.1,75,24373.55,100,0,1281750
NIFTY-II.NFO,08/08/2024,09:38:18,24373.45,24370.1,175,24373.55,100,0,1281750
NIFTY-II.NFO,08/08/2024,09:38:19,24373.55,24375.25,75,24379.75,25,125,1281750
NIFTY-II.NFO,08/08/2024,09:38:21,24373.55,24373.4,175,24378.95,25,0,1281750
NIFTY-II.NFO,08/08/2024,09:38:23,24373.55,24370.9,100,24376.2,100,0,1281750
NIFTY-II.NFO,08/08/2024,09:38:24,24373.55,24374.45,75,24378.4,50,0,1281750
NIFTY-II.NFO,08/08/2024,09:38:26,24373.55,24373.35,75,24378.25,100,0,1281750
NIFTY-II.NFO,08/08/2024,09:38:28,24373.55,24373.35,75,24378.5,100,0,1281750
NIFTY-II.NFO,08/08/2024,09:38:29,24373.55,24374.2,175,24379.05,25,0,1281750
NIFTY-II.NFO,08/08/2024,09:38:31,24373.55,24373.85,100,24378.4,75,0,1281750
NIFTY-II.NFO,08/08/2024,09:38:33,24373.55,24375.05,175,24380,25,0,1281750
NIFTY-II.NFO,08/08/2024,09:38:34,24373.55,24376.95,175,24380.35,50,0,1281750
NIFTY-II.NFO,08/08/2024,09:38:36,24373.55,24375.55,175,24380.65,125,0,1281750
NIFTY-II.NFO,08/08/2024,09:38:38,24373.55,24375.4,100,24380.55,50,0,1281750
NIFTY-II.NFO,08/08/2024,09:38:39,24373.55,24375.75,175,24380.5,50,0,1281750
NIFTY-II.NFO,08/08/2024,09:38:41,24373.55,24376.35,175,24380.85,25,0,1281750
NIFTY-II.NFO,08/08/2024,09:38:43,24373.55,24376.55,175,24381,25,0,1281750
NIFTY-II.NFO,08/08/2024,09:38:44,24373.55,24377.6,100,24382.6,50,0,1281750
NIFTY-II.NFO,08/08/2024,09:38:46,24373.55,24376.9,175,24382.3,100,0,1281750
NIFTY-II.NFO,08/08/2024,09:38:48,24373.55,24377.3,175,24381.8,150,0,1281750
NIFTY-II.NFO,08/08/2024,09:38:49,24382,24378.45,75,24382.8,175,75,1281750
NIFTY-II.NFO,08/08/2024,09:38:51,24382,24378.15,175,24383.4,50,0,1281750
NIFTY-II.NFO,08/08/2024,09:38:53,24384,24379.7,100,24384.95,50,25,1281750
NIFTY-II.NFO,08/08/2024,09:38:54,24384,24380.3,100,24385.95,50,0,1281750
NIFTY-II.NFO,08/08/2024,09:38:56,24386.1,24381.15,50,24386.25,100,25,1281750
NIFTY-II.NFO,08/08/2024,09:38:58,24386.1,24381.7,50,24386.6,25,0,1281750
NIFTY-II.NFO,08/08/2024,09:38:59,24382.25,24379.5,75,24385.2,100,25,1281750
NIFTY-II.NFO,08/08/2024,09:39:01,24382.25,24382,25,24386.1,25,0,1281750
NIFTY-II.NFO,08/08/2024,09:39:03,24382.25,24382,25,24384.3,175,0,1281750
NIFTY-II.NFO,08/08/2024,09:39:04,24382,24380.1,75,24382.2,125,25,1281750
NIFTY-II.NFO,08/08/2024,09:39:06,24382.25,24380.1,75,24382.5,300,100,1281750
NIFTY-II.NFO,08/08/2024,09:39:08,24382.25,24380.3,75,24382.5,300,0,1281750
NIFTY-II.NFO,08/08/2024,09:39:09,24382.25,24380.25,50,24382.3,300,0,1281750
NIFTY-II.NFO,08/08/2024,09:39:11,24380.3,24380.3,25,24381.4,200,50,1281750
NIFTY-II.NFO,08/08/2024,09:39:13,24378.1,24373.85,100,24378.85,350,625,1281750
NIFTY-II.NFO,08/08/2024,09:39:14,24373.5,24375.8,25,24376.5,25,25,1281750
NIFTY-II.NFO,08/08/2024,09:39:16,24373.5,24375.8,25,24377.85,25,0,1281750
NIFTY-II.NFO,08/08/2024,09:39:18,24373.5,24377.9,125,24383.25,25,0,1281750
NIFTY-II.NFO,08/08/2024,09:39:19,24373.5,24379.9,150,24383.45,50,0,1281750
NIFTY-II.NFO,08/08/2024,09:39:21,24373.5,24381.3,75,24386,50,0,1281750
NIFTY-II.NFO,08/08/2024,09:39:23,24385.4,24380.75,75,24385.45,25,25,1281750
NIFTY-II.NFO,08/08/2024,09:39:24,24382.7,24380.95,75,24385.35,25,25,1281750
NIFTY-II.NFO,08/08/2024,09:39:26,24381.55,24382.95,125,24386.85,75,25,1281750
NIFTY-II.NFO,08/08/2024,09:39:27,24381.55,24381.75,150,24386.85,75,0,1281750
NIFTY-II.NFO,08/08/2024,09:39:29,24381.55,24381.75,75,24386.5,325,0,1281750
NIFTY-II.NFO,08/08/2024,09:39:31,24381.55,24381.85,75,24385.4,25,0,1281750
NIFTY-II.NFO,08/08/2024,09:39:32,24382.75,24382.75,50,24386.5,300,25,1281750
NIFTY-II.NFO,08/08/2024,09:39:34,24382.75,24382.1,75,24386.5,300,0,1281750
NIFTY-II.NFO,08/08/2024,09:39:36,24382.75,24381.95,75,24385.55,25,0,1281750
NIFTY-II.NFO,08/08/2024,09:39:37,24382.75,24380.4,50,24384.25,25,0,1281750
NIFTY-II.NFO,08/08/2024,09:39:39,24382.75,24381.55,75,24384.9,25,0,1281750
NIFTY-II.NFO,08/08/2024,09:39:41,24384.9,24382.75,75,24384.9,50,50,1281750
NIFTY-II.NFO,08/08/2024,09:39:42,24384.9,24382.75,175,24384.5,25,0,1281750
NIFTY-II.NFO,08/08/2024,09:39:44,24382.75,24382.75,75,24383.4,125,325,1284350
NIFTY-II.NFO,08/08/2024,09:39:46,24382.75,24382.8,75,24384.9,300,0,1284350
NIFTY-II.NFO,08/08/2024,09:39:47,24382.75,24382.8,75,24384.1,250,0,1284350
NIFTY-II.NFO,08/08/2024,09:39:49,24382.75,24382.8,75,24384.15,500,0,1284350
NIFTY-II.NFO,08/08/2024,09:39:51,24382.8,24382.8,75,24383.85,300,25,1284350
NIFTY-II.NFO,08/08/2024,09:39:52,24382.75,24382.75,50,24384.9,300,100,1284350
NIFTY-II.NFO,08/08/2024,09:39:54,24384.8,24380.4,75,24382.8,300,50,1284350
NIFTY-II.NFO,08/08/2024,09:39:56,24384.8,24380,25,24382.55,375,0,1284350
NIFTY-II.NFO,08/08/2024,09:39:57,24384.8,24380.45,75,24383.85,300,0,1284350
NIFTY-II.NFO,08/08/2024,09:39:59,24384.8,24380.45,75,24383.85,325,0,1284350
NIFTY-II.NFO,08/08/2024,09:40:01,24380.4,24380.45,25,24383.85,325,150,1284350
NIFTY-II.NFO,08/08/2024,09:40:02,24380.4,24380.45,25,24382.8,25,0,1284350
NIFTY-II.NFO,08/08/2024,09:40:04,24380.4,24381.25,100,24382.8,25,0,1284350
NIFTY-II.NFO,08/08/2024,09:40:06,24380.4,24381,100,24382.8,25,0,1284350
NIFTY-II.NFO,08/08/2024,09:40:07,24380.4,24380.9,100,24382.8,25,0,1284350
NIFTY-II.NFO,08/08/2024,09:40:09,24382.8,24386.4,100,24391.2,300,25,1284350
NIFTY-II.NFO,08/08/2024,09:40:11,24390.7,24386.1,175,24390.9,125,50,1284350
NIFTY-II.NFO,08/08/2024,09:40:12,24385.35,24386.45,75,24390.5,25,75,1284350
NIFTY-II.NFO,08/08/2024,09:40:14,24391.15,24386.55,50,24390.05,250,350,1284350
NIFTY-II.NFO,08/08/2024,09:40:16,24386.6,24388.8,75,24392.8,275,25,1284350
NIFTY-II.NFO,08/08/2024,09:40:17,24386.6,24388.1,75,24392,300,0,1284350
NIFTY-II.NFO,08/08/2024,09:40:19,24386.6,24384.95,100,24390.15,125,0,1284350
NIFTY-II.NFO,08/08/2024,09:40:21,24386.6,24383.9,100,24388.6,300,0,1284350
NIFTY-II.NFO,08/08/2024,09:40:22,24386.6,24387.2,50,24391.7,25,0,1284350
NIFTY-II.NFO,08/08/2024,09:40:24,24386.6,24386.75,50,24391.8,325,0,1284350
NIFTY-II.NFO,08/08/2024,09:40:26,24387.5,24386.9,100,24391.8,300,75,1284350
NIFTY-II.NFO,08/08/2024,09:40:27,24387.5,24387.6,50,24391.8,300,0,1284350
NIFTY-II.NFO,08/08/2024,09:40:29,24387.5,24386.35,175,24390,25,0,1284350
NIFTY-II.NFO,08/08/2024,09:40:31,24387.5,24386.75,175,24390,25,0,1284350
NIFTY-II.NFO,08/08/2024,09:40:32,24387.5,24385.35,100,24387.75,25,0,1284350
NIFTY-II.NFO,08/08/2024,09:40:34,24387.5,24385.8,100,24387.75,25,0,1284350
NIFTY-II.NFO,08/08/2024,09:40:36,24387.5,24387.55,75,24387.75,25,0,1284350
NIFTY-II.NFO,08/08/2024,09:40:37,24387.55,24387.55,50,24387.75,25,25,1284350
NIFTY-II.NFO,08/08/2024,09:40:39,24387.55,24387.55,75,24389.45,125,25,1284350
NIFTY-II.NFO,08/08/2024,09:40:40,24387.5,24382.25,175,24385,25,125,1284350
NIFTY-II.NFO,08/08/2024,09:40:42,24388.35,24384.05,100,24387.55,25,300,1284350
NIFTY-II.NFO,08/08/2024,09:40:44,24388.35,24385.5,75,24388.95,100,0,1284350
NIFTY-II.NFO,08/08/2024,09:40:45,24383.45,24382.95,175,24388.3,25,25,1284350
NIFTY-II.NFO,08/08/2024,09:40:47,24383.25,24383.55,150,24388.3,25,25,1284350
NIFTY-II.NFO,08/08/2024,09:40:49,24383.25,24381.6,100,24386.95,25,0,1284350
NIFTY-II.NFO,08/08/2024,09:40:50,24385,24383.05,25,24386.3,25,125,1284350
NIFTY-II.NFO,08/08/2024,09:40:52,24385,24383.5,175,24386.3,25,0,1284350
NIFTY-II.NFO,08/08/2024,09:40:54,24384.05,24382.1,100,24385.6,275,100,1284350
NIFTY-II.NFO,08/08/2024,09:40:55,24384.05,24385.5,75,24389.55,50,0,1284350
NIFTY-II.NFO,08/08/2024,09:40:57,24389.55,24384.45,75,24389.4,125,25,1284350
NIFTY-II.NFO,08/08/2024,09:40:59,24389.7,24385.05,25,24389.8,625,75,1284350
NIFTY-II.NFO,08/08/2024,09:41:00,24389.55,24386.1,50,24389.55,25,75,1284350
NIFTY-II.NFO,08/08/2024,09:41:02,24389.55,24389.35,75,24392.8,275,50,1284350
NIFTY-II.NFO,08/08/2024,09:41:04,24393.3,24391.35,75,24393.8,275,50,1284350
NIFTY-II.NFO,08/08/2024,09:41:05,24390.1,24389.55,25,24390.85,300,25,1284350
NIFTY-II.NFO,08/08/2024,09:41:07,24394.25,24391.55,100,24394.4,250,75,1284350
NIFTY-II.NFO,08/08/2024,09:41:09,24394.25,24391.4,75,24394.85,50,0,1284350
NIFTY-II.NFO,08/08/2024,09:41:10,24395.1,24394.1,100,24395.95,25,150,1284350
NIFTY-II.NFO,08/08/2024,09:41:12,24395.1,24393.05,100,24395.95,25,0,1284350
NIFTY-II.NFO,08/08/2024,09:41:13,24395.95,24395.1,25,24397.3,300,25,1284350
NIFTY-II.NFO,08/08/2024,09:41:15,24395.95,24395.1,25,24397.35,50,0,1284350
NIFTY-II.NFO,08/08/2024,09:41:17,24398.8,24395.1,25,24398.75,300,675,1284350
NIFTY-II.NFO,08/08/2024,09:41:18,24395.95,24392.8,75,24397.4,125,50,1284350
NIFTY-II.NFO,08/08/2024,09:41:20,24396,24389.55,25,24392.6,200,25,1284350
NIFTY-II.NFO,08/08/2024,09:41:22,24396,24390,25,24391.7,400,0,1284350
NIFTY-II.NFO,08/08/2024,09:41:23,24396,24390,25,24391.7,275,0,1284350
NIFTY-II.NFO,08/08/2024,09:41:25,24389.55,24384.75,175,24390.05,50,50,1284350
NIFTY-II.NFO,08/08/2024,09:41:27,24389.55,24384.75,175,24389.4,300,0,1284350
NIFTY-II.NFO,08/08/2024,09:41:28,24389.55,24383.7,225,24388.25,275,0,1284350
NIFTY-II.NFO,08/08/2024,09:41:30,24389.55,24387.05,25,24390.45,125,0,1284350
NIFTY-II.NFO,08/08/2024,09:41:32,24389.55,24382.8,100,24388.25,125,0,1284350
NIFTY-II.NFO,08/08/2024,09:41:33,24389.55,24383.65,250,24388.8,275,0,1284350
NIFTY-II.NFO,08/08/2024,09:41:35,24389.55,24384.6,100,24389.6,50,0,1284350
NIFTY-II.NFO,08/08/2024,09:41:37,24389.55,24383.55,75,24388.2,125,0,1284350
NIFTY-II.NFO,08/08/2024,09:41:38,24389.55,24384.1,75,24388.6,275,0,1284350
NIFTY-II.NFO,08/08/2024,09:41:40,24389.55,24383.7,100,24388.35,50,0,1284350
NIFTY-II.NFO,08/08/2024,09:41:42,24389.55,24385.4,175,24389.65,250,0,1284350
NIFTY-II.NFO,08/08/2024,09:41:43,24389.55,24387.95,100,24392.4,25,0,1284350
NIFTY-II.NFO,08/08/2024,09:41:45,24389.55,24390.35,125,24394.8,50,0,1284350
NIFTY-II.NFO,08/08/2024,09:41:47,24389.55,24390.85,75,24394.8,75,0,1284350
NIFTY-II.NFO,08/08/2024,09:41:48,24389.55,24390.6,75,24394.8,75,0,1284350
NIFTY-II.NFO,08/08/2024,09:41:50,24394.8,24391.5,125,24395.35,275,50,1284350
NIFTY-II.NFO,08/08/2024,09:41:52,24392.2,24392.55,75,24396.65,150,150,1284350
NIFTY-II.NFO,08/08/2024,09:41:53,24392.2,24391.9,75,24396.15,125,0,1284350
NIFTY-II.NFO,08/08/2024,09:41:55,24392.2,24388.75,100,24394.3,400,0,1284350
NIFTY-II.NFO,08/08/2024,09:41:57,24392.2,24390.7,50,24395.35,275,0,1284350
NIFTY-II.NFO,08/08/2024,09:41:58,24392.2,24392.6,75,24396.5,350,0,1284350
NIFTY-II.NFO,08/08/2024,09:42:00,24392.2,24389.4,175,24394.3,275,25,1284350
NIFTY-II.NFO,08/08/2024,09:42:02,24393.65,24389.15,175,24394.25,75,25,1284350
NIFTY-II.NFO,08/08/2024,09:42:03,24393.65,24389.15,50,24393.3,50,0,1284350
NIFTY-II.NFO,08/08/2024,09:42:05,24393.65,24389.8,100,24394.25,325,0,1284350
NIFTY-II.NFO,08/08/2024,09:42:07,24393.65,24391,25,24393.8,25,0,1284350
NIFTY-II.NFO,08/08/2024,09:42:08,24393.65,24391,25,24392.15,350,0,1284350
NIFTY-II.NFO,08/08/2024,09:42:10,24391,24389.15,25,24392.15,350,25,1284350
NIFTY-II.NFO,08/08/2024,09:42:11,24391,24389.15,25,24393.15,350,0,1284350
NIFTY-II.NFO,08/08/2024,09:42:13,24391,24389.15,25,24392.85,100,0,1284350
NIFTY-II.NFO,08/08/2024,09:42:15,24391,24389.35,75,24393.15,75,0,1284350
NIFTY-II.NFO,08/08/2024,09:42:16,24391,24390.05,25,24394.05,275,0,1284350
NIFTY-II.NFO,08/08/2024,09:42:18,24391,24391.4,75,24394.7,50,0,1284350
NIFTY-II.NFO,08/08/2024,09:42:20,24391,24392.25,75,24395.35,75,0,1284350
NIFTY-II.NFO,08/08/2024,09:42:21,24391,24391.85,75,24396.5,75,0,1284350
NIFTY-II.NFO,08/08/2024,09:42:23,24391,24393.8,50,24397.75,75,0,1284350
NIFTY-II.NFO,08/08/2024,09:42:24,24391,24391.55,100,24396.5,350,0,1284350
NIFTY-II.NFO,08/08/2024,09:42:26,24392.2,24392.2,50,24395.65,150,25,1284350
NIFTY-II.NFO,08/08/2024,09:42:28,24392.2,24392.2,50,24395.65,50,0,1284350
NIFTY-II.NFO,08/08/2024,09:42:31,24392.2,24392.6,150,24396.35,100,0,1284350
NIFTY-II.NFO,08/08/2024,09:42:33,24392.2,24392.85,75,24396.35,400,0,1284350
NIFTY-II.NFO,08/08/2024,09:42:34,24392.2,24392.75,50,24396.35,50,0,1284350
NIFTY-II.NFO,08/08/2024,09:42:36,24396.35,24394.35,75,24397.5,50,50,1284350
NIFTY-II.NFO,08/08/2024,09:42:38,24396.35,24394.65,50,24398.4,300,0,1284350
NIFTY-II.NFO,08/08/2024,09:42:39,24396.35,24396.85,50,24399.95,25,0,1284350
NIFTY-II.NFO,08/08/2024,09:42:41,24396.35,24393.65,175,24397.85,50,0,1284350
NIFTY-II.NFO,08/08/2024,09:42:43,24399.7,24395.55,50,24399.85,50,75,1284350
NIFTY-II.NFO,08/08/2024,09:42:44,24399.7,24394.05,125,24398.9,200,0,1284350
NIFTY-II.NFO,08/08/2024,09:42:46,24399.7,24394.35,50,24399.15,275,0,1284350
NIFTY-II.NFO,08/08/2024,09:42:47,24399.7,24394.3,175,24399.15,300,0,1284350
NIFTY-II.NFO,08/08/2024,09:42:49,24394.45,24394.35,100,24396.35,200,25,1285700
NIFTY-II.NFO,08/08/2024,09:42:51,24394.45,24393.4,175,24396.35,200,0,1285700
NIFTY-II.NFO,08/08/2024,09:42:52,24394.45,24394.15,75,24396.35,200,0,1285700
NIFTY-II.NFO,08/08/2024,09:42:54,24396.35,24394.45,100,24399.9,125,200,1285700
NIFTY-II.NFO,08/08/2024,09:42:56,24396.35,24395.8,175,24399.95,25,0,1285700
NIFTY-II.NFO,08/08/2024,09:42:57,24396.35,24397.3,100,24399.95,25,0,1285700
NIFTY-II.NFO,08/08/2024,09:42:59,24396.35,24394.6,100,24399.9,125,0,1285700
NIFTY-II.NFO,08/08/2024,09:43:01,24396.35,24395.05,100,24399.95,25,0,1285700
NIFTY-II.NFO,08/08/2024,09:43:02,24396.35,24394.3,75,24399.55,50,0,1285700
NIFTY-II.NFO,08/08/2024,09:43:04,24396.35,24394.05,75,24398.75,250,0,1285700
NIFTY-II.NFO,08/08/2024,09:43:06,24396.35,24394.05,75,24397.6,125,0,1285700
NIFTY-II.NFO,08/08/2024,09:43:07,24396.35,24394.05,75,24398.8,75,0,1285700
NIFTY-II.NFO,08/08/2024,09:43:09,24396.35,24396.05,25,24399.95,25,0,1285700
NIFTY-II.NFO,08/08/2024,09:43:11,24396.35,24394.45,75,24399.35,50,0,1285700
NIFTY-II.NFO,08/08/2024,09:43:12,24396.35,24395.7,175,24399.95,25,0,1285700
NIFTY-II.NFO,08/08/2024,09:43:14,24396.35,24396.35,25,24399.9,175,0,1285700
NIFTY-II.NFO,08/08/2024,09:43:16,24396.35,24396.4,100,24399.95,25,0,1285700
NIFTY-II.NFO,08/08/2024,09:43:17,24400,24398.6,75,24400,150,175,1285700
NIFTY-II.NFO,08/08/2024,09:43:19,24400,24399.4,100,24400,150,0,1285700
NIFTY-II.NFO,08/08/2024,09:43:21,24400,24398.95,100,24400,150,0,1285700
NIFTY-II.NFO,08/08/2024,09:43:22,24398.25,24397,175,24400,150,100,1285700
NIFTY-II.NFO,08/08/2024,09:43:24,24398.25,24397,100,24400,150,0,1285700
NIFTY-II.NFO,08/08/2024,09:43:26,24398.25,24397.8,100,24400,150,0,1285700
NIFTY-II.NFO,08/08/2024,09:43:27,24398.25,24398.2,250,24400,150,0,1285700
NIFTY-II.NFO,08/08/2024,09:43:29,24400,24397.6,75,24400,125,25,1285700
NIFTY-II.NFO,08/08/2024,09:43:31,24400,24396.4,75,24400,125,0,1285700
NIFTY-II.NFO,08/08/2024,09:43:32,24400,24396.4,75,24399.4,100,0,1285700
NIFTY-II.NFO,08/08/2024,09:43:34,24400,24396.4,75,24398.4,175,0,1285700
NIFTY-II.NFO,08/08/2024,09:43:36,24394,24394,25,24395.75,100,150,1285700
NIFTY-II.NFO,08/08/2024,09:43:37,24394,24391.45,75,24394.45,100,25,1285700
NIFTY-II.NFO,08/08/2024,09:43:39,24394,24389.35,75,24393.85,100,0,1285700
NIFTY-II.NFO,08/08/2024,09:43:41,24394,24389.15,25,24391.65,175,0,1285700
NIFTY-II.NFO,08/08/2024,09:43:42,24389.15,24385.2,75,24389.05,175,25,1285700
NIFTY-II.NFO,08/08/2024,09:43:44,24389.15,24385,25,24388.6,100,0,1285700
NIFTY-II.NFO,08/08/2024,09:43:46,24389.15,24385,25,24388.05,150,0,1285700
NIFTY-II.NFO,08/08/2024,09:43:47,24389.15,24387.05,25,24391.65,100,0,1285700
NIFTY-II.NFO,08/08/2024,09:43:49,24389.15,24388.3,100,24393.95,100,0,1285700
NIFTY-II.NFO,08/08/2024,09:43:51,24389.15,24385.35,100,24390.45,175,0,1285700
NIFTY-II.NFO,08/08/2024,09:43:52,24391.25,24386.65,75,24390.4,50,50,1285700
NIFTY-II.NFO,08/08/2024,09:43:54,24391.25,24385.45,100,24390.45,125,0,1285700
NIFTY-II.NFO,08/08/2024,09:43:56,24391.25,24385,25,24389.2,125,0,1285700
NIFTY-II.NFO,08/08/2024,09:43:57,24391.25,24385.65,100,24390.9,50,0,1285700
NIFTY-II.NFO,08/08/2024,09:43:59,24391.25,24388.05,275,24393.5,125,0,1285700
NIFTY-II.NFO,08/08/2024,09:44:01,24391.25,24385.1,75,24389.85,50,0,1285700
NIFTY-II.NFO,08/08/2024,09:44:02,24391.25,24385.35,100,24390.55,50,0,1285700
NIFTY-II.NFO,08/08/2024,09:44:04,24391.25,24385.85,75,24389.8,50,0,1285700
NIFTY-II.NFO,08/08/2024,09:44:06,24391.25,24385.7,250,24390.75,50,0,1285700
NIFTY-II.NFO,08/08/2024,09:44:07,24391.25,24386.5,100,24391.3,50,0,1285700
NIFTY-II.NFO,08/08/2024,09:44:09,24391.25,24386.45,75,24390.4,50,0,1285700
NIFTY-II.NFO,08/08/2024,09:44:11,24391.25,24388.1,100,24392.75,50,0,1285700
NIFTY-II.NFO,08/08/2024,09:44:12,24391.25,24388.05,25,24392.35,50,0,1285700
NIFTY-II.NFO,08/08/2024,09:44:14,24391.25,24388.1,100,24392.25,50,0,1285700
NIFTY-II.NFO,08/08/2024,09:44:16,24387.55,24386.55,75,24390.6,50,150,1285700
NIFTY-II.NFO,08/08/2024,09:44:17,24387.55,24386.2,75,24389.95,50,0,1285700
NIFTY-II.NFO,08/08/2024,09:44:19,24387.55,24387.4,125,24392.2,50,0,1285700
NIFTY-II.NFO,08/08/2024,09:44:21,24387.55,24386.25,50,24390.75,125,0,1285700
NIFTY-II.NFO,08/08/2024,09:44:22,24387.55,24386.2,50,24390.45,50,0,1285700
NIFTY-II.NFO,08/08/2024,09:44:24,24387.55,24386.95,75,24390.45,50,0,1285700
NIFTY-II.NFO,08/08/2024,09:44:26,24387.55,24385.4,75,24389.35,125,0,1285700
NIFTY-II.NFO,08/08/2024,09:44:27,24387.55,24385,25,24388.35,100,0,1285700
NIFTY-II.NFO,08/08/2024,09:44:29,24385,24382.25,75,24385,100,25,1285700
NIFTY-II.NFO,08/08/2024,09:44:31,24385,24382,25,24382.8,100,0,1285700
NIFTY-II.NFO,08/08/2024,09:44:32,24380,24376,25,24379.75,175,50,1285700
NIFTY-II.NFO,08/08/2024,09:44:34,24380,24377.75,75,24381.85,100,0,1285700
NIFTY-II.NFO,08/08/2024,09:44:36,24380,24378,75,24382.55,100,0,1285700
NIFTY-II.NFO,08/08/2024,09:44:37,24380,24378.85,200,24382.95,25,0,1285700
NIFTY-II.NFO,08/08/2024,09:44:39,24380,24379.85,125,24384.35,50,0,1285700
NIFTY-II.NFO,08/08/2024,09:44:41,24384.2,24380.6,125,24385,50,25,1285700
NIFTY-II.NFO,08/08/2024,09:44:42,24384.2,24383.15,50,24385,50,0,1285700
NIFTY-II.NFO,08/08/2024,09:44:44,24385,24385,25,24388.95,25,25,1285700
NIFTY-II.NFO,08/08/2024,09:44:46,24385,24384.7,50,24390,175,25,1285700
NIFTY-II.NFO,08/08/2024,09:44:47,24385,24384.75,75,24389.05,100,0,1285700
NIFTY-II.NFO,08/08/2024,09:44:49,24389.55,24384.4,75,24390.65,150,25,1285700
NIFTY-II.NFO,08/08/2024,09:44:51,24389.55,24385.25,75,24389.9,100,0,1285700
NIFTY-II.NFO,08/08/2024,09:44:52,24389.55,24387.75,75,24392.5,400,0,1285700
NIFTY-II.NFO,08/08/2024,09:44:54,24389.55,24388.3,75,24392.45,100,0,1285700
NIFTY-II.NFO,08/08/2024,09:44:56,24389.55,24390.45,75,24394.35,125,0,1285700
NIFTY-II.NFO,08/08/2024,09:44:57,24389.55,24394.9,75,24398.65,100,0,1285700
NIFTY-II.NFO,08/08/2024,09:44:59,24395.35,24392.5,50,24397,175,25,1285700
NIFTY-II.NFO,08/08/2024,09:45:01,24395.35,24394.15,75,24398.65,100,0,1285700
NIFTY-II.NFO,08/08/2024,09:45:02,24395.35,24393.85,50,24398.65,100,0,1285700
NIFTY-II.NFO,08/08/2024,09:45:04,24395.35,24393.3,50,24397.8,100,0,1285700
NIFTY-II.NFO,08/08/2024,09:45:05,24395.35,24392,75,24395.9,100,0,1285700
NIFTY-II.NFO,08/08/2024,09:45:07,24395.35,24395.3,75,24398.7,25,0,1285700
NIFTY-II.NFO,08/08/2024,09:45:09,24398.7,24396.15,75,24399,25,25,1285700
NIFTY-II.NFO,08/08/2024,09:45:10,24398.7,24395.15,75,24398.95,100,0,1285700
NIFTY-II.NFO,08/08/2024,09:45:12,24398.7,24395.05,75,24398.4,225,0,1285700
NIFTY-II.NFO,08/08/2024,09:45:14,24395,24395,125,24396.3,100,25,1285700
NIFTY-II.NFO,08/08/2024,09:45:15,24395,24395.05,75,24398.95,175,0,1285700
NIFTY-II.NFO,08/08/2024,09:45:17,24395,24395.55,75,24398.95,100,0,1285700
NIFTY-II.NFO,08/08/2024,09:45:18,24395,24398.2,50,24399,100,0,1285700
NIFTY-II.NFO,08/08/2024,09:45:20,24401.1,24397.85,75,24401.1,100,400,1285700
NIFTY-II.NFO,08/08/2024,09:45:22,24402.6,24402.6,50,24405,50,125,1285700
NIFTY-II.NFO,08/08/2024,09:45:23,24402.6,24402.6,50,24405,50,0,1285700
NIFTY-II.NFO,08/08/2024,09:45:25,24402.6,24398.9,25,24404.25,100,25,1285700
NIFTY-II.NFO,08/08/2024,09:45:27,24402.45,24402.45,50,24405,50,75,1285700
NIFTY-II.NFO,08/08/2024,09:45:28,24402.45,24401.35,50,24405,50,0,1285700
NIFTY-II.NFO,08/08/2024,09:45:30,24402.45,24400.05,75,24403.95,100,0,1285700
NIFTY-II.NFO,08/08/2024,09:45:32,24402.45,24401.75,75,24405,50,0,1285700
NIFTY-II.NFO,08/08/2024,09:45:33,24402.45,24400.7,125,24402.45,25,0,1285700
NIFTY-II.NFO,08/08/2024,09:45:35,24402.45,24402,75,24405,50,25,1285700
NIFTY-II.NFO,08/08/2024,09:45:37,24402,24402,25,24403.4,100,75,1285700
NIFTY-II.NFO,08/08/2024,09:45:38,24402,24402,25,24403.4,100,0,1285700
NIFTY-II.NFO,08/08/2024,09:45:40,24397.95,24398.95,75,24404.05,150,500,1285700
NIFTY-II.NFO,08/08/2024,09:45:42,24397.95,24399.1,75,24403.95,100,0,1285700
NIFTY-II.NFO,08/08/2024,09:45:43,24397.95,24396.8,75,24402.6,125,0,1285700
NIFTY-II.NFO,08/08/2024,09:45:45,24397.95,24395.05,75,24399.35,50,0,1285700
NIFTY-II.NFO,08/08/2024,09:45:47,24397.95,24395.05,75,24399.25,50,0,1285700
NIFTY-II.NFO,08/08/2024,09:45:49,24397.95,24395.05,75,24398.95,25,0,1285700
NIFTY-II.NFO,08/08/2024,09:45:50,24395,24388.6,50,24394,100,150,1286225
NIFTY-II.NFO,08/08/2024,09:45:52,24395,24392.6,75,24397.45,50,0,1286225
NIFTY-II.NFO,08/08/2024,09:45:54,24395,24390.05,75,24394.95,25,0,1286225
NIFTY-II.NFO,08/08/2024,09:45:55,24395,24391.5,75,24396.3,50,0,1286225
NIFTY-II.NFO,08/08/2024,09:45:57,24395,24388.55,75,24393.65,175,0,1286225
NIFTY-II.NFO,08/08/2024,09:45:59,24393.95,24389.55,75,24394.45,50,25,1286225
NIFTY-II.NFO,08/08/2024,09:46:00,24393.95,24389.6,50,24394.9,50,0,1286225
NIFTY-II.NFO,08/08/2024,09:46:02,24393.95,24388.3,75,24393.6,50,0,1286225
NIFTY-II.NFO,08/08/2024,09:46:04,24393.95,24389.35,75,24393.05,50,0,1286225
NIFTY-II.NFO,08/08/2024,09:46:05,24389.05,24390.05,25,24394.95,50,25,1286225
NIFTY-II.NFO,08/08/2024,09:46:07,24389.05,24389.65,75,24393.9,50,0,1286225
NIFTY-II.NFO,08/08/2024,09:46:09,24389.05,24388.65,100,24394.05,50,0,1286225
NIFTY-II.NFO,08/08/2024,09:46:10,24389.05,24387.55,75,24393.15,125,0,1286225
NIFTY-II.NFO,08/08/2024,09:46:12,24389.05,24388.05,75,24392.65,50,25,1286225
NIFTY-II.NFO,08/08/2024,09:46:14,24389.05,24390.75,350,24395,50,0,1286225
NIFTY-II.NFO,08/08/2024,09:46:15,24389.05,24388.55,75,24392.7,50,0,1286225
NIFTY-II.NFO,08/08/2024,09:46:17,24389.05,24388.05,100,24393.15,125,0,1286225
NIFTY-II.NFO,08/08/2024,09:46:19,24393.15,24388.1,100,24393.15,25,275,1286225
NIFTY-II.NFO,08/08/2024,09:46:20,24393.15,24388.05,25,24392.1,175,0,1286225
NIFTY-II.NFO,08/08/2024,09:46:22,24393.15,24391.9,100,24395,50,0,1286225
NIFTY-II.NFO,08/08/2024,09:46:24,24393.15,24392.1,100,24395,50,0,1286225
NIFTY-II.NFO,08/08/2024,09:46:25,24393.15,24388.55,75,24393.55,175,0,1286225
NIFTY-II.NFO,08/08/2024,09:46:27,24393.8,24389.8,75,24394.65,75,250,1286225
NIFTY-II.NFO,08/08/2024,09:46:29,24393.8,24392.15,100,24395,50,0,1286225
NIFTY-II.NFO,08/08/2024,09:46:30,24393.8,24389.95,100,24395,125,0,1286225
NIFTY-II.NFO,08/08/2024,09:46:32,24389.95,24391.8,75,24395,50,50,1286225
NIFTY-II.NFO,08/08/2024,09:46:34,24389.95,24392.7,175,24395,50,0,1286225
NIFTY-II.NFO,08/08/2024,09:46:35,24389.95,24392.45,175,24395,50,0,1286225
NIFTY-II.NFO,08/08/2024,09:46:37,24395,24394.8,175,24399,200,50,1286225
NIFTY-II.NFO,08/08/2024,09:46:39,24395,24395.05,75,24398.95,125,0,1286225
NIFTY-II.NFO,08/08/2024,09:46:40,24395,24395.05,75,24398.95,50,0,1286225
NIFTY-II.NFO,08/08/2024,09:46:42,24395,24395.05,75,24398.95,125,0,1286225
NIFTY-II.NFO,08/08/2024,09:46:44,24395,24395.05,75,24398.55,100,0,1286225
NIFTY-II.NFO,08/08/2024,09:46:45,24395,24395.05,75,24398.5,125,0,1286225
NIFTY-II.NFO,08/08/2024,09:46:47,24395,24395.15,75,24398.95,50,0,1286225
NIFTY-II.NFO,08/08/2024,09:46:49,24395,24395.55,75,24399,225,0,1286225
NIFTY-II.NFO,08/08/2024,09:46:50,24399,24394.9,75,24398.95,75,50,1286225
NIFTY-II.NFO,08/08/2024,09:46:52,24399,24395.3,100,24399,175,0,1286225
NIFTY-II.NFO,08/08/2024,09:46:54,24399,24395.25,75,24399,175,0,1286225
NIFTY-II.NFO,08/08/2024,09:46:55,24399,24395.05,75,24398.9,125,0,1286225
NIFTY-II.NFO,08/08/2024,09:46:57,24399,24395.2,100,24399,175,0,1286225
NIFTY-II.NFO,08/08/2024,09:46:59,24399,24395.7,75,24399,150,25,1286225
NIFTY-II.NFO,08/08/2024,09:47:00,24399,24396.25,50,24399,150,0,1286225
NIFTY-II.NFO,08/08/2024,09:47:02,24399,24395.7,75,24399,150,25,1286225
NIFTY-II.NFO,08/08/2024,09:47:04,24399,24396.5,75,24399,150,0,1286225
NIFTY-II.NFO,08/08/2024,09:47:05,24399,24395.35,75,24399,150,0,1286225
NIFTY-II.NFO,08/08/2024,09:47:07,24399,24396.15,75,24399,150,0,1286225
NIFTY-II.NFO,08/08/2024,09:47:09,24396.3,24396.65,75,24399,175,50,1286225
NIFTY-II.NFO,08/08/2024,09:47:10,24396.3,24396.25,100,24399,175,0,1286225
NIFTY-II.NFO,08/08/2024,09:47:12,24396.3,24395.75,100,24399,175,0,1286225
NIFTY-II.NFO,08/08/2024,09:47:14,24399,24397.1,75,24399,150,25,1286225
NIFTY-II.NFO,08/08/2024,09:47:15,24399,24398.4,25,24398.95,100,0,1286225
NIFTY-II.NFO,08/08/2024,09:47:17,24399.95,24398.65,100,24403.9,50,350,1286225
NIFTY-II.NFO,08/08/2024,09:47:19,24404,24398.7,50,24400,25,25,1286225
NIFTY-II.NFO,08/08/2024,09:47:20,24400,24401.8,100,24406.85,100,25,1286225
NIFTY-II.NFO,08/08/2024,09:47:22,24400,24401.3,175,24405.95,25,0,1286225
NIFTY-II.NFO,08/08/2024,09:47:24,24401.4,24406.55,50,24410,325,25,1286225
NIFTY-II.NFO,08/08/2024,09:47:25,24401.4,24406.65,75,24410,350,0,1286225
NIFTY-II.NFO,08/08/2024,09:47:27,24401.4,24405.8,75,24410,350,0,1286225
NIFTY-II.NFO,08/08/2024,09:47:29,24401.4,24408.75,125,24410,350,0,1286225
NIFTY-II.NFO,08/08/2024,09:47:30,24410,24409.2,25,24410,325,100,1286225
NIFTY-II.NFO,08/08/2024,09:47:32,24406.05,24406.95,125,24411,125,400,1286225
NIFTY-II.NFO,08/08/2024,09:47:34,24406.05,24403.45,75,24409.05,175,0,1286225
NIFTY-II.NFO,08/08/2024,09:47:35,24406.05,24402.05,50,24407.75,50,0,1286225
NIFTY-II.NFO,08/08/2024,09:47:37,24406.05,24402.05,75,24407.3,125,0,1286225
NIFTY-II.NFO,08/08/2024,09:47:39,24407.3,24401,150,24406.2,175,25,1286225
NIFTY-II.NFO,08/08/2024,09:47:40,24407.3,24402.3,50,24407.7,175,0,1286225
NIFTY-II.NFO,08/08/2024,09:47:42,24407.55,24405.2,25,24409,25,25,1286225
NIFTY-II.NFO,08/08/2024,09:47:44,24408.95,24405.85,100,24409,25,25,1286225
NIFTY-II.NFO,08/08/2024,09:47:45,24408.95,24407.75,75,24409,25,0,1286225
NIFTY-II.NFO,08/08/2024,09:47:47,24408.95,24407.55,25,24409,25,0,1286225
NIFTY-II.NFO,08/08/2024,09:47:49,24408.95,24406.65,25,24409,25,0,1286225
NIFTY-II.NFO,08/08/2024,09:47:50,24408.95,24406.95,100,24409,25,0,1286225
NIFTY-II.NFO,08/08/2024,09:47:52,24408.95,24406.3,25,24409,25,0,1286225
NIFTY-II.NFO,08/08/2024,09:47:53,24411,24407.4,25,24411,100,375,1286225
NIFTY-II.NFO,08/08/2024,09:47:55,24411,24409.25,50,24411,75,100,1286225
NIFTY-II.NFO,08/08/2024,09:47:57,24410.95,24411.95,200,24414.35,25,100,1286225
NIFTY-II.NFO,08/08/2024,09:47:59,24410.95,24411.3,75,24414.35,25,0,1286225
NIFTY-II.NFO,08/08/2024,09:48:00,24410.95,24411.05,75,24414.35,25,0,1286225
NIFTY-II.NFO,08/08/2024,09:48:02,24410.95,24411.05,150,24414.35,25,0,1286225
NIFTY-II.NFO,08/08/2024,09:48:03,24410.95,24411.05,75,24414.35,25,0,1286225
NIFTY-II.NFO,08/08/2024,09:48:05,24411,24411,150,24412.9,100,25,1286225
NIFTY-II.NFO,08/08/2024,09:48:07,24411,24410,25,24412.75,100,150,1286225
NIFTY-II.NFO,08/08/2024,09:48:08,24411,24410,25,24412.7,175,0,1286225
NIFTY-II.NFO,08/08/2024,09:48:10,24411,24410,25,24410.85,150,0,1286225
NIFTY-II.NFO,08/08/2024,09:48:12,24411,24410,25,24411.75,175,0,1286225
NIFTY-II.NFO,08/08/2024,09:48:13,24412.3,24410.9,75,24414.3,200,25,1286225
NIFTY-II.NFO,08/08/2024,09:48:15,24412.3,24410.85,50,24414.35,25,0,1286225
NIFTY-II.NFO,08/08/2024,09:48:16,24412.3,24410.85,50,24414.3,175,0,1286225
NIFTY-II.NFO,08/08/2024,09:48:18,24412.3,24410.85,50,24413.55,225,0,1286225
NIFTY-II.NFO,08/08/2024,09:48:20,24412.3,24410.85,50,24414.3,175,0,1286225
NIFTY-II.NFO,08/08/2024,09:48:21,24412.3,24411.55,100,24414.35,25,0,1286225
NIFTY-II.NFO,08/08/2024,09:48:23,24411.85,24411.45,125,24414.35,25,50,1286225
NIFTY-II.NFO,08/08/2024,09:48:25,24412.2,24411.55,50,24414.35,25,25,1286225
NIFTY-II.NFO,08/08/2024,09:48:26,24415,24414.05,25,24417,25,250,1286225
NIFTY-II.NFO,08/08/2024,09:48:28,24415,24414.65,200,24417,25,0,1286225
NIFTY-II.NFO,08/08/2024,09:48:30,24415,24412.2,125,24417,25,0,1286225
NIFTY-II.NFO,08/08/2024,09:48:31,24415,24415,25,24416.95,100,0,1286225
NIFTY-II.NFO,08/08/2024,09:48:33,24415,24411.55,50,24415,25,25,1286225
NIFTY-II.NFO,08/08/2024,09:48:35,24414.25,24410.9,50,24414.25,175,50,1286225
NIFTY-II.NFO,08/08/2024,09:48:36,24414.25,24411.95,50,24415,25,0,1286225
NIFTY-II.NFO,08/08/2024,09:48:38,24414.25,24411,100,24415,25,0,1286225
NIFTY-II.NFO,08/08/2024,09:48:40,24414.95,24410.9,75,24414.75,75,100,1286225
NIFTY-II.NFO,08/08/2024,09:48:41,24410.9,24410.9,50,24414.9,75,25,1286225
NIFTY-II.NFO,08/08/2024,09:48:43,24410.9,24411.45,75,24414.95,75,25,1286225
NIFTY-II.NFO,08/08/2024,09:48:44,24410.9,24410.9,75,24414.95,150,0,1286225
NIFTY-II.NFO,08/08/2024,09:48:46,24410.9,24410.9,75,24413,25,0,1286225
NIFTY-II.NFO,08/08/2024,09:48:48,24410.9,24410.95,100,24413,25,0,1286225
NIFTY-II.NFO,08/08/2024,09:48:49,24410.9,24410.9,100,24413,25,0,1286225
NIFTY-II.NFO,08/08/2024,09:48:53,24410.9,24411.55,100,24413,25,0,1286225
NIFTY-II.NFO,08/08/2024,09:48:54,24410.9,24410.9,125,24413,25,0,1286225
NIFTY-II.NFO,08/08/2024,09:48:56,24410.9,24413,75,24414.8,25,0,1286225
NIFTY-II.NFO,08/08/2024,09:48:58,24410.9,24412.1,100,24414.8,25,0,1286225
NIFTY-II.NFO,08/08/2024,09:48:59,24410.9,24411.55,25,24414.8,25,0,1286225
NIFTY-II.NFO,08/08/2024,09:49:01,24410.9,24411.55,25,24414.75,150,0,1286225
NIFTY-II.NFO,08/08/2024,09:49:03,24410.9,24411.55,25,24414.4,150,0,1286225
NIFTY-II.NFO,08/08/2024,09:49:04,24410.9,24411.55,25,24414.1,150,0,1286225
NIFTY-II.NFO,08/08/2024,09:49:06,24411.55,24410.95,75,24413.95,150,25,1286225
NIFTY-II.NFO,08/08/2024,09:49:08,24411.55,24412.05,75,24413.85,150,0,1286225
NIFTY-II.NFO,08/08/2024,09:49:09,24412.05,24412.05,50,24413.95,150,25,1286225
NIFTY-II.NFO,08/08/2024,09:49:11,24412.05,24412.05,50,24413.85,75,0,1286225
NIFTY-II.NFO,08/08/2024,09:49:12,24412,24412,25,24413.35,75,125,1286225
NIFTY-II.NFO,08/08/2024,09:49:14,24412,24410.9,50,24411.9,75,25,1286225
NIFTY-II.NFO,08/08/2024,09:49:16,24412,24410.9,125,24413.05,150,0,1286225
NIFTY-II.NFO,08/08/2024,09:49:17,24410.9,24410.9,25,24411.95,150,25,1286225
NIFTY-II.NFO,08/08/2024,09:49:19,24410.1,24410.2,75,24412,100,200,1286225
NIFTY-II.NFO,08/08/2024,09:49:21,24410.1,24410.1,75,24412,100,0,1286225
NIFTY-II.NFO,08/08/2024,09:49:22,24410.1,24410.9,75,24412,100,0,1286225
NIFTY-II.NFO,08/08/2024,09:49:24,24410.1,24411.7,75,24412,100,0,1286225
NIFTY-II.NFO,08/08/2024,09:49:26,24418,24419.15,150,24419.95,25,225,1286225
NIFTY-II.NFO,08/08/2024,09:49:27,24418.3,24418.7,50,24419.95,25,25,1286225
NIFTY-II.NFO,08/08/2024,09:49:29,24418.3,24418.7,200,24419.95,25,0,1286225
NIFTY-II.NFO,08/08/2024,09:49:31,24419.95,24419.65,100,24420,100,25,1286225
NIFTY-II.NFO,08/08/2024,09:49:32,24418.4,24418.05,75,24420,100,25,1286225
NIFTY-II.NFO,08/08/2024,09:49:34,24418.4,24415,25,24419.15,50,0,1286225
NIFTY-II.NFO,08/08/2024,09:49:36,24413.8,24411.2,125,24416.35,125,200,1286225
NIFTY-II.NFO,08/08/2024,09:49:37,24413.8,24410.1,75,24413.25,125,0,1286225
NIFTY-II.NFO,08/08/2024,09:49:39,24416.1,24413.05,25,24417.55,125,25,1286225
NIFTY-II.NFO,08/08/2024,09:49:41,24416.1,24412.7,25,24414.45,50,0,1286225
NIFTY-II.NFO,08/08/2024,09:49:42,24412.7,24410.1,75,24412.15,125,25,1286225
NIFTY-II.NFO,08/08/2024,09:49:44,24410.05,24410.05,175,24412.3,125,100,1286225
NIFTY-II.NFO,08/08/2024,09:49:46,24413.25,24410.05,200,24414.4,125,25,1286225
NIFTY-II.NFO,08/08/2024,09:49:47,24413.25,24410.05,175,24412.15,125,0,1286225
NIFTY-II.NFO,08/08/2024,09:49:49,24413.25,24410.05,175,24413.8,125,0,1286225
NIFTY-II.NFO,08/08/2024,09:49:51,24413.25,24410.1,75,24413.75,50,0,1286225
NIFTY-II.NFO,08/08/2024,09:49:52,24413.25,24411.25,50,24414,25,0,1286225
NIFTY-II.NFO,08/08/2024,09:49:54,24413.25,24410.55,125,24413.25,50,0,1286225
NIFTY-II.NFO,08/08/2024,09:49:56,24413.25,24410.1,75,24413.25,50,0,1286225
NIFTY-II.NFO,08/08/2024,09:49:57,24410.1,24411.3,25,24413.25,75,25,1286225
NIFTY-II.NFO,08/08/2024,09:49:59,24411.3,24410.15,75,24413,125,25,1286225
NIFTY-II.NFO,08/08/2024,09:50:01,24411.3,24410.1,75,24412.75,100,0,1286225
NIFTY-II.NFO,08/08/2024,09:50:02,24410.1,24410.1,50,24413,175,25,1286225
NIFTY-II.NFO,08/08/2024,09:50:04,24410.1,24410.1,50,24413.25,75,0,1286225
NIFTY-II.NFO,08/08/2024,09:50:05,24410.1,24410.1,75,24412.65,50,0,1286225
NIFTY-II.NFO,08/08/2024,09:50:07,24410.1,24410.1,75,24413.1,100,0,1286225
NIFTY-II.NFO,08/08/2024,09:50:09,24410.1,24410.1,75,24413.25,75,0,1286225
NIFTY-II.NFO,08/08/2024,09:50:11,24410.1,24410.1,75,24413.2,100,0,1286225
NIFTY-II.NFO,08/08/2024,09:50:12,24410.1,24410.35,50,24413.25,75,0,1286225
NIFTY-II.NFO,08/08/2024,09:50:14,24410.1,24410.1,75,24413.25,75,0,1286225
NIFTY-II.NFO,08/08/2024,09:50:16,24410.1,24410.35,50,24413.25,75,25,1286225
NIFTY-II.NFO,08/08/2024,09:50:17,24410.1,24411.05,150,24413.25,75,0,1286225
NIFTY-II.NFO,08/08/2024,09:50:19,24410.1,24410.1,100,24413.25,75,0,1286225
NIFTY-II.NFO,08/08/2024,09:50:20,24410.1,24410.6,50,24413.25,75,0,1286225
NIFTY-II.NFO,08/08/2024,09:50:22,24410.1,24410.1,100,24412.85,25,0,1286225
NIFTY-II.NFO,08/08/2024,09:50:24,24410.1,24411.05,75,24412.85,25,0,1286225
NIFTY-II.NFO,08/08/2024,09:50:25,24410.1,24412.05,75,24412.85,25,0,1286225
NIFTY-II.NFO,08/08/2024,09:50:27,24412.05,24412.05,50,24413.85,100,525,1286225
NIFTY-II.NFO,08/08/2024,09:50:29,24412.05,24412.05,25,24414.5,75,25,1286225
NIFTY-II.NFO,08/08/2024,09:50:30,24412.05,24412.05,75,24414.5,100,0,1286225
NIFTY-II.NFO,08/08/2024,09:50:32,24414,24412.05,75,24414.05,50,25,1286225
NIFTY-II.NFO,08/08/2024,09:50:34,24414,24412.05,75,24414.5,100,0,1286225
NIFTY-II.NFO,08/08/2024,09:50:35,24414.5,24412.05,75,24414.5,75,25,1286225
NIFTY-II.NFO,08/08/2024,09:50:37,24414.5,24412.05,75,24414,25,0,1286225
NIFTY-II.NFO,08/08/2024,09:50:38,24414.5,24412.7,100,24414,25,0,1286225
NIFTY-II.NFO,08/08/2024,09:50:40,24414.5,24412.05,75,24414,25,0,1286225
NIFTY-II.NFO,08/08/2024,09:50:42,24414.5,24412.05,175,24413.7,75,0,1286225
NIFTY-II.NFO,08/08/2024,09:50:43,24414.5,24412.05,175,24414,25,0,1286225
NIFTY-II.NFO,08/08/2024,09:50:48,24414.5,24412.05,175,24413.7,125,0,1286225
NIFTY-II.NFO,08/08/2024,09:50:50,24414.5,24412.1,75,24414,25,0,1286225
NIFTY-II.NFO,08/08/2024,09:50:51,24414.5,24412.15,75,24414,25,0,1286225
NIFTY-II.NFO,08/08/2024,09:50:53,24414.5,24412.1,75,24414,25,0,1286225
NIFTY-II.NFO,08/08/2024,09:50:56,24414,24412.1,75,24414.5,150,25,1286225
NIFTY-II.NFO,08/08/2024,09:50:58,24414,24412.1,75,24414.5,150,0,1286225
NIFTY-II.NFO,08/08/2024,09:51:00,24414,24412.2,100,24414.5,150,0,1286225
NIFTY-II.NFO,08/08/2024,09:51:01,24414,24412.15,75,24414.5,150,0,1286225
NIFTY-II.NFO,08/08/2024,09:51:03,24414,24412.1,75,24414.1,125,0,1286225
NIFTY-II.NFO,08/08/2024,09:51:04,24414,24412.1,75,24413.2,125,0,1286225
NIFTY-II.NFO,08/08/2024,09:51:08,24412.1,24412.05,100,24412.95,200,75,1286225
NIFTY-II.NFO,08/08/2024,09:51:09,24410,24400.2,75,24404.7,400,775,1286225
NIFTY-II.NFO,08/08/2024,09:51:11,24410,24400.45,75,24405.45,125,0,1286225
NIFTY-II.NFO,08/08/2024,09:51:13,24410,24400.1,25,24403.5,125,0,1286225
NIFTY-II.NFO,08/08/2024,09:51:14,24410,24402.8,175,24407.35,50,0,1286225
NIFTY-II.NFO,08/08/2024,09:51:16,24410,24403.2,175,24408.55,100,0,1286225
NIFTY-II.NFO,08/08/2024,09:51:17,24410,24401.25,250,24407.55,50,0,1286225
NIFTY-II.NFO,08/08/2024,09:51:19,24410,24404,175,24409.2,50,0,1286225
NIFTY-II.NFO,08/08/2024,09:51:21,24410,24405,250,24409.95,25,0,1286225
NIFTY-II.NFO,08/08/2024,09:51:22,24410,24404.55,75,24408.8,50,0,1286225
NIFTY-II.NFO,08/08/2024,09:51:24,24410,24401.95,175,24405.95,25,0,1286225
NIFTY-II.NFO,08/08/2024,09:51:26,24405.95,24402.1,175,24405.95,25,25,1286225
NIFTY-II.NFO,08/08/2024,09:51:27,24401.55,24401,100,24405.8,25,25,1286225
NIFTY-II.NFO,08/08/2024,09:51:29,24403.5,24403.2,250,24406.95,25,25,1286225
NIFTY-II.NFO,08/08/2024,09:51:31,24403.5,24402.85,100,24405.95,25,0,1286225
