Ticker,Date,Time,LTP,BuyPrice,BuyQty,SellPrice,SellQty,LTQ,OpenInterest
BANKNIFTY-II.NFO,30/01/2025,09:15:01,49495.5,49474.75,150,49499.35,150,240,2393280
BANKNIFTY-II.NFO,30/01/2025,09:15:01,49471.6,49474.75,150,49499.35,150,0,2393280
BANKNIFTY-II.NFO,30/01/2025,09:15:01,49499.65,49474.75,150,49499.35,150,0,2393280
BANKNIFTY-II.NFO,30/01/2025,09:15:01,49471.6,49474.75,150,49499.35,150,0,2393280
BANKNIFTY-II.NFO,30/01/2025,09:15:03,49496.6,49435.9,150,49496.95,120,3420,2393280
BANKNIFTY-II.NFO,30/01/2025,09:15:03,49445.5,49435.9,150,49496.95,120,0,2393280
BANKNIFTY-II.NFO,30/01/2025,09:15:05,49462,49440.9,30,49461.9,120,420,2393280
BANKNIFTY-II.NFO,30/01/2025,09:15:05,49435.9,49440.9,30,49461.9,120,0,2393280
BANKNIFTY-II.NFO,30/01/2025,09:15:06,49411.85,49410.05,60,49423.75,30,1200,2393280
BANKNIFTY-II.NFO,30/01/2025,09:15:06,49411.8,49410.05,60,49423.75,30,0,2393280
BANKNIFTY-II.NFO,30/01/2025,09:15:08,49375.5,49375.5,30,49414,120,3000,2393280
BANKNIFTY-II.NFO,30/01/2025,09:15:08,49375.15,49375.5,30,49414,120,0,2393280
BANKNIFTY-II.NFO,30/01/2025,09:15:09,49379.4,49389.15,30,49408.9,120,450,2393280
BANKNIFTY-II.NFO,30/01/2025,09:15:09,49372.4,49389.15,30,49408.9,120,0,2393280
BANKNIFTY-II.NFO,30/01/2025,09:15:11,49389.9,49383.15,120,49423.95,60,2070,2393280
BANKNIFTY-II.NFO,30/01/2025,09:15:13,49421.35,49383.25,120,49421.1,150,150,2393280
BANKNIFTY-II.NFO,30/01/2025,09:15:14,49395.15,49363.75,30,49395.15,120,1230,2393280
BANKNIFTY-II.NFO,30/01/2025,09:15:14,49357.85,49363.75,30,49395.15,120,0,2393280
BANKNIFTY-II.NFO,30/01/2025,09:15:16,49418.2,49375.05,120,49413.75,120,450,2393280
BANKNIFTY-II.NFO,30/01/2025,09:15:17,49399.45,49374.65,120,49401.25,270,30,2393280
BANKNIFTY-II.NFO,30/01/2025,09:15:19,49410.3,49375.35,120,49411.3,60,420,2393280
BANKNIFTY-II.NFO,30/01/2025,09:15:21,49410.4,49379.35,210,49409.8,60,30,2393280
BANKNIFTY-II.NFO,30/01/2025,09:15:22,49453.65,49439.8,150,49460,120,3840,2393280
BANKNIFTY-II.NFO,30/01/2025,09:15:24,49450.05,49434,150,49457.85,120,390,2393280
BANKNIFTY-II.NFO,30/01/2025,09:15:25,49448.4,49440.35,150,49465.5,30,1410,2393280
BANKNIFTY-II.NFO,30/01/2025,09:15:27,49459.6,49443.35,30,49459.55,150,990,2393280
BANKNIFTY-II.NFO,30/01/2025,09:15:29,49456.55,49444.9,60,49467.95,120,840,2393280
BANKNIFTY-II.NFO,30/01/2025,09:15:30,49458.45,49453.05,30,49466.05,150,300,2393280
BANKNIFTY-II.NFO,30/01/2025,09:15:32,49462.95,49438.95,90,49462.95,150,120,2393280
BANKNIFTY-II.NFO,30/01/2025,09:15:34,49439.45,49413.45,60,49438.45,150,60,2393280
BANKNIFTY-II.NFO,30/01/2025,09:15:35,49439.45,49415.5,60,49431.9,150,0,2393280
BANKNIFTY-II.NFO,30/01/2025,09:15:37,49415.9,49418.75,120,49436.7,60,360,2393280
BANKNIFTY-II.NFO,30/01/2025,09:15:38,49412.65,49410.35,420,49433.4,60,60,2393280
BANKNIFTY-II.NFO,30/01/2025,09:15:40,49435.9,49410.3,30,49418.55,30,420,2393280
BANKNIFTY-II.NFO,30/01/2025,09:15:42,49409.85,49415.4,30,49418.45,30,300,2393280
BANKNIFTY-II.NFO,30/01/2025,09:15:43,49432.85,49430.85,30,49437.25,120,1020,2393280
BANKNIFTY-II.NFO,30/01/2025,09:15:45,49430.05,49425.85,120,49434.45,30,570,2393280
BANKNIFTY-II.NFO,30/01/2025,09:15:47,49432,49430.25,30,49442.55,120,510,2393280
BANKNIFTY-II.NFO,30/01/2025,09:15:48,49430.25,49427.9,90,49439.75,120,630,2393280
BANKNIFTY-II.NFO,30/01/2025,09:15:50,49425.25,49422,210,49428.7,60,120,2393280
BANKNIFTY-II.NFO,30/01/2025,09:15:51,49429.3,49412.7,30,49428.7,180,90,2393280
BANKNIFTY-II.NFO,30/01/2025,09:15:53,49422.15,49410.05,120,49429.4,120,180,2393280
BANKNIFTY-II.NFO,30/01/2025,09:15:55,49423.05,49423.55,270,49432.45,30,450,2393280
BANKNIFTY-II.NFO,30/01/2025,09:15:56,49423.05,49413.7,150,49428.8,30,0,2393280
BANKNIFTY-II.NFO,30/01/2025,09:15:58,49423.05,49413.15,150,49426.15,30,330,2393280
BANKNIFTY-II.NFO,30/01/2025,09:15:59,49430.8,49413.05,90,49432.85,60,1500,2393280
BANKNIFTY-II.NFO,30/01/2025,09:16:01,49435.4,49424.4,90,49435.6,30,990,2393280
BANKNIFTY-II.NFO,30/01/2025,09:16:03,49435.6,49430.35,30,49437.7,30,120,2393280
BANKNIFTY-II.NFO,30/01/2025,09:16:04,49430.35,49415.05,120,49437.55,30,330,2393280
BANKNIFTY-II.NFO,30/01/2025,09:16:06,49429.3,49431.1,60,49447.1,30,150,2393670
BANKNIFTY-II.NFO,30/01/2025,09:16:08,49430.75,49431,30,49448.25,30,150,2393670
BANKNIFTY-II.NFO,30/01/2025,09:16:09,49447.75,49439.6,180,49447.05,30,30,2393670
BANKNIFTY-II.NFO,30/01/2025,09:16:11,49445.55,49440.45,30,49453.9,30,150,2393670
BANKNIFTY-II.NFO,30/01/2025,09:16:12,49438.05,49445.55,150,49459.3,30,150,2393670
BANKNIFTY-II.NFO,30/01/2025,09:16:14,49474.25,49460.7,150,49475,30,360,2393670
BANKNIFTY-II.NFO,30/01/2025,09:16:16,49472.75,49461.05,150,49474.95,30,30,2393670
BANKNIFTY-II.NFO,30/01/2025,09:16:17,49474.95,49461.2,30,49473.4,30,90,2393670
BANKNIFTY-II.NFO,30/01/2025,09:16:19,49475,49463.25,30,49474.65,30,150,2393670
BANKNIFTY-II.NFO,30/01/2025,09:16:20,49473.3,49463.55,120,49479.9,30,390,2393670
BANKNIFTY-II.NFO,30/01/2025,09:16:22,49473.3,49461,120,49473.3,60,240,2393670
BANKNIFTY-II.NFO,30/01/2025,09:16:24,49461,49460.3,120,49473.3,60,90,2393670
BANKNIFTY-II.NFO,30/01/2025,09:16:25,49470,49460.3,120,49473.7,30,240,2393670
BANKNIFTY-II.NFO,30/01/2025,09:16:27,49468.1,49461.15,150,49480,30,420,2393670
BANKNIFTY-II.NFO,30/01/2025,09:16:29,49474.35,49470.1,210,49475,30,60,2393670
BANKNIFTY-II.NFO,30/01/2025,09:16:30,49474.95,49470.1,210,49479.95,30,120,2393670
BANKNIFTY-II.NFO,30/01/2025,09:16:32,49471.15,49470.15,120,49475,30,120,2393670
BANKNIFTY-II.NFO,30/01/2025,09:16:33,49476.9,49475,150,49479.5,30,180,2393670
BANKNIFTY-II.NFO,30/01/2025,09:16:35,49479.65,49475,90,49480,30,420,2393670
BANKNIFTY-II.NFO,30/01/2025,09:16:37,49479.75,49478.95,90,49480,30,150,2393670
BANKNIFTY-II.NFO,30/01/2025,09:16:38,49479.2,49475,60,49480,30,210,2393670
BANKNIFTY-II.NFO,30/01/2025,09:16:40,49479.15,49475.05,30,49479.05,30,90,2393670
BANKNIFTY-II.NFO,30/01/2025,09:16:41,49479.65,49479.65,810,49479.8,30,120,2393670
BANKNIFTY-II.NFO,30/01/2025,09:16:43,49483,49479.7,30,49482.05,30,180,2393670
BANKNIFTY-II.NFO,30/01/2025,09:16:45,49481.2,49479.75,30,49480.85,30,90,2393670
BANKNIFTY-II.NFO,30/01/2025,09:16:46,49480.6,49479.75,30,49480.8,30,1020,2393670
BANKNIFTY-II.NFO,30/01/2025,09:16:48,49479.65,49479.65,660,49480.35,30,330,2393670
BANKNIFTY-II.NFO,30/01/2025,09:16:49,49479.7,49462.95,240,49480.05,30,1260,2393670
BANKNIFTY-II.NFO,30/01/2025,09:16:51,49480.3,49463.3,150,49473.25,30,300,2393670
BANKNIFTY-II.NFO,30/01/2025,09:16:53,49478.45,49470.15,30,49473.4,30,1020,2393670
BANKNIFTY-II.NFO,30/01/2025,09:16:54,49477.65,49470.2,60,49472.25,30,90,2393670
BANKNIFTY-II.NFO,30/01/2025,09:16:56,49460,49451.6,120,49473.95,90,210,2393670
BANKNIFTY-II.NFO,30/01/2025,09:16:57,49451.2,49451.2,180,49475.65,90,240,2393670
BANKNIFTY-II.NFO,30/01/2025,09:16:59,49456.35,49456.35,30,49478.15,90,30,2393670
BANKNIFTY-II.NFO,30/01/2025,09:17:01,49456.4,49460.6,180,49479.25,30,30,2393670
BANKNIFTY-II.NFO,30/01/2025,09:17:02,49465.6,49469.7,120,49477.1,30,90,2393670
BANKNIFTY-II.NFO,30/01/2025,09:17:04,49478.15,49478.15,210,49479.95,30,390,2393670
BANKNIFTY-II.NFO,30/01/2025,09:17:05,49478.15,49478.15,210,49478.7,30,90,2393670
BANKNIFTY-II.NFO,30/01/2025,09:17:07,49479.15,49478.15,180,49478.45,30,60,2393670
BANKNIFTY-II.NFO,30/01/2025,09:17:09,49479.1,49478.15,90,49479.9,30,120,2393670
BANKNIFTY-II.NFO,30/01/2025,09:17:10,49479.85,49478.45,60,49479.2,30,60,2393670
BANKNIFTY-II.NFO,30/01/2025,09:17:12,49478.15,49478.15,30,49479.35,30,150,2393670
BANKNIFTY-II.NFO,30/01/2025,09:17:14,49463.1,49460,120,49477.2,150,210,2393670
BANKNIFTY-II.NFO,30/01/2025,09:17:15,49471.35,49460,120,49470.25,90,330,2393670
BANKNIFTY-II.NFO,30/01/2025,09:17:17,49468.05,49460,60,49468,30,120,2393670
BANKNIFTY-II.NFO,30/01/2025,09:17:19,49460,49453.7,120,49463,30,60,2393670
BANKNIFTY-II.NFO,30/01/2025,09:17:20,49460.2,49459.45,120,49461.95,30,60,2393670
BANKNIFTY-II.NFO,30/01/2025,09:17:22,49459.35,49451.2,720,49459.85,30,750,2393670
BANKNIFTY-II.NFO,30/01/2025,09:17:23,49458.25,49451.2,720,49459.95,30,30,2393670
BANKNIFTY-II.NFO,30/01/2025,09:17:25,49459.9,49451.2,690,49459.85,30,150,2393670
BANKNIFTY-II.NFO,30/01/2025,09:17:27,49459.75,49451.25,30,49459.75,30,90,2393670
BANKNIFTY-II.NFO,30/01/2025,09:17:28,49451.35,49451.3,90,49458.3,30,150,2393670
BANKNIFTY-II.NFO,30/01/2025,09:17:30,49451.3,49451.2,690,49457.1,60,150,2393670
BANKNIFTY-II.NFO,30/01/2025,09:17:31,49458.3,49451.2,690,49458.7,30,180,2393670
BANKNIFTY-II.NFO,30/01/2025,09:17:33,49451.2,49451.2,180,49458.25,30,630,2393670
BANKNIFTY-II.NFO,30/01/2025,09:17:34,49459.2,49455,30,49460,30,90,2393670
BANKNIFTY-II.NFO,30/01/2025,09:17:36,49460,49451.2,180,49460.1,30,120,2393670
BANKNIFTY-II.NFO,30/01/2025,09:17:38,49451.2,49451.2,150,49457.6,30,30,2393670
BANKNIFTY-II.NFO,30/01/2025,09:17:39,49455,49440,720,49454.7,30,480,2393670
BANKNIFTY-II.NFO,30/01/2025,09:17:41,49458.7,49443.65,120,49459.6,150,150,2393670
BANKNIFTY-II.NFO,30/01/2025,09:17:43,49455.3,49443.75,120,49455.3,300,300,2393670
BANKNIFTY-II.NFO,30/01/2025,09:17:44,49442.75,49442.85,120,49459.75,60,30,2393670
BANKNIFTY-II.NFO,30/01/2025,09:17:46,49447.15,49447.15,60,49463.1,30,30,2393670
BANKNIFTY-II.NFO,30/01/2025,09:17:47,49459.65,49458.7,60,49463.05,30,30,2393670
BANKNIFTY-II.NFO,30/01/2025,09:17:49,49458.7,49458.7,60,49463.05,30,60,2393670
BANKNIFTY-II.NFO,30/01/2025,09:17:51,49462.7,49459.65,30,49462.75,30,30,2393670
BANKNIFTY-II.NFO,30/01/2025,09:17:52,49463.05,49459.65,30,49461.7,30,30,2393670
BANKNIFTY-II.NFO,30/01/2025,09:17:54,49455,49455,750,49461.5,30,270,2393670
BANKNIFTY-II.NFO,30/01/2025,09:17:56,49457.8,49455,750,49458.55,30,210,2393670
BANKNIFTY-II.NFO,30/01/2025,09:17:57,49458.45,49455,720,49457.25,30,90,2393670
BANKNIFTY-II.NFO,30/01/2025,09:17:59,49450,49440,720,49453.8,240,900,2393670
BANKNIFTY-II.NFO,30/01/2025,09:18:00,49440,49440,660,49446.75,30,90,2393670
BANKNIFTY-II.NFO,30/01/2025,09:18:02,49443,49440,390,49442.75,30,330,2393670
BANKNIFTY-II.NFO,30/01/2025,09:18:04,49446.75,49440,390,49442.7,30,90,2393670
BANKNIFTY-II.NFO,30/01/2025,09:18:05,49442.85,49450,60,49453.8,30,120,2393670
BANKNIFTY-II.NFO,30/01/2025,09:18:07,49453.7,49440,390,49454.25,90,780,2393670
BANKNIFTY-II.NFO,30/01/2025,09:18:09,49453.75,49442.75,30,49453.85,30,90,2393670
BANKNIFTY-II.NFO,30/01/2025,09:18:10,49446.75,49445.1,120,49453.85,30,60,2393670
BANKNIFTY-II.NFO,30/01/2025,09:18:12,49445.05,49445,30,49452.45,30,30,2393670
BANKNIFTY-II.NFO,30/01/2025,09:18:14,49451.05,49445,30,49450.25,30,30,2393670
BANKNIFTY-II.NFO,30/01/2025,09:18:15,49451.05,49445,30,49448.75,30,0,2393670
BANKNIFTY-II.NFO,30/01/2025,09:18:17,49447.6,49440,1050,49448.5,30,120,2393670
BANKNIFTY-II.NFO,30/01/2025,09:18:19,49440,49440,1020,49448.45,30,60,2393670
BANKNIFTY-II.NFO,30/01/2025,09:18:20,49440,49440,1080,49445.7,30,30,2393670
BANKNIFTY-II.NFO,30/01/2025,09:18:22,49440,49440,1080,49442.95,30,0,2393670
BANKNIFTY-II.NFO,30/01/2025,09:18:24,49442.95,49440,1080,49442.9,30,30,2393670
BANKNIFTY-II.NFO,30/01/2025,09:18:25,49440,49440,1050,49442.85,30,180,2393670
BANKNIFTY-II.NFO,30/01/2025,09:18:27,49442.85,49443,270,49444.15,30,150,2393670
BANKNIFTY-II.NFO,30/01/2025,09:18:29,49450.25,49443,240,49450.8,30,300,2393670
BANKNIFTY-II.NFO,30/01/2025,09:18:31,49450.5,49443,240,49449.9,30,210,2393670
BANKNIFTY-II.NFO,30/01/2025,09:18:32,49443,49443,180,49447.65,30,60,2393670
BANKNIFTY-II.NFO,30/01/2025,09:18:34,49440,49440,1320,49442.75,30,360,2393670
BANKNIFTY-II.NFO,30/01/2025,09:18:36,49440,49440,1320,49442.4,30,0,2393670
BANKNIFTY-II.NFO,30/01/2025,09:18:37,49442.7,49440,1260,49443,360,60,2393670
BANKNIFTY-II.NFO,30/01/2025,09:18:39,49440,49440,1170,49442.95,30,120,2393670
BANKNIFTY-II.NFO,30/01/2025,09:18:40,49444.8,49442.9,30,49449.65,30,60,2393670
BANKNIFTY-II.NFO,30/01/2025,09:18:42,49442.9,49440,1200,49449.4,30,90,2393670
BANKNIFTY-II.NFO,30/01/2025,09:18:44,49440,49440,1170,49447.9,30,30,2393670
BANKNIFTY-II.NFO,30/01/2025,09:18:45,49451.25,49440,1170,49451.5,30,90,2393670
BANKNIFTY-II.NFO,30/01/2025,09:18:47,49446.8,49440,1200,49446.2,30,30,2393670
BANKNIFTY-II.NFO,30/01/2025,09:18:49,49440,49440,1140,49444.8,30,60,2393670
BANKNIFTY-II.NFO,30/01/2025,09:18:50,49440,49440,1110,49443.7,30,30,2393670
BANKNIFTY-II.NFO,30/01/2025,09:18:52,49440,49440,990,49441.4,30,120,2393670
BANKNIFTY-II.NFO,30/01/2025,09:18:54,49443.65,49440,960,49443.6,30,180,2393670
BANKNIFTY-II.NFO,30/01/2025,09:18:55,49444.8,49440,870,49449.55,30,180,2393670
BANKNIFTY-II.NFO,30/01/2025,09:18:57,49440,49440,870,49448.3,150,90,2393670
BANKNIFTY-II.NFO,30/01/2025,09:18:59,49447.85,49440.05,120,49446.95,60,30,2393670
BANKNIFTY-II.NFO,30/01/2025,09:19:00,49442,49440,2640,49445.6,120,30,2393670
BANKNIFTY-II.NFO,30/01/2025,09:19:02,49444.7,49440,2610,49444.8,30,60,2393670
BANKNIFTY-II.NFO,30/01/2025,09:19:04,49447.85,49440,2610,49448.35,30,90,2393670
BANKNIFTY-II.NFO,30/01/2025,09:19:05,49444.75,49440,2700,49447.6,120,30,2393670
BANKNIFTY-II.NFO,30/01/2025,09:19:07,49449.45,49440,2670,49448.25,30,210,2400060
BANKNIFTY-II.NFO,30/01/2025,09:19:09,49440,49440,2550,49445.6,90,180,2400060
BANKNIFTY-II.NFO,30/01/2025,09:19:10,49440,49440,1950,49442.25,150,630,2400060
BANKNIFTY-II.NFO,30/01/2025,09:19:12,49440.05,49440,240,49447.2,180,1740,2400060
BANKNIFTY-II.NFO,30/01/2025,09:19:14,49440,49430.8,90,49444.3,150,240,2400060
BANKNIFTY-II.NFO,30/01/2025,09:19:15,49430.85,49430.85,120,49441.45,120,60,2400060
BANKNIFTY-II.NFO,30/01/2025,09:19:17,49430.85,49431.05,120,49439.4,60,0,2400060
BANKNIFTY-II.NFO,30/01/2025,09:19:19,49431.05,49431.05,120,49437.05,30,30,2400060
BANKNIFTY-II.NFO,30/01/2025,09:19:20,49431.05,49431.05,120,49434.2,30,0,2400060
BANKNIFTY-II.NFO,30/01/2025,09:19:22,49432.1,49431.1,30,49431.45,60,30,2400060
BANKNIFTY-II.NFO,30/01/2025,09:19:24,49430,49424.35,120,49429.9,30,420,2400060
BANKNIFTY-II.NFO,30/01/2025,09:19:25,49417.35,49417,90,49428.05,30,90,2400060
BANKNIFTY-II.NFO,30/01/2025,09:19:27,49417,49413.05,60,49422.85,30,180,2400060
BANKNIFTY-II.NFO,30/01/2025,09:19:29,49413.05,49413,450,49426,30,60,2400060
BANKNIFTY-II.NFO,30/01/2025,09:19:30,49413.05,49413.05,60,49424.55,30,30,2400060
BANKNIFTY-II.NFO,30/01/2025,09:19:32,49413.05,49413,450,49424.8,30,30,2400060
BANKNIFTY-II.NFO,30/01/2025,09:19:34,49413.05,49413.05,60,49424.8,30,0,2400060
BANKNIFTY-II.NFO,30/01/2025,09:19:36,49413.45,49413,450,49419.8,60,30,2400060
BANKNIFTY-II.NFO,30/01/2025,09:19:37,49414.8,49413,450,49419.8,60,60,2400060
BANKNIFTY-II.NFO,30/01/2025,09:19:39,49413,49415,60,49419.8,120,90,2400060
BANKNIFTY-II.NFO,30/01/2025,09:19:41,49417.7,49415,30,49419.8,120,180,2400060
BANKNIFTY-II.NFO,30/01/2025,09:19:42,49424.8,49423.4,120,49428.65,30,150,2400060
BANKNIFTY-II.NFO,30/01/2025,09:19:44,49426.95,49424.65,30,49429.8,30,120,2400060
BANKNIFTY-II.NFO,30/01/2025,09:19:46,49417.45,49424.65,30,49428.7,30,150,2400060
BANKNIFTY-II.NFO,30/01/2025,09:19:47,49424.65,49420.3,300,49428.7,30,30,2400060
BANKNIFTY-II.NFO,30/01/2025,09:19:49,49424.65,49424.65,30,49428.7,30,0,2400060
BANKNIFTY-II.NFO,30/01/2025,09:19:51,49424.65,49420.8,300,49428.65,30,120,2400060
BANKNIFTY-II.NFO,30/01/2025,09:19:52,49424.65,49424.65,30,49424.8,30,0,2400060
BANKNIFTY-II.NFO,30/01/2025,09:19:54,49429.95,49428.85,30,49430,180,90,2400060
BANKNIFTY-II.NFO,30/01/2025,09:19:56,49424.65,49416.65,60,49428.65,30,60,2400060
BANKNIFTY-II.NFO,30/01/2025,09:19:57,49427.45,49413.45,30,49427.4,60,90,2400060
BANKNIFTY-II.NFO,30/01/2025,09:19:59,49427.45,49420.5,360,49429,30,0,2400060
BANKNIFTY-II.NFO,30/01/2025,09:20:01,49420.5,49420.5,360,49424.75,30,30,2400060
BANKNIFTY-II.NFO,30/01/2025,09:20:02,49420.5,49420.5,360,49424.7,60,0,2400060
BANKNIFTY-II.NFO,30/01/2025,09:20:04,49424.65,49420.55,90,49430,240,300,2400060
BANKNIFTY-II.NFO,30/01/2025,09:20:06,49424.65,49420.6,90,49430,240,0,2400060
BANKNIFTY-II.NFO,30/01/2025,09:20:07,49430,49424.05,60,49430,150,90,2400060
BANKNIFTY-II.NFO,30/01/2025,09:20:09,49430.1,49427.2,30,49439.95,120,180,2400060
BANKNIFTY-II.NFO,30/01/2025,09:20:10,49445.6,49429,180,49442.45,120,540,2400060
BANKNIFTY-II.NFO,30/01/2025,09:20:12,49445.6,49436.05,60,49443.2,30,0,2400060
BANKNIFTY-II.NFO,30/01/2025,09:20:14,49436.05,49436.05,60,49444.55,30,30,2400060
BANKNIFTY-II.NFO,30/01/2025,09:20:15,49449.75,49436.05,60,49445.25,30,60,2400060
BANKNIFTY-II.NFO,30/01/2025,09:20:17,49436.15,49436.1,30,49442.55,30,30,2400060
BANKNIFTY-II.NFO,30/01/2025,09:20:19,49442.8,49436.1,60,49442.9,30,30,2400060
BANKNIFTY-II.NFO,30/01/2025,09:20:20,49442.8,49436.15,60,49441.55,30,0,2400060
BANKNIFTY-II.NFO,30/01/2025,09:20:22,49449.65,49442.4,30,49449.7,30,360,2400060
BANKNIFTY-II.NFO,30/01/2025,09:20:24,49442.05,49442.45,30,49447.8,120,60,2400060
BANKNIFTY-II.NFO,30/01/2025,09:20:25,49444.9,49442.45,60,49444.45,30,30,2400060
BANKNIFTY-II.NFO,30/01/2025,09:20:27,49445,49442.5,60,49447.75,120,60,2400060
BANKNIFTY-II.NFO,30/01/2025,09:20:29,49445.05,49442.6,90,49449.95,30,60,2400060
BANKNIFTY-II.NFO,30/01/2025,09:20:30,49445,49445,30,49448.75,30,30,2400060
BANKNIFTY-II.NFO,30/01/2025,09:20:32,49445,49445,90,49446.15,30,30,2400060
BANKNIFTY-II.NFO,30/01/2025,09:20:34,49442.05,49442.05,90,49443.15,30,120,2400060
BANKNIFTY-II.NFO,30/01/2025,09:20:35,49436.85,49436.9,30,49444.9,30,360,2400060
BANKNIFTY-II.NFO,30/01/2025,09:20:37,49436.85,49436.15,30,49441.9,30,0,2400060
BANKNIFTY-II.NFO,30/01/2025,09:20:39,49445,49445,120,49449.2,60,210,2400060
BANKNIFTY-II.NFO,30/01/2025,09:20:40,49445,49445,60,49446.8,30,90,2400060
BANKNIFTY-II.NFO,30/01/2025,09:20:42,49444.9,49436.05,30,49443.1,30,90,2400060
BANKNIFTY-II.NFO,30/01/2025,09:20:44,49436,49435.1,90,49444.15,30,1050,2400060
BANKNIFTY-II.NFO,30/01/2025,09:20:45,49449.9,49435.05,150,49449.6,120,300,2400060
BANKNIFTY-II.NFO,30/01/2025,09:20:47,49435.15,49435.1,240,49449.9,90,90,2400060
BANKNIFTY-II.NFO,30/01/2025,09:20:49,49435.15,49436,60,49447,120,0,2400060
BANKNIFTY-II.NFO,30/01/2025,09:20:50,49436,49435,30,49439.9,120,150,2400060
BANKNIFTY-II.NFO,30/01/2025,09:20:52,49438.4,49430,1800,49439.8,30,150,2400060
BANKNIFTY-II.NFO,30/01/2025,09:20:54,49439.3,49435,30,49439.95,30,150,2400060
BANKNIFTY-II.NFO,30/01/2025,09:20:55,49435,49435.15,960,49440.05,30,30,2400060
BANKNIFTY-II.NFO,30/01/2025,09:20:57,49435.2,49436.15,300,49440,90,90,2400060
BANKNIFTY-II.NFO,30/01/2025,09:20:59,49444.2,49443.65,330,49448.05,30,180,2400060
BANKNIFTY-II.NFO,30/01/2025,09:21:00,49450,49452.4,120,49455,30,360,2400060
BANKNIFTY-II.NFO,30/01/2025,09:21:02,49451.4,49452.4,60,49454.95,30,30,2400060
BANKNIFTY-II.NFO,30/01/2025,09:21:04,49455.55,49455.85,60,49460,30,180,2400060
BANKNIFTY-II.NFO,30/01/2025,09:21:05,49459.95,49455.85,60,49459.95,120,30,2400060
BANKNIFTY-II.NFO,30/01/2025,09:21:07,49455.85,49455.85,30,49460,30,30,2400060
BANKNIFTY-II.NFO,30/01/2025,09:21:09,49455.85,49455.85,30,49459.95,120,0,2400060
BANKNIFTY-II.NFO,30/01/2025,09:21:10,49455.85,49455.85,30,49459.55,150,0,2400060
BANKNIFTY-II.NFO,30/01/2025,09:21:12,49459.95,49455.85,60,49459.95,90,90,2400060
BANKNIFTY-II.NFO,30/01/2025,09:21:14,49459.95,49455.85,60,49459.95,90,0,2400060
BANKNIFTY-II.NFO,30/01/2025,09:21:15,49459.95,49449.05,150,49459.95,60,630,2400060
BANKNIFTY-II.NFO,30/01/2025,09:21:17,49456.9,49455.65,120,49469.7,60,240,2400060
BANKNIFTY-II.NFO,30/01/2025,09:21:19,49456.9,49462,90,49469.8,90,60,2400060
BANKNIFTY-II.NFO,30/01/2025,09:21:20,49474.6,49458.7,30,49474.6,90,210,2400060
BANKNIFTY-II.NFO,30/01/2025,09:21:22,49474.6,49458.2,780,49471.45,120,0,2400060
BANKNIFTY-II.NFO,30/01/2025,09:21:24,49474.6,49460.65,120,49473.95,60,0,2400060
BANKNIFTY-II.NFO,30/01/2025,09:21:25,49463,49463.95,30,49474.95,30,30,2400060
BANKNIFTY-II.NFO,30/01/2025,09:21:27,49474.95,49474.6,30,49475,150,60,2400060
BANKNIFTY-II.NFO,30/01/2025,09:21:29,49474.6,49474.85,270,49475,150,30,2400060
BANKNIFTY-II.NFO,30/01/2025,09:21:30,49474.85,49474.85,300,49475,120,60,2400060
BANKNIFTY-II.NFO,30/01/2025,09:21:32,49474.95,49474.85,300,49474.95,60,120,2400060
BANKNIFTY-II.NFO,30/01/2025,09:21:34,49475,49474.95,30,49475,120,150,2400060
BANKNIFTY-II.NFO,30/01/2025,09:21:35,49478.15,49474.95,90,49479.95,30,210,2400060
BANKNIFTY-II.NFO,30/01/2025,09:21:37,49475,49474.95,30,49478.05,30,60,2400060
BANKNIFTY-II.NFO,30/01/2025,09:21:39,49474.95,49474.85,180,49478,60,30,2400060
BANKNIFTY-II.NFO,30/01/2025,09:21:40,49474.95,49475,60,49477.9,30,0,2400060
BANKNIFTY-II.NFO,30/01/2025,09:21:42,49474.95,49475,60,49477.1,30,0,2400060
BANKNIFTY-II.NFO,30/01/2025,09:21:44,49472.6,49465,30,49472.65,30,360,2400060
BANKNIFTY-II.NFO,30/01/2025,09:21:45,49472.6,49465,30,49468.45,120,0,2400060
BANKNIFTY-II.NFO,30/01/2025,09:21:47,49466.45,49460.6,30,49465.55,60,120,2400060
BANKNIFTY-II.NFO,30/01/2025,09:21:49,49465.1,49460,30,49465.15,30,60,2400060
BANKNIFTY-II.NFO,30/01/2025,09:21:50,49465.1,49460,30,49463.5,30,0,2400060
BANKNIFTY-II.NFO,30/01/2025,09:21:52,49465.1,49460,30,49463.4,180,0,2400060
BANKNIFTY-II.NFO,30/01/2025,09:21:54,49459.8,49450,540,49463.3,120,270,2400060
BANKNIFTY-II.NFO,30/01/2025,09:21:55,49459.8,49450,540,49459.75,120,0,2400060
BANKNIFTY-II.NFO,30/01/2025,09:21:57,49459.8,49450.05,150,49463.25,120,150,2400060
BANKNIFTY-II.NFO,30/01/2025,09:21:59,49462.25,49450,540,49460.8,90,60,2400060
BANKNIFTY-II.NFO,30/01/2025,09:22:00,49460.45,49459.8,30,49459.95,90,60,2400060
BANKNIFTY-II.NFO,30/01/2025,09:22:02,49458.55,49450,510,49458.5,30,150,2400060
BANKNIFTY-II.NFO,30/01/2025,09:22:04,49457.8,49450.05,120,49457.75,30,30,2400060
BANKNIFTY-II.NFO,30/01/2025,09:22:05,49458.5,49450.05,180,49459.8,30,90,2400060
BANKNIFTY-II.NFO,30/01/2025,09:22:07,49451.35,49451.35,210,49464.75,60,330,2400060
BANKNIFTY-II.NFO,30/01/2025,09:22:09,49451.35,49459.9,30,49464.55,30,0,2405610
BANKNIFTY-II.NFO,30/01/2025,09:22:10,49464.55,49459.9,30,49464.75,30,30,2405610
BANKNIFTY-II.NFO,30/01/2025,09:22:12,49458.6,49458.5,30,49459.15,90,60,2405610
BANKNIFTY-II.NFO,30/01/2025,09:22:14,49458.5,49450,600,49459.1,90,30,2405610
BANKNIFTY-II.NFO,30/01/2025,09:22:15,49460.35,49450,600,49459.65,30,210,2405610
BANKNIFTY-II.NFO,30/01/2025,09:22:17,49463.85,49459.1,30,49463.85,90,60,2405610
BANKNIFTY-II.NFO,30/01/2025,09:22:19,49463.85,49459.1,30,49463.75,150,0,2405610
BANKNIFTY-II.NFO,30/01/2025,09:22:20,49463.1,49452,30,49463.1,60,90,2405610
BANKNIFTY-II.NFO,30/01/2025,09:22:22,49463.1,49452.05,30,49463.55,30,0,2405610
BANKNIFTY-II.NFO,30/01/2025,09:22:24,49463.55,49463.15,30,49463.4,120,30,2405610
BANKNIFTY-II.NFO,30/01/2025,09:22:25,49463.1,49452,30,49461.8,30,150,2405610
BANKNIFTY-II.NFO,30/01/2025,09:22:27,49460.35,49452,30,49459.25,30,30,2405610
BANKNIFTY-II.NFO,30/01/2025,09:22:29,49460.35,49452,60,49459,120,0,2405610
BANKNIFTY-II.NFO,30/01/2025,09:22:30,49458.5,49452,60,49458.5,120,30,2405610
BANKNIFTY-II.NFO,30/01/2025,09:22:32,49458.5,49452,30,49458.4,30,120,2405610
BANKNIFTY-II.NFO,30/01/2025,09:22:34,49458.5,49450,630,49458.4,120,0,2405610
BANKNIFTY-II.NFO,30/01/2025,09:22:35,49458.35,49450.05,30,49458.4,90,60,2405610
BANKNIFTY-II.NFO,30/01/2025,09:22:37,49458.35,49450.05,30,49459.95,90,0,2405610
BANKNIFTY-II.NFO,30/01/2025,09:22:39,49459.95,49450.05,30,49454.65,60,30,2405610
BANKNIFTY-II.NFO,30/01/2025,09:22:40,49450.05,49450,630,49454.45,60,30,2405610
BANKNIFTY-II.NFO,30/01/2025,09:22:42,49450.05,49450,330,49454.4,90,390,2405610
BANKNIFTY-II.NFO,30/01/2025,09:22:44,49450.05,49450,330,49454.35,120,60,2405610
BANKNIFTY-II.NFO,30/01/2025,09:22:45,49454.35,49450,360,49454.35,60,60,2405610
BANKNIFTY-II.NFO,30/01/2025,09:22:47,49454.2,49450.05,30,49454.2,120,60,2405610
BANKNIFTY-II.NFO,30/01/2025,09:22:49,49454.2,49450.05,30,49454.1,120,0,2405610
BANKNIFTY-II.NFO,30/01/2025,09:22:50,49454.2,49450.05,30,49453.95,120,0,2405610
BANKNIFTY-II.NFO,30/01/2025,09:22:52,49450.05,49450,390,49453.9,30,150,2405610
BANKNIFTY-II.NFO,30/01/2025,09:22:54,49454.35,49450,390,49453.85,30,90,2405610
BANKNIFTY-II.NFO,30/01/2025,09:22:55,49452.85,49450,420,49453.8,120,30,2405610
BANKNIFTY-II.NFO,30/01/2025,09:22:57,49453.8,49450,360,49453.8,30,150,2405610
BANKNIFTY-II.NFO,30/01/2025,09:22:59,49453.8,49450,390,49453.7,30,0,2405610
BANKNIFTY-II.NFO,30/01/2025,09:23:00,49450,49440,60,49447.95,30,390,2405610
BANKNIFTY-II.NFO,30/01/2025,09:23:02,49440,49440,30,49449.9,30,60,2405610
BANKNIFTY-II.NFO,30/01/2025,09:23:04,49437.45,49437.45,690,49449.8,30,150,2405610
BANKNIFTY-II.NFO,30/01/2025,09:23:05,49437.45,49437.55,690,49447.95,30,0,2405610
BANKNIFTY-II.NFO,30/01/2025,09:23:07,49449.4,49437.6,30,49445.95,30,180,2405610
BANKNIFTY-II.NFO,30/01/2025,09:23:09,49440.15,49440,30,49450,390,270,2405610
BANKNIFTY-II.NFO,30/01/2025,09:23:10,49440.15,49440.05,120,49450,390,0,2405610
BANKNIFTY-II.NFO,30/01/2025,09:23:12,49440.05,49436.4,750,49449.7,90,60,2405610
BANKNIFTY-II.NFO,30/01/2025,09:23:14,49449.7,49436.7,150,49449.7,60,30,2405610
BANKNIFTY-II.NFO,30/01/2025,09:23:15,49436.65,49449.7,30,49450,390,30,2405610
BANKNIFTY-II.NFO,30/01/2025,09:23:17,49440.15,49436.4,750,49449.65,90,60,2405610
BANKNIFTY-II.NFO,30/01/2025,09:23:19,49447.9,49436.4,750,49449.2,90,180,2405610
BANKNIFTY-II.NFO,30/01/2025,09:23:20,49449,49435.4,180,49450,450,30,2405610
BANKNIFTY-II.NFO,30/01/2025,09:23:22,49439,49439,30,49450,420,60,2405610
BANKNIFTY-II.NFO,30/01/2025,09:23:24,49449.3,49439,60,49449.3,60,30,2405610
BANKNIFTY-II.NFO,30/01/2025,09:23:25,49439,49439,30,49445.95,30,60,2405610
BANKNIFTY-II.NFO,30/01/2025,09:23:27,49447.9,49447.9,840,49449.75,30,120,2405610
BANKNIFTY-II.NFO,30/01/2025,09:23:29,49447.9,49447.9,870,49449.65,30,0,2405610
BANKNIFTY-II.NFO,30/01/2025,09:23:30,49447.9,49447.95,30,49449.6,90,0,2405610
BANKNIFTY-II.NFO,30/01/2025,09:23:32,49447.9,49448,30,49449.6,90,0,2405610
BANKNIFTY-II.NFO,30/01/2025,09:23:34,49450,49448.1,120,49455,30,540,2405610
BANKNIFTY-II.NFO,30/01/2025,09:23:35,49450.05,49450.05,120,49458.45,30,30,2405610
BANKNIFTY-II.NFO,30/01/2025,09:23:37,49450,49450.05,30,49454.75,30,30,2405610
BANKNIFTY-II.NFO,30/01/2025,09:23:39,49450,49450.1,30,49454.75,30,0,2405610
BANKNIFTY-II.NFO,30/01/2025,09:23:40,49454.75,49450.2,120,49454.75,120,30,2405610
BANKNIFTY-II.NFO,30/01/2025,09:23:42,49454.75,49450.25,120,49454.75,120,0,2405610
BANKNIFTY-II.NFO,30/01/2025,09:23:44,49450,49449.65,30,49458.45,30,210,2405610
BANKNIFTY-II.NFO,30/01/2025,09:23:45,49450,49449.7,120,49458.4,120,0,2405610
BANKNIFTY-II.NFO,30/01/2025,09:23:47,49449.65,49448.25,90,49455.9,120,30,2405610
BANKNIFTY-II.NFO,30/01/2025,09:23:49,49449.65,49449.85,870,49458.45,30,60,2405610
BANKNIFTY-II.NFO,30/01/2025,09:23:50,49449.65,49447.95,750,49458.45,60,0,2405610
BANKNIFTY-II.NFO,30/01/2025,09:23:52,49447.9,49449.65,30,49457.95,30,60,2405610
BANKNIFTY-II.NFO,30/01/2025,09:23:54,49454.8,49449.7,120,49458.4,30,60,2405610
BANKNIFTY-II.NFO,30/01/2025,09:23:56,49451,49449.65,120,49458.4,30,30,2405610
BANKNIFTY-II.NFO,30/01/2025,09:23:57,49458.6,49453.1,150,49464.75,120,120,2405610
BANKNIFTY-II.NFO,30/01/2025,09:23:59,49465,49462.4,60,49469.85,30,120,2405610
BANKNIFTY-II.NFO,30/01/2025,09:24:01,49460.5,49460.7,120,49469.75,90,60,2405610
BANKNIFTY-II.NFO,30/01/2025,09:24:02,49464.8,49460.6,120,49469.45,90,90,2405610
BANKNIFTY-II.NFO,30/01/2025,09:24:04,49464.8,49460.95,90,49469.75,30,0,2405610
BANKNIFTY-II.NFO,30/01/2025,09:24:06,49460,49460,30,49467.9,90,60,2405610
BANKNIFTY-II.NFO,30/01/2025,09:24:07,49455.5,49454.1,180,49465.75,60,90,2405610
BANKNIFTY-II.NFO,30/01/2025,09:24:09,49465.8,49452.75,750,49465.75,120,30,2405610
BANKNIFTY-II.NFO,30/01/2025,09:24:11,49452.6,49451,30,49459.85,30,60,2405610
BANKNIFTY-II.NFO,30/01/2025,09:24:12,49461.75,49451,30,49459.95,30,150,2405610
BANKNIFTY-II.NFO,30/01/2025,09:24:14,49461.4,49453.65,60,49461.75,30,180,2405610
BANKNIFTY-II.NFO,30/01/2025,09:24:16,49461.95,49454.05,90,49463.95,30,60,2405610
BANKNIFTY-II.NFO,30/01/2025,09:24:17,49471.95,49456.85,120,49472.2,30,480,2405610
BANKNIFTY-II.NFO,30/01/2025,09:24:19,49472.5,49457.65,60,49469.85,120,300,2405610
BANKNIFTY-II.NFO,30/01/2025,09:24:20,49464.05,49457.7,150,49469.75,120,60,2405610
BANKNIFTY-II.NFO,30/01/2025,09:24:22,49455.25,49455,90,49467.15,120,60,2405610
BANKNIFTY-II.NFO,30/01/2025,09:24:24,49455.45,49455,90,49467.75,90,60,2405610
BANKNIFTY-II.NFO,30/01/2025,09:24:25,49455.45,49455,90,49466.95,180,0,2405610
BANKNIFTY-II.NFO,30/01/2025,09:24:27,49455.45,49457,90,49469.4,90,0,2405610
BANKNIFTY-II.NFO,30/01/2025,09:24:30,49457.5,49457.7,120,49470,60,90,2405610
BANKNIFTY-II.NFO,30/01/2025,09:24:32,49470,49459.3,780,49470,30,30,2405610
BANKNIFTY-II.NFO,30/01/2025,09:24:34,49472.45,49459.95,30,49471.9,120,180,2405610
BANKNIFTY-II.NFO,30/01/2025,09:24:35,49471.95,49460.25,870,49471.95,30,30,2405610
BANKNIFTY-II.NFO,30/01/2025,09:24:37,49461.1,49461.2,750,49471.7,120,30,2405610
BANKNIFTY-II.NFO,30/01/2025,09:24:39,49461.25,49461.35,90,49472.45,90,90,2405610
BANKNIFTY-II.NFO,30/01/2025,09:24:40,49470,49461.8,180,49472.45,90,30,2405610
BANKNIFTY-II.NFO,30/01/2025,09:24:42,49470,49467.95,90,49472.5,210,60,2405610
BANKNIFTY-II.NFO,30/01/2025,09:24:44,49466.35,49466.3,810,49472.5,210,90,2405610
BANKNIFTY-II.NFO,30/01/2025,09:24:45,49466.55,49468.85,30,49474.8,30,330,2405610
BANKNIFTY-II.NFO,30/01/2025,09:24:47,49474.95,49468.85,60,49474.95,30,360,2405610
BANKNIFTY-II.NFO,30/01/2025,09:24:49,49474.95,49474.95,30,49475,60,30,2405610
BANKNIFTY-II.NFO,30/01/2025,09:24:52,49474.95,49465.6,780,49474.8,30,60,2405610
BANKNIFTY-II.NFO,30/01/2025,09:24:54,49475,49466.55,150,49475,60,60,2405610
BANKNIFTY-II.NFO,30/01/2025,09:24:55,49475,49467.8,30,49471.35,30,30,2405610
BANKNIFTY-II.NFO,30/01/2025,09:24:57,49470.1,49471.05,60,49473.65,30,450,2405610
BANKNIFTY-II.NFO,30/01/2025,09:24:59,49475,49471.3,900,49479.95,120,120,2405610
BANKNIFTY-II.NFO,30/01/2025,09:25:00,49471.3,49471.3,780,49471.75,30,270,2405610
BANKNIFTY-II.NFO,30/01/2025,09:25:02,49471.7,49471.3,720,49471.65,30,150,2405610
BANKNIFTY-II.NFO,30/01/2025,09:25:04,49471.3,49471.3,690,49471.4,30,30,2405610
BANKNIFTY-II.NFO,30/01/2025,09:25:05,49471.3,49471.3,510,49471.6,30,240,2405610
BANKNIFTY-II.NFO,30/01/2025,09:25:07,49479.05,49471.3,510,49480,330,390,2405610
BANKNIFTY-II.NFO,30/01/2025,09:25:09,49479.95,49471.3,510,49480,330,30,2410890
BANKNIFTY-II.NFO,30/01/2025,09:25:10,49479.95,49471.9,240,49480,330,0,2410890
BANKNIFTY-II.NFO,30/01/2025,09:25:12,49471.3,49471.3,390,49480,330,120,2410890
BANKNIFTY-II.NFO,30/01/2025,09:25:14,49471.3,49471.3,390,49479.8,60,0,2410890
BANKNIFTY-II.NFO,30/01/2025,09:25:15,49479.8,49479.05,270,49479.85,30,60,2410890
BANKNIFTY-II.NFO,30/01/2025,09:25:17,49479.25,49479.05,240,49479.25,30,60,2410890
BANKNIFTY-II.NFO,30/01/2025,09:25:19,49471.3,49471.3,390,49472.25,30,300,2410890
BANKNIFTY-II.NFO,30/01/2025,09:25:20,49479.9,49471.3,390,49475.6,30,150,2410890
BANKNIFTY-II.NFO,30/01/2025,09:25:22,49475.55,49472.6,750,49479.9,30,60,2410890
BANKNIFTY-II.NFO,30/01/2025,09:25:24,49479.9,49472.3,300,49479.9,90,150,2410890
BANKNIFTY-II.NFO,30/01/2025,09:25:25,49479.9,49472.3,30,49479.85,90,0,2410890
BANKNIFTY-II.NFO,30/01/2025,09:25:27,49479.95,49479.25,30,49479.95,60,60,2410890
BANKNIFTY-II.NFO,30/01/2025,09:25:29,49479.25,49472.05,30,49479.5,30,120,2410890
BANKNIFTY-II.NFO,30/01/2025,09:25:30,49479.85,49472.05,30,49479.5,30,30,2410890
BANKNIFTY-II.NFO,30/01/2025,09:25:32,49474.8,49471.3,330,49475.4,30,30,2410890
BANKNIFTY-II.NFO,30/01/2025,09:25:34,49473.35,49474.8,30,49475.35,30,300,2410890
BANKNIFTY-II.NFO,30/01/2025,09:25:35,49473.15,49471.3,30,49473.3,30,180,2410890
BANKNIFTY-II.NFO,30/01/2025,09:25:37,49472.15,49471.3,30,49474.75,30,90,2410890
BANKNIFTY-II.NFO,30/01/2025,09:25:39,49472.15,49471.3,30,49474.75,30,90,2410890
BANKNIFTY-II.NFO,30/01/2025,09:25:40,49473.3,49473.05,30,49474.8,30,210,2410890
BANKNIFTY-II.NFO,30/01/2025,09:25:42,49473.05,49471,150,49474.75,30,30,2410890
BANKNIFTY-II.NFO,30/01/2025,09:25:44,49472.85,49471,60,49471.85,30,120,2410890
BANKNIFTY-II.NFO,30/01/2025,09:25:45,49475,49475,180,49479.75,60,420,2410890
BANKNIFTY-II.NFO,30/01/2025,09:25:47,49475,49475,150,49477.25,30,30,2410890
BANKNIFTY-II.NFO,30/01/2025,09:25:49,49475,49475,60,49475.6,30,120,2410890
BANKNIFTY-II.NFO,30/01/2025,09:25:50,49475,49471,60,49473,30,60,2410890
BANKNIFTY-II.NFO,30/01/2025,09:25:52,49472.45,49470.1,90,49472.45,30,210,2410890
BANKNIFTY-II.NFO,30/01/2025,09:25:53,49470.1,49470.1,60,49474.75,30,120,2410890
BANKNIFTY-II.NFO,30/01/2025,09:25:55,49474.8,49470,30,49474.95,30,750,2410890
BANKNIFTY-II.NFO,30/01/2025,09:25:57,49474.95,49470,30,49475,90,30,2410890
BANKNIFTY-II.NFO,30/01/2025,09:25:58,49480,49470,60,49474.9,30,600,2410890
BANKNIFTY-II.NFO,30/01/2025,09:26:00,49480,49470,90,49474.75,30,0,2410890
BANKNIFTY-II.NFO,30/01/2025,09:26:02,49480,49473.5,30,49474.65,30,0,2410890
BANKNIFTY-II.NFO,30/01/2025,09:26:03,49473.95,49470,60,49474.65,30,30,2410890
BANKNIFTY-II.NFO,30/01/2025,09:26:05,49480.25,49474.75,30,49480,60,150,2410890
BANKNIFTY-II.NFO,30/01/2025,09:26:07,49480,49474.75,30,49480,30,30,2410890
BANKNIFTY-II.NFO,30/01/2025,09:26:12,49474.75,49474.65,60,49477.35,30,30,2410890
BANKNIFTY-II.NFO,30/01/2025,09:26:14,49474.65,49474.65,60,49474.95,30,30,2410890
BANKNIFTY-II.NFO,30/01/2025,09:26:15,49475,49474.7,120,49477.4,120,150,2410890
BANKNIFTY-II.NFO,30/01/2025,09:26:17,49477.4,49474.75,120,49480,60,120,2410890
BANKNIFTY-II.NFO,30/01/2025,09:26:19,49474,49471.8,180,49480.3,30,360,2410890
BANKNIFTY-II.NFO,30/01/2025,09:26:20,49474,49474.75,30,49480.15,30,0,2410890
BANKNIFTY-II.NFO,30/01/2025,09:26:22,49477.4,49474.85,30,49478.95,30,720,2410890
BANKNIFTY-II.NFO,30/01/2025,09:26:24,49475.75,49474.75,30,49475.25,30,90,2410890
BANKNIFTY-II.NFO,30/01/2025,09:26:25,49474.9,49474.75,30,49474.8,30,120,2410890
BANKNIFTY-II.NFO,30/01/2025,09:26:27,49471.75,49467.35,750,49471.8,30,330,2410890
BANKNIFTY-II.NFO,30/01/2025,09:26:29,49476.65,49470,90,49476.65,30,330,2410890
BANKNIFTY-II.NFO,30/01/2025,09:26:30,49474.65,49470,90,49474.3,30,60,2410890
BANKNIFTY-II.NFO,30/01/2025,09:26:32,49465.4,49465.4,690,49470.1,30,180,2410890
BANKNIFTY-II.NFO,30/01/2025,09:26:33,49467.8,49465.5,750,49469.75,30,120,2410890
BANKNIFTY-II.NFO,30/01/2025,09:26:35,49469.8,49470.05,30,49475.05,120,90,2410890
BANKNIFTY-II.NFO,30/01/2025,09:26:37,49474.8,49474.8,120,49476.6,30,60,2410890
BANKNIFTY-II.NFO,30/01/2025,09:26:38,49472.55,49470.05,30,49472.55,30,210,2410890
BANKNIFTY-II.NFO,30/01/2025,09:26:40,49467.45,49466.6,240,49470,30,210,2410890
BANKNIFTY-II.NFO,30/01/2025,09:26:42,49466.6,49466.45,750,49474.6,30,120,2410890
BANKNIFTY-II.NFO,30/01/2025,09:26:43,49469.8,49466.65,750,49476.9,120,240,2410890
BANKNIFTY-II.NFO,30/01/2025,09:26:45,49476.9,49475.9,30,49476.95,30,30,2410890
BANKNIFTY-II.NFO,30/01/2025,09:26:48,49484.75,49475.9,60,49482.2,60,510,2410890
BANKNIFTY-II.NFO,30/01/2025,09:26:50,49477.4,49476.95,30,49487.9,30,30,2410890
BANKNIFTY-II.NFO,30/01/2025,09:26:52,49476.95,49476.95,90,49487.15,60,30,2410890
BANKNIFTY-II.NFO,30/01/2025,09:26:53,49476.95,49476.95,90,49482.35,30,0,2410890
BANKNIFTY-II.NFO,30/01/2025,09:26:55,49482.25,49476.95,120,49478.3,30,60,2410890
BANKNIFTY-II.NFO,30/01/2025,09:26:56,49477.05,49476.95,90,49477.1,30,60,2410890
BANKNIFTY-II.NFO,30/01/2025,09:26:58,49476.95,49472.55,900,49474.2,30,120,2410890
BANKNIFTY-II.NFO,30/01/2025,09:27:00,49481.25,49472.55,900,49476.95,30,300,2410890
BANKNIFTY-II.NFO,30/01/2025,09:27:01,49477.6,49472.55,900,49480,30,240,2410890
BANKNIFTY-II.NFO,30/01/2025,09:27:03,49477.6,49472.55,900,49476.95,360,0,2410890
BANKNIFTY-II.NFO,30/01/2025,09:27:04,49477.6,49472.55,900,49474.75,90,0,2410890
BANKNIFTY-II.NFO,30/01/2025,09:27:06,49472.55,49472.55,870,49474.75,60,30,2410890
BANKNIFTY-II.NFO,30/01/2025,09:27:08,49472.55,49472.6,30,49474.65,90,0,2410890
BANKNIFTY-II.NFO,30/01/2025,09:27:09,49472.6,49472.55,870,49472.85,30,60,2410890
BANKNIFTY-II.NFO,30/01/2025,09:27:11,49472.6,49472.55,870,49472.65,30,300,2410890
BANKNIFTY-II.NFO,30/01/2025,09:27:12,49472.55,49472.55,840,49474.75,30,60,2410890
BANKNIFTY-II.NFO,30/01/2025,09:27:14,49474.75,49472.6,120,49476.95,300,120,2410890
BANKNIFTY-II.NFO,30/01/2025,09:27:16,49472.6,49472.55,780,49474.75,30,30,2410890
BANKNIFTY-II.NFO,30/01/2025,09:27:17,49473.1,49474.8,120,49476.9,30,30,2410890
BANKNIFTY-II.NFO,30/01/2025,09:27:19,49474.8,49474.8,120,49476.8,30,30,2410890
BANKNIFTY-II.NFO,30/01/2025,09:27:20,49474.8,49474.8,120,49476.65,60,60,2410890
BANKNIFTY-II.NFO,30/01/2025,09:27:22,49474.8,49474.75,30,49474.85,60,0,2410890
BANKNIFTY-II.NFO,30/01/2025,09:27:24,49474.75,49472.6,120,49473.45,60,30,2410890
BANKNIFTY-II.NFO,30/01/2025,09:27:25,49473,49472.6,90,49474.25,30,90,2410890
BANKNIFTY-II.NFO,30/01/2025,09:27:27,49474.6,49473.45,90,49476.55,150,30,2410890
BANKNIFTY-II.NFO,30/01/2025,09:27:28,49474.6,49473.45,90,49473.75,30,0,2410890
BANKNIFTY-II.NFO,30/01/2025,09:27:30,49473.05,49472.55,780,49473.55,90,90,2410890
BANKNIFTY-II.NFO,30/01/2025,09:27:32,49472.6,49472.6,60,49476.65,30,330,2410890
BANKNIFTY-II.NFO,30/01/2025,09:27:33,49472.6,49472.65,30,49476.55,90,30,2410890
BANKNIFTY-II.NFO,30/01/2025,09:27:35,49472.65,49472.6,90,49476.65,30,30,2410890
BANKNIFTY-II.NFO,30/01/2025,09:27:37,49472.55,49472.55,750,49476.65,30,30,2410890
BANKNIFTY-II.NFO,30/01/2025,09:27:38,49472.55,49472.55,750,49476.65,90,0,2410890
BANKNIFTY-II.NFO,30/01/2025,09:27:40,49472.55,49472.65,30,49475.85,90,60,2410890
BANKNIFTY-II.NFO,30/01/2025,09:27:42,49472.6,49472.55,990,49475.6,60,240,2410890
BANKNIFTY-II.NFO,30/01/2025,09:27:43,49472.55,49472.55,990,49472.7,30,60,2410890
BANKNIFTY-II.NFO,30/01/2025,09:27:45,49472.6,49472.55,780,49476.65,30,390,2410890
BANKNIFTY-II.NFO,30/01/2025,09:27:47,49472.55,49472.55,750,49476.65,30,30,2410890
BANKNIFTY-II.NFO,30/01/2025,09:27:48,49472.6,49472.6,30,49476.55,30,30,2410890
BANKNIFTY-II.NFO,30/01/2025,09:27:50,49473.6,49475.6,90,49476.05,30,30,2410890
BANKNIFTY-II.NFO,30/01/2025,09:27:52,49475.25,49472.6,60,49473.8,120,120,2410890
BANKNIFTY-II.NFO,30/01/2025,09:27:53,49472.55,49472.55,300,49472.9,30,720,2410890
BANKNIFTY-II.NFO,30/01/2025,09:27:55,49474.8,49472.55,330,49476.6,30,120,2410890
BANKNIFTY-II.NFO,30/01/2025,09:27:57,49476.6,49472.55,360,49474.95,30,30,2410890
BANKNIFTY-II.NFO,30/01/2025,09:27:58,49475,49475,60,49476.65,30,240,2410890
BANKNIFTY-II.NFO,30/01/2025,09:28:00,49475,49475,30,49475.35,30,30,2410890
BANKNIFTY-II.NFO,30/01/2025,09:28:02,49475,49472.55,60,49473.2,30,30,2410890
BANKNIFTY-II.NFO,30/01/2025,09:28:03,49472.85,49472.55,60,49472.6,150,30,2410890
BANKNIFTY-II.NFO,30/01/2025,09:28:05,49471.2,49470,60,49472.55,30,300,2410890
BANKNIFTY-II.NFO,30/01/2025,09:28:07,49472.45,49470,30,49472.5,150,90,2410890
BANKNIFTY-II.NFO,30/01/2025,09:28:08,49469.8,49468.15,750,49472.4,30,60,2419950
BANKNIFTY-II.NFO,30/01/2025,09:28:10,49470.4,49467.2,120,49472.45,30,300,2419950
BANKNIFTY-II.NFO,30/01/2025,09:28:12,49470.4,49469.8,30,49472.45,30,0,2419950
BANKNIFTY-II.NFO,30/01/2025,09:28:14,49470,49468,120,49472.3,60,90,2419950
BANKNIFTY-II.NFO,30/01/2025,09:28:15,49472.6,49469.5,120,49472.75,120,180,2419950
BANKNIFTY-II.NFO,30/01/2025,09:28:17,49472.4,49468.85,120,49472.7,30,30,2419950
BANKNIFTY-II.NFO,30/01/2025,09:28:19,49472.7,49468.6,150,49472.75,120,60,2419950
BANKNIFTY-II.NFO,30/01/2025,09:28:20,49472.7,49466.45,120,49472.8,30,0,2419950
BANKNIFTY-II.NFO,30/01/2025,09:28:22,49472.7,49472.7,60,49472.75,150,30,2419950
BANKNIFTY-II.NFO,30/01/2025,09:28:24,49472.95,49474.35,150,49476.55,60,240,2419950
BANKNIFTY-II.NFO,30/01/2025,09:28:25,49476.55,49475.6,30,49476.6,30,30,2419950
BANKNIFTY-II.NFO,30/01/2025,09:28:27,49476,49472.7,30,49475.85,60,30,2419950
BANKNIFTY-II.NFO,30/01/2025,09:28:29,49474.75,49472.7,60,49474.7,60,30,2419950
BANKNIFTY-II.NFO,30/01/2025,09:28:30,49475.85,49475.85,30,49475.9,720,150,2419950
BANKNIFTY-II.NFO,30/01/2025,09:28:32,49475.85,49473.75,30,49474.1,30,0,2419950
BANKNIFTY-II.NFO,30/01/2025,09:28:34,49475.85,49473.65,30,49473.7,30,0,2419950
BANKNIFTY-II.NFO,30/01/2025,09:28:35,49473.65,49472.7,30,49473.1,30,30,2419950
BANKNIFTY-II.NFO,30/01/2025,09:28:37,49464.35,49462.65,30,49465.4,60,60,2419950
BANKNIFTY-II.NFO,30/01/2025,09:28:39,49466.55,49463.35,750,49470.45,120,300,2419950
BANKNIFTY-II.NFO,30/01/2025,09:28:40,49470.4,49463.2,750,49470.45,120,30,2419950
BANKNIFTY-II.NFO,30/01/2025,09:28:42,49470.4,49466.55,30,49470.45,120,0,2419950
BANKNIFTY-II.NFO,30/01/2025,09:28:45,49469.8,49466.55,30,49470.45,120,30,2419950
BANKNIFTY-II.NFO,30/01/2025,09:28:47,49466.55,49464.5,120,49470.4,30,60,2419950
BANKNIFTY-II.NFO,30/01/2025,09:28:49,49466.55,49465,870,49470.4,60,0,2419950
BANKNIFTY-II.NFO,30/01/2025,09:28:50,49466.55,49464.45,120,49470.4,60,0,2419950
BANKNIFTY-II.NFO,30/01/2025,09:28:52,49466,49464.25,870,49469.8,90,30,2419950
BANKNIFTY-II.NFO,30/01/2025,09:28:54,49466,49463.75,120,49469.6,60,0,2419950
BANKNIFTY-II.NFO,30/01/2025,09:28:55,49470.55,49466.55,120,49474.2,30,180,2419950
BANKNIFTY-II.NFO,30/01/2025,09:28:57,49474.2,49465.9,120,49474.25,120,30,2419950
BANKNIFTY-II.NFO,30/01/2025,09:28:59,49470,49465.25,750,49470.05,30,30,2419950
BANKNIFTY-II.NFO,30/01/2025,09:29:00,49464.75,49462.6,30,49469.5,30,90,2419950
BANKNIFTY-II.NFO,30/01/2025,09:29:02,49469.5,49462.55,30,49469.25,60,30,2419950
BANKNIFTY-II.NFO,30/01/2025,09:29:04,49461,49460,180,49461.1,30,60,2419950
BANKNIFTY-II.NFO,30/01/2025,09:29:05,49460.55,49460,180,49460.1,60,30,2419950
BANKNIFTY-II.NFO,30/01/2025,09:29:07,49460,49460,60,49462.4,150,120,2419950
BANKNIFTY-II.NFO,30/01/2025,09:29:09,49455.35,49455.35,510,49462.35,60,300,2419950
BANKNIFTY-II.NFO,30/01/2025,09:29:10,49455.35,49454.95,750,49457.55,60,0,2419950
BANKNIFTY-II.NFO,30/01/2025,09:29:12,49457.55,49454.8,240,49459.5,90,60,2419950
BANKNIFTY-II.NFO,30/01/2025,09:29:14,49454.8,49454.8,150,49457.15,30,120,2419950
BANKNIFTY-II.NFO,30/01/2025,09:29:15,49454.8,49454.8,120,49455.9,30,60,2419950
BANKNIFTY-II.NFO,30/01/2025,09:29:17,49454.8,49454.8,60,49455.05,30,120,2419950
BANKNIFTY-II.NFO,30/01/2025,09:29:19,49450.9,49450,3780,49450.9,30,150,2419950
BANKNIFTY-II.NFO,30/01/2025,09:29:20,49451.25,49451.1,150,49461.7,120,390,2419950
BANKNIFTY-II.NFO,30/01/2025,09:29:22,49454.05,49452.75,30,49461.6,30,60,2419950
BANKNIFTY-II.NFO,30/01/2025,09:29:24,49454.05,49452.65,120,49460.1,30,0,2419950
BANKNIFTY-II.NFO,30/01/2025,09:29:25,49459.8,49452.7,120,49459.8,30,30,2419950
BANKNIFTY-II.NFO,30/01/2025,09:29:27,49459.8,49453.15,750,49459.8,30,0,2419950
BANKNIFTY-II.NFO,30/01/2025,09:29:28,49459.8,49453.15,750,49459.7,30,0,2419950
BANKNIFTY-II.NFO,30/01/2025,09:29:30,49459.8,49452,150,49459.75,30,0,2419950
BANKNIFTY-II.NFO,30/01/2025,09:29:32,49459.8,49452,150,49459.7,30,0,2419950
BANKNIFTY-II.NFO,30/01/2025,09:29:33,49459.75,49452,150,49459.8,30,60,2419950
BANKNIFTY-II.NFO,30/01/2025,09:29:35,49459.75,49452,150,49459.75,30,0,2419950
BANKNIFTY-II.NFO,30/01/2025,09:29:37,49454.8,49452.6,30,49460.05,30,30,2419950
BANKNIFTY-II.NFO,30/01/2025,09:29:38,49452.05,49452,150,49460.05,30,60,2419950
BANKNIFTY-II.NFO,30/01/2025,09:29:40,49452.05,49452,150,49460.1,30,30,2419950
BANKNIFTY-II.NFO,30/01/2025,09:29:42,49452.05,49454.8,60,49460,30,0,2419950
BANKNIFTY-II.NFO,30/01/2025,09:29:43,49464.95,49454.8,60,49465,30,270,2419950
BANKNIFTY-II.NFO,30/01/2025,09:29:45,49454.8,49454.8,30,49457.35,30,30,2419950
BANKNIFTY-II.NFO,30/01/2025,09:29:47,49455.1,49454.8,30,49459.95,30,30,2419950
BANKNIFTY-II.NFO,30/01/2025,09:29:48,49454.8,49454,120,49454.75,30,30,2419950
BANKNIFTY-II.NFO,30/01/2025,09:29:50,49454.8,49454,120,49454.75,30,0,2419950
BANKNIFTY-II.NFO,30/01/2025,09:29:52,49454,49452.1,150,49454.65,30,120,2419950
BANKNIFTY-II.NFO,30/01/2025,09:29:53,49452.75,49454.1,120,49454.3,30,30,2419950
BANKNIFTY-II.NFO,30/01/2025,09:29:55,49454.1,49450,4560,49454.7,30,270,2419950
BANKNIFTY-II.NFO,30/01/2025,09:29:57,49450,49450,3840,49454.1,30,720,2419950
BANKNIFTY-II.NFO,30/01/2025,09:29:58,49450,49450,3750,49454.65,30,90,2419950
BANKNIFTY-II.NFO,30/01/2025,09:30:00,49450,49450,3630,49451.2,30,180,2419950
BANKNIFTY-II.NFO,30/01/2025,09:30:02,49450,49450,3390,49450.05,30,240,2419950
BANKNIFTY-II.NFO,30/01/2025,09:30:03,49450,49450,3000,49450.25,30,660,2419950
BANKNIFTY-II.NFO,30/01/2025,09:30:05,49450,49450,2790,49450.2,30,300,2419950
BANKNIFTY-II.NFO,30/01/2025,09:30:07,49450.05,49450,2700,49450.1,30,120,2419950
BANKNIFTY-II.NFO,30/01/2025,09:30:08,49450,49450,2640,49450.05,210,90,2419950
BANKNIFTY-II.NFO,30/01/2025,09:30:10,49450,49450,2250,49450.05,150,420,2419950
BANKNIFTY-II.NFO,30/01/2025,09:30:12,49450,49450,2160,49450.05,120,90,2419950
BANKNIFTY-II.NFO,30/01/2025,09:30:14,49450.05,49450,2160,49450.05,120,30,2419950
BANKNIFTY-II.NFO,30/01/2025,09:30:15,49450,49450,2130,49450.05,30,60,2419950
BANKNIFTY-II.NFO,30/01/2025,09:30:17,49450,49450,2070,49450.2,30,60,2419950
BANKNIFTY-II.NFO,30/01/2025,09:30:19,49450,49450,2070,49450.05,30,0,2419950
BANKNIFTY-II.NFO,30/01/2025,09:30:20,49450,49450,2040,49450.2,30,120,2419950
BANKNIFTY-II.NFO,30/01/2025,09:30:22,49450.4,49450.05,120,49458.5,30,150,2419950
BANKNIFTY-II.NFO,30/01/2025,09:30:24,49458.65,49452.95,120,49460,30,60,2419950
BANKNIFTY-II.NFO,30/01/2025,09:30:25,49458.65,49452.7,180,49459.95,30,0,2419950
BANKNIFTY-II.NFO,30/01/2025,09:30:27,49452.8,49453.3,120,49459.8,30,30,2419950
BANKNIFTY-II.NFO,30/01/2025,09:30:29,49460,49458.55,120,49459.85,30,90,2419950
BANKNIFTY-II.NFO,30/01/2025,09:30:30,49459.75,49463.05,30,49467.6,30,30,2419950
BANKNIFTY-II.NFO,30/01/2025,09:30:32,49463.55,49463.55,30,49465.1,60,60,2419950
BANKNIFTY-II.NFO,30/01/2025,09:30:34,49463.9,49463.5,30,49464.45,30,60,2419950
BANKNIFTY-II.NFO,30/01/2025,09:30:35,49463.6,49464.5,30,49465.45,30,30,2419950
BANKNIFTY-II.NFO,30/01/2025,09:30:37,49465.3,49465,30,49467.1,30,120,2419950
BANKNIFTY-II.NFO,30/01/2025,09:30:39,49465,49465.45,30,49467.05,30,30,2419950
BANKNIFTY-II.NFO,30/01/2025,09:30:40,49465,49465.45,30,49467.05,30,60,2419950
BANKNIFTY-II.NFO,30/01/2025,09:30:42,49467.05,49465.45,30,49467.15,30,60,2419950
BANKNIFTY-II.NFO,30/01/2025,09:30:44,49454.2,49454.4,750,49465.5,30,390,2419950
BANKNIFTY-II.NFO,30/01/2025,09:30:45,49460.4,49460.25,750,49466,60,150,2419950
BANKNIFTY-II.NFO,30/01/2025,09:30:47,49487.85,49483.1,30,49488.95,150,1860,2419950
BANKNIFTY-II.NFO,30/01/2025,09:30:49,49482.3,49477.95,60,49487.7,120,300,2419950
BANKNIFTY-II.NFO,30/01/2025,09:30:50,49480.7,49478.5,240,49487.4,120,30,2419950
BANKNIFTY-II.NFO,30/01/2025,09:30:52,49480.7,49478.8,240,49486.55,120,0,2419950
BANKNIFTY-II.NFO,30/01/2025,09:30:54,49482.45,49479.15,30,49485.35,120,30,2419950
BANKNIFTY-II.NFO,30/01/2025,09:30:55,49471.35,49471.4,300,49483.6,150,180,2419950
BANKNIFTY-II.NFO,30/01/2025,09:30:57,49474.4,49467.25,90,49470.8,30,30,2419950
BANKNIFTY-II.NFO,30/01/2025,09:30:59,49471.55,49470.25,750,49474.25,60,90,2419950
BANKNIFTY-II.NFO,30/01/2025,09:31:00,49471.55,49469.45,750,49474.2,30,0,2419950
BANKNIFTY-II.NFO,30/01/2025,09:31:02,49470.95,49470.4,750,49474.15,30,30,2419950
BANKNIFTY-II.NFO,30/01/2025,09:31:04,49475.7,49474.25,60,49484.95,30,300,2419950
BANKNIFTY-II.NFO,30/01/2025,09:31:05,49475.7,49483.1,30,49484.9,120,0,2419950
BANKNIFTY-II.NFO,30/01/2025,09:31:07,49484.9,49483.1,30,49484.85,30,30,2419950
BANKNIFTY-II.NFO,30/01/2025,09:31:09,49483.1,49474.3,60,49484.75,90,30,2419950
BANKNIFTY-II.NFO,30/01/2025,09:31:10,49483.1,49480,30,49484.7,30,0,2419950
BANKNIFTY-II.NFO,30/01/2025,09:31:12,49480,49474.2,90,49482.15,90,60,2427630
BANKNIFTY-II.NFO,30/01/2025,09:31:14,49474.2,49474.2,30,49475.15,30,60,2427630
BANKNIFTY-II.NFO,30/01/2025,09:31:15,49478.25,49475.25,120,49480.7,120,270,2427630
BANKNIFTY-II.NFO,30/01/2025,09:31:17,49480.65,49475.8,810,49480.7,150,30,2427630
BANKNIFTY-II.NFO,30/01/2025,09:31:19,49480.6,49475.85,750,49480.6,30,30,2427630
BANKNIFTY-II.NFO,30/01/2025,09:31:20,49480.6,49476.25,90,49480.5,60,0,2427630
BANKNIFTY-II.NFO,30/01/2025,09:31:22,49476.25,49477.05,750,49480.6,30,30,2427630
BANKNIFTY-II.NFO,30/01/2025,09:31:24,49480.6,49478.25,750,49480.6,30,30,2427630
BANKNIFTY-II.NFO,30/01/2025,09:31:25,49480.8,49478.6,750,49484.8,30,210,2427630
BANKNIFTY-II.NFO,30/01/2025,09:31:27,49484.75,49480,120,49484.75,30,90,2427630
BANKNIFTY-II.NFO,30/01/2025,09:31:29,49484.75,49482.3,120,49484.7,60,0,2427630
BANKNIFTY-II.NFO,30/01/2025,09:31:30,49484.7,49482.15,120,49484.7,30,240,2427630
BANKNIFTY-II.NFO,30/01/2025,09:31:32,49484.8,49482.2,120,49484.7,30,90,2427630
BANKNIFTY-II.NFO,30/01/2025,09:31:34,49486.3,49486.2,120,49490,90,180,2427630
BANKNIFTY-II.NFO,30/01/2025,09:31:35,49489.95,49481.8,30,49489,30,30,2427630
BANKNIFTY-II.NFO,30/01/2025,09:31:37,49489,49483.1,30,49489,30,30,2427630
BANKNIFTY-II.NFO,30/01/2025,09:31:39,49483.1,49480.6,60,49485.85,60,30,2427630
BANKNIFTY-II.NFO,30/01/2025,09:31:40,49480.6,49480.6,30,49481.25,30,30,2427630
BANKNIFTY-II.NFO,30/01/2025,09:31:42,49481.25,49480.6,30,49484.75,120,180,2427630
BANKNIFTY-II.NFO,30/01/2025,09:31:44,49480,49480,30,49482.25,30,360,2427630
BANKNIFTY-II.NFO,30/01/2025,09:31:45,49482.2,49478.3,30,49482.05,30,600,2427630
BANKNIFTY-II.NFO,30/01/2025,09:31:47,49480,49478.35,480,49486.85,30,690,2427630
BANKNIFTY-II.NFO,30/01/2025,09:31:49,49478.75,49478.75,390,49486.8,60,90,2427630
BANKNIFTY-II.NFO,30/01/2025,09:31:50,49479.15,49479.15,360,49484.95,30,30,2427630
BANKNIFTY-II.NFO,30/01/2025,09:31:52,49486.85,49479.35,750,49484.85,30,300,2427630
BANKNIFTY-II.NFO,30/01/2025,09:31:54,49479.35,49478.75,60,49482,30,30,2427630
BANKNIFTY-II.NFO,30/01/2025,09:31:55,49479.35,49478.75,60,49482,90,0,2427630
BANKNIFTY-II.NFO,30/01/2025,09:31:57,49478.75,49476.6,120,49482,60,420,2427630
BANKNIFTY-II.NFO,30/01/2025,09:31:59,49478.75,49480,30,49482,90,0,2427630
BANKNIFTY-II.NFO,30/01/2025,09:32:00,49480,49479,30,49480,30,30,2427630
BANKNIFTY-II.NFO,30/01/2025,09:32:02,49480,49479,30,49479.1,30,0,2427630
BANKNIFTY-II.NFO,30/01/2025,09:32:04,49479,49475.15,240,49476.95,30,90,2427630
BANKNIFTY-II.NFO,30/01/2025,09:32:05,49475.55,49475.1,30,49476.9,30,120,2427630
BANKNIFTY-II.NFO,30/01/2025,09:32:07,49476.9,49475.65,30,49481.9,60,420,2427630
BANKNIFTY-II.NFO,30/01/2025,09:32:09,49475.3,49475.75,720,49481.8,30,660,2427630
BANKNIFTY-II.NFO,30/01/2025,09:32:10,49481.9,49475.95,150,49482,30,270,2427630
BANKNIFTY-II.NFO,30/01/2025,09:32:12,49477.8,49477.8,120,49481.95,30,120,2427630
BANKNIFTY-II.NFO,30/01/2025,09:32:14,49482.3,49482.4,120,49488.95,60,300,2427630
BANKNIFTY-II.NFO,30/01/2025,09:32:15,49482.3,49482.55,120,49485.85,30,0,2427630
BANKNIFTY-II.NFO,30/01/2025,09:32:17,49490,49489.1,90,49494.4,300,240,2427630
BANKNIFTY-II.NFO,30/01/2025,09:32:19,49494.4,49492.05,60,49494.4,240,180,2427630
BANKNIFTY-II.NFO,30/01/2025,09:32:20,49492.05,49490,240,49494.3,30,30,2427630
BANKNIFTY-II.NFO,30/01/2025,09:32:22,49490.15,49490.05,30,49494.4,90,300,2427630
BANKNIFTY-II.NFO,30/01/2025,09:32:24,49490.15,49490,210,49499,150,300,2427630
BANKNIFTY-II.NFO,30/01/2025,09:32:25,49498.95,49490,210,49498.95,30,210,2427630
BANKNIFTY-II.NFO,30/01/2025,09:32:27,49497.5,49490,210,49494.7,30,120,2427630
BANKNIFTY-II.NFO,30/01/2025,09:32:29,49492.45,49490,180,49490.55,30,30,2427630
BANKNIFTY-II.NFO,30/01/2025,09:32:30,49498.95,49490,180,49499,60,150,2427630
BANKNIFTY-II.NFO,30/01/2025,09:32:32,49490,49490.1,60,49498.95,30,30,2427630
BANKNIFTY-II.NFO,30/01/2025,09:32:34,49490.05,49490,150,49500,2520,480,2427630
BANKNIFTY-II.NFO,30/01/2025,09:32:34,49500,49490,150,49500,2520,0,2427630
BANKNIFTY-II.NFO,30/01/2025,09:32:35,49500,49491,90,49495.5,30,240,2427630
BANKNIFTY-II.NFO,30/01/2025,09:32:37,49500,49498.95,60,49499.95,90,390,2427630
BANKNIFTY-II.NFO,30/01/2025,09:32:39,49500,49493.2,120,49500,1950,390,2427630
BANKNIFTY-II.NFO,30/01/2025,09:32:40,49500,49499.35,60,49500,1830,210,2427630
BANKNIFTY-II.NFO,30/01/2025,09:32:42,49500,49499.35,30,49500,1470,450,2427630
BANKNIFTY-II.NFO,30/01/2025,09:32:44,49494.35,49493.25,120,49500,1170,1230,2427630
BANKNIFTY-II.NFO,30/01/2025,09:32:45,49494.35,49492.4,90,49500,1170,0,2427630
BANKNIFTY-II.NFO,30/01/2025,09:32:47,49489.8,49491.15,60,49500,1080,1620,2427630
BANKNIFTY-II.NFO,30/01/2025,09:32:49,49491.2,49491.25,270,49500,1080,30,2427630
BANKNIFTY-II.NFO,30/01/2025,09:32:50,49491.3,49490.4,750,49500,1080,30,2427630
BANKNIFTY-II.NFO,30/01/2025,09:32:52,49495,49490.2,780,49499.9,30,30,2427630
BANKNIFTY-II.NFO,30/01/2025,09:32:54,49491,49491,720,49499.9,30,30,2427630
BANKNIFTY-II.NFO,30/01/2025,09:32:55,49491,49495,30,49499.9,30,0,2427630
BANKNIFTY-II.NFO,30/01/2025,09:32:57,49499.95,49499.9,30,49500,1050,180,2427630
BANKNIFTY-II.NFO,30/01/2025,09:32:59,49499.9,49495,180,49499.9,120,60,2427630
BANKNIFTY-II.NFO,30/01/2025,09:33:00,49499.9,49495,150,49499.8,30,60,2427630
BANKNIFTY-II.NFO,30/01/2025,09:33:02,49499.75,49495,150,49500,390,840,2427630
BANKNIFTY-II.NFO,30/01/2025,09:33:04,49499.75,49495.15,30,49499.95,30,0,2427630
BANKNIFTY-II.NFO,30/01/2025,09:33:05,49495.15,49495,150,49499.95,30,30,2427630
BANKNIFTY-II.NFO,30/01/2025,09:33:07,49495,49495,120,49499.95,90,60,2427630
BANKNIFTY-II.NFO,30/01/2025,09:33:09,49495,49495,120,49499.9,30,0,2427630
BANKNIFTY-II.NFO,30/01/2025,09:33:10,49495,49495,150,49499.9,30,30,2427630
BANKNIFTY-II.NFO,30/01/2025,09:33:12,49499.9,49495,150,49499.85,30,30,2427630
BANKNIFTY-II.NFO,30/01/2025,09:33:14,49496,49495,150,49499.85,30,90,2427630
BANKNIFTY-II.NFO,30/01/2025,09:33:15,49499.85,49495.05,90,49499.9,30,30,2427630
BANKNIFTY-II.NFO,30/01/2025,09:33:17,49499.8,49495,150,49499.9,30,60,2427630
BANKNIFTY-II.NFO,30/01/2025,09:33:19,49499.9,49496.1,330,49499.95,90,60,2427630
BANKNIFTY-II.NFO,30/01/2025,09:33:20,49502,49498.4,90,49509.95,30,600,2427630
BANKNIFTY-II.NFO,30/01/2025,09:33:20,49503,49498.4,90,49509.95,30,0,2427630
BANKNIFTY-II.NFO,30/01/2025,09:33:22,49500.4,49500.4,30,49509.95,30,30,2427630
BANKNIFTY-II.NFO,30/01/2025,09:33:24,49502,49500.4,60,49509.85,120,30,2427630
BANKNIFTY-II.NFO,30/01/2025,09:33:25,49502,49500.4,120,49501.55,30,30,2427630
BANKNIFTY-II.NFO,30/01/2025,09:33:27,49500.45,49500.65,90,49509.65,30,60,2427630
BANKNIFTY-II.NFO,30/01/2025,09:33:29,49509.8,49509.8,30,49509.85,30,180,2427630
BANKNIFTY-II.NFO,30/01/2025,09:33:29,49509.8,49509.8,30,49509.85,30,0,2427630
BANKNIFTY-II.NFO,30/01/2025,09:33:30,49509.9,49509.85,30,49509.95,30,120,2427630
BANKNIFTY-II.NFO,30/01/2025,09:33:30,49509.9,49509.85,30,49509.95,30,0,2427630
BANKNIFTY-II.NFO,30/01/2025,09:33:32,49505,49502,30,49504.15,30,180,2427630
BANKNIFTY-II.NFO,30/01/2025,09:33:34,49502,49501.75,720,49509.9,30,180,2427630
BANKNIFTY-II.NFO,30/01/2025,09:33:35,49509.9,49502.7,30,49513.5,30,150,2427630
BANKNIFTY-II.NFO,30/01/2025,09:33:35,49510.1,49502.7,30,49513.5,30,0,2427630
BANKNIFTY-II.NFO,30/01/2025,09:33:37,49523,49507,120,49521.65,60,1830,2427630
BANKNIFTY-II.NFO,30/01/2025,09:33:37,49523,49507,120,49521.65,60,0,2427630
BANKNIFTY-II.NFO,30/01/2025,09:33:39,49517,49517,420,49521.5,90,90,2427630
BANKNIFTY-II.NFO,30/01/2025,09:33:40,49519.3,49517,390,49518.15,30,210,2427630
BANKNIFTY-II.NFO,30/01/2025,09:33:42,49512.4,49510.45,30,49519.5,30,750,2427630
BANKNIFTY-II.NFO,30/01/2025,09:33:44,49514.25,49514.05,300,49517.1,30,210,2427630
BANKNIFTY-II.NFO,30/01/2025,09:33:45,49521.6,49517.3,30,49521.6,30,270,2427630
BANKNIFTY-II.NFO,30/01/2025,09:33:47,49513.55,49513.1,60,49522.75,60,390,2427630
BANKNIFTY-II.NFO,30/01/2025,09:33:47,49523.35,49513.1,60,49522.75,60,0,2427630
BANKNIFTY-II.NFO,30/01/2025,09:33:49,49520,49514.2,180,49523.55,30,60,2427630
BANKNIFTY-II.NFO,30/01/2025,09:33:50,49520,49520,120,49523.45,90,90,2427630
BANKNIFTY-II.NFO,30/01/2025,09:33:50,49523.55,49520,120,49523.45,90,0,2427630
BANKNIFTY-II.NFO,30/01/2025,09:33:52,49523.3,49515,150,49523.35,30,180,2427630
BANKNIFTY-II.NFO,30/01/2025,09:33:54,49514.2,49512,30,49520.75,90,210,2427630
BANKNIFTY-II.NFO,30/01/2025,09:33:55,49513.85,49510,30,49518.75,30,90,2427630
BANKNIFTY-II.NFO,30/01/2025,09:33:57,49514.9,49507.5,90,49514.9,60,150,2427630
BANKNIFTY-II.NFO,30/01/2025,09:33:59,49514.15,49506.45,240,49514.05,60,60,2427630
BANKNIFTY-II.NFO,30/01/2025,09:34:00,49510,49505.5,60,49510.1,30,510,2427630
BANKNIFTY-II.NFO,30/01/2025,09:34:02,49505,49505,90,49510.4,30,90,2427630
BANKNIFTY-II.NFO,30/01/2025,09:34:04,49505.05,49505.05,240,49510.35,30,60,2427630
BANKNIFTY-II.NFO,30/01/2025,09:34:05,49505,49503.8,720,49509,30,90,2427630
BANKNIFTY-II.NFO,30/01/2025,09:34:07,49508.6,49505.05,240,49508.8,30,60,2427630
BANKNIFTY-II.NFO,30/01/2025,09:34:09,49503.75,49503.6,30,49508.45,30,90,2427630
BANKNIFTY-II.NFO,30/01/2025,09:34:10,49506.45,49504.85,150,49508.4,120,90,2436390
BANKNIFTY-II.NFO,30/01/2025,09:34:12,49504,49502.9,690,49505,30,180,2436390
BANKNIFTY-II.NFO,30/01/2025,09:34:14,49502.9,49502.8,660,49508.6,30,120,2436390
BANKNIFTY-II.NFO,30/01/2025,09:34:15,49504.95,49503,390,49504.95,60,30,2436390
BANKNIFTY-II.NFO,30/01/2025,09:34:17,49503,49503,330,49508.6,30,180,2436390
BANKNIFTY-II.NFO,30/01/2025,09:34:19,49503,49503,300,49506.95,150,30,2436390
BANKNIFTY-II.NFO,30/01/2025,09:34:20,49500,49500,660,49503.15,60,480,2436390
BANKNIFTY-II.NFO,30/01/2025,09:34:22,49490.8,49490.5,30,49497.3,30,780,2436390
BANKNIFTY-II.NFO,30/01/2025,09:34:24,49485.1,49484.1,30,49487.85,30,480,2436390
BANKNIFTY-II.NFO,30/01/2025,09:34:25,49480,49480,60,49484.55,60,150,2436390
BANKNIFTY-II.NFO,30/01/2025,09:34:27,49474.95,49473.65,60,49479.9,30,300,2436390
BANKNIFTY-II.NFO,30/01/2025,09:34:29,49470.65,49470.35,90,49478.55,30,90,2436390
BANKNIFTY-II.NFO,30/01/2025,09:34:30,49470.65,49474.95,30,49476.8,30,60,2436390
BANKNIFTY-II.NFO,30/01/2025,09:34:32,49470,49470,510,49476.75,60,90,2436390
BANKNIFTY-II.NFO,30/01/2025,09:34:34,49470,49463.85,60,49470,30,510,2436390
BANKNIFTY-II.NFO,30/01/2025,09:34:35,49463.95,49460.1,30,49464.9,30,360,2436390
BANKNIFTY-II.NFO,30/01/2025,09:34:37,49457.65,49457.65,30,49464.9,30,180,2436390
BANKNIFTY-II.NFO,30/01/2025,09:34:39,49457.65,49457.7,120,49464.85,90,30,2436390
BANKNIFTY-II.NFO,30/01/2025,09:34:40,49464.85,49459.95,120,49464.9,30,150,2436390
BANKNIFTY-II.NFO,30/01/2025,09:34:42,49462.75,49464.1,120,49473.9,90,60,2436390
BANKNIFTY-II.NFO,30/01/2025,09:34:44,49466.7,49466.7,120,49477.45,90,60,2436390
BANKNIFTY-II.NFO,30/01/2025,09:34:45,49466.7,49462.85,30,49464.95,30,0,2436390
BANKNIFTY-II.NFO,30/01/2025,09:34:47,49460.5,49460.15,60,49471.9,90,810,2436390
BANKNIFTY-II.NFO,30/01/2025,09:34:49,49457.2,49457,30,49462.7,30,90,2436390
BANKNIFTY-II.NFO,30/01/2025,09:34:50,49462.7,49455.05,60,49459.75,30,150,2436390
BANKNIFTY-II.NFO,30/01/2025,09:34:52,49457.2,49455,960,49458.05,30,60,2436390
BANKNIFTY-II.NFO,30/01/2025,09:34:54,49455,49455,870,49457.65,30,120,2436390
BANKNIFTY-II.NFO,30/01/2025,09:34:55,49457.7,49455,810,49457.7,30,90,2436390
BANKNIFTY-II.NFO,30/01/2025,09:34:57,49455,49455,600,49457.5,30,210,2436390
BANKNIFTY-II.NFO,30/01/2025,09:34:59,49455,49457,30,49457.3,60,60,2436390
BANKNIFTY-II.NFO,30/01/2025,09:35:00,49457,49455,570,49455.9,60,30,2436390
BANKNIFTY-II.NFO,30/01/2025,09:35:02,49455.85,49455,450,49455.85,60,450,2436390
BANKNIFTY-II.NFO,30/01/2025,09:35:04,49455,49455,60,49455.8,30,420,2436390
BANKNIFTY-II.NFO,30/01/2025,09:35:05,49455.15,49455.15,120,49459.65,90,870,2436390
BANKNIFTY-II.NFO,30/01/2025,09:35:07,49450,49450,360,49453.95,30,510,2436390
BANKNIFTY-II.NFO,30/01/2025,09:35:09,49453.9,49450,300,49453.9,90,90,2436390
BANKNIFTY-II.NFO,30/01/2025,09:35:10,49450.55,49450.75,30,49453.85,30,150,2436390
BANKNIFTY-II.NFO,30/01/2025,09:35:12,49450,49450,240,49450.7,60,90,2436390
BANKNIFTY-II.NFO,30/01/2025,09:35:14,49450.55,49450,210,49450.7,60,60,2436390
BANKNIFTY-II.NFO,30/01/2025,09:35:15,49450.6,49450,240,49450.65,90,60,2436390
BANKNIFTY-II.NFO,30/01/2025,09:35:17,49450,49450,210,49450.6,30,30,2436390
BANKNIFTY-II.NFO,30/01/2025,09:35:19,49450,49450,30,49453.75,60,420,2436390
BANKNIFTY-II.NFO,30/01/2025,09:35:20,49450,49449,30,49453.7,120,30,2436390
BANKNIFTY-II.NFO,30/01/2025,09:35:22,49447.9,49447.9,750,49453.7,90,90,2436390
BANKNIFTY-II.NFO,30/01/2025,09:35:24,49453.65,49450.6,30,49453.65,30,60,2436390
BANKNIFTY-II.NFO,30/01/2025,09:35:25,49455,49450.75,90,49455,30,360,2436390
BANKNIFTY-II.NFO,30/01/2025,09:35:27,49455,49454.95,60,49459.95,30,180,2436390
BANKNIFTY-II.NFO,30/01/2025,09:35:29,49455,49450.85,60,49459,30,0,2436390
BANKNIFTY-II.NFO,30/01/2025,09:35:30,49455,49450.65,90,49458.95,30,0,2436390
BANKNIFTY-II.NFO,30/01/2025,09:35:32,49450.6,49449.1,60,49458.85,30,60,2436390
BANKNIFTY-II.NFO,30/01/2025,09:35:34,49448.55,49448.75,90,49458.85,30,30,2436390
BANKNIFTY-II.NFO,30/01/2025,09:35:35,49449.7,49448.5,30,49458.85,30,330,2436390
BANKNIFTY-II.NFO,30/01/2025,09:35:37,49459.95,49451.7,60,49459.95,30,150,2436390
BANKNIFTY-II.NFO,30/01/2025,09:35:39,49451.85,49455,60,49459.9,60,30,2436390
BANKNIFTY-II.NFO,30/01/2025,09:35:40,49460.1,49465.2,90,49476,30,120,2436390
BANKNIFTY-II.NFO,30/01/2025,09:35:42,49460.1,49464.6,60,49472.8,30,0,2436390
BANKNIFTY-II.NFO,30/01/2025,09:35:44,49468.35,49466.35,60,49478.95,90,180,2436390
BANKNIFTY-II.NFO,30/01/2025,09:35:45,49468.35,49466.05,60,49478.85,90,0,2436390
BANKNIFTY-II.NFO,30/01/2025,09:35:47,49468.35,49465,90,49471.35,30,0,2436390
BANKNIFTY-II.NFO,30/01/2025,09:35:49,49465,49465,60,49471.3,120,60,2436390
BANKNIFTY-II.NFO,30/01/2025,09:35:50,49465,49465,30,49471.2,120,60,2436390
BANKNIFTY-II.NFO,30/01/2025,09:35:52,49465,49462.6,90,49466.65,30,30,2436390
BANKNIFTY-II.NFO,30/01/2025,09:35:54,49458.6,49458.85,90,49466.6,60,60,2436390
BANKNIFTY-II.NFO,30/01/2025,09:35:55,49466.55,49458.3,60,49466.6,90,60,2436390
BANKNIFTY-II.NFO,30/01/2025,09:35:57,49473.15,49461,90,49472.6,90,180,2436390
BANKNIFTY-II.NFO,30/01/2025,09:35:59,49473.15,49460,30,49470.65,120,0,2436390
BANKNIFTY-II.NFO,30/01/2025,09:36:00,49473.15,49458.6,30,49470.2,210,0,2436390
BANKNIFTY-II.NFO,30/01/2025,09:36:02,49465,49460.1,60,49470.2,90,30,2436390
BANKNIFTY-II.NFO,30/01/2025,09:36:04,49467.95,49461.9,30,49468,30,30,2436390
BANKNIFTY-II.NFO,30/01/2025,09:36:05,49467.95,49461.45,60,49468,30,0,2436390
BANKNIFTY-II.NFO,30/01/2025,09:36:07,49462.95,49462.5,90,49470.2,30,90,2436390
BANKNIFTY-II.NFO,30/01/2025,09:36:09,49470.2,49464.25,30,49470.25,30,120,2436390
BANKNIFTY-II.NFO,30/01/2025,09:36:10,49473.35,49470.2,90,49474.55,30,600,2436390
BANKNIFTY-II.NFO,30/01/2025,09:36:12,49471.2,49471.2,60,49474.5,30,30,2436390
BANKNIFTY-II.NFO,30/01/2025,09:36:14,49474.5,49471.2,90,49474.55,30,30,2436390
BANKNIFTY-II.NFO,30/01/2025,09:36:15,49474.7,49474.5,90,49479.8,120,60,2436390
BANKNIFTY-II.NFO,30/01/2025,09:36:17,49466.35,49474.7,60,49477.25,30,240,2436390
BANKNIFTY-II.NFO,30/01/2025,09:36:19,49474.7,49474.7,30,49477.25,30,30,2436390
BANKNIFTY-II.NFO,30/01/2025,09:36:20,49479.9,49474.7,30,49479.95,30,180,2436390
BANKNIFTY-II.NFO,30/01/2025,09:36:22,49479.9,49474.7,240,49479.9,30,90,2436390
BANKNIFTY-II.NFO,30/01/2025,09:36:24,49479.9,49474.7,240,49479.95,30,150,2436390
BANKNIFTY-II.NFO,30/01/2025,09:36:25,49474.7,49474.7,150,49479.85,30,90,2436390
BANKNIFTY-II.NFO,30/01/2025,09:36:27,49480,49477.25,60,49480,60,90,2436390
BANKNIFTY-II.NFO,30/01/2025,09:36:29,49479,49477.4,90,49479.9,30,30,2436390
BANKNIFTY-II.NFO,30/01/2025,09:36:30,49480,49479.9,120,49484,30,180,2436390
BANKNIFTY-II.NFO,30/01/2025,09:36:32,49480.3,49481.8,30,49489.75,30,390,2436390
BANKNIFTY-II.NFO,30/01/2025,09:36:34,49489.7,49479.9,90,49489.7,90,60,2436390
BANKNIFTY-II.NFO,30/01/2025,09:36:35,49489.2,49479.9,90,49489.2,90,30,2436390
BANKNIFTY-II.NFO,30/01/2025,09:36:37,49489.2,49481.35,30,49486.4,60,0,2436390
BANKNIFTY-II.NFO,30/01/2025,09:36:39,49489.7,49489.7,120,49489.9,30,180,2436390
BANKNIFTY-II.NFO,30/01/2025,09:36:40,49489.7,49489.7,60,49489.85,30,60,2436390
BANKNIFTY-II.NFO,30/01/2025,09:36:42,49490,49489.85,30,49490,90,60,2436390
BANKNIFTY-II.NFO,30/01/2025,09:36:44,49490,49489.85,30,49490.15,30,60,2436390
BANKNIFTY-II.NFO,30/01/2025,09:36:45,49490.1,49490,30,49490.25,30,30,2436390
BANKNIFTY-II.NFO,30/01/2025,09:36:47,49490,49489.85,120,49490.25,30,270,2436390
BANKNIFTY-II.NFO,30/01/2025,09:36:49,49489.85,49489.8,30,49493.4,30,120,2436390
BANKNIFTY-II.NFO,30/01/2025,09:36:50,49489.7,49485,90,49490.4,30,90,2436390
BANKNIFTY-II.NFO,30/01/2025,09:36:52,49481,49481,120,49488.4,60,120,2436390
BANKNIFTY-II.NFO,30/01/2025,09:36:54,49489.3,49481.4,30,49490.8,90,210,2436390
BANKNIFTY-II.NFO,30/01/2025,09:36:55,49490.8,49490.8,210,49493.8,30,30,2436390
BANKNIFTY-II.NFO,30/01/2025,09:36:57,49493.75,49490.8,180,49495.05,30,60,2436390
BANKNIFTY-II.NFO,30/01/2025,09:36:59,49493.75,49493.75,120,49498.8,120,180,2436390
BANKNIFTY-II.NFO,30/01/2025,09:37:00,49493.75,49493.75,120,49498.7,30,0,2436390
BANKNIFTY-II.NFO,30/01/2025,09:37:02,49493.8,49493.85,30,49498.65,30,60,2436390
BANKNIFTY-II.NFO,30/01/2025,09:37:04,49493.75,49493.75,90,49494.15,30,150,2436390
BANKNIFTY-II.NFO,30/01/2025,09:37:05,49500,49493.75,60,49499.6,60,240,2436390
BANKNIFTY-II.NFO,30/01/2025,09:37:07,49493.75,49493.85,30,49499.5,60,30,2436390
BANKNIFTY-II.NFO,30/01/2025,09:37:09,49495,49493.8,30,49499,30,90,2436390
BANKNIFTY-II.NFO,30/01/2025,09:37:10,49492.7,49492.7,240,49494.8,30,120,2444670
BANKNIFTY-II.NFO,30/01/2025,09:37:12,49492.7,49492.75,30,49494.75,30,0,2444670
BANKNIFTY-II.NFO,30/01/2025,09:37:14,49494.8,49492.8,30,49494.7,30,60,2444670
BANKNIFTY-II.NFO,30/01/2025,09:37:15,49494.7,49493.75,30,49499,90,30,2444670
BANKNIFTY-II.NFO,30/01/2025,09:37:17,49499,49493.8,30,49499,90,60,2444670
BANKNIFTY-II.NFO,30/01/2025,09:37:19,49499,49493.8,30,49499.45,60,0,2444670
BANKNIFTY-II.NFO,30/01/2025,09:37:20,49492.75,49492.7,270,49498.15,30,90,2444670
BANKNIFTY-II.NFO,30/01/2025,09:37:22,49492.75,49492.8,30,49495.3,30,0,2444670
BANKNIFTY-II.NFO,30/01/2025,09:37:24,49492.7,49492.7,90,49495.25,60,300,2444670
BANKNIFTY-II.NFO,30/01/2025,09:37:25,49492.75,49492.7,60,49495.25,60,60,2444670
BANKNIFTY-II.NFO,30/01/2025,09:37:27,49490.8,49490.8,30,49492.95,30,90,2444670
BANKNIFTY-II.NFO,30/01/2025,09:37:29,49490.8,49490.8,30,49492.8,30,0,2444670
BANKNIFTY-II.NFO,30/01/2025,09:37:30,49490.8,49490.8,30,49492.65,30,0,2444670
BANKNIFTY-II.NFO,30/01/2025,09:37:32,49490.8,49491,90,49492.5,30,0,2444670
BANKNIFTY-II.NFO,30/01/2025,09:37:34,49491,49491,60,49492.5,30,30,2444670
BANKNIFTY-II.NFO,30/01/2025,09:37:35,49481,49481,90,49484.85,30,210,2444670
BANKNIFTY-II.NFO,30/01/2025,09:37:37,49484.9,49481,90,49484.9,30,60,2444670
BANKNIFTY-II.NFO,30/01/2025,09:37:39,49481,49480.15,30,49484.85,120,90,2444670
BANKNIFTY-II.NFO,30/01/2025,09:37:40,49484.9,49480.15,30,49484.95,30,150,2444670
BANKNIFTY-II.NFO,30/01/2025,09:37:42,49485.05,49481.45,60,49492.7,150,90,2444670
BANKNIFTY-II.NFO,30/01/2025,09:37:44,49492.7,49486,60,49492.65,30,30,2444670
BANKNIFTY-II.NFO,30/01/2025,09:37:45,49492.7,49486.1,30,49492.65,30,0,2444670
BANKNIFTY-II.NFO,30/01/2025,09:37:47,49486.1,49486.1,60,49492.65,30,30,2444670
BANKNIFTY-II.NFO,30/01/2025,09:37:49,49492.65,49486.1,90,49492.7,30,60,2444670
BANKNIFTY-II.NFO,30/01/2025,09:37:50,49492.65,49486.1,90,49492.65,30,0,2444670
BANKNIFTY-II.NFO,30/01/2025,09:37:52,49492.65,49492.65,150,49492.75,30,90,2444670
BANKNIFTY-II.NFO,30/01/2025,09:37:54,49492.65,49492.65,120,49492.75,30,90,2444670
BANKNIFTY-II.NFO,30/01/2025,09:37:55,49492.95,49492.75,150,49495.25,120,90,2444670
BANKNIFTY-II.NFO,30/01/2025,09:37:57,49492.75,49492.8,90,49494.95,120,30,2444670
BANKNIFTY-II.NFO,30/01/2025,09:37:59,49495.3,49495.3,1440,49495.4,30,120,2444670
BANKNIFTY-II.NFO,30/01/2025,09:38:00,49495.3,49495.3,1140,49495.35,30,390,2444670
BANKNIFTY-II.NFO,30/01/2025,09:38:02,49495.35,49495.3,780,49495.5,30,510,2444670
BANKNIFTY-II.NFO,30/01/2025,09:38:04,49495.3,49495.3,540,49495.4,30,240,2444670
BANKNIFTY-II.NFO,30/01/2025,09:38:05,49494,49492.85,30,49495.3,120,600,2444670
BANKNIFTY-II.NFO,30/01/2025,09:38:07,49492.75,49492.75,330,49495.15,30,90,2444670
BANKNIFTY-II.NFO,30/01/2025,09:38:09,49492.75,49492.75,330,49492.95,30,0,2444670
BANKNIFTY-II.NFO,30/01/2025,09:38:10,49492.75,49492.75,300,49492.8,30,30,2444670
BANKNIFTY-II.NFO,30/01/2025,09:38:12,49492.8,49492.75,180,49492.8,60,150,2444670
BANKNIFTY-II.NFO,30/01/2025,09:38:14,49495.35,49492.75,150,49495.3,30,180,2444670
BANKNIFTY-II.NFO,30/01/2025,09:38:15,49492.8,49492.75,150,49495.15,30,30,2444670
BANKNIFTY-II.NFO,30/01/2025,09:38:17,49492.75,49492.75,90,49494.35,30,60,2444670
BANKNIFTY-II.NFO,30/01/2025,09:38:19,49494.3,49492.75,90,49494.3,30,60,2444670
BANKNIFTY-II.NFO,30/01/2025,09:38:20,49494.45,49494.45,510,49495.2,30,90,2444670
BANKNIFTY-II.NFO,30/01/2025,09:38:22,49494.45,49494.45,480,49495.15,30,30,2444670
BANKNIFTY-II.NFO,30/01/2025,09:38:24,49494.45,49494.45,420,49495.2,30,90,2444670
BANKNIFTY-II.NFO,30/01/2025,09:38:25,49494.45,49494.5,120,49495,30,30,2444670
BANKNIFTY-II.NFO,30/01/2025,09:38:27,49494.95,49494.45,390,49495,30,30,2444670
BANKNIFTY-II.NFO,30/01/2025,09:38:29,49495,49495.05,870,49495.2,30,30,2444670
BANKNIFTY-II.NFO,30/01/2025,09:38:30,49495.15,49495.1,120,49495.2,30,30,2444670
BANKNIFTY-II.NFO,30/01/2025,09:38:32,49495.2,49495.05,870,49495.25,30,30,2444670
BANKNIFTY-II.NFO,30/01/2025,09:38:34,49495.2,49495.2,30,49495.3,30,0,2444670
BANKNIFTY-II.NFO,30/01/2025,09:38:35,49497.95,49496.05,120,49497.95,60,60,2444670
BANKNIFTY-II.NFO,30/01/2025,09:38:37,49496.05,49496.05,120,49497.9,30,210,2444670
BANKNIFTY-II.NFO,30/01/2025,09:38:39,49497.95,49496,840,49498,120,60,2444670
BANKNIFTY-II.NFO,30/01/2025,09:38:40,49498,49495.4,30,49497.95,30,840,2444670
BANKNIFTY-II.NFO,30/01/2025,09:38:42,49498,49495.4,30,49497.95,30,0,2444670
BANKNIFTY-II.NFO,30/01/2025,09:38:44,49495.3,49495,210,49497.95,30,990,2444670
BANKNIFTY-II.NFO,30/01/2025,09:38:45,49495,49495,60,49497.95,30,150,2444670
BANKNIFTY-II.NFO,30/01/2025,09:38:47,49495,49495.65,120,49497.95,30,0,2444670
BANKNIFTY-II.NFO,30/01/2025,09:38:49,49494.45,49494.5,120,49498.95,30,360,2444670
BANKNIFTY-II.NFO,30/01/2025,09:38:50,49494.5,49494.5,60,49498.85,30,90,2444670
BANKNIFTY-II.NFO,30/01/2025,09:38:52,49494.5,49494.5,60,49498.85,30,0,2444670
BANKNIFTY-II.NFO,30/01/2025,09:38:54,49494.5,49494.5,30,49498.85,30,30,2444670
BANKNIFTY-II.NFO,30/01/2025,09:38:55,49494.45,49494,30,49498.85,30,180,2444670
BANKNIFTY-II.NFO,30/01/2025,09:38:57,49494,49492.75,60,49498.9,30,90,2444670
BANKNIFTY-II.NFO,30/01/2025,09:38:59,49492.75,49492.7,30,49498.9,60,90,2444670
BANKNIFTY-II.NFO,30/01/2025,09:39:00,49492.7,49494.45,30,49495.55,30,30,2444670
BANKNIFTY-II.NFO,30/01/2025,09:39:02,49490.05,49484.9,30,49486.65,30,360,2444670
BANKNIFTY-II.NFO,30/01/2025,09:39:04,49484.9,49480.9,60,49486.65,30,30,2444670
BANKNIFTY-II.NFO,30/01/2025,09:39:05,49489.95,49486.7,120,49489.9,30,60,2444670
BANKNIFTY-II.NFO,30/01/2025,09:39:07,49489.95,49486.7,120,49489.9,30,0,2444670
BANKNIFTY-II.NFO,30/01/2025,09:39:09,49486.7,49486.7,90,49490.05,30,90,2444670
BANKNIFTY-II.NFO,30/01/2025,09:39:10,49486.7,49486.7,90,49490.05,30,0,2444670
BANKNIFTY-II.NFO,30/01/2025,09:39:12,49486.7,49480.9,60,49486.5,30,120,2444670
BANKNIFTY-II.NFO,30/01/2025,09:39:14,49498,49482.95,120,49486.45,60,900,2444670
BANKNIFTY-II.NFO,30/01/2025,09:39:15,49486.35,49486.8,120,49494.85,90,120,2444670
BANKNIFTY-II.NFO,30/01/2025,09:39:17,49487.5,49487.7,90,49494.8,30,30,2444670
BANKNIFTY-II.NFO,30/01/2025,09:39:19,49494.95,49488.5,90,49494.95,30,60,2444670
BANKNIFTY-II.NFO,30/01/2025,09:39:20,49488.5,49487.3,60,49494.6,30,30,2444670
BANKNIFTY-II.NFO,30/01/2025,09:39:22,49488.5,49490.15,60,49494.6,30,0,2444670
BANKNIFTY-II.NFO,30/01/2025,09:39:24,49498,49490.45,60,49495,30,150,2444670
BANKNIFTY-II.NFO,30/01/2025,09:39:25,49498,49490.7,60,49495,30,0,2444670
BANKNIFTY-II.NFO,30/01/2025,09:39:27,49498,49490.15,60,49495,30,0,2444670
BANKNIFTY-II.NFO,30/01/2025,09:39:30,49498,49490.5,60,49492,90,0,2444670
BANKNIFTY-II.NFO,30/01/2025,09:39:32,49495,49495,480,49498,30,420,2444670
BANKNIFTY-II.NFO,30/01/2025,09:39:34,49499,49495,390,49497.95,30,420,2444670
BANKNIFTY-II.NFO,30/01/2025,09:39:35,49499,49495,390,49497.85,30,0,2444670
BANKNIFTY-II.NFO,30/01/2025,09:39:37,49499,49495,420,49497.8,60,0,2444670
BANKNIFTY-II.NFO,30/01/2025,09:39:38,49500,49495,390,49497.75,30,1530,2444670
BANKNIFTY-II.NFO,30/01/2025,09:39:40,49497.7,49499,60,49503.25,30,120,2444670
BANKNIFTY-II.NFO,30/01/2025,09:39:42,49499,49497.8,30,49503.2,90,90,2444670
BANKNIFTY-II.NFO,30/01/2025,09:39:43,49505,49493.15,60,49498.95,30,420,2444670
BANKNIFTY-II.NFO,30/01/2025,09:39:45,49505,49495.15,60,49498.95,30,0,2444670
BANKNIFTY-II.NFO,30/01/2025,09:39:47,49500,49500,300,49500.9,30,1200,2444670
BANKNIFTY-II.NFO,30/01/2025,09:39:48,49500,49500,300,49500.85,60,0,2444670
BANKNIFTY-II.NFO,30/01/2025,09:39:50,49500,49496.65,30,49500,30,330,2444670
BANKNIFTY-II.NFO,30/01/2025,09:39:52,49500,49500,510,49505,6990,600,2444670
BANKNIFTY-II.NFO,30/01/2025,09:39:53,49500,49500,510,49504.95,30,0,2444670
BANKNIFTY-II.NFO,30/01/2025,09:39:55,49505,49500,2010,49504.75,30,300,2444670
BANKNIFTY-II.NFO,30/01/2025,09:39:57,49505,49500,1950,49505,6780,180,2444670
BANKNIFTY-II.NFO,30/01/2025,09:39:58,49505,49500,1350,49505,4860,780,2444670
BANKNIFTY-II.NFO,30/01/2025,09:40:00,49505,49500.1,30,49504.95,30,90,2444670
BANKNIFTY-II.NFO,30/01/2025,09:40:02,49505,49500,1350,49504.95,30,0,2444670
BANKNIFTY-II.NFO,30/01/2025,09:40:03,49505,49502.15,150,49505,4470,300,2444670
BANKNIFTY-II.NFO,30/01/2025,09:40:05,49505,49502.8,60,49505,3390,1110,2444670
BANKNIFTY-II.NFO,30/01/2025,09:40:07,49505,49500.05,60,49505,3240,180,2444670
BANKNIFTY-II.NFO,30/01/2025,09:40:08,49500,49500,840,49504.95,30,630,2444670
BANKNIFTY-II.NFO,30/01/2025,09:40:10,49504.95,49501.45,150,49504.9,30,30,2444670
BANKNIFTY-II.NFO,30/01/2025,09:40:11,49505,49500,870,49505,3090,150,2451330
BANKNIFTY-II.NFO,30/01/2025,09:40:13,49505,49500.5,150,49505,2880,270,2451330
BANKNIFTY-II.NFO,30/01/2025,09:40:15,49505,49500,60,49505,1680,1260,2451330
BANKNIFTY-II.NFO,30/01/2025,09:40:16,49505,49500.2,60,49505,1590,150,2451330
BANKNIFTY-II.NFO,30/01/2025,09:40:18,49505,49502.8,150,49505,1470,120,2451330
BANKNIFTY-II.NFO,30/01/2025,09:40:20,49505,49503.8,150,49505,1350,150,2451330
BANKNIFTY-II.NFO,30/01/2025,09:40:21,49505,49503.3,150,49504.95,90,0,2451330
BANKNIFTY-II.NFO,30/01/2025,09:40:23,49505.1,49504.9,150,49509.85,30,1410,2451330
BANKNIFTY-II.NFO,30/01/2025,09:40:25,49510,49506.95,60,49510,90,570,2451330
BANKNIFTY-II.NFO,30/01/2025,09:40:26,49508.65,49508.75,30,49510.1,30,120,2451330
BANKNIFTY-II.NFO,30/01/2025,09:40:28,49507,49506.85,60,49510,30,60,2451330
BANKNIFTY-II.NFO,30/01/2025,09:40:29,49510.25,49509.2,30,49514.2,30,60,2451330
BANKNIFTY-II.NFO,30/01/2025,09:40:31,49511.75,49504.9,30,49514.2,30,60,2451330
BANKNIFTY-II.NFO,30/01/2025,09:40:33,49511.75,49504.95,30,49514.2,30,0,2451330
BANKNIFTY-II.NFO,30/01/2025,09:40:34,49515.25,49505,30,49514.15,30,120,2451330
BANKNIFTY-II.NFO,30/01/2025,09:40:36,49505.1,49505.1,90,49513.5,30,30,2451330
BANKNIFTY-II.NFO,30/01/2025,09:40:38,49515,49515,420,49519.45,120,570,2451330
BANKNIFTY-II.NFO,30/01/2025,09:40:39,49505.1,49505.1,60,49514.95,30,450,2451330
BANKNIFTY-II.NFO,30/01/2025,09:40:41,49511.75,49511.75,30,49514.3,30,90,2451330
BANKNIFTY-II.NFO,30/01/2025,09:40:43,49511.75,49505.1,60,49511.45,30,30,2451330
BANKNIFTY-II.NFO,30/01/2025,09:40:44,49514.05,49505,30,49511.75,30,60,2451330
BANKNIFTY-II.NFO,30/01/2025,09:40:46,49514.05,49505,30,49509,30,0,2451330
BANKNIFTY-II.NFO,30/01/2025,09:40:48,49509.15,49505,30,49511.4,120,60,2451330
BANKNIFTY-II.NFO,30/01/2025,09:40:49,49505,49500,120,49510.8,120,30,2451330
BANKNIFTY-II.NFO,30/01/2025,09:40:51,49505,49500,120,49509,120,0,2451330
BANKNIFTY-II.NFO,30/01/2025,09:40:53,49505,49500,120,49508.8,30,0,2451330
BANKNIFTY-II.NFO,30/01/2025,09:40:54,49508.75,49500,120,49511.4,30,240,2451330
BANKNIFTY-II.NFO,30/01/2025,09:40:56,49511.4,49500,150,49508.65,30,30,2451330
BANKNIFTY-II.NFO,30/01/2025,09:40:58,49511.4,49500,150,49508.65,30,0,2451330
BANKNIFTY-II.NFO,30/01/2025,09:41:00,49500,49499,30,49499.95,30,150,2451330
BANKNIFTY-II.NFO,30/01/2025,09:41:01,49492.65,49490,90,49499.1,90,210,2451330
BANKNIFTY-II.NFO,30/01/2025,09:41:03,49499.05,49490,90,49498.95,90,30,2451330
BANKNIFTY-II.NFO,30/01/2025,09:41:05,49490,49490,30,49493.7,30,60,2451330
BANKNIFTY-II.NFO,30/01/2025,09:41:06,49490,49488.5,30,49493.65,30,0,2451330
BANKNIFTY-II.NFO,30/01/2025,09:41:08,49487,49481.05,30,49488.1,30,90,2451330
BANKNIFTY-II.NFO,30/01/2025,09:41:10,49480,49475,60,49483.15,30,120,2451330
BANKNIFTY-II.NFO,30/01/2025,09:41:11,49483.7,49476.7,120,49484.95,30,30,2451330
BANKNIFTY-II.NFO,30/01/2025,09:41:13,49485,49479.45,120,49486.65,30,30,2451330
BANKNIFTY-II.NFO,30/01/2025,09:41:14,49485,49480,30,49487.3,30,0,2451330
BANKNIFTY-II.NFO,30/01/2025,09:41:16,49480,49475,60,49480,30,30,2451330
BANKNIFTY-II.NFO,30/01/2025,09:41:18,49480,49475,90,49479.95,30,30,2451330
BANKNIFTY-II.NFO,30/01/2025,09:41:19,49480,49475,90,49479.9,30,0,2451330
BANKNIFTY-II.NFO,30/01/2025,09:41:21,49475,49475,60,49479.15,30,30,2451330
BANKNIFTY-II.NFO,30/01/2025,09:41:23,49475,49474.1,120,49480.2,30,60,2451330
BANKNIFTY-II.NFO,30/01/2025,09:41:24,49475,49474.95,120,49480.25,30,0,2451330
BANKNIFTY-II.NFO,30/01/2025,09:41:26,49491.8,49480.35,120,49488.15,30,480,2451330
BANKNIFTY-II.NFO,30/01/2025,09:41:28,49489.95,49480.2,30,49489,30,90,2451330
BANKNIFTY-II.NFO,30/01/2025,09:41:29,49480.35,49480.2,30,49488.65,30,30,2451330
BANKNIFTY-II.NFO,30/01/2025,09:41:31,49480,49480.35,120,49488.5,30,150,2451330
BANKNIFTY-II.NFO,30/01/2025,09:41:33,49480,49482.05,30,49489.6,30,0,2451330
BANKNIFTY-II.NFO,30/01/2025,09:41:34,49480,49481.15,120,49488.25,30,0,2451330
BANKNIFTY-II.NFO,30/01/2025,09:41:36,49480,49481.9,120,49488.2,30,0,2451330
BANKNIFTY-II.NFO,30/01/2025,09:41:38,49480,49480,120,49488.15,30,30,2451330
BANKNIFTY-II.NFO,30/01/2025,09:41:39,49488.2,49488.2,750,49488.35,30,150,2451330
BANKNIFTY-II.NFO,30/01/2025,09:41:41,49488.2,49488.25,60,49488.3,30,30,2451330
BANKNIFTY-II.NFO,30/01/2025,09:41:43,49488.2,49488.25,60,49488.3,120,0,2451330
BANKNIFTY-II.NFO,30/01/2025,09:41:44,49488.2,49488.2,660,49488.3,120,120,2451330
BANKNIFTY-II.NFO,30/01/2025,09:41:46,49488.2,49488.2,660,49488.3,120,0,2451330
BANKNIFTY-II.NFO,30/01/2025,09:41:48,49488.2,49488.2,600,49488.3,90,90,2451330
BANKNIFTY-II.NFO,30/01/2025,09:41:49,49495,49488,30,49488.95,30,600,2451330
BANKNIFTY-II.NFO,30/01/2025,09:41:51,49474.5,49472.4,120,49486.05,240,180,2451330
BANKNIFTY-II.NFO,30/01/2025,09:41:53,49474.7,49472.15,30,49484.4,60,30,2451330
BANKNIFTY-II.NFO,30/01/2025,09:41:54,49474.7,49471,30,49479.65,60,0,2451330
BANKNIFTY-II.NFO,30/01/2025,09:41:56,49474.7,49471,30,49475.85,30,0,2451330
BANKNIFTY-II.NFO,30/01/2025,09:41:58,49471,49470,90,49475.75,60,180,2451330
BANKNIFTY-II.NFO,30/01/2025,09:41:59,49467,49461.05,30,49464.75,30,180,2451330
BANKNIFTY-II.NFO,30/01/2025,09:42:01,49467,49461.05,30,49464.85,30,0,2451330
BANKNIFTY-II.NFO,30/01/2025,09:42:03,49464.8,49461.05,30,49464.75,30,30,2451330
BANKNIFTY-II.NFO,30/01/2025,09:42:04,49460,49454.7,30,49460,300,240,2451330
BANKNIFTY-II.NFO,30/01/2025,09:42:06,49460,49454.75,60,49459.9,30,0,2451330
BANKNIFTY-II.NFO,30/01/2025,09:42:08,49460,49454.75,30,49459.8,30,0,2451330
BANKNIFTY-II.NFO,30/01/2025,09:42:09,49460,49454.75,30,49459.6,30,0,2451330
BANKNIFTY-II.NFO,30/01/2025,09:42:11,49460,49454.75,30,49459.55,30,0,2451330
BANKNIFTY-II.NFO,30/01/2025,09:42:13,49460,49454.75,30,49459.5,120,0,2451330
BANKNIFTY-II.NFO,30/01/2025,09:42:14,49459.45,49454.75,30,49459.5,90,30,2451330
BANKNIFTY-II.NFO,30/01/2025,09:42:16,49459.5,49454.75,30,49459.5,60,30,2451330
BANKNIFTY-II.NFO,30/01/2025,09:42:18,49459.5,49455,30,49459.5,30,30,2451330
BANKNIFTY-II.NFO,30/01/2025,09:42:19,49460,49458.45,150,49467.95,90,360,2451330
BANKNIFTY-II.NFO,30/01/2025,09:42:21,49459.85,49461.4,120,49465.05,60,90,2451330
BANKNIFTY-II.NFO,30/01/2025,09:42:23,49469.95,49471.2,120,49473,30,150,2451330
BANKNIFTY-II.NFO,30/01/2025,09:42:24,49475.2,49475.2,120,49484.8,90,180,2451330
BANKNIFTY-II.NFO,30/01/2025,09:42:26,49475.2,49475.25,90,49481.3,30,0,2451330
BANKNIFTY-II.NFO,30/01/2025,09:42:28,49481.45,49479.35,90,49489.5,90,60,2451330
BANKNIFTY-II.NFO,30/01/2025,09:42:29,49481.45,49481.75,120,49489.8,30,0,2451330
BANKNIFTY-II.NFO,30/01/2025,09:42:31,49481.45,49489.5,30,49489.7,30,0,2451330
BANKNIFTY-II.NFO,30/01/2025,09:42:33,49481.45,49489.5,60,49489.65,30,0,2451330
BANKNIFTY-II.NFO,30/01/2025,09:42:34,49481.45,49474.05,30,49480,30,150,2451330
BANKNIFTY-II.NFO,30/01/2025,09:42:36,49476.05,49475.1,60,49480,30,930,2451330
BANKNIFTY-II.NFO,30/01/2025,09:42:38,49476.05,49477.7,120,49480,30,0,2451330
BANKNIFTY-II.NFO,30/01/2025,09:42:39,49489.5,49480,30,49492.45,90,60,2451330
BANKNIFTY-II.NFO,30/01/2025,09:42:41,49485.85,49483.65,120,49492.5,30,1410,2451330
BANKNIFTY-II.NFO,30/01/2025,09:42:43,49485.85,49480.3,30,49489.4,30,0,2451330
BANKNIFTY-II.NFO,30/01/2025,09:42:44,49480.55,49480.75,150,49487,30,30,2451330
BANKNIFTY-II.NFO,30/01/2025,09:42:46,49480.55,49480.9,60,49484.35,30,0,2451330
BANKNIFTY-II.NFO,30/01/2025,09:42:48,49484.35,49484.45,120,49489.45,30,30,2451330
BANKNIFTY-II.NFO,30/01/2025,09:42:49,49484.35,49485,30,49489.4,30,0,2451330
BANKNIFTY-II.NFO,30/01/2025,09:42:51,49484.35,49485,180,49489.45,30,0,2451330
BANKNIFTY-II.NFO,30/01/2025,09:42:54,49484.35,49485,180,49492.35,30,0,2451330
BANKNIFTY-II.NFO,30/01/2025,09:42:56,49484.35,49489.45,300,49492.35,30,0,2451330
BANKNIFTY-II.NFO,30/01/2025,09:42:58,49492.35,49489.45,300,49492.25,30,30,2451330
BANKNIFTY-II.NFO,30/01/2025,09:42:59,49489.45,49489.45,270,49492.25,30,30,2451330
BANKNIFTY-II.NFO,30/01/2025,09:43:01,49492.15,49490.25,180,49492.2,30,30,2451330
BANKNIFTY-II.NFO,30/01/2025,09:43:03,49492.15,49489.6,120,49492.2,30,0,2451330
BANKNIFTY-II.NFO,30/01/2025,09:43:04,49492.15,49489.45,270,49492.2,30,0,2451330
BANKNIFTY-II.NFO,30/01/2025,09:43:06,49489.45,49489.45,240,49492.2,30,30,2451330
BANKNIFTY-II.NFO,30/01/2025,09:43:08,49492.6,49491.2,30,49492.15,30,90,2451330
BANKNIFTY-II.NFO,30/01/2025,09:43:09,49492.6,49491.2,30,49492.15,30,0,2451330
BANKNIFTY-II.NFO,30/01/2025,09:43:11,49492.15,49492.2,30,49492.6,60,30,2455230
BANKNIFTY-II.NFO,30/01/2025,09:43:13,49492.15,49492.2,30,49492.6,60,0,2455230
BANKNIFTY-II.NFO,30/01/2025,09:43:14,49500,49492.2,30,49500,30,120,2455230
BANKNIFTY-II.NFO,30/01/2025,09:43:16,49492.45,49492.2,30,49500.05,30,60,2455230
BANKNIFTY-II.NFO,30/01/2025,09:43:18,49492.45,49492.2,30,49499.95,30,0,2455230
BANKNIFTY-II.NFO,30/01/2025,09:43:19,49492.45,49492.6,30,49499.95,30,0,2455230
BANKNIFTY-II.NFO,30/01/2025,09:43:24,49500.15,49492.6,30,49502.45,30,60,2455230
BANKNIFTY-II.NFO,30/01/2025,09:43:26,49500,49500,30,49507.7,60,300,2455230
BANKNIFTY-II.NFO,30/01/2025,09:43:28,49500,49500,30,49503.55,30,0,2455230
BANKNIFTY-II.NFO,30/01/2025,09:43:29,49500,49492.6,30,49502.3,30,30,2455230
BANKNIFTY-II.NFO,30/01/2025,09:43:31,49499.15,49492.55,30,49493.1,30,60,2455230
BANKNIFTY-II.NFO,30/01/2025,09:43:33,49492.6,49492.45,90,49500.95,30,90,2455230
BANKNIFTY-II.NFO,30/01/2025,09:43:34,49501,49492.5,150,49501.1,30,150,2455230
BANKNIFTY-II.NFO,30/01/2025,09:43:36,49492.55,49492.45,90,49498.9,30,60,2455230
BANKNIFTY-II.NFO,30/01/2025,09:43:38,49495,49495,120,49498.75,30,30,2455230
BANKNIFTY-II.NFO,30/01/2025,09:43:39,49495,49495,120,49498.6,30,0,2455230
BANKNIFTY-II.NFO,30/01/2025,09:43:41,49495,49495.05,180,49498.5,30,0,2455230
BANKNIFTY-II.NFO,30/01/2025,09:43:43,49498.35,49495.05,120,49500,30,30,2455230
BANKNIFTY-II.NFO,30/01/2025,09:43:44,49509.7,49498.55,120,49500,30,150,2455230
BANKNIFTY-II.NFO,30/01/2025,09:43:46,49505,49498.5,1500,49499.95,90,90,2455230
BANKNIFTY-II.NFO,30/01/2025,09:43:48,49499.95,49498.5,1500,49499.95,60,30,2455230
BANKNIFTY-II.NFO,30/01/2025,09:43:49,49498.5,49498.5,1470,49499.95,60,30,2455230
BANKNIFTY-II.NFO,30/01/2025,09:43:51,49498.5,49498.5,1440,49499.95,60,30,2455230
BANKNIFTY-II.NFO,30/01/2025,09:43:53,49498.5,49498.5,1440,49499.95,60,0,2455230
BANKNIFTY-II.NFO,30/01/2025,09:43:54,49498.5,49498.5,1410,49500,30,180,2455230
BANKNIFTY-II.NFO,30/01/2025,09:43:56,49499.95,49498.5,1410,49499.95,60,30,2455230
BANKNIFTY-II.NFO,30/01/2025,09:43:58,49499.95,49498.55,120,49499.9,60,60,2455230
BANKNIFTY-II.NFO,30/01/2025,09:43:59,49498.55,49498.5,1410,49499.9,30,60,2455230
BANKNIFTY-II.NFO,30/01/2025,09:44:01,49499.9,49499.8,330,49500,30,30,2455230
BANKNIFTY-II.NFO,30/01/2025,09:44:03,49499.95,49499.9,30,49499.95,30,30,2455230
BANKNIFTY-II.NFO,30/01/2025,09:44:04,49499.9,49499.8,330,49499.9,30,30,2455230
BANKNIFTY-II.NFO,30/01/2025,09:44:06,49499.9,49499.8,330,49499.85,30,0,2455230
BANKNIFTY-II.NFO,30/01/2025,09:44:08,49499.85,49500.15,90,49507.35,30,210,2455230
BANKNIFTY-II.NFO,30/01/2025,09:44:09,49500.05,49499.8,240,49508.7,30,60,2455230
BANKNIFTY-II.NFO,30/01/2025,09:44:11,49499.8,49499.8,210,49505,30,30,2455230
BANKNIFTY-II.NFO,30/01/2025,09:44:13,49505,49499.8,210,49504.95,30,30,2455230
BANKNIFTY-II.NFO,30/01/2025,09:44:14,49499.8,49498.5,1410,49504.95,60,210,2455230
BANKNIFTY-II.NFO,30/01/2025,09:44:16,49502.45,49499.8,30,49502.45,30,60,2455230
BANKNIFTY-II.NFO,30/01/2025,09:44:18,49499.6,49498.5,1410,49502.4,30,270,2455230
BANKNIFTY-II.NFO,30/01/2025,09:44:19,49498.5,49498.5,1350,49502.35,30,60,2455230
BANKNIFTY-II.NFO,30/01/2025,09:44:21,49498.5,49498.5,1350,49500,30,0,2455230
BANKNIFTY-II.NFO,30/01/2025,09:44:23,49498.5,49498.5,1350,49499.95,30,0,2455230
BANKNIFTY-II.NFO,30/01/2025,09:44:24,49499.95,49498.5,1350,49503.95,30,30,2455230
BANKNIFTY-II.NFO,30/01/2025,09:44:26,49498.5,49498.5,1290,49503.95,30,90,2455230
BANKNIFTY-II.NFO,30/01/2025,09:44:28,49498.5,49499,30,49503.95,30,0,2455230
BANKNIFTY-II.NFO,30/01/2025,09:44:29,49498.5,49499.05,30,49503.95,30,0,2455230
BANKNIFTY-II.NFO,30/01/2025,09:44:31,49503.95,49504,30,49509.15,30,30,2455230
BANKNIFTY-II.NFO,30/01/2025,09:44:33,49503.95,49504,30,49509.15,30,0,2455230
BANKNIFTY-II.NFO,30/01/2025,09:44:34,49503.95,49504.05,30,49509.9,30,0,2455230
BANKNIFTY-II.NFO,30/01/2025,09:44:36,49503.95,49504,30,49508.15,30,0,2455230
BANKNIFTY-II.NFO,30/01/2025,09:44:38,49504,49503.95,30,49507.4,30,30,2455230
BANKNIFTY-II.NFO,30/01/2025,09:44:39,49504,49503.95,30,49507.25,30,0,2455230
BANKNIFTY-II.NFO,30/01/2025,09:44:44,49507.1,49503.95,30,49507.15,30,30,2455230
BANKNIFTY-II.NFO,30/01/2025,09:44:46,49507.25,49504,30,49507.3,30,90,2455230
BANKNIFTY-II.NFO,30/01/2025,09:44:48,49514,49504.1,30,49512.75,30,300,2455230
BANKNIFTY-II.NFO,30/01/2025,09:44:49,49514,49504.05,30,49511.15,30,0,2455230
BANKNIFTY-II.NFO,30/01/2025,09:44:51,49507.45,49503.95,30,49510.6,30,90,2455230
BANKNIFTY-II.NFO,30/01/2025,09:44:53,49510.6,49503.95,30,49510.65,60,30,2455230
BANKNIFTY-II.NFO,30/01/2025,09:44:54,49510.65,49503.95,30,49506.1,150,60,2455230
BANKNIFTY-II.NFO,30/01/2025,09:44:56,49503.95,49500,660,49501.95,120,90,2455230
BANKNIFTY-II.NFO,30/01/2025,09:44:58,49506,49500,660,49501.85,120,30,2455230
BANKNIFTY-II.NFO,30/01/2025,09:44:59,49506,49500,660,49501.15,150,0,2455230
BANKNIFTY-II.NFO,30/01/2025,09:45:01,49500.95,49500,660,49500.95,120,30,2455230
BANKNIFTY-II.NFO,30/01/2025,09:45:02,49500.95,49500,660,49500.85,30,0,2455230
BANKNIFTY-II.NFO,30/01/2025,09:45:04,49500.8,49500.3,30,49500.8,120,60,2455230
BANKNIFTY-II.NFO,30/01/2025,09:45:06,49500.75,49500,630,49500.7,30,120,2455230
BANKNIFTY-II.NFO,30/01/2025,09:45:07,49500.7,49500.15,30,49500.75,30,120,2455230
BANKNIFTY-II.NFO,30/01/2025,09:45:09,49500.7,49500.15,30,49500.65,90,0,2455230
BANKNIFTY-II.NFO,30/01/2025,09:45:11,49500.7,49500.15,30,49500.6,30,0,2455230
BANKNIFTY-II.NFO,30/01/2025,09:45:12,49500,49500,480,49500.55,90,180,2455230
BANKNIFTY-II.NFO,30/01/2025,09:45:14,49500,49500,480,49500.5,30,0,2455230
BANKNIFTY-II.NFO,30/01/2025,09:45:16,49500.55,49500,480,49500.45,90,120,2455230
BANKNIFTY-II.NFO,30/01/2025,09:45:17,49500.55,49500,480,49500.4,30,0,2455230
BANKNIFTY-II.NFO,30/01/2025,09:45:19,49500.45,49500,510,49500.45,60,30,2455230
BANKNIFTY-II.NFO,30/01/2025,09:45:21,49500.45,49500,510,49500.4,30,0,2455230
BANKNIFTY-II.NFO,30/01/2025,09:45:22,49498.5,49498.5,810,49501.15,30,1020,2455230
BANKNIFTY-II.NFO,30/01/2025,09:45:24,49498.5,49498.5,720,49501.1,60,90,2455230
BANKNIFTY-II.NFO,30/01/2025,09:45:26,49498.5,49498.5,690,49500.9,30,30,2455230
BANKNIFTY-II.NFO,30/01/2025,09:45:27,49498.5,49500.4,90,49500.85,30,0,2455230
BANKNIFTY-II.NFO,30/01/2025,09:45:29,49500.4,49498.5,690,49500.8,30,90,2455230
BANKNIFTY-II.NFO,30/01/2025,09:45:31,49490.3,49490,300,49500,30,960,2455230
BANKNIFTY-II.NFO,30/01/2025,09:45:32,49490,49490,240,49499.95,30,60,2455230
BANKNIFTY-II.NFO,30/01/2025,09:45:34,49493.8,49490,240,49493.8,30,30,2455230
BANKNIFTY-II.NFO,30/01/2025,09:45:36,49494.35,49488.2,450,49488.95,30,360,2455230
BANKNIFTY-II.NFO,30/01/2025,09:45:37,49494.35,49488.2,450,49488.9,30,0,2455230
BANKNIFTY-II.NFO,30/01/2025,09:45:39,49494.35,49482.2,180,49488,30,0,2455230
BANKNIFTY-II.NFO,30/01/2025,09:45:40,49488.9,49485,120,49487.95,30,60,2455230
BANKNIFTY-II.NFO,30/01/2025,09:45:42,49498.45,49490.3,30,49498.25,30,90,2455230
BANKNIFTY-II.NFO,30/01/2025,09:45:44,49498.45,49490.3,30,49495.65,30,0,2455230
BANKNIFTY-II.NFO,30/01/2025,09:45:45,49498.45,49490.3,30,49495.6,60,0,2455230
BANKNIFTY-II.NFO,30/01/2025,09:45:47,49500.45,49490.3,30,49495.5,30,510,2455230
BANKNIFTY-II.NFO,30/01/2025,09:45:49,49500.1,49484.95,30,49493.85,30,1290,2455230
BANKNIFTY-II.NFO,30/01/2025,09:45:50,49502.4,49491,90,49493.75,30,510,2455230
BANKNIFTY-II.NFO,30/01/2025,09:45:52,49502.4,49491,90,49493.7,30,0,2455230
BANKNIFTY-II.NFO,30/01/2025,09:45:54,49493.85,49491,60,49493.65,30,210,2455230
BANKNIFTY-II.NFO,30/01/2025,09:45:55,49491,49491,30,49493,30,30,2455230
BANKNIFTY-II.NFO,30/01/2025,09:45:57,49491,49491,30,49491.65,30,0,2455230
BANKNIFTY-II.NFO,30/01/2025,09:45:59,49481.5,49482.3,60,49494.05,30,180,2455230
BANKNIFTY-II.NFO,30/01/2025,09:46:00,49484.1,49483.8,60,49496.35,30,930,2455230
BANKNIFTY-II.NFO,30/01/2025,09:46:02,49484.1,49487.65,60,49501.8,30,0,2455230
BANKNIFTY-II.NFO,30/01/2025,09:46:04,49484.1,49482.6,60,49497.9,30,0,2455230
BANKNIFTY-II.NFO,30/01/2025,09:46:05,49500,49500,510,49500.55,30,390,2455230
BANKNIFTY-II.NFO,30/01/2025,09:46:07,49500,49487.2,90,49500.5,60,510,2455230
BANKNIFTY-II.NFO,30/01/2025,09:46:09,49485.25,49484.6,60,49496.2,30,60,2455230
BANKNIFTY-II.NFO,30/01/2025,09:46:10,49483.75,49482.9,60,49494.65,60,90,2455230
BANKNIFTY-II.NFO,30/01/2025,09:46:12,49483.75,49480.05,30,49490.6,30,0,2455230
BANKNIFTY-II.NFO,30/01/2025,09:46:14,49488.45,49485.45,120,49488.55,30,30,2460660
BANKNIFTY-II.NFO,30/01/2025,09:46:15,49488.45,49486.35,120,49493.05,30,0,2460660
BANKNIFTY-II.NFO,30/01/2025,09:46:17,49488.45,49486.05,120,49494.5,30,0,2460660
BANKNIFTY-II.NFO,30/01/2025,09:46:19,49486.05,49486,60,49486.3,30,30,2460660
BANKNIFTY-II.NFO,30/01/2025,09:46:20,49486.3,49486.05,120,49486.35,30,30,2460660
BANKNIFTY-II.NFO,30/01/2025,09:46:22,49486.15,49490.45,120,49494.45,30,90,2460660
BANKNIFTY-II.NFO,30/01/2025,09:46:23,49494.6,49494.5,120,49494.75,30,60,2460660
BANKNIFTY-II.NFO,30/01/2025,09:46:25,49494.9,49497.25,30,49500,30,90,2460660
BANKNIFTY-II.NFO,30/01/2025,09:46:27,49494.55,49487,120,49496.85,30,60,2460660
BANKNIFTY-II.NFO,30/01/2025,09:46:28,49486,49486,30,49494.75,30,30,2460660
BANKNIFTY-II.NFO,30/01/2025,09:46:30,49486,49485.55,150,49496.3,30,30,2460660
BANKNIFTY-II.NFO,30/01/2025,09:46:32,49491.35,49486.45,120,49496.8,30,30,2460660
BANKNIFTY-II.NFO,30/01/2025,09:46:33,49498.2,49488.8,150,49498.3,30,30,2460660
BANKNIFTY-II.NFO,30/01/2025,09:46:35,49498.2,49491.4,120,49495,300,0,2460660
BANKNIFTY-II.NFO,30/01/2025,09:46:36,49498.2,49491.4,120,49494.95,30,0,2460660
BANKNIFTY-II.NFO,30/01/2025,09:46:38,49491.4,49491.4,90,49494,60,30,2460660
BANKNIFTY-II.NFO,30/01/2025,09:46:40,49495.75,49495.75,60,49498.3,30,420,2460660
BANKNIFTY-II.NFO,30/01/2025,09:46:41,49495.75,49495.05,60,49498.25,60,0,2460660
BANKNIFTY-II.NFO,30/01/2025,09:46:43,49495.75,49496.6,60,49498.25,60,0,2460660
BANKNIFTY-II.NFO,30/01/2025,09:46:45,49498.45,49497.25,30,49498.2,30,120,2460660
BANKNIFTY-II.NFO,30/01/2025,09:46:46,49507,49504.8,60,49507,570,300,2460660
BANKNIFTY-II.NFO,30/01/2025,09:46:48,49507,49498.75,60,49506.95,90,300,2460660
BANKNIFTY-II.NFO,30/01/2025,09:46:50,49506.95,49498.2,60,49506.95,60,30,2460660
BANKNIFTY-II.NFO,30/01/2025,09:46:51,49506.95,49505.5,30,49507,300,0,2460660
BANKNIFTY-II.NFO,30/01/2025,09:46:53,49505.5,49498.5,60,49506.95,30,30,2460660
BANKNIFTY-II.NFO,30/01/2025,09:46:55,49507,49496.7,30,49507,60,240,2460660
BANKNIFTY-II.NFO,30/01/2025,09:46:56,49507,49495.15,120,49506.95,60,0,2460660
BANKNIFTY-II.NFO,30/01/2025,09:46:58,49506.95,49497,60,49506.95,30,30,2460660
BANKNIFTY-II.NFO,30/01/2025,09:46:59,49506.95,49498.85,60,49506.95,30,0,2460660
BANKNIFTY-II.NFO,30/01/2025,09:47:01,49503,49499.9,60,49506.95,30,60,2460660
BANKNIFTY-II.NFO,30/01/2025,09:47:03,49500.65,49500.9,60,49506.95,30,30,2460660
BANKNIFTY-II.NFO,30/01/2025,09:47:04,49502.1,49500.05,30,49506.95,30,30,2460660
BANKNIFTY-II.NFO,30/01/2025,09:47:06,49500.05,49498.55,90,49507,90,60,2460660
BANKNIFTY-II.NFO,30/01/2025,09:47:08,49498.6,49499.05,60,49507,90,30,2460660
BANKNIFTY-II.NFO,30/01/2025,09:47:09,49507,49502.1,60,49507,30,60,2460660
BANKNIFTY-II.NFO,30/01/2025,09:47:11,49507,49502.1,60,49507,30,0,2460660
BANKNIFTY-II.NFO,30/01/2025,09:47:13,49506.95,49502.1,60,49506.95,30,30,2460660
BANKNIFTY-II.NFO,30/01/2025,09:47:14,49504.5,49505.65,30,49506.95,30,30,2460660
BANKNIFTY-II.NFO,30/01/2025,09:47:16,49507,49506.95,30,49507.1,30,60,2460660
BANKNIFTY-II.NFO,30/01/2025,09:47:18,49507,49506.05,30,49509.95,30,0,2460660
BANKNIFTY-II.NFO,30/01/2025,09:47:19,49506.9,49502.15,30,49509.95,30,30,2460660
BANKNIFTY-II.NFO,30/01/2025,09:47:21,49506.9,49504.6,30,49509.95,30,0,2460660
BANKNIFTY-II.NFO,30/01/2025,09:47:23,49506.9,49505.85,30,49509.95,30,0,2460660
BANKNIFTY-II.NFO,30/01/2025,09:47:24,49509.95,49507,30,49510,60,120,2460660
BANKNIFTY-II.NFO,30/01/2025,09:47:26,49509.95,49507,30,49509.9,30,0,2460660
BANKNIFTY-II.NFO,30/01/2025,09:47:28,49509.9,49507,30,49509.95,60,30,2460660
BANKNIFTY-II.NFO,30/01/2025,09:47:29,49507,49506.85,30,49507,30,30,2460660
BANKNIFTY-II.NFO,30/01/2025,09:47:31,49505.15,49505,180,49509.95,60,90,2460660
BANKNIFTY-II.NFO,30/01/2025,09:47:33,49505,49505,120,49509.95,60,60,2460660
BANKNIFTY-II.NFO,30/01/2025,09:47:34,49506.95,49505,120,49507,30,30,2460660
BANKNIFTY-II.NFO,30/01/2025,09:47:36,49506.95,49505,120,49507,30,0,2460660
BANKNIFTY-II.NFO,30/01/2025,09:47:38,49522,49512.9,90,49524,150,1200,2460660
BANKNIFTY-II.NFO,30/01/2025,09:47:39,49522,49508.15,30,49521.65,120,0,2460660
BANKNIFTY-II.NFO,30/01/2025,09:47:41,49510,49509.9,570,49517.9,30,60,2460660
BANKNIFTY-II.NFO,30/01/2025,09:47:43,49510,49510.5,90,49517.45,60,0,2460660
BANKNIFTY-II.NFO,30/01/2025,09:47:44,49510,49510.65,90,49517.45,60,0,2460660
BANKNIFTY-II.NFO,30/01/2025,09:47:46,49516.05,49516.65,120,49523.9,30,90,2460660
BANKNIFTY-II.NFO,30/01/2025,09:47:48,49511.65,49510.6,150,49523.2,120,150,2460660
BANKNIFTY-II.NFO,30/01/2025,09:47:49,49511.65,49510.85,90,49520,30,0,2460660
BANKNIFTY-II.NFO,30/01/2025,09:47:51,49520,49512.05,30,49519.85,120,30,2460660
BANKNIFTY-II.NFO,30/01/2025,09:47:53,49513.3,49513.35,90,49520,30,180,2460660
BANKNIFTY-II.NFO,30/01/2025,09:47:54,49520.7,49520.7,90,49527.7,120,1140,2460660
BANKNIFTY-II.NFO,30/01/2025,09:47:54,49528.8,49520.7,90,49527.7,120,0,2460660
BANKNIFTY-II.NFO,30/01/2025,09:47:56,49520.7,49521.1,30,49527.55,120,0,2460660
BANKNIFTY-II.NFO,30/01/2025,09:47:58,49527.45,49521.1,30,49527.5,60,60,2460660
BANKNIFTY-II.NFO,30/01/2025,09:47:59,49527.45,49520.7,90,49526.1,30,60,2460660
BANKNIFTY-II.NFO,30/01/2025,09:48:01,49524.95,49520.7,90,49525.25,30,120,2460660
BANKNIFTY-II.NFO,30/01/2025,09:48:03,49532.45,49520.7,90,49534.65,60,660,2460660
BANKNIFTY-II.NFO,30/01/2025,09:48:03,49532.95,49520.7,90,49534.65,60,0,2460660
BANKNIFTY-II.NFO,30/01/2025,09:48:04,49525.85,49520.7,90,49526,30,120,2460660
BANKNIFTY-II.NFO,30/01/2025,09:48:04,49533.85,49520.7,90,49526,30,0,2460660
BANKNIFTY-II.NFO,30/01/2025,09:48:06,49515.55,49515,540,49520.85,30,1110,2460660
BANKNIFTY-II.NFO,30/01/2025,09:48:08,49520.85,49517.15,120,49521,30,30,2460660
BANKNIFTY-II.NFO,30/01/2025,09:48:09,49520.85,49515.65,90,49521,30,60,2460660
BANKNIFTY-II.NFO,30/01/2025,09:48:11,49532.9,49516.15,90,49525,30,120,2460660
BANKNIFTY-II.NFO,30/01/2025,09:48:13,49518.55,49515,540,49520.65,30,90,2460660
BANKNIFTY-II.NFO,30/01/2025,09:48:14,49520.65,49520,30,49520.65,60,30,2460660
BANKNIFTY-II.NFO,30/01/2025,09:48:16,49520.65,49515.15,60,49520.65,30,90,2460660
BANKNIFTY-II.NFO,30/01/2025,09:48:17,49520.65,49517,60,49520.65,30,0,2460660
BANKNIFTY-II.NFO,30/01/2025,09:48:19,49520,49517,60,49520.7,30,60,2460660
BANKNIFTY-II.NFO,30/01/2025,09:48:21,49520.65,49517,30,49520.65,30,60,2460660
BANKNIFTY-II.NFO,30/01/2025,09:48:22,49520.65,49517,30,49520.65,30,0,2460660
BANKNIFTY-II.NFO,30/01/2025,09:48:24,49520.65,49517,30,49520.6,60,30,2460660
BANKNIFTY-II.NFO,30/01/2025,09:48:26,49515,49511,210,49515.9,30,660,2460660
BANKNIFTY-II.NFO,30/01/2025,09:48:27,49511,49511,120,49513,30,210,2460660
BANKNIFTY-II.NFO,30/01/2025,09:48:29,49515.85,49506.95,90,49516.3,60,480,2460660
BANKNIFTY-II.NFO,30/01/2025,09:48:31,49515.85,49506.95,90,49514.8,30,0,2460660
BANKNIFTY-II.NFO,30/01/2025,09:48:32,49515.85,49506.95,90,49513.4,30,0,2460660
BANKNIFTY-II.NFO,30/01/2025,09:48:34,49516,49506.95,90,49514.2,30,60,2460660
BANKNIFTY-II.NFO,30/01/2025,09:48:36,49506.95,49505,90,49506.9,30,1020,2460660
BANKNIFTY-II.NFO,30/01/2025,09:48:37,49506.9,49505,90,49506.95,390,30,2460660
BANKNIFTY-II.NFO,30/01/2025,09:48:39,49506.9,49505,90,49506.95,390,0,2460660
BANKNIFTY-II.NFO,30/01/2025,09:48:41,49505,49500,510,49504.8,30,150,2460660
BANKNIFTY-II.NFO,30/01/2025,09:48:42,49500,49500,390,49506.25,60,30,2460660
BANKNIFTY-II.NFO,30/01/2025,09:48:44,49506.25,49506.25,30,49507,30,60,2460660
BANKNIFTY-II.NFO,30/01/2025,09:48:46,49507.05,49506.95,60,49507.2,30,60,2460660
BANKNIFTY-II.NFO,30/01/2025,09:48:47,49507.05,49506.95,60,49507.2,30,0,2460660
BANKNIFTY-II.NFO,30/01/2025,09:48:51,49507.35,49511.7,30,49516.3,60,60,2460660
BANKNIFTY-II.NFO,30/01/2025,09:48:52,49507.35,49507.1,150,49516.25,30,0,2460660
BANKNIFTY-II.NFO,30/01/2025,09:48:54,49507.35,49511,60,49516.25,30,0,2460660
BANKNIFTY-II.NFO,30/01/2025,09:48:56,49511.15,49511,60,49513.75,30,90,2460660
BANKNIFTY-II.NFO,30/01/2025,09:48:57,49516.25,49511,60,49517.15,30,390,2460660
BANKNIFTY-II.NFO,30/01/2025,09:48:59,49516.25,49511.1,30,49513.8,30,0,2460660
BANKNIFTY-II.NFO,30/01/2025,09:49:01,49511,49500.05,30,49507.7,30,120,2460660
BANKNIFTY-II.NFO,30/01/2025,09:49:02,49504.55,49501,30,49503.4,30,30,2460660
BANKNIFTY-II.NFO,30/01/2025,09:49:04,49500,49491.25,120,49503.55,30,450,2460660
BANKNIFTY-II.NFO,30/01/2025,09:49:06,49491.2,49490,30,49491.25,450,90,2460660
BANKNIFTY-II.NFO,30/01/2025,09:49:07,49491.35,49494.05,30,49505.6,60,540,2460660
BANKNIFTY-II.NFO,30/01/2025,09:49:09,49496.85,49496.05,30,49505.45,30,270,2460660
BANKNIFTY-II.NFO,30/01/2025,09:49:11,49496.05,49494.1,90,49504.4,30,30,2460660
BANKNIFTY-II.NFO,30/01/2025,09:49:12,49505.45,49489.2,60,49503.9,30,60,2462730
BANKNIFTY-II.NFO,30/01/2025,09:49:14,49505.45,49495,60,49503.05,30,0,2462730
BANKNIFTY-II.NFO,30/01/2025,09:49:16,49503.05,49496.1,90,49506.05,60,30,2462730
BANKNIFTY-II.NFO,30/01/2025,09:49:17,49503.05,49498.1,60,49506.05,60,0,2462730
BANKNIFTY-II.NFO,30/01/2025,09:49:19,49498.25,49498.25,30,49506.05,60,30,2462730
BANKNIFTY-II.NFO,30/01/2025,09:49:21,49498.25,49498.25,30,49506.05,60,0,2462730
BANKNIFTY-II.NFO,30/01/2025,09:49:22,49498.25,49498.1,30,49506.05,60,0,2462730
BANKNIFTY-II.NFO,30/01/2025,09:49:24,49506.05,49500.1,30,49506.05,30,30,2462730
BANKNIFTY-II.NFO,30/01/2025,09:49:26,49506.05,49495,90,49503.1,30,30,2462730
BANKNIFTY-II.NFO,30/01/2025,09:49:27,49506.05,49500,510,49503.8,60,0,2462730
BANKNIFTY-II.NFO,30/01/2025,09:49:29,49500,49500,450,49503.7,30,60,2462730
BANKNIFTY-II.NFO,30/01/2025,09:49:30,49495,49495,60,49498.1,30,510,2462730
BANKNIFTY-II.NFO,30/01/2025,09:49:32,49495,49495,60,49496.75,30,0,2462730
BANKNIFTY-II.NFO,30/01/2025,09:49:34,49495,49486.05,30,49490,90,60,2462730
BANKNIFTY-II.NFO,30/01/2025,09:49:36,49490,49487.55,30,49490,60,30,2462730
BANKNIFTY-II.NFO,30/01/2025,09:49:37,49490,49489.8,60,49496.7,30,60,2462730
BANKNIFTY-II.NFO,30/01/2025,09:49:39,49496.7,49492.9,30,49496.85,30,30,2462730
BANKNIFTY-II.NFO,30/01/2025,09:49:41,49503.7,49503.7,30,49503.75,30,90,2462730
BANKNIFTY-II.NFO,30/01/2025,09:49:42,49503.75,49490.3,60,49503.75,30,60,2462730
BANKNIFTY-II.NFO,30/01/2025,09:49:44,49503.75,49490.25,60,49502.9,30,0,2462730
BANKNIFTY-II.NFO,30/01/2025,09:49:46,49503.75,49494.4,30,49503.75,30,0,2462730
BANKNIFTY-II.NFO,30/01/2025,09:49:47,49490.1,49490,960,49502.15,120,30,2462730
BANKNIFTY-II.NFO,30/01/2025,09:49:49,49505,49490.3,60,49504.05,90,900,2462730
