Ticker,Date,Time,LTP,BuyPrice,BuyQty,SellPrice,SellQty,LTQ,OpenInterest
NIFTY-III.NFO,30/01/2025,09:15:00,23360,23403.2,150,23454.15,150,75,699975
NIFTY-III.NFO,30/01/2025,09:15:00,23360,23403.2,150,23454.15,150,0,699975
NIFTY-III.NFO,30/01/2025,09:15:00,23360,23403.2,150,23454.15,150,0,699975
NIFTY-III.NFO,30/01/2025,09:15:00,23360,23403.2,150,23454.15,150,0,699975
NIFTY-III.NFO,30/01/2025,09:15:01,23445.15,23412.8,150,23445.25,150,300,699975
NIFTY-III.NFO,30/01/2025,09:15:01,23445.15,23412.8,150,23445.25,150,0,699975
NIFTY-III.NFO,30/01/2025,09:15:03,23428.8,23428,150,23435.5,1800,675,699975
NIFTY-III.NFO,30/01/2025,09:15:03,23450.6,23428,150,23435.5,1800,0,699975
NIFTY-III.NFO,30/01/2025,09:15:04,23435.5,23434.35,150,23454.6,150,2100,699975
NIFTY-III.NFO,30/01/2025,09:15:06,23425.25,23435,75,23440.85,150,375,699975
NIFTY-III.NFO,30/01/2025,09:15:08,23436,23424.9,150,23452,150,300,699975
NIFTY-III.NFO,30/01/2025,09:15:09,23436,23429.75,150,23450.8,150,0,699975
NIFTY-III.NFO,30/01/2025,09:15:11,23436,23433.2,150,23440,75,0,699975
NIFTY-III.NFO,30/01/2025,09:15:13,23445.15,23439.3,75,23449.85,150,150,699975
NIFTY-III.NFO,30/01/2025,09:15:14,23445.15,23435.15,150,23448.05,150,0,699975
NIFTY-III.NFO,30/01/2025,09:15:16,23430.5,23430,75,23439.5,150,300,699975
NIFTY-III.NFO,30/01/2025,09:15:17,23439.8,23430.05,150,23439.85,150,225,699975
NIFTY-III.NFO,30/01/2025,09:15:19,23442.95,23430.55,150,23443.25,300,75,699975
NIFTY-III.NFO,30/01/2025,09:15:21,23442.95,23430.5,75,23439.45,750,0,699975
NIFTY-III.NFO,30/01/2025,09:15:22,23423.15,23423.15,150,23434.9,150,300,699975
NIFTY-III.NFO,30/01/2025,09:15:24,23423.15,23418.75,150,23434.7,300,0,699975
NIFTY-III.NFO,30/01/2025,09:15:25,23423.15,23420.3,150,23433.1,150,0,699975
NIFTY-III.NFO,30/01/2025,09:15:27,23423.15,23423.15,150,23433.5,300,0,699975
NIFTY-III.NFO,30/01/2025,09:15:29,23423.15,23426.7,150,23438.7,150,0,699975
NIFTY-III.NFO,30/01/2025,09:15:30,23423.15,23426.55,150,23439.75,300,0,699975
NIFTY-III.NFO,30/01/2025,09:15:32,23437.35,23423.2,150,23437.4,525,150,699975
NIFTY-III.NFO,30/01/2025,09:15:33,23437.35,23423.2,150,23433.8,225,0,699975
NIFTY-III.NFO,30/01/2025,09:15:35,23437.35,23423.2,150,23433.35,525,0,699975
NIFTY-III.NFO,30/01/2025,09:15:37,23437.35,23423.2,150,23431.2,375,0,699975
NIFTY-III.NFO,30/01/2025,09:15:38,23423.15,23423.2,150,23429.6,300,150,699975
NIFTY-III.NFO,30/01/2025,09:15:40,23430.2,23423.15,675,23428.95,300,525,699975
NIFTY-III.NFO,30/01/2025,09:15:41,23430.2,23423.15,675,23427.9,750,0,699975
NIFTY-III.NFO,30/01/2025,09:15:43,23423.2,23423.95,150,23438.1,150,150,699975
NIFTY-III.NFO,30/01/2025,09:15:45,23423.95,23430.05,225,23437.25,150,150,699975
NIFTY-III.NFO,30/01/2025,09:15:46,23423.95,23426.45,75,23436.8,150,0,699975
NIFTY-III.NFO,30/01/2025,09:15:48,23423.95,23423.9,75,23434.85,225,0,699975
NIFTY-III.NFO,30/01/2025,09:15:49,23423.95,23423.15,750,23433.25,225,0,699975
NIFTY-III.NFO,30/01/2025,09:15:51,23423.95,23423.15,675,23428.4,150,0,699975
NIFTY-III.NFO,30/01/2025,09:15:53,23423.95,23423.15,675,23429.2,150,0,699975
NIFTY-III.NFO,30/01/2025,09:15:54,23423.95,23423.15,675,23430,150,0,699975
NIFTY-III.NFO,30/01/2025,09:15:56,23423.15,23423.15,525,23430.25,150,150,699975
NIFTY-III.NFO,30/01/2025,09:15:57,23426.25,23423.15,525,23425.65,300,75,699375
NIFTY-III.NFO,30/01/2025,09:15:59,23426.25,23423.15,525,23429.2,150,0,699375
NIFTY-III.NFO,30/01/2025,09:16:01,23423.15,23423.95,75,23430.3,150,300,699375
NIFTY-III.NFO,30/01/2025,09:16:02,23423.15,23423.95,75,23431.75,150,0,699375
NIFTY-III.NFO,30/01/2025,09:16:04,23423.15,23423.95,75,23431.8,150,0,699375
NIFTY-III.NFO,30/01/2025,09:16:05,23423.15,23426.6,300,23434.95,300,0,699375
NIFTY-III.NFO,30/01/2025,09:16:07,23426.65,23433.35,225,23437,150,75,699375
NIFTY-III.NFO,30/01/2025,09:16:09,23426.65,23434,225,23437,150,0,699375
NIFTY-III.NFO,30/01/2025,09:16:10,23437,23437.35,75,23444.3,750,150,699375
NIFTY-III.NFO,30/01/2025,09:16:12,23437,23438.2,75,23444.3,750,0,699375
NIFTY-III.NFO,30/01/2025,09:16:14,23437,23439.55,75,23445.15,75,0,699375
NIFTY-III.NFO,30/01/2025,09:16:15,23438.65,23438.35,225,23446,75,150,699375
NIFTY-III.NFO,30/01/2025,09:16:17,23438.4,23442.05,75,23446,75,75,699375
NIFTY-III.NFO,30/01/2025,09:16:18,23438.4,23443.6,150,23446,75,0,699375
NIFTY-III.NFO,30/01/2025,09:16:20,23446,23446,75,23451,75,75,699375
NIFTY-III.NFO,30/01/2025,09:16:22,23446,23445.1,75,23451,75,0,699375
NIFTY-III.NFO,30/01/2025,09:16:23,23446,23445.55,75,23451,75,0,699375
NIFTY-III.NFO,30/01/2025,09:16:25,23451,23439.15,75,23451.15,300,75,699375
NIFTY-III.NFO,30/01/2025,09:16:25,23451,23439.15,75,23451.15,300,0,699375
NIFTY-III.NFO,30/01/2025,09:16:26,23451,23439.2,75,23450.9,375,0,699375
NIFTY-III.NFO,30/01/2025,09:16:28,23451,23437,75,23445.35,375,0,699375
NIFTY-III.NFO,30/01/2025,09:16:30,23451,23437,75,23443.8,150,0,699375
NIFTY-III.NFO,30/01/2025,09:16:31,23451,23437,75,23441.4,150,0,699375
NIFTY-III.NFO,30/01/2025,09:16:33,23437,23431.85,150,23443,300,75,699375
NIFTY-III.NFO,30/01/2025,09:16:34,23437,23430.4,75,23437,75,0,699375
NIFTY-III.NFO,30/01/2025,09:16:36,23437,23431.3,75,23437,75,0,699375
NIFTY-III.NFO,30/01/2025,09:16:38,23437,23433.3,225,23437,75,0,699375
NIFTY-III.NFO,30/01/2025,09:16:39,23437,23434.35,75,23437,75,0,699375
NIFTY-III.NFO,30/01/2025,09:16:41,23433.3,23433.05,375,23437,75,75,699375
NIFTY-III.NFO,30/01/2025,09:16:42,23436.95,23431.15,150,23437,75,150,699375
NIFTY-III.NFO,30/01/2025,09:16:44,23436.95,23429.35,75,23436.95,150,0,699375
NIFTY-III.NFO,30/01/2025,09:16:46,23436.95,23431.35,75,23437,75,0,699375
NIFTY-III.NFO,30/01/2025,09:16:47,23432.65,23432.45,150,23437,75,225,699375
NIFTY-III.NFO,30/01/2025,09:16:49,23437,23432.75,150,23441.9,300,75,699375
NIFTY-III.NFO,30/01/2025,09:16:50,23437,23432.45,75,23441.9,375,0,699375
NIFTY-III.NFO,30/01/2025,09:16:52,23430.95,23432.4,150,23441.05,225,675,699375
NIFTY-III.NFO,30/01/2025,09:16:54,23440.95,23432.7,75,23440.5,150,75,699375
NIFTY-III.NFO,30/01/2025,09:16:55,23432.75,23431.25,150,23438.85,150,225,699375
NIFTY-III.NFO,30/01/2025,09:16:57,23432.75,23431.2,150,23439.4,225,0,699375
NIFTY-III.NFO,30/01/2025,09:16:58,23432.75,23433,75,23439.25,225,0,699375
NIFTY-III.NFO,30/01/2025,09:17:00,23439.5,23433,75,23439.7,150,75,699375
NIFTY-III.NFO,30/01/2025,09:17:02,23437.85,23433,75,23438.75,225,75,699375
NIFTY-III.NFO,30/01/2025,09:17:03,23437.85,23433,75,23439.35,375,0,699375
NIFTY-III.NFO,30/01/2025,09:17:05,23437.85,23433,75,23438.8,225,0,699375
NIFTY-III.NFO,30/01/2025,09:17:07,23439.2,23433,75,23440.9,75,75,699375
NIFTY-III.NFO,30/01/2025,09:17:08,23439.2,23433.15,150,23440.9,75,0,699375
NIFTY-III.NFO,30/01/2025,09:17:10,23439.2,23434.5,225,23440.95,375,0,699375
NIFTY-III.NFO,30/01/2025,09:17:11,23440.9,23433.4,150,23440.95,375,75,699375
NIFTY-III.NFO,30/01/2025,09:17:13,23440.9,23434.25,150,23440.95,375,0,699375
NIFTY-III.NFO,30/01/2025,09:17:15,23440.9,23433.05,150,23440.95,375,0,699375
NIFTY-III.NFO,30/01/2025,09:17:16,23440.95,23437.85,75,23440.95,300,75,699375
NIFTY-III.NFO,30/01/2025,09:17:18,23440.95,23437.85,75,23440.95,300,0,699375
NIFTY-III.NFO,30/01/2025,09:17:19,23440.95,23437.9,150,23440.95,225,75,699375
NIFTY-III.NFO,30/01/2025,09:17:21,23440.95,23437.9,150,23440.95,225,0,699375
NIFTY-III.NFO,30/01/2025,09:17:24,23440.95,23437.85,75,23440.95,225,0,699375
NIFTY-III.NFO,30/01/2025,09:17:26,23440.95,23437.85,75,23440.95,300,0,699375
NIFTY-III.NFO,30/01/2025,09:17:27,23440.95,23433.4,375,23440.95,300,0,699375
NIFTY-III.NFO,30/01/2025,09:17:29,23440.95,23434.55,150,23440.95,300,0,699375
NIFTY-III.NFO,30/01/2025,09:17:31,23440.95,23434.35,150,23440.95,300,0,699375
NIFTY-III.NFO,30/01/2025,09:17:32,23440.95,23433.45,150,23440.95,300,0,699375
NIFTY-III.NFO,30/01/2025,09:17:34,23440.95,23435.6,150,23440.95,300,0,699375
NIFTY-III.NFO,30/01/2025,09:17:35,23440.95,23436.1,150,23440.95,225,75,699375
NIFTY-III.NFO,30/01/2025,09:17:37,23440.95,23434.8,150,23440.95,75,150,699375
NIFTY-III.NFO,30/01/2025,09:17:39,23440.95,23437.85,150,23440.95,75,0,699375
NIFTY-III.NFO,30/01/2025,09:17:40,23439,23439,150,23440.95,75,150,699375
NIFTY-III.NFO,30/01/2025,09:17:42,23439,23438.25,150,23440.95,75,0,699375
NIFTY-III.NFO,30/01/2025,09:17:44,23440.95,23441.85,150,23445,300,75,699375
NIFTY-III.NFO,30/01/2025,09:17:45,23440.95,23441,150,23445,300,0,699375
NIFTY-III.NFO,30/01/2025,09:17:47,23440.95,23441.95,150,23445,300,0,699375
NIFTY-III.NFO,30/01/2025,09:17:48,23440.95,23441.3,225,23445,300,0,699375
NIFTY-III.NFO,30/01/2025,09:17:50,23440.95,23440.6,225,23445,300,0,699375
NIFTY-III.NFO,30/01/2025,09:17:52,23440.95,23441,150,23445,300,0,699375
NIFTY-III.NFO,30/01/2025,09:17:53,23440.95,23440.95,75,23445,300,0,699375
NIFTY-III.NFO,30/01/2025,09:17:58,23440.95,23440.95,75,23444.95,75,0,699375
NIFTY-III.NFO,30/01/2025,09:18:00,23440.95,23440.95,75,23444.15,75,0,699375
NIFTY-III.NFO,30/01/2025,09:18:01,23439,23433.5,150,23440.25,75,150,699375
NIFTY-III.NFO,30/01/2025,09:18:03,23439,23434.8,150,23440.95,225,0,699375
NIFTY-III.NFO,30/01/2025,09:18:05,23441.8,23434.4,375,23442.65,225,450,699375
NIFTY-III.NFO,30/01/2025,09:18:06,23441.8,23434.55,225,23444.95,375,0,699375
NIFTY-III.NFO,30/01/2025,09:18:08,23441.8,23437.3,150,23445,300,0,699375
NIFTY-III.NFO,30/01/2025,09:18:09,23441.8,23439.85,225,23445,300,0,699375
NIFTY-III.NFO,30/01/2025,09:18:11,23442.4,23440.35,225,23445,300,150,699375
NIFTY-III.NFO,30/01/2025,09:18:13,23442.4,23440.1,150,23445,300,0,699375
NIFTY-III.NFO,30/01/2025,09:18:14,23442.4,23440.05,150,23445,300,0,699375
NIFTY-III.NFO,30/01/2025,09:18:16,23442.4,23439.7,150,23445,300,0,699375
NIFTY-III.NFO,30/01/2025,09:18:17,23442.4,23441.05,150,23445,300,0,699375
NIFTY-III.NFO,30/01/2025,09:18:19,23442.4,23435.7,225,23444.8,225,0,699375
NIFTY-III.NFO,30/01/2025,09:18:21,23442.4,23436.3,225,23444.95,225,0,699375
NIFTY-III.NFO,30/01/2025,09:18:22,23442.4,23435.35,150,23444.95,225,0,699375
NIFTY-III.NFO,30/01/2025,09:18:24,23444.95,23435.75,225,23444.95,150,75,699375
NIFTY-III.NFO,30/01/2025,09:18:26,23444.95,23439.65,150,23445,300,0,699375
NIFTY-III.NFO,30/01/2025,09:18:27,23437.5,23437.15,150,23445,300,750,699375
NIFTY-III.NFO,30/01/2025,09:18:29,23437.5,23437.05,75,23445,300,0,699375
NIFTY-III.NFO,30/01/2025,09:18:31,23437.5,23438.7,150,23445,300,0,699375
NIFTY-III.NFO,30/01/2025,09:18:33,23437.5,23437.7,150,23445,300,0,699375
NIFTY-III.NFO,30/01/2025,09:18:34,23437.5,23437.75,75,23445,300,0,699375
NIFTY-III.NFO,30/01/2025,09:18:36,23438.15,23438.35,150,23445,300,225,699375
NIFTY-III.NFO,30/01/2025,09:18:38,23438.15,23438.55,75,23444.95,150,0,699375
NIFTY-III.NFO,30/01/2025,09:18:39,23438.15,23440,75,23445,300,0,699375
NIFTY-III.NFO,30/01/2025,09:18:49,23438.15,23440,75,23444.95,300,0,699375
NIFTY-III.NFO,30/01/2025,09:18:51,23438.15,23440,75,23443.75,225,0,699375
NIFTY-III.NFO,30/01/2025,09:18:53,23438.15,23440,75,23443.35,150,0,699375
NIFTY-III.NFO,30/01/2025,09:18:54,23438.15,23440,75,23443.6,150,0,699375
NIFTY-III.NFO,30/01/2025,09:18:56,23438.15,23441.65,75,23444.95,225,0,699375
NIFTY-III.NFO,30/01/2025,09:18:58,23440,23438.15,150,23440.8,225,150,699675
NIFTY-III.NFO,30/01/2025,09:18:59,23440,23438.15,150,23441.85,150,0,699675
NIFTY-III.NFO,30/01/2025,09:19:01,23438.15,23431.1,375,23439.55,225,150,699675
NIFTY-III.NFO,30/01/2025,09:19:03,23438.15,23434.25,75,23439.35,225,0,699675
NIFTY-III.NFO,30/01/2025,09:19:04,23438.15,23435.75,150,23444.05,375,0,699675
NIFTY-III.NFO,30/01/2025,09:19:06,23438.15,23436.3,225,23444.95,225,0,699675
NIFTY-III.NFO,30/01/2025,09:19:08,23438.15,23433.9,225,23443.3,375,0,699675
NIFTY-III.NFO,30/01/2025,09:19:09,23438.15,23434.3,75,23440.95,225,0,699675
NIFTY-III.NFO,30/01/2025,09:19:11,23438.15,23438.15,150,23442,150,0,699675
NIFTY-III.NFO,30/01/2025,09:19:13,23438.15,23438.15,150,23441.6,225,0,699675
NIFTY-III.NFO,30/01/2025,09:19:14,23438.15,23429.65,150,23437.75,225,150,699675
NIFTY-III.NFO,30/01/2025,09:19:16,23438.15,23430.85,375,23440.65,150,0,699675
NIFTY-III.NFO,30/01/2025,09:19:18,23438.15,23440,150,23443.05,225,0,699675
NIFTY-III.NFO,30/01/2025,09:19:19,23438.15,23440,150,23442.55,150,0,699675
NIFTY-III.NFO,30/01/2025,09:19:21,23438.15,23440,150,23440.95,225,0,699675
NIFTY-III.NFO,30/01/2025,09:19:23,23437.35,23430.65,225,23439.85,225,225,699675
NIFTY-III.NFO,30/01/2025,09:19:24,23437.35,23431.45,225,23440.5,375,0,699675
NIFTY-III.NFO,30/01/2025,09:19:26,23437.35,23430.85,225,23439.85,225,0,699675
NIFTY-III.NFO,30/01/2025,09:19:28,23437.35,23434.35,150,23442.95,300,0,699675
NIFTY-III.NFO,30/01/2025,09:19:29,23437.35,23434.75,150,23443.3,300,0,699675
NIFTY-III.NFO,30/01/2025,09:19:31,23437.35,23436.2,75,23444.05,150,0,699675
NIFTY-III.NFO,30/01/2025,09:19:33,23437.35,23437.65,75,23444.95,150,0,699675
NIFTY-III.NFO,30/01/2025,09:19:34,23437.35,23441.25,75,23445,300,0,699675
NIFTY-III.NFO,30/01/2025,09:19:36,23437.35,23440.35,150,23445,300,0,699675
NIFTY-III.NFO,30/01/2025,09:19:38,23437.35,23439.8,75,23445,300,0,699675
NIFTY-III.NFO,30/01/2025,09:19:41,23440.45,23439.75,375,23445,300,75,699675
NIFTY-III.NFO,30/01/2025,09:19:43,23440.45,23439.8,225,23445,300,0,699675
NIFTY-III.NFO,30/01/2025,09:19:44,23440.45,23439.75,375,23445,300,0,699675
NIFTY-III.NFO,30/01/2025,09:19:46,23440.45,23439.8,225,23445,300,0,699675
NIFTY-III.NFO,30/01/2025,09:19:48,23440.45,23439.75,375,23445,300,0,699675
NIFTY-III.NFO,30/01/2025,09:19:49,23445,23443,150,23445,225,150,699675
NIFTY-III.NFO,30/01/2025,09:19:51,23445,23440.45,300,23445,75,150,699675
NIFTY-III.NFO,30/01/2025,09:19:53,23445,23440.45,300,23445,75,0,699675
NIFTY-III.NFO,30/01/2025,09:19:54,23445,23440.45,300,23444.95,150,0,699675
NIFTY-III.NFO,30/01/2025,09:19:56,23440.5,23440.45,300,23444.65,225,375,699675
NIFTY-III.NFO,30/01/2025,09:19:58,23440.5,23440.5,75,23445,150,0,699675
NIFTY-III.NFO,30/01/2025,09:19:59,23440.5,23440.45,300,23442.85,150,0,699675
NIFTY-III.NFO,30/01/2025,09:20:01,23440.5,23440.45,300,23442.6,150,0,699675
NIFTY-III.NFO,30/01/2025,09:20:03,23440.5,23440.45,300,23444.95,300,0,699675
NIFTY-III.NFO,30/01/2025,09:20:06,23440.5,23440.45,300,23444.95,150,0,699675
NIFTY-III.NFO,30/01/2025,09:20:11,23440.5,23442.6,75,23445,150,0,699675
NIFTY-III.NFO,30/01/2025,09:20:13,23440.5,23441.4,75,23445,150,0,699675
NIFTY-III.NFO,30/01/2025,09:20:14,23440.5,23440.5,75,23445,150,0,699675
NIFTY-III.NFO,30/01/2025,09:20:16,23440.5,23442.4,75,23445,150,0,699675
NIFTY-III.NFO,30/01/2025,09:20:18,23440.5,23443.1,375,23445,150,0,699675
NIFTY-III.NFO,30/01/2025,09:20:21,23445,23443.1,375,23445,75,75,699675
NIFTY-III.NFO,30/01/2025,09:20:23,23445,23443.75,75,23450,75,75,699675
NIFTY-III.NFO,30/01/2025,09:20:24,23445,23442.55,150,23449.95,150,0,699675
NIFTY-III.NFO,30/01/2025,09:20:26,23442.7,23442.2,225,23449.95,150,75,699675
NIFTY-III.NFO,30/01/2025,09:20:28,23442.7,23442.2,225,23449.95,150,0,699675
NIFTY-III.NFO,30/01/2025,09:20:30,23442.7,23442.1,450,23449.85,150,0,699675
NIFTY-III.NFO,30/01/2025,09:20:31,23442.7,23443,225,23448.45,150,0,699675
NIFTY-III.NFO,30/01/2025,09:20:33,23443,23442.7,75,23447.8,225,225,699675
NIFTY-III.NFO,30/01/2025,09:20:35,23448.35,23442.7,75,23449.55,150,75,699675
NIFTY-III.NFO,30/01/2025,09:20:36,23448.35,23442.7,75,23448.4,225,0,699675
NIFTY-III.NFO,30/01/2025,09:20:38,23448.35,23443.1,375,23448.1,150,0,699675
NIFTY-III.NFO,30/01/2025,09:20:40,23448.35,23442.7,75,23445.25,150,0,699675
NIFTY-III.NFO,30/01/2025,09:20:41,23440.45,23433.1,375,23439.9,150,375,699675
NIFTY-III.NFO,30/01/2025,09:20:43,23434.05,23433.9,225,23441.5,150,300,699675
NIFTY-III.NFO,30/01/2025,09:20:45,23434.05,23433.3,150,23440.6,150,0,699675
NIFTY-III.NFO,30/01/2025,09:20:46,23434.05,23433.95,150,23440.15,150,0,699675
NIFTY-III.NFO,30/01/2025,09:20:48,23437.55,23433.1,375,23436.7,75,75,699675
NIFTY-III.NFO,30/01/2025,09:20:50,23435.9,23431.65,75,23434.45,225,300,699675
NIFTY-III.NFO,30/01/2025,09:20:51,23431.65,23430,75,23431.1,150,75,699675
NIFTY-III.NFO,30/01/2025,09:20:53,23430,23427.1,375,23432.7,75,75,699675
NIFTY-III.NFO,30/01/2025,09:20:55,23430,23427.15,150,23434,75,0,699675
NIFTY-III.NFO,30/01/2025,09:20:56,23430,23427.35,225,23433.75,75,0,699675
NIFTY-III.NFO,30/01/2025,09:20:58,23430,23428.1,150,23435.35,75,0,699675
NIFTY-III.NFO,30/01/2025,09:21:00,23430,23428.65,225,23437.2,150,0,699675
NIFTY-III.NFO,30/01/2025,09:21:01,23430,23433.1,375,23436.25,75,0,699675
NIFTY-III.NFO,30/01/2025,09:21:03,23430,23429.95,150,23436.65,75,0,699675
NIFTY-III.NFO,30/01/2025,09:21:05,23434.95,23428.05,225,23437.5,75,75,699675
NIFTY-III.NFO,30/01/2025,09:21:06,23434.95,23427.1,375,23434.05,75,0,699675
NIFTY-III.NFO,30/01/2025,09:21:08,23432.65,23425.1,375,23431.25,150,75,699675
NIFTY-III.NFO,30/01/2025,09:21:10,23432.65,23424.1,750,23430.1,150,0,699675
NIFTY-III.NFO,30/01/2025,09:21:11,23432.65,23423.15,225,23431.25,75,0,699675
NIFTY-III.NFO,30/01/2025,09:21:13,23432.65,23428.9,375,23432.9,150,0,699675
NIFTY-III.NFO,30/01/2025,09:21:15,23432.65,23426.9,750,23432.8,150,0,699675
NIFTY-III.NFO,30/01/2025,09:21:16,23432.65,23426.3,225,23434.95,75,0,699675
NIFTY-III.NFO,30/01/2025,09:21:18,23432.65,23429.45,150,23434.95,75,0,699675
NIFTY-III.NFO,30/01/2025,09:21:20,23432.65,23427.4,150,23431,150,0,699675
NIFTY-III.NFO,30/01/2025,09:21:21,23432.65,23426.4,150,23431,150,0,699675
NIFTY-III.NFO,30/01/2025,09:21:23,23432.65,23428.1,150,23431,150,0,699675
NIFTY-III.NFO,30/01/2025,09:21:25,23432.65,23428.1,225,23431,150,0,699675
NIFTY-III.NFO,30/01/2025,09:21:26,23432.65,23427.1,300,23431,150,0,699675
NIFTY-III.NFO,30/01/2025,09:21:28,23432.65,23427.6,300,23431,150,0,699675
NIFTY-III.NFO,30/01/2025,09:21:30,23427.2,23426.8,375,23431,150,225,699675
NIFTY-III.NFO,30/01/2025,09:21:31,23427.2,23426.8,375,23431,150,0,699675
NIFTY-III.NFO,30/01/2025,09:21:33,23427.2,23426.8,375,23430.95,150,0,699675
NIFTY-III.NFO,30/01/2025,09:21:35,23430.95,23425.15,300,23431,150,75,699675
NIFTY-III.NFO,30/01/2025,09:21:40,23430.95,23425.55,225,23431,150,0,699675
NIFTY-III.NFO,30/01/2025,09:21:41,23430.95,23425.85,300,23431,150,0,699675
NIFTY-III.NFO,30/01/2025,09:21:43,23430.95,23425.2,375,23431,150,0,699675
NIFTY-III.NFO,30/01/2025,09:21:45,23430.95,23424.25,150,23430.95,150,0,699675
NIFTY-III.NFO,30/01/2025,09:21:46,23430.95,23424.2,375,23429.95,150,0,699675
NIFTY-III.NFO,30/01/2025,09:21:48,23430.95,23426.8,300,23430,75,0,699675
NIFTY-III.NFO,30/01/2025,09:21:50,23430,23423,300,23428,150,75,699675
NIFTY-III.NFO,30/01/2025,09:21:51,23430,23424.35,375,23429.5,75,0,699675
NIFTY-III.NFO,30/01/2025,09:21:53,23430,23424.4,150,23430.95,150,0,699675
NIFTY-III.NFO,30/01/2025,09:21:55,23426.95,23420,225,23426.9,225,225,699675
NIFTY-III.NFO,30/01/2025,09:21:56,23426.95,23423.2,375,23429.95,150,0,699675
NIFTY-III.NFO,30/01/2025,09:21:58,23426.95,23423.5,375,23430.75,150,0,699675
NIFTY-III.NFO,30/01/2025,09:22:00,23426.95,23420.75,225,23429.95,225,0,699675
NIFTY-III.NFO,30/01/2025,09:22:01,23426.95,23422.5,150,23429.95,225,0,699675
NIFTY-III.NFO,30/01/2025,09:22:03,23426.95,23423.45,150,23430,75,0,699675
NIFTY-III.NFO,30/01/2025,09:22:05,23426.95,23423.45,375,23430,75,0,699675
NIFTY-III.NFO,30/01/2025,09:22:06,23423.55,23424.15,375,23431,150,75,701175
NIFTY-III.NFO,30/01/2025,09:22:08,23423.55,23426.3,300,23431,150,0,701175
NIFTY-III.NFO,30/01/2025,09:22:10,23423.55,23427.5,225,23431,150,0,701175
NIFTY-III.NFO,30/01/2025,09:22:11,23423.55,23422.85,150,23430.95,150,0,701175
NIFTY-III.NFO,30/01/2025,09:22:13,23423.55,23422.8,300,23430.55,75,0,701175
NIFTY-III.NFO,30/01/2025,09:22:15,23423.55,23422.4,150,23430.05,75,0,701175
NIFTY-III.NFO,30/01/2025,09:22:16,23423.55,23422.4,300,23430.05,75,0,701175
NIFTY-III.NFO,30/01/2025,09:22:18,23423.55,23422.4,300,23430.7,150,0,701175
NIFTY-III.NFO,30/01/2025,09:22:20,23423.55,23422.9,300,23431,225,0,701175
NIFTY-III.NFO,30/01/2025,09:22:21,23423.55,23423.65,300,23431,150,0,701175
NIFTY-III.NFO,30/01/2025,09:22:23,23432.2,23425,300,23432.65,75,450,701175
NIFTY-III.NFO,30/01/2025,09:22:25,23432.2,23425.25,150,23432.6,150,0,701175
NIFTY-III.NFO,30/01/2025,09:22:26,23432.2,23423.35,300,23432.6,225,0,701175
NIFTY-III.NFO,30/01/2025,09:22:28,23432.2,23423.35,150,23432.6,225,0,701175
NIFTY-III.NFO,30/01/2025,09:22:30,23432.2,23423.65,375,23432.55,225,0,701175
NIFTY-III.NFO,30/01/2025,09:22:32,23432.2,23425.9,300,23432.65,75,0,701175
NIFTY-III.NFO,30/01/2025,09:22:33,23432.6,23432.2,75,23432.65,75,150,701175
NIFTY-III.NFO,30/01/2025,09:22:35,23432.6,23432.2,75,23432.65,75,0,701175
NIFTY-III.NFO,30/01/2025,09:22:38,23432.65,23427.8,375,23434.95,75,75,701175
NIFTY-III.NFO,30/01/2025,09:22:40,23432.65,23432.6,75,23434.95,75,0,701175
NIFTY-III.NFO,30/01/2025,09:22:42,23432.65,23432.6,75,23434.15,150,0,701175
NIFTY-III.NFO,30/01/2025,09:22:43,23432.6,23430,150,23433.6,225,75,701175
NIFTY-III.NFO,30/01/2025,09:22:45,23432.6,23430,150,23433.55,150,0,701175
NIFTY-III.NFO,30/01/2025,09:22:47,23432.6,23430,150,23432.55,225,0,701175
NIFTY-III.NFO,30/01/2025,09:22:48,23432.6,23430,150,23434.4,150,0,701175
NIFTY-III.NFO,30/01/2025,09:22:50,23432.6,23430,150,23432.9,150,0,701175
NIFTY-III.NFO,30/01/2025,09:22:52,23432.6,23430,150,23432.7,150,0,701175
NIFTY-III.NFO,30/01/2025,09:22:53,23432.6,23430,150,23432.5,150,0,701175
NIFTY-III.NFO,30/01/2025,09:22:55,23432.6,23430,150,23433,150,0,701175
NIFTY-III.NFO,30/01/2025,09:22:57,23432.5,23430,150,23432.3,75,75,701175
NIFTY-III.NFO,30/01/2025,09:22:58,23432.5,23430,150,23433.1,75,0,701175
NIFTY-III.NFO,30/01/2025,09:23:00,23432.5,23430,150,23432.2,75,0,701175
NIFTY-III.NFO,30/01/2025,09:23:02,23432.5,23430,150,23431.8,150,0,701175
NIFTY-III.NFO,30/01/2025,09:23:03,23432.5,23430,150,23432.25,75,0,701175
NIFTY-III.NFO,30/01/2025,09:23:05,23430,23423.95,150,23431.45,150,150,701175
NIFTY-III.NFO,30/01/2025,09:23:07,23430,23423.1,375,23430.5,225,0,701175
NIFTY-III.NFO,30/01/2025,09:23:08,23430,23425,75,23430.1,75,0,701175
NIFTY-III.NFO,30/01/2025,09:23:10,23430,23425,75,23430.4,75,0,701175
NIFTY-III.NFO,30/01/2025,09:23:12,23430,23425,75,23430.35,75,0,701175
NIFTY-III.NFO,30/01/2025,09:23:13,23430,23425,75,23432.15,450,0,701175
NIFTY-III.NFO,30/01/2025,09:23:15,23430,23425,75,23431.65,225,0,701175
NIFTY-III.NFO,30/01/2025,09:23:17,23430,23425,75,23431.45,150,0,701175
NIFTY-III.NFO,30/01/2025,09:23:18,23430,23425.4,150,23432,150,0,701175
NIFTY-III.NFO,30/01/2025,09:23:20,23430,23425.05,150,23432.2,75,0,701175
NIFTY-III.NFO,30/01/2025,09:23:22,23430,23426,225,23433.95,225,0,701175
NIFTY-III.NFO,30/01/2025,09:23:23,23430,23425.15,225,23433.7,375,0,701175
NIFTY-III.NFO,30/01/2025,09:23:25,23430,23425.05,150,23432.3,150,0,701175
NIFTY-III.NFO,30/01/2025,09:23:27,23430,23425,75,23431.35,75,0,701175
NIFTY-III.NFO,30/01/2025,09:23:28,23430,23425,75,23431.4,150,0,701175
NIFTY-III.NFO,30/01/2025,09:23:30,23430,23425.45,225,23433.05,150,0,701175
NIFTY-III.NFO,30/01/2025,09:23:31,23430,23427,150,23434.6,75,0,701175
NIFTY-III.NFO,30/01/2025,09:23:33,23430,23428.25,375,23434.95,75,0,701175
NIFTY-III.NFO,30/01/2025,09:23:35,23430,23426.25,150,23434.5,150,0,701175
NIFTY-III.NFO,30/01/2025,09:23:36,23430,23425.7,150,23433.8,225,0,701175
NIFTY-III.NFO,30/01/2025,09:23:38,23430,23425.35,225,23433.5,225,0,701175
NIFTY-III.NFO,30/01/2025,09:23:40,23430,23425.85,225,23430,75,0,701175
NIFTY-III.NFO,30/01/2025,09:23:41,23430,23427.1,225,23432,75,75,701175
NIFTY-III.NFO,30/01/2025,09:23:43,23430,23427.55,150,23432,75,0,701175
NIFTY-III.NFO,30/01/2025,09:23:45,23430,23427.25,150,23432,75,0,701175
NIFTY-III.NFO,30/01/2025,09:23:46,23430,23430,75,23432,75,0,701175
NIFTY-III.NFO,30/01/2025,09:23:48,23430,23430.35,75,23432,75,0,701175
NIFTY-III.NFO,30/01/2025,09:23:50,23430.35,23430,75,23432,75,75,701175
NIFTY-III.NFO,30/01/2025,09:23:51,23437.7,23430,150,23436,75,375,701175
NIFTY-III.NFO,30/01/2025,09:23:53,23437.35,23431.3,150,23438.45,150,300,701175
NIFTY-III.NFO,30/01/2025,09:23:55,23437.35,23430.25,375,23438.25,150,0,701175
NIFTY-III.NFO,30/01/2025,09:23:56,23437.35,23431.3,150,23440.1,150,0,701175
NIFTY-III.NFO,30/01/2025,09:23:58,23437.35,23432.1,375,23439.9,150,0,701175
NIFTY-III.NFO,30/01/2025,09:24:00,23437.35,23431.45,375,23439.25,150,0,701175
NIFTY-III.NFO,30/01/2025,09:24:01,23437.35,23431.25,150,23438.7,150,0,701175
NIFTY-III.NFO,30/01/2025,09:24:03,23437.35,23430.9,375,23438.6,150,0,701175
NIFTY-III.NFO,30/01/2025,09:24:05,23437.35,23432.45,150,23439.6,150,0,701175
NIFTY-III.NFO,30/01/2025,09:24:06,23437.35,23431.55,150,23438.5,150,0,701175
NIFTY-III.NFO,30/01/2025,09:24:08,23437.35,23437.35,75,23440.55,150,0,701175
NIFTY-III.NFO,30/01/2025,09:24:10,23437.35,23437.35,75,23439.2,150,0,701175
NIFTY-III.NFO,30/01/2025,09:24:11,23437.35,23430.05,225,23437.5,150,75,701175
NIFTY-III.NFO,30/01/2025,09:24:13,23437.35,23432.75,150,23439.6,150,0,701175
NIFTY-III.NFO,30/01/2025,09:24:15,23437.35,23430.05,225,23437.8,150,0,701175
NIFTY-III.NFO,30/01/2025,09:24:16,23437.35,23430.85,375,23438.1,150,0,701175
NIFTY-III.NFO,30/01/2025,09:24:18,23437.35,23434.2,375,23439.85,150,0,701175
NIFTY-III.NFO,30/01/2025,09:24:20,23437.35,23431.9,150,23439.4,150,0,701175
NIFTY-III.NFO,30/01/2025,09:24:21,23437.35,23433.1,150,23441.7,300,0,701175
NIFTY-III.NFO,30/01/2025,09:24:23,23437.35,23437.4,150,23443.2,150,0,701175
NIFTY-III.NFO,30/01/2025,09:24:25,23437.35,23438.6,150,23446.7,150,0,701175
NIFTY-III.NFO,30/01/2025,09:24:26,23437.35,23441.15,225,23448.85,150,0,701175
NIFTY-III.NFO,30/01/2025,09:24:28,23437.35,23442.3,150,23449.9,150,0,701175
NIFTY-III.NFO,30/01/2025,09:24:30,23437.35,23445.5,225,23449.95,75,0,701175
NIFTY-III.NFO,30/01/2025,09:24:31,23437.35,23445.4,150,23449.95,75,0,701175
NIFTY-III.NFO,30/01/2025,09:24:35,23437.35,23448.3,150,23449.95,75,0,701175
NIFTY-III.NFO,30/01/2025,09:24:36,23449.95,23444.7,150,23450,300,75,701175
NIFTY-III.NFO,30/01/2025,09:24:38,23450,23448.3,225,23450,225,75,701175
NIFTY-III.NFO,30/01/2025,09:24:40,23451,23450.3,150,23456,900,675,701175
NIFTY-III.NFO,30/01/2025,09:24:41,23451,23452.1,150,23456,900,0,701175
NIFTY-III.NFO,30/01/2025,09:24:43,23451,23448.3,225,23456,900,0,701175
NIFTY-III.NFO,30/01/2025,09:24:45,23451,23449.15,150,23456,900,0,701175
NIFTY-III.NFO,30/01/2025,09:24:46,23451,23449.95,150,23456,900,225,701175
NIFTY-III.NFO,30/01/2025,09:24:48,23451,23451,150,23456,900,0,701175
NIFTY-III.NFO,30/01/2025,09:24:50,23451,23454.75,150,23456,900,0,701175
NIFTY-III.NFO,30/01/2025,09:24:51,23454,23453.3,150,23456,900,75,701175
NIFTY-III.NFO,30/01/2025,09:24:51,23454,23453.3,150,23456,900,0,701175
NIFTY-III.NFO,30/01/2025,09:24:53,23454,23453.7,150,23456,900,0,701175
NIFTY-III.NFO,30/01/2025,09:24:55,23454,23451.4,150,23456,900,0,701175
NIFTY-III.NFO,30/01/2025,09:24:56,23454,23447.3,150,23454.75,75,0,701175
NIFTY-III.NFO,30/01/2025,09:24:58,23454,23448.6,150,23455.65,150,0,701175
NIFTY-III.NFO,30/01/2025,09:25:00,23456,23446.75,150,23453.85,150,75,701025
NIFTY-III.NFO,30/01/2025,09:25:00,23456,23446.75,150,23453.85,150,0,701025
NIFTY-III.NFO,30/01/2025,09:25:01,23456,23447.2,150,23453.95,150,0,701025
NIFTY-III.NFO,30/01/2025,09:25:03,23456,23451,75,23455.55,75,0,701025
NIFTY-III.NFO,30/01/2025,09:25:05,23456,23451,75,23454.6,75,0,701025
NIFTY-III.NFO,30/01/2025,09:25:06,23455.95,23451,75,23456,825,75,701025
NIFTY-III.NFO,30/01/2025,09:25:08,23456,23451,75,23456,750,75,701025
NIFTY-III.NFO,30/01/2025,09:25:10,23451,23451.55,375,23456,750,75,701025
NIFTY-III.NFO,30/01/2025,09:25:11,23451,23452.65,375,23456,750,0,701025
NIFTY-III.NFO,30/01/2025,09:25:13,23451,23452.65,375,23456,750,300,701025
NIFTY-III.NFO,30/01/2025,09:25:15,23451,23452.7,375,23456,750,0,701025
NIFTY-III.NFO,30/01/2025,09:25:16,23456,23452.7,375,23456,600,150,701025
NIFTY-III.NFO,30/01/2025,09:25:18,23456,23451.55,150,23456,600,0,701025
NIFTY-III.NFO,30/01/2025,09:25:20,23456,23451.75,375,23456,600,0,701025
NIFTY-III.NFO,30/01/2025,09:25:21,23453.45,23453.45,375,23456,525,150,701025
NIFTY-III.NFO,30/01/2025,09:25:23,23456,23455.8,225,23464.4,225,525,701025
NIFTY-III.NFO,30/01/2025,09:25:25,23456,23456.5,225,23464.85,225,0,701025
NIFTY-III.NFO,30/01/2025,09:25:26,23456.7,23456.55,375,23464.85,300,150,701025
NIFTY-III.NFO,30/01/2025,09:25:26,23464.85,23456.55,375,23464.85,300,0,701025
NIFTY-III.NFO,30/01/2025,09:25:28,23456.7,23456.05,225,23464.8,225,0,701025
NIFTY-III.NFO,30/01/2025,09:25:30,23456.7,23456,75,23462.75,300,0,701025
NIFTY-III.NFO,30/01/2025,09:25:32,23456.7,23456,75,23462,300,0,701025
NIFTY-III.NFO,30/01/2025,09:25:33,23456.7,23456,75,23460.8,300,0,701025
NIFTY-III.NFO,30/01/2025,09:25:35,23456.7,23456,75,23461.4,300,0,701025
NIFTY-III.NFO,30/01/2025,09:25:37,23461.3,23453.45,75,23461.6,225,150,701025
NIFTY-III.NFO,30/01/2025,09:25:38,23463.2,23453.5,150,23462.3,225,75,701025
NIFTY-III.NFO,30/01/2025,09:25:40,23463.2,23454,225,23463.05,375,0,701025
NIFTY-III.NFO,30/01/2025,09:25:42,23463.2,23454.3,75,23463.25,225,0,701025
NIFTY-III.NFO,30/01/2025,09:25:43,23463.2,23453.45,75,23459.95,75,0,701025
NIFTY-III.NFO,30/01/2025,09:25:45,23463.2,23453.6,225,23461.65,150,0,701025
NIFTY-III.NFO,30/01/2025,09:25:47,23463.2,23456,75,23462.15,75,0,701025
NIFTY-III.NFO,30/01/2025,09:25:48,23454.95,23454.65,150,23463.25,300,300,701025
NIFTY-III.NFO,30/01/2025,09:25:50,23454.95,23453.7,150,23462.5,375,0,701025
NIFTY-III.NFO,30/01/2025,09:25:52,23454.95,23454.45,150,23463,375,0,701025
NIFTY-III.NFO,30/01/2025,09:25:53,23454.95,23454.7,150,23462.8,150,0,701025
NIFTY-III.NFO,30/01/2025,09:25:55,23454.95,23453.6,150,23462.5,300,0,701025
NIFTY-III.NFO,30/01/2025,09:25:57,23454.95,23453.5,150,23462.25,300,0,701025
NIFTY-III.NFO,30/01/2025,09:25:58,23453.5,23453.5,225,23462.3,150,150,701025
NIFTY-III.NFO,30/01/2025,09:26:00,23453.5,23456.45,225,23464.85,75,0,701025
NIFTY-III.NFO,30/01/2025,09:26:02,23453.5,23460,75,23460.25,75,0,701025
NIFTY-III.NFO,30/01/2025,09:26:03,23460.25,23462.55,225,23464.9,75,75,701025
NIFTY-III.NFO,30/01/2025,09:26:05,23460.25,23460.65,225,23464.9,75,0,701025
NIFTY-III.NFO,30/01/2025,09:26:07,23460.25,23461.95,225,23464.9,75,0,701025
NIFTY-III.NFO,30/01/2025,09:26:08,23464.9,23462.1,150,23468.15,75,150,701025
NIFTY-III.NFO,30/01/2025,09:26:08,23464.9,23462.1,150,23468.15,75,0,701025
NIFTY-III.NFO,30/01/2025,09:26:10,23464.9,23464.6,225,23468.15,75,0,701025
NIFTY-III.NFO,30/01/2025,09:26:12,23464.9,23464.45,375,23468.15,75,0,701025
NIFTY-III.NFO,30/01/2025,09:26:13,23464.9,23463.65,150,23468.15,75,0,701025
NIFTY-III.NFO,30/01/2025,09:26:15,23470,23470,300,23474.45,75,375,701025
NIFTY-III.NFO,30/01/2025,09:26:15,23474,23470,300,23474.45,75,0,701025
NIFTY-III.NFO,30/01/2025,09:26:17,23470,23470,300,23474.95,225,0,701025
NIFTY-III.NFO,30/01/2025,09:26:18,23470,23470,300,23473.85,75,0,701025
NIFTY-III.NFO,30/01/2025,09:26:20,23470,23470,300,23471.65,225,75,701025
NIFTY-III.NFO,30/01/2025,09:26:22,23470,23466,75,23470.45,225,300,701025
NIFTY-III.NFO,30/01/2025,09:26:23,23466,23463,75,23469.3,225,75,701025
NIFTY-III.NFO,30/01/2025,09:26:25,23466,23465,75,23469.15,150,0,701025
NIFTY-III.NFO,30/01/2025,09:26:27,23468.85,23465,75,23468.4,75,75,701025
NIFTY-III.NFO,30/01/2025,09:26:28,23468.85,23465,75,23465.9,75,0,701025
NIFTY-III.NFO,30/01/2025,09:26:30,23465,23460,75,23461.7,525,75,701025
NIFTY-III.NFO,30/01/2025,09:26:31,23460,23455.4,150,23459.55,75,75,701025
NIFTY-III.NFO,30/01/2025,09:26:33,23457.55,23456.25,225,23464.35,75,75,701025
NIFTY-III.NFO,30/01/2025,09:26:35,23457.55,23456.45,150,23462.5,75,0,701025
NIFTY-III.NFO,30/01/2025,09:26:36,23457.55,23456.85,150,23463.85,75,0,701025
NIFTY-III.NFO,30/01/2025,09:26:38,23457.55,23454.3,150,23461.35,75,0,701025
NIFTY-III.NFO,30/01/2025,09:26:40,23457.55,23453.95,150,23461.35,75,0,701025
NIFTY-III.NFO,30/01/2025,09:26:41,23457.55,23456.25,150,23464.6,150,0,701025
NIFTY-III.NFO,30/01/2025,09:26:43,23457.55,23455.2,150,23462.65,75,0,701025
NIFTY-III.NFO,30/01/2025,09:26:45,23457.55,23455.25,225,23464.75,300,0,701025
NIFTY-III.NFO,30/01/2025,09:26:46,23457.55,23454.9,375,23462.9,75,0,701025
NIFTY-III.NFO,30/01/2025,09:26:48,23457.55,23456.05,225,23464.4,225,0,701025
NIFTY-III.NFO,30/01/2025,09:26:50,23457.55,23457.35,225,23464.4,75,0,701025
NIFTY-III.NFO,30/01/2025,09:26:52,23457.55,23457.4,375,23465.4,225,0,701025
NIFTY-III.NFO,30/01/2025,09:26:53,23457.55,23456.55,150,23464.4,150,0,701025
NIFTY-III.NFO,30/01/2025,09:26:55,23457.55,23455.6,150,23464.4,300,0,701025
NIFTY-III.NFO,30/01/2025,09:26:57,23457.55,23459,75,23464.95,825,0,701025
NIFTY-III.NFO,30/01/2025,09:26:58,23457.55,23459,75,23465,225,0,701025
NIFTY-III.NFO,30/01/2025,09:27:00,23463.8,23459,75,23465.6,975,75,701025
NIFTY-III.NFO,30/01/2025,09:27:02,23463.8,23459,75,23466.5,525,0,701025
NIFTY-III.NFO,30/01/2025,09:27:03,23463.8,23459.45,225,23468.8,225,0,701025
NIFTY-III.NFO,30/01/2025,09:27:05,23463.8,23461.05,225,23468.3,75,0,701025
NIFTY-III.NFO,30/01/2025,09:27:07,23463.8,23459.95,150,23468.3,300,0,701025
NIFTY-III.NFO,30/01/2025,09:27:08,23463.8,23459.05,150,23467.4,525,0,701025
NIFTY-III.NFO,30/01/2025,09:27:10,23463.8,23459.05,150,23466.85,225,0,701025
NIFTY-III.NFO,30/01/2025,09:27:12,23463.8,23459.5,225,23468.35,300,75,701025
NIFTY-III.NFO,30/01/2025,09:27:13,23463.8,23460.05,150,23468.35,300,0,701025
NIFTY-III.NFO,30/01/2025,09:27:15,23463.8,23460.7,300,23468.35,75,0,701025
NIFTY-III.NFO,30/01/2025,09:27:17,23463.8,23462.05,150,23471.8,225,0,701025
NIFTY-III.NFO,30/01/2025,09:27:18,23463.8,23460.1,225,23468.8,300,0,701025
NIFTY-III.NFO,30/01/2025,09:27:20,23463.8,23460.7,225,23469,225,0,701025
NIFTY-III.NFO,30/01/2025,09:27:22,23463.8,23460.75,225,23469,225,0,701025
NIFTY-III.NFO,30/01/2025,09:27:23,23463.8,23460.75,300,23469,300,0,701025
NIFTY-III.NFO,30/01/2025,09:27:25,23463.8,23462.35,225,23469,75,0,701025
NIFTY-III.NFO,30/01/2025,09:27:27,23463.8,23463.5,75,23463.8,75,0,701025
NIFTY-III.NFO,30/01/2025,09:27:28,23463.8,23459.85,150,23463.8,75,75,701025
NIFTY-III.NFO,30/01/2025,09:27:30,23463.8,23459.85,150,23463.8,75,0,701025
NIFTY-III.NFO,30/01/2025,09:27:31,23463.8,23459,75,23463.8,75,0,701025
NIFTY-III.NFO,30/01/2025,09:27:33,23463.8,23460.4,150,23463.8,75,0,701025
NIFTY-III.NFO,30/01/2025,09:27:35,23463.8,23460.95,150,23469,225,75,701025
NIFTY-III.NFO,30/01/2025,09:27:36,23463.8,23460.25,225,23469,300,0,701025
NIFTY-III.NFO,30/01/2025,09:27:38,23463.8,23462.15,150,23469,75,0,701025
NIFTY-III.NFO,30/01/2025,09:27:40,23463.8,23459.15,150,23467.9,225,0,701025
NIFTY-III.NFO,30/01/2025,09:27:41,23463.8,23460.35,150,23468.9,300,0,701025
NIFTY-III.NFO,30/01/2025,09:27:43,23463.8,23460,150,23467.25,225,0,701025
NIFTY-III.NFO,30/01/2025,09:27:45,23466.25,23460,150,23466.25,225,75,701025
NIFTY-III.NFO,30/01/2025,09:27:46,23466.25,23460,150,23466.25,75,0,701025
NIFTY-III.NFO,30/01/2025,09:27:48,23466.25,23460,150,23468.55,525,0,701025
NIFTY-III.NFO,30/01/2025,09:27:50,23466.25,23460.05,150,23468.55,225,0,701025
NIFTY-III.NFO,30/01/2025,09:27:51,23466.25,23460,150,23468.4,450,0,701025
NIFTY-III.NFO,30/01/2025,09:27:53,23468.2,23460.05,150,23469,300,75,701025
NIFTY-III.NFO,30/01/2025,09:27:55,23469,23460,150,23467.95,525,75,701025
NIFTY-III.NFO,30/01/2025,09:27:56,23469,23460.05,150,23468.75,225,0,701025
NIFTY-III.NFO,30/01/2025,09:27:58,23468.75,23466.25,750,23468.8,450,75,701025
NIFTY-III.NFO,30/01/2025,09:28:00,23466.25,23460,150,23467.4,300,750,702225
NIFTY-III.NFO,30/01/2025,09:28:01,23466.25,23460.25,150,23468.7,300,0,702225
NIFTY-III.NFO,30/01/2025,09:28:03,23466.25,23460.05,150,23467.7,75,0,702225
NIFTY-III.NFO,30/01/2025,09:28:05,23466.25,23460.95,300,23467.7,75,0,702225
NIFTY-III.NFO,30/01/2025,09:28:06,23466.25,23460.75,150,23467.7,75,0,702225
NIFTY-III.NFO,30/01/2025,09:28:08,23466.25,23460,225,23467.7,75,0,702225
NIFTY-III.NFO,30/01/2025,09:28:10,23466.25,23460,225,23467.1,375,0,702225
NIFTY-III.NFO,30/01/2025,09:28:11,23466.25,23460,225,23466.85,300,0,702225
NIFTY-III.NFO,30/01/2025,09:28:13,23466.25,23460,225,23465.4,300,0,702225
NIFTY-III.NFO,30/01/2025,09:28:15,23466.25,23460,225,23466.7,450,0,702225
NIFTY-III.NFO,30/01/2025,09:28:16,23466.25,23460,225,23466.7,75,0,702225
NIFTY-III.NFO,30/01/2025,09:28:21,23466.25,23460,225,23466.6,75,75,702225
NIFTY-III.NFO,30/01/2025,09:28:23,23470.8,23460.8,225,23466.7,75,300,702225
NIFTY-III.NFO,30/01/2025,09:28:25,23470.8,23462.3,225,23469.45,750,0,702225
NIFTY-III.NFO,30/01/2025,09:28:26,23470.8,23461.8,225,23470.25,825,0,702225
NIFTY-III.NFO,30/01/2025,09:28:28,23470.8,23462.5,225,23471.2,75,0,702225
NIFTY-III.NFO,30/01/2025,09:28:30,23469.95,23462.4,300,23470.9,825,75,702225
NIFTY-III.NFO,30/01/2025,09:28:32,23469.95,23463.5,225,23470.9,750,0,702225
NIFTY-III.NFO,30/01/2025,09:28:33,23469.95,23466,225,23470.1,300,0,702225
NIFTY-III.NFO,30/01/2025,09:28:35,23469.95,23460,150,23468.05,375,375,702225
NIFTY-III.NFO,30/01/2025,09:28:37,23460,23458.6,225,23467.15,75,150,702225
NIFTY-III.NFO,30/01/2025,09:28:38,23469.25,23461.65,225,23469.2,75,150,702225
NIFTY-III.NFO,30/01/2025,09:28:40,23469.25,23461.15,225,23468.8,75,0,702225
NIFTY-III.NFO,30/01/2025,09:28:42,23469.25,23465,150,23472,75,0,702225
NIFTY-III.NFO,30/01/2025,09:28:43,23469.25,23460.45,150,23471,300,0,702225
NIFTY-III.NFO,30/01/2025,09:28:45,23469.25,23461.95,150,23472.25,75,0,702225
NIFTY-III.NFO,30/01/2025,09:28:47,23469.25,23460.4,375,23470.2,375,0,702225
NIFTY-III.NFO,30/01/2025,09:28:48,23469.25,23460.65,150,23469.9,300,0,702225
NIFTY-III.NFO,30/01/2025,09:28:50,23469.25,23460.2,150,23470,75,0,702225
NIFTY-III.NFO,30/01/2025,09:28:52,23469.25,23461,225,23470.45,375,0,702225
NIFTY-III.NFO,30/01/2025,09:28:53,23469.25,23460.65,150,23470.45,525,0,702225
NIFTY-III.NFO,30/01/2025,09:28:55,23470.45,23461.05,225,23470.4,150,75,702225
NIFTY-III.NFO,30/01/2025,09:28:57,23470.45,23460.8,225,23469.75,75,0,702225
NIFTY-III.NFO,30/01/2025,09:28:58,23470.45,23460.05,150,23468.4,75,0,702225
NIFTY-III.NFO,30/01/2025,09:29:00,23470.45,23460,75,23466.05,450,0,702225
NIFTY-III.NFO,30/01/2025,09:29:02,23470.45,23460,75,23463.55,450,0,702225
NIFTY-III.NFO,30/01/2025,09:29:03,23460,23453.5,75,23461.05,450,75,702225
NIFTY-III.NFO,30/01/2025,09:29:05,23460,23455.1,150,23464.5,75,0,702225
NIFTY-III.NFO,30/01/2025,09:29:07,23460,23456.7,225,23465,375,0,702225
NIFTY-III.NFO,30/01/2025,09:29:08,23460,23453.5,75,23459.65,375,0,702225
NIFTY-III.NFO,30/01/2025,09:29:10,23460,23453.5,75,23459.4,375,0,702225
NIFTY-III.NFO,30/01/2025,09:29:12,23460,23453.75,225,23462.55,375,0,702225
NIFTY-III.NFO,30/01/2025,09:29:13,23460,23453.5,150,23460.85,375,0,702225
NIFTY-III.NFO,30/01/2025,09:29:15,23460,23453.5,75,23460,375,0,702225
NIFTY-III.NFO,30/01/2025,09:29:17,23453.5,23450,150,23457.3,300,150,702225
NIFTY-III.NFO,30/01/2025,09:29:18,23453.5,23450,150,23456.65,300,0,702225
NIFTY-III.NFO,30/01/2025,09:29:20,23453.5,23452.1,375,23461.3,75,0,702225
NIFTY-III.NFO,30/01/2025,09:29:22,23453.5,23454.5,375,23463.2,300,0,702225
NIFTY-III.NFO,30/01/2025,09:29:23,23464.6,23456.55,375,23465.65,225,225,702225
NIFTY-III.NFO,30/01/2025,09:29:25,23464.6,23454.85,150,23464.2,525,0,702225
NIFTY-III.NFO,30/01/2025,09:29:27,23451.95,23452.6,150,23461.4,225,1200,702225
NIFTY-III.NFO,30/01/2025,09:29:28,23451.95,23452.55,150,23453.8,75,0,702225
NIFTY-III.NFO,30/01/2025,09:29:30,23451.95,23451.55,150,23453.8,75,0,702225
NIFTY-III.NFO,30/01/2025,09:29:32,23459.8,23450.7,225,23459.25,150,300,702225
NIFTY-III.NFO,30/01/2025,09:29:33,23459.8,23452,225,23460.85,225,0,702225
NIFTY-III.NFO,30/01/2025,09:29:35,23459.8,23450.05,150,23459.25,150,0,702225
NIFTY-III.NFO,30/01/2025,09:29:37,23459.8,23450.8,150,23459.95,225,0,702225
NIFTY-III.NFO,30/01/2025,09:29:38,23458.5,23450.05,150,23458.3,300,450,702225
NIFTY-III.NFO,30/01/2025,09:29:40,23458.5,23450.85,225,23459.95,450,0,702225
NIFTY-III.NFO,30/01/2025,09:29:42,23458.5,23452,225,23461.45,450,0,702225
NIFTY-III.NFO,30/01/2025,09:29:43,23458.5,23452.1,150,23460.8,300,0,702225
NIFTY-III.NFO,30/01/2025,09:29:45,23458.5,23450.05,150,23459.6,225,0,702225
NIFTY-III.NFO,30/01/2025,09:29:47,23458.85,23450.45,225,23459.6,225,150,702225
NIFTY-III.NFO,30/01/2025,09:29:48,23458.85,23450.05,150,23458.4,75,0,702225
NIFTY-III.NFO,30/01/2025,09:29:50,23457.15,23450,150,23457.15,225,75,702225
NIFTY-III.NFO,30/01/2025,09:29:52,23450,23450,75,23457.25,225,75,702225
NIFTY-III.NFO,30/01/2025,09:29:53,23450,23450,450,23457.1,150,0,702225
NIFTY-III.NFO,30/01/2025,09:29:55,23450,23450,450,23456,75,0,702225
NIFTY-III.NFO,30/01/2025,09:29:57,23450,23450,450,23456.6,75,0,702225
NIFTY-III.NFO,30/01/2025,09:29:58,23456.3,23450,450,23455.65,75,75,702225
NIFTY-III.NFO,30/01/2025,09:30:00,23456.3,23450,450,23454.25,75,0,702225
NIFTY-III.NFO,30/01/2025,09:30:02,23456.3,23450,450,23456.25,75,0,702225
NIFTY-III.NFO,30/01/2025,09:30:03,23456.2,23450.05,150,23456.3,75,75,702225
NIFTY-III.NFO,30/01/2025,09:30:05,23456.3,23450.05,150,23457.7,75,75,702225
NIFTY-III.NFO,30/01/2025,09:30:07,23456.3,23450.2,300,23456.85,75,0,702225
NIFTY-III.NFO,30/01/2025,09:30:08,23456.3,23450.05,150,23456.3,75,0,702225
NIFTY-III.NFO,30/01/2025,09:30:12,23459,23451,225,23460,1125,150,702225
NIFTY-III.NFO,30/01/2025,09:30:13,23459,23451.4,150,23460,1875,0,702225
NIFTY-III.NFO,30/01/2025,09:30:15,23455,23452.75,225,23460,975,75,702225
NIFTY-III.NFO,30/01/2025,09:30:17,23455,23454.5,225,23460,975,0,702225
NIFTY-III.NFO,30/01/2025,09:30:18,23455,23455,150,23460,975,0,702225
NIFTY-III.NFO,30/01/2025,09:30:20,23455,23458.4,150,23460,975,0,702225
NIFTY-III.NFO,30/01/2025,09:30:22,23460,23463.1,225,23470,75,975,702225
NIFTY-III.NFO,30/01/2025,09:30:23,23460,23464.1,225,23470,75,0,702225
NIFTY-III.NFO,30/01/2025,09:30:25,23460,23466.9,150,23470,75,0,702225
NIFTY-III.NFO,30/01/2025,09:30:27,23460,23465.4,225,23470,75,0,702225
NIFTY-III.NFO,30/01/2025,09:30:28,23460,23464.35,375,23470,75,0,702225
NIFTY-III.NFO,30/01/2025,09:30:30,23460,23464.8,375,23470,75,0,702225
NIFTY-III.NFO,30/01/2025,09:30:32,23460,23466.3,375,23470,75,0,702225
NIFTY-III.NFO,30/01/2025,09:30:33,23460,23465.65,375,23470,75,0,702225
NIFTY-III.NFO,30/01/2025,09:30:35,23460,23467.4,375,23470,75,0,702225
NIFTY-III.NFO,30/01/2025,09:30:37,23460,23467,75,23470,75,0,702225
NIFTY-III.NFO,30/01/2025,09:30:38,23467,23467.1,150,23470,75,75,702225
NIFTY-III.NFO,30/01/2025,09:30:40,23467,23465.7,150,23470,75,0,702225
NIFTY-III.NFO,30/01/2025,09:30:42,23467,23467.3,150,23470,75,0,702225
NIFTY-III.NFO,30/01/2025,09:30:43,23466.6,23462.6,225,23470,75,375,702225
NIFTY-III.NFO,30/01/2025,09:30:45,23466.6,23462.6,225,23470,75,0,702225
NIFTY-III.NFO,30/01/2025,09:30:47,23466.6,23465.3,150,23470,75,0,702225
NIFTY-III.NFO,30/01/2025,09:30:48,23470,23468.3,150,23475,300,75,702225
NIFTY-III.NFO,30/01/2025,09:30:50,23470,23467.05,150,23474.3,75,0,702225
NIFTY-III.NFO,30/01/2025,09:30:52,23470,23470.05,150,23475,300,0,702225
NIFTY-III.NFO,30/01/2025,09:30:53,23470,23470.15,225,23475,300,0,702225
NIFTY-III.NFO,30/01/2025,09:30:55,23470,23471.5,150,23475,300,0,702225
NIFTY-III.NFO,30/01/2025,09:30:57,23470,23472.35,225,23475,300,0,702225
NIFTY-III.NFO,30/01/2025,09:30:58,23475,23473.95,75,23475,225,75,702225
NIFTY-III.NFO,30/01/2025,09:30:58,23475,23473.95,75,23475,225,0,702225
NIFTY-III.NFO,30/01/2025,09:31:00,23475,23470.75,225,23475,225,0,702225
NIFTY-III.NFO,30/01/2025,09:31:02,23475.35,23477.4,450,23478.8,75,300,702525
NIFTY-III.NFO,30/01/2025,09:31:02,23475.35,23477.4,450,23478.8,75,0,702525
NIFTY-III.NFO,30/01/2025,09:31:03,23486,23479.35,225,23487,75,1125,702525
NIFTY-III.NFO,30/01/2025,09:31:03,23486,23479.35,225,23487,75,0,702525
NIFTY-III.NFO,30/01/2025,09:31:05,23486,23481.4,75,23487,75,0,702525
NIFTY-III.NFO,30/01/2025,09:31:07,23486.25,23478.7,75,23486.15,150,225,702525
NIFTY-III.NFO,30/01/2025,09:31:07,23487.6,23478.7,75,23486.15,150,0,702525
NIFTY-III.NFO,30/01/2025,09:31:08,23486.45,23479.15,150,23487.75,150,450,702525
NIFTY-III.NFO,30/01/2025,09:31:10,23487.65,23479.55,150,23487.95,225,150,702525
NIFTY-III.NFO,30/01/2025,09:31:10,23487.65,23479.55,150,23487.95,225,0,702525
NIFTY-III.NFO,30/01/2025,09:31:12,23487.2,23481.15,225,23488,75,300,702525
NIFTY-III.NFO,30/01/2025,09:31:13,23487.2,23476.95,375,23486.05,225,0,702525
NIFTY-III.NFO,30/01/2025,09:31:15,23487.2,23484.9,225,23488,75,0,702525
NIFTY-III.NFO,30/01/2025,09:31:17,23490,23484.25,225,23490,150,225,702525
NIFTY-III.NFO,30/01/2025,09:31:17,23490,23484.25,225,23490,150,0,702525
NIFTY-III.NFO,30/01/2025,09:31:18,23490,23485.05,150,23490,150,0,702525
NIFTY-III.NFO,30/01/2025,09:31:20,23490,23481.4,150,23487.2,450,0,702525
NIFTY-III.NFO,30/01/2025,09:31:22,23487.2,23488.3,225,23490,150,450,702525
NIFTY-III.NFO,30/01/2025,09:31:23,23492.7,23486.4,150,23495,300,225,702525
NIFTY-III.NFO,30/01/2025,09:31:23,23492.7,23486.4,150,23495,300,0,702525
NIFTY-III.NFO,30/01/2025,09:31:25,23492.7,23488.25,375,23493.8,75,0,702525
NIFTY-III.NFO,30/01/2025,09:31:27,23495,23490.25,150,23498,225,75,702525
NIFTY-III.NFO,30/01/2025,09:31:27,23495,23490.25,150,23498,225,0,702525
NIFTY-III.NFO,30/01/2025,09:31:28,23495,23490.2,150,23495.8,75,0,702525
NIFTY-III.NFO,30/01/2025,09:31:30,23495.8,23485.05,150,23491.65,75,75,702525
NIFTY-III.NFO,30/01/2025,09:31:30,23495.8,23485.05,150,23491.65,75,0,702525
NIFTY-III.NFO,30/01/2025,09:31:32,23492.8,23484.25,150,23492.4,225,300,702525
NIFTY-III.NFO,30/01/2025,09:31:33,23492.8,23478.95,375,23487.3,225,0,702525
NIFTY-III.NFO,30/01/2025,09:31:35,23486.95,23478.7,225,23486.85,225,150,702525
NIFTY-III.NFO,30/01/2025,09:31:37,23486.75,23479.65,150,23487.75,75,225,702525
NIFTY-III.NFO,30/01/2025,09:31:38,23486.75,23478.2,150,23485.65,75,0,702525
NIFTY-III.NFO,30/01/2025,09:31:40,23486.75,23479.15,150,23488.35,375,0,702525
NIFTY-III.NFO,30/01/2025,09:31:42,23486.75,23480,150,23486,375,0,702525
NIFTY-III.NFO,30/01/2025,09:31:43,23482.6,23480,225,23483.1,75,75,702525
NIFTY-III.NFO,30/01/2025,09:31:45,23480,23473.1,150,23482.55,375,225,702525
NIFTY-III.NFO,30/01/2025,09:31:47,23481.8,23472.9,150,23480.85,375,75,702525
NIFTY-III.NFO,30/01/2025,09:31:48,23480,23470.95,375,23478.1,300,150,702525
NIFTY-III.NFO,30/01/2025,09:31:50,23480,23472.6,150,23480.6,225,0,702525
NIFTY-III.NFO,30/01/2025,09:31:52,23480,23471.15,150,23478.2,300,0,702525
NIFTY-III.NFO,30/01/2025,09:31:53,23480,23471.75,150,23480.75,300,0,702525
NIFTY-III.NFO,30/01/2025,09:31:55,23480,23474.6,150,23481.5,300,0,702525
NIFTY-III.NFO,30/01/2025,09:31:57,23474,23474.05,150,23481.6,900,75,702525
NIFTY-III.NFO,30/01/2025,09:31:58,23474,23480,75,23482.45,750,0,702525
NIFTY-III.NFO,30/01/2025,09:32:00,23480,23471.85,150,23474,75,75,702525
NIFTY-III.NFO,30/01/2025,09:32:02,23474,23474.75,150,23482.15,225,75,702525
NIFTY-III.NFO,30/01/2025,09:32:03,23474,23480,150,23482.2,225,0,702525
NIFTY-III.NFO,30/01/2025,09:32:05,23480,23480,75,23480.65,900,75,702525
NIFTY-III.NFO,30/01/2025,09:32:07,23480,23472.8,150,23480,225,75,702525
NIFTY-III.NFO,30/01/2025,09:32:08,23480,23473.85,225,23481.5,750,0,702525
NIFTY-III.NFO,30/01/2025,09:32:10,23480.6,23473.25,150,23480.55,150,75,702525
NIFTY-III.NFO,30/01/2025,09:32:12,23480.6,23473.3,300,23480.4,225,0,702525
NIFTY-III.NFO,30/01/2025,09:32:13,23480.6,23474.35,375,23480,75,0,702525
NIFTY-III.NFO,30/01/2025,09:32:15,23480.55,23473.2,750,23479,225,150,702525
NIFTY-III.NFO,30/01/2025,09:32:17,23480.55,23473.8,225,23481.3,75,0,702525
NIFTY-III.NFO,30/01/2025,09:32:18,23480.55,23473.85,375,23481.75,75,0,702525
NIFTY-III.NFO,30/01/2025,09:32:20,23480.55,23474.65,150,23481.55,75,0,702525
NIFTY-III.NFO,30/01/2025,09:32:22,23480.55,23474.05,225,23481.5,75,0,702525
NIFTY-III.NFO,30/01/2025,09:32:23,23475.5,23475.5,300,23482,300,75,702525
NIFTY-III.NFO,30/01/2025,09:32:25,23475.5,23476.1,150,23483.1,75,0,702525
NIFTY-III.NFO,30/01/2025,09:32:27,23475.5,23479.05,225,23483.1,75,0,702525
NIFTY-III.NFO,30/01/2025,09:32:28,23475.5,23476.85,150,23483.1,75,0,702525
NIFTY-III.NFO,30/01/2025,09:32:30,23475.5,23477.75,225,23483.1,75,0,702525
NIFTY-III.NFO,30/01/2025,09:32:32,23475.5,23478,225,23483.1,75,0,702525
NIFTY-III.NFO,30/01/2025,09:32:33,23483.1,23482.2,75,23489.3,150,300,702525
NIFTY-III.NFO,30/01/2025,09:32:35,23483.1,23479.05,300,23487.95,375,0,702525
NIFTY-III.NFO,30/01/2025,09:32:37,23483.1,23481.15,75,23488.7,150,75,702525
NIFTY-III.NFO,30/01/2025,09:32:38,23483.1,23478.7,150,23487.05,375,0,702525
NIFTY-III.NFO,30/01/2025,09:32:40,23479.2,23479.15,600,23488,75,75,702525
NIFTY-III.NFO,30/01/2025,09:32:42,23487.85,23478.35,150,23487.85,225,75,702525
NIFTY-III.NFO,30/01/2025,09:32:43,23487.85,23478.55,150,23488.25,375,0,702525
NIFTY-III.NFO,30/01/2025,09:32:45,23487.85,23479.5,225,23488.65,225,0,702525
NIFTY-III.NFO,30/01/2025,09:32:47,23479.5,23478.4,225,23487.2,150,75,702525
NIFTY-III.NFO,30/01/2025,09:32:48,23479.5,23479.25,225,23487.8,150,0,702525
NIFTY-III.NFO,30/01/2025,09:32:50,23479.5,23478.45,150,23486.95,150,0,702525
NIFTY-III.NFO,30/01/2025,09:32:52,23487.4,23479.55,75,23487.7,150,75,702525
NIFTY-III.NFO,30/01/2025,09:32:53,23487.4,23479,75,23487.15,300,0,702525
NIFTY-III.NFO,30/01/2025,09:32:55,23487.4,23479.25,75,23487.6,150,0,702525
NIFTY-III.NFO,30/01/2025,09:32:57,23487.4,23479.15,150,23487.25,150,0,702525
NIFTY-III.NFO,30/01/2025,09:32:58,23487.4,23479.1,300,23487.45,150,0,702525
NIFTY-III.NFO,30/01/2025,09:33:00,23487.45,23479.5,150,23487.5,150,75,702525
NIFTY-III.NFO,30/01/2025,09:33:02,23487.45,23481.5,150,23487.85,75,0,702525
NIFTY-III.NFO,30/01/2025,09:33:03,23487.45,23479.1,150,23487.2,300,0,702525
NIFTY-III.NFO,30/01/2025,09:33:05,23487.45,23481.2,150,23487.85,75,0,702525
NIFTY-III.NFO,30/01/2025,09:33:07,23487.45,23480.9,150,23487.85,75,0,702525
NIFTY-III.NFO,30/01/2025,09:33:08,23487.8,23481.05,150,23487.8,75,75,702525
NIFTY-III.NFO,30/01/2025,09:33:10,23487.8,23481.65,150,23487.85,75,0,702525
NIFTY-III.NFO,30/01/2025,09:33:12,23487.8,23487.45,75,23487.85,75,0,702525
NIFTY-III.NFO,30/01/2025,09:33:23,23489.7,23487.45,75,23489.3,900,225,702525
NIFTY-III.NFO,30/01/2025,09:33:25,23489.7,23487.45,75,23490,75,0,702525
NIFTY-III.NFO,30/01/2025,09:33:30,23489.7,23487.45,75,23489.6,900,0,702525
NIFTY-III.NFO,30/01/2025,09:33:32,23489.7,23487.45,75,23490,75,0,702525
NIFTY-III.NFO,30/01/2025,09:33:33,23489.7,23487.45,75,23489.5,900,0,702525
NIFTY-III.NFO,30/01/2025,09:33:35,23488.85,23482.35,75,23489.8,150,75,702525
NIFTY-III.NFO,30/01/2025,09:33:37,23488.85,23481.95,225,23489.45,225,0,702525
NIFTY-III.NFO,30/01/2025,09:33:39,23488.85,23485.85,150,23490,75,0,702525
NIFTY-III.NFO,30/01/2025,09:33:40,23488.85,23485.15,225,23490,75,0,702525
NIFTY-III.NFO,30/01/2025,09:33:42,23485.15,23486.85,225,23490,75,75,702525
NIFTY-III.NFO,30/01/2025,09:33:44,23485.15,23483.65,225,23490,75,0,702525
NIFTY-III.NFO,30/01/2025,09:33:45,23485.15,23484.55,225,23490,75,0,702525
NIFTY-III.NFO,30/01/2025,09:33:47,23485.15,23484.35,225,23490,75,0,702525
NIFTY-III.NFO,30/01/2025,09:33:49,23485.15,23484.7,225,23490,75,0,702525
NIFTY-III.NFO,30/01/2025,09:33:50,23485.15,23485.15,75,23490,75,0,702525
NIFTY-III.NFO,30/01/2025,09:33:52,23485.15,23485.15,75,23489.95,75,0,702525
NIFTY-III.NFO,30/01/2025,09:33:54,23485.15,23485.15,75,23489.75,150,0,702525
NIFTY-III.NFO,30/01/2025,09:33:55,23485.15,23485.15,75,23489.25,75,0,702525
NIFTY-III.NFO,30/01/2025,09:33:57,23489.5,23485.15,75,23489.2,675,75,702525
NIFTY-III.NFO,30/01/2025,09:33:59,23489.5,23485.15,75,23488.25,675,0,702525
NIFTY-III.NFO,30/01/2025,09:34:00,23485,23476.1,375,23484.5,900,150,702525
NIFTY-III.NFO,30/01/2025,09:34:02,23485,23479.45,375,23487.7,150,75,701325
NIFTY-III.NFO,30/01/2025,09:34:04,23485,23477.85,225,23486.05,750,0,701325
NIFTY-III.NFO,30/01/2025,09:34:05,23485,23478.85,225,23486.45,675,0,701325
NIFTY-III.NFO,30/01/2025,09:34:07,23485,23478.95,150,23486.4,675,0,701325
NIFTY-III.NFO,30/01/2025,09:34:09,23485,23477.05,300,23484.95,675,0,701325
NIFTY-III.NFO,30/01/2025,09:34:10,23485,23479.4,150,23487,675,75,701325
NIFTY-III.NFO,30/01/2025,09:34:12,23485,23480,150,23485,75,0,701325
NIFTY-III.NFO,30/01/2025,09:34:14,23485,23480,150,23484.95,75,0,701325
NIFTY-III.NFO,30/01/2025,09:34:17,23485,23481.65,375,23485,75,0,701325
NIFTY-III.NFO,30/01/2025,09:34:20,23485,23481.65,375,23484.95,75,0,701325
NIFTY-III.NFO,30/01/2025,09:34:22,23485,23480,150,23484.85,75,0,701325
NIFTY-III.NFO,30/01/2025,09:34:25,23480,23482.1,375,23484.85,75,75,701325
NIFTY-III.NFO,30/01/2025,09:34:27,23480,23480,75,23485,75,0,701325
NIFTY-III.NFO,30/01/2025,09:34:29,23480,23477,150,23484.95,75,75,701325
NIFTY-III.NFO,30/01/2025,09:34:30,23480,23476.45,150,23484.35,750,0,701325
NIFTY-III.NFO,30/01/2025,09:34:32,23480,23476.75,150,23484.2,150,0,701325
NIFTY-III.NFO,30/01/2025,09:34:33,23480,23476.15,300,23483.85,75,0,701325
NIFTY-III.NFO,30/01/2025,09:34:35,23480,23476.1,375,23482.85,900,0,701325
NIFTY-III.NFO,30/01/2025,09:34:37,23480,23474.05,150,23481.4,75,75,701325
NIFTY-III.NFO,30/01/2025,09:34:38,23480,23474.05,150,23480.85,75,0,701325
NIFTY-III.NFO,30/01/2025,09:34:40,23480,23475.1,150,23480.75,75,0,701325
NIFTY-III.NFO,30/01/2025,09:34:42,23476.25,23476.25,225,23480.75,75,75,701325
NIFTY-III.NFO,30/01/2025,09:34:43,23476.25,23478.65,225,23480.75,75,0,701325
NIFTY-III.NFO,30/01/2025,09:34:45,23476.25,23474.75,150,23480.7,75,0,701325
NIFTY-III.NFO,30/01/2025,09:34:47,23476.25,23475.2,150,23480.7,75,0,701325
NIFTY-III.NFO,30/01/2025,09:34:48,23475.15,23474,975,23480.35,300,75,701325
NIFTY-III.NFO,30/01/2025,09:34:50,23475.15,23474,975,23480.1,150,0,701325
NIFTY-III.NFO,30/01/2025,09:34:52,23475.15,23474,975,23479.8,300,0,701325
NIFTY-III.NFO,30/01/2025,09:34:53,23475.15,23474,975,23479.7,150,0,701325
NIFTY-III.NFO,30/01/2025,09:34:55,23475.15,23474,975,23479.6,300,0,701325
NIFTY-III.NFO,30/01/2025,09:34:57,23474,23474,900,23478.45,225,75,701325
NIFTY-III.NFO,30/01/2025,09:34:58,23474,23474,900,23478.35,225,0,701325
NIFTY-III.NFO,30/01/2025,09:35:00,23474,23474,900,23474.75,150,0,701325
NIFTY-III.NFO,30/01/2025,09:35:02,23474,23474,975,23476.45,75,0,701325
NIFTY-III.NFO,30/01/2025,09:35:03,23474,23474,1050,23476.35,75,0,701325
NIFTY-III.NFO,30/01/2025,09:35:08,23474,23474,1050,23476.25,75,0,701325
NIFTY-III.NFO,30/01/2025,09:35:10,23474,23474.05,150,23476.25,75,75,701325
NIFTY-III.NFO,30/01/2025,09:35:12,23474,23474,975,23476.2,75,0,701325
NIFTY-III.NFO,30/01/2025,09:35:15,23474,23474,750,23476.2,75,225,701325
NIFTY-III.NFO,30/01/2025,09:35:17,23474,23474.05,150,23476.25,75,0,701325
NIFTY-III.NFO,30/01/2025,09:35:18,23474.05,23474,750,23476.2,75,75,701325
NIFTY-III.NFO,30/01/2025,09:35:20,23474,23474.05,150,23476.2,75,75,701325
NIFTY-III.NFO,30/01/2025,09:35:22,23474.7,23474.05,225,23476.2,75,75,701325
NIFTY-III.NFO,30/01/2025,09:35:23,23474.7,23474.05,150,23476.2,75,0,701325
NIFTY-III.NFO,30/01/2025,09:35:25,23474.7,23474.45,150,23476.2,75,0,701325
NIFTY-III.NFO,30/01/2025,09:35:27,23476.2,23476.8,150,23485,150,75,701325
NIFTY-III.NFO,30/01/2025,09:35:28,23476.8,23475.95,225,23480,75,75,701325
NIFTY-III.NFO,30/01/2025,09:35:30,23475.95,23476,225,23480,75,75,701325
NIFTY-III.NFO,30/01/2025,09:35:32,23475.95,23474.2,75,23479.95,75,0,701325
NIFTY-III.NFO,30/01/2025,09:35:33,23475.95,23474,600,23479.95,75,0,701325
NIFTY-III.NFO,30/01/2025,09:35:35,23474.1,23474.1,150,23479.95,75,75,701325
NIFTY-III.NFO,30/01/2025,09:35:37,23474,23474.55,150,23479.95,75,75,701325
NIFTY-III.NFO,30/01/2025,09:35:38,23474.55,23476.2,150,23479.95,75,75,701325
NIFTY-III.NFO,30/01/2025,09:35:40,23480,23479.15,150,23485,75,150,701325
NIFTY-III.NFO,30/01/2025,09:35:42,23485,23475.95,225,23485.45,150,75,701325
NIFTY-III.NFO,30/01/2025,09:35:44,23485,23474.9,225,23483.75,225,0,701325
NIFTY-III.NFO,30/01/2025,09:35:47,23485,23476.65,225,23485.1,225,0,701325
NIFTY-III.NFO,30/01/2025,09:35:49,23485,23474.05,225,23482.8,150,0,701325
NIFTY-III.NFO,30/01/2025,09:35:50,23485,23476.1,225,23484.95,225,0,701325
NIFTY-III.NFO,30/01/2025,09:35:52,23485,23478,225,23488.2,150,0,701325
NIFTY-III.NFO,30/01/2025,09:35:54,23485,23477.3,225,23485.6,225,0,701325
NIFTY-III.NFO,30/01/2025,09:35:55,23485,23477.3,225,23480,75,0,701325
NIFTY-III.NFO,30/01/2025,09:35:59,23485,23477.25,375,23480,75,0,701325
NIFTY-III.NFO,30/01/2025,09:36:02,23485,23477.3,150,23480,75,0,701325
NIFTY-III.NFO,30/01/2025,09:36:04,23480,23482.2,150,23485,75,75,701325
NIFTY-III.NFO,30/01/2025,09:36:05,23480,23477.35,150,23485,75,0,701325
NIFTY-III.NFO,30/01/2025,09:36:07,23485,23486,75,23486.95,75,75,701325
NIFTY-III.NFO,30/01/2025,09:36:09,23481.6,23480.8,75,23486.95,75,300,701325
NIFTY-III.NFO,30/01/2025,09:36:10,23481.6,23480.05,225,23489.6,225,0,701325
NIFTY-III.NFO,30/01/2025,09:36:12,23479.5,23480.75,975,23489.55,225,825,701325
NIFTY-III.NFO,30/01/2025,09:36:14,23479.5,23485,75,23488.45,150,0,701325
NIFTY-III.NFO,30/01/2025,09:36:15,23479.5,23485,75,23488.65,150,0,701325
NIFTY-III.NFO,30/01/2025,09:36:17,23479.5,23485,75,23489.3,150,0,701325
NIFTY-III.NFO,30/01/2025,09:36:19,23479.5,23485,75,23489.45,150,0,701325
NIFTY-III.NFO,30/01/2025,09:36:20,23479.5,23485,75,23490.4,150,0,701325
NIFTY-III.NFO,30/01/2025,09:36:22,23490.65,23481.55,300,23490.35,300,75,701325
NIFTY-III.NFO,30/01/2025,09:36:24,23490.65,23481.8,225,23490,150,0,701325
NIFTY-III.NFO,30/01/2025,09:36:25,23490.65,23483.4,300,23491.8,150,0,701325
NIFTY-III.NFO,30/01/2025,09:36:27,23490.65,23481.2,225,23490.05,300,0,701325
NIFTY-III.NFO,30/01/2025,09:36:29,23490.65,23483.7,300,23491.95,150,0,701325
NIFTY-III.NFO,30/01/2025,09:36:30,23490.65,23483.2,75,23491.15,150,0,701325
NIFTY-III.NFO,30/01/2025,09:36:32,23490.65,23483.15,300,23490.65,75,0,701325
NIFTY-III.NFO,30/01/2025,09:36:34,23490.65,23485.2,375,23490.6,150,0,701325
NIFTY-III.NFO,30/01/2025,09:36:35,23490.65,23485.25,75,23490.65,75,0,701325
NIFTY-III.NFO,30/01/2025,09:36:37,23490.65,23485.2,375,23490.6,150,0,701325
NIFTY-III.NFO,30/01/2025,09:36:39,23490.65,23483.15,375,23489.35,150,75,701325
NIFTY-III.NFO,30/01/2025,09:36:40,23489.7,23481.15,375,23490.15,150,150,701325
NIFTY-III.NFO,30/01/2025,09:36:42,23489.7,23481.5,375,23490,300,0,701325
NIFTY-III.NFO,30/01/2025,09:36:44,23489.7,23482.3,375,23491.45,75,0,701325
NIFTY-III.NFO,30/01/2025,09:36:45,23489.7,23482.3,375,23490.6,75,0,701325
NIFTY-III.NFO,30/01/2025,09:36:47,23489.7,23481.75,225,23489.6,75,0,701325
NIFTY-III.NFO,30/01/2025,09:36:48,23489.7,23481.75,375,23489.65,75,0,701325
NIFTY-III.NFO,30/01/2025,09:36:50,23489.7,23480.95,375,23489.65,150,0,701325
NIFTY-III.NFO,30/01/2025,09:36:52,23489.7,23480.95,300,23489.25,150,0,701325
NIFTY-III.NFO,30/01/2025,09:36:53,23489.7,23481,300,23489.3,150,0,701325
NIFTY-III.NFO,30/01/2025,09:36:55,23483.4,23483.4,375,23491.85,75,300,701325
NIFTY-III.NFO,30/01/2025,09:36:57,23483.4,23483,375,23491.85,75,0,701325
NIFTY-III.NFO,30/01/2025,09:36:58,23483.4,23483,150,23491.4,825,0,701325
NIFTY-III.NFO,30/01/2025,09:37:00,23483.4,23482.95,375,23488.55,75,0,701325
NIFTY-III.NFO,30/01/2025,09:37:02,23491.25,23484.8,375,23491.35,150,225,701325
NIFTY-III.NFO,30/01/2025,09:37:03,23491.25,23483.35,375,23488.95,150,0,701325
NIFTY-III.NFO,30/01/2025,09:37:05,23491.25,23481.05,300,23490.35,225,0,701325
NIFTY-III.NFO,30/01/2025,09:37:07,23491.25,23481.05,300,23490.3,225,0,701325
NIFTY-III.NFO,30/01/2025,09:37:08,23491.25,23483.95,375,23489.05,150,0,701325
NIFTY-III.NFO,30/01/2025,09:37:10,23491.25,23483.95,375,23490.15,150,0,701325
NIFTY-III.NFO,30/01/2025,09:37:12,23491.25,23482.45,750,23489.7,150,0,701325
NIFTY-III.NFO,30/01/2025,09:37:13,23491.25,23480.9,375,23486.9,225,0,701325
NIFTY-III.NFO,30/01/2025,09:37:15,23491.25,23480.45,750,23487.4,225,0,701325
NIFTY-III.NFO,30/01/2025,09:37:17,23491.25,23481.5,375,23488.1,525,0,701325
NIFTY-III.NFO,30/01/2025,09:37:18,23491.25,23481.5,375,23488.65,150,0,701325
NIFTY-III.NFO,30/01/2025,09:37:20,23484.05,23477,150,23483.95,150,75,701325
NIFTY-III.NFO,30/01/2025,09:37:22,23483.7,23477,150,23484.35,525,75,701325
NIFTY-III.NFO,30/01/2025,09:37:23,23483.7,23478.3,300,23488.1,225,0,701325
NIFTY-III.NFO,30/01/2025,09:37:25,23483.7,23482.1,375,23491.95,225,0,701325
NIFTY-III.NFO,30/01/2025,09:37:27,23483.7,23481.25,525,23490.4,75,0,701325
NIFTY-III.NFO,30/01/2025,09:37:28,23483.7,23483.85,300,23492,225,0,701325
NIFTY-III.NFO,30/01/2025,09:37:30,23483.7,23482.65,375,23491.55,75,0,701325
NIFTY-III.NFO,30/01/2025,09:37:31,23483.7,23481.25,375,23490,75,0,701325
NIFTY-III.NFO,30/01/2025,09:37:33,23483.7,23481.6,375,23490.65,75,0,701325
NIFTY-III.NFO,30/01/2025,09:37:35,23483.7,23481.6,375,23490.5,150,0,701325
NIFTY-III.NFO,30/01/2025,09:37:36,23483.7,23481.6,375,23489.95,75,0,701325
NIFTY-III.NFO,30/01/2025,09:37:38,23483.7,23481.6,375,23490.9,600,0,701325
NIFTY-III.NFO,30/01/2025,09:37:40,23490.1,23483.1,375,23489.8,450,75,701325
NIFTY-III.NFO,30/01/2025,09:37:41,23490.1,23479.5,375,23488.1,75,0,701325
NIFTY-III.NFO,30/01/2025,09:37:43,23490.1,23479.75,300,23487.7,75,0,701325
NIFTY-III.NFO,30/01/2025,09:37:45,23490.1,23479.75,375,23488.95,225,0,701325
NIFTY-III.NFO,30/01/2025,09:37:46,23490.1,23479.95,375,23488.75,75,0,701325
NIFTY-III.NFO,30/01/2025,09:37:48,23490.1,23480.55,300,23489.9,150,0,701325
NIFTY-III.NFO,30/01/2025,09:37:50,23489.9,23481.1,375,23489.95,225,75,701325
NIFTY-III.NFO,30/01/2025,09:37:52,23489.9,23481.1,375,23489.95,375,0,701325
NIFTY-III.NFO,30/01/2025,09:37:53,23489.9,23481.8,225,23490.1,75,0,701325
NIFTY-III.NFO,30/01/2025,09:37:55,23489.9,23482.65,225,23490.1,75,0,701325
NIFTY-III.NFO,30/01/2025,09:37:57,23489.9,23481.15,225,23489.55,150,0,701325
NIFTY-III.NFO,30/01/2025,09:37:58,23489.9,23482.8,225,23490.1,75,0,701325
NIFTY-III.NFO,30/01/2025,09:38:00,23489.9,23485,75,23490.1,75,0,701325
NIFTY-III.NFO,30/01/2025,09:38:02,23489.9,23485.05,150,23490.1,75,0,701325
NIFTY-III.NFO,30/01/2025,09:38:03,23489.9,23485,75,23490.1,75,0,701325
NIFTY-III.NFO,30/01/2025,09:38:05,23489.9,23485.05,150,23490.1,75,0,701325
NIFTY-III.NFO,30/01/2025,09:38:07,23489.9,23485,75,23490.1,75,0,701325
NIFTY-III.NFO,30/01/2025,09:38:08,23489.9,23485,75,23489.95,225,0,701325
NIFTY-III.NFO,30/01/2025,09:38:10,23485,23481.55,150,23490.05,150,75,701325
NIFTY-III.NFO,30/01/2025,09:38:12,23485,23480,75,23487.45,225,0,701325
NIFTY-III.NFO,30/01/2025,09:38:13,23487.95,23480.25,150,23488.1,225,75,701325
NIFTY-III.NFO,30/01/2025,09:38:15,23487.95,23482,225,23490.1,75,0,701325
NIFTY-III.NFO,30/01/2025,09:38:17,23487.95,23481,225,23489.8,225,0,701325
NIFTY-III.NFO,30/01/2025,09:38:18,23487.95,23481.25,150,23489.3,150,0,701325
NIFTY-III.NFO,30/01/2025,09:38:20,23487.95,23482.85,225,23490.1,75,0,701325
NIFTY-III.NFO,30/01/2025,09:38:22,23487.95,23482.95,225,23490.1,75,0,701325
NIFTY-III.NFO,30/01/2025,09:38:23,23487.95,23482.7,225,23490,75,0,701325
NIFTY-III.NFO,30/01/2025,09:38:25,23487.95,23483.3,225,23490,75,0,701325
NIFTY-III.NFO,30/01/2025,09:38:27,23487.95,23483.55,375,23490,75,0,701325
NIFTY-III.NFO,30/01/2025,09:38:28,23487.95,23484.3,225,23490,75,0,701325
NIFTY-III.NFO,30/01/2025,09:38:30,23487.95,23484,225,23490,75,0,701325
NIFTY-III.NFO,30/01/2025,09:38:32,23487.95,23483.65,225,23490,75,0,701325
NIFTY-III.NFO,30/01/2025,09:38:33,23487.95,23484,225,23490,75,0,701325
NIFTY-III.NFO,30/01/2025,09:38:35,23487.95,23484,375,23490,75,0,701325
NIFTY-III.NFO,30/01/2025,09:38:37,23487.95,23483.65,375,23490,75,0,701325
NIFTY-III.NFO,30/01/2025,09:38:38,23490.1,23484.95,225,23492,150,150,701325
NIFTY-III.NFO,30/01/2025,09:38:40,23492,23482.4,225,23491.4,225,75,701325
NIFTY-III.NFO,30/01/2025,09:38:42,23492,23481.7,225,23489.95,150,0,701325
NIFTY-III.NFO,30/01/2025,09:38:43,23492,23481.9,150,23490.05,150,0,701325
NIFTY-III.NFO,30/01/2025,09:38:45,23492,23483,225,23491.25,225,0,701325
NIFTY-III.NFO,30/01/2025,09:38:47,23492,23483.5,150,23491.6,150,0,701325
NIFTY-III.NFO,30/01/2025,09:38:48,23492,23483.85,225,23492,75,0,701325
NIFTY-III.NFO,30/01/2025,09:38:52,23492,23483.45,225,23491.8,225,0,701325
NIFTY-III.NFO,30/01/2025,09:38:53,23492,23483.2,150,23491.3,225,0,701325
NIFTY-III.NFO,30/01/2025,09:38:55,23492,23483.65,150,23492,300,0,701325
NIFTY-III.NFO,30/01/2025,09:38:57,23492,23482.6,225,23491.15,375,0,701325
NIFTY-III.NFO,30/01/2025,09:38:58,23492,23484.25,300,23491.8,150,0,701325
NIFTY-III.NFO,30/01/2025,09:39:00,23492,23482.4,225,23490.95,75,0,701325
NIFTY-III.NFO,30/01/2025,09:39:02,23492,23482.15,225,23490.65,150,0,701325
NIFTY-III.NFO,30/01/2025,09:39:03,23492,23482.85,150,23490.7,225,0,701325
NIFTY-III.NFO,30/01/2025,09:39:05,23492,23482.65,375,23491.25,75,0,701325
NIFTY-III.NFO,30/01/2025,09:39:07,23482.65,23482.65,225,23491.7,75,225,701325
NIFTY-III.NFO,30/01/2025,09:39:08,23482.65,23481.9,375,23490.4,75,0,701325
NIFTY-III.NFO,30/01/2025,09:39:10,23482.65,23481.15,225,23489.85,300,0,701325
NIFTY-III.NFO,30/01/2025,09:39:12,23482.65,23481.15,225,23489.7,300,0,701325
NIFTY-III.NFO,30/01/2025,09:39:13,23482.65,23481.15,225,23489.7,75,0,701325
NIFTY-III.NFO,30/01/2025,09:39:15,23482.05,23482.05,225,23490.95,150,75,701325
NIFTY-III.NFO,30/01/2025,09:39:17,23482.05,23483.5,375,23491.8,150,0,701325
NIFTY-III.NFO,30/01/2025,09:39:18,23482.05,23482.05,375,23491.55,225,0,701325
NIFTY-III.NFO,30/01/2025,09:39:20,23482.05,23483.55,150,23491.8,150,0,701325
NIFTY-III.NFO,30/01/2025,09:39:22,23482.05,23483.75,150,23491.95,300,0,701325
NIFTY-III.NFO,30/01/2025,09:39:23,23482.05,23482.7,225,23491.65,225,0,701325
NIFTY-III.NFO,30/01/2025,09:39:25,23482.05,23485.15,300,23492,300,0,701325
NIFTY-III.NFO,30/01/2025,09:39:27,23482.05,23486.2,225,23492,300,0,701325
NIFTY-III.NFO,30/01/2025,09:39:28,23482.05,23485.4,225,23492,300,0,701325
NIFTY-III.NFO,30/01/2025,09:39:30,23482.05,23485.6,225,23492,300,0,701325
NIFTY-III.NFO,30/01/2025,09:39:32,23482.05,23484.35,225,23492,300,0,701325
NIFTY-III.NFO,30/01/2025,09:39:33,23482.05,23483.85,150,23490.7,150,0,701325
NIFTY-III.NFO,30/01/2025,09:39:35,23482.05,23483.8,375,23489.4,150,0,701325
NIFTY-III.NFO,30/01/2025,09:39:37,23489.45,23483.1,375,23489.75,75,75,701325
NIFTY-III.NFO,30/01/2025,09:39:38,23483.15,23483.15,225,23490.9,150,75,701325
NIFTY-III.NFO,30/01/2025,09:39:40,23483.15,23483.15,375,23491.45,150,0,701325
NIFTY-III.NFO,30/01/2025,09:39:42,23483.15,23484.45,1350,23490.8,150,0,701325
NIFTY-III.NFO,30/01/2025,09:39:43,23490.95,23484.45,975,23490.95,75,75,701325
NIFTY-III.NFO,30/01/2025,09:39:45,23490.95,23483.15,225,23490,75,0,701325
NIFTY-III.NFO,30/01/2025,09:39:47,23490,23483.15,225,23491.5,75,75,701325
NIFTY-III.NFO,30/01/2025,09:39:48,23490,23483.15,375,23491.5,75,0,701325
NIFTY-III.NFO,30/01/2025,09:39:50,23490,23483.65,375,23491.95,75,0,701325
NIFTY-III.NFO,30/01/2025,09:39:53,23490,23484.3,375,23491.95,75,0,701325
NIFTY-III.NFO,30/01/2025,09:39:55,23490,23485,300,23492,300,0,701325
NIFTY-III.NFO,30/01/2025,09:39:57,23490,23485,150,23491.95,75,0,701325
NIFTY-III.NFO,30/01/2025,09:39:58,23490,23488.1,375,23491.95,75,0,701325
NIFTY-III.NFO,30/01/2025,09:40:00,23490,23484.7,225,23492,300,0,701325
NIFTY-III.NFO,30/01/2025,09:40:02,23490,23485.35,225,23492,300,0,701325
NIFTY-III.NFO,30/01/2025,09:40:03,23490,23485.7,300,23492,300,0,701325
NIFTY-III.NFO,30/01/2025,09:40:05,23490,23489.3,300,23492,300,0,701325
NIFTY-III.NFO,30/01/2025,09:40:07,23490,23488.9,375,23492,300,0,701325
NIFTY-III.NFO,30/01/2025,09:40:08,23490,23489.7,150,23492,300,0,701325
NIFTY-III.NFO,30/01/2025,09:40:10,23490,23490.1,300,23492,300,0,701325
NIFTY-III.NFO,30/01/2025,09:40:12,23492,23491.8,225,23495,75,300,701925
NIFTY-III.NFO,30/01/2025,09:40:13,23490.8,23488.5,225,23495,75,75,701925
NIFTY-III.NFO,30/01/2025,09:40:15,23490.8,23486.3,150,23493.9,225,0,701925
NIFTY-III.NFO,30/01/2025,09:40:17,23490.8,23484.9,225,23492.95,150,0,701925
NIFTY-III.NFO,30/01/2025,09:40:18,23493.9,23484.9,225,23493.65,150,75,701925
NIFTY-III.NFO,30/01/2025,09:40:20,23493.9,23484.15,375,23491.1,75,0,701925
NIFTY-III.NFO,30/01/2025,09:40:22,23493.9,23485.95,225,23494.15,150,0,701925
NIFTY-III.NFO,30/01/2025,09:40:23,23493.9,23493.9,75,23494.8,75,0,701925
NIFTY-III.NFO,30/01/2025,09:40:25,23494.85,23493.9,75,23495,75,300,701925
NIFTY-III.NFO,30/01/2025,09:40:27,23494.85,23493.9,75,23495,75,0,701925
NIFTY-III.NFO,30/01/2025,09:40:28,23494.85,23493.9,75,23494.85,150,0,701925
NIFTY-III.NFO,30/01/2025,09:40:30,23494.85,23493.9,75,23494.3,150,0,701925
NIFTY-III.NFO,30/01/2025,09:40:32,23493.9,23487.3,150,23494.95,225,75,701925
NIFTY-III.NFO,30/01/2025,09:40:33,23493.9,23487.3,150,23494.45,225,0,701925
NIFTY-III.NFO,30/01/2025,09:40:35,23494.8,23487.3,150,23494.75,75,75,701925
NIFTY-III.NFO,30/01/2025,09:40:37,23494.8,23487.15,225,23495,75,0,701925
NIFTY-III.NFO,30/01/2025,09:40:38,23495,23487.1,375,23494.15,225,75,701925
NIFTY-III.NFO,30/01/2025,09:40:40,23495,23486.55,150,23494.55,225,0,701925
NIFTY-III.NFO,30/01/2025,09:40:42,23494.3,23487.25,225,23495.7,150,75,701925
NIFTY-III.NFO,30/01/2025,09:40:43,23494.3,23492,75,23494.35,150,0,701925
NIFTY-III.NFO,30/01/2025,09:40:45,23494.3,23492,75,23493.7,150,0,701925
NIFTY-III.NFO,30/01/2025,09:40:47,23494.3,23492,75,23493.95,150,0,701925
NIFTY-III.NFO,30/01/2025,09:40:48,23494.3,23492,75,23493.1,225,0,701925
NIFTY-III.NFO,30/01/2025,09:40:50,23494.3,23492,75,23493.6,75,0,701925
NIFTY-III.NFO,30/01/2025,09:40:52,23492,23490,75,23492.85,225,75,701925
NIFTY-III.NFO,30/01/2025,09:40:53,23492,23490,75,23492.15,225,0,701925
NIFTY-III.NFO,30/01/2025,09:40:55,23492,23490,75,23492.1,75,0,701925
NIFTY-III.NFO,30/01/2025,09:40:57,23492,23490,75,23490.95,750,0,701925
NIFTY-III.NFO,30/01/2025,09:40:58,23490,23485,75,23489.35,750,75,701925
NIFTY-III.NFO,30/01/2025,09:41:00,23488.4,23485,75,23487.3,150,75,701925
NIFTY-III.NFO,30/01/2025,09:41:02,23483.8,23480,75,23481.65,375,300,701925
NIFTY-III.NFO,30/01/2025,09:41:03,23479,23476.2,75,23478.8,150,150,701925
NIFTY-III.NFO,30/01/2025,09:41:05,23470,23468,75,23471.75,225,1050,701925
NIFTY-III.NFO,30/01/2025,09:41:07,23468,23465,75,23465.35,75,75,701925
NIFTY-III.NFO,30/01/2025,09:41:08,23465,23461,75,23465,75,75,701925
NIFTY-III.NFO,30/01/2025,09:41:10,23465,23461.85,225,23472.4,225,75,701925
NIFTY-III.NFO,30/01/2025,09:41:12,23465,23470.8,225,23478.75,75,0,701925
NIFTY-III.NFO,30/01/2025,09:41:13,23465,23474.35,225,23482.2,150,0,701925
NIFTY-III.NFO,30/01/2025,09:41:15,23465,23471.8,225,23480.1,75,0,701925
NIFTY-III.NFO,30/01/2025,09:41:17,23465,23477.85,225,23484.85,75,0,701925
NIFTY-III.NFO,30/01/2025,09:41:18,23465,23475.85,225,23484.95,150,0,701925
NIFTY-III.NFO,30/01/2025,09:41:20,23486.9,23478.4,375,23487.5,75,150,701925
NIFTY-III.NFO,30/01/2025,09:41:22,23485.65,23476.95,300,23485.4,75,300,701925
NIFTY-III.NFO,30/01/2025,09:41:23,23485.65,23477.4,225,23485.9,75,0,701925
NIFTY-III.NFO,30/01/2025,09:41:25,23485.65,23480.25,150,23486.55,75,0,701925
NIFTY-III.NFO,30/01/2025,09:41:27,23485.65,23476.6,150,23484.45,75,0,701925
NIFTY-III.NFO,30/01/2025,09:41:28,23485.65,23477.55,225,23485.2,75,0,701925
NIFTY-III.NFO,30/01/2025,09:41:30,23485.65,23477.2,75,23484.65,750,0,701925
NIFTY-III.NFO,30/01/2025,09:41:31,23485.65,23477.6,225,23487.6,150,0,701925
NIFTY-III.NFO,30/01/2025,09:41:33,23485.65,23481.8,225,23487.55,75,0,701925
NIFTY-III.NFO,30/01/2025,09:41:35,23485.65,23485,225,23490,75,0,701925
NIFTY-III.NFO,30/01/2025,09:41:36,23485.65,23486.85,150,23490,75,0,701925
NIFTY-III.NFO,30/01/2025,09:41:38,23485.65,23483.05,225,23490,75,0,701925
NIFTY-III.NFO,30/01/2025,09:41:40,23485.65,23478.85,150,23485.25,75,0,701925
NIFTY-III.NFO,30/01/2025,09:41:41,23485.65,23476.9,150,23485.9,75,0,701925
NIFTY-III.NFO,30/01/2025,09:41:43,23485.65,23473.4,150,23480.95,75,0,701925
NIFTY-III.NFO,30/01/2025,09:41:45,23485.65,23470.45,150,23478.95,75,0,701925
NIFTY-III.NFO,30/01/2025,09:41:46,23485.65,23471.8,75,23478.1,75,0,701925
NIFTY-III.NFO,30/01/2025,09:41:48,23485.65,23472.8,150,23480,75,0,701925
NIFTY-III.NFO,30/01/2025,09:41:50,23485.65,23475.65,150,23483.55,75,0,701925
NIFTY-III.NFO,30/01/2025,09:41:51,23485.65,23475.6,150,23483.1,75,0,701925
NIFTY-III.NFO,30/01/2025,09:41:53,23480,23473.15,150,23479.9,150,225,701925
NIFTY-III.NFO,30/01/2025,09:41:55,23480,23472.8,150,23479.65,75,0,701925
NIFTY-III.NFO,30/01/2025,09:41:56,23480,23472,150,23478.95,750,0,701925
NIFTY-III.NFO,30/01/2025,09:41:58,23480,23467,150,23474.85,75,0,701925
NIFTY-III.NFO,30/01/2025,09:42:00,23480,23476.1,75,23477.3,75,0,701925
NIFTY-III.NFO,30/01/2025,09:42:02,23476.1,23470.1,150,23475,75,75,701925
NIFTY-III.NFO,30/01/2025,09:42:03,23476.1,23466.95,225,23475,75,0,701925
NIFTY-III.NFO,30/01/2025,09:42:05,23476.1,23470.7,225,23475,75,0,701925
NIFTY-III.NFO,30/01/2025,09:42:07,23476.1,23471.4,150,23475,75,0,701925
NIFTY-III.NFO,30/01/2025,09:42:08,23479.25,23473.5,150,23478.7,675,525,701925
NIFTY-III.NFO,30/01/2025,09:42:10,23479.25,23471.05,150,23478.2,675,0,701925
NIFTY-III.NFO,30/01/2025,09:42:12,23478.75,23472.6,225,23479.8,600,75,701925
NIFTY-III.NFO,30/01/2025,09:42:13,23478.75,23475.35,75,23481.15,75,0,701925
NIFTY-III.NFO,30/01/2025,09:42:15,23478.75,23472.3,75,23478.35,75,0,701925
NIFTY-III.NFO,30/01/2025,09:42:17,23478.75,23472.65,150,23479.75,75,0,701925
NIFTY-III.NFO,30/01/2025,09:42:18,23478.75,23473.1,375,23477.9,600,0,701925
NIFTY-III.NFO,30/01/2025,09:42:20,23478.75,23472.65,150,23479.4,75,0,701925
NIFTY-III.NFO,30/01/2025,09:42:22,23478.75,23473.9,150,23480.05,75,0,701925
NIFTY-III.NFO,30/01/2025,09:42:23,23478.75,23473.9,375,23480.95,75,0,701925
NIFTY-III.NFO,30/01/2025,09:42:25,23478.75,23476.25,225,23482.9,75,0,701925
NIFTY-III.NFO,30/01/2025,09:42:27,23478.75,23476.5,225,23482.9,75,0,701925
NIFTY-III.NFO,30/01/2025,09:42:28,23485.05,23478.7,225,23486.55,75,75,701925
NIFTY-III.NFO,30/01/2025,09:42:30,23485.05,23476.25,150,23484.25,75,0,701925
NIFTY-III.NFO,30/01/2025,09:42:31,23485.05,23476.25,150,23483.3,75,0,701925
NIFTY-III.NFO,30/01/2025,09:42:33,23485.05,23477.8,150,23483.3,75,0,701925
NIFTY-III.NFO,30/01/2025,09:42:35,23485.05,23475.9,150,23483.1,150,0,701925
NIFTY-III.NFO,30/01/2025,09:42:36,23485.05,23477.45,150,23484.2,525,0,701925
NIFTY-III.NFO,30/01/2025,09:42:38,23485.05,23476.6,150,23483.4,525,0,701925
NIFTY-III.NFO,30/01/2025,09:42:40,23483.4,23478.1,375,23483.95,450,75,701925
NIFTY-III.NFO,30/01/2025,09:42:41,23478.5,23478.3,225,23485.95,75,75,701925
NIFTY-III.NFO,30/01/2025,09:42:43,23478.5,23479.9,150,23486,450,0,701925
NIFTY-III.NFO,30/01/2025,09:42:45,23478.5,23479.2,300,23486.25,75,0,701925
NIFTY-III.NFO,30/01/2025,09:42:46,23478.5,23480.1,150,23486.3,75,0,701925
NIFTY-III.NFO,30/01/2025,09:42:48,23478.5,23481.2,150,23487.2,75,0,701925
NIFTY-III.NFO,30/01/2025,09:42:50,23478.5,23478.95,300,23485.85,75,0,701925
NIFTY-III.NFO,30/01/2025,09:42:51,23478.5,23479.8,150,23486.75,75,0,701925
NIFTY-III.NFO,30/01/2025,09:42:53,23478.5,23482.3,375,23489.5,75,0,701925
NIFTY-III.NFO,30/01/2025,09:42:55,23478.5,23481.6,225,23489.85,75,0,701925
NIFTY-III.NFO,30/01/2025,09:42:56,23478.5,23482.2,150,23490,375,0,701925
NIFTY-III.NFO,30/01/2025,09:42:58,23478.5,23483.35,375,23490,375,0,701925
NIFTY-III.NFO,30/01/2025,09:43:00,23478.5,23484.15,150,23490,375,0,701925
NIFTY-III.NFO,30/01/2025,09:43:01,23478.5,23485.15,225,23490,375,0,701925
NIFTY-III.NFO,30/01/2025,09:43:03,23478.5,23484.45,150,23489.95,75,0,701925
NIFTY-III.NFO,30/01/2025,09:43:05,23490,23481.45,150,23489.45,150,150,702900
NIFTY-III.NFO,30/01/2025,09:43:06,23490,23482.5,150,23489.55,75,0,702900
NIFTY-III.NFO,30/01/2025,09:43:08,23490,23483.75,225,23490,825,0,702900
NIFTY-III.NFO,30/01/2025,09:43:10,23490,23482.6,225,23489.5,150,0,702900
NIFTY-III.NFO,30/01/2025,09:43:11,23490,23481.9,150,23488.9,450,0,702900
NIFTY-III.NFO,30/01/2025,09:43:13,23490,23485,75,23487.05,450,0,702900
NIFTY-III.NFO,30/01/2025,09:43:15,23490,23485,75,23488.95,450,0,702900
NIFTY-III.NFO,30/01/2025,09:43:16,23488.2,23485,75,23488.5,75,75,702900
NIFTY-III.NFO,30/01/2025,09:43:18,23488.2,23485,75,23487.5,75,0,702900
NIFTY-III.NFO,30/01/2025,09:43:20,23488.2,23485,75,23487.75,75,0,702900
NIFTY-III.NFO,30/01/2025,09:43:21,23488.2,23485,75,23487.3,75,0,702900
NIFTY-III.NFO,30/01/2025,09:43:23,23489.2,23485,75,23486.25,75,75,702900
NIFTY-III.NFO,30/01/2025,09:43:25,23489.2,23485,75,23487,450,0,702900
NIFTY-III.NFO,30/01/2025,09:43:26,23489.2,23485,75,23487.1,75,0,702900
NIFTY-III.NFO,30/01/2025,09:43:32,23489.2,23485,75,23486.25,75,0,702900
NIFTY-III.NFO,30/01/2025,09:43:33,23487.6,23485,75,23487.5,75,300,702900
NIFTY-III.NFO,30/01/2025,09:43:35,23487.6,23485,75,23488.3,75,0,702900
NIFTY-III.NFO,30/01/2025,09:43:37,23487.6,23485,75,23490,900,0,702900
NIFTY-III.NFO,30/01/2025,09:43:38,23487.6,23485,75,23488.9,75,0,702900
NIFTY-III.NFO,30/01/2025,09:43:40,23487.6,23485,75,23487.65,225,0,702900
NIFTY-III.NFO,30/01/2025,09:43:42,23487.6,23485.5,600,23487.65,225,0,702900
NIFTY-III.NFO,30/01/2025,09:43:48,23487.6,23485.5,600,23487.6,75,0,702900
NIFTY-III.NFO,30/01/2025,09:43:50,23485.5,23485.5,525,23487.6,75,75,702900
NIFTY-III.NFO,30/01/2025,09:43:52,23485.5,23485.5,525,23487.6,75,0,702900
NIFTY-III.NFO,30/01/2025,09:44:00,23485.5,23485.9,150,23487.6,75,0,702900
NIFTY-III.NFO,30/01/2025,09:44:02,23487.65,23489.55,75,23490,150,300,702900
NIFTY-III.NFO,30/01/2025,09:44:03,23490,23486.15,225,23490,75,75,702900
NIFTY-III.NFO,30/01/2025,09:44:05,23490,23486.55,150,23490,75,0,702900
NIFTY-III.NFO,30/01/2025,09:44:07,23490,23487.15,225,23490,75,0,702900
NIFTY-III.NFO,30/01/2025,09:44:08,23490,23488.95,150,23490,75,0,702900
NIFTY-III.NFO,30/01/2025,09:44:10,23487.15,23487,525,23490,75,450,702900
NIFTY-III.NFO,30/01/2025,09:44:12,23487.15,23487,525,23490,75,0,702900
NIFTY-III.NFO,30/01/2025,09:44:15,23487.15,23487.5,525,23490,75,0,702900
NIFTY-III.NFO,30/01/2025,09:44:17,23487.15,23487.55,150,23490,75,0,702900
NIFTY-III.NFO,30/01/2025,09:44:18,23487.15,23487.5,525,23490,75,0,702900
NIFTY-III.NFO,30/01/2025,09:44:20,23492,23487.5,525,23492.35,150,375,702900
NIFTY-III.NFO,30/01/2025,09:44:22,23492,23488,525,23490.55,150,0,702900
NIFTY-III.NFO,30/01/2025,09:44:23,23492,23488,825,23491.75,150,0,702900
NIFTY-III.NFO,30/01/2025,09:44:25,23492,23488,825,23491.1,150,0,702900
NIFTY-III.NFO,30/01/2025,09:44:27,23492.75,23488,825,23492.15,675,225,702900
NIFTY-III.NFO,30/01/2025,09:44:28,23492.75,23488,825,23492.9,300,0,702900
NIFTY-III.NFO,30/01/2025,09:44:30,23492.75,23488.55,150,23494,75,0,702900
NIFTY-III.NFO,30/01/2025,09:44:32,23492.75,23488.5,525,23493.8,1050,0,702900
NIFTY-III.NFO,30/01/2025,09:44:33,23492.75,23489.6,150,23494,75,0,702900
NIFTY-III.NFO,30/01/2025,09:44:35,23492.75,23492.75,75,23494,75,0,702900
NIFTY-III.NFO,30/01/2025,09:44:45,23492.75,23493,525,23494,75,0,702900
NIFTY-III.NFO,30/01/2025,09:44:50,23494,23493,750,23495.1,375,75,702900
NIFTY-III.NFO,30/01/2025,09:44:52,23493,23493,675,23495.35,375,75,702900
NIFTY-III.NFO,30/01/2025,09:44:53,23493,23494,450,23494.35,375,0,702900
NIFTY-III.NFO,30/01/2025,09:44:55,23494,23493,225,23494.9,150,450,702900
NIFTY-III.NFO,30/01/2025,09:44:57,23494.7,23493,225,23494.8,225,75,702900
NIFTY-III.NFO,30/01/2025,09:44:58,23494.7,23493,225,23495.15,225,0,702900
NIFTY-III.NFO,30/01/2025,09:45:00,23494.7,23493,225,23494.8,225,0,702900
NIFTY-III.NFO,30/01/2025,09:45:02,23494.7,23493,225,23496.75,600,0,702900
NIFTY-III.NFO,30/01/2025,09:45:03,23494.7,23493,225,23495.55,225,0,702900
NIFTY-III.NFO,30/01/2025,09:45:05,23494.7,23493.2,225,23496.95,225,0,702900
NIFTY-III.NFO,30/01/2025,09:45:07,23494.7,23493.2,225,23498,150,0,702900
NIFTY-III.NFO,30/01/2025,09:45:08,23494.7,23493.2,225,23495.3,225,0,702900
NIFTY-III.NFO,30/01/2025,09:45:10,23493.2,23493.2,150,23495.35,225,75,702900
NIFTY-III.NFO,30/01/2025,09:45:12,23493.2,23493.2,150,23496.65,225,0,702900
NIFTY-III.NFO,30/01/2025,09:45:13,23493.2,23493.2,150,23497.15,975,0,702900
NIFTY-III.NFO,30/01/2025,09:45:15,23493.2,23493.2,150,23496.7,225,0,702900
NIFTY-III.NFO,30/01/2025,09:45:17,23493.2,23495.55,300,23496.2,375,0,702900
NIFTY-III.NFO,30/01/2025,09:45:18,23495.55,23493.2,150,23494.65,375,300,702900
NIFTY-III.NFO,30/01/2025,09:45:20,23495.55,23493.2,150,23495.7,375,0,702900
NIFTY-III.NFO,30/01/2025,09:45:22,23495.55,23493.2,150,23498,150,0,702900
NIFTY-III.NFO,30/01/2025,09:45:23,23498,23493.2,150,23498,75,75,702900
NIFTY-III.NFO,30/01/2025,09:45:23,23498,23493.2,150,23498,75,0,702900
NIFTY-III.NFO,30/01/2025,09:45:25,23498,23493.25,150,23498,75,0,702900
NIFTY-III.NFO,30/01/2025,09:45:27,23493.2,23493.2,75,23496.95,375,75,702900
NIFTY-III.NFO,30/01/2025,09:45:28,23495.8,23493.2,75,23493.7,375,375,702900
NIFTY-III.NFO,30/01/2025,09:45:30,23495.8,23493.2,75,23497.15,375,0,702900
NIFTY-III.NFO,30/01/2025,09:45:32,23495.8,23493.35,300,23498,75,0,702900
NIFTY-III.NFO,30/01/2025,09:45:33,23495.8,23493.2,75,23498,75,0,702900
NIFTY-III.NFO,30/01/2025,09:45:35,23495.8,23493.2,75,23496.4,375,0,702900
NIFTY-III.NFO,30/01/2025,09:45:38,23495.8,23494.45,75,23495.55,375,0,702900
NIFTY-III.NFO,30/01/2025,09:45:40,23495.55,23493.2,75,23496.35,300,75,702900
NIFTY-III.NFO,30/01/2025,09:45:42,23495.55,23493.2,75,23496.35,300,0,702900
NIFTY-III.NFO,30/01/2025,09:45:43,23495.55,23493.2,75,23498,75,0,702900
NIFTY-III.NFO,30/01/2025,09:45:47,23495.55,23493.2,75,23496.45,300,0,702900
NIFTY-III.NFO,30/01/2025,09:45:50,23495.55,23493.2,75,23497.05,300,0,702900
NIFTY-III.NFO,30/01/2025,09:45:53,23495.55,23493.2,75,23496.4,300,0,702900
NIFTY-III.NFO,30/01/2025,09:45:55,23495.55,23493.2,75,23496.5,300,0,702900
NIFTY-III.NFO,30/01/2025,09:45:57,23495.55,23493.2,75,23496.2,75,0,702900
NIFTY-III.NFO,30/01/2025,09:45:58,23495.55,23493.2,75,23495.85,300,0,702900
NIFTY-III.NFO,30/01/2025,09:46:00,23495.85,23495.55,75,23496.1,150,150,702900
NIFTY-III.NFO,30/01/2025,09:46:02,23495.55,23493.35,150,23498,75,75,702900
NIFTY-III.NFO,30/01/2025,09:46:03,23497.4,23497.6,225,23498,75,150,702900
NIFTY-III.NFO,30/01/2025,09:46:05,23497.4,23497.6,225,23498,75,0,704100
NIFTY-III.NFO,30/01/2025,09:46:08,23497.6,23493.2,75,23498,75,225,704100
NIFTY-III.NFO,30/01/2025,09:46:10,23497.6,23493.2,75,23497.7,900,0,704100
NIFTY-III.NFO,30/01/2025,09:46:12,23497.6,23493.2,75,23496.05,525,0,704100
NIFTY-III.NFO,30/01/2025,09:46:13,23496.05,23493.2,75,23498,150,75,704100
NIFTY-III.NFO,30/01/2025,09:46:15,23496.05,23493.2,75,23498,150,0,704100
NIFTY-III.NFO,30/01/2025,09:46:18,23498,23493.05,225,23498,75,75,704100
NIFTY-III.NFO,30/01/2025,09:46:20,23498,23493.2,150,23498,75,0,704100
NIFTY-III.NFO,30/01/2025,09:46:22,23498,23493.15,150,23498,75,0,704100
NIFTY-III.NFO,30/01/2025,09:46:23,23498,23494.95,150,23498,75,0,704100
NIFTY-III.NFO,30/01/2025,09:46:25,23498,23494.35,150,23498,75,0,704100
NIFTY-III.NFO,30/01/2025,09:46:27,23498,23493,75,23498,75,0,704100
NIFTY-III.NFO,30/01/2025,09:46:30,23493.05,23493,75,23497.95,225,75,704100
NIFTY-III.NFO,30/01/2025,09:46:32,23493.05,23493,75,23498,150,0,704100
NIFTY-III.NFO,30/01/2025,09:46:33,23493.05,23494.45,150,23498,150,0,704100
NIFTY-III.NFO,30/01/2025,09:46:35,23493.05,23493.65,225,23498,150,0,704100
NIFTY-III.NFO,30/01/2025,09:46:37,23493.05,23493.8,225,23498,150,0,704100
NIFTY-III.NFO,30/01/2025,09:46:38,23493.05,23493.15,150,23498,150,0,704100
NIFTY-III.NFO,30/01/2025,09:46:40,23493.85,23494.8,225,23498,150,75,704100
NIFTY-III.NFO,30/01/2025,09:46:42,23493.85,23494.1,225,23498,150,0,704100
NIFTY-III.NFO,30/01/2025,09:46:45,23499,23498.6,375,23500,1350,450,704100
NIFTY-III.NFO,30/01/2025,09:46:45,23499,23498.6,375,23500,1350,0,704100
NIFTY-III.NFO,30/01/2025,09:46:47,23510,23503.2,150,23510,75,1875,704100
NIFTY-III.NFO,30/01/2025,09:46:47,23510,23503.2,150,23510,75,0,704100
NIFTY-III.NFO,30/01/2025,09:46:48,23504.25,23505.05,225,23510,75,75,704100
NIFTY-III.NFO,30/01/2025,09:46:50,23510,23499.45,150,23509.95,225,75,704100
NIFTY-III.NFO,30/01/2025,09:46:52,23510,23498.35,225,23506.8,300,0,704100
NIFTY-III.NFO,30/01/2025,09:46:53,23510,23498.05,225,23506.8,150,0,704100
NIFTY-III.NFO,30/01/2025,09:46:55,23510,23494.45,75,23502.25,225,0,704100
NIFTY-III.NFO,30/01/2025,09:46:57,23510,23495.45,300,23503.05,75,0,704100
NIFTY-III.NFO,30/01/2025,09:46:58,23510,23497.15,375,23505.2,225,0,704100
NIFTY-III.NFO,30/01/2025,09:47:00,23510,23497.1,150,23507.7,225,0,704100
NIFTY-III.NFO,30/01/2025,09:47:02,23510,23507.25,150,23510,75,0,704100
NIFTY-III.NFO,30/01/2025,09:47:03,23510,23505.7,150,23510,75,0,704100
NIFTY-III.NFO,30/01/2025,09:47:05,23510,23506.5,225,23514.4,150,75,704100
NIFTY-III.NFO,30/01/2025,09:47:07,23510,23502.1,150,23509.1,75,0,704100
NIFTY-III.NFO,30/01/2025,09:47:08,23510,23502.65,150,23510.15,75,0,704100
NIFTY-III.NFO,30/01/2025,09:47:10,23510,23504.5,150,23512.15,150,0,704100
NIFTY-III.NFO,30/01/2025,09:47:12,23510,23502.45,150,23510.7,300,0,704100
NIFTY-III.NFO,30/01/2025,09:47:13,23512,23503.9,225,23512.05,375,600,704100
NIFTY-III.NFO,30/01/2025,09:47:13,23512.25,23503.9,225,23512.05,375,0,704100
NIFTY-III.NFO,30/01/2025,09:47:15,23512,23503.55,150,23513.2,75,0,704100
NIFTY-III.NFO,30/01/2025,09:47:17,23512,23506.55,150,23514.2,450,0,704100
NIFTY-III.NFO,30/01/2025,09:47:18,23512,23506.55,150,23514.1,450,0,704100
NIFTY-III.NFO,30/01/2025,09:47:20,23512.25,23505.2,150,23512.25,75,75,704100
NIFTY-III.NFO,30/01/2025,09:47:22,23512.25,23505.95,225,23513.7,375,0,704100
NIFTY-III.NFO,30/01/2025,09:47:23,23512.25,23505.7,225,23514.1,450,0,704100
NIFTY-III.NFO,30/01/2025,09:47:25,23512.25,23504.7,225,23513.1,75,0,704100
NIFTY-III.NFO,30/01/2025,09:47:27,23513.8,23504.05,150,23511.9,450,75,704100
NIFTY-III.NFO,30/01/2025,09:47:27,23513.8,23504.05,150,23511.9,450,0,704100
NIFTY-III.NFO,30/01/2025,09:47:28,23513.8,23504.25,150,23512,75,0,704100
NIFTY-III.NFO,30/01/2025,09:47:30,23506,23506.1,150,23512,75,75,704100
NIFTY-III.NFO,30/01/2025,09:47:31,23506,23506.25,150,23512,75,0,704100
NIFTY-III.NFO,30/01/2025,09:47:33,23506.1,23506.75,150,23512,75,75,704100
NIFTY-III.NFO,30/01/2025,09:47:35,23506.1,23505.65,150,23511.95,75,0,704100
NIFTY-III.NFO,30/01/2025,09:47:36,23506.1,23506.45,225,23512,75,0,704100
NIFTY-III.NFO,30/01/2025,09:47:38,23506.1,23506.5,225,23512,75,0,704100
NIFTY-III.NFO,30/01/2025,09:47:40,23506.1,23507.7,150,23512,75,0,704100
NIFTY-III.NFO,30/01/2025,09:47:41,23506.1,23506,150,23508,75,0,704100
NIFTY-III.NFO,30/01/2025,09:47:43,23508,23510,150,23513,75,75,704100
NIFTY-III.NFO,30/01/2025,09:47:45,23513,23513.95,150,23515,75,75,704100
NIFTY-III.NFO,30/01/2025,09:47:46,23515,23510.95,300,23519.05,75,75,704100
NIFTY-III.NFO,30/01/2025,09:47:46,23515,23510.95,300,23519.05,75,0,704100
NIFTY-III.NFO,30/01/2025,09:47:48,23518.4,23509.3,150,23518.05,225,75,704100
NIFTY-III.NFO,30/01/2025,09:47:48,23518.4,23509.3,150,23518.05,225,0,704100
NIFTY-III.NFO,30/01/2025,09:47:50,23518.4,23510.25,300,23518.65,450,0,704100
NIFTY-III.NFO,30/01/2025,09:47:51,23510,23508.95,225,23518,225,75,704100
NIFTY-III.NFO,30/01/2025,09:47:53,23518.15,23508.65,150,23517.6,225,75,704100
NIFTY-III.NFO,30/01/2025,09:47:55,23518.15,23509.65,150,23517.45,225,0,704100
NIFTY-III.NFO,30/01/2025,09:47:56,23518.15,23511.4,150,23518.3,75,0,704100
NIFTY-III.NFO,30/01/2025,09:47:58,23518.15,23511.2,150,23519,150,0,704100
NIFTY-III.NFO,30/01/2025,09:48:00,23517.7,23510.8,225,23519,75,75,704100
NIFTY-III.NFO,30/01/2025,09:48:01,23517.7,23510.05,150,23519.25,375,0,704100
NIFTY-III.NFO,30/01/2025,09:48:03,23517.7,23511.25,150,23518.55,375,0,704100
NIFTY-III.NFO,30/01/2025,09:48:05,23517.7,23510.05,150,23517.8,600,0,704100
NIFTY-III.NFO,30/01/2025,09:48:06,23518,23510,150,23517.35,75,750,704100
NIFTY-III.NFO,30/01/2025,09:48:08,23518,23510,150,23516.6,450,0,704100
NIFTY-III.NFO,30/01/2025,09:48:10,23518,23511.2,150,23518.35,375,0,704100
NIFTY-III.NFO,30/01/2025,09:48:11,23518,23510,150,23516,75,0,704100
NIFTY-III.NFO,30/01/2025,09:48:13,23518,23510,150,23513.75,450,0,704100
NIFTY-III.NFO,30/01/2025,09:48:15,23518,23510,150,23517.5,675,0,704100
NIFTY-III.NFO,30/01/2025,09:48:16,23518,23510,150,23516.65,375,0,704100
NIFTY-III.NFO,30/01/2025,09:48:18,23518,23510,150,23516.2,375,0,704100
NIFTY-III.NFO,30/01/2025,09:48:20,23518,23510,150,23516.15,375,0,704100
NIFTY-III.NFO,30/01/2025,09:48:21,23518,23510,150,23516.1,450,0,704100
NIFTY-III.NFO,30/01/2025,09:48:23,23516,23510,150,23515.65,375,75,704100
NIFTY-III.NFO,30/01/2025,09:48:25,23516,23510,150,23514.55,75,0,704100
NIFTY-III.NFO,30/01/2025,09:48:26,23510,23509.6,75,23510.4,375,150,704100
NIFTY-III.NFO,30/01/2025,09:48:28,23509.6,23502.25,225,23510.1,300,75,704100
NIFTY-III.NFO,30/01/2025,09:48:30,23509.6,23503.75,150,23511.6,300,0,704100
NIFTY-III.NFO,30/01/2025,09:48:31,23509.6,23503.25,150,23510,75,0,704100
NIFTY-III.NFO,30/01/2025,09:48:33,23509.6,23502.3,150,23510,150,0,704100
NIFTY-III.NFO,30/01/2025,09:48:35,23510,23501.45,150,23510.35,75,1500,704100
NIFTY-III.NFO,30/01/2025,09:48:36,23510,23502.5,150,23511.5,375,0,704100
NIFTY-III.NFO,30/01/2025,09:48:38,23499.2,23498.1,225,23507.75,300,450,704100
NIFTY-III.NFO,30/01/2025,09:48:40,23499.2,23498.8,225,23507.8,300,0,704100
NIFTY-III.NFO,30/01/2025,09:48:41,23499.2,23499,150,23505,75,0,704100
NIFTY-III.NFO,30/01/2025,09:48:43,23499.2,23499.85,150,23505,75,0,704100
NIFTY-III.NFO,30/01/2025,09:48:45,23499.2,23500.6,300,23502.3,75,0,704100
NIFTY-III.NFO,30/01/2025,09:48:46,23502.3,23500.8,150,23505,75,75,704100
NIFTY-III.NFO,30/01/2025,09:48:48,23502.3,23499.95,150,23505,75,0,704100
NIFTY-III.NFO,30/01/2025,09:48:50,23505,23499.65,225,23507.8,75,75,704100
NIFTY-III.NFO,30/01/2025,09:48:51,23505,23501.2,225,23508.95,75,0,704100
NIFTY-III.NFO,30/01/2025,09:48:53,23505,23501,150,23508.95,225,0,704100
NIFTY-III.NFO,30/01/2025,09:48:55,23500.7,23500.55,225,23508.9,75,75,704100
NIFTY-III.NFO,30/01/2025,09:48:56,23500.7,23500.55,375,23508.9,75,0,704100
NIFTY-III.NFO,30/01/2025,09:48:58,23500.7,23499.95,150,23508.9,300,0,704100
NIFTY-III.NFO,30/01/2025,09:49:00,23500.7,23498.6,225,23508.3,300,0,704100
NIFTY-III.NFO,30/01/2025,09:49:01,23505.55,23498,75,23505.5,75,150,704100
NIFTY-III.NFO,30/01/2025,09:49:03,23505.55,23498.85,225,23507.1,150,0,704100
NIFTY-III.NFO,30/01/2025,09:49:05,23500,23500.6,225,23508.3,75,75,704625
NIFTY-III.NFO,30/01/2025,09:49:06,23500,23498.9,225,23507.2,75,0,704625
NIFTY-III.NFO,30/01/2025,09:49:08,23500,23500.55,150,23508.15,375,0,704625
NIFTY-III.NFO,30/01/2025,09:49:10,23500,23499.5,150,23507.7,600,0,704625
NIFTY-III.NFO,30/01/2025,09:49:11,23500,23499.15,225,23507.7,450,0,704625
NIFTY-III.NFO,30/01/2025,09:49:13,23500,23498.1,150,23505,75,0,704625
NIFTY-III.NFO,30/01/2025,09:49:15,23500,23498.25,150,23505,75,0,704625
NIFTY-III.NFO,30/01/2025,09:49:16,23500,23497.5,150,23505,75,0,704625
NIFTY-III.NFO,30/01/2025,09:49:18,23500,23499.05,375,23505,75,0,704625
NIFTY-III.NFO,30/01/2025,09:49:20,23505,23500,75,23506.95,375,75,704625
NIFTY-III.NFO,30/01/2025,09:49:21,23505,23500,75,23506.95,525,0,704625
NIFTY-III.NFO,30/01/2025,09:49:23,23500,23500,150,23506.15,525,75,704625
NIFTY-III.NFO,30/01/2025,09:49:25,23500,23500,150,23505.3,300,0,704625
NIFTY-III.NFO,30/01/2025,09:49:26,23505,23500,150,23505.5,525,150,704625
NIFTY-III.NFO,30/01/2025,09:49:28,23505,23500,150,23506.15,525,0,704625
NIFTY-III.NFO,30/01/2025,09:49:30,23505,23500,225,23504.25,375,0,704625
NIFTY-III.NFO,30/01/2025,09:49:31,23505,23500,225,23504.15,375,0,704625
NIFTY-III.NFO,30/01/2025,09:49:33,23504.35,23500,225,23504.2,525,300,704625
NIFTY-III.NFO,30/01/2025,09:49:35,23504.35,23500,225,23503.8,300,0,704625
NIFTY-III.NFO,30/01/2025,09:49:36,23504.35,23500,225,23504.55,300,0,704625
NIFTY-III.NFO,30/01/2025,09:49:38,23504.35,23500,225,23505.75,375,0,704625
NIFTY-III.NFO,30/01/2025,09:49:40,23504.35,23500,225,23505.8,225,0,704625
NIFTY-III.NFO,30/01/2025,09:49:41,23504.35,23500,225,23504.8,225,0,704625
NIFTY-III.NFO,30/01/2025,09:49:43,23504.8,23500,225,23505.55,525,75,704625
NIFTY-III.NFO,30/01/2025,09:49:45,23504.8,23500,225,23505.65,375,0,704625
NIFTY-III.NFO,30/01/2025,09:49:46,23504.8,23500,225,23505.25,225,0,704625
NIFTY-III.NFO,30/01/2025,09:49:48,23500,23500,150,23505.1,525,75,704625
NIFTY-III.NFO,30/01/2025,09:49:50,23500,23500,150,23505.45,375,0,704625
NIFTY-III.NFO,30/01/2025,09:49:51,23505.45,23500,150,23505.5,75,300,704625
NIFTY-III.NFO,30/01/2025,09:49:53,23505.05,23500,225,23505.1,300,75,704625
NIFTY-III.NFO,30/01/2025,09:49:55,23500,23500,75,23505.9,300,150,704625
NIFTY-III.NFO,30/01/2025,09:49:56,23500,23500,75,23505.7,75,0,704625
NIFTY-III.NFO,30/01/2025,09:49:58,23500,23497.4,75,23500,75,75,704625
NIFTY-III.NFO,30/01/2025,09:50:00,23500,23493,75,23499.7,75,75,704625
NIFTY-III.NFO,30/01/2025,09:50:01,23500,23493,75,23499.3,75,0,704625
NIFTY-III.NFO,30/01/2025,09:50:03,23500,23493,75,23499.05,75,0,704625
NIFTY-III.NFO,30/01/2025,09:50:05,23500,23493.1,150,23500,150,0,704625
NIFTY-III.NFO,30/01/2025,09:50:06,23499.65,23493,75,23499.85,375,300,704625
NIFTY-III.NFO,30/01/2025,09:50:08,23499.65,23493.8,150,23500,150,0,704625
NIFTY-III.NFO,30/01/2025,09:50:10,23493.35,23494.45,225,23500,150,150,704625
NIFTY-III.NFO,30/01/2025,09:50:11,23493.35,23493.05,150,23498,150,0,704625
NIFTY-III.NFO,30/01/2025,09:50:13,23493.35,23495.55,300,23498,150,0,704625
NIFTY-III.NFO,30/01/2025,09:50:15,23493.35,23493.15,225,23498,150,0,704625
NIFTY-III.NFO,30/01/2025,09:50:18,23493.35,23493.05,225,23498,150,0,704625
NIFTY-III.NFO,30/01/2025,09:50:20,23493.35,23493.85,225,23498,150,0,704625
NIFTY-III.NFO,30/01/2025,09:50:21,23493.35,23495.05,150,23498,150,0,704625
NIFTY-III.NFO,30/01/2025,09:50:23,23495.25,23495.75,75,23498,150,150,704625
NIFTY-III.NFO,30/01/2025,09:50:25,23498,23496.9,150,23500,150,150,704625
NIFTY-III.NFO,30/01/2025,09:50:26,23498,23496.55,150,23500,150,0,704625
NIFTY-III.NFO,30/01/2025,09:50:28,23498,23496.95,75,23500,225,0,704625
NIFTY-III.NFO,30/01/2025,09:50:30,23498,23497.75,75,23500,75,150,704625
NIFTY-III.NFO,30/01/2025,09:50:31,23498,23496,75,23500,75,0,704625
NIFTY-III.NFO,30/01/2025,09:50:33,23498,23497.1,300,23500,75,0,704625
NIFTY-III.NFO,30/01/2025,09:50:35,23498,23496.7,150,23500,75,0,704625
NIFTY-III.NFO,30/01/2025,09:50:36,23498,23495.8,150,23500,75,0,704625
NIFTY-III.NFO,30/01/2025,09:50:38,23498,23497.15,300,23500,75,0,704625
NIFTY-III.NFO,30/01/2025,09:50:40,23498,23496.5,150,23500,75,0,704625
NIFTY-III.NFO,30/01/2025,09:50:41,23498,23495.05,75,23500,75,0,704625
NIFTY-III.NFO,30/01/2025,09:50:43,23498,23495.4,75,23500,75,0,704625
NIFTY-III.NFO,30/01/2025,09:50:45,23496.15,23495.05,150,23500,75,75,704625
NIFTY-III.NFO,30/01/2025,09:50:46,23500,23495.25,225,23504.45,225,75,704625
NIFTY-III.NFO,30/01/2025,09:50:48,23500,23495.3,150,23504.45,150,0,704625
NIFTY-III.NFO,30/01/2025,09:50:50,23500,23495.25,225,23504.45,225,0,704625
NIFTY-III.NFO,30/01/2025,09:50:51,23500,23495,75,23504.45,225,0,704625
NIFTY-III.NFO,30/01/2025,09:50:53,23500,23495.6,150,23504.5,75,0,704625
NIFTY-III.NFO,30/01/2025,09:50:55,23500,23497.3,150,23504.5,75,0,704625
NIFTY-III.NFO,30/01/2025,09:50:57,23500,23497.4,150,23504.5,75,0,704625
NIFTY-III.NFO,30/01/2025,09:50:58,23500,23497.55,225,23504.5,75,0,704625
NIFTY-III.NFO,30/01/2025,09:51:00,23500,23497.6,150,23507.05,225,0,704625
NIFTY-III.NFO,30/01/2025,09:51:02,23500,23498.2,75,23507.05,225,0,704625
NIFTY-III.NFO,30/01/2025,09:51:03,23500,23497.25,150,23507.05,225,0,704625
NIFTY-III.NFO,30/01/2025,09:51:05,23500,23497.05,225,23507.05,225,0,704625
NIFTY-III.NFO,30/01/2025,09:51:07,23500,23497.55,150,23507.05,225,0,704625
NIFTY-III.NFO,30/01/2025,09:51:08,23497.55,23497.1,150,23507.05,225,75,704625
NIFTY-III.NFO,30/01/2025,09:51:10,23497.55,23496.75,75,23507.05,225,0,704625
NIFTY-III.NFO,30/01/2025,09:51:12,23497.55,23496.8,225,23506.9,150,0,704625
NIFTY-III.NFO,30/01/2025,09:51:13,23497.55,23497.6,225,23506.95,225,0,704625
NIFTY-III.NFO,30/01/2025,09:51:17,23507.05,23500.4,225,23507.05,150,75,704625
NIFTY-III.NFO,30/01/2025,09:51:18,23507.05,23501.85,150,23508.8,75,0,704625
NIFTY-III.NFO,30/01/2025,09:51:20,23507.05,23501.8,75,23510.6,225,0,704625
NIFTY-III.NFO,30/01/2025,09:51:22,23507.05,23504.2,75,23510.65,75,0,704625
NIFTY-III.NFO,30/01/2025,09:51:23,23507.05,23503.6,75,23510.6,150,0,704625
NIFTY-III.NFO,30/01/2025,09:51:25,23507.05,23502.4,75,23510.6,150,0,704625
NIFTY-III.NFO,30/01/2025,09:51:27,23507.05,23501.5,225,23509.65,150,0,704625
NIFTY-III.NFO,30/01/2025,09:51:28,23507.05,23501.55,150,23510.3,225,0,704625
NIFTY-III.NFO,30/01/2025,09:51:30,23507.05,23502,75,23510.3,225,0,704625
NIFTY-III.NFO,30/01/2025,09:51:32,23507.05,23501.25,150,23510.6,225,0,704625
NIFTY-III.NFO,30/01/2025,09:51:33,23507.05,23505,75,23509.85,150,0,704625
NIFTY-III.NFO,30/01/2025,09:51:37,23507.05,23505,75,23509.85,225,0,704625
NIFTY-III.NFO,30/01/2025,09:51:38,23507.05,23505,75,23509.85,150,0,704625
NIFTY-III.NFO,30/01/2025,09:51:40,23507.05,23505,75,23509.85,225,0,704625
NIFTY-III.NFO,30/01/2025,09:51:43,23507.05,23505,75,23509.85,150,0,704625
NIFTY-III.NFO,30/01/2025,09:51:45,23507.05,23505,75,23509.95,150,0,704625
NIFTY-III.NFO,30/01/2025,09:51:47,23507.05,23508,75,23510,75,0,704625
NIFTY-III.NFO,30/01/2025,09:51:52,23508,23505,75,23509.85,225,75,704625
NIFTY-III.NFO,30/01/2025,09:51:53,23508,23505,75,23509.85,150,0,704625
NIFTY-III.NFO,30/01/2025,09:51:55,23508,23505,75,23510,75,0,704625
NIFTY-III.NFO,30/01/2025,09:51:57,23508,23508,75,23510,75,0,704625
NIFTY-III.NFO,30/01/2025,09:52:00,23508,23508.05,75,23510,75,0,704625
NIFTY-III.NFO,30/01/2025,09:52:02,23508,23508,75,23510,75,0,704625
NIFTY-III.NFO,30/01/2025,09:52:05,23510,23508.05,75,23513,75,75,705825
NIFTY-III.NFO,30/01/2025,09:52:07,23510,23508,75,23513,75,0,705825
NIFTY-III.NFO,30/01/2025,09:52:08,23510,23508.05,75,23513,75,0,705825
NIFTY-III.NFO,30/01/2025,09:52:10,23513,23508.15,75,23514.85,150,75,705825
NIFTY-III.NFO,30/01/2025,09:52:12,23513,23509.55,300,23515,600,0,705825
NIFTY-III.NFO,30/01/2025,09:52:13,23509.55,23511.1,225,23515,600,75,705825
NIFTY-III.NFO,30/01/2025,09:52:15,23516,23513.65,225,23516,375,675,705825
NIFTY-III.NFO,30/01/2025,09:52:17,23516,23516.5,150,23518,75,375,705825
NIFTY-III.NFO,30/01/2025,09:52:18,23518,23518.35,150,23520,225,75,705825
NIFTY-III.NFO,30/01/2025,09:52:20,23518,23513.55,225,23520,225,0,705825
NIFTY-III.NFO,30/01/2025,09:52:22,23520,23509.9,150,23519.6,225,75,705825
NIFTY-III.NFO,30/01/2025,09:52:22,23520,23509.9,150,23519.6,225,0,705825
NIFTY-III.NFO,30/01/2025,09:52:23,23520,23514.65,225,23520,150,0,705825
NIFTY-III.NFO,30/01/2025,09:52:25,23520,23515.05,150,23520,150,0,705825
NIFTY-III.NFO,30/01/2025,09:52:27,23520,23513.6,150,23519.95,75,0,705825
NIFTY-III.NFO,30/01/2025,09:52:28,23519.9,23510.85,150,23519.15,225,150,705825
NIFTY-III.NFO,30/01/2025,09:52:30,23519.9,23509.65,225,23518.75,225,0,705825
NIFTY-III.NFO,30/01/2025,09:52:32,23509.65,23510.55,225,23519.9,150,150,705825
NIFTY-III.NFO,30/01/2025,09:52:33,23509.65,23512.7,225,23519.9,150,0,705825
NIFTY-III.NFO,30/01/2025,09:52:35,23512.7,23515,75,23519.9,150,150,705825
NIFTY-III.NFO,30/01/2025,09:52:37,23512.7,23515,75,23519.9,150,0,705825
NIFTY-III.NFO,30/01/2025,09:52:43,23512.7,23515,225,23519.95,150,0,705825
NIFTY-III.NFO,30/01/2025,09:52:52,23512.7,23515,225,23519.85,225,0,705825
NIFTY-III.NFO,30/01/2025,09:52:53,23512.7,23515,225,23519.55,225,0,705825
NIFTY-III.NFO,30/01/2025,09:52:55,23512.7,23515,225,23520,225,0,705825
NIFTY-III.NFO,30/01/2025,09:52:57,23512.7,23515,225,23519.85,150,0,705825
NIFTY-III.NFO,30/01/2025,09:52:58,23512.7,23515,225,23519.6,150,0,705825
NIFTY-III.NFO,30/01/2025,09:53:00,23512.7,23515,225,23519.85,225,0,705825
NIFTY-III.NFO,30/01/2025,09:53:02,23519.9,23515.05,300,23520,225,225,705825
NIFTY-III.NFO,30/01/2025,09:53:03,23519.9,23515.15,150,23520,225,0,705825
NIFTY-III.NFO,30/01/2025,09:53:05,23515.05,23515.15,225,23520,225,75,705825
NIFTY-III.NFO,30/01/2025,09:53:07,23518,23516.1,150,23520,225,75,705825
NIFTY-III.NFO,30/01/2025,09:53:08,23518,23515.55,225,23518,150,0,705825
NIFTY-III.NFO,30/01/2025,09:53:12,23518,23515.05,75,23518,150,0,705825
NIFTY-III.NFO,30/01/2025,09:53:13,23518,23515,150,23518,150,0,705825
NIFTY-III.NFO,30/01/2025,09:53:15,23515,23513.4,225,23518,150,150,705825
NIFTY-III.NFO,30/01/2025,09:53:17,23515,23512.2,300,23518,150,0,705825
NIFTY-III.NFO,30/01/2025,09:53:20,23515,23512.2,150,23518,150,0,705825
NIFTY-III.NFO,30/01/2025,09:53:22,23515,23512.3,225,23518,150,0,705825
NIFTY-III.NFO,30/01/2025,09:53:23,23515,23513.8,225,23518,150,0,705825
NIFTY-III.NFO,30/01/2025,09:53:25,23515,23514.2,225,23518,150,0,705825
NIFTY-III.NFO,30/01/2025,09:53:27,23515,23512.2,300,23518,150,0,705825
NIFTY-III.NFO,30/01/2025,09:53:28,23515,23512.6,300,23518,150,0,705825
NIFTY-III.NFO,30/01/2025,09:53:30,23515,23515,75,23518,150,0,705825
NIFTY-III.NFO,30/01/2025,09:53:34,23515,23515,225,23517.95,150,0,705825
NIFTY-III.NFO,30/01/2025,09:53:35,23515,23515,225,23517.75,150,0,705825
NIFTY-III.NFO,30/01/2025,09:53:37,23515,23515,75,23516.45,150,150,705825
NIFTY-III.NFO,30/01/2025,09:53:39,23515,23515,75,23517.7,150,0,705825
NIFTY-III.NFO,30/01/2025,09:53:40,23515,23511.05,225,23517.7,150,75,705825
NIFTY-III.NFO,30/01/2025,09:53:42,23515,23514.45,300,23518,150,0,705825
NIFTY-III.NFO,30/01/2025,09:53:44,23515,23513.65,450,23518,150,0,705825
