Ticker,Date,Time,LTP,BuyPrice,BuyQty,SellPrice,SellQty,LTQ,OpenInterest
BANKNIFTY-I.NFO,27/12/2024,09:15:00,51601.6,51520,90,51599.95,60,300,0
BANKNIFTY-I.NFO,27/12/2024,09:15:00,51601.6,51520,90,51599.95,60,0,0
BANKNIFTY-I.NFO,27/12/2024,09:15:00,51601.6,51520,90,51599.95,60,0,0
BANKNIFTY-I.NFO,27/12/2024,09:15:00,51520,51520,90,51599.95,60,0,0
BANKNIFTY-I.NFO,27/12/2024,09:15:01,51669.6,51629,30,51654.85,30,3630,2153670
BANKNIFTY-I.NFO,27/12/2024,09:15:01,51779.05,51629,30,51654.85,30,0,2153670
BANKNIFTY-I.NFO,27/12/2024,09:15:02,51680,51661.4,45,51698,90,990,2153670
BANKNIFTY-I.NFO,27/12/2024,09:15:04,51680.05,51680.05,30,51720.5,30,990,2153670
BANKNIFTY-I.NFO,27/12/2024,09:15:06,51690.2,51690.3,15,51700,15,195,2153670
BANKNIFTY-I.NFO,27/12/2024,09:15:07,51680.05,51672.95,15,51697.9,45,480,2153670
BANKNIFTY-I.NFO,27/12/2024,09:15:09,51672.6,51670.5,60,51691.55,45,435,2153670
BANKNIFTY-I.NFO,27/12/2024,09:15:11,51707.5,51682.9,60,51709,60,150,2153670
BANKNIFTY-I.NFO,27/12/2024,09:15:12,51700,51686.3,375,51709.95,60,1545,2153670
BANKNIFTY-I.NFO,27/12/2024,09:15:14,51700,51696.35,30,51718.95,60,645,2153670
BANKNIFTY-I.NFO,27/12/2024,09:15:16,51721.1,51721.1,60,51734.95,30,540,2153475
BANKNIFTY-I.NFO,27/12/2024,09:15:17,51725.8,51724.7,15,51748.95,60,1305,2153475
BANKNIFTY-I.NFO,27/12/2024,09:15:19,51723.85,51731.4,15,51748.95,75,345,2153475
BANKNIFTY-I.NFO,27/12/2024,09:15:20,51725,51724.75,15,51740.25,60,495,2153475
BANKNIFTY-I.NFO,27/12/2024,09:15:22,51710.05,51709.95,45,51724.65,60,240,2153475
BANKNIFTY-I.NFO,27/12/2024,09:15:24,51724.65,51706.1,30,51724.65,60,585,2153475
BANKNIFTY-I.NFO,27/12/2024,09:15:25,51710.45,51710.4,15,51721.1,30,90,2153475
BANKNIFTY-I.NFO,27/12/2024,09:15:27,51709.45,51709.05,30,51720,15,720,2153475
BANKNIFTY-I.NFO,27/12/2024,09:15:29,51708.65,51707.75,15,51721.1,45,135,2153475
BANKNIFTY-I.NFO,27/12/2024,09:15:30,51721.1,51708.95,15,51721.1,15,210,2153475
BANKNIFTY-I.NFO,27/12/2024,09:15:32,51710.55,51708.45,15,51720,15,105,2153475
BANKNIFTY-I.NFO,27/12/2024,09:15:34,51707.55,51707.8,15,51720,15,150,2153475
BANKNIFTY-I.NFO,27/12/2024,09:15:35,51708.35,51706.15,60,51720,60,195,2153475
BANKNIFTY-I.NFO,27/12/2024,09:15:37,51719.65,51701.05,45,51719.65,60,375,2153475
BANKNIFTY-I.NFO,27/12/2024,09:15:38,51701,51700,60,51719.95,60,345,2153475
BANKNIFTY-I.NFO,27/12/2024,09:15:40,51700.05,51700.05,60,51719.95,60,1020,2153475
BANKNIFTY-I.NFO,27/12/2024,09:15:42,51701.2,51701.2,60,51718.25,60,315,2153475
BANKNIFTY-I.NFO,27/12/2024,09:15:43,51694.8,51701.95,15,51718.85,60,375,2153475
BANKNIFTY-I.NFO,27/12/2024,09:15:45,51694.75,51694.75,30,51700.05,15,135,2153475
BANKNIFTY-I.NFO,27/12/2024,09:15:46,51701.2,51700,15,51715.6,60,270,2153475
BANKNIFTY-I.NFO,27/12/2024,09:15:48,51713.25,51694.25,45,51713.25,60,195,2153475
BANKNIFTY-I.NFO,27/12/2024,09:15:50,51715,51694.45,60,51714.45,60,630,2153475
BANKNIFTY-I.NFO,27/12/2024,09:15:51,51693,51693,30,51713.4,60,630,2153475
BANKNIFTY-I.NFO,27/12/2024,09:15:53,51714.2,51701.4,15,51714.1,60,570,2153475
BANKNIFTY-I.NFO,27/12/2024,09:15:55,51715,51694.2,150,51716.05,75,270,2153475
BANKNIFTY-I.NFO,27/12/2024,09:15:56,51701.25,51703.2,15,51715,105,285,2153475
BANKNIFTY-I.NFO,27/12/2024,09:15:58,51705.8,51705.95,15,51720,180,255,2153475
BANKNIFTY-I.NFO,27/12/2024,09:16:00,51704.5,51707.55,30,51720,210,345,2153475
BANKNIFTY-I.NFO,27/12/2024,09:16:01,51741,51731.95,15,51743,30,2250,2153475
BANKNIFTY-I.NFO,27/12/2024,09:16:03,51772.35,51751.55,45,51772.35,120,2805,2153475
BANKNIFTY-I.NFO,27/12/2024,09:16:04,51753.35,51753.35,135,51774.95,45,765,2153475
BANKNIFTY-I.NFO,27/12/2024,09:16:06,51795,51771.25,120,51796.05,120,2760,2153475
BANKNIFTY-I.NFO,27/12/2024,09:16:06,51795.95,51771.25,120,51796.05,120,0,2153475
BANKNIFTY-I.NFO,27/12/2024,09:16:08,51781.55,51781.55,105,51796,15,1620,2153475
BANKNIFTY-I.NFO,27/12/2024,09:16:08,51809.7,51781.55,105,51796,15,0,2153475
BANKNIFTY-I.NFO,27/12/2024,09:16:09,51819.95,51800.7,120,51819.95,135,1680,2153475
BANKNIFTY-I.NFO,27/12/2024,09:16:09,51819.95,51800.7,120,51819.95,135,0,2153475
BANKNIFTY-I.NFO,27/12/2024,09:16:11,51800.85,51800.8,15,51819.8,120,420,2153475
BANKNIFTY-I.NFO,27/12/2024,09:16:13,51793.95,51794.05,45,51817,135,525,2153475
BANKNIFTY-I.NFO,27/12/2024,09:16:14,51802.3,51802.9,120,51819,15,1380,2153475
BANKNIFTY-I.NFO,27/12/2024,09:16:14,51820,51802.9,120,51819,15,0,2153475
BANKNIFTY-I.NFO,27/12/2024,09:16:16,51803.05,51803,15,51822.95,120,750,2153475
BANKNIFTY-I.NFO,27/12/2024,09:16:16,51822.95,51803,15,51822.95,120,0,2153475
BANKNIFTY-I.NFO,27/12/2024,09:16:18,51813.2,51803,15,51819.95,120,675,2153475
BANKNIFTY-I.NFO,27/12/2024,09:16:19,51820,51803.35,375,51813.2,15,510,2153475
BANKNIFTY-I.NFO,27/12/2024,09:16:21,51807.3,51807,15,51823,105,975,2153475
BANKNIFTY-I.NFO,27/12/2024,09:16:21,51823,51807,15,51823,105,0,2153475
BANKNIFTY-I.NFO,27/12/2024,09:16:22,51808.7,51807.9,15,51819,30,315,2153475
BANKNIFTY-I.NFO,27/12/2024,09:16:24,51819,51811.05,15,51823,15,555,2153475
BANKNIFTY-I.NFO,27/12/2024,09:16:26,51808.15,51808.55,375,51820,105,1125,2153475
BANKNIFTY-I.NFO,27/12/2024,09:16:27,51820,51813.35,75,51821.55,15,570,2153475
BANKNIFTY-I.NFO,27/12/2024,09:16:29,51819,51813.4,60,51819,15,585,2153475
BANKNIFTY-I.NFO,27/12/2024,09:16:29,51825,51813.4,60,51819,15,0,2153475
BANKNIFTY-I.NFO,27/12/2024,09:16:31,51813.45,51813.45,60,51819,15,270,2153475
BANKNIFTY-I.NFO,27/12/2024,09:16:32,51819.95,51802.95,30,51819.95,120,375,2153475
BANKNIFTY-I.NFO,27/12/2024,09:16:34,51803.5,51802.95,15,51813.45,15,165,2153475
BANKNIFTY-I.NFO,27/12/2024,09:16:36,51800.15,51781.95,15,51805.1,120,225,2153475
BANKNIFTY-I.NFO,27/12/2024,09:16:37,51760.05,51761.4,15,51766.05,15,420,2153475
BANKNIFTY-I.NFO,27/12/2024,09:16:39,51781.6,51761.6,75,51782,135,30,2153475
BANKNIFTY-I.NFO,27/12/2024,09:16:41,51786.85,51786.8,15,51802.9,120,210,2153475
BANKNIFTY-I.NFO,27/12/2024,09:16:42,51800,51795.75,45,51803.5,15,165,2153475
BANKNIFTY-I.NFO,27/12/2024,09:16:44,51800,51795.95,60,51800,165,285,2153475
BANKNIFTY-I.NFO,27/12/2024,09:16:45,51795.95,51796,60,51800,195,195,2153475
BANKNIFTY-I.NFO,27/12/2024,09:16:47,51798.35,51798.35,15,51800,75,210,2153475
BANKNIFTY-I.NFO,27/12/2024,09:16:49,51813.45,51805.7,15,51813.45,480,1635,2153475
BANKNIFTY-I.NFO,27/12/2024,09:16:50,51813.45,51805.7,30,51813.45,405,240,2153475
BANKNIFTY-I.NFO,27/12/2024,09:16:52,51813.45,51798.15,15,51800,45,120,2153475
BANKNIFTY-I.NFO,27/12/2024,09:16:54,51797.55,51798.2,45,51800,30,105,2153475
BANKNIFTY-I.NFO,27/12/2024,09:16:55,51798.35,51800.6,15,51807.05,15,435,2153475
BANKNIFTY-I.NFO,27/12/2024,09:16:57,51796.85,51800.6,45,51810,45,345,2153475
BANKNIFTY-I.NFO,27/12/2024,09:16:59,51800.6,51792.4,15,51800,30,45,2153475
BANKNIFTY-I.NFO,27/12/2024,09:17:00,51788.3,51792.4,30,51799.95,120,90,2153475
BANKNIFTY-I.NFO,27/12/2024,09:17:02,51785.05,51792.4,30,51798.35,15,135,2153475
BANKNIFTY-I.NFO,27/12/2024,09:17:04,51793.6,51792.5,240,51807,15,450,2153475
BANKNIFTY-I.NFO,27/12/2024,09:17:05,51792.55,51792.55,30,51797.55,15,285,2153475
BANKNIFTY-I.NFO,27/12/2024,09:17:07,51808.95,51792.55,45,51800.6,15,90,2153475
BANKNIFTY-I.NFO,27/12/2024,09:17:09,51790.15,51790,30,51798.5,30,180,2153475
BANKNIFTY-I.NFO,27/12/2024,09:17:10,51791.2,51790.45,15,51800,45,45,2153475
BANKNIFTY-I.NFO,27/12/2024,09:17:12,51800,51792.3,15,51800,30,120,2153475
BANKNIFTY-I.NFO,27/12/2024,09:17:14,51789.25,51791.2,15,51800,30,180,2153475
BANKNIFTY-I.NFO,27/12/2024,09:17:15,51791.05,51790.85,15,51800,75,225,2153475
BANKNIFTY-I.NFO,27/12/2024,09:17:17,51798.5,51791.6,15,51798.5,15,90,2153475
BANKNIFTY-I.NFO,27/12/2024,09:17:18,51798.5,51791.65,15,51800,1005,375,2153475
BANKNIFTY-I.NFO,27/12/2024,09:17:20,51787.15,51786.7,120,51792,60,195,2153475
BANKNIFTY-I.NFO,27/12/2024,09:17:22,51792,51790.85,15,51792,45,315,2153475
BANKNIFTY-I.NFO,27/12/2024,09:17:23,51790,51789.85,15,51790,45,150,2153475
BANKNIFTY-I.NFO,27/12/2024,09:17:25,51795.1,51796.1,15,51798,105,435,2153475
BANKNIFTY-I.NFO,27/12/2024,09:17:27,51798,51798,15,51798.5,270,180,2153475
BANKNIFTY-I.NFO,27/12/2024,09:17:28,51794.8,51791.15,30,51794.8,210,285,2153475
BANKNIFTY-I.NFO,27/12/2024,09:17:30,51794.8,51791.15,15,51794.8,150,375,2153475
BANKNIFTY-I.NFO,27/12/2024,09:17:32,51785.75,51785.2,15,51794.8,135,465,2153475
BANKNIFTY-I.NFO,27/12/2024,09:17:33,51795,51794.8,15,51796,45,345,2153475
BANKNIFTY-I.NFO,27/12/2024,09:17:35,51794.8,51782.6,120,51794.8,15,1125,2153475
BANKNIFTY-I.NFO,27/12/2024,09:17:37,51792,51782.65,15,51794.8,15,15,2153475
BANKNIFTY-I.NFO,27/12/2024,09:17:38,51785.75,51785.75,15,51794.8,15,360,2153475
BANKNIFTY-I.NFO,27/12/2024,09:17:40,51794.8,51792,15,51798.4,120,15,2153475
BANKNIFTY-I.NFO,27/12/2024,09:17:42,51792,51792,15,51796,15,120,2153475
BANKNIFTY-I.NFO,27/12/2024,09:17:43,51798.45,51785.85,90,51798.45,60,150,2153475
BANKNIFTY-I.NFO,27/12/2024,09:17:45,51794.8,51792,15,51798.45,45,540,2153475
BANKNIFTY-I.NFO,27/12/2024,09:17:47,51792,51792,15,51794.8,30,270,2153475
BANKNIFTY-I.NFO,27/12/2024,09:17:48,51783.6,51784.35,135,51798.45,15,255,2153475
BANKNIFTY-I.NFO,27/12/2024,09:17:50,51795,51795,30,51798,60,45,2153475
BANKNIFTY-I.NFO,27/12/2024,09:17:52,51783.75,51786,150,51794.8,15,135,2153475
BANKNIFTY-I.NFO,27/12/2024,09:17:53,51795,51786,105,51797.95,120,135,2153475
BANKNIFTY-I.NFO,27/12/2024,09:17:55,51786,51786,30,51796.95,120,405,2153475
BANKNIFTY-I.NFO,27/12/2024,09:17:57,51792,51779.3,15,51795.95,135,315,2153475
BANKNIFTY-I.NFO,27/12/2024,09:17:58,51794.75,51779.3,45,51790,15,15,2153475
BANKNIFTY-I.NFO,27/12/2024,09:18:00,51786,51779.35,15,51794.75,120,75,2153475
BANKNIFTY-I.NFO,27/12/2024,09:18:01,51779.95,51779.35,90,51790,60,75,2153475
BANKNIFTY-I.NFO,27/12/2024,09:18:03,51790,51780,30,51794.75,135,150,2153475
BANKNIFTY-I.NFO,27/12/2024,09:18:05,51780,51780,15,51793.95,120,210,2153475
BANKNIFTY-I.NFO,27/12/2024,09:18:06,51780.1,51778.85,15,51793.95,120,45,2153475
BANKNIFTY-I.NFO,27/12/2024,09:18:08,51780,51780,15,51793.85,120,30,2153475
BANKNIFTY-I.NFO,27/12/2024,09:18:10,51792,51780,30,51793.85,120,45,2153475
BANKNIFTY-I.NFO,27/12/2024,09:18:11,51780,51780,15,51793.85,135,45,2153475
BANKNIFTY-I.NFO,27/12/2024,09:18:13,51765,51760.3,15,51779.2,90,315,2153475
BANKNIFTY-I.NFO,27/12/2024,09:18:15,51764.8,51764.8,30,51770.9,60,135,2153475
BANKNIFTY-I.NFO,27/12/2024,09:18:16,51750.05,51750,150,51768,30,315,2153475
BANKNIFTY-I.NFO,27/12/2024,09:18:18,51768,51756.4,15,51769.95,15,15,2143860
BANKNIFTY-I.NFO,27/12/2024,09:18:20,51769.35,51774.15,15,51785,225,525,2143860
BANKNIFTY-I.NFO,27/12/2024,09:18:21,51774.3,51774.25,60,51788.2,90,300,2143860
BANKNIFTY-I.NFO,27/12/2024,09:18:23,51784.35,51776.45,60,51789.05,270,45,2143860
BANKNIFTY-I.NFO,27/12/2024,09:18:25,51780,51778.3,45,51788.25,45,360,2143860
BANKNIFTY-I.NFO,27/12/2024,09:18:26,51778.3,51785.3,15,51788.25,15,135,2143860
BANKNIFTY-I.NFO,27/12/2024,09:18:28,51790,51785.3,120,51790,360,90,2143860
BANKNIFTY-I.NFO,27/12/2024,09:18:29,51785.8,51785.3,150,51789.95,75,15,2143860
BANKNIFTY-I.NFO,27/12/2024,09:18:31,51785.3,51785.3,150,51790,30,720,2143860
BANKNIFTY-I.NFO,27/12/2024,09:18:33,51793.65,51786.15,30,51793.7,15,75,2143860
BANKNIFTY-I.NFO,27/12/2024,09:18:34,51790,51787.1,30,51794,105,180,2143860
BANKNIFTY-I.NFO,27/12/2024,09:18:36,51787.1,51788.25,30,51793.95,300,360,2143860
BANKNIFTY-I.NFO,27/12/2024,09:18:38,51794,51788.8,15,51794,15,165,2143860
BANKNIFTY-I.NFO,27/12/2024,09:18:39,51790.65,51791.1,15,51794.8,30,75,2143860
BANKNIFTY-I.NFO,27/12/2024,09:18:41,51793,51793.2,15,51800,15,3525,2143860
BANKNIFTY-I.NFO,27/12/2024,09:18:43,51801,51793.7,30,51802.45,300,120,2143860
BANKNIFTY-I.NFO,27/12/2024,09:18:44,51794.05,51793.7,330,51803,30,15,2143860
BANKNIFTY-I.NFO,27/12/2024,09:18:46,51794,51800.95,150,51803,30,270,2143860
BANKNIFTY-I.NFO,27/12/2024,09:18:48,51800.95,51800.95,570,51803,15,135,2143860
BANKNIFTY-I.NFO,27/12/2024,09:18:49,51801,51801,105,51804,60,285,2143860
BANKNIFTY-I.NFO,27/12/2024,09:18:51,51804,51801,75,51804,15,420,2143860
BANKNIFTY-I.NFO,27/12/2024,09:18:53,51797.4,51801,30,51805,270,615,2143860
BANKNIFTY-I.NFO,27/12/2024,09:18:54,51805.2,51801.05,30,51807,15,345,2143860
BANKNIFTY-I.NFO,27/12/2024,09:18:56,51800,51799.8,15,51805,60,255,2143860
BANKNIFTY-I.NFO,27/12/2024,09:18:58,51797.35,51798.45,15,51801,15,15,2143860
BANKNIFTY-I.NFO,27/12/2024,09:18:59,51801,51798.45,30,51804,195,30,2143860
BANKNIFTY-I.NFO,27/12/2024,09:19:01,51801.05,51802.2,300,51804,180,435,2143860
BANKNIFTY-I.NFO,27/12/2024,09:19:03,51805,51804.05,75,51805,120,255,2143860
BANKNIFTY-I.NFO,27/12/2024,09:19:04,51804.6,51804.7,375,51812,120,1335,2143860
BANKNIFTY-I.NFO,27/12/2024,09:19:06,51810.3,51807.65,375,51810.3,15,150,2143860
BANKNIFTY-I.NFO,27/12/2024,09:19:08,51810.3,51809.6,45,51812,90,120,2143860
BANKNIFTY-I.NFO,27/12/2024,09:19:09,51812,51812,600,51813.45,195,375,2143860
BANKNIFTY-I.NFO,27/12/2024,09:19:11,51812,51812,555,51813.45,75,285,2143860
BANKNIFTY-I.NFO,27/12/2024,09:19:12,51812,51812,540,51813.45,75,15,2143860
BANKNIFTY-I.NFO,27/12/2024,09:19:14,51812,51812,300,51813.45,60,270,2143860
BANKNIFTY-I.NFO,27/12/2024,09:19:16,51812.05,51812,300,51813.45,60,30,2143860
BANKNIFTY-I.NFO,27/12/2024,09:19:17,51807.65,51806.5,15,51807.65,765,390,2143860
BANKNIFTY-I.NFO,27/12/2024,09:19:19,51805,51805.35,15,51807.65,750,75,2143860
BANKNIFTY-I.NFO,27/12/2024,09:19:21,51804.25,51803.9,30,51806.5,30,60,2143860
BANKNIFTY-I.NFO,27/12/2024,09:19:22,51813.5,51813.5,75,51814,15,1845,2143860
BANKNIFTY-I.NFO,27/12/2024,09:19:24,51805,51803.45,30,51805,765,240,2143860
BANKNIFTY-I.NFO,27/12/2024,09:19:26,51802.3,51800.2,30,51802.3,15,105,2143860
BANKNIFTY-I.NFO,27/12/2024,09:19:27,51802,51800.25,30,51804.95,15,75,2143860
BANKNIFTY-I.NFO,27/12/2024,09:19:29,51796.65,51796.65,15,51804.55,30,75,2143860
BANKNIFTY-I.NFO,27/12/2024,09:19:31,51800.3,51791.3,300,51803.4,15,150,2143860
BANKNIFTY-I.NFO,27/12/2024,09:19:32,51794.8,51796,15,51805,780,105,2143860
BANKNIFTY-I.NFO,27/12/2024,09:19:34,51800,51795.4,105,51800,15,60,2143860
BANKNIFTY-I.NFO,27/12/2024,09:19:35,51795.4,51792,15,51796.65,45,120,2143860
BANKNIFTY-I.NFO,27/12/2024,09:19:37,51792.05,51792.4,15,51796.65,30,60,2143860
BANKNIFTY-I.NFO,27/12/2024,09:19:39,51794,51792.65,15,51800.25,15,45,2143860
BANKNIFTY-I.NFO,27/12/2024,09:19:40,51802.3,51800,30,51802.3,60,60,2143860
BANKNIFTY-I.NFO,27/12/2024,09:19:42,51800,51800,120,51802.3,60,30,2143860
BANKNIFTY-I.NFO,27/12/2024,09:19:44,51802.3,51800,180,51802.3,45,30,2143860
BANKNIFTY-I.NFO,27/12/2024,09:19:45,51801.15,51800.05,60,51801.15,120,120,2143860
BANKNIFTY-I.NFO,27/12/2024,09:19:47,51800.05,51800.05,60,51802.3,45,105,2143860
BANKNIFTY-I.NFO,27/12/2024,09:19:49,51800.05,51800.05,45,51802.3,15,120,2143860
BANKNIFTY-I.NFO,27/12/2024,09:19:50,51800,51800,15,51800.05,225,390,2143860
BANKNIFTY-I.NFO,27/12/2024,09:19:52,51800,51793,30,51803.2,120,300,2143860
BANKNIFTY-I.NFO,27/12/2024,09:19:54,51802,51793,30,51804.9,120,105,2143860
BANKNIFTY-I.NFO,27/12/2024,09:19:55,51800,51793.7,15,51800,15,15,2143860
BANKNIFTY-I.NFO,27/12/2024,09:19:57,51793.75,51793.7,45,51800,15,15,2143860
BANKNIFTY-I.NFO,27/12/2024,09:19:58,51792.95,51791,15,51792.95,60,195,2143860
BANKNIFTY-I.NFO,27/12/2024,09:20:00,51798.1,51791,30,51798.1,900,255,2143860
BANKNIFTY-I.NFO,27/12/2024,09:20:02,51798.1,51791,15,51798.1,450,540,2143860
BANKNIFTY-I.NFO,27/12/2024,09:20:03,51795.45,51793.4,15,51795.45,90,915,2143860
BANKNIFTY-I.NFO,27/12/2024,09:20:05,51805,51801.8,375,51805,675,330,2143860
BANKNIFTY-I.NFO,27/12/2024,09:20:07,51801.9,51800,15,51805,465,240,2143860
BANKNIFTY-I.NFO,27/12/2024,09:20:08,51806.5,51805.45,30,51810.3,15,660,2143860
BANKNIFTY-I.NFO,27/12/2024,09:20:10,51807.9,51805.55,15,51807.9,210,255,2143860
BANKNIFTY-I.NFO,27/12/2024,09:20:11,51805.55,51805.6,15,51807.9,210,15,2143860
BANKNIFTY-I.NFO,27/12/2024,09:20:13,51807.9,51805.6,165,51807.9,45,180,2143860
BANKNIFTY-I.NFO,27/12/2024,09:20:15,51812,51800,255,51811.95,15,660,2143860
BANKNIFTY-I.NFO,27/12/2024,09:20:16,51800,51800,225,51811.95,15,90,2143860
BANKNIFTY-I.NFO,27/12/2024,09:20:18,51802.25,51805.75,675,51812,30,165,2143860
BANKNIFTY-I.NFO,27/12/2024,09:20:19,51812,51805.8,15,51812,15,300,2143860
BANKNIFTY-I.NFO,27/12/2024,09:20:21,51810.7,51810.7,195,51815,135,555,2143860
BANKNIFTY-I.NFO,27/12/2024,09:20:23,51817.95,51817.65,300,51823,735,1350,2143860
BANKNIFTY-I.NFO,27/12/2024,09:20:24,51823,51818.5,75,51823,180,555,2143860
BANKNIFTY-I.NFO,27/12/2024,09:20:26,51818.9,51820.75,375,51823,15,180,2143860
BANKNIFTY-I.NFO,27/12/2024,09:20:28,51840,51831,45,51840,75,2205,2143860
BANKNIFTY-I.NFO,27/12/2024,09:20:28,51840,51831,45,51840,75,0,2143860
BANKNIFTY-I.NFO,27/12/2024,09:20:29,51840,51831.05,15,51841,30,195,2143860
BANKNIFTY-I.NFO,27/12/2024,09:20:31,51831.05,51831.05,45,51841,30,75,2143860
BANKNIFTY-I.NFO,27/12/2024,09:20:33,51841,51840,255,51841,60,240,2143860
BANKNIFTY-I.NFO,27/12/2024,09:20:33,51841,51840,255,51841,60,0,2143860
BANKNIFTY-I.NFO,27/12/2024,09:20:34,51840,51831.85,15,51840,120,855,2143860
BANKNIFTY-I.NFO,27/12/2024,09:20:34,51841.05,51831.85,15,51840,120,0,2143860
BANKNIFTY-I.NFO,27/12/2024,09:20:36,51844.05,51844.05,15,51845,15,555,2143860
BANKNIFTY-I.NFO,27/12/2024,09:20:36,51845,51844.05,15,51845,15,0,2143860
BANKNIFTY-I.NFO,27/12/2024,09:20:38,51847.8,51844.1,15,51847.8,75,225,2143860
BANKNIFTY-I.NFO,27/12/2024,09:20:38,51847.8,51844.1,15,51847.8,75,0,2143860
BANKNIFTY-I.NFO,27/12/2024,09:20:39,51847.8,51844.15,30,51847.8,45,60,2143860
BANKNIFTY-I.NFO,27/12/2024,09:20:41,51847.8,51844.2,15,51849,375,165,2143860
BANKNIFTY-I.NFO,27/12/2024,09:20:41,51849,51844.2,15,51849,375,0,2143860
BANKNIFTY-I.NFO,27/12/2024,09:20:43,51849,51844.2,105,51849,60,240,2143860
BANKNIFTY-I.NFO,27/12/2024,09:20:44,51839.95,51831.85,15,51839.95,15,330,2143860
BANKNIFTY-I.NFO,27/12/2024,09:20:46,51829.4,51820.7,75,51833.4,45,450,2143860
BANKNIFTY-I.NFO,27/12/2024,09:20:48,51831.25,51820.7,15,51831.25,15,120,2143860
BANKNIFTY-I.NFO,27/12/2024,09:20:49,51831.85,51820.8,15,51833.4,90,435,2143860
BANKNIFTY-I.NFO,27/12/2024,09:20:51,51835.35,51820.9,75,51830.6,15,510,2143860
BANKNIFTY-I.NFO,27/12/2024,09:20:53,51831.85,51825.95,30,51840,15,225,2143860
BANKNIFTY-I.NFO,27/12/2024,09:20:54,51826,51826,60,51830,15,90,2143860
BANKNIFTY-I.NFO,27/12/2024,09:20:56,51826,51826.05,30,51841.45,15,1050,2143860
BANKNIFTY-I.NFO,27/12/2024,09:20:58,51840.2,51826.1,15,51841,165,240,2143860
BANKNIFTY-I.NFO,27/12/2024,09:20:59,51817.65,51826.2,105,51837.45,120,930,2143860
BANKNIFTY-I.NFO,27/12/2024,09:21:01,51826.2,51826.25,45,51839.95,60,255,2143860
BANKNIFTY-I.NFO,27/12/2024,09:21:03,51839.95,51826.25,30,51839.95,30,105,2143860
BANKNIFTY-I.NFO,27/12/2024,09:21:05,51826.25,51826.15,30,51827.6,15,120,2143860
BANKNIFTY-I.NFO,27/12/2024,09:21:06,51840,51828.3,135,51841,150,210,2143860
BANKNIFTY-I.NFO,27/12/2024,09:21:08,51844,51831.1,120,51844,30,270,2143860
BANKNIFTY-I.NFO,27/12/2024,09:21:10,51827.7,51827.5,105,51844.95,135,300,2143860
BANKNIFTY-I.NFO,27/12/2024,09:21:11,51841,51841.05,30,51845,90,105,2143860
BANKNIFTY-I.NFO,27/12/2024,09:21:13,51841.05,51841,30,51846.95,120,150,2143860
BANKNIFTY-I.NFO,27/12/2024,09:21:15,51838.4,51838.4,285,51847,30,150,2143860
BANKNIFTY-I.NFO,27/12/2024,09:21:16,51838.4,51838.4,210,51841,15,75,2143860
BANKNIFTY-I.NFO,27/12/2024,09:21:18,51838.4,51838.4,105,51847,30,135,2136465
BANKNIFTY-I.NFO,27/12/2024,09:21:20,51841.05,51838.4,105,51841.05,15,45,2136465
BANKNIFTY-I.NFO,27/12/2024,09:21:21,51838.4,51838.4,60,51846,15,105,2136465
BANKNIFTY-I.NFO,27/12/2024,09:21:23,51838.4,51838.4,60,51845,15,60,2136465
BANKNIFTY-I.NFO,27/12/2024,09:21:25,51838.45,51838.5,45,51841,30,15,2136465
BANKNIFTY-I.NFO,27/12/2024,09:21:26,51849.9,51838.5,45,51849.9,60,765,2136465
BANKNIFTY-I.NFO,27/12/2024,09:21:26,51849.9,51838.5,45,51849.9,60,0,2136465
BANKNIFTY-I.NFO,27/12/2024,09:21:28,51838.6,51838.6,75,51849.85,15,30,2136465
BANKNIFTY-I.NFO,27/12/2024,09:21:30,51849.95,51838.6,45,51850,1695,585,2136465
BANKNIFTY-I.NFO,27/12/2024,09:21:30,51849.95,51838.6,45,51850,1695,0,2136465
BANKNIFTY-I.NFO,27/12/2024,09:21:31,51836.45,51838.6,30,51849,60,195,2136465
BANKNIFTY-I.NFO,27/12/2024,09:21:33,51843.85,51843.85,15,51848.95,15,45,2136465
BANKNIFTY-I.NFO,27/12/2024,09:21:35,51843.85,51834.05,15,51846.75,120,135,2136465
BANKNIFTY-I.NFO,27/12/2024,09:21:36,51848,51835,15,51843.85,45,480,2136465
BANKNIFTY-I.NFO,27/12/2024,09:21:38,51836,51836,15,51848.6,15,180,2136465
BANKNIFTY-I.NFO,27/12/2024,09:21:40,51846.35,51830.55,120,51846.9,45,255,2136465
BANKNIFTY-I.NFO,27/12/2024,09:21:41,51830.6,51830.6,45,51844.7,15,15,2136465
BANKNIFTY-I.NFO,27/12/2024,09:21:43,51842,51830.6,15,51841,150,675,2136465
BANKNIFTY-I.NFO,27/12/2024,09:21:45,51830.55,51826.65,30,51830.55,465,45,2136465
BANKNIFTY-I.NFO,27/12/2024,09:21:46,51830,51826.65,30,51830.55,390,285,2136465
BANKNIFTY-I.NFO,27/12/2024,09:21:48,51826.65,51821,30,51825,390,135,2136465
BANKNIFTY-I.NFO,27/12/2024,09:21:50,51825,51821,75,51824.95,15,150,2136465
BANKNIFTY-I.NFO,27/12/2024,09:21:51,51821,51821,75,51829.3,90,330,2136465
BANKNIFTY-I.NFO,27/12/2024,09:21:53,51821,51825,30,51829.95,15,30,2136465
BANKNIFTY-I.NFO,27/12/2024,09:21:55,51833.55,51815.3,120,51826.15,15,270,2136465
BANKNIFTY-I.NFO,27/12/2024,09:21:56,51815.3,51813.85,120,51825.85,15,30,2136465
BANKNIFTY-I.NFO,27/12/2024,09:21:58,51815.3,51815.55,120,51823.05,15,15,2136465
BANKNIFTY-I.NFO,27/12/2024,09:22:00,51829.9,51823,120,51829.9,15,60,2136465
BANKNIFTY-I.NFO,27/12/2024,09:22:01,51835.25,51831.9,75,51843,15,150,2136465
BANKNIFTY-I.NFO,27/12/2024,09:22:03,51826.1,51831.9,30,51843,15,165,2136465
BANKNIFTY-I.NFO,27/12/2024,09:22:04,51831.9,51831.9,15,51839.95,15,45,2136465
BANKNIFTY-I.NFO,27/12/2024,09:22:06,51831.9,51831.9,30,51835.2,15,75,2136465
BANKNIFTY-I.NFO,27/12/2024,09:22:08,51832.35,51837.85,15,51840,150,315,2136465
BANKNIFTY-I.NFO,27/12/2024,09:22:09,51832.35,51837.85,105,51840,150,0,2136465
BANKNIFTY-I.NFO,27/12/2024,09:22:11,51832.35,51837.85,135,51840,150,0,2136465
BANKNIFTY-I.NFO,27/12/2024,09:22:13,51823.5,51825.6,75,51839.95,120,495,2136465
BANKNIFTY-I.NFO,27/12/2024,09:22:14,51836.75,51825.65,15,51837.8,60,405,2136465
BANKNIFTY-I.NFO,27/12/2024,09:22:16,51825.7,51825.65,30,51830,270,60,2136465
BANKNIFTY-I.NFO,27/12/2024,09:22:18,51825.65,51825.65,15,51830,255,60,2136465
BANKNIFTY-I.NFO,27/12/2024,09:22:19,51830,51825.7,15,51830,90,180,2136465
BANKNIFTY-I.NFO,27/12/2024,09:22:21,51825.75,51825.7,30,51829.95,45,15,2136465
BANKNIFTY-I.NFO,27/12/2024,09:22:23,51829.2,51825,75,51830,105,75,2136465
BANKNIFTY-I.NFO,27/12/2024,09:22:24,51817.25,51825.05,120,51830,105,270,2136465
BANKNIFTY-I.NFO,27/12/2024,09:22:26,51817.25,51825.05,210,51825.75,15,0,2136465
BANKNIFTY-I.NFO,27/12/2024,09:22:28,51825.1,51825.15,120,51825.75,15,15,2136465
BANKNIFTY-I.NFO,27/12/2024,09:22:29,51825.15,51825.25,105,51825.7,15,30,2136465
BANKNIFTY-I.NFO,27/12/2024,09:22:31,51830,51825.4,60,51830,90,165,2136465
BANKNIFTY-I.NFO,27/12/2024,09:22:33,51826.05,51834,195,51840,480,300,2136465
BANKNIFTY-I.NFO,27/12/2024,09:22:34,51834,51834,135,51840,435,165,2136465
BANKNIFTY-I.NFO,27/12/2024,09:22:36,51840,51834.05,30,51840,315,120,2136465
BANKNIFTY-I.NFO,27/12/2024,09:22:38,51840,51835.85,15,51840,255,60,2136465
BANKNIFTY-I.NFO,27/12/2024,09:22:39,51835.85,51835.85,105,51840,240,45,2136465
BANKNIFTY-I.NFO,27/12/2024,09:22:41,51840,51835.85,105,51840,135,135,2136465
BANKNIFTY-I.NFO,27/12/2024,09:22:43,51835.85,51834.05,15,51835.85,825,150,2136465
BANKNIFTY-I.NFO,27/12/2024,09:22:44,51835.85,51835,15,51835.85,795,30,2136465
BANKNIFTY-I.NFO,27/12/2024,09:22:46,51834.95,51820.15,75,51834.75,120,990,2136465
BANKNIFTY-I.NFO,27/12/2024,09:22:48,51834.95,51820.35,30,51835.7,120,0,2136465
BANKNIFTY-I.NFO,27/12/2024,09:22:49,51820.75,51820.35,45,51835,240,30,2136465
BANKNIFTY-I.NFO,27/12/2024,09:22:51,51820.35,51820.35,30,51830.95,120,15,2136465
BANKNIFTY-I.NFO,27/12/2024,09:22:53,51829,51820.35,30,51828.2,135,90,2136465
BANKNIFTY-I.NFO,27/12/2024,09:22:54,51807.15,51805,30,51822.15,135,210,2136465
BANKNIFTY-I.NFO,27/12/2024,09:22:56,51804,51802,15,51803.95,15,120,2136465
BANKNIFTY-I.NFO,27/12/2024,09:22:57,51800,51800,105,51802,15,165,2136465
BANKNIFTY-I.NFO,27/12/2024,09:22:59,51800,51798.05,30,51800,75,150,2136465
BANKNIFTY-I.NFO,27/12/2024,09:23:01,51812.8,51800.45,30,51813.95,15,135,2136465
BANKNIFTY-I.NFO,27/12/2024,09:23:02,51799,51798,15,51811.7,135,60,2136465
BANKNIFTY-I.NFO,27/12/2024,09:23:04,51795.05,51795.05,105,51809.95,135,195,2136465
BANKNIFTY-I.NFO,27/12/2024,09:23:06,51795.05,51790,30,51798,195,60,2136465
BANKNIFTY-I.NFO,27/12/2024,09:23:07,51775.25,51775.2,30,51789.95,15,495,2136465
BANKNIFTY-I.NFO,27/12/2024,09:23:09,51774.8,51772.3,15,51789.8,120,375,2136465
BANKNIFTY-I.NFO,27/12/2024,09:23:11,51773.85,51772.45,15,51789.6,135,90,2136465
BANKNIFTY-I.NFO,27/12/2024,09:23:13,51772.5,51774.2,15,51786.25,15,30,2136465
BANKNIFTY-I.NFO,27/12/2024,09:23:14,51774.2,51774.2,30,51780,750,120,2136465
BANKNIFTY-I.NFO,27/12/2024,09:23:16,51774.25,51774.25,15,51775.2,15,30,2136465
BANKNIFTY-I.NFO,27/12/2024,09:23:17,51772.45,51772.45,45,51774.2,15,165,2136465
BANKNIFTY-I.NFO,27/12/2024,09:23:19,51774.75,51774.4,90,51780,735,195,2136465
BANKNIFTY-I.NFO,27/12/2024,09:23:21,51780,51776.35,15,51780,705,45,2136465
BANKNIFTY-I.NFO,27/12/2024,09:23:22,51776.35,51773.1,15,51776.35,270,1545,2136465
BANKNIFTY-I.NFO,27/12/2024,09:23:24,51772.25,51775.65,30,51776.35,270,105,2136465
BANKNIFTY-I.NFO,27/12/2024,09:23:26,51775.65,51775.9,15,51789.95,15,480,2136465
BANKNIFTY-I.NFO,27/12/2024,09:23:27,51775.75,51780.5,15,51789.95,15,150,2136465
BANKNIFTY-I.NFO,27/12/2024,09:23:29,51790,51780.5,75,51793.85,120,45,2136465
BANKNIFTY-I.NFO,27/12/2024,09:23:30,51799.95,51783.8,15,51798.25,120,90,2136465
BANKNIFTY-I.NFO,27/12/2024,09:23:32,51783.85,51784.7,15,51797.95,120,90,2136465
BANKNIFTY-I.NFO,27/12/2024,09:23:34,51795.35,51784.7,75,51795.35,120,15,2136465
BANKNIFTY-I.NFO,27/12/2024,09:23:35,51795.35,51784.75,30,51794.3,15,0,2136465
BANKNIFTY-I.NFO,27/12/2024,09:23:37,51784.75,51784.75,45,51793.55,120,60,2136465
BANKNIFTY-I.NFO,27/12/2024,09:23:38,51784.75,51783.85,15,51790,45,225,2136465
BANKNIFTY-I.NFO,27/12/2024,09:23:40,51784.75,51783.85,45,51790,45,0,2136465
BANKNIFTY-I.NFO,27/12/2024,09:23:42,51783.85,51775.7,120,51783.85,135,45,2136465
BANKNIFTY-I.NFO,27/12/2024,09:23:43,51775.7,51775.7,120,51783.85,120,30,2136465
BANKNIFTY-I.NFO,27/12/2024,09:23:45,51775.7,51775.65,15,51783.85,120,15,2136465
BANKNIFTY-I.NFO,27/12/2024,09:23:47,51775.65,51775.65,45,51783.7,90,75,2136465
BANKNIFTY-I.NFO,27/12/2024,09:23:48,51775,51775.65,30,51783.85,120,120,2136465
BANKNIFTY-I.NFO,27/12/2024,09:23:50,51775,51775.65,30,51783.85,330,0,2136465
BANKNIFTY-I.NFO,27/12/2024,09:23:52,51776,51775.65,15,51782.55,15,75,2136465
BANKNIFTY-I.NFO,27/12/2024,09:23:53,51775.7,51775.8,165,51783.85,330,60,2136465
BANKNIFTY-I.NFO,27/12/2024,09:23:55,51775.8,51774.3,45,51783.85,300,45,2136465
BANKNIFTY-I.NFO,27/12/2024,09:23:56,51774.25,51774.2,150,51783.8,15,225,2136465
BANKNIFTY-I.NFO,27/12/2024,09:23:58,51774.2,51774.4,15,51783.85,300,30,2136465
BANKNIFTY-I.NFO,27/12/2024,09:24:00,51783.85,51776.15,15,51783.85,270,45,2136465
BANKNIFTY-I.NFO,27/12/2024,09:24:01,51783.85,51784.7,30,51789.05,15,1185,2136465
BANKNIFTY-I.NFO,27/12/2024,09:24:03,51788.15,51789.05,15,51800,180,240,2136465
BANKNIFTY-I.NFO,27/12/2024,09:24:04,51788.6,51787.95,15,51795,75,255,2136465
BANKNIFTY-I.NFO,27/12/2024,09:24:06,51795,51794.85,300,51800,180,75,2136465
BANKNIFTY-I.NFO,27/12/2024,09:24:08,51809.45,51801.3,15,51809.45,60,195,2136465
BANKNIFTY-I.NFO,27/12/2024,09:24:09,51801.25,51793.85,15,51800.95,30,225,2136465
BANKNIFTY-I.NFO,27/12/2024,09:24:11,51792.35,51792.65,15,51800.95,30,90,2136465
BANKNIFTY-I.NFO,27/12/2024,09:24:13,51795.65,51792.75,15,51800.95,30,75,2136465
BANKNIFTY-I.NFO,27/12/2024,09:24:14,51800.95,51800.85,15,51809.95,120,60,2136465
BANKNIFTY-I.NFO,27/12/2024,09:24:16,51800.85,51790.55,45,51800,150,30,2136465
BANKNIFTY-I.NFO,27/12/2024,09:24:18,51800,51790.6,75,51800,135,30,2135370
BANKNIFTY-I.NFO,27/12/2024,09:24:19,51800,51790.1,135,51800,45,120,2135370
BANKNIFTY-I.NFO,27/12/2024,09:24:21,51800,51790.1,135,51800,15,60,2135370
BANKNIFTY-I.NFO,27/12/2024,09:24:22,51790.1,51790.1,120,51800,30,15,2135370
BANKNIFTY-I.NFO,27/12/2024,09:24:24,51790.1,51790.2,30,51800,75,0,2135370
BANKNIFTY-I.NFO,27/12/2024,09:24:26,51809.95,51800,45,51810,105,240,2135370
BANKNIFTY-I.NFO,27/12/2024,09:24:27,51821.05,51801.45,120,51816.15,90,915,2135370
BANKNIFTY-I.NFO,27/12/2024,09:24:29,51821.05,51801.5,15,51809.95,15,0,2135370
BANKNIFTY-I.NFO,27/12/2024,09:24:31,51800,51795.3,15,51803.2,90,90,2135370
BANKNIFTY-I.NFO,27/12/2024,09:24:32,51813.95,51797.95,135,51811.25,15,150,2135370
BANKNIFTY-I.NFO,27/12/2024,09:24:34,51799.25,51798,30,51800,15,60,2135370
BANKNIFTY-I.NFO,27/12/2024,09:24:36,51800,51798.1,45,51807.95,30,15,2135370
BANKNIFTY-I.NFO,27/12/2024,09:24:37,51800,51798.15,30,51805.85,45,0,2135370
BANKNIFTY-I.NFO,27/12/2024,09:24:39,51800,51798.15,60,51810.15,15,930,2135370
BANKNIFTY-I.NFO,27/12/2024,09:24:40,51800,51798.2,15,51805.6,15,15,2135370
BANKNIFTY-I.NFO,27/12/2024,09:24:42,51800.05,51800.05,135,51809.75,15,15,2135370
BANKNIFTY-I.NFO,27/12/2024,09:24:44,51810,51800.45,15,51815.7,15,15,2135370
BANKNIFTY-I.NFO,27/12/2024,09:24:45,51805,51800.45,60,51810.25,15,90,2135370
BANKNIFTY-I.NFO,27/12/2024,09:24:47,51800.5,51800.5,15,51804.35,15,105,2135370
BANKNIFTY-I.NFO,27/12/2024,09:24:48,51800.55,51800.55,75,51801,15,30,2135370
BANKNIFTY-I.NFO,27/12/2024,09:24:50,51800.6,51800.6,75,51811.85,15,15,2135370
BANKNIFTY-I.NFO,27/12/2024,09:24:52,51809,51800.6,90,51808.95,15,15,2135370
BANKNIFTY-I.NFO,27/12/2024,09:24:53,51809.05,51809.05,15,51810.85,15,255,2135370
BANKNIFTY-I.NFO,27/12/2024,09:24:55,51809.05,51801,60,51802,45,270,2135370
BANKNIFTY-I.NFO,27/12/2024,09:24:56,51809.6,51801.05,45,51810,15,60,2135370
BANKNIFTY-I.NFO,27/12/2024,09:24:58,51815,51802.15,150,51815,15,120,2135370
BANKNIFTY-I.NFO,27/12/2024,09:25:00,51815,51802.7,60,51814.95,15,0,2135370
BANKNIFTY-I.NFO,27/12/2024,09:25:01,51802.8,51802.75,120,51811.05,15,90,2135370
BANKNIFTY-I.NFO,27/12/2024,09:25:03,51810,51802.9,15,51810,90,30,2135370
BANKNIFTY-I.NFO,27/12/2024,09:25:05,51811.05,51803.65,120,51815,30,315,2135370
BANKNIFTY-I.NFO,27/12/2024,09:25:06,51803.65,51805.55,120,51815,30,15,2135370
BANKNIFTY-I.NFO,27/12/2024,09:25:08,51815.35,51805.75,150,51815.65,15,75,2135370
BANKNIFTY-I.NFO,27/12/2024,09:25:10,51815.35,51806.6,120,51815.65,15,0,2135370
BANKNIFTY-I.NFO,27/12/2024,09:25:11,51806.65,51806.75,60,51815.65,15,30,2135370
BANKNIFTY-I.NFO,27/12/2024,09:25:13,51815.65,51815.65,75,51819.75,195,90,2135370
BANKNIFTY-I.NFO,27/12/2024,09:25:15,51815.65,51806.75,75,51816.45,90,495,2135370
BANKNIFTY-I.NFO,27/12/2024,09:25:16,51806.8,51806.75,75,51807.8,90,45,2135370
BANKNIFTY-I.NFO,27/12/2024,09:25:18,51802.7,51802.7,45,51807,30,885,2135370
BANKNIFTY-I.NFO,27/12/2024,09:25:20,51805.65,51802.7,75,51803.2,90,15,2135370
BANKNIFTY-I.NFO,27/12/2024,09:25:21,51802.9,51802.75,30,51803.7,60,120,2135370
BANKNIFTY-I.NFO,27/12/2024,09:25:23,51802.85,51802.75,30,51805.65,15,105,2135370
BANKNIFTY-I.NFO,27/12/2024,09:25:25,51815.65,51815.65,90,51819,60,315,2135370
BANKNIFTY-I.NFO,27/12/2024,09:25:26,51815.65,51815.65,75,51819,105,45,2135370
BANKNIFTY-I.NFO,27/12/2024,09:25:28,51815.65,51815.65,150,51819,105,45,2135370
BANKNIFTY-I.NFO,27/12/2024,09:25:29,51818.95,51815.65,150,51818.95,60,30,2135370
BANKNIFTY-I.NFO,27/12/2024,09:25:31,51815.65,51805.25,165,51817.4,75,150,2135370
BANKNIFTY-I.NFO,27/12/2024,09:25:33,51815.5,51805.85,165,51818.25,45,15,2135370
BANKNIFTY-I.NFO,27/12/2024,09:25:35,51818.95,51805.9,30,51818.2,300,45,2135370
BANKNIFTY-I.NFO,27/12/2024,09:25:36,51805.9,51805.9,90,51814.25,15,30,2135370
BANKNIFTY-I.NFO,27/12/2024,09:25:38,51805.9,51805.9,120,51815.15,15,0,2135370
BANKNIFTY-I.NFO,27/12/2024,09:25:40,51812.25,51805.95,30,51811.3,15,165,2135370
BANKNIFTY-I.NFO,27/12/2024,09:25:41,51806,51806,30,51814.9,135,30,2135370
BANKNIFTY-I.NFO,27/12/2024,09:25:43,51802.8,51802.8,30,51810.3,15,90,2135370
BANKNIFTY-I.NFO,27/12/2024,09:25:45,51792.95,51791.9,135,51795.6,15,270,2135370
BANKNIFTY-I.NFO,27/12/2024,09:25:46,51791.05,51790.1,60,51795.85,15,60,2135370
BANKNIFTY-I.NFO,27/12/2024,09:25:48,51785.1,51785.2,75,51797.45,15,255,2135370
BANKNIFTY-I.NFO,27/12/2024,09:25:49,51795.1,51785.15,75,51796.65,45,45,2135370
BANKNIFTY-I.NFO,27/12/2024,09:25:51,51791.3,51785.1,60,51792.3,15,45,2135370
BANKNIFTY-I.NFO,27/12/2024,09:25:53,51790,51785.15,45,51792.25,15,60,2135370
BANKNIFTY-I.NFO,27/12/2024,09:25:54,51785.15,51785.1,30,51788,30,150,2135370
BANKNIFTY-I.NFO,27/12/2024,09:25:56,51788,51785.1,45,51799.6,15,180,2135370
BANKNIFTY-I.NFO,27/12/2024,09:25:58,51795.4,51788,30,51796.3,90,15,2135370
BANKNIFTY-I.NFO,27/12/2024,09:25:59,51795.3,51781.2,120,51795.4,15,360,2135370
BANKNIFTY-I.NFO,27/12/2024,09:26:01,51778,51776,150,51779.05,105,165,2135370
BANKNIFTY-I.NFO,27/12/2024,09:26:03,51779.05,51776,150,51779.05,90,15,2135370
BANKNIFTY-I.NFO,27/12/2024,09:26:04,51772,51770,30,51778.45,15,300,2135370
BANKNIFTY-I.NFO,27/12/2024,09:26:06,51769.6,51766.65,30,51769.6,60,60,2135370
BANKNIFTY-I.NFO,27/12/2024,09:26:08,51769.95,51762.05,30,51769.05,30,375,2135370
BANKNIFTY-I.NFO,27/12/2024,09:26:09,51761,51761,45,51770.45,75,60,2135370
BANKNIFTY-I.NFO,27/12/2024,09:26:11,51759,51751,15,51759.05,60,315,2135370
BANKNIFTY-I.NFO,27/12/2024,09:26:13,51756.55,51750,570,51757.6,30,225,2135370
BANKNIFTY-I.NFO,27/12/2024,09:26:14,51755.2,51750,405,51757.25,15,210,2135370
BANKNIFTY-I.NFO,27/12/2024,09:26:16,51750,51750.05,30,51760.2,30,405,2135370
BANKNIFTY-I.NFO,27/12/2024,09:26:18,51747,51750,255,51755.2,30,165,2135370
BANKNIFTY-I.NFO,27/12/2024,09:26:19,51751,51750.1,120,51755.2,15,105,2135370
BANKNIFTY-I.NFO,27/12/2024,09:26:21,51750.15,51750,165,51760.15,45,240,2135370
BANKNIFTY-I.NFO,27/12/2024,09:26:23,51750,51750,105,51760.1,45,120,2135370
BANKNIFTY-I.NFO,27/12/2024,09:26:24,51762.05,51751,15,51762.05,30,30,2135370
BANKNIFTY-I.NFO,27/12/2024,09:26:26,51764.25,51751,15,51763.6,45,60,2135370
BANKNIFTY-I.NFO,27/12/2024,09:26:28,51764.25,51751.05,15,51755,210,0,2135370
BANKNIFTY-I.NFO,27/12/2024,09:26:29,51751.05,51751.05,15,51755,210,15,2135370
BANKNIFTY-I.NFO,27/12/2024,09:26:31,51755,51750,105,51755,105,180,2135370
BANKNIFTY-I.NFO,27/12/2024,09:26:33,51750,51750,90,51755,105,15,2135370
BANKNIFTY-I.NFO,27/12/2024,09:26:34,51751,51750,90,51755,105,15,2135370
BANKNIFTY-I.NFO,27/12/2024,09:26:36,51755,51750,120,51755,75,30,2135370
BANKNIFTY-I.NFO,27/12/2024,09:26:38,51751.1,51751.15,15,51755,75,60,2135370
BANKNIFTY-I.NFO,27/12/2024,09:26:39,51752.1,51751.2,30,51760,45,225,2135370
BANKNIFTY-I.NFO,27/12/2024,09:26:41,51750,51750,30,51759.95,30,570,2135370
BANKNIFTY-I.NFO,27/12/2024,09:26:43,51760,51745.6,300,51759.7,15,135,2135370
BANKNIFTY-I.NFO,27/12/2024,09:26:44,51747.3,51747.2,15,51759.95,30,15,2135370
BANKNIFTY-I.NFO,27/12/2024,09:26:46,51750,51748.5,15,51760,60,30,2135370
BANKNIFTY-I.NFO,27/12/2024,09:26:48,51747.7,51748.5,30,51760,30,135,2135370
BANKNIFTY-I.NFO,27/12/2024,09:26:49,51762.35,51750,15,51762.9,120,120,2135370
BANKNIFTY-I.NFO,27/12/2024,09:26:51,51765.25,51751.65,15,51763.75,120,1965,2135370
BANKNIFTY-I.NFO,27/12/2024,09:26:53,51763.05,51751.05,45,51762.85,120,60,2135370
BANKNIFTY-I.NFO,27/12/2024,09:26:54,51753.45,51760,300,51767.25,15,15,2135370
BANKNIFTY-I.NFO,27/12/2024,09:26:56,51751.05,51750.1,15,51759.55,120,360,2135370
BANKNIFTY-I.NFO,27/12/2024,09:26:58,51750.1,51741.65,15,51750,30,540,2135370
BANKNIFTY-I.NFO,27/12/2024,09:26:59,51750,51744.1,15,51750,15,15,2135370
BANKNIFTY-I.NFO,27/12/2024,09:27:01,51741.65,51741.15,15,51741.65,750,210,2135370
BANKNIFTY-I.NFO,27/12/2024,09:27:03,51740,51730,90,51740.75,45,345,2135370
BANKNIFTY-I.NFO,27/12/2024,09:27:04,51740.75,51740.75,15,51741.65,750,15,2135370
BANKNIFTY-I.NFO,27/12/2024,09:27:06,51730.8,51730,75,51740,15,45,2135370
BANKNIFTY-I.NFO,27/12/2024,09:27:07,51731.9,51731.05,15,51740,240,45,2135370
BANKNIFTY-I.NFO,27/12/2024,09:27:09,51730.15,51731.05,15,51740,210,150,2135370
BANKNIFTY-I.NFO,27/12/2024,09:27:11,51731.05,51731.05,90,51740,210,45,2135370
BANKNIFTY-I.NFO,27/12/2024,09:27:12,51733,51731.05,60,51740.75,15,270,2135370
BANKNIFTY-I.NFO,27/12/2024,09:27:14,51729.15,51729.3,15,51744.05,15,780,2135370
BANKNIFTY-I.NFO,27/12/2024,09:27:16,51731.05,51729.3,15,51730,30,60,2135370
BANKNIFTY-I.NFO,27/12/2024,09:27:17,51726.3,51730.6,15,51731.1,15,90,2135370
BANKNIFTY-I.NFO,27/12/2024,09:27:19,51731.3,51730.65,15,51731.85,30,60,2138250
BANKNIFTY-I.NFO,27/12/2024,09:27:21,51731.4,51730.35,15,51731.85,30,30,2138250
BANKNIFTY-I.NFO,27/12/2024,09:27:22,51740,51740,15,51745,120,315,2138250
BANKNIFTY-I.NFO,27/12/2024,09:27:24,51730,51730,90,51741.45,120,75,2138250
BANKNIFTY-I.NFO,27/12/2024,09:27:26,51730.6,51730,90,51730.6,465,30,2138250
BANKNIFTY-I.NFO,27/12/2024,09:27:27,51730,51725,60,51730.55,45,180,2138250
BANKNIFTY-I.NFO,27/12/2024,09:27:29,51730.35,51723,840,51730.15,105,150,2138250
BANKNIFTY-I.NFO,27/12/2024,09:27:31,51730.6,51731,390,51731.35,150,585,2138250
BANKNIFTY-I.NFO,27/12/2024,09:27:32,51731.05,51723,780,51731.3,105,1335,2138250
BANKNIFTY-I.NFO,27/12/2024,09:27:34,51723,51723,765,51730,15,105,2138250
BANKNIFTY-I.NFO,27/12/2024,09:27:36,51725.2,51725.2,75,51730,915,45,2138250
BANKNIFTY-I.NFO,27/12/2024,09:27:37,51740.65,51733.15,45,51740.8,15,1215,2138250
BANKNIFTY-I.NFO,27/12/2024,09:27:39,51746.65,51734.95,15,51749.55,45,180,2138250
BANKNIFTY-I.NFO,27/12/2024,09:27:41,51750,51737,45,51749.95,45,30,2138250
BANKNIFTY-I.NFO,27/12/2024,09:27:42,51737.15,51738.8,45,51750,570,15,2138250
BANKNIFTY-I.NFO,27/12/2024,09:27:44,51737.15,51739.65,45,51750,570,0,2138250
BANKNIFTY-I.NFO,27/12/2024,09:27:46,51749.95,51749.95,15,51751.05,45,765,2138250
BANKNIFTY-I.NFO,27/12/2024,09:27:47,51751.05,51749.95,30,51751.05,15,30,2138250
BANKNIFTY-I.NFO,27/12/2024,09:27:49,51759,51751.05,15,51760,15,120,2138250
BANKNIFTY-I.NFO,27/12/2024,09:27:51,51762.6,51763.15,45,51770,30,165,2138250
BANKNIFTY-I.NFO,27/12/2024,09:27:52,51761.85,51761.75,105,51770,30,360,2138250
BANKNIFTY-I.NFO,27/12/2024,09:27:54,51770,51761.75,30,51770,15,15,2138250
BANKNIFTY-I.NFO,27/12/2024,09:27:56,51772.1,51762.2,105,51772.1,15,30,2138250
BANKNIFTY-I.NFO,27/12/2024,09:27:57,51772.1,51764.95,90,51776,45,60,2138250
BANKNIFTY-I.NFO,27/12/2024,09:27:59,51762.6,51762.9,105,51776,45,180,2138250
BANKNIFTY-I.NFO,27/12/2024,09:28:01,51772.1,51762.9,30,51774.1,120,15,2138250
BANKNIFTY-I.NFO,27/12/2024,09:28:02,51779.5,51766.2,15,51780.5,15,1890,2138250
BANKNIFTY-I.NFO,27/12/2024,09:28:04,51781.55,51766.2,15,51779.8,15,45,2138250
BANKNIFTY-I.NFO,27/12/2024,09:28:06,51778.55,51766.3,120,51778.85,15,75,2138250
BANKNIFTY-I.NFO,27/12/2024,09:28:07,51778.55,51764.2,120,51780.6,15,0,2138250
BANKNIFTY-I.NFO,27/12/2024,09:28:09,51778.55,51764.3,120,51775,15,0,2138250
BANKNIFTY-I.NFO,27/12/2024,09:28:11,51775,51768.2,45,51781.2,150,15,2138250
BANKNIFTY-I.NFO,27/12/2024,09:28:12,51767.2,51770.4,120,51780.9,15,60,2138250
BANKNIFTY-I.NFO,27/12/2024,09:28:14,51769.65,51769.15,120,51780,30,30,2138250
BANKNIFTY-I.NFO,27/12/2024,09:28:16,51769.65,51775,900,51779.95,15,0,2138250
BANKNIFTY-I.NFO,27/12/2024,09:28:17,51775.75,51775.05,30,51779.9,15,15,2138250
BANKNIFTY-I.NFO,27/12/2024,09:28:19,51775,51775.65,120,51780,30,60,2138250
BANKNIFTY-I.NFO,27/12/2024,09:28:21,51780.05,51781,75,51782,15,210,2138250
BANKNIFTY-I.NFO,27/12/2024,09:28:22,51780.05,51782,15,51784,15,0,2138250
BANKNIFTY-I.NFO,27/12/2024,09:28:26,51780.25,51775,885,51784.1,135,150,2138250
BANKNIFTY-I.NFO,27/12/2024,09:28:27,51780.05,51780.05,15,51783.75,30,90,2138250
BANKNIFTY-I.NFO,27/12/2024,09:28:29,51780.05,51776.6,45,51780,15,45,2138250
BANKNIFTY-I.NFO,27/12/2024,09:28:31,51790,51778,120,51790,90,135,2138250
BANKNIFTY-I.NFO,27/12/2024,09:28:32,51790,51778,30,51789.95,15,15,2138250
BANKNIFTY-I.NFO,27/12/2024,09:28:34,51790,51778,30,51789.25,15,75,2138250
BANKNIFTY-I.NFO,27/12/2024,09:28:36,51778,51780,15,51790,30,15,2138250
BANKNIFTY-I.NFO,27/12/2024,09:28:37,51790,51780,15,51790,15,30,2138250
BANKNIFTY-I.NFO,27/12/2024,09:28:39,51789.25,51781.95,15,51789.6,75,15,2138250
BANKNIFTY-I.NFO,27/12/2024,09:28:41,51789.25,51780,15,51789,30,0,2138250
BANKNIFTY-I.NFO,27/12/2024,09:28:42,51781.95,51779.9,60,51790,45,15,2138250
BANKNIFTY-I.NFO,27/12/2024,09:28:44,51779.9,51779.9,30,51787.85,15,45,2138250
BANKNIFTY-I.NFO,27/12/2024,09:28:46,51784.1,51775,765,51784.1,15,345,2138250
BANKNIFTY-I.NFO,27/12/2024,09:28:47,51784.1,51775,870,51788.6,15,15,2138250
BANKNIFTY-I.NFO,27/12/2024,09:28:49,51775,51775,855,51786.95,30,90,2138250
BANKNIFTY-I.NFO,27/12/2024,09:28:51,51787.7,51776.05,15,51787.75,15,390,2138250
BANKNIFTY-I.NFO,27/12/2024,09:28:52,51775,51775.2,45,51789.15,15,90,2138250
BANKNIFTY-I.NFO,27/12/2024,09:28:54,51790,51778.9,60,51790,15,120,2138250
BANKNIFTY-I.NFO,27/12/2024,09:28:56,51778.9,51783.6,45,51794,15,270,2138250
BANKNIFTY-I.NFO,27/12/2024,09:28:57,51778.9,51778.3,45,51790.4,15,0,2138250
BANKNIFTY-I.NFO,27/12/2024,09:28:59,51789.25,51775.7,45,51789.35,30,15,2138250
BANKNIFTY-I.NFO,27/12/2024,09:29:01,51788.15,51775.8,75,51789.85,15,15,2138250
BANKNIFTY-I.NFO,27/12/2024,09:29:02,51788.15,51776.45,15,51790.4,30,0,2138250
BANKNIFTY-I.NFO,27/12/2024,09:29:04,51790.35,51779.4,45,51790,15,90,2138250
BANKNIFTY-I.NFO,27/12/2024,09:29:06,51790.4,51782.6,45,51794,15,30,2138250
BANKNIFTY-I.NFO,27/12/2024,09:29:07,51787.7,51782.6,90,51787.7,105,60,2138250
BANKNIFTY-I.NFO,27/12/2024,09:29:09,51775,51775,735,51781.15,15,270,2138250
BANKNIFTY-I.NFO,27/12/2024,09:29:10,51783.2,51776,15,51784.55,15,15,2138250
BANKNIFTY-I.NFO,27/12/2024,09:29:12,51785,51776,45,51785.85,15,900,2138250
BANKNIFTY-I.NFO,27/12/2024,09:29:14,51776,51775,750,51776,30,45,2138250
BANKNIFTY-I.NFO,27/12/2024,09:29:15,51776,51775.05,60,51776,15,15,2138250
BANKNIFTY-I.NFO,27/12/2024,09:29:17,51776,51775.1,15,51776,15,0,2138250
BANKNIFTY-I.NFO,27/12/2024,09:29:19,51782.55,51775.15,15,51782.55,105,30,2138250
BANKNIFTY-I.NFO,27/12/2024,09:29:20,51782.55,51776,60,51784.85,30,0,2138250
BANKNIFTY-I.NFO,27/12/2024,09:29:22,51782.45,51776,105,51781.95,30,60,2138250
BANKNIFTY-I.NFO,27/12/2024,09:29:24,51776.05,51776,45,51784.8,15,105,2138250
BANKNIFTY-I.NFO,27/12/2024,09:29:25,51776.05,51776.3,30,51777.3,15,30,2138250
BANKNIFTY-I.NFO,27/12/2024,09:29:27,51776.35,51776.35,120,51782.55,30,30,2138250
BANKNIFTY-I.NFO,27/12/2024,09:29:29,51782.55,51776.3,30,51785,30,60,2138250
BANKNIFTY-I.NFO,27/12/2024,09:29:30,51785,51776.3,45,51785.55,45,30,2138250
BANKNIFTY-I.NFO,27/12/2024,09:29:32,51785.55,51776.3,30,51785.6,15,45,2138250
BANKNIFTY-I.NFO,27/12/2024,09:29:34,51776.35,51776.6,30,51787.7,90,90,2138250
BANKNIFTY-I.NFO,27/12/2024,09:29:35,51776.35,51776.6,90,51785.35,135,0,2138250
BANKNIFTY-I.NFO,27/12/2024,09:29:37,51776.35,51776.6,90,51785.5,30,0,2138250
BANKNIFTY-I.NFO,27/12/2024,09:29:39,51776.35,51776.9,120,51787.7,105,0,2138250
BANKNIFTY-I.NFO,27/12/2024,09:29:40,51780.45,51781.8,120,51795.9,15,1590,2138250
BANKNIFTY-I.NFO,27/12/2024,09:29:42,51780.45,51781.8,60,51790.45,150,0,2138250
BANKNIFTY-I.NFO,27/12/2024,09:29:44,51775,51780,30,51781,60,915,2138250
BANKNIFTY-I.NFO,27/12/2024,09:29:45,51785.6,51776,15,51786,15,60,2138250
BANKNIFTY-I.NFO,27/12/2024,09:29:47,51785.6,51776,15,51788,15,0,2138250
BANKNIFTY-I.NFO,27/12/2024,09:29:48,51788,51776,15,51788.4,45,15,2138250
BANKNIFTY-I.NFO,27/12/2024,09:29:50,51790,51781.25,45,51790,270,60,2138250
BANKNIFTY-I.NFO,27/12/2024,09:29:52,51783.9,51783.85,15,51790,270,15,2138250
BANKNIFTY-I.NFO,27/12/2024,09:29:53,51790,51784.6,30,51790,210,60,2138250
BANKNIFTY-I.NFO,27/12/2024,09:29:55,51790,51784.6,90,51790,195,15,2138250
BANKNIFTY-I.NFO,27/12/2024,09:29:57,51790,51784.6,90,51790,195,30,2138250
BANKNIFTY-I.NFO,27/12/2024,09:29:58,51790,51788.4,15,51790,150,45,2138250
BANKNIFTY-I.NFO,27/12/2024,09:30:00,51790,51780,15,51790,75,750,2138250
BANKNIFTY-I.NFO,27/12/2024,09:30:02,51794,51788.3,120,51794,15,795,2138250
BANKNIFTY-I.NFO,27/12/2024,09:30:04,51800,51794,15,51800,705,510,2138250
BANKNIFTY-I.NFO,27/12/2024,09:30:05,51805,51800,2865,51805,225,930,2138250
BANKNIFTY-I.NFO,27/12/2024,09:30:07,51810,51806.85,15,51810,30,450,2138250
BANKNIFTY-I.NFO,27/12/2024,09:30:08,51815,51806.85,105,51815,15,90,2138250
BANKNIFTY-I.NFO,27/12/2024,09:30:10,51819.35,51806.85,135,51819.35,60,690,2138250
BANKNIFTY-I.NFO,27/12/2024,09:30:12,51806.9,51807,45,51822.3,15,225,2138250
BANKNIFTY-I.NFO,27/12/2024,09:30:13,51824.4,51810.75,75,51824.5,15,1035,2138250
BANKNIFTY-I.NFO,27/12/2024,09:30:15,51825,51810.9,75,51824.95,15,165,2138250
BANKNIFTY-I.NFO,27/12/2024,09:30:17,51825,51811.1,15,51824.4,15,255,2138250
BANKNIFTY-I.NFO,27/12/2024,09:30:18,51811,51811.15,120,51823.4,15,465,2138610
BANKNIFTY-I.NFO,27/12/2024,09:30:20,51815.05,51811.15,120,51822.35,15,60,2138610
BANKNIFTY-I.NFO,27/12/2024,09:30:22,51812.4,51805.2,15,51807.3,15,675,2138610
BANKNIFTY-I.NFO,27/12/2024,09:30:23,51812.4,51805.2,15,51805.45,15,0,2138610
BANKNIFTY-I.NFO,27/12/2024,09:30:25,51810.95,51807.3,195,51811,15,45,2138610
BANKNIFTY-I.NFO,27/12/2024,09:30:27,51811.4,51807.3,210,51812.4,15,45,2138610
BANKNIFTY-I.NFO,27/12/2024,09:30:28,51811,51811,165,51818.05,15,3330,2138610
BANKNIFTY-I.NFO,27/12/2024,09:30:30,51811,51811.1,30,51812.4,15,0,2138610
BANKNIFTY-I.NFO,27/12/2024,09:30:32,51811,51811.3,30,51812,30,0,2138610
BANKNIFTY-I.NFO,27/12/2024,09:30:33,51811.2,51807.3,105,51811.2,90,330,2138610
BANKNIFTY-I.NFO,27/12/2024,09:30:35,51811.2,51807.3,120,51807.75,15,0,2138610
BANKNIFTY-I.NFO,27/12/2024,09:30:37,51807.4,51807.3,30,51808.25,15,90,2138610
BANKNIFTY-I.NFO,27/12/2024,09:30:38,51805.25,51805.25,30,51807.25,15,120,2138610
BANKNIFTY-I.NFO,27/12/2024,09:30:40,51819.95,51805.2,15,51819.15,15,1965,2138610
BANKNIFTY-I.NFO,27/12/2024,09:30:42,51805.3,51807.3,15,51818.75,15,300,2138610
BANKNIFTY-I.NFO,27/12/2024,09:30:43,51805.3,51807.3,60,51820,45,0,2138610
BANKNIFTY-I.NFO,27/12/2024,09:30:45,51820,51807.95,15,51820,30,45,2138610
BANKNIFTY-I.NFO,27/12/2024,09:30:47,51808.1,51808.1,120,51811.2,15,60,2138610
BANKNIFTY-I.NFO,27/12/2024,09:30:48,51809.15,51809.05,15,51820,15,75,2138610
BANKNIFTY-I.NFO,27/12/2024,09:30:50,51819,51809.05,165,51817.5,45,60,2138610
BANKNIFTY-I.NFO,27/12/2024,09:30:52,51819,51809.25,15,51817.45,45,0,2138610
BANKNIFTY-I.NFO,27/12/2024,09:30:53,51809.05,51809.2,15,51811,45,315,2138610
BANKNIFTY-I.NFO,27/12/2024,09:30:55,51805,51800,7635,51804.6,300,450,2138610
BANKNIFTY-I.NFO,27/12/2024,09:30:57,51799.3,51790,135,51800,30,7965,2138610
BANKNIFTY-I.NFO,27/12/2024,09:30:58,51800.25,51790,135,51796.85,15,60,2138610
BANKNIFTY-I.NFO,27/12/2024,09:31:00,51780,51780.2,15,51789.9,15,405,2138610
BANKNIFTY-I.NFO,27/12/2024,09:31:02,51782.95,51775.1,15,51785.85,15,630,2138610
BANKNIFTY-I.NFO,27/12/2024,09:31:03,51782.35,51767.75,15,51781.9,15,105,2138610
BANKNIFTY-I.NFO,27/12/2024,09:31:05,51780,51780,75,51785.35,90,435,2138610
BANKNIFTY-I.NFO,27/12/2024,09:31:06,51780,51780,75,51780.2,105,15,2138610
BANKNIFTY-I.NFO,27/12/2024,09:31:08,51762,51760,105,51762,15,195,2138610
BANKNIFTY-I.NFO,27/12/2024,09:31:10,51759,51757.15,30,51770.75,15,105,2138610
BANKNIFTY-I.NFO,27/12/2024,09:31:11,51765.3,51762,15,51765.3,15,75,2138610
BANKNIFTY-I.NFO,27/12/2024,09:31:13,51751.05,51753.8,45,51765.3,15,120,2138610
BANKNIFTY-I.NFO,27/12/2024,09:31:15,51751.05,51751.05,30,51757.05,15,0,2138610
BANKNIFTY-I.NFO,27/12/2024,09:31:16,51752,51751.15,90,51757.1,15,105,2138610
BANKNIFTY-I.NFO,27/12/2024,09:31:18,51750.25,51751.75,15,51757.15,915,75,2138610
BANKNIFTY-I.NFO,27/12/2024,09:31:20,51770,51757.55,15,51773.6,15,930,2138610
BANKNIFTY-I.NFO,27/12/2024,09:31:21,51754.35,51759.05,15,51771.6,30,540,2138610
BANKNIFTY-I.NFO,27/12/2024,09:31:23,51762.25,51765.6,30,51776.65,15,30,2138610
BANKNIFTY-I.NFO,27/12/2024,09:31:25,51778,51772.45,30,51780,915,165,2138610
BANKNIFTY-I.NFO,27/12/2024,09:31:26,51786,51781.35,45,51793.95,15,1845,2138610
BANKNIFTY-I.NFO,27/12/2024,09:31:28,51777.6,51777.65,15,51792.25,30,195,2138610
BANKNIFTY-I.NFO,27/12/2024,09:31:30,51770.3,51770.65,15,51783.3,120,405,2138610
BANKNIFTY-I.NFO,27/12/2024,09:31:31,51766.25,51766.2,30,51778.95,150,405,2138610
BANKNIFTY-I.NFO,27/12/2024,09:31:33,51766.25,51770.35,15,51785.2,15,0,2138610
BANKNIFTY-I.NFO,27/12/2024,09:31:35,51786,51771.9,15,51787.65,15,15,2138610
BANKNIFTY-I.NFO,27/12/2024,09:31:36,51771.9,51772.1,30,51780,45,15,2138610
BANKNIFTY-I.NFO,27/12/2024,09:31:38,51760.4,51772.1,15,51778.65,30,465,2138610
BANKNIFTY-I.NFO,27/12/2024,09:31:40,51772.1,51757.25,30,51768.75,15,15,2138610
BANKNIFTY-I.NFO,27/12/2024,09:31:41,51760.65,51757.65,15,51760.35,15,30,2138610
BANKNIFTY-I.NFO,27/12/2024,09:31:43,51760.4,51757.3,30,51758.85,15,30,2138610
BANKNIFTY-I.NFO,27/12/2024,09:31:45,51757.65,51760,285,51760.1,15,15,2138610
BANKNIFTY-I.NFO,27/12/2024,09:31:46,51760.05,51760.05,15,51760.4,15,210,2138610
BANKNIFTY-I.NFO,27/12/2024,09:31:48,51757.1,51751,15,51759.6,120,615,2138610
BANKNIFTY-I.NFO,27/12/2024,09:31:49,51757.1,51751,30,51752.5,15,0,2138610
BANKNIFTY-I.NFO,27/12/2024,09:31:51,51750.4,51750,15,51759.9,15,195,2138610
BANKNIFTY-I.NFO,27/12/2024,09:31:53,51750,51750.3,30,51755.95,15,30,2138610
BANKNIFTY-I.NFO,27/12/2024,09:31:54,51760,51750.05,30,51760.05,75,60,2138610
BANKNIFTY-I.NFO,27/12/2024,09:31:56,51751.75,51750.25,30,51760.05,75,15,2138610
BANKNIFTY-I.NFO,27/12/2024,09:31:58,51760.05,51760,300,51760.05,60,45,2138610
BANKNIFTY-I.NFO,27/12/2024,09:31:59,51760.05,51761.7,45,51770,45,105,2138610
BANKNIFTY-I.NFO,27/12/2024,09:32:01,51760.05,51763.15,30,51770,60,0,2138610
BANKNIFTY-I.NFO,27/12/2024,09:32:03,51770,51760,300,51773.1,120,450,2138610
BANKNIFTY-I.NFO,27/12/2024,09:32:04,51780,51777.05,15,51780,45,135,2138610
BANKNIFTY-I.NFO,27/12/2024,09:32:06,51780,51777.1,45,51784.55,90,120,2138610
BANKNIFTY-I.NFO,27/12/2024,09:32:08,51777.1,51777.05,30,51781.3,15,15,2138610
BANKNIFTY-I.NFO,27/12/2024,09:32:10,51777.05,51770,60,51779.45,120,60,2138610
BANKNIFTY-I.NFO,27/12/2024,09:32:11,51775.75,51770,60,51779.5,120,90,2138610
BANKNIFTY-I.NFO,27/12/2024,09:32:13,51777.05,51770,60,51780.05,15,60,2138610
BANKNIFTY-I.NFO,27/12/2024,09:32:15,51770,51773.6,90,51780,15,30,2138610
BANKNIFTY-I.NFO,27/12/2024,09:32:16,51787.55,51765.6,45,51779.9,120,900,2138610
BANKNIFTY-I.NFO,27/12/2024,09:32:18,51773.65,51770.75,45,51783.85,15,90,2138610
BANKNIFTY-I.NFO,27/12/2024,09:32:20,51773.65,51780,45,51784.8,120,0,2138610
BANKNIFTY-I.NFO,27/12/2024,09:32:21,51773.65,51780,45,51783.75,150,0,2138610
BANKNIFTY-I.NFO,27/12/2024,09:32:23,51764.65,51760,300,51765.85,15,75,2138610
BANKNIFTY-I.NFO,27/12/2024,09:32:25,51760.85,51750.05,30,51758.3,90,315,2138610
BANKNIFTY-I.NFO,27/12/2024,09:32:26,51758.25,51750.05,30,51752,75,15,2138610
BANKNIFTY-I.NFO,27/12/2024,09:32:28,51757.5,51750.05,30,51757.5,45,45,2138610
BANKNIFTY-I.NFO,27/12/2024,09:32:30,51750.05,51750.05,15,51757.1,30,75,2138610
BANKNIFTY-I.NFO,27/12/2024,09:32:31,51751,51750.05,15,51752,60,30,2138610
BANKNIFTY-I.NFO,27/12/2024,09:32:33,51750.05,51750.05,30,51752,60,15,2138610
BANKNIFTY-I.NFO,27/12/2024,09:32:35,51751,51750.05,30,51760,30,15,2138610
BANKNIFTY-I.NFO,27/12/2024,09:32:36,51750.05,51751.05,150,51758.7,45,60,2138610
BANKNIFTY-I.NFO,27/12/2024,09:32:38,51750.05,51750,45,51751,45,195,2138610
BANKNIFTY-I.NFO,27/12/2024,09:32:39,51750.05,51750,60,51757.4,15,0,2138610
BANKNIFTY-I.NFO,27/12/2024,09:32:41,51750.1,51750.05,30,51761.05,45,60,2138610
BANKNIFTY-I.NFO,27/12/2024,09:32:43,51750.1,51760,300,51768.85,30,0,2138610
BANKNIFTY-I.NFO,27/12/2024,09:32:44,51769.75,51760.05,30,51769.8,15,480,2138610
BANKNIFTY-I.NFO,27/12/2024,09:32:46,51770.45,51760.1,15,51771.1,15,45,2138610
BANKNIFTY-I.NFO,27/12/2024,09:32:48,51770.45,51760.15,15,51768.45,15,0,2138610
BANKNIFTY-I.NFO,27/12/2024,09:32:49,51770.45,51761.8,45,51775.2,90,0,2138610
BANKNIFTY-I.NFO,27/12/2024,09:32:51,51761.8,51764.5,120,51778.3,15,15,2138610
BANKNIFTY-I.NFO,27/12/2024,09:32:53,51769,51768.05,45,51780,330,45,2138610
BANKNIFTY-I.NFO,27/12/2024,09:32:54,51777.55,51769.75,30,51780,330,15,2138610
BANKNIFTY-I.NFO,27/12/2024,09:32:56,51777.55,51769.75,15,51777.75,15,0,2138610
BANKNIFTY-I.NFO,27/12/2024,09:32:58,51771.95,51757.65,120,51771.95,30,105,2138610
BANKNIFTY-I.NFO,27/12/2024,09:32:59,51770.85,51755.55,120,51770.55,15,15,2138610
BANKNIFTY-I.NFO,27/12/2024,09:33:01,51770.85,51752.15,15,51764.95,45,0,2138610
BANKNIFTY-I.NFO,27/12/2024,09:33:02,51770.85,51752.85,120,51768,15,0,2138610
BANKNIFTY-I.NFO,27/12/2024,09:33:04,51768,51756,45,51770.25,300,30,2138610
BANKNIFTY-I.NFO,27/12/2024,09:33:06,51768,51756,75,51765.1,30,0,2138610
BANKNIFTY-I.NFO,27/12/2024,09:33:07,51768,51756,60,51765.6,30,0,2138610
BANKNIFTY-I.NFO,27/12/2024,09:33:09,51756,51756,30,51767.95,30,45,2138610
BANKNIFTY-I.NFO,27/12/2024,09:33:10,51756,51756,30,51764.05,30,30,2138610
BANKNIFTY-I.NFO,27/12/2024,09:33:12,51756,51756,60,51763.1,195,15,2138610
BANKNIFTY-I.NFO,27/12/2024,09:33:14,51756,51756,120,51756.95,15,60,2138610
BANKNIFTY-I.NFO,27/12/2024,09:33:15,51762.25,51756.05,30,51763,165,105,2138610
BANKNIFTY-I.NFO,27/12/2024,09:33:17,51762.25,51756.05,45,51763.65,30,0,2138610
BANKNIFTY-I.NFO,27/12/2024,09:33:19,51763.65,51756.05,45,51762.7,300,300,2132955
BANKNIFTY-I.NFO,27/12/2024,09:33:20,51756,51751,180,51751.95,15,120,2132955
BANKNIFTY-I.NFO,27/12/2024,09:33:22,51756,51751,180,51751.4,15,0,2132955
BANKNIFTY-I.NFO,27/12/2024,09:33:24,51751.2,51751.1,30,51751.6,15,15,2132955
BANKNIFTY-I.NFO,27/12/2024,09:33:25,51751.1,51751.1,30,51752.15,15,30,2132955
BANKNIFTY-I.NFO,27/12/2024,09:33:27,51743.35,51741,120,51744.8,15,735,2132955
BANKNIFTY-I.NFO,27/12/2024,09:33:28,51750,51747.1,15,51749,75,930,2132955
BANKNIFTY-I.NFO,27/12/2024,09:33:30,51750,51747.15,75,51753.1,15,0,2132955
BANKNIFTY-I.NFO,27/12/2024,09:33:32,51747.15,51747.2,15,51751.2,15,60,2132955
BANKNIFTY-I.NFO,27/12/2024,09:33:33,51754.5,51747.2,45,51750,60,90,2132955
BANKNIFTY-I.NFO,27/12/2024,09:33:35,51750,51747.25,45,51750,45,30,2132955
BANKNIFTY-I.NFO,27/12/2024,09:33:36,51749,51749.2,105,51760,255,375,2132955
BANKNIFTY-I.NFO,27/12/2024,09:33:38,51747.95,51744.25,15,51759.45,15,105,2132955
BANKNIFTY-I.NFO,27/12/2024,09:33:40,51758.6,51744,45,51757.25,15,30,2132955
BANKNIFTY-I.NFO,27/12/2024,09:33:41,51757.25,51744,45,51757.25,15,15,2132955
BANKNIFTY-I.NFO,27/12/2024,09:33:43,51757.25,51747.3,30,51760,255,0,2132955
BANKNIFTY-I.NFO,27/12/2024,09:33:45,51748.3,51750.35,15,51760,255,30,2132955
BANKNIFTY-I.NFO,27/12/2024,09:33:46,51755.25,51752.55,30,51757.95,15,30,2132955
BANKNIFTY-I.NFO,27/12/2024,09:33:48,51760,51753.15,30,51760,330,45,2132955
BANKNIFTY-I.NFO,27/12/2024,09:33:49,51760,51753.15,15,51760,270,60,2132955
BANKNIFTY-I.NFO,27/12/2024,09:33:51,51760,51753.15,15,51760,270,0,2132955
BANKNIFTY-I.NFO,27/12/2024,09:33:53,51760,51753.15,30,51757.25,15,30,2132955
BANKNIFTY-I.NFO,27/12/2024,09:33:54,51760,51753.15,30,51757.25,15,0,2132955
BANKNIFTY-I.NFO,27/12/2024,09:33:56,51760,51753.15,60,51757.25,15,0,2132955
BANKNIFTY-I.NFO,27/12/2024,09:33:59,51759.1,51759.2,45,51764.6,15,450,2132955
BANKNIFTY-I.NFO,27/12/2024,09:34:01,51759.8,51763.75,30,51770,195,90,2132955
BANKNIFTY-I.NFO,27/12/2024,09:34:02,51759.8,51764.8,30,51770,195,0,2132955
BANKNIFTY-I.NFO,27/12/2024,09:34:04,51770,51764.9,60,51770,180,15,2132955
BANKNIFTY-I.NFO,27/12/2024,09:34:06,51770,51768.05,30,51777.15,90,300,2132955
BANKNIFTY-I.NFO,27/12/2024,09:34:07,51769.75,51768.35,30,51779.95,15,15,2132955
BANKNIFTY-I.NFO,27/12/2024,09:34:09,51769.75,51768.35,30,51778.75,120,0,2132955
BANKNIFTY-I.NFO,27/12/2024,09:34:11,51769.75,51768.35,45,51779.2,120,0,2132955
BANKNIFTY-I.NFO,27/12/2024,09:34:12,51769.75,51768.35,45,51769.85,120,0,2132955
BANKNIFTY-I.NFO,27/12/2024,09:34:14,51770,51768.4,15,51773.5,420,30,2132955
BANKNIFTY-I.NFO,27/12/2024,09:34:16,51773.5,51768.4,75,51774.15,120,30,2132955
BANKNIFTY-I.NFO,27/12/2024,09:34:18,51769.55,51768.4,75,51778.95,120,30,2132955
BANKNIFTY-I.NFO,27/12/2024,09:34:19,51769.55,51774.15,15,51778.95,120,0,2132955
BANKNIFTY-I.NFO,27/12/2024,09:34:21,51778.95,51774.15,135,51778.95,120,60,2132955
BANKNIFTY-I.NFO,27/12/2024,09:34:22,51778.75,51774.15,90,51778.95,90,135,2132955
BANKNIFTY-I.NFO,27/12/2024,09:34:24,51758.1,51758.8,15,51769.25,45,180,2132955
BANKNIFTY-I.NFO,27/12/2024,09:34:26,51750.25,51750,15,51757.9,15,75,2132955
BANKNIFTY-I.NFO,27/12/2024,09:34:27,51750,51748.3,15,51757.9,15,15,2132955
BANKNIFTY-I.NFO,27/12/2024,09:34:29,51750,51749.2,15,51764.5,15,105,2132955
BANKNIFTY-I.NFO,27/12/2024,09:34:31,51764.5,51745.65,15,51761.35,300,15,2132955
BANKNIFTY-I.NFO,27/12/2024,09:34:32,51764.5,51753.05,45,51767.3,15,0,2132955
BANKNIFTY-I.NFO,27/12/2024,09:34:34,51748.3,51753.05,45,51766.45,15,60,2132955
BANKNIFTY-I.NFO,27/12/2024,09:34:36,51766.1,51756.75,45,51768.05,90,45,2132955
BANKNIFTY-I.NFO,27/12/2024,09:34:37,51766.1,51766.1,60,51768.05,90,0,2132955
BANKNIFTY-I.NFO,27/12/2024,09:34:39,51766.1,51766.1,60,51768.05,75,30,2132955
BANKNIFTY-I.NFO,27/12/2024,09:34:41,51766.1,51766.1,75,51768.05,195,0,2132955
BANKNIFTY-I.NFO,27/12/2024,09:34:42,51766.1,51750,15,51761.9,15,75,2132955
BANKNIFTY-I.NFO,27/12/2024,09:34:44,51766.1,51750.05,60,51762.2,15,0,2132955
BANKNIFTY-I.NFO,27/12/2024,09:34:46,51766.1,51750.9,15,51763,300,0,2132955
BANKNIFTY-I.NFO,27/12/2024,09:34:47,51766.1,51750.9,30,51759,300,0,2132955
BANKNIFTY-I.NFO,27/12/2024,09:34:49,51761.8,51747.15,15,51762,30,150,2132955
BANKNIFTY-I.NFO,27/12/2024,09:34:51,51759.9,51745.5,15,51759.8,15,30,2132955
BANKNIFTY-I.NFO,27/12/2024,09:34:52,51757.3,51744.6,15,51751.85,300,30,2132955
BANKNIFTY-I.NFO,27/12/2024,09:34:54,51746.2,51744.6,30,51751.6,270,60,2132955
BANKNIFTY-I.NFO,27/12/2024,09:34:56,51744.6,51744.6,15,51753.45,360,15,2132955
BANKNIFTY-I.NFO,27/12/2024,09:34:57,51744.6,51744.6,15,51756.9,300,45,2132955
BANKNIFTY-I.NFO,27/12/2024,09:34:59,51744.6,51746.25,120,51755.3,30,0,2132955
BANKNIFTY-I.NFO,27/12/2024,09:35:01,51755.3,51763.4,15,51766,30,30,2132955
BANKNIFTY-I.NFO,27/12/2024,09:35:02,51749.8,51744.5,120,51753.05,15,90,2132955
BANKNIFTY-I.NFO,27/12/2024,09:35:04,51760.05,51753.05,15,51758.95,60,165,2132955
BANKNIFTY-I.NFO,27/12/2024,09:35:05,51759.35,51746,120,51760.95,15,135,2132955
BANKNIFTY-I.NFO,27/12/2024,09:35:07,51752.7,51752.7,120,51766,30,15,2132955
BANKNIFTY-I.NFO,27/12/2024,09:35:09,51752.7,51752.75,45,51765.95,15,0,2132955
BANKNIFTY-I.NFO,27/12/2024,09:35:10,51752.7,51752.75,45,51760,15,0,2132955
BANKNIFTY-I.NFO,27/12/2024,09:35:12,51752.7,51754.6,120,51760,15,0,2132955
BANKNIFTY-I.NFO,27/12/2024,09:35:14,51764.65,51754.65,60,51765.6,45,30,2132955
BANKNIFTY-I.NFO,27/12/2024,09:35:15,51756.75,51754.7,120,51759.35,15,45,2132955
BANKNIFTY-I.NFO,27/12/2024,09:35:17,51745.15,51745.5,120,51759.35,15,240,2132955
BANKNIFTY-I.NFO,27/12/2024,09:35:19,51745.8,51745.8,120,51759.35,15,15,2132955
BANKNIFTY-I.NFO,27/12/2024,09:35:20,51745.8,51745,165,51759.3,135,0,2132955
BANKNIFTY-I.NFO,27/12/2024,09:35:22,51745.8,51749.15,120,51759.35,30,0,2132955
BANKNIFTY-I.NFO,27/12/2024,09:35:24,51745.8,51746.3,120,51759.35,30,0,2132955
BANKNIFTY-I.NFO,27/12/2024,09:35:25,51745.8,51745.35,30,51754.75,120,0,2132955
BANKNIFTY-I.NFO,27/12/2024,09:35:27,51745.35,51745.35,15,51757.25,120,15,2132955
BANKNIFTY-I.NFO,27/12/2024,09:35:29,51745.35,51745.35,15,51749.25,30,0,2132955
BANKNIFTY-I.NFO,27/12/2024,09:35:30,51742,51741,105,51746.2,30,1185,2132955
BANKNIFTY-I.NFO,27/12/2024,09:35:32,51746.4,51741,90,51744.7,45,90,2132955
BANKNIFTY-I.NFO,27/12/2024,09:35:34,51733.6,51733.55,15,51747.85,45,300,2132955
BANKNIFTY-I.NFO,27/12/2024,09:35:35,51744.7,51733,30,51740.4,15,30,2132955
BANKNIFTY-I.NFO,27/12/2024,09:35:37,51744.65,51735,15,51742.75,15,15,2132955
BANKNIFTY-I.NFO,27/12/2024,09:35:39,51734.05,51733.25,15,51746.95,90,690,2132955
BANKNIFTY-I.NFO,27/12/2024,09:35:40,51734.05,51735,165,51748.3,90,0,2132955
BANKNIFTY-I.NFO,27/12/2024,09:35:42,51735.55,51735,225,51748.85,90,30,2132955
BANKNIFTY-I.NFO,27/12/2024,09:35:44,51735.55,51742.7,15,51749.25,30,0,2132955
BANKNIFTY-I.NFO,27/12/2024,09:35:45,51749.25,51742.7,75,51749.25,15,30,2132955
BANKNIFTY-I.NFO,27/12/2024,09:35:47,51735.1,51736.75,15,51749.25,15,45,2132955
BANKNIFTY-I.NFO,27/12/2024,09:35:49,51753.6,51738.05,120,51753.85,60,90,2132955
BANKNIFTY-I.NFO,27/12/2024,09:35:50,51753.4,51739.6,135,51753.6,285,75,2132955
BANKNIFTY-I.NFO,27/12/2024,09:35:52,51753.4,51735,150,51745.25,30,0,2132955
BANKNIFTY-I.NFO,27/12/2024,09:35:54,51753.4,51735,150,51738.75,15,0,2132955
BANKNIFTY-I.NFO,27/12/2024,09:35:55,51753.4,51735,165,51735.45,15,0,2132955
BANKNIFTY-I.NFO,27/12/2024,09:35:57,51746.3,51735.2,30,51743.8,105,60,2132955
BANKNIFTY-I.NFO,27/12/2024,09:35:59,51735.2,51735,150,51740.75,15,30,2132955
BANKNIFTY-I.NFO,27/12/2024,09:36:00,51735.2,51738.5,120,51749.9,15,0,2132955
BANKNIFTY-I.NFO,27/12/2024,09:36:02,51737.95,51735.35,90,51744.85,15,45,2132955
BANKNIFTY-I.NFO,27/12/2024,09:36:04,51735.35,51735.4,60,51744.9,30,30,2132955
BANKNIFTY-I.NFO,27/12/2024,09:36:05,51744.9,51740,150,51745.05,105,15,2132955
BANKNIFTY-I.NFO,27/12/2024,09:36:07,51740,51740,150,51750,15,15,2132955
BANKNIFTY-I.NFO,27/12/2024,09:36:09,51750,51740,150,51750,15,255,2132955
BANKNIFTY-I.NFO,27/12/2024,09:36:10,51740.05,51740,120,51748,30,90,2132955
BANKNIFTY-I.NFO,27/12/2024,09:36:12,51747.4,51740,120,51748,30,30,2132955
BANKNIFTY-I.NFO,27/12/2024,09:36:14,51747.4,51740.4,15,51747.95,15,0,2132955
BANKNIFTY-I.NFO,27/12/2024,09:36:16,51747.4,51742.65,120,51747.95,15,0,2132955
BANKNIFTY-I.NFO,27/12/2024,09:36:17,51747.4,51742.85,15,51747.95,15,0,2132955
BANKNIFTY-I.NFO,27/12/2024,09:36:19,51747.4,51743.1,120,51747.95,15,0,2132955
BANKNIFTY-I.NFO,27/12/2024,09:36:20,51745,51744.95,75,51748,30,135,2136705
BANKNIFTY-I.NFO,27/12/2024,09:36:22,51750,51745.1,15,51750,105,45,2136705
BANKNIFTY-I.NFO,27/12/2024,09:36:24,51750,51744.95,75,51750,75,60,2136705
BANKNIFTY-I.NFO,27/12/2024,09:36:25,51745,51744.95,135,51749.45,30,90,2136705
BANKNIFTY-I.NFO,27/12/2024,09:36:27,51747.15,51744.95,105,51745.5,15,60,2136705
BANKNIFTY-I.NFO,27/12/2024,09:36:29,51745,51735,15,51736.25,15,345,2136705
BANKNIFTY-I.NFO,27/12/2024,09:36:30,51733.95,51733,90,51734.95,15,150,2136705
BANKNIFTY-I.NFO,27/12/2024,09:36:32,51730,51730,675,51735,45,435,2136705
BANKNIFTY-I.NFO,27/12/2024,09:36:34,51735,51735,45,51747.6,120,45,2136705
BANKNIFTY-I.NFO,27/12/2024,09:36:35,51748.95,51748.95,15,51749,105,30,2136705
BANKNIFTY-I.NFO,27/12/2024,09:36:37,51749,51735.35,90,51749.9,15,45,2136705
BANKNIFTY-I.NFO,27/12/2024,09:36:39,51750,51740,45,51750,195,30,2136705
BANKNIFTY-I.NFO,27/12/2024,09:36:40,51750,51745,105,51750,225,0,2136705
BANKNIFTY-I.NFO,27/12/2024,09:36:42,51750,51745,150,51749,15,0,2136705
BANKNIFTY-I.NFO,27/12/2024,09:36:44,51750,51745.1,30,51749,30,0,2136705
BANKNIFTY-I.NFO,27/12/2024,09:36:45,51750,51745.1,75,51748.95,15,0,2136705
BANKNIFTY-I.NFO,27/12/2024,09:36:47,51745.15,51745.15,15,51748.95,15,30,2136705
BANKNIFTY-I.NFO,27/12/2024,09:36:49,51749,51745.15,15,51750,210,45,2136705
BANKNIFTY-I.NFO,27/12/2024,09:36:50,51753.55,51753.55,15,51753.6,30,255,2136705
BANKNIFTY-I.NFO,27/12/2024,09:36:52,51754.65,51753.55,15,51755,30,30,2136705
BANKNIFTY-I.NFO,27/12/2024,09:36:54,51755.35,51753.55,15,51757,15,45,2136705
BANKNIFTY-I.NFO,27/12/2024,09:36:55,51753.55,51753,90,51757,15,15,2136705
BANKNIFTY-I.NFO,27/12/2024,09:36:57,51753.55,51751.1,15,51757,15,0,2136705
BANKNIFTY-I.NFO,27/12/2024,09:36:59,51753.55,51752.6,15,51757,15,0,2136705
BANKNIFTY-I.NFO,27/12/2024,09:37:00,51751.15,51752.95,15,51756.95,15,60,2136705
BANKNIFTY-I.NFO,27/12/2024,09:37:02,51761,51757.75,15,51765,15,75,2136705
BANKNIFTY-I.NFO,27/12/2024,09:37:03,51765,51757.75,30,51766,30,15,2136705
BANKNIFTY-I.NFO,27/12/2024,09:37:05,51765,51757.75,30,51766,30,0,2136705
BANKNIFTY-I.NFO,27/12/2024,09:37:07,51757.75,51757.5,15,51766,30,240,2136705
BANKNIFTY-I.NFO,27/12/2024,09:37:08,51757.75,51758.5,15,51766,30,0,2136705
BANKNIFTY-I.NFO,27/12/2024,09:37:10,51769.9,51759.8,15,51769.9,90,165,2136705
BANKNIFTY-I.NFO,27/12/2024,09:37:12,51757.75,51756.95,15,51764.75,120,30,2136705
BANKNIFTY-I.NFO,27/12/2024,09:37:13,51760.25,51756.95,15,51759.3,120,15,2136705
BANKNIFTY-I.NFO,27/12/2024,09:37:15,51753.55,51745.1,15,51755.15,150,30,2136705
BANKNIFTY-I.NFO,27/12/2024,09:37:17,51753.55,51745.75,15,51756.9,120,0,2136705
BANKNIFTY-I.NFO,27/12/2024,09:37:18,51756.95,51750.9,105,51756.95,75,15,2136705
BANKNIFTY-I.NFO,27/12/2024,09:37:20,51756.95,51748.5,15,51756.95,75,0,2136705
BANKNIFTY-I.NFO,27/12/2024,09:37:22,51755.85,51745.1,15,51755.65,45,90,2136705
BANKNIFTY-I.NFO,27/12/2024,09:37:23,51755.85,51745.1,30,51755,45,0,2136705
BANKNIFTY-I.NFO,27/12/2024,09:37:25,51755.85,51745.1,30,51753.35,75,0,2136705
BANKNIFTY-I.NFO,27/12/2024,09:37:27,51749.95,51745.1,45,51749.5,30,45,2136705
BANKNIFTY-I.NFO,27/12/2024,09:37:28,51749.95,51745.1,45,51751.8,30,0,2136705
BANKNIFTY-I.NFO,27/12/2024,09:37:30,51752.5,51749.95,15,51755,900,105,2136705
BANKNIFTY-I.NFO,27/12/2024,09:37:32,51752.5,51750.05,15,51752.35,45,0,2136705
BANKNIFTY-I.NFO,27/12/2024,09:37:33,51750.05,51750.05,15,51754.45,15,15,2136705
BANKNIFTY-I.NFO,27/12/2024,09:37:35,51750,51750.05,15,51754.85,15,30,2136705
BANKNIFTY-I.NFO,27/12/2024,09:37:37,51750,51749.95,15,51754.85,15,45,2136705
BANKNIFTY-I.NFO,27/12/2024,09:37:38,51752.4,51750,15,51754.95,15,15,2136705
BANKNIFTY-I.NFO,27/12/2024,09:37:40,51752.45,51750,15,51752.5,300,30,2136705
BANKNIFTY-I.NFO,27/12/2024,09:37:42,51745.1,51745.1,30,51746.7,30,195,2136705
BANKNIFTY-I.NFO,27/12/2024,09:37:43,51746.7,51745.1,45,51745.3,15,60,2136705
BANKNIFTY-I.NFO,27/12/2024,09:37:45,51745.15,51745.15,30,51746.1,15,120,2136705
BANKNIFTY-I.NFO,27/12/2024,09:37:47,51745.1,51735,15,51740.1,15,60,2136705
BANKNIFTY-I.NFO,27/12/2024,09:37:48,51745.1,51735,15,51735.6,15,0,2136705
BANKNIFTY-I.NFO,27/12/2024,09:37:50,51735.6,51735.6,60,51738,15,30,2136705
BANKNIFTY-I.NFO,27/12/2024,09:37:52,51736.05,51736,15,51740,15,30,2136705
BANKNIFTY-I.NFO,27/12/2024,09:37:53,51737,51736,75,51740.55,15,15,2136705
BANKNIFTY-I.NFO,27/12/2024,09:37:55,51737,51736,75,51736.25,15,0,2136705
BANKNIFTY-I.NFO,27/12/2024,09:37:57,51736,51736.05,30,51737.1,15,30,2136705
BANKNIFTY-I.NFO,27/12/2024,09:37:58,51736.05,51736.05,30,51736.15,15,30,2136705
BANKNIFTY-I.NFO,27/12/2024,09:38:00,51736.1,51737,15,51737.8,15,15,2136705
BANKNIFTY-I.NFO,27/12/2024,09:38:02,51737.3,51737.05,120,51739.95,15,45,2136705
BANKNIFTY-I.NFO,27/12/2024,09:38:03,51743.25,51737.15,120,51750.25,90,30,2136705
BANKNIFTY-I.NFO,27/12/2024,09:38:05,51744.2,51743.15,120,51752.5,300,30,2136705
BANKNIFTY-I.NFO,27/12/2024,09:38:07,51737.15,51743.15,30,51744.8,15,90,2136705
BANKNIFTY-I.NFO,27/12/2024,09:38:08,51737.15,51743.2,15,51743.35,15,0,2136705
BANKNIFTY-I.NFO,27/12/2024,09:38:10,51743.25,51745.8,120,51752.45,15,45,2136705
BANKNIFTY-I.NFO,27/12/2024,09:38:12,51743.25,51745.85,120,51749.95,15,0,2136705
BANKNIFTY-I.NFO,27/12/2024,09:38:14,51749.95,51749.95,15,51750,30,135,2136705
BANKNIFTY-I.NFO,27/12/2024,09:38:15,51750,51749.95,15,51752.5,300,75,2136705
BANKNIFTY-I.NFO,27/12/2024,09:38:17,51750,51750.05,15,51751.25,15,0,2136705
BANKNIFTY-I.NFO,27/12/2024,09:38:19,51743.7,51737.1,15,51743.5,15,210,2136705
BANKNIFTY-I.NFO,27/12/2024,09:38:20,51735,51731,75,51736.8,180,150,2136705
BANKNIFTY-I.NFO,27/12/2024,09:38:22,51729.7,51728,90,51728.95,15,390,2136705
BANKNIFTY-I.NFO,27/12/2024,09:38:24,51729.7,51728,90,51728.1,15,0,2136705
BANKNIFTY-I.NFO,27/12/2024,09:38:25,51728,51728,60,51729.15,15,30,2136705
BANKNIFTY-I.NFO,27/12/2024,09:38:27,51728,51728,60,51728.05,15,0,2136705
BANKNIFTY-I.NFO,27/12/2024,09:38:29,51728,51730,15,51730.15,15,15,2136705
BANKNIFTY-I.NFO,27/12/2024,09:38:30,51730.15,51730,30,51731.9,15,30,2136705
BANKNIFTY-I.NFO,27/12/2024,09:38:32,51730.95,51730,90,51731.05,15,15,2136705
BANKNIFTY-I.NFO,27/12/2024,09:38:34,51730.05,51730,75,51730.1,15,15,2136705
BANKNIFTY-I.NFO,27/12/2024,09:38:35,51730.25,51728,30,51730.35,15,120,2136705
BANKNIFTY-I.NFO,27/12/2024,09:38:37,51725.2,51725.2,60,51725.45,30,105,2136705
BANKNIFTY-I.NFO,27/12/2024,09:38:39,51725.6,51725.5,150,51726.7,15,75,2136705
BANKNIFTY-I.NFO,27/12/2024,09:38:40,51725.55,51725.5,150,51726.7,15,30,2136705
BANKNIFTY-I.NFO,27/12/2024,09:38:42,51725.5,51725.5,135,51725.65,15,15,2136705
BANKNIFTY-I.NFO,27/12/2024,09:38:44,51725.55,51725.65,15,51725.85,15,15,2136705
BANKNIFTY-I.NFO,27/12/2024,09:38:45,51725.5,51725.5,120,51725.55,270,90,2136705
BANKNIFTY-I.NFO,27/12/2024,09:38:47,51725.55,51725.5,135,51728,15,270,2136705
BANKNIFTY-I.NFO,27/12/2024,09:38:49,51725.2,51725.2,30,51728,15,180,2136705
BANKNIFTY-I.NFO,27/12/2024,09:38:50,51725.2,51725.2,45,51728,15,0,2136705
BANKNIFTY-I.NFO,27/12/2024,09:38:52,51725.2,51725.4,15,51728,15,15,2136705
BANKNIFTY-I.NFO,27/12/2024,09:38:54,51728,51725.4,15,51732.75,150,15,2136705
BANKNIFTY-I.NFO,27/12/2024,09:38:55,51718,51715.95,15,51720.95,105,1320,2136705
BANKNIFTY-I.NFO,27/12/2024,09:38:57,51713,51712.95,45,51713.95,15,105,2136705
BANKNIFTY-I.NFO,27/12/2024,09:38:59,51715.9,51710.7,30,51715.9,15,270,2136705
BANKNIFTY-I.NFO,27/12/2024,09:39:00,51710.7,51709.05,45,51719.95,30,270,2136705
BANKNIFTY-I.NFO,27/12/2024,09:39:02,51709.9,51710.7,30,51719.95,30,690,2136705
BANKNIFTY-I.NFO,27/12/2024,09:39:04,51719.95,51719.95,15,51721.9,30,30,2136705
BANKNIFTY-I.NFO,27/12/2024,09:39:05,51723.7,51719.75,30,51723.8,15,105,2136705
BANKNIFTY-I.NFO,27/12/2024,09:39:07,51719.75,51715.05,30,51719.95,45,30,2136705
BANKNIFTY-I.NFO,27/12/2024,09:39:08,51719.95,51723.8,180,51725,60,45,2136705
BANKNIFTY-I.NFO,27/12/2024,09:39:10,51725,51723.8,165,51725,45,30,2136705
BANKNIFTY-I.NFO,27/12/2024,09:39:12,51723.8,51714.55,30,51729.05,15,225,2136705
BANKNIFTY-I.NFO,27/12/2024,09:39:13,51723.8,51714.6,30,51725,135,0,2136705
BANKNIFTY-I.NFO,27/12/2024,09:39:15,51714.6,51720,105,51726.35,45,30,2136705
BANKNIFTY-I.NFO,27/12/2024,09:39:17,51712.5,51724.6,15,51727.8,120,210,2136705
BANKNIFTY-I.NFO,27/12/2024,09:39:18,51710.65,51713.3,30,51728.3,135,105,2136705
BANKNIFTY-I.NFO,27/12/2024,09:39:20,51728,51727.8,60,51730.25,120,165,2137170
BANKNIFTY-I.NFO,27/12/2024,09:39:22,51727.8,51727.8,15,51730.9,120,45,2137170
BANKNIFTY-I.NFO,27/12/2024,09:39:23,51727.8,51727.8,15,51727.9,15,0,2137170
BANKNIFTY-I.NFO,27/12/2024,09:39:25,51728.9,51730.9,30,51735.9,105,195,2137170
BANKNIFTY-I.NFO,27/12/2024,09:39:27,51730.9,51728.9,120,51735.25,90,30,2137170
BANKNIFTY-I.NFO,27/12/2024,09:39:28,51735.15,51728.9,90,51735.15,45,90,2137170
BANKNIFTY-I.NFO,27/12/2024,09:39:30,51735.15,51728.9,90,51736.45,45,0,2137170
BANKNIFTY-I.NFO,27/12/2024,09:39:32,51734.95,51728.9,135,51734.95,15,30,2137170
BANKNIFTY-I.NFO,27/12/2024,09:39:33,51734.95,51728.9,135,51735,30,0,2137170
BANKNIFTY-I.NFO,27/12/2024,09:39:35,51728.9,51721.4,30,51725.25,15,135,2137170
BANKNIFTY-I.NFO,27/12/2024,09:39:37,51728.9,51721.4,30,51726.15,15,0,2137170
BANKNIFTY-I.NFO,27/12/2024,09:39:38,51725.7,51721.4,30,51726.05,15,30,2137170
BANKNIFTY-I.NFO,27/12/2024,09:39:40,51728.25,51722,30,51728.25,60,45,2137170
BANKNIFTY-I.NFO,27/12/2024,09:39:42,51728.2,51722,30,51728.25,15,30,2137170
BANKNIFTY-I.NFO,27/12/2024,09:39:43,51728.2,51728.9,15,51730.7,60,0,2137170
BANKNIFTY-I.NFO,27/12/2024,09:39:45,51728.2,51728.9,15,51730.9,30,0,2137170
BANKNIFTY-I.NFO,27/12/2024,09:39:47,51722,51722,30,51729.8,15,30,2137170
BANKNIFTY-I.NFO,27/12/2024,09:39:48,51722,51728.25,15,51730.9,30,0,2137170
BANKNIFTY-I.NFO,27/12/2024,09:39:50,51728.25,51728.25,30,51733.3,15,75,2137170
BANKNIFTY-I.NFO,27/12/2024,09:39:52,51728.25,51728.25,15,51734.95,45,30,2137170
BANKNIFTY-I.NFO,27/12/2024,09:39:53,51728.25,51728.25,15,51734.95,45,0,2137170
BANKNIFTY-I.NFO,27/12/2024,09:39:55,51728.25,51733.4,15,51734.95,45,0,2137170
BANKNIFTY-I.NFO,27/12/2024,09:39:57,51734.95,51733.4,15,51734.95,30,15,2137170
BANKNIFTY-I.NFO,27/12/2024,09:39:58,51734.95,51733.4,15,51734.95,30,0,2137170
BANKNIFTY-I.NFO,27/12/2024,09:40:00,51733.4,51731.4,120,51734.95,30,15,2137170
BANKNIFTY-I.NFO,27/12/2024,09:40:02,51738.8,51733.4,120,51740,15,135,2137170
BANKNIFTY-I.NFO,27/12/2024,09:40:03,51745,51735.95,15,51747,30,60,2137170
BANKNIFTY-I.NFO,27/12/2024,09:40:05,51747,51733.5,45,51745.7,15,15,2137170
BANKNIFTY-I.NFO,27/12/2024,09:40:07,51747,51735.2,15,51747,15,0,2137170
BANKNIFTY-I.NFO,27/12/2024,09:40:08,51747,51733.5,45,51743.25,45,0,2137170
BANKNIFTY-I.NFO,27/12/2024,09:40:10,51733.5,51728.25,15,51736.25,75,45,2137170
BANKNIFTY-I.NFO,27/12/2024,09:40:12,51735.95,51728.25,45,51736.25,75,15,2137170
BANKNIFTY-I.NFO,27/12/2024,09:40:13,51735.95,51728.25,45,51736.25,75,0,2137170
BANKNIFTY-I.NFO,27/12/2024,09:40:15,51736.25,51728.25,45,51736.25,60,15,2137170
BANKNIFTY-I.NFO,27/12/2024,09:40:17,51736.25,51728.25,30,51733.5,15,0,2137170
BANKNIFTY-I.NFO,27/12/2024,09:40:18,51736.25,51728.25,30,51730.95,75,0,2137170
BANKNIFTY-I.NFO,27/12/2024,09:40:20,51725,51721.5,15,51728.15,75,45,2137170
BANKNIFTY-I.NFO,27/12/2024,09:40:22,51721.5,51721.5,30,51725.2,75,15,2137170
BANKNIFTY-I.NFO,27/12/2024,09:40:23,51725.1,51721.5,30,51729.8,75,15,2137170
BANKNIFTY-I.NFO,27/12/2024,09:40:25,51721.5,51721.5,15,51725.4,15,30,2137170
BANKNIFTY-I.NFO,27/12/2024,09:40:27,51721.5,51720.85,15,51731.15,15,15,2137170
BANKNIFTY-I.NFO,27/12/2024,09:40:28,51721.65,51721.85,120,51736.2,75,75,2137170
BANKNIFTY-I.NFO,27/12/2024,09:40:30,51721.05,51721.05,120,51732.55,75,30,2137170
BANKNIFTY-I.NFO,27/12/2024,09:40:32,51721.05,51721.05,30,51725,30,0,2137170
BANKNIFTY-I.NFO,27/12/2024,09:40:33,51721.95,51721.95,585,51725,30,15,2137170
BANKNIFTY-I.NFO,27/12/2024,09:40:35,51736.25,51725.6,120,51737,60,75,2137170
BANKNIFTY-I.NFO,27/12/2024,09:40:37,51737,51728.85,120,51737,30,30,2137170
BANKNIFTY-I.NFO,27/12/2024,09:40:38,51737,51729.15,120,51737,15,15,2137170
BANKNIFTY-I.NFO,27/12/2024,09:40:40,51741.45,51732.65,30,51735,15,30,2137170
BANKNIFTY-I.NFO,27/12/2024,09:40:42,51735,51735.4,120,51747,30,15,2137170
BANKNIFTY-I.NFO,27/12/2024,09:40:43,51735,51735.4,60,51747,30,0,2137170
BANKNIFTY-I.NFO,27/12/2024,09:40:45,51735,51734.9,30,51747,30,300,2137170
BANKNIFTY-I.NFO,27/12/2024,09:40:46,51735,51729.45,30,51742.3,15,0,2137170
BANKNIFTY-I.NFO,27/12/2024,09:40:48,51734.8,51732.8,30,51747,30,15,2137170
BANKNIFTY-I.NFO,27/12/2024,09:40:50,51734.8,51734.1,30,51746,15,0,2137170
BANKNIFTY-I.NFO,27/12/2024,09:40:51,51746,51734.7,30,51747,30,15,2137170
BANKNIFTY-I.NFO,27/12/2024,09:40:53,51734.9,51735.85,30,51747,30,30,2137170
BANKNIFTY-I.NFO,27/12/2024,09:40:55,51734.9,51735.85,15,51746.95,120,0,2137170
BANKNIFTY-I.NFO,27/12/2024,09:40:56,51747,51746,15,51748,15,30,2137170
BANKNIFTY-I.NFO,27/12/2024,09:40:58,51747,51746,45,51747.95,15,15,2137170
BANKNIFTY-I.NFO,27/12/2024,09:40:59,51747,51746,45,51747.95,15,0,2137170
BANKNIFTY-I.NFO,27/12/2024,09:41:01,51747.95,51746,45,51748,15,15,2137170
BANKNIFTY-I.NFO,27/12/2024,09:41:03,51750,51750.25,45,51755,30,210,2137170
BANKNIFTY-I.NFO,27/12/2024,09:41:04,51755,51750.55,30,51755,15,15,2137170
BANKNIFTY-I.NFO,27/12/2024,09:41:06,51759,51756.95,30,51760,90,30,2137170
BANKNIFTY-I.NFO,27/12/2024,09:41:08,51770,51760.8,30,51770,15,180,2137170
BANKNIFTY-I.NFO,27/12/2024,09:41:09,51762.85,51762.85,15,51775,150,30,2137170
BANKNIFTY-I.NFO,27/12/2024,09:41:11,51764.15,51767.35,30,51775,120,60,2137170
BANKNIFTY-I.NFO,27/12/2024,09:41:13,51776.95,51770.7,30,51777,60,165,2137170
BANKNIFTY-I.NFO,27/12/2024,09:41:14,51785,51775.4,30,51785,825,705,2137170
BANKNIFTY-I.NFO,27/12/2024,09:41:16,51785,51775.4,30,51783.65,15,30,2137170
BANKNIFTY-I.NFO,27/12/2024,09:41:18,51784.25,51775.4,15,51784.4,15,60,2137170
BANKNIFTY-I.NFO,27/12/2024,09:41:19,51764.65,51765.85,15,51780.75,120,90,2137170
BANKNIFTY-I.NFO,27/12/2024,09:41:21,51780.45,51769.8,15,51780.45,120,15,2137170
BANKNIFTY-I.NFO,27/12/2024,09:41:23,51780,51769.8,15,51782.75,120,30,2137170
BANKNIFTY-I.NFO,27/12/2024,09:41:24,51778.85,51769.8,15,51775.4,120,15,2137170
BANKNIFTY-I.NFO,27/12/2024,09:41:26,51778.85,51769.8,15,51780,15,0,2137170
BANKNIFTY-I.NFO,27/12/2024,09:41:28,51780,51769.8,15,51782.1,120,15,2137170
BANKNIFTY-I.NFO,27/12/2024,09:41:29,51784.25,51770.95,15,51783.1,120,30,2137170
BANKNIFTY-I.NFO,27/12/2024,09:41:31,51783.15,51769.8,15,51783.2,120,15,2137170
BANKNIFTY-I.NFO,27/12/2024,09:41:33,51783.15,51770.7,15,51784.2,120,15,2137170
BANKNIFTY-I.NFO,27/12/2024,09:41:34,51769.8,51770.05,15,51780.15,120,15,2137170
BANKNIFTY-I.NFO,27/12/2024,09:41:36,51778.5,51765.6,15,51779.95,120,930,2137170
BANKNIFTY-I.NFO,27/12/2024,09:41:38,51778,51763.8,15,51777.35,120,30,2137170
BANKNIFTY-I.NFO,27/12/2024,09:41:39,51779.5,51766.45,15,51779.85,120,60,2137170
BANKNIFTY-I.NFO,27/12/2024,09:41:41,51779.5,51766.45,15,51778.6,120,0,2137170
BANKNIFTY-I.NFO,27/12/2024,09:41:43,51779.5,51764.55,15,51777.95,120,0,2137170
BANKNIFTY-I.NFO,27/12/2024,09:41:44,51775.55,51762,15,51775.4,15,30,2137170
BANKNIFTY-I.NFO,27/12/2024,09:41:46,51777.95,51765.95,75,51778,15,30,2137170
BANKNIFTY-I.NFO,27/12/2024,09:41:48,51777.95,51764.95,15,51777.95,120,0,2137170
BANKNIFTY-I.NFO,27/12/2024,09:41:49,51775.55,51764.95,15,51776.6,120,15,2137170
BANKNIFTY-I.NFO,27/12/2024,09:41:51,51770.9,51765,15,51770.9,120,45,2137170
BANKNIFTY-I.NFO,27/12/2024,09:41:53,51765,51764.95,15,51774.55,120,30,2137170
BANKNIFTY-I.NFO,27/12/2024,09:41:54,51774.55,51764.95,15,51776,120,15,2137170
BANKNIFTY-I.NFO,27/12/2024,09:41:56,51774.55,51774.45,15,51778,15,105,2137170
BANKNIFTY-I.NFO,27/12/2024,09:41:58,51774.55,51774.45,15,51778,15,0,2137170
BANKNIFTY-I.NFO,27/12/2024,09:42:01,51783.15,51776,150,51784,165,1950,2137170
BANKNIFTY-I.NFO,27/12/2024,09:42:03,51774.5,51776.4,120,51784,150,30,2137170
BANKNIFTY-I.NFO,27/12/2024,09:42:04,51785,51778.25,120,51785,870,225,2137170
BANKNIFTY-I.NFO,27/12/2024,09:42:06,51790,51790,45,51791,120,1530,2137170
BANKNIFTY-I.NFO,27/12/2024,09:42:08,51791,51790,15,51791,105,45,2137170
BANKNIFTY-I.NFO,27/12/2024,09:42:09,51790,51780.95,120,51790,15,75,2137170
BANKNIFTY-I.NFO,27/12/2024,09:42:11,51797.45,51785.45,120,51798,15,165,2137170
BANKNIFTY-I.NFO,27/12/2024,09:42:13,51790,51781.45,15,51790,690,225,2137170
BANKNIFTY-I.NFO,27/12/2024,09:42:14,51790,51780.9,120,51790,540,180,2137170
BANKNIFTY-I.NFO,27/12/2024,09:42:16,51790,51784.65,150,51790,525,15,2137170
BANKNIFTY-I.NFO,27/12/2024,09:42:18,51790,51780.9,15,51790,510,30,2137170
BANKNIFTY-I.NFO,27/12/2024,09:42:19,51790,51784.1,150,51790,420,285,2137170
BANKNIFTY-I.NFO,27/12/2024,09:42:21,51790,51790,15,51795,15,495,2133435
BANKNIFTY-I.NFO,27/12/2024,09:42:23,51790,51790,90,51795,15,30,2133435
BANKNIFTY-I.NFO,27/12/2024,09:42:24,51795,51799.25,15,51799.4,15,15,2133435
BANKNIFTY-I.NFO,27/12/2024,09:42:26,51794.6,51790,15,51794.35,75,60,2133435
BANKNIFTY-I.NFO,27/12/2024,09:42:28,51796.85,51790,15,51796.85,15,60,2133435
BANKNIFTY-I.NFO,27/12/2024,09:42:29,51796.55,51790,15,51796.9,15,15,2133435
BANKNIFTY-I.NFO,27/12/2024,09:42:31,51793.75,51790,15,51794.9,75,60,2133435
BANKNIFTY-I.NFO,27/12/2024,09:42:33,51794.85,51790,15,51795,45,75,2133435
BANKNIFTY-I.NFO,27/12/2024,09:42:34,51781.45,51781.55,45,51790,15,90,2133435
BANKNIFTY-I.NFO,27/12/2024,09:42:36,51780.15,51780.05,15,51790,15,15,2133435
BANKNIFTY-I.NFO,27/12/2024,09:42:38,51780,51780,210,51787.2,45,15,2133435
BANKNIFTY-I.NFO,27/12/2024,09:42:39,51780,51782.7,45,51790,15,0,2133435
BANKNIFTY-I.NFO,27/12/2024,09:42:41,51782.55,51783.8,15,51797.5,45,60,2133435
BANKNIFTY-I.NFO,27/12/2024,09:42:43,51795,51795,765,51798.95,45,135,2133435
BANKNIFTY-I.NFO,27/12/2024,09:42:44,51795,51795,795,51799,30,0,2133435
BANKNIFTY-I.NFO,27/12/2024,09:42:46,51798.95,51795,780,51798.95,30,15,2133435
BANKNIFTY-I.NFO,27/12/2024,09:42:48,51795,51795,750,51798.95,15,75,2133435
BANKNIFTY-I.NFO,27/12/2024,09:42:49,51795,51795,720,51798.95,15,30,2133435
BANKNIFTY-I.NFO,27/12/2024,09:42:51,51798.95,51795,720,51799,60,15,2133435
BANKNIFTY-I.NFO,27/12/2024,09:42:53,51798.95,51795,720,51799,60,0,2133435
BANKNIFTY-I.NFO,27/12/2024,09:42:54,51799,51795,720,51799,45,15,2133435
BANKNIFTY-I.NFO,27/12/2024,09:42:56,51795,51795,705,51799,45,15,2133435
BANKNIFTY-I.NFO,27/12/2024,09:42:58,51799,51795,675,51798.95,15,45,2133435
BANKNIFTY-I.NFO,27/12/2024,09:42:59,51799.25,51795,675,51799.25,15,75,2133435
BANKNIFTY-I.NFO,27/12/2024,09:43:01,51795,51795,660,51799.25,15,15,2133435
BANKNIFTY-I.NFO,27/12/2024,09:43:03,51799.25,51799,60,51799.95,45,15,2133435
BANKNIFTY-I.NFO,27/12/2024,09:43:04,51799,51799,45,51799.95,30,60,2133435
BANKNIFTY-I.NFO,27/12/2024,09:43:06,51799.95,51799,15,51799.95,15,45,2133435
BANKNIFTY-I.NFO,27/12/2024,09:43:08,51798,51798.05,15,51799.95,15,75,2133435
BANKNIFTY-I.NFO,27/12/2024,09:43:09,51795,51795,600,51799,105,60,2133435
BANKNIFTY-I.NFO,27/12/2024,09:43:11,51799,51795,600,51799,90,30,2133435
BANKNIFTY-I.NFO,27/12/2024,09:43:13,51795,51795,600,51799,45,75,2133435
BANKNIFTY-I.NFO,27/12/2024,09:43:14,51795.05,51795.05,45,51799,15,45,2133435
BANKNIFTY-I.NFO,27/12/2024,09:43:16,51799,51795.65,15,51799.95,15,30,2133435
BANKNIFTY-I.NFO,27/12/2024,09:43:18,51800,51795.75,30,51800,840,135,2133435
BANKNIFTY-I.NFO,27/12/2024,09:43:19,51805,51799.8,15,51805,150,930,2133435
BANKNIFTY-I.NFO,27/12/2024,09:43:21,51805,51800.05,15,51805,150,0,2133435
BANKNIFTY-I.NFO,27/12/2024,09:43:23,51805,51800.05,15,51805,135,15,2133435
BANKNIFTY-I.NFO,27/12/2024,09:43:24,51800,51795,630,51800,1320,75,2133435
BANKNIFTY-I.NFO,27/12/2024,09:43:26,51795,51795,510,51800,1305,135,2133435
BANKNIFTY-I.NFO,27/12/2024,09:43:28,51800,51795,510,51800,1275,30,2133435
BANKNIFTY-I.NFO,27/12/2024,09:43:29,51800,51795,510,51800,1275,0,2133435
BANKNIFTY-I.NFO,27/12/2024,09:43:31,51796.75,51795,450,51796.75,15,75,2133435
BANKNIFTY-I.NFO,27/12/2024,09:43:33,51796.75,51795,450,51796.75,15,0,2133435
BANKNIFTY-I.NFO,27/12/2024,09:43:34,51796.75,51795,450,51799.05,600,0,2133435
BANKNIFTY-I.NFO,27/12/2024,09:43:36,51799.05,51795,525,51799.05,585,15,2133435
BANKNIFTY-I.NFO,27/12/2024,09:43:38,51800,51796.7,15,51800,1335,600,2133435
BANKNIFTY-I.NFO,27/12/2024,09:43:39,51800,51796.7,45,51800,1770,60,2133435
BANKNIFTY-I.NFO,27/12/2024,09:43:41,51800,51796.7,45,51800,1320,495,2133435
BANKNIFTY-I.NFO,27/12/2024,09:43:43,51800.05,51800,75,51805,180,1410,2133435
BANKNIFTY-I.NFO,27/12/2024,09:43:44,51805,51800.1,15,51805,120,75,2133435
BANKNIFTY-I.NFO,27/12/2024,09:43:46,51805,51800.75,120,51805,45,75,2133435
BANKNIFTY-I.NFO,27/12/2024,09:43:48,51803.75,51805,60,51810,120,75,2133435
BANKNIFTY-I.NFO,27/12/2024,09:43:49,51810,51805,60,51810,75,90,2133435
BANKNIFTY-I.NFO,27/12/2024,09:43:51,51810,51805.05,30,51810,75,0,2133435
BANKNIFTY-I.NFO,27/12/2024,09:43:53,51810,51805.05,105,51810,75,15,2133435
BANKNIFTY-I.NFO,27/12/2024,09:43:54,51810,51805.05,165,51809.35,45,75,2133435
BANKNIFTY-I.NFO,27/12/2024,09:43:56,51810,51798,120,51811,90,405,2133435
BANKNIFTY-I.NFO,27/12/2024,09:43:58,51810,51796.1,15,51808.8,45,15,2133435
BANKNIFTY-I.NFO,27/12/2024,09:43:59,51807.85,51798.25,150,51810,15,15,2133435
BANKNIFTY-I.NFO,27/12/2024,09:44:01,51811,51809.95,15,51813.3,30,105,2133435
BANKNIFTY-I.NFO,27/12/2024,09:44:03,51806.55,51805.2,150,51813.3,15,60,2133435
BANKNIFTY-I.NFO,27/12/2024,09:44:04,51813.3,51810.95,15,51815,105,15,2133435
BANKNIFTY-I.NFO,27/12/2024,09:44:06,51819,51814.3,15,51819.9,30,735,2133435
BANKNIFTY-I.NFO,27/12/2024,09:44:08,51814.35,51811.45,15,51817.05,15,60,2133435
BANKNIFTY-I.NFO,27/12/2024,09:44:09,51819.9,51819.9,135,51820,405,15,2133435
BANKNIFTY-I.NFO,27/12/2024,09:44:11,51819.95,51819.95,15,51820,375,60,2133435
BANKNIFTY-I.NFO,27/12/2024,09:44:13,51811.45,51807.05,15,51820,375,240,2133435
BANKNIFTY-I.NFO,27/12/2024,09:44:14,51820,51819.9,30,51820,390,105,2133435
BANKNIFTY-I.NFO,27/12/2024,09:44:16,51801.2,51800,15,51812.2,15,45,2133435
BANKNIFTY-I.NFO,27/12/2024,09:44:18,51813.8,51802.25,30,51816.2,15,60,2133435
BANKNIFTY-I.NFO,27/12/2024,09:44:19,51813.8,51805.45,15,51819.8,15,0,2133435
BANKNIFTY-I.NFO,27/12/2024,09:44:21,51818.15,51805.45,45,51813.8,30,30,2133435
BANKNIFTY-I.NFO,27/12/2024,09:44:23,51820,51805.5,30,51818.95,45,90,2133435
BANKNIFTY-I.NFO,27/12/2024,09:44:24,51805.55,51807.8,45,51820,495,15,2133435
BANKNIFTY-I.NFO,27/12/2024,09:44:26,51816.2,51816.2,15,51820,435,90,2133435
BANKNIFTY-I.NFO,27/12/2024,09:44:28,51816.2,51816.2,45,51820,435,0,2133435
BANKNIFTY-I.NFO,27/12/2024,09:44:29,51816.2,51816.2,15,51820,450,30,2133435
BANKNIFTY-I.NFO,27/12/2024,09:44:31,51820,51811.3,15,51820,450,45,2133435
BANKNIFTY-I.NFO,27/12/2024,09:44:33,51811.3,51811.25,30,51820,450,15,2133435
BANKNIFTY-I.NFO,27/12/2024,09:44:34,51820,51807.9,165,51815,15,30,2133435
BANKNIFTY-I.NFO,27/12/2024,09:44:36,51815,51805.55,30,51816.2,15,15,2133435
BANKNIFTY-I.NFO,27/12/2024,09:44:38,51815,51808.65,120,51816.2,15,0,2133435
BANKNIFTY-I.NFO,27/12/2024,09:44:39,51820,51811.25,45,51815,15,135,2133435
BANKNIFTY-I.NFO,27/12/2024,09:44:41,51811.25,51807,15,51815,15,15,2133435
BANKNIFTY-I.NFO,27/12/2024,09:44:43,51811.25,51805.55,30,51815,15,0,2133435
BANKNIFTY-I.NFO,27/12/2024,09:44:46,51820,51807.25,15,51815,15,165,2133435
BANKNIFTY-I.NFO,27/12/2024,09:44:48,51808.55,51808.55,15,51811.25,15,180,2133435
BANKNIFTY-I.NFO,27/12/2024,09:44:49,51808.55,51808.5,15,51815,15,30,2133435
BANKNIFTY-I.NFO,27/12/2024,09:44:51,51820,51820,300,51821,60,300,2133435
BANKNIFTY-I.NFO,27/12/2024,09:44:53,51822.9,51820.05,30,51823.4,15,150,2133435
BANKNIFTY-I.NFO,27/12/2024,09:44:54,51824,51820.05,15,51824,30,45,2133435
BANKNIFTY-I.NFO,27/12/2024,09:44:56,51820,51820,285,51823.25,45,60,2133435
BANKNIFTY-I.NFO,27/12/2024,09:44:58,51820,51820.05,15,51822.4,15,120,2133435
BANKNIFTY-I.NFO,27/12/2024,09:44:59,51820,51820,795,51820.3,15,30,2133435
BANKNIFTY-I.NFO,27/12/2024,09:45:01,51825,51820,810,51825,60,630,2133435
BANKNIFTY-I.NFO,27/12/2024,09:45:03,51837.5,51822.75,15,51837.55,45,2250,2133435
BANKNIFTY-I.NFO,27/12/2024,09:45:04,51820,51820,1065,51822.9,15,30,2133435
BANKNIFTY-I.NFO,27/12/2024,09:45:06,51825.4,51825.5,15,51839,30,195,2133435
BANKNIFTY-I.NFO,27/12/2024,09:45:08,51871.8,51868.25,30,51870.9,30,12165,2133435
BANKNIFTY-I.NFO,27/12/2024,09:45:08,51875,51868.25,30,51870.9,30,0,2133435
BANKNIFTY-I.NFO,27/12/2024,09:45:09,51873.35,51868.25,30,51871.75,30,945,2133435
BANKNIFTY-I.NFO,27/12/2024,09:45:09,51875.3,51868.25,30,51871.75,30,0,2133435
BANKNIFTY-I.NFO,27/12/2024,09:45:11,51868.3,51868.3,15,51872.85,75,735,2133435
BANKNIFTY-I.NFO,27/12/2024,09:45:13,51871.3,51861.35,105,51872.05,15,405,2133435
BANKNIFTY-I.NFO,27/12/2024,09:45:14,51873.45,51868.3,15,51873.45,75,135,2133435
BANKNIFTY-I.NFO,27/12/2024,09:45:16,51873.6,51873.65,45,51880,285,510,2133435
BANKNIFTY-I.NFO,27/12/2024,09:45:16,51880,51873.65,45,51880,285,0,2133435
BANKNIFTY-I.NFO,27/12/2024,09:45:18,51880,51880,15,51882,15,420,2133435
BANKNIFTY-I.NFO,27/12/2024,09:45:18,51882,51880,15,51882,15,0,2133435
BANKNIFTY-I.NFO,27/12/2024,09:45:19,51875.5,51873.65,120,51884,30,315,2133435
BANKNIFTY-I.NFO,27/12/2024,09:45:19,51883,51873.65,120,51884,30,0,2133435
BANKNIFTY-I.NFO,27/12/2024,09:45:21,51887.8,51887.8,15,51888.95,420,930,2133015
BANKNIFTY-I.NFO,27/12/2024,09:45:21,51888.95,51887.8,15,51888.95,420,0,2133015
BANKNIFTY-I.NFO,27/12/2024,09:45:23,51888.95,51888.95,75,51889.45,15,975,2133015
BANKNIFTY-I.NFO,27/12/2024,09:45:23,51890,51888.95,75,51889.45,15,0,2133015
BANKNIFTY-I.NFO,27/12/2024,09:45:24,51877.75,51877.7,15,51891.4,15,1020,2133015
BANKNIFTY-I.NFO,27/12/2024,09:45:24,51894,51877.7,15,51891.4,15,0,2133015
BANKNIFTY-I.NFO,27/12/2024,09:45:26,51886.35,51880,120,51886.4,15,105,2133015
BANKNIFTY-I.NFO,27/12/2024,09:45:28,51882.95,51880,120,51889.4,15,210,2133015
BANKNIFTY-I.NFO,27/12/2024,09:45:29,51889.4,51889.4,480,51892,15,105,2133015
BANKNIFTY-I.NFO,27/12/2024,09:45:31,51889.8,51889.8,345,51892,60,405,2133015
BANKNIFTY-I.NFO,27/12/2024,09:45:33,51894.8,51889.8,255,51895,465,270,2133015
BANKNIFTY-I.NFO,27/12/2024,09:45:33,51894.8,51889.8,255,51895,465,0,2133015
BANKNIFTY-I.NFO,27/12/2024,09:45:34,51889.85,51889.85,15,51894,15,525,2133015
BANKNIFTY-I.NFO,27/12/2024,09:45:34,51895,51889.85,15,51894,15,0,2133015
BANKNIFTY-I.NFO,27/12/2024,09:45:36,51886,51886,75,51888.95,15,1470,2133015
BANKNIFTY-I.NFO,27/12/2024,09:45:38,51888.95,51882.95,60,51888.95,15,270,2133015
BANKNIFTY-I.NFO,27/12/2024,09:45:39,51886,51876.6,120,51892.45,15,570,2133015
BANKNIFTY-I.NFO,27/12/2024,09:45:41,51873.6,51873.55,75,51886.3,15,780,2133015
BANKNIFTY-I.NFO,27/12/2024,09:45:43,51870,51870,30,51873.55,30,165,2133015
BANKNIFTY-I.NFO,27/12/2024,09:45:44,51876.35,51870,15,51876.4,15,330,2133015
BANKNIFTY-I.NFO,27/12/2024,09:45:46,51870,51861.35,45,51870,15,240,2133015
BANKNIFTY-I.NFO,27/12/2024,09:45:48,51874.85,51861.35,150,51874.35,45,105,2133015
BANKNIFTY-I.NFO,27/12/2024,09:45:49,51881.35,51873.55,330,51877.45,15,450,2133015
BANKNIFTY-I.NFO,27/12/2024,09:45:51,51879.7,51873.55,345,51879.5,15,60,2133015
BANKNIFTY-I.NFO,27/12/2024,09:45:53,51875,51873.55,360,51885.25,30,15,2133015
BANKNIFTY-I.NFO,27/12/2024,09:45:54,51877.45,51877.45,30,51887,120,435,2133015
BANKNIFTY-I.NFO,27/12/2024,09:45:56,51888.95,51873.7,45,51887.9,15,300,2133015
BANKNIFTY-I.NFO,27/12/2024,09:45:58,51889.8,51883.5,15,51889.8,75,150,2133015
BANKNIFTY-I.NFO,27/12/2024,09:45:59,51877,51874.85,45,51887.9,15,180,2133015
BANKNIFTY-I.NFO,27/12/2024,09:46:01,51889.8,51887.9,60,51890,60,180,2133015
BANKNIFTY-I.NFO,27/12/2024,09:46:03,51892.95,51879.7,45,51893,15,285,2133015
BANKNIFTY-I.NFO,27/12/2024,09:46:04,51890.5,51876.2,15,51889.85,15,375,2133015
BANKNIFTY-I.NFO,27/12/2024,09:46:06,51889.8,51882.45,15,51883.7,15,450,2133015
BANKNIFTY-I.NFO,27/12/2024,09:46:08,51886.4,51877.95,45,51890,30,300,2133015
BANKNIFTY-I.NFO,27/12/2024,09:46:09,51893.55,51881.65,120,51893.55,105,225,2133015
BANKNIFTY-I.NFO,27/12/2024,09:46:11,51895,51888.6,30,51895,240,1680,2133015
BANKNIFTY-I.NFO,27/12/2024,09:46:13,51890,51890,120,51891,60,300,2133015
BANKNIFTY-I.NFO,27/12/2024,09:46:13,51895.05,51890,120,51891,60,0,2133015
BANKNIFTY-I.NFO,27/12/2024,09:46:14,51891,51890,120,51894,90,60,2133015
BANKNIFTY-I.NFO,27/12/2024,09:46:16,51895,51891,60,51894.95,15,720,2133015
BANKNIFTY-I.NFO,27/12/2024,09:46:18,51895,51884.4,60,51895,465,615,2133015
BANKNIFTY-I.NFO,27/12/2024,09:46:19,51890,51890,30,51895,435,165,2133015
BANKNIFTY-I.NFO,27/12/2024,09:46:21,51895,51891,15,51894.95,15,930,2133015
BANKNIFTY-I.NFO,27/12/2024,09:46:21,51898,51891,15,51894.95,15,0,2133015
BANKNIFTY-I.NFO,27/12/2024,09:46:23,51883.7,51886.4,135,51894.55,15,135,2133015
BANKNIFTY-I.NFO,27/12/2024,09:46:24,51895,51886.4,135,51890,15,195,2133015
BANKNIFTY-I.NFO,27/12/2024,09:46:26,51913,51913,90,51920.1,75,7095,2133015
BANKNIFTY-I.NFO,27/12/2024,09:46:26,51921.05,51913,90,51920.1,75,0,2133015
BANKNIFTY-I.NFO,27/12/2024,09:46:28,51912.2,51899.1,15,51911.45,45,570,2133015
BANKNIFTY-I.NFO,27/12/2024,09:46:29,51909.5,51900,210,51911.35,30,435,2133015
BANKNIFTY-I.NFO,27/12/2024,09:46:31,51909.95,51900,30,51902.45,15,300,2133015
BANKNIFTY-I.NFO,27/12/2024,09:46:33,51911.25,51902.45,120,51918.25,120,540,2133015
BANKNIFTY-I.NFO,27/12/2024,09:46:34,51917.7,51905.9,30,51917.65,15,1965,2133015
BANKNIFTY-I.NFO,27/12/2024,09:46:34,51924.5,51905.9,30,51917.65,15,0,2133015
BANKNIFTY-I.NFO,27/12/2024,09:46:36,51915.4,51905.9,15,51911.25,15,75,2133015
BANKNIFTY-I.NFO,27/12/2024,09:46:38,51913.7,51900,30,51912.1,15,915,2133015
BANKNIFTY-I.NFO,27/12/2024,09:46:39,51909.65,51900,225,51909.7,15,150,2133015
BANKNIFTY-I.NFO,27/12/2024,09:46:41,51911.95,51902.45,75,51912,45,1350,2133015
BANKNIFTY-I.NFO,27/12/2024,09:46:43,51902.45,51900,255,51904.9,15,75,2133015
BANKNIFTY-I.NFO,27/12/2024,09:46:44,51905.9,51900,225,51905.9,435,120,2133015
BANKNIFTY-I.NFO,27/12/2024,09:46:46,51900,51900,165,51902.95,15,405,2133015
BANKNIFTY-I.NFO,27/12/2024,09:46:48,51900,51900.05,15,51901.5,15,0,2133015
BANKNIFTY-I.NFO,27/12/2024,09:46:49,51899.45,51896.65,30,51898.3,15,300,2133015
BANKNIFTY-I.NFO,27/12/2024,09:46:51,51896.6,51895.05,90,51896.65,45,60,2133015
BANKNIFTY-I.NFO,27/12/2024,09:46:53,51894.65,51886.4,120,51890.5,15,420,2133015
BANKNIFTY-I.NFO,27/12/2024,09:46:54,51897,51886.4,120,51899.45,15,240,2133015
BANKNIFTY-I.NFO,27/12/2024,09:46:56,51898.55,51886.4,120,51899.15,15,45,2133015
BANKNIFTY-I.NFO,27/12/2024,09:46:58,51900,51886.55,15,51900,60,30,2133015
BANKNIFTY-I.NFO,27/12/2024,09:46:59,51900,51895,885,51901.7,30,195,2133015
BANKNIFTY-I.NFO,27/12/2024,09:47:01,51895.05,51888.85,45,51900,870,1230,2133015
BANKNIFTY-I.NFO,27/12/2024,09:47:03,51900,51892.2,120,51894.65,15,105,2133015
BANKNIFTY-I.NFO,27/12/2024,09:47:04,51896,51895.1,120,51898.95,15,1005,2133015
BANKNIFTY-I.NFO,27/12/2024,09:47:06,51897.4,51897.35,15,51898.7,15,180,2133015
BANKNIFTY-I.NFO,27/12/2024,09:47:08,51900,51892.8,15,51900,30,105,2133015
BANKNIFTY-I.NFO,27/12/2024,09:47:09,51897.15,51895.45,15,51903.95,15,90,2133015
BANKNIFTY-I.NFO,27/12/2024,09:47:11,51895.2,51890.15,30,51903.95,15,45,2133015
BANKNIFTY-I.NFO,27/12/2024,09:47:13,51905.9,51898.6,45,51905.9,135,225,2133015
BANKNIFTY-I.NFO,27/12/2024,09:47:14,51905.85,51898.65,30,51905.9,135,15,2133015
BANKNIFTY-I.NFO,27/12/2024,09:47:16,51905.9,51900,15,51901.4,15,30,2133015
BANKNIFTY-I.NFO,27/12/2024,09:47:18,51900,51898.65,15,51900,15,210,2133015
BANKNIFTY-I.NFO,27/12/2024,09:47:19,51900,51898.65,15,51905.8,15,45,2133015
BANKNIFTY-I.NFO,27/12/2024,09:47:21,51910,51902.9,15,51910,105,390,2133015
BANKNIFTY-I.NFO,27/12/2024,09:47:23,51900,51897.1,120,51900,180,30,2133015
BANKNIFTY-I.NFO,27/12/2024,09:47:24,51900,51897.4,120,51900,165,75,2133015
BANKNIFTY-I.NFO,27/12/2024,09:47:26,51902.9,51903.15,120,51910,90,210,2133015
BANKNIFTY-I.NFO,27/12/2024,09:47:28,51902.9,51903.15,15,51910,90,0,2133015
BANKNIFTY-I.NFO,27/12/2024,09:47:29,51903.05,51900.05,120,51904.45,15,45,2133015
BANKNIFTY-I.NFO,27/12/2024,09:47:31,51900.2,51900.05,120,51900.6,15,15,2133015
BANKNIFTY-I.NFO,27/12/2024,09:47:33,51900.6,51900,30,51901.15,15,15,2133015
BANKNIFTY-I.NFO,27/12/2024,09:47:34,51908.05,51896.15,120,51908.05,30,240,2133015
BANKNIFTY-I.NFO,27/12/2024,09:47:36,51900,51891.35,120,51900.05,15,45,2133015
BANKNIFTY-I.NFO,27/12/2024,09:47:38,51902.15,51894.9,135,51900.6,15,90,2133015
BANKNIFTY-I.NFO,27/12/2024,09:47:39,51892.55,51892.3,120,51900,45,15,2133015
BANKNIFTY-I.NFO,27/12/2024,09:47:41,51894.75,51894,60,51900,15,150,2133015
BANKNIFTY-I.NFO,27/12/2024,09:47:43,51902.15,51894.05,30,51908,30,75,2133015
BANKNIFTY-I.NFO,27/12/2024,09:47:44,51901.05,51901.05,15,51904.8,120,45,2133015
BANKNIFTY-I.NFO,27/12/2024,09:47:46,51900,51900,195,51908.85,90,375,2133015
BANKNIFTY-I.NFO,27/12/2024,09:47:48,51901.05,51900,195,51908.8,60,30,2133015
BANKNIFTY-I.NFO,27/12/2024,09:47:49,51904.45,51904.45,75,51905,15,270,2133015
BANKNIFTY-I.NFO,27/12/2024,09:47:51,51904.45,51900,195,51905.1,15,90,2133015
BANKNIFTY-I.NFO,27/12/2024,09:47:53,51900.6,51905,285,51907,15,60,2133015
BANKNIFTY-I.NFO,27/12/2024,09:47:54,51906.05,51905,270,51907.45,15,60,2133015
BANKNIFTY-I.NFO,27/12/2024,09:47:56,51906,51905,240,51907,15,60,2133015
BANKNIFTY-I.NFO,27/12/2024,09:47:58,51905,51905,195,51909,60,60,2133015
BANKNIFTY-I.NFO,27/12/2024,09:47:59,51905,51905,105,51908,15,105,2133015
BANKNIFTY-I.NFO,27/12/2024,09:48:01,51909.95,51906.55,30,51909.95,45,120,2133015
BANKNIFTY-I.NFO,27/12/2024,09:48:03,51909.95,51907.45,135,51909.95,15,135,2133015
BANKNIFTY-I.NFO,27/12/2024,09:48:04,51910,51907.45,135,51910,165,210,2133015
BANKNIFTY-I.NFO,27/12/2024,09:48:06,51910,51908.85,15,51909.95,15,90,2133015
BANKNIFTY-I.NFO,27/12/2024,09:48:07,51909,51907.45,135,51907.9,15,120,2133015
BANKNIFTY-I.NFO,27/12/2024,09:48:09,51908,51907.7,30,51908.35,15,60,2133015
BANKNIFTY-I.NFO,27/12/2024,09:48:11,51907.7,51907.45,120,51907.85,15,105,2133015
BANKNIFTY-I.NFO,27/12/2024,09:48:12,51907.8,51906,60,51907.45,120,210,2133015
BANKNIFTY-I.NFO,27/12/2024,09:48:14,51900,51900,195,51900.85,15,240,2133015
BANKNIFTY-I.NFO,27/12/2024,09:48:16,51900,51890,15,51895,15,255,2133015
BANKNIFTY-I.NFO,27/12/2024,09:48:17,51886.65,51884.25,75,51891.95,15,180,2133015
BANKNIFTY-I.NFO,27/12/2024,09:48:19,51884.3,51884.25,15,51884.75,15,45,2133015
BANKNIFTY-I.NFO,27/12/2024,09:48:21,51884.25,51883.7,15,51898.25,45,210,2132955
BANKNIFTY-I.NFO,27/12/2024,09:48:22,51883.75,51883.7,15,51893.35,120,15,2132955
BANKNIFTY-I.NFO,27/12/2024,09:48:24,51900,51893,150,51900.75,45,135,2132955
BANKNIFTY-I.NFO,27/12/2024,09:48:26,51893.05,51893,135,51900.35,120,75,2132955
BANKNIFTY-I.NFO,27/12/2024,09:48:27,51899.05,51893,135,51897.55,105,135,2132955
BANKNIFTY-I.NFO,27/12/2024,09:48:29,51894.7,51893,105,51894.7,75,90,2132955
BANKNIFTY-I.NFO,27/12/2024,09:48:31,51890.55,51888.8,120,51894.7,60,195,2132955
BANKNIFTY-I.NFO,27/12/2024,09:48:32,51900,51892.4,120,51900,15,75,2132955
BANKNIFTY-I.NFO,27/12/2024,09:48:34,51885.55,51890,15,51892.95,15,165,2132955
BANKNIFTY-I.NFO,27/12/2024,09:48:36,51894.7,51894.7,45,51899.95,15,30,2132955
BANKNIFTY-I.NFO,27/12/2024,09:48:37,51894.7,51894.7,45,51895.35,15,15,2132955
BANKNIFTY-I.NFO,27/12/2024,09:48:39,51893.1,51883.7,15,51889.2,15,825,2132955
BANKNIFTY-I.NFO,27/12/2024,09:48:41,51877.4,51876.75,30,51879.8,15,75,2132955
BANKNIFTY-I.NFO,27/12/2024,09:48:42,51878.3,51878.3,30,51885.75,15,285,2132955
BANKNIFTY-I.NFO,27/12/2024,09:48:44,51900,51886.7,45,51899.95,15,60,2132955
BANKNIFTY-I.NFO,27/12/2024,09:48:46,51893.35,51893.35,30,51895.35,15,90,2132955
BANKNIFTY-I.NFO,27/12/2024,09:48:47,51899.95,51893.35,30,51896.55,15,15,2132955
BANKNIFTY-I.NFO,27/12/2024,09:48:49,51884.25,51884.7,45,51887.6,15,120,2132955
BANKNIFTY-I.NFO,27/12/2024,09:48:51,51890.8,51884.25,30,51898.95,120,135,2132955
BANKNIFTY-I.NFO,27/12/2024,09:48:52,51884.25,51887.45,75,51893.65,15,15,2132955
BANKNIFTY-I.NFO,27/12/2024,09:48:54,51884.25,51891.65,30,51891.9,15,0,2132955
BANKNIFTY-I.NFO,27/12/2024,09:48:56,51891.65,51887.6,15,51891.3,15,45,2132955
BANKNIFTY-I.NFO,27/12/2024,09:48:57,51887.6,51884.25,30,51885.1,15,15,2132955
BANKNIFTY-I.NFO,27/12/2024,09:48:59,51887.55,51884.3,75,51887.6,30,45,2132955
BANKNIFTY-I.NFO,27/12/2024,09:49:01,51886,51886,15,51894.9,15,180,2132955
BANKNIFTY-I.NFO,27/12/2024,09:49:02,51891.65,51889.2,75,51894.9,15,30,2132955
BANKNIFTY-I.NFO,27/12/2024,09:49:04,51889.75,51889.2,30,51891.65,15,165,2132955
BANKNIFTY-I.NFO,27/12/2024,09:49:06,51889.45,51889.4,30,51893.65,15,285,2132955
BANKNIFTY-I.NFO,27/12/2024,09:49:07,51889.45,51888.25,15,51893.65,15,0,2132955
BANKNIFTY-I.NFO,27/12/2024,09:49:09,51893.65,51894.65,30,51894.85,15,15,2132955
BANKNIFTY-I.NFO,27/12/2024,09:49:11,51888.75,51888.75,30,51898.45,60,150,2132955
BANKNIFTY-I.NFO,27/12/2024,09:49:12,51888.75,51893.65,30,51899,30,0,2132955
BANKNIFTY-I.NFO,27/12/2024,09:49:14,51893.65,51888.75,30,51896.7,120,630,2132955
BANKNIFTY-I.NFO,27/12/2024,09:49:16,51888.75,51888.75,30,51892.4,150,60,2132955
BANKNIFTY-I.NFO,27/12/2024,09:49:18,51884.65,51884.25,15,51885.9,15,75,2132955
BANKNIFTY-I.NFO,27/12/2024,09:49:19,51893,51885.15,15,51894.4,120,60,2132955
BANKNIFTY-I.NFO,27/12/2024,09:49:21,51887.7,51885.1,15,51886.6,15,30,2132955
BANKNIFTY-I.NFO,27/12/2024,09:49:23,51885.25,51889.8,90,51890,15,15,2132955
BANKNIFTY-I.NFO,27/12/2024,09:49:24,51890,51889.8,75,51895,15,30,2132955
BANKNIFTY-I.NFO,27/12/2024,09:49:26,51884.1,51882.65,15,51895,15,180,2132955
BANKNIFTY-I.NFO,27/12/2024,09:49:28,51880.45,51880,30,51885.15,15,15,2132955
BANKNIFTY-I.NFO,27/12/2024,09:49:29,51882.55,51887.7,15,51892.35,150,15,2132955
BANKNIFTY-I.NFO,27/12/2024,09:49:31,51880,51877.4,15,51879.95,15,60,2132955
BANKNIFTY-I.NFO,27/12/2024,09:49:33,51873,51873,30,51875,30,60,2132955
BANKNIFTY-I.NFO,27/12/2024,09:49:34,51879.85,51879.8,75,51892.8,120,510,2132955
BANKNIFTY-I.NFO,27/12/2024,09:49:36,51879.85,51875,30,51880,90,0,2132955
BANKNIFTY-I.NFO,27/12/2024,09:49:38,51875,51875,15,51879.85,15,45,2132955
BANKNIFTY-I.NFO,27/12/2024,09:49:39,51875,51875.05,30,51879.85,15,0,2132955
BANKNIFTY-I.NFO,27/12/2024,09:49:41,51879.85,51879.85,15,51880,90,45,2132955
BANKNIFTY-I.NFO,27/12/2024,09:49:43,51879.85,51877.5,30,51879.9,15,45,2132955
BANKNIFTY-I.NFO,27/12/2024,09:49:44,51879.95,51877.55,30,51880,75,45,2132955
BANKNIFTY-I.NFO,27/12/2024,09:49:46,51880,51878.8,15,51879.4,15,30,2132955
BANKNIFTY-I.NFO,27/12/2024,09:49:48,51878.8,51879.85,45,51879.95,15,45,2132955
BANKNIFTY-I.NFO,27/12/2024,09:49:49,51879.85,51879.9,15,51879.95,30,60,2132955
BANKNIFTY-I.NFO,27/12/2024,09:49:51,51879.9,51879.9,15,51879.95,15,15,2132955
BANKNIFTY-I.NFO,27/12/2024,09:49:53,51879.4,51879.4,15,51879.95,15,75,2132955
