Ticker,Date,Time,LTP,BuyPrice,BuyQty,SellPrice,SellQty,LTQ,OpenInterest
BANKNIFTY-II.NFO,26/09/2024,09:15:01,54580,54490.05,60,54531,60,15,205425
BANKNIFTY-II.NFO,26/09/2024,09:15:01,54580,54490.05,60,54531,60,0,205425
BANKNIFTY-II.NFO,26/09/2024,09:15:01,54580,54490.05,60,54531,60,0,205425
BANKNIFTY-II.NFO,26/09/2024,09:15:01,54580,54490.05,60,54531,60,0,205425
BANKNIFTY-II.NFO,26/09/2024,09:15:02,54580,54508,60,54538.35,30,0,205425
BANKNIFTY-II.NFO,26/09/2024,09:15:03,54533.55,54511.25,60,54545.2,750,270,205425
BANKNIFTY-II.NFO,26/09/2024,09:15:03,54525,54511.25,60,54545.2,750,0,205425
BANKNIFTY-II.NFO,26/09/2024,09:15:05,54515.15,54514.6,60,54545.15,30,30,205425
BANKNIFTY-II.NFO,26/09/2024,09:15:05,54515.15,54514.6,60,54545.15,30,0,205425
BANKNIFTY-II.NFO,26/09/2024,09:15:06,54524.2,54518.4,60,54540.1,30,30,205425
BANKNIFTY-II.NFO,26/09/2024,09:15:08,54545.2,54532.65,60,54545.2,240,570,205425
BANKNIFTY-II.NFO,26/09/2024,09:15:09,54550,54551.75,60,54576.8,60,330,205425
BANKNIFTY-II.NFO,26/09/2024,09:15:10,54561.1,54561.05,150,54591.45,60,105,205425
BANKNIFTY-II.NFO,26/09/2024,09:15:12,54561.1,54567.2,30,54594.95,60,0,205425
BANKNIFTY-II.NFO,26/09/2024,09:15:13,54561.1,54562,30,54594.95,60,0,205425
BANKNIFTY-II.NFO,26/09/2024,09:15:15,54561.1,54560.7,150,54588.35,60,0,205425
BANKNIFTY-II.NFO,26/09/2024,09:15:16,54561.1,54555.25,30,54583.3,60,0,205425
BANKNIFTY-II.NFO,26/09/2024,09:15:18,54561.1,54552.15,150,54561.1,15,30,205425
BANKNIFTY-II.NFO,26/09/2024,09:15:19,54579.5,54550.75,15,54579.5,60,30,205425
BANKNIFTY-II.NFO,26/09/2024,09:15:21,54579.5,54553.9,15,54583.15,60,0,205425
BANKNIFTY-II.NFO,26/09/2024,09:15:23,54552.15,54544.7,15,54572.45,60,120,205425
BANKNIFTY-II.NFO,26/09/2024,09:15:24,54572.45,54540.15,45,54567.95,60,30,206490
BANKNIFTY-II.NFO,26/09/2024,09:15:26,54572.45,54540.15,45,54558.75,60,0,206490
BANKNIFTY-II.NFO,26/09/2024,09:15:27,54535.05,54535.45,30,54561.05,60,90,206490
BANKNIFTY-II.NFO,26/09/2024,09:15:29,54552.5,54550.85,135,54561.1,150,15,206490
BANKNIFTY-II.NFO,26/09/2024,09:15:30,54561.1,54567.35,120,54579.5,15,150,206490
BANKNIFTY-II.NFO,26/09/2024,09:15:32,54580,54579.8,120,54594.95,60,30,206490
BANKNIFTY-II.NFO,26/09/2024,09:15:33,54580,54573,75,54594.95,60,0,206490
BANKNIFTY-II.NFO,26/09/2024,09:15:35,54594.95,54580.05,60,54594.95,60,60,206490
BANKNIFTY-II.NFO,26/09/2024,09:15:35,54594.95,54580.05,60,54594.95,60,0,206490
BANKNIFTY-II.NFO,26/09/2024,09:15:37,54594.95,54580,15,54594.95,45,15,206490
BANKNIFTY-II.NFO,26/09/2024,09:15:38,54594.95,54580,15,54589.95,60,0,206490
BANKNIFTY-II.NFO,26/09/2024,09:15:40,54579.95,54558.5,75,54578.35,30,30,206490
BANKNIFTY-II.NFO,26/09/2024,09:15:41,54579.95,54562.8,60,54579.95,45,0,206490
BANKNIFTY-II.NFO,26/09/2024,09:15:43,54580,54569.05,60,54594.95,30,60,206490
BANKNIFTY-II.NFO,26/09/2024,09:15:44,54580,54569.05,60,54580,15,0,206490
BANKNIFTY-II.NFO,26/09/2024,09:15:46,54573.55,54567.05,60,54580,15,60,206490
BANKNIFTY-II.NFO,26/09/2024,09:15:47,54573.55,54579.95,15,54580,15,0,206490
BANKNIFTY-II.NFO,26/09/2024,09:15:49,54566.35,54568.5,45,54579.95,60,45,206490
BANKNIFTY-II.NFO,26/09/2024,09:15:51,54579.95,54568.45,15,54579.95,60,15,206490
BANKNIFTY-II.NFO,26/09/2024,09:15:52,54570.7,54574.95,135,54580,270,15,206490
BANKNIFTY-II.NFO,26/09/2024,09:15:54,54580,54574.05,15,54580,240,30,206490
BANKNIFTY-II.NFO,26/09/2024,09:15:55,54580,54574.8,45,54580,180,60,206490
BANKNIFTY-II.NFO,26/09/2024,09:15:57,54580,54565,60,54579.95,75,0,206490
BANKNIFTY-II.NFO,26/09/2024,09:15:58,54580,54568.6,45,54579.95,60,0,206490
BANKNIFTY-II.NFO,26/09/2024,09:16:00,54580,54570,45,54580,180,0,206490
BANKNIFTY-II.NFO,26/09/2024,09:16:01,54580,54555,15,54579.95,30,75,206490
BANKNIFTY-II.NFO,26/09/2024,09:16:03,54580,54565,30,54580,135,0,206490
BANKNIFTY-II.NFO,26/09/2024,09:16:05,54561.85,54564.7,75,54580,180,60,206490
BANKNIFTY-II.NFO,26/09/2024,09:16:06,54579.95,54559.9,30,54580,195,15,206490
BANKNIFTY-II.NFO,26/09/2024,09:16:08,54559.9,54558.1,120,54578.65,15,105,206490
BANKNIFTY-II.NFO,26/09/2024,09:16:09,54580,54559.75,30,54580,30,105,206490
BANKNIFTY-II.NFO,26/09/2024,09:16:11,54580,54556.15,30,54573.8,30,0,206490
BANKNIFTY-II.NFO,26/09/2024,09:16:12,54567.9,54552.55,30,54570.6,15,30,206490
BANKNIFTY-II.NFO,26/09/2024,09:16:14,54554.5,54554.5,15,54573.8,15,15,206490
BANKNIFTY-II.NFO,26/09/2024,09:16:15,54554.5,54558.8,15,54579.95,30,0,206490
BANKNIFTY-II.NFO,26/09/2024,09:16:17,54573.8,54553.2,30,54576.2,60,15,206490
BANKNIFTY-II.NFO,26/09/2024,09:16:19,54573.8,54553,15,54576.15,90,0,206490
BANKNIFTY-II.NFO,26/09/2024,09:16:20,54553.35,54554.15,90,54575.9,60,15,206490
BANKNIFTY-II.NFO,26/09/2024,09:16:22,54575.8,54554.85,15,54575.6,60,15,206490
BANKNIFTY-II.NFO,26/09/2024,09:16:23,54577.2,54555.45,30,54575.9,60,15,206490
BANKNIFTY-II.NFO,26/09/2024,09:16:25,54577.2,54552.05,30,54573.5,60,0,206490
BANKNIFTY-II.NFO,26/09/2024,09:16:26,54577.2,54550.05,30,54567.7,60,0,206490
BANKNIFTY-II.NFO,26/09/2024,09:16:28,54550.05,54550.05,30,54565.9,60,30,206490
BANKNIFTY-II.NFO,26/09/2024,09:16:30,54550,54542.35,30,54561.4,60,30,206490
BANKNIFTY-II.NFO,26/09/2024,09:16:31,54550,54540.05,45,54560.55,90,0,206490
BANKNIFTY-II.NFO,26/09/2024,09:16:33,54543.15,54544.55,15,54563.35,60,15,206490
BANKNIFTY-II.NFO,26/09/2024,09:16:34,54562.4,54544.55,30,54563.35,60,30,206490
BANKNIFTY-II.NFO,26/09/2024,09:16:36,54550.05,54541.7,45,54550.05,270,30,206490
BANKNIFTY-II.NFO,26/09/2024,09:16:37,54550,54541.3,30,54550,120,30,206490
BANKNIFTY-II.NFO,26/09/2024,09:16:39,54550,54540.05,45,54550,105,15,206490
BANKNIFTY-II.NFO,26/09/2024,09:16:40,54550,54540.45,45,54550,75,30,206490
BANKNIFTY-II.NFO,26/09/2024,09:16:42,54550,54541.55,45,54550,45,30,206490
BANKNIFTY-II.NFO,26/09/2024,09:16:44,54550,54540.05,45,54550,30,15,206490
BANKNIFTY-II.NFO,26/09/2024,09:16:45,54550,54541.55,45,54550,15,15,206490
BANKNIFTY-II.NFO,26/09/2024,09:16:47,54550.05,54541.55,45,54550.05,240,45,206490
BANKNIFTY-II.NFO,26/09/2024,09:16:48,54550.05,54550,15,54550.05,240,0,206490
BANKNIFTY-II.NFO,26/09/2024,09:16:50,54550,54540.05,30,54550.05,240,15,206490
BANKNIFTY-II.NFO,26/09/2024,09:16:51,54550,54540,15,54550,75,0,206490
BANKNIFTY-II.NFO,26/09/2024,09:16:53,54550,54540,15,54550,60,0,206490
BANKNIFTY-II.NFO,26/09/2024,09:16:55,54550,54540.05,15,54550,60,0,206490
BANKNIFTY-II.NFO,26/09/2024,09:16:56,54550,54540,15,54548.75,60,0,206490
BANKNIFTY-II.NFO,26/09/2024,09:16:58,54550,54540,15,54547.95,60,0,206490
BANKNIFTY-II.NFO,26/09/2024,09:17:01,54540,54536,300,54544.2,60,15,206490
BANKNIFTY-II.NFO,26/09/2024,09:17:02,54536,54536,150,54542.35,45,210,206490
BANKNIFTY-II.NFO,26/09/2024,09:17:04,54536,54536,150,54543.7,30,0,206490
BANKNIFTY-II.NFO,26/09/2024,09:17:06,54536,54536,150,54540.5,45,0,206490
BANKNIFTY-II.NFO,26/09/2024,09:17:07,54538.9,54536,150,54538.9,15,75,206490
BANKNIFTY-II.NFO,26/09/2024,09:17:09,54538.9,54536,150,54543.1,15,0,206490
BANKNIFTY-II.NFO,26/09/2024,09:17:10,54538.9,54536,150,54541.6,165,0,206490
BANKNIFTY-II.NFO,26/09/2024,09:17:12,54538.9,54536,165,54550,60,0,206490
BANKNIFTY-II.NFO,26/09/2024,09:17:15,54536,54536,150,54550,60,15,206490
BANKNIFTY-II.NFO,26/09/2024,09:17:17,54536,54536.05,60,54550,45,0,206490
BANKNIFTY-II.NFO,26/09/2024,09:17:18,54536,54536.05,75,54549.95,45,0,206490
BANKNIFTY-II.NFO,26/09/2024,09:17:20,54549.95,54536.7,60,54550,45,15,206490
BANKNIFTY-II.NFO,26/09/2024,09:17:21,54549.95,54540.05,60,54550,45,0,206490
BANKNIFTY-II.NFO,26/09/2024,09:17:23,54550,54539.75,60,54550,30,15,206490
BANKNIFTY-II.NFO,26/09/2024,09:17:24,54550,54539.75,60,54550,30,0,206490
BANKNIFTY-II.NFO,26/09/2024,09:17:26,54550,54536.6,60,54550,30,0,206490
BANKNIFTY-II.NFO,26/09/2024,09:17:27,54537.25,54538.25,15,54549.95,30,30,206490
BANKNIFTY-II.NFO,26/09/2024,09:17:29,54536.1,54536.1,45,54549.95,60,45,206490
BANKNIFTY-II.NFO,26/09/2024,09:17:30,54536.1,54536,150,54549.9,60,0,206490
BANKNIFTY-II.NFO,26/09/2024,09:17:32,54536.1,54536,135,54548.75,60,0,206490
BANKNIFTY-II.NFO,26/09/2024,09:17:34,54536.1,54536.05,45,54549.95,75,0,206490
BANKNIFTY-II.NFO,26/09/2024,09:17:35,54536.05,54536.05,45,54549.95,75,15,206490
BANKNIFTY-II.NFO,26/09/2024,09:17:37,54542,54536.05,45,54542,285,15,206490
BANKNIFTY-II.NFO,26/09/2024,09:17:38,54542,54536.05,45,54542,285,0,206490
BANKNIFTY-II.NFO,26/09/2024,09:17:40,54542,54536.55,45,54542,285,0,206490
BANKNIFTY-II.NFO,26/09/2024,09:17:41,54542,54540.3,30,54542,210,75,206490
BANKNIFTY-II.NFO,26/09/2024,09:17:43,54542,54540.3,30,54542,210,0,206490
BANKNIFTY-II.NFO,26/09/2024,09:17:45,54542,54536.1,30,54542,210,0,206490
BANKNIFTY-II.NFO,26/09/2024,09:17:46,54542,54536.05,30,54542,210,0,206490
BANKNIFTY-II.NFO,26/09/2024,09:17:51,54542,54536.05,30,54542,180,30,206490
BANKNIFTY-II.NFO,26/09/2024,09:17:52,54542,54536.05,30,54542,180,0,206490
BANKNIFTY-II.NFO,26/09/2024,09:17:54,54542,54536,135,54542,195,0,206490
BANKNIFTY-II.NFO,26/09/2024,09:17:56,54536,54536,120,54542,195,15,206490
BANKNIFTY-II.NFO,26/09/2024,09:17:57,54542,54536,270,54542,90,90,206490
BANKNIFTY-II.NFO,26/09/2024,09:17:59,54536,54536,255,54542,90,15,206490
BANKNIFTY-II.NFO,26/09/2024,09:18:00,54536,54536.5,75,54542,90,0,206490
BANKNIFTY-II.NFO,26/09/2024,09:18:02,54536,54536,255,54542,90,0,206490
BANKNIFTY-II.NFO,26/09/2024,09:18:03,54536,54538.2,30,54542,90,0,206490
BANKNIFTY-II.NFO,26/09/2024,09:18:05,54536,54538,15,54542,90,0,206490
BANKNIFTY-II.NFO,26/09/2024,09:18:06,54538.05,54538.05,15,54542,90,15,206490
BANKNIFTY-II.NFO,26/09/2024,09:18:08,54538.05,54538.05,15,54542,90,0,206490
BANKNIFTY-II.NFO,26/09/2024,09:18:09,54537.55,54537.5,15,54542,90,30,206490
BANKNIFTY-II.NFO,26/09/2024,09:18:11,54537.55,54536,270,54542,90,0,206490
BANKNIFTY-II.NFO,26/09/2024,09:18:13,54542,54536,270,54542,75,15,206490
BANKNIFTY-II.NFO,26/09/2024,09:18:14,54550.5,54536,285,54551.15,60,300,206490
BANKNIFTY-II.NFO,26/09/2024,09:18:16,54551.15,54536.95,60,54556.2,15,45,206490
BANKNIFTY-II.NFO,26/09/2024,09:18:18,54551.15,54539.9,60,54559.05,15,0,206490
BANKNIFTY-II.NFO,26/09/2024,09:18:19,54551.15,54540.55,90,54558.65,15,0,206490
BANKNIFTY-II.NFO,26/09/2024,09:18:21,54543.3,54543.35,60,54559.95,15,15,206490
BANKNIFTY-II.NFO,26/09/2024,09:18:23,54543.3,54551.4,30,54560,15,0,206490
BANKNIFTY-II.NFO,26/09/2024,09:18:24,54543.3,54551,15,54559.95,15,0,206490
BANKNIFTY-II.NFO,26/09/2024,09:18:26,54548.55,54548.55,45,54559.95,60,150,207180
BANKNIFTY-II.NFO,26/09/2024,09:18:28,54548.55,54548.55,45,54559.95,60,0,207180
BANKNIFTY-II.NFO,26/09/2024,09:18:29,54548.55,54548.5,15,54559.95,60,45,207180
BANKNIFTY-II.NFO,26/09/2024,09:18:31,54548.55,54548.55,75,54559.95,60,15,207180
BANKNIFTY-II.NFO,26/09/2024,09:18:32,54548.55,54548.55,75,54559.95,60,0,207180
BANKNIFTY-II.NFO,26/09/2024,09:18:34,54548.55,54548.6,30,54560,15,0,207180
BANKNIFTY-II.NFO,26/09/2024,09:18:36,54548.55,54554,15,54560,15,0,207180
BANKNIFTY-II.NFO,26/09/2024,09:18:37,54554,54552.4,15,54560,15,15,207180
BANKNIFTY-II.NFO,26/09/2024,09:18:39,54554,54553.6,15,54560,15,0,207180
BANKNIFTY-II.NFO,26/09/2024,09:18:41,54554,54553.65,30,54560,15,0,207180
BANKNIFTY-II.NFO,26/09/2024,09:18:42,54554,54556.7,45,54560,15,0,207180
BANKNIFTY-II.NFO,26/09/2024,09:18:44,54558.35,54558.35,15,54572.15,75,45,207180
BANKNIFTY-II.NFO,26/09/2024,09:18:46,54558.35,54558.35,15,54572.15,60,0,207180
BANKNIFTY-II.NFO,26/09/2024,09:18:47,54554.9,54555.05,30,54572.15,60,60,207180
BANKNIFTY-II.NFO,26/09/2024,09:18:49,54554.9,54555.25,30,54572.15,75,0,207180
BANKNIFTY-II.NFO,26/09/2024,09:18:51,54554.9,54554,165,54560,15,0,207180
BANKNIFTY-II.NFO,26/09/2024,09:18:52,54554.9,54554.05,150,54560,15,0,207180
BANKNIFTY-II.NFO,26/09/2024,09:18:54,54554.05,54555.65,90,54560,15,15,207180
BANKNIFTY-II.NFO,26/09/2024,09:18:56,54559.65,54559.1,150,54572.2,45,30,207180
BANKNIFTY-II.NFO,26/09/2024,09:18:57,54559.65,54559.15,30,54572.2,45,0,207180
BANKNIFTY-II.NFO,26/09/2024,09:18:59,54572.2,54559.15,30,54572.2,30,15,207180
BANKNIFTY-II.NFO,26/09/2024,09:19:01,54573.65,54554.95,15,54572.4,60,45,207180
BANKNIFTY-II.NFO,26/09/2024,09:19:02,54559.1,54559.1,45,54574.9,60,150,207180
BANKNIFTY-II.NFO,26/09/2024,09:19:04,54559.1,54557.65,45,54574.25,60,0,207180
BANKNIFTY-II.NFO,26/09/2024,09:19:06,54573.65,54554.05,45,54568.55,60,15,207180
BANKNIFTY-II.NFO,26/09/2024,09:19:07,54554.05,54554.05,15,54554.9,15,30,207180
BANKNIFTY-II.NFO,26/09/2024,09:19:09,54554.05,54554.05,15,54554.9,15,0,207180
BANKNIFTY-II.NFO,26/09/2024,09:19:11,54567.9,54554.05,60,54571.7,60,60,207180
BANKNIFTY-II.NFO,26/09/2024,09:19:12,54567.9,54557.25,15,54574.85,60,0,207180
BANKNIFTY-II.NFO,26/09/2024,09:19:14,54567.9,54557.25,15,54574.95,75,0,207180
BANKNIFTY-II.NFO,26/09/2024,09:19:16,54557.85,54559,30,54575,60,45,207180
BANKNIFTY-II.NFO,26/09/2024,09:19:17,54574.95,54559,15,54574.6,60,30,207180
BANKNIFTY-II.NFO,26/09/2024,09:19:19,54574.95,54558.35,15,54574.95,75,0,207180
BANKNIFTY-II.NFO,26/09/2024,09:19:21,54574.95,54558.55,15,54574.95,75,0,207180
BANKNIFTY-II.NFO,26/09/2024,09:19:22,54574.95,54560.2,15,54574.95,60,0,207180
BANKNIFTY-II.NFO,26/09/2024,09:19:24,54574.95,54559.35,15,54574.95,90,0,207180
BANKNIFTY-II.NFO,26/09/2024,09:19:26,54574.95,54555.6,15,54573.4,60,0,207180
BANKNIFTY-II.NFO,26/09/2024,09:19:27,54572.75,54555.1,30,54572.75,60,15,207180
BANKNIFTY-II.NFO,26/09/2024,09:19:29,54574.9,54558.1,45,54574.9,75,15,207180
BANKNIFTY-II.NFO,26/09/2024,09:19:31,54574.9,54558.1,60,54574.9,60,15,207180
BANKNIFTY-II.NFO,26/09/2024,09:19:32,54574.9,54558.1,60,54574.9,60,0,207180
BANKNIFTY-II.NFO,26/09/2024,09:19:34,54574.9,54562.95,60,54574.9,45,0,207180
BANKNIFTY-II.NFO,26/09/2024,09:19:36,54562.95,54565.3,30,54574.9,90,45,207180
BANKNIFTY-II.NFO,26/09/2024,09:19:37,54562.95,54565.3,105,54574.9,105,0,207180
BANKNIFTY-II.NFO,26/09/2024,09:19:39,54574.9,54565.55,15,54574.9,60,285,207180
BANKNIFTY-II.NFO,26/09/2024,09:19:40,54574.9,54564.4,15,54574.8,60,0,207180
BANKNIFTY-II.NFO,26/09/2024,09:19:42,54574.9,54565.45,15,54574,75,0,207180
BANKNIFTY-II.NFO,26/09/2024,09:19:44,54574.9,54562.05,15,54573.4,75,0,207180
BANKNIFTY-II.NFO,26/09/2024,09:19:45,54574.9,54565.35,15,54573.4,75,0,207180
BANKNIFTY-II.NFO,26/09/2024,09:19:47,54574.9,54571.35,165,54573.4,75,0,207180
BANKNIFTY-II.NFO,26/09/2024,09:19:49,54574,54571.35,15,54574.9,270,90,207180
BANKNIFTY-II.NFO,26/09/2024,09:19:50,54575,54574.85,105,54575,15,600,207180
BANKNIFTY-II.NFO,26/09/2024,09:19:52,54575,54574.5,105,54579,30,15,207180
BANKNIFTY-II.NFO,26/09/2024,09:19:53,54575,54575.55,105,54579,30,0,207180
BANKNIFTY-II.NFO,26/09/2024,09:19:55,54580,54579.6,15,54580,45,90,207180
BANKNIFTY-II.NFO,26/09/2024,09:19:57,54576.45,54576.9,45,54580,30,75,207180
BANKNIFTY-II.NFO,26/09/2024,09:19:58,54580,54573.4,15,54580,15,15,207180
BANKNIFTY-II.NFO,26/09/2024,09:20:02,54579.95,54573.85,75,54580,45,75,207180
BANKNIFTY-II.NFO,26/09/2024,09:20:03,54580,54574.95,75,54580,30,15,207180
BANKNIFTY-II.NFO,26/09/2024,09:20:05,54580,54573.75,75,54580,30,0,207180
BANKNIFTY-II.NFO,26/09/2024,09:20:07,54580,54580,15,54584,15,30,207180
BANKNIFTY-II.NFO,26/09/2024,09:20:08,54584,54583,75,54584,15,30,207180
BANKNIFTY-II.NFO,26/09/2024,09:20:10,54584,54580,15,54585,45,15,207180
BANKNIFTY-II.NFO,26/09/2024,09:20:12,54584,54580,15,54585,45,0,207180
BANKNIFTY-II.NFO,26/09/2024,09:20:15,54585,54580,45,54585,15,30,207180
BANKNIFTY-II.NFO,26/09/2024,09:20:17,54585,54580,45,54585,15,0,207180
BANKNIFTY-II.NFO,26/09/2024,09:20:20,54585,54580,45,54584.9,15,0,207180
BANKNIFTY-II.NFO,26/09/2024,09:20:21,54585,54580,45,54584.45,15,0,207180
BANKNIFTY-II.NFO,26/09/2024,09:20:28,54584.45,54580,45,54586,75,15,207180
BANKNIFTY-II.NFO,26/09/2024,09:20:30,54584.45,54585,15,54586,120,0,207180
BANKNIFTY-II.NFO,26/09/2024,09:20:31,54580,54580,30,54586,120,30,207180
BANKNIFTY-II.NFO,26/09/2024,09:20:33,54586,54581.45,75,54586,120,30,207180
BANKNIFTY-II.NFO,26/09/2024,09:20:35,54586,54583.05,75,54586,30,90,207180
BANKNIFTY-II.NFO,26/09/2024,09:20:36,54586,54581.15,75,54586,30,0,207180
BANKNIFTY-II.NFO,26/09/2024,09:20:38,54586,54582.6,75,54592.85,60,30,207180
BANKNIFTY-II.NFO,26/09/2024,09:20:39,54586,54582.5,75,54592.85,75,0,207180
BANKNIFTY-II.NFO,26/09/2024,09:20:41,54586,54585.8,75,54592.8,15,0,207180
BANKNIFTY-II.NFO,26/09/2024,09:20:43,54583.8,54589.6,75,54592.9,45,30,207180
BANKNIFTY-II.NFO,26/09/2024,09:20:44,54592.9,54590.4,75,54592.9,30,30,207180
BANKNIFTY-II.NFO,26/09/2024,09:20:46,54592.9,54587,150,54592.9,60,0,207180
BANKNIFTY-II.NFO,26/09/2024,09:20:48,54592.9,54587.95,150,54594.9,15,60,207180
BANKNIFTY-II.NFO,26/09/2024,09:20:49,54594.9,54588.95,150,54599,570,15,207180
BANKNIFTY-II.NFO,26/09/2024,09:20:51,54594.9,54589.45,150,54599,570,0,207180
BANKNIFTY-II.NFO,26/09/2024,09:20:53,54591.05,54590.7,150,54599,585,90,207180
BANKNIFTY-II.NFO,26/09/2024,09:20:54,54600,54595,30,54614.95,60,915,207180
BANKNIFTY-II.NFO,26/09/2024,09:20:54,54600,54595,30,54614.95,60,0,207180
BANKNIFTY-II.NFO,26/09/2024,09:20:56,54614.95,54599.35,15,54614.9,75,60,207180
BANKNIFTY-II.NFO,26/09/2024,09:20:56,54614.95,54599.35,15,54614.9,75,0,207180
BANKNIFTY-II.NFO,26/09/2024,09:20:58,54614.95,54597.25,15,54614.9,90,0,207180
BANKNIFTY-II.NFO,26/09/2024,09:20:59,54614.95,54596.15,15,54613.9,75,0,207180
BANKNIFTY-II.NFO,26/09/2024,09:21:01,54596.15,54594.4,15,54612.9,120,15,207180
BANKNIFTY-II.NFO,26/09/2024,09:21:03,54612.9,54595.7,15,54611.95,75,15,207180
BANKNIFTY-II.NFO,26/09/2024,09:21:04,54612.9,54593.9,15,54611.6,90,0,207180
BANKNIFTY-II.NFO,26/09/2024,09:21:06,54590.6,54592,150,54609.05,90,45,207180
BANKNIFTY-II.NFO,26/09/2024,09:21:08,54594.8,54595.45,30,54609.05,15,15,207180
BANKNIFTY-II.NFO,26/09/2024,09:21:09,54609.05,54601.4,30,54612.9,30,15,207180
BANKNIFTY-II.NFO,26/09/2024,09:21:11,54612.9,54604.65,30,54612.9,30,15,207180
BANKNIFTY-II.NFO,26/09/2024,09:21:13,54612.9,54610.25,30,54614.95,15,30,207180
BANKNIFTY-II.NFO,26/09/2024,09:21:14,54615,54613.45,150,54629.85,75,30,207180
BANKNIFTY-II.NFO,26/09/2024,09:21:14,54615,54613.45,150,54629.85,75,0,207180
BANKNIFTY-II.NFO,26/09/2024,09:21:16,54615,54612.5,150,54629.05,120,0,207180
BANKNIFTY-II.NFO,26/09/2024,09:21:18,54615,54613.35,150,54627.75,75,0,207180
BANKNIFTY-II.NFO,26/09/2024,09:21:19,54615,54614.7,150,54626.95,90,0,207180
BANKNIFTY-II.NFO,26/09/2024,09:21:21,54615.2,54614.2,150,54625.9,30,30,207180
BANKNIFTY-II.NFO,26/09/2024,09:21:21,54626.5,54614.2,150,54625.9,30,0,207180
BANKNIFTY-II.NFO,26/09/2024,09:21:23,54615.2,54606.95,150,54615,15,0,207180
BANKNIFTY-II.NFO,26/09/2024,09:21:24,54615,54609.35,150,54615,45,45,208215
BANKNIFTY-II.NFO,26/09/2024,09:21:26,54615,54609.65,150,54615,15,30,208215
BANKNIFTY-II.NFO,26/09/2024,09:21:28,54615,54609.7,150,54615,15,0,208215
BANKNIFTY-II.NFO,26/09/2024,09:21:29,54615,54612,15,54624.95,90,15,208215
BANKNIFTY-II.NFO,26/09/2024,09:21:31,54615,54610.1,150,54624.95,90,0,208215
BANKNIFTY-II.NFO,26/09/2024,09:21:33,54615,54615,60,54624.95,90,0,208215
BANKNIFTY-II.NFO,26/09/2024,09:21:34,54619.65,54615,75,54620.9,75,15,208215
BANKNIFTY-II.NFO,26/09/2024,09:21:36,54619.65,54615,75,54620.9,15,0,208215
BANKNIFTY-II.NFO,26/09/2024,09:21:38,54619.65,54615,75,54620.65,15,0,208215
BANKNIFTY-II.NFO,26/09/2024,09:21:39,54620.65,54619.65,900,54620.65,30,15,208215
BANKNIFTY-II.NFO,26/09/2024,09:21:41,54619.65,54619.65,795,54620.65,15,105,208215
BANKNIFTY-II.NFO,26/09/2024,09:21:43,54619.65,54619.65,795,54620.65,30,0,208215
BANKNIFTY-II.NFO,26/09/2024,09:21:46,54619.65,54619.65,780,54620.65,15,15,208215
BANKNIFTY-II.NFO,26/09/2024,09:21:48,54620.65,54619.65,780,54625,30,15,208215
BANKNIFTY-II.NFO,26/09/2024,09:21:49,54625,54619.65,780,54625,105,15,208215
BANKNIFTY-II.NFO,26/09/2024,09:21:51,54625,54619.65,780,54625,90,0,208215
BANKNIFTY-II.NFO,26/09/2024,09:21:53,54625,54619.7,15,54625,105,0,208215
BANKNIFTY-II.NFO,26/09/2024,09:21:54,54625,54619.65,780,54625,120,0,208215
BANKNIFTY-II.NFO,26/09/2024,09:21:56,54625,54619.65,795,54625,120,0,208215
BANKNIFTY-II.NFO,26/09/2024,09:21:58,54635.35,54623,30,54635.35,45,195,208215
BANKNIFTY-II.NFO,26/09/2024,09:21:58,54635.4,54623,30,54635.35,45,0,208215
BANKNIFTY-II.NFO,26/09/2024,09:21:59,54635.35,54623,30,54635.55,60,0,208215
BANKNIFTY-II.NFO,26/09/2024,09:22:01,54635.35,54623.05,60,54635.55,60,0,208215
BANKNIFTY-II.NFO,26/09/2024,09:22:04,54635.35,54630,30,54635.55,60,0,208215
BANKNIFTY-II.NFO,26/09/2024,09:22:06,54635.1,54631,60,54644.55,60,15,208215
BANKNIFTY-II.NFO,26/09/2024,09:22:08,54644.5,54637.7,60,54649.95,45,15,208215
BANKNIFTY-II.NFO,26/09/2024,09:22:08,54644.5,54637.7,60,54649.95,45,0,208215
BANKNIFTY-II.NFO,26/09/2024,09:22:09,54644.5,54633.65,60,54647.45,45,0,208215
BANKNIFTY-II.NFO,26/09/2024,09:22:11,54645.7,54631.9,75,54646.85,30,45,208215
BANKNIFTY-II.NFO,26/09/2024,09:22:11,54645.7,54631.9,75,54646.85,30,0,208215
BANKNIFTY-II.NFO,26/09/2024,09:22:12,54645,54630.9,60,54644.95,45,45,208215
BANKNIFTY-II.NFO,26/09/2024,09:22:14,54645,54631.75,60,54645,15,0,208215
BANKNIFTY-II.NFO,26/09/2024,09:22:16,54645,54636.65,60,54645,15,0,208215
BANKNIFTY-II.NFO,26/09/2024,09:22:17,54645,54645,60,54650,240,45,208215
BANKNIFTY-II.NFO,26/09/2024,09:22:19,54645,54645,60,54650,225,0,208215
BANKNIFTY-II.NFO,26/09/2024,09:22:21,54649.95,54645,60,54650,270,45,208215
BANKNIFTY-II.NFO,26/09/2024,09:22:21,54650,54645,60,54650,270,0,208215
BANKNIFTY-II.NFO,26/09/2024,09:22:22,54645,54640,165,54645,360,60,208215
BANKNIFTY-II.NFO,26/09/2024,09:22:24,54645,54640,15,54645,240,165,208215
BANKNIFTY-II.NFO,26/09/2024,09:22:26,54645,54640,15,54645,240,15,208215
BANKNIFTY-II.NFO,26/09/2024,09:22:27,54645,54631.25,60,54645,225,30,208215
BANKNIFTY-II.NFO,26/09/2024,09:22:29,54645,54628.15,75,54642.8,45,0,208215
BANKNIFTY-II.NFO,26/09/2024,09:22:31,54645,54628,60,54641.9,60,0,208215
BANKNIFTY-II.NFO,26/09/2024,09:22:32,54645,54628,60,54641.5,30,0,208215
BANKNIFTY-II.NFO,26/09/2024,09:22:34,54639.5,54625.05,75,54638.4,30,15,208215
BANKNIFTY-II.NFO,26/09/2024,09:22:36,54639.5,54625,15,54633.75,45,0,208215
BANKNIFTY-II.NFO,26/09/2024,09:22:37,54639.5,54625,15,54631.35,30,0,208215
BANKNIFTY-II.NFO,26/09/2024,09:22:39,54639.5,54625,15,54629.3,45,0,208215
BANKNIFTY-II.NFO,26/09/2024,09:22:41,54625,54619.65,780,54624.75,15,15,208215
BANKNIFTY-II.NFO,26/09/2024,09:22:42,54625,54619.65,780,54624.6,75,0,208215
BANKNIFTY-II.NFO,26/09/2024,09:22:44,54625,54619.65,780,54623.9,75,0,208215
BANKNIFTY-II.NFO,26/09/2024,09:22:46,54619.65,54619.65,570,54623.85,60,210,208215
BANKNIFTY-II.NFO,26/09/2024,09:22:47,54619.65,54619.65,570,54622.9,75,0,208215
BANKNIFTY-II.NFO,26/09/2024,09:22:49,54619.65,54619.65,420,54624.15,15,150,208215
BANKNIFTY-II.NFO,26/09/2024,09:22:51,54624.15,54619.65,420,54624.9,15,15,208215
BANKNIFTY-II.NFO,26/09/2024,09:22:52,54624.15,54619.65,420,54625,15,0,208215
BANKNIFTY-II.NFO,26/09/2024,09:22:56,54624.15,54619.65,420,54625,30,0,208215
BANKNIFTY-II.NFO,26/09/2024,09:22:59,54624.15,54619.65,420,54625,15,0,208215
BANKNIFTY-II.NFO,26/09/2024,09:23:01,54624.15,54619.65,420,54624.95,15,0,208215
BANKNIFTY-II.NFO,26/09/2024,09:23:02,54625,54619.65,420,54625,15,105,208215
BANKNIFTY-II.NFO,26/09/2024,09:23:04,54619.65,54619.65,390,54625,15,30,208215
BANKNIFTY-II.NFO,26/09/2024,09:23:06,54619.65,54619.65,390,54629.85,15,0,208215
BANKNIFTY-II.NFO,26/09/2024,09:23:07,54619.65,54619.65,390,54630,15,0,208215
BANKNIFTY-II.NFO,26/09/2024,09:23:09,54624,54619.65,390,54629.95,30,15,208215
BANKNIFTY-II.NFO,26/09/2024,09:23:11,54630,54621.7,60,54635.95,15,15,208215
BANKNIFTY-II.NFO,26/09/2024,09:23:12,54630,54623.7,60,54635.15,15,0,208215
BANKNIFTY-II.NFO,26/09/2024,09:23:14,54638.95,54619.7,75,54629.95,15,75,208215
BANKNIFTY-II.NFO,26/09/2024,09:23:16,54638.95,54620.75,60,54635.95,45,0,208215
BANKNIFTY-II.NFO,26/09/2024,09:23:17,54638.95,54619.7,75,54629.95,15,0,208215
BANKNIFTY-II.NFO,26/09/2024,09:23:19,54638.95,54620.05,75,54635.9,30,0,208215
BANKNIFTY-II.NFO,26/09/2024,09:23:21,54638.95,54620,15,54635.9,30,0,208215
BANKNIFTY-II.NFO,26/09/2024,09:23:22,54638.95,54620.05,60,54632.95,15,0,208215
BANKNIFTY-II.NFO,26/09/2024,09:23:26,54638.95,54620.35,90,54625,15,0,208215
BANKNIFTY-II.NFO,26/09/2024,09:23:27,54635.9,54620.05,75,54632.95,15,75,208215
BANKNIFTY-II.NFO,26/09/2024,09:23:29,54635.9,54620.05,75,54632.95,15,0,208215
BANKNIFTY-II.NFO,26/09/2024,09:23:30,54620.05,54619.7,75,54635.9,15,15,208215
BANKNIFTY-II.NFO,26/09/2024,09:23:32,54620.05,54619.7,75,54635.9,15,0,208215
BANKNIFTY-II.NFO,26/09/2024,09:23:34,54620.05,54619.8,90,54638.5,15,0,208215
BANKNIFTY-II.NFO,26/09/2024,09:23:35,54620.05,54619.85,60,54635.9,15,0,208215
BANKNIFTY-II.NFO,26/09/2024,09:23:37,54620.05,54619.7,60,54632.9,15,0,208215
BANKNIFTY-II.NFO,26/09/2024,09:23:39,54620.05,54619.7,60,54630,15,0,208215
BANKNIFTY-II.NFO,26/09/2024,09:23:42,54620.05,54619.7,60,54629.95,15,0,208215
BANKNIFTY-II.NFO,26/09/2024,09:23:43,54620.05,54619.65,390,54629.95,15,0,208215
BANKNIFTY-II.NFO,26/09/2024,09:23:47,54620.05,54619.65,390,54630.1,45,0,208215
BANKNIFTY-II.NFO,26/09/2024,09:23:48,54620.05,54619.65,390,54628.3,15,0,208215
BANKNIFTY-II.NFO,26/09/2024,09:23:50,54620.05,54619.65,390,54629.65,15,0,208215
BANKNIFTY-II.NFO,26/09/2024,09:23:52,54620.05,54619.65,390,54629.1,15,0,208215
BANKNIFTY-II.NFO,26/09/2024,09:23:53,54626.95,54619.65,390,54629.7,15,30,208215
BANKNIFTY-II.NFO,26/09/2024,09:23:55,54626.95,54619.65,390,54626.85,15,0,208215
BANKNIFTY-II.NFO,26/09/2024,09:23:56,54626.95,54619.65,390,54626.05,45,0,208215
BANKNIFTY-II.NFO,26/09/2024,09:23:58,54626.95,54619.65,390,54624.55,45,0,208215
BANKNIFTY-II.NFO,26/09/2024,09:24:00,54619.65,54619.65,375,54625.5,45,15,208215
BANKNIFTY-II.NFO,26/09/2024,09:24:01,54619.65,54619.65,360,54622.3,15,15,208215
BANKNIFTY-II.NFO,26/09/2024,09:24:03,54611.95,54600.05,75,54611.95,15,390,208215
BANKNIFTY-II.NFO,26/09/2024,09:24:04,54611.95,54600.05,60,54611.95,15,0,208215
BANKNIFTY-II.NFO,26/09/2024,09:24:06,54611.95,54600.05,60,54611.9,30,0,208215
BANKNIFTY-II.NFO,26/09/2024,09:24:08,54611.95,54600.05,75,54614.25,30,0,208215
BANKNIFTY-II.NFO,26/09/2024,09:24:09,54611.95,54600.05,75,54614.9,15,15,208215
BANKNIFTY-II.NFO,26/09/2024,09:24:11,54611.95,54600.05,60,54612.7,15,0,208215
BANKNIFTY-II.NFO,26/09/2024,09:24:13,54611.95,54600.05,75,54610,15,0,208215
BANKNIFTY-II.NFO,26/09/2024,09:24:14,54611.95,54600,60,54608.9,30,0,208215
BANKNIFTY-II.NFO,26/09/2024,09:24:16,54600,54600,15,54608.7,15,45,208215
BANKNIFTY-II.NFO,26/09/2024,09:24:18,54600,54600,15,54607.6,15,0,208215
BANKNIFTY-II.NFO,26/09/2024,09:24:19,54600,54600,15,54608.9,15,0,208215
BANKNIFTY-II.NFO,26/09/2024,09:24:21,54600,54590.25,60,54602.95,15,15,208215
BANKNIFTY-II.NFO,26/09/2024,09:24:23,54599.95,54590.25,60,54602.95,15,15,208215
BANKNIFTY-II.NFO,26/09/2024,09:24:24,54599.95,54588.2,60,54599.95,15,0,208215
BANKNIFTY-II.NFO,26/09/2024,09:24:26,54599.95,54590.2,60,54599.95,15,0,208215
BANKNIFTY-II.NFO,26/09/2024,09:24:29,54590.4,54593,210,54605.95,15,15,208725
BANKNIFTY-II.NFO,26/09/2024,09:24:31,54590.4,54597.3,60,54610,15,0,208725
BANKNIFTY-II.NFO,26/09/2024,09:24:34,54597.3,54597.3,60,54610,15,30,208725
BANKNIFTY-II.NFO,26/09/2024,09:24:36,54597.3,54596.8,60,54610,15,0,208725
BANKNIFTY-II.NFO,26/09/2024,09:24:38,54597.3,54600.15,60,54610,15,0,208725
BANKNIFTY-II.NFO,26/09/2024,09:24:43,54600.15,54600.15,45,54610,15,15,208725
BANKNIFTY-II.NFO,26/09/2024,09:24:44,54610,54600.15,45,54611.85,60,15,208725
BANKNIFTY-II.NFO,26/09/2024,09:24:46,54610,54603.05,45,54611.85,60,0,208725
BANKNIFTY-II.NFO,26/09/2024,09:24:48,54610,54604.65,45,54611.85,60,0,208725
BANKNIFTY-II.NFO,26/09/2024,09:24:49,54610,54604.25,45,54611.85,60,0,208725
BANKNIFTY-II.NFO,26/09/2024,09:24:51,54605,54604.25,45,54611.85,60,15,208725
BANKNIFTY-II.NFO,26/09/2024,09:24:53,54605,54604.25,45,54611.85,60,0,208725
BANKNIFTY-II.NFO,26/09/2024,09:24:54,54605,54600.15,45,54611.8,60,0,208725
BANKNIFTY-II.NFO,26/09/2024,09:24:56,54605,54597.65,45,54611.8,60,0,208725
BANKNIFTY-II.NFO,26/09/2024,09:24:58,54605,54597.35,45,54611.8,60,0,208725
BANKNIFTY-II.NFO,26/09/2024,09:24:59,54605,54597.35,45,54608.9,60,0,208725
BANKNIFTY-II.NFO,26/09/2024,09:25:01,54605,54597.35,45,54605,15,0,208725
BANKNIFTY-II.NFO,26/09/2024,09:25:02,54597.35,54597.3,15,54605,15,30,208725
BANKNIFTY-II.NFO,26/09/2024,09:25:04,54597.35,54597.3,15,54604.95,60,0,208725
BANKNIFTY-II.NFO,26/09/2024,09:25:06,54597.35,54597.35,30,54605,15,0,208725
BANKNIFTY-II.NFO,26/09/2024,09:25:07,54605,54597.35,30,54611.8,60,15,208725
BANKNIFTY-II.NFO,26/09/2024,09:25:09,54605,54597.35,30,54611.8,60,0,208725
BANKNIFTY-II.NFO,26/09/2024,09:25:11,54605,54593.3,30,54605,15,0,208725
BANKNIFTY-II.NFO,26/09/2024,09:25:14,54596.95,54586.55,15,54599.95,15,45,208725
BANKNIFTY-II.NFO,26/09/2024,09:25:16,54596.95,54586.9,30,54602.9,60,0,208725
BANKNIFTY-II.NFO,26/09/2024,09:25:17,54602.7,54590.05,45,54602.9,60,15,208725
BANKNIFTY-II.NFO,26/09/2024,09:25:19,54602.7,54590.05,30,54601.65,60,0,208725
BANKNIFTY-II.NFO,26/09/2024,09:25:20,54602.7,54590,15,54598,60,0,208725
BANKNIFTY-II.NFO,26/09/2024,09:25:22,54602.7,54590,15,54598.8,60,0,208725
BANKNIFTY-II.NFO,26/09/2024,09:25:24,54598.8,54590,15,54599,60,15,208725
BANKNIFTY-II.NFO,26/09/2024,09:25:25,54598.8,54590,15,54599.35,60,0,208725
BANKNIFTY-II.NFO,26/09/2024,09:25:27,54590,54590,15,54596.7,60,30,208725
BANKNIFTY-II.NFO,26/09/2024,09:25:29,54590,54590,15,54599.8,60,0,208725
BANKNIFTY-II.NFO,26/09/2024,09:25:31,54590,54590,15,54602.1,90,0,208725
BANKNIFTY-II.NFO,26/09/2024,09:25:32,54590,54590,15,54600.6,60,0,208725
BANKNIFTY-II.NFO,26/09/2024,09:25:34,54590,54580.75,75,54596.9,60,15,208725
BANKNIFTY-II.NFO,26/09/2024,09:25:35,54590,54576.95,60,54589.95,60,0,208725
BANKNIFTY-II.NFO,26/09/2024,09:25:37,54590,54572.65,60,54587.9,60,0,208725
BANKNIFTY-II.NFO,26/09/2024,09:25:39,54587.9,54575.35,75,54587.95,15,15,208725
BANKNIFTY-II.NFO,26/09/2024,09:25:40,54587.9,54575.35,75,54589.95,45,0,208725
BANKNIFTY-II.NFO,26/09/2024,09:25:45,54587.9,54575.35,75,54587.95,15,0,208725
BANKNIFTY-II.NFO,26/09/2024,09:25:47,54587.9,54572.1,75,54587.9,45,0,208725
BANKNIFTY-II.NFO,26/09/2024,09:25:49,54587.9,54570.05,60,54581.95,15,0,208725
BANKNIFTY-II.NFO,26/09/2024,09:25:50,54587.9,54570.05,75,54581.95,15,0,208725
BANKNIFTY-II.NFO,26/09/2024,09:25:53,54587.9,54572.95,90,54587.85,45,0,208725
BANKNIFTY-II.NFO,26/09/2024,09:25:55,54580.15,54581.1,75,54593.95,15,15,208725
BANKNIFTY-II.NFO,26/09/2024,09:25:57,54580.15,54583.55,60,54596.95,15,0,208725
BANKNIFTY-II.NFO,26/09/2024,09:25:58,54585.7,54589.55,45,54608.5,60,15,208725
BANKNIFTY-II.NFO,26/09/2024,09:26:00,54585.7,54590.75,45,54608.8,60,0,208725
BANKNIFTY-II.NFO,26/09/2024,09:26:02,54590.75,54585.95,30,54599.9,60,15,208725
BANKNIFTY-II.NFO,26/09/2024,09:26:03,54590.75,54590,15,54602.9,60,0,208725
BANKNIFTY-II.NFO,26/09/2024,09:26:05,54602.1,54590,15,54601.1,60,15,208725
BANKNIFTY-II.NFO,26/09/2024,09:26:07,54602.1,54590,30,54602.9,60,0,208725
BANKNIFTY-II.NFO,26/09/2024,09:26:08,54602.1,54590,30,54605,60,0,208725
BANKNIFTY-II.NFO,26/09/2024,09:26:10,54602.1,54590.05,45,54605.9,60,0,208725
BANKNIFTY-II.NFO,26/09/2024,09:26:12,54602.1,54590.1,45,54605.9,60,0,208725
BANKNIFTY-II.NFO,26/09/2024,09:26:13,54602.1,54590,15,54602.9,60,0,208725
BANKNIFTY-II.NFO,26/09/2024,09:26:15,54602.1,54595,15,54604.9,60,0,208725
BANKNIFTY-II.NFO,26/09/2024,09:26:17,54602.1,54595,15,54605.55,60,0,208725
BANKNIFTY-II.NFO,26/09/2024,09:26:18,54602.1,54595,15,54605.65,60,0,208725
BANKNIFTY-II.NFO,26/09/2024,09:26:20,54602.1,54595,15,54605.9,60,0,208725
BANKNIFTY-II.NFO,26/09/2024,09:26:22,54602.1,54595,30,54605.7,60,15,208725
BANKNIFTY-II.NFO,26/09/2024,09:26:23,54595,54590.05,45,54595,45,15,208725
BANKNIFTY-II.NFO,26/09/2024,09:26:25,54595,54592.6,45,54605.95,75,45,208725
BANKNIFTY-II.NFO,26/09/2024,09:26:26,54595,54596.75,75,54606,30,0,208725
BANKNIFTY-II.NFO,26/09/2024,09:26:28,54595,54591.4,45,54600,45,0,208725
BANKNIFTY-II.NFO,26/09/2024,09:26:30,54595,54591.85,45,54599.95,15,0,208725
BANKNIFTY-II.NFO,26/09/2024,09:26:31,54595,54593.1,45,54600,60,0,208725
BANKNIFTY-II.NFO,26/09/2024,09:26:33,54595,54592.5,45,54600,60,0,208725
BANKNIFTY-II.NFO,26/09/2024,09:26:35,54595,54590.05,45,54600,60,0,208725
BANKNIFTY-II.NFO,26/09/2024,09:26:36,54595,54591.1,60,54600,60,0,208725
BANKNIFTY-II.NFO,26/09/2024,09:26:38,54595,54594.7,45,54600,60,0,208725
BANKNIFTY-II.NFO,26/09/2024,09:26:40,54595,54597.65,45,54600,60,0,208725
BANKNIFTY-II.NFO,26/09/2024,09:26:41,54608.95,54602,45,54610,30,105,208725
BANKNIFTY-II.NFO,26/09/2024,09:26:43,54608.95,54606.35,45,54610,30,0,208725
BANKNIFTY-II.NFO,26/09/2024,09:26:45,54608.95,54605,15,54610,30,0,208725
BANKNIFTY-II.NFO,26/09/2024,09:26:46,54601.5,54600,30,54610,30,75,208725
BANKNIFTY-II.NFO,26/09/2024,09:26:48,54601.5,54600,30,54610,30,0,208725
BANKNIFTY-II.NFO,26/09/2024,09:26:50,54601.5,54600,15,54609.95,15,0,208725
BANKNIFTY-II.NFO,26/09/2024,09:26:51,54601.5,54600,15,54608.9,60,0,208725
BANKNIFTY-II.NFO,26/09/2024,09:26:53,54601.5,54600,15,54608.4,60,0,208725
BANKNIFTY-II.NFO,26/09/2024,09:26:55,54601.5,54600,15,54610,30,0,208725
BANKNIFTY-II.NFO,26/09/2024,09:26:56,54601.5,54600,15,54608.95,15,0,208725
BANKNIFTY-II.NFO,26/09/2024,09:26:58,54601.5,54600,30,54608.95,15,0,208725
BANKNIFTY-II.NFO,26/09/2024,09:27:00,54601.5,54601.55,90,54610,30,0,208725
BANKNIFTY-II.NFO,26/09/2024,09:27:01,54601.5,54601.6,15,54610,30,0,208725
BANKNIFTY-II.NFO,26/09/2024,09:27:03,54601.5,54601.15,15,54610,30,0,208725
BANKNIFTY-II.NFO,26/09/2024,09:27:05,54601.5,54600,30,54601.5,15,0,208725
BANKNIFTY-II.NFO,26/09/2024,09:27:06,54601.5,54600,30,54610,30,30,208725
BANKNIFTY-II.NFO,26/09/2024,09:27:08,54610,54600,15,54609.95,60,45,208725
BANKNIFTY-II.NFO,26/09/2024,09:27:10,54608.9,54600,15,54607.55,60,15,208725
BANKNIFTY-II.NFO,26/09/2024,09:27:11,54606.6,54600,15,54607.35,60,15,208725
BANKNIFTY-II.NFO,26/09/2024,09:27:13,54606.6,54600,15,54606.8,75,0,208725
BANKNIFTY-II.NFO,26/09/2024,09:27:15,54606.6,54600,15,54605.95,60,0,208725
BANKNIFTY-II.NFO,26/09/2024,09:27:16,54606.6,54600,15,54603.3,60,0,208725
BANKNIFTY-II.NFO,26/09/2024,09:27:18,54606.6,54600,15,54603,60,0,208725
BANKNIFTY-II.NFO,26/09/2024,09:27:20,54600,54584.3,45,54599.9,60,15,208725
BANKNIFTY-II.NFO,26/09/2024,09:27:21,54600,54584.35,30,54596.95,75,0,208725
BANKNIFTY-II.NFO,26/09/2024,09:27:23,54600,54585.7,30,54596.95,15,0,208725
BANKNIFTY-II.NFO,26/09/2024,09:27:24,54600,54586.6,255,54596.9,45,0,208725
BANKNIFTY-II.NFO,26/09/2024,09:27:26,54587.4,54585.15,15,54598.4,60,15,208800
BANKNIFTY-II.NFO,26/09/2024,09:27:28,54587.4,54584.5,30,54596.9,60,0,208800
BANKNIFTY-II.NFO,26/09/2024,09:27:29,54587.4,54590,15,54600.3,75,0,208800
BANKNIFTY-II.NFO,26/09/2024,09:27:31,54587.4,54590,15,54596.4,75,0,208800
BANKNIFTY-II.NFO,26/09/2024,09:27:33,54587.4,54590,15,54596.3,60,0,208800
BANKNIFTY-II.NFO,26/09/2024,09:27:34,54587.4,54590,15,54596.45,75,0,208800
BANKNIFTY-II.NFO,26/09/2024,09:27:36,54587.4,54590,15,54596.15,60,0,208800
BANKNIFTY-II.NFO,26/09/2024,09:27:37,54596.15,54590,15,54596.4,75,30,208800
BANKNIFTY-II.NFO,26/09/2024,09:27:39,54596.15,54595,15,54598.15,60,0,208800
BANKNIFTY-II.NFO,26/09/2024,09:27:41,54596.15,54595,15,54598.2,75,0,208800
BANKNIFTY-II.NFO,26/09/2024,09:27:42,54596.15,54595,15,54596.1,60,0,208800
BANKNIFTY-II.NFO,26/09/2024,09:27:47,54595,54581.05,45,54592.8,75,15,208800
BANKNIFTY-II.NFO,26/09/2024,09:27:49,54595,54582.9,150,54593.9,75,0,208800
BANKNIFTY-II.NFO,26/09/2024,09:27:51,54595,54585.75,150,54594.9,60,0,208800
BANKNIFTY-II.NFO,26/09/2024,09:27:52,54595,54588.7,165,54595.85,45,0,208800
BANKNIFTY-II.NFO,26/09/2024,09:27:54,54595,54583.85,45,54595.4,60,0,208800
BANKNIFTY-II.NFO,26/09/2024,09:27:56,54586.1,54583.65,45,54595.4,60,15,208800
BANKNIFTY-II.NFO,26/09/2024,09:27:57,54586.1,54582.9,45,54594.95,60,0,208800
BANKNIFTY-II.NFO,26/09/2024,09:27:59,54586.1,54585.6,45,54595,30,0,208800
BANKNIFTY-II.NFO,26/09/2024,09:28:00,54586.1,54588.15,135,54595,30,0,208800
BANKNIFTY-II.NFO,26/09/2024,09:28:02,54594.95,54591.25,135,54595,30,15,208800
BANKNIFTY-II.NFO,26/09/2024,09:28:04,54608.3,54593.75,45,54602.7,45,300,208800
BANKNIFTY-II.NFO,26/09/2024,09:28:05,54608.3,54589.85,60,54601.4,15,0,208800
BANKNIFTY-II.NFO,26/09/2024,09:28:07,54608.3,54588.5,60,54601.1,15,0,208800
BANKNIFTY-II.NFO,26/09/2024,09:28:08,54608.3,54595.3,15,54605,15,0,208800
BANKNIFTY-II.NFO,26/09/2024,09:28:10,54608.3,54591.5,15,54604,15,0,208800
BANKNIFTY-II.NFO,26/09/2024,09:28:12,54608.3,54592.55,150,54605.1,15,0,208800
BANKNIFTY-II.NFO,26/09/2024,09:28:13,54608.3,54589.8,60,54600.95,15,0,208800
BANKNIFTY-II.NFO,26/09/2024,09:28:15,54608.3,54591.5,60,54602.3,15,0,208800
BANKNIFTY-II.NFO,26/09/2024,09:28:16,54608.3,54591.85,75,54603.8,15,0,208800
BANKNIFTY-II.NFO,26/09/2024,09:28:18,54608.3,54589.65,75,54605.9,15,0,208800
BANKNIFTY-II.NFO,26/09/2024,09:28:20,54608.3,54586.15,60,54599.9,15,0,208800
BANKNIFTY-II.NFO,26/09/2024,09:28:21,54588.75,54587.4,60,54602.9,30,15,208800
BANKNIFTY-II.NFO,26/09/2024,09:28:23,54588.75,54587.25,60,54602.5,30,0,208800
BANKNIFTY-II.NFO,26/09/2024,09:28:25,54598.45,54586.15,60,54599.9,15,15,208800
BANKNIFTY-II.NFO,26/09/2024,09:28:26,54598.45,54586.1,30,54596.4,15,0,208800
BANKNIFTY-II.NFO,26/09/2024,09:28:28,54598.45,54586.1,30,54597,15,0,208800
BANKNIFTY-II.NFO,26/09/2024,09:28:30,54598.45,54586.1,30,54595,15,0,208800
BANKNIFTY-II.NFO,26/09/2024,09:28:31,54598.45,54586.1,30,54591.1,15,0,208800
BANKNIFTY-II.NFO,26/09/2024,09:28:33,54589.5,54580,45,54593.9,45,45,208800
BANKNIFTY-II.NFO,26/09/2024,09:28:34,54589.5,54580,45,54592.45,30,0,208800
BANKNIFTY-II.NFO,26/09/2024,09:28:36,54580,54577.6,45,54593.1,30,45,208800
BANKNIFTY-II.NFO,26/09/2024,09:28:38,54580,54575.05,60,54587.9,45,0,208800
BANKNIFTY-II.NFO,26/09/2024,09:28:39,54580,54575.05,75,54590.65,45,0,208800
BANKNIFTY-II.NFO,26/09/2024,09:28:41,54580,54575,30,54590.3,45,0,208800
BANKNIFTY-II.NFO,26/09/2024,09:28:43,54580,54575,15,54580,15,0,208800
BANKNIFTY-II.NFO,26/09/2024,09:28:44,54580,54575,15,54579.95,45,0,208800
BANKNIFTY-II.NFO,26/09/2024,09:28:48,54575,54572.55,60,54579.95,45,15,208800
BANKNIFTY-II.NFO,26/09/2024,09:28:49,54575,54570.1,60,54579.95,45,0,208800
BANKNIFTY-II.NFO,26/09/2024,09:28:51,54575,54570.05,60,54579.95,45,0,208800
BANKNIFTY-II.NFO,26/09/2024,09:28:52,54575,54570.05,75,54579.95,45,0,208800
BANKNIFTY-II.NFO,26/09/2024,09:28:54,54575,54572.25,60,54580,15,0,208800
BANKNIFTY-II.NFO,26/09/2024,09:28:56,54572.75,54570.05,75,54575,30,15,208800
BANKNIFTY-II.NFO,26/09/2024,09:28:57,54572.75,54571.9,60,54575,30,0,208800
BANKNIFTY-II.NFO,26/09/2024,09:28:59,54575,54573.75,60,54581.95,15,45,208800
BANKNIFTY-II.NFO,26/09/2024,09:29:00,54575,54584.35,60,54596.9,60,0,208800
BANKNIFTY-II.NFO,26/09/2024,09:29:02,54600.8,54590.65,75,54602.95,15,15,208800
BANKNIFTY-II.NFO,26/09/2024,09:29:04,54600.8,54583.1,60,54593.9,45,0,208800
BANKNIFTY-II.NFO,26/09/2024,09:29:05,54600.8,54583.25,75,54595.15,60,0,208800
BANKNIFTY-II.NFO,26/09/2024,09:29:07,54600.8,54582.85,60,54596.85,30,0,208800
BANKNIFTY-II.NFO,26/09/2024,09:29:09,54600.8,54583,60,54598.9,45,0,208800
BANKNIFTY-II.NFO,26/09/2024,09:29:10,54600.8,54584.25,75,54596.9,30,0,208800
BANKNIFTY-II.NFO,26/09/2024,09:29:12,54600.8,54584.5,75,54597.55,15,0,208800
BANKNIFTY-II.NFO,26/09/2024,09:29:14,54600.8,54582.15,75,54595.4,15,0,208800
BANKNIFTY-II.NFO,26/09/2024,09:29:15,54600.8,54580.9,60,54593.2,30,0,208800
BANKNIFTY-II.NFO,26/09/2024,09:29:17,54600.8,54584.7,60,54598.75,15,0,208800
BANKNIFTY-II.NFO,26/09/2024,09:29:18,54600.8,54582.95,75,54596.8,15,0,208800
BANKNIFTY-II.NFO,26/09/2024,09:29:20,54600.8,54588.05,75,54601.9,30,0,208800
BANKNIFTY-II.NFO,26/09/2024,09:29:22,54600.8,54589.35,60,54605.9,30,0,208800
BANKNIFTY-II.NFO,26/09/2024,09:29:23,54600.8,54591.45,75,54605.75,30,0,208800
BANKNIFTY-II.NFO,26/09/2024,09:29:25,54600.8,54590.2,60,54603.65,15,0,208800
BANKNIFTY-II.NFO,26/09/2024,09:29:27,54600.8,54590.05,75,54602.9,15,0,208800
BANKNIFTY-II.NFO,26/09/2024,09:29:28,54600.8,54588.9,60,54603.05,30,0,208800
BANKNIFTY-II.NFO,26/09/2024,09:29:30,54600.8,54590.3,60,54602.2,15,0,208800
BANKNIFTY-II.NFO,26/09/2024,09:29:32,54600.8,54589.5,75,54600.4,45,0,208800
BANKNIFTY-II.NFO,26/09/2024,09:29:33,54600.8,54593.45,60,54606.55,15,0,208800
BANKNIFTY-II.NFO,26/09/2024,09:29:35,54607.8,54594.3,60,54608,15,45,208800
BANKNIFTY-II.NFO,26/09/2024,09:29:36,54607.8,54598.85,60,54608,15,0,208800
BANKNIFTY-II.NFO,26/09/2024,09:29:38,54608,54606.45,15,54610,30,15,208800
BANKNIFTY-II.NFO,26/09/2024,09:29:40,54610,54608.7,15,54611.85,60,30,208800
BANKNIFTY-II.NFO,26/09/2024,09:29:41,54610,54609.6,105,54611.85,60,0,208800
BANKNIFTY-II.NFO,26/09/2024,09:29:43,54610,54603.05,60,54611.85,60,0,208800
BANKNIFTY-II.NFO,26/09/2024,09:29:45,54610,54600.25,60,54611.85,60,0,208800
BANKNIFTY-II.NFO,26/09/2024,09:29:46,54610,54601.1,60,54611.85,60,0,208800
BANKNIFTY-II.NFO,26/09/2024,09:29:48,54611.85,54601.15,105,54611.85,45,15,208800
BANKNIFTY-II.NFO,26/09/2024,09:29:50,54611.85,54600.15,60,54611.85,45,0,208800
BANKNIFTY-II.NFO,26/09/2024,09:29:51,54611.85,54600,30,54611.85,45,0,208800
BANKNIFTY-II.NFO,26/09/2024,09:29:53,54611.85,54600,30,54611.8,30,0,208800
BANKNIFTY-II.NFO,26/09/2024,09:29:56,54611.85,54600,30,54611.8,45,0,208800
BANKNIFTY-II.NFO,26/09/2024,09:29:58,54611.85,54600,30,54610.7,30,0,208800
BANKNIFTY-II.NFO,26/09/2024,09:30:01,54611.85,54600,30,54610.3,30,0,208800
BANKNIFTY-II.NFO,26/09/2024,09:30:03,54611.85,54600,30,54609.55,30,0,208800
BANKNIFTY-II.NFO,26/09/2024,09:30:04,54611.85,54600,30,54609.6,15,0,208800
BANKNIFTY-II.NFO,26/09/2024,09:30:06,54600,54586.25,75,54599.95,30,30,208800
BANKNIFTY-II.NFO,26/09/2024,09:30:08,54599.95,54583.2,75,54599.95,30,30,208800
BANKNIFTY-II.NFO,26/09/2024,09:30:09,54599.95,54581.45,60,54596.95,30,0,208800
BANKNIFTY-II.NFO,26/09/2024,09:30:11,54599.95,54583.55,60,54599.9,45,0,208800
BANKNIFTY-II.NFO,26/09/2024,09:30:13,54586.75,54584.95,75,54602.05,45,15,208800
BANKNIFTY-II.NFO,26/09/2024,09:30:14,54586.75,54583.25,75,54596.9,30,0,208800
BANKNIFTY-II.NFO,26/09/2024,09:30:16,54586.75,54579.35,60,54595.35,15,0,208800
BANKNIFTY-II.NFO,26/09/2024,09:30:18,54586.75,54581.5,75,54596.85,15,0,208800
BANKNIFTY-II.NFO,26/09/2024,09:30:19,54586.75,54580.9,75,54596.9,30,0,208800
BANKNIFTY-II.NFO,26/09/2024,09:30:21,54586.75,54589.25,75,54604.85,15,0,208800
BANKNIFTY-II.NFO,26/09/2024,09:30:23,54586.75,54584.5,75,54599.9,15,0,208800
BANKNIFTY-II.NFO,26/09/2024,09:30:24,54586.75,54578,60,54587.95,15,0,208800
BANKNIFTY-II.NFO,26/09/2024,09:30:26,54586.75,54575.05,60,54587.9,30,0,208800
BANKNIFTY-II.NFO,26/09/2024,09:30:29,54586.75,54575.05,75,54587.9,30,0,208800
BANKNIFTY-II.NFO,26/09/2024,09:30:32,54586.75,54575,60,54587.1,15,0,208800
BANKNIFTY-II.NFO,26/09/2024,09:30:34,54586.75,54575,60,54584.7,15,0,208800
BANKNIFTY-II.NFO,26/09/2024,09:30:36,54586.75,54575,60,54584.4,15,0,208800
BANKNIFTY-II.NFO,26/09/2024,09:30:37,54586.75,54575,60,54584.7,15,0,208800
BANKNIFTY-II.NFO,26/09/2024,09:30:41,54586.75,54575.05,60,54586.7,30,0,208800
BANKNIFTY-II.NFO,26/09/2024,09:30:42,54586.75,54575.35,75,54586.75,15,0,208800
BANKNIFTY-II.NFO,26/09/2024,09:30:44,54586.75,54577.8,75,54586.75,15,0,208800
BANKNIFTY-II.NFO,26/09/2024,09:30:46,54586.75,54575.7,60,54586.75,30,0,208800
BANKNIFTY-II.NFO,26/09/2024,09:30:47,54586.75,54575.15,60,54586.75,15,0,208800
BANKNIFTY-II.NFO,26/09/2024,09:30:49,54586.75,54577.55,60,54586.75,15,0,208800
BANKNIFTY-II.NFO,26/09/2024,09:30:50,54586.75,54575.05,60,54586.7,15,0,208800
BANKNIFTY-II.NFO,26/09/2024,09:30:54,54586.75,54575.05,75,54586.75,15,0,208800
BANKNIFTY-II.NFO,26/09/2024,09:30:55,54586.75,54576.85,75,54586.75,15,0,208800
BANKNIFTY-II.NFO,26/09/2024,09:30:57,54586.75,54575.05,60,54586.7,15,0,208800
BANKNIFTY-II.NFO,26/09/2024,09:30:59,54575.05,54575.15,75,54586.75,15,15,208755
BANKNIFTY-II.NFO,26/09/2024,09:31:00,54575.05,54575.05,75,54586.75,30,0,208755
BANKNIFTY-II.NFO,26/09/2024,09:31:02,54575.05,54575.05,60,54586.7,45,0,208755
BANKNIFTY-II.NFO,26/09/2024,09:31:05,54575.05,54575,75,54583.75,30,0,208755
BANKNIFTY-II.NFO,26/09/2024,09:31:07,54575.05,54575,75,54583.9,30,0,208755
BANKNIFTY-II.NFO,26/09/2024,09:31:09,54575.05,54575,75,54585.75,30,0,208755
BANKNIFTY-II.NFO,26/09/2024,09:31:10,54575.05,54575,75,54586.5,30,0,208755
BANKNIFTY-II.NFO,26/09/2024,09:31:12,54575.05,54575,75,54575.05,15,0,208755
BANKNIFTY-II.NFO,26/09/2024,09:31:14,54575.05,54575,75,54584.9,45,15,208755
BANKNIFTY-II.NFO,26/09/2024,09:31:15,54575.05,54575.05,75,54586.7,30,0,208755
BANKNIFTY-II.NFO,26/09/2024,09:31:17,54575.05,54575,75,54586.45,60,0,208755
BANKNIFTY-II.NFO,26/09/2024,09:31:19,54575.05,54575,75,54586.6,30,0,208755
BANKNIFTY-II.NFO,26/09/2024,09:31:20,54575.05,54575,75,54585.5,30,0,208755
BANKNIFTY-II.NFO,26/09/2024,09:31:22,54575.05,54575,75,54576.75,15,0,208755
BANKNIFTY-II.NFO,26/09/2024,09:31:30,54575,54570,375,54576.7,30,75,208755
BANKNIFTY-II.NFO,26/09/2024,09:31:31,54575,54570,375,54572.4,30,0,208755
BANKNIFTY-II.NFO,26/09/2024,09:31:33,54570,54570,300,54572.25,45,75,208755
BANKNIFTY-II.NFO,26/09/2024,09:31:35,54570,54570,300,54570.5,45,0,208755
BANKNIFTY-II.NFO,26/09/2024,09:31:36,54570,54570,300,54573.35,75,0,208755
BANKNIFTY-II.NFO,26/09/2024,09:31:38,54572.9,54570,300,54573.75,165,60,208755
BANKNIFTY-II.NFO,26/09/2024,09:31:40,54570,54570,285,54576.4,165,15,208755
BANKNIFTY-II.NFO,26/09/2024,09:31:41,54572.2,54570,285,54571.75,135,15,208755
BANKNIFTY-II.NFO,26/09/2024,09:31:43,54572.2,54570,285,54575.55,135,0,208755
BANKNIFTY-II.NFO,26/09/2024,09:31:44,54572.2,54570,285,54573.15,150,0,208755
BANKNIFTY-II.NFO,26/09/2024,09:31:46,54570,54550.65,60,54563.95,30,285,208755
BANKNIFTY-II.NFO,26/09/2024,09:31:48,54570,54550.05,75,54563.95,30,0,208755
BANKNIFTY-II.NFO,26/09/2024,09:31:49,54570,54557.55,105,54572.95,15,0,208755
BANKNIFTY-II.NFO,26/09/2024,09:31:51,54570,54560.1,60,54575.95,30,0,208755
BANKNIFTY-II.NFO,26/09/2024,09:31:53,54570,54552.6,60,54566.95,30,0,208755
BANKNIFTY-II.NFO,26/09/2024,09:31:54,54570,54554.3,60,54566.95,15,0,208755
BANKNIFTY-II.NFO,26/09/2024,09:31:56,54570,54554.75,60,54566.95,15,0,208755
BANKNIFTY-II.NFO,26/09/2024,09:31:59,54570,54554.75,60,54569.95,15,0,208755
BANKNIFTY-II.NFO,26/09/2024,09:32:01,54570,54560.25,60,54572.95,15,0,208755
BANKNIFTY-II.NFO,26/09/2024,09:32:03,54570,54568.05,60,54576.75,15,0,208755
BANKNIFTY-II.NFO,26/09/2024,09:32:04,54570,54566.9,90,54576.75,15,0,208755
BANKNIFTY-II.NFO,26/09/2024,09:32:06,54570,54569.7,60,54576.75,15,0,208755
BANKNIFTY-II.NFO,26/09/2024,09:32:08,54570,54568.55,60,54576.75,15,0,208755
BANKNIFTY-II.NFO,26/09/2024,09:32:09,54570,54565.75,60,54576.75,15,0,208755
BANKNIFTY-II.NFO,26/09/2024,09:32:11,54570,54565.9,60,54576.75,15,0,208755
BANKNIFTY-II.NFO,26/09/2024,09:32:13,54570,54565.3,105,54576.75,15,0,208755
BANKNIFTY-II.NFO,26/09/2024,09:32:14,54566.95,54564.3,75,54578.9,15,15,208755
BANKNIFTY-II.NFO,26/09/2024,09:32:16,54566.95,54562.25,60,54578.9,15,0,208755
BANKNIFTY-II.NFO,26/09/2024,09:32:18,54566.95,54563.55,60,54578.9,30,0,208755
BANKNIFTY-II.NFO,26/09/2024,09:32:19,54566.95,54563.95,60,54578.95,15,0,208755
BANKNIFTY-II.NFO,26/09/2024,09:32:21,54566.95,54569.65,60,54580,30,0,208755
BANKNIFTY-II.NFO,26/09/2024,09:32:22,54566.95,54572.35,75,54580,30,0,208755
BANKNIFTY-II.NFO,26/09/2024,09:32:24,54566.95,54568.65,60,54580,30,0,208755
BANKNIFTY-II.NFO,26/09/2024,09:32:26,54566.95,54566.15,60,54580,30,0,208755
BANKNIFTY-II.NFO,26/09/2024,09:32:27,54566.95,54565.45,60,54579.95,15,0,208755
BANKNIFTY-II.NFO,26/09/2024,09:32:29,54566.95,54562.8,60,54575.95,15,15,208755
BANKNIFTY-II.NFO,26/09/2024,09:32:30,54580,54578.15,60,54585,30,45,208755
BANKNIFTY-II.NFO,26/09/2024,09:32:32,54580,54573.25,75,54584.95,15,0,208755
BANKNIFTY-II.NFO,26/09/2024,09:32:33,54580,54571.8,60,54584.95,15,0,208755
BANKNIFTY-II.NFO,26/09/2024,09:32:35,54580,54563.1,60,54578.9,30,0,208755
BANKNIFTY-II.NFO,26/09/2024,09:32:37,54578.9,54560.35,75,54572.95,30,15,208755
BANKNIFTY-II.NFO,26/09/2024,09:32:38,54578.9,54566.05,60,54578.9,15,0,208755
BANKNIFTY-II.NFO,26/09/2024,09:32:40,54578.9,54566,75,54578.95,30,0,208755
BANKNIFTY-II.NFO,26/09/2024,09:32:41,54578.9,54562.55,60,54578.9,15,0,208755
BANKNIFTY-II.NFO,26/09/2024,09:32:43,54578.9,54561.9,75,54575.9,15,0,208755
BANKNIFTY-II.NFO,26/09/2024,09:32:45,54578.9,54560.2,75,54575.9,15,0,208755
BANKNIFTY-II.NFO,26/09/2024,09:32:46,54578.9,54563.2,60,54578.4,15,0,208755
BANKNIFTY-II.NFO,26/09/2024,09:32:48,54578.4,54563.05,60,54578.4,30,15,208755
BANKNIFTY-II.NFO,26/09/2024,09:32:49,54578.4,54565,75,54578.4,45,0,208755
BANKNIFTY-II.NFO,26/09/2024,09:32:51,54578.4,54564.35,60,54575.95,30,0,208755
BANKNIFTY-II.NFO,26/09/2024,09:32:52,54578.4,54563.05,60,54575.95,30,0,208755
BANKNIFTY-II.NFO,26/09/2024,09:32:54,54578.4,54564.95,75,54575.95,15,0,208755
BANKNIFTY-II.NFO,26/09/2024,09:32:55,54578.4,54568,90,54581.95,30,0,208755
BANKNIFTY-II.NFO,26/09/2024,09:32:57,54578.4,54567.3,60,54581.95,30,0,208755
BANKNIFTY-II.NFO,26/09/2024,09:32:59,54578.4,54565.05,75,54578.95,30,0,208755
BANKNIFTY-II.NFO,26/09/2024,09:33:00,54578.4,54563.05,60,54578.95,30,0,208755
BANKNIFTY-II.NFO,26/09/2024,09:33:02,54578.4,54563.95,60,54578.35,15,0,208755
BANKNIFTY-II.NFO,26/09/2024,09:33:04,54578.4,54563.9,90,54581.95,30,15,208755
BANKNIFTY-II.NFO,26/09/2024,09:33:05,54578.4,54564.05,60,54581.95,30,0,208755
BANKNIFTY-II.NFO,26/09/2024,09:33:07,54578.4,54567.05,90,54584.95,30,0,208755
BANKNIFTY-II.NFO,26/09/2024,09:33:08,54578.4,54566.65,90,54584.9,30,0,208755
BANKNIFTY-II.NFO,26/09/2024,09:33:10,54584.95,54569.85,75,54584.95,15,15,208755
BANKNIFTY-II.NFO,26/09/2024,09:33:12,54585,54569.1,60,54584.95,30,30,208755
BANKNIFTY-II.NFO,26/09/2024,09:33:13,54585,54567.25,105,54581.95,30,0,208755
BANKNIFTY-II.NFO,26/09/2024,09:33:15,54585,54572.55,60,54578.4,15,0,208755
BANKNIFTY-II.NFO,26/09/2024,09:33:17,54585,54574.05,60,54578.4,15,0,208755
BANKNIFTY-II.NFO,26/09/2024,09:33:18,54585,54572,60,54578.4,15,0,208755
BANKNIFTY-II.NFO,26/09/2024,09:33:20,54585,54571.2,60,54578.4,15,0,208755
BANKNIFTY-II.NFO,26/09/2024,09:33:22,54585,54570.3,60,54578.4,15,0,208755
BANKNIFTY-II.NFO,26/09/2024,09:33:23,54585,54565.9,60,54578.4,15,0,208755
BANKNIFTY-II.NFO,26/09/2024,09:33:25,54585,54569.45,60,54578.4,15,0,208755
BANKNIFTY-II.NFO,26/09/2024,09:33:27,54585,54564.55,75,54578.4,30,0,208755
BANKNIFTY-II.NFO,26/09/2024,09:33:28,54585,54563.05,75,54575.95,30,0,208755
BANKNIFTY-II.NFO,26/09/2024,09:33:30,54575.95,54563.5,90,54575.95,15,15,208485
BANKNIFTY-II.NFO,26/09/2024,09:33:32,54575.95,54563,15,54574.15,30,0,208485
BANKNIFTY-II.NFO,26/09/2024,09:33:33,54575.95,54563,15,54573.4,30,0,208485
BANKNIFTY-II.NFO,26/09/2024,09:33:35,54575.95,54563,15,54571.75,30,0,208485
BANKNIFTY-II.NFO,26/09/2024,09:33:37,54575.95,54563,15,54571.8,15,0,208485
BANKNIFTY-II.NFO,26/09/2024,09:33:40,54572.95,54563.05,60,54575.95,150,15,208485
BANKNIFTY-II.NFO,26/09/2024,09:33:42,54572.95,54563.05,60,54575.95,150,0,208485
BANKNIFTY-II.NFO,26/09/2024,09:33:43,54572.95,54563.05,60,54575.95,165,0,208485
BANKNIFTY-II.NFO,26/09/2024,09:33:45,54572.95,54563,15,54575.9,30,0,208485
BANKNIFTY-II.NFO,26/09/2024,09:33:51,54572.95,54563.05,60,54575.95,45,0,208485
BANKNIFTY-II.NFO,26/09/2024,09:33:53,54563.05,54563.05,75,54575.95,15,15,208485
BANKNIFTY-II.NFO,26/09/2024,09:33:55,54563.05,54563.05,75,54575.9,15,0,208485
BANKNIFTY-II.NFO,26/09/2024,09:33:56,54563.05,54563.1,60,54575.95,15,0,208485
BANKNIFTY-II.NFO,26/09/2024,09:33:58,54563.05,54563.05,60,54575.9,15,0,208485
BANKNIFTY-II.NFO,26/09/2024,09:34:00,54575.9,54563.05,60,54575.9,30,45,208485
BANKNIFTY-II.NFO,26/09/2024,09:34:01,54575.9,54563,15,54575.95,60,60,208485
BANKNIFTY-II.NFO,26/09/2024,09:34:03,54575.95,54563,15,54575.95,60,90,208485
BANKNIFTY-II.NFO,26/09/2024,09:34:05,54576.8,54563,15,54576.95,150,135,208485
BANKNIFTY-II.NFO,26/09/2024,09:34:06,54576.95,54563.05,60,54578.95,15,150,208485
BANKNIFTY-II.NFO,26/09/2024,09:34:08,54578,54563.05,60,54578.95,15,435,208485
BANKNIFTY-II.NFO,26/09/2024,09:34:10,54578,54563.05,75,54578.95,15,0,208485
BANKNIFTY-II.NFO,26/09/2024,09:34:12,54578,54563,15,54575.95,15,0,208485
BANKNIFTY-II.NFO,26/09/2024,09:34:13,54578,54563.05,75,54575.95,15,0,208485
BANKNIFTY-II.NFO,26/09/2024,09:34:15,54578,54570,60,54579.95,150,0,208485
BANKNIFTY-II.NFO,26/09/2024,09:34:17,54578,54570,60,54581.8,15,0,208485
BANKNIFTY-II.NFO,26/09/2024,09:34:18,54578,54570,60,54581.3,15,0,208485
BANKNIFTY-II.NFO,26/09/2024,09:34:20,54578,54570,75,54581.55,15,0,208485
BANKNIFTY-II.NFO,26/09/2024,09:34:22,54578,54570,60,54580.4,15,0,208485
BANKNIFTY-II.NFO,26/09/2024,09:34:23,54578,54570,60,54582.35,15,0,208485
BANKNIFTY-II.NFO,26/09/2024,09:34:25,54578,54570,60,54581,15,0,208485
BANKNIFTY-II.NFO,26/09/2024,09:34:27,54578,54570,60,54578.15,15,0,208485
BANKNIFTY-II.NFO,26/09/2024,09:34:28,54578,54570,60,54576.9,15,0,208485
BANKNIFTY-II.NFO,26/09/2024,09:34:30,54570,54570,45,54575.15,15,15,208485
BANKNIFTY-II.NFO,26/09/2024,09:34:32,54570,54570,45,54573.4,150,0,208485
BANKNIFTY-II.NFO,26/09/2024,09:34:33,54570,54563,15,54573.5,15,45,208485
BANKNIFTY-II.NFO,26/09/2024,09:34:35,54572.15,54563,15,54572.8,150,15,208485
BANKNIFTY-II.NFO,26/09/2024,09:34:36,54572.15,54563,15,54571.8,150,0,208485
BANKNIFTY-II.NFO,26/09/2024,09:34:38,54572.15,54563,15,54575.3,150,0,208485
BANKNIFTY-II.NFO,26/09/2024,09:34:40,54572.15,54563.05,60,54577.6,150,0,208485
BANKNIFTY-II.NFO,26/09/2024,09:34:41,54572.15,54563,15,54577.55,150,0,208485
BANKNIFTY-II.NFO,26/09/2024,09:34:43,54572.15,54563,15,54575.75,150,0,208485
BANKNIFTY-II.NFO,26/09/2024,09:34:44,54572.15,54564.25,90,54575.95,15,0,208485
BANKNIFTY-II.NFO,26/09/2024,09:34:46,54572.15,54563.6,60,54575.95,15,0,208485
BANKNIFTY-II.NFO,26/09/2024,09:34:48,54575.95,54572.15,15,54581.95,15,15,208485
BANKNIFTY-II.NFO,26/09/2024,09:34:49,54575.95,54572.15,30,54585.85,150,0,208485
BANKNIFTY-II.NFO,26/09/2024,09:34:51,54575.95,54572.15,15,54586.2,150,0,208485
BANKNIFTY-II.NFO,26/09/2024,09:34:53,54575.95,54572.2,75,54586.25,150,0,208485
BANKNIFTY-II.NFO,26/09/2024,09:34:54,54575.95,54572.2,75,54586.75,15,0,208485
BANKNIFTY-II.NFO,26/09/2024,09:34:56,54575.95,54572.15,15,54583.6,150,0,208485
BANKNIFTY-II.NFO,26/09/2024,09:34:58,54575.95,54572.15,15,54580.05,150,0,208485
BANKNIFTY-II.NFO,26/09/2024,09:34:59,54575.95,54572.15,15,54580.45,150,0,208485
BANKNIFTY-II.NFO,26/09/2024,09:35:01,54575.95,54572.15,15,54580.35,150,0,208485
BANKNIFTY-II.NFO,26/09/2024,09:35:03,54580.35,54574,45,54576.85,150,15,208485
BANKNIFTY-II.NFO,26/09/2024,09:35:04,54580.35,54574,45,54578.5,150,0,208485
BANKNIFTY-II.NFO,26/09/2024,09:35:06,54580.35,54574,45,54580.85,150,0,208485
BANKNIFTY-II.NFO,26/09/2024,09:35:08,54580.35,54574,45,54582.45,150,0,208485
BANKNIFTY-II.NFO,26/09/2024,09:35:09,54580.35,54574,45,54583.1,150,0,208485
BANKNIFTY-II.NFO,26/09/2024,09:35:11,54580.35,54574,45,54586.35,150,0,208485
BANKNIFTY-II.NFO,26/09/2024,09:35:12,54580.35,54574.05,75,54586.75,15,0,208485
BANKNIFTY-II.NFO,26/09/2024,09:35:14,54580.35,54574.05,60,54586.75,15,0,208485
BANKNIFTY-II.NFO,26/09/2024,09:35:16,54580.35,54575.9,60,54586.75,15,0,208485
BANKNIFTY-II.NFO,26/09/2024,09:35:17,54580.35,54574.05,75,54586.75,15,0,208485
BANKNIFTY-II.NFO,26/09/2024,09:35:21,54580.35,54574.6,60,54586.75,15,0,208485
BANKNIFTY-II.NFO,26/09/2024,09:35:22,54580.35,54574.05,60,54586.2,150,0,208485
BANKNIFTY-II.NFO,26/09/2024,09:35:24,54580.35,54574.05,60,54586.75,15,0,208485
BANKNIFTY-II.NFO,26/09/2024,09:35:26,54580.35,54574.05,75,54586.75,15,0,208485
BANKNIFTY-II.NFO,26/09/2024,09:35:27,54580.35,54580.35,360,54586.75,15,0,208485
BANKNIFTY-II.NFO,26/09/2024,09:35:32,54580.35,54580.35,345,54586.75,15,15,208485
BANKNIFTY-II.NFO,26/09/2024,09:35:34,54580.35,54580.35,345,54586.15,150,0,208485
BANKNIFTY-II.NFO,26/09/2024,09:35:36,54580.35,54580.35,345,54586.75,15,0,208485
BANKNIFTY-II.NFO,26/09/2024,09:35:39,54580.35,54580.4,75,54586.75,15,15,208485
BANKNIFTY-II.NFO,26/09/2024,09:35:41,54580.35,54580.4,75,54586.75,15,0,208485
BANKNIFTY-II.NFO,26/09/2024,09:35:42,54580.35,54580.4,60,54586.75,15,0,208485
BANKNIFTY-II.NFO,26/09/2024,09:35:46,54580.4,54580.4,60,54586.75,15,15,208485
BANKNIFTY-II.NFO,26/09/2024,09:35:47,54580.4,54580.35,330,54586.75,15,0,208485
BANKNIFTY-II.NFO,26/09/2024,09:35:49,54586.75,54580.4,60,54590,15,15,208485
BANKNIFTY-II.NFO,26/09/2024,09:35:51,54586.75,54580.35,330,54587.95,15,0,208485
BANKNIFTY-II.NFO,26/09/2024,09:35:52,54586.75,54580.35,330,54587.65,15,0,208485
BANKNIFTY-II.NFO,26/09/2024,09:35:54,54580.35,54572.15,15,54582.45,15,375,208485
BANKNIFTY-II.NFO,26/09/2024,09:35:56,54580.35,54572.2,75,54584.9,15,0,208485
BANKNIFTY-II.NFO,26/09/2024,09:35:57,54580.35,54574.35,60,54584.95,15,0,208485
BANKNIFTY-II.NFO,26/09/2024,09:35:59,54580.35,54576.55,75,54587.9,15,0,208485
BANKNIFTY-II.NFO,26/09/2024,09:36:01,54580.35,54572.95,75,54586.2,15,0,208485
BANKNIFTY-II.NFO,26/09/2024,09:36:02,54580.35,54573.25,75,54580.35,45,0,208485
BANKNIFTY-II.NFO,26/09/2024,09:36:04,54580.35,54573.15,75,54580.35,30,15,208485
BANKNIFTY-II.NFO,26/09/2024,09:36:06,54580.35,54575.05,75,54580.35,30,0,208485
BANKNIFTY-II.NFO,26/09/2024,09:36:07,54580.35,54576.8,75,54580.35,30,0,208485
BANKNIFTY-II.NFO,26/09/2024,09:36:09,54580.35,54575.05,60,54580.35,30,0,208485
BANKNIFTY-II.NFO,26/09/2024,09:36:10,54580.35,54576.15,75,54580.35,30,0,208485
BANKNIFTY-II.NFO,26/09/2024,09:36:12,54580.35,54575.25,60,54580.35,30,0,208485
BANKNIFTY-II.NFO,26/09/2024,09:36:14,54580.35,54576,60,54580.35,30,0,208485
BANKNIFTY-II.NFO,26/09/2024,09:36:15,54580.35,54577.9,60,54580.35,30,0,208485
BANKNIFTY-II.NFO,26/09/2024,09:36:17,54580.35,54580.3,75,54590,15,30,208485
BANKNIFTY-II.NFO,26/09/2024,09:36:19,54580.35,54578.3,60,54585,15,0,208485
BANKNIFTY-II.NFO,26/09/2024,09:36:20,54580.35,54577.4,60,54585,15,0,208485
BANKNIFTY-II.NFO,26/09/2024,09:36:22,54580.35,54575.05,60,54580.35,30,0,208485
BANKNIFTY-II.NFO,26/09/2024,09:36:24,54580.35,54575,15,54580.35,30,0,208485
BANKNIFTY-II.NFO,26/09/2024,09:36:29,54580.35,54575,15,54580.3,15,0,208485
BANKNIFTY-II.NFO,26/09/2024,09:36:30,54580.35,54575,15,54580.35,45,0,208485
BANKNIFTY-II.NFO,26/09/2024,09:36:32,54580.35,54575,15,54580.3,15,0,208485
BANKNIFTY-II.NFO,26/09/2024,09:36:34,54580.35,54575,15,54580.35,45,0,208485
BANKNIFTY-II.NFO,26/09/2024,09:36:35,54580.35,54575,15,54580.3,15,0,208485
BANKNIFTY-II.NFO,26/09/2024,09:36:37,54580.35,54575.05,60,54580.35,30,0,208485
BANKNIFTY-II.NFO,26/09/2024,09:36:38,54580.35,54575,15,54580.35,30,0,208485
BANKNIFTY-II.NFO,26/09/2024,09:36:40,54580.35,54575,30,54580.35,30,0,208485
BANKNIFTY-II.NFO,26/09/2024,09:36:43,54580.35,54575,30,54580.3,15,0,208485
BANKNIFTY-II.NFO,26/09/2024,09:36:45,54580.35,54575,30,54580.35,30,0,208485
BANKNIFTY-II.NFO,26/09/2024,09:36:50,54580.35,54575,30,54580.35,45,0,208485
BANKNIFTY-II.NFO,26/09/2024,09:36:51,54580.35,54575,30,54580.25,15,0,208485
BANKNIFTY-II.NFO,26/09/2024,09:36:53,54580.35,54575,30,54580.3,30,0,208485
BANKNIFTY-II.NFO,26/09/2024,09:36:55,54580.3,54575,30,54580.35,45,15,207810
BANKNIFTY-II.NFO,26/09/2024,09:36:56,54580.3,54575,30,54580.35,30,0,207810
BANKNIFTY-II.NFO,26/09/2024,09:36:58,54575,54576.05,60,54580.35,30,15,207810
BANKNIFTY-II.NFO,26/09/2024,09:37:00,54575,54575.05,75,54580.35,30,0,207810
BANKNIFTY-II.NFO,26/09/2024,09:37:03,54575,54575,30,54580.35,30,0,207810
BANKNIFTY-II.NFO,26/09/2024,09:37:05,54575,54575.05,75,54580.35,30,0,207810
BANKNIFTY-II.NFO,26/09/2024,09:37:06,54580.35,54576.6,45,54584.95,15,30,207810
BANKNIFTY-II.NFO,26/09/2024,09:37:08,54580.35,54576.4,75,54585,15,0,207810
BANKNIFTY-II.NFO,26/09/2024,09:37:10,54580.35,54577.1,75,54585,15,0,207810
BANKNIFTY-II.NFO,26/09/2024,09:37:11,54580.35,54578.25,60,54585,15,0,207810
BANKNIFTY-II.NFO,26/09/2024,09:37:13,54580.35,54578.9,15,54585,15,0,207810
BANKNIFTY-II.NFO,26/09/2024,09:37:15,54580.35,54577.75,60,54585,15,0,207810
BANKNIFTY-II.NFO,26/09/2024,09:37:16,54585,54579,45,54585.35,15,15,207810
BANKNIFTY-II.NFO,26/09/2024,09:37:18,54585,54579.9,15,54585.35,15,0,207810
BANKNIFTY-II.NFO,26/09/2024,09:37:20,54585,54582.3,60,54585.35,15,0,207810
BANKNIFTY-II.NFO,26/09/2024,09:37:21,54585,54581,60,54585.35,15,0,207810
BANKNIFTY-II.NFO,26/09/2024,09:37:23,54585,54579.2,60,54585.35,15,0,207810
BANKNIFTY-II.NFO,26/09/2024,09:37:25,54585,54579,60,54585.35,15,0,207810
BANKNIFTY-II.NFO,26/09/2024,09:37:26,54585,54577.9,60,54585.35,15,0,207810
BANKNIFTY-II.NFO,26/09/2024,09:37:28,54585,54576.7,60,54585.35,15,0,207810
BANKNIFTY-II.NFO,26/09/2024,09:37:30,54585,54577.1,60,54585.35,15,0,207810
BANKNIFTY-II.NFO,26/09/2024,09:37:31,54585.35,54576.9,75,54587.95,15,15,207810
BANKNIFTY-II.NFO,26/09/2024,09:37:33,54585.35,54575.55,75,54587.85,45,0,207810
BANKNIFTY-II.NFO,26/09/2024,09:37:35,54585.35,54576.2,75,54587.95,30,0,207810
BANKNIFTY-II.NFO,26/09/2024,09:37:36,54585.35,54579.75,45,54590,15,0,207810
BANKNIFTY-II.NFO,26/09/2024,09:37:38,54585.35,54581.35,45,54590,15,0,207810
BANKNIFTY-II.NFO,26/09/2024,09:37:40,54585.35,54579.1,45,54590,15,0,207810
BANKNIFTY-II.NFO,26/09/2024,09:37:41,54585.35,54579.05,45,54590,15,0,207810
BANKNIFTY-II.NFO,26/09/2024,09:37:43,54585.35,54577.8,30,54589.75,45,0,207810
BANKNIFTY-II.NFO,26/09/2024,09:37:44,54585.35,54581.05,45,54590,15,0,207810
BANKNIFTY-II.NFO,26/09/2024,09:37:46,54585.35,54579.45,30,54590,15,0,207810
BANKNIFTY-II.NFO,26/09/2024,09:37:48,54585.35,54580.7,60,54590,15,0,207810
BANKNIFTY-II.NFO,26/09/2024,09:37:49,54585.35,54578.2,60,54590,15,0,207810
BANKNIFTY-II.NFO,26/09/2024,09:37:51,54585.35,54581.7,60,54590,15,0,207810
BANKNIFTY-II.NFO,26/09/2024,09:37:53,54585.35,54580.15,30,54590,15,0,207810
BANKNIFTY-II.NFO,26/09/2024,09:37:54,54585.35,54579.2,60,54590,30,0,207810
BANKNIFTY-II.NFO,26/09/2024,09:37:56,54585.35,54580.05,30,54590,15,0,207810
BANKNIFTY-II.NFO,26/09/2024,09:37:58,54585.35,54580.3,30,54590,15,0,207810
BANKNIFTY-II.NFO,26/09/2024,09:37:59,54585.35,54581.3,30,54590,15,0,207810
BANKNIFTY-II.NFO,26/09/2024,09:38:01,54584.1,54583.35,60,54590,15,15,207810
BANKNIFTY-II.NFO,26/09/2024,09:38:03,54584.1,54583.5,75,54590,15,0,207810
BANKNIFTY-II.NFO,26/09/2024,09:38:04,54584.1,54582.5,60,54590,15,0,207810
BANKNIFTY-II.NFO,26/09/2024,09:38:06,54584.1,54580.1,60,54590,15,0,207810
BANKNIFTY-II.NFO,26/09/2024,09:38:08,54578.3,54578.3,60,54589.85,45,15,207810
BANKNIFTY-II.NFO,26/09/2024,09:38:09,54578.3,54577.6,60,54589.75,45,0,207810
BANKNIFTY-II.NFO,26/09/2024,09:38:11,54578.3,54576.55,60,54588.55,45,0,207810
BANKNIFTY-II.NFO,26/09/2024,09:38:13,54578.3,54577.7,60,54587.95,15,0,207810
BANKNIFTY-II.NFO,26/09/2024,09:38:14,54578.3,54577.5,75,54589.85,45,0,207810
BANKNIFTY-II.NFO,26/09/2024,09:38:16,54578.3,54577.75,60,54589.85,45,0,207810
BANKNIFTY-II.NFO,26/09/2024,09:38:17,54578.3,54581.2,60,54590,15,0,207810
BANKNIFTY-II.NFO,26/09/2024,09:38:19,54589.9,54589.9,60,54599,15,30,207810
BANKNIFTY-II.NFO,26/09/2024,09:38:21,54589.9,54587.35,75,54599,15,0,207810
BANKNIFTY-II.NFO,26/09/2024,09:38:22,54589.9,54584.9,75,54597.35,45,0,207810
BANKNIFTY-II.NFO,26/09/2024,09:38:24,54589.9,54589.35,75,54599,15,0,207810
BANKNIFTY-II.NFO,26/09/2024,09:38:26,54589.9,54587.2,75,54599,15,0,207810
BANKNIFTY-II.NFO,26/09/2024,09:38:27,54589.9,54581.05,75,54593.55,45,0,207810
BANKNIFTY-II.NFO,26/09/2024,09:38:29,54589.9,54579.4,75,54591.9,60,0,207810
BANKNIFTY-II.NFO,26/09/2024,09:38:31,54589.9,54578,45,54584.45,60,0,207810
BANKNIFTY-II.NFO,26/09/2024,09:38:32,54583.35,54578,45,54582,45,15,207810
BANKNIFTY-II.NFO,26/09/2024,09:38:34,54584,54578,45,54585.25,30,60,207810
BANKNIFTY-II.NFO,26/09/2024,09:38:36,54584,54578,45,54581.85,30,0,207810
BANKNIFTY-II.NFO,26/09/2024,09:38:37,54578,54575,15,54578.9,45,45,207810
BANKNIFTY-II.NFO,26/09/2024,09:38:39,54578,54575,15,54583.1,30,0,207810
BANKNIFTY-II.NFO,26/09/2024,09:38:41,54559.15,54564.75,30,54575.95,30,390,207810
BANKNIFTY-II.NFO,26/09/2024,09:38:43,54559.15,54565.05,45,54575.95,15,0,207810
BANKNIFTY-II.NFO,26/09/2024,09:38:44,54559.15,54569.15,45,54583.35,75,0,207810
BANKNIFTY-II.NFO,26/09/2024,09:38:46,54559.15,54568.3,45,54581.95,15,0,207810
BANKNIFTY-II.NFO,26/09/2024,09:38:48,54559.15,54572.75,45,54585.55,75,0,207810
BANKNIFTY-II.NFO,26/09/2024,09:38:49,54584.7,54577.75,30,54590.55,75,15,207810
BANKNIFTY-II.NFO,26/09/2024,09:38:51,54584.7,54577.1,30,54589.8,60,0,207810
BANKNIFTY-II.NFO,26/09/2024,09:38:53,54584.7,54578.45,30,54590.9,75,0,207810
BANKNIFTY-II.NFO,26/09/2024,09:38:54,54584.7,54578.8,15,54590.6,75,0,207810
BANKNIFTY-II.NFO,26/09/2024,09:38:56,54584.7,54582.7,30,54593.95,15,0,207810
BANKNIFTY-II.NFO,26/09/2024,09:38:58,54584.7,54580.55,30,54592.9,30,0,207810
BANKNIFTY-II.NFO,26/09/2024,09:38:59,54584.7,54578.9,30,54592.35,75,0,207810
BANKNIFTY-II.NFO,26/09/2024,09:39:01,54584.7,54577.65,15,54589.95,30,0,207810
BANKNIFTY-II.NFO,26/09/2024,09:39:03,54584.7,54578.65,15,54593.9,75,0,207810
BANKNIFTY-II.NFO,26/09/2024,09:39:04,54584.7,54576.2,30,54588.5,45,0,207810
BANKNIFTY-II.NFO,26/09/2024,09:39:06,54584.7,54577.55,30,54590.05,60,0,207810
BANKNIFTY-II.NFO,26/09/2024,09:39:08,54584.7,54577.95,30,54589.5,60,0,207810
BANKNIFTY-II.NFO,26/09/2024,09:39:09,54584.7,54577.15,15,54589.85,60,0,207810
BANKNIFTY-II.NFO,26/09/2024,09:39:11,54584.7,54578.5,30,54590.9,60,0,207810
BANKNIFTY-II.NFO,26/09/2024,09:39:13,54584.7,54578.15,30,54590.8,60,0,207810
BANKNIFTY-II.NFO,26/09/2024,09:39:14,54584.7,54581.6,30,54594.2,75,0,207810
BANKNIFTY-II.NFO,26/09/2024,09:39:16,54584.7,54582.65,30,54594.95,60,0,207810
BANKNIFTY-II.NFO,26/09/2024,09:39:18,54584.7,54580.3,15,54593.9,75,0,207810
BANKNIFTY-II.NFO,26/09/2024,09:39:19,54584.7,54580.5,30,54593.8,75,0,207810
BANKNIFTY-II.NFO,26/09/2024,09:39:21,54584.7,54580.45,15,54585,60,0,207810
BANKNIFTY-II.NFO,26/09/2024,09:39:23,54584.7,54580.15,15,54585,60,0,207810
BANKNIFTY-II.NFO,26/09/2024,09:39:24,54584.7,54580.55,15,54585,60,0,207810
BANKNIFTY-II.NFO,26/09/2024,09:39:26,54584.7,54581.65,15,54585,60,0,207810
BANKNIFTY-II.NFO,26/09/2024,09:39:28,54585,54584.5,15,54597,60,60,207810
BANKNIFTY-II.NFO,26/09/2024,09:39:29,54585,54584.55,30,54597.55,75,0,207810
BANKNIFTY-II.NFO,26/09/2024,09:39:31,54584.45,54582.75,75,54594.85,75,60,208140
BANKNIFTY-II.NFO,26/09/2024,09:39:33,54584.45,54584.45,45,54595.9,60,0,208140
BANKNIFTY-II.NFO,26/09/2024,09:39:34,54584.45,54583.45,45,54595.75,60,0,208140
BANKNIFTY-II.NFO,26/09/2024,09:39:36,54584.45,54585.55,45,54597.85,75,0,208140
BANKNIFTY-II.NFO,26/09/2024,09:39:38,54584.45,54584.75,45,54596.95,75,0,208140
BANKNIFTY-II.NFO,26/09/2024,09:39:39,54584.45,54582.65,30,54595.15,60,0,208140
BANKNIFTY-II.NFO,26/09/2024,09:39:41,54584.45,54584.4,30,54596.8,75,0,208140
BANKNIFTY-II.NFO,26/09/2024,09:39:43,54584.45,54583.3,45,54595.75,60,0,208140
BANKNIFTY-II.NFO,26/09/2024,09:39:44,54595.95,54584.8,15,54596.9,75,15,208140
BANKNIFTY-II.NFO,26/09/2024,09:39:46,54595.95,54582.9,15,54595.7,75,0,208140
BANKNIFTY-II.NFO,26/09/2024,09:39:47,54595.95,54583.2,15,54594.7,75,0,208140
BANKNIFTY-II.NFO,26/09/2024,09:39:49,54595.95,54583.95,15,54595.9,75,0,208140
BANKNIFTY-II.NFO,26/09/2024,09:39:51,54595.95,54582.6,30,54594.55,75,0,208140
BANKNIFTY-II.NFO,26/09/2024,09:39:52,54595.95,54580,15,54591.55,45,0,208140
BANKNIFTY-II.NFO,26/09/2024,09:39:54,54595.95,54583.6,15,54593.95,15,0,208140
BANKNIFTY-II.NFO,26/09/2024,09:39:56,54595.95,54581.55,15,54592.95,30,0,208140
BANKNIFTY-II.NFO,26/09/2024,09:39:57,54595.95,54581.5,15,54593.35,75,0,208140
BANKNIFTY-II.NFO,26/09/2024,09:39:59,54583,54585.25,45,54596.9,60,30,208140
BANKNIFTY-II.NFO,26/09/2024,09:40:01,54583,54583.35,45,54596.25,75,0,208140
BANKNIFTY-II.NFO,26/09/2024,09:40:02,54596.05,54584.9,15,54596.8,75,15,208140
BANKNIFTY-II.NFO,26/09/2024,09:40:04,54596.05,54586.55,30,54596.95,15,0,208140
BANKNIFTY-II.NFO,26/09/2024,09:40:05,54596.05,54581.35,15,54592.75,45,0,208140
BANKNIFTY-II.NFO,26/09/2024,09:40:07,54596.05,54577.1,15,54588.85,60,0,208140
BANKNIFTY-II.NFO,26/09/2024,09:40:09,54596.05,54578.95,15,54587.95,15,0,208140
BANKNIFTY-II.NFO,26/09/2024,09:40:10,54596.05,54575.55,15,54586.35,30,0,208140
BANKNIFTY-II.NFO,26/09/2024,09:40:12,54586.6,54573.9,60,54586.4,60,60,208140
BANKNIFTY-II.NFO,26/09/2024,09:40:13,54586.6,54578.2,60,54591.2,60,0,208140
BANKNIFTY-II.NFO,26/09/2024,09:40:15,54586.6,54581.95,60,54593.8,60,0,208140
BANKNIFTY-II.NFO,26/09/2024,09:40:17,54586.6,54581.05,60,54592.85,45,0,208140
BANKNIFTY-II.NFO,26/09/2024,09:40:18,54586.6,54583.9,60,54595.45,60,0,208140
BANKNIFTY-II.NFO,26/09/2024,09:40:20,54586.6,54582.7,60,54594.15,45,0,208140
BANKNIFTY-II.NFO,26/09/2024,09:40:22,54586.6,54584.05,60,54596.1,60,0,208140
BANKNIFTY-II.NFO,26/09/2024,09:40:23,54586.6,54584.05,60,54596,45,0,208140
BANKNIFTY-II.NFO,26/09/2024,09:40:25,54586.6,54582.9,60,54593.9,60,0,208140
BANKNIFTY-II.NFO,26/09/2024,09:40:27,54586.6,54579.7,60,54592.3,60,0,208140
BANKNIFTY-II.NFO,26/09/2024,09:40:28,54586.6,54580.05,60,54590.8,45,0,208140
BANKNIFTY-II.NFO,26/09/2024,09:40:30,54589.4,54580,30,54589,180,90,208140
BANKNIFTY-II.NFO,26/09/2024,09:40:32,54589.4,54580,15,54584.35,150,0,208140
BANKNIFTY-II.NFO,26/09/2024,09:40:33,54580,54572,15,54581.6,150,15,208140
BANKNIFTY-II.NFO,26/09/2024,09:40:35,54580,54572,15,54582.65,150,0,208140
BANKNIFTY-II.NFO,26/09/2024,09:40:37,54580,54572,15,54579.1,45,0,208140
BANKNIFTY-II.NFO,26/09/2024,09:40:38,54580,54572,15,54577.2,30,0,208140
BANKNIFTY-II.NFO,26/09/2024,09:40:40,54580,54572,15,54580.25,45,0,208140
BANKNIFTY-II.NFO,26/09/2024,09:40:42,54580,54572,15,54581.3,45,0,208140
BANKNIFTY-II.NFO,26/09/2024,09:40:43,54580,54572,15,54579.1,165,0,208140
BANKNIFTY-II.NFO,26/09/2024,09:40:45,54580,54572,15,54580.7,30,0,208140
BANKNIFTY-II.NFO,26/09/2024,09:40:47,54580,54572,15,54582.55,30,0,208140
BANKNIFTY-II.NFO,26/09/2024,09:40:48,54580,54572,15,54581.05,45,0,208140
BANKNIFTY-II.NFO,26/09/2024,09:40:50,54580.4,54580,15,54580.7,105,60,208140
BANKNIFTY-II.NFO,26/09/2024,09:40:51,54572,54566.35,60,54572,90,30,208140
BANKNIFTY-II.NFO,26/09/2024,09:40:53,54580.95,54573.35,30,54585,90,120,208140
BANKNIFTY-II.NFO,26/09/2024,09:40:55,54580.95,54570.25,30,54581.35,90,0,208140
BANKNIFTY-II.NFO,26/09/2024,09:40:56,54580.95,54569.2,30,54580.15,75,0,208140
BANKNIFTY-II.NFO,26/09/2024,09:40:58,54580.95,54568.65,45,54579.7,75,0,208140
BANKNIFTY-II.NFO,26/09/2024,09:41:00,54580.95,54563.8,15,54574.8,75,0,208140
BANKNIFTY-II.NFO,26/09/2024,09:41:01,54580.95,54562.85,30,54573.5,75,0,208140
BANKNIFTY-II.NFO,26/09/2024,09:41:03,54580.95,54562.55,60,54573.6,75,0,208140
BANKNIFTY-II.NFO,26/09/2024,09:41:05,54573.6,54564.4,30,54575.15,45,45,208140
BANKNIFTY-II.NFO,26/09/2024,09:41:06,54573.6,54563.2,30,54572.55,30,0,208140
BANKNIFTY-II.NFO,26/09/2024,09:41:08,54574.6,54567.2,45,54578.2,150,45,208140
BANKNIFTY-II.NFO,26/09/2024,09:41:09,54574.6,54568.4,75,54580.5,75,0,208140
BANKNIFTY-II.NFO,26/09/2024,09:41:11,54574.6,54571.05,30,54580.5,75,0,208140
BANKNIFTY-II.NFO,26/09/2024,09:41:12,54574.6,54568.45,60,54580.4,45,0,208140
BANKNIFTY-II.NFO,26/09/2024,09:41:14,54574.6,54571.55,45,54580.5,75,0,208140
BANKNIFTY-II.NFO,26/09/2024,09:41:16,54574.6,54570,30,54580.5,75,0,208140
BANKNIFTY-II.NFO,26/09/2024,09:41:17,54574.6,54574.6,30,54579.65,150,0,208140
BANKNIFTY-II.NFO,26/09/2024,09:41:19,54574.6,54574.6,30,54577.9,165,0,208140
BANKNIFTY-II.NFO,26/09/2024,09:41:20,54574.6,54574.6,45,54579.2,15,0,208140
BANKNIFTY-II.NFO,26/09/2024,09:41:22,54574.6,54574.6,45,54578.5,165,0,208140
BANKNIFTY-II.NFO,26/09/2024,09:41:24,54574.6,54563.85,30,54574.4,105,45,208140
BANKNIFTY-II.NFO,26/09/2024,09:41:25,54574.6,54570,15,54572.35,105,0,208140
BANKNIFTY-II.NFO,26/09/2024,09:41:27,54574.6,54570,15,54573.4,105,0,208140
BANKNIFTY-II.NFO,26/09/2024,09:41:28,54574.6,54570,15,54572.85,105,0,208140
BANKNIFTY-II.NFO,26/09/2024,09:41:30,54574.6,54570,15,54571.55,105,0,208140
BANKNIFTY-II.NFO,26/09/2024,09:41:32,54574.6,54570,15,54570.35,105,0,208140
BANKNIFTY-II.NFO,26/09/2024,09:41:33,54570,54559.05,90,54568,90,15,208140
BANKNIFTY-II.NFO,26/09/2024,09:41:35,54570,54562.15,75,54571.25,90,0,208140
BANKNIFTY-II.NFO,26/09/2024,09:41:37,54570,54560.9,75,54570.1,90,0,208140
BANKNIFTY-II.NFO,26/09/2024,09:41:38,54570,54559.4,60,54569.1,90,0,208140
BANKNIFTY-II.NFO,26/09/2024,09:41:40,54570,54559.35,60,54569.5,90,0,208140
BANKNIFTY-II.NFO,26/09/2024,09:41:42,54570,54559.75,75,54570,15,0,208140
BANKNIFTY-II.NFO,26/09/2024,09:41:43,54570,54560.8,75,54570,15,0,208140
BANKNIFTY-II.NFO,26/09/2024,09:41:45,54570,54559,60,54569.55,90,0,208140
BANKNIFTY-II.NFO,26/09/2024,09:41:46,54570,54562.8,60,54570,15,0,208140
BANKNIFTY-II.NFO,26/09/2024,09:41:48,54570,54561,60,54571.95,90,15,208140
BANKNIFTY-II.NFO,26/09/2024,09:41:50,54570,54558.1,60,54568.4,90,0,208140
BANKNIFTY-II.NFO,26/09/2024,09:41:51,54570,54561.25,60,54572,90,0,208140
BANKNIFTY-II.NFO,26/09/2024,09:41:53,54570,54555,15,54560.2,90,0,208140
BANKNIFTY-II.NFO,26/09/2024,09:41:55,54570,54555,15,54560.15,90,0,208140
BANKNIFTY-II.NFO,26/09/2024,09:41:56,54570,54555,15,54561.8,90,0,208140
BANKNIFTY-II.NFO,26/09/2024,09:41:58,54570,54555,15,54563.25,105,0,208140
BANKNIFTY-II.NFO,26/09/2024,09:41:59,54570,54555,15,54561.7,90,0,208140
BANKNIFTY-II.NFO,26/09/2024,09:42:01,54570,54555,15,54560.75,90,0,208140
BANKNIFTY-II.NFO,26/09/2024,09:42:02,54570,54555,15,54564.9,90,0,208140
BANKNIFTY-II.NFO,26/09/2024,09:42:04,54570,54555,15,54564.85,90,0,208140
BANKNIFTY-II.NFO,26/09/2024,09:42:06,54570,54555.95,105,54567.15,150,0,208140
BANKNIFTY-II.NFO,26/09/2024,09:42:07,54569.35,54559.45,30,54570.25,135,15,208140
BANKNIFTY-II.NFO,26/09/2024,09:42:09,54569.35,54557.9,60,54569.3,150,0,208140
BANKNIFTY-II.NFO,26/09/2024,09:42:10,54569.35,54558.25,30,54568.55,135,0,208140
BANKNIFTY-II.NFO,26/09/2024,09:42:12,54569.1,54559.4,30,54570.4,120,15,208140
BANKNIFTY-II.NFO,26/09/2024,09:42:14,54569.1,54555.05,30,54565.35,120,0,208140
BANKNIFTY-II.NFO,26/09/2024,09:42:15,54569.1,54555,15,54562.5,120,0,208140
BANKNIFTY-II.NFO,26/09/2024,09:42:17,54569.1,54555,15,54563.4,120,0,208140
BANKNIFTY-II.NFO,26/09/2024,09:42:19,54569.1,54555,15,54565.3,120,0,208140
BANKNIFTY-II.NFO,26/09/2024,09:42:20,54569.1,54556.35,45,54567.65,120,0,208140
BANKNIFTY-II.NFO,26/09/2024,09:42:22,54569.1,54557.55,45,54569.4,135,0,208140
BANKNIFTY-II.NFO,26/09/2024,09:42:24,54569.1,54558.05,45,54570.2,135,0,208140
BANKNIFTY-II.NFO,26/09/2024,09:42:25,54569.1,54557.75,30,54569.25,120,0,208140
BANKNIFTY-II.NFO,26/09/2024,09:42:27,54569.1,54559.35,30,54571.2,120,0,208140
BANKNIFTY-II.NFO,26/09/2024,09:42:29,54569.1,54562.65,75,54575,75,0,208140
BANKNIFTY-II.NFO,26/09/2024,09:42:30,54569.1,54564.5,45,54575,75,0,208140
BANKNIFTY-II.NFO,26/09/2024,09:42:32,54569.1,54561.95,60,54575,90,0,208140
BANKNIFTY-II.NFO,26/09/2024,09:42:34,54569.1,54562.35,60,54574.15,135,0,208140
BANKNIFTY-II.NFO,26/09/2024,09:42:35,54569.1,54564.7,45,54575,75,0,208140
BANKNIFTY-II.NFO,26/09/2024,09:42:37,54569.1,54561.95,60,54574.35,165,0,208140
BANKNIFTY-II.NFO,26/09/2024,09:42:39,54569.1,54561.95,75,54574.2,165,0,208140
BANKNIFTY-II.NFO,26/09/2024,09:42:40,54569.1,54561.95,60,54573.75,45,0,208140
BANKNIFTY-II.NFO,26/09/2024,09:42:42,54569.1,54563.05,60,54575,90,0,208140
BANKNIFTY-II.NFO,26/09/2024,09:42:44,54563.7,54563.85,75,54574.95,15,15,208035
BANKNIFTY-II.NFO,26/09/2024,09:42:45,54574.95,54563.75,60,54575,90,15,208035
BANKNIFTY-II.NFO,26/09/2024,09:42:47,54574.95,54561.6,60,54574.8,165,0,208035
BANKNIFTY-II.NFO,26/09/2024,09:42:49,54574.95,54561.45,60,54573.5,45,0,208035
BANKNIFTY-II.NFO,26/09/2024,09:42:50,54574.95,54558.55,75,54570.45,120,0,208035
BANKNIFTY-II.NFO,26/09/2024,09:42:52,54574.95,54559.55,75,54572,45,0,208035
BANKNIFTY-II.NFO,26/09/2024,09:42:54,54574.95,54559.2,60,54571.05,120,0,208035
BANKNIFTY-II.NFO,26/09/2024,09:42:55,54574.95,54556.5,30,54567.35,120,0,208035
BANKNIFTY-II.NFO,26/09/2024,09:42:57,54574.95,54555.05,60,54567.05,135,0,208035
BANKNIFTY-II.NFO,26/09/2024,09:42:59,54574.95,54555.15,75,54566.35,120,0,208035
BANKNIFTY-II.NFO,26/09/2024,09:43:00,54574.95,54555,15,54563.5,120,0,208035
BANKNIFTY-II.NFO,26/09/2024,09:43:02,54574.95,54555,15,54563.1,120,0,208035
BANKNIFTY-II.NFO,26/09/2024,09:43:03,54574.95,54555,15,54565.3,120,0,208035
BANKNIFTY-II.NFO,26/09/2024,09:43:05,54574.95,54555,15,54564.35,30,0,208035
BANKNIFTY-II.NFO,26/09/2024,09:43:07,54574.95,54555,15,54562.8,150,0,208035
BANKNIFTY-II.NFO,26/09/2024,09:43:09,54574.95,54555,15,54563.75,30,0,208035
BANKNIFTY-II.NFO,26/09/2024,09:43:10,54562.9,54555,15,54565.5,150,15,208035
BANKNIFTY-II.NFO,26/09/2024,09:43:12,54562.9,54557.7,60,54569.8,150,0,208035
BANKNIFTY-II.NFO,26/09/2024,09:43:14,54562.9,54559.1,75,54570.65,135,0,208035
BANKNIFTY-II.NFO,26/09/2024,09:43:15,54562.9,54557.25,75,54569.5,135,0,208035
BANKNIFTY-II.NFO,26/09/2024,09:43:17,54562.9,54555,15,54565.4,30,0,208035
BANKNIFTY-II.NFO,26/09/2024,09:43:19,54562.9,54555,15,54563.4,150,0,208035
BANKNIFTY-II.NFO,26/09/2024,09:43:20,54562.9,54555,15,54562.7,15,0,208035
BANKNIFTY-II.NFO,26/09/2024,09:43:22,54562.9,54555,15,54560.35,150,0,208035
BANKNIFTY-II.NFO,26/09/2024,09:43:23,54562.9,54555,15,54561.2,135,0,208035
BANKNIFTY-II.NFO,26/09/2024,09:43:25,54562.9,54555,15,54559.8,150,0,208035
BANKNIFTY-II.NFO,26/09/2024,09:43:27,54562.9,54555,15,54558.4,150,0,208035
BANKNIFTY-II.NFO,26/09/2024,09:43:28,54562.9,54555,15,54557.3,135,0,208035
BANKNIFTY-II.NFO,26/09/2024,09:43:30,54562.9,54555,15,54556.65,135,0,208035
BANKNIFTY-II.NFO,26/09/2024,09:43:32,54562.9,54555,15,54559.5,150,0,208035
BANKNIFTY-II.NFO,26/09/2024,09:43:33,54562.9,54555,15,54558.75,135,0,208035
BANKNIFTY-II.NFO,26/09/2024,09:43:35,54562.9,54555,15,54558.35,150,0,208035
BANKNIFTY-II.NFO,26/09/2024,09:43:37,54562.9,54555,15,54559,135,0,208035
BANKNIFTY-II.NFO,26/09/2024,09:43:38,54562.9,54555,15,54558.95,135,0,208035
BANKNIFTY-II.NFO,26/09/2024,09:43:40,54555,54550,195,54554.6,120,15,208035
BANKNIFTY-II.NFO,26/09/2024,09:43:41,54555,54550,195,54550.55,120,0,208035
BANKNIFTY-II.NFO,26/09/2024,09:43:43,54550,54540.9,15,54548.15,150,195,208035
BANKNIFTY-II.NFO,26/09/2024,09:43:45,54550.1,54540.95,60,54549.9,135,15,208035
BANKNIFTY-II.NFO,26/09/2024,09:43:46,54550.1,54540.9,15,54546.75,135,0,208035
BANKNIFTY-II.NFO,26/09/2024,09:43:48,54547.7,54540.9,15,54543.5,120,15,208035
BANKNIFTY-II.NFO,26/09/2024,09:43:50,54540.9,54540,45,54542.7,105,15,208035
BANKNIFTY-II.NFO,26/09/2024,09:43:51,54540,54540,30,54547.05,105,15,208035
BANKNIFTY-II.NFO,26/09/2024,09:43:53,54540,54535,15,54538.35,90,30,208035
BANKNIFTY-II.NFO,26/09/2024,09:43:55,54540,54535,15,54536.25,90,0,208035
BANKNIFTY-II.NFO,26/09/2024,09:43:56,54535,54530,15,54536.95,135,15,208035
BANKNIFTY-II.NFO,26/09/2024,09:43:58,54536.9,54530,30,54540.4,15,15,208035
BANKNIFTY-II.NFO,26/09/2024,09:44:00,54527.05,54525.05,60,54533.05,120,45,208035
BANKNIFTY-II.NFO,26/09/2024,09:44:01,54527.05,54530.25,75,54540.8,120,0,208035
BANKNIFTY-II.NFO,26/09/2024,09:44:03,54527.05,54530.4,60,54535,30,0,208035
BANKNIFTY-II.NFO,26/09/2024,09:44:05,54527.05,54529.6,75,54535,30,0,208035
BANKNIFTY-II.NFO,26/09/2024,09:44:06,54535,54528,75,54535,15,15,208035
BANKNIFTY-II.NFO,26/09/2024,09:44:08,54535,54530.65,60,54535,15,0,208035
BANKNIFTY-II.NFO,26/09/2024,09:44:10,54535,54531.5,75,54535,15,0,208035
BANKNIFTY-II.NFO,26/09/2024,09:44:11,54535,54538.45,30,54548.9,30,15,208035
BANKNIFTY-II.NFO,26/09/2024,09:44:13,54535,54537.3,60,54548.9,30,0,208035
BANKNIFTY-II.NFO,26/09/2024,09:44:15,54537.3,54535.85,60,54546.85,45,15,208035
BANKNIFTY-II.NFO,26/09/2024,09:44:16,54537.3,54536.25,60,54546.85,150,0,208035
BANKNIFTY-II.NFO,26/09/2024,09:44:18,54537.3,54539.75,60,54551.8,30,0,208035
BANKNIFTY-II.NFO,26/09/2024,09:44:20,54537.3,54536.95,60,54548.4,150,0,208035
BANKNIFTY-II.NFO,26/09/2024,09:44:21,54537.3,54538.85,30,54548.9,30,0,208035
BANKNIFTY-II.NFO,26/09/2024,09:44:23,54537.3,54536,75,54547.85,45,0,208035
BANKNIFTY-II.NFO,26/09/2024,09:44:25,54537.3,54537.6,30,54548.45,30,0,208035
BANKNIFTY-II.NFO,26/09/2024,09:44:26,54537.3,54537.35,60,54548.6,45,0,208035
BANKNIFTY-II.NFO,26/09/2024,09:44:28,54537.3,54547.85,15,54550.2,30,0,208035
BANKNIFTY-II.NFO,26/09/2024,09:44:30,54537.3,54547.85,15,54552.4,30,0,208035
BANKNIFTY-II.NFO,26/09/2024,09:44:31,54537.3,54547.85,15,54553.15,45,0,208035
BANKNIFTY-II.NFO,26/09/2024,09:44:33,54537.3,54547.85,15,54550.2,45,0,208035
BANKNIFTY-II.NFO,26/09/2024,09:44:35,54537.3,54547.85,15,54554.85,30,0,208035
BANKNIFTY-II.NFO,26/09/2024,09:44:36,54537.3,54547.85,15,54555.65,45,0,208035
BANKNIFTY-II.NFO,26/09/2024,09:44:38,54542.4,54539.8,45,54551.8,60,60,208035
BANKNIFTY-II.NFO,26/09/2024,09:44:40,54540.15,54540.25,60,54551.9,60,15,208035
BANKNIFTY-II.NFO,26/09/2024,09:44:41,54540.15,54540.45,60,54551.9,60,0,208035
BANKNIFTY-II.NFO,26/09/2024,09:44:43,54540.15,54537.4,60,54548.9,60,0,208035
BANKNIFTY-II.NFO,26/09/2024,09:44:45,54540.15,54538.5,60,54550.35,60,0,208035
BANKNIFTY-II.NFO,26/09/2024,09:44:46,54540.15,54535,15,54544.25,75,0,208035
BANKNIFTY-II.NFO,26/09/2024,09:44:48,54540.15,54540,15,54547.05,60,0,208035
BANKNIFTY-II.NFO,26/09/2024,09:44:50,54540.15,54540,15,54547.55,60,0,208035
BANKNIFTY-II.NFO,26/09/2024,09:44:51,54540.15,54540,30,54547,60,0,208035
BANKNIFTY-II.NFO,26/09/2024,09:44:53,54540.15,54540,30,54547.5,195,0,208035
BANKNIFTY-II.NFO,26/09/2024,09:44:55,54540.15,54540,30,54544.4,60,0,208035
BANKNIFTY-II.NFO,26/09/2024,09:44:56,54540.15,54540,30,54547,60,0,208035
BANKNIFTY-II.NFO,26/09/2024,09:44:58,54547,54540,30,54550.5,60,15,208035
BANKNIFTY-II.NFO,26/09/2024,09:45:00,54547,54540,30,54543.35,60,0,208035
BANKNIFTY-II.NFO,26/09/2024,09:45:01,54547,54540,30,54543.3,60,0,208035
BANKNIFTY-II.NFO,26/09/2024,09:45:03,54547,54540,30,54543,60,0,208035
BANKNIFTY-II.NFO,26/09/2024,09:45:05,54540,54535,15,54541.05,60,30,208035
BANKNIFTY-II.NFO,26/09/2024,09:45:06,54537.15,54535,15,54537.5,75,15,208035
BANKNIFTY-II.NFO,26/09/2024,09:45:08,54537.15,54535,15,54539.25,75,0,208035
BANKNIFTY-II.NFO,26/09/2024,09:45:09,54537.15,54535,15,54541.9,75,0,208035
BANKNIFTY-II.NFO,26/09/2024,09:45:11,54537.15,54535,15,54537.45,75,0,208035
BANKNIFTY-II.NFO,26/09/2024,09:45:13,54535,54530,345,54533.25,60,15,208035
BANKNIFTY-II.NFO,26/09/2024,09:45:14,54530,54530,285,54538.9,75,60,208035
BANKNIFTY-II.NFO,26/09/2024,09:45:16,54530,54530,285,54540.65,75,0,208035
BANKNIFTY-II.NFO,26/09/2024,09:45:18,54530,54530.05,45,54541.5,60,0,208035
BANKNIFTY-II.NFO,26/09/2024,09:45:20,54530,54534.6,45,54545.9,60,0,208035
BANKNIFTY-II.NFO,26/09/2024,09:45:21,54530,54534.85,75,54548.05,75,0,208035
BANKNIFTY-II.NFO,26/09/2024,09:45:23,54530,54537.15,105,54544,75,0,208035
BANKNIFTY-II.NFO,26/09/2024,09:45:24,54530,54537.15,105,54541.4,60,0,208035
BANKNIFTY-II.NFO,26/09/2024,09:45:26,54530,54537.15,105,54540.8,60,0,208035
BANKNIFTY-II.NFO,26/09/2024,09:45:28,54537.15,54530.1,45,54541.75,60,105,208035
BANKNIFTY-II.NFO,26/09/2024,09:45:29,54537.15,54530,285,54537.1,45,0,208035
BANKNIFTY-II.NFO,26/09/2024,09:45:31,54537.15,54530.05,60,54537.35,45,0,208035
BANKNIFTY-II.NFO,26/09/2024,09:45:33,54537.15,54530,285,54536.05,45,0,208035
BANKNIFTY-II.NFO,26/09/2024,09:45:34,54537.15,54530,285,54535.25,45,0,208035
BANKNIFTY-II.NFO,26/09/2024,09:45:36,54530,54525,60,54529.55,105,285,207900
BANKNIFTY-II.NFO,26/09/2024,09:45:38,54530,54525,60,54531.25,75,0,207900
BANKNIFTY-II.NFO,26/09/2024,09:45:39,54530,54525.15,75,54536.9,60,0,207900
BANKNIFTY-II.NFO,26/09/2024,09:45:41,54530,54525,60,54535.9,75,0,207900
BANKNIFTY-II.NFO,26/09/2024,09:45:42,54530,54525,60,54530,75,0,207900
BANKNIFTY-II.NFO,26/09/2024,09:45:49,54530,54525.05,75,54530,75,0,207900
BANKNIFTY-II.NFO,26/09/2024,09:45:51,54530,54525,60,54530,75,0,207900
BANKNIFTY-II.NFO,26/09/2024,09:45:54,54530,54525.25,60,54530,75,0,207900
BANKNIFTY-II.NFO,26/09/2024,09:45:56,54530,54530.6,75,54539.95,15,75,207900
BANKNIFTY-II.NFO,26/09/2024,09:45:57,54530,54529.35,75,54541.25,60,0,207900
BANKNIFTY-II.NFO,26/09/2024,09:45:59,54530,54533.3,60,54542.95,15,0,207900
BANKNIFTY-II.NFO,26/09/2024,09:46:01,54530,54530.9,60,54542.25,75,0,207900
BANKNIFTY-II.NFO,26/09/2024,09:46:02,54530,54531.3,75,54543.7,75,0,207900
BANKNIFTY-II.NFO,26/09/2024,09:46:04,54530,54540.6,75,54550,15,0,207900
BANKNIFTY-II.NFO,26/09/2024,09:46:06,54530,54540.1,60,54550,15,0,207900
BANKNIFTY-II.NFO,26/09/2024,09:46:07,54530,54542.95,75,54550,15,0,207900
BANKNIFTY-II.NFO,26/09/2024,09:46:09,54530,54539.25,60,54550,15,0,207900
BANKNIFTY-II.NFO,26/09/2024,09:46:11,54530,54534.85,60,54547,75,0,207900
BANKNIFTY-II.NFO,26/09/2024,09:46:12,54530,54530.3,75,54544.45,75,0,207900
BANKNIFTY-II.NFO,26/09/2024,09:46:14,54530,54530.05,75,54542.55,75,0,207900
BANKNIFTY-II.NFO,26/09/2024,09:46:16,54530,54532.9,60,54545.4,75,0,207900
BANKNIFTY-II.NFO,26/09/2024,09:46:17,54530,54532.95,75,54545.9,60,0,207900
BANKNIFTY-II.NFO,26/09/2024,09:46:19,54530,54537.2,75,54548.9,60,0,207900
BANKNIFTY-II.NFO,26/09/2024,09:46:21,54538.3,54538.4,60,54549.95,60,15,207900
BANKNIFTY-II.NFO,26/09/2024,09:46:22,54538.3,54536.45,60,54548.9,60,0,207900
BANKNIFTY-II.NFO,26/09/2024,09:46:24,54538.3,54539.9,60,54550,15,0,207900
BANKNIFTY-II.NFO,26/09/2024,09:46:25,54538.3,54537.65,45,54549.85,60,0,207900
BANKNIFTY-II.NFO,26/09/2024,09:46:27,54538.3,54535.4,75,54549.7,60,0,207900
BANKNIFTY-II.NFO,26/09/2024,09:46:29,54538.3,54535.65,60,54548.15,75,0,207900
BANKNIFTY-II.NFO,26/09/2024,09:46:30,54538.3,54539.1,60,54548.95,15,0,207900
BANKNIFTY-II.NFO,26/09/2024,09:46:32,54538.3,54542.5,60,54550,15,0,207900
BANKNIFTY-II.NFO,26/09/2024,09:46:34,54538.3,54545.65,45,54550,15,0,207900
BANKNIFTY-II.NFO,26/09/2024,09:46:35,54538.3,54545.05,45,54550,315,0,207900
BANKNIFTY-II.NFO,26/09/2024,09:46:37,54550,54545.05,45,54550,300,15,207900
BANKNIFTY-II.NFO,26/09/2024,09:46:39,54550,54541.9,75,54550,255,45,207900
BANKNIFTY-II.NFO,26/09/2024,09:46:40,54550,54542.45,75,54550,255,0,207900
BANKNIFTY-II.NFO,26/09/2024,09:46:42,54550,54542.5,60,54550,255,0,207900
BANKNIFTY-II.NFO,26/09/2024,09:46:44,54550,54540.8,45,54550,255,0,207900
BANKNIFTY-II.NFO,26/09/2024,09:46:45,54550,54540.8,45,54550,240,15,207900
BANKNIFTY-II.NFO,26/09/2024,09:46:47,54550,54538.8,75,54550,240,0,207900
BANKNIFTY-II.NFO,26/09/2024,09:46:49,54549.95,54539.1,60,54550,240,30,207900
BANKNIFTY-II.NFO,26/09/2024,09:46:50,54540.8,54540.7,60,54550,240,30,207900
BANKNIFTY-II.NFO,26/09/2024,09:46:52,54540.8,54541.45,45,54550,240,0,207900
BANKNIFTY-II.NFO,26/09/2024,09:46:54,54540.8,54541.7,60,54550,240,0,207900
BANKNIFTY-II.NFO,26/09/2024,09:46:55,54540.8,54542.05,45,54550,240,0,207900
BANKNIFTY-II.NFO,26/09/2024,09:46:57,54540.8,54540.5,60,54550,240,0,207900
BANKNIFTY-II.NFO,26/09/2024,09:46:59,54550,54540.05,60,54550,225,15,207900
BANKNIFTY-II.NFO,26/09/2024,09:47:00,54550,54540.6,45,54550,225,0,207900
BANKNIFTY-II.NFO,26/09/2024,09:47:02,54550,54538.7,15,54547.6,60,0,207900
BANKNIFTY-II.NFO,26/09/2024,09:47:04,54550,54536.45,60,54548.95,75,0,207900
BANKNIFTY-II.NFO,26/09/2024,09:47:05,54550,54540,60,54549.95,60,0,207900
BANKNIFTY-II.NFO,26/09/2024,09:47:07,54549.95,54539.9,30,54549.95,60,15,207900
BANKNIFTY-II.NFO,26/09/2024,09:47:08,54549.95,54537.55,60,54549.3,75,0,207900
BANKNIFTY-II.NFO,26/09/2024,09:47:10,54549.95,54538.15,60,54549.95,75,0,207900
BANKNIFTY-II.NFO,26/09/2024,09:47:12,54549.95,54537.95,60,54549.95,75,0,207900
BANKNIFTY-II.NFO,26/09/2024,09:47:13,54549.95,54537.6,60,54549.8,60,0,207900
BANKNIFTY-II.NFO,26/09/2024,09:47:15,54549.95,54538.6,75,54549.95,60,0,207900
BANKNIFTY-II.NFO,26/09/2024,09:47:17,54549.95,54538.85,75,54550,225,0,207900
BANKNIFTY-II.NFO,26/09/2024,09:47:18,54549.95,54542.2,60,54550,225,0,207900
BANKNIFTY-II.NFO,26/09/2024,09:47:22,54549.95,54538.85,75,54549.95,60,0,207900
BANKNIFTY-II.NFO,26/09/2024,09:47:23,54538.85,54536.7,60,54549.4,75,15,207900
BANKNIFTY-II.NFO,26/09/2024,09:47:25,54538.85,54535.7,45,54548.6,75,0,207900
BANKNIFTY-II.NFO,26/09/2024,09:47:27,54538.85,54539.5,45,54549.95,60,0,207900
BANKNIFTY-II.NFO,26/09/2024,09:47:28,54538.85,54539.6,45,54549.95,60,0,207900
BANKNIFTY-II.NFO,26/09/2024,09:47:30,54538.85,54537.5,45,54549.75,75,0,207900
BANKNIFTY-II.NFO,26/09/2024,09:47:32,54538.85,54536.25,60,54548.6,75,0,207900
BANKNIFTY-II.NFO,26/09/2024,09:47:33,54536.5,54535.95,45,54548.8,75,15,207900
BANKNIFTY-II.NFO,26/09/2024,09:47:35,54536.5,54534.2,45,54545.9,75,0,207900
BANKNIFTY-II.NFO,26/09/2024,09:47:36,54536.5,54532.5,30,54544,75,0,207900
BANKNIFTY-II.NFO,26/09/2024,09:47:38,54536.5,54531.95,30,54543.2,75,0,207900
BANKNIFTY-II.NFO,26/09/2024,09:47:40,54536.5,54530.3,30,54543.4,60,0,207900
BANKNIFTY-II.NFO,26/09/2024,09:47:41,54536.5,54533,45,54545.45,75,0,207900
BANKNIFTY-II.NFO,26/09/2024,09:47:43,54536.5,54531.4,30,54543.8,75,0,207900
BANKNIFTY-II.NFO,26/09/2024,09:47:44,54536.5,54530,30,54541.6,75,0,207900
BANKNIFTY-II.NFO,26/09/2024,09:47:46,54536.5,54530,45,54539.75,60,0,207900
BANKNIFTY-II.NFO,26/09/2024,09:47:48,54536.5,54530.15,30,54542.65,60,0,207900
BANKNIFTY-II.NFO,26/09/2024,09:47:49,54536.5,54530.05,30,54542.8,60,0,207900
BANKNIFTY-II.NFO,26/09/2024,09:47:51,54536.5,54533.15,30,54547.25,75,0,207900
BANKNIFTY-II.NFO,26/09/2024,09:47:52,54536.5,54532.55,30,54544.3,60,0,207900
BANKNIFTY-II.NFO,26/09/2024,09:47:54,54536.5,54530.7,30,54543.15,75,0,207900
BANKNIFTY-II.NFO,26/09/2024,09:47:56,54536.5,54531.05,30,54543.3,60,0,207900
BANKNIFTY-II.NFO,26/09/2024,09:47:57,54536.5,54531.5,30,54543.2,75,0,207900
BANKNIFTY-II.NFO,26/09/2024,09:47:59,54536.5,54530,30,54541.1,60,0,207900
BANKNIFTY-II.NFO,26/09/2024,09:48:00,54539.8,54530,45,54539.8,45,45,207900
BANKNIFTY-II.NFO,26/09/2024,09:48:02,54539.8,54530,45,54535,45,0,207900
BANKNIFTY-II.NFO,26/09/2024,09:48:04,54539.8,54530,30,54534.95,45,0,207900
BANKNIFTY-II.NFO,26/09/2024,09:48:07,54539.8,54530,30,54535,45,0,207900
BANKNIFTY-II.NFO,26/09/2024,09:48:12,54530,54530,15,54535,45,15,207900
BANKNIFTY-II.NFO,26/09/2024,09:48:13,54530,54530.05,60,54535,45,0,207900
BANKNIFTY-II.NFO,26/09/2024,09:48:15,54530,54530,30,54535,45,0,207900
BANKNIFTY-II.NFO,26/09/2024,09:48:17,54530,54530,30,54534.95,45,0,207900
BANKNIFTY-II.NFO,26/09/2024,09:48:18,54530,54530,30,54534.9,45,0,207900
BANKNIFTY-II.NFO,26/09/2024,09:48:20,54530,54530,30,54535,45,0,207900
BANKNIFTY-II.NFO,26/09/2024,09:48:22,54530,54530,30,54535,60,0,207900
BANKNIFTY-II.NFO,26/09/2024,09:48:23,54530,54530,30,54535,45,0,207900
BANKNIFTY-II.NFO,26/09/2024,09:48:25,54530,54530,30,54535,60,0,207900
BANKNIFTY-II.NFO,26/09/2024,09:48:27,54525.05,54525.3,45,54535,60,60,207900
BANKNIFTY-II.NFO,26/09/2024,09:48:28,54525.05,54525.2,30,54530,15,15,207900
BANKNIFTY-II.NFO,26/09/2024,09:48:30,54525.95,54525.2,15,54530,15,15,208110
BANKNIFTY-II.NFO,26/09/2024,09:48:32,54525.95,54525.05,15,54530,15,0,208110
BANKNIFTY-II.NFO,26/09/2024,09:48:35,54525.95,54525.45,15,54530,15,0,208110
BANKNIFTY-II.NFO,26/09/2024,09:48:37,54525.95,54527.8,15,54530,15,0,208110
BANKNIFTY-II.NFO,26/09/2024,09:48:38,54530,54532.15,15,54535,45,15,208110
BANKNIFTY-II.NFO,26/09/2024,09:48:40,54535,54537.9,30,54540,15,45,208110
BANKNIFTY-II.NFO,26/09/2024,09:48:42,54540,54538.45,30,54549.85,30,15,208110
BANKNIFTY-II.NFO,26/09/2024,09:48:43,54540,54537.6,15,54549.5,60,0,208110
BANKNIFTY-II.NFO,26/09/2024,09:48:45,54540,54537.7,15,54549.6,60,0,208110
BANKNIFTY-II.NFO,26/09/2024,09:48:47,54540,54539.55,15,54549.95,15,0,208110
BANKNIFTY-II.NFO,26/09/2024,09:48:48,54540,54540.45,15,54549.95,15,0,208110
BANKNIFTY-II.NFO,26/09/2024,09:48:50,54539.55,54538.15,30,54549.9,60,120,208110
BANKNIFTY-II.NFO,26/09/2024,09:48:52,54539.55,54537.6,75,54549.1,75,0,208110
BANKNIFTY-II.NFO,26/09/2024,09:48:53,54539.55,54540.05,45,54549.6,75,0,208110
BANKNIFTY-II.NFO,26/09/2024,09:48:55,54548.95,54540.05,45,54549.9,60,15,208110
BANKNIFTY-II.NFO,26/09/2024,09:48:57,54548.95,54540.05,45,54549.1,60,0,208110
BANKNIFTY-II.NFO,26/09/2024,09:49:00,54548.95,54540.05,45,54549.9,75,0,208110
BANKNIFTY-II.NFO,26/09/2024,09:49:02,54548.95,54535.6,15,54548.7,60,0,208110
BANKNIFTY-II.NFO,26/09/2024,09:49:03,54548.95,54537.75,45,54548.9,60,0,208110
BANKNIFTY-II.NFO,26/09/2024,09:49:05,54548.95,54538.2,15,54548.9,60,0,208110
BANKNIFTY-II.NFO,26/09/2024,09:49:07,54550,54541.15,45,54550,180,75,208110
BANKNIFTY-II.NFO,26/09/2024,09:49:08,54550,54540.9,45,54550,180,0,208110
BANKNIFTY-II.NFO,26/09/2024,09:49:10,54550,54539.5,30,54549.95,60,0,208110
BANKNIFTY-II.NFO,26/09/2024,09:49:11,54550,54546.05,15,54550,165,15,208110
BANKNIFTY-II.NFO,26/09/2024,09:49:13,54550,54546.15,15,54550,165,0,208110
BANKNIFTY-II.NFO,26/09/2024,09:49:15,54550,54546.5,30,54550,165,0,208110
BANKNIFTY-II.NFO,26/09/2024,09:49:16,54550,54546.55,15,54550,195,0,208110
BANKNIFTY-II.NFO,26/09/2024,09:49:18,54550,54546.2,45,54550,180,15,208110
BANKNIFTY-II.NFO,26/09/2024,09:49:20,54550,54548.85,15,54550,165,15,208110
BANKNIFTY-II.NFO,26/09/2024,09:49:21,54550,54549.65,60,54560.8,60,165,208110
BANKNIFTY-II.NFO,26/09/2024,09:49:23,54550,54546.75,120,54559,75,0,208110
BANKNIFTY-II.NFO,26/09/2024,09:49:25,54550,54547.6,60,54559.8,75,0,208110
BANKNIFTY-II.NFO,26/09/2024,09:49:26,54558.5,54547.5,15,54558.1,75,15,208110
BANKNIFTY-II.NFO,26/09/2024,09:49:28,54558.5,54543.45,15,54554.65,45,0,208110
BANKNIFTY-II.NFO,26/09/2024,09:49:30,54558.5,54544.35,15,54555.85,75,0,208110
BANKNIFTY-II.NFO,26/09/2024,09:49:31,54558.5,54547.15,15,54558.8,75,0,208110
BANKNIFTY-II.NFO,26/09/2024,09:49:33,54558.5,54547.45,15,54559.35,60,0,208110
BANKNIFTY-II.NFO,26/09/2024,09:49:35,54558.5,54551.1,15,54560.85,45,0,208110
BANKNIFTY-II.NFO,26/09/2024,09:49:36,54558.5,54553.2,30,54560.85,45,0,208110
BANKNIFTY-II.NFO,26/09/2024,09:49:38,54558.5,54552.45,15,54560.85,45,0,208110
BANKNIFTY-II.NFO,26/09/2024,09:49:40,54558.5,54551.05,30,54560.85,45,0,208110
BANKNIFTY-II.NFO,26/09/2024,09:49:41,54558.5,54550.55,15,54560.85,45,0,208110
BANKNIFTY-II.NFO,26/09/2024,09:49:43,54558.5,54549.55,15,54560.8,45,0,208110
BANKNIFTY-II.NFO,26/09/2024,09:49:44,54558.5,54550.05,15,54560.05,60,0,208110
BANKNIFTY-II.NFO,26/09/2024,09:49:46,54558.5,54552.8,15,54560.85,45,0,208110
BANKNIFTY-II.NFO,26/09/2024,09:49:48,54560.85,54554.95,30,54560.85,30,15,208110
BANKNIFTY-II.NFO,26/09/2024,09:49:49,54560.85,54555,15,54560.85,30,0,208110
BANKNIFTY-II.NFO,26/09/2024,09:49:51,54560.85,54556.1,45,54560.85,30,0,208110
BANKNIFTY-II.NFO,26/09/2024,09:49:53,54560.85,54557.2,15,54560.85,30,0,208110
BANKNIFTY-II.NFO,26/09/2024,09:49:54,54560.85,54559.25,45,54560.85,30,0,208110
BANKNIFTY-II.NFO,26/09/2024,09:49:56,54560.85,54558.85,135,54560.85,30,0,208110
BANKNIFTY-II.NFO,26/09/2024,09:49:58,54560.85,54558.05,45,54568.35,75,30,208110
BANKNIFTY-II.NFO,26/09/2024,09:49:59,54558,54558.1,45,54567.95,75,30,208110
BANKNIFTY-II.NFO,26/09/2024,09:50:01,54558,54556.45,15,54566.65,60,0,208110
BANKNIFTY-II.NFO,26/09/2024,09:50:03,54558,54557.1,45,54567.15,75,0,208110
BANKNIFTY-II.NFO,26/09/2024,09:50:04,54558,54555.7,15,54565.35,75,0,208110
BANKNIFTY-II.NFO,26/09/2024,09:50:06,54558,54554.65,15,54565.25,45,0,208110
BANKNIFTY-II.NFO,26/09/2024,09:50:08,54558,54560.05,60,54569.3,75,0,208110
BANKNIFTY-II.NFO,26/09/2024,09:50:09,54558,54560.1,45,54569.45,60,0,208110
BANKNIFTY-II.NFO,26/09/2024,09:50:11,54558,54560.1,45,54566.4,75,0,208110
BANKNIFTY-II.NFO,26/09/2024,09:50:12,54558,54560,60,54568.3,75,0,208110
BANKNIFTY-II.NFO,26/09/2024,09:50:14,54558,54560,60,54567.95,75,0,208110
BANKNIFTY-II.NFO,26/09/2024,09:50:16,54558,54555,60,54562.7,45,0,208110
BANKNIFTY-II.NFO,26/09/2024,09:50:17,54558,54554.35,15,54565.25,60,0,208110
BANKNIFTY-II.NFO,26/09/2024,09:50:19,54558,54553.85,30,54563.45,30,0,208110
BANKNIFTY-II.NFO,26/09/2024,09:50:21,54558,54550.05,15,54561.15,60,0,208110
BANKNIFTY-II.NFO,26/09/2024,09:50:22,54558,54550.95,15,54562.3,60,0,208110
BANKNIFTY-II.NFO,26/09/2024,09:50:24,54558,54554.6,15,54565.15,60,0,208110
BANKNIFTY-II.NFO,26/09/2024,09:50:25,54558,54558.55,30,54569.05,60,0,208110
BANKNIFTY-II.NFO,26/09/2024,09:50:27,54567.35,54558.05,15,54569.75,75,15,208110
BANKNIFTY-II.NFO,26/09/2024,09:50:29,54567.35,54559.7,75,54571.1,60,0,208110
BANKNIFTY-II.NFO,26/09/2024,09:50:30,54571.65,54559.75,45,54571.8,60,15,208110
BANKNIFTY-II.NFO,26/09/2024,09:50:32,54571.65,54563,45,54574.5,75,0,208110
BANKNIFTY-II.NFO,26/09/2024,09:50:34,54572.9,54561.9,45,54574.05,75,15,208110
BANKNIFTY-II.NFO,26/09/2024,09:50:35,54572.9,54563.45,45,54577.7,75,0,208110
BANKNIFTY-II.NFO,26/09/2024,09:50:37,54572.9,54562.35,45,54573.25,75,0,208110
BANKNIFTY-II.NFO,26/09/2024,09:50:39,54572.9,54561.2,45,54571.9,75,0,208110
BANKNIFTY-II.NFO,26/09/2024,09:50:40,54572.9,54562.2,45,54573.2,75,0,208110
BANKNIFTY-II.NFO,26/09/2024,09:50:42,54572.9,54562.15,45,54574.1,60,0,208110
BANKNIFTY-II.NFO,26/09/2024,09:50:43,54572.9,54561.15,60,54573,60,0,208110
BANKNIFTY-II.NFO,26/09/2024,09:50:45,54572.9,54559.85,45,54570.4,75,0,208110
BANKNIFTY-II.NFO,26/09/2024,09:50:47,54572.9,54561.85,45,54575.85,60,0,208110
BANKNIFTY-II.NFO,26/09/2024,09:50:48,54572.9,54562.05,45,54573.9,75,0,208110
BANKNIFTY-II.NFO,26/09/2024,09:50:50,54572.9,54561.05,45,54572.05,75,0,208110
BANKNIFTY-II.NFO,26/09/2024,09:50:52,54572.9,54562.3,45,54573.25,60,0,208110
BANKNIFTY-II.NFO,26/09/2024,09:50:53,54575.8,54563.65,60,54575.3,60,30,208110
BANKNIFTY-II.NFO,26/09/2024,09:50:55,54575.8,54563.45,60,54575.1,60,0,208110
BANKNIFTY-II.NFO,26/09/2024,09:50:56,54575.8,54572.9,75,54574.95,45,0,208110
BANKNIFTY-II.NFO,26/09/2024,09:51:00,54575.8,54572.9,75,54574.95,60,0,208110
BANKNIFTY-II.NFO,26/09/2024,09:51:06,54575.8,54572.9,75,54574.95,45,0,208110
BANKNIFTY-II.NFO,26/09/2024,09:51:09,54575,54573,60,54580,45,15,208110
BANKNIFTY-II.NFO,26/09/2024,09:51:11,54575,54575.65,60,54580,45,0,208110
BANKNIFTY-II.NFO,26/09/2024,09:51:13,54576.9,54574.05,60,54580,45,15,208110
BANKNIFTY-II.NFO,26/09/2024,09:51:14,54576.9,54572.9,75,54580,45,0,208110
BANKNIFTY-II.NFO,26/09/2024,09:51:16,54576.9,54573.05,60,54580,45,0,208110
BANKNIFTY-II.NFO,26/09/2024,09:51:18,54576.9,54574.55,60,54580,45,0,208110
BANKNIFTY-II.NFO,26/09/2024,09:51:19,54576.9,54574.85,60,54580,45,0,208110
BANKNIFTY-II.NFO,26/09/2024,09:51:21,54576.9,54573.9,60,54580,45,0,208110
BANKNIFTY-II.NFO,26/09/2024,09:51:23,54576.9,54572.9,75,54580,45,0,208110
BANKNIFTY-II.NFO,26/09/2024,09:51:24,54576.9,54572.95,60,54580,45,0,208110
BANKNIFTY-II.NFO,26/09/2024,09:51:26,54576.9,54572.95,75,54580,45,0,208110
BANKNIFTY-II.NFO,26/09/2024,09:51:28,54576.9,54576.4,75,54580,45,0,208110
BANKNIFTY-II.NFO,26/09/2024,09:51:29,54580,54575.7,60,54580,30,15,208230
BANKNIFTY-II.NFO,26/09/2024,09:51:31,54580,54575.45,60,54580,30,0,208230
BANKNIFTY-II.NFO,26/09/2024,09:51:33,54580,54574.5,75,54580,30,0,208230
BANKNIFTY-II.NFO,26/09/2024,09:51:34,54580,54574.4,60,54580,30,0,208230
BANKNIFTY-II.NFO,26/09/2024,09:51:36,54580,54574.75,60,54580,30,0,208230
BANKNIFTY-II.NFO,26/09/2024,09:51:38,54580,54573.15,60,54580,30,0,208230
BANKNIFTY-II.NFO,26/09/2024,09:51:39,54580,54572.95,60,54580,30,0,208230
BANKNIFTY-II.NFO,26/09/2024,09:51:41,54580,54573.05,75,54580,30,0,208230
BANKNIFTY-II.NFO,26/09/2024,09:51:42,54580,54573.55,60,54580,15,15,208230
BANKNIFTY-II.NFO,26/09/2024,09:51:44,54580,54573.05,60,54580,15,0,208230
BANKNIFTY-II.NFO,26/09/2024,09:51:46,54580,54578.05,15,54580,15,0,208230
BANKNIFTY-II.NFO,26/09/2024,09:51:51,54572.95,54573.2,45,54580,15,30,208230
BANKNIFTY-II.NFO,26/09/2024,09:51:52,54572.95,54573.2,15,54580,15,0,208230
BANKNIFTY-II.NFO,26/09/2024,09:51:54,54572.95,54572.9,75,54580,15,0,208230
BANKNIFTY-II.NFO,26/09/2024,09:51:59,54572.95,54572.9,75,54576.35,60,0,208230
BANKNIFTY-II.NFO,26/09/2024,09:52:01,54572.9,54559.6,60,54574.65,60,75,208230
BANKNIFTY-II.NFO,26/09/2024,09:52:02,54572.9,54561.3,60,54574.7,75,0,208230
BANKNIFTY-II.NFO,26/09/2024,09:52:04,54572.9,54561.8,60,54573.9,75,0,208230
BANKNIFTY-II.NFO,26/09/2024,09:52:06,54572.9,54559.8,60,54572.2,45,0,208230
BANKNIFTY-II.NFO,26/09/2024,09:52:07,54572.9,54558.95,45,54570.55,45,0,208230
BANKNIFTY-II.NFO,26/09/2024,09:52:09,54572.9,54559.05,45,54571.25,75,0,208230
BANKNIFTY-II.NFO,26/09/2024,09:52:10,54572.9,54562.1,45,54573.7,75,0,208230
BANKNIFTY-II.NFO,26/09/2024,09:52:12,54572.9,54564.2,45,54576.3,75,0,208230
BANKNIFTY-II.NFO,26/09/2024,09:52:14,54572.9,54566.7,45,54578.15,60,0,208230
BANKNIFTY-II.NFO,26/09/2024,09:52:15,54572.9,54563.6,45,54576.05,60,0,208230
BANKNIFTY-II.NFO,26/09/2024,09:52:17,54572.9,54561.15,60,54573.3,60,0,208230
BANKNIFTY-II.NFO,26/09/2024,09:52:19,54572.9,54559.25,60,54572.05,45,0,208230
BANKNIFTY-II.NFO,26/09/2024,09:52:20,54572.9,54559.45,45,54571.7,45,0,208230
BANKNIFTY-II.NFO,26/09/2024,09:52:22,54572.9,54561.8,60,54574.55,75,0,208230
BANKNIFTY-II.NFO,26/09/2024,09:52:23,54572.9,54560.2,45,54572.5,45,0,208230
BANKNIFTY-II.NFO,26/09/2024,09:52:25,54572.9,54561.85,45,54574.85,75,0,208230
