Ticker,Date,Time,LTP,BuyPrice,BuyQty,SellPrice,SellQty,LTQ,OpenInterest
BANKNIFTY-II.NFO,20/03/2025,09:15:01,50349.8,50300.05,90,50329.75,120,270,998730
BANKNIFTY-II.NFO,20/03/2025,09:15:01,50326,50300.05,90,50329.75,120,0,998730
BANKNIFTY-II.NFO,20/03/2025,09:15:01,50349.8,50300.05,90,50329.75,120,0,998730
BANKNIFTY-II.NFO,20/03/2025,09:15:01,50288.2,50300.05,90,50329.75,120,0,998730
BANKNIFTY-II.NFO,20/03/2025,09:15:03,50311.2,50266.95,30,50309.1,120,180,998730
BANKNIFTY-II.NFO,20/03/2025,09:15:03,50266.95,50266.95,30,50309.1,120,0,998730
BANKNIFTY-II.NFO,20/03/2025,09:15:04,50288.2,50262.15,120,50292.05,120,90,998730
BANKNIFTY-II.NFO,20/03/2025,09:15:06,50301.15,50273.5,120,50301.15,30,390,998730
BANKNIFTY-II.NFO,20/03/2025,09:15:07,50275.35,50278,120,50305.35,30,120,998730
BANKNIFTY-II.NFO,20/03/2025,09:15:09,50300.05,50289.6,120,50320.85,150,120,998730
BANKNIFTY-II.NFO,20/03/2025,09:15:10,50310.1,50287.55,60,50308.95,30,360,998730
BANKNIFTY-II.NFO,20/03/2025,09:15:12,50310.1,50287.55,60,50304.2,90,0,998730
BANKNIFTY-II.NFO,20/03/2025,09:15:13,50298.35,50268.15,120,50296.4,60,90,998730
BANKNIFTY-II.NFO,20/03/2025,09:15:15,50273,50273,90,50298.45,60,90,998730
BANKNIFTY-II.NFO,20/03/2025,09:15:16,50273.45,50273.45,60,50298.45,60,120,998730
BANKNIFTY-II.NFO,20/03/2025,09:15:18,50297.8,50282.85,120,50297.8,120,30,998730
BANKNIFTY-II.NFO,20/03/2025,09:15:19,50294.7,50295,300,50300,600,90,998730
BANKNIFTY-II.NFO,20/03/2025,09:15:21,50300,50315.6,30,50321.45,90,600,998730
BANKNIFTY-II.NFO,20/03/2025,09:15:23,50321.45,50318.65,30,50321.45,60,60,998730
BANKNIFTY-II.NFO,20/03/2025,09:15:24,50325.15,50320.3,30,50325.15,90,90,998730
BANKNIFTY-II.NFO,20/03/2025,09:15:26,50325.15,50321.55,30,50325.15,30,60,998730
BANKNIFTY-II.NFO,20/03/2025,09:15:27,50329.55,50323.2,30,50325.15,30,60,998730
BANKNIFTY-II.NFO,20/03/2025,09:15:29,50323.75,50324.7,30,50325,30,180,998190
BANKNIFTY-II.NFO,20/03/2025,09:15:30,50325.15,50325.6,30,50335.2,150,60,998190
BANKNIFTY-II.NFO,20/03/2025,09:15:32,50325.15,50322.9,30,50325.15,30,0,998190
BANKNIFTY-II.NFO,20/03/2025,09:15:34,50325.15,50324.35,30,50325.15,30,0,998190
BANKNIFTY-II.NFO,20/03/2025,09:15:35,50323.7,50311.3,120,50320,30,480,998190
BANKNIFTY-II.NFO,20/03/2025,09:15:37,50320.3,50311.75,120,50325,30,90,998190
BANKNIFTY-II.NFO,20/03/2025,09:15:38,50312.5,50313.25,120,50325,30,60,998190
BANKNIFTY-II.NFO,20/03/2025,09:15:40,50319.4,50319.5,150,50329.55,30,90,998190
BANKNIFTY-II.NFO,20/03/2025,09:15:42,50325.65,50325.1,30,50335.4,60,120,998190
BANKNIFTY-II.NFO,20/03/2025,09:15:43,50330.15,50329.7,150,50337,300,60,998190
BANKNIFTY-II.NFO,20/03/2025,09:15:45,50340,50340.1,30,50345,30,330,998190
BANKNIFTY-II.NFO,20/03/2025,09:15:46,50342.65,50345.35,30,50347,30,60,998190
BANKNIFTY-II.NFO,20/03/2025,09:15:48,50350,50346.5,30,50350,60,150,998190
BANKNIFTY-II.NFO,20/03/2025,09:15:48,50350,50346.5,30,50350,60,0,998190
BANKNIFTY-II.NFO,20/03/2025,09:15:49,50350,50341.35,120,50350,90,0,998190
BANKNIFTY-II.NFO,20/03/2025,09:15:51,50343.4,50328,120,50344.75,30,360,998190
BANKNIFTY-II.NFO,20/03/2025,09:15:53,50348.05,50337.35,120,50350,180,30,998190
BANKNIFTY-II.NFO,20/03/2025,09:15:54,50344.85,50344.75,30,50345.35,30,30,998190
BANKNIFTY-II.NFO,20/03/2025,09:15:56,50343.4,50347.65,120,50350,180,120,998190
BANKNIFTY-II.NFO,20/03/2025,09:15:57,50349,50348.3,120,50350,60,330,998190
BANKNIFTY-II.NFO,20/03/2025,09:15:59,50355,50349.45,60,50360.15,30,150,998190
BANKNIFTY-II.NFO,20/03/2025,09:15:59,50355,50349.45,60,50360.15,30,0,998190
BANKNIFTY-II.NFO,20/03/2025,09:16:00,50375,50374.55,60,50375,30,180,998190
BANKNIFTY-II.NFO,20/03/2025,09:16:00,50375,50374.55,60,50375,30,0,998190
BANKNIFTY-II.NFO,20/03/2025,09:16:02,50382.05,50378.35,60,50390,60,60,998190
BANKNIFTY-II.NFO,20/03/2025,09:16:02,50382.05,50378.35,60,50390,60,0,998190
BANKNIFTY-II.NFO,20/03/2025,09:16:04,50382.05,50366.9,60,50383.7,120,0,998190
BANKNIFTY-II.NFO,20/03/2025,09:16:05,50364.6,50376.35,60,50388.9,60,210,998190
BANKNIFTY-II.NFO,20/03/2025,09:16:07,50364.6,50382.05,30,50386.1,60,0,998190
BANKNIFTY-II.NFO,20/03/2025,09:16:08,50382.05,50382.05,30,50390,90,90,998190
BANKNIFTY-II.NFO,20/03/2025,09:16:08,50386.1,50382.05,30,50390,90,0,998190
BANKNIFTY-II.NFO,20/03/2025,09:16:10,50390,50388.75,30,50390.9,30,1080,998190
BANKNIFTY-II.NFO,20/03/2025,09:16:10,50390,50388.75,30,50390.9,30,0,998190
BANKNIFTY-II.NFO,20/03/2025,09:16:12,50398.4,50393.15,30,50400,300,150,998190
BANKNIFTY-II.NFO,20/03/2025,09:16:12,50398.4,50393.15,30,50400,300,0,998190
BANKNIFTY-II.NFO,20/03/2025,09:16:13,50409.8,50390.95,60,50409.8,120,480,998190
BANKNIFTY-II.NFO,20/03/2025,09:16:13,50409.8,50390.95,60,50409.8,120,0,998190
BANKNIFTY-II.NFO,20/03/2025,09:16:15,50409.8,50386.1,30,50399.55,120,0,998190
BANKNIFTY-II.NFO,20/03/2025,09:16:17,50409.8,50386.1,30,50393.95,60,0,998190
BANKNIFTY-II.NFO,20/03/2025,09:16:18,50399,50386.1,60,50399,120,60,998190
BANKNIFTY-II.NFO,20/03/2025,09:16:20,50386.15,50386.1,60,50390,900,60,998190
BANKNIFTY-II.NFO,20/03/2025,09:16:21,50382.05,50376.05,60,50383.95,30,480,998190
BANKNIFTY-II.NFO,20/03/2025,09:16:23,50364,50364,30,50378.9,120,120,998190
BANKNIFTY-II.NFO,20/03/2025,09:16:25,50364,50364,30,50375.05,120,0,998190
BANKNIFTY-II.NFO,20/03/2025,09:16:26,50370,50364,30,50374.35,120,990,998190
BANKNIFTY-II.NFO,20/03/2025,09:16:28,50371.6,50350.9,90,50371.6,90,360,998190
BANKNIFTY-II.NFO,20/03/2025,09:16:30,50348,50348.6,60,50369.3,120,210,998190
BANKNIFTY-II.NFO,20/03/2025,09:16:31,50344.85,50343.45,90,50368.4,120,180,998190
BANKNIFTY-II.NFO,20/03/2025,09:16:33,50362.95,50343.4,30,50362.45,120,30,998190
BANKNIFTY-II.NFO,20/03/2025,09:16:34,50362.45,50344.85,30,50362.4,120,30,998190
BANKNIFTY-II.NFO,20/03/2025,09:16:36,50359.25,50348.6,30,50355.25,150,30,998190
BANKNIFTY-II.NFO,20/03/2025,09:16:38,50343.4,50332.55,60,50347.95,120,90,998190
BANKNIFTY-II.NFO,20/03/2025,09:16:39,50323.85,50321.1,330,50340.85,120,120,998190
BANKNIFTY-II.NFO,20/03/2025,09:16:41,50326.15,50331.15,120,50348.3,120,30,998190
BANKNIFTY-II.NFO,20/03/2025,09:16:42,50331.6,50327.45,60,50339.95,120,30,998190
BANKNIFTY-II.NFO,20/03/2025,09:16:44,50331.6,50336.4,300,50340,900,0,998190
BANKNIFTY-II.NFO,20/03/2025,09:16:46,50331.6,50338.7,300,50340,930,0,998190
BANKNIFTY-II.NFO,20/03/2025,09:16:47,50336.75,50337,900,50340,930,30,998190
BANKNIFTY-II.NFO,20/03/2025,09:16:49,50340,50339.05,60,50340,450,480,998190
BANKNIFTY-II.NFO,20/03/2025,09:16:51,50345,50341.1,60,50345,840,1500,998190
BANKNIFTY-II.NFO,20/03/2025,09:16:52,50345,50344.3,90,50345,660,210,998190
BANKNIFTY-II.NFO,20/03/2025,09:16:54,50345,50344.05,60,50345,300,390,998190
BANKNIFTY-II.NFO,20/03/2025,09:16:56,50345,50348.9,150,50350,30,330,998190
BANKNIFTY-II.NFO,20/03/2025,09:16:57,50350,50353,90,50362.45,30,30,998190
BANKNIFTY-II.NFO,20/03/2025,09:16:59,50363,50362.15,30,50370,900,60,998190
BANKNIFTY-II.NFO,20/03/2025,09:17:01,50370,50367.1,60,50379.95,150,930,998190
BANKNIFTY-II.NFO,20/03/2025,09:17:02,50379.95,50377.65,60,50383.95,30,150,998190
BANKNIFTY-II.NFO,20/03/2025,09:17:04,50379.95,50371.15,60,50383.95,30,0,998190
BANKNIFTY-II.NFO,20/03/2025,09:17:05,50380,50378.4,30,50380,90,840,998190
BANKNIFTY-II.NFO,20/03/2025,09:17:07,50365.4,50365.45,180,50380,90,30,998190
BANKNIFTY-II.NFO,20/03/2025,09:17:09,50379.95,50365.05,30,50379.95,120,30,998190
BANKNIFTY-II.NFO,20/03/2025,09:17:10,50379.95,50370,900,50379.95,120,0,998190
BANKNIFTY-II.NFO,20/03/2025,09:17:12,50375,50370,900,50379.95,120,30,998190
BANKNIFTY-II.NFO,20/03/2025,09:17:14,50370,50370,870,50380,120,30,998190
BANKNIFTY-II.NFO,20/03/2025,09:17:15,50370,50370,1110,50379.95,120,120,998190
BANKNIFTY-II.NFO,20/03/2025,09:17:17,50370,50370,1110,50380,60,0,998190
BANKNIFTY-II.NFO,20/03/2025,09:17:19,50379,50379,600,50379.95,120,210,998190
BANKNIFTY-II.NFO,20/03/2025,09:17:20,50379.95,50379,360,50380,210,360,998190
BANKNIFTY-II.NFO,20/03/2025,09:17:22,50379.95,50370.7,30,50380,210,0,998190
BANKNIFTY-II.NFO,20/03/2025,09:17:23,50370.7,50370,330,50370.7,360,150,998190
BANKNIFTY-II.NFO,20/03/2025,09:17:25,50370.7,50371,30,50380,270,360,998190
BANKNIFTY-II.NFO,20/03/2025,09:17:27,50380,50372,360,50380,240,30,998190
BANKNIFTY-II.NFO,20/03/2025,09:17:28,50380,50372,360,50375,30,0,998190
BANKNIFTY-II.NFO,20/03/2025,09:17:30,50375,50372,360,50380,240,30,998190
BANKNIFTY-II.NFO,20/03/2025,09:17:31,50375,50372.15,30,50380,240,0,998190
BANKNIFTY-II.NFO,20/03/2025,09:17:33,50372.15,50372,360,50380,240,30,998190
BANKNIFTY-II.NFO,20/03/2025,09:17:35,50385,50374.3,150,50385,630,330,998190
BANKNIFTY-II.NFO,20/03/2025,09:17:36,50373.65,50374.1,120,50385,630,30,998190
BANKNIFTY-II.NFO,20/03/2025,09:17:38,50373.05,50372.8,210,50385,630,150,998190
BANKNIFTY-II.NFO,20/03/2025,09:17:39,50372,50372,330,50384.95,150,630,998190
BANKNIFTY-II.NFO,20/03/2025,09:17:41,50384.95,50372,270,50384.6,150,90,998190
BANKNIFTY-II.NFO,20/03/2025,09:17:42,50384.95,50372,270,50384.9,120,0,998190
BANKNIFTY-II.NFO,20/03/2025,09:17:44,50372,50372,240,50383.4,120,60,998190
BANKNIFTY-II.NFO,20/03/2025,09:17:46,50384.9,50372,270,50384.9,90,60,998190
BANKNIFTY-II.NFO,20/03/2025,09:17:47,50384.9,50377.5,90,50385,660,0,998190
BANKNIFTY-II.NFO,20/03/2025,09:17:49,50385,50384.9,330,50385,600,90,998190
BANKNIFTY-II.NFO,20/03/2025,09:17:51,50385,50384.9,330,50385,330,0,998190
BANKNIFTY-II.NFO,20/03/2025,09:17:52,50385,50384.9,300,50385,180,180,998190
BANKNIFTY-II.NFO,20/03/2025,09:17:54,50385,50384.9,60,50385,120,270,998190
BANKNIFTY-II.NFO,20/03/2025,09:17:56,50384.9,50384.9,30,50385,60,60,998190
BANKNIFTY-II.NFO,20/03/2025,09:17:57,50384.85,50377.5,30,50384.85,90,60,998190
BANKNIFTY-II.NFO,20/03/2025,09:17:59,50384.85,50378.3,60,50385,60,0,998190
BANKNIFTY-II.NFO,20/03/2025,09:18:00,50388.85,50387.75,60,50390,930,120,998190
BANKNIFTY-II.NFO,20/03/2025,09:18:02,50390.7,50390.35,30,50398.8,90,960,998190
BANKNIFTY-II.NFO,20/03/2025,09:18:04,50390.7,50384.3,60,50398.7,90,0,998190
BANKNIFTY-II.NFO,20/03/2025,09:18:05,50390.7,50384.15,60,50391.8,90,0,998190
BANKNIFTY-II.NFO,20/03/2025,09:18:07,50390.7,50385,900,50391.75,90,0,998190
BANKNIFTY-II.NFO,20/03/2025,09:18:09,50390.7,50385,1200,50391.75,90,0,998190
BANKNIFTY-II.NFO,20/03/2025,09:18:12,50390.7,50385,1200,50394.55,90,0,998190
BANKNIFTY-II.NFO,20/03/2025,09:18:13,50390.7,50389.1,300,50395,900,30,998190
BANKNIFTY-II.NFO,20/03/2025,09:18:15,50390.7,50387.6,300,50394.9,90,0,998190
BANKNIFTY-II.NFO,20/03/2025,09:18:16,50390.7,50390.7,30,50395,690,240,998190
BANKNIFTY-II.NFO,20/03/2025,09:18:18,50395,50389.6,300,50395,660,30,998190
BANKNIFTY-II.NFO,20/03/2025,09:18:20,50395,50394.6,150,50395,660,0,998190
BANKNIFTY-II.NFO,20/03/2025,09:18:25,50395,50394.6,150,50395,690,0,998190
BANKNIFTY-II.NFO,20/03/2025,09:18:26,50394.6,50394.6,90,50395,690,60,998190
BANKNIFTY-II.NFO,20/03/2025,09:18:28,50394.6,50394.6,60,50395,690,30,998190
BANKNIFTY-II.NFO,20/03/2025,09:18:29,50395,50391,300,50395,630,60,997890
BANKNIFTY-II.NFO,20/03/2025,09:18:31,50395,50391,300,50394.6,60,0,997890
BANKNIFTY-II.NFO,20/03/2025,09:18:33,50395,50392.7,120,50395,270,420,997890
BANKNIFTY-II.NFO,20/03/2025,09:18:34,50395,50392.6,120,50395,270,30,997890
BANKNIFTY-II.NFO,20/03/2025,09:18:36,50395,50391,300,50395,150,120,997890
BANKNIFTY-II.NFO,20/03/2025,09:18:37,50395,50392,330,50394.95,30,30,997890
BANKNIFTY-II.NFO,20/03/2025,09:18:39,50392,50393.5,150,50394.95,30,30,997890
BANKNIFTY-II.NFO,20/03/2025,09:18:41,50395,50392.1,90,50394.95,30,150,997890
BANKNIFTY-II.NFO,20/03/2025,09:18:42,50395,50395,570,50398.85,30,120,997890
BANKNIFTY-II.NFO,20/03/2025,09:18:44,50395,50395,570,50398.7,30,0,997890
BANKNIFTY-II.NFO,20/03/2025,09:18:45,50395,50395,570,50398.7,30,30,997890
BANKNIFTY-II.NFO,20/03/2025,09:18:47,50395,50395,540,50398.75,30,60,997890
BANKNIFTY-II.NFO,20/03/2025,09:18:48,50395,50395,330,50398.7,30,210,997890
BANKNIFTY-II.NFO,20/03/2025,09:18:50,50395,50395,360,50398.7,30,0,997890
BANKNIFTY-II.NFO,20/03/2025,09:18:52,50395,50395,330,50398.65,30,60,997890
BANKNIFTY-II.NFO,20/03/2025,09:18:53,50395,50395.15,330,50398.65,30,0,997890
BANKNIFTY-II.NFO,20/03/2025,09:18:55,50395,50395,270,50398.7,30,90,997890
BANKNIFTY-II.NFO,20/03/2025,09:18:56,50395,50395,90,50398.85,30,180,997890
BANKNIFTY-II.NFO,20/03/2025,09:18:58,50395,50395,60,50398.85,30,30,997890
BANKNIFTY-II.NFO,20/03/2025,09:18:59,50398.85,50395,30,50399.9,30,60,997890
BANKNIFTY-II.NFO,20/03/2025,09:19:01,50398.85,50395,30,50399.9,30,0,997890
BANKNIFTY-II.NFO,20/03/2025,09:19:03,50398.85,50395.4,150,50399,30,0,997890
BANKNIFTY-II.NFO,20/03/2025,09:19:04,50398.85,50395,30,50398.95,30,0,997890
BANKNIFTY-II.NFO,20/03/2025,09:19:06,50398.85,50395,30,50398.9,30,0,997890
BANKNIFTY-II.NFO,20/03/2025,09:19:07,50398.85,50395,30,50398.9,30,30,997890
BANKNIFTY-II.NFO,20/03/2025,09:19:09,50398.9,50395.35,150,50398.9,30,30,997890
BANKNIFTY-II.NFO,20/03/2025,09:19:10,50398.9,50397,180,50398.85,30,0,997890
BANKNIFTY-II.NFO,20/03/2025,09:19:12,50400,50398.45,180,50400,540,750,997890
BANKNIFTY-II.NFO,20/03/2025,09:19:13,50400,50396,30,50400,510,30,997890
BANKNIFTY-II.NFO,20/03/2025,09:19:15,50396,50395,30,50399.9,30,30,997890
BANKNIFTY-II.NFO,20/03/2025,09:19:16,50399.9,50395,30,50399.85,30,30,997890
BANKNIFTY-II.NFO,20/03/2025,09:19:18,50399.9,50395,30,50399.8,120,0,997890
BANKNIFTY-II.NFO,20/03/2025,09:19:20,50395,50393,330,50398.7,30,30,997890
BANKNIFTY-II.NFO,20/03/2025,09:19:21,50395,50393,330,50397.45,120,0,997890
BANKNIFTY-II.NFO,20/03/2025,09:19:23,50395,50395,150,50396.4,120,480,997890
BANKNIFTY-II.NFO,20/03/2025,09:19:24,50395,50392,300,50392.9,120,150,997890
BANKNIFTY-II.NFO,20/03/2025,09:19:26,50392,50392,210,50393.8,30,150,997890
BANKNIFTY-II.NFO,20/03/2025,09:19:28,50393.8,50393.8,120,50398.1,90,30,997890
BANKNIFTY-II.NFO,20/03/2025,09:19:29,50398.1,50393.8,120,50398.05,90,30,997890
BANKNIFTY-II.NFO,20/03/2025,09:19:31,50393.8,50393.8,90,50398,120,30,997890
BANKNIFTY-II.NFO,20/03/2025,09:19:32,50393.8,50392,210,50399.95,90,90,997890
BANKNIFTY-II.NFO,20/03/2025,09:19:34,50393.8,50392,210,50395.55,120,0,997890
BANKNIFTY-II.NFO,20/03/2025,09:19:35,50392,50392,180,50395.3,150,60,997890
BANKNIFTY-II.NFO,20/03/2025,09:19:37,50396.8,50395,30,50396.8,120,120,997890
BANKNIFTY-II.NFO,20/03/2025,09:19:39,50396.8,50395,30,50396.5,270,0,997890
BANKNIFTY-II.NFO,20/03/2025,09:19:40,50395,50392,180,50396.5,90,60,997890
BANKNIFTY-II.NFO,20/03/2025,09:19:42,50392,50392,120,50396.5,90,60,997890
BANKNIFTY-II.NFO,20/03/2025,09:19:43,50391,50391,240,50395,30,180,997890
BANKNIFTY-II.NFO,20/03/2025,09:19:45,50391,50391,150,50394.45,240,90,997890
BANKNIFTY-II.NFO,20/03/2025,09:19:47,50390.7,50390,60,50393.1,240,180,997890
BANKNIFTY-II.NFO,20/03/2025,09:19:48,50385,50385,810,50387.8,90,180,997890
BANKNIFTY-II.NFO,20/03/2025,09:19:50,50385,50385,780,50387.8,90,30,997890
BANKNIFTY-II.NFO,20/03/2025,09:19:51,50387.8,50385,780,50386.15,90,60,997890
BANKNIFTY-II.NFO,20/03/2025,09:19:53,50385,50385,690,50388.7,90,90,997890
BANKNIFTY-II.NFO,20/03/2025,09:19:55,50385,50385,690,50388.85,90,0,997890
BANKNIFTY-II.NFO,20/03/2025,09:19:56,50389.95,50385,690,50389.95,90,60,997890
BANKNIFTY-II.NFO,20/03/2025,09:19:58,50385,50385,510,50389.95,90,180,997890
BANKNIFTY-II.NFO,20/03/2025,09:19:59,50385,50385,480,50389.95,90,30,997890
BANKNIFTY-II.NFO,20/03/2025,09:20:01,50385.05,50387.85,120,50390,60,150,997890
BANKNIFTY-II.NFO,20/03/2025,09:20:03,50392,50391.35,120,50394.95,90,180,997890
BANKNIFTY-II.NFO,20/03/2025,09:20:04,50392,50388.05,120,50394.7,90,0,997890
BANKNIFTY-II.NFO,20/03/2025,09:20:06,50393.1,50387.85,60,50395,30,120,997890
BANKNIFTY-II.NFO,20/03/2025,09:20:07,50389.4,50391.05,180,50395,30,30,997890
BANKNIFTY-II.NFO,20/03/2025,09:20:09,50395,50393.8,30,50398.95,90,60,997890
BANKNIFTY-II.NFO,20/03/2025,09:20:11,50395,50392.45,180,50398.35,90,0,997890
BANKNIFTY-II.NFO,20/03/2025,09:20:12,50395,50388.55,120,50398.35,90,0,997890
BANKNIFTY-II.NFO,20/03/2025,09:20:14,50388.55,50387.85,270,50395,30,60,997890
BANKNIFTY-II.NFO,20/03/2025,09:20:15,50388.55,50387.85,180,50395,30,0,997890
BANKNIFTY-II.NFO,20/03/2025,09:20:17,50388.55,50387.85,180,50395,60,0,997890
BANKNIFTY-II.NFO,20/03/2025,09:20:19,50390,50390,30,50395,960,30,997890
BANKNIFTY-II.NFO,20/03/2025,09:20:20,50390,50390,90,50395,960,0,997890
BANKNIFTY-II.NFO,20/03/2025,09:20:22,50390,50390,30,50393.65,390,60,997890
BANKNIFTY-II.NFO,20/03/2025,09:20:23,50387.8,50385,540,50387.8,270,90,997890
BANKNIFTY-II.NFO,20/03/2025,09:20:25,50382.4,50375,90,50379.65,240,630,997890
BANKNIFTY-II.NFO,20/03/2025,09:20:27,50379.35,50359.05,30,50374.95,240,480,997890
BANKNIFTY-II.NFO,20/03/2025,09:20:29,50360.25,50359.15,90,50374.95,240,30,997890
BANKNIFTY-II.NFO,20/03/2025,09:20:30,50377,50360.5,30,50375.65,300,300,997890
BANKNIFTY-II.NFO,20/03/2025,09:20:32,50377,50355,60,50362.95,240,0,997890
BANKNIFTY-II.NFO,20/03/2025,09:20:34,50377,50355,60,50362.7,300,0,997890
BANKNIFTY-II.NFO,20/03/2025,09:20:35,50377,50355,60,50359.9,240,0,997890
BANKNIFTY-II.NFO,20/03/2025,09:20:37,50355,50352,30,50359.95,270,60,997890
BANKNIFTY-II.NFO,20/03/2025,09:20:39,50350,50344,900,50350,90,210,997890
BANKNIFTY-II.NFO,20/03/2025,09:20:40,50350,50344,900,50350,720,0,997890
BANKNIFTY-II.NFO,20/03/2025,09:20:44,50350,50345.7,30,50350,720,0,997890
BANKNIFTY-II.NFO,20/03/2025,09:20:45,50350,50350.35,300,50355,30,750,997890
BANKNIFTY-II.NFO,20/03/2025,09:20:47,50350.45,50351.65,150,50355,30,60,997890
BANKNIFTY-II.NFO,20/03/2025,09:20:49,50355,50350.7,180,50361.75,90,30,997890
BANKNIFTY-II.NFO,20/03/2025,09:20:50,50355,50357.65,180,50364.7,90,0,997890
BANKNIFTY-II.NFO,20/03/2025,09:20:52,50365,50365,750,50375.2,240,150,997890
BANKNIFTY-II.NFO,20/03/2025,09:20:54,50372.9,50365,750,50374.6,240,60,997890
BANKNIFTY-II.NFO,20/03/2025,09:20:55,50372.9,50365,750,50369.1,60,0,997890
BANKNIFTY-II.NFO,20/03/2025,09:20:57,50372.9,50365,750,50371.3,90,0,997890
BANKNIFTY-II.NFO,20/03/2025,09:20:59,50372.65,50365,720,50368,30,60,997890
BANKNIFTY-II.NFO,20/03/2025,09:21:00,50365,50365,660,50368.05,60,60,997890
BANKNIFTY-II.NFO,20/03/2025,09:21:02,50365,50365,480,50365.6,60,180,997890
BANKNIFTY-II.NFO,20/03/2025,09:21:04,50365,50365,60,50366.7,30,420,997890
BANKNIFTY-II.NFO,20/03/2025,09:21:05,50365,50365,60,50370.45,90,0,997890
BANKNIFTY-II.NFO,20/03/2025,09:21:07,50365,50365,30,50365.5,30,30,997890
BANKNIFTY-II.NFO,20/03/2025,09:21:09,50368.1,50360,30,50368.1,90,60,997890
BANKNIFTY-II.NFO,20/03/2025,09:21:10,50367.3,50360,30,50368.15,60,330,997890
BANKNIFTY-II.NFO,20/03/2025,09:21:12,50367.3,50360,30,50364.9,90,0,997890
BANKNIFTY-II.NFO,20/03/2025,09:21:14,50364.9,50360,30,50364.15,30,30,997890
BANKNIFTY-II.NFO,20/03/2025,09:21:15,50352.3,50356,150,50367.95,90,210,997890
BANKNIFTY-II.NFO,20/03/2025,09:21:17,50359.4,50365,60,50368,30,90,997890
BANKNIFTY-II.NFO,20/03/2025,09:21:19,50359.4,50365,60,50367.85,90,0,997890
BANKNIFTY-II.NFO,20/03/2025,09:21:20,50352,50352,630,50357.4,90,360,997890
BANKNIFTY-II.NFO,20/03/2025,09:21:22,50352,50352,630,50357.4,90,0,997890
BANKNIFTY-II.NFO,20/03/2025,09:21:24,50356.9,50356.9,300,50358.55,30,600,997890
BANKNIFTY-II.NFO,20/03/2025,09:21:25,50356.9,50356.9,240,50359.4,240,90,997890
BANKNIFTY-II.NFO,20/03/2025,09:21:27,50352,50352,570,50356.1,90,300,997890
BANKNIFTY-II.NFO,20/03/2025,09:21:29,50352,50352,570,50356.1,90,0,997890
BANKNIFTY-II.NFO,20/03/2025,09:21:30,50352,50352,210,50354.85,30,360,997440
BANKNIFTY-II.NFO,20/03/2025,09:21:32,50355,50352,180,50354.65,240,90,997440
BANKNIFTY-II.NFO,20/03/2025,09:21:34,50352,50352,60,50354.95,240,120,997440
BANKNIFTY-II.NFO,20/03/2025,09:21:35,50352,50352,30,50352.7,240,30,997440
BANKNIFTY-II.NFO,20/03/2025,09:21:37,50350.1,50350.1,30,50352.65,240,60,997440
BANKNIFTY-II.NFO,20/03/2025,09:21:39,50350.45,50350,1740,50351,30,180,997440
BANKNIFTY-II.NFO,20/03/2025,09:21:40,50350,50350,1230,50351.85,30,600,997440
BANKNIFTY-II.NFO,20/03/2025,09:21:42,50350,50350,1200,50352,900,60,997440
BANKNIFTY-II.NFO,20/03/2025,09:21:44,50350,50350,1170,50352,900,60,997440
BANKNIFTY-II.NFO,20/03/2025,09:21:45,50350,50350,1170,50352,900,0,997440
BANKNIFTY-II.NFO,20/03/2025,09:21:49,50350,50350.05,30,50352,900,30,997440
BANKNIFTY-II.NFO,20/03/2025,09:21:50,50350.05,50350,1140,50352,780,150,997440
BANKNIFTY-II.NFO,20/03/2025,09:21:52,50350,50345,900,50347.95,90,1140,997440
BANKNIFTY-II.NFO,20/03/2025,09:21:54,50344,50336.75,30,50341.35,90,930,997440
BANKNIFTY-II.NFO,20/03/2025,09:21:55,50348.4,50340,30,50348.4,90,30,997440
BANKNIFTY-II.NFO,20/03/2025,09:21:57,50340,50336.75,30,50340.65,30,30,997440
BANKNIFTY-II.NFO,20/03/2025,09:21:59,50336,50328,30,50332.95,90,240,997440
BANKNIFTY-II.NFO,20/03/2025,09:22:00,50336,50328,30,50332.3,90,0,997440
BANKNIFTY-II.NFO,20/03/2025,09:22:02,50336,50328,30,50331,90,0,997440
BANKNIFTY-II.NFO,20/03/2025,09:22:04,50336,50328,30,50332.15,90,0,997440
BANKNIFTY-II.NFO,20/03/2025,09:22:05,50325.1,50325.1,30,50332.15,120,150,997440
BANKNIFTY-II.NFO,20/03/2025,09:22:07,50324,50324,120,50326.8,30,90,997440
BANKNIFTY-II.NFO,20/03/2025,09:22:09,50324,50324,120,50327.95,90,0,997440
BANKNIFTY-II.NFO,20/03/2025,09:22:14,50326.7,50324,120,50328,30,180,997440
BANKNIFTY-II.NFO,20/03/2025,09:22:15,50324,50324.3,60,50330,900,30,997440
BANKNIFTY-II.NFO,20/03/2025,09:22:17,50330,50328.05,30,50330,780,150,997440
BANKNIFTY-II.NFO,20/03/2025,09:22:19,50330,50331.65,30,50335,900,780,997440
BANKNIFTY-II.NFO,20/03/2025,09:22:20,50330,50331.65,30,50335,900,0,997440
BANKNIFTY-II.NFO,20/03/2025,09:22:22,50330.05,50328,930,50334.8,90,30,997440
BANKNIFTY-II.NFO,20/03/2025,09:22:24,50335,50333.55,150,50335,750,150,997440
BANKNIFTY-II.NFO,20/03/2025,09:22:25,50335.75,50336.25,450,50343.95,90,840,997440
BANKNIFTY-II.NFO,20/03/2025,09:22:27,50335.75,50332,900,50343.95,90,0,997440
BANKNIFTY-II.NFO,20/03/2025,09:22:29,50335.75,50334.85,150,50343.95,90,0,997440
BANKNIFTY-II.NFO,20/03/2025,09:22:30,50335.75,50334.5,150,50343.95,90,0,997440
BANKNIFTY-II.NFO,20/03/2025,09:22:32,50335.75,50337.8,150,50344,30,0,997440
BANKNIFTY-II.NFO,20/03/2025,09:22:34,50335.75,50337,150,50344,120,0,997440
BANKNIFTY-II.NFO,20/03/2025,09:22:35,50344,50340.3,60,50345,900,30,997440
BANKNIFTY-II.NFO,20/03/2025,09:22:37,50344,50343.05,150,50345,900,0,997440
BANKNIFTY-II.NFO,20/03/2025,09:22:39,50350,50349.4,180,50350,600,1200,997440
BANKNIFTY-II.NFO,20/03/2025,09:22:40,50350,50345.55,150,50350,150,450,997440
BANKNIFTY-II.NFO,20/03/2025,09:22:42,50352,50351.95,90,50353,30,180,997440
BANKNIFTY-II.NFO,20/03/2025,09:22:44,50355,50352.8,150,50360,60,60,997440
BANKNIFTY-II.NFO,20/03/2025,09:22:45,50355,50350.5,150,50359.5,30,0,997440
BANKNIFTY-II.NFO,20/03/2025,09:22:47,50355,50350,30,50359.5,30,0,997440
BANKNIFTY-II.NFO,20/03/2025,09:22:49,50351.8,50355.25,60,50360,960,30,997440
BANKNIFTY-II.NFO,20/03/2025,09:22:50,50360,50357.65,150,50361,30,960,997440
BANKNIFTY-II.NFO,20/03/2025,09:22:52,50355.15,50355.25,60,50361,30,30,997440
BANKNIFTY-II.NFO,20/03/2025,09:22:54,50361,50352,30,50360.8,30,30,997440
BANKNIFTY-II.NFO,20/03/2025,09:22:55,50361,50353.85,60,50360.8,30,0,997440
BANKNIFTY-II.NFO,20/03/2025,09:22:57,50355.35,50352.85,150,50362.8,30,30,997440
BANKNIFTY-II.NFO,20/03/2025,09:22:59,50355.35,50354.1,60,50362.8,30,0,997440
BANKNIFTY-II.NFO,20/03/2025,09:23:00,50355.35,50356.85,90,50367.95,30,0,997440
BANKNIFTY-II.NFO,20/03/2025,09:23:02,50355.35,50357,150,50367.95,30,0,997440
BANKNIFTY-II.NFO,20/03/2025,09:23:04,50356.4,50358.7,90,50367.95,30,60,997440
BANKNIFTY-II.NFO,20/03/2025,09:23:05,50356.4,50358.1,90,50367.95,30,0,997440
BANKNIFTY-II.NFO,20/03/2025,09:23:07,50353.1,50352.9,60,50362.05,30,60,997440
BANKNIFTY-II.NFO,20/03/2025,09:23:09,50353.1,50359.2,150,50367.95,30,0,997440
BANKNIFTY-II.NFO,20/03/2025,09:23:10,50353.1,50360.85,150,50367.95,30,0,997440
BANKNIFTY-II.NFO,20/03/2025,09:23:12,50353.1,50361.8,150,50367,300,0,997440
BANKNIFTY-II.NFO,20/03/2025,09:23:14,50362.25,50361.4,150,50367,300,90,997440
BANKNIFTY-II.NFO,20/03/2025,09:23:16,50362.25,50361.25,150,50367,300,0,997440
BANKNIFTY-II.NFO,20/03/2025,09:23:17,50362.25,50360,30,50366.3,30,0,997440
BANKNIFTY-II.NFO,20/03/2025,09:23:19,50362.25,50360,30,50365.9,30,0,997440
BANKNIFTY-II.NFO,20/03/2025,09:23:21,50360,50352.65,150,50361.9,30,30,997440
BANKNIFTY-II.NFO,20/03/2025,09:23:22,50360,50352,30,50357.4,30,0,997440
BANKNIFTY-II.NFO,20/03/2025,09:23:24,50360,50352,30,50352.65,30,0,997440
BANKNIFTY-II.NFO,20/03/2025,09:23:27,50352,50351,900,50352.65,30,30,997440
BANKNIFTY-II.NFO,20/03/2025,09:23:29,50352,50351,900,50352,60,60,997440
BANKNIFTY-II.NFO,20/03/2025,09:23:30,50351,50351,870,50352,60,30,997440
BANKNIFTY-II.NFO,20/03/2025,09:23:32,50352.65,50351,840,50359.95,90,120,997440
BANKNIFTY-II.NFO,20/03/2025,09:23:34,50352.65,50351.75,120,50359.95,90,0,997440
BANKNIFTY-II.NFO,20/03/2025,09:23:35,50352.65,50354.2,120,50359.95,90,0,997440
BANKNIFTY-II.NFO,20/03/2025,09:23:37,50352.65,50355,30,50360,60,0,997440
BANKNIFTY-II.NFO,20/03/2025,09:23:39,50360,50355.05,30,50360,30,30,997440
BANKNIFTY-II.NFO,20/03/2025,09:23:40,50360,50359.95,30,50360,30,0,997440
BANKNIFTY-II.NFO,20/03/2025,09:23:42,50360,50356.6,120,50364.6,30,30,997440
BANKNIFTY-II.NFO,20/03/2025,09:23:44,50360,50358.45,120,50365,30,0,997440
BANKNIFTY-II.NFO,20/03/2025,09:23:45,50360,50356.6,120,50364.7,30,0,997440
BANKNIFTY-II.NFO,20/03/2025,09:23:47,50360,50352.9,120,50359.85,30,0,997440
BANKNIFTY-II.NFO,20/03/2025,09:23:49,50360,50352.45,30,50364.9,30,0,997440
BANKNIFTY-II.NFO,20/03/2025,09:23:50,50353.15,50352,60,50364.95,240,60,997440
BANKNIFTY-II.NFO,20/03/2025,09:23:52,50364.95,50352,60,50364.95,270,30,997440
BANKNIFTY-II.NFO,20/03/2025,09:23:54,50364.95,50352.95,120,50365,30,0,997440
BANKNIFTY-II.NFO,20/03/2025,09:23:55,50364.95,50355.9,120,50365,30,0,997440
BANKNIFTY-II.NFO,20/03/2025,09:23:57,50364.95,50354.3,120,50365,30,0,997440
BANKNIFTY-II.NFO,20/03/2025,09:23:59,50364.95,50361.6,150,50365,30,0,997440
BANKNIFTY-II.NFO,20/03/2025,09:24:00,50364.95,50364.95,60,50365,30,0,997440
BANKNIFTY-II.NFO,20/03/2025,09:24:02,50364.95,50355.25,60,50360,30,90,997440
BANKNIFTY-II.NFO,20/03/2025,09:24:04,50364.95,50355.3,120,50360,30,0,997440
BANKNIFTY-II.NFO,20/03/2025,09:24:05,50364.95,50353.35,120,50360,30,0,997440
BANKNIFTY-II.NFO,20/03/2025,09:24:07,50352,50351,840,50360,60,60,997440
BANKNIFTY-II.NFO,20/03/2025,09:24:09,50366.95,50355.5,150,50367,300,540,997440
BANKNIFTY-II.NFO,20/03/2025,09:24:10,50366.65,50352.45,270,50366.6,240,30,997440
BANKNIFTY-II.NFO,20/03/2025,09:24:12,50366.65,50352.95,270,50366.6,240,0,997440
BANKNIFTY-II.NFO,20/03/2025,09:24:14,50366.65,50365,30,50367,300,30,997440
BANKNIFTY-II.NFO,20/03/2025,09:24:15,50366.65,50366.65,30,50367,300,0,997440
BANKNIFTY-II.NFO,20/03/2025,09:24:17,50365,50364.95,120,50365,840,60,997440
BANKNIFTY-II.NFO,20/03/2025,09:24:19,50365,50364.95,120,50365,840,0,997440
BANKNIFTY-II.NFO,20/03/2025,09:24:24,50365,50364.95,120,50365,780,60,997440
BANKNIFTY-II.NFO,20/03/2025,09:24:25,50365,50364.95,120,50365,780,0,997440
BANKNIFTY-II.NFO,20/03/2025,09:24:29,50365,50366.65,90,50367,300,780,997440
BANKNIFTY-II.NFO,20/03/2025,09:24:30,50368.65,50369.55,150,50370,1800,360,999300
BANKNIFTY-II.NFO,20/03/2025,09:24:32,50365,50367.6,150,50370,1800,600,999300
BANKNIFTY-II.NFO,20/03/2025,09:24:34,50370,50369.95,60,50370,1290,510,999300
BANKNIFTY-II.NFO,20/03/2025,09:24:35,50370,50369.05,60,50370,840,480,999300
BANKNIFTY-II.NFO,20/03/2025,09:24:37,50369.2,50369.05,90,50370,420,450,999300
BANKNIFTY-II.NFO,20/03/2025,09:24:39,50370,50370.2,180,50376,30,420,999300
BANKNIFTY-II.NFO,20/03/2025,09:24:40,50370,50371.25,180,50376,30,0,999300
BANKNIFTY-II.NFO,20/03/2025,09:24:42,50373,50372.85,120,50376,30,30,999300
BANKNIFTY-II.NFO,20/03/2025,09:24:44,50373,50372.25,60,50376,30,0,999300
BANKNIFTY-II.NFO,20/03/2025,09:24:45,50373,50373.8,60,50376,30,0,999300
BANKNIFTY-II.NFO,20/03/2025,09:24:47,50373.2,50372,30,50379,90,60,999300
BANKNIFTY-II.NFO,20/03/2025,09:24:49,50379,50372,30,50379,60,30,999300
BANKNIFTY-II.NFO,20/03/2025,09:24:50,50379,50372,30,50379,60,0,999300
BANKNIFTY-II.NFO,20/03/2025,09:24:52,50369,50369.85,150,50379,60,300,999300
BANKNIFTY-II.NFO,20/03/2025,09:24:54,50369,50370.6,150,50379,60,0,999300
BANKNIFTY-II.NFO,20/03/2025,09:24:55,50379,50371.35,150,50380,930,90,999300
BANKNIFTY-II.NFO,20/03/2025,09:24:57,50371.6,50371.1,150,50380,930,30,999300
BANKNIFTY-II.NFO,20/03/2025,09:24:59,50371.1,50370.3,150,50380,930,30,999300
BANKNIFTY-II.NFO,20/03/2025,09:25:00,50371.1,50370,60,50379.95,270,0,999300
BANKNIFTY-II.NFO,20/03/2025,09:25:02,50379.95,50370,90,50379.3,240,30,999300
BANKNIFTY-II.NFO,20/03/2025,09:25:04,50379.95,50370,90,50379.95,240,0,999300
BANKNIFTY-II.NFO,20/03/2025,09:25:05,50379.95,50370,120,50379.95,240,0,999300
BANKNIFTY-II.NFO,20/03/2025,09:25:07,50379.95,50370,120,50379.95,270,0,999300
BANKNIFTY-II.NFO,20/03/2025,09:25:10,50379.95,50370,120,50376.45,270,0,999300
BANKNIFTY-II.NFO,20/03/2025,09:25:12,50379.95,50370,120,50374.75,240,0,999300
BANKNIFTY-II.NFO,20/03/2025,09:25:14,50371,50369,330,50371.85,210,1530,999300
BANKNIFTY-II.NFO,20/03/2025,09:25:15,50368,50365,270,50371.7,240,360,999300
BANKNIFTY-II.NFO,20/03/2025,09:25:17,50371.5,50365,270,50372.4,30,300,999300
BANKNIFTY-II.NFO,20/03/2025,09:25:19,50371.5,50364.95,120,50371.8,30,0,999300
BANKNIFTY-II.NFO,20/03/2025,09:25:20,50364.95,50364.95,90,50367.05,30,30,999300
BANKNIFTY-II.NFO,20/03/2025,09:25:22,50362,50362,690,50362.15,30,330,999300
BANKNIFTY-II.NFO,20/03/2025,09:25:24,50362,50362,570,50362.2,30,210,999300
BANKNIFTY-II.NFO,20/03/2025,09:25:25,50359,50359,120,50364.9,60,810,999300
BANKNIFTY-II.NFO,20/03/2025,09:25:27,50359,50359,60,50359.7,30,60,999300
BANKNIFTY-II.NFO,20/03/2025,09:25:29,50359,50355,180,50359.9,90,60,999300
BANKNIFTY-II.NFO,20/03/2025,09:25:30,50355,50355,60,50356.6,60,180,999300
BANKNIFTY-II.NFO,20/03/2025,09:25:32,50352,50352,990,50355,30,150,999300
BANKNIFTY-II.NFO,20/03/2025,09:25:34,50352,50352,900,50354.75,150,90,999300
BANKNIFTY-II.NFO,20/03/2025,09:25:35,50352,50351,840,50351.75,60,1140,999300
BANKNIFTY-II.NFO,20/03/2025,09:25:37,50340,50340,900,50344.3,90,1050,999300
BANKNIFTY-II.NFO,20/03/2025,09:25:39,50340,50340,870,50349.9,90,90,999300
BANKNIFTY-II.NFO,20/03/2025,09:25:40,50340,50340,870,50345.95,90,0,999300
BANKNIFTY-II.NFO,20/03/2025,09:25:42,50340,50340,810,50345.95,120,90,999300
BANKNIFTY-II.NFO,20/03/2025,09:25:44,50345.95,50345.95,810,50347.45,30,90,999300
BANKNIFTY-II.NFO,20/03/2025,09:25:45,50347.45,50345.95,750,50349.45,30,150,999300
BANKNIFTY-II.NFO,20/03/2025,09:25:47,50347.45,50345.95,750,50349.45,30,0,999300
BANKNIFTY-II.NFO,20/03/2025,09:25:49,50345.95,50345.95,720,50347.45,30,60,999300
BANKNIFTY-II.NFO,20/03/2025,09:25:50,50345.95,50345.95,720,50347.45,30,0,999300
BANKNIFTY-II.NFO,20/03/2025,09:25:52,50345.95,50340.05,240,50346.8,90,0,999300
BANKNIFTY-II.NFO,20/03/2025,09:25:54,50347.4,50345.95,30,50347.45,30,30,999300
BANKNIFTY-II.NFO,20/03/2025,09:25:55,50347.45,50345.95,30,50348,900,30,999300
BANKNIFTY-II.NFO,20/03/2025,09:25:57,50348,50346,240,50348,840,60,999300
BANKNIFTY-II.NFO,20/03/2025,09:25:59,50348,50346,270,50348,750,120,999300
BANKNIFTY-II.NFO,20/03/2025,09:26:00,50349.45,50348.05,240,50352,30,780,999300
BANKNIFTY-II.NFO,20/03/2025,09:26:02,50349.45,50345.95,30,50352,30,0,999300
BANKNIFTY-II.NFO,20/03/2025,09:26:05,50349.45,50349,30,50352,30,0,999300
BANKNIFTY-II.NFO,20/03/2025,09:26:07,50349,50340,780,50346.75,90,30,999300
BANKNIFTY-II.NFO,20/03/2025,09:26:09,50349,50340,780,50345.9,120,0,999300
BANKNIFTY-II.NFO,20/03/2025,09:26:10,50340,50340,720,50342,30,120,999300
BANKNIFTY-II.NFO,20/03/2025,09:26:12,50336,50335.75,30,50337.3,60,780,999300
BANKNIFTY-II.NFO,20/03/2025,09:26:14,50332,50332,210,50332.05,30,720,999300
BANKNIFTY-II.NFO,20/03/2025,09:26:15,50330,50330,30,50331.2,90,270,999300
BANKNIFTY-II.NFO,20/03/2025,09:26:17,50330,50330,30,50333.9,30,0,999300
BANKNIFTY-II.NFO,20/03/2025,09:26:19,50330,50330,30,50333.7,30,0,999300
BANKNIFTY-II.NFO,20/03/2025,09:26:20,50333.7,50333.7,360,50336.35,30,570,999300
BANKNIFTY-II.NFO,20/03/2025,09:26:22,50328,50328,780,50333.25,120,510,999300
BANKNIFTY-II.NFO,20/03/2025,09:26:24,50328,50328,780,50333.9,90,0,999300
BANKNIFTY-II.NFO,20/03/2025,09:26:25,50328,50328,690,50330.25,30,180,999300
BANKNIFTY-II.NFO,20/03/2025,09:26:27,50328,50328,540,50331.25,90,480,999300
BANKNIFTY-II.NFO,20/03/2025,09:26:29,50328,50328,510,50331.25,90,30,999300
BANKNIFTY-II.NFO,20/03/2025,09:26:30,50328,50326,30,50326.6,150,510,999300
BANKNIFTY-II.NFO,20/03/2025,09:26:32,50328,50326,30,50328.65,150,0,999300
BANKNIFTY-II.NFO,20/03/2025,09:26:34,50320,50320,240,50324.45,90,570,999300
BANKNIFTY-II.NFO,20/03/2025,09:26:35,50320,50312,30,50318.85,90,300,999300
BANKNIFTY-II.NFO,20/03/2025,09:26:37,50317.95,50312,30,50318.85,90,30,999300
BANKNIFTY-II.NFO,20/03/2025,09:26:39,50310.1,50310.1,210,50318.7,90,300,999300
BANKNIFTY-II.NFO,20/03/2025,09:26:40,50310.1,50310.1,180,50318.7,90,30,999300
BANKNIFTY-II.NFO,20/03/2025,09:26:42,50310.1,50310.2,270,50318.7,90,0,999300
BANKNIFTY-II.NFO,20/03/2025,09:26:44,50318.7,50310.15,30,50318.7,90,30,999300
BANKNIFTY-II.NFO,20/03/2025,09:26:45,50319.85,50310.2,240,50319.85,90,60,999300
BANKNIFTY-II.NFO,20/03/2025,09:26:47,50319.85,50310.2,240,50319.85,90,0,999300
BANKNIFTY-II.NFO,20/03/2025,09:26:49,50324.7,50312.05,270,50327.1,90,300,999300
BANKNIFTY-II.NFO,20/03/2025,09:26:50,50312.05,50312.05,240,50328,30,30,999300
BANKNIFTY-II.NFO,20/03/2025,09:26:52,50312.05,50312.05,240,50325.6,90,0,999300
BANKNIFTY-II.NFO,20/03/2025,09:26:55,50325.6,50312.05,240,50327.95,60,30,999300
BANKNIFTY-II.NFO,20/03/2025,09:26:57,50325.6,50312.9,240,50319.85,150,0,999300
BANKNIFTY-II.NFO,20/03/2025,09:26:59,50319.85,50312.1,240,50319.85,120,30,999300
BANKNIFTY-II.NFO,20/03/2025,09:27:00,50319.7,50312,30,50318.05,90,60,999300
BANKNIFTY-II.NFO,20/03/2025,09:27:02,50312,50310.15,30,50319.2,300,60,999300
BANKNIFTY-II.NFO,20/03/2025,09:27:04,50310.15,50310.1,30,50318.45,300,30,999300
BANKNIFTY-II.NFO,20/03/2025,09:27:05,50310,50310,750,50310.8,30,270,999300
BANKNIFTY-II.NFO,20/03/2025,09:27:07,50304,50301,90,50305.9,90,840,999300
BANKNIFTY-II.NFO,20/03/2025,09:27:09,50305.3,50301,120,50303.3,60,30,999300
BANKNIFTY-II.NFO,20/03/2025,09:27:10,50305.3,50301,120,50306.1,90,0,999300
BANKNIFTY-II.NFO,20/03/2025,09:27:12,50306.1,50301,120,50306.05,90,30,999300
BANKNIFTY-II.NFO,20/03/2025,09:27:14,50300,50300,1560,50310.15,30,300,999300
BANKNIFTY-II.NFO,20/03/2025,09:27:15,50300,50300.05,270,50309.95,30,0,999300
BANKNIFTY-II.NFO,20/03/2025,09:27:17,50300.05,50300.05,240,50306.4,90,30,999300
BANKNIFTY-II.NFO,20/03/2025,09:27:19,50300.05,50300.05,240,50306.4,90,30,999300
BANKNIFTY-II.NFO,20/03/2025,09:27:20,50300.05,50301.2,240,50307.9,90,0,999300
BANKNIFTY-II.NFO,20/03/2025,09:27:22,50301.5,50303.3,420,50309.9,90,120,999300
BANKNIFTY-II.NFO,20/03/2025,09:27:24,50310.15,50305.6,240,50312,30,30,999300
BANKNIFTY-II.NFO,20/03/2025,09:27:25,50312,50308.9,270,50315,900,30,999300
BANKNIFTY-II.NFO,20/03/2025,09:27:27,50312,50309.8,240,50315,780,150,999300
BANKNIFTY-II.NFO,20/03/2025,09:27:28,50312,50309.4,240,50315,780,0,999300
BANKNIFTY-II.NFO,20/03/2025,09:27:30,50312,50308.3,270,50315,780,0,999300
BANKNIFTY-II.NFO,20/03/2025,09:27:32,50315,50314.45,270,50315,750,30,998640
BANKNIFTY-II.NFO,20/03/2025,09:27:33,50318,50315.95,240,50320,30,780,998640
BANKNIFTY-II.NFO,20/03/2025,09:27:35,50319.7,50314.6,240,50320,30,60,998640
BANKNIFTY-II.NFO,20/03/2025,09:27:37,50319.7,50313.65,270,50320,30,0,998640
BANKNIFTY-II.NFO,20/03/2025,09:27:39,50320,50318.8,270,50328,30,60,998640
BANKNIFTY-II.NFO,20/03/2025,09:27:40,50320.45,50321.15,270,50328,30,150,998640
BANKNIFTY-II.NFO,20/03/2025,09:27:42,50320.45,50324.2,240,50328,30,0,998640
BANKNIFTY-II.NFO,20/03/2025,09:27:44,50320.45,50323.3,210,50328,30,0,998640
BANKNIFTY-II.NFO,20/03/2025,09:27:45,50320.45,50322.7,210,50328,30,0,998640
BANKNIFTY-II.NFO,20/03/2025,09:27:47,50320.45,50326.65,240,50328,30,0,998640
BANKNIFTY-II.NFO,20/03/2025,09:27:49,50327.65,50323.1,210,50335,900,60,998640
BANKNIFTY-II.NFO,20/03/2025,09:27:50,50327.65,50329.75,210,50335,900,0,998640
BANKNIFTY-II.NFO,20/03/2025,09:27:52,50335,50331.55,210,50335,750,150,998640
BANKNIFTY-II.NFO,20/03/2025,09:27:53,50335,50333.25,60,50335,750,0,998640
BANKNIFTY-II.NFO,20/03/2025,09:27:55,50335,50332.2,30,50335,750,0,998640
BANKNIFTY-II.NFO,20/03/2025,09:27:57,50336,50333.85,210,50344,30,780,998640
BANKNIFTY-II.NFO,20/03/2025,09:27:58,50334.85,50335.5,210,50344,30,30,998640
BANKNIFTY-II.NFO,20/03/2025,09:28:00,50339.4,50339.35,30,50344,30,30,998640
BANKNIFTY-II.NFO,20/03/2025,09:28:02,50344,50336,30,50345.9,240,60,998640
BANKNIFTY-II.NFO,20/03/2025,09:28:03,50344,50336,30,50345,900,0,998640
BANKNIFTY-II.NFO,20/03/2025,09:28:07,50344,50336,30,50344.95,240,0,998640
BANKNIFTY-II.NFO,20/03/2025,09:28:08,50344,50336.05,150,50345,900,0,998640
BANKNIFTY-II.NFO,20/03/2025,09:28:10,50344,50343.3,30,50345,900,0,998640
BANKNIFTY-II.NFO,20/03/2025,09:28:12,50344,50344.2,30,50345,900,0,998640
BANKNIFTY-II.NFO,20/03/2025,09:28:13,50345,50342,150,50345,390,510,998640
BANKNIFTY-II.NFO,20/03/2025,09:28:15,50345,50345.15,60,50350,30,390,998640
BANKNIFTY-II.NFO,20/03/2025,09:28:17,50345,50346.15,60,50350,30,0,998640
BANKNIFTY-II.NFO,20/03/2025,09:28:18,50346.95,50348.8,60,50350,30,60,998640
BANKNIFTY-II.NFO,20/03/2025,09:28:20,50350,50348.35,150,50352,30,30,998640
BANKNIFTY-II.NFO,20/03/2025,09:28:22,50350,50351.85,60,50352,30,0,998640
BANKNIFTY-II.NFO,20/03/2025,09:28:23,50352,50352.75,60,50355,960,30,998640
BANKNIFTY-II.NFO,20/03/2025,09:28:25,50355,50354.25,150,50355,810,180,998640
BANKNIFTY-II.NFO,20/03/2025,09:28:27,50352.65,50351.6,30,50355,330,510,998640
BANKNIFTY-II.NFO,20/03/2025,09:28:28,50355,50354.95,600,50355,270,60,998640
BANKNIFTY-II.NFO,20/03/2025,09:28:30,50355,50354.95,600,50355,270,0,998640
BANKNIFTY-II.NFO,20/03/2025,09:28:32,50355,50354.95,570,50355,240,60,998640
BANKNIFTY-II.NFO,20/03/2025,09:28:33,50354.95,50354.95,540,50355,240,30,998640
BANKNIFTY-II.NFO,20/03/2025,09:28:35,50354.95,50354.95,540,50355,240,0,998640
BANKNIFTY-II.NFO,20/03/2025,09:28:37,50354.95,50344,30,50354.95,30,570,998640
BANKNIFTY-II.NFO,20/03/2025,09:28:38,50354.95,50344.75,90,50355,240,0,998640
BANKNIFTY-II.NFO,20/03/2025,09:28:40,50354.95,50344,30,50353.9,30,30,998640
BANKNIFTY-II.NFO,20/03/2025,09:28:42,50354.95,50344.15,60,50354,30,0,998640
BANKNIFTY-II.NFO,20/03/2025,09:28:43,50354.95,50344,30,50354,30,0,998640
BANKNIFTY-II.NFO,20/03/2025,09:28:45,50354.95,50344,30,50353.9,30,0,998640
BANKNIFTY-II.NFO,20/03/2025,09:28:50,50354.95,50344,30,50349.9,30,0,998640
BANKNIFTY-II.NFO,20/03/2025,09:28:52,50346.95,50342,900,50346.45,60,180,998640
BANKNIFTY-II.NFO,20/03/2025,09:28:53,50342,50336,30,50346.35,90,900,998640
BANKNIFTY-II.NFO,20/03/2025,09:28:55,50342,50336,30,50343.95,30,0,998640
BANKNIFTY-II.NFO,20/03/2025,09:28:57,50343.95,50336.05,60,50350.5,60,30,998640
BANKNIFTY-II.NFO,20/03/2025,09:28:58,50343.95,50336,30,50347.95,30,0,998640
BANKNIFTY-II.NFO,20/03/2025,09:29:00,50336,50334,900,50340.4,90,90,998640
BANKNIFTY-II.NFO,20/03/2025,09:29:02,50336,50334,900,50340.4,120,0,998640
BANKNIFTY-II.NFO,20/03/2025,09:29:05,50336,50334,900,50340.4,90,0,998640
BANKNIFTY-II.NFO,20/03/2025,09:29:07,50336,50340.4,900,50344,30,0,998640
BANKNIFTY-II.NFO,20/03/2025,09:29:12,50340.4,50340.4,870,50344,30,30,998640
BANKNIFTY-II.NFO,20/03/2025,09:29:13,50344,50347.65,240,50352,30,30,998640
BANKNIFTY-II.NFO,20/03/2025,09:29:15,50355,50349.75,270,50355,120,150,998640
BANKNIFTY-II.NFO,20/03/2025,09:29:17,50350,50348.85,270,50355,120,900,998640
BANKNIFTY-II.NFO,20/03/2025,09:29:18,50350,50347.65,240,50354.95,90,0,998640
BANKNIFTY-II.NFO,20/03/2025,09:29:20,50350,50347,270,50354.95,90,0,998640
BANKNIFTY-II.NFO,20/03/2025,09:29:22,50358.95,50347.05,240,50356.9,30,150,998640
BANKNIFTY-II.NFO,20/03/2025,09:29:23,50358.95,50346.25,240,50355.05,120,0,998640
BANKNIFTY-II.NFO,20/03/2025,09:29:25,50358.95,50350,30,50355.05,30,0,998640
BANKNIFTY-II.NFO,20/03/2025,09:29:27,50350.05,50350,30,50355,60,30,998640
BANKNIFTY-II.NFO,20/03/2025,09:29:28,50350.05,50350,30,50355,60,0,998640
BANKNIFTY-II.NFO,20/03/2025,09:29:30,50350.05,50350.05,270,50354.45,90,0,998640
BANKNIFTY-II.NFO,20/03/2025,09:29:32,50350.05,50350.05,270,50355,30,60,998640
BANKNIFTY-II.NFO,20/03/2025,09:29:33,50355.35,50350.05,240,50353.3,60,180,998640
BANKNIFTY-II.NFO,20/03/2025,09:29:35,50355.35,50350.05,240,50354.65,60,0,998640
BANKNIFTY-II.NFO,20/03/2025,09:29:37,50355.35,50350.05,240,50354.4,60,0,998640
BANKNIFTY-II.NFO,20/03/2025,09:29:38,50355,50350.05,240,50355,30,30,998640
BANKNIFTY-II.NFO,20/03/2025,09:29:40,50355,50350.05,240,50354.25,90,0,998640
BANKNIFTY-II.NFO,20/03/2025,09:29:42,50355,50352.65,900,50355,30,0,998640
BANKNIFTY-II.NFO,20/03/2025,09:29:43,50355,50350.05,240,50355,30,0,998640
BANKNIFTY-II.NFO,20/03/2025,09:29:47,50355,50350.05,240,50355,270,0,998640
BANKNIFTY-II.NFO,20/03/2025,09:29:48,50355,50351.5,210,50355,300,0,998640
BANKNIFTY-II.NFO,20/03/2025,09:29:50,50351.9,50352.8,210,50355,300,30,998640
BANKNIFTY-II.NFO,20/03/2025,09:29:52,50352,50350.05,240,50355,300,30,998640
BANKNIFTY-II.NFO,20/03/2025,09:29:53,50355,50355,360,50359,90,540,998640
BANKNIFTY-II.NFO,20/03/2025,09:29:55,50355,50355,360,50359,90,0,998640
BANKNIFTY-II.NFO,20/03/2025,09:29:57,50355,50355,360,50359,30,0,998640
BANKNIFTY-II.NFO,20/03/2025,09:30:00,50355,50355,330,50359,30,30,998640
BANKNIFTY-II.NFO,20/03/2025,09:30:02,50355,50355,330,50359,30,30,998640
BANKNIFTY-II.NFO,20/03/2025,09:30:03,50355,50355,330,50356.9,90,0,998640
BANKNIFTY-II.NFO,20/03/2025,09:30:05,50355,50355,330,50359,30,0,998640
BANKNIFTY-II.NFO,20/03/2025,09:30:07,50355,50355,360,50359,30,0,998640
BANKNIFTY-II.NFO,20/03/2025,09:30:08,50355,50355.25,210,50359,30,0,998640
BANKNIFTY-II.NFO,20/03/2025,09:30:10,50355,50355.05,210,50359,30,0,998640
BANKNIFTY-II.NFO,20/03/2025,09:30:12,50355,50355,360,50359,30,0,998640
BANKNIFTY-II.NFO,20/03/2025,09:30:13,50355,50355,360,50356.6,90,0,998640
BANKNIFTY-II.NFO,20/03/2025,09:30:15,50355,50355,330,50359,30,30,998640
BANKNIFTY-II.NFO,20/03/2025,09:30:17,50355,50355,300,50358.1,90,30,998640
BANKNIFTY-II.NFO,20/03/2025,09:30:18,50355,50355,300,50356.95,90,0,998640
BANKNIFTY-II.NFO,20/03/2025,09:30:20,50355,50355,330,50359,30,0,998640
BANKNIFTY-II.NFO,20/03/2025,09:30:22,50355,50355,270,50357.2,270,90,998640
BANKNIFTY-II.NFO,20/03/2025,09:30:23,50350.05,50350.05,60,50350.8,270,450,998640
BANKNIFTY-II.NFO,20/03/2025,09:30:25,50348,50344,30,50349.5,270,180,998640
BANKNIFTY-II.NFO,20/03/2025,09:30:27,50348,50344,30,50350.45,240,0,998640
BANKNIFTY-II.NFO,20/03/2025,09:30:30,50348,50344,30,50348,30,30,998640
BANKNIFTY-II.NFO,20/03/2025,09:30:32,50344,50340.4,870,50348,30,30,999120
BANKNIFTY-II.NFO,20/03/2025,09:30:33,50344,50340.4,870,50347.9,90,0,999120
BANKNIFTY-II.NFO,20/03/2025,09:30:35,50344,50340.4,870,50348,30,0,999120
BANKNIFTY-II.NFO,20/03/2025,09:30:36,50348,50348,30,50350,30,30,999120
BANKNIFTY-II.NFO,20/03/2025,09:30:38,50350,50348,30,50352,30,30,999120
BANKNIFTY-II.NFO,20/03/2025,09:30:40,50348,50340.45,240,50351.5,90,30,999120
BANKNIFTY-II.NFO,20/03/2025,09:30:41,50348,50340.45,240,50351.5,90,0,999120
BANKNIFTY-II.NFO,20/03/2025,09:30:43,50348,50340.65,240,50351.5,90,0,999120
BANKNIFTY-II.NFO,20/03/2025,09:30:45,50348,50340.45,210,50351.5,90,0,999120
BANKNIFTY-II.NFO,20/03/2025,09:30:46,50349.9,50340.4,870,50349.9,90,60,999120
BANKNIFTY-II.NFO,20/03/2025,09:30:48,50349.9,50340.4,870,50349.9,90,0,999120
BANKNIFTY-II.NFO,20/03/2025,09:30:50,50349.9,50340.55,270,50349.9,90,0,999120
BANKNIFTY-II.NFO,20/03/2025,09:30:51,50349.9,50342.15,240,50349.9,90,0,999120
BANKNIFTY-II.NFO,20/03/2025,09:30:53,50349.9,50340.45,210,50349.9,90,0,999120
BANKNIFTY-II.NFO,20/03/2025,09:30:55,50349.9,50340.4,870,50349.9,90,0,999120
BANKNIFTY-II.NFO,20/03/2025,09:30:56,50340.4,50341.65,210,50352,30,30,999120
BANKNIFTY-II.NFO,20/03/2025,09:30:58,50340.4,50340.45,240,50352,30,0,999120
BANKNIFTY-II.NFO,20/03/2025,09:31:00,50340.4,50345,900,50352,30,0,999120
BANKNIFTY-II.NFO,20/03/2025,09:31:01,50340.4,50345,900,50350,900,0,999120
BANKNIFTY-II.NFO,20/03/2025,09:31:06,50345.05,50345,900,50349,900,30,999120
BANKNIFTY-II.NFO,20/03/2025,09:31:08,50345.05,50345,900,50349,900,0,999120
BANKNIFTY-II.NFO,20/03/2025,09:31:16,50345.05,50345,960,50349,900,0,999120
BANKNIFTY-II.NFO,20/03/2025,09:31:19,50349,50345,990,50349,660,240,999120
BANKNIFTY-II.NFO,20/03/2025,09:31:21,50349,50345,990,50349,660,0,999120
BANKNIFTY-II.NFO,20/03/2025,09:31:26,50349,50345.05,60,50349,630,30,999120
BANKNIFTY-II.NFO,20/03/2025,09:31:28,50349,50345.05,60,50349,630,0,999120
BANKNIFTY-II.NFO,20/03/2025,09:31:31,50349,50345.05,60,50349,600,30,999120
BANKNIFTY-II.NFO,20/03/2025,09:31:33,50349,50345.05,60,50349,600,0,999120
BANKNIFTY-II.NFO,20/03/2025,09:31:34,50349,50345.05,60,50348.95,240,30,999120
BANKNIFTY-II.NFO,20/03/2025,09:31:36,50345.05,50345.05,30,50349,570,30,999120
BANKNIFTY-II.NFO,20/03/2025,09:31:38,50349,50345.05,30,50349,540,30,999120
BANKNIFTY-II.NFO,20/03/2025,09:31:39,50349,50345.05,30,50349,690,0,999120
BANKNIFTY-II.NFO,20/03/2025,09:31:41,50349,50345.05,30,50349,720,0,999120
BANKNIFTY-II.NFO,20/03/2025,09:31:47,50349,50345.05,30,50348,30,0,999120
BANKNIFTY-II.NFO,20/03/2025,09:31:49,50348,50348,870,50349,720,30,999120
BANKNIFTY-II.NFO,20/03/2025,09:31:51,50348,50348,870,50349,720,0,999120
BANKNIFTY-II.NFO,20/03/2025,09:31:59,50348.05,50348.05,270,50350,900,750,999120
BANKNIFTY-II.NFO,20/03/2025,09:32:01,50350,50348.05,240,50349,30,30,999120
BANKNIFTY-II.NFO,20/03/2025,09:32:02,50349,50348.05,150,50350,870,30,999120
BANKNIFTY-II.NFO,20/03/2025,09:32:04,50349,50348,870,50350,870,0,999120
BANKNIFTY-II.NFO,20/03/2025,09:32:11,50349,50348,900,50350,870,0,999120
BANKNIFTY-II.NFO,20/03/2025,09:32:16,50350,50348,900,50350,840,30,999120
BANKNIFTY-II.NFO,20/03/2025,09:32:17,50350,50348,900,50349.95,240,0,999120
BANKNIFTY-II.NFO,20/03/2025,09:32:19,50345,50340.4,840,50343.4,60,1890,999120
BANKNIFTY-II.NFO,20/03/2025,09:32:20,50345,50340.4,840,50343.3,90,0,999120
BANKNIFTY-II.NFO,20/03/2025,09:32:22,50340.4,50340.4,390,50341.1,150,450,999120
BANKNIFTY-II.NFO,20/03/2025,09:32:24,50340,50336,30,50341.45,60,540,999120
BANKNIFTY-II.NFO,20/03/2025,09:32:25,50340,50340.7,30,50346.35,30,0,999120
BANKNIFTY-II.NFO,20/03/2025,09:32:27,50340,50340.7,30,50344,60,0,999120
BANKNIFTY-II.NFO,20/03/2025,09:32:29,50340.7,50336,30,50342.3,60,30,999120
BANKNIFTY-II.NFO,20/03/2025,09:32:30,50340.7,50336,30,50342.25,60,0,999120
BANKNIFTY-II.NFO,20/03/2025,09:32:32,50340.7,50336,30,50345.95,30,0,999120
BANKNIFTY-II.NFO,20/03/2025,09:32:33,50340.7,50336,30,50343.45,30,0,999120
BANKNIFTY-II.NFO,20/03/2025,09:32:35,50336,50334,900,50344,30,30,999120
BANKNIFTY-II.NFO,20/03/2025,09:32:37,50340.7,50334,900,50340.5,30,30,999120
BANKNIFTY-II.NFO,20/03/2025,09:32:38,50339.95,50334,900,50341.65,60,30,999120
BANKNIFTY-II.NFO,20/03/2025,09:32:40,50332,50330,60,50330.45,150,930,999120
BANKNIFTY-II.NFO,20/03/2025,09:32:42,50325.6,50324,30,50324.1,30,120,999120
BANKNIFTY-II.NFO,20/03/2025,09:32:43,50330.95,50324,30,50333.2,150,150,999120
BANKNIFTY-II.NFO,20/03/2025,09:32:45,50331.05,50324,30,50330.55,150,120,999120
BANKNIFTY-II.NFO,20/03/2025,09:32:47,50331.05,50324,30,50331.65,210,0,999120
BANKNIFTY-II.NFO,20/03/2025,09:32:48,50331.05,50324,30,50330.8,150,0,999120
BANKNIFTY-II.NFO,20/03/2025,09:32:50,50331.05,50325,240,50331.05,120,0,999120
BANKNIFTY-II.NFO,20/03/2025,09:32:53,50331.05,50330.65,30,50331.05,120,0,999120
BANKNIFTY-II.NFO,20/03/2025,09:32:56,50330.65,50325.6,30,50330,90,30,999120
BANKNIFTY-II.NFO,20/03/2025,09:32:58,50330.65,50325.6,30,50330,90,0,999120
BANKNIFTY-II.NFO,20/03/2025,09:33:00,50325,50325,180,50332.05,150,120,999120
BANKNIFTY-II.NFO,20/03/2025,09:33:01,50325,50325,60,50328.5,300,150,999120
BANKNIFTY-II.NFO,20/03/2025,09:33:03,50325,50325,60,50330,30,0,999120
BANKNIFTY-II.NFO,20/03/2025,09:33:06,50325,50325,60,50329.9,90,0,999120
BANKNIFTY-II.NFO,20/03/2025,09:33:08,50325,50325.05,240,50330,30,0,999120
BANKNIFTY-II.NFO,20/03/2025,09:33:10,50330,50330.05,240,50335.9,90,30,999120
BANKNIFTY-II.NFO,20/03/2025,09:33:11,50330,50330,30,50335.9,90,0,999120
BANKNIFTY-II.NFO,20/03/2025,09:33:13,50325.25,50325.45,240,50335.9,90,30,999120
BANKNIFTY-II.NFO,20/03/2025,09:33:15,50325.25,50325.05,240,50335.9,90,0,999120
BANKNIFTY-II.NFO,20/03/2025,09:33:16,50325.25,50325,60,50331.9,90,0,999120
BANKNIFTY-II.NFO,20/03/2025,09:33:18,50325.25,50325.3,240,50330,60,0,999120
BANKNIFTY-II.NFO,20/03/2025,09:33:19,50330,50325.55,240,50335.95,90,60,999120
BANKNIFTY-II.NFO,20/03/2025,09:33:21,50330,50325.3,240,50335.95,90,0,999120
BANKNIFTY-II.NFO,20/03/2025,09:33:22,50330,50330,30,50330.65,30,0,999120
BANKNIFTY-II.NFO,20/03/2025,09:33:26,50330.65,50330,30,50336,30,30,999120
BANKNIFTY-II.NFO,20/03/2025,09:33:27,50330.65,50330,30,50335.9,90,0,999120
BANKNIFTY-II.NFO,20/03/2025,09:33:29,50330.65,50330,30,50335.85,30,0,999120
BANKNIFTY-II.NFO,20/03/2025,09:33:30,50330,50325.25,30,50332.5,90,30,999120
BANKNIFTY-II.NFO,20/03/2025,09:33:32,50325.25,50325,60,50331.65,30,30,999720
BANKNIFTY-II.NFO,20/03/2025,09:33:34,50325,50324,30,50330.25,60,60,999720
BANKNIFTY-II.NFO,20/03/2025,09:33:35,50324,50320,930,50326.85,30,30,999720
BANKNIFTY-II.NFO,20/03/2025,09:33:37,50326.85,50320,930,50327.9,30,30,999720
BANKNIFTY-II.NFO,20/03/2025,09:33:39,50326.85,50320,930,50329.9,60,0,999720
BANKNIFTY-II.NFO,20/03/2025,09:33:40,50326.85,50320,930,50324,30,0,999720
BANKNIFTY-II.NFO,20/03/2025,09:33:44,50322.2,50320,870,50321.8,150,360,999720
BANKNIFTY-II.NFO,20/03/2025,09:33:45,50322.2,50320,870,50321.8,150,0,999720
BANKNIFTY-II.NFO,20/03/2025,09:33:47,50320,50320,570,50320.85,210,300,999720
BANKNIFTY-II.NFO,20/03/2025,09:33:49,50320,50320,270,50321.65,60,300,999720
BANKNIFTY-II.NFO,20/03/2025,09:33:50,50320,50316,30,50318.7,60,270,999720
BANKNIFTY-II.NFO,20/03/2025,09:33:52,50316,50312,30,50315.4,30,30,999720
BANKNIFTY-II.NFO,20/03/2025,09:33:54,50316,50312,30,50316.5,90,0,999720
BANKNIFTY-II.NFO,20/03/2025,09:33:57,50316,50312,30,50315.7,150,0,999720
BANKNIFTY-II.NFO,20/03/2025,09:33:59,50305.1,50305.1,60,50309.25,150,180,999720
BANKNIFTY-II.NFO,20/03/2025,09:34:00,50304,50300.55,30,50305.2,90,90,999720
BANKNIFTY-II.NFO,20/03/2025,09:34:02,50305.2,50300,1620,50305.2,90,60,999720
BANKNIFTY-II.NFO,20/03/2025,09:34:04,50305.2,50300,1620,50305.2,90,0,999720
BANKNIFTY-II.NFO,20/03/2025,09:34:05,50300,50300,1590,50304.4,90,30,999720
BANKNIFTY-II.NFO,20/03/2025,09:34:07,50300,50300,1590,50304.4,90,0,999720
BANKNIFTY-II.NFO,20/03/2025,09:34:09,50300,50300,1560,50304.4,90,30,999720
BANKNIFTY-II.NFO,20/03/2025,09:34:10,50300,50300,1560,50304.4,90,0,999720
BANKNIFTY-II.NFO,20/03/2025,09:34:12,50300,50300,1590,50304.4,90,0,999720
BANKNIFTY-II.NFO,20/03/2025,09:34:14,50300.05,50300.05,180,50304.4,90,60,999720
BANKNIFTY-II.NFO,20/03/2025,09:34:16,50300.05,50300.05,240,50304.4,90,90,999720
BANKNIFTY-II.NFO,20/03/2025,09:34:17,50300.05,50300,1560,50304.4,90,60,999720
BANKNIFTY-II.NFO,20/03/2025,09:34:19,50300.05,50300,1560,50304.4,90,30,999720
BANKNIFTY-II.NFO,20/03/2025,09:34:21,50300.05,50300.05,240,50304.4,90,0,999720
BANKNIFTY-II.NFO,20/03/2025,09:34:22,50300.05,50301.15,240,50311.55,90,0,999720
BANKNIFTY-II.NFO,20/03/2025,09:34:24,50300.05,50300.3,240,50306.85,90,0,999720
BANKNIFTY-II.NFO,20/03/2025,09:34:25,50306.85,50300.3,240,50306.85,90,30,999720
BANKNIFTY-II.NFO,20/03/2025,09:34:27,50305,50300.3,240,50306.85,90,30,999720
BANKNIFTY-II.NFO,20/03/2025,09:34:29,50300.3,50300.25,240,50305.1,30,150,999720
BANKNIFTY-II.NFO,20/03/2025,09:34:30,50300.3,50300.2,30,50304.15,90,0,999720
BANKNIFTY-II.NFO,20/03/2025,09:34:32,50305.05,50300.05,60,50304.4,30,180,999720
BANKNIFTY-II.NFO,20/03/2025,09:34:34,50305.05,50300.05,60,50305.1,30,0,999720
BANKNIFTY-II.NFO,20/03/2025,09:34:35,50305.05,50300.1,240,50305.1,30,0,999720
BANKNIFTY-II.NFO,20/03/2025,09:34:37,50305.1,50305,60,50309.6,90,30,999720
BANKNIFTY-II.NFO,20/03/2025,09:34:38,50309.6,50305,60,50312,30,60,999720
BANKNIFTY-II.NFO,20/03/2025,09:34:40,50309.1,50305.1,30,50311,30,30,999720
BANKNIFTY-II.NFO,20/03/2025,09:34:42,50305.1,50305,60,50310.8,30,30,999720
BANKNIFTY-II.NFO,20/03/2025,09:34:43,50305.1,50305.05,240,50310.15,90,0,999720
BANKNIFTY-II.NFO,20/03/2025,09:34:47,50310.15,50305.05,240,50312,30,30,999720
BANKNIFTY-II.NFO,20/03/2025,09:34:48,50305.05,50305.05,180,50312,30,60,999720
BANKNIFTY-II.NFO,20/03/2025,09:34:50,50305.05,50305.05,270,50312,30,0,999720
BANKNIFTY-II.NFO,20/03/2025,09:34:52,50312,50308.3,240,50316,120,30,999720
BANKNIFTY-II.NFO,20/03/2025,09:34:53,50316,50312.55,270,50320,30,90,999720
BANKNIFTY-II.NFO,20/03/2025,09:34:55,50316,50314.15,240,50320,30,0,999720
BANKNIFTY-II.NFO,20/03/2025,09:34:56,50320,50320,30,50324,30,30,999720
BANKNIFTY-II.NFO,20/03/2025,09:34:58,50320,50320,30,50324,30,0,999720
BANKNIFTY-II.NFO,20/03/2025,09:35:00,50329.95,50320.8,240,50331.9,90,90,999720
BANKNIFTY-II.NFO,20/03/2025,09:35:01,50329.95,50322.4,240,50331.9,90,0,999720
BANKNIFTY-II.NFO,20/03/2025,09:35:03,50329.95,50320.5,240,50331.9,90,0,999720
BANKNIFTY-II.NFO,20/03/2025,09:35:04,50329.95,50320.45,270,50331.9,90,0,999720
BANKNIFTY-II.NFO,20/03/2025,09:35:06,50329.95,50321.95,270,50331.9,90,0,999720
BANKNIFTY-II.NFO,20/03/2025,09:35:08,50329.95,50324.7,270,50331.9,90,0,999720
BANKNIFTY-II.NFO,20/03/2025,09:35:09,50332,50324,30,50335.65,180,150,999720
BANKNIFTY-II.NFO,20/03/2025,09:35:11,50320.35,50320,30,50331.9,150,60,999720
BANKNIFTY-II.NFO,20/03/2025,09:35:13,50320,50316,30,50327.7,120,90,999720
BANKNIFTY-II.NFO,20/03/2025,09:35:14,50326.8,50316,30,50325.8,60,60,999720
BANKNIFTY-II.NFO,20/03/2025,09:35:16,50325.9,50316,30,50327.95,150,30,999720
BANKNIFTY-II.NFO,20/03/2025,09:35:18,50325.9,50316,30,50327.95,210,0,999720
BANKNIFTY-II.NFO,20/03/2025,09:35:19,50325.9,50316,30,50327.7,180,0,999720
BANKNIFTY-II.NFO,20/03/2025,09:35:21,50325.9,50316,30,50325.8,90,0,999720
BANKNIFTY-II.NFO,20/03/2025,09:35:22,50316,50312,30,50319.95,180,30,999720
BANKNIFTY-II.NFO,20/03/2025,09:35:24,50312,50310,60,50318.35,60,30,999720
BANKNIFTY-II.NFO,20/03/2025,09:35:26,50318.3,50310,60,50319.95,60,30,999720
BANKNIFTY-II.NFO,20/03/2025,09:35:27,50318.3,50310,60,50319.8,60,0,999720
BANKNIFTY-II.NFO,20/03/2025,09:35:29,50318.3,50315.9,30,50319.95,90,0,999720
BANKNIFTY-II.NFO,20/03/2025,09:35:31,50318.3,50315.9,30,50319.95,60,0,999720
BANKNIFTY-II.NFO,20/03/2025,09:35:32,50319.95,50315.9,30,50320,930,30,999720
BANKNIFTY-II.NFO,20/03/2025,09:35:34,50315.9,50310,60,50315,30,30,999720
BANKNIFTY-II.NFO,20/03/2025,09:35:36,50315.9,50310,150,50315,30,0,999720
BANKNIFTY-II.NFO,20/03/2025,09:35:46,50320,50310,150,50320,810,150,999720
BANKNIFTY-II.NFO,20/03/2025,09:35:47,50320,50310,150,50319.95,120,0,999720
BANKNIFTY-II.NFO,20/03/2025,09:35:49,50320,50310,150,50318.55,120,0,999720
BANKNIFTY-II.NFO,20/03/2025,09:35:51,50320,50310,150,50317.45,120,0,999720
BANKNIFTY-II.NFO,20/03/2025,09:35:52,50319,50310,150,50319.95,150,30,999720
BANKNIFTY-II.NFO,20/03/2025,09:35:54,50319,50310,150,50318.9,120,0,999720
BANKNIFTY-II.NFO,20/03/2025,09:35:56,50319,50310,150,50319.95,120,0,999720
BANKNIFTY-II.NFO,20/03/2025,09:35:57,50319,50310,150,50318.4,30,0,999720
BANKNIFTY-II.NFO,20/03/2025,09:35:59,50318.7,50310,150,50319.8,90,30,999720
BANKNIFTY-II.NFO,20/03/2025,09:36:01,50318.7,50310,150,50319.15,90,0,999720
BANKNIFTY-II.NFO,20/03/2025,09:36:02,50318.7,50310,150,50316.65,30,0,999720
BANKNIFTY-II.NFO,20/03/2025,09:36:04,50318.7,50310,150,50317.2,90,0,999720
BANKNIFTY-II.NFO,20/03/2025,09:36:06,50318.7,50310,150,50312.7,30,0,999720
BANKNIFTY-II.NFO,20/03/2025,09:36:07,50318.7,50310,150,50313.2,90,0,999720
BANKNIFTY-II.NFO,20/03/2025,09:36:09,50318.7,50310,150,50314.7,120,0,999720
BANKNIFTY-II.NFO,20/03/2025,09:36:11,50313.8,50310,150,50315.05,90,30,999720
BANKNIFTY-II.NFO,20/03/2025,09:36:12,50313.8,50310,150,50313.65,150,0,999720
BANKNIFTY-II.NFO,20/03/2025,09:36:14,50310,50310,90,50310.7,90,60,999720
BANKNIFTY-II.NFO,20/03/2025,09:36:16,50308,50305,30,50313.9,90,120,999720
BANKNIFTY-II.NFO,20/03/2025,09:36:18,50308,50305,30,50315.95,90,0,999720
BANKNIFTY-II.NFO,20/03/2025,09:36:19,50308,50305.35,240,50316,30,0,999720
BANKNIFTY-II.NFO,20/03/2025,09:36:21,50308,50305,30,50314,30,0,999720
BANKNIFTY-II.NFO,20/03/2025,09:36:23,50308,50305,30,50314.6,60,0,999720
BANKNIFTY-II.NFO,20/03/2025,09:36:24,50308,50305.05,240,50315.75,60,0,999720
BANKNIFTY-II.NFO,20/03/2025,09:36:26,50308,50305.95,240,50316,30,0,999720
BANKNIFTY-II.NFO,20/03/2025,09:36:28,50308,50306.95,270,50316,30,0,999720
BANKNIFTY-II.NFO,20/03/2025,09:36:29,50308,50305.95,240,50316,30,0,999720
BANKNIFTY-II.NFO,20/03/2025,09:36:31,50308,50308,30,50316,30,0,999720
BANKNIFTY-II.NFO,20/03/2025,09:36:33,50308,50308,60,50316,30,0,999720
BANKNIFTY-II.NFO,20/03/2025,09:36:36,50308,50308.05,240,50316,30,0,999720
BANKNIFTY-II.NFO,20/03/2025,09:36:37,50308,50308,60,50316,30,0,999720
BANKNIFTY-II.NFO,20/03/2025,09:36:39,50308,50308,60,50310.7,30,0,999720
BANKNIFTY-II.NFO,20/03/2025,09:36:41,50308,50305,30,50308.7,30,60,1000800
BANKNIFTY-II.NFO,20/03/2025,09:36:42,50308,50305,30,50310.7,30,0,1000800
BANKNIFTY-II.NFO,20/03/2025,09:36:44,50308,50305,30,50309.4,90,0,1000800
BANKNIFTY-II.NFO,20/03/2025,09:36:46,50308,50305,30,50309.9,90,0,1000800
BANKNIFTY-II.NFO,20/03/2025,09:36:47,50308,50305,30,50308.85,30,0,1000800
BANKNIFTY-II.NFO,20/03/2025,09:36:49,50308.6,50305,30,50308,60,30,1000800
BANKNIFTY-II.NFO,20/03/2025,09:36:51,50308.6,50305,30,50309.85,120,0,1000800
BANKNIFTY-II.NFO,20/03/2025,09:36:52,50304,50301.05,30,50303.2,30,60,1000800
BANKNIFTY-II.NFO,20/03/2025,09:36:54,50304,50301.05,30,50303.35,60,0,1000800
BANKNIFTY-II.NFO,20/03/2025,09:36:56,50304,50301.05,30,50301.6,60,0,1000800
BANKNIFTY-II.NFO,20/03/2025,09:36:57,50300,50300,1620,50300.8,60,180,1000800
BANKNIFTY-II.NFO,20/03/2025,09:36:59,50296,50292,60,50297.5,300,1710,1000800
BANKNIFTY-II.NFO,20/03/2025,09:37:01,50292,50290,30,50293.2,150,60,1000800
BANKNIFTY-II.NFO,20/03/2025,09:37:02,50292,50290,30,50293.65,300,0,1000800
BANKNIFTY-II.NFO,20/03/2025,09:37:04,50288,50284,30,50291.2,90,60,1000800
BANKNIFTY-II.NFO,20/03/2025,09:37:06,50288,50284,30,50290.75,90,0,1000800
BANKNIFTY-II.NFO,20/03/2025,09:37:09,50284,50281.75,270,50290.75,90,30,1000800
BANKNIFTY-II.NFO,20/03/2025,09:37:11,50284,50280.7,240,50290.75,90,0,1000800
BANKNIFTY-II.NFO,20/03/2025,09:37:12,50284,50282.45,270,50290.75,90,0,1000800
BANKNIFTY-II.NFO,20/03/2025,09:37:14,50284,50281.55,240,50290.75,90,0,1000800
BANKNIFTY-II.NFO,20/03/2025,09:37:15,50287.75,50280.2,240,50287.75,90,30,1000800
BANKNIFTY-II.NFO,20/03/2025,09:37:17,50287.75,50280.2,240,50291.95,30,0,1000800
BANKNIFTY-II.NFO,20/03/2025,09:37:19,50287.75,50280.8,270,50292,30,0,1000800
BANKNIFTY-II.NFO,20/03/2025,09:37:20,50292,50293,30,50293.45,30,30,1000800
BANKNIFTY-II.NFO,20/03/2025,09:37:22,50293.45,50293,30,50296,30,30,1000800
BANKNIFTY-II.NFO,20/03/2025,09:37:24,50293.45,50293.05,240,50296,30,0,1000800
BANKNIFTY-II.NFO,20/03/2025,09:37:25,50296,50293.05,240,50297.9,30,30,1000800
BANKNIFTY-II.NFO,20/03/2025,09:37:27,50297.9,50293.05,240,50300,90,30,1000800
BANKNIFTY-II.NFO,20/03/2025,09:37:28,50297.9,50293.1,240,50300,90,0,1000800
BANKNIFTY-II.NFO,20/03/2025,09:37:32,50297.9,50294.25,240,50300,90,0,1000800
BANKNIFTY-II.NFO,20/03/2025,09:37:33,50297.9,50294.7,240,50300,480,0,1000800
BANKNIFTY-II.NFO,20/03/2025,09:37:35,50297.9,50293.05,270,50300,480,0,1000800
BANKNIFTY-II.NFO,20/03/2025,09:37:37,50297.9,50293.05,240,50300,420,0,1000800
BANKNIFTY-II.NFO,20/03/2025,09:37:38,50297.9,50293,30,50300,420,0,1000800
BANKNIFTY-II.NFO,20/03/2025,09:37:42,50293.6,50293.05,240,50300,420,30,1000800
BANKNIFTY-II.NFO,20/03/2025,09:37:43,50293.6,50293,30,50300,480,0,1000800
BANKNIFTY-II.NFO,20/03/2025,09:37:50,50300,50292,330,50299.95,30,90,1000800
BANKNIFTY-II.NFO,20/03/2025,09:37:52,50300,50292,330,50300,450,0,1000800
BANKNIFTY-II.NFO,20/03/2025,09:37:55,50300,50292,330,50298.8,30,0,1000800
BANKNIFTY-II.NFO,20/03/2025,09:37:57,50299.95,50292,330,50300,450,30,1000800
BANKNIFTY-II.NFO,20/03/2025,09:37:58,50299.95,50292,330,50299.15,90,0,1000800
BANKNIFTY-II.NFO,20/03/2025,09:38:00,50294.75,50292,330,50296.45,30,30,1000800
BANKNIFTY-II.NFO,20/03/2025,09:38:02,50292,50292,90,50292.45,180,240,1000800
BANKNIFTY-II.NFO,20/03/2025,09:38:03,50290,50289.1,90,50291.5,150,120,1000800
BANKNIFTY-II.NFO,20/03/2025,09:38:05,50288,50284,30,50288.3,150,120,1000800
BANKNIFTY-II.NFO,20/03/2025,09:38:07,50288,50284,30,50287.65,300,0,1000800
BANKNIFTY-II.NFO,20/03/2025,09:38:08,50284,50280,270,50285.9,150,30,1000800
BANKNIFTY-II.NFO,20/03/2025,09:38:10,50284,50280,270,50286.95,90,0,1000800
BANKNIFTY-II.NFO,20/03/2025,09:38:18,50284,50280,270,50287.45,30,0,1000800
BANKNIFTY-II.NFO,20/03/2025,09:38:27,50284,50280,270,50284,30,0,1000800
BANKNIFTY-II.NFO,20/03/2025,09:38:29,50284,50280,270,50284,120,0,1000800
BANKNIFTY-II.NFO,20/03/2025,09:38:30,50284,50280,270,50282.6,90,0,1000800
BANKNIFTY-II.NFO,20/03/2025,09:38:32,50284,50280,270,50283.45,150,0,1000800
BANKNIFTY-II.NFO,20/03/2025,09:38:34,50284,50280,240,50284,30,0,1000800
BANKNIFTY-II.NFO,20/03/2025,09:38:35,50284,50280,240,50286.6,90,30,1000800
BANKNIFTY-II.NFO,20/03/2025,09:38:37,50286.6,50280,240,50286.6,90,30,1000800
BANKNIFTY-II.NFO,20/03/2025,09:38:39,50286.6,50280,240,50286.6,90,0,1000800
BANKNIFTY-II.NFO,20/03/2025,09:38:40,50286.6,50280,240,50285.55,30,30,1000800
BANKNIFTY-II.NFO,20/03/2025,09:38:42,50286.6,50280,240,50283.65,90,0,1000800
BANKNIFTY-II.NFO,20/03/2025,09:38:44,50286.6,50280,240,50283.95,90,0,1000800
BANKNIFTY-II.NFO,20/03/2025,09:38:45,50283.95,50280,240,50283.25,150,180,1000800
BANKNIFTY-II.NFO,20/03/2025,09:38:47,50283.95,50280,240,50285.15,30,0,1000800
BANKNIFTY-II.NFO,20/03/2025,09:38:49,50283.95,50280,240,50283.5,30,0,1000800
BANKNIFTY-II.NFO,20/03/2025,09:38:50,50280,50276,30,50282.05,30,240,1000800
BANKNIFTY-II.NFO,20/03/2025,09:38:52,50280,50276,30,50279.2,150,0,1000800
BANKNIFTY-II.NFO,20/03/2025,09:38:54,50275.9,50275,90,50279.4,90,60,1000800
BANKNIFTY-II.NFO,20/03/2025,09:38:55,50271,50268,30,50271.55,150,180,1000800
BANKNIFTY-II.NFO,20/03/2025,09:38:57,50264,50262,30,50264.8,30,210,1000800
BANKNIFTY-II.NFO,20/03/2025,09:38:57,50264,50262,30,50264.8,30,0,1000800
BANKNIFTY-II.NFO,20/03/2025,09:38:59,50260,50256,60,50266.8,120,60,1000800
BANKNIFTY-II.NFO,20/03/2025,09:38:59,50260,50256,60,50266.8,120,0,1000800
BANKNIFTY-II.NFO,20/03/2025,09:39:00,50260,50256,60,50261.95,180,0,1000800
BANKNIFTY-II.NFO,20/03/2025,09:39:02,50260,50256,60,50257.15,150,0,1000800
BANKNIFTY-II.NFO,20/03/2025,09:39:04,50260,50256,60,50262,60,0,1000800
BANKNIFTY-II.NFO,20/03/2025,09:39:07,50260,50260,30,50262,60,0,1000800
BANKNIFTY-II.NFO,20/03/2025,09:39:09,50260,50256.05,270,50262,60,30,1000800
BANKNIFTY-II.NFO,20/03/2025,09:39:10,50256,50256,30,50256.05,30,60,1000800
BANKNIFTY-II.NFO,20/03/2025,09:39:10,50256,50256,30,50256.05,30,0,1000800
BANKNIFTY-II.NFO,20/03/2025,09:39:12,50250,50250,90,50252.05,30,270,1000800
BANKNIFTY-II.NFO,20/03/2025,09:39:12,50250,50250,90,50252.05,30,0,1000800
BANKNIFTY-II.NFO,20/03/2025,09:39:14,50250,50248,30,50252,30,120,1000800
BANKNIFTY-II.NFO,20/03/2025,09:39:15,50250,50248,30,50252,30,0,1000800
BANKNIFTY-II.NFO,20/03/2025,09:39:17,50249.45,50250,30,50255.9,150,30,1000800
BANKNIFTY-II.NFO,20/03/2025,09:39:17,50249.45,50250,30,50255.9,150,0,1000800
BANKNIFTY-II.NFO,20/03/2025,09:39:19,50250,50248,30,50252.3,150,60,1000800
BANKNIFTY-II.NFO,20/03/2025,09:39:20,50250,50244,30,50248.9,30,90,1000800
BANKNIFTY-II.NFO,20/03/2025,09:39:20,50248,50244,30,50248.9,30,0,1000800
BANKNIFTY-II.NFO,20/03/2025,09:39:22,50250,50244,30,50247.9,60,0,1000800
BANKNIFTY-II.NFO,20/03/2025,09:39:24,50250,50244,30,50247.45,30,0,1000800
BANKNIFTY-II.NFO,20/03/2025,09:39:27,50247.9,50244.35,240,50250,30,120,1000800
BANKNIFTY-II.NFO,20/03/2025,09:39:27,50244.05,50244.35,240,50250,30,0,1000800
BANKNIFTY-II.NFO,20/03/2025,09:39:29,50247.9,50244.05,240,50249.95,30,0,1000800
BANKNIFTY-II.NFO,20/03/2025,09:39:30,50247.9,50244,30,50244.05,30,0,1000800
BANKNIFTY-II.NFO,20/03/2025,09:39:32,50244.05,50244,30,50249.95,30,30,1000800
BANKNIFTY-II.NFO,20/03/2025,09:39:34,50244.05,50244,30,50249.9,30,0,1000800
BANKNIFTY-II.NFO,20/03/2025,09:39:35,50249.95,50244,30,50250,30,30,1002450
BANKNIFTY-II.NFO,20/03/2025,09:39:37,50244,50240,30,50249.95,30,30,1002450
BANKNIFTY-II.NFO,20/03/2025,09:39:37,50244,50240,30,50249.95,30,0,1002450
BANKNIFTY-II.NFO,20/03/2025,09:39:39,50244,50240,30,50249.9,30,0,1002450
BANKNIFTY-II.NFO,20/03/2025,09:39:40,50248.95,50240,30,50247.75,30,240,1002450
BANKNIFTY-II.NFO,20/03/2025,09:39:42,50248.95,50240,30,50247.6,30,0,1002450
BANKNIFTY-II.NFO,20/03/2025,09:39:44,50248.95,50240,30,50247.45,30,0,1002450
BANKNIFTY-II.NFO,20/03/2025,09:39:45,50247.45,50240,30,50247.5,30,30,1002450
BANKNIFTY-II.NFO,20/03/2025,09:39:47,50240,50236.15,240,50247.55,30,60,1002450
BANKNIFTY-II.NFO,20/03/2025,09:39:47,50240,50236.15,240,50247.55,30,0,1002450
BANKNIFTY-II.NFO,20/03/2025,09:39:48,50240,50244,90,50247.55,30,0,1002450
BANKNIFTY-II.NFO,20/03/2025,09:39:52,50244,50244,30,50247.55,30,240,1002450
BANKNIFTY-II.NFO,20/03/2025,09:39:53,50244,50244,30,50247.5,30,0,1002450
BANKNIFTY-II.NFO,20/03/2025,09:39:55,50240,50236,30,50241.7,90,120,1002450
BANKNIFTY-II.NFO,20/03/2025,09:39:57,50240,50232.05,60,50244,30,150,1002450
BANKNIFTY-II.NFO,20/03/2025,09:39:57,50232,50232.05,60,50244,30,0,1002450
BANKNIFTY-II.NFO,20/03/2025,09:39:58,50224.05,50227.85,240,50236,30,900,1002450
BANKNIFTY-II.NFO,20/03/2025,09:39:58,50224.05,50227.85,240,50236,30,0,1002450
BANKNIFTY-II.NFO,20/03/2025,09:40:00,50240,50234.25,240,50240,360,90,1002450
BANKNIFTY-II.NFO,20/03/2025,09:40:02,50240,50234.6,240,50240,60,300,1002450
BANKNIFTY-II.NFO,20/03/2025,09:40:03,50240,50232.35,240,50240,60,0,1002450
BANKNIFTY-II.NFO,20/03/2025,09:40:05,50240,50237.35,240,50244,30,90,1002450
BANKNIFTY-II.NFO,20/03/2025,09:40:07,50240,50236.4,240,50243.95,30,0,1002450
BANKNIFTY-II.NFO,20/03/2025,09:40:08,50240,50242,30,50243.95,30,0,1002450
BANKNIFTY-II.NFO,20/03/2025,09:40:10,50244,50243.2,240,50248,30,60,1002450
BANKNIFTY-II.NFO,20/03/2025,09:40:12,50248,50245,240,50252,30,30,1002450
BANKNIFTY-II.NFO,20/03/2025,09:40:13,50252,50248.55,240,50256,30,30,1002450
BANKNIFTY-II.NFO,20/03/2025,09:40:15,50252,50248.5,240,50256,30,0,1002450
BANKNIFTY-II.NFO,20/03/2025,09:40:17,50252,50246.8,300,50256,30,0,1002450
BANKNIFTY-II.NFO,20/03/2025,09:40:18,50262,50252.05,240,50263.95,30,150,1002450
BANKNIFTY-II.NFO,20/03/2025,09:40:20,50262,50254.05,240,50263.95,30,0,1002450
BANKNIFTY-II.NFO,20/03/2025,09:40:22,50262,50252,60,50263.4,270,0,1002450
BANKNIFTY-II.NFO,20/03/2025,09:40:23,50263.8,50252,60,50263.6,210,60,1002450
BANKNIFTY-II.NFO,20/03/2025,09:40:25,50263.8,50252,60,50260.05,180,0,1002450
BANKNIFTY-II.NFO,20/03/2025,09:40:27,50259.6,50252,60,50259.5,30,150,1002450
BANKNIFTY-II.NFO,20/03/2025,09:40:29,50257.9,50252,60,50255.8,240,60,1002450
BANKNIFTY-II.NFO,20/03/2025,09:40:30,50257.9,50253,30,50253.9,240,0,1002450
BANKNIFTY-II.NFO,20/03/2025,09:40:32,50253,50252,60,50256.5,240,30,1002450
BANKNIFTY-II.NFO,20/03/2025,09:40:34,50252,50252,30,50253.5,270,30,1002450
BANKNIFTY-II.NFO,20/03/2025,09:40:35,50252.75,50248,30,50252.75,210,90,1002450
BANKNIFTY-II.NFO,20/03/2025,09:40:37,50248,50244,30,50245.35,210,30,1002450
BANKNIFTY-II.NFO,20/03/2025,09:40:39,50246.55,50240,90,50249.25,90,90,1002450
BANKNIFTY-II.NFO,20/03/2025,09:40:40,50249.95,50240.85,240,50249.9,90,30,1002450
BANKNIFTY-II.NFO,20/03/2025,09:40:42,50249.95,50241.25,240,50251.95,90,0,1002450
BANKNIFTY-II.NFO,20/03/2025,09:40:44,50240,50246.55,30,50252,30,30,1002450
BANKNIFTY-II.NFO,20/03/2025,09:40:45,50240,50246.55,30,50251.95,210,0,1002450
BANKNIFTY-II.NFO,20/03/2025,09:40:48,50240,50246.55,30,50252,30,0,1002450
BANKNIFTY-II.NFO,20/03/2025,09:40:53,50240,50246.55,30,50251.95,210,0,1002450
BANKNIFTY-II.NFO,20/03/2025,09:40:55,50240,50246.55,30,50252,60,0,1002450
BANKNIFTY-II.NFO,20/03/2025,09:40:58,50240,50246.55,30,50251.55,210,0,1002450
BANKNIFTY-II.NFO,20/03/2025,09:41:00,50246.55,50240,150,50246.55,240,30,1002450
BANKNIFTY-II.NFO,20/03/2025,09:41:02,50246.55,50240,180,50246.3,90,0,1002450
BANKNIFTY-II.NFO,20/03/2025,09:41:03,50246.55,50240,180,50251.85,210,0,1002450
BANKNIFTY-II.NFO,20/03/2025,09:41:05,50246.55,50240,210,50247.4,30,0,1002450
BANKNIFTY-II.NFO,20/03/2025,09:41:07,50246.55,50240,210,50247,240,0,1002450
BANKNIFTY-II.NFO,20/03/2025,09:41:08,50240.05,50240,240,50251.95,30,60,1002450
BANKNIFTY-II.NFO,20/03/2025,09:41:10,50250.95,50240.15,240,50250.95,30,30,1002450
BANKNIFTY-II.NFO,20/03/2025,09:41:12,50250.95,50240.05,240,50250.95,30,0,1002450
BANKNIFTY-II.NFO,20/03/2025,09:41:13,50250.95,50240.05,240,50247.15,30,30,1002450
BANKNIFTY-II.NFO,20/03/2025,09:41:15,50250.95,50241.15,240,50251,30,0,1002450
BANKNIFTY-II.NFO,20/03/2025,09:41:17,50249.95,50240.95,240,50251,30,30,1002450
BANKNIFTY-II.NFO,20/03/2025,09:41:18,50249.95,50240,240,50249.95,30,0,1002450
BANKNIFTY-II.NFO,20/03/2025,09:41:20,50249.95,50240,240,50247.95,30,0,1002450
BANKNIFTY-II.NFO,20/03/2025,09:41:22,50249.95,50240,240,50245.5,90,0,1002450
BANKNIFTY-II.NFO,20/03/2025,09:41:23,50240,50240,210,50247.9,90,30,1002450
BANKNIFTY-II.NFO,20/03/2025,09:41:25,50240,50240,210,50247.9,90,0,1002450
BANKNIFTY-II.NFO,20/03/2025,09:41:28,50240,50240.05,240,50247.9,90,0,1002450
BANKNIFTY-II.NFO,20/03/2025,09:41:30,50250,50247,240,50251,30,990,1002450
BANKNIFTY-II.NFO,20/03/2025,09:41:32,50247.95,50247.9,30,50251,30,120,1002450
BANKNIFTY-II.NFO,20/03/2025,09:41:33,50246.6,50246.6,210,50252,30,90,1002450
BANKNIFTY-II.NFO,20/03/2025,09:41:35,50246.6,50246.55,30,50252,30,0,1002450
BANKNIFTY-II.NFO,20/03/2025,09:41:36,50246.6,50246.8,240,50252,30,0,1002450
BANKNIFTY-II.NFO,20/03/2025,09:41:38,50246.6,50246.55,30,50252,30,0,1002450
BANKNIFTY-II.NFO,20/03/2025,09:41:41,50246.6,50247.7,240,50252,30,0,1002450
BANKNIFTY-II.NFO,20/03/2025,09:41:43,50252,50249.45,240,50256,120,30,1002450
BANKNIFTY-II.NFO,20/03/2025,09:41:45,50256,50256.7,240,50260,30,60,1002450
BANKNIFTY-II.NFO,20/03/2025,09:41:46,50261,50262.7,240,50264,30,60,1002450
BANKNIFTY-II.NFO,20/03/2025,09:41:48,50264,50259.65,30,50267.95,120,30,1002450
BANKNIFTY-II.NFO,20/03/2025,09:41:50,50264,50262.9,30,50267.4,90,0,1002450
BANKNIFTY-II.NFO,20/03/2025,09:41:51,50264,50264.45,30,50268,30,0,1002450
BANKNIFTY-II.NFO,20/03/2025,09:41:53,50268,50267.25,240,50271.95,90,30,1002450
BANKNIFTY-II.NFO,20/03/2025,09:41:55,50272,50268.65,30,50273.35,30,120,1002450
BANKNIFTY-II.NFO,20/03/2025,09:41:56,50272,50270.25,30,50273.35,30,0,1002450
BANKNIFTY-II.NFO,20/03/2025,09:41:58,50272,50269.9,30,50273.35,30,0,1002450
BANKNIFTY-II.NFO,20/03/2025,09:42:00,50272,50267.2,30,50273.3,90,0,1002450
BANKNIFTY-II.NFO,20/03/2025,09:42:01,50272,50269.9,30,50273.35,30,0,1002450
BANKNIFTY-II.NFO,20/03/2025,09:42:03,50275,50271.35,30,50275,510,450,1002450
BANKNIFTY-II.NFO,20/03/2025,09:42:05,50275,50270.1,30,50275,300,210,1002450
BANKNIFTY-II.NFO,20/03/2025,09:42:06,50274.95,50264,150,50273.8,240,30,1002450
BANKNIFTY-II.NFO,20/03/2025,09:42:08,50273.7,50264,150,50273.9,210,30,1002450
BANKNIFTY-II.NFO,20/03/2025,09:42:10,50273.7,50270,120,50275,300,0,1002450
BANKNIFTY-II.NFO,20/03/2025,09:42:11,50273.7,50270,120,50274.95,210,0,1002450
BANKNIFTY-II.NFO,20/03/2025,09:42:13,50273.7,50270,120,50274.95,240,0,1002450
BANKNIFTY-II.NFO,20/03/2025,09:42:15,50273.7,50270,120,50274.35,90,0,1002450
BANKNIFTY-II.NFO,20/03/2025,09:42:16,50275,50271,600,50275,270,120,1002450
BANKNIFTY-II.NFO,20/03/2025,09:42:18,50271,50271,540,50274.6,210,60,1002450
BANKNIFTY-II.NFO,20/03/2025,09:42:20,50271,50271,540,50273.75,210,0,1002450
BANKNIFTY-II.NFO,20/03/2025,09:42:21,50271,50271,150,50272.4,180,420,1002450
BANKNIFTY-II.NFO,20/03/2025,09:42:23,50270,50270,120,50272.65,210,210,1002450
BANKNIFTY-II.NFO,20/03/2025,09:42:25,50270,50264,150,50266.9,240,120,1002450
BANKNIFTY-II.NFO,20/03/2025,09:42:26,50262.8,50260,30,50262.95,210,210,1002450
BANKNIFTY-II.NFO,20/03/2025,09:42:28,50262.8,50260,30,50262.55,210,0,1002450
BANKNIFTY-II.NFO,20/03/2025,09:42:30,50260,50256,30,50263.6,90,60,1002450
BANKNIFTY-II.NFO,20/03/2025,09:42:31,50260,50256,30,50260.35,90,0,1002450
BANKNIFTY-II.NFO,20/03/2025,09:42:33,50260.35,50256,30,50260.35,90,30,1002450
BANKNIFTY-II.NFO,20/03/2025,09:42:35,50260.35,50256,30,50263.9,90,0,1002450
BANKNIFTY-II.NFO,20/03/2025,09:42:36,50260.35,50262.55,30,50266.2,90,0,1002450
BANKNIFTY-II.NFO,20/03/2025,09:42:40,50260.35,50262.55,30,50267.95,90,0,1002450
BANKNIFTY-II.NFO,20/03/2025,09:42:46,50262.55,50263.25,30,50268,30,30,1002390
BANKNIFTY-II.NFO,20/03/2025,09:42:48,50262.55,50260.35,30,50267.95,90,0,1002390
BANKNIFTY-II.NFO,20/03/2025,09:42:53,50262.55,50262.55,30,50267.95,90,0,1002390
BANKNIFTY-II.NFO,20/03/2025,09:42:54,50262.55,50264.2,240,50268,30,0,1002390
BANKNIFTY-II.NFO,20/03/2025,09:42:56,50268,50262.7,270,50271.95,90,30,1002390
BANKNIFTY-II.NFO,20/03/2025,09:42:58,50268,50264.8,270,50271.95,90,0,1002390
BANKNIFTY-II.NFO,20/03/2025,09:42:59,50268,50262.6,240,50271.95,120,0,1002390
BANKNIFTY-II.NFO,20/03/2025,09:43:01,50268,50264,300,50271.95,90,0,1002390
BANKNIFTY-II.NFO,20/03/2025,09:43:02,50272,50272.2,30,50275,1080,30,1002390
BANKNIFTY-II.NFO,20/03/2025,09:43:04,50275,50270.8,30,50275,990,90,1002390
BANKNIFTY-II.NFO,20/03/2025,09:43:06,50275,50270.6,60,50275,990,0,1002390
BANKNIFTY-II.NFO,20/03/2025,09:43:07,50274.7,50268.1,30,50275,990,90,1002390
BANKNIFTY-II.NFO,20/03/2025,09:43:09,50274.7,50267.7,30,50274.95,90,0,1002390
BANKNIFTY-II.NFO,20/03/2025,09:43:11,50274.7,50266.35,30,50274.95,90,0,1002390
BANKNIFTY-II.NFO,20/03/2025,09:43:12,50274.7,50264,30,50274.95,90,0,1002390
BANKNIFTY-II.NFO,20/03/2025,09:43:14,50274.7,50264.9,30,50274.95,90,0,1002390
BANKNIFTY-II.NFO,20/03/2025,09:43:15,50274.7,50274,30,50275,990,0,1002390
BANKNIFTY-II.NFO,20/03/2025,09:43:17,50272.3,50264,30,50274.95,90,60,1002390
BANKNIFTY-II.NFO,20/03/2025,09:43:19,50272.3,50266.35,30,50274.95,90,0,1002390
BANKNIFTY-II.NFO,20/03/2025,09:43:20,50274.95,50268.7,30,50275,990,30,1002390
BANKNIFTY-II.NFO,20/03/2025,09:43:22,50274.95,50272.3,30,50275,990,0,1002390
BANKNIFTY-II.NFO,20/03/2025,09:43:27,50274.95,50274.55,30,50275,990,0,1002390
BANKNIFTY-II.NFO,20/03/2025,09:43:29,50276,50277,30,50280,30,1020,1002390
BANKNIFTY-II.NFO,20/03/2025,09:43:30,50290,50287.3,30,50291.95,30,120,1002390
BANKNIFTY-II.NFO,20/03/2025,09:43:32,50291.95,50289.05,30,50291.95,30,30,1002390
BANKNIFTY-II.NFO,20/03/2025,09:43:34,50291.95,50286.45,30,50291.45,30,0,1002390
BANKNIFTY-II.NFO,20/03/2025,09:43:35,50291.95,50280.85,30,50287.65,90,0,1002390
BANKNIFTY-II.NFO,20/03/2025,09:43:37,50291.95,50283.05,150,50289.95,90,0,1002390
BANKNIFTY-II.NFO,20/03/2025,09:43:39,50291.95,50285.4,30,50290,30,0,1002390
BANKNIFTY-II.NFO,20/03/2025,09:43:40,50284.2,50286.45,30,50290,30,30,1002390
BANKNIFTY-II.NFO,20/03/2025,09:43:42,50290,50283.45,30,50290.4,120,30,1002390
BANKNIFTY-II.NFO,20/03/2025,09:43:43,50290,50287.1,30,50290,120,0,1002390
BANKNIFTY-II.NFO,20/03/2025,09:43:45,50290.95,50294.25,600,50296,30,630,1002390
BANKNIFTY-II.NFO,20/03/2025,09:43:47,50296,50297.95,30,50299,30,30,1002390
BANKNIFTY-II.NFO,20/03/2025,09:43:48,50300,50298.6,60,50300,720,270,1002390
BANKNIFTY-II.NFO,20/03/2025,09:43:50,50295.4,50295.6,30,50300,570,180,1002390
BANKNIFTY-II.NFO,20/03/2025,09:43:52,50295.45,50296.55,30,50300,570,30,1002390
BANKNIFTY-II.NFO,20/03/2025,09:43:53,50295.75,50295.95,60,50300,570,90,1002390
BANKNIFTY-II.NFO,20/03/2025,09:43:55,50293.55,50292.05,60,50293.55,60,120,1002390
BANKNIFTY-II.NFO,20/03/2025,09:43:57,50292.05,50292,30,50299.95,90,60,1002390
BANKNIFTY-II.NFO,20/03/2025,09:43:58,50295,50292,30,50299.45,90,30,1002390
BANKNIFTY-II.NFO,20/03/2025,09:44:00,50292,50291.95,30,50298.55,90,30,1002390
BANKNIFTY-II.NFO,20/03/2025,09:44:02,50298.55,50296.7,420,50300,600,30,1002390
BANKNIFTY-II.NFO,20/03/2025,09:44:03,50296.8,50296.75,30,50300,600,30,1002390
BANKNIFTY-II.NFO,20/03/2025,09:44:05,50296.8,50291.95,30,50299.9,30,0,1002390
BANKNIFTY-II.NFO,20/03/2025,09:44:07,50296.8,50292.9,60,50299.9,30,0,1002390
BANKNIFTY-II.NFO,20/03/2025,09:44:08,50296.8,50291.95,30,50298.05,30,0,1002390
BANKNIFTY-II.NFO,20/03/2025,09:44:10,50296.8,50291.95,30,50298,30,0,1002390
BANKNIFTY-II.NFO,20/03/2025,09:44:12,50299.95,50291.95,30,50296.4,30,90,1002390
BANKNIFTY-II.NFO,20/03/2025,09:44:13,50299.95,50291.95,30,50296.35,240,0,1002390
BANKNIFTY-II.NFO,20/03/2025,09:44:17,50299.95,50291.95,30,50295.6,90,0,1002390
BANKNIFTY-II.NFO,20/03/2025,09:44:18,50291.95,50290,270,50295.8,90,30,1002390
BANKNIFTY-II.NFO,20/03/2025,09:44:20,50291.95,50290,270,50295.8,90,0,1002390
BANKNIFTY-II.NFO,20/03/2025,09:44:22,50291.95,50290,270,50294.5,240,0,1002390
BANKNIFTY-II.NFO,20/03/2025,09:44:23,50291.9,50290,300,50291.9,240,60,1002390
BANKNIFTY-II.NFO,20/03/2025,09:44:25,50291.9,50290,300,50291.95,30,0,1002390
BANKNIFTY-II.NFO,20/03/2025,09:44:28,50288,50284,30,50286.5,270,330,1002390
BANKNIFTY-II.NFO,20/03/2025,09:44:30,50284,50280,30,50283.45,270,30,1002390
BANKNIFTY-II.NFO,20/03/2025,09:44:32,50280,50276,30,50279.95,240,60,1002390
BANKNIFTY-II.NFO,20/03/2025,09:44:33,50280,50276,30,50279.85,240,0,1002390
BANKNIFTY-II.NFO,20/03/2025,09:44:35,50280,50276,30,50279.85,90,0,1002390
BANKNIFTY-II.NFO,20/03/2025,09:44:38,50280,50276,30,50285.75,90,0,1002390
BANKNIFTY-II.NFO,20/03/2025,09:44:40,50280,50276,30,50281.05,90,0,1002390
BANKNIFTY-II.NFO,20/03/2025,09:44:43,50280,50276.55,240,50283.9,90,0,1002390
BANKNIFTY-II.NFO,20/03/2025,09:44:45,50287.95,50284.15,30,50287.95,90,30,1002390
BANKNIFTY-II.NFO,20/03/2025,09:44:47,50287.95,50279.95,30,50285.4,90,0,1002390
BANKNIFTY-II.NFO,20/03/2025,09:44:48,50287.95,50281.2,30,50285.4,90,0,1002390
BANKNIFTY-II.NFO,20/03/2025,09:44:50,50287.95,50282.8,240,50287.95,90,0,1002390
BANKNIFTY-II.NFO,20/03/2025,09:44:51,50287.95,50282.05,30,50287.8,90,0,1002390
BANKNIFTY-II.NFO,20/03/2025,09:44:53,50287.95,50282.6,30,50288,120,0,1002390
BANKNIFTY-II.NFO,20/03/2025,09:44:55,50287.95,50286.3,30,50288,30,0,1002390
BANKNIFTY-II.NFO,20/03/2025,09:44:56,50287.95,50280.2,240,50287.35,90,0,1002390
BANKNIFTY-II.NFO,20/03/2025,09:44:58,50287.95,50284.4,30,50288,30,0,1002390
BANKNIFTY-II.NFO,20/03/2025,09:45:00,50287.95,50280.05,240,50287.4,90,0,1002390
BANKNIFTY-II.NFO,20/03/2025,09:45:01,50280.2,50280,60,50287.4,90,30,1002390
BANKNIFTY-II.NFO,20/03/2025,09:45:03,50287.4,50278.05,240,50287.4,90,60,1002390
BANKNIFTY-II.NFO,20/03/2025,09:45:05,50287.4,50278.15,240,50287.4,90,0,1002390
BANKNIFTY-II.NFO,20/03/2025,09:45:06,50287.4,50276.05,240,50287.4,90,0,1002390
BANKNIFTY-II.NFO,20/03/2025,09:45:08,50287.4,50276,30,50284,90,0,1002390
BANKNIFTY-II.NFO,20/03/2025,09:45:10,50287.4,50276,30,50282.7,90,0,1002390
BANKNIFTY-II.NFO,20/03/2025,09:45:11,50287.4,50276,30,50281.3,90,0,1002390
BANKNIFTY-II.NFO,20/03/2025,09:45:13,50287.4,50276,30,50280.75,240,0,1002390
BANKNIFTY-II.NFO,20/03/2025,09:45:15,50287.4,50276,30,50280.4,330,0,1002390
BANKNIFTY-II.NFO,20/03/2025,09:45:16,50276,50272,30,50277.35,270,30,1002390
BANKNIFTY-II.NFO,20/03/2025,09:45:18,50272,50271,900,50274.55,270,30,1002390
BANKNIFTY-II.NFO,20/03/2025,09:45:20,50271,50271,690,50272.45,270,210,1002390
BANKNIFTY-II.NFO,20/03/2025,09:45:21,50271,50271,600,50271.8,240,90,1002390
BANKNIFTY-II.NFO,20/03/2025,09:45:23,50271,50268,30,50270.15,240,630,1002390
BANKNIFTY-II.NFO,20/03/2025,09:45:25,50262.55,50260,60,50262.75,270,90,1002390
BANKNIFTY-II.NFO,20/03/2025,09:45:26,50260,50256,30,50263.15,270,60,1002390
BANKNIFTY-II.NFO,20/03/2025,09:45:28,50260,50256,30,50262.8,240,0,1002390
BANKNIFTY-II.NFO,20/03/2025,09:45:30,50260,50256,30,50261.75,240,0,1002390
BANKNIFTY-II.NFO,20/03/2025,09:45:31,50260,50256,30,50261.55,240,0,1002390
BANKNIFTY-II.NFO,20/03/2025,09:45:33,50260,50256,30,50261.2,240,0,1002390
BANKNIFTY-II.NFO,20/03/2025,09:45:36,50260,50256,30,50260.5,30,0,1002390
BANKNIFTY-II.NFO,20/03/2025,09:45:45,50256.3,50252,30,50256.3,90,60,1002690
BANKNIFTY-II.NFO,20/03/2025,09:45:46,50256.3,50252,30,50256.15,240,0,1002690
BANKNIFTY-II.NFO,20/03/2025,09:45:48,50256.3,50252,30,50256.15,90,0,1002690
BANKNIFTY-II.NFO,20/03/2025,09:45:50,50256.3,50252,30,50255.95,240,0,1002690
BANKNIFTY-II.NFO,20/03/2025,09:45:51,50252,50248,30,50250,60,30,1002690
BANKNIFTY-II.NFO,20/03/2025,09:45:53,50252,50248,30,50250,60,0,1002690
BANKNIFTY-II.NFO,20/03/2025,09:45:55,50248,50246,900,50250,60,30,1002690
BANKNIFTY-II.NFO,20/03/2025,09:45:56,50248,50246,900,50250,60,0,1002690
BANKNIFTY-II.NFO,20/03/2025,09:45:58,50246,50246,780,50249.75,150,120,1002690
BANKNIFTY-II.NFO,20/03/2025,09:46:00,50246,50246,750,50249.95,120,30,1002690
BANKNIFTY-II.NFO,20/03/2025,09:46:01,50246,50246,750,50250,60,0,1002690
BANKNIFTY-II.NFO,20/03/2025,09:46:04,50246,50246,720,50250,90,30,1002690
BANKNIFTY-II.NFO,20/03/2025,09:46:08,50246,50246,750,50248.95,120,0,1002690
BANKNIFTY-II.NFO,20/03/2025,09:46:09,50246,50246,750,50250,90,0,1002690
BANKNIFTY-II.NFO,20/03/2025,09:46:11,50250,50246,750,50250,60,30,1002690
BANKNIFTY-II.NFO,20/03/2025,09:46:13,50250,50246,750,50250,240,0,1002690
BANKNIFTY-II.NFO,20/03/2025,09:46:18,50246,50246,720,50249,90,30,1002690
BANKNIFTY-II.NFO,20/03/2025,09:46:19,50249,50246,690,50250,330,60,1002690
BANKNIFTY-II.NFO,20/03/2025,09:46:21,50249,50246,690,50250,330,0,1002690
BANKNIFTY-II.NFO,20/03/2025,09:46:23,50249,50249,30,50250,240,0,1002690
BANKNIFTY-II.NFO,20/03/2025,09:46:26,50249,50246.05,240,50250,240,30,1002690
BANKNIFTY-II.NFO,20/03/2025,09:46:28,50249,50246,660,50250,240,0,1002690
BANKNIFTY-II.NFO,20/03/2025,09:46:31,50249,50246,660,50250,330,0,1002690
BANKNIFTY-II.NFO,20/03/2025,09:46:33,50249,50246,660,50249,90,0,1002690
BANKNIFTY-II.NFO,20/03/2025,09:46:34,50246,50246,540,50248.25,240,120,1002690
BANKNIFTY-II.NFO,20/03/2025,09:46:36,50246,50244,30,50245.15,60,540,1002690
BANKNIFTY-II.NFO,20/03/2025,09:46:38,50244,50240,210,50243.5,90,30,1002690
BANKNIFTY-II.NFO,20/03/2025,09:46:39,50240,50236,30,50238.05,60,300,1002690
BANKNIFTY-II.NFO,20/03/2025,09:46:41,50236,50232,30,50232.95,60,30,1002690
BANKNIFTY-II.NFO,20/03/2025,09:46:43,50224.15,50220,30,50224.2,120,210,1002690
BANKNIFTY-II.NFO,20/03/2025,09:46:43,50224,50220,30,50224.2,120,0,1002690
BANKNIFTY-II.NFO,20/03/2025,09:46:44,50220,50218,60,50220.85,30,30,1002690
BANKNIFTY-II.NFO,20/03/2025,09:46:44,50220,50218,60,50220.85,30,0,1002690
BANKNIFTY-II.NFO,20/03/2025,09:46:46,50220,50218,60,50221.45,150,0,1002690
BANKNIFTY-II.NFO,20/03/2025,09:46:48,50220,50218,60,50221.5,30,0,1002690
BANKNIFTY-II.NFO,20/03/2025,09:46:49,50218,50218,30,50223.4,90,30,1002690
BANKNIFTY-II.NFO,20/03/2025,09:46:49,50218,50218,30,50223.4,90,0,1002690
BANKNIFTY-II.NFO,20/03/2025,09:46:51,50218,50218.15,240,50223.4,90,0,1002690
BANKNIFTY-II.NFO,20/03/2025,09:46:53,50218,50218.85,270,50227.95,90,0,1002690
BANKNIFTY-II.NFO,20/03/2025,09:46:55,50218,50220.95,240,50227.5,90,0,1002690
BANKNIFTY-II.NFO,20/03/2025,09:46:56,50218,50222.15,240,50228,30,0,1002690
BANKNIFTY-II.NFO,20/03/2025,09:46:58,50228,50223.4,240,50231.95,90,60,1002690
BANKNIFTY-II.NFO,20/03/2025,09:47:00,50239.65,50228.75,240,50239.9,90,180,1002690
BANKNIFTY-II.NFO,20/03/2025,09:47:01,50239.65,50228.25,270,50239.9,90,0,1002690
BANKNIFTY-II.NFO,20/03/2025,09:47:03,50239.65,50229.8,240,50239.9,90,0,1002690
BANKNIFTY-II.NFO,20/03/2025,09:47:05,50228.55,50232.7,210,50240,30,30,1002690
BANKNIFTY-II.NFO,20/03/2025,09:47:06,50240,50237.8,270,50244,30,30,1002690
BANKNIFTY-II.NFO,20/03/2025,09:47:08,50240,50239.95,60,50247.95,90,960,1002690
BANKNIFTY-II.NFO,20/03/2025,09:47:10,50240,50238.6,60,50247.95,90,0,1002690
BANKNIFTY-II.NFO,20/03/2025,09:47:11,50240,50236,30,50242.95,30,0,1002690
BANKNIFTY-II.NFO,20/03/2025,09:47:13,50244,50236,30,50244.75,30,180,1002690
BANKNIFTY-II.NFO,20/03/2025,09:47:15,50244,50236,30,50244.75,30,0,1002690
BANKNIFTY-II.NFO,20/03/2025,09:47:16,50236,50235,900,50240,30,30,1002690
BANKNIFTY-II.NFO,20/03/2025,09:47:18,50236,50235,900,50240,30,0,1002690
BANKNIFTY-II.NFO,20/03/2025,09:47:20,50236,50236,30,50240,30,0,1002690
BANKNIFTY-II.NFO,20/03/2025,09:47:21,50236,50235,900,50235.15,30,180,1002690
BANKNIFTY-II.NFO,20/03/2025,09:47:23,50235,50235,570,50236.85,150,330,1002690
BANKNIFTY-II.NFO,20/03/2025,09:47:25,50235,50235,450,50236.85,150,120,1002690
BANKNIFTY-II.NFO,20/03/2025,09:47:26,50239.9,50235,450,50239.6,90,90,1002690
BANKNIFTY-II.NFO,20/03/2025,09:47:28,50239.9,50235,450,50239.05,90,0,1002690
BANKNIFTY-II.NFO,20/03/2025,09:47:30,50235,50235,420,50238.8,90,30,1002690
BANKNIFTY-II.NFO,20/03/2025,09:47:31,50235,50235,450,50238.7,90,0,1002690
BANKNIFTY-II.NFO,20/03/2025,09:47:33,50235,50235,480,50238.1,90,0,1002690
BANKNIFTY-II.NFO,20/03/2025,09:47:36,50235,50232,30,50235,270,480,1002690
BANKNIFTY-II.NFO,20/03/2025,09:47:38,50235,50232,30,50235,30,30,1002690
BANKNIFTY-II.NFO,20/03/2025,09:47:40,50235,50232,30,50235,30,0,1002690
BANKNIFTY-II.NFO,20/03/2025,09:47:41,50235,50232,30,50235.45,240,90,1002690
BANKNIFTY-II.NFO,20/03/2025,09:47:43,50236.55,50232,30,50235.2,90,30,1002690
BANKNIFTY-II.NFO,20/03/2025,09:47:44,50236.55,50235,30,50239.9,90,0,1002690
BANKNIFTY-II.NFO,20/03/2025,09:47:48,50236.55,50235,30,50237.35,240,0,1002690
BANKNIFTY-II.NFO,20/03/2025,09:47:49,50236.55,50235,30,50237.5,210,0,1002690
BANKNIFTY-II.NFO,20/03/2025,09:47:51,50236.55,50235,30,50237.5,90,0,1002690
BANKNIFTY-II.NFO,20/03/2025,09:47:53,50231,50231,30,50233.6,120,90,1002690
BANKNIFTY-II.NFO,20/03/2025,09:47:54,50231,50228,30,50231.2,90,30,1002690
BANKNIFTY-II.NFO,20/03/2025,09:47:56,50231,50228,30,50231.2,90,0,1002690
BANKNIFTY-II.NFO,20/03/2025,09:47:58,50231,50230,30,50231.95,120,0,1002690
BANKNIFTY-II.NFO,20/03/2025,09:47:59,50228,50226,30,50228.5,30,60,1002690
BANKNIFTY-II.NFO,20/03/2025,09:48:01,50225,50224,30,50224.75,120,60,1002690
BANKNIFTY-II.NFO,20/03/2025,09:48:03,50224,50222,30,50227.4,90,30,1002690
BANKNIFTY-II.NFO,20/03/2025,09:48:04,50224,50222,30,50227.4,90,0,1002690
BANKNIFTY-II.NFO,20/03/2025,09:48:06,50227.4,50222,30,50227.4,90,30,1002690
BANKNIFTY-II.NFO,20/03/2025,09:48:08,50219.9,50219.9,30,50224.7,90,120,1002690
BANKNIFTY-II.NFO,20/03/2025,09:48:09,50219.9,50219.9,30,50224.7,90,0,1002690
BANKNIFTY-II.NFO,20/03/2025,09:48:11,50219.95,50219.9,30,50224.7,90,30,1002690
BANKNIFTY-II.NFO,20/03/2025,09:48:13,50219.95,50219.95,90,50224.7,90,0,1002690
BANKNIFTY-II.NFO,20/03/2025,09:48:16,50220,50219.95,90,50224.7,90,60,1002690
BANKNIFTY-II.NFO,20/03/2025,09:48:18,50220,50219.95,60,50224.7,90,0,1002690
BANKNIFTY-II.NFO,20/03/2025,09:48:19,50220,50219.9,30,50224.7,90,0,1002690
BANKNIFTY-II.NFO,20/03/2025,09:48:21,50225.5,50219.9,30,50225.5,90,60,1002690
BANKNIFTY-II.NFO,20/03/2025,09:48:23,50225.5,50219.9,30,50225.5,90,0,1002690
BANKNIFTY-II.NFO,20/03/2025,09:48:26,50219.35,50216,30,50222.1,90,120,1002690
BANKNIFTY-II.NFO,20/03/2025,09:48:28,50216,50215,30,50223.85,120,60,1002690
BANKNIFTY-II.NFO,20/03/2025,09:48:28,50216,50215,30,50223.85,120,0,1002690
BANKNIFTY-II.NFO,20/03/2025,09:48:29,50216,50215,30,50219.85,90,0,1002690
BANKNIFTY-II.NFO,20/03/2025,09:48:31,50219.85,50215,30,50217.85,240,90,1002690
BANKNIFTY-II.NFO,20/03/2025,09:48:33,50210,50210,90,50214,90,150,1002690
BANKNIFTY-II.NFO,20/03/2025,09:48:33,50210,50210,90,50214,90,0,1002690
BANKNIFTY-II.NFO,20/03/2025,09:48:34,50210,50210,30,50214,90,60,1004250
BANKNIFTY-II.NFO,20/03/2025,09:48:36,50210,50208,30,50214,90,30,1004250
BANKNIFTY-II.NFO,20/03/2025,09:48:38,50208,50204.05,90,50214,90,30,1004250
BANKNIFTY-II.NFO,20/03/2025,09:48:38,50208,50204.05,90,50214,90,0,1004250
BANKNIFTY-II.NFO,20/03/2025,09:48:39,50208,50206.05,60,50214,90,0,1004250
BANKNIFTY-II.NFO,20/03/2025,09:48:41,50210,50210,30,50214,90,60,1004250
BANKNIFTY-II.NFO,20/03/2025,09:48:43,50211.95,50204.65,30,50211.95,90,510,1004250
BANKNIFTY-II.NFO,20/03/2025,09:48:43,50203.1,50204.65,30,50211.95,90,0,1004250
BANKNIFTY-II.NFO,20/03/2025,09:48:44,50214.95,50206,30,50214.95,90,60,1004250
BANKNIFTY-II.NFO,20/03/2025,09:48:46,50214.95,50204.8,90,50214.95,90,0,1004250
BANKNIFTY-II.NFO,20/03/2025,09:48:48,50208.4,50212,30,50215,30,30,1004250
BANKNIFTY-II.NFO,20/03/2025,09:48:49,50216,50212,60,50219.95,90,60,1004250
BANKNIFTY-II.NFO,20/03/2025,09:48:51,50216,50212,30,50219.95,90,0,1004250
BANKNIFTY-II.NFO,20/03/2025,09:48:54,50216,50215.75,150,50220,30,0,1004250
BANKNIFTY-II.NFO,20/03/2025,09:48:56,50216,50212,30,50219.75,90,0,1004250
BANKNIFTY-II.NFO,20/03/2025,09:48:58,50209.8,50208,30,50214.3,90,60,1004250
BANKNIFTY-II.NFO,20/03/2025,09:48:59,50214.3,50216,30,50220,120,90,1004250
BANKNIFTY-II.NFO,20/03/2025,09:49:01,50216,50216,30,50220,120,30,1004250
BANKNIFTY-II.NFO,20/03/2025,09:49:02,50216,50216,30,50220,180,0,1004250
BANKNIFTY-II.NFO,20/03/2025,09:49:04,50220,50216,30,50220,150,30,1004250
BANKNIFTY-II.NFO,20/03/2025,09:49:07,50220,50216.1,30,50220,180,0,1004250
BANKNIFTY-II.NFO,20/03/2025,09:49:09,50216,50212,30,50220,180,30,1004250
BANKNIFTY-II.NFO,20/03/2025,09:49:11,50216,50212,30,50219.95,90,0,1004250
BANKNIFTY-II.NFO,20/03/2025,09:49:14,50216,50215,30,50220,180,0,1004250
BANKNIFTY-II.NFO,20/03/2025,09:49:16,50215.6,50215,30,50220,270,30,1004250
BANKNIFTY-II.NFO,20/03/2025,09:49:18,50220,50215,30,50220,180,90,1004250
BANKNIFTY-II.NFO,20/03/2025,09:49:19,50220,50215,30,50220,120,60,1004250
BANKNIFTY-II.NFO,20/03/2025,09:49:21,50220,50215,30,50220,120,0,1004250
BANKNIFTY-II.NFO,20/03/2025,09:49:23,50213.6,50213.25,60,50224,30,120,1004250
BANKNIFTY-II.NFO,20/03/2025,09:49:24,50213.6,50212,60,50223.35,300,0,1004250
BANKNIFTY-II.NFO,20/03/2025,09:49:26,50222.4,50212,60,50223.85,240,60,1004250
BANKNIFTY-II.NFO,20/03/2025,09:49:28,50212,50212,30,50219.95,240,30,1004250
BANKNIFTY-II.NFO,20/03/2025,09:49:29,50212,50212,30,50219.75,270,0,1004250
BANKNIFTY-II.NFO,20/03/2025,09:49:31,50212,50212,30,50219.85,270,0,1004250
BANKNIFTY-II.NFO,20/03/2025,09:49:32,50212,50212,30,50218.95,270,0,1004250
BANKNIFTY-II.NFO,20/03/2025,09:49:34,50212,50212,30,50218.3,240,0,1004250
BANKNIFTY-II.NFO,20/03/2025,09:49:36,50212,50212,30,50215.7,240,0,1004250
BANKNIFTY-II.NFO,20/03/2025,09:49:37,50208,50204,60,50207.2,240,90,1004250
BANKNIFTY-II.NFO,20/03/2025,09:49:39,50208,50204,60,50207,240,0,1004250
BANKNIFTY-II.NFO,20/03/2025,09:49:41,50202,50200,360,50203.2,240,90,1004250
BANKNIFTY-II.NFO,20/03/2025,09:49:41,50202,50200,360,50203.2,240,0,1004250
BANKNIFTY-II.NFO,20/03/2025,09:49:42,50202,50200,360,50204.35,90,0,1004250
BANKNIFTY-II.NFO,20/03/2025,09:49:44,50200,50200,120,50203.9,240,240,1004250
BANKNIFTY-II.NFO,20/03/2025,09:49:44,50200,50200,120,50203.9,240,0,1004250
BANKNIFTY-II.NFO,20/03/2025,09:49:46,50200,50200,90,50205.15,240,30,1004250
BANKNIFTY-II.NFO,20/03/2025,09:49:47,50200,50200,90,50204.95,240,0,1004250
BANKNIFTY-II.NFO,20/03/2025,09:49:49,50200,50200,30,50207.85,240,60,1004250
BANKNIFTY-II.NFO,20/03/2025,09:49:51,50200,50200,30,50202.3,240,0,1004250
BANKNIFTY-II.NFO,20/03/2025,09:49:52,50200,50196,60,50203.65,90,30,1004250
BANKNIFTY-II.NFO,20/03/2025,09:49:54,50191.9,50193.1,60,50199.95,90,120,1004250
BANKNIFTY-II.NFO,20/03/2025,09:49:54,50191.9,50193.1,60,50199.95,90,0,1004250
BANKNIFTY-II.NFO,20/03/2025,09:49:56,50199.95,50190.75,30,50199.95,90,30,1004250
BANKNIFTY-II.NFO,20/03/2025,09:49:57,50190.75,50190,30,50195,30,30,1004250
BANKNIFTY-II.NFO,20/03/2025,09:49:57,50190.75,50190,30,50195,30,0,1004250
BANKNIFTY-II.NFO,20/03/2025,09:49:59,50190,50190,30,50195.65,90,30,1004250
BANKNIFTY-II.NFO,20/03/2025,09:49:59,50190,50190,30,50195.65,90,0,1004250
BANKNIFTY-II.NFO,20/03/2025,09:50:00,50190,50190,30,50195.65,90,0,1004250
BANKNIFTY-II.NFO,20/03/2025,09:50:02,50190,50188,60,50195.6,240,60,1004250
BANKNIFTY-II.NFO,20/03/2025,09:50:04,50190,50188,60,50195.45,90,0,1004250
BANKNIFTY-II.NFO,20/03/2025,09:50:05,50186,50184,30,50192,270,90,1004250
BANKNIFTY-II.NFO,20/03/2025,09:50:05,50186,50184,30,50192,270,0,1004250
BANKNIFTY-II.NFO,20/03/2025,09:50:07,50195.6,50191,30,50196,60,60,1004250
BANKNIFTY-II.NFO,20/03/2025,09:50:09,50195.6,50191,30,50195.8,90,0,1004250
BANKNIFTY-II.NFO,20/03/2025,09:50:10,50195.6,50195.6,120,50196,60,0,1004250
BANKNIFTY-II.NFO,20/03/2025,09:50:12,50195.6,50195.6,60,50196,60,60,1004250
BANKNIFTY-II.NFO,20/03/2025,09:50:14,50196,50195.6,60,50196,30,30,1004250
BANKNIFTY-II.NFO,20/03/2025,09:50:15,50196,50195.6,30,50200,60,60,1004250
BANKNIFTY-II.NFO,20/03/2025,09:50:17,50195.6,50191,30,50197.25,90,30,1004250
BANKNIFTY-II.NFO,20/03/2025,09:50:19,50195.6,50191,30,50199.95,90,0,1004250
BANKNIFTY-II.NFO,20/03/2025,09:50:20,50191,50188.8,90,50199.75,90,30,1004250
BANKNIFTY-II.NFO,20/03/2025,09:50:22,50191,50190.2,60,50199.75,90,0,1004250
BANKNIFTY-II.NFO,20/03/2025,09:50:23,50191,50192.8,60,50199.75,90,0,1004250
BANKNIFTY-II.NFO,20/03/2025,09:50:25,50191,50191.3,60,50199.75,90,0,1004250
BANKNIFTY-II.NFO,20/03/2025,09:50:27,50191.55,50191.6,60,50199.75,90,30,1004250
BANKNIFTY-II.NFO,20/03/2025,09:50:28,50191.55,50189.7,30,50195.25,90,0,1004250
BANKNIFTY-II.NFO,20/03/2025,09:50:30,50191.55,50188,60,50193.35,90,0,1004250
BANKNIFTY-II.NFO,20/03/2025,09:50:32,50191.05,50188,60,50191.05,210,60,1004250
BANKNIFTY-II.NFO,20/03/2025,09:50:33,50190,50188,60,50189.95,240,30,1004250
BANKNIFTY-II.NFO,20/03/2025,09:50:35,50184,50180,90,50185.6,90,90,1004250
BANKNIFTY-II.NFO,20/03/2025,09:50:35,50184,50180,90,50185.6,90,0,1004250
BANKNIFTY-II.NFO,20/03/2025,09:50:36,50184.4,50180,60,50185.55,270,60,1004250
BANKNIFTY-II.NFO,20/03/2025,09:50:36,50180,50180,60,50185.55,270,0,1004250
BANKNIFTY-II.NFO,20/03/2025,09:50:38,50184.4,50180,60,50186.7,90,0,1004250
BANKNIFTY-II.NFO,20/03/2025,09:50:40,50180.4,50180,90,50186.55,90,30,1004250
BANKNIFTY-II.NFO,20/03/2025,09:50:43,50190.6,50185.6,60,50191.95,90,30,1004250
BANKNIFTY-II.NFO,20/03/2025,09:50:45,50185.6,50185.6,30,50191.95,90,30,1004250
BANKNIFTY-II.NFO,20/03/2025,09:50:46,50185.6,50185.65,150,50192,30,0,1004250
BANKNIFTY-II.NFO,20/03/2025,09:50:48,50192,50190.15,90,50195.95,90,30,1004250
BANKNIFTY-II.NFO,20/03/2025,09:50:50,50195.95,50187.9,60,50195.95,90,150,1004250
BANKNIFTY-II.NFO,20/03/2025,09:50:51,50195.95,50187.7,90,50195.95,90,0,1004250
BANKNIFTY-II.NFO,20/03/2025,09:50:53,50195.95,50191.15,60,50196,60,0,1004250
BANKNIFTY-II.NFO,20/03/2025,09:50:55,50195.95,50191.75,60,50196,60,0,1004250
BANKNIFTY-II.NFO,20/03/2025,09:50:56,50200,50194.25,60,50200,30,90,1004250
BANKNIFTY-II.NFO,20/03/2025,09:50:58,50200,50193,60,50199.95,90,0,1004250
BANKNIFTY-II.NFO,20/03/2025,09:51:00,50200,50192,30,50198.3,90,0,1004250
BANKNIFTY-II.NFO,20/03/2025,09:51:01,50198.3,50198.4,90,50200,30,90,1004250
BANKNIFTY-II.NFO,20/03/2025,09:51:03,50203.25,50198.4,90,50204,60,180,1004250
BANKNIFTY-II.NFO,20/03/2025,09:51:05,50203.25,50198.4,90,50204,60,0,1004250
BANKNIFTY-II.NFO,20/03/2025,09:51:06,50203.25,50201.8,150,50204,60,0,1004250
BANKNIFTY-II.NFO,20/03/2025,09:51:08,50208,50207.85,30,50210,900,240,1004250
BANKNIFTY-II.NFO,20/03/2025,09:51:10,50208,50208.95,30,50210,900,0,1004250
BANKNIFTY-II.NFO,20/03/2025,09:51:11,50210,50208.05,30,50210,810,90,1004250
BANKNIFTY-II.NFO,20/03/2025,09:51:13,50212,50211.7,60,50216,30,870,1004250
BANKNIFTY-II.NFO,20/03/2025,09:51:14,50219.95,50211.6,150,50219.25,90,60,1004250
BANKNIFTY-II.NFO,20/03/2025,09:51:16,50219.95,50214.3,30,50220,60,0,1004250
BANKNIFTY-II.NFO,20/03/2025,09:51:18,50219.95,50211.75,30,50219.9,90,0,1004250
BANKNIFTY-II.NFO,20/03/2025,09:51:19,50219.95,50210,60,50216.85,90,0,1004250
BANKNIFTY-II.NFO,20/03/2025,09:51:21,50217.95,50210,60,50219.8,270,30,1004250
BANKNIFTY-II.NFO,20/03/2025,09:51:23,50217.95,50210,60,50216,240,0,1004250
BANKNIFTY-II.NFO,20/03/2025,09:51:24,50217.95,50210,60,50216,90,0,1004250
BANKNIFTY-II.NFO,20/03/2025,09:51:26,50217.2,50210,60,50219.05,240,60,1004250
BANKNIFTY-II.NFO,20/03/2025,09:51:28,50217.2,50210,60,50216.95,90,0,1004250
BANKNIFTY-II.NFO,20/03/2025,09:51:29,50216.95,50210,60,50216.95,90,30,1004250
BANKNIFTY-II.NFO,20/03/2025,09:51:31,50216.25,50210,60,50216.25,210,30,1004250
BANKNIFTY-II.NFO,20/03/2025,09:51:33,50216.15,50210,60,50219.6,270,60,1004250
BANKNIFTY-II.NFO,20/03/2025,09:51:34,50216.15,50210,60,50216.1,90,0,1004250
BANKNIFTY-II.NFO,20/03/2025,09:51:36,50216.15,50210.4,30,50219.9,90,0,1004250
BANKNIFTY-II.NFO,20/03/2025,09:51:38,50216.15,50210,60,50213.75,240,0,1004250
BANKNIFTY-II.NFO,20/03/2025,09:51:39,50216.15,50210,60,50214.15,240,0,1004250
BANKNIFTY-II.NFO,20/03/2025,09:51:41,50216.15,50210,60,50214,90,0,1004250
BANKNIFTY-II.NFO,20/03/2025,09:51:44,50216.15,50210,60,50213.45,360,0,1004250
BANKNIFTY-II.NFO,20/03/2025,09:51:46,50202,50200,660,50203.95,270,210,1004610
BANKNIFTY-II.NFO,20/03/2025,09:51:47,50202,50200,660,50205.15,240,0,1004610
BANKNIFTY-II.NFO,20/03/2025,09:51:49,50202,50200,660,50204,270,0,1004610
BANKNIFTY-II.NFO,20/03/2025,09:51:51,50200,50198.4,90,50199.05,270,690,1004610
BANKNIFTY-II.NFO,20/03/2025,09:51:52,50199.75,50196,60,50200.65,240,120,1004610
BANKNIFTY-II.NFO,20/03/2025,09:51:54,50199.75,50196,60,50200,30,0,1004610
BANKNIFTY-II.NFO,20/03/2025,09:51:57,50199.75,50196.05,180,50200,30,0,1004610
BANKNIFTY-II.NFO,20/03/2025,09:51:59,50200,50197.45,30,50207.95,90,30,1004610
BANKNIFTY-II.NFO,20/03/2025,09:52:01,50200,50196,60,50203.15,90,0,1004610
BANKNIFTY-II.NFO,20/03/2025,09:52:02,50200,50197.95,30,50205.9,90,0,1004610
BANKNIFTY-II.NFO,20/03/2025,09:52:04,50197.2,50196,60,50202.25,90,180,1004610
BANKNIFTY-II.NFO,20/03/2025,09:52:06,50197.2,50196,60,50202.25,90,0,1004610
BANKNIFTY-II.NFO,20/03/2025,09:52:07,50200.4,50196,60,50200.4,90,30,1004610
BANKNIFTY-II.NFO,20/03/2025,09:52:09,50200.4,50196,60,50200.4,90,0,1004610
BANKNIFTY-II.NFO,20/03/2025,09:52:11,50200.4,50196.05,210,50200.4,90,0,1004610
BANKNIFTY-II.NFO,20/03/2025,09:52:12,50200.4,50196,60,50200.4,90,30,1004610
BANKNIFTY-II.NFO,20/03/2025,09:52:14,50200.4,50196,60,50200.4,90,0,1004610
BANKNIFTY-II.NFO,20/03/2025,09:52:16,50196.3,50197.25,210,50203.9,90,120,1004610
BANKNIFTY-II.NFO,20/03/2025,09:52:17,50200.1,50200.4,120,50207.95,90,60,1004610
BANKNIFTY-II.NFO,20/03/2025,09:52:19,50200.1,50201.2,150,50207.95,90,0,1004610
BANKNIFTY-II.NFO,20/03/2025,09:52:21,50207.9,50203.2,120,50208,30,60,1004610
BANKNIFTY-II.NFO,20/03/2025,09:52:22,50208,50202.35,150,50211.95,90,30,1004610
BANKNIFTY-II.NFO,20/03/2025,09:52:24,50211.95,50200.95,60,50211.95,120,90,1004610
BANKNIFTY-II.NFO,20/03/2025,09:52:26,50211.95,50202.3,60,50211.95,90,0,1004610
BANKNIFTY-II.NFO,20/03/2025,09:52:27,50211.95,50202.05,60,50211.95,90,30,1004610
BANKNIFTY-II.NFO,20/03/2025,09:52:29,50211.95,50200.05,90,50206.3,90,0,1004610
BANKNIFTY-II.NFO,20/03/2025,09:52:31,50211.95,50200.05,60,50206.3,90,0,1004610
BANKNIFTY-II.NFO,20/03/2025,09:52:32,50202.15,50201.8,30,50209.9,90,30,1004610
BANKNIFTY-II.NFO,20/03/2025,09:52:34,50202.15,50202.2,30,50209.9,90,0,1004610
BANKNIFTY-II.NFO,20/03/2025,09:52:36,50202.15,50200.05,30,50209.9,90,0,1004610
BANKNIFTY-II.NFO,20/03/2025,09:52:37,50200,50200,60,50204.35,90,30,1004610
BANKNIFTY-II.NFO,20/03/2025,09:52:39,50196,50196.05,30,50201.45,90,90,1004610
BANKNIFTY-II.NFO,20/03/2025,09:52:41,50204,50204.15,30,50208,30,90,1004610
BANKNIFTY-II.NFO,20/03/2025,09:52:42,50204.25,50204.2,30,50208,30,30,1004610
BANKNIFTY-II.NFO,20/03/2025,09:52:44,50208,50206.55,60,50212,60,30,1004610
BANKNIFTY-II.NFO,20/03/2025,09:52:46,50208,50207.35,150,50212,60,0,1004610
BANKNIFTY-II.NFO,20/03/2025,09:52:47,50212,50212.4,30,50216,30,120,1004610
BANKNIFTY-II.NFO,20/03/2025,09:52:49,50213.55,50213,150,50216,30,60,1004610
BANKNIFTY-II.NFO,20/03/2025,09:52:50,50213,50209.25,30,50216,30,120,1004610
BANKNIFTY-II.NFO,20/03/2025,09:52:52,50213,50212.65,30,50216,30,0,1004610
BANKNIFTY-II.NFO,20/03/2025,09:52:54,50220,50219.3,30,50220,60,150,1004610
BANKNIFTY-II.NFO,20/03/2025,09:52:55,50222,50222,30,50224,30,180,1004610
BANKNIFTY-II.NFO,20/03/2025,09:52:57,50221.45,50218.8,30,50224,30,150,1004610
BANKNIFTY-II.NFO,20/03/2025,09:52:59,50218.8,50221.1,90,50224,30,30,1004610
BANKNIFTY-II.NFO,20/03/2025,09:53:00,50225,50223.7,300,50225.5,30,90,1004610
BANKNIFTY-II.NFO,20/03/2025,09:53:02,50226.5,50223.85,90,50226.5,30,60,1004610
BANKNIFTY-II.NFO,20/03/2025,09:53:04,50224.55,50225.05,60,50228,60,150,1004610
BANKNIFTY-II.NFO,20/03/2025,09:53:05,50224.55,50223.8,30,50228,60,0,1004610
BANKNIFTY-II.NFO,20/03/2025,09:53:07,50224.55,50220.85,60,50224.55,30,0,1004610
BANKNIFTY-II.NFO,20/03/2025,09:53:09,50220.6,50224.55,30,50228,60,150,1004610
BANKNIFTY-II.NFO,20/03/2025,09:53:10,50224.55,50223.9,150,50224.55,30,30,1004610
BANKNIFTY-II.NFO,20/03/2025,09:53:12,50220.75,50223.9,30,50228,60,150,1004610
