Ticker,Date,Time,LTP,BuyPrice,BuyQty,SellPrice,SellQty,LTQ,OpenInterest
BANKNIFTY-I.NFO,20/03/2025,09:15:00,50000.05,49933.05,420,49960,30,360,0
BANKNIFTY-I.NFO,20/03/2025,09:15:00,50000.05,49933.05,420,49960,30,0,0
BANKNIFTY-I.NFO,20/03/2025,09:15:00,50048,49933.05,420,49960,30,0,0
BANKNIFTY-I.NFO,20/03/2025,09:15:00,49933.05,49933.05,420,49960,30,0,0
BANKNIFTY-I.NFO,20/03/2025,09:15:01,49991.45,49955.6,30,49990.6,150,1710,2938260
BANKNIFTY-I.NFO,20/03/2025,09:15:02,49951.15,49950,1320,49970.6,210,750,2938260
BANKNIFTY-I.NFO,20/03/2025,09:15:04,49950,49950,750,49955.6,30,2250,2938260
BANKNIFTY-I.NFO,20/03/2025,09:15:06,49950,49950,180,49960.6,120,1020,2938260
BANKNIFTY-I.NFO,20/03/2025,09:15:07,49955.3,49955.35,120,49972,30,570,2938260
BANKNIFTY-I.NFO,20/03/2025,09:15:09,49980,49961.25,180,49982.5,30,450,2938260
BANKNIFTY-I.NFO,20/03/2025,09:15:10,49961.25,49961.25,30,49968.3,120,450,2938260
BANKNIFTY-I.NFO,20/03/2025,09:15:12,49961.25,49951.2,120,49966.7,30,1170,2938260
BANKNIFTY-I.NFO,20/03/2025,09:15:13,49961.05,49955,60,49961.1,30,690,2938260
BANKNIFTY-I.NFO,20/03/2025,09:15:15,49950.05,49950.05,90,49961.25,30,510,2938260
BANKNIFTY-I.NFO,20/03/2025,09:15:16,49950,49952.1,150,49967.95,120,750,2938260
BANKNIFTY-I.NFO,20/03/2025,09:15:18,49955.75,49955.75,30,49968,120,810,2938260
BANKNIFTY-I.NFO,20/03/2025,09:15:19,49972.25,49973.5,30,49985,30,870,2938260
BANKNIFTY-I.NFO,20/03/2025,09:15:21,49987.6,49987.6,90,49995,240,660,2938260
BANKNIFTY-I.NFO,20/03/2025,09:15:23,49999,49991.8,90,49999,330,480,2938260
BANKNIFTY-I.NFO,20/03/2025,09:15:24,49994.7,49987.7,150,49994.7,60,1470,2938260
BANKNIFTY-I.NFO,20/03/2025,09:15:26,49998,49991.35,30,49998,120,570,2938260
BANKNIFTY-I.NFO,20/03/2025,09:15:27,50000,49990.25,120,50000,990,450,2938260
BANKNIFTY-I.NFO,20/03/2025,09:15:29,49995.15,49995.1,30,50000,1950,150,2938620
BANKNIFTY-I.NFO,20/03/2025,09:15:30,49994.8,49999,30,50000,3930,270,2938620
BANKNIFTY-I.NFO,20/03/2025,09:15:32,49995.1,49994.7,30,50000,1230,3120,2938620
BANKNIFTY-I.NFO,20/03/2025,09:15:34,49995.1,49995.1,450,49999.85,750,300,2938620
BANKNIFTY-I.NFO,20/03/2025,09:15:35,49995.1,49981.7,90,49998.95,150,2100,2938620
BANKNIFTY-I.NFO,20/03/2025,09:15:37,49983.35,49982.85,30,49995.1,30,300,2938620
BANKNIFTY-I.NFO,20/03/2025,09:15:38,49981.75,49990.3,30,49995.1,60,60,2938620
BANKNIFTY-I.NFO,20/03/2025,09:15:40,49990.5,49990.6,150,49999.85,390,720,2938620
BANKNIFTY-I.NFO,20/03/2025,09:15:42,50000,49997.05,60,50000,900,930,2938620
BANKNIFTY-I.NFO,20/03/2025,09:15:43,50005,50001.75,120,50015.5,30,1140,2938620
BANKNIFTY-I.NFO,20/03/2025,09:15:45,50008.6,50011.65,30,50015.5,30,30,2938620
BANKNIFTY-I.NFO,20/03/2025,09:15:46,50016,50017.85,30,50020,120,180,2938620
BANKNIFTY-I.NFO,20/03/2025,09:15:48,50025,50025,720,50030,30,600,2938620
BANKNIFTY-I.NFO,20/03/2025,09:15:49,50030,50025,360,50033.6,180,600,2938620
BANKNIFTY-I.NFO,20/03/2025,09:15:51,50004.65,50000.05,30,50017.55,180,810,2938620
BANKNIFTY-I.NFO,20/03/2025,09:15:53,50008.1,50009.05,30,50015.7,300,210,2938620
BANKNIFTY-I.NFO,20/03/2025,09:15:54,50003.55,50003.8,150,50015.5,30,1080,2938620
BANKNIFTY-I.NFO,20/03/2025,09:15:56,50027.9,50018.25,150,50029.6,120,360,2938620
BANKNIFTY-I.NFO,20/03/2025,09:15:57,50018.4,50029.6,90,50029.65,30,240,2938620
BANKNIFTY-I.NFO,20/03/2025,09:15:59,50021.45,50020.95,150,50033.2,300,450,2938620
BANKNIFTY-I.NFO,20/03/2025,09:16:00,50047.95,50045.7,150,50048,30,1080,2938620
BANKNIFTY-I.NFO,20/03/2025,09:16:02,50053,50051.25,150,50054.4,30,1800,2938620
BANKNIFTY-I.NFO,20/03/2025,09:16:02,50053,50051.25,150,50054.4,30,0,2938620
BANKNIFTY-I.NFO,20/03/2025,09:16:04,50038.5,50042.3,60,50044.9,60,270,2938620
BANKNIFTY-I.NFO,20/03/2025,09:16:04,50054.4,50042.3,60,50044.9,60,0,2938620
BANKNIFTY-I.NFO,20/03/2025,09:16:05,50047.8,50047.25,150,50060,150,930,2938620
BANKNIFTY-I.NFO,20/03/2025,09:16:05,50059.95,50047.25,150,50060,150,0,2938620
BANKNIFTY-I.NFO,20/03/2025,09:16:07,50043.9,50044,30,50059.55,180,450,2938620
BANKNIFTY-I.NFO,20/03/2025,09:16:07,50060,50044,30,50059.55,180,0,2938620
BANKNIFTY-I.NFO,20/03/2025,09:16:08,50053.65,50051.3,30,50060,30,840,2938620
BANKNIFTY-I.NFO,20/03/2025,09:16:10,50070,50063.3,30,50070,60,630,2938620
BANKNIFTY-I.NFO,20/03/2025,09:16:10,50070,50063.3,30,50070,60,0,2938620
BANKNIFTY-I.NFO,20/03/2025,09:16:12,50080,50066.95,30,50080.95,120,2250,2938620
BANKNIFTY-I.NFO,20/03/2025,09:16:12,50080,50066.95,30,50080.95,120,0,2938620
BANKNIFTY-I.NFO,20/03/2025,09:16:13,50067.3,50066.95,30,50083.6,150,630,2938620
BANKNIFTY-I.NFO,20/03/2025,09:16:13,50087.95,50066.95,30,50083.6,150,0,2938620
BANKNIFTY-I.NFO,20/03/2025,09:16:15,50074.25,50063.85,30,50074.25,30,1050,2938620
BANKNIFTY-I.NFO,20/03/2025,09:16:17,50071.8,50057.95,240,50075,30,390,2938620
BANKNIFTY-I.NFO,20/03/2025,09:16:18,50074.25,50063.85,30,50068,300,300,2938620
BANKNIFTY-I.NFO,20/03/2025,09:16:20,50068,50052.85,30,50067.25,60,420,2938620
BANKNIFTY-I.NFO,20/03/2025,09:16:21,50051.7,50051.75,90,50066.7,60,540,2938620
BANKNIFTY-I.NFO,20/03/2025,09:16:23,50033.7,50040.3,30,50046.95,30,720,2938620
BANKNIFTY-I.NFO,20/03/2025,09:16:25,50046.95,50040.3,30,50049.45,30,300,2938620
BANKNIFTY-I.NFO,20/03/2025,09:16:26,50030,50030,30,50043,60,1080,2938620
BANKNIFTY-I.NFO,20/03/2025,09:16:28,50025.55,50026.15,60,50042.65,120,480,2938620
BANKNIFTY-I.NFO,20/03/2025,09:16:29,50030,50021.9,240,50040.4,240,480,2938620
BANKNIFTY-I.NFO,20/03/2025,09:16:31,50025.75,50020.3,30,50033.65,210,90,2938620
BANKNIFTY-I.NFO,20/03/2025,09:16:33,50025.3,50017.6,30,50025.3,30,90,2938620
BANKNIFTY-I.NFO,20/03/2025,09:16:34,50013.15,50015.2,30,50025.3,150,240,2938620
BANKNIFTY-I.NFO,20/03/2025,09:16:36,50013.85,50008.45,60,50021.05,30,390,2938620
BANKNIFTY-I.NFO,20/03/2025,09:16:37,50005.35,50005.3,30,50013.15,30,60,2938620
BANKNIFTY-I.NFO,20/03/2025,09:16:39,50005.3,50002,60,50012.65,240,90,2938620
BANKNIFTY-I.NFO,20/03/2025,09:16:41,50002,50004.05,150,50012.6,120,870,2938620
BANKNIFTY-I.NFO,20/03/2025,09:16:42,50002.05,50001.45,30,50012.55,120,1110,2938620
BANKNIFTY-I.NFO,20/03/2025,09:16:44,50002.9,50007.75,30,50012.4,30,840,2938620
BANKNIFTY-I.NFO,20/03/2025,09:16:46,50000.7,50008.55,150,50012.35,90,330,2938620
BANKNIFTY-I.NFO,20/03/2025,09:16:47,50003.7,50005.85,30,50012.3,30,1080,2938620
BANKNIFTY-I.NFO,20/03/2025,09:16:49,50008.8,50011.05,150,50012.3,150,60,2938620
BANKNIFTY-I.NFO,20/03/2025,09:16:51,50016.1,50018.35,180,50032.65,270,1770,2938620
BANKNIFTY-I.NFO,20/03/2025,09:16:52,50018.2,50019.3,180,50032.6,150,60,2938620
BANKNIFTY-I.NFO,20/03/2025,09:16:54,50018.8,50018.4,150,50032.55,270,870,2938620
BANKNIFTY-I.NFO,20/03/2025,09:16:56,50037.6,50032.55,90,50037.6,240,330,2938620
BANKNIFTY-I.NFO,20/03/2025,09:16:57,50027.25,50028.4,240,50043,30,420,2938620
BANKNIFTY-I.NFO,20/03/2025,09:16:59,50038.9,50037.65,240,50045,90,270,2938620
BANKNIFTY-I.NFO,20/03/2025,09:17:01,50063.8,50051.75,30,50063.3,240,570,2938620
BANKNIFTY-I.NFO,20/03/2025,09:17:02,50052.95,50052.75,30,50063.85,120,510,2938620
BANKNIFTY-I.NFO,20/03/2025,09:17:04,50052.95,50045.6,30,50062.1,270,0,2938620
BANKNIFTY-I.NFO,20/03/2025,09:17:05,50068,50055.1,150,50069.95,240,480,2938620
BANKNIFTY-I.NFO,20/03/2025,09:17:07,50058.8,50041.05,30,50058.85,240,270,2938620
BANKNIFTY-I.NFO,20/03/2025,09:17:09,50056.9,50042.6,240,50058.8,150,420,2938620
BANKNIFTY-I.NFO,20/03/2025,09:17:10,50051.75,50038.6,90,50051.75,30,1050,2938620
BANKNIFTY-I.NFO,20/03/2025,09:17:12,50051.75,50035.9,30,50051.7,240,0,2938620
BANKNIFTY-I.NFO,20/03/2025,09:17:14,50050.3,50039.65,240,50051.7,90,300,2938620
BANKNIFTY-I.NFO,20/03/2025,09:17:15,50050,50039.5,60,50050,810,360,2938620
BANKNIFTY-I.NFO,20/03/2025,09:17:17,50040.35,50038,210,50050,630,810,2938620
BANKNIFTY-I.NFO,20/03/2025,09:17:18,50050,50040.25,30,50049.95,30,540,2938620
BANKNIFTY-I.NFO,20/03/2025,09:17:20,50050,50047,30,50049.95,60,240,2938620
BANKNIFTY-I.NFO,20/03/2025,09:17:22,50050,50046.4,30,50050,1980,180,2938620
BANKNIFTY-I.NFO,20/03/2025,09:17:23,50049.9,50042.3,30,50049.9,30,870,2938620
BANKNIFTY-I.NFO,20/03/2025,09:17:25,50044.3,50045.85,30,50049.9,60,150,2938620
BANKNIFTY-I.NFO,20/03/2025,09:17:27,50043.5,50044.75,30,50050,960,540,2938620
BANKNIFTY-I.NFO,20/03/2025,09:17:28,50036.95,50039.2,60,50049,510,1680,2938620
BANKNIFTY-I.NFO,20/03/2025,09:17:30,50046.3,50044.95,30,50049,480,90,2938620
BANKNIFTY-I.NFO,20/03/2025,09:17:31,50050,50047.95,60,50050,1200,720,2938620
BANKNIFTY-I.NFO,20/03/2025,09:17:33,50050,50047.6,60,50050,990,300,2938620
BANKNIFTY-I.NFO,20/03/2025,09:17:34,50050,50049.25,90,50051.75,60,1050,2938620
BANKNIFTY-I.NFO,20/03/2025,09:17:36,50050,50049.6,30,50051.7,60,390,2938620
BANKNIFTY-I.NFO,20/03/2025,09:17:38,50049.8,50048.3,60,50051.65,60,90,2938620
BANKNIFTY-I.NFO,20/03/2025,09:17:39,50049.9,50049.9,60,50051.65,60,270,2938620
BANKNIFTY-I.NFO,20/03/2025,09:17:41,50051.6,50049.9,60,50051.65,60,30,2938620
BANKNIFTY-I.NFO,20/03/2025,09:17:42,50050.15,50049.9,60,50051.65,90,30,2938620
BANKNIFTY-I.NFO,20/03/2025,09:17:44,50043.5,50043.5,90,50049.9,30,120,2938620
BANKNIFTY-I.NFO,20/03/2025,09:17:46,50045,50043.5,30,50045,90,150,2938620
BANKNIFTY-I.NFO,20/03/2025,09:17:47,50047.95,50048.95,30,50051.9,30,450,2938620
BANKNIFTY-I.NFO,20/03/2025,09:17:49,50057.35,50056.9,30,50068.95,120,930,2938620
BANKNIFTY-I.NFO,20/03/2025,09:17:51,50050.6,50051.95,30,50068.65,240,120,2938620
BANKNIFTY-I.NFO,20/03/2025,09:17:52,50068.6,50051.5,30,50068.6,390,120,2938620
BANKNIFTY-I.NFO,20/03/2025,09:17:54,50068.55,50052.25,30,50068.45,90,270,2938620
BANKNIFTY-I.NFO,20/03/2025,09:17:55,50068.35,50053.2,30,50068.45,60,360,2938620
BANKNIFTY-I.NFO,20/03/2025,09:17:57,50051.6,50050.25,30,50053.2,30,330,2938620
BANKNIFTY-I.NFO,20/03/2025,09:17:59,50053.2,50052.9,60,50065,30,330,2938620
BANKNIFTY-I.NFO,20/03/2025,09:18:00,50070,50065.65,60,50070,180,360,2938620
BANKNIFTY-I.NFO,20/03/2025,09:18:02,50070,50068.85,30,50070,60,150,2938620
BANKNIFTY-I.NFO,20/03/2025,09:18:04,50066.1,50059.25,60,50070,90,60,2938620
BANKNIFTY-I.NFO,20/03/2025,09:18:05,50061.4,50058.45,30,50070,90,120,2938620
BANKNIFTY-I.NFO,20/03/2025,09:18:07,50058.25,50057.8,30,50069.9,120,60,2938620
BANKNIFTY-I.NFO,20/03/2025,09:18:08,50069.85,50059.05,30,50069.85,30,90,2938620
BANKNIFTY-I.NFO,20/03/2025,09:18:10,50069.85,50055.85,120,50069.85,30,270,2938620
BANKNIFTY-I.NFO,20/03/2025,09:18:12,50055.3,50066.75,90,50069.85,120,90,2938620
BANKNIFTY-I.NFO,20/03/2025,09:18:13,50069.8,50066.75,90,50069.8,30,90,2938620
BANKNIFTY-I.NFO,20/03/2025,09:18:15,50068,50066.75,90,50068,30,210,2938620
BANKNIFTY-I.NFO,20/03/2025,09:18:16,50068,50066.75,90,50068,30,120,2938620
BANKNIFTY-I.NFO,20/03/2025,09:18:18,50068.8,50066.75,60,50068,30,150,2938620
BANKNIFTY-I.NFO,20/03/2025,09:18:20,50069,50066,30,50068,30,150,2938620
BANKNIFTY-I.NFO,20/03/2025,09:18:21,50069.85,50068,30,50069.85,90,240,2938620
BANKNIFTY-I.NFO,20/03/2025,09:18:23,50070,50067.3,30,50070,90,300,2938620
BANKNIFTY-I.NFO,20/03/2025,09:18:25,50060,50059.7,90,50069.1,30,360,2938620
BANKNIFTY-I.NFO,20/03/2025,09:18:26,50070,50060.85,30,50069.05,30,60,2938620
BANKNIFTY-I.NFO,20/03/2025,09:18:28,50061.85,50061.85,30,50069.85,30,240,2938620
BANKNIFTY-I.NFO,20/03/2025,09:18:29,50066.95,50060.95,30,50069.85,30,60,2936100
BANKNIFTY-I.NFO,20/03/2025,09:18:31,50066.95,50062,30,50069,30,0,2936100
BANKNIFTY-I.NFO,20/03/2025,09:18:33,50070,50068.3,30,50075,150,450,2936100
BANKNIFTY-I.NFO,20/03/2025,09:18:34,50069.2,50068.45,30,50075,90,150,2936100
BANKNIFTY-I.NFO,20/03/2025,09:18:36,50069.35,50065.95,60,50075,60,150,2936100
BANKNIFTY-I.NFO,20/03/2025,09:18:37,50075,50068.05,30,50075,30,30,2936100
BANKNIFTY-I.NFO,20/03/2025,09:18:39,50075.35,50068,30,50076.65,30,90,2936100
BANKNIFTY-I.NFO,20/03/2025,09:18:40,50075.35,50067.95,30,50075,30,0,2936100
BANKNIFTY-I.NFO,20/03/2025,09:18:42,50075.35,50069.5,30,50075,120,0,2936100
BANKNIFTY-I.NFO,20/03/2025,09:18:44,50075,50067.35,90,50075,60,300,2936100
BANKNIFTY-I.NFO,20/03/2025,09:18:45,50075,50069.35,900,50075,180,0,2936100
BANKNIFTY-I.NFO,20/03/2025,09:18:47,50075,50069.35,870,50075,210,60,2936100
BANKNIFTY-I.NFO,20/03/2025,09:18:48,50074.95,50069.35,870,50075,270,30,2936100
BANKNIFTY-I.NFO,20/03/2025,09:18:50,50069.35,50069.35,840,50075,330,30,2936100
BANKNIFTY-I.NFO,20/03/2025,09:18:52,50069.35,50069.35,780,50075,330,60,2936100
BANKNIFTY-I.NFO,20/03/2025,09:18:53,50072,50071.4,30,50074.95,30,330,2936100
BANKNIFTY-I.NFO,20/03/2025,09:18:55,50071.4,50069.35,750,50074.9,30,60,2936100
BANKNIFTY-I.NFO,20/03/2025,09:18:56,50074.9,50069.7,60,50074.9,30,150,2936100
BANKNIFTY-I.NFO,20/03/2025,09:18:58,50074.9,50074.9,30,50075,570,60,2936100
BANKNIFTY-I.NFO,20/03/2025,09:18:59,50070.25,50071,30,50074.9,210,120,2936100
BANKNIFTY-I.NFO,20/03/2025,09:19:01,50074.9,50070.9,30,50074.9,150,90,2936100
BANKNIFTY-I.NFO,20/03/2025,09:19:03,50074.85,50072.1,30,50074.9,90,360,2936100
BANKNIFTY-I.NFO,20/03/2025,09:19:04,50069.35,50070,30,50074.85,30,600,2936100
BANKNIFTY-I.NFO,20/03/2025,09:19:06,50070,50069.35,1350,50074.9,120,60,2936100
BANKNIFTY-I.NFO,20/03/2025,09:19:07,50070,50070,30,50074.9,150,0,2936100
BANKNIFTY-I.NFO,20/03/2025,09:19:09,50070.55,50072.3,30,50074.85,30,120,2936100
BANKNIFTY-I.NFO,20/03/2025,09:19:10,50070.25,50071.75,30,50074.9,60,120,2936100
BANKNIFTY-I.NFO,20/03/2025,09:19:12,50079,50076.15,30,50079.6,30,1230,2936100
BANKNIFTY-I.NFO,20/03/2025,09:19:13,50080,50072.95,30,50079.55,30,60,2936100
BANKNIFTY-I.NFO,20/03/2025,09:19:15,50079,50071.85,30,50079.55,60,60,2936100
BANKNIFTY-I.NFO,20/03/2025,09:19:16,50070,50070,60,50078,30,210,2936100
BANKNIFTY-I.NFO,20/03/2025,09:19:18,50070,50069.35,1350,50078,90,90,2936100
BANKNIFTY-I.NFO,20/03/2025,09:19:20,50069.35,50069.35,1290,50071.9,60,60,2936100
BANKNIFTY-I.NFO,20/03/2025,09:19:21,50071.85,50064,60,50071.9,30,1770,2936100
BANKNIFTY-I.NFO,20/03/2025,09:19:23,50064,50060,60,50069.1,30,60,2936100
BANKNIFTY-I.NFO,20/03/2025,09:19:24,50060,50053.25,30,50069.05,30,420,2936100
BANKNIFTY-I.NFO,20/03/2025,09:19:26,50053.25,50055,30,50068.95,30,120,2936100
BANKNIFTY-I.NFO,20/03/2025,09:19:28,50053.25,50061.3,30,50068.95,150,0,2936100
BANKNIFTY-I.NFO,20/03/2025,09:19:29,50062.25,50062.25,30,50068.95,60,210,2936100
BANKNIFTY-I.NFO,20/03/2025,09:19:31,50058.9,50058.4,30,50065.3,30,150,2936100
BANKNIFTY-I.NFO,20/03/2025,09:19:32,50061.65,50064.7,30,50065.3,60,600,2936100
BANKNIFTY-I.NFO,20/03/2025,09:19:34,50059.1,50055.85,30,50065.3,30,90,2936100
BANKNIFTY-I.NFO,20/03/2025,09:19:35,50061.65,50055.1,30,50065.3,60,390,2936100
BANKNIFTY-I.NFO,20/03/2025,09:19:37,50058.15,50055.85,30,50065.25,30,90,2936100
BANKNIFTY-I.NFO,20/03/2025,09:19:39,50065.2,50055.35,30,50065.25,60,450,2936100
BANKNIFTY-I.NFO,20/03/2025,09:19:40,50065.25,50057.35,30,50065.3,150,600,2936100
BANKNIFTY-I.NFO,20/03/2025,09:19:42,50065.3,50064,30,50065.3,60,120,2936100
BANKNIFTY-I.NFO,20/03/2025,09:19:43,50057.2,50059.85,30,50070,60,270,2936100
BANKNIFTY-I.NFO,20/03/2025,09:19:45,50057.35,50055.95,30,50057.35,480,150,2936100
BANKNIFTY-I.NFO,20/03/2025,09:19:47,50057.35,50055.95,30,50057.35,450,90,2936100
BANKNIFTY-I.NFO,20/03/2025,09:19:48,50057.35,50056,30,50057.35,300,300,2936100
BANKNIFTY-I.NFO,20/03/2025,09:19:50,50056,50055.4,30,50057.3,60,90,2936100
BANKNIFTY-I.NFO,20/03/2025,09:19:51,50055.4,50055,60,50057.3,60,60,2936100
BANKNIFTY-I.NFO,20/03/2025,09:19:53,50055,50051.15,30,50055.35,360,210,2936100
BANKNIFTY-I.NFO,20/03/2025,09:19:55,50055.4,50054.1,150,50057.35,210,450,2936100
BANKNIFTY-I.NFO,20/03/2025,09:19:56,50056,50056,150,50060,330,480,2936100
BANKNIFTY-I.NFO,20/03/2025,09:19:58,50060,50055,480,50059.95,30,60,2936100
BANKNIFTY-I.NFO,20/03/2025,09:19:59,50060,50056.65,30,50060,120,210,2936100
BANKNIFTY-I.NFO,20/03/2025,09:20:01,50061.15,50060.15,60,50061.65,60,780,2936100
BANKNIFTY-I.NFO,20/03/2025,09:20:03,50069,50067.05,30,50070,30,540,2936100
BANKNIFTY-I.NFO,20/03/2025,09:20:04,50066.15,50062.95,60,50069.95,30,150,2936100
BANKNIFTY-I.NFO,20/03/2025,09:20:06,50069.95,50062.9,90,50075.9,30,60,2936100
BANKNIFTY-I.NFO,20/03/2025,09:20:07,50077.95,50065.1,240,50078,30,150,2936100
BANKNIFTY-I.NFO,20/03/2025,09:20:09,50077.95,50069.25,60,50078,150,0,2936100
BANKNIFTY-I.NFO,20/03/2025,09:20:10,50078,50070,90,50075,30,90,2936100
BANKNIFTY-I.NFO,20/03/2025,09:20:12,50065,50065,90,50075,390,120,2936100
BANKNIFTY-I.NFO,20/03/2025,09:20:14,50074.85,50070,30,50074.9,60,300,2936100
BANKNIFTY-I.NFO,20/03/2025,09:20:15,50074.8,50062.9,90,50074.85,90,60,2936100
BANKNIFTY-I.NFO,20/03/2025,09:20:17,50074.85,50070,120,50074.85,240,270,2936100
BANKNIFTY-I.NFO,20/03/2025,09:20:19,50064,50061.75,60,50074.85,240,540,2936100
BANKNIFTY-I.NFO,20/03/2025,09:20:20,50073.8,50060,900,50073.05,30,180,2936100
BANKNIFTY-I.NFO,20/03/2025,09:20:22,50062.65,50060,900,50062.65,300,210,2936100
BANKNIFTY-I.NFO,20/03/2025,09:20:23,50060,50056.65,30,50062.65,570,900,2936100
BANKNIFTY-I.NFO,20/03/2025,09:20:25,50055,50050.1,60,50055.8,90,510,2936100
BANKNIFTY-I.NFO,20/03/2025,09:20:27,50048,50043.5,30,50052.9,120,420,2936100
BANKNIFTY-I.NFO,20/03/2025,09:20:28,50049.95,50041,30,50049.95,90,90,2936100
BANKNIFTY-I.NFO,20/03/2025,09:20:30,50049.95,50041,30,50049.95,270,0,2936100
BANKNIFTY-I.NFO,20/03/2025,09:20:32,50036.65,50032,30,50041,90,600,2936100
BANKNIFTY-I.NFO,20/03/2025,09:20:33,50024.1,50023.55,30,50039.3,240,690,2936100
BANKNIFTY-I.NFO,20/03/2025,09:20:35,50038.2,50021,60,50037.65,120,150,2936100
BANKNIFTY-I.NFO,20/03/2025,09:20:37,50020.3,50020,90,50024.1,30,120,2936100
BANKNIFTY-I.NFO,20/03/2025,09:20:38,50020,50012.95,30,50024.1,510,960,2936100
BANKNIFTY-I.NFO,20/03/2025,09:20:40,50024,50013.4,30,50020.3,30,750,2936100
BANKNIFTY-I.NFO,20/03/2025,09:20:42,50020.2,50010.15,30,50020.3,360,120,2936100
BANKNIFTY-I.NFO,20/03/2025,09:20:43,50020.25,50019.1,30,50023.55,30,750,2936100
BANKNIFTY-I.NFO,20/03/2025,09:20:45,50028,50023.65,30,50029.95,30,150,2936100
BANKNIFTY-I.NFO,20/03/2025,09:20:47,50029.9,50026.1,30,50036.65,120,90,2936100
BANKNIFTY-I.NFO,20/03/2025,09:20:48,50029.9,50025.95,30,50036.6,30,0,2936100
BANKNIFTY-I.NFO,20/03/2025,09:20:50,50036.9,50031.65,240,50040,30,150,2936100
BANKNIFTY-I.NFO,20/03/2025,09:20:52,50040,50039.05,210,50041,30,60,2936100
BANKNIFTY-I.NFO,20/03/2025,09:20:53,50041,50036.6,30,50040.9,30,30,2936100
BANKNIFTY-I.NFO,20/03/2025,09:20:55,50033.25,50029.85,30,50036.6,150,90,2936100
BANKNIFTY-I.NFO,20/03/2025,09:20:57,50036.6,50035.8,30,50036.9,60,330,2936100
BANKNIFTY-I.NFO,20/03/2025,09:20:59,50036.9,50034.35,90,50039.05,60,60,2936100
BANKNIFTY-I.NFO,20/03/2025,09:21:00,50039.05,50031.35,30,50039.05,30,60,2936100
BANKNIFTY-I.NFO,20/03/2025,09:21:02,50039.05,50033.5,30,50039.05,60,0,2936100
BANKNIFTY-I.NFO,20/03/2025,09:21:04,50033.5,50028.9,30,50039,30,30,2936100
BANKNIFTY-I.NFO,20/03/2025,09:21:05,50039,50030.5,60,50039.05,30,60,2936100
BANKNIFTY-I.NFO,20/03/2025,09:21:07,50029.05,50026.15,30,50033.25,30,210,2936100
BANKNIFTY-I.NFO,20/03/2025,09:21:09,50033.25,50027.55,30,50033.25,60,30,2936100
BANKNIFTY-I.NFO,20/03/2025,09:21:10,50027.7,50026.7,60,50033,30,270,2936100
BANKNIFTY-I.NFO,20/03/2025,09:21:12,50029.45,50029.3,60,50033,90,60,2936100
BANKNIFTY-I.NFO,20/03/2025,09:21:14,50027.75,50029.05,60,50033,90,240,2936100
BANKNIFTY-I.NFO,20/03/2025,09:21:15,50029.3,50030.4,30,50033,30,90,2936100
BANKNIFTY-I.NFO,20/03/2025,09:21:17,50030,50028.7,30,50033,30,30,2936100
BANKNIFTY-I.NFO,20/03/2025,09:21:19,50029.95,50030,30,50033,30,420,2936100
BANKNIFTY-I.NFO,20/03/2025,09:21:20,50032.95,50026,30,50032.9,240,120,2936100
BANKNIFTY-I.NFO,20/03/2025,09:21:22,50026,50024.9,90,50032.65,30,210,2936100
BANKNIFTY-I.NFO,20/03/2025,09:21:24,50027.95,50020.3,30,50028,30,180,2936100
BANKNIFTY-I.NFO,20/03/2025,09:21:25,50020.3,50020,420,50028,60,30,2936100
BANKNIFTY-I.NFO,20/03/2025,09:21:27,50020,50020,360,50028,60,60,2936100
BANKNIFTY-I.NFO,20/03/2025,09:21:29,50020,50020,360,50028,60,0,2936100
BANKNIFTY-I.NFO,20/03/2025,09:21:30,50020,50020,270,50027.95,240,210,2933820
BANKNIFTY-I.NFO,20/03/2025,09:21:32,50020,50018.85,30,50027.75,240,330,2933820
BANKNIFTY-I.NFO,20/03/2025,09:21:34,50020.3,50015.5,30,50020.3,90,60,2933820
BANKNIFTY-I.NFO,20/03/2025,09:21:35,50020.3,50015.5,30,50020,30,0,2933820
BANKNIFTY-I.NFO,20/03/2025,09:21:37,50020,50015.5,30,50020,210,30,2933820
BANKNIFTY-I.NFO,20/03/2025,09:21:39,50015,50014.5,30,50015.5,30,90,2933820
BANKNIFTY-I.NFO,20/03/2025,09:21:40,50011.35,50011.35,30,50015.5,810,270,2933820
BANKNIFTY-I.NFO,20/03/2025,09:21:42,50015.5,50011.35,30,50015.4,60,630,2933820
BANKNIFTY-I.NFO,20/03/2025,09:21:44,50020,50012.95,30,50020,30,510,2933820
BANKNIFTY-I.NFO,20/03/2025,09:21:45,50020.3,50014.1,30,50020.05,30,150,2933820
BANKNIFTY-I.NFO,20/03/2025,09:21:47,50019.95,50016.6,30,50020,30,90,2933820
BANKNIFTY-I.NFO,20/03/2025,09:21:49,50020.3,50019.65,30,50025,60,210,2933820
BANKNIFTY-I.NFO,20/03/2025,09:21:50,50021.55,50022,60,50024.95,60,1140,2933820
BANKNIFTY-I.NFO,20/03/2025,09:21:52,50018.5,50014.1,30,50024.8,270,90,2933820
BANKNIFTY-I.NFO,20/03/2025,09:21:54,49999,49999,270,50017.45,270,2880,2933820
BANKNIFTY-I.NFO,20/03/2025,09:21:55,50017.15,50005.35,30,50017.2,120,30,2933820
BANKNIFTY-I.NFO,20/03/2025,09:21:57,50003,50002.95,90,50017.15,510,30,2933820
BANKNIFTY-I.NFO,20/03/2025,09:21:59,50003,49999.7,30,50012.15,120,0,2933820
BANKNIFTY-I.NFO,20/03/2025,09:22:00,49999.7,49995,30,49999.7,150,360,2933820
BANKNIFTY-I.NFO,20/03/2025,09:22:02,49995,49991,30,49999.7,330,240,2933820
BANKNIFTY-I.NFO,20/03/2025,09:22:04,49995,49995.05,30,49999.7,210,0,2933820
BANKNIFTY-I.NFO,20/03/2025,09:22:05,49990,49988.1,30,49990,30,210,2933820
BANKNIFTY-I.NFO,20/03/2025,09:22:07,49987,49987.55,30,49990,240,210,2933820
BANKNIFTY-I.NFO,20/03/2025,09:22:09,49989.7,49988.7,30,50000,210,540,2933820
BANKNIFTY-I.NFO,20/03/2025,09:22:10,49991.1,49991,30,49999.95,30,180,2933820
BANKNIFTY-I.NFO,20/03/2025,09:22:12,49992.85,49992.7,60,50000,150,270,2933820
BANKNIFTY-I.NFO,20/03/2025,09:22:14,50000,49988.7,30,50000,30,300,2933820
BANKNIFTY-I.NFO,20/03/2025,09:22:15,50000,49996.9,60,50003,30,30,2933820
BANKNIFTY-I.NFO,20/03/2025,09:22:17,49998.65,49999.35,30,50007,30,360,2933820
BANKNIFTY-I.NFO,20/03/2025,09:22:19,50012.95,50005.2,30,50014.95,120,90,2933820
BANKNIFTY-I.NFO,20/03/2025,09:22:20,50004.95,50005,30,50014.95,90,630,2933820
BANKNIFTY-I.NFO,20/03/2025,09:22:22,50004,50003.4,90,50014.9,150,240,2933820
BANKNIFTY-I.NFO,20/03/2025,09:22:24,50006.25,50006.25,30,50014.8,30,2310,2933820
BANKNIFTY-I.NFO,20/03/2025,09:22:25,50006.9,50009.7,30,50014.75,150,120,2933820
BANKNIFTY-I.NFO,20/03/2025,09:22:27,50006.1,50006.05,60,50014.7,150,2040,2933820
BANKNIFTY-I.NFO,20/03/2025,09:22:28,50010.75,50008.4,30,50014.65,120,30,2933820
BANKNIFTY-I.NFO,20/03/2025,09:22:30,50008,50008.05,30,50014.6,60,1080,2933820
BANKNIFTY-I.NFO,20/03/2025,09:22:32,50013.2,50012.1,30,50014.6,30,600,2933820
BANKNIFTY-I.NFO,20/03/2025,09:22:33,50011.3,50011.7,30,50018.5,60,180,2933820
BANKNIFTY-I.NFO,20/03/2025,09:22:35,50013.85,50013.55,30,50019.95,30,180,2933820
BANKNIFTY-I.NFO,20/03/2025,09:22:37,50020,50017.75,30,50022,30,60,2933820
BANKNIFTY-I.NFO,20/03/2025,09:22:38,50022,50024.25,30,50030,30,60,2933820
BANKNIFTY-I.NFO,20/03/2025,09:22:40,50024.1,50024.1,30,50030,90,210,2933820
BANKNIFTY-I.NFO,20/03/2025,09:22:42,50025.1,50027.2,30,50029.95,60,30,2933820
BANKNIFTY-I.NFO,20/03/2025,09:22:43,50029.9,50028.5,30,50029.95,30,120,2933820
BANKNIFTY-I.NFO,20/03/2025,09:22:45,50028.9,50030.15,30,50032.65,30,210,2933820
BANKNIFTY-I.NFO,20/03/2025,09:22:47,50033,50025.9,30,50033,300,900,2933820
BANKNIFTY-I.NFO,20/03/2025,09:22:48,50033,50029,30,50032.95,30,270,2933820
BANKNIFTY-I.NFO,20/03/2025,09:22:50,50034.5,50034.2,60,50048.85,240,540,2933820
BANKNIFTY-I.NFO,20/03/2025,09:22:52,50048.85,50035.7,60,50048.3,240,30,2933820
BANKNIFTY-I.NFO,20/03/2025,09:22:53,50048.2,50035.7,30,50043.25,240,120,2933820
BANKNIFTY-I.NFO,20/03/2025,09:22:55,50042.95,50035.7,30,50042.85,270,30,2933820
BANKNIFTY-I.NFO,20/03/2025,09:22:57,50042.75,50035.7,30,50042.75,240,90,2933820
BANKNIFTY-I.NFO,20/03/2025,09:22:58,50044.4,50035.7,30,50045.9,90,210,2933820
BANKNIFTY-I.NFO,20/03/2025,09:23:00,50035.7,50034.65,30,50048.6,210,120,2933820
BANKNIFTY-I.NFO,20/03/2025,09:23:02,50035.7,50034.65,60,50035.7,210,30,2933820
BANKNIFTY-I.NFO,20/03/2025,09:23:03,50035.7,50033.7,30,50035.7,30,240,2933820
BANKNIFTY-I.NFO,20/03/2025,09:23:05,50035.15,50034.6,30,50045,240,300,2933820
BANKNIFTY-I.NFO,20/03/2025,09:23:07,50034.75,50034.6,30,50044.9,90,300,2933820
BANKNIFTY-I.NFO,20/03/2025,09:23:08,50031.6,50034.7,30,50044.85,30,120,2933820
BANKNIFTY-I.NFO,20/03/2025,09:23:10,50044.8,50035.85,60,50040,360,60,2933820
BANKNIFTY-I.NFO,20/03/2025,09:23:12,50040,50037.4,30,50040,270,120,2933820
BANKNIFTY-I.NFO,20/03/2025,09:23:14,50040,50037.85,30,50044.8,30,270,2933820
BANKNIFTY-I.NFO,20/03/2025,09:23:15,50034.05,50036.85,300,50044.8,60,120,2933820
BANKNIFTY-I.NFO,20/03/2025,09:23:17,50034.6,50034.75,30,50044.8,90,60,2933820
BANKNIFTY-I.NFO,20/03/2025,09:23:19,50034.6,50040,30,50044.7,120,0,2933820
BANKNIFTY-I.NFO,20/03/2025,09:23:20,50044.6,50031.25,30,50044.6,60,60,2933820
BANKNIFTY-I.NFO,20/03/2025,09:23:22,50024.15,50022.85,30,50039.3,150,360,2933820
BANKNIFTY-I.NFO,20/03/2025,09:23:24,50034.6,50020.1,60,50036.7,120,60,2933820
BANKNIFTY-I.NFO,20/03/2025,09:23:25,50034.6,50021.6,30,50025.5,30,180,2933820
BANKNIFTY-I.NFO,20/03/2025,09:23:27,50034.6,50021.45,60,50025.5,180,0,2933820
BANKNIFTY-I.NFO,20/03/2025,09:23:29,50034.6,50024.15,150,50025.5,30,900,2933820
BANKNIFTY-I.NFO,20/03/2025,09:23:30,50025.5,50023,150,50025.5,60,30,2933820
BANKNIFTY-I.NFO,20/03/2025,09:23:32,50025.5,50028.25,150,50035,30,60,2933820
BANKNIFTY-I.NFO,20/03/2025,09:23:34,50025.5,50027.15,240,50035,30,0,2933820
BANKNIFTY-I.NFO,20/03/2025,09:23:35,50030,50028.5,30,50035,90,60,2933820
BANKNIFTY-I.NFO,20/03/2025,09:23:37,50030,50030.9,150,50034.95,60,0,2933820
BANKNIFTY-I.NFO,20/03/2025,09:23:39,50035,50031,90,50039,300,90,2933820
BANKNIFTY-I.NFO,20/03/2025,09:23:40,50035,50034.35,30,50039,300,0,2933820
BANKNIFTY-I.NFO,20/03/2025,09:23:42,50036.65,50032.9,30,50038.85,30,30,2933820
BANKNIFTY-I.NFO,20/03/2025,09:23:44,50038.85,50036.5,30,50038.85,60,30,2933820
BANKNIFTY-I.NFO,20/03/2025,09:23:45,50038.85,50033.8,30,50038.85,120,0,2933820
BANKNIFTY-I.NFO,20/03/2025,09:23:47,50038.85,50030,60,50038.8,30,30,2933820
BANKNIFTY-I.NFO,20/03/2025,09:23:48,50038.85,50033.5,150,50038.8,150,0,2933820
BANKNIFTY-I.NFO,20/03/2025,09:23:50,50038.85,50030,60,50038.8,180,0,2933820
BANKNIFTY-I.NFO,20/03/2025,09:23:52,50030,50030,30,50038.75,90,30,2933820
BANKNIFTY-I.NFO,20/03/2025,09:23:53,50030,50030,180,50038.7,90,0,2933820
BANKNIFTY-I.NFO,20/03/2025,09:23:55,50030,50031.4,30,50032.8,240,0,2933820
BANKNIFTY-I.NFO,20/03/2025,09:23:57,50032.95,50032,30,50032.75,60,450,2933820
BANKNIFTY-I.NFO,20/03/2025,09:23:58,50039,50038.85,150,50039,210,300,2933820
BANKNIFTY-I.NFO,20/03/2025,09:24:00,50039,50038,60,50038.85,120,390,2933820
BANKNIFTY-I.NFO,20/03/2025,09:24:02,50038,50032.05,30,50038.85,120,90,2933820
BANKNIFTY-I.NFO,20/03/2025,09:24:03,50032.05,50032.05,120,50038.85,120,90,2933820
BANKNIFTY-I.NFO,20/03/2025,09:24:05,50027.7,50030,30,50038.85,90,690,2933820
BANKNIFTY-I.NFO,20/03/2025,09:24:07,50030,50025.5,30,50030,30,30,2933820
BANKNIFTY-I.NFO,20/03/2025,09:24:08,50030,50030.25,30,50032.6,30,120,2933820
BANKNIFTY-I.NFO,20/03/2025,09:24:10,50032.15,50028.75,30,50032.55,60,90,2933820
BANKNIFTY-I.NFO,20/03/2025,09:24:12,50030,50029.15,30,50032.55,60,90,2933820
BANKNIFTY-I.NFO,20/03/2025,09:24:13,50032.5,50035.55,30,50040,60,120,2933820
BANKNIFTY-I.NFO,20/03/2025,09:24:15,50036.35,50034,30,50040,90,60,2933820
BANKNIFTY-I.NFO,20/03/2025,09:24:17,50039.4,50038.45,30,50044.8,30,210,2933820
BANKNIFTY-I.NFO,20/03/2025,09:24:18,50045,50037.6,30,50044.75,30,420,2933820
BANKNIFTY-I.NFO,20/03/2025,09:24:20,50045,50037.05,30,50044.7,90,0,2933820
BANKNIFTY-I.NFO,20/03/2025,09:24:22,50036.65,50037.25,30,50039.8,90,30,2933820
BANKNIFTY-I.NFO,20/03/2025,09:24:23,50045,50038.95,30,50048.9,30,930,2933820
BANKNIFTY-I.NFO,20/03/2025,09:24:25,50038.95,50038.45,30,50048.9,30,30,2933820
BANKNIFTY-I.NFO,20/03/2025,09:24:27,50048.9,50040.95,30,50048.95,30,30,2933820
BANKNIFTY-I.NFO,20/03/2025,09:24:28,50050,50043.1,60,50050,240,1050,2933820
BANKNIFTY-I.NFO,20/03/2025,09:24:30,50042.75,50049,30,50050,360,120,2924580
BANKNIFTY-I.NFO,20/03/2025,09:24:32,50049,50048.9,900,50050,300,30,2924580
BANKNIFTY-I.NFO,20/03/2025,09:24:33,50050,50049.05,30,50050,150,240,2924580
BANKNIFTY-I.NFO,20/03/2025,09:24:35,50048.9,50050,90,50051,30,390,2924580
BANKNIFTY-I.NFO,20/03/2025,09:24:37,50048.9,50048.9,690,50055,30,270,2924580
BANKNIFTY-I.NFO,20/03/2025,09:24:38,50057.85,50052.3,30,50059,30,120,2924580
BANKNIFTY-I.NFO,20/03/2025,09:24:40,50059,50051.35,30,50059,30,30,2924580
BANKNIFTY-I.NFO,20/03/2025,09:24:42,50053,50053.7,60,50059,30,240,2924580
BANKNIFTY-I.NFO,20/03/2025,09:24:43,50059,50052.15,30,50060,60,30,2924580
BANKNIFTY-I.NFO,20/03/2025,09:24:45,50059,50053.65,30,50060,60,0,2924580
BANKNIFTY-I.NFO,20/03/2025,09:24:47,50054.35,50053.15,30,50059.95,30,90,2924580
BANKNIFTY-I.NFO,20/03/2025,09:24:48,50059,50057.85,30,50059.9,30,180,2924580
BANKNIFTY-I.NFO,20/03/2025,09:24:50,50059.9,50057.85,30,50059.9,30,30,2924580
BANKNIFTY-I.NFO,20/03/2025,09:24:53,50053.35,50052.25,60,50059.9,60,120,2924580
BANKNIFTY-I.NFO,20/03/2025,09:24:55,50053.35,50050.5,30,50059.9,150,0,2924580
BANKNIFTY-I.NFO,20/03/2025,09:24:57,50059.7,50051.9,30,50059.85,30,120,2924580
BANKNIFTY-I.NFO,20/03/2025,09:24:58,50059.7,50051.95,30,50059.85,120,0,2924580
BANKNIFTY-I.NFO,20/03/2025,09:25:00,50050.95,50050.05,30,50059.7,120,30,2924580
BANKNIFTY-I.NFO,20/03/2025,09:25:02,50050.95,50050.05,30,50059.6,180,0,2924580
BANKNIFTY-I.NFO,20/03/2025,09:25:03,50057.95,50050,90,50059.45,60,30,2924580
BANKNIFTY-I.NFO,20/03/2025,09:25:05,50050.05,50050,90,50059,60,60,2924580
BANKNIFTY-I.NFO,20/03/2025,09:25:07,50059.45,50050,90,50059,30,750,2924580
BANKNIFTY-I.NFO,20/03/2025,09:25:08,50060.65,50050,90,50059.75,120,300,2924580
BANKNIFTY-I.NFO,20/03/2025,09:25:10,50060.65,50050.95,30,50058.9,210,0,2924580
BANKNIFTY-I.NFO,20/03/2025,09:25:12,50049,50041.2,30,50050,60,180,2924580
BANKNIFTY-I.NFO,20/03/2025,09:25:13,50048,50040,60,50048.05,60,60,2924580
BANKNIFTY-I.NFO,20/03/2025,09:25:15,50048,50040,60,50048.05,240,0,2924580
BANKNIFTY-I.NFO,20/03/2025,09:25:17,50040,50034.25,30,50040,240,120,2924580
BANKNIFTY-I.NFO,20/03/2025,09:25:18,50040,50036.4,60,50039.95,30,180,2924580
BANKNIFTY-I.NFO,20/03/2025,09:25:20,50033.85,50030.2,30,50039.95,120,60,2924580
BANKNIFTY-I.NFO,20/03/2025,09:25:22,50033.85,50030.8,30,50038.6,60,0,2924580
BANKNIFTY-I.NFO,20/03/2025,09:25:23,50030.2,50028,30,50030.2,270,210,2924580
BANKNIFTY-I.NFO,20/03/2025,09:25:25,50028,50027.7,30,50030.15,60,60,2924580
BANKNIFTY-I.NFO,20/03/2025,09:25:27,50027.7,50025,30,50030.15,210,60,2924580
BANKNIFTY-I.NFO,20/03/2025,09:25:28,50022.15,50018.9,30,50027.7,150,570,2924580
BANKNIFTY-I.NFO,20/03/2025,09:25:30,50018.9,50023,30,50025,120,150,2924580
BANKNIFTY-I.NFO,20/03/2025,09:25:32,50014.4,50013.5,30,50024.95,300,300,2924580
BANKNIFTY-I.NFO,20/03/2025,09:25:33,50015.95,50015,30,50020,90,60,2924580
BANKNIFTY-I.NFO,20/03/2025,09:25:35,50015.2,50014.95,30,50015.95,270,480,2924580
BANKNIFTY-I.NFO,20/03/2025,09:25:37,50014.75,50001.95,30,50014.75,240,330,2924580
BANKNIFTY-I.NFO,20/03/2025,09:25:39,50001.8,50004.1,30,50014.75,240,780,2924580
BANKNIFTY-I.NFO,20/03/2025,09:25:40,50014.7,50008.1,30,50014,90,60,2924580
BANKNIFTY-I.NFO,20/03/2025,09:25:42,50014,50003,30,50014,90,600,2924580
BANKNIFTY-I.NFO,20/03/2025,09:25:44,50004.45,50006.3,60,50013.95,30,30,2924580
BANKNIFTY-I.NFO,20/03/2025,09:25:45,50013.95,50010.95,60,50014.95,30,240,2924580
BANKNIFTY-I.NFO,20/03/2025,09:25:47,50014.95,50012.15,30,50015,150,420,2924580
BANKNIFTY-I.NFO,20/03/2025,09:25:49,50015,50012,30,50015,30,390,2924580
BANKNIFTY-I.NFO,20/03/2025,09:25:50,50015,50015,30,50019.95,30,60,2924580
BANKNIFTY-I.NFO,20/03/2025,09:25:52,50012,50009.2,60,50019.95,30,30,2924580
BANKNIFTY-I.NFO,20/03/2025,09:25:54,50013.95,50013.55,60,50020,180,210,2924580
BANKNIFTY-I.NFO,20/03/2025,09:25:55,50016.05,50014.7,180,50019.95,30,180,2924580
BANKNIFTY-I.NFO,20/03/2025,09:25:57,50016.05,50016.75,60,50019.95,90,0,2924580
BANKNIFTY-I.NFO,20/03/2025,09:25:59,50018.6,50019.5,60,50019.9,60,1140,2924580
BANKNIFTY-I.NFO,20/03/2025,09:26:00,50020.5,50023.7,30,50030,30,240,2924580
BANKNIFTY-I.NFO,20/03/2025,09:26:02,50021.1,50018.85,30,50030,30,150,2924580
BANKNIFTY-I.NFO,20/03/2025,09:26:04,50021.1,50021.1,30,50029.25,300,0,2924580
BANKNIFTY-I.NFO,20/03/2025,09:26:05,50018.85,50012.6,30,50025.95,30,60,2924580
BANKNIFTY-I.NFO,20/03/2025,09:26:07,50008.4,50008.95,60,50022.85,240,480,2924580
BANKNIFTY-I.NFO,20/03/2025,09:26:09,50020.1,50008.8,30,50020.1,270,30,2924580
BANKNIFTY-I.NFO,20/03/2025,09:26:10,50000.75,50000.75,30,50008.95,30,660,2924580
BANKNIFTY-I.NFO,20/03/2025,09:26:12,50004,50000.7,30,50008.9,240,90,2924580
BANKNIFTY-I.NFO,20/03/2025,09:26:14,49999,49992.55,30,50000.25,240,2970,2924580
BANKNIFTY-I.NFO,20/03/2025,09:26:15,49999,49991.15,30,49999.55,270,0,2924580
BANKNIFTY-I.NFO,20/03/2025,09:26:17,49991.15,49991.1,30,49999.35,60,60,2924580
BANKNIFTY-I.NFO,20/03/2025,09:26:18,49991.15,49991.15,60,49999.1,210,0,2924580
BANKNIFTY-I.NFO,20/03/2025,09:26:20,50001.15,49992.95,30,50005.95,90,1050,2924580
BANKNIFTY-I.NFO,20/03/2025,09:26:22,49999,50000,60,50004.3,60,90,2924580
BANKNIFTY-I.NFO,20/03/2025,09:26:23,50000,50000,30,50000.7,90,150,2924580
BANKNIFTY-I.NFO,20/03/2025,09:26:25,50000,50000,30,50000.7,180,0,2924580
BANKNIFTY-I.NFO,20/03/2025,09:26:27,49998.65,49991.15,30,50000,30,1500,2924580
BANKNIFTY-I.NFO,20/03/2025,09:26:28,49991.15,49989,30,49999.95,270,360,2924580
BANKNIFTY-I.NFO,20/03/2025,09:26:30,49985,49984.95,30,49999.85,300,150,2924580
BANKNIFTY-I.NFO,20/03/2025,09:26:32,49991.15,49984.95,30,49998.65,270,30,2924580
BANKNIFTY-I.NFO,20/03/2025,09:26:33,49998.65,49986.95,90,49996.15,240,1020,2924580
BANKNIFTY-I.NFO,20/03/2025,09:26:35,49980,49978.3,60,49980,390,870,2924580
BANKNIFTY-I.NFO,20/03/2025,09:26:37,49995.7,49986,30,49995.7,300,930,2924580
BANKNIFTY-I.NFO,20/03/2025,09:26:38,49986,49983.4,60,49995.7,30,180,2924580
BANKNIFTY-I.NFO,20/03/2025,09:26:40,49981.5,49980.45,30,49986,270,420,2924580
BANKNIFTY-I.NFO,20/03/2025,09:26:42,49982.8,49982.8,60,49986,270,60,2924580
BANKNIFTY-I.NFO,20/03/2025,09:26:43,49980,49981.8,30,49986,270,60,2924580
BANKNIFTY-I.NFO,20/03/2025,09:26:45,49980,49978.3,60,49983,30,60,2924580
BANKNIFTY-I.NFO,20/03/2025,09:26:47,49980,49978.3,60,49983,60,0,2924580
BANKNIFTY-I.NFO,20/03/2025,09:26:48,49983,49980.75,60,49983,30,240,2924580
BANKNIFTY-I.NFO,20/03/2025,09:26:50,49986,49985.75,150,49986,180,90,2924580
BANKNIFTY-I.NFO,20/03/2025,09:26:52,49986,49985.65,150,49985.75,30,510,2924580
BANKNIFTY-I.NFO,20/03/2025,09:26:53,49984.25,49984.35,60,49985.65,150,150,2924580
BANKNIFTY-I.NFO,20/03/2025,09:26:55,49984.6,49984.05,30,49991.8,120,360,2924580
BANKNIFTY-I.NFO,20/03/2025,09:26:57,49983.6,49986,900,49991.8,150,90,2924580
BANKNIFTY-I.NFO,20/03/2025,09:26:58,49987.25,49986,900,49991.8,150,180,2924580
BANKNIFTY-I.NFO,20/03/2025,09:27:00,49986,49986,720,49991.75,270,390,2924580
BANKNIFTY-I.NFO,20/03/2025,09:27:02,49986.65,49980,60,49986.75,150,930,2924580
BANKNIFTY-I.NFO,20/03/2025,09:27:03,49986.65,49980,60,49985.65,60,0,2924580
BANKNIFTY-I.NFO,20/03/2025,09:27:05,49980,49978,60,49980,60,120,2924580
BANKNIFTY-I.NFO,20/03/2025,09:27:07,49978.15,49972,90,49977.55,240,210,2924580
BANKNIFTY-I.NFO,20/03/2025,09:27:08,49957.85,49960.15,60,49968.6,30,1050,2924580
BANKNIFTY-I.NFO,20/03/2025,09:27:10,49957.25,49958.25,90,49968.55,30,120,2924580
BANKNIFTY-I.NFO,20/03/2025,09:27:12,49961.5,49960.7,180,49968.55,60,150,2924580
BANKNIFTY-I.NFO,20/03/2025,09:27:13,49965.05,49964.05,240,49968.5,30,960,2924580
BANKNIFTY-I.NFO,20/03/2025,09:27:15,49968.5,49964.65,240,49968.5,60,30,2924580
BANKNIFTY-I.NFO,20/03/2025,09:27:17,49968.7,49968.35,90,49973,300,330,2924580
BANKNIFTY-I.NFO,20/03/2025,09:27:18,49969.35,49971.25,90,49972.95,30,450,2924580
BANKNIFTY-I.NFO,20/03/2025,09:27:20,49972.8,49972.55,30,49980,600,480,2924580
BANKNIFTY-I.NFO,20/03/2025,09:27:22,49974.9,49974.7,90,49980,600,150,2924580
BANKNIFTY-I.NFO,20/03/2025,09:27:23,49980,49978.75,90,49980,420,210,2924580
BANKNIFTY-I.NFO,20/03/2025,09:27:25,49980,49979.25,60,49985.65,60,600,2924580
BANKNIFTY-I.NFO,20/03/2025,09:27:27,49984.2,49984.3,30,49985.65,60,390,2924580
BANKNIFTY-I.NFO,20/03/2025,09:27:28,49985.6,49982.5,30,49988,30,120,2924580
BANKNIFTY-I.NFO,20/03/2025,09:27:30,49982.6,49982.5,30,49988,30,60,2924580
BANKNIFTY-I.NFO,20/03/2025,09:27:31,49982.6,49984.85,30,49988,60,60,2923110
BANKNIFTY-I.NFO,20/03/2025,09:27:33,49999.95,49990.1,30,50000,1050,420,2923110
BANKNIFTY-I.NFO,20/03/2025,09:27:35,49988.6,49987.95,30,49999.95,30,180,2923110
BANKNIFTY-I.NFO,20/03/2025,09:27:36,49987.95,49986.65,60,49999.9,240,240,2923110
BANKNIFTY-I.NFO,20/03/2025,09:27:38,49991.6,49991.25,30,49999.85,90,30,2923110
BANKNIFTY-I.NFO,20/03/2025,09:27:40,49993.25,49993.95,60,49999.85,90,30,2923110
BANKNIFTY-I.NFO,20/03/2025,09:27:42,50000,49999.75,30,50000,870,300,2923110
BANKNIFTY-I.NFO,20/03/2025,09:27:43,50000,49997,30,50000,210,690,2923110
BANKNIFTY-I.NFO,20/03/2025,09:27:45,49996.55,49996.1,30,50000,210,90,2923110
BANKNIFTY-I.NFO,20/03/2025,09:27:47,50000.7,49999.9,30,50000.7,30,240,2923110
BANKNIFTY-I.NFO,20/03/2025,09:27:48,50000.7,49999.75,30,50010,90,30,2923110
BANKNIFTY-I.NFO,20/03/2025,09:27:50,50000.7,50001.85,30,50010,90,0,2923110
BANKNIFTY-I.NFO,20/03/2025,09:27:52,50010,50004.9,150,50010,60,30,2923110
BANKNIFTY-I.NFO,20/03/2025,09:27:53,50008.25,50008.15,30,50010,30,210,2923110
BANKNIFTY-I.NFO,20/03/2025,09:27:55,50008.1,50006.3,30,50009.95,30,60,2923110
BANKNIFTY-I.NFO,20/03/2025,09:27:57,50018.85,50008.15,30,50019,30,90,2923110
BANKNIFTY-I.NFO,20/03/2025,09:27:58,50024.95,50009.35,30,50019,30,330,2923110
BANKNIFTY-I.NFO,20/03/2025,09:28:00,50019,50013.15,60,50024.9,120,90,2923110
BANKNIFTY-I.NFO,20/03/2025,09:28:02,50019,50014,30,50023.85,180,0,2923110
BANKNIFTY-I.NFO,20/03/2025,09:28:03,50019,50014,30,50021,180,0,2923110
BANKNIFTY-I.NFO,20/03/2025,09:28:05,50019,50014,30,50020.85,60,0,2923110
BANKNIFTY-I.NFO,20/03/2025,09:28:07,50008.7,50008.25,30,50015,90,900,2923110
BANKNIFTY-I.NFO,20/03/2025,09:28:08,50008.7,50009.75,150,50015,90,0,2923110
BANKNIFTY-I.NFO,20/03/2025,09:28:10,50022.7,50017.35,30,50025,30,540,2923110
BANKNIFTY-I.NFO,20/03/2025,09:28:11,50025,50018.5,150,50025,30,30,2923110
BANKNIFTY-I.NFO,20/03/2025,09:28:13,50019.05,50017.35,30,50025,90,30,2923110
BANKNIFTY-I.NFO,20/03/2025,09:28:15,50019.05,50020.9,30,50024.95,90,0,2923110
BANKNIFTY-I.NFO,20/03/2025,09:28:16,50024.95,50024.2,30,50026,30,90,2923110
BANKNIFTY-I.NFO,20/03/2025,09:28:18,50026,50025.65,150,50028,30,90,2923110
BANKNIFTY-I.NFO,20/03/2025,09:28:20,50025.65,50025.25,30,50025.65,30,150,2923110
BANKNIFTY-I.NFO,20/03/2025,09:28:21,50026.15,50027.7,150,50028,30,270,2923110
BANKNIFTY-I.NFO,20/03/2025,09:28:23,50030,50027.4,30,50030.65,120,180,2923110
BANKNIFTY-I.NFO,20/03/2025,09:28:25,50029.95,50029.75,30,50036.65,30,180,2923110
BANKNIFTY-I.NFO,20/03/2025,09:28:26,50029.8,50028.35,30,50036.65,30,390,2923110
BANKNIFTY-I.NFO,20/03/2025,09:28:28,50044.95,50040,60,50044.95,120,480,2923110
BANKNIFTY-I.NFO,20/03/2025,09:28:30,50044.85,50028.9,30,50041.2,90,330,2923110
BANKNIFTY-I.NFO,20/03/2025,09:28:31,50028.9,50026,60,50029.9,30,30,2923110
BANKNIFTY-I.NFO,20/03/2025,09:28:33,50029.9,50028,300,50029.9,60,30,2923110
BANKNIFTY-I.NFO,20/03/2025,09:28:35,50028,50028,30,50029.9,120,270,2923110
BANKNIFTY-I.NFO,20/03/2025,09:28:36,50028.9,50026,60,50028,90,60,2923110
BANKNIFTY-I.NFO,20/03/2025,09:28:38,50026,50025.65,30,50026,120,90,2923110
BANKNIFTY-I.NFO,20/03/2025,09:28:40,50026,50025.65,30,50026,270,0,2923110
BANKNIFTY-I.NFO,20/03/2025,09:28:41,50018.75,50016.9,180,50025.95,120,180,2923110
BANKNIFTY-I.NFO,20/03/2025,09:28:43,50018.75,50019.25,150,50025.95,180,0,2923110
BANKNIFTY-I.NFO,20/03/2025,09:28:45,50034.15,50018.5,240,50033.35,120,1110,2923110
BANKNIFTY-I.NFO,20/03/2025,09:28:46,50016.8,50017.35,240,50033.35,150,30,2923110
BANKNIFTY-I.NFO,20/03/2025,09:28:48,50016.8,50017.65,30,50032.05,210,0,2923110
BANKNIFTY-I.NFO,20/03/2025,09:28:50,50015.6,50011.3,30,50028.85,210,150,2923110
BANKNIFTY-I.NFO,20/03/2025,09:28:51,50015.6,50008.8,30,50019.45,150,0,2923110
BANKNIFTY-I.NFO,20/03/2025,09:28:53,50008.8,50004.2,60,50008.8,180,30,2923110
BANKNIFTY-I.NFO,20/03/2025,09:28:55,50008.8,50003.95,30,50008.8,270,30,2923110
BANKNIFTY-I.NFO,20/03/2025,09:28:56,50021.9,50008.25,150,50015.6,30,900,2923110
BANKNIFTY-I.NFO,20/03/2025,09:28:58,50008.3,50007.8,150,50015.6,30,150,2923110
BANKNIFTY-I.NFO,20/03/2025,09:29:00,50008.3,50001,30,50015.55,180,0,2923110
BANKNIFTY-I.NFO,20/03/2025,09:29:01,50001,50000.15,30,50015.55,30,30,2923110
BANKNIFTY-I.NFO,20/03/2025,09:29:03,50000,50000,90,50015.45,180,180,2923110
BANKNIFTY-I.NFO,20/03/2025,09:29:05,50000,50000.6,30,50015.5,150,0,2923110
BANKNIFTY-I.NFO,20/03/2025,09:29:06,50000,50004.05,30,50014,30,0,2923110
BANKNIFTY-I.NFO,20/03/2025,09:29:08,50009.8,50011.4,30,50013.95,30,90,2923110
BANKNIFTY-I.NFO,20/03/2025,09:29:10,50015.55,50014.85,90,50015.55,60,120,2923110
BANKNIFTY-I.NFO,20/03/2025,09:29:11,50015.55,50015.4,30,50015.55,60,150,2923110
BANKNIFTY-I.NFO,20/03/2025,09:29:13,50025,50023.3,90,50030,120,120,2923110
BANKNIFTY-I.NFO,20/03/2025,09:29:15,50025.1,50025.35,150,50030,120,120,2923110
BANKNIFTY-I.NFO,20/03/2025,09:29:16,50025.2,50025.3,150,50030,120,90,2923110
BANKNIFTY-I.NFO,20/03/2025,09:29:18,50023.6,50023.75,180,50030,150,30,2923110
BANKNIFTY-I.NFO,20/03/2025,09:29:20,50025,50024.9,30,50025,120,150,2923110
BANKNIFTY-I.NFO,20/03/2025,09:29:21,50025.2,50025.25,30,50030,210,240,2923110
BANKNIFTY-I.NFO,20/03/2025,09:29:23,50030,50023.85,150,50025,60,30,2923110
BANKNIFTY-I.NFO,20/03/2025,09:29:25,50030,50022.45,150,50025,240,0,2923110
BANKNIFTY-I.NFO,20/03/2025,09:29:26,50025,50024.75,30,50025,270,360,2923110
BANKNIFTY-I.NFO,20/03/2025,09:29:28,50020.4,50018.4,30,50024.8,30,210,2923110
BANKNIFTY-I.NFO,20/03/2025,09:29:30,50020.4,50017.55,60,50024.8,120,0,2923110
BANKNIFTY-I.NFO,20/03/2025,09:29:31,50024.8,50017.2,150,50024.8,90,30,2923110
BANKNIFTY-I.NFO,20/03/2025,09:29:33,50016.65,50017,210,50024.75,30,90,2923110
BANKNIFTY-I.NFO,20/03/2025,09:29:35,50016.65,50016.95,30,50019.95,30,330,2923110
BANKNIFTY-I.NFO,20/03/2025,09:29:36,50019.9,50016.3,150,50019.95,90,90,2923110
BANKNIFTY-I.NFO,20/03/2025,09:29:38,50019.9,50017.7,300,50019.95,90,0,2923110
BANKNIFTY-I.NFO,20/03/2025,09:29:40,50015.8,50015.55,30,50019.95,90,150,2923110
BANKNIFTY-I.NFO,20/03/2025,09:29:41,50019.95,50018.3,30,50024.75,60,120,2923110
BANKNIFTY-I.NFO,20/03/2025,09:29:43,50019.85,50017.75,60,50024.75,60,150,2923110
BANKNIFTY-I.NFO,20/03/2025,09:29:45,50024.75,50022.4,30,50024.75,30,30,2923110
BANKNIFTY-I.NFO,20/03/2025,09:29:46,50022,50021.75,30,50022,60,30,2923110
BANKNIFTY-I.NFO,20/03/2025,09:29:48,50025,50024.9,60,50030,210,330,2923110
BANKNIFTY-I.NFO,20/03/2025,09:29:50,50025,50027.65,150,50030,210,0,2923110
BANKNIFTY-I.NFO,20/03/2025,09:29:51,50025,50027.25,60,50030,210,0,2923110
BANKNIFTY-I.NFO,20/03/2025,09:29:53,50030,50022.15,30,50030,180,180,2923110
BANKNIFTY-I.NFO,20/03/2025,09:29:55,50030,50025,30,50029.95,30,0,2923110
BANKNIFTY-I.NFO,20/03/2025,09:29:56,50030,50028.1,30,50029.95,30,0,2923110
BANKNIFTY-I.NFO,20/03/2025,09:29:58,50030,50027.2,330,50029.95,180,0,2923110
BANKNIFTY-I.NFO,20/03/2025,09:30:00,50030,50029.35,60,50029.95,300,0,2923110
BANKNIFTY-I.NFO,20/03/2025,09:30:01,50025.85,50025,30,50029.9,210,180,2923110
BANKNIFTY-I.NFO,20/03/2025,09:30:03,50021.7,50020.45,30,50029,60,60,2923110
BANKNIFTY-I.NFO,20/03/2025,09:30:05,50021.7,50024,30,50028.95,60,0,2923110
BANKNIFTY-I.NFO,20/03/2025,09:30:06,50028.95,50026.5,30,50028.95,180,60,2923110
BANKNIFTY-I.NFO,20/03/2025,09:30:08,50030,50031.4,30,50034,30,540,2923110
BANKNIFTY-I.NFO,20/03/2025,09:30:10,50030.1,50029.75,180,50037.95,30,300,2923110
BANKNIFTY-I.NFO,20/03/2025,09:30:11,50030.1,50028.9,30,50037.95,60,0,2923110
BANKNIFTY-I.NFO,20/03/2025,09:30:13,50024.15,50023.5,90,50035.7,330,1050,2923110
BANKNIFTY-I.NFO,20/03/2025,09:30:15,50023.5,50023.5,60,50036.4,240,30,2923110
BANKNIFTY-I.NFO,20/03/2025,09:30:16,50023.55,50024.15,30,50033.6,270,30,2923110
BANKNIFTY-I.NFO,20/03/2025,09:30:18,50023.55,50024.15,30,50033.1,270,0,2923110
BANKNIFTY-I.NFO,20/03/2025,09:30:20,50024.15,50023.5,60,50032.15,30,30,2923110
BANKNIFTY-I.NFO,20/03/2025,09:30:21,50033,50023.5,60,50030.75,300,30,2923110
BANKNIFTY-I.NFO,20/03/2025,09:30:23,50023.5,50010,30,50024.9,330,60,2923110
BANKNIFTY-I.NFO,20/03/2025,09:30:25,50007.2,50004.8,150,50018.8,240,240,2923110
BANKNIFTY-I.NFO,20/03/2025,09:30:26,50007.2,50006.25,210,50018.75,60,0,2923110
BANKNIFTY-I.NFO,20/03/2025,09:30:28,50007.2,50008.8,30,50018.75,90,0,2923110
BANKNIFTY-I.NFO,20/03/2025,09:30:30,50007.2,50010.15,480,50018.7,90,0,2923110
BANKNIFTY-I.NFO,20/03/2025,09:30:31,50018.7,50006.6,30,50018.85,30,930,2919180
BANKNIFTY-I.NFO,20/03/2025,09:30:33,50018.7,50007.4,180,50018.85,30,0,2919180
BANKNIFTY-I.NFO,20/03/2025,09:30:35,50015,50008.75,330,50015,270,30,2919180
BANKNIFTY-I.NFO,20/03/2025,09:30:36,50015,50016,30,50028.9,30,510,2919180
BANKNIFTY-I.NFO,20/03/2025,09:30:38,50016.35,50016.65,270,50028.9,30,180,2919180
BANKNIFTY-I.NFO,20/03/2025,09:30:40,50016.35,50014.75,30,50027.55,180,0,2919180
BANKNIFTY-I.NFO,20/03/2025,09:30:41,50025.05,50014.75,30,50026.85,180,60,2919180
BANKNIFTY-I.NFO,20/03/2025,09:30:43,50025.05,50016.35,30,50026.15,180,0,2919180
BANKNIFTY-I.NFO,20/03/2025,09:30:45,50026.1,50016.35,30,50025,180,30,2919180
BANKNIFTY-I.NFO,20/03/2025,09:30:46,50016.35,50014.75,30,50024.45,180,30,2919180
BANKNIFTY-I.NFO,20/03/2025,09:30:48,50016.35,50014.75,30,50024.4,150,0,2919180
BANKNIFTY-I.NFO,20/03/2025,09:30:50,50012.65,50013.85,30,50024.3,30,150,2919180
BANKNIFTY-I.NFO,20/03/2025,09:30:51,50012.65,50015.35,210,50024.25,120,0,2919180
BANKNIFTY-I.NFO,20/03/2025,09:30:53,50012.65,50010.9,210,50015.35,30,0,2919180
BANKNIFTY-I.NFO,20/03/2025,09:30:54,50010.15,50010,60,50015.35,210,210,2919180
BANKNIFTY-I.NFO,20/03/2025,09:30:56,50015.3,50014.25,30,50015.3,30,120,2919180
BANKNIFTY-I.NFO,20/03/2025,09:30:58,50015.35,50015.25,30,50024.9,30,150,2919180
BANKNIFTY-I.NFO,20/03/2025,09:30:59,50015.35,50015.25,30,50024.05,270,0,2919180
BANKNIFTY-I.NFO,20/03/2025,09:31:01,50015.35,50015.45,30,50023.1,30,0,2919180
BANKNIFTY-I.NFO,20/03/2025,09:31:03,50015.35,50015.6,30,50025.05,30,0,2919180
BANKNIFTY-I.NFO,20/03/2025,09:31:04,50015.35,50018.1,30,50025,540,0,2919180
BANKNIFTY-I.NFO,20/03/2025,09:31:06,50015.35,50017.7,30,50025,540,0,2919180
BANKNIFTY-I.NFO,20/03/2025,09:31:08,50024.8,50015.25,30,50024.95,30,30,2919180
BANKNIFTY-I.NFO,20/03/2025,09:31:09,50024.8,50016.35,30,50024.95,90,0,2919180
BANKNIFTY-I.NFO,20/03/2025,09:31:11,50024.8,50015.25,30,50024.9,30,0,2919180
BANKNIFTY-I.NFO,20/03/2025,09:31:13,50015.25,50011.35,30,50023.85,270,30,2919180
BANKNIFTY-I.NFO,20/03/2025,09:31:14,50011.25,50011.05,30,50019.9,90,480,2919180
BANKNIFTY-I.NFO,20/03/2025,09:31:16,50011.25,50014.45,30,50019.85,60,0,2919180
BANKNIFTY-I.NFO,20/03/2025,09:31:17,50015,50014.35,30,50018.85,30,480,2919180
BANKNIFTY-I.NFO,20/03/2025,09:31:19,50015,50012.6,30,50018.8,60,0,2919180
BANKNIFTY-I.NFO,20/03/2025,09:31:21,50015,50011,30,50015,60,0,2919180
BANKNIFTY-I.NFO,20/03/2025,09:31:22,50011.25,50011,30,50015,240,330,2919180
BANKNIFTY-I.NFO,20/03/2025,09:31:24,50014.9,50011.25,30,50014.95,120,60,2919180
BANKNIFTY-I.NFO,20/03/2025,09:31:26,50011.45,50011,30,50011.35,30,150,2919180
BANKNIFTY-I.NFO,20/03/2025,09:31:27,50011.5,50011.5,30,50015,60,210,2919180
BANKNIFTY-I.NFO,20/03/2025,09:31:29,50011.55,50011.2,30,50014.95,30,60,2919180
BANKNIFTY-I.NFO,20/03/2025,09:31:31,50011.55,50011.2,30,50014.9,30,0,2919180
BANKNIFTY-I.NFO,20/03/2025,09:31:32,50011,50010,60,50014.9,60,60,2919180
BANKNIFTY-I.NFO,20/03/2025,09:31:34,50014.9,50010,60,50015,30,60,2919180
BANKNIFTY-I.NFO,20/03/2025,09:31:36,50004.75,50005.9,30,50015,60,450,2919180
BANKNIFTY-I.NFO,20/03/2025,09:31:37,50004.75,50012.15,30,50014.95,30,0,2919180
BANKNIFTY-I.NFO,20/03/2025,09:31:39,50004.75,50012.35,30,50014.95,90,0,2919180
BANKNIFTY-I.NFO,20/03/2025,09:31:41,50004.75,50009.65,60,50014.9,30,0,2919180
BANKNIFTY-I.NFO,20/03/2025,09:31:42,50010.3,50011.2,30,50014,210,30,2919180
BANKNIFTY-I.NFO,20/03/2025,09:31:44,50009.35,50008.1,60,50013.95,30,30,2919180
BANKNIFTY-I.NFO,20/03/2025,09:31:46,50009.35,50008.6,30,50010,30,0,2919180
BANKNIFTY-I.NFO,20/03/2025,09:31:47,50011.4,50011.45,30,50014,210,270,2919180
BANKNIFTY-I.NFO,20/03/2025,09:31:49,50014,50010.9,30,50014,180,30,2919180
BANKNIFTY-I.NFO,20/03/2025,09:31:50,50014,50011.15,180,50014,180,0,2919180
BANKNIFTY-I.NFO,20/03/2025,09:31:52,50014,50012.5,180,50014,30,150,2919180
BANKNIFTY-I.NFO,20/03/2025,09:31:54,50015,50014,30,50015,30,330,2919180
BANKNIFTY-I.NFO,20/03/2025,09:31:55,50015,50014.95,30,50015,30,0,2919180
BANKNIFTY-I.NFO,20/03/2025,09:31:57,50015.8,50016.1,30,50025,540,120,2919180
BANKNIFTY-I.NFO,20/03/2025,09:31:59,50021.55,50020.3,30,50025,540,300,2919180
BANKNIFTY-I.NFO,20/03/2025,09:32:01,50025,50019.35,30,50025,510,30,2919180
BANKNIFTY-I.NFO,20/03/2025,09:32:02,50025,50020.85,30,50025,510,0,2919180
BANKNIFTY-I.NFO,20/03/2025,09:32:04,50016.4,50017.05,30,50024,30,240,2919180
BANKNIFTY-I.NFO,20/03/2025,09:32:05,50024,50016.75,30,50024,60,30,2919180
BANKNIFTY-I.NFO,20/03/2025,09:32:07,50013.6,50013.45,30,50024,30,180,2919180
BANKNIFTY-I.NFO,20/03/2025,09:32:09,50008.4,50007.55,150,50018.8,240,150,2919180
BANKNIFTY-I.NFO,20/03/2025,09:32:10,50018.8,50010,300,50018.8,30,30,2919180
BANKNIFTY-I.NFO,20/03/2025,09:32:12,50009.15,50007.8,30,50018.8,30,360,2919180
BANKNIFTY-I.NFO,20/03/2025,09:32:14,50009.15,50010,90,50018.8,60,0,2919180
BANKNIFTY-I.NFO,20/03/2025,09:32:15,50009.15,50010,90,50018.75,30,0,2919180
BANKNIFTY-I.NFO,20/03/2025,09:32:17,50018.55,50010,90,50018.65,240,30,2919180
BANKNIFTY-I.NFO,20/03/2025,09:32:19,50018.55,50010,90,50015.85,270,0,2919180
BANKNIFTY-I.NFO,20/03/2025,09:32:20,50010,50005,30,50014.6,330,90,2919180
BANKNIFTY-I.NFO,20/03/2025,09:32:22,50009.05,50005,30,50008.95,240,60,2919180
BANKNIFTY-I.NFO,20/03/2025,09:32:23,50008.45,50004.25,30,50007.65,240,60,2919180
BANKNIFTY-I.NFO,20/03/2025,09:32:25,50008.45,50004.25,30,50007.6,60,0,2919180
BANKNIFTY-I.NFO,20/03/2025,09:32:27,50007.6,50004.25,30,50007.6,180,60,2919180
BANKNIFTY-I.NFO,20/03/2025,09:32:28,50007.6,50004.25,30,50006.6,30,0,2919180
BANKNIFTY-I.NFO,20/03/2025,09:32:30,50005,50004.25,30,50006.6,210,30,2919180
BANKNIFTY-I.NFO,20/03/2025,09:32:32,50004.25,50000.55,30,50004.25,30,30,2919180
BANKNIFTY-I.NFO,20/03/2025,09:32:33,50004.25,50000.55,30,50004.25,270,0,2919180
BANKNIFTY-I.NFO,20/03/2025,09:32:35,50004.15,50000.55,30,50004.2,120,90,2919180
BANKNIFTY-I.NFO,20/03/2025,09:32:37,50000.55,50000.1,30,50004.15,60,30,2919180
BANKNIFTY-I.NFO,20/03/2025,09:32:38,50000,50000,510,50000.05,30,90,2919180
BANKNIFTY-I.NFO,20/03/2025,09:32:40,50000.05,49992,30,50000.05,270,930,2919180
BANKNIFTY-I.NFO,20/03/2025,09:32:41,49991.75,49978.7,30,49991.75,90,840,2919180
BANKNIFTY-I.NFO,20/03/2025,09:32:43,49991.75,49983.15,30,49991.75,30,510,2919180
BANKNIFTY-I.NFO,20/03/2025,09:32:45,49983.1,49984.65,30,49991.75,90,180,2919180
BANKNIFTY-I.NFO,20/03/2025,09:32:46,49982.15,49991.75,90,49998.85,240,450,2919180
BANKNIFTY-I.NFO,20/03/2025,09:32:48,49991.7,49982.5,90,49991.65,30,180,2919180
BANKNIFTY-I.NFO,20/03/2025,09:32:50,49988.25,49987.95,30,49991.65,30,90,2919180
BANKNIFTY-I.NFO,20/03/2025,09:32:51,49991.65,49991.65,2010,50003.25,270,180,2919180
BANKNIFTY-I.NFO,20/03/2025,09:32:53,49991.65,49991.65,1770,50002.95,270,240,2919180
BANKNIFTY-I.NFO,20/03/2025,09:32:55,49991.65,49991.65,780,49991.75,150,990,2919180
BANKNIFTY-I.NFO,20/03/2025,09:32:56,49996.6,49991.75,30,49996.6,30,960,2919180
BANKNIFTY-I.NFO,20/03/2025,09:32:58,49991.75,49984.85,60,49995.6,30,30,2919180
BANKNIFTY-I.NFO,20/03/2025,09:33:00,49991.75,49984.6,30,49995.6,60,0,2919180
BANKNIFTY-I.NFO,20/03/2025,09:33:01,49991.75,49984.6,60,49993.2,30,0,2919180
BANKNIFTY-I.NFO,20/03/2025,09:33:03,49991.75,49991.65,60,49993.2,30,0,2919180
BANKNIFTY-I.NFO,20/03/2025,09:33:05,49991.75,49991.65,60,49991.75,30,0,2919180
BANKNIFTY-I.NFO,20/03/2025,09:33:06,49991.65,49985.6,90,49991.75,60,60,2919180
BANKNIFTY-I.NFO,20/03/2025,09:33:08,49991.65,49988.3,30,49991.75,60,0,2919180
BANKNIFTY-I.NFO,20/03/2025,09:33:09,50000,50000,60,50004.25,210,150,2919180
BANKNIFTY-I.NFO,20/03/2025,09:33:11,49994.2,49993.25,30,50004.25,150,210,2919180
BANKNIFTY-I.NFO,20/03/2025,09:33:13,50004.25,49994.25,30,50004.25,90,2100,2919180
BANKNIFTY-I.NFO,20/03/2025,09:33:14,49995.4,49995.65,30,50004.25,90,30,2919180
BANKNIFTY-I.NFO,20/03/2025,09:33:16,49995.4,49995.65,30,50001.65,30,0,2919180
BANKNIFTY-I.NFO,20/03/2025,09:33:17,50001.6,49997.15,30,50004.25,90,60,2919180
BANKNIFTY-I.NFO,20/03/2025,09:33:19,50000,49999.9,30,50000,1800,210,2919180
BANKNIFTY-I.NFO,20/03/2025,09:33:21,50000,49999.9,30,50000,1800,0,2919180
BANKNIFTY-I.NFO,20/03/2025,09:33:22,49995.65,49994.75,30,49995.65,810,180,2919180
BANKNIFTY-I.NFO,20/03/2025,09:33:24,49995.65,49995,30,49995.65,690,120,2919180
BANKNIFTY-I.NFO,20/03/2025,09:33:25,49995.65,49995.35,30,49995.65,660,210,2919180
BANKNIFTY-I.NFO,20/03/2025,09:33:27,49991.75,49991,30,49995.65,660,30,2919180
BANKNIFTY-I.NFO,20/03/2025,09:33:29,49991.75,49991,30,49995.65,660,0,2919180
BANKNIFTY-I.NFO,20/03/2025,09:33:30,49990,49989.75,30,49990,1410,1110,2919180
BANKNIFTY-I.NFO,20/03/2025,09:33:32,49990,49989.75,30,49990,1320,150,2916450
BANKNIFTY-I.NFO,20/03/2025,09:33:34,49989.95,49989.75,30,49990,690,630,2916450
BANKNIFTY-I.NFO,20/03/2025,09:33:35,49989.95,49989.75,30,49989.95,30,0,2916450
BANKNIFTY-I.NFO,20/03/2025,09:33:37,49989.9,49989.75,30,49990,660,30,2916450
BANKNIFTY-I.NFO,20/03/2025,09:33:38,49989.9,49989.75,30,49989.95,30,0,2916450
BANKNIFTY-I.NFO,20/03/2025,09:33:40,49979.75,49977.35,60,49987.75,30,240,2916450
BANKNIFTY-I.NFO,20/03/2025,09:33:42,49979.75,49977.35,60,49987.45,30,0,2916450
BANKNIFTY-I.NFO,20/03/2025,09:33:43,49979.75,49975.3,30,49977.35,600,0,2916450
BANKNIFTY-I.NFO,20/03/2025,09:33:45,49977.35,49977.15,30,49977.35,270,360,2916450
BANKNIFTY-I.NFO,20/03/2025,09:33:47,49986.85,49977.15,30,49987.3,270,900,2916450
BANKNIFTY-I.NFO,20/03/2025,09:33:48,49980,49976.3,30,49980,630,90,2916450
BANKNIFTY-I.NFO,20/03/2025,09:33:50,49980,49977.45,30,49979.9,240,0,2916450
BANKNIFTY-I.NFO,20/03/2025,09:33:52,49977.45,49975,60,49979.8,240,30,2916450
BANKNIFTY-I.NFO,20/03/2025,09:33:53,49977.45,49975,60,49979,60,0,2916450
BANKNIFTY-I.NFO,20/03/2025,09:33:55,49975,49975,30,49977.45,120,30,2916450
BANKNIFTY-I.NFO,20/03/2025,09:33:57,49977.45,49975,30,49977.35,30,60,2916450
BANKNIFTY-I.NFO,20/03/2025,09:33:58,49974,49971.75,30,49974.95,240,150,2916450
BANKNIFTY-I.NFO,20/03/2025,09:34:00,49961.4,49959.35,30,49965,180,660,2916450
BANKNIFTY-I.NFO,20/03/2025,09:34:02,49961.4,49962,30,49964.35,60,0,2916450
BANKNIFTY-I.NFO,20/03/2025,09:34:03,49964.35,49961.45,30,49964.3,60,300,2916450
BANKNIFTY-I.NFO,20/03/2025,09:34:05,49964.3,49959.25,30,49964.3,90,60,2916450
BANKNIFTY-I.NFO,20/03/2025,09:34:07,49960.8,49960.8,30,49964.3,90,30,2916450
BANKNIFTY-I.NFO,20/03/2025,09:34:08,49960.8,49960,30,49964,60,90,2916450
BANKNIFTY-I.NFO,20/03/2025,09:34:10,49964,49959.25,30,49963.95,60,60,2916450
BANKNIFTY-I.NFO,20/03/2025,09:34:12,49960,49959.95,30,49960,120,540,2916450
BANKNIFTY-I.NFO,20/03/2025,09:34:14,49964.9,49963.05,30,49968.5,60,600,2916450
BANKNIFTY-I.NFO,20/03/2025,09:34:15,49963.4,49962.8,30,49968.5,60,60,2916450
BANKNIFTY-I.NFO,20/03/2025,09:34:17,49959.6,49961.4,30,49968.45,30,1020,2916450
BANKNIFTY-I.NFO,20/03/2025,09:34:19,49968,49960.8,30,49968,90,30,2916450
BANKNIFTY-I.NFO,20/03/2025,09:34:20,49968,49963,30,49968,90,0,2916450
BANKNIFTY-I.NFO,20/03/2025,09:34:22,49977.45,49969.8,30,49978,30,390,2916450
BANKNIFTY-I.NFO,20/03/2025,09:34:24,49969.8,49967.1,150,49978,30,30,2916450
BANKNIFTY-I.NFO,20/03/2025,09:34:25,49969.8,49971.45,30,49978,30,0,2916450
BANKNIFTY-I.NFO,20/03/2025,09:34:27,49969.8,49970.8,30,49978,30,0,2916450
BANKNIFTY-I.NFO,20/03/2025,09:34:29,49970.4,49970.4,360,49976.65,30,420,2916450
BANKNIFTY-I.NFO,20/03/2025,09:34:30,49970.4,49968,30,49973.95,60,0,2916450
BANKNIFTY-I.NFO,20/03/2025,09:34:32,49968,49967,30,49973.95,90,30,2916450
BANKNIFTY-I.NFO,20/03/2025,09:34:33,49968,49970,30,49973.95,120,0,2916450
BANKNIFTY-I.NFO,20/03/2025,09:34:35,49968,49970,30,49973.85,60,0,2916450
BANKNIFTY-I.NFO,20/03/2025,09:34:37,49968,49968,30,49970,60,60,2916450
BANKNIFTY-I.NFO,20/03/2025,09:34:38,49970,49968.85,60,49973.8,30,180,2916450
BANKNIFTY-I.NFO,20/03/2025,09:34:40,49970,49968,30,49973.7,30,0,2916450
BANKNIFTY-I.NFO,20/03/2025,09:34:42,49973.7,49968.45,210,49976.65,30,60,2916450
BANKNIFTY-I.NFO,20/03/2025,09:34:43,49973.7,49973.7,30,49976.65,30,0,2916450
BANKNIFTY-I.NFO,20/03/2025,09:34:45,49973.75,49973.7,30,49976.6,30,30,2916450
BANKNIFTY-I.NFO,20/03/2025,09:34:46,49976.6,49973.7,30,49976.65,30,30,2916450
BANKNIFTY-I.NFO,20/03/2025,09:34:48,49976.6,49974.35,30,49976.65,60,0,2916450
BANKNIFTY-I.NFO,20/03/2025,09:34:50,49975.7,49973.7,30,49976.65,30,60,2916450
BANKNIFTY-I.NFO,20/03/2025,09:34:51,49980,49980.15,30,49985,30,150,2916450
BANKNIFTY-I.NFO,20/03/2025,09:34:53,49985,49984.3,30,49984.9,30,60,2916450
BANKNIFTY-I.NFO,20/03/2025,09:34:55,49988.05,49988.25,30,49989,30,210,2916450
BANKNIFTY-I.NFO,20/03/2025,09:34:56,49989,49987.15,30,49990,30,30,2916450
BANKNIFTY-I.NFO,20/03/2025,09:34:58,49989.4,49987.75,90,49990,30,90,2916450
BANKNIFTY-I.NFO,20/03/2025,09:34:59,49994.05,49993,30,50000,810,180,2916450
BANKNIFTY-I.NFO,20/03/2025,09:35:01,49995.15,49995.2,30,50000,420,480,2916450
BANKNIFTY-I.NFO,20/03/2025,09:35:03,49992,49990.65,30,49995.2,30,150,2916450
BANKNIFTY-I.NFO,20/03/2025,09:35:04,49989.85,49990.25,60,49995.2,90,30,2916450
BANKNIFTY-I.NFO,20/03/2025,09:35:06,50004.25,49995.9,30,50004.25,30,1110,2916450
BANKNIFTY-I.NFO,20/03/2025,09:35:08,49996.2,49997.7,30,50004.25,90,30,2916450
BANKNIFTY-I.NFO,20/03/2025,09:35:09,49996.2,50000,90,50004.2,60,0,2916450
BANKNIFTY-I.NFO,20/03/2025,09:35:11,50000,49989.4,30,50000,30,210,2916450
BANKNIFTY-I.NFO,20/03/2025,09:35:12,50000,49989.4,30,49997.65,30,0,2916450
BANKNIFTY-I.NFO,20/03/2025,09:35:14,50000,49989.4,30,49995.15,90,0,2916450
BANKNIFTY-I.NFO,20/03/2025,09:35:16,49990,49989.4,30,49995.05,30,30,2916450
BANKNIFTY-I.NFO,20/03/2025,09:35:17,49995.1,49989.4,30,49995.05,60,30,2916450
BANKNIFTY-I.NFO,20/03/2025,09:35:19,49995.1,49989.4,30,49995,30,0,2916450
BANKNIFTY-I.NFO,20/03/2025,09:35:21,49995.1,49989.4,30,49994.95,30,0,2916450
BANKNIFTY-I.NFO,20/03/2025,09:35:22,49989.4,49988.25,30,49992.8,240,30,2916450
BANKNIFTY-I.NFO,20/03/2025,09:35:24,49980,49975.15,30,49984.25,90,90,2916450
BANKNIFTY-I.NFO,20/03/2025,09:35:26,49980,49975.15,30,49984.2,30,0,2916450
BANKNIFTY-I.NFO,20/03/2025,09:35:27,49980,49975.15,30,49984.2,90,0,2916450
BANKNIFTY-I.NFO,20/03/2025,09:35:29,49980,49975.15,30,49984.15,30,0,2916450
BANKNIFTY-I.NFO,20/03/2025,09:35:31,49984.15,49976.6,30,49984.15,60,30,2916450
BANKNIFTY-I.NFO,20/03/2025,09:35:32,49976.6,49976.2,30,49984.15,60,30,2916450
BANKNIFTY-I.NFO,20/03/2025,09:35:34,49976.6,49979,30,49984.15,60,0,2916450
BANKNIFTY-I.NFO,20/03/2025,09:35:36,49978.45,49978.65,30,49988.7,30,150,2916450
BANKNIFTY-I.NFO,20/03/2025,09:35:37,49984.1,49978.65,30,49988.6,30,30,2916450
BANKNIFTY-I.NFO,20/03/2025,09:35:39,49984.1,49978.4,30,49980,30,0,2916450
BANKNIFTY-I.NFO,20/03/2025,09:35:41,49980,49980,90,49984.1,30,660,2916450
BANKNIFTY-I.NFO,20/03/2025,09:35:42,49984.05,49980,30,49988.7,30,90,2916450
BANKNIFTY-I.NFO,20/03/2025,09:35:44,49980,49978.1,30,49980,90,60,2916450
BANKNIFTY-I.NFO,20/03/2025,09:35:46,49980,49977.65,30,49980.05,30,90,2916450
BANKNIFTY-I.NFO,20/03/2025,09:35:47,49980.05,49977.3,30,49988.6,30,30,2916450
BANKNIFTY-I.NFO,20/03/2025,09:35:49,49980.05,49977.3,30,49980.05,30,0,2916450
BANKNIFTY-I.NFO,20/03/2025,09:35:51,49977.3,49975.15,60,49980.05,60,30,2916450
BANKNIFTY-I.NFO,20/03/2025,09:35:52,49977.3,49975.15,60,49980.05,60,0,2916450
BANKNIFTY-I.NFO,20/03/2025,09:35:54,49980.05,49975.15,60,49980.05,30,90,2916450
BANKNIFTY-I.NFO,20/03/2025,09:35:56,49977,49975.15,60,49980.05,30,30,2916450
BANKNIFTY-I.NFO,20/03/2025,09:35:57,49976.45,49975.15,60,49980.05,30,30,2916450
BANKNIFTY-I.NFO,20/03/2025,09:35:59,49976.45,49975.6,240,49980.05,30,0,2916450
BANKNIFTY-I.NFO,20/03/2025,09:36:01,49976.45,49975.15,60,49980.05,30,0,2916450
BANKNIFTY-I.NFO,20/03/2025,09:36:04,49976.45,49975.15,60,49980.05,60,0,2916450
BANKNIFTY-I.NFO,20/03/2025,09:36:06,49975.15,49968.6,30,49979.05,60,60,2916450
BANKNIFTY-I.NFO,20/03/2025,09:36:07,49975.15,49968,30,49970,60,0,2916450
BANKNIFTY-I.NFO,20/03/2025,09:36:09,49970.1,49968.65,30,49984.4,300,570,2916450
BANKNIFTY-I.NFO,20/03/2025,09:36:10,49970,49968.6,30,49980.45,30,30,2916450
BANKNIFTY-I.NFO,20/03/2025,09:36:12,49970,49970,300,49975,60,0,2916450
BANKNIFTY-I.NFO,20/03/2025,09:36:14,49975,49970,150,49975,30,180,2916450
BANKNIFTY-I.NFO,20/03/2025,09:36:16,49972.7,49970,150,49975,30,30,2916450
BANKNIFTY-I.NFO,20/03/2025,09:36:17,49970,49970,120,49975,30,30,2916450
BANKNIFTY-I.NFO,20/03/2025,09:36:19,49970.05,49973,30,49975,30,30,2916450
BANKNIFTY-I.NFO,20/03/2025,09:36:21,49970.05,49972.55,30,49975,60,0,2916450
BANKNIFTY-I.NFO,20/03/2025,09:36:22,49973,49970,120,49975,60,30,2916450
BANKNIFTY-I.NFO,20/03/2025,09:36:24,49970.05,49971.6,30,49975,60,30,2916450
BANKNIFTY-I.NFO,20/03/2025,09:36:26,49975,49975.05,60,49980,60,60,2916450
BANKNIFTY-I.NFO,20/03/2025,09:36:27,49980,49976.95,30,49980,60,30,2916450
BANKNIFTY-I.NFO,20/03/2025,09:36:29,49980,49975.2,30,49980,60,0,2916450
BANKNIFTY-I.NFO,20/03/2025,09:36:31,49980,49975.7,30,49980.35,30,60,2916450
BANKNIFTY-I.NFO,20/03/2025,09:36:32,49980,49976,30,49980.35,60,0,2916450
BANKNIFTY-I.NFO,20/03/2025,09:36:34,49980,49980,1590,49980.35,60,540,2915460
BANKNIFTY-I.NFO,20/03/2025,09:36:36,49980,49980,900,49980.35,60,690,2915460
BANKNIFTY-I.NFO,20/03/2025,09:36:37,49980,49980,660,49980.35,120,240,2915460
BANKNIFTY-I.NFO,20/03/2025,09:36:39,49980,49975,90,49978.85,30,660,2915460
BANKNIFTY-I.NFO,20/03/2025,09:36:41,49975,49970,30,49976.75,30,90,2915460
BANKNIFTY-I.NFO,20/03/2025,09:36:42,49976.55,49970,30,49975,600,30,2915460
BANKNIFTY-I.NFO,20/03/2025,09:36:44,49976.55,49970,30,49974.5,30,0,2915460
BANKNIFTY-I.NFO,20/03/2025,09:36:45,49976.55,49970,30,49974.5,150,0,2915460
BANKNIFTY-I.NFO,20/03/2025,09:36:47,49975,49970,30,49974.4,60,300,2915460
BANKNIFTY-I.NFO,20/03/2025,09:36:49,49970,49968,30,49974.05,330,30,2915460
BANKNIFTY-I.NFO,20/03/2025,09:36:50,49970,49968,30,49970,90,0,2915460
BANKNIFTY-I.NFO,20/03/2025,09:36:52,49968,49960.8,30,49968.25,300,30,2915460
BANKNIFTY-I.NFO,20/03/2025,09:36:54,49960.8,49960,300,49968.15,150,30,2915460
BANKNIFTY-I.NFO,20/03/2025,09:36:55,49960.8,49960,300,49967.7,30,0,2915460
BANKNIFTY-I.NFO,20/03/2025,09:36:57,49970,49960,300,49965.2,240,570,2915460
BANKNIFTY-I.NFO,20/03/2025,09:36:59,49962.15,49957,60,49961.95,180,420,2915460
BANKNIFTY-I.NFO,20/03/2025,09:37:00,49950,49950,240,49958.15,210,1500,2915460
BANKNIFTY-I.NFO,20/03/2025,09:37:02,49950,49949,30,49957,30,270,2915460
BANKNIFTY-I.NFO,20/03/2025,09:37:04,49949,49944.05,30,49956.85,30,450,2915460
BANKNIFTY-I.NFO,20/03/2025,09:37:05,49956.65,49944.75,150,49956.8,30,60,2915460
BANKNIFTY-I.NFO,20/03/2025,09:37:07,49946.95,49951,30,49956.7,30,90,2915460
BANKNIFTY-I.NFO,20/03/2025,09:37:09,49949.85,49949.95,30,49956.65,60,330,2915460
BANKNIFTY-I.NFO,20/03/2025,09:37:10,49949.85,49949.95,30,49956.55,60,0,2915460
BANKNIFTY-I.NFO,20/03/2025,09:37:12,49950.6,49952.7,30,49956.45,30,60,2915460
BANKNIFTY-I.NFO,20/03/2025,09:37:14,49956.3,49951.05,30,49956.45,90,120,2915460
BANKNIFTY-I.NFO,20/03/2025,09:37:15,49956.3,49950,30,49956.45,90,0,2915460
BANKNIFTY-I.NFO,20/03/2025,09:37:17,49947.75,49949.35,30,49956.35,60,300,2915460
BANKNIFTY-I.NFO,20/03/2025,09:37:18,49950.05,49949.55,30,49952.7,30,30,2915460
BANKNIFTY-I.NFO,20/03/2025,09:37:20,49955.2,49955.7,30,49962.65,30,180,2915460
BANKNIFTY-I.NFO,20/03/2025,09:37:22,49962.65,49959.95,30,49966.65,30,60,2915460
BANKNIFTY-I.NFO,20/03/2025,09:37:23,49962.65,49960.95,30,49966.5,30,0,2915460
BANKNIFTY-I.NFO,20/03/2025,09:37:25,49962.4,49963.7,30,49966.5,30,240,2915460
BANKNIFTY-I.NFO,20/03/2025,09:37:27,49962.4,49962.3,60,49963.7,30,0,2915460
BANKNIFTY-I.NFO,20/03/2025,09:37:28,49962.2,49963.5,30,49963.7,120,30,2915460
BANKNIFTY-I.NFO,20/03/2025,09:37:30,49963.7,49963.65,30,49966,30,240,2915460
BANKNIFTY-I.NFO,20/03/2025,09:37:32,49961.3,49966,30,49966.65,30,210,2915460
BANKNIFTY-I.NFO,20/03/2025,09:37:33,49966.65,49966,30,49974.25,30,30,2915460
BANKNIFTY-I.NFO,20/03/2025,09:37:35,49970,49966,30,49974.2,30,30,2915460
BANKNIFTY-I.NFO,20/03/2025,09:37:37,49962.65,49963.4,60,49974.75,60,150,2915460
BANKNIFTY-I.NFO,20/03/2025,09:37:38,49962.65,49960.2,30,49971.3,30,0,2915460
BANKNIFTY-I.NFO,20/03/2025,09:37:40,49962.65,49960.5,30,49971.35,60,0,2915460
BANKNIFTY-I.NFO,20/03/2025,09:37:42,49962.65,49963.75,30,49971.5,30,0,2915460
BANKNIFTY-I.NFO,20/03/2025,09:37:43,49964.6,49962.85,30,49974.9,60,30,2915460
BANKNIFTY-I.NFO,20/03/2025,09:37:45,49974.3,49963,30,49973.65,330,30,2915460
BANKNIFTY-I.NFO,20/03/2025,09:37:47,49963,49962.4,60,49969,60,30,2915460
BANKNIFTY-I.NFO,20/03/2025,09:37:48,49963,49962.4,60,49968.95,60,0,2915460
BANKNIFTY-I.NFO,20/03/2025,09:37:50,49962.4,49962.4,30,49968.75,30,120,2915460
BANKNIFTY-I.NFO,20/03/2025,09:37:52,49962.4,49962.4,30,49968.7,30,0,2915460
BANKNIFTY-I.NFO,20/03/2025,09:37:53,49968.65,49961,30,49968.7,90,330,2915460
BANKNIFTY-I.NFO,20/03/2025,09:37:55,49968.65,49961,30,49968.5,270,0,2915460
BANKNIFTY-I.NFO,20/03/2025,09:37:57,49961,49960.3,30,49968.3,240,60,2915460
BANKNIFTY-I.NFO,20/03/2025,09:37:58,49962.9,49960.3,30,49968.25,60,330,2915460
BANKNIFTY-I.NFO,20/03/2025,09:38:00,49960.3,49955.5,30,49961,90,30,2915460
BANKNIFTY-I.NFO,20/03/2025,09:38:02,49960.3,49955.5,30,49958.5,30,0,2915460
BANKNIFTY-I.NFO,20/03/2025,09:38:03,49950.5,49950,240,49957.65,180,390,2915460
BANKNIFTY-I.NFO,20/03/2025,09:38:05,49942.8,49943.5,30,49956,240,600,2915460
BANKNIFTY-I.NFO,20/03/2025,09:38:07,49955.5,49941.25,30,49952.75,60,240,2915460
BANKNIFTY-I.NFO,20/03/2025,09:38:08,49941.25,49941.1,30,49942,30,90,2915460
BANKNIFTY-I.NFO,20/03/2025,09:38:10,49942,49941.1,30,49943.5,30,300,2915460
BANKNIFTY-I.NFO,20/03/2025,09:38:12,49943.25,49941.9,210,49958,270,570,2915460
BANKNIFTY-I.NFO,20/03/2025,09:38:13,49943.5,49941,60,49955,270,30,2915460
BANKNIFTY-I.NFO,20/03/2025,09:38:15,49941.25,49941,60,49941.25,30,30,2915460
BANKNIFTY-I.NFO,20/03/2025,09:38:17,49940.3,49940,240,49955.1,270,360,2915460
BANKNIFTY-I.NFO,20/03/2025,09:38:18,49941,49943.5,60,49949,30,90,2915460
BANKNIFTY-I.NFO,20/03/2025,09:38:20,49943.55,49945.9,30,49949,60,30,2915460
BANKNIFTY-I.NFO,20/03/2025,09:38:22,49943.5,49941.5,210,49955.35,30,330,2915460
BANKNIFTY-I.NFO,20/03/2025,09:38:23,49949,49941.95,210,49943.55,60,60,2915460
BANKNIFTY-I.NFO,20/03/2025,09:38:25,49943.55,49943.7,210,49955.5,120,120,2915460
BANKNIFTY-I.NFO,20/03/2025,09:38:27,49943.55,49942,30,49951.1,30,0,2915460
BANKNIFTY-I.NFO,20/03/2025,09:38:28,49942,49941.25,30,49950.9,300,90,2915460
BANKNIFTY-I.NFO,20/03/2025,09:38:30,49942,49941.25,30,49945,150,0,2915460
BANKNIFTY-I.NFO,20/03/2025,09:38:32,49941.25,49940.3,30,49945,240,30,2915460
BANKNIFTY-I.NFO,20/03/2025,09:38:33,49944.95,49940,390,49945,210,120,2915460
BANKNIFTY-I.NFO,20/03/2025,09:38:35,49944.95,49940,390,49945,210,0,2915460
BANKNIFTY-I.NFO,20/03/2025,09:38:37,49944.95,49942,30,49945,240,0,2915460
BANKNIFTY-I.NFO,20/03/2025,09:38:38,49942,49940.05,210,49944.75,30,30,2915460
BANKNIFTY-I.NFO,20/03/2025,09:38:40,49940.3,49940,180,49940.3,2940,300,2915460
BANKNIFTY-I.NFO,20/03/2025,09:38:42,49940,49938,30,49940.3,3000,210,2915460
BANKNIFTY-I.NFO,20/03/2025,09:38:43,49937,49937,540,49940.3,3000,270,2915460
BANKNIFTY-I.NFO,20/03/2025,09:38:45,49937,49937,540,49940.2,30,0,2915460
BANKNIFTY-I.NFO,20/03/2025,09:38:47,49937,49937,540,49940.15,60,0,2915460
BANKNIFTY-I.NFO,20/03/2025,09:38:48,49937,49936.6,30,49937,540,600,2915460
BANKNIFTY-I.NFO,20/03/2025,09:38:50,49937,49936.6,30,49936.95,30,690,2915460
BANKNIFTY-I.NFO,20/03/2025,09:38:52,49936.55,49936,30,49936.6,1470,90,2915460
BANKNIFTY-I.NFO,20/03/2025,09:38:53,49936.6,49935,30,49936.6,630,930,2915460
BANKNIFTY-I.NFO,20/03/2025,09:38:55,49928.05,49928.05,30,49930,210,2070,2915460
BANKNIFTY-I.NFO,20/03/2025,09:38:55,49928.05,49928.05,30,49930,210,0,2915460
BANKNIFTY-I.NFO,20/03/2025,09:38:57,49927,49925.1,30,49928.3,30,120,2915460
BANKNIFTY-I.NFO,20/03/2025,09:38:57,49927,49925.1,30,49928.3,30,0,2915460
BANKNIFTY-I.NFO,20/03/2025,09:38:58,49928.25,49920,180,49928.3,60,660,2915460
BANKNIFTY-I.NFO,20/03/2025,09:38:58,49922.3,49920,180,49928.3,60,0,2915460
BANKNIFTY-I.NFO,20/03/2025,09:39:00,49920,49918.15,60,49926.2,240,420,2915460
BANKNIFTY-I.NFO,20/03/2025,09:39:00,49920,49918.15,60,49926.2,240,0,2915460
BANKNIFTY-I.NFO,20/03/2025,09:39:02,49924.45,49915.05,90,49924.3,240,150,2915460
BANKNIFTY-I.NFO,20/03/2025,09:39:02,49917.4,49915.05,90,49924.3,240,0,2915460
BANKNIFTY-I.NFO,20/03/2025,09:39:03,49915.05,49915,60,49919.65,90,90,2915460
BANKNIFTY-I.NFO,20/03/2025,09:39:03,49915.05,49915,60,49919.65,90,0,2915460
BANKNIFTY-I.NFO,20/03/2025,09:39:05,49920,49915.15,30,49920,60,240,2915460
BANKNIFTY-I.NFO,20/03/2025,09:39:07,49921.5,49921.45,30,49929.9,30,330,2915460
BANKNIFTY-I.NFO,20/03/2025,09:39:08,49919.8,49920.5,30,49929.85,120,390,2915460
BANKNIFTY-I.NFO,20/03/2025,09:39:10,49913.95,49913,30,49921.8,30,1140,2915460
BANKNIFTY-I.NFO,20/03/2025,09:39:10,49913.95,49913,30,49921.8,30,0,2915460
BANKNIFTY-I.NFO,20/03/2025,09:39:12,49913,49911,150,49913,180,990,2915460
BANKNIFTY-I.NFO,20/03/2025,09:39:12,49911,49911,150,49913,180,0,2915460
BANKNIFTY-I.NFO,20/03/2025,09:39:13,49911,49911,60,49912.95,60,60,2915460
BANKNIFTY-I.NFO,20/03/2025,09:39:15,49911,49910.3,30,49918.3,120,1170,2915460
BANKNIFTY-I.NFO,20/03/2025,09:39:17,49910.3,49910,180,49910.3,240,120,2915460
BANKNIFTY-I.NFO,20/03/2025,09:39:17,49910,49910,180,49910.3,240,0,2915460
BANKNIFTY-I.NFO,20/03/2025,09:39:18,49910,49909,30,49910,900,480,2915460
BANKNIFTY-I.NFO,20/03/2025,09:39:20,49909.05,49905,30,49910,960,210,2915460
BANKNIFTY-I.NFO,20/03/2025,09:39:20,49905,49905,30,49910,960,0,2915460
BANKNIFTY-I.NFO,20/03/2025,09:39:22,49903.45,49903,180,49909,30,300,2915460
BANKNIFTY-I.NFO,20/03/2025,09:39:22,49903,49903,180,49909,30,0,2915460
BANKNIFTY-I.NFO,20/03/2025,09:39:23,49905.2,49905.6,60,49910,930,540,2915460
BANKNIFTY-I.NFO,20/03/2025,09:39:25,49903.45,49906.35,30,49910,870,180,2915460
BANKNIFTY-I.NFO,20/03/2025,09:39:27,49910.3,49909.8,30,49918.3,30,990,2915460
BANKNIFTY-I.NFO,20/03/2025,09:39:28,49909,49910,60,49914.05,30,600,2915460
BANKNIFTY-I.NFO,20/03/2025,09:39:30,49909,49902.7,30,49909,1290,510,2915460
BANKNIFTY-I.NFO,20/03/2025,09:39:30,49902.8,49902.7,30,49909,1290,0,2915460
BANKNIFTY-I.NFO,20/03/2025,09:39:32,49905.85,49903.4,30,49905.85,120,120,2915460
BANKNIFTY-I.NFO,20/03/2025,09:39:33,49904.65,49904.4,30,49904.65,60,960,2910660
BANKNIFTY-I.NFO,20/03/2025,09:39:35,49904.55,49904.4,90,49904.55,60,930,2910660
BANKNIFTY-I.NFO,20/03/2025,09:39:37,49902.75,49902.4,30,49904.5,90,2100,2910660
BANKNIFTY-I.NFO,20/03/2025,09:39:37,49902.75,49902.4,30,49904.5,90,0,2910660
BANKNIFTY-I.NFO,20/03/2025,09:39:38,49903.45,49903.35,30,49903.45,60,570,2910660
BANKNIFTY-I.NFO,20/03/2025,09:39:40,49902,49901.8,30,49902,1440,1590,2910660
BANKNIFTY-I.NFO,20/03/2025,09:39:40,49901.9,49901.8,30,49902,1440,0,2910660
BANKNIFTY-I.NFO,20/03/2025,09:39:42,49901.9,49901.6,30,49901.9,90,1020,2910660
BANKNIFTY-I.NFO,20/03/2025,09:39:42,49900,49901.6,30,49901.9,90,0,2910660
BANKNIFTY-I.NFO,20/03/2025,09:39:43,49901.65,49900,570,49901.75,60,2580,2910660
BANKNIFTY-I.NFO,20/03/2025,09:39:45,49900.9,49900,480,49900.9,60,1020,2910660
BANKNIFTY-I.NFO,20/03/2025,09:39:47,49900.45,49900,540,49900.45,30,1260,2910660
BANKNIFTY-I.NFO,20/03/2025,09:39:48,49900.25,49900.15,30,49900.25,30,1830,2910660
BANKNIFTY-I.NFO,20/03/2025,09:39:50,49900,49900,450,49900.2,30,120,2910660
BANKNIFTY-I.NFO,20/03/2025,09:39:52,49900,49899.45,90,49902,240,2250,2910660
BANKNIFTY-I.NFO,20/03/2025,09:39:53,49901.95,49899.4,30,49902,210,60,2910660
BANKNIFTY-I.NFO,20/03/2025,09:39:55,49897.3,49895,30,49900,900,450,2910660
BANKNIFTY-I.NFO,20/03/2025,09:39:55,49895,49895,30,49900,900,0,2910660
BANKNIFTY-I.NFO,20/03/2025,09:39:57,49895.3,49894.75,60,49900,630,480,2910660
BANKNIFTY-I.NFO,20/03/2025,09:39:57,49892.7,49894.75,60,49900,630,0,2910660
BANKNIFTY-I.NFO,20/03/2025,09:39:58,49900,49896.6,30,49900,510,120,2910660
BANKNIFTY-I.NFO,20/03/2025,09:40:00,49902.75,49902.75,120,49905.85,30,1590,2910660
BANKNIFTY-I.NFO,20/03/2025,09:40:02,49909,49903.75,30,49909.05,30,150,2910660
BANKNIFTY-I.NFO,20/03/2025,09:40:03,49900.25,49899.15,30,49902.7,30,270,2910660
BANKNIFTY-I.NFO,20/03/2025,09:40:05,49909.1,49905.5,150,49909.1,30,90,2910660
BANKNIFTY-I.NFO,20/03/2025,09:40:07,49909.1,49903.55,30,49909.1,30,0,2910660
BANKNIFTY-I.NFO,20/03/2025,09:40:08,49909.05,49905.75,30,49909.1,90,30,2910660
BANKNIFTY-I.NFO,20/03/2025,09:40:10,49910.3,49910.65,60,49911,660,240,2910660
BANKNIFTY-I.NFO,20/03/2025,09:40:12,49915,49916.4,90,49925,30,870,2910660
BANKNIFTY-I.NFO,20/03/2025,09:40:13,49918.8,49918.35,30,49925,30,30,2910660
BANKNIFTY-I.NFO,20/03/2025,09:40:15,49927.85,49925,60,49927.85,210,240,2910660
BANKNIFTY-I.NFO,20/03/2025,09:40:17,49917.4,49925,30,49927.95,210,300,2910660
BANKNIFTY-I.NFO,20/03/2025,09:40:18,49925,49915.15,60,49927.15,240,120,2910660
BANKNIFTY-I.NFO,20/03/2025,09:40:20,49928,49920.2,60,49928.05,600,30,2910660
BANKNIFTY-I.NFO,20/03/2025,09:40:22,49927.25,49917.7,30,49927.8,240,720,2910660
BANKNIFTY-I.NFO,20/03/2025,09:40:23,49927.25,49918.8,90,49926.1,180,0,2910660
BANKNIFTY-I.NFO,20/03/2025,09:40:25,49920.1,49917.7,60,49924.25,390,240,2910660
BANKNIFTY-I.NFO,20/03/2025,09:40:27,49917.7,49917.7,30,49923.45,180,60,2910660
BANKNIFTY-I.NFO,20/03/2025,09:40:28,49921.75,49917.7,30,49921.75,150,30,2910660
BANKNIFTY-I.NFO,20/03/2025,09:40:30,49915,49910,90,49917.8,120,90,2910660
BANKNIFTY-I.NFO,20/03/2025,09:40:32,49910,49910,60,49917.35,150,60,2910660
BANKNIFTY-I.NFO,20/03/2025,09:40:33,49906.4,49906.6,30,49917.2,30,360,2910660
BANKNIFTY-I.NFO,20/03/2025,09:40:35,49918.3,49903.05,30,49918.25,30,990,2910660
BANKNIFTY-I.NFO,20/03/2025,09:40:37,49904.2,49900,90,49911.9,60,60,2910660
BANKNIFTY-I.NFO,20/03/2025,09:40:38,49901,49900,60,49903,30,90,2910660
BANKNIFTY-I.NFO,20/03/2025,09:40:40,49903.05,49907.5,30,49918.35,30,360,2910660
BANKNIFTY-I.NFO,20/03/2025,09:40:42,49907.5,49909.95,30,49918.35,60,180,2910660
BANKNIFTY-I.NFO,20/03/2025,09:40:43,49906.1,49903.5,120,49916.75,240,240,2910660
BANKNIFTY-I.NFO,20/03/2025,09:40:45,49916.45,49903.55,270,49915.95,30,60,2910660
BANKNIFTY-I.NFO,20/03/2025,09:40:47,49915.9,49906.1,30,49910,30,30,2910660
BANKNIFTY-I.NFO,20/03/2025,09:40:48,49915.95,49910.75,30,49918,30,120,2910660
BANKNIFTY-I.NFO,20/03/2025,09:40:50,49910.05,49910,60,49915.9,60,330,2910660
BANKNIFTY-I.NFO,20/03/2025,09:40:52,49915.9,49910,60,49918,30,240,2910660
BANKNIFTY-I.NFO,20/03/2025,09:40:53,49915.15,49906.1,30,49917.85,30,240,2910660
BANKNIFTY-I.NFO,20/03/2025,09:40:55,49915.15,49915,60,49917.85,30,0,2910660
BANKNIFTY-I.NFO,20/03/2025,09:40:57,49915,49915,30,49917.95,30,60,2910660
BANKNIFTY-I.NFO,20/03/2025,09:40:58,49901.15,49901.2,30,49914.65,30,570,2910660
BANKNIFTY-I.NFO,20/03/2025,09:41:00,49900,49900,60,49913.4,420,60,2910660
BANKNIFTY-I.NFO,20/03/2025,09:41:02,49900,49903.65,60,49913.5,30,240,2910660
BANKNIFTY-I.NFO,20/03/2025,09:41:03,49903.95,49905,60,49913.5,120,30,2910660
BANKNIFTY-I.NFO,20/03/2025,09:41:05,49914.95,49901.55,180,49914.65,30,450,2910660
BANKNIFTY-I.NFO,20/03/2025,09:41:07,49900.05,49900.05,150,49914.25,270,30,2910660
BANKNIFTY-I.NFO,20/03/2025,09:41:08,49914.95,49903.75,60,49915,90,90,2910660
BANKNIFTY-I.NFO,20/03/2025,09:41:10,49914.95,49905,60,49915,120,0,2910660
BANKNIFTY-I.NFO,20/03/2025,09:41:11,49914.95,49904.75,60,49905.75,60,0,2910660
BANKNIFTY-I.NFO,20/03/2025,09:41:13,49906.65,49905.75,30,49914,30,150,2910660
BANKNIFTY-I.NFO,20/03/2025,09:41:15,49906.65,49908.65,60,49914,90,0,2910660
BANKNIFTY-I.NFO,20/03/2025,09:41:16,49914,49914,150,49914.95,30,150,2910660
BANKNIFTY-I.NFO,20/03/2025,09:41:18,49914.95,49902,30,49914.95,240,390,2910660
BANKNIFTY-I.NFO,20/03/2025,09:41:20,49906.65,49902,30,49914.9,270,30,2910660
BANKNIFTY-I.NFO,20/03/2025,09:41:21,49904.4,49904.4,30,49909.5,30,30,2910660
BANKNIFTY-I.NFO,20/03/2025,09:41:23,49904.45,49904.4,30,49909.4,60,30,2910660
BANKNIFTY-I.NFO,20/03/2025,09:41:25,49909.4,49904.4,30,49909.35,60,30,2910660
BANKNIFTY-I.NFO,20/03/2025,09:41:26,49905.65,49905.4,30,49909.35,120,30,2910660
BANKNIFTY-I.NFO,20/03/2025,09:41:28,49905.65,49907.25,30,49909.3,120,0,2910660
BANKNIFTY-I.NFO,20/03/2025,09:41:30,49914.9,49914.4,30,49914.9,150,360,2910660
BANKNIFTY-I.NFO,20/03/2025,09:41:31,49915.15,49913.7,60,49914.85,30,840,2910660
BANKNIFTY-I.NFO,20/03/2025,09:41:33,49912.95,49913.25,30,49915.15,1800,240,2910660
BANKNIFTY-I.NFO,20/03/2025,09:41:35,49915.15,49912.65,30,49915.15,1560,300,2910660
BANKNIFTY-I.NFO,20/03/2025,09:41:36,49912.6,49913.05,30,49915.15,1380,360,2910660
BANKNIFTY-I.NFO,20/03/2025,09:41:38,49912.6,49910,30,49915.1,60,0,2910660
BANKNIFTY-I.NFO,20/03/2025,09:41:40,49912,49912.05,90,49915,60,30,2910660
BANKNIFTY-I.NFO,20/03/2025,09:41:41,49914.9,49914.85,90,49915.15,1260,510,2910660
BANKNIFTY-I.NFO,20/03/2025,09:41:43,49915.15,49916.05,30,49920,30,1260,2910660
BANKNIFTY-I.NFO,20/03/2025,09:41:45,49915.3,49931.75,30,49932.05,60,2400,2910660
BANKNIFTY-I.NFO,20/03/2025,09:41:46,49915.3,49928.55,60,49930,30,0,2910660
BANKNIFTY-I.NFO,20/03/2025,09:41:48,49932.05,49924.6,30,49932.05,60,150,2910660
BANKNIFTY-I.NFO,20/03/2025,09:41:50,49933.05,49932,90,49937,30,150,2910660
BANKNIFTY-I.NFO,20/03/2025,09:41:51,49933,49932.05,30,49937,30,60,2910660
BANKNIFTY-I.NFO,20/03/2025,09:41:53,49940,49932.15,30,49940,330,780,2910660
BANKNIFTY-I.NFO,20/03/2025,09:41:55,49940,49937,120,49940,330,210,2910660
BANKNIFTY-I.NFO,20/03/2025,09:41:56,49940,49937,120,49940,210,150,2910660
BANKNIFTY-I.NFO,20/03/2025,09:41:58,49940,49937.4,30,49940,90,240,2910660
BANKNIFTY-I.NFO,20/03/2025,09:42:00,49940,49940,90,49948.25,300,90,2910660
BANKNIFTY-I.NFO,20/03/2025,09:42:01,49942,49940,180,49945,30,90,2910660
BANKNIFTY-I.NFO,20/03/2025,09:42:03,49948,49940.4,30,49948,210,420,2910660
BANKNIFTY-I.NFO,20/03/2025,09:42:05,49948,49940,180,49948,90,210,2910660
BANKNIFTY-I.NFO,20/03/2025,09:42:06,49938.45,49935,30,49946.1,90,1200,2910660
BANKNIFTY-I.NFO,20/03/2025,09:42:08,49942.25,49932.05,30,49942.3,30,90,2910660
BANKNIFTY-I.NFO,20/03/2025,09:42:10,49933.5,49932.05,30,49942.3,90,30,2910660
BANKNIFTY-I.NFO,20/03/2025,09:42:11,49933.5,49932.05,30,49942.1,30,0,2910660
BANKNIFTY-I.NFO,20/03/2025,09:42:13,49947.8,49932.05,30,49944.25,30,270,2910660
BANKNIFTY-I.NFO,20/03/2025,09:42:14,49932.05,49929.95,30,49943.75,30,30,2910660
BANKNIFTY-I.NFO,20/03/2025,09:42:16,49932.05,49931.7,30,49943.75,60,0,2910660
BANKNIFTY-I.NFO,20/03/2025,09:42:18,49942.2,49925.65,30,49942.2,30,540,2910660
BANKNIFTY-I.NFO,20/03/2025,09:42:19,49941.3,49924.35,90,49941.3,60,30,2910660
BANKNIFTY-I.NFO,20/03/2025,09:42:21,49937.85,49922.6,30,49937.75,30,30,2910660
BANKNIFTY-I.NFO,20/03/2025,09:42:23,49937.85,49930,30,49937.65,30,0,2910660
BANKNIFTY-I.NFO,20/03/2025,09:42:24,49930,49920.15,30,49935.25,30,30,2910660
BANKNIFTY-I.NFO,20/03/2025,09:42:26,49935.05,49920.15,30,49934.65,120,90,2910660
BANKNIFTY-I.NFO,20/03/2025,09:42:28,49920.15,49915.15,30,49925,90,30,2910660
BANKNIFTY-I.NFO,20/03/2025,09:42:29,49920.15,49919.8,30,49924.95,90,0,2910660
BANKNIFTY-I.NFO,20/03/2025,09:42:31,49920.15,49920.15,30,49924.9,90,0,2910660
BANKNIFTY-I.NFO,20/03/2025,09:42:33,49924.8,49920.25,30,49924.85,120,30,2903550
BANKNIFTY-I.NFO,20/03/2025,09:42:34,49920.15,49919,30,49924.8,90,30,2903550
BANKNIFTY-I.NFO,20/03/2025,09:42:36,49924.75,49920.85,30,49924.75,30,60,2903550
BANKNIFTY-I.NFO,20/03/2025,09:42:38,49924.75,49921.5,30,49924.7,60,0,2903550
BANKNIFTY-I.NFO,20/03/2025,09:42:39,49920.1,49925.95,30,49930,60,540,2903550
BANKNIFTY-I.NFO,20/03/2025,09:42:41,49920.1,49928,30,49929.95,30,0,2903550
BANKNIFTY-I.NFO,20/03/2025,09:42:43,49920.1,49928,30,49929.95,60,0,2903550
BANKNIFTY-I.NFO,20/03/2025,09:42:44,49930,49929.6,60,49933.85,30,120,2903550
BANKNIFTY-I.NFO,20/03/2025,09:42:46,49933.85,49930.2,30,49937.65,30,30,2903550
BANKNIFTY-I.NFO,20/03/2025,09:42:48,49933.85,49930,150,49937.65,60,0,2903550
BANKNIFTY-I.NFO,20/03/2025,09:42:49,49930,49932.5,30,49933.85,30,30,2903550
BANKNIFTY-I.NFO,20/03/2025,09:42:52,49930,49932.5,30,49933.8,60,0,2903550
BANKNIFTY-I.NFO,20/03/2025,09:42:54,49930.5,49931.5,30,49933.85,30,210,2903550
BANKNIFTY-I.NFO,20/03/2025,09:42:56,49930.5,49930.4,60,49933.85,30,0,2903550
BANKNIFTY-I.NFO,20/03/2025,09:42:57,49933.85,49932.45,30,49941.3,30,30,2903550
BANKNIFTY-I.NFO,20/03/2025,09:42:59,49932.3,49930.4,30,49941.25,120,30,2903550
BANKNIFTY-I.NFO,20/03/2025,09:43:01,49932.3,49931.25,30,49941.3,30,0,2903550
BANKNIFTY-I.NFO,20/03/2025,09:43:02,49937.15,49938.3,30,49941.3,60,30,2903550
BANKNIFTY-I.NFO,20/03/2025,09:43:04,49941.35,49939.15,30,49942.25,60,90,2903550
BANKNIFTY-I.NFO,20/03/2025,09:43:05,49941.35,49937.95,30,49942.25,60,0,2903550
BANKNIFTY-I.NFO,20/03/2025,09:43:07,49941.35,49935.45,30,49942.2,30,0,2903550
BANKNIFTY-I.NFO,20/03/2025,09:43:09,49942.2,49941.35,900,49942.25,60,30,2903550
BANKNIFTY-I.NFO,20/03/2025,09:43:10,49941.35,49941.35,60,49942.2,30,870,2903550
BANKNIFTY-I.NFO,20/03/2025,09:43:12,49941.35,49935,30,49941.35,120,60,2903550
BANKNIFTY-I.NFO,20/03/2025,09:43:14,49941.35,49935,30,49940,60,0,2903550
BANKNIFTY-I.NFO,20/03/2025,09:43:19,49941.35,49935.6,30,49940,90,0,2903550
BANKNIFTY-I.NFO,20/03/2025,09:43:20,49936.05,49937.65,30,49940,90,90,2903550
BANKNIFTY-I.NFO,20/03/2025,09:43:22,49936.05,49936.5,30,49939.95,60,0,2903550
BANKNIFTY-I.NFO,20/03/2025,09:43:23,49936.05,49936.05,30,49939.9,60,0,2903550
BANKNIFTY-I.NFO,20/03/2025,09:43:25,49941.35,49941.35,600,49942.2,60,300,2903550
BANKNIFTY-I.NFO,20/03/2025,09:43:27,49941.35,49941.35,540,49942.2,60,60,2903550
BANKNIFTY-I.NFO,20/03/2025,09:43:28,49945,49946,30,49948.8,30,90,2903550
BANKNIFTY-I.NFO,20/03/2025,09:43:30,49967.75,49965,60,49969.95,300,660,2903550
BANKNIFTY-I.NFO,20/03/2025,09:43:32,49965,49963,150,49969.5,30,60,2903550
BANKNIFTY-I.NFO,20/03/2025,09:43:33,49963,49963,30,49965,30,120,2903550
BANKNIFTY-I.NFO,20/03/2025,09:43:35,49964.25,49951.55,30,49963,30,60,2903550
BANKNIFTY-I.NFO,20/03/2025,09:43:37,49965,49951.65,30,49965.75,120,300,2903550
BANKNIFTY-I.NFO,20/03/2025,09:43:38,49968.4,49955.15,90,49968.45,30,90,2903550
BANKNIFTY-I.NFO,20/03/2025,09:43:40,49967.75,49964.25,30,49968.45,30,900,2903550
BANKNIFTY-I.NFO,20/03/2025,09:43:42,49968.45,49964.25,30,49969.9,30,30,2903550
BANKNIFTY-I.NFO,20/03/2025,09:43:43,49970,49964.25,30,49970,330,150,2903550
BANKNIFTY-I.NFO,20/03/2025,09:43:45,49970,49964.8,30,49970,300,30,2903550
BANKNIFTY-I.NFO,20/03/2025,09:43:47,49970,49966.4,30,49970,300,0,2903550
BANKNIFTY-I.NFO,20/03/2025,09:43:48,49968.45,49968.45,30,49975,630,330,2903550
BANKNIFTY-I.NFO,20/03/2025,09:43:50,49974.35,49968.45,30,49974.95,60,990,2903550
BANKNIFTY-I.NFO,20/03/2025,09:43:52,49974.9,49965.3,90,49978.65,30,90,2903550
BANKNIFTY-I.NFO,20/03/2025,09:43:53,49978.6,49966,30,49978.65,30,30,2903550
BANKNIFTY-I.NFO,20/03/2025,09:43:55,49978.65,49964.25,30,49973.65,30,30,2903550
BANKNIFTY-I.NFO,20/03/2025,09:43:57,49964.25,49962,30,49964.25,30,120,2903550
BANKNIFTY-I.NFO,20/03/2025,09:43:58,49978.3,49960.7,30,49977.95,120,570,2903550
BANKNIFTY-I.NFO,20/03/2025,09:44:00,49974.95,49964.05,30,49976.3,30,30,2903550
BANKNIFTY-I.NFO,20/03/2025,09:44:02,49977.05,49968.65,30,49977.9,30,300,2903550
BANKNIFTY-I.NFO,20/03/2025,09:44:03,49977.9,49968.65,30,49978,30,30,2903550
BANKNIFTY-I.NFO,20/03/2025,09:44:05,49977.9,49964.05,30,49977,30,0,2903550
BANKNIFTY-I.NFO,20/03/2025,09:44:07,49977.9,49964.8,60,49977.95,120,360,2903550
BANKNIFTY-I.NFO,20/03/2025,09:44:08,49977.9,49964,30,49968.6,30,0,2903550
BANKNIFTY-I.NFO,20/03/2025,09:44:12,49964,49958.55,30,49973.35,120,60,2903550
BANKNIFTY-I.NFO,20/03/2025,09:44:13,49973.35,49958.55,30,49970.05,120,30,2903550
BANKNIFTY-I.NFO,20/03/2025,09:44:15,49955,49951.4,240,49967.35,120,60,2903550
BANKNIFTY-I.NFO,20/03/2025,09:44:17,49955,49953.25,30,49958.55,180,0,2903550
BANKNIFTY-I.NFO,20/03/2025,09:44:18,49957.95,49957,240,49968.6,30,240,2903550
BANKNIFTY-I.NFO,20/03/2025,09:44:20,49957.95,49955.4,30,49968.55,120,0,2903550
BANKNIFTY-I.NFO,20/03/2025,09:44:21,49957.95,49952.05,270,49968.5,60,0,2903550
BANKNIFTY-I.NFO,20/03/2025,09:44:23,49957,49955,60,49964.1,30,30,2903550
BANKNIFTY-I.NFO,20/03/2025,09:44:25,49957,49955,60,49964.25,120,0,2903550
BANKNIFTY-I.NFO,20/03/2025,09:44:26,49957,49955,60,49964.2,60,0,2903550
BANKNIFTY-I.NFO,20/03/2025,09:44:28,49955,49950,150,49963.3,270,60,2903550
BANKNIFTY-I.NFO,20/03/2025,09:44:30,49950,49945,90,49952.2,30,150,2903550
BANKNIFTY-I.NFO,20/03/2025,09:44:31,49940.5,49938.45,30,49951.35,60,180,2903550
BANKNIFTY-I.NFO,20/03/2025,09:44:33,49940.5,49938.45,30,49950.6,120,0,2903550
BANKNIFTY-I.NFO,20/03/2025,09:44:35,49950.6,49938.45,30,49952.05,60,30,2903550
BANKNIFTY-I.NFO,20/03/2025,09:44:36,49938.85,49942.8,270,49956.85,90,120,2903550
BANKNIFTY-I.NFO,20/03/2025,09:44:38,49938.85,49950.6,30,49956.8,60,0,2903550
BANKNIFTY-I.NFO,20/03/2025,09:44:40,49950.6,49939.65,270,49956.6,90,30,2903550
BANKNIFTY-I.NFO,20/03/2025,09:44:41,49950.6,49942.6,270,49956.75,90,0,2903550
BANKNIFTY-I.NFO,20/03/2025,09:44:43,49956.8,49946.6,270,49956.8,30,90,2903550
BANKNIFTY-I.NFO,20/03/2025,09:44:45,49956.75,49952.8,60,49956.8,30,90,2903550
BANKNIFTY-I.NFO,20/03/2025,09:44:46,49949.65,49949.8,270,49956.85,30,60,2903550
BANKNIFTY-I.NFO,20/03/2025,09:44:48,49949.65,49949.8,30,49955,30,0,2903550
BANKNIFTY-I.NFO,20/03/2025,09:44:50,49949.65,49952.9,30,49955,90,0,2903550
BANKNIFTY-I.NFO,20/03/2025,09:44:51,49949.65,49950.15,240,49955,90,0,2903550
BANKNIFTY-I.NFO,20/03/2025,09:44:53,49950.35,49950.85,30,49955,90,30,2903550
BANKNIFTY-I.NFO,20/03/2025,09:44:55,49955,49953.25,30,49955,60,30,2903550
BANKNIFTY-I.NFO,20/03/2025,09:44:56,49956.8,49950.05,30,49956.8,30,180,2903550
BANKNIFTY-I.NFO,20/03/2025,09:44:58,49956.85,49951.6,30,49956.8,60,30,2903550
BANKNIFTY-I.NFO,20/03/2025,09:45:00,49956.8,49950,30,49956.8,60,30,2903550
BANKNIFTY-I.NFO,20/03/2025,09:45:01,49956.8,49950,30,49956.8,60,0,2903550
BANKNIFTY-I.NFO,20/03/2025,09:45:05,49956.8,49947.15,30,49956.8,30,300,2903550
BANKNIFTY-I.NFO,20/03/2025,09:45:06,49956.8,49950,60,49956.75,30,0,2903550
BANKNIFTY-I.NFO,20/03/2025,09:45:08,49950,49944.9,270,49956.75,30,60,2903550
BANKNIFTY-I.NFO,20/03/2025,09:45:10,49950,49940.7,30,49949.95,30,0,2903550
BANKNIFTY-I.NFO,20/03/2025,09:45:11,49950,49937.5,30,49949.95,30,0,2903550
BANKNIFTY-I.NFO,20/03/2025,09:45:13,49936,49935.5,30,49949.15,180,30,2903550
BANKNIFTY-I.NFO,20/03/2025,09:45:15,49948.45,49940.5,30,49947.9,150,60,2903550
BANKNIFTY-I.NFO,20/03/2025,09:45:16,49940,49935.5,30,49940,30,60,2903550
BANKNIFTY-I.NFO,20/03/2025,09:45:18,49940,49935.5,30,49939.75,120,0,2903550
BANKNIFTY-I.NFO,20/03/2025,09:45:20,49935,49930,90,49939.5,90,90,2903550
BANKNIFTY-I.NFO,20/03/2025,09:45:21,49930,49930,60,49939,90,30,2903550
BANKNIFTY-I.NFO,20/03/2025,09:45:23,49930,49930,60,49936.8,120,0,2903550
BANKNIFTY-I.NFO,20/03/2025,09:45:25,49929.65,49925,30,49930.65,120,240,2903550
BANKNIFTY-I.NFO,20/03/2025,09:45:26,49925,49920.3,30,49929.2,120,30,2903550
BANKNIFTY-I.NFO,20/03/2025,09:45:28,49920,49920,120,49929.15,150,60,2903550
BANKNIFTY-I.NFO,20/03/2025,09:45:29,49927.1,49920,120,49928.35,90,30,2903550
BANKNIFTY-I.NFO,20/03/2025,09:45:31,49920,49920,30,49925,90,90,2903550
BANKNIFTY-I.NFO,20/03/2025,09:45:33,49924.95,49920,120,49924.95,60,30,2905800
BANKNIFTY-I.NFO,20/03/2025,09:45:34,49920,49920,90,49924.95,150,30,2905800
BANKNIFTY-I.NFO,20/03/2025,09:45:36,49915.3,49919.8,30,49924.95,120,300,2905800
BANKNIFTY-I.NFO,20/03/2025,09:45:38,49915.3,49919.6,30,49924.85,60,0,2905800
BANKNIFTY-I.NFO,20/03/2025,09:45:39,49915.2,49915.2,210,49924.85,120,60,2905800
BANKNIFTY-I.NFO,20/03/2025,09:45:41,49915.2,49916.75,30,49924.85,120,0,2905800
BANKNIFTY-I.NFO,20/03/2025,09:45:43,49924.8,49918,30,49924.75,60,30,2905800
BANKNIFTY-I.NFO,20/03/2025,09:45:44,49924.8,49915.3,30,49923.55,270,0,2905800
BANKNIFTY-I.NFO,20/03/2025,09:45:46,49924.8,49915.3,30,49922.25,270,0,2905800
BANKNIFTY-I.NFO,20/03/2025,09:45:48,49924.8,49915.3,30,49922.1,30,0,2905800
BANKNIFTY-I.NFO,20/03/2025,09:45:49,49915.3,49915.2,30,49920,180,30,2905800
BANKNIFTY-I.NFO,20/03/2025,09:45:51,49912.95,49911.15,30,49918.15,30,210,2905800
BANKNIFTY-I.NFO,20/03/2025,09:45:53,49912.95,49911.15,30,49918.1,30,0,2905800
BANKNIFTY-I.NFO,20/03/2025,09:45:54,49917.7,49911.15,30,49915.2,30,30,2905800
BANKNIFTY-I.NFO,20/03/2025,09:45:56,49915.2,49910,90,49915.2,90,60,2905800
BANKNIFTY-I.NFO,20/03/2025,09:45:58,49901.8,49901.35,30,49902,30,420,2905800
BANKNIFTY-I.NFO,20/03/2025,09:45:59,49902,49901,60,49902,90,30,2905800
BANKNIFTY-I.NFO,20/03/2025,09:46:01,49902,49902.5,30,49918.3,240,150,2905800
BANKNIFTY-I.NFO,20/03/2025,09:46:03,49902.6,49903,30,49918.3,30,60,2905800
BANKNIFTY-I.NFO,20/03/2025,09:46:04,49902.6,49906.85,60,49918.25,30,0,2905800
BANKNIFTY-I.NFO,20/03/2025,09:46:06,49903.25,49903.15,30,49918.2,30,120,2905800
BANKNIFTY-I.NFO,20/03/2025,09:46:08,49901.65,49901.15,30,49914.85,270,60,2905800
BANKNIFTY-I.NFO,20/03/2025,09:46:09,49901.6,49903.1,60,49914.85,30,30,2905800
BANKNIFTY-I.NFO,20/03/2025,09:46:11,49903.45,49903,30,49915.95,30,30,2905800
BANKNIFTY-I.NFO,20/03/2025,09:46:13,49903.45,49903,30,49915.75,30,0,2905800
BANKNIFTY-I.NFO,20/03/2025,09:46:14,49901,49901,30,49914.6,30,90,2905800
BANKNIFTY-I.NFO,20/03/2025,09:46:16,49901,49902.65,60,49914.6,150,0,2905800
BANKNIFTY-I.NFO,20/03/2025,09:46:18,49901,49901,60,49914.1,30,0,2905800
BANKNIFTY-I.NFO,20/03/2025,09:46:19,49914.1,49904.1,30,49914.1,120,180,2905800
BANKNIFTY-I.NFO,20/03/2025,09:46:21,49914.1,49902.65,30,49914.05,60,0,2905800
BANKNIFTY-I.NFO,20/03/2025,09:46:22,49902.95,49902.5,30,49913.95,30,930,2905800
BANKNIFTY-I.NFO,20/03/2025,09:46:24,49913.9,49903.4,30,49913.95,30,60,2905800
BANKNIFTY-I.NFO,20/03/2025,09:46:26,49906.3,49906.95,30,49913.95,60,630,2905800
BANKNIFTY-I.NFO,20/03/2025,09:46:27,49913.9,49903.15,60,49913,30,30,2905800
BANKNIFTY-I.NFO,20/03/2025,09:46:29,49913.9,49903.05,30,49912.9,30,0,2905800
BANKNIFTY-I.NFO,20/03/2025,09:46:31,49912.9,49901.6,30,49912.85,30,120,2905800
BANKNIFTY-I.NFO,20/03/2025,09:46:32,49912.9,49901.6,30,49912.8,30,0,2905800
BANKNIFTY-I.NFO,20/03/2025,09:46:34,49901.6,49901,30,49901.55,30,30,2905800
BANKNIFTY-I.NFO,20/03/2025,09:46:36,49901.55,49901,30,49901.55,30,90,2905800
BANKNIFTY-I.NFO,20/03/2025,09:46:37,49901.55,49900,510,49901.55,60,60,2905800
BANKNIFTY-I.NFO,20/03/2025,09:46:39,49899,49896.9,30,49899.9,30,540,2905800
BANKNIFTY-I.NFO,20/03/2025,09:46:41,49899,49896.9,30,49899.65,30,0,2905800
BANKNIFTY-I.NFO,20/03/2025,09:46:42,49882.2,49882.2,120,49890.1,300,1440,2905800
BANKNIFTY-I.NFO,20/03/2025,09:46:42,49882.2,49882.2,120,49890.1,300,0,2905800
BANKNIFTY-I.NFO,20/03/2025,09:46:44,49879.9,49877,60,49885.3,240,510,2905800
BANKNIFTY-I.NFO,20/03/2025,09:46:44,49879,49877,60,49885.3,240,0,2905800
BANKNIFTY-I.NFO,20/03/2025,09:46:46,49885.25,49869.8,60,49885.25,270,780,2905800
BANKNIFTY-I.NFO,20/03/2025,09:46:46,49870,49869.8,60,49885.25,270,0,2905800
BANKNIFTY-I.NFO,20/03/2025,09:46:47,49872.95,49871.05,120,49879.9,30,120,2905800
BANKNIFTY-I.NFO,20/03/2025,09:46:47,49869.95,49871.05,120,49879.9,30,0,2905800
BANKNIFTY-I.NFO,20/03/2025,09:46:49,49879.85,49873.75,30,49879.9,120,120,2905800
BANKNIFTY-I.NFO,20/03/2025,09:46:49,49869.45,49873.75,30,49879.9,120,0,2905800
BANKNIFTY-I.NFO,20/03/2025,09:46:51,49877.95,49878.45,30,49879.9,30,300,2905800
BANKNIFTY-I.NFO,20/03/2025,09:46:53,49880.2,49881.1,30,49885.75,30,60,2905800
BANKNIFTY-I.NFO,20/03/2025,09:46:54,49887.65,49886.65,30,49892.65,30,240,2905800
BANKNIFTY-I.NFO,20/03/2025,09:46:56,49888.4,49888.35,60,49892.7,120,60,2905800
BANKNIFTY-I.NFO,20/03/2025,09:46:58,49892.7,49891,30,49899.6,30,270,2905800
BANKNIFTY-I.NFO,20/03/2025,09:46:59,49890.85,49893.05,30,49899.6,30,120,2905800
BANKNIFTY-I.NFO,20/03/2025,09:47:01,49896.15,49894.15,60,49899.5,60,60,2905800
BANKNIFTY-I.NFO,20/03/2025,09:47:03,49899.45,49896.55,30,49899.45,60,120,2905800
BANKNIFTY-I.NFO,20/03/2025,09:47:04,49900,49894.95,30,49899,90,390,2905800
BANKNIFTY-I.NFO,20/03/2025,09:47:06,49901.6,49903.7,30,49915,30,1350,2905800
BANKNIFTY-I.NFO,20/03/2025,09:47:08,49901.6,49906.45,60,49915,60,0,2905800
BANKNIFTY-I.NFO,20/03/2025,09:47:09,49901.6,49907.15,30,49915,60,0,2905800
BANKNIFTY-I.NFO,20/03/2025,09:47:11,49900.3,49899.6,150,49912.45,240,150,2905800
BANKNIFTY-I.NFO,20/03/2025,09:47:13,49900.3,49901,30,49909.55,240,0,2905800
BANKNIFTY-I.NFO,20/03/2025,09:47:14,49899.6,49898.95,30,49908.3,60,360,2905800
BANKNIFTY-I.NFO,20/03/2025,09:47:16,49912,49898.95,30,49905.4,30,120,2905800
BANKNIFTY-I.NFO,20/03/2025,09:47:18,49900,49892.5,30,49905,30,90,2905800
BANKNIFTY-I.NFO,20/03/2025,09:47:19,49900,49894.5,60,49905,30,0,2905800
BANKNIFTY-I.NFO,20/03/2025,09:47:21,49905,49891.95,30,49901.85,300,30,2905800
BANKNIFTY-I.NFO,20/03/2025,09:47:23,49905,49891.95,30,49900.9,270,0,2905800
BANKNIFTY-I.NFO,20/03/2025,09:47:24,49900.9,49891.95,30,49899,30,90,2905800
BANKNIFTY-I.NFO,20/03/2025,09:47:26,49899,49891.95,30,49905,270,90,2905800
BANKNIFTY-I.NFO,20/03/2025,09:47:28,49899,49900,30,49905.05,240,0,2905800
BANKNIFTY-I.NFO,20/03/2025,09:47:29,49900,49891.95,30,49899.9,150,30,2905800
BANKNIFTY-I.NFO,20/03/2025,09:47:31,49899.9,49891.95,30,49899.9,120,30,2905800
BANKNIFTY-I.NFO,20/03/2025,09:47:33,49899.9,49891.95,30,49899,30,0,2905800
BANKNIFTY-I.NFO,20/03/2025,09:47:36,49891.95,49890,180,49892,30,30,2905800
BANKNIFTY-I.NFO,20/03/2025,09:47:38,49890,49890,150,49891.95,30,30,2905800
BANKNIFTY-I.NFO,20/03/2025,09:47:39,49891.95,49890.5,30,49891.95,60,60,2905800
BANKNIFTY-I.NFO,20/03/2025,09:47:41,49891.95,49890,120,49891.9,150,60,2905800
BANKNIFTY-I.NFO,20/03/2025,09:47:43,49891.9,49890,90,49891.9,120,90,2905800
BANKNIFTY-I.NFO,20/03/2025,09:47:44,49892,49893.45,30,49899.9,120,180,2905800
BANKNIFTY-I.NFO,20/03/2025,09:47:46,49892.9,49892.85,60,49894.45,60,90,2905800
BANKNIFTY-I.NFO,20/03/2025,09:47:48,49894.45,49890,60,49894.4,60,60,2905800
BANKNIFTY-I.NFO,20/03/2025,09:47:49,49894.45,49892,60,49894.4,90,0,2905800
BANKNIFTY-I.NFO,20/03/2025,09:47:51,49894.4,49892,30,49894.4,60,60,2905800
BANKNIFTY-I.NFO,20/03/2025,09:47:53,49890,49890,60,49894.4,60,90,2905800
BANKNIFTY-I.NFO,20/03/2025,09:47:54,49888,49885.6,30,49891.95,150,180,2905800
BANKNIFTY-I.NFO,20/03/2025,09:47:56,49890,49885.6,30,49891.75,30,30,2905800
BANKNIFTY-I.NFO,20/03/2025,09:47:58,49891.75,49881.6,30,49891.7,30,210,2905800
BANKNIFTY-I.NFO,20/03/2025,09:47:59,49891.75,49880,30,49891.2,270,0,2905800
BANKNIFTY-I.NFO,20/03/2025,09:48:01,49888,49880,30,49886.55,30,60,2905800
BANKNIFTY-I.NFO,20/03/2025,09:48:03,49888,49880,30,49886.5,60,0,2905800
BANKNIFTY-I.NFO,20/03/2025,09:48:04,49880,49879.9,30,49880,420,180,2905800
BANKNIFTY-I.NFO,20/03/2025,09:48:06,49880,49879.9,30,49879.95,150,60,2905800
BANKNIFTY-I.NFO,20/03/2025,09:48:08,49878.25,49875.95,30,49879.95,90,300,2905800
BANKNIFTY-I.NFO,20/03/2025,09:48:09,49879.9,49876.8,30,49879.95,60,60,2905800
BANKNIFTY-I.NFO,20/03/2025,09:48:11,49880,49879.75,30,49886.45,30,1200,2905800
BANKNIFTY-I.NFO,20/03/2025,09:48:13,49880,49883,60,49886.45,60,0,2905800
BANKNIFTY-I.NFO,20/03/2025,09:48:14,49882.35,49884.1,120,49886.45,90,60,2905800
BANKNIFTY-I.NFO,20/03/2025,09:48:16,49882.35,49882.35,60,49886.45,120,0,2905800
BANKNIFTY-I.NFO,20/03/2025,09:48:18,49883.55,49883.85,60,49885,450,90,2905800
BANKNIFTY-I.NFO,20/03/2025,09:48:19,49882.35,49882,30,49884.85,30,60,2905800
BANKNIFTY-I.NFO,20/03/2025,09:48:21,49880,49879.75,30,49882.35,30,390,2905800
BANKNIFTY-I.NFO,20/03/2025,09:48:23,49876.9,49876.35,60,49882.35,120,120,2905800
BANKNIFTY-I.NFO,20/03/2025,09:48:24,49885,49876.5,30,49885,360,330,2905800
BANKNIFTY-I.NFO,20/03/2025,09:48:26,49880,49875.15,30,49883.5,30,60,2905800
BANKNIFTY-I.NFO,20/03/2025,09:48:27,49872.35,49874.3,30,49883.5,30,30,2905800
BANKNIFTY-I.NFO,20/03/2025,09:48:29,49872.35,49880,120,49884.3,30,0,2905800
BANKNIFTY-I.NFO,20/03/2025,09:48:31,49879.95,49872,30,49879.95,30,300,2905800
BANKNIFTY-I.NFO,20/03/2025,09:48:32,49877.4,49872,30,49876.6,60,30,2905800
BANKNIFTY-I.NFO,20/03/2025,09:48:34,49876.6,49872,30,49878.6,30,30,2905800
BANKNIFTY-I.NFO,20/03/2025,09:48:36,49878.2,49872,30,49873.95,30,240,2893800
BANKNIFTY-I.NFO,20/03/2025,09:48:37,49878.2,49872.35,30,49873.4,30,0,2893800
BANKNIFTY-I.NFO,20/03/2025,09:48:39,49872.35,49872,30,49872.4,30,30,2893800
BANKNIFTY-I.NFO,20/03/2025,09:48:41,49872,49875.1,30,49879.7,30,30,2893800
BANKNIFTY-I.NFO,20/03/2025,09:48:42,49873.85,49873.7,30,49879.65,90,300,2893800
BANKNIFTY-I.NFO,20/03/2025,09:48:44,49873.85,49876.5,30,49879.65,90,0,2893800
BANKNIFTY-I.NFO,20/03/2025,09:48:46,49874.1,49873.35,30,49879.65,30,240,2893800
BANKNIFTY-I.NFO,20/03/2025,09:48:47,49874.75,49873.75,60,49879.65,30,30,2893800
BANKNIFTY-I.NFO,20/03/2025,09:48:49,49880,49880,30,49882.85,30,180,2893800
BANKNIFTY-I.NFO,20/03/2025,09:48:51,49880,49880,30,49882.85,30,0,2893800
BANKNIFTY-I.NFO,20/03/2025,09:48:54,49882.85,49883.55,60,49885,300,540,2893800
BANKNIFTY-I.NFO,20/03/2025,09:48:56,49883.55,49880,90,49885,270,60,2893800
BANKNIFTY-I.NFO,20/03/2025,09:48:57,49883.55,49880,90,49884.25,60,0,2893800
BANKNIFTY-I.NFO,20/03/2025,09:48:59,49880,49876,30,49880,120,360,2893800
BANKNIFTY-I.NFO,20/03/2025,09:49:01,49880,49876.55,30,49879.95,60,0,2893800
BANKNIFTY-I.NFO,20/03/2025,09:49:02,49880,49881.05,30,49883.55,30,240,2893800
BANKNIFTY-I.NFO,20/03/2025,09:49:04,49876.6,49877.15,60,49883.55,30,30,2893800
BANKNIFTY-I.NFO,20/03/2025,09:49:06,49880,49880.1,30,49883.55,30,180,2893800
BANKNIFTY-I.NFO,20/03/2025,09:49:07,49883.55,49883.35,30,49883.5,60,30,2893800
BANKNIFTY-I.NFO,20/03/2025,09:49:09,49883.55,49880,30,49883.5,90,0,2893800
BANKNIFTY-I.NFO,20/03/2025,09:49:11,49883.5,49880,30,49884,90,90,2893800
BANKNIFTY-I.NFO,20/03/2025,09:49:12,49880,49881.3,30,49884,90,60,2893800
BANKNIFTY-I.NFO,20/03/2025,09:49:14,49881.3,49878.25,30,49884,120,30,2893800
BANKNIFTY-I.NFO,20/03/2025,09:49:16,49884,49879.75,30,49884,150,30,2893800
BANKNIFTY-I.NFO,20/03/2025,09:49:17,49884,49880.6,60,49883.95,210,30,2893800
BANKNIFTY-I.NFO,20/03/2025,09:49:19,49880.7,49880.45,30,49883.9,60,60,2893800
BANKNIFTY-I.NFO,20/03/2025,09:49:21,49883.85,49878.2,30,49883.85,60,60,2893800
BANKNIFTY-I.NFO,20/03/2025,09:49:22,49883.85,49880.8,30,49883.9,60,60,2893800
BANKNIFTY-I.NFO,20/03/2025,09:49:24,49883.85,49880,60,49883.85,30,0,2893800
BANKNIFTY-I.NFO,20/03/2025,09:49:26,49883.85,49880,60,49883.8,30,120,2893800
BANKNIFTY-I.NFO,20/03/2025,09:49:27,49880,49880,30,49883.85,30,120,2893800
BANKNIFTY-I.NFO,20/03/2025,09:49:29,49883.85,49879,30,49883.7,30,60,2893800
BANKNIFTY-I.NFO,20/03/2025,09:49:31,49878.2,49872.4,30,49882.85,30,60,2893800
BANKNIFTY-I.NFO,20/03/2025,09:49:32,49882.75,49872.4,30,49879,30,30,2893800
BANKNIFTY-I.NFO,20/03/2025,09:49:34,49870,49870,60,49879,30,120,2893800
BANKNIFTY-I.NFO,20/03/2025,09:49:36,49870,49870,30,49879,30,30,2893800
BANKNIFTY-I.NFO,20/03/2025,09:49:37,49865,49865,30,49871.95,210,810,2893800
BANKNIFTY-I.NFO,20/03/2025,09:49:37,49865,49865,30,49871.95,210,0,2893800
BANKNIFTY-I.NFO,20/03/2025,09:49:39,49860,49860,120,49864.75,300,300,2893800
BANKNIFTY-I.NFO,20/03/2025,09:49:39,49860,49860,120,49864.75,300,0,2893800
BANKNIFTY-I.NFO,20/03/2025,09:49:41,49868.1,49856,60,49860,90,510,2893800
BANKNIFTY-I.NFO,20/03/2025,09:49:41,49859.75,49856,60,49860,90,0,2893800
BANKNIFTY-I.NFO,20/03/2025,09:49:42,49855.9,49856.9,30,49860,90,420,2893800
BANKNIFTY-I.NFO,20/03/2025,09:49:42,49855.1,49856.9,30,49860,90,0,2893800
BANKNIFTY-I.NFO,20/03/2025,09:49:44,49855.1,49855.15,30,49856.65,120,120,2893800
