Ticker,Date,Time,LTP,BuyPrice,BuyQty,SellPrice,SellQty,LTQ,OpenInterest
NIFTY-III.NFO,20/03/2025,09:15:02,23254.85,23300.25,300,23321.65,150,300,1102050
NIFTY-III.NFO,20/03/2025,09:15:02,23315.1,23300.25,300,23321.65,150,0,1102050
NIFTY-III.NFO,20/03/2025,09:15:02,23315.15,23300.25,300,23321.65,150,0,1102050
NIFTY-III.NFO,20/03/2025,09:15:02,23254.85,23300.25,300,23321.65,150,0,1102050
NIFTY-III.NFO,20/03/2025,09:15:03,23301.2,23300,75,23323,150,225,1102050
NIFTY-III.NFO,20/03/2025,09:15:05,23302,23300,75,23302,825,150,1102050
NIFTY-III.NFO,20/03/2025,09:15:06,23302,23294.8,75,23302,750,150,1102050
NIFTY-III.NFO,20/03/2025,09:15:08,23295.35,23298.2,225,23302,750,75,1102050
NIFTY-III.NFO,20/03/2025,09:15:09,23295.35,23287.9,225,23300.65,150,0,1102050
NIFTY-III.NFO,20/03/2025,09:15:11,23295.35,23287.55,75,23297.5,300,0,1102050
NIFTY-III.NFO,20/03/2025,09:15:12,23295.35,23281.75,750,23295.1,150,0,1102050
NIFTY-III.NFO,20/03/2025,09:15:14,23295,23288.35,75,23295.35,75,150,1102050
NIFTY-III.NFO,20/03/2025,09:15:16,23295.35,23290.35,75,23298.2,75,75,1102050
NIFTY-III.NFO,20/03/2025,09:15:17,23302,23293.6,150,23295.35,300,375,1102050
NIFTY-III.NFO,20/03/2025,09:15:19,23295.35,23295,75,23298,75,525,1102050
NIFTY-III.NFO,20/03/2025,09:15:20,23298,23298.15,75,23302,600,75,1102050
NIFTY-III.NFO,20/03/2025,09:15:22,23295.25,23295.2,150,23298,75,150,1102725
NIFTY-III.NFO,20/03/2025,09:15:24,23295.25,23296,150,23298,75,0,1102725
NIFTY-III.NFO,20/03/2025,09:15:25,23298,23299.95,150,23300,1050,150,1102725
NIFTY-III.NFO,20/03/2025,09:15:27,23302,23301.8,150,23305,75,1800,1102725
NIFTY-III.NFO,20/03/2025,09:15:28,23302,23299.5,150,23305,75,0,1102725
NIFTY-III.NFO,20/03/2025,09:15:30,23300,23297.5,75,23305,75,75,1102725
NIFTY-III.NFO,20/03/2025,09:15:32,23300,23302,75,23305,75,0,1102725
NIFTY-III.NFO,20/03/2025,09:15:35,23300,23302,75,23304.95,150,0,1102725
NIFTY-III.NFO,20/03/2025,09:15:36,23295.35,23295.25,75,23298.25,75,150,1102725
NIFTY-III.NFO,20/03/2025,09:15:38,23295,23292.05,750,23299.95,225,225,1102725
NIFTY-III.NFO,20/03/2025,09:15:40,23299.95,23291.55,225,23299.9,150,150,1102725
NIFTY-III.NFO,20/03/2025,09:15:41,23290.7,23290.7,75,23299.9,150,75,1102725
NIFTY-III.NFO,20/03/2025,09:15:43,23299.9,23289.25,150,23299.9,150,75,1102725
NIFTY-III.NFO,20/03/2025,09:15:45,23289.9,23289.9,75,23299.9,150,75,1102725
NIFTY-III.NFO,20/03/2025,09:15:46,23289.9,23289.9,75,23299.9,150,0,1102725
NIFTY-III.NFO,20/03/2025,09:15:48,23289.9,23288.8,75,23299.9,150,0,1102725
NIFTY-III.NFO,20/03/2025,09:15:49,23289.45,23290.15,75,23299.9,150,75,1102725
NIFTY-III.NFO,20/03/2025,09:15:51,23298.95,23288.35,150,23298.95,150,75,1102725
NIFTY-III.NFO,20/03/2025,09:15:53,23298.95,23290.25,150,23298.95,150,0,1102725
NIFTY-III.NFO,20/03/2025,09:15:54,23298.95,23289.9,75,23298.95,150,0,1102725
NIFTY-III.NFO,20/03/2025,09:15:56,23298.95,23289.9,75,23299,375,0,1102725
NIFTY-III.NFO,20/03/2025,09:15:58,23298.95,23290.6,150,23299,450,0,1102725
NIFTY-III.NFO,20/03/2025,09:15:59,23299,23292.7,150,23299,300,75,1102725
NIFTY-III.NFO,20/03/2025,09:16:01,23299,23296.55,150,23299,150,150,1102725
NIFTY-III.NFO,20/03/2025,09:16:03,23299,23295.8,150,23299,150,0,1102725
NIFTY-III.NFO,20/03/2025,09:16:04,23299,23298.15,150,23299.9,75,150,1102725
NIFTY-III.NFO,20/03/2025,09:16:06,23299.9,23299.3,75,23300,525,75,1102725
NIFTY-III.NFO,20/03/2025,09:16:08,23299.9,23297.65,75,23300,525,0,1102725
NIFTY-III.NFO,20/03/2025,09:16:10,23300,23298.8,75,23300,450,75,1102725
NIFTY-III.NFO,20/03/2025,09:16:11,23300,23299.7,375,23300,375,75,1102725
NIFTY-III.NFO,20/03/2025,09:16:13,23300,23299.5,375,23300,375,0,1102725
NIFTY-III.NFO,20/03/2025,09:16:14,23300,23300.25,450,23305,1800,375,1102725
NIFTY-III.NFO,20/03/2025,09:16:16,23300,23298.9,375,23300,75,0,1102725
NIFTY-III.NFO,20/03/2025,09:16:18,23298.9,23297.05,300,23300,150,75,1102725
NIFTY-III.NFO,20/03/2025,09:16:19,23298.9,23297.05,300,23300,150,0,1102725
NIFTY-III.NFO,20/03/2025,09:16:21,23300,23299.8,225,23305,1800,150,1102725
NIFTY-III.NFO,20/03/2025,09:16:23,23299.8,23297.6,75,23305,1875,150,1102725
NIFTY-III.NFO,20/03/2025,09:16:24,23299.8,23297.6,75,23305,1875,0,1102725
NIFTY-III.NFO,20/03/2025,09:16:26,23299.8,23298.05,75,23305,1800,0,1102725
NIFTY-III.NFO,20/03/2025,09:16:31,23299.8,23298.75,1200,23305,1800,0,1102725
NIFTY-III.NFO,20/03/2025,09:16:33,23298.6,23298.95,150,23305,1650,300,1102725
NIFTY-III.NFO,20/03/2025,09:16:34,23298.6,23298.2,75,23300,150,0,1102725
NIFTY-III.NFO,20/03/2025,09:16:36,23298.6,23299,750,23300,150,0,1102725
NIFTY-III.NFO,20/03/2025,09:16:38,23298.6,23298.3,75,23300,150,0,1102725
NIFTY-III.NFO,20/03/2025,09:16:39,23298.6,23296.25,375,23300,150,0,1102725
NIFTY-III.NFO,20/03/2025,09:16:41,23298.6,23298.15,375,23300,150,0,1102725
NIFTY-III.NFO,20/03/2025,09:16:43,23298.6,23296.75,75,23300,150,0,1102725
NIFTY-III.NFO,20/03/2025,09:16:44,23298.6,23295.5,75,23300,150,0,1102725
NIFTY-III.NFO,20/03/2025,09:16:46,23295.35,23298.15,75,23300,150,75,1102725
NIFTY-III.NFO,20/03/2025,09:16:48,23298.15,23295,75,23298.6,75,75,1102725
NIFTY-III.NFO,20/03/2025,09:16:49,23298.15,23295,75,23298.6,75,0,1102725
NIFTY-III.NFO,20/03/2025,09:16:51,23298.15,23295,150,23298.6,75,0,1102725
NIFTY-III.NFO,20/03/2025,09:16:52,23298.15,23295.8,750,23298.6,75,0,1102725
NIFTY-III.NFO,20/03/2025,09:16:54,23298.15,23295.95,375,23298.6,75,0,1102725
NIFTY-III.NFO,20/03/2025,09:16:56,23298.15,23296,750,23298.6,75,0,1102725
NIFTY-III.NFO,20/03/2025,09:16:57,23298.6,23298.6,75,23300,150,75,1102725
NIFTY-III.NFO,20/03/2025,09:16:59,23298.6,23298.6,75,23299,75,0,1102725
NIFTY-III.NFO,20/03/2025,09:17:01,23305,23298.6,150,23305,1425,600,1102725
NIFTY-III.NFO,20/03/2025,09:17:02,23305,23298.6,150,23304.95,225,0,1102725
NIFTY-III.NFO,20/03/2025,09:17:04,23305,23298.6,150,23304.95,150,0,1102725
NIFTY-III.NFO,20/03/2025,09:17:06,23305,23299,150,23305,1425,0,1102725
NIFTY-III.NFO,20/03/2025,09:17:07,23305,23299,75,23303.95,225,0,1102725
NIFTY-III.NFO,20/03/2025,09:17:14,23303.95,23299,75,23303.95,150,75,1102725
NIFTY-III.NFO,20/03/2025,09:17:16,23303.95,23299,75,23303.95,150,0,1102725
NIFTY-III.NFO,20/03/2025,09:17:19,23298.5,23296.95,150,23304.95,150,600,1102725
NIFTY-III.NFO,20/03/2025,09:17:21,23298.5,23300,75,23304.95,75,0,1102725
NIFTY-III.NFO,20/03/2025,09:17:22,23298.5,23300.05,150,23305,1425,0,1102725
NIFTY-III.NFO,20/03/2025,09:17:24,23305,23300.05,150,23305,1350,75,1102725
NIFTY-III.NFO,20/03/2025,09:17:29,23300,23300.65,150,23305,1425,300,1102725
NIFTY-III.NFO,20/03/2025,09:17:31,23300,23300.35,150,23305,1500,0,1102725
NIFTY-III.NFO,20/03/2025,09:17:32,23300,23299.6,150,23305,1500,0,1102725
NIFTY-III.NFO,20/03/2025,09:17:34,23300.65,23298.15,375,23300.65,300,75,1102725
NIFTY-III.NFO,20/03/2025,09:17:36,23300.65,23300,150,23300.65,300,0,1102725
NIFTY-III.NFO,20/03/2025,09:17:37,23300.65,23300.25,75,23305,1500,300,1102725
NIFTY-III.NFO,20/03/2025,09:17:39,23300.65,23300.65,75,23305,1500,0,1102725
NIFTY-III.NFO,20/03/2025,09:17:41,23300.05,23300.15,450,23305,1500,150,1102725
NIFTY-III.NFO,20/03/2025,09:17:42,23300.05,23300.15,450,23305,1425,0,1102725
NIFTY-III.NFO,20/03/2025,09:17:44,23300.05,23300.15,375,23301.75,75,0,1102725
NIFTY-III.NFO,20/03/2025,09:17:46,23300.05,23300,150,23301.75,75,0,1102725
NIFTY-III.NFO,20/03/2025,09:17:47,23301.75,23300.8,450,23305,1500,375,1102725
NIFTY-III.NFO,20/03/2025,09:17:49,23301.75,23301.7,375,23305,1500,0,1102725
NIFTY-III.NFO,20/03/2025,09:17:51,23301.5,23301.05,75,23305,1500,75,1102725
NIFTY-III.NFO,20/03/2025,09:17:52,23301.5,23301.05,75,23305,1500,0,1102725
NIFTY-III.NFO,20/03/2025,09:17:54,23301.5,23300.5,450,23305,1500,0,1102725
NIFTY-III.NFO,20/03/2025,09:17:55,23301.5,23301.25,450,23305,1500,0,1102725
NIFTY-III.NFO,20/03/2025,09:17:59,23301.5,23300.4,150,23301.5,75,0,1102725
NIFTY-III.NFO,20/03/2025,09:18:00,23301.5,23301.3,450,23305,1500,75,1102725
NIFTY-III.NFO,20/03/2025,09:18:02,23305,23301.45,150,23305,1425,75,1102725
NIFTY-III.NFO,20/03/2025,09:18:03,23305,23301,150,23305,1350,75,1102725
NIFTY-III.NFO,20/03/2025,09:18:05,23305,23301,75,23305,1350,0,1102725
NIFTY-III.NFO,20/03/2025,09:18:07,23305,23301,150,23305,1350,0,1102725
NIFTY-III.NFO,20/03/2025,09:18:08,23305,23301,75,23305,1350,0,1102725
NIFTY-III.NFO,20/03/2025,09:18:12,23305,23301,75,23305,1200,150,1102725
NIFTY-III.NFO,20/03/2025,09:18:13,23305,23301,75,23305,1200,0,1102725
NIFTY-III.NFO,20/03/2025,09:18:15,23301,23300,675,23301,150,150,1102725
NIFTY-III.NFO,20/03/2025,09:18:16,23301,23300.3,150,23301,150,0,1102725
NIFTY-III.NFO,20/03/2025,09:18:20,23301,23300,675,23301,150,0,1102725
NIFTY-III.NFO,20/03/2025,09:18:22,23300.3,23300,675,23300.3,150,150,1102725
NIFTY-III.NFO,20/03/2025,09:18:23,23300.3,23300.6,375,23301,150,150,1101150
NIFTY-III.NFO,20/03/2025,09:18:25,23301,23301,375,23305,1200,150,1101150
NIFTY-III.NFO,20/03/2025,09:18:26,23301,23301,375,23305,1275,0,1101150
NIFTY-III.NFO,20/03/2025,09:18:28,23301.35,23300,750,23305,1275,375,1101150
NIFTY-III.NFO,20/03/2025,09:18:30,23301.35,23300,825,23305,1275,0,1101150
NIFTY-III.NFO,20/03/2025,09:18:31,23300,23300,525,23305,1275,300,1101150
NIFTY-III.NFO,20/03/2025,09:18:33,23300,23300,525,23305,1275,0,1101150
NIFTY-III.NFO,20/03/2025,09:18:35,23300,23300,225,23305,1275,300,1101150
NIFTY-III.NFO,20/03/2025,09:18:36,23300,23300.15,375,23301,75,0,1101150
NIFTY-III.NFO,20/03/2025,09:18:38,23300,23300.8,375,23301,75,0,1101150
NIFTY-III.NFO,20/03/2025,09:18:39,23300.8,23300.1,450,23301,75,300,1101150
NIFTY-III.NFO,20/03/2025,09:18:41,23300.8,23300.8,375,23301,75,0,1101150
NIFTY-III.NFO,20/03/2025,09:18:43,23300.8,23300.9,375,23301,75,0,1101150
NIFTY-III.NFO,20/03/2025,09:18:44,23301.25,23301.05,375,23305,1200,525,1101150
NIFTY-III.NFO,20/03/2025,09:18:46,23301.25,23301.3,300,23305,1200,0,1101150
NIFTY-III.NFO,20/03/2025,09:18:47,23301.3,23301.15,450,23305,1200,300,1101150
NIFTY-III.NFO,20/03/2025,09:18:49,23301.3,23301.9,75,23305,1200,0,1101150
NIFTY-III.NFO,20/03/2025,09:18:51,23301.3,23301.95,450,23305,1200,0,1101150
NIFTY-III.NFO,20/03/2025,09:18:52,23301.95,23301.95,375,23305,1200,75,1101150
NIFTY-III.NFO,20/03/2025,09:18:54,23301.95,23301.95,300,23305,1200,0,1101150
NIFTY-III.NFO,20/03/2025,09:18:56,23305,23301.65,450,23305,900,300,1101150
NIFTY-III.NFO,20/03/2025,09:18:57,23302.65,23301.65,450,23305,900,300,1101150
NIFTY-III.NFO,20/03/2025,09:18:59,23301.95,23301.65,450,23304.95,75,75,1101150
NIFTY-III.NFO,20/03/2025,09:19:00,23301.95,23301.55,450,23304.95,75,0,1101150
NIFTY-III.NFO,20/03/2025,09:19:02,23301.55,23302.4,450,23304.95,75,150,1101150
NIFTY-III.NFO,20/03/2025,09:19:04,23301.55,23302.15,75,23304.95,75,0,1101150
NIFTY-III.NFO,20/03/2025,09:19:05,23305,23303.3,375,23304.95,75,150,1101150
NIFTY-III.NFO,20/03/2025,09:19:07,23305,23302.75,450,23304.95,150,0,1101150
NIFTY-III.NFO,20/03/2025,09:19:08,23305,23303.5,375,23304.95,150,0,1101150
NIFTY-III.NFO,20/03/2025,09:19:10,23305,23303.5,375,23304.95,75,0,1101150
NIFTY-III.NFO,20/03/2025,09:19:12,23305,23303.5,450,23304.95,75,0,1101150
NIFTY-III.NFO,20/03/2025,09:19:13,23304.95,23304.95,75,23305,825,75,1101150
NIFTY-III.NFO,20/03/2025,09:19:15,23304.95,23304.95,75,23305,825,75,1101150
NIFTY-III.NFO,20/03/2025,09:19:16,23305,23305.55,75,23306,75,825,1101150
NIFTY-III.NFO,20/03/2025,09:19:18,23305,23305.55,75,23306,75,0,1101150
NIFTY-III.NFO,20/03/2025,09:19:20,23306,23305.55,150,23310,150,75,1101150
NIFTY-III.NFO,20/03/2025,09:19:21,23306,23305.55,150,23310,150,0,1101150
NIFTY-III.NFO,20/03/2025,09:19:25,23306,23306,150,23310,150,0,1101150
NIFTY-III.NFO,20/03/2025,09:19:26,23310,23306,150,23310,75,75,1101150
NIFTY-III.NFO,20/03/2025,09:19:28,23310,23306,75,23310.95,150,150,1101150
NIFTY-III.NFO,20/03/2025,09:19:29,23310,23306,75,23310.95,150,0,1101150
NIFTY-III.NFO,20/03/2025,09:19:34,23310,23305,75,23310.95,225,75,1101150
NIFTY-III.NFO,20/03/2025,09:19:36,23310,23305,75,23310.95,225,75,1101150
NIFTY-III.NFO,20/03/2025,09:19:37,23306,23305,75,23310.95,225,150,1101150
NIFTY-III.NFO,20/03/2025,09:19:39,23306,23305,75,23309.95,150,0,1101150
NIFTY-III.NFO,20/03/2025,09:19:40,23309.95,23305,75,23309.95,150,75,1101150
NIFTY-III.NFO,20/03/2025,09:19:42,23309.95,23305,75,23309.95,150,75,1101150
NIFTY-III.NFO,20/03/2025,09:19:44,23309.95,23302.45,150,23310,225,150,1101150
NIFTY-III.NFO,20/03/2025,09:19:45,23309.4,23309.4,75,23310,225,75,1101150
NIFTY-III.NFO,20/03/2025,09:19:47,23309.4,23301.95,150,23310,225,75,1101150
NIFTY-III.NFO,20/03/2025,09:19:49,23309.4,23301.3,225,23310,225,0,1101150
NIFTY-III.NFO,20/03/2025,09:19:50,23309.4,23301.6,150,23309.75,150,0,1101150
NIFTY-III.NFO,20/03/2025,09:19:52,23309.4,23301,75,23309.75,150,0,1101150
NIFTY-III.NFO,20/03/2025,09:19:54,23306,23301.6,150,23309,150,75,1101150
NIFTY-III.NFO,20/03/2025,09:19:55,23309,23302.25,150,23309.4,150,75,1101150
NIFTY-III.NFO,20/03/2025,09:19:57,23309,23301.6,150,23309.4,150,0,1101150
NIFTY-III.NFO,20/03/2025,09:20:00,23309,23302.45,225,23309.4,150,0,1101150
NIFTY-III.NFO,20/03/2025,09:20:02,23309,23309,75,23309.4,75,0,1101150
NIFTY-III.NFO,20/03/2025,09:20:04,23309,23305,150,23309.4,75,75,1101150
NIFTY-III.NFO,20/03/2025,09:20:05,23309,23305,150,23309.4,75,0,1101150
NIFTY-III.NFO,20/03/2025,09:20:07,23309,23309,75,23309.4,75,75,1101150
NIFTY-III.NFO,20/03/2025,09:20:09,23309,23309,75,23309.4,75,0,1101150
NIFTY-III.NFO,20/03/2025,09:20:15,23309.4,23307.5,75,23307.95,75,75,1101150
NIFTY-III.NFO,20/03/2025,09:20:17,23307.7,23307.5,75,23307.7,75,150,1101150
NIFTY-III.NFO,20/03/2025,09:20:18,23307.7,23307.5,75,23307.7,75,0,1101150
NIFTY-III.NFO,20/03/2025,09:20:20,23307.7,23305.5,75,23307.7,75,0,1101150
NIFTY-III.NFO,20/03/2025,09:20:22,23307.7,23303.6,75,23307.7,75,0,1101150
NIFTY-III.NFO,20/03/2025,09:20:23,23307.7,23303.7,75,23307.65,75,0,1101150
NIFTY-III.NFO,20/03/2025,09:20:25,23307.7,23303.8,75,23307.65,75,0,1101150
NIFTY-III.NFO,20/03/2025,09:20:27,23307.7,23303.8,75,23307,225,0,1101150
NIFTY-III.NFO,20/03/2025,09:20:29,23307,23302.05,75,23307,225,75,1101150
NIFTY-III.NFO,20/03/2025,09:20:31,23307,23302.05,75,23306.85,150,75,1101150
NIFTY-III.NFO,20/03/2025,09:20:32,23307,23300.4,75,23306.85,150,0,1101150
NIFTY-III.NFO,20/03/2025,09:20:34,23307,23300.5,75,23306.85,150,0,1101150
NIFTY-III.NFO,20/03/2025,09:20:35,23306.85,23300.7,75,23304.45,75,75,1101150
NIFTY-III.NFO,20/03/2025,09:20:37,23306.85,23300.05,75,23304.45,75,0,1101150
NIFTY-III.NFO,20/03/2025,09:20:39,23300,23300,375,23304.45,150,150,1101150
NIFTY-III.NFO,20/03/2025,09:20:40,23304.45,23300,375,23302.6,150,75,1101150
NIFTY-III.NFO,20/03/2025,09:20:42,23300,23300,300,23301,75,150,1101150
NIFTY-III.NFO,20/03/2025,09:20:44,23302.6,23300,300,23304.45,75,300,1101150
NIFTY-III.NFO,20/03/2025,09:20:45,23300,23300,225,23301.45,75,225,1101150
NIFTY-III.NFO,20/03/2025,09:20:47,23300,23300,225,23301.45,75,0,1101150
NIFTY-III.NFO,20/03/2025,09:20:54,23300,23300,300,23301.45,75,0,1101150
NIFTY-III.NFO,20/03/2025,09:20:57,23300,23300,225,23305.7,75,75,1101150
NIFTY-III.NFO,20/03/2025,09:20:59,23300,23300,225,23303,75,0,1101150
NIFTY-III.NFO,20/03/2025,09:21:00,23300,23300,225,23302.7,75,0,1101150
NIFTY-III.NFO,20/03/2025,09:21:02,23300,23300,75,23302.95,150,225,1101150
NIFTY-III.NFO,20/03/2025,09:21:04,23300,23300,75,23302.95,150,0,1101150
NIFTY-III.NFO,20/03/2025,09:21:05,23300,23300,75,23302.95,75,0,1101150
NIFTY-III.NFO,20/03/2025,09:21:07,23302.95,23300,75,23302.95,75,75,1101150
NIFTY-III.NFO,20/03/2025,09:21:09,23302.95,23300,75,23303.4,150,0,1101150
NIFTY-III.NFO,20/03/2025,09:21:12,23300,23295.05,150,23300,225,75,1101150
NIFTY-III.NFO,20/03/2025,09:21:14,23300,23295.05,225,23300,150,75,1101150
NIFTY-III.NFO,20/03/2025,09:21:15,23295.05,23295.05,225,23300,150,75,1101150
NIFTY-III.NFO,20/03/2025,09:21:17,23295.05,23295.45,225,23300,150,0,1101150
NIFTY-III.NFO,20/03/2025,09:21:19,23300,23295.9,225,23300.15,75,150,1101150
NIFTY-III.NFO,20/03/2025,09:21:20,23300,23295.05,225,23303.35,75,0,1101150
NIFTY-III.NFO,20/03/2025,09:21:22,23300,23295.5,150,23303.75,150,0,1101150
NIFTY-III.NFO,20/03/2025,09:21:24,23300,23296.5,225,23303.75,150,0,1101150
NIFTY-III.NFO,20/03/2025,09:21:25,23300,23296.5,225,23303.6,150,0,1101150
NIFTY-III.NFO,20/03/2025,09:21:27,23300,23295.65,225,23303.6,150,0,1101150
NIFTY-III.NFO,20/03/2025,09:21:29,23300,23295.35,150,23303.6,150,0,1101150
NIFTY-III.NFO,20/03/2025,09:21:30,23300,23295.65,150,23303.6,150,0,1101150
NIFTY-III.NFO,20/03/2025,09:21:32,23300,23295.9,150,23303.6,150,0,1101150
NIFTY-III.NFO,20/03/2025,09:21:34,23300,23296.3,150,23303.6,150,0,1101150
NIFTY-III.NFO,20/03/2025,09:21:40,23300,23296.3,825,23300,75,0,1101150
NIFTY-III.NFO,20/03/2025,09:21:43,23300,23297.6,225,23300,75,75,1101600
NIFTY-III.NFO,20/03/2025,09:21:45,23300,23298.4,150,23303.65,75,75,1101600
NIFTY-III.NFO,20/03/2025,09:21:47,23300,23299.6,150,23303.65,75,300,1101600
NIFTY-III.NFO,20/03/2025,09:21:48,23300,23301.2,150,23309,75,0,1101600
NIFTY-III.NFO,20/03/2025,09:21:50,23300,23304.4,150,23309,75,0,1101600
NIFTY-III.NFO,20/03/2025,09:21:52,23300,23303.35,150,23309,75,0,1101600
NIFTY-III.NFO,20/03/2025,09:21:53,23299.7,23299.9,300,23308.95,225,300,1101600
NIFTY-III.NFO,20/03/2025,09:21:55,23300.15,23302.35,300,23309,75,150,1101600
NIFTY-III.NFO,20/03/2025,09:21:57,23300.15,23302.35,75,23309,150,0,1101600
NIFTY-III.NFO,20/03/2025,09:21:58,23300.15,23301.5,450,23309,150,0,1101600
NIFTY-III.NFO,20/03/2025,09:22:00,23300.15,23300.1,75,23308.95,150,0,1101600
NIFTY-III.NFO,20/03/2025,09:22:02,23300.15,23299.35,150,23305,75,0,1101600
NIFTY-III.NFO,20/03/2025,09:22:03,23299.6,23300.35,375,23305,75,150,1101600
NIFTY-III.NFO,20/03/2025,09:22:05,23299.6,23301.95,675,23305,75,0,1101600
NIFTY-III.NFO,20/03/2025,09:22:07,23302.35,23301.95,300,23305,75,75,1101600
NIFTY-III.NFO,20/03/2025,09:22:08,23302.35,23301.85,375,23305,75,0,1101600
NIFTY-III.NFO,20/03/2025,09:22:10,23305,23302.4,375,23309,150,75,1101600
NIFTY-III.NFO,20/03/2025,09:22:12,23305,23302.45,375,23309,75,0,1101600
NIFTY-III.NFO,20/03/2025,09:22:13,23305,23301.05,450,23308.9,150,0,1101600
NIFTY-III.NFO,20/03/2025,09:22:15,23305,23300.9,375,23306.05,75,0,1101600
NIFTY-III.NFO,20/03/2025,09:22:17,23305,23302.5,375,23309,75,0,1101600
NIFTY-III.NFO,20/03/2025,09:22:18,23302.5,23301.95,375,23309,75,75,1101600
NIFTY-III.NFO,20/03/2025,09:22:20,23302.5,23303.25,75,23309,75,0,1101600
NIFTY-III.NFO,20/03/2025,09:22:22,23302.5,23302,450,23305,450,0,1101600
NIFTY-III.NFO,20/03/2025,09:22:23,23302.5,23301.3,450,23305,450,0,1101600
NIFTY-III.NFO,20/03/2025,09:22:25,23302.5,23301.75,375,23305,450,0,1101600
NIFTY-III.NFO,20/03/2025,09:22:27,23302.5,23301.15,375,23305,450,0,1101600
NIFTY-III.NFO,20/03/2025,09:22:28,23302.5,23302.2,375,23305,450,0,1101600
NIFTY-III.NFO,20/03/2025,09:22:30,23305,23303.05,375,23305,375,75,1101600
NIFTY-III.NFO,20/03/2025,09:22:32,23305,23303.85,675,23305,375,0,1101600
NIFTY-III.NFO,20/03/2025,09:22:33,23305,23304.7,375,23308.8,75,375,1101600
NIFTY-III.NFO,20/03/2025,09:22:35,23305,23305.95,375,23309,150,0,1101600
NIFTY-III.NFO,20/03/2025,09:22:37,23305,23307.95,825,23309,150,0,1101600
NIFTY-III.NFO,20/03/2025,09:22:38,23311,23310.9,300,23316,75,600,1101600
NIFTY-III.NFO,20/03/2025,09:22:40,23311,23310.25,450,23315.75,75,0,1101600
NIFTY-III.NFO,20/03/2025,09:22:42,23311,23312.25,450,23319.95,225,0,1101600
NIFTY-III.NFO,20/03/2025,09:22:43,23311,23312.6,450,23318.65,75,0,1101600
NIFTY-III.NFO,20/03/2025,09:22:45,23311,23312,75,23319.25,225,0,1101600
NIFTY-III.NFO,20/03/2025,09:22:47,23311,23310.7,450,23318.9,225,0,1101600
NIFTY-III.NFO,20/03/2025,09:22:48,23312.35,23311.75,300,23319.85,225,75,1101600
NIFTY-III.NFO,20/03/2025,09:22:50,23312.35,23314,450,23320,75,0,1101600
NIFTY-III.NFO,20/03/2025,09:22:52,23312.35,23313.65,75,23319.95,150,0,1101600
NIFTY-III.NFO,20/03/2025,09:22:53,23318.9,23312.15,225,23318.85,150,375,1101600
NIFTY-III.NFO,20/03/2025,09:22:53,23320.2,23312.15,225,23318.85,150,0,1101600
NIFTY-III.NFO,20/03/2025,09:22:55,23312.15,23313,150,23320.8,225,150,1101600
NIFTY-III.NFO,20/03/2025,09:22:57,23312.15,23313,150,23320.8,225,0,1101600
NIFTY-III.NFO,20/03/2025,09:22:58,23312.15,23313.65,450,23320.8,150,0,1101600
NIFTY-III.NFO,20/03/2025,09:23:00,23312.15,23313.9,75,23320.8,225,0,1101600
NIFTY-III.NFO,20/03/2025,09:23:02,23315,23315.9,150,23321,150,75,1101600
NIFTY-III.NFO,20/03/2025,09:23:03,23315,23315.95,150,23321,150,0,1101600
NIFTY-III.NFO,20/03/2025,09:23:05,23315,23315.6,450,23321,150,0,1101600
NIFTY-III.NFO,20/03/2025,09:23:07,23315,23315.05,375,23315.9,75,0,1101600
NIFTY-III.NFO,20/03/2025,09:23:08,23315.9,23315.2,150,23321,150,75,1101600
NIFTY-III.NFO,20/03/2025,09:23:10,23315.9,23315.1,450,23321,150,0,1101600
NIFTY-III.NFO,20/03/2025,09:23:12,23321,23315,75,23320.95,225,75,1101600
NIFTY-III.NFO,20/03/2025,09:23:12,23321,23315,75,23320.95,225,0,1101600
NIFTY-III.NFO,20/03/2025,09:23:13,23321,23315,75,23320.95,150,0,1101600
NIFTY-III.NFO,20/03/2025,09:23:17,23320.95,23315,75,23320.95,225,75,1101600
NIFTY-III.NFO,20/03/2025,09:23:18,23320.95,23315,75,23320.95,225,0,1101600
NIFTY-III.NFO,20/03/2025,09:23:27,23320.95,23315,75,23320.95,225,75,1101600
NIFTY-III.NFO,20/03/2025,09:23:28,23320.95,23315,75,23320.95,225,0,1101600
NIFTY-III.NFO,20/03/2025,09:23:30,23320.95,23320,75,23320.95,150,0,1101600
NIFTY-III.NFO,20/03/2025,09:23:32,23320,23315.2,375,23320.95,75,300,1101600
NIFTY-III.NFO,20/03/2025,09:23:33,23320,23315.6,150,23320.95,75,0,1101600
NIFTY-III.NFO,20/03/2025,09:23:35,23316.45,23316.45,75,23320.95,75,75,1101600
NIFTY-III.NFO,20/03/2025,09:23:37,23316.45,23316.7,75,23320.95,75,0,1101600
NIFTY-III.NFO,20/03/2025,09:23:38,23316.45,23318.25,225,23320.95,75,0,1101600
NIFTY-III.NFO,20/03/2025,09:23:40,23316.45,23318.7,450,23320.95,75,0,1101600
NIFTY-III.NFO,20/03/2025,09:23:42,23320.95,23319.05,375,23321,75,150,1101600
NIFTY-III.NFO,20/03/2025,09:23:43,23320.95,23320,450,23321,75,0,1101600
NIFTY-III.NFO,20/03/2025,09:23:45,23321,23321.1,75,23325,225,75,1101600
NIFTY-III.NFO,20/03/2025,09:23:47,23321,23320.9,75,23325,225,0,1101600
NIFTY-III.NFO,20/03/2025,09:23:48,23321,23322.05,75,23325,225,0,1101600
NIFTY-III.NFO,20/03/2025,09:23:50,23321,23320.9,150,23325,225,0,1101600
NIFTY-III.NFO,20/03/2025,09:23:52,23321,23321.25,675,23325,225,0,1101600
NIFTY-III.NFO,20/03/2025,09:23:53,23321,23321.85,450,23325,225,0,1101600
NIFTY-III.NFO,20/03/2025,09:23:55,23321,23323.4,675,23325,225,0,1101600
NIFTY-III.NFO,20/03/2025,09:23:57,23325,23323.85,375,23325,450,225,1101600
NIFTY-III.NFO,20/03/2025,09:23:57,23325,23323.85,375,23325,450,0,1101600
NIFTY-III.NFO,20/03/2025,09:23:58,23328.15,23328.25,450,23330,150,525,1101600
NIFTY-III.NFO,20/03/2025,09:23:58,23328.15,23328.25,450,23330,150,0,1101600
NIFTY-III.NFO,20/03/2025,09:24:00,23328.15,23327.55,375,23330,75,0,1101600
NIFTY-III.NFO,20/03/2025,09:24:02,23328.15,23327.25,225,23330,75,0,1101600
NIFTY-III.NFO,20/03/2025,09:24:03,23330,23330.7,450,23333,75,75,1101600
NIFTY-III.NFO,20/03/2025,09:24:03,23330,23330.7,450,23333,75,0,1101600
NIFTY-III.NFO,20/03/2025,09:24:05,23330,23330.15,375,23333,75,0,1101600
NIFTY-III.NFO,20/03/2025,09:24:07,23329.85,23329.45,150,23333,75,150,1101600
NIFTY-III.NFO,20/03/2025,09:24:08,23329.85,23331.85,150,23333,75,0,1101600
NIFTY-III.NFO,20/03/2025,09:24:10,23334.55,23332.9,525,23337.55,75,150,1101600
NIFTY-III.NFO,20/03/2025,09:24:10,23334.55,23332.9,525,23337.55,75,0,1101600
NIFTY-III.NFO,20/03/2025,09:24:12,23334.55,23334.05,525,23337.55,75,0,1101600
NIFTY-III.NFO,20/03/2025,09:24:13,23337.55,23338.35,75,23341,75,75,1101600
NIFTY-III.NFO,20/03/2025,09:24:13,23337.55,23338.35,75,23341,75,0,1101600
NIFTY-III.NFO,20/03/2025,09:24:15,23338.35,23336.05,450,23341,75,150,1101600
NIFTY-III.NFO,20/03/2025,09:24:15,23338.35,23336.05,450,23341,75,0,1101600
NIFTY-III.NFO,20/03/2025,09:24:17,23338.35,23337.9,450,23341,75,0,1101600
NIFTY-III.NFO,20/03/2025,09:24:18,23336.25,23336.75,375,23341,75,75,1101600
NIFTY-III.NFO,20/03/2025,09:24:20,23336.25,23336,75,23341,75,0,1101600
NIFTY-III.NFO,20/03/2025,09:24:22,23336.25,23336.45,375,23341,75,0,1101600
NIFTY-III.NFO,20/03/2025,09:24:23,23336.25,23335.95,450,23341,75,0,1101600
NIFTY-III.NFO,20/03/2025,09:24:25,23335.95,23336.1,450,23341,75,75,1101525
NIFTY-III.NFO,20/03/2025,09:24:27,23338.35,23337.45,300,23341,75,150,1101525
NIFTY-III.NFO,20/03/2025,09:24:28,23338.35,23337.4,375,23341,75,0,1101525
NIFTY-III.NFO,20/03/2025,09:24:30,23338.35,23338.65,300,23341,75,0,1101525
NIFTY-III.NFO,20/03/2025,09:24:32,23338.35,23336.8,300,23341,75,0,1101525
NIFTY-III.NFO,20/03/2025,09:24:33,23338.35,23338.3,375,23341,75,0,1101525
NIFTY-III.NFO,20/03/2025,09:24:35,23339.05,23340.3,375,23341,75,150,1101525
NIFTY-III.NFO,20/03/2025,09:24:35,23339.5,23340.3,375,23341,75,0,1101525
NIFTY-III.NFO,20/03/2025,09:24:37,23339.05,23340.3,375,23341,75,0,1101525
NIFTY-III.NFO,20/03/2025,09:24:38,23341,23340.75,450,23345,150,75,1101525
NIFTY-III.NFO,20/03/2025,09:24:38,23341,23340.75,450,23345,150,0,1101525
NIFTY-III.NFO,20/03/2025,09:24:40,23340,23340.35,225,23345,150,75,1101525
NIFTY-III.NFO,20/03/2025,09:24:42,23340,23341.25,225,23345,150,0,1101525
NIFTY-III.NFO,20/03/2025,09:24:43,23341,23339.4,375,23345,225,75,1101525
NIFTY-III.NFO,20/03/2025,09:24:45,23341,23340.15,375,23345,150,0,1101525
NIFTY-III.NFO,20/03/2025,09:24:47,23341,23340.15,450,23345,150,0,1101525
NIFTY-III.NFO,20/03/2025,09:24:48,23339.8,23340.65,150,23347.95,225,750,1101525
NIFTY-III.NFO,20/03/2025,09:24:48,23345,23340.65,150,23347.95,225,0,1101525
NIFTY-III.NFO,20/03/2025,09:24:50,23339.8,23340.3,300,23347.95,225,0,1101525
NIFTY-III.NFO,20/03/2025,09:24:52,23339.8,23340.15,300,23347.95,225,0,1101525
NIFTY-III.NFO,20/03/2025,09:24:53,23341.65,23341.25,75,23347.95,225,75,1101525
NIFTY-III.NFO,20/03/2025,09:24:55,23341.65,23340.9,300,23347.95,225,0,1101525
NIFTY-III.NFO,20/03/2025,09:24:57,23341.65,23341.05,225,23347.9,150,0,1101525
NIFTY-III.NFO,20/03/2025,09:24:58,23341.65,23339.7,525,23347.9,150,0,1101525
NIFTY-III.NFO,20/03/2025,09:25:00,23341.65,23338.15,525,23347.2,150,0,1101525
NIFTY-III.NFO,20/03/2025,09:25:02,23341.65,23340.35,75,23347.95,150,0,1101525
NIFTY-III.NFO,20/03/2025,09:25:03,23341.65,23342,75,23347.2,150,0,1101525
NIFTY-III.NFO,20/03/2025,09:25:05,23341.65,23342,75,23347.95,75,0,1101525
NIFTY-III.NFO,20/03/2025,09:25:07,23341.65,23342.15,375,23348,75,0,1101525
NIFTY-III.NFO,20/03/2025,09:25:08,23342.2,23342.25,375,23348,75,75,1101525
NIFTY-III.NFO,20/03/2025,09:25:10,23342.2,23342.3,300,23348,75,0,1101525
NIFTY-III.NFO,20/03/2025,09:25:12,23342.2,23342,75,23347.95,225,0,1101525
NIFTY-III.NFO,20/03/2025,09:25:17,23342.2,23342,75,23342.2,75,0,1101525
NIFTY-III.NFO,20/03/2025,09:25:20,23342,23340,75,23342.15,150,75,1101525
NIFTY-III.NFO,20/03/2025,09:25:22,23340,23335.95,75,23342.15,225,75,1101525
NIFTY-III.NFO,20/03/2025,09:25:23,23340,23335.95,75,23340.9,150,0,1101525
NIFTY-III.NFO,20/03/2025,09:25:25,23340,23340,150,23341.8,225,0,1101525
NIFTY-III.NFO,20/03/2025,09:25:27,23340,23335.2,375,23340,150,150,1101525
NIFTY-III.NFO,20/03/2025,09:25:28,23340,23334.1,375,23341.1,225,975,1101525
NIFTY-III.NFO,20/03/2025,09:25:30,23340,23334,375,23339.95,225,0,1101525
NIFTY-III.NFO,20/03/2025,09:25:32,23340,23332.25,225,23339.95,225,0,1101525
NIFTY-III.NFO,20/03/2025,09:25:33,23340,23332.15,375,23339.6,150,0,1101525
NIFTY-III.NFO,20/03/2025,09:25:35,23340,23330.5,225,23334,75,0,1101525
NIFTY-III.NFO,20/03/2025,09:25:37,23330,23325.75,375,23332.6,150,75,1101525
NIFTY-III.NFO,20/03/2025,09:25:38,23333.95,23327.9,225,23333.95,225,75,1101525
NIFTY-III.NFO,20/03/2025,09:25:40,23333.95,23328.45,375,23333.95,150,0,1101525
NIFTY-III.NFO,20/03/2025,09:25:42,23333.95,23326.05,375,23333.95,375,0,1101525
NIFTY-III.NFO,20/03/2025,09:25:43,23333.85,23326.4,225,23333.85,225,75,1101525
NIFTY-III.NFO,20/03/2025,09:25:45,23333.75,23327.25,225,23333,75,75,1101525
NIFTY-III.NFO,20/03/2025,09:25:47,23333.75,23329.45,150,23333,75,0,1101525
NIFTY-III.NFO,20/03/2025,09:25:48,23333.75,23329.15,375,23330,75,0,1101525
NIFTY-III.NFO,20/03/2025,09:25:50,23330,23328.95,150,23333,75,75,1101525
NIFTY-III.NFO,20/03/2025,09:25:52,23330,23328.85,150,23333,75,0,1101525
NIFTY-III.NFO,20/03/2025,09:25:53,23330,23329.9,150,23333,75,75,1101525
NIFTY-III.NFO,20/03/2025,09:25:55,23330,23330.45,150,23333,75,0,1101525
NIFTY-III.NFO,20/03/2025,09:25:57,23330,23331.25,600,23333,75,0,1101525
NIFTY-III.NFO,20/03/2025,09:25:58,23330,23331.95,150,23333,75,0,1101525
NIFTY-III.NFO,20/03/2025,09:26:00,23333,23332.85,150,23333.95,75,75,1101525
NIFTY-III.NFO,20/03/2025,09:26:02,23333,23332.2,225,23333.95,75,0,1101525
NIFTY-III.NFO,20/03/2025,09:26:03,23332.25,23332.9,225,23333.95,75,75,1101525
NIFTY-III.NFO,20/03/2025,09:26:05,23332.25,23333.15,150,23333.95,75,0,1101525
NIFTY-III.NFO,20/03/2025,09:26:07,23334,23332.75,375,23339.3,225,300,1101525
NIFTY-III.NFO,20/03/2025,09:26:08,23339.3,23330.55,150,23339.25,150,75,1101525
NIFTY-III.NFO,20/03/2025,09:26:10,23339.3,23330,75,23338.5,225,0,1101525
NIFTY-III.NFO,20/03/2025,09:26:12,23339.3,23330,75,23333.95,225,0,1101525
NIFTY-III.NFO,20/03/2025,09:26:15,23330,23323.1,375,23331.9,300,225,1101525
NIFTY-III.NFO,20/03/2025,09:26:17,23331.2,23324.6,225,23331.8,75,75,1101525
NIFTY-III.NFO,20/03/2025,09:26:18,23324.75,23325.15,375,23332.65,150,75,1101525
NIFTY-III.NFO,20/03/2025,09:26:20,23324.75,23324.95,75,23331.7,225,0,1101525
NIFTY-III.NFO,20/03/2025,09:26:22,23324.75,23325.6,375,23332.95,225,0,1101525
NIFTY-III.NFO,20/03/2025,09:26:23,23324.75,23325.1,75,23332.95,225,0,1101525
NIFTY-III.NFO,20/03/2025,09:26:25,23324.75,23323.25,450,23332.15,150,0,1101525
NIFTY-III.NFO,20/03/2025,09:26:27,23324.75,23321.6,150,23329.65,150,0,1101525
NIFTY-III.NFO,20/03/2025,09:26:28,23324.75,23324.75,75,23331.55,150,0,1101525
NIFTY-III.NFO,20/03/2025,09:26:30,23331.35,23324.75,75,23331.35,150,75,1101525
NIFTY-III.NFO,20/03/2025,09:26:32,23331.35,23324.75,75,23330.4,150,0,1101525
NIFTY-III.NFO,20/03/2025,09:26:33,23331.35,23324.75,75,23331.45,75,0,1101525
NIFTY-III.NFO,20/03/2025,09:26:35,23331.35,23324.75,75,23329.95,75,0,1101525
NIFTY-III.NFO,20/03/2025,09:26:37,23331.35,23324.75,150,23330,75,0,1101525
NIFTY-III.NFO,20/03/2025,09:26:38,23331.35,23325.65,225,23330,75,0,1101525
NIFTY-III.NFO,20/03/2025,09:26:40,23331.35,23324.8,75,23330,75,0,1101525
NIFTY-III.NFO,20/03/2025,09:26:42,23331.35,23325.2,450,23330,75,0,1101525
NIFTY-III.NFO,20/03/2025,09:26:43,23331.35,23324.75,75,23330,75,0,1101525
NIFTY-III.NFO,20/03/2025,09:26:47,23331.35,23325.7,600,23330,75,0,1101525
NIFTY-III.NFO,20/03/2025,09:26:50,23325.7,23325.7,600,23330,75,75,1101525
NIFTY-III.NFO,20/03/2025,09:26:52,23325.7,23326.3,225,23330,75,0,1101525
NIFTY-III.NFO,20/03/2025,09:26:53,23330,23327.3,225,23332,75,75,1101525
NIFTY-III.NFO,20/03/2025,09:26:55,23326.9,23327.4,75,23332,75,75,1101525
NIFTY-III.NFO,20/03/2025,09:26:57,23326.9,23326.8,150,23332,75,0,1101525
NIFTY-III.NFO,20/03/2025,09:26:58,23326.9,23327.05,150,23332,75,0,1101525
NIFTY-III.NFO,20/03/2025,09:27:00,23326.9,23325.05,75,23331.2,225,0,1101525
NIFTY-III.NFO,20/03/2025,09:27:02,23326.9,23325.05,75,23331.95,225,0,1101525
NIFTY-III.NFO,20/03/2025,09:27:03,23326.9,23325,75,23330,150,0,1101525
NIFTY-III.NFO,20/03/2025,09:27:05,23326.9,23325.05,75,23330,150,0,1101525
NIFTY-III.NFO,20/03/2025,09:27:07,23326.9,23325,75,23329.3,225,0,1101525
NIFTY-III.NFO,20/03/2025,09:27:08,23326.9,23325,75,23328.1,150,0,1101525
NIFTY-III.NFO,20/03/2025,09:27:10,23326.9,23325,75,23329.25,150,0,1101525
NIFTY-III.NFO,20/03/2025,09:27:12,23326.9,23325,75,23329.9,225,0,1101525
NIFTY-III.NFO,20/03/2025,09:27:13,23326.9,23325,75,23328.5,225,0,1101525
NIFTY-III.NFO,20/03/2025,09:27:15,23326.9,23325,75,23329.85,150,0,1101525
NIFTY-III.NFO,20/03/2025,09:27:17,23326.9,23321.05,75,23328.4,225,0,1101525
NIFTY-III.NFO,20/03/2025,09:27:18,23326.9,23321.05,150,23327.75,150,0,1101525
NIFTY-III.NFO,20/03/2025,09:27:20,23326.9,23321.35,150,23329.15,150,0,1101525
NIFTY-III.NFO,20/03/2025,09:27:22,23326.9,23322,75,23329.1,150,0,1101525
NIFTY-III.NFO,20/03/2025,09:27:23,23326.9,23325.7,75,23329.95,150,0,1101525
NIFTY-III.NFO,20/03/2025,09:27:25,23326.9,23325.7,75,23329,75,0,1101525
NIFTY-III.NFO,20/03/2025,09:27:29,23326.9,23325.85,75,23329,75,0,1101525
NIFTY-III.NFO,20/03/2025,09:27:30,23332,23332,2475,23332.05,75,525,1101525
NIFTY-III.NFO,20/03/2025,09:27:32,23332,23332,1800,23332.05,75,675,1101525
NIFTY-III.NFO,20/03/2025,09:27:34,23332,23332,1800,23332.05,75,0,1101525
NIFTY-III.NFO,20/03/2025,09:27:35,23332,23332,1200,23332.05,75,600,1101525
NIFTY-III.NFO,20/03/2025,09:27:37,23332,23332,1200,23332.05,75,0,1101525
NIFTY-III.NFO,20/03/2025,09:27:42,23332.85,23333,975,23334,150,225,1101525
NIFTY-III.NFO,20/03/2025,09:27:44,23334,23333,975,23334,75,75,1101525
NIFTY-III.NFO,20/03/2025,09:27:45,23334,23333,975,23334,75,0,1101525
NIFTY-III.NFO,20/03/2025,09:27:47,23334,23333.05,150,23334,75,0,1101525
NIFTY-III.NFO,20/03/2025,09:27:49,23334,23333,975,23334,75,0,1101525
NIFTY-III.NFO,20/03/2025,09:27:50,23334,23333.05,225,23340,150,75,1101525
NIFTY-III.NFO,20/03/2025,09:27:52,23335.05,23335.05,225,23342.2,75,75,1101525
NIFTY-III.NFO,20/03/2025,09:27:54,23335.05,23335.9,600,23340,75,0,1101525
NIFTY-III.NFO,20/03/2025,09:27:55,23335.05,23337.85,225,23340,75,0,1101525
NIFTY-III.NFO,20/03/2025,09:27:57,23335.05,23336.95,225,23340,75,0,1101525
NIFTY-III.NFO,20/03/2025,09:27:59,23338.55,23338.55,150,23340,75,75,1101525
NIFTY-III.NFO,20/03/2025,09:28:00,23338.3,23338.85,75,23340,75,225,1101525
NIFTY-III.NFO,20/03/2025,09:28:02,23337.25,23337.3,375,23342.2,75,150,1101525
NIFTY-III.NFO,20/03/2025,09:28:04,23337.25,23336.7,75,23342.2,75,0,1101525
NIFTY-III.NFO,20/03/2025,09:28:05,23342.2,23338.35,450,23345.15,75,75,1101525
NIFTY-III.NFO,20/03/2025,09:28:07,23342.2,23338.35,450,23345.15,75,0,1101525
NIFTY-III.NFO,20/03/2025,09:28:09,23342.2,23338.95,450,23345.15,75,0,1101525
NIFTY-III.NFO,20/03/2025,09:28:10,23342.2,23339.85,75,23345.15,75,0,1101525
NIFTY-III.NFO,20/03/2025,09:28:12,23342.2,23340,1050,23345.15,75,0,1101525
NIFTY-III.NFO,20/03/2025,09:28:15,23342.2,23342.2,75,23345.15,75,0,1101525
NIFTY-III.NFO,20/03/2025,09:28:19,23348,23342.55,75,23349.9,75,150,1101525
NIFTY-III.NFO,20/03/2025,09:28:19,23348,23342.55,75,23349.9,75,0,1101525
NIFTY-III.NFO,20/03/2025,09:28:20,23342.55,23342.2,150,23345,75,75,1101525
NIFTY-III.NFO,20/03/2025,09:28:22,23342.55,23342.6,450,23345,75,0,1101525
NIFTY-III.NFO,20/03/2025,09:28:24,23349.9,23342.2,300,23349.2,150,150,1101525
NIFTY-III.NFO,20/03/2025,09:28:24,23349.9,23342.2,300,23349.2,150,0,1101525
NIFTY-III.NFO,20/03/2025,09:28:25,23349.9,23343.25,450,23349.95,75,0,1101525
NIFTY-III.NFO,20/03/2025,09:28:27,23349.9,23343.25,75,23349.95,75,0,1101525
NIFTY-III.NFO,20/03/2025,09:28:29,23349.9,23342.2,300,23349.9,225,0,1101525
NIFTY-III.NFO,20/03/2025,09:28:30,23349.9,23342.2,225,23347.9,225,0,1101525
NIFTY-III.NFO,20/03/2025,09:28:32,23345,23342.55,75,23345,150,450,1101525
NIFTY-III.NFO,20/03/2025,09:28:34,23342.2,23342.45,450,23349.9,225,150,1101525
NIFTY-III.NFO,20/03/2025,09:28:35,23342.2,23342.2,150,23349.4,150,0,1101525
NIFTY-III.NFO,20/03/2025,09:28:37,23348.6,23342.2,225,23348.6,225,75,1101525
NIFTY-III.NFO,20/03/2025,09:28:39,23342.25,23342.2,300,23349.65,225,150,1101525
NIFTY-III.NFO,20/03/2025,09:28:40,23342.25,23342.2,150,23348.65,225,0,1101525
NIFTY-III.NFO,20/03/2025,09:28:42,23349.35,23342.2,225,23349.9,225,75,1101525
NIFTY-III.NFO,20/03/2025,09:28:44,23349.35,23342.25,450,23349.25,225,0,1101525
NIFTY-III.NFO,20/03/2025,09:28:45,23349.35,23342.25,75,23348.95,150,0,1101525
NIFTY-III.NFO,20/03/2025,09:28:47,23349.35,23342.2,150,23348.5,225,0,1101525
NIFTY-III.NFO,20/03/2025,09:28:49,23347.8,23342.2,150,23347.95,225,75,1101525
NIFTY-III.NFO,20/03/2025,09:28:50,23340,23340,1350,23346.85,150,225,1101525
NIFTY-III.NFO,20/03/2025,09:28:52,23340,23340,825,23343.2,225,525,1101525
NIFTY-III.NFO,20/03/2025,09:28:54,23340,23340,600,23343.7,150,225,1101525
NIFTY-III.NFO,20/03/2025,09:28:55,23340,23340,375,23343,150,225,1101525
NIFTY-III.NFO,20/03/2025,09:28:57,23340,23340,375,23342.5,225,0,1101525
NIFTY-III.NFO,20/03/2025,09:28:59,23340,23339,75,23342.5,225,450,1101525
NIFTY-III.NFO,20/03/2025,09:29:00,23337,23333.5,375,23337,150,150,1101525
NIFTY-III.NFO,20/03/2025,09:29:02,23340,23334.8,225,23340,300,225,1101525
NIFTY-III.NFO,20/03/2025,09:29:04,23339.95,23333.9,150,23339.95,75,75,1101525
NIFTY-III.NFO,20/03/2025,09:29:05,23339.95,23334.6,150,23340,225,0,1101525
NIFTY-III.NFO,20/03/2025,09:29:07,23339.95,23336.9,225,23340,225,0,1101525
NIFTY-III.NFO,20/03/2025,09:29:09,23340,23340.5,450,23347.4,150,225,1101525
NIFTY-III.NFO,20/03/2025,09:29:10,23341.9,23340.5,300,23348.95,150,375,1101525
NIFTY-III.NFO,20/03/2025,09:29:12,23341.9,23340.7,300,23348.2,225,0,1101525
NIFTY-III.NFO,20/03/2025,09:29:14,23341.9,23341.2,300,23349,150,0,1101525
NIFTY-III.NFO,20/03/2025,09:29:15,23341.9,23342.05,300,23349,150,0,1101525
NIFTY-III.NFO,20/03/2025,09:29:17,23341.9,23343.35,225,23349,150,0,1101525
NIFTY-III.NFO,20/03/2025,09:29:19,23342.9,23343,225,23349,150,75,1101525
NIFTY-III.NFO,20/03/2025,09:29:20,23342.9,23342.65,375,23347,75,0,1101525
NIFTY-III.NFO,20/03/2025,09:29:22,23342.9,23343.3,375,23347,75,0,1101525
NIFTY-III.NFO,20/03/2025,09:29:24,23342.9,23342.1,375,23347,75,0,1101525
NIFTY-III.NFO,20/03/2025,09:29:25,23347,23343.5,225,23348.7,75,75,1101525
NIFTY-III.NFO,20/03/2025,09:29:27,23347,23343.5,150,23349,225,0,1101525
NIFTY-III.NFO,20/03/2025,09:29:29,23347,23344.35,225,23349,225,0,1101525
NIFTY-III.NFO,20/03/2025,09:29:30,23344.1,23343.6,375,23349,150,75,1101525
NIFTY-III.NFO,20/03/2025,09:29:32,23344.1,23343.6,300,23349,150,0,1101525
NIFTY-III.NFO,20/03/2025,09:29:34,23343.6,23343.85,150,23349,150,300,1101525
NIFTY-III.NFO,20/03/2025,09:29:35,23343.6,23344.1,75,23349,150,0,1101525
NIFTY-III.NFO,20/03/2025,09:29:37,23344.1,23344.1,300,23349,150,75,1101525
NIFTY-III.NFO,20/03/2025,09:29:39,23344.1,23343.6,150,23349,150,0,1101525
NIFTY-III.NFO,20/03/2025,09:29:40,23344.1,23344.45,225,23349,150,0,1101525
NIFTY-III.NFO,20/03/2025,09:29:42,23345.6,23345.3,150,23349,75,225,1101525
NIFTY-III.NFO,20/03/2025,09:29:44,23345.85,23346.1,75,23349,150,375,1101525
NIFTY-III.NFO,20/03/2025,09:29:45,23346.1,23345.55,450,23349,75,150,1101525
NIFTY-III.NFO,20/03/2025,09:29:47,23349,23347.3,150,23349.95,75,75,1101525
NIFTY-III.NFO,20/03/2025,09:29:49,23350,23350.45,450,23353,900,450,1101525
NIFTY-III.NFO,20/03/2025,09:29:49,23350,23350.45,450,23353,900,0,1101525
NIFTY-III.NFO,20/03/2025,09:29:50,23350,23349.45,525,23353,900,0,1101525
NIFTY-III.NFO,20/03/2025,09:29:52,23350,23347,75,23353,900,0,1101525
NIFTY-III.NFO,20/03/2025,09:29:54,23350,23350,75,23353,900,0,1101525
NIFTY-III.NFO,20/03/2025,09:29:55,23350,23347.55,150,23353,900,75,1101525
NIFTY-III.NFO,20/03/2025,09:29:57,23348.05,23347.65,450,23353,900,75,1101525
NIFTY-III.NFO,20/03/2025,09:29:59,23353,23350.1,75,23353,825,75,1101525
NIFTY-III.NFO,20/03/2025,09:29:59,23353,23350.1,75,23353,825,0,1101525
NIFTY-III.NFO,20/03/2025,09:30:00,23353,23350.45,450,23353,750,75,1101525
NIFTY-III.NFO,20/03/2025,09:30:02,23353,23350.1,75,23351,75,0,1101525
NIFTY-III.NFO,20/03/2025,09:30:04,23353,23350.6,75,23351,75,0,1101525
NIFTY-III.NFO,20/03/2025,09:30:05,23351,23351.9,75,23353,750,75,1101525
NIFTY-III.NFO,20/03/2025,09:30:07,23353,23352.8,75,23353,750,75,1101525
NIFTY-III.NFO,20/03/2025,09:30:09,23353.2,23353,75,23355,300,825,1101525
NIFTY-III.NFO,20/03/2025,09:30:09,23353.2,23353,75,23355,300,0,1101525
NIFTY-III.NFO,20/03/2025,09:30:10,23353.2,23352.3,75,23355,300,0,1101525
NIFTY-III.NFO,20/03/2025,09:30:12,23353.2,23354,75,23355,300,0,1101525
NIFTY-III.NFO,20/03/2025,09:30:14,23353,23351,75,23354.95,225,150,1101525
NIFTY-III.NFO,20/03/2025,09:30:14,23354,23351,75,23354.95,225,0,1101525
NIFTY-III.NFO,20/03/2025,09:30:15,23353,23351,75,23354.95,150,0,1101525
NIFTY-III.NFO,20/03/2025,09:30:19,23353,23351,75,23354.95,225,0,1101525
NIFTY-III.NFO,20/03/2025,09:30:25,23353,23353,225,23354.95,150,450,1101525
NIFTY-III.NFO,20/03/2025,09:30:27,23353,23353,225,23354.7,225,0,1101225
NIFTY-III.NFO,20/03/2025,09:30:29,23354.95,23353,2025,23354.95,75,75,1101225
NIFTY-III.NFO,20/03/2025,09:30:29,23354.95,23353,2025,23354.95,75,0,1101225
NIFTY-III.NFO,20/03/2025,09:30:37,23354.95,23353,2025,23354.95,75,0,1101225
NIFTY-III.NFO,20/03/2025,09:30:39,23353,23353,1950,23355,300,75,1101225
NIFTY-III.NFO,20/03/2025,09:30:40,23353,23353,1950,23354.95,150,0,1101225
NIFTY-III.NFO,20/03/2025,09:30:42,23353,23353,1875,23355,300,75,1101225
NIFTY-III.NFO,20/03/2025,09:30:44,23353,23353,1875,23354.95,150,0,1101225
NIFTY-III.NFO,20/03/2025,09:30:45,23353,23353,1875,23354.55,150,0,1101225
NIFTY-III.NFO,20/03/2025,09:30:47,23356.55,23353,1875,23356.7,75,825,1101225
NIFTY-III.NFO,20/03/2025,09:30:47,23356.55,23353,1875,23356.7,75,0,1101225
NIFTY-III.NFO,20/03/2025,09:30:49,23356.7,23353,1950,23356.25,150,75,1101225
NIFTY-III.NFO,20/03/2025,09:30:49,23356.7,23353,1950,23356.25,150,0,1101225
NIFTY-III.NFO,20/03/2025,09:30:50,23353,23353,1800,23356.25,150,150,1101225
NIFTY-III.NFO,20/03/2025,09:30:52,23353,23353,1800,23357.45,150,0,1101225
NIFTY-III.NFO,20/03/2025,09:30:54,23353,23353,1800,23356.85,150,0,1101225
NIFTY-III.NFO,20/03/2025,09:30:55,23353,23353,1800,23356.85,75,0,1101225
NIFTY-III.NFO,20/03/2025,09:30:57,23356.55,23353.05,75,23357.35,150,300,1101225
NIFTY-III.NFO,20/03/2025,09:30:59,23356.55,23353.05,75,23356.3,150,225,1101225
NIFTY-III.NFO,20/03/2025,09:31:00,23353.05,23353,1650,23356.35,225,150,1101225
NIFTY-III.NFO,20/03/2025,09:31:02,23353.05,23353,1650,23357.3,150,0,1101225
NIFTY-III.NFO,20/03/2025,09:31:04,23353,23353,1350,23357.3,75,300,1101225
NIFTY-III.NFO,20/03/2025,09:31:05,23353,23353.05,150,23358.9,75,0,1101225
NIFTY-III.NFO,20/03/2025,09:31:07,23353,23353.05,150,23357.3,150,0,1101225
NIFTY-III.NFO,20/03/2025,09:31:10,23353,23353,1350,23357.3,150,0,1101225
NIFTY-III.NFO,20/03/2025,09:31:12,23353.05,23353.05,150,23357.3,150,75,1101225
NIFTY-III.NFO,20/03/2025,09:31:14,23353.05,23353,1350,23357.3,150,0,1101225
NIFTY-III.NFO,20/03/2025,09:31:15,23353.05,23353.05,150,23357.3,150,0,1101225
NIFTY-III.NFO,20/03/2025,09:31:20,23353.05,23353,1350,23357.3,150,0,1101225
NIFTY-III.NFO,20/03/2025,09:31:22,23355,23353.05,150,23358.9,75,150,1101225
NIFTY-III.NFO,20/03/2025,09:31:24,23355,23353,1350,23358.85,75,0,1101225
NIFTY-III.NFO,20/03/2025,09:31:25,23353,23353.05,75,23358.9,150,525,1101225
NIFTY-III.NFO,20/03/2025,09:31:27,23353,23353,975,23358.9,75,0,1101225
NIFTY-III.NFO,20/03/2025,09:31:29,23353,23353.05,75,23358.85,225,0,1101225
NIFTY-III.NFO,20/03/2025,09:31:31,23353,23353.05,75,23358.25,150,0,1101225
NIFTY-III.NFO,20/03/2025,09:31:34,23353,23353.05,75,23357.9,225,0,1101225
NIFTY-III.NFO,20/03/2025,09:31:36,23353,23353.05,75,23355.9,225,0,1101225
NIFTY-III.NFO,20/03/2025,09:31:37,23353,23353.05,75,23357.5,75,0,1101225
NIFTY-III.NFO,20/03/2025,09:31:39,23353.05,23353,975,23357.5,75,75,1101225
NIFTY-III.NFO,20/03/2025,09:31:41,23353.05,23353,975,23357.45,150,0,1101225
NIFTY-III.NFO,20/03/2025,09:31:42,23353.05,23353,975,23357.5,75,0,1101225
NIFTY-III.NFO,20/03/2025,09:31:44,23353.05,23353,975,23357.2,150,0,1101225
NIFTY-III.NFO,20/03/2025,09:31:46,23353.05,23353,975,23356.45,150,0,1101225
NIFTY-III.NFO,20/03/2025,09:31:47,23353,23353,900,23358.5,225,75,1101225
NIFTY-III.NFO,20/03/2025,09:31:49,23353,23353,900,23358.05,150,0,1101225
NIFTY-III.NFO,20/03/2025,09:31:51,23353,23353,900,23358.05,225,0,1101225
NIFTY-III.NFO,20/03/2025,09:31:52,23353,23353,900,23358.05,75,0,1101225
NIFTY-III.NFO,20/03/2025,09:31:54,23353,23353,900,23358.35,75,0,1101225
NIFTY-III.NFO,20/03/2025,09:31:56,23353,23353,825,23358.35,75,75,1101225
NIFTY-III.NFO,20/03/2025,09:31:59,23353,23353.05,75,23358.9,150,0,1101225
NIFTY-III.NFO,20/03/2025,09:32:01,23353,23353.05,75,23358.85,75,0,1101225
NIFTY-III.NFO,20/03/2025,09:32:02,23353,23353.05,75,23358.9,75,0,1101225
NIFTY-III.NFO,20/03/2025,09:32:04,23353,23353.05,75,23358.9,150,0,1101225
NIFTY-III.NFO,20/03/2025,09:32:07,23353,23353.05,75,23358.9,75,0,1101225
NIFTY-III.NFO,20/03/2025,09:32:09,23353.05,23353,825,23358.9,150,75,1101225
NIFTY-III.NFO,20/03/2025,09:32:11,23353.05,23353,825,23358.9,75,0,1101225
NIFTY-III.NFO,20/03/2025,09:32:12,23353.05,23353,825,23358.9,150,0,1101225
NIFTY-III.NFO,20/03/2025,09:32:14,23353,23353,750,23358.9,150,75,1101225
NIFTY-III.NFO,20/03/2025,09:32:16,23353,23353,225,23358.9,150,525,1101225
NIFTY-III.NFO,20/03/2025,09:32:17,23358.9,23353,225,23359.55,150,75,1101225
NIFTY-III.NFO,20/03/2025,09:32:17,23358.9,23353,225,23359.55,150,0,1101225
NIFTY-III.NFO,20/03/2025,09:32:19,23358.9,23353,225,23358.5,150,0,1101225
NIFTY-III.NFO,20/03/2025,09:32:21,23358.9,23353,225,23358.75,150,0,1101225
NIFTY-III.NFO,20/03/2025,09:32:24,23358.9,23353,225,23358.75,375,0,1101225
NIFTY-III.NFO,20/03/2025,09:32:26,23358.9,23353,225,23358.75,225,0,1101225
NIFTY-III.NFO,20/03/2025,09:32:27,23358.9,23353,225,23357.8,75,0,1101225
NIFTY-III.NFO,20/03/2025,09:32:29,23353,23353,150,23357.35,150,75,1101225
NIFTY-III.NFO,20/03/2025,09:32:31,23357.35,23353,150,23357.35,150,75,1101225
NIFTY-III.NFO,20/03/2025,09:32:32,23357.35,23353,150,23357.1,150,0,1101225
NIFTY-III.NFO,20/03/2025,09:32:34,23357.35,23353,150,23357.35,225,0,1101225
NIFTY-III.NFO,20/03/2025,09:32:36,23357.35,23353,150,23356.9,150,0,1101225
NIFTY-III.NFO,20/03/2025,09:32:37,23357.35,23353,150,23357.2,150,0,1101225
NIFTY-III.NFO,20/03/2025,09:32:39,23355.45,23353,150,23354.35,150,225,1101225
NIFTY-III.NFO,20/03/2025,09:32:41,23353,23352,75,23353.55,75,150,1101225
NIFTY-III.NFO,20/03/2025,09:32:42,23353,23352,75,23353.55,150,0,1101225
NIFTY-III.NFO,20/03/2025,09:32:44,23353,23352,75,23355.45,75,0,1101225
NIFTY-III.NFO,20/03/2025,09:32:46,23353,23352,75,23355.95,150,0,1101225
NIFTY-III.NFO,20/03/2025,09:32:47,23353,23352,75,23353,525,0,1101225
NIFTY-III.NFO,20/03/2025,09:32:49,23352,23350,975,23353,525,75,1101225
NIFTY-III.NFO,20/03/2025,09:32:51,23352,23350,975,23353,675,0,1101225
NIFTY-III.NFO,20/03/2025,09:32:54,23352,23350,975,23352,75,0,1101225
NIFTY-III.NFO,20/03/2025,09:32:59,23352,23350,975,23353,675,75,1101225
NIFTY-III.NFO,20/03/2025,09:33:01,23352,23350,975,23352,75,0,1101225
NIFTY-III.NFO,20/03/2025,09:33:02,23352,23350.05,150,23352,75,0,1101225
NIFTY-III.NFO,20/03/2025,09:33:06,23352,23350,1050,23352,75,0,1101225
NIFTY-III.NFO,20/03/2025,09:33:07,23352,23350.05,150,23352,75,0,1101225
NIFTY-III.NFO,20/03/2025,09:33:09,23352,23350.05,225,23352,75,0,1101225
NIFTY-III.NFO,20/03/2025,09:33:11,23352,23350.05,150,23352,75,0,1101225
NIFTY-III.NFO,20/03/2025,09:33:12,23352,23350.05,150,23352,600,0,1101225
NIFTY-III.NFO,20/03/2025,09:33:14,23350.05,23350.05,150,23352,600,75,1101225
NIFTY-III.NFO,20/03/2025,09:33:16,23350,23350,750,23352,150,525,1101225
NIFTY-III.NFO,20/03/2025,09:33:17,23350,23350,750,23352,150,0,1101225
NIFTY-III.NFO,20/03/2025,09:33:19,23350,23351.95,375,23352,225,0,1101225
NIFTY-III.NFO,20/03/2025,09:33:21,23350,23350.05,750,23352,225,0,1101225
NIFTY-III.NFO,20/03/2025,09:33:22,23350,23350.65,750,23352,225,0,1101225
NIFTY-III.NFO,20/03/2025,09:33:24,23350.65,23350.35,750,23352,225,75,1101225
NIFTY-III.NFO,20/03/2025,09:33:26,23352,23351,375,23352,150,75,1104225
NIFTY-III.NFO,20/03/2025,09:33:27,23351,23350,750,23352,150,150,1104225
NIFTY-III.NFO,20/03/2025,09:33:29,23351,23350.75,225,23352,225,0,1104225
NIFTY-III.NFO,20/03/2025,09:33:30,23351,23350.6,750,23352,225,0,1104225
NIFTY-III.NFO,20/03/2025,09:33:32,23351,23350.5,225,23352,225,0,1104225
NIFTY-III.NFO,20/03/2025,09:33:34,23351,23350,750,23352,225,0,1104225
NIFTY-III.NFO,20/03/2025,09:33:37,23352,23350,750,23352,75,150,1104225
NIFTY-III.NFO,20/03/2025,09:33:39,23350,23350,600,23354.95,150,150,1104225
NIFTY-III.NFO,20/03/2025,09:33:40,23350,23350,525,23354.95,150,75,1104225
NIFTY-III.NFO,20/03/2025,09:33:42,23350,23354,75,23354.95,150,0,1104225
NIFTY-III.NFO,20/03/2025,09:33:45,23354,23350,525,23354.95,225,150,1104225
NIFTY-III.NFO,20/03/2025,09:33:47,23354,23350,525,23354.95,225,0,1104225
NIFTY-III.NFO,20/03/2025,09:33:49,23354,23350,525,23354.95,750,0,1104225
NIFTY-III.NFO,20/03/2025,09:33:50,23354,23350,525,23354.35,150,0,1104225
NIFTY-III.NFO,20/03/2025,09:33:54,23354,23350,525,23354.8,225,0,1104225
NIFTY-III.NFO,20/03/2025,09:33:59,23350,23342.05,75,23352.7,225,525,1104225
NIFTY-III.NFO,20/03/2025,09:34:00,23350,23341.55,75,23350.8,150,0,1104225
NIFTY-III.NFO,20/03/2025,09:34:02,23350,23341.9,150,23349.95,225,0,1104225
NIFTY-III.NFO,20/03/2025,09:34:04,23349.95,23345,75,23349.95,225,75,1104225
NIFTY-III.NFO,20/03/2025,09:34:05,23349.95,23345,75,23349.1,150,0,1104225
NIFTY-III.NFO,20/03/2025,09:34:07,23349.95,23345,75,23349.95,225,0,1104225
NIFTY-III.NFO,20/03/2025,09:34:09,23345,23341.4,150,23345,450,75,1104225
NIFTY-III.NFO,20/03/2025,09:34:10,23345,23341,150,23345,450,0,1104225
NIFTY-III.NFO,20/03/2025,09:34:12,23345,23340,150,23345,450,0,1104225
NIFTY-III.NFO,20/03/2025,09:34:14,23345,23342.2,225,23349.95,225,0,1104225
NIFTY-III.NFO,20/03/2025,09:34:15,23345,23341.6,150,23345,225,0,1104225
NIFTY-III.NFO,20/03/2025,09:34:17,23345,23340.95,525,23345,225,0,1104225
NIFTY-III.NFO,20/03/2025,09:34:19,23345,23340.4,150,23345,225,0,1104225
NIFTY-III.NFO,20/03/2025,09:34:20,23345,23340.75,225,23345,225,0,1104225
NIFTY-III.NFO,20/03/2025,09:34:22,23345,23342.35,150,23345,225,0,1104225
NIFTY-III.NFO,20/03/2025,09:34:24,23345,23341.7,150,23345,225,0,1104225
NIFTY-III.NFO,20/03/2025,09:34:25,23345,23341,150,23345,375,0,1104225
NIFTY-III.NFO,20/03/2025,09:34:27,23345,23340.45,150,23345,375,0,1104225
NIFTY-III.NFO,20/03/2025,09:34:29,23345,23340.7,225,23345,375,0,1104225
NIFTY-III.NFO,20/03/2025,09:34:30,23345,23340,150,23345,525,0,1104225
NIFTY-III.NFO,20/03/2025,09:34:32,23345,23340,150,23344.95,75,0,1104225
NIFTY-III.NFO,20/03/2025,09:34:34,23340,23338.1,225,23344.95,75,150,1104225
NIFTY-III.NFO,20/03/2025,09:34:35,23345,23340.65,150,23345,375,75,1104225
NIFTY-III.NFO,20/03/2025,09:34:37,23345,23340.05,150,23345,825,0,1104225
NIFTY-III.NFO,20/03/2025,09:34:39,23345,23340.85,150,23345,825,0,1104225
NIFTY-III.NFO,20/03/2025,09:34:40,23345,23340.45,150,23345,825,0,1104225
NIFTY-III.NFO,20/03/2025,09:34:42,23345,23340.05,225,23345,825,0,1104225
NIFTY-III.NFO,20/03/2025,09:34:44,23345,23341.9,375,23345,825,0,1104225
NIFTY-III.NFO,20/03/2025,09:34:45,23345,23342.85,375,23345,825,0,1104225
NIFTY-III.NFO,20/03/2025,09:34:49,23345,23343.35,150,23345,750,75,1104225
NIFTY-III.NFO,20/03/2025,09:34:50,23345,23346.4,150,23354.95,225,750,1104225
NIFTY-III.NFO,20/03/2025,09:34:52,23354.95,23347.25,150,23354.95,150,75,1104225
NIFTY-III.NFO,20/03/2025,09:34:54,23354.95,23349,150,23355,75,0,1104225
NIFTY-III.NFO,20/03/2025,09:34:55,23354.95,23349.65,225,23355,75,0,1104225
NIFTY-III.NFO,20/03/2025,09:34:57,23354.95,23350.1,150,23355,75,0,1104225
NIFTY-III.NFO,20/03/2025,09:34:59,23354.95,23351.15,525,23355,75,0,1104225
NIFTY-III.NFO,20/03/2025,09:35:00,23354.95,23351.8,225,23355,75,0,1104225
NIFTY-III.NFO,20/03/2025,09:35:02,23354.95,23352.2,225,23355,75,0,1104225
NIFTY-III.NFO,20/03/2025,09:35:04,23354.95,23350.25,225,23354,75,0,1104225
NIFTY-III.NFO,20/03/2025,09:35:06,23354.95,23351.1,225,23354,75,0,1104225
NIFTY-III.NFO,20/03/2025,09:35:07,23354.95,23352.55,150,23354,75,0,1104225
NIFTY-III.NFO,20/03/2025,09:35:09,23354,23356,150,23359.55,150,75,1104225
NIFTY-III.NFO,20/03/2025,09:35:12,23356,23350.75,150,23359.3,225,150,1104225
NIFTY-III.NFO,20/03/2025,09:35:14,23356,23350.05,150,23354.95,75,0,1104225
NIFTY-III.NFO,20/03/2025,09:35:17,23356,23351,150,23354.95,75,0,1104225
NIFTY-III.NFO,20/03/2025,09:35:19,23356,23351.15,375,23354.95,75,0,1104225
NIFTY-III.NFO,20/03/2025,09:35:21,23356,23350.9,150,23354.95,75,0,1104225
NIFTY-III.NFO,20/03/2025,09:35:22,23356,23353.25,150,23354.95,75,0,1104225
NIFTY-III.NFO,20/03/2025,09:35:24,23356,23350.65,375,23354.95,75,0,1104225
NIFTY-III.NFO,20/03/2025,09:35:26,23356,23352.95,150,23354.95,75,0,1104225
NIFTY-III.NFO,20/03/2025,09:35:27,23354.95,23351.7,150,23356,150,75,1104225
NIFTY-III.NFO,20/03/2025,09:35:29,23354.95,23354,75,23356,150,0,1104225
NIFTY-III.NFO,20/03/2025,09:35:35,23354.95,23355,75,23356,150,0,1104225
NIFTY-III.NFO,20/03/2025,09:35:37,23355,23351.5,225,23356,150,75,1104225
NIFTY-III.NFO,20/03/2025,09:35:39,23355,23352.55,150,23356,150,0,1104225
NIFTY-III.NFO,20/03/2025,09:35:40,23355,23352,150,23355,150,0,1104225
NIFTY-III.NFO,20/03/2025,09:35:42,23355,23352.2,150,23355,150,0,1104225
NIFTY-III.NFO,20/03/2025,09:35:44,23355,23352.8,150,23355,150,0,1104225
NIFTY-III.NFO,20/03/2025,09:35:45,23356,23357,450,23360,150,300,1104225
NIFTY-III.NFO,20/03/2025,09:35:47,23356,23357,450,23360,150,0,1104225
NIFTY-III.NFO,20/03/2025,09:35:52,23360,23357,450,23360,75,75,1104225
NIFTY-III.NFO,20/03/2025,09:35:52,23360,23357,450,23360,75,0,1104225
NIFTY-III.NFO,20/03/2025,09:35:54,23360,23357,450,23359.95,150,0,1104225
NIFTY-III.NFO,20/03/2025,09:35:55,23360,23360,75,23360.6,75,75,1104225
NIFTY-III.NFO,20/03/2025,09:35:57,23360,23357,450,23360,300,75,1104225
NIFTY-III.NFO,20/03/2025,09:35:59,23360,23357,450,23360,225,75,1104225
NIFTY-III.NFO,20/03/2025,09:36:00,23360,23357,450,23360,225,0,1104225
NIFTY-III.NFO,20/03/2025,09:36:04,23360,23357,450,23360,300,0,1104225
NIFTY-III.NFO,20/03/2025,09:36:05,23360,23357,450,23359.95,225,0,1104225
NIFTY-III.NFO,20/03/2025,09:36:09,23359.95,23357,450,23358,225,150,1104225
NIFTY-III.NFO,20/03/2025,09:36:10,23359.95,23357,450,23358,225,0,1104225
NIFTY-III.NFO,20/03/2025,09:36:14,23357,23357,225,23360,150,225,1104225
NIFTY-III.NFO,20/03/2025,09:36:15,23357,23356,150,23357.85,150,300,1104225
NIFTY-III.NFO,20/03/2025,09:36:17,23357,23356,150,23357.8,75,0,1104225
NIFTY-III.NFO,20/03/2025,09:36:19,23357,23356,150,23360,75,0,1104225
NIFTY-III.NFO,20/03/2025,09:36:22,23357,23356,150,23359.8,150,0,1104225
NIFTY-III.NFO,20/03/2025,09:36:24,23356,23356,75,23357,75,75,1104225
NIFTY-III.NFO,20/03/2025,09:36:25,23356,23356,75,23357,75,0,1104225
NIFTY-III.NFO,20/03/2025,09:36:29,23357,23355,75,23360,150,75,1105275
NIFTY-III.NFO,20/03/2025,09:36:30,23357,23356,75,23359.9,150,0,1105275
NIFTY-III.NFO,20/03/2025,09:36:32,23357,23356,75,23359.85,150,0,1105275
NIFTY-III.NFO,20/03/2025,09:36:35,23357,23356,75,23359.85,75,0,1105275
NIFTY-III.NFO,20/03/2025,09:36:37,23357,23356,75,23359,75,0,1105275
NIFTY-III.NFO,20/03/2025,09:36:39,23357,23355,75,23357,75,75,1105275
NIFTY-III.NFO,20/03/2025,09:36:40,23357,23355,75,23359,75,75,1105275
NIFTY-III.NFO,20/03/2025,09:36:42,23357,23355,75,23359,75,0,1105275
NIFTY-III.NFO,20/03/2025,09:36:44,23357,23355,75,23359,150,0,1105275
NIFTY-III.NFO,20/03/2025,09:36:45,23357,23355,75,23359,225,0,1105275
NIFTY-III.NFO,20/03/2025,09:36:49,23358.3,23357,75,23359,75,75,1105275
NIFTY-III.NFO,20/03/2025,09:36:50,23360,23357,75,23360.85,150,225,1105275
NIFTY-III.NFO,20/03/2025,09:36:52,23358.3,23357,75,23360.85,225,75,1105275
NIFTY-III.NFO,20/03/2025,09:36:54,23358.3,23357,75,23359.45,150,0,1105275
NIFTY-III.NFO,20/03/2025,09:36:55,23358.3,23357,75,23358.3,75,0,1105275
NIFTY-III.NFO,20/03/2025,09:36:59,23357,23355,75,23358.1,225,150,1105275
NIFTY-III.NFO,20/03/2025,09:37:00,23355,23350,600,23355.7,75,75,1105275
NIFTY-III.NFO,20/03/2025,09:37:02,23355,23350,600,23356.05,225,0,1105275
NIFTY-III.NFO,20/03/2025,09:37:05,23355,23350,600,23354.85,150,0,1105275
NIFTY-III.NFO,20/03/2025,09:37:07,23355,23350,600,23354.2,150,0,1105275
NIFTY-III.NFO,20/03/2025,09:37:09,23354.2,23350,600,23353.75,75,75,1105275
NIFTY-III.NFO,20/03/2025,09:37:10,23354.2,23350,600,23354.25,75,0,1105275
NIFTY-III.NFO,20/03/2025,09:37:12,23354.2,23350,600,23354.7,75,0,1105275
NIFTY-III.NFO,20/03/2025,09:37:14,23354.2,23350,600,23355.25,150,0,1105275
NIFTY-III.NFO,20/03/2025,09:37:16,23350,23350,525,23355.85,150,75,1105275
NIFTY-III.NFO,20/03/2025,09:37:17,23350,23350,525,23355.2,75,0,1105275
NIFTY-III.NFO,20/03/2025,09:37:19,23350,23350,525,23355.85,150,0,1105275
NIFTY-III.NFO,20/03/2025,09:37:21,23357.5,23350.05,225,23358.6,75,150,1105275
NIFTY-III.NFO,20/03/2025,09:37:22,23357.5,23350.05,225,23358.6,75,0,1105275
NIFTY-III.NFO,20/03/2025,09:37:24,23358.9,23350.05,225,23358.9,75,75,1105275
NIFTY-III.NFO,20/03/2025,09:37:26,23358.9,23350.05,225,23357.5,75,0,1105275
NIFTY-III.NFO,20/03/2025,09:37:36,23358.9,23350.05,225,23352,75,0,1105275
NIFTY-III.NFO,20/03/2025,09:37:37,23358.9,23350,525,23352,75,0,1105275
NIFTY-III.NFO,20/03/2025,09:37:42,23358.9,23350.05,150,23351,75,0,1105275
NIFTY-III.NFO,20/03/2025,09:37:46,23358.9,23350,525,23351,75,0,1105275
NIFTY-III.NFO,20/03/2025,09:37:47,23358.9,23350.05,150,23351,75,0,1105275
NIFTY-III.NFO,20/03/2025,09:37:49,23350,23350.05,225,23357.25,75,75,1105275
NIFTY-III.NFO,20/03/2025,09:37:51,23350,23350.05,225,23357.5,150,0,1105275
NIFTY-III.NFO,20/03/2025,09:37:52,23350,23350.05,225,23357.45,225,300,1105275
NIFTY-III.NFO,20/03/2025,09:37:54,23350,23350.05,225,23357.45,225,0,1105275
NIFTY-III.NFO,20/03/2025,09:37:56,23350,23350.05,225,23357.45,75,0,1105275
NIFTY-III.NFO,20/03/2025,09:37:57,23350,23350.05,225,23357.5,75,0,1105275
NIFTY-III.NFO,20/03/2025,09:37:59,23350.1,23350.05,150,23357.45,225,75,1105275
NIFTY-III.NFO,20/03/2025,09:38:01,23350.1,23350.05,150,23357.45,225,0,1105275
NIFTY-III.NFO,20/03/2025,09:38:02,23350.05,23350,375,23357.45,225,75,1105275
NIFTY-III.NFO,20/03/2025,09:38:04,23350.05,23350,375,23357.45,225,0,1105275
NIFTY-III.NFO,20/03/2025,09:38:06,23350.05,23350,375,23356.85,150,0,1105275
NIFTY-III.NFO,20/03/2025,09:38:07,23350.05,23350,375,23356.1,150,0,1105275
NIFTY-III.NFO,20/03/2025,09:38:09,23350.05,23350,375,23355.4,150,0,1105275
NIFTY-III.NFO,20/03/2025,09:38:11,23350.05,23350,375,23355.5,150,0,1105275
NIFTY-III.NFO,20/03/2025,09:38:16,23350.05,23350,375,23356.85,150,0,1105275
NIFTY-III.NFO,20/03/2025,09:38:17,23350,23350,300,23354.95,150,75,1105275
NIFTY-III.NFO,20/03/2025,09:38:19,23350,23350,300,23355,75,0,1105275
NIFTY-III.NFO,20/03/2025,09:38:21,23356.95,23350,375,23356.95,150,150,1105275
NIFTY-III.NFO,20/03/2025,09:38:22,23356.95,23350,300,23356.95,225,0,1105275
NIFTY-III.NFO,20/03/2025,09:38:24,23356.95,23350.05,225,23355,75,0,1105275
NIFTY-III.NFO,20/03/2025,09:38:26,23356.95,23350.05,150,23355,75,0,1105275
NIFTY-III.NFO,20/03/2025,09:38:27,23356.95,23350.05,150,23354.95,225,0,1105275
NIFTY-III.NFO,20/03/2025,09:38:29,23354.95,23350.05,150,23354.95,300,75,1105275
NIFTY-III.NFO,20/03/2025,09:38:31,23354.95,23350.05,150,23354.95,225,0,1105275
NIFTY-III.NFO,20/03/2025,09:38:36,23350.05,23350,300,23355,150,150,1105275
NIFTY-III.NFO,20/03/2025,09:38:37,23350.05,23350,300,23355,150,0,1105275
NIFTY-III.NFO,20/03/2025,09:38:39,23350.05,23350,300,23354.95,225,0,1105275
NIFTY-III.NFO,20/03/2025,09:38:42,23350.05,23350,300,23353.85,300,0,1105275
NIFTY-III.NFO,20/03/2025,09:38:44,23350.05,23350,300,23353.05,300,0,1105275
NIFTY-III.NFO,20/03/2025,09:38:46,23350,23344.25,75,23351.65,225,300,1105275
NIFTY-III.NFO,20/03/2025,09:38:47,23350,23350.05,225,23351.7,225,0,1105275
NIFTY-III.NFO,20/03/2025,09:38:49,23350.05,23343.5,150,23351.2,300,225,1105275
NIFTY-III.NFO,20/03/2025,09:38:51,23350.05,23343.75,75,23350.6,150,0,1105275
NIFTY-III.NFO,20/03/2025,09:38:52,23350.05,23342.55,75,23350.85,150,0,1105275
NIFTY-III.NFO,20/03/2025,09:38:54,23350.05,23350,75,23351.65,225,0,1105275
NIFTY-III.NFO,20/03/2025,09:38:56,23350,23341.7,75,23349.95,150,75,1105275
NIFTY-III.NFO,20/03/2025,09:38:57,23350,23341.05,75,23347.45,150,0,1105275
NIFTY-III.NFO,20/03/2025,09:38:59,23350,23341.1,150,23348.65,225,0,1105275
NIFTY-III.NFO,20/03/2025,09:39:01,23350,23340.8,75,23346.95,150,0,1105275
NIFTY-III.NFO,20/03/2025,09:39:02,23350,23342,75,23344.75,150,0,1105275
NIFTY-III.NFO,20/03/2025,09:39:04,23350,23342,75,23346.95,225,0,1105275
NIFTY-III.NFO,20/03/2025,09:39:06,23350,23342,75,23346.4,225,0,1105275
NIFTY-III.NFO,20/03/2025,09:39:07,23350,23342,75,23348.05,225,0,1105275
NIFTY-III.NFO,20/03/2025,09:39:09,23350,23342,75,23348.85,150,0,1105275
NIFTY-III.NFO,20/03/2025,09:39:11,23350,23342,75,23347.05,225,0,1105275
NIFTY-III.NFO,20/03/2025,09:39:12,23350,23342,75,23345.05,225,0,1105275
NIFTY-III.NFO,20/03/2025,09:39:14,23350,23342,75,23346.4,225,0,1105275
NIFTY-III.NFO,20/03/2025,09:39:16,23342,23336.8,75,23345.65,150,75,1105275
NIFTY-III.NFO,20/03/2025,09:39:17,23342,23335.8,75,23344.55,150,0,1105275
NIFTY-III.NFO,20/03/2025,09:39:19,23342,23335.3,75,23343.7,150,0,1105275
NIFTY-III.NFO,20/03/2025,09:39:21,23342,23335.05,75,23342.25,225,0,1105275
NIFTY-III.NFO,20/03/2025,09:39:22,23341.05,23335,75,23341.4,225,75,1105275
NIFTY-III.NFO,20/03/2025,09:39:24,23341.05,23335,150,23341.95,225,0,1105275
NIFTY-III.NFO,20/03/2025,09:39:26,23341.05,23335,75,23341.75,150,0,1105275
NIFTY-III.NFO,20/03/2025,09:39:27,23341.05,23335.05,225,23341.95,225,0,1105275
NIFTY-III.NFO,20/03/2025,09:39:29,23341.05,23335.05,225,23342,75,0,1105275
NIFTY-III.NFO,20/03/2025,09:39:32,23335.05,23335.05,150,23342,75,75,1106325
NIFTY-III.NFO,20/03/2025,09:39:36,23335.05,23335.05,150,23342,75,0,1106325
NIFTY-III.NFO,20/03/2025,09:39:37,23335.05,23335.4,75,23342,75,0,1106325
NIFTY-III.NFO,20/03/2025,09:39:39,23336.15,23335.35,75,23342,75,75,1106325
NIFTY-III.NFO,20/03/2025,09:39:41,23336.15,23335,75,23341.95,225,0,1106325
NIFTY-III.NFO,20/03/2025,09:39:42,23336.15,23335,150,23341.95,225,0,1106325
NIFTY-III.NFO,20/03/2025,09:39:44,23336.15,23335,150,23343.2,150,0,1106325
NIFTY-III.NFO,20/03/2025,09:39:46,23336.15,23335,225,23343,225,0,1106325
NIFTY-III.NFO,20/03/2025,09:39:47,23336.15,23335,225,23342.75,225,0,1106325
NIFTY-III.NFO,20/03/2025,09:39:49,23336.15,23335,225,23342.7,150,0,1106325
NIFTY-III.NFO,20/03/2025,09:39:51,23336.15,23335,225,23344.45,150,0,1106325
NIFTY-III.NFO,20/03/2025,09:39:52,23336.15,23336.5,75,23345.4,225,0,1106325
NIFTY-III.NFO,20/03/2025,09:39:54,23336.5,23340,75,23344.5,150,75,1106325
NIFTY-III.NFO,20/03/2025,09:39:56,23336.5,23340,75,23343.05,450,0,1106325
NIFTY-III.NFO,20/03/2025,09:39:57,23336.5,23340,75,23344.85,225,0,1106325
NIFTY-III.NFO,20/03/2025,09:39:59,23336.5,23340,75,23345,75,0,1106325
NIFTY-III.NFO,20/03/2025,09:40:01,23340,23338.65,150,23345,75,75,1106325
NIFTY-III.NFO,20/03/2025,09:40:02,23345,23338.9,150,23345.45,150,150,1106325
NIFTY-III.NFO,20/03/2025,09:40:04,23345,23337.3,75,23345.45,75,0,1106325
NIFTY-III.NFO,20/03/2025,09:40:06,23345,23338.3,150,23345.45,75,0,1106325
NIFTY-III.NFO,20/03/2025,09:40:07,23345,23338.65,150,23345.45,75,0,1106325
NIFTY-III.NFO,20/03/2025,09:40:11,23345,23339.35,150,23345.45,75,0,1106325
NIFTY-III.NFO,20/03/2025,09:40:12,23345,23340.3,150,23345.45,75,0,1106325
NIFTY-III.NFO,20/03/2025,09:40:14,23345,23340.3,75,23345.45,75,0,1106325
NIFTY-III.NFO,20/03/2025,09:40:17,23345,23340.45,150,23345.45,75,0,1106325
NIFTY-III.NFO,20/03/2025,09:40:19,23345,23342.6,75,23345.45,75,0,1106325
NIFTY-III.NFO,20/03/2025,09:40:22,23348.45,23342.15,150,23348.95,225,150,1106325
NIFTY-III.NFO,20/03/2025,09:40:24,23348.45,23343.5,75,23348.75,150,0,1106325
NIFTY-III.NFO,20/03/2025,09:40:26,23348.45,23342.05,150,23349.95,225,0,1106325
NIFTY-III.NFO,20/03/2025,09:40:27,23348.45,23343,150,23349.85,225,0,1106325
NIFTY-III.NFO,20/03/2025,09:40:29,23348.45,23345,75,23349.7,150,0,1106325
NIFTY-III.NFO,20/03/2025,09:40:31,23348.45,23345,75,23347.05,150,0,1106325
NIFTY-III.NFO,20/03/2025,09:40:32,23348.45,23345,75,23347.3,150,0,1106325
NIFTY-III.NFO,20/03/2025,09:40:34,23345,23336.55,75,23343.95,225,75,1106325
NIFTY-III.NFO,20/03/2025,09:40:36,23344.25,23337.5,150,23344.05,150,150,1106325
NIFTY-III.NFO,20/03/2025,09:40:37,23344.25,23335,225,23342.35,225,0,1106325
NIFTY-III.NFO,20/03/2025,09:40:39,23335,23333.8,150,23343.05,150,150,1106325
NIFTY-III.NFO,20/03/2025,09:40:41,23335,23335.35,75,23343.7,225,0,1106325
NIFTY-III.NFO,20/03/2025,09:40:42,23342.5,23334.9,150,23342.5,150,75,1106325
NIFTY-III.NFO,20/03/2025,09:40:44,23342.5,23334.9,75,23342.1,150,0,1106325
NIFTY-III.NFO,20/03/2025,09:40:46,23342.5,23335.15,150,23343,150,0,1106325
NIFTY-III.NFO,20/03/2025,09:40:47,23342.5,23335.15,150,23342.45,150,0,1106325
NIFTY-III.NFO,20/03/2025,09:40:49,23342.5,23336.7,150,23344.3,150,0,1106325
NIFTY-III.NFO,20/03/2025,09:40:51,23342.5,23337.75,75,23344.15,150,0,1106325
NIFTY-III.NFO,20/03/2025,09:40:52,23342.5,23334.9,75,23342.35,225,0,1106325
NIFTY-III.NFO,20/03/2025,09:40:54,23342.5,23333.75,150,23341.5,75,0,1106325
NIFTY-III.NFO,20/03/2025,09:40:56,23342.5,23333.8,150,23342.2,150,0,1106325
NIFTY-III.NFO,20/03/2025,09:40:57,23342.2,23333.8,150,23342.35,75,150,1106325
NIFTY-III.NFO,20/03/2025,09:40:59,23342.2,23333.75,150,23341.55,75,0,1106325
NIFTY-III.NFO,20/03/2025,09:41:01,23332,23333.65,75,23340.35,225,75,1106325
NIFTY-III.NFO,20/03/2025,09:41:02,23332,23333.7,150,23341.55,75,0,1106325
NIFTY-III.NFO,20/03/2025,09:41:04,23332,23334.45,225,23342.1,75,0,1106325
NIFTY-III.NFO,20/03/2025,09:41:06,23332,23335,150,23342.4,75,0,1106325
NIFTY-III.NFO,20/03/2025,09:41:07,23332,23335.05,225,23343,150,0,1106325
NIFTY-III.NFO,20/03/2025,09:41:09,23332,23335.05,225,23342.35,150,0,1106325
NIFTY-III.NFO,20/03/2025,09:41:12,23332,23335.25,225,23342.6,225,0,1106325
NIFTY-III.NFO,20/03/2025,09:41:14,23335,23334.2,150,23341.95,150,300,1106325
NIFTY-III.NFO,20/03/2025,09:41:16,23335,23334.75,225,23342.25,75,0,1106325
NIFTY-III.NFO,20/03/2025,09:41:17,23335,23332.05,150,23339.7,225,0,1106325
NIFTY-III.NFO,20/03/2025,09:41:19,23335,23332,150,23339.45,300,0,1106325
NIFTY-III.NFO,20/03/2025,09:41:21,23335,23332,150,23338.9,150,0,1106325
NIFTY-III.NFO,20/03/2025,09:41:22,23335,23332.05,225,23339.45,225,0,1106325
NIFTY-III.NFO,20/03/2025,09:41:24,23335,23332,75,23337.9,150,0,1106325
NIFTY-III.NFO,20/03/2025,09:41:26,23335,23332.05,225,23339.05,75,0,1106325
NIFTY-III.NFO,20/03/2025,09:41:27,23335,23332.05,225,23340.65,150,0,1106325
NIFTY-III.NFO,20/03/2025,09:41:29,23335,23332.95,150,23342.45,150,0,1106325
NIFTY-III.NFO,20/03/2025,09:41:30,23335,23334.75,150,23340.9,75,0,1106325
NIFTY-III.NFO,20/03/2025,09:41:34,23335,23335.05,225,23341.15,75,0,1106325
NIFTY-III.NFO,20/03/2025,09:41:36,23335,23335.05,225,23342.75,150,0,1106325
NIFTY-III.NFO,20/03/2025,09:41:37,23335,23335.05,225,23342.45,75,0,1106325
NIFTY-III.NFO,20/03/2025,09:41:39,23335,23335.3,225,23343,75,0,1106325
NIFTY-III.NFO,20/03/2025,09:41:41,23335,23337.45,225,23343,75,0,1106325
NIFTY-III.NFO,20/03/2025,09:41:42,23345.25,23337.45,225,23346.15,150,150,1106325
NIFTY-III.NFO,20/03/2025,09:41:44,23338.2,23338.7,150,23346.25,75,225,1106325
NIFTY-III.NFO,20/03/2025,09:41:46,23338.2,23340.8,150,23348.9,150,0,1106325
NIFTY-III.NFO,20/03/2025,09:41:47,23338.2,23342.4,150,23350,375,0,1106325
NIFTY-III.NFO,20/03/2025,09:41:49,23338.2,23341.15,75,23350,300,0,1106325
NIFTY-III.NFO,20/03/2025,09:41:51,23338.2,23342.8,150,23350,300,0,1106325
NIFTY-III.NFO,20/03/2025,09:41:52,23338.2,23343.15,150,23350,225,0,1106325
NIFTY-III.NFO,20/03/2025,09:41:54,23338.2,23346,150,23350,225,0,1106325
NIFTY-III.NFO,20/03/2025,09:41:56,23338.2,23347,150,23350,225,0,1106325
NIFTY-III.NFO,20/03/2025,09:41:57,23350,23346.5,75,23350,75,150,1106325
NIFTY-III.NFO,20/03/2025,09:41:59,23350,23351.7,75,23353,225,75,1106325
NIFTY-III.NFO,20/03/2025,09:42:01,23348.25,23351.95,75,23353,225,75,1106325
NIFTY-III.NFO,20/03/2025,09:42:02,23348.25,23352.7,75,23353,225,0,1106325
NIFTY-III.NFO,20/03/2025,09:42:04,23355,23350.15,75,23358,150,300,1106325
NIFTY-III.NFO,20/03/2025,09:42:06,23355,23353.95,75,23358,75,0,1106325
NIFTY-III.NFO,20/03/2025,09:42:07,23358,23348.2,75,23356.2,225,75,1106325
NIFTY-III.NFO,20/03/2025,09:42:09,23355.75,23349.6,75,23355.95,225,75,1106325
NIFTY-III.NFO,20/03/2025,09:42:11,23355.75,23351.4,150,23357.5,150,0,1106325
NIFTY-III.NFO,20/03/2025,09:42:12,23355.75,23351.4,75,23356.95,150,0,1106325
NIFTY-III.NFO,20/03/2025,09:42:14,23355.45,23350.25,75,23355.6,150,150,1106325
NIFTY-III.NFO,20/03/2025,09:42:16,23355.45,23350.25,75,23356.35,75,0,1106325
NIFTY-III.NFO,20/03/2025,09:42:17,23355.45,23350.25,75,23355.55,75,0,1106325
NIFTY-III.NFO,20/03/2025,09:42:19,23355.45,23346.3,150,23354.15,150,0,1106325
NIFTY-III.NFO,20/03/2025,09:42:21,23355.45,23349,75,23353.75,75,0,1106325
NIFTY-III.NFO,20/03/2025,09:42:22,23355.45,23349,75,23351.25,75,0,1106325
NIFTY-III.NFO,20/03/2025,09:42:24,23349,23346,75,23348.75,75,75,1106325
NIFTY-III.NFO,20/03/2025,09:42:26,23349,23346,75,23348.85,75,0,1106325
NIFTY-III.NFO,20/03/2025,09:42:27,23346,23338.4,150,23345.85,150,75,1106775
NIFTY-III.NFO,20/03/2025,09:42:29,23346,23334.75,150,23343,150,0,1106775
NIFTY-III.NFO,20/03/2025,09:42:31,23346,23336.15,150,23343.75,150,0,1106775
NIFTY-III.NFO,20/03/2025,09:42:32,23346,23337.25,150,23345.4,150,0,1106775
NIFTY-III.NFO,20/03/2025,09:42:34,23346,23337.25,150,23345.35,75,0,1106775
NIFTY-III.NFO,20/03/2025,09:42:36,23346,23340,1500,23344.9,75,0,1106775
NIFTY-III.NFO,20/03/2025,09:42:37,23346,23340,1500,23344.1,75,0,1106775
NIFTY-III.NFO,20/03/2025,09:42:39,23346,23340,1500,23343.15,150,0,1106775
NIFTY-III.NFO,20/03/2025,09:42:41,23346,23340,1500,23344.45,75,0,1106775
NIFTY-III.NFO,20/03/2025,09:42:42,23346,23340,1500,23344.75,75,0,1106775
NIFTY-III.NFO,20/03/2025,09:42:46,23346,23340,1575,23346.95,150,0,1106775
NIFTY-III.NFO,20/03/2025,09:42:47,23346,23343,1500,23345.25,75,0,1106775
NIFTY-III.NFO,20/03/2025,09:42:49,23346,23343,1500,23345.15,75,0,1106775
NIFTY-III.NFO,20/03/2025,09:42:51,23346,23343,1500,23344.75,75,0,1106775
NIFTY-III.NFO,20/03/2025,09:42:52,23346,23343,1500,23345.4,150,0,1106775
NIFTY-III.NFO,20/03/2025,09:42:54,23346,23343,1500,23347.3,75,0,1106775
NIFTY-III.NFO,20/03/2025,09:42:56,23346,23343,1500,23346.7,75,0,1106775
NIFTY-III.NFO,20/03/2025,09:42:57,23346,23344,1500,23346.35,75,0,1106775
NIFTY-III.NFO,20/03/2025,09:42:59,23346,23344,1500,23344.8,75,0,1106775
NIFTY-III.NFO,20/03/2025,09:43:01,23346,23344,1500,23345.4,150,0,1106775
NIFTY-III.NFO,20/03/2025,09:43:02,23346,23344.05,150,23348.65,150,0,1106775
NIFTY-III.NFO,20/03/2025,09:43:04,23346,23344.05,150,23349.45,150,0,1106775
NIFTY-III.NFO,20/03/2025,09:43:07,23346,23345.05,150,23349.5,75,0,1106775
NIFTY-III.NFO,20/03/2025,09:43:09,23346,23345.05,150,23349,75,0,1106775
NIFTY-III.NFO,20/03/2025,09:43:11,23346,23345,1500,23348.75,150,0,1106775
NIFTY-III.NFO,20/03/2025,09:43:12,23346,23345,1500,23347.1,75,0,1106775
NIFTY-III.NFO,20/03/2025,09:43:14,23347,23345,1500,23347.2,75,75,1106775
NIFTY-III.NFO,20/03/2025,09:43:16,23347,23345,1500,23347.95,150,0,1106775
NIFTY-III.NFO,20/03/2025,09:43:17,23347,23345,1500,23345.65,150,0,1106775
NIFTY-III.NFO,20/03/2025,09:43:19,23347,23345,1500,23346.45,150,0,1106775
NIFTY-III.NFO,20/03/2025,09:43:20,23347,23345,1725,23347.7,300,0,1106775
NIFTY-III.NFO,20/03/2025,09:43:22,23347,23346,1500,23347.05,150,0,1106775
NIFTY-III.NFO,20/03/2025,09:43:24,23347,23346,1500,23347.1,150,0,1106775
NIFTY-III.NFO,20/03/2025,09:43:25,23346,23346,1425,23348.15,150,75,1106775
NIFTY-III.NFO,20/03/2025,09:43:27,23346,23346,1425,23347.9,75,0,1106775
NIFTY-III.NFO,20/03/2025,09:43:29,23346,23347,75,23347.9,150,0,1106775
NIFTY-III.NFO,20/03/2025,09:43:30,23346,23347,75,23350.2,150,0,1106775
NIFTY-III.NFO,20/03/2025,09:43:32,23346,23347.05,150,23350.9,225,0,1106775
NIFTY-III.NFO,20/03/2025,09:43:34,23347,23346,1500,23349.7,225,75,1106775
NIFTY-III.NFO,20/03/2025,09:43:35,23347,23346,1500,23348.1,150,0,1106775
NIFTY-III.NFO,20/03/2025,09:43:37,23347,23346,1500,23347.4,150,0,1106775
NIFTY-III.NFO,20/03/2025,09:43:39,23347,23346,1500,23348.9,150,0,1106775
NIFTY-III.NFO,20/03/2025,09:43:42,23347,23346,1500,23347.45,150,0,1106775
NIFTY-III.NFO,20/03/2025,09:43:44,23346,23347,150,23347.65,150,75,1106775
NIFTY-III.NFO,20/03/2025,09:43:45,23346,23347,150,23350,150,0,1106775
NIFTY-III.NFO,20/03/2025,09:43:47,23346,23347,150,23348.9,150,0,1106775
NIFTY-III.NFO,20/03/2025,09:43:49,23346,23347,150,23349.95,150,0,1106775
NIFTY-III.NFO,20/03/2025,09:43:50,23346,23347,150,23349.35,75,0,1106775
NIFTY-III.NFO,20/03/2025,09:43:52,23346,23347,150,23349.85,150,0,1106775
NIFTY-III.NFO,20/03/2025,09:43:54,23346,23347,150,23350,75,0,1106775
NIFTY-III.NFO,20/03/2025,09:43:57,23346,23347.05,150,23350,75,0,1106775
NIFTY-III.NFO,20/03/2025,09:43:59,23349.1,23346,1425,23349.25,150,150,1106775
NIFTY-III.NFO,20/03/2025,09:44:00,23349.1,23349,75,23350,75,0,1106775
NIFTY-III.NFO,20/03/2025,09:44:12,23349.1,23349,75,23349.6,150,0,1106775
NIFTY-III.NFO,20/03/2025,09:44:14,23349.1,23349,75,23350,150,0,1106775
NIFTY-III.NFO,20/03/2025,09:44:15,23349.1,23349,75,23349.4,75,0,1106775
NIFTY-III.NFO,20/03/2025,09:44:17,23349.1,23349,75,23350,150,0,1106775
NIFTY-III.NFO,20/03/2025,09:44:19,23349,23346,1425,23350,150,75,1106775
NIFTY-III.NFO,20/03/2025,09:44:20,23349,23346,1425,23350,150,0,1106775
NIFTY-III.NFO,20/03/2025,09:44:22,23349,23346,1425,23349.6,75,0,1106775
NIFTY-III.NFO,20/03/2025,09:44:24,23349,23346.05,150,23350,150,0,1106775
NIFTY-III.NFO,20/03/2025,09:44:27,23349.6,23346,1425,23349.55,75,75,1106775
NIFTY-III.NFO,20/03/2025,09:44:29,23349.6,23346,1425,23347.5,75,0,1106775
NIFTY-III.NFO,20/03/2025,09:44:30,23349.6,23346,1425,23347.4,75,0,1106775
NIFTY-III.NFO,20/03/2025,09:44:32,23349.6,23346,1425,23347.55,75,0,1106775
NIFTY-III.NFO,20/03/2025,09:44:34,23349.6,23346,1425,23347.1,75,0,1106775
NIFTY-III.NFO,20/03/2025,09:44:35,23349.6,23346,1425,23347.85,150,0,1106775
NIFTY-III.NFO,20/03/2025,09:44:37,23349.6,23346,1425,23350,150,0,1106775
NIFTY-III.NFO,20/03/2025,09:44:39,23349.6,23346,1425,23349.1,150,0,1106775
NIFTY-III.NFO,20/03/2025,09:44:40,23349.6,23346,1425,23348.5,150,0,1106775
NIFTY-III.NFO,20/03/2025,09:44:42,23349.6,23346,1425,23349.85,150,0,1106775
NIFTY-III.NFO,20/03/2025,09:44:44,23349.6,23346.05,150,23350,150,0,1106775
NIFTY-III.NFO,20/03/2025,09:44:45,23349.6,23346.05,150,23349.6,75,0,1106775
NIFTY-III.NFO,20/03/2025,09:44:47,23349.6,23347.35,150,23349.6,75,0,1106775
NIFTY-III.NFO,20/03/2025,09:44:49,23349.6,23346.7,150,23349.6,75,0,1106775
NIFTY-III.NFO,20/03/2025,09:44:50,23349.6,23348.15,150,23349.6,75,0,1106775
NIFTY-III.NFO,20/03/2025,09:44:52,23349.6,23347.85,150,23349.6,75,0,1106775
NIFTY-III.NFO,20/03/2025,09:44:55,23349.6,23348.65,150,23350,75,75,1106775
NIFTY-III.NFO,20/03/2025,09:44:57,23349.6,23348.6,150,23350,75,0,1106775
NIFTY-III.NFO,20/03/2025,09:44:59,23349.6,23348.2,150,23350,75,0,1106775
NIFTY-III.NFO,20/03/2025,09:45:00,23349.6,23348.15,75,23349.6,225,0,1106775
NIFTY-III.NFO,20/03/2025,09:45:02,23349.6,23347.25,150,23349.6,225,0,1106775
NIFTY-III.NFO,20/03/2025,09:45:04,23349.6,23348.5,150,23349.6,225,0,1106775
NIFTY-III.NFO,20/03/2025,09:45:05,23349.6,23346.65,150,23349.6,75,150,1106775
NIFTY-III.NFO,20/03/2025,09:45:07,23349.6,23347.7,75,23350,75,75,1106775
NIFTY-III.NFO,20/03/2025,09:45:09,23349.6,23347.45,75,23350,75,0,1106775
NIFTY-III.NFO,20/03/2025,09:45:10,23349.6,23346.3,150,23350,75,0,1106775
NIFTY-III.NFO,20/03/2025,09:45:12,23350,23347.5,75,23351,75,75,1106775
NIFTY-III.NFO,20/03/2025,09:45:14,23350,23346.3,75,23350.2,150,0,1106775
NIFTY-III.NFO,20/03/2025,09:45:15,23350,23346,1350,23349.45,150,0,1106775
NIFTY-III.NFO,20/03/2025,09:45:20,23350,23346,1350,23347.25,75,0,1106775
NIFTY-III.NFO,20/03/2025,09:45:24,23345,23345,225,23345.2,150,1425,1106775
NIFTY-III.NFO,20/03/2025,09:45:25,23345,23338.9,75,23345.15,225,225,1106775
NIFTY-III.NFO,20/03/2025,09:45:27,23344.15,23337.65,225,23345.6,150,75,1106775
NIFTY-III.NFO,20/03/2025,09:45:28,23344.15,23338.5,150,23345.55,150,0,1106775
NIFTY-III.NFO,20/03/2025,09:45:30,23344.15,23336,150,23343.8,75,0,1106775
NIFTY-III.NFO,20/03/2025,09:45:32,23344.15,23336.25,75,23344.1,75,0,1106775
NIFTY-III.NFO,20/03/2025,09:45:33,23344.15,23337.05,150,23344.1,150,0,1106775
NIFTY-III.NFO,20/03/2025,09:45:35,23344.15,23336.3,75,23343.75,225,0,1106775
NIFTY-III.NFO,20/03/2025,09:45:37,23343.75,23336.85,75,23343.75,150,75,1108425
NIFTY-III.NFO,20/03/2025,09:45:38,23343.75,23336.4,150,23343.95,75,0,1108425
NIFTY-III.NFO,20/03/2025,09:45:40,23343.75,23336.9,75,23343.75,75,0,1108425
NIFTY-III.NFO,20/03/2025,09:45:42,23343.75,23335.45,150,23343.7,375,0,1108425
NIFTY-III.NFO,20/03/2025,09:45:43,23343.75,23335.4,75,23341.6,75,0,1108425
NIFTY-III.NFO,20/03/2025,09:45:45,23343.75,23333,150,23341.6,150,0,1108425
NIFTY-III.NFO,20/03/2025,09:45:47,23343.75,23333,150,23340,150,0,1108425
NIFTY-III.NFO,20/03/2025,09:45:48,23343.75,23333,150,23341.05,375,0,1108425
NIFTY-III.NFO,20/03/2025,09:45:50,23343.75,23333,75,23339.7,450,0,1108425
NIFTY-III.NFO,20/03/2025,09:45:52,23343.75,23333,150,23341.05,450,0,1108425
NIFTY-III.NFO,20/03/2025,09:45:53,23343.75,23333,150,23339.95,75,0,1108425
NIFTY-III.NFO,20/03/2025,09:45:55,23343.75,23333,75,23339.9,150,0,1108425
NIFTY-III.NFO,20/03/2025,09:45:57,23343.75,23333,75,23339.15,150,0,1108425
NIFTY-III.NFO,20/03/2025,09:45:58,23333,23332.2,75,23338.5,450,75,1108425
NIFTY-III.NFO,20/03/2025,09:46:00,23333,23332.2,75,23339.15,75,0,1108425
NIFTY-III.NFO,20/03/2025,09:46:02,23333,23332.25,225,23340.35,375,0,1108425
NIFTY-III.NFO,20/03/2025,09:46:04,23333,23332.25,225,23339.75,150,0,1108425
NIFTY-III.NFO,20/03/2025,09:46:05,23333,23332.25,150,23340.05,75,0,1108425
NIFTY-III.NFO,20/03/2025,09:46:07,23339.5,23333,75,23338.85,150,300,1108425
NIFTY-III.NFO,20/03/2025,09:46:09,23339.5,23333,75,23337.55,75,0,1108425
NIFTY-III.NFO,20/03/2025,09:46:10,23339.5,23333,150,23339.35,375,0,1108425
NIFTY-III.NFO,20/03/2025,09:46:12,23339.5,23333,75,23338.7,150,0,1108425
NIFTY-III.NFO,20/03/2025,09:46:14,23339.5,23333,75,23336.35,150,0,1108425
NIFTY-III.NFO,20/03/2025,09:46:15,23335.7,23333,75,23336.2,375,375,1108425
NIFTY-III.NFO,20/03/2025,09:46:17,23335.7,23333,75,23335.1,375,0,1108425
NIFTY-III.NFO,20/03/2025,09:46:19,23332.2,23332,75,23335.1,375,150,1108425
NIFTY-III.NFO,20/03/2025,09:46:20,23332.2,23332,75,23335,375,0,1108425
NIFTY-III.NFO,20/03/2025,09:46:22,23332.2,23332,75,23334.9,375,0,1108425
NIFTY-III.NFO,20/03/2025,09:46:24,23332.2,23332,75,23335,375,0,1108425
NIFTY-III.NFO,20/03/2025,09:46:25,23335,23332,75,23335.2,375,300,1108425
NIFTY-III.NFO,20/03/2025,09:46:27,23335,23332,75,23337,375,0,1108425
NIFTY-III.NFO,20/03/2025,09:46:29,23335,23332,75,23338.25,225,0,1108425
NIFTY-III.NFO,20/03/2025,09:46:30,23335,23332.05,225,23338.7,150,0,1108425
NIFTY-III.NFO,20/03/2025,09:46:32,23339.4,23332.05,225,23340,150,300,1108425
NIFTY-III.NFO,20/03/2025,09:46:34,23339.4,23332.05,225,23338.65,150,0,1108425
NIFTY-III.NFO,20/03/2025,09:46:35,23339.4,23332,75,23337.3,150,0,1108425
NIFTY-III.NFO,20/03/2025,09:46:37,23339.4,23332.05,150,23337.3,150,0,1108425
NIFTY-III.NFO,20/03/2025,09:46:39,23339.4,23332,75,23336.5,150,0,1108425
NIFTY-III.NFO,20/03/2025,09:46:40,23332,23330.05,225,23336.5,150,75,1108425
NIFTY-III.NFO,20/03/2025,09:46:42,23332,23330.05,75,23336.55,225,0,1108425
NIFTY-III.NFO,20/03/2025,09:46:44,23332,23330,300,23336.55,225,0,1108425
NIFTY-III.NFO,20/03/2025,09:46:45,23332,23330,375,23336.55,225,0,1108425
NIFTY-III.NFO,20/03/2025,09:46:47,23332,23330.05,150,23336.4,225,0,1108425
NIFTY-III.NFO,20/03/2025,09:46:49,23332,23330.05,225,23336.45,150,0,1108425
NIFTY-III.NFO,20/03/2025,09:46:50,23332,23330.05,225,23339.35,75,0,1108425
NIFTY-III.NFO,20/03/2025,09:46:52,23332,23330.85,150,23340,150,0,1108425
NIFTY-III.NFO,20/03/2025,09:46:54,23332,23333.35,150,23340,75,0,1108425
NIFTY-III.NFO,20/03/2025,09:46:55,23340.5,23333.35,150,23342.45,375,150,1108425
NIFTY-III.NFO,20/03/2025,09:46:57,23340.5,23333.35,150,23342.1,375,0,1108425
NIFTY-III.NFO,20/03/2025,09:46:59,23333.35,23333.35,150,23342.7,150,150,1108425
NIFTY-III.NFO,20/03/2025,09:47:00,23333.35,23334.5,150,23343.75,75,0,1108425
NIFTY-III.NFO,20/03/2025,09:47:02,23333.35,23334.5,150,23343.7,150,0,1108425
NIFTY-III.NFO,20/03/2025,09:47:04,23333.35,23335.55,150,23343.5,150,0,1108425
NIFTY-III.NFO,20/03/2025,09:47:05,23333.35,23336.4,150,23343.75,75,0,1108425
NIFTY-III.NFO,20/03/2025,09:47:07,23333.35,23337.2,150,23343.75,75,0,1108425
NIFTY-III.NFO,20/03/2025,09:47:09,23333.35,23337.75,150,23343.75,75,0,1108425
NIFTY-III.NFO,20/03/2025,09:47:10,23333.35,23336.65,150,23340,75,0,1108425
NIFTY-III.NFO,20/03/2025,09:47:12,23333.35,23336.1,75,23340,75,0,1108425
NIFTY-III.NFO,20/03/2025,09:47:14,23333.35,23337.2,150,23340,75,0,1108425
NIFTY-III.NFO,20/03/2025,09:47:15,23333.35,23335.95,150,23340,75,0,1108425
NIFTY-III.NFO,20/03/2025,09:47:17,23333.35,23336.9,150,23340,75,0,1108425
NIFTY-III.NFO,20/03/2025,09:47:19,23337.05,23336.75,300,23340,75,75,1108425
NIFTY-III.NFO,20/03/2025,09:47:20,23337.05,23335.1,150,23340,75,0,1108425
NIFTY-III.NFO,20/03/2025,09:47:22,23337.05,23333.7,75,23340,450,0,1108425
NIFTY-III.NFO,20/03/2025,09:47:25,23337.05,23336.85,75,23340,450,0,1108425
NIFTY-III.NFO,20/03/2025,09:47:27,23337.05,23335.45,225,23340,450,0,1108425
NIFTY-III.NFO,20/03/2025,09:47:29,23337.05,23335.1,75,23340,450,0,1108425
NIFTY-III.NFO,20/03/2025,09:47:30,23337.05,23334.05,75,23339.95,150,0,1108425
NIFTY-III.NFO,20/03/2025,09:47:32,23331.8,23331.35,75,23339.95,225,225,1108425
NIFTY-III.NFO,20/03/2025,09:47:34,23331.8,23332.15,75,23339.95,225,0,1108425
NIFTY-III.NFO,20/03/2025,09:47:39,23331.8,23334.15,225,23340,450,0,1108425
NIFTY-III.NFO,20/03/2025,09:47:42,23331.8,23332.5,150,23339.95,150,0,1108425
NIFTY-III.NFO,20/03/2025,09:47:44,23331.8,23332.5,150,23340,450,0,1108425
NIFTY-III.NFO,20/03/2025,09:47:45,23340,23334.9,150,23340,300,150,1108425
NIFTY-III.NFO,20/03/2025,09:47:47,23340,23335.5,150,23340,300,0,1108425
NIFTY-III.NFO,20/03/2025,09:47:52,23340,23334.5,150,23340,300,0,1108425
NIFTY-III.NFO,20/03/2025,09:47:55,23334.5,23334.55,150,23340,300,75,1108425
NIFTY-III.NFO,20/03/2025,09:47:57,23334.5,23335.6,75,23340,300,0,1108425
NIFTY-III.NFO,20/03/2025,09:48:00,23334.5,23334.85,150,23340,300,0,1108425
NIFTY-III.NFO,20/03/2025,09:48:02,23334.5,23333.45,75,23340,300,0,1108425
NIFTY-III.NFO,20/03/2025,09:48:05,23334.5,23335.2,150,23340,300,0,1108425
NIFTY-III.NFO,20/03/2025,09:48:09,23334.5,23335.05,150,23340,300,0,1108425
NIFTY-III.NFO,20/03/2025,09:48:19,23334.5,23334.1,150,23340,300,0,1108425
NIFTY-III.NFO,20/03/2025,09:48:20,23334.5,23334.1,75,23340,300,0,1108425
NIFTY-III.NFO,20/03/2025,09:48:22,23334.5,23334.05,150,23340,300,0,1108425
NIFTY-III.NFO,20/03/2025,09:48:24,23334.5,23334,600,23339.95,225,0,1108425
NIFTY-III.NFO,20/03/2025,09:48:27,23334.5,23334,600,23338.75,150,0,1108425
NIFTY-III.NFO,20/03/2025,09:48:29,23334.5,23334,600,23338.05,225,0,1108425
NIFTY-III.NFO,20/03/2025,09:48:31,23334.5,23334,600,23337.15,150,0,1108425
NIFTY-III.NFO,20/03/2025,09:48:32,23334,23330,225,23335.4,225,600,1108350
NIFTY-III.NFO,20/03/2025,09:48:34,23334,23330,225,23335.3,225,0,1108350
NIFTY-III.NFO,20/03/2025,09:48:36,23334,23330,225,23333.55,150,0,1108350
NIFTY-III.NFO,20/03/2025,09:48:37,23334,23330,225,23335.35,225,0,1108350
NIFTY-III.NFO,20/03/2025,09:48:39,23334,23330,225,23335.05,225,0,1108350
NIFTY-III.NFO,20/03/2025,09:48:41,23334,23330,225,23336.75,150,0,1108350
NIFTY-III.NFO,20/03/2025,09:48:42,23334,23330,225,23336.55,150,0,1108350
NIFTY-III.NFO,20/03/2025,09:48:44,23334,23330,225,23336.1,150,0,1108350
NIFTY-III.NFO,20/03/2025,09:48:47,23334,23330,225,23337.2,150,0,1108350
NIFTY-III.NFO,20/03/2025,09:48:49,23334,23330,300,23336.7,225,0,1108350
NIFTY-III.NFO,20/03/2025,09:48:51,23334,23330,225,23335.75,225,0,1108350
NIFTY-III.NFO,20/03/2025,09:48:54,23334,23330,300,23336.9,150,0,1108350
NIFTY-III.NFO,20/03/2025,09:48:56,23328.5,23327,150,23337.35,150,600,1108350
NIFTY-III.NFO,20/03/2025,09:48:57,23328.5,23327,150,23335.95,150,0,1108350
NIFTY-III.NFO,20/03/2025,09:48:59,23328.5,23327,75,23334.65,150,0,1108350
NIFTY-III.NFO,20/03/2025,09:49:01,23328.5,23327,150,23334.1,150,0,1108350
NIFTY-III.NFO,20/03/2025,09:49:02,23328.5,23327,150,23333.7,75,0,1108350
NIFTY-III.NFO,20/03/2025,09:49:04,23328.5,23327,150,23335.1,150,0,1108350
NIFTY-III.NFO,20/03/2025,09:49:07,23328.5,23327,150,23335.6,75,0,1108350
NIFTY-III.NFO,20/03/2025,09:49:09,23328.5,23327,150,23335.55,150,0,1108350
NIFTY-III.NFO,20/03/2025,09:49:11,23328.5,23327,75,23334.85,150,0,1108350
NIFTY-III.NFO,20/03/2025,09:49:12,23328.5,23327,75,23334.25,150,0,1108350
NIFTY-III.NFO,20/03/2025,09:49:14,23328.5,23327,75,23333.65,225,0,1108350
NIFTY-III.NFO,20/03/2025,09:49:16,23328.5,23327,150,23334.85,225,0,1108350
NIFTY-III.NFO,20/03/2025,09:49:17,23328.5,23327,150,23334.5,150,0,1108350
NIFTY-III.NFO,20/03/2025,09:49:19,23328.5,23327,75,23333.2,150,0,1108350
NIFTY-III.NFO,20/03/2025,09:49:21,23328.5,23327,75,23332.65,225,0,1108350
NIFTY-III.NFO,20/03/2025,09:49:22,23328.5,23327,75,23334.25,75,0,1108350
NIFTY-III.NFO,20/03/2025,09:49:24,23333.95,23327,75,23333.95,150,75,1108350
NIFTY-III.NFO,20/03/2025,09:49:26,23333.95,23327,75,23332.25,225,0,1108350
NIFTY-III.NFO,20/03/2025,09:49:27,23333.95,23327,75,23332,225,0,1108350
NIFTY-III.NFO,20/03/2025,09:49:29,23333.95,23327,75,23330.65,225,0,1108350
NIFTY-III.NFO,20/03/2025,09:49:31,23333.95,23327,75,23331.15,225,0,1108350
NIFTY-III.NFO,20/03/2025,09:49:34,23333.95,23327,75,23329.55,150,0,1108350
NIFTY-III.NFO,20/03/2025,09:49:36,23333.95,23327,75,23330.55,225,0,1108350
NIFTY-III.NFO,20/03/2025,09:49:37,23333.95,23327,75,23328.5,225,0,1108350
NIFTY-III.NFO,20/03/2025,09:49:39,23327,23326,75,23327.85,225,75,1108350
NIFTY-III.NFO,20/03/2025,09:49:41,23327,23326,75,23329.1,225,0,1108350
NIFTY-III.NFO,20/03/2025,09:49:42,23326,23325,225,23328.25,150,75,1108350
NIFTY-III.NFO,20/03/2025,09:49:44,23326,23325,225,23328.95,225,0,1108350
NIFTY-III.NFO,20/03/2025,09:49:46,23326,23325,225,23330.2,225,0,1108350
NIFTY-III.NFO,20/03/2025,09:49:47,23326,23325,225,23330.95,225,0,1108350
NIFTY-III.NFO,20/03/2025,09:49:49,23326,23325,225,23331.7,150,0,1108350
NIFTY-III.NFO,20/03/2025,09:49:51,23326,23325,225,23330.65,225,0,1108350
NIFTY-III.NFO,20/03/2025,09:49:52,23326,23325.05,150,23331.9,225,0,1108350
NIFTY-III.NFO,20/03/2025,09:49:54,23326,23325.05,150,23332.15,225,0,1108350
NIFTY-III.NFO,20/03/2025,09:49:56,23326,23325,225,23331.85,225,0,1108350
NIFTY-III.NFO,20/03/2025,09:49:57,23326,23325,225,23331.1,225,0,1108350
NIFTY-III.NFO,20/03/2025,09:49:59,23326,23325,225,23330.55,75,0,1108350
NIFTY-III.NFO,20/03/2025,09:50:01,23326,23325.05,150,23331.55,75,0,1108350
NIFTY-III.NFO,20/03/2025,09:50:02,23326,23326,75,23331.6,450,0,1108350
NIFTY-III.NFO,20/03/2025,09:50:04,23326,23326,75,23329.15,75,0,1108350
NIFTY-III.NFO,20/03/2025,09:50:06,23326,23325,225,23327.9,375,75,1108350
NIFTY-III.NFO,20/03/2025,09:50:07,23327.65,23325,225,23327.65,75,75,1108350
NIFTY-III.NFO,20/03/2025,09:50:09,23327.65,23325,225,23327.85,375,0,1108350
NIFTY-III.NFO,20/03/2025,09:50:11,23327.65,23325,225,23328.7,375,0,1108350
NIFTY-III.NFO,20/03/2025,09:50:14,23327.65,23325.05,75,23330.05,75,0,1108350
NIFTY-III.NFO,20/03/2025,09:50:16,23327.65,23325.05,75,23330.15,75,0,1108350
NIFTY-III.NFO,20/03/2025,09:50:17,23327.65,23325.05,75,23330.6,75,0,1108350
NIFTY-III.NFO,20/03/2025,09:50:19,23327.65,23325.05,75,23329.75,75,0,1108350
NIFTY-III.NFO,20/03/2025,09:50:21,23327.65,23325.05,75,23330.1,75,0,1108350
NIFTY-III.NFO,20/03/2025,09:50:24,23327.65,23325.05,150,23330.05,75,0,1108350
NIFTY-III.NFO,20/03/2025,09:50:26,23327.65,23325.05,75,23329.75,75,0,1108350
NIFTY-III.NFO,20/03/2025,09:50:27,23327.65,23325.05,75,23329.6,75,0,1108350
NIFTY-III.NFO,20/03/2025,09:50:29,23327.65,23325,300,23328.6,150,0,1108350
NIFTY-III.NFO,20/03/2025,09:50:31,23326.6,23325,225,23326,75,150,1108350
NIFTY-III.NFO,20/03/2025,09:50:32,23326.6,23325,225,23327,75,0,1108350
NIFTY-III.NFO,20/03/2025,09:50:34,23319,23317.3,150,23325.3,150,975,1108350
NIFTY-III.NFO,20/03/2025,09:50:36,23319,23317.3,150,23326.2,150,0,1108350
NIFTY-III.NFO,20/03/2025,09:50:37,23319,23317.3,150,23325.7,150,0,1108350
NIFTY-III.NFO,20/03/2025,09:50:39,23319,23316.7,75,23326.25,75,0,1108350
NIFTY-III.NFO,20/03/2025,09:50:41,23316.6,23316.55,75,23326.2,150,225,1108350
NIFTY-III.NFO,20/03/2025,09:50:42,23326.25,23316.55,75,23326.75,75,75,1108350
NIFTY-III.NFO,20/03/2025,09:50:44,23326.25,23318.55,75,23327,150,0,1108350
NIFTY-III.NFO,20/03/2025,09:50:46,23326.25,23318.55,75,23325,75,0,1108350
NIFTY-III.NFO,20/03/2025,09:50:49,23326.25,23320.05,75,23325,75,0,1108350
NIFTY-III.NFO,20/03/2025,09:50:51,23326.25,23319.3,225,23325,75,0,1108350
NIFTY-III.NFO,20/03/2025,09:50:52,23326.25,23319.95,75,23325,75,0,1108350
NIFTY-III.NFO,20/03/2025,09:50:59,23326.25,23317.9,75,23324.95,225,0,1108350
NIFTY-III.NFO,20/03/2025,09:51:01,23326.25,23317,150,23324.95,75,0,1108350
NIFTY-III.NFO,20/03/2025,09:51:02,23326.25,23317.15,150,23325,150,0,1108350
NIFTY-III.NFO,20/03/2025,09:51:04,23326.25,23318.25,225,23325,75,0,1108350
NIFTY-III.NFO,20/03/2025,09:51:06,23326.25,23318.3,150,23325,75,0,1108350
NIFTY-III.NFO,20/03/2025,09:51:07,23326.25,23319.7,75,23325,75,0,1108350
NIFTY-III.NFO,20/03/2025,09:51:09,23326.25,23319.65,75,23325,75,0,1108350
NIFTY-III.NFO,20/03/2025,09:51:11,23326.25,23319.7,75,23325,75,0,1108350
NIFTY-III.NFO,20/03/2025,09:51:12,23327.95,23320.15,75,23329.2,225,300,1108350
NIFTY-III.NFO,20/03/2025,09:51:14,23327.95,23326.25,75,23329.55,150,0,1108350
NIFTY-III.NFO,20/03/2025,09:51:16,23326.25,23320.95,75,23329.1,225,75,1108350
NIFTY-III.NFO,20/03/2025,09:51:17,23326.25,23320.95,75,23329.45,225,0,1108350
NIFTY-III.NFO,20/03/2025,09:51:19,23326.25,23319.75,75,23327.35,150,0,1108350
NIFTY-III.NFO,20/03/2025,09:51:21,23320.95,23319.55,75,23327.9,225,75,1108350
NIFTY-III.NFO,20/03/2025,09:51:22,23320.95,23319,150,23324.95,150,0,1108350
NIFTY-III.NFO,20/03/2025,09:51:27,23320.95,23319.05,150,23325,225,0,1108350
NIFTY-III.NFO,20/03/2025,09:51:31,23320.95,23319,150,23324.95,150,0,1108350
NIFTY-III.NFO,20/03/2025,09:51:36,23320.95,23319.35,75,23324.95,150,0,1108350
NIFTY-III.NFO,20/03/2025,09:51:37,23320.95,23319,75,23324.95,150,0,1108350
NIFTY-III.NFO,20/03/2025,09:51:41,23320.95,23319,150,23324.95,150,0,1108350
NIFTY-III.NFO,20/03/2025,09:51:42,23319,23319,150,23324.95,150,75,1108425
NIFTY-III.NFO,20/03/2025,09:51:44,23319,23319,75,23324.95,225,0,1108425
NIFTY-III.NFO,20/03/2025,09:51:46,23319,23319,75,23322.15,150,0,1108425
NIFTY-III.NFO,20/03/2025,09:51:47,23319,23310.8,75,23319.95,150,75,1108425
NIFTY-III.NFO,20/03/2025,09:51:49,23319,23308.55,75,23319.7,150,0,1108425
NIFTY-III.NFO,20/03/2025,09:51:51,23319,23307,75,23315.7,150,0,1108425
NIFTY-III.NFO,20/03/2025,09:51:52,23314.85,23307,150,23314.85,150,75,1108425
NIFTY-III.NFO,20/03/2025,09:51:54,23314.85,23307.05,150,23316.9,150,0,1108425
NIFTY-III.NFO,20/03/2025,09:51:56,23314.85,23307.35,150,23316.9,150,0,1108425
NIFTY-III.NFO,20/03/2025,09:51:57,23314.85,23308,150,23316.9,150,0,1108425
NIFTY-III.NFO,20/03/2025,09:51:59,23314.85,23310.05,150,23318.75,150,0,1108425
NIFTY-III.NFO,20/03/2025,09:52:01,23314.85,23315,75,23319.95,150,0,1108425
NIFTY-III.NFO,20/03/2025,09:52:02,23314.85,23315,75,23319,225,0,1108425
NIFTY-III.NFO,20/03/2025,09:52:04,23314.85,23315,75,23317.45,150,0,1108425
NIFTY-III.NFO,20/03/2025,09:52:06,23314.85,23315,75,23316,150,0,1108425
NIFTY-III.NFO,20/03/2025,09:52:07,23316.15,23315,75,23316.55,75,75,1108425
NIFTY-III.NFO,20/03/2025,09:52:09,23316.15,23315,75,23317.25,150,0,1108425
NIFTY-III.NFO,20/03/2025,09:52:10,23316.15,23315,75,23317.6,75,0,1108425
NIFTY-III.NFO,20/03/2025,09:52:12,23316.15,23315,75,23317.25,75,0,1108425
NIFTY-III.NFO,20/03/2025,09:52:14,23316.15,23315,75,23317.35,75,0,1108425
NIFTY-III.NFO,20/03/2025,09:52:15,23316.15,23315,75,23319.25,300,0,1108425
NIFTY-III.NFO,20/03/2025,09:52:17,23316.15,23315,75,23319.45,150,0,1108425
NIFTY-III.NFO,20/03/2025,09:52:19,23316.15,23315,75,23319.85,150,0,1108425
NIFTY-III.NFO,20/03/2025,09:52:20,23319.95,23316,75,23320,300,75,1108425
NIFTY-III.NFO,20/03/2025,09:52:22,23319.95,23316,75,23320,300,0,1108425
NIFTY-III.NFO,20/03/2025,09:52:25,23319.95,23316.05,225,23320,300,0,1108425
NIFTY-III.NFO,20/03/2025,09:52:29,23319.95,23316.05,150,23320,300,0,1108425
NIFTY-III.NFO,20/03/2025,09:52:30,23319.95,23316,75,23320,300,0,1108425
NIFTY-III.NFO,20/03/2025,09:52:32,23319.95,23316.65,150,23319.95,75,0,1108425
NIFTY-III.NFO,20/03/2025,09:52:34,23319.95,23316.6,150,23319.95,75,0,1108425
NIFTY-III.NFO,20/03/2025,09:52:35,23316.15,23316.9,150,23319.95,75,225,1108425
NIFTY-III.NFO,20/03/2025,09:52:37,23316.15,23316.6,75,23319.95,75,0,1108425
NIFTY-III.NFO,20/03/2025,09:52:40,23320,23319.6,150,23329.15,75,450,1108425
NIFTY-III.NFO,20/03/2025,09:52:42,23320,23317.7,150,23327.15,150,0,1108425
NIFTY-III.NFO,20/03/2025,09:52:44,23320,23318,150,23327.8,75,0,1108425
NIFTY-III.NFO,20/03/2025,09:52:45,23320,23318.2,225,23328.1,75,0,1108425
NIFTY-III.NFO,20/03/2025,09:52:47,23320,23321.2,150,23330,225,0,1108425
NIFTY-III.NFO,20/03/2025,09:52:49,23320,23322.8,150,23330,150,0,1108425
NIFTY-III.NFO,20/03/2025,09:52:50,23320,23322.8,150,23330,225,0,1108425
NIFTY-III.NFO,20/03/2025,09:52:52,23320,23322.8,150,23330,150,0,1108425
NIFTY-III.NFO,20/03/2025,09:52:54,23320,23326.95,150,23330,150,0,1108425
NIFTY-III.NFO,20/03/2025,09:52:55,23330,23330.05,150,23336,75,150,1108425
NIFTY-III.NFO,20/03/2025,09:52:57,23330,23328.45,225,23336,150,0,1108425
NIFTY-III.NFO,20/03/2025,09:52:59,23330,23328.45,225,23336,75,0,1108425
NIFTY-III.NFO,20/03/2025,09:53:00,23330,23331.2,150,23336,75,0,1108425
NIFTY-III.NFO,20/03/2025,09:53:02,23330,23331.25,150,23336,75,0,1108425
NIFTY-III.NFO,20/03/2025,09:53:04,23330,23332.35,225,23336,75,0,1108425
NIFTY-III.NFO,20/03/2025,09:53:05,23330,23332.3,225,23336,75,0,1108425
NIFTY-III.NFO,20/03/2025,09:53:07,23330,23330.65,225,23336,75,0,1108425
NIFTY-III.NFO,20/03/2025,09:53:09,23330,23330.6,300,23336,75,0,1108425
NIFTY-III.NFO,20/03/2025,09:53:10,23330,23332.9,225,23336,75,0,1108425
NIFTY-III.NFO,20/03/2025,09:53:12,23330,23331,150,23332.9,75,0,1108425
NIFTY-III.NFO,20/03/2025,09:53:14,23330,23330.15,225,23332.9,75,0,1108425
NIFTY-III.NFO,20/03/2025,09:53:15,23330,23331.75,75,23332.9,75,0,1108425
NIFTY-III.NFO,20/03/2025,09:53:17,23330,23330.65,150,23332.9,75,0,1108425
NIFTY-III.NFO,20/03/2025,09:53:19,23330,23330.4,150,23332.9,75,0,1108425
NIFTY-III.NFO,20/03/2025,09:53:20,23330,23331,150,23332.9,75,0,1108425
NIFTY-III.NFO,20/03/2025,09:53:22,23330,23330.4,75,23332.9,75,0,1108425
NIFTY-III.NFO,20/03/2025,09:53:24,23330,23330,150,23332.9,75,0,1108425
NIFTY-III.NFO,20/03/2025,09:53:29,23330,23330,75,23332.9,75,75,1108425
NIFTY-III.NFO,20/03/2025,09:53:30,23330,23330,225,23333.3,75,0,1108425
NIFTY-III.NFO,20/03/2025,09:53:32,23330,23330,225,23332.85,75,0,1108425
NIFTY-III.NFO,20/03/2025,09:53:34,23330,23330,300,23334.05,75,0,1108425
NIFTY-III.NFO,20/03/2025,09:53:35,23330,23330,300,23332.55,150,0,1108425
NIFTY-III.NFO,20/03/2025,09:53:37,23330,23330,225,23332.4,150,75,1108425
NIFTY-III.NFO,20/03/2025,09:53:39,23330,23330,75,23330.6,75,225,1108425
NIFTY-III.NFO,20/03/2025,09:53:40,23330,23320.5,75,23329.8,75,75,1108425
NIFTY-III.NFO,20/03/2025,09:53:42,23330,23320,225,23327.95,75,0,1108425
NIFTY-III.NFO,20/03/2025,09:53:44,23330,23320,225,23327.3,75,0,1108425
NIFTY-III.NFO,20/03/2025,09:53:45,23330,23320,150,23327.3,75,0,1108425
NIFTY-III.NFO,20/03/2025,09:53:47,23330,23320,150,23326,75,0,1108425
NIFTY-III.NFO,20/03/2025,09:53:49,23330,23320,150,23326.05,150,0,1108425
NIFTY-III.NFO,20/03/2025,09:53:50,23330,23320,150,23326,75,0,1108425
NIFTY-III.NFO,20/03/2025,09:53:52,23330,23320.05,225,23326.95,150,0,1108425
NIFTY-III.NFO,20/03/2025,09:53:54,23330,23321.05,225,23327.6,75,0,1108425
NIFTY-III.NFO,20/03/2025,09:53:55,23330,23321,75,23326.25,75,0,1108425
NIFTY-III.NFO,20/03/2025,09:53:57,23330,23321,150,23327.45,75,0,1108425
NIFTY-III.NFO,20/03/2025,09:53:59,23330,23321.05,225,23328.55,150,0,1108425
NIFTY-III.NFO,20/03/2025,09:54:00,23321.05,23321.05,225,23330.75,150,75,1108425
NIFTY-III.NFO,20/03/2025,09:54:02,23330.6,23321.1,150,23330.6,225,300,1108425
NIFTY-III.NFO,20/03/2025,09:54:04,23330.6,23321.1,150,23330.05,150,0,1108425
NIFTY-III.NFO,20/03/2025,09:54:05,23330.6,23323.5,150,23332.2,150,0,1108425
NIFTY-III.NFO,20/03/2025,09:54:07,23330.6,23323.5,150,23333.1,150,0,1108425
NIFTY-III.NFO,20/03/2025,09:54:09,23330.6,23325.05,225,23332.45,225,0,1108425
NIFTY-III.NFO,20/03/2025,09:54:10,23330.6,23325.05,225,23333.4,150,0,1108425
NIFTY-III.NFO,20/03/2025,09:54:12,23330.6,23325.05,75,23332.5,150,0,1108425
NIFTY-III.NFO,20/03/2025,09:54:14,23330.6,23332,75,23333.1,150,0,1108425
NIFTY-III.NFO,20/03/2025,09:54:15,23330.6,23332,75,23333.05,150,0,1108425
NIFTY-III.NFO,20/03/2025,09:54:17,23330.6,23332,75,23332.75,150,0,1108425
NIFTY-III.NFO,20/03/2025,09:54:19,23330.6,23332,75,23333.55,300,0,1108425
NIFTY-III.NFO,20/03/2025,09:54:20,23332,23325.05,225,23331.9,600,75,1108425
NIFTY-III.NFO,20/03/2025,09:54:22,23332,23325.05,225,23333.35,225,0,1108425
NIFTY-III.NFO,20/03/2025,09:54:24,23332,23325.05,225,23333.8,225,0,1108425
NIFTY-III.NFO,20/03/2025,09:54:25,23332,23325.05,225,23334.3,150,0,1108425
NIFTY-III.NFO,20/03/2025,09:54:27,23332,23325.05,225,23332.95,300,0,1108425
NIFTY-III.NFO,20/03/2025,09:54:29,23332,23325.05,225,23332.45,600,0,1108425
NIFTY-III.NFO,20/03/2025,09:54:30,23333,23325.05,225,23332.7,75,450,1108050
NIFTY-III.NFO,20/03/2025,09:54:32,23333,23325.05,225,23333.4,75,0,1108050
NIFTY-III.NFO,20/03/2025,09:54:34,23333,23330,75,23333.45,225,0,1108050
NIFTY-III.NFO,20/03/2025,09:54:35,23333,23330,75,23333.25,150,0,1108050
NIFTY-III.NFO,20/03/2025,09:54:37,23333,23330,75,23334.05,525,0,1108050
NIFTY-III.NFO,20/03/2025,09:54:39,23333,23330,75,23333,150,0,1108050
NIFTY-III.NFO,20/03/2025,09:54:40,23333,23330,75,23332.25,375,0,1108050
NIFTY-III.NFO,20/03/2025,09:54:42,23333,23330,75,23331.55,375,0,1108050
NIFTY-III.NFO,20/03/2025,09:54:44,23333,23330,75,23331.05,225,0,1108050
NIFTY-III.NFO,20/03/2025,09:54:45,23330,23325,375,23329.85,375,75,1108050
NIFTY-III.NFO,20/03/2025,09:54:47,23330,23325,375,23327.55,375,0,1108050
NIFTY-III.NFO,20/03/2025,09:54:49,23330,23325,375,23327.2,375,0,1108050
NIFTY-III.NFO,20/03/2025,09:54:50,23330,23325,375,23328.85,150,0,1108050
NIFTY-III.NFO,20/03/2025,09:54:52,23330,23325,375,23328.6,375,0,1108050
NIFTY-III.NFO,20/03/2025,09:54:54,23330,23325,375,23326.6,150,0,1108050
NIFTY-III.NFO,20/03/2025,09:54:55,23330,23325,450,23327.85,150,0,1108050
NIFTY-III.NFO,20/03/2025,09:54:57,23327.9,23325,75,23327.6,375,375,1108050
NIFTY-III.NFO,20/03/2025,09:54:59,23327.9,23325,75,23325.9,750,0,1108050
NIFTY-III.NFO,20/03/2025,09:55:00,23327.9,23325,75,23327,375,0,1108050
NIFTY-III.NFO,20/03/2025,09:55:02,23327.9,23325,75,23328.55,375,0,1108050
NIFTY-III.NFO,20/03/2025,09:55:04,23327.9,23325,75,23327.55,375,0,1108050
NIFTY-III.NFO,20/03/2025,09:55:05,23326.6,23325,75,23326.9,375,75,1108050
NIFTY-III.NFO,20/03/2025,09:55:07,23327.15,23325,75,23329.1,300,75,1108050
NIFTY-III.NFO,20/03/2025,09:55:09,23327.15,23325,75,23330,75,0,1108050
NIFTY-III.NFO,20/03/2025,09:55:12,23327.15,23325.05,150,23330,75,0,1108050
NIFTY-III.NFO,20/03/2025,09:55:15,23327.15,23325.05,225,23330,75,0,1108050
NIFTY-III.NFO,20/03/2025,09:55:17,23327.15,23325,75,23330,75,0,1108050
NIFTY-III.NFO,20/03/2025,09:55:19,23324.55,23327.05,150,23330,75,225,1108050
NIFTY-III.NFO,20/03/2025,09:55:20,23324.55,23325.5,300,23330,75,0,1108050
NIFTY-III.NFO,20/03/2025,09:55:22,23325.5,23325.6,150,23330,75,75,1108050
NIFTY-III.NFO,20/03/2025,09:55:24,23325.5,23327.3,75,23330,75,0,1108050
NIFTY-III.NFO,20/03/2025,09:55:25,23325.5,23327.75,75,23330,75,0,1108050
NIFTY-III.NFO,20/03/2025,09:55:27,23325.5,23327.35,75,23330,75,0,1108050
NIFTY-III.NFO,20/03/2025,09:55:30,23325.5,23326,150,23330,75,0,1108050
NIFTY-III.NFO,20/03/2025,09:55:32,23325.5,23327.6,150,23330,75,0,1108050
NIFTY-III.NFO,20/03/2025,09:55:33,23330,23325.75,75,23333.75,225,75,1108050
NIFTY-III.NFO,20/03/2025,09:55:35,23330,23325.25,75,23334.35,150,0,1108050
NIFTY-III.NFO,20/03/2025,09:55:37,23330,23325.25,75,23334.75,150,0,1108050
NIFTY-III.NFO,20/03/2025,09:55:38,23330,23325.25,75,23330,75,0,1108050
NIFTY-III.NFO,20/03/2025,09:55:40,23330,23327.1,75,23330,75,0,1108050
NIFTY-III.NFO,20/03/2025,09:55:42,23325.8,23325.55,75,23330,75,225,1108050
NIFTY-III.NFO,20/03/2025,09:55:43,23325.8,23324.35,75,23330,75,0,1108050
NIFTY-III.NFO,20/03/2025,09:55:45,23325.8,23324.4,150,23330,75,0,1108050
NIFTY-III.NFO,20/03/2025,09:55:47,23325.8,23324.15,150,23330,75,75,1108050
NIFTY-III.NFO,20/03/2025,09:55:48,23325.8,23324.15,75,23330,75,0,1108050
NIFTY-III.NFO,20/03/2025,09:55:50,23325.8,23324.8,150,23330,75,0,1108050
NIFTY-III.NFO,20/03/2025,09:55:52,23325.8,23326,75,23330,75,0,1108050
NIFTY-III.NFO,20/03/2025,09:55:53,23325.8,23327.2,75,23330,75,0,1108050
NIFTY-III.NFO,20/03/2025,09:55:57,23325.8,23327.2,150,23330,75,0,1108050
NIFTY-III.NFO,20/03/2025,09:56:00,23330,23327.8,75,23335,75,75,1108050
NIFTY-III.NFO,20/03/2025,09:56:02,23330,23327.8,75,23334.95,225,0,1108050
