Ticker,Date,Time,LTP,BuyPrice,BuyQty,SellPrice,SellQty,LTQ,OpenInterest
BANKNIFTY-III.NFO,15/10/2024,09:16:37,52749,52803.6,30,52820,15,465,114315
BANKNIFTY-III.NFO,15/10/2024,09:16:37,52800,52803.6,30,52820,15,0,114315
BANKNIFTY-III.NFO,15/10/2024,09:16:37,52830.95,52803.6,30,52820,15,0,114315
BANKNIFTY-III.NFO,15/10/2024,09:16:37,52749,52803.6,30,52820,15,0,114315
BANKNIFTY-III.NFO,15/10/2024,09:18:10,52820,52810.05,30,52820.05,30,1215,114315
BANKNIFTY-III.NFO,15/10/2024,09:18:18,52806.85,52805.75,60,52820.05,30,60,114315
BANKNIFTY-III.NFO,15/10/2024,09:18:20,52806.85,52805.1,105,52820.05,30,0,114315
BANKNIFTY-III.NFO,15/10/2024,09:18:21,52820,52805.1,90,52820.05,45,15,114315
BANKNIFTY-III.NFO,15/10/2024,09:18:23,52820.05,52808.65,30,52824.35,15,45,114315
BANKNIFTY-III.NFO,15/10/2024,09:18:25,52820.05,52820,15,52824.35,15,0,114315
BANKNIFTY-III.NFO,15/10/2024,09:18:28,52820.05,52820,15,52822.4,15,0,114315
BANKNIFTY-III.NFO,15/10/2024,09:18:30,52820.05,52820,15,52827.45,60,15,114315
BANKNIFTY-III.NFO,15/10/2024,09:18:33,52820.05,52820,15,52826.8,75,0,114315
BANKNIFTY-III.NFO,15/10/2024,09:18:35,52820,52812.35,60,52826.8,60,15,114315
BANKNIFTY-III.NFO,15/10/2024,09:18:36,52820,52813.85,60,52828.6,75,0,114315
BANKNIFTY-III.NFO,15/10/2024,09:18:38,52820,52815.45,75,52828.6,60,0,114315
BANKNIFTY-III.NFO,15/10/2024,09:18:40,52820,52817.2,75,52830.8,15,0,114315
BANKNIFTY-III.NFO,15/10/2024,09:18:41,52820,52819.9,60,52830.8,15,150,114315
BANKNIFTY-III.NFO,15/10/2024,09:18:43,52820,52819.9,60,52830.8,15,0,114315
BANKNIFTY-III.NFO,15/10/2024,09:18:45,52820,52819.1,90,52829.85,60,0,114315
BANKNIFTY-III.NFO,15/10/2024,09:18:46,52817.85,52817.85,60,52822.85,60,45,114315
BANKNIFTY-III.NFO,15/10/2024,09:18:48,52817.85,52813.7,75,52822.85,60,0,114315
BANKNIFTY-III.NFO,15/10/2024,09:18:50,52817.85,52812.35,60,52822.85,60,0,114315
BANKNIFTY-III.NFO,15/10/2024,09:18:51,52817.85,52814.05,60,52822.85,60,0,114315
BANKNIFTY-III.NFO,15/10/2024,09:18:53,52822.85,52817.1,60,52824.85,15,30,114195
BANKNIFTY-III.NFO,15/10/2024,09:18:55,52818.95,52819,45,52824.85,15,30,114195
BANKNIFTY-III.NFO,15/10/2024,09:18:56,52824.85,52820.5,45,52828.7,15,15,114195
BANKNIFTY-III.NFO,15/10/2024,09:18:58,52824.85,52823.2,45,52828.7,15,0,114195
BANKNIFTY-III.NFO,15/10/2024,09:18:59,52823,52822.15,30,52828.7,15,15,114195
BANKNIFTY-III.NFO,15/10/2024,09:19:01,52833,52834.15,45,52840,15,30,114195
BANKNIFTY-III.NFO,15/10/2024,09:19:01,52833,52834.15,45,52840,15,0,114195
BANKNIFTY-III.NFO,15/10/2024,09:19:03,52830.5,52830.5,30,52840,15,15,114195
BANKNIFTY-III.NFO,15/10/2024,09:19:04,52830.5,52828.1,15,52840,15,0,114195
BANKNIFTY-III.NFO,15/10/2024,09:19:06,52830.5,52834.65,15,52840,15,0,114195
BANKNIFTY-III.NFO,15/10/2024,09:19:08,52834.65,52832.9,15,52840,15,15,114195
BANKNIFTY-III.NFO,15/10/2024,09:19:08,52834.65,52832.9,15,52840,15,0,114195
BANKNIFTY-III.NFO,15/10/2024,09:19:09,52834.65,52828.1,45,52840,15,0,114195
BANKNIFTY-III.NFO,15/10/2024,09:19:11,52834.65,52828.7,30,52840,15,0,114195
BANKNIFTY-III.NFO,15/10/2024,09:19:13,52834.65,52826.15,15,52835,15,0,114195
BANKNIFTY-III.NFO,15/10/2024,09:19:16,52834.65,52826.9,15,52835,15,0,114195
BANKNIFTY-III.NFO,15/10/2024,09:19:17,52834.65,52823.4,45,52835,15,0,114195
BANKNIFTY-III.NFO,15/10/2024,09:19:19,52834.65,52825.15,30,52835,15,0,114195
BANKNIFTY-III.NFO,15/10/2024,09:19:21,52830,52830,600,52835,15,30,114195
BANKNIFTY-III.NFO,15/10/2024,09:19:22,52830,52830,600,52835,15,0,114195
BANKNIFTY-III.NFO,15/10/2024,09:19:24,52830,52830,600,52834.65,30,0,114195
BANKNIFTY-III.NFO,15/10/2024,09:19:30,52830,52831,15,52834.65,30,0,114195
BANKNIFTY-III.NFO,15/10/2024,09:19:38,52831,52830,630,52834.65,30,15,114195
BANKNIFTY-III.NFO,15/10/2024,09:19:40,52834.65,52830,600,52835,15,30,114195
BANKNIFTY-III.NFO,15/10/2024,09:19:41,52834.65,52830,600,52835,15,0,114195
BANKNIFTY-III.NFO,15/10/2024,09:19:44,52834.65,52831,15,52835,15,0,114195
BANKNIFTY-III.NFO,15/10/2024,09:19:48,52834.65,52831,15,52834.95,75,0,114195
BANKNIFTY-III.NFO,15/10/2024,09:19:49,52834.65,52831,15,52835,15,0,114195
BANKNIFTY-III.NFO,15/10/2024,09:19:57,52834.65,52831,15,52834.65,30,0,114195
BANKNIFTY-III.NFO,15/10/2024,09:19:59,52831,52830.05,30,52834.65,30,15,114195
BANKNIFTY-III.NFO,15/10/2024,09:20:01,52831,52830,600,52834.65,30,0,114195
BANKNIFTY-III.NFO,15/10/2024,09:20:02,52831,52830,600,52834.6,60,0,114195
BANKNIFTY-III.NFO,15/10/2024,09:20:04,52831,52830,600,52834.6,75,0,114195
BANKNIFTY-III.NFO,15/10/2024,09:20:06,52830,52806.85,15,52822.8,75,600,114195
BANKNIFTY-III.NFO,15/10/2024,09:20:07,52830,52806.85,15,52822.1,75,0,114195
BANKNIFTY-III.NFO,15/10/2024,09:20:09,52830,52806.85,30,52822.1,75,0,114195
BANKNIFTY-III.NFO,15/10/2024,09:20:10,52830,52806.9,30,52827.5,15,0,114195
BANKNIFTY-III.NFO,15/10/2024,09:20:12,52830,52806.9,45,52824.65,60,0,114195
BANKNIFTY-III.NFO,15/10/2024,09:20:14,52830,52806.9,45,52825.25,75,0,114195
BANKNIFTY-III.NFO,15/10/2024,09:20:15,52805.65,52805.4,45,52823.2,45,105,114195
BANKNIFTY-III.NFO,15/10/2024,09:20:17,52805.65,52803.9,30,52824.75,45,0,114195
BANKNIFTY-III.NFO,15/10/2024,09:20:19,52805.65,52803.9,30,52822.15,45,0,114195
BANKNIFTY-III.NFO,15/10/2024,09:20:21,52805.65,52800,30,52816.45,105,0,114195
BANKNIFTY-III.NFO,15/10/2024,09:20:22,52805.65,52800.05,30,52818.6,15,0,114195
BANKNIFTY-III.NFO,15/10/2024,09:20:24,52805.65,52800.05,30,52819.35,90,0,114195
BANKNIFTY-III.NFO,15/10/2024,09:20:26,52805.65,52800.2,30,52818,75,0,114195
BANKNIFTY-III.NFO,15/10/2024,09:20:27,52805.65,52800,30,52815.4,75,0,114195
BANKNIFTY-III.NFO,15/10/2024,09:20:29,52805.65,52800.05,45,52818.35,75,0,114195
BANKNIFTY-III.NFO,15/10/2024,09:20:31,52805.65,52800,45,52816.55,90,0,114195
BANKNIFTY-III.NFO,15/10/2024,09:20:32,52805.65,52800,45,52815.5,60,0,114195
BANKNIFTY-III.NFO,15/10/2024,09:20:35,52805.65,52800,30,52814,75,0,114195
BANKNIFTY-III.NFO,15/10/2024,09:20:37,52805.65,52800,30,52812.5,75,0,114195
BANKNIFTY-III.NFO,15/10/2024,09:20:39,52805.65,52800,30,52811.5,75,0,114195
BANKNIFTY-III.NFO,15/10/2024,09:20:40,52805.65,52800,30,52815,75,0,114195
BANKNIFTY-III.NFO,15/10/2024,09:20:42,52805.65,52800.05,45,52818.6,60,0,114195
BANKNIFTY-III.NFO,15/10/2024,09:20:44,52798.2,52791.05,45,52810.5,75,105,114195
BANKNIFTY-III.NFO,15/10/2024,09:20:45,52798.2,52791.7,45,52811.9,45,0,114195
BANKNIFTY-III.NFO,15/10/2024,09:20:47,52798.2,52792.75,60,52811.65,45,0,114195
BANKNIFTY-III.NFO,15/10/2024,09:20:49,52798.2,52790.05,60,52807.9,45,0,114195
BANKNIFTY-III.NFO,15/10/2024,09:20:50,52798.2,52791,60,52811.65,30,0,114195
BANKNIFTY-III.NFO,15/10/2024,09:20:52,52791.75,52791.65,15,52811.85,30,105,114195
BANKNIFTY-III.NFO,15/10/2024,09:20:54,52791.75,52791.15,60,52809.65,45,0,114195
BANKNIFTY-III.NFO,15/10/2024,09:20:55,52791.75,52797.1,30,52814,45,0,114195
BANKNIFTY-III.NFO,15/10/2024,09:20:57,52791.75,52794.6,60,52814.05,45,0,114195
BANKNIFTY-III.NFO,15/10/2024,09:20:58,52791.75,52799.95,15,52815.6,45,0,114195
BANKNIFTY-III.NFO,15/10/2024,09:21:00,52794.6,52791.15,15,52811.45,30,105,114195
BANKNIFTY-III.NFO,15/10/2024,09:21:02,52794.6,52791.25,15,52808.95,45,0,114195
BANKNIFTY-III.NFO,15/10/2024,09:21:03,52794.6,52791.25,15,52800,15,0,114195
BANKNIFTY-III.NFO,15/10/2024,09:21:07,52794.6,52791.25,15,52800,30,0,114195
BANKNIFTY-III.NFO,15/10/2024,09:21:10,52784.85,52784.9,60,52799.95,30,105,114195
BANKNIFTY-III.NFO,15/10/2024,09:21:11,52784.85,52787.75,30,52799.75,30,0,114195
BANKNIFTY-III.NFO,15/10/2024,09:21:13,52784.85,52778.75,30,52791.2,45,0,114195
BANKNIFTY-III.NFO,15/10/2024,09:21:15,52784.85,52780,15,52796.3,45,0,114195
BANKNIFTY-III.NFO,15/10/2024,09:21:16,52784.85,52780,15,52795.6,45,0,114195
BANKNIFTY-III.NFO,15/10/2024,09:21:18,52784.85,52780,15,52792.9,45,0,114195
BANKNIFTY-III.NFO,15/10/2024,09:21:19,52784.85,52780,15,52790.7,30,0,114195
BANKNIFTY-III.NFO,15/10/2024,09:21:21,52784.85,52780,15,52789.75,45,0,114195
BANKNIFTY-III.NFO,15/10/2024,09:21:23,52784.85,52780.95,15,52792.15,30,0,114195
BANKNIFTY-III.NFO,15/10/2024,09:21:24,52794.65,52780,15,52793.4,90,30,114195
BANKNIFTY-III.NFO,15/10/2024,09:21:26,52794.65,52775.9,60,52791.55,30,0,114195
BANKNIFTY-III.NFO,15/10/2024,09:21:27,52794.65,52784.3,15,52787.9,45,0,114195
BANKNIFTY-III.NFO,15/10/2024,09:21:29,52794.65,52776.85,60,52792.9,45,0,114195
BANKNIFTY-III.NFO,15/10/2024,09:21:31,52793.95,52776.65,60,52792.55,30,15,114195
BANKNIFTY-III.NFO,15/10/2024,09:21:32,52793.95,52776.05,60,52791.4,60,0,114195
BANKNIFTY-III.NFO,15/10/2024,09:21:34,52793.95,52775.75,15,52789.7,15,0,114195
BANKNIFTY-III.NFO,15/10/2024,09:21:36,52793.95,52767.75,45,52780.85,75,0,114195
BANKNIFTY-III.NFO,15/10/2024,09:21:37,52793.95,52761,60,52775.6,45,0,114195
BANKNIFTY-III.NFO,15/10/2024,09:21:39,52793.95,52764.3,60,52780.1,45,0,114195
BANKNIFTY-III.NFO,15/10/2024,09:21:41,52793.95,52763.65,60,52777.4,45,0,114195
BANKNIFTY-III.NFO,15/10/2024,09:21:42,52793.95,52760.9,60,52774.8,45,0,114195
BANKNIFTY-III.NFO,15/10/2024,09:21:44,52793.95,52763.95,60,52777.2,45,0,114195
BANKNIFTY-III.NFO,15/10/2024,09:21:46,52793.95,52764.3,60,52777.1,45,0,114195
BANKNIFTY-III.NFO,15/10/2024,09:21:47,52793.95,52770.85,60,52782.4,30,0,114195
BANKNIFTY-III.NFO,15/10/2024,09:21:49,52793.95,52766.65,60,52780.05,45,0,114195
BANKNIFTY-III.NFO,15/10/2024,09:21:51,52793.95,52765.95,60,52770,30,0,114195
BANKNIFTY-III.NFO,15/10/2024,09:21:52,52793.95,52763.6,60,52770,30,0,114195
BANKNIFTY-III.NFO,15/10/2024,09:21:54,52793.95,52766.45,60,52770,30,0,114195
BANKNIFTY-III.NFO,15/10/2024,09:21:56,52770,52766.7,60,52770,15,15,113835
BANKNIFTY-III.NFO,15/10/2024,09:21:57,52782.3,52770,60,52785.95,75,30,113835
BANKNIFTY-III.NFO,15/10/2024,09:21:59,52782.3,52770.15,15,52785.75,75,0,113835
BANKNIFTY-III.NFO,15/10/2024,09:22:01,52782.3,52770.5,15,52785,60,0,113835
BANKNIFTY-III.NFO,15/10/2024,09:22:02,52782.3,52768.35,15,52780.75,90,0,113835
BANKNIFTY-III.NFO,15/10/2024,09:22:04,52782.3,52768.95,15,52780.95,60,0,113835
BANKNIFTY-III.NFO,15/10/2024,09:22:06,52782.3,52768.25,15,52779.25,60,0,113835
BANKNIFTY-III.NFO,15/10/2024,09:22:07,52782.3,52767.05,15,52781.15,75,0,113835
BANKNIFTY-III.NFO,15/10/2024,09:22:09,52782.3,52765.55,15,52776,45,0,113835
BANKNIFTY-III.NFO,15/10/2024,09:22:11,52782.3,52767.25,15,52777.6,45,0,113835
BANKNIFTY-III.NFO,15/10/2024,09:22:12,52782.3,52768.5,15,52780.1,75,0,113835
BANKNIFTY-III.NFO,15/10/2024,09:22:14,52782.3,52767.35,15,52778.8,75,0,113835
BANKNIFTY-III.NFO,15/10/2024,09:22:16,52782.3,52766.75,15,52776.05,30,0,113835
BANKNIFTY-III.NFO,15/10/2024,09:22:17,52782.3,52768.5,15,52778.45,60,0,113835
BANKNIFTY-III.NFO,15/10/2024,09:22:18,52782.3,52770.9,15,52780.75,30,0,113835
BANKNIFTY-III.NFO,15/10/2024,09:22:20,52782.3,52774.15,15,52782.3,15,0,113835
BANKNIFTY-III.NFO,15/10/2024,09:22:22,52782.3,52774.2,15,52782.3,15,0,113835
BANKNIFTY-III.NFO,15/10/2024,09:22:23,52772.7,52772.65,15,52782.3,15,30,113835
BANKNIFTY-III.NFO,15/10/2024,09:22:25,52772.7,52771.4,15,52782.1,60,0,113835
BANKNIFTY-III.NFO,15/10/2024,09:22:27,52772.7,52776.4,15,52782.3,15,0,113835
BANKNIFTY-III.NFO,15/10/2024,09:22:28,52772.7,52774.85,15,52782.3,15,0,113835
BANKNIFTY-III.NFO,15/10/2024,09:22:30,52772.7,52775.7,15,52782.3,15,0,113835
BANKNIFTY-III.NFO,15/10/2024,09:22:32,52772.7,52776.35,15,52782.3,15,0,113835
BANKNIFTY-III.NFO,15/10/2024,09:22:33,52772.7,52773.2,15,52782.3,15,0,113835
BANKNIFTY-III.NFO,15/10/2024,09:22:35,52772.7,52773.2,30,52782.25,60,0,113835
BANKNIFTY-III.NFO,15/10/2024,09:22:36,52772.7,52773.2,30,52782.3,15,0,113835
BANKNIFTY-III.NFO,15/10/2024,09:22:38,52772.7,52773.5,45,52782.3,15,0,113835
BANKNIFTY-III.NFO,15/10/2024,09:22:40,52782.3,52776.4,45,52795.15,75,15,113835
BANKNIFTY-III.NFO,15/10/2024,09:22:41,52782.3,52773.8,45,52792.55,90,0,113835
BANKNIFTY-III.NFO,15/10/2024,09:22:43,52782.3,52773.8,45,52787.75,75,0,113835
BANKNIFTY-III.NFO,15/10/2024,09:22:46,52782.3,52775.75,30,52787.3,75,0,113835
BANKNIFTY-III.NFO,15/10/2024,09:22:48,52782.3,52772.7,15,52787.55,60,0,113835
BANKNIFTY-III.NFO,15/10/2024,09:22:50,52782.3,52772.8,45,52791,60,0,113835
BANKNIFTY-III.NFO,15/10/2024,09:22:51,52791,52776.35,45,52794,45,60,113835
BANKNIFTY-III.NFO,15/10/2024,09:22:53,52791,52777.75,60,52794.65,45,0,113835
BANKNIFTY-III.NFO,15/10/2024,09:22:55,52791,52777.75,30,52793.4,75,0,113835
BANKNIFTY-III.NFO,15/10/2024,09:22:56,52791,52777.75,30,52792.75,45,0,113835
BANKNIFTY-III.NFO,15/10/2024,09:22:58,52791,52777.75,30,52790.5,60,0,113835
BANKNIFTY-III.NFO,15/10/2024,09:22:59,52791,52777.75,30,52795.75,45,0,113835
BANKNIFTY-III.NFO,15/10/2024,09:23:01,52791,52777.75,30,52791.2,45,0,113835
BANKNIFTY-III.NFO,15/10/2024,09:23:03,52791,52777.75,30,52792.9,60,0,113835
BANKNIFTY-III.NFO,15/10/2024,09:23:04,52791,52780.95,60,52798.35,45,0,113835
BANKNIFTY-III.NFO,15/10/2024,09:23:06,52791,52780.9,15,52796.1,60,0,113835
BANKNIFTY-III.NFO,15/10/2024,09:23:08,52791,52780.9,15,52794.9,90,0,113835
BANKNIFTY-III.NFO,15/10/2024,09:23:09,52791,52780.9,15,52792.1,90,0,113835
BANKNIFTY-III.NFO,15/10/2024,09:23:11,52791,52780.9,15,52792.75,60,0,113835
BANKNIFTY-III.NFO,15/10/2024,09:23:13,52791,52780.9,15,52790.95,45,0,113835
BANKNIFTY-III.NFO,15/10/2024,09:23:14,52791,52780.9,15,52791,15,0,113835
BANKNIFTY-III.NFO,15/10/2024,09:23:16,52791,52782.75,45,52791,15,0,113835
BANKNIFTY-III.NFO,15/10/2024,09:23:18,52791,52782.9,60,52791,15,0,113835
BANKNIFTY-III.NFO,15/10/2024,09:23:19,52791,52785.15,60,52791,15,0,113835
BANKNIFTY-III.NFO,15/10/2024,09:23:21,52800,52786.95,90,52800,15,60,113835
BANKNIFTY-III.NFO,15/10/2024,09:23:23,52800,52787.15,60,52800,15,0,113835
BANKNIFTY-III.NFO,15/10/2024,09:23:24,52800,52787.35,60,52800,15,0,113835
BANKNIFTY-III.NFO,15/10/2024,09:23:26,52802.85,52787.45,105,52802.85,15,30,113835
BANKNIFTY-III.NFO,15/10/2024,09:23:27,52802.85,52787.65,105,52802.85,15,0,113835
BANKNIFTY-III.NFO,15/10/2024,09:23:29,52802.85,52791.05,60,52802.85,15,30,113835
BANKNIFTY-III.NFO,15/10/2024,09:23:31,52802.85,52800,30,52806.4,15,30,113835
BANKNIFTY-III.NFO,15/10/2024,09:23:32,52802.85,52800,30,52806.4,15,0,113835
BANKNIFTY-III.NFO,15/10/2024,09:23:34,52802.85,52800,30,52813.4,60,0,113835
BANKNIFTY-III.NFO,15/10/2024,09:23:36,52802.85,52800,30,52813.05,60,0,113835
BANKNIFTY-III.NFO,15/10/2024,09:23:37,52802.85,52800.05,105,52819.3,45,0,113835
BANKNIFTY-III.NFO,15/10/2024,09:23:39,52802.85,52803.25,90,52819.95,60,0,113835
BANKNIFTY-III.NFO,15/10/2024,09:23:41,52802.85,52802.3,105,52819.95,45,0,113835
BANKNIFTY-III.NFO,15/10/2024,09:23:42,52802.85,52803.7,105,52822.4,60,0,113835
BANKNIFTY-III.NFO,15/10/2024,09:23:44,52802.85,52808.6,105,52827.45,60,0,113835
BANKNIFTY-III.NFO,15/10/2024,09:23:45,52802.85,52807.7,60,52824.15,90,0,113835
BANKNIFTY-III.NFO,15/10/2024,09:23:47,52824.15,52803.65,60,52820.05,75,15,113835
BANKNIFTY-III.NFO,15/10/2024,09:23:49,52824.15,52804.75,60,52820.8,30,0,113835
BANKNIFTY-III.NFO,15/10/2024,09:23:50,52824.15,52805.8,75,52823,45,0,113835
BANKNIFTY-III.NFO,15/10/2024,09:23:52,52824.15,52810.15,105,52827.35,45,0,113835
BANKNIFTY-III.NFO,15/10/2024,09:23:54,52824.05,52810.45,75,52827.2,30,15,113835
BANKNIFTY-III.NFO,15/10/2024,09:23:55,52824.05,52812.75,105,52827.8,30,0,113835
BANKNIFTY-III.NFO,15/10/2024,09:23:57,52824.05,52812.75,150,52829.95,30,0,113835
BANKNIFTY-III.NFO,15/10/2024,09:23:58,52824.05,52812.75,45,52825.3,30,0,113835
BANKNIFTY-III.NFO,15/10/2024,09:24:00,52824.05,52812.8,60,52827.05,45,0,113835
BANKNIFTY-III.NFO,15/10/2024,09:24:01,52824.05,52812.7,75,52830.15,30,0,113835
BANKNIFTY-III.NFO,15/10/2024,09:24:03,52824.05,52815.05,60,52830.4,15,0,113835
BANKNIFTY-III.NFO,15/10/2024,09:24:05,52824.05,52809.95,105,52827.75,15,0,113835
BANKNIFTY-III.NFO,15/10/2024,09:24:06,52824.05,52810.4,105,52828.4,30,0,113835
BANKNIFTY-III.NFO,15/10/2024,09:24:08,52824.05,52810.95,75,52827.15,30,0,113835
BANKNIFTY-III.NFO,15/10/2024,09:24:09,52824.05,52810.35,60,52827.2,15,0,113835
BANKNIFTY-III.NFO,15/10/2024,09:24:11,52824.05,52812.1,15,52825.8,30,0,113835
BANKNIFTY-III.NFO,15/10/2024,09:24:13,52824.05,52812.5,60,52825,15,0,113835
BANKNIFTY-III.NFO,15/10/2024,09:24:14,52824.05,52812.7,75,52825,15,0,113835
BANKNIFTY-III.NFO,15/10/2024,09:24:16,52824.05,52813,75,52825,15,0,113835
BANKNIFTY-III.NFO,15/10/2024,09:24:17,52824.05,52813.1,75,52825,15,0,113835
BANKNIFTY-III.NFO,15/10/2024,09:24:19,52824,52814.55,60,52825,15,15,113835
BANKNIFTY-III.NFO,15/10/2024,09:24:21,52824,52814.75,15,52825,15,0,113835
BANKNIFTY-III.NFO,15/10/2024,09:24:24,52824,52810,15,52819.75,60,0,113835
BANKNIFTY-III.NFO,15/10/2024,09:24:25,52819.75,52810,15,52824.05,30,30,113835
BANKNIFTY-III.NFO,15/10/2024,09:24:27,52819.75,52810,15,52823.35,30,0,113835
BANKNIFTY-III.NFO,15/10/2024,09:24:30,52819.75,52810,15,52825,60,0,113835
BANKNIFTY-III.NFO,15/10/2024,09:24:32,52819.75,52810,15,52824.95,45,0,113835
BANKNIFTY-III.NFO,15/10/2024,09:24:34,52819.75,52810,15,52825,30,0,113835
BANKNIFTY-III.NFO,15/10/2024,09:24:35,52819.75,52806.3,15,52823.95,30,0,113835
BANKNIFTY-III.NFO,15/10/2024,09:24:37,52819.75,52806.3,15,52822.5,30,0,113835
BANKNIFTY-III.NFO,15/10/2024,09:24:39,52819.75,52800.5,45,52816.65,30,0,113835
BANKNIFTY-III.NFO,15/10/2024,09:24:40,52819.75,52800.5,45,52813.5,15,0,113835
BANKNIFTY-III.NFO,15/10/2024,09:24:42,52819.75,52800.5,30,52813.2,15,0,113835
BANKNIFTY-III.NFO,15/10/2024,09:24:44,52819.75,52800.05,90,52816.65,15,0,113835
BANKNIFTY-III.NFO,15/10/2024,09:24:45,52819.75,52800.5,90,52818.75,15,0,113835
BANKNIFTY-III.NFO,15/10/2024,09:24:47,52819.75,52800.7,75,52817.8,30,0,113835
BANKNIFTY-III.NFO,15/10/2024,09:24:49,52819.75,52800.75,15,52814.4,15,0,113835
BANKNIFTY-III.NFO,15/10/2024,09:24:52,52819.75,52800.05,15,52814.4,15,0,113835
BANKNIFTY-III.NFO,15/10/2024,09:24:53,52819.75,52800.1,60,52814.4,15,0,113835
BANKNIFTY-III.NFO,15/10/2024,09:24:55,52819.75,52800.1,90,52805,15,0,113835
BANKNIFTY-III.NFO,15/10/2024,09:24:57,52819.75,52800.05,60,52805,15,0,113835
BANKNIFTY-III.NFO,15/10/2024,09:24:58,52816.7,52800.05,120,52818.4,30,30,113910
BANKNIFTY-III.NFO,15/10/2024,09:25:00,52816.7,52800,75,52815.8,30,0,113910
BANKNIFTY-III.NFO,15/10/2024,09:25:01,52816.7,52800,75,52810.05,15,0,113910
BANKNIFTY-III.NFO,15/10/2024,09:25:03,52816.7,52800,75,52810.65,15,0,113910
BANKNIFTY-III.NFO,15/10/2024,09:25:06,52800,52794.6,60,52800,15,135,113910
BANKNIFTY-III.NFO,15/10/2024,09:25:08,52800,52794.65,45,52800,15,0,113910
BANKNIFTY-III.NFO,15/10/2024,09:25:10,52800,52794.8,60,52800,15,0,113910
BANKNIFTY-III.NFO,15/10/2024,09:25:11,52794.9,52795,60,52810.1,45,60,113910
BANKNIFTY-III.NFO,15/10/2024,09:25:13,52794.9,52796.85,60,52814.15,45,0,113910
BANKNIFTY-III.NFO,15/10/2024,09:25:15,52794.9,52797.95,15,52811,60,0,113910
BANKNIFTY-III.NFO,15/10/2024,09:25:17,52794.9,52794.6,45,52807.7,60,0,113910
BANKNIFTY-III.NFO,15/10/2024,09:25:19,52794.9,52794.6,45,52806.9,15,0,113910
BANKNIFTY-III.NFO,15/10/2024,09:25:20,52794.9,52794.6,45,52805.75,45,0,113910
BANKNIFTY-III.NFO,15/10/2024,09:25:22,52794.9,52794.6,15,52803.55,60,0,113910
BANKNIFTY-III.NFO,15/10/2024,09:25:24,52794.9,52787.75,15,52794.9,15,0,113910
BANKNIFTY-III.NFO,15/10/2024,09:25:27,52794.9,52789.8,15,52794.9,15,0,113910
BANKNIFTY-III.NFO,15/10/2024,09:25:28,52794.9,52789.85,15,52794.9,15,0,113910
BANKNIFTY-III.NFO,15/10/2024,09:25:30,52794.9,52788.35,45,52794.9,15,0,113910
BANKNIFTY-III.NFO,15/10/2024,09:25:32,52794.9,52789.8,15,52794.9,15,0,113910
BANKNIFTY-III.NFO,15/10/2024,09:25:33,52789.85,52788.35,30,52798,15,15,113910
BANKNIFTY-III.NFO,15/10/2024,09:25:35,52789.85,52788.55,60,52798,15,0,113910
BANKNIFTY-III.NFO,15/10/2024,09:25:37,52789.85,52791.85,60,52798,15,0,113910
BANKNIFTY-III.NFO,15/10/2024,09:25:38,52808.1,52793.2,75,52807.95,30,30,113910
BANKNIFTY-III.NFO,15/10/2024,09:25:40,52808.1,52793.1,60,52806.4,45,0,113910
BANKNIFTY-III.NFO,15/10/2024,09:25:42,52808.1,52794.9,90,52801.35,45,0,113910
BANKNIFTY-III.NFO,15/10/2024,09:25:43,52807.85,52794.9,90,52807.85,30,15,113910
BANKNIFTY-III.NFO,15/10/2024,09:25:45,52807.85,52794.9,90,52802,30,0,113910
BANKNIFTY-III.NFO,15/10/2024,09:25:47,52807.85,52794.9,90,52801.85,30,0,113910
BANKNIFTY-III.NFO,15/10/2024,09:25:48,52807.85,52794.9,90,52799.5,30,0,113910
BANKNIFTY-III.NFO,15/10/2024,09:25:50,52807.85,52794.9,90,52796.45,30,0,113910
BANKNIFTY-III.NFO,15/10/2024,09:25:52,52807.85,52794.9,90,52799.55,30,0,113910
BANKNIFTY-III.NFO,15/10/2024,09:25:53,52807.85,52794.9,90,52796.45,30,0,113910
BANKNIFTY-III.NFO,15/10/2024,09:25:55,52807.85,52794.9,90,52798.05,30,0,113910
BANKNIFTY-III.NFO,15/10/2024,09:25:56,52794.9,52794.9,45,52800.15,30,45,113910
BANKNIFTY-III.NFO,15/10/2024,09:25:58,52794.9,52794.9,45,52798.8,30,0,113910
BANKNIFTY-III.NFO,15/10/2024,09:26:01,52794.9,52794.9,15,52798.05,30,30,113910
BANKNIFTY-III.NFO,15/10/2024,09:26:03,52794.9,52785.05,15,52790,105,15,113910
BANKNIFTY-III.NFO,15/10/2024,09:26:05,52794.9,52785.05,15,52790,105,0,113910
BANKNIFTY-III.NFO,15/10/2024,09:26:06,52794.9,52778.1,60,52790,105,0,113910
BANKNIFTY-III.NFO,15/10/2024,09:26:08,52794.9,52778.2,75,52790,105,0,113910
BANKNIFTY-III.NFO,15/10/2024,09:26:10,52794.9,52782.5,15,52790,105,0,113910
BANKNIFTY-III.NFO,15/10/2024,09:26:11,52794.9,52778.65,60,52790,105,0,113910
BANKNIFTY-III.NFO,15/10/2024,09:26:13,52794.9,52778.55,60,52790,105,0,113910
BANKNIFTY-III.NFO,15/10/2024,09:26:16,52794.9,52778.5,15,52789.95,30,0,113910
BANKNIFTY-III.NFO,15/10/2024,09:26:17,52794.9,52775.05,60,52788.85,30,0,113910
BANKNIFTY-III.NFO,15/10/2024,09:26:19,52794.9,52776.55,60,52788.85,30,0,113910
BANKNIFTY-III.NFO,15/10/2024,09:26:21,52794.9,52776.55,60,52793.65,30,0,113910
BANKNIFTY-III.NFO,15/10/2024,09:26:24,52794.9,52776.55,60,52790.7,45,0,113910
BANKNIFTY-III.NFO,15/10/2024,09:26:25,52794.9,52775,75,52788.5,30,0,113910
BANKNIFTY-III.NFO,15/10/2024,09:26:27,52794.9,52775.05,60,52789.4,15,0,113910
BANKNIFTY-III.NFO,15/10/2024,09:26:29,52789.25,52775.05,60,52788.85,45,15,113910
BANKNIFTY-III.NFO,15/10/2024,09:26:30,52789.25,52775.05,60,52788.5,30,0,113910
BANKNIFTY-III.NFO,15/10/2024,09:26:32,52789.25,52775.05,60,52788.25,45,0,113910
BANKNIFTY-III.NFO,15/10/2024,09:26:34,52789.25,52775.05,60,52790.15,45,0,113910
BANKNIFTY-III.NFO,15/10/2024,09:26:35,52775,52775.05,30,52790.15,45,105,113910
BANKNIFTY-III.NFO,15/10/2024,09:26:37,52775,52775,30,52787.6,30,0,113910
BANKNIFTY-III.NFO,15/10/2024,09:26:39,52775,52775,120,52785.2,30,0,113910
BANKNIFTY-III.NFO,15/10/2024,09:26:40,52775,52775,120,52786.85,45,0,113910
BANKNIFTY-III.NFO,15/10/2024,09:26:42,52775,52775,120,52788.1,75,0,113910
BANKNIFTY-III.NFO,15/10/2024,09:26:43,52775,52775,120,52786.35,30,0,113910
BANKNIFTY-III.NFO,15/10/2024,09:26:45,52775,52775,120,52788.2,75,0,113910
BANKNIFTY-III.NFO,15/10/2024,09:26:46,52775,52775,120,52788.05,75,0,113910
BANKNIFTY-III.NFO,15/10/2024,09:26:48,52775,52775,120,52782.6,30,0,113910
BANKNIFTY-III.NFO,15/10/2024,09:26:49,52775,52775,120,52785.75,75,0,113910
BANKNIFTY-III.NFO,15/10/2024,09:26:51,52775,52775,105,52787.05,60,15,113910
BANKNIFTY-III.NFO,15/10/2024,09:26:53,52775,52775,90,52784.9,75,15,113910
BANKNIFTY-III.NFO,15/10/2024,09:26:54,52775,52775,90,52784.9,15,0,113910
BANKNIFTY-III.NFO,15/10/2024,09:26:56,52775,52775,90,52786.05,15,0,113910
BANKNIFTY-III.NFO,15/10/2024,09:26:57,52775.05,52775.05,15,52790.05,75,15,113910
BANKNIFTY-III.NFO,15/10/2024,09:26:59,52775,52775,75,52787.25,75,15,113910
BANKNIFTY-III.NFO,15/10/2024,09:27:00,52775,52775,195,52788.1,75,0,113910
BANKNIFTY-III.NFO,15/10/2024,09:27:02,52775,52775,195,52784.4,75,0,113910
BANKNIFTY-III.NFO,15/10/2024,09:27:04,52775,52775,195,52784.3,75,0,113910
BANKNIFTY-III.NFO,15/10/2024,09:27:05,52775,52775,195,52782.55,75,0,113910
BANKNIFTY-III.NFO,15/10/2024,09:27:07,52775,52775,195,52783.45,15,0,113910
BANKNIFTY-III.NFO,15/10/2024,09:27:09,52775,52775,195,52787,60,0,113910
BANKNIFTY-III.NFO,15/10/2024,09:27:10,52775,52775,195,52782.7,30,0,113910
BANKNIFTY-III.NFO,15/10/2024,09:27:12,52775,52775,195,52784,15,0,113910
BANKNIFTY-III.NFO,15/10/2024,09:27:13,52775,52775,195,52782.1,30,0,113910
BANKNIFTY-III.NFO,15/10/2024,09:27:15,52775,52775,180,52779.85,60,15,113910
BANKNIFTY-III.NFO,15/10/2024,09:27:17,52775,52775,180,52784.4,75,0,113910
BANKNIFTY-III.NFO,15/10/2024,09:27:18,52775,52775,180,52783.95,15,0,113910
BANKNIFTY-III.NFO,15/10/2024,09:27:20,52775,52775,180,52782.7,60,0,113910
BANKNIFTY-III.NFO,15/10/2024,09:27:21,52775,52775,195,52783.3,75,0,113910
BANKNIFTY-III.NFO,15/10/2024,09:27:23,52775,52775,195,52785.65,75,0,113910
BANKNIFTY-III.NFO,15/10/2024,09:27:25,52775,52775,180,52786.55,30,15,113910
BANKNIFTY-III.NFO,15/10/2024,09:27:26,52775,52775,180,52786.35,45,0,113910
BANKNIFTY-III.NFO,15/10/2024,09:27:28,52775,52775.05,15,52788.2,60,0,113910
BANKNIFTY-III.NFO,15/10/2024,09:27:29,52775,52775.05,15,52791.35,60,0,113910
BANKNIFTY-III.NFO,15/10/2024,09:27:31,52775,52775.05,15,52790,30,0,113910
BANKNIFTY-III.NFO,15/10/2024,09:27:33,52775,52775.05,15,52790.5,30,0,113910
BANKNIFTY-III.NFO,15/10/2024,09:27:34,52775,52780,120,52791.55,45,0,113910
BANKNIFTY-III.NFO,15/10/2024,09:27:38,52775,52780.05,30,52796.4,45,0,113910
BANKNIFTY-III.NFO,15/10/2024,09:27:39,52775,52780.05,15,52796.4,15,0,113910
BANKNIFTY-III.NFO,15/10/2024,09:27:41,52775,52780.05,15,52796.35,45,0,113910
BANKNIFTY-III.NFO,15/10/2024,09:27:43,52775,52780.9,15,52795.65,45,0,113910
BANKNIFTY-III.NFO,15/10/2024,09:27:44,52775,52780.05,15,52795.65,45,0,113910
BANKNIFTY-III.NFO,15/10/2024,09:27:51,52775,52780.45,30,52798.4,15,0,113910
BANKNIFTY-III.NFO,15/10/2024,09:27:52,52775,52784.1,30,52801.4,30,0,113910
BANKNIFTY-III.NFO,15/10/2024,09:27:54,52775,52783.65,15,52800.95,30,0,113910
BANKNIFTY-III.NFO,15/10/2024,09:27:56,52775,52783.85,30,52801.35,75,0,113910
BANKNIFTY-III.NFO,15/10/2024,09:27:57,52775,52786.15,15,52800.2,75,0,113910
BANKNIFTY-III.NFO,15/10/2024,09:27:59,52775,52780,120,52792.7,30,0,113910
BANKNIFTY-III.NFO,15/10/2024,09:28:01,52775,52780.05,15,52794.9,45,0,113910
BANKNIFTY-III.NFO,15/10/2024,09:28:02,52775,52780.05,15,52794,45,0,113910
BANKNIFTY-III.NFO,15/10/2024,09:28:04,52775,52780.05,15,52793.2,45,0,113910
BANKNIFTY-III.NFO,15/10/2024,09:28:06,52775,52780.15,15,52794.5,45,0,113910
BANKNIFTY-III.NFO,15/10/2024,09:28:07,52775,52780.5,15,52793.05,30,0,113910
BANKNIFTY-III.NFO,15/10/2024,09:28:09,52775,52780.55,15,52794.85,60,0,113910
BANKNIFTY-III.NFO,15/10/2024,09:28:10,52775,52780.05,15,52794.65,105,0,113910
BANKNIFTY-III.NFO,15/10/2024,09:28:12,52775,52780.05,15,52792.85,30,0,113910
BANKNIFTY-III.NFO,15/10/2024,09:28:14,52775,52780,120,52791.9,60,0,113910
BANKNIFTY-III.NFO,15/10/2024,09:28:15,52775,52780,120,52788.85,30,0,113910
BANKNIFTY-III.NFO,15/10/2024,09:28:17,52775,52780,120,52790.6,75,0,113910
BANKNIFTY-III.NFO,15/10/2024,09:28:19,52775,52780,120,52790.6,60,0,113910
BANKNIFTY-III.NFO,15/10/2024,09:28:20,52775,52780,120,52792.4,75,0,113910
BANKNIFTY-III.NFO,15/10/2024,09:28:22,52775,52780,120,52790.7,105,0,113910
BANKNIFTY-III.NFO,15/10/2024,09:28:23,52775,52780,120,52789.5,75,0,113910
BANKNIFTY-III.NFO,15/10/2024,09:28:25,52775,52780,120,52786.35,60,0,113910
BANKNIFTY-III.NFO,15/10/2024,09:28:27,52775,52780,120,52787.45,75,0,113910
BANKNIFTY-III.NFO,15/10/2024,09:28:28,52775,52780,120,52787.8,75,0,113910
BANKNIFTY-III.NFO,15/10/2024,09:28:30,52775,52780,120,52787.55,75,0,113910
BANKNIFTY-III.NFO,15/10/2024,09:28:31,52775,52780,120,52788.3,75,0,113910
BANKNIFTY-III.NFO,15/10/2024,09:28:33,52775,52780,120,52786.8,75,0,113910
BANKNIFTY-III.NFO,15/10/2024,09:28:34,52775,52780,120,52787.35,75,0,113910
BANKNIFTY-III.NFO,15/10/2024,09:28:36,52775,52780,120,52791.9,75,0,113910
BANKNIFTY-III.NFO,15/10/2024,09:28:38,52775,52787.45,15,52791.95,75,0,113910
BANKNIFTY-III.NFO,15/10/2024,09:28:42,52775,52787.45,15,52793.6,105,0,113910
BANKNIFTY-III.NFO,15/10/2024,09:28:45,52775,52787.45,15,52792.35,75,0,113910
BANKNIFTY-III.NFO,15/10/2024,09:28:47,52775,52787.45,15,52792.35,60,0,113910
BANKNIFTY-III.NFO,15/10/2024,09:28:49,52775,52787.45,15,52793.5,75,0,113910
BANKNIFTY-III.NFO,15/10/2024,09:28:50,52775,52787.45,15,52793.5,60,0,113910
BANKNIFTY-III.NFO,15/10/2024,09:28:52,52775,52787.45,15,52792.95,60,0,113910
BANKNIFTY-III.NFO,15/10/2024,09:28:54,52775,52787.45,15,52791.4,60,0,113910
BANKNIFTY-III.NFO,15/10/2024,09:28:55,52775,52787.45,15,52792,105,0,113910
BANKNIFTY-III.NFO,15/10/2024,09:28:57,52791.4,52785,120,52790.75,30,15,114060
BANKNIFTY-III.NFO,15/10/2024,09:28:58,52791.4,52785,120,52791.7,60,0,114060
BANKNIFTY-III.NFO,15/10/2024,09:29:00,52791.4,52785,120,52792,30,0,114060
BANKNIFTY-III.NFO,15/10/2024,09:29:01,52791.4,52785,120,52791,60,0,114060
BANKNIFTY-III.NFO,15/10/2024,09:29:03,52791.4,52785,120,52792.35,30,0,114060
BANKNIFTY-III.NFO,15/10/2024,09:29:05,52791.4,52785,120,52791.9,45,0,114060
BANKNIFTY-III.NFO,15/10/2024,09:29:06,52791.4,52790,135,52790.6,30,0,114060
BANKNIFTY-III.NFO,15/10/2024,09:29:08,52790,52790,45,52791.35,60,90,114060
BANKNIFTY-III.NFO,15/10/2024,09:29:10,52790,52790,45,52791.4,15,0,114060
BANKNIFTY-III.NFO,15/10/2024,09:29:25,52791.4,52792,15,52796.85,105,15,114060
BANKNIFTY-III.NFO,15/10/2024,09:29:26,52791.4,52792,15,52796.1,75,0,114060
BANKNIFTY-III.NFO,15/10/2024,09:29:28,52791.4,52792,15,52795.55,75,0,114060
BANKNIFTY-III.NFO,15/10/2024,09:29:29,52791.4,52792,15,52794.1,90,0,114060
BANKNIFTY-III.NFO,15/10/2024,09:29:31,52792,52790,15,52795.5,45,15,114060
BANKNIFTY-III.NFO,15/10/2024,09:29:33,52792,52790,15,52792.65,60,0,114060
BANKNIFTY-III.NFO,15/10/2024,09:29:34,52792,52790,15,52793.95,60,0,114060
BANKNIFTY-III.NFO,15/10/2024,09:29:36,52792,52790,15,52792.2,60,0,114060
BANKNIFTY-III.NFO,15/10/2024,09:29:38,52792,52790,15,52791.55,60,0,114060
BANKNIFTY-III.NFO,15/10/2024,09:29:39,52790,52780.1,30,52793.15,75,15,114060
BANKNIFTY-III.NFO,15/10/2024,09:29:41,52790,52780.1,30,52790.8,60,0,114060
BANKNIFTY-III.NFO,15/10/2024,09:29:43,52790,52792,15,52796.5,90,0,114060
BANKNIFTY-III.NFO,15/10/2024,09:29:44,52790,52792,15,52795.7,60,0,114060
BANKNIFTY-III.NFO,15/10/2024,09:29:46,52790,52792,15,52794.6,60,0,114060
BANKNIFTY-III.NFO,15/10/2024,09:29:48,52790,52792,15,52797.95,60,0,114060
BANKNIFTY-III.NFO,15/10/2024,09:29:49,52790,52792,15,52799.2,90,0,114060
BANKNIFTY-III.NFO,15/10/2024,09:29:51,52790,52792,15,52799.15,60,0,114060
BANKNIFTY-III.NFO,15/10/2024,09:29:53,52790,52792,15,52798.6,90,0,114060
BANKNIFTY-III.NFO,15/10/2024,09:29:54,52790,52792,15,52797.6,90,0,114060
BANKNIFTY-III.NFO,15/10/2024,09:29:56,52790,52792,15,52796.9,60,0,114060
BANKNIFTY-III.NFO,15/10/2024,09:29:58,52790,52792,15,52794.6,60,0,114060
BANKNIFTY-III.NFO,15/10/2024,09:29:59,52790,52792,15,52794.2,60,0,114060
BANKNIFTY-III.NFO,15/10/2024,09:30:01,52794.2,52783.3,30,52794,60,15,114060
BANKNIFTY-III.NFO,15/10/2024,09:30:03,52794.2,52783.3,30,52792.9,60,0,114060
BANKNIFTY-III.NFO,15/10/2024,09:30:04,52794.2,52783.3,30,52792.15,60,0,114060
BANKNIFTY-III.NFO,15/10/2024,09:30:06,52783.3,52780.1,30,52790.55,75,30,114060
BANKNIFTY-III.NFO,15/10/2024,09:30:08,52783.3,52780.1,30,52787.65,60,0,114060
BANKNIFTY-III.NFO,15/10/2024,09:30:09,52783.3,52780.1,30,52789.8,60,0,114060
BANKNIFTY-III.NFO,15/10/2024,09:30:11,52783.3,52780.1,30,52788.6,60,0,114060
BANKNIFTY-III.NFO,15/10/2024,09:30:13,52783.3,52780.1,30,52784.3,30,0,114060
BANKNIFTY-III.NFO,15/10/2024,09:30:14,52783.3,52780.1,30,52786.5,150,0,114060
BANKNIFTY-III.NFO,15/10/2024,09:30:16,52783.3,52780.1,30,52788,75,0,114060
BANKNIFTY-III.NFO,15/10/2024,09:30:17,52783.3,52780.1,30,52784.85,60,0,114060
BANKNIFTY-III.NFO,15/10/2024,09:30:19,52783.3,52780.1,30,52783.45,15,0,114060
BANKNIFTY-III.NFO,15/10/2024,09:30:20,52783.3,52780.1,30,52783.35,30,0,114060
BANKNIFTY-III.NFO,15/10/2024,09:30:22,52780.1,52780,15,52783.5,60,30,114060
BANKNIFTY-III.NFO,15/10/2024,09:30:24,52780,52775,60,52784.4,75,15,114060
BANKNIFTY-III.NFO,15/10/2024,09:30:25,52780,52775,60,52783.9,90,0,114060
BANKNIFTY-III.NFO,15/10/2024,09:30:27,52780,52775,60,52784.9,60,0,114060
BANKNIFTY-III.NFO,15/10/2024,09:30:29,52780,52775,60,52782.7,150,0,114060
BANKNIFTY-III.NFO,15/10/2024,09:30:30,52780,52775,60,52782.65,60,0,114060
BANKNIFTY-III.NFO,15/10/2024,09:30:32,52780,52775,60,52779.15,15,0,114060
BANKNIFTY-III.NFO,15/10/2024,09:30:35,52780,52775,60,52777.75,150,0,114060
BANKNIFTY-III.NFO,15/10/2024,09:30:37,52770,52760,15,52769.1,60,75,114060
BANKNIFTY-III.NFO,15/10/2024,09:30:39,52760,52755.05,45,52768.45,15,15,114060
BANKNIFTY-III.NFO,15/10/2024,09:30:40,52760,52755.05,45,52768.85,15,0,114060
BANKNIFTY-III.NFO,15/10/2024,09:30:42,52760,52755,15,52765.8,15,0,114060
BANKNIFTY-III.NFO,15/10/2024,09:30:45,52760,52755.05,45,52765.8,15,0,114060
BANKNIFTY-III.NFO,15/10/2024,09:30:47,52760,52755,15,52765.8,15,0,114060
BANKNIFTY-III.NFO,15/10/2024,09:30:48,52760,52755.05,45,52769.95,30,0,114060
BANKNIFTY-III.NFO,15/10/2024,09:30:50,52760,52757.35,60,52774.55,75,0,114060
BANKNIFTY-III.NFO,15/10/2024,09:30:52,52760,52755,15,52762.85,15,0,114060
BANKNIFTY-III.NFO,15/10/2024,09:30:58,52760,52755,15,52761.45,15,0,114060
BANKNIFTY-III.NFO,15/10/2024,09:31:00,52760,52755,15,52762.85,30,0,114060
BANKNIFTY-III.NFO,15/10/2024,09:31:01,52760,52755,15,52761,15,0,114060
BANKNIFTY-III.NFO,15/10/2024,09:31:06,52760,52755,15,52762.85,15,0,114060
BANKNIFTY-III.NFO,15/10/2024,09:31:10,52760,52755,15,52762,150,0,114060
BANKNIFTY-III.NFO,15/10/2024,09:31:13,52760,52755,15,52761.95,60,0,114060
BANKNIFTY-III.NFO,15/10/2024,09:31:15,52760,52755,15,52762,150,0,114060
BANKNIFTY-III.NFO,15/10/2024,09:31:18,52760,52755.05,45,52769.5,75,0,114060
BANKNIFTY-III.NFO,15/10/2024,09:31:20,52760,52756.75,60,52769.35,15,0,114060
BANKNIFTY-III.NFO,15/10/2024,09:31:21,52760,52756.6,30,52766.25,150,0,114060
BANKNIFTY-III.NFO,15/10/2024,09:31:23,52760,52757.4,45,52771.55,60,0,114060
BANKNIFTY-III.NFO,15/10/2024,09:31:25,52760,52755,15,52766,15,0,114060
BANKNIFTY-III.NFO,15/10/2024,09:31:26,52760,52755,15,52763.25,150,0,114060
BANKNIFTY-III.NFO,15/10/2024,09:31:28,52760,52755,15,52766,15,0,114060
BANKNIFTY-III.NFO,15/10/2024,09:31:30,52760,52757.85,45,52776.35,75,0,114060
BANKNIFTY-III.NFO,15/10/2024,09:31:31,52760,52763.1,45,52781.95,75,0,114060
BANKNIFTY-III.NFO,15/10/2024,09:31:33,52760,52766.65,45,52785.2,60,0,114060
BANKNIFTY-III.NFO,15/10/2024,09:31:35,52760,52770.85,60,52782.85,15,0,114060
BANKNIFTY-III.NFO,15/10/2024,09:31:36,52760,52763.5,60,52783.05,45,0,114060
BANKNIFTY-III.NFO,15/10/2024,09:31:38,52760,52763.5,60,52780.45,30,0,114060
BANKNIFTY-III.NFO,15/10/2024,09:31:40,52760,52765.2,60,52780.4,15,0,114060
BANKNIFTY-III.NFO,15/10/2024,09:31:41,52760,52770.4,60,52785.3,15,0,114060
BANKNIFTY-III.NFO,15/10/2024,09:31:43,52760,52771.3,90,52788.5,150,0,114060
BANKNIFTY-III.NFO,15/10/2024,09:31:44,52760,52771.45,45,52788.1,15,0,114060
BANKNIFTY-III.NFO,15/10/2024,09:31:46,52760,52771.85,45,52789.5,30,0,114060
BANKNIFTY-III.NFO,15/10/2024,09:31:48,52760,52770.05,45,52788.45,30,0,114060
BANKNIFTY-III.NFO,15/10/2024,09:31:49,52760,52775.55,45,52795.25,15,0,114060
BANKNIFTY-III.NFO,15/10/2024,09:31:51,52760,52776.65,45,52796.75,45,0,114060
BANKNIFTY-III.NFO,15/10/2024,09:31:53,52797.6,52778.15,45,52795,30,105,114255
BANKNIFTY-III.NFO,15/10/2024,09:31:54,52795.25,52795.25,180,52799.15,165,120,114255
BANKNIFTY-III.NFO,15/10/2024,09:31:56,52795.25,52795.25,180,52799.15,165,0,114255
BANKNIFTY-III.NFO,15/10/2024,09:31:58,52795.25,52795.25,150,52799.1,60,30,114255
BANKNIFTY-III.NFO,15/10/2024,09:31:59,52795.25,52795.25,135,52797.6,150,15,114255
BANKNIFTY-III.NFO,15/10/2024,09:32:01,52795.25,52795.25,135,52804.8,60,0,114255
BANKNIFTY-III.NFO,15/10/2024,09:32:03,52795.25,52795.25,135,52804.05,15,0,114255
BANKNIFTY-III.NFO,15/10/2024,09:32:05,52795.25,52795.25,135,52803.95,15,0,114255
BANKNIFTY-III.NFO,15/10/2024,09:32:06,52795.25,52795.3,45,52806.3,30,0,114255
BANKNIFTY-III.NFO,15/10/2024,09:32:08,52796.1,52796.1,45,52806.35,15,15,114255
BANKNIFTY-III.NFO,15/10/2024,09:32:09,52796.1,52798.6,75,52806.35,15,0,114255
BANKNIFTY-III.NFO,15/10/2024,09:32:11,52796.1,52800.75,45,52806.35,15,0,114255
BANKNIFTY-III.NFO,15/10/2024,09:32:13,52796.1,52801.5,45,52806.35,15,0,114255
BANKNIFTY-III.NFO,15/10/2024,09:32:14,52796.1,52798.75,30,52806.35,15,0,114255
BANKNIFTY-III.NFO,15/10/2024,09:32:16,52796.1,52800.05,45,52806.35,15,0,114255
BANKNIFTY-III.NFO,15/10/2024,09:32:19,52800.05,52800.05,30,52806.35,15,15,114255
BANKNIFTY-III.NFO,15/10/2024,09:32:21,52800.05,52800.05,30,52806.35,15,0,114255
BANKNIFTY-III.NFO,15/10/2024,09:32:23,52806.35,52800.05,30,52810,120,15,114255
BANKNIFTY-III.NFO,15/10/2024,09:32:24,52806.35,52800.05,30,52810,120,0,114255
BANKNIFTY-III.NFO,15/10/2024,09:32:34,52806.35,52805.85,45,52810,120,0,114255
BANKNIFTY-III.NFO,15/10/2024,09:32:36,52810,52808.5,30,52810,45,75,114255
BANKNIFTY-III.NFO,15/10/2024,09:32:38,52810,52811.55,15,52820.9,15,45,114255
BANKNIFTY-III.NFO,15/10/2024,09:32:39,52810,52811.55,15,52820.9,15,0,114255
BANKNIFTY-III.NFO,15/10/2024,09:32:41,52811.55,52808.05,15,52826.5,60,30,114255
BANKNIFTY-III.NFO,15/10/2024,09:32:43,52811.55,52811.55,30,52826.45,30,0,114255
BANKNIFTY-III.NFO,15/10/2024,09:32:44,52811.55,52811.55,30,52826.8,60,0,114255
BANKNIFTY-III.NFO,15/10/2024,09:32:46,52811.55,52810,30,52827.15,60,15,114255
BANKNIFTY-III.NFO,15/10/2024,09:32:48,52811.55,52810,30,52826.85,90,0,114255
BANKNIFTY-III.NFO,15/10/2024,09:32:49,52811.55,52810,30,52826.35,60,0,114255
BANKNIFTY-III.NFO,15/10/2024,09:32:51,52811.55,52810.05,45,52827.3,75,0,114255
BANKNIFTY-III.NFO,15/10/2024,09:32:53,52827.3,52810,30,52826,75,15,114255
BANKNIFTY-III.NFO,15/10/2024,09:32:54,52827.3,52810,15,52824.95,75,0,114255
BANKNIFTY-III.NFO,15/10/2024,09:32:56,52827.3,52810.05,30,52824.95,60,0,114255
BANKNIFTY-III.NFO,15/10/2024,09:32:58,52827.3,52810.05,15,52824.95,60,0,114255
BANKNIFTY-III.NFO,15/10/2024,09:32:59,52827.3,52810.75,30,52828.2,75,0,114255
BANKNIFTY-III.NFO,15/10/2024,09:33:01,52827.3,52812.95,15,52828.25,30,0,114255
BANKNIFTY-III.NFO,15/10/2024,09:33:03,52826.45,52810.05,45,52827.2,75,45,114255
BANKNIFTY-III.NFO,15/10/2024,09:33:04,52826.45,52810.85,60,52828.2,75,0,114255
BANKNIFTY-III.NFO,15/10/2024,09:33:06,52826.45,52812.05,60,52828.2,60,0,114255
BANKNIFTY-III.NFO,15/10/2024,09:33:08,52826.45,52813.5,60,52828.25,15,0,114255
BANKNIFTY-III.NFO,15/10/2024,09:33:09,52826.45,52812.35,60,52828.2,60,0,114255
BANKNIFTY-III.NFO,15/10/2024,09:33:11,52826.45,52812.35,45,52826.45,75,0,114255
BANKNIFTY-III.NFO,15/10/2024,09:33:13,52827.3,52811.25,60,52828.35,60,90,114255
BANKNIFTY-III.NFO,15/10/2024,09:33:14,52827.3,52810.05,60,52827.7,75,0,114255
BANKNIFTY-III.NFO,15/10/2024,09:33:18,52827.3,52810.65,60,52827.7,75,0,114255
BANKNIFTY-III.NFO,15/10/2024,09:33:20,52827.3,52810.05,60,52826.6,75,0,114255
BANKNIFTY-III.NFO,15/10/2024,09:33:21,52827.3,52810.65,60,52828.15,75,0,114255
BANKNIFTY-III.NFO,15/10/2024,09:33:23,52827.3,52810.05,45,52826.35,75,0,114255
BANKNIFTY-III.NFO,15/10/2024,09:33:25,52827.3,52811.55,60,52828.65,75,0,114255
BANKNIFTY-III.NFO,15/10/2024,09:33:26,52827.3,52813.05,60,52829.95,75,0,114255
BANKNIFTY-III.NFO,15/10/2024,09:33:28,52827.3,52816.7,30,52829.95,60,0,114255
BANKNIFTY-III.NFO,15/10/2024,09:33:30,52827.3,52811.5,60,52829.95,105,0,114255
BANKNIFTY-III.NFO,15/10/2024,09:33:31,52827.5,52812,90,52829.95,75,15,114255
BANKNIFTY-III.NFO,15/10/2024,09:33:33,52827.5,52813.15,60,52829.95,75,0,114255
BANKNIFTY-III.NFO,15/10/2024,09:33:35,52827.5,52810.05,45,52827.45,60,0,114255
BANKNIFTY-III.NFO,15/10/2024,09:33:36,52827.5,52812.8,60,52829.95,75,0,114255
BANKNIFTY-III.NFO,15/10/2024,09:33:38,52827.5,52813.05,45,52830,15,0,114255
BANKNIFTY-III.NFO,15/10/2024,09:33:40,52827.5,52816.1,45,52830,15,0,114255
BANKNIFTY-III.NFO,15/10/2024,09:33:41,52827.5,52816.4,45,52830,15,0,114255
BANKNIFTY-III.NFO,15/10/2024,09:33:43,52827.5,52818.4,60,52830,15,0,114255
BANKNIFTY-III.NFO,15/10/2024,09:33:45,52827.5,52821.6,45,52830,15,0,114255
BANKNIFTY-III.NFO,15/10/2024,09:33:46,52827.5,52820.8,60,52830,15,0,114255
BANKNIFTY-III.NFO,15/10/2024,09:33:48,52824.75,52822.4,60,52830,15,15,114255
BANKNIFTY-III.NFO,15/10/2024,09:33:50,52824.75,52824,60,52830,15,0,114255
BANKNIFTY-III.NFO,15/10/2024,09:33:51,52824.75,52824.6,45,52830,15,0,114255
BANKNIFTY-III.NFO,15/10/2024,09:33:53,52824.75,52825.75,45,52830,15,0,114255
BANKNIFTY-III.NFO,15/10/2024,09:33:55,52824.75,52826.75,60,52830,15,0,114255
BANKNIFTY-III.NFO,15/10/2024,09:33:56,52830,52829.7,75,52834.65,30,15,114375
BANKNIFTY-III.NFO,15/10/2024,09:33:58,52830,52832.1,60,52834.65,30,0,114375
BANKNIFTY-III.NFO,15/10/2024,09:34:00,52834.65,52833,45,52840,30,30,114375
BANKNIFTY-III.NFO,15/10/2024,09:34:01,52843.4,52840.6,45,52850,75,45,114375
BANKNIFTY-III.NFO,15/10/2024,09:34:01,52843.4,52840.6,45,52850,75,0,114375
BANKNIFTY-III.NFO,15/10/2024,09:34:03,52837.15,52840.25,30,52850,75,45,114375
BANKNIFTY-III.NFO,15/10/2024,09:34:05,52837.15,52842.7,15,52850,75,0,114375
BANKNIFTY-III.NFO,15/10/2024,09:34:06,52837.15,52841.7,15,52850,75,0,114375
BANKNIFTY-III.NFO,15/10/2024,09:34:08,52847.7,52847.7,30,52854.05,15,90,114375
BANKNIFTY-III.NFO,15/10/2024,09:34:08,52850,52847.7,30,52854.05,15,0,114375
BANKNIFTY-III.NFO,15/10/2024,09:34:10,52847.7,52842.1,15,52854.05,15,0,114375
BANKNIFTY-III.NFO,15/10/2024,09:34:11,52847.7,52850,15,52854.05,15,0,114375
BANKNIFTY-III.NFO,15/10/2024,09:34:13,52850,52842.75,45,52854.05,15,15,114375
BANKNIFTY-III.NFO,15/10/2024,09:34:15,52850,52842.75,90,52854.05,30,0,114375
BANKNIFTY-III.NFO,15/10/2024,09:34:16,52850,52846.95,15,52854.05,30,0,114375
BANKNIFTY-III.NFO,15/10/2024,09:34:17,52850,52844.45,15,52854.05,30,0,114375
BANKNIFTY-III.NFO,15/10/2024,09:34:19,52850,52847.7,15,52854.05,30,0,114375
BANKNIFTY-III.NFO,15/10/2024,09:34:22,52854.05,52847.7,30,52860,45,30,114375
BANKNIFTY-III.NFO,15/10/2024,09:34:22,52854.05,52847.7,30,52860,45,0,114375
BANKNIFTY-III.NFO,15/10/2024,09:34:24,52847.4,52847.15,30,52860,45,45,114375
BANKNIFTY-III.NFO,15/10/2024,09:34:26,52847.4,52847.15,15,52860,45,0,114375
BANKNIFTY-III.NFO,15/10/2024,09:34:27,52847.4,52844.25,15,52859.7,15,0,114375
BANKNIFTY-III.NFO,15/10/2024,09:34:29,52847.4,52844.25,15,52859.35,15,0,114375
BANKNIFTY-III.NFO,15/10/2024,09:34:31,52847.4,52850.95,75,52860,45,0,114375
BANKNIFTY-III.NFO,15/10/2024,09:34:32,52847.4,52851.05,15,52860,45,0,114375
BANKNIFTY-III.NFO,15/10/2024,09:34:36,52850,52850.9,15,52859.9,30,45,114375
BANKNIFTY-III.NFO,15/10/2024,09:34:37,52850.95,52850.3,45,52861.75,30,15,114375
BANKNIFTY-III.NFO,15/10/2024,09:34:39,52850.95,52852.75,45,52863,15,0,114375
BANKNIFTY-III.NFO,15/10/2024,09:34:41,52850.95,52849.9,15,52862.25,30,0,114375
BANKNIFTY-III.NFO,15/10/2024,09:34:42,52850.95,52847.95,45,52862.3,30,0,114375
BANKNIFTY-III.NFO,15/10/2024,09:34:44,52850.95,52847.95,45,52862.45,30,0,114375
BANKNIFTY-III.NFO,15/10/2024,09:34:45,52849.85,52849.85,30,52859.75,30,15,114375
BANKNIFTY-III.NFO,15/10/2024,09:34:47,52849.85,52847.75,60,52863,15,0,114375
BANKNIFTY-III.NFO,15/10/2024,09:34:49,52849.85,52848.2,45,52863,15,30,114375
BANKNIFTY-III.NFO,15/10/2024,09:34:50,52849.85,52852.7,15,52863,15,0,114375
BANKNIFTY-III.NFO,15/10/2024,09:34:52,52849.85,52847.8,45,52863,15,0,114375
BANKNIFTY-III.NFO,15/10/2024,09:34:54,52849.85,52847.75,15,52859.95,30,0,114375
BANKNIFTY-III.NFO,15/10/2024,09:34:55,52849.85,52847.7,15,52859.05,75,0,114375
BANKNIFTY-III.NFO,15/10/2024,09:34:57,52849.85,52847.75,45,52857.35,30,0,114375
BANKNIFTY-III.NFO,15/10/2024,09:34:59,52849.85,52847.8,15,52859.95,15,0,114375
BANKNIFTY-III.NFO,15/10/2024,09:35:00,52849.85,52852.8,45,52863,15,0,114375
BANKNIFTY-III.NFO,15/10/2024,09:35:02,52849.85,52852.8,15,52863,15,0,114375
BANKNIFTY-III.NFO,15/10/2024,09:35:04,52849.85,52847.9,45,52856.85,30,0,114375
BANKNIFTY-III.NFO,15/10/2024,09:35:05,52849.85,52847.7,45,52855.8,30,0,114375
BANKNIFTY-III.NFO,15/10/2024,09:35:07,52849.85,52847.7,45,52854.5,30,0,114375
BANKNIFTY-III.NFO,15/10/2024,09:35:09,52849.85,52847.4,15,52855.55,15,0,114375
BANKNIFTY-III.NFO,15/10/2024,09:35:10,52849.85,52847.4,15,52853.45,30,0,114375
BANKNIFTY-III.NFO,15/10/2024,09:35:12,52849.85,52847.4,15,52850.05,30,0,114375
BANKNIFTY-III.NFO,15/10/2024,09:35:14,52847.4,52839.8,45,52845.95,15,15,114375
BANKNIFTY-III.NFO,15/10/2024,09:35:15,52847.4,52837.75,30,52851.05,30,0,114375
BANKNIFTY-III.NFO,15/10/2024,09:35:17,52847.4,52844.3,15,52847.3,15,0,114375
BANKNIFTY-III.NFO,15/10/2024,09:35:19,52847.4,52837.85,30,52848.4,15,0,114375
BANKNIFTY-III.NFO,15/10/2024,09:35:20,52847.4,52845.85,15,52847.75,15,0,114375
BANKNIFTY-III.NFO,15/10/2024,09:35:22,52847.4,52845.85,15,52847.1,15,0,114375
BANKNIFTY-III.NFO,15/10/2024,09:35:24,52845.85,52837.85,30,52854.95,60,15,114375
BANKNIFTY-III.NFO,15/10/2024,09:35:25,52845.85,52838,45,52857.7,60,0,114375
BANKNIFTY-III.NFO,15/10/2024,09:35:27,52845.85,52838.1,45,52857.7,60,0,114375
BANKNIFTY-III.NFO,15/10/2024,09:35:29,52845.85,52845.85,15,52858,75,0,114375
BANKNIFTY-III.NFO,15/10/2024,09:35:30,52845.85,52845.85,15,52861.35,75,0,114375
BANKNIFTY-III.NFO,15/10/2024,09:35:32,52845.85,52845.9,30,52861.35,75,0,114375
BANKNIFTY-III.NFO,15/10/2024,09:35:35,52845.85,52845.85,15,52861.35,75,0,114375
BANKNIFTY-III.NFO,15/10/2024,09:35:37,52845.85,52845.85,45,52861.35,75,0,114375
BANKNIFTY-III.NFO,15/10/2024,09:35:38,52845.85,52845.85,15,52861.35,75,0,114375
BANKNIFTY-III.NFO,15/10/2024,09:35:40,52845.85,52845.85,15,52859.8,75,0,114375
BANKNIFTY-III.NFO,15/10/2024,09:35:43,52845.85,52846.5,15,52859.1,75,0,114375
BANKNIFTY-III.NFO,15/10/2024,09:35:45,52845.85,52845.85,15,52860.95,75,0,114375
BANKNIFTY-III.NFO,15/10/2024,09:35:47,52845.85,52845.9,15,52859.2,60,0,114375
BANKNIFTY-III.NFO,15/10/2024,09:35:48,52845.85,52845.9,15,52859.35,60,0,114375
BANKNIFTY-III.NFO,15/10/2024,09:35:52,52845.85,52845.9,15,52858.45,75,0,114375
BANKNIFTY-III.NFO,15/10/2024,09:35:53,52845.85,52845.9,15,52859.35,60,0,114375
BANKNIFTY-III.NFO,15/10/2024,09:35:55,52845.85,52846,105,52859.35,60,0,114375
BANKNIFTY-III.NFO,15/10/2024,09:35:57,52845.85,52846,105,52858.5,60,0,114375
BANKNIFTY-III.NFO,15/10/2024,09:35:58,52845.85,52846,105,52857.5,60,0,114375
BANKNIFTY-III.NFO,15/10/2024,09:36:00,52845.85,52846.05,15,52855.3,45,0,114375
BANKNIFTY-III.NFO,15/10/2024,09:36:02,52845.85,52846.05,15,52855.8,75,0,114375
BANKNIFTY-III.NFO,15/10/2024,09:36:03,52845.85,52846.05,15,52853.8,15,0,114375
BANKNIFTY-III.NFO,15/10/2024,09:36:05,52845.85,52846.05,15,52852.3,15,0,114375
BANKNIFTY-III.NFO,15/10/2024,09:36:08,52845.85,52846.05,15,52850.75,45,0,114375
BANKNIFTY-III.NFO,15/10/2024,09:36:10,52845.85,52846.05,15,52851.65,45,0,114375
BANKNIFTY-III.NFO,15/10/2024,09:36:12,52845.85,52846.05,15,52852.05,15,0,114375
BANKNIFTY-III.NFO,15/10/2024,09:36:13,52846,52846,15,52846.05,60,105,114375
BANKNIFTY-III.NFO,15/10/2024,09:36:15,52846,52846,15,52846.05,60,0,114375
BANKNIFTY-III.NFO,15/10/2024,09:36:18,52845.85,52830,15,52844.3,30,60,114375
BANKNIFTY-III.NFO,15/10/2024,09:36:20,52845.85,52830.05,30,52846.05,75,0,114375
BANKNIFTY-III.NFO,15/10/2024,09:36:22,52845.85,52830,15,52845.25,60,0,114375
BANKNIFTY-III.NFO,15/10/2024,09:36:23,52845.85,52830,15,52845.25,15,0,114375
BANKNIFTY-III.NFO,15/10/2024,09:36:25,52845.85,52830,15,52845.25,75,0,114375
BANKNIFTY-III.NFO,15/10/2024,09:36:27,52845.85,52830.05,30,52846.05,75,0,114375
BANKNIFTY-III.NFO,15/10/2024,09:36:28,52845.85,52832.7,45,52846.05,60,0,114375
BANKNIFTY-III.NFO,15/10/2024,09:36:30,52846.05,52830.05,45,52846.05,45,15,114375
BANKNIFTY-III.NFO,15/10/2024,09:36:32,52846.05,52831.25,45,52840.05,45,0,114375
BANKNIFTY-III.NFO,15/10/2024,09:36:33,52846.05,52834,15,52840.05,45,0,114375
BANKNIFTY-III.NFO,15/10/2024,09:36:35,52846.05,52834.55,45,52840.05,45,0,114375
BANKNIFTY-III.NFO,15/10/2024,09:36:37,52846.05,52830,30,52840.05,45,0,114375
BANKNIFTY-III.NFO,15/10/2024,09:36:38,52830,52827.75,45,52835,45,15,114375
BANKNIFTY-III.NFO,15/10/2024,09:36:40,52830,52826.85,45,52835,45,0,114375
BANKNIFTY-III.NFO,15/10/2024,09:36:42,52830,52828.85,30,52831,45,0,114375
BANKNIFTY-III.NFO,15/10/2024,09:36:43,52830,52827.2,30,52831,45,0,114375
BANKNIFTY-III.NFO,15/10/2024,09:36:45,52830,52830.8,30,52831,45,0,114375
BANKNIFTY-III.NFO,15/10/2024,09:36:47,52831,52826.35,45,52831,15,30,114375
BANKNIFTY-III.NFO,15/10/2024,09:36:48,52831,52824.75,15,52830,90,0,114375
BANKNIFTY-III.NFO,15/10/2024,09:36:53,52831,52820.3,30,52830,90,0,114375
BANKNIFTY-III.NFO,15/10/2024,09:36:55,52831,52818.9,45,52830,90,0,114375
BANKNIFTY-III.NFO,15/10/2024,09:36:57,52831,52817.7,60,52830,90,0,114375
BANKNIFTY-III.NFO,15/10/2024,09:36:58,52831,52815,45,52830,90,0,114375
BANKNIFTY-III.NFO,15/10/2024,09:37:00,52831,52811.4,45,52829.55,15,0,114375
BANKNIFTY-III.NFO,15/10/2024,09:37:02,52831,52811.4,45,52829.95,75,0,114375
BANKNIFTY-III.NFO,15/10/2024,09:37:03,52831,52811.55,30,52830,105,0,114375
BANKNIFTY-III.NFO,15/10/2024,09:37:05,52831,52814,30,52830,90,0,114375
BANKNIFTY-III.NFO,15/10/2024,09:37:07,52831,52818.55,30,52830,90,0,114375
BANKNIFTY-III.NFO,15/10/2024,09:37:10,52831,52818.8,45,52830,90,0,114375
BANKNIFTY-III.NFO,15/10/2024,09:37:11,52831,52820.75,30,52830,90,0,114375
BANKNIFTY-III.NFO,15/10/2024,09:37:15,52820.75,52822.1,30,52830,90,15,114210
BANKNIFTY-III.NFO,15/10/2024,09:37:16,52821.25,52821.25,15,52830,90,15,114210
BANKNIFTY-III.NFO,15/10/2024,09:37:18,52821.25,52821.7,45,52830,90,0,114210
BANKNIFTY-III.NFO,15/10/2024,09:37:20,52830,52821.7,45,52841.05,75,90,114210
BANKNIFTY-III.NFO,15/10/2024,09:37:21,52830,52823,30,52842.75,60,0,114210
BANKNIFTY-III.NFO,15/10/2024,09:37:23,52830,52823,30,52842.65,75,0,114210
BANKNIFTY-III.NFO,15/10/2024,09:37:25,52830,52823,30,52830,45,15,114210
BANKNIFTY-III.NFO,15/10/2024,09:37:26,52830,52823,30,52830,45,0,114210
BANKNIFTY-III.NFO,15/10/2024,09:37:31,52830,52824.55,30,52830,15,30,114210
BANKNIFTY-III.NFO,15/10/2024,09:37:33,52830,52824.55,30,52845.9,75,15,114210
BANKNIFTY-III.NFO,15/10/2024,09:37:34,52830,52824.55,30,52844.15,75,0,114210
BANKNIFTY-III.NFO,15/10/2024,09:37:36,52830,52824.55,45,52843.05,105,0,114210
BANKNIFTY-III.NFO,15/10/2024,09:37:38,52830,52824.55,45,52830,15,0,114210
BANKNIFTY-III.NFO,15/10/2024,09:37:41,52830,52823.45,165,52830,15,0,114210
BANKNIFTY-III.NFO,15/10/2024,09:37:43,52830,52820.2,45,52830,15,0,114210
BANKNIFTY-III.NFO,15/10/2024,09:37:44,52830,52820.5,45,52838.8,60,15,114210
BANKNIFTY-III.NFO,15/10/2024,09:37:46,52830,52817.9,45,52835.9,75,0,114210
BANKNIFTY-III.NFO,15/10/2024,09:37:49,52830,52830,60,52837,75,0,114210
BANKNIFTY-III.NFO,15/10/2024,09:37:51,52830,52830,45,52837.45,75,15,114210
BANKNIFTY-III.NFO,15/10/2024,09:37:52,52830,52830,45,52836.95,60,0,114210
BANKNIFTY-III.NFO,15/10/2024,09:37:54,52830,52830,45,52842.45,75,0,114210
BANKNIFTY-III.NFO,15/10/2024,09:37:56,52830,52830,45,52838.05,105,0,114210
BANKNIFTY-III.NFO,15/10/2024,09:37:57,52830,52830,45,52836.15,75,0,114210
BANKNIFTY-III.NFO,15/10/2024,09:37:59,52830,52830,45,52834.65,105,0,114210
BANKNIFTY-III.NFO,15/10/2024,09:38:01,52830,52830,45,52837.8,75,0,114210
BANKNIFTY-III.NFO,15/10/2024,09:38:02,52830,52830,45,52838.4,75,0,114210
BANKNIFTY-III.NFO,15/10/2024,09:38:04,52830,52830,45,52836.05,75,0,114210
BANKNIFTY-III.NFO,15/10/2024,09:38:06,52830,52830,45,52837.35,75,0,114210
BANKNIFTY-III.NFO,15/10/2024,09:38:07,52830,52830,45,52835.95,105,0,114210
BANKNIFTY-III.NFO,15/10/2024,09:38:09,52830,52830,30,52836.9,60,15,114210
BANKNIFTY-III.NFO,15/10/2024,09:38:10,52830,52830,30,52836.25,75,0,114210
BANKNIFTY-III.NFO,15/10/2024,09:38:12,52830,52830,30,52836.95,75,0,114210
BANKNIFTY-III.NFO,15/10/2024,09:38:14,52830,52830,30,52838.8,60,0,114210
BANKNIFTY-III.NFO,15/10/2024,09:38:15,52830,52830,30,52838.8,75,0,114210
BANKNIFTY-III.NFO,15/10/2024,09:38:17,52830,52830,30,52838.1,75,0,114210
BANKNIFTY-III.NFO,15/10/2024,09:38:19,52830,52830,30,52833.8,60,0,114210
BANKNIFTY-III.NFO,15/10/2024,09:38:22,52830,52830,45,52833.8,60,0,114210
BANKNIFTY-III.NFO,15/10/2024,09:38:24,52830,52830,45,52832,60,0,114210
BANKNIFTY-III.NFO,15/10/2024,09:38:25,52830,52830,45,52833,60,0,114210
BANKNIFTY-III.NFO,15/10/2024,09:38:27,52830,52830,45,52834.65,60,0,114210
BANKNIFTY-III.NFO,15/10/2024,09:38:29,52830,52830,45,52834.7,105,0,114210
BANKNIFTY-III.NFO,15/10/2024,09:38:30,52830,52830,45,52834.35,75,0,114210
BANKNIFTY-III.NFO,15/10/2024,09:38:32,52830,52807.9,30,52829.75,60,60,114210
BANKNIFTY-III.NFO,15/10/2024,09:38:34,52830,52809.3,30,52826.75,75,0,114210
BANKNIFTY-III.NFO,15/10/2024,09:38:35,52830,52809.3,30,52827.75,60,0,114210
BANKNIFTY-III.NFO,15/10/2024,09:38:37,52830,52812.25,30,52830,75,0,114210
BANKNIFTY-III.NFO,15/10/2024,09:38:38,52830,52808.55,30,52826.95,60,0,114210
BANKNIFTY-III.NFO,15/10/2024,09:38:40,52830,52807.9,30,52825.5,105,0,114210
BANKNIFTY-III.NFO,15/10/2024,09:38:42,52830,52806.65,15,52824.6,75,0,114210
BANKNIFTY-III.NFO,15/10/2024,09:38:43,52830,52806.65,30,52822.4,60,0,114210
BANKNIFTY-III.NFO,15/10/2024,09:38:45,52830,52805.2,15,52823.05,105,0,114210
BANKNIFTY-III.NFO,15/10/2024,09:38:47,52830,52807.15,15,52825.6,75,0,114210
BANKNIFTY-III.NFO,15/10/2024,09:38:49,52830,52805.8,15,52823.8,105,0,114210
BANKNIFTY-III.NFO,15/10/2024,09:38:50,52830,52805.5,45,52823.4,60,0,114210
BANKNIFTY-III.NFO,15/10/2024,09:38:52,52830,52807.95,15,52826.05,75,0,114210
BANKNIFTY-III.NFO,15/10/2024,09:38:53,52830,52807.95,30,52825.1,75,0,114210
BANKNIFTY-III.NFO,15/10/2024,09:38:55,52830,52807.85,30,52825,75,0,114210
BANKNIFTY-III.NFO,15/10/2024,09:38:58,52830,52805.8,15,52823.95,105,0,114210
BANKNIFTY-III.NFO,15/10/2024,09:39:00,52830,52807,15,52824.3,60,0,114210
BANKNIFTY-III.NFO,15/10/2024,09:39:02,52830,52806.1,15,52824.15,75,0,114210
BANKNIFTY-III.NFO,15/10/2024,09:39:03,52830,52806.6,45,52824.2,75,0,114210
BANKNIFTY-III.NFO,15/10/2024,09:39:05,52830,52811,30,52825,15,0,114210
BANKNIFTY-III.NFO,15/10/2024,09:39:07,52830,52812.9,15,52825,15,0,114210
BANKNIFTY-III.NFO,15/10/2024,09:39:08,52830,52809.95,60,52825,15,0,114210
BANKNIFTY-III.NFO,15/10/2024,09:39:10,52830,52804.6,15,52823.35,75,0,114210
BANKNIFTY-III.NFO,15/10/2024,09:39:12,52830,52807.6,15,52824.95,75,0,114210
BANKNIFTY-III.NFO,15/10/2024,09:39:13,52805.35,52805.65,45,52823.35,75,15,114210
BANKNIFTY-III.NFO,15/10/2024,09:39:15,52805.35,52804.25,45,52822.45,60,0,114210
BANKNIFTY-III.NFO,15/10/2024,09:39:16,52805.35,52804.25,45,52821.85,60,0,114210
BANKNIFTY-III.NFO,15/10/2024,09:39:18,52805.35,52804.7,30,52824.35,75,0,114210
BANKNIFTY-III.NFO,15/10/2024,09:39:20,52805.35,52805.6,30,52823.65,75,0,114210
BANKNIFTY-III.NFO,15/10/2024,09:39:21,52805.6,52805.25,15,52822.9,60,30,114210
BANKNIFTY-III.NFO,15/10/2024,09:39:23,52805.6,52803.3,15,52822.05,75,0,114210
BANKNIFTY-III.NFO,15/10/2024,09:39:25,52805.6,52803.3,45,52824.35,75,0,114210
BANKNIFTY-III.NFO,15/10/2024,09:39:26,52805.6,52801.55,30,52819.25,75,0,114210
BANKNIFTY-III.NFO,15/10/2024,09:39:28,52805.6,52800,150,52816.15,75,0,114210
BANKNIFTY-III.NFO,15/10/2024,09:39:29,52805.6,52800,150,52816.2,30,0,114210
BANKNIFTY-III.NFO,15/10/2024,09:39:31,52805.6,52805.6,15,52820.45,75,0,114210
BANKNIFTY-III.NFO,15/10/2024,09:39:33,52805.6,52805.6,15,52819.4,75,0,114210
BANKNIFTY-III.NFO,15/10/2024,09:39:34,52805.6,52805.6,15,52817.1,75,0,114210
BANKNIFTY-III.NFO,15/10/2024,09:39:38,52805.6,52805.6,15,52817.1,60,0,114210
BANKNIFTY-III.NFO,15/10/2024,09:39:39,52805.6,52805.6,15,52818.65,90,0,114210
BANKNIFTY-III.NFO,15/10/2024,09:39:41,52805.6,52805.6,15,52820.75,75,0,114210
BANKNIFTY-III.NFO,15/10/2024,09:39:43,52805.6,52805.6,30,52823.35,75,0,114210
BANKNIFTY-III.NFO,15/10/2024,09:39:44,52805.6,52806.25,45,52824.25,75,0,114210
BANKNIFTY-III.NFO,15/10/2024,09:39:46,52805.6,52806.25,45,52823.75,75,0,114210
BANKNIFTY-III.NFO,15/10/2024,09:39:47,52810,52811.7,45,52827.85,60,15,114210
BANKNIFTY-III.NFO,15/10/2024,09:39:49,52810,52817.75,45,52833.2,60,0,114210
BANKNIFTY-III.NFO,15/10/2024,09:39:51,52810,52814.65,45,52831.55,60,0,114210
BANKNIFTY-III.NFO,15/10/2024,09:39:52,52810,52820.2,45,52838.05,75,0,114210
BANKNIFTY-III.NFO,15/10/2024,09:39:54,52810,52822.2,45,52837.9,60,0,114210
BANKNIFTY-III.NFO,15/10/2024,09:39:56,52810,52821.85,15,52837.35,60,0,114210
BANKNIFTY-III.NFO,15/10/2024,09:39:57,52810,52821.35,15,52837.55,75,0,114210
BANKNIFTY-III.NFO,15/10/2024,09:39:59,52810,52821.1,45,52836.6,60,0,114210
BANKNIFTY-III.NFO,15/10/2024,09:40:00,52810,52820.9,30,52838.3,90,0,114210
BANKNIFTY-III.NFO,15/10/2024,09:40:02,52810,52817.8,45,52834.95,60,0,114210
BANKNIFTY-III.NFO,15/10/2024,09:40:04,52810,52816.15,45,52833.15,60,0,114210
BANKNIFTY-III.NFO,15/10/2024,09:40:05,52810,52816.85,45,52834.05,60,0,114210
BANKNIFTY-III.NFO,15/10/2024,09:40:07,52810,52815.5,30,52833.25,60,0,114210
BANKNIFTY-III.NFO,15/10/2024,09:40:08,52810,52817.15,45,52834.35,75,0,114210
BANKNIFTY-III.NFO,15/10/2024,09:40:10,52810,52815.95,15,52832.95,75,0,114210
BANKNIFTY-III.NFO,15/10/2024,09:40:11,52810,52817.35,15,52832.95,60,0,114210
BANKNIFTY-III.NFO,15/10/2024,09:40:13,52810,52819.3,45,52833,15,0,114210
BANKNIFTY-III.NFO,15/10/2024,09:40:15,52810,52820.65,30,52833,15,0,114210
BANKNIFTY-III.NFO,15/10/2024,09:40:16,52810,52820.6,30,52833,15,0,114210
BANKNIFTY-III.NFO,15/10/2024,09:40:18,52810,52821.65,30,52833,15,0,114210
BANKNIFTY-III.NFO,15/10/2024,09:40:19,52810,52825.75,30,52835,15,0,114210
BANKNIFTY-III.NFO,15/10/2024,09:40:21,52810,52822.75,30,52835,15,0,114210
BANKNIFTY-III.NFO,15/10/2024,09:40:23,52810,52815.45,45,52832.45,90,0,114210
BANKNIFTY-III.NFO,15/10/2024,09:40:24,52810,52815,150,52833.3,75,0,114210
BANKNIFTY-III.NFO,15/10/2024,09:40:26,52810,52815,135,52827.7,75,0,114210
BANKNIFTY-III.NFO,15/10/2024,09:40:28,52810,52815,135,52825.95,75,0,114210
BANKNIFTY-III.NFO,15/10/2024,09:40:29,52810,52815,135,52828.45,75,0,114210
BANKNIFTY-III.NFO,15/10/2024,09:40:31,52810,52815,135,52831.75,75,0,114210
BANKNIFTY-III.NFO,15/10/2024,09:40:33,52810,52815,135,52829.7,75,0,114210
BANKNIFTY-III.NFO,15/10/2024,09:40:34,52810,52815,150,52831.55,75,0,114210
BANKNIFTY-III.NFO,15/10/2024,09:40:36,52810,52815.05,45,52833.45,75,0,114210
BANKNIFTY-III.NFO,15/10/2024,09:40:38,52810,52815.05,45,52833.05,75,0,114210
BANKNIFTY-III.NFO,15/10/2024,09:40:39,52810,52815.05,45,52832.55,60,0,114210
BANKNIFTY-III.NFO,15/10/2024,09:40:43,52810,52815.05,45,52834.2,75,0,114210
BANKNIFTY-III.NFO,15/10/2024,09:40:44,52810,52816.95,60,52834.4,60,0,114210
BANKNIFTY-III.NFO,15/10/2024,09:40:46,52810,52816.95,30,52834.4,60,0,114210
BANKNIFTY-III.NFO,15/10/2024,09:40:48,52810,52815.5,45,52833.3,75,0,114210
BANKNIFTY-III.NFO,15/10/2024,09:40:49,52810,52815,135,52830.15,75,0,114210
BANKNIFTY-III.NFO,15/10/2024,09:40:51,52810,52815,135,52830.5,75,0,114210
BANKNIFTY-III.NFO,15/10/2024,09:40:52,52810,52815,135,52829.5,75,0,114210
BANKNIFTY-III.NFO,15/10/2024,09:40:54,52810,52815,135,52829.55,60,0,114210
BANKNIFTY-III.NFO,15/10/2024,09:40:56,52810,52815,135,52829.7,75,0,114210
BANKNIFTY-III.NFO,15/10/2024,09:40:57,52810,52815,135,52829.6,75,0,114210
BANKNIFTY-III.NFO,15/10/2024,09:40:59,52810,52815,135,52830.5,60,0,114210
BANKNIFTY-III.NFO,15/10/2024,09:41:01,52810,52815,135,52826.8,60,0,114210
BANKNIFTY-III.NFO,15/10/2024,09:41:02,52810,52815,135,52831.4,105,0,114210
BANKNIFTY-III.NFO,15/10/2024,09:41:04,52810,52815.05,45,52833.15,75,0,114210
BANKNIFTY-III.NFO,15/10/2024,09:41:06,52810,52815.1,30,52833.5,75,0,114210
BANKNIFTY-III.NFO,15/10/2024,09:41:07,52810,52815.1,45,52833.3,105,0,114210
BANKNIFTY-III.NFO,15/10/2024,09:41:10,52810,52816.35,45,52833.8,60,0,114210
BANKNIFTY-III.NFO,15/10/2024,09:41:12,52810,52816.8,30,52834.55,60,0,114210
BANKNIFTY-III.NFO,15/10/2024,09:41:14,52810,52816.85,30,52834.55,60,0,114210
BANKNIFTY-III.NFO,15/10/2024,09:41:15,52810,52820.2,45,52834,15,0,114210
BANKNIFTY-III.NFO,15/10/2024,09:41:17,52810,52815.65,45,52833.2,75,0,114210
BANKNIFTY-III.NFO,15/10/2024,09:41:18,52810,52815.65,15,52832.8,105,0,114210
BANKNIFTY-III.NFO,15/10/2024,09:41:20,52810,52818.15,45,52833.95,60,0,114210
BANKNIFTY-III.NFO,15/10/2024,09:41:22,52810,52818.15,15,52833.95,60,0,114210
BANKNIFTY-III.NFO,15/10/2024,09:41:23,52810,52815,150,52831.7,60,0,114210
BANKNIFTY-III.NFO,15/10/2024,09:41:25,52810,52816.85,45,52833.95,75,0,114210
BANKNIFTY-III.NFO,15/10/2024,09:41:27,52810,52817.7,45,52833.95,60,0,114210
BANKNIFTY-III.NFO,15/10/2024,09:41:28,52810,52820.55,45,52834,15,0,114210
BANKNIFTY-III.NFO,15/10/2024,09:41:30,52810,52823.6,30,52834,15,0,114210
BANKNIFTY-III.NFO,15/10/2024,09:41:32,52810,52825.75,30,52834,15,0,114210
BANKNIFTY-III.NFO,15/10/2024,09:41:33,52810,52825.05,30,52834,15,0,114210
BANKNIFTY-III.NFO,15/10/2024,09:41:35,52810,52822.75,30,52834,15,0,114210
BANKNIFTY-III.NFO,15/10/2024,09:41:38,52810,52821.4,45,52834,15,0,114210
BANKNIFTY-III.NFO,15/10/2024,09:41:40,52810,52818.9,30,52823,15,0,114210
BANKNIFTY-III.NFO,15/10/2024,09:41:42,52810,52821.35,30,52823,15,0,114210
BANKNIFTY-III.NFO,15/10/2024,09:41:43,52810,52818.2,30,52823,15,0,114210
BANKNIFTY-III.NFO,15/10/2024,09:41:45,52810,52818.4,30,52823,15,0,114210
BANKNIFTY-III.NFO,15/10/2024,09:41:46,52810,52817.9,30,52823,15,0,114210
BANKNIFTY-III.NFO,15/10/2024,09:41:48,52810,52817.4,30,52823,15,0,114210
BANKNIFTY-III.NFO,15/10/2024,09:41:50,52810,52815,135,52823,15,0,114210
BANKNIFTY-III.NFO,15/10/2024,09:41:51,52810,52815.05,30,52823,15,0,114210
BANKNIFTY-III.NFO,15/10/2024,09:41:53,52810,52815,135,52823,15,0,114210
BANKNIFTY-III.NFO,15/10/2024,09:42:01,52810,52817.4,30,52823,15,0,114210
BANKNIFTY-III.NFO,15/10/2024,09:42:04,52810,52817,30,52823,15,0,114210
BANKNIFTY-III.NFO,15/10/2024,09:42:06,52810,52817.75,30,52823,15,0,114210
BANKNIFTY-III.NFO,15/10/2024,09:42:08,52810,52819.35,30,52823,15,0,114210
BANKNIFTY-III.NFO,15/10/2024,09:42:09,52810,52815.9,30,52823,15,0,114210
BANKNIFTY-III.NFO,15/10/2024,09:42:11,52810,52815.5,30,52823,15,0,114210
BANKNIFTY-III.NFO,15/10/2024,09:42:12,52810,52815,135,52823,15,0,114210
BANKNIFTY-III.NFO,15/10/2024,09:42:24,52810,52815,135,52821.9,30,0,114210
BANKNIFTY-III.NFO,15/10/2024,09:42:26,52810,52815,135,52822.75,60,0,114210
BANKNIFTY-III.NFO,15/10/2024,09:42:28,52810,52810,15,52822.25,60,0,114210
BANKNIFTY-III.NFO,15/10/2024,09:42:29,52810,52810,15,52822.95,60,0,114210
BANKNIFTY-III.NFO,15/10/2024,09:42:31,52810,52810,15,52823,15,0,114210
BANKNIFTY-III.NFO,15/10/2024,09:42:33,52810,52813.2,30,52823,15,0,114210
BANKNIFTY-III.NFO,15/10/2024,09:42:34,52810,52815.8,30,52823,15,0,114210
BANKNIFTY-III.NFO,15/10/2024,09:42:36,52810,52821.7,30,52823,15,0,114210
BANKNIFTY-III.NFO,15/10/2024,09:42:38,52823,52821,15,52835.6,75,15,114270
BANKNIFTY-III.NFO,15/10/2024,09:42:39,52823,52823.75,15,52837.5,90,0,114270
BANKNIFTY-III.NFO,15/10/2024,09:42:41,52823,52826.85,15,52838.85,60,0,114270
BANKNIFTY-III.NFO,15/10/2024,09:42:42,52823,52827.05,15,52838.85,60,0,114270
BANKNIFTY-III.NFO,15/10/2024,09:42:44,52823,52825.35,15,52837.65,90,0,114270
BANKNIFTY-III.NFO,15/10/2024,09:42:46,52823,52824.8,15,52837.25,60,0,114270
BANKNIFTY-III.NFO,15/10/2024,09:42:47,52823,52824.9,15,52837.55,60,0,114270
BANKNIFTY-III.NFO,15/10/2024,09:42:49,52823,52837.25,15,52838.9,60,0,114270
BANKNIFTY-III.NFO,15/10/2024,09:42:52,52836.2,52824.4,15,52838.2,60,30,114270
BANKNIFTY-III.NFO,15/10/2024,09:42:54,52836.2,52823.3,15,52837.4,60,0,114270
BANKNIFTY-III.NFO,15/10/2024,09:42:56,52822.7,52815.65,30,52832.8,75,15,114270
BANKNIFTY-III.NFO,15/10/2024,09:42:57,52822.7,52816.55,60,52834.55,75,0,114270
BANKNIFTY-III.NFO,15/10/2024,09:42:59,52822.7,52817.35,30,52834.55,75,0,114270
BANKNIFTY-III.NFO,15/10/2024,09:43:01,52822.7,52816.2,15,52834.15,75,0,114270
BANKNIFTY-III.NFO,15/10/2024,09:43:02,52822.7,52816.7,30,52833.55,75,0,114270
BANKNIFTY-III.NFO,15/10/2024,09:43:04,52822.7,52815.65,30,52832.75,105,0,114270
BANKNIFTY-III.NFO,15/10/2024,09:43:06,52822.7,52815.65,30,52832.65,75,0,114270
BANKNIFTY-III.NFO,15/10/2024,09:43:09,52822.7,52813.3,30,52830.8,105,0,114270
BANKNIFTY-III.NFO,15/10/2024,09:43:12,52822.7,52816.25,30,52833.95,75,0,114270
BANKNIFTY-III.NFO,15/10/2024,09:43:16,52822.7,52812.65,30,52830.4,75,0,114270
BANKNIFTY-III.NFO,15/10/2024,09:43:17,52822.7,52812.8,15,52830.4,60,0,114270
BANKNIFTY-III.NFO,15/10/2024,09:43:19,52822.7,52812.8,15,52830.4,75,0,114270
BANKNIFTY-III.NFO,15/10/2024,09:43:24,52822.7,52816,30,52833.25,75,0,114270
BANKNIFTY-III.NFO,15/10/2024,09:43:29,52822.7,52813.15,30,52830.75,105,0,114270
BANKNIFTY-III.NFO,15/10/2024,09:43:30,52830,52812.45,30,52830.95,105,15,114270
BANKNIFTY-III.NFO,15/10/2024,09:43:32,52830,52812.45,30,52830.45,75,0,114270
BANKNIFTY-III.NFO,15/10/2024,09:43:34,52830,52812.9,15,52830.5,45,0,114270
BANKNIFTY-III.NFO,15/10/2024,09:43:35,52830,52811.85,30,52830.05,15,0,114270
BANKNIFTY-III.NFO,15/10/2024,09:43:37,52830,52814,30,52831.4,105,0,114270
BANKNIFTY-III.NFO,15/10/2024,09:43:39,52830,52814,30,52831.4,45,0,114270
BANKNIFTY-III.NFO,15/10/2024,09:43:40,52830,52811.85,30,52830.25,75,0,114270
BANKNIFTY-III.NFO,15/10/2024,09:43:42,52830,52811.85,30,52829.45,15,0,114270
BANKNIFTY-III.NFO,15/10/2024,09:43:44,52830,52814.55,30,52832.05,45,0,114270
BANKNIFTY-III.NFO,15/10/2024,09:43:45,52830,52815.65,30,52832.95,75,0,114270
BANKNIFTY-III.NFO,15/10/2024,09:43:47,52830,52815.9,15,52834.2,60,0,114270
BANKNIFTY-III.NFO,15/10/2024,09:43:49,52830,52815.9,30,52832.8,15,0,114270
BANKNIFTY-III.NFO,15/10/2024,09:43:50,52830,52816,30,52833.7,60,0,114270
BANKNIFTY-III.NFO,15/10/2024,09:43:52,52830,52817.55,30,52836.15,105,0,114270
BANKNIFTY-III.NFO,15/10/2024,09:43:54,52830,52817.55,30,52835.55,105,0,114270
BANKNIFTY-III.NFO,15/10/2024,09:43:55,52830,52817.55,30,52837,75,0,114270
BANKNIFTY-III.NFO,15/10/2024,09:43:57,52830,52817.55,30,52835.85,60,0,114270
BANKNIFTY-III.NFO,15/10/2024,09:43:58,52830,52817.55,30,52836.2,75,0,114270
BANKNIFTY-III.NFO,15/10/2024,09:44:00,52830,52817.55,30,52838.05,60,0,114270
BANKNIFTY-III.NFO,15/10/2024,09:44:02,52830,52819.15,15,52838.2,75,0,114270
BANKNIFTY-III.NFO,15/10/2024,09:44:03,52830,52830,15,52836.7,60,0,114270
BANKNIFTY-III.NFO,15/10/2024,09:44:05,52830,52830,15,52837.4,75,0,114270
BANKNIFTY-III.NFO,15/10/2024,09:44:07,52830,52830,15,52834.3,60,0,114270
BANKNIFTY-III.NFO,15/10/2024,09:44:08,52830,52830,15,52832.9,60,0,114270
BANKNIFTY-III.NFO,15/10/2024,09:44:10,52830,52832.9,15,52837.5,60,0,114270
BANKNIFTY-III.NFO,15/10/2024,09:44:12,52830,52832.9,15,52836,60,0,114270
BANKNIFTY-III.NFO,15/10/2024,09:44:13,52830,52832.9,15,52837,75,0,114270
BANKNIFTY-III.NFO,15/10/2024,09:44:15,52830,52832.9,15,52837.5,60,0,114270
BANKNIFTY-III.NFO,15/10/2024,09:44:17,52830,52832.9,15,52836.4,60,0,114270
BANKNIFTY-III.NFO,15/10/2024,09:44:18,52830,52832.9,15,52836.2,60,0,114270
BANKNIFTY-III.NFO,15/10/2024,09:44:21,52830,52832.9,15,52837.6,60,0,114270
BANKNIFTY-III.NFO,15/10/2024,09:44:24,52830,52832.9,15,52837.8,60,0,114270
BANKNIFTY-III.NFO,15/10/2024,09:44:26,52836.15,52832.9,15,52836.25,45,90,114270
BANKNIFTY-III.NFO,15/10/2024,09:44:28,52837.1,52830,15,52837.1,30,15,114270
BANKNIFTY-III.NFO,15/10/2024,09:44:29,52837.1,52830,15,52834.65,30,0,114270
BANKNIFTY-III.NFO,15/10/2024,09:44:31,52837.1,52830,15,52834.55,30,0,114270
BANKNIFTY-III.NFO,15/10/2024,09:44:33,52837.1,52830,15,52835.1,30,0,114270
BANKNIFTY-III.NFO,15/10/2024,09:44:34,52837.1,52830,15,52837.2,30,0,114270
BANKNIFTY-III.NFO,15/10/2024,09:44:36,52837.1,52830,15,52834.5,30,0,114270
BANKNIFTY-III.NFO,15/10/2024,09:44:38,52837.1,52830,15,52834.6,30,0,114270
BANKNIFTY-III.NFO,15/10/2024,09:44:39,52837.1,52830,15,52833.95,30,0,114270
BANKNIFTY-III.NFO,15/10/2024,09:44:41,52837.1,52830,15,52834,15,0,114270
BANKNIFTY-III.NFO,15/10/2024,09:44:53,52837.1,52830,15,52834,45,0,114270
BANKNIFTY-III.NFO,15/10/2024,09:44:54,52837.1,52830,15,52831.9,30,0,114270
BANKNIFTY-III.NFO,15/10/2024,09:44:56,52837.1,52830,15,52830.7,30,0,114270
BANKNIFTY-III.NFO,15/10/2024,09:44:58,52830,52810,30,52818.3,15,15,114270
BANKNIFTY-III.NFO,15/10/2024,09:44:59,52830,52810.05,60,52823.55,15,0,114270
BANKNIFTY-III.NFO,15/10/2024,09:45:01,52830,52810,15,52821.75,30,0,114270
BANKNIFTY-III.NFO,15/10/2024,09:45:03,52830,52810,15,52817.75,30,0,114270
BANKNIFTY-III.NFO,15/10/2024,09:45:04,52810,52805.05,75,52819.85,30,15,114270
BANKNIFTY-III.NFO,15/10/2024,09:45:06,52810,52805.05,75,52822,45,0,114270
BANKNIFTY-III.NFO,15/10/2024,09:45:08,52810,52805.05,75,52821.35,15,0,114270
BANKNIFTY-III.NFO,15/10/2024,09:45:09,52821.35,52805.05,75,52821.35,15,15,114270
BANKNIFTY-III.NFO,15/10/2024,09:45:11,52821.35,52805.05,75,52820.9,45,0,114270
BANKNIFTY-III.NFO,15/10/2024,09:45:13,52821.35,52805.05,60,52820.7,30,0,114270
BANKNIFTY-III.NFO,15/10/2024,09:45:14,52821.35,52805,15,52819,15,0,114270
BANKNIFTY-III.NFO,15/10/2024,09:45:16,52821.35,52805.05,60,52821.15,30,0,114270
BANKNIFTY-III.NFO,15/10/2024,09:45:18,52821.35,52805.05,60,52820.55,15,0,114270
BANKNIFTY-III.NFO,15/10/2024,09:45:21,52821.35,52807.3,75,52826,30,0,114270
BANKNIFTY-III.NFO,15/10/2024,09:45:23,52821.35,52806.35,60,52824.2,45,0,114270
BANKNIFTY-III.NFO,15/10/2024,09:45:25,52821.35,52805.05,75,52821,45,0,114270
BANKNIFTY-III.NFO,15/10/2024,09:45:26,52821.35,52805,15,52819.85,15,0,114270
BANKNIFTY-III.NFO,15/10/2024,09:45:28,52821.35,52805,30,52819.45,15,0,114270
BANKNIFTY-III.NFO,15/10/2024,09:45:30,52821.35,52805,15,52818.35,15,0,114270
BANKNIFTY-III.NFO,15/10/2024,09:45:31,52821.35,52805,15,52814.75,30,0,114270
BANKNIFTY-III.NFO,15/10/2024,09:45:33,52821.35,52805,15,52814.25,15,0,114270
BANKNIFTY-III.NFO,15/10/2024,09:45:35,52821.35,52805,15,52809.55,15,0,114270
BANKNIFTY-III.NFO,15/10/2024,09:45:36,52805,52796.15,75,52814.75,30,15,114270
BANKNIFTY-III.NFO,15/10/2024,09:45:38,52805,52796.1,15,52811.65,30,0,114270
BANKNIFTY-III.NFO,15/10/2024,09:45:40,52805,52796.1,15,52809.55,15,0,114270
BANKNIFTY-III.NFO,15/10/2024,09:45:41,52805,52796.1,15,52805.55,15,0,114270
BANKNIFTY-III.NFO,15/10/2024,09:45:43,52805,52796.1,15,52809.6,30,0,114270
BANKNIFTY-III.NFO,15/10/2024,09:45:44,52805,52796.15,75,52813.55,30,0,114270
BANKNIFTY-III.NFO,15/10/2024,09:45:46,52805,52798.1,75,52814.4,30,0,114270
BANKNIFTY-III.NFO,15/10/2024,09:45:48,52805,52796.15,75,52813.1,15,0,114270
BANKNIFTY-III.NFO,15/10/2024,09:45:49,52805,52798.3,75,52815.05,30,0,114270
BANKNIFTY-III.NFO,15/10/2024,09:45:51,52805,52796.15,75,52813.85,60,0,114270
BANKNIFTY-III.NFO,15/10/2024,09:45:53,52805,52796.1,30,52812.75,30,0,114270
BANKNIFTY-III.NFO,15/10/2024,09:45:55,52805,52796.1,30,52812.45,30,0,114270
BANKNIFTY-III.NFO,15/10/2024,09:45:56,52805,52796.1,15,52810.45,30,0,114270
BANKNIFTY-III.NFO,15/10/2024,09:45:58,52805,52800,150,52810.15,15,0,114270
BANKNIFTY-III.NFO,15/10/2024,09:46:00,52805,52800,150,52809.9,15,0,114270
BANKNIFTY-III.NFO,15/10/2024,09:46:01,52805,52800,150,52814.2,30,0,114270
BANKNIFTY-III.NFO,15/10/2024,09:46:03,52805,52800,150,52805,15,0,114270
BANKNIFTY-III.NFO,15/10/2024,09:46:04,52805,52800,150,52805,45,0,114270
BANKNIFTY-III.NFO,15/10/2024,09:46:21,52805,52800,150,52804.95,15,0,114270
BANKNIFTY-III.NFO,15/10/2024,09:46:24,52805,52800,150,52805,45,0,114270
BANKNIFTY-III.NFO,15/10/2024,09:46:26,52805,52800,150,52805,60,0,114270
BANKNIFTY-III.NFO,15/10/2024,09:46:27,52800,52800,135,52805,45,15,114390
BANKNIFTY-III.NFO,15/10/2024,09:46:29,52800,52800,135,52805,45,0,114390
BANKNIFTY-III.NFO,15/10/2024,09:46:39,52800,52800,135,52803.85,45,0,114390
BANKNIFTY-III.NFO,15/10/2024,09:46:41,52800,52800,105,52804,15,30,114390
BANKNIFTY-III.NFO,15/10/2024,09:46:42,52800,52796.1,15,52804.05,45,120,114390
BANKNIFTY-III.NFO,15/10/2024,09:46:44,52800,52796.1,15,52803.85,45,0,114390
BANKNIFTY-III.NFO,15/10/2024,09:46:46,52790,52775,45,52798.6,30,30,114390
BANKNIFTY-III.NFO,15/10/2024,09:46:47,52790,52775.05,15,52794.8,30,0,114390
BANKNIFTY-III.NFO,15/10/2024,09:46:49,52790,52775,45,52793.05,30,0,114390
BANKNIFTY-III.NFO,15/10/2024,09:46:51,52790,52775,45,52792.35,45,0,114390
BANKNIFTY-III.NFO,15/10/2024,09:46:52,52775,52775,15,52790.05,45,45,114390
BANKNIFTY-III.NFO,15/10/2024,09:46:56,52775,52775.05,60,52789.5,30,0,114390
BANKNIFTY-III.NFO,15/10/2024,09:46:57,52775,52780.2,15,52789.5,30,0,114390
BANKNIFTY-III.NFO,15/10/2024,09:46:59,52780.2,52775.05,60,52788.05,15,15,114390
BANKNIFTY-III.NFO,15/10/2024,09:47:01,52780.2,52775,30,52788.45,45,0,114390
BANKNIFTY-III.NFO,15/10/2024,09:47:02,52780.2,52775.05,60,52788.8,30,0,114390
BANKNIFTY-III.NFO,15/10/2024,09:47:04,52780.2,52775,30,52788.25,45,0,114390
BANKNIFTY-III.NFO,15/10/2024,09:47:06,52780.2,52775,30,52787.85,45,0,114390
BANKNIFTY-III.NFO,15/10/2024,09:47:07,52780.2,52775,30,52786.15,45,0,114390
BANKNIFTY-III.NFO,15/10/2024,09:47:09,52780.2,52775,30,52784.85,45,0,114390
BANKNIFTY-III.NFO,15/10/2024,09:47:11,52780.2,52775,30,52779.25,15,0,114390
BANKNIFTY-III.NFO,15/10/2024,09:47:12,52780.2,52775,30,52781.45,15,0,114390
BANKNIFTY-III.NFO,15/10/2024,09:47:14,52780.2,52775,30,52781.3,30,0,114390
BANKNIFTY-III.NFO,15/10/2024,09:47:16,52775,52762.35,75,52780.2,30,30,114390
BANKNIFTY-III.NFO,15/10/2024,09:47:17,52775,52763.4,75,52779.8,30,0,114390
BANKNIFTY-III.NFO,15/10/2024,09:47:19,52775,52766.8,60,52782.6,30,0,114390
BANKNIFTY-III.NFO,15/10/2024,09:47:21,52775,52769.45,75,52784.65,15,0,114390
BANKNIFTY-III.NFO,15/10/2024,09:47:22,52775,52765.25,60,52770,15,0,114390
BANKNIFTY-III.NFO,15/10/2024,09:47:24,52775,52765.05,75,52770,15,0,114390
BANKNIFTY-III.NFO,15/10/2024,09:47:26,52775,52765.95,75,52770,15,0,114390
BANKNIFTY-III.NFO,15/10/2024,09:47:27,52775,52763.05,90,52770,15,0,114390
BANKNIFTY-III.NFO,15/10/2024,09:47:29,52775,52764.05,105,52770,30,0,114390
BANKNIFTY-III.NFO,15/10/2024,09:47:31,52775,52763.2,75,52770,30,0,114390
BANKNIFTY-III.NFO,15/10/2024,09:47:34,52775,52762.35,75,52770,30,0,114390
BANKNIFTY-III.NFO,15/10/2024,09:47:36,52775,52761.65,75,52770,30,0,114390
BANKNIFTY-III.NFO,15/10/2024,09:47:37,52775,52762.55,75,52770,30,0,114390
BANKNIFTY-III.NFO,15/10/2024,09:47:39,52775,52766.85,75,52770,30,0,114390
BANKNIFTY-III.NFO,15/10/2024,09:47:41,52775,52767.25,105,52770,30,0,114390
BANKNIFTY-III.NFO,15/10/2024,09:47:42,52775,52766.5,75,52770,30,0,114390
BANKNIFTY-III.NFO,15/10/2024,09:47:44,52775,52765.15,75,52770,15,0,114390
BANKNIFTY-III.NFO,15/10/2024,09:47:46,52775,52763.35,105,52770,15,0,114390
BANKNIFTY-III.NFO,15/10/2024,09:47:47,52775,52760.05,75,52770,15,0,114390
BANKNIFTY-III.NFO,15/10/2024,09:47:49,52775,52760.05,60,52769.95,30,0,114390
BANKNIFTY-III.NFO,15/10/2024,09:47:51,52760.05,52760.05,60,52770,15,15,114390
BANKNIFTY-III.NFO,15/10/2024,09:47:52,52760.05,52761.75,75,52775,30,0,114390
BANKNIFTY-III.NFO,15/10/2024,09:47:54,52760.05,52762.75,90,52775,30,0,114390
BANKNIFTY-III.NFO,15/10/2024,09:47:56,52760.05,52763.55,75,52775,30,0,114390
BANKNIFTY-III.NFO,15/10/2024,09:47:57,52760.05,52765.45,75,52775,30,0,114390
BANKNIFTY-III.NFO,15/10/2024,09:47:59,52760.05,52760.05,75,52775,30,0,114390
BANKNIFTY-III.NFO,15/10/2024,09:48:02,52760.05,52762.25,75,52775,30,0,114390
BANKNIFTY-III.NFO,15/10/2024,09:48:04,52766,52768.5,75,52775,30,15,114390
BANKNIFTY-III.NFO,15/10/2024,09:48:05,52766,52766.55,75,52775,30,0,114390
BANKNIFTY-III.NFO,15/10/2024,09:48:07,52766,52765.85,75,52775,30,0,114390
BANKNIFTY-III.NFO,15/10/2024,09:48:11,52766,52761.6,105,52779.2,105,0,114390
BANKNIFTY-III.NFO,15/10/2024,09:48:12,52766,52763.25,75,52781.6,105,0,114390
BANKNIFTY-III.NFO,15/10/2024,09:48:14,52766,52766,45,52781.2,60,0,114390
BANKNIFTY-III.NFO,15/10/2024,09:48:16,52766,52766,30,52780.45,60,0,114390
BANKNIFTY-III.NFO,15/10/2024,09:48:18,52766,52766.05,75,52780.1,30,0,114390
BANKNIFTY-III.NFO,15/10/2024,09:48:20,52766,52766.05,75,52784.25,75,0,114390
BANKNIFTY-III.NFO,15/10/2024,09:48:22,52766,52766.85,60,52784.25,60,0,114390
BANKNIFTY-III.NFO,15/10/2024,09:48:23,52766,52766.05,75,52783.75,60,0,114390
BANKNIFTY-III.NFO,15/10/2024,09:48:25,52766,52766.65,75,52783.65,75,0,114390
BANKNIFTY-III.NFO,15/10/2024,09:48:27,52766,52766.65,105,52785.05,75,0,114390
BANKNIFTY-III.NFO,15/10/2024,09:48:28,52767.55,52766.75,30,52784,60,30,114390
BANKNIFTY-III.NFO,15/10/2024,09:48:30,52767.55,52770.95,30,52785.5,30,0,114390
BANKNIFTY-III.NFO,15/10/2024,09:48:32,52767.55,52770.75,30,52785.5,30,0,114390
BANKNIFTY-III.NFO,15/10/2024,09:48:33,52767.55,52768.55,30,52785.45,75,0,114390
BANKNIFTY-III.NFO,15/10/2024,09:48:35,52767.55,52769.25,30,52785.45,60,0,114390
BANKNIFTY-III.NFO,15/10/2024,09:48:37,52767.55,52767.45,30,52785.45,75,0,114390
BANKNIFTY-III.NFO,15/10/2024,09:48:38,52767.55,52766.55,75,52784.15,75,0,114390
BANKNIFTY-III.NFO,15/10/2024,09:48:40,52784.15,52767.05,75,52784.15,75,30,114390
BANKNIFTY-III.NFO,15/10/2024,09:48:41,52784.15,52769.7,105,52785.45,60,0,114390
BANKNIFTY-III.NFO,15/10/2024,09:48:43,52784.15,52771.9,75,52785.5,30,0,114390
BANKNIFTY-III.NFO,15/10/2024,09:48:45,52784.15,52773.45,60,52780,30,0,114390
BANKNIFTY-III.NFO,15/10/2024,09:48:46,52784.15,52770.35,60,52780,30,0,114390
BANKNIFTY-III.NFO,15/10/2024,09:48:48,52784.15,52769.05,75,52780,30,0,114390
BANKNIFTY-III.NFO,15/10/2024,09:48:50,52780,52771.85,75,52785.5,30,30,114390
BANKNIFTY-III.NFO,15/10/2024,09:48:51,52780,52771.05,75,52785.5,30,0,114390
BANKNIFTY-III.NFO,15/10/2024,09:48:55,52780,52768,15,52782.05,75,0,114390
BANKNIFTY-III.NFO,15/10/2024,09:48:56,52780,52770,150,52781.85,60,0,114390
BANKNIFTY-III.NFO,15/10/2024,09:48:58,52780,52770,150,52781.95,60,0,114390
BANKNIFTY-III.NFO,15/10/2024,09:49:00,52770,52770,45,52776.25,60,105,114480
BANKNIFTY-III.NFO,15/10/2024,09:49:01,52770,52770,45,52775.95,60,0,114480
BANKNIFTY-III.NFO,15/10/2024,09:49:03,52770,52770,45,52776.55,105,0,114480
BANKNIFTY-III.NFO,15/10/2024,09:49:05,52770,52770,45,52775.05,75,0,114480
BANKNIFTY-III.NFO,15/10/2024,09:49:06,52770,52768,15,52776.25,60,45,114480
BANKNIFTY-III.NFO,15/10/2024,09:49:08,52770,52768,15,52771,15,0,114480
BANKNIFTY-III.NFO,15/10/2024,09:49:11,52770,52768,30,52769.95,60,0,114480
BANKNIFTY-III.NFO,15/10/2024,09:49:13,52743.6,52729.4,60,52745,15,225,114480
BANKNIFTY-III.NFO,15/10/2024,09:49:13,52743.6,52729.4,60,52745,15,0,114480
BANKNIFTY-III.NFO,15/10/2024,09:49:15,52743.6,52730.4,75,52745,15,0,114480
BANKNIFTY-III.NFO,15/10/2024,09:49:16,52718.55,52714.95,30,52720,15,120,114480
BANKNIFTY-III.NFO,15/10/2024,09:49:16,52718.55,52714.95,30,52720,15,0,114480
BANKNIFTY-III.NFO,15/10/2024,09:49:18,52718.55,52713,15,52720,15,0,114480
BANKNIFTY-III.NFO,15/10/2024,09:49:20,52718.55,52714.1,90,52720,15,0,114480
BANKNIFTY-III.NFO,15/10/2024,09:49:21,52735.8,52720.05,60,52737.05,30,30,114480
BANKNIFTY-III.NFO,15/10/2024,09:49:23,52735.8,52713,30,52729,30,0,114480
BANKNIFTY-III.NFO,15/10/2024,09:49:25,52735.8,52713,15,52722.9,30,0,114480
BANKNIFTY-III.NFO,15/10/2024,09:49:26,52709.1,52702.5,30,52720.9,45,30,114480
BANKNIFTY-III.NFO,15/10/2024,09:49:26,52709.1,52702.5,30,52720.9,45,0,114480
BANKNIFTY-III.NFO,15/10/2024,09:49:28,52709.1,52700,135,52717,30,0,114480
BANKNIFTY-III.NFO,15/10/2024,09:49:30,52708.6,52700,120,52708.65,150,30,114480
BANKNIFTY-III.NFO,15/10/2024,09:49:30,52708.6,52700,120,52708.65,150,0,114480
BANKNIFTY-III.NFO,15/10/2024,09:49:31,52708.6,52700,120,52705.4,150,0,114480
BANKNIFTY-III.NFO,15/10/2024,09:49:33,52708.6,52700,120,52704.55,150,0,114480
BANKNIFTY-III.NFO,15/10/2024,09:49:36,52700,52683.85,15,52700.15,30,120,114480
BANKNIFTY-III.NFO,15/10/2024,09:49:36,52700,52683.85,15,52700.15,30,0,114480
BANKNIFTY-III.NFO,15/10/2024,09:49:38,52683.85,52682.7,75,52701.05,30,15,114480
BANKNIFTY-III.NFO,15/10/2024,09:49:38,52683.85,52682.7,75,52701.05,30,0,114480
BANKNIFTY-III.NFO,15/10/2024,09:49:40,52683.85,52685.3,60,52705.4,30,0,114480
BANKNIFTY-III.NFO,15/10/2024,09:49:41,52685.3,52681.8,15,52697.9,15,15,114480
BANKNIFTY-III.NFO,15/10/2024,09:49:43,52685.3,52680.05,60,52693.05,150,0,114480
BANKNIFTY-III.NFO,15/10/2024,09:49:45,52685.3,52680,30,52691.75,45,0,114480
BANKNIFTY-III.NFO,15/10/2024,09:49:46,52685.3,52680,15,52689.7,15,0,114480
BANKNIFTY-III.NFO,15/10/2024,09:49:48,52680,52670.6,90,52686.85,15,15,114480
BANKNIFTY-III.NFO,15/10/2024,09:49:48,52680,52670.6,90,52686.85,15,0,114480
BANKNIFTY-III.NFO,15/10/2024,09:49:50,52680,52664.4,15,52679.25,15,0,114480
BANKNIFTY-III.NFO,15/10/2024,09:49:51,52680,52663.45,15,52675.65,15,0,114480
BANKNIFTY-III.NFO,15/10/2024,09:49:53,52676.8,52659.55,30,52673.1,45,195,114480
BANKNIFTY-III.NFO,15/10/2024,09:49:53,52659.8,52659.55,30,52673.1,45,0,114480
BANKNIFTY-III.NFO,15/10/2024,09:49:55,52676.8,52662.95,15,52674.3,45,0,114480
BANKNIFTY-III.NFO,15/10/2024,09:49:56,52672.35,52662.95,15,52672.35,15,30,114480
BANKNIFTY-III.NFO,15/10/2024,09:49:58,52669.2,52666.1,60,52679.95,30,15,114480
BANKNIFTY-III.NFO,15/10/2024,09:50:00,52669.2,52666.95,15,52676.75,15,0,114480
BANKNIFTY-III.NFO,15/10/2024,09:50:01,52676.75,52666.35,15,52677.35,15,15,114480
BANKNIFTY-III.NFO,15/10/2024,09:50:03,52676.75,52662,15,52671.5,150,0,114480
BANKNIFTY-III.NFO,15/10/2024,09:50:05,52676.75,52658,15,52670,30,0,114480
BANKNIFTY-III.NFO,15/10/2024,09:50:06,52670,52658.3,15,52670,15,15,114480
BANKNIFTY-III.NFO,15/10/2024,09:50:08,52658.5,52658.3,15,52669.95,15,15,114480
BANKNIFTY-III.NFO,15/10/2024,09:50:08,52658.5,52658.3,15,52669.95,15,0,114480
BANKNIFTY-III.NFO,15/10/2024,09:50:10,52658.5,52657,15,52669.95,15,0,114480
BANKNIFTY-III.NFO,15/10/2024,09:50:11,52658.5,52659.45,60,52670,15,0,114480
BANKNIFTY-III.NFO,15/10/2024,09:50:13,52670,52662.5,60,52674.6,15,15,114480
BANKNIFTY-III.NFO,15/10/2024,09:50:15,52670,52659.6,60,52666.95,150,0,114480
BANKNIFTY-III.NFO,15/10/2024,09:50:16,52670,52662.5,60,52666.95,150,0,114480
BANKNIFTY-III.NFO,15/10/2024,09:50:18,52670,52667.65,60,52676.75,15,30,114480
BANKNIFTY-III.NFO,15/10/2024,09:50:20,52670,52667.4,60,52676.75,15,0,114480
BANKNIFTY-III.NFO,15/10/2024,09:50:22,52670,52669.05,90,52676.75,15,0,114480
BANKNIFTY-III.NFO,15/10/2024,09:50:23,52669.65,52671.9,75,52680,15,15,114480
BANKNIFTY-III.NFO,15/10/2024,09:50:25,52669.65,52671.55,60,52680,15,0,114480
BANKNIFTY-III.NFO,15/10/2024,09:50:27,52669.65,52673.45,105,52680,15,0,114480
BANKNIFTY-III.NFO,15/10/2024,09:50:28,52680,52679.75,75,52686.7,135,15,114480
BANKNIFTY-III.NFO,15/10/2024,09:50:30,52683.95,52680.25,60,52704.05,30,150,114480
BANKNIFTY-III.NFO,15/10/2024,09:50:32,52683.95,52688.4,60,52706.65,45,0,114480
BANKNIFTY-III.NFO,15/10/2024,09:50:33,52683.95,52691.1,75,52707.2,15,0,114480
BANKNIFTY-III.NFO,15/10/2024,09:50:35,52683.95,52696.15,60,52714.3,30,0,114480
BANKNIFTY-III.NFO,15/10/2024,09:50:37,52683.95,52695,75,52713.2,45,0,114480
BANKNIFTY-III.NFO,15/10/2024,09:50:38,52683.95,52700.7,60,52712.8,15,0,114480
BANKNIFTY-III.NFO,15/10/2024,09:50:40,52683.95,52697.3,75,52712.55,15,0,114480
BANKNIFTY-III.NFO,15/10/2024,09:50:42,52683.95,52701,60,52720.95,45,0,114480
BANKNIFTY-III.NFO,15/10/2024,09:50:43,52701,52701.6,60,52721.45,45,30,114480
BANKNIFTY-III.NFO,15/10/2024,09:50:45,52701,52701.45,60,52720.8,30,0,114480
BANKNIFTY-III.NFO,15/10/2024,09:50:47,52701,52706.35,60,52728.55,75,0,114480
BANKNIFTY-III.NFO,15/10/2024,09:50:48,52701,52702.95,75,52723.8,30,0,114480
BANKNIFTY-III.NFO,15/10/2024,09:50:50,52701,52709.95,60,52730.95,45,0,114480
BANKNIFTY-III.NFO,15/10/2024,09:50:52,52701,52706.6,60,52726,45,0,114480
BANKNIFTY-III.NFO,15/10/2024,09:50:53,52725.3,52708.25,60,52727.15,30,30,114480
BANKNIFTY-III.NFO,15/10/2024,09:50:55,52725.3,52714.65,60,52734.45,15,0,114480
BANKNIFTY-III.NFO,15/10/2024,09:50:57,52725.3,52717.35,60,52735.1,30,0,114480
BANKNIFTY-III.NFO,15/10/2024,09:50:58,52725.3,52723.95,60,52740,15,0,114480
BANKNIFTY-III.NFO,15/10/2024,09:51:00,52725.3,52726.6,75,52740,15,0,114480
BANKNIFTY-III.NFO,15/10/2024,09:51:02,52725.3,52722.05,60,52739.95,30,0,114480
BANKNIFTY-III.NFO,15/10/2024,09:51:03,52725.3,52719.7,75,52735,15,0,114480
BANKNIFTY-III.NFO,15/10/2024,09:51:05,52725.3,52722.1,75,52735,15,0,114480
BANKNIFTY-III.NFO,15/10/2024,09:51:07,52725.3,52718.85,60,52735,15,0,114480
BANKNIFTY-III.NFO,15/10/2024,09:51:08,52725.3,52719.15,60,52734.95,30,0,114480
BANKNIFTY-III.NFO,15/10/2024,09:51:10,52725.3,52715.95,75,52734.55,45,0,114480
BANKNIFTY-III.NFO,15/10/2024,09:51:11,52725.3,52716.6,75,52734.55,45,0,114480
BANKNIFTY-III.NFO,15/10/2024,09:51:13,52734.55,52717.5,75,52735,15,30,114480
BANKNIFTY-III.NFO,15/10/2024,09:51:15,52735,52724.55,15,52739.95,105,15,114480
BANKNIFTY-III.NFO,15/10/2024,09:51:16,52735,52724.6,75,52740,15,0,114480
BANKNIFTY-III.NFO,15/10/2024,09:51:18,52735,52734.55,15,52740,15,0,114480
BANKNIFTY-III.NFO,15/10/2024,09:51:21,52735,52734.6,75,52740,15,0,114480
BANKNIFTY-III.NFO,15/10/2024,09:51:23,52735,52734.55,15,52740,15,0,114480
BANKNIFTY-III.NFO,15/10/2024,09:51:24,52740,52729.45,60,52745,15,15,114480
BANKNIFTY-III.NFO,15/10/2024,09:51:26,52740,52726.8,105,52744.95,105,0,114480
BANKNIFTY-III.NFO,15/10/2024,09:51:28,52740,52730,75,52745,15,0,114480
BANKNIFTY-III.NFO,15/10/2024,09:51:29,52740,52731.25,60,52745,15,0,114480
BANKNIFTY-III.NFO,15/10/2024,09:51:31,52740,52732.55,60,52745,15,0,114480
BANKNIFTY-III.NFO,15/10/2024,09:51:33,52740,52735.55,75,52745,15,0,114480
BANKNIFTY-III.NFO,15/10/2024,09:51:34,52740,52728.8,75,52744.95,60,0,114480
BANKNIFTY-III.NFO,15/10/2024,09:51:36,52740,52729.2,75,52744.95,60,0,114480
BANKNIFTY-III.NFO,15/10/2024,09:51:38,52740,52725.7,45,52744.95,105,0,114480
BANKNIFTY-III.NFO,15/10/2024,09:51:39,52740,52728.1,75,52744.95,105,0,114480
BANKNIFTY-III.NFO,15/10/2024,09:51:41,52740,52728.5,15,52744.95,75,0,114480
BANKNIFTY-III.NFO,15/10/2024,09:51:43,52740,52726.6,45,52744.95,75,0,114480
BANKNIFTY-III.NFO,15/10/2024,09:51:44,52740,52740,15,52744.95,60,0,114480
BANKNIFTY-III.NFO,15/10/2024,09:51:46,52744.95,52740,15,52744.95,45,15,114480
BANKNIFTY-III.NFO,15/10/2024,09:51:51,52740,52730,15,52744.95,90,15,114480
BANKNIFTY-III.NFO,15/10/2024,09:51:52,52740,52730,15,52738.8,75,0,114480
BANKNIFTY-III.NFO,15/10/2024,09:51:54,52740,52730,15,52741.45,90,0,114480
BANKNIFTY-III.NFO,15/10/2024,09:51:57,52740,52730,15,52744.35,90,0,114480
BANKNIFTY-III.NFO,15/10/2024,09:51:59,52740,52730.75,30,52744.95,45,0,114480
BANKNIFTY-III.NFO,15/10/2024,09:52:01,52740,52730,15,52744.95,90,0,114480
BANKNIFTY-III.NFO,15/10/2024,09:52:02,52740,52730,15,52742.15,90,0,114480
BANKNIFTY-III.NFO,15/10/2024,09:52:07,52740,52730,15,52741.7,75,0,114480
BANKNIFTY-III.NFO,15/10/2024,09:52:09,52740,52730,15,52739.15,75,0,114480
BANKNIFTY-III.NFO,15/10/2024,09:52:11,52740,52730,15,52736.55,75,0,114480
BANKNIFTY-III.NFO,15/10/2024,09:52:12,52730,52710.05,75,52731.1,60,30,115035
BANKNIFTY-III.NFO,15/10/2024,09:52:14,52730,52711.6,75,52731.1,60,0,115035
BANKNIFTY-III.NFO,15/10/2024,09:52:16,52730,52712.05,75,52731.1,75,0,115035
BANKNIFTY-III.NFO,15/10/2024,09:52:18,52730,52711.15,105,52731.1,75,0,115035
BANKNIFTY-III.NFO,15/10/2024,09:52:19,52730,52710.5,75,52731.1,75,0,115035
BANKNIFTY-III.NFO,15/10/2024,09:52:21,52730,52715.05,75,52732.3,75,0,115035
BANKNIFTY-III.NFO,15/10/2024,09:52:23,52730,52712.3,75,52732.3,75,0,115035
BANKNIFTY-III.NFO,15/10/2024,09:52:24,52730,52712.7,75,52732.3,75,0,115035
BANKNIFTY-III.NFO,15/10/2024,09:52:26,52730,52706.8,75,52728.1,60,0,115035
BANKNIFTY-III.NFO,15/10/2024,09:52:29,52730,52704.2,75,52723.55,60,0,115035
BANKNIFTY-III.NFO,15/10/2024,09:52:31,52730,52705.2,75,52723.45,75,0,115035
BANKNIFTY-III.NFO,15/10/2024,09:52:32,52723.45,52710.8,75,52729.9,15,30,115035
BANKNIFTY-III.NFO,15/10/2024,09:52:34,52723.45,52710.15,90,52729.9,45,0,115035
BANKNIFTY-III.NFO,15/10/2024,09:52:36,52723.45,52710.15,105,52729.9,45,0,115035
BANKNIFTY-III.NFO,15/10/2024,09:52:37,52723.45,52710.85,60,52731.45,45,0,115035
BANKNIFTY-III.NFO,15/10/2024,09:52:39,52723.45,52712.85,75,52732.3,45,0,115035
BANKNIFTY-III.NFO,15/10/2024,09:52:41,52723.45,52705.65,60,52728.15,45,0,115035
BANKNIFTY-III.NFO,15/10/2024,09:52:42,52723.45,52706.35,75,52726.95,45,0,115035
BANKNIFTY-III.NFO,15/10/2024,09:52:44,52706.15,52706.3,60,52726.9,75,30,115035
BANKNIFTY-III.NFO,15/10/2024,09:52:46,52706.15,52701.4,60,52724.35,60,0,115035
BANKNIFTY-III.NFO,15/10/2024,09:52:47,52706.15,52702.7,60,52722.7,75,0,115035
BANKNIFTY-III.NFO,15/10/2024,09:52:49,52706.15,52702.9,90,52723.35,75,0,115035
BANKNIFTY-III.NFO,15/10/2024,09:52:51,52706.15,52700.95,90,52723.35,75,0,115035
BANKNIFTY-III.NFO,15/10/2024,09:52:52,52706.15,52703.2,60,52723.35,75,0,115035
BANKNIFTY-III.NFO,15/10/2024,09:52:54,52706.15,52708.8,75,52728.1,75,0,115035
BANKNIFTY-III.NFO,15/10/2024,09:52:56,52706.15,52708.95,60,52731.2,60,0,115035
BANKNIFTY-III.NFO,15/10/2024,09:52:57,52706.15,52708.55,60,52731.2,60,0,115035
BANKNIFTY-III.NFO,15/10/2024,09:52:59,52706.15,52703.05,60,52729.1,60,0,115035
BANKNIFTY-III.NFO,15/10/2024,09:53:01,52706.15,52707.45,60,52727.5,75,0,115035
BANKNIFTY-III.NFO,15/10/2024,09:53:02,52706.15,52705.35,60,52727.5,75,0,115035
BANKNIFTY-III.NFO,15/10/2024,09:53:04,52706.15,52705.65,60,52727.3,60,0,115035
BANKNIFTY-III.NFO,15/10/2024,09:53:05,52706.15,52708.95,60,52731.3,60,0,115035
BANKNIFTY-III.NFO,15/10/2024,09:53:07,52706.15,52713,60,52735.35,60,0,115035
BANKNIFTY-III.NFO,15/10/2024,09:53:09,52706.15,52714.15,75,52735.25,75,0,115035
BANKNIFTY-III.NFO,15/10/2024,09:53:10,52706.15,52715.9,60,52735.4,75,0,115035
BANKNIFTY-III.NFO,15/10/2024,09:53:12,52706.15,52714.7,75,52735.4,75,0,115035
BANKNIFTY-III.NFO,15/10/2024,09:53:14,52706.15,52711.45,60,52735.2,60,0,115035
BANKNIFTY-III.NFO,15/10/2024,09:53:15,52706.15,52713.35,60,52735,60,0,115035
BANKNIFTY-III.NFO,15/10/2024,09:53:17,52706.15,52715.55,60,52735.4,45,0,115035
BANKNIFTY-III.NFO,15/10/2024,09:53:19,52706.15,52716.85,105,52737.85,45,0,115035
BANKNIFTY-III.NFO,15/10/2024,09:53:20,52737.75,52713.85,75,52737.55,60,15,115035
BANKNIFTY-III.NFO,15/10/2024,09:53:22,52737.75,52707.8,75,52730.4,45,0,115035
BANKNIFTY-III.NFO,15/10/2024,09:53:24,52737.75,52711.1,60,52735.85,60,0,115035
BANKNIFTY-III.NFO,15/10/2024,09:53:25,52737.75,52712.1,60,52735.65,45,0,115035
BANKNIFTY-III.NFO,15/10/2024,09:53:27,52737.75,52710.3,75,52734.25,45,0,115035
BANKNIFTY-III.NFO,15/10/2024,09:53:29,52737.75,52707.4,60,52730.35,45,0,115035
BANKNIFTY-III.NFO,15/10/2024,09:53:30,52737.75,52706.7,75,52729.65,45,0,115035
BANKNIFTY-III.NFO,15/10/2024,09:53:32,52737.75,52706.7,75,52729.45,45,0,115035
BANKNIFTY-III.NFO,15/10/2024,09:53:34,52737.75,52703.05,60,52726.8,45,0,115035
BANKNIFTY-III.NFO,15/10/2024,09:53:35,52737.75,52705.45,60,52726.8,45,0,115035
BANKNIFTY-III.NFO,15/10/2024,09:53:39,52737.75,52703,75,52726.8,45,0,115035
BANKNIFTY-III.NFO,15/10/2024,09:53:40,52737.75,52697.1,60,52723,45,0,115035
BANKNIFTY-III.NFO,15/10/2024,09:53:42,52737.75,52693.95,60,52717.35,45,0,115035
BANKNIFTY-III.NFO,15/10/2024,09:53:44,52719.3,52696.6,60,52719.35,45,15,115035
BANKNIFTY-III.NFO,15/10/2024,09:53:45,52719.3,52691.8,60,52716.15,75,0,115035
BANKNIFTY-III.NFO,15/10/2024,09:53:47,52691.8,52691.4,60,52714.4,60,30,115035
BANKNIFTY-III.NFO,15/10/2024,09:53:49,52691.8,52690.8,60,52714.3,60,0,115035
BANKNIFTY-III.NFO,15/10/2024,09:53:50,52691.8,52687,60,52712.75,60,0,115035
BANKNIFTY-III.NFO,15/10/2024,09:53:52,52691.8,52680.45,60,52712.45,60,0,115035
BANKNIFTY-III.NFO,15/10/2024,09:53:54,52691.8,52674.7,60,52698.75,60,0,115035
BANKNIFTY-III.NFO,15/10/2024,09:53:55,52691.8,52681.6,75,52704.95,60,0,115035
BANKNIFTY-III.NFO,15/10/2024,09:53:57,52691.8,52680.4,60,52702.9,60,0,115035
BANKNIFTY-III.NFO,15/10/2024,09:53:59,52691.8,52677.7,60,52702.35,75,0,115035
BANKNIFTY-III.NFO,15/10/2024,09:54:00,52691.8,52681.6,45,52702.05,75,0,115035
BANKNIFTY-III.NFO,15/10/2024,09:54:02,52691.8,52681.6,30,52701.75,75,0,115035
BANKNIFTY-III.NFO,15/10/2024,09:54:04,52691.8,52681.65,75,52701.45,45,0,115035
BANKNIFTY-III.NFO,15/10/2024,09:54:05,52691.8,52681.65,105,52704.1,30,0,115035
BANKNIFTY-III.NFO,15/10/2024,09:54:07,52691.8,52685.05,90,52706.65,30,0,115035
BANKNIFTY-III.NFO,15/10/2024,09:54:09,52691.8,52690.9,75,52707.7,30,0,115035
BANKNIFTY-III.NFO,15/10/2024,09:54:10,52691.8,52685.7,75,52695,15,0,115035
BANKNIFTY-III.NFO,15/10/2024,09:54:12,52695,52688.95,75,52709,60,30,115035
BANKNIFTY-III.NFO,15/10/2024,09:54:14,52695,52692.9,15,52711.4,60,0,115035
BANKNIFTY-III.NFO,15/10/2024,09:54:15,52695,52696.65,105,52716.75,45,0,115035
BANKNIFTY-III.NFO,15/10/2024,09:54:17,52695,52694.5,60,52717.7,45,0,115035
BANKNIFTY-III.NFO,15/10/2024,09:54:19,52695,52696.45,60,52717.25,45,0,115035
BANKNIFTY-III.NFO,15/10/2024,09:54:21,52695,52697.3,60,52719.1,45,0,115035
BANKNIFTY-III.NFO,15/10/2024,09:54:22,52696.7,52696.7,45,52718.8,60,30,115035
BANKNIFTY-III.NFO,15/10/2024,09:54:24,52696.7,52698,45,52718.85,60,0,115035
BANKNIFTY-III.NFO,15/10/2024,09:54:26,52716.4,52701.05,75,52719.05,60,45,115035
BANKNIFTY-III.NFO,15/10/2024,09:54:27,52701.05,52699.65,60,52719,60,30,115035
BANKNIFTY-III.NFO,15/10/2024,09:54:29,52701.05,52699.65,60,52719,60,0,115035
BANKNIFTY-III.NFO,15/10/2024,09:54:31,52701.05,52696.05,60,52719,90,0,115035
BANKNIFTY-III.NFO,15/10/2024,09:54:32,52701.05,52696.25,60,52718.85,60,0,115035
BANKNIFTY-III.NFO,15/10/2024,09:54:34,52701.05,52696.25,60,52718.7,60,0,115035
BANKNIFTY-III.NFO,15/10/2024,09:54:36,52701.05,52696.25,60,52718.6,60,0,115035
BANKNIFTY-III.NFO,15/10/2024,09:54:37,52696.05,52696.1,30,52718.4,60,15,115035
BANKNIFTY-III.NFO,15/10/2024,09:54:39,52696.05,52694.3,30,52718.3,90,0,115035
BANKNIFTY-III.NFO,15/10/2024,09:54:41,52696.05,52691.4,30,52717.9,90,0,115035
BANKNIFTY-III.NFO,15/10/2024,09:54:42,52696.05,52689.05,30,52713.85,90,0,115035
BANKNIFTY-III.NFO,15/10/2024,09:54:44,52696.05,52700,30,52705.9,60,0,115035
BANKNIFTY-III.NFO,15/10/2024,09:54:46,52700,52679.75,45,52704.5,90,30,115035
BANKNIFTY-III.NFO,15/10/2024,09:54:47,52700,52679.05,75,52698.9,60,0,115035
BANKNIFTY-III.NFO,15/10/2024,09:54:49,52700,52677.95,45,52698.9,60,0,115035
BANKNIFTY-III.NFO,15/10/2024,09:54:51,52700,52677.15,45,52697.65,60,0,115035
BANKNIFTY-III.NFO,15/10/2024,09:54:52,52700,52674.35,45,52697.65,60,0,115035
BANKNIFTY-III.NFO,15/10/2024,09:54:54,52700,52671.95,30,52695.3,60,0,115035
BANKNIFTY-III.NFO,15/10/2024,09:54:56,52700,52674.05,30,52695.3,60,0,115035
BANKNIFTY-III.NFO,15/10/2024,09:54:57,52700,52691,15,52695.3,60,0,115035
BANKNIFTY-III.NFO,15/10/2024,09:54:59,52700,52691,15,52695.75,75,0,115035
BANKNIFTY-III.NFO,15/10/2024,09:55:01,52700,52691,15,52699.65,75,0,115035
BANKNIFTY-III.NFO,15/10/2024,09:55:02,52700,52691,15,52702.25,90,0,115035
BANKNIFTY-III.NFO,15/10/2024,09:55:04,52700,52691,15,52698.9,75,0,115035
BANKNIFTY-III.NFO,15/10/2024,09:55:06,52700,52691,15,52699,60,0,115035
BANKNIFTY-III.NFO,15/10/2024,09:55:07,52700,52691,15,52699.5,75,0,115035
BANKNIFTY-III.NFO,15/10/2024,09:55:09,52699.5,52691,15,52699.45,45,90,115095
BANKNIFTY-III.NFO,15/10/2024,09:55:11,52699.5,52691,15,52699.15,45,0,115095
BANKNIFTY-III.NFO,15/10/2024,09:55:12,52699.5,52691,15,52698.85,45,0,115095
BANKNIFTY-III.NFO,15/10/2024,09:55:14,52699.5,52691,15,52702.15,45,0,115095
BANKNIFTY-III.NFO,15/10/2024,09:55:16,52691,52675.65,90,52696.2,60,15,115095
BANKNIFTY-III.NFO,15/10/2024,09:55:17,52691,52677.15,60,52695.5,30,0,115095
BANKNIFTY-III.NFO,15/10/2024,09:55:19,52691,52675.85,60,52694.05,30,0,115095
BANKNIFTY-III.NFO,15/10/2024,09:55:20,52691,52676.9,75,52693.75,30,0,115095
BANKNIFTY-III.NFO,15/10/2024,09:55:22,52676.9,52675.8,60,52693.45,30,45,115095
BANKNIFTY-III.NFO,15/10/2024,09:55:24,52676.3,52676.3,75,52693.15,60,30,115095
BANKNIFTY-III.NFO,15/10/2024,09:55:25,52676.3,52677.95,75,52698.35,45,0,115095
BANKNIFTY-III.NFO,15/10/2024,09:55:27,52676.3,52681.5,45,52699.1,60,0,115095
BANKNIFTY-III.NFO,15/10/2024,09:55:29,52676.3,52680.05,75,52698.45,90,0,115095
BANKNIFTY-III.NFO,15/10/2024,09:55:30,52676.3,52681.25,60,52698.5,45,0,115095
BANKNIFTY-III.NFO,15/10/2024,09:55:32,52676.3,52686.15,60,52698.55,15,0,115095
BANKNIFTY-III.NFO,15/10/2024,09:55:34,52676.3,52692.45,45,52709.75,60,0,115095
BANKNIFTY-III.NFO,15/10/2024,09:55:35,52676.3,52691.3,45,52709.15,60,0,115095
BANKNIFTY-III.NFO,15/10/2024,09:55:37,52676.3,52692,60,52710.2,60,0,115095
BANKNIFTY-III.NFO,15/10/2024,09:55:39,52676.3,52690.15,75,52707.9,60,0,115095
BANKNIFTY-III.NFO,15/10/2024,09:55:40,52676.3,52689.2,105,52707.25,45,0,115095
BANKNIFTY-III.NFO,15/10/2024,09:55:42,52676.3,52685.2,75,52703.3,45,0,115095
BANKNIFTY-III.NFO,15/10/2024,09:55:44,52676.3,52685.7,90,52702.6,45,0,115095
BANKNIFTY-III.NFO,15/10/2024,09:55:45,52676.3,52686,60,52702.2,45,0,115095
BANKNIFTY-III.NFO,15/10/2024,09:55:47,52676.3,52690.6,105,52705.85,45,0,115095
BANKNIFTY-III.NFO,15/10/2024,09:55:49,52676.3,52694.85,45,52713.75,60,0,115095
BANKNIFTY-III.NFO,15/10/2024,09:55:50,52676.3,52695,75,52710.85,45,0,115095
BANKNIFTY-III.NFO,15/10/2024,09:55:52,52676.3,52695.1,75,52711.15,45,0,115095
BANKNIFTY-III.NFO,15/10/2024,09:55:54,52676.3,52695.9,60,52712.75,60,0,115095
BANKNIFTY-III.NFO,15/10/2024,09:55:55,52676.3,52695.9,60,52711.8,60,0,115095
BANKNIFTY-III.NFO,15/10/2024,09:55:57,52676.3,52698.6,75,52714.95,45,0,115095
BANKNIFTY-III.NFO,15/10/2024,09:55:59,52676.3,52695.9,75,52714.95,60,0,115095
BANKNIFTY-III.NFO,15/10/2024,09:56:00,52676.3,52688.75,60,52709.1,75,0,115095
BANKNIFTY-III.NFO,15/10/2024,09:56:02,52676.3,52691.45,60,52711.6,75,0,115095
BANKNIFTY-III.NFO,15/10/2024,09:56:04,52676.3,52696.65,75,52714.35,60,0,115095
BANKNIFTY-III.NFO,15/10/2024,09:56:05,52676.3,52699.55,75,52714.95,45,0,115095
BANKNIFTY-III.NFO,15/10/2024,09:56:07,52676.3,52695.95,75,52714.95,60,0,115095
BANKNIFTY-III.NFO,15/10/2024,09:56:08,52676.3,52699.6,60,52714.95,45,0,115095
BANKNIFTY-III.NFO,15/10/2024,09:56:10,52676.3,52693.6,75,52714.95,90,0,115095
BANKNIFTY-III.NFO,15/10/2024,09:56:12,52676.3,52694.35,75,52714.9,60,0,115095
BANKNIFTY-III.NFO,15/10/2024,09:56:13,52676.3,52692.35,60,52711.85,45,0,115095
BANKNIFTY-III.NFO,15/10/2024,09:56:15,52676.3,52690.35,60,52709.9,45,0,115095
BANKNIFTY-III.NFO,15/10/2024,09:56:17,52676.3,52686.4,75,52706.6,45,0,115095
BANKNIFTY-III.NFO,15/10/2024,09:56:18,52676.3,52685.2,75,52704.8,45,0,115095
BANKNIFTY-III.NFO,15/10/2024,09:56:19,52676.3,52683.35,75,52704.1,45,0,115095
BANKNIFTY-III.NFO,15/10/2024,09:56:21,52676.3,52682.25,60,52700.75,45,0,115095
BANKNIFTY-III.NFO,15/10/2024,09:56:23,52676.3,52685.3,60,52703.1,60,0,115095
BANKNIFTY-III.NFO,15/10/2024,09:56:24,52676.3,52683.15,60,52702.1,45,0,115095
BANKNIFTY-III.NFO,15/10/2024,09:56:26,52676.3,52681.75,60,52701.95,45,0,115095
BANKNIFTY-III.NFO,15/10/2024,09:56:27,52676.3,52681.75,75,52701.2,45,0,115095
BANKNIFTY-III.NFO,15/10/2024,09:56:29,52676.3,52681.45,75,52700.05,45,0,115095
BANKNIFTY-III.NFO,15/10/2024,09:56:31,52676.3,52680.05,75,52699.8,60,0,115095
BANKNIFTY-III.NFO,15/10/2024,09:56:32,52676.3,52681.95,60,52701.95,45,0,115095
BANKNIFTY-III.NFO,15/10/2024,09:56:34,52676.3,52680.05,60,52698.2,45,0,115095
BANKNIFTY-III.NFO,15/10/2024,09:56:36,52676.3,52681.05,75,52698.1,60,0,115095
BANKNIFTY-III.NFO,15/10/2024,09:56:37,52676.3,52681.05,60,52693.6,30,0,115095
BANKNIFTY-III.NFO,15/10/2024,09:56:39,52676.3,52681.05,75,52698.75,60,0,115095
BANKNIFTY-III.NFO,15/10/2024,09:56:41,52676.3,52681.05,60,52696,15,0,115095
BANKNIFTY-III.NFO,15/10/2024,09:56:44,52676.3,52683.35,60,52704.5,45,0,115095
BANKNIFTY-III.NFO,15/10/2024,09:56:46,52676.3,52681.05,60,52701.15,75,0,115095
BANKNIFTY-III.NFO,15/10/2024,09:56:47,52676.3,52683.05,60,52704.6,45,0,115095
BANKNIFTY-III.NFO,15/10/2024,09:56:49,52676.3,52691.05,75,52708.25,45,0,115095
BANKNIFTY-III.NFO,15/10/2024,09:56:50,52676.3,52692.2,75,52708.3,15,0,115095
BANKNIFTY-III.NFO,15/10/2024,09:56:52,52676.3,52695.05,60,52708.3,15,0,115095
BANKNIFTY-III.NFO,15/10/2024,09:56:54,52676.3,52695.85,60,52708.3,15,0,115095
BANKNIFTY-III.NFO,15/10/2024,09:56:55,52676.3,52694.65,75,52708.3,15,0,115095
BANKNIFTY-III.NFO,15/10/2024,09:56:57,52676.3,52692.5,60,52708.25,60,0,115095
BANKNIFTY-III.NFO,15/10/2024,09:56:59,52676.3,52688.75,60,52707.2,45,0,115095
BANKNIFTY-III.NFO,15/10/2024,09:57:00,52676.3,52688.75,75,52706.55,60,0,115095
BANKNIFTY-III.NFO,15/10/2024,09:57:02,52676.3,52686.95,75,52706.35,60,0,115095
BANKNIFTY-III.NFO,15/10/2024,09:57:04,52676.3,52688.8,60,52706.25,60,0,115095
BANKNIFTY-III.NFO,15/10/2024,09:57:05,52676.3,52686.5,75,52705.95,60,0,115095
BANKNIFTY-III.NFO,15/10/2024,09:57:07,52676.3,52683.05,60,52699.6,60,0,115095
BANKNIFTY-III.NFO,15/10/2024,09:57:09,52676.3,52684.45,75,52702.35,60,0,115095
BANKNIFTY-III.NFO,15/10/2024,09:57:10,52676.3,52684.9,60,52701.55,60,0,115095
BANKNIFTY-III.NFO,15/10/2024,09:57:12,52676.3,52683.15,75,52700.45,60,0,115095
BANKNIFTY-III.NFO,15/10/2024,09:57:14,52676.3,52683.15,75,52700.2,60,0,115095
BANKNIFTY-III.NFO,15/10/2024,09:57:15,52676.3,52681.55,75,52698,60,0,115095
BANKNIFTY-III.NFO,15/10/2024,09:57:17,52676.3,52682.05,75,52698.15,45,0,115095
BANKNIFTY-III.NFO,15/10/2024,09:57:19,52676.3,52681.05,75,52698.1,45,0,115095
BANKNIFTY-III.NFO,15/10/2024,09:57:21,52676.3,52681.05,75,52697.95,30,0,115095
BANKNIFTY-III.NFO,15/10/2024,09:57:22,52676.3,52681.05,60,52692.8,45,0,115095
BANKNIFTY-III.NFO,15/10/2024,09:57:24,52676.3,52681.05,60,52692.8,60,0,115095
