Ticker,Date,Time,LTP,BuyPrice,BuyQty,SellPrice,SellQty,LTQ,OpenInterest
NIFTY-I.NFO,15/10/2024,09:15:00,25259,25265,25,25274,1025,300,13494750
NIFTY-I.NFO,15/10/2024,09:15:00,25259,25265,25,25274,1025,0,13494750
NIFTY-I.NFO,15/10/2024,09:15:00,25273.95,25265,25,25274,1025,0,13494750
NIFTY-I.NFO,15/10/2024,09:15:00,25259,25265,25,25274,1025,0,13494750
NIFTY-I.NFO,15/10/2024,09:15:01,25260,25260,300,25264.25,25,2100,13494750
NIFTY-I.NFO,15/10/2024,09:15:01,25274,25260,300,25264.25,25,0,13494750
NIFTY-I.NFO,15/10/2024,09:15:03,25268.4,25260.1,100,25268.35,75,2200,13494750
NIFTY-I.NFO,15/10/2024,09:15:04,25266.3,25266.3,75,25272.85,100,1475,13494750
NIFTY-I.NFO,15/10/2024,09:15:04,25274.4,25266.3,75,25272.85,100,0,13494750
NIFTY-I.NFO,15/10/2024,09:15:06,25275,25270.05,25,25273.85,100,1300,13494750
NIFTY-I.NFO,15/10/2024,09:15:06,25275,25270.05,25,25273.85,100,0,13494750
NIFTY-I.NFO,15/10/2024,09:15:07,25279.55,25273.85,50,25279.85,25,1875,13494750
NIFTY-I.NFO,15/10/2024,09:15:07,25280,25273.85,50,25279.85,25,0,13494750
NIFTY-I.NFO,15/10/2024,09:15:09,25268.8,25268.8,100,25276.1,25,3375,13494750
NIFTY-I.NFO,15/10/2024,09:15:09,25280.85,25268.8,100,25276.1,25,0,13494750
NIFTY-I.NFO,15/10/2024,09:15:10,25269.1,25269.1,100,25275,25,1275,13494750
NIFTY-I.NFO,15/10/2024,09:15:12,25270,25270,300,25274.35,100,4900,13494750
NIFTY-I.NFO,15/10/2024,09:15:13,25270,25268.45,100,25276.55,75,825,13494750
NIFTY-I.NFO,15/10/2024,09:15:15,25280,25274.35,225,25280,125,3125,13494750
NIFTY-I.NFO,15/10/2024,09:15:16,25276.7,25276.65,50,25283.7,25,700,13494750
NIFTY-I.NFO,15/10/2024,09:15:16,25283.65,25276.65,50,25283.7,25,0,13494750
NIFTY-I.NFO,15/10/2024,09:15:18,25283.7,25283.7,625,25284.15,25,1675,13494750
NIFTY-I.NFO,15/10/2024,09:15:18,25284,25283.7,625,25284.15,25,0,13494750
NIFTY-I.NFO,15/10/2024,09:15:19,25280,25279.95,25,25285,225,2925,13494750
NIFTY-I.NFO,15/10/2024,09:15:19,25285,25279.95,25,25285,225,0,13494750
NIFTY-I.NFO,15/10/2024,09:15:21,25279.95,25279.05,25,25285,100,3850,13494750
NIFTY-I.NFO,15/10/2024,09:15:21,25287.95,25279.05,25,25285,100,0,13494750
NIFTY-I.NFO,15/10/2024,09:15:22,25276.5,25277.2,75,25284.2,100,1475,13494750
NIFTY-I.NFO,15/10/2024,09:15:24,25277.2,25275.15,100,25282.85,25,2000,13494750
NIFTY-I.NFO,15/10/2024,09:15:25,25276.55,25276.5,125,25280,25,350,13494750
NIFTY-I.NFO,15/10/2024,09:15:27,25281,25275.35,200,25282,25,2550,13494750
NIFTY-I.NFO,15/10/2024,09:15:29,25283.7,25277.3,325,25283.65,75,1500,13494750
NIFTY-I.NFO,15/10/2024,09:15:30,25280,25280,325,25283.6,25,550,13494750
NIFTY-I.NFO,15/10/2024,09:15:32,25283.95,25280,575,25283.95,25,1650,13494750
NIFTY-I.NFO,15/10/2024,09:15:33,25279.95,25279.95,1475,25283.55,25,1750,13494750
NIFTY-I.NFO,15/10/2024,09:15:35,25283,25280.1,125,25283,50,725,13494750
NIFTY-I.NFO,15/10/2024,09:15:36,25283.55,25280,50,25283,25,2750,13494750
NIFTY-I.NFO,15/10/2024,09:15:38,25279.95,25276,275,25280,825,2050,13494750
NIFTY-I.NFO,15/10/2024,09:15:39,25283,25277.35,100,25283.95,200,2425,13494750
NIFTY-I.NFO,15/10/2024,09:15:41,25278.7,25277.35,25,25281.25,75,900,13494750
NIFTY-I.NFO,15/10/2024,09:15:43,25276,25275.35,300,25282.1,75,3900,13494750
NIFTY-I.NFO,15/10/2024,09:15:44,25279.85,25277,25,25279.55,25,275,13494750
NIFTY-I.NFO,15/10/2024,09:15:46,25275,25275,25,25278.6,125,700,13494750
NIFTY-I.NFO,15/10/2024,09:15:47,25279.5,25275,275,25279.05,225,2850,13494750
NIFTY-I.NFO,15/10/2024,09:15:49,25277.95,25270.1,200,25277.95,75,3850,13494750
NIFTY-I.NFO,15/10/2024,09:15:50,25270.1,25269.4,200,25275,25,2350,13484250
NIFTY-I.NFO,15/10/2024,09:15:52,25277.15,25270.05,300,25277.3,25,1500,13484250
NIFTY-I.NFO,15/10/2024,09:15:53,25278.3,25270.65,200,25278.25,50,875,13484250
NIFTY-I.NFO,15/10/2024,09:15:55,25275,25275,1100,25277.95,50,1325,13484250
NIFTY-I.NFO,15/10/2024,09:15:57,25275,25275,1025,25278.3,25,300,13484250
NIFTY-I.NFO,15/10/2024,09:15:58,25280,25274.7,175,25280.1,50,1800,13484250
NIFTY-I.NFO,15/10/2024,09:16:00,25280,25273.95,300,25280.1,50,975,13484250
NIFTY-I.NFO,15/10/2024,09:16:01,25277.35,25277.55,175,25284,125,1525,13484250
NIFTY-I.NFO,15/10/2024,09:16:03,25284.4,25280,2125,25285,675,1150,13484250
NIFTY-I.NFO,15/10/2024,09:16:04,25281.9,25280,2075,25284.8,25,375,13484250
NIFTY-I.NFO,15/10/2024,09:16:06,25280,25280,1650,25281.85,175,375,13484250
NIFTY-I.NFO,15/10/2024,09:16:07,25281.85,25280,250,25281.9,50,1575,13484250
NIFTY-I.NFO,15/10/2024,09:16:09,25278.85,25279.05,300,25285.4,175,2550,13484250
NIFTY-I.NFO,15/10/2024,09:16:10,25280,25279.05,125,25280,250,1250,13484250
NIFTY-I.NFO,15/10/2024,09:16:12,25284,25279.1,450,25280.9,100,625,13484250
NIFTY-I.NFO,15/10/2024,09:16:13,25284,25279.65,200,25284,450,425,13484250
NIFTY-I.NFO,15/10/2024,09:16:15,25278.5,25280,25,25284.95,25,1525,13484250
NIFTY-I.NFO,15/10/2024,09:16:17,25278.15,25278,150,25284.95,25,1200,13484250
NIFTY-I.NFO,15/10/2024,09:16:18,25283.1,25277.95,1025,25283.1,25,700,13484250
NIFTY-I.NFO,15/10/2024,09:16:20,25278,25278,150,25283.25,25,2825,13484250
NIFTY-I.NFO,15/10/2024,09:16:21,25280,25278.15,25,25284.35,25,2025,13484250
NIFTY-I.NFO,15/10/2024,09:16:23,25280,25278.45,100,25283,150,1100,13484250
NIFTY-I.NFO,15/10/2024,09:16:24,25283,25278.5,100,25284,25,425,13484250
NIFTY-I.NFO,15/10/2024,09:16:26,25280,25278.55,100,25285,25,400,13484250
NIFTY-I.NFO,15/10/2024,09:16:28,25280.05,25280.05,125,25285.95,100,450,13484250
NIFTY-I.NFO,15/10/2024,09:16:29,25286.05,25282,125,25285.9,100,150,13484250
NIFTY-I.NFO,15/10/2024,09:16:31,25280,25278.7,100,25282,25,600,13484250
NIFTY-I.NFO,15/10/2024,09:16:32,25280.15,25280.4,50,25285,225,300,13484250
NIFTY-I.NFO,15/10/2024,09:16:34,25285,25280.55,350,25285,100,575,13484250
NIFTY-I.NFO,15/10/2024,09:16:35,25285,25285,1400,25287.3,125,850,13484250
NIFTY-I.NFO,15/10/2024,09:16:37,25285,25280.4,200,25285.95,50,1400,13484250
NIFTY-I.NFO,15/10/2024,09:16:39,25280,25280,375,25285,25,275,13484250
NIFTY-I.NFO,15/10/2024,09:16:40,25283,25283,75,25285,25,600,13484250
NIFTY-I.NFO,15/10/2024,09:16:42,25280.05,25280,550,25284.8,50,1725,13484250
NIFTY-I.NFO,15/10/2024,09:16:44,25285.2,25280,650,25284,25,325,13484250
NIFTY-I.NFO,15/10/2024,09:16:45,25280.1,25280,450,25285,25,450,13484250
NIFTY-I.NFO,15/10/2024,09:16:47,25280,25280,300,25284.9,50,325,13484250
NIFTY-I.NFO,15/10/2024,09:16:48,25280.1,25280,200,25284.9,25,875,13484250
NIFTY-I.NFO,15/10/2024,09:16:50,25284.9,25280.4,325,25285,425,175,13484250
NIFTY-I.NFO,15/10/2024,09:16:52,25281.1,25281.45,175,25284.4,50,75,13484250
NIFTY-I.NFO,15/10/2024,09:16:53,25282.2,25282.25,275,25284.4,50,250,13484250
NIFTY-I.NFO,15/10/2024,09:16:55,25285,25282.2,125,25285,575,400,13484250
NIFTY-I.NFO,15/10/2024,09:16:56,25282.6,25282.25,300,25284.4,25,75,13484250
NIFTY-I.NFO,15/10/2024,09:16:58,25282.4,25282.3,125,25285,625,100,13484250
NIFTY-I.NFO,15/10/2024,09:17:00,25281.35,25281.4,225,25285,425,450,13484250
NIFTY-I.NFO,15/10/2024,09:17:01,25280.5,25280.5,25,25284.95,250,225,13484250
NIFTY-I.NFO,15/10/2024,09:17:03,25284.1,25280,875,25281.4,50,350,13484250
NIFTY-I.NFO,15/10/2024,09:17:04,25281.35,25280,850,25284.3,225,350,13484250
NIFTY-I.NFO,15/10/2024,09:17:06,25280,25280,400,25284,100,675,13484250
NIFTY-I.NFO,15/10/2024,09:17:08,25280,25280,200,25284.85,125,550,13484250
NIFTY-I.NFO,15/10/2024,09:17:09,25280,25280,275,25284,100,75,13484250
NIFTY-I.NFO,15/10/2024,09:17:11,25284,25280,150,25284.4,125,375,13484250
NIFTY-I.NFO,15/10/2024,09:17:12,25280,25279.1,225,25284.5,125,975,13484250
NIFTY-I.NFO,15/10/2024,09:17:14,25284.2,25279.3,250,25284.9,150,1425,13484250
NIFTY-I.NFO,15/10/2024,09:17:16,25280,25280.25,200,25285,1750,600,13484250
NIFTY-I.NFO,15/10/2024,09:17:17,25285,25280.7,150,25285,1650,1225,13484250
NIFTY-I.NFO,15/10/2024,09:17:19,25286,25280.7,125,25286,175,1900,13484250
NIFTY-I.NFO,15/10/2024,09:17:20,25280.1,25280,475,25285.85,250,475,13484250
NIFTY-I.NFO,15/10/2024,09:17:22,25285,25285,1475,25285.55,125,225,13484250
NIFTY-I.NFO,15/10/2024,09:17:24,25285,25284.3,50,25285,175,1875,13484250
NIFTY-I.NFO,15/10/2024,09:17:25,25280,25280,500,25284.8,25,500,13484250
NIFTY-I.NFO,15/10/2024,09:17:27,25284.5,25280,375,25284.55,425,300,13484250
NIFTY-I.NFO,15/10/2024,09:17:28,25284,25280.05,225,25284,50,200,13484250
NIFTY-I.NFO,15/10/2024,09:17:30,25284,25280,150,25284.85,125,1300,13484250
NIFTY-I.NFO,15/10/2024,09:17:31,25280,25280,150,25284.85,25,425,13484250
NIFTY-I.NFO,15/10/2024,09:17:33,25280,25278.5,125,25284,25,3025,13484250
NIFTY-I.NFO,15/10/2024,09:17:35,25285,25280,50,25285,25,600,13484250
NIFTY-I.NFO,15/10/2024,09:17:36,25280,25278.25,200,25283,100,700,13484250
NIFTY-I.NFO,15/10/2024,09:17:38,25283,25280,125,25283,75,75,13484250
NIFTY-I.NFO,15/10/2024,09:17:39,25280,25277.95,300,25284,100,2075,13484250
NIFTY-I.NFO,15/10/2024,09:17:41,25277.95,25277.95,275,25283.8,50,100,13484250
NIFTY-I.NFO,15/10/2024,09:17:42,25277.95,25277.95,225,25280,25,325,13484250
NIFTY-I.NFO,15/10/2024,09:17:44,25282.05,25277.95,225,25279.9,25,350,13484250
NIFTY-I.NFO,15/10/2024,09:17:46,25277.7,25277,175,25277.6,50,300,13484250
NIFTY-I.NFO,15/10/2024,09:17:47,25276.65,25276.65,250,25277.6,25,175,13484250
NIFTY-I.NFO,15/10/2024,09:17:49,25276.65,25274.1,150,25280,175,675,13484250
NIFTY-I.NFO,15/10/2024,09:17:51,25274.4,25274.25,100,25277.7,25,150,13484250
NIFTY-I.NFO,15/10/2024,09:17:52,25277.7,25277.7,25,25279.9,50,100,13484250
NIFTY-I.NFO,15/10/2024,09:17:55,25278.15,25272.45,125,25278.15,250,400,13484250
NIFTY-I.NFO,15/10/2024,09:17:57,25277,25271,275,25277.3,25,225,13484250
NIFTY-I.NFO,15/10/2024,09:17:58,25272.45,25271,450,25277.3,25,75,13484250
NIFTY-I.NFO,15/10/2024,09:18:00,25274.05,25273.2,275,25279,25,650,13484250
NIFTY-I.NFO,15/10/2024,09:18:02,25277.35,25274.3,300,25280,25,750,13484250
NIFTY-I.NFO,15/10/2024,09:18:03,25274,25273.7,250,25280,150,50,13484250
NIFTY-I.NFO,15/10/2024,09:18:05,25280,25274.3,125,25280,400,50,13484250
NIFTY-I.NFO,15/10/2024,09:18:06,25273.7,25273.15,150,25280,550,100,13484250
NIFTY-I.NFO,15/10/2024,09:18:08,25280,25277.35,100,25280,475,125,13484250
NIFTY-I.NFO,15/10/2024,09:18:09,25277.35,25277.35,25,25279,50,125,13484250
NIFTY-I.NFO,15/10/2024,09:18:11,25280.95,25277.3,125,25281.2,150,750,13484250
NIFTY-I.NFO,15/10/2024,09:18:13,25277.35,25272.9,200,25279.8,125,200,13484250
NIFTY-I.NFO,15/10/2024,09:18:14,25273.8,25273.7,75,25280,125,475,13484250
NIFTY-I.NFO,15/10/2024,09:18:16,25280,25277,25,25280,125,150,13484250
NIFTY-I.NFO,15/10/2024,09:18:17,25279,25275.55,225,25280,350,175,13484250
NIFTY-I.NFO,15/10/2024,09:18:19,25275.8,25276.35,150,25280,350,125,13484250
NIFTY-I.NFO,15/10/2024,09:18:21,25275.8,25276.45,225,25280,350,0,13484250
NIFTY-I.NFO,15/10/2024,09:18:22,25276.45,25276.45,125,25280,250,450,13484250
NIFTY-I.NFO,15/10/2024,09:18:24,25280,25276.1,225,25280,200,650,13484250
NIFTY-I.NFO,15/10/2024,09:18:26,25280,25277.3,150,25282,50,875,13484250
NIFTY-I.NFO,15/10/2024,09:18:27,25280,25280,125,25283,200,300,13484250
NIFTY-I.NFO,15/10/2024,09:18:29,25280,25280,125,25283,175,75,13484250
NIFTY-I.NFO,15/10/2024,09:18:31,25275,25276.65,50,25282.2,50,6250,13484250
NIFTY-I.NFO,15/10/2024,09:18:32,25282.4,25281,25,25282.45,125,75,13484250
NIFTY-I.NFO,15/10/2024,09:18:34,25280,25276.05,150,25280,75,1200,13484250
NIFTY-I.NFO,15/10/2024,09:18:36,25280,25277.3,225,25280,25,150,13484250
NIFTY-I.NFO,15/10/2024,09:18:37,25282.35,25280,25,25282.4,25,1025,13484250
NIFTY-I.NFO,15/10/2024,09:18:39,25282.4,25277.15,125,25282.85,125,200,13484250
NIFTY-I.NFO,15/10/2024,09:18:41,25276.45,25276.35,100,25280,375,15525,13484250
NIFTY-I.NFO,15/10/2024,09:18:42,25278,25278.5,100,25280,425,300,13484250
NIFTY-I.NFO,15/10/2024,09:18:44,25277.15,25276.55,100,25280,175,650,13484250
NIFTY-I.NFO,15/10/2024,09:18:46,25276.9,25277.5,350,25282,250,900,13484250
NIFTY-I.NFO,15/10/2024,09:18:47,25280,25277.25,25,25282,300,50,13484250
NIFTY-I.NFO,15/10/2024,09:18:49,25280,25280,25,25282,275,75,13484250
NIFTY-I.NFO,15/10/2024,09:18:51,25280,25278.25,350,25280,375,250,13475975
NIFTY-I.NFO,15/10/2024,09:18:52,25280,25280,25,25281,25,400,13475975
NIFTY-I.NFO,15/10/2024,09:18:54,25280,25278.15,125,25281,25,50,13475975
NIFTY-I.NFO,15/10/2024,09:18:55,25280,25279.65,125,25282,475,200,13475975
NIFTY-I.NFO,15/10/2024,09:18:57,25278.35,25277.8,125,25282,425,225,13475975
NIFTY-I.NFO,15/10/2024,09:18:59,25282,25278.45,125,25282,425,25,13475975
NIFTY-I.NFO,15/10/2024,09:19:00,25279.9,25279.65,25,25282,25,1150,13475975
NIFTY-I.NFO,15/10/2024,09:19:02,25281.25,25281,275,25282,350,75,13475975
NIFTY-I.NFO,15/10/2024,09:19:04,25282,25282,400,25284.7,50,600,13475975
NIFTY-I.NFO,15/10/2024,09:19:05,25282.65,25282.5,350,25284.9,25,75,13475975
NIFTY-I.NFO,15/10/2024,09:19:07,25283.4,25283.65,275,25285,2300,375,13475975
NIFTY-I.NFO,15/10/2024,09:19:09,25285,25283.65,25,25285,1850,475,13475975
NIFTY-I.NFO,15/10/2024,09:19:10,25285,25282.95,250,25285,1725,300,13475975
NIFTY-I.NFO,15/10/2024,09:19:12,25282,25281.8,275,25285,1425,425,13475975
NIFTY-I.NFO,15/10/2024,09:19:14,25284,25281.8,125,25284,125,50,13475975
NIFTY-I.NFO,15/10/2024,09:19:15,25281.6,25281.15,125,25282,1125,900,13475975
NIFTY-I.NFO,15/10/2024,09:19:17,25282,25280.55,125,25282,1050,150,13475975
NIFTY-I.NFO,15/10/2024,09:19:18,25280.85,25280.9,125,25283.65,50,1325,13475975
NIFTY-I.NFO,15/10/2024,09:19:20,25285,25280.2,125,25285,1225,875,13475975
NIFTY-I.NFO,15/10/2024,09:19:22,25280.85,25280.25,125,25284.9,50,150,13475975
NIFTY-I.NFO,15/10/2024,09:19:23,25285,25281.3,350,25285,1275,225,13475975
NIFTY-I.NFO,15/10/2024,09:19:25,25285,25282,75,25285,1400,475,13475975
NIFTY-I.NFO,15/10/2024,09:19:27,25282,25281.35,25,25285,1375,100,13475975
NIFTY-I.NFO,15/10/2024,09:19:28,25285,25280.35,250,25282,50,75,13475975
NIFTY-I.NFO,15/10/2024,09:19:30,25281.05,25280.35,250,25284,25,125,13475975
NIFTY-I.NFO,15/10/2024,09:19:31,25281.35,25281.05,125,25284,25,25,13475975
NIFTY-I.NFO,15/10/2024,09:19:33,25280.4,25280.4,50,25284,25,125,13475975
NIFTY-I.NFO,15/10/2024,09:19:35,25284,25280.35,250,25284,25,25,13475975
NIFTY-I.NFO,15/10/2024,09:19:36,25285,25280.35,150,25285,1375,750,13475975
NIFTY-I.NFO,15/10/2024,09:19:38,25282,25281.2,375,25284.95,25,1050,13475975
NIFTY-I.NFO,15/10/2024,09:19:40,25283,25283,300,25284.95,125,275,13475975
NIFTY-I.NFO,15/10/2024,09:19:41,25284.95,25283,175,25284.95,150,175,13475975
NIFTY-I.NFO,15/10/2024,09:19:43,25284,25283,75,25284,25,175,13475975
NIFTY-I.NFO,15/10/2024,09:19:44,25284,25283,75,25284.85,250,25,13475975
NIFTY-I.NFO,15/10/2024,09:19:46,25284.85,25282.25,125,25284.85,100,325,13475975
NIFTY-I.NFO,15/10/2024,09:19:48,25281.05,25281.05,25,25284.85,75,75,13475975
NIFTY-I.NFO,15/10/2024,09:19:49,25281.2,25281.1,125,25284.85,50,75,13475975
NIFTY-I.NFO,15/10/2024,09:19:51,25284.85,25282.6,125,25284.85,25,200,13475975
NIFTY-I.NFO,15/10/2024,09:19:53,25284,25282.55,200,25284.65,225,125,13475975
NIFTY-I.NFO,15/10/2024,09:19:54,25283.3,25282.95,125,25285,1250,675,13475975
NIFTY-I.NFO,15/10/2024,09:19:56,25285,25283.05,375,25285,925,800,13475975
NIFTY-I.NFO,15/10/2024,09:19:58,25283.25,25284.85,150,25285,1000,600,13475975
NIFTY-I.NFO,15/10/2024,09:19:59,25285,25284.4,275,25284.95,25,325,13475975
NIFTY-I.NFO,15/10/2024,09:20:01,25283.05,25279.05,225,25284,25,5700,13475975
NIFTY-I.NFO,15/10/2024,09:20:03,25282.75,25275.15,100,25282.8,25,5225,13475975
NIFTY-I.NFO,15/10/2024,09:20:04,25272.75,25272.75,350,25280.25,25,2050,13475975
NIFTY-I.NFO,15/10/2024,09:20:06,25273.25,25276.15,25,25279.05,25,225,13475975
NIFTY-I.NFO,15/10/2024,09:20:07,25279.05,25273.4,150,25280,850,200,13475975
NIFTY-I.NFO,15/10/2024,09:20:09,25273.75,25274.25,225,25280,850,100,13475975
NIFTY-I.NFO,15/10/2024,09:20:11,25274.8,25274.8,125,25280,1450,50,13475975
NIFTY-I.NFO,15/10/2024,09:20:13,25279.9,25273,125,25279.85,25,1500,13475975
NIFTY-I.NFO,15/10/2024,09:20:14,25275,25274.3,150,25280,450,75,13475975
NIFTY-I.NFO,15/10/2024,09:20:16,25278,25273.15,150,25278,475,75,13475975
NIFTY-I.NFO,15/10/2024,09:20:18,25280,25275.25,300,25280,450,950,13475975
NIFTY-I.NFO,15/10/2024,09:20:19,25274.45,25275.35,100,25279,25,2550,13475975
NIFTY-I.NFO,15/10/2024,09:20:21,25271.25,25271.25,225,25278.75,25,2675,13475975
NIFTY-I.NFO,15/10/2024,09:20:23,25278.95,25271.8,125,25278.95,25,275,13475975
NIFTY-I.NFO,15/10/2024,09:20:24,25278.8,25271.95,175,25278.75,125,275,13475975
NIFTY-I.NFO,15/10/2024,09:20:26,25278.8,25273,125,25275,25,0,13475975
NIFTY-I.NFO,15/10/2024,09:20:28,25276,25271.95,175,25275,50,125,13475975
NIFTY-I.NFO,15/10/2024,09:20:29,25275,25271.75,50,25276,100,75,13475975
NIFTY-I.NFO,15/10/2024,09:20:31,25276,25274.75,500,25276,75,250,13475975
NIFTY-I.NFO,15/10/2024,09:20:33,25275.05,25275.05,125,25276,175,150,13475975
NIFTY-I.NFO,15/10/2024,09:20:34,25275,25275,100,25279.65,50,950,13475975
NIFTY-I.NFO,15/10/2024,09:20:36,25271.95,25272.05,125,25278.75,25,1325,13475975
NIFTY-I.NFO,15/10/2024,09:20:37,25276,25275,350,25278.9,125,25,13475975
NIFTY-I.NFO,15/10/2024,09:20:39,25275,25275,275,25278.9,25,350,13475975
NIFTY-I.NFO,15/10/2024,09:20:41,25278.9,25275,125,25279.95,75,75,13475975
NIFTY-I.NFO,15/10/2024,09:20:42,25280,25275,75,25280,625,125,13475975
NIFTY-I.NFO,15/10/2024,09:20:44,25275,25275,25,25280,600,75,13475975
NIFTY-I.NFO,15/10/2024,09:20:45,25275.15,25275.4,275,25280,525,175,13475975
NIFTY-I.NFO,15/10/2024,09:20:47,25275,25274.8,250,25280.95,100,2000,13475975
NIFTY-I.NFO,15/10/2024,09:20:49,25275,25273.25,125,25280.45,200,225,13475975
NIFTY-I.NFO,15/10/2024,09:20:50,25273.35,25273,225,25279.85,100,150,13475975
NIFTY-I.NFO,15/10/2024,09:20:52,25273.1,25273.1,225,25278,25,875,13475975
NIFTY-I.NFO,15/10/2024,09:20:54,25272.05,25273.15,200,25277,50,1275,13475975
NIFTY-I.NFO,15/10/2024,09:20:55,25275,25274.7,100,25277,75,50,13475975
NIFTY-I.NFO,15/10/2024,09:20:57,25274.85,25274.85,100,25277,100,100,13475975
NIFTY-I.NFO,15/10/2024,09:20:58,25277,25275.3,75,25277.75,25,175,13475975
NIFTY-I.NFO,15/10/2024,09:21:00,25275.55,25277,250,25279,25,225,13475975
NIFTY-I.NFO,15/10/2024,09:21:02,25272.8,25273.15,150,25279,25,1225,13475975
NIFTY-I.NFO,15/10/2024,09:21:03,25275.25,25272.85,50,25275,25,75,13475975
NIFTY-I.NFO,15/10/2024,09:21:05,25275.25,25271.6,200,25275.25,200,950,13475975
NIFTY-I.NFO,15/10/2024,09:21:07,25275.25,25270.05,50,25275,25,475,13475975
NIFTY-I.NFO,15/10/2024,09:21:08,25276.45,25272.95,25,25275.05,125,300,13475975
NIFTY-I.NFO,15/10/2024,09:21:10,25270,25270,1675,25274.45,50,725,13475975
NIFTY-I.NFO,15/10/2024,09:21:11,25275.25,25271,50,25275.1,25,100,13475975
NIFTY-I.NFO,15/10/2024,09:21:13,25271,25270,1675,25274.5,100,125,13475975
NIFTY-I.NFO,15/10/2024,09:21:15,25270,25270,1650,25275,700,100,13475975
NIFTY-I.NFO,15/10/2024,09:21:16,25270,25270.7,250,25275,725,325,13475975
NIFTY-I.NFO,15/10/2024,09:21:18,25275,25271.3,150,25275,725,525,13475975
NIFTY-I.NFO,15/10/2024,09:21:20,25271.2,25271.9,25,25275,450,500,13475975
NIFTY-I.NFO,15/10/2024,09:21:21,25270.1,25270.95,25,25275,400,325,13475975
NIFTY-I.NFO,15/10/2024,09:21:23,25271.6,25271.6,75,25275,175,875,13475975
NIFTY-I.NFO,15/10/2024,09:21:25,25275,25270.1,25,25275,50,225,13475975
NIFTY-I.NFO,15/10/2024,09:21:26,25275.15,25269.05,5350,25271.85,25,3650,13475975
NIFTY-I.NFO,15/10/2024,09:21:28,25275,25270.05,25,25275,225,250,13475975
NIFTY-I.NFO,15/10/2024,09:21:30,25271.05,25271.1,50,25275,250,425,13475975
NIFTY-I.NFO,15/10/2024,09:21:31,25275,25273.75,25,25275,50,225,13475975
NIFTY-I.NFO,15/10/2024,09:21:33,25270,25270,475,25275.25,525,150,13475975
NIFTY-I.NFO,15/10/2024,09:21:34,25275.25,25270,425,25274.75,100,325,13475975
NIFTY-I.NFO,15/10/2024,09:21:36,25270,25270,175,25272.7,25,275,13475975
NIFTY-I.NFO,15/10/2024,09:21:38,25269.05,25269.05,5150,25270,4850,300,13475975
NIFTY-I.NFO,15/10/2024,09:21:39,25270,25269.05,4375,25270,4825,875,13475975
NIFTY-I.NFO,15/10/2024,09:21:41,25269.05,25269.05,4250,25270,4775,175,13475975
NIFTY-I.NFO,15/10/2024,09:21:43,25270,25269.05,3550,25270,4475,1000,13475975
NIFTY-I.NFO,15/10/2024,09:21:44,25269.05,25269.05,3425,25270,3725,875,13475975
NIFTY-I.NFO,15/10/2024,09:21:46,25270,25269.05,3300,25270,3525,375,13475975
NIFTY-I.NFO,15/10/2024,09:21:47,25269.05,25269.05,3200,25270,3400,225,13475975
NIFTY-I.NFO,15/10/2024,09:21:49,25269.05,25269.05,3050,25270,3400,150,13475975
NIFTY-I.NFO,15/10/2024,09:21:51,25269.05,25269.05,3000,25270,2125,1425,13495400
NIFTY-I.NFO,15/10/2024,09:21:52,25270,25269.05,2975,25270,1900,300,13495400
NIFTY-I.NFO,15/10/2024,09:21:54,25269.05,25269.05,2875,25269.9,1375,125,13495400
NIFTY-I.NFO,15/10/2024,09:21:56,25269.05,25269.05,2775,25269.9,1400,125,13495400
NIFTY-I.NFO,15/10/2024,09:21:57,25269.65,25269.15,50,25269.65,275,100,13495400
NIFTY-I.NFO,15/10/2024,09:22:01,25269.05,25269.05,2700,25269.65,350,150,13495400
NIFTY-I.NFO,15/10/2024,09:22:02,25269.9,25269.65,25,25269.9,1100,1250,13495400
NIFTY-I.NFO,15/10/2024,09:22:04,25269.65,25269.45,25,25269.65,175,1825,13495400
NIFTY-I.NFO,15/10/2024,09:22:05,25270,25269.05,2375,25274.95,100,1500,13495400
NIFTY-I.NFO,15/10/2024,09:22:07,25269.05,25269.05,2275,25274.95,100,225,13495400
NIFTY-I.NFO,15/10/2024,09:22:09,25269.05,25269.05,100,25274.5,275,3200,13495400
NIFTY-I.NFO,15/10/2024,09:22:10,25268,25270,1000,25274.25,225,325,13495400
NIFTY-I.NFO,15/10/2024,09:22:12,25270,25268,50,25274.15,225,1050,13495400
NIFTY-I.NFO,15/10/2024,09:22:14,25270.5,25268,50,25274.15,225,50,13495400
NIFTY-I.NFO,15/10/2024,09:22:15,25269.05,25269,25,25270.5,25,575,13495400
NIFTY-I.NFO,15/10/2024,09:22:17,25270.5,25269,25,25274.45,25,50,13495400
NIFTY-I.NFO,15/10/2024,09:22:18,25268,25269.5,25,25274.95,100,725,13495400
NIFTY-I.NFO,15/10/2024,09:22:20,25267.8,25268.55,125,25275,225,850,13495400
NIFTY-I.NFO,15/10/2024,09:22:22,25274.45,25270.05,25,25275,200,125,13495400
NIFTY-I.NFO,15/10/2024,09:22:23,25275,25270,275,25275,175,50,13495400
NIFTY-I.NFO,15/10/2024,09:22:25,25275,25273.7,25,25275,250,325,13495400
NIFTY-I.NFO,15/10/2024,09:22:26,25273.5,25269.1,25,25275,225,25,13495400
NIFTY-I.NFO,15/10/2024,09:22:28,25275,25269.05,325,25275,250,75,13495400
NIFTY-I.NFO,15/10/2024,09:22:30,25269.25,25269.55,250,25275,275,175,13495400
NIFTY-I.NFO,15/10/2024,09:22:31,25269.25,25270,25,25275,350,0,13495400
NIFTY-I.NFO,15/10/2024,09:22:33,25270,25269.9,25,25275,450,50,13495400
NIFTY-I.NFO,15/10/2024,09:22:35,25270,25269.9,25,25275,675,75,13495400
NIFTY-I.NFO,15/10/2024,09:22:36,25269.9,25270.4,700,25274.95,25,275,13495400
NIFTY-I.NFO,15/10/2024,09:22:38,25270.65,25271.05,300,25275,500,150,13495400
NIFTY-I.NFO,15/10/2024,09:22:40,25273.15,25273,25,25275.25,300,800,13495400
NIFTY-I.NFO,15/10/2024,09:22:42,25275,25273,25,25275.25,275,75,13495400
NIFTY-I.NFO,15/10/2024,09:22:43,25271.85,25271,25,25275.25,275,425,13495400
NIFTY-I.NFO,15/10/2024,09:22:45,25271.2,25271.1,25,25275,200,150,13495400
NIFTY-I.NFO,15/10/2024,09:22:46,25271.2,25271.1,50,25275,300,0,13495400
NIFTY-I.NFO,15/10/2024,09:22:48,25271.1,25270.2,50,25274.95,25,250,13495400
NIFTY-I.NFO,15/10/2024,09:22:50,25271.1,25271.85,25,25274.95,25,0,13495400
NIFTY-I.NFO,15/10/2024,09:22:51,25275,25272.65,25,25275,100,125,13495400
NIFTY-I.NFO,15/10/2024,09:22:53,25273.1,25272.65,25,25275,75,100,13495400
NIFTY-I.NFO,15/10/2024,09:22:55,25271.55,25272,250,25276,1675,1075,13495400
NIFTY-I.NFO,15/10/2024,09:22:56,25271.55,25272.75,25,25276,1675,0,13495400
NIFTY-I.NFO,15/10/2024,09:22:58,25275,25271.9,50,25275,125,300,13495400
NIFTY-I.NFO,15/10/2024,09:23:00,25273.6,25272.95,200,25275,350,75,13495400
NIFTY-I.NFO,15/10/2024,09:23:01,25275,25274,250,25275,275,125,13495400
NIFTY-I.NFO,15/10/2024,09:23:03,25272.65,25272.45,250,25275,300,75,13495400
NIFTY-I.NFO,15/10/2024,09:23:05,25275,25273.5,250,25275,150,150,13495400
NIFTY-I.NFO,15/10/2024,09:23:06,25273.65,25273.6,25,25275,175,50,13495400
NIFTY-I.NFO,15/10/2024,09:23:08,25275,25273.75,25,25275,125,75,13495400
NIFTY-I.NFO,15/10/2024,09:23:09,25274,25274,50,25274.95,25,100,13495400
NIFTY-I.NFO,15/10/2024,09:23:11,25274.95,25274,25,25274.95,25,50,13495400
NIFTY-I.NFO,15/10/2024,09:23:13,25274.95,25273.3,200,25275,100,250,13495400
NIFTY-I.NFO,15/10/2024,09:23:14,25275,25275,25,25276,1375,375,13495400
NIFTY-I.NFO,15/10/2024,09:23:16,25273.25,25273.3,175,25275,500,150,13495400
NIFTY-I.NFO,15/10/2024,09:23:17,25275,25273.5,125,25275,475,250,13495400
NIFTY-I.NFO,15/10/2024,09:23:19,25275,25274.05,150,25276,1350,625,13495400
NIFTY-I.NFO,15/10/2024,09:23:21,25276,25275,25,25276,850,500,13495400
NIFTY-I.NFO,15/10/2024,09:23:22,25273.75,25273.45,50,25273.75,525,375,13495400
NIFTY-I.NFO,15/10/2024,09:23:24,25273.95,25274,125,25275,25,2950,13495400
NIFTY-I.NFO,15/10/2024,09:23:25,25274.05,25274.35,125,25275,25,100,13495400
NIFTY-I.NFO,15/10/2024,09:23:27,25276,25274.8,50,25277,25,925,13495400
NIFTY-I.NFO,15/10/2024,09:23:29,25277,25276,25,25278,100,25,13495400
NIFTY-I.NFO,15/10/2024,09:23:30,25276,25275.45,225,25278,100,50,13495400
NIFTY-I.NFO,15/10/2024,09:23:32,25278,25275.5,50,25278,50,50,13495400
NIFTY-I.NFO,15/10/2024,09:23:34,25277,25277,50,25279,150,250,13495400
NIFTY-I.NFO,15/10/2024,09:23:35,25279.05,25277,50,25280,825,175,13495400
NIFTY-I.NFO,15/10/2024,09:23:37,25280,25277.05,25,25280,750,225,13495400
NIFTY-I.NFO,15/10/2024,09:23:39,25277,25278,25,25282,225,1450,13495400
NIFTY-I.NFO,15/10/2024,09:23:40,25282.8,25276.4,125,25282.8,25,675,13495400
NIFTY-I.NFO,15/10/2024,09:23:42,25276.7,25276.7,350,25283.6,50,275,13495400
NIFTY-I.NFO,15/10/2024,09:23:43,25283.85,25278,100,25284,125,175,13495400
NIFTY-I.NFO,15/10/2024,09:23:45,25278.05,25277.45,200,25282,25,325,13495400
NIFTY-I.NFO,15/10/2024,09:23:47,25283.95,25277.45,200,25283.95,150,325,13495400
NIFTY-I.NFO,15/10/2024,09:23:48,25277,25276.65,50,25283.65,50,50,13495400
NIFTY-I.NFO,15/10/2024,09:23:50,25283.75,25277,50,25283.8,100,25,13495400
NIFTY-I.NFO,15/10/2024,09:23:52,25280,25276.95,225,25280,475,650,13495400
NIFTY-I.NFO,15/10/2024,09:23:53,25280,25278.05,50,25280,525,0,13495400
NIFTY-I.NFO,15/10/2024,09:23:55,25278.05,25277.45,200,25280,525,50,13495400
NIFTY-I.NFO,15/10/2024,09:23:56,25277.15,25278,25,25280,525,200,13495400
NIFTY-I.NFO,15/10/2024,09:23:58,25277,25277,100,25282.9,50,875,13495400
NIFTY-I.NFO,15/10/2024,09:23:59,25279.55,25276.4,50,25282.25,25,350,13495400
NIFTY-I.NFO,15/10/2024,09:24:01,25280,25277.5,250,25283.6,25,300,13495400
NIFTY-I.NFO,15/10/2024,09:24:03,25277.15,25276.55,50,25281.25,25,1075,13495400
NIFTY-I.NFO,15/10/2024,09:24:04,25284,25280,12500,25281.45,75,1175,13495400
NIFTY-I.NFO,15/10/2024,09:24:06,25281.45,25280,24950,25281.45,25,125,13495400
NIFTY-I.NFO,15/10/2024,09:24:08,25284.4,25280,24725,25284.4,250,350,13495400
NIFTY-I.NFO,15/10/2024,09:24:09,25280,25280,24625,25283.8,275,125,13495400
NIFTY-I.NFO,15/10/2024,09:24:11,25280,25280,24625,25283.65,450,0,13495400
NIFTY-I.NFO,15/10/2024,09:24:12,25280,25280,24525,25283.45,350,100,13495400
NIFTY-I.NFO,15/10/2024,09:24:14,25280,25281,25,25283.7,450,0,13495400
NIFTY-I.NFO,15/10/2024,09:24:16,25281,25281,25,25283.8,225,75,13495400
NIFTY-I.NFO,15/10/2024,09:24:17,25280,25280,24175,25283,25,375,13495400
NIFTY-I.NFO,15/10/2024,09:24:19,25280,25280,24200,25283.8,25,125,13495400
NIFTY-I.NFO,15/10/2024,09:24:21,25281.1,25281.1,75,25283.8,75,100,13495400
NIFTY-I.NFO,15/10/2024,09:24:22,25281,25281,400,25283.45,250,150,13495400
NIFTY-I.NFO,15/10/2024,09:24:24,25281,25281,150,25282.6,250,250,13495400
NIFTY-I.NFO,15/10/2024,09:24:26,25281.95,25281,125,25282.45,250,250,13495400
NIFTY-I.NFO,15/10/2024,09:24:27,25281.1,25280,24450,25281.1,200,525,13495400
NIFTY-I.NFO,15/10/2024,09:24:29,25283.05,25280,24475,25283.25,250,1175,13495400
NIFTY-I.NFO,15/10/2024,09:24:31,25283.3,25280.65,100,25281,50,100,13495400
NIFTY-I.NFO,15/10/2024,09:24:32,25283.3,25281,25,25283.4,250,175,13495400
NIFTY-I.NFO,15/10/2024,09:24:34,25280,25282,25,25283.8,250,300,13495400
NIFTY-I.NFO,15/10/2024,09:24:36,25282,25280,24350,25282,25,50,13495400
NIFTY-I.NFO,15/10/2024,09:24:37,25280,25280,24325,25282.85,750,75,13495400
NIFTY-I.NFO,15/10/2024,09:24:39,25280,25280,24025,25281.6,75,300,13495400
NIFTY-I.NFO,15/10/2024,09:24:41,25280,25280,23975,25282.85,550,50,13495400
NIFTY-I.NFO,15/10/2024,09:24:42,25282.8,25281,250,25282.95,475,125,13495400
NIFTY-I.NFO,15/10/2024,09:24:44,25280,25280,23575,25283.3,25,650,13495400
NIFTY-I.NFO,15/10/2024,09:24:46,25284,25280,23525,25284,750,125,13495400
NIFTY-I.NFO,15/10/2024,09:24:47,25280,25280,23300,25282.75,50,250,13495400
NIFTY-I.NFO,15/10/2024,09:24:49,25280,25280,23300,25283,100,150,13495400
NIFTY-I.NFO,15/10/2024,09:24:51,25280,25280,23225,25283,175,100,13495400
NIFTY-I.NFO,15/10/2024,09:24:52,25280,25281.75,25,25283,275,375,13497525
NIFTY-I.NFO,15/10/2024,09:24:54,25282.85,25282.7,25,25283,300,250,13497525
NIFTY-I.NFO,15/10/2024,09:24:56,25283,25280,22975,25283,150,50,13497525
NIFTY-I.NFO,15/10/2024,09:24:57,25280,25280,22900,25282,100,100,13497525
NIFTY-I.NFO,15/10/2024,09:24:59,25282,25280,9375,25282,175,13825,13497525
NIFTY-I.NFO,15/10/2024,09:25:01,25280.15,25280,9375,25281,500,50,13497525
NIFTY-I.NFO,15/10/2024,09:25:02,25280.15,25280.85,25,25281,550,0,13497525
NIFTY-I.NFO,15/10/2024,09:25:04,25281,25280,9250,25281,475,225,13497525
NIFTY-I.NFO,15/10/2024,09:25:06,25280,25280,8975,25281,475,275,13497525
NIFTY-I.NFO,15/10/2024,09:25:07,25281,25280,8850,25282,50,775,13497525
NIFTY-I.NFO,15/10/2024,09:25:09,25280.15,25280.15,450,25282,50,1725,13497525
NIFTY-I.NFO,15/10/2024,09:25:11,25282,25280.85,150,25283.5,50,1025,13497525
NIFTY-I.NFO,15/10/2024,09:25:12,25280.05,25280,7175,25283.3,100,475,13497525
NIFTY-I.NFO,15/10/2024,09:25:14,25280.05,25280,7175,25282.85,175,0,13497525
NIFTY-I.NFO,15/10/2024,09:25:16,25280,25280,5425,25281.4,75,1775,13497525
NIFTY-I.NFO,15/10/2024,09:25:17,25277,25276.25,25,25278,25,5600,13497525
NIFTY-I.NFO,15/10/2024,09:25:19,25278.8,25275,275,25278.65,25,900,13497525
NIFTY-I.NFO,15/10/2024,09:25:21,25278.85,25275,150,25278.7,25,350,13497525
NIFTY-I.NFO,15/10/2024,09:25:22,25275,25274.45,100,25277.55,75,225,13497525
NIFTY-I.NFO,15/10/2024,09:25:24,25274.45,25274.45,25,25277.45,50,100,13497525
NIFTY-I.NFO,15/10/2024,09:25:25,25270.1,25271.8,25,25277.4,25,1525,13497525
NIFTY-I.NFO,15/10/2024,09:25:27,25274,25271.5,150,25278,25,125,13497525
NIFTY-I.NFO,15/10/2024,09:25:28,25270.8,25271.5,25,25277.5,125,75,13497525
NIFTY-I.NFO,15/10/2024,09:25:30,25275,25271.8,175,25277,50,75,13497525
NIFTY-I.NFO,15/10/2024,09:25:32,25271.2,25274.05,25,25274.8,50,200,13497525
NIFTY-I.NFO,15/10/2024,09:25:33,25270.1,25270.5,350,25274.8,50,1650,13497525
NIFTY-I.NFO,15/10/2024,09:25:35,25270.1,25270.9,50,25274.6,50,0,13497525
NIFTY-I.NFO,15/10/2024,09:25:36,25270.8,25270.8,200,25274.4,50,100,13497525
NIFTY-I.NFO,15/10/2024,09:25:38,25273,25271.45,25,25273,250,100,13497525
NIFTY-I.NFO,15/10/2024,09:25:40,25274.4,25273.7,50,25274.4,25,575,13497525
NIFTY-I.NFO,15/10/2024,09:25:41,25271.45,25271.45,125,25274.35,50,800,13497525
NIFTY-I.NFO,15/10/2024,09:25:45,25272.35,25272.35,75,25275,775,350,13497525
NIFTY-I.NFO,15/10/2024,09:25:46,25275,25272.85,50,25275,700,100,13497525
NIFTY-I.NFO,15/10/2024,09:25:48,25272.85,25272.85,50,25274.35,25,75,13497525
NIFTY-I.NFO,15/10/2024,09:25:50,25275,25272.6,50,25275,700,125,13497525
NIFTY-I.NFO,15/10/2024,09:25:51,25275,25272.35,25,25275,650,275,13497525
NIFTY-I.NFO,15/10/2024,09:25:53,25274.95,25272,1450,25275,575,100,13497525
NIFTY-I.NFO,15/10/2024,09:25:55,25275,25274.25,25,25275,650,300,13497525
NIFTY-I.NFO,15/10/2024,09:25:56,25275,25274.9,25,25275,600,50,13497525
NIFTY-I.NFO,15/10/2024,09:25:58,25275,25272.3,50,25275,625,350,13497525
NIFTY-I.NFO,15/10/2024,09:26:00,25272.6,25272,1375,25274.25,50,100,13497525
NIFTY-I.NFO,15/10/2024,09:26:01,25274.25,25272,1350,25274.45,25,75,13497525
NIFTY-I.NFO,15/10/2024,09:26:03,25272,25272,875,25274.45,25,475,13497525
NIFTY-I.NFO,15/10/2024,09:26:05,25274,25272,850,25274,75,75,13497525
NIFTY-I.NFO,15/10/2024,09:26:06,25272,25272,775,25274,50,100,13497525
NIFTY-I.NFO,15/10/2024,09:26:08,25272.2,25272.2,25,25274,50,25,13497525
NIFTY-I.NFO,15/10/2024,09:26:10,25272.2,25272.5,50,25274,50,50,13497525
NIFTY-I.NFO,15/10/2024,09:26:11,25273,25272.15,50,25274,75,25,13497525
NIFTY-I.NFO,15/10/2024,09:26:13,25272.15,25272,775,25274,50,100,13497525
NIFTY-I.NFO,15/10/2024,09:26:15,25272,25272,575,25272.2,25,200,13497525
NIFTY-I.NFO,15/10/2024,09:26:16,25274,25272,575,25274,50,75,13497525
NIFTY-I.NFO,15/10/2024,09:26:18,25272.15,25272.15,25,25274.45,25,150,13497525
NIFTY-I.NFO,15/10/2024,09:26:20,25275,25273.05,25,25275,875,50,13497525
NIFTY-I.NFO,15/10/2024,09:26:21,25273,25272.15,25,25273.95,200,75,13497525
NIFTY-I.NFO,15/10/2024,09:26:23,25272,25272,550,25274.4,100,50,13497525
NIFTY-I.NFO,15/10/2024,09:26:24,25272,25272,500,25274.4,100,50,13497525
NIFTY-I.NFO,15/10/2024,09:26:26,25273.8,25272,475,25274.45,25,25,13497525
NIFTY-I.NFO,15/10/2024,09:26:28,25270,25269.05,25,25270,3900,6150,13497525
NIFTY-I.NFO,15/10/2024,09:26:29,25269.05,25269,25,25270,3800,200,13497525
NIFTY-I.NFO,15/10/2024,09:26:31,25269,25269,25,25270,3725,100,13497525
NIFTY-I.NFO,15/10/2024,09:26:33,25269,25268.1,25,25270,3700,225,13497525
NIFTY-I.NFO,15/10/2024,09:26:34,25270,25268.1,50,25270,3650,75,13497525
NIFTY-I.NFO,15/10/2024,09:26:36,25268.1,25268.1,25,25270,3375,350,13497525
NIFTY-I.NFO,15/10/2024,09:26:38,25270,25268,950,25270,3325,300,13497525
NIFTY-I.NFO,15/10/2024,09:26:39,25270,25268,900,25270,3250,150,13497525
NIFTY-I.NFO,15/10/2024,09:26:41,25270,25268.1,25,25270,3200,100,13497525
NIFTY-I.NFO,15/10/2024,09:26:42,25268.1,25268,975,25270,3225,50,13497525
NIFTY-I.NFO,15/10/2024,09:26:44,25268,25268,875,25269.95,25,225,13497525
NIFTY-I.NFO,15/10/2024,09:26:46,25269.95,25269.95,100,25270,3225,175,13497525
NIFTY-I.NFO,15/10/2024,09:26:47,25269.95,25268,700,25269.9,75,125,13497525
NIFTY-I.NFO,15/10/2024,09:26:49,25270,25268,100,25269.95,100,2000,13497525
NIFTY-I.NFO,15/10/2024,09:26:50,25269.95,25268,125,25269.95,75,50,13497525
NIFTY-I.NFO,15/10/2024,09:26:52,25268,25266,100,25269.85,100,450,13497525
NIFTY-I.NFO,15/10/2024,09:26:54,25269.85,25265.35,150,25268.1,1250,150,13497525
NIFTY-I.NFO,15/10/2024,09:26:55,25265.4,25265.2,125,25268.1,1225,300,13497525
NIFTY-I.NFO,15/10/2024,09:26:57,25268.1,25266.15,25,25269.9,1500,1275,13497525
NIFTY-I.NFO,15/10/2024,09:26:58,25265.15,25268.1,50,25269.9,1575,550,13497525
NIFTY-I.NFO,15/10/2024,09:27:00,25265.1,25265.05,75,25269.9,1550,350,13497525
NIFTY-I.NFO,15/10/2024,09:27:02,25269.85,25265.05,75,25269.85,25,25,13497525
NIFTY-I.NFO,15/10/2024,09:27:03,25265,25265,1475,25269.9,1450,550,13497525
NIFTY-I.NFO,15/10/2024,09:27:05,25265,25265,1450,25269,25,125,13497525
NIFTY-I.NFO,15/10/2024,09:27:07,25265,25265,1300,25268.85,50,200,13497525
NIFTY-I.NFO,15/10/2024,09:27:08,25268.9,25265,1300,25268.2,125,125,13497525
NIFTY-I.NFO,15/10/2024,09:27:10,25265,25263,25,25265,975,1200,13497525
NIFTY-I.NFO,15/10/2024,09:27:11,25265,25263,25,25264.95,175,50,13497525
NIFTY-I.NFO,15/10/2024,09:27:13,25265,25262,50,25264.95,75,475,13497525
NIFTY-I.NFO,15/10/2024,09:27:15,25260.85,25260.3,125,25263,25,300,13497525
NIFTY-I.NFO,15/10/2024,09:27:16,25260,25260.4,125,25264.9,25,2325,13497525
NIFTY-I.NFO,15/10/2024,09:27:18,25261.25,25261.25,125,25264,25,50,13497525
NIFTY-I.NFO,15/10/2024,09:27:19,25260.25,25260.15,50,25264.95,25,350,13497525
NIFTY-I.NFO,15/10/2024,09:27:21,25260.05,25260,50,25264,100,225,13497525
NIFTY-I.NFO,15/10/2024,09:27:23,25261,25261.25,150,25263.95,25,100,13497525
NIFTY-I.NFO,15/10/2024,09:27:24,25261.45,25261.05,25,25265,500,525,13497525
NIFTY-I.NFO,15/10/2024,09:27:26,25265,25261.35,325,25265,250,375,13497525
NIFTY-I.NFO,15/10/2024,09:27:28,25265,25262.7,175,25268,50,300,13497525
NIFTY-I.NFO,15/10/2024,09:27:29,25265,25263.35,175,25269,75,300,13497525
NIFTY-I.NFO,15/10/2024,09:27:31,25265,25265,175,25268.95,200,175,13497525
NIFTY-I.NFO,15/10/2024,09:27:33,25265,25265,125,25268.95,200,75,13497525
NIFTY-I.NFO,15/10/2024,09:27:34,25270.8,25265,125,25269.85,100,3000,13497525
NIFTY-I.NFO,15/10/2024,09:27:36,25265,25265,75,25269.65,75,75,13497525
NIFTY-I.NFO,15/10/2024,09:27:38,25265,25265,200,25269.95,75,0,13497525
NIFTY-I.NFO,15/10/2024,09:27:39,25265,25265,125,25268,150,150,13497525
NIFTY-I.NFO,15/10/2024,09:27:41,25268,25265.25,125,25270,50,200,13497525
NIFTY-I.NFO,15/10/2024,09:27:43,25265.05,25265,150,25269,375,1350,13497525
NIFTY-I.NFO,15/10/2024,09:27:44,25269,25264.85,125,25269,325,250,13497525
NIFTY-I.NFO,15/10/2024,09:27:46,25264.85,25264.85,50,25269,225,175,13497525
NIFTY-I.NFO,15/10/2024,09:27:47,25269,25264,200,25269,175,50,13497525
NIFTY-I.NFO,15/10/2024,09:27:49,25263.45,25265,25,25269,175,350,13497525
NIFTY-I.NFO,15/10/2024,09:27:51,25265,25264.85,25,25269.45,125,125,13497525
NIFTY-I.NFO,15/10/2024,09:27:52,25269.95,25264.45,50,25270,9050,125,13496825
NIFTY-I.NFO,15/10/2024,09:27:54,25264.25,25264.15,100,25269.95,50,75,13496825
NIFTY-I.NFO,15/10/2024,09:27:56,25263.75,25263.45,125,25269.2,250,75,13496825
NIFTY-I.NFO,15/10/2024,09:27:57,25268.55,25262.5,225,25268.95,125,100,13496825
NIFTY-I.NFO,15/10/2024,09:27:59,25267,25262.4,25,25266.95,100,50,13496825
NIFTY-I.NFO,15/10/2024,09:28:01,25263,25262.25,50,25267,350,75,13496825
NIFTY-I.NFO,15/10/2024,09:28:02,25266,25265,25,25267,350,75,13496825
NIFTY-I.NFO,15/10/2024,09:28:04,25267,25264,25,25267,325,75,13496825
NIFTY-I.NFO,15/10/2024,09:28:06,25264,25263.1,75,25267,325,50,13496825
NIFTY-I.NFO,15/10/2024,09:28:07,25267,25265,250,25267,200,25,13496825
NIFTY-I.NFO,15/10/2024,09:28:09,25265,25262.5,75,25267,325,250,13496825
NIFTY-I.NFO,15/10/2024,09:28:11,25267,25262,150,25267,200,275,13496825
NIFTY-I.NFO,15/10/2024,09:28:12,25264,25264,950,25266.95,50,100,13496825
NIFTY-I.NFO,15/10/2024,09:28:14,25266.7,25264,950,25266.9,50,25,13496825
NIFTY-I.NFO,15/10/2024,09:28:16,25265,25264,900,25266.95,25,100,13496825
NIFTY-I.NFO,15/10/2024,09:28:17,25267,25264,875,25266.95,100,100,13496825
NIFTY-I.NFO,15/10/2024,09:28:19,25264,25264,725,25266.95,100,150,13496825
NIFTY-I.NFO,15/10/2024,09:28:20,25264,25262.95,25,25266.95,175,875,13496825
NIFTY-I.NFO,15/10/2024,09:28:22,25263,25262,175,25265.75,125,75,13496825
NIFTY-I.NFO,15/10/2024,09:28:24,25264.85,25260.65,100,25265.6,150,450,13496825
NIFTY-I.NFO,15/10/2024,09:28:25,25261,25260.7,100,25262.5,50,500,13496825
NIFTY-I.NFO,15/10/2024,09:28:27,25260.2,25260.2,25,25262.5,50,300,13496825
NIFTY-I.NFO,15/10/2024,09:28:29,25262.5,25260.85,100,25262.5,25,125,13496825
NIFTY-I.NFO,15/10/2024,09:28:30,25261.1,25261.05,100,25263.95,100,150,13496825
NIFTY-I.NFO,15/10/2024,09:28:32,25262,25262,25,25264,50,200,13496825
NIFTY-I.NFO,15/10/2024,09:28:34,25264,25264,75,25265,125,200,13496825
NIFTY-I.NFO,15/10/2024,09:28:35,25264,25264,75,25265,25,0,13496825
NIFTY-I.NFO,15/10/2024,09:28:37,25265,25262.05,75,25265,50,175,13496825
NIFTY-I.NFO,15/10/2024,09:28:39,25262,25261.85,75,25265,75,100,13496825
NIFTY-I.NFO,15/10/2024,09:28:40,25261.4,25261.25,125,25267.15,200,1775,13496825
NIFTY-I.NFO,15/10/2024,09:28:42,25267,25262.25,350,25267.95,150,225,13496825
NIFTY-I.NFO,15/10/2024,09:28:44,25265,25263.3,200,25268.6,100,175,13496825
NIFTY-I.NFO,15/10/2024,09:28:45,25268.6,25263.05,50,25268.6,175,75,13496825
NIFTY-I.NFO,15/10/2024,09:28:47,25263.2,25263.05,300,25268.9,50,325,13496825
NIFTY-I.NFO,15/10/2024,09:28:49,25267,25263.7,75,25268.9,50,2600,13496825
NIFTY-I.NFO,15/10/2024,09:28:50,25268.95,25263.85,75,25268.95,150,125,13496825
NIFTY-I.NFO,15/10/2024,09:28:52,25268.95,25264.55,100,25268.9,50,75,13496825
NIFTY-I.NFO,15/10/2024,09:28:54,25263.95,25263.35,100,25268.9,25,100,13496825
NIFTY-I.NFO,15/10/2024,09:28:55,25267.55,25263.5,50,25268.95,100,50,13496825
NIFTY-I.NFO,15/10/2024,09:28:57,25263.5,25263.35,75,25268.35,100,150,13496825
NIFTY-I.NFO,15/10/2024,09:28:59,25268.85,25263.4,100,25268.85,75,75,13496825
NIFTY-I.NFO,15/10/2024,09:29:00,25268.85,25265.1,100,25268.95,50,75,13496825
NIFTY-I.NFO,15/10/2024,09:29:02,25268.85,25267.95,25,25268.95,150,0,13496825
NIFTY-I.NFO,15/10/2024,09:29:04,25265,25264.7,25,25267.95,200,275,13496825
NIFTY-I.NFO,15/10/2024,09:29:05,25264.7,25264.1,75,25267.95,125,25,13496825
NIFTY-I.NFO,15/10/2024,09:29:07,25264.1,25264,500,25267.95,125,75,13496825
NIFTY-I.NFO,15/10/2024,09:29:08,25267.95,25264,450,25267.95,100,100,13496825
NIFTY-I.NFO,15/10/2024,09:29:10,25265,25265,25,25267.95,125,150,13496825
NIFTY-I.NFO,15/10/2024,09:29:12,25265,25264.3,75,25267.95,75,125,13496825
NIFTY-I.NFO,15/10/2024,09:29:13,25267.95,25264.55,75,25267.95,50,25,13496825
NIFTY-I.NFO,15/10/2024,09:29:15,25265.6,25265,25,25269.45,25,675,13496825
NIFTY-I.NFO,15/10/2024,09:29:17,25269.75,25265,25,25269.75,25,175,13496825
NIFTY-I.NFO,15/10/2024,09:29:18,25264.8,25264.55,325,25269.8,325,150,13496825
NIFTY-I.NFO,15/10/2024,09:29:20,25269.8,25264.55,450,25269.8,275,125,13496825
NIFTY-I.NFO,15/10/2024,09:29:22,25269.8,25265,50,25269.8,375,1325,13496825
NIFTY-I.NFO,15/10/2024,09:29:23,25270,25265.25,100,25270,9125,650,13496825
NIFTY-I.NFO,15/10/2024,09:29:25,25268.75,25265.2,50,25269.95,50,150,13496825
NIFTY-I.NFO,15/10/2024,09:29:27,25269.95,25265.1,25,25269.95,25,75,13496825
NIFTY-I.NFO,15/10/2024,09:29:28,25270,25265.1,50,25270,9100,75,13496825
NIFTY-I.NFO,15/10/2024,09:29:30,25265.1,25265,25,25269.85,50,200,13496825
NIFTY-I.NFO,15/10/2024,09:29:31,25269.95,25265,50,25270,9150,50,13496825
NIFTY-I.NFO,15/10/2024,09:29:33,25264.05,25264,525,25269.6,250,175,13496825
NIFTY-I.NFO,15/10/2024,09:29:35,25264.05,25265.2,250,25269.9,100,0,13496825
NIFTY-I.NFO,15/10/2024,09:29:36,25264,25264,225,25268.95,25,700,13496825
NIFTY-I.NFO,15/10/2024,09:29:38,25269.05,25264,175,25269.45,50,25,13496825
NIFTY-I.NFO,15/10/2024,09:29:39,25263,25263.35,25,25269,225,1075,13496825
NIFTY-I.NFO,15/10/2024,09:29:41,25263,25264.05,150,25269.55,25,0,13496825
NIFTY-I.NFO,15/10/2024,09:29:43,25264.05,25266,25,25269,150,75,13496825
NIFTY-I.NFO,15/10/2024,09:29:44,25265.45,25265.3,25,25269.55,125,225,13496825
NIFTY-I.NFO,15/10/2024,09:29:46,25265.25,25265,75,25269.55,25,75,13496825
NIFTY-I.NFO,15/10/2024,09:29:48,25265,25264.95,25,25269.55,125,150,13496825
NIFTY-I.NFO,15/10/2024,09:29:49,25269.55,25265.45,75,25269.9,300,25,13496825
NIFTY-I.NFO,15/10/2024,09:29:51,25265.4,25265.4,250,25269.9,25,200,13496825
NIFTY-I.NFO,15/10/2024,09:29:53,25269.9,25265.95,300,25269.95,25,50,13496825
NIFTY-I.NFO,15/10/2024,09:29:54,25266,25265.95,50,25269.95,25,75,13496825
NIFTY-I.NFO,15/10/2024,09:29:58,25265.55,25265.4,25,25269,25,75,13496825
NIFTY-I.NFO,15/10/2024,09:29:59,25265.4,25265.25,100,25269,25,75,13496825
NIFTY-I.NFO,15/10/2024,09:30:01,25270,25265.45,75,25270,8175,1350,13496825
NIFTY-I.NFO,15/10/2024,09:30:03,25269.45,25265.25,75,25269.45,525,325,13496825
NIFTY-I.NFO,15/10/2024,09:30:04,25269.45,25265.25,75,25269.45,75,350,13496825
NIFTY-I.NFO,15/10/2024,09:30:06,25265.55,25265.25,75,25265.55,25,375,13496825
NIFTY-I.NFO,15/10/2024,09:30:07,25269.8,25265.25,50,25269.8,100,775,13496825
NIFTY-I.NFO,15/10/2024,09:30:09,25265.25,25265,50,25265.25,25,275,13496825
NIFTY-I.NFO,15/10/2024,09:30:11,25265,25264,25,25269.2,125,75,13496825
NIFTY-I.NFO,15/10/2024,09:30:12,25264,25263.35,50,25269.5,125,75,13496825
NIFTY-I.NFO,15/10/2024,09:30:14,25265,25263.2,100,25269.5,125,100,13496825
NIFTY-I.NFO,15/10/2024,09:30:16,25263.45,25263.2,25,25269,25,100,13496825
NIFTY-I.NFO,15/10/2024,09:30:17,25263.2,25263.2,25,25267.55,250,25,13496825
NIFTY-I.NFO,15/10/2024,09:30:19,25263.6,25263.5,275,25267.9,150,75,13496825
NIFTY-I.NFO,15/10/2024,09:30:21,25267.7,25263.5,275,25267.3,25,200,13496825
NIFTY-I.NFO,15/10/2024,09:30:22,25263.25,25263.2,50,25263.25,450,350,13496825
NIFTY-I.NFO,15/10/2024,09:30:24,25263.25,25263.2,25,25263.25,400,100,13496825
NIFTY-I.NFO,15/10/2024,09:30:26,25263.2,25262.55,25,25263.2,125,125,13496825
NIFTY-I.NFO,15/10/2024,09:30:27,25263.25,25263.2,25,25263.25,175,425,13496825
NIFTY-I.NFO,15/10/2024,09:30:29,25262,25261.25,600,25263.25,175,75,13496825
NIFTY-I.NFO,15/10/2024,09:30:31,25263,25261.25,525,25263.25,150,150,13496825
NIFTY-I.NFO,15/10/2024,09:30:32,25261.25,25261.25,425,25263.25,75,200,13496825
NIFTY-I.NFO,15/10/2024,09:30:34,25261.25,25262,50,25263.25,125,100,13496825
NIFTY-I.NFO,15/10/2024,09:30:36,25263,25262,50,25263,50,75,13496825
NIFTY-I.NFO,15/10/2024,09:30:37,25262,25261.55,50,25262,600,75,13496825
NIFTY-I.NFO,15/10/2024,09:30:39,25262,25261.25,275,25261.55,25,475,13496825
NIFTY-I.NFO,15/10/2024,09:30:41,25262,25261.25,125,25262,100,200,13496825
NIFTY-I.NFO,15/10/2024,09:30:42,25261.25,25261.35,25,25263,150,200,13496825
NIFTY-I.NFO,15/10/2024,09:30:44,25261,25261,600,25263,150,700,13496825
NIFTY-I.NFO,15/10/2024,09:30:45,25261,25261,475,25263,175,150,13496825
NIFTY-I.NFO,15/10/2024,09:30:47,25261.25,25261,475,25261.25,950,50,13496825
NIFTY-I.NFO,15/10/2024,09:30:49,25261.25,25261,350,25261.25,750,225,13496825
NIFTY-I.NFO,15/10/2024,09:30:50,25261.25,25261,350,25261.25,375,375,13496825
NIFTY-I.NFO,15/10/2024,09:30:52,25263,25261.25,50,25263.25,250,875,13504750
NIFTY-I.NFO,15/10/2024,09:30:54,25260,25260,50,25263.5,125,975,13504750
NIFTY-I.NFO,15/10/2024,09:30:55,25263.5,25261.25,25,25264.65,225,75,13504750
NIFTY-I.NFO,15/10/2024,09:30:57,25259,25259,125,25263.45,325,550,13504750
NIFTY-I.NFO,15/10/2024,09:30:59,25258,25258,100,25263.2,300,525,13504750
NIFTY-I.NFO,15/10/2024,09:30:59,25258,25258,100,25263.2,300,0,13504750
NIFTY-I.NFO,15/10/2024,09:31:00,25255,25255,2000,25257.45,2700,1925,13504750
NIFTY-I.NFO,15/10/2024,09:31:00,25255,25255,2000,25257.45,2700,0,13504750
NIFTY-I.NFO,15/10/2024,09:31:02,25257.45,25255,25,25258,500,2575,13504750
NIFTY-I.NFO,15/10/2024,09:31:04,25256.4,25256.45,25,25262.1,150,875,13504750
NIFTY-I.NFO,15/10/2024,09:31:05,25256.95,25257.05,25,25263,225,100,13504750
NIFTY-I.NFO,15/10/2024,09:31:07,25257.65,25258.4,250,25264.45,300,425,13504750
NIFTY-I.NFO,15/10/2024,09:31:09,25258.25,25258.2,75,25264.5,250,1175,13504750
NIFTY-I.NFO,15/10/2024,09:31:10,25256.5,25256.55,25,25261.75,250,225,13504750
NIFTY-I.NFO,15/10/2024,09:31:12,25255.75,25255.45,250,25260,225,75,13504750
NIFTY-I.NFO,15/10/2024,09:31:13,25255.85,25255.9,150,25262.8,250,1825,13504750
NIFTY-I.NFO,15/10/2024,09:31:15,25256.5,25256.5,375,25262.85,250,300,13504750
NIFTY-I.NFO,15/10/2024,09:31:17,25262,25256.5,200,25260,50,25,13504750
NIFTY-I.NFO,15/10/2024,09:31:18,25258.35,25258.35,200,25260,175,325,13504750
NIFTY-I.NFO,15/10/2024,09:31:20,25258.85,25259.35,175,25265,225,200,13504750
NIFTY-I.NFO,15/10/2024,09:31:21,25259.35,25259.85,175,25264.95,50,50,13504750
NIFTY-I.NFO,15/10/2024,09:31:23,25261,25259.2,225,25263.2,75,25,13504750
NIFTY-I.NFO,15/10/2024,09:31:25,25263.2,25262.65,25,25265,500,125,13504750
NIFTY-I.NFO,15/10/2024,09:31:26,25264.75,25261,50,25264.75,225,75,13504750
NIFTY-I.NFO,15/10/2024,09:31:28,25264.75,25260,75,25264.9,250,100,13504750
NIFTY-I.NFO,15/10/2024,09:31:30,25260.35,25260.35,50,25266.65,250,925,13504750
NIFTY-I.NFO,15/10/2024,09:31:31,25266.15,25260.15,175,25266.15,250,100,13504750
NIFTY-I.NFO,15/10/2024,09:31:33,25266.6,25260,25,25264.75,25,325,13504750
NIFTY-I.NFO,15/10/2024,09:31:35,25265,25260.7,200,25266.9,200,175,13504750
NIFTY-I.NFO,15/10/2024,09:31:36,25259.05,25258.9,25,25265.4,200,75,13504750
NIFTY-I.NFO,15/10/2024,09:31:38,25259.05,25258.9,25,25264.45,250,0,13504750
NIFTY-I.NFO,15/10/2024,09:31:40,25264.85,25259.55,25,25265,125,275,13504750
NIFTY-I.NFO,15/10/2024,09:31:41,25259.05,25259.05,50,25265,25,75,13504750
NIFTY-I.NFO,15/10/2024,09:31:43,25259,25259,200,25265.4,200,300,13504750
NIFTY-I.NFO,15/10/2024,09:31:44,25264.95,25259.2,50,25265.45,200,100,13504750
NIFTY-I.NFO,15/10/2024,09:31:46,25265,25259.75,125,25263,75,600,13504750
NIFTY-I.NFO,15/10/2024,09:31:48,25259.75,25259.3,125,25263,50,125,13504750
NIFTY-I.NFO,15/10/2024,09:31:49,25263,25259.3,125,25263.05,75,50,13504750
NIFTY-I.NFO,15/10/2024,09:31:51,25265,25260,25,25265,2150,175,13504750
NIFTY-I.NFO,15/10/2024,09:31:53,25263.1,25260.2,250,25265,2175,25,13504750
NIFTY-I.NFO,15/10/2024,09:31:54,25260.4,25260,100,25265,2325,75,13504750
NIFTY-I.NFO,15/10/2024,09:31:56,25264.9,25259.4,25,25264.9,225,75,13504750
NIFTY-I.NFO,15/10/2024,09:31:58,25262,25259,200,25264.55,125,100,13504750
NIFTY-I.NFO,15/10/2024,09:31:59,25265,25262,50,25264.55,125,25,13504750
NIFTY-I.NFO,15/10/2024,09:32:01,25260,25260.5,125,25264.9,50,75,13504750
NIFTY-I.NFO,15/10/2024,09:32:02,25265,25260.95,125,25265,2075,150,13504750
NIFTY-I.NFO,15/10/2024,09:32:04,25260.95,25260.6,150,25265,2075,50,13504750
NIFTY-I.NFO,15/10/2024,09:32:06,25260.6,25260.35,25,25265,2050,100,13504750
NIFTY-I.NFO,15/10/2024,09:32:07,25260.6,25261,50,25265,2075,0,13504750
NIFTY-I.NFO,15/10/2024,09:32:09,25265,25262.1,100,25265,3325,125,13504750
NIFTY-I.NFO,15/10/2024,09:32:11,25265,25263.35,100,25265,3225,150,13504750
NIFTY-I.NFO,15/10/2024,09:32:12,25263.3,25263.35,200,25265,3200,225,13504750
NIFTY-I.NFO,15/10/2024,09:32:14,25265,25263.35,200,25265,3125,75,13504750
NIFTY-I.NFO,15/10/2024,09:32:16,25265.35,25265.3,50,25268,600,3575,13504750
NIFTY-I.NFO,15/10/2024,09:32:17,25264.65,25265.85,200,25268,600,100,13504750
NIFTY-I.NFO,15/10/2024,09:32:19,25268,25266.05,50,25268,425,150,13504750
NIFTY-I.NFO,15/10/2024,09:32:21,25265.3,25265.2,75,25269,425,750,13504750
NIFTY-I.NFO,15/10/2024,09:32:22,25264.95,25264.25,75,25269,550,150,13504750
NIFTY-I.NFO,15/10/2024,09:32:24,25264.9,25264.85,75,25269,475,125,13504750
NIFTY-I.NFO,15/10/2024,09:32:26,25266.1,25263.6,25,25266.1,725,4325,13504750
NIFTY-I.NFO,15/10/2024,09:32:27,25263.35,25263.35,175,25266.1,725,100,13504750
NIFTY-I.NFO,15/10/2024,09:32:29,25269,25263.85,200,25269.45,200,750,13504750
NIFTY-I.NFO,15/10/2024,09:32:31,25264.1,25266.1,150,25269.9,100,75,13504750
NIFTY-I.NFO,15/10/2024,09:32:32,25266.1,25266.1,125,25269.9,200,150,13504750
NIFTY-I.NFO,15/10/2024,09:32:34,25266.1,25266.1,25,25269.95,300,450,13504750
NIFTY-I.NFO,15/10/2024,09:32:35,25269.95,25267.05,25,25268,1800,25,13504750
NIFTY-I.NFO,15/10/2024,09:32:37,25268,25266.85,100,25268,1750,125,13504750
NIFTY-I.NFO,15/10/2024,09:32:39,25266.35,25266.35,25,25268,1650,175,13504750
NIFTY-I.NFO,15/10/2024,09:32:40,25268,25267.85,25,25268,1425,225,13504750
NIFTY-I.NFO,15/10/2024,09:32:42,25270,25267.75,200,25270,1150,2950,13504750
NIFTY-I.NFO,15/10/2024,09:32:44,25270,25267.1,50,25270,1125,25,13504750
NIFTY-I.NFO,15/10/2024,09:32:45,25270,25267,600,25270,1100,100,13504750
NIFTY-I.NFO,15/10/2024,09:32:47,25270,25267,600,25270,950,200,13504750
NIFTY-I.NFO,15/10/2024,09:32:48,25270,25267,500,25270,750,275,13504750
NIFTY-I.NFO,15/10/2024,09:32:50,25270,25267.25,200,25270,625,150,13504750
NIFTY-I.NFO,15/10/2024,09:32:52,25270,25267.25,200,25270,500,175,13504750
NIFTY-I.NFO,15/10/2024,09:32:53,25267,25267,525,25270,550,25,13504750
NIFTY-I.NFO,15/10/2024,09:32:55,25270,25269.25,50,25270,550,200,13504750
NIFTY-I.NFO,15/10/2024,09:32:57,25270,25267.2,25,25270,25,525,13504750
NIFTY-I.NFO,15/10/2024,09:32:58,25270,25267.25,75,25271,75,50,13504750
NIFTY-I.NFO,15/10/2024,09:33:00,25267.2,25267.05,50,25271,50,75,13504750
NIFTY-I.NFO,15/10/2024,09:33:02,25267.05,25267,425,25271,75,100,13504750
NIFTY-I.NFO,15/10/2024,09:33:03,25267,25267,325,25270,25,150,13504750
NIFTY-I.NFO,15/10/2024,09:33:05,25267,25267,425,25270,50,0,13504750
NIFTY-I.NFO,15/10/2024,09:33:06,25270,25267.45,100,25270,50,75,13504750
NIFTY-I.NFO,15/10/2024,09:33:08,25273.8,25267.65,50,25273.75,75,475,13504750
NIFTY-I.NFO,15/10/2024,09:33:10,25267.65,25270,25,25272,25,50,13504750
NIFTY-I.NFO,15/10/2024,09:33:11,25274.15,25270,25,25274.15,100,350,13504750
NIFTY-I.NFO,15/10/2024,09:33:13,25273.95,25270.1,100,25274.45,25,100,13504750
NIFTY-I.NFO,15/10/2024,09:33:15,25270.1,25270.1,50,25274.3,150,100,13504750
NIFTY-I.NFO,15/10/2024,09:33:16,25274.6,25270.1,50,25274.45,100,150,13504750
NIFTY-I.NFO,15/10/2024,09:33:18,25273.75,25270.1,25,25273.75,25,75,13504750
NIFTY-I.NFO,15/10/2024,09:33:20,25272.9,25270.1,25,25273,25,200,13504750
NIFTY-I.NFO,15/10/2024,09:33:21,25267.2,25270,25,25273.75,125,100,13504750
NIFTY-I.NFO,15/10/2024,09:33:23,25270,25267.05,25,25272.9,200,100,13504750
NIFTY-I.NFO,15/10/2024,09:33:24,25268,25268,150,25272.75,125,150,13504750
NIFTY-I.NFO,15/10/2024,09:33:26,25268,25268.1,25,25272.8,150,0,13504750
NIFTY-I.NFO,15/10/2024,09:33:28,25272.75,25268,125,25273,250,125,13504750
NIFTY-I.NFO,15/10/2024,09:33:29,25268,25268,150,25273,250,25,13504750
NIFTY-I.NFO,15/10/2024,09:33:31,25270,25268,100,25273,50,275,13504750
NIFTY-I.NFO,15/10/2024,09:33:33,25268,25268,25,25273,50,100,13504750
NIFTY-I.NFO,15/10/2024,09:33:34,25268,25268,25,25273,50,0,13504750
NIFTY-I.NFO,15/10/2024,09:33:36,25272.75,25268.05,100,25273,50,75,13504750
NIFTY-I.NFO,15/10/2024,09:33:38,25273.75,25268.65,100,25273.75,500,350,13504750
NIFTY-I.NFO,15/10/2024,09:33:39,25273.75,25268.15,100,25273.75,425,150,13504750
NIFTY-I.NFO,15/10/2024,09:33:41,25268.1,25268.1,75,25273,25,375,13504750
NIFTY-I.NFO,15/10/2024,09:33:43,25273.75,25270.1,25,25273.75,100,175,13504750
NIFTY-I.NFO,15/10/2024,09:33:44,25268.95,25269.05,575,25273.75,75,150,13504750
NIFTY-I.NFO,15/10/2024,09:33:46,25269.05,25269.1,500,25273.75,100,75,13504750
NIFTY-I.NFO,15/10/2024,09:33:48,25270,25270,250,25273.75,100,50,13504750
NIFTY-I.NFO,15/10/2024,09:33:49,25274,25270.25,500,25274.7,450,200,13504750
NIFTY-I.NFO,15/10/2024,09:33:51,25270.4,25270.25,25,25274.7,550,50,13504750
NIFTY-I.NFO,15/10/2024,09:33:53,25274.7,25270.1,625,25274.7,125,475,13504750
NIFTY-I.NFO,15/10/2024,09:33:55,25270,25270,100,25274.7,50,300,13511000
NIFTY-I.NFO,15/10/2024,09:33:56,25270,25271.1,25,25274.7,75,0,13511000
NIFTY-I.NFO,15/10/2024,09:33:58,25270.45,25270.4,550,25274.7,50,150,13511000
NIFTY-I.NFO,15/10/2024,09:34:00,25275,25271.25,50,25275,1175,150,13511000
NIFTY-I.NFO,15/10/2024,09:34:01,25275,25271.25,25,25275,1125,100,13511000
NIFTY-I.NFO,15/10/2024,09:34:03,25271.15,25271.25,25,25275,1150,75,13511000
NIFTY-I.NFO,15/10/2024,09:34:04,25275,25271.25,25,25275,975,325,13511000
NIFTY-I.NFO,15/10/2024,09:34:06,25270.8,25270.75,525,25275,950,175,13511000
NIFTY-I.NFO,15/10/2024,09:34:08,25275,25272.25,500,25275,650,225,13511000
NIFTY-I.NFO,15/10/2024,09:34:09,25272.3,25272.25,25,25275,900,50,13511000
NIFTY-I.NFO,15/10/2024,09:34:11,25275,25272.25,25,25275,675,275,13511000
NIFTY-I.NFO,15/10/2024,09:34:13,25271.95,25271.8,150,25275,525,400,13511000
NIFTY-I.NFO,15/10/2024,09:34:14,25272.25,25272.4,150,25275,450,125,13511000
NIFTY-I.NFO,15/10/2024,09:34:16,25275,25272.25,75,25275,425,125,13511000
NIFTY-I.NFO,15/10/2024,09:34:17,25272.25,25272.25,25,25275,500,100,13511000
NIFTY-I.NFO,15/10/2024,09:34:19,25275,25271.5,50,25275,400,175,13511000
NIFTY-I.NFO,15/10/2024,09:34:21,25272.8,25272.8,100,25279.15,150,2625,13511000
NIFTY-I.NFO,15/10/2024,09:34:22,25273.1,25273.2,125,25279.95,50,3650,13511000
NIFTY-I.NFO,15/10/2024,09:34:24,25280.55,25274.1,50,25280.6,50,3225,13511000
NIFTY-I.NFO,15/10/2024,09:34:26,25271.85,25273.75,50,25279.85,100,1700,13511000
NIFTY-I.NFO,15/10/2024,09:34:27,25273.85,25273.6,50,25280.15,25,1775,13511000
NIFTY-I.NFO,15/10/2024,09:34:29,25273.45,25273.45,25,25279.95,25,75,13511000
NIFTY-I.NFO,15/10/2024,09:34:30,25275,25275,75,25279.75,25,400,13511000
NIFTY-I.NFO,15/10/2024,09:34:32,25279.8,25275,75,25279.8,100,450,13511000
NIFTY-I.NFO,15/10/2024,09:34:34,25274,25273.45,25,25279.3,25,150,13511000
NIFTY-I.NFO,15/10/2024,09:34:35,25279.35,25273.45,25,25277.05,50,75,13511000
NIFTY-I.NFO,15/10/2024,09:34:37,25273.45,25272.25,25,25277.05,50,75,13511000
NIFTY-I.NFO,15/10/2024,09:34:38,25277.8,25274.2,25,25277.05,50,100,13511000
NIFTY-I.NFO,15/10/2024,09:34:40,25275,25273.85,250,25277.05,50,75,13511000
NIFTY-I.NFO,15/10/2024,09:34:42,25273.85,25273.85,175,25275,50,75,13511000
NIFTY-I.NFO,15/10/2024,09:34:43,25277.05,25275,25,25277.05,50,175,13511000
NIFTY-I.NFO,15/10/2024,09:34:45,25277.05,25275,25,25277.8,25,350,13511000
NIFTY-I.NFO,15/10/2024,09:34:46,25279.65,25275,25,25278.7,25,75,13511000
NIFTY-I.NFO,15/10/2024,09:34:48,25273.85,25273.85,100,25278.65,25,125,13511000
NIFTY-I.NFO,15/10/2024,09:34:50,25274.3,25275,50,25279.75,25,275,13511000
NIFTY-I.NFO,15/10/2024,09:34:51,25279.8,25273.85,100,25279.7,75,850,13511000
NIFTY-I.NFO,15/10/2024,09:34:53,25273.85,25273.85,125,25275,325,50,13511000
NIFTY-I.NFO,15/10/2024,09:34:54,25275,25273.45,150,25275,300,100,13511000
NIFTY-I.NFO,15/10/2024,09:34:56,25274.95,25274.3,25,25275,300,75,13511000
NIFTY-I.NFO,15/10/2024,09:34:58,25275,25274,50,25275,75,300,13511000
NIFTY-I.NFO,15/10/2024,09:34:59,25275,25274,200,25275,75,0,13511000
NIFTY-I.NFO,15/10/2024,09:35:01,25279,25274,150,25279,975,175,13511000
NIFTY-I.NFO,15/10/2024,09:35:02,25277.75,25275,75,25278.95,25,25,13511000
NIFTY-I.NFO,15/10/2024,09:35:04,25275,25275,25,25278.2,300,50,13511000
NIFTY-I.NFO,15/10/2024,09:35:06,25274,25274,75,25276.5,125,400,13511000
NIFTY-I.NFO,15/10/2024,09:35:07,25273.85,25273.85,50,25276.05,75,425,13511000
NIFTY-I.NFO,15/10/2024,09:35:09,25273.8,25273.45,25,25275.75,250,150,13511000
NIFTY-I.NFO,15/10/2024,09:35:11,25275.25,25273,125,25275.5,75,50,13511000
NIFTY-I.NFO,15/10/2024,09:35:12,25272.75,25271.55,25,25275,325,225,13511000
NIFTY-I.NFO,15/10/2024,09:35:14,25273,25271.55,50,25274.45,125,50,13511000
NIFTY-I.NFO,15/10/2024,09:35:15,25271,25270.25,50,25275,150,200,13511000
NIFTY-I.NFO,15/10/2024,09:35:17,25271,25270.25,50,25274.9,200,0,13511000
NIFTY-I.NFO,15/10/2024,09:35:19,25270.05,25270.05,425,25274.9,25,275,13511000
NIFTY-I.NFO,15/10/2024,09:35:20,25270.05,25271,25,25274.65,125,25,13511000
NIFTY-I.NFO,15/10/2024,09:35:22,25271,25271,75,25273.65,125,75,13511000
NIFTY-I.NFO,15/10/2024,09:35:24,25271,25270.15,50,25272.75,125,50,13511000
NIFTY-I.NFO,15/10/2024,09:35:25,25273,25270.15,50,25274.2,125,50,13511000
NIFTY-I.NFO,15/10/2024,09:35:27,25274.65,25270.05,400,25274.9,75,100,13511000
NIFTY-I.NFO,15/10/2024,09:35:29,25270.05,25270,25,25274.5,175,2175,13511000
NIFTY-I.NFO,15/10/2024,09:35:30,25274.45,25270.4,50,25275,300,75,13511000
NIFTY-I.NFO,15/10/2024,09:35:32,25274.45,25270.35,100,25274,100,0,13511000
NIFTY-I.NFO,15/10/2024,09:35:34,25270.6,25269.55,100,25274,100,75,13511000
NIFTY-I.NFO,15/10/2024,09:35:35,25270.6,25270,75,25274,100,0,13511000
NIFTY-I.NFO,15/10/2024,09:35:37,25270.15,25270.05,100,25273.95,300,100,13511000
NIFTY-I.NFO,15/10/2024,09:35:39,25270.45,25270.45,75,25273,25,100,13511000
NIFTY-I.NFO,15/10/2024,09:35:40,25270.45,25271,100,25273,75,0,13511000
NIFTY-I.NFO,15/10/2024,09:35:42,25271,25271,50,25273,25,100,13511000
NIFTY-I.NFO,15/10/2024,09:35:44,25271,25271,50,25273,25,0,13511000
NIFTY-I.NFO,15/10/2024,09:35:45,25270.6,25270.6,25,25273,375,75,13511000
NIFTY-I.NFO,15/10/2024,09:35:47,25270.45,25270.45,50,25273.95,275,375,13511000
NIFTY-I.NFO,15/10/2024,09:35:49,25270.5,25270,125,25273.95,200,200,13511000
NIFTY-I.NFO,15/10/2024,09:35:50,25270,25270,25,25273.95,200,100,13511000
NIFTY-I.NFO,15/10/2024,09:35:52,25273.95,25268.15,225,25273.95,175,150,13511000
NIFTY-I.NFO,15/10/2024,09:35:54,25270,25268.3,75,25273.95,25,150,13511000
NIFTY-I.NFO,15/10/2024,09:35:55,25271,25268.25,75,25274,475,100,13511000
NIFTY-I.NFO,15/10/2024,09:35:57,25270.5,25268,250,25273.95,175,150,13511000
NIFTY-I.NFO,15/10/2024,09:35:59,25268,25268,250,25274,475,175,13511000
NIFTY-I.NFO,15/10/2024,09:36:00,25268,25270,100,25273.3,175,225,13511000
NIFTY-I.NFO,15/10/2024,09:36:02,25270,25270,25,25270.5,25,125,13511000
NIFTY-I.NFO,15/10/2024,09:36:03,25266.2,25266.1,25,25272.25,75,275,13511000
NIFTY-I.NFO,15/10/2024,09:36:05,25268,25266,625,25271.4,100,75,13511000
NIFTY-I.NFO,15/10/2024,09:36:07,25271,25268.2,25,25271.35,25,100,13511000
NIFTY-I.NFO,15/10/2024,09:36:08,25271,25268.2,25,25270,275,0,13511000
NIFTY-I.NFO,15/10/2024,09:36:10,25268,25268,75,25270,275,50,13511000
NIFTY-I.NFO,15/10/2024,09:36:12,25268,25266,625,25270,250,125,13511000
NIFTY-I.NFO,15/10/2024,09:36:13,25266,25266,425,25269.55,25,225,13511000
NIFTY-I.NFO,15/10/2024,09:36:15,25266,25266,325,25268,250,225,13511000
NIFTY-I.NFO,15/10/2024,09:36:17,25264,25262.6,25,25268,350,675,13511000
NIFTY-I.NFO,15/10/2024,09:36:18,25262.2,25262.15,100,25268,375,100,13511000
NIFTY-I.NFO,15/10/2024,09:36:20,25265.05,25262.75,125,25268,350,50,13511000
NIFTY-I.NFO,15/10/2024,09:36:22,25268,25262.2,150,25268,300,100,13511000
NIFTY-I.NFO,15/10/2024,09:36:24,25262,25261.55,25,25267.95,25,125,13511000
NIFTY-I.NFO,15/10/2024,09:36:25,25261.35,25261.35,75,25267.5,25,125,13511000
NIFTY-I.NFO,15/10/2024,09:36:27,25261.95,25261.75,150,25267,125,100,13511000
NIFTY-I.NFO,15/10/2024,09:36:28,25261.95,25261.95,175,25267,150,0,13511000
NIFTY-I.NFO,15/10/2024,09:36:30,25263.05,25263.05,25,25267,125,125,13511000
NIFTY-I.NFO,15/10/2024,09:36:32,25263.05,25263.25,50,25267,125,0,13511000
NIFTY-I.NFO,15/10/2024,09:36:33,25267,25265,25,25267,225,175,13511000
NIFTY-I.NFO,15/10/2024,09:36:35,25263.05,25266,50,25267,125,75,13511000
NIFTY-I.NFO,15/10/2024,09:36:36,25262.15,25261.95,25,25266.95,25,125,13511000
NIFTY-I.NFO,15/10/2024,09:36:38,25261.95,25261.05,100,25266.9,125,50,13511000
NIFTY-I.NFO,15/10/2024,09:36:40,25261.1,25261.15,25,25266.95,25,325,13511000
NIFTY-I.NFO,15/10/2024,09:36:41,25266.95,25261.1,25,25267,50,575,13511000
NIFTY-I.NFO,15/10/2024,09:36:43,25261.65,25262.15,25,25267,75,100,13511000
NIFTY-I.NFO,15/10/2024,09:36:44,25261.95,25261.3,25,25267,75,50,13511000
NIFTY-I.NFO,15/10/2024,09:36:46,25261.9,25261.7,25,25266.35,25,325,13511000
NIFTY-I.NFO,15/10/2024,09:36:47,25261.6,25261.25,25,25266.35,25,25,13511000
NIFTY-I.NFO,15/10/2024,09:36:49,25261.6,25262.15,25,25266.35,50,50,13511000
NIFTY-I.NFO,15/10/2024,09:36:51,25262.15,25261.4,25,25266.35,50,75,13511000
NIFTY-I.NFO,15/10/2024,09:36:52,25268,25261.8,75,25267.75,100,225,13511000
NIFTY-I.NFO,15/10/2024,09:36:54,25261.2,25261.05,25,25266.8,50,250,13509650
NIFTY-I.NFO,15/10/2024,09:36:55,25261.2,25261.05,25,25265,25,0,13509650
NIFTY-I.NFO,15/10/2024,09:36:57,25265,25262.05,25,25266.75,100,175,13509650
NIFTY-I.NFO,15/10/2024,09:36:58,25262.05,25260.8,50,25265,75,50,13509650
NIFTY-I.NFO,15/10/2024,09:37:00,25260.7,25261,75,25265,75,100,13509650
NIFTY-I.NFO,15/10/2024,09:37:02,25265,25263.9,25,25265,150,100,13509650
NIFTY-I.NFO,15/10/2024,09:37:03,25260.7,25260.7,400,25266.25,50,100,13509650
NIFTY-I.NFO,15/10/2024,09:37:05,25266.45,25260.7,400,25267.4,300,25,13509650
NIFTY-I.NFO,15/10/2024,09:37:06,25260.75,25260.7,375,25266.25,150,75,13509650
NIFTY-I.NFO,15/10/2024,09:37:08,25260.7,25260.7,175,25266.1,50,350,13509650
NIFTY-I.NFO,15/10/2024,09:37:10,25266.45,25265,25,25266.8,175,100,13509650
NIFTY-I.NFO,15/10/2024,09:37:11,25265,25260.7,125,25267.05,175,25,13509650
NIFTY-I.NFO,15/10/2024,09:37:13,25260.7,25260.7,75,25266.5,50,75,13509650
NIFTY-I.NFO,15/10/2024,09:37:14,25260.7,25260.7,100,25266.85,175,0,13509650
NIFTY-I.NFO,15/10/2024,09:37:16,25260.7,25260.75,25,25267,75,50,13509650
NIFTY-I.NFO,15/10/2024,09:37:17,25260.75,25260.6,200,25265,25,550,13509650
NIFTY-I.NFO,15/10/2024,09:37:19,25260.6,25260.6,175,25265,25,25,13509650
NIFTY-I.NFO,15/10/2024,09:37:21,25260.7,25260.7,50,25265,25,50,13509650
NIFTY-I.NFO,15/10/2024,09:37:22,25260.7,25260.7,100,25264,100,0,13509650
NIFTY-I.NFO,15/10/2024,09:37:24,25260.7,25260.6,225,25264,100,50,13509650
NIFTY-I.NFO,15/10/2024,09:37:26,25266.4,25260.8,50,25267.25,150,1925,13509650
NIFTY-I.NFO,15/10/2024,09:37:27,25260.7,25260.6,150,25265,25,125,13509650
NIFTY-I.NFO,15/10/2024,09:37:29,25260.05,25261,25,25265,25,550,13509650
NIFTY-I.NFO,15/10/2024,09:37:31,25265,25261.95,25,25267.05,200,150,13509650
NIFTY-I.NFO,15/10/2024,09:37:32,25262.45,25262.8,25,25267.05,50,150,13509650
NIFTY-I.NFO,15/10/2024,09:37:34,25263.1,25262.5,25,25267.05,50,75,13509650
NIFTY-I.NFO,15/10/2024,09:37:36,25268.35,25262.35,50,25267.6,175,175,13509650
NIFTY-I.NFO,15/10/2024,09:37:37,25268.35,25264,50,25267.95,175,0,13509650
NIFTY-I.NFO,15/10/2024,09:37:39,25265.85,25265,50,25267.95,175,75,13509650
NIFTY-I.NFO,15/10/2024,09:37:41,25265.85,25265,75,25268,25,0,13509650
NIFTY-I.NFO,15/10/2024,09:37:42,25268.3,25262.2,25,25268,75,325,13509650
NIFTY-I.NFO,15/10/2024,09:37:44,25262,25262.15,25,25268,75,150,13509650
NIFTY-I.NFO,15/10/2024,09:37:46,25263.05,25262.15,25,25265,1000,150,13509650
NIFTY-I.NFO,15/10/2024,09:37:47,25263.05,25262.15,50,25265,1000,0,13509650
NIFTY-I.NFO,15/10/2024,09:37:49,25263.05,25263.6,25,25265,950,200,13509650
NIFTY-I.NFO,15/10/2024,09:37:51,25263.6,25263.2,25,25265,675,325,13509650
NIFTY-I.NFO,15/10/2024,09:37:52,25263.6,25263.2,100,25265,700,0,13509650
NIFTY-I.NFO,15/10/2024,09:37:54,25263.2,25264,50,25265,675,125,13509650
NIFTY-I.NFO,15/10/2024,09:37:56,25263.25,25263,25,25263.2,50,250,13509650
NIFTY-I.NFO,15/10/2024,09:37:57,25263.2,25261,50,25265,525,200,13509650
NIFTY-I.NFO,15/10/2024,09:37:59,25265,25261.05,75,25265,500,25,13509650
NIFTY-I.NFO,15/10/2024,09:38:00,25261.05,25261.05,50,25265,500,50,13509650
NIFTY-I.NFO,15/10/2024,09:38:02,25261.05,25261,50,25265,375,225,13509650
NIFTY-I.NFO,15/10/2024,09:38:04,25260.15,25260.1,200,25265,225,275,13509650
NIFTY-I.NFO,15/10/2024,09:38:05,25260.1,25260.1,75,25265,325,125,13509650
NIFTY-I.NFO,15/10/2024,09:38:07,25265,25261.05,25,25265,300,125,13509650
NIFTY-I.NFO,15/10/2024,09:38:09,25260,25260,900,25265,200,75,13509650
NIFTY-I.NFO,15/10/2024,09:38:10,25260,25260.1,25,25261.05,250,25,13509650
NIFTY-I.NFO,15/10/2024,09:38:12,25260,25260,875,25261.05,250,50,13509650
NIFTY-I.NFO,15/10/2024,09:38:14,25261.05,25260.1,25,25261.05,125,1175,13509650
NIFTY-I.NFO,15/10/2024,09:38:15,25258.15,25258.15,425,25260.05,25,475,13509650
NIFTY-I.NFO,15/10/2024,09:38:17,25260.05,25257.25,50,25260.1,275,50,13509650
NIFTY-I.NFO,15/10/2024,09:38:19,25257,25257,50,25260.05,100,125,13509650
NIFTY-I.NFO,15/10/2024,09:38:20,25255.4,25256.65,75,25260.05,75,875,13509650
NIFTY-I.NFO,15/10/2024,09:38:22,25255.85,25256.2,125,25260,25,375,13509650
NIFTY-I.NFO,15/10/2024,09:38:23,25257.15,25256.45,75,25260,25,175,13509650
NIFTY-I.NFO,15/10/2024,09:38:25,25260,25256.65,25,25260.1,250,425,13509650
NIFTY-I.NFO,15/10/2024,09:38:27,25256.75,25256.6,250,25260.1,200,175,13509650
NIFTY-I.NFO,15/10/2024,09:38:28,25256.95,25256.95,50,25260.1,200,25,13509650
NIFTY-I.NFO,15/10/2024,09:38:30,25257.25,25257.25,900,25260.1,200,150,13509650
NIFTY-I.NFO,15/10/2024,09:38:31,25260,25256.8,50,25260,125,150,13509650
NIFTY-I.NFO,15/10/2024,09:38:33,25261.05,25260.1,750,25261.05,100,650,13509650
NIFTY-I.NFO,15/10/2024,09:38:35,25260.1,25260.1,700,25261.05,75,75,13509650
NIFTY-I.NFO,15/10/2024,09:38:36,25260.1,25260.1,575,25261,25,150,13509650
NIFTY-I.NFO,15/10/2024,09:38:38,25260.1,25260.1,550,25261,50,150,13509650
NIFTY-I.NFO,15/10/2024,09:38:39,25260.1,25260.1,500,25261,50,50,13509650
NIFTY-I.NFO,15/10/2024,09:38:41,25260.1,25260.1,475,25261,25,50,13509650
NIFTY-I.NFO,15/10/2024,09:38:42,25261,25261,975,25263.55,25,100,13509650
NIFTY-I.NFO,15/10/2024,09:38:44,25264.6,25261,950,25264.65,25,100,13509650
NIFTY-I.NFO,15/10/2024,09:38:46,25261,25261,775,25264.55,25,175,13509650
NIFTY-I.NFO,15/10/2024,09:38:47,25261,25261,775,25264.5,100,0,13509650
NIFTY-I.NFO,15/10/2024,09:38:49,25261,25261,725,25264.2,100,75,13509650
NIFTY-I.NFO,15/10/2024,09:38:51,25261,25261,700,25264.25,25,50,13509650
NIFTY-I.NFO,15/10/2024,09:38:52,25261,25261.05,425,25264.55,25,425,13509650
NIFTY-I.NFO,15/10/2024,09:38:54,25261.05,25261.05,325,25264.55,25,100,13509650
NIFTY-I.NFO,15/10/2024,09:38:55,25263.65,25261.05,300,25264.55,25,25,13509650
NIFTY-I.NFO,15/10/2024,09:38:57,25261.05,25261.05,100,25264.75,50,500,13509650
NIFTY-I.NFO,15/10/2024,09:38:59,25261.05,25263.8,25,25264.75,150,0,13509650
NIFTY-I.NFO,15/10/2024,09:39:00,25261.05,25261.05,75,25264.7,25,275,13509650
NIFTY-I.NFO,15/10/2024,09:39:02,25263,25262.5,25,25264.7,50,25,13509650
NIFTY-I.NFO,15/10/2024,09:39:03,25261,25261,200,25264.7,50,175,13509650
NIFTY-I.NFO,15/10/2024,09:39:05,25261,25261,175,25264.7,50,25,13509650
NIFTY-I.NFO,15/10/2024,09:39:06,25261,25261,125,25264.75,50,100,13509650
NIFTY-I.NFO,15/10/2024,09:39:08,25261,25261,75,25264,25,125,13509650
NIFTY-I.NFO,15/10/2024,09:39:09,25264.15,25261,25,25264.75,150,225,13509650
NIFTY-I.NFO,15/10/2024,09:39:11,25264.9,25261,25,25264.9,150,1850,13509650
NIFTY-I.NFO,15/10/2024,09:39:12,25261.05,25258.2,50,25263.6,25,875,13509650
NIFTY-I.NFO,15/10/2024,09:39:14,25260,25256.45,50,25260,1650,150,13509650
NIFTY-I.NFO,15/10/2024,09:39:16,25260,25256.85,950,25259.95,25,1650,13509650
NIFTY-I.NFO,15/10/2024,09:39:17,25260,25256.85,1200,25259.95,25,0,13509650
NIFTY-I.NFO,15/10/2024,09:39:19,25257.4,25257.85,450,25260,1875,200,13509650
NIFTY-I.NFO,15/10/2024,09:39:21,25258.2,25258.7,75,25260,1850,75,13509650
NIFTY-I.NFO,15/10/2024,09:39:22,25258.7,25258.55,50,25260,1600,300,13509650
NIFTY-I.NFO,15/10/2024,09:39:24,25258.55,25258.5,500,25260,1600,50,13509650
NIFTY-I.NFO,15/10/2024,09:39:25,25258.55,25259.6,25,25260,1600,0,13509650
NIFTY-I.NFO,15/10/2024,09:39:27,25258.5,25258,50,25260,1600,75,13509650
NIFTY-I.NFO,15/10/2024,09:39:29,25258.5,25259,125,25260,1625,0,13509650
NIFTY-I.NFO,15/10/2024,09:39:30,25260,25259,125,25260,1600,75,13509650
NIFTY-I.NFO,15/10/2024,09:39:32,25260,25259,125,25260,1600,0,13509650
NIFTY-I.NFO,15/10/2024,09:39:34,25258.7,25258.7,125,25260,1575,300,13509650
NIFTY-I.NFO,15/10/2024,09:39:35,25260,25259,50,25260,625,950,13509650
NIFTY-I.NFO,15/10/2024,09:39:37,25260,25258.95,25,25260,600,225,13509650
NIFTY-I.NFO,15/10/2024,09:39:39,25259,25258.7,25,25260,550,125,13509650
NIFTY-I.NFO,15/10/2024,09:39:40,25257,25257,475,25258,375,150,13509650
NIFTY-I.NFO,15/10/2024,09:39:42,25257,25256.9,500,25258.95,50,875,13509650
NIFTY-I.NFO,15/10/2024,09:39:43,25256.9,25258.95,25,25260,625,100,13509650
NIFTY-I.NFO,15/10/2024,09:39:45,25256.2,25256,50,25258.95,125,75,13509650
NIFTY-I.NFO,15/10/2024,09:39:47,25257,25256.15,25,25258.95,125,25,13509650
NIFTY-I.NFO,15/10/2024,09:39:48,25258.95,25258.3,75,25258.95,100,75,13509650
NIFTY-I.NFO,15/10/2024,09:39:50,25260,25258.4,475,25260,400,250,13509650
NIFTY-I.NFO,15/10/2024,09:39:52,25258.4,25259,125,25260,375,175,13509650
NIFTY-I.NFO,15/10/2024,09:39:53,25260,25259.1,175,25262.85,25,375,13509650
NIFTY-I.NFO,15/10/2024,09:39:55,25263,25262.15,25,25263,25,125,13516750
NIFTY-I.NFO,15/10/2024,09:39:57,25264,25263,25,25264,125,1000,13516750
NIFTY-I.NFO,15/10/2024,09:39:58,25264,25263,75,25264,125,0,13516750
NIFTY-I.NFO,15/10/2024,09:40:00,25260,25259.65,25,25264,25,400,13516750
NIFTY-I.NFO,15/10/2024,09:40:02,25264,25259.75,500,25264,100,75,13516750
NIFTY-I.NFO,15/10/2024,09:40:03,25264,25260.4,25,25264,25,175,13516750
NIFTY-I.NFO,15/10/2024,09:40:05,25264.95,25260.4,250,25264.95,125,25,13516750
NIFTY-I.NFO,15/10/2024,09:40:07,25260.35,25259.85,250,25264,50,100,13516750
NIFTY-I.NFO,15/10/2024,09:40:08,25260.35,25260.15,25,25264,50,0,13516750
NIFTY-I.NFO,15/10/2024,09:40:10,25263,25260,25,25263,25,125,13516750
NIFTY-I.NFO,15/10/2024,09:40:12,25260,25260,50,25264.95,175,250,13516750
NIFTY-I.NFO,15/10/2024,09:40:13,25260.05,25260,50,25265.05,50,275,13516750
NIFTY-I.NFO,15/10/2024,09:40:15,25261,25260,100,25265.05,50,75,13516750
NIFTY-I.NFO,15/10/2024,09:40:16,25260,25260,75,25265.05,50,25,13516750
NIFTY-I.NFO,15/10/2024,09:40:18,25260,25260.35,50,25265.05,25,100,13516750
NIFTY-I.NFO,15/10/2024,09:40:20,25263.45,25261.85,250,25265.9,25,25,13516750
NIFTY-I.NFO,15/10/2024,09:40:21,25261.85,25263.45,25,25265.9,125,50,13516750
NIFTY-I.NFO,15/10/2024,09:40:23,25263,25261,125,25263,25,50,13516750
NIFTY-I.NFO,15/10/2024,09:40:25,25261,25262.15,25,25263,50,100,13516750
NIFTY-I.NFO,15/10/2024,09:40:26,25263,25262.85,25,25263,175,25,13516750
NIFTY-I.NFO,15/10/2024,09:40:28,25263,25262.05,75,25265.9,125,125,13516750
NIFTY-I.NFO,15/10/2024,09:40:30,25262.05,25261.85,25,25265.9,125,75,13516750
NIFTY-I.NFO,15/10/2024,09:40:31,25266,25261.5,250,25267,25,150,13516750
NIFTY-I.NFO,15/10/2024,09:40:33,25261.75,25262,25,25265,25,75,13516750
NIFTY-I.NFO,15/10/2024,09:40:35,25265,25265,25,25266,25,25,13516750
NIFTY-I.NFO,15/10/2024,09:40:36,25262.85,25262.75,250,25266,25,75,13516750
NIFTY-I.NFO,15/10/2024,09:40:38,25263.15,25263.15,250,25266,25,25,13516750
NIFTY-I.NFO,15/10/2024,09:40:39,25265,25263.75,250,25266,25,75,13516750
NIFTY-I.NFO,15/10/2024,09:40:41,25266,25265,150,25268,300,25,13516750
NIFTY-I.NFO,15/10/2024,09:40:43,25268,25265.1,175,25268,225,150,13516750
NIFTY-I.NFO,15/10/2024,09:40:44,25268,25265.15,175,25268,225,0,13516750
NIFTY-I.NFO,15/10/2024,09:40:46,25265.05,25265,100,25268,225,50,13516750
NIFTY-I.NFO,15/10/2024,09:40:48,25265,25265,50,25268,225,50,13516750
NIFTY-I.NFO,15/10/2024,09:40:49,25268,25265,50,25268,200,50,13516750
NIFTY-I.NFO,15/10/2024,09:40:51,25265,25265,25,25268,250,50,13516750
NIFTY-I.NFO,15/10/2024,09:40:53,25265,25263,100,25268,250,25,13516750
NIFTY-I.NFO,15/10/2024,09:40:54,25263,25262.5,125,25268,225,100,13516750
NIFTY-I.NFO,15/10/2024,09:40:56,25262.55,25262.25,125,25267.45,175,50,13516750
NIFTY-I.NFO,15/10/2024,09:40:58,25267.45,25262.1,75,25268,200,725,13516750
NIFTY-I.NFO,15/10/2024,09:40:59,25262.4,25262.3,125,25268,200,75,13516750
NIFTY-I.NFO,15/10/2024,09:41:01,25267.95,25263,150,25267.95,125,125,13516750
NIFTY-I.NFO,15/10/2024,09:41:02,25263,25263.05,100,25267.95,50,150,13516750
NIFTY-I.NFO,15/10/2024,09:41:04,25263,25263,25,25267,125,400,13516750
NIFTY-I.NFO,15/10/2024,09:41:06,25262,25262.15,250,25267.95,175,700,13516750
NIFTY-I.NFO,15/10/2024,09:41:08,25262.15,25262.15,225,25267.95,175,25,13516750
NIFTY-I.NFO,15/10/2024,09:41:09,25262.55,25263,25,25267.95,175,50,13516750
NIFTY-I.NFO,15/10/2024,09:41:11,25262.55,25263,25,25267.95,175,0,13516750
NIFTY-I.NFO,15/10/2024,09:41:12,25263,25263,25,25267.95,150,75,13516750
NIFTY-I.NFO,15/10/2024,09:41:14,25263,25263.05,125,25267.95,150,0,13516750
NIFTY-I.NFO,15/10/2024,09:41:16,25263.05,25263.05,50,25267.95,150,75,13516750
NIFTY-I.NFO,15/10/2024,09:41:17,25267,25265.6,25,25267.95,125,150,13516750
NIFTY-I.NFO,15/10/2024,09:41:19,25267.95,25265.6,75,25268,200,150,13516750
NIFTY-I.NFO,15/10/2024,09:41:21,25269,25265.6,50,25269.5,200,325,13516750
NIFTY-I.NFO,15/10/2024,09:41:22,25265.6,25265.6,75,25269.45,200,50,13516750
NIFTY-I.NFO,15/10/2024,09:41:24,25265.6,25265.6,25,25269.45,225,75,13516750
NIFTY-I.NFO,15/10/2024,09:41:26,25265.6,25263.4,50,25269.4,225,150,13516750
NIFTY-I.NFO,15/10/2024,09:41:27,25263.7,25263.75,50,25269.4,125,50,13516750
NIFTY-I.NFO,15/10/2024,09:41:29,25269.4,25264.05,300,25269.4,75,50,13516750
NIFTY-I.NFO,15/10/2024,09:41:31,25269.4,25264.55,325,25270,725,75,13516750
NIFTY-I.NFO,15/10/2024,09:41:32,25264.8,25265,100,25269.65,200,75,13516750
NIFTY-I.NFO,15/10/2024,09:41:34,25269.65,25265,50,25269.95,200,125,13516750
NIFTY-I.NFO,15/10/2024,09:41:36,25265,25265,25,25269.75,200,50,13516750
NIFTY-I.NFO,15/10/2024,09:41:37,25267.55,25265.05,25,25268.9,200,75,13516750
NIFTY-I.NFO,15/10/2024,09:41:39,25263.05,25263.05,50,25268.4,200,125,13516750
NIFTY-I.NFO,15/10/2024,09:41:41,25263.05,25266,25,25269.3,200,0,13516750
NIFTY-I.NFO,15/10/2024,09:41:42,25268.85,25265.05,50,25269.35,150,275,13516750
NIFTY-I.NFO,15/10/2024,09:41:44,25263.05,25263,75,25265,175,125,13516750
NIFTY-I.NFO,15/10/2024,09:41:46,25263,25263,25,25265,275,75,13516750
NIFTY-I.NFO,15/10/2024,09:41:47,25262.05,25262.4,200,25265,200,50,13516750
NIFTY-I.NFO,15/10/2024,09:41:49,25264.95,25262.4,150,25265,300,75,13516750
NIFTY-I.NFO,15/10/2024,09:41:50,25265,25262.4,150,25265,25,175,13516750
NIFTY-I.NFO,15/10/2024,09:41:52,25264.95,25262.4,75,25266.65,200,200,13516750
NIFTY-I.NFO,15/10/2024,09:41:54,25262.4,25262.4,25,25266.65,125,50,13516750
NIFTY-I.NFO,15/10/2024,09:41:55,25262.4,25262.4,25,25266.65,125,0,13516750
NIFTY-I.NFO,15/10/2024,09:41:57,25262,25262,50,25266.65,125,100,13516750
NIFTY-I.NFO,15/10/2024,09:41:59,25262,25261.2,25,25262,150,125,13516750
NIFTY-I.NFO,15/10/2024,09:42:00,25262,25261.05,150,25262,125,75,13516750
NIFTY-I.NFO,15/10/2024,09:42:02,25261.2,25261.05,175,25262,125,25,13516750
NIFTY-I.NFO,15/10/2024,09:42:04,25261.05,25261.05,100,25261.2,25,75,13516750
NIFTY-I.NFO,15/10/2024,09:42:05,25261,25261,200,25262,125,175,13516750
NIFTY-I.NFO,15/10/2024,09:42:07,25261,25261.2,50,25262,125,0,13516750
NIFTY-I.NFO,15/10/2024,09:42:09,25261.2,25261,200,25262,100,75,13516750
NIFTY-I.NFO,15/10/2024,09:42:10,25262,25261,200,25261.95,50,25,13516750
NIFTY-I.NFO,15/10/2024,09:42:12,25262,25261,125,25262,25,225,13516750
NIFTY-I.NFO,15/10/2024,09:42:14,25262,25261,150,25266.25,150,125,13516750
NIFTY-I.NFO,15/10/2024,09:42:15,25261,25261,100,25266.25,150,50,13516750
NIFTY-I.NFO,15/10/2024,09:42:17,25261,25261,100,25262,25,0,13516750
NIFTY-I.NFO,15/10/2024,09:42:18,25262,25260.15,100,25266,125,350,13516750
NIFTY-I.NFO,15/10/2024,09:42:20,25264.55,25262,25,25266,125,25,13516750
NIFTY-I.NFO,15/10/2024,09:42:22,25260,25262,75,25265.1,150,500,13516750
NIFTY-I.NFO,15/10/2024,09:42:23,25260,25262,75,25264.65,150,0,13516750
NIFTY-I.NFO,15/10/2024,09:42:25,25264.2,25260,300,25264.05,25,100,13516750
NIFTY-I.NFO,15/10/2024,09:42:27,25260,25260,225,25263.7,25,75,13516750
NIFTY-I.NFO,15/10/2024,09:42:28,25262.75,25260,200,25264.25,25,50,13516750
NIFTY-I.NFO,15/10/2024,09:42:30,25260,25260,225,25264.15,25,100,13516750
NIFTY-I.NFO,15/10/2024,09:42:32,25260,25258.5,25,25263.8,125,250,13516750
NIFTY-I.NFO,15/10/2024,09:42:33,25258.5,25257.75,100,25263.95,50,50,13516750
NIFTY-I.NFO,15/10/2024,09:42:35,25257.75,25258.05,100,25263.95,50,25,13516750
NIFTY-I.NFO,15/10/2024,09:42:37,25256.85,25256.4,25,25263.1,100,925,13516750
NIFTY-I.NFO,15/10/2024,09:42:38,25263.1,25256.85,50,25263.1,50,75,13516750
NIFTY-I.NFO,15/10/2024,09:42:40,25263.1,25256.9,50,25263.1,25,75,13516750
NIFTY-I.NFO,15/10/2024,09:42:41,25263.1,25256.55,150,25263.35,75,100,13516750
NIFTY-I.NFO,15/10/2024,09:42:43,25263.15,25257,25,25263.2,150,100,13516750
NIFTY-I.NFO,15/10/2024,09:42:45,25257,25256.75,50,25260,125,75,13516750
NIFTY-I.NFO,15/10/2024,09:42:46,25260,25260,125,25263.1,25,125,13516750
NIFTY-I.NFO,15/10/2024,09:42:48,25260,25260,75,25263.1,125,50,13516750
NIFTY-I.NFO,15/10/2024,09:42:49,25260,25258,1800,25263.1,25,100,13516750
NIFTY-I.NFO,15/10/2024,09:42:51,25258,25258,1750,25263.35,50,325,13516750
NIFTY-I.NFO,15/10/2024,09:42:53,25258,25258.05,75,25263.25,25,0,13516750
NIFTY-I.NFO,15/10/2024,09:42:54,25263.25,25258.05,50,25263.3,150,150,13516750
NIFTY-I.NFO,15/10/2024,09:42:56,25260,25260,200,25263.3,50,125,13517900
NIFTY-I.NFO,15/10/2024,09:42:57,25260,25260,150,25263.3,25,75,13517900
NIFTY-I.NFO,15/10/2024,09:42:59,25260,25260,200,25263.3,25,0,13517900
NIFTY-I.NFO,15/10/2024,09:43:01,25258.05,25258.05,50,25264.2,150,275,13517900
NIFTY-I.NFO,15/10/2024,09:43:02,25258,25258,1500,25264.2,175,300,13517900
NIFTY-I.NFO,15/10/2024,09:43:04,25259.95,25258.05,75,25264.2,150,325,13517900
NIFTY-I.NFO,15/10/2024,09:43:06,25258,25258,1400,25263,50,50,13517900
NIFTY-I.NFO,15/10/2024,09:43:07,25258.15,25258.15,50,25263,25,50,13517900
NIFTY-I.NFO,15/10/2024,09:43:09,25258.05,25258,1400,25263,25,75,13517900
NIFTY-I.NFO,15/10/2024,09:43:10,25258.2,25258.2,50,25263,25,25,13517900
NIFTY-I.NFO,15/10/2024,09:43:12,25258,25258,1425,25259.95,25,100,13517900
NIFTY-I.NFO,15/10/2024,09:43:14,25259.95,25258.05,125,25263,25,1450,13517900
NIFTY-I.NFO,15/10/2024,09:43:15,25258.05,25258.05,50,25263,25,175,13517900
NIFTY-I.NFO,15/10/2024,09:43:17,25258,25260,200,25264,25,175,13517900
NIFTY-I.NFO,15/10/2024,09:43:19,25260,25260,150,25264,25,50,13517900
NIFTY-I.NFO,15/10/2024,09:43:20,25260,25257.8,25,25263.35,150,400,13517900
NIFTY-I.NFO,15/10/2024,09:43:22,25264.15,25258.05,75,25263.9,150,475,13517900
NIFTY-I.NFO,15/10/2024,09:43:24,25258.3,25258.35,50,25264.2,50,50,13517900
NIFTY-I.NFO,15/10/2024,09:43:25,25263.1,25258.55,50,25263.25,25,25,13517900
NIFTY-I.NFO,15/10/2024,09:43:27,25258.55,25258.55,50,25263.25,25,50,13517900
NIFTY-I.NFO,15/10/2024,09:43:28,25262.75,25262.75,25,25264.2,150,50,13517900
NIFTY-I.NFO,15/10/2024,09:43:30,25264.1,25258.5,1825,25259.1,50,25,13517900
NIFTY-I.NFO,15/10/2024,09:43:32,25262,25258.5,125,25263.2,25,1800,13517900
NIFTY-I.NFO,15/10/2024,09:43:33,25263.75,25258.5,75,25263.7,25,875,13517900
NIFTY-I.NFO,15/10/2024,09:43:35,25263.55,25258.5,75,25263.5,25,25,13517900
NIFTY-I.NFO,15/10/2024,09:43:37,25258,25258,25,25263,150,125,13517900
NIFTY-I.NFO,15/10/2024,09:43:38,25255.1,25256.25,50,25262,25,5050,13517900
NIFTY-I.NFO,15/10/2024,09:43:40,25262.85,25256,25,25262,25,150,13517900
NIFTY-I.NFO,15/10/2024,09:43:41,25262.85,25256.05,25,25262,25,0,13517900
NIFTY-I.NFO,15/10/2024,09:43:43,25255.95,25256.95,50,25263,200,100,13517900
NIFTY-I.NFO,15/10/2024,09:43:45,25256.95,25257,50,25262.95,50,50,13517900
NIFTY-I.NFO,15/10/2024,09:43:46,25262.85,25256.75,50,25262.95,50,25,13517900
NIFTY-I.NFO,15/10/2024,09:43:48,25256.75,25256.7,125,25262.85,150,75,13517900
NIFTY-I.NFO,15/10/2024,09:43:50,25263,25260,25,25263,225,250,13517900
NIFTY-I.NFO,15/10/2024,09:43:51,25257.1,25260,75,25263,225,75,13517900
NIFTY-I.NFO,15/10/2024,09:43:53,25263,25257.7,50,25263,25,100,13517900
NIFTY-I.NFO,15/10/2024,09:43:54,25263,25257,1050,25263.4,150,100,13517900
NIFTY-I.NFO,15/10/2024,09:43:56,25262.3,25257.4,50,25264.2,50,50,13517900
NIFTY-I.NFO,15/10/2024,09:43:58,25257.15,25257.9,25,25260,200,200,13517900
NIFTY-I.NFO,15/10/2024,09:43:59,25257.95,25257.95,75,25260,225,25,13517900
NIFTY-I.NFO,15/10/2024,09:44:01,25257.95,25258,50,25260,225,50,13517900
NIFTY-I.NFO,15/10/2024,09:44:03,25259.85,25258,25,25260,225,100,13517900
NIFTY-I.NFO,15/10/2024,09:44:04,25258,25258.05,25,25260,250,25,13517900
NIFTY-I.NFO,15/10/2024,09:44:06,25257,25257,725,25260,250,550,13517900
NIFTY-I.NFO,15/10/2024,09:44:08,25259,25257,725,25259,150,25,13517900
NIFTY-I.NFO,15/10/2024,09:44:09,25257,25257,625,25259,100,150,13517900
NIFTY-I.NFO,15/10/2024,09:44:11,25257,25257,625,25259,100,50,13517900
NIFTY-I.NFO,15/10/2024,09:44:13,25257,25257,575,25259,100,50,13517900
NIFTY-I.NFO,15/10/2024,09:44:14,25259,25257,575,25259,75,50,13517900
NIFTY-I.NFO,15/10/2024,09:44:16,25257,25257,500,25259,75,75,13517900
NIFTY-I.NFO,15/10/2024,09:44:17,25257,25257,525,25259,75,0,13517900
NIFTY-I.NFO,15/10/2024,09:44:19,25259,25256.2,50,25259,75,550,13517900
NIFTY-I.NFO,15/10/2024,09:44:21,25255.45,25255.1,600,25258.95,25,125,13517900
NIFTY-I.NFO,15/10/2024,09:44:22,25255.45,25255.1,675,25258.95,50,0,13517900
NIFTY-I.NFO,15/10/2024,09:44:24,25255.1,25255.15,75,25259,25,75,13517900
NIFTY-I.NFO,15/10/2024,09:44:26,25255.2,25255.1,550,25255.2,25,300,13517900
NIFTY-I.NFO,15/10/2024,09:44:27,25255.1,25255.1,500,25259.1,200,75,13517900
NIFTY-I.NFO,15/10/2024,09:44:29,25255.1,25255.1,475,25258.3,125,75,13517900
NIFTY-I.NFO,15/10/2024,09:44:31,25258.85,25255.1,375,25259.35,200,200,13517900
NIFTY-I.NFO,15/10/2024,09:44:32,25258.2,25255.1,325,25258.65,200,75,13517900
NIFTY-I.NFO,15/10/2024,09:44:34,25255.1,25255.1,200,25258.7,25,125,13517900
NIFTY-I.NFO,15/10/2024,09:44:36,25255.1,25255.1,25,25258,25,275,13517900
NIFTY-I.NFO,15/10/2024,09:44:37,25255.1,25255.1,100,25258,25,25,13517900
NIFTY-I.NFO,15/10/2024,09:44:39,25255.1,25255,850,25258,175,500,13517900
NIFTY-I.NFO,15/10/2024,09:44:41,25255.1,25255,9850,25255.1,175,25,13517900
NIFTY-I.NFO,15/10/2024,09:44:42,25255,25255,9725,25258,225,300,13517900
NIFTY-I.NFO,15/10/2024,09:44:44,25255,25255,9725,25258,225,25,13517900
NIFTY-I.NFO,15/10/2024,09:44:45,25255.1,25255,9675,25258,225,75,13517900
NIFTY-I.NFO,15/10/2024,09:44:47,25255,25255,9675,25258,225,25,13517900
NIFTY-I.NFO,15/10/2024,09:44:49,25255,25255,9550,25256,100,175,13517900
NIFTY-I.NFO,15/10/2024,09:44:50,25256,25255,9575,25256,75,75,13517900
NIFTY-I.NFO,15/10/2024,09:44:52,25256,25255.1,325,25256,75,375,13517900
NIFTY-I.NFO,15/10/2024,09:44:53,25256,25255.1,450,25256,75,0,13517900
NIFTY-I.NFO,15/10/2024,09:44:55,25256,25255.9,25,25256,75,100,13517900
NIFTY-I.NFO,15/10/2024,09:44:57,25255.85,25255.1,325,25256,175,50,13517900
NIFTY-I.NFO,15/10/2024,09:45:00,25256,25255,9575,25256,25,475,13517900
NIFTY-I.NFO,15/10/2024,09:45:02,25256,25255,9625,25255.55,225,0,13517900
NIFTY-I.NFO,15/10/2024,09:45:03,25255,25255,9525,25256,250,175,13517900
NIFTY-I.NFO,15/10/2024,09:45:05,25255,25255,8375,25256,225,1175,13517900
NIFTY-I.NFO,15/10/2024,09:45:06,25256,25255.05,50,25256,100,250,13517900
NIFTY-I.NFO,15/10/2024,09:45:08,25255,25255,7975,25255.95,100,300,13517900
NIFTY-I.NFO,15/10/2024,09:45:10,25255,25255,125,25255.95,100,100,13517900
NIFTY-I.NFO,15/10/2024,09:45:11,25255,25255,125,25255.95,50,100,13517900
NIFTY-I.NFO,15/10/2024,09:45:13,25255,25254.95,25,25255.95,150,125,13517900
NIFTY-I.NFO,15/10/2024,09:45:14,25255.95,25255,25,25255.95,125,25,13517900
NIFTY-I.NFO,15/10/2024,09:45:16,25254.25,25254.2,25,25254.5,25,300,13517900
NIFTY-I.NFO,15/10/2024,09:45:16,25254.25,25254.2,25,25254.5,25,0,13517900
NIFTY-I.NFO,15/10/2024,09:45:18,25254.2,25254.05,25,25254.2,25,50,13517900
NIFTY-I.NFO,15/10/2024,09:45:18,25254.2,25254.05,25,25254.2,25,0,13517900
NIFTY-I.NFO,15/10/2024,09:45:19,25253,25252.4,25,25252.45,25,700,13517900
NIFTY-I.NFO,15/10/2024,09:45:19,25252.4,25252.4,25,25252.45,25,0,13517900
NIFTY-I.NFO,15/10/2024,09:45:21,25253,25252,175,25253,500,175,13517900
NIFTY-I.NFO,15/10/2024,09:45:23,25251,25251,500,25251.5,25,1050,13517900
NIFTY-I.NFO,15/10/2024,09:45:23,25251,25251,500,25251.5,25,0,13517900
NIFTY-I.NFO,15/10/2024,09:45:24,25251,25251,400,25252,125,225,13517900
NIFTY-I.NFO,15/10/2024,09:45:26,25252,25251,400,25252.4,150,75,13517900
NIFTY-I.NFO,15/10/2024,09:45:28,25251,25251,325,25252.4,175,100,13517900
NIFTY-I.NFO,15/10/2024,09:45:29,25250.6,25250.6,25,25250.95,25,700,13517900
NIFTY-I.NFO,15/10/2024,09:45:29,25250.6,25250.6,25,25250.95,25,0,13517900
NIFTY-I.NFO,15/10/2024,09:45:31,25250.1,25250.05,25,25250.9,125,450,13517900
NIFTY-I.NFO,15/10/2024,09:45:31,25250.1,25250.05,25,25250.9,125,0,13517900
NIFTY-I.NFO,15/10/2024,09:45:33,25250,25250,25,25250.9,225,3100,13517900
NIFTY-I.NFO,15/10/2024,09:45:33,25250,25250,25,25250.9,225,0,13517900
NIFTY-I.NFO,15/10/2024,09:45:34,25250.9,25248.6,25,25250,125,725,13517900
NIFTY-I.NFO,15/10/2024,09:45:34,25247.3,25248.6,25,25250,125,0,13517900
NIFTY-I.NFO,15/10/2024,09:45:36,25250.9,25250,125,25250.95,225,300,13517900
NIFTY-I.NFO,15/10/2024,09:45:36,25247.05,25250,125,25250.95,225,0,13517900
NIFTY-I.NFO,15/10/2024,09:45:38,25246.65,25246.05,100,25246.65,150,675,13517900
NIFTY-I.NFO,15/10/2024,09:45:38,25245.65,25246.05,100,25246.65,150,0,13517900
NIFTY-I.NFO,15/10/2024,09:45:39,25245.25,25245.05,125,25250,150,425,13517900
NIFTY-I.NFO,15/10/2024,09:45:39,25245.25,25245.05,125,25250,150,0,13517900
NIFTY-I.NFO,15/10/2024,09:45:41,25249.9,25247,25,25248.75,250,25,13517900
NIFTY-I.NFO,15/10/2024,09:45:43,25245,25243,25,25245,275,2325,13517900
NIFTY-I.NFO,15/10/2024,09:45:43,25243,25243,25,25245,275,0,13517900
NIFTY-I.NFO,15/10/2024,09:45:44,25245,25242.95,250,25245,225,750,13517900
NIFTY-I.NFO,15/10/2024,09:45:44,25242,25242.95,250,25245,225,0,13517900
NIFTY-I.NFO,15/10/2024,09:45:46,25243.95,25242.8,100,25245,275,275,13517900
NIFTY-I.NFO,15/10/2024,09:45:48,25243.6,25243.65,25,25245,475,75,13517900
NIFTY-I.NFO,15/10/2024,09:45:49,25242.85,25243.55,100,25245,75,475,13517900
NIFTY-I.NFO,15/10/2024,09:45:51,25242.75,25243.6,25,25248.5,150,1750,13517900
NIFTY-I.NFO,15/10/2024,09:45:53,25248.6,25243.6,50,25249.2,150,400,13517900
NIFTY-I.NFO,15/10/2024,09:45:54,25243.6,25243.2,25,25247,125,50,13517900
NIFTY-I.NFO,15/10/2024,09:45:56,25243.95,25242,1225,25243.2,25,300,13527925
NIFTY-I.NFO,15/10/2024,09:45:58,25243,25243,25,25243.95,1600,525,13527925
NIFTY-I.NFO,15/10/2024,09:45:59,25243.95,25243.7,25,25243.95,1275,350,13527925
NIFTY-I.NFO,15/10/2024,09:46:01,25242.85,25242.6,125,25243.95,750,750,13527925
NIFTY-I.NFO,15/10/2024,09:46:03,25242,25242,925,25243.95,725,325,13527925
NIFTY-I.NFO,15/10/2024,09:46:04,25243.95,25242,850,25243.95,650,150,13527925
NIFTY-I.NFO,15/10/2024,09:46:06,25242,25242.05,25,25243.95,150,775,13527925
NIFTY-I.NFO,15/10/2024,09:46:08,25242,25242,275,25243.95,50,450,13527925
NIFTY-I.NFO,15/10/2024,09:46:09,25242,25242,150,25245,700,175,13527925
NIFTY-I.NFO,15/10/2024,09:46:11,25241.65,25242,150,25243.3,75,600,13527925
NIFTY-I.NFO,15/10/2024,09:46:11,25241.65,25242,150,25243.3,75,0,13527925
NIFTY-I.NFO,15/10/2024,09:46:12,25241.8,25242,25,25245,175,400,13527925
NIFTY-I.NFO,15/10/2024,09:46:14,25242.5,25242.5,425,25245,175,25,13527925
NIFTY-I.NFO,15/10/2024,09:46:16,25243,25241.9,25,25243,450,875,13527925
NIFTY-I.NFO,15/10/2024,09:46:17,25241.55,25241.65,25,25243,450,250,13527925
NIFTY-I.NFO,15/10/2024,09:46:17,25241.55,25241.65,25,25243,450,0,13527925
NIFTY-I.NFO,15/10/2024,09:46:19,25241.85,25242,175,25243,575,150,13527925
NIFTY-I.NFO,15/10/2024,09:46:21,25241.5,25241.45,50,25243,475,1275,13527925
NIFTY-I.NFO,15/10/2024,09:46:21,25241.2,25241.45,50,25243,475,0,13527925
NIFTY-I.NFO,15/10/2024,09:46:22,25242,25241.55,50,25243,225,650,13527925
NIFTY-I.NFO,15/10/2024,09:46:24,25241.85,25241.25,25,25243,200,75,13527925
NIFTY-I.NFO,15/10/2024,09:46:26,25247.65,25245,725,25247.65,25,1575,13527925
NIFTY-I.NFO,15/10/2024,09:46:27,25245,25245,400,25247.65,25,325,13527925
NIFTY-I.NFO,15/10/2024,09:46:29,25245,25245,50,25246,300,400,13527925
NIFTY-I.NFO,15/10/2024,09:46:30,25245,25242.15,125,25245,50,125,13527925
NIFTY-I.NFO,15/10/2024,09:46:32,25245,25242.7,25,25245,25,50,13527925
NIFTY-I.NFO,15/10/2024,09:46:34,25245,25245,25,25246.8,300,250,13527925
NIFTY-I.NFO,15/10/2024,09:46:35,25246.35,25242.35,50,25246.25,250,325,13527925
NIFTY-I.NFO,15/10/2024,09:46:37,25242.35,25242,125,25246.45,25,50,13527925
NIFTY-I.NFO,15/10/2024,09:46:39,25242,25242,25,25244.7,125,175,13527925
NIFTY-I.NFO,15/10/2024,09:46:40,25244.25,25242,25,25244.7,25,25,13527925
NIFTY-I.NFO,15/10/2024,09:46:42,25241.25,25241,500,25241.95,25,100,13527925
NIFTY-I.NFO,15/10/2024,09:46:43,25242,25241,500,25241.25,300,100,13527925
NIFTY-I.NFO,15/10/2024,09:46:45,25235,25234.95,150,25239.95,225,5625,13527925
NIFTY-I.NFO,15/10/2024,09:46:45,25235,25234.95,150,25239.95,225,0,13527925
NIFTY-I.NFO,15/10/2024,09:46:47,25233,25232,150,25233,1300,1925,13527925
NIFTY-I.NFO,15/10/2024,09:46:47,25232,25232,150,25233,1300,0,13527925
NIFTY-I.NFO,15/10/2024,09:46:48,25232.75,25230,200,25232.15,25,2775,13527925
NIFTY-I.NFO,15/10/2024,09:46:48,25230,25230,200,25232.15,25,0,13527925
NIFTY-I.NFO,15/10/2024,09:46:50,25230,25230,75,25232.15,25,150,13527925
NIFTY-I.NFO,15/10/2024,09:46:52,25228,25228,125,25233,975,2775,13527925
NIFTY-I.NFO,15/10/2024,09:46:52,25228,25228,125,25233,975,0,13527925
NIFTY-I.NFO,15/10/2024,09:46:53,25228,25228,25,25233,1050,150,13527925
NIFTY-I.NFO,15/10/2024,09:46:55,25230,25230,25,25232.5,150,275,13527925
NIFTY-I.NFO,15/10/2024,09:46:55,25227.2,25230,25,25232.5,150,0,13527925
NIFTY-I.NFO,15/10/2024,09:46:57,25227.3,25228,25,25233,1025,525,13527925
NIFTY-I.NFO,15/10/2024,09:46:57,25226.7,25228,25,25233,1025,0,13527925
NIFTY-I.NFO,15/10/2024,09:46:58,25228.65,25228.95,150,25233,875,150,13527925
NIFTY-I.NFO,15/10/2024,09:47:00,25233,25228.75,25,25232.95,125,250,13527925
NIFTY-I.NFO,15/10/2024,09:47:02,25232.95,25229.6,50,25232.95,25,250,13527925
NIFTY-I.NFO,15/10/2024,09:47:03,25230.7,25230.65,275,25232.95,25,1025,13527925
NIFTY-I.NFO,15/10/2024,09:47:05,25232.85,25230.25,25,25232.8,25,100,13527925
NIFTY-I.NFO,15/10/2024,09:47:07,25232.85,25232.85,150,25233,725,175,13527925
NIFTY-I.NFO,15/10/2024,09:47:08,25232.95,25232.85,150,25233,675,100,13527925
NIFTY-I.NFO,15/10/2024,09:47:10,25232.9,25229,50,25232.7,100,275,13527925
NIFTY-I.NFO,15/10/2024,09:47:12,25232.65,25228,100,25232.65,250,1725,13527925
NIFTY-I.NFO,15/10/2024,09:47:12,25225.15,25228,100,25232.65,250,0,13527925
NIFTY-I.NFO,15/10/2024,09:47:13,25232.65,25230.05,25,25232.6,25,25,13527925
NIFTY-I.NFO,15/10/2024,09:47:15,25230.05,25228,50,25233,300,175,13527925
NIFTY-I.NFO,15/10/2024,09:47:17,25232.95,25232.65,25,25233,200,125,13527925
NIFTY-I.NFO,15/10/2024,09:47:18,25233,25230,25,25233,75,250,13527925
NIFTY-I.NFO,15/10/2024,09:47:20,25234.9,25228.15,100,25234.6,25,425,13527925
NIFTY-I.NFO,15/10/2024,09:47:22,25228,25228,175,25232.7,50,200,13527925
NIFTY-I.NFO,15/10/2024,09:47:23,25231.75,25226.1,125,25231.75,50,225,13527925
NIFTY-I.NFO,15/10/2024,09:47:25,25233.6,25230.6,175,25233.75,225,350,13527925
NIFTY-I.NFO,15/10/2024,09:47:26,25234.35,25231.5,75,25234.6,175,125,13527925
NIFTY-I.NFO,15/10/2024,09:47:28,25233.05,25230.6,150,25232.65,150,200,13527925
NIFTY-I.NFO,15/10/2024,09:47:30,25230.1,25230.1,850,25232.2,250,350,13527925
NIFTY-I.NFO,15/10/2024,09:47:31,25230.3,25230.1,825,25230.6,125,75,13527925
NIFTY-I.NFO,15/10/2024,09:47:33,25230.6,25230.1,400,25230.6,75,475,13527925
NIFTY-I.NFO,15/10/2024,09:47:35,25232.6,25232.3,75,25232.6,25,125,13527925
NIFTY-I.NFO,15/10/2024,09:47:36,25232,25230.1,375,25232,75,175,13527925
NIFTY-I.NFO,15/10/2024,09:47:38,25238,25235.2,23175,25238.15,50,2600,13527925
NIFTY-I.NFO,15/10/2024,09:47:40,25235.4,25235.2,22825,25237.95,25,400,13527925
NIFTY-I.NFO,15/10/2024,09:47:41,25238.95,25235.2,22775,25239,50,675,13527925
NIFTY-I.NFO,15/10/2024,09:47:43,25235.2,25235.2,22250,25239.5,25,825,13527925
NIFTY-I.NFO,15/10/2024,09:47:45,25236.3,25235.25,50,25239.15,225,1200,13527925
NIFTY-I.NFO,15/10/2024,09:47:46,25238,25235.25,50,25237.3,225,25,13527925
NIFTY-I.NFO,15/10/2024,09:47:48,25235.2,25235.2,20875,25235.9,125,1075,13527925
NIFTY-I.NFO,15/10/2024,09:47:50,25235.9,25235.2,20625,25235.6,125,325,13527925
NIFTY-I.NFO,15/10/2024,09:47:51,25237.15,25235.2,20250,25237.35,50,675,13527925
NIFTY-I.NFO,15/10/2024,09:47:53,25236.05,25235.2,20250,25237.35,25,25,13527925
NIFTY-I.NFO,15/10/2024,09:47:55,25237,25235.25,100,25237.5,25,175,13527925
NIFTY-I.NFO,15/10/2024,09:47:56,25239,25235.9,25,25238.95,100,225,13527925
NIFTY-I.NFO,15/10/2024,09:47:58,25239,25235.25,75,25238.95,25,100,13527925
NIFTY-I.NFO,15/10/2024,09:48:00,25235.2,25235.2,2175,25235.25,50,250,13527925
NIFTY-I.NFO,15/10/2024,09:48:01,25236.3,25235.2,2125,25235.6,250,75,13527925
NIFTY-I.NFO,15/10/2024,09:48:03,25235.2,25235.2,2050,25238.1,750,275,13527925
NIFTY-I.NFO,15/10/2024,09:48:05,25235.2,25235.2,2100,25239.5,125,150,13527925
NIFTY-I.NFO,15/10/2024,09:48:06,25238.1,25235.25,325,25238.95,25,100,13527925
NIFTY-I.NFO,15/10/2024,09:48:08,25238.95,25235.4,150,25239.4,25,25,13527925
NIFTY-I.NFO,15/10/2024,09:48:10,25239.4,25235.65,25,25240,325,675,13527925
NIFTY-I.NFO,15/10/2024,09:48:11,25235.25,25235.25,350,25239,50,225,13527925
NIFTY-I.NFO,15/10/2024,09:48:13,25239,25235.9,100,25239,25,75,13527925
NIFTY-I.NFO,15/10/2024,09:48:15,25235.85,25235.5,25,25240,325,100,13527925
NIFTY-I.NFO,15/10/2024,09:48:16,25239,25235.25,750,25240,275,625,13527925
NIFTY-I.NFO,15/10/2024,09:48:18,25236,25235.25,750,25239.95,175,125,13527925
NIFTY-I.NFO,15/10/2024,09:48:20,25239.95,25236.05,100,25240,200,100,13527925
NIFTY-I.NFO,15/10/2024,09:48:21,25240,25236.05,175,25240,75,275,13527925
NIFTY-I.NFO,15/10/2024,09:48:23,25241,25236.05,50,25240.6,50,275,13527925
NIFTY-I.NFO,15/10/2024,09:48:25,25240.55,25236.45,25,25241.6,125,225,13527925
NIFTY-I.NFO,15/10/2024,09:48:26,25240.55,25236.45,125,25240.5,25,0,13527925
NIFTY-I.NFO,15/10/2024,09:48:28,25242,25236.3,50,25242,450,350,13527925
NIFTY-I.NFO,15/10/2024,09:48:30,25241.95,25237.5,25,25242,425,150,13527925
NIFTY-I.NFO,15/10/2024,09:48:31,25241.95,25237.7,25,25241.95,100,125,13527925
NIFTY-I.NFO,15/10/2024,09:48:33,25236.15,25236.15,25,25239.45,175,75,13527925
NIFTY-I.NFO,15/10/2024,09:48:35,25239.4,25236.2,100,25239.4,50,150,13527925
NIFTY-I.NFO,15/10/2024,09:48:36,25236.2,25236.2,25,25238.85,350,75,13527925
NIFTY-I.NFO,15/10/2024,09:48:38,25238.85,25236.2,25,25238.6,225,175,13527925
NIFTY-I.NFO,15/10/2024,09:48:40,25238.55,25237,200,25238.55,250,100,13527925
NIFTY-I.NFO,15/10/2024,09:48:41,25239.45,25238.55,25,25239.45,225,100,13527925
NIFTY-I.NFO,15/10/2024,09:48:43,25239.45,25237,650,25239.45,100,75,13527925
NIFTY-I.NFO,15/10/2024,09:48:45,25237.2,25237,625,25238.55,75,125,13527925
NIFTY-I.NFO,15/10/2024,09:48:46,25238.55,25237,625,25237.2,125,25,13527925
NIFTY-I.NFO,15/10/2024,09:48:48,25237.7,25237,575,25238,350,100,13527925
NIFTY-I.NFO,15/10/2024,09:48:49,25237.7,25237,600,25238.55,50,0,13527925
NIFTY-I.NFO,15/10/2024,09:48:51,25238.55,25237,600,25238,525,200,13527925
NIFTY-I.NFO,15/10/2024,09:48:53,25238,25237,675,25238,475,50,13527925
NIFTY-I.NFO,15/10/2024,09:48:54,25238,25237,650,25238,375,125,13527925
NIFTY-I.NFO,15/10/2024,09:48:56,25238,25237,625,25238,525,75,13534025
NIFTY-I.NFO,15/10/2024,09:48:58,25237,25237,350,25238,400,400,13534025
NIFTY-I.NFO,15/10/2024,09:48:59,25236,25236,625,25237.35,150,1000,13534025
NIFTY-I.NFO,15/10/2024,09:49:01,25236,25236,500,25237.35,150,175,13534025
NIFTY-I.NFO,15/10/2024,09:49:03,25237,25236.15,25,25238,350,350,13534025
NIFTY-I.NFO,15/10/2024,09:49:04,25237.7,25237.7,75,25238,350,50,13534025
NIFTY-I.NFO,15/10/2024,09:49:06,25236.95,25236,500,25236.8,250,225,13534025
NIFTY-I.NFO,15/10/2024,09:49:07,25236,25236,450,25237,100,75,13534025
NIFTY-I.NFO,15/10/2024,09:49:09,25236.7,25235.85,75,25236.7,400,575,13534025
NIFTY-I.NFO,15/10/2024,09:49:10,25235.25,25235.25,150,25235.3,400,325,13534025
NIFTY-I.NFO,15/10/2024,09:49:12,25235.75,25235.4,25,25235.75,325,425,13534025
NIFTY-I.NFO,15/10/2024,09:49:14,25231.2,25231.2,975,25232.05,75,4575,13534025
NIFTY-I.NFO,15/10/2024,09:49:15,25228,25228,200,25228.3,25,2500,13534025
NIFTY-I.NFO,15/10/2024,09:49:17,25225,25225,1850,25225.2,725,1775,13534025
NIFTY-I.NFO,15/10/2024,09:49:17,25225,25225,1850,25225.2,725,0,13534025
NIFTY-I.NFO,15/10/2024,09:49:19,25223,25222.4,50,25222.9,25,2325,13534025
NIFTY-I.NFO,15/10/2024,09:49:19,25223,25222.4,50,25222.9,25,0,13534025
NIFTY-I.NFO,15/10/2024,09:49:20,25223.85,25222.4,50,25222.85,175,1650,13534025
NIFTY-I.NFO,15/10/2024,09:49:20,25222.9,25222.4,50,25222.85,175,0,13534025
NIFTY-I.NFO,15/10/2024,09:49:22,25222,25222,300,25224.4,250,975,13534025
NIFTY-I.NFO,15/10/2024,09:49:22,25222,25222,300,25224.4,250,0,13534025
NIFTY-I.NFO,15/10/2024,09:49:24,25225,25222.9,50,25224.8,325,125,13534025
NIFTY-I.NFO,15/10/2024,09:49:25,25225,25222,325,25225,175,450,13534025
NIFTY-I.NFO,15/10/2024,09:49:27,25225,25222.1,25,25225,150,200,13534025
NIFTY-I.NFO,15/10/2024,09:49:29,25225,25221.5,1875,25225.05,200,625,13534025
NIFTY-I.NFO,15/10/2024,09:49:29,25221.5,25221.5,1875,25225.05,200,0,13534025
NIFTY-I.NFO,15/10/2024,09:49:30,25221.5,25221.5,1700,25223.55,200,250,13534025
NIFTY-I.NFO,15/10/2024,09:49:32,25221.5,25221.5,1300,25224.95,125,10825,13534025
NIFTY-I.NFO,15/10/2024,09:49:34,25221.5,25221.5,600,25222.55,300,1175,13534025
NIFTY-I.NFO,15/10/2024,09:49:35,25219.05,25217,950,25217.55,100,4950,13534025
NIFTY-I.NFO,15/10/2024,09:49:35,25217,25217,950,25217.55,100,0,13534025
NIFTY-I.NFO,15/10/2024,09:49:37,25218.3,25217.55,25,25218.5,225,400,13534025
NIFTY-I.NFO,15/10/2024,09:49:39,25217,25217,700,25221.05,25,4450,13534025
NIFTY-I.NFO,15/10/2024,09:49:40,25220,25217,475,25219.95,25,200,13534025
NIFTY-I.NFO,15/10/2024,09:49:42,25217,25217,150,25219.5,225,325,13534025
NIFTY-I.NFO,15/10/2024,09:49:44,25215.35,25215.35,175,25219.75,25,1050,13534025
NIFTY-I.NFO,15/10/2024,09:49:44,25215.35,25215.35,175,25219.75,25,0,13534025
NIFTY-I.NFO,15/10/2024,09:49:45,25219,25215,925,25219.4,675,625,13534025
NIFTY-I.NFO,15/10/2024,09:49:45,25215,25215,925,25219.4,675,0,13534025
NIFTY-I.NFO,15/10/2024,09:49:47,25219.4,25215,850,25219.3,25,325,13534025
NIFTY-I.NFO,15/10/2024,09:49:49,25219,25217,425,25219,200,300,13534025
NIFTY-I.NFO,15/10/2024,09:49:50,25219.05,25217,250,25219,200,325,13534025
NIFTY-I.NFO,15/10/2024,09:49:52,25216.1,25215,725,25215.6,25,425,13534025
NIFTY-I.NFO,15/10/2024,09:49:54,25212,25212,2600,25214.85,25,1725,13534025
NIFTY-I.NFO,15/10/2024,09:49:54,25212,25212,2600,25214.85,25,0,13534025
NIFTY-I.NFO,15/10/2024,09:49:55,25215,25212,2000,25216.2,25,825,13534025
NIFTY-I.NFO,15/10/2024,09:49:57,25215,25212.25,100,25215,225,1075,13534025
NIFTY-I.NFO,15/10/2024,09:49:59,25217,25213.1,125,25218.8,475,675,13534025
NIFTY-I.NFO,15/10/2024,09:50:00,25216,25212.1,25,25218.6,150,550,13534025
NIFTY-I.NFO,15/10/2024,09:50:02,25216.25,25216.25,400,25218.8,375,600,13534025
NIFTY-I.NFO,15/10/2024,09:50:04,25216.25,25216.25,100,25218,25,350,13534025
NIFTY-I.NFO,15/10/2024,09:50:05,25217,25217,825,25218.8,325,100,13534025
NIFTY-I.NFO,15/10/2024,09:50:07,25220.35,25217.15,50,25218,25,2475,13534025
NIFTY-I.NFO,15/10/2024,09:50:09,25217.2,25217.2,175,25218.75,50,475,13534025
NIFTY-I.NFO,15/10/2024,09:50:10,25216.55,25215,75,25216.95,25,1150,13534025
NIFTY-I.NFO,15/10/2024,09:50:12,25215,25213.35,200,25217,25,125,13534025
NIFTY-I.NFO,15/10/2024,09:50:14,25216,25216,75,25217,25,225,13534025
NIFTY-I.NFO,15/10/2024,09:50:15,25212.05,25212.05,25,25217.2,125,625,13534025
NIFTY-I.NFO,15/10/2024,09:50:17,25220.2,25215.8,25,25220.2,125,400,13534025
NIFTY-I.NFO,15/10/2024,09:50:18,25220.25,25215,50,25220.15,100,175,13534025
NIFTY-I.NFO,15/10/2024,09:50:20,25219.35,25213.35,25,25219.25,50,2225,13534025
