Ticker,Date,Time,LTP,BuyPrice,BuyQty,SellPrice,SellQty,LTQ,OpenInterest
NIFTY-I.NFO,12/12/2024,09:15:00,24721.95,24720.05,100,24728.1,100,350,11148225
NIFTY-I.NFO,12/12/2024,09:15:00,24721.95,24720.05,100,24728.1,100,0,11148225
NIFTY-I.NFO,12/12/2024,09:15:00,24797.9,24720.05,100,24728.1,100,0,11148225
NIFTY-I.NFO,12/12/2024,09:15:00,24721.95,24720.05,100,24728.1,100,0,11148225
NIFTY-I.NFO,12/12/2024,09:15:01,24716.85,24718.9,350,24730.25,50,1750,11148225
NIFTY-I.NFO,12/12/2024,09:15:01,24715.15,24718.9,350,24730.25,50,0,11148225
NIFTY-I.NFO,12/12/2024,09:15:03,24729.15,24722.25,175,24729.2,125,1000,11148225
NIFTY-I.NFO,12/12/2024,09:15:05,24729.75,24721.85,100,24729.75,100,1225,11148225
NIFTY-I.NFO,12/12/2024,09:15:06,24723.05,24723,225,24728.95,75,1225,11148225
NIFTY-I.NFO,12/12/2024,09:15:08,24723.05,24721.9,200,24728.95,150,450,11148225
NIFTY-I.NFO,12/12/2024,09:15:09,24729.7,24726.8,550,24729.7,75,925,11148225
NIFTY-I.NFO,12/12/2024,09:15:11,24728.95,24722.05,50,24728.4,75,1575,11148225
NIFTY-I.NFO,12/12/2024,09:15:13,24725,24725,225,24728,25,575,11148225
NIFTY-I.NFO,12/12/2024,09:15:14,24720.05,24720,100,24726.85,100,675,11148225
NIFTY-I.NFO,12/12/2024,09:15:16,24718.3,24716.5,275,24723.85,275,450,11148225
NIFTY-I.NFO,12/12/2024,09:15:18,24720.05,24716.5,125,24721.7,150,125,11148225
NIFTY-I.NFO,12/12/2024,09:15:19,24715,24715,175,24720.55,150,250,11148225
NIFTY-I.NFO,12/12/2024,09:15:19,24715,24715,175,24720.55,150,0,11148225
NIFTY-I.NFO,12/12/2024,09:15:21,24715.65,24715.65,75,24719.7,25,1325,11148225
NIFTY-I.NFO,12/12/2024,09:15:22,24717.2,24713.05,75,24716.4,25,1475,11148225
NIFTY-I.NFO,12/12/2024,09:15:22,24713.05,24713.05,75,24716.4,25,0,11148225
NIFTY-I.NFO,12/12/2024,09:15:24,24715.8,24715.9,275,24719.95,125,575,11148225
NIFTY-I.NFO,12/12/2024,09:15:24,24713,24715.9,275,24719.95,125,0,11148225
NIFTY-I.NFO,12/12/2024,09:15:26,24721,24717.4,50,24721.8,100,1125,11148225
NIFTY-I.NFO,12/12/2024,09:15:27,24717.4,24716.6,100,24721.6,100,475,11148225
NIFTY-I.NFO,12/12/2024,09:15:29,24720.65,24717.25,100,24723.1,100,875,11148225
NIFTY-I.NFO,12/12/2024,09:15:30,24723.4,24720,125,24723.1,25,75,11148225
NIFTY-I.NFO,12/12/2024,09:15:32,24722,24718.45,50,24722,425,350,11148225
NIFTY-I.NFO,12/12/2024,09:15:34,24720,24717.4,125,24721.85,150,575,11148225
NIFTY-I.NFO,12/12/2024,09:15:35,24719.1,24718.65,175,24724.75,975,1400,11148225
NIFTY-I.NFO,12/12/2024,09:15:37,24726.7,24721.35,100,24726.7,25,1250,11148225
NIFTY-I.NFO,12/12/2024,09:15:38,24727.45,24720.05,100,24727.45,125,575,11148225
NIFTY-I.NFO,12/12/2024,09:15:40,24727.95,24721.8,100,24727.95,100,25,11148225
NIFTY-I.NFO,12/12/2024,09:15:42,24720,24720,500,24726.4,150,650,11148225
NIFTY-I.NFO,12/12/2024,09:15:43,24725,24720.85,175,24725.05,600,250,11147250
NIFTY-I.NFO,12/12/2024,09:15:45,24721.05,24721.05,75,24724.95,25,225,11147250
NIFTY-I.NFO,12/12/2024,09:15:47,24724.9,24721.05,25,24724.95,25,475,11147250
NIFTY-I.NFO,12/12/2024,09:15:48,24724.95,24721.1,100,24724.95,100,150,11147250
NIFTY-I.NFO,12/12/2024,09:15:50,24726.05,24721.05,25,24724.95,25,725,11147250
NIFTY-I.NFO,12/12/2024,09:15:51,24722,24720.05,100,24724.15,25,1125,11147250
NIFTY-I.NFO,12/12/2024,09:15:53,24720,24720,250,24724.35,75,2875,11147250
NIFTY-I.NFO,12/12/2024,09:15:55,24724.05,24720,150,24724.05,25,900,11147250
NIFTY-I.NFO,12/12/2024,09:15:56,24720,24718.1,200,24724.05,25,225,11147250
NIFTY-I.NFO,12/12/2024,09:15:58,24724.05,24721,125,24724.05,25,25,11147250
NIFTY-I.NFO,12/12/2024,09:15:59,24721.45,24720,150,24722,250,500,11147250
NIFTY-I.NFO,12/12/2024,09:16:01,24719.5,24719.5,200,24721.9,75,275,11147250
NIFTY-I.NFO,12/12/2024,09:16:03,24724.7,24721.9,350,24724.7,50,675,11147250
NIFTY-I.NFO,12/12/2024,09:16:04,24721.9,24721.9,175,24725,25,2500,11147250
NIFTY-I.NFO,12/12/2024,09:16:06,24725.55,24719.55,100,24725.5,1025,1300,11147250
NIFTY-I.NFO,12/12/2024,09:16:07,24724.4,24720.05,75,24724.1,500,300,11147250
NIFTY-I.NFO,12/12/2024,09:16:09,24724.05,24720.05,50,24724,25,75,11147250
NIFTY-I.NFO,12/12/2024,09:16:10,24723.9,24722,600,24723.95,75,150,11147250
NIFTY-I.NFO,12/12/2024,09:16:12,24723.5,24722.05,100,24724.8,1300,2475,11147250
NIFTY-I.NFO,12/12/2024,09:16:14,24722.95,24722.05,300,24724.5,125,1825,11147250
NIFTY-I.NFO,12/12/2024,09:16:15,24723,24722.1,75,24724.5,150,350,11147250
NIFTY-I.NFO,12/12/2024,09:16:17,24721.6,24720.05,125,24724.05,50,2050,11147250
NIFTY-I.NFO,12/12/2024,09:16:18,24720.05,24720.05,100,24724.55,25,50,11147250
NIFTY-I.NFO,12/12/2024,09:16:20,24724.8,24721.9,25,24725,650,975,11147250
NIFTY-I.NFO,12/12/2024,09:16:21,24722.9,24722,775,24724.85,25,1400,11147250
NIFTY-I.NFO,12/12/2024,09:16:23,24722,24722,475,24724.8,25,375,11147250
NIFTY-I.NFO,12/12/2024,09:16:25,24724.85,24722.05,100,24724.9,1800,100,11147250
NIFTY-I.NFO,12/12/2024,09:16:27,24724.9,24724,175,24724.9,1600,200,11147250
NIFTY-I.NFO,12/12/2024,09:16:28,24725.55,24724.05,125,24725.8,200,2025,11147250
NIFTY-I.NFO,12/12/2024,09:16:30,24723,24724.9,300,24728.65,100,800,11147250
NIFTY-I.NFO,12/12/2024,09:16:31,24730,24730,2000,24731.8,50,8300,11147250
NIFTY-I.NFO,12/12/2024,09:16:33,24731.5,24725.75,125,24731.4,75,2375,11147250
NIFTY-I.NFO,12/12/2024,09:16:35,24731.15,24725.6,125,24731.2,225,175,11147250
NIFTY-I.NFO,12/12/2024,09:16:36,24731.2,24725.6,125,24731.25,25,125,11147250
NIFTY-I.NFO,12/12/2024,09:16:38,24731.3,24725,2750,24730.95,75,150,11147250
NIFTY-I.NFO,12/12/2024,09:16:39,24731,24726,100,24731,125,125,11147250
NIFTY-I.NFO,12/12/2024,09:16:41,24731.45,24726.05,225,24731.45,75,675,11147250
NIFTY-I.NFO,12/12/2024,09:16:43,24729.5,24729,450,24732.55,50,325,11147250
NIFTY-I.NFO,12/12/2024,09:16:44,24733.85,24730,150,24733.6,75,1300,11147250
NIFTY-I.NFO,12/12/2024,09:16:46,24731.45,24731.45,50,24731.5,150,325,11147250
NIFTY-I.NFO,12/12/2024,09:16:47,24731,24730,600,24732.65,50,825,11147250
NIFTY-I.NFO,12/12/2024,09:16:49,24730.5,24730.05,150,24732.9,250,150,11147250
NIFTY-I.NFO,12/12/2024,09:16:51,24733.6,24730.1,125,24731.4,25,400,11147250
NIFTY-I.NFO,12/12/2024,09:16:52,24731.4,24731,225,24731.45,250,75,11147250
NIFTY-I.NFO,12/12/2024,09:16:54,24734,24731.15,125,24734,100,875,11147250
NIFTY-I.NFO,12/12/2024,09:16:55,24732.15,24732.2,125,24733.95,25,50,11147250
NIFTY-I.NFO,12/12/2024,09:16:57,24732.1,24732.25,125,24733.7,25,375,11147250
NIFTY-I.NFO,12/12/2024,09:16:59,24734.5,24734.05,125,24734.5,25,125,11147250
NIFTY-I.NFO,12/12/2024,09:17:00,24734.05,24734.15,125,24734.9,100,500,11147250
NIFTY-I.NFO,12/12/2024,09:17:02,24734.15,24734,25,24736.4,625,2225,11147250
NIFTY-I.NFO,12/12/2024,09:17:04,24734,24733.45,125,24733.5,175,1125,11147250
NIFTY-I.NFO,12/12/2024,09:17:05,24733.5,24732,400,24735.45,25,1150,11147250
NIFTY-I.NFO,12/12/2024,09:17:07,24734,24733,600,24735,50,300,11147250
NIFTY-I.NFO,12/12/2024,09:17:08,24734,24734,400,24734.5,25,675,11147250
NIFTY-I.NFO,12/12/2024,09:17:10,24734.05,24734,325,24735,500,225,11147250
NIFTY-I.NFO,12/12/2024,09:17:12,24734,24733,575,24735.45,25,1650,11147250
NIFTY-I.NFO,12/12/2024,09:17:13,24733,24734,25,24736.1,125,575,11147250
NIFTY-I.NFO,12/12/2024,09:17:15,24735,24733,450,24735.45,25,750,11147250
NIFTY-I.NFO,12/12/2024,09:17:17,24735,24733,425,24735,325,1400,11147250
NIFTY-I.NFO,12/12/2024,09:17:18,24732,24732,175,24732.35,225,1250,11147250
NIFTY-I.NFO,12/12/2024,09:17:20,24732.35,24732,150,24732.35,200,50,11147250
NIFTY-I.NFO,12/12/2024,09:17:21,24733.5,24732,50,24734,25,375,11147250
NIFTY-I.NFO,12/12/2024,09:17:23,24732,24732,125,24734.45,25,200,11147250
NIFTY-I.NFO,12/12/2024,09:17:25,24736.05,24733,150,24735.45,25,1000,11147250
NIFTY-I.NFO,12/12/2024,09:17:26,24736.2,24733,125,24736.25,25,50,11147250
NIFTY-I.NFO,12/12/2024,09:17:28,24733.5,24733,125,24733.5,75,25,11147250
NIFTY-I.NFO,12/12/2024,09:17:30,24737.3,24733.5,25,24734.75,500,400,11147250
NIFTY-I.NFO,12/12/2024,09:17:31,24734.75,24734,450,24736.05,200,625,11147250
NIFTY-I.NFO,12/12/2024,09:17:33,24734,24734,625,24736.05,100,175,11147250
NIFTY-I.NFO,12/12/2024,09:17:34,24736.05,24734,300,24736.05,75,150,11147250
NIFTY-I.NFO,12/12/2024,09:17:36,24736.75,24734,25,24735.5,325,2775,11147250
NIFTY-I.NFO,12/12/2024,09:17:38,24734.5,24733.05,125,24734.5,250,150,11147250
NIFTY-I.NFO,12/12/2024,09:17:39,24733.5,24733.05,225,24734,25,325,11147250
NIFTY-I.NFO,12/12/2024,09:17:41,24736.5,24733.05,225,24736,25,150,11147250
NIFTY-I.NFO,12/12/2024,09:17:42,24735,24735,1200,24736.95,25,125,11147250
NIFTY-I.NFO,12/12/2024,09:17:44,24736.95,24735,1300,24737,325,75,11147250
NIFTY-I.NFO,12/12/2024,09:17:46,24735,24735,1425,24737,300,50,11147250
NIFTY-I.NFO,12/12/2024,09:17:47,24737,24735,1475,24737,125,175,11147250
NIFTY-I.NFO,12/12/2024,09:17:49,24735,24735,1825,24737,100,125,11147250
NIFTY-I.NFO,12/12/2024,09:17:51,24737.75,24736,25,24737.95,25,200,11147250
NIFTY-I.NFO,12/12/2024,09:17:52,24738,24736,125,24738,25,25,11147250
NIFTY-I.NFO,12/12/2024,09:17:54,24739.75,24738,775,24739.45,25,550,11147250
NIFTY-I.NFO,12/12/2024,09:17:55,24738.95,24738,700,24739.4,175,700,11147250
NIFTY-I.NFO,12/12/2024,09:17:57,24738.9,24738,700,24738.9,250,375,11147250
NIFTY-I.NFO,12/12/2024,09:17:59,24738,24737,350,24739,25,1150,11147250
NIFTY-I.NFO,12/12/2024,09:18:00,24735.45,24735.85,300,24739.75,125,525,11147250
NIFTY-I.NFO,12/12/2024,09:18:02,24739.75,24738.95,25,24739.75,100,75,11147250
NIFTY-I.NFO,12/12/2024,09:18:04,24741.1,24738.95,25,24740.45,25,1625,11147250
NIFTY-I.NFO,12/12/2024,09:18:05,24739.7,24738.9,1825,24740.45,25,225,11147250
NIFTY-I.NFO,12/12/2024,09:18:07,24741.95,24738.95,200,24741.45,25,75,11147250
NIFTY-I.NFO,12/12/2024,09:18:09,24741.45,24740,250,24741.45,25,100,11147250
NIFTY-I.NFO,12/12/2024,09:18:10,24740,24740.05,200,24741.95,25,200,11147250
NIFTY-I.NFO,12/12/2024,09:18:12,24738.95,24738.95,25,24739.5,225,600,11147250
NIFTY-I.NFO,12/12/2024,09:18:13,24738.9,24738.9,1350,24739.5,225,500,11147250
NIFTY-I.NFO,12/12/2024,09:18:15,24738.9,24738,50,24738.95,25,3175,11147250
NIFTY-I.NFO,12/12/2024,09:18:17,24738.05,24738,50,24738.95,25,1125,11147250
NIFTY-I.NFO,12/12/2024,09:18:18,24738.45,24737,50,24738.45,25,875,11147250
NIFTY-I.NFO,12/12/2024,09:18:20,24738.45,24737,50,24738.45,25,125,11147250
NIFTY-I.NFO,12/12/2024,09:18:21,24737.05,24737.05,250,24738,75,300,11147250
NIFTY-I.NFO,12/12/2024,09:18:23,24737.1,24737.1,200,24738,75,50,11147250
NIFTY-I.NFO,12/12/2024,09:18:25,24738,24737.1,175,24738,50,100,11147250
NIFTY-I.NFO,12/12/2024,09:18:26,24737.05,24737,375,24739.45,25,475,11147250
NIFTY-I.NFO,12/12/2024,09:18:28,24740,24740,2150,24741,100,500,11147250
NIFTY-I.NFO,12/12/2024,09:18:29,24740,24740,125,24740.95,50,2175,11147250
NIFTY-I.NFO,12/12/2024,09:18:31,24740,24738,125,24739.5,25,150,11147250
NIFTY-I.NFO,12/12/2024,09:18:33,24737,24737,350,24740,25,275,11147250
NIFTY-I.NFO,12/12/2024,09:18:34,24740.45,24737,250,24740.45,25,75,11147250
NIFTY-I.NFO,12/12/2024,09:18:36,24739.35,24737,50,24738.45,25,250,11147250
NIFTY-I.NFO,12/12/2024,09:18:37,24738.45,24735,1675,24738.45,25,125,11147250
NIFTY-I.NFO,12/12/2024,09:18:39,24735,24735,1525,24738.45,25,850,11147250
NIFTY-I.NFO,12/12/2024,09:18:41,24737.95,24735.05,200,24737.95,25,100,11147250
NIFTY-I.NFO,12/12/2024,09:18:42,24738.45,24735,1525,24738.4,25,50,11147250
NIFTY-I.NFO,12/12/2024,09:18:44,24738.45,24735,1475,24738.45,25,400,11171875
NIFTY-I.NFO,12/12/2024,09:18:45,24738.45,24735,1475,24738.35,125,0,11171875
NIFTY-I.NFO,12/12/2024,09:18:47,24738.35,24735,1625,24738.4,25,125,11171875
NIFTY-I.NFO,12/12/2024,09:18:49,24738.4,24735,1550,24738.95,125,550,11171875
NIFTY-I.NFO,12/12/2024,09:18:50,24738.45,24735,1400,24738.45,125,75,11171875
NIFTY-I.NFO,12/12/2024,09:18:52,24735,24735,1275,24738.45,125,175,11171875
NIFTY-I.NFO,12/12/2024,09:18:53,24735,24735,1250,24738.4,25,175,11171875
NIFTY-I.NFO,12/12/2024,09:18:55,24735,24735,1325,24738.35,25,100,11171875
NIFTY-I.NFO,12/12/2024,09:18:57,24738.45,24735,1350,24738.45,25,1075,11171875
NIFTY-I.NFO,12/12/2024,09:18:58,24738.45,24735,1350,24738.5,75,25,11171875
NIFTY-I.NFO,12/12/2024,09:19:00,24738.45,24736.45,25,24738.4,150,25,11171875
NIFTY-I.NFO,12/12/2024,09:19:01,24738.4,24735,1300,24738.45,1000,275,11171875
NIFTY-I.NFO,12/12/2024,09:19:03,24736.95,24735,1225,24736.95,100,150,11171875
NIFTY-I.NFO,12/12/2024,09:19:04,24736.95,24735,1450,24737.45,100,200,11171875
NIFTY-I.NFO,12/12/2024,09:19:06,24737.4,24735,1600,24736.45,125,175,11171875
NIFTY-I.NFO,12/12/2024,09:19:08,24735,24735,1525,24736.4,125,100,11171875
NIFTY-I.NFO,12/12/2024,09:19:09,24735,24735.05,125,24736.4,125,0,11171875
NIFTY-I.NFO,12/12/2024,09:19:11,24735.1,24735.1,50,24736.95,250,75,11171875
NIFTY-I.NFO,12/12/2024,09:19:12,24735.1,24736.4,25,24736.9,125,25,11171875
NIFTY-I.NFO,12/12/2024,09:19:14,24736.95,24736.4,75,24736.95,125,1725,11171875
NIFTY-I.NFO,12/12/2024,09:19:16,24736.7,24735.1,25,24736.7,175,200,11171875
NIFTY-I.NFO,12/12/2024,09:19:17,24736.7,24735.1,25,24736.45,25,50,11171875
NIFTY-I.NFO,12/12/2024,09:19:19,24735.1,24735,650,24735.1,100,75,11171875
NIFTY-I.NFO,12/12/2024,09:19:20,24735,24735,725,24735.1,75,75,11171875
NIFTY-I.NFO,12/12/2024,09:19:22,24735.1,24735,650,24735.1,50,25,11171875
NIFTY-I.NFO,12/12/2024,09:19:24,24735.6,24735.1,100,24735.6,125,75,11171875
NIFTY-I.NFO,12/12/2024,09:19:25,24735.6,24735.1,100,24735.6,125,0,11171875
NIFTY-I.NFO,12/12/2024,09:19:27,24735.1,24735.1,75,24735.6,125,25,11171875
NIFTY-I.NFO,12/12/2024,09:19:28,24735.1,24735.1,75,24736,125,25,11171875
NIFTY-I.NFO,12/12/2024,09:19:30,24736,24736,150,24736.45,125,25,11171875
NIFTY-I.NFO,12/12/2024,09:19:31,24735.6,24735.1,75,24735.95,25,250,11171875
NIFTY-I.NFO,12/12/2024,09:19:33,24735,24735,275,24735.85,175,225,11171875
NIFTY-I.NFO,12/12/2024,09:19:35,24735.45,24735,1675,24735.45,125,1150,11171875
NIFTY-I.NFO,12/12/2024,09:19:36,24735.45,24735.05,25,24735.45,125,275,11171875
NIFTY-I.NFO,12/12/2024,09:19:38,24735.05,24735,1525,24735.45,125,25,11171875
NIFTY-I.NFO,12/12/2024,09:19:39,24735.55,24735,1425,24735.45,125,375,11171875
NIFTY-I.NFO,12/12/2024,09:19:41,24735.45,24735,1400,24735.45,25,175,11171875
NIFTY-I.NFO,12/12/2024,09:19:44,24735,24735,1550,24735.4,25,75,11171875
NIFTY-I.NFO,12/12/2024,09:19:46,24735.4,24735,1600,24735.45,25,25,11171875
NIFTY-I.NFO,12/12/2024,09:19:47,24735.45,24735,1600,24735.45,25,50,11171875
NIFTY-I.NFO,12/12/2024,09:19:49,24735.9,24735.6,225,24735.95,25,150,11171875
NIFTY-I.NFO,12/12/2024,09:19:51,24735.6,24735.6,275,24738,500,175,11171875
NIFTY-I.NFO,12/12/2024,09:19:52,24738,24735.45,175,24738.45,25,1550,11171875
NIFTY-I.NFO,12/12/2024,09:19:54,24738.45,24735.45,175,24738.45,25,50,11171875
NIFTY-I.NFO,12/12/2024,09:19:55,24738.65,24735.6,150,24738.45,25,250,11171875
NIFTY-I.NFO,12/12/2024,09:19:57,24738.45,24735.65,200,24739.55,125,50,11171875
NIFTY-I.NFO,12/12/2024,09:19:59,24739.75,24736.7,125,24739,25,2150,11171875
NIFTY-I.NFO,12/12/2024,09:20:00,24738.7,24737,175,24738.7,625,250,11171875
NIFTY-I.NFO,12/12/2024,09:20:02,24735.1,24736,25,24737.45,25,550,11171875
NIFTY-I.NFO,12/12/2024,09:20:04,24735.1,24736,25,24736.45,25,0,11171875
NIFTY-I.NFO,12/12/2024,09:20:05,24735.95,24735,400,24735.95,25,275,11171875
NIFTY-I.NFO,12/12/2024,09:20:07,24733.5,24733,25,24734.95,25,350,11171875
NIFTY-I.NFO,12/12/2024,09:20:09,24734.95,24732,75,24734.9,625,100,11171875
NIFTY-I.NFO,12/12/2024,09:20:10,24732,24732,125,24734.6,625,175,11171875
NIFTY-I.NFO,12/12/2024,09:20:12,24731.1,24731,50,24734.45,250,75,11171875
NIFTY-I.NFO,12/12/2024,09:20:14,24735.45,24730.75,200,24735.45,75,375,11171875
NIFTY-I.NFO,12/12/2024,09:20:15,24732.6,24732,350,24735.05,75,25,11171875
NIFTY-I.NFO,12/12/2024,09:20:17,24734.95,24732,200,24735,525,225,11171875
NIFTY-I.NFO,12/12/2024,09:20:19,24734.9,24730.05,600,24734.85,350,600,11171875
NIFTY-I.NFO,12/12/2024,09:20:20,24732,24730.05,600,24734.8,1175,75,11171875
NIFTY-I.NFO,12/12/2024,09:20:22,24732.75,24730,1325,24734.4,125,650,11171875
NIFTY-I.NFO,12/12/2024,09:20:24,24730,24730,1075,24734.4,200,400,11171875
NIFTY-I.NFO,12/12/2024,09:20:25,24730,24730,1300,24734,50,25,11171875
NIFTY-I.NFO,12/12/2024,09:20:27,24730,24730,1250,24731.6,50,50,11171875
NIFTY-I.NFO,12/12/2024,09:20:29,24730,24730,950,24731.6,200,300,11171875
NIFTY-I.NFO,12/12/2024,09:20:30,24730,24730,875,24731.6,175,100,11171875
NIFTY-I.NFO,12/12/2024,09:20:32,24731.6,24730,175,24731.6,125,850,11171875
NIFTY-I.NFO,12/12/2024,09:20:34,24729.45,24729.35,200,24731.6,125,100,11171875
NIFTY-I.NFO,12/12/2024,09:20:35,24731.6,24729,225,24731.6,75,50,11171875
NIFTY-I.NFO,12/12/2024,09:20:37,24730.05,24730,125,24733,100,150,11171875
NIFTY-I.NFO,12/12/2024,09:20:39,24731.6,24731.6,150,24732.95,25,50,11171875
NIFTY-I.NFO,12/12/2024,09:20:40,24733,24731.6,75,24732.95,25,150,11171875
NIFTY-I.NFO,12/12/2024,09:20:42,24731.6,24731.6,50,24732.95,25,25,11171875
NIFTY-I.NFO,12/12/2024,09:20:44,24731.6,24731.6,75,24732.95,25,25,11171875
NIFTY-I.NFO,12/12/2024,09:20:45,24730,24730,875,24731.6,175,100,11171875
NIFTY-I.NFO,12/12/2024,09:20:47,24730.15,24730,950,24733,50,300,11171875
NIFTY-I.NFO,12/12/2024,09:20:49,24733,24731.6,125,24733,25,25,11171875
NIFTY-I.NFO,12/12/2024,09:20:50,24733,24731.6,75,24733.75,100,200,11171875
NIFTY-I.NFO,12/12/2024,09:20:52,24730,24730,775,24733,275,400,11171875
NIFTY-I.NFO,12/12/2024,09:20:54,24730,24730,875,24733,300,0,11171875
NIFTY-I.NFO,12/12/2024,09:20:55,24733,24730.6,125,24733,25,550,11171875
NIFTY-I.NFO,12/12/2024,09:20:57,24730,24730,625,24733.4,250,250,11171875
NIFTY-I.NFO,12/12/2024,09:20:59,24733,24731.35,125,24734.6,50,125,11171875
NIFTY-I.NFO,12/12/2024,09:21:00,24730.55,24730,9550,24733.8,250,300,11171875
NIFTY-I.NFO,12/12/2024,09:21:02,24733.8,24730.6,250,24734.6,50,375,11171875
NIFTY-I.NFO,12/12/2024,09:21:04,24733,24732,725,24734.6,50,25,11171875
NIFTY-I.NFO,12/12/2024,09:21:05,24733,24732,625,24734.5,25,0,11171875
NIFTY-I.NFO,12/12/2024,09:21:07,24732,24732,600,24734.85,1025,50,11171875
NIFTY-I.NFO,12/12/2024,09:21:09,24732,24733,175,24734.45,250,0,11171875
NIFTY-I.NFO,12/12/2024,09:21:10,24732,24733.8,150,24734.55,625,0,11171875
NIFTY-I.NFO,12/12/2024,09:21:12,24732,24732,575,24734.55,25,250,11171875
NIFTY-I.NFO,12/12/2024,09:21:14,24733,24731.2,250,24734.55,150,3025,11171875
NIFTY-I.NFO,12/12/2024,09:21:15,24734.55,24733,450,24736.3,25,200,11171875
NIFTY-I.NFO,12/12/2024,09:21:17,24736.35,24733,500,24736.3,25,125,11171875
NIFTY-I.NFO,12/12/2024,09:21:19,24735,24733,600,24736.2,325,50,11171875
NIFTY-I.NFO,12/12/2024,09:21:20,24733,24733,400,24735.75,75,100,11171875
NIFTY-I.NFO,12/12/2024,09:21:22,24733,24733,175,24736.05,25,575,11171875
NIFTY-I.NFO,12/12/2024,09:21:24,24733,24732.4,150,24735.7,25,100,11171875
NIFTY-I.NFO,12/12/2024,09:21:25,24733,24735,125,24735.75,25,0,11171875
NIFTY-I.NFO,12/12/2024,09:21:27,24735,24734,50,24735,25,25,11171875
NIFTY-I.NFO,12/12/2024,09:21:29,24734.95,24734,25,24735,350,250,11171875
NIFTY-I.NFO,12/12/2024,09:21:30,24735,24734,25,24735,250,100,11171875
NIFTY-I.NFO,12/12/2024,09:21:32,24736.6,24735.9,225,24738.95,25,175,11171875
NIFTY-I.NFO,12/12/2024,09:21:34,24738.05,24735.7,350,24738.55,100,300,11171875
NIFTY-I.NFO,12/12/2024,09:21:35,24738.25,24735.7,250,24737.5,75,125,11171875
NIFTY-I.NFO,12/12/2024,09:21:37,24738.25,24735.7,250,24737.35,25,0,11171875
NIFTY-I.NFO,12/12/2024,09:21:39,24736.9,24735.7,250,24736.05,25,50,11171875
NIFTY-I.NFO,12/12/2024,09:21:40,24735,24734,25,24736.05,100,425,11171875
NIFTY-I.NFO,12/12/2024,09:21:42,24734,24733,250,24735.85,25,25,11171875
NIFTY-I.NFO,12/12/2024,09:21:44,24733,24733,125,24734,50,175,11179150
NIFTY-I.NFO,12/12/2024,09:21:45,24732.45,24732,375,24735.7,250,425,11179150
NIFTY-I.NFO,12/12/2024,09:21:47,24731.25,24731.15,250,24735.05,25,575,11179150
NIFTY-I.NFO,12/12/2024,09:21:49,24733,24732,150,24735,25,150,11179150
NIFTY-I.NFO,12/12/2024,09:21:50,24733.25,24733.25,175,24734.95,25,100,11179150
NIFTY-I.NFO,12/12/2024,09:21:52,24733.25,24733.25,125,24734.85,25,100,11179150
NIFTY-I.NFO,12/12/2024,09:21:54,24734.95,24733.25,125,24734.85,100,75,11179150
NIFTY-I.NFO,12/12/2024,09:21:55,24733,24733,200,24734.8,25,175,11179150
NIFTY-I.NFO,12/12/2024,09:21:57,24733,24733,200,24734.75,50,0,11179150
NIFTY-I.NFO,12/12/2024,09:21:59,24733,24733,25,24734.7,25,100,11179150
NIFTY-I.NFO,12/12/2024,09:22:00,24734.65,24732,125,24734.65,25,150,11179150
NIFTY-I.NFO,12/12/2024,09:22:02,24731.1,24731.3,25,24734.65,50,325,11179150
NIFTY-I.NFO,12/12/2024,09:22:03,24731.1,24732.1,125,24734.55,25,0,11179150
NIFTY-I.NFO,12/12/2024,09:22:05,24734.55,24733.25,125,24734.7,25,275,11179150
NIFTY-I.NFO,12/12/2024,09:22:07,24737.95,24734.15,225,24736.95,25,425,11179150
NIFTY-I.NFO,12/12/2024,09:22:08,24734.15,24734,250,24738,25,50,11179150
NIFTY-I.NFO,12/12/2024,09:22:10,24738,24734,125,24738,250,225,11179150
NIFTY-I.NFO,12/12/2024,09:22:12,24737,24733.15,300,24737.9,100,300,11179150
NIFTY-I.NFO,12/12/2024,09:22:13,24733.95,24733.55,275,24737.25,25,50,11179150
NIFTY-I.NFO,12/12/2024,09:22:15,24735.2,24734.85,250,24737.95,25,50,11179150
NIFTY-I.NFO,12/12/2024,09:22:17,24733.4,24733.35,250,24738.2,25,100,11179150
NIFTY-I.NFO,12/12/2024,09:22:18,24734.15,24733.15,125,24738.25,25,25,11179150
NIFTY-I.NFO,12/12/2024,09:22:20,24738.8,24733.05,125,24738.65,50,1400,11179150
NIFTY-I.NFO,12/12/2024,09:22:22,24733,24732.55,275,24736.85,250,175,11179150
NIFTY-I.NFO,12/12/2024,09:22:23,24733,24733.05,325,24736.8,25,0,11179150
NIFTY-I.NFO,12/12/2024,09:22:25,24733.35,24733.9,250,24737.8,250,100,11179150
NIFTY-I.NFO,12/12/2024,09:22:27,24735,24734.65,325,24738.65,25,50,11179150
NIFTY-I.NFO,12/12/2024,09:22:28,24735,24733.4,525,24737.35,125,0,11179150
NIFTY-I.NFO,12/12/2024,09:22:30,24737.15,24734.05,525,24737.65,75,75,11179150
NIFTY-I.NFO,12/12/2024,09:22:32,24734.05,24733.95,125,24738.15,100,225,11179150
NIFTY-I.NFO,12/12/2024,09:22:33,24738.75,24734.65,325,24738.15,150,325,11179150
NIFTY-I.NFO,12/12/2024,09:22:35,24734.55,24734.8,325,24738.15,150,50,11179150
NIFTY-I.NFO,12/12/2024,09:22:37,24739.85,24735,400,24739.4,25,625,11179150
NIFTY-I.NFO,12/12/2024,09:22:38,24739.85,24735,425,24739.2,50,0,11179150
NIFTY-I.NFO,12/12/2024,09:22:40,24739.2,24735.05,125,24738.5,175,25,11179150
NIFTY-I.NFO,12/12/2024,09:22:42,24739.4,24735,475,24739.05,25,1875,11179150
NIFTY-I.NFO,12/12/2024,09:22:43,24739.4,24736,25,24739.3,25,0,11179150
NIFTY-I.NFO,12/12/2024,09:22:45,24736,24735,175,24737.5,275,50,11179150
NIFTY-I.NFO,12/12/2024,09:22:47,24738.15,24735,325,24737.7,25,75,11179150
NIFTY-I.NFO,12/12/2024,09:22:48,24738.5,24735,300,24738.5,100,425,11179150
NIFTY-I.NFO,12/12/2024,09:22:50,24735,24735,250,24738.1,50,700,11179150
NIFTY-I.NFO,12/12/2024,09:22:52,24738.5,24735,450,24738.55,50,225,11179150
NIFTY-I.NFO,12/12/2024,09:22:53,24738.45,24735,350,24738.45,25,75,11179150
NIFTY-I.NFO,12/12/2024,09:22:55,24735,24735,400,24739,50,225,11179150
NIFTY-I.NFO,12/12/2024,09:22:57,24735,24735,325,24739.45,100,200,11179150
NIFTY-I.NFO,12/12/2024,09:22:58,24735,24735,450,24738.35,25,25,11179150
NIFTY-I.NFO,12/12/2024,09:23:00,24735,24735,300,24738.3,100,750,11179150
NIFTY-I.NFO,12/12/2024,09:23:02,24735,24734.85,25,24738.3,100,225,11179150
NIFTY-I.NFO,12/12/2024,09:23:04,24736,24736,100,24737.5,225,175,11179150
NIFTY-I.NFO,12/12/2024,09:23:05,24736,24734.85,25,24737.45,275,200,11179150
NIFTY-I.NFO,12/12/2024,09:23:07,24737.45,24735,225,24737.45,250,25,11179150
NIFTY-I.NFO,12/12/2024,09:23:09,24735,24735.05,500,24737.45,150,125,11179150
NIFTY-I.NFO,12/12/2024,09:23:10,24735.05,24735.05,475,24737.45,150,25,11179150
NIFTY-I.NFO,12/12/2024,09:23:12,24738,24736,325,24738.5,225,450,11179150
NIFTY-I.NFO,12/12/2024,09:23:14,24740,24735.2,325,24740.65,125,1100,11179150
NIFTY-I.NFO,12/12/2024,09:23:15,24740.55,24735.2,225,24740.75,100,125,11179150
NIFTY-I.NFO,12/12/2024,09:23:17,24738.5,24737.05,100,24739.5,300,50,11179150
NIFTY-I.NFO,12/12/2024,09:23:19,24738,24735.95,250,24740.5,275,75,11179150
NIFTY-I.NFO,12/12/2024,09:23:20,24740.5,24736.45,125,24740.5,225,50,11179150
NIFTY-I.NFO,12/12/2024,09:23:22,24740.5,24738.15,350,24740.5,25,0,11179150
NIFTY-I.NFO,12/12/2024,09:23:24,24738.15,24736.8,25,24740,525,200,11179150
NIFTY-I.NFO,12/12/2024,09:23:25,24740,24738,25,24740,175,350,11179150
NIFTY-I.NFO,12/12/2024,09:23:27,24740,24738.15,25,24740,100,250,11179150
NIFTY-I.NFO,12/12/2024,09:23:29,24735.35,24736.25,375,24740.55,125,700,11179150
NIFTY-I.NFO,12/12/2024,09:23:30,24740,24740,1125,24740.55,125,225,11179150
NIFTY-I.NFO,12/12/2024,09:23:32,24740,24740,950,24740.5,100,200,11179150
NIFTY-I.NFO,12/12/2024,09:23:34,24740.5,24740,625,24740.55,100,425,11179150
NIFTY-I.NFO,12/12/2024,09:23:35,24740.5,24740,625,24740.55,100,0,11179150
NIFTY-I.NFO,12/12/2024,09:23:37,24740,24740,650,24740.55,50,150,11179150
NIFTY-I.NFO,12/12/2024,09:23:39,24740,24740,1325,24741,300,2600,11179150
NIFTY-I.NFO,12/12/2024,09:23:40,24741,24740,1325,24741,100,500,11179150
NIFTY-I.NFO,12/12/2024,09:23:42,24740,24740,1300,24740.5,125,50,11179150
NIFTY-I.NFO,12/12/2024,09:23:44,24740.5,24740,1300,24740.45,25,100,11179150
NIFTY-I.NFO,12/12/2024,09:23:45,24740.45,24740,1500,24741.45,25,75,11179150
NIFTY-I.NFO,12/12/2024,09:23:47,24741.45,24740.5,225,24742,100,25,11179150
NIFTY-I.NFO,12/12/2024,09:23:49,24740.45,24740,1625,24741.95,25,425,11179150
NIFTY-I.NFO,12/12/2024,09:23:50,24740.55,24740.45,25,24742.95,125,150,11179150
NIFTY-I.NFO,12/12/2024,09:23:52,24740.45,24740,1425,24742.85,25,25,11179150
NIFTY-I.NFO,12/12/2024,09:23:54,24742.85,24740,1575,24742.4,100,25,11179150
NIFTY-I.NFO,12/12/2024,09:23:55,24742.35,24740,1575,24742.35,125,25,11179150
NIFTY-I.NFO,12/12/2024,09:23:57,24742.35,24740,1775,24742.35,100,25,11179150
NIFTY-I.NFO,12/12/2024,09:23:59,24742.35,24740,1450,24742.4,100,125,11179150
NIFTY-I.NFO,12/12/2024,09:24:00,24742.35,24740,1450,24742.35,150,75,11179150
NIFTY-I.NFO,12/12/2024,09:24:02,24742.8,24740,1650,24742,25,200,11179150
NIFTY-I.NFO,12/12/2024,09:24:03,24740.45,24740,1425,24740.45,1400,500,11179150
NIFTY-I.NFO,12/12/2024,09:24:05,24740.05,24740.05,325,24740.45,1400,25,11179150
NIFTY-I.NFO,12/12/2024,09:24:07,24740.45,24740.05,325,24740.45,1350,50,11179150
NIFTY-I.NFO,12/12/2024,09:24:08,24740.1,24740.05,325,24742.5,125,1400,11179150
NIFTY-I.NFO,12/12/2024,09:24:10,24740.05,24740.05,225,24742,125,125,11179150
NIFTY-I.NFO,12/12/2024,09:24:12,24740.05,24740,1475,24741.5,300,175,11179150
NIFTY-I.NFO,12/12/2024,09:24:13,24741.5,24740,1250,24741.5,275,2050,11179150
NIFTY-I.NFO,12/12/2024,09:24:15,24740.05,24740,1375,24742.8,25,425,11179150
NIFTY-I.NFO,12/12/2024,09:24:17,24740.05,24740.45,25,24742.8,25,0,11179150
NIFTY-I.NFO,12/12/2024,09:24:18,24741.5,24740.05,50,24742.75,25,50,11179150
NIFTY-I.NFO,12/12/2024,09:24:20,24741.5,24740.05,75,24742.6,300,25,11179150
NIFTY-I.NFO,12/12/2024,09:24:22,24742.1,24740.05,75,24742.1,275,150,11179150
NIFTY-I.NFO,12/12/2024,09:24:23,24742.1,24740.05,75,24742.05,25,25,11179150
NIFTY-I.NFO,12/12/2024,09:24:25,24742.1,24740,1225,24742.1,200,125,11179150
NIFTY-I.NFO,12/12/2024,09:24:27,24742.1,24740.5,50,24742.75,25,175,11179150
NIFTY-I.NFO,12/12/2024,09:24:28,24742.1,24740.5,50,24742.1,325,75,11179150
NIFTY-I.NFO,12/12/2024,09:24:30,24742.1,24740.5,50,24742.1,225,100,11179150
NIFTY-I.NFO,12/12/2024,09:24:32,24740.5,24740.5,25,24741.1,125,475,11179150
NIFTY-I.NFO,12/12/2024,09:24:33,24738,24737,25,24737.95,25,1500,11179150
NIFTY-I.NFO,12/12/2024,09:24:35,24735,24735.6,400,24739.5,75,350,11179150
NIFTY-I.NFO,12/12/2024,09:24:37,24735.6,24735.6,175,24739.55,275,50,11179150
NIFTY-I.NFO,12/12/2024,09:24:38,24739.55,24736.85,450,24739.55,150,25,11179150
NIFTY-I.NFO,12/12/2024,09:24:40,24740,24737.05,175,24740,50,200,11179150
NIFTY-I.NFO,12/12/2024,09:24:42,24740,24737.05,500,24740,25,75,11179150
NIFTY-I.NFO,12/12/2024,09:24:43,24740,24736.4,250,24740.5,150,525,11179150
NIFTY-I.NFO,12/12/2024,09:24:45,24740.5,24736.35,225,24740.45,25,25,11179150
NIFTY-I.NFO,12/12/2024,09:24:46,24741,24736.4,100,24740.95,25,375,11194100
NIFTY-I.NFO,12/12/2024,09:24:48,24740.5,24740.5,25,24740.95,25,50,11194100
NIFTY-I.NFO,12/12/2024,09:24:50,24740,24740.45,50,24740.95,25,1025,11194100
NIFTY-I.NFO,12/12/2024,09:24:51,24741,24736.4,25,24741,300,550,11194100
NIFTY-I.NFO,12/12/2024,09:24:53,24741,24736.4,25,24741,225,75,11194100
NIFTY-I.NFO,12/12/2024,09:24:55,24741,24736.4,125,24740.45,25,0,11194100
NIFTY-I.NFO,12/12/2024,09:24:56,24740.45,24736.15,350,24740.95,25,50,11194100
NIFTY-I.NFO,12/12/2024,09:24:58,24736.1,24736.1,425,24741,450,1200,11194100
NIFTY-I.NFO,12/12/2024,09:25:00,24740.95,24736.6,1075,24740.95,25,100,11194100
NIFTY-I.NFO,12/12/2024,09:25:01,24736.6,24736.6,1050,24741,200,50,11194100
NIFTY-I.NFO,12/12/2024,09:25:03,24736.6,24736.6,900,24741,175,75,11194100
NIFTY-I.NFO,12/12/2024,09:25:05,24736.6,24736.6,1000,24740.9,25,0,11194100
NIFTY-I.NFO,12/12/2024,09:25:06,24736.6,24736.6,975,24740.9,25,25,11194100
NIFTY-I.NFO,12/12/2024,09:25:08,24740.9,24737.25,425,24741,250,150,11194100
NIFTY-I.NFO,12/12/2024,09:25:10,24741,24737.5,500,24741,200,75,11194100
NIFTY-I.NFO,12/12/2024,09:25:12,24740,24737.5,200,24740.5,150,50,11194100
NIFTY-I.NFO,12/12/2024,09:25:13,24740.5,24737.6,25,24740.5,100,50,11194100
NIFTY-I.NFO,12/12/2024,09:25:15,24737.5,24737.5,150,24740.45,100,125,11194100
NIFTY-I.NFO,12/12/2024,09:25:17,24740.45,24737.5,150,24740.5,50,25,11194100
NIFTY-I.NFO,12/12/2024,09:25:18,24741,24737.5,125,24741,150,250,11194100
NIFTY-I.NFO,12/12/2024,09:25:20,24740.95,24738,150,24741,175,25,11194100
NIFTY-I.NFO,12/12/2024,09:25:22,24740,24740,25,24741.6,100,200,11194100
NIFTY-I.NFO,12/12/2024,09:25:23,24738,24737.5,125,24740.1,275,1075,11194100
NIFTY-I.NFO,12/12/2024,09:25:25,24740.05,24737.5,100,24740.05,125,75,11194100
NIFTY-I.NFO,12/12/2024,09:25:27,24738,24738,75,24740,25,250,11194100
NIFTY-I.NFO,12/12/2024,09:25:28,24739.9,24737.5,250,24740.05,150,175,11194100
NIFTY-I.NFO,12/12/2024,09:25:30,24737.5,24738,50,24739.95,25,25,11194100
NIFTY-I.NFO,12/12/2024,09:25:32,24738,24737.5,25,24739.9,150,50,11194100
NIFTY-I.NFO,12/12/2024,09:25:33,24737.5,24737,25,24739.1,200,175,11194100
NIFTY-I.NFO,12/12/2024,09:25:35,24738,24738,1825,24738.6,300,350,11194100
NIFTY-I.NFO,12/12/2024,09:25:37,24738.85,24738.05,450,24739.2,25,25,11194100
NIFTY-I.NFO,12/12/2024,09:25:38,24738.05,24738.05,400,24739.1,300,50,11194100
NIFTY-I.NFO,12/12/2024,09:25:40,24738.05,24738.05,400,24738.6,300,0,11194100
NIFTY-I.NFO,12/12/2024,09:25:42,24738.05,24738.05,325,24738.95,100,1075,11194100
NIFTY-I.NFO,12/12/2024,09:25:43,24738.1,24738.05,325,24738.9,25,150,11194100
NIFTY-I.NFO,12/12/2024,09:25:45,24738.05,24738.1,350,24739.55,25,100,11194100
NIFTY-I.NFO,12/12/2024,09:25:46,24738.05,24738.2,250,24739.55,25,0,11194100
NIFTY-I.NFO,12/12/2024,09:25:48,24739.6,24738.25,450,24740,275,275,11194100
NIFTY-I.NFO,12/12/2024,09:25:50,24740,24739.2,250,24740.45,25,250,11194100
NIFTY-I.NFO,12/12/2024,09:25:51,24740.5,24740,350,24741.05,50,175,11194100
NIFTY-I.NFO,12/12/2024,09:25:53,24738.05,24738,1325,24741,50,1500,11194100
NIFTY-I.NFO,12/12/2024,09:25:55,24741,24738,1425,24741,100,50,11194100
NIFTY-I.NFO,12/12/2024,09:25:56,24740.95,24738,1400,24740.95,100,225,11194100
NIFTY-I.NFO,12/12/2024,09:25:58,24740.95,24738.05,325,24740.95,100,0,11194100
NIFTY-I.NFO,12/12/2024,09:26:00,24739,24738,1400,24741,25,425,11194100
NIFTY-I.NFO,12/12/2024,09:26:01,24736.6,24736.6,1000,24740.65,25,1600,11194100
NIFTY-I.NFO,12/12/2024,09:26:03,24740.25,24736.6,1000,24740.2,25,25,11194100
NIFTY-I.NFO,12/12/2024,09:26:05,24740.25,24736.6,1000,24740.2,25,0,11194100
NIFTY-I.NFO,12/12/2024,09:26:06,24740.2,24736,600,24740.25,325,1175,11194100
NIFTY-I.NFO,12/12/2024,09:26:08,24740.25,24736.05,225,24740.25,300,50,11194100
NIFTY-I.NFO,12/12/2024,09:26:10,24736.05,24736.05,50,24740.2,275,75,11194100
NIFTY-I.NFO,12/12/2024,09:26:11,24740.2,24736.05,200,24740.2,225,50,11194100
NIFTY-I.NFO,12/12/2024,09:26:13,24739.95,24736.05,200,24739.9,25,50,11194100
NIFTY-I.NFO,12/12/2024,09:26:15,24739.85,24736.15,250,24739.85,150,50,11194100
NIFTY-I.NFO,12/12/2024,09:26:16,24741,24740.55,25,24741.95,25,600,11194100
NIFTY-I.NFO,12/12/2024,09:26:18,24743.1,24741.15,325,24743.8,25,400,11194100
NIFTY-I.NFO,12/12/2024,09:26:20,24741.35,24741.35,100,24743.8,25,100,11194100
NIFTY-I.NFO,12/12/2024,09:26:21,24741.55,24741.5,350,24744,50,175,11194100
NIFTY-I.NFO,12/12/2024,09:26:23,24742,24741.55,350,24745,275,400,11194100
NIFTY-I.NFO,12/12/2024,09:26:25,24745,24741.55,575,24745,175,125,11194100
NIFTY-I.NFO,12/12/2024,09:26:26,24742.2,24741.55,450,24745,150,475,11194100
NIFTY-I.NFO,12/12/2024,09:26:28,24745.1,24741.7,100,24745.85,250,300,11194100
NIFTY-I.NFO,12/12/2024,09:26:30,24746.9,24743.35,375,24747,125,200,11194100
NIFTY-I.NFO,12/12/2024,09:26:31,24747,24743.4,200,24747,100,25,11194100
NIFTY-I.NFO,12/12/2024,09:26:33,24747.1,24743.4,350,24746.7,25,1050,11194100
NIFTY-I.NFO,12/12/2024,09:26:35,24747.1,24745,2025,24747.45,100,0,11194100
NIFTY-I.NFO,12/12/2024,09:26:36,24747.9,24745.05,50,24747.6,300,1775,11194100
NIFTY-I.NFO,12/12/2024,09:26:38,24747.6,24745.1,250,24747.1,275,100,11194100
NIFTY-I.NFO,12/12/2024,09:26:40,24746.6,24745.1,250,24746.6,225,75,11194100
NIFTY-I.NFO,12/12/2024,09:26:41,24748,24745.1,350,24748,350,900,11194100
NIFTY-I.NFO,12/12/2024,09:26:43,24748,24746,2000,24748,325,25,11194100
NIFTY-I.NFO,12/12/2024,09:26:45,24748,24746.1,375,24748,175,250,11194100
NIFTY-I.NFO,12/12/2024,09:26:46,24749,24746.1,375,24749,100,225,11194100
NIFTY-I.NFO,12/12/2024,09:26:48,24749,24746.1,300,24749,25,100,11194100
NIFTY-I.NFO,12/12/2024,09:26:50,24750,24749,25,24750,3275,250,11194100
NIFTY-I.NFO,12/12/2024,09:26:51,24750,24749,75,24750,3200,100,11194100
NIFTY-I.NFO,12/12/2024,09:26:53,24748.65,24748,25,24750,2650,725,11194100
NIFTY-I.NFO,12/12/2024,09:26:55,24750,24748.65,25,24749.95,100,300,11194100
NIFTY-I.NFO,12/12/2024,09:26:56,24749.95,24748.65,25,24749.95,75,100,11194100
NIFTY-I.NFO,12/12/2024,09:26:58,24749,24748.65,325,24750,2375,75,11194100
NIFTY-I.NFO,12/12/2024,09:27:00,24748,24747,50,24749,100,600,11194100
NIFTY-I.NFO,12/12/2024,09:27:01,24745,24745,175,24747.15,75,650,11194100
NIFTY-I.NFO,12/12/2024,09:27:03,24747.25,24745,150,24747.3,50,150,11194100
NIFTY-I.NFO,12/12/2024,09:27:05,24745,24745,550,24747.55,100,75,11194100
NIFTY-I.NFO,12/12/2024,09:27:06,24747.2,24745,400,24747.2,100,100,11194100
NIFTY-I.NFO,12/12/2024,09:27:08,24745,24746,25,24747.2,100,50,11194100
NIFTY-I.NFO,12/12/2024,09:27:09,24746,24746,225,24747.2,100,25,11194100
NIFTY-I.NFO,12/12/2024,09:27:11,24747.65,24746,325,24747.65,100,225,11194100
NIFTY-I.NFO,12/12/2024,09:27:13,24747.7,24746,450,24748.1,75,75,11194100
NIFTY-I.NFO,12/12/2024,09:27:14,24748.1,24746.05,400,24748.1,150,100,11194100
NIFTY-I.NFO,12/12/2024,09:27:16,24746.05,24746.05,350,24749.05,300,325,11194100
NIFTY-I.NFO,12/12/2024,09:27:18,24748.9,24746.05,325,24748.9,50,75,11194100
NIFTY-I.NFO,12/12/2024,09:27:19,24746.1,24746.1,325,24747.95,50,25,11194100
NIFTY-I.NFO,12/12/2024,09:27:21,24746.1,24746.15,100,24747.95,25,0,11194100
NIFTY-I.NFO,12/12/2024,09:27:23,24749.05,24746.15,300,24748.95,50,100,11194100
NIFTY-I.NFO,12/12/2024,09:27:24,24749,24746.2,175,24748.9,100,150,11194100
NIFTY-I.NFO,12/12/2024,09:27:26,24748.9,24746.2,175,24748.55,75,25,11194100
NIFTY-I.NFO,12/12/2024,09:27:28,24747.7,24746.2,25,24747.65,100,400,11194100
NIFTY-I.NFO,12/12/2024,09:27:29,24747.65,24746.2,800,24748.15,50,50,11194100
NIFTY-I.NFO,12/12/2024,09:27:31,24747.65,24746.25,850,24748.15,50,0,11194100
NIFTY-I.NFO,12/12/2024,09:27:33,24747.15,24746,25,24747.65,50,975,11194100
NIFTY-I.NFO,12/12/2024,09:27:34,24745.05,24745,675,24747,25,125,11194100
NIFTY-I.NFO,12/12/2024,09:27:36,24746.15,24745,550,24746.15,75,50,11194100
NIFTY-I.NFO,12/12/2024,09:27:38,24745,24745,525,24746.1,75,25,11194100
NIFTY-I.NFO,12/12/2024,09:27:39,24745,24745,475,24746.1,75,50,11194100
NIFTY-I.NFO,12/12/2024,09:27:41,24746.1,24745,700,24746.15,75,75,11194100
NIFTY-I.NFO,12/12/2024,09:27:43,24746.7,24745,1000,24748,75,350,11194100
NIFTY-I.NFO,12/12/2024,09:27:44,24746.7,24746.1,25,24747.9,75,0,11194100
NIFTY-I.NFO,12/12/2024,09:27:46,24748,24747,50,24748.05,150,125,11203900
NIFTY-I.NFO,12/12/2024,09:27:48,24747,24745.55,50,24747.65,75,375,11203900
NIFTY-I.NFO,12/12/2024,09:27:49,24747,24746.4,50,24748.1,75,0,11203900
NIFTY-I.NFO,12/12/2024,09:27:51,24747,24747.65,200,24748.95,75,0,11203900
NIFTY-I.NFO,12/12/2024,09:27:53,24748.95,24747.65,450,24748.95,25,75,11203900
NIFTY-I.NFO,12/12/2024,09:27:54,24748.95,24747.7,250,24748.95,75,50,11203900
NIFTY-I.NFO,12/12/2024,09:27:56,24747,24746.7,25,24748.95,75,1450,11203900
NIFTY-I.NFO,12/12/2024,09:27:58,24747,24747,25,24748,650,150,11203900
NIFTY-I.NFO,12/12/2024,09:27:59,24748,24747,100,24748,500,325,11203900
NIFTY-I.NFO,12/12/2024,09:28:01,24747.75,24744.1,25,24747.65,100,1650,11203900
NIFTY-I.NFO,12/12/2024,09:28:03,24747.6,24744.1,225,24746.9,75,50,11203900
NIFTY-I.NFO,12/12/2024,09:28:04,24744.1,24744.1,250,24746.7,125,100,11203900
NIFTY-I.NFO,12/12/2024,09:28:06,24744.1,24744,225,24746.7,125,50,11203900
NIFTY-I.NFO,12/12/2024,09:28:08,24744.1,24744,225,24746.65,75,0,11203900
NIFTY-I.NFO,12/12/2024,09:28:09,24746.7,24743.9,500,24746.7,100,50,11203900
NIFTY-I.NFO,12/12/2024,09:28:11,24746.75,24745.95,25,24746.75,125,25,11203900
NIFTY-I.NFO,12/12/2024,09:28:13,24746.15,24745.95,50,24746.9,100,100,11203900
NIFTY-I.NFO,12/12/2024,09:28:14,24745.95,24745.95,25,24747,50,25,11203900
NIFTY-I.NFO,12/12/2024,09:28:16,24743.5,24743.5,125,24746.95,150,50,11203900
NIFTY-I.NFO,12/12/2024,09:28:18,24746.7,24743.5,25,24746.9,225,100,11203900
NIFTY-I.NFO,12/12/2024,09:28:19,24746.7,24743.5,225,24746.85,75,0,11203900
NIFTY-I.NFO,12/12/2024,09:28:21,24746.55,24743.5,25,24746.55,25,50,11203900
NIFTY-I.NFO,12/12/2024,09:28:23,24743.25,24743,25,24744.9,100,525,11203900
NIFTY-I.NFO,12/12/2024,09:28:24,24743,24742.6,125,24744.75,75,175,11203900
NIFTY-I.NFO,12/12/2024,09:28:26,24743,24742.95,725,24745,275,225,11203900
NIFTY-I.NFO,12/12/2024,09:28:28,24745,24745,50,24746.95,100,425,11203900
NIFTY-I.NFO,12/12/2024,09:28:29,24745,24745,225,24747.75,100,1050,11203900
NIFTY-I.NFO,12/12/2024,09:28:31,24747.8,24746.1,250,24747.75,75,150,11203900
NIFTY-I.NFO,12/12/2024,09:28:33,24747.95,24746.1,275,24748,200,50,11203900
NIFTY-I.NFO,12/12/2024,09:28:34,24747.95,24747.35,150,24748,200,0,11203900
NIFTY-I.NFO,12/12/2024,09:28:36,24748,24747.35,75,24748,100,100,11203900
NIFTY-I.NFO,12/12/2024,09:28:38,24747.35,24747.35,25,24748.8,125,175,11203900
NIFTY-I.NFO,12/12/2024,09:28:39,24748.05,24744.1,100,24748.9,250,3125,11203900
NIFTY-I.NFO,12/12/2024,09:28:41,24748.45,24745,500,24748.45,100,25,11203900
NIFTY-I.NFO,12/12/2024,09:28:43,24748.45,24745,525,24748.4,100,0,11203900
NIFTY-I.NFO,12/12/2024,09:28:44,24748.95,24746.7,225,24748,25,25,11203900
NIFTY-I.NFO,12/12/2024,09:28:46,24747.95,24746.7,225,24748,25,50,11203900
NIFTY-I.NFO,12/12/2024,09:28:48,24747.95,24746.7,125,24747.8,100,0,11203900
NIFTY-I.NFO,12/12/2024,09:28:49,24746.7,24745,550,24747.8,25,100,11203900
NIFTY-I.NFO,12/12/2024,09:28:51,24746.7,24745.05,450,24746.7,25,0,11203900
NIFTY-I.NFO,12/12/2024,09:28:53,24745.05,24745.15,325,24747.75,150,150,11203900
NIFTY-I.NFO,12/12/2024,09:28:54,24745.05,24745.15,325,24747.75,150,0,11203900
NIFTY-I.NFO,12/12/2024,09:28:56,24745.15,24747.95,25,24749,25,850,11203900
NIFTY-I.NFO,12/12/2024,09:28:58,24747.95,24747.95,250,24749,25,25,11203900
NIFTY-I.NFO,12/12/2024,09:28:59,24747.95,24748.05,150,24748.8,25,0,11203900
NIFTY-I.NFO,12/12/2024,09:29:01,24749,24749,325,24749.05,25,275,11203900
NIFTY-I.NFO,12/12/2024,09:29:03,24749.1,24749.05,125,24749.1,75,375,11203900
NIFTY-I.NFO,12/12/2024,09:29:04,24747.95,24745,600,24749.1,25,125,11203900
NIFTY-I.NFO,12/12/2024,09:29:06,24745,24745,550,24748.05,150,50,11203900
NIFTY-I.NFO,12/12/2024,09:29:08,24745,24745,500,24748.1,25,325,11203900
NIFTY-I.NFO,12/12/2024,09:29:09,24745,24745,675,24747.75,25,75,11203900
NIFTY-I.NFO,12/12/2024,09:29:11,24745,24745,525,24746.6,25,375,11203900
NIFTY-I.NFO,12/12/2024,09:29:13,24745,24744.25,225,24748,100,2275,11203900
NIFTY-I.NFO,12/12/2024,09:29:14,24748,24744.25,225,24747.75,75,25,11203900
NIFTY-I.NFO,12/12/2024,09:29:16,24745,24745,125,24747.45,50,450,11203900
NIFTY-I.NFO,12/12/2024,09:29:18,24746.4,24745,125,24746.4,75,100,11203900
NIFTY-I.NFO,12/12/2024,09:29:19,24746.4,24745,400,24747.95,50,75,11203900
NIFTY-I.NFO,12/12/2024,09:29:21,24745.05,24745.05,125,24747.75,75,25,11203900
NIFTY-I.NFO,12/12/2024,09:29:23,24745.05,24745,375,24747.75,75,25,11203900
NIFTY-I.NFO,12/12/2024,09:29:24,24747.75,24745,375,24747.55,125,50,11203900
NIFTY-I.NFO,12/12/2024,09:29:26,24746.4,24745,375,24747.75,150,25,11203900
NIFTY-I.NFO,12/12/2024,09:29:28,24746.4,24745,575,24746.4,50,0,11203900
NIFTY-I.NFO,12/12/2024,09:29:29,24745,24745,500,24747.55,100,175,11203900
NIFTY-I.NFO,12/12/2024,09:29:31,24745,24744.3,250,24746.95,250,525,11203900
NIFTY-I.NFO,12/12/2024,09:29:33,24747.9,24747,225,24747.9,75,300,11203900
NIFTY-I.NFO,12/12/2024,09:29:34,24747,24747,100,24747.9,75,125,11203900
NIFTY-I.NFO,12/12/2024,09:29:36,24745,24745,550,24746.95,75,125,11203900
NIFTY-I.NFO,12/12/2024,09:29:38,24746.95,24745.05,300,24746.95,50,25,11203900
NIFTY-I.NFO,12/12/2024,09:29:39,24746.95,24745.15,200,24746.95,50,0,11203900
NIFTY-I.NFO,12/12/2024,09:29:41,24747.45,24745.15,200,24747.35,75,150,11203900
NIFTY-I.NFO,12/12/2024,09:29:43,24747.45,24745.15,300,24746.65,25,0,11203900
NIFTY-I.NFO,12/12/2024,09:29:44,24746.9,24742.9,550,24746.9,175,2150,11203900
NIFTY-I.NFO,12/12/2024,09:29:46,24746.9,24743.25,25,24746.95,75,25,11203900
NIFTY-I.NFO,12/12/2024,09:29:48,24743.7,24743.25,75,24746.95,75,25,11203900
NIFTY-I.NFO,12/12/2024,09:29:49,24743.25,24743.05,125,24747,150,175,11203900
NIFTY-I.NFO,12/12/2024,09:29:51,24743.25,24743.3,350,24746.5,25,0,11203900
NIFTY-I.NFO,12/12/2024,09:29:53,24746.5,24745.15,250,24746.9,100,25,11203900
NIFTY-I.NFO,12/12/2024,09:29:54,24744.85,24745.35,250,24746.9,100,25,11203900
NIFTY-I.NFO,12/12/2024,09:29:56,24746.9,24745.45,250,24746.9,50,50,11203900
NIFTY-I.NFO,12/12/2024,09:29:58,24746.9,24744.85,25,24746.95,50,50,11203900
NIFTY-I.NFO,12/12/2024,09:29:59,24744.9,24745,350,24746.95,50,500,11203900
NIFTY-I.NFO,12/12/2024,09:30:01,24746.95,24745.5,250,24747,350,75,11203900
NIFTY-I.NFO,12/12/2024,09:30:03,24747,24746.3,250,24747,275,2425,11203900
NIFTY-I.NFO,12/12/2024,09:30:04,24750,24748.5,25,24750,1675,1575,11203900
NIFTY-I.NFO,12/12/2024,09:30:06,24752.45,24750,50,24753,25,2075,11203900
NIFTY-I.NFO,12/12/2024,09:30:08,24752.45,24752,25,24753,25,0,11203900
NIFTY-I.NFO,12/12/2024,09:30:09,24750,24750,50,24753.9,75,225,11203900
NIFTY-I.NFO,12/12/2024,09:30:11,24751.55,24747.15,125,24751.5,100,100,11203900
NIFTY-I.NFO,12/12/2024,09:30:13,24752.05,24747.4,225,24752.7,75,300,11203900
NIFTY-I.NFO,12/12/2024,09:30:14,24752.75,24750,50,24752.65,150,375,11203900
NIFTY-I.NFO,12/12/2024,09:30:16,24752,24747,125,24752.05,100,150,11203900
NIFTY-I.NFO,12/12/2024,09:30:18,24752.05,24750,25,24753.4,25,50,11203900
NIFTY-I.NFO,12/12/2024,09:30:19,24752,24750,50,24753.85,25,50,11203900
NIFTY-I.NFO,12/12/2024,09:30:21,24752,24750,50,24752,50,150,11203900
NIFTY-I.NFO,12/12/2024,09:30:23,24751.95,24750,50,24752,100,50,11203900
NIFTY-I.NFO,12/12/2024,09:30:24,24747.45,24747.45,25,24751.9,100,275,11203900
NIFTY-I.NFO,12/12/2024,09:30:26,24751.9,24747.45,125,24750,25,50,11203900
NIFTY-I.NFO,12/12/2024,09:30:28,24750,24747.75,325,24750,250,25,11203900
NIFTY-I.NFO,12/12/2024,09:30:29,24750,24747.95,125,24750,250,0,11203900
NIFTY-I.NFO,12/12/2024,09:30:31,24750,24748.2,125,24750,125,125,11203900
NIFTY-I.NFO,12/12/2024,09:30:33,24750,24750,225,24751.9,25,175,11203900
NIFTY-I.NFO,12/12/2024,09:30:34,24750,24750,250,24751.9,25,0,11203900
NIFTY-I.NFO,12/12/2024,09:30:36,24750,24750,225,24751.9,25,25,11203900
NIFTY-I.NFO,12/12/2024,09:30:38,24750,24750,100,24752,25,325,11203900
NIFTY-I.NFO,12/12/2024,09:30:39,24750,24750,200,24752,25,0,11203900
NIFTY-I.NFO,12/12/2024,09:30:41,24752.95,24750.1,400,24753,25,50,11203900
NIFTY-I.NFO,12/12/2024,09:30:43,24752.95,24750.2,200,24752.95,50,0,11203900
NIFTY-I.NFO,12/12/2024,09:30:44,24752.95,24750.2,200,24752.95,50,250,11203900
NIFTY-I.NFO,12/12/2024,09:30:46,24753.85,24753.85,75,24754,25,550,11214375
NIFTY-I.NFO,12/12/2024,09:30:48,24755,24754.95,125,24755,375,650,11214375
NIFTY-I.NFO,12/12/2024,09:30:49,24755,24754.95,175,24755,300,125,11214375
NIFTY-I.NFO,12/12/2024,09:30:51,24755,24752.95,125,24755,100,425,11214375
NIFTY-I.NFO,12/12/2024,09:30:53,24755,24752.95,125,24754.95,25,0,11214375
NIFTY-I.NFO,12/12/2024,09:30:54,24754.95,24752.95,125,24755,175,50,11214375
NIFTY-I.NFO,12/12/2024,09:30:56,24756.6,24755,525,24757,175,525,11214375
NIFTY-I.NFO,12/12/2024,09:30:58,24755,24755,600,24757,25,175,11214375
NIFTY-I.NFO,12/12/2024,09:30:59,24758,24755,700,24757,25,875,11214375
NIFTY-I.NFO,12/12/2024,09:31:01,24756.6,24758,25,24759,600,950,11214375
NIFTY-I.NFO,12/12/2024,09:31:03,24759,24756,25,24759,575,50,11214375
NIFTY-I.NFO,12/12/2024,09:31:04,24759,24755,825,24759,200,425,11214375
NIFTY-I.NFO,12/12/2024,09:31:06,24759,24758,100,24759,125,100,11214375
NIFTY-I.NFO,12/12/2024,09:31:08,24755,24755,800,24759.8,25,400,11214375
NIFTY-I.NFO,12/12/2024,09:31:09,24755.05,24755.05,550,24759.75,50,125,11214375
NIFTY-I.NFO,12/12/2024,09:31:11,24758.95,24755.1,125,24758.95,75,350,11214375
NIFTY-I.NFO,12/12/2024,09:31:13,24755.1,24755.15,50,24758.95,75,50,11214375
NIFTY-I.NFO,12/12/2024,09:31:14,24758.45,24756.3,25,24757.9,50,200,11214375
NIFTY-I.NFO,12/12/2024,09:31:16,24755.05,24755,650,24757.7,100,150,11214375
NIFTY-I.NFO,12/12/2024,09:31:18,24758,24757.95,100,24758,1175,200,11214375
NIFTY-I.NFO,12/12/2024,09:31:19,24758,24757.75,25,24757.95,25,325,11214375
NIFTY-I.NFO,12/12/2024,09:31:21,24758.95,24757.7,25,24758.95,100,1000,11214375
NIFTY-I.NFO,12/12/2024,09:31:23,24759.15,24757.05,25,24759.15,75,725,11214375
NIFTY-I.NFO,12/12/2024,09:31:24,24757.8,24755.05,25,24757.75,75,275,11214375
NIFTY-I.NFO,12/12/2024,09:31:26,24758.95,24758.5,75,24759.15,100,250,11214375
NIFTY-I.NFO,12/12/2024,09:31:28,24758.85,24758.55,25,24758.9,25,100,11214375
NIFTY-I.NFO,12/12/2024,09:31:29,24759,24758.5,25,24759.3,25,125,11214375
NIFTY-I.NFO,12/12/2024,09:31:31,24759.95,24758.85,350,24759.3,100,150,11214375
NIFTY-I.NFO,12/12/2024,09:31:33,24758.7,24758.65,100,24758.75,100,475,11214375
NIFTY-I.NFO,12/12/2024,09:31:34,24758.5,24757.8,125,24758.2,25,350,11214375
NIFTY-I.NFO,12/12/2024,09:31:36,24758.9,24758,25,24758.75,25,100,11214375
NIFTY-I.NFO,12/12/2024,09:31:38,24758.7,24758,50,24759,75,150,11214375
NIFTY-I.NFO,12/12/2024,09:31:39,24759.95,24758,25,24759.95,50,200,11214375
NIFTY-I.NFO,12/12/2024,09:31:41,24758.65,24759.95,50,24760.95,100,650,11214375
NIFTY-I.NFO,12/12/2024,09:31:42,24760.95,24759.7,25,24760.95,100,125,11214375
NIFTY-I.NFO,12/12/2024,09:31:44,24760.7,24759.7,25,24760.6,75,75,11214375
NIFTY-I.NFO,12/12/2024,09:31:46,24759,24758.7,275,24760.6,75,375,11214375
NIFTY-I.NFO,12/12/2024,09:31:47,24760.9,24758.7,475,24760.9,75,600,11214375
NIFTY-I.NFO,12/12/2024,09:31:49,24760.6,24760.6,50,24761,250,125,11214375
NIFTY-I.NFO,12/12/2024,09:31:51,24760.6,24760,500,24760.95,100,200,11214375
NIFTY-I.NFO,12/12/2024,09:31:53,24760.7,24760.05,100,24761,50,325,11214375
NIFTY-I.NFO,12/12/2024,09:31:54,24760.95,24760.05,75,24761,25,100,11214375
NIFTY-I.NFO,12/12/2024,09:31:56,24761.45,24760.95,100,24761.15,25,525,11214375
NIFTY-I.NFO,12/12/2024,09:31:58,24760,24760,475,24761.15,25,425,11214375
NIFTY-I.NFO,12/12/2024,09:31:59,24760,24759,100,24760,50,675,11214375
NIFTY-I.NFO,12/12/2024,09:32:01,24760.05,24759,75,24760,75,100,11214375
NIFTY-I.NFO,12/12/2024,09:32:03,24759,24759,125,24760.05,425,75,11214375
NIFTY-I.NFO,12/12/2024,09:32:04,24760.05,24759,225,24760.05,350,125,11214375
NIFTY-I.NFO,12/12/2024,09:32:06,24760.05,24759,175,24760.05,325,100,11214375
NIFTY-I.NFO,12/12/2024,09:32:08,24759,24758.7,275,24760.05,175,325,11214375
NIFTY-I.NFO,12/12/2024,09:32:09,24759,24758.7,250,24759.85,250,100,11214375
NIFTY-I.NFO,12/12/2024,09:32:11,24755,24754.9,850,24755,2650,2525,11214375
NIFTY-I.NFO,12/12/2024,09:32:13,24755,24754.15,850,24754.95,75,25,11214375
NIFTY-I.NFO,12/12/2024,09:32:14,24754.5,24754.55,325,24755,975,1725,11214375
NIFTY-I.NFO,12/12/2024,09:32:16,24755,24754.55,200,24755,950,50,11214375
NIFTY-I.NFO,12/12/2024,09:32:18,24758.35,24754.65,550,24758.3,100,1025,11214375
NIFTY-I.NFO,12/12/2024,09:32:19,24755,24754.25,350,24757.8,150,150,11214375
NIFTY-I.NFO,12/12/2024,09:32:21,24754.25,24754.05,550,24757.7,125,400,11214375
NIFTY-I.NFO,12/12/2024,09:32:23,24757.75,24754.05,500,24757.8,325,125,11214375
NIFTY-I.NFO,12/12/2024,09:32:24,24754.05,24754,350,24757.75,150,150,11214375
NIFTY-I.NFO,12/12/2024,09:32:26,24757.75,24754,150,24757.8,500,75,11214375
NIFTY-I.NFO,12/12/2024,09:32:28,24757.75,24754,50,24757.4,100,0,11214375
NIFTY-I.NFO,12/12/2024,09:32:29,24757.4,24754,150,24757.4,25,75,11214375
NIFTY-I.NFO,12/12/2024,09:32:31,24757.4,24754,150,24756.85,150,0,11214375
NIFTY-I.NFO,12/12/2024,09:32:33,24755.95,24754.05,50,24756,25,225,11214375
NIFTY-I.NFO,12/12/2024,09:32:34,24754.05,24754.05,125,24756,25,25,11214375
NIFTY-I.NFO,12/12/2024,09:32:36,24754.05,24753.1,600,24754,75,125,11214375
NIFTY-I.NFO,12/12/2024,09:32:38,24755.9,24753.1,575,24755.9,100,125,11214375
NIFTY-I.NFO,12/12/2024,09:32:39,24753.1,24753.1,550,24755.9,75,150,11214375
NIFTY-I.NFO,12/12/2024,09:32:41,24753.1,24753.1,500,24755.8,25,100,11214375
NIFTY-I.NFO,12/12/2024,09:32:43,24753.1,24755,25,24755.9,25,0,11214375
NIFTY-I.NFO,12/12/2024,09:32:44,24755.5,24755,25,24755.55,25,25,11214375
NIFTY-I.NFO,12/12/2024,09:32:46,24752,24751.85,550,24755.15,300,1400,11214375
NIFTY-I.NFO,12/12/2024,09:32:48,24752.05,24752.4,550,24755.95,250,1025,11214375
NIFTY-I.NFO,12/12/2024,09:32:49,24751.85,24752.05,450,24755.9,25,525,11214375
NIFTY-I.NFO,12/12/2024,09:32:51,24755.75,24751.05,450,24755.75,250,150,11214375
NIFTY-I.NFO,12/12/2024,09:32:53,24751,24751,150,24756.3,150,500,11214375
NIFTY-I.NFO,12/12/2024,09:32:54,24753.1,24753.1,400,24755,25,75,11214375
NIFTY-I.NFO,12/12/2024,09:32:56,24756.4,24753.1,400,24755,125,75,11214375
NIFTY-I.NFO,12/12/2024,09:32:58,24756.25,24753.1,375,24756.3,125,175,11214375
NIFTY-I.NFO,12/12/2024,09:32:59,24756.35,24753.1,325,24756.85,25,175,11214375
NIFTY-I.NFO,12/12/2024,09:33:01,24753.1,24753.1,200,24756.4,250,25,11214375
NIFTY-I.NFO,12/12/2024,09:33:03,24752.25,24755,25,24756.4,250,250,11214375
NIFTY-I.NFO,12/12/2024,09:33:04,24756.4,24755,25,24756,25,25,11214375
NIFTY-I.NFO,12/12/2024,09:33:06,24756.4,24755,25,24756,25,0,11214375
NIFTY-I.NFO,12/12/2024,09:33:08,24756,24755,25,24756.35,250,25,11214375
NIFTY-I.NFO,12/12/2024,09:33:09,24756,24755,25,24756.35,250,0,11214375
NIFTY-I.NFO,12/12/2024,09:33:11,24756,24755.05,25,24756,450,50,11214375
NIFTY-I.NFO,12/12/2024,09:33:13,24756,24755.05,125,24756,400,50,11214375
NIFTY-I.NFO,12/12/2024,09:33:14,24756,24755.05,125,24756,400,0,11214375
NIFTY-I.NFO,12/12/2024,09:33:16,24753,24753.4,125,24756.35,250,2250,11214375
NIFTY-I.NFO,12/12/2024,09:33:18,24756,24756,25,24756.35,175,100,11214375
NIFTY-I.NFO,12/12/2024,09:33:19,24753.4,24752.9,500,24756.35,175,125,11214375
NIFTY-I.NFO,12/12/2024,09:33:21,24756.35,24756,25,24756.35,150,25,11214375
NIFTY-I.NFO,12/12/2024,09:33:23,24756.35,24756,25,24756.35,100,50,11214375
NIFTY-I.NFO,12/12/2024,09:33:24,24756.35,24756,25,24756.35,100,0,11214375
NIFTY-I.NFO,12/12/2024,09:33:26,24756.35,24754.45,50,24756.35,100,75,11214375
NIFTY-I.NFO,12/12/2024,09:33:28,24756.35,24754.45,150,24756.35,50,50,11214375
NIFTY-I.NFO,12/12/2024,09:33:29,24757.4,24754.45,125,24757.75,275,975,11214375
NIFTY-I.NFO,12/12/2024,09:33:31,24757.4,24756.35,150,24757.75,275,0,11214375
NIFTY-I.NFO,12/12/2024,09:33:33,24757.75,24756.35,150,24757.75,200,75,11214375
NIFTY-I.NFO,12/12/2024,09:33:34,24757.75,24755.75,50,24757.75,50,150,11214375
NIFTY-I.NFO,12/12/2024,09:33:36,24756.35,24755.75,50,24756.35,50,150,11214375
NIFTY-I.NFO,12/12/2024,09:33:38,24756.35,24755.75,50,24756,250,0,11214375
NIFTY-I.NFO,12/12/2024,09:33:39,24755.75,24755.75,25,24756,250,25,11214375
NIFTY-I.NFO,12/12/2024,09:33:41,24754,24754,150,24756,250,325,11214375
NIFTY-I.NFO,12/12/2024,09:33:43,24754,24754,225,24756,125,150,11214375
NIFTY-I.NFO,12/12/2024,09:33:48,24754,24754,400,24756,525,0,11214375
NIFTY-I.NFO,12/12/2024,09:33:49,24754,24754,200,24756,525,100,11222000
NIFTY-I.NFO,12/12/2024,09:33:51,24756,24755,100,24756,450,75,11222000
NIFTY-I.NFO,12/12/2024,09:33:53,24756,24755,200,24756,400,50,11222000
NIFTY-I.NFO,12/12/2024,09:33:54,24756,24755,100,24756,400,0,11222000
NIFTY-I.NFO,12/12/2024,09:33:56,24756,24755.15,125,24756,300,125,11222000
NIFTY-I.NFO,12/12/2024,09:33:58,24760,24758.95,175,24760,2125,1275,11222000
NIFTY-I.NFO,12/12/2024,09:33:59,24760.5,24759.2,125,24760,50,2950,11222000
NIFTY-I.NFO,12/12/2024,09:34:01,24760.5,24758,125,24760,50,0,11222000
NIFTY-I.NFO,12/12/2024,09:34:03,24758.4,24759.15,325,24760,25,75,11222000
NIFTY-I.NFO,12/12/2024,09:34:04,24760,24758.85,350,24760.5,725,25,11222000
NIFTY-I.NFO,12/12/2024,09:34:06,24760.5,24758.55,250,24760.5,175,550,11222000
NIFTY-I.NFO,12/12/2024,09:34:08,24760.4,24756.25,300,24760.45,25,75,11222000
NIFTY-I.NFO,12/12/2024,09:34:09,24759.15,24757.05,450,24759.2,25,75,11222000
NIFTY-I.NFO,12/12/2024,09:34:11,24757.35,24757.35,400,24760.45,25,100,11222000
NIFTY-I.NFO,12/12/2024,09:34:13,24760.45,24757.05,175,24760,25,25,11222000
NIFTY-I.NFO,12/12/2024,09:34:14,24760.7,24757.05,250,24760.7,200,375,11222000
NIFTY-I.NFO,12/12/2024,09:34:16,24760.4,24755.9,350,24760.4,25,25,11222000
NIFTY-I.NFO,12/12/2024,09:34:18,24757,24755.2,450,24757.05,100,50,11222000
NIFTY-I.NFO,12/12/2024,09:34:19,24759.9,24755.55,450,24759.7,75,300,11222000
NIFTY-I.NFO,12/12/2024,09:34:21,24759.3,24756,175,24760.1,25,100,11222000
NIFTY-I.NFO,12/12/2024,09:34:23,24759.3,24757.05,25,24760.35,25,0,11222000
NIFTY-I.NFO,12/12/2024,09:34:24,24759.3,24756,50,24759.6,75,75,11222000
NIFTY-I.NFO,12/12/2024,09:34:26,24759.3,24756,175,24759.25,25,25,11222000
NIFTY-I.NFO,12/12/2024,09:34:28,24755.45,24755.45,400,24759.35,75,250,11222000
NIFTY-I.NFO,12/12/2024,09:34:29,24758.95,24755,500,24758.95,25,150,11222000
NIFTY-I.NFO,12/12/2024,09:34:31,24759,24755,750,24759,125,125,11222000
NIFTY-I.NFO,12/12/2024,09:34:33,24758.95,24755,500,24758.95,25,25,11222000
NIFTY-I.NFO,12/12/2024,09:34:34,24758.95,24755.15,350,24758.95,250,0,11222000
NIFTY-I.NFO,12/12/2024,09:34:36,24758.1,24755,500,24758.95,175,200,11222000
NIFTY-I.NFO,12/12/2024,09:34:38,24758.1,24755.25,450,24758.95,175,0,11222000
NIFTY-I.NFO,12/12/2024,09:34:39,24758.1,24755,500,24758,25,0,11222000
NIFTY-I.NFO,12/12/2024,09:34:41,24758.1,24757,75,24758,100,0,11222000
NIFTY-I.NFO,12/12/2024,09:34:43,24757,24757,50,24758,125,50,11222000
NIFTY-I.NFO,12/12/2024,09:34:44,24759,24758,775,24759,100,275,11222000
NIFTY-I.NFO,12/12/2024,09:34:46,24758,24758,525,24759,100,250,11222000
NIFTY-I.NFO,12/12/2024,09:34:48,24759,24759,1125,24759.95,25,100,11222000
NIFTY-I.NFO,12/12/2024,09:34:49,24759.95,24757,25,24759.8,50,2100,11222000
NIFTY-I.NFO,12/12/2024,09:34:51,24759.5,24757,25,24759.45,25,25,11222000
NIFTY-I.NFO,12/12/2024,09:34:53,24758,24757,25,24758,175,75,11222000
NIFTY-I.NFO,12/12/2024,09:34:54,24757.95,24757,25,24758,150,50,11222000
NIFTY-I.NFO,12/12/2024,09:34:56,24758,24757,25,24758,125,25,11222000
NIFTY-I.NFO,12/12/2024,09:34:58,24758,24757,125,24758,100,25,11222000
NIFTY-I.NFO,12/12/2024,09:34:59,24757,24756,300,24757,1500,25,11222000
NIFTY-I.NFO,12/12/2024,09:35:01,24757,24756,300,24757,1400,100,11222000
NIFTY-I.NFO,12/12/2024,09:35:03,24756.95,24756,300,24757,1325,125,11222000
NIFTY-I.NFO,12/12/2024,09:35:04,24757,24756,275,24757,1275,75,11222000
NIFTY-I.NFO,12/12/2024,09:35:06,24756,24756,150,24757,1250,175,11222000
NIFTY-I.NFO,12/12/2024,09:35:08,24757,24756,275,24757,1225,25,11222000
NIFTY-I.NFO,12/12/2024,09:35:09,24757,24756,50,24757,1175,100,11222000
NIFTY-I.NFO,12/12/2024,09:35:11,24756,24756,25,24757,1150,50,11222000
NIFTY-I.NFO,12/12/2024,09:35:13,24756,24755,600,24756,25,300,11222000
NIFTY-I.NFO,12/12/2024,09:35:14,24756,24755,500,24756.95,100,25,11222000
NIFTY-I.NFO,12/12/2024,09:35:16,24756,24755.45,25,24756.95,100,25,11222000
NIFTY-I.NFO,12/12/2024,09:35:18,24755.05,24756,50,24756.85,25,125,11222000
NIFTY-I.NFO,12/12/2024,09:35:19,24756.9,24756,50,24757,900,100,11222000
NIFTY-I.NFO,12/12/2024,09:35:21,24757,24756,50,24757.6,125,1000,11222000
NIFTY-I.NFO,12/12/2024,09:35:23,24756,24755,600,24756.95,125,50,11222000
NIFTY-I.NFO,12/12/2024,09:35:24,24756,24755,500,24756.45,25,0,11222000
NIFTY-I.NFO,12/12/2024,09:35:26,24756,24755,475,24755.5,50,0,11222000
NIFTY-I.NFO,12/12/2024,09:35:28,24755,24755,275,24755.5,50,200,11222000
NIFTY-I.NFO,12/12/2024,09:35:29,24754.05,24754,150,24754.05,50,350,11222000
NIFTY-I.NFO,12/12/2024,09:35:31,24754.1,24754,250,24754.1,50,75,11222000
NIFTY-I.NFO,12/12/2024,09:35:33,24754.1,24754.25,400,24756.9,75,50,11222000
NIFTY-I.NFO,12/12/2024,09:35:34,24757.6,24757.15,275,24759,25,525,11222000
NIFTY-I.NFO,12/12/2024,09:35:36,24759.95,24757,25,24760,1950,150,11222000
NIFTY-I.NFO,12/12/2024,09:35:38,24759.9,24757,25,24760,1975,25,11222000
NIFTY-I.NFO,12/12/2024,09:35:39,24760,24757.95,325,24759.95,25,25,11222000
NIFTY-I.NFO,12/12/2024,09:35:41,24758,24757.9,350,24759.95,25,75,11222000
NIFTY-I.NFO,12/12/2024,09:35:43,24760,24758.5,50,24760,1775,50,11222000
NIFTY-I.NFO,12/12/2024,09:35:44,24760,24758.55,100,24760,1700,225,11222000
NIFTY-I.NFO,12/12/2024,09:35:46,24759.9,24759,25,24760.05,1400,1950,11222000
NIFTY-I.NFO,12/12/2024,09:35:48,24759.9,24757.95,550,24758.05,100,0,11222000
NIFTY-I.NFO,12/12/2024,09:35:49,24759.4,24759.75,125,24760.05,1325,225,11222000
NIFTY-I.NFO,12/12/2024,09:35:51,24760.25,24758.45,25,24760.25,450,3375,11222000
NIFTY-I.NFO,12/12/2024,09:35:53,24760.25,24758.85,125,24760.25,400,150,11222000
NIFTY-I.NFO,12/12/2024,09:35:54,24760,24759.35,50,24760,125,1525,11222000
NIFTY-I.NFO,12/12/2024,09:35:56,24760.4,24760.1,550,24763.95,300,1475,11222000
NIFTY-I.NFO,12/12/2024,09:35:58,24761.05,24759.9,50,24763.9,150,100,11222000
NIFTY-I.NFO,12/12/2024,09:35:59,24760.55,24761.5,125,24764.9,150,175,11222000
NIFTY-I.NFO,12/12/2024,09:36:01,24765,24762.65,75,24765,300,125,11222000
NIFTY-I.NFO,12/12/2024,09:36:03,24765,24762.4,75,24765,225,100,11222000
NIFTY-I.NFO,12/12/2024,09:36:04,24765,24761.7,75,24765,150,225,11222000
NIFTY-I.NFO,12/12/2024,09:36:06,24765,24763.45,25,24765,75,75,11222000
NIFTY-I.NFO,12/12/2024,09:36:08,24763.45,24761,25,24762.65,500,50,11222000
NIFTY-I.NFO,12/12/2024,09:36:09,24762.65,24760.4,25,24762.65,425,125,11222000
NIFTY-I.NFO,12/12/2024,09:36:11,24762.65,24760.4,25,24762.65,100,350,11222000
NIFTY-I.NFO,12/12/2024,09:36:13,24762.65,24760.4,25,24762.65,50,50,11222000
NIFTY-I.NFO,12/12/2024,09:36:14,24765.85,24764.8,50,24765.85,100,1375,11222000
NIFTY-I.NFO,12/12/2024,09:36:16,24762,24760.55,25,24764.55,100,100,11222000
NIFTY-I.NFO,12/12/2024,09:36:18,24765.55,24760.55,25,24765.5,100,175,11222000
NIFTY-I.NFO,12/12/2024,09:36:20,24760.55,24761.15,75,24764.95,75,50,11222000
NIFTY-I.NFO,12/12/2024,09:36:21,24761.15,24761.15,50,24762.65,75,50,11222000
NIFTY-I.NFO,12/12/2024,09:36:23,24760.4,24760,225,24760.4,125,225,11222000
NIFTY-I.NFO,12/12/2024,09:36:25,24760,24760,525,24760.4,25,175,11222000
NIFTY-I.NFO,12/12/2024,09:36:26,24760.4,24760.05,25,24763.5,100,25,11222000
NIFTY-I.NFO,12/12/2024,09:36:28,24760.55,24760.55,50,24763.4,100,400,11222000
NIFTY-I.NFO,12/12/2024,09:36:30,24760.55,24761.05,25,24761.1,50,0,11222000
NIFTY-I.NFO,12/12/2024,09:36:31,24760.55,24760.5,100,24761.05,25,150,11222000
NIFTY-I.NFO,12/12/2024,09:36:33,24761.1,24760.5,50,24761,50,100,11222000
NIFTY-I.NFO,12/12/2024,09:36:34,24761,24760.5,250,24761.05,25,75,11222000
NIFTY-I.NFO,12/12/2024,09:36:36,24760.95,24760.55,25,24763.5,50,650,11222000
NIFTY-I.NFO,12/12/2024,09:36:38,24760.4,24760,675,24760.45,50,175,11222000
NIFTY-I.NFO,12/12/2024,09:36:39,24760.05,24760,500,24760.05,50,300,11222000
NIFTY-I.NFO,12/12/2024,09:36:41,24760.05,24760,325,24760.45,25,275,11222000
NIFTY-I.NFO,12/12/2024,09:36:43,24760.9,24760.55,325,24760.95,25,200,11222000
NIFTY-I.NFO,12/12/2024,09:36:44,24760.65,24760.7,325,24761,50,75,11222000
NIFTY-I.NFO,12/12/2024,09:36:46,24760.55,24760.55,400,24761.95,75,275,11222000
NIFTY-I.NFO,12/12/2024,09:36:48,24760.7,24760.55,300,24760.75,150,50,11226200
NIFTY-I.NFO,12/12/2024,09:36:49,24760.55,24760.55,225,24760.75,100,75,11226200
NIFTY-I.NFO,12/12/2024,09:36:51,24763,24761,25,24762.35,75,300,11226200
NIFTY-I.NFO,12/12/2024,09:36:53,24761,24760.75,25,24762.25,25,25,11226200
NIFTY-I.NFO,12/12/2024,09:36:54,24760.55,24760.55,25,24762.1,100,125,11226200
NIFTY-I.NFO,12/12/2024,09:36:56,24761.9,24760.05,125,24761.5,75,100,11226200
NIFTY-I.NFO,12/12/2024,09:36:58,24761.9,24760.05,125,24761.35,75,0,11226200
NIFTY-I.NFO,12/12/2024,09:36:59,24760.05,24760.05,75,24761.25,75,75,11226200
NIFTY-I.NFO,12/12/2024,09:37:01,24761.25,24760,675,24761.25,175,250,11226200
NIFTY-I.NFO,12/12/2024,09:37:03,24761.25,24760,775,24761.15,25,0,11226200
NIFTY-I.NFO,12/12/2024,09:37:04,24761.8,24760,650,24761.7,75,225,11226200
NIFTY-I.NFO,12/12/2024,09:37:06,24760,24760,575,24761.35,75,275,11226200
NIFTY-I.NFO,12/12/2024,09:37:08,24760,24760.05,25,24760.95,75,25,11226200
NIFTY-I.NFO,12/12/2024,09:37:09,24761.1,24760,225,24761,75,300,11226200
NIFTY-I.NFO,12/12/2024,09:37:11,24761.1,24760,275,24761,75,0,11226200
NIFTY-I.NFO,12/12/2024,09:37:13,24760,24760,225,24760.95,75,50,11226200
NIFTY-I.NFO,12/12/2024,09:37:14,24760.7,24760,175,24760.9,75,175,11226200
NIFTY-I.NFO,12/12/2024,09:37:16,24760,24760,50,24760.65,50,150,11226200
NIFTY-I.NFO,12/12/2024,09:37:18,24760.55,24760,50,24760.55,25,25,11226200
NIFTY-I.NFO,12/12/2024,09:37:19,24760,24760,25,24760.45,100,75,11226200
NIFTY-I.NFO,12/12/2024,09:37:21,24761.8,24760,25,24761.5,75,1400,11226200
NIFTY-I.NFO,12/12/2024,09:37:23,24760.4,24760.05,25,24760.4,75,50,11226200
NIFTY-I.NFO,12/12/2024,09:37:24,24759.8,24758,50,24760.15,75,200,11226200
NIFTY-I.NFO,12/12/2024,09:37:26,24760.1,24758.05,25,24760.05,25,25,11226200
NIFTY-I.NFO,12/12/2024,09:37:28,24756.75,24756.75,400,24759.95,25,150,11226200
NIFTY-I.NFO,12/12/2024,09:37:29,24759.85,24756.7,325,24759.9,75,25,11226200
NIFTY-I.NFO,12/12/2024,09:37:31,24759.85,24756.7,225,24759.85,50,25,11226200
NIFTY-I.NFO,12/12/2024,09:37:33,24759.85,24756.85,225,24759.85,250,0,11226200
NIFTY-I.NFO,12/12/2024,09:37:34,24756.85,24756.9,300,24759.8,75,75,11226200
NIFTY-I.NFO,12/12/2024,09:37:36,24760.3,24756.85,25,24760.3,50,1075,11226200
NIFTY-I.NFO,12/12/2024,09:37:38,24755.35,24755.45,375,24759.55,75,200,11226200
NIFTY-I.NFO,12/12/2024,09:37:39,24759.55,24756.85,375,24759.55,175,50,11226200
NIFTY-I.NFO,12/12/2024,09:37:41,24759.55,24756.95,150,24759.55,100,75,11226200
NIFTY-I.NFO,12/12/2024,09:37:43,24759.5,24756.5,25,24759.5,50,75,11226200
NIFTY-I.NFO,12/12/2024,09:37:44,24759.5,24757.4,50,24759.5,50,75,11226200
NIFTY-I.NFO,12/12/2024,09:37:46,24756.9,24756.9,325,24759.55,25,75,11226200
NIFTY-I.NFO,12/12/2024,09:37:48,24759.55,24757.45,150,24759.75,25,50,11226200
NIFTY-I.NFO,12/12/2024,09:37:49,24759.55,24757.55,150,24759.75,175,0,11226200
NIFTY-I.NFO,12/12/2024,09:37:51,24757.35,24757.75,25,24759.5,75,275,11226200
NIFTY-I.NFO,12/12/2024,09:37:53,24757.35,24757.75,25,24759.5,225,0,11226200
NIFTY-I.NFO,12/12/2024,09:37:54,24757.75,24757.75,75,24759,175,200,11226200
NIFTY-I.NFO,12/12/2024,09:37:56,24759,24757.35,75,24759,150,175,11226200
NIFTY-I.NFO,12/12/2024,09:37:58,24759,24757.05,225,24759,150,0,11226200
NIFTY-I.NFO,12/12/2024,09:37:59,24759,24757,25,24757.75,50,0,11226200
NIFTY-I.NFO,12/12/2024,09:38:01,24759,24757,25,24757.75,200,0,11226200
NIFTY-I.NFO,12/12/2024,09:38:03,24756,24756,325,24757.75,50,150,11226200
NIFTY-I.NFO,12/12/2024,09:38:04,24759,24759,625,24759.85,100,125,11226200
NIFTY-I.NFO,12/12/2024,09:38:06,24759.85,24759,550,24759.9,125,200,11226200
NIFTY-I.NFO,12/12/2024,09:38:08,24760.3,24760,100,24761,300,225,11226200
NIFTY-I.NFO,12/12/2024,09:38:09,24760,24760.3,25,24760.95,200,50,11226200
NIFTY-I.NFO,12/12/2024,09:38:11,24759,24759,550,24760,25,100,11226200
NIFTY-I.NFO,12/12/2024,09:38:14,24759,24759,550,24759.95,100,0,11226200
NIFTY-I.NFO,12/12/2024,09:38:16,24759,24759,325,24759.85,100,225,11226200
NIFTY-I.NFO,12/12/2024,09:38:18,24759,24759,275,24759.85,100,50,11226200
NIFTY-I.NFO,12/12/2024,09:38:20,24759.9,24759,275,24759.95,100,50,11226200
NIFTY-I.NFO,12/12/2024,09:38:21,24759.95,24759,125,24759.95,100,175,11226200
NIFTY-I.NFO,12/12/2024,09:38:23,24759,24759,75,24759.85,100,50,11226200
NIFTY-I.NFO,12/12/2024,09:38:25,24759.9,24759,75,24759.9,150,250,11226200
NIFTY-I.NFO,12/12/2024,09:38:26,24759,24757,100,24759.2,100,100,11226200
NIFTY-I.NFO,12/12/2024,09:38:28,24757,24757,75,24759.25,100,25,11226200
NIFTY-I.NFO,12/12/2024,09:38:30,24758.95,24757,50,24758.95,50,75,11226200
NIFTY-I.NFO,12/12/2024,09:38:31,24759.2,24757,50,24759.3,25,50,11226200
NIFTY-I.NFO,12/12/2024,09:38:33,24757,24757,25,24759,25,100,11226200
NIFTY-I.NFO,12/12/2024,09:38:35,24757,24756,25,24758.5,25,25,11226200
NIFTY-I.NFO,12/12/2024,09:38:36,24758.95,24756,25,24758.95,50,25,11226200
NIFTY-I.NFO,12/12/2024,09:38:38,24756,24755,275,24757.9,25,25,11226200
NIFTY-I.NFO,12/12/2024,09:38:40,24756,24755,275,24757.8,25,0,11226200
NIFTY-I.NFO,12/12/2024,09:38:43,24756,24755,375,24757,25,0,11226200
NIFTY-I.NFO,12/12/2024,09:38:46,24757,24755,50,24758.9,250,275,11226200
NIFTY-I.NFO,12/12/2024,09:38:48,24758.8,24755,150,24759,75,275,11226200
NIFTY-I.NFO,12/12/2024,09:38:50,24758.8,24756,100,24759,75,50,11226200
NIFTY-I.NFO,12/12/2024,09:38:51,24758.8,24756,300,24758.95,100,0,11226200
NIFTY-I.NFO,12/12/2024,09:38:53,24758.8,24756,100,24758.95,100,0,11226200
NIFTY-I.NFO,12/12/2024,09:38:55,24757.25,24753.9,300,24757.25,250,1025,11226200
NIFTY-I.NFO,12/12/2024,09:38:56,24753.9,24753.75,25,24757.25,250,25,11226200
NIFTY-I.NFO,12/12/2024,09:38:58,24754.25,24754.45,450,24757.8,250,75,11226200
NIFTY-I.NFO,12/12/2024,09:39:00,24754.55,24753.75,25,24758,250,75,11226200
NIFTY-I.NFO,12/12/2024,09:39:01,24758,24753.9,200,24758,250,25,11226200
NIFTY-I.NFO,12/12/2024,09:39:03,24758,24754.85,100,24757.8,250,0,11226200
NIFTY-I.NFO,12/12/2024,09:39:05,24758,24754.25,50,24758.2,250,0,11226200
NIFTY-I.NFO,12/12/2024,09:39:06,24754.3,24754.3,225,24758.2,250,75,11226200
NIFTY-I.NFO,12/12/2024,09:39:08,24758,24755,25,24758,75,550,11226200
NIFTY-I.NFO,12/12/2024,09:39:10,24755,24754.55,700,24757.95,100,25,11226200
NIFTY-I.NFO,12/12/2024,09:39:11,24757.95,24754,600,24758,225,75,11226200
NIFTY-I.NFO,12/12/2024,09:39:13,24757.95,24753.9,100,24755,50,0,11226200
NIFTY-I.NFO,12/12/2024,09:39:15,24753.9,24753.9,75,24755,50,25,11226200
NIFTY-I.NFO,12/12/2024,09:39:16,24755,24755,25,24756.95,75,50,11226200
NIFTY-I.NFO,12/12/2024,09:39:18,24753.8,24753.75,25,24756.7,50,50,11226200
NIFTY-I.NFO,12/12/2024,09:39:20,24753.8,24753.7,25,24755.7,50,0,11226200
NIFTY-I.NFO,12/12/2024,09:39:21,24755.7,24753.7,25,24755.55,25,25,11226200
NIFTY-I.NFO,12/12/2024,09:39:23,24751,24750.2,250,24753.7,50,850,11226200
NIFTY-I.NFO,12/12/2024,09:39:25,24753.05,24750.25,725,24753.65,275,50,11226200
NIFTY-I.NFO,12/12/2024,09:39:26,24749.05,24749.05,125,24752.15,25,4700,11226200
NIFTY-I.NFO,12/12/2024,09:39:28,24748.45,24748.35,825,24753,250,100,11226200
NIFTY-I.NFO,12/12/2024,09:39:30,24748.3,24748.05,225,24751,75,1375,11226200
NIFTY-I.NFO,12/12/2024,09:39:31,24749.4,24748.2,400,24751,75,50,11226200
NIFTY-I.NFO,12/12/2024,09:39:33,24749.55,24749.55,750,24753,275,1900,11226200
NIFTY-I.NFO,12/12/2024,09:39:35,24749.15,24749.2,675,24752.45,250,475,11226200
NIFTY-I.NFO,12/12/2024,09:39:36,24749.55,24749.55,200,24753,275,125,11226200
NIFTY-I.NFO,12/12/2024,09:39:38,24753,24750.65,875,24753,1000,25,11226200
NIFTY-I.NFO,12/12/2024,09:39:40,24752,24750.55,350,24753,1100,25,11226200
NIFTY-I.NFO,12/12/2024,09:39:41,24751.05,24750.25,100,24753,1050,100,11226200
NIFTY-I.NFO,12/12/2024,09:39:43,24751.05,24750,50,24753,1300,0,11226200
NIFTY-I.NFO,12/12/2024,09:39:45,24753,24750,25,24753,1225,125,11226200
NIFTY-I.NFO,12/12/2024,09:39:46,24748.8,24748.4,175,24752.25,250,250,11225200
NIFTY-I.NFO,12/12/2024,09:39:48,24752.25,24748.2,225,24752.25,250,1300,11225200
NIFTY-I.NFO,12/12/2024,09:39:50,24752.25,24748.2,25,24751.6,250,50,11225200
NIFTY-I.NFO,12/12/2024,09:39:51,24751.6,24748.2,25,24751.6,250,100,11225200
NIFTY-I.NFO,12/12/2024,09:39:53,24745.9,24749,25,24750,50,600,11225200
NIFTY-I.NFO,12/12/2024,09:39:55,24746.45,24747,25,24750,50,500,11225200
NIFTY-I.NFO,12/12/2024,09:39:56,24747.65,24747.65,700,24751.9,250,2225,11225200
NIFTY-I.NFO,12/12/2024,09:39:58,24747.65,24747.3,700,24750,50,0,11225200
NIFTY-I.NFO,12/12/2024,09:40:00,24747.7,24747.7,675,24751.9,250,75,11225200
NIFTY-I.NFO,12/12/2024,09:40:01,24747.7,24747.65,125,24752,150,50,11225200
NIFTY-I.NFO,12/12/2024,09:40:03,24748.75,24748.75,575,24753,1325,675,11225200
NIFTY-I.NFO,12/12/2024,09:40:04,24750.45,24750,75,24753,1175,1100,11225200
NIFTY-I.NFO,12/12/2024,09:40:06,24750.45,24750,75,24751,25,0,11225200
NIFTY-I.NFO,12/12/2024,09:40:08,24750,24748.7,600,24750,50,125,11225200
NIFTY-I.NFO,12/12/2024,09:40:09,24751.95,24748,175,24751.95,75,100,11225200
NIFTY-I.NFO,12/12/2024,09:40:11,24751.95,24748,200,24751.95,75,0,11225200
NIFTY-I.NFO,12/12/2024,09:40:13,24752.95,24749.3,400,24753,1325,50,11225200
NIFTY-I.NFO,12/12/2024,09:40:14,24753,24750,25,24753,1275,50,11225200
NIFTY-I.NFO,12/12/2024,09:40:16,24748.75,24748.9,25,24753,350,3450,11225200
NIFTY-I.NFO,12/12/2024,09:40:18,24748.85,24748.85,50,24753,350,50,11225200
NIFTY-I.NFO,12/12/2024,09:40:19,24749.1,24749.2,600,24753,350,25,11225200
NIFTY-I.NFO,12/12/2024,09:40:21,24748.55,24748.4,50,24753,350,2575,11225200
NIFTY-I.NFO,12/12/2024,09:40:23,24748.85,24748.05,150,24751.55,200,50,11225200
NIFTY-I.NFO,12/12/2024,09:40:24,24746.85,24747.4,600,24751.55,200,750,11225200
NIFTY-I.NFO,12/12/2024,09:40:26,24746.85,24747.75,600,24751.55,200,0,11225200
NIFTY-I.NFO,12/12/2024,09:40:28,24751.55,24749.1,25,24751.55,175,50,11225200
NIFTY-I.NFO,12/12/2024,09:40:29,24751.55,24749.1,125,24751.55,175,0,11225200
NIFTY-I.NFO,12/12/2024,09:40:31,24751.5,24749.1,100,24750,25,50,11225200
NIFTY-I.NFO,12/12/2024,09:40:33,24750,24749.25,25,24751.55,175,350,11225200
NIFTY-I.NFO,12/12/2024,09:40:34,24751.55,24749.25,50,24751.55,150,1750,11225200
NIFTY-I.NFO,12/12/2024,09:40:36,24751.55,24750,350,24751.55,150,25,11225200
NIFTY-I.NFO,12/12/2024,09:40:38,24751.55,24750,400,24751.55,150,0,11225200
NIFTY-I.NFO,12/12/2024,09:40:39,24751.55,24750,375,24751.55,125,50,11225200
NIFTY-I.NFO,12/12/2024,09:40:41,24750,24750.05,125,24751.55,125,50,11225200
NIFTY-I.NFO,12/12/2024,09:40:43,24750.05,24750.3,400,24752,25,150,11225200
NIFTY-I.NFO,12/12/2024,09:40:44,24750.05,24751.55,100,24752,50,0,11225200
NIFTY-I.NFO,12/12/2024,09:40:46,24751.55,24751.55,100,24752,50,50,11225200
NIFTY-I.NFO,12/12/2024,09:40:48,24752,24751.55,25,24752,25,100,11225200
NIFTY-I.NFO,12/12/2024,09:40:49,24752,24751.55,25,24752,25,25,11225200
NIFTY-I.NFO,12/12/2024,09:40:51,24752,24751.55,25,24752,25,0,11225200
NIFTY-I.NFO,12/12/2024,09:40:53,24751.55,24750.05,150,24752,50,25,11225200
NIFTY-I.NFO,12/12/2024,09:40:54,24751.55,24751.55,125,24752,75,0,11225200
NIFTY-I.NFO,12/12/2024,09:40:58,24751.55,24751.55,100,24752,50,25,11225200
NIFTY-I.NFO,12/12/2024,09:40:59,24751.55,24750.05,50,24751,25,100,11225200
NIFTY-I.NFO,12/12/2024,09:41:01,24751,24750,125,24752,50,1525,11225200
NIFTY-I.NFO,12/12/2024,09:41:03,24751,24750.8,300,24752,50,0,11225200
NIFTY-I.NFO,12/12/2024,09:41:04,24753,24751.15,175,24753,250,700,11225200
NIFTY-I.NFO,12/12/2024,09:41:06,24751.8,24751.1,500,24752,25,25,11225200
NIFTY-I.NFO,12/12/2024,09:41:08,24752,24750.7,25,24753,250,50,11225200
NIFTY-I.NFO,12/12/2024,09:41:09,24752,24750.7,100,24753,250,0,11225200
NIFTY-I.NFO,12/12/2024,09:41:11,24753,24750.7,100,24753,475,25,11225200
NIFTY-I.NFO,12/12/2024,09:41:13,24753,24750.7,100,24752,100,0,11225200
NIFTY-I.NFO,12/12/2024,09:41:14,24753,24751,100,24752,100,0,11225200
NIFTY-I.NFO,12/12/2024,09:41:16,24751,24751,75,24752,75,50,11225200
NIFTY-I.NFO,12/12/2024,09:41:18,24752,24750,100,24752,50,275,11225200
NIFTY-I.NFO,12/12/2024,09:41:19,24750,24748.05,25,24751.2,125,150,11225200
NIFTY-I.NFO,12/12/2024,09:41:21,24750,24748.05,25,24750.65,100,0,11225200
NIFTY-I.NFO,12/12/2024,09:41:23,24750.1,24748,325,24750.1,100,150,11225200
NIFTY-I.NFO,12/12/2024,09:41:24,24750.1,24748,325,24749.2,100,0,11225200
NIFTY-I.NFO,12/12/2024,09:41:26,24745,24745,575,24748,25,600,11225200
NIFTY-I.NFO,12/12/2024,09:41:28,24749.1,24745,575,24749,25,75,11225200
NIFTY-I.NFO,12/12/2024,09:41:29,24745,24745,1050,24749.75,25,1350,11225200
NIFTY-I.NFO,12/12/2024,09:41:31,24743.05,24743.6,50,24749.4,25,1550,11225200
NIFTY-I.NFO,12/12/2024,09:41:33,24743.55,24743,475,24745,400,625,11225200
NIFTY-I.NFO,12/12/2024,09:41:34,24742,24742,50,24744,200,725,11225200
NIFTY-I.NFO,12/12/2024,09:41:36,24742.8,24742.75,500,24745,400,350,11225200
NIFTY-I.NFO,12/12/2024,09:41:38,24742.75,24742.3,150,24745,400,300,11225200
NIFTY-I.NFO,12/12/2024,09:41:39,24742.2,24742.3,150,24745,400,100,11225200
NIFTY-I.NFO,12/12/2024,09:41:41,24742.2,24742.8,150,24744,250,0,11225200
NIFTY-I.NFO,12/12/2024,09:41:43,24742.8,24742.8,225,24745,375,300,11225200
NIFTY-I.NFO,12/12/2024,09:41:44,24742,24742,475,24745,400,675,11225200
NIFTY-I.NFO,12/12/2024,09:41:46,24741.6,24741.35,25,24745,400,25,11225200
NIFTY-I.NFO,12/12/2024,09:41:48,24741.2,24741.2,1475,24745,275,175,11225200
NIFTY-I.NFO,12/12/2024,09:41:49,24745,24742.2,25,24745,250,25,11225200
NIFTY-I.NFO,12/12/2024,09:41:51,24741.2,24741.2,1450,24744.95,25,75,11225200
NIFTY-I.NFO,12/12/2024,09:41:53,24742,24742,25,24746.05,125,350,11225200
NIFTY-I.NFO,12/12/2024,09:41:54,24741.2,24741.2,1375,24745.35,25,175,11225200
NIFTY-I.NFO,12/12/2024,09:41:56,24744.95,24741.2,1350,24745.3,125,75,11225200
NIFTY-I.NFO,12/12/2024,09:41:58,24741.2,24741.2,1300,24745.35,25,125,11225200
NIFTY-I.NFO,12/12/2024,09:41:59,24745.35,24741.2,1400,24745.55,25,50,11225200
NIFTY-I.NFO,12/12/2024,09:42:01,24745.35,24741.2,1400,24745.55,25,0,11225200
NIFTY-I.NFO,12/12/2024,09:42:03,24745,24741.2,175,24745.55,25,1300,11225200
NIFTY-I.NFO,12/12/2024,09:42:04,24741.2,24741.2,75,24746.45,250,125,11225200
NIFTY-I.NFO,12/12/2024,09:42:06,24740.5,24741.25,25,24744.9,25,1075,11225200
NIFTY-I.NFO,12/12/2024,09:42:08,24742,24742,325,24744.85,25,25,11225200
NIFTY-I.NFO,12/12/2024,09:42:09,24745,24742.5,325,24745,50,2725,11225200
NIFTY-I.NFO,12/12/2024,09:42:11,24743.05,24743.05,250,24745,50,75,11225200
NIFTY-I.NFO,12/12/2024,09:42:13,24743.05,24743.05,250,24745,50,0,11225200
NIFTY-I.NFO,12/12/2024,09:42:16,24745,24743.05,200,24747,25,100,11225200
NIFTY-I.NFO,12/12/2024,09:42:18,24745,24743.6,200,24745,75,0,11225200
NIFTY-I.NFO,12/12/2024,09:42:19,24745,24743.6,350,24745,100,0,11225200
NIFTY-I.NFO,12/12/2024,09:42:21,24740,24740,825,24744.95,350,775,11225200
NIFTY-I.NFO,12/12/2024,09:42:23,24740,24740,200,24743.95,150,725,11225200
NIFTY-I.NFO,12/12/2024,09:42:24,24739,24737.9,500,24742.85,350,1125,11225200
NIFTY-I.NFO,12/12/2024,09:42:26,24739,24737.9,500,24742.85,350,0,11225200
NIFTY-I.NFO,12/12/2024,09:42:28,24738.75,24738.8,350,24743.4,250,175,11225200
NIFTY-I.NFO,12/12/2024,09:42:29,24738.8,24738.85,325,24743.4,250,25,11225200
NIFTY-I.NFO,12/12/2024,09:42:31,24743.05,24740,25,24744.6,350,25,11225200
NIFTY-I.NFO,12/12/2024,09:42:33,24739.35,24739.95,300,24744.6,250,50,11225200
NIFTY-I.NFO,12/12/2024,09:42:34,24739.35,24739.05,500,24743.6,350,0,11225200
NIFTY-I.NFO,12/12/2024,09:42:36,24739.3,24738.95,75,24743.6,350,50,11225200
NIFTY-I.NFO,12/12/2024,09:42:38,24738.95,24738.95,500,24743.6,350,25,11225200
NIFTY-I.NFO,12/12/2024,09:42:40,24742.25,24738.1,25,24743.1,350,100,11225200
NIFTY-I.NFO,12/12/2024,09:42:41,24738.95,24738.2,600,24738.95,300,750,11225200
NIFTY-I.NFO,12/12/2024,09:42:43,24738.95,24738.05,700,24743.1,250,300,11225200
NIFTY-I.NFO,12/12/2024,09:42:45,24743.1,24739.35,700,24742,25,25,11225200
NIFTY-I.NFO,12/12/2024,09:42:46,24739.4,24739.4,425,24744.95,50,1350,11225200
NIFTY-I.NFO,12/12/2024,09:42:48,24745,24745,5800,24746.35,200,1700,11211850
NIFTY-I.NFO,12/12/2024,09:42:49,24745,24745,5650,24746.5,100,225,11211850
NIFTY-I.NFO,12/12/2024,09:42:51,24746.35,24745,5650,24746.65,25,100,11211850
NIFTY-I.NFO,12/12/2024,09:42:53,24745,24745,5650,24746.45,25,25,11211850
NIFTY-I.NFO,12/12/2024,09:42:54,24745,24745,5625,24745.5,125,25,11211850
NIFTY-I.NFO,12/12/2024,09:42:56,24743.05,24736.4,50,24742.45,25,6175,11211850
NIFTY-I.NFO,12/12/2024,09:42:58,24736.65,24736.3,175,24738.8,100,25,11211850
NIFTY-I.NFO,12/12/2024,09:42:59,24738.8,24736.3,150,24738.75,75,100,11211850
NIFTY-I.NFO,12/12/2024,09:43:01,24736.1,24738,25,24738.75,175,75,11211850
NIFTY-I.NFO,12/12/2024,09:43:03,24738.75,24736.25,600,24738.8,50,100,11211850
NIFTY-I.NFO,12/12/2024,09:43:04,24737.2,24737.2,150,24738.8,50,550,11211850
NIFTY-I.NFO,12/12/2024,09:43:06,24738.05,24738,25,24743.1,200,100,11211850
NIFTY-I.NFO,12/12/2024,09:43:08,24737.7,24737.75,25,24743.9,200,450,11211850
NIFTY-I.NFO,12/12/2024,09:43:09,24743.9,24737.85,500,24744.2,150,75,11211850
NIFTY-I.NFO,12/12/2024,09:43:11,24737.85,24737,25,24742.5,150,500,11211850
NIFTY-I.NFO,12/12/2024,09:43:13,24736.95,24737.15,875,24743.25,150,1800,11211850
NIFTY-I.NFO,12/12/2024,09:43:14,24737.25,24737.3,625,24743.15,200,1075,11211850
NIFTY-I.NFO,12/12/2024,09:43:16,24744.3,24739.05,175,24743.45,200,225,11211850
NIFTY-I.NFO,12/12/2024,09:43:18,24742.95,24739.05,175,24743.75,150,25,11211850
NIFTY-I.NFO,12/12/2024,09:43:19,24739.05,24739.05,150,24741.95,175,25,11211850
NIFTY-I.NFO,12/12/2024,09:43:21,24742.35,24739.05,100,24742.35,125,100,11211850
NIFTY-I.NFO,12/12/2024,09:43:23,24739.05,24737.8,300,24741.4,250,100,11211850
NIFTY-I.NFO,12/12/2024,09:43:24,24739.05,24737.8,350,24741.9,25,0,11211850
NIFTY-I.NFO,12/12/2024,09:43:26,24737.8,24737.85,25,24741.65,175,25,11211850
NIFTY-I.NFO,12/12/2024,09:43:28,24737.3,24737.3,175,24741.45,175,225,11211850
NIFTY-I.NFO,12/12/2024,09:43:29,24737.3,24737.8,350,24741,25,2125,11211850
NIFTY-I.NFO,12/12/2024,09:43:31,24737.85,24737.85,25,24741.95,175,775,11211850
NIFTY-I.NFO,12/12/2024,09:43:33,24737.85,24738.35,75,24740,100,2575,11211850
NIFTY-I.NFO,12/12/2024,09:43:34,24740,24737.45,50,24740,25,100,11211850
NIFTY-I.NFO,12/12/2024,09:43:36,24737.45,24738.3,300,24740,25,50,11211850
NIFTY-I.NFO,12/12/2024,09:43:37,24739.55,24739.6,25,24743,25,175,11211850
NIFTY-I.NFO,12/12/2024,09:43:39,24739.55,24740,25,24743,25,0,11211850
NIFTY-I.NFO,12/12/2024,09:43:41,24739.35,24740.3,300,24743,25,50,11211850
NIFTY-I.NFO,12/12/2024,09:43:42,24740,24738.8,275,24740,450,600,11211850
NIFTY-I.NFO,12/12/2024,09:43:44,24738,24738.3,75,24742.4,350,875,11211850
NIFTY-I.NFO,12/12/2024,09:43:46,24742.9,24739.3,75,24743,25,350,11211850
NIFTY-I.NFO,12/12/2024,09:43:47,24742.9,24739.3,75,24742.75,25,0,11211850
NIFTY-I.NFO,12/12/2024,09:43:49,24742.9,24739.3,75,24742.4,125,0,11211850
NIFTY-I.NFO,12/12/2024,09:43:51,24742.95,24739.3,75,24742.85,150,25,11211850
NIFTY-I.NFO,12/12/2024,09:43:52,24742.45,24739.3,75,24742.4,175,25,11211850
NIFTY-I.NFO,12/12/2024,09:43:54,24740.5,24740,50,24742.5,300,75,11211850
NIFTY-I.NFO,12/12/2024,09:43:56,24737.5,24737.55,75,24740,600,1625,11211850
NIFTY-I.NFO,12/12/2024,09:43:57,24737.1,24736.3,50,24740,700,25,11211850
NIFTY-I.NFO,12/12/2024,09:43:59,24739.3,24737.15,25,24739.3,200,25,11211850
NIFTY-I.NFO,12/12/2024,09:44:01,24739.3,24737.1,175,24739.3,75,75,11211850
NIFTY-I.NFO,12/12/2024,09:44:02,24736.5,24735.2,625,24739.3,425,575,11211850
NIFTY-I.NFO,12/12/2024,09:44:04,24735.15,24735.15,625,24739.3,425,175,11211850
NIFTY-I.NFO,12/12/2024,09:44:06,24735.35,24735.1,50,24735.2,25,125,11211850
NIFTY-I.NFO,12/12/2024,09:44:07,24735,24734.9,25,24735,250,1400,11211850
NIFTY-I.NFO,12/12/2024,09:44:09,24735,24734.8,25,24735.2,25,275,11211850
NIFTY-I.NFO,12/12/2024,09:44:11,24734.8,24734.8,25,24738.65,175,100,11211850
NIFTY-I.NFO,12/12/2024,09:44:12,24738.65,24736,25,24738.8,175,50,11211850
NIFTY-I.NFO,12/12/2024,09:44:14,24736,24736.25,25,24739,75,25,11211850
NIFTY-I.NFO,12/12/2024,09:44:16,24735.55,24736.85,125,24739,75,100,11211850
NIFTY-I.NFO,12/12/2024,09:44:17,24739,24736.25,300,24738.65,75,25,11211850
NIFTY-I.NFO,12/12/2024,09:44:19,24739,24735.25,50,24738.65,175,0,11211850
NIFTY-I.NFO,12/12/2024,09:44:21,24735,24735,2000,24736.85,50,50,11211850
NIFTY-I.NFO,12/12/2024,09:44:22,24735.05,24735.05,175,24736.85,50,25,11211850
NIFTY-I.NFO,12/12/2024,09:44:24,24735,24735,225,24736.85,50,2000,11211850
NIFTY-I.NFO,12/12/2024,09:44:26,24738.65,24735,225,24736.85,25,175,11211850
NIFTY-I.NFO,12/12/2024,09:44:27,24735,24735,200,24739,150,150,11211850
NIFTY-I.NFO,12/12/2024,09:44:29,24735,24735,125,24739,150,75,11211850
NIFTY-I.NFO,12/12/2024,09:44:31,24732.6,24732.6,775,24734,425,900,11211850
NIFTY-I.NFO,12/12/2024,09:44:32,24734,24733.7,75,24734,325,100,11211850
NIFTY-I.NFO,12/12/2024,09:44:34,24734.8,24734.75,75,24735,50,450,11211850
NIFTY-I.NFO,12/12/2024,09:44:36,24738.4,24734.25,75,24734.8,250,100,11211850
NIFTY-I.NFO,12/12/2024,09:44:37,24733.6,24734.5,25,24734.8,300,100,11211850
NIFTY-I.NFO,12/12/2024,09:44:39,24734.8,24734.65,75,24734.8,250,50,11211850
NIFTY-I.NFO,12/12/2024,09:44:41,24734.8,24734.05,75,24734.8,100,175,11211850
NIFTY-I.NFO,12/12/2024,09:44:42,24733.75,24733.7,50,24734.8,75,75,11211850
NIFTY-I.NFO,12/12/2024,09:44:44,24734.8,24733.95,1375,24738.95,350,175,11211850
NIFTY-I.NFO,12/12/2024,09:44:46,24735.2,24735.05,25,24739,175,75,11211850
NIFTY-I.NFO,12/12/2024,09:44:47,24735,24735.2,475,24738,25,75,11211850
NIFTY-I.NFO,12/12/2024,09:44:49,24735,24735.4,125,24738,50,0,11211850
NIFTY-I.NFO,12/12/2024,09:44:51,24738,24736.05,125,24738,25,775,11211850
NIFTY-I.NFO,12/12/2024,09:44:52,24735.75,24735.75,600,24738,25,50,11211850
NIFTY-I.NFO,12/12/2024,09:44:54,24738,24735.8,600,24739,175,25,11211850
NIFTY-I.NFO,12/12/2024,09:44:56,24735.7,24735.65,75,24739,175,200,11211850
NIFTY-I.NFO,12/12/2024,09:44:58,24739,24735.7,25,24736,75,25,11211850
NIFTY-I.NFO,12/12/2024,09:44:59,24736.2,24736.2,200,24738,25,100,11211850
NIFTY-I.NFO,12/12/2024,09:45:01,24740,24738,100,24740,600,250,11211850
NIFTY-I.NFO,12/12/2024,09:45:03,24738,24738,50,24740,575,100,11211850
NIFTY-I.NFO,12/12/2024,09:45:04,24735.75,24736.2,75,24740,475,200,11211850
NIFTY-I.NFO,12/12/2024,09:45:08,24740,24736.3,25,24740,400,100,11211850
NIFTY-I.NFO,12/12/2024,09:45:09,24736.7,24737.05,75,24740,400,225,11211850
NIFTY-I.NFO,12/12/2024,09:45:11,24742.15,24742,2900,24742.2,600,2225,11211850
NIFTY-I.NFO,12/12/2024,09:45:12,24742.2,24737.9,25,24742.3,125,3775,11211850
NIFTY-I.NFO,12/12/2024,09:45:14,24742.5,24739.5,25,24742.85,600,50,11211850
NIFTY-I.NFO,12/12/2024,09:45:16,24739.5,24739.45,75,24742,600,25,11211850
NIFTY-I.NFO,12/12/2024,09:45:17,24742,24740.3,25,24742,550,50,11211850
NIFTY-I.NFO,12/12/2024,09:45:19,24740,24740.05,50,24742,1725,200,11211850
NIFTY-I.NFO,12/12/2024,09:45:21,24742,24740.05,50,24742,1700,25,11211850
NIFTY-I.NFO,12/12/2024,09:45:22,24742,24740.05,50,24742,1700,0,11211850
NIFTY-I.NFO,12/12/2024,09:45:26,24742,24740.1,25,24742,1500,100,11211850
NIFTY-I.NFO,12/12/2024,09:45:27,24740.05,24740.05,25,24742,1600,50,11211850
NIFTY-I.NFO,12/12/2024,09:45:29,24740.05,24740,75,24742,1600,25,11211850
NIFTY-I.NFO,12/12/2024,09:45:31,24742,24740,175,24742,1550,75,11211850
NIFTY-I.NFO,12/12/2024,09:45:32,24742,24740.1,25,24742,125,175,11211850
NIFTY-I.NFO,12/12/2024,09:45:34,24742,24740.1,25,24742,50,225,11211850
NIFTY-I.NFO,12/12/2024,09:45:36,24743.95,24740.2,25,24743.95,200,100,11211850
NIFTY-I.NFO,12/12/2024,09:45:37,24740.2,24740.15,25,24743.9,200,100,11211850
NIFTY-I.NFO,12/12/2024,09:45:39,24743.65,24740.05,225,24743.8,350,1175,11211850
NIFTY-I.NFO,12/12/2024,09:45:41,24743.65,24740.05,225,24742,25,0,11211850
NIFTY-I.NFO,12/12/2024,09:45:42,24740.05,24740.05,225,24743.15,200,1125,11211850
NIFTY-I.NFO,12/12/2024,09:45:44,24740,24736.15,25,24742.2,100,325,11211850
NIFTY-I.NFO,12/12/2024,09:45:46,24740,24736.35,75,24741.95,150,0,11211850
NIFTY-I.NFO,12/12/2024,09:45:47,24740.05,24736.15,25,24741,150,100,11211850
NIFTY-I.NFO,12/12/2024,09:45:49,24741,24738.05,25,24739.95,100,25,11216325
NIFTY-I.NFO,12/12/2024,09:45:51,24739.55,24736.15,25,24739.6,125,100,11216325
NIFTY-I.NFO,12/12/2024,09:45:52,24739.6,24736.2,25,24739.6,225,125,11216325
NIFTY-I.NFO,12/12/2024,09:45:54,24739.6,24738,100,24739.2,225,0,11216325
NIFTY-I.NFO,12/12/2024,09:45:56,24736.15,24736.55,25,24737.45,225,325,11216325
NIFTY-I.NFO,12/12/2024,09:45:57,24737.2,24736.05,25,24737.2,225,100,11216325
NIFTY-I.NFO,12/12/2024,09:45:59,24736,24736,50,24737.2,225,100,11216325
NIFTY-I.NFO,12/12/2024,09:46:01,24732.65,24732.6,775,24732.65,25,800,11216325
NIFTY-I.NFO,12/12/2024,09:46:02,24732.8,24732.65,25,24735.1,125,175,11216325
NIFTY-I.NFO,12/12/2024,09:46:04,24731.15,24730.05,700,24731.9,50,3475,11216325
NIFTY-I.NFO,12/12/2024,09:46:05,24730.05,24730.05,675,24733.75,125,350,11216325
NIFTY-I.NFO,12/12/2024,09:46:07,24730.1,24730.05,675,24731.9,400,25,11216325
NIFTY-I.NFO,12/12/2024,09:46:09,24731.15,24730.1,50,24731.9,200,250,11216325
NIFTY-I.NFO,12/12/2024,09:46:10,24730.05,24730.1,25,24731.9,300,75,11216325
NIFTY-I.NFO,12/12/2024,09:46:12,24728.5,24728.45,50,24731.9,150,2675,11216325
NIFTY-I.NFO,12/12/2024,09:46:14,24728.25,24728.3,400,24731.9,150,450,11216325
NIFTY-I.NFO,12/12/2024,09:46:15,24730.35,24728.75,25,24734.7,100,375,11216325
NIFTY-I.NFO,12/12/2024,09:46:17,24728.25,24728.25,175,24734,150,1250,11216325
NIFTY-I.NFO,12/12/2024,09:46:19,24731.9,24729.05,25,24730.35,25,200,11216325
NIFTY-I.NFO,12/12/2024,09:46:20,24729.05,24729,900,24730.35,125,125,11216325
NIFTY-I.NFO,12/12/2024,09:46:22,24729,24729,625,24730.35,125,325,11216325
NIFTY-I.NFO,12/12/2024,09:46:24,24729,24729,600,24730.35,125,50,11216325
NIFTY-I.NFO,12/12/2024,09:46:25,24729,24729,50,24730.35,25,750,11216325
NIFTY-I.NFO,12/12/2024,09:46:27,24728.25,24728.3,25,24730.35,25,225,11216325
NIFTY-I.NFO,12/12/2024,09:46:29,24730.35,24730.35,200,24731.9,400,50,11216325
NIFTY-I.NFO,12/12/2024,09:46:30,24731.9,24725.95,25,24731.5,150,2175,11216325
NIFTY-I.NFO,12/12/2024,09:46:32,24726,24726,400,24729,25,25,11216325
NIFTY-I.NFO,12/12/2024,09:46:34,24720.05,24716.65,150,24719.8,25,6075,11216325
NIFTY-I.NFO,12/12/2024,09:46:35,24715.1,24715.05,225,24718.95,25,975,11216325
NIFTY-I.NFO,12/12/2024,09:46:37,24717.5,24715.15,125,24718,75,125,11216325
NIFTY-I.NFO,12/12/2024,09:46:39,24714.85,24714.95,25,24718,25,1500,11216325
NIFTY-I.NFO,12/12/2024,09:46:40,24714.95,24714.5,25,24719.95,200,1200,11216325
NIFTY-I.NFO,12/12/2024,09:46:42,24714.5,24714.45,75,24718.1,125,250,11216325
NIFTY-I.NFO,12/12/2024,09:46:43,24717.95,24713.05,100,24719,275,850,11216325
NIFTY-I.NFO,12/12/2024,09:46:45,24715,24713,225,24715,25,2475,11216325
NIFTY-I.NFO,12/12/2024,09:46:47,24715.05,24715.05,50,24718.95,225,400,11216325
NIFTY-I.NFO,12/12/2024,09:46:48,24715.05,24715.05,100,24719.95,225,575,11216325
NIFTY-I.NFO,12/12/2024,09:46:50,24715.05,24715.05,75,24719.95,225,500,11216325
NIFTY-I.NFO,12/12/2024,09:46:52,24715.1,24715.2,25,24720,275,150,11216325
NIFTY-I.NFO,12/12/2024,09:46:53,24720,24718.95,25,24724.5,200,700,11216325
NIFTY-I.NFO,12/12/2024,09:46:55,24719.9,24720.05,25,24724.7,200,550,11216325
NIFTY-I.NFO,12/12/2024,09:46:57,24717.95,24717.95,175,24722.55,100,800,11216325
NIFTY-I.NFO,12/12/2024,09:46:58,24722.35,24718,100,24720,25,525,11216325
NIFTY-I.NFO,12/12/2024,09:47:00,24720,24718.05,25,24720.5,25,100,11216325
NIFTY-I.NFO,12/12/2024,09:47:02,24718,24718.5,50,24719.8,25,75,11216325
NIFTY-I.NFO,12/12/2024,09:47:03,24718,24718,50,24720,625,175,11216325
NIFTY-I.NFO,12/12/2024,09:47:05,24718,24718.15,25,24720,575,125,11216325
NIFTY-I.NFO,12/12/2024,09:47:07,24718.7,24719.3,25,24722.35,350,1850,11216325
NIFTY-I.NFO,12/12/2024,09:47:09,24720.85,24720.85,25,24725,50,900,11216325
NIFTY-I.NFO,12/12/2024,09:47:10,24720.9,24720.85,25,24725,50,75,11216325
NIFTY-I.NFO,12/12/2024,09:47:12,24726.75,24721.3,25,24727.65,150,375,11216325
NIFTY-I.NFO,12/12/2024,09:47:14,24725.05,24725,100,24727.8,150,125,11216325
NIFTY-I.NFO,12/12/2024,09:47:15,24725.1,24721.2,25,24727.25,150,325,11216325
NIFTY-I.NFO,12/12/2024,09:47:17,24725.1,24721.25,25,24727,225,0,11216325
NIFTY-I.NFO,12/12/2024,09:47:19,24721.25,24721.2,25,24725,50,125,11216325
NIFTY-I.NFO,12/12/2024,09:47:20,24727.25,24725,100,24728.6,325,175,11216325
NIFTY-I.NFO,12/12/2024,09:47:22,24723.2,24723.2,25,24728.6,325,200,11216325
NIFTY-I.NFO,12/12/2024,09:47:24,24722.65,24725.05,25,24728.6,325,100,11216325
NIFTY-I.NFO,12/12/2024,09:47:25,24725,24725,175,24728.2,325,50,11216325
NIFTY-I.NFO,12/12/2024,09:47:27,24725,24725.05,375,24727,50,75,11216325
NIFTY-I.NFO,12/12/2024,09:47:29,24723,24723,25,24725,50,650,11216325
NIFTY-I.NFO,12/12/2024,09:47:30,24721,24721.05,25,24724,50,275,11216325
NIFTY-I.NFO,12/12/2024,09:47:32,24725.05,24720.95,25,24725.95,150,225,11216325
NIFTY-I.NFO,12/12/2024,09:47:34,24720.9,24720.9,25,24724.85,200,50,11216325
NIFTY-I.NFO,12/12/2024,09:47:35,24720.9,24720.4,50,24720.95,50,25,11216325
NIFTY-I.NFO,12/12/2024,09:47:37,24725,24720.75,125,24725,75,125,11216325
NIFTY-I.NFO,12/12/2024,09:47:39,24721,24721.05,25,24725,75,100,11216325
NIFTY-I.NFO,12/12/2024,09:47:40,24720.4,24720.55,25,24720.95,425,200,11216325
NIFTY-I.NFO,12/12/2024,09:47:42,24720.55,24720.35,25,24720.95,300,150,11216325
NIFTY-I.NFO,12/12/2024,09:47:44,24720.95,24720.4,50,24725,100,325,11216325
NIFTY-I.NFO,12/12/2024,09:47:45,24722.3,24720,700,24725,75,225,11216325
NIFTY-I.NFO,12/12/2024,09:47:47,24725,24720.55,25,24725,50,25,11216325
NIFTY-I.NFO,12/12/2024,09:47:49,24720.55,24720.35,50,24724.5,200,25,11216325
NIFTY-I.NFO,12/12/2024,09:47:50,24720.35,24720.1,25,24724.4,100,50,11216325
NIFTY-I.NFO,12/12/2024,09:47:52,24720,24720.05,25,24725,150,75,11216325
NIFTY-I.NFO,12/12/2024,09:47:54,24720.05,24720,700,24725,100,50,11216325
NIFTY-I.NFO,12/12/2024,09:47:55,24720,24720.05,50,24725,225,75,11216325
NIFTY-I.NFO,12/12/2024,09:47:57,24724.85,24720.05,50,24724.75,50,325,11216325
NIFTY-I.NFO,12/12/2024,09:47:59,24720,24719.25,100,24720,25,825,11216325
NIFTY-I.NFO,12/12/2024,09:48:00,24724.95,24721,25,24725,75,775,11216325
NIFTY-I.NFO,12/12/2024,09:48:02,24722.4,24721.45,100,24725,25,175,11216325
NIFTY-I.NFO,12/12/2024,09:48:04,24721.55,24721.65,25,24725,25,75,11216325
NIFTY-I.NFO,12/12/2024,09:48:05,24721.55,24721.5,25,24727,25,100,11216325
NIFTY-I.NFO,12/12/2024,09:48:07,24721.5,24721.5,175,24725,50,50,11216325
NIFTY-I.NFO,12/12/2024,09:48:09,24725,24721.55,25,24725,75,25,11216325
NIFTY-I.NFO,12/12/2024,09:48:10,24726.95,24721.65,25,24726.95,225,125,11216325
NIFTY-I.NFO,12/12/2024,09:48:12,24727,24721.7,325,24726.5,125,1650,11216325
NIFTY-I.NFO,12/12/2024,09:48:13,24727.35,24721.8,100,24727.4,125,1150,11216325
NIFTY-I.NFO,12/12/2024,09:48:15,24722.15,24722.1,25,24726.45,25,100,11216325
NIFTY-I.NFO,12/12/2024,09:48:17,24722.1,24722.1,100,24727.4,125,150,11216325
NIFTY-I.NFO,12/12/2024,09:48:18,24722.1,24722.1,75,24726.8,50,100,11216325
NIFTY-I.NFO,12/12/2024,09:48:20,24726.5,24722.2,25,24726.2,25,25,11216325
NIFTY-I.NFO,12/12/2024,09:48:22,24722.2,24722.2,325,24726.6,100,1125,11216325
NIFTY-I.NFO,12/12/2024,09:48:23,24726.5,24722.2,300,24726.65,100,75,11216325
NIFTY-I.NFO,12/12/2024,09:48:25,24722.25,24722.2,300,24726.25,100,125,11216325
NIFTY-I.NFO,12/12/2024,09:48:27,24722.2,24722.2,75,24724.95,100,575,11216325
NIFTY-I.NFO,12/12/2024,09:48:28,24722.25,24722.5,50,24724.95,125,25,11216325
NIFTY-I.NFO,12/12/2024,09:48:30,24722.25,24723,25,24724.95,125,0,11216325
NIFTY-I.NFO,12/12/2024,09:48:32,24724.95,24723.1,25,24724.95,125,25,11216325
NIFTY-I.NFO,12/12/2024,09:48:33,24723.1,24723.1,175,24724.7,100,50,11216325
NIFTY-I.NFO,12/12/2024,09:48:35,24724.7,24723.15,25,24724.8,125,175,11216325
NIFTY-I.NFO,12/12/2024,09:48:37,24723.05,24723.15,150,24724.95,125,325,11216325
NIFTY-I.NFO,12/12/2024,09:48:38,24724.35,24723.2,200,24724.75,150,25,11216325
NIFTY-I.NFO,12/12/2024,09:48:40,24724.35,24723.2,350,24724.3,25,0,11216325
NIFTY-I.NFO,12/12/2024,09:48:42,24724.05,24723.25,175,24724.8,100,250,11216325
NIFTY-I.NFO,12/12/2024,09:48:43,24723.2,24723.2,25,24724.55,125,225,11216325
NIFTY-I.NFO,12/12/2024,09:48:45,24723.05,24723.05,350,24724.95,225,300,11216325
NIFTY-I.NFO,12/12/2024,09:48:47,24723.1,24723.05,350,24724.45,100,100,11216325
NIFTY-I.NFO,12/12/2024,09:48:48,24723.15,24723.15,50,24724.95,100,375,11225675
NIFTY-I.NFO,12/12/2024,09:48:50,24723.2,24723.15,50,24724.3,100,200,11225675
NIFTY-I.NFO,12/12/2024,09:48:52,24723,24722,125,24724.3,225,400,11225675
NIFTY-I.NFO,12/12/2024,09:48:53,24724.05,24722.05,75,24723.85,175,50,11225675
NIFTY-I.NFO,12/12/2024,09:48:55,24721.2,24721.25,25,24721.95,25,300,11225675
NIFTY-I.NFO,12/12/2024,09:48:57,24721.2,24721.05,25,24721.95,125,125,11225675
NIFTY-I.NFO,12/12/2024,09:48:58,24720.05,24720,275,24721.3,175,300,11225675
NIFTY-I.NFO,12/12/2024,09:49:00,24720.45,24719.05,75,24720.45,75,425,11225675
NIFTY-I.NFO,12/12/2024,09:49:02,24719.1,24719.05,50,24721.5,75,75,11225675
NIFTY-I.NFO,12/12/2024,09:49:03,24718.6,24718.6,100,24721.95,100,550,11225675
NIFTY-I.NFO,12/12/2024,09:49:05,24721.25,24719.05,25,24721.25,75,150,11225675
NIFTY-I.NFO,12/12/2024,09:49:07,24721.25,24718.7,25,24721.15,175,150,11225675
NIFTY-I.NFO,12/12/2024,09:49:09,24720.85,24718.65,50,24720.8,75,250,11225675
NIFTY-I.NFO,12/12/2024,09:49:10,24718.6,24718.6,25,24720.8,25,225,11225675
NIFTY-I.NFO,12/12/2024,09:49:12,24718.65,24718.6,25,24720.8,75,75,11225675
NIFTY-I.NFO,12/12/2024,09:49:14,24720.85,24718.6,25,24720.75,25,125,11225675
NIFTY-I.NFO,12/12/2024,09:49:15,24720.85,24718.6,25,24720.75,25,0,11225675
NIFTY-I.NFO,12/12/2024,09:49:17,24720.85,24718.6,25,24720.7,100,0,11225675
NIFTY-I.NFO,12/12/2024,09:49:19,24720.7,24718,300,24720.7,125,325,11225675
NIFTY-I.NFO,12/12/2024,09:49:20,24718,24718,275,24718.05,50,50,11225675
NIFTY-I.NFO,12/12/2024,09:49:22,24717,24716.4,25,24718,125,925,11225675
NIFTY-I.NFO,12/12/2024,09:49:23,24716.2,24716.2,450,24717,50,125,11225675
NIFTY-I.NFO,12/12/2024,09:49:25,24716.15,24716.15,25,24716.95,25,475,11225675
NIFTY-I.NFO,12/12/2024,09:49:27,24716.4,24716.3,375,24716.95,25,450,11225675
NIFTY-I.NFO,12/12/2024,09:49:28,24716.3,24716.15,525,24718,25,200,11225675
NIFTY-I.NFO,12/12/2024,09:49:30,24716,24716,25,24720,300,150,11225675
NIFTY-I.NFO,12/12/2024,09:49:32,24716,24716,50,24717.95,25,0,11225675
NIFTY-I.NFO,12/12/2024,09:49:33,24717.95,24716,50,24720,200,25,11225675
NIFTY-I.NFO,12/12/2024,09:49:35,24720.8,24716.2,25,24720.85,725,1975,11225675
NIFTY-I.NFO,12/12/2024,09:49:37,24716.3,24716.3,1025,24720.85,725,400,11225675
NIFTY-I.NFO,12/12/2024,09:49:38,24720.85,24716.3,600,24720.85,700,150,11225675
NIFTY-I.NFO,12/12/2024,09:49:40,24716.35,24717,500,24720.85,675,50,11225675
NIFTY-I.NFO,12/12/2024,09:49:42,24725,24725,19750,24725.85,125,5350,11225675
NIFTY-I.NFO,12/12/2024,09:49:43,24725.05,24725.05,25,24726.1,125,200,11225675
NIFTY-I.NFO,12/12/2024,09:49:45,24725,24725,19300,24725.05,25,475,11225675
NIFTY-I.NFO,12/12/2024,09:49:47,24725,24725,19250,24726.15,25,75,11225675
NIFTY-I.NFO,12/12/2024,09:49:48,24725,24725,16825,24727.85,600,2750,11225675
NIFTY-I.NFO,12/12/2024,09:49:50,24725,24725,13225,24727.85,450,3750,11225675
NIFTY-I.NFO,12/12/2024,09:49:52,24725,24725,11425,24727.3,100,1825,11225675
NIFTY-I.NFO,12/12/2024,09:49:53,24725,24725,11325,24727.1,25,100,11225675
NIFTY-I.NFO,12/12/2024,09:49:55,24725,24725,10925,24727.3,100,475,11225675
NIFTY-I.NFO,12/12/2024,09:49:57,24725.05,24725,10925,24727.3,100,25,11225675
NIFTY-I.NFO,12/12/2024,09:49:58,24727.3,24725,10950,24727.3,100,25,11225675
NIFTY-I.NFO,12/12/2024,09:50:00,24727,24725,10925,24727.85,325,75,11225675
NIFTY-I.NFO,12/12/2024,09:50:02,24728,24725,7150,24727.95,125,4275,11225675
NIFTY-I.NFO,12/12/2024,09:50:03,24727.95,24727.3,125,24728,75,125,11225675
NIFTY-I.NFO,12/12/2024,09:50:05,24727.3,24727.3,50,24728.6,25,175,11225675
NIFTY-I.NFO,12/12/2024,09:50:06,24729,24727.35,25,24729,100,50,11225675
NIFTY-I.NFO,12/12/2024,09:50:10,24728.45,24725.2,25,24728,150,2025,11225675
NIFTY-I.NFO,12/12/2024,09:50:11,24728.45,24725.2,25,24727.45,225,0,11225675
NIFTY-I.NFO,12/12/2024,09:50:13,24727.45,24725.2,25,24727.4,225,25,11225675
NIFTY-I.NFO,12/12/2024,09:50:15,24727.25,24725.2,25,24727.2,100,125,11225675
NIFTY-I.NFO,12/12/2024,09:50:16,24727.25,24725.2,25,24727.2,100,0,11225675
NIFTY-I.NFO,12/12/2024,09:50:18,24727.8,24725.2,25,24727.85,250,125,11225675
NIFTY-I.NFO,12/12/2024,09:50:20,24725.2,24725,5325,24725.2,2850,175,11225675
NIFTY-I.NFO,12/12/2024,09:50:21,24725.2,24725,5325,24725.2,2650,200,11225675
NIFTY-I.NFO,12/12/2024,09:50:23,24725,24725,5325,24725.2,2650,25,11225675
NIFTY-I.NFO,12/12/2024,09:50:25,24725.2,24725,5300,24725.2,2500,175,11225675
NIFTY-I.NFO,12/12/2024,09:50:26,24725.2,24725,5300,24725.2,2425,75,11225675
NIFTY-I.NFO,12/12/2024,09:50:28,24725.2,24725,5250,24725.2,2200,275,11225675
NIFTY-I.NFO,12/12/2024,09:50:29,24727,24725,4050,24726.95,125,2275,11225675
NIFTY-I.NFO,12/12/2024,09:50:31,24726.5,24725.2,25,24726.5,350,50,11225675
NIFTY-I.NFO,12/12/2024,09:50:33,24727,24725.2,25,24727.5,350,125,11225675
NIFTY-I.NFO,12/12/2024,09:50:34,24725.2,24725,4075,24727.5,300,75,11225675
NIFTY-I.NFO,12/12/2024,09:50:36,24727.5,24725,4075,24727,175,25,11225675
NIFTY-I.NFO,12/12/2024,09:50:38,24725.2,24725,4075,24727,100,100,11225675
NIFTY-I.NFO,12/12/2024,09:50:39,24725,24725,4000,24727.85,200,225,11225675
NIFTY-I.NFO,12/12/2024,09:50:41,24727.5,24725,4075,24727.7,25,50,11225675
NIFTY-I.NFO,12/12/2024,09:50:43,24727.35,24725,3925,24727.85,100,225,11225675
NIFTY-I.NFO,12/12/2024,09:50:44,24727.5,24725.2,100,24727.5,300,150,11225675
NIFTY-I.NFO,12/12/2024,09:50:46,24727.5,24725.2,100,24727.5,300,0,11225675
NIFTY-I.NFO,12/12/2024,09:50:48,24725.2,24725.2,75,24727.5,275,50,11225675
NIFTY-I.NFO,12/12/2024,09:50:49,24725.2,24725.2,75,24727.5,300,0,11225675
NIFTY-I.NFO,12/12/2024,09:50:51,24725.2,24725,3950,24727.5,300,150,11225675
NIFTY-I.NFO,12/12/2024,09:50:53,24725,24725,3900,24727.5,200,50,11225675
NIFTY-I.NFO,12/12/2024,09:50:54,24727.5,24725.05,100,24727.5,175,75,11225675
NIFTY-I.NFO,12/12/2024,09:50:56,24725.05,24725,3850,24727.5,125,75,11225675
NIFTY-I.NFO,12/12/2024,09:50:58,24730,24725.2,25,24730,300,3725,11225675
NIFTY-I.NFO,12/12/2024,09:50:59,24730,24727,25,24730.4,150,0,11225675
NIFTY-I.NFO,12/12/2024,09:51:01,24730,24727,25,24730.5,300,25,11225675
NIFTY-I.NFO,12/12/2024,09:51:03,24730,24727,25,24730.5,300,25,11225675
NIFTY-I.NFO,12/12/2024,09:51:04,24730,24725.5,25,24730.5,175,200,11225675
NIFTY-I.NFO,12/12/2024,09:51:06,24730,24725.5,25,24730,400,0,11225675
NIFTY-I.NFO,12/12/2024,09:51:08,24730,24725.5,25,24730,325,0,11225675
NIFTY-I.NFO,12/12/2024,09:51:09,24729.5,24725.5,25,24730,425,50,11225675
NIFTY-I.NFO,12/12/2024,09:51:11,24729.5,24727,25,24730,425,0,11225675
NIFTY-I.NFO,12/12/2024,09:51:13,24730,24727,25,24730,375,50,11225675
NIFTY-I.NFO,12/12/2024,09:51:14,24730,24725.05,75,24730,50,325,11225675
NIFTY-I.NFO,12/12/2024,09:51:16,24730,24725.05,75,24729.5,600,0,11225675
NIFTY-I.NFO,12/12/2024,09:51:18,24729.5,24725.05,75,24729.5,525,75,11225675
NIFTY-I.NFO,12/12/2024,09:51:19,24729.5,24725.05,75,24729.5,350,425,11225675
NIFTY-I.NFO,12/12/2024,09:51:21,24729.15,24725.05,75,24729.2,150,550,11225675
NIFTY-I.NFO,12/12/2024,09:51:23,24729.4,24725,425,24729.25,275,225,11225675
NIFTY-I.NFO,12/12/2024,09:51:24,24725,24725,400,24728.65,225,200,11225675
NIFTY-I.NFO,12/12/2024,09:51:26,24725,24725,275,24727.75,75,125,11225675
NIFTY-I.NFO,12/12/2024,09:51:28,24725,24725,325,24727.25,50,25,11225675
NIFTY-I.NFO,12/12/2024,09:51:29,24727.9,24725,300,24727.45,50,225,11225675
NIFTY-I.NFO,12/12/2024,09:51:31,24725.05,24725,175,24727.8,75,250,11225675
NIFTY-I.NFO,12/12/2024,09:51:33,24725,24725,100,24727.65,75,75,11225675
NIFTY-I.NFO,12/12/2024,09:51:34,24727.75,24725,100,24728.65,25,225,11225675
NIFTY-I.NFO,12/12/2024,09:51:36,24727.15,24725,50,24727.15,100,100,11225675
NIFTY-I.NFO,12/12/2024,09:51:38,24726.65,24724,25,24727.15,175,100,11225675
NIFTY-I.NFO,12/12/2024,09:51:39,24727.15,24724,25,24727.15,150,25,11225675
NIFTY-I.NFO,12/12/2024,09:51:41,24723,24722.25,100,24725,100,50,11225675
NIFTY-I.NFO,12/12/2024,09:51:43,24725,24723.1,50,24725,75,25,11225675
NIFTY-I.NFO,12/12/2024,09:51:45,24722.05,24721.85,75,24725,25,450,11225675
NIFTY-I.NFO,12/12/2024,09:51:46,24727,24722.6,75,24727.65,50,175,11225675
NIFTY-I.NFO,12/12/2024,09:51:48,24727.65,24722.45,75,24727,25,150,11225675
NIFTY-I.NFO,12/12/2024,09:51:50,24722.45,24722.45,25,24727,25,50,11250350
