Ticker,Date,Time,LTP,BuyPrice,BuyQty,SellPrice,SellQty,LTQ,OpenInterest
BANKNIFTY-III.NFO,28/06/2024,09:16:22,53332,53400,60,53429.95,15,195,8430
BANKNIFTY-III.NFO,28/06/2024,09:16:22,53400,53400,60,53429.95,15,0,8430
BANKNIFTY-III.NFO,28/06/2024,09:16:22,53429.95,53400,60,53429.95,15,0,8430
BANKNIFTY-III.NFO,28/06/2024,09:16:22,53332,53400,60,53429.95,15,0,8430
BANKNIFTY-III.NFO,28/06/2024,09:17:45,53400,53400.05,60,53424.15,15,90,8430
BANKNIFTY-III.NFO,28/06/2024,09:17:45,53430,53400.05,60,53424.15,15,0,8430
BANKNIFTY-III.NFO,28/06/2024,09:18:14,53410.05,53410.05,60,53433.45,60,135,8655
BANKNIFTY-III.NFO,28/06/2024,09:18:16,53410.05,53410.05,60,53433.45,60,0,8655
BANKNIFTY-III.NFO,28/06/2024,09:18:19,53410.05,53410,30,53430.75,60,0,8655
BANKNIFTY-III.NFO,28/06/2024,09:18:21,53410,53408,15,53429.75,60,15,8655
BANKNIFTY-III.NFO,28/06/2024,09:18:22,53410,53408.05,60,53431.85,60,0,8655
BANKNIFTY-III.NFO,28/06/2024,09:18:24,53410,53408.05,60,53431.55,60,0,8655
BANKNIFTY-III.NFO,28/06/2024,09:18:26,53410,53408.05,60,53431.15,60,0,8655
BANKNIFTY-III.NFO,28/06/2024,09:18:27,53410,53408.05,60,53430.75,60,0,8655
BANKNIFTY-III.NFO,28/06/2024,09:18:29,53410,53405.05,60,53428.75,60,0,8655
BANKNIFTY-III.NFO,28/06/2024,09:18:31,53410,53405.05,60,53428.55,60,0,8655
BANKNIFTY-III.NFO,28/06/2024,09:18:32,53410,53405.05,60,53428.5,60,0,8655
BANKNIFTY-III.NFO,28/06/2024,09:18:34,53405.05,53405.05,45,53430.25,60,15,8655
BANKNIFTY-III.NFO,28/06/2024,09:18:35,53405.05,53405.05,45,53430.15,60,0,8655
BANKNIFTY-III.NFO,28/06/2024,09:18:37,53405.05,53405.05,45,53430.25,60,0,8655
BANKNIFTY-III.NFO,28/06/2024,09:18:44,53405.05,53405.05,45,53436.6,60,0,8655
BANKNIFTY-III.NFO,28/06/2024,09:18:52,53405.05,53405.05,45,53438.6,60,0,8655
BANKNIFTY-III.NFO,28/06/2024,09:19:08,53405.05,53405.05,45,53435.05,60,0,8655
BANKNIFTY-III.NFO,28/06/2024,09:19:09,53405.05,53405.05,45,53437.2,60,0,8655
BANKNIFTY-III.NFO,28/06/2024,09:19:11,53405.05,53405.05,45,53438.6,60,0,8655
BANKNIFTY-III.NFO,28/06/2024,09:20:12,53438.6,53405,30,53427.4,60,15,8655
BANKNIFTY-III.NFO,28/06/2024,09:20:12,53438.6,53405,30,53427.4,60,0,8655
BANKNIFTY-III.NFO,28/06/2024,09:21:15,53400,53400,105,53403.3,75,195,8745
BANKNIFTY-III.NFO,28/06/2024,09:21:17,53400,53400,90,53405.15,60,15,8745
BANKNIFTY-III.NFO,28/06/2024,09:21:18,53400,53381.55,15,53399.6,225,90,8745
BANKNIFTY-III.NFO,28/06/2024,09:21:20,53400,53380.05,30,53398.25,60,0,8745
BANKNIFTY-III.NFO,28/06/2024,09:21:22,53400,53380.05,15,53391.65,60,0,8745
BANKNIFTY-III.NFO,28/06/2024,09:21:23,53380.05,53380.05,15,53392.85,60,15,8745
BANKNIFTY-III.NFO,28/06/2024,09:21:25,53380.05,53380,120,53392.1,60,0,8745
BANKNIFTY-III.NFO,28/06/2024,09:21:27,53380.05,53380,135,53392.15,15,0,8745
BANKNIFTY-III.NFO,28/06/2024,09:21:28,53392.15,53380,135,53397.5,15,15,8745
BANKNIFTY-III.NFO,28/06/2024,09:21:30,53392.15,53380,135,53400,30,0,8745
BANKNIFTY-III.NFO,28/06/2024,09:21:32,53392.15,53380,135,53399.95,60,0,8745
BANKNIFTY-III.NFO,28/06/2024,09:21:33,53392.15,53380,135,53399.95,210,0,8745
BANKNIFTY-III.NFO,28/06/2024,09:21:35,53392.15,53380,135,53398.75,60,0,8745
BANKNIFTY-III.NFO,28/06/2024,09:21:38,53392.15,53380,120,53389.9,30,0,8745
BANKNIFTY-III.NFO,28/06/2024,09:22:00,53389.9,53380,135,53392,15,15,8745
BANKNIFTY-III.NFO,28/06/2024,09:22:01,53389.9,53380,135,53392,15,0,8745
BANKNIFTY-III.NFO,28/06/2024,09:22:08,53389.9,53380,135,53400,30,0,8745
BANKNIFTY-III.NFO,28/06/2024,09:22:10,53389.9,53380,135,53399.95,60,0,8745
BANKNIFTY-III.NFO,28/06/2024,09:22:13,53389.9,53380,135,53398.95,60,0,8745
BANKNIFTY-III.NFO,28/06/2024,09:22:16,53389.9,53380,135,53399,45,0,8745
BANKNIFTY-III.NFO,28/06/2024,09:22:18,53389.9,53380,135,53399,30,0,8745
BANKNIFTY-III.NFO,28/06/2024,09:22:19,53389.9,53380,135,53399,45,0,8745
BANKNIFTY-III.NFO,28/06/2024,09:22:21,53389.9,53382.7,30,53399,30,0,8745
BANKNIFTY-III.NFO,28/06/2024,09:22:23,53389.9,53384.7,15,53399,30,0,8745
BANKNIFTY-III.NFO,28/06/2024,09:22:28,53389.9,53386.05,15,53399,30,0,8745
BANKNIFTY-III.NFO,28/06/2024,09:22:29,53389.9,53387.85,15,53399,30,0,8745
BANKNIFTY-III.NFO,28/06/2024,09:22:34,53399,53387.85,15,53399,15,15,8745
BANKNIFTY-III.NFO,28/06/2024,09:22:36,53399,53390.85,15,53400,15,15,8745
BANKNIFTY-III.NFO,28/06/2024,09:22:38,53400,53394.55,15,53419.95,60,15,8745
BANKNIFTY-III.NFO,28/06/2024,09:22:39,53400,53394.55,15,53419.95,60,0,8745
BANKNIFTY-III.NFO,28/06/2024,09:22:56,53400,53399.45,75,53419.95,60,0,8745
BANKNIFTY-III.NFO,28/06/2024,09:22:58,53400,53402.4,15,53419.95,60,0,8745
BANKNIFTY-III.NFO,28/06/2024,09:23:01,53400,53403.2,15,53419.95,60,0,8745
BANKNIFTY-III.NFO,28/06/2024,09:23:04,53420,53407.5,75,53426.95,60,15,8745
BANKNIFTY-III.NFO,28/06/2024,09:23:06,53420,53407.5,15,53426.95,60,0,8745
BANKNIFTY-III.NFO,28/06/2024,09:23:08,53420,53408.8,15,53426.95,60,0,8745
BANKNIFTY-III.NFO,28/06/2024,09:23:09,53420,53411.5,60,53426.95,60,0,8745
BANKNIFTY-III.NFO,28/06/2024,09:23:11,53420,53411.05,15,53426.95,60,0,8745
BANKNIFTY-III.NFO,28/06/2024,09:23:14,53420,53413.15,15,53426.95,60,0,8745
BANKNIFTY-III.NFO,28/06/2024,09:23:16,53420,53414.85,15,53426.95,60,0,8745
BANKNIFTY-III.NFO,28/06/2024,09:23:22,53420,53414.85,15,53427,15,0,8745
BANKNIFTY-III.NFO,28/06/2024,09:23:24,53427,53414.85,15,53429.95,60,15,8745
BANKNIFTY-III.NFO,28/06/2024,09:23:26,53427,53414.85,15,53429.95,60,0,8745
BANKNIFTY-III.NFO,28/06/2024,09:23:27,53427,53414.85,15,53429.95,75,0,8745
BANKNIFTY-III.NFO,28/06/2024,09:23:31,53427,53408.8,15,53429.95,75,0,8745
BANKNIFTY-III.NFO,28/06/2024,09:23:42,53427,53409.55,15,53429.95,75,0,8745
BANKNIFTY-III.NFO,28/06/2024,09:23:54,53427,53409.55,15,53429.95,60,0,8745
BANKNIFTY-III.NFO,28/06/2024,09:23:55,53427,53409.55,15,53426.95,75,0,8745
BANKNIFTY-III.NFO,28/06/2024,09:23:57,53427,53410,15,53426.95,75,0,8745
BANKNIFTY-III.NFO,28/06/2024,09:23:59,53427,53410,15,53426.95,60,0,8745
BANKNIFTY-III.NFO,28/06/2024,09:24:00,53427,53410,15,53426.95,75,0,8745
BANKNIFTY-III.NFO,28/06/2024,09:24:02,53426.95,53410.05,30,53426.9,60,15,8745
BANKNIFTY-III.NFO,28/06/2024,09:24:04,53426.95,53410.05,15,53426.9,60,0,8745
BANKNIFTY-III.NFO,28/06/2024,09:24:07,53426.95,53410.1,15,53426.9,60,0,8745
BANKNIFTY-III.NFO,28/06/2024,09:24:09,53426.95,53410.05,15,53426.9,60,0,8745
BANKNIFTY-III.NFO,28/06/2024,09:24:10,53426.95,53410,15,53426.9,60,0,8745
BANKNIFTY-III.NFO,28/06/2024,09:24:12,53426.95,53410,30,53426.9,60,0,8745
BANKNIFTY-III.NFO,28/06/2024,09:24:13,53426.95,53410,15,53426.9,60,0,8745
BANKNIFTY-III.NFO,28/06/2024,09:25:06,53425.45,53410.05,15,53424.25,60,15,8910
BANKNIFTY-III.NFO,28/06/2024,09:25:15,53425.45,53410.05,45,53423.1,30,0,8910
BANKNIFTY-III.NFO,28/06/2024,09:25:17,53425.45,53420.05,45,53426,45,0,8910
BANKNIFTY-III.NFO,28/06/2024,09:25:18,53420.05,53420.05,30,53426,45,15,8910
BANKNIFTY-III.NFO,28/06/2024,09:25:20,53420.05,53420.05,30,53426,45,0,8910
BANKNIFTY-III.NFO,28/06/2024,09:25:22,53420.05,53420,15,53425.95,60,0,8910
BANKNIFTY-III.NFO,28/06/2024,09:25:23,53420.05,53420,15,53425.75,75,0,8910
BANKNIFTY-III.NFO,28/06/2024,09:25:25,53420,53404.55,15,53424.75,60,15,8910
BANKNIFTY-III.NFO,28/06/2024,09:25:27,53420,53400.05,30,53422.35,60,0,8910
BANKNIFTY-III.NFO,28/06/2024,09:25:28,53420,53400.05,30,53422.15,60,0,8910
BANKNIFTY-III.NFO,28/06/2024,09:25:30,53420,53400.05,30,53421.95,60,0,8910
BANKNIFTY-III.NFO,28/06/2024,09:25:32,53420,53400.05,15,53421.75,60,0,8910
BANKNIFTY-III.NFO,28/06/2024,09:25:33,53420,53400.05,30,53421.55,60,0,8910
BANKNIFTY-III.NFO,28/06/2024,09:25:35,53415.2,53400.05,30,53421.45,60,15,8910
BANKNIFTY-III.NFO,28/06/2024,09:25:36,53415.2,53400.05,30,53421.25,60,0,8910
BANKNIFTY-III.NFO,28/06/2024,09:25:38,53415.2,53400.05,30,53421.05,60,0,8910
BANKNIFTY-III.NFO,28/06/2024,09:25:40,53415.2,53400.05,30,53420.85,60,0,8910
BANKNIFTY-III.NFO,28/06/2024,09:25:41,53415.2,53400.05,30,53420.75,60,0,8910
BANKNIFTY-III.NFO,28/06/2024,09:25:43,53415.2,53400.05,30,53420.95,60,0,8910
BANKNIFTY-III.NFO,28/06/2024,09:25:45,53415.2,53400.05,30,53419.95,60,0,8910
BANKNIFTY-III.NFO,28/06/2024,09:25:53,53415.2,53400.05,30,53419.45,60,0,8910
BANKNIFTY-III.NFO,28/06/2024,09:25:56,53419.5,53400.1,60,53419.4,45,75,8910
BANKNIFTY-III.NFO,28/06/2024,09:25:58,53419.5,53400.1,60,53419.4,45,0,8910
BANKNIFTY-III.NFO,28/06/2024,09:26:01,53419.5,53400.1,60,53420,465,0,8910
BANKNIFTY-III.NFO,28/06/2024,09:26:03,53419.5,53401,60,53420,465,0,8910
BANKNIFTY-III.NFO,28/06/2024,09:26:05,53419.5,53401,60,53419.95,45,0,8910
BANKNIFTY-III.NFO,28/06/2024,09:26:08,53419.5,53401.5,60,53420,465,0,8910
BANKNIFTY-III.NFO,28/06/2024,09:26:10,53419.5,53406,60,53420,465,0,8910
BANKNIFTY-III.NFO,28/06/2024,09:26:11,53419.5,53407.2,60,53420,465,0,8910
BANKNIFTY-III.NFO,28/06/2024,09:26:13,53419.5,53404.05,60,53420,480,0,8910
BANKNIFTY-III.NFO,28/06/2024,09:26:15,53419.5,53404.05,60,53419.95,45,0,8910
BANKNIFTY-III.NFO,28/06/2024,09:26:25,53419.5,53404.1,60,53419.95,45,0,8910
BANKNIFTY-III.NFO,28/06/2024,09:26:28,53419.5,53404.1,60,53419.95,60,0,8910
BANKNIFTY-III.NFO,28/06/2024,09:26:39,53419.5,53404.1,60,53419.95,45,0,8910
BANKNIFTY-III.NFO,28/06/2024,09:26:41,53419.5,53404.05,15,53419.95,60,0,8910
BANKNIFTY-III.NFO,28/06/2024,09:26:43,53419.5,53404.1,60,53419.95,60,0,8910
BANKNIFTY-III.NFO,28/06/2024,09:26:46,53419.5,53404.05,15,53419.95,60,0,8910
BANKNIFTY-III.NFO,28/06/2024,09:26:52,53419.5,53401.5,60,53419.45,60,0,8910
BANKNIFTY-III.NFO,28/06/2024,09:26:56,53419.5,53401.5,60,53418.95,60,0,8910
BANKNIFTY-III.NFO,28/06/2024,09:26:57,53419.5,53401.5,60,53418.95,45,0,8910
BANKNIFTY-III.NFO,28/06/2024,09:26:59,53419.5,53401.5,60,53418.95,60,0,8910
BANKNIFTY-III.NFO,28/06/2024,09:27:01,53419.5,53401.5,60,53418.95,45,0,8910
BANKNIFTY-III.NFO,28/06/2024,09:27:02,53419.5,53401.5,60,53418.95,60,0,8910
BANKNIFTY-III.NFO,28/06/2024,09:27:10,53419.5,53401.5,60,53419.45,60,0,8910
BANKNIFTY-III.NFO,28/06/2024,09:27:12,53419.5,53401.45,15,53419.45,60,0,8910
BANKNIFTY-III.NFO,28/06/2024,09:27:15,53419.5,53400,75,53419.45,60,0,8910
BANKNIFTY-III.NFO,28/06/2024,09:27:19,53419.5,53400.05,60,53419.45,60,0,8910
BANKNIFTY-III.NFO,28/06/2024,09:27:22,53419.45,53400.05,60,53419.45,45,15,8955
BANKNIFTY-III.NFO,28/06/2024,09:27:24,53419.45,53400.05,60,53419.45,45,0,8955
BANKNIFTY-III.NFO,28/06/2024,09:27:25,53400.05,53400.05,60,53419.4,60,30,8955
BANKNIFTY-III.NFO,28/06/2024,09:27:27,53400.05,53400,75,53419.4,60,0,8955
BANKNIFTY-III.NFO,28/06/2024,09:27:29,53400,53400,30,53419.4,60,45,8955
BANKNIFTY-III.NFO,28/06/2024,09:27:30,53400,53400,30,53417.5,60,0,8955
BANKNIFTY-III.NFO,28/06/2024,09:27:32,53400,53390,15,53411.95,60,15,8955
BANKNIFTY-III.NFO,28/06/2024,09:27:34,53400,53390,30,53404,60,0,8955
BANKNIFTY-III.NFO,28/06/2024,09:27:37,53390,53388.05,60,53406.25,60,15,8955
BANKNIFTY-III.NFO,28/06/2024,09:27:39,53390,53388.05,60,53406.25,60,0,8955
BANKNIFTY-III.NFO,28/06/2024,09:27:45,53390,53388.05,60,53409.4,60,0,8955
BANKNIFTY-III.NFO,28/06/2024,09:27:49,53390,53388.05,60,53408.95,75,0,8955
BANKNIFTY-III.NFO,28/06/2024,09:27:57,53408.95,53388.05,60,53408.95,60,15,8955
BANKNIFTY-III.NFO,28/06/2024,09:27:59,53408.95,53388.05,60,53408.95,60,0,8955
BANKNIFTY-III.NFO,28/06/2024,09:28:04,53408.95,53386.05,60,53408.9,45,0,8955
BANKNIFTY-III.NFO,28/06/2024,09:28:06,53408.95,53386.05,60,53408.35,45,0,8955
BANKNIFTY-III.NFO,28/06/2024,09:28:12,53408.95,53386.05,60,53408.4,15,0,8955
BANKNIFTY-III.NFO,28/06/2024,09:28:15,53408.95,53386.05,60,53408.35,45,0,8955
BANKNIFTY-III.NFO,28/06/2024,09:28:19,53408.95,53386.05,60,53408.95,30,0,8955
BANKNIFTY-III.NFO,28/06/2024,09:28:22,53408.95,53389.1,60,53408.95,15,0,8955
BANKNIFTY-III.NFO,28/06/2024,09:28:24,53408.95,53389.1,60,53408.9,45,0,8955
BANKNIFTY-III.NFO,28/06/2024,09:28:25,53408.95,53387.65,60,53408.9,45,0,8955
BANKNIFTY-III.NFO,28/06/2024,09:28:29,53408.95,53381.1,60,53406.95,45,0,8955
BANKNIFTY-III.NFO,28/06/2024,09:28:30,53408.95,53381.1,60,53404.6,45,0,8955
BANKNIFTY-III.NFO,28/06/2024,09:28:44,53408.95,53381.1,60,53404.65,15,0,8955
BANKNIFTY-III.NFO,28/06/2024,09:28:45,53408.95,53381.1,60,53404.6,45,0,8955
BANKNIFTY-III.NFO,28/06/2024,09:29:00,53408.95,53380.6,60,53403.65,45,0,8955
BANKNIFTY-III.NFO,28/06/2024,09:29:08,53408.95,53378.55,60,53402.2,60,0,8955
BANKNIFTY-III.NFO,28/06/2024,09:29:10,53408.95,53376.55,60,53399.9,45,0,8955
BANKNIFTY-III.NFO,28/06/2024,09:29:16,53408.95,53378.5,60,53400.6,15,0,8955
BANKNIFTY-III.NFO,28/06/2024,09:29:19,53408.95,53378.8,60,53402.25,15,0,8955
BANKNIFTY-III.NFO,28/06/2024,09:29:21,53408.95,53379.45,60,53402.2,45,0,8955
BANKNIFTY-III.NFO,28/06/2024,09:29:31,53408.95,53376.55,60,53400.35,45,0,8955
BANKNIFTY-III.NFO,28/06/2024,09:29:49,53408.95,53376.55,60,53401.6,45,0,8955
BANKNIFTY-III.NFO,28/06/2024,09:29:50,53400,53376.55,60,53402.85,45,30,8955
BANKNIFTY-III.NFO,28/06/2024,09:29:52,53400,53376.55,60,53402.85,45,15,8955
BANKNIFTY-III.NFO,28/06/2024,09:29:54,53400,53376.55,60,53402.85,45,0,8955
BANKNIFTY-III.NFO,28/06/2024,09:30:00,53400,53376.5,15,53402.85,45,0,8955
BANKNIFTY-III.NFO,28/06/2024,09:30:02,53400,53375.05,60,53397,45,0,8955
BANKNIFTY-III.NFO,28/06/2024,09:30:03,53400,53375,135,53396.45,45,0,8955
BANKNIFTY-III.NFO,28/06/2024,09:30:05,53400,53375.05,60,53396.45,45,0,8955
BANKNIFTY-III.NFO,28/06/2024,09:30:07,53400,53375,135,53395.5,45,0,8955
BANKNIFTY-III.NFO,28/06/2024,09:30:09,53400,53375.05,60,53395.5,45,0,8955
BANKNIFTY-III.NFO,28/06/2024,09:30:17,53400,53375,120,53388.5,45,0,8955
BANKNIFTY-III.NFO,28/06/2024,09:30:19,53389.1,53367.5,15,53385.85,15,120,9075
BANKNIFTY-III.NFO,28/06/2024,09:30:21,53389.1,53367.5,15,53385.85,15,0,9075
BANKNIFTY-III.NFO,28/06/2024,09:30:22,53389.1,53367.55,60,53385.85,15,0,9075
BANKNIFTY-III.NFO,28/06/2024,09:30:24,53389.1,53366.05,60,53385.85,15,0,9075
BANKNIFTY-III.NFO,28/06/2024,09:30:26,53389.1,53366,60,53385.85,15,0,9075
BANKNIFTY-III.NFO,28/06/2024,09:30:27,53389.1,53367.4,60,53385.85,15,0,9075
BANKNIFTY-III.NFO,28/06/2024,09:30:29,53389.1,53369.7,60,53385.85,15,0,9075
BANKNIFTY-III.NFO,28/06/2024,09:30:31,53389.1,53370.15,15,53387.05,15,0,9075
BANKNIFTY-III.NFO,28/06/2024,09:30:32,53389.1,53366.05,60,53387.05,15,0,9075
BANKNIFTY-III.NFO,28/06/2024,09:30:34,53389.1,53364.05,60,53384.65,15,0,9075
BANKNIFTY-III.NFO,28/06/2024,09:30:39,53389.1,53364,15,53384.65,15,0,9075
BANKNIFTY-III.NFO,28/06/2024,09:30:41,53389.1,53361.15,60,53380.75,15,0,9075
BANKNIFTY-III.NFO,28/06/2024,09:30:42,53389.1,53364.2,60,53380,45,0,9075
BANKNIFTY-III.NFO,28/06/2024,09:30:44,53389.1,53367.25,60,53380,45,0,9075
BANKNIFTY-III.NFO,28/06/2024,09:30:46,53389.1,53365.3,60,53380,45,0,9075
BANKNIFTY-III.NFO,28/06/2024,09:30:47,53389.1,53365.6,60,53380,30,0,9075
BANKNIFTY-III.NFO,28/06/2024,09:30:49,53389.1,53365.6,60,53380,45,0,9075
BANKNIFTY-III.NFO,28/06/2024,09:30:50,53389.1,53364.15,60,53380,45,0,9075
BANKNIFTY-III.NFO,28/06/2024,09:30:52,53389.1,53361.15,60,53378.65,165,0,9075
BANKNIFTY-III.NFO,28/06/2024,09:30:54,53389.1,53357.15,60,53377.85,165,0,9075
BANKNIFTY-III.NFO,28/06/2024,09:30:55,53389.1,53350.05,60,53364.5,15,0,9075
BANKNIFTY-III.NFO,28/06/2024,09:30:57,53360,53350.05,60,53364.5,15,15,9075
BANKNIFTY-III.NFO,28/06/2024,09:30:59,53360,53350.05,75,53368.95,15,0,9075
BANKNIFTY-III.NFO,28/06/2024,09:31:00,53360,53350.05,75,53368.3,15,0,9075
BANKNIFTY-III.NFO,28/06/2024,09:31:02,53360,53350,45,53368.3,15,0,9075
BANKNIFTY-III.NFO,28/06/2024,09:31:04,53350,53337.15,60,53356.2,15,60,9075
BANKNIFTY-III.NFO,28/06/2024,09:31:05,53350,53336.95,60,53355.65,15,0,9075
BANKNIFTY-III.NFO,28/06/2024,09:31:07,53350,53331.65,60,53355.65,15,0,9075
BANKNIFTY-III.NFO,28/06/2024,09:31:09,53350,53343.6,60,53359.6,15,0,9075
BANKNIFTY-III.NFO,28/06/2024,09:31:10,53350,53345.95,60,53361.05,15,0,9075
BANKNIFTY-III.NFO,28/06/2024,09:31:12,53350,53349.8,60,53368.3,15,0,9075
BANKNIFTY-III.NFO,28/06/2024,09:31:17,53350,53350.2,60,53368.3,15,0,9075
BANKNIFTY-III.NFO,28/06/2024,09:31:18,53350,53357.7,60,53377.85,15,0,9075
BANKNIFTY-III.NFO,28/06/2024,09:31:20,53357.7,53362.55,60,53384.6,15,15,9075
BANKNIFTY-III.NFO,28/06/2024,09:31:22,53366.55,53366.55,60,53384.85,30,15,9075
BANKNIFTY-III.NFO,28/06/2024,09:31:23,53366.55,53352.2,60,53375.35,30,0,9075
BANKNIFTY-III.NFO,28/06/2024,09:31:25,53354.55,53353.25,60,53374.3,60,30,9075
BANKNIFTY-III.NFO,28/06/2024,09:31:27,53366.55,53352.2,60,53373.8,60,15,9075
BANKNIFTY-III.NFO,28/06/2024,09:31:28,53366.55,53353.1,60,53372.95,60,0,9075
BANKNIFTY-III.NFO,28/06/2024,09:31:30,53366.55,53353.25,60,53372.95,60,0,9075
BANKNIFTY-III.NFO,28/06/2024,09:31:32,53366.55,53355.75,60,53375.5,60,0,9075
BANKNIFTY-III.NFO,28/06/2024,09:31:33,53366.55,53353.1,60,53373.75,60,0,9075
BANKNIFTY-III.NFO,28/06/2024,09:31:37,53366.55,53354,60,53373.75,60,0,9075
BANKNIFTY-III.NFO,28/06/2024,09:31:38,53366.55,53354,60,53374.2,60,0,9075
BANKNIFTY-III.NFO,28/06/2024,09:31:40,53366.55,53352.2,60,53370.7,60,0,9075
BANKNIFTY-III.NFO,28/06/2024,09:31:42,53366.55,53350.7,60,53365.95,60,0,9075
BANKNIFTY-III.NFO,28/06/2024,09:31:43,53366.55,53356.3,60,53366,30,0,9075
BANKNIFTY-III.NFO,28/06/2024,09:31:45,53366.55,53350.7,60,53365.95,75,0,9075
BANKNIFTY-III.NFO,28/06/2024,09:31:47,53366.55,53350.05,60,53360,30,0,9075
BANKNIFTY-III.NFO,28/06/2024,09:31:48,53366.55,53351.55,60,53360,15,0,9075
BANKNIFTY-III.NFO,28/06/2024,09:31:50,53366.55,53353.45,60,53360,15,0,9075
BANKNIFTY-III.NFO,28/06/2024,09:31:52,53360,53356.9,60,53366,180,15,9075
BANKNIFTY-III.NFO,28/06/2024,09:31:53,53360,53356.9,60,53366,180,0,9075
BANKNIFTY-III.NFO,28/06/2024,09:31:55,53360,53358.05,60,53366,150,0,9075
BANKNIFTY-III.NFO,28/06/2024,09:31:57,53360,53356.4,60,53365,15,0,9075
BANKNIFTY-III.NFO,28/06/2024,09:31:58,53360,53358.5,60,53365,15,0,9075
BANKNIFTY-III.NFO,28/06/2024,09:32:00,53366,53362.7,60,53366,15,150,9075
BANKNIFTY-III.NFO,28/06/2024,09:32:02,53366,53362.7,60,53366,15,0,9075
BANKNIFTY-III.NFO,28/06/2024,09:32:03,53366,53360.6,60,53366,15,0,9075
BANKNIFTY-III.NFO,28/06/2024,09:32:05,53366,53358.5,60,53366,15,0,9075
BANKNIFTY-III.NFO,28/06/2024,09:32:07,53366,53353.45,60,53366,15,0,9075
BANKNIFTY-III.NFO,28/06/2024,09:32:08,53366,53350.1,60,53366,30,0,9075
BANKNIFTY-III.NFO,28/06/2024,09:32:12,53366,53350.1,60,53363.8,45,0,9075
BANKNIFTY-III.NFO,28/06/2024,09:32:15,53363.8,53350.1,60,53363.8,45,15,9075
BANKNIFTY-III.NFO,28/06/2024,09:32:16,53363.8,53350.1,60,53363.8,30,0,9075
BANKNIFTY-III.NFO,28/06/2024,09:32:25,53350.1,53353.55,45,53363.8,30,15,9075
BANKNIFTY-III.NFO,28/06/2024,09:32:26,53350.1,53363.4,45,53363.8,30,0,9075
BANKNIFTY-III.NFO,28/06/2024,09:32:28,53366,53367.15,45,53370,15,45,9075
BANKNIFTY-III.NFO,28/06/2024,09:32:30,53366,53355.95,60,53370,15,0,9075
BANKNIFTY-III.NFO,28/06/2024,09:32:31,53366,53355.95,60,53370,30,0,9075
BANKNIFTY-III.NFO,28/06/2024,09:32:33,53366,53355.95,60,53370,15,0,9075
BANKNIFTY-III.NFO,28/06/2024,09:32:35,53366,53356.4,45,53370,15,0,9075
BANKNIFTY-III.NFO,28/06/2024,09:32:36,53366,53359.2,45,53370,15,0,9075
BANKNIFTY-III.NFO,28/06/2024,09:32:38,53366,53360.5,45,53370,15,0,9075
BANKNIFTY-III.NFO,28/06/2024,09:32:40,53366,53359.2,60,53370,15,0,9075
BANKNIFTY-III.NFO,28/06/2024,09:32:41,53366,53359.9,45,53370,15,0,9075
BANKNIFTY-III.NFO,28/06/2024,09:32:43,53366,53357.5,45,53370,15,0,9075
BANKNIFTY-III.NFO,28/06/2024,09:32:45,53366,53358.9,45,53370,15,0,9075
BANKNIFTY-III.NFO,28/06/2024,09:32:46,53366,53359.6,45,53370,15,0,9075
BANKNIFTY-III.NFO,28/06/2024,09:32:48,53366,53358.8,45,53370,15,0,9075
BANKNIFTY-III.NFO,28/06/2024,09:32:50,53366,53357.35,45,53370,30,0,9075
BANKNIFTY-III.NFO,28/06/2024,09:32:53,53366,53359.2,45,53370,15,0,9075
BANKNIFTY-III.NFO,28/06/2024,09:32:55,53366,53356,45,53370,15,0,9075
BANKNIFTY-III.NFO,28/06/2024,09:32:56,53366,53356,45,53369.95,75,0,9075
BANKNIFTY-III.NFO,28/06/2024,09:33:00,53366,53356,45,53369.45,75,0,9075
BANKNIFTY-III.NFO,28/06/2024,09:33:01,53366,53356.1,45,53369.45,75,0,9075
BANKNIFTY-III.NFO,28/06/2024,09:33:03,53366,53358.15,15,53369.95,75,0,9075
BANKNIFTY-III.NFO,28/06/2024,09:33:05,53366,53354.45,15,53369.95,75,0,9075
BANKNIFTY-III.NFO,28/06/2024,09:33:06,53366,53350,15,53365.95,60,0,9075
BANKNIFTY-III.NFO,28/06/2024,09:33:08,53366,53350,15,53360.75,60,0,9075
BANKNIFTY-III.NFO,28/06/2024,09:33:10,53366,53350,15,53359.25,60,0,9075
BANKNIFTY-III.NFO,28/06/2024,09:33:11,53366,53350,15,53362.3,60,0,9075
BANKNIFTY-III.NFO,28/06/2024,09:33:13,53366,53350.4,45,53365.95,60,0,9075
BANKNIFTY-III.NFO,28/06/2024,09:33:15,53366,53350.05,45,53364.45,60,0,9075
BANKNIFTY-III.NFO,28/06/2024,09:33:16,53366,53350,15,53360.3,60,0,9075
BANKNIFTY-III.NFO,28/06/2024,09:33:18,53366,53350,30,53363.5,75,0,9075
BANKNIFTY-III.NFO,28/06/2024,09:33:20,53366,53350,15,53361.1,60,0,9075
BANKNIFTY-III.NFO,28/06/2024,09:33:21,53366,53350,15,53359.65,60,0,9075
BANKNIFTY-III.NFO,28/06/2024,09:33:24,53366,53350,15,53357.2,60,0,9075
BANKNIFTY-III.NFO,28/06/2024,09:33:26,53366,53350,15,53354.6,60,0,9075
BANKNIFTY-III.NFO,28/06/2024,09:33:28,53366,53350,15,53353.65,60,0,9075
BANKNIFTY-III.NFO,28/06/2024,09:33:29,53350,53332.55,45,53350.9,60,15,9090
BANKNIFTY-III.NFO,28/06/2024,09:33:31,53350,53327.2,45,53346.75,60,0,9090
BANKNIFTY-III.NFO,28/06/2024,09:33:33,53346.8,53330.45,45,53348.75,60,15,9090
BANKNIFTY-III.NFO,28/06/2024,09:33:34,53346.8,53335.05,45,53350.95,15,0,9090
BANKNIFTY-III.NFO,28/06/2024,09:33:36,53346.8,53335.8,45,53351.7,60,0,9090
BANKNIFTY-III.NFO,28/06/2024,09:33:38,53346.8,53328.95,45,53345.85,60,0,9090
BANKNIFTY-III.NFO,28/06/2024,09:33:39,53346.8,53327.2,45,53344.2,60,0,9090
BANKNIFTY-III.NFO,28/06/2024,09:33:43,53346.8,53329.7,45,53345.85,60,0,9090
BANKNIFTY-III.NFO,28/06/2024,09:33:44,53346.8,53328.35,45,53344.75,60,0,9090
BANKNIFTY-III.NFO,28/06/2024,09:33:49,53346.8,53328.8,60,53349.05,60,0,9090
BANKNIFTY-III.NFO,28/06/2024,09:33:51,53346.8,53331.7,45,53348.55,60,0,9090
BANKNIFTY-III.NFO,28/06/2024,09:33:53,53346.8,53331.25,45,53346.6,60,0,9090
BANKNIFTY-III.NFO,28/06/2024,09:33:56,53346.8,53328.85,45,53345.85,60,0,9090
BANKNIFTY-III.NFO,28/06/2024,09:33:58,53346.8,53328.85,45,53347.2,60,0,9090
BANKNIFTY-III.NFO,28/06/2024,09:33:59,53346.8,53332.35,45,53351.7,60,0,9090
BANKNIFTY-III.NFO,28/06/2024,09:34:01,53346.8,53335.7,60,53357.2,60,0,9090
BANKNIFTY-III.NFO,28/06/2024,09:34:02,53346.8,53342.7,45,53361.95,60,0,9090
BANKNIFTY-III.NFO,28/06/2024,09:34:04,53346.8,53345.55,45,53366.6,60,0,9090
BANKNIFTY-III.NFO,28/06/2024,09:34:06,53346.8,53351.4,45,53369.9,60,0,9090
BANKNIFTY-III.NFO,28/06/2024,09:34:07,53346.8,53345.55,45,53363,60,0,9090
BANKNIFTY-III.NFO,28/06/2024,09:34:09,53346.8,53342.7,45,53358.35,60,0,9090
BANKNIFTY-III.NFO,28/06/2024,09:34:11,53346.8,53335.75,45,53351.9,60,0,9090
BANKNIFTY-III.NFO,28/06/2024,09:34:14,53346.8,53335.8,45,53351.4,60,0,9090
BANKNIFTY-III.NFO,28/06/2024,09:34:16,53354.2,53336.95,60,53354.2,60,15,9090
BANKNIFTY-III.NFO,28/06/2024,09:34:17,53354.2,53337.45,60,53354.2,60,0,9090
BANKNIFTY-III.NFO,28/06/2024,09:34:19,53354.2,53339.4,60,53358.35,60,0,9090
BANKNIFTY-III.NFO,28/06/2024,09:34:21,53354.2,53340.2,60,53358.35,60,0,9090
BANKNIFTY-III.NFO,28/06/2024,09:34:22,53354.2,53342.15,60,53358.35,60,0,9090
BANKNIFTY-III.NFO,28/06/2024,09:34:25,53354.2,53344,15,53358.35,60,0,9090
BANKNIFTY-III.NFO,28/06/2024,09:34:27,53354.2,53344.05,60,53359.7,75,0,9090
BANKNIFTY-III.NFO,28/06/2024,09:34:30,53354.2,53344.05,60,53363,60,0,9090
BANKNIFTY-III.NFO,28/06/2024,09:34:32,53354.2,53347.25,60,53365.4,60,0,9090
BANKNIFTY-III.NFO,28/06/2024,09:34:34,53354.2,53350.05,60,53365.4,60,0,9090
BANKNIFTY-III.NFO,28/06/2024,09:34:35,53354.2,53350,15,53362.35,60,0,9090
BANKNIFTY-III.NFO,28/06/2024,09:34:37,53354.2,53355,15,53355.05,60,0,9090
BANKNIFTY-III.NFO,28/06/2024,09:34:38,53355,53350,15,53357.3,60,15,9090
BANKNIFTY-III.NFO,28/06/2024,09:34:40,53355,53350,15,53353.7,75,0,9090
BANKNIFTY-III.NFO,28/06/2024,09:34:41,53355,53350,15,53351.4,75,0,9090
BANKNIFTY-III.NFO,28/06/2024,09:34:43,53350,53329.6,60,53348.05,60,15,9090
BANKNIFTY-III.NFO,28/06/2024,09:34:45,53350,53331.15,60,53348.05,60,0,9090
BANKNIFTY-III.NFO,28/06/2024,09:34:46,53350,53332.65,60,53348.05,60,0,9090
BANKNIFTY-III.NFO,28/06/2024,09:34:48,53350,53334.4,60,53353.85,60,0,9090
BANKNIFTY-III.NFO,28/06/2024,09:34:49,53350,53334.4,60,53349.9,60,0,9090
BANKNIFTY-III.NFO,28/06/2024,09:34:51,53350,53334.4,60,53349.25,60,0,9090
BANKNIFTY-III.NFO,28/06/2024,09:34:56,53350,53334.4,60,53350.95,60,0,9090
BANKNIFTY-III.NFO,28/06/2024,09:34:57,53350,53335.55,60,53353.7,60,0,9090
BANKNIFTY-III.NFO,28/06/2024,09:34:59,53350,53335.55,60,53352.4,60,0,9090
BANKNIFTY-III.NFO,28/06/2024,09:35:01,53350,53339.3,60,53354.15,60,0,9090
BANKNIFTY-III.NFO,28/06/2024,09:35:04,53350,53335.55,60,53353.85,60,0,9090
BANKNIFTY-III.NFO,28/06/2024,09:35:05,53350,53335.55,60,53350.45,60,0,9090
BANKNIFTY-III.NFO,28/06/2024,09:35:08,53350,53336.25,60,53354.1,60,0,9090
BANKNIFTY-III.NFO,28/06/2024,09:35:10,53350,53338.15,60,53354.15,75,0,9090
BANKNIFTY-III.NFO,28/06/2024,09:35:15,53350,53338.75,60,53354.2,15,0,9090
BANKNIFTY-III.NFO,28/06/2024,09:35:16,53350,53354.15,15,53354.2,15,0,9090
BANKNIFTY-III.NFO,28/06/2024,09:35:18,53354.15,53341.1,60,53354.15,60,15,9090
BANKNIFTY-III.NFO,28/06/2024,09:35:20,53354.15,53338.75,60,53354.15,60,0,9090
BANKNIFTY-III.NFO,28/06/2024,09:35:21,53354.15,53336.85,60,53353.1,45,0,9090
BANKNIFTY-III.NFO,28/06/2024,09:35:23,53354.15,53335.55,60,53351.35,45,0,9090
BANKNIFTY-III.NFO,28/06/2024,09:35:25,53354.15,53332.3,60,53348.85,45,0,9090
BANKNIFTY-III.NFO,28/06/2024,09:35:26,53354.15,53334.8,60,53349.75,45,0,9090
BANKNIFTY-III.NFO,28/06/2024,09:35:30,53354.15,53332.3,60,53349.75,45,0,9090
BANKNIFTY-III.NFO,28/06/2024,09:35:31,53354.15,53332.55,60,53349.75,45,0,9090
BANKNIFTY-III.NFO,28/06/2024,09:35:33,53354.15,53333.8,60,53349.75,45,0,9090
BANKNIFTY-III.NFO,28/06/2024,09:35:35,53354.15,53327.85,60,53345.9,45,0,9090
BANKNIFTY-III.NFO,28/06/2024,09:35:36,53354.15,53330.75,60,53348.7,15,0,9090
BANKNIFTY-III.NFO,28/06/2024,09:35:38,53354.15,53337.85,60,53353.1,45,0,9090
BANKNIFTY-III.NFO,28/06/2024,09:35:40,53354.15,53340.7,60,53354.15,60,0,9090
BANKNIFTY-III.NFO,28/06/2024,09:35:41,53354.15,53344.15,60,53354.2,15,0,9090
BANKNIFTY-III.NFO,28/06/2024,09:35:43,53354.15,53345.45,60,53354.2,15,0,9090
BANKNIFTY-III.NFO,28/06/2024,09:35:45,53354.15,53349.9,60,53354.2,15,0,9090
BANKNIFTY-III.NFO,28/06/2024,09:35:46,53354.15,53349.95,60,53354.2,15,0,9090
BANKNIFTY-III.NFO,28/06/2024,09:35:48,53354.2,53352.65,60,53369.95,60,15,9090
BANKNIFTY-III.NFO,28/06/2024,09:35:50,53354.2,53355.2,60,53369.95,45,0,9090
BANKNIFTY-III.NFO,28/06/2024,09:35:51,53354.2,53360.35,60,53370,15,0,9090
BANKNIFTY-III.NFO,28/06/2024,09:35:53,53354.2,53360.3,15,53369.95,45,0,9090
BANKNIFTY-III.NFO,28/06/2024,09:35:55,53354.2,53351.05,60,53366.85,45,0,9090
BANKNIFTY-III.NFO,28/06/2024,09:35:56,53354.2,53353.45,60,53369.2,45,0,9090
BANKNIFTY-III.NFO,28/06/2024,09:35:58,53354.2,53354.5,60,53369.95,60,0,9090
BANKNIFTY-III.NFO,28/06/2024,09:36:00,53354.2,53351.05,60,53369.95,60,0,9090
BANKNIFTY-III.NFO,28/06/2024,09:36:01,53367.75,53346.1,60,53363,45,30,9090
BANKNIFTY-III.NFO,28/06/2024,09:36:03,53367.75,53343.3,60,53361,45,0,9090
BANKNIFTY-III.NFO,28/06/2024,09:36:05,53367.75,53338.55,60,53355.6,45,0,9090
BANKNIFTY-III.NFO,28/06/2024,09:36:06,53367.75,53339.4,60,53355.6,45,0,9090
BANKNIFTY-III.NFO,28/06/2024,09:36:08,53367.75,53347,75,53361.65,45,0,9090
BANKNIFTY-III.NFO,28/06/2024,09:36:10,53367.75,53350.95,60,53367.2,45,0,9090
BANKNIFTY-III.NFO,28/06/2024,09:36:11,53367.75,53348.15,60,53367.2,45,0,9090
BANKNIFTY-III.NFO,28/06/2024,09:36:13,53367.75,53350.65,60,53360,30,0,9090
BANKNIFTY-III.NFO,28/06/2024,09:36:16,53367.75,53351.5,60,53360,30,0,9090
BANKNIFTY-III.NFO,28/06/2024,09:36:18,53367.75,53353.8,60,53360,30,0,9090
BANKNIFTY-III.NFO,28/06/2024,09:36:19,53360,53359.05,60,53370,15,30,9150
BANKNIFTY-III.NFO,28/06/2024,09:36:21,53360,53355.55,60,53369.95,45,0,9150
BANKNIFTY-III.NFO,28/06/2024,09:36:23,53360,53364.15,60,53370,15,0,9150
BANKNIFTY-III.NFO,28/06/2024,09:36:24,53360,53362.35,75,53370,15,0,9150
BANKNIFTY-III.NFO,28/06/2024,09:36:26,53360,53361.1,60,53370,15,0,9150
BANKNIFTY-III.NFO,28/06/2024,09:36:28,53360,53358.95,60,53370,15,0,9150
BANKNIFTY-III.NFO,28/06/2024,09:36:31,53360,53360.25,75,53370,15,0,9150
BANKNIFTY-III.NFO,28/06/2024,09:36:33,53360,53361.35,60,53370,15,0,9150
BANKNIFTY-III.NFO,28/06/2024,09:36:35,53360,53358.95,60,53370,15,0,9150
BANKNIFTY-III.NFO,28/06/2024,09:36:36,53360,53359,60,53370,15,0,9150
BANKNIFTY-III.NFO,28/06/2024,09:36:38,53360,53354.5,60,53369.95,60,0,9150
BANKNIFTY-III.NFO,28/06/2024,09:36:41,53360,53356.75,60,53370,15,0,9150
BANKNIFTY-III.NFO,28/06/2024,09:36:43,53360,53361.65,60,53370,15,0,9150
BANKNIFTY-III.NFO,28/06/2024,09:36:46,53360,53357.9,60,53369.95,45,0,9150
BANKNIFTY-III.NFO,28/06/2024,09:36:53,53360,53357.4,60,53369.95,45,0,9150
BANKNIFTY-III.NFO,28/06/2024,09:36:56,53360,53357.35,15,53369.95,60,0,9150
BANKNIFTY-III.NFO,28/06/2024,09:36:58,53360,53352.9,60,53369.95,60,0,9150
BANKNIFTY-III.NFO,28/06/2024,09:37:00,53360,53351.5,60,53368.45,45,0,9150
BANKNIFTY-III.NFO,28/06/2024,09:37:01,53369.95,53355,60,53369.95,30,15,9150
BANKNIFTY-III.NFO,28/06/2024,09:37:03,53369.95,53356.85,60,53369.95,30,0,9150
BANKNIFTY-III.NFO,28/06/2024,09:37:05,53369.95,53357.3,15,53369.95,30,0,9150
BANKNIFTY-III.NFO,28/06/2024,09:37:06,53369.95,53354.9,15,53369.95,45,0,9150
BANKNIFTY-III.NFO,28/06/2024,09:37:08,53369.95,53351.5,60,53368.85,30,0,9150
BANKNIFTY-III.NFO,28/06/2024,09:37:10,53369.95,53353.4,60,53368.85,30,0,9150
BANKNIFTY-III.NFO,28/06/2024,09:37:16,53369.95,53356.9,60,53370,30,0,9150
BANKNIFTY-III.NFO,28/06/2024,09:37:18,53369.95,53360.15,60,53370,15,0,9150
BANKNIFTY-III.NFO,28/06/2024,09:37:19,53369.95,53357.9,15,53369.95,45,0,9150
BANKNIFTY-III.NFO,28/06/2024,09:37:21,53369.95,53357.95,60,53369.95,30,0,9150
BANKNIFTY-III.NFO,28/06/2024,09:37:23,53369.95,53363.55,60,53370,15,0,9150
BANKNIFTY-III.NFO,28/06/2024,09:37:24,53370,53367.25,60,53392.45,30,15,9150
BANKNIFTY-III.NFO,28/06/2024,09:37:26,53370,53376.75,60,53396.35,30,0,9150
BANKNIFTY-III.NFO,28/06/2024,09:37:28,53370,53379.9,60,53397.3,30,0,9150
BANKNIFTY-III.NFO,28/06/2024,09:37:29,53370,53383.2,60,53399.95,45,0,9150
BANKNIFTY-III.NFO,28/06/2024,09:37:34,53370,53386.45,60,53399.95,30,0,9150
BANKNIFTY-III.NFO,28/06/2024,09:37:36,53370,53396.85,60,53400,30,0,9150
BANKNIFTY-III.NFO,28/06/2024,09:37:38,53400,53400.45,60,53408.95,15,30,9150
BANKNIFTY-III.NFO,28/06/2024,09:37:39,53400,53398.15,60,53408.9,30,0,9150
BANKNIFTY-III.NFO,28/06/2024,09:37:41,53400,53398.15,60,53408.95,15,0,9150
BANKNIFTY-III.NFO,28/06/2024,09:37:42,53400,53404.15,75,53408.95,15,0,9150
BANKNIFTY-III.NFO,28/06/2024,09:37:44,53409.9,53404.15,75,53409.9,15,30,9150
BANKNIFTY-III.NFO,28/06/2024,09:37:46,53409.9,53400.9,60,53409.9,15,0,9150
BANKNIFTY-III.NFO,28/06/2024,09:37:49,53409.9,53398.6,75,53409.9,15,0,9150
BANKNIFTY-III.NFO,28/06/2024,09:37:51,53409.9,53401.65,60,53409.9,15,0,9150
BANKNIFTY-III.NFO,28/06/2024,09:37:54,53409.9,53398.65,60,53409.9,15,0,9150
BANKNIFTY-III.NFO,28/06/2024,09:37:56,53409.9,53395.7,60,53409.9,30,0,9150
BANKNIFTY-III.NFO,28/06/2024,09:37:57,53409.9,53397.85,60,53409.9,15,0,9150
BANKNIFTY-III.NFO,28/06/2024,09:37:59,53409.9,53399.7,60,53409.9,15,0,9150
BANKNIFTY-III.NFO,28/06/2024,09:38:01,53409.9,53404.6,60,53409.9,15,0,9150
BANKNIFTY-III.NFO,28/06/2024,09:38:02,53409.9,53397.85,60,53409.9,15,0,9150
BANKNIFTY-III.NFO,28/06/2024,09:38:04,53409.9,53399.7,60,53409.9,15,0,9150
BANKNIFTY-III.NFO,28/06/2024,09:38:07,53409.9,53395.7,60,53409.85,45,0,9150
BANKNIFTY-III.NFO,28/06/2024,09:38:09,53409.9,53391.2,15,53408.05,30,0,9150
BANKNIFTY-III.NFO,28/06/2024,09:38:11,53409.9,53400,15,53407.1,30,0,9150
BANKNIFTY-III.NFO,28/06/2024,09:38:12,53409.9,53400,15,53408.6,30,0,9150
BANKNIFTY-III.NFO,28/06/2024,09:38:14,53409.9,53400,15,53408.05,30,0,9150
BANKNIFTY-III.NFO,28/06/2024,09:38:17,53409.9,53391.2,15,53406.65,30,0,9150
BANKNIFTY-III.NFO,28/06/2024,09:38:19,53409.9,53385.85,15,53404.2,30,0,9150
BANKNIFTY-III.NFO,28/06/2024,09:38:21,53409.9,53382.05,60,53401.25,30,0,9150
BANKNIFTY-III.NFO,28/06/2024,09:38:34,53409.9,53379.9,60,53399.05,30,0,9150
BANKNIFTY-III.NFO,28/06/2024,09:38:35,53409.9,53381.65,60,53399.8,30,0,9150
BANKNIFTY-III.NFO,28/06/2024,09:38:40,53381.65,53381.65,60,53399.8,45,15,9150
BANKNIFTY-III.NFO,28/06/2024,09:38:42,53381.65,53382.2,60,53400.45,45,0,9150
BANKNIFTY-III.NFO,28/06/2024,09:38:44,53381.65,53389.4,60,53408.05,45,0,9150
BANKNIFTY-III.NFO,28/06/2024,09:38:45,53381.65,53390.05,60,53409.8,45,0,9150
BANKNIFTY-III.NFO,28/06/2024,09:38:47,53381.65,53391.85,60,53409.85,60,0,9150
BANKNIFTY-III.NFO,28/06/2024,09:38:49,53391.85,53391.85,60,53409.85,75,15,9150
BANKNIFTY-III.NFO,28/06/2024,09:38:50,53391.85,53393.45,60,53409.85,60,0,9150
BANKNIFTY-III.NFO,28/06/2024,09:38:52,53410.4,53394.85,60,53412.85,60,60,9150
BANKNIFTY-III.NFO,28/06/2024,09:38:53,53410.4,53400.8,60,53416.85,60,0,9150
BANKNIFTY-III.NFO,28/06/2024,09:38:55,53410.4,53404.1,60,53419.95,75,0,9150
BANKNIFTY-III.NFO,28/06/2024,09:38:58,53404.1,53404.1,30,53419.95,75,30,9150
BANKNIFTY-III.NFO,28/06/2024,09:39:00,53404.1,53404.1,30,53419.95,75,0,9150
BANKNIFTY-III.NFO,28/06/2024,09:39:03,53404.1,53405.55,30,53419.95,75,0,9150
BANKNIFTY-III.NFO,28/06/2024,09:39:05,53404.1,53406.2,30,53419.95,75,0,9150
BANKNIFTY-III.NFO,28/06/2024,09:39:06,53404.1,53401.9,30,53410,15,0,9150
BANKNIFTY-III.NFO,28/06/2024,09:39:08,53404.1,53400.2,30,53410,15,0,9150
BANKNIFTY-III.NFO,28/06/2024,09:39:10,53404.1,53402.75,45,53410,15,0,9150
BANKNIFTY-III.NFO,28/06/2024,09:39:11,53404.1,53400.2,30,53410,15,0,9150
BANKNIFTY-III.NFO,28/06/2024,09:39:13,53404.1,53398.5,30,53409.95,60,0,9150
BANKNIFTY-III.NFO,28/06/2024,09:39:15,53404.1,53395.6,30,53409.95,75,0,9150
BANKNIFTY-III.NFO,28/06/2024,09:39:17,53404.1,53392.6,15,53409.95,75,0,9150
BANKNIFTY-III.NFO,28/06/2024,09:39:18,53404.1,53390.65,15,53406.95,60,0,9150
BANKNIFTY-III.NFO,28/06/2024,09:39:21,53404.1,53390.7,30,53409.9,60,0,9150
BANKNIFTY-III.NFO,28/06/2024,09:39:26,53404.1,53392.5,30,53409.95,60,0,9150
BANKNIFTY-III.NFO,28/06/2024,09:39:28,53404.1,53395.15,30,53409.95,75,0,9150
BANKNIFTY-III.NFO,28/06/2024,09:39:30,53404.1,53398.4,30,53409.95,60,0,9150
BANKNIFTY-III.NFO,28/06/2024,09:39:31,53404.1,53399.15,30,53410,15,0,9150
BANKNIFTY-III.NFO,28/06/2024,09:39:33,53404.1,53403.95,45,53410,15,15,9270
BANKNIFTY-III.NFO,28/06/2024,09:39:35,53404.1,53401.15,45,53410,15,0,9270
BANKNIFTY-III.NFO,28/06/2024,09:39:36,53404.1,53401.3,45,53410,15,0,9270
BANKNIFTY-III.NFO,28/06/2024,09:39:38,53404.1,53399.05,45,53410,15,0,9270
BANKNIFTY-III.NFO,28/06/2024,09:39:39,53404.1,53404.1,30,53410,15,0,9270
BANKNIFTY-III.NFO,28/06/2024,09:39:41,53404.1,53404.1,30,53409.95,75,0,9270
BANKNIFTY-III.NFO,28/06/2024,09:39:43,53404.1,53404.1,30,53409.95,60,0,9270
BANKNIFTY-III.NFO,28/06/2024,09:39:44,53404.1,53404.15,30,53410,15,0,9270
BANKNIFTY-III.NFO,28/06/2024,09:39:46,53404.1,53404.1,30,53410,15,0,9270
BANKNIFTY-III.NFO,28/06/2024,09:39:49,53404.1,53404.15,30,53410,15,0,9270
BANKNIFTY-III.NFO,28/06/2024,09:39:51,53404.1,53404.1,30,53410,15,0,9270
BANKNIFTY-III.NFO,28/06/2024,09:39:52,53404.1,53404.15,30,53410,15,0,9270
BANKNIFTY-III.NFO,28/06/2024,09:39:56,53404.1,53404.1,30,53410,15,0,9270
BANKNIFTY-III.NFO,28/06/2024,09:39:57,53404.1,53404.15,45,53410,15,0,9270
BANKNIFTY-III.NFO,28/06/2024,09:39:59,53404.1,53404.15,30,53410,15,0,9270
BANKNIFTY-III.NFO,28/06/2024,09:40:01,53404.1,53404.1,30,53410,15,0,9270
BANKNIFTY-III.NFO,28/06/2024,09:40:02,53404.1,53404.15,30,53410,15,0,9270
BANKNIFTY-III.NFO,28/06/2024,09:40:04,53404.1,53404.15,45,53410,15,0,9270
BANKNIFTY-III.NFO,28/06/2024,09:40:09,53404.1,53404.15,30,53410,15,0,9270
BANKNIFTY-III.NFO,28/06/2024,09:40:16,53404.1,53404.15,45,53410,15,0,9270
BANKNIFTY-III.NFO,28/06/2024,09:40:18,53404.1,53404.15,30,53410,15,0,9270
BANKNIFTY-III.NFO,28/06/2024,09:40:19,53410,53404.15,15,53418.95,60,15,9270
BANKNIFTY-III.NFO,28/06/2024,09:40:21,53410,53404.2,30,53419.95,75,0,9270
BANKNIFTY-III.NFO,28/06/2024,09:40:24,53410,53404.2,30,53419.95,60,0,9270
BANKNIFTY-III.NFO,28/06/2024,09:40:26,53410,53408.6,30,53420,1050,0,9270
BANKNIFTY-III.NFO,28/06/2024,09:40:28,53410,53415.4,15,53420,1050,0,9270
BANKNIFTY-III.NFO,28/06/2024,09:40:29,53420,53419.85,30,53420,870,180,9270
BANKNIFTY-III.NFO,28/06/2024,09:40:31,53426,53421.05,45,53430.25,15,915,9270
BANKNIFTY-III.NFO,28/06/2024,09:40:33,53426,53421.05,15,53430.25,15,0,9270
BANKNIFTY-III.NFO,28/06/2024,09:40:34,53434,53416.15,15,53434,15,30,9270
BANKNIFTY-III.NFO,28/06/2024,09:40:36,53434,53416.35,15,53442.95,15,0,9270
BANKNIFTY-III.NFO,28/06/2024,09:40:38,53434,53430.1,75,53450,30,0,9270
BANKNIFTY-III.NFO,28/06/2024,09:40:41,53434,53430.2,75,53450,30,0,9270
BANKNIFTY-III.NFO,28/06/2024,09:40:43,53434,53432.7,15,53450,30,0,9270
BANKNIFTY-III.NFO,28/06/2024,09:40:46,53451,53434.05,75,53452.5,15,30,9270
BANKNIFTY-III.NFO,28/06/2024,09:40:46,53451,53434.05,75,53452.5,15,0,9270
BANKNIFTY-III.NFO,28/06/2024,09:40:48,53451,53434.2,15,53453,30,0,9270
BANKNIFTY-III.NFO,28/06/2024,09:40:49,53451,53434.15,75,53453,30,0,9270
BANKNIFTY-III.NFO,28/06/2024,09:40:51,53449.85,53434,45,53451.55,15,15,9270
BANKNIFTY-III.NFO,28/06/2024,09:40:53,53449.85,53434,45,53451.55,15,0,9270
BANKNIFTY-III.NFO,28/06/2024,09:40:55,53453,53434.2,75,53456,15,15,9270
BANKNIFTY-III.NFO,28/06/2024,09:40:55,53453,53434.2,75,53456,15,0,9270
BANKNIFTY-III.NFO,28/06/2024,09:40:56,53453,53436.3,30,53458.5,15,0,9270
BANKNIFTY-III.NFO,28/06/2024,09:40:58,53453,53449.25,15,53458.1,75,0,9270
BANKNIFTY-III.NFO,28/06/2024,09:41:00,53453,53454.35,15,53459,15,0,9270
BANKNIFTY-III.NFO,28/06/2024,09:41:01,53453,53450.95,15,53458.95,75,0,9270
BANKNIFTY-III.NFO,28/06/2024,09:41:03,53453,53443.65,15,53449.15,150,0,9270
BANKNIFTY-III.NFO,28/06/2024,09:41:05,53453,53440.7,15,53449.6,60,0,9270
BANKNIFTY-III.NFO,28/06/2024,09:41:06,53449.6,53440.75,45,53453.55,60,30,9270
BANKNIFTY-III.NFO,28/06/2024,09:41:08,53449.6,53449.4,30,53458.95,60,0,9270
BANKNIFTY-III.NFO,28/06/2024,09:41:10,53449.6,53454,15,53458.5,60,0,9270
BANKNIFTY-III.NFO,28/06/2024,09:41:11,53449.6,53457.9,15,53459,15,0,9270
BANKNIFTY-III.NFO,28/06/2024,09:41:13,53459,53447.2,15,53457.85,60,15,9270
BANKNIFTY-III.NFO,28/06/2024,09:41:13,53459,53447.2,15,53457.85,60,0,9270
BANKNIFTY-III.NFO,28/06/2024,09:41:15,53459,53449.5,45,53461.95,60,0,9270
BANKNIFTY-III.NFO,28/06/2024,09:41:16,53459,53449.45,30,53461.95,75,0,9270
BANKNIFTY-III.NFO,28/06/2024,09:41:18,53459,53451.6,15,53461.95,75,0,9270
BANKNIFTY-III.NFO,28/06/2024,09:41:20,53459,53452.65,15,53459.9,75,0,9270
BANKNIFTY-III.NFO,28/06/2024,09:41:21,53459,53452.75,15,53459,60,0,9270
BANKNIFTY-III.NFO,28/06/2024,09:41:23,53459,53452.6,15,53457.4,60,0,9270
BANKNIFTY-III.NFO,28/06/2024,09:41:25,53459,53452.1,15,53457.95,60,0,9270
BANKNIFTY-III.NFO,28/06/2024,09:41:26,53459,53455.8,15,53459.95,60,0,9270
BANKNIFTY-III.NFO,28/06/2024,09:41:28,53447.95,53439.5,30,53456.75,60,45,9270
BANKNIFTY-III.NFO,28/06/2024,09:41:30,53447.95,53440.2,30,53459,30,0,9270
BANKNIFTY-III.NFO,28/06/2024,09:41:31,53447.95,53441.2,30,53458.95,60,0,9270
BANKNIFTY-III.NFO,28/06/2024,09:41:33,53447.95,53445.7,30,53459,30,0,9270
BANKNIFTY-III.NFO,28/06/2024,09:41:34,53447.95,53443.55,30,53459,30,0,9270
BANKNIFTY-III.NFO,28/06/2024,09:41:36,53447.95,53443.25,30,53458.95,60,0,9270
BANKNIFTY-III.NFO,28/06/2024,09:41:38,53447.95,53448,45,53458.95,60,0,9270
BANKNIFTY-III.NFO,28/06/2024,09:41:39,53447.95,53447.95,15,53458.8,60,0,9270
BANKNIFTY-III.NFO,28/06/2024,09:41:41,53447.95,53448,45,53458.95,60,0,9270
BANKNIFTY-III.NFO,28/06/2024,09:41:42,53459,53448,45,53460,60,15,9270
BANKNIFTY-III.NFO,28/06/2024,09:41:44,53459,53448,30,53459.95,60,0,9270
BANKNIFTY-III.NFO,28/06/2024,09:41:46,53459,53447.95,15,53458.95,60,0,9270
BANKNIFTY-III.NFO,28/06/2024,09:41:47,53459,53447.95,15,53457.95,60,0,9270
BANKNIFTY-III.NFO,28/06/2024,09:41:49,53459,53448,30,53458.9,60,0,9270
BANKNIFTY-III.NFO,28/06/2024,09:41:51,53458.9,53447.95,15,53458.65,60,15,9270
BANKNIFTY-III.NFO,28/06/2024,09:41:52,53448,53447.95,15,53458.95,75,45,9270
BANKNIFTY-III.NFO,28/06/2024,09:41:54,53448,53448.05,75,53458.95,15,0,9270
BANKNIFTY-III.NFO,28/06/2024,09:41:55,53448,53447.95,15,53457.75,60,0,9270
BANKNIFTY-III.NFO,28/06/2024,09:41:57,53448,53447.95,15,53457.8,15,0,9270
BANKNIFTY-III.NFO,28/06/2024,09:41:59,53448,53447.95,15,53458.9,60,0,9270
BANKNIFTY-III.NFO,28/06/2024,09:42:00,53455.95,53448,60,53458.95,15,300,9270
BANKNIFTY-III.NFO,28/06/2024,09:42:02,53455.95,53447.95,15,53459,30,0,9270
BANKNIFTY-III.NFO,28/06/2024,09:42:03,53455.95,53448,75,53459,30,0,9270
BANKNIFTY-III.NFO,28/06/2024,09:42:10,53455.95,53448.6,75,53459,30,0,9270
BANKNIFTY-III.NFO,28/06/2024,09:42:12,53455.95,53456,15,53459,45,0,9270
BANKNIFTY-III.NFO,28/06/2024,09:42:19,53459,53456.25,60,53460,60,45,10440
BANKNIFTY-III.NFO,28/06/2024,09:42:21,53460,53456.05,60,53462,15,75,10440
BANKNIFTY-III.NFO,28/06/2024,09:42:21,53460,53456.05,60,53462,15,0,10440
BANKNIFTY-III.NFO,28/06/2024,09:42:23,53460,53456.05,75,53460,15,0,10440
BANKNIFTY-III.NFO,28/06/2024,09:42:24,53460,53456,15,53460,15,0,10440
BANKNIFTY-III.NFO,28/06/2024,09:42:28,53460,53456,15,53460,30,0,10440
BANKNIFTY-III.NFO,28/06/2024,09:42:31,53460,53456,15,53459.95,30,0,10440
BANKNIFTY-III.NFO,28/06/2024,09:42:33,53460,53456,15,53459.95,15,0,10440
BANKNIFTY-III.NFO,28/06/2024,09:42:34,53459.95,53455.95,30,53460,15,15,10440
BANKNIFTY-III.NFO,28/06/2024,09:42:36,53459.95,53455.95,30,53460,15,0,10440
BANKNIFTY-III.NFO,28/06/2024,09:42:38,53459.95,53455.95,30,53459.15,105,0,10440
BANKNIFTY-III.NFO,28/06/2024,09:42:39,53455.95,53434.65,60,53455.8,105,30,10440
BANKNIFTY-III.NFO,28/06/2024,09:42:41,53451,53451,45,53455.8,105,180,10440
BANKNIFTY-III.NFO,28/06/2024,09:42:42,53437.5,53430,30,53455.8,15,90,10440
BANKNIFTY-III.NFO,28/06/2024,09:42:44,53437.5,53430,30,53455.8,15,0,10440
BANKNIFTY-III.NFO,28/06/2024,09:42:46,53437.5,53430.05,60,53455.8,15,0,10440
BANKNIFTY-III.NFO,28/06/2024,09:42:47,53430.05,53430.05,60,53455.75,45,45,10440
BANKNIFTY-III.NFO,28/06/2024,09:42:49,53430.05,53430,45,53452.95,45,0,10440
BANKNIFTY-III.NFO,28/06/2024,09:42:51,53430,53428.1,15,53450.25,45,45,10440
BANKNIFTY-III.NFO,28/06/2024,09:42:52,53430,53424,15,53430.05,15,0,10440
BANKNIFTY-III.NFO,28/06/2024,09:42:54,53430,53424,15,53430,60,0,10440
BANKNIFTY-III.NFO,28/06/2024,09:42:55,53430,53424,15,53430.05,30,0,10440
BANKNIFTY-III.NFO,28/06/2024,09:42:57,53430,53424.05,60,53430.05,15,0,10440
BANKNIFTY-III.NFO,28/06/2024,09:42:59,53430,53424,15,53430.05,30,15,10440
BANKNIFTY-III.NFO,28/06/2024,09:43:00,53430,53424.05,60,53430.05,15,0,10440
BANKNIFTY-III.NFO,28/06/2024,09:43:02,53430,53424,15,53430.05,30,0,10440
BANKNIFTY-III.NFO,28/06/2024,09:43:05,53430,53424,15,53430,60,0,10440
BANKNIFTY-III.NFO,28/06/2024,09:43:09,53424,53420,15,53430,60,15,10440
BANKNIFTY-III.NFO,28/06/2024,09:43:10,53430,53420,15,53428.45,30,15,10440
BANKNIFTY-III.NFO,28/06/2024,09:43:12,53413,53406.75,60,53428.45,30,45,10440
BANKNIFTY-III.NFO,28/06/2024,09:43:14,53413,53406.75,60,53428.45,30,0,10440
BANKNIFTY-III.NFO,28/06/2024,09:43:17,53413,53404.55,60,53428.45,30,0,10440
BANKNIFTY-III.NFO,28/06/2024,09:43:22,53413,53402.1,60,53428.45,30,0,10440
BANKNIFTY-III.NFO,28/06/2024,09:43:23,53413,53401.1,60,53426.3,30,0,10440
BANKNIFTY-III.NFO,28/06/2024,09:43:25,53413,53400.05,60,53418.3,30,0,10440
BANKNIFTY-III.NFO,28/06/2024,09:43:30,53413,53413,15,53419.95,30,0,10440
BANKNIFTY-III.NFO,28/06/2024,09:43:32,53413,53413,15,53426.3,30,0,10440
BANKNIFTY-III.NFO,28/06/2024,09:43:33,53413,53413,15,53422.6,30,0,10440
BANKNIFTY-III.NFO,28/06/2024,09:43:38,53413,53413,15,53421.75,30,0,10440
BANKNIFTY-III.NFO,28/06/2024,09:43:40,53413,53400,15,53414.6,30,15,10440
BANKNIFTY-III.NFO,28/06/2024,09:43:42,53413,53400.05,60,53415.4,30,0,10440
BANKNIFTY-III.NFO,28/06/2024,09:43:45,53413,53400.05,75,53415.4,30,0,10440
BANKNIFTY-III.NFO,28/06/2024,09:43:48,53413,53400.05,75,53420,30,0,10440
BANKNIFTY-III.NFO,28/06/2024,09:43:55,53413,53400.05,60,53418.8,60,0,10440
BANKNIFTY-III.NFO,28/06/2024,09:43:57,53413,53400.05,75,53418.8,30,0,10440
BANKNIFTY-III.NFO,28/06/2024,09:43:58,53413,53400.05,75,53418.85,15,0,10440
BANKNIFTY-III.NFO,28/06/2024,09:44:00,53420.55,53400.15,60,53421.05,15,90,10440
BANKNIFTY-III.NFO,28/06/2024,09:44:02,53420.55,53400.65,60,53423.55,15,0,10440
BANKNIFTY-III.NFO,28/06/2024,09:44:03,53420.55,53401.05,75,53423.55,15,0,10440
BANKNIFTY-III.NFO,28/06/2024,09:44:05,53420.55,53401.45,60,53423.55,15,0,10440
BANKNIFTY-III.NFO,28/06/2024,09:44:07,53420.55,53401.55,75,53423.55,15,0,10440
BANKNIFTY-III.NFO,28/06/2024,09:44:08,53420.55,53401.6,60,53423.55,15,0,10440
BANKNIFTY-III.NFO,28/06/2024,09:44:21,53420.55,53400.1,60,53421.7,45,0,10440
BANKNIFTY-III.NFO,28/06/2024,09:44:22,53400.05,53400.05,75,53417.45,15,15,10440
BANKNIFTY-III.NFO,28/06/2024,09:44:24,53400.05,53400.05,75,53417.45,15,0,10440
BANKNIFTY-III.NFO,28/06/2024,09:44:27,53418.8,53400.05,75,53421,15,30,10440
BANKNIFTY-III.NFO,28/06/2024,09:44:29,53418.8,53400.05,75,53421,15,0,10440
BANKNIFTY-III.NFO,28/06/2024,09:44:31,53418.8,53403.6,60,53428.5,15,0,10440
BANKNIFTY-III.NFO,28/06/2024,09:44:32,53418.8,53404.2,60,53430,15,0,10440
BANKNIFTY-III.NFO,28/06/2024,09:44:34,53418.8,53410.05,60,53429.95,30,0,10440
BANKNIFTY-III.NFO,28/06/2024,09:44:36,53418.8,53410.15,60,53429.95,30,0,10440
BANKNIFTY-III.NFO,28/06/2024,09:44:37,53418.8,53410.05,60,53429.95,30,0,10440
BANKNIFTY-III.NFO,28/06/2024,09:44:39,53418.8,53410,30,53429.25,15,0,10440
BANKNIFTY-III.NFO,28/06/2024,09:44:41,53418.8,53410,30,53425.25,15,0,10440
BANKNIFTY-III.NFO,28/06/2024,09:44:42,53425.15,53410,30,53425.3,15,15,10440
BANKNIFTY-III.NFO,28/06/2024,09:44:44,53425.15,53410,15,53425.3,15,0,10440
BANKNIFTY-III.NFO,28/06/2024,09:44:46,53425.15,53410,30,53424.25,15,0,10440
BANKNIFTY-III.NFO,28/06/2024,09:44:47,53425.15,53410.05,60,53425.3,15,0,10440
BANKNIFTY-III.NFO,28/06/2024,09:44:49,53425.15,53410,30,53425.3,15,0,10440
BANKNIFTY-III.NFO,28/06/2024,09:44:52,53425.15,53410,15,53425.3,15,0,10440
BANKNIFTY-III.NFO,28/06/2024,09:44:54,53425.15,53410,30,53424.15,15,0,10440
BANKNIFTY-III.NFO,28/06/2024,09:44:56,53424.15,53410,30,53424.05,15,15,10440
BANKNIFTY-III.NFO,28/06/2024,09:44:57,53424.15,53410,30,53424.05,15,0,10440
BANKNIFTY-III.NFO,28/06/2024,09:44:59,53424.15,53410.05,60,53425,30,0,10440
BANKNIFTY-III.NFO,28/06/2024,09:45:01,53425,53410.05,60,53429.95,15,15,10440
BANKNIFTY-III.NFO,28/06/2024,09:45:02,53425,53410.05,60,53429.95,15,0,10440
BANKNIFTY-III.NFO,28/06/2024,09:45:04,53425,53410.05,60,53427.7,15,0,10440
BANKNIFTY-III.NFO,28/06/2024,09:45:06,53425,53408.25,60,53427.7,15,0,10440
BANKNIFTY-III.NFO,28/06/2024,09:45:11,53425,53425,15,53430,30,15,10395
BANKNIFTY-III.NFO,28/06/2024,09:45:12,53425,53406.25,60,53429.8,45,15,10395
BANKNIFTY-III.NFO,28/06/2024,09:45:14,53425,53401.3,60,53422.35,30,0,10395
BANKNIFTY-III.NFO,28/06/2024,09:45:15,53425,53400.8,60,53422.6,15,0,10395
BANKNIFTY-III.NFO,28/06/2024,09:45:17,53425,53400.8,60,53430,30,0,10395
BANKNIFTY-III.NFO,28/06/2024,09:45:19,53425,53401.3,60,53430,15,0,10395
BANKNIFTY-III.NFO,28/06/2024,09:45:21,53425,53402.85,60,53430,15,0,10395
BANKNIFTY-III.NFO,28/06/2024,09:45:22,53425,53407.4,90,53430,15,0,10395
BANKNIFTY-III.NFO,28/06/2024,09:45:24,53425,53408.8,60,53430,15,0,10395
BANKNIFTY-III.NFO,28/06/2024,09:45:26,53425,53408.9,60,53430,30,0,10395
BANKNIFTY-III.NFO,28/06/2024,09:45:27,53425,53408.9,60,53425,30,0,10395
BANKNIFTY-III.NFO,28/06/2024,09:45:31,53425,53409.6,60,53425,15,0,10395
BANKNIFTY-III.NFO,28/06/2024,09:45:32,53425,53410.1,60,53425,15,0,10395
BANKNIFTY-III.NFO,28/06/2024,09:45:34,53425,53409.9,60,53425,15,0,10395
BANKNIFTY-III.NFO,28/06/2024,09:45:36,53425,53410,60,53425,15,0,10395
BANKNIFTY-III.NFO,28/06/2024,09:45:37,53425,53409.9,60,53425,30,0,10395
BANKNIFTY-III.NFO,28/06/2024,09:45:39,53425,53409.9,60,53425,15,0,10395
BANKNIFTY-III.NFO,28/06/2024,09:45:42,53425,53410,60,53425,15,0,10395
BANKNIFTY-III.NFO,28/06/2024,09:45:44,53425,53410.1,60,53425,15,0,10395
BANKNIFTY-III.NFO,28/06/2024,09:45:46,53425,53410.4,60,53425,15,0,10395
BANKNIFTY-III.NFO,28/06/2024,09:45:47,53425,53410.4,60,53425,30,0,10395
BANKNIFTY-III.NFO,28/06/2024,09:45:49,53425,53402.1,60,53425,30,0,10395
BANKNIFTY-III.NFO,28/06/2024,09:45:51,53425,53402.05,75,53422.25,15,0,10395
BANKNIFTY-III.NFO,28/06/2024,09:45:52,53425,53402.05,60,53420.1,15,0,10395
BANKNIFTY-III.NFO,28/06/2024,09:45:54,53425,53402,45,53419.95,30,0,10395
BANKNIFTY-III.NFO,28/06/2024,09:45:56,53425,53402.05,60,53420.1,15,0,10395
BANKNIFTY-III.NFO,28/06/2024,09:45:57,53425,53402.05,60,53423.15,15,0,10395
BANKNIFTY-III.NFO,28/06/2024,09:46:01,53425,53420,15,53423.15,15,0,10395
BANKNIFTY-III.NFO,28/06/2024,09:46:04,53423.15,53402.1,60,53423.25,45,75,10395
BANKNIFTY-III.NFO,28/06/2024,09:46:06,53423.15,53402.05,60,53420.9,15,0,10395
BANKNIFTY-III.NFO,28/06/2024,09:46:07,53423.15,53402,45,53419.5,15,0,10395
BANKNIFTY-III.NFO,28/06/2024,09:46:10,53423.15,53402.05,60,53419.5,15,0,10395
BANKNIFTY-III.NFO,28/06/2024,09:46:14,53423.15,53402.05,60,53423.8,15,0,10395
BANKNIFTY-III.NFO,28/06/2024,09:46:15,53423.15,53402.15,60,53423.8,15,0,10395
BANKNIFTY-III.NFO,28/06/2024,09:46:16,53423.15,53402.55,60,53423,30,0,10395
BANKNIFTY-III.NFO,28/06/2024,09:46:18,53423.15,53403.15,60,53423,15,0,10395
BANKNIFTY-III.NFO,28/06/2024,09:46:20,53423.15,53404.05,60,53423,15,0,10395
BANKNIFTY-III.NFO,28/06/2024,09:46:21,53423.15,53405.9,60,53423,15,0,10395
BANKNIFTY-III.NFO,28/06/2024,09:46:23,53423.15,53412,60,53423,15,0,10395
BANKNIFTY-III.NFO,28/06/2024,09:46:24,53423.15,53410,60,53423,30,0,10395
BANKNIFTY-III.NFO,28/06/2024,09:46:26,53423.15,53406.5,60,53423,15,0,10395
BANKNIFTY-III.NFO,28/06/2024,09:46:28,53423.15,53406.8,60,53423,30,0,10395
BANKNIFTY-III.NFO,28/06/2024,09:46:29,53423.15,53407.2,60,53423,15,0,10395
BANKNIFTY-III.NFO,28/06/2024,09:46:31,53423.15,53407.5,60,53423,15,0,10395
BANKNIFTY-III.NFO,28/06/2024,09:46:32,53423.15,53407.7,60,53423,15,0,10395
BANKNIFTY-III.NFO,28/06/2024,09:46:34,53423.15,53407.4,60,53423,15,0,10395
BANKNIFTY-III.NFO,28/06/2024,09:46:37,53423.15,53408.1,60,53423,15,0,10395
BANKNIFTY-III.NFO,28/06/2024,09:46:39,53423.15,53408.7,60,53423,15,0,10395
BANKNIFTY-III.NFO,28/06/2024,09:46:40,53423.15,53410.15,60,53423,15,0,10395
BANKNIFTY-III.NFO,28/06/2024,09:46:42,53423.15,53414.65,60,53430,15,30,10395
BANKNIFTY-III.NFO,28/06/2024,09:46:44,53423.15,53416.2,60,53430,15,0,10395
BANKNIFTY-III.NFO,28/06/2024,09:46:47,53423.15,53416.3,60,53430,15,0,10395
BANKNIFTY-III.NFO,28/06/2024,09:46:49,53423.15,53416.9,60,53430,15,0,10395
BANKNIFTY-III.NFO,28/06/2024,09:46:50,53423.15,53417.5,60,53430,15,0,10395
BANKNIFTY-III.NFO,28/06/2024,09:46:52,53423.15,53418.1,60,53430,15,0,10395
BANKNIFTY-III.NFO,28/06/2024,09:46:54,53423.15,53418.2,60,53430,15,0,10395
BANKNIFTY-III.NFO,28/06/2024,09:46:55,53423.15,53418.3,60,53430,15,0,10395
BANKNIFTY-III.NFO,28/06/2024,09:46:57,53423.15,53418.25,60,53430,15,0,10395
BANKNIFTY-III.NFO,28/06/2024,09:47:00,53423.15,53418.85,75,53430,15,0,10395
BANKNIFTY-III.NFO,28/06/2024,09:47:02,53423.15,53419.05,60,53430,15,0,10395
BANKNIFTY-III.NFO,28/06/2024,09:47:03,53423.15,53419.35,75,53430,15,0,10395
BANKNIFTY-III.NFO,28/06/2024,09:47:05,53423.15,53420.05,60,53430,15,0,10395
BANKNIFTY-III.NFO,28/06/2024,09:47:07,53430.05,53420.75,60,53447.5,15,30,10395
BANKNIFTY-III.NFO,28/06/2024,09:47:08,53430.05,53421.25,60,53447.5,15,0,10395
BANKNIFTY-III.NFO,28/06/2024,09:47:10,53430.05,53421.85,60,53449,15,0,10395
BANKNIFTY-III.NFO,28/06/2024,09:47:12,53430.05,53422.45,60,53449,15,0,10395
BANKNIFTY-III.NFO,28/06/2024,09:47:13,53430.05,53420.9,60,53449,15,0,10395
BANKNIFTY-III.NFO,28/06/2024,09:47:15,53430.05,53421.1,60,53449,15,0,10395
BANKNIFTY-III.NFO,28/06/2024,09:47:16,53430.05,53420.4,60,53449,15,0,10395
BANKNIFTY-III.NFO,28/06/2024,09:47:18,53430.05,53420.5,60,53449,15,0,10395
BANKNIFTY-III.NFO,28/06/2024,09:47:20,53430.05,53421,60,53449,15,0,10395
BANKNIFTY-III.NFO,28/06/2024,09:47:21,53430.05,53420.6,60,53449,15,0,10395
BANKNIFTY-III.NFO,28/06/2024,09:47:23,53430.05,53421.2,60,53449,15,0,10395
BANKNIFTY-III.NFO,28/06/2024,09:47:25,53430.05,53421.7,60,53449,15,0,10395
BANKNIFTY-III.NFO,28/06/2024,09:47:26,53430.05,53422,60,53449,15,0,10395
BANKNIFTY-III.NFO,28/06/2024,09:47:28,53430.05,53422.2,60,53449,15,0,10395
BANKNIFTY-III.NFO,28/06/2024,09:47:30,53430.05,53422.3,60,53449,15,0,10395
BANKNIFTY-III.NFO,28/06/2024,09:47:31,53430.05,53422.6,60,53449,15,0,10395
BANKNIFTY-III.NFO,28/06/2024,09:47:33,53430.05,53422.9,60,53449,15,0,10395
BANKNIFTY-III.NFO,28/06/2024,09:47:35,53430.05,53430.1,60,53449,15,0,10395
BANKNIFTY-III.NFO,28/06/2024,09:47:43,53430.05,53430.1,60,53450,30,0,10395
BANKNIFTY-III.NFO,28/06/2024,09:47:55,53430.05,53430.1,60,53450,15,0,10395
BANKNIFTY-III.NFO,28/06/2024,09:47:57,53430.05,53430.1,60,53450,30,0,10395
BANKNIFTY-III.NFO,28/06/2024,09:47:58,53430.05,53430.1,60,53450,15,0,10395
BANKNIFTY-III.NFO,28/06/2024,09:48:00,53430.05,53431.55,60,53450,15,0,10395
BANKNIFTY-III.NFO,28/06/2024,09:48:01,53430.05,53436.35,60,53450,15,0,10395
BANKNIFTY-III.NFO,28/06/2024,09:48:03,53430.05,53439.2,60,53450,15,0,10395
BANKNIFTY-III.NFO,28/06/2024,09:48:05,53430.05,53440.6,60,53450,15,0,10395
BANKNIFTY-III.NFO,28/06/2024,09:48:06,53430.05,53441.2,60,53450,15,0,10395
BANKNIFTY-III.NFO,28/06/2024,09:48:08,53430.05,53441.55,15,53450,15,0,10395
BANKNIFTY-III.NFO,28/06/2024,09:48:10,53430.05,53436.35,60,53450,30,0,10395
BANKNIFTY-III.NFO,28/06/2024,09:48:11,53430.05,53431.25,60,53450,30,0,10395
BANKNIFTY-III.NFO,28/06/2024,09:48:13,53430.05,53430.1,75,53450,30,0,10395
BANKNIFTY-III.NFO,28/06/2024,09:48:22,53430.05,53430.15,60,53450,30,0,10395
BANKNIFTY-III.NFO,28/06/2024,09:48:28,53430.05,53430.55,60,53450,30,0,10395
BANKNIFTY-III.NFO,28/06/2024,09:48:30,53430.05,53430.95,60,53450,30,0,10395
BANKNIFTY-III.NFO,28/06/2024,09:48:31,53430.05,53431.15,60,53450,30,0,10395
BANKNIFTY-III.NFO,28/06/2024,09:48:33,53430.05,53431.75,60,53450,30,0,10395
BANKNIFTY-III.NFO,28/06/2024,09:48:35,53430.05,53432.15,60,53450,30,0,10395
BANKNIFTY-III.NFO,28/06/2024,09:48:36,53430.05,53432.35,60,53450,30,0,10395
BANKNIFTY-III.NFO,28/06/2024,09:48:43,53430.05,53430.05,30,53449,45,0,10395
BANKNIFTY-III.NFO,28/06/2024,09:48:44,53430.05,53430.05,30,53449,15,0,10395
BANKNIFTY-III.NFO,28/06/2024,09:48:46,53430.05,53430.1,60,53449,15,0,10395
BANKNIFTY-III.NFO,28/06/2024,09:48:48,53430.05,53430.3,60,53450,30,0,10395
BANKNIFTY-III.NFO,28/06/2024,09:48:49,53430.05,53430.1,60,53450,30,0,10395
BANKNIFTY-III.NFO,28/06/2024,09:48:51,53430.05,53440,15,53450,30,0,10395
BANKNIFTY-III.NFO,28/06/2024,09:49:09,53430.05,53440,15,53449.05,45,0,10395
BANKNIFTY-III.NFO,28/06/2024,09:49:11,53430.05,53440,15,53447.65,15,0,10395
BANKNIFTY-III.NFO,28/06/2024,09:49:14,53430.05,53440,15,53450,30,0,10395
BANKNIFTY-III.NFO,28/06/2024,09:49:18,53430.05,53440,15,53450,75,0,10395
BANKNIFTY-III.NFO,28/06/2024,09:49:32,53430.05,53440,15,53447.9,15,0,10395
BANKNIFTY-III.NFO,28/06/2024,09:49:34,53430.05,53440,15,53447.5,30,0,10395
BANKNIFTY-III.NFO,28/06/2024,09:49:36,53430.05,53440,15,53447.9,15,0,10395
BANKNIFTY-III.NFO,28/06/2024,09:49:37,53430.05,53440,15,53445.9,45,0,10395
BANKNIFTY-III.NFO,28/06/2024,09:49:39,53440,53430.1,60,53440.65,15,15,10380
BANKNIFTY-III.NFO,28/06/2024,09:49:41,53440,53430.1,60,53440.65,15,0,10380
BANKNIFTY-III.NFO,28/06/2024,09:49:42,53440,53430.1,75,53446,15,0,10380
BANKNIFTY-III.NFO,28/06/2024,09:49:44,53440,53430.1,60,53445.8,30,0,10380
BANKNIFTY-III.NFO,28/06/2024,09:49:45,53440,53430.1,75,53445.15,15,0,10380
BANKNIFTY-III.NFO,28/06/2024,09:49:47,53430.1,53430.1,60,53445.1,15,15,10380
BANKNIFTY-III.NFO,28/06/2024,09:49:51,53430.1,53430.1,75,53445.15,15,0,10380
BANKNIFTY-III.NFO,28/06/2024,09:49:52,53430.1,53430.1,75,53447.9,15,0,10380
BANKNIFTY-III.NFO,28/06/2024,09:49:56,53430.1,53430.1,75,53450,75,0,10380
BANKNIFTY-III.NFO,28/06/2024,09:49:57,53430.1,53430.1,75,53449.95,15,0,10380
BANKNIFTY-III.NFO,28/06/2024,09:50:04,53430.1,53430.15,60,53449.95,30,0,10380
BANKNIFTY-III.NFO,28/06/2024,09:50:07,53430.1,53430.15,60,53449,15,0,10380
BANKNIFTY-III.NFO,28/06/2024,09:50:10,53430.1,53430.15,60,53449.05,15,0,10380
BANKNIFTY-III.NFO,28/06/2024,09:50:18,53450,53430.15,60,53450,45,60,10380
BANKNIFTY-III.NFO,28/06/2024,09:50:20,53450,53430.15,60,53450,45,0,10380
BANKNIFTY-III.NFO,28/06/2024,09:50:27,53450,53430.15,60,53450,30,15,10380
BANKNIFTY-III.NFO,28/06/2024,09:50:28,53450,53430.15,60,53450,30,0,10380
BANKNIFTY-III.NFO,28/06/2024,09:50:30,53450,53430.15,60,53450,45,0,10380
BANKNIFTY-III.NFO,28/06/2024,09:50:32,53450,53430.15,60,53450,15,0,10380
BANKNIFTY-III.NFO,28/06/2024,09:50:33,53450,53430.1,75,53448.35,45,0,10380
BANKNIFTY-III.NFO,28/06/2024,09:50:35,53450,53430.1,75,53448.35,15,0,10380
BANKNIFTY-III.NFO,28/06/2024,09:50:40,53450,53430.05,30,53448,30,0,10380
BANKNIFTY-III.NFO,28/06/2024,09:50:41,53450,53440,150,53442.4,45,0,10380
BANKNIFTY-III.NFO,28/06/2024,09:50:43,53450,53440,150,53450,45,0,10380
BANKNIFTY-III.NFO,28/06/2024,09:50:45,53450,53440,150,53444.7,45,0,10380
BANKNIFTY-III.NFO,28/06/2024,09:50:46,53450,53440,150,53449.85,15,0,10380
BANKNIFTY-III.NFO,28/06/2024,09:50:48,53450,53440,150,53442.75,45,0,10380
BANKNIFTY-III.NFO,28/06/2024,09:50:50,53450,53440,150,53441.95,30,0,10380
BANKNIFTY-III.NFO,28/06/2024,09:50:51,53440,53440,120,53444.05,15,30,10380
BANKNIFTY-III.NFO,28/06/2024,09:50:53,53440,53440,120,53450,30,0,10380
BANKNIFTY-III.NFO,28/06/2024,09:50:54,53450,53450,90,53453.9,45,30,10380
BANKNIFTY-III.NFO,28/06/2024,09:50:56,53450,53450,90,53454.7,60,0,10380
BANKNIFTY-III.NFO,28/06/2024,09:50:58,53450,53450,90,53457.3,45,0,10380
BANKNIFTY-III.NFO,28/06/2024,09:50:59,53450,53450,90,53459,15,0,10380
BANKNIFTY-III.NFO,28/06/2024,09:51:01,53450,53450,90,53459.75,30,0,10380
BANKNIFTY-III.NFO,28/06/2024,09:51:03,53450,53450,90,53458.8,15,0,10380
BANKNIFTY-III.NFO,28/06/2024,09:51:04,53450,53450,90,53455.3,45,0,10380
BANKNIFTY-III.NFO,28/06/2024,09:51:06,53450,53450,90,53454.35,60,0,10380
BANKNIFTY-III.NFO,28/06/2024,09:51:07,53450,53450,90,53453.95,45,0,10380
BANKNIFTY-III.NFO,28/06/2024,09:51:09,53450,53450,90,53452.7,45,0,10380
BANKNIFTY-III.NFO,28/06/2024,09:51:11,53450,53450,60,53450.05,60,30,10440
BANKNIFTY-III.NFO,28/06/2024,09:51:12,53450,53450,30,53450.05,60,30,10440
BANKNIFTY-III.NFO,28/06/2024,09:51:14,53450,53450,30,53450.05,60,0,10440
BANKNIFTY-III.NFO,28/06/2024,09:51:17,53450,53432.55,60,53450.05,60,30,10440
BANKNIFTY-III.NFO,28/06/2024,09:51:19,53450,53432.55,60,53450.05,60,0,10440
BANKNIFTY-III.NFO,28/06/2024,09:51:20,53450,53450,15,53450.05,60,0,10440
BANKNIFTY-III.NFO,28/06/2024,09:51:22,53450,53450,15,53456.35,45,0,10440
BANKNIFTY-III.NFO,28/06/2024,09:51:25,53450,53450,15,53456.15,45,0,10440
BANKNIFTY-III.NFO,28/06/2024,09:51:27,53450,53437.55,60,53456.15,45,15,10440
BANKNIFTY-III.NFO,28/06/2024,09:51:29,53450,53437.55,60,53456.15,45,0,10440
BANKNIFTY-III.NFO,28/06/2024,09:51:32,53450,53437.55,60,53456.35,15,0,10440
BANKNIFTY-III.NFO,28/06/2024,09:51:34,53450,53435.05,60,53455.5,45,0,10440
BANKNIFTY-III.NFO,28/06/2024,09:51:37,53450,53433.6,60,53454.5,45,0,10440
BANKNIFTY-III.NFO,28/06/2024,09:51:39,53450,53430.05,15,53449.65,45,0,10440
BANKNIFTY-III.NFO,28/06/2024,09:51:40,53450,53430.05,30,53441.75,60,0,10440
BANKNIFTY-III.NFO,28/06/2024,09:51:42,53450,53430.05,15,53441.1,45,0,10440
BANKNIFTY-III.NFO,28/06/2024,09:51:44,53450,53430.05,15,53439.45,60,0,10440
BANKNIFTY-III.NFO,28/06/2024,09:51:45,53450,53430.05,15,53439.45,45,0,10440
BANKNIFTY-III.NFO,28/06/2024,09:51:47,53450,53430.05,15,53439.45,60,0,10440
BANKNIFTY-III.NFO,28/06/2024,09:51:49,53450,53430.05,15,53439.45,45,0,10440
BANKNIFTY-III.NFO,28/06/2024,09:51:57,53450,53430.05,15,53439.45,60,0,10440
BANKNIFTY-III.NFO,28/06/2024,09:51:59,53450,53430.05,15,53439.45,45,0,10440
BANKNIFTY-III.NFO,28/06/2024,09:52:00,53450,53430.05,15,53439.45,60,0,10440
BANKNIFTY-III.NFO,28/06/2024,09:52:02,53450,53430.05,15,53438.6,45,0,10440
BANKNIFTY-III.NFO,28/06/2024,09:52:04,53450,53430.1,75,53438.6,45,0,10440
BANKNIFTY-III.NFO,28/06/2024,09:52:05,53430.1,53430.1,75,53445,15,15,10440
BANKNIFTY-III.NFO,28/06/2024,09:52:09,53430.1,53430.1,60,53442.95,15,0,10440
BANKNIFTY-III.NFO,28/06/2024,09:52:10,53430.1,53430.05,15,53441.8,15,0,10440
BANKNIFTY-III.NFO,28/06/2024,09:52:12,53430.1,53430.05,15,53434.2,45,0,10440
BANKNIFTY-III.NFO,28/06/2024,09:52:15,53430.1,53430.1,75,53452.95,15,0,10440
BANKNIFTY-III.NFO,28/06/2024,09:52:17,53430.1,53430.1,75,53449.55,45,0,10440
BANKNIFTY-III.NFO,28/06/2024,09:52:18,53430.1,53430.1,75,53452.55,15,0,10440
BANKNIFTY-III.NFO,28/06/2024,09:52:20,53430.1,53430.1,75,53450.5,60,0,10440
BANKNIFTY-III.NFO,28/06/2024,09:52:22,53430.1,53430.1,75,53445.55,45,0,10440
BANKNIFTY-III.NFO,28/06/2024,09:52:23,53430.1,53430.1,75,53445.55,60,0,10440
BANKNIFTY-III.NFO,28/06/2024,09:52:25,53430.1,53430.1,75,53445.25,45,0,10440
BANKNIFTY-III.NFO,28/06/2024,09:52:27,53430.1,53430.1,75,53446.95,45,0,10440
BANKNIFTY-III.NFO,28/06/2024,09:52:28,53446.05,53430.1,75,53446.05,15,30,10440
BANKNIFTY-III.NFO,28/06/2024,09:52:30,53446.05,53431.4,60,53448.35,45,0,10440
BANKNIFTY-III.NFO,28/06/2024,09:52:32,53446.05,53436.4,60,53454.4,60,0,10440
BANKNIFTY-III.NFO,28/06/2024,09:52:33,53446.05,53436.9,60,53453.2,45,0,10440
BANKNIFTY-III.NFO,28/06/2024,09:52:35,53446.05,53438.9,75,53453.2,45,0,10440
BANKNIFTY-III.NFO,28/06/2024,09:52:37,53446.05,53440.8,60,53458.35,45,0,10440
BANKNIFTY-III.NFO,28/06/2024,09:52:38,53446.05,53441.5,60,53458.05,60,0,10440
BANKNIFTY-III.NFO,28/06/2024,09:52:40,53446.05,53442.55,60,53458.05,60,0,10440
BANKNIFTY-III.NFO,28/06/2024,09:52:42,53446.05,53443,75,53457.75,45,0,10440
BANKNIFTY-III.NFO,28/06/2024,09:52:43,53446.05,53446.2,60,53457.75,45,0,10440
BANKNIFTY-III.NFO,28/06/2024,09:52:48,53446.05,53443.05,60,53457.2,30,0,10440
BANKNIFTY-III.NFO,28/06/2024,09:52:50,53446.05,53445.65,60,53457.6,45,0,10440
BANKNIFTY-III.NFO,28/06/2024,09:52:52,53446.05,53449.2,75,53460,90,0,10440
BANKNIFTY-III.NFO,28/06/2024,09:52:53,53446.05,53451.15,60,53460,90,0,10440
BANKNIFTY-III.NFO,28/06/2024,09:52:55,53446.05,53448.25,60,53459.95,30,0,10440
BANKNIFTY-III.NFO,28/06/2024,09:52:57,53446.05,53447.2,60,53459.95,15,0,10440
BANKNIFTY-III.NFO,28/06/2024,09:52:58,53446.05,53451.1,75,53460,90,0,10440
BANKNIFTY-III.NFO,28/06/2024,09:53:00,53446.05,53451,75,53460,90,0,10440
BANKNIFTY-III.NFO,28/06/2024,09:53:02,53446.05,53448.7,60,53451.15,15,0,10440
BANKNIFTY-III.NFO,28/06/2024,09:53:03,53451.15,53451.6,60,53460,90,15,10440
BANKNIFTY-III.NFO,28/06/2024,09:53:05,53451.15,53451.25,60,53460,90,0,10440
BANKNIFTY-III.NFO,28/06/2024,09:53:07,53451.15,53457.85,60,53460,90,0,10440
BANKNIFTY-III.NFO,28/06/2024,09:53:08,53460,53461.75,75,53462,15,90,10440
BANKNIFTY-III.NFO,28/06/2024,09:53:10,53462,53461.8,60,53470,15,15,10440
BANKNIFTY-III.NFO,28/06/2024,09:53:10,53462,53461.8,60,53470,15,0,10440
BANKNIFTY-III.NFO,28/06/2024,09:53:12,53462,53461.8,60,53470,15,0,10440
BANKNIFTY-III.NFO,28/06/2024,09:53:13,53462,53461.8,60,53470,15,15,10440
BANKNIFTY-III.NFO,28/06/2024,09:53:14,53462,53461.8,60,53470,15,0,10440
BANKNIFTY-III.NFO,28/06/2024,09:53:16,53462,53463.05,60,53470,15,0,10440
BANKNIFTY-III.NFO,28/06/2024,09:53:17,53462,53463,15,53470,30,0,10440
BANKNIFTY-III.NFO,28/06/2024,09:53:19,53462,53463,15,53470,15,0,10440
BANKNIFTY-III.NFO,28/06/2024,09:53:21,53463.05,53463,15,53470,30,15,10440
BANKNIFTY-III.NFO,28/06/2024,09:53:21,53463.05,53463,15,53470,30,0,10440
BANKNIFTY-III.NFO,28/06/2024,09:53:22,53463.05,53463,15,53470,30,0,10440
BANKNIFTY-III.NFO,28/06/2024,09:53:24,53463.05,53463,15,53469.95,30,0,10440
BANKNIFTY-III.NFO,28/06/2024,09:53:27,53463,53446.75,60,53463,30,15,10440
BANKNIFTY-III.NFO,28/06/2024,09:53:29,53463,53444.6,60,53463,30,0,10440
BANKNIFTY-III.NFO,28/06/2024,09:53:31,53463,53453.7,60,53463.05,15,0,10440
BANKNIFTY-III.NFO,28/06/2024,09:53:32,53463,53456.25,75,53463.05,15,0,10440
BANKNIFTY-III.NFO,28/06/2024,09:53:34,53463,53447.75,60,53463.05,30,0,10440
BANKNIFTY-III.NFO,28/06/2024,09:53:36,53463,53462,105,53463.05,15,0,10440
BANKNIFTY-III.NFO,28/06/2024,09:53:42,53463,53462.05,75,53463.05,15,0,10440
BANKNIFTY-III.NFO,28/06/2024,09:53:44,53463,53462.05,60,53463.05,15,0,10440
BANKNIFTY-III.NFO,28/06/2024,09:53:46,53463,53462,105,53463.05,15,0,10440
BANKNIFTY-III.NFO,28/06/2024,09:54:01,53463,53462,120,53463.05,15,0,10440
BANKNIFTY-III.NFO,28/06/2024,09:54:02,53463,53462.1,60,53463.05,15,0,10440
BANKNIFTY-III.NFO,28/06/2024,09:54:04,53463,53462.05,60,53463.05,15,0,10440
BANKNIFTY-III.NFO,28/06/2024,09:54:06,53463.05,53462.05,60,53470,30,15,10440
BANKNIFTY-III.NFO,28/06/2024,09:54:07,53463.05,53462.05,60,53470,30,0,10440
BANKNIFTY-III.NFO,28/06/2024,09:54:18,53463.05,53462.05,75,53470,30,0,10440
BANKNIFTY-III.NFO,28/06/2024,09:54:19,53463.05,53462.05,60,53470,30,0,10440
BANKNIFTY-III.NFO,28/06/2024,09:54:21,53463.05,53462.05,75,53470,30,0,10440
BANKNIFTY-III.NFO,28/06/2024,09:54:33,53463.05,53462.05,60,53470,30,0,10440
BANKNIFTY-III.NFO,28/06/2024,09:54:36,53463.05,53462.05,75,53470,30,0,10440
BANKNIFTY-III.NFO,28/06/2024,09:54:38,53463.05,53462,105,53469.95,30,0,10440
BANKNIFTY-III.NFO,28/06/2024,09:54:39,53463.05,53462,105,53469.4,15,0,10440
BANKNIFTY-III.NFO,28/06/2024,09:54:44,53463.05,53462,105,53469.95,30,0,10440
BANKNIFTY-III.NFO,28/06/2024,09:54:54,53463.05,53462.05,60,53470,60,0,10440
BANKNIFTY-III.NFO,28/06/2024,09:54:56,53462.05,53462,105,53469.95,45,30,10485
BANKNIFTY-III.NFO,28/06/2024,09:54:58,53462.05,53462.05,60,53463.05,15,0,10485
BANKNIFTY-III.NFO,28/06/2024,09:54:59,53462.05,53462,105,53463.05,15,0,10485
BANKNIFTY-III.NFO,28/06/2024,09:55:07,53462,53462,90,53468.5,45,15,10485
BANKNIFTY-III.NFO,28/06/2024,09:55:09,53462,53462,90,53468.5,45,0,10485
BANKNIFTY-III.NFO,28/06/2024,09:55:11,53462,53462,90,53470,75,0,10485
BANKNIFTY-III.NFO,28/06/2024,09:55:12,53462,53462,90,53462.05,15,0,10485
BANKNIFTY-III.NFO,28/06/2024,09:55:19,53462.05,53462,45,53468.4,45,60,10485
BANKNIFTY-III.NFO,28/06/2024,09:55:20,53462.05,53462,45,53468.4,45,0,10485
BANKNIFTY-III.NFO,28/06/2024,09:55:22,53462.05,53462,45,53469.8,45,0,10485
BANKNIFTY-III.NFO,28/06/2024,09:55:25,53462,53460,30,53470,60,45,10485
BANKNIFTY-III.NFO,28/06/2024,09:55:27,53462,53460.05,60,53470,60,0,10485
BANKNIFTY-III.NFO,28/06/2024,09:55:30,53462,53460.05,60,53462,15,0,10485
BANKNIFTY-III.NFO,28/06/2024,09:55:32,53462,53460,15,53462,15,0,10485
BANKNIFTY-III.NFO,28/06/2024,09:55:41,53462,53460,15,53462,30,0,10485
BANKNIFTY-III.NFO,28/06/2024,09:55:45,53460,53444.05,60,53462,30,15,10485
BANKNIFTY-III.NFO,28/06/2024,09:55:46,53460,53440.5,60,53461.9,45,0,10485
BANKNIFTY-III.NFO,28/06/2024,09:55:48,53460,53440.5,60,53461.8,45,0,10485
BANKNIFTY-III.NFO,28/06/2024,09:55:50,53460,53440.5,60,53462,30,0,10485
BANKNIFTY-III.NFO,28/06/2024,09:55:54,53462,53462,870,53468.5,15,30,10485
BANKNIFTY-III.NFO,28/06/2024,09:55:56,53462,53462,870,53470,75,0,10485
BANKNIFTY-III.NFO,28/06/2024,09:56:01,53462,53462,870,53469.8,45,0,10485
BANKNIFTY-III.NFO,28/06/2024,09:56:03,53462,53462,870,53469.1,45,0,10485
BANKNIFTY-III.NFO,28/06/2024,09:56:08,53462,53462,825,53470,60,45,10485
BANKNIFTY-III.NFO,28/06/2024,09:56:09,53462,53462,825,53470,60,0,10485
BANKNIFTY-III.NFO,28/06/2024,09:56:11,53462,53462,840,53470,60,0,10485
BANKNIFTY-III.NFO,28/06/2024,09:56:12,53462,53462,825,53470,60,0,10485
BANKNIFTY-III.NFO,28/06/2024,09:56:15,53462,53462,825,53470,75,0,10485
BANKNIFTY-III.NFO,28/06/2024,09:56:16,53462,53462,825,53470,60,0,10485
BANKNIFTY-III.NFO,28/06/2024,09:56:20,53462,53462,825,53470,75,0,10485
BANKNIFTY-III.NFO,28/06/2024,09:56:23,53462,53462,825,53469.8,45,0,10485
BANKNIFTY-III.NFO,28/06/2024,09:56:24,53462,53462,810,53467.8,45,15,10485
BANKNIFTY-III.NFO,28/06/2024,09:56:26,53467.8,53462,810,53467.8,15,30,10485
BANKNIFTY-III.NFO,28/06/2024,09:56:26,53467.8,53462,810,53467.8,15,0,10485
BANKNIFTY-III.NFO,28/06/2024,09:56:28,53467.8,53462,810,53467.8,15,0,10485
BANKNIFTY-III.NFO,28/06/2024,09:56:38,53462,53462,795,53467.8,15,15,10485
BANKNIFTY-III.NFO,28/06/2024,09:56:39,53462,53462,795,53467.7,60,0,10485
BANKNIFTY-III.NFO,28/06/2024,09:56:43,53462.05,53462.05,60,53467.7,45,45,10485
BANKNIFTY-III.NFO,28/06/2024,09:56:44,53462.05,53462.05,60,53470,75,0,10485
BANKNIFTY-III.NFO,28/06/2024,09:56:46,53462.05,53462.05,60,53470,90,0,10485
BANKNIFTY-III.NFO,28/06/2024,09:56:49,53462.05,53462.05,60,53469.8,60,0,10485
BANKNIFTY-III.NFO,28/06/2024,09:56:51,53462.05,53462.05,60,53470,75,0,10485
BANKNIFTY-III.NFO,28/06/2024,09:56:56,53462.05,53462.05,75,53470,75,0,10485
BANKNIFTY-III.NFO,28/06/2024,09:56:57,53462.05,53462.65,60,53470,75,0,10485
BANKNIFTY-III.NFO,28/06/2024,09:56:59,53462.05,53462.7,60,53470,75,0,10485
BANKNIFTY-III.NFO,28/06/2024,09:57:01,53462.05,53462.05,60,53470,75,0,10485
BANKNIFTY-III.NFO,28/06/2024,09:57:02,53462.05,53462,795,53469.95,60,0,10485
BANKNIFTY-III.NFO,28/06/2024,09:57:04,53462.05,53462.05,60,53470,75,0,10485
BANKNIFTY-III.NFO,28/06/2024,09:57:06,53462.05,53462.05,75,53470,75,0,10485
BANKNIFTY-III.NFO,28/06/2024,09:57:07,53462.05,53465.7,60,53470,75,0,10485
BANKNIFTY-III.NFO,28/06/2024,09:57:09,53462.05,53465.75,75,53470,75,0,10485
BANKNIFTY-III.NFO,28/06/2024,09:57:10,53462.05,53464.9,60,53470,75,0,10485
BANKNIFTY-III.NFO,28/06/2024,09:57:12,53462.05,53464.65,75,53470,75,0,10485
BANKNIFTY-III.NFO,28/06/2024,09:57:14,53470,53464.6,75,53470,60,15,10575
BANKNIFTY-III.NFO,28/06/2024,09:57:14,53470,53464.6,75,53470,60,0,10575
BANKNIFTY-III.NFO,28/06/2024,09:57:15,53464.6,53464.6,75,53470,45,15,10575
BANKNIFTY-III.NFO,28/06/2024,09:57:17,53464.6,53465.05,60,53470,45,0,10575
BANKNIFTY-III.NFO,28/06/2024,09:57:22,53464.6,53462.55,75,53470,45,0,10575
BANKNIFTY-III.NFO,28/06/2024,09:57:23,53464.6,53464.6,60,53470,45,0,10575
BANKNIFTY-III.NFO,28/06/2024,09:57:25,53462.6,53462,795,53469.4,60,30,10575
BANKNIFTY-III.NFO,28/06/2024,09:57:27,53462.6,53462,795,53466.85,60,0,10575
BANKNIFTY-III.NFO,28/06/2024,09:57:28,53462.6,53462,795,53462.6,15,0,10575
BANKNIFTY-III.NFO,28/06/2024,09:57:33,53462,53462,735,53462.6,15,60,10575
BANKNIFTY-III.NFO,28/06/2024,09:57:35,53462,53462,735,53462.6,15,0,10575
BANKNIFTY-III.NFO,28/06/2024,09:57:37,53462,53462,735,53462.5,60,0,10575
BANKNIFTY-III.NFO,28/06/2024,09:57:38,53462,53462,735,53462.6,30,0,10575
BANKNIFTY-III.NFO,28/06/2024,09:57:40,53462,53462,735,53462.4,60,0,10575
BANKNIFTY-III.NFO,28/06/2024,09:57:42,53462,53462,600,53462.6,15,135,10575
BANKNIFTY-III.NFO,28/06/2024,09:57:43,53462,53462,570,53462.4,45,30,10575
BANKNIFTY-III.NFO,28/06/2024,09:57:45,53462,53462,540,53462.4,45,30,10575
BANKNIFTY-III.NFO,28/06/2024,09:57:47,53462,53462,540,53462.4,45,0,10575
BANKNIFTY-III.NFO,28/06/2024,09:58:00,53462,53462,480,53462.4,60,60,10575
BANKNIFTY-III.NFO,28/06/2024,09:58:02,53462,53442,15,53462.4,15,480,10575
BANKNIFTY-III.NFO,28/06/2024,09:58:03,53462,53433.5,15,53452.95,165,0,10575
BANKNIFTY-III.NFO,28/06/2024,09:58:05,53462,53418.8,15,53426.85,30,0,10575
BANKNIFTY-III.NFO,28/06/2024,09:58:07,53415.15,53402,30,53413.05,165,30,10575
BANKNIFTY-III.NFO,28/06/2024,09:58:08,53415.15,53402,30,53415.85,15,0,10575
BANKNIFTY-III.NFO,28/06/2024,09:58:10,53399,53380,315,53398.9,15,165,10575
BANKNIFTY-III.NFO,28/06/2024,09:58:12,53399,53380.05,60,53397.6,15,0,10575
BANKNIFTY-III.NFO,28/06/2024,09:58:13,53380.05,53380.05,60,53403.65,15,15,10575
BANKNIFTY-III.NFO,28/06/2024,09:58:15,53380.05,53384.1,60,53407.45,15,0,10575
BANKNIFTY-III.NFO,28/06/2024,09:58:17,53380.05,53386.15,60,53407.45,15,0,10575
BANKNIFTY-III.NFO,28/06/2024,09:58:18,53380.05,53384.6,60,53407.4,15,0,10575
BANKNIFTY-III.NFO,28/06/2024,09:58:22,53380.05,53384.6,60,53407.45,15,0,10575
BANKNIFTY-III.NFO,28/06/2024,09:58:23,53380.05,53385.8,60,53415.85,15,0,10575
BANKNIFTY-III.NFO,28/06/2024,09:58:25,53380.05,53384.6,60,53415.8,15,0,10575
BANKNIFTY-III.NFO,28/06/2024,09:58:27,53380.05,53386.35,60,53419,15,0,10575
BANKNIFTY-III.NFO,28/06/2024,09:58:28,53380.05,53397.75,60,53419,15,0,10575
BANKNIFTY-III.NFO,28/06/2024,09:58:30,53380.05,53397.75,60,53418.95,15,0,10575
BANKNIFTY-III.NFO,28/06/2024,09:58:32,53380.05,53396.8,60,53418.95,15,0,10575
BANKNIFTY-III.NFO,28/06/2024,09:58:37,53380.05,53396.8,60,53422.5,15,0,10575
BANKNIFTY-III.NFO,28/06/2024,09:58:39,53380.05,53396.8,60,53422.55,15,0,10575
BANKNIFTY-III.NFO,28/06/2024,09:58:40,53380.05,53396.8,60,53422.5,15,0,10575
BANKNIFTY-III.NFO,28/06/2024,09:58:42,53380.05,53396.8,60,53422.55,15,0,10575
BANKNIFTY-III.NFO,28/06/2024,09:58:44,53380.05,53399.2,60,53426.8,15,0,10575
BANKNIFTY-III.NFO,28/06/2024,09:58:45,53380.05,53401.75,60,53426.8,15,0,10575
BANKNIFTY-III.NFO,28/06/2024,09:58:47,53380.05,53401.85,60,53426.8,15,0,10575
BANKNIFTY-III.NFO,28/06/2024,09:58:49,53380.05,53401.85,60,53429.3,15,0,10575
BANKNIFTY-III.NFO,28/06/2024,09:58:52,53380.05,53408.7,60,53450.2,15,0,10575
BANKNIFTY-III.NFO,28/06/2024,09:58:54,53380.05,53404.7,60,53449.7,15,0,10575
BANKNIFTY-III.NFO,28/06/2024,09:58:55,53402.75,53402.75,60,53445.2,30,15,10575
BANKNIFTY-III.NFO,28/06/2024,09:58:57,53402.75,53407.1,60,53445.35,30,0,10575
BANKNIFTY-III.NFO,28/06/2024,09:58:59,53402.75,53407.7,60,53451.4,30,0,10575
BANKNIFTY-III.NFO,28/06/2024,09:59:00,53402.75,53412.95,60,53452.9,30,0,10575
BANKNIFTY-III.NFO,28/06/2024,09:59:02,53402.75,53405.45,60,53447.05,30,0,10575
BANKNIFTY-III.NFO,28/06/2024,09:59:04,53402.75,53401.85,60,53444.2,30,0,10575
BANKNIFTY-III.NFO,28/06/2024,09:59:05,53402.75,53401.85,60,53424.95,30,0,10575
BANKNIFTY-III.NFO,28/06/2024,09:59:07,53402.75,53406.35,60,53425,30,0,10575
BANKNIFTY-III.NFO,28/06/2024,09:59:09,53402.75,53411.55,60,53425,30,0,10575
BANKNIFTY-III.NFO,28/06/2024,09:59:10,53402.75,53414.8,60,53425,30,0,10575
BANKNIFTY-III.NFO,28/06/2024,09:59:12,53402.75,53415.25,75,53425,30,0,10575
BANKNIFTY-III.NFO,28/06/2024,09:59:14,53402.75,53417.25,60,53425,30,0,10575
BANKNIFTY-III.NFO,28/06/2024,09:59:15,53425,53422.2,60,53443.9,30,30,10575
BANKNIFTY-III.NFO,28/06/2024,09:59:17,53425,53432.65,60,53454.75,30,0,10575
BANKNIFTY-III.NFO,28/06/2024,09:59:19,53425,53433.1,60,53454.75,30,0,10575
BANKNIFTY-III.NFO,28/06/2024,09:59:20,53425,53429.4,15,53454.75,30,0,10575
BANKNIFTY-III.NFO,28/06/2024,09:59:22,53425,53426.8,15,53448.45,30,0,10575
BANKNIFTY-III.NFO,28/06/2024,09:59:24,53425,53423.7,60,53447.6,30,0,10575
BANKNIFTY-III.NFO,28/06/2024,09:59:25,53425,53418.95,60,53445.7,30,0,10575
BANKNIFTY-III.NFO,28/06/2024,09:59:27,53425,53418.95,60,53447,30,0,10575
BANKNIFTY-III.NFO,28/06/2024,09:59:29,53425,53418.95,60,53447.6,30,0,10575
BANKNIFTY-III.NFO,28/06/2024,09:59:30,53425,53417.9,60,53443.55,30,0,10575
BANKNIFTY-III.NFO,28/06/2024,09:59:32,53425,53415.25,15,53438,30,0,10575
BANKNIFTY-III.NFO,28/06/2024,09:59:33,53425,53412.8,60,53435.7,30,0,10575
BANKNIFTY-III.NFO,28/06/2024,09:59:35,53425,53410.95,60,53435.7,30,0,10575
BANKNIFTY-III.NFO,28/06/2024,09:59:40,53425,53409.9,60,53435.7,30,0,10575
BANKNIFTY-III.NFO,28/06/2024,09:59:46,53425,53407.3,60,53432,30,0,10575
BANKNIFTY-III.NFO,28/06/2024,09:59:48,53425,53403.55,60,53429.15,30,0,10575
BANKNIFTY-III.NFO,28/06/2024,09:59:50,53425,53401.35,60,53429.15,30,0,10575
BANKNIFTY-III.NFO,28/06/2024,09:59:51,53401.35,53401.35,30,53429.15,60,60,10575
BANKNIFTY-III.NFO,28/06/2024,09:59:53,53401.35,53401.35,30,53429.15,60,0,10575
BANKNIFTY-III.NFO,28/06/2024,09:59:56,53401.35,53400.25,30,53424.8,60,0,10575
BANKNIFTY-III.NFO,28/06/2024,09:59:58,53401.35,53398.7,30,53424.8,60,0,10575
BANKNIFTY-III.NFO,28/06/2024,10:00:01,53401.35,53398,30,53429.2,15,0,10575
BANKNIFTY-III.NFO,28/06/2024,10:00:03,53401.35,53406.5,30,53435.75,15,0,10575
BANKNIFTY-III.NFO,28/06/2024,10:00:04,53401.35,53414,30,53442.9,15,0,10575
BANKNIFTY-III.NFO,28/06/2024,10:00:06,53401.35,53412.15,30,53442.85,60,0,10575
BANKNIFTY-III.NFO,28/06/2024,10:00:11,53401.35,53412.65,30,53442.85,60,0,10575
BANKNIFTY-III.NFO,28/06/2024,10:00:13,53401.35,53412.35,30,53442.85,60,0,10575
BANKNIFTY-III.NFO,28/06/2024,10:01:05,53401.35,53414.4,30,53442.85,60,0,10575
BANKNIFTY-III.NFO,28/06/2024,10:02:07,53441.3,53417.65,45,53441.3,75,15,11370
BANKNIFTY-III.NFO,28/06/2024,10:03:08,53417.65,53419.8,30,53441.25,75,45,11370
BANKNIFTY-III.NFO,28/06/2024,10:04:09,53417.65,53417.7,30,53438.9,60,0,11370
BANKNIFTY-III.NFO,28/06/2024,10:05:07,53400.05,53400.05,15,53419.5,60,45,11370
BANKNIFTY-III.NFO,28/06/2024,10:06:13,53435.1,53425.7,15,53441.25,75,30,11370
BANKNIFTY-III.NFO,28/06/2024,10:06:14,53435.1,53425.7,15,53441.25,75,0,11370
BANKNIFTY-III.NFO,28/06/2024,10:06:21,53435.1,53424.7,15,53441.25,75,0,11370
BANKNIFTY-III.NFO,28/06/2024,10:06:23,53435.1,53424.75,15,53441.25,75,0,11370
BANKNIFTY-III.NFO,28/06/2024,10:06:24,53435.1,53420.8,15,53441.15,60,0,11370
BANKNIFTY-III.NFO,28/06/2024,10:06:26,53435.1,53420.8,15,53441.2,60,0,11370
BANKNIFTY-III.NFO,28/06/2024,10:06:28,53435.1,53420.7,15,53440.2,60,0,11370
BANKNIFTY-III.NFO,28/06/2024,10:06:29,53435.1,53420.7,15,53439.2,60,0,11370
BANKNIFTY-III.NFO,28/06/2024,10:06:31,53435.1,53418.85,15,53438.7,60,0,11370
BANKNIFTY-III.NFO,28/06/2024,10:06:34,53418.8,53420.1,30,53438.7,60,30,11385
BANKNIFTY-III.NFO,28/06/2024,10:06:36,53418.8,53423.1,30,53438.7,60,0,11385
BANKNIFTY-III.NFO,28/06/2024,10:06:38,53418.8,53424.45,15,53441.2,60,0,11385
BANKNIFTY-III.NFO,28/06/2024,10:06:39,53418.8,53420.1,15,53440.9,60,0,11385
BANKNIFTY-III.NFO,28/06/2024,10:06:41,53418.8,53420.1,15,53439.2,60,0,11385
BANKNIFTY-III.NFO,28/06/2024,10:06:43,53418.8,53420,30,53437.9,60,0,11385
BANKNIFTY-III.NFO,28/06/2024,10:06:44,53418.8,53420,30,53436.9,60,0,11385
BANKNIFTY-III.NFO,28/06/2024,10:06:46,53418.8,53420,15,53437,60,0,11385
BANKNIFTY-III.NFO,28/06/2024,10:06:47,53420,53416.4,15,53436.2,60,15,11385
BANKNIFTY-III.NFO,28/06/2024,10:06:49,53420,53416.4,15,53435.2,60,0,11385
BANKNIFTY-III.NFO,28/06/2024,10:06:51,53420,53416.4,15,53435.6,60,0,11385
BANKNIFTY-III.NFO,28/06/2024,10:06:52,53420,53417.35,15,53435.2,60,0,11385
BANKNIFTY-III.NFO,28/06/2024,10:06:54,53420,53417.65,45,53435.7,60,0,11385
BANKNIFTY-III.NFO,28/06/2024,10:06:56,53420,53417.25,15,53435.7,60,0,11385
BANKNIFTY-III.NFO,28/06/2024,10:06:57,53417.25,53416.4,15,53435.7,60,15,11385
BANKNIFTY-III.NFO,28/06/2024,10:06:59,53417.25,53414.4,15,53434.4,60,0,11385
BANKNIFTY-III.NFO,28/06/2024,10:07:01,53417.25,53413.4,15,53433.1,60,0,11385
BANKNIFTY-III.NFO,28/06/2024,10:07:02,53417.25,53411.4,15,53431.8,60,0,11385
BANKNIFTY-III.NFO,28/06/2024,10:07:04,53417.25,53411.4,15,53431,60,0,11385
BANKNIFTY-III.NFO,28/06/2024,10:07:05,53417.25,53411.4,15,53430.5,60,0,11385
BANKNIFTY-III.NFO,28/06/2024,10:07:07,53417.25,53411.4,15,53430.4,60,0,11385
BANKNIFTY-III.NFO,28/06/2024,10:07:09,53417.25,53413.8,15,53430.4,75,0,11385
BANKNIFTY-III.NFO,28/06/2024,10:07:10,53417.25,53414.65,15,53430.4,75,0,11385
BANKNIFTY-III.NFO,28/06/2024,10:07:21,53417.25,53414.35,15,53431.35,60,0,11385
BANKNIFTY-III.NFO,28/06/2024,10:08:22,53421,53413.15,30,53425,15,45,11385
BANKNIFTY-III.NFO,28/06/2024,10:09:14,53439,53426.3,45,53441.25,75,75,11340
BANKNIFTY-III.NFO,28/06/2024,10:09:16,53439,53426.75,60,53441.25,75,0,11340
BANKNIFTY-III.NFO,28/06/2024,10:09:18,53439,53423.7,45,53441.2,60,0,11340
BANKNIFTY-III.NFO,28/06/2024,10:09:19,53439,53422.85,15,53440.2,60,0,11340
BANKNIFTY-III.NFO,28/06/2024,10:09:21,53439,53418.7,15,53438.9,60,0,11340
BANKNIFTY-III.NFO,28/06/2024,10:09:23,53439,53418.75,45,53438.4,60,0,11340
BANKNIFTY-III.NFO,28/06/2024,10:09:24,53439,53417.75,45,53437.1,60,0,11340
BANKNIFTY-III.NFO,28/06/2024,10:09:26,53439,53417.75,45,53437.2,60,0,11340
BANKNIFTY-III.NFO,28/06/2024,10:09:29,53439,53416.2,45,53436.9,60,0,11340
BANKNIFTY-III.NFO,28/06/2024,10:09:31,53439,53414.9,45,53435.2,60,0,11340
BANKNIFTY-III.NFO,28/06/2024,10:09:33,53439,53410.5,45,53433.9,60,0,11340
BANKNIFTY-III.NFO,28/06/2024,10:09:34,53439,53410.45,15,53432.6,60,0,11340
BANKNIFTY-III.NFO,28/06/2024,10:09:36,53439,53410.45,15,53431.3,60,0,11340
BANKNIFTY-III.NFO,28/06/2024,10:09:38,53439,53407.1,45,53430.8,60,0,11340
BANKNIFTY-III.NFO,28/06/2024,10:09:39,53430,53407.1,60,53430,60,15,11340
BANKNIFTY-III.NFO,28/06/2024,10:09:41,53430,53406.65,60,53428.7,60,0,11340
BANKNIFTY-III.NFO,28/06/2024,10:09:43,53430,53405.55,60,53427.4,60,0,11340
BANKNIFTY-III.NFO,28/06/2024,10:09:44,53430,53405.55,60,53426.9,60,0,11340
BANKNIFTY-III.NFO,28/06/2024,10:09:46,53430,53405.55,60,53427.1,60,0,11340
BANKNIFTY-III.NFO,28/06/2024,10:09:48,53430,53404.8,60,53425.4,60,0,11340
BANKNIFTY-III.NFO,28/06/2024,10:09:49,53430,53407.05,60,53425.7,60,0,11340
BANKNIFTY-III.NFO,28/06/2024,10:09:53,53430,53407.05,60,53424.7,60,0,11340
BANKNIFTY-III.NFO,28/06/2024,10:09:58,53430,53404.8,60,53423.3,60,0,11340
BANKNIFTY-III.NFO,28/06/2024,10:09:59,53430,53404.8,60,53422.7,60,0,11340
BANKNIFTY-III.NFO,28/06/2024,10:10:04,53430,53404.8,60,53421.4,60,0,11340
BANKNIFTY-III.NFO,28/06/2024,10:10:06,53430,53405.3,60,53423.75,15,0,11340
BANKNIFTY-III.NFO,28/06/2024,10:10:08,53430,53407.6,60,53423.75,15,0,11340
BANKNIFTY-III.NFO,28/06/2024,10:10:09,53430,53408.25,60,53423.7,60,0,11340
BANKNIFTY-III.NFO,28/06/2024,10:10:11,53430,53405.3,60,53423.7,60,0,11340
BANKNIFTY-III.NFO,28/06/2024,10:10:13,53430,53406.05,60,53423.75,15,0,11340
BANKNIFTY-III.NFO,28/06/2024,10:10:30,53430,53403.95,60,53421.7,60,0,11340
BANKNIFTY-III.NFO,28/06/2024,10:11:33,53430,53417.15,60,53438.15,60,0,11340
BANKNIFTY-III.NFO,28/06/2024,10:12:15,53430,53420.9,60,53436.7,60,0,11340
BANKNIFTY-III.NFO,28/06/2024,10:12:17,53430,53424.55,60,53441.25,75,0,11340
BANKNIFTY-III.NFO,28/06/2024,10:12:19,53430,53426.5,60,53441.25,60,0,11340
BANKNIFTY-III.NFO,28/06/2024,10:12:20,53430,53427.6,60,53441.25,60,0,11340
BANKNIFTY-III.NFO,28/06/2024,10:12:22,53430,53421.95,60,53430,45,0,11340
BANKNIFTY-III.NFO,28/06/2024,10:12:25,53430,53419.65,75,53430,45,0,11340
BANKNIFTY-III.NFO,28/06/2024,10:12:27,53430,53421.35,75,53430,45,0,11340
BANKNIFTY-III.NFO,28/06/2024,10:12:29,53430,53420.3,75,53430,45,0,11340
BANKNIFTY-III.NFO,28/06/2024,10:12:30,53430,53419.65,75,53430,45,0,11340
BANKNIFTY-III.NFO,28/06/2024,10:12:32,53430,53422.95,75,53430,45,0,11340
BANKNIFTY-III.NFO,28/06/2024,10:12:34,53430,53426,75,53430,45,0,11340
BANKNIFTY-III.NFO,28/06/2024,10:12:35,53430,53429.05,75,53430,30,15,11340
BANKNIFTY-III.NFO,28/06/2024,10:12:37,53430,53429.65,60,53441.3,15,30,11340
BANKNIFTY-III.NFO,28/06/2024,10:12:39,53430,53428.95,60,53441.25,75,0,11340
BANKNIFTY-III.NFO,28/06/2024,10:12:40,53430,53426.65,60,53441.25,60,0,11340
BANKNIFTY-III.NFO,28/06/2024,10:12:42,53430,53423.7,60,53441.25,60,0,11340
BANKNIFTY-III.NFO,28/06/2024,10:12:44,53430,53423.95,60,53441.25,60,0,11340
BANKNIFTY-III.NFO,28/06/2024,10:12:52,53430,53423.95,60,53441.25,75,0,11340
BANKNIFTY-III.NFO,28/06/2024,10:12:54,53430,53432.05,75,53441.3,15,0,11340
BANKNIFTY-III.NFO,28/06/2024,10:12:55,53430,53436.25,75,53441.3,15,0,11340
BANKNIFTY-III.NFO,28/06/2024,10:12:57,53430,53438,60,53441.3,15,0,11340
BANKNIFTY-III.NFO,28/06/2024,10:12:59,53430,53432,60,53441.3,15,0,11340
BANKNIFTY-III.NFO,28/06/2024,10:13:00,53430,53438.35,60,53441.3,15,0,11340
BANKNIFTY-III.NFO,28/06/2024,10:13:02,53441.3,53440.45,60,53450,15,15,11340
BANKNIFTY-III.NFO,28/06/2024,10:13:04,53441.3,53442.4,75,53450,15,0,11340
BANKNIFTY-III.NFO,28/06/2024,10:13:05,53441.3,53438.5,60,53450,15,0,11340
BANKNIFTY-III.NFO,28/06/2024,10:13:07,53441.3,53438.25,60,53449.95,75,0,11340
BANKNIFTY-III.NFO,28/06/2024,10:13:09,53441.3,53437.05,60,53449.95,75,0,11340
BANKNIFTY-III.NFO,28/06/2024,10:13:10,53441.3,53439.2,75,53449.95,60,0,11340
BANKNIFTY-III.NFO,28/06/2024,10:13:12,53441.3,53437.55,60,53449.95,75,0,11340
BANKNIFTY-III.NFO,28/06/2024,10:13:14,53441.3,53437.05,45,53449.95,75,0,11340
BANKNIFTY-III.NFO,28/06/2024,10:13:15,53441.3,53432.45,60,53449.85,45,0,11340
BANKNIFTY-III.NFO,28/06/2024,10:13:17,53441.3,53431.05,60,53444.7,60,0,11340
BANKNIFTY-III.NFO,28/06/2024,10:13:18,53441.3,53429.45,60,53446.5,60,0,11340
BANKNIFTY-III.NFO,28/06/2024,10:13:20,53441.3,53428.95,60,53446.3,60,0,11340
BANKNIFTY-III.NFO,28/06/2024,10:13:27,53441.3,53427.4,60,53446.3,60,0,11340
BANKNIFTY-III.NFO,28/06/2024,10:13:28,53441.3,53423.15,60,53439.5,60,0,11340
BANKNIFTY-III.NFO,28/06/2024,10:13:30,53441.3,53425.75,60,53440,60,0,11340
BANKNIFTY-III.NFO,28/06/2024,10:13:32,53441.3,53423.2,60,53440.15,60,0,11340
BANKNIFTY-III.NFO,28/06/2024,10:13:33,53441.3,53424.2,60,53440.55,60,0,11340
BANKNIFTY-III.NFO,28/06/2024,10:13:37,53441.3,53422.8,75,53438.55,60,0,11340
BANKNIFTY-III.NFO,28/06/2024,10:13:40,53441.3,53422.75,60,53437.25,60,0,11340
BANKNIFTY-III.NFO,28/06/2024,10:13:42,53441.3,53422.75,60,53437,60,0,11340
BANKNIFTY-III.NFO,28/06/2024,10:13:45,53441.3,53415.65,60,53431.85,60,0,11340
BANKNIFTY-III.NFO,28/06/2024,10:13:47,53441.3,53421,15,53433.45,60,0,11340
BANKNIFTY-III.NFO,28/06/2024,10:13:48,53441.3,53421.05,60,53434.95,60,0,11340
BANKNIFTY-III.NFO,28/06/2024,10:13:50,53441.3,53423.1,60,53439.05,60,0,11340
BANKNIFTY-III.NFO,28/06/2024,10:13:52,53441.3,53423.1,60,53440.55,60,0,11340
BANKNIFTY-III.NFO,28/06/2024,10:13:53,53441.3,53424.15,60,53439.55,60,0,11340
BANKNIFTY-III.NFO,28/06/2024,10:13:55,53441.3,53422.6,60,53437.35,60,0,11340
BANKNIFTY-III.NFO,28/06/2024,10:13:57,53441.3,53421.05,60,53435,60,0,11340
BANKNIFTY-III.NFO,28/06/2024,10:13:58,53441.3,53421.05,60,53434.3,60,0,11340
BANKNIFTY-III.NFO,28/06/2024,10:14:00,53441.3,53421.05,75,53434.25,60,0,11340
BANKNIFTY-III.NFO,28/06/2024,10:14:02,53441.3,53421.05,75,53437.9,60,0,11340
BANKNIFTY-III.NFO,28/06/2024,10:14:09,53441.3,53421.1,60,53437.9,60,0,11340
BANKNIFTY-III.NFO,28/06/2024,10:14:14,53441.3,53416.1,60,53431.6,60,0,11340
BANKNIFTY-III.NFO,28/06/2024,10:14:16,53441.3,53419.2,60,53434.25,60,0,11340
BANKNIFTY-III.NFO,28/06/2024,10:14:18,53441.3,53422.1,60,53438.4,60,0,11340
BANKNIFTY-III.NFO,28/06/2024,10:14:21,53441.3,53418.95,60,53434.85,75,0,11340
BANKNIFTY-III.NFO,28/06/2024,10:14:23,53441.3,53415.8,60,53431.75,60,0,11340
BANKNIFTY-III.NFO,28/06/2024,10:14:25,53441.3,53413.8,60,53429.55,60,0,11340
BANKNIFTY-III.NFO,28/06/2024,10:14:26,53441.3,53411.2,60,53426.5,60,0,11340
BANKNIFTY-III.NFO,28/06/2024,10:14:28,53441.3,53411.7,60,53426.5,60,0,11340
BANKNIFTY-III.NFO,28/06/2024,10:14:30,53441.3,53412.2,60,53426.5,60,0,11340
BANKNIFTY-III.NFO,28/06/2024,10:14:31,53441.3,53414.8,60,53429.55,60,0,11340
BANKNIFTY-III.NFO,28/06/2024,10:14:33,53441.3,53412.2,75,53427.5,60,0,11340
BANKNIFTY-III.NFO,28/06/2024,10:14:34,53441.3,53412.3,60,53427.5,60,0,11340
BANKNIFTY-III.NFO,28/06/2024,10:14:36,53441.3,53414.05,75,53427,60,0,11340
BANKNIFTY-III.NFO,28/06/2024,10:14:38,53441.3,53413.2,60,53427,60,0,11340
BANKNIFTY-III.NFO,28/06/2024,10:14:39,53441.3,53413.85,75,53427,60,0,11340
BANKNIFTY-III.NFO,28/06/2024,10:14:42,53441.3,53414.35,75,53430.05,60,0,11340
BANKNIFTY-III.NFO,28/06/2024,10:14:44,53441.3,53415.95,60,53431.1,60,0,11340
BANKNIFTY-III.NFO,28/06/2024,10:14:46,53441.3,53414.95,60,53430.35,60,0,11340
BANKNIFTY-III.NFO,28/06/2024,10:14:47,53441.3,53414,75,53428.55,60,0,11340
BANKNIFTY-III.NFO,28/06/2024,10:14:49,53441.3,53414,75,53428.85,60,0,11340
BANKNIFTY-III.NFO,28/06/2024,10:14:51,53441.3,53415.9,75,53429.35,60,0,11340
BANKNIFTY-III.NFO,28/06/2024,10:14:52,53441.3,53417.9,75,53430.55,15,0,11340
BANKNIFTY-III.NFO,28/06/2024,10:14:54,53441.3,53418.45,75,53430.5,60,0,11340
BANKNIFTY-III.NFO,28/06/2024,10:14:56,53441.3,53416.45,60,53430.5,60,0,11340
BANKNIFTY-III.NFO,28/06/2024,10:14:57,53441.3,53417.85,60,53431.05,60,0,11340
BANKNIFTY-III.NFO,28/06/2024,10:14:59,53441.3,53431.05,15,53431.65,60,0,11340
BANKNIFTY-III.NFO,28/06/2024,10:15:00,53441.3,53431.05,15,53431.7,45,0,11340
BANKNIFTY-III.NFO,28/06/2024,10:15:02,53441.3,53431.05,15,53435.55,60,0,11340
BANKNIFTY-III.NFO,28/06/2024,10:15:04,53441.3,53431.05,15,53436.7,60,0,11340
BANKNIFTY-III.NFO,28/06/2024,10:15:05,53441.3,53431.05,15,53440.45,60,0,11340
BANKNIFTY-III.NFO,28/06/2024,10:15:10,53441.3,53431.05,30,53445.8,60,0,11340
BANKNIFTY-III.NFO,28/06/2024,10:15:13,53441.3,53431.1,60,53446.8,60,0,11340
BANKNIFTY-III.NFO,28/06/2024,10:15:15,53441.3,53442,15,53444.6,45,0,11340
BANKNIFTY-III.NFO,28/06/2024,10:15:16,53441.3,53442,15,53445.65,45,0,11340
BANKNIFTY-III.NFO,28/06/2024,10:15:20,53441.3,53442,15,53450,15,0,11340
BANKNIFTY-III.NFO,28/06/2024,10:15:21,53441.3,53442,15,53449.95,75,0,11340
BANKNIFTY-III.NFO,28/06/2024,10:15:23,53441.3,53433.05,60,53449.25,60,0,11340
BANKNIFTY-III.NFO,28/06/2024,10:15:25,53441.3,53433.5,75,53449.4,60,0,11340
BANKNIFTY-III.NFO,28/06/2024,10:15:26,53441.3,53432.8,60,53448.9,60,0,11340
BANKNIFTY-III.NFO,28/06/2024,10:15:28,53450,53436.65,60,53451.95,60,15,11325
BANKNIFTY-III.NFO,28/06/2024,10:15:30,53450,53433.6,60,53449.4,60,0,11325
BANKNIFTY-III.NFO,28/06/2024,10:15:31,53450,53433.6,60,53448.85,60,0,11325
BANKNIFTY-III.NFO,28/06/2024,10:15:33,53450,53433.7,60,53448.35,60,0,11325
BANKNIFTY-III.NFO,28/06/2024,10:15:34,53448.35,53428.2,60,53444.65,45,15,11325
BANKNIFTY-III.NFO,28/06/2024,10:15:36,53448.35,53429.2,75,53445.7,45,0,11325
BANKNIFTY-III.NFO,28/06/2024,10:15:38,53448.35,53430.15,60,53446.25,45,0,11325
BANKNIFTY-III.NFO,28/06/2024,10:15:39,53448.35,53431.7,60,53446.8,45,0,11325
BANKNIFTY-III.NFO,28/06/2024,10:15:41,53448.35,53432.4,60,53447.3,45,0,11325
BANKNIFTY-III.NFO,28/06/2024,10:15:43,53448.35,53433.9,60,53448.85,45,0,11325
BANKNIFTY-III.NFO,28/06/2024,10:15:44,53448.35,53434.75,60,53448.9,15,0,11325
BANKNIFTY-III.NFO,28/06/2024,10:15:46,53448.35,53431.7,60,53448.85,45,0,11325
BANKNIFTY-III.NFO,28/06/2024,10:15:48,53448.35,53430.15,60,53446.5,45,0,11325
BANKNIFTY-III.NFO,28/06/2024,10:15:49,53448.35,53430.05,75,53444.1,45,0,11325
BANKNIFTY-III.NFO,28/06/2024,10:15:51,53448.35,53430.05,60,53442.55,45,0,11325
BANKNIFTY-III.NFO,28/06/2024,10:15:52,53448.35,53430.05,75,53442.55,45,0,11325
BANKNIFTY-III.NFO,28/06/2024,10:15:54,53448.35,53430.05,75,53442.6,45,0,11325
BANKNIFTY-III.NFO,28/06/2024,10:15:56,53448.35,53430.05,75,53442.15,60,0,11325
BANKNIFTY-III.NFO,28/06/2024,10:15:59,53448.35,53430.05,60,53442.15,60,0,11325
BANKNIFTY-III.NFO,28/06/2024,10:16:00,53448.35,53430.05,75,53444.6,45,0,11325
BANKNIFTY-III.NFO,28/06/2024,10:16:02,53448.35,53430.05,60,53444.6,45,0,11325
BANKNIFTY-III.NFO,28/06/2024,10:16:05,53448.35,53430,30,53444.6,45,0,11325
BANKNIFTY-III.NFO,28/06/2024,10:16:07,53448.35,53430,15,53440.85,60,0,11325
BANKNIFTY-III.NFO,28/06/2024,10:16:09,53448.35,53430,15,53439.95,45,0,11325
BANKNIFTY-III.NFO,28/06/2024,10:16:10,53448.35,53430.05,75,53440.65,45,0,11325
BANKNIFTY-III.NFO,28/06/2024,10:16:12,53448.35,53430,15,53438.6,60,0,11325
BANKNIFTY-III.NFO,28/06/2024,10:16:14,53448.35,53430,15,53436.75,45,0,11325
BANKNIFTY-III.NFO,28/06/2024,10:16:15,53448.35,53430,30,53442.35,45,0,11325
BANKNIFTY-III.NFO,28/06/2024,10:16:16,53448.35,53430,15,53437.55,60,0,11325
BANKNIFTY-III.NFO,28/06/2024,10:16:18,53448.35,53430,15,53437.25,60,0,11325
BANKNIFTY-III.NFO,28/06/2024,10:16:20,53448.35,53430,15,53432.2,45,0,11325
BANKNIFTY-III.NFO,28/06/2024,10:16:21,53448.35,53430,15,53432.65,45,0,11325
BANKNIFTY-III.NFO,28/06/2024,10:16:23,53448.35,53430,15,53431.85,45,0,11325
BANKNIFTY-III.NFO,28/06/2024,10:16:25,53448.35,53430,15,53431.65,45,0,11325
BANKNIFTY-III.NFO,28/06/2024,10:16:26,53430,53415.95,60,53430.85,45,15,11325
BANKNIFTY-III.NFO,28/06/2024,10:16:28,53430,53415.95,60,53430.85,45,0,11325
BANKNIFTY-III.NFO,28/06/2024,10:16:38,53430,53415.95,60,53430.75,45,0,11325
BANKNIFTY-III.NFO,28/06/2024,10:16:46,53430,53411.75,60,53430.35,45,0,11325
BANKNIFTY-III.NFO,28/06/2024,10:16:48,53430,53409.65,60,53428.75,45,0,11325
BANKNIFTY-III.NFO,28/06/2024,10:16:50,53430,53409.65,60,53428.25,45,0,11325
BANKNIFTY-III.NFO,28/06/2024,10:16:51,53430,53409.15,60,53427.15,45,0,11325
BANKNIFTY-III.NFO,28/06/2024,10:16:53,53430,53409.15,60,53426.45,45,0,11325
BANKNIFTY-III.NFO,28/06/2024,10:17:01,53430,53409.15,60,53426.75,45,0,11325
BANKNIFTY-III.NFO,28/06/2024,10:17:03,53430,53406.4,60,53425.45,45,0,11325
BANKNIFTY-III.NFO,28/06/2024,10:17:05,53430,53402.85,60,53424.15,45,0,11325
BANKNIFTY-III.NFO,28/06/2024,10:17:06,53430,53402.85,60,53422.85,45,0,11325
BANKNIFTY-III.NFO,28/06/2024,10:17:08,53430,53402.85,60,53421.75,45,0,11325
BANKNIFTY-III.NFO,28/06/2024,10:17:10,53430,53402.85,60,53421.25,45,0,11325
BANKNIFTY-III.NFO,28/06/2024,10:17:11,53430,53402.85,60,53420.45,45,0,11325
BANKNIFTY-III.NFO,28/06/2024,10:17:13,53402.85,53402.85,60,53420.45,60,15,11325
BANKNIFTY-III.NFO,28/06/2024,10:17:15,53402.85,53400.3,60,53419.95,60,0,11325
BANKNIFTY-III.NFO,28/06/2024,10:17:17,53402.85,53400.05,75,53418.95,60,0,11325
BANKNIFTY-III.NFO,28/06/2024,10:17:23,53402.85,53400.05,75,53418.55,60,0,11325
BANKNIFTY-III.NFO,28/06/2024,10:17:25,53402.85,53400.05,75,53418.45,60,0,11325
BANKNIFTY-III.NFO,28/06/2024,10:17:35,53402.85,53400.05,75,53418.5,15,0,11325
BANKNIFTY-III.NFO,28/06/2024,10:17:37,53402.85,53400.1,60,53420,30,0,11325
BANKNIFTY-III.NFO,28/06/2024,10:17:38,53402.85,53400.2,60,53420,30,0,11325
BANKNIFTY-III.NFO,28/06/2024,10:17:40,53402.85,53401.15,60,53419.95,60,0,11325
BANKNIFTY-III.NFO,28/06/2024,10:17:42,53402.85,53401.15,60,53419.45,60,0,11325
BANKNIFTY-III.NFO,28/06/2024,10:17:45,53402.85,53400.05,75,53419.05,60,0,11325
BANKNIFTY-III.NFO,28/06/2024,10:17:47,53402.85,53400.05,75,53416.95,60,0,11325
BANKNIFTY-III.NFO,28/06/2024,10:17:50,53402.85,53400.05,75,53416.35,60,0,11325
BANKNIFTY-III.NFO,28/06/2024,10:17:52,53402.85,53400.05,75,53415.75,60,0,11325
BANKNIFTY-III.NFO,28/06/2024,10:17:53,53402.85,53400.05,75,53414.95,60,0,11325
BANKNIFTY-III.NFO,28/06/2024,10:17:57,53402.85,53400.05,75,53414.45,60,0,11325
BANKNIFTY-III.NFO,28/06/2024,10:18:00,53402.85,53400.05,60,53412.35,60,0,11325
BANKNIFTY-III.NFO,28/06/2024,10:18:02,53402.85,53400.05,60,53411.45,60,0,11325
BANKNIFTY-III.NFO,28/06/2024,10:18:03,53402.85,53400.05,60,53410.55,60,0,11325
BANKNIFTY-III.NFO,28/06/2024,10:18:05,53402.85,53400,90,53410.25,60,0,11325
BANKNIFTY-III.NFO,28/06/2024,10:18:07,53402.85,53400,90,53408.75,60,0,11325
BANKNIFTY-III.NFO,28/06/2024,10:18:08,53402.85,53400,90,53407.45,60,0,11325
BANKNIFTY-III.NFO,28/06/2024,10:18:10,53402.85,53400.05,60,53414.05,60,0,11325
BANKNIFTY-III.NFO,28/06/2024,10:18:12,53402.85,53400,105,53413.15,60,0,11325
BANKNIFTY-III.NFO,28/06/2024,10:18:13,53402.85,53400,105,53412.35,75,0,11325
BANKNIFTY-III.NFO,28/06/2024,10:18:16,53402.85,53400.05,60,53417.45,60,0,11325
BANKNIFTY-III.NFO,28/06/2024,10:18:17,53402.85,53400.05,60,53416.65,60,0,11325
BANKNIFTY-III.NFO,28/06/2024,10:18:19,53402.85,53400.05,60,53415.75,75,0,11325
BANKNIFTY-III.NFO,28/06/2024,10:18:21,53402.85,53400.05,60,53414.45,60,0,11325
BANKNIFTY-III.NFO,28/06/2024,10:18:22,53402.85,53400.05,60,53415.75,75,0,11325
BANKNIFTY-III.NFO,28/06/2024,10:18:27,53402.85,53400.05,60,53414.85,60,0,11325
BANKNIFTY-III.NFO,28/06/2024,10:18:29,53402.85,53400,105,53413.25,75,0,11325
BANKNIFTY-III.NFO,28/06/2024,10:18:30,53402.85,53400,90,53402.7,60,0,11325
BANKNIFTY-III.NFO,28/06/2024,10:18:32,53402.85,53400,90,53402.85,30,0,11325
BANKNIFTY-III.NFO,28/06/2024,10:18:34,53402.85,53400.05,60,53402.85,30,0,11325
BANKNIFTY-III.NFO,28/06/2024,10:18:36,53402.85,53400,90,53402.85,30,0,11325
BANKNIFTY-III.NFO,28/06/2024,10:18:37,53402.85,53400,90,53402.8,15,0,11325
BANKNIFTY-III.NFO,28/06/2024,10:18:39,53400,53400,60,53402.8,30,30,11355
BANKNIFTY-III.NFO,28/06/2024,10:18:41,53400,53395,60,53395.1,30,60,11355
BANKNIFTY-III.NFO,28/06/2024,10:18:42,53400,53395,60,53402.1,60,0,11355
BANKNIFTY-III.NFO,28/06/2024,10:18:44,53400,53395,60,53401.75,30,0,11355
BANKNIFTY-III.NFO,28/06/2024,10:18:46,53400,53395,60,53400.5,15,0,11355
BANKNIFTY-III.NFO,28/06/2024,10:18:47,53400,53395,60,53403.75,75,0,11355
BANKNIFTY-III.NFO,28/06/2024,10:18:49,53400,53395,60,53402.45,15,0,11355
BANKNIFTY-III.NFO,28/06/2024,10:18:51,53400,53395,60,53402.25,60,0,11355
BANKNIFTY-III.NFO,28/06/2024,10:18:52,53400,53395,60,53401.8,60,0,11355
BANKNIFTY-III.NFO,28/06/2024,10:18:54,53400,53395,60,53401.35,15,0,11355
BANKNIFTY-III.NFO,28/06/2024,10:18:56,53400,53395.05,60,53404.25,30,0,11355
BANKNIFTY-III.NFO,28/06/2024,10:18:57,53400,53395.05,60,53400,30,0,11355
BANKNIFTY-III.NFO,28/06/2024,10:18:59,53400,53395,60,53400,30,0,11355
BANKNIFTY-III.NFO,28/06/2024,10:19:00,53400,53395,60,53395.05,60,0,11355
BANKNIFTY-III.NFO,28/06/2024,10:19:02,53400,53395,60,53395.1,15,0,11355
BANKNIFTY-III.NFO,28/06/2024,10:19:05,53400,53395,60,53399.25,60,0,11355
BANKNIFTY-III.NFO,28/06/2024,10:19:07,53400,53395,60,53399,15,0,11355
BANKNIFTY-III.NFO,28/06/2024,10:19:09,53400,53395,60,53399.2,15,0,11355
BANKNIFTY-III.NFO,28/06/2024,10:19:10,53400,53395,60,53395.1,15,0,11355
BANKNIFTY-III.NFO,28/06/2024,10:19:12,53400,53395.05,75,53400,30,0,11355
BANKNIFTY-III.NFO,28/06/2024,10:19:13,53400,53395,60,53400,30,0,11355
BANKNIFTY-III.NFO,28/06/2024,10:19:15,53400,53395.05,60,53400,30,0,11355
BANKNIFTY-III.NFO,28/06/2024,10:19:17,53400,53395.05,75,53399.95,15,0,11355
BANKNIFTY-III.NFO,28/06/2024,10:19:19,53400,53395.05,75,53400,30,0,11355
BANKNIFTY-III.NFO,28/06/2024,10:19:22,53400,53395.05,60,53400,30,0,11355
BANKNIFTY-III.NFO,28/06/2024,10:19:30,53400,53395.05,60,53425.75,60,30,11355
BANKNIFTY-III.NFO,28/06/2024,10:19:32,53400,53395.05,60,53425,60,0,11355
BANKNIFTY-III.NFO,28/06/2024,10:19:33,53400,53395.05,60,53423.35,60,0,11355
BANKNIFTY-III.NFO,28/06/2024,10:19:35,53400,53395.05,60,53421.95,60,0,11355
BANKNIFTY-III.NFO,28/06/2024,10:19:37,53400,53395.05,60,53420.15,60,0,11355
BANKNIFTY-III.NFO,28/06/2024,10:19:38,53400,53395.05,60,53409.7,15,0,11355
BANKNIFTY-III.NFO,28/06/2024,10:19:40,53400,53395,60,53407.95,60,0,11355
BANKNIFTY-III.NFO,28/06/2024,10:19:41,53400,53395,60,53407.35,60,0,11355
BANKNIFTY-III.NFO,28/06/2024,10:19:43,53400,53395,60,53406.05,60,0,11355
BANKNIFTY-III.NFO,28/06/2024,10:19:45,53400,53395,60,53404.75,60,0,11355
BANKNIFTY-III.NFO,28/06/2024,10:19:46,53400,53395,60,53403.45,60,0,11355
BANKNIFTY-III.NFO,28/06/2024,10:19:48,53400,53395.05,60,53408.85,60,0,11355
BANKNIFTY-III.NFO,28/06/2024,10:19:50,53400,53395.05,60,53408.35,60,0,11355
BANKNIFTY-III.NFO,28/06/2024,10:19:51,53400,53395.05,60,53407.35,60,0,11355
BANKNIFTY-III.NFO,28/06/2024,10:19:53,53400,53395,60,53406.05,60,0,11355
BANKNIFTY-III.NFO,28/06/2024,10:19:54,53400,53395.05,60,53406.1,15,0,11355
BANKNIFTY-III.NFO,28/06/2024,10:19:56,53400,53395.05,60,53408,15,0,11355
BANKNIFTY-III.NFO,28/06/2024,10:19:58,53400,53395.05,60,53407.9,15,0,11355
BANKNIFTY-III.NFO,28/06/2024,10:19:59,53400,53395.05,60,53406.6,15,0,11355
BANKNIFTY-III.NFO,28/06/2024,10:20:01,53400,53395.05,60,53408.8,60,0,11355
BANKNIFTY-III.NFO,28/06/2024,10:20:03,53400,53395,60,53407.5,60,0,11355
BANKNIFTY-III.NFO,28/06/2024,10:20:04,53400,53395,60,53395.1,15,0,11355
BANKNIFTY-III.NFO,28/06/2024,10:20:06,53395.1,53395,60,53395.1,15,15,11355
BANKNIFTY-III.NFO,28/06/2024,10:20:08,53395.1,53395,60,53395.1,15,0,11355
BANKNIFTY-III.NFO,28/06/2024,10:20:09,53395.1,53395,60,53409.15,60,0,11355
BANKNIFTY-III.NFO,28/06/2024,10:20:11,53395.1,53395,60,53407.45,60,0,11355
BANKNIFTY-III.NFO,28/06/2024,10:20:12,53395.1,53395,60,53406.15,60,0,11355
BANKNIFTY-III.NFO,28/06/2024,10:20:14,53395.1,53395,60,53395.1,15,0,11355
BANKNIFTY-III.NFO,28/06/2024,10:20:17,53395.1,53395,60,53405.6,60,0,11355
BANKNIFTY-III.NFO,28/06/2024,10:20:19,53395.1,53395,60,53395.1,15,0,11355
BANKNIFTY-III.NFO,28/06/2024,10:20:20,53395.1,53395,60,53409,60,0,11355
BANKNIFTY-III.NFO,28/06/2024,10:20:22,53395.1,53395.05,60,53409.95,60,0,11355
BANKNIFTY-III.NFO,28/06/2024,10:20:24,53395.1,53395,60,53409.95,60,0,11355
BANKNIFTY-III.NFO,28/06/2024,10:20:27,53395.1,53395,60,53408.75,60,0,11355
BANKNIFTY-III.NFO,28/06/2024,10:20:29,53395.1,53395,60,53409.95,60,0,11355
BANKNIFTY-III.NFO,28/06/2024,10:20:30,53395.1,53395.05,60,53409.95,60,0,11355
BANKNIFTY-III.NFO,28/06/2024,10:20:32,53395.1,53395,60,53409.95,60,0,11355
BANKNIFTY-III.NFO,28/06/2024,10:20:33,53395.1,53395.05,60,53409.95,60,0,11355
BANKNIFTY-III.NFO,28/06/2024,10:20:37,53395.1,53395.05,60,53408.65,60,0,11355
BANKNIFTY-III.NFO,28/06/2024,10:20:38,53395.1,53395.05,60,53407.35,60,0,11355
BANKNIFTY-III.NFO,28/06/2024,10:20:40,53395.1,53395.05,60,53406.65,15,0,11355
BANKNIFTY-III.NFO,28/06/2024,10:20:42,53395.1,53380.1,60,53406.65,15,0,11355
BANKNIFTY-III.NFO,28/06/2024,10:20:43,53395.1,53382.7,60,53406.7,75,0,11355
BANKNIFTY-III.NFO,28/06/2024,10:20:45,53395.1,53380.35,60,53406.7,75,0,11355
BANKNIFTY-III.NFO,28/06/2024,10:20:47,53395.1,53380.8,60,53406.7,75,0,11355
BANKNIFTY-III.NFO,28/06/2024,10:20:48,53395.1,53381.8,60,53406.7,75,0,11355
BANKNIFTY-III.NFO,28/06/2024,10:20:50,53395.1,53384.2,60,53406.65,15,0,11355
