Ticker,Date,Time,LTP,BuyPrice,BuyQty,SellPrice,SellQty,LTQ,OpenInterest
NIFTY-II.NFO,28/06/2024,09:15:01,24218.1,24230.35,50,24244.55,100,75,1214625
NIFTY-II.NFO,28/06/2024,09:15:01,24230.35,24230.35,50,24244.55,100,0,1214625
NIFTY-II.NFO,28/06/2024,09:15:01,24230.35,24230.35,50,24244.55,100,0,1214625
NIFTY-II.NFO,28/06/2024,09:15:01,24218.1,24230.35,50,24244.55,100,0,1214625
NIFTY-II.NFO,28/06/2024,09:15:02,24238.95,24223.55,75,24238.95,100,325,1214625
NIFTY-II.NFO,28/06/2024,09:15:02,24244.55,24223.55,75,24238.95,100,0,1214625
NIFTY-II.NFO,28/06/2024,09:15:02,24216.9,24223.55,75,24238.95,100,0,1214625
NIFTY-II.NFO,28/06/2024,09:15:03,24232.4,24217.7,100,24234.9,50,275,1214625
NIFTY-II.NFO,28/06/2024,09:15:04,24222.05,24222.05,25,24227.15,100,350,1214625
NIFTY-II.NFO,28/06/2024,09:15:05,24221.85,24223.05,250,24228.4,100,150,1214625
NIFTY-II.NFO,28/06/2024,09:15:06,24230.9,24229.45,75,24231.85,100,1425,1214850
NIFTY-II.NFO,28/06/2024,09:15:06,24212.4,24229.45,75,24231.85,100,0,1214850
NIFTY-II.NFO,28/06/2024,09:15:07,24230,24220.75,100,24230,650,975,1214850
NIFTY-II.NFO,28/06/2024,09:15:08,24237.4,24224.65,100,24237.4,25,975,1214850
NIFTY-II.NFO,28/06/2024,09:15:09,24237.75,24228,100,24237.75,75,200,1214850
NIFTY-II.NFO,28/06/2024,09:15:10,24228,24226.55,75,24236.2,100,100,1214850
NIFTY-II.NFO,28/06/2024,09:15:11,24227.35,24227.6,100,24237.25,100,125,1214850
NIFTY-II.NFO,28/06/2024,09:15:12,24239,24229.45,100,24240,25,550,1214850
NIFTY-II.NFO,28/06/2024,09:15:13,24230.35,24230.35,100,24239.9,25,150,1214850
NIFTY-II.NFO,28/06/2024,09:15:14,24239.9,24237.75,25,24240,50,25,1214850
NIFTY-II.NFO,28/06/2024,09:15:15,24237,24236.1,100,24242,50,150,1214850
NIFTY-II.NFO,28/06/2024,09:15:16,24239.45,24235.6,100,24244.95,25,125,1214850
NIFTY-II.NFO,28/06/2024,09:15:17,24245,24234.75,150,24244.95,50,75,1214850
NIFTY-II.NFO,28/06/2024,09:15:17,24245,24234.75,150,24244.95,50,0,1214850
NIFTY-II.NFO,28/06/2024,09:15:19,24245,24237.8,100,24245,25,25,1214850
NIFTY-II.NFO,28/06/2024,09:15:20,24243.05,24234.3,150,24244.45,75,375,1214850
NIFTY-II.NFO,28/06/2024,09:15:21,24244.95,24242,100,24244.95,25,50,1214850
NIFTY-II.NFO,28/06/2024,09:15:22,24245,24242,100,24245,50,25,1214850
NIFTY-II.NFO,28/06/2024,09:15:23,24245,24242,100,24245,50,0,1214850
NIFTY-II.NFO,28/06/2024,09:15:24,24250,24244.95,50,24250,2150,300,1214850
NIFTY-II.NFO,28/06/2024,09:15:24,24250,24244.95,50,24250,2150,0,1214850
NIFTY-II.NFO,28/06/2024,09:15:25,24250,24244.95,25,24250,2050,125,1214850
NIFTY-II.NFO,28/06/2024,09:15:27,24250,24244.95,25,24250,625,1450,1214850
NIFTY-II.NFO,28/06/2024,09:15:28,24251,24249.85,100,24251.9,25,825,1214850
NIFTY-II.NFO,28/06/2024,09:15:28,24251,24249.85,100,24251.9,25,0,1214850
NIFTY-II.NFO,28/06/2024,09:15:29,24257.95,24250.3,50,24257.95,100,1175,1214850
NIFTY-II.NFO,28/06/2024,09:15:29,24257.95,24250.3,50,24257.95,100,0,1214850
NIFTY-II.NFO,28/06/2024,09:15:30,24257.95,24249.2,100,24257.85,75,200,1214850
NIFTY-II.NFO,28/06/2024,09:15:31,24250.1,24252.05,75,24257.95,100,50,1214850
NIFTY-II.NFO,28/06/2024,09:15:33,24250.05,24250.05,50,24257.45,100,25,1214850
NIFTY-II.NFO,28/06/2024,09:15:34,24257.65,24250.05,100,24257.95,25,325,1214850
NIFTY-II.NFO,28/06/2024,09:15:34,24258,24250.05,100,24257.95,25,0,1214850
NIFTY-II.NFO,28/06/2024,09:15:35,24259.95,24251.65,100,24260,2725,375,1214850
NIFTY-II.NFO,28/06/2024,09:15:35,24259.95,24251.65,100,24260,2725,0,1214850
NIFTY-II.NFO,28/06/2024,09:15:36,24260,24256.4,175,24260,2100,625,1214850
NIFTY-II.NFO,28/06/2024,09:15:36,24260,24256.4,175,24260,2100,0,1214850
NIFTY-II.NFO,28/06/2024,09:15:37,24261,24257.15,100,24261.9,25,2300,1214850
NIFTY-II.NFO,28/06/2024,09:15:37,24261,24257.15,100,24261.9,25,0,1214850
NIFTY-II.NFO,28/06/2024,09:15:38,24261.9,24256.75,100,24265.9,50,50,1214850
NIFTY-II.NFO,28/06/2024,09:15:38,24261.9,24256.75,100,24265.9,50,0,1214850
NIFTY-II.NFO,28/06/2024,09:15:40,24263.55,24258.5,100,24265.3,250,50,1214850
NIFTY-II.NFO,28/06/2024,09:15:40,24263.55,24258.5,100,24265.3,250,0,1214850
NIFTY-II.NFO,28/06/2024,09:15:41,24259.5,24259.5,100,24265.95,50,50,1214850
NIFTY-II.NFO,28/06/2024,09:15:42,24262.95,24260.05,100,24262.9,200,550,1214850
NIFTY-II.NFO,28/06/2024,09:15:42,24264.4,24260.05,100,24262.9,200,0,1214850
NIFTY-II.NFO,28/06/2024,09:15:43,24262.8,24260.05,25,24265.45,175,425,1214850
NIFTY-II.NFO,28/06/2024,09:15:44,24260,24258,50,24265.95,100,200,1214850
NIFTY-II.NFO,28/06/2024,09:15:46,24260.55,24260.55,100,24267.45,25,925,1214850
NIFTY-II.NFO,28/06/2024,09:15:46,24268.8,24260.55,100,24267.45,25,0,1214850
NIFTY-II.NFO,28/06/2024,09:15:47,24261.95,24261.95,100,24269.1,100,75,1214850
NIFTY-II.NFO,28/06/2024,09:15:48,24261.95,24262.65,200,24269.95,100,175,1214850
NIFTY-II.NFO,28/06/2024,09:15:48,24269.95,24262.65,200,24269.95,100,0,1214850
NIFTY-II.NFO,28/06/2024,09:15:49,24271.9,24267.45,100,24274.2,50,325,1214850
NIFTY-II.NFO,28/06/2024,09:15:49,24271.9,24267.45,100,24274.2,50,0,1214850
NIFTY-II.NFO,28/06/2024,09:15:50,24270.1,24263.05,175,24270.1,50,625,1214850
NIFTY-II.NFO,28/06/2024,09:15:50,24273.8,24263.05,175,24270.1,50,0,1214850
NIFTY-II.NFO,28/06/2024,09:15:52,24273.8,24263.95,75,24272.2,50,225,1214850
NIFTY-II.NFO,28/06/2024,09:15:53,24263.8,24263.55,50,24272.15,250,125,1214850
NIFTY-II.NFO,28/06/2024,09:15:54,24273.15,24262.4,150,24271.35,50,25,1214850
NIFTY-II.NFO,28/06/2024,09:15:55,24273.1,24261.85,125,24271.15,250,525,1214850
NIFTY-II.NFO,28/06/2024,09:15:57,24273.15,24270,25,24273.8,50,125,1214850
NIFTY-II.NFO,28/06/2024,09:15:58,24263,24263,100,24270,1200,50,1214850
NIFTY-II.NFO,28/06/2024,09:15:59,24270,24263,100,24270,1150,75,1214850
NIFTY-II.NFO,28/06/2024,09:16:00,24270,24265.3,100,24270,1125,100,1214850
NIFTY-II.NFO,28/06/2024,09:16:01,24270,24265.3,100,24270,900,225,1214850
NIFTY-II.NFO,28/06/2024,09:16:03,24271,24270.7,75,24273.8,75,975,1214850
NIFTY-II.NFO,28/06/2024,09:16:04,24275,24275,450,24276.95,50,700,1214850
NIFTY-II.NFO,28/06/2024,09:16:04,24275,24275,450,24276.95,50,0,1214850
NIFTY-II.NFO,28/06/2024,09:16:05,24275,24275,475,24277,225,75,1214850
NIFTY-II.NFO,28/06/2024,09:16:05,24276.95,24275,475,24277,225,0,1214850
NIFTY-II.NFO,28/06/2024,09:16:06,24275,24275,325,24277,225,150,1214850
NIFTY-II.NFO,28/06/2024,09:16:07,24275,24275,225,24277,175,150,1214850
NIFTY-II.NFO,28/06/2024,09:16:07,24277,24275,225,24277,175,0,1214850
NIFTY-II.NFO,28/06/2024,09:16:09,24274,24274,50,24277,175,175,1214850
NIFTY-II.NFO,28/06/2024,09:16:10,24275,24273.8,50,24276.75,250,75,1214850
NIFTY-II.NFO,28/06/2024,09:16:11,24273.8,24273.8,25,24275,50,125,1214850
NIFTY-II.NFO,28/06/2024,09:16:12,24273.8,24270,375,24275,50,25,1214850
NIFTY-II.NFO,28/06/2024,09:16:13,24275,24270,300,24275,175,50,1214850
NIFTY-II.NFO,28/06/2024,09:16:15,24273.8,24270.85,50,24275,125,475,1214850
NIFTY-II.NFO,28/06/2024,09:16:16,24274.3,24270,50,24274.8,50,125,1214850
NIFTY-II.NFO,28/06/2024,09:16:17,24272.8,24266.25,100,24272.8,200,850,1214850
NIFTY-II.NFO,28/06/2024,09:16:18,24266.25,24266.25,100,24273.75,100,525,1214850
NIFTY-II.NFO,28/06/2024,09:16:19,24270,24265,25,24269.95,150,375,1214850
NIFTY-II.NFO,28/06/2024,09:16:21,24270,24265.35,75,24269.95,150,0,1214850
NIFTY-II.NFO,28/06/2024,09:16:22,24270,24266.25,175,24269.95,175,0,1214850
NIFTY-II.NFO,28/06/2024,09:16:23,24266.25,24266.25,100,24269.95,150,125,1214850
NIFTY-II.NFO,28/06/2024,09:16:24,24265,24265,50,24269.35,125,275,1214850
NIFTY-II.NFO,28/06/2024,09:16:26,24265,24263.55,100,24269.95,150,50,1214850
NIFTY-II.NFO,28/06/2024,09:16:27,24265,24263.25,100,24266.25,25,0,1214850
NIFTY-II.NFO,28/06/2024,09:16:28,24266.25,24263.05,50,24269.95,150,125,1214850
NIFTY-II.NFO,28/06/2024,09:16:29,24261.55,24261.55,150,24265,25,450,1214850
NIFTY-II.NFO,28/06/2024,09:16:30,24263.55,24263.55,50,24265,25,50,1214850
NIFTY-II.NFO,28/06/2024,09:16:32,24265,24265.4,175,24270,25,25,1214850
NIFTY-II.NFO,28/06/2024,09:16:33,24268.45,24268.1,125,24270,25,100,1214850
NIFTY-II.NFO,28/06/2024,09:16:34,24267.9,24268.7,125,24270,25,275,1214850
NIFTY-II.NFO,28/06/2024,09:16:36,24268.85,24268.05,125,24268.7,25,75,1214850
NIFTY-II.NFO,28/06/2024,09:16:37,24270,24270.95,75,24273.8,50,50,1214850
NIFTY-II.NFO,28/06/2024,09:16:38,24272,24270.05,125,24273.8,50,125,1214850
NIFTY-II.NFO,28/06/2024,09:16:39,24269.55,24268.4,125,24273.15,50,175,1214850
NIFTY-II.NFO,28/06/2024,09:16:41,24265,24269.65,125,24270,25,1000,1214850
NIFTY-II.NFO,28/06/2024,09:16:42,24270.9,24270.3,125,24272.9,25,75,1214850
NIFTY-II.NFO,28/06/2024,09:16:43,24272.85,24268.2,125,24272,25,100,1214850
NIFTY-II.NFO,28/06/2024,09:16:45,24270,24267.9,150,24270,100,25,1214850
NIFTY-II.NFO,28/06/2024,09:16:46,24270,24267.9,25,24270,50,50,1214850
NIFTY-II.NFO,28/06/2024,09:16:47,24270.9,24265.7,50,24272,25,400,1214850
NIFTY-II.NFO,28/06/2024,09:16:49,24270,24269.45,100,24272.8,50,50,1214850
NIFTY-II.NFO,28/06/2024,09:16:50,24270,24270.6,50,24272.85,25,50,1214850
NIFTY-II.NFO,28/06/2024,09:16:51,24270.9,24270.15,50,24272,25,25,1214850
NIFTY-II.NFO,28/06/2024,09:16:52,24265.7,24269.2,50,24270,75,25,1214850
NIFTY-II.NFO,28/06/2024,09:16:54,24270,24270,100,24272,75,75,1214850
NIFTY-II.NFO,28/06/2024,09:16:55,24269.75,24270,50,24272,75,125,1214850
NIFTY-II.NFO,28/06/2024,09:16:56,24270,24269.9,25,24272.85,25,125,1214850
NIFTY-II.NFO,28/06/2024,09:16:58,24270,24266.8,50,24272.85,25,75,1214850
NIFTY-II.NFO,28/06/2024,09:16:59,24267.5,24267.9,300,24273.9,50,125,1214850
NIFTY-II.NFO,28/06/2024,09:17:00,24275,24269.25,50,24275,825,1750,1214850
NIFTY-II.NFO,28/06/2024,09:17:02,24275,24270,25,24275,675,150,1214850
NIFTY-II.NFO,28/06/2024,09:17:03,24275,24270.85,250,24275,700,25,1214850
NIFTY-II.NFO,28/06/2024,09:17:04,24272.95,24270,25,24274.65,50,50,1214850
NIFTY-II.NFO,28/06/2024,09:17:05,24274.75,24270,25,24274.75,100,50,1214850
NIFTY-II.NFO,28/06/2024,09:17:07,24270,24266.05,50,24270,25,50,1214850
NIFTY-II.NFO,28/06/2024,09:17:08,24270,24266.05,50,24270,25,0,1214850
NIFTY-II.NFO,28/06/2024,09:17:09,24270,24266.05,25,24271.35,175,125,1214850
NIFTY-II.NFO,28/06/2024,09:17:11,24270,24266.05,25,24271.95,225,0,1214850
NIFTY-II.NFO,28/06/2024,09:17:12,24270,24266.4,25,24271.95,100,0,1214850
NIFTY-II.NFO,28/06/2024,09:17:13,24266,24265.05,75,24271.05,150,275,1214850
NIFTY-II.NFO,28/06/2024,09:17:15,24268,24265,400,24268,75,50,1214850
NIFTY-II.NFO,28/06/2024,09:17:16,24268,24266,125,24270.45,100,0,1214850
NIFTY-II.NFO,28/06/2024,09:17:17,24266,24266,75,24268.85,75,200,1214850
NIFTY-II.NFO,28/06/2024,09:17:18,24266,24268,25,24269.95,75,0,1214850
NIFTY-II.NFO,28/06/2024,09:17:20,24266,24269.7,125,24269.95,75,75,1214850
NIFTY-II.NFO,28/06/2024,09:17:21,24269.7,24269.7,75,24269.95,75,50,1214850
NIFTY-II.NFO,28/06/2024,09:17:22,24269.95,24266,25,24269.85,25,150,1214850
NIFTY-II.NFO,28/06/2024,09:17:24,24266,24266,50,24267.55,100,25,1214850
NIFTY-II.NFO,28/06/2024,09:17:25,24268,24266,25,24268,550,50,1214850
NIFTY-II.NFO,28/06/2024,09:17:26,24268,24266,50,24268,475,0,1214850
NIFTY-II.NFO,28/06/2024,09:17:27,24268,24266.05,100,24268,250,225,1214850
NIFTY-II.NFO,28/06/2024,09:17:29,24266,24266,25,24268,225,50,1214850
NIFTY-II.NFO,28/06/2024,09:17:30,24265,24264.9,25,24265,450,1525,1214850
NIFTY-II.NFO,28/06/2024,09:17:31,24265,24265,25,24266,25,450,1214850
NIFTY-II.NFO,28/06/2024,09:17:33,24267.95,24263.5,50,24268,75,325,1214850
NIFTY-II.NFO,28/06/2024,09:17:34,24268,24265,250,24268,50,25,1214850
NIFTY-II.NFO,28/06/2024,09:17:35,24268,24265.05,100,24269.7,250,50,1214850
NIFTY-II.NFO,28/06/2024,09:17:36,24265,24265,225,24269.55,125,25,1214850
NIFTY-II.NFO,28/06/2024,09:17:38,24265,24265,200,24269.55,50,25,1214850
NIFTY-II.NFO,28/06/2024,09:17:39,24267.9,24265,200,24267.85,50,25,1214850
NIFTY-II.NFO,28/06/2024,09:17:40,24265,24265,25,24268,100,500,1214850
NIFTY-II.NFO,28/06/2024,09:17:42,24263.25,24264.25,100,24268,50,250,1214850
NIFTY-II.NFO,28/06/2024,09:17:43,24268,24263.45,75,24268,25,225,1214850
NIFTY-II.NFO,28/06/2024,09:17:44,24267.95,24267.95,25,24268,100,175,1214850
NIFTY-II.NFO,28/06/2024,09:17:46,24265,24263.05,100,24265,225,200,1214850
NIFTY-II.NFO,28/06/2024,09:17:47,24265,24264.05,100,24268,75,400,1214850
NIFTY-II.NFO,28/06/2024,09:17:48,24264.05,24263.05,100,24269.25,100,225,1214850
NIFTY-II.NFO,28/06/2024,09:17:49,24263.6,24263.25,50,24266.95,225,25,1214850
NIFTY-II.NFO,28/06/2024,09:17:51,24263.25,24263,25,24266.95,100,50,1214850
NIFTY-II.NFO,28/06/2024,09:17:52,24261.85,24264,50,24266.5,175,75,1214850
NIFTY-II.NFO,28/06/2024,09:17:53,24261.85,24264,50,24266.95,175,0,1214850
NIFTY-II.NFO,28/06/2024,09:17:55,24264,24263.4,50,24267.95,25,550,1214850
NIFTY-II.NFO,28/06/2024,09:17:56,24264.1,24264.1,50,24268,25,50,1214850
NIFTY-II.NFO,28/06/2024,09:17:57,24269.25,24264.05,1800,24269.1,175,75,1214850
NIFTY-II.NFO,28/06/2024,09:17:58,24264.05,24265.35,25,24267.95,150,125,1214850
NIFTY-II.NFO,28/06/2024,09:18:00,24267.1,24264.05,1775,24266.95,100,50,1214850
NIFTY-II.NFO,28/06/2024,09:18:01,24267,24267.1,25,24269.05,25,25,1214850
NIFTY-II.NFO,28/06/2024,09:18:02,24269,24264.1,75,24269,175,50,1214850
NIFTY-II.NFO,28/06/2024,09:18:03,24268.05,24264.05,1775,24266.95,175,50,1214850
NIFTY-II.NFO,28/06/2024,09:18:05,24266.95,24264.05,1775,24266.95,25,25,1214850
NIFTY-II.NFO,28/06/2024,09:18:06,24266.95,24264.05,1775,24265.95,100,0,1214850
NIFTY-II.NFO,28/06/2024,09:18:07,24264.05,24264.05,1700,24266.95,50,200,1227575
NIFTY-II.NFO,28/06/2024,09:18:09,24264.05,24264.05,1600,24268.45,50,225,1227575
NIFTY-II.NFO,28/06/2024,09:18:10,24264.05,24266.9,25,24268.4,50,350,1227575
NIFTY-II.NFO,28/06/2024,09:18:11,24263.15,24263.75,125,24270.7,125,1575,1227575
NIFTY-II.NFO,28/06/2024,09:18:13,24263.15,24265,100,24270.6,50,0,1227575
NIFTY-II.NFO,28/06/2024,09:18:14,24271,24266.95,125,24271.4,50,300,1227575
NIFTY-II.NFO,28/06/2024,09:18:15,24266.95,24266.95,100,24271.4,50,25,1227575
NIFTY-II.NFO,28/06/2024,09:18:17,24266.95,24266.95,100,24268.35,50,0,1227575
NIFTY-II.NFO,28/06/2024,09:18:18,24265,24265,75,24266.95,975,50,1227575
NIFTY-II.NFO,28/06/2024,09:18:20,24266.95,24263,125,24266.9,75,75,1227575
NIFTY-II.NFO,28/06/2024,09:18:22,24267.95,24266.95,125,24268,25,275,1227575
NIFTY-II.NFO,28/06/2024,09:18:23,24266.95,24268.3,25,24268.35,50,100,1227575
NIFTY-II.NFO,28/06/2024,09:18:25,24268.35,24265.05,75,24270,25,125,1227575
NIFTY-II.NFO,28/06/2024,09:18:27,24268.35,24265,25,24270,25,0,1227575
NIFTY-II.NFO,28/06/2024,09:18:28,24268.35,24265,25,24269.95,125,0,1227575
NIFTY-II.NFO,28/06/2024,09:18:30,24263.05,24265.05,100,24269.95,25,50,1227575
NIFTY-II.NFO,28/06/2024,09:18:32,24266.35,24266.25,75,24268.35,25,50,1227575
NIFTY-II.NFO,28/06/2024,09:18:33,24268.35,24268.35,125,24269,75,50,1227575
NIFTY-II.NFO,28/06/2024,09:18:35,24268.35,24268.35,25,24269,75,25,1227575
NIFTY-II.NFO,28/06/2024,09:18:36,24266.2,24266.2,50,24268.35,25,175,1227575
NIFTY-II.NFO,28/06/2024,09:18:38,24269,24263.05,100,24268.15,175,1050,1227575
NIFTY-II.NFO,28/06/2024,09:18:40,24262.7,24263.25,175,24269,75,1025,1227575
NIFTY-II.NFO,28/06/2024,09:18:41,24262.7,24264,50,24269,75,0,1227575
NIFTY-II.NFO,28/06/2024,09:18:43,24264.45,24264.4,50,24270,75,1200,1227575
NIFTY-II.NFO,28/06/2024,09:18:45,24273,24266.15,75,24273.55,100,125,1227575
NIFTY-II.NFO,28/06/2024,09:18:46,24264.05,24264.6,250,24273.25,100,1100,1227575
NIFTY-II.NFO,28/06/2024,09:18:48,24265.65,24265.65,150,24273.25,100,25,1227575
NIFTY-II.NFO,28/06/2024,09:18:50,24263.9,24264.6,250,24272.95,100,1000,1227575
NIFTY-II.NFO,28/06/2024,09:18:51,24265.35,24265,275,24272.65,50,75,1227575
NIFTY-II.NFO,28/06/2024,09:18:53,24273,24265.65,100,24272.95,50,500,1227575
NIFTY-II.NFO,28/06/2024,09:18:55,24263.9,24263.5,125,24270.5,50,1025,1227575
NIFTY-II.NFO,28/06/2024,09:18:56,24263.3,24263.4,225,24271.6,175,2000,1227575
NIFTY-II.NFO,28/06/2024,09:18:58,24262.35,24262.15,500,24269.7,50,1025,1227575
NIFTY-II.NFO,28/06/2024,09:19:00,24262.35,24262,200,24268.6,50,0,1227575
NIFTY-II.NFO,28/06/2024,09:19:01,24263.4,24262,200,24268.55,50,25,1227575
NIFTY-II.NFO,28/06/2024,09:19:03,24268.55,24268.1,25,24269.3,50,50,1227575
NIFTY-II.NFO,28/06/2024,09:19:05,24269.95,24268.2,50,24269.9,125,1000,1227575
NIFTY-II.NFO,28/06/2024,09:19:06,24268.3,24262.45,100,24269.05,125,925,1227575
NIFTY-II.NFO,28/06/2024,09:19:08,24268.05,24260.6,100,24266.6,50,50,1227575
NIFTY-II.NFO,28/06/2024,09:19:10,24266.95,24260.8,150,24267.25,50,175,1227575
NIFTY-II.NFO,28/06/2024,09:19:11,24268,24267.15,25,24268.3,25,75,1227575
NIFTY-II.NFO,28/06/2024,09:19:13,24259.9,24260.2,50,24266.95,50,400,1227575
NIFTY-II.NFO,28/06/2024,09:19:15,24266.7,24259.35,250,24265.9,150,175,1227575
NIFTY-II.NFO,28/06/2024,09:19:16,24265.8,24266.6,25,24267.7,25,150,1227575
NIFTY-II.NFO,28/06/2024,09:19:18,24268,24267.9,25,24268.05,25,100,1227575
NIFTY-II.NFO,28/06/2024,09:19:20,24270,24269.8,25,24270.25,100,400,1227575
NIFTY-II.NFO,28/06/2024,09:19:21,24270,24270.85,25,24271.95,100,150,1227575
NIFTY-II.NFO,28/06/2024,09:19:23,24265.8,24270.5,25,24270.9,100,50,1227575
NIFTY-II.NFO,28/06/2024,09:19:25,24270.5,24265.95,50,24271.45,100,25,1227575
NIFTY-II.NFO,28/06/2024,09:19:26,24270.5,24265.8,75,24271.35,50,0,1227575
NIFTY-II.NFO,28/06/2024,09:19:28,24270.3,24270.35,25,24270.5,50,50,1227575
NIFTY-II.NFO,28/06/2024,09:19:30,24270.5,24266.7,25,24271.85,100,125,1227575
NIFTY-II.NFO,28/06/2024,09:19:31,24265.85,24265.85,50,24270,25,75,1227575
NIFTY-II.NFO,28/06/2024,09:19:33,24272,24267.45,50,24272,250,150,1227575
NIFTY-II.NFO,28/06/2024,09:19:35,24270.5,24266.75,50,24272,50,375,1227575
NIFTY-II.NFO,28/06/2024,09:19:36,24267.65,24272.6,25,24273,100,200,1227575
NIFTY-II.NFO,28/06/2024,09:19:38,24269.3,24269.1,250,24273,25,175,1227575
NIFTY-II.NFO,28/06/2024,09:19:40,24274,24272,100,24274.85,100,225,1227575
NIFTY-II.NFO,28/06/2024,09:19:41,24276,24272,50,24277,200,2800,1227575
NIFTY-II.NFO,28/06/2024,09:19:43,24277,24272.5,100,24277,250,175,1227575
NIFTY-II.NFO,28/06/2024,09:19:45,24272.65,24272.75,50,24277.95,100,425,1227575
NIFTY-II.NFO,28/06/2024,09:19:46,24272.6,24273.05,50,24277.95,100,25,1227575
NIFTY-II.NFO,28/06/2024,09:19:48,24277,24272.05,50,24276.95,100,100,1227575
NIFTY-II.NFO,28/06/2024,09:19:50,24277,24273.75,100,24277,125,150,1227575
NIFTY-II.NFO,28/06/2024,09:19:51,24278,24273.8,25,24278,50,250,1227575
NIFTY-II.NFO,28/06/2024,09:19:51,24278,24273.8,25,24278,50,0,1227575
NIFTY-II.NFO,28/06/2024,09:19:53,24278.95,24273.4,25,24277.95,150,175,1227575
NIFTY-II.NFO,28/06/2024,09:19:53,24279,24273.4,25,24277.95,150,0,1227575
NIFTY-II.NFO,28/06/2024,09:19:55,24278.95,24273.4,25,24277.95,50,225,1227575
NIFTY-II.NFO,28/06/2024,09:19:56,24277.95,24274.15,100,24278,25,100,1227575
NIFTY-II.NFO,28/06/2024,09:19:58,24277.55,24273.8,50,24278.95,75,50,1227575
NIFTY-II.NFO,28/06/2024,09:19:59,24273.8,24273.45,100,24278.9,50,25,1227575
NIFTY-II.NFO,28/06/2024,09:20:01,24270,24269.1,25,24274.5,125,150,1227575
NIFTY-II.NFO,28/06/2024,09:20:03,24270,24269.4,100,24270,25,75,1227575
NIFTY-II.NFO,28/06/2024,09:20:04,24270,24267.45,100,24276.65,125,25,1227575
NIFTY-II.NFO,28/06/2024,09:20:06,24268.35,24268.35,100,24275,75,75,1227575
NIFTY-II.NFO,28/06/2024,09:20:08,24269.05,24269.25,100,24275.35,125,325,1227575
NIFTY-II.NFO,28/06/2024,09:20:09,24275.35,24266.8,50,24273.2,25,25,1227575
NIFTY-II.NFO,28/06/2024,09:20:11,24269.55,24266.7,25,24269.55,25,75,1227575
NIFTY-II.NFO,28/06/2024,09:20:13,24269.7,24266.7,25,24271.45,125,50,1227575
NIFTY-II.NFO,28/06/2024,09:20:14,24269.7,24266.75,125,24272.45,125,0,1227575
NIFTY-II.NFO,28/06/2024,09:20:16,24269.05,24268.05,150,24275.2,125,25,1227575
NIFTY-II.NFO,28/06/2024,09:20:17,24268.45,24267.25,100,24269.05,25,25,1227575
NIFTY-II.NFO,28/06/2024,09:20:19,24269.05,24269.05,50,24274.95,50,25,1227575
NIFTY-II.NFO,28/06/2024,09:20:21,24269.05,24269,25,24274.8,125,0,1227575
NIFTY-II.NFO,28/06/2024,09:20:22,24273.8,24268.45,225,24273.8,50,100,1227575
NIFTY-II.NFO,28/06/2024,09:20:24,24273.8,24268.45,225,24271.2,150,0,1227575
NIFTY-II.NFO,28/06/2024,09:20:26,24271.15,24268.45,225,24271.15,50,75,1227575
NIFTY-II.NFO,28/06/2024,09:20:27,24268.45,24268.45,100,24272.8,50,125,1227575
NIFTY-II.NFO,28/06/2024,09:20:29,24271.15,24268.45,100,24272.55,50,25,1227575
NIFTY-II.NFO,28/06/2024,09:20:31,24271.15,24268.45,100,24271.4,125,0,1227575
NIFTY-II.NFO,28/06/2024,09:20:32,24268.45,24271.15,25,24273.65,50,50,1227575
NIFTY-II.NFO,28/06/2024,09:20:34,24270.25,24268.5,75,24274.95,125,50,1227575
NIFTY-II.NFO,28/06/2024,09:20:36,24268.45,24268.45,25,24274,50,275,1227575
NIFTY-II.NFO,28/06/2024,09:20:37,24266.7,24264.3,225,24271.1,50,75,1227575
NIFTY-II.NFO,28/06/2024,09:20:39,24265.05,24264.95,100,24270.45,75,50,1227575
NIFTY-II.NFO,28/06/2024,09:20:40,24269.15,24263.2,100,24269.1,50,25,1227575
NIFTY-II.NFO,28/06/2024,09:20:42,24264.3,24263.45,100,24269.1,50,25,1227575
NIFTY-II.NFO,28/06/2024,09:20:44,24268.85,24263.35,75,24268.8,50,200,1227575
NIFTY-II.NFO,28/06/2024,09:20:45,24268.8,24263.15,25,24268,75,50,1227575
NIFTY-II.NFO,28/06/2024,09:20:47,24267.7,24260.1,100,24267.7,100,225,1227575
NIFTY-II.NFO,28/06/2024,09:20:49,24267.3,24260.9,100,24265.35,100,25,1227575
NIFTY-II.NFO,28/06/2024,09:20:50,24260.75,24260.05,100,24265.3,150,50,1227575
NIFTY-II.NFO,28/06/2024,09:20:52,24260.75,24260.25,175,24265.35,25,0,1227575
NIFTY-II.NFO,28/06/2024,09:20:54,24265.35,24260.05,175,24266.95,50,50,1227575
NIFTY-II.NFO,28/06/2024,09:20:55,24265.35,24261.05,175,24266.95,175,0,1227575
NIFTY-II.NFO,28/06/2024,09:20:57,24265.35,24261,175,24267.4,50,0,1227575
NIFTY-II.NFO,28/06/2024,09:20:58,24267.4,24261.6,225,24267.3,175,50,1227575
NIFTY-II.NFO,28/06/2024,09:21:00,24267.4,24260,175,24265.15,100,0,1227575
NIFTY-II.NFO,28/06/2024,09:21:02,24267.4,24260,175,24264.55,100,0,1227575
NIFTY-II.NFO,28/06/2024,09:21:03,24257.2,24256.1,100,24260.95,125,225,1227575
NIFTY-II.NFO,28/06/2024,09:21:05,24256,24256,200,24261.65,200,75,1227575
NIFTY-II.NFO,28/06/2024,09:21:07,24259.45,24259.45,25,24262.3,325,50,1234025
NIFTY-II.NFO,28/06/2024,09:21:08,24256.95,24257.8,175,24263.95,250,125,1234025
NIFTY-II.NFO,28/06/2024,09:21:10,24256.95,24257.25,100,24260,25,0,1234025
NIFTY-II.NFO,28/06/2024,09:21:12,24260,24256.7,100,24260,1450,250,1234025
NIFTY-II.NFO,28/06/2024,09:21:13,24260,24255.05,100,24260,1325,200,1234025
NIFTY-II.NFO,28/06/2024,09:21:15,24260,24255.4,100,24260,1050,250,1234025
NIFTY-II.NFO,28/06/2024,09:21:17,24260,24255.7,175,24260,850,325,1234025
NIFTY-II.NFO,28/06/2024,09:21:18,24256.05,24256.05,25,24260,500,425,1234025
NIFTY-II.NFO,28/06/2024,09:21:20,24260,24260,25,24262.35,325,550,1234025
NIFTY-II.NFO,28/06/2024,09:21:21,24260,24256,50,24260,325,3525,1234025
NIFTY-II.NFO,28/06/2024,09:21:23,24260,24256,75,24260,275,125,1234025
NIFTY-II.NFO,28/06/2024,09:21:25,24260,24256,75,24260,650,175,1234025
NIFTY-II.NFO,28/06/2024,09:21:26,24260,24258.1,50,24260,475,175,1234025
NIFTY-II.NFO,28/06/2024,09:21:28,24260,24260.6,325,24265,75,475,1234025
NIFTY-II.NFO,28/06/2024,09:21:30,24265,24262.25,125,24265,50,25,1234025
NIFTY-II.NFO,28/06/2024,09:21:31,24266,24262.1,75,24266,125,150,1234025
NIFTY-II.NFO,28/06/2024,09:21:33,24260.1,24260,100,24264,175,25,1234025
NIFTY-II.NFO,28/06/2024,09:21:35,24264,24260,75,24264,25,50,1234025
NIFTY-II.NFO,28/06/2024,09:21:36,24264.95,24260,75,24264.8,150,50,1234025
NIFTY-II.NFO,28/06/2024,09:21:38,24260,24260,50,24264.5,150,75,1234025
NIFTY-II.NFO,28/06/2024,09:21:39,24260,24260,25,24265,650,50,1234025
NIFTY-II.NFO,28/06/2024,09:21:41,24260,24260.05,100,24265,650,0,1234025
NIFTY-II.NFO,28/06/2024,09:21:43,24265,24260.05,100,24265,650,25,1234025
NIFTY-II.NFO,28/06/2024,09:21:44,24265,24260.05,100,24264.2,200,0,1234025
NIFTY-II.NFO,28/06/2024,09:21:46,24264.2,24260.05,100,24264.2,100,25,1234025
NIFTY-II.NFO,28/06/2024,09:21:48,24264.2,24260.05,100,24263.6,150,0,1234025
NIFTY-II.NFO,28/06/2024,09:21:49,24263.6,24260.05,50,24263.6,100,100,1234025
NIFTY-II.NFO,28/06/2024,09:21:51,24263.6,24260.05,125,24265,650,0,1234025
NIFTY-II.NFO,28/06/2024,09:21:52,24265,24260.05,125,24265,650,100,1234025
NIFTY-II.NFO,28/06/2024,09:21:54,24265,24260.75,200,24265,600,0,1234025
NIFTY-II.NFO,28/06/2024,09:21:55,24265,24260.05,125,24265,650,25,1234025
NIFTY-II.NFO,28/06/2024,09:21:57,24265,24260.25,125,24263.6,25,0,1234025
NIFTY-II.NFO,28/06/2024,09:21:59,24260.45,24261.3,125,24263.6,25,250,1234025
NIFTY-II.NFO,28/06/2024,09:22:00,24265,24263.6,100,24265,550,100,1234025
NIFTY-II.NFO,28/06/2024,09:22:02,24265,24264.1,50,24265,100,450,1234025
NIFTY-II.NFO,28/06/2024,09:22:04,24269,24267,50,24270,175,400,1234025
NIFTY-II.NFO,28/06/2024,09:22:05,24270,24266.95,200,24270,125,75,1234025
NIFTY-II.NFO,28/06/2024,09:22:07,24270,24265.55,75,24269.95,200,25,1234025
NIFTY-II.NFO,28/06/2024,09:22:09,24261.45,24261.15,50,24269.25,275,1400,1234025
NIFTY-II.NFO,28/06/2024,09:22:10,24268.75,24265,25,24269.25,275,50,1234025
NIFTY-II.NFO,28/06/2024,09:22:12,24268.8,24261.15,50,24268.5,275,25,1234025
NIFTY-II.NFO,28/06/2024,09:22:14,24268.8,24265,25,24268.8,50,0,1234025
NIFTY-II.NFO,28/06/2024,09:22:15,24268.8,24265.05,100,24269,50,0,1234025
NIFTY-II.NFO,28/06/2024,09:22:17,24269,24265.05,25,24269,25,75,1234025
NIFTY-II.NFO,28/06/2024,09:22:18,24266,24265.35,75,24270,75,75,1234025
NIFTY-II.NFO,28/06/2024,09:22:20,24270,24267.55,25,24270,50,100,1234025
NIFTY-II.NFO,28/06/2024,09:22:22,24270,24269.95,25,24274,50,150,1234025
NIFTY-II.NFO,28/06/2024,09:22:23,24269.95,24268.2,50,24274,25,50,1234025
NIFTY-II.NFO,28/06/2024,09:22:25,24273.95,24270,25,24274,25,50,1234025
NIFTY-II.NFO,28/06/2024,09:22:27,24273.95,24270.1,50,24274,25,0,1234025
NIFTY-II.NFO,28/06/2024,09:22:28,24275,24270.5,50,24275,2325,75,1234025
NIFTY-II.NFO,28/06/2024,09:22:30,24275,24273.95,25,24275,2225,75,1234025
NIFTY-II.NFO,28/06/2024,09:22:32,24274.05,24274,175,24275,2150,100,1234025
NIFTY-II.NFO,28/06/2024,09:22:33,24275,24274,175,24275,2050,100,1234025
NIFTY-II.NFO,28/06/2024,09:22:35,24275,24274.05,25,24275,2050,0,1234025
NIFTY-II.NFO,28/06/2024,09:22:37,24274.1,24274.1,25,24275,1275,800,1234025
NIFTY-II.NFO,28/06/2024,09:22:38,24275,24274.2,75,24275,1200,75,1234025
NIFTY-II.NFO,28/06/2024,09:22:40,24275,24274.1,50,24275,1025,400,1234025
NIFTY-II.NFO,28/06/2024,09:22:42,24274.95,24274.2,25,24274.95,25,275,1234025
NIFTY-II.NFO,28/06/2024,09:22:43,24274.95,24274.2,25,24274.95,200,100,1234025
NIFTY-II.NFO,28/06/2024,09:22:45,24274.95,24274.25,25,24274.95,200,0,1234025
NIFTY-II.NFO,28/06/2024,09:22:46,24274.95,24274.35,50,24275,825,0,1234025
NIFTY-II.NFO,28/06/2024,09:22:48,24274.45,24274.4,50,24275,825,50,1234025
NIFTY-II.NFO,28/06/2024,09:22:50,24274.45,24274.4,50,24275,825,0,1234025
NIFTY-II.NFO,28/06/2024,09:22:51,24275,24274.4,50,24274.95,50,25,1234025
NIFTY-II.NFO,28/06/2024,09:22:53,24275,24274.4,50,24274.95,50,0,1234025
NIFTY-II.NFO,28/06/2024,09:22:55,24274.95,24274.4,50,24274.95,25,25,1234025
NIFTY-II.NFO,28/06/2024,09:22:56,24275,24274.35,25,24275,775,150,1234025
NIFTY-II.NFO,28/06/2024,09:22:58,24275,24274.4,25,24275,675,100,1234025
NIFTY-II.NFO,28/06/2024,09:23:00,24275,24274.45,25,24275,525,150,1234025
NIFTY-II.NFO,28/06/2024,09:23:01,24273.95,24270.05,50,24274.95,25,550,1234025
NIFTY-II.NFO,28/06/2024,09:23:03,24273.95,24273.95,25,24275,200,150,1234025
NIFTY-II.NFO,28/06/2024,09:23:05,24275.25,24275,25,24275.25,50,300,1234025
NIFTY-II.NFO,28/06/2024,09:23:06,24275.25,24275.25,25,24277,25,50,1234025
NIFTY-II.NFO,28/06/2024,09:23:08,24277.55,24273.95,50,24278,550,75,1234025
NIFTY-II.NFO,28/06/2024,09:23:10,24278,24275.25,25,24278,450,100,1234025
NIFTY-II.NFO,28/06/2024,09:23:11,24278,24275.25,25,24278,375,75,1234025
NIFTY-II.NFO,28/06/2024,09:23:13,24278,24275.3,50,24278,325,50,1234025
NIFTY-II.NFO,28/06/2024,09:23:15,24273.6,24274.15,300,24278,300,175,1234025
NIFTY-II.NFO,28/06/2024,09:23:16,24275,24272.8,300,24278,275,100,1234025
NIFTY-II.NFO,28/06/2024,09:23:18,24274.95,24271.2,75,24275.95,25,50,1234025
NIFTY-II.NFO,28/06/2024,09:23:20,24274.95,24271.65,75,24275.95,25,25,1234025
NIFTY-II.NFO,28/06/2024,09:23:21,24275.95,24271.7,75,24276.9,200,25,1234025
NIFTY-II.NFO,28/06/2024,09:23:23,24275.95,24271.7,75,24277.65,200,0,1234025
NIFTY-II.NFO,28/06/2024,09:23:25,24275.95,24271.75,75,24275.95,25,0,1234025
NIFTY-II.NFO,28/06/2024,09:23:26,24275,24272.2,75,24278,325,25,1234025
NIFTY-II.NFO,28/06/2024,09:23:28,24275,24272.25,25,24276.95,200,0,1234025
NIFTY-II.NFO,28/06/2024,09:23:30,24274.95,24274.95,75,24276.4,50,75,1234025
NIFTY-II.NFO,28/06/2024,09:23:31,24272.25,24272.2,25,24274.8,50,175,1234025
NIFTY-II.NFO,28/06/2024,09:23:33,24272.25,24272.2,25,24273.6,275,0,1234025
NIFTY-II.NFO,28/06/2024,09:23:35,24272.2,24271.75,25,24273.3,200,50,1234025
NIFTY-II.NFO,28/06/2024,09:23:36,24270,24270.05,125,24272.25,50,100,1234025
NIFTY-II.NFO,28/06/2024,09:23:38,24272,24271.75,25,24272.25,25,75,1234025
NIFTY-II.NFO,28/06/2024,09:23:40,24272.25,24273.3,25,24275,75,50,1234025
NIFTY-II.NFO,28/06/2024,09:23:41,24275,24273.3,25,24275,50,25,1234025
NIFTY-II.NFO,28/06/2024,09:23:43,24275,24272.5,175,24275,250,75,1234025
NIFTY-II.NFO,28/06/2024,09:23:44,24275,24270.25,175,24275,250,0,1234025
NIFTY-II.NFO,28/06/2024,09:23:46,24274.95,24271.1,175,24275,250,25,1234025
NIFTY-II.NFO,28/06/2024,09:23:48,24274,24272.25,25,24275,250,25,1234025
NIFTY-II.NFO,28/06/2024,09:23:49,24275,24272.3,150,24275,225,50,1234025
NIFTY-II.NFO,28/06/2024,09:23:51,24272.3,24272.25,75,24275,475,100,1234025
NIFTY-II.NFO,28/06/2024,09:23:53,24275,24271.75,275,24275,425,325,1234025
NIFTY-II.NFO,28/06/2024,09:23:54,24272.2,24272.15,250,24275,475,25,1234025
NIFTY-II.NFO,28/06/2024,09:23:56,24275,24274.8,25,24275,300,275,1234025
NIFTY-II.NFO,28/06/2024,09:23:57,24275,24274.85,25,24275,300,0,1234025
NIFTY-II.NFO,28/06/2024,09:23:59,24275,24272.9,250,24275,225,75,1234025
NIFTY-II.NFO,28/06/2024,09:24:01,24275,24275,25,24276.9,50,275,1234025
NIFTY-II.NFO,28/06/2024,09:24:02,24275,24274.95,25,24275,125,150,1234025
NIFTY-II.NFO,28/06/2024,09:24:04,24275,24274.95,25,24275,125,25,1234025
NIFTY-II.NFO,28/06/2024,09:24:05,24274.95,24270.45,75,24275,100,50,1234025
NIFTY-II.NFO,28/06/2024,09:24:07,24270.05,24270.05,50,24274.45,50,25,1241575
NIFTY-II.NFO,28/06/2024,09:24:09,24270.05,24270,50,24274.2,275,0,1241575
NIFTY-II.NFO,28/06/2024,09:24:10,24270.05,24270,50,24272.6,75,0,1241575
NIFTY-II.NFO,28/06/2024,09:24:12,24270.05,24270,50,24273.6,75,0,1241575
NIFTY-II.NFO,28/06/2024,09:24:13,24270.05,24270,50,24272.4,125,0,1241575
NIFTY-II.NFO,28/06/2024,09:24:15,24270.05,24270,50,24273.05,200,0,1241575
NIFTY-II.NFO,28/06/2024,09:24:17,24270.05,24270.05,25,24273.85,275,0,1241575
NIFTY-II.NFO,28/06/2024,09:24:18,24269.15,24269.05,25,24273.4,275,150,1241575
NIFTY-II.NFO,28/06/2024,09:24:20,24269.15,24269.05,25,24272.25,25,0,1241575
NIFTY-II.NFO,28/06/2024,09:24:22,24269.15,24269.05,25,24271.9,75,0,1241575
NIFTY-II.NFO,28/06/2024,09:24:23,24269.05,24269,25,24272,25,25,1241575
NIFTY-II.NFO,28/06/2024,09:24:25,24272,24269,25,24272.25,25,25,1241575
NIFTY-II.NFO,28/06/2024,09:24:27,24267.85,24267.85,175,24272.25,25,250,1241575
NIFTY-II.NFO,28/06/2024,09:24:28,24273.35,24270,100,24273.95,200,50,1241575
NIFTY-II.NFO,28/06/2024,09:24:30,24273.35,24270,100,24272.35,325,0,1241575
NIFTY-II.NFO,28/06/2024,09:24:32,24270,24270,75,24273.5,275,25,1241575
NIFTY-II.NFO,28/06/2024,09:24:33,24270.85,24270.2,250,24274.8,25,100,1241575
NIFTY-II.NFO,28/06/2024,09:24:35,24270.85,24270,175,24272.8,325,0,1241575
NIFTY-II.NFO,28/06/2024,09:24:37,24270.85,24270,175,24272.4,275,0,1241575
NIFTY-II.NFO,28/06/2024,09:24:38,24270.85,24270.05,25,24270.85,25,0,1241575
NIFTY-II.NFO,28/06/2024,09:24:40,24270.1,24270.05,25,24270.85,25,50,1241575
NIFTY-II.NFO,28/06/2024,09:24:42,24270.1,24270.05,25,24270.85,75,25,1241575
NIFTY-II.NFO,28/06/2024,09:24:43,24270.85,24270.15,25,24270.85,50,25,1241575
NIFTY-II.NFO,28/06/2024,09:24:45,24270.2,24270.15,25,24273.35,325,75,1241575
NIFTY-II.NFO,28/06/2024,09:24:47,24270.15,24270.15,25,24273.35,200,75,1241575
NIFTY-II.NFO,28/06/2024,09:24:48,24270.15,24270.15,25,24273.4,25,0,1241575
NIFTY-II.NFO,28/06/2024,09:24:50,24270.15,24270,200,24274.35,200,50,1241575
NIFTY-II.NFO,28/06/2024,09:24:52,24270.15,24270,200,24272.9,200,0,1241575
NIFTY-II.NFO,28/06/2024,09:24:53,24270.15,24270,200,24272.95,125,0,1241575
NIFTY-II.NFO,28/06/2024,09:24:55,24270.15,24270.25,25,24273.85,275,0,1241575
NIFTY-II.NFO,28/06/2024,09:24:57,24270,24270,125,24272.6,125,100,1241575
NIFTY-II.NFO,28/06/2024,09:24:58,24270.15,24270.05,50,24270.15,25,25,1241575
NIFTY-II.NFO,28/06/2024,09:25:00,24270,24269.25,25,24269.9,50,200,1241575
NIFTY-II.NFO,28/06/2024,09:25:01,24270,24269.3,25,24270.15,25,0,1241575
NIFTY-II.NFO,28/06/2024,09:25:03,24270.15,24270.15,25,24272.25,75,50,1241575
NIFTY-II.NFO,28/06/2024,09:25:05,24272.65,24269.25,25,24272.65,175,400,1241575
NIFTY-II.NFO,28/06/2024,09:25:06,24269.05,24269.05,200,24270.55,50,50,1241575
NIFTY-II.NFO,28/06/2024,09:25:08,24269.05,24269.05,175,24270,125,25,1241575
NIFTY-II.NFO,28/06/2024,09:25:10,24269.05,24269.05,175,24270.05,25,0,1241575
NIFTY-II.NFO,28/06/2024,09:25:11,24270,24270,75,24270.05,25,50,1241575
NIFTY-II.NFO,28/06/2024,09:25:13,24270.05,24270,75,24270.6,50,25,1241575
NIFTY-II.NFO,28/06/2024,09:25:15,24273.8,24270,75,24273.9,125,1000,1241575
NIFTY-II.NFO,28/06/2024,09:25:16,24273.8,24270,75,24273.85,50,0,1241575
NIFTY-II.NFO,28/06/2024,09:25:18,24273.8,24270,150,24273.85,50,0,1241575
NIFTY-II.NFO,28/06/2024,09:25:20,24270,24270,75,24273.4,50,25,1241575
NIFTY-II.NFO,28/06/2024,09:25:21,24270,24270,75,24273.4,125,0,1241575
NIFTY-II.NFO,28/06/2024,09:25:25,24270,24269.05,400,24270.25,50,75,1241575
NIFTY-II.NFO,28/06/2024,09:25:26,24264.55,24264.55,50,24268.9,50,450,1241575
NIFTY-II.NFO,28/06/2024,09:25:28,24269.8,24265.15,200,24270,25,75,1241575
NIFTY-II.NFO,28/06/2024,09:25:30,24269.85,24264.05,200,24268.7,50,50,1241575
NIFTY-II.NFO,28/06/2024,09:25:31,24270.05,24265,25,24270.05,125,300,1241575
NIFTY-II.NFO,28/06/2024,09:25:33,24270.05,24265,25,24269.75,50,0,1241575
NIFTY-II.NFO,28/06/2024,09:25:35,24270.05,24265,25,24268.35,125,0,1241575
NIFTY-II.NFO,28/06/2024,09:25:36,24264,24264,75,24266.95,50,50,1241575
NIFTY-II.NFO,28/06/2024,09:25:38,24264,24264,75,24267,25,0,1241575
NIFTY-II.NFO,28/06/2024,09:25:40,24264,24264,75,24266.95,25,0,1241575
NIFTY-II.NFO,28/06/2024,09:25:42,24264.05,24264.15,250,24266.9,25,125,1241575
NIFTY-II.NFO,28/06/2024,09:25:43,24268.2,24265,100,24268.4,100,125,1241575
NIFTY-II.NFO,28/06/2024,09:25:45,24268.2,24265,100,24267.85,25,0,1241575
NIFTY-II.NFO,28/06/2024,09:25:47,24268.2,24265,100,24267.8,25,0,1241575
NIFTY-II.NFO,28/06/2024,09:25:48,24267.8,24265,75,24267.8,175,50,1241575
NIFTY-II.NFO,28/06/2024,09:25:50,24267.8,24265,75,24267.85,25,50,1241575
NIFTY-II.NFO,28/06/2024,09:25:52,24265,24265,25,24267.8,50,50,1241575
NIFTY-II.NFO,28/06/2024,09:25:53,24268.45,24264.05,25,24268.45,125,200,1241575
NIFTY-II.NFO,28/06/2024,09:25:55,24264.4,24264.35,325,24268.8,25,25,1241575
NIFTY-II.NFO,28/06/2024,09:25:57,24268.8,24264.65,200,24269.95,25,25,1241575
NIFTY-II.NFO,28/06/2024,09:25:58,24268.8,24268.2,25,24270,75,0,1241575
NIFTY-II.NFO,28/06/2024,09:26:00,24268.8,24268.35,125,24270,75,0,1241575
NIFTY-II.NFO,28/06/2024,09:26:02,24270,24270.1,50,24271,25,75,1241575
NIFTY-II.NFO,28/06/2024,09:26:03,24273.3,24269,100,24273.75,50,50,1241575
NIFTY-II.NFO,28/06/2024,09:26:05,24271.9,24269,25,24271.9,50,25,1241575
NIFTY-II.NFO,28/06/2024,09:26:07,24271.9,24269,25,24272.65,125,25,1241575
NIFTY-II.NFO,28/06/2024,09:26:08,24271.9,24269,100,24273.75,50,0,1241575
NIFTY-II.NFO,28/06/2024,09:26:10,24271.9,24270,25,24273.65,125,0,1241575
NIFTY-II.NFO,28/06/2024,09:26:12,24271.9,24268.2,25,24271.95,25,50,1241575
NIFTY-II.NFO,28/06/2024,09:26:13,24271.9,24268.2,25,24271.9,50,0,1241575
NIFTY-II.NFO,28/06/2024,09:26:15,24271.9,24268.2,25,24272.9,375,0,1241575
NIFTY-II.NFO,28/06/2024,09:26:17,24271.9,24268.2,25,24271.9,50,0,1241575
NIFTY-II.NFO,28/06/2024,09:26:18,24272.9,24268.2,25,24272.15,50,25,1241575
NIFTY-II.NFO,28/06/2024,09:26:20,24272.2,24265.05,25,24269.95,100,125,1241575
NIFTY-II.NFO,28/06/2024,09:26:22,24272.2,24265.65,200,24269.95,25,0,1241575
NIFTY-II.NFO,28/06/2024,09:26:23,24265.75,24265.05,25,24270.6,75,25,1241575
NIFTY-II.NFO,28/06/2024,09:26:25,24270.65,24265.05,25,24269.95,100,50,1241575
NIFTY-II.NFO,28/06/2024,09:26:27,24270.65,24265,25,24268.95,25,0,1241575
NIFTY-II.NFO,28/06/2024,09:26:28,24269.7,24265.05,200,24269.95,150,75,1241575
NIFTY-II.NFO,28/06/2024,09:26:30,24265.05,24265.15,200,24269.95,75,50,1241575
NIFTY-II.NFO,28/06/2024,09:26:32,24265.05,24265.1,25,24269.95,175,0,1241575
NIFTY-II.NFO,28/06/2024,09:26:33,24269.95,24265.1,25,24269.95,125,75,1241575
NIFTY-II.NFO,28/06/2024,09:26:35,24265,24265,25,24269.95,125,25,1241575
NIFTY-II.NFO,28/06/2024,09:26:37,24265,24265.05,200,24269.95,150,0,1241575
NIFTY-II.NFO,28/06/2024,09:26:38,24269.9,24265.05,275,24269.95,75,50,1241575
NIFTY-II.NFO,28/06/2024,09:26:40,24269.9,24265.05,200,24269.95,150,0,1241575
NIFTY-II.NFO,28/06/2024,09:26:42,24269.95,24265,50,24269.95,125,50,1241575
NIFTY-II.NFO,28/06/2024,09:26:43,24265.05,24265.1,275,24269,25,100,1241575
NIFTY-II.NFO,28/06/2024,09:26:45,24265.05,24265.1,200,24269,25,0,1241575
NIFTY-II.NFO,28/06/2024,09:26:47,24265.05,24265.05,100,24269,150,0,1241575
NIFTY-II.NFO,28/06/2024,09:26:48,24265.05,24265.05,100,24268.9,100,0,1241575
NIFTY-II.NFO,28/06/2024,09:26:50,24265.05,24265.05,100,24268.95,225,0,1241575
NIFTY-II.NFO,28/06/2024,09:26:52,24265.05,24265.05,100,24268.95,250,0,1241575
NIFTY-II.NFO,28/06/2024,09:26:53,24268.95,24265.05,100,24268.95,175,50,1241575
NIFTY-II.NFO,28/06/2024,09:26:55,24268.95,24265.05,100,24268.95,175,0,1241575
NIFTY-II.NFO,28/06/2024,09:26:57,24265.05,24265.05,75,24268.2,175,25,1241575
NIFTY-II.NFO,28/06/2024,09:26:58,24269,24265.05,125,24268.6,100,25,1241575
NIFTY-II.NFO,28/06/2024,09:27:00,24269,24268.6,25,24269.15,100,0,1241575
NIFTY-II.NFO,28/06/2024,09:27:02,24264.45,24264.4,75,24267.85,325,425,1241575
NIFTY-II.NFO,28/06/2024,09:27:03,24264.4,24264.4,50,24267.85,375,25,1241575
NIFTY-II.NFO,28/06/2024,09:27:05,24264.4,24264.4,50,24267.1,200,0,1241575
NIFTY-II.NFO,28/06/2024,09:27:07,24264.4,24264.4,50,24267.1,250,0,1241575
NIFTY-II.NFO,28/06/2024,09:27:08,24264.4,24264.4,25,24267.05,275,50,1240650
NIFTY-II.NFO,28/06/2024,09:27:10,24264.4,24264.85,175,24268.95,25,0,1240650
NIFTY-II.NFO,28/06/2024,09:27:12,24264.7,24264.45,225,24268.95,25,25,1240650
NIFTY-II.NFO,28/06/2024,09:27:13,24264.95,24264.95,50,24268.95,25,100,1240650
NIFTY-II.NFO,28/06/2024,09:27:15,24264.95,24264.75,175,24268.95,25,0,1240650
NIFTY-II.NFO,28/06/2024,09:27:17,24264.95,24264.65,125,24268.95,25,0,1240650
NIFTY-II.NFO,28/06/2024,09:27:20,24264.95,24266.1,50,24268.95,25,0,1240650
NIFTY-II.NFO,28/06/2024,09:27:22,24264.95,24266.3,125,24268.9,25,0,1240650
NIFTY-II.NFO,28/06/2024,09:27:23,24268.9,24267.75,75,24268.95,25,25,1240650
NIFTY-II.NFO,28/06/2024,09:27:25,24270,24269.2,25,24270,200,100,1240650
NIFTY-II.NFO,28/06/2024,09:27:27,24270,24267.95,25,24272,50,200,1240650
NIFTY-II.NFO,28/06/2024,09:27:28,24270,24268.25,25,24272,50,0,1240650
NIFTY-II.NFO,28/06/2024,09:27:30,24270,24271.3,25,24272,50,50,1240650
NIFTY-II.NFO,28/06/2024,09:27:31,24268.4,24267.25,50,24272,50,50,1240650
NIFTY-II.NFO,28/06/2024,09:27:33,24265.45,24265,125,24271.95,250,25,1240650
NIFTY-II.NFO,28/06/2024,09:27:35,24271.95,24267.45,25,24272,50,25,1240650
NIFTY-II.NFO,28/06/2024,09:27:36,24267.6,24267.55,75,24273.75,325,75,1240650
NIFTY-II.NFO,28/06/2024,09:27:38,24265.9,24265.95,50,24273.1,250,25,1240650
NIFTY-II.NFO,28/06/2024,09:27:40,24265.9,24265.8,50,24272.9,325,0,1240650
NIFTY-II.NFO,28/06/2024,09:27:41,24267.3,24267.3,25,24272.8,75,25,1240650
NIFTY-II.NFO,28/06/2024,09:27:43,24267.3,24267.3,50,24272.8,25,0,1240650
NIFTY-II.NFO,28/06/2024,09:27:45,24267.3,24267.8,50,24272.8,25,0,1240650
NIFTY-II.NFO,28/06/2024,09:27:46,24272.8,24268.35,75,24273.75,50,25,1240650
NIFTY-II.NFO,28/06/2024,09:27:48,24272.8,24268.9,75,24273.8,50,0,1240650
NIFTY-II.NFO,28/06/2024,09:27:50,24267.5,24267.3,100,24272.9,125,25,1240650
NIFTY-II.NFO,28/06/2024,09:27:51,24272.9,24267.35,125,24272.85,325,200,1240650
NIFTY-II.NFO,28/06/2024,09:27:53,24268.05,24268.05,150,24272.8,75,50,1240650
NIFTY-II.NFO,28/06/2024,09:27:55,24270,24268.05,125,24270,200,125,1240650
NIFTY-II.NFO,28/06/2024,09:27:57,24270,24268.05,125,24270,50,150,1240650
NIFTY-II.NFO,28/06/2024,09:27:58,24271.8,24268.05,50,24272.8,75,75,1240650
NIFTY-II.NFO,28/06/2024,09:28:00,24272.8,24269.85,50,24273.8,50,25,1240650
NIFTY-II.NFO,28/06/2024,09:28:02,24272.8,24270.05,125,24273.8,100,0,1240650
NIFTY-II.NFO,28/06/2024,09:28:03,24273.75,24270,50,24273.8,75,175,1240650
NIFTY-II.NFO,28/06/2024,09:28:05,24270,24270,75,24273.8,75,25,1240650
NIFTY-II.NFO,28/06/2024,09:28:07,24270,24270.05,25,24273.8,75,0,1240650
NIFTY-II.NFO,28/06/2024,09:28:08,24270,24270,75,24273.8,75,0,1240650
NIFTY-II.NFO,28/06/2024,09:28:10,24270,24270.05,100,24273.8,25,0,1240650
NIFTY-II.NFO,28/06/2024,09:28:16,24270.05,24270,75,24273.8,75,50,1240650
NIFTY-II.NFO,28/06/2024,09:28:18,24270,24270,50,24273.8,75,25,1240650
NIFTY-II.NFO,28/06/2024,09:28:20,24270,24270,50,24273.8,25,0,1240650
NIFTY-II.NFO,28/06/2024,09:28:21,24270,24270,25,24274,50,125,1240650
NIFTY-II.NFO,28/06/2024,09:28:23,24273.7,24267.3,25,24273.45,250,25,1240650
NIFTY-II.NFO,28/06/2024,09:28:25,24273.7,24267.3,25,24271.25,250,0,1240650
NIFTY-II.NFO,28/06/2024,09:28:26,24273.7,24267.3,25,24270.05,325,0,1240650
NIFTY-II.NFO,28/06/2024,09:28:28,24267.3,24264.4,25,24267.25,250,25,1240650
NIFTY-II.NFO,28/06/2024,09:28:30,24264,24263,25,24266.85,325,300,1240650
NIFTY-II.NFO,28/06/2024,09:28:31,24264,24263,25,24267.65,325,0,1240650
NIFTY-II.NFO,28/06/2024,09:28:33,24264,24265,25,24268.7,425,0,1240650
NIFTY-II.NFO,28/06/2024,09:28:35,24264,24265,25,24269.65,325,0,1240650
NIFTY-II.NFO,28/06/2024,09:28:36,24264.05,24264,25,24269.4,250,50,1240650
NIFTY-II.NFO,28/06/2024,09:28:38,24264.05,24264.8,375,24270,100,0,1240650
NIFTY-II.NFO,28/06/2024,09:28:40,24264.7,24266.85,125,24270,100,50,1240650
NIFTY-II.NFO,28/06/2024,09:28:41,24270,24267.45,200,24270,75,25,1240650
NIFTY-II.NFO,28/06/2024,09:28:43,24270,24267.65,375,24273,50,100,1240650
NIFTY-II.NFO,28/06/2024,09:28:45,24267.4,24266.2,150,24272.6,250,25,1240650
NIFTY-II.NFO,28/06/2024,09:28:46,24267.4,24268,50,24270,50,0,1240650
NIFTY-II.NFO,28/06/2024,09:28:49,24268,24268,25,24270,50,25,1240650
NIFTY-II.NFO,28/06/2024,09:28:51,24268,24268,25,24270,100,0,1240650
NIFTY-II.NFO,28/06/2024,09:28:53,24270,24268,100,24270,50,50,1240650
NIFTY-II.NFO,28/06/2024,09:28:54,24270,24270,50,24272.95,250,50,1240650
NIFTY-II.NFO,28/06/2024,09:28:56,24267.7,24266.45,125,24272.95,325,175,1240650
NIFTY-II.NFO,28/06/2024,09:28:58,24267.7,24266.05,250,24272.4,350,0,1240650
NIFTY-II.NFO,28/06/2024,09:28:59,24272.05,24265.7,25,24272,350,25,1240650
NIFTY-II.NFO,28/06/2024,09:29:01,24272.05,24266.55,25,24272.05,250,0,1240650
NIFTY-II.NFO,28/06/2024,09:29:03,24272.95,24270,50,24272.95,325,25,1240650
NIFTY-II.NFO,28/06/2024,09:29:04,24272.95,24270,50,24272.85,250,0,1240650
NIFTY-II.NFO,28/06/2024,09:29:08,24270,24270,25,24271.4,325,50,1240650
NIFTY-II.NFO,28/06/2024,09:29:09,24270,24270,25,24271.4,250,0,1240650
NIFTY-II.NFO,28/06/2024,09:29:11,24270,24270,25,24271.95,250,0,1240650
NIFTY-II.NFO,28/06/2024,09:29:12,24266.7,24266.85,50,24272,200,250,1240650
NIFTY-II.NFO,28/06/2024,09:29:14,24272,24267.55,50,24272,175,25,1240650
NIFTY-II.NFO,28/06/2024,09:29:16,24270,24268.4,75,24272,150,100,1240650
NIFTY-II.NFO,28/06/2024,09:29:17,24270,24268.8,50,24272,150,0,1240650
NIFTY-II.NFO,28/06/2024,09:29:19,24271.95,24269.95,50,24272,150,75,1240650
NIFTY-II.NFO,28/06/2024,09:29:21,24272.9,24269.8,50,24272.95,25,300,1240650
NIFTY-II.NFO,28/06/2024,09:29:22,24272.9,24269.75,200,24272.95,25,0,1240650
NIFTY-II.NFO,28/06/2024,09:29:24,24268.3,24268.9,50,24272.95,25,25,1240650
NIFTY-II.NFO,28/06/2024,09:29:26,24270,24269.65,50,24272.95,25,25,1240650
NIFTY-II.NFO,28/06/2024,09:29:27,24272.95,24269.65,50,24273,50,25,1240650
NIFTY-II.NFO,28/06/2024,09:29:29,24272.95,24265.9,125,24271.4,275,0,1240650
NIFTY-II.NFO,28/06/2024,09:29:31,24271.15,24268.3,25,24271.7,200,50,1240650
NIFTY-II.NFO,28/06/2024,09:29:32,24271.95,24268.6,50,24272.95,50,75,1240650
NIFTY-II.NFO,28/06/2024,09:29:34,24271.95,24268.35,50,24272.95,50,0,1240650
NIFTY-II.NFO,28/06/2024,09:29:36,24272.95,24269.35,50,24273,50,50,1240650
NIFTY-II.NFO,28/06/2024,09:29:37,24272.95,24268.35,50,24272.8,50,0,1240650
NIFTY-II.NFO,28/06/2024,09:29:39,24272.5,24268.3,25,24272.75,575,25,1240650
NIFTY-II.NFO,28/06/2024,09:29:41,24272.5,24268.3,25,24272.3,325,0,1240650
NIFTY-II.NFO,28/06/2024,09:29:42,24272.5,24268.35,50,24272.95,200,0,1240650
NIFTY-II.NFO,28/06/2024,09:29:44,24273,24270.25,50,24273.7,25,50,1240650
NIFTY-II.NFO,28/06/2024,09:29:46,24273.7,24270.25,50,24274,50,25,1240650
NIFTY-II.NFO,28/06/2024,09:29:47,24274,24271.05,300,24274.7,50,50,1240650
NIFTY-II.NFO,28/06/2024,09:29:49,24275.25,24275.05,25,24276,75,925,1240650
NIFTY-II.NFO,28/06/2024,09:29:51,24277,24273.95,25,24278,325,125,1240650
NIFTY-II.NFO,28/06/2024,09:29:52,24273.95,24273.35,125,24278,325,25,1240650
NIFTY-II.NFO,28/06/2024,09:29:54,24278,24273.35,125,24278,300,25,1240650
NIFTY-II.NFO,28/06/2024,09:29:56,24274.3,24275.5,225,24278,275,50,1240650
NIFTY-II.NFO,28/06/2024,09:29:57,24278,24277.8,25,24278,75,200,1240650
NIFTY-II.NFO,28/06/2024,09:29:59,24278,24275.05,75,24278,50,25,1240650
NIFTY-II.NFO,28/06/2024,09:30:01,24278,24278,50,24278.9,200,50,1240650
NIFTY-II.NFO,28/06/2024,09:30:02,24278,24278,275,24278.9,200,0,1240650
NIFTY-II.NFO,28/06/2024,09:30:04,24278,24278,250,24278.9,200,25,1240650
NIFTY-II.NFO,28/06/2024,09:30:06,24278,24278,225,24278.9,200,25,1240650
NIFTY-II.NFO,28/06/2024,09:30:07,24278,24273.05,50,24278.85,250,225,1240650
NIFTY-II.NFO,28/06/2024,09:30:09,24278,24273.8,225,24278.9,200,0,1240650
NIFTY-II.NFO,28/06/2024,09:30:11,24278,24274.3,125,24278,25,0,1240650
NIFTY-II.NFO,28/06/2024,09:30:12,24278,24274.3,125,24278,50,0,1240650
NIFTY-II.NFO,28/06/2024,09:30:14,24278,24275,25,24278,350,0,1240650
NIFTY-II.NFO,28/06/2024,09:30:16,24278,24275,25,24278,100,0,1240650
NIFTY-II.NFO,28/06/2024,09:30:17,24278,24275,25,24277.95,325,0,1240650
NIFTY-II.NFO,28/06/2024,09:30:19,24276.85,24275,25,24276.85,250,50,1242775
NIFTY-II.NFO,28/06/2024,09:30:21,24275,24273,25,24274.95,200,325,1242775
NIFTY-II.NFO,28/06/2024,09:30:22,24270.15,24270.1,50,24275,75,725,1242775
NIFTY-II.NFO,28/06/2024,09:30:24,24270.15,24270,150,24274.95,325,0,1242775
NIFTY-II.NFO,28/06/2024,09:30:26,24270.15,24270.05,175,24275,75,0,1242775
NIFTY-II.NFO,28/06/2024,09:30:27,24270.15,24270.2,50,24274.95,250,0,1242775
NIFTY-II.NFO,28/06/2024,09:30:29,24270.7,24271.3,125,24275,25,50,1242775
NIFTY-II.NFO,28/06/2024,09:30:31,24271.3,24271.1,125,24275,25,25,1242775
NIFTY-II.NFO,28/06/2024,09:30:32,24270.7,24270.5,250,24275,75,250,1242775
NIFTY-II.NFO,28/06/2024,09:30:34,24270.7,24270.75,125,24275,125,0,1242775
NIFTY-II.NFO,28/06/2024,09:30:36,24270.7,24270.15,150,24274,75,0,1242775
NIFTY-II.NFO,28/06/2024,09:30:37,24270.7,24270.15,25,24274.5,225,525,1242775
NIFTY-II.NFO,28/06/2024,09:30:39,24270.7,24270.15,25,24273.25,150,25,1242775
NIFTY-II.NFO,28/06/2024,09:30:41,24273.25,24270.15,25,24270.7,50,25,1242775
NIFTY-II.NFO,28/06/2024,09:30:42,24270.7,24270.25,25,24271.1,50,50,1242775
NIFTY-II.NFO,28/06/2024,09:30:44,24270.7,24270.15,25,24271.1,50,0,1242775
NIFTY-II.NFO,28/06/2024,09:30:46,24270.7,24270.9,25,24271.1,50,0,1242775
NIFTY-II.NFO,28/06/2024,09:30:47,24271.1,24270.5,25,24270.7,50,100,1242775
NIFTY-II.NFO,28/06/2024,09:30:49,24270.7,24270.15,25,24273.25,200,50,1242775
NIFTY-II.NFO,28/06/2024,09:30:51,24271.1,24270.15,25,24272.75,300,25,1242775
NIFTY-II.NFO,28/06/2024,09:30:52,24271,24270,150,24271.3,200,25,1242775
NIFTY-II.NFO,28/06/2024,09:30:54,24271,24270,150,24270.9,200,0,1242775
NIFTY-II.NFO,28/06/2024,09:30:56,24270,24266,25,24269.9,200,175,1242775
NIFTY-II.NFO,28/06/2024,09:30:57,24270,24266,25,24268.4,200,0,1242775
NIFTY-II.NFO,28/06/2024,09:30:59,24270,24266,25,24269.4,125,0,1242775
NIFTY-II.NFO,28/06/2024,09:31:01,24266,24265,25,24269.4,125,25,1242775
NIFTY-II.NFO,28/06/2024,09:31:02,24266,24265,25,24269.4,200,0,1242775
NIFTY-II.NFO,28/06/2024,09:31:04,24265,24264.05,25,24266.4,200,25,1242775
NIFTY-II.NFO,28/06/2024,09:31:06,24265,24264.05,25,24267.05,200,0,1242775
NIFTY-II.NFO,28/06/2024,09:31:07,24265,24264.05,25,24267.7,200,0,1242775
NIFTY-II.NFO,28/06/2024,09:31:09,24268.85,24264.05,100,24268.95,125,750,1242775
NIFTY-II.NFO,28/06/2024,09:31:11,24268.85,24264.35,75,24270,100,0,1242775
NIFTY-II.NFO,28/06/2024,09:31:12,24265,24265.3,100,24270,25,25,1242775
NIFTY-II.NFO,28/06/2024,09:31:14,24265,24264.7,150,24270,75,0,1242775
NIFTY-II.NFO,28/06/2024,09:31:16,24265,24264.05,25,24268.95,25,0,1242775
NIFTY-II.NFO,28/06/2024,09:31:17,24265,24264.45,150,24268.95,25,150,1242775
NIFTY-II.NFO,28/06/2024,09:31:19,24265,24264.5,200,24269.95,25,0,1242775
NIFTY-II.NFO,28/06/2024,09:31:20,24265.1,24265.1,200,24269.95,50,50,1242775
NIFTY-II.NFO,28/06/2024,09:31:22,24265.25,24264.1,275,24269.95,200,50,1242775
NIFTY-II.NFO,28/06/2024,09:31:24,24264.05,24263,25,24265,100,25,1242775
NIFTY-II.NFO,28/06/2024,09:31:25,24263,24261.05,225,24265,75,50,1242775
NIFTY-II.NFO,28/06/2024,09:31:27,24261.05,24264.05,50,24265,100,25,1242775
NIFTY-II.NFO,28/06/2024,09:31:29,24262.3,24261.35,125,24265,100,275,1242775
NIFTY-II.NFO,28/06/2024,09:31:30,24261.3,24261.25,100,24265,100,225,1242775
NIFTY-II.NFO,28/06/2024,09:31:32,24265,24261.1,50,24265,75,25,1242775
NIFTY-II.NFO,28/06/2024,09:31:33,24265,24261.1,50,24265,75,0,1242775
NIFTY-II.NFO,28/06/2024,09:31:35,24265,24261.1,125,24265,75,0,1242775
NIFTY-II.NFO,28/06/2024,09:31:37,24261.35,24261.55,50,24265,75,125,1242775
NIFTY-II.NFO,28/06/2024,09:31:38,24261.35,24261.55,25,24265,75,0,1242775
NIFTY-II.NFO,28/06/2024,09:31:42,24265,24261.15,25,24265,25,275,1242775
NIFTY-II.NFO,28/06/2024,09:31:43,24265.25,24265.05,25,24269,200,50,1242775
NIFTY-II.NFO,28/06/2024,09:31:45,24265.25,24262.7,25,24265,25,0,1242775
NIFTY-II.NFO,28/06/2024,09:31:47,24265,24261.75,25,24267.15,275,25,1242775
NIFTY-II.NFO,28/06/2024,09:31:48,24267.15,24261.35,100,24265.25,25,100,1242775
NIFTY-II.NFO,28/06/2024,09:31:50,24267.15,24262.5,100,24265.25,25,0,1242775
NIFTY-II.NFO,28/06/2024,09:31:51,24268.25,24262.9,125,24268.35,200,50,1242775
NIFTY-II.NFO,28/06/2024,09:31:53,24268.25,24263.1,125,24267.15,25,0,1242775
NIFTY-II.NFO,28/06/2024,09:31:55,24269.45,24264.1,150,24269.75,275,50,1242775
NIFTY-II.NFO,28/06/2024,09:31:56,24269.45,24261.45,150,24268.5,275,0,1242775
NIFTY-II.NFO,28/06/2024,09:31:58,24269.45,24264.1,150,24269.75,200,0,1242775
NIFTY-II.NFO,28/06/2024,09:32:00,24269.45,24265.1,150,24269.95,200,0,1242775
NIFTY-II.NFO,28/06/2024,09:32:01,24266.1,24266.75,250,24270,400,25,1242775
NIFTY-II.NFO,28/06/2024,09:32:03,24267.5,24267.05,25,24270,400,75,1242775
NIFTY-II.NFO,28/06/2024,09:32:05,24267.5,24267.25,175,24270,400,0,1242775
NIFTY-II.NFO,28/06/2024,09:32:06,24267.5,24265.05,125,24267.5,250,0,1242775
NIFTY-II.NFO,28/06/2024,09:32:08,24267.5,24267.15,25,24267.5,250,0,1242775
NIFTY-II.NFO,28/06/2024,09:32:09,24267,24266.7,175,24267.5,250,50,1242775
NIFTY-II.NFO,28/06/2024,09:32:11,24267.5,24267.4,175,24267.5,100,150,1242775
NIFTY-II.NFO,28/06/2024,09:32:13,24267.5,24266.75,50,24267.5,50,200,1242775
NIFTY-II.NFO,28/06/2024,09:32:14,24267.4,24267.4,25,24267.5,50,25,1242775
NIFTY-II.NFO,28/06/2024,09:32:16,24267.4,24266.3,50,24267.5,50,0,1242775
NIFTY-II.NFO,28/06/2024,09:32:18,24267.5,24266.35,125,24270,425,50,1242775
NIFTY-II.NFO,28/06/2024,09:32:19,24267.5,24266.25,125,24270,425,0,1242775
NIFTY-II.NFO,28/06/2024,09:32:21,24266.5,24266.5,25,24270,425,25,1242775
NIFTY-II.NFO,28/06/2024,09:32:23,24267,24266.7,50,24270,425,50,1242775
NIFTY-II.NFO,28/06/2024,09:32:25,24268.15,24268.15,100,24270,300,150,1242775
NIFTY-II.NFO,28/06/2024,09:32:26,24274.8,24271.1,150,24275,750,350,1242775
NIFTY-II.NFO,28/06/2024,09:32:28,24274.8,24272,100,24275,750,0,1242775
NIFTY-II.NFO,28/06/2024,09:32:30,24274.8,24269.1,100,24274.95,275,0,1242775
NIFTY-II.NFO,28/06/2024,09:32:31,24274.8,24268.8,150,24274.95,200,0,1242775
NIFTY-II.NFO,28/06/2024,09:32:33,24274.8,24267.55,100,24274.35,200,0,1242775
NIFTY-II.NFO,28/06/2024,09:32:35,24271.1,24269,50,24274.95,275,25,1242775
NIFTY-II.NFO,28/06/2024,09:32:36,24271.1,24269.05,100,24274.95,200,0,1242775
NIFTY-II.NFO,28/06/2024,09:32:38,24271.1,24270.05,25,24274.75,200,0,1242775
NIFTY-II.NFO,28/06/2024,09:32:40,24274.75,24268.45,50,24274.7,100,225,1242775
NIFTY-II.NFO,28/06/2024,09:32:41,24274.75,24268.45,50,24274.75,175,0,1242775
NIFTY-II.NFO,28/06/2024,09:32:43,24274.75,24267.85,200,24273.9,75,25,1242775
NIFTY-II.NFO,28/06/2024,09:32:45,24274.75,24268.05,50,24273.9,150,0,1242775
NIFTY-II.NFO,28/06/2024,09:32:46,24273.9,24268,50,24273.9,125,25,1242775
NIFTY-II.NFO,28/06/2024,09:32:48,24268,24267.85,50,24271.9,50,50,1242775
NIFTY-II.NFO,28/06/2024,09:32:50,24271.9,24267.8,25,24271.9,100,25,1242775
NIFTY-II.NFO,28/06/2024,09:32:51,24271.9,24267.8,25,24271.8,25,0,1242775
NIFTY-II.NFO,28/06/2024,09:32:53,24271.9,24267.8,25,24270,300,0,1242775
NIFTY-II.NFO,28/06/2024,09:32:56,24270,24267.8,25,24269.95,100,75,1242775
NIFTY-II.NFO,28/06/2024,09:32:58,24270,24267.8,25,24269.95,25,0,1242775
NIFTY-II.NFO,28/06/2024,09:33:00,24269.95,24267.8,25,24270,225,25,1242775
NIFTY-II.NFO,28/06/2024,09:33:01,24269.95,24267.8,25,24270,225,0,1242775
NIFTY-II.NFO,28/06/2024,09:33:06,24270,24267.8,25,24270,200,25,1242775
NIFTY-II.NFO,28/06/2024,09:33:08,24267.5,24265,425,24268.4,25,150,1244450
NIFTY-II.NFO,28/06/2024,09:33:10,24267.5,24265,425,24269.6,100,0,1244450
NIFTY-II.NFO,28/06/2024,09:33:11,24267.5,24265,425,24267.8,25,0,1244450
NIFTY-II.NFO,28/06/2024,09:33:13,24267.5,24266.15,200,24267.8,25,0,1244450
NIFTY-II.NFO,28/06/2024,09:33:15,24267.5,24266,50,24267.8,25,0,1244450
NIFTY-II.NFO,28/06/2024,09:33:16,24267.5,24265,425,24267.8,25,0,1244450
NIFTY-II.NFO,28/06/2024,09:33:18,24267.5,24265.55,50,24267.8,25,0,1244450
NIFTY-II.NFO,28/06/2024,09:33:20,24270,24265,425,24267.5,25,50,1244450
NIFTY-II.NFO,28/06/2024,09:33:21,24270,24265,425,24267.5,25,0,1244450
NIFTY-II.NFO,28/06/2024,09:33:23,24270,24265,425,24267,125,0,1244450
NIFTY-II.NFO,28/06/2024,09:33:24,24267,24265,450,24267,100,100,1244450
NIFTY-II.NFO,28/06/2024,09:33:26,24267,24265,450,24267.5,100,75,1244450
NIFTY-II.NFO,28/06/2024,09:33:28,24267,24265,450,24267.15,100,0,1244450
NIFTY-II.NFO,28/06/2024,09:33:29,24267.15,24265,450,24267.5,100,25,1244450
NIFTY-II.NFO,28/06/2024,09:33:31,24267.5,24265,450,24268.05,325,25,1244450
NIFTY-II.NFO,28/06/2024,09:33:33,24267.5,24265,450,24268.95,325,0,1244450
NIFTY-II.NFO,28/06/2024,09:33:34,24267.5,24265.25,125,24267,25,0,1244450
NIFTY-II.NFO,28/06/2024,09:33:36,24267.5,24265,450,24267,25,0,1244450
NIFTY-II.NFO,28/06/2024,09:33:38,24267.5,24265,50,24267,25,0,1244450
NIFTY-II.NFO,28/06/2024,09:33:41,24265,24263.25,200,24265,25,50,1244450
NIFTY-II.NFO,28/06/2024,09:33:43,24263.25,24262.85,200,24265,25,200,1244450
NIFTY-II.NFO,28/06/2024,09:33:44,24264.1,24263.5,175,24265,25,25,1244450
NIFTY-II.NFO,28/06/2024,09:33:46,24264.1,24263.7,250,24265,25,0,1244450
NIFTY-II.NFO,28/06/2024,09:33:48,24264.1,24263.4,300,24265,25,0,1244450
NIFTY-II.NFO,28/06/2024,09:33:49,24265,24264.85,175,24267,25,25,1244450
NIFTY-II.NFO,28/06/2024,09:33:51,24265,24263.55,250,24265,50,0,1244450
NIFTY-II.NFO,28/06/2024,09:33:53,24263.55,24264.45,225,24265,50,25,1244450
NIFTY-II.NFO,28/06/2024,09:33:54,24263.55,24264.15,225,24265,50,0,1244450
NIFTY-II.NFO,28/06/2024,09:33:56,24264.15,24264.15,200,24265,50,25,1244450
NIFTY-II.NFO,28/06/2024,09:33:58,24265,24265.25,200,24267.5,50,50,1244450
NIFTY-II.NFO,28/06/2024,09:33:59,24267.05,24267.05,75,24269.85,25,75,1244450
NIFTY-II.NFO,28/06/2024,09:34:01,24267.05,24268.75,125,24269.85,25,0,1244450
NIFTY-II.NFO,28/06/2024,09:34:03,24268,24268.95,125,24269.85,25,50,1244450
NIFTY-II.NFO,28/06/2024,09:34:04,24275,24270.2,50,24275,475,775,1244450
NIFTY-II.NFO,28/06/2024,09:34:06,24275,24267.65,75,24273.4,275,0,1244450
NIFTY-II.NFO,28/06/2024,09:34:08,24275,24266.4,125,24272.1,275,0,1244450
NIFTY-II.NFO,28/06/2024,09:34:09,24272.1,24266.35,50,24267.05,100,25,1244450
NIFTY-II.NFO,28/06/2024,09:34:11,24272.1,24265.4,100,24267.05,100,0,1244450
NIFTY-II.NFO,28/06/2024,09:34:13,24267.05,24266.3,100,24271.9,275,100,1244450
NIFTY-II.NFO,28/06/2024,09:34:14,24267.2,24267.9,150,24273.05,200,125,1244450
NIFTY-II.NFO,28/06/2024,09:34:16,24267.2,24267,225,24272.15,200,0,1244450
NIFTY-II.NFO,28/06/2024,09:34:18,24267.2,24267.65,125,24272.6,450,0,1244450
NIFTY-II.NFO,28/06/2024,09:34:19,24267.2,24267,50,24271.9,275,0,1244450
NIFTY-II.NFO,28/06/2024,09:34:21,24267.2,24267.25,125,24270.95,25,0,1244450
NIFTY-II.NFO,28/06/2024,09:34:23,24267.2,24267,125,24271.6,200,0,1244450
NIFTY-II.NFO,28/06/2024,09:34:24,24267.2,24267.2,125,24271.8,200,0,1244450
NIFTY-II.NFO,28/06/2024,09:34:26,24267.2,24267.2,50,24269.9,200,0,1244450
NIFTY-II.NFO,28/06/2024,09:34:28,24267.2,24267.2,25,24271,450,25,1244450
NIFTY-II.NFO,28/06/2024,09:34:29,24267.2,24267.2,50,24270.95,200,0,1244450
NIFTY-II.NFO,28/06/2024,09:34:31,24267.2,24267.2,50,24271.65,200,0,1244450
NIFTY-II.NFO,28/06/2024,09:34:33,24267.2,24267.5,50,24271.2,200,0,1244450
NIFTY-II.NFO,28/06/2024,09:34:34,24267.2,24268,25,24271.25,200,0,1244450
NIFTY-II.NFO,28/06/2024,09:34:36,24270.15,24267.5,50,24270.15,450,50,1244450
NIFTY-II.NFO,28/06/2024,09:34:38,24270.15,24267.5,50,24270.65,200,0,1244450
NIFTY-II.NFO,28/06/2024,09:34:39,24270.15,24267.5,50,24270.2,275,0,1244450
NIFTY-II.NFO,28/06/2024,09:34:41,24270.15,24267.5,50,24269.1,200,0,1244450
NIFTY-II.NFO,28/06/2024,09:34:43,24268.6,24267.5,50,24269.15,200,75,1244450
NIFTY-II.NFO,28/06/2024,09:34:44,24268.6,24267.5,50,24270.55,200,0,1244450
NIFTY-II.NFO,28/06/2024,09:34:46,24267.5,24267.2,75,24268.6,25,50,1244450
NIFTY-II.NFO,28/06/2024,09:34:48,24267.5,24267.2,75,24268.6,25,0,1244450
NIFTY-II.NFO,28/06/2024,09:34:49,24270.1,24267.2,75,24269.85,425,50,1244450
NIFTY-II.NFO,28/06/2024,09:34:51,24269.2,24267.2,75,24268.95,175,250,1244450
NIFTY-II.NFO,28/06/2024,09:34:53,24269.2,24267.2,75,24270.15,25,0,1244450
NIFTY-II.NFO,28/06/2024,09:34:58,24269.2,24267.2,75,24267.5,25,0,1244450
NIFTY-II.NFO,28/06/2024,09:34:59,24267.5,24268,75,24270.05,250,25,1244450
NIFTY-II.NFO,28/06/2024,09:35:01,24268,24268,50,24270.15,25,25,1244450
NIFTY-II.NFO,28/06/2024,09:35:03,24268,24268,50,24269.8,250,0,1244450
NIFTY-II.NFO,28/06/2024,09:35:04,24267.2,24267,50,24267.1,200,125,1244450
NIFTY-II.NFO,28/06/2024,09:35:06,24266,24264,25,24266.95,25,275,1244450
NIFTY-II.NFO,28/06/2024,09:35:08,24263.65,24263.65,200,24266.95,75,75,1244450
NIFTY-II.NFO,28/06/2024,09:35:09,24263.65,24264.85,200,24266,25,0,1244450
NIFTY-II.NFO,28/06/2024,09:35:11,24263.9,24263.9,200,24266,25,50,1244450
NIFTY-II.NFO,28/06/2024,09:35:13,24263.9,24264.55,200,24266,25,0,1244450
NIFTY-II.NFO,28/06/2024,09:35:14,24263.9,24263.95,275,24266,25,125,1244450
NIFTY-II.NFO,28/06/2024,09:35:16,24266,24267.05,25,24268,25,25,1244450
NIFTY-II.NFO,28/06/2024,09:35:18,24268.15,24264.65,50,24268.45,225,75,1244450
NIFTY-II.NFO,28/06/2024,09:35:21,24264.65,24263.6,150,24267.8,300,25,1244450
NIFTY-II.NFO,28/06/2024,09:35:23,24267.6,24263.55,50,24266.95,275,25,1244450
NIFTY-II.NFO,28/06/2024,09:35:24,24268,24268,1500,24268.2,250,1200,1244450
NIFTY-II.NFO,28/06/2024,09:35:26,24272.25,24264.7,125,24269.95,25,1500,1244450
NIFTY-II.NFO,28/06/2024,09:35:28,24263.6,24263.2,50,24268.95,100,25,1244450
NIFTY-II.NFO,28/06/2024,09:35:29,24266.95,24262.85,125,24263.25,25,25,1244450
NIFTY-II.NFO,28/06/2024,09:35:31,24263.3,24263.4,50,24267,125,75,1244450
NIFTY-II.NFO,28/06/2024,09:35:33,24263.3,24263.85,25,24267,125,0,1244450
NIFTY-II.NFO,28/06/2024,09:35:34,24261.95,24262.4,25,24265.1,25,50,1244450
NIFTY-II.NFO,28/06/2024,09:35:36,24263.4,24263.6,50,24267,125,25,1244450
NIFTY-II.NFO,28/06/2024,09:35:38,24267,24265.4,25,24267,50,100,1244450
NIFTY-II.NFO,28/06/2024,09:35:39,24267,24265.4,125,24269.95,50,50,1244450
NIFTY-II.NFO,28/06/2024,09:35:41,24266.9,24268.2,75,24269.95,50,25,1244450
NIFTY-II.NFO,28/06/2024,09:35:43,24270,24268.3,25,24269.95,25,175,1244450
NIFTY-II.NFO,28/06/2024,09:35:44,24269.95,24267.45,50,24270.9,50,25,1244450
NIFTY-II.NFO,28/06/2024,09:35:46,24269.95,24266.4,125,24270.9,50,0,1244450
NIFTY-II.NFO,28/06/2024,09:35:48,24269.95,24267.75,50,24272.2,50,0,1244450
NIFTY-II.NFO,28/06/2024,09:35:49,24269.95,24268.25,125,24272.2,50,0,1244450
NIFTY-II.NFO,28/06/2024,09:35:51,24269.95,24269.05,125,24272.25,25,0,1244450
NIFTY-II.NFO,28/06/2024,09:35:53,24273.9,24270.4,50,24273.9,25,150,1244450
NIFTY-II.NFO,28/06/2024,09:35:54,24273.9,24268.55,125,24272.95,25,25,1244450
NIFTY-II.NFO,28/06/2024,09:35:56,24273.9,24270.6,50,24275,700,0,1244450
NIFTY-II.NFO,28/06/2024,09:35:58,24273.9,24271.15,100,24274.95,25,0,1244450
NIFTY-II.NFO,28/06/2024,09:35:59,24273.9,24269.95,150,24274.45,125,0,1244450
NIFTY-II.NFO,28/06/2024,09:36:01,24273.9,24269.95,150,24272.65,125,0,1244450
NIFTY-II.NFO,28/06/2024,09:36:03,24269.95,24266.2,50,24270.95,25,150,1244450
NIFTY-II.NFO,28/06/2024,09:36:04,24269.95,24266,25,24270.9,125,0,1244450
NIFTY-II.NFO,28/06/2024,09:36:06,24270.9,24266,25,24270.95,100,25,1244450
NIFTY-II.NFO,28/06/2024,09:36:08,24270.9,24267.7,125,24273.05,125,0,1244450
NIFTY-II.NFO,28/06/2024,09:36:09,24270.9,24267.85,125,24273.1,125,0,1244450
NIFTY-II.NFO,28/06/2024,09:36:11,24270.9,24268.5,125,24272,25,0,1244450
NIFTY-II.NFO,28/06/2024,09:36:13,24270.9,24269.35,200,24272,25,0,1244450
NIFTY-II.NFO,28/06/2024,09:36:14,24268.3,24268.3,100,24273.8,125,50,1246750
NIFTY-II.NFO,28/06/2024,09:36:16,24268.3,24267.4,50,24271.95,25,0,1246750
NIFTY-II.NFO,28/06/2024,09:36:18,24273.55,24268.35,125,24273.55,75,150,1246750
NIFTY-II.NFO,28/06/2024,09:36:19,24270,24270,25,24274.05,325,75,1246750
NIFTY-II.NFO,28/06/2024,09:36:21,24270,24270,25,24272.85,25,0,1246750
NIFTY-II.NFO,28/06/2024,09:36:22,24273.9,24271.25,125,24275,725,25,1246750
NIFTY-II.NFO,28/06/2024,09:36:24,24270.35,24270.95,125,24275,650,150,1246750
NIFTY-II.NFO,28/06/2024,09:36:26,24270.35,24272.4,75,24275,800,0,1246750
NIFTY-II.NFO,28/06/2024,09:36:27,24270.35,24270.1,50,24274.95,275,0,1246750
NIFTY-II.NFO,28/06/2024,09:36:29,24270.35,24270.35,125,24275,800,325,1246750
NIFTY-II.NFO,28/06/2024,09:36:31,24275,24270.95,125,24275,775,25,1246750
NIFTY-II.NFO,28/06/2024,09:36:32,24270.95,24270.95,100,24275,775,25,1246750
NIFTY-II.NFO,28/06/2024,09:36:34,24270.95,24270.95,100,24275,775,0,1246750
NIFTY-II.NFO,28/06/2024,09:36:36,24275,24270.95,100,24275,725,25,1246750
NIFTY-II.NFO,28/06/2024,09:36:37,24275,24270.3,25,24275,700,25,1246750
NIFTY-II.NFO,28/06/2024,09:36:39,24274.9,24270,25,24274.95,25,25,1246750
NIFTY-II.NFO,28/06/2024,09:36:41,24274.9,24270.45,125,24275,775,0,1246750
NIFTY-II.NFO,28/06/2024,09:36:43,24271.1,24271.75,125,24275,725,25,1246750
NIFTY-II.NFO,28/06/2024,09:36:44,24271.1,24271.15,50,24275,725,0,1246750
NIFTY-II.NFO,28/06/2024,09:36:46,24270.9,24270.9,200,24275,725,25,1246750
NIFTY-II.NFO,28/06/2024,09:36:48,24270.9,24270.9,200,24275,725,25,1246750
NIFTY-II.NFO,28/06/2024,09:36:49,24271.45,24270.85,200,24275,725,25,1246750
NIFTY-II.NFO,28/06/2024,09:36:51,24271.5,24271.55,200,24275,725,125,1246750
NIFTY-II.NFO,28/06/2024,09:36:52,24271.5,24271.15,275,24275,725,0,1246750
NIFTY-II.NFO,28/06/2024,09:36:54,24271.5,24271.25,275,24275,725,0,1246750
NIFTY-II.NFO,28/06/2024,09:36:56,24274.95,24271.5,25,24275,725,175,1246750
NIFTY-II.NFO,28/06/2024,09:36:57,24275,24271.1,50,24275,700,25,1246750
NIFTY-II.NFO,28/06/2024,09:36:59,24275,24271.1,50,24275,700,0,1246750
NIFTY-II.NFO,28/06/2024,09:37:01,24275,24273.9,25,24275,500,225,1246750
NIFTY-II.NFO,28/06/2024,09:37:02,24275,24273.9,25,24275,200,300,1246750
NIFTY-II.NFO,28/06/2024,09:37:04,24275.75,24273.75,125,24276,25,225,1246750
NIFTY-II.NFO,28/06/2024,09:37:06,24275.75,24272.2,25,24275.95,100,0,1246750
NIFTY-II.NFO,28/06/2024,09:37:07,24275.3,24272.2,25,24275.95,125,25,1246750
NIFTY-II.NFO,28/06/2024,09:37:09,24275.3,24272.7,125,24276,25,0,1246750
NIFTY-II.NFO,28/06/2024,09:37:11,24275.3,24272.7,50,24275.75,25,0,1246750
NIFTY-II.NFO,28/06/2024,09:37:12,24275.75,24273.2,125,24275.3,25,25,1246750
NIFTY-II.NFO,28/06/2024,09:37:14,24275.75,24273.3,125,24275.3,25,0,1246750
NIFTY-II.NFO,28/06/2024,09:37:16,24275.75,24273.65,125,24275.3,25,0,1246750
NIFTY-II.NFO,28/06/2024,09:37:17,24275.75,24273.3,125,24275.3,25,0,1246750
NIFTY-II.NFO,28/06/2024,09:37:21,24273.35,24273.35,125,24275.3,25,25,1246750
NIFTY-II.NFO,28/06/2024,09:37:22,24275.75,24275.5,100,24276,25,50,1246750
NIFTY-II.NFO,28/06/2024,09:37:24,24277,24276.65,200,24278,75,100,1246750
NIFTY-II.NFO,28/06/2024,09:37:26,24278,24276.55,200,24278.95,50,75,1246750
NIFTY-II.NFO,28/06/2024,09:37:27,24277.15,24277.15,200,24279,200,75,1246750
NIFTY-II.NFO,28/06/2024,09:37:29,24279,24277.15,200,24279,150,50,1246750
NIFTY-II.NFO,28/06/2024,09:37:31,24279,24276.85,50,24279,100,50,1246750
NIFTY-II.NFO,28/06/2024,09:37:32,24279,24279,50,24280,3925,100,1246750
NIFTY-II.NFO,28/06/2024,09:37:34,24277.5,24276.95,200,24280,3925,450,1246750
NIFTY-II.NFO,28/06/2024,09:37:36,24277.5,24277.55,250,24279,25,0,1246750
NIFTY-II.NFO,28/06/2024,09:37:37,24277.5,24277.35,200,24279,25,0,1246750
NIFTY-II.NFO,28/06/2024,09:37:39,24277.65,24277.3,50,24279,25,25,1246750
NIFTY-II.NFO,28/06/2024,09:37:41,24280,24279.3,50,24280,3600,350,1246750
NIFTY-II.NFO,28/06/2024,09:37:41,24280,24279.3,50,24280,3600,0,1246750
NIFTY-II.NFO,28/06/2024,09:37:42,24280,24279.1,25,24280,2900,700,1246750
NIFTY-II.NFO,28/06/2024,09:37:44,24280,24279.15,200,24280,1975,975,1246750
NIFTY-II.NFO,28/06/2024,09:37:46,24280,24279.1,25,24280,1375,600,1246750
NIFTY-II.NFO,28/06/2024,09:37:47,24280.8,24280.8,75,24282,50,1650,1246750
NIFTY-II.NFO,28/06/2024,09:37:47,24281.9,24280.8,75,24282,50,0,1246750
NIFTY-II.NFO,28/06/2024,09:37:49,24282,24279.15,75,24283.9,200,50,1246750
NIFTY-II.NFO,28/06/2024,09:37:49,24282,24279.15,75,24283.9,200,0,1246750
NIFTY-II.NFO,28/06/2024,09:37:51,24283.95,24280.05,75,24284,25,25,1246750
NIFTY-II.NFO,28/06/2024,09:37:51,24283.95,24280.05,75,24284,25,0,1246750
NIFTY-II.NFO,28/06/2024,09:37:52,24280.95,24280.95,25,24284,25,50,1246750
NIFTY-II.NFO,28/06/2024,09:37:54,24285,24285.1,75,24286,25,100,1246750
NIFTY-II.NFO,28/06/2024,09:37:54,24285,24285.1,75,24286,25,0,1246750
NIFTY-II.NFO,28/06/2024,09:37:56,24285.1,24285.15,25,24286.9,25,50,1246750
NIFTY-II.NFO,28/06/2024,09:37:56,24286,24285.15,25,24286.9,25,0,1246750
NIFTY-II.NFO,28/06/2024,09:37:57,24285.1,24285.1,50,24286.9,25,50,1246750
NIFTY-II.NFO,28/06/2024,09:37:59,24285.1,24285.1,50,24286.85,200,0,1246750
NIFTY-II.NFO,28/06/2024,09:38:01,24285.1,24284.1,25,24285.1,175,175,1246750
NIFTY-II.NFO,28/06/2024,09:38:02,24285.1,24282.35,50,24285.1,125,75,1246750
NIFTY-II.NFO,28/06/2024,09:38:04,24285.1,24283,25,24285.1,125,0,1246750
NIFTY-II.NFO,28/06/2024,09:38:06,24285.1,24283,25,24285.1,75,50,1246750
NIFTY-II.NFO,28/06/2024,09:38:07,24285.05,24283.05,25,24285.05,200,25,1246750
NIFTY-II.NFO,28/06/2024,09:38:09,24285.05,24283.1,25,24284.65,200,25,1246750
NIFTY-II.NFO,28/06/2024,09:38:11,24285.05,24283.2,25,24284.95,275,0,1246750
NIFTY-II.NFO,28/06/2024,09:38:12,24283.1,24283.05,25,24285.25,275,75,1246750
NIFTY-II.NFO,28/06/2024,09:38:14,24283.1,24283.1,50,24284.8,25,0,1246750
NIFTY-II.NFO,28/06/2024,09:38:16,24283.05,24282,75,24283.05,50,50,1246750
NIFTY-II.NFO,28/06/2024,09:38:17,24283.05,24282.85,50,24284.8,25,50,1246750
NIFTY-II.NFO,28/06/2024,09:38:19,24283.05,24282,75,24283.1,25,0,1246750
NIFTY-II.NFO,28/06/2024,09:38:21,24283.1,24283.1,25,24284.8,25,25,1246750
NIFTY-II.NFO,28/06/2024,09:38:22,24284.8,24282,100,24286.2,200,25,1246750
NIFTY-II.NFO,28/06/2024,09:38:24,24285.55,24282,75,24286.55,200,50,1246750
NIFTY-II.NFO,28/06/2024,09:38:26,24285.55,24285.55,25,24286.85,200,0,1246750
NIFTY-II.NFO,28/06/2024,09:38:27,24285.55,24282,75,24284.8,25,25,1246750
NIFTY-II.NFO,28/06/2024,09:38:29,24285.55,24282,75,24284.8,25,0,1246750
NIFTY-II.NFO,28/06/2024,09:38:31,24284.8,24282,50,24286.55,200,50,1246750
NIFTY-II.NFO,28/06/2024,09:38:32,24285.8,24282,25,24286.4,75,275,1246750
NIFTY-II.NFO,28/06/2024,09:38:34,24284.8,24284.8,25,24285.55,25,25,1246750
NIFTY-II.NFO,28/06/2024,09:38:35,24285.55,24283,200,24286.85,25,25,1246750
NIFTY-II.NFO,28/06/2024,09:38:37,24286.9,24284.3,25,24287.9,75,100,1246750
NIFTY-II.NFO,28/06/2024,09:38:37,24286.9,24284.3,25,24287.9,75,0,1246750
NIFTY-II.NFO,28/06/2024,09:38:39,24286.9,24285,25,24287.95,75,0,1246750
NIFTY-II.NFO,28/06/2024,09:38:40,24288,24288,25,24288.8,25,175,1246750
NIFTY-II.NFO,28/06/2024,09:38:40,24288,24288,25,24288.8,25,0,1246750
NIFTY-II.NFO,28/06/2024,09:38:42,24289,24288.65,25,24290,450,75,1246750
NIFTY-II.NFO,28/06/2024,09:38:42,24289,24288.65,25,24290,450,0,1246750
NIFTY-II.NFO,28/06/2024,09:38:44,24289,24287.05,200,24290,450,50,1246750
NIFTY-II.NFO,28/06/2024,09:38:45,24289,24288,25,24290,450,0,1246750
NIFTY-II.NFO,28/06/2024,09:38:47,24295,24290.55,50,24295,250,2025,1246750
NIFTY-II.NFO,28/06/2024,09:38:47,24295,24290.55,50,24295,250,0,1246750
NIFTY-II.NFO,28/06/2024,09:38:49,24292,24291.05,100,24294.95,25,75,1246750
NIFTY-II.NFO,28/06/2024,09:38:50,24292,24290.05,50,24294.9,50,0,1246750
NIFTY-II.NFO,28/06/2024,09:38:52,24297.3,24292.55,50,24298.15,50,650,1246750
NIFTY-II.NFO,28/06/2024,09:38:52,24298.25,24292.55,50,24298.15,50,0,1246750
NIFTY-II.NFO,28/06/2024,09:38:54,24297.3,24292.55,125,24295,50,0,1246750
NIFTY-II.NFO,28/06/2024,09:38:56,24295,24292.05,50,24295,25,25,1246750
NIFTY-II.NFO,28/06/2024,09:38:57,24295,24295,1550,24298,150,25,1246750
NIFTY-II.NFO,28/06/2024,09:38:59,24295,24295.05,125,24299,1025,0,1246750
NIFTY-II.NFO,28/06/2024,09:39:01,24295.45,24295.05,125,24299,1025,100,1246750
NIFTY-II.NFO,28/06/2024,09:39:02,24295.45,24295.8,50,24299,1025,0,1246750
NIFTY-II.NFO,28/06/2024,09:39:04,24295.45,24295.05,125,24299,1025,0,1246750
NIFTY-II.NFO,28/06/2024,09:39:06,24297.3,24295.25,50,24299,1025,25,1246750
NIFTY-II.NFO,28/06/2024,09:39:07,24299,24295.45,25,24299,925,125,1246750
NIFTY-II.NFO,28/06/2024,09:39:07,24299,24295.45,25,24299,925,0,1246750
NIFTY-II.NFO,28/06/2024,09:39:09,24296.9,24297.05,50,24300,975,1700,1250200
NIFTY-II.NFO,28/06/2024,09:39:09,24300,24297.05,50,24300,975,0,1250200
NIFTY-II.NFO,28/06/2024,09:39:11,24300,24296.6,50,24300,650,325,1250200
NIFTY-II.NFO,28/06/2024,09:39:12,24296.6,24295.35,125,24300,675,50,1250200
NIFTY-II.NFO,28/06/2024,09:39:14,24296.6,24296.05,50,24300,675,0,1250200
NIFTY-II.NFO,28/06/2024,09:39:16,24296.6,24296.6,50,24300,775,0,1250200
NIFTY-II.NFO,28/06/2024,09:39:17,24296.6,24295.95,250,24300,800,0,1250200
NIFTY-II.NFO,28/06/2024,09:39:19,24300,24298.45,50,24300,475,350,1250200
NIFTY-II.NFO,28/06/2024,09:39:21,24301,24300.05,125,24301,50,525,1250200
NIFTY-II.NFO,28/06/2024,09:39:21,24301,24300.05,125,24301,50,0,1250200
NIFTY-II.NFO,28/06/2024,09:39:22,24304.9,24301.25,50,24304.9,675,225,1250200
NIFTY-II.NFO,28/06/2024,09:39:22,24304.9,24301.25,50,24304.9,675,0,1250200
NIFTY-II.NFO,28/06/2024,09:39:24,24304.9,24300.15,50,24304.9,650,50,1250200
NIFTY-II.NFO,28/06/2024,09:39:26,24304.9,24300.2,125,24304.9,650,0,1250200
NIFTY-II.NFO,28/06/2024,09:39:27,24304.9,24302.7,125,24304.9,650,0,1250200
NIFTY-II.NFO,28/06/2024,09:39:29,24304.9,24301.7,125,24304.9,750,0,1250200
NIFTY-II.NFO,28/06/2024,09:39:31,24305,24305,50,24306.9,25,1050,1250200
NIFTY-II.NFO,28/06/2024,09:39:31,24305,24305,50,24306.9,25,0,1250200
NIFTY-II.NFO,28/06/2024,09:39:32,24305,24302.4,125,24304.9,675,75,1250200
NIFTY-II.NFO,28/06/2024,09:39:32,24306.9,24302.4,125,24304.9,675,0,1250200
NIFTY-II.NFO,28/06/2024,09:39:34,24304.9,24301.7,50,24304.9,650,25,1250200
NIFTY-II.NFO,28/06/2024,09:39:36,24304.9,24302.3,50,24304.9,650,0,1250200
NIFTY-II.NFO,28/06/2024,09:39:37,24304.9,24301.8,50,24304.9,550,150,1250200
NIFTY-II.NFO,28/06/2024,09:39:39,24304.9,24301.45,50,24304.9,500,75,1250200
NIFTY-II.NFO,28/06/2024,09:39:41,24304.9,24301.45,125,24304.9,450,50,1250200
NIFTY-II.NFO,28/06/2024,09:39:42,24304.9,24300.05,125,24304.9,475,0,1250200
NIFTY-II.NFO,28/06/2024,09:39:44,24304.9,24300.45,125,24304.9,400,175,1250200
NIFTY-II.NFO,28/06/2024,09:39:46,24304.9,24300.35,125,24304.9,250,150,1250200
NIFTY-II.NFO,28/06/2024,09:39:47,24301,24301.35,50,24304.9,250,100,1250200
NIFTY-II.NFO,28/06/2024,09:39:49,24304.9,24301.75,125,24304.9,150,100,1250200
NIFTY-II.NFO,28/06/2024,09:39:51,24304.9,24302.5,50,24304.9,75,75,1250200
NIFTY-II.NFO,28/06/2024,09:39:52,24304.9,24301.95,125,24304.9,25,75,1250200
NIFTY-II.NFO,28/06/2024,09:39:54,24304.9,24302.25,125,24304.9,25,0,1250200
NIFTY-II.NFO,28/06/2024,09:39:56,24304.9,24301.05,50,24301.9,250,0,1250200
NIFTY-II.NFO,28/06/2024,09:39:57,24301.9,24301.15,50,24301.9,100,175,1250200
NIFTY-II.NFO,28/06/2024,09:39:59,24302.05,24302.55,50,24304.9,50,300,1250200
NIFTY-II.NFO,28/06/2024,09:40:01,24302,24302,25,24304.9,100,25,1250200
NIFTY-II.NFO,28/06/2024,09:40:02,24302,24302.35,275,24304.9,100,0,1250200
NIFTY-II.NFO,28/06/2024,09:40:04,24302,24302.7,275,24304.9,100,0,1250200
NIFTY-II.NFO,28/06/2024,09:40:06,24304.9,24303.85,125,24304.9,50,325,1250200
NIFTY-II.NFO,28/06/2024,09:40:06,24308,24303.85,125,24304.9,50,0,1250200
NIFTY-II.NFO,28/06/2024,09:40:07,24304.9,24302.6,275,24304.9,50,0,1250200
NIFTY-II.NFO,28/06/2024,09:40:09,24304.9,24302.2,50,24304.9,50,0,1250200
NIFTY-II.NFO,28/06/2024,09:40:11,24302.6,24302.35,325,24304.9,50,300,1250200
NIFTY-II.NFO,28/06/2024,09:40:12,24304.9,24303.25,50,24304.95,25,50,1250200
NIFTY-II.NFO,28/06/2024,09:40:14,24304.95,24302.15,275,24305,25,50,1250200
NIFTY-II.NFO,28/06/2024,09:40:15,24302.6,24303.3,25,24305,25,50,1250200
NIFTY-II.NFO,28/06/2024,09:40:17,24305,24302,25,24306.75,350,25,1250200
NIFTY-II.NFO,28/06/2024,09:40:19,24305,24302.3,50,24305,100,0,1250200
NIFTY-II.NFO,28/06/2024,09:40:20,24305,24302.4,50,24305,100,25,1250200
NIFTY-II.NFO,28/06/2024,09:40:22,24305,24303.05,275,24305,100,0,1250200
NIFTY-II.NFO,28/06/2024,09:40:24,24305,24305.85,275,24309,25,100,1250200
NIFTY-II.NFO,28/06/2024,09:40:25,24305.9,24307,50,24309.9,50,75,1250200
NIFTY-II.NFO,28/06/2024,09:40:25,24309,24307,50,24309.9,50,0,1250200
NIFTY-II.NFO,28/06/2024,09:40:27,24309.9,24307.9,50,24309.95,25,100,1250200
NIFTY-II.NFO,28/06/2024,09:40:27,24309.9,24307.9,50,24309.95,25,0,1250200
NIFTY-II.NFO,28/06/2024,09:40:29,24309.95,24309.65,125,24310,25,25,1250200
NIFTY-II.NFO,28/06/2024,09:40:29,24309.95,24309.65,125,24310,25,0,1250200
NIFTY-II.NFO,28/06/2024,09:40:30,24313,24310.95,275,24315,100,150,1250200
NIFTY-II.NFO,28/06/2024,09:40:30,24313,24310.95,275,24315,100,0,1250200
NIFTY-II.NFO,28/06/2024,09:40:32,24314.25,24310.3,200,24314.95,50,50,1250200
NIFTY-II.NFO,28/06/2024,09:40:32,24314.25,24310.3,200,24314.95,50,0,1250200
NIFTY-II.NFO,28/06/2024,09:40:33,24314.25,24309.95,75,24313.75,50,0,1250200
NIFTY-II.NFO,28/06/2024,09:40:35,24315.5,24312,50,24317.1,50,400,1250200
NIFTY-II.NFO,28/06/2024,09:40:35,24315.5,24312,50,24317.1,50,0,1250200
NIFTY-II.NFO,28/06/2024,09:40:37,24315.5,24314.15,125,24317.1,50,0,1250200
NIFTY-II.NFO,28/06/2024,09:40:38,24317.1,24313.65,275,24318,25,50,1250200
NIFTY-II.NFO,28/06/2024,09:40:38,24317.1,24313.65,275,24318,25,0,1250200
NIFTY-II.NFO,28/06/2024,09:40:40,24317.1,24314.05,200,24315,25,0,1250200
NIFTY-II.NFO,28/06/2024,09:40:42,24319.9,24315.15,200,24319.9,100,150,1250200
NIFTY-II.NFO,28/06/2024,09:40:42,24320,24315.15,200,24319.9,100,0,1250200
NIFTY-II.NFO,28/06/2024,09:40:43,24319.95,24316.1,25,24319.95,150,125,1250200
NIFTY-II.NFO,28/06/2024,09:40:45,24316.2,24316.2,25,24319.8,50,50,1250200
NIFTY-II.NFO,28/06/2024,09:40:47,24320,24316.8,125,24320,575,125,1250200
NIFTY-II.NFO,28/06/2024,09:40:48,24320,24317.05,25,24320,550,25,1250200
NIFTY-II.NFO,28/06/2024,09:40:50,24320,24317.05,25,24320,675,0,1250200
NIFTY-II.NFO,28/06/2024,09:40:52,24317.05,24316.2,25,24320,650,25,1250200
NIFTY-II.NFO,28/06/2024,09:40:53,24315.1,24315.1,200,24319.95,175,75,1250200
NIFTY-II.NFO,28/06/2024,09:40:55,24315.1,24316.2,200,24320,750,0,1250200
NIFTY-II.NFO,28/06/2024,09:40:57,24315.1,24315.4,400,24319.85,75,0,1250200
NIFTY-II.NFO,28/06/2024,09:40:58,24320,24315.55,200,24320,600,375,1250200
NIFTY-II.NFO,28/06/2024,09:41:00,24316.2,24315.55,25,24319.85,175,25,1250200
NIFTY-II.NFO,28/06/2024,09:41:02,24315.55,24315.5,25,24319.2,150,100,1250200
NIFTY-II.NFO,28/06/2024,09:41:03,24315.55,24316.05,400,24317.4,300,0,1250200
NIFTY-II.NFO,28/06/2024,09:41:05,24316.05,24315,50,24317.75,25,400,1250200
NIFTY-II.NFO,28/06/2024,09:41:07,24315,24315,25,24319.4,75,75,1250200
NIFTY-II.NFO,28/06/2024,09:41:09,24320,24315.85,50,24319.95,200,75,1250200
NIFTY-II.NFO,28/06/2024,09:41:10,24315.85,24315.95,125,24319.95,200,25,1250200
NIFTY-II.NFO,28/06/2024,09:41:12,24315.85,24315.55,25,24319.95,250,0,1250200
NIFTY-II.NFO,28/06/2024,09:41:14,24316,24316,300,24319.35,175,100,1250200
NIFTY-II.NFO,28/06/2024,09:41:15,24316,24316,225,24319.95,200,100,1250200
NIFTY-II.NFO,28/06/2024,09:41:17,24319.5,24316,200,24319.5,400,50,1250200
NIFTY-II.NFO,28/06/2024,09:41:18,24316,24316,150,24319.45,375,75,1250200
NIFTY-II.NFO,28/06/2024,09:41:20,24316,24315.85,25,24316,25,150,1250200
NIFTY-II.NFO,28/06/2024,09:41:22,24315.85,24315.55,25,24319.25,175,50,1250200
NIFTY-II.NFO,28/06/2024,09:41:23,24319,24316,400,24319.9,125,50,1250200
NIFTY-II.NFO,28/06/2024,09:41:25,24319,24316,400,24319.9,75,0,1250200
NIFTY-II.NFO,28/06/2024,09:41:27,24316,24316,300,24319.85,175,100,1250200
NIFTY-II.NFO,28/06/2024,09:41:28,24318.6,24316,300,24319.55,325,350,1250200
NIFTY-II.NFO,28/06/2024,09:41:30,24319.9,24316.05,25,24319.9,100,25,1250200
NIFTY-II.NFO,28/06/2024,09:41:32,24316.05,24316,300,24319.85,25,25,1250200
NIFTY-II.NFO,28/06/2024,09:41:33,24316.05,24316.05,200,24319.85,25,0,1250200
NIFTY-II.NFO,28/06/2024,09:41:35,24320.6,24316.85,125,24321.2,150,1225,1250200
NIFTY-II.NFO,28/06/2024,09:41:35,24320.6,24316.85,125,24321.2,150,0,1250200
NIFTY-II.NFO,28/06/2024,09:41:37,24321.1,24316.3,125,24320.6,150,50,1250200
NIFTY-II.NFO,28/06/2024,09:41:37,24321.1,24316.3,125,24320.6,150,0,1250200
NIFTY-II.NFO,28/06/2024,09:41:38,24316.9,24318.4,125,24320,25,275,1250200
NIFTY-II.NFO,28/06/2024,09:41:40,24319.95,24319.85,125,24322,25,50,1250200
NIFTY-II.NFO,28/06/2024,09:41:42,24322.6,24322.3,50,24324,125,100,1250200
NIFTY-II.NFO,28/06/2024,09:41:42,24322.6,24322.3,50,24324,125,0,1250200
NIFTY-II.NFO,28/06/2024,09:41:43,24324,24323.8,50,24325,450,125,1250200
NIFTY-II.NFO,28/06/2024,09:41:43,24324,24323.8,50,24325,450,0,1250200
NIFTY-II.NFO,28/06/2024,09:41:45,24327.85,24322.6,200,24327.85,150,500,1250200
NIFTY-II.NFO,28/06/2024,09:41:45,24327.85,24322.6,200,24327.85,150,0,1250200
NIFTY-II.NFO,28/06/2024,09:41:47,24323.9,24323.25,275,24328.4,225,25,1250200
NIFTY-II.NFO,28/06/2024,09:41:48,24324,24323.3,275,24328.3,75,25,1250200
NIFTY-II.NFO,28/06/2024,09:41:50,24330,24325.05,275,24330,375,325,1250200
NIFTY-II.NFO,28/06/2024,09:41:50,24330,24325.05,275,24330,375,0,1250200
NIFTY-II.NFO,28/06/2024,09:41:52,24330,24326.9,125,24330,275,175,1250200
NIFTY-II.NFO,28/06/2024,09:41:53,24330.9,24327.05,50,24331,250,875,1250200
NIFTY-II.NFO,28/06/2024,09:41:53,24331.05,24327.05,50,24331,250,0,1250200
NIFTY-II.NFO,28/06/2024,09:41:55,24330,24330,150,24331.25,125,50,1250200
NIFTY-II.NFO,28/06/2024,09:41:56,24330,24327.1,50,24330.65,475,175,1250200
NIFTY-II.NFO,28/06/2024,09:41:58,24330.9,24327.25,50,24330.95,200,75,1250200
NIFTY-II.NFO,28/06/2024,09:42:00,24330,24327.2,50,24330.55,200,25,1250200
NIFTY-II.NFO,28/06/2024,09:42:01,24330,24327.5,50,24330,125,25,1250200
NIFTY-II.NFO,28/06/2024,09:42:03,24330,24327.9,50,24330,125,125,1250200
NIFTY-II.NFO,28/06/2024,09:42:05,24330,24330,50,24331,75,125,1250200
NIFTY-II.NFO,28/06/2024,09:42:06,24330,24330,50,24331,75,0,1250200
NIFTY-II.NFO,28/06/2024,09:42:08,24330,24328.5,50,24331,25,125,1250200
NIFTY-II.NFO,28/06/2024,09:42:10,24333.1,24328.25,275,24333.55,200,1050,1251925
NIFTY-II.NFO,28/06/2024,09:42:10,24333.1,24328.25,275,24333.55,200,0,1251925
NIFTY-II.NFO,28/06/2024,09:42:11,24333.1,24328.8,50,24332.75,75,0,1251925
NIFTY-II.NFO,28/06/2024,09:42:13,24330,24328.95,125,24330,50,50,1251925
NIFTY-II.NFO,28/06/2024,09:42:14,24330,24330,75,24333.1,275,50,1251925
NIFTY-II.NFO,28/06/2024,09:42:16,24330,24330,75,24333.1,275,0,1251925
NIFTY-II.NFO,28/06/2024,09:42:17,24330.1,24330.1,50,24333.1,275,25,1251925
NIFTY-II.NFO,28/06/2024,09:42:19,24333.1,24332.55,50,24333.1,100,200,1251925
NIFTY-II.NFO,28/06/2024,09:42:21,24333.1,24331.55,200,24333.1,25,125,1251925
NIFTY-II.NFO,28/06/2024,09:42:22,24335,24331.5,50,24335,50,150,1251925
NIFTY-II.NFO,28/06/2024,09:42:22,24335,24331.5,50,24335,50,0,1251925
NIFTY-II.NFO,28/06/2024,09:42:24,24333.1,24333.15,200,24335,25,100,1251925
NIFTY-II.NFO,28/06/2024,09:42:25,24335,24331.95,50,24336,50,25,1251925
NIFTY-II.NFO,28/06/2024,09:42:27,24331.65,24331.65,200,24333.1,25,125,1251925
NIFTY-II.NFO,28/06/2024,09:42:29,24330.9,24330.25,200,24331.65,25,300,1251925
NIFTY-II.NFO,28/06/2024,09:42:29,24336.85,24330.25,200,24331.65,25,0,1251925
NIFTY-II.NFO,28/06/2024,09:42:30,24331.65,24333.2,25,24337.05,125,50,1251925
NIFTY-II.NFO,28/06/2024,09:42:32,24332.65,24332.85,200,24337.95,50,75,1251925
NIFTY-II.NFO,28/06/2024,09:42:33,24332.8,24333.05,275,24337.95,100,75,1251925
NIFTY-II.NFO,28/06/2024,09:42:35,24333.25,24333.05,200,24335,75,50,1251925
NIFTY-II.NFO,28/06/2024,09:42:37,24333.15,24333.15,200,24335,75,50,1251925
NIFTY-II.NFO,28/06/2024,09:42:38,24335,24332.7,25,24335,75,25,1251925
NIFTY-II.NFO,28/06/2024,09:42:40,24332.7,24330.1,25,24333.2,50,25,1251925
NIFTY-II.NFO,28/06/2024,09:42:41,24331.1,24330,250,24331.15,125,75,1251925
NIFTY-II.NFO,28/06/2024,09:42:43,24328,24328,150,24331,250,375,1251925
NIFTY-II.NFO,28/06/2024,09:42:44,24328,24329.35,200,24332.9,25,0,1251925
NIFTY-II.NFO,28/06/2024,09:42:46,24330.65,24328,100,24330.65,100,75,1251925
NIFTY-II.NFO,28/06/2024,09:42:48,24330.65,24328,150,24329.85,50,25,1251925
NIFTY-II.NFO,28/06/2024,09:42:49,24329.3,24328,150,24328.7,150,75,1251925
NIFTY-II.NFO,28/06/2024,09:42:51,24328,24327,25,24328.6,150,150,1251925
NIFTY-II.NFO,28/06/2024,09:42:52,24329.25,24327,25,24328.45,125,425,1251925
NIFTY-II.NFO,28/06/2024,09:42:54,24326.95,24325,125,24326.95,125,125,1251925
NIFTY-II.NFO,28/06/2024,09:42:56,24327,24325,125,24328.75,325,75,1251925
NIFTY-II.NFO,28/06/2024,09:42:57,24325,24325,75,24327,25,50,1251925
NIFTY-II.NFO,28/06/2024,09:42:59,24327,24325,50,24327.95,125,50,1251925
NIFTY-II.NFO,28/06/2024,09:43:00,24325.05,24325.05,375,24327,75,25,1251925
NIFTY-II.NFO,28/06/2024,09:43:02,24327,24325.05,375,24327,25,100,1251925
NIFTY-II.NFO,28/06/2024,09:43:03,24327,24325.2,50,24327,25,0,1251925
NIFTY-II.NFO,28/06/2024,09:43:05,24327,24325.05,375,24327,25,25,1251925
NIFTY-II.NFO,28/06/2024,09:43:07,24325.05,24325.05,350,24327,25,50,1251925
NIFTY-II.NFO,28/06/2024,09:43:08,24325.05,24325.05,350,24327,25,0,1251925
NIFTY-II.NFO,28/06/2024,09:43:10,24325.05,24325.05,350,24327,50,0,1251925
NIFTY-II.NFO,28/06/2024,09:43:11,24325.05,24325.05,175,24325.9,75,175,1251925
NIFTY-II.NFO,28/06/2024,09:43:13,24325.05,24325.05,125,24326.65,75,50,1251925
NIFTY-II.NFO,28/06/2024,09:43:15,24323.4,24323.4,25,24324.9,50,325,1251925
NIFTY-II.NFO,28/06/2024,09:43:16,24323.4,24322,50,24323.2,175,25,1251925
NIFTY-II.NFO,28/06/2024,09:43:18,24323.4,24322,50,24322.6,200,0,1251925
NIFTY-II.NFO,28/06/2024,09:43:20,24319,24316,100,24317.8,125,925,1251925
NIFTY-II.NFO,28/06/2024,09:43:21,24318.6,24316,100,24317.7,50,275,1251925
NIFTY-II.NFO,28/06/2024,09:43:23,24316,24313,50,24315.9,50,100,1251925
NIFTY-II.NFO,28/06/2024,09:43:25,24313.4,24310.65,200,24315,25,175,1251925
NIFTY-II.NFO,28/06/2024,09:43:26,24313.25,24313.55,200,24316,25,50,1251925
NIFTY-II.NFO,28/06/2024,09:43:28,24316,24318.2,25,24320,100,25,1251925
NIFTY-II.NFO,28/06/2024,09:43:30,24316,24318.2,25,24318.6,25,0,1251925
NIFTY-II.NFO,28/06/2024,09:43:31,24311.65,24311.65,200,24316,75,50,1251925
NIFTY-II.NFO,28/06/2024,09:43:33,24316,24313.25,100,24316,25,50,1251925
NIFTY-II.NFO,28/06/2024,09:43:35,24315,24313.25,100,24313.4,25,50,1251925
NIFTY-II.NFO,28/06/2024,09:43:36,24313.4,24313.3,200,24316,25,25,1251925
NIFTY-II.NFO,28/06/2024,09:43:38,24313.3,24313.25,100,24315,25,25,1251925
NIFTY-II.NFO,28/06/2024,09:43:40,24313.3,24313.25,100,24314.95,50,0,1251925
NIFTY-II.NFO,28/06/2024,09:43:41,24313.3,24313.25,100,24315,50,0,1251925
NIFTY-II.NFO,28/06/2024,09:43:43,24315,24313.3,25,24315,25,25,1251925
NIFTY-II.NFO,28/06/2024,09:43:45,24315,24313.3,25,24315,25,0,1251925
NIFTY-II.NFO,28/06/2024,09:43:46,24315,24313.6,25,24315,525,0,1251925
NIFTY-II.NFO,28/06/2024,09:43:48,24315,24313.6,25,24315,550,0,1251925
NIFTY-II.NFO,28/06/2024,09:43:50,24314.1,24314.15,250,24315,150,625,1251925
NIFTY-II.NFO,28/06/2024,09:43:51,24315.05,24315.05,250,24316,25,200,1251925
NIFTY-II.NFO,28/06/2024,09:43:53,24315.05,24313.6,25,24315.1,125,250,1251925
NIFTY-II.NFO,28/06/2024,09:43:55,24314.25,24313.25,100,24314.3,100,100,1251925
NIFTY-II.NFO,28/06/2024,09:43:56,24315.15,24313.25,100,24316,25,25,1251925
NIFTY-II.NFO,28/06/2024,09:43:58,24312.25,24312.1,225,24316,25,300,1251925
NIFTY-II.NFO,28/06/2024,09:44:00,24317.55,24314,125,24315,25,75,1251925
NIFTY-II.NFO,28/06/2024,09:44:01,24315.4,24313.4,225,24318.55,200,50,1251925
NIFTY-II.NFO,28/06/2024,09:44:03,24315,24315,1750,24318.85,200,75,1251925
NIFTY-II.NFO,28/06/2024,09:44:05,24315,24315,1675,24317.5,25,75,1251925
NIFTY-II.NFO,28/06/2024,09:44:06,24315,24315,1675,24317.4,25,0,1251925
NIFTY-II.NFO,28/06/2024,09:44:08,24315,24315,1625,24318,25,50,1251925
NIFTY-II.NFO,28/06/2024,09:44:10,24315,24315.55,125,24318,25,0,1251925
NIFTY-II.NFO,28/06/2024,09:44:11,24315,24315,1650,24317.1,25,0,1251925
NIFTY-II.NFO,28/06/2024,09:44:13,24315,24315,1650,24316.45,25,0,1251925
NIFTY-II.NFO,28/06/2024,09:44:15,24315,24315,1725,24317.4,25,25,1251925
NIFTY-II.NFO,28/06/2024,09:44:16,24315,24315,1725,24318,25,0,1251925
NIFTY-II.NFO,28/06/2024,09:44:18,24315,24315,1725,24317.25,25,0,1251925
NIFTY-II.NFO,28/06/2024,09:44:19,24315,24315,1700,24317.25,25,25,1251925
NIFTY-II.NFO,28/06/2024,09:44:21,24317.5,24315,1675,24317.55,125,350,1251925
NIFTY-II.NFO,28/06/2024,09:44:23,24315,24315,1475,24317,375,200,1251925
NIFTY-II.NFO,28/06/2024,09:44:24,24318,24316.75,50,24320,75,100,1251925
NIFTY-II.NFO,28/06/2024,09:44:26,24318,24318.15,125,24321.95,200,250,1251925
NIFTY-II.NFO,28/06/2024,09:44:28,24318,24316.1,100,24320.3,25,0,1251925
NIFTY-II.NFO,28/06/2024,09:44:29,24315.35,24315,1475,24318.9,150,25,1251925
NIFTY-II.NFO,28/06/2024,09:44:31,24319.85,24316.65,125,24319.85,150,75,1251925
NIFTY-II.NFO,28/06/2024,09:44:32,24319.7,24316.65,175,24319.7,75,75,1251925
NIFTY-II.NFO,28/06/2024,09:44:34,24320.8,24317.05,125,24320.8,175,50,1251925
NIFTY-II.NFO,28/06/2024,09:44:36,24321.75,24318.4,125,24321.75,250,200,1251925
NIFTY-II.NFO,28/06/2024,09:44:37,24321.75,24317.05,50,24321.05,175,0,1251925
NIFTY-II.NFO,28/06/2024,09:44:39,24321.75,24316.3,125,24320.3,250,0,1251925
NIFTY-II.NFO,28/06/2024,09:44:41,24315.55,24315.4,25,24319.25,125,25,1251925
NIFTY-II.NFO,28/06/2024,09:44:42,24320.15,24320,25,24320.15,150,1425,1251925
NIFTY-II.NFO,28/06/2024,09:44:44,24320,24315.4,25,24319.45,125,25,1251925
NIFTY-II.NFO,28/06/2024,09:44:45,24319.45,24315.2,50,24319.4,125,100,1251925
NIFTY-II.NFO,28/06/2024,09:44:47,24319.45,24316.95,75,24320.3,50,0,1251925
NIFTY-II.NFO,28/06/2024,09:44:49,24319.45,24316.1,125,24319.45,25,0,1251925
NIFTY-II.NFO,28/06/2024,09:44:50,24315.95,24316.45,250,24319.45,25,500,1251925
NIFTY-II.NFO,28/06/2024,09:44:52,24315.95,24316.75,125,24319.45,25,0,1251925
NIFTY-II.NFO,28/06/2024,09:44:53,24315.45,24315.45,125,24319.45,25,75,1251925
NIFTY-II.NFO,28/06/2024,09:44:55,24315.45,24315.25,150,24319.4,50,0,1251925
NIFTY-II.NFO,28/06/2024,09:44:56,24315.45,24315.2,200,24319.4,50,0,1251925
NIFTY-II.NFO,28/06/2024,09:44:58,24315.45,24317.1,50,24320,100,0,1251925
NIFTY-II.NFO,28/06/2024,09:45:00,24315.45,24317.75,200,24320,100,0,1251925
NIFTY-II.NFO,28/06/2024,09:45:01,24322,24320,125,24323,25,150,1251925
NIFTY-II.NFO,28/06/2024,09:45:03,24317.5,24318,25,24322,200,25,1251925
NIFTY-II.NFO,28/06/2024,09:45:04,24317.5,24316.6,25,24320.35,50,0,1251925
NIFTY-II.NFO,28/06/2024,09:45:06,24320.3,24317.15,50,24319,25,50,1251925
NIFTY-II.NFO,28/06/2024,09:45:07,24320.3,24316.95,50,24319,25,0,1251925
NIFTY-II.NFO,28/06/2024,09:45:09,24321.3,24316.1,75,24321.15,150,300,1251925
NIFTY-II.NFO,28/06/2024,09:45:10,24321.3,24316.55,50,24321.4,150,0,1251925
NIFTY-II.NFO,28/06/2024,09:45:12,24316,24315.05,400,24317.85,75,75,1250000
NIFTY-II.NFO,28/06/2024,09:45:14,24316,24315,200,24317.6,75,0,1250000
NIFTY-II.NFO,28/06/2024,09:45:15,24315,24313.2,250,24317.65,75,200,1250000
NIFTY-II.NFO,28/06/2024,09:45:17,24315.2,24316.5,275,24321.45,125,50,1250000
NIFTY-II.NFO,28/06/2024,09:45:18,24315.2,24318.5,250,24322,100,0,1250000
NIFTY-II.NFO,28/06/2024,09:45:20,24315.2,24319.5,125,24322,100,0,1250000
NIFTY-II.NFO,28/06/2024,09:45:22,24322,24321,100,24323,25,125,1250000
NIFTY-II.NFO,28/06/2024,09:45:23,24322,24321.6,100,24323,25,0,1250000
NIFTY-II.NFO,28/06/2024,09:45:25,24323.4,24319.05,275,24323.85,175,50,1250000
NIFTY-II.NFO,28/06/2024,09:45:27,24323.4,24318.05,275,24322.85,125,0,1250000
NIFTY-II.NFO,28/06/2024,09:45:28,24323.4,24317.85,25,24322.4,200,0,1250000
NIFTY-II.NFO,28/06/2024,09:45:30,24319.65,24319.65,200,24324.25,175,50,1250000
NIFTY-II.NFO,28/06/2024,09:45:32,24319.65,24318.55,200,24323.15,250,0,1250000
NIFTY-II.NFO,28/06/2024,09:45:33,24319.65,24321.95,50,24322.95,175,0,1250000
NIFTY-II.NFO,28/06/2024,09:45:35,24322.95,24321.95,50,24322.95,250,50,1250000
NIFTY-II.NFO,28/06/2024,09:45:37,24322.95,24321.95,50,24322.9,125,0,1250000
NIFTY-II.NFO,28/06/2024,09:45:39,24322.95,24321.95,50,24322.65,250,0,1250000
NIFTY-II.NFO,28/06/2024,09:45:40,24321.95,24321.95,25,24323.15,125,25,1250000
NIFTY-II.NFO,28/06/2024,09:45:42,24321.95,24321.95,25,24324.8,125,0,1250000
NIFTY-II.NFO,28/06/2024,09:45:44,24324.8,24321.95,25,24324,100,25,1250000
NIFTY-II.NFO,28/06/2024,09:45:45,24318.5,24319.3,25,24323.75,275,500,1250000
NIFTY-II.NFO,28/06/2024,09:45:47,24322,24317.95,25,24322.45,275,25,1250000
NIFTY-II.NFO,28/06/2024,09:45:49,24315.3,24315.45,75,24320.45,200,25,1250000
NIFTY-II.NFO,28/06/2024,09:45:50,24315.3,24314.8,50,24318.95,125,25,1250000
NIFTY-II.NFO,28/06/2024,09:45:52,24315.3,24313.45,100,24318.1,125,0,1250000
NIFTY-II.NFO,28/06/2024,09:45:54,24315.3,24313.5,50,24318.55,275,0,1250000
NIFTY-II.NFO,28/06/2024,09:45:55,24318.9,24313.8,50,24318.9,275,50,1250000
NIFTY-II.NFO,28/06/2024,09:45:57,24319.9,24314.15,150,24319.3,250,50,1250000
NIFTY-II.NFO,28/06/2024,09:45:59,24319.9,24313.55,50,24317.75,50,0,1250000
NIFTY-II.NFO,28/06/2024,09:46:00,24317.45,24313.5,25,24317.1,200,325,1250000
NIFTY-II.NFO,28/06/2024,09:46:02,24317.45,24312,25,24316.6,125,0,1250000
NIFTY-II.NFO,28/06/2024,09:46:04,24317.45,24312,25,24314.85,200,0,1250000
NIFTY-II.NFO,28/06/2024,09:46:05,24317.45,24312.25,50,24316.4,125,0,1250000
NIFTY-II.NFO,28/06/2024,09:46:07,24317.45,24312.8,50,24317.15,125,0,1250000
NIFTY-II.NFO,28/06/2024,09:46:09,24317.45,24312.05,500,24315.5,200,0,1250000
NIFTY-II.NFO,28/06/2024,09:46:10,24312.1,24316.3,25,24317.35,250,225,1250000
NIFTY-II.NFO,28/06/2024,09:46:12,24312.1,24316.3,25,24317.4,200,0,1250000
NIFTY-II.NFO,28/06/2024,09:46:13,24318.95,24316.3,25,24318.45,325,50,1250000
NIFTY-II.NFO,28/06/2024,09:46:15,24313.05,24313.65,50,24318.65,275,50,1250000
NIFTY-II.NFO,28/06/2024,09:46:17,24314.25,24315.25,50,24320.25,275,25,1250000
NIFTY-II.NFO,28/06/2024,09:46:18,24315.5,24315.45,50,24319.85,200,50,1250000
NIFTY-II.NFO,28/06/2024,09:46:20,24317,24316,50,24319.95,200,25,1250000
NIFTY-II.NFO,28/06/2024,09:46:22,24320.25,24316,25,24320.3,50,525,1250000
NIFTY-II.NFO,28/06/2024,09:46:23,24320.25,24316,25,24320.85,50,0,1250000
NIFTY-II.NFO,28/06/2024,09:46:25,24316,24314.25,25,24318.45,125,25,1250000
NIFTY-II.NFO,28/06/2024,09:46:27,24314.9,24314.65,200,24319.55,125,25,1250000
NIFTY-II.NFO,28/06/2024,09:46:28,24314.4,24314.95,50,24319.85,100,50,1250000
NIFTY-II.NFO,28/06/2024,09:46:30,24314.4,24315.05,500,24316,50,0,1250000
NIFTY-II.NFO,28/06/2024,09:46:32,24314.4,24315.2,500,24316,50,0,1250000
NIFTY-II.NFO,28/06/2024,09:46:35,24315.2,24315.45,250,24316,50,50,1250000
NIFTY-II.NFO,28/06/2024,09:46:37,24315.65,24315.35,200,24316,50,25,1250000
NIFTY-II.NFO,28/06/2024,09:46:38,24320,24320,50,24320.85,125,100,1250000
NIFTY-II.NFO,28/06/2024,09:46:40,24320.85,24317.65,50,24321.85,75,50,1250000
NIFTY-II.NFO,28/06/2024,09:46:42,24320.85,24320.35,50,24323.95,75,0,1250000
NIFTY-II.NFO,28/06/2024,09:46:43,24321.05,24319.65,75,24323.95,75,25,1250000
NIFTY-II.NFO,28/06/2024,09:46:45,24321.05,24317.2,75,24321.9,200,0,1250000
NIFTY-II.NFO,28/06/2024,09:46:47,24321.05,24318.85,50,24320.85,75,0,1250000
NIFTY-II.NFO,28/06/2024,09:46:48,24319.05,24317.85,200,24321,50,100,1250000
NIFTY-II.NFO,28/06/2024,09:46:50,24322.15,24320,450,24322.1,125,75,1250000
NIFTY-II.NFO,28/06/2024,09:46:51,24320,24320,425,24320.35,25,75,1250000
NIFTY-II.NFO,28/06/2024,09:46:53,24319.05,24318,125,24322.7,25,500,1250000
NIFTY-II.NFO,28/06/2024,09:46:55,24322.7,24318,125,24321.95,200,25,1250000
NIFTY-II.NFO,28/06/2024,09:46:56,24321.9,24318,125,24320.85,25,25,1250000
NIFTY-II.NFO,28/06/2024,09:46:58,24321.9,24318,125,24320.85,25,0,1250000
NIFTY-II.NFO,28/06/2024,09:47:01,24320.85,24319.9,25,24324.85,50,25,1250000
NIFTY-II.NFO,28/06/2024,09:47:03,24319,24319.75,50,24324.35,50,50,1250000
NIFTY-II.NFO,28/06/2024,09:47:04,24319,24319.3,200,24324.1,125,0,1250000
NIFTY-II.NFO,28/06/2024,09:47:06,24319,24320.2,50,24324.3,250,0,1250000
NIFTY-II.NFO,28/06/2024,09:47:08,24319,24321.7,50,24325,125,0,1250000
NIFTY-II.NFO,28/06/2024,09:47:09,24319,24320.8,200,24325,125,0,1250000
NIFTY-II.NFO,28/06/2024,09:47:11,24321,24321.5,50,24325,125,350,1250000
NIFTY-II.NFO,28/06/2024,09:47:13,24321,24320,50,24320.8,50,0,1250000
NIFTY-II.NFO,28/06/2024,09:47:16,24320.8,24320.05,125,24320.8,25,25,1250000
NIFTY-II.NFO,28/06/2024,09:47:18,24322.95,24320.1,50,24324.85,200,50,1250000
NIFTY-II.NFO,28/06/2024,09:47:19,24322.95,24320.25,50,24324.85,200,0,1250000
NIFTY-II.NFO,28/06/2024,09:47:21,24322.95,24320.05,125,24324.25,250,0,1250000
NIFTY-II.NFO,28/06/2024,09:47:23,24322.95,24320.05,125,24324.3,200,0,1250000
NIFTY-II.NFO,28/06/2024,09:47:24,24320.6,24320.05,125,24324.7,200,50,1250000
NIFTY-II.NFO,28/06/2024,09:47:26,24320.05,24320.05,75,24323.75,275,50,1250000
NIFTY-II.NFO,28/06/2024,09:47:28,24320.05,24320.05,75,24323.95,200,25,1250000
NIFTY-II.NFO,28/06/2024,09:47:29,24320.05,24320.05,50,24323.95,200,25,1250000
NIFTY-II.NFO,28/06/2024,09:47:31,24324,24322.95,50,24323.95,200,25,1250000
NIFTY-II.NFO,28/06/2024,09:47:33,24324,24322.95,50,24323.7,200,0,1250000
NIFTY-II.NFO,28/06/2024,09:47:34,24322.95,24320.7,25,24324,25,50,1250000
NIFTY-II.NFO,28/06/2024,09:47:36,24322.95,24320.7,25,24324,25,0,1250000
NIFTY-II.NFO,28/06/2024,09:47:38,24322.95,24320.5,50,24323,25,0,1250000
NIFTY-II.NFO,28/06/2024,09:47:39,24322.95,24320.4,50,24323,25,0,1250000
NIFTY-II.NFO,28/06/2024,09:47:41,24322.95,24320.1,25,24323,25,0,1250000
NIFTY-II.NFO,28/06/2024,09:47:43,24322.95,24320.85,50,24323,25,0,1250000
NIFTY-II.NFO,28/06/2024,09:47:44,24321.65,24320.95,100,24324,25,75,1250000
NIFTY-II.NFO,28/06/2024,09:47:46,24325,24320.85,50,24325,125,175,1250000
NIFTY-II.NFO,28/06/2024,09:47:48,24325,24321,50,24324.95,200,0,1250000
NIFTY-II.NFO,28/06/2024,09:47:49,24325,24323,25,24324,50,0,1250000
NIFTY-II.NFO,28/06/2024,09:47:54,24318.85,24321.2,75,24323,50,500,1250000
NIFTY-II.NFO,28/06/2024,09:47:56,24321.2,24321.65,25,24324,25,100,1250000
NIFTY-II.NFO,28/06/2024,09:47:57,24319.25,24320.9,75,24324,25,100,1250000
NIFTY-II.NFO,28/06/2024,09:47:59,24326.95,24323.05,100,24325,25,300,1250000
NIFTY-II.NFO,28/06/2024,09:48:01,24325,24323.95,150,24327,25,25,1250000
NIFTY-II.NFO,28/06/2024,09:48:03,24325,24324,150,24327,25,0,1250000
NIFTY-II.NFO,28/06/2024,09:48:04,24325,24325.25,175,24327,25,0,1250000
NIFTY-II.NFO,28/06/2024,09:48:06,24325,24323.8,150,24325,25,0,1250000
NIFTY-II.NFO,28/06/2024,09:48:08,24325,24325.25,25,24327,50,175,1250000
NIFTY-II.NFO,28/06/2024,09:48:09,24325.75,24323.35,25,24326.95,50,25,1250000
NIFTY-II.NFO,28/06/2024,09:48:11,24325.75,24323,25,24325.9,50,0,1250000
NIFTY-II.NFO,28/06/2024,09:48:13,24325.75,24325,25,24325.45,50,0,1250000
NIFTY-II.NFO,28/06/2024,09:48:14,24320.3,24321.85,25,24324.1,50,275,1250550
NIFTY-II.NFO,28/06/2024,09:48:16,24320.3,24321.1,25,24324.05,125,0,1250550
NIFTY-II.NFO,28/06/2024,09:48:18,24320.3,24321.3,25,24325.25,125,0,1250550
NIFTY-II.NFO,28/06/2024,09:48:19,24326.9,24322.45,25,24327,50,75,1250550
NIFTY-II.NFO,28/06/2024,09:48:21,24326.9,24322.4,25,24325,250,0,1250550
NIFTY-II.NFO,28/06/2024,09:48:23,24326.9,24321,25,24324.75,50,0,1250550
NIFTY-II.NFO,28/06/2024,09:48:24,24326.9,24321,25,24324.95,200,0,1250550
NIFTY-II.NFO,28/06/2024,09:48:26,24325,24324.1,25,24325,100,150,1250550
NIFTY-II.NFO,28/06/2024,09:48:28,24325,24324.1,50,24325,100,0,1250550
NIFTY-II.NFO,28/06/2024,09:48:31,24325,24324.1,25,24325,100,0,1250550
NIFTY-II.NFO,28/06/2024,09:48:33,24325,24324.1,25,24325,25,75,1250550
NIFTY-II.NFO,28/06/2024,09:48:34,24325,24324.1,25,24325.05,50,25,1250550
NIFTY-II.NFO,28/06/2024,09:48:36,24325,24324.1,25,24324.75,50,0,1250550
NIFTY-II.NFO,28/06/2024,09:48:38,24325,24324.1,25,24324.7,250,0,1250550
NIFTY-II.NFO,28/06/2024,09:48:39,24325,24324.1,25,24325,100,0,1250550
NIFTY-II.NFO,28/06/2024,09:48:41,24325,24324.1,25,24324.85,250,0,1250550
NIFTY-II.NFO,28/06/2024,09:48:43,24324.1,24320.3,75,24323.5,275,25,1250550
NIFTY-II.NFO,28/06/2024,09:48:44,24324.1,24320.05,500,24322.6,125,0,1250550
NIFTY-II.NFO,28/06/2024,09:48:46,24324.1,24321.25,75,24324.6,125,0,1250550
NIFTY-II.NFO,28/06/2024,09:48:48,24325,24322.05,50,24325,25,225,1250550
NIFTY-II.NFO,28/06/2024,09:48:49,24325,24321.25,75,24324.1,100,0,1250550
NIFTY-II.NFO,28/06/2024,09:48:51,24321.25,24320.05,500,24322.75,50,200,1250550
NIFTY-II.NFO,28/06/2024,09:48:53,24321.25,24320.05,500,24322.35,275,0,1250550
NIFTY-II.NFO,28/06/2024,09:48:54,24320.05,24320.05,450,24320.75,75,50,1250550
NIFTY-II.NFO,28/06/2024,09:48:56,24320,24317.75,75,24319.7,50,600,1250550
NIFTY-II.NFO,28/06/2024,09:48:58,24317.75,24318.55,75,24320,125,25,1250550
NIFTY-II.NFO,28/06/2024,09:48:59,24317.75,24318.75,75,24320,125,0,1250550
NIFTY-II.NFO,28/06/2024,09:49:01,24320,24317.65,125,24320,100,25,1250550
NIFTY-II.NFO,28/06/2024,09:49:03,24317.75,24317.65,50,24320,150,25,1250550
NIFTY-II.NFO,28/06/2024,09:49:04,24317.65,24317.65,25,24320,150,25,1250550
NIFTY-II.NFO,28/06/2024,09:49:06,24319.75,24316.25,75,24320,100,50,1250550
NIFTY-II.NFO,28/06/2024,09:49:08,24319.75,24316,50,24318.4,125,0,1250550
NIFTY-II.NFO,28/06/2024,09:49:09,24319.75,24316,50,24319.9,50,0,1250550
NIFTY-II.NFO,28/06/2024,09:49:11,24319.75,24316,50,24320,100,0,1250550
NIFTY-II.NFO,28/06/2024,09:49:13,24319.75,24316,50,24319.2,50,0,1250550
NIFTY-II.NFO,28/06/2024,09:49:14,24317.35,24317.65,75,24319.7,50,75,1250550
NIFTY-II.NFO,28/06/2024,09:49:16,24317.35,24317.65,75,24319.6,50,0,1250550
NIFTY-II.NFO,28/06/2024,09:49:17,24319.25,24316.2,75,24318,50,25,1250550
NIFTY-II.NFO,28/06/2024,09:49:19,24319.25,24317.4,75,24319.35,100,0,1250550
NIFTY-II.NFO,28/06/2024,09:49:21,24316.05,24316.05,175,24318.35,50,25,1250550
NIFTY-II.NFO,28/06/2024,09:49:22,24316.05,24316.05,175,24318.25,50,0,1250550
NIFTY-II.NFO,28/06/2024,09:49:24,24316.05,24316.65,75,24318.85,100,0,1250550
NIFTY-II.NFO,28/06/2024,09:49:26,24316.05,24316.1,75,24318.75,250,0,1250550
NIFTY-II.NFO,28/06/2024,09:49:27,24316.05,24316.6,75,24318.85,100,0,1250550
NIFTY-II.NFO,28/06/2024,09:49:29,24315.4,24315.4,50,24319.1,50,275,1250550
NIFTY-II.NFO,28/06/2024,09:49:31,24320.3,24315.25,75,24319.1,225,500,1250550
NIFTY-II.NFO,28/06/2024,09:49:32,24320.3,24315,75,24318.6,50,0,1250550
NIFTY-II.NFO,28/06/2024,09:49:34,24320.3,24316.25,75,24318.55,175,0,1250550
NIFTY-II.NFO,28/06/2024,09:49:36,24320.3,24314.9,200,24319.2,175,0,1250550
NIFTY-II.NFO,28/06/2024,09:49:37,24320.3,24314.6,75,24318,50,0,1250550
NIFTY-II.NFO,28/06/2024,09:49:39,24318,24316.15,75,24319.5,175,25,1250550
NIFTY-II.NFO,28/06/2024,09:49:41,24318,24315.7,75,24319.8,50,0,1250550
NIFTY-II.NFO,28/06/2024,09:49:42,24318,24315.7,75,24319.5,50,0,1250550
NIFTY-II.NFO,28/06/2024,09:49:44,24318,24315.55,75,24318.85,175,0,1250550
NIFTY-II.NFO,28/06/2024,09:49:46,24318,24316.65,75,24319.2,50,0,1250550
NIFTY-II.NFO,28/06/2024,09:49:47,24319.4,24315.35,75,24319.4,150,25,1250550
