Ticker,Date,Time,LTP,BuyPrice,BuyQty,SellPrice,SellQty,LTQ,OpenInterest
BANKNIFTY-II.NFO,14/10/2024,09:15:03,51767.15,51758.85,60,51798.95,15,240,360540
BANKNIFTY-II.NFO,14/10/2024,09:15:03,51831.95,51758.85,60,51798.95,15,0,360540
BANKNIFTY-II.NFO,14/10/2024,09:15:03,51831.95,51758.85,60,51798.95,15,0,360540
BANKNIFTY-II.NFO,14/10/2024,09:15:03,51767.15,51758.85,60,51798.95,15,0,360540
BANKNIFTY-II.NFO,14/10/2024,09:15:04,51831.95,51763.85,60,51798.95,15,0,360540
BANKNIFTY-II.NFO,14/10/2024,09:15:06,51831.95,51737.9,60,51787.95,15,0,360540
BANKNIFTY-II.NFO,14/10/2024,09:15:07,51754.2,51759.5,150,51776.95,60,60,360540
BANKNIFTY-II.NFO,14/10/2024,09:15:07,51749.9,51759.5,150,51776.95,60,0,360540
BANKNIFTY-II.NFO,14/10/2024,09:15:09,51794.95,51775.8,60,51798.95,60,15,360540
BANKNIFTY-II.NFO,14/10/2024,09:15:10,51772.7,51774.4,60,51799,30,105,360540
BANKNIFTY-II.NFO,14/10/2024,09:15:11,51800,51798.6,150,51807.95,45,60,360540
BANKNIFTY-II.NFO,14/10/2024,09:15:13,51800,51812.05,60,51824,15,0,360540
BANKNIFTY-II.NFO,14/10/2024,09:15:14,51808.1,51819.1,60,51824,15,225,360540
BANKNIFTY-II.NFO,14/10/2024,09:15:15,51808.1,51800.75,30,51824,15,0,360540
BANKNIFTY-II.NFO,14/10/2024,09:15:16,51808.1,51802.7,60,51824,15,0,360540
BANKNIFTY-II.NFO,14/10/2024,09:15:18,51808.1,51799.8,60,51819.1,15,0,360540
BANKNIFTY-II.NFO,14/10/2024,09:15:19,51819.1,51810.15,90,51823.95,30,15,360540
BANKNIFTY-II.NFO,14/10/2024,09:15:20,51819.1,51817.45,90,51823.95,30,0,360540
BANKNIFTY-II.NFO,14/10/2024,09:15:22,51813.25,51804.3,30,51824,30,75,360540
BANKNIFTY-II.NFO,14/10/2024,09:15:23,51810.2,51814.8,60,51819.1,15,90,360540
BANKNIFTY-II.NFO,14/10/2024,09:15:24,51849.55,51811.05,60,51849,30,195,360540
BANKNIFTY-II.NFO,14/10/2024,09:15:24,51849.55,51811.05,60,51849,30,0,360540
BANKNIFTY-II.NFO,14/10/2024,09:15:26,51851.35,51828.2,60,51857,60,30,360540
BANKNIFTY-II.NFO,14/10/2024,09:15:26,51851.35,51828.2,60,51857,60,0,360540
BANKNIFTY-II.NFO,14/10/2024,09:15:27,51827.35,51820.7,30,51844,480,15,360540
BANKNIFTY-II.NFO,14/10/2024,09:15:28,51827.35,51829.2,45,51849,480,0,360540
BANKNIFTY-II.NFO,14/10/2024,09:15:30,51820.65,51817.7,60,51848.85,90,60,360540
BANKNIFTY-II.NFO,14/10/2024,09:15:31,51818.1,51814.9,45,51844.35,90,15,360540
BANKNIFTY-II.NFO,14/10/2024,09:15:32,51837.25,51810.8,30,51834.65,45,105,360540
BANKNIFTY-II.NFO,14/10/2024,09:15:34,51837.25,51815.25,150,51825.95,45,0,360540
BANKNIFTY-II.NFO,14/10/2024,09:15:35,51815.65,51816.3,75,51836.65,60,75,360540
BANKNIFTY-II.NFO,14/10/2024,09:15:37,51823.5,51823.5,45,51837.85,15,15,360540
BANKNIFTY-II.NFO,14/10/2024,09:15:38,51823.5,51828.45,45,51842.1,15,0,360540
BANKNIFTY-II.NFO,14/10/2024,09:15:39,51823.5,51823.6,45,51840.25,60,0,360540
BANKNIFTY-II.NFO,14/10/2024,09:15:41,51823.5,51828.05,75,51835.95,45,45,360540
BANKNIFTY-II.NFO,14/10/2024,09:15:42,51829.85,51820.75,75,51835.95,45,30,360540
BANKNIFTY-II.NFO,14/10/2024,09:15:44,51829.85,51815,30,51819.95,60,0,360540
BANKNIFTY-II.NFO,14/10/2024,09:15:45,51823.95,51815,30,51825,480,105,360375
BANKNIFTY-II.NFO,14/10/2024,09:15:46,51823.95,51819.6,75,51833,495,0,360375
BANKNIFTY-II.NFO,14/10/2024,09:15:48,51823.95,51815.5,60,51834,480,0,360375
BANKNIFTY-II.NFO,14/10/2024,09:15:49,51823.95,51815.5,60,51833,15,0,360375
BANKNIFTY-II.NFO,14/10/2024,09:15:50,51823.95,51818.65,45,51833,480,0,360375
BANKNIFTY-II.NFO,14/10/2024,09:15:52,51834,51820,60,51834,435,150,360375
BANKNIFTY-II.NFO,14/10/2024,09:15:53,51834,51815.6,60,51830,450,0,360375
BANKNIFTY-II.NFO,14/10/2024,09:15:54,51834,51815.05,60,51827,435,0,360375
BANKNIFTY-II.NFO,14/10/2024,09:15:56,51834,51823.95,30,51835,30,0,360375
BANKNIFTY-II.NFO,14/10/2024,09:15:57,51833,51823.95,30,51833,435,15,360375
BANKNIFTY-II.NFO,14/10/2024,09:15:59,51833,51823.95,30,51833,435,0,360375
BANKNIFTY-II.NFO,14/10/2024,09:16:00,51823.95,51823.95,15,51834,30,15,360375
BANKNIFTY-II.NFO,14/10/2024,09:16:02,51822.15,51819.9,75,51823.95,15,60,360375
BANKNIFTY-II.NFO,14/10/2024,09:16:03,51823.95,51823.75,60,51834,45,15,360375
BANKNIFTY-II.NFO,14/10/2024,09:16:04,51834,51817.7,60,51835,15,480,360375
BANKNIFTY-II.NFO,14/10/2024,09:16:06,51834,51819.3,60,51835,15,0,360375
BANKNIFTY-II.NFO,14/10/2024,09:16:07,51834,51821.6,15,51835,135,0,360375
BANKNIFTY-II.NFO,14/10/2024,09:16:09,51834,51822.8,15,51835,135,0,360375
BANKNIFTY-II.NFO,14/10/2024,09:16:10,51834,51834,15,51835,135,0,360375
BANKNIFTY-II.NFO,14/10/2024,09:16:12,51834,51816.6,15,51835,105,45,360375
BANKNIFTY-II.NFO,14/10/2024,09:16:13,51816.55,51816.85,60,51830,30,30,360375
BANKNIFTY-II.NFO,14/10/2024,09:16:15,51816.55,51816.75,60,51830,30,0,360375
BANKNIFTY-II.NFO,14/10/2024,09:16:16,51816.55,51815.9,30,51830,30,0,360375
BANKNIFTY-II.NFO,14/10/2024,09:16:18,51816.55,51815.7,30,51829,45,0,360375
BANKNIFTY-II.NFO,14/10/2024,09:16:19,51816.55,51816.55,15,51830,30,0,360375
BANKNIFTY-II.NFO,14/10/2024,09:16:20,51816.55,51816.55,15,51830,75,0,360375
BANKNIFTY-II.NFO,14/10/2024,09:16:22,51827.7,51816.55,15,51827.7,285,15,360375
BANKNIFTY-II.NFO,14/10/2024,09:16:25,51827.7,51822.6,15,51827.7,285,0,360375
BANKNIFTY-II.NFO,14/10/2024,09:16:26,51821.05,51820.75,15,51827.7,285,15,360375
BANKNIFTY-II.NFO,14/10/2024,09:16:28,51821.05,51822.85,15,51827.7,285,0,360375
BANKNIFTY-II.NFO,14/10/2024,09:16:29,51821.05,51823.3,150,51827.7,285,0,360375
BANKNIFTY-II.NFO,14/10/2024,09:16:30,51827.7,51823.25,135,51827.7,240,60,360375
BANKNIFTY-II.NFO,14/10/2024,09:16:32,51827.7,51824.65,135,51827.7,240,0,360375
BANKNIFTY-II.NFO,14/10/2024,09:16:33,51827.7,51821.15,165,51827.7,105,135,360375
BANKNIFTY-II.NFO,14/10/2024,09:16:35,51827.7,51824.5,15,51830,105,150,360375
BANKNIFTY-II.NFO,14/10/2024,09:16:36,51825,51827.7,15,51830,105,75,360375
BANKNIFTY-II.NFO,14/10/2024,09:16:38,51830,51822.85,60,51830,75,45,360375
BANKNIFTY-II.NFO,14/10/2024,09:16:39,51830,51825.1,60,51830,75,0,360375
BANKNIFTY-II.NFO,14/10/2024,09:16:41,51823.5,51824.7,30,51830,75,30,360375
BANKNIFTY-II.NFO,14/10/2024,09:16:42,51823.5,51821.9,30,51830,75,0,360375
BANKNIFTY-II.NFO,14/10/2024,09:16:43,51830,51825.05,30,51830,45,30,360375
BANKNIFTY-II.NFO,14/10/2024,09:16:45,51830,51829.6,30,51833.95,15,45,360375
BANKNIFTY-II.NFO,14/10/2024,09:16:46,51835,51835.3,150,51840,15,120,360375
BANKNIFTY-II.NFO,14/10/2024,09:16:48,51840,51837.95,150,51850,45,15,360375
BANKNIFTY-II.NFO,14/10/2024,09:16:49,51840,51834.7,30,51849.95,60,0,360375
BANKNIFTY-II.NFO,14/10/2024,09:16:50,51837.65,51834.95,30,51848.95,60,15,360375
BANKNIFTY-II.NFO,14/10/2024,09:16:52,51837.65,51836.85,15,51849.95,60,0,360375
BANKNIFTY-II.NFO,14/10/2024,09:16:53,51848.95,51833.35,45,51848.95,60,15,360375
BANKNIFTY-II.NFO,14/10/2024,09:16:54,51850,51837.65,15,51856.65,30,180,360375
BANKNIFTY-II.NFO,14/10/2024,09:16:56,51837.7,51840.3,60,51856.95,15,15,360375
BANKNIFTY-II.NFO,14/10/2024,09:16:57,51857,51843.25,60,51857,15,15,360375
BANKNIFTY-II.NFO,14/10/2024,09:16:57,51857,51843.25,60,51857,15,0,360375
BANKNIFTY-II.NFO,14/10/2024,09:16:59,51838.9,51839.9,60,51857,15,15,360375
BANKNIFTY-II.NFO,14/10/2024,09:17:00,51838.9,51837.9,60,51850,15,0,360375
BANKNIFTY-II.NFO,14/10/2024,09:17:01,51841.9,51838.4,60,51850,15,15,360375
BANKNIFTY-II.NFO,14/10/2024,09:17:03,51841.9,51837.65,15,51849.75,45,0,360375
BANKNIFTY-II.NFO,14/10/2024,09:17:04,51830.05,51830.05,60,51847.1,60,30,360375
BANKNIFTY-II.NFO,14/10/2024,09:17:06,51830.05,51834.95,45,51850,15,30,360375
BANKNIFTY-II.NFO,14/10/2024,09:17:07,51830.05,51836.95,45,51850,15,0,360375
BANKNIFTY-II.NFO,14/10/2024,09:17:08,51830.05,51837.55,45,51850,15,0,360375
BANKNIFTY-II.NFO,14/10/2024,09:17:10,51830.05,51833.2,45,51849.95,60,0,360375
BANKNIFTY-II.NFO,14/10/2024,09:17:11,51830.05,51834.05,45,51849.95,60,0,360375
BANKNIFTY-II.NFO,14/10/2024,09:17:13,51830.05,51830.8,45,51847.45,75,0,360375
BANKNIFTY-II.NFO,14/10/2024,09:17:14,51830.05,51830.45,75,51849.05,75,0,360375
BANKNIFTY-II.NFO,14/10/2024,09:17:15,51830.05,51830.25,45,51839,15,0,360375
BANKNIFTY-II.NFO,14/10/2024,09:17:17,51830.05,51830.1,45,51839,15,0,360375
BANKNIFTY-II.NFO,14/10/2024,09:17:18,51830.05,51830.05,75,51839,15,0,360375
BANKNIFTY-II.NFO,14/10/2024,09:17:20,51830.05,51830.05,75,51839,30,0,360375
BANKNIFTY-II.NFO,14/10/2024,09:17:21,51830.05,51830.05,75,51839,15,0,360375
BANKNIFTY-II.NFO,14/10/2024,09:17:22,51830.05,51830.05,90,51839,15,0,360375
BANKNIFTY-II.NFO,14/10/2024,09:17:24,51830.05,51833.2,45,51839,15,0,360375
BANKNIFTY-II.NFO,14/10/2024,09:17:25,51830.05,51830.05,90,51839,15,0,360375
BANKNIFTY-II.NFO,14/10/2024,09:17:26,51830.05,51830.1,30,51839,15,0,360375
BANKNIFTY-II.NFO,14/10/2024,09:17:28,51839,51839,30,51848.9,75,15,360375
BANKNIFTY-II.NFO,14/10/2024,09:17:29,51839,51839,30,51848,105,0,360375
BANKNIFTY-II.NFO,14/10/2024,09:17:31,51839,51839,30,51844.95,75,0,360375
BANKNIFTY-II.NFO,14/10/2024,09:17:32,51839,51839,30,51844.95,60,0,360375
BANKNIFTY-II.NFO,14/10/2024,09:17:36,51845,51840,75,51849.95,60,15,360375
BANKNIFTY-II.NFO,14/10/2024,09:17:37,51845,51840,75,51849.95,60,0,360375
BANKNIFTY-II.NFO,14/10/2024,09:17:41,51839,51839,15,51849.95,60,90,360375
BANKNIFTY-II.NFO,14/10/2024,09:17:43,51839,51839.95,150,51849.95,60,0,360375
BANKNIFTY-II.NFO,14/10/2024,09:17:44,51839,51841.2,150,51849.95,60,0,360375
BANKNIFTY-II.NFO,14/10/2024,09:17:45,51839,51840.7,150,51845,15,0,360375
BANKNIFTY-II.NFO,14/10/2024,09:17:47,51840.4,51839,165,51849.95,60,60,360375
BANKNIFTY-II.NFO,14/10/2024,09:17:48,51849.95,51839,165,51849.95,60,15,360375
BANKNIFTY-II.NFO,14/10/2024,09:17:50,51849.95,51843,150,51850,90,0,360375
BANKNIFTY-II.NFO,14/10/2024,09:17:51,51841.55,51840.3,150,51849.95,60,45,360375
BANKNIFTY-II.NFO,14/10/2024,09:17:52,51843.15,51844.85,150,51850,90,60,360375
BANKNIFTY-II.NFO,14/10/2024,09:17:54,51843.15,51842.45,150,51850,105,0,360375
BANKNIFTY-II.NFO,14/10/2024,09:17:55,51843.15,51843.2,150,51850,105,0,360375
BANKNIFTY-II.NFO,14/10/2024,09:17:56,51843.15,51842.05,150,51850,105,0,360375
BANKNIFTY-II.NFO,14/10/2024,09:17:57,51843.15,51839,165,51849.95,60,0,360375
BANKNIFTY-II.NFO,14/10/2024,09:17:59,51839,51839,135,51849.95,60,30,360375
BANKNIFTY-II.NFO,14/10/2024,09:18:00,51839,51839,135,51849.95,75,0,360375
BANKNIFTY-II.NFO,14/10/2024,09:18:02,51839,51841.45,150,51850,105,0,360375
BANKNIFTY-II.NFO,14/10/2024,09:18:03,51850,51848.85,30,51855,15,285,360375
BANKNIFTY-II.NFO,14/10/2024,09:18:04,51850,51850.6,195,51855,15,0,360375
BANKNIFTY-II.NFO,14/10/2024,09:18:06,51843.15,51848,30,51855,15,300,360375
BANKNIFTY-II.NFO,14/10/2024,09:18:07,51855,51846.55,150,51858.65,60,15,360375
BANKNIFTY-II.NFO,14/10/2024,09:18:09,51859.95,51849.05,30,51859.95,60,30,360375
BANKNIFTY-II.NFO,14/10/2024,09:18:09,51859.95,51849.05,30,51859.95,60,0,360375
BANKNIFTY-II.NFO,14/10/2024,09:18:10,51859.95,51841.2,60,51859.95,60,0,360375
BANKNIFTY-II.NFO,14/10/2024,09:18:11,51859.95,51841,30,51859.45,75,0,360375
BANKNIFTY-II.NFO,14/10/2024,09:18:13,51857.45,51839,165,51855.2,60,15,360375
BANKNIFTY-II.NFO,14/10/2024,09:18:14,51841.1,51841.85,15,51857.75,105,15,360375
BANKNIFTY-II.NFO,14/10/2024,09:18:16,51841.1,51839,165,51852.5,90,0,360375
BANKNIFTY-II.NFO,14/10/2024,09:18:17,51841.1,51839,165,51852.75,60,0,360375
BANKNIFTY-II.NFO,14/10/2024,09:18:18,51841.1,51839,165,51840,15,0,360375
BANKNIFTY-II.NFO,14/10/2024,09:18:20,51840,51839.05,45,51841.1,15,15,360375
BANKNIFTY-II.NFO,14/10/2024,09:18:21,51840,51839.05,45,51841.1,15,0,360375
BANKNIFTY-II.NFO,14/10/2024,09:18:22,51840,51840.9,45,51841.1,15,0,360375
BANKNIFTY-II.NFO,14/10/2024,09:18:24,51841.1,51841.1,45,51859.9,105,15,360375
BANKNIFTY-II.NFO,14/10/2024,09:18:25,51840.75,51839.05,30,51857.05,75,15,360375
BANKNIFTY-II.NFO,14/10/2024,09:18:27,51840.75,51839.05,30,51856.25,60,0,360375
BANKNIFTY-II.NFO,14/10/2024,09:18:28,51839,51839,120,51852.4,75,75,360375
BANKNIFTY-II.NFO,14/10/2024,09:18:29,51839,51839,120,51851.8,60,0,360375
BANKNIFTY-II.NFO,14/10/2024,09:18:32,51839,51840,30,51850.85,60,0,360375
BANKNIFTY-II.NFO,14/10/2024,09:18:33,51839,51840,30,51850.3,60,0,360375
BANKNIFTY-II.NFO,14/10/2024,09:18:35,51839,51840,30,51850.45,60,0,360375
BANKNIFTY-II.NFO,14/10/2024,09:18:36,51839,51840,30,51850.1,90,0,360375
BANKNIFTY-II.NFO,14/10/2024,09:18:37,51840,51840,15,51852.3,75,15,360375
BANKNIFTY-II.NFO,14/10/2024,09:18:39,51840,51840,15,51852.2,60,0,360375
BANKNIFTY-II.NFO,14/10/2024,09:18:40,51840,51840,15,51852.25,60,0,360375
BANKNIFTY-II.NFO,14/10/2024,09:18:41,51840,51840,15,51854.75,60,0,360375
BANKNIFTY-II.NFO,14/10/2024,09:18:43,51840,51840,15,51853.6,60,0,360375
BANKNIFTY-II.NFO,14/10/2024,09:18:44,51840,51839,120,51852.75,105,15,361950
BANKNIFTY-II.NFO,14/10/2024,09:18:45,51839,51839,105,51852.75,105,15,361950
BANKNIFTY-II.NFO,14/10/2024,09:18:47,51839,51839,105,51849.35,60,0,361950
BANKNIFTY-II.NFO,14/10/2024,09:18:48,51839,51839,105,51849.1,75,0,361950
BANKNIFTY-II.NFO,14/10/2024,09:18:50,51839,51839,60,51849.1,75,45,361950
BANKNIFTY-II.NFO,14/10/2024,09:18:51,51830,51829.35,105,51845.6,30,480,361950
BANKNIFTY-II.NFO,14/10/2024,09:18:52,51830,51830.25,105,51848,105,0,361950
BANKNIFTY-II.NFO,14/10/2024,09:18:54,51830,51831.6,105,51847.9,30,0,361950
BANKNIFTY-II.NFO,14/10/2024,09:18:55,51834.8,51834.2,90,51850,15,15,361950
BANKNIFTY-II.NFO,14/10/2024,09:18:56,51834.8,51833.9,90,51850,15,0,361950
BANKNIFTY-II.NFO,14/10/2024,09:18:58,51834.8,51830,15,51845,45,0,361950
BANKNIFTY-II.NFO,14/10/2024,09:18:59,51834.8,51833,90,51845,45,0,361950
BANKNIFTY-II.NFO,14/10/2024,09:19:00,51833.2,51831.15,75,51845,45,15,361950
BANKNIFTY-II.NFO,14/10/2024,09:19:02,51833.2,51830,15,51845,45,0,361950
BANKNIFTY-II.NFO,14/10/2024,09:19:03,51833.2,51830.7,75,51845,45,0,361950
BANKNIFTY-II.NFO,14/10/2024,09:19:04,51841.3,51842.95,30,51845,45,45,361950
BANKNIFTY-II.NFO,14/10/2024,09:19:06,51841.3,51840.6,30,51845,45,0,361950
BANKNIFTY-II.NFO,14/10/2024,09:19:07,51845,51839.4,150,51845,15,30,361950
BANKNIFTY-II.NFO,14/10/2024,09:19:09,51845,51841,150,51845,15,0,361950
BANKNIFTY-II.NFO,14/10/2024,09:19:10,51845.95,51844.1,105,51850,15,45,361950
BANKNIFTY-II.NFO,14/10/2024,09:19:11,51845.95,51843.3,105,51850,15,0,361950
BANKNIFTY-II.NFO,14/10/2024,09:19:13,51845.95,51843,105,51850,15,0,361950
BANKNIFTY-II.NFO,14/10/2024,09:19:14,51845.95,51837.9,105,51850,15,0,361950
BANKNIFTY-II.NFO,14/10/2024,09:19:16,51845.95,51839.35,105,51850,15,0,361950
BANKNIFTY-II.NFO,14/10/2024,09:19:17,51850,51838.95,105,51854,45,15,361950
BANKNIFTY-II.NFO,14/10/2024,09:19:18,51845.05,51846.5,90,51859,30,15,361950
BANKNIFTY-II.NFO,14/10/2024,09:19:20,51845.05,51853.35,90,51859,30,0,361950
BANKNIFTY-II.NFO,14/10/2024,09:19:21,51859,51852.85,300,51859,15,15,361950
BANKNIFTY-II.NFO,14/10/2024,09:19:23,51859,51854.55,300,51859,15,0,361950
BANKNIFTY-II.NFO,14/10/2024,09:19:24,51854.95,51852.9,300,51859,15,45,361950
BANKNIFTY-II.NFO,14/10/2024,09:19:26,51854.95,51851.75,300,51858,150,0,361950
BANKNIFTY-II.NFO,14/10/2024,09:19:27,51854.95,51846.4,300,51853,120,0,361950
BANKNIFTY-II.NFO,14/10/2024,09:19:28,51854.95,51848.2,300,51857,120,0,361950
BANKNIFTY-II.NFO,14/10/2024,09:19:30,51854.95,51847.55,300,51853,120,0,361950
BANKNIFTY-II.NFO,14/10/2024,09:19:31,51858,51852.6,300,51858,60,90,361950
BANKNIFTY-II.NFO,14/10/2024,09:19:33,51854.45,51855,15,51858,60,30,361950
BANKNIFTY-II.NFO,14/10/2024,09:19:35,51854.45,51854.95,15,51858,60,0,361950
BANKNIFTY-II.NFO,14/10/2024,09:19:36,51858,51854.95,15,51858,45,15,361950
BANKNIFTY-II.NFO,14/10/2024,09:19:38,51858,51855.15,45,51858,30,15,361950
BANKNIFTY-II.NFO,14/10/2024,09:19:40,51858,51854.95,15,51859,15,30,361950
BANKNIFTY-II.NFO,14/10/2024,09:19:41,51854.95,51854,15,51858,225,30,361950
BANKNIFTY-II.NFO,14/10/2024,09:19:43,51854.95,51854,15,51858,60,0,361950
BANKNIFTY-II.NFO,14/10/2024,09:19:45,51858,51849.8,300,51858,45,165,361950
BANKNIFTY-II.NFO,14/10/2024,09:19:46,51859,51849.9,15,51860,30,60,361950
BANKNIFTY-II.NFO,14/10/2024,09:19:48,51861,51849.9,15,51865,30,90,361950
BANKNIFTY-II.NFO,14/10/2024,09:19:48,51861,51849.9,15,51865,30,0,361950
BANKNIFTY-II.NFO,14/10/2024,09:19:50,51861,51858,45,51865,30,0,361950
BANKNIFTY-II.NFO,14/10/2024,09:19:51,51861,51859,15,51865,30,0,361950
BANKNIFTY-II.NFO,14/10/2024,09:19:53,51861,51859,15,51860,105,15,361950
BANKNIFTY-II.NFO,14/10/2024,09:19:55,51860,51859,15,51860,90,15,361950
BANKNIFTY-II.NFO,14/10/2024,09:19:56,51860,51859,15,51860,90,0,361950
BANKNIFTY-II.NFO,14/10/2024,09:19:58,51860,51859,15,51860,75,15,361950
BANKNIFTY-II.NFO,14/10/2024,09:20:00,51860,51859,15,51860,75,0,361950
BANKNIFTY-II.NFO,14/10/2024,09:20:03,51860,51859,15,51860,90,0,361950
BANKNIFTY-II.NFO,14/10/2024,09:20:06,51859,51858,45,51860,165,15,361950
BANKNIFTY-II.NFO,14/10/2024,09:20:08,51858,51842.4,300,51855,90,45,361950
BANKNIFTY-II.NFO,14/10/2024,09:20:10,51844.35,51844.15,15,51858,90,15,361950
BANKNIFTY-II.NFO,14/10/2024,09:20:11,51858,51844.4,15,51858,75,15,361950
BANKNIFTY-II.NFO,14/10/2024,09:20:13,51858,51844.4,15,51858,75,0,361950
BANKNIFTY-II.NFO,14/10/2024,09:20:15,51858,51844.4,15,51857,75,0,361950
BANKNIFTY-II.NFO,14/10/2024,09:20:16,51858,51841.35,15,51853.8,60,0,361950
BANKNIFTY-II.NFO,14/10/2024,09:20:18,51852.95,51841.35,15,51854.8,75,15,361950
BANKNIFTY-II.NFO,14/10/2024,09:20:20,51852.95,51842.05,300,51856,60,0,361950
BANKNIFTY-II.NFO,14/10/2024,09:20:21,51841.6,51841.65,15,51857,60,15,361950
BANKNIFTY-II.NFO,14/10/2024,09:20:23,51841.6,51841.65,15,51855,75,0,361950
BANKNIFTY-II.NFO,14/10/2024,09:20:25,51842.35,51841.3,15,51853,75,15,361950
BANKNIFTY-II.NFO,14/10/2024,09:20:26,51842.35,51841.6,300,51855,75,0,361950
BANKNIFTY-II.NFO,14/10/2024,09:20:28,51842.35,51841.6,300,51855.95,45,0,361950
BANKNIFTY-II.NFO,14/10/2024,09:20:30,51841.3,51842,15,51854.95,75,15,361950
BANKNIFTY-II.NFO,14/10/2024,09:20:32,51841.3,51842,15,51854.6,45,0,361950
BANKNIFTY-II.NFO,14/10/2024,09:20:33,51854,51842,15,51853,30,15,361950
BANKNIFTY-II.NFO,14/10/2024,09:20:35,51854,51842,15,51856,15,0,361950
BANKNIFTY-II.NFO,14/10/2024,09:20:37,51854,51842,15,51855,30,0,361950
BANKNIFTY-II.NFO,14/10/2024,09:20:38,51855,51842,15,51857.4,30,15,361950
BANKNIFTY-II.NFO,14/10/2024,09:20:40,51842.95,51845.15,75,51858,30,30,361950
BANKNIFTY-II.NFO,14/10/2024,09:20:42,51858,51846.25,75,51860,105,45,361950
BANKNIFTY-II.NFO,14/10/2024,09:20:43,51858,51855,15,51860,105,0,361950
BANKNIFTY-II.NFO,14/10/2024,09:20:48,51864.9,51858.85,120,51869,30,165,361950
BANKNIFTY-II.NFO,14/10/2024,09:20:48,51864.9,51858.85,120,51869,30,0,361950
BANKNIFTY-II.NFO,14/10/2024,09:20:50,51864.9,51855.1,120,51869,30,0,361950
BANKNIFTY-II.NFO,14/10/2024,09:20:52,51870,51866.1,300,51870,90,90,361950
BANKNIFTY-II.NFO,14/10/2024,09:20:52,51870,51866.1,300,51870,90,0,361950
BANKNIFTY-II.NFO,14/10/2024,09:20:53,51870,51860.4,300,51870,90,0,361950
BANKNIFTY-II.NFO,14/10/2024,09:20:55,51869.85,51857.05,300,51868.15,75,30,361950
BANKNIFTY-II.NFO,14/10/2024,09:20:57,51869.85,51864.55,300,51870,90,0,361950
BANKNIFTY-II.NFO,14/10/2024,09:20:58,51869.85,51863.05,300,51869.95,60,0,361950
BANKNIFTY-II.NFO,14/10/2024,09:21:00,51869.85,51867.8,300,51870,90,0,361950
BANKNIFTY-II.NFO,14/10/2024,09:21:02,51870,51861.9,300,51869.25,60,45,361950
BANKNIFTY-II.NFO,14/10/2024,09:21:03,51870,51856.95,300,51867.85,60,0,361950
BANKNIFTY-II.NFO,14/10/2024,09:21:05,51868.45,51850.1,300,51864.05,75,15,361950
BANKNIFTY-II.NFO,14/10/2024,09:21:07,51866.45,51855.2,75,51868.35,60,15,361950
BANKNIFTY-II.NFO,14/10/2024,09:21:08,51866.45,51859,75,51869.95,60,0,361950
BANKNIFTY-II.NFO,14/10/2024,09:21:10,51866.45,51855.9,75,51869.95,60,0,361950
BANKNIFTY-II.NFO,14/10/2024,09:21:12,51866.45,51855.9,75,51868.4,60,0,361950
BANKNIFTY-II.NFO,14/10/2024,09:21:13,51868.3,51854.8,75,51868.3,60,15,361950
BANKNIFTY-II.NFO,14/10/2024,09:21:15,51869.95,51859.5,75,51869.95,45,15,361950
BANKNIFTY-II.NFO,14/10/2024,09:21:17,51866.5,51866.5,60,51869.95,30,15,361950
BANKNIFTY-II.NFO,14/10/2024,09:21:18,51869.95,51866.5,60,51870,60,30,361950
BANKNIFTY-II.NFO,14/10/2024,09:21:20,51866.45,51851.05,60,51869.9,30,15,361950
BANKNIFTY-II.NFO,14/10/2024,09:21:22,51869.25,51850.05,60,51865.4,30,30,361950
BANKNIFTY-II.NFO,14/10/2024,09:21:23,51869.25,51850,15,51863,30,0,361950
BANKNIFTY-II.NFO,14/10/2024,09:21:25,51869.25,51847,300,51862.1,30,0,361950
BANKNIFTY-II.NFO,14/10/2024,09:21:27,51869.25,51847.05,300,51858,105,0,361950
BANKNIFTY-II.NFO,14/10/2024,09:21:28,51869.25,51844.05,300,51857,120,0,361950
BANKNIFTY-II.NFO,14/10/2024,09:21:30,51841.5,51840,15,51853.95,45,15,361950
BANKNIFTY-II.NFO,14/10/2024,09:21:31,51841.5,51840.05,60,51853,105,0,361950
BANKNIFTY-II.NFO,14/10/2024,09:21:33,51841.5,51840.05,60,51854,105,0,361950
BANKNIFTY-II.NFO,14/10/2024,09:21:35,51841.5,51840.05,60,51853,105,0,361950
BANKNIFTY-II.NFO,14/10/2024,09:21:36,51841.5,51840,15,51848,120,0,361950
BANKNIFTY-II.NFO,14/10/2024,09:21:38,51841.5,51840,15,51841.5,15,0,361950
BANKNIFTY-II.NFO,14/10/2024,09:21:40,51840,51830,15,51839,105,15,361950
BANKNIFTY-II.NFO,14/10/2024,09:21:41,51840,51830,15,51839,105,0,361950
BANKNIFTY-II.NFO,14/10/2024,09:21:43,51830,51826.15,60,51838.95,45,15,361950
BANKNIFTY-II.NFO,14/10/2024,09:21:45,51830,51823.5,360,51830,15,0,361950
BANKNIFTY-II.NFO,14/10/2024,09:21:46,51830,51822.9,60,51837,105,15,362625
BANKNIFTY-II.NFO,14/10/2024,09:21:48,51830,51824.05,60,51836,105,0,362625
BANKNIFTY-II.NFO,14/10/2024,09:21:50,51830,51825.45,60,51837,105,0,362625
BANKNIFTY-II.NFO,14/10/2024,09:21:51,51830,51821.55,300,51833,150,0,362625
BANKNIFTY-II.NFO,14/10/2024,09:21:53,51830,51819.5,60,51835,165,0,362625
BANKNIFTY-II.NFO,14/10/2024,09:21:55,51830,51819.5,60,51836,120,0,362625
BANKNIFTY-II.NFO,14/10/2024,09:21:56,51830,51819.7,60,51835.95,15,0,362625
BANKNIFTY-II.NFO,14/10/2024,09:21:58,51830,51820.9,60,51837,120,0,362625
BANKNIFTY-II.NFO,14/10/2024,09:22:00,51830,51823.1,60,51837,135,0,362625
BANKNIFTY-II.NFO,14/10/2024,09:22:01,51839,51831.65,60,51839.95,15,15,362625
BANKNIFTY-II.NFO,14/10/2024,09:22:03,51839,51827.45,60,51839.95,15,0,362625
BANKNIFTY-II.NFO,14/10/2024,09:22:05,51832.1,51830.35,60,51840,150,30,362625
BANKNIFTY-II.NFO,14/10/2024,09:22:06,51832.1,51827.5,60,51839,120,0,362625
BANKNIFTY-II.NFO,14/10/2024,09:22:08,51832.1,51822.7,90,51840,180,0,362625
BANKNIFTY-II.NFO,14/10/2024,09:22:10,51832.1,51823.6,60,51837,150,0,362625
BANKNIFTY-II.NFO,14/10/2024,09:22:11,51832.1,51825.55,60,51840,45,0,362625
BANKNIFTY-II.NFO,14/10/2024,09:22:13,51832.1,51831.2,60,51840,45,0,362625
BANKNIFTY-II.NFO,14/10/2024,09:22:15,51832.1,51835.45,60,51840,30,0,362625
BANKNIFTY-II.NFO,14/10/2024,09:22:16,51832.1,51835.3,300,51840,30,0,362625
BANKNIFTY-II.NFO,14/10/2024,09:22:18,51840,51833.1,60,51840,15,15,362625
BANKNIFTY-II.NFO,14/10/2024,09:22:19,51840,51836.7,60,51840,15,0,362625
BANKNIFTY-II.NFO,14/10/2024,09:22:21,51840,51838.5,60,51841.5,15,15,362625
BANKNIFTY-II.NFO,14/10/2024,09:22:23,51838.5,51840,360,51841.5,15,30,362625
BANKNIFTY-II.NFO,14/10/2024,09:22:24,51840.05,51840.05,45,51849,15,45,362625
BANKNIFTY-II.NFO,14/10/2024,09:22:26,51838.5,51838.35,15,51847,135,15,362625
BANKNIFTY-II.NFO,14/10/2024,09:22:28,51838.5,51835,15,51846,135,0,362625
BANKNIFTY-II.NFO,14/10/2024,09:22:29,51838.5,51835.15,15,51845,135,0,362625
BANKNIFTY-II.NFO,14/10/2024,09:22:31,51848,51838.35,15,51847,120,15,362625
BANKNIFTY-II.NFO,14/10/2024,09:22:33,51848,51837.15,15,51848,120,0,362625
BANKNIFTY-II.NFO,14/10/2024,09:22:34,51848,51838.35,15,51847,120,0,362625
BANKNIFTY-II.NFO,14/10/2024,09:22:36,51848,51838.35,15,51844.95,60,0,362625
BANKNIFTY-II.NFO,14/10/2024,09:22:38,51848,51838.35,15,51849,15,0,362625
BANKNIFTY-II.NFO,14/10/2024,09:22:39,51848,51837.3,15,51845.95,60,0,362625
BANKNIFTY-II.NFO,14/10/2024,09:22:41,51848,51836,15,51847.95,60,0,362625
BANKNIFTY-II.NFO,14/10/2024,09:22:43,51848,51836.5,300,51845.95,60,0,362625
BANKNIFTY-II.NFO,14/10/2024,09:22:44,51848,51835.6,300,51843.95,60,0,362625
BANKNIFTY-II.NFO,14/10/2024,09:22:46,51848,51831.85,300,51838.95,60,0,362625
BANKNIFTY-II.NFO,14/10/2024,09:22:48,51848,51832.15,300,51839.95,60,0,362625
BANKNIFTY-II.NFO,14/10/2024,09:22:49,51848,51829.75,300,51838.95,60,0,362625
BANKNIFTY-II.NFO,14/10/2024,09:22:51,51848,51830.7,300,51840.95,60,0,362625
BANKNIFTY-II.NFO,14/10/2024,09:22:53,51848,51833.95,300,51845.95,60,0,362625
BANKNIFTY-II.NFO,14/10/2024,09:22:54,51848,51839.35,300,51848,15,0,362625
BANKNIFTY-II.NFO,14/10/2024,09:22:56,51848,51841.85,300,51848,15,0,362625
BANKNIFTY-II.NFO,14/10/2024,09:22:58,51848,51840.15,45,51848,15,0,362625
BANKNIFTY-II.NFO,14/10/2024,09:22:59,51840.1,51840.1,195,51848,15,150,362625
BANKNIFTY-II.NFO,14/10/2024,09:23:01,51849,51843.95,15,51850,45,30,362625
BANKNIFTY-II.NFO,14/10/2024,09:23:03,51849,51840.65,15,51850,45,0,362625
BANKNIFTY-II.NFO,14/10/2024,09:23:04,51849,51844.45,15,51850,45,0,362625
BANKNIFTY-II.NFO,14/10/2024,09:23:06,51849,51845.25,15,51850,45,0,362625
BANKNIFTY-II.NFO,14/10/2024,09:23:08,51849,51845.35,15,51850,45,0,362625
BANKNIFTY-II.NFO,14/10/2024,09:23:09,51850,51842.7,15,51849.95,15,45,362625
BANKNIFTY-II.NFO,14/10/2024,09:23:11,51850,51849,15,51854,75,0,362625
BANKNIFTY-II.NFO,14/10/2024,09:23:13,51850,51849,15,51855,75,0,362625
BANKNIFTY-II.NFO,14/10/2024,09:23:14,51850,51849,15,51854,75,0,362625
BANKNIFTY-II.NFO,14/10/2024,09:23:16,51849,51840,15,51849.95,15,15,362625
BANKNIFTY-II.NFO,14/10/2024,09:23:18,51849.95,51843.4,15,51855.1,30,15,362625
BANKNIFTY-II.NFO,14/10/2024,09:23:19,51849.95,51848.55,15,51855.1,30,0,362625
BANKNIFTY-II.NFO,14/10/2024,09:23:21,51849.95,51850.45,15,51855.1,30,0,362625
BANKNIFTY-II.NFO,14/10/2024,09:23:23,51851.25,51845.8,75,51855.1,30,15,362625
BANKNIFTY-II.NFO,14/10/2024,09:23:24,51845.8,51851,75,51855.1,30,15,362625
BANKNIFTY-II.NFO,14/10/2024,09:23:26,51853.35,51851.75,60,51855.1,15,30,362625
BANKNIFTY-II.NFO,14/10/2024,09:23:28,51853.35,51854.1,15,51855.1,15,0,362625
BANKNIFTY-II.NFO,14/10/2024,09:23:29,51855.05,51854.3,270,51859,15,30,362625
BANKNIFTY-II.NFO,14/10/2024,09:23:31,51855.05,51854.05,300,51859,15,0,362625
BANKNIFTY-II.NFO,14/10/2024,09:23:32,51855.05,51851.3,300,51859,15,0,362625
BANKNIFTY-II.NFO,14/10/2024,09:23:36,51855.05,51851.3,300,51855.95,15,0,362625
BANKNIFTY-II.NFO,14/10/2024,09:23:37,51855.05,51851.35,300,51859,15,0,362625
BANKNIFTY-II.NFO,14/10/2024,09:23:39,51855.05,51854.9,60,51859,15,0,362625
BANKNIFTY-II.NFO,14/10/2024,09:23:41,51855.05,51854.6,300,51859,15,0,362625
BANKNIFTY-II.NFO,14/10/2024,09:23:42,51855.05,51855.05,300,51859,15,0,362625
BANKNIFTY-II.NFO,14/10/2024,09:23:44,51855.05,51854.5,300,51859,15,0,362625
BANKNIFTY-II.NFO,14/10/2024,09:23:46,51855.05,51853.45,60,51859,15,0,362625
BANKNIFTY-II.NFO,14/10/2024,09:23:47,51855.05,51855.05,315,51859,15,0,362625
BANKNIFTY-II.NFO,14/10/2024,09:23:49,51855.05,51855.9,75,51859,15,0,362625
BANKNIFTY-II.NFO,14/10/2024,09:23:51,51855.7,51855.1,15,51859,15,15,362625
BANKNIFTY-II.NFO,14/10/2024,09:23:52,51855.7,51858.35,45,51859,15,0,362625
BANKNIFTY-II.NFO,14/10/2024,09:23:54,51859,51858.8,15,51860,30,15,362625
BANKNIFTY-II.NFO,14/10/2024,09:23:56,51860,51859.65,45,51870,210,30,362625
BANKNIFTY-II.NFO,14/10/2024,09:23:57,51860,51856.05,15,51869.95,30,0,362625
BANKNIFTY-II.NFO,14/10/2024,09:23:59,51860,51860.4,45,51870,210,0,362625
BANKNIFTY-II.NFO,14/10/2024,09:24:01,51860,51866.55,300,51870,210,0,362625
BANKNIFTY-II.NFO,14/10/2024,09:24:02,51860,51866.7,300,51870,210,0,362625
BANKNIFTY-II.NFO,14/10/2024,09:24:04,51866.6,51866.6,285,51870,210,15,362625
BANKNIFTY-II.NFO,14/10/2024,09:24:06,51866.6,51866.6,285,51870,210,15,362625
BANKNIFTY-II.NFO,14/10/2024,09:24:07,51866.6,51866,210,51870,210,0,362625
BANKNIFTY-II.NFO,14/10/2024,09:24:09,51870,51867.05,75,51870,120,90,362625
BANKNIFTY-II.NFO,14/10/2024,09:24:11,51870,51866.6,300,51874.9,15,120,362625
BANKNIFTY-II.NFO,14/10/2024,09:24:12,51874.9,51866.6,300,51875,30,15,362625
BANKNIFTY-II.NFO,14/10/2024,09:24:12,51874.9,51866.6,300,51875,30,0,362625
BANKNIFTY-II.NFO,14/10/2024,09:24:14,51874.9,51866.6,300,51875,30,0,362625
BANKNIFTY-II.NFO,14/10/2024,09:24:16,51874.9,51870,30,51875,30,0,362625
BANKNIFTY-II.NFO,14/10/2024,09:24:21,51877,51870,30,51879,15,75,362625
BANKNIFTY-II.NFO,14/10/2024,09:24:21,51877,51870,30,51879,15,0,362625
BANKNIFTY-II.NFO,14/10/2024,09:24:22,51877,51870,30,51874.65,105,0,362625
BANKNIFTY-II.NFO,14/10/2024,09:24:24,51878.3,51870,30,51877.55,45,60,362625
BANKNIFTY-II.NFO,14/10/2024,09:24:24,51878.3,51870,30,51877.55,45,0,362625
BANKNIFTY-II.NFO,14/10/2024,09:24:26,51877,51870,45,51879,60,15,362625
BANKNIFTY-II.NFO,14/10/2024,09:24:27,51880,51874.65,75,51880.95,15,60,362625
BANKNIFTY-II.NFO,14/10/2024,09:24:27,51880,51874.65,75,51880.95,15,0,362625
BANKNIFTY-II.NFO,14/10/2024,09:24:29,51880,51874.05,45,51880.95,15,0,362625
BANKNIFTY-II.NFO,14/10/2024,09:24:32,51880.95,51880,15,51885.15,45,15,362625
BANKNIFTY-II.NFO,14/10/2024,09:24:32,51880.95,51880,15,51885.15,45,0,362625
BANKNIFTY-II.NFO,14/10/2024,09:24:34,51880.95,51880,15,51886.6,45,0,362625
BANKNIFTY-II.NFO,14/10/2024,09:24:36,51884.9,51880,15,51884.2,45,30,362625
BANKNIFTY-II.NFO,14/10/2024,09:24:36,51884.9,51880,15,51884.2,45,0,362625
BANKNIFTY-II.NFO,14/10/2024,09:24:37,51884.9,51880,45,51885.5,45,0,362625
BANKNIFTY-II.NFO,14/10/2024,09:24:39,51884.9,51880,45,51884.95,45,0,362625
BANKNIFTY-II.NFO,14/10/2024,09:24:41,51880,51880,15,51887.9,60,75,362625
BANKNIFTY-II.NFO,14/10/2024,09:24:41,51885.8,51880,15,51887.9,60,0,362625
BANKNIFTY-II.NFO,14/10/2024,09:24:42,51880,51880,30,51888.95,60,0,362625
BANKNIFTY-II.NFO,14/10/2024,09:24:45,51880,51880,15,51883.95,60,0,362625
BANKNIFTY-II.NFO,14/10/2024,09:24:54,51880,51880,15,51884,15,30,362685
BANKNIFTY-II.NFO,14/10/2024,09:24:55,51876.95,51875.95,75,51884,15,75,362685
BANKNIFTY-II.NFO,14/10/2024,09:24:57,51885.95,51877.05,75,51885.95,15,45,362685
BANKNIFTY-II.NFO,14/10/2024,09:24:57,51885.95,51877.05,75,51885.95,15,0,362685
BANKNIFTY-II.NFO,14/10/2024,09:24:59,51885.95,51875.7,75,51885.95,15,0,362685
BANKNIFTY-II.NFO,14/10/2024,09:25:00,51885.95,51874.8,30,51885.95,15,0,362685
BANKNIFTY-II.NFO,14/10/2024,09:25:02,51885.95,51878.4,75,51885.95,15,0,362685
BANKNIFTY-II.NFO,14/10/2024,09:25:03,51885.95,51878.9,15,51885.9,60,15,362685
BANKNIFTY-II.NFO,14/10/2024,09:25:05,51879.95,51871.65,300,51881.95,15,15,362685
BANKNIFTY-II.NFO,14/10/2024,09:25:07,51879.95,51871.8,300,51879.95,15,0,362685
BANKNIFTY-II.NFO,14/10/2024,09:25:08,51879.95,51871.7,30,51881.95,15,0,362685
BANKNIFTY-II.NFO,14/10/2024,09:25:10,51879.95,51874.35,75,51881.95,15,0,362685
BANKNIFTY-II.NFO,14/10/2024,09:25:11,51879.95,51876.4,75,51881.95,15,0,362685
BANKNIFTY-II.NFO,14/10/2024,09:25:13,51879.95,51875.75,300,51885.95,165,0,362685
BANKNIFTY-II.NFO,14/10/2024,09:25:15,51879.95,51879.9,75,51885.95,165,0,362685
BANKNIFTY-II.NFO,14/10/2024,09:25:16,51877.35,51876,240,51885.95,165,75,362685
BANKNIFTY-II.NFO,14/10/2024,09:25:18,51877.35,51876.85,300,51885.95,165,0,362685
BANKNIFTY-II.NFO,14/10/2024,09:25:20,51877.35,51874.35,300,51885.1,75,0,362685
BANKNIFTY-II.NFO,14/10/2024,09:25:21,51877.35,51875.2,15,51885.9,60,15,362685
BANKNIFTY-II.NFO,14/10/2024,09:25:23,51877.35,51877.35,285,51885.95,150,0,362685
BANKNIFTY-II.NFO,14/10/2024,09:25:25,51885.95,51874.9,30,51885.95,120,30,362685
BANKNIFTY-II.NFO,14/10/2024,09:25:26,51885.95,51879.5,30,51885.95,120,0,362685
BANKNIFTY-II.NFO,14/10/2024,09:25:28,51885.95,51877.4,30,51885.95,120,0,362685
BANKNIFTY-II.NFO,14/10/2024,09:25:29,51885.95,51877.05,30,51885.95,120,0,362685
BANKNIFTY-II.NFO,14/10/2024,09:25:31,51885.95,51877.45,30,51885.95,120,0,362685
BANKNIFTY-II.NFO,14/10/2024,09:25:33,51885.95,51877.4,30,51885.95,120,0,362685
BANKNIFTY-II.NFO,14/10/2024,09:25:34,51885.95,51877.45,30,51885.95,105,15,362685
BANKNIFTY-II.NFO,14/10/2024,09:25:36,51885.95,51878.15,30,51885.95,105,0,362685
BANKNIFTY-II.NFO,14/10/2024,09:25:38,51885.95,51880,15,51885.95,105,0,362685
BANKNIFTY-II.NFO,14/10/2024,09:25:43,51880,51877.4,30,51885.95,105,15,362685
BANKNIFTY-II.NFO,14/10/2024,09:25:44,51880,51878.4,30,51885.95,105,0,362685
BANKNIFTY-II.NFO,14/10/2024,09:25:46,51880,51877.4,30,51885.95,105,0,362685
BANKNIFTY-II.NFO,14/10/2024,09:25:47,51880,51878.1,30,51885.95,105,0,362685
BANKNIFTY-II.NFO,14/10/2024,09:25:49,51878.1,51878.05,15,51885.95,105,15,362685
BANKNIFTY-II.NFO,14/10/2024,09:25:51,51878.1,51877.35,300,51885.85,75,0,362685
BANKNIFTY-II.NFO,14/10/2024,09:25:52,51885.95,51877.95,300,51885.95,60,45,362685
BANKNIFTY-II.NFO,14/10/2024,09:25:54,51878,51877.85,240,51887.1,60,60,362685
BANKNIFTY-II.NFO,14/10/2024,09:25:56,51878,51878,300,51888,90,0,362685
BANKNIFTY-II.NFO,14/10/2024,09:25:57,51878,51878,300,51887.75,30,0,362685
BANKNIFTY-II.NFO,14/10/2024,09:25:59,51877.95,51878.1,15,51888.9,75,15,362685
BANKNIFTY-II.NFO,14/10/2024,09:26:01,51880,51878.1,15,51883.85,105,15,362685
BANKNIFTY-II.NFO,14/10/2024,09:26:02,51880,51878.1,15,51884.95,75,0,362685
BANKNIFTY-II.NFO,14/10/2024,09:26:04,51880,51878.1,15,51885,15,0,362685
BANKNIFTY-II.NFO,14/10/2024,09:26:06,51880,51878.1,15,51884.95,75,0,362685
BANKNIFTY-II.NFO,14/10/2024,09:26:07,51877,51870.05,15,51881.5,60,30,362685
BANKNIFTY-II.NFO,14/10/2024,09:26:09,51877,51872.1,300,51882.2,75,0,362685
BANKNIFTY-II.NFO,14/10/2024,09:26:11,51877,51870,15,51877.7,75,0,362685
BANKNIFTY-II.NFO,14/10/2024,09:26:12,51877,51870,15,51878.55,75,0,362685
BANKNIFTY-II.NFO,14/10/2024,09:26:14,51877,51870,15,51878.6,75,0,362685
BANKNIFTY-II.NFO,14/10/2024,09:26:16,51877,51870,15,51874.3,60,0,362685
BANKNIFTY-II.NFO,14/10/2024,09:26:17,51870,51856.15,15,51867.95,15,15,362685
BANKNIFTY-II.NFO,14/10/2024,09:26:19,51870,51856.05,30,51873.3,75,0,362685
BANKNIFTY-II.NFO,14/10/2024,09:26:21,51870,51855.1,15,51869.9,105,0,362685
BANKNIFTY-II.NFO,14/10/2024,09:26:22,51870,51855.1,300,51869.2,75,0,362685
BANKNIFTY-II.NFO,14/10/2024,09:26:24,51870,51855.05,15,51866.6,75,0,362685
BANKNIFTY-II.NFO,14/10/2024,09:26:25,51870,51855.05,15,51867.9,75,0,362685
BANKNIFTY-II.NFO,14/10/2024,09:26:27,51870,51855.1,15,51867.95,15,0,362685
BANKNIFTY-II.NFO,14/10/2024,09:26:29,51870,51855.05,15,51868.3,75,0,362685
BANKNIFTY-II.NFO,14/10/2024,09:26:30,51870,51855.05,15,51867.9,75,0,362685
BANKNIFTY-II.NFO,14/10/2024,09:26:32,51870,51855.05,15,51865.9,75,0,362685
BANKNIFTY-II.NFO,14/10/2024,09:26:34,51870,51855.05,15,51869.7,90,0,362685
BANKNIFTY-II.NFO,14/10/2024,09:26:35,51851.05,51852.3,300,51865.95,30,30,362685
BANKNIFTY-II.NFO,14/10/2024,09:26:37,51851.05,51850,15,51857.9,75,0,362685
BANKNIFTY-II.NFO,14/10/2024,09:26:39,51851.05,51850,15,51857.95,15,0,362685
BANKNIFTY-II.NFO,14/10/2024,09:26:40,51851.05,51850,15,51859.95,30,0,362685
BANKNIFTY-II.NFO,14/10/2024,09:26:42,51851.05,51850,30,51859.95,30,0,362685
BANKNIFTY-II.NFO,14/10/2024,09:26:44,51851.05,51850,30,51859.95,15,0,362685
BANKNIFTY-II.NFO,14/10/2024,09:26:45,51851.05,51850,30,51867.2,45,0,362685
BANKNIFTY-II.NFO,14/10/2024,09:26:47,51851.05,51853,240,51867.95,15,0,362685
BANKNIFTY-II.NFO,14/10/2024,09:26:49,51851.05,51851.05,30,51865.95,15,0,362685
BANKNIFTY-II.NFO,14/10/2024,09:26:50,51851.05,51852.05,300,51865.95,15,0,362685
BANKNIFTY-II.NFO,14/10/2024,09:26:52,51851.05,51850.7,300,51859.95,15,0,362685
BANKNIFTY-II.NFO,14/10/2024,09:26:54,51850.7,51850.45,30,51859.95,15,30,362685
BANKNIFTY-II.NFO,14/10/2024,09:26:55,51850.7,51853,225,51863.95,15,0,362685
BANKNIFTY-II.NFO,14/10/2024,09:26:57,51850.7,51856,225,51869.95,15,0,362685
BANKNIFTY-II.NFO,14/10/2024,09:26:59,51871.95,51859,225,51875.9,15,15,362685
BANKNIFTY-II.NFO,14/10/2024,09:27:01,51869.95,51852,225,51863.95,15,30,362685
BANKNIFTY-II.NFO,14/10/2024,09:27:02,51869.95,51855.4,45,51865.95,15,0,362685
BANKNIFTY-II.NFO,14/10/2024,09:27:04,51869.95,51854,225,51865.95,15,0,362685
BANKNIFTY-II.NFO,14/10/2024,09:27:06,51869.95,51855.9,45,51865.95,15,0,362685
BANKNIFTY-II.NFO,14/10/2024,09:27:07,51869.95,51857.05,45,51865.95,15,0,362685
BANKNIFTY-II.NFO,14/10/2024,09:27:09,51869.95,51859.2,150,51867.95,15,0,362685
BANKNIFTY-II.NFO,14/10/2024,09:27:14,51859.2,51854.05,15,51865.95,15,150,362685
BANKNIFTY-II.NFO,14/10/2024,09:27:16,51859.2,51852.1,15,51855.1,15,0,362685
BANKNIFTY-II.NFO,14/10/2024,09:27:17,51855.1,51850.1,30,51859.95,15,15,362685
BANKNIFTY-II.NFO,14/10/2024,09:27:19,51855.1,51850.35,30,51857.95,15,0,362685
BANKNIFTY-II.NFO,14/10/2024,09:27:21,51855.1,51850.05,30,51857.95,15,0,362685
BANKNIFTY-II.NFO,14/10/2024,09:27:24,51855.1,51850,30,51857.5,60,15,362685
BANKNIFTY-II.NFO,14/10/2024,09:27:26,51855.1,51850,30,51857.95,15,0,362685
BANKNIFTY-II.NFO,14/10/2024,09:27:27,51855.1,51850,30,51859.95,60,0,362685
BANKNIFTY-II.NFO,14/10/2024,09:27:29,51855.1,51850,30,51855,30,0,362685
BANKNIFTY-II.NFO,14/10/2024,09:27:32,51855.1,51850,30,51855,45,0,362685
BANKNIFTY-II.NFO,14/10/2024,09:27:36,51855.1,51850,15,51855,30,0,362685
BANKNIFTY-II.NFO,14/10/2024,09:27:44,51855.1,51852.25,75,51855,30,0,362685
BANKNIFTY-II.NFO,14/10/2024,09:27:46,51855,51855,15,51855.1,15,30,362745
BANKNIFTY-II.NFO,14/10/2024,09:27:47,51855.1,51851.4,300,51859,15,15,362745
BANKNIFTY-II.NFO,14/10/2024,09:27:49,51855.1,51851.6,45,51859,15,0,362745
BANKNIFTY-II.NFO,14/10/2024,09:27:50,51855.1,51850,15,51859,15,0,362745
BANKNIFTY-II.NFO,14/10/2024,09:27:52,51855.1,51851.35,300,51855.1,15,0,362745
BANKNIFTY-II.NFO,14/10/2024,09:27:54,51855.1,51850,15,51855.1,15,0,362745
BANKNIFTY-II.NFO,14/10/2024,09:27:55,51855.1,51854.7,120,51859,15,45,362745
BANKNIFTY-II.NFO,14/10/2024,09:27:57,51855.1,51854.9,75,51859,15,0,362745
BANKNIFTY-II.NFO,14/10/2024,09:27:59,51855.1,51855.55,120,51859,15,15,362745
BANKNIFTY-II.NFO,14/10/2024,09:28:00,51859,51857.35,120,51860,120,15,362745
BANKNIFTY-II.NFO,14/10/2024,09:28:02,51860,51855.15,75,51863,15,120,362745
BANKNIFTY-II.NFO,14/10/2024,09:28:03,51860,51859.2,150,51863,15,0,362745
BANKNIFTY-II.NFO,14/10/2024,09:28:05,51867.9,51859.25,15,51868.95,60,60,362745
BANKNIFTY-II.NFO,14/10/2024,09:28:07,51867.9,51859.25,15,51868.95,60,0,362745
BANKNIFTY-II.NFO,14/10/2024,09:28:08,51867.9,51860.75,300,51869,15,0,362745
BANKNIFTY-II.NFO,14/10/2024,09:28:10,51867.9,51860.45,15,51869,15,0,362745
BANKNIFTY-II.NFO,14/10/2024,09:28:13,51867.9,51860.5,45,51869,15,0,362745
BANKNIFTY-II.NFO,14/10/2024,09:28:15,51867.9,51860.55,15,51869,15,0,362745
BANKNIFTY-II.NFO,14/10/2024,09:28:17,51859.2,51860.55,45,51867.9,15,75,362745
BANKNIFTY-II.NFO,14/10/2024,09:28:18,51859.2,51860.8,45,51867.9,15,0,362745
BANKNIFTY-II.NFO,14/10/2024,09:28:20,51859.2,51860.8,300,51867.9,15,0,362745
BANKNIFTY-II.NFO,14/10/2024,09:28:21,51870,51864.6,150,51873.9,15,150,362745
BANKNIFTY-II.NFO,14/10/2024,09:28:23,51870,51861.1,300,51873.9,15,0,362745
BANKNIFTY-II.NFO,14/10/2024,09:28:25,51870,51864.3,300,51877.9,15,0,362745
BANKNIFTY-II.NFO,14/10/2024,09:28:26,51870,51867.75,15,51878.95,15,0,362745
BANKNIFTY-II.NFO,14/10/2024,09:28:28,51870,51869.45,15,51878.95,15,0,362745
BANKNIFTY-II.NFO,14/10/2024,09:28:30,51870,51867.4,15,51877.9,15,0,362745
BANKNIFTY-II.NFO,14/10/2024,09:28:31,51870,51867.55,15,51877.9,15,15,362745
BANKNIFTY-II.NFO,14/10/2024,09:28:33,51870,51863.5,15,51875.9,15,0,362745
BANKNIFTY-II.NFO,14/10/2024,09:28:35,51870,51870,15,51878.95,15,0,362745
BANKNIFTY-II.NFO,14/10/2024,09:28:38,51870,51870.05,15,51877.95,15,0,362745
BANKNIFTY-II.NFO,14/10/2024,09:28:40,51870.05,51870,15,51877.9,15,15,362745
BANKNIFTY-II.NFO,14/10/2024,09:28:41,51870.05,51870,15,51878.95,15,0,362745
BANKNIFTY-II.NFO,14/10/2024,09:28:43,51870.05,51870,15,51877.85,15,0,362745
BANKNIFTY-II.NFO,14/10/2024,09:28:45,51870.05,51870,15,51877.9,15,0,362745
BANKNIFTY-II.NFO,14/10/2024,09:28:50,51870.05,51870,15,51870.05,15,0,362745
BANKNIFTY-II.NFO,14/10/2024,09:28:51,51870.05,51870,15,51877.9,15,15,362745
BANKNIFTY-II.NFO,14/10/2024,09:28:55,51870.05,51870.05,15,51877.85,15,0,362745
BANKNIFTY-II.NFO,14/10/2024,09:29:00,51870.05,51870.05,15,51877.9,15,0,362745
BANKNIFTY-II.NFO,14/10/2024,09:29:01,51870.05,51870.05,15,51872,15,0,362745
BANKNIFTY-II.NFO,14/10/2024,09:29:05,51870,51864.65,60,51870,45,60,362745
BANKNIFTY-II.NFO,14/10/2024,09:29:06,51877.85,51864.05,15,51877.9,30,60,362745
BANKNIFTY-II.NFO,14/10/2024,09:29:08,51877.85,51864.1,60,51877.9,15,0,362745
BANKNIFTY-II.NFO,14/10/2024,09:29:10,51877.9,51867.05,60,51879,30,15,362745
BANKNIFTY-II.NFO,14/10/2024,09:29:11,51879,51868.1,60,51879,15,15,362745
BANKNIFTY-II.NFO,14/10/2024,09:29:13,51879,51868.1,60,51879,15,0,362745
BANKNIFTY-II.NFO,14/10/2024,09:29:15,51879,51869.2,60,51879,15,0,362745
BANKNIFTY-II.NFO,14/10/2024,09:29:16,51879,51873.25,60,51885,45,15,362745
BANKNIFTY-II.NFO,14/10/2024,09:29:18,51879,51873.15,60,51885,45,0,362745
BANKNIFTY-II.NFO,14/10/2024,09:29:21,51879,51873.5,360,51885,45,0,362745
BANKNIFTY-II.NFO,14/10/2024,09:29:23,51879,51877.05,60,51885,45,0,362745
BANKNIFTY-II.NFO,14/10/2024,09:29:25,51879,51880.2,150,51885,45,0,362745
BANKNIFTY-II.NFO,14/10/2024,09:29:26,51885,51880.2,150,51885,30,15,362745
BANKNIFTY-II.NFO,14/10/2024,09:29:28,51885,51880.2,150,51885,30,0,362745
BANKNIFTY-II.NFO,14/10/2024,09:29:31,51885,51881.1,300,51885,30,0,362745
BANKNIFTY-II.NFO,14/10/2024,09:29:33,51885,51880.25,60,51885,30,0,362745
BANKNIFTY-II.NFO,14/10/2024,09:29:35,51885,51881.85,300,51885,15,15,362745
BANKNIFTY-II.NFO,14/10/2024,09:29:36,51885,51882.6,300,51888,150,15,362745
BANKNIFTY-II.NFO,14/10/2024,09:29:38,51885,51880.2,150,51888,150,0,362745
BANKNIFTY-II.NFO,14/10/2024,09:29:40,51885,51882.9,150,51888,150,0,362745
BANKNIFTY-II.NFO,14/10/2024,09:29:41,51885,51885.2,150,51888,150,0,362745
BANKNIFTY-II.NFO,14/10/2024,09:29:43,51885.2,51885.2,135,51888,150,15,362745
BANKNIFTY-II.NFO,14/10/2024,09:29:45,51885.2,51887.25,150,51888,150,0,362745
BANKNIFTY-II.NFO,14/10/2024,09:29:46,51889,51887.3,60,51890,45,165,362745
BANKNIFTY-II.NFO,14/10/2024,09:29:46,51889,51887.3,60,51890,45,0,362745
BANKNIFTY-II.NFO,14/10/2024,09:29:48,51890,51888.1,300,51890,30,15,362745
BANKNIFTY-II.NFO,14/10/2024,09:29:48,51890,51888.1,300,51890,30,0,362745
BANKNIFTY-II.NFO,14/10/2024,09:29:50,51899,51892.05,15,51899,30,60,362745
BANKNIFTY-II.NFO,14/10/2024,09:29:50,51899,51892.05,15,51899,30,0,362745
BANKNIFTY-II.NFO,14/10/2024,09:29:51,51899,51890.05,75,51899,30,0,362745
BANKNIFTY-II.NFO,14/10/2024,09:29:53,51899,51896.45,300,51899.65,15,30,362745
BANKNIFTY-II.NFO,14/10/2024,09:29:55,51899.9,51899,15,51900,390,45,362745
BANKNIFTY-II.NFO,14/10/2024,09:29:55,51899.9,51899,15,51900,390,0,362745
BANKNIFTY-II.NFO,14/10/2024,09:29:56,51899,51895.75,75,51899,45,15,362745
BANKNIFTY-II.NFO,14/10/2024,09:29:58,51899.9,51896.25,15,51900,420,195,362745
BANKNIFTY-II.NFO,14/10/2024,09:29:58,51900,51896.25,15,51900,420,0,362745
BANKNIFTY-II.NFO,14/10/2024,09:30:00,51900,51895.45,300,51900,360,60,362745
BANKNIFTY-II.NFO,14/10/2024,09:30:01,51900,51895.4,30,51900,240,120,362745
BANKNIFTY-II.NFO,14/10/2024,09:30:03,51910,51904.1,60,51910,720,480,362745
BANKNIFTY-II.NFO,14/10/2024,09:30:03,51910,51904.1,60,51910,720,0,362745
BANKNIFTY-II.NFO,14/10/2024,09:30:05,51918.05,51926.05,15,51934.95,30,990,362745
BANKNIFTY-II.NFO,14/10/2024,09:30:05,51934.05,51926.05,15,51934.95,30,0,362745
BANKNIFTY-II.NFO,14/10/2024,09:30:06,51934.95,51926.05,15,51934.95,30,15,362745
BANKNIFTY-II.NFO,14/10/2024,09:30:06,51934.95,51926.05,15,51934.95,30,0,362745
BANKNIFTY-II.NFO,14/10/2024,09:30:08,51934.95,51926.05,15,51935,30,0,362745
BANKNIFTY-II.NFO,14/10/2024,09:30:10,51934.95,51926.05,15,51934.6,150,0,362745
BANKNIFTY-II.NFO,14/10/2024,09:30:11,51935,51930.05,15,51937.45,150,15,362745
BANKNIFTY-II.NFO,14/10/2024,09:30:11,51935,51930.05,15,51937.45,150,0,362745
BANKNIFTY-II.NFO,14/10/2024,09:30:13,51935,51924.05,15,51939.25,45,0,362745
BANKNIFTY-II.NFO,14/10/2024,09:30:15,51935,51924.05,15,51931.15,150,0,362745
BANKNIFTY-II.NFO,14/10/2024,09:30:16,51935,51922.05,15,51934.4,75,0,362745
BANKNIFTY-II.NFO,14/10/2024,09:30:18,51922.05,51920.05,15,51931.25,75,15,362745
BANKNIFTY-II.NFO,14/10/2024,09:30:20,51922.05,51916.05,15,51922.05,15,15,362745
BANKNIFTY-II.NFO,14/10/2024,09:30:21,51922.05,51915.2,150,51928.3,15,15,362745
BANKNIFTY-II.NFO,14/10/2024,09:30:23,51933.15,51920.1,60,51934.35,135,45,362745
BANKNIFTY-II.NFO,14/10/2024,09:30:25,51920.1,51920.05,15,51934.55,15,15,362745
BANKNIFTY-II.NFO,14/10/2024,09:30:26,51920.1,51916.05,300,51932,15,0,362745
BANKNIFTY-II.NFO,14/10/2024,09:30:28,51920.1,51916.5,300,51928.25,15,0,362745
BANKNIFTY-II.NFO,14/10/2024,09:30:30,51916.05,51916.05,15,51931.7,15,15,362745
BANKNIFTY-II.NFO,14/10/2024,09:30:31,51916.05,51918.05,15,51924.6,135,0,362745
BANKNIFTY-II.NFO,14/10/2024,09:30:33,51916.05,51915.25,150,51924.05,135,0,362745
BANKNIFTY-II.NFO,14/10/2024,09:30:34,51916.05,51915.25,150,51919.25,135,0,362745
BANKNIFTY-II.NFO,14/10/2024,09:30:36,51916.05,51908.1,60,51922,135,0,362745
BANKNIFTY-II.NFO,14/10/2024,09:30:38,51916.05,51910.05,15,51922.15,135,0,362745
BANKNIFTY-II.NFO,14/10/2024,09:30:39,51916.05,51912.1,60,51928.7,15,0,362745
BANKNIFTY-II.NFO,14/10/2024,09:30:41,51916.05,51914.05,15,51927.4,15,0,362745
BANKNIFTY-II.NFO,14/10/2024,09:30:43,51916.05,51914.65,300,51923.65,135,0,362745
BANKNIFTY-II.NFO,14/10/2024,09:30:44,51916.05,51911.8,60,51922.55,135,0,362745
BANKNIFTY-II.NFO,14/10/2024,09:30:46,51916.05,51908.65,60,51922.1,15,0,362745
BANKNIFTY-II.NFO,14/10/2024,09:30:48,51916.05,51906.1,60,51921.9,15,0,362745
BANKNIFTY-II.NFO,14/10/2024,09:30:49,51916.05,51916,15,51922.1,15,0,362745
BANKNIFTY-II.NFO,14/10/2024,09:30:53,51916.05,51916.05,60,51922.1,15,0,362745
BANKNIFTY-II.NFO,14/10/2024,09:30:56,51916.05,51919.1,150,51922.1,15,0,362745
BANKNIFTY-II.NFO,14/10/2024,09:30:59,51925,51919.15,60,51925,15,30,363630
BANKNIFTY-II.NFO,14/10/2024,09:31:01,51925,51922.05,60,51930,15,15,363630
BANKNIFTY-II.NFO,14/10/2024,09:31:03,51939,51928.15,30,51940,15,90,363630
BANKNIFTY-II.NFO,14/10/2024,09:31:03,51939,51928.15,30,51940,15,0,363630
BANKNIFTY-II.NFO,14/10/2024,09:31:04,51928.85,51930.3,60,51940,15,30,363630
BANKNIFTY-II.NFO,14/10/2024,09:31:06,51928.85,51939,15,51940,15,0,363630
BANKNIFTY-II.NFO,14/10/2024,09:31:08,51940,51939,15,51944,15,15,363630
BANKNIFTY-II.NFO,14/10/2024,09:31:08,51940,51939,15,51944,15,0,363630
BANKNIFTY-II.NFO,14/10/2024,09:31:09,51940,51939,15,51944,15,0,363630
BANKNIFTY-II.NFO,14/10/2024,09:31:13,51939,51934.45,150,51944,15,15,363630
BANKNIFTY-II.NFO,14/10/2024,09:31:14,51939,51934.45,150,51940,60,0,363630
BANKNIFTY-II.NFO,14/10/2024,09:31:16,51938,51938,120,51940,60,30,363630
BANKNIFTY-II.NFO,14/10/2024,09:31:18,51938,51935.1,150,51940,60,0,363630
BANKNIFTY-II.NFO,14/10/2024,09:31:19,51938,51927.15,30,51934.45,15,0,363630
BANKNIFTY-II.NFO,14/10/2024,09:31:21,51938,51927.65,30,51934.45,15,0,363630
BANKNIFTY-II.NFO,14/10/2024,09:31:23,51934.45,51930.35,30,51943.95,60,15,363630
BANKNIFTY-II.NFO,14/10/2024,09:31:24,51930.3,51926.1,30,51939.45,60,15,363630
BANKNIFTY-II.NFO,14/10/2024,09:31:26,51930.3,51926.15,30,51939.55,15,0,363630
BANKNIFTY-II.NFO,14/10/2024,09:31:28,51930.3,51927.15,30,51938,15,0,363630
BANKNIFTY-II.NFO,14/10/2024,09:31:29,51930.3,51931.15,30,51938,15,0,363630
BANKNIFTY-II.NFO,14/10/2024,09:31:31,51938,51935.2,150,51944,15,15,363630
BANKNIFTY-II.NFO,14/10/2024,09:31:33,51938,51931.05,30,51943.55,150,0,363630
BANKNIFTY-II.NFO,14/10/2024,09:31:34,51938,51931.2,30,51944,30,0,363630
BANKNIFTY-II.NFO,14/10/2024,09:31:36,51943.1,51929.3,45,51944,15,15,363630
BANKNIFTY-II.NFO,14/10/2024,09:31:36,51943.1,51929.3,45,51944,15,0,363630
BANKNIFTY-II.NFO,14/10/2024,09:31:38,51943.1,51930.2,45,51944,15,0,363630
BANKNIFTY-II.NFO,14/10/2024,09:31:39,51943.1,51930.1,45,51944,15,0,363630
BANKNIFTY-II.NFO,14/10/2024,09:31:41,51947,51945.2,15,51947.05,15,60,363630
BANKNIFTY-II.NFO,14/10/2024,09:31:41,51947,51945.2,15,51947.05,15,0,363630
BANKNIFTY-II.NFO,14/10/2024,09:31:43,51947,51945.2,15,51947.05,15,15,363630
BANKNIFTY-II.NFO,14/10/2024,09:31:44,51945.2,51932.05,15,51944.85,15,15,363630
BANKNIFTY-II.NFO,14/10/2024,09:31:46,51945.2,51934.05,15,51945.9,15,0,363630
BANKNIFTY-II.NFO,14/10/2024,09:31:48,51935,51945.2,15,51947.05,15,30,363630
BANKNIFTY-II.NFO,14/10/2024,09:31:49,51935,51945.2,15,51947.05,15,0,363630
BANKNIFTY-II.NFO,14/10/2024,09:31:51,51948,51945.2,15,51949,15,30,363630
BANKNIFTY-II.NFO,14/10/2024,09:31:51,51948,51945.2,15,51949,15,0,363630
BANKNIFTY-II.NFO,14/10/2024,09:31:53,51948,51945.2,15,51949,15,0,363630
BANKNIFTY-II.NFO,14/10/2024,09:31:54,51949,51945.25,60,51950,150,15,363630
BANKNIFTY-II.NFO,14/10/2024,09:31:54,51949,51945.25,60,51950,150,0,363630
BANKNIFTY-II.NFO,14/10/2024,09:31:56,51942.05,51941.05,60,51950,150,30,363630
BANKNIFTY-II.NFO,14/10/2024,09:31:58,51950,51940.2,150,51950,75,150,363630
BANKNIFTY-II.NFO,14/10/2024,09:31:58,51950,51940.2,150,51950,75,0,363630
BANKNIFTY-II.NFO,14/10/2024,09:31:59,51950,51938.05,60,51950,75,0,363630
BANKNIFTY-II.NFO,14/10/2024,09:32:01,51950,51940.2,150,51950,90,0,363630
BANKNIFTY-II.NFO,14/10/2024,09:32:03,51950,51950,60,51953.2,15,90,363630
BANKNIFTY-II.NFO,14/10/2024,09:32:04,51950,51950,60,51953.2,15,0,363630
BANKNIFTY-II.NFO,14/10/2024,09:32:06,51950,51948,300,51950,15,60,363630
BANKNIFTY-II.NFO,14/10/2024,09:32:08,51950,51948,300,51950,15,0,363630
BANKNIFTY-II.NFO,14/10/2024,09:32:14,51953.2,51948,300,51953.1,75,30,363630
BANKNIFTY-II.NFO,14/10/2024,09:32:14,51953.2,51948,300,51953.1,75,0,363630
BANKNIFTY-II.NFO,14/10/2024,09:32:16,51950,51948,300,51950,75,15,363630
BANKNIFTY-II.NFO,14/10/2024,09:32:18,51948,51948,180,51950,75,120,363630
BANKNIFTY-II.NFO,14/10/2024,09:32:19,51948,51942.05,15,51948.5,60,180,363630
BANKNIFTY-II.NFO,14/10/2024,09:32:21,51948,51942.05,15,51948,15,0,363630
BANKNIFTY-II.NFO,14/10/2024,09:32:23,51934.05,51933.05,60,51940,15,75,363630
BANKNIFTY-II.NFO,14/10/2024,09:32:24,51934.05,51932.05,60,51940,15,0,363630
BANKNIFTY-II.NFO,14/10/2024,09:32:26,51934.05,51931.05,60,51940,15,0,363630
BANKNIFTY-II.NFO,14/10/2024,09:32:28,51934.05,51925.05,60,51939.75,15,0,363630
BANKNIFTY-II.NFO,14/10/2024,09:32:29,51934.05,51925.05,60,51938.55,15,0,363630
BANKNIFTY-II.NFO,14/10/2024,09:32:31,51934.05,51930,15,51937.9,90,0,363630
BANKNIFTY-II.NFO,14/10/2024,09:32:33,51934.05,51930,15,51940,30,0,363630
BANKNIFTY-II.NFO,14/10/2024,09:32:34,51934.05,51930,15,51940,15,0,363630
BANKNIFTY-II.NFO,14/10/2024,09:32:36,51934.05,51930,15,51940,30,0,363630
BANKNIFTY-II.NFO,14/10/2024,09:32:38,51934.05,51930,15,51940,15,0,363630
BANKNIFTY-II.NFO,14/10/2024,09:32:39,51930,51925.05,60,51930,15,30,363630
BANKNIFTY-II.NFO,14/10/2024,09:32:41,51930,51925.05,60,51930,15,0,363630
BANKNIFTY-II.NFO,14/10/2024,09:32:43,51930,51925.05,60,51940,15,15,363630
BANKNIFTY-II.NFO,14/10/2024,09:32:44,51930,51925.05,60,51939.9,60,0,363630
BANKNIFTY-II.NFO,14/10/2024,09:32:46,51930,51925,15,51936,30,0,363630
BANKNIFTY-II.NFO,14/10/2024,09:32:48,51925.05,51925,15,51936,15,15,363630
BANKNIFTY-II.NFO,14/10/2024,09:32:49,51925.05,51925,15,51936,15,0,363630
BANKNIFTY-II.NFO,14/10/2024,09:32:51,51925.05,51925,15,51936,30,0,363630
BANKNIFTY-II.NFO,14/10/2024,09:32:53,51925,51921,15,51922.9,15,15,363630
BANKNIFTY-II.NFO,14/10/2024,09:32:54,51925,51921,15,51922.9,15,0,363630
BANKNIFTY-II.NFO,14/10/2024,09:32:59,51925,51921,15,51925,15,0,363630
BANKNIFTY-II.NFO,14/10/2024,09:33:01,51911.05,51913.05,15,51925,15,45,363630
BANKNIFTY-II.NFO,14/10/2024,09:33:03,51911.05,51921,15,51925,15,0,363630
BANKNIFTY-II.NFO,14/10/2024,09:33:06,51910,51908.05,15,51924.3,75,30,363630
BANKNIFTY-II.NFO,14/10/2024,09:33:08,51910,51909.05,15,51924.95,75,0,363630
BANKNIFTY-II.NFO,14/10/2024,09:33:09,51910,51910.05,15,51925,15,0,363630
BANKNIFTY-II.NFO,14/10/2024,09:33:11,51910,51912.05,15,51925,15,0,363630
BANKNIFTY-II.NFO,14/10/2024,09:33:13,51910,51913.05,15,51925,15,0,363630
BANKNIFTY-II.NFO,14/10/2024,09:33:14,51914.15,51916,210,51925,15,15,363630
BANKNIFTY-II.NFO,14/10/2024,09:33:16,51914.15,51915,210,51925,15,0,363630
BANKNIFTY-II.NFO,14/10/2024,09:33:18,51914.15,51916,210,51925,15,0,363630
BANKNIFTY-II.NFO,14/10/2024,09:33:19,51916,51916,195,51924.95,15,15,363630
BANKNIFTY-II.NFO,14/10/2024,09:33:21,51916,51918,195,51925,15,0,363630
BANKNIFTY-II.NFO,14/10/2024,09:33:23,51916,51918.05,30,51925,15,0,363630
BANKNIFTY-II.NFO,14/10/2024,09:33:24,51918,51914,180,51925,15,15,363630
BANKNIFTY-II.NFO,14/10/2024,09:33:26,51918,51911.05,15,51925,15,0,363630
BANKNIFTY-II.NFO,14/10/2024,09:33:28,51918,51913,180,51925,15,0,363630
BANKNIFTY-II.NFO,14/10/2024,09:33:29,51918,51913.05,45,51925,15,0,363630
BANKNIFTY-II.NFO,14/10/2024,09:33:31,51918,51915.3,15,51925,15,0,363630
BANKNIFTY-II.NFO,14/10/2024,09:33:32,51918,51915.4,15,51925,15,0,363630
BANKNIFTY-II.NFO,14/10/2024,09:33:34,51915.45,51915.55,30,51925,15,15,363630
BANKNIFTY-II.NFO,14/10/2024,09:33:36,51915.45,51918,180,51925,15,0,363630
BANKNIFTY-II.NFO,14/10/2024,09:33:38,51925,51923,180,51934.9,15,15,363630
BANKNIFTY-II.NFO,14/10/2024,09:33:39,51925,51926,180,51934.9,15,0,363630
BANKNIFTY-II.NFO,14/10/2024,09:33:43,51925,51925,150,51934.9,15,60,363630
BANKNIFTY-II.NFO,14/10/2024,09:33:44,51925,51927.05,15,51934.9,15,0,363630
BANKNIFTY-II.NFO,14/10/2024,09:33:46,51925,51926.65,75,51934.9,15,0,363630
BANKNIFTY-II.NFO,14/10/2024,09:33:48,51925,51926,150,51934.9,15,0,363630
BANKNIFTY-II.NFO,14/10/2024,09:33:49,51925,51926.05,90,51934.9,15,0,363630
BANKNIFTY-II.NFO,14/10/2024,09:33:51,51925,51926.35,15,51934.9,15,0,363630
BANKNIFTY-II.NFO,14/10/2024,09:33:53,51925,51930.15,15,51934.9,15,0,363630
BANKNIFTY-II.NFO,14/10/2024,09:33:54,51934.9,51929.75,15,51935.05,15,15,363270
BANKNIFTY-II.NFO,14/10/2024,09:33:56,51937.6,51938.85,60,51943.8,15,45,363270
BANKNIFTY-II.NFO,14/10/2024,09:33:58,51937.6,51937.15,60,51943.8,15,0,363270
BANKNIFTY-II.NFO,14/10/2024,09:33:59,51937.15,51936.25,30,51943.8,15,30,363270
BANKNIFTY-II.NFO,14/10/2024,09:34:01,51937.15,51933,150,51943.8,15,0,363270
BANKNIFTY-II.NFO,14/10/2024,09:34:03,51937.15,51932.05,15,51943.8,15,0,363270
BANKNIFTY-II.NFO,14/10/2024,09:34:04,51937.15,51930.05,15,51943.75,60,0,363270
BANKNIFTY-II.NFO,14/10/2024,09:34:06,51937.15,51931,150,51943.8,15,0,363270
BANKNIFTY-II.NFO,14/10/2024,09:34:08,51937.15,51932.8,75,51943.8,15,0,363270
BANKNIFTY-II.NFO,14/10/2024,09:34:09,51938.15,51938.15,105,51943.8,15,45,363270
BANKNIFTY-II.NFO,14/10/2024,09:34:11,51938.15,51934.55,30,51943.8,15,0,363270
BANKNIFTY-II.NFO,14/10/2024,09:34:12,51938.15,51935.3,30,51943.8,15,0,363270
BANKNIFTY-II.NFO,14/10/2024,09:34:14,51938.15,51935.6,30,51943.8,15,0,363270
BANKNIFTY-II.NFO,14/10/2024,09:34:16,51938.15,51936.75,15,51943.8,15,0,363270
BANKNIFTY-II.NFO,14/10/2024,09:34:17,51938.15,51938.95,30,51943.8,15,0,363270
BANKNIFTY-II.NFO,14/10/2024,09:34:19,51944.75,51942.3,75,51945,90,30,363270
BANKNIFTY-II.NFO,14/10/2024,09:34:21,51944.75,51939.8,15,51945,90,0,363270
BANKNIFTY-II.NFO,14/10/2024,09:34:22,51944.75,51941.2,75,51945,90,0,363270
BANKNIFTY-II.NFO,14/10/2024,09:34:24,51944.75,51941.45,75,51948,15,0,363270
BANKNIFTY-II.NFO,14/10/2024,09:34:26,51944.75,51942.6,75,51948,15,0,363270
BANKNIFTY-II.NFO,14/10/2024,09:34:27,51944.75,51940.7,75,51948,15,0,363270
BANKNIFTY-II.NFO,14/10/2024,09:34:29,51944.75,51940.85,15,51948,15,0,363270
BANKNIFTY-II.NFO,14/10/2024,09:34:31,51944.75,51939.05,90,51948,15,0,363270
BANKNIFTY-II.NFO,14/10/2024,09:34:32,51944.75,51939.75,15,51948,15,0,363270
BANKNIFTY-II.NFO,14/10/2024,09:34:34,51948,51939.75,15,51949,120,15,363270
BANKNIFTY-II.NFO,14/10/2024,09:34:36,51949,51939.75,15,51949,75,45,363270
BANKNIFTY-II.NFO,14/10/2024,09:34:37,51949,51939.75,15,51949,75,0,363270
BANKNIFTY-II.NFO,14/10/2024,09:34:41,51949,51943.55,75,51949,105,0,363270
BANKNIFTY-II.NFO,14/10/2024,09:34:42,51949,51942.35,15,51949,30,0,363270
BANKNIFTY-II.NFO,14/10/2024,09:34:46,51949,51942.35,15,51949,15,15,363270
BANKNIFTY-II.NFO,14/10/2024,09:34:47,51949,51942.35,15,51949,555,0,363270
BANKNIFTY-II.NFO,14/10/2024,09:34:49,51942.35,51939.25,15,51949,555,15,363270
BANKNIFTY-II.NFO,14/10/2024,09:34:51,51939.25,51939.2,150,51949,555,15,363270
BANKNIFTY-II.NFO,14/10/2024,09:34:52,51939.25,51941.35,465,51949,555,0,363270
BANKNIFTY-II.NFO,14/10/2024,09:34:55,51939.25,51945.15,150,51949,555,0,363270
BANKNIFTY-II.NFO,14/10/2024,09:34:57,51939.25,51945.15,150,51949,615,0,363270
BANKNIFTY-II.NFO,14/10/2024,09:35:02,51939.25,51942,300,51949,615,0,363270
BANKNIFTY-II.NFO,14/10/2024,09:35:03,51939.25,51937.65,300,51945,15,0,363270
BANKNIFTY-II.NFO,14/10/2024,09:35:05,51939.25,51936.15,150,51945,15,0,363270
BANKNIFTY-II.NFO,14/10/2024,09:35:07,51939.25,51936,255,51945,15,0,363270
BANKNIFTY-II.NFO,14/10/2024,09:35:08,51939.25,51935.2,300,51944.95,60,0,363270
BANKNIFTY-II.NFO,14/10/2024,09:35:10,51944.65,51929.25,15,51941.1,75,15,363270
BANKNIFTY-II.NFO,14/10/2024,09:35:12,51944.65,51939.25,75,51944.95,75,0,363270
BANKNIFTY-II.NFO,14/10/2024,09:35:13,51939.25,51939.25,60,51944.95,60,15,363270
BANKNIFTY-II.NFO,14/10/2024,09:35:15,51939.25,51939.25,60,51944.95,60,0,363270
BANKNIFTY-II.NFO,14/10/2024,09:35:17,51939.25,51939.25,60,51945,15,0,363270
BANKNIFTY-II.NFO,14/10/2024,09:35:18,51939.25,51939.25,45,51944.95,60,15,363270
BANKNIFTY-II.NFO,14/10/2024,09:35:20,51939.25,51939.25,45,51945,15,0,363270
BANKNIFTY-II.NFO,14/10/2024,09:35:23,51939.25,51939.25,45,51944.95,60,0,363270
BANKNIFTY-II.NFO,14/10/2024,09:35:25,51939.25,51939.25,45,51944.95,75,0,363270
BANKNIFTY-II.NFO,14/10/2024,09:35:27,51939.25,51939.25,15,51944.05,75,30,363270
BANKNIFTY-II.NFO,14/10/2024,09:35:28,51939.25,51939.25,15,51943.95,75,0,363270
BANKNIFTY-II.NFO,14/10/2024,09:35:30,51939.25,51939.25,15,51944.1,15,0,363270
BANKNIFTY-II.NFO,14/10/2024,09:35:32,51932.15,51931,270,51944.05,60,30,363270
BANKNIFTY-II.NFO,14/10/2024,09:35:33,51932.15,51929.15,30,51944.05,75,0,363270
BANKNIFTY-II.NFO,14/10/2024,09:35:35,51932.15,51928.05,30,51943.35,75,0,363270
BANKNIFTY-II.NFO,14/10/2024,09:35:37,51932.15,51930,15,51942.3,15,0,363270
BANKNIFTY-II.NFO,14/10/2024,09:35:38,51941.65,51930.05,60,51944.05,75,75,363270
BANKNIFTY-II.NFO,14/10/2024,09:35:40,51930,51930.6,30,51944.1,15,75,363270
BANKNIFTY-II.NFO,14/10/2024,09:35:42,51933.55,51938.35,75,51944.1,15,15,363270
BANKNIFTY-II.NFO,14/10/2024,09:35:43,51938.7,51941.45,60,51949,615,45,363270
BANKNIFTY-II.NFO,14/10/2024,09:35:45,51938.7,51943.4,60,51949,615,0,363270
BANKNIFTY-II.NFO,14/10/2024,09:35:47,51949,51943.7,60,51949,570,45,363270
BANKNIFTY-II.NFO,14/10/2024,09:35:49,51949,51944.25,60,51949,555,15,363270
BANKNIFTY-II.NFO,14/10/2024,09:35:50,51949,51942,60,51949,555,0,363270
BANKNIFTY-II.NFO,14/10/2024,09:35:52,51949,51942.05,195,51949,555,0,363270
BANKNIFTY-II.NFO,14/10/2024,09:35:54,51943.9,51942.15,165,51949,570,15,363270
BANKNIFTY-II.NFO,14/10/2024,09:35:55,51943.9,51947.55,150,51949,570,0,363270
BANKNIFTY-II.NFO,14/10/2024,09:35:57,51949,51947.1,150,51949,525,45,363270
BANKNIFTY-II.NFO,14/10/2024,09:35:59,51950,51949,270,51950,330,585,363270
BANKNIFTY-II.NFO,14/10/2024,09:36:00,51950,51946,270,51950,330,0,363270
BANKNIFTY-II.NFO,14/10/2024,09:36:02,51950,51948,270,51950,330,0,363270
BANKNIFTY-II.NFO,14/10/2024,09:36:04,51950,51947.05,225,51950,330,0,363270
BANKNIFTY-II.NFO,14/10/2024,09:36:05,51950,51947.55,75,51950,330,0,363270
BANKNIFTY-II.NFO,14/10/2024,09:36:07,51950,51947.05,150,51950,330,0,363270
BANKNIFTY-II.NFO,14/10/2024,09:36:09,51951.35,51951.35,285,51955,30,360,363270
BANKNIFTY-II.NFO,14/10/2024,09:36:09,51955,51951.35,285,51955,30,0,363270
BANKNIFTY-II.NFO,14/10/2024,09:36:10,51955,51951.35,285,51955,15,15,363270
BANKNIFTY-II.NFO,14/10/2024,09:36:12,51955,51951.35,285,51958,15,15,363270
BANKNIFTY-II.NFO,14/10/2024,09:36:13,51952.1,51951.25,300,51957.95,60,15,363270
BANKNIFTY-II.NFO,14/10/2024,09:36:15,51951.35,51955,30,51957.95,60,15,363270
BANKNIFTY-II.NFO,14/10/2024,09:36:17,51955,51955,15,51957.95,60,15,363270
BANKNIFTY-II.NFO,14/10/2024,09:36:18,51955,51955,15,51957.95,60,0,363270
BANKNIFTY-II.NFO,14/10/2024,09:36:22,51957.95,51955,15,51957.95,60,30,363270
BANKNIFTY-II.NFO,14/10/2024,09:36:22,51957.95,51955,15,51957.95,60,0,363270
BANKNIFTY-II.NFO,14/10/2024,09:36:23,51957.95,51955,15,51957.95,60,0,363270
BANKNIFTY-II.NFO,14/10/2024,09:36:28,51957.95,51955,15,51957.8,60,0,363270
BANKNIFTY-II.NFO,14/10/2024,09:36:30,51957.95,51950.2,150,51955,15,0,363270
BANKNIFTY-II.NFO,14/10/2024,09:36:35,51955,51950.2,150,51957.8,60,15,363270
BANKNIFTY-II.NFO,14/10/2024,09:36:36,51950.2,51950.3,150,51957.8,60,15,363270
BANKNIFTY-II.NFO,14/10/2024,09:36:38,51957.8,51950,15,51957.45,75,30,363270
BANKNIFTY-II.NFO,14/10/2024,09:36:40,51957.8,51950,15,51954.95,75,0,363270
BANKNIFTY-II.NFO,14/10/2024,09:36:43,51950,51940,45,51954.05,75,15,363270
BANKNIFTY-II.NFO,14/10/2024,09:36:45,51950,51940,45,51953.75,75,0,363270
BANKNIFTY-II.NFO,14/10/2024,09:36:46,51940,51940,30,51950.8,75,15,363270
BANKNIFTY-II.NFO,14/10/2024,09:36:48,51940,51942.05,165,51954.95,75,0,363270
BANKNIFTY-II.NFO,14/10/2024,09:36:50,51940,51942.45,60,51955,75,0,363270
BANKNIFTY-II.NFO,14/10/2024,09:36:51,51942.45,51941.25,60,51942.45,30,60,363285
BANKNIFTY-II.NFO,14/10/2024,09:36:53,51941.25,51941.25,45,51955,60,45,363285
BANKNIFTY-II.NFO,14/10/2024,09:36:55,51941.25,51941.25,45,51955,60,0,363285
BANKNIFTY-II.NFO,14/10/2024,09:36:56,51941.25,51943.05,45,51955,45,0,363285
BANKNIFTY-II.NFO,14/10/2024,09:36:58,51941.25,51942.05,45,51954.95,45,0,363285
BANKNIFTY-II.NFO,14/10/2024,09:37:00,51941.25,51941.25,15,51954.95,15,30,363285
BANKNIFTY-II.NFO,14/10/2024,09:37:01,51941.25,51941.25,15,51954.9,45,0,363285
BANKNIFTY-II.NFO,14/10/2024,09:37:03,51941.25,51941.2,150,51954.9,45,15,363285
BANKNIFTY-II.NFO,14/10/2024,09:37:05,51941.25,51941.2,150,51953.05,45,0,363285
BANKNIFTY-II.NFO,14/10/2024,09:37:06,51941,51940,30,51941,15,15,363285
BANKNIFTY-II.NFO,14/10/2024,09:37:08,51941,51940,30,51941,15,0,363285
BANKNIFTY-II.NFO,14/10/2024,09:37:09,51951.8,51940,195,51942.05,90,60,363285
BANKNIFTY-II.NFO,14/10/2024,09:37:11,51951.8,51940,30,51942.05,90,0,363285
BANKNIFTY-II.NFO,14/10/2024,09:37:13,51951.8,51940,195,51942.05,90,0,363285
BANKNIFTY-II.NFO,14/10/2024,09:37:14,51951.8,51941,165,51942.05,90,0,363285
BANKNIFTY-II.NFO,14/10/2024,09:37:16,51951.8,51940,30,51942.05,90,0,363285
BANKNIFTY-II.NFO,14/10/2024,09:37:18,51951.8,51940,195,51942.05,90,0,363285
BANKNIFTY-II.NFO,14/10/2024,09:37:19,51951.8,51941,165,51942.05,90,0,363285
BANKNIFTY-II.NFO,14/10/2024,09:37:21,51944,51943,90,51955.65,15,135,363285
BANKNIFTY-II.NFO,14/10/2024,09:37:23,51950.2,51954.8,75,51957.8,15,15,363285
BANKNIFTY-II.NFO,14/10/2024,09:37:24,51950.2,51952,105,51957.8,15,0,363285
BANKNIFTY-II.NFO,14/10/2024,09:37:26,51950.2,51953.3,75,51957.8,15,0,363285
BANKNIFTY-II.NFO,14/10/2024,09:37:28,51950.2,51955.85,75,51957.8,15,0,363285
BANKNIFTY-II.NFO,14/10/2024,09:37:29,51950.2,51952.1,75,51957.8,15,0,363285
BANKNIFTY-II.NFO,14/10/2024,09:37:31,51950.2,51955.15,150,51957.8,15,0,363285
BANKNIFTY-II.NFO,14/10/2024,09:37:33,51959,51955.15,150,51959,60,45,363285
BANKNIFTY-II.NFO,14/10/2024,09:37:33,51959,51955.15,150,51959,60,0,363285
BANKNIFTY-II.NFO,14/10/2024,09:37:34,51959.2,51959.2,75,51960,105,75,363285
BANKNIFTY-II.NFO,14/10/2024,09:37:34,51959.2,51959.2,75,51960,105,0,363285
BANKNIFTY-II.NFO,14/10/2024,09:37:36,51959.2,51959.2,75,51960,105,0,363285
BANKNIFTY-II.NFO,14/10/2024,09:37:41,51959.2,51955,15,51960,105,0,363285
BANKNIFTY-II.NFO,14/10/2024,09:37:43,51960,51960.2,45,51965,15,105,363285
BANKNIFTY-II.NFO,14/10/2024,09:37:43,51960,51960.2,45,51965,15,0,363285
BANKNIFTY-II.NFO,14/10/2024,09:37:44,51960,51960.2,45,51965,15,0,363285
BANKNIFTY-II.NFO,14/10/2024,09:37:46,51960,51954,105,51955,45,0,363285
BANKNIFTY-II.NFO,14/10/2024,09:37:48,51954.3,51951,105,51955,15,45,363285
BANKNIFTY-II.NFO,14/10/2024,09:37:49,51954.3,51951,105,51955,15,0,363285
BANKNIFTY-II.NFO,14/10/2024,09:37:51,51955,51951,105,51964.8,75,15,363285
BANKNIFTY-II.NFO,14/10/2024,09:37:53,51952.3,51952.05,285,51964.95,75,15,363285
BANKNIFTY-II.NFO,14/10/2024,09:37:54,51952.3,51952.35,30,51965,15,0,363285
BANKNIFTY-II.NFO,14/10/2024,09:37:56,51952.35,51952,90,51960,15,30,363285
BANKNIFTY-II.NFO,14/10/2024,09:37:58,51953,51953.3,15,51960,15,90,363285
BANKNIFTY-II.NFO,14/10/2024,09:37:59,51960,51954.1,360,51965,15,15,363285
BANKNIFTY-II.NFO,14/10/2024,09:38:01,51960,51954.65,105,51965,15,0,363285
BANKNIFTY-II.NFO,14/10/2024,09:38:03,51960,51954.05,15,51965,15,0,363285
BANKNIFTY-II.NFO,14/10/2024,09:38:04,51960,51952.35,30,51965,15,15,363285
BANKNIFTY-II.NFO,14/10/2024,09:38:06,51956.05,51956.05,30,51965,15,15,363285
BANKNIFTY-II.NFO,14/10/2024,09:38:08,51970,51965.2,165,51970,60,45,363285
BANKNIFTY-II.NFO,14/10/2024,09:38:08,51970,51965.2,165,51970,60,0,363285
BANKNIFTY-II.NFO,14/10/2024,09:38:09,51970,51963.9,195,51970,30,30,363285
BANKNIFTY-II.NFO,14/10/2024,09:38:11,51970,51958.55,15,51970,30,0,363285
BANKNIFTY-II.NFO,14/10/2024,09:38:13,51970,51962.05,15,51970,30,0,363285
BANKNIFTY-II.NFO,14/10/2024,09:38:14,51970,51960.05,30,51970,30,0,363285
BANKNIFTY-II.NFO,14/10/2024,09:38:16,51970,51964.9,150,51970,30,0,363285
BANKNIFTY-II.NFO,14/10/2024,09:38:27,51970,51964.95,300,51970,15,15,363285
BANKNIFTY-II.NFO,14/10/2024,09:38:29,51964.9,51964.9,135,51970,30,15,363285
BANKNIFTY-II.NFO,14/10/2024,09:38:31,51964.9,51960.6,300,51970,30,15,363285
BANKNIFTY-II.NFO,14/10/2024,09:38:32,51964.9,51961.2,300,51970,45,0,363285
BANKNIFTY-II.NFO,14/10/2024,09:38:34,51970,51962.4,300,51970,30,15,363285
BANKNIFTY-II.NFO,14/10/2024,09:38:36,51970,51962.45,300,51970,30,0,363285
BANKNIFTY-II.NFO,14/10/2024,09:38:39,51970,51960.7,300,51970,30,0,363285
BANKNIFTY-II.NFO,14/10/2024,09:38:41,51960.2,51960,30,51970,30,75,363285
BANKNIFTY-II.NFO,14/10/2024,09:38:42,51962.25,51962.25,285,51970,30,15,363285
BANKNIFTY-II.NFO,14/10/2024,09:38:44,51962.05,51961.45,285,51970,30,15,363285
BANKNIFTY-II.NFO,14/10/2024,09:38:46,51962.05,51962.05,270,51970,30,15,363285
BANKNIFTY-II.NFO,14/10/2024,09:38:47,51962.05,51962.05,15,51969.95,60,0,363285
BANKNIFTY-II.NFO,14/10/2024,09:38:49,51962.05,51960,30,51969.45,60,0,363285
BANKNIFTY-II.NFO,14/10/2024,09:38:50,51962.05,51960,30,51969.05,75,0,363285
BANKNIFTY-II.NFO,14/10/2024,09:38:52,51962.05,51960.05,15,51968.5,30,0,363285
BANKNIFTY-II.NFO,14/10/2024,09:38:54,51962.05,51960.05,15,51968.65,60,0,363285
BANKNIFTY-II.NFO,14/10/2024,09:38:55,51962.05,51960,30,51967.95,75,0,363285
BANKNIFTY-II.NFO,14/10/2024,09:38:57,51962.05,51960,30,51966.6,75,0,363285
BANKNIFTY-II.NFO,14/10/2024,09:38:59,51962.05,51960,30,51962,60,0,363285
BANKNIFTY-II.NFO,14/10/2024,09:39:00,51962.05,51960,30,51962.05,15,0,363285
BANKNIFTY-II.NFO,14/10/2024,09:39:02,51960,51960,15,51962.05,15,15,363285
BANKNIFTY-II.NFO,14/10/2024,09:39:04,51960,51951.65,15,51962.05,15,15,363285
BANKNIFTY-II.NFO,14/10/2024,09:39:05,51962.05,51956.05,15,51967.4,75,15,363285
BANKNIFTY-II.NFO,14/10/2024,09:39:07,51962.05,51952.05,15,51963.85,30,0,363285
BANKNIFTY-II.NFO,14/10/2024,09:39:09,51964.25,51952.55,300,51964.95,75,15,363285
BANKNIFTY-II.NFO,14/10/2024,09:39:10,51964.25,51952.45,300,51965.5,60,0,363285
BANKNIFTY-II.NFO,14/10/2024,09:39:12,51964.25,51954.05,15,51967.05,75,0,363285
BANKNIFTY-II.NFO,14/10/2024,09:39:14,51964.25,51952.9,300,51964,15,0,363285
BANKNIFTY-II.NFO,14/10/2024,09:39:15,51964.25,51955.25,300,51964,15,0,363285
BANKNIFTY-II.NFO,14/10/2024,09:39:17,51964.25,51955.1,300,51964,15,0,363285
BANKNIFTY-II.NFO,14/10/2024,09:39:19,51954.95,51954.95,300,51964,15,15,363285
BANKNIFTY-II.NFO,14/10/2024,09:39:20,51954.95,51956.55,300,51964,15,0,363285
BANKNIFTY-II.NFO,14/10/2024,09:39:22,51954.95,51953.75,165,51964,15,0,363285
BANKNIFTY-II.NFO,14/10/2024,09:39:24,51954.95,51953,300,51963.95,45,0,363285
BANKNIFTY-II.NFO,14/10/2024,09:39:25,51954.95,51959.25,150,51964,15,0,363285
BANKNIFTY-II.NFO,14/10/2024,09:39:27,51954,51953.65,285,51964,15,15,363285
BANKNIFTY-II.NFO,14/10/2024,09:39:29,51954,51948.8,15,51961.65,45,0,363285
BANKNIFTY-II.NFO,14/10/2024,09:39:30,51954,51948.8,15,51960.8,45,0,363285
BANKNIFTY-II.NFO,14/10/2024,09:39:32,51954,51948.8,15,51961.65,45,0,363285
BANKNIFTY-II.NFO,14/10/2024,09:39:34,51954,51948.8,15,51958.5,45,0,363285
BANKNIFTY-II.NFO,14/10/2024,09:39:35,51954,51948.8,15,51959.95,45,0,363285
BANKNIFTY-II.NFO,14/10/2024,09:39:37,51954,51948.8,15,51960.45,45,0,363285
BANKNIFTY-II.NFO,14/10/2024,09:39:39,51954,51945.4,30,51960.4,15,0,363285
BANKNIFTY-II.NFO,14/10/2024,09:39:40,51960.75,51948.8,15,51961,45,75,363285
BANKNIFTY-II.NFO,14/10/2024,09:39:42,51960.75,51952.5,75,51963.95,60,0,363285
BANKNIFTY-II.NFO,14/10/2024,09:39:44,51960.75,51945.35,30,51960.75,30,0,363285
BANKNIFTY-II.NFO,14/10/2024,09:39:45,51960.75,51946.4,30,51960.95,15,0,363285
BANKNIFTY-II.NFO,14/10/2024,09:39:47,51960.75,51949.6,15,51962.9,15,0,363285
BANKNIFTY-II.NFO,14/10/2024,09:39:49,51960.75,51951.85,15,51963.95,45,0,363285
BANKNIFTY-II.NFO,14/10/2024,09:39:50,51960.75,51945.25,45,51960.6,30,0,363285
BANKNIFTY-II.NFO,14/10/2024,09:39:52,51960.75,51945.25,45,51960.75,15,0,363285
BANKNIFTY-II.NFO,14/10/2024,09:39:54,51960.75,51945.25,30,51960.55,30,0,363285
BANKNIFTY-II.NFO,14/10/2024,09:39:55,51960.75,51943.3,45,51959.35,45,0,363285
BANKNIFTY-II.NFO,14/10/2024,09:39:57,51960.75,51943.3,15,51958.95,45,0,363285
BANKNIFTY-II.NFO,14/10/2024,09:39:59,51960.75,51944.25,30,51960.2,45,0,363285
BANKNIFTY-II.NFO,14/10/2024,09:40:00,51960.75,51942.65,45,51959.7,30,0,363285
BANKNIFTY-II.NFO,14/10/2024,09:40:02,51960.75,51948.8,45,51959.7,15,0,363285
BANKNIFTY-II.NFO,14/10/2024,09:40:04,51960.75,51950.5,15,51959.7,15,0,363285
BANKNIFTY-II.NFO,14/10/2024,09:40:05,51960.75,51950.05,30,51959.7,15,0,363285
BANKNIFTY-II.NFO,14/10/2024,09:40:07,51960.75,51952.05,30,51959.7,15,0,363285
BANKNIFTY-II.NFO,14/10/2024,09:40:09,51960.75,51954.05,15,51960,15,0,363285
BANKNIFTY-II.NFO,14/10/2024,09:40:10,51960.75,51952.75,75,51960,15,0,363285
BANKNIFTY-II.NFO,14/10/2024,09:40:12,51960.75,51950.05,30,51960,15,0,363285
BANKNIFTY-II.NFO,14/10/2024,09:40:14,51960.75,51950.1,165,51960,15,0,363285
BANKNIFTY-II.NFO,14/10/2024,09:40:15,51960,51960.2,135,51960.75,15,15,362985
BANKNIFTY-II.NFO,14/10/2024,09:40:17,51960,51960.2,135,51960.75,15,0,362985
BANKNIFTY-II.NFO,14/10/2024,09:40:22,51960.2,51960.2,90,51960.75,15,45,362985
BANKNIFTY-II.NFO,14/10/2024,09:40:24,51960.2,51960.2,60,51960.75,15,30,362985
BANKNIFTY-II.NFO,14/10/2024,09:40:25,51960.2,51960.2,60,51960.75,15,0,362985
BANKNIFTY-II.NFO,14/10/2024,09:40:27,51960.2,51960.2,15,51960.75,15,45,362985
BANKNIFTY-II.NFO,14/10/2024,09:40:29,51960.2,51960.2,15,51960.75,15,0,362985
BANKNIFTY-II.NFO,14/10/2024,09:40:34,51960.75,51960.2,15,51961,15,15,362985
BANKNIFTY-II.NFO,14/10/2024,09:40:35,51960.75,51960.2,15,51961,15,0,362985
BANKNIFTY-II.NFO,14/10/2024,09:40:40,51960.75,51960.75,15,51961,15,0,362985
BANKNIFTY-II.NFO,14/10/2024,09:40:49,51961,51955.2,150,51963.75,60,15,362985
BANKNIFTY-II.NFO,14/10/2024,09:40:50,51961,51949.35,30,51957.95,15,0,362985
BANKNIFTY-II.NFO,14/10/2024,09:40:52,51961,51946.7,30,51957.95,15,0,362985
BANKNIFTY-II.NFO,14/10/2024,09:40:54,51961,51945.85,30,51957.95,15,0,362985
BANKNIFTY-II.NFO,14/10/2024,09:40:55,51961,51945.85,45,51957.95,15,0,362985
BANKNIFTY-II.NFO,14/10/2024,09:40:57,51961,51949.3,30,51961,30,0,362985
BANKNIFTY-II.NFO,14/10/2024,09:40:59,51961,51946.6,15,51960.95,45,0,362985
BANKNIFTY-II.NFO,14/10/2024,09:41:00,51961,51946.6,15,51959.95,15,0,362985
BANKNIFTY-II.NFO,14/10/2024,09:41:02,51961,51946.6,15,51957.9,45,0,362985
BANKNIFTY-II.NFO,14/10/2024,09:41:04,51961,51945.5,15,51955.15,30,0,362985
BANKNIFTY-II.NFO,14/10/2024,09:41:05,51961,51945,15,51953.95,30,0,362985
BANKNIFTY-II.NFO,14/10/2024,09:41:07,51961,51945,15,51955.85,45,0,362985
BANKNIFTY-II.NFO,14/10/2024,09:41:08,51961,51945,15,51957,15,0,362985
BANKNIFTY-II.NFO,14/10/2024,09:41:10,51961,51945,15,51957.95,30,0,362985
BANKNIFTY-II.NFO,14/10/2024,09:41:12,51961,51945,15,51957.95,15,0,362985
BANKNIFTY-II.NFO,14/10/2024,09:41:15,51961,51950.95,90,51960.75,30,0,362985
BANKNIFTY-II.NFO,14/10/2024,09:41:17,51950.95,51951,60,51960.75,30,30,362985
BANKNIFTY-II.NFO,14/10/2024,09:41:18,51954.2,51955.2,45,51960.75,15,30,362985
BANKNIFTY-II.NFO,14/10/2024,09:41:20,51954.4,51953.55,30,51960.75,15,15,362985
BANKNIFTY-II.NFO,14/10/2024,09:41:22,51954.4,51954.45,30,51960.75,15,0,362985
BANKNIFTY-II.NFO,14/10/2024,09:41:23,51954.4,51950.15,30,51960,15,0,362985
BANKNIFTY-II.NFO,14/10/2024,09:41:25,51954.4,51948.45,30,51958,15,0,362985
BANKNIFTY-II.NFO,14/10/2024,09:41:27,51958,51948.35,30,51960,15,15,362985
BANKNIFTY-II.NFO,14/10/2024,09:41:28,51958,51949.2,30,51960,15,0,362985
BANKNIFTY-II.NFO,14/10/2024,09:41:30,51958,51947.35,30,51960,90,0,362985
BANKNIFTY-II.NFO,14/10/2024,09:41:32,51958,51948.2,30,51957.95,15,0,362985
BANKNIFTY-II.NFO,14/10/2024,09:41:33,51958,51947.45,30,51957.95,15,0,362985
BANKNIFTY-II.NFO,14/10/2024,09:41:35,51958,51945.7,30,51957.95,15,0,362985
BANKNIFTY-II.NFO,14/10/2024,09:41:37,51958,51945,30,51957.9,60,0,362985
BANKNIFTY-II.NFO,14/10/2024,09:41:38,51958,51945,15,51956.85,60,0,362985
BANKNIFTY-II.NFO,14/10/2024,09:41:40,51958,51945,15,51956.95,60,0,362985
BANKNIFTY-II.NFO,14/10/2024,09:41:42,51948.4,51947.95,75,51957.95,15,30,362985
BANKNIFTY-II.NFO,14/10/2024,09:41:43,51948.4,51952.45,75,51957.95,15,0,362985
BANKNIFTY-II.NFO,14/10/2024,09:41:45,51948.4,51952.75,75,51957.95,15,0,362985
BANKNIFTY-II.NFO,14/10/2024,09:41:47,51948.4,51951,75,51955,15,0,362985
BANKNIFTY-II.NFO,14/10/2024,09:41:48,51948.4,51952.95,75,51955,15,0,362985
BANKNIFTY-II.NFO,14/10/2024,09:41:50,51955,51954.95,60,51957.95,15,15,362985
BANKNIFTY-II.NFO,14/10/2024,09:41:52,51960,51958.05,15,51960.75,15,60,362985
BANKNIFTY-II.NFO,14/10/2024,09:41:53,51960,51953.25,150,51960,15,0,362985
BANKNIFTY-II.NFO,14/10/2024,09:41:55,51960,51952.55,90,51960,15,0,362985
BANKNIFTY-II.NFO,14/10/2024,09:41:57,51960,51952.9,15,51960,15,0,362985
BANKNIFTY-II.NFO,14/10/2024,09:41:58,51960,51955.05,90,51960,30,0,362985
BANKNIFTY-II.NFO,14/10/2024,09:42:00,51960,51956.75,15,51960,30,0,362985
BANKNIFTY-II.NFO,14/10/2024,09:42:02,51955.8,51953.7,45,51960,30,30,362985
BANKNIFTY-II.NFO,14/10/2024,09:42:03,51955.8,51952.55,60,51960,30,0,362985
BANKNIFTY-II.NFO,14/10/2024,09:42:05,51955.8,51954.3,15,51960,30,0,362985
BANKNIFTY-II.NFO,14/10/2024,09:42:07,51955.8,51951.95,15,51960,30,0,362985
BANKNIFTY-II.NFO,14/10/2024,09:42:08,51955.8,51953.5,15,51960,30,0,362985
BANKNIFTY-II.NFO,14/10/2024,09:42:10,51955.8,51953.05,315,51960,30,0,362985
BANKNIFTY-II.NFO,14/10/2024,09:42:11,51960,51954.5,15,51960,15,15,362985
BANKNIFTY-II.NFO,14/10/2024,09:42:13,51960,51953.75,15,51960,15,0,362985
BANKNIFTY-II.NFO,14/10/2024,09:42:15,51960,51950.05,15,51960,15,0,362985
BANKNIFTY-II.NFO,14/10/2024,09:42:16,51960,51955.4,15,51960,15,0,362985
BANKNIFTY-II.NFO,14/10/2024,09:42:18,51960,51956.2,150,51960,30,0,362985
BANKNIFTY-II.NFO,14/10/2024,09:42:22,51956.2,51955.25,360,51960,30,30,362985
BANKNIFTY-II.NFO,14/10/2024,09:42:23,51956.2,51955.25,360,51960,30,0,362985
BANKNIFTY-II.NFO,14/10/2024,09:42:25,51956.2,51955.2,150,51960,30,0,362985
BANKNIFTY-II.NFO,14/10/2024,09:42:33,51960,51957.7,15,51960,15,15,362985
BANKNIFTY-II.NFO,14/10/2024,09:42:35,51957.7,51955.2,150,51960,15,15,362985
BANKNIFTY-II.NFO,14/10/2024,09:42:36,51960,51958.05,15,51968.1,60,15,362985
BANKNIFTY-II.NFO,14/10/2024,09:42:38,51960,51958.05,15,51967.85,75,0,362985
BANKNIFTY-II.NFO,14/10/2024,09:42:40,51960,51960,135,51968.85,75,15,362985
BANKNIFTY-II.NFO,14/10/2024,09:42:41,51960,51960,135,51968.95,60,0,362985
BANKNIFTY-II.NFO,14/10/2024,09:42:43,51960,51960,120,51970,180,15,362985
BANKNIFTY-II.NFO,14/10/2024,09:42:45,51960,51960,120,51970,30,0,362985
BANKNIFTY-II.NFO,14/10/2024,09:42:48,51960,51964.9,150,51970,30,0,362985
BANKNIFTY-II.NFO,14/10/2024,09:42:50,51964.9,51960,120,51970,30,15,362970
BANKNIFTY-II.NFO,14/10/2024,09:42:51,51964.9,51960,120,51970,30,0,362970
BANKNIFTY-II.NFO,14/10/2024,09:42:53,51960,51960,105,51970,30,15,362970
BANKNIFTY-II.NFO,14/10/2024,09:42:55,51960,51960,90,51970,30,15,362970
BANKNIFTY-II.NFO,14/10/2024,09:42:56,51960,51960.05,195,51970,30,0,362970
BANKNIFTY-II.NFO,14/10/2024,09:42:58,51960,51960.95,45,51970,30,0,362970
BANKNIFTY-II.NFO,14/10/2024,09:43:00,51961.35,51962.45,75,51970,30,15,362970
BANKNIFTY-II.NFO,14/10/2024,09:43:01,51961.35,51961.55,165,51970,30,0,362970
BANKNIFTY-II.NFO,14/10/2024,09:43:03,51961.35,51960.1,15,51970,30,0,362970
BANKNIFTY-II.NFO,14/10/2024,09:43:05,51961.35,51960,105,51970,30,0,362970
BANKNIFTY-II.NFO,14/10/2024,09:43:06,51961.35,51960.15,150,51970,45,0,362970
BANKNIFTY-II.NFO,14/10/2024,09:43:10,51961.35,51960.35,15,51963,15,0,362970
BANKNIFTY-II.NFO,14/10/2024,09:43:11,51963,51961.1,45,51970,45,15,362970
BANKNIFTY-II.NFO,14/10/2024,09:43:13,51963,51966.1,75,51970,45,0,362970
BANKNIFTY-II.NFO,14/10/2024,09:43:15,51974.2,51973.85,15,51975,75,75,362970
BANKNIFTY-II.NFO,14/10/2024,09:43:15,51974.2,51973.85,15,51975,75,0,362970
BANKNIFTY-II.NFO,14/10/2024,09:43:16,51970.75,51970.15,165,51975,75,45,362970
BANKNIFTY-II.NFO,14/10/2024,09:43:18,51970.75,51970.15,165,51975,75,0,362970
BANKNIFTY-II.NFO,14/10/2024,09:43:20,51970.75,51970.15,150,51975,75,0,362970
BANKNIFTY-II.NFO,14/10/2024,09:43:21,51970.75,51970.15,165,51975,75,0,362970
BANKNIFTY-II.NFO,14/10/2024,09:43:25,51977.7,51977.9,150,51980,90,285,362970
BANKNIFTY-II.NFO,14/10/2024,09:43:25,51978,51977.9,150,51980,90,0,362970
BANKNIFTY-II.NFO,14/10/2024,09:43:26,51985,51980.45,150,51986,150,120,362970
BANKNIFTY-II.NFO,14/10/2024,09:43:26,51985,51980.45,150,51986,150,0,362970
BANKNIFTY-II.NFO,14/10/2024,09:43:28,51985,51983,150,51986,150,0,362970
BANKNIFTY-II.NFO,14/10/2024,09:43:30,51990,51988.1,60,51990,165,300,362970
BANKNIFTY-II.NFO,14/10/2024,09:43:30,51990,51988.1,60,51990,165,0,362970
BANKNIFTY-II.NFO,14/10/2024,09:43:31,51999.9,51990.2,300,51999.9,60,465,362970
BANKNIFTY-II.NFO,14/10/2024,09:43:31,51999.9,51990.2,300,51999.9,60,0,362970
BANKNIFTY-II.NFO,14/10/2024,09:43:33,51992.05,51990.55,300,51999.9,60,15,362970
BANKNIFTY-II.NFO,14/10/2024,09:43:35,51992.05,51986.3,150,51999.85,30,0,362970
BANKNIFTY-II.NFO,14/10/2024,09:43:36,51999.9,51996.4,15,52000,1110,75,362970
BANKNIFTY-II.NFO,14/10/2024,09:43:38,52000,51992.55,300,52000,1005,120,362970
BANKNIFTY-II.NFO,14/10/2024,09:43:38,52000,51992.55,300,52000,1005,0,362970
BANKNIFTY-II.NFO,14/10/2024,09:43:40,52000,51990.55,150,52000,945,60,362970
BANKNIFTY-II.NFO,14/10/2024,09:43:41,51992.4,51992.35,285,52000,945,15,362970
BANKNIFTY-II.NFO,14/10/2024,09:43:43,52005,51998.45,165,52005,15,960,362970
BANKNIFTY-II.NFO,14/10/2024,09:43:43,52005,51998.45,165,52005,15,0,362970
BANKNIFTY-II.NFO,14/10/2024,09:43:45,52010,52002.4,165,52010,30,75,362970
BANKNIFTY-II.NFO,14/10/2024,09:43:45,52010,52002.4,165,52010,30,0,362970
BANKNIFTY-II.NFO,14/10/2024,09:43:46,52010,52007.75,300,52015.95,15,60,362970
BANKNIFTY-II.NFO,14/10/2024,09:43:48,52025,52022.15,75,52025,90,270,362970
BANKNIFTY-II.NFO,14/10/2024,09:43:48,52025,52022.15,75,52025,90,0,362970
BANKNIFTY-II.NFO,14/10/2024,09:43:50,52025,52021.5,75,52025,15,75,362970
BANKNIFTY-II.NFO,14/10/2024,09:43:51,52027.7,52027,75,52029,15,30,362970
BANKNIFTY-II.NFO,14/10/2024,09:43:51,52027.7,52027,75,52029,15,0,362970
BANKNIFTY-II.NFO,14/10/2024,09:43:53,52036.8,52031.55,105,52040,15,45,362970
BANKNIFTY-II.NFO,14/10/2024,09:43:53,52036.8,52031.55,105,52040,15,0,362970
BANKNIFTY-II.NFO,14/10/2024,09:43:55,52034,52034.05,105,52040,15,15,362970
BANKNIFTY-II.NFO,14/10/2024,09:43:56,52040,52038.65,15,52045,15,15,362970
BANKNIFTY-II.NFO,14/10/2024,09:43:56,52040,52038.65,15,52045,15,0,362970
BANKNIFTY-II.NFO,14/10/2024,09:43:58,52045,52043.45,165,52050,45,15,362970
BANKNIFTY-II.NFO,14/10/2024,09:43:58,52045,52043.45,165,52050,45,0,362970
BANKNIFTY-II.NFO,14/10/2024,09:44:00,52050,52046.9,120,52051,15,45,362970
BANKNIFTY-II.NFO,14/10/2024,09:44:00,52050,52046.9,120,52051,15,0,362970
BANKNIFTY-II.NFO,14/10/2024,09:44:01,52051,52049.2,150,52052,15,30,362970
BANKNIFTY-II.NFO,14/10/2024,09:44:01,52051,52049.2,150,52052,15,0,362970
BANKNIFTY-II.NFO,14/10/2024,09:44:03,52052,52051,105,52055,15,15,362970
BANKNIFTY-II.NFO,14/10/2024,09:44:03,52052,52051,105,52055,15,0,362970
BANKNIFTY-II.NFO,14/10/2024,09:44:05,52099.45,52086.15,75,52093,75,1890,362970
BANKNIFTY-II.NFO,14/10/2024,09:44:05,52099.45,52086.15,75,52093,75,0,362970
BANKNIFTY-II.NFO,14/10/2024,09:44:06,52099.45,52088.05,15,52091,180,0,362970
BANKNIFTY-II.NFO,14/10/2024,09:44:08,52099.45,52089.1,15,52094,75,0,362970
BANKNIFTY-II.NFO,14/10/2024,09:44:10,52099.45,52084.3,15,52095.35,30,0,362970
BANKNIFTY-II.NFO,14/10/2024,09:44:11,52099.45,52082.05,15,52092.35,30,0,362970
BANKNIFTY-II.NFO,14/10/2024,09:44:13,52079.35,52078.05,15,52087.7,30,75,362970
BANKNIFTY-II.NFO,14/10/2024,09:44:15,52072.1,52072.1,75,52079.85,75,15,362970
BANKNIFTY-II.NFO,14/10/2024,09:44:16,52069.15,52071.25,75,52078.85,150,30,362970
BANKNIFTY-II.NFO,14/10/2024,09:44:18,52069.15,52069.3,15,52073,15,0,362970
BANKNIFTY-II.NFO,14/10/2024,09:44:20,52068.45,52067.2,255,52077.95,15,45,362970
BANKNIFTY-II.NFO,14/10/2024,09:44:21,52076.2,52067.2,105,52077.35,45,90,362970
BANKNIFTY-II.NFO,14/10/2024,09:44:23,52071.1,52069.75,30,52079.35,15,60,362970
BANKNIFTY-II.NFO,14/10/2024,09:44:25,52071.1,52068.35,30,52079.35,15,0,362970
BANKNIFTY-II.NFO,14/10/2024,09:44:26,52068.3,52067.15,60,52079.35,15,60,362970
BANKNIFTY-II.NFO,14/10/2024,09:44:28,52067.15,52070,15,52071.1,45,15,362970
BANKNIFTY-II.NFO,14/10/2024,09:44:30,52070,52057.25,45,52068.3,60,15,362970
BANKNIFTY-II.NFO,14/10/2024,09:44:31,52055.1,52056.95,60,52068.3,30,75,362970
BANKNIFTY-II.NFO,14/10/2024,09:44:33,52060.3,52064.9,15,52068.3,30,30,362970
BANKNIFTY-II.NFO,14/10/2024,09:44:35,52060.3,52066.2,105,52068.3,30,0,362970
BANKNIFTY-II.NFO,14/10/2024,09:44:36,52075.95,52069.65,45,52076.5,75,195,362970
BANKNIFTY-II.NFO,14/10/2024,09:44:38,52076.5,52069.7,90,52079.35,15,45,362970
BANKNIFTY-II.NFO,14/10/2024,09:44:40,52069.7,52069.8,15,52079.35,15,15,362970
BANKNIFTY-II.NFO,14/10/2024,09:44:41,52073,52073,75,52079.35,15,45,362970
BANKNIFTY-II.NFO,14/10/2024,09:44:43,52079.35,52070.4,75,52079.95,15,15,362970
BANKNIFTY-II.NFO,14/10/2024,09:44:45,52080.55,52070.15,45,52081.95,15,30,362970
BANKNIFTY-II.NFO,14/10/2024,09:44:46,52080.55,52069.8,30,52076,15,0,362970
BANKNIFTY-II.NFO,14/10/2024,09:44:48,52076,52074.3,15,52079.95,15,15,362970
BANKNIFTY-II.NFO,14/10/2024,09:44:50,52076,52071.8,75,52081.95,15,0,362970
BANKNIFTY-II.NFO,14/10/2024,09:44:51,52076,52076.4,75,52085.95,15,0,362970
BANKNIFTY-II.NFO,14/10/2024,09:44:53,52086,52079.4,30,52087.95,15,60,362970
BANKNIFTY-II.NFO,14/10/2024,09:44:55,52086,52085.3,15,52095,150,0,362970
BANKNIFTY-II.NFO,14/10/2024,09:44:56,52086.35,52086.6,75,52099,165,15,362970
BANKNIFTY-II.NFO,14/10/2024,09:44:58,52100,52093.8,30,52100,420,150,362970
BANKNIFTY-II.NFO,14/10/2024,09:44:58,52100,52093.8,30,52100,420,0,362970
BANKNIFTY-II.NFO,14/10/2024,09:45:00,52100,52091,60,52100,420,0,362970
BANKNIFTY-II.NFO,14/10/2024,09:45:01,52101,52100.2,60,52110,75,495,362970
BANKNIFTY-II.NFO,14/10/2024,09:45:01,52101,52100.2,60,52110,75,0,362970
BANKNIFTY-II.NFO,14/10/2024,09:45:03,52127.9,52110.8,60,52125.9,30,225,362970
BANKNIFTY-II.NFO,14/10/2024,09:45:03,52127.9,52110.8,60,52125.9,30,0,362970
BANKNIFTY-II.NFO,14/10/2024,09:45:05,52128,52116.05,30,52127,135,15,362970
BANKNIFTY-II.NFO,14/10/2024,09:45:05,52128,52116.05,30,52127,135,0,362970
BANKNIFTY-II.NFO,14/10/2024,09:45:06,52150,52127.35,15,52137.95,15,930,362970
BANKNIFTY-II.NFO,14/10/2024,09:45:06,52150,52127.35,15,52137.95,15,0,362970
BANKNIFTY-II.NFO,14/10/2024,09:45:08,52150,52128.7,60,52137.95,15,0,362970
BANKNIFTY-II.NFO,14/10/2024,09:45:10,52137.95,52126.75,75,52139.95,15,15,362970
BANKNIFTY-II.NFO,14/10/2024,09:45:11,52150,52131.15,30,52141.95,15,900,362970
BANKNIFTY-II.NFO,14/10/2024,09:45:13,52141.95,52131.2,30,52143.95,15,15,362970
BANKNIFTY-II.NFO,14/10/2024,09:45:15,52145.95,52141.65,45,52153.95,15,15,362970
BANKNIFTY-II.NFO,14/10/2024,09:45:16,52145.95,52135.2,60,52141.95,15,0,362970
BANKNIFTY-II.NFO,14/10/2024,09:45:18,52141.95,52139.1,75,52149.95,15,15,362970
BANKNIFTY-II.NFO,14/10/2024,09:45:20,52141.95,52141.35,75,52150,30,0,362970
BANKNIFTY-II.NFO,14/10/2024,09:45:21,52134.2,52137.95,15,52147.95,15,75,362970
BANKNIFTY-II.NFO,14/10/2024,09:45:23,52140.05,52143.05,75,52150,15,30,362970
BANKNIFTY-II.NFO,14/10/2024,09:45:25,52152,52147.95,75,52159.95,15,60,362970
BANKNIFTY-II.NFO,14/10/2024,09:45:25,52152,52147.95,75,52159.95,15,0,362970
BANKNIFTY-II.NFO,14/10/2024,09:45:26,52150,52149.7,60,52160,15,30,362970
BANKNIFTY-II.NFO,14/10/2024,09:45:28,52150.25,52150.35,30,52160,15,120,362970
BANKNIFTY-II.NFO,14/10/2024,09:45:30,52159.95,52150,15,52156.95,30,105,362970
BANKNIFTY-II.NFO,14/10/2024,09:45:30,52159.95,52150,15,52156.95,30,0,362970
BANKNIFTY-II.NFO,14/10/2024,09:45:31,52159.95,52150,15,52152,15,0,362970
BANKNIFTY-II.NFO,14/10/2024,09:45:33,52152,52150,15,52158.95,30,15,362970
BANKNIFTY-II.NFO,14/10/2024,09:45:35,52150,52150,870,52150.2,30,105,362970
BANKNIFTY-II.NFO,14/10/2024,09:45:36,52150,52150,840,52150.25,75,30,362970
BANKNIFTY-II.NFO,14/10/2024,09:45:38,52150,52150,765,52150.25,75,75,362970
BANKNIFTY-II.NFO,14/10/2024,09:45:40,52150.25,52150,720,52150.25,45,75,362970
BANKNIFTY-II.NFO,14/10/2024,09:45:41,52150,52150,690,52150.25,45,30,362970
BANKNIFTY-II.NFO,14/10/2024,09:45:43,52150,52150,660,52150.2,30,30,362970
BANKNIFTY-II.NFO,14/10/2024,09:45:45,52143.9,52128.35,30,52143.8,15,690,362970
BANKNIFTY-II.NFO,14/10/2024,09:45:46,52125,52120.95,75,52133.95,15,30,362970
BANKNIFTY-II.NFO,14/10/2024,09:45:48,52125,52124.65,60,52137,480,0,362970
BANKNIFTY-II.NFO,14/10/2024,09:45:50,52142,52128.75,75,52141,480,120,362220
BANKNIFTY-II.NFO,14/10/2024,09:45:51,52126.1,52127.1,45,52140,480,405,362220
BANKNIFTY-II.NFO,14/10/2024,09:45:53,52130,52129.55,45,52143,480,45,362220
BANKNIFTY-II.NFO,14/10/2024,09:45:55,52130,52133.1,30,52145,480,0,362220
BANKNIFTY-II.NFO,14/10/2024,09:45:56,52130.9,52130.9,15,52142,480,15,362220
BANKNIFTY-II.NFO,14/10/2024,09:45:58,52130,52130.15,15,52139,480,45,362220
BANKNIFTY-II.NFO,14/10/2024,09:46:00,52133.1,52133.45,300,52141,480,15,362220
BANKNIFTY-II.NFO,14/10/2024,09:46:01,52131.75,52134.15,15,52143,480,150,362220
BANKNIFTY-II.NFO,14/10/2024,09:46:03,52135.45,52134.9,30,52148,480,15,362220
BANKNIFTY-II.NFO,14/10/2024,09:46:05,52134.05,52136.25,15,52147,480,15,362220
BANKNIFTY-II.NFO,14/10/2024,09:46:06,52134.05,52133.25,15,52147.5,30,0,362220
BANKNIFTY-II.NFO,14/10/2024,09:46:08,52136.3,52136.85,15,52149.95,30,15,362220
BANKNIFTY-II.NFO,14/10/2024,09:46:10,52148.95,52134.9,30,52149,480,30,362220
BANKNIFTY-II.NFO,14/10/2024,09:46:11,52148,52146,30,52150,135,45,362220
BANKNIFTY-II.NFO,14/10/2024,09:46:13,52150,52137.5,45,52150,570,75,362220
BANKNIFTY-II.NFO,14/10/2024,09:46:14,52150,52138.6,165,52150,105,15,362220
BANKNIFTY-II.NFO,14/10/2024,09:46:16,52150,52146.15,30,52150,75,45,362220
BANKNIFTY-II.NFO,14/10/2024,09:46:18,52146,52138.65,165,52150,90,15,362220
BANKNIFTY-II.NFO,14/10/2024,09:46:19,52150,52138.6,45,52150,540,45,362220
BANKNIFTY-II.NFO,14/10/2024,09:46:21,52146,52143.15,15,52150,60,90,362220
BANKNIFTY-II.NFO,14/10/2024,09:46:23,52150,52144.25,165,52150,45,30,362220
BANKNIFTY-II.NFO,14/10/2024,09:46:24,52150,52147.1,45,52155,495,45,362220
BANKNIFTY-II.NFO,14/10/2024,09:46:26,52155,52146,30,52155,480,30,362220
BANKNIFTY-II.NFO,14/10/2024,09:46:28,52155,52146,15,52153,480,0,362220
BANKNIFTY-II.NFO,14/10/2024,09:46:29,52150.5,52146,15,52156,480,45,362220
BANKNIFTY-II.NFO,14/10/2024,09:46:31,52146,52145.75,300,52155,495,15,362220
BANKNIFTY-II.NFO,14/10/2024,09:46:33,52150,52140,15,52151,480,45,362220
BANKNIFTY-II.NFO,14/10/2024,09:46:34,52140.65,52140,30,52152,480,15,362220
BANKNIFTY-II.NFO,14/10/2024,09:46:36,52140.25,52141.95,15,52155,495,90,362220
BANKNIFTY-II.NFO,14/10/2024,09:46:38,52142.2,52144.2,15,52153.95,60,15,362220
BANKNIFTY-II.NFO,14/10/2024,09:46:39,52144.2,52142.65,90,52155,495,15,362220
BANKNIFTY-II.NFO,14/10/2024,09:46:41,52144.2,52142.7,165,52153.95,60,0,362220
BANKNIFTY-II.NFO,14/10/2024,09:46:43,52140,52141.1,45,52154.95,60,15,362220
BANKNIFTY-II.NFO,14/10/2024,09:46:44,52153.95,52140.25,75,52150,15,15,362220
BANKNIFTY-II.NFO,14/10/2024,09:46:46,52139.7,52139.65,285,52150,15,15,362220
BANKNIFTY-II.NFO,14/10/2024,09:46:48,52139.7,52139.65,285,52150,15,0,362220
BANKNIFTY-II.NFO,14/10/2024,09:46:49,52142.3,52139.9,45,52150,30,15,362220
BANKNIFTY-II.NFO,14/10/2024,09:46:51,52150,52144.15,15,52155,15,30,362220
BANKNIFTY-II.NFO,14/10/2024,09:46:53,52155.95,52144.4,15,52156,480,60,362220
BANKNIFTY-II.NFO,14/10/2024,09:46:54,52150,52140.5,150,52153.95,60,75,362220
BANKNIFTY-II.NFO,14/10/2024,09:46:56,52153.95,52139.7,90,52150,60,60,362220
BANKNIFTY-II.NFO,14/10/2024,09:46:58,52150,52139.15,285,52150,30,30,362220
BANKNIFTY-II.NFO,14/10/2024,09:46:59,52150,52149.3,15,52150,15,15,362220
BANKNIFTY-II.NFO,14/10/2024,09:47:01,52152.95,52151.5,15,52155,30,30,362220
BANKNIFTY-II.NFO,14/10/2024,09:47:03,52143.5,52142.8,165,52154,480,15,362220
BANKNIFTY-II.NFO,14/10/2024,09:47:04,52153,52148.2,150,52151,480,60,362220
BANKNIFTY-II.NFO,14/10/2024,09:47:06,52153,52145.65,75,52153,540,90,362220
BANKNIFTY-II.NFO,14/10/2024,09:47:08,52153,52142.7,150,52152,480,15,362220
BANKNIFTY-II.NFO,14/10/2024,09:47:09,52153,52143.25,150,52151.95,15,0,362220
BANKNIFTY-II.NFO,14/10/2024,09:47:11,52152,52142.6,15,52153,1005,60,362220
BANKNIFTY-II.NFO,14/10/2024,09:47:13,52152,52142.35,150,52151,495,0,362220
BANKNIFTY-II.NFO,14/10/2024,09:47:14,52151,52142.35,150,52152,480,30,362220
BANKNIFTY-II.NFO,14/10/2024,09:47:16,52151,52138.65,150,52151,495,0,362220
BANKNIFTY-II.NFO,14/10/2024,09:47:18,52151,52141.85,300,52151,480,0,362220
BANKNIFTY-II.NFO,14/10/2024,09:47:19,52150.95,52141.35,150,52150.95,60,15,362220
BANKNIFTY-II.NFO,14/10/2024,09:47:21,52142.35,52137.55,300,52149.95,60,45,362220
BANKNIFTY-II.NFO,14/10/2024,09:47:23,52145.35,52145.35,60,52151,165,15,362220
BANKNIFTY-II.NFO,14/10/2024,09:47:24,52145.35,52146.3,60,52151,165,0,362220
BANKNIFTY-II.NFO,14/10/2024,09:47:26,52151,52148.65,270,52151,135,75,362220
BANKNIFTY-II.NFO,14/10/2024,09:47:28,52144.85,52148.6,300,52151,60,135,362220
BANKNIFTY-II.NFO,14/10/2024,09:47:29,52148.6,52144.6,285,52151,60,15,362220
BANKNIFTY-II.NFO,14/10/2024,09:47:31,52153,52147.2,15,52153,495,150,362220
BANKNIFTY-II.NFO,14/10/2024,09:47:32,52150.65,52149.65,15,52153,495,30,362220
BANKNIFTY-II.NFO,14/10/2024,09:47:34,52150.65,52147.25,300,52153,495,0,362220
BANKNIFTY-II.NFO,14/10/2024,09:47:36,52150.15,52140,15,52152,480,15,362220
BANKNIFTY-II.NFO,14/10/2024,09:47:37,52150.15,52146.35,150,52153,495,0,362220
BANKNIFTY-II.NFO,14/10/2024,09:47:39,52150.15,52147.3,150,52153,495,0,362220
BANKNIFTY-II.NFO,14/10/2024,09:47:41,52150.15,52146.7,150,52153,495,0,362220
BANKNIFTY-II.NFO,14/10/2024,09:47:42,52150.15,52150.15,30,52153,495,0,362220
BANKNIFTY-II.NFO,14/10/2024,09:47:44,52150.15,52150.15,30,52152.95,75,0,362220
BANKNIFTY-II.NFO,14/10/2024,09:47:46,52142,52135.2,150,52148.95,60,45,362220
BANKNIFTY-II.NFO,14/10/2024,09:47:47,52152,52139.2,15,52152,480,75,362220
BANKNIFTY-II.NFO,14/10/2024,09:47:49,52152,52142.05,15,52153,975,0,362220
BANKNIFTY-II.NFO,14/10/2024,09:47:51,52153,52142.15,90,52153,465,30,362220
BANKNIFTY-II.NFO,14/10/2024,09:47:52,52143,52144.55,75,52153,465,15,362220
BANKNIFTY-II.NFO,14/10/2024,09:47:54,52153,52145,150,52153,450,15,362220
BANKNIFTY-II.NFO,14/10/2024,09:47:56,52153,52144.55,165,52153,420,30,362220
BANKNIFTY-II.NFO,14/10/2024,09:47:57,52150,52145.9,165,52153,420,45,362220
BANKNIFTY-II.NFO,14/10/2024,09:47:59,52153,52144.85,15,52153,255,165,362220
BANKNIFTY-II.NFO,14/10/2024,09:48:00,52153,52145.2,165,52153,255,0,362220
BANKNIFTY-II.NFO,14/10/2024,09:48:02,52153,52144.1,15,52152.95,60,60,362220
BANKNIFTY-II.NFO,14/10/2024,09:48:04,52152.95,52143.45,15,52152.85,75,15,362220
BANKNIFTY-II.NFO,14/10/2024,09:48:05,52152.95,52136.2,45,52144.85,60,0,362220
BANKNIFTY-II.NFO,14/10/2024,09:48:07,52146.85,52134.05,15,52146.95,60,15,362220
BANKNIFTY-II.NFO,14/10/2024,09:48:09,52146.85,52132.05,15,52145.75,45,0,362220
BANKNIFTY-II.NFO,14/10/2024,09:48:10,52146.85,52138.25,15,52149.95,45,0,362220
BANKNIFTY-II.NFO,14/10/2024,09:48:12,52146.85,52143.25,15,52149.95,45,0,362220
BANKNIFTY-II.NFO,14/10/2024,09:48:14,52146.85,52145.35,150,52150,30,0,362220
BANKNIFTY-II.NFO,14/10/2024,09:48:15,52146.85,52145.75,15,52150,60,0,362220
BANKNIFTY-II.NFO,14/10/2024,09:48:17,52149,52145.75,15,52149.95,45,15,362220
BANKNIFTY-II.NFO,14/10/2024,09:48:19,52150,52144.5,15,52150,45,60,362220
BANKNIFTY-II.NFO,14/10/2024,09:48:20,52139.8,52139.2,45,52150,15,150,362220
BANKNIFTY-II.NFO,14/10/2024,09:48:22,52139.8,52140.05,30,52150,15,0,362220
BANKNIFTY-II.NFO,14/10/2024,09:48:24,52139.8,52142.9,15,52150,30,0,362220
BANKNIFTY-II.NFO,14/10/2024,09:48:25,52140.75,52145.75,15,52150,45,15,362220
BANKNIFTY-II.NFO,14/10/2024,09:48:27,52150,52139.75,75,52150,15,45,362220
BANKNIFTY-II.NFO,14/10/2024,09:48:29,52150,52137.9,45,52148.85,30,0,362220
BANKNIFTY-II.NFO,14/10/2024,09:48:30,52150,52137.15,15,52146.55,30,0,362220
BANKNIFTY-II.NFO,14/10/2024,09:48:32,52150,52143.2,15,52149,15,0,362220
BANKNIFTY-II.NFO,14/10/2024,09:48:34,52150,52142.25,45,52149,15,0,362220
BANKNIFTY-II.NFO,14/10/2024,09:48:35,52150,52140,15,52149,495,0,362220
BANKNIFTY-II.NFO,14/10/2024,09:48:37,52135.8,52140.3,15,52147,480,135,362220
BANKNIFTY-II.NFO,14/10/2024,09:48:39,52135.8,52133.7,15,52147,480,0,362220
BANKNIFTY-II.NFO,14/10/2024,09:48:40,52135.8,52131.3,150,52145.85,45,0,362220
BANKNIFTY-II.NFO,14/10/2024,09:48:42,52135.8,52138.25,15,52145,15,0,362220
BANKNIFTY-II.NFO,14/10/2024,09:48:44,52135.8,52133.7,15,52142.95,45,0,362220
BANKNIFTY-II.NFO,14/10/2024,09:48:45,52126.8,52126.75,75,52137,45,105,362220
BANKNIFTY-II.NFO,14/10/2024,09:48:47,52135.8,52127.75,15,52136.95,45,15,362220
BANKNIFTY-II.NFO,14/10/2024,09:48:49,52135.8,52120.1,60,52133.95,15,0,362220
BANKNIFTY-II.NFO,14/10/2024,09:48:50,52135.8,52122.4,15,52134.95,45,0,362220
BANKNIFTY-II.NFO,14/10/2024,09:48:52,52135.8,52120.1,75,52134.95,45,0,362220
BANKNIFTY-II.NFO,14/10/2024,09:48:54,52127.2,52126.5,30,52137.9,45,15,362385
BANKNIFTY-II.NFO,14/10/2024,09:48:55,52121.4,52116.55,60,52131.85,60,15,362385
BANKNIFTY-II.NFO,14/10/2024,09:48:57,52115.35,52115.35,135,52127.95,60,30,362385
BANKNIFTY-II.NFO,14/10/2024,09:48:59,52126,52116.35,30,52127.95,15,90,362385
BANKNIFTY-II.NFO,14/10/2024,09:49:00,52126,52115.15,75,52125.95,15,0,362385
BANKNIFTY-II.NFO,14/10/2024,09:49:02,52115.15,52115.15,60,52125,480,15,362385
BANKNIFTY-II.NFO,14/10/2024,09:49:04,52115.15,52111.6,75,52126,75,0,362385
BANKNIFTY-II.NFO,14/10/2024,09:49:05,52115.4,52115.7,60,52126,75,15,362385
BANKNIFTY-II.NFO,14/10/2024,09:49:07,52126,52116.8,60,52130.95,30,120,362385
BANKNIFTY-II.NFO,14/10/2024,09:49:09,52126,52115.15,75,52129.95,30,0,362385
BANKNIFTY-II.NFO,14/10/2024,09:49:10,52120.55,52116.05,15,52129.95,30,15,362385
BANKNIFTY-II.NFO,14/10/2024,09:49:12,52130.95,52118.2,60,52133.8,30,75,362385
BANKNIFTY-II.NFO,14/10/2024,09:49:14,52120.9,52124.7,30,52135.8,30,30,362385
BANKNIFTY-II.NFO,14/10/2024,09:49:15,52135.75,52122.45,150,52135.75,15,15,362385
BANKNIFTY-II.NFO,14/10/2024,09:49:17,52135.75,52124.65,150,52135.75,15,0,362385
BANKNIFTY-II.NFO,14/10/2024,09:49:19,52135.8,52128.7,30,52143.95,15,75,362385
BANKNIFTY-II.NFO,14/10/2024,09:49:20,52145,52138.05,15,52149,75,45,362385
BANKNIFTY-II.NFO,14/10/2024,09:49:22,52149,52145.9,90,52150,135,75,362385
BANKNIFTY-II.NFO,14/10/2024,09:49:24,52150,52147.15,165,52150,120,30,362385
BANKNIFTY-II.NFO,14/10/2024,09:49:25,52152,52151.15,165,52152,30,135,362385
BANKNIFTY-II.NFO,14/10/2024,09:49:27,52152,52149.7,120,52153,300,30,362385
BANKNIFTY-II.NFO,14/10/2024,09:49:29,52150.35,52150.35,105,52153,255,60,362385
BANKNIFTY-II.NFO,14/10/2024,09:49:30,52153,52152.2,90,52153,225,45,362385
BANKNIFTY-II.NFO,14/10/2024,09:49:32,52156,52153.9,165,52157,30,270,362385
BANKNIFTY-II.NFO,14/10/2024,09:49:34,52157,52154.25,105,52157,15,15,362385
BANKNIFTY-II.NFO,14/10/2024,09:49:35,52159,52155.5,150,52159,345,270,362385
BANKNIFTY-II.NFO,14/10/2024,09:49:37,52160,52158,120,52160,15,495,362385
BANKNIFTY-II.NFO,14/10/2024,09:49:37,52160,52158,120,52160,15,0,362385
BANKNIFTY-II.NFO,14/10/2024,09:49:39,52173,52161,150,52173,45,120,362385
BANKNIFTY-II.NFO,14/10/2024,09:49:39,52173,52161,150,52173,45,0,362385
BANKNIFTY-II.NFO,14/10/2024,09:49:40,52173,52166.15,150,52177,480,45,362385
BANKNIFTY-II.NFO,14/10/2024,09:49:42,52173,52169.65,60,52177.7,15,0,362385
BANKNIFTY-II.NFO,14/10/2024,09:49:44,52177.7,52175.2,30,52178.8,15,90,362385
BANKNIFTY-II.NFO,14/10/2024,09:49:44,52177.7,52175.2,30,52178.8,15,0,362385
BANKNIFTY-II.NFO,14/10/2024,09:49:45,52177.7,52173.7,150,52177,15,0,362385
BANKNIFTY-II.NFO,14/10/2024,09:49:47,52177,52174.4,150,52178.8,15,45,362385
BANKNIFTY-II.NFO,14/10/2024,09:49:49,52179.95,52174.35,150,52179.95,15,30,362385
BANKNIFTY-II.NFO,14/10/2024,09:49:49,52179.95,52174.35,150,52179.95,15,0,362385
BANKNIFTY-II.NFO,14/10/2024,09:49:50,52179.95,52168.45,150,52178.95,60,0,362385
BANKNIFTY-II.NFO,14/10/2024,09:49:52,52177,52160.4,15,52170.95,60,15,362385
BANKNIFTY-II.NFO,14/10/2024,09:49:54,52177,52158.1,60,52170,480,0,362385
BANKNIFTY-II.NFO,14/10/2024,09:49:55,52159.3,52160.95,30,52174,480,45,362385
BANKNIFTY-II.NFO,14/10/2024,09:49:57,52166.3,52169.95,30,52179.95,15,45,362385
BANKNIFTY-II.NFO,14/10/2024,09:49:59,52179.95,52177,45,52180,45,45,362385
BANKNIFTY-II.NFO,14/10/2024,09:50:00,52177,52168.4,30,52180.45,60,90,362385
BANKNIFTY-II.NFO,14/10/2024,09:50:00,52180,52168.4,30,52180.45,60,0,362385
BANKNIFTY-II.NFO,14/10/2024,09:50:02,52177,52167.4,150,52178.95,75,0,362385
BANKNIFTY-II.NFO,14/10/2024,09:50:04,52181,52171.2,75,52180.95,60,120,362385
BANKNIFTY-II.NFO,14/10/2024,09:50:04,52181,52171.2,75,52180.95,60,0,362385
BANKNIFTY-II.NFO,14/10/2024,09:50:05,52181,52170.9,75,52178.95,60,0,362385
BANKNIFTY-II.NFO,14/10/2024,09:50:07,52181,52164.55,150,52176,480,0,362385
BANKNIFTY-II.NFO,14/10/2024,09:50:09,52171.35,52167.2,150,52179,495,30,362385
BANKNIFTY-II.NFO,14/10/2024,09:50:10,52171.35,52166.95,75,52178,480,0,362385
BANKNIFTY-II.NFO,14/10/2024,09:50:12,52176,52165.75,60,52177,480,15,362385
BANKNIFTY-II.NFO,14/10/2024,09:50:14,52176,52171.7,75,52179,15,0,362385
BANKNIFTY-II.NFO,14/10/2024,09:50:15,52175,52171.1,75,52177.9,60,15,362385
BANKNIFTY-II.NFO,14/10/2024,09:50:17,52169.15,52171.25,150,52178.95,45,90,362385
BANKNIFTY-II.NFO,14/10/2024,09:50:19,52169.15,52170,15,52177,480,0,362385
BANKNIFTY-II.NFO,14/10/2024,09:50:20,52169.15,52171.7,75,52179,15,0,362385
BANKNIFTY-II.NFO,14/10/2024,09:50:22,52173.9,52174.85,120,52179,15,30,362385
BANKNIFTY-II.NFO,14/10/2024,09:50:24,52179,52179.4,105,52181,150,15,362385
BANKNIFTY-II.NFO,14/10/2024,09:50:25,52179,52175.2,60,52180,15,0,362385
BANKNIFTY-II.NFO,14/10/2024,09:50:27,52180,52177.15,150,52181,150,15,362385
BANKNIFTY-II.NFO,14/10/2024,09:50:29,52180,52177.25,150,52181,150,0,362385
BANKNIFTY-II.NFO,14/10/2024,09:50:30,52180,52176.7,75,52180.95,15,0,362385
BANKNIFTY-II.NFO,14/10/2024,09:50:32,52180,52170,60,52179.9,45,0,362385
BANKNIFTY-II.NFO,14/10/2024,09:50:34,52180,52170.05,150,52179.9,45,0,362385
BANKNIFTY-II.NFO,14/10/2024,09:50:35,52180,52171.5,300,52179.95,45,0,362385
BANKNIFTY-II.NFO,14/10/2024,09:50:37,52180,52170,60,52179,480,0,362385
BANKNIFTY-II.NFO,14/10/2024,09:50:39,52169.1,52169.1,60,52177,480,90,362385
BANKNIFTY-II.NFO,14/10/2024,09:50:40,52162.2,52166.7,75,52176,480,75,362385
BANKNIFTY-II.NFO,14/10/2024,09:50:42,52170,52163.1,30,52172.95,30,15,362385
BANKNIFTY-II.NFO,14/10/2024,09:50:44,52177.95,52167.35,150,52176.95,15,30,362385
BANKNIFTY-II.NFO,14/10/2024,09:50:45,52169.1,52166.65,150,52178.95,30,15,362385
BANKNIFTY-II.NFO,14/10/2024,09:50:47,52169.1,52163.15,150,52172.95,15,0,362385
BANKNIFTY-II.NFO,14/10/2024,09:50:49,52163.15,52165.65,150,52170,15,15,362385
BANKNIFTY-II.NFO,14/10/2024,09:50:50,52170,52170.4,150,52179,630,15,362385
BANKNIFTY-II.NFO,14/10/2024,09:50:52,52171.8,52170.45,150,52179,150,15,362385
BANKNIFTY-II.NFO,14/10/2024,09:50:54,52171.8,52160.85,60,52173.95,15,0,362385
BANKNIFTY-II.NFO,14/10/2024,09:50:55,52171.8,52166.3,60,52179,630,0,362385
BANKNIFTY-II.NFO,14/10/2024,09:50:57,52170.6,52168.75,15,52179,150,15,362385
BANKNIFTY-II.NFO,14/10/2024,09:50:59,52170.6,52170.6,150,52179,150,0,362385
BANKNIFTY-II.NFO,14/10/2024,09:51:00,52177.95,52166.05,15,52177,480,15,362385
BANKNIFTY-II.NFO,14/10/2024,09:51:02,52177.95,52162.2,60,52176,480,0,362385
BANKNIFTY-II.NFO,14/10/2024,09:51:04,52177.95,52162.05,15,52173.9,45,0,362385
BANKNIFTY-II.NFO,14/10/2024,09:51:05,52177.95,52162.1,60,52175,480,0,362385
BANKNIFTY-II.NFO,14/10/2024,09:51:07,52160.1,52160.45,60,52174,480,15,362385
BANKNIFTY-II.NFO,14/10/2024,09:51:09,52160.1,52160.1,60,52174,495,0,362385
