Ticker,Date,Time,LTP,BuyPrice,BuyQty,SellPrice,SellQty,LTQ,OpenInterest
BANKNIFTY-III.NFO,14/10/2024,09:15:15,52099.25,52132.65,150,52187.65,60,105,126555
BANKNIFTY-III.NFO,14/10/2024,09:15:15,52098.9,52132.65,150,52187.65,60,0,126555
BANKNIFTY-III.NFO,14/10/2024,09:15:15,52099.25,52132.65,150,52187.65,60,0,126555
BANKNIFTY-III.NFO,14/10/2024,09:15:15,52098.9,52132.65,150,52187.65,60,0,126555
BANKNIFTY-III.NFO,14/10/2024,09:15:16,52098.9,52135.85,15,52182.65,60,0,126555
BANKNIFTY-III.NFO,14/10/2024,09:15:18,52098.9,52123.3,15,52172.65,60,0,126555
BANKNIFTY-III.NFO,14/10/2024,09:15:19,52098.9,52137.15,15,52172.7,30,0,126555
BANKNIFTY-III.NFO,14/10/2024,09:15:20,52098.9,52139.7,45,52183.25,60,0,126555
BANKNIFTY-III.NFO,14/10/2024,09:15:21,52098.9,52140.35,30,52178.3,30,0,126555
BANKNIFTY-III.NFO,14/10/2024,09:15:23,52098.9,52140.9,15,52168.3,30,0,126555
BANKNIFTY-III.NFO,14/10/2024,09:15:24,52168.3,52141.25,150,52182.85,60,15,126555
BANKNIFTY-III.NFO,14/10/2024,09:15:24,52168.3,52141.25,150,52182.85,60,0,126555
BANKNIFTY-III.NFO,14/10/2024,09:15:25,52168.3,52144.4,15,52186.95,60,0,126555
BANKNIFTY-III.NFO,14/10/2024,09:15:27,52199.7,52156.5,15,52199.7,60,15,126555
BANKNIFTY-III.NFO,14/10/2024,09:15:27,52199.7,52156.5,15,52199.7,60,0,126555
BANKNIFTY-III.NFO,14/10/2024,09:15:28,52199.7,52158,15,52194.7,60,0,126555
BANKNIFTY-III.NFO,14/10/2024,09:15:29,52199.7,52159.3,15,52202.9,60,0,126555
BANKNIFTY-III.NFO,14/10/2024,09:15:31,52199.7,52168.35,15,52192.9,60,0,126555
BANKNIFTY-III.NFO,14/10/2024,09:15:32,52199.7,52168.3,30,52188,60,0,126555
BANKNIFTY-III.NFO,14/10/2024,09:15:34,52199.7,52168.3,30,52182.4,60,0,126555
BANKNIFTY-III.NFO,14/10/2024,09:15:37,52199.7,52168.3,30,52182.45,60,0,126555
BANKNIFTY-III.NFO,14/10/2024,09:15:38,52168.3,52168.3,15,52182.45,60,15,126555
BANKNIFTY-III.NFO,14/10/2024,09:15:39,52168.3,52168.3,15,52182.45,60,0,126555
BANKNIFTY-III.NFO,14/10/2024,09:15:41,52168.3,52168.35,30,52182.45,60,0,126555
BANKNIFTY-III.NFO,14/10/2024,09:15:42,52168.3,52168.3,15,52182.45,60,0,126555
BANKNIFTY-III.NFO,14/10/2024,09:15:43,52168.3,52152.4,15,52177.45,60,15,126615
BANKNIFTY-III.NFO,14/10/2024,09:15:45,52168.3,52151.9,15,52173.05,105,0,126615
BANKNIFTY-III.NFO,14/10/2024,09:15:46,52168.3,52155.75,15,52173.05,75,0,126615
BANKNIFTY-III.NFO,14/10/2024,09:15:48,52168.3,52155.1,15,52173.05,75,0,126615
BANKNIFTY-III.NFO,14/10/2024,09:15:49,52160,52157.4,15,52177.5,60,15,126615
BANKNIFTY-III.NFO,14/10/2024,09:15:50,52160,52157.9,15,52178.1,60,0,126615
BANKNIFTY-III.NFO,14/10/2024,09:15:52,52160,52159.45,15,52179.9,60,0,126615
BANKNIFTY-III.NFO,14/10/2024,09:15:53,52160,52159.95,15,52179.9,60,0,126615
BANKNIFTY-III.NFO,14/10/2024,09:15:54,52160,52170,15,52179.9,60,0,126615
BANKNIFTY-III.NFO,14/10/2024,09:16:00,52160,52170,15,52188.2,75,0,126615
BANKNIFTY-III.NFO,14/10/2024,09:16:01,52160,52159.65,15,52187.65,60,300,126615
BANKNIFTY-III.NFO,14/10/2024,09:16:03,52160,52162.95,15,52187.65,75,15,126615
BANKNIFTY-III.NFO,14/10/2024,09:16:04,52160,52160,15,52184.05,60,0,126615
BANKNIFTY-III.NFO,14/10/2024,09:16:06,52160,52160,15,52182.45,60,0,126615
BANKNIFTY-III.NFO,14/10/2024,09:16:07,52160,52160.75,30,52182.55,60,0,126615
BANKNIFTY-III.NFO,14/10/2024,09:16:09,52160,52161,15,52182.55,60,0,126615
BANKNIFTY-III.NFO,14/10/2024,09:16:10,52160,52160.7,45,52182.55,60,0,126615
BANKNIFTY-III.NFO,14/10/2024,09:16:12,52160,52160.75,15,52182.55,60,0,126615
BANKNIFTY-III.NFO,14/10/2024,09:16:13,52160,52160.75,15,52181.25,60,0,126615
BANKNIFTY-III.NFO,14/10/2024,09:16:16,52160,52160.75,15,52179.95,60,0,126615
BANKNIFTY-III.NFO,14/10/2024,09:16:17,52160,52160.7,45,52177.35,60,0,126615
BANKNIFTY-III.NFO,14/10/2024,09:16:20,52160,52160.7,45,52176.05,60,0,126615
BANKNIFTY-III.NFO,14/10/2024,09:16:25,52160,52160.7,45,52178.45,60,0,126615
BANKNIFTY-III.NFO,14/10/2024,09:16:27,52160,52160.75,105,52178.45,60,0,126615
BANKNIFTY-III.NFO,14/10/2024,09:16:29,52160,52160.7,45,52178.45,60,0,126615
BANKNIFTY-III.NFO,14/10/2024,09:16:30,52160,52160.85,15,52180,30,0,126615
BANKNIFTY-III.NFO,14/10/2024,09:16:32,52160,52161.45,150,52180,30,0,126615
BANKNIFTY-III.NFO,14/10/2024,09:16:33,52160,52163.8,15,52179.95,60,0,126615
BANKNIFTY-III.NFO,14/10/2024,09:16:35,52160,52163.8,15,52180,30,0,126615
BANKNIFTY-III.NFO,14/10/2024,09:16:36,52180,52165.95,30,52188.2,75,15,126615
BANKNIFTY-III.NFO,14/10/2024,09:16:38,52180,52166.05,30,52188.1,60,0,126615
BANKNIFTY-III.NFO,14/10/2024,09:16:39,52180,52166.35,45,52188.1,60,0,126615
BANKNIFTY-III.NFO,14/10/2024,09:16:40,52180,52165.3,15,52188.45,60,0,126615
BANKNIFTY-III.NFO,14/10/2024,09:16:42,52180,52167,15,52188.45,60,0,126615
BANKNIFTY-III.NFO,14/10/2024,09:16:45,52180,52180,15,52199.65,60,0,126615
BANKNIFTY-III.NFO,14/10/2024,09:16:46,52169.05,52173,15,52194.85,75,255,126615
BANKNIFTY-III.NFO,14/10/2024,09:16:47,52169.05,52175.7,15,52199.95,75,0,126615
BANKNIFTY-III.NFO,14/10/2024,09:16:49,52169.05,52176.4,15,52198.45,75,0,126615
BANKNIFTY-III.NFO,14/10/2024,09:16:50,52169.05,52176.9,15,52198.45,75,0,126615
BANKNIFTY-III.NFO,14/10/2024,09:16:51,52169.05,52177.15,60,52198.7,60,0,126615
BANKNIFTY-III.NFO,14/10/2024,09:16:53,52169.05,52177.8,30,52199.95,75,0,126615
BANKNIFTY-III.NFO,14/10/2024,09:16:54,52199.95,52174.95,45,52198.5,60,45,126615
BANKNIFTY-III.NFO,14/10/2024,09:16:54,52199.95,52174.95,45,52198.5,60,0,126615
BANKNIFTY-III.NFO,14/10/2024,09:16:56,52199.95,52175.85,45,52198.55,45,0,126615
BANKNIFTY-III.NFO,14/10/2024,09:16:57,52199.95,52183.8,45,52200,150,0,126615
BANKNIFTY-III.NFO,14/10/2024,09:16:58,52199.95,52184.1,45,52200,165,0,126615
BANKNIFTY-III.NFO,14/10/2024,09:17:00,52199.95,52179.1,45,52199.95,60,0,126615
BANKNIFTY-III.NFO,14/10/2024,09:17:01,52199.95,52180.3,45,52199.95,60,0,126615
BANKNIFTY-III.NFO,14/10/2024,09:17:03,52199.95,52180.9,15,52199,60,0,126615
BANKNIFTY-III.NFO,14/10/2024,09:17:04,52199.95,52173.95,45,52190.7,60,0,126615
BANKNIFTY-III.NFO,14/10/2024,09:17:05,52199.95,52174.45,45,52193.55,15,0,126615
BANKNIFTY-III.NFO,14/10/2024,09:17:07,52199.95,52176.7,45,52196.15,15,0,126615
BANKNIFTY-III.NFO,14/10/2024,09:17:08,52199.95,52178.55,45,52196.75,15,0,126615
BANKNIFTY-III.NFO,14/10/2024,09:17:10,52199.95,52179.65,45,52196.7,60,0,126615
BANKNIFTY-III.NFO,14/10/2024,09:17:11,52199.95,52180.45,45,52195.75,60,0,126615
BANKNIFTY-III.NFO,14/10/2024,09:17:12,52199.95,52180.6,15,52190.15,60,0,126615
BANKNIFTY-III.NFO,14/10/2024,09:17:14,52199.95,52169.95,45,52190,60,0,126615
BANKNIFTY-III.NFO,14/10/2024,09:17:15,52199.95,52171.45,45,52190.15,60,0,126615
BANKNIFTY-III.NFO,14/10/2024,09:17:17,52199.95,52169.3,45,52189.25,15,0,126615
BANKNIFTY-III.NFO,14/10/2024,09:17:18,52199.95,52167.15,45,52187.05,60,0,126615
BANKNIFTY-III.NFO,14/10/2024,09:17:19,52199.95,52164.4,45,52185.5,60,0,126615
BANKNIFTY-III.NFO,14/10/2024,09:17:21,52199.95,52164.9,45,52184.9,60,0,126615
BANKNIFTY-III.NFO,14/10/2024,09:17:22,52199.95,52164.65,45,52187.05,60,0,126615
BANKNIFTY-III.NFO,14/10/2024,09:17:24,52187.1,52172.15,45,52192.45,60,15,126615
BANKNIFTY-III.NFO,14/10/2024,09:17:25,52187.1,52174.1,45,52194.8,60,0,126615
BANKNIFTY-III.NFO,14/10/2024,09:17:26,52187.1,52170.9,45,52193.1,60,0,126615
BANKNIFTY-III.NFO,14/10/2024,09:17:28,52187.1,52166.55,45,52189.8,60,0,126615
BANKNIFTY-III.NFO,14/10/2024,09:17:29,52187.1,52169.65,45,52190,60,0,126615
BANKNIFTY-III.NFO,14/10/2024,09:17:30,52187.1,52169.6,15,52190,60,0,126615
BANKNIFTY-III.NFO,14/10/2024,09:17:32,52187.1,52169.85,45,52190,60,0,126615
BANKNIFTY-III.NFO,14/10/2024,09:17:33,52187.1,52171.1,45,52193.9,60,0,126615
BANKNIFTY-III.NFO,14/10/2024,09:17:35,52187.1,52171.6,45,52196.05,60,0,126615
BANKNIFTY-III.NFO,14/10/2024,09:17:36,52187.1,52175.55,15,52196.05,60,0,126615
BANKNIFTY-III.NFO,14/10/2024,09:17:37,52187.1,52174.65,15,52196.05,60,0,126615
BANKNIFTY-III.NFO,14/10/2024,09:17:39,52187.1,52176.05,30,52196.05,60,0,126615
BANKNIFTY-III.NFO,14/10/2024,09:17:40,52187.1,52187.1,15,52189.95,60,0,126615
BANKNIFTY-III.NFO,14/10/2024,09:17:44,52187.1,52187.1,15,52190,15,0,126615
BANKNIFTY-III.NFO,14/10/2024,09:17:47,52187.1,52179.4,15,52190,15,15,126615
BANKNIFTY-III.NFO,14/10/2024,09:17:48,52187.1,52178.55,15,52189.95,60,0,126615
BANKNIFTY-III.NFO,14/10/2024,09:17:49,52187.1,52179.55,15,52190,15,0,126615
BANKNIFTY-III.NFO,14/10/2024,09:17:51,52187.1,52187,30,52190,15,0,126615
BANKNIFTY-III.NFO,14/10/2024,09:17:57,52187.1,52187,30,52189.95,60,0,126615
BANKNIFTY-III.NFO,14/10/2024,09:18:01,52187.1,52187,30,52190,15,0,126615
BANKNIFTY-III.NFO,14/10/2024,09:18:04,52190,52187,30,52199.95,60,15,126615
BANKNIFTY-III.NFO,14/10/2024,09:18:06,52190,52187,30,52199.85,60,0,126615
BANKNIFTY-III.NFO,14/10/2024,09:18:07,52190,52187,30,52198.75,90,0,126615
BANKNIFTY-III.NFO,14/10/2024,09:18:08,52190,52187,30,52198.25,75,0,126615
BANKNIFTY-III.NFO,14/10/2024,09:18:10,52190,52187,30,52199.85,75,0,126615
BANKNIFTY-III.NFO,14/10/2024,09:18:11,52190,52186,30,52197.7,75,0,126615
BANKNIFTY-III.NFO,14/10/2024,09:18:13,52190,52186,30,52195.75,60,0,126615
BANKNIFTY-III.NFO,14/10/2024,09:18:14,52190,52186,30,52193.45,75,0,126615
BANKNIFTY-III.NFO,14/10/2024,09:18:15,52190,52186,30,52191.15,60,0,126615
BANKNIFTY-III.NFO,14/10/2024,09:18:17,52190,52186,30,52190.65,105,0,126615
BANKNIFTY-III.NFO,14/10/2024,09:18:18,52190,52186,30,52190.9,75,0,126615
BANKNIFTY-III.NFO,14/10/2024,09:18:20,52190,52186,30,52189.95,15,0,126615
BANKNIFTY-III.NFO,14/10/2024,09:18:21,52190,52186,30,52190,15,0,126615
BANKNIFTY-III.NFO,14/10/2024,09:18:24,52186,52179.95,45,52180,120,30,126615
BANKNIFTY-III.NFO,14/10/2024,09:18:25,52180,52179.8,30,52190,15,135,126615
BANKNIFTY-III.NFO,14/10/2024,09:18:26,52180,52175.7,30,52189.95,30,0,126615
BANKNIFTY-III.NFO,14/10/2024,09:18:28,52180,52172.3,30,52188.85,45,0,126615
BANKNIFTY-III.NFO,14/10/2024,09:18:29,52180,52171.4,30,52187.45,45,0,126615
BANKNIFTY-III.NFO,14/10/2024,09:18:31,52180,52171.9,30,52187.45,45,0,126615
BANKNIFTY-III.NFO,14/10/2024,09:18:32,52180,52172.2,30,52187.15,60,0,126615
BANKNIFTY-III.NFO,14/10/2024,09:18:33,52180,52169.55,30,52184.1,45,0,126615
BANKNIFTY-III.NFO,14/10/2024,09:18:35,52180,52169.95,30,52184.85,75,0,126615
BANKNIFTY-III.NFO,14/10/2024,09:18:36,52180,52170.35,30,52185.65,75,0,126615
BANKNIFTY-III.NFO,14/10/2024,09:18:37,52180,52170.65,30,52185.4,30,0,126615
BANKNIFTY-III.NFO,14/10/2024,09:18:39,52180,52171.05,30,52186.95,30,0,126615
BANKNIFTY-III.NFO,14/10/2024,09:18:40,52180,52180,15,52189.45,60,0,126615
BANKNIFTY-III.NFO,14/10/2024,09:18:41,52180,52180,45,52189.25,60,0,126615
BANKNIFTY-III.NFO,14/10/2024,09:18:43,52180,52180,45,52189.95,60,0,126615
BANKNIFTY-III.NFO,14/10/2024,09:18:44,52180,52180,45,52188.75,60,0,126615
BANKNIFTY-III.NFO,14/10/2024,09:18:45,52180,52180,45,52189.75,90,0,126615
BANKNIFTY-III.NFO,14/10/2024,09:18:47,52180,52180,45,52185.2,60,0,126615
BANKNIFTY-III.NFO,14/10/2024,09:18:48,52180,52180,45,52187.05,60,0,126615
BANKNIFTY-III.NFO,14/10/2024,09:18:49,52180,52180,45,52187.45,75,0,126615
BANKNIFTY-III.NFO,14/10/2024,09:18:51,52180,52180,45,52186,60,0,126615
BANKNIFTY-III.NFO,14/10/2024,09:18:52,52180,52180,45,52187.45,60,0,126615
BANKNIFTY-III.NFO,14/10/2024,09:18:53,52180,52180,45,52188.95,75,0,126615
BANKNIFTY-III.NFO,14/10/2024,09:18:55,52180,52180.05,15,52189.95,60,0,126615
BANKNIFTY-III.NFO,14/10/2024,09:18:56,52180,52180,45,52189.95,60,0,126615
BANKNIFTY-III.NFO,14/10/2024,09:18:58,52180,52172.8,15,52175,105,45,126645
BANKNIFTY-III.NFO,14/10/2024,09:18:59,52180,52172.8,15,52175,105,0,126645
BANKNIFTY-III.NFO,14/10/2024,09:19:00,52180,52174.9,15,52175,105,0,126645
BANKNIFTY-III.NFO,14/10/2024,09:19:03,52175,52174.9,15,52175,90,15,126645
BANKNIFTY-III.NFO,14/10/2024,09:19:04,52175,52174.9,15,52175,90,0,126645
BANKNIFTY-III.NFO,14/10/2024,09:19:06,52175,52175.55,30,52190,15,90,126645
BANKNIFTY-III.NFO,14/10/2024,09:19:07,52175,52176.55,30,52190,15,0,126645
BANKNIFTY-III.NFO,14/10/2024,09:19:08,52175,52177.8,30,52190,15,0,126645
BANKNIFTY-III.NFO,14/10/2024,09:19:10,52175,52182.1,30,52190,15,0,126645
BANKNIFTY-III.NFO,14/10/2024,09:19:11,52175,52182.5,30,52190,15,0,126645
BANKNIFTY-III.NFO,14/10/2024,09:19:13,52175,52182.45,15,52190,15,0,126645
BANKNIFTY-III.NFO,14/10/2024,09:19:14,52174.2,52173.8,45,52189.95,30,45,126645
BANKNIFTY-III.NFO,14/10/2024,09:19:15,52174.2,52175.3,30,52190,15,0,126645
BANKNIFTY-III.NFO,14/10/2024,09:19:17,52174.2,52175.65,15,52190,15,0,126645
BANKNIFTY-III.NFO,14/10/2024,09:19:18,52174.2,52181.45,90,52190,15,0,126645
BANKNIFTY-III.NFO,14/10/2024,09:19:20,52190,52191.8,15,52200,300,15,126645
BANKNIFTY-III.NFO,14/10/2024,09:19:21,52190,52190.8,30,52200,300,0,126645
BANKNIFTY-III.NFO,14/10/2024,09:19:23,52190,52191.15,15,52200,300,0,126645
BANKNIFTY-III.NFO,14/10/2024,09:19:24,52190,52191.4,30,52200,300,0,126645
BANKNIFTY-III.NFO,14/10/2024,09:19:25,52199.95,52185.1,15,52200,300,15,126645
BANKNIFTY-III.NFO,14/10/2024,09:19:27,52199.95,52182.45,15,52198.8,60,0,126645
BANKNIFTY-III.NFO,14/10/2024,09:19:28,52185.25,52185.2,75,52200,300,15,126645
BANKNIFTY-III.NFO,14/10/2024,09:19:30,52185.25,52190.05,15,52199.95,60,0,126645
BANKNIFTY-III.NFO,14/10/2024,09:19:31,52185.25,52190.1,30,52200,300,0,126645
BANKNIFTY-III.NFO,14/10/2024,09:19:32,52185.25,52199.9,15,52200,300,0,126645
BANKNIFTY-III.NFO,14/10/2024,09:19:41,52185.25,52190.05,15,52199.95,60,0,126645
BANKNIFTY-III.NFO,14/10/2024,09:19:42,52200,52185.35,30,52200,285,165,126645
BANKNIFTY-III.NFO,14/10/2024,09:19:42,52200,52185.35,30,52200,285,0,126645
BANKNIFTY-III.NFO,14/10/2024,09:19:44,52200,52188.85,30,52200,285,0,126645
BANKNIFTY-III.NFO,14/10/2024,09:19:46,52200,52189.3,15,52200,285,0,126645
BANKNIFTY-III.NFO,14/10/2024,09:19:47,52200,52189.55,15,52200,285,0,126645
BANKNIFTY-III.NFO,14/10/2024,09:19:49,52200,52192.65,30,52200,300,0,126645
BANKNIFTY-III.NFO,14/10/2024,09:19:51,52200,52194.7,15,52200,285,15,126645
BANKNIFTY-III.NFO,14/10/2024,09:19:52,52200,52195.55,15,52200,390,45,126645
BANKNIFTY-III.NFO,14/10/2024,09:19:54,52200,52199.9,30,52200,375,15,126645
BANKNIFTY-III.NFO,14/10/2024,09:19:56,52200,52190.95,150,52200,270,105,126645
BANKNIFTY-III.NFO,14/10/2024,09:19:57,52200,52189.75,30,52200,270,0,126645
BANKNIFTY-III.NFO,14/10/2024,09:19:59,52200,52199.9,30,52200,270,0,126645
BANKNIFTY-III.NFO,14/10/2024,09:20:01,52200,52189.4,30,52200,270,0,126645
BANKNIFTY-III.NFO,14/10/2024,09:20:07,52200,52179.1,150,52195.75,45,0,126645
BANKNIFTY-III.NFO,14/10/2024,09:20:09,52200,52180.8,15,52196.45,60,0,126645
BANKNIFTY-III.NFO,14/10/2024,09:20:11,52200,52182.3,15,52197.95,30,0,126645
BANKNIFTY-III.NFO,14/10/2024,09:20:12,52200,52189.9,30,52190,150,0,126645
BANKNIFTY-III.NFO,14/10/2024,09:20:14,52190,52189.9,15,52190,120,30,126645
BANKNIFTY-III.NFO,14/10/2024,09:20:16,52190,52181.2,15,52190,30,105,126645
BANKNIFTY-III.NFO,14/10/2024,09:20:17,52190,52181.2,15,52189.95,30,0,126645
BANKNIFTY-III.NFO,14/10/2024,09:20:19,52189.95,52181.2,15,52190,30,30,126645
BANKNIFTY-III.NFO,14/10/2024,09:20:21,52190,52182.7,15,52190,15,15,126645
BANKNIFTY-III.NFO,14/10/2024,09:20:22,52198.15,52182.9,15,52197.15,60,30,126645
BANKNIFTY-III.NFO,14/10/2024,09:20:24,52198.15,52183,15,52198.65,75,0,126645
BANKNIFTY-III.NFO,14/10/2024,09:20:26,52198.15,52180.85,15,52194.95,60,0,126645
BANKNIFTY-III.NFO,14/10/2024,09:20:27,52198.15,52180.95,15,52196.75,60,0,126645
BANKNIFTY-III.NFO,14/10/2024,09:20:29,52198.15,52178.8,15,52198.3,60,0,126645
BANKNIFTY-III.NFO,14/10/2024,09:20:31,52198.15,52179.6,15,52194.3,75,0,126645
BANKNIFTY-III.NFO,14/10/2024,09:20:32,52198.15,52180.25,15,52196.25,60,0,126645
BANKNIFTY-III.NFO,14/10/2024,09:20:34,52179.15,52179.95,150,52193.65,75,15,126645
BANKNIFTY-III.NFO,14/10/2024,09:20:35,52190,52181.85,150,52190,135,15,126645
BANKNIFTY-III.NFO,14/10/2024,09:20:37,52190,52182.1,150,52190,225,15,126645
BANKNIFTY-III.NFO,14/10/2024,09:20:39,52190,52187.1,150,52190,150,75,126645
BANKNIFTY-III.NFO,14/10/2024,09:20:40,52190,52191.7,30,52198,150,150,126645
BANKNIFTY-III.NFO,14/10/2024,09:20:42,52190,52189.1,75,52198,150,0,126645
BANKNIFTY-III.NFO,14/10/2024,09:20:44,52190,52193.25,30,52198,150,0,126645
BANKNIFTY-III.NFO,14/10/2024,09:20:45,52190,52195.45,150,52198,150,0,126645
BANKNIFTY-III.NFO,14/10/2024,09:20:47,52198,52199.75,150,52200,150,150,126645
BANKNIFTY-III.NFO,14/10/2024,09:20:49,52200,52199.95,15,52206,15,150,126645
BANKNIFTY-III.NFO,14/10/2024,09:20:50,52200,52197.65,75,52206,15,0,126645
BANKNIFTY-III.NFO,14/10/2024,09:20:52,52197.7,52197.4,60,52215.6,60,45,126645
BANKNIFTY-III.NFO,14/10/2024,09:20:52,52206,52197.4,60,52215.6,60,0,126645
BANKNIFTY-III.NFO,14/10/2024,09:20:54,52197.7,52194.1,45,52213.85,75,0,126645
BANKNIFTY-III.NFO,14/10/2024,09:20:55,52197.7,52193,105,52211.25,60,0,126645
BANKNIFTY-III.NFO,14/10/2024,09:20:57,52197.7,52195.35,15,52212.25,60,0,126645
BANKNIFTY-III.NFO,14/10/2024,09:20:59,52197.7,52193.65,75,52209.35,75,0,126645
BANKNIFTY-III.NFO,14/10/2024,09:21:00,52197.7,52198.95,75,52215.6,60,0,126645
BANKNIFTY-III.NFO,14/10/2024,09:21:02,52197.7,52193.05,45,52208.05,60,0,126645
BANKNIFTY-III.NFO,14/10/2024,09:21:04,52197.7,52185.6,225,52203.2,75,0,126645
BANKNIFTY-III.NFO,14/10/2024,09:21:05,52197.7,52184.65,90,52201.55,60,0,126645
BANKNIFTY-III.NFO,14/10/2024,09:21:07,52197.7,52189.05,90,52203.25,30,0,126645
BANKNIFTY-III.NFO,14/10/2024,09:21:09,52197.7,52191,75,52207.35,75,0,126645
BANKNIFTY-III.NFO,14/10/2024,09:21:10,52190.8,52190.8,150,52206.9,75,15,126645
BANKNIFTY-III.NFO,14/10/2024,09:21:12,52190.8,52186.95,90,52201,15,0,126645
BANKNIFTY-III.NFO,14/10/2024,09:21:14,52190.8,52189.85,90,52205.65,75,0,126645
BANKNIFTY-III.NFO,14/10/2024,09:21:15,52190.8,52189.95,15,52205.65,90,0,126645
BANKNIFTY-III.NFO,14/10/2024,09:21:17,52190.8,52188.65,15,52205.05,60,0,126645
BANKNIFTY-III.NFO,14/10/2024,09:21:19,52190.8,52189.25,15,52202.85,105,0,126645
BANKNIFTY-III.NFO,14/10/2024,09:21:20,52190.8,52183.1,45,52198.6,75,0,126645
BANKNIFTY-III.NFO,14/10/2024,09:21:22,52190.8,52178.8,15,52194.9,75,0,126645
BANKNIFTY-III.NFO,14/10/2024,09:21:24,52190.8,52179.85,15,52194.9,75,0,126645
BANKNIFTY-III.NFO,14/10/2024,09:21:25,52190.8,52180.8,15,52195.8,60,0,126645
BANKNIFTY-III.NFO,14/10/2024,09:21:27,52190.8,52181.35,15,52196.9,75,0,126645
BANKNIFTY-III.NFO,14/10/2024,09:21:29,52190.8,52181.55,15,52194.1,75,0,126645
BANKNIFTY-III.NFO,14/10/2024,09:21:32,52190.8,52174.25,15,52190.65,75,0,126645
BANKNIFTY-III.NFO,14/10/2024,09:21:33,52190.8,52175.35,15,52185,150,0,126645
BANKNIFTY-III.NFO,14/10/2024,09:21:35,52174.9,52174.2,15,52185,150,60,126645
BANKNIFTY-III.NFO,14/10/2024,09:21:37,52174.9,52174.2,15,52183.15,75,0,126645
BANKNIFTY-III.NFO,14/10/2024,09:21:38,52174.9,52174.2,15,52184.1,75,0,126645
BANKNIFTY-III.NFO,14/10/2024,09:21:40,52174.9,52174.2,15,52180.55,75,0,126645
BANKNIFTY-III.NFO,14/10/2024,09:21:42,52174.9,52174.2,15,52179.15,75,0,126645
BANKNIFTY-III.NFO,14/10/2024,09:21:43,52174.9,52161.1,30,52179.15,60,0,126645
BANKNIFTY-III.NFO,14/10/2024,09:21:45,52174.9,52160.6,30,52178.35,75,0,126645
BANKNIFTY-III.NFO,14/10/2024,09:21:47,52174.9,52161,15,52176.5,105,0,126645
BANKNIFTY-III.NFO,14/10/2024,09:21:48,52174.9,52161.2,15,52176.7,60,0,126645
BANKNIFTY-III.NFO,14/10/2024,09:21:50,52174.9,52161.3,15,52175.75,75,0,126645
BANKNIFTY-III.NFO,14/10/2024,09:21:52,52174.9,52156.3,225,52171.15,75,0,126645
BANKNIFTY-III.NFO,14/10/2024,09:21:53,52174.9,52154.85,30,52172.65,60,0,126645
BANKNIFTY-III.NFO,14/10/2024,09:21:55,52174.9,52158.7,60,52176.35,75,0,126645
BANKNIFTY-III.NFO,14/10/2024,09:21:57,52174.9,52158.2,15,52175.95,60,0,126645
BANKNIFTY-III.NFO,14/10/2024,09:21:58,52174.9,52159.5,30,52177.25,60,0,126645
BANKNIFTY-III.NFO,14/10/2024,09:22:00,52174.9,52162.45,90,52170,150,0,126645
BANKNIFTY-III.NFO,14/10/2024,09:22:02,52170,52166.85,15,52170,60,90,126750
BANKNIFTY-III.NFO,14/10/2024,09:22:03,52170,52164.5,60,52170,45,15,126750
BANKNIFTY-III.NFO,14/10/2024,09:22:05,52170,52165.65,15,52170,30,15,126750
BANKNIFTY-III.NFO,14/10/2024,09:22:07,52170,52163.8,60,52179.8,60,30,126750
BANKNIFTY-III.NFO,14/10/2024,09:22:08,52170,52163.05,60,52176.65,45,0,126750
BANKNIFTY-III.NFO,14/10/2024,09:22:10,52170,52159.5,30,52174.45,45,0,126750
BANKNIFTY-III.NFO,14/10/2024,09:22:11,52176.05,52162.6,30,52184.55,75,90,126750
BANKNIFTY-III.NFO,14/10/2024,09:22:13,52176.05,52169.5,60,52184.95,75,0,126750
BANKNIFTY-III.NFO,14/10/2024,09:22:15,52176.05,52169.2,30,52185,165,0,126750
BANKNIFTY-III.NFO,14/10/2024,09:22:16,52176.05,52169.85,15,52184.95,15,0,126750
BANKNIFTY-III.NFO,14/10/2024,09:22:18,52176.05,52170.4,15,52184.95,75,0,126750
BANKNIFTY-III.NFO,14/10/2024,09:22:20,52176.05,52173.2,60,52185,150,0,126750
BANKNIFTY-III.NFO,14/10/2024,09:22:21,52176.05,52176,60,52185,150,0,126750
BANKNIFTY-III.NFO,14/10/2024,09:22:23,52176.05,52177,15,52185,150,0,126750
BANKNIFTY-III.NFO,14/10/2024,09:22:25,52176.05,52176.7,60,52185,150,0,126750
BANKNIFTY-III.NFO,14/10/2024,09:22:26,52176.05,52176.3,15,52185,150,0,126750
BANKNIFTY-III.NFO,14/10/2024,09:22:28,52176.05,52176,75,52184.95,60,0,126750
BANKNIFTY-III.NFO,14/10/2024,09:22:30,52176.05,52176,75,52185,150,0,126750
BANKNIFTY-III.NFO,14/10/2024,09:22:37,52176.05,52176,75,52184.95,60,0,126750
BANKNIFTY-III.NFO,14/10/2024,09:22:38,52176.05,52176,75,52185,150,0,126750
BANKNIFTY-III.NFO,14/10/2024,09:22:43,52176.05,52176,75,52184.95,75,0,126750
BANKNIFTY-III.NFO,14/10/2024,09:22:45,52176.05,52176,75,52183,60,0,126750
BANKNIFTY-III.NFO,14/10/2024,09:22:47,52176.05,52176,75,52180.95,60,0,126750
BANKNIFTY-III.NFO,14/10/2024,09:22:48,52176.05,52176,75,52180.25,60,0,126750
BANKNIFTY-III.NFO,14/10/2024,09:22:50,52176.05,52176,75,52179.75,60,0,126750
BANKNIFTY-III.NFO,14/10/2024,09:22:52,52176.05,52176,75,52183.5,75,0,126750
BANKNIFTY-III.NFO,14/10/2024,09:22:53,52176.05,52176,75,52185,150,0,126750
BANKNIFTY-III.NFO,14/10/2024,09:22:57,52176.05,52178.4,15,52185,150,0,126750
BANKNIFTY-III.NFO,14/10/2024,09:22:58,52176.05,52178.95,15,52185,150,0,126750
BANKNIFTY-III.NFO,14/10/2024,09:23:00,52176.05,52181.7,15,52185,150,0,126750
BANKNIFTY-III.NFO,14/10/2024,09:23:02,52185,52184,75,52185,45,105,126750
BANKNIFTY-III.NFO,14/10/2024,09:23:03,52185,52181.65,30,52185,30,15,126750
BANKNIFTY-III.NFO,14/10/2024,09:23:05,52199.95,52185.55,75,52200,15,90,126750
BANKNIFTY-III.NFO,14/10/2024,09:23:07,52199.95,52183.55,75,52200,30,0,126750
BANKNIFTY-III.NFO,14/10/2024,09:23:08,52199.95,52183.65,60,52198.9,75,0,126750
BANKNIFTY-III.NFO,14/10/2024,09:23:10,52199.95,52178.85,60,52194.7,75,0,126750
BANKNIFTY-III.NFO,14/10/2024,09:23:11,52199.95,52180.45,60,52196.15,15,0,126750
BANKNIFTY-III.NFO,14/10/2024,09:23:13,52199.95,52176.05,60,52191.8,75,0,126750
BANKNIFTY-III.NFO,14/10/2024,09:23:15,52193.45,52176.05,60,52193.75,60,60,126750
BANKNIFTY-III.NFO,14/10/2024,09:23:16,52193.45,52176.05,75,52191.5,45,0,126750
BANKNIFTY-III.NFO,14/10/2024,09:23:18,52193.45,52181.15,75,52196.95,30,0,126750
BANKNIFTY-III.NFO,14/10/2024,09:23:20,52185,52185,30,52199.95,45,30,126750
BANKNIFTY-III.NFO,14/10/2024,09:23:21,52185,52188.35,30,52199.95,30,0,126750
BANKNIFTY-III.NFO,14/10/2024,09:23:23,52185,52188.7,30,52200,15,0,126750
BANKNIFTY-III.NFO,14/10/2024,09:23:25,52185,52189.75,45,52200,15,0,126750
BANKNIFTY-III.NFO,14/10/2024,09:23:26,52185,52191.95,30,52200,15,0,126750
BANKNIFTY-III.NFO,14/10/2024,09:23:28,52185,52192.8,30,52200,15,0,126750
BANKNIFTY-III.NFO,14/10/2024,09:23:30,52185,52190.9,30,52200,15,0,126750
BANKNIFTY-III.NFO,14/10/2024,09:23:31,52185,52190.65,30,52200,15,0,126750
BANKNIFTY-III.NFO,14/10/2024,09:23:33,52185,52190.7,15,52199.95,60,0,126750
BANKNIFTY-III.NFO,14/10/2024,09:23:35,52185,52188,60,52198.35,60,0,126750
BANKNIFTY-III.NFO,14/10/2024,09:23:36,52185,52188.05,30,52200,15,0,126750
BANKNIFTY-III.NFO,14/10/2024,09:23:38,52185.1,52186.85,30,52200,15,300,126750
BANKNIFTY-III.NFO,14/10/2024,09:23:40,52185.1,52188.65,30,52200,15,0,126750
BANKNIFTY-III.NFO,14/10/2024,09:23:41,52185.1,52186.6,15,52200,15,0,126750
BANKNIFTY-III.NFO,14/10/2024,09:23:43,52185.1,52189.35,15,52200,15,0,126750
BANKNIFTY-III.NFO,14/10/2024,09:23:45,52185.1,52189.8,15,52200,15,0,126750
BANKNIFTY-III.NFO,14/10/2024,09:23:46,52185.1,52190.3,15,52200,15,0,126750
BANKNIFTY-III.NFO,14/10/2024,09:23:48,52185.1,52190.65,15,52200,15,0,126750
BANKNIFTY-III.NFO,14/10/2024,09:23:50,52190.85,52190.9,60,52208.3,30,30,126750
BANKNIFTY-III.NFO,14/10/2024,09:23:51,52190.85,52192,195,52209.1,45,0,126750
BANKNIFTY-III.NFO,14/10/2024,09:23:53,52190.85,52194,30,52210.9,45,0,126750
BANKNIFTY-III.NFO,14/10/2024,09:23:55,52190.85,52195.7,60,52214.6,30,0,126750
BANKNIFTY-III.NFO,14/10/2024,09:23:56,52190.85,52195.65,30,52212.05,45,0,126750
BANKNIFTY-III.NFO,14/10/2024,09:23:58,52190.85,52194.5,180,52207.9,75,0,126750
BANKNIFTY-III.NFO,14/10/2024,09:24:00,52190.85,52195,180,52212.05,60,0,126750
BANKNIFTY-III.NFO,14/10/2024,09:24:01,52190.85,52197.85,150,52213.65,45,0,126750
BANKNIFTY-III.NFO,14/10/2024,09:24:03,52190.85,52198.15,15,52212.3,15,0,126750
BANKNIFTY-III.NFO,14/10/2024,09:24:05,52190.85,52198.6,15,52214.95,75,0,126750
BANKNIFTY-III.NFO,14/10/2024,09:24:06,52200,52199,90,52217.95,60,15,126750
BANKNIFTY-III.NFO,14/10/2024,09:24:08,52200,52200.55,45,52222,60,0,126750
BANKNIFTY-III.NFO,14/10/2024,09:24:10,52200,52203.25,60,52221.35,75,0,126750
BANKNIFTY-III.NFO,14/10/2024,09:24:11,52200,52204.15,15,52218.55,60,0,126750
BANKNIFTY-III.NFO,14/10/2024,09:24:13,52200,52205.1,15,52218.65,60,0,126750
BANKNIFTY-III.NFO,14/10/2024,09:24:15,52205.2,52205.15,30,52220.25,60,15,126750
BANKNIFTY-III.NFO,14/10/2024,09:24:16,52205.2,52206.3,15,52221.35,60,0,126750
BANKNIFTY-III.NFO,14/10/2024,09:24:18,52205.2,52207.55,15,52222.95,60,0,126750
BANKNIFTY-III.NFO,14/10/2024,09:24:20,52205.2,52204.2,120,52220.65,60,0,126750
BANKNIFTY-III.NFO,14/10/2024,09:24:21,52205.2,52206.65,15,52221.7,60,0,126750
BANKNIFTY-III.NFO,14/10/2024,09:24:23,52205.2,52208.3,15,52221.7,90,0,126750
BANKNIFTY-III.NFO,14/10/2024,09:24:24,52205.2,52208.85,15,52222.35,60,0,126750
BANKNIFTY-III.NFO,14/10/2024,09:24:26,52205.2,52205.35,45,52223.15,60,0,126750
BANKNIFTY-III.NFO,14/10/2024,09:24:28,52205.2,52210.9,45,52230.1,90,0,126750
BANKNIFTY-III.NFO,14/10/2024,09:24:29,52205.2,52212.7,15,52229.75,75,0,126750
BANKNIFTY-III.NFO,14/10/2024,09:24:31,52205.2,52214.2,15,52230.05,60,0,126750
BANKNIFTY-III.NFO,14/10/2024,09:24:32,52205.2,52215.1,15,52229.7,60,0,126750
BANKNIFTY-III.NFO,14/10/2024,09:24:34,52205.2,52210.35,210,52229.9,60,0,126750
BANKNIFTY-III.NFO,14/10/2024,09:24:36,52210.5,52210.75,15,52225.7,60,15,126750
BANKNIFTY-III.NFO,14/10/2024,09:24:36,52210.5,52210.75,15,52225.7,60,0,126750
BANKNIFTY-III.NFO,14/10/2024,09:24:37,52210.5,52211.3,180,52227.9,75,0,126750
BANKNIFTY-III.NFO,14/10/2024,09:24:39,52210.5,52212.65,15,52229.05,60,0,126750
BANKNIFTY-III.NFO,14/10/2024,09:24:41,52210.5,52217.7,15,52230.2,75,0,126750
BANKNIFTY-III.NFO,14/10/2024,09:24:42,52210.5,52219.1,15,52231.95,60,0,126750
BANKNIFTY-III.NFO,14/10/2024,09:24:44,52210.5,52219.75,15,52231.1,60,0,126750
BANKNIFTY-III.NFO,14/10/2024,09:24:46,52210.5,52220.35,15,52230.8,60,0,126750
BANKNIFTY-III.NFO,14/10/2024,09:24:48,52210.5,52220.55,15,52231.4,75,0,126750
BANKNIFTY-III.NFO,14/10/2024,09:24:49,52210.5,52212.35,45,52227.35,60,0,126750
BANKNIFTY-III.NFO,14/10/2024,09:24:51,52210.5,52212.45,30,52222.7,60,0,126750
BANKNIFTY-III.NFO,14/10/2024,09:24:52,52222.7,52212.7,30,52225,60,15,127005
BANKNIFTY-III.NFO,14/10/2024,09:24:52,52222.7,52212.7,30,52225,60,0,127005
BANKNIFTY-III.NFO,14/10/2024,09:24:54,52222.7,52214.8,15,52231.45,30,0,127005
BANKNIFTY-III.NFO,14/10/2024,09:24:56,52222.7,52215.6,15,52231.2,75,0,127005
BANKNIFTY-III.NFO,14/10/2024,09:24:57,52222.7,52212.1,45,52230.9,60,0,127005
BANKNIFTY-III.NFO,14/10/2024,09:24:59,52222.7,52213.2,15,52229,75,0,127005
BANKNIFTY-III.NFO,14/10/2024,09:25:00,52222.7,52214.55,45,52233.45,60,0,127005
BANKNIFTY-III.NFO,14/10/2024,09:25:02,52222.7,52215.55,15,52230.05,75,0,127005
BANKNIFTY-III.NFO,14/10/2024,09:25:04,52222.7,52215.95,15,52226.6,75,0,127005
BANKNIFTY-III.NFO,14/10/2024,09:25:05,52222.7,52210.25,15,52225.75,75,0,127005
BANKNIFTY-III.NFO,14/10/2024,09:25:07,52222.7,52211.45,15,52226.9,75,0,127005
BANKNIFTY-III.NFO,14/10/2024,09:25:09,52222.7,52212.3,15,52226.95,75,0,127005
BANKNIFTY-III.NFO,14/10/2024,09:25:10,52222.7,52213.15,15,52227.95,60,0,127005
BANKNIFTY-III.NFO,14/10/2024,09:25:12,52233.75,52214.4,75,52229.95,90,60,127005
BANKNIFTY-III.NFO,14/10/2024,09:25:12,52233.75,52214.4,75,52229.95,90,0,127005
BANKNIFTY-III.NFO,14/10/2024,09:25:13,52233.75,52215.8,60,52230.55,60,0,127005
BANKNIFTY-III.NFO,14/10/2024,09:25:15,52233.75,52216.9,60,52231.85,60,0,127005
BANKNIFTY-III.NFO,14/10/2024,09:25:17,52236.2,52216.55,15,52234,45,300,127005
BANKNIFTY-III.NFO,14/10/2024,09:25:17,52236.2,52216.55,15,52234,45,0,127005
BANKNIFTY-III.NFO,14/10/2024,09:25:18,52236.2,52214.85,60,52233.45,30,0,127005
BANKNIFTY-III.NFO,14/10/2024,09:25:20,52236.2,52214.9,210,52229.35,45,0,127005
BANKNIFTY-III.NFO,14/10/2024,09:25:22,52236.2,52215,15,52231.55,30,0,127005
BANKNIFTY-III.NFO,14/10/2024,09:25:23,52236.2,52216.5,60,52234.3,45,0,127005
BANKNIFTY-III.NFO,14/10/2024,09:25:25,52236.2,52216.65,75,52234.3,45,0,127005
BANKNIFTY-III.NFO,14/10/2024,09:25:26,52236.2,52219.1,75,52236,45,0,127005
BANKNIFTY-III.NFO,14/10/2024,09:25:28,52236.2,52218.05,75,52236,45,0,127005
BANKNIFTY-III.NFO,14/10/2024,09:25:30,52236,52216.8,75,52236,45,15,127005
BANKNIFTY-III.NFO,14/10/2024,09:25:31,52236,52216.4,75,52235.45,30,0,127005
BANKNIFTY-III.NFO,14/10/2024,09:25:33,52236,52219,75,52235.45,45,0,127005
BANKNIFTY-III.NFO,14/10/2024,09:25:34,52236,52217.7,75,52235.45,45,0,127005
BANKNIFTY-III.NFO,14/10/2024,09:25:36,52236,52219.6,60,52232.95,30,0,127005
BANKNIFTY-III.NFO,14/10/2024,09:25:38,52236,52216.5,75,52233.7,45,0,127005
BANKNIFTY-III.NFO,14/10/2024,09:25:39,52236,52217.3,60,52234.25,45,0,127005
BANKNIFTY-III.NFO,14/10/2024,09:25:41,52236,52218.1,75,52236,45,0,127005
BANKNIFTY-III.NFO,14/10/2024,09:25:43,52236,52219.85,75,52237,45,0,127005
BANKNIFTY-III.NFO,14/10/2024,09:25:44,52236,52221.15,75,52237.7,30,0,127005
BANKNIFTY-III.NFO,14/10/2024,09:25:46,52236,52217.25,90,52234.7,30,0,127005
BANKNIFTY-III.NFO,14/10/2024,09:25:48,52236,52213.7,105,52220,150,0,127005
BANKNIFTY-III.NFO,14/10/2024,09:25:49,52220,52212.95,60,52220,120,30,127005
BANKNIFTY-III.NFO,14/10/2024,09:25:51,52220,52213.65,15,52220,120,0,127005
BANKNIFTY-III.NFO,14/10/2024,09:25:53,52220,52213.9,60,52220,120,0,127005
BANKNIFTY-III.NFO,14/10/2024,09:25:54,52220,52214,60,52220,60,60,127005
BANKNIFTY-III.NFO,14/10/2024,09:25:56,52220,52214.2,60,52220,60,0,127005
BANKNIFTY-III.NFO,14/10/2024,09:25:58,52220,52214.3,60,52220,45,15,127005
BANKNIFTY-III.NFO,14/10/2024,09:25:59,52220,52214.5,15,52220,30,15,127005
BANKNIFTY-III.NFO,14/10/2024,09:26:01,52220,52208.7,180,52219.4,30,0,127005
BANKNIFTY-III.NFO,14/10/2024,09:26:02,52220,52209.05,15,52220,45,0,127005
BANKNIFTY-III.NFO,14/10/2024,09:26:04,52220,52210.3,60,52220,60,0,127005
BANKNIFTY-III.NFO,14/10/2024,09:26:06,52220,52211.2,15,52220,60,0,127005
BANKNIFTY-III.NFO,14/10/2024,09:26:07,52220,52211.4,45,52219.3,30,0,127005
BANKNIFTY-III.NFO,14/10/2024,09:26:09,52220,52211.4,45,52220,60,0,127005
BANKNIFTY-III.NFO,14/10/2024,09:26:11,52220,52203.3,195,52215.2,30,0,127005
BANKNIFTY-III.NFO,14/10/2024,09:26:12,52203.3,52198.2,75,52215.15,45,15,127005
BANKNIFTY-III.NFO,14/10/2024,09:26:14,52203.3,52199.25,60,52212.8,30,0,127005
BANKNIFTY-III.NFO,14/10/2024,09:26:16,52203.3,52199.7,150,52206.8,30,0,127005
BANKNIFTY-III.NFO,14/10/2024,09:26:17,52203.3,52194.05,60,52208.65,30,0,127005
BANKNIFTY-III.NFO,14/10/2024,09:26:19,52203.3,52194.9,75,52211.4,45,0,127005
BANKNIFTY-III.NFO,14/10/2024,09:26:21,52203.3,52192.45,60,52208.35,45,0,127005
BANKNIFTY-III.NFO,14/10/2024,09:26:22,52192.55,52192.65,60,52205.9,30,15,127005
BANKNIFTY-III.NFO,14/10/2024,09:26:24,52192.55,52187.8,60,52201.95,30,0,127005
BANKNIFTY-III.NFO,14/10/2024,09:26:26,52192.55,52190.3,60,52204.8,15,0,127005
BANKNIFTY-III.NFO,14/10/2024,09:26:27,52192.55,52192,90,52207.3,30,0,127005
BANKNIFTY-III.NFO,14/10/2024,09:26:29,52192.55,52192.7,60,52206.2,15,0,127005
BANKNIFTY-III.NFO,14/10/2024,09:26:31,52192.55,52192.65,30,52204.5,30,0,127005
BANKNIFTY-III.NFO,14/10/2024,09:26:32,52192.55,52192.65,30,52204.6,30,0,127005
BANKNIFTY-III.NFO,14/10/2024,09:26:34,52192.55,52192.7,60,52207.5,15,0,127005
BANKNIFTY-III.NFO,14/10/2024,09:26:36,52192.55,52190.5,45,52202.3,30,0,127005
BANKNIFTY-III.NFO,14/10/2024,09:26:37,52192.55,52186.55,30,52200.8,15,0,127005
BANKNIFTY-III.NFO,14/10/2024,09:26:39,52192.55,52179.85,150,52195.15,30,0,127005
BANKNIFTY-III.NFO,14/10/2024,09:26:41,52192.55,52182.3,60,52192.55,150,0,127005
BANKNIFTY-III.NFO,14/10/2024,09:26:42,52192.55,52182.5,60,52192.55,150,0,127005
BANKNIFTY-III.NFO,14/10/2024,09:26:44,52192.55,52184.55,60,52192.55,150,0,127005
BANKNIFTY-III.NFO,14/10/2024,09:26:46,52192.55,52186.5,75,52192.55,150,0,127005
BANKNIFTY-III.NFO,14/10/2024,09:26:47,52192.55,52187.3,60,52192.55,150,0,127005
BANKNIFTY-III.NFO,14/10/2024,09:26:49,52192.55,52189,60,52192.55,135,15,127005
BANKNIFTY-III.NFO,14/10/2024,09:26:51,52192.55,52189.5,60,52192.55,75,60,127005
BANKNIFTY-III.NFO,14/10/2024,09:26:52,52204.85,52198.4,15,52205.65,15,90,127005
BANKNIFTY-III.NFO,14/10/2024,09:26:54,52205.65,52192.4,60,52208.25,15,15,127005
BANKNIFTY-III.NFO,14/10/2024,09:26:56,52205.65,52195.35,60,52212.2,30,0,127005
BANKNIFTY-III.NFO,14/10/2024,09:26:58,52205.65,52196.2,90,52213.75,30,0,127005
BANKNIFTY-III.NFO,14/10/2024,09:26:59,52205.65,52199.95,75,52218.15,15,0,127005
BANKNIFTY-III.NFO,14/10/2024,09:27:01,52205.65,52195.05,75,52211.4,30,0,127005
BANKNIFTY-III.NFO,14/10/2024,09:27:03,52205.65,52197.25,60,52211.9,30,0,127005
BANKNIFTY-III.NFO,14/10/2024,09:27:04,52205.65,52195.85,90,52212.5,30,0,127005
BANKNIFTY-III.NFO,14/10/2024,09:27:06,52205.65,52200.5,15,52214.4,15,0,127005
BANKNIFTY-III.NFO,14/10/2024,09:27:08,52205.65,52200.7,30,52215,15,0,127005
BANKNIFTY-III.NFO,14/10/2024,09:27:09,52205.65,52200.85,15,52212.9,15,0,127005
BANKNIFTY-III.NFO,14/10/2024,09:27:11,52205.65,52201.05,15,52210.65,15,0,127005
BANKNIFTY-III.NFO,14/10/2024,09:27:13,52205.65,52201.2,30,52206.85,15,0,127005
BANKNIFTY-III.NFO,14/10/2024,09:27:14,52213.55,52196.7,15,52215.6,45,30,127005
BANKNIFTY-III.NFO,14/10/2024,09:27:16,52213.55,52194.95,45,52212.75,45,0,127005
BANKNIFTY-III.NFO,14/10/2024,09:27:18,52194.95,52192.35,30,52208.4,45,15,127005
BANKNIFTY-III.NFO,14/10/2024,09:27:19,52194.95,52192.4,15,52204.1,30,0,127005
BANKNIFTY-III.NFO,14/10/2024,09:27:21,52194.95,52192.4,15,52204.1,45,0,127005
BANKNIFTY-III.NFO,14/10/2024,09:27:23,52194.95,52184.2,60,52204.1,45,0,127005
BANKNIFTY-III.NFO,14/10/2024,09:27:24,52194.95,52182.85,15,52200.55,30,0,127005
BANKNIFTY-III.NFO,14/10/2024,09:27:26,52182.9,52184.95,75,52202.55,30,15,127005
BANKNIFTY-III.NFO,14/10/2024,09:27:28,52182.9,52186.05,75,52203.7,30,0,127005
BANKNIFTY-III.NFO,14/10/2024,09:27:29,52182.9,52183.75,60,52200.7,60,0,127005
BANKNIFTY-III.NFO,14/10/2024,09:27:31,52182.9,52184.1,60,52201.2,30,0,127005
BANKNIFTY-III.NFO,14/10/2024,09:27:33,52182.9,52183,60,52200.05,60,0,127005
BANKNIFTY-III.NFO,14/10/2024,09:27:34,52182.9,52183.55,75,52200.6,30,0,127005
BANKNIFTY-III.NFO,14/10/2024,09:27:36,52182.9,52184.55,60,52201.2,30,0,127005
BANKNIFTY-III.NFO,14/10/2024,09:27:37,52182.9,52190.25,75,52207.9,30,0,127005
BANKNIFTY-III.NFO,14/10/2024,09:27:39,52182.9,52188,60,52207.85,30,0,127005
BANKNIFTY-III.NFO,14/10/2024,09:27:41,52182.9,52189.6,60,52208.75,30,0,127005
BANKNIFTY-III.NFO,14/10/2024,09:27:42,52182.9,52189.9,75,52206.8,15,0,127005
BANKNIFTY-III.NFO,14/10/2024,09:27:44,52182.9,52195.4,60,52212.45,15,0,127005
BANKNIFTY-III.NFO,14/10/2024,09:27:46,52182.9,52194.3,75,52211.35,30,0,127005
BANKNIFTY-III.NFO,14/10/2024,09:27:47,52182.9,52193.05,60,52212.85,30,0,127005
BANKNIFTY-III.NFO,14/10/2024,09:27:49,52182.9,52194.75,105,52212.95,60,0,127005
BANKNIFTY-III.NFO,14/10/2024,09:27:51,52182.9,52190.2,75,52207,15,0,127005
BANKNIFTY-III.NFO,14/10/2024,09:27:52,52182.9,52192.35,75,52209.05,15,0,127005
BANKNIFTY-III.NFO,14/10/2024,09:27:54,52182.9,52192.75,105,52210.45,30,0,127005
BANKNIFTY-III.NFO,14/10/2024,09:27:55,52182.9,52197.55,105,52214.65,30,0,127005
BANKNIFTY-III.NFO,14/10/2024,09:27:57,52182.9,52197,75,52214.65,30,0,127005
BANKNIFTY-III.NFO,14/10/2024,09:27:59,52182.9,52198.15,75,52214.65,30,0,127005
BANKNIFTY-III.NFO,14/10/2024,09:28:00,52182.9,52200.85,75,52217.9,60,0,127005
BANKNIFTY-III.NFO,14/10/2024,09:28:02,52182.9,52199.2,75,52217,60,0,127005
BANKNIFTY-III.NFO,14/10/2024,09:28:04,52182.9,52200.65,30,52215.1,15,0,127005
BANKNIFTY-III.NFO,14/10/2024,09:28:05,52182.9,52200.75,15,52214.3,45,0,127005
BANKNIFTY-III.NFO,14/10/2024,09:28:07,52213.6,52200.8,60,52217.8,45,15,126720
BANKNIFTY-III.NFO,14/10/2024,09:28:09,52213.6,52201.8,75,52219.25,45,0,126720
BANKNIFTY-III.NFO,14/10/2024,09:28:10,52213.6,52201.9,75,52219.25,30,0,126720
BANKNIFTY-III.NFO,14/10/2024,09:28:12,52213.6,52202,75,52219.25,45,0,126720
BANKNIFTY-III.NFO,14/10/2024,09:28:13,52213.6,52202.9,60,52220,60,0,126720
BANKNIFTY-III.NFO,14/10/2024,09:28:15,52202.9,52202.65,75,52219.2,15,15,126720
BANKNIFTY-III.NFO,14/10/2024,09:28:17,52202.9,52203.65,75,52219.95,15,0,126720
BANKNIFTY-III.NFO,14/10/2024,09:28:20,52202.9,52204.55,75,52219.95,15,0,126720
BANKNIFTY-III.NFO,14/10/2024,09:28:22,52202.9,52203.8,15,52219.95,15,0,126720
BANKNIFTY-III.NFO,14/10/2024,09:28:23,52202.9,52202.55,75,52219.75,30,0,126720
BANKNIFTY-III.NFO,14/10/2024,09:28:25,52202.9,52204.3,105,52219.95,15,0,126720
BANKNIFTY-III.NFO,14/10/2024,09:28:27,52202.9,52211.6,15,52220,60,0,126720
BANKNIFTY-III.NFO,14/10/2024,09:28:28,52202.9,52211.65,15,52220,60,0,126720
BANKNIFTY-III.NFO,14/10/2024,09:28:32,52202.9,52211.7,15,52219.95,15,0,126720
BANKNIFTY-III.NFO,14/10/2024,09:28:33,52202.9,52205.65,15,52219.95,30,0,126720
BANKNIFTY-III.NFO,14/10/2024,09:28:35,52202.9,52211.55,15,52220,60,0,126720
BANKNIFTY-III.NFO,14/10/2024,09:28:37,52202.9,52211.65,15,52219.95,15,0,126720
BANKNIFTY-III.NFO,14/10/2024,09:28:38,52202.9,52211.65,30,52220,60,0,126720
BANKNIFTY-III.NFO,14/10/2024,09:28:40,52202.9,52206.35,15,52219.95,15,0,126720
BANKNIFTY-III.NFO,14/10/2024,09:28:42,52202.9,52206.45,15,52219.95,15,0,126720
BANKNIFTY-III.NFO,14/10/2024,09:28:43,52202.9,52210,15,52219.95,15,0,126720
BANKNIFTY-III.NFO,14/10/2024,09:28:45,52202.9,52210,15,52220,60,0,126720
BANKNIFTY-III.NFO,14/10/2024,09:28:47,52202.9,52210.05,60,52220,60,0,126720
BANKNIFTY-III.NFO,14/10/2024,09:28:48,52202.9,52210.05,75,52220,60,0,126720
BANKNIFTY-III.NFO,14/10/2024,09:28:50,52202.9,52211,75,52220,60,0,126720
BANKNIFTY-III.NFO,14/10/2024,09:28:52,52202.9,52210,15,52220,60,0,126720
BANKNIFTY-III.NFO,14/10/2024,09:28:53,52202.9,52210,15,52218.25,15,0,126720
BANKNIFTY-III.NFO,14/10/2024,09:28:55,52202.9,52210,15,52219.95,15,0,126720
BANKNIFTY-III.NFO,14/10/2024,09:28:58,52202.9,52210.05,15,52220,75,0,126720
BANKNIFTY-III.NFO,14/10/2024,09:29:00,52202.9,52210.1,60,52220,75,0,126720
BANKNIFTY-III.NFO,14/10/2024,09:29:02,52202.9,52210.15,15,52220,75,0,126720
BANKNIFTY-III.NFO,14/10/2024,09:29:03,52202.9,52211.15,15,52220,75,0,126720
BANKNIFTY-III.NFO,14/10/2024,09:29:05,52202.9,52210.05,15,52220,60,0,126720
BANKNIFTY-III.NFO,14/10/2024,09:29:07,52202.9,52210,15,52219.95,15,0,126720
BANKNIFTY-III.NFO,14/10/2024,09:29:08,52202.9,52210,15,52220,60,0,126720
BANKNIFTY-III.NFO,14/10/2024,09:29:10,52202.9,52210.05,60,52220,60,0,126720
BANKNIFTY-III.NFO,14/10/2024,09:29:12,52210.05,52210,15,52220,60,15,126720
BANKNIFTY-III.NFO,14/10/2024,09:29:14,52210.05,52210.05,60,52220,60,0,126720
BANKNIFTY-III.NFO,14/10/2024,09:29:15,52210.05,52211.7,75,52220,60,0,126720
BANKNIFTY-III.NFO,14/10/2024,09:29:17,52220,52216.85,75,52220,45,15,126720
BANKNIFTY-III.NFO,14/10/2024,09:29:19,52220,52218.7,15,52230.6,30,45,126720
BANKNIFTY-III.NFO,14/10/2024,09:29:20,52220,52218.6,15,52230.6,30,0,126720
BANKNIFTY-III.NFO,14/10/2024,09:29:22,52220,52218.75,30,52230.65,15,0,126720
BANKNIFTY-III.NFO,14/10/2024,09:29:24,52220,52221.6,75,52230.65,15,0,126720
BANKNIFTY-III.NFO,14/10/2024,09:29:25,52221.6,52221.65,60,52230.65,15,15,126720
BANKNIFTY-III.NFO,14/10/2024,09:29:27,52221.6,52221.7,15,52230.65,15,0,126720
BANKNIFTY-III.NFO,14/10/2024,09:29:28,52221.6,52221.75,30,52230.65,15,0,126720
BANKNIFTY-III.NFO,14/10/2024,09:29:30,52221.6,52221.95,75,52230.65,15,0,126720
BANKNIFTY-III.NFO,14/10/2024,09:29:31,52221.6,52222.05,75,52230.65,15,0,126720
BANKNIFTY-III.NFO,14/10/2024,09:29:33,52221.6,52222.75,75,52230.65,15,0,126720
BANKNIFTY-III.NFO,14/10/2024,09:29:35,52230.65,52224.55,105,52239.95,45,15,126720
BANKNIFTY-III.NFO,14/10/2024,09:29:36,52230.65,52223.6,75,52239.95,60,0,126720
BANKNIFTY-III.NFO,14/10/2024,09:29:38,52230.65,52222.7,30,52238.7,60,0,126720
BANKNIFTY-III.NFO,14/10/2024,09:29:40,52230.65,52224.35,30,52239.75,45,0,126720
BANKNIFTY-III.NFO,14/10/2024,09:29:41,52230.65,52226.65,30,52239.95,45,0,126720
BANKNIFTY-III.NFO,14/10/2024,09:29:45,52228.7,52228.7,75,52240,15,15,126720
BANKNIFTY-III.NFO,14/10/2024,09:29:46,52228.7,52231,75,52240,15,0,126720
BANKNIFTY-III.NFO,14/10/2024,09:29:48,52228.7,52232.7,75,52240,15,0,126720
BANKNIFTY-III.NFO,14/10/2024,09:29:50,52228.7,52232.5,75,52240,15,0,126720
BANKNIFTY-III.NFO,14/10/2024,09:29:51,52232.95,52232.95,60,52240,15,15,126720
BANKNIFTY-III.NFO,14/10/2024,09:29:53,52248.35,52236.7,30,52249.95,60,30,126720
BANKNIFTY-III.NFO,14/10/2024,09:29:53,52248.35,52236.7,30,52249.95,60,0,126720
BANKNIFTY-III.NFO,14/10/2024,09:29:55,52250,52239.15,30,52250,45,30,126720
BANKNIFTY-III.NFO,14/10/2024,09:29:55,52250,52239.15,30,52250,45,0,126720
BANKNIFTY-III.NFO,14/10/2024,09:29:56,52250,52240.15,45,52250,45,0,126720
BANKNIFTY-III.NFO,14/10/2024,09:29:58,52250,52237.95,75,52250,45,0,126720
BANKNIFTY-III.NFO,14/10/2024,09:30:00,52250,52237.6,75,52250,45,0,126720
BANKNIFTY-III.NFO,14/10/2024,09:30:01,52250,52241.25,45,52250,45,0,126720
BANKNIFTY-III.NFO,14/10/2024,09:30:03,52260,52254.05,75,52268.7,60,135,126720
BANKNIFTY-III.NFO,14/10/2024,09:30:03,52260,52254.05,75,52268.7,60,0,126720
BANKNIFTY-III.NFO,14/10/2024,09:30:05,52268.7,52261.7,30,52268.75,15,30,126720
BANKNIFTY-III.NFO,14/10/2024,09:30:05,52268.7,52261.7,30,52268.75,15,0,126720
BANKNIFTY-III.NFO,14/10/2024,09:30:06,52268.7,52256.75,45,52268.7,30,0,126720
BANKNIFTY-III.NFO,14/10/2024,09:30:08,52268.75,52264.05,15,52268.75,15,15,126720
BANKNIFTY-III.NFO,14/10/2024,09:30:08,52268.75,52264.05,15,52268.75,15,0,126720
BANKNIFTY-III.NFO,14/10/2024,09:30:10,52268.75,52260.3,45,52268.75,15,0,126720
BANKNIFTY-III.NFO,14/10/2024,09:30:11,52268.75,52265.1,30,52278.75,30,0,126720
BANKNIFTY-III.NFO,14/10/2024,09:30:13,52268.75,52265.2,15,52279.95,30,0,126720
BANKNIFTY-III.NFO,14/10/2024,09:30:15,52268.75,52258.95,60,52275.85,30,0,126720
BANKNIFTY-III.NFO,14/10/2024,09:30:16,52268.75,52257.25,15,52269.95,30,0,126720
BANKNIFTY-III.NFO,14/10/2024,09:30:18,52257.3,52257.25,15,52269.95,45,30,126720
BANKNIFTY-III.NFO,14/10/2024,09:30:20,52257.3,52257.25,15,52268.7,75,0,126720
BANKNIFTY-III.NFO,14/10/2024,09:30:21,52257.3,52257.9,45,52270,15,0,126720
BANKNIFTY-III.NFO,14/10/2024,09:30:23,52278.35,52262.05,60,52279.95,30,30,126720
BANKNIFTY-III.NFO,14/10/2024,09:30:23,52278.35,52262.05,60,52279.95,30,0,126720
BANKNIFTY-III.NFO,14/10/2024,09:30:25,52278.35,52259.05,60,52274.95,45,0,126720
BANKNIFTY-III.NFO,14/10/2024,09:30:26,52260.2,52256.95,60,52273.2,30,15,126720
BANKNIFTY-III.NFO,14/10/2024,09:30:28,52272.3,52261.65,15,52272.3,15,15,126720
BANKNIFTY-III.NFO,14/10/2024,09:30:30,52272.3,52257.85,60,52273.3,15,0,126720
BANKNIFTY-III.NFO,14/10/2024,09:30:31,52272.3,52257.7,60,52271.45,15,0,126720
BANKNIFTY-III.NFO,14/10/2024,09:30:33,52260.3,52256.65,15,52268.15,30,15,126720
BANKNIFTY-III.NFO,14/10/2024,09:30:35,52260.3,52246.65,60,52262.6,15,0,126720
BANKNIFTY-III.NFO,14/10/2024,09:30:36,52260.3,52248.75,60,52267.4,30,0,126720
BANKNIFTY-III.NFO,14/10/2024,09:30:38,52260.3,52253,60,52269.1,15,0,126720
BANKNIFTY-III.NFO,14/10/2024,09:30:40,52260.3,52252.1,75,52268.2,30,0,126720
BANKNIFTY-III.NFO,14/10/2024,09:30:41,52270.35,52254.6,60,52270.15,30,15,126720
BANKNIFTY-III.NFO,14/10/2024,09:30:43,52270.35,52253.45,60,52268.45,30,0,126720
BANKNIFTY-III.NFO,14/10/2024,09:30:45,52270.35,52253.5,15,52264.45,30,0,126720
BANKNIFTY-III.NFO,14/10/2024,09:30:46,52270.35,52247.3,60,52263.9,30,0,126720
BANKNIFTY-III.NFO,14/10/2024,09:30:48,52270.35,52248.7,60,52264.85,30,0,126720
BANKNIFTY-III.NFO,14/10/2024,09:30:50,52270.35,52255.3,60,52270.15,30,0,126720
BANKNIFTY-III.NFO,14/10/2024,09:30:51,52270.35,52253.7,75,52270.35,75,0,126720
BANKNIFTY-III.NFO,14/10/2024,09:30:53,52270.35,52258.05,60,52270.35,75,0,126720
BANKNIFTY-III.NFO,14/10/2024,09:30:55,52270.35,52258.45,75,52270.35,75,0,126720
BANKNIFTY-III.NFO,14/10/2024,09:30:56,52270.35,52260.6,30,52270.35,45,30,126585
BANKNIFTY-III.NFO,14/10/2024,09:30:58,52270.35,52260.6,15,52270.35,45,0,126585
BANKNIFTY-III.NFO,14/10/2024,09:31:00,52270.35,52262.75,105,52270.35,15,30,126585
BANKNIFTY-III.NFO,14/10/2024,09:31:01,52270.35,52265.55,60,52270.35,15,0,126585
BANKNIFTY-III.NFO,14/10/2024,09:31:03,52280,52271.8,15,52280,105,30,126585
BANKNIFTY-III.NFO,14/10/2024,09:31:03,52280,52271.8,15,52280,105,0,126585
BANKNIFTY-III.NFO,14/10/2024,09:31:05,52280,52275.1,15,52280,90,15,126585
BANKNIFTY-III.NFO,14/10/2024,09:31:06,52280,52275.85,15,52280,60,30,126585
BANKNIFTY-III.NFO,14/10/2024,09:31:08,52282,52277,30,52289.7,30,75,126585
BANKNIFTY-III.NFO,14/10/2024,09:31:08,52282,52277,30,52289.7,30,0,126585
BANKNIFTY-III.NFO,14/10/2024,09:31:10,52276.4,52275.45,30,52289.65,45,15,126585
BANKNIFTY-III.NFO,14/10/2024,09:31:11,52276.4,52275.2,15,52288.7,15,0,126585
BANKNIFTY-III.NFO,14/10/2024,09:31:13,52276.4,52275.3,15,52285,15,0,126585
BANKNIFTY-III.NFO,14/10/2024,09:31:15,52275.1,52279.4,15,52285,15,15,126585
BANKNIFTY-III.NFO,14/10/2024,09:31:16,52279.4,52279.4,15,52285,15,45,126585
BANKNIFTY-III.NFO,14/10/2024,09:31:18,52279.4,52276.5,15,52285,15,0,126585
BANKNIFTY-III.NFO,14/10/2024,09:31:20,52279.4,52270.05,60,52285,15,0,126585
BANKNIFTY-III.NFO,14/10/2024,09:31:21,52285,52272.7,15,52286.05,30,15,126585
BANKNIFTY-III.NFO,14/10/2024,09:31:21,52285,52272.7,15,52286.05,30,0,126585
BANKNIFTY-III.NFO,14/10/2024,09:31:23,52285,52285,15,52286,30,30,126585
BANKNIFTY-III.NFO,14/10/2024,09:31:25,52285,52271.6,15,52283.75,15,15,126585
BANKNIFTY-III.NFO,14/10/2024,09:31:26,52285,52271.6,15,52282.55,15,0,126585
BANKNIFTY-III.NFO,14/10/2024,09:31:28,52285,52272.85,90,52287.15,15,0,126585
BANKNIFTY-III.NFO,14/10/2024,09:31:30,52285,52276.65,75,52290,15,0,126585
BANKNIFTY-III.NFO,14/10/2024,09:31:31,52285,52279.2,15,52289.9,15,0,126585
BANKNIFTY-III.NFO,14/10/2024,09:31:33,52285,52276.6,15,52287.85,15,0,126585
BANKNIFTY-III.NFO,14/10/2024,09:31:35,52285,52273.3,60,52287.45,15,0,126585
BANKNIFTY-III.NFO,14/10/2024,09:31:36,52285,52273.35,75,52290,45,0,126585
BANKNIFTY-III.NFO,14/10/2024,09:31:38,52285,52275.7,60,52290,45,0,126585
BANKNIFTY-III.NFO,14/10/2024,09:31:40,52285,52274.9,60,52285,15,0,126585
BANKNIFTY-III.NFO,14/10/2024,09:31:41,52285,52279.15,15,52285,15,0,126585
BANKNIFTY-III.NFO,14/10/2024,09:31:43,52285,52273.25,60,52285,15,0,126585
BANKNIFTY-III.NFO,14/10/2024,09:31:45,52285,52274.9,105,52285,15,0,126585
BANKNIFTY-III.NFO,14/10/2024,09:31:46,52285,52274.75,60,52285,30,0,126585
BANKNIFTY-III.NFO,14/10/2024,09:31:48,52285,52275.65,75,52285,30,0,126585
BANKNIFTY-III.NFO,14/10/2024,09:31:50,52285,52276.7,75,52285,30,0,126585
BANKNIFTY-III.NFO,14/10/2024,09:31:51,52284.95,52281.2,60,52290,45,45,126585
BANKNIFTY-III.NFO,14/10/2024,09:31:53,52284.95,52281.65,75,52290,45,0,126585
BANKNIFTY-III.NFO,14/10/2024,09:31:55,52290,52284.1,60,52290,30,15,126585
BANKNIFTY-III.NFO,14/10/2024,09:31:55,52290,52284.1,60,52290,30,0,126585
BANKNIFTY-III.NFO,14/10/2024,09:31:56,52299.95,52283.75,60,52298.65,30,60,126585
BANKNIFTY-III.NFO,14/10/2024,09:31:56,52299.95,52283.75,60,52298.65,30,0,126585
BANKNIFTY-III.NFO,14/10/2024,09:31:58,52299.95,52285,105,52295.5,15,0,126585
BANKNIFTY-III.NFO,14/10/2024,09:32:00,52295.5,52285,105,52299.95,60,15,126585
BANKNIFTY-III.NFO,14/10/2024,09:32:01,52295.5,52285,105,52292.75,15,0,126585
BANKNIFTY-III.NFO,14/10/2024,09:32:05,52295.5,52285.05,15,52292.75,15,0,126585
BANKNIFTY-III.NFO,14/10/2024,09:32:06,52285,52285,90,52292.75,15,15,126585
BANKNIFTY-III.NFO,14/10/2024,09:32:08,52285,52285,90,52292.75,15,0,126585
BANKNIFTY-III.NFO,14/10/2024,09:32:11,52288.95,52285.05,15,52292.75,15,15,126585
BANKNIFTY-III.NFO,14/10/2024,09:32:13,52288.95,52285,120,52292.75,15,0,126585
BANKNIFTY-III.NFO,14/10/2024,09:32:15,52288.95,52285,105,52292.75,15,0,126585
BANKNIFTY-III.NFO,14/10/2024,09:32:18,52288.95,52285,105,52292.35,15,0,126585
BANKNIFTY-III.NFO,14/10/2024,09:32:20,52288.95,52285,105,52292.3,30,0,126585
BANKNIFTY-III.NFO,14/10/2024,09:32:21,52288.95,52285,105,52292.1,15,0,126585
BANKNIFTY-III.NFO,14/10/2024,09:32:23,52288.95,52285,105,52292.75,30,0,126585
BANKNIFTY-III.NFO,14/10/2024,09:32:25,52288.95,52285,105,52292.4,45,0,126585
BANKNIFTY-III.NFO,14/10/2024,09:32:26,52288.95,52285,105,52292.4,60,0,126585
BANKNIFTY-III.NFO,14/10/2024,09:32:28,52285,52270.05,60,52285,30,105,126585
BANKNIFTY-III.NFO,14/10/2024,09:32:30,52285,52270,15,52284.9,30,0,126585
BANKNIFTY-III.NFO,14/10/2024,09:32:31,52285,52270.05,75,52288.7,30,0,126585
BANKNIFTY-III.NFO,14/10/2024,09:32:33,52285,52272.25,75,52292.35,30,0,126585
BANKNIFTY-III.NFO,14/10/2024,09:32:35,52293,52272.45,75,52293,45,75,126585
BANKNIFTY-III.NFO,14/10/2024,09:32:36,52293,52272.75,60,52291.5,45,0,126585
BANKNIFTY-III.NFO,14/10/2024,09:32:38,52293,52270.05,60,52285,30,0,126585
BANKNIFTY-III.NFO,14/10/2024,09:32:40,52270.05,52270.05,60,52275,15,30,126585
BANKNIFTY-III.NFO,14/10/2024,09:32:41,52270.05,52270,15,52275,15,0,126585
BANKNIFTY-III.NFO,14/10/2024,09:32:43,52270.05,52272.25,60,52275,15,0,126585
BANKNIFTY-III.NFO,14/10/2024,09:32:45,52270.05,52270.05,60,52275,15,0,126585
BANKNIFTY-III.NFO,14/10/2024,09:32:46,52270.05,52270,15,52275,15,0,126585
BANKNIFTY-III.NFO,14/10/2024,09:32:48,52270,52268.2,90,52275,15,15,126585
BANKNIFTY-III.NFO,14/10/2024,09:32:50,52270,52268.65,90,52275,15,0,126585
BANKNIFTY-III.NFO,14/10/2024,09:32:51,52270,52263.95,60,52275,15,0,126585
BANKNIFTY-III.NFO,14/10/2024,09:32:53,52270,52259.9,60,52274.95,45,0,126585
BANKNIFTY-III.NFO,14/10/2024,09:32:55,52260.85,52259.8,75,52275,15,15,126585
BANKNIFTY-III.NFO,14/10/2024,09:32:56,52260.85,52261.7,75,52275,15,0,126585
BANKNIFTY-III.NFO,14/10/2024,09:32:58,52260.9,52260.9,60,52275,15,15,126585
BANKNIFTY-III.NFO,14/10/2024,09:33:00,52256.65,52256.85,45,52260.85,15,15,126585
BANKNIFTY-III.NFO,14/10/2024,09:33:01,52256.65,52255.65,60,52260.85,15,0,126585
BANKNIFTY-III.NFO,14/10/2024,09:33:03,52256.65,52253.8,45,52260.85,15,0,126585
BANKNIFTY-III.NFO,14/10/2024,09:33:05,52253.8,52251.9,45,52260.85,15,15,126585
BANKNIFTY-III.NFO,14/10/2024,09:33:06,52253.8,52252.3,60,52260.85,15,0,126585
BANKNIFTY-III.NFO,14/10/2024,09:33:08,52253.8,52254.8,30,52260.85,15,0,126585
BANKNIFTY-III.NFO,14/10/2024,09:33:10,52253.8,52257.1,30,52260.85,15,0,126585
BANKNIFTY-III.NFO,14/10/2024,09:33:11,52253.8,52257.8,45,52260.85,15,0,126585
BANKNIFTY-III.NFO,14/10/2024,09:33:13,52260.85,52261.3,45,52275,15,15,126585
BANKNIFTY-III.NFO,14/10/2024,09:33:15,52260.85,52262.85,30,52275,15,0,126585
BANKNIFTY-III.NFO,14/10/2024,09:33:16,52260.85,52261.75,30,52275,15,0,126585
BANKNIFTY-III.NFO,14/10/2024,09:33:18,52260.85,52260.75,45,52275,15,0,126585
BANKNIFTY-III.NFO,14/10/2024,09:33:20,52260.85,52260.6,45,52275,15,0,126585
BANKNIFTY-III.NFO,14/10/2024,09:33:21,52260.85,52262.2,30,52275,15,0,126585
BANKNIFTY-III.NFO,14/10/2024,09:33:23,52260.85,52264.15,45,52275,15,0,126585
BANKNIFTY-III.NFO,14/10/2024,09:33:25,52260.85,52259.8,30,52274.95,75,0,126585
BANKNIFTY-III.NFO,14/10/2024,09:33:26,52260.85,52257.8,30,52274.95,75,0,126585
BANKNIFTY-III.NFO,14/10/2024,09:33:28,52260.85,52258.05,45,52274.95,15,0,126585
BANKNIFTY-III.NFO,14/10/2024,09:33:30,52260.85,52262.5,30,52274.95,60,0,126585
BANKNIFTY-III.NFO,14/10/2024,09:33:31,52260.85,52260.85,90,52275,15,0,126585
BANKNIFTY-III.NFO,14/10/2024,09:33:33,52260.85,52260.95,30,52274.95,60,0,126585
BANKNIFTY-III.NFO,14/10/2024,09:33:34,52260.85,52263.4,30,52275,15,0,126585
BANKNIFTY-III.NFO,14/10/2024,09:33:36,52260.85,52262.25,30,52275,15,0,126585
BANKNIFTY-III.NFO,14/10/2024,09:33:38,52260.85,52264.55,30,52275,15,0,126585
BANKNIFTY-III.NFO,14/10/2024,09:33:39,52260.85,52270.65,45,52275,15,0,126585
BANKNIFTY-III.NFO,14/10/2024,09:33:41,52260.85,52271.35,60,52275,15,0,126585
BANKNIFTY-III.NFO,14/10/2024,09:33:43,52260.85,52271.4,30,52275,15,0,126585
BANKNIFTY-III.NFO,14/10/2024,09:33:44,52260.85,52270.95,30,52275,15,0,126585
BANKNIFTY-III.NFO,14/10/2024,09:33:46,52260.85,52272.2,30,52275,15,0,126585
BANKNIFTY-III.NFO,14/10/2024,09:33:48,52260.85,52271.05,60,52275,15,0,126585
BANKNIFTY-III.NFO,14/10/2024,09:33:49,52260.85,52271.55,30,52275,15,0,126585
BANKNIFTY-III.NFO,14/10/2024,09:33:51,52260.85,52270.85,45,52275,15,0,126585
BANKNIFTY-III.NFO,14/10/2024,09:33:53,52275,52277.6,45,52292.65,60,15,126480
BANKNIFTY-III.NFO,14/10/2024,09:33:54,52275,52277.3,45,52292.65,60,0,126480
BANKNIFTY-III.NFO,14/10/2024,09:33:56,52275,52284,30,52292.7,30,0,126480
BANKNIFTY-III.NFO,14/10/2024,09:33:58,52275,52281.55,30,52282.75,15,0,126480
BANKNIFTY-III.NFO,14/10/2024,09:33:59,52275,52280.7,30,52282.7,15,0,126480
BANKNIFTY-III.NFO,14/10/2024,09:34:01,52275,52277.8,30,52282.7,15,0,126480
BANKNIFTY-III.NFO,14/10/2024,09:34:03,52275,52277,30,52282.7,15,0,126480
BANKNIFTY-III.NFO,14/10/2024,09:34:04,52275,52274.5,30,52282.7,15,0,126480
BANKNIFTY-III.NFO,14/10/2024,09:34:06,52275,52274.25,45,52282.7,15,0,126480
BANKNIFTY-III.NFO,14/10/2024,09:34:08,52275,52278.15,30,52282.7,15,0,126480
BANKNIFTY-III.NFO,14/10/2024,09:34:09,52275,52279.55,30,52282.7,15,0,126480
BANKNIFTY-III.NFO,14/10/2024,09:34:11,52275,52280.3,30,52289.95,15,0,126480
BANKNIFTY-III.NFO,14/10/2024,09:34:13,52275,52280.75,30,52289.95,15,0,126480
BANKNIFTY-III.NFO,14/10/2024,09:34:14,52280.75,52280.75,15,52289.95,15,15,126480
BANKNIFTY-III.NFO,14/10/2024,09:34:16,52280.75,52281.85,30,52289.95,15,0,126480
BANKNIFTY-III.NFO,14/10/2024,09:34:18,52280.75,52284.2,30,52289.95,15,0,126480
BANKNIFTY-III.NFO,14/10/2024,09:34:19,52280.75,52286.8,15,52289.95,15,0,126480
BANKNIFTY-III.NFO,14/10/2024,09:34:21,52280.75,52284.9,15,52289.95,15,0,126480
BANKNIFTY-III.NFO,14/10/2024,09:34:23,52280.75,52287.6,15,52289.95,15,0,126480
BANKNIFTY-III.NFO,14/10/2024,09:34:24,52280.75,52286.1,15,52289.95,15,0,126480
BANKNIFTY-III.NFO,14/10/2024,09:34:26,52280.75,52287.45,15,52289.95,15,0,126480
BANKNIFTY-III.NFO,14/10/2024,09:34:28,52280.75,52285.6,15,52289.95,15,0,126480
BANKNIFTY-III.NFO,14/10/2024,09:34:29,52280.75,52285.8,15,52289.95,15,0,126480
BANKNIFTY-III.NFO,14/10/2024,09:34:31,52280.75,52284,15,52285.6,15,0,126480
BANKNIFTY-III.NFO,14/10/2024,09:34:33,52280.75,52283.4,15,52285.6,15,0,126480
BANKNIFTY-III.NFO,14/10/2024,09:34:34,52280.75,52280.7,15,52285.6,15,0,126480
BANKNIFTY-III.NFO,14/10/2024,09:34:36,52280.75,52280.7,30,52285.6,15,0,126480
BANKNIFTY-III.NFO,14/10/2024,09:34:37,52280.75,52284,15,52285.6,15,0,126480
BANKNIFTY-III.NFO,14/10/2024,09:34:39,52285.6,52283.4,30,52289.95,15,15,126480
BANKNIFTY-III.NFO,14/10/2024,09:34:41,52285.6,52285.65,30,52289.95,15,0,126480
BANKNIFTY-III.NFO,14/10/2024,09:34:42,52285.6,52286.55,15,52289.95,15,0,126480
BANKNIFTY-III.NFO,14/10/2024,09:34:44,52286.65,52286.25,30,52289.95,15,15,126480
BANKNIFTY-III.NFO,14/10/2024,09:34:46,52286.45,52286.85,45,52289.95,15,15,126480
BANKNIFTY-III.NFO,14/10/2024,09:34:47,52286.45,52286.3,45,52289.95,15,0,126480
BANKNIFTY-III.NFO,14/10/2024,09:34:49,52286.45,52280.6,15,52289.95,15,0,126480
BANKNIFTY-III.NFO,14/10/2024,09:34:51,52286.45,52281.9,45,52289.95,15,0,126480
BANKNIFTY-III.NFO,14/10/2024,09:34:52,52286.45,52286.55,15,52289.95,15,0,126480
BANKNIFTY-III.NFO,14/10/2024,09:34:54,52286.45,52286.55,30,52289.95,15,0,126480
BANKNIFTY-III.NFO,14/10/2024,09:34:59,52286.45,52286.95,45,52289.95,15,0,126480
BANKNIFTY-III.NFO,14/10/2024,09:35:00,52286.45,52287.25,45,52289.95,15,0,126480
BANKNIFTY-III.NFO,14/10/2024,09:35:02,52289.95,52286.6,15,52291.8,15,15,126480
BANKNIFTY-III.NFO,14/10/2024,09:35:04,52289.95,52280.65,15,52292.75,60,0,126480
BANKNIFTY-III.NFO,14/10/2024,09:35:05,52289.95,52280.7,30,52292.75,60,0,126480
BANKNIFTY-III.NFO,14/10/2024,09:35:07,52289.95,52278.7,45,52292.75,105,0,126480
BANKNIFTY-III.NFO,14/10/2024,09:35:10,52289.95,52271.6,15,52286,75,0,126480
BANKNIFTY-III.NFO,14/10/2024,09:35:12,52289.95,52271.65,45,52289.85,75,0,126480
BANKNIFTY-III.NFO,14/10/2024,09:35:14,52289.95,52277.55,15,52292.45,60,0,126480
BANKNIFTY-III.NFO,14/10/2024,09:35:15,52289.95,52277.55,15,52292.75,75,0,126480
BANKNIFTY-III.NFO,14/10/2024,09:35:17,52289.95,52282.35,15,52292.75,60,0,126480
BANKNIFTY-III.NFO,14/10/2024,09:35:19,52289.95,52278.8,45,52292.75,105,0,126480
BANKNIFTY-III.NFO,14/10/2024,09:35:20,52289.95,52278.8,45,52292.65,75,0,126480
BANKNIFTY-III.NFO,14/10/2024,09:35:22,52289.95,52278.25,45,52292.65,75,0,126480
BANKNIFTY-III.NFO,14/10/2024,09:35:24,52289.95,52278.25,45,52291.9,75,0,126480
BANKNIFTY-III.NFO,14/10/2024,09:35:25,52289.95,52276.6,15,52290.75,75,0,126480
BANKNIFTY-III.NFO,14/10/2024,09:35:27,52289.95,52276.6,15,52291.25,75,0,126480
BANKNIFTY-III.NFO,14/10/2024,09:35:29,52289.95,52272.35,45,52290,75,0,126480
BANKNIFTY-III.NFO,14/10/2024,09:35:30,52289.95,52274.7,45,52290.95,75,0,126480
BANKNIFTY-III.NFO,14/10/2024,09:35:32,52289.95,52275.2,45,52291,75,0,126480
BANKNIFTY-III.NFO,14/10/2024,09:35:34,52289.95,52275.2,30,52290.95,75,0,126480
BANKNIFTY-III.NFO,14/10/2024,09:35:35,52289.95,52275.55,15,52291,60,0,126480
BANKNIFTY-III.NFO,14/10/2024,09:35:37,52289.95,52274.1,30,52286.9,45,0,126480
BANKNIFTY-III.NFO,14/10/2024,09:35:39,52289.95,52273.2,30,52289.95,75,0,126480
BANKNIFTY-III.NFO,14/10/2024,09:35:40,52289.95,52276.25,30,52290,15,0,126480
BANKNIFTY-III.NFO,14/10/2024,09:35:42,52289.95,52283.35,15,52290,15,0,126480
BANKNIFTY-III.NFO,14/10/2024,09:35:44,52292.3,52284.9,30,52292.3,15,30,126480
BANKNIFTY-III.NFO,14/10/2024,09:35:46,52292.3,52286.35,15,52292.3,15,0,126480
BANKNIFTY-III.NFO,14/10/2024,09:35:47,52292.3,52283.95,15,52292.3,15,0,126480
BANKNIFTY-III.NFO,14/10/2024,09:35:49,52292.3,52284.1,45,52292.3,15,0,126480
BANKNIFTY-III.NFO,14/10/2024,09:35:51,52292.3,52287.6,15,52292.3,15,0,126480
BANKNIFTY-III.NFO,14/10/2024,09:35:56,52292.3,52290.7,15,52294.95,45,0,126480
BANKNIFTY-III.NFO,14/10/2024,09:35:57,52292.3,52290.9,15,52294.95,45,0,126480
BANKNIFTY-III.NFO,14/10/2024,09:35:59,52292.3,52291.6,15,52294.95,45,0,126480
BANKNIFTY-III.NFO,14/10/2024,09:36:01,52292.8,52289.3,15,52294.95,45,45,126480
BANKNIFTY-III.NFO,14/10/2024,09:36:02,52292.8,52290.55,45,52294.95,45,0,126480
BANKNIFTY-III.NFO,14/10/2024,09:36:04,52292.8,52289.5,15,52292,15,0,126480
BANKNIFTY-III.NFO,14/10/2024,09:36:05,52292.8,52289.65,45,52292,15,0,126480
BANKNIFTY-III.NFO,14/10/2024,09:36:07,52292.8,52289.3,45,52292,15,0,126480
BANKNIFTY-III.NFO,14/10/2024,09:36:09,52297,52295.7,45,52300,225,75,126480
BANKNIFTY-III.NFO,14/10/2024,09:36:10,52297,52295.7,45,52300,225,0,126480
BANKNIFTY-III.NFO,14/10/2024,09:36:12,52300,52295.8,45,52300,150,75,126480
BANKNIFTY-III.NFO,14/10/2024,09:36:12,52300,52295.8,45,52300,150,0,126480
BANKNIFTY-III.NFO,14/10/2024,09:36:14,52300,52294.65,45,52297.25,15,15,126480
BANKNIFTY-III.NFO,14/10/2024,09:36:15,52300,52293.7,45,52297.3,15,60,126480
BANKNIFTY-III.NFO,14/10/2024,09:36:17,52297.3,52289.65,15,52297.25,60,45,126480
BANKNIFTY-III.NFO,14/10/2024,09:36:19,52297.3,52291.6,15,52297.3,15,0,126480
BANKNIFTY-III.NFO,14/10/2024,09:36:20,52297.3,52292,45,52299.95,60,15,126480
BANKNIFTY-III.NFO,14/10/2024,09:36:22,52297.3,52292.45,45,52297.3,15,0,126480
BANKNIFTY-III.NFO,14/10/2024,09:36:24,52297.3,52292.6,45,52297.3,15,0,126480
BANKNIFTY-III.NFO,14/10/2024,09:36:25,52297.3,52292.75,45,52297.3,15,0,126480
BANKNIFTY-III.NFO,14/10/2024,09:36:27,52297.3,52292.75,45,52296.8,15,0,126480
BANKNIFTY-III.NFO,14/10/2024,09:36:30,52292.75,52292.75,30,52296.8,15,15,126480
BANKNIFTY-III.NFO,14/10/2024,09:36:32,52296.8,52292.75,30,52297.3,15,15,126480
BANKNIFTY-III.NFO,14/10/2024,09:36:33,52296.8,52292.75,30,52297.3,15,0,126480
BANKNIFTY-III.NFO,14/10/2024,09:36:37,52296.8,52292.75,30,52296.8,30,0,126480
BANKNIFTY-III.NFO,14/10/2024,09:36:38,52296.8,52292.8,15,52296.75,60,0,126480
BANKNIFTY-III.NFO,14/10/2024,09:36:40,52296.8,52276.6,15,52292.8,60,0,126480
BANKNIFTY-III.NFO,14/10/2024,09:36:42,52278.1,52278.1,30,52295,60,15,126480
BANKNIFTY-III.NFO,14/10/2024,09:36:45,52278.1,52278.25,45,52296.05,60,0,126480
BANKNIFTY-III.NFO,14/10/2024,09:36:47,52296.05,52277.95,15,52293.7,90,15,126480
BANKNIFTY-III.NFO,14/10/2024,09:36:48,52296.05,52287.3,15,52296.75,60,0,126480
BANKNIFTY-III.NFO,14/10/2024,09:36:50,52296.05,52287.25,15,52296.8,30,0,126480
BANKNIFTY-III.NFO,14/10/2024,09:36:53,52296.05,52282.65,15,52296.7,45,0,126480
BANKNIFTY-III.NFO,14/10/2024,09:36:55,52296.05,52282.95,15,52296.7,60,0,126480
BANKNIFTY-III.NFO,14/10/2024,09:36:57,52296.05,52283.95,15,52296.25,45,0,126480
BANKNIFTY-III.NFO,14/10/2024,09:36:58,52296.05,52282.65,15,52296.25,60,0,126480
BANKNIFTY-III.NFO,14/10/2024,09:37:00,52296.05,52282.75,15,52296.25,60,0,126480
BANKNIFTY-III.NFO,14/10/2024,09:37:02,52296.05,52282.65,15,52296.25,60,0,126480
BANKNIFTY-III.NFO,14/10/2024,09:37:03,52296.2,52282.6,15,52296.2,60,15,126480
BANKNIFTY-III.NFO,14/10/2024,09:37:05,52296.2,52282.6,15,52294.9,60,0,126405
BANKNIFTY-III.NFO,14/10/2024,09:37:06,52296.2,52279.35,30,52295.9,60,0,126405
BANKNIFTY-III.NFO,14/10/2024,09:37:08,52296.2,52279.45,30,52287.25,15,0,126405
BANKNIFTY-III.NFO,14/10/2024,09:37:10,52296.2,52279.65,30,52287.25,15,0,126405
BANKNIFTY-III.NFO,14/10/2024,09:37:11,52296.2,52280.95,60,52287.25,15,0,126405
BANKNIFTY-III.NFO,14/10/2024,09:37:13,52281.65,52281.65,30,52287.25,15,30,126405
BANKNIFTY-III.NFO,14/10/2024,09:37:15,52281.65,52281.75,30,52287.25,15,0,126405
BANKNIFTY-III.NFO,14/10/2024,09:37:16,52281.65,52281.1,150,52287.25,15,0,126405
BANKNIFTY-III.NFO,14/10/2024,09:37:18,52281.65,52280.35,30,52287.25,15,0,126405
BANKNIFTY-III.NFO,14/10/2024,09:37:20,52281.65,52283.35,150,52287.25,15,0,126405
BANKNIFTY-III.NFO,14/10/2024,09:37:21,52281.65,52284.3,30,52287.25,15,0,126405
BANKNIFTY-III.NFO,14/10/2024,09:37:23,52296.8,52299,15,52300,120,75,126405
BANKNIFTY-III.NFO,14/10/2024,09:37:24,52300,52295,30,52300,105,15,126405
BANKNIFTY-III.NFO,14/10/2024,09:37:26,52300,52299.9,15,52300,105,0,126405
BANKNIFTY-III.NFO,14/10/2024,09:37:33,52313.45,52300.65,30,52315.85,90,120,126405
BANKNIFTY-III.NFO,14/10/2024,09:37:33,52313.45,52300.65,30,52315.85,90,0,126405
BANKNIFTY-III.NFO,14/10/2024,09:37:35,52313.45,52300.65,30,52315.85,105,0,126405
BANKNIFTY-III.NFO,14/10/2024,09:37:36,52313.45,52300.65,15,52315.85,105,0,126405
BANKNIFTY-III.NFO,14/10/2024,09:37:38,52313.45,52300.65,15,52314,105,0,126405
BANKNIFTY-III.NFO,14/10/2024,09:37:40,52313.45,52300.65,15,52312.9,105,0,126405
BANKNIFTY-III.NFO,14/10/2024,09:37:41,52313.45,52302.7,15,52302.8,15,0,126405
BANKNIFTY-III.NFO,14/10/2024,09:37:45,52310.85,52302.9,15,52310.35,60,60,126405
BANKNIFTY-III.NFO,14/10/2024,09:37:46,52310.85,52298.25,15,52310.9,60,0,126405
BANKNIFTY-III.NFO,14/10/2024,09:37:48,52310.85,52294,15,52307.25,60,0,126405
BANKNIFTY-III.NFO,14/10/2024,09:37:50,52310.85,52294.85,75,52312.1,75,0,126405
BANKNIFTY-III.NFO,14/10/2024,09:37:51,52310.85,52294.3,30,52310.9,75,0,126405
BANKNIFTY-III.NFO,14/10/2024,09:37:53,52295.3,52295.25,30,52311.4,75,15,126405
BANKNIFTY-III.NFO,14/10/2024,09:37:55,52295.3,52301.2,15,52311.4,60,0,126405
BANKNIFTY-III.NFO,14/10/2024,09:37:56,52295.3,52297.65,60,52311.4,60,0,126405
BANKNIFTY-III.NFO,14/10/2024,09:37:58,52295.3,52300.6,15,52311.4,60,0,126405
BANKNIFTY-III.NFO,14/10/2024,09:38:00,52295.3,52300.65,15,52312.4,60,0,126405
BANKNIFTY-III.NFO,14/10/2024,09:38:01,52295.3,52299.55,15,52312.4,60,0,126405
BANKNIFTY-III.NFO,14/10/2024,09:38:05,52295.3,52297.6,90,52312.4,60,0,126405
BANKNIFTY-III.NFO,14/10/2024,09:38:06,52295.3,52298.65,60,52312.45,15,0,126405
BANKNIFTY-III.NFO,14/10/2024,09:38:08,52295.3,52309.85,45,52320,15,0,126405
BANKNIFTY-III.NFO,14/10/2024,09:38:10,52295.3,52301.5,45,52319.95,105,0,126405
BANKNIFTY-III.NFO,14/10/2024,09:38:11,52295.3,52304.25,60,52319.95,60,0,126405
BANKNIFTY-III.NFO,14/10/2024,09:38:13,52295.3,52304.65,45,52319.95,75,0,126405
BANKNIFTY-III.NFO,14/10/2024,09:38:15,52295.3,52304.8,15,52312.8,15,0,126405
BANKNIFTY-III.NFO,14/10/2024,09:38:16,52295.3,52306.95,15,52312.8,15,0,126405
BANKNIFTY-III.NFO,14/10/2024,09:38:18,52311.45,52311.7,15,52312.8,15,15,126405
BANKNIFTY-III.NFO,14/10/2024,09:38:20,52311.45,52306.95,15,52312.8,15,0,126405
BANKNIFTY-III.NFO,14/10/2024,09:38:25,52311.45,52307.4,45,52320,15,0,126405
BANKNIFTY-III.NFO,14/10/2024,09:38:26,52311.45,52307.9,45,52320,15,0,126405
BANKNIFTY-III.NFO,14/10/2024,09:38:28,52311.45,52307.95,15,52320,15,0,126405
BANKNIFTY-III.NFO,14/10/2024,09:38:30,52311.45,52307.95,15,52319.95,75,0,126405
BANKNIFTY-III.NFO,14/10/2024,09:38:31,52311.45,52303.9,45,52319.95,105,0,126405
BANKNIFTY-III.NFO,14/10/2024,09:38:33,52311.45,52304.25,15,52319.95,105,0,126405
BANKNIFTY-III.NFO,14/10/2024,09:38:35,52311.45,52304.45,15,52319.95,105,0,126405
BANKNIFTY-III.NFO,14/10/2024,09:38:36,52311.45,52304.45,15,52312.8,15,0,126405
BANKNIFTY-III.NFO,14/10/2024,09:38:41,52311.45,52301.7,45,52312.75,15,0,126405
BANKNIFTY-III.NFO,14/10/2024,09:38:43,52311.45,52311.45,15,52316.8,60,0,126405
BANKNIFTY-III.NFO,14/10/2024,09:38:45,52311.45,52311.45,15,52318.6,75,0,126405
BANKNIFTY-III.NFO,14/10/2024,09:38:46,52311.45,52311.45,15,52319.6,90,0,126405
BANKNIFTY-III.NFO,14/10/2024,09:38:48,52311.45,52311.45,15,52315.15,60,0,126405
BANKNIFTY-III.NFO,14/10/2024,09:38:49,52311.45,52311.45,15,52314,60,0,126405
BANKNIFTY-III.NFO,14/10/2024,09:38:51,52311.45,52300,15,52312.55,75,15,126405
BANKNIFTY-III.NFO,14/10/2024,09:38:53,52311.45,52300,15,52311.6,75,0,126405
BANKNIFTY-III.NFO,14/10/2024,09:38:54,52311.45,52300,15,52311.1,60,0,126405
BANKNIFTY-III.NFO,14/10/2024,09:38:56,52311.45,52300,15,52310.1,75,0,126405
BANKNIFTY-III.NFO,14/10/2024,09:38:58,52311.45,52300,15,52306.2,75,0,126405
BANKNIFTY-III.NFO,14/10/2024,09:38:59,52311.45,52300,15,52304.95,60,0,126405
BANKNIFTY-III.NFO,14/10/2024,09:39:01,52311.45,52300,15,52308.2,60,0,126405
BANKNIFTY-III.NFO,14/10/2024,09:39:03,52311.45,52300,15,52307.55,75,0,126405
BANKNIFTY-III.NFO,14/10/2024,09:39:04,52311.45,52300,15,52311.65,75,0,126405
BANKNIFTY-III.NFO,14/10/2024,09:39:06,52311.45,52300,15,52310.05,75,0,126405
BANKNIFTY-III.NFO,14/10/2024,09:39:08,52311.45,52300,15,52308.75,60,0,126405
BANKNIFTY-III.NFO,14/10/2024,09:39:09,52311.45,52300,15,52308.95,60,0,126405
BANKNIFTY-III.NFO,14/10/2024,09:39:11,52311.45,52300,15,52302.75,15,0,126405
BANKNIFTY-III.NFO,14/10/2024,09:39:13,52311.45,52302.65,15,52302.75,15,0,126405
BANKNIFTY-III.NFO,14/10/2024,09:39:14,52311.45,52300,15,52302.75,15,0,126405
BANKNIFTY-III.NFO,14/10/2024,09:39:16,52312.35,52302.7,15,52311.7,60,60,126405
BANKNIFTY-III.NFO,14/10/2024,09:39:18,52312.35,52302.7,15,52312.05,60,0,126405
BANKNIFTY-III.NFO,14/10/2024,09:39:19,52312.35,52302.7,15,52309.85,30,0,126405
BANKNIFTY-III.NFO,14/10/2024,09:39:21,52312.35,52300.1,45,52307.95,30,0,126405
BANKNIFTY-III.NFO,14/10/2024,09:39:23,52312.35,52300,15,52306.3,30,0,126405
BANKNIFTY-III.NFO,14/10/2024,09:39:24,52312.35,52300,15,52307.7,30,0,126405
BANKNIFTY-III.NFO,14/10/2024,09:39:26,52312.35,52307.7,15,52309.8,60,0,126405
BANKNIFTY-III.NFO,14/10/2024,09:39:28,52307.7,52300,15,52305.75,15,15,126405
BANKNIFTY-III.NFO,14/10/2024,09:39:29,52307.7,52300,15,52303.7,15,0,126405
BANKNIFTY-III.NFO,14/10/2024,09:39:31,52307.7,52300,15,52302.8,15,0,126405
BANKNIFTY-III.NFO,14/10/2024,09:39:33,52307.7,52300,15,52302.75,15,0,126405
BANKNIFTY-III.NFO,14/10/2024,09:39:34,52300,52295.3,15,52302.7,15,15,126405
BANKNIFTY-III.NFO,14/10/2024,09:39:36,52300,52295.35,30,52304.5,15,0,126405
BANKNIFTY-III.NFO,14/10/2024,09:39:38,52300,52295.35,30,52302.95,15,0,126405
BANKNIFTY-III.NFO,14/10/2024,09:39:39,52300,52295.35,30,52301.95,15,0,126405
BANKNIFTY-III.NFO,14/10/2024,09:39:41,52300,52295.3,15,52305.6,75,0,126405
BANKNIFTY-III.NFO,14/10/2024,09:39:43,52300,52295.35,30,52307.65,75,0,126405
BANKNIFTY-III.NFO,14/10/2024,09:39:44,52300,52300,15,52305,15,0,126405
BANKNIFTY-III.NFO,14/10/2024,09:39:46,52300,52300,15,52307.7,15,0,126405
BANKNIFTY-III.NFO,14/10/2024,09:39:49,52300,52300,15,52307.6,45,0,126405
BANKNIFTY-III.NFO,14/10/2024,09:39:51,52300,52300,15,52307.7,15,0,126405
BANKNIFTY-III.NFO,14/10/2024,09:39:53,52300,52300,15,52307.65,60,0,126405
BANKNIFTY-III.NFO,14/10/2024,09:39:54,52300,52295.3,15,52300,15,15,126225
BANKNIFTY-III.NFO,14/10/2024,09:39:56,52300,52295.3,15,52300,15,0,126225
BANKNIFTY-III.NFO,14/10/2024,09:39:58,52295.3,52290.45,60,52300,15,15,126225
BANKNIFTY-III.NFO,14/10/2024,09:39:59,52295.3,52290.65,60,52300,15,0,126225
BANKNIFTY-III.NFO,14/10/2024,09:40:01,52295.3,52293.9,60,52300,15,0,126225
BANKNIFTY-III.NFO,14/10/2024,09:40:03,52295.3,52295.35,60,52300,15,0,126225
BANKNIFTY-III.NFO,14/10/2024,09:40:04,52295.3,52296.2,90,52300,15,0,126225
BANKNIFTY-III.NFO,14/10/2024,09:40:06,52295.3,52296.5,60,52300,15,0,126225
BANKNIFTY-III.NFO,14/10/2024,09:40:08,52295.3,52297.5,60,52300,15,0,126225
BANKNIFTY-III.NFO,14/10/2024,09:40:10,52295.3,52298.35,60,52300,15,0,126225
BANKNIFTY-III.NFO,14/10/2024,09:40:11,52295.3,52299.05,60,52300,15,0,126225
BANKNIFTY-III.NFO,14/10/2024,09:40:13,52295.3,52296.2,60,52300,15,0,126225
BANKNIFTY-III.NFO,14/10/2024,09:40:15,52295.3,52296.75,15,52300,15,0,126225
BANKNIFTY-III.NFO,14/10/2024,09:40:16,52307.7,52308.7,15,52310,15,90,126225
BANKNIFTY-III.NFO,14/10/2024,09:40:18,52310,52303.65,15,52312.9,15,15,126225
BANKNIFTY-III.NFO,14/10/2024,09:40:20,52310,52304.1,15,52315.85,15,0,126225
BANKNIFTY-III.NFO,14/10/2024,09:40:21,52310,52304.5,15,52315.6,15,0,126225
BANKNIFTY-III.NFO,14/10/2024,09:40:23,52310,52305,15,52314.4,15,0,126225
BANKNIFTY-III.NFO,14/10/2024,09:40:25,52310,52305.4,15,52313.6,15,0,126225
BANKNIFTY-III.NFO,14/10/2024,09:40:26,52310,52305.5,15,52313.7,15,0,126225
BANKNIFTY-III.NFO,14/10/2024,09:40:28,52310,52305.5,15,52312.4,15,0,126225
BANKNIFTY-III.NFO,14/10/2024,09:40:29,52305.5,52305.5,15,52310,15,15,126225
BANKNIFTY-III.NFO,14/10/2024,09:40:31,52305.5,52305.5,15,52310,15,0,126225
BANKNIFTY-III.NFO,14/10/2024,09:40:37,52305.5,52305.5,15,52308.5,30,15,126225
BANKNIFTY-III.NFO,14/10/2024,09:40:39,52305.5,52305.5,15,52308.5,15,0,126225
BANKNIFTY-III.NFO,14/10/2024,09:40:40,52305.5,52305.5,15,52310,15,0,126225
BANKNIFTY-III.NFO,14/10/2024,09:40:47,52305.5,52296.85,15,52307.2,15,0,126225
BANKNIFTY-III.NFO,14/10/2024,09:40:49,52305.5,52298.15,15,52306.2,15,0,126225
BANKNIFTY-III.NFO,14/10/2024,09:40:50,52307.05,52298.35,15,52307.5,15,15,126225
BANKNIFTY-III.NFO,14/10/2024,09:40:52,52307.05,52289.65,60,52307.55,45,0,126225
BANKNIFTY-III.NFO,14/10/2024,09:40:54,52307.05,52293.6,105,52308.05,45,0,126225
BANKNIFTY-III.NFO,14/10/2024,09:40:55,52307.05,52293.8,60,52307.45,45,0,126225
BANKNIFTY-III.NFO,14/10/2024,09:40:57,52295.3,52295.3,60,52307.45,45,15,126225
BANKNIFTY-III.NFO,14/10/2024,09:40:59,52295.3,52293.8,75,52307.45,45,0,126225
BANKNIFTY-III.NFO,14/10/2024,09:41:00,52295.3,52292.75,60,52307.45,60,0,126225
BANKNIFTY-III.NFO,14/10/2024,09:41:02,52295.3,52288.85,60,52304.9,60,0,126225
BANKNIFTY-III.NFO,14/10/2024,09:41:04,52295.3,52285.55,75,52301.4,45,0,126225
BANKNIFTY-III.NFO,14/10/2024,09:41:05,52295.3,52287.3,75,52302.4,45,0,126225
BANKNIFTY-III.NFO,14/10/2024,09:41:07,52295.3,52288.2,105,52303.65,30,0,126225
BANKNIFTY-III.NFO,14/10/2024,09:41:09,52295.3,52289.95,75,52305.45,45,0,126225
BANKNIFTY-III.NFO,14/10/2024,09:41:10,52295.3,52290.85,60,52305.95,45,0,126225
BANKNIFTY-III.NFO,14/10/2024,09:41:12,52295.3,52291.65,75,52306,45,0,126225
BANKNIFTY-III.NFO,14/10/2024,09:41:14,52295.3,52292.35,75,52306,45,0,126225
BANKNIFTY-III.NFO,14/10/2024,09:41:15,52295.3,52297.8,75,52307.3,45,0,126225
BANKNIFTY-III.NFO,14/10/2024,09:41:17,52297.35,52297.3,75,52307.3,45,15,126225
BANKNIFTY-III.NFO,14/10/2024,09:41:19,52297.35,52299.95,60,52309.8,45,0,126225
BANKNIFTY-III.NFO,14/10/2024,09:41:20,52297.35,52294.9,60,52309.8,45,0,126225
BANKNIFTY-III.NFO,14/10/2024,09:41:22,52297.35,52298.65,90,52309.8,45,0,126225
BANKNIFTY-III.NFO,14/10/2024,09:41:24,52297.35,52291.85,60,52308.6,45,0,126225
BANKNIFTY-III.NFO,14/10/2024,09:41:25,52297.35,52293.95,30,52307,45,0,126225
BANKNIFTY-III.NFO,14/10/2024,09:41:27,52297.35,52291.55,75,52300,15,0,126225
BANKNIFTY-III.NFO,14/10/2024,09:41:29,52297.35,52292.6,60,52300,15,0,126225
BANKNIFTY-III.NFO,14/10/2024,09:41:30,52297.35,52291.25,60,52300,15,0,126225
BANKNIFTY-III.NFO,14/10/2024,09:41:32,52300,52291.95,75,52303,15,15,126225
BANKNIFTY-III.NFO,14/10/2024,09:41:34,52300,52292.6,60,52303,15,0,126225
BANKNIFTY-III.NFO,14/10/2024,09:41:35,52300,52290.9,60,52302.9,45,0,126225
BANKNIFTY-III.NFO,14/10/2024,09:41:37,52300,52289.8,60,52302.9,45,0,126225
BANKNIFTY-III.NFO,14/10/2024,09:41:39,52300,52289.05,30,52301.7,45,0,126225
BANKNIFTY-III.NFO,14/10/2024,09:41:40,52300,52289.2,60,52302.15,45,0,126225
BANKNIFTY-III.NFO,14/10/2024,09:41:42,52289.85,52292.75,60,52302.15,45,15,126225
BANKNIFTY-III.NFO,14/10/2024,09:41:44,52289.85,52295.1,75,52302.15,45,0,126225
BANKNIFTY-III.NFO,14/10/2024,09:41:45,52289.85,52296,60,52302.15,45,0,126225
BANKNIFTY-III.NFO,14/10/2024,09:41:47,52289.85,52293.85,75,52302.15,45,0,126225
BANKNIFTY-III.NFO,14/10/2024,09:41:49,52289.85,52297.5,90,52303,15,0,126225
BANKNIFTY-III.NFO,14/10/2024,09:41:50,52289.85,52297.25,105,52303,15,0,126225
BANKNIFTY-III.NFO,14/10/2024,09:41:52,52302.05,52302.2,75,52315.55,45,30,126225
BANKNIFTY-III.NFO,14/10/2024,09:41:54,52302.05,52300.25,60,52314,60,0,126225
BANKNIFTY-III.NFO,14/10/2024,09:41:55,52302.05,52298.65,75,52314,60,0,126225
BANKNIFTY-III.NFO,14/10/2024,09:41:57,52300.1,52300.1,45,52313.55,60,15,126225
BANKNIFTY-III.NFO,14/10/2024,09:41:59,52300.1,52301.3,60,52315.45,45,0,126225
BANKNIFTY-III.NFO,14/10/2024,09:42:00,52300.1,52302.45,60,52315.3,45,0,126225
BANKNIFTY-III.NFO,14/10/2024,09:42:02,52300.1,52299.2,60,52315.5,60,0,126225
BANKNIFTY-III.NFO,14/10/2024,09:42:04,52300.1,52299.05,90,52312.75,45,0,126225
BANKNIFTY-III.NFO,14/10/2024,09:42:05,52300.1,52301.75,15,52315.2,60,0,126225
BANKNIFTY-III.NFO,14/10/2024,09:42:07,52300.1,52298.25,60,52310,15,0,126225
BANKNIFTY-III.NFO,14/10/2024,09:42:08,52300.1,52298.6,60,52310,15,0,126225
BANKNIFTY-III.NFO,14/10/2024,09:42:10,52300.1,52298.6,45,52310,15,0,126225
BANKNIFTY-III.NFO,14/10/2024,09:42:12,52300.1,52299.45,60,52310,15,0,126225
BANKNIFTY-III.NFO,14/10/2024,09:42:13,52300.1,52299.4,60,52310,15,0,126225
BANKNIFTY-III.NFO,14/10/2024,09:42:15,52300.1,52297.05,15,52309.95,60,0,126225
BANKNIFTY-III.NFO,14/10/2024,09:42:17,52300.1,52300.25,45,52310,15,0,126225
BANKNIFTY-III.NFO,14/10/2024,09:42:18,52300.1,52301.35,60,52310,15,0,126225
BANKNIFTY-III.NFO,14/10/2024,09:42:20,52301.5,52301.45,15,52310,15,15,126225
BANKNIFTY-III.NFO,14/10/2024,09:42:22,52301.5,52302.25,15,52310,15,0,126225
BANKNIFTY-III.NFO,14/10/2024,09:42:24,52301.5,52298.1,30,52309.95,60,0,126225
BANKNIFTY-III.NFO,14/10/2024,09:42:25,52301.5,52298.45,15,52309.95,60,0,126225
BANKNIFTY-III.NFO,14/10/2024,09:42:27,52301.5,52299.05,15,52310,15,0,126225
BANKNIFTY-III.NFO,14/10/2024,09:42:28,52301.5,52299.45,15,52310,15,0,126225
BANKNIFTY-III.NFO,14/10/2024,09:42:30,52301.5,52299.95,15,52310,15,0,126225
BANKNIFTY-III.NFO,14/10/2024,09:42:32,52301.5,52300.35,15,52310,15,0,126225
BANKNIFTY-III.NFO,14/10/2024,09:42:33,52301.5,52300.75,15,52310,15,0,126225
BANKNIFTY-III.NFO,14/10/2024,09:42:35,52301.5,52301.3,30,52310,15,0,126225
BANKNIFTY-III.NFO,14/10/2024,09:42:37,52301.5,52301.35,30,52310,15,0,126225
BANKNIFTY-III.NFO,14/10/2024,09:42:43,52301.5,52303.15,45,52310,15,0,126225
BANKNIFTY-III.NFO,14/10/2024,09:42:45,52301.5,52303.65,15,52310,15,0,126225
BANKNIFTY-III.NFO,14/10/2024,09:42:47,52301.5,52304.3,45,52310,15,0,126225
BANKNIFTY-III.NFO,14/10/2024,09:42:48,52301.5,52304.9,45,52310,15,0,126225
BANKNIFTY-III.NFO,14/10/2024,09:42:50,52301.5,52305.45,15,52310,15,0,126225
BANKNIFTY-III.NFO,14/10/2024,09:42:55,52301.5,52309.9,30,52310,15,0,126225
BANKNIFTY-III.NFO,14/10/2024,09:43:00,52301.5,52310.05,45,52312,15,0,126225
BANKNIFTY-III.NFO,14/10/2024,09:43:02,52323.35,52310.6,45,52324.95,45,255,126225
BANKNIFTY-III.NFO,14/10/2024,09:43:02,52323.35,52310.6,45,52324.95,45,0,126225
BANKNIFTY-III.NFO,14/10/2024,09:43:03,52323.35,52306.1,75,52320.7,30,0,126225
BANKNIFTY-III.NFO,14/10/2024,09:43:05,52323.35,52306.1,75,52320.75,30,0,126225
BANKNIFTY-III.NFO,14/10/2024,09:43:07,52323.35,52305.4,15,52319.5,30,0,126225
BANKNIFTY-III.NFO,14/10/2024,09:43:08,52323.35,52305.55,75,52320.75,30,0,126225
BANKNIFTY-III.NFO,14/10/2024,09:43:10,52323.35,52306.35,75,52320.8,45,0,126225
BANKNIFTY-III.NFO,14/10/2024,09:43:12,52322.3,52310.05,45,52325,165,120,126225
BANKNIFTY-III.NFO,14/10/2024,09:43:13,52322.3,52311.9,75,52324.8,45,0,126225
BANKNIFTY-III.NFO,14/10/2024,09:43:15,52322.3,52318.7,45,52325,150,0,126225
BANKNIFTY-III.NFO,14/10/2024,09:43:17,52322.3,52317.9,45,52325,150,0,126225
BANKNIFTY-III.NFO,14/10/2024,09:43:18,52322.3,52317.85,45,52325,150,0,126225
BANKNIFTY-III.NFO,14/10/2024,09:43:20,52322.3,52318.35,30,52325,150,0,126225
BANKNIFTY-III.NFO,14/10/2024,09:43:22,52322.3,52318.45,30,52325,150,0,126225
BANKNIFTY-III.NFO,14/10/2024,09:43:23,52325,52325,150,52325.75,15,150,126225
BANKNIFTY-III.NFO,14/10/2024,09:43:23,52325,52325,150,52325.75,15,0,126225
BANKNIFTY-III.NFO,14/10/2024,09:43:25,52327.7,52330.6,15,52336.8,45,30,126225
BANKNIFTY-III.NFO,14/10/2024,09:43:25,52327.7,52330.6,15,52336.8,45,0,126225
BANKNIFTY-III.NFO,14/10/2024,09:43:27,52327.7,52331.05,15,52336.75,45,0,126225
BANKNIFTY-III.NFO,14/10/2024,09:43:28,52327.7,52332.1,15,52336.75,45,0,126225
BANKNIFTY-III.NFO,14/10/2024,09:43:30,52336.95,52336.35,60,52349.85,45,15,126225
BANKNIFTY-III.NFO,14/10/2024,09:43:30,52336.95,52336.35,60,52349.85,45,0,126225
BANKNIFTY-III.NFO,14/10/2024,09:43:32,52336.95,52342.5,15,52350,915,0,126225
BANKNIFTY-III.NFO,14/10/2024,09:43:33,52336.95,52339.25,15,52350,915,0,126225
BANKNIFTY-III.NFO,14/10/2024,09:43:35,52336.95,52342.75,15,52350,915,0,126225
BANKNIFTY-III.NFO,14/10/2024,09:43:37,52336.95,52347.1,15,52350,915,0,126225
BANKNIFTY-III.NFO,14/10/2024,09:43:38,52350,52340.3,60,52350,1005,15,126225
BANKNIFTY-III.NFO,14/10/2024,09:43:38,52350,52340.3,60,52350,1005,0,126225
BANKNIFTY-III.NFO,14/10/2024,09:43:40,52340.25,52338.3,60,52350,1005,15,126225
BANKNIFTY-III.NFO,14/10/2024,09:43:42,52340.25,52343.15,60,52350,1005,0,126225
BANKNIFTY-III.NFO,14/10/2024,09:43:43,52350,52349.95,75,52350,900,105,126225
BANKNIFTY-III.NFO,14/10/2024,09:43:45,52369.8,52353.5,30,52361.9,15,1110,126225
BANKNIFTY-III.NFO,14/10/2024,09:43:45,52372.75,52353.5,30,52361.9,15,0,126225
BANKNIFTY-III.NFO,14/10/2024,09:43:47,52369.8,52360.2,15,52369.4,15,0,126225
BANKNIFTY-III.NFO,14/10/2024,09:43:48,52369.8,52371.2,15,52379.1,15,0,126225
BANKNIFTY-III.NFO,14/10/2024,09:43:50,52369.8,52371.55,15,52380,210,0,126225
BANKNIFTY-III.NFO,14/10/2024,09:43:52,52369.8,52375.05,15,52380,210,0,126225
BANKNIFTY-III.NFO,14/10/2024,09:43:53,52380,52380.75,45,52381,15,255,126225
BANKNIFTY-III.NFO,14/10/2024,09:43:53,52380,52380.75,45,52381,15,0,126225
BANKNIFTY-III.NFO,14/10/2024,09:43:55,52380.9,52383.4,150,52388,15,30,126225
BANKNIFTY-III.NFO,14/10/2024,09:43:55,52381,52383.4,150,52388,15,0,126225
BANKNIFTY-III.NFO,14/10/2024,09:43:57,52388,52388.7,60,52399,15,15,126225
BANKNIFTY-III.NFO,14/10/2024,09:43:57,52388,52388.7,60,52399,15,0,126225
BANKNIFTY-III.NFO,14/10/2024,09:43:58,52388,52391.25,45,52399,15,0,126225
BANKNIFTY-III.NFO,14/10/2024,09:44:00,52388,52394.45,45,52399,15,0,126225
BANKNIFTY-III.NFO,14/10/2024,09:44:02,52388,52396.8,45,52399,15,0,126225
BANKNIFTY-III.NFO,14/10/2024,09:44:03,52400,52396.7,15,52400,270,45,126225
BANKNIFTY-III.NFO,14/10/2024,09:44:03,52400,52396.7,15,52400,270,0,126225
BANKNIFTY-III.NFO,14/10/2024,09:44:05,52435.2,52431.15,30,52450,75,1350,126225
BANKNIFTY-III.NFO,14/10/2024,09:44:05,52447,52431.15,30,52450,75,0,126225
BANKNIFTY-III.NFO,14/10/2024,09:44:07,52431.2,52428.9,15,52450,105,15,126225
BANKNIFTY-III.NFO,14/10/2024,09:44:08,52450,52430.5,30,52450,90,15,126225
BANKNIFTY-III.NFO,14/10/2024,09:44:08,52450,52430.5,30,52450,90,0,126225
BANKNIFTY-III.NFO,14/10/2024,09:44:10,52433.95,52427.5,15,52448.4,60,45,126225
BANKNIFTY-III.NFO,14/10/2024,09:44:12,52433.95,52422.75,60,52443.8,60,0,126225
BANKNIFTY-III.NFO,14/10/2024,09:44:13,52433.95,52418.9,45,52431.8,30,0,126225
BANKNIFTY-III.NFO,14/10/2024,09:44:15,52417.05,52416,45,52420.15,30,15,126225
BANKNIFTY-III.NFO,14/10/2024,09:44:17,52417.05,52416.75,15,52425.45,30,0,126225
BANKNIFTY-III.NFO,14/10/2024,09:44:18,52417.05,52421.15,15,52427.7,30,0,126225
BANKNIFTY-III.NFO,14/10/2024,09:44:20,52417.05,52412.95,60,52425.1,30,15,126225
BANKNIFTY-III.NFO,14/10/2024,09:44:22,52417.05,52415,30,52425.95,30,0,126225
BANKNIFTY-III.NFO,14/10/2024,09:44:23,52415.1,52416.6,30,52432.2,30,30,126225
BANKNIFTY-III.NFO,14/10/2024,09:44:25,52415.1,52422.8,15,52428.2,30,0,126225
BANKNIFTY-III.NFO,14/10/2024,09:44:27,52415.1,52417.9,15,52423.25,30,0,126225
BANKNIFTY-III.NFO,14/10/2024,09:44:28,52413.9,52402.55,60,52417.35,30,15,126225
BANKNIFTY-III.NFO,14/10/2024,09:44:30,52417.55,52401.95,15,52417.5,15,15,126225
BANKNIFTY-III.NFO,14/10/2024,09:44:32,52417.55,52406.15,90,52419.4,15,0,126225
BANKNIFTY-III.NFO,14/10/2024,09:44:33,52408.45,52406.25,45,52421.8,15,15,126225
BANKNIFTY-III.NFO,14/10/2024,09:44:35,52413.9,52411.65,15,52420,15,15,126225
BANKNIFTY-III.NFO,14/10/2024,09:44:37,52413.9,52415.15,15,52420,15,0,126225
BANKNIFTY-III.NFO,14/10/2024,09:44:38,52413.9,52415.85,45,52420,15,0,126225
BANKNIFTY-III.NFO,14/10/2024,09:44:40,52420,52418.45,15,52420,105,15,126225
BANKNIFTY-III.NFO,14/10/2024,09:44:42,52420,52419.05,45,52420,30,75,126225
BANKNIFTY-III.NFO,14/10/2024,09:44:43,52420,52420,300,52426.3,15,30,126225
BANKNIFTY-III.NFO,14/10/2024,09:44:45,52420,52420.85,15,52428.35,15,0,126225
BANKNIFTY-III.NFO,14/10/2024,09:44:47,52420,52420.05,75,52434,15,0,126225
BANKNIFTY-III.NFO,14/10/2024,09:44:48,52420,52421.65,75,52435.95,45,0,126225
BANKNIFTY-III.NFO,14/10/2024,09:44:50,52420.55,52421.65,30,52439.25,45,30,126225
BANKNIFTY-III.NFO,14/10/2024,09:44:52,52420.55,52423.1,75,52437.15,45,0,126225
BANKNIFTY-III.NFO,14/10/2024,09:44:53,52420.55,52425.6,60,52437.15,15,0,126225
BANKNIFTY-III.NFO,14/10/2024,09:44:55,52431.75,52431.8,60,52439.25,15,15,126225
BANKNIFTY-III.NFO,14/10/2024,09:44:57,52439.25,52433.1,90,52446.75,15,15,126225
BANKNIFTY-III.NFO,14/10/2024,09:44:58,52439.25,52438.35,75,52449,15,0,126225
BANKNIFTY-III.NFO,14/10/2024,09:45:00,52448.2,52446.6,15,52449,15,15,126225
BANKNIFTY-III.NFO,14/10/2024,09:45:02,52460,52455.25,60,52474.5,45,120,126225
BANKNIFTY-III.NFO,14/10/2024,09:45:02,52460,52455.25,60,52474.5,45,0,126225
BANKNIFTY-III.NFO,14/10/2024,09:45:03,52455.25,52459.2,30,52477,60,75,126225
BANKNIFTY-III.NFO,14/10/2024,09:45:03,52461,52459.2,30,52477,60,0,126225
BANKNIFTY-III.NFO,14/10/2024,09:45:05,52478,52471.25,75,52478,30,30,126225
BANKNIFTY-III.NFO,14/10/2024,09:45:05,52478,52471.25,75,52478,30,0,126225
BANKNIFTY-III.NFO,14/10/2024,09:45:07,52472.15,52472.6,15,52488.7,60,75,126225
BANKNIFTY-III.NFO,14/10/2024,09:45:08,52472.15,52475.95,45,52480.25,15,0,126225
BANKNIFTY-III.NFO,14/10/2024,09:45:10,52493.65,52473.55,45,52493.5,45,30,126225
BANKNIFTY-III.NFO,14/10/2024,09:45:10,52493.65,52473.55,45,52493.5,45,0,126225
BANKNIFTY-III.NFO,14/10/2024,09:45:12,52493.65,52478.6,45,52493.6,75,0,126225
BANKNIFTY-III.NFO,14/10/2024,09:45:13,52493.65,52473.55,30,52492.35,60,0,126225
BANKNIFTY-III.NFO,14/10/2024,09:45:15,52475.05,52482.85,30,52496.95,30,15,126225
BANKNIFTY-III.NFO,14/10/2024,09:45:17,52475.05,52479.7,30,52496.95,15,0,126225
BANKNIFTY-III.NFO,14/10/2024,09:45:18,52475.05,52493,15,52496.95,15,0,126225
BANKNIFTY-III.NFO,14/10/2024,09:45:20,52493,52484.5,15,52496.95,30,15,126225
BANKNIFTY-III.NFO,14/10/2024,09:45:22,52478,52480.65,45,52493.65,15,15,126225
BANKNIFTY-III.NFO,14/10/2024,09:45:23,52487.65,52487.65,45,52495.65,15,45,126225
BANKNIFTY-III.NFO,14/10/2024,09:45:23,52494.65,52487.65,45,52495.65,15,0,126225
BANKNIFTY-III.NFO,14/10/2024,09:45:25,52500,52496.1,45,52500,90,285,126225
BANKNIFTY-III.NFO,14/10/2024,09:45:25,52500,52496.1,45,52500,90,0,126225
BANKNIFTY-III.NFO,14/10/2024,09:45:27,52500,52494.5,90,52500,60,30,126225
BANKNIFTY-III.NFO,14/10/2024,09:45:28,52500.65,52495.95,45,52501.65,15,180,126225
BANKNIFTY-III.NFO,14/10/2024,09:45:28,52500.65,52495.95,45,52501.65,15,0,126225
BANKNIFTY-III.NFO,14/10/2024,09:45:30,52495.6,52493.1,45,52506.45,60,45,126225
BANKNIFTY-III.NFO,14/10/2024,09:45:30,52502.65,52493.1,45,52506.45,60,0,126225
BANKNIFTY-III.NFO,14/10/2024,09:45:31,52495.6,52493,15,52505.6,60,0,126225
BANKNIFTY-III.NFO,14/10/2024,09:45:33,52493,52489.85,15,52500,30,15,126225
BANKNIFTY-III.NFO,14/10/2024,09:45:35,52482.45,52485.35,15,52492.35,45,330,126225
BANKNIFTY-III.NFO,14/10/2024,09:45:36,52482.45,52482.4,30,52499.95,60,0,126225
BANKNIFTY-III.NFO,14/10/2024,09:45:38,52482.45,52485.3,30,52499.95,60,0,126225
BANKNIFTY-III.NFO,14/10/2024,09:45:40,52482.45,52482.9,45,52490,15,0,126225
BANKNIFTY-III.NFO,14/10/2024,09:45:41,52490,52476.85,45,52496.1,60,15,126225
BANKNIFTY-III.NFO,14/10/2024,09:45:43,52490,52481.6,15,52492.05,105,0,126225
BANKNIFTY-III.NFO,14/10/2024,09:45:45,52487.55,52471.55,15,52487.55,60,15,126225
BANKNIFTY-III.NFO,14/10/2024,09:45:46,52487.55,52465.9,15,52482.9,75,0,126225
BANKNIFTY-III.NFO,14/10/2024,09:45:48,52487.55,52469.8,15,52485.7,60,0,126225
BANKNIFTY-III.NFO,14/10/2024,09:45:50,52483.45,52475.6,15,52484.45,15,30,124905
BANKNIFTY-III.NFO,14/10/2024,09:45:51,52484.45,52475.2,15,52485.45,15,15,124905
BANKNIFTY-III.NFO,14/10/2024,09:45:53,52484.45,52475.8,15,52485.45,15,0,124905
BANKNIFTY-III.NFO,14/10/2024,09:45:55,52484.45,52479.7,15,52485.45,15,0,124905
BANKNIFTY-III.NFO,14/10/2024,09:45:56,52484.45,52476.35,15,52485.45,15,0,124905
BANKNIFTY-III.NFO,14/10/2024,09:45:58,52484.45,52471.85,15,52485.45,15,0,124905
BANKNIFTY-III.NFO,14/10/2024,09:46:00,52484.45,52477.55,15,52485.45,15,0,124905
BANKNIFTY-III.NFO,14/10/2024,09:46:01,52484.45,52477.25,15,52485.45,15,0,124905
BANKNIFTY-III.NFO,14/10/2024,09:46:03,52487.45,52484.2,15,52488.45,15,45,124905
BANKNIFTY-III.NFO,14/10/2024,09:46:05,52488.45,52484.55,15,52489.45,15,15,124905
BANKNIFTY-III.NFO,14/10/2024,09:46:06,52489.9,52482.05,30,52490.45,15,30,124905
BANKNIFTY-III.NFO,14/10/2024,09:46:08,52491.45,52487,15,52500,135,30,124905
BANKNIFTY-III.NFO,14/10/2024,09:46:10,52491.45,52482.4,30,52499.35,30,0,124905
BANKNIFTY-III.NFO,14/10/2024,09:46:11,52491.45,52491.9,30,52500,135,0,124905
BANKNIFTY-III.NFO,14/10/2024,09:46:13,52491.45,52481.8,45,52499.6,60,0,124905
BANKNIFTY-III.NFO,14/10/2024,09:46:15,52491.45,52486.6,45,52500,135,0,124905
BANKNIFTY-III.NFO,14/10/2024,09:46:16,52491.45,52491.6,15,52500,135,0,124905
BANKNIFTY-III.NFO,14/10/2024,09:46:18,52491.45,52485.05,30,52500,135,0,124905
BANKNIFTY-III.NFO,14/10/2024,09:46:20,52491.45,52486,30,52500,135,0,124905
BANKNIFTY-III.NFO,14/10/2024,09:46:21,52491.45,52491.2,15,52500,135,0,124905
BANKNIFTY-III.NFO,14/10/2024,09:46:23,52491.45,52494.6,45,52500,135,0,124905
BANKNIFTY-III.NFO,14/10/2024,09:46:25,52500,52496.5,15,52500,120,15,124905
BANKNIFTY-III.NFO,14/10/2024,09:46:26,52500,52491.6,30,52500,120,0,124905
BANKNIFTY-III.NFO,14/10/2024,09:46:28,52500,52487.15,15,52500,120,0,124905
BANKNIFTY-III.NFO,14/10/2024,09:46:29,52500,52491.6,15,52500,120,0,124905
BANKNIFTY-III.NFO,14/10/2024,09:46:31,52500,52488.95,45,52496,45,30,124905
BANKNIFTY-III.NFO,14/10/2024,09:46:33,52496,52486.9,45,52499.95,60,45,124905
BANKNIFTY-III.NFO,14/10/2024,09:46:34,52486.9,52488.8,45,52500,90,15,124905
BANKNIFTY-III.NFO,14/10/2024,09:46:36,52486.9,52491.4,45,52500,90,0,124905
BANKNIFTY-III.NFO,14/10/2024,09:46:38,52486.9,52489.35,45,52499.95,30,0,124905
BANKNIFTY-III.NFO,14/10/2024,09:46:40,52491.6,52489.3,15,52499.95,30,15,124905
BANKNIFTY-III.NFO,14/10/2024,09:46:41,52491.6,52488.15,15,52496,15,0,124905
BANKNIFTY-III.NFO,14/10/2024,09:46:43,52491.6,52489.2,60,52496,15,0,124905
BANKNIFTY-III.NFO,14/10/2024,09:46:44,52491.6,52485.95,15,52496,15,0,124905
BANKNIFTY-III.NFO,14/10/2024,09:46:46,52496,52486.55,15,52499.95,90,15,124905
BANKNIFTY-III.NFO,14/10/2024,09:46:48,52496,52485.65,120,52499.9,60,0,124905
BANKNIFTY-III.NFO,14/10/2024,09:46:49,52496,52490.55,15,52499.95,30,0,124905
BANKNIFTY-III.NFO,14/10/2024,09:46:51,52499.95,52490.85,30,52500,75,30,124905
BANKNIFTY-III.NFO,14/10/2024,09:46:53,52500,52492.5,45,52500,60,15,124905
BANKNIFTY-III.NFO,14/10/2024,09:46:54,52499.95,52491,15,52500,15,60,124905
BANKNIFTY-III.NFO,14/10/2024,09:46:56,52499.95,52491.05,180,52500,15,0,124905
BANKNIFTY-III.NFO,14/10/2024,09:46:58,52499.95,52491,15,52500,15,0,124905
BANKNIFTY-III.NFO,14/10/2024,09:47:01,52500,52491.8,15,52508.7,60,15,124905
BANKNIFTY-III.NFO,14/10/2024,09:47:03,52491.25,52491.15,15,52507.75,60,45,124905
BANKNIFTY-III.NFO,14/10/2024,09:47:04,52491.25,52495.7,15,52500,30,0,124905
BANKNIFTY-III.NFO,14/10/2024,09:47:06,52500,52495.25,45,52509.15,60,30,124905
BANKNIFTY-III.NFO,14/10/2024,09:47:08,52493.2,52491,15,52500,30,45,124905
BANKNIFTY-III.NFO,14/10/2024,09:47:09,52493.2,52491.1,15,52500,30,0,124905
BANKNIFTY-III.NFO,14/10/2024,09:47:11,52493.2,52491.45,15,52500,15,0,124905
BANKNIFTY-III.NFO,14/10/2024,09:47:13,52493.2,52491,15,52500,30,0,124905
BANKNIFTY-III.NFO,14/10/2024,09:47:19,52493.2,52491,15,52496.25,90,0,124905
BANKNIFTY-III.NFO,14/10/2024,09:47:21,52491,52485.1,45,52496.9,30,15,124905
BANKNIFTY-III.NFO,14/10/2024,09:47:23,52488.15,52488.55,30,52500,15,30,124905
BANKNIFTY-III.NFO,14/10/2024,09:47:24,52488.15,52492.25,60,52500,15,0,124905
BANKNIFTY-III.NFO,14/10/2024,09:47:26,52488.15,52492.7,45,52500,15,0,124905
BANKNIFTY-III.NFO,14/10/2024,09:47:28,52492.8,52490.55,30,52500,15,30,124905
BANKNIFTY-III.NFO,14/10/2024,09:47:29,52492.8,52488,30,52500,30,0,124905
BANKNIFTY-III.NFO,14/10/2024,09:47:31,52492.8,52491.55,30,52500,30,0,124905
BANKNIFTY-III.NFO,14/10/2024,09:47:33,52500,52492.05,30,52500,15,15,124905
BANKNIFTY-III.NFO,14/10/2024,09:47:34,52500,52488,15,52500,15,0,124905
BANKNIFTY-III.NFO,14/10/2024,09:47:36,52500,52489.1,15,52500,15,0,124905
BANKNIFTY-III.NFO,14/10/2024,09:47:38,52506.5,52494.25,15,52510,120,30,124905
BANKNIFTY-III.NFO,14/10/2024,09:47:38,52506.5,52494.25,15,52510,120,0,124905
BANKNIFTY-III.NFO,14/10/2024,09:47:39,52506.5,52494.4,15,52509.05,60,0,124905
BANKNIFTY-III.NFO,14/10/2024,09:47:41,52506.5,52491.35,15,52506.75,60,0,124905
BANKNIFTY-III.NFO,14/10/2024,09:47:43,52506.5,52491.55,30,52506.65,60,0,124905
BANKNIFTY-III.NFO,14/10/2024,09:47:44,52506.5,52491.55,15,52502.9,60,0,124905
BANKNIFTY-III.NFO,14/10/2024,09:47:46,52506.5,52483.15,30,52500.7,75,0,124905
BANKNIFTY-III.NFO,14/10/2024,09:47:48,52506.5,52486.95,30,52503.85,60,0,124905
BANKNIFTY-III.NFO,14/10/2024,09:47:49,52506.5,52489.25,30,52504.95,60,0,124905
BANKNIFTY-III.NFO,14/10/2024,09:47:51,52506.5,52489.45,15,52505,15,0,124905
BANKNIFTY-III.NFO,14/10/2024,09:47:53,52506.5,52490.75,15,52505,15,0,124905
BANKNIFTY-III.NFO,14/10/2024,09:47:54,52506.5,52492.05,30,52505,15,0,124905
BANKNIFTY-III.NFO,14/10/2024,09:47:56,52505,52491.1,15,52507.65,90,15,124905
BANKNIFTY-III.NFO,14/10/2024,09:47:58,52505,52491.5,15,52508.75,90,0,124905
BANKNIFTY-III.NFO,14/10/2024,09:47:59,52505,52491.9,15,52506.5,150,0,124905
BANKNIFTY-III.NFO,14/10/2024,09:48:01,52505,52492.1,30,52506.45,60,0,124905
BANKNIFTY-III.NFO,14/10/2024,09:48:02,52504.95,52492.25,15,52505.85,75,15,124905
BANKNIFTY-III.NFO,14/10/2024,09:48:04,52493.3,52492.55,15,52506.35,75,15,124905
BANKNIFTY-III.NFO,14/10/2024,09:48:06,52492.55,52480.85,45,52494.95,60,15,124905
BANKNIFTY-III.NFO,14/10/2024,09:48:07,52492.55,52486.15,15,52495.85,60,0,124905
BANKNIFTY-III.NFO,14/10/2024,09:48:09,52492.55,52482.2,15,52496.35,75,0,124905
BANKNIFTY-III.NFO,14/10/2024,09:48:11,52492.55,52485.2,30,52499.2,60,0,124905
BANKNIFTY-III.NFO,14/10/2024,09:48:12,52492.55,52482.8,45,52499.75,105,0,124905
BANKNIFTY-III.NFO,14/10/2024,09:48:14,52492.55,52487.55,30,52504.35,60,15,124905
BANKNIFTY-III.NFO,14/10/2024,09:48:16,52492.55,52490.4,30,52505.15,60,0,124905
BANKNIFTY-III.NFO,14/10/2024,09:48:17,52492.55,52491.8,15,52504.35,75,0,124905
BANKNIFTY-III.NFO,14/10/2024,09:48:19,52492.55,52484,30,52502.35,60,0,124905
BANKNIFTY-III.NFO,14/10/2024,09:48:21,52492.55,52486.2,30,52504.2,60,0,124905
BANKNIFTY-III.NFO,14/10/2024,09:48:22,52492.55,52489.35,45,52500,30,0,124905
BANKNIFTY-III.NFO,14/10/2024,09:48:24,52492.55,52487.1,45,52500,30,0,124905
BANKNIFTY-III.NFO,14/10/2024,09:48:26,52492.55,52489.25,15,52500,30,0,124905
BANKNIFTY-III.NFO,14/10/2024,09:48:27,52492.55,52486.3,30,52500,30,0,124905
BANKNIFTY-III.NFO,14/10/2024,09:48:29,52492.55,52484.25,15,52498.35,75,0,124905
BANKNIFTY-III.NFO,14/10/2024,09:48:31,52492.55,52486.65,15,52498.65,60,0,124905
BANKNIFTY-III.NFO,14/10/2024,09:48:32,52492.55,52489.35,15,52499.95,60,0,124905
BANKNIFTY-III.NFO,14/10/2024,09:48:34,52489.4,52488.3,30,52500,45,15,124905
BANKNIFTY-III.NFO,14/10/2024,09:48:36,52489.4,52484.25,15,52498.7,60,0,124905
BANKNIFTY-III.NFO,14/10/2024,09:48:37,52498.7,52479.05,45,52496.5,60,15,124905
BANKNIFTY-III.NFO,14/10/2024,09:48:39,52498.7,52481.75,45,52498,60,0,124905
BANKNIFTY-III.NFO,14/10/2024,09:48:41,52498.7,52478.05,45,52495.3,60,0,124905
BANKNIFTY-III.NFO,14/10/2024,09:48:42,52498.7,52484.5,30,52497.35,75,0,124905
BANKNIFTY-III.NFO,14/10/2024,09:48:44,52498.7,52479.8,15,52492,60,0,124905
BANKNIFTY-III.NFO,14/10/2024,09:48:46,52488.9,52471.65,60,52487.25,60,15,124905
BANKNIFTY-III.NFO,14/10/2024,09:48:47,52488.9,52471.5,60,52488.1,60,0,124905
BANKNIFTY-III.NFO,14/10/2024,09:48:49,52488.9,52470.3,60,52487.2,60,0,124905
BANKNIFTY-III.NFO,14/10/2024,09:48:51,52488.9,52469.7,60,52486.7,75,0,124905
BANKNIFTY-III.NFO,14/10/2024,09:48:52,52486.7,52469.8,60,52486.7,45,15,124770
BANKNIFTY-III.NFO,14/10/2024,09:48:54,52486.7,52473.75,15,52488.85,45,0,124770
BANKNIFTY-III.NFO,14/10/2024,09:48:56,52466.25,52463.1,60,52470,15,15,124770
BANKNIFTY-III.NFO,14/10/2024,09:48:57,52466.25,52461.05,60,52470,15,0,124770
BANKNIFTY-III.NFO,14/10/2024,09:48:59,52463.65,52463.35,15,52470,15,15,124770
BANKNIFTY-III.NFO,14/10/2024,09:49:01,52463.65,52461.15,30,52470,15,0,124770
BANKNIFTY-III.NFO,14/10/2024,09:49:02,52478.7,52463,60,52481.15,60,30,124770
BANKNIFTY-III.NFO,14/10/2024,09:49:04,52463,52461.55,60,52480.15,60,15,124770
BANKNIFTY-III.NFO,14/10/2024,09:49:06,52463,52463.5,60,52479.95,60,0,124770
BANKNIFTY-III.NFO,14/10/2024,09:49:07,52463,52465.15,60,52479.95,60,0,124770
BANKNIFTY-III.NFO,14/10/2024,09:49:09,52463,52464.05,75,52479.95,60,0,124770
BANKNIFTY-III.NFO,14/10/2024,09:49:11,52463,52464.8,60,52479.95,60,0,124770
BANKNIFTY-III.NFO,14/10/2024,09:49:12,52465.15,52466.45,30,52480,300,30,124770
BANKNIFTY-III.NFO,14/10/2024,09:49:14,52465.15,52470.65,60,52475,45,0,124770
BANKNIFTY-III.NFO,14/10/2024,09:49:16,52475,52469.55,30,52480,300,45,124770
BANKNIFTY-III.NFO,14/10/2024,09:49:17,52475,52471.65,30,52480,300,0,124770
BANKNIFTY-III.NFO,14/10/2024,09:49:19,52480,52478.1,45,52486.7,30,300,124770
BANKNIFTY-III.NFO,14/10/2024,09:49:21,52498.7,52486.7,45,52500,60,45,124770
BANKNIFTY-III.NFO,14/10/2024,09:49:22,52498.7,52490.85,15,52500,60,0,124770
BANKNIFTY-III.NFO,14/10/2024,09:49:24,52498.7,52492.1,45,52500,60,0,124770
BANKNIFTY-III.NFO,14/10/2024,09:49:26,52493.75,52494.05,30,52500,60,15,124770
BANKNIFTY-III.NFO,14/10/2024,09:49:27,52500,52495.5,30,52500,45,15,124770
BANKNIFTY-III.NFO,14/10/2024,09:49:29,52500,52496.25,30,52500,30,15,124770
BANKNIFTY-III.NFO,14/10/2024,09:49:31,52496.9,52497.4,30,52505,15,45,124770
BANKNIFTY-III.NFO,14/10/2024,09:49:32,52496.9,52499.25,15,52505,15,0,124770
BANKNIFTY-III.NFO,14/10/2024,09:49:34,52506.5,52500.95,15,52506.5,45,120,124770
BANKNIFTY-III.NFO,14/10/2024,09:49:36,52510,52502.95,30,52510,105,60,124770
BANKNIFTY-III.NFO,14/10/2024,09:49:36,52510,52502.95,30,52510,105,0,124770
BANKNIFTY-III.NFO,14/10/2024,09:49:37,52510,52506.9,30,52515,15,105,124770
BANKNIFTY-III.NFO,14/10/2024,09:49:39,52510,52509.1,30,52515,15,0,124770
BANKNIFTY-III.NFO,14/10/2024,09:49:41,52514.1,52514,30,52520,15,105,124770
BANKNIFTY-III.NFO,14/10/2024,09:49:41,52517.2,52514,30,52520,15,0,124770
BANKNIFTY-III.NFO,14/10/2024,09:49:42,52521,52516.45,30,52521,15,45,124770
BANKNIFTY-III.NFO,14/10/2024,09:49:42,52521,52516.45,30,52521,15,0,124770
BANKNIFTY-III.NFO,14/10/2024,09:49:44,52521,52520.15,15,52525,150,15,124770
BANKNIFTY-III.NFO,14/10/2024,09:49:46,52521,52521.8,15,52525,150,0,124770
BANKNIFTY-III.NFO,14/10/2024,09:49:47,52525,52520.3,15,52525,120,30,124770
BANKNIFTY-III.NFO,14/10/2024,09:49:47,52525,52520.3,15,52525,120,0,124770
BANKNIFTY-III.NFO,14/10/2024,09:49:49,52519.1,52519.15,15,52525,105,30,124770
BANKNIFTY-III.NFO,14/10/2024,09:49:51,52519.1,52516.15,30,52525,105,0,124770
BANKNIFTY-III.NFO,14/10/2024,09:49:52,52519.1,52501.9,30,52522.55,60,0,124770
BANKNIFTY-III.NFO,14/10/2024,09:49:54,52519.1,52503.45,45,52521.6,75,0,124770
BANKNIFTY-III.NFO,14/10/2024,09:49:56,52519.1,52511.5,30,52525,165,0,124770
BANKNIFTY-III.NFO,14/10/2024,09:49:57,52519.1,52515.75,15,52525,165,0,124770
BANKNIFTY-III.NFO,14/10/2024,09:49:59,52519.1,52514.85,30,52525,165,0,124770
BANKNIFTY-III.NFO,14/10/2024,09:50:01,52519.1,52515.55,15,52525,165,0,124770
BANKNIFTY-III.NFO,14/10/2024,09:50:02,52519.1,52516.15,15,52525,165,0,124770
BANKNIFTY-III.NFO,14/10/2024,09:50:04,52519.1,52516.3,15,52525,165,0,124770
BANKNIFTY-III.NFO,14/10/2024,09:50:06,52519.1,52508.45,30,52524.05,60,30,124770
BANKNIFTY-III.NFO,14/10/2024,09:50:07,52508.55,52508.55,30,52525,150,15,124770
BANKNIFTY-III.NFO,14/10/2024,09:50:09,52508.55,52514.15,15,52525,180,0,124770
BANKNIFTY-III.NFO,14/10/2024,09:50:11,52508.55,52515.05,15,52525,180,0,124770
BANKNIFTY-III.NFO,14/10/2024,09:50:12,52508.55,52512.75,30,52525,180,0,124770
BANKNIFTY-III.NFO,14/10/2024,09:50:14,52508.55,52518.1,15,52525,180,0,124770
BANKNIFTY-III.NFO,14/10/2024,09:50:16,52508.55,52518.35,15,52525,180,0,124770
BANKNIFTY-III.NFO,14/10/2024,09:50:17,52519.1,52515.85,15,52524.95,60,15,124770
BANKNIFTY-III.NFO,14/10/2024,09:50:19,52519.1,52516.1,15,52525,180,0,124770
BANKNIFTY-III.NFO,14/10/2024,09:50:21,52525,52517.85,15,52525,165,15,124770
BANKNIFTY-III.NFO,14/10/2024,09:50:22,52520.95,52520.9,30,52525,165,15,124770
BANKNIFTY-III.NFO,14/10/2024,09:50:24,52521.5,52522.85,45,52525,150,30,124770
BANKNIFTY-III.NFO,14/10/2024,09:50:26,52525,52521.15,30,52525,15,135,124770
BANKNIFTY-III.NFO,14/10/2024,09:50:27,52534.05,52522.45,15,52534.05,60,45,124770
BANKNIFTY-III.NFO,14/10/2024,09:50:27,52535.7,52522.45,15,52534.05,60,0,124770
BANKNIFTY-III.NFO,14/10/2024,09:50:29,52534.05,52524.2,30,52534.2,60,0,124770
BANKNIFTY-III.NFO,14/10/2024,09:50:31,52534.05,52519.85,15,52531.95,60,0,124770
BANKNIFTY-III.NFO,14/10/2024,09:50:33,52534.05,52516.75,15,52529.55,60,0,124770
BANKNIFTY-III.NFO,14/10/2024,09:50:34,52534.05,52519,15,52528.45,60,0,124770
BANKNIFTY-III.NFO,14/10/2024,09:50:36,52534.05,52519,15,52529.55,75,0,124770
BANKNIFTY-III.NFO,14/10/2024,09:50:38,52534.05,52519,15,52529.35,60,0,124770
BANKNIFTY-III.NFO,14/10/2024,09:50:39,52534.05,52519,15,52528.4,75,0,124770
BANKNIFTY-III.NFO,14/10/2024,09:50:41,52519,52505.3,30,52524,60,15,124770
BANKNIFTY-III.NFO,14/10/2024,09:50:43,52519,52508.25,30,52524.4,75,0,124770
BANKNIFTY-III.NFO,14/10/2024,09:50:44,52519,52512.9,30,52528.05,75,0,124770
BANKNIFTY-III.NFO,14/10/2024,09:50:46,52519,52510.1,285,52523.5,60,0,124770
BANKNIFTY-III.NFO,14/10/2024,09:50:48,52523.55,52510.65,135,52522.75,30,90,124770
BANKNIFTY-III.NFO,14/10/2024,09:50:49,52518.9,52510.1,15,52518.95,15,15,124770
BANKNIFTY-III.NFO,14/10/2024,09:50:51,52514.75,52513.3,15,52519,15,30,124770
BANKNIFTY-III.NFO,14/10/2024,09:50:53,52514.45,52516.05,15,52524.95,15,75,124770
BANKNIFTY-III.NFO,14/10/2024,09:50:54,52514.45,52507.7,30,52522.1,15,0,124770
BANKNIFTY-III.NFO,14/10/2024,09:50:56,52529.6,52520.05,15,52525,15,135,124770
