Ticker,Date,Time,LTP,BuyPrice,BuyQty,SellPrice,SellQty,LTQ,OpenInterest
BANKNIFTY-II.NFO,10/02/2025,09:15:02,50685.5,50614.3,120,50648.2,150,30,0
BANKNIFTY-II.NFO,10/02/2025,09:15:02,50685.5,50614.3,120,50648.2,150,0,0
BANKNIFTY-II.NFO,10/02/2025,09:15:02,50685.5,50614.3,120,50648.2,150,0,0
BANKNIFTY-II.NFO,10/02/2025,09:15:02,50685.5,50614.3,120,50648.2,150,0,0
BANKNIFTY-II.NFO,10/02/2025,09:15:07,50635.15,50609.2,120,50635.15,60,330,458430
BANKNIFTY-II.NFO,10/02/2025,09:15:07,50604.55,50609.2,120,50635.15,60,0,458430
BANKNIFTY-II.NFO,10/02/2025,09:15:11,50647.25,50635.15,90,50643.95,30,630,458430
BANKNIFTY-II.NFO,10/02/2025,09:15:16,50602.05,50581.05,120,50603.75,30,180,458430
BANKNIFTY-II.NFO,10/02/2025,09:15:16,50602.05,50581.05,120,50603.75,30,0,458430
BANKNIFTY-II.NFO,10/02/2025,09:15:21,50600.15,50581,150,50600.7,30,180,458430
BANKNIFTY-II.NFO,10/02/2025,09:15:21,50589.4,50581,150,50600.7,30,0,458430
BANKNIFTY-II.NFO,10/02/2025,09:15:25,50591.2,50581.05,120,50591.75,30,30,458430
BANKNIFTY-II.NFO,10/02/2025,09:15:29,50625.35,50596.75,120,50624.7,30,150,458430
BANKNIFTY-II.NFO,10/02/2025,09:15:29,50589.3,50596.75,120,50624.7,30,0,458430
BANKNIFTY-II.NFO,10/02/2025,09:15:33,50587.8,50593.1,120,50622.55,30,30,459030
BANKNIFTY-II.NFO,10/02/2025,09:15:33,50587.8,50593.1,120,50622.55,30,0,459030
BANKNIFTY-II.NFO,10/02/2025,09:15:37,50619.4,50611.95,120,50641.7,30,60,459030
BANKNIFTY-II.NFO,10/02/2025,09:15:41,50619.4,50614.3,120,50636.4,60,0,459030
BANKNIFTY-II.NFO,10/02/2025,09:15:45,50635.1,50605,120,50630.65,30,600,459030
BANKNIFTY-II.NFO,10/02/2025,09:15:49,50610.05,50610.05,120,50631.25,30,120,459030
BANKNIFTY-II.NFO,10/02/2025,09:15:54,50610.05,50600.05,150,50621.45,30,0,459030
BANKNIFTY-II.NFO,10/02/2025,09:15:58,50600,50591.8,120,50617.55,30,30,459030
BANKNIFTY-II.NFO,10/02/2025,09:16:02,50594.85,50581,150,50593.8,30,150,459030
BANKNIFTY-II.NFO,10/02/2025,09:16:02,50585,50581,150,50593.8,30,0,459030
BANKNIFTY-II.NFO,10/02/2025,09:16:07,50587,50581.05,120,50588.1,30,60,459030
BANKNIFTY-II.NFO,10/02/2025,09:16:11,50581,50581,120,50583.55,30,30,459030
BANKNIFTY-II.NFO,10/02/2025,09:16:11,50581,50581,120,50583.55,30,0,459030
BANKNIFTY-II.NFO,10/02/2025,09:16:15,50581,50581.05,150,50594.1,30,60,459030
BANKNIFTY-II.NFO,10/02/2025,09:16:20,50585.8,50581.05,150,50599.85,120,360,459030
BANKNIFTY-II.NFO,10/02/2025,09:16:24,50585.8,50581.05,120,50590.85,30,0,459030
BANKNIFTY-II.NFO,10/02/2025,09:16:28,50581.05,50581,90,50589,30,60,459030
BANKNIFTY-II.NFO,10/02/2025,09:16:32,50580,50564.35,120,50581.05,60,150,459030
BANKNIFTY-II.NFO,10/02/2025,09:16:32,50580,50564.35,120,50581.05,60,0,459030
BANKNIFTY-II.NFO,10/02/2025,09:16:36,50579.4,50573.45,120,50581.05,30,120,459030
BANKNIFTY-II.NFO,10/02/2025,09:16:36,50579.15,50573.45,120,50581.05,30,0,459030
BANKNIFTY-II.NFO,10/02/2025,09:16:41,50598.85,50578.65,90,50597.5,150,120,459030
BANKNIFTY-II.NFO,10/02/2025,09:16:45,50597.5,50586.1,150,50598.3,30,180,459030
BANKNIFTY-II.NFO,10/02/2025,09:16:49,50591.75,50587.4,120,50599.95,30,30,459030
BANKNIFTY-II.NFO,10/02/2025,09:16:54,50591.75,50591.05,120,50593.3,30,0,459030
BANKNIFTY-II.NFO,10/02/2025,09:16:58,50595.3,50590.4,120,50600,180,150,459030
BANKNIFTY-II.NFO,10/02/2025,09:17:02,50600,50587.65,60,50600,150,60,459030
BANKNIFTY-II.NFO,10/02/2025,09:17:06,50600,50586.75,120,50599.95,30,0,459030
BANKNIFTY-II.NFO,10/02/2025,09:17:10,50596.55,50582.35,150,50596.6,30,30,459030
BANKNIFTY-II.NFO,10/02/2025,09:17:14,50596.55,50581.5,150,50599.85,30,0,459030
BANKNIFTY-II.NFO,10/02/2025,09:17:19,50596.55,50575.05,150,50589.95,30,0,459030
BANKNIFTY-II.NFO,10/02/2025,09:17:24,50596.55,50579.85,120,50589.9,30,0,459030
BANKNIFTY-II.NFO,10/02/2025,09:17:29,50590,50583.9,120,50594.75,30,90,459030
BANKNIFTY-II.NFO,10/02/2025,09:17:34,50596.45,50587.55,60,50596.45,30,30,459030
BANKNIFTY-II.NFO,10/02/2025,09:17:38,50590,50577.7,60,50586.3,30,60,459030
BANKNIFTY-II.NFO,10/02/2025,09:17:43,50588.45,50577.9,120,50588.45,30,90,459030
BANKNIFTY-II.NFO,10/02/2025,09:17:43,50578.75,50577.9,120,50588.45,30,0,459030
BANKNIFTY-II.NFO,10/02/2025,09:17:47,50588.45,50575,30,50584.3,90,0,459030
BANKNIFTY-II.NFO,10/02/2025,09:17:52,50578.1,50578.1,30,50584.3,90,30,459030
BANKNIFTY-II.NFO,10/02/2025,09:17:52,50578.1,50578.1,30,50584.3,90,0,459030
BANKNIFTY-II.NFO,10/02/2025,09:17:57,50575,50562.2,30,50571.1,90,180,459030
BANKNIFTY-II.NFO,10/02/2025,09:17:57,50575,50562.2,30,50571.1,90,0,459030
BANKNIFTY-II.NFO,10/02/2025,09:18:01,50573.45,50562.6,120,50573.5,90,60,459030
BANKNIFTY-II.NFO,10/02/2025,09:18:01,50571.2,50562.6,120,50573.5,90,0,459030
BANKNIFTY-II.NFO,10/02/2025,09:18:06,50576.1,50562.15,30,50570.8,90,210,459030
BANKNIFTY-II.NFO,10/02/2025,09:18:06,50570.7,50562.15,30,50570.8,90,0,459030
BANKNIFTY-II.NFO,10/02/2025,09:18:11,50560,50560,60,50565.8,60,60,459030
BANKNIFTY-II.NFO,10/02/2025,09:18:11,50560,50560,60,50565.8,60,0,459030
BANKNIFTY-II.NFO,10/02/2025,09:18:13,50560,50555,60,50563.4,30,60,459030
BANKNIFTY-II.NFO,10/02/2025,09:18:15,50560,50555,60,50563,60,0,459030
BANKNIFTY-II.NFO,10/02/2025,09:18:17,50560.1,50556.55,30,50562.9,150,150,459030
BANKNIFTY-II.NFO,10/02/2025,09:18:18,50560.1,50556.55,30,50560.9,60,0,459030
BANKNIFTY-II.NFO,10/02/2025,09:18:20,50556.55,50555,30,50557.85,60,30,459030
BANKNIFTY-II.NFO,10/02/2025,09:18:20,50556.55,50555,30,50557.85,60,0,459030
BANKNIFTY-II.NFO,10/02/2025,09:18:22,50556.55,50555,30,50557.85,60,0,459030
BANKNIFTY-II.NFO,10/02/2025,09:18:23,50557.85,50555,30,50560.75,60,30,459030
BANKNIFTY-II.NFO,10/02/2025,09:18:25,50555,50550,210,50557.45,60,30,459030
BANKNIFTY-II.NFO,10/02/2025,09:18:25,50555,50550,210,50557.45,60,0,459030
BANKNIFTY-II.NFO,10/02/2025,09:18:27,50560.1,50550,210,50558.8,30,150,459030
BANKNIFTY-II.NFO,10/02/2025,09:18:29,50557.85,50550,330,50556.6,30,30,459030
BANKNIFTY-II.NFO,10/02/2025,09:18:30,50557.85,50550,330,50553.1,30,0,459030
BANKNIFTY-II.NFO,10/02/2025,09:18:32,50550,50550,480,50553.1,30,30,459720
BANKNIFTY-II.NFO,10/02/2025,09:18:32,50550,50550,480,50553.1,30,0,459720
BANKNIFTY-II.NFO,10/02/2025,09:18:34,50550,50550,480,50553.1,30,0,459720
BANKNIFTY-II.NFO,10/02/2025,09:18:35,50550,50552.9,180,50560.7,30,0,459720
BANKNIFTY-II.NFO,10/02/2025,09:18:37,50552.9,50552.9,180,50564.4,30,120,459720
BANKNIFTY-II.NFO,10/02/2025,09:18:39,50552.9,50552.9,210,50564.4,30,0,459720
BANKNIFTY-II.NFO,10/02/2025,09:18:42,50564.4,50552.9,210,50568,60,30,459720
BANKNIFTY-II.NFO,10/02/2025,09:18:44,50564.4,50558.8,120,50568,30,0,459720
BANKNIFTY-II.NFO,10/02/2025,09:18:45,50564.4,50554.65,120,50570.55,30,0,459720
BANKNIFTY-II.NFO,10/02/2025,09:18:47,50564.4,50552.35,150,50563.1,30,0,459720
BANKNIFTY-II.NFO,10/02/2025,09:18:49,50564.4,50553.95,180,50565.85,30,0,459720
BANKNIFTY-II.NFO,10/02/2025,09:18:50,50564.4,50555.4,120,50567.3,30,0,459720
BANKNIFTY-II.NFO,10/02/2025,09:18:52,50557.9,50557.75,30,50574.15,30,240,459720
BANKNIFTY-II.NFO,10/02/2025,09:18:53,50575.85,50555.3,120,50571.65,30,360,459720
BANKNIFTY-II.NFO,10/02/2025,09:18:55,50575.85,50551.4,120,50567.1,30,0,459720
BANKNIFTY-II.NFO,10/02/2025,09:18:57,50575.85,50557.4,120,50569.7,30,0,459720
BANKNIFTY-II.NFO,10/02/2025,09:19:00,50575.85,50557.55,150,50569.7,30,0,459720
BANKNIFTY-II.NFO,10/02/2025,09:19:02,50575.85,50560.75,150,50573.65,30,0,459720
BANKNIFTY-II.NFO,10/02/2025,09:19:03,50567,50553.95,150,50567.05,30,30,459720
BANKNIFTY-II.NFO,10/02/2025,09:19:05,50567,50555.5,210,50566.55,30,0,459720
BANKNIFTY-II.NFO,10/02/2025,09:19:07,50567,50561.35,120,50578.1,30,0,459720
BANKNIFTY-II.NFO,10/02/2025,09:19:08,50567,50571.7,120,50581.35,30,0,459720
BANKNIFTY-II.NFO,10/02/2025,09:19:10,50567,50572.95,150,50584.85,30,0,459720
BANKNIFTY-II.NFO,10/02/2025,09:19:12,50567,50575.15,150,50595.15,30,0,459720
BANKNIFTY-II.NFO,10/02/2025,09:19:13,50595.15,50579.45,150,50596.45,90,30,459720
BANKNIFTY-II.NFO,10/02/2025,09:19:15,50586,50573.6,150,50585,30,60,459720
BANKNIFTY-II.NFO,10/02/2025,09:19:17,50586,50570.9,150,50586.2,30,0,459720
BANKNIFTY-II.NFO,10/02/2025,09:19:18,50586.2,50578.2,120,50595.3,60,30,459720
BANKNIFTY-II.NFO,10/02/2025,09:19:20,50586.2,50576.95,120,50596.5,90,0,459720
BANKNIFTY-II.NFO,10/02/2025,09:19:22,50596.5,50579.45,120,50596.55,30,30,459720
BANKNIFTY-II.NFO,10/02/2025,09:19:23,50596.5,50586.2,30,50596.5,60,0,459720
BANKNIFTY-II.NFO,10/02/2025,09:19:25,50595.6,50586.2,30,50596.5,30,30,459720
BANKNIFTY-II.NFO,10/02/2025,09:19:27,50595.6,50586.2,30,50590.75,60,0,459720
BANKNIFTY-II.NFO,10/02/2025,09:19:28,50595.6,50586.2,30,50591.6,30,0,459720
BANKNIFTY-II.NFO,10/02/2025,09:19:30,50587.75,50576,30,50588.2,150,300,459720
BANKNIFTY-II.NFO,10/02/2025,09:19:32,50587.75,50576,30,50588,150,0,459720
BANKNIFTY-II.NFO,10/02/2025,09:19:33,50587.75,50576,30,50589.95,150,0,459720
BANKNIFTY-II.NFO,10/02/2025,09:19:35,50588.85,50576.15,150,50594.15,150,30,459720
BANKNIFTY-II.NFO,10/02/2025,09:19:36,50588.85,50576.15,150,50594.15,150,0,459720
BANKNIFTY-II.NFO,10/02/2025,09:19:38,50593.7,50576.15,150,50593.7,30,30,459720
BANKNIFTY-II.NFO,10/02/2025,09:19:39,50593.7,50576.2,60,50591.6,30,0,459720
BANKNIFTY-II.NFO,10/02/2025,09:19:41,50593.7,50577.9,120,50593.7,30,0,459720
BANKNIFTY-II.NFO,10/02/2025,09:19:43,50593.7,50584.55,150,50593.7,30,0,459720
BANKNIFTY-II.NFO,10/02/2025,09:19:44,50593.7,50589.5,120,50596.55,30,30,459720
BANKNIFTY-II.NFO,10/02/2025,09:19:46,50593.7,50585.25,120,50596.55,30,0,459720
BANKNIFTY-II.NFO,10/02/2025,09:19:47,50593.7,50582.95,120,50596.55,30,0,459720
BANKNIFTY-II.NFO,10/02/2025,09:19:49,50593.7,50585.9,210,50596.55,30,0,459720
BANKNIFTY-II.NFO,10/02/2025,09:19:50,50593.7,50582.7,120,50596.55,30,0,459720
BANKNIFTY-II.NFO,10/02/2025,09:19:52,50593.7,50583.9,150,50596.55,30,0,459720
BANKNIFTY-II.NFO,10/02/2025,09:19:54,50593.7,50581.85,150,50596.55,30,0,459720
BANKNIFTY-II.NFO,10/02/2025,09:19:55,50593.7,50587.85,150,50596.55,30,0,459720
BANKNIFTY-II.NFO,10/02/2025,09:19:57,50593.7,50589.95,120,50596.55,30,0,459720
BANKNIFTY-II.NFO,10/02/2025,09:19:59,50593.7,50591.35,150,50596.55,30,0,459720
BANKNIFTY-II.NFO,10/02/2025,09:20:00,50596.55,50586.95,120,50600,150,30,459720
BANKNIFTY-II.NFO,10/02/2025,09:20:02,50600,50591.4,120,50600,120,30,459720
BANKNIFTY-II.NFO,10/02/2025,09:20:03,50600,50592.65,150,50600,60,90,459720
BANKNIFTY-II.NFO,10/02/2025,09:20:05,50589.2,50587.15,120,50600,60,30,459720
BANKNIFTY-II.NFO,10/02/2025,09:20:07,50589.2,50589.05,120,50600,60,0,459720
BANKNIFTY-II.NFO,10/02/2025,09:20:08,50589.2,50594.4,120,50600,60,0,459720
BANKNIFTY-II.NFO,10/02/2025,09:20:10,50589.2,50586.5,120,50600,60,0,459720
BANKNIFTY-II.NFO,10/02/2025,09:20:11,50599.95,50576.95,120,50596.85,30,30,459720
BANKNIFTY-II.NFO,10/02/2025,09:20:13,50599.95,50576.15,150,50595.55,30,0,459720
BANKNIFTY-II.NFO,10/02/2025,09:20:15,50589.2,50589.2,240,50592.25,30,60,459720
BANKNIFTY-II.NFO,10/02/2025,09:20:16,50589.2,50567.8,150,50587.8,150,270,459720
BANKNIFTY-II.NFO,10/02/2025,09:20:18,50583.3,50567.65,60,50567.8,30,30,459720
BANKNIFTY-II.NFO,10/02/2025,09:20:20,50584.55,50567.65,60,50584.55,150,90,459720
BANKNIFTY-II.NFO,10/02/2025,09:20:21,50582.8,50567,300,50583.35,30,30,459720
BANKNIFTY-II.NFO,10/02/2025,09:20:23,50582.8,50567.4,60,50585.2,180,0,459720
BANKNIFTY-II.NFO,10/02/2025,09:20:24,50582.8,50567.7,180,50589.15,150,0,459720
BANKNIFTY-II.NFO,10/02/2025,09:20:26,50582.8,50571.7,120,50592.65,150,0,459720
BANKNIFTY-II.NFO,10/02/2025,09:20:27,50582.8,50573.6,180,50594.65,150,0,459720
BANKNIFTY-II.NFO,10/02/2025,09:20:29,50582.8,50577.85,120,50597.3,150,0,459720
BANKNIFTY-II.NFO,10/02/2025,09:20:31,50582.8,50577.25,30,50592.15,150,0,459720
BANKNIFTY-II.NFO,10/02/2025,09:20:32,50582.8,50567.35,60,50585.05,150,0,459720
BANKNIFTY-II.NFO,10/02/2025,09:20:34,50582.8,50560.1,60,50572.1,150,0,459720
BANKNIFTY-II.NFO,10/02/2025,09:20:35,50582.8,50560.1,60,50576.2,150,0,459720
BANKNIFTY-II.NFO,10/02/2025,09:20:37,50582.8,50561.45,120,50583.15,150,0,459720
BANKNIFTY-II.NFO,10/02/2025,09:20:39,50582.8,50569.3,150,50590.95,150,0,459720
BANKNIFTY-II.NFO,10/02/2025,09:20:40,50582.8,50569.7,120,50588.6,150,0,459720
BANKNIFTY-II.NFO,10/02/2025,09:20:42,50592.15,50571.2,120,50592.9,150,90,459720
BANKNIFTY-II.NFO,10/02/2025,09:20:44,50592.15,50569.1,120,50587.95,150,0,459720
BANKNIFTY-II.NFO,10/02/2025,09:20:45,50592.15,50572.05,120,50593.75,150,0,459720
BANKNIFTY-II.NFO,10/02/2025,09:20:47,50592.15,50574.95,120,50596.15,150,0,459720
BANKNIFTY-II.NFO,10/02/2025,09:20:48,50592.15,50578.2,180,50600,60,0,459720
BANKNIFTY-II.NFO,10/02/2025,09:20:50,50592.15,50577.65,120,50600,60,0,459720
BANKNIFTY-II.NFO,10/02/2025,09:20:52,50592.15,50577.4,120,50596.65,150,0,459720
BANKNIFTY-II.NFO,10/02/2025,09:20:53,50592.15,50574,180,50594.95,150,0,459720
BANKNIFTY-II.NFO,10/02/2025,09:20:55,50592.15,50575.4,120,50595.45,150,0,459720
BANKNIFTY-II.NFO,10/02/2025,09:20:57,50592.15,50578.1,150,50596,150,0,459720
BANKNIFTY-II.NFO,10/02/2025,09:20:58,50592.15,50592.15,30,50596.45,30,0,459720
BANKNIFTY-II.NFO,10/02/2025,09:21:00,50592.15,50592.15,30,50600,60,0,459720
BANKNIFTY-II.NFO,10/02/2025,09:21:03,50592.15,50592.15,60,50600,60,0,459720
BANKNIFTY-II.NFO,10/02/2025,09:21:05,50592.15,50592.15,60,50599.2,150,0,459720
BANKNIFTY-II.NFO,10/02/2025,09:21:06,50592.15,50592.15,30,50600,60,90,459720
BANKNIFTY-II.NFO,10/02/2025,09:21:08,50592.15,50592.15,30,50593.65,150,0,459720
BANKNIFTY-II.NFO,10/02/2025,09:21:09,50592.15,50577.55,30,50591.15,150,30,459720
BANKNIFTY-II.NFO,10/02/2025,09:21:11,50592.15,50577.75,30,50589.7,150,0,459720
BANKNIFTY-II.NFO,10/02/2025,09:21:13,50589.6,50580.15,90,50583.1,150,30,459720
BANKNIFTY-II.NFO,10/02/2025,09:21:14,50580.15,50561.5,150,50580,150,90,459720
BANKNIFTY-II.NFO,10/02/2025,09:21:16,50580.15,50564.7,120,50584.75,150,0,459720
BANKNIFTY-II.NFO,10/02/2025,09:21:18,50580.15,50564,120,50583.2,150,0,459720
BANKNIFTY-II.NFO,10/02/2025,09:21:19,50580.15,50562.9,120,50581.3,150,0,459720
BANKNIFTY-II.NFO,10/02/2025,09:21:21,50580.15,50564.55,150,50582.55,150,0,459720
BANKNIFTY-II.NFO,10/02/2025,09:21:23,50580.15,50564.55,150,50583.05,150,0,459720
BANKNIFTY-II.NFO,10/02/2025,09:21:24,50580.15,50566.5,180,50580.15,30,0,459720
BANKNIFTY-II.NFO,10/02/2025,09:21:26,50580.15,50572.3,150,50580.15,30,0,459720
BANKNIFTY-II.NFO,10/02/2025,09:21:28,50580.15,50572.4,150,50580.15,30,0,459720
BANKNIFTY-II.NFO,10/02/2025,09:21:29,50594.9,50577.2,120,50595.25,30,60,459720
BANKNIFTY-II.NFO,10/02/2025,09:21:31,50594.9,50580.25,150,50595.25,30,0,459720
BANKNIFTY-II.NFO,10/02/2025,09:21:33,50594.9,50577.7,150,50595.25,30,0,459720
BANKNIFTY-II.NFO,10/02/2025,09:21:34,50594.4,50577.8,150,50595.25,30,60,459660
BANKNIFTY-II.NFO,10/02/2025,09:21:36,50594.4,50578.3,120,50595.25,30,0,459660
BANKNIFTY-II.NFO,10/02/2025,09:21:37,50595.25,50578.4,210,50599.15,60,30,459660
BANKNIFTY-II.NFO,10/02/2025,09:21:39,50595.25,50580.1,120,50600,60,0,459660
BANKNIFTY-II.NFO,10/02/2025,09:21:41,50595.25,50580.1,150,50598.35,60,0,459660
BANKNIFTY-II.NFO,10/02/2025,09:21:42,50594.45,50580.15,30,50594.75,30,90,459660
BANKNIFTY-II.NFO,10/02/2025,09:21:44,50591.35,50580.15,30,50591.55,60,60,459660
BANKNIFTY-II.NFO,10/02/2025,09:21:46,50591.35,50578.45,30,50588.35,150,0,459660
BANKNIFTY-II.NFO,10/02/2025,09:21:47,50591.35,50578.5,30,50588.35,30,0,459660
BANKNIFTY-II.NFO,10/02/2025,09:21:49,50591.35,50578.5,30,50587.7,30,0,459660
BANKNIFTY-II.NFO,10/02/2025,09:21:50,50591.35,50578.5,30,50585.25,30,0,459660
BANKNIFTY-II.NFO,10/02/2025,09:21:52,50591.35,50578.55,30,50587.7,30,0,459660
BANKNIFTY-II.NFO,10/02/2025,09:21:54,50591.35,50578.6,30,50587.7,30,0,459660
BANKNIFTY-II.NFO,10/02/2025,09:21:55,50587.7,50580.8,120,50588.75,30,30,459660
BANKNIFTY-II.NFO,10/02/2025,09:21:57,50590.3,50584.65,180,50599.95,90,30,459660
BANKNIFTY-II.NFO,10/02/2025,09:21:59,50590.3,50587.85,120,50599.95,90,0,459660
BANKNIFTY-II.NFO,10/02/2025,09:22:00,50590.3,50587.85,150,50599.95,90,0,459660
BANKNIFTY-II.NFO,10/02/2025,09:22:02,50599.95,50589.95,150,50600,60,60,459660
BANKNIFTY-II.NFO,10/02/2025,09:22:04,50599.95,50591.25,120,50600,60,0,459660
BANKNIFTY-II.NFO,10/02/2025,09:22:05,50599.95,50591.3,30,50600,60,0,459660
BANKNIFTY-II.NFO,10/02/2025,09:22:07,50599.95,50591.3,30,50600,150,0,459660
BANKNIFTY-II.NFO,10/02/2025,09:22:08,50599.95,50591.35,120,50600,60,0,459660
BANKNIFTY-II.NFO,10/02/2025,09:22:10,50599.95,50591.4,30,50600,150,0,459660
BANKNIFTY-II.NFO,10/02/2025,09:22:12,50599.95,50591.45,30,50600,150,0,459660
BANKNIFTY-II.NFO,10/02/2025,09:22:13,50591.45,50591.3,60,50600,150,30,459660
BANKNIFTY-II.NFO,10/02/2025,09:22:15,50591.45,50592.5,30,50600,150,0,459660
BANKNIFTY-II.NFO,10/02/2025,09:22:16,50600,50593.05,120,50599.95,30,30,459660
BANKNIFTY-II.NFO,10/02/2025,09:22:18,50600,50593.15,120,50599.95,30,0,459660
BANKNIFTY-II.NFO,10/02/2025,09:22:20,50600,50594.05,150,50599.95,30,0,459660
BANKNIFTY-II.NFO,10/02/2025,09:22:21,50600,50596.2,120,50609.95,90,60,459660
BANKNIFTY-II.NFO,10/02/2025,09:22:23,50610,50604.8,120,50617.1,90,30,459660
BANKNIFTY-II.NFO,10/02/2025,09:22:25,50610,50600.85,120,50617.1,90,0,459660
BANKNIFTY-II.NFO,10/02/2025,09:22:26,50610,50601.05,150,50617.1,90,0,459660
BANKNIFTY-II.NFO,10/02/2025,09:22:28,50610,50602.95,120,50617.1,90,0,459660
BANKNIFTY-II.NFO,10/02/2025,09:22:29,50610,50605.4,120,50617.1,90,0,459660
BANKNIFTY-II.NFO,10/02/2025,09:22:31,50610,50602.75,150,50617.1,90,0,459660
BANKNIFTY-II.NFO,10/02/2025,09:22:33,50610,50603,30,50612.05,30,0,459660
BANKNIFTY-II.NFO,10/02/2025,09:22:34,50617.15,50620,300,50622.25,30,150,459660
BANKNIFTY-II.NFO,10/02/2025,09:22:36,50617.15,50620,300,50622.25,30,0,459660
BANKNIFTY-II.NFO,10/02/2025,09:22:41,50625,50611.2,60,50620.4,90,300,459660
BANKNIFTY-II.NFO,10/02/2025,09:22:43,50625,50611.2,60,50619.55,60,0,459660
BANKNIFTY-II.NFO,10/02/2025,09:22:44,50620.1,50611.2,60,50620.1,30,30,459660
BANKNIFTY-II.NFO,10/02/2025,09:22:46,50620.1,50610.05,60,50615.8,30,0,459660
BANKNIFTY-II.NFO,10/02/2025,09:22:47,50620.1,50610.2,60,50619.1,30,0,459660
BANKNIFTY-II.NFO,10/02/2025,09:22:49,50620.1,50617.1,60,50624.95,30,0,459660
BANKNIFTY-II.NFO,10/02/2025,09:22:51,50620.1,50618.15,60,50626.55,30,0,459660
BANKNIFTY-II.NFO,10/02/2025,09:22:52,50625.8,50617.15,60,50625.85,90,30,459660
BANKNIFTY-II.NFO,10/02/2025,09:22:54,50625.8,50620.1,60,50625.85,90,0,459660
BANKNIFTY-II.NFO,10/02/2025,09:22:57,50628.9,50620.1,60,50628.9,90,90,459660
BANKNIFTY-II.NFO,10/02/2025,09:22:59,50628.9,50622.65,60,50630,30,30,459660
BANKNIFTY-II.NFO,10/02/2025,09:23:01,50630,50622.7,60,50630.9,90,30,459660
BANKNIFTY-II.NFO,10/02/2025,09:23:02,50630,50620.35,60,50630.9,90,0,459660
BANKNIFTY-II.NFO,10/02/2025,09:23:04,50630,50620.5,60,50630.9,90,0,459660
BANKNIFTY-II.NFO,10/02/2025,09:23:06,50620.25,50620,30,50621.9,60,30,459660
BANKNIFTY-II.NFO,10/02/2025,09:23:07,50612.95,50603.15,120,50611.5,30,90,459660
BANKNIFTY-II.NFO,10/02/2025,09:23:09,50612.95,50612.35,60,50618.9,30,0,459660
BANKNIFTY-II.NFO,10/02/2025,09:23:10,50612.95,50613.6,120,50621.85,30,0,459660
BANKNIFTY-II.NFO,10/02/2025,09:23:12,50622.1,50610.5,120,50615.9,30,30,459660
BANKNIFTY-II.NFO,10/02/2025,09:23:14,50617.05,50622.45,120,50630.9,90,30,459660
BANKNIFTY-II.NFO,10/02/2025,09:23:15,50617.05,50619.6,60,50625.8,90,0,459660
BANKNIFTY-II.NFO,10/02/2025,09:23:17,50617.05,50624.55,60,50633.9,90,0,459660
BANKNIFTY-II.NFO,10/02/2025,09:23:19,50617.05,50624.3,60,50633.9,90,0,459660
BANKNIFTY-II.NFO,10/02/2025,09:23:24,50617.05,50625.65,60,50633.9,90,0,459660
BANKNIFTY-II.NFO,10/02/2025,09:23:25,50633.9,50625.65,60,50633.9,90,30,459660
BANKNIFTY-II.NFO,10/02/2025,09:23:27,50633.9,50625.65,60,50633.9,90,0,459660
BANKNIFTY-II.NFO,10/02/2025,09:23:29,50633.9,50626.1,60,50633.85,30,30,459660
BANKNIFTY-II.NFO,10/02/2025,09:23:30,50633.9,50626.4,60,50634.35,30,0,459660
BANKNIFTY-II.NFO,10/02/2025,09:23:32,50633.9,50626.7,60,50633.9,30,0,459660
BANKNIFTY-II.NFO,10/02/2025,09:23:33,50633.9,50622,60,50628.75,30,0,459660
BANKNIFTY-II.NFO,10/02/2025,09:23:35,50633.9,50623.95,60,50630.9,30,0,459660
BANKNIFTY-II.NFO,10/02/2025,09:23:37,50633.9,50624.55,60,50630.9,30,0,459660
BANKNIFTY-II.NFO,10/02/2025,09:23:40,50633.9,50625,60,50632.85,30,0,459660
BANKNIFTY-II.NFO,10/02/2025,09:23:41,50633.9,50625.3,60,50633.15,30,0,459660
BANKNIFTY-II.NFO,10/02/2025,09:23:43,50633.15,50625.3,60,50633.35,90,30,459660
BANKNIFTY-II.NFO,10/02/2025,09:23:44,50633.15,50625.3,60,50633.35,90,0,459660
BANKNIFTY-II.NFO,10/02/2025,09:23:47,50633.35,50633.9,60,50642.95,30,120,459660
BANKNIFTY-II.NFO,10/02/2025,09:23:49,50633.35,50636.55,60,50647.25,90,0,459660
BANKNIFTY-II.NFO,10/02/2025,09:23:51,50633.35,50637.6,60,50648.9,90,0,459660
BANKNIFTY-II.NFO,10/02/2025,09:23:52,50633.35,50637,60,50648.9,90,0,459660
BANKNIFTY-II.NFO,10/02/2025,09:23:54,50633.35,50637.9,60,50648.9,90,0,459660
BANKNIFTY-II.NFO,10/02/2025,09:23:56,50633.35,50642.1,60,50648.9,90,0,459660
BANKNIFTY-II.NFO,10/02/2025,09:23:57,50657.9,50650.65,60,50660.9,90,60,459660
BANKNIFTY-II.NFO,10/02/2025,09:23:59,50657.9,50650.8,60,50660.9,90,0,459660
BANKNIFTY-II.NFO,10/02/2025,09:24:01,50657.9,50653.05,60,50660.8,60,0,459660
BANKNIFTY-II.NFO,10/02/2025,09:24:02,50660.9,50653.05,60,50663.5,60,60,459660
BANKNIFTY-II.NFO,10/02/2025,09:24:04,50660.9,50650,300,50656.35,60,0,459660
BANKNIFTY-II.NFO,10/02/2025,09:24:06,50660.9,50650,300,50655.7,60,0,459660
BANKNIFTY-II.NFO,10/02/2025,09:24:07,50654.6,50650,300,50658.9,30,30,459660
BANKNIFTY-II.NFO,10/02/2025,09:24:09,50656.6,50650,300,50657.95,30,60,459660
BANKNIFTY-II.NFO,10/02/2025,09:24:11,50656.6,50650,300,50660,30,0,459660
BANKNIFTY-II.NFO,10/02/2025,09:24:12,50660,50660,300,50660.9,30,30,459660
BANKNIFTY-II.NFO,10/02/2025,09:24:14,50660,50660,270,50664.15,90,30,459660
BANKNIFTY-II.NFO,10/02/2025,09:24:15,50660,50660,270,50664.45,30,0,459660
BANKNIFTY-II.NFO,10/02/2025,09:24:17,50660,50660,270,50660.7,30,0,459660
BANKNIFTY-II.NFO,10/02/2025,09:24:19,50667.55,50660,270,50663.65,30,180,459660
BANKNIFTY-II.NFO,10/02/2025,09:24:20,50660,50660,240,50662.7,30,30,459660
BANKNIFTY-II.NFO,10/02/2025,09:24:22,50662.7,50663.85,180,50669.95,30,30,459660
BANKNIFTY-II.NFO,10/02/2025,09:24:24,50669.95,50660,240,50670,30,30,459660
BANKNIFTY-II.NFO,10/02/2025,09:24:25,50669.95,50665,240,50670,30,0,459660
BANKNIFTY-II.NFO,10/02/2025,09:24:28,50669.95,50665.15,120,50670,30,0,459660
BANKNIFTY-II.NFO,10/02/2025,09:24:30,50670,50665.05,120,50677.2,30,30,459660
BANKNIFTY-II.NFO,10/02/2025,09:24:32,50670,50667.25,150,50677.2,30,0,459660
BANKNIFTY-II.NFO,10/02/2025,09:24:33,50670.35,50670.35,120,50677.2,30,30,459660
BANKNIFTY-II.NFO,10/02/2025,09:24:35,50670.35,50672.3,120,50677.2,30,0,460440
BANKNIFTY-II.NFO,10/02/2025,09:24:37,50690.25,50676.4,120,50690.25,30,180,460440
BANKNIFTY-II.NFO,10/02/2025,09:24:37,50690.25,50676.4,120,50690.25,30,0,460440
BANKNIFTY-II.NFO,10/02/2025,09:24:38,50677.4,50676.5,120,50687.95,30,90,460440
BANKNIFTY-II.NFO,10/02/2025,09:24:40,50677.4,50670.05,120,50681.95,30,0,460440
BANKNIFTY-II.NFO,10/02/2025,09:24:41,50677.4,50670,240,50681.9,120,0,460440
BANKNIFTY-II.NFO,10/02/2025,09:24:43,50674.5,50670,240,50674.5,30,30,460440
BANKNIFTY-II.NFO,10/02/2025,09:24:45,50670,50654.65,120,50666.95,30,240,460440
BANKNIFTY-II.NFO,10/02/2025,09:24:46,50670,50654.65,120,50666.95,30,0,460440
BANKNIFTY-II.NFO,10/02/2025,09:24:48,50670,50655.1,120,50670.8,120,0,460440
BANKNIFTY-II.NFO,10/02/2025,09:24:50,50670,50656.45,60,50666.95,30,0,460440
BANKNIFTY-II.NFO,10/02/2025,09:24:51,50670,50655.1,150,50672.8,120,0,460440
BANKNIFTY-II.NFO,10/02/2025,09:24:53,50654.65,50654.6,30,50666.9,120,60,460440
BANKNIFTY-II.NFO,10/02/2025,09:24:55,50654.65,50655.1,90,50671.65,120,0,460440
BANKNIFTY-II.NFO,10/02/2025,09:24:56,50654.65,50654.6,30,50666.9,120,0,460440
BANKNIFTY-II.NFO,10/02/2025,09:24:58,50654.65,50655.3,60,50669.95,30,0,460440
BANKNIFTY-II.NFO,10/02/2025,09:25:00,50654.65,50655.25,60,50666.9,120,0,460440
BANKNIFTY-II.NFO,10/02/2025,09:25:01,50654.65,50654.65,60,50669.3,120,0,460440
BANKNIFTY-II.NFO,10/02/2025,09:25:03,50654.65,50654.6,30,50663.8,120,0,460440
BANKNIFTY-II.NFO,10/02/2025,09:25:05,50654.65,50654.6,30,50663.95,30,0,460440
BANKNIFTY-II.NFO,10/02/2025,09:25:06,50663.9,50654.7,60,50663.95,30,90,460440
BANKNIFTY-II.NFO,10/02/2025,09:25:08,50663.9,50654.7,60,50667.95,90,0,460440
BANKNIFTY-II.NFO,10/02/2025,09:25:10,50663.9,50654.6,30,50660.8,90,0,460440
BANKNIFTY-II.NFO,10/02/2025,09:25:11,50654.6,50634.85,150,50644.4,30,30,460440
BANKNIFTY-II.NFO,10/02/2025,09:25:13,50644.4,50638.7,150,50651.9,90,30,460440
BANKNIFTY-II.NFO,10/02/2025,09:25:14,50651.9,50641.95,60,50651.95,30,60,460440
BANKNIFTY-II.NFO,10/02/2025,09:25:16,50651.9,50638.15,60,50648.95,30,0,460440
BANKNIFTY-II.NFO,10/02/2025,09:25:18,50638.15,50637.35,60,50650.55,90,30,460440
BANKNIFTY-II.NFO,10/02/2025,09:25:19,50638.15,50638.9,60,50653.2,90,0,460440
BANKNIFTY-II.NFO,10/02/2025,09:25:21,50638.15,50640.7,120,50654.55,90,0,460440
BANKNIFTY-II.NFO,10/02/2025,09:25:23,50638.15,50639.25,60,50654.35,90,0,460440
BANKNIFTY-II.NFO,10/02/2025,09:25:24,50638.15,50639.25,60,50651.9,90,0,460440
BANKNIFTY-II.NFO,10/02/2025,09:25:26,50638.15,50637.4,60,50648.9,90,0,460440
BANKNIFTY-II.NFO,10/02/2025,09:25:28,50637.4,50637.4,30,50648.5,90,30,460440
BANKNIFTY-II.NFO,10/02/2025,09:25:29,50637.4,50639.4,120,50651.95,30,0,460440
BANKNIFTY-II.NFO,10/02/2025,09:25:31,50637.4,50643.1,150,50659.45,90,0,460440
BANKNIFTY-II.NFO,10/02/2025,09:25:33,50637.4,50655.1,120,50669.95,90,0,460440
BANKNIFTY-II.NFO,10/02/2025,09:25:34,50637.4,50649.75,60,50663.9,90,0,460440
BANKNIFTY-II.NFO,10/02/2025,09:25:36,50637.4,50647.2,120,50660.95,30,0,460440
BANKNIFTY-II.NFO,10/02/2025,09:25:38,50637.4,50645.65,120,50660.65,90,0,460440
BANKNIFTY-II.NFO,10/02/2025,09:25:39,50637.4,50644.05,60,50654.95,30,0,460440
BANKNIFTY-II.NFO,10/02/2025,09:25:41,50637.4,50643.5,60,50654.85,90,0,460440
BANKNIFTY-II.NFO,10/02/2025,09:25:43,50637.4,50640.7,60,50651.9,90,0,460440
BANKNIFTY-II.NFO,10/02/2025,09:25:44,50637.4,50638.25,60,50648.95,30,0,460440
BANKNIFTY-II.NFO,10/02/2025,09:25:46,50637.4,50638.25,60,50648.9,90,0,460440
BANKNIFTY-II.NFO,10/02/2025,09:25:48,50637.4,50638.25,60,50651.9,90,0,460440
BANKNIFTY-II.NFO,10/02/2025,09:25:49,50637.4,50639,60,50652.65,90,0,460440
BANKNIFTY-II.NFO,10/02/2025,09:25:51,50637.4,50639,60,50645.4,90,0,460440
BANKNIFTY-II.NFO,10/02/2025,09:25:53,50637.4,50639,60,50647.35,90,0,460440
BANKNIFTY-II.NFO,10/02/2025,09:25:54,50637.4,50633.35,30,50637.1,90,60,460440
BANKNIFTY-II.NFO,10/02/2025,09:25:56,50633.35,50620.25,30,50630.35,90,30,460440
BANKNIFTY-II.NFO,10/02/2025,09:25:58,50633.35,50620.25,30,50627.9,30,0,460440
BANKNIFTY-II.NFO,10/02/2025,09:25:59,50633.35,50620.25,30,50629.75,30,0,460440
BANKNIFTY-II.NFO,10/02/2025,09:26:01,50633.35,50620.25,30,50629.45,90,0,460440
BANKNIFTY-II.NFO,10/02/2025,09:26:03,50633.35,50620.5,120,50632.9,30,0,460440
BANKNIFTY-II.NFO,10/02/2025,09:26:04,50633.35,50622.35,150,50634,30,0,460440
BANKNIFTY-II.NFO,10/02/2025,09:26:06,50633.35,50628.25,120,50638.6,30,0,460440
BANKNIFTY-II.NFO,10/02/2025,09:26:08,50633.35,50630.9,120,50640.9,30,0,460440
BANKNIFTY-II.NFO,10/02/2025,09:26:09,50633.35,50636.4,120,50644.85,30,0,460440
BANKNIFTY-II.NFO,10/02/2025,09:26:11,50633.35,50635.25,120,50646.5,30,0,460440
BANKNIFTY-II.NFO,10/02/2025,09:26:13,50633.35,50634.5,60,50646.25,30,0,460440
BANKNIFTY-II.NFO,10/02/2025,09:26:14,50633.35,50632.5,120,50645.9,90,0,460440
BANKNIFTY-II.NFO,10/02/2025,09:26:16,50633.35,50636.45,150,50648.5,30,0,460440
BANKNIFTY-II.NFO,10/02/2025,09:26:17,50633.35,50639.4,120,50650.3,90,0,460440
BANKNIFTY-II.NFO,10/02/2025,09:26:19,50633.35,50631.95,60,50643.85,90,0,460440
BANKNIFTY-II.NFO,10/02/2025,09:26:21,50633.35,50630.7,60,50642.55,30,0,460440
BANKNIFTY-II.NFO,10/02/2025,09:26:22,50633.35,50629.85,60,50642.7,90,0,460440
BANKNIFTY-II.NFO,10/02/2025,09:26:24,50633.35,50626.45,120,50639.05,90,0,460440
BANKNIFTY-II.NFO,10/02/2025,09:26:26,50633.35,50623.5,120,50636.9,30,0,460440
BANKNIFTY-II.NFO,10/02/2025,09:26:27,50633.35,50623.25,60,50633.85,90,0,460440
BANKNIFTY-II.NFO,10/02/2025,09:26:29,50633.35,50624.8,120,50639.9,30,0,460440
BANKNIFTY-II.NFO,10/02/2025,09:26:31,50633.35,50626.55,60,50639.85,90,0,460440
BANKNIFTY-II.NFO,10/02/2025,09:26:32,50633.35,50626.55,60,50636.8,90,0,460440
BANKNIFTY-II.NFO,10/02/2025,09:26:34,50633.35,50626.55,60,50639.4,90,0,460440
BANKNIFTY-II.NFO,10/02/2025,09:26:37,50633.35,50626.55,60,50633.3,30,0,460440
BANKNIFTY-II.NFO,10/02/2025,09:26:39,50633.35,50622.6,60,50633.3,30,0,460440
BANKNIFTY-II.NFO,10/02/2025,09:26:41,50633.35,50620.25,30,50630.9,120,0,460440
BANKNIFTY-II.NFO,10/02/2025,09:26:42,50633.35,50620.25,30,50628.15,90,0,460440
BANKNIFTY-II.NFO,10/02/2025,09:26:44,50633.35,50620.25,30,50622.1,90,0,460440
BANKNIFTY-II.NFO,10/02/2025,09:26:45,50620.25,50617.05,90,50624.8,30,30,460440
BANKNIFTY-II.NFO,10/02/2025,09:26:47,50620.25,50617.05,90,50624.8,30,0,460440
BANKNIFTY-II.NFO,10/02/2025,09:26:49,50620.25,50617.05,90,50625.55,30,0,460440
BANKNIFTY-II.NFO,10/02/2025,09:26:50,50617.05,50617.1,120,50626.4,30,30,460440
BANKNIFTY-II.NFO,10/02/2025,09:26:54,50617.05,50617.05,60,50626.4,30,0,460440
BANKNIFTY-II.NFO,10/02/2025,09:26:55,50617.05,50619.85,60,50627.85,30,0,460440
BANKNIFTY-II.NFO,10/02/2025,09:26:57,50617.05,50624.7,120,50633.3,30,0,460440
BANKNIFTY-II.NFO,10/02/2025,09:26:59,50617.05,50627.9,120,50633.3,30,0,460440
BANKNIFTY-II.NFO,10/02/2025,09:27:00,50617.05,50624.35,60,50633.3,60,0,460440
BANKNIFTY-II.NFO,10/02/2025,09:27:02,50622,50622,30,50630.8,30,30,460440
BANKNIFTY-II.NFO,10/02/2025,09:27:03,50622,50617.05,60,50627.85,30,0,460440
BANKNIFTY-II.NFO,10/02/2025,09:27:05,50622,50617.05,60,50625.8,30,0,460440
BANKNIFTY-II.NFO,10/02/2025,09:27:10,50622,50617.05,60,50624.9,120,0,460440
BANKNIFTY-II.NFO,10/02/2025,09:27:11,50617.05,50601.35,150,50612.3,30,60,460440
BANKNIFTY-II.NFO,10/02/2025,09:27:13,50617.05,50602.65,120,50613.45,30,0,460440
BANKNIFTY-II.NFO,10/02/2025,09:27:15,50603.55,50604.05,120,50613.95,30,60,460440
BANKNIFTY-II.NFO,10/02/2025,09:27:16,50603.55,50600.65,120,50611.8,30,0,460440
BANKNIFTY-II.NFO,10/02/2025,09:27:18,50603.55,50607.1,90,50617.95,30,0,460440
BANKNIFTY-II.NFO,10/02/2025,09:27:20,50603.55,50610.2,120,50622.05,30,0,460440
BANKNIFTY-II.NFO,10/02/2025,09:27:21,50603.55,50609.1,180,50620.35,30,0,460440
BANKNIFTY-II.NFO,10/02/2025,09:27:23,50603.55,50613.1,120,50623.65,30,0,460440
BANKNIFTY-II.NFO,10/02/2025,09:27:25,50603.55,50616.1,90,50625.85,30,0,460440
BANKNIFTY-II.NFO,10/02/2025,09:27:26,50603.55,50616.1,90,50625.7,30,0,460440
BANKNIFTY-II.NFO,10/02/2025,09:27:28,50603.55,50620.95,120,50631.45,30,0,460440
BANKNIFTY-II.NFO,10/02/2025,09:27:30,50603.55,50622.6,90,50633.25,30,0,460440
BANKNIFTY-II.NFO,10/02/2025,09:27:31,50633.2,50613.1,120,50630.9,30,30,460440
BANKNIFTY-II.NFO,10/02/2025,09:27:33,50633.2,50613.1,90,50630.9,30,0,460440
BANKNIFTY-II.NFO,10/02/2025,09:27:35,50633.2,50622.8,120,50633.3,30,0,460440
BANKNIFTY-II.NFO,10/02/2025,09:27:36,50633.2,50625.1,90,50633.3,30,0,460440
BANKNIFTY-II.NFO,10/02/2025,09:27:38,50633.2,50623.1,120,50633.3,30,0,460440
BANKNIFTY-II.NFO,10/02/2025,09:27:40,50633.2,50625.9,120,50633.3,30,0,460440
BANKNIFTY-II.NFO,10/02/2025,09:27:41,50633.2,50623.35,90,50633.3,30,0,460440
BANKNIFTY-II.NFO,10/02/2025,09:27:43,50633.2,50625.2,120,50633.3,30,0,460440
BANKNIFTY-II.NFO,10/02/2025,09:27:45,50633.3,50619.65,120,50633.3,30,30,460680
BANKNIFTY-II.NFO,10/02/2025,09:27:46,50633.3,50623.35,120,50633.3,30,0,460680
BANKNIFTY-II.NFO,10/02/2025,09:27:48,50633.3,50625.2,120,50633.3,30,0,460680
BANKNIFTY-II.NFO,10/02/2025,09:27:50,50633.3,50619.85,120,50633.3,30,0,460680
BANKNIFTY-II.NFO,10/02/2025,09:27:51,50633.3,50617.4,90,50632.45,120,0,460680
BANKNIFTY-II.NFO,10/02/2025,09:27:53,50633.3,50619.95,90,50633.25,30,0,460680
BANKNIFTY-II.NFO,10/02/2025,09:27:55,50633.3,50620.15,90,50633.25,30,0,460680
BANKNIFTY-II.NFO,10/02/2025,09:27:56,50633.3,50611.45,120,50627.8,120,0,460680
BANKNIFTY-II.NFO,10/02/2025,09:27:58,50627.15,50614.1,150,50630.7,120,30,460680
BANKNIFTY-II.NFO,10/02/2025,09:28:00,50630.25,50615.35,150,50630.25,90,30,460680
BANKNIFTY-II.NFO,10/02/2025,09:28:01,50630.25,50616.55,120,50630.8,90,0,460680
BANKNIFTY-II.NFO,10/02/2025,09:28:03,50630.25,50616.15,90,50630.65,90,0,460680
BANKNIFTY-II.NFO,10/02/2025,09:28:04,50630.25,50612.65,60,50627.8,90,0,460680
BANKNIFTY-II.NFO,10/02/2025,09:28:06,50630.25,50612.65,60,50627,120,0,460680
BANKNIFTY-II.NFO,10/02/2025,09:28:08,50630.25,50612,30,50625.95,90,0,460680
BANKNIFTY-II.NFO,10/02/2025,09:28:09,50630.25,50612,30,50625.85,120,0,460680
BANKNIFTY-II.NFO,10/02/2025,09:28:11,50630.25,50612,30,50619,120,0,460680
BANKNIFTY-II.NFO,10/02/2025,09:28:13,50630.25,50612,30,50616.2,90,0,460680
BANKNIFTY-II.NFO,10/02/2025,09:28:14,50630.25,50612,30,50618.25,90,0,460680
BANKNIFTY-II.NFO,10/02/2025,09:28:16,50630.25,50612,30,50618.55,90,0,460680
BANKNIFTY-II.NFO,10/02/2025,09:28:18,50630.25,50612,30,50618.4,90,0,460680
BANKNIFTY-II.NFO,10/02/2025,09:28:19,50630.25,50612,30,50616.9,90,0,460680
BANKNIFTY-II.NFO,10/02/2025,09:28:21,50630.25,50612,30,50616.8,90,0,460680
BANKNIFTY-II.NFO,10/02/2025,09:28:23,50612,50600,270,50612.2,90,30,460680
BANKNIFTY-II.NFO,10/02/2025,09:28:24,50612,50600,270,50612.8,90,0,460680
BANKNIFTY-II.NFO,10/02/2025,09:28:26,50612,50600.5,120,50612.9,30,0,460680
BANKNIFTY-II.NFO,10/02/2025,09:28:28,50612,50600.95,60,50615.8,90,0,460680
BANKNIFTY-II.NFO,10/02/2025,09:28:29,50612,50604.9,150,50621.7,90,0,460680
BANKNIFTY-II.NFO,10/02/2025,09:28:31,50612,50613.55,120,50626.85,30,0,460680
BANKNIFTY-II.NFO,10/02/2025,09:28:33,50612,50617.4,120,50630.9,30,0,460680
BANKNIFTY-II.NFO,10/02/2025,09:28:34,50612,50614.65,120,50627.9,30,0,460680
BANKNIFTY-II.NFO,10/02/2025,09:28:36,50612,50609.15,120,50624.5,90,0,460680
BANKNIFTY-II.NFO,10/02/2025,09:28:38,50612,50608.25,120,50621.85,90,0,460680
BANKNIFTY-II.NFO,10/02/2025,09:28:39,50612,50611,120,50621.9,30,0,460680
BANKNIFTY-II.NFO,10/02/2025,09:28:41,50612,50607.9,120,50623.85,90,0,460680
BANKNIFTY-II.NFO,10/02/2025,09:28:42,50612,50610.05,120,50621.9,30,0,460680
BANKNIFTY-II.NFO,10/02/2025,09:28:44,50612,50611.55,150,50626.7,90,0,460680
BANKNIFTY-II.NFO,10/02/2025,09:28:46,50612,50611.5,120,50624.85,30,0,460680
BANKNIFTY-II.NFO,10/02/2025,09:28:47,50612,50614.05,120,50629.7,90,0,460680
BANKNIFTY-II.NFO,10/02/2025,09:28:49,50612,50616.1,120,50630.55,90,0,460680
BANKNIFTY-II.NFO,10/02/2025,09:28:51,50612,50616.1,120,50630.85,90,0,460680
BANKNIFTY-II.NFO,10/02/2025,09:28:52,50612,50613.9,120,50624.9,30,0,460680
BANKNIFTY-II.NFO,10/02/2025,09:28:54,50612,50616.8,120,50627.9,30,0,460680
BANKNIFTY-II.NFO,10/02/2025,09:28:56,50612,50618.5,120,50633.35,30,0,460680
BANKNIFTY-II.NFO,10/02/2025,09:28:57,50612,50622.2,120,50633.3,30,0,460680
BANKNIFTY-II.NFO,10/02/2025,09:28:59,50612,50627.7,180,50633.3,30,0,460680
BANKNIFTY-II.NFO,10/02/2025,09:29:01,50633.35,50628.1,120,50640,30,120,460680
BANKNIFTY-II.NFO,10/02/2025,09:29:02,50633.35,50629.65,120,50644.05,30,0,460680
BANKNIFTY-II.NFO,10/02/2025,09:29:04,50633.35,50635.4,120,50647.8,30,0,460680
BANKNIFTY-II.NFO,10/02/2025,09:29:06,50633.35,50640,120,50651.95,60,0,460680
BANKNIFTY-II.NFO,10/02/2025,09:29:07,50633.35,50635.95,120,50647.95,30,0,460680
BANKNIFTY-II.NFO,10/02/2025,09:29:09,50633.35,50641,120,50654.95,30,0,460680
BANKNIFTY-II.NFO,10/02/2025,09:29:11,50633.35,50643,120,50655.65,30,0,460680
BANKNIFTY-II.NFO,10/02/2025,09:29:12,50633.35,50647.8,120,50662.2,30,0,460680
BANKNIFTY-II.NFO,10/02/2025,09:29:14,50633.35,50649.65,120,50661.55,30,0,460680
BANKNIFTY-II.NFO,10/02/2025,09:29:16,50633.35,50649.05,30,50660.2,30,0,460680
BANKNIFTY-II.NFO,10/02/2025,09:29:17,50647.4,50649.5,120,50661.6,30,30,460680
BANKNIFTY-II.NFO,10/02/2025,09:29:19,50647.4,50652.05,30,50663.6,150,0,460680
BANKNIFTY-II.NFO,10/02/2025,09:29:21,50647.4,50647.5,120,50660.9,30,0,460680
BANKNIFTY-II.NFO,10/02/2025,09:29:22,50647.4,50649,30,50662.3,120,0,460680
BANKNIFTY-II.NFO,10/02/2025,09:29:24,50647.4,50652.4,120,50665.8,30,0,460680
BANKNIFTY-II.NFO,10/02/2025,09:29:26,50647.4,50654.25,120,50665.4,30,0,460680
BANKNIFTY-II.NFO,10/02/2025,09:29:27,50647.4,50653,120,50664.9,30,0,460680
BANKNIFTY-II.NFO,10/02/2025,09:29:29,50647.4,50653.3,120,50664.9,30,0,460680
BANKNIFTY-II.NFO,10/02/2025,09:29:30,50647.4,50652.85,150,50664.9,30,0,460680
BANKNIFTY-II.NFO,10/02/2025,09:29:32,50647.4,50661.1,120,50669.85,30,0,460680
BANKNIFTY-II.NFO,10/02/2025,09:29:36,50647.4,50654.75,120,50668,60,0,460680
BANKNIFTY-II.NFO,10/02/2025,09:29:37,50647.4,50655.05,30,50665.45,120,0,460680
BANKNIFTY-II.NFO,10/02/2025,09:29:39,50647.4,50655.1,120,50663.5,30,0,460680
BANKNIFTY-II.NFO,10/02/2025,09:29:40,50647.4,50647.55,120,50661.25,30,0,460680
BANKNIFTY-II.NFO,10/02/2025,09:29:42,50647.4,50647.4,60,50659,120,0,460680
BANKNIFTY-II.NFO,10/02/2025,09:29:44,50647.4,50647.4,60,50659.7,120,0,460680
BANKNIFTY-II.NFO,10/02/2025,09:29:45,50647.4,50649.1,120,50661.2,30,0,460680
BANKNIFTY-II.NFO,10/02/2025,09:29:47,50647.4,50647.4,60,50658.3,150,0,460680
BANKNIFTY-II.NFO,10/02/2025,09:29:49,50647.4,50647.4,60,50658.95,30,0,460680
BANKNIFTY-II.NFO,10/02/2025,09:29:50,50647.4,50647.4,60,50658.9,120,0,460680
BANKNIFTY-II.NFO,10/02/2025,09:29:54,50647.4,50647.4,60,50658.4,30,0,460680
BANKNIFTY-II.NFO,10/02/2025,09:29:55,50647.4,50647.4,30,50658.4,30,30,460680
BANKNIFTY-II.NFO,10/02/2025,09:29:57,50658.4,50647.7,120,50660.85,30,30,460680
BANKNIFTY-II.NFO,10/02/2025,09:29:58,50658.4,50652.6,120,50663.85,30,0,460680
BANKNIFTY-II.NFO,10/02/2025,09:30:00,50658.4,50652.1,120,50663.85,30,0,460680
BANKNIFTY-II.NFO,10/02/2025,09:30:02,50658.4,50652.6,120,50663.85,30,0,460680
BANKNIFTY-II.NFO,10/02/2025,09:30:03,50658.4,50653.25,120,50663.85,30,0,460680
BANKNIFTY-II.NFO,10/02/2025,09:30:05,50658.4,50653.75,120,50663.85,30,0,460680
BANKNIFTY-II.NFO,10/02/2025,09:30:06,50658.4,50658.6,120,50663.85,30,0,460680
BANKNIFTY-II.NFO,10/02/2025,09:30:08,50658.45,50658.45,90,50663.85,30,30,460680
BANKNIFTY-II.NFO,10/02/2025,09:30:10,50658.45,50658.4,30,50663.85,30,0,460680
BANKNIFTY-II.NFO,10/02/2025,09:30:11,50658.45,50658.4,30,50663.8,120,0,460680
BANKNIFTY-II.NFO,10/02/2025,09:30:13,50658.45,50658.4,30,50663.85,30,0,460680
BANKNIFTY-II.NFO,10/02/2025,09:30:15,50664,50661.1,120,50670,90,90,460680
BANKNIFTY-II.NFO,10/02/2025,09:30:16,50664,50661.85,120,50670,90,0,460680
BANKNIFTY-II.NFO,10/02/2025,09:30:18,50670,50670,30,50676.4,30,90,460680
BANKNIFTY-II.NFO,10/02/2025,09:30:20,50670,50670,30,50676.35,120,0,460680
BANKNIFTY-II.NFO,10/02/2025,09:30:21,50670,50658.4,30,50671.45,120,30,460680
BANKNIFTY-II.NFO,10/02/2025,09:30:23,50670,50658.45,90,50672.9,120,0,460680
BANKNIFTY-II.NFO,10/02/2025,09:30:25,50670,50658.4,30,50669.9,120,0,460680
BANKNIFTY-II.NFO,10/02/2025,09:30:26,50670,50658.4,30,50666.95,30,0,460680
BANKNIFTY-II.NFO,10/02/2025,09:30:28,50670,50658.4,30,50669.2,120,0,460680
BANKNIFTY-II.NFO,10/02/2025,09:30:29,50670,50658.4,30,50666,120,0,460680
BANKNIFTY-II.NFO,10/02/2025,09:30:31,50670,50658.4,30,50665,120,0,460680
BANKNIFTY-II.NFO,10/02/2025,09:30:33,50666.2,50658.4,30,50668.15,120,30,460680
BANKNIFTY-II.NFO,10/02/2025,09:30:34,50666.2,50658.4,30,50666.4,120,0,460680
BANKNIFTY-II.NFO,10/02/2025,09:30:36,50666.2,50658.4,30,50666.6,120,0,460680
BANKNIFTY-II.NFO,10/02/2025,09:30:38,50658.4,50645.3,150,50656.9,30,30,460800
BANKNIFTY-II.NFO,10/02/2025,09:30:39,50658.4,50649.05,30,50660,30,0,460800
BANKNIFTY-II.NFO,10/02/2025,09:30:41,50658.4,50644,120,50656.45,90,0,460800
BANKNIFTY-II.NFO,10/02/2025,09:30:43,50658.4,50642.85,30,50653.75,30,0,460800
BANKNIFTY-II.NFO,10/02/2025,09:30:44,50654.35,50645,120,50654.35,30,30,460800
BANKNIFTY-II.NFO,10/02/2025,09:30:46,50654.35,50645.7,120,50655.1,30,0,460800
BANKNIFTY-II.NFO,10/02/2025,09:30:47,50654.35,50640.45,120,50650.4,30,0,460800
BANKNIFTY-II.NFO,10/02/2025,09:30:49,50654.35,50640,30,50650.3,30,0,460800
BANKNIFTY-II.NFO,10/02/2025,09:30:51,50654.35,50640,30,50648.5,30,0,460800
BANKNIFTY-II.NFO,10/02/2025,09:30:52,50654.35,50640,30,50647.6,150,0,460800
BANKNIFTY-II.NFO,10/02/2025,09:30:54,50654.35,50640,30,50647.3,120,0,460800
BANKNIFTY-II.NFO,10/02/2025,09:30:55,50654.35,50640,30,50645.7,120,0,460800
BANKNIFTY-II.NFO,10/02/2025,09:30:57,50654.35,50640,30,50644.2,120,0,460800
BANKNIFTY-II.NFO,10/02/2025,09:30:59,50640,50623.85,120,50635.35,30,30,460800
BANKNIFTY-II.NFO,10/02/2025,09:31:00,50640,50616.2,150,50627.15,30,0,460800
BANKNIFTY-II.NFO,10/02/2025,09:31:02,50640,50617.55,120,50627.3,30,0,460800
BANKNIFTY-II.NFO,10/02/2025,09:31:03,50640,50611.55,120,50624.7,30,0,460800
BANKNIFTY-II.NFO,10/02/2025,09:31:05,50640,50614.3,120,50624.7,30,0,460800
BANKNIFTY-II.NFO,10/02/2025,09:31:07,50640,50616.2,120,50626.95,30,0,460800
BANKNIFTY-II.NFO,10/02/2025,09:31:08,50640,50613.85,120,50624.25,30,0,460800
BANKNIFTY-II.NFO,10/02/2025,09:31:10,50640,50615.05,120,50624.4,30,0,460800
BANKNIFTY-II.NFO,10/02/2025,09:31:13,50640,50615.05,120,50619.95,30,0,460800
BANKNIFTY-II.NFO,10/02/2025,09:31:15,50640,50610.75,120,50619.95,30,0,460800
BANKNIFTY-II.NFO,10/02/2025,09:31:17,50605.45,50606.35,30,50616.6,30,120,460800
BANKNIFTY-II.NFO,10/02/2025,09:31:18,50605.45,50607,30,50618.75,30,0,460800
BANKNIFTY-II.NFO,10/02/2025,09:31:20,50605.45,50600.55,30,50613.9,60,0,460800
BANKNIFTY-II.NFO,10/02/2025,09:31:22,50600,50600,180,50609.8,30,120,460800
BANKNIFTY-II.NFO,10/02/2025,09:31:23,50600,50591.45,60,50600.9,30,180,460800
BANKNIFTY-II.NFO,10/02/2025,09:31:25,50591.45,50591.5,60,50599.6,30,30,460800
BANKNIFTY-II.NFO,10/02/2025,09:31:26,50591.45,50591.45,30,50599.95,30,0,460800
BANKNIFTY-II.NFO,10/02/2025,09:31:28,50583.6,50580,30,50589.95,30,90,460800
BANKNIFTY-II.NFO,10/02/2025,09:31:30,50583.6,50580,30,50589.2,60,0,460800
BANKNIFTY-II.NFO,10/02/2025,09:31:31,50575.85,50575.4,60,50584.55,60,60,460800
BANKNIFTY-II.NFO,10/02/2025,09:31:33,50575.85,50575.4,30,50584.55,60,0,460800
BANKNIFTY-II.NFO,10/02/2025,09:31:35,50575.85,50575,30,50582.9,30,0,460800
BANKNIFTY-II.NFO,10/02/2025,09:31:36,50575,50565.1,30,50576.2,30,30,460800
BANKNIFTY-II.NFO,10/02/2025,09:31:38,50565.45,50564.65,90,50574.7,30,60,460800
BANKNIFTY-II.NFO,10/02/2025,09:31:40,50565.45,50569,30,50577.6,30,0,460800
BANKNIFTY-II.NFO,10/02/2025,09:31:42,50565.45,50571,30,50578.45,30,0,460800
BANKNIFTY-II.NFO,10/02/2025,09:31:43,50565.45,50570.5,30,50579.85,30,0,460800
BANKNIFTY-II.NFO,10/02/2025,09:31:45,50565.45,50567.95,30,50578.95,30,0,460800
BANKNIFTY-II.NFO,10/02/2025,09:31:46,50568.55,50571.4,30,50579.85,30,30,460800
BANKNIFTY-II.NFO,10/02/2025,09:31:48,50575,50571.4,30,50579.4,30,30,460800
BANKNIFTY-II.NFO,10/02/2025,09:31:50,50575,50570,60,50578.9,30,0,460800
BANKNIFTY-II.NFO,10/02/2025,09:31:51,50570,50570,30,50578.35,30,30,460800
BANKNIFTY-II.NFO,10/02/2025,09:31:53,50570,50570,30,50578,150,0,460800
BANKNIFTY-II.NFO,10/02/2025,09:31:55,50565.45,50564.35,30,50572.85,30,90,460800
BANKNIFTY-II.NFO,10/02/2025,09:31:56,50565.45,50564,30,50571.9,120,0,460800
BANKNIFTY-II.NFO,10/02/2025,09:32:01,50560,50555.05,60,50564.35,30,180,460800
BANKNIFTY-II.NFO,10/02/2025,09:32:03,50564.35,50557.2,60,50564.35,30,30,460800
BANKNIFTY-II.NFO,10/02/2025,09:32:05,50560,50559.7,30,50569.65,30,180,460800
BANKNIFTY-II.NFO,10/02/2025,09:32:06,50560,50557.1,30,50567.25,90,0,460800
BANKNIFTY-II.NFO,10/02/2025,09:32:08,50560,50558.8,30,50568.8,30,0,460800
BANKNIFTY-II.NFO,10/02/2025,09:32:10,50560,50558.2,30,50559.95,30,0,460800
BANKNIFTY-II.NFO,10/02/2025,09:32:11,50567.9,50560.7,60,50573.2,30,120,460800
BANKNIFTY-II.NFO,10/02/2025,09:32:13,50567.9,50559.3,30,50571.9,30,0,460800
BANKNIFTY-II.NFO,10/02/2025,09:32:14,50567.9,50555.45,300,50567.9,30,0,460800
BANKNIFTY-II.NFO,10/02/2025,09:32:16,50567.9,50555,30,50564.9,30,0,460800
BANKNIFTY-II.NFO,10/02/2025,09:32:18,50567.9,50558.7,30,50570.55,30,0,460800
BANKNIFTY-II.NFO,10/02/2025,09:32:19,50557,50559.5,60,50570.55,90,30,460800
BANKNIFTY-II.NFO,10/02/2025,09:32:21,50570.85,50557.65,30,50571.75,30,30,460800
BANKNIFTY-II.NFO,10/02/2025,09:32:23,50570.85,50560.05,60,50572.05,90,0,460800
BANKNIFTY-II.NFO,10/02/2025,09:32:24,50570.85,50556.2,90,50569.55,30,0,460800
BANKNIFTY-II.NFO,10/02/2025,09:32:26,50568,50559,60,50570.9,30,30,460800
BANKNIFTY-II.NFO,10/02/2025,09:32:27,50568,50560.9,60,50573.9,30,0,460800
BANKNIFTY-II.NFO,10/02/2025,09:32:29,50568,50565.55,120,50579.95,30,0,460800
BANKNIFTY-II.NFO,10/02/2025,09:32:31,50568,50565.6,60,50579.9,30,0,460800
BANKNIFTY-II.NFO,10/02/2025,09:32:32,50568,50565,30,50576.85,30,0,460800
BANKNIFTY-II.NFO,10/02/2025,09:32:34,50567.75,50565,30,50567.9,30,90,460800
BANKNIFTY-II.NFO,10/02/2025,09:32:36,50567.75,50565,30,50567.9,30,0,460800
BANKNIFTY-II.NFO,10/02/2025,09:32:37,50567.75,50565,30,50567.85,30,0,460800
BANKNIFTY-II.NFO,10/02/2025,09:32:39,50565,50556.8,30,50567.75,120,30,460800
BANKNIFTY-II.NFO,10/02/2025,09:32:41,50566.75,50556.8,30,50566.65,120,30,460800
BANKNIFTY-II.NFO,10/02/2025,09:32:42,50566.75,50560,60,50564.85,120,0,460800
BANKNIFTY-II.NFO,10/02/2025,09:32:46,50558.7,50550,60,50557.5,120,300,460800
BANKNIFTY-II.NFO,10/02/2025,09:32:47,50558.7,50550,60,50555.8,120,0,460800
BANKNIFTY-II.NFO,10/02/2025,09:32:49,50550,50545,30,50551.6,120,60,460800
BANKNIFTY-II.NFO,10/02/2025,09:32:51,50531,50531,120,50534.3,120,210,460800
BANKNIFTY-II.NFO,10/02/2025,09:32:51,50531,50531,120,50534.3,120,0,460800
BANKNIFTY-II.NFO,10/02/2025,09:32:52,50529.15,50532.85,120,50548.95,120,360,460800
BANKNIFTY-II.NFO,10/02/2025,09:32:52,50517,50532.85,120,50548.95,120,0,460800
BANKNIFTY-II.NFO,10/02/2025,09:32:54,50545.95,50534.1,60,50549.7,60,60,460800
BANKNIFTY-II.NFO,10/02/2025,09:32:55,50545.95,50533.7,60,50547.4,60,0,460800
BANKNIFTY-II.NFO,10/02/2025,09:32:57,50545.95,50531.2,90,50545.3,60,0,460800
BANKNIFTY-II.NFO,10/02/2025,09:32:59,50529.25,50529.65,150,50543.8,60,30,460800
BANKNIFTY-II.NFO,10/02/2025,09:33:00,50529.25,50531.6,150,50547.1,60,0,460800
BANKNIFTY-II.NFO,10/02/2025,09:33:02,50547.8,50531.85,60,50547,30,60,460800
BANKNIFTY-II.NFO,10/02/2025,09:33:03,50547.8,50537.8,60,50550.7,30,0,460800
BANKNIFTY-II.NFO,10/02/2025,09:33:05,50547.8,50535.4,90,50549.9,30,0,460800
BANKNIFTY-II.NFO,10/02/2025,09:33:07,50549.95,50539.85,120,50550.7,30,60,460800
BANKNIFTY-II.NFO,10/02/2025,09:33:08,50549.95,50541.55,150,50550.7,30,0,460800
BANKNIFTY-II.NFO,10/02/2025,09:33:10,50550.7,50545.85,150,50550.75,30,30,460800
BANKNIFTY-II.NFO,10/02/2025,09:33:12,50564.95,50550.85,60,50564.6,90,120,460800
BANKNIFTY-II.NFO,10/02/2025,09:33:13,50564.95,50551.1,90,50564.6,90,0,460800
BANKNIFTY-II.NFO,10/02/2025,09:33:15,50564.95,50554.5,60,50567.95,30,0,460800
BANKNIFTY-II.NFO,10/02/2025,09:33:16,50564.95,50552.15,90,50564.95,30,0,460800
BANKNIFTY-II.NFO,10/02/2025,09:33:18,50564.95,50551.5,60,50561.95,30,0,460800
BANKNIFTY-II.NFO,10/02/2025,09:33:20,50564.95,50551.45,150,50561.95,30,0,460800
BANKNIFTY-II.NFO,10/02/2025,09:33:21,50557.1,50557.35,120,50567.95,30,30,460800
BANKNIFTY-II.NFO,10/02/2025,09:33:23,50557.1,50560.25,120,50573.95,30,0,460800
BANKNIFTY-II.NFO,10/02/2025,09:33:25,50580.95,50568.1,60,50582.95,30,210,460800
BANKNIFTY-II.NFO,10/02/2025,09:33:26,50580.95,50565.6,60,50579.95,30,0,460800
BANKNIFTY-II.NFO,10/02/2025,09:33:28,50580.95,50567.4,60,50582.75,90,0,460800
BANKNIFTY-II.NFO,10/02/2025,09:33:29,50580.95,50571.45,150,50587.7,30,0,460800
BANKNIFTY-II.NFO,10/02/2025,09:33:31,50580.95,50568.5,150,50582.9,30,0,460800
BANKNIFTY-II.NFO,10/02/2025,09:33:33,50580.95,50568.95,60,50579.9,30,0,460800
BANKNIFTY-II.NFO,10/02/2025,09:33:34,50580.95,50570.95,120,50579.9,30,0,460800
BANKNIFTY-II.NFO,10/02/2025,09:33:36,50580.95,50564.1,60,50576.9,30,0,460800
BANKNIFTY-II.NFO,10/02/2025,09:33:37,50580.95,50553.05,120,50564.9,30,0,460800
BANKNIFTY-II.NFO,10/02/2025,09:33:39,50564.95,50555.8,150,50567.9,30,60,462000
BANKNIFTY-II.NFO,10/02/2025,09:33:41,50564.95,50560.95,30,50567.9,30,0,462000
BANKNIFTY-II.NFO,10/02/2025,09:33:42,50560.95,50548.7,120,50561.9,30,30,462000
BANKNIFTY-II.NFO,10/02/2025,09:33:44,50560.95,50550.3,60,50561.9,30,0,462000
BANKNIFTY-II.NFO,10/02/2025,09:33:46,50560.95,50546.6,30,50555.85,60,0,462000
BANKNIFTY-II.NFO,10/02/2025,09:33:47,50546.6,50535.7,150,50546.55,30,30,462000
BANKNIFTY-II.NFO,10/02/2025,09:33:49,50546.6,50534.95,150,50546.55,30,0,462000
BANKNIFTY-II.NFO,10/02/2025,09:33:51,50546.6,50534.2,150,50546.55,30,0,462000
BANKNIFTY-II.NFO,10/02/2025,09:33:52,50546.6,50541.55,120,50546.55,30,0,462000
BANKNIFTY-II.NFO,10/02/2025,09:33:54,50546.6,50547.35,120,50564.95,30,90,462000
BANKNIFTY-II.NFO,10/02/2025,09:33:56,50553.5,50548.5,90,50564.95,30,210,462000
BANKNIFTY-II.NFO,10/02/2025,09:33:57,50553.5,50550.65,90,50564.95,30,0,462000
BANKNIFTY-II.NFO,10/02/2025,09:33:59,50553.5,50553,60,50576.9,60,0,462000
BANKNIFTY-II.NFO,10/02/2025,09:34:01,50558.8,50554.75,60,50571.4,60,30,462000
BANKNIFTY-II.NFO,10/02/2025,09:34:02,50558.8,50558.4,60,50567.9,30,0,462000
BANKNIFTY-II.NFO,10/02/2025,09:34:04,50558.8,50550.5,60,50564.85,30,0,462000
BANKNIFTY-II.NFO,10/02/2025,09:34:06,50558.8,50549.7,60,50564.85,30,0,462000
BANKNIFTY-II.NFO,10/02/2025,09:34:07,50558.8,50540.35,60,50555.75,60,0,462000
BANKNIFTY-II.NFO,10/02/2025,09:34:09,50558.8,50542.6,30,50558.15,60,0,462000
BANKNIFTY-II.NFO,10/02/2025,09:34:11,50558.8,50545.9,60,50560.9,30,0,462000
BANKNIFTY-II.NFO,10/02/2025,09:34:14,50558.8,50551.2,60,50564.8,30,0,462000
BANKNIFTY-II.NFO,10/02/2025,09:34:15,50558.8,50549.65,60,50564.1,30,0,462000
BANKNIFTY-II.NFO,10/02/2025,09:34:17,50558.8,50550.35,30,50558.75,30,0,462000
BANKNIFTY-II.NFO,10/02/2025,09:34:19,50558.8,50551.95,30,50558.75,30,0,462000
BANKNIFTY-II.NFO,10/02/2025,09:34:20,50558.8,50549.3,60,50558.75,30,0,462000
BANKNIFTY-II.NFO,10/02/2025,09:34:22,50558.8,50550.85,30,50558.75,30,0,462000
BANKNIFTY-II.NFO,10/02/2025,09:34:23,50558.8,50545.4,60,50558.75,30,0,462000
BANKNIFTY-II.NFO,10/02/2025,09:34:25,50545.15,50543.25,300,50558.7,60,120,462000
BANKNIFTY-II.NFO,10/02/2025,09:34:27,50545.15,50549.4,60,50558.75,30,0,462000
BANKNIFTY-II.NFO,10/02/2025,09:34:28,50558.75,50546.85,60,50558.7,30,30,462000
BANKNIFTY-II.NFO,10/02/2025,09:34:30,50558.75,50552.85,30,50558.65,30,0,462000
BANKNIFTY-II.NFO,10/02/2025,09:34:32,50558.8,50554.1,90,50567.95,30,90,462000
BANKNIFTY-II.NFO,10/02/2025,09:34:33,50558.8,50550.7,30,50566.5,60,0,462000
BANKNIFTY-II.NFO,10/02/2025,09:34:35,50558.8,50550.7,60,50564.65,30,0,462000
BANKNIFTY-II.NFO,10/02/2025,09:34:37,50558.8,50550.7,60,50565.5,60,0,462000
BANKNIFTY-II.NFO,10/02/2025,09:34:38,50558.8,50552.35,60,50566.75,30,0,462000
BANKNIFTY-II.NFO,10/02/2025,09:34:40,50558.8,50555.95,60,50567.9,30,0,462000
BANKNIFTY-II.NFO,10/02/2025,09:34:42,50558.8,50556.7,60,50570.6,60,0,462000
BANKNIFTY-II.NFO,10/02/2025,09:34:43,50558.8,50557.15,60,50569.4,60,0,462000
BANKNIFTY-II.NFO,10/02/2025,09:34:45,50558.8,50558.95,60,50570.55,60,0,462000
BANKNIFTY-II.NFO,10/02/2025,09:34:46,50560.6,50560.5,30,50560.6,30,60,462000
BANKNIFTY-II.NFO,10/02/2025,09:34:48,50560.55,50560.5,30,50570.85,60,30,462000
BANKNIFTY-II.NFO,10/02/2025,09:34:50,50560.55,50560.5,30,50570.9,30,0,462000
BANKNIFTY-II.NFO,10/02/2025,09:34:51,50560.55,50560.6,60,50575.35,60,0,462000
BANKNIFTY-II.NFO,10/02/2025,09:34:53,50576.75,50564,150,50576.9,30,60,462000
BANKNIFTY-II.NFO,10/02/2025,09:34:55,50564.1,50564.1,60,50579.55,60,30,462000
BANKNIFTY-II.NFO,10/02/2025,09:34:56,50564.1,50567.5,60,50580.9,30,0,462000
BANKNIFTY-II.NFO,10/02/2025,09:34:58,50566.45,50567.1,60,50580.9,30,300,462000
BANKNIFTY-II.NFO,10/02/2025,09:34:59,50566.45,50567.85,30,50580.9,30,0,462000
BANKNIFTY-II.NFO,10/02/2025,09:35:01,50566.45,50558.6,90,50573.4,30,0,462000
BANKNIFTY-II.NFO,10/02/2025,09:35:03,50566.45,50557.1,30,50572.3,60,0,462000
BANKNIFTY-II.NFO,10/02/2025,09:35:04,50566.45,50552.35,30,50558.55,30,0,462000
BANKNIFTY-II.NFO,10/02/2025,09:35:06,50558.5,50556.85,30,50572.2,60,120,462000
BANKNIFTY-II.NFO,10/02/2025,09:35:08,50558.5,50561.35,30,50575.35,60,0,462000
BANKNIFTY-II.NFO,10/02/2025,09:35:09,50558.5,50563.65,30,50578,60,0,462000
BANKNIFTY-II.NFO,10/02/2025,09:35:11,50558.5,50569.5,30,50580.95,30,0,462000
BANKNIFTY-II.NFO,10/02/2025,09:35:13,50580.95,50577.15,30,50590.7,60,60,462000
BANKNIFTY-II.NFO,10/02/2025,09:35:14,50580.95,50572.05,90,50585.7,60,0,462000
BANKNIFTY-II.NFO,10/02/2025,09:35:16,50580.95,50574,30,50588.9,60,0,462000
BANKNIFTY-II.NFO,10/02/2025,09:35:17,50580.95,50577.55,60,50592.4,60,0,462000
BANKNIFTY-II.NFO,10/02/2025,09:35:19,50580.95,50577.7,60,50589.85,30,0,462000
BANKNIFTY-II.NFO,10/02/2025,09:35:21,50580.95,50577.7,60,50591.9,60,0,462000
BANKNIFTY-II.NFO,10/02/2025,09:35:22,50580.95,50577.7,30,50586.45,30,0,462000
BANKNIFTY-II.NFO,10/02/2025,09:35:26,50580.95,50572.25,30,50586.9,30,0,462000
BANKNIFTY-II.NFO,10/02/2025,09:35:27,50580.95,50573.35,30,50580.6,60,0,462000
BANKNIFTY-II.NFO,10/02/2025,09:35:29,50580.95,50559.7,90,50574.45,30,0,462000
BANKNIFTY-II.NFO,10/02/2025,09:35:30,50580.95,50563.4,60,50577.55,30,0,462000
BANKNIFTY-II.NFO,10/02/2025,09:35:32,50580.95,50563,30,50574.7,60,0,462000
BANKNIFTY-II.NFO,10/02/2025,09:35:34,50580.95,50563,30,50569.8,60,0,462000
BANKNIFTY-II.NFO,10/02/2025,09:35:35,50580.95,50554.45,30,50566.55,30,0,462000
BANKNIFTY-II.NFO,10/02/2025,09:35:37,50580.95,50554.45,30,50564.1,30,0,462000
BANKNIFTY-II.NFO,10/02/2025,09:35:38,50580.95,50554.45,30,50562.65,30,0,462000
BANKNIFTY-II.NFO,10/02/2025,09:35:40,50558,50545.35,30,50556.9,60,120,462000
BANKNIFTY-II.NFO,10/02/2025,09:35:42,50558,50540.7,30,50553.4,60,0,462000
BANKNIFTY-II.NFO,10/02/2025,09:35:43,50551.05,50541.3,30,50553.5,90,60,462000
BANKNIFTY-II.NFO,10/02/2025,09:35:45,50551.05,50542.65,60,50555.75,60,0,462000
BANKNIFTY-II.NFO,10/02/2025,09:35:47,50551.05,50543.3,30,50553.1,60,0,462000
BANKNIFTY-II.NFO,10/02/2025,09:35:48,50551.05,50543.3,30,50552.45,90,0,462000
BANKNIFTY-II.NFO,10/02/2025,09:35:50,50551.05,50543.3,30,50554.15,60,0,462000
BANKNIFTY-II.NFO,10/02/2025,09:35:52,50555.5,50543.3,30,50554.2,60,30,462000
BANKNIFTY-II.NFO,10/02/2025,09:35:53,50555.5,50543.3,30,50552.45,30,0,462000
BANKNIFTY-II.NFO,10/02/2025,09:35:55,50555.5,50543.85,60,50555.35,60,0,462000
BANKNIFTY-II.NFO,10/02/2025,09:35:57,50555.5,50547.05,60,50557.95,30,0,462000
BANKNIFTY-II.NFO,10/02/2025,09:35:59,50548.25,50548.55,30,50558.4,30,30,462000
BANKNIFTY-II.NFO,10/02/2025,09:36:00,50558.8,50551.95,30,50565.65,30,60,462000
BANKNIFTY-II.NFO,10/02/2025,09:36:02,50558.8,50558.3,30,50570.3,30,0,462000
BANKNIFTY-II.NFO,10/02/2025,09:36:03,50558.8,50560.75,30,50570.1,30,0,462000
BANKNIFTY-II.NFO,10/02/2025,09:36:05,50570.75,50570,30,50576.05,120,30,462000
BANKNIFTY-II.NFO,10/02/2025,09:36:07,50570.75,50566.95,30,50575.7,120,0,462000
BANKNIFTY-II.NFO,10/02/2025,09:36:08,50564.35,50562.4,30,50572.65,60,30,462000
BANKNIFTY-II.NFO,10/02/2025,09:36:10,50558.4,50563.95,30,50572.6,150,120,462000
BANKNIFTY-II.NFO,10/02/2025,09:36:12,50558.4,50564.15,30,50572.2,150,0,462000
BANKNIFTY-II.NFO,10/02/2025,09:36:13,50558.4,50564.15,30,50571.75,150,0,462000
BANKNIFTY-II.NFO,10/02/2025,09:36:15,50558.4,50564.15,30,50572.8,60,0,462000
BANKNIFTY-II.NFO,10/02/2025,09:36:16,50558.4,50564.15,30,50568.75,150,0,462000
BANKNIFTY-II.NFO,10/02/2025,09:36:18,50558.4,50551.95,60,50563.05,150,0,462000
BANKNIFTY-II.NFO,10/02/2025,09:36:20,50558.4,50556.7,30,50564.45,150,0,462000
BANKNIFTY-II.NFO,10/02/2025,09:36:21,50564.3,50556.7,30,50564,120,30,462000
BANKNIFTY-II.NFO,10/02/2025,09:36:23,50564.3,50558.4,150,50565.45,60,0,462000
BANKNIFTY-II.NFO,10/02/2025,09:36:24,50558.4,50543.1,30,50555.2,60,150,462000
BANKNIFTY-II.NFO,10/02/2025,09:36:26,50558.4,50547.15,30,50559.4,60,0,462000
BANKNIFTY-II.NFO,10/02/2025,09:36:28,50558.4,50547.15,30,50555.65,60,0,462000
BANKNIFTY-II.NFO,10/02/2025,09:36:29,50558.4,50547.15,60,50558.8,120,0,462000
BANKNIFTY-II.NFO,10/02/2025,09:36:31,50544,50545.15,30,50555.3,60,120,462000
BANKNIFTY-II.NFO,10/02/2025,09:36:33,50553.2,50545.2,30,50557.05,60,150,462000
BANKNIFTY-II.NFO,10/02/2025,09:36:34,50553.2,50542.3,30,50553.25,150,0,462000
BANKNIFTY-II.NFO,10/02/2025,09:36:36,50553.2,50543.6,30,50556.15,60,0,462000
BANKNIFTY-II.NFO,10/02/2025,09:36:37,50553.2,50553.2,30,50553.65,150,0,462000
BANKNIFTY-II.NFO,10/02/2025,09:36:39,50573.45,50554.5,90,50573.9,60,210,461580
BANKNIFTY-II.NFO,10/02/2025,09:36:40,50567.5,50553.2,30,50561.55,150,30,461580
BANKNIFTY-II.NFO,10/02/2025,09:36:42,50567.5,50553.25,60,50565.25,150,0,461580
BANKNIFTY-II.NFO,10/02/2025,09:36:44,50567.5,50553.75,30,50567,150,0,461580
BANKNIFTY-II.NFO,10/02/2025,09:36:45,50567.5,50555,60,50565.75,150,0,461580
BANKNIFTY-II.NFO,10/02/2025,09:36:47,50567.5,50557.3,30,50568.65,60,0,461580
BANKNIFTY-II.NFO,10/02/2025,09:36:48,50567.5,50558.15,30,50568.2,150,0,461580
BANKNIFTY-II.NFO,10/02/2025,09:36:50,50567.15,50559.45,30,50567.75,60,30,461580
BANKNIFTY-II.NFO,10/02/2025,09:36:52,50567.15,50553.2,30,50560.55,60,0,461580
BANKNIFTY-II.NFO,10/02/2025,09:36:53,50567.15,50553.2,30,50560.8,60,0,461580
BANKNIFTY-II.NFO,10/02/2025,09:36:55,50567.15,50553.2,30,50559.85,60,0,461580
BANKNIFTY-II.NFO,10/02/2025,09:36:56,50567.15,50553.2,30,50555.3,60,0,461580
BANKNIFTY-II.NFO,10/02/2025,09:36:58,50553.2,50538.9,60,50552.1,60,30,461580
BANKNIFTY-II.NFO,10/02/2025,09:37:00,50550.75,50538.9,60,50551.65,60,30,461580
BANKNIFTY-II.NFO,10/02/2025,09:37:01,50550.75,50538.9,60,50550.3,150,0,461580
BANKNIFTY-II.NFO,10/02/2025,09:37:03,50549.55,50541.75,60,50552.45,120,30,461580
BANKNIFTY-II.NFO,10/02/2025,09:37:04,50548.45,50540.15,30,50553.2,60,120,461580
BANKNIFTY-II.NFO,10/02/2025,09:37:06,50548.45,50541.35,30,50550.55,60,0,461580
BANKNIFTY-II.NFO,10/02/2025,09:37:08,50541.45,50542.4,30,50553.35,150,150,461580
BANKNIFTY-II.NFO,10/02/2025,09:37:09,50568.25,50546.9,30,50555.5,30,180,461580
BANKNIFTY-II.NFO,10/02/2025,09:37:11,50556.2,50550.2,90,50561.55,90,90,461580
BANKNIFTY-II.NFO,10/02/2025,09:37:12,50556.2,50554.25,60,50568.2,90,0,461580
BANKNIFTY-II.NFO,10/02/2025,09:37:14,50556.2,50550.95,60,50564.95,30,0,461580
BANKNIFTY-II.NFO,10/02/2025,09:37:16,50556.2,50557.05,60,50565,30,0,461580
BANKNIFTY-II.NFO,10/02/2025,09:37:17,50556.2,50557.2,60,50565,30,0,461580
BANKNIFTY-II.NFO,10/02/2025,09:37:19,50565,50559,60,50572.8,30,30,461580
BANKNIFTY-II.NFO,10/02/2025,09:37:20,50559.75,50563.1,30,50579.15,60,90,461580
BANKNIFTY-II.NFO,10/02/2025,09:37:22,50559.75,50562.7,30,50578.1,60,0,461580
BANKNIFTY-II.NFO,10/02/2025,09:37:24,50563.4,50564.35,30,50578.8,150,30,461580
BANKNIFTY-II.NFO,10/02/2025,09:37:25,50563.4,50563.1,30,50576.55,60,0,461580
BANKNIFTY-II.NFO,10/02/2025,09:37:27,50563.4,50564,30,50577.2,60,0,461580
BANKNIFTY-II.NFO,10/02/2025,09:37:28,50563.4,50565,30,50578.25,60,0,461580
BANKNIFTY-II.NFO,10/02/2025,09:37:30,50563.4,50566.3,30,50577.15,60,0,461580
BANKNIFTY-II.NFO,10/02/2025,09:37:31,50563.4,50566.5,60,50577.6,30,0,461580
BANKNIFTY-II.NFO,10/02/2025,09:37:33,50563.4,50554.75,60,50569.75,60,0,461580
BANKNIFTY-II.NFO,10/02/2025,09:37:35,50563.4,50553.4,60,50567.55,30,0,461580
BANKNIFTY-II.NFO,10/02/2025,09:37:36,50563.4,50554.1,90,50569.85,60,0,461580
BANKNIFTY-II.NFO,10/02/2025,09:37:38,50563.4,50553.45,30,50566.55,60,0,461580
BANKNIFTY-II.NFO,10/02/2025,09:37:40,50563.4,50558,90,50573.7,60,0,461580
BANKNIFTY-II.NFO,10/02/2025,09:37:41,50563.4,50553.75,90,50568.45,60,0,461580
BANKNIFTY-II.NFO,10/02/2025,09:37:43,50563.4,50553.45,60,50565.25,30,0,461580
BANKNIFTY-II.NFO,10/02/2025,09:37:46,50563.4,50553.45,30,50565.25,30,0,461580
BANKNIFTY-II.NFO,10/02/2025,09:37:48,50563.4,50553.45,30,50564.25,30,0,461580
BANKNIFTY-II.NFO,10/02/2025,09:37:51,50563.4,50553.75,30,50565.7,30,0,461580
BANKNIFTY-II.NFO,10/02/2025,09:37:53,50563.4,50554.85,30,50565.7,30,0,461580
BANKNIFTY-II.NFO,10/02/2025,09:37:54,50563.4,50554.85,60,50565.7,30,0,461580
BANKNIFTY-II.NFO,10/02/2025,09:37:56,50563.4,50555.35,60,50565.95,30,0,461580
BANKNIFTY-II.NFO,10/02/2025,09:37:57,50563.4,50555.15,60,50565.95,30,0,461580
BANKNIFTY-II.NFO,10/02/2025,09:37:59,50563.4,50555.25,30,50565.4,30,0,461580
BANKNIFTY-II.NFO,10/02/2025,09:38:00,50563.4,50556,30,50564.05,30,0,461580
BANKNIFTY-II.NFO,10/02/2025,09:38:02,50563.4,50556.3,30,50565.8,30,0,461580
BANKNIFTY-II.NFO,10/02/2025,09:38:03,50563.4,50556,30,50566.05,30,0,461580
BANKNIFTY-II.NFO,10/02/2025,09:38:05,50563.4,50556,30,50562.3,30,0,461580
BANKNIFTY-II.NFO,10/02/2025,09:38:06,50563.4,50553.4,30,50556.25,150,0,461580
BANKNIFTY-II.NFO,10/02/2025,09:38:08,50556.35,50553.4,30,50564.55,150,30,461580
BANKNIFTY-II.NFO,10/02/2025,09:38:10,50556.35,50553.4,30,50560.75,150,0,461580
BANKNIFTY-II.NFO,10/02/2025,09:38:11,50556.35,50553.4,30,50560.35,60,0,461580
BANKNIFTY-II.NFO,10/02/2025,09:38:13,50556.35,50553.4,30,50559.2,150,0,461580
BANKNIFTY-II.NFO,10/02/2025,09:38:15,50556.35,50553.4,30,50558.1,150,0,461580
BANKNIFTY-II.NFO,10/02/2025,09:38:16,50556.35,50553.4,30,50557.95,150,0,461580
BANKNIFTY-II.NFO,10/02/2025,09:38:18,50556.35,50553.4,30,50558.25,150,0,461580
BANKNIFTY-II.NFO,10/02/2025,09:38:19,50556.35,50553.4,30,50557.5,150,0,461580
BANKNIFTY-II.NFO,10/02/2025,09:38:21,50556.35,50553.4,30,50556.1,30,0,461580
BANKNIFTY-II.NFO,10/02/2025,09:38:23,50556.35,50553.4,30,50555.55,30,0,461580
BANKNIFTY-II.NFO,10/02/2025,09:38:28,50555.55,50553.4,30,50554.8,150,30,461580
BANKNIFTY-II.NFO,10/02/2025,09:38:29,50556.9,50555.3,30,50556.9,30,120,461580
BANKNIFTY-II.NFO,10/02/2025,09:38:31,50571.4,50555,30,50565,30,60,461580
BANKNIFTY-II.NFO,10/02/2025,09:38:32,50571.4,50554.15,300,50564,30,0,461580
BANKNIFTY-II.NFO,10/02/2025,09:38:34,50571.4,50555.7,30,50564.95,30,0,461580
BANKNIFTY-II.NFO,10/02/2025,09:38:36,50571.4,50554.65,30,50562.85,30,0,461580
BANKNIFTY-II.NFO,10/02/2025,09:38:37,50565.3,50557.95,60,50572.25,30,150,461580
BANKNIFTY-II.NFO,10/02/2025,09:38:39,50565.3,50557.85,30,50571.55,30,0,461580
BANKNIFTY-II.NFO,10/02/2025,09:38:41,50565.3,50557.5,120,50572.35,60,0,461580
BANKNIFTY-II.NFO,10/02/2025,09:38:42,50565.3,50558.65,60,50571.1,60,0,461580
BANKNIFTY-II.NFO,10/02/2025,09:38:44,50565.3,50553.45,30,50565.6,60,0,461580
BANKNIFTY-II.NFO,10/02/2025,09:38:46,50565.3,50553.4,30,50564.7,60,0,461580
BANKNIFTY-II.NFO,10/02/2025,09:38:47,50565.3,50553.4,30,50562.85,60,0,461580
BANKNIFTY-II.NFO,10/02/2025,09:38:49,50565.3,50553.4,30,50561.8,60,0,461580
BANKNIFTY-II.NFO,10/02/2025,09:38:51,50553.4,50545.45,30,50557.35,30,30,461580
BANKNIFTY-II.NFO,10/02/2025,09:38:52,50553.4,50545.45,30,50556.5,30,0,461580
BANKNIFTY-II.NFO,10/02/2025,09:38:54,50553.4,50545.45,30,50555.25,60,0,461580
BANKNIFTY-II.NFO,10/02/2025,09:38:56,50553.4,50545.45,30,50555.6,60,0,461580
BANKNIFTY-II.NFO,10/02/2025,09:38:57,50553.4,50545.05,30,50549.75,150,0,461580
BANKNIFTY-II.NFO,10/02/2025,09:38:59,50555.95,50545.05,30,50557.7,30,210,461580
BANKNIFTY-II.NFO,10/02/2025,09:39:00,50555.95,50545,30,50561.8,60,0,461580
BANKNIFTY-II.NFO,10/02/2025,09:39:02,50555.95,50546.1,300,50559.35,30,0,461580
BANKNIFTY-II.NFO,10/02/2025,09:39:04,50555.95,50545.05,30,50555.7,60,0,461580
BANKNIFTY-II.NFO,10/02/2025,09:39:05,50555.95,50545.05,60,50557.55,150,0,461580
BANKNIFTY-II.NFO,10/02/2025,09:39:07,50555.95,50545.9,30,50555.9,150,0,461580
BANKNIFTY-II.NFO,10/02/2025,09:39:09,50555.95,50546,30,50555.7,30,0,461580
BANKNIFTY-II.NFO,10/02/2025,09:39:10,50555.95,50547.1,30,50556.2,150,0,461580
BANKNIFTY-II.NFO,10/02/2025,09:39:12,50555.95,50547.2,30,50554.8,30,0,461580
BANKNIFTY-II.NFO,10/02/2025,09:39:15,50555.95,50547.2,30,50551.6,30,0,461580
BANKNIFTY-II.NFO,10/02/2025,09:39:17,50551.6,50547.95,30,50558.75,150,30,461580
BANKNIFTY-II.NFO,10/02/2025,09:39:18,50551.6,50549.45,30,50559.85,30,0,461580
BANKNIFTY-II.NFO,10/02/2025,09:39:20,50550.1,50551.05,30,50559.9,30,30,461580
BANKNIFTY-II.NFO,10/02/2025,09:39:22,50550.1,50551.8,60,50557.3,30,0,461580
BANKNIFTY-II.NFO,10/02/2025,09:39:23,50550.1,50552.4,30,50557.3,30,0,461580
BANKNIFTY-II.NFO,10/02/2025,09:39:25,50550.1,50552.55,30,50557.4,30,0,461580
BANKNIFTY-II.NFO,10/02/2025,09:39:26,50550.1,50552.55,30,50556.85,30,0,461580
BANKNIFTY-II.NFO,10/02/2025,09:39:30,50552.55,50552.4,30,50555.1,30,30,461580
BANKNIFTY-II.NFO,10/02/2025,09:39:31,50554.55,50548.45,30,50554.05,30,30,461580
BANKNIFTY-II.NFO,10/02/2025,09:39:33,50554.55,50545.15,30,50556.7,30,0,461580
BANKNIFTY-II.NFO,10/02/2025,09:39:35,50554.55,50545.15,30,50555.85,30,0,461580
BANKNIFTY-II.NFO,10/02/2025,09:39:36,50554.55,50545.15,30,50555.3,30,0,461580
BANKNIFTY-II.NFO,10/02/2025,09:39:38,50554.55,50545.15,30,50554.15,60,0,461580
BANKNIFTY-II.NFO,10/02/2025,09:39:39,50554.55,50545.15,30,50552.6,30,0,461580
BANKNIFTY-II.NFO,10/02/2025,09:39:41,50542.05,50545.6,300,50554.35,30,120,462930
BANKNIFTY-II.NFO,10/02/2025,09:39:43,50542.05,50545.6,300,50554.35,30,0,462930
BANKNIFTY-II.NFO,10/02/2025,09:39:44,50542.05,50547.8,60,50554.35,30,0,462930
BANKNIFTY-II.NFO,10/02/2025,09:39:46,50542.05,50546.35,300,50554.35,30,0,462930
BANKNIFTY-II.NFO,10/02/2025,09:39:48,50542.05,50545.15,30,50554.3,60,0,462930
BANKNIFTY-II.NFO,10/02/2025,09:39:49,50542.05,50545.15,30,50554.1,30,0,462930
BANKNIFTY-II.NFO,10/02/2025,09:39:53,50545.15,50542.3,60,50550.7,30,30,462930
BANKNIFTY-II.NFO,10/02/2025,09:39:54,50551.2,50543.15,30,50551.75,90,120,462930
BANKNIFTY-II.NFO,10/02/2025,09:39:56,50551.5,50546.85,300,50554.55,90,30,462930
BANKNIFTY-II.NFO,10/02/2025,09:39:57,50551.5,50545.65,300,50554.55,90,0,462930
BANKNIFTY-II.NFO,10/02/2025,09:40:01,50551.5,50545.05,30,50554.5,60,0,462930
BANKNIFTY-II.NFO,10/02/2025,09:40:02,50551.5,50545.05,30,50554.55,90,0,462930
BANKNIFTY-II.NFO,10/02/2025,09:40:04,50545.45,50549.4,60,50554.55,90,60,462930
BANKNIFTY-II.NFO,10/02/2025,09:40:06,50545.45,50546.85,300,50554.55,90,0,462930
BANKNIFTY-II.NFO,10/02/2025,09:40:07,50545.45,50546.15,60,50554.55,90,0,462930
BANKNIFTY-II.NFO,10/02/2025,09:40:09,50545.45,50548.5,60,50554.55,90,0,462930
BANKNIFTY-II.NFO,10/02/2025,09:40:10,50548.25,50545.55,30,50554.55,90,30,462930
BANKNIFTY-II.NFO,10/02/2025,09:40:12,50548.25,50546.55,30,50554.55,90,0,462930
BANKNIFTY-II.NFO,10/02/2025,09:40:14,50548.25,50546.9,30,50554.55,90,0,462930
BANKNIFTY-II.NFO,10/02/2025,09:40:15,50548.25,50543.7,300,50554.55,90,0,462930
BANKNIFTY-II.NFO,10/02/2025,09:40:17,50548.25,50544.25,30,50554.55,90,0,462930
BANKNIFTY-II.NFO,10/02/2025,09:40:19,50548.25,50544.25,30,50553.85,60,0,462930
BANKNIFTY-II.NFO,10/02/2025,09:40:20,50548.25,50544.25,30,50554.4,60,0,462930
BANKNIFTY-II.NFO,10/02/2025,09:40:22,50548.25,50542.05,30,50552.45,60,0,462930
BANKNIFTY-II.NFO,10/02/2025,09:40:24,50548.25,50542.05,30,50552.5,60,0,462930
BANKNIFTY-II.NFO,10/02/2025,09:40:26,50548.25,50542.05,30,50549.8,60,0,462930
BANKNIFTY-II.NFO,10/02/2025,09:40:27,50542.05,50539,30,50549.05,60,30,462930
BANKNIFTY-II.NFO,10/02/2025,09:40:29,50542.05,50539.5,60,50554.35,30,0,462930
BANKNIFTY-II.NFO,10/02/2025,09:40:31,50542.05,50540.2,300,50554.05,90,0,462930
BANKNIFTY-II.NFO,10/02/2025,09:40:32,50542.05,50542.75,30,50554.5,30,0,462930
BANKNIFTY-II.NFO,10/02/2025,09:40:34,50542.05,50543.85,30,50554.5,30,0,462930
BANKNIFTY-II.NFO,10/02/2025,09:40:36,50542.05,50542.7,60,50554.5,30,0,462930
BANKNIFTY-II.NFO,10/02/2025,09:40:37,50542.05,50543.35,30,50554.5,30,0,462930
BANKNIFTY-II.NFO,10/02/2025,09:40:39,50542.05,50543.2,30,50554.5,30,0,462930
BANKNIFTY-II.NFO,10/02/2025,09:40:41,50542.05,50545.25,30,50554.5,30,0,462930
BANKNIFTY-II.NFO,10/02/2025,09:40:42,50542.05,50546.1,30,50554.5,30,0,462930
BANKNIFTY-II.NFO,10/02/2025,09:40:44,50542.05,50545.2,30,50554.5,30,0,462930
BANKNIFTY-II.NFO,10/02/2025,09:40:46,50542.05,50544.55,30,50554.5,30,0,462930
BANKNIFTY-II.NFO,10/02/2025,09:40:47,50542.05,50543.75,30,50554.5,30,0,462930
BANKNIFTY-II.NFO,10/02/2025,09:40:49,50554.5,50549.65,60,50554.55,90,30,462930
BANKNIFTY-II.NFO,10/02/2025,09:40:51,50554.5,50547.6,30,50554.55,90,0,462930
BANKNIFTY-II.NFO,10/02/2025,09:40:52,50571.95,50562,30,50573.55,60,120,462930
BANKNIFTY-II.NFO,10/02/2025,09:40:54,50562,50552.55,60,50568.65,90,30,462930
BANKNIFTY-II.NFO,10/02/2025,09:40:56,50562,50549.65,30,50564.8,60,0,462930
BANKNIFTY-II.NFO,10/02/2025,09:40:57,50562,50557.4,30,50571.15,30,0,462930
BANKNIFTY-II.NFO,10/02/2025,09:40:59,50562,50556.9,30,50570.7,30,0,462930
BANKNIFTY-II.NFO,10/02/2025,09:41:01,50562,50560.55,30,50573.85,30,0,462930
BANKNIFTY-II.NFO,10/02/2025,09:41:02,50562,50555.2,30,50568.8,30,0,462930
BANKNIFTY-II.NFO,10/02/2025,09:41:04,50562,50553.65,30,50568.55,60,0,462930
BANKNIFTY-II.NFO,10/02/2025,09:41:06,50562,50558.25,30,50569.9,30,0,462930
BANKNIFTY-II.NFO,10/02/2025,09:41:07,50559.8,50560.2,30,50572.95,60,30,462930
BANKNIFTY-II.NFO,10/02/2025,09:41:09,50559.8,50552.7,30,50566.7,60,0,462930
BANKNIFTY-II.NFO,10/02/2025,09:41:12,50559.8,50551.25,300,50565.85,60,0,462930
BANKNIFTY-II.NFO,10/02/2025,09:41:14,50559.8,50550.3,30,50564.3,90,30,462930
BANKNIFTY-II.NFO,10/02/2025,09:41:16,50559.8,50547.4,60,50561.5,60,0,462930
BANKNIFTY-II.NFO,10/02/2025,09:41:17,50542,50539,30,50550.75,60,30,462930
BANKNIFTY-II.NFO,10/02/2025,09:41:19,50542,50539,30,50550.2,30,0,462930
BANKNIFTY-II.NFO,10/02/2025,09:41:21,50542,50539,30,50548.6,60,0,462930
BANKNIFTY-II.NFO,10/02/2025,09:41:22,50542,50539.2,60,50553.2,30,0,462930
BANKNIFTY-II.NFO,10/02/2025,09:41:24,50542,50541.6,30,50556.35,60,0,462930
BANKNIFTY-II.NFO,10/02/2025,09:41:26,50542,50543,30,50557.6,60,0,462930
BANKNIFTY-II.NFO,10/02/2025,09:41:27,50542,50542.95,60,50561.8,60,0,462930
BANKNIFTY-II.NFO,10/02/2025,09:41:29,50542,50542,30,50555.1,30,0,462930
BANKNIFTY-II.NFO,10/02/2025,09:41:31,50555.55,50542.05,60,50556.65,60,30,462930
BANKNIFTY-II.NFO,10/02/2025,09:41:32,50555.55,50544.2,30,50558.6,60,0,462930
BANKNIFTY-II.NFO,10/02/2025,09:41:34,50555.55,50544.75,30,50558.95,60,0,462930
BANKNIFTY-II.NFO,10/02/2025,09:41:36,50555.55,50545.2,30,50556.7,60,0,462930
BANKNIFTY-II.NFO,10/02/2025,09:41:37,50555.55,50545.25,30,50558.1,30,0,462930
BANKNIFTY-II.NFO,10/02/2025,09:41:39,50545.2,50542.25,30,50553.45,60,30,462930
BANKNIFTY-II.NFO,10/02/2025,09:41:40,50545.2,50543.05,30,50554.3,60,0,462930
BANKNIFTY-II.NFO,10/02/2025,09:41:42,50543.05,50542,30,50551.05,30,30,462930
BANKNIFTY-II.NFO,10/02/2025,09:41:44,50557.8,50542,30,50556.1,30,360,462930
BANKNIFTY-II.NFO,10/02/2025,09:41:45,50557.8,50542.6,60,50556.1,30,0,462930
BANKNIFTY-II.NFO,10/02/2025,09:41:47,50542,50539,30,50548.35,30,30,462930
BANKNIFTY-II.NFO,10/02/2025,09:41:49,50542,50539,30,50550.6,30,0,462930
BANKNIFTY-II.NFO,10/02/2025,09:41:50,50542,50539,30,50550,30,0,462930
BANKNIFTY-II.NFO,10/02/2025,09:41:54,50542,50539,30,50549.1,30,0,462930
BANKNIFTY-II.NFO,10/02/2025,09:41:57,50542,50539,30,50549.7,30,0,462930
BANKNIFTY-II.NFO,10/02/2025,09:42:00,50539,50535,30,50545.25,30,30,462930
BANKNIFTY-II.NFO,10/02/2025,09:42:02,50535,50530.8,30,50543.1,30,30,462930
BANKNIFTY-II.NFO,10/02/2025,09:42:04,50535,50530.8,30,50543.8,30,0,462930
BANKNIFTY-II.NFO,10/02/2025,09:42:05,50535,50530.8,30,50542.2,30,0,462930
BANKNIFTY-II.NFO,10/02/2025,09:42:07,50535,50530.8,30,50542.95,30,0,462930
BANKNIFTY-II.NFO,10/02/2025,09:42:08,50535,50530.8,30,50541.3,60,0,462930
BANKNIFTY-II.NFO,10/02/2025,09:42:10,50530.8,50530.55,60,50540.9,30,30,462930
BANKNIFTY-II.NFO,10/02/2025,09:42:12,50540.9,50530.05,60,50540.85,30,30,462930
BANKNIFTY-II.NFO,10/02/2025,09:42:13,50540.9,50530,150,50540.8,30,0,462930
BANKNIFTY-II.NFO,10/02/2025,09:42:15,50540.9,50530,150,50540.7,30,0,462930
BANKNIFTY-II.NFO,10/02/2025,09:42:16,50540.9,50530.05,60,50540.7,30,0,462930
BANKNIFTY-II.NFO,10/02/2025,09:42:20,50541,50535.6,90,50551.85,30,150,462930
BANKNIFTY-II.NFO,10/02/2025,09:42:21,50541,50533.35,60,50546.9,60,0,462930
BANKNIFTY-II.NFO,10/02/2025,09:42:23,50541,50527.1,30,50538.4,30,0,462930
BANKNIFTY-II.NFO,10/02/2025,09:42:25,50526.6,50518.8,30,50525.8,30,60,462930
BANKNIFTY-II.NFO,10/02/2025,09:42:26,50517,50517,30,50520.4,30,60,462930
BANKNIFTY-II.NFO,10/02/2025,09:42:28,50501,50501,30,50507.7,30,330,462930
BANKNIFTY-II.NFO,10/02/2025,09:42:28,50501,50501,30,50507.7,30,0,462930
BANKNIFTY-II.NFO,10/02/2025,09:42:30,50513.65,50512.4,60,50528.8,30,270,462930
BANKNIFTY-II.NFO,10/02/2025,09:42:30,50500.85,50512.4,60,50528.8,30,0,462930
BANKNIFTY-II.NFO,10/02/2025,09:42:31,50513.65,50519.9,90,50534.8,30,0,462930
BANKNIFTY-II.NFO,10/02/2025,09:42:33,50516.5,50517.5,60,50528.9,30,30,462930
BANKNIFTY-II.NFO,10/02/2025,09:42:35,50517.25,50521.75,60,50536.6,60,30,462930
BANKNIFTY-II.NFO,10/02/2025,09:42:36,50517.25,50525.1,60,50537.9,30,0,462930
BANKNIFTY-II.NFO,10/02/2025,09:42:38,50535.2,50521.75,60,50537.15,60,360,463320
BANKNIFTY-II.NFO,10/02/2025,09:42:40,50535.2,50521.8,60,50534.9,30,0,463320
BANKNIFTY-II.NFO,10/02/2025,09:42:41,50535.2,50525.3,60,50537.85,30,0,463320
BANKNIFTY-II.NFO,10/02/2025,09:42:43,50535.2,50523.7,60,50537.8,30,0,463320
BANKNIFTY-II.NFO,10/02/2025,09:42:45,50535.2,50523.9,90,50536.75,60,0,463320
BANKNIFTY-II.NFO,10/02/2025,09:42:46,50522.6,50523.1,30,50534.85,30,30,463320
BANKNIFTY-II.NFO,10/02/2025,09:42:48,50522.6,50520.65,30,50534,90,0,463320
BANKNIFTY-II.NFO,10/02/2025,09:42:49,50522.6,50520.65,60,50534,90,0,463320
BANKNIFTY-II.NFO,10/02/2025,09:42:51,50531.85,50508.9,90,50525.6,30,120,463320
BANKNIFTY-II.NFO,10/02/2025,09:42:53,50531.85,50507.75,60,50515.6,150,0,463320
BANKNIFTY-II.NFO,10/02/2025,09:42:54,50531.85,50505.2,60,50512.7,150,0,463320
BANKNIFTY-II.NFO,10/02/2025,09:42:56,50531.85,50505.2,60,50513.5,150,0,463320
BANKNIFTY-II.NFO,10/02/2025,09:42:58,50531.85,50505.15,60,50511.5,30,0,463320
BANKNIFTY-II.NFO,10/02/2025,09:42:59,50531.85,50505.25,60,50511.95,30,0,463320
BANKNIFTY-II.NFO,10/02/2025,09:43:01,50531.85,50502.5,60,50509.85,30,0,463320
BANKNIFTY-II.NFO,10/02/2025,09:43:02,50505,50500.95,60,50506.25,120,60,463320
BANKNIFTY-II.NFO,10/02/2025,09:43:04,50500.1,50500.45,90,50516.9,30,120,463320
BANKNIFTY-II.NFO,10/02/2025,09:43:04,50500.1,50500.45,90,50516.9,30,0,463320
BANKNIFTY-II.NFO,10/02/2025,09:43:06,50500.1,50500.05,60,50514.8,30,0,463320
BANKNIFTY-II.NFO,10/02/2025,09:43:07,50500,50500,270,50500.8,30,150,463320
BANKNIFTY-II.NFO,10/02/2025,09:43:07,50500,50500,270,50500.8,30,0,463320
BANKNIFTY-II.NFO,10/02/2025,09:43:09,50500,50500,330,50500.8,30,0,463320
BANKNIFTY-II.NFO,10/02/2025,09:43:11,50500,50500,300,50500.8,30,30,463320
BANKNIFTY-II.NFO,10/02/2025,09:43:12,50500,50500,300,50503.95,180,0,463320
BANKNIFTY-II.NFO,10/02/2025,09:43:14,50500,50500,300,50502.5,30,30,463320
BANKNIFTY-II.NFO,10/02/2025,09:43:16,50500,50500,240,50503.35,150,90,463320
BANKNIFTY-II.NFO,10/02/2025,09:43:17,50500,50500,210,50503.9,150,30,463320
BANKNIFTY-II.NFO,10/02/2025,09:43:19,50500,50495.2,60,50500,180,210,463320
BANKNIFTY-II.NFO,10/02/2025,09:43:21,50500,50490,30,50497.7,150,0,463320
BANKNIFTY-II.NFO,10/02/2025,09:43:22,50500,50490,30,50496.8,150,0,463320
BANKNIFTY-II.NFO,10/02/2025,09:43:24,50488.4,50485.05,60,50498.9,30,210,463320
BANKNIFTY-II.NFO,10/02/2025,09:43:24,50488.4,50485.05,60,50498.9,30,0,463320
BANKNIFTY-II.NFO,10/02/2025,09:43:26,50488.4,50485,30,50491.7,30,0,463320
BANKNIFTY-II.NFO,10/02/2025,09:43:27,50488.4,50485.1,60,50495.45,30,0,463320
BANKNIFTY-II.NFO,10/02/2025,09:43:29,50494.55,50493.05,30,50500,180,30,463320
BANKNIFTY-II.NFO,10/02/2025,09:43:31,50500,50499.05,30,50506.6,150,180,463320
BANKNIFTY-II.NFO,10/02/2025,09:43:32,50500,50496.35,90,50505.25,150,0,463320
BANKNIFTY-II.NFO,10/02/2025,09:43:34,50498.95,50494.55,30,50500.25,150,30,463320
BANKNIFTY-II.NFO,10/02/2025,09:43:36,50498.95,50495.05,60,50499.95,150,0,463320
BANKNIFTY-II.NFO,10/02/2025,09:43:37,50498.95,50494.55,30,50498.4,150,0,463320
BANKNIFTY-II.NFO,10/02/2025,09:43:39,50498.95,50494.55,30,50497.4,150,0,463320
BANKNIFTY-II.NFO,10/02/2025,09:43:41,50498.95,50494.55,30,50496.6,150,0,463320
BANKNIFTY-II.NFO,10/02/2025,09:43:42,50494.55,50487.1,60,50495.6,120,30,463320
BANKNIFTY-II.NFO,10/02/2025,09:43:44,50496.5,50492.5,60,50496,90,30,463320
BANKNIFTY-II.NFO,10/02/2025,09:43:46,50499.55,50494,60,50499.35,120,120,463320
BANKNIFTY-II.NFO,10/02/2025,09:43:47,50499.55,50491.55,60,50501.1,120,0,463320
BANKNIFTY-II.NFO,10/02/2025,09:43:49,50499.55,50494.15,60,50500,120,0,463320
BANKNIFTY-II.NFO,10/02/2025,09:43:51,50492.6,50492.6,60,50497.9,30,30,463320
BANKNIFTY-II.NFO,10/02/2025,09:43:52,50492.6,50491.4,60,50495.9,30,0,463320
BANKNIFTY-II.NFO,10/02/2025,09:43:54,50492.6,50490.45,60,50494.4,30,0,463320
BANKNIFTY-II.NFO,10/02/2025,09:43:56,50490.5,50490.1,150,50496.15,30,120,463320
BANKNIFTY-II.NFO,10/02/2025,09:43:57,50490.5,50485.05,30,50492.2,180,0,463320
BANKNIFTY-II.NFO,10/02/2025,09:43:59,50490.5,50485.05,30,50491.3,30,0,463320
BANKNIFTY-II.NFO,10/02/2025,09:44:01,50488.7,50481.05,30,50488.15,30,60,463320
BANKNIFTY-II.NFO,10/02/2025,09:44:01,50485,50481.05,30,50488.15,30,0,463320
BANKNIFTY-II.NFO,10/02/2025,09:44:02,50487.45,50481,120,50489.1,30,180,463320
BANKNIFTY-II.NFO,10/02/2025,09:44:02,50481,50481,120,50489.1,30,0,463320
BANKNIFTY-II.NFO,10/02/2025,09:44:04,50487.45,50481,120,50489.1,30,0,463320
BANKNIFTY-II.NFO,10/02/2025,09:44:06,50487.45,50481,120,50483.8,30,0,463320
BANKNIFTY-II.NFO,10/02/2025,09:44:09,50481,50481,60,50481.9,30,90,463320
BANKNIFTY-II.NFO,10/02/2025,09:44:11,50481,50481,30,50481.9,30,30,463320
BANKNIFTY-II.NFO,10/02/2025,09:44:12,50481,50481,30,50481.9,30,0,463320
BANKNIFTY-II.NFO,10/02/2025,09:44:14,50487.4,50481.1,60,50487.45,30,90,463320
BANKNIFTY-II.NFO,10/02/2025,09:44:16,50487.45,50484.2,60,50489.85,150,30,463320
BANKNIFTY-II.NFO,10/02/2025,09:44:17,50487.45,50480.15,60,50489.55,150,0,463320
BANKNIFTY-II.NFO,10/02/2025,09:44:19,50487.45,50481.2,330,50490.9,150,0,463320
BANKNIFTY-II.NFO,10/02/2025,09:44:21,50487.45,50480,30,50488.7,150,0,463320
BANKNIFTY-II.NFO,10/02/2025,09:44:22,50487.45,50481.05,30,50490.4,150,0,463320
BANKNIFTY-II.NFO,10/02/2025,09:44:24,50487.45,50480,30,50487.1,150,0,463320
BANKNIFTY-II.NFO,10/02/2025,09:44:26,50487.45,50480,30,50485.45,150,0,463320
BANKNIFTY-II.NFO,10/02/2025,09:44:27,50487.45,50480,30,50484.75,150,0,463320
BANKNIFTY-II.NFO,10/02/2025,09:44:29,50487.45,50480.05,60,50484.95,150,0,463320
BANKNIFTY-II.NFO,10/02/2025,09:44:31,50487.45,50480.05,60,50483.9,60,0,463320
BANKNIFTY-II.NFO,10/02/2025,09:44:32,50480.05,50480.05,90,50492.5,60,180,463320
BANKNIFTY-II.NFO,10/02/2025,09:44:32,50480.05,50480.05,90,50492.5,60,0,463320
BANKNIFTY-II.NFO,10/02/2025,09:44:34,50480.05,50484.4,30,50490.6,60,0,463320
BANKNIFTY-II.NFO,10/02/2025,09:44:36,50480.05,50484.4,30,50490.5,60,0,463320
BANKNIFTY-II.NFO,10/02/2025,09:44:37,50480.05,50484.4,30,50493,60,0,463320
BANKNIFTY-II.NFO,10/02/2025,09:44:39,50484.4,50480.05,90,50486.6,90,30,463320
BANKNIFTY-II.NFO,10/02/2025,09:44:41,50480.05,50480.05,60,50485.95,60,30,463320
BANKNIFTY-II.NFO,10/02/2025,09:44:42,50480.05,50480.1,60,50493.25,60,0,463320
BANKNIFTY-II.NFO,10/02/2025,09:44:44,50480.05,50480.05,60,50491.7,60,0,463320
BANKNIFTY-II.NFO,10/02/2025,09:44:46,50480.05,50484.05,30,50496.6,60,0,463320
BANKNIFTY-II.NFO,10/02/2025,09:44:47,50480.05,50480.05,60,50492.55,60,0,463320
BANKNIFTY-II.NFO,10/02/2025,09:44:49,50480.05,50481.05,30,50492.55,60,0,463320
BANKNIFTY-II.NFO,10/02/2025,09:44:51,50480.05,50480.05,90,50491.05,60,0,463320
BANKNIFTY-II.NFO,10/02/2025,09:44:52,50480.05,50480.05,90,50490.3,60,0,463320
BANKNIFTY-II.NFO,10/02/2025,09:44:54,50480.05,50480.05,90,50492.55,60,0,463320
BANKNIFTY-II.NFO,10/02/2025,09:44:57,50480.05,50480.05,90,50489,90,0,463320
BANKNIFTY-II.NFO,10/02/2025,09:44:59,50480.05,50480.05,60,50485.7,60,30,463320
BANKNIFTY-II.NFO,10/02/2025,09:45:01,50480,50472.6,30,50481.95,60,90,463320
BANKNIFTY-II.NFO,10/02/2025,09:45:01,50480,50472.6,30,50481.95,60,0,463320
BANKNIFTY-II.NFO,10/02/2025,09:45:02,50480,50472.6,30,50476.4,60,0,463320
BANKNIFTY-II.NFO,10/02/2025,09:45:04,50471,50463.45,30,50475,60,60,463320
BANKNIFTY-II.NFO,10/02/2025,09:45:04,50471,50463.45,30,50475,60,0,463320
BANKNIFTY-II.NFO,10/02/2025,09:45:06,50471,50463.45,30,50475.8,60,0,463320
BANKNIFTY-II.NFO,10/02/2025,09:45:07,50471,50463.45,30,50471.7,60,0,463320
BANKNIFTY-II.NFO,10/02/2025,09:45:09,50463.45,50460,300,50467.7,60,30,463320
BANKNIFTY-II.NFO,10/02/2025,09:45:09,50463.45,50460,300,50467.7,60,0,463320
BANKNIFTY-II.NFO,10/02/2025,09:45:11,50463.45,50460,300,50467.75,30,0,463320
BANKNIFTY-II.NFO,10/02/2025,09:45:12,50460,50460,270,50470.7,60,30,463320
BANKNIFTY-II.NFO,10/02/2025,09:45:12,50460,50460,270,50470.7,60,0,463320
BANKNIFTY-II.NFO,10/02/2025,09:45:14,50460,50460,270,50470.75,30,0,463320
BANKNIFTY-II.NFO,10/02/2025,09:45:16,50460,50461.95,90,50477.55,90,0,463320
BANKNIFTY-II.NFO,10/02/2025,09:45:17,50460,50460.45,90,50475.2,30,0,463320
BANKNIFTY-II.NFO,10/02/2025,09:45:19,50460,50460.4,30,50473.9,30,0,463320
BANKNIFTY-II.NFO,10/02/2025,09:45:21,50460,50460,150,50467.55,60,30,463320
BANKNIFTY-II.NFO,10/02/2025,09:45:22,50460,50460,60,50467.7,60,120,463320
BANKNIFTY-II.NFO,10/02/2025,09:45:24,50460,50460,60,50467.3,60,0,463320
BANKNIFTY-II.NFO,10/02/2025,09:45:26,50455,50450.5,30,50454.95,30,120,463320
BANKNIFTY-II.NFO,10/02/2025,09:45:26,50455,50450.5,30,50454.95,30,0,463320
BANKNIFTY-II.NFO,10/02/2025,09:45:27,50450.4,50450.4,30,50452.9,60,120,463320
BANKNIFTY-II.NFO,10/02/2025,09:45:27,50450.4,50450.4,30,50452.9,60,0,463320
BANKNIFTY-II.NFO,10/02/2025,09:45:29,50450.7,50450.3,30,50460.4,90,180,463320
BANKNIFTY-II.NFO,10/02/2025,09:45:29,50450,50450.3,30,50460.4,90,0,463320
BANKNIFTY-II.NFO,10/02/2025,09:45:31,50450.4,50450,690,50461.1,60,60,463320
BANKNIFTY-II.NFO,10/02/2025,09:45:32,50450.4,50450,690,50460.45,90,0,463320
BANKNIFTY-II.NFO,10/02/2025,09:45:34,50450.4,50450.1,60,50461.4,90,0,463320
BANKNIFTY-II.NFO,10/02/2025,09:45:36,50450.4,50451.35,90,50464.95,90,0,463320
BANKNIFTY-II.NFO,10/02/2025,09:45:37,50450.4,50456.25,90,50468,90,0,463320
BANKNIFTY-II.NFO,10/02/2025,09:45:39,50450.4,50456.35,90,50468,90,0,463320
BANKNIFTY-II.NFO,10/02/2025,09:45:41,50450.4,50460.4,90,50470.4,30,0,463320
BANKNIFTY-II.NFO,10/02/2025,09:45:42,50461.9,50461.9,90,50472.85,30,30,464130
BANKNIFTY-II.NFO,10/02/2025,09:45:44,50461.9,50457.25,90,50468.45,30,0,464130
BANKNIFTY-II.NFO,10/02/2025,09:45:46,50461.9,50457.4,90,50468.45,30,0,464130
BANKNIFTY-II.NFO,10/02/2025,09:45:47,50461.9,50455.05,60,50467.05,30,0,464130
BANKNIFTY-II.NFO,10/02/2025,09:45:49,50458.05,50457.5,60,50468.95,90,30,464130
BANKNIFTY-II.NFO,10/02/2025,09:45:51,50461.9,50461.9,240,50468.9,30,60,464130
BANKNIFTY-II.NFO,10/02/2025,09:45:52,50461.9,50461.9,150,50468.9,30,90,464130
BANKNIFTY-II.NFO,10/02/2025,09:45:54,50461.9,50461.9,150,50468.9,30,0,464130
BANKNIFTY-II.NFO,10/02/2025,09:45:56,50468.75,50462,90,50472.9,30,30,464130
BANKNIFTY-II.NFO,10/02/2025,09:45:57,50468.75,50461.9,150,50472.85,30,0,464130
BANKNIFTY-II.NFO,10/02/2025,09:46:01,50461.9,50461.9,60,50466.75,90,90,464130
BANKNIFTY-II.NFO,10/02/2025,09:46:02,50460,50460,30,50465,90,90,464130
BANKNIFTY-II.NFO,10/02/2025,09:46:04,50460,50450.05,60,50457.85,30,90,464130
BANKNIFTY-II.NFO,10/02/2025,09:46:06,50457.45,50450,690,50462.5,90,180,464130
BANKNIFTY-II.NFO,10/02/2025,09:46:07,50457.45,50450.05,60,50461.9,30,0,464130
BANKNIFTY-II.NFO,10/02/2025,09:46:09,50456.25,50450,690,50455.55,120,30,464130
BANKNIFTY-II.NFO,10/02/2025,09:46:11,50456.25,50450.15,60,50456.5,120,0,464130
BANKNIFTY-II.NFO,10/02/2025,09:46:12,50450.05,50450.05,30,50456,120,30,464130
BANKNIFTY-II.NFO,10/02/2025,09:46:14,50450.05,50450.05,30,50453.45,120,0,464130
BANKNIFTY-II.NFO,10/02/2025,09:46:16,50461.55,50451.05,30,50462.2,30,150,464130
BANKNIFTY-II.NFO,10/02/2025,09:46:17,50461.55,50454.9,30,50468.5,30,0,464130
BANKNIFTY-II.NFO,10/02/2025,09:46:19,50465,50455.4,30,50466.45,120,30,464130
BANKNIFTY-II.NFO,10/02/2025,09:46:21,50465,50457.6,30,50465.7,120,0,464130
BANKNIFTY-II.NFO,10/02/2025,09:46:22,50470,50456.75,60,50471.85,60,210,464130
BANKNIFTY-II.NFO,10/02/2025,09:46:24,50470,50452.75,60,50465.25,150,0,464130
BANKNIFTY-II.NFO,10/02/2025,09:46:26,50470,50454.95,60,50469,150,0,464130
BANKNIFTY-II.NFO,10/02/2025,09:46:27,50470,50461.9,30,50475.5,150,0,464130
BANKNIFTY-II.NFO,10/02/2025,09:46:29,50470,50463.75,60,50477.3,60,0,464130
BANKNIFTY-II.NFO,10/02/2025,09:46:31,50470,50460.1,60,50474.7,60,0,464130
BANKNIFTY-II.NFO,10/02/2025,09:46:32,50470,50463.4,60,50479.05,60,0,464130
BANKNIFTY-II.NFO,10/02/2025,09:46:34,50470,50460.2,60,50473.6,60,0,464130
BANKNIFTY-II.NFO,10/02/2025,09:46:36,50470,50458.05,30,50471.65,60,0,464130
BANKNIFTY-II.NFO,10/02/2025,09:46:37,50459.85,50459.8,90,50473.35,60,30,464130
BANKNIFTY-II.NFO,10/02/2025,09:46:39,50459.85,50455.85,30,50470.95,60,0,464130
BANKNIFTY-II.NFO,10/02/2025,09:46:41,50459.85,50459.3,60,50474.25,60,0,464130
BANKNIFTY-II.NFO,10/02/2025,09:46:42,50459.85,50459.75,30,50474.25,60,0,464130
BANKNIFTY-II.NFO,10/02/2025,09:46:44,50459.85,50462.3,60,50477.45,60,0,464130
BANKNIFTY-II.NFO,10/02/2025,09:46:46,50459.85,50466.55,60,50478.85,30,0,464130
BANKNIFTY-II.NFO,10/02/2025,09:46:48,50459.85,50465.1,30,50477.85,60,0,464130
BANKNIFTY-II.NFO,10/02/2025,09:46:49,50478,50465.1,30,50478.1,60,30,464130
BANKNIFTY-II.NFO,10/02/2025,09:46:51,50478,50467,60,50478.25,150,0,464130
BANKNIFTY-II.NFO,10/02/2025,09:46:53,50478,50467.25,90,50481.1,150,0,464130
BANKNIFTY-II.NFO,10/02/2025,09:46:54,50478,50467.25,90,50481.45,150,0,464130
BANKNIFTY-II.NFO,10/02/2025,09:46:56,50478,50469.35,120,50483.35,150,0,464130
BANKNIFTY-II.NFO,10/02/2025,09:46:58,50478,50465.1,120,50479.75,60,0,464130
BANKNIFTY-II.NFO,10/02/2025,09:46:59,50478,50459.85,60,50474.15,60,0,464130
BANKNIFTY-II.NFO,10/02/2025,09:47:01,50478,50459.85,30,50468.65,60,0,464130
BANKNIFTY-II.NFO,10/02/2025,09:47:03,50478,50459.85,30,50467.65,60,0,464130
BANKNIFTY-II.NFO,10/02/2025,09:47:04,50478,50459.85,30,50469.45,60,0,464130
BANKNIFTY-II.NFO,10/02/2025,09:47:06,50478,50459.85,30,50467.25,60,0,464130
BANKNIFTY-II.NFO,10/02/2025,09:47:08,50478,50459.85,30,50466.3,60,0,464130
BANKNIFTY-II.NFO,10/02/2025,09:47:09,50478,50459.85,30,50467.1,60,0,464130
BANKNIFTY-II.NFO,10/02/2025,09:47:11,50465.9,50459.85,30,50467.2,30,90,464130
BANKNIFTY-II.NFO,10/02/2025,09:47:12,50465.9,50459.85,30,50473.05,30,0,464130
BANKNIFTY-II.NFO,10/02/2025,09:47:14,50459.85,50452,30,50463.7,30,30,464130
BANKNIFTY-II.NFO,10/02/2025,09:47:16,50459.85,50452.75,30,50466.7,30,0,464130
BANKNIFTY-II.NFO,10/02/2025,09:47:17,50467,50453.05,90,50468.75,60,120,464130
BANKNIFTY-II.NFO,10/02/2025,09:47:19,50467,50452,60,50467.8,60,0,464130
BANKNIFTY-II.NFO,10/02/2025,09:47:21,50467,50452.9,90,50468.9,60,0,464130
BANKNIFTY-II.NFO,10/02/2025,09:47:22,50468.9,50460.1,90,50471.95,30,60,464130
BANKNIFTY-II.NFO,10/02/2025,09:47:24,50468.9,50466.35,90,50482.25,60,0,464130
BANKNIFTY-II.NFO,10/02/2025,09:47:26,50468.9,50465.75,90,50480.95,30,0,464130
BANKNIFTY-II.NFO,10/02/2025,09:47:27,50468.3,50465.35,90,50480.95,60,60,464130
BANKNIFTY-II.NFO,10/02/2025,09:47:29,50468.3,50463.55,90,50479.15,60,0,464130
BANKNIFTY-II.NFO,10/02/2025,09:47:31,50462.2,50461.4,30,50476.3,60,30,464130
BANKNIFTY-II.NFO,10/02/2025,09:47:32,50462.2,50465.75,30,50481.4,60,0,464130
BANKNIFTY-II.NFO,10/02/2025,09:47:34,50462.2,50463.95,60,50477.5,30,0,464130
BANKNIFTY-II.NFO,10/02/2025,09:47:36,50462.2,50463.3,60,50474.9,30,0,464130
BANKNIFTY-II.NFO,10/02/2025,09:47:37,50462.2,50462.9,60,50474.9,30,0,464130
BANKNIFTY-II.NFO,10/02/2025,09:47:39,50468.3,50463.9,90,50479.4,60,60,464130
BANKNIFTY-II.NFO,10/02/2025,09:47:40,50468.3,50467.9,90,50484.25,30,0,464130
BANKNIFTY-II.NFO,10/02/2025,09:47:42,50468.3,50467.9,90,50484.2,30,0,464130
BANKNIFTY-II.NFO,10/02/2025,09:47:44,50468.3,50470.9,60,50486.8,60,0,464130
BANKNIFTY-II.NFO,10/02/2025,09:47:45,50468.3,50470.9,90,50486.85,30,0,464130
BANKNIFTY-II.NFO,10/02/2025,09:47:47,50468.3,50468.35,30,50480.9,30,0,464130
BANKNIFTY-II.NFO,10/02/2025,09:47:49,50468.3,50468.4,90,50480.85,30,0,464130
BANKNIFTY-II.NFO,10/02/2025,09:47:50,50480.85,50468.4,60,50480.9,30,30,464130
BANKNIFTY-II.NFO,10/02/2025,09:47:52,50480.85,50468.3,60,50480.75,60,0,464130
BANKNIFTY-II.NFO,10/02/2025,09:47:54,50480.85,50468.3,60,50480.85,60,0,464130
BANKNIFTY-II.NFO,10/02/2025,09:47:55,50471.05,50469.8,90,50483.9,30,30,464130
BANKNIFTY-II.NFO,10/02/2025,09:47:57,50471.05,50472,30,50486.5,60,0,464130
BANKNIFTY-II.NFO,10/02/2025,09:47:59,50471.05,50473.15,60,50486.9,30,0,464130
BANKNIFTY-II.NFO,10/02/2025,09:48:00,50471.05,50474.7,30,50486.85,30,0,464130
BANKNIFTY-II.NFO,10/02/2025,09:48:02,50471.05,50476.4,90,50486.85,30,0,464130
BANKNIFTY-II.NFO,10/02/2025,09:48:04,50478,50476.65,60,50489.9,30,60,464130
BANKNIFTY-II.NFO,10/02/2025,09:48:05,50478,50476.5,90,50489.9,30,0,464130
BANKNIFTY-II.NFO,10/02/2025,09:48:07,50478,50478.9,120,50489.9,30,0,464130
BANKNIFTY-II.NFO,10/02/2025,09:48:09,50478,50484,60,50489.9,30,0,464130
BANKNIFTY-II.NFO,10/02/2025,09:48:10,50478,50481.6,90,50489.9,30,0,464130
BANKNIFTY-II.NFO,10/02/2025,09:48:12,50478,50481.55,30,50489.9,30,0,464130
BANKNIFTY-II.NFO,10/02/2025,09:48:14,50478,50478.7,30,50489.9,30,0,464130
BANKNIFTY-II.NFO,10/02/2025,09:48:15,50478,50479.3,60,50489.9,30,0,464130
BANKNIFTY-II.NFO,10/02/2025,09:48:17,50478,50479.95,30,50489.9,30,0,464130
BANKNIFTY-II.NFO,10/02/2025,09:48:19,50478,50478.4,30,50489.3,30,0,464130
BANKNIFTY-II.NFO,10/02/2025,09:48:20,50478.4,50473.6,60,50487.6,30,30,464130
BANKNIFTY-II.NFO,10/02/2025,09:48:22,50478.4,50469.6,60,50485.45,60,0,464130
BANKNIFTY-II.NFO,10/02/2025,09:48:24,50478.4,50469.6,30,50480.45,90,0,464130
BANKNIFTY-II.NFO,10/02/2025,09:48:25,50478.4,50469.6,30,50481,60,0,464130
BANKNIFTY-II.NFO,10/02/2025,09:48:27,50482.7,50468.6,60,50482.75,60,30,464130
BANKNIFTY-II.NFO,10/02/2025,09:48:29,50482.7,50469.15,60,50483.9,60,0,464130
BANKNIFTY-II.NFO,10/02/2025,09:48:30,50482.7,50469.5,30,50482.75,60,0,464130
BANKNIFTY-II.NFO,10/02/2025,09:48:32,50482.8,50468.3,60,50482.45,90,30,464130
BANKNIFTY-II.NFO,10/02/2025,09:48:34,50482.7,50469.55,60,50483.9,30,180,464130
BANKNIFTY-II.NFO,10/02/2025,09:48:35,50482.7,50470.1,30,50483.9,30,0,464130
BANKNIFTY-II.NFO,10/02/2025,09:48:37,50482.7,50468.3,60,50480.9,30,0,464130
BANKNIFTY-II.NFO,10/02/2025,09:48:39,50468.3,50468.3,30,50480.35,30,30,464580
BANKNIFTY-II.NFO,10/02/2025,09:48:40,50468.3,50468.3,30,50480.5,30,0,464580
BANKNIFTY-II.NFO,10/02/2025,09:48:42,50468.3,50468.3,30,50480.9,30,0,464580
BANKNIFTY-II.NFO,10/02/2025,09:48:44,50468.3,50468.3,30,50479.95,30,0,464580
BANKNIFTY-II.NFO,10/02/2025,09:48:45,50468.3,50468.3,30,50480.9,30,0,464580
BANKNIFTY-II.NFO,10/02/2025,09:48:47,50468.3,50465.2,60,50477.95,30,30,464580
BANKNIFTY-II.NFO,10/02/2025,09:48:49,50468.3,50465.15,60,50477.5,30,0,464580
BANKNIFTY-II.NFO,10/02/2025,09:48:50,50468,50472.45,60,50486.8,30,30,464580
BANKNIFTY-II.NFO,10/02/2025,09:48:52,50470.2,50468.25,60,50483.9,30,150,464580
BANKNIFTY-II.NFO,10/02/2025,09:48:54,50470.2,50471.3,60,50487.5,60,0,464580
BANKNIFTY-II.NFO,10/02/2025,09:48:55,50470.2,50470.9,30,50483.9,30,0,464580
BANKNIFTY-II.NFO,10/02/2025,09:48:57,50470.9,50472.3,150,50477.2,150,180,464580
BANKNIFTY-II.NFO,10/02/2025,09:48:59,50489.95,50476.95,60,50490,30,240,464580
BANKNIFTY-II.NFO,10/02/2025,09:49:00,50490,50486.25,90,50497.4,30,30,464580
BANKNIFTY-II.NFO,10/02/2025,09:49:02,50490,50482.5,60,50497.3,30,0,464580
BANKNIFTY-II.NFO,10/02/2025,09:49:04,50490,50475.85,150,50484.8,150,0,464580
BANKNIFTY-II.NFO,10/02/2025,09:49:05,50490,50481.65,150,50489.05,150,0,464580
BANKNIFTY-II.NFO,10/02/2025,09:49:07,50490,50484.3,30,50490.65,150,0,464580
BANKNIFTY-II.NFO,10/02/2025,09:49:09,50490,50480.6,30,50487.05,150,0,464580
BANKNIFTY-II.NFO,10/02/2025,09:49:10,50490,50478.7,30,50485.8,150,0,464580
BANKNIFTY-II.NFO,10/02/2025,09:49:12,50490,50481.85,30,50487.15,150,0,464580
BANKNIFTY-II.NFO,10/02/2025,09:49:14,50490,50480.25,150,50486.95,150,0,464580
BANKNIFTY-II.NFO,10/02/2025,09:49:15,50490,50481.2,30,50487.7,150,0,464580
BANKNIFTY-II.NFO,10/02/2025,09:49:17,50489.9,50484.9,30,50489.9,120,30,464580
BANKNIFTY-II.NFO,10/02/2025,09:49:19,50489.9,50485.35,180,50491.05,120,0,464580
BANKNIFTY-II.NFO,10/02/2025,09:49:20,50489.9,50485.85,30,50489.65,120,0,464580
BANKNIFTY-II.NFO,10/02/2025,09:49:22,50489.65,50489.05,30,50497.25,150,120,464580
BANKNIFTY-II.NFO,10/02/2025,09:49:24,50489.65,50483.45,30,50494,150,0,464580
BANKNIFTY-II.NFO,10/02/2025,09:49:25,50489.65,50480.7,30,50491.8,150,0,464580
BANKNIFTY-II.NFO,10/02/2025,09:49:27,50489.65,50480.1,30,50490.2,150,0,464580
BANKNIFTY-II.NFO,10/02/2025,09:49:29,50488.65,50478.85,30,50492.25,60,150,464580
BANKNIFTY-II.NFO,10/02/2025,09:49:30,50488.65,50477.25,30,50490,30,0,464580
BANKNIFTY-II.NFO,10/02/2025,09:49:34,50488.45,50473.05,120,50487.45,60,30,464580
BANKNIFTY-II.NFO,10/02/2025,09:49:35,50488.45,50477.7,30,50490.8,150,0,464580
BANKNIFTY-II.NFO,10/02/2025,09:49:37,50488.45,50477.7,30,50488.15,150,0,464580
BANKNIFTY-II.NFO,10/02/2025,09:49:39,50488.45,50473.85,30,50486.95,150,0,464580
BANKNIFTY-II.NFO,10/02/2025,09:49:40,50488.45,50475.05,30,50483.95,150,0,464580
BANKNIFTY-II.NFO,10/02/2025,09:49:42,50486.35,50484.75,30,50486.35,90,60,464580
BANKNIFTY-II.NFO,10/02/2025,09:49:44,50490,50483.85,150,50497.4,30,120,464580
BANKNIFTY-II.NFO,10/02/2025,09:49:45,50488.55,50488.8,30,50491.75,90,60,464580
BANKNIFTY-II.NFO,10/02/2025,09:49:47,50488.55,50488.5,30,50497.4,120,0,464580
BANKNIFTY-II.NFO,10/02/2025,09:49:49,50497.05,50489.95,30,50496.5,60,120,464580
BANKNIFTY-II.NFO,10/02/2025,09:49:50,50497.05,50487.55,30,50494.8,60,0,464580
BANKNIFTY-II.NFO,10/02/2025,09:49:52,50497.05,50491.8,30,50496.85,60,0,464580
BANKNIFTY-II.NFO,10/02/2025,09:49:54,50519.65,50506.4,60,50524.85,60,150,464580
BANKNIFTY-II.NFO,10/02/2025,09:49:55,50519.9,50509.25,30,50520.8,30,30,464580
BANKNIFTY-II.NFO,10/02/2025,09:49:57,50511.65,50503.7,30,50512.15,30,30,464580
BANKNIFTY-II.NFO,10/02/2025,09:49:59,50511.25,50501.85,30,50511.25,90,60,464580
BANKNIFTY-II.NFO,10/02/2025,09:50:00,50511.15,50500.85,30,50511.3,60,30,464580
BANKNIFTY-II.NFO,10/02/2025,09:50:02,50511.3,50512.2,90,50525.35,30,60,464580
BANKNIFTY-II.NFO,10/02/2025,09:50:04,50512.9,50513.65,60,50522.95,150,30,464580
BANKNIFTY-II.NFO,10/02/2025,09:50:05,50512.9,50515,60,50522.9,150,0,464580
BANKNIFTY-II.NFO,10/02/2025,09:50:07,50512.9,50510.25,60,50521.25,150,0,464580
BANKNIFTY-II.NFO,10/02/2025,09:50:09,50512.9,50511.3,60,50520,150,0,464580
BANKNIFTY-II.NFO,10/02/2025,09:50:10,50512.9,50511.3,60,50524.65,60,0,464580
BANKNIFTY-II.NFO,10/02/2025,09:50:12,50512.9,50513,60,50524.4,150,30,464580
BANKNIFTY-II.NFO,10/02/2025,09:50:14,50512.9,50516.75,60,50528.35,150,0,464580
BANKNIFTY-II.NFO,10/02/2025,09:50:15,50516.75,50515.85,30,50528.95,60,60,464580
BANKNIFTY-II.NFO,10/02/2025,09:50:17,50516.75,50521.8,90,50530.5,150,0,464580
BANKNIFTY-II.NFO,10/02/2025,09:50:19,50516.75,50528.25,30,50537.6,150,0,464580
BANKNIFTY-II.NFO,10/02/2025,09:50:20,50516.75,50526.1,30,50537.85,150,0,464580
BANKNIFTY-II.NFO,10/02/2025,09:50:22,50525.5,50533.2,30,50546.3,60,150,464580
BANKNIFTY-II.NFO,10/02/2025,09:50:24,50525.5,50533.2,30,50548,30,0,464580
BANKNIFTY-II.NFO,10/02/2025,09:50:25,50525.5,50537.8,30,50550.85,150,0,464580
BANKNIFTY-II.NFO,10/02/2025,09:50:27,50525.5,50539.6,60,50553.25,150,0,464580
BANKNIFTY-II.NFO,10/02/2025,09:50:29,50525.5,50533.85,60,50549.1,60,0,464580
BANKNIFTY-II.NFO,10/02/2025,09:50:30,50525.5,50531.45,30,50545.05,60,0,464580
BANKNIFTY-II.NFO,10/02/2025,09:50:32,50531.45,50531.5,30,50544.4,150,30,464580
BANKNIFTY-II.NFO,10/02/2025,09:50:34,50531.45,50523.55,30,50539,150,0,464580
BANKNIFTY-II.NFO,10/02/2025,09:50:35,50531.45,50530,120,50536.25,150,0,464580
BANKNIFTY-II.NFO,10/02/2025,09:50:37,50531.45,50530,120,50534.65,150,0,464580
BANKNIFTY-II.NFO,10/02/2025,09:50:39,50531.45,50530,120,50535.75,150,0,464580
BANKNIFTY-II.NFO,10/02/2025,09:50:40,50531.45,50530,120,50531.5,150,0,464580
BANKNIFTY-II.NFO,10/02/2025,09:50:42,50530,50513.65,30,50529.75,60,120,464580
BANKNIFTY-II.NFO,10/02/2025,09:50:44,50530,50515,30,50527.8,60,0,464580
BANKNIFTY-II.NFO,10/02/2025,09:50:45,50530,50512.9,30,50523.5,60,0,464580
BANKNIFTY-II.NFO,10/02/2025,09:50:47,50530,50512.9,30,50525.25,150,0,464580
BANKNIFTY-II.NFO,10/02/2025,09:50:49,50530,50514.8,180,50525.25,150,0,464580
BANKNIFTY-II.NFO,10/02/2025,09:50:50,50530,50514.4,30,50528.2,60,0,464580
BANKNIFTY-II.NFO,10/02/2025,09:50:52,50530,50515.3,90,50530,30,0,464580
BANKNIFTY-II.NFO,10/02/2025,09:50:54,50530,50512.9,30,50524.95,60,0,464580
BANKNIFTY-II.NFO,10/02/2025,09:50:55,50530,50512.9,30,50523.9,60,0,464580
BANKNIFTY-II.NFO,10/02/2025,09:50:57,50530,50512.9,30,50524.05,60,0,464580
BANKNIFTY-II.NFO,10/02/2025,09:50:59,50530,50512.9,30,50520,60,0,464580
BANKNIFTY-II.NFO,10/02/2025,09:51:00,50512.9,50501.55,90,50516.95,60,30,464580
BANKNIFTY-II.NFO,10/02/2025,09:51:02,50512.9,50500.8,60,50516.3,60,0,464580
BANKNIFTY-II.NFO,10/02/2025,09:51:04,50512.9,50500.8,30,50515.05,60,0,464580
BANKNIFTY-II.NFO,10/02/2025,09:51:05,50512.9,50500.8,90,50517.3,60,0,464580
BANKNIFTY-II.NFO,10/02/2025,09:51:07,50512.9,50500.8,90,50516.1,60,0,464580
BANKNIFTY-II.NFO,10/02/2025,09:51:09,50512.9,50500.75,60,50515.55,60,0,464580
BANKNIFTY-II.NFO,10/02/2025,09:51:11,50512.9,50501.65,90,50516.65,60,0,464580
BANKNIFTY-II.NFO,10/02/2025,09:51:12,50512.9,50508.3,90,50522.2,30,0,464580
BANKNIFTY-II.NFO,10/02/2025,09:51:14,50512.9,50508.3,90,50523.4,30,0,464580
BANKNIFTY-II.NFO,10/02/2025,09:51:15,50512.9,50503.25,90,50519.3,60,0,464580
BANKNIFTY-II.NFO,10/02/2025,09:51:17,50512.9,50502.45,90,50516.3,30,0,464580
BANKNIFTY-II.NFO,10/02/2025,09:51:19,50512.9,50503.2,90,50516.3,30,0,464580
BANKNIFTY-II.NFO,10/02/2025,09:51:20,50512.9,50503.5,90,50516.3,30,0,464580
BANKNIFTY-II.NFO,10/02/2025,09:51:22,50512.9,50503.5,90,50516.2,30,0,464580
BANKNIFTY-II.NFO,10/02/2025,09:51:24,50512.9,50503.15,30,50516.1,30,0,464580
BANKNIFTY-II.NFO,10/02/2025,09:51:25,50512.9,50503.15,30,50515.8,30,0,464580
BANKNIFTY-II.NFO,10/02/2025,09:51:27,50512.9,50503.15,30,50514.4,30,0,464580
BANKNIFTY-II.NFO,10/02/2025,09:51:29,50512.9,50503.15,30,50514.2,60,0,464580
BANKNIFTY-II.NFO,10/02/2025,09:51:30,50503.15,50500,90,50508.75,60,30,464580
BANKNIFTY-II.NFO,10/02/2025,09:51:32,50500,50485.95,60,50500.5,60,90,464580
BANKNIFTY-II.NFO,10/02/2025,09:51:34,50496.95,50476.3,30,50492.3,60,30,464580
BANKNIFTY-II.NFO,10/02/2025,09:51:35,50496.95,50475.2,30,50488.6,60,0,464580
BANKNIFTY-II.NFO,10/02/2025,09:51:37,50474.55,50470,30,50480.4,60,90,466050
BANKNIFTY-II.NFO,10/02/2025,09:51:39,50474.55,50470,30,50481.45,30,0,466050
BANKNIFTY-II.NFO,10/02/2025,09:51:40,50474.55,50470,30,50482.55,60,0,466050
BANKNIFTY-II.NFO,10/02/2025,09:51:42,50474.55,50473.9,60,50488.4,30,0,466050
BANKNIFTY-II.NFO,10/02/2025,09:51:44,50488.45,50476.4,60,50491.55,30,60,466050
BANKNIFTY-II.NFO,10/02/2025,09:51:45,50481.5,50478.75,90,50494.9,60,30,466050
BANKNIFTY-II.NFO,10/02/2025,09:51:47,50481.5,50478.75,90,50495.2,30,0,466050
BANKNIFTY-II.NFO,10/02/2025,09:51:49,50481.5,50486.65,90,50502.05,60,0,466050
BANKNIFTY-II.NFO,10/02/2025,09:51:50,50481.5,50492.15,90,50508.15,60,0,466050
BANKNIFTY-II.NFO,10/02/2025,09:51:52,50481.5,50494.7,90,50512.1,60,0,466050
BANKNIFTY-II.NFO,10/02/2025,09:51:54,50481.5,50501.05,90,50516.45,60,0,466050
BANKNIFTY-II.NFO,10/02/2025,09:51:55,50481.5,50500,90,50516.15,60,0,466050
BANKNIFTY-II.NFO,10/02/2025,09:51:57,50481.5,50503.2,30,50515.05,30,0,466050
BANKNIFTY-II.NFO,10/02/2025,09:52:00,50505,50511.7,60,50524.8,30,30,466050
BANKNIFTY-II.NFO,10/02/2025,09:52:02,50505,50511.4,60,50524.5,30,0,466050
BANKNIFTY-II.NFO,10/02/2025,09:52:04,50505,50509.55,90,50522.05,30,0,466050
BANKNIFTY-II.NFO,10/02/2025,09:52:05,50505,50509.65,90,50522.05,30,0,466050
BANKNIFTY-II.NFO,10/02/2025,09:52:07,50505,50508,90,50522.05,30,0,466050
BANKNIFTY-II.NFO,10/02/2025,09:52:09,50522.1,50521.85,30,50528.3,60,90,466050
BANKNIFTY-II.NFO,10/02/2025,09:52:10,50522.1,50522.35,30,50527.9,60,0,466050
BANKNIFTY-II.NFO,10/02/2025,09:52:12,50522.35,50510.8,90,50525.9,30,30,466050
BANKNIFTY-II.NFO,10/02/2025,09:52:14,50522.35,50507,60,50522.8,60,0,466050
BANKNIFTY-II.NFO,10/02/2025,09:52:15,50522.35,50502.55,90,50516.9,30,0,466050
BANKNIFTY-II.NFO,10/02/2025,09:52:17,50522.35,50503.15,90,50518.3,30,0,466050
BANKNIFTY-II.NFO,10/02/2025,09:52:19,50522.35,50505.65,90,50521.05,30,0,466050
BANKNIFTY-II.NFO,10/02/2025,09:52:20,50522.35,50509.2,90,50524.8,60,0,466050
BANKNIFTY-II.NFO,10/02/2025,09:52:22,50522.35,50511,90,50525.1,30,0,466050
BANKNIFTY-II.NFO,10/02/2025,09:52:25,50522.35,50509.2,90,50524.2,90,0,466050
BANKNIFTY-II.NFO,10/02/2025,09:52:27,50514.8,50512.65,90,50528.2,60,30,466050
BANKNIFTY-II.NFO,10/02/2025,09:52:29,50514.8,50512.6,90,50528,30,0,466050
BANKNIFTY-II.NFO,10/02/2025,09:52:30,50514.8,50511.2,90,50526.95,30,0,466050
BANKNIFTY-II.NFO,10/02/2025,09:52:32,50514.8,50513.65,90,50528.65,30,0,466050
