Ticker,Date,Time,LTP,BuyPrice,BuyQty,SellPrice,SellQty,LTQ,OpenInterest
BANKNIFTY-III.NFO,10/02/2025,09:15:06,51239.25,50932.45,60,50976.05,30,60,34830
BANKNIFTY-III.NFO,10/02/2025,09:15:06,51239.25,50932.45,60,50976.05,30,0,34830
BANKNIFTY-III.NFO,10/02/2025,09:15:06,51239.25,50932.45,60,50976.05,30,0,34830
BANKNIFTY-III.NFO,10/02/2025,09:15:06,51239.25,50932.45,60,50976.05,30,0,34830
BANKNIFTY-III.NFO,10/02/2025,09:15:10,51239.25,50942.45,60,50979.35,30,0,34830
BANKNIFTY-III.NFO,10/02/2025,09:15:15,51239.25,50910.05,60,50949.2,60,0,34830
BANKNIFTY-III.NFO,10/02/2025,09:15:20,50949.2,50910.05,60,50944.35,60,30,34830
BANKNIFTY-III.NFO,10/02/2025,09:15:20,50949.2,50910.05,60,50944.35,60,0,34830
BANKNIFTY-III.NFO,10/02/2025,09:15:24,50949.2,50910.05,60,50932.5,60,0,34830
BANKNIFTY-III.NFO,10/02/2025,09:15:28,50949.2,50920.6,60,50952.75,60,0,34830
BANKNIFTY-III.NFO,10/02/2025,09:15:32,50949.2,50918.45,60,50949.95,60,0,34830
BANKNIFTY-III.NFO,10/02/2025,09:15:36,50950,50934.45,60,50967.35,30,30,34860
BANKNIFTY-III.NFO,10/02/2025,09:15:41,50950,50942.35,60,50971.8,30,0,34860
BANKNIFTY-III.NFO,10/02/2025,09:15:45,50960.05,50950,30,50957.2,60,30,34860
BANKNIFTY-III.NFO,10/02/2025,09:15:49,50960.05,50950.05,60,50966.2,30,0,34860
BANKNIFTY-III.NFO,10/02/2025,09:15:53,50952.55,50950,30,50954.8,30,30,34860
BANKNIFTY-III.NFO,10/02/2025,09:15:57,50921.25,50921.25,60,50947.45,30,90,34860
BANKNIFTY-III.NFO,10/02/2025,09:15:57,50921.25,50921.25,60,50947.45,30,0,34860
BANKNIFTY-III.NFO,10/02/2025,09:16:02,50921.25,50910.05,60,50933.5,60,0,34860
BANKNIFTY-III.NFO,10/02/2025,09:16:06,50921.25,50910,30,50925.6,30,0,34860
BANKNIFTY-III.NFO,10/02/2025,09:16:10,50921.25,50910,30,50924.15,30,0,34860
BANKNIFTY-III.NFO,10/02/2025,09:16:15,50921.25,50910.05,90,50931.15,60,0,34860
BANKNIFTY-III.NFO,10/02/2025,09:16:19,50921.25,50910.1,60,50930.25,30,0,34860
BANKNIFTY-III.NFO,10/02/2025,09:16:23,50921.25,50910.05,90,50932.75,30,0,34860
BANKNIFTY-III.NFO,10/02/2025,09:16:27,50921.25,50910.05,60,50928.45,60,0,34860
BANKNIFTY-III.NFO,10/02/2025,09:16:32,50921.25,50910,150,50922.85,30,0,34860
BANKNIFTY-III.NFO,10/02/2025,09:16:36,50921.25,50910.05,90,50927.3,30,0,34860
BANKNIFTY-III.NFO,10/02/2025,09:16:40,50921.25,50910.05,90,50929.15,60,0,34860
BANKNIFTY-III.NFO,10/02/2025,09:16:44,50921.25,50910.05,90,50934.4,30,0,34860
BANKNIFTY-III.NFO,10/02/2025,09:16:49,50921.25,50915.3,60,50930,300,0,34860
BANKNIFTY-III.NFO,10/02/2025,09:16:53,50930,50919.75,60,50930,270,30,34860
BANKNIFTY-III.NFO,10/02/2025,09:16:57,50930,50919.6,60,50930,240,30,34860
BANKNIFTY-III.NFO,10/02/2025,09:17:01,50930,50915.85,90,50930,240,0,34860
BANKNIFTY-III.NFO,10/02/2025,09:17:05,50930,50911.75,60,50929.95,30,0,34860
BANKNIFTY-III.NFO,10/02/2025,09:17:09,50929.95,50910.05,90,50929.95,30,30,34860
BANKNIFTY-III.NFO,10/02/2025,09:17:14,50929.95,50911.65,60,50930,240,0,34860
BANKNIFTY-III.NFO,10/02/2025,09:17:18,50930,50929.95,30,50930,150,90,34860
BANKNIFTY-III.NFO,10/02/2025,09:17:23,50929.95,50910,210,50929.75,30,30,34860
BANKNIFTY-III.NFO,10/02/2025,09:17:28,50929.95,50912.8,120,50929.95,30,0,34860
BANKNIFTY-III.NFO,10/02/2025,09:17:33,50929.95,50913.25,90,50929.95,30,0,34860
BANKNIFTY-III.NFO,10/02/2025,09:17:37,50929.95,50911,30,50929.95,60,0,34860
BANKNIFTY-III.NFO,10/02/2025,09:17:42,50911,50910,180,50926.35,30,30,34860
BANKNIFTY-III.NFO,10/02/2025,09:17:42,50911,50910,180,50926.35,30,0,34860
BANKNIFTY-III.NFO,10/02/2025,09:17:47,50911,50910,180,50923.05,60,0,34860
BANKNIFTY-III.NFO,10/02/2025,09:17:51,50923.05,50910,180,50924.65,60,60,34860
BANKNIFTY-III.NFO,10/02/2025,09:17:56,50923.05,50910,180,50917.55,60,0,34860
BANKNIFTY-III.NFO,10/02/2025,09:18:01,50923.05,50910,150,50918.15,30,0,34860
BANKNIFTY-III.NFO,10/02/2025,09:18:05,50910,50895,480,50914.7,30,150,34860
BANKNIFTY-III.NFO,10/02/2025,09:18:05,50910,50895,480,50914.7,30,0,34860
BANKNIFTY-III.NFO,10/02/2025,09:18:10,50910,50895,450,50908.1,180,0,34860
BANKNIFTY-III.NFO,10/02/2025,09:18:12,50910,50895,450,50904.75,180,0,34860
BANKNIFTY-III.NFO,10/02/2025,09:18:14,50910,50895,450,50906.2,30,0,34860
BANKNIFTY-III.NFO,10/02/2025,09:18:16,50910,50895,450,50895.1,60,0,34860
BANKNIFTY-III.NFO,10/02/2025,09:18:21,50895,50895,420,50895.1,60,30,34860
BANKNIFTY-III.NFO,10/02/2025,09:18:21,50895,50895,420,50895.1,60,0,34860
BANKNIFTY-III.NFO,10/02/2025,09:18:22,50895,50895,420,50895.1,60,0,34860
BANKNIFTY-III.NFO,10/02/2025,09:18:24,50890,50881,30,50894.35,30,450,34860
BANKNIFTY-III.NFO,10/02/2025,09:18:24,50890,50881,30,50894.35,30,0,34860
BANKNIFTY-III.NFO,10/02/2025,09:18:26,50890,50881,30,50895.1,90,0,34860
BANKNIFTY-III.NFO,10/02/2025,09:18:29,50890,50881,30,50890.35,30,0,34860
BANKNIFTY-III.NFO,10/02/2025,09:18:31,50890,50881,30,50894.1,30,0,34860
BANKNIFTY-III.NFO,10/02/2025,09:18:33,50890,50881.05,60,50894.95,60,0,34860
BANKNIFTY-III.NFO,10/02/2025,09:18:34,50890,50881.05,90,50899.1,30,0,34860
BANKNIFTY-III.NFO,10/02/2025,09:18:36,50902.25,50881.05,90,50902.25,60,60,35580
BANKNIFTY-III.NFO,10/02/2025,09:18:38,50902.25,50882.6,60,50906.8,60,0,35580
BANKNIFTY-III.NFO,10/02/2025,09:18:39,50902.25,50882.6,60,50906.85,30,0,35580
BANKNIFTY-III.NFO,10/02/2025,09:18:41,50902.25,50883.45,60,50908.05,60,0,35580
BANKNIFTY-III.NFO,10/02/2025,09:18:43,50902.25,50900.05,60,50911.85,60,0,35580
BANKNIFTY-III.NFO,10/02/2025,09:18:44,50902.25,50900,60,50911.85,60,0,35580
BANKNIFTY-III.NFO,10/02/2025,09:18:46,50902.25,50900,60,50910.8,180,0,35580
BANKNIFTY-III.NFO,10/02/2025,09:18:48,50902.25,50900,60,50912.3,30,0,35580
BANKNIFTY-III.NFO,10/02/2025,09:18:49,50902.25,50900,60,50910.75,30,0,35580
BANKNIFTY-III.NFO,10/02/2025,09:18:51,50902.25,50900.05,60,50915.7,30,0,35580
BANKNIFTY-III.NFO,10/02/2025,09:18:54,50902.25,50900,60,50909.2,150,0,35580
BANKNIFTY-III.NFO,10/02/2025,09:18:56,50902.25,50900,60,50910.5,150,0,35580
BANKNIFTY-III.NFO,10/02/2025,09:18:57,50902.25,50900,60,50915.65,30,0,35580
BANKNIFTY-III.NFO,10/02/2025,09:18:59,50902.25,50900,60,50912.8,180,0,35580
BANKNIFTY-III.NFO,10/02/2025,09:19:01,50902.25,50900.05,90,50918.1,30,0,35580
BANKNIFTY-III.NFO,10/02/2025,09:19:02,50902.25,50900.05,90,50921.45,30,0,35580
BANKNIFTY-III.NFO,10/02/2025,09:19:04,50902.25,50900,60,50913.15,150,0,35580
BANKNIFTY-III.NFO,10/02/2025,09:19:06,50902.25,50900.05,90,50917.95,30,0,35580
BANKNIFTY-III.NFO,10/02/2025,09:19:07,50902.25,50900.05,90,50920.65,30,0,35580
BANKNIFTY-III.NFO,10/02/2025,09:19:09,50902.25,50905.2,60,50930,180,0,35580
BANKNIFTY-III.NFO,10/02/2025,09:19:11,50902.25,50905.2,60,50929.35,30,0,35580
BANKNIFTY-III.NFO,10/02/2025,09:19:12,50902.25,50912.4,60,50930,150,0,35580
BANKNIFTY-III.NFO,10/02/2025,09:19:16,50902.25,50906.25,60,50925,30,0,35580
BANKNIFTY-III.NFO,10/02/2025,09:19:19,50902.25,50912.2,60,50925,30,0,35580
BANKNIFTY-III.NFO,10/02/2025,09:19:24,50902.25,50906.25,60,50925,30,0,35580
BANKNIFTY-III.NFO,10/02/2025,09:19:26,50902.25,50906.25,60,50925,60,0,35580
BANKNIFTY-III.NFO,10/02/2025,09:19:30,50902.25,50900.05,60,50902.25,90,0,35580
BANKNIFTY-III.NFO,10/02/2025,09:19:32,50902.25,50900,60,50902.25,90,0,35580
BANKNIFTY-III.NFO,10/02/2025,09:19:34,50902.25,50900.05,60,50902.25,90,0,35580
BANKNIFTY-III.NFO,10/02/2025,09:19:35,50902.25,50902.05,60,50925,60,90,35580
BANKNIFTY-III.NFO,10/02/2025,09:19:37,50902.25,50902.55,60,50925,60,0,35580
BANKNIFTY-III.NFO,10/02/2025,09:19:38,50902.25,50903.25,60,50925,60,0,35580
BANKNIFTY-III.NFO,10/02/2025,09:19:42,50902.25,50906.2,60,50925,30,0,35580
BANKNIFTY-III.NFO,10/02/2025,09:19:43,50902.25,50913.2,60,50925,30,0,35580
BANKNIFTY-III.NFO,10/02/2025,09:19:45,50902.25,50918.55,60,50925,30,0,35580
BANKNIFTY-III.NFO,10/02/2025,09:19:46,50902.25,50916.25,60,50925,30,0,35580
BANKNIFTY-III.NFO,10/02/2025,09:19:53,50902.25,50912.1,60,50925,30,0,35580
BANKNIFTY-III.NFO,10/02/2025,09:19:54,50902.25,50914.05,90,50925,30,0,35580
BANKNIFTY-III.NFO,10/02/2025,09:19:56,50902.25,50919.2,90,50925,30,0,35580
BANKNIFTY-III.NFO,10/02/2025,09:19:57,50902.25,50921.75,90,50925,30,0,35580
BANKNIFTY-III.NFO,10/02/2025,09:19:59,50902.25,50921.8,90,50925,30,0,35580
BANKNIFTY-III.NFO,10/02/2025,09:20:01,50902.25,50916.85,60,50925,30,0,35580
BANKNIFTY-III.NFO,10/02/2025,09:20:02,50902.25,50923.1,60,50925,30,0,35580
BANKNIFTY-III.NFO,10/02/2025,09:20:04,50902.25,50914.1,60,50925,30,0,35580
BANKNIFTY-III.NFO,10/02/2025,09:20:05,50902.25,50916.45,90,50925,30,0,35580
BANKNIFTY-III.NFO,10/02/2025,09:20:07,50902.25,50921.25,90,50925,30,0,35580
BANKNIFTY-III.NFO,10/02/2025,09:20:09,50930,50919,30,50930,120,60,35580
BANKNIFTY-III.NFO,10/02/2025,09:20:10,50930,50915.7,90,50930,120,0,35580
BANKNIFTY-III.NFO,10/02/2025,09:20:12,50930,50905.55,60,50928.8,60,0,35580
BANKNIFTY-III.NFO,10/02/2025,09:20:14,50930,50905.55,60,50928.8,30,0,35580
BANKNIFTY-III.NFO,10/02/2025,09:20:15,50930,50902,30,50924.35,180,0,35580
BANKNIFTY-III.NFO,10/02/2025,09:20:17,50930,50902,60,50922.8,60,0,35580
BANKNIFTY-III.NFO,10/02/2025,09:20:18,50930,50902,30,50919.7,30,0,35580
BANKNIFTY-III.NFO,10/02/2025,09:20:20,50930,50902,30,50918,30,0,35580
BANKNIFTY-III.NFO,10/02/2025,09:20:22,50930,50902,30,50917.35,60,0,35580
BANKNIFTY-III.NFO,10/02/2025,09:20:23,50930,50902,60,50921.4,30,0,35580
BANKNIFTY-III.NFO,10/02/2025,09:20:25,50930,50902.05,90,50922.15,30,0,35580
BANKNIFTY-III.NFO,10/02/2025,09:20:28,50930,50903.8,60,50928.05,30,0,35580
BANKNIFTY-III.NFO,10/02/2025,09:20:29,50930,50906.9,60,50930,150,0,35580
BANKNIFTY-III.NFO,10/02/2025,09:20:31,50930,50903.8,60,50926.3,30,0,35580
BANKNIFTY-III.NFO,10/02/2025,09:20:33,50930,50902,30,50916.4,180,0,35580
BANKNIFTY-III.NFO,10/02/2025,09:20:34,50930,50902,30,50906.65,30,0,35580
BANKNIFTY-III.NFO,10/02/2025,09:20:36,50930,50902,30,50915.2,60,0,35580
BANKNIFTY-III.NFO,10/02/2025,09:20:38,50930,50902,30,50917.5,60,0,35580
BANKNIFTY-III.NFO,10/02/2025,09:20:39,50930,50902.05,90,50925.1,30,0,35580
BANKNIFTY-III.NFO,10/02/2025,09:20:41,50930,50902.05,90,50923.75,60,0,35580
BANKNIFTY-III.NFO,10/02/2025,09:20:42,50930,50902.05,90,50923.75,30,0,35580
BANKNIFTY-III.NFO,10/02/2025,09:20:44,50930,50902.05,90,50921.7,30,0,35580
BANKNIFTY-III.NFO,10/02/2025,09:20:46,50930,50902.15,60,50925.85,30,0,35580
BANKNIFTY-III.NFO,10/02/2025,09:20:47,50930,50905,60,50930,150,0,35580
BANKNIFTY-III.NFO,10/02/2025,09:20:49,50930,50908.55,60,50930,150,0,35580
BANKNIFTY-III.NFO,10/02/2025,09:20:50,50930,50905.65,60,50930,150,0,35580
BANKNIFTY-III.NFO,10/02/2025,09:20:52,50930,50907.6,60,50928.7,60,0,35580
BANKNIFTY-III.NFO,10/02/2025,09:20:54,50930,50907.6,60,50927.9,30,0,35580
BANKNIFTY-III.NFO,10/02/2025,09:20:55,50930,50907.6,60,50930,150,0,35580
BANKNIFTY-III.NFO,10/02/2025,09:20:57,50930,50907.6,60,50929.5,30,0,35580
BANKNIFTY-III.NFO,10/02/2025,09:21:00,50930,50911.45,60,50930,120,0,35580
BANKNIFTY-III.NFO,10/02/2025,09:21:02,50930,50915,60,50930,120,0,35580
BANKNIFTY-III.NFO,10/02/2025,09:21:05,50930,50911.45,60,50930,150,0,35580
BANKNIFTY-III.NFO,10/02/2025,09:21:07,50930,50911.45,60,50930,120,0,35580
BANKNIFTY-III.NFO,10/02/2025,09:21:08,50930,50905.65,60,50928,60,0,35580
BANKNIFTY-III.NFO,10/02/2025,09:21:10,50930,50902.95,60,50924.35,30,0,35580
BANKNIFTY-III.NFO,10/02/2025,09:21:13,50930,50902,30,50916.85,60,0,35580
BANKNIFTY-III.NFO,10/02/2025,09:21:15,50930,50902,30,50913.75,30,0,35580
BANKNIFTY-III.NFO,10/02/2025,09:21:16,50930,50902,60,50919.5,30,0,35580
BANKNIFTY-III.NFO,10/02/2025,09:21:18,50930,50902,60,50918.65,30,0,35580
BANKNIFTY-III.NFO,10/02/2025,09:21:20,50930,50902.05,90,50920.6,30,0,35580
BANKNIFTY-III.NFO,10/02/2025,09:21:21,50930,50902,30,50916.9,30,0,35580
BANKNIFTY-III.NFO,10/02/2025,09:21:23,50930,50902.05,60,50917.35,30,0,35580
BANKNIFTY-III.NFO,10/02/2025,09:21:25,50930,50902.05,90,50923.85,30,0,35580
BANKNIFTY-III.NFO,10/02/2025,09:21:28,50930,50902.05,90,50926.5,30,0,35580
BANKNIFTY-III.NFO,10/02/2025,09:21:30,50930,50905.9,60,50930,180,0,35580
BANKNIFTY-III.NFO,10/02/2025,09:21:31,50930,50908.5,60,50930,180,0,35580
BANKNIFTY-III.NFO,10/02/2025,09:21:33,50930,50907.2,60,50928.75,60,0,35580
BANKNIFTY-III.NFO,10/02/2025,09:21:35,50930,50907.2,60,50928.75,30,0,35580
BANKNIFTY-III.NFO,10/02/2025,09:21:36,50930,50909.15,60,50930,180,0,35580
BANKNIFTY-III.NFO,10/02/2025,09:21:39,50930,50910.85,60,50930,180,0,35580
BANKNIFTY-III.NFO,10/02/2025,09:21:41,50930,50910.85,60,50930,150,0,35580
BANKNIFTY-III.NFO,10/02/2025,09:21:43,50930,50906.4,60,50927.95,60,0,35580
BANKNIFTY-III.NFO,10/02/2025,09:21:44,50930,50904.05,60,50930,210,0,35580
BANKNIFTY-III.NFO,10/02/2025,09:21:46,50930,50902.1,60,50925.95,60,0,35580
BANKNIFTY-III.NFO,10/02/2025,09:21:48,50930,50902.05,90,50923.05,30,0,35580
BANKNIFTY-III.NFO,10/02/2025,09:21:51,50930,50902,30,50919.55,60,0,35580
BANKNIFTY-III.NFO,10/02/2025,09:21:52,50923.55,50902.05,90,50924.95,60,30,35520
BANKNIFTY-III.NFO,10/02/2025,09:21:54,50923.55,50902.05,90,50924.3,30,0,35520
BANKNIFTY-III.NFO,10/02/2025,09:21:56,50923.55,50908.55,60,50930,210,0,35520
BANKNIFTY-III.NFO,10/02/2025,09:21:57,50923.55,50917.3,60,50930,180,0,35520
BANKNIFTY-III.NFO,10/02/2025,09:22:02,50923.55,50918.55,60,50930,180,0,35520
BANKNIFTY-III.NFO,10/02/2025,09:22:04,50923.55,50920.65,60,50930,180,0,35520
BANKNIFTY-III.NFO,10/02/2025,09:22:06,50923.55,50916.95,90,50930,180,0,35520
BANKNIFTY-III.NFO,10/02/2025,09:22:07,50923.55,50916.45,90,50930,180,0,35520
BANKNIFTY-III.NFO,10/02/2025,09:22:09,50923.55,50917.55,60,50930,180,0,35520
BANKNIFTY-III.NFO,10/02/2025,09:22:11,50923.55,50914,60,50930,210,0,35520
BANKNIFTY-III.NFO,10/02/2025,09:22:12,50923.55,50915.8,90,50930,210,0,35520
BANKNIFTY-III.NFO,10/02/2025,09:22:15,50923.55,50917.65,60,50930,210,0,35520
BANKNIFTY-III.NFO,10/02/2025,09:22:17,50923.55,50918.65,60,50930,210,0,35520
BANKNIFTY-III.NFO,10/02/2025,09:22:19,50923.55,50922.3,90,50930,210,0,35520
BANKNIFTY-III.NFO,10/02/2025,09:22:20,50923.55,50923.05,60,50930,210,0,35520
BANKNIFTY-III.NFO,10/02/2025,09:22:22,50930,50929.3,90,50954.35,30,210,35520
BANKNIFTY-III.NFO,10/02/2025,09:22:24,50930,50936.85,60,50959.95,30,0,35520
BANKNIFTY-III.NFO,10/02/2025,09:22:25,50930,50932.5,60,50957.55,180,0,35520
BANKNIFTY-III.NFO,10/02/2025,09:22:27,50955.9,50932.5,60,50956.55,30,30,35520
BANKNIFTY-III.NFO,10/02/2025,09:22:28,50934.15,50934.95,60,50959.9,30,30,35520
BANKNIFTY-III.NFO,10/02/2025,09:22:30,50934.15,50937.35,60,50960.35,30,0,35520
BANKNIFTY-III.NFO,10/02/2025,09:22:32,50934.15,50934.1,30,50957.75,30,0,35520
BANKNIFTY-III.NFO,10/02/2025,09:22:33,50934.15,50929.35,60,50952,30,0,35520
BANKNIFTY-III.NFO,10/02/2025,09:22:35,50934.15,50932.5,60,50955.25,30,0,35520
BANKNIFTY-III.NFO,10/02/2025,09:22:36,50934.15,50935.1,60,50956.75,30,0,35520
BANKNIFTY-III.NFO,10/02/2025,09:22:38,50934.15,50935.5,60,50957.5,30,0,35520
BANKNIFTY-III.NFO,10/02/2025,09:22:40,50934.15,50936.35,60,50959.4,30,0,35520
BANKNIFTY-III.NFO,10/02/2025,09:22:42,50934.15,50933.3,60,50956.25,30,0,35520
BANKNIFTY-III.NFO,10/02/2025,09:22:43,50934.15,50932.5,60,50954.1,30,0,35520
BANKNIFTY-III.NFO,10/02/2025,09:22:46,50934.15,50928.95,60,50950.55,30,0,35520
BANKNIFTY-III.NFO,10/02/2025,09:22:48,50934.15,50937.15,90,50959,30,0,35520
BANKNIFTY-III.NFO,10/02/2025,09:22:50,50934.15,50941.7,60,50963.55,30,0,35520
BANKNIFTY-III.NFO,10/02/2025,09:22:51,50934.15,50944.3,60,50966.3,30,0,35520
BANKNIFTY-III.NFO,10/02/2025,09:22:53,50934.15,50939.3,60,50961.7,30,0,35520
BANKNIFTY-III.NFO,10/02/2025,09:22:55,50934.15,50941.95,180,50964.85,30,0,35520
BANKNIFTY-III.NFO,10/02/2025,09:22:56,50934.15,50940.4,60,50962.45,30,0,35520
BANKNIFTY-III.NFO,10/02/2025,09:22:58,50934.15,50943.3,60,50965.55,30,0,35520
BANKNIFTY-III.NFO,10/02/2025,09:23:00,50934.15,50948.75,60,50971.1,30,0,35520
BANKNIFTY-III.NFO,10/02/2025,09:23:01,50934.15,50948.4,60,50969.25,60,0,35520
BANKNIFTY-III.NFO,10/02/2025,09:23:03,50934.15,50944.25,60,50967.9,30,0,35520
BANKNIFTY-III.NFO,10/02/2025,09:23:04,50934.15,50940.4,60,50962.7,30,0,35520
BANKNIFTY-III.NFO,10/02/2025,09:23:06,50934.15,50935.05,90,50958.75,30,0,35520
BANKNIFTY-III.NFO,10/02/2025,09:23:08,50934.15,50935.7,60,50958,30,0,35520
BANKNIFTY-III.NFO,10/02/2025,09:23:09,50934.15,50937.3,60,50959.95,30,0,35520
BANKNIFTY-III.NFO,10/02/2025,09:23:11,50934.15,50941.2,90,50964,30,0,35520
BANKNIFTY-III.NFO,10/02/2025,09:23:13,50934.15,50941.45,60,50964,30,0,35520
BANKNIFTY-III.NFO,10/02/2025,09:23:14,50934.15,50961.15,30,50974.15,60,0,35520
BANKNIFTY-III.NFO,10/02/2025,09:23:16,50934.15,50961.15,30,50969.85,30,0,35520
BANKNIFTY-III.NFO,10/02/2025,09:23:18,50934.15,50961.15,30,50973,60,0,35520
BANKNIFTY-III.NFO,10/02/2025,09:23:19,50934.15,50961.15,30,50970.25,60,0,35520
BANKNIFTY-III.NFO,10/02/2025,09:23:21,50934.15,50961.15,30,50970.2,30,0,35520
BANKNIFTY-III.NFO,10/02/2025,09:23:23,50934.15,50961.15,30,50971.45,30,0,35520
BANKNIFTY-III.NFO,10/02/2025,09:23:24,50934.15,50961.15,30,50971.65,30,0,35520
BANKNIFTY-III.NFO,10/02/2025,09:23:26,50934.15,50961.15,30,50972.3,60,0,35520
BANKNIFTY-III.NFO,10/02/2025,09:23:28,50934.15,50961.15,30,50971.55,60,0,35520
BANKNIFTY-III.NFO,10/02/2025,09:23:29,50934.15,50961.15,30,50972.75,60,0,35520
BANKNIFTY-III.NFO,10/02/2025,09:23:31,50934.15,50961.15,30,50971.65,30,0,35520
BANKNIFTY-III.NFO,10/02/2025,09:23:32,50934.15,50961.15,30,50971.9,30,0,35520
BANKNIFTY-III.NFO,10/02/2025,09:23:34,50934.15,50961.15,30,50968.25,30,0,35520
BANKNIFTY-III.NFO,10/02/2025,09:23:36,50934.15,50946.8,60,50968.2,60,0,35520
BANKNIFTY-III.NFO,10/02/2025,09:23:37,50934.15,50946.8,60,50967.5,30,0,35520
BANKNIFTY-III.NFO,10/02/2025,09:23:39,50934.15,50948.55,90,50970.85,60,0,35520
BANKNIFTY-III.NFO,10/02/2025,09:23:40,50934.15,50948.6,60,50970.3,30,0,35520
BANKNIFTY-III.NFO,10/02/2025,09:23:43,50934.15,50948.6,60,50971.35,30,0,35520
BANKNIFTY-III.NFO,10/02/2025,09:23:45,50934.15,50950.8,60,50974.15,30,0,35520
BANKNIFTY-III.NFO,10/02/2025,09:23:46,50934.15,50950.15,60,50971.55,30,0,35520
BANKNIFTY-III.NFO,10/02/2025,09:23:48,50934.15,50955.25,60,50978.7,30,0,35520
BANKNIFTY-III.NFO,10/02/2025,09:23:50,50934.15,50962.5,60,50984.05,30,0,35520
BANKNIFTY-III.NFO,10/02/2025,09:23:51,50934.15,50963.05,60,50985.3,60,0,35520
BANKNIFTY-III.NFO,10/02/2025,09:23:53,50934.15,50963.45,60,50985.45,60,0,35520
BANKNIFTY-III.NFO,10/02/2025,09:23:55,50934.15,50963.45,60,50984.5,30,0,35520
BANKNIFTY-III.NFO,10/02/2025,09:23:56,50934.15,50968.6,90,50989,30,0,35520
BANKNIFTY-III.NFO,10/02/2025,09:23:58,50934.15,50974.1,90,50989,30,0,35520
BANKNIFTY-III.NFO,10/02/2025,09:24:00,50934.15,50970.15,30,50988.95,30,0,35520
BANKNIFTY-III.NFO,10/02/2025,09:24:01,50934.15,50970.9,90,50989,30,0,35520
BANKNIFTY-III.NFO,10/02/2025,09:24:03,50934.15,50970.05,60,50988.95,60,0,35520
BANKNIFTY-III.NFO,10/02/2025,09:24:05,50934.15,50970.05,60,50987.8,30,0,35520
BANKNIFTY-III.NFO,10/02/2025,09:24:06,50934.15,50970.05,60,50986.45,30,0,35520
BANKNIFTY-III.NFO,10/02/2025,09:24:08,50934.15,50970,30,50988.9,30,0,35520
BANKNIFTY-III.NFO,10/02/2025,09:24:10,50934.15,50970.05,90,50988.9,30,0,35520
BANKNIFTY-III.NFO,10/02/2025,09:24:11,50934.15,50970.65,90,50988.95,60,0,35520
BANKNIFTY-III.NFO,10/02/2025,09:24:13,50934.15,50970.65,90,50989,60,0,35520
BANKNIFTY-III.NFO,10/02/2025,09:24:14,50934.15,50971.7,90,50989,30,0,35520
BANKNIFTY-III.NFO,10/02/2025,09:24:16,50934.15,50971.5,90,50989,30,0,35520
BANKNIFTY-III.NFO,10/02/2025,09:24:18,50934.15,50973.1,90,50989,30,0,35520
BANKNIFTY-III.NFO,10/02/2025,09:24:19,50934.15,50972.05,90,50989,30,0,35520
BANKNIFTY-III.NFO,10/02/2025,09:24:21,50934.15,50980.05,60,50989,30,0,35520
BANKNIFTY-III.NFO,10/02/2025,09:24:22,50989,50989.4,60,51000,30,30,35520
BANKNIFTY-III.NFO,10/02/2025,09:24:24,50989,50982.3,90,50999.95,60,0,35520
BANKNIFTY-III.NFO,10/02/2025,09:24:26,50989,50980.15,90,50999.95,30,0,35520
BANKNIFTY-III.NFO,10/02/2025,09:24:27,51000,50985.7,90,51006,30,60,35520
BANKNIFTY-III.NFO,10/02/2025,09:24:29,51000,50990.15,90,51015.8,30,0,35520
BANKNIFTY-III.NFO,10/02/2025,09:24:31,51000,50992.35,60,51014.85,30,0,35520
BANKNIFTY-III.NFO,10/02/2025,09:24:32,51000,50994.45,60,51015.8,30,0,35520
BANKNIFTY-III.NFO,10/02/2025,09:24:34,51000,50994.3,60,51015.8,30,0,35520
BANKNIFTY-III.NFO,10/02/2025,09:24:35,51000,51001.25,60,51022.6,30,0,35520
BANKNIFTY-III.NFO,10/02/2025,09:24:37,51000,51001.6,90,51023,30,0,35520
BANKNIFTY-III.NFO,10/02/2025,09:24:39,51000,51001.65,60,51023.4,30,0,35520
BANKNIFTY-III.NFO,10/02/2025,09:24:40,51000,50991.7,60,51016.4,30,0,35520
BANKNIFTY-III.NFO,10/02/2025,09:24:42,51000,50991.7,60,51013.15,30,0,35520
BANKNIFTY-III.NFO,10/02/2025,09:24:44,51000,51000,30,51006.5,60,0,35520
BANKNIFTY-III.NFO,10/02/2025,09:24:45,51000,50980.05,90,51002.05,30,30,35490
BANKNIFTY-III.NFO,10/02/2025,09:24:47,51000,50980.1,60,51003.4,30,0,35490
BANKNIFTY-III.NFO,10/02/2025,09:24:49,51000,50980.05,60,51001.85,30,0,35490
BANKNIFTY-III.NFO,10/02/2025,09:24:50,51000,51000,30,51001.95,60,0,35490
BANKNIFTY-III.NFO,10/02/2025,09:24:52,51000,51000,30,51000.05,60,0,35490
BANKNIFTY-III.NFO,10/02/2025,09:24:54,51000,50980.05,90,51002.25,30,30,35490
BANKNIFTY-III.NFO,10/02/2025,09:24:55,51000,50980.45,90,51003.25,30,0,35490
BANKNIFTY-III.NFO,10/02/2025,09:24:57,51000,50980,30,50998.2,90,0,35490
BANKNIFTY-III.NFO,10/02/2025,09:24:59,50980.05,50980.05,90,51002.65,30,30,35490
BANKNIFTY-III.NFO,10/02/2025,09:25:00,50980.05,50980,30,50998.15,30,0,35490
BANKNIFTY-III.NFO,10/02/2025,09:25:02,50980.05,50980.05,90,50998.15,30,0,35490
BANKNIFTY-III.NFO,10/02/2025,09:25:04,50980.05,50980,30,50995.2,60,0,35490
BANKNIFTY-III.NFO,10/02/2025,09:25:05,50980.05,50980.05,60,50997.15,30,0,35490
BANKNIFTY-III.NFO,10/02/2025,09:25:07,50980.05,50980.05,60,50997.5,60,0,35490
BANKNIFTY-III.NFO,10/02/2025,09:25:08,50980.05,50980.05,60,50997.45,30,0,35490
BANKNIFTY-III.NFO,10/02/2025,09:25:10,50980.05,50980,30,50987.9,60,0,35490
BANKNIFTY-III.NFO,10/02/2025,09:25:12,50980.05,50980,30,50989.8,60,0,35490
BANKNIFTY-III.NFO,10/02/2025,09:25:13,50980.05,50980,30,50991.25,60,0,35490
BANKNIFTY-III.NFO,10/02/2025,09:25:15,50980.05,50980,30,50985.45,60,0,35490
BANKNIFTY-III.NFO,10/02/2025,09:25:17,50980.05,50980,30,50984.65,60,0,35490
BANKNIFTY-III.NFO,10/02/2025,09:25:18,50980.05,50980,30,50986.75,60,0,35490
BANKNIFTY-III.NFO,10/02/2025,09:25:20,50980.05,50980,30,50990.25,30,0,35490
BANKNIFTY-III.NFO,10/02/2025,09:25:22,50980.05,50980,60,50988.6,30,0,35490
BANKNIFTY-III.NFO,10/02/2025,09:25:23,50980.05,50980,60,50989.35,60,0,35490
BANKNIFTY-III.NFO,10/02/2025,09:25:25,50980.05,50980,60,50983.65,30,0,35490
BANKNIFTY-III.NFO,10/02/2025,09:25:27,50980.05,50980,60,50981.75,30,0,35490
BANKNIFTY-III.NFO,10/02/2025,09:25:28,50980,50958.1,60,50980.2,30,60,35490
BANKNIFTY-III.NFO,10/02/2025,09:25:30,50980,50980.05,30,50989,30,0,35490
BANKNIFTY-III.NFO,10/02/2025,09:25:32,50980,50980.1,90,50998.9,30,0,35490
BANKNIFTY-III.NFO,10/02/2025,09:25:33,50980,50980.1,90,51000.45,30,0,35490
BANKNIFTY-III.NFO,10/02/2025,09:25:35,50980,50980.05,30,50998.75,30,0,35490
BANKNIFTY-III.NFO,10/02/2025,09:25:37,50980,50980.1,60,50997.3,30,0,35490
BANKNIFTY-III.NFO,10/02/2025,09:25:38,50994,50973.3,60,50994,30,30,35490
BANKNIFTY-III.NFO,10/02/2025,09:25:40,50994,50972.15,60,50992.9,30,0,35490
BANKNIFTY-III.NFO,10/02/2025,09:25:42,50994,50970.1,60,50991.95,180,0,35490
BANKNIFTY-III.NFO,10/02/2025,09:25:43,50994,50964.6,60,50987.05,30,0,35490
BANKNIFTY-III.NFO,10/02/2025,09:25:45,50994,50959.8,60,50983.2,30,0,35490
BANKNIFTY-III.NFO,10/02/2025,09:25:47,50994,50959.1,60,50980.8,180,0,35490
BANKNIFTY-III.NFO,10/02/2025,09:25:48,50994,50956.85,60,50983.2,30,0,35490
BANKNIFTY-III.NFO,10/02/2025,09:25:50,50994,50961.6,60,50986.05,150,0,35490
BANKNIFTY-III.NFO,10/02/2025,09:25:52,50994,50956.85,60,50979.45,30,0,35490
BANKNIFTY-III.NFO,10/02/2025,09:25:55,50994,50948.85,60,50971.35,30,0,35490
BANKNIFTY-III.NFO,10/02/2025,09:25:57,50994,50944.2,60,50968.55,180,0,35490
BANKNIFTY-III.NFO,10/02/2025,09:25:58,50994,50941.85,60,50964.1,30,0,35490
BANKNIFTY-III.NFO,10/02/2025,09:26:00,50994,50941.85,60,50963.8,150,0,35490
BANKNIFTY-III.NFO,10/02/2025,09:26:01,50994,50941.05,60,50962,30,0,35490
BANKNIFTY-III.NFO,10/02/2025,09:26:03,50994,50945.35,120,50967.7,30,0,35490
BANKNIFTY-III.NFO,10/02/2025,09:26:05,50994,50952.65,90,50974.9,30,0,35490
BANKNIFTY-III.NFO,10/02/2025,09:26:06,50994,50956.25,60,50979.05,30,0,35490
BANKNIFTY-III.NFO,10/02/2025,09:26:08,50994,50958.15,60,50980.75,30,0,35490
BANKNIFTY-III.NFO,10/02/2025,09:26:10,50994,50964.4,60,50985.65,30,0,35490
BANKNIFTY-III.NFO,10/02/2025,09:26:11,50994,50965.2,60,50987.05,30,0,35490
BANKNIFTY-III.NFO,10/02/2025,09:26:13,50994,50962.05,60,50983.1,180,0,35490
BANKNIFTY-III.NFO,10/02/2025,09:26:15,50994,50959.75,60,50982.45,30,0,35490
BANKNIFTY-III.NFO,10/02/2025,09:26:16,50994,50963.9,60,50989.05,30,0,35490
BANKNIFTY-III.NFO,10/02/2025,09:26:18,50994,50968.95,60,50990.15,30,0,35490
BANKNIFTY-III.NFO,10/02/2025,09:26:20,50994,50958.8,60,50979.75,180,0,35490
BANKNIFTY-III.NFO,10/02/2025,09:26:21,50994,50958.15,120,50981.05,30,0,35490
BANKNIFTY-III.NFO,10/02/2025,09:26:23,50994,50955.5,60,50977.25,150,0,35490
BANKNIFTY-III.NFO,10/02/2025,09:26:25,50994,50954.1,60,50975.55,30,0,35490
BANKNIFTY-III.NFO,10/02/2025,09:26:26,50994,50951.55,60,50973.8,180,0,35490
BANKNIFTY-III.NFO,10/02/2025,09:26:28,50994,50946.6,60,50969.4,30,0,35490
BANKNIFTY-III.NFO,10/02/2025,09:26:30,50994,50952.45,60,50974.85,180,0,35490
BANKNIFTY-III.NFO,10/02/2025,09:26:31,50994,50952.45,60,50973.85,150,0,35490
BANKNIFTY-III.NFO,10/02/2025,09:26:33,50994,50948.55,60,50971.8,30,0,35490
BANKNIFTY-III.NFO,10/02/2025,09:26:35,50994,50950.8,60,50973.45,30,0,35490
BANKNIFTY-III.NFO,10/02/2025,09:26:36,50994,50951.25,120,50973.35,30,0,35490
BANKNIFTY-III.NFO,10/02/2025,09:26:38,50994,50949.2,60,50972.2,150,0,35490
BANKNIFTY-III.NFO,10/02/2025,09:26:39,50994,50948.55,60,50970.4,30,0,35490
BANKNIFTY-III.NFO,10/02/2025,09:26:41,50994,50943.6,60,50965.6,180,0,35490
BANKNIFTY-III.NFO,10/02/2025,09:26:43,50994,50939.15,60,50960.05,30,0,35490
BANKNIFTY-III.NFO,10/02/2025,09:26:44,50994,50934.1,60,50956.1,30,0,35490
BANKNIFTY-III.NFO,10/02/2025,09:26:46,50994,50938.8,90,50960.05,30,0,35490
BANKNIFTY-III.NFO,10/02/2025,09:26:48,50994,50940.5,60,50962.8,30,0,35490
BANKNIFTY-III.NFO,10/02/2025,09:26:49,50994,50942.4,60,50964.95,180,0,35490
BANKNIFTY-III.NFO,10/02/2025,09:26:51,50994,50943.45,60,50966.4,30,0,35490
BANKNIFTY-III.NFO,10/02/2025,09:26:53,50994,50945.65,60,50972.4,30,0,35490
BANKNIFTY-III.NFO,10/02/2025,09:26:54,50994,50943.45,60,50966.55,180,0,35490
BANKNIFTY-III.NFO,10/02/2025,09:26:56,50994,50951.6,60,50973.35,30,0,35490
BANKNIFTY-III.NFO,10/02/2025,09:26:57,50994,50953.2,60,50974.85,30,0,35490
BANKNIFTY-III.NFO,10/02/2025,09:26:59,50994,50957.15,90,50978.5,150,0,35490
BANKNIFTY-III.NFO,10/02/2025,09:27:01,50994,50947.15,90,50969.9,180,0,35490
BANKNIFTY-III.NFO,10/02/2025,09:27:02,50994,50948.3,60,50970.6,30,0,35490
BANKNIFTY-III.NFO,10/02/2025,09:27:04,50994,50943.45,60,50963.85,30,0,35490
BANKNIFTY-III.NFO,10/02/2025,09:27:06,50994,50940.75,60,50962.75,30,0,35490
BANKNIFTY-III.NFO,10/02/2025,09:27:07,50994,50941.45,60,50963,30,0,35490
BANKNIFTY-III.NFO,10/02/2025,09:27:09,50994,50942.55,60,50965.1,150,0,35490
BANKNIFTY-III.NFO,10/02/2025,09:27:10,50994,50935.7,60,50960.95,180,0,35490
BANKNIFTY-III.NFO,10/02/2025,09:27:12,50994,50934.05,90,50955.75,180,0,35490
BANKNIFTY-III.NFO,10/02/2025,09:27:14,50994,50934.8,60,50958.25,180,0,35490
BANKNIFTY-III.NFO,10/02/2025,09:27:15,50994,50934.1,60,50959.2,180,0,35490
BANKNIFTY-III.NFO,10/02/2025,09:27:17,50994,50934.05,60,50953.2,30,0,35490
BANKNIFTY-III.NFO,10/02/2025,09:27:19,50994,50938.8,90,50959.75,30,0,35490
BANKNIFTY-III.NFO,10/02/2025,09:27:20,50994,50942.9,60,50965.4,30,0,35490
BANKNIFTY-III.NFO,10/02/2025,09:27:22,50994,50943.55,60,50965.65,30,0,35490
BANKNIFTY-III.NFO,10/02/2025,09:27:24,50994,50947.05,60,50968.15,60,0,35490
BANKNIFTY-III.NFO,10/02/2025,09:27:25,50994,50947.05,120,50968.15,60,0,35490
BANKNIFTY-III.NFO,10/02/2025,09:27:27,50994,50954.2,90,50975.2,30,0,35490
BANKNIFTY-III.NFO,10/02/2025,09:27:29,50994,50954.95,60,50978.1,30,0,35490
BANKNIFTY-III.NFO,10/02/2025,09:27:30,50994,50955.6,60,50978.3,90,0,35490
BANKNIFTY-III.NFO,10/02/2025,09:27:32,50994,50947.75,60,50968.8,60,0,35490
BANKNIFTY-III.NFO,10/02/2025,09:27:34,50994,50949.4,90,50971.25,30,0,35490
BANKNIFTY-III.NFO,10/02/2025,09:27:35,50994,50957.75,60,50979.95,180,0,35490
BANKNIFTY-III.NFO,10/02/2025,09:27:37,50994,50957.75,60,50979.3,30,0,35490
BANKNIFTY-III.NFO,10/02/2025,09:27:40,50994,50960.1,90,50981.5,90,0,35490
BANKNIFTY-III.NFO,10/02/2025,09:27:42,50994,50959.1,60,50980.8,30,0,35490
BANKNIFTY-III.NFO,10/02/2025,09:27:44,50994,50959,60,50981.25,150,0,35490
BANKNIFTY-III.NFO,10/02/2025,09:27:45,50994,50951.9,60,50974.8,180,0,35490
BANKNIFTY-III.NFO,10/02/2025,09:27:47,50994,50955.55,60,50979.8,180,0,35490
BANKNIFTY-III.NFO,10/02/2025,09:27:49,50994,50960.2,60,50982.5,180,0,35490
BANKNIFTY-III.NFO,10/02/2025,09:27:50,50994,50950.9,60,50972.55,180,0,35490
BANKNIFTY-III.NFO,10/02/2025,09:27:52,50994,50949.4,60,50972.55,30,0,35490
BANKNIFTY-III.NFO,10/02/2025,09:27:54,50973.6,50952.4,60,50975.35,180,30,35610
BANKNIFTY-III.NFO,10/02/2025,09:27:55,50973.6,50949.4,60,50976.2,90,0,35610
BANKNIFTY-III.NFO,10/02/2025,09:27:57,50973.6,50942.9,60,50966.45,30,0,35610
BANKNIFTY-III.NFO,10/02/2025,09:27:59,50973.6,50946.9,60,50969.4,180,0,35610
BANKNIFTY-III.NFO,10/02/2025,09:28:00,50973.6,50946.1,60,50968.3,30,0,35610
BANKNIFTY-III.NFO,10/02/2025,09:28:02,50973.6,50946.95,60,50970.8,30,0,35610
BANKNIFTY-III.NFO,10/02/2025,09:28:03,50973.6,50943.9,60,50965.05,30,0,35610
BANKNIFTY-III.NFO,10/02/2025,09:28:05,50973.6,50943.65,60,50966.55,150,0,35610
BANKNIFTY-III.NFO,10/02/2025,09:28:07,50973.6,50940,60,50962.7,60,0,35610
BANKNIFTY-III.NFO,10/02/2025,09:28:08,50973.6,50941.9,60,50964.9,30,0,35610
BANKNIFTY-III.NFO,10/02/2025,09:28:10,50973.6,50939.65,90,50962,30,0,35610
BANKNIFTY-III.NFO,10/02/2025,09:28:12,50973.6,50935.05,60,50954,60,0,35610
BANKNIFTY-III.NFO,10/02/2025,09:28:13,50973.6,50935.05,90,50955.75,60,0,35610
BANKNIFTY-III.NFO,10/02/2025,09:28:15,50973.6,50935.05,90,50955.75,30,0,35610
BANKNIFTY-III.NFO,10/02/2025,09:28:17,50973.6,50935.05,90,50955.05,30,0,35610
BANKNIFTY-III.NFO,10/02/2025,09:28:18,50973.6,50935.05,90,50955.8,30,0,35610
BANKNIFTY-III.NFO,10/02/2025,09:28:20,50973.6,50935.05,90,50954.65,30,0,35610
BANKNIFTY-III.NFO,10/02/2025,09:28:22,50973.6,50935,30,50951.8,60,0,35610
BANKNIFTY-III.NFO,10/02/2025,09:28:23,50973.6,50935,30,50950.65,60,0,35610
BANKNIFTY-III.NFO,10/02/2025,09:28:25,50973.6,50935,30,50946.95,60,0,35610
BANKNIFTY-III.NFO,10/02/2025,09:28:27,50973.6,50935.05,60,50952.65,60,0,35610
BANKNIFTY-III.NFO,10/02/2025,09:28:28,50973.6,50935.05,90,50955.05,30,0,35610
BANKNIFTY-III.NFO,10/02/2025,09:28:30,50973.6,50936.9,90,50950,30,0,35610
BANKNIFTY-III.NFO,10/02/2025,09:28:32,50973.6,50942,90,50950,30,0,35610
BANKNIFTY-III.NFO,10/02/2025,09:28:33,50950,50946.45,60,50969.9,60,30,35610
BANKNIFTY-III.NFO,10/02/2025,09:28:35,50950,50943.5,60,50965.35,180,0,35610
BANKNIFTY-III.NFO,10/02/2025,09:28:36,50950,50940.85,60,50961.85,60,0,35610
BANKNIFTY-III.NFO,10/02/2025,09:28:38,50950,50940.05,90,50961.45,30,0,35610
BANKNIFTY-III.NFO,10/02/2025,09:28:40,50950,50940.05,90,50960.7,30,0,35610
BANKNIFTY-III.NFO,10/02/2025,09:28:41,50950,50940.05,90,50959.55,60,0,35610
BANKNIFTY-III.NFO,10/02/2025,09:28:43,50950,50940.05,90,50959.55,30,0,35610
BANKNIFTY-III.NFO,10/02/2025,09:28:45,50950,50940.45,90,50963.5,30,0,35610
BANKNIFTY-III.NFO,10/02/2025,09:28:46,50950,50940.95,60,50963.5,30,0,35610
BANKNIFTY-III.NFO,10/02/2025,09:28:48,50950,50945.8,60,50967.5,30,0,35610
BANKNIFTY-III.NFO,10/02/2025,09:28:50,50950,50946.3,60,50968.6,30,0,35610
BANKNIFTY-III.NFO,10/02/2025,09:28:51,50950,50944.05,60,50966.7,60,0,35610
BANKNIFTY-III.NFO,10/02/2025,09:28:53,50950,50945.15,60,50967.35,30,0,35610
BANKNIFTY-III.NFO,10/02/2025,09:28:55,50950,50947.45,60,50969.4,30,0,35610
BANKNIFTY-III.NFO,10/02/2025,09:28:56,50950,50950.05,60,50976.95,30,0,35610
BANKNIFTY-III.NFO,10/02/2025,09:28:58,50950,50955.75,60,50977.55,30,0,35610
BANKNIFTY-III.NFO,10/02/2025,09:29:00,50950,50961.75,90,50984.2,60,0,35610
BANKNIFTY-III.NFO,10/02/2025,09:29:01,50950,50958.2,60,50979.35,60,0,35610
BANKNIFTY-III.NFO,10/02/2025,09:29:03,50950,50962.25,60,50985.35,30,0,35610
BANKNIFTY-III.NFO,10/02/2025,09:29:05,50950,50964.5,60,50986.8,30,0,35610
BANKNIFTY-III.NFO,10/02/2025,09:29:06,50950,50968.85,60,50991.8,30,0,35610
BANKNIFTY-III.NFO,10/02/2025,09:29:08,50987.55,50962.55,60,50984.55,30,30,35610
BANKNIFTY-III.NFO,10/02/2025,09:29:10,50987.55,50973.25,60,50994,60,0,35610
BANKNIFTY-III.NFO,10/02/2025,09:29:11,50987.55,50975.7,60,50994,30,0,35610
BANKNIFTY-III.NFO,10/02/2025,09:29:13,50987.55,50976.9,60,50994,30,0,35610
BANKNIFTY-III.NFO,10/02/2025,09:29:14,50987.55,50979.35,90,50994,30,0,35610
BANKNIFTY-III.NFO,10/02/2025,09:29:16,50987.55,50977.2,90,50994,30,0,35610
BANKNIFTY-III.NFO,10/02/2025,09:29:18,50987.55,50981.05,90,50994,30,0,35610
BANKNIFTY-III.NFO,10/02/2025,09:29:19,50987.55,50978.1,90,50994,30,0,35610
BANKNIFTY-III.NFO,10/02/2025,09:29:21,50987.55,50978.55,90,50994,30,0,35610
BANKNIFTY-III.NFO,10/02/2025,09:29:23,50987.55,50978.95,60,50994,30,0,35610
BANKNIFTY-III.NFO,10/02/2025,09:29:24,50987.55,50981.3,60,50994,30,0,35610
BANKNIFTY-III.NFO,10/02/2025,09:29:26,50987.55,50983.5,60,50994,30,0,35610
BANKNIFTY-III.NFO,10/02/2025,09:29:28,50987.55,50984.95,60,50994,30,0,35610
BANKNIFTY-III.NFO,10/02/2025,09:29:29,50987.55,50983.75,60,50994,30,0,35610
BANKNIFTY-III.NFO,10/02/2025,09:29:31,50987.55,50985.5,60,50994,30,0,35610
BANKNIFTY-III.NFO,10/02/2025,09:29:33,50987.55,50991.4,150,50994,30,0,35610
BANKNIFTY-III.NFO,10/02/2025,09:29:34,50987.55,50989.3,60,50994,30,0,35610
BANKNIFTY-III.NFO,10/02/2025,09:29:36,50987.55,50985.45,60,50994,30,0,35610
BANKNIFTY-III.NFO,10/02/2025,09:29:38,50987.55,50980.3,90,50994,30,0,35610
BANKNIFTY-III.NFO,10/02/2025,09:29:39,50987.55,50977.1,60,50994,30,0,35610
BANKNIFTY-III.NFO,10/02/2025,09:29:41,50987.55,50978.7,60,50994,30,0,35610
BANKNIFTY-III.NFO,10/02/2025,09:29:43,50987.55,50977.2,60,50994,60,0,35610
BANKNIFTY-III.NFO,10/02/2025,09:29:44,50987.55,50975.7,90,50994,60,0,35610
BANKNIFTY-III.NFO,10/02/2025,09:29:46,50987.55,50975.75,90,50994,60,0,35610
BANKNIFTY-III.NFO,10/02/2025,09:29:48,50987.55,50972.55,90,50994,60,0,35610
BANKNIFTY-III.NFO,10/02/2025,09:29:49,50987.55,50975.35,60,50994,60,0,35610
BANKNIFTY-III.NFO,10/02/2025,09:29:51,50987.55,50976.1,90,50994,60,0,35610
BANKNIFTY-III.NFO,10/02/2025,09:29:53,50987.55,50974.2,90,50994,60,0,35610
BANKNIFTY-III.NFO,10/02/2025,09:29:54,50987.55,50976.8,90,50994,60,0,35610
BANKNIFTY-III.NFO,10/02/2025,09:29:56,50987.55,50973.85,90,50994,60,0,35610
BANKNIFTY-III.NFO,10/02/2025,09:29:57,50987.55,50975.5,90,50994,30,0,35610
BANKNIFTY-III.NFO,10/02/2025,09:29:59,50987.55,50982.35,60,50994,30,0,35610
BANKNIFTY-III.NFO,10/02/2025,09:30:01,50987.55,50983.75,60,50994,30,0,35610
BANKNIFTY-III.NFO,10/02/2025,09:30:02,50987.55,50982.85,60,50994,30,0,35610
BANKNIFTY-III.NFO,10/02/2025,09:30:04,50987.55,50978.4,60,50994,30,0,35610
BANKNIFTY-III.NFO,10/02/2025,09:30:05,50987.55,50986.35,60,50994,30,0,35610
BANKNIFTY-III.NFO,10/02/2025,09:30:07,50987.55,50987.55,60,50994,30,0,35610
BANKNIFTY-III.NFO,10/02/2025,09:30:09,50987.55,50990.35,60,50994,30,0,35610
BANKNIFTY-III.NFO,10/02/2025,09:30:10,50987.55,50979.75,60,50994,30,0,35610
BANKNIFTY-III.NFO,10/02/2025,09:30:12,50987.55,50979.65,60,50994,30,0,35610
BANKNIFTY-III.NFO,10/02/2025,09:30:14,50987.55,50984.25,90,50994,30,0,35610
BANKNIFTY-III.NFO,10/02/2025,09:30:15,50994,50994.45,90,51000,30,30,35610
BANKNIFTY-III.NFO,10/02/2025,09:30:17,50994,50995.1,60,51000,30,0,35610
BANKNIFTY-III.NFO,10/02/2025,09:30:18,50994,50997.15,60,51000,30,0,35610
BANKNIFTY-III.NFO,10/02/2025,09:30:20,50994,50989.8,60,51000,30,0,35610
BANKNIFTY-III.NFO,10/02/2025,09:30:22,50994,50982.65,60,51000,60,0,35610
BANKNIFTY-III.NFO,10/02/2025,09:30:23,50994,50991.55,60,51000,30,0,35610
BANKNIFTY-III.NFO,10/02/2025,09:30:25,50994,50982.55,90,51000,60,0,35610
BANKNIFTY-III.NFO,10/02/2025,09:30:27,50994,50982.55,90,51000,30,0,35610
BANKNIFTY-III.NFO,10/02/2025,09:30:28,50994,50985,90,51000,30,0,35610
BANKNIFTY-III.NFO,10/02/2025,09:30:30,50994,50982.9,90,51000,60,0,35610
BANKNIFTY-III.NFO,10/02/2025,09:30:32,50994,50980.55,90,51000,60,0,35610
BANKNIFTY-III.NFO,10/02/2025,09:30:33,50994,50981.75,90,51000,60,0,35610
BANKNIFTY-III.NFO,10/02/2025,09:30:35,50994,50979.1,90,51000,60,0,35610
BANKNIFTY-III.NFO,10/02/2025,09:30:36,50994,50980.35,90,51000,60,0,35610
BANKNIFTY-III.NFO,10/02/2025,09:30:38,50994,50979.7,90,51000,60,0,35610
BANKNIFTY-III.NFO,10/02/2025,09:30:40,50994,50978.2,60,51000,60,0,35610
BANKNIFTY-III.NFO,10/02/2025,09:30:41,50994,50972.3,60,50995.15,60,0,35610
BANKNIFTY-III.NFO,10/02/2025,09:30:43,50994,50972.45,60,50994.5,30,0,35610
BANKNIFTY-III.NFO,10/02/2025,09:30:45,50994,50972.9,90,50994,60,0,35610
BANKNIFTY-III.NFO,10/02/2025,09:30:46,50994,50975.5,90,50994,60,0,35610
BANKNIFTY-III.NFO,10/02/2025,09:30:48,50994,50971.75,90,50994,60,0,35610
BANKNIFTY-III.NFO,10/02/2025,09:30:49,50994,50969.65,90,50991.45,30,0,35610
BANKNIFTY-III.NFO,10/02/2025,09:30:51,50994,50965.15,60,50988.95,60,0,35610
BANKNIFTY-III.NFO,10/02/2025,09:30:53,50994,50963.8,90,50986.35,30,0,35610
BANKNIFTY-III.NFO,10/02/2025,09:30:54,50994,50964.55,90,50986.35,30,0,35610
BANKNIFTY-III.NFO,10/02/2025,09:30:56,50994,50959.75,60,50982.75,60,0,35610
BANKNIFTY-III.NFO,10/02/2025,09:30:57,50994,50957.1,90,50980.2,30,0,35610
BANKNIFTY-III.NFO,10/02/2025,09:30:59,50994,50953.55,90,50977.8,90,0,35610
BANKNIFTY-III.NFO,10/02/2025,09:31:01,50994,50950.05,90,50971.75,30,0,35610
BANKNIFTY-III.NFO,10/02/2025,09:31:02,50994,50950.55,90,50971.75,30,0,35610
BANKNIFTY-III.NFO,10/02/2025,09:31:04,50994,50950,30,50967.5,60,0,35610
BANKNIFTY-III.NFO,10/02/2025,09:31:06,50994,50950.05,90,50970.95,30,0,35610
BANKNIFTY-III.NFO,10/02/2025,09:31:07,50994,50950.1,60,50974.55,30,0,35610
BANKNIFTY-III.NFO,10/02/2025,09:31:09,50994,50950,30,50969,60,0,35610
BANKNIFTY-III.NFO,10/02/2025,09:31:10,50994,50950.05,60,50969.1,30,0,35610
BANKNIFTY-III.NFO,10/02/2025,09:31:12,50994,50950.05,90,50970.65,30,0,35610
BANKNIFTY-III.NFO,10/02/2025,09:31:14,50994,50950.05,90,50970.1,30,0,35610
BANKNIFTY-III.NFO,10/02/2025,09:31:15,50994,50950,30,50966.95,60,0,35610
BANKNIFTY-III.NFO,10/02/2025,09:31:17,50994,50950,30,50963.55,30,0,35610
BANKNIFTY-III.NFO,10/02/2025,09:31:19,50994,50950,30,50959.05,30,0,35610
BANKNIFTY-III.NFO,10/02/2025,09:31:20,50994,50950,30,50954.5,60,0,35610
BANKNIFTY-III.NFO,10/02/2025,09:31:22,50950,50940,60,50953.4,60,30,35670
BANKNIFTY-III.NFO,10/02/2025,09:31:24,50950,50940,60,50945.15,90,0,35670
BANKNIFTY-III.NFO,10/02/2025,09:31:25,50950,50940,60,50949.1,30,0,35670
BANKNIFTY-III.NFO,10/02/2025,09:31:27,50940,50920.45,60,50943.05,60,60,35670
BANKNIFTY-III.NFO,10/02/2025,09:31:29,50940,50908.8,90,50931.9,30,0,35670
BANKNIFTY-III.NFO,10/02/2025,09:31:30,50940,50909.95,60,50931.9,30,0,35670
BANKNIFTY-III.NFO,10/02/2025,09:31:32,50909.95,50909.3,60,50931.35,30,30,35670
BANKNIFTY-III.NFO,10/02/2025,09:31:34,50909.95,50909.3,60,50930.8,60,0,35670
BANKNIFTY-III.NFO,10/02/2025,09:31:35,50909.95,50902.05,90,50926.2,30,0,35670
BANKNIFTY-III.NFO,10/02/2025,09:31:37,50909.95,50902.05,90,50923,30,0,35670
BANKNIFTY-III.NFO,10/02/2025,09:31:40,50909.95,50902.05,90,50926.2,30,0,35670
BANKNIFTY-III.NFO,10/02/2025,09:31:42,50909.95,50905.65,90,50927.25,30,0,35670
BANKNIFTY-III.NFO,10/02/2025,09:31:44,50909.95,50906.25,60,50928.4,30,0,35670
BANKNIFTY-III.NFO,10/02/2025,09:31:45,50909.95,50902.05,90,50925.2,60,0,35670
BANKNIFTY-III.NFO,10/02/2025,09:31:47,50909.95,50905.75,60,50927.7,30,0,35670
BANKNIFTY-III.NFO,10/02/2025,09:31:49,50909.95,50904.3,60,50927.2,30,0,35670
BANKNIFTY-III.NFO,10/02/2025,09:31:52,50909.95,50902.05,90,50922.4,30,0,35670
BANKNIFTY-III.NFO,10/02/2025,09:31:53,50909.95,50902.05,60,50920.6,30,0,35670
BANKNIFTY-III.NFO,10/02/2025,09:31:55,50909.95,50902,30,50914.8,60,0,35670
BANKNIFTY-III.NFO,10/02/2025,09:31:57,50909.95,50902,30,50914,60,0,35670
BANKNIFTY-III.NFO,10/02/2025,09:31:58,50909.95,50902,30,50916,60,0,35670
BANKNIFTY-III.NFO,10/02/2025,09:32:00,50909.95,50902,30,50912.3,60,0,35670
BANKNIFTY-III.NFO,10/02/2025,09:32:02,50902,50900,300,50913.45,30,30,35670
BANKNIFTY-III.NFO,10/02/2025,09:32:03,50902,50900.05,60,50917.1,30,0,35670
BANKNIFTY-III.NFO,10/02/2025,09:32:05,50902,50900.05,60,50916.35,60,0,35670
BANKNIFTY-III.NFO,10/02/2025,09:32:07,50902,50900,180,50902,30,0,35670
BANKNIFTY-III.NFO,10/02/2025,09:32:08,50902,50900.05,60,50902,30,0,35670
BANKNIFTY-III.NFO,10/02/2025,09:32:10,50902,50900,180,50902,30,0,35670
BANKNIFTY-III.NFO,10/02/2025,09:32:12,50902,50900.05,60,50902,30,0,35670
BANKNIFTY-III.NFO,10/02/2025,09:32:15,50902,50900,180,50902,30,0,35670
BANKNIFTY-III.NFO,10/02/2025,09:32:18,50902,50900.05,60,50902,30,0,35670
BANKNIFTY-III.NFO,10/02/2025,09:32:21,50902,50900,180,50902,30,0,35670
BANKNIFTY-III.NFO,10/02/2025,09:32:23,50902,50900.05,60,50915.15,30,0,35670
BANKNIFTY-III.NFO,10/02/2025,09:32:25,50902,50909.95,30,50914.65,60,0,35670
BANKNIFTY-III.NFO,10/02/2025,09:32:26,50909.95,50900.05,60,50915.95,30,30,35670
BANKNIFTY-III.NFO,10/02/2025,09:32:28,50909.95,50900.05,60,50917.6,30,0,35670
BANKNIFTY-III.NFO,10/02/2025,09:32:30,50900.05,50900.2,60,50919.85,90,60,35670
BANKNIFTY-III.NFO,10/02/2025,09:32:31,50900.05,50900.05,60,50919.7,60,0,35670
BANKNIFTY-III.NFO,10/02/2025,09:32:33,50900.05,50900.05,30,50918.95,60,0,35670
BANKNIFTY-III.NFO,10/02/2025,09:32:34,50900.05,50900,180,50913.65,90,0,35670
BANKNIFTY-III.NFO,10/02/2025,09:32:36,50900.05,50900,180,50913.75,90,30,35670
BANKNIFTY-III.NFO,10/02/2025,09:32:38,50900.05,50900,180,50911.95,90,0,35670
BANKNIFTY-III.NFO,10/02/2025,09:32:39,50900.05,50900,180,50910.65,90,0,35670
BANKNIFTY-III.NFO,10/02/2025,09:32:41,50900.05,50900,180,50906.05,90,0,35670
BANKNIFTY-III.NFO,10/02/2025,09:32:43,50900.05,50900,180,50905.35,90,0,35670
BANKNIFTY-III.NFO,10/02/2025,09:32:44,50900,50881,30,50901.95,60,180,35670
BANKNIFTY-III.NFO,10/02/2025,09:32:46,50900,50881,30,50896.6,60,0,35670
BANKNIFTY-III.NFO,10/02/2025,09:32:48,50900,50881,30,50893.95,90,0,35670
BANKNIFTY-III.NFO,10/02/2025,09:32:49,50900,50881,30,50886.6,90,0,35670
BANKNIFTY-III.NFO,10/02/2025,09:32:51,50880,50850,240,50872.25,30,60,35670
BANKNIFTY-III.NFO,10/02/2025,09:32:51,50880,50850,240,50872.25,30,0,35670
BANKNIFTY-III.NFO,10/02/2025,09:32:53,50880,50863.4,30,50884.9,60,0,35670
BANKNIFTY-III.NFO,10/02/2025,09:32:54,50880,50863.9,30,50886.05,90,0,35670
BANKNIFTY-III.NFO,10/02/2025,09:32:56,50880,50864.3,30,50885.45,90,0,35670
BANKNIFTY-III.NFO,10/02/2025,09:32:57,50880,50864.3,30,50883.4,90,0,35670
BANKNIFTY-III.NFO,10/02/2025,09:32:59,50880,50864.3,30,50888.95,60,0,35670
BANKNIFTY-III.NFO,10/02/2025,09:33:01,50880,50864.3,30,50886.85,90,0,35670
BANKNIFTY-III.NFO,10/02/2025,09:33:02,50880,50865.6,30,50885.75,60,0,35670
BANKNIFTY-III.NFO,10/02/2025,09:33:04,50880,50868.9,60,50893.5,60,0,35670
BANKNIFTY-III.NFO,10/02/2025,09:33:05,50880,50869.4,30,50890.3,90,0,35670
BANKNIFTY-III.NFO,10/02/2025,09:33:07,50880,50873.7,60,50880,30,0,35670
BANKNIFTY-III.NFO,10/02/2025,09:33:09,50880,50874.45,30,50880,30,0,35670
BANKNIFTY-III.NFO,10/02/2025,09:33:10,50880,50876.4,90,50900.05,30,30,35670
BANKNIFTY-III.NFO,10/02/2025,09:33:12,50880,50879.25,30,50900,90,0,35670
BANKNIFTY-III.NFO,10/02/2025,09:33:14,50880,50882.5,90,50905.7,60,0,35670
BANKNIFTY-III.NFO,10/02/2025,09:33:15,50880,50886.15,30,50908.1,60,0,35670
BANKNIFTY-III.NFO,10/02/2025,09:33:17,50880,50883.65,30,50905.3,60,0,35670
BANKNIFTY-III.NFO,10/02/2025,09:33:18,50880,50881.7,30,50902.3,90,0,35670
BANKNIFTY-III.NFO,10/02/2025,09:33:20,50880,50881.7,30,50903.35,90,0,35670
BANKNIFTY-III.NFO,10/02/2025,09:33:22,50880,50889.55,90,50912.5,60,0,35670
BANKNIFTY-III.NFO,10/02/2025,09:33:23,50889.95,50891.25,90,50913.1,60,30,35670
BANKNIFTY-III.NFO,10/02/2025,09:33:25,50889.95,50894.4,90,50914.6,90,0,35670
BANKNIFTY-III.NFO,10/02/2025,09:33:27,50889.95,50894.4,30,50914.6,90,0,35670
BANKNIFTY-III.NFO,10/02/2025,09:33:28,50889.95,50894.4,30,50914.75,90,0,35670
BANKNIFTY-III.NFO,10/02/2025,09:33:30,50897.7,50900.5,30,50922.3,90,30,35670
BANKNIFTY-III.NFO,10/02/2025,09:33:32,50897.7,50899.65,30,50920.15,90,0,35670
BANKNIFTY-III.NFO,10/02/2025,09:33:33,50897.7,50895.85,30,50919.7,90,0,35670
BANKNIFTY-III.NFO,10/02/2025,09:33:35,50897.7,50895.85,30,50921.35,60,0,35670
BANKNIFTY-III.NFO,10/02/2025,09:33:36,50897.7,50892.6,30,50913.8,60,0,35670
BANKNIFTY-III.NFO,10/02/2025,09:33:38,50897.7,50879.1,120,50901.2,60,0,35670
BANKNIFTY-III.NFO,10/02/2025,09:33:40,50897.7,50884.8,60,50907.65,90,0,35670
BANKNIFTY-III.NFO,10/02/2025,09:33:41,50897.7,50884.15,30,50904.75,90,0,35670
BANKNIFTY-III.NFO,10/02/2025,09:33:43,50897.7,50879.1,30,50899.55,90,0,35670
BANKNIFTY-III.NFO,10/02/2025,09:33:44,50897.7,50875.1,30,50900.25,90,0,35670
BANKNIFTY-III.NFO,10/02/2025,09:33:46,50897.7,50866.8,30,50890.05,90,0,35670
BANKNIFTY-III.NFO,10/02/2025,09:33:48,50897.7,50862.3,30,50884.9,60,0,35670
BANKNIFTY-III.NFO,10/02/2025,09:33:49,50897.7,50863.35,30,50885.1,60,0,35670
BANKNIFTY-III.NFO,10/02/2025,09:33:51,50897.7,50864,30,50886.6,60,0,35670
BANKNIFTY-III.NFO,10/02/2025,09:33:53,50897.7,50871.85,60,50894.55,60,0,35670
BANKNIFTY-III.NFO,10/02/2025,09:33:55,50897.7,50879.25,60,50901.6,60,0,35670
BANKNIFTY-III.NFO,10/02/2025,09:33:56,50897.7,50882.1,30,50903.5,60,0,35670
BANKNIFTY-III.NFO,10/02/2025,09:33:58,50897.7,50883.7,30,50905.95,60,0,35670
BANKNIFTY-III.NFO,10/02/2025,09:34:00,50897.7,50882.25,120,50907.6,60,0,35670
BANKNIFTY-III.NFO,10/02/2025,09:34:01,50897.7,50886,120,50908.75,60,0,35670
BANKNIFTY-III.NFO,10/02/2025,09:34:03,50897.7,50886,30,50907.6,60,0,35670
BANKNIFTY-III.NFO,10/02/2025,09:34:04,50897.7,50882.25,30,50904.3,60,0,35670
BANKNIFTY-III.NFO,10/02/2025,09:34:06,50897.7,50880.5,30,50904.4,60,0,35670
BANKNIFTY-III.NFO,10/02/2025,09:34:08,50897.7,50880,210,50897,90,0,35670
BANKNIFTY-III.NFO,10/02/2025,09:34:09,50897.7,50880,240,50898,90,0,35670
BANKNIFTY-III.NFO,10/02/2025,09:34:11,50897.7,50880,240,50901.1,90,0,35670
BANKNIFTY-III.NFO,10/02/2025,09:34:13,50897.7,50881.2,30,50904.4,60,0,35670
BANKNIFTY-III.NFO,10/02/2025,09:34:14,50897.7,50883.95,60,50906.8,60,0,35670
BANKNIFTY-III.NFO,10/02/2025,09:34:16,50897.7,50883.15,30,50903.85,90,0,35670
BANKNIFTY-III.NFO,10/02/2025,09:34:18,50897.7,50881.85,30,50902.4,90,0,35670
BANKNIFTY-III.NFO,10/02/2025,09:34:19,50897.7,50897.7,30,50906.25,60,0,35670
BANKNIFTY-III.NFO,10/02/2025,09:34:21,50897.7,50897.7,30,50905.3,90,0,35670
BANKNIFTY-III.NFO,10/02/2025,09:34:22,50897.7,50897.7,30,50902.2,90,0,35670
BANKNIFTY-III.NFO,10/02/2025,09:34:24,50899.65,50897.7,30,50901.2,60,30,35970
BANKNIFTY-III.NFO,10/02/2025,09:34:26,50899.65,50897.7,30,50902.9,60,0,35970
BANKNIFTY-III.NFO,10/02/2025,09:34:27,50899.65,50897.7,30,50903.75,90,0,35970
BANKNIFTY-III.NFO,10/02/2025,09:34:29,50899.65,50897.7,30,50909.35,90,0,35970
BANKNIFTY-III.NFO,10/02/2025,09:34:31,50899.65,50897.7,30,50910.2,60,0,35970
BANKNIFTY-III.NFO,10/02/2025,09:34:32,50899.65,50897.7,30,50911.85,60,0,35970
BANKNIFTY-III.NFO,10/02/2025,09:34:34,50899.65,50897.7,30,50906.55,60,0,35970
BANKNIFTY-III.NFO,10/02/2025,09:34:36,50899.65,50897.7,30,50906.1,60,0,35970
BANKNIFTY-III.NFO,10/02/2025,09:34:37,50899.65,50897.7,30,50907.5,60,0,35970
BANKNIFTY-III.NFO,10/02/2025,09:34:39,50899.65,50897.7,30,50908.65,60,0,35970
BANKNIFTY-III.NFO,10/02/2025,09:34:41,50899.65,50899.65,60,50911.2,60,0,35970
BANKNIFTY-III.NFO,10/02/2025,09:34:42,50899.65,50899.65,60,50909.95,60,0,35970
BANKNIFTY-III.NFO,10/02/2025,09:34:44,50899.65,50899.65,60,50912.25,60,0,35970
BANKNIFTY-III.NFO,10/02/2025,09:34:45,50899.65,50899.65,60,50910.9,60,0,35970
BANKNIFTY-III.NFO,10/02/2025,09:34:47,50899.65,50899.65,90,50911,60,0,35970
BANKNIFTY-III.NFO,10/02/2025,09:34:49,50899.65,50899.65,90,50912.55,60,0,35970
BANKNIFTY-III.NFO,10/02/2025,09:34:50,50899.65,50899.7,60,50917.45,90,0,35970
BANKNIFTY-III.NFO,10/02/2025,09:34:52,50899.65,50899.7,60,50919.2,90,0,35970
BANKNIFTY-III.NFO,10/02/2025,09:34:53,50899.65,50899.75,30,50921.8,60,0,35970
BANKNIFTY-III.NFO,10/02/2025,09:34:55,50899.65,50901.1,30,50922.85,90,0,35970
BANKNIFTY-III.NFO,10/02/2025,09:34:57,50899.65,50902.45,30,50924.8,90,0,35970
BANKNIFTY-III.NFO,10/02/2025,09:34:58,50924.8,50902.45,60,50924.15,30,60,35970
BANKNIFTY-III.NFO,10/02/2025,09:35:00,50924.8,50903.4,60,50925.95,60,0,35970
BANKNIFTY-III.NFO,10/02/2025,09:35:02,50924.8,50900.05,90,50920.9,30,0,35970
BANKNIFTY-III.NFO,10/02/2025,09:35:03,50924.8,50900,30,50911.1,30,0,35970
BANKNIFTY-III.NFO,10/02/2025,09:35:05,50900,50899.65,30,50912.75,30,30,35970
BANKNIFTY-III.NFO,10/02/2025,09:35:07,50900,50899.7,90,50920.15,30,0,35970
BANKNIFTY-III.NFO,10/02/2025,09:35:08,50900,50899.7,90,50919.25,30,0,35970
BANKNIFTY-III.NFO,10/02/2025,09:35:10,50900,50899.7,90,50922.1,60,0,35970
BANKNIFTY-III.NFO,10/02/2025,09:35:11,50900,50905,60,50927.85,60,0,35970
BANKNIFTY-III.NFO,10/02/2025,09:35:13,50900,50905.9,60,50932.45,30,0,35970
BANKNIFTY-III.NFO,10/02/2025,09:35:15,50900,50907.65,60,50929.05,60,0,35970
BANKNIFTY-III.NFO,10/02/2025,09:35:16,50900,50909.7,60,50931.85,60,0,35970
BANKNIFTY-III.NFO,10/02/2025,09:35:18,50900,50913.4,60,50934.25,60,0,35970
BANKNIFTY-III.NFO,10/02/2025,09:35:23,50900,50909.7,60,50929.7,30,0,35970
BANKNIFTY-III.NFO,10/02/2025,09:35:24,50900,50909.1,60,50931,30,0,35970
BANKNIFTY-III.NFO,10/02/2025,09:35:26,50900,50906.5,60,50928.55,30,0,35970
BANKNIFTY-III.NFO,10/02/2025,09:35:28,50900,50904.6,60,50925.55,60,0,35970
BANKNIFTY-III.NFO,10/02/2025,09:35:29,50900,50899.7,90,50919.75,60,0,35970
BANKNIFTY-III.NFO,10/02/2025,09:35:31,50900,50899.7,90,50920.4,30,0,35970
BANKNIFTY-III.NFO,10/02/2025,09:35:32,50900,50899.7,90,50917.45,60,0,35970
BANKNIFTY-III.NFO,10/02/2025,09:35:34,50900,50899.65,30,50912.75,30,0,35970
BANKNIFTY-III.NFO,10/02/2025,09:35:36,50900,50899.65,30,50910.8,30,0,35970
BANKNIFTY-III.NFO,10/02/2025,09:35:37,50900,50899.65,30,50908.6,30,0,35970
BANKNIFTY-III.NFO,10/02/2025,09:35:39,50907.7,50899.65,30,50907.5,30,30,35970
BANKNIFTY-III.NFO,10/02/2025,09:35:41,50899.65,50890,210,50899.45,30,30,35970
BANKNIFTY-III.NFO,10/02/2025,09:35:42,50899.65,50890,210,50894.15,30,0,35970
BANKNIFTY-III.NFO,10/02/2025,09:35:44,50899.65,50890,210,50895.85,30,0,35970
BANKNIFTY-III.NFO,10/02/2025,09:35:46,50899.65,50890,210,50898.1,30,0,35970
BANKNIFTY-III.NFO,10/02/2025,09:35:47,50899.65,50890,210,50897.1,30,0,35970
BANKNIFTY-III.NFO,10/02/2025,09:35:49,50899.65,50890,210,50895.05,30,0,35970
BANKNIFTY-III.NFO,10/02/2025,09:35:51,50899.65,50890,210,50897.1,30,0,35970
BANKNIFTY-III.NFO,10/02/2025,09:35:52,50899.65,50890,210,50895.75,30,0,35970
BANKNIFTY-III.NFO,10/02/2025,09:35:54,50899.65,50890,210,50897.4,30,0,35970
BANKNIFTY-III.NFO,10/02/2025,09:35:56,50899.65,50890,210,50898.6,30,0,35970
BANKNIFTY-III.NFO,10/02/2025,09:35:57,50899.65,50882.75,60,50904.3,30,0,35970
BANKNIFTY-III.NFO,10/02/2025,09:35:59,50899.65,50884.7,90,50899.65,30,0,35970
BANKNIFTY-III.NFO,10/02/2025,09:36:01,50899.65,50888.45,90,50899.65,30,0,35970
BANKNIFTY-III.NFO,10/02/2025,09:36:02,50899.65,50893.55,90,50899.65,30,0,35970
BANKNIFTY-III.NFO,10/02/2025,09:36:04,50899.65,50895.6,60,50899.65,30,0,35970
BANKNIFTY-III.NFO,10/02/2025,09:36:06,50899.65,50904.5,60,50926.3,30,30,35970
BANKNIFTY-III.NFO,10/02/2025,09:36:07,50899.65,50903.85,60,50925.6,30,0,35970
BANKNIFTY-III.NFO,10/02/2025,09:36:09,50899.65,50896.95,60,50919.2,30,0,35970
BANKNIFTY-III.NFO,10/02/2025,09:36:10,50899.65,50899.6,60,50922.55,60,0,35970
BANKNIFTY-III.NFO,10/02/2025,09:36:12,50899.65,50896.95,60,50919,30,0,35970
BANKNIFTY-III.NFO,10/02/2025,09:36:14,50899.65,50896.95,60,50917.95,30,0,35970
BANKNIFTY-III.NFO,10/02/2025,09:36:15,50899.65,50892.7,60,50913.8,150,0,35970
BANKNIFTY-III.NFO,10/02/2025,09:36:17,50899.65,50891.15,60,50912.25,30,0,35970
BANKNIFTY-III.NFO,10/02/2025,09:36:18,50899.65,50887.75,60,50910.35,30,0,35970
BANKNIFTY-III.NFO,10/02/2025,09:36:20,50899.65,50891.6,60,50914.05,30,0,35970
BANKNIFTY-III.NFO,10/02/2025,09:36:22,50899.65,50891.6,60,50913.85,30,0,35970
BANKNIFTY-III.NFO,10/02/2025,09:36:23,50899.65,50886.55,60,50905.85,30,0,35970
BANKNIFTY-III.NFO,10/02/2025,09:36:25,50899.65,50878.85,60,50899,30,0,35970
BANKNIFTY-III.NFO,10/02/2025,09:36:27,50899.65,50879.6,60,50902.4,60,0,35970
BANKNIFTY-III.NFO,10/02/2025,09:36:28,50899.65,50878.45,60,50901.25,30,0,35970
BANKNIFTY-III.NFO,10/02/2025,09:36:30,50899.65,50890,120,50904.35,60,0,35970
BANKNIFTY-III.NFO,10/02/2025,09:36:31,50899.65,50890,120,50899.95,30,0,35970
BANKNIFTY-III.NFO,10/02/2025,09:36:33,50899.65,50890,120,50899.55,60,0,35970
BANKNIFTY-III.NFO,10/02/2025,09:36:35,50899.65,50890,120,50904.45,30,0,35970
BANKNIFTY-III.NFO,10/02/2025,09:36:36,50899.65,50890,120,50901.85,30,0,35970
BANKNIFTY-III.NFO,10/02/2025,09:36:38,50899.65,50890,120,50900.6,30,0,35970
BANKNIFTY-III.NFO,10/02/2025,09:36:39,50899.65,50890.05,90,50910.95,60,0,35970
BANKNIFTY-III.NFO,10/02/2025,09:36:41,50899.65,50890.05,90,50910.6,30,0,35970
BANKNIFTY-III.NFO,10/02/2025,09:36:43,50899.65,50890.05,90,50911.9,30,0,35970
BANKNIFTY-III.NFO,10/02/2025,09:36:44,50899.65,50890.05,90,50911.1,30,0,35970
BANKNIFTY-III.NFO,10/02/2025,09:36:46,50899.65,50890.05,90,50914.55,60,0,35970
BANKNIFTY-III.NFO,10/02/2025,09:36:47,50899.65,50890.05,90,50913.05,30,0,35970
BANKNIFTY-III.NFO,10/02/2025,09:36:49,50899.65,50890.05,90,50910.75,60,0,35970
BANKNIFTY-III.NFO,10/02/2025,09:36:50,50899.65,50890.05,90,50910.75,30,0,35970
BANKNIFTY-III.NFO,10/02/2025,09:36:52,50899.65,50890,120,50904.05,30,0,35970
BANKNIFTY-III.NFO,10/02/2025,09:36:55,50899.65,50890,120,50900.55,30,0,35970
BANKNIFTY-III.NFO,10/02/2025,09:36:57,50899.65,50890,120,50895.6,30,0,35970
BANKNIFTY-III.NFO,10/02/2025,09:36:58,50899.65,50890,120,50895,30,0,35970
BANKNIFTY-III.NFO,10/02/2025,09:37:00,50899.65,50890,120,50893.65,60,0,35970
BANKNIFTY-III.NFO,10/02/2025,09:37:02,50899.65,50890,120,50899.7,30,0,35970
BANKNIFTY-III.NFO,10/02/2025,09:37:03,50899.65,50890,120,50898.45,30,0,35970
BANKNIFTY-III.NFO,10/02/2025,09:37:05,50890,50872.75,60,50895.2,30,120,36060
BANKNIFTY-III.NFO,10/02/2025,09:37:06,50890,50872.1,60,50893,60,0,36060
BANKNIFTY-III.NFO,10/02/2025,09:37:08,50890,50873.4,60,50901.05,30,0,36060
BANKNIFTY-III.NFO,10/02/2025,09:37:10,50890,50880.4,150,50904.95,30,0,36060
BANKNIFTY-III.NFO,10/02/2025,09:37:11,50890,50885.65,60,50908.65,30,0,36060
BANKNIFTY-III.NFO,10/02/2025,09:37:13,50890,50888.9,60,50910.55,60,0,36060
BANKNIFTY-III.NFO,10/02/2025,09:37:14,50890,50887.9,60,50908.7,30,0,36060
BANKNIFTY-III.NFO,10/02/2025,09:37:16,50890,50887.9,60,50915,30,0,36060
BANKNIFTY-III.NFO,10/02/2025,09:37:18,50890,50894.4,60,50918.55,30,0,36060
BANKNIFTY-III.NFO,10/02/2025,09:37:19,50890,50894.4,60,50916,30,0,36060
BANKNIFTY-III.NFO,10/02/2025,09:37:21,50890,50898.8,60,50921.15,60,0,36060
BANKNIFTY-III.NFO,10/02/2025,09:37:23,50890,50898.8,60,50921.65,30,0,36060
BANKNIFTY-III.NFO,10/02/2025,09:37:24,50890,50898.8,60,50922.25,30,0,36060
BANKNIFTY-III.NFO,10/02/2025,09:37:26,50890,50898.8,60,50919.7,60,0,36060
BANKNIFTY-III.NFO,10/02/2025,09:37:27,50890,50898.8,60,50919.95,60,0,36060
BANKNIFTY-III.NFO,10/02/2025,09:37:29,50890,50898.8,60,50920.55,30,0,36060
BANKNIFTY-III.NFO,10/02/2025,09:37:30,50890,50894.9,60,50919,30,0,36060
BANKNIFTY-III.NFO,10/02/2025,09:37:32,50890,50896.55,60,50919.9,30,0,36060
BANKNIFTY-III.NFO,10/02/2025,09:37:34,50890,50890.5,60,50911.55,60,0,36060
BANKNIFTY-III.NFO,10/02/2025,09:37:35,50890,50890.05,90,50912.9,30,0,36060
BANKNIFTY-III.NFO,10/02/2025,09:37:37,50890,50890.05,90,50911.4,30,0,36060
BANKNIFTY-III.NFO,10/02/2025,09:37:38,50890,50890.05,90,50908.85,60,0,36060
BANKNIFTY-III.NFO,10/02/2025,09:37:40,50890,50894.8,60,50917.25,60,0,36060
BANKNIFTY-III.NFO,10/02/2025,09:37:42,50890,50890.05,90,50909.2,60,0,36060
BANKNIFTY-III.NFO,10/02/2025,09:37:43,50890,50890.05,90,50910.85,30,0,36060
BANKNIFTY-III.NFO,10/02/2025,09:37:45,50890,50890.05,90,50910.15,30,0,36060
BANKNIFTY-III.NFO,10/02/2025,09:37:47,50890,50890.05,60,50908.45,90,0,36060
BANKNIFTY-III.NFO,10/02/2025,09:37:48,50890,50890.05,90,50907.75,30,0,36060
BANKNIFTY-III.NFO,10/02/2025,09:37:50,50890,50890.05,90,50910.25,60,0,36060
BANKNIFTY-III.NFO,10/02/2025,09:37:51,50890,50890.05,90,50911.95,30,0,36060
BANKNIFTY-III.NFO,10/02/2025,09:37:53,50890,50890.55,60,50911.9,60,0,36060
BANKNIFTY-III.NFO,10/02/2025,09:37:55,50890,50890.1,60,50911.2,30,0,36060
BANKNIFTY-III.NFO,10/02/2025,09:37:56,50890,50890.1,60,50913.45,60,0,36060
BANKNIFTY-III.NFO,10/02/2025,09:37:58,50890,50890.1,60,50911.85,60,0,36060
BANKNIFTY-III.NFO,10/02/2025,09:37:59,50890,50890.1,60,50911.85,30,0,36060
BANKNIFTY-III.NFO,10/02/2025,09:38:01,50890,50890.5,60,50912.8,30,0,36060
BANKNIFTY-III.NFO,10/02/2025,09:38:02,50890,50893.85,60,50916.1,60,0,36060
BANKNIFTY-III.NFO,10/02/2025,09:38:04,50890,50892.25,60,50913.7,30,0,36060
BANKNIFTY-III.NFO,10/02/2025,09:38:05,50890,50884.25,60,50904.6,30,0,36060
BANKNIFTY-III.NFO,10/02/2025,09:38:07,50890,50882.9,60,50907,30,0,36060
BANKNIFTY-III.NFO,10/02/2025,09:38:09,50890,50886.1,90,50909.2,90,0,36060
BANKNIFTY-III.NFO,10/02/2025,09:38:10,50890,50882.9,60,50904.9,30,0,36060
BANKNIFTY-III.NFO,10/02/2025,09:38:12,50890,50881.7,60,50902.15,60,0,36060
BANKNIFTY-III.NFO,10/02/2025,09:38:14,50890,50881.3,60,50902.45,30,0,36060
BANKNIFTY-III.NFO,10/02/2025,09:38:15,50890,50880.4,60,50901.95,30,0,36060
BANKNIFTY-III.NFO,10/02/2025,09:38:17,50890,50884.25,60,50906.95,30,0,36060
BANKNIFTY-III.NFO,10/02/2025,09:38:18,50890,50885.35,60,50907.2,60,0,36060
BANKNIFTY-III.NFO,10/02/2025,09:38:20,50890,50884.25,60,50904.7,60,0,36060
BANKNIFTY-III.NFO,10/02/2025,09:38:22,50890,50880.4,60,50902.9,60,0,36060
BANKNIFTY-III.NFO,10/02/2025,09:38:23,50890,50880.4,60,50902.25,60,0,36060
BANKNIFTY-III.NFO,10/02/2025,09:38:25,50890,50881.5,90,50902.9,30,0,36060
BANKNIFTY-III.NFO,10/02/2025,09:38:28,50890,50882.9,90,50904.7,30,0,36060
BANKNIFTY-III.NFO,10/02/2025,09:38:30,50890,50884.2,60,50910.15,30,0,36060
BANKNIFTY-III.NFO,10/02/2025,09:38:31,50890,50889.9,60,50912.15,30,0,36060
BANKNIFTY-III.NFO,10/02/2025,09:38:33,50890,50891.2,60,50913.75,30,0,36060
BANKNIFTY-III.NFO,10/02/2025,09:38:35,50890,50890.4,60,50912.35,30,0,36060
BANKNIFTY-III.NFO,10/02/2025,09:38:36,50890,50889.45,60,50912.35,30,0,36060
BANKNIFTY-III.NFO,10/02/2025,09:38:38,50890,50893.5,60,50915,60,0,36060
BANKNIFTY-III.NFO,10/02/2025,09:38:43,50890,50892.15,60,50914.65,30,0,36060
BANKNIFTY-III.NFO,10/02/2025,09:38:45,50890,50885.85,90,50900,30,0,36060
BANKNIFTY-III.NFO,10/02/2025,09:38:46,50890,50890,30,50900,30,0,36060
BANKNIFTY-III.NFO,10/02/2025,09:38:53,50890,50890,30,50898.6,30,0,36060
BANKNIFTY-III.NFO,10/02/2025,09:38:55,50890,50890,30,50898.25,30,0,36060
BANKNIFTY-III.NFO,10/02/2025,09:38:56,50890,50890,30,50897.5,90,0,36060
BANKNIFTY-III.NFO,10/02/2025,09:38:58,50890,50880,30,50896.25,60,30,36060
BANKNIFTY-III.NFO,10/02/2025,09:38:59,50890,50881.15,90,50900,60,0,36060
BANKNIFTY-III.NFO,10/02/2025,09:39:01,50890,50880.05,90,50900,60,0,36060
BANKNIFTY-III.NFO,10/02/2025,09:39:03,50890,50881.7,90,50900,60,0,36060
BANKNIFTY-III.NFO,10/02/2025,09:39:04,50890,50880.05,90,50898.2,30,0,36060
BANKNIFTY-III.NFO,10/02/2025,09:39:06,50890,50880.05,90,50901.85,30,0,36060
BANKNIFTY-III.NFO,10/02/2025,09:39:08,50890,50880.05,90,50900.05,30,0,36060
BANKNIFTY-III.NFO,10/02/2025,09:39:09,50890,50880.05,90,50899.3,30,0,36060
BANKNIFTY-III.NFO,10/02/2025,09:39:11,50890,50880.05,90,50901.6,60,0,36060
BANKNIFTY-III.NFO,10/02/2025,09:39:12,50890,50880.05,90,50900.9,30,0,36060
BANKNIFTY-III.NFO,10/02/2025,09:39:14,50890,50880.05,60,50899,60,0,36060
BANKNIFTY-III.NFO,10/02/2025,09:39:16,50890,50880.4,90,50900.9,30,0,36060
BANKNIFTY-III.NFO,10/02/2025,09:39:17,50890,50882.25,90,50903.2,30,0,36060
BANKNIFTY-III.NFO,10/02/2025,09:39:19,50890,50884.35,60,50907.6,30,0,36060
BANKNIFTY-III.NFO,10/02/2025,09:39:21,50890,50885,60,50906.8,60,0,36060
BANKNIFTY-III.NFO,10/02/2025,09:39:22,50890,50884.9,90,50899,30,0,36060
BANKNIFTY-III.NFO,10/02/2025,09:39:24,50890,50886.9,90,50899,30,0,36060
BANKNIFTY-III.NFO,10/02/2025,09:39:25,50890,50883.7,90,50899,30,0,36060
BANKNIFTY-III.NFO,10/02/2025,09:39:27,50890,50885.35,90,50899,30,0,36060
BANKNIFTY-III.NFO,10/02/2025,09:39:29,50890,50883.7,60,50899,30,0,36060
BANKNIFTY-III.NFO,10/02/2025,09:39:32,50890,50883.1,90,50899,30,0,36060
BANKNIFTY-III.NFO,10/02/2025,09:39:34,50890,50880.05,90,50899,60,0,36060
BANKNIFTY-III.NFO,10/02/2025,09:39:37,50890,50880.85,90,50899,60,0,36060
BANKNIFTY-III.NFO,10/02/2025,09:39:38,50890,50880.05,90,50898.55,60,0,36060
BANKNIFTY-III.NFO,10/02/2025,09:39:40,50890,50880.05,90,50899,60,0,36060
BANKNIFTY-III.NFO,10/02/2025,09:39:42,50890,50882.4,90,50899,30,0,36060
BANKNIFTY-III.NFO,10/02/2025,09:39:43,50890,50880.05,90,50899,60,0,36060
BANKNIFTY-III.NFO,10/02/2025,09:39:45,50890,50882.6,90,50899,30,0,36060
BANKNIFTY-III.NFO,10/02/2025,09:39:47,50890,50880.05,60,50899,60,0,36060
BANKNIFTY-III.NFO,10/02/2025,09:39:48,50890,50880,60,50896.95,60,0,36060
BANKNIFTY-III.NFO,10/02/2025,09:39:50,50890,50880.05,60,50897.7,30,0,36060
BANKNIFTY-III.NFO,10/02/2025,09:39:52,50890,50880.05,60,50897.65,30,0,36060
BANKNIFTY-III.NFO,10/02/2025,09:39:53,50890,50880.05,60,50898.65,30,0,36060
BANKNIFTY-III.NFO,10/02/2025,09:39:55,50890,50880.05,90,50898.8,30,0,36060
BANKNIFTY-III.NFO,10/02/2025,09:39:56,50890,50881.15,90,50899,30,0,36060
BANKNIFTY-III.NFO,10/02/2025,09:39:58,50890,50880.05,90,50899,60,0,36060
BANKNIFTY-III.NFO,10/02/2025,09:40:01,50890,50880,60,50896.8,60,0,36060
BANKNIFTY-III.NFO,10/02/2025,09:40:03,50890,50880.2,60,50899,60,0,36060
BANKNIFTY-III.NFO,10/02/2025,09:40:05,50890,50882.55,90,50899,30,0,36060
BANKNIFTY-III.NFO,10/02/2025,09:40:06,50890,50880.9,90,50899,30,0,36060
BANKNIFTY-III.NFO,10/02/2025,09:40:08,50890,50883,90,50899,30,0,36060
BANKNIFTY-III.NFO,10/02/2025,09:40:10,50890,50880.65,90,50899,60,0,36060
BANKNIFTY-III.NFO,10/02/2025,09:40:11,50890,50881.25,90,50890,90,0,36060
BANKNIFTY-III.NFO,10/02/2025,09:40:13,50890,50881.25,60,50890,90,0,36060
BANKNIFTY-III.NFO,10/02/2025,09:40:14,50890,50881.35,90,50890,90,0,36060
BANKNIFTY-III.NFO,10/02/2025,09:40:16,50890,50880.05,60,50890,90,0,36060
BANKNIFTY-III.NFO,10/02/2025,09:40:19,50890,50880,90,50890,90,0,36060
BANKNIFTY-III.NFO,10/02/2025,09:40:26,50890,50880,90,50890,120,0,36060
BANKNIFTY-III.NFO,10/02/2025,09:40:28,50890,50880,90,50887.4,30,0,36060
BANKNIFTY-III.NFO,10/02/2025,09:40:29,50890,50880.05,60,50890,90,0,36060
BANKNIFTY-III.NFO,10/02/2025,09:40:31,50890,50880,90,50890,90,0,36060
BANKNIFTY-III.NFO,10/02/2025,09:40:33,50890,50880.05,60,50890,90,0,36060
BANKNIFTY-III.NFO,10/02/2025,09:40:36,50890,50880.05,60,50890,60,30,36210
BANKNIFTY-III.NFO,10/02/2025,09:40:39,50890,50880.05,60,50890,60,0,36210
BANKNIFTY-III.NFO,10/02/2025,09:40:41,50890,50880.75,60,50890,60,0,36210
BANKNIFTY-III.NFO,10/02/2025,09:40:43,50890,50880.05,60,50890,60,0,36210
BANKNIFTY-III.NFO,10/02/2025,09:40:44,50890,50881.25,60,50890,60,0,36210
BANKNIFTY-III.NFO,10/02/2025,09:40:46,50890,50880.05,60,50890,60,0,36210
BANKNIFTY-III.NFO,10/02/2025,09:40:48,50890,50880.35,90,50890,60,0,36210
BANKNIFTY-III.NFO,10/02/2025,09:40:49,50890,50884.2,60,50890,60,0,36210
BANKNIFTY-III.NFO,10/02/2025,09:40:51,50890,50883.5,90,50890,60,0,36210
BANKNIFTY-III.NFO,10/02/2025,09:40:53,50890,50888.1,60,50899,30,60,36210
BANKNIFTY-III.NFO,10/02/2025,09:40:54,50890,50885.05,90,50899,30,0,36210
BANKNIFTY-III.NFO,10/02/2025,09:40:56,50890,50885.8,90,50899,30,0,36210
BANKNIFTY-III.NFO,10/02/2025,09:40:58,50890,50891.85,60,50899,30,0,36210
BANKNIFTY-III.NFO,10/02/2025,09:40:59,50890,50890.75,60,50899,30,0,36210
BANKNIFTY-III.NFO,10/02/2025,09:41:01,50890,50896.05,60,50899,30,0,36210
BANKNIFTY-III.NFO,10/02/2025,09:41:03,50890,50891.2,60,50899,30,0,36210
BANKNIFTY-III.NFO,10/02/2025,09:41:04,50890,50889.45,60,50899,30,0,36210
BANKNIFTY-III.NFO,10/02/2025,09:41:06,50890,50893.8,60,50899,30,0,36210
BANKNIFTY-III.NFO,10/02/2025,09:41:08,50890,50889.9,60,50899,30,0,36210
BANKNIFTY-III.NFO,10/02/2025,09:41:09,50890,50885.2,90,50899,30,0,36210
BANKNIFTY-III.NFO,10/02/2025,09:41:11,50887.9,50888.6,90,50899,30,30,36210
BANKNIFTY-III.NFO,10/02/2025,09:41:13,50887.9,50884.8,90,50899,30,0,36210
BANKNIFTY-III.NFO,10/02/2025,09:41:14,50887.9,50880.05,90,50898.95,60,0,36210
BANKNIFTY-III.NFO,10/02/2025,09:41:16,50887.9,50881.3,60,50898.95,60,0,36210
BANKNIFTY-III.NFO,10/02/2025,09:41:18,50887.9,50880,60,50889.95,30,0,36210
BANKNIFTY-III.NFO,10/02/2025,09:41:23,50887.9,50880,60,50890,30,0,36210
BANKNIFTY-III.NFO,10/02/2025,09:41:26,50887.9,50880.05,90,50890,30,0,36210
BANKNIFTY-III.NFO,10/02/2025,09:41:28,50887.9,50880.05,60,50890,30,0,36210
BANKNIFTY-III.NFO,10/02/2025,09:41:29,50887.9,50880,60,50890,30,0,36210
BANKNIFTY-III.NFO,10/02/2025,09:41:31,50887.9,50880.05,90,50890,30,0,36210
BANKNIFTY-III.NFO,10/02/2025,09:41:33,50887.9,50880,60,50890,30,0,36210
BANKNIFTY-III.NFO,10/02/2025,09:41:34,50887.9,50880.05,90,50890,30,0,36210
BANKNIFTY-III.NFO,10/02/2025,09:41:36,50887.9,50880.05,60,50890,30,0,36210
BANKNIFTY-III.NFO,10/02/2025,09:41:38,50887.9,50880,60,50890,30,0,36210
BANKNIFTY-III.NFO,10/02/2025,09:41:39,50887.9,50880,60,50889.95,30,0,36210
BANKNIFTY-III.NFO,10/02/2025,09:41:44,50887.9,50880,60,50890,30,0,36210
BANKNIFTY-III.NFO,10/02/2025,09:41:48,50887.9,50880,60,50889.95,60,0,36210
BANKNIFTY-III.NFO,10/02/2025,09:41:51,50887.9,50880,60,50889.45,30,0,36210
BANKNIFTY-III.NFO,10/02/2025,09:41:53,50890,50880,60,50891.65,120,150,36210
BANKNIFTY-III.NFO,10/02/2025,09:41:54,50890,50880,60,50889.8,120,0,36210
BANKNIFTY-III.NFO,10/02/2025,09:41:56,50890,50880,60,50889.5,30,0,36210
BANKNIFTY-III.NFO,10/02/2025,09:41:58,50890,50880,60,50889.5,120,0,36210
BANKNIFTY-III.NFO,10/02/2025,09:41:59,50890,50880,60,50887.25,120,0,36210
BANKNIFTY-III.NFO,10/02/2025,09:42:01,50890,50880,60,50884,90,0,36210
BANKNIFTY-III.NFO,10/02/2025,09:42:02,50880,50860.8,60,50880,120,60,36210
BANKNIFTY-III.NFO,10/02/2025,09:42:04,50880,50860.15,90,50880,120,0,36210
BANKNIFTY-III.NFO,10/02/2025,09:42:06,50880,50860.1,60,50880,120,0,36210
BANKNIFTY-III.NFO,10/02/2025,09:42:07,50880,50859.5,60,50880,120,0,36210
BANKNIFTY-III.NFO,10/02/2025,09:42:09,50880,50860.8,90,50880,120,0,36210
BANKNIFTY-III.NFO,10/02/2025,09:42:11,50880,50863.05,90,50880,120,0,36210
BANKNIFTY-III.NFO,10/02/2025,09:42:14,50880,50860.45,60,50880,120,0,36210
BANKNIFTY-III.NFO,10/02/2025,09:42:17,50880,50861.2,60,50880,90,0,36210
BANKNIFTY-III.NFO,10/02/2025,09:42:19,50880,50861.2,60,50880,120,0,36210
BANKNIFTY-III.NFO,10/02/2025,09:42:20,50880,50864.15,90,50880,90,0,36210
BANKNIFTY-III.NFO,10/02/2025,09:42:22,50880,50863.9,90,50880,90,0,36210
BANKNIFTY-III.NFO,10/02/2025,09:42:23,50880,50856.45,60,50879.45,30,0,36210
BANKNIFTY-III.NFO,10/02/2025,09:42:25,50880,50850,150,50865.7,90,0,36210
BANKNIFTY-III.NFO,10/02/2025,09:42:27,50880,50850,150,50856.75,90,0,36210
BANKNIFTY-III.NFO,10/02/2025,09:42:28,50850,50830.05,90,50852.95,30,150,36210
BANKNIFTY-III.NFO,10/02/2025,09:42:28,50850,50830.05,90,50852.95,30,0,36210
BANKNIFTY-III.NFO,10/02/2025,09:42:30,50850,50862.8,30,50869.05,30,0,36210
BANKNIFTY-III.NFO,10/02/2025,09:42:32,50850,50865.8,30,50871.75,30,0,36210
BANKNIFTY-III.NFO,10/02/2025,09:42:33,50850,50869.8,30,50871.3,90,0,36210
BANKNIFTY-III.NFO,10/02/2025,09:42:35,50869.8,50851.9,60,50875.5,30,30,36210
BANKNIFTY-III.NFO,10/02/2025,09:42:37,50869.8,50853.9,60,50875.3,60,0,36210
BANKNIFTY-III.NFO,10/02/2025,09:42:39,50869.8,50853.9,60,50875.5,60,0,36210
BANKNIFTY-III.NFO,10/02/2025,09:42:40,50869.8,50855.05,60,50875,30,0,36210
BANKNIFTY-III.NFO,10/02/2025,09:42:42,50869.8,50855.05,60,50878.25,30,0,36210
BANKNIFTY-III.NFO,10/02/2025,09:42:43,50869.8,50856.85,60,50879.1,90,0,36210
BANKNIFTY-III.NFO,10/02/2025,09:42:45,50869.8,50856.85,60,50878.25,30,0,36210
BANKNIFTY-III.NFO,10/02/2025,09:42:47,50869.8,50858.35,60,50880,300,0,36210
BANKNIFTY-III.NFO,10/02/2025,09:42:48,50869.8,50856.85,60,50876.7,30,0,36210
BANKNIFTY-III.NFO,10/02/2025,09:42:50,50869.8,50855.05,60,50869.8,60,0,36210
BANKNIFTY-III.NFO,10/02/2025,09:42:52,50869.8,50844.75,60,50863.45,90,0,36210
BANKNIFTY-III.NFO,10/02/2025,09:42:53,50869.8,50840.4,60,50863.45,30,0,36210
BANKNIFTY-III.NFO,10/02/2025,09:42:55,50869.8,50840.4,60,50862.3,30,0,36210
BANKNIFTY-III.NFO,10/02/2025,09:42:56,50869.8,50850,30,50865.45,60,0,36210
BANKNIFTY-III.NFO,10/02/2025,09:42:58,50869.8,50850,30,50863,60,0,36210
BANKNIFTY-III.NFO,10/02/2025,09:43:00,50869.8,50850,30,50864.95,60,0,36210
BANKNIFTY-III.NFO,10/02/2025,09:43:01,50869.8,50850,30,50860.7,60,0,36210
BANKNIFTY-III.NFO,10/02/2025,09:43:03,50850,50836.45,60,50858.4,30,30,36240
BANKNIFTY-III.NFO,10/02/2025,09:43:05,50850,50835.9,60,50859.7,30,0,36240
BANKNIFTY-III.NFO,10/02/2025,09:43:06,50850,50834.5,60,50856,30,0,36240
BANKNIFTY-III.NFO,10/02/2025,09:43:08,50850,50830.9,60,50852.8,30,0,36240
BANKNIFTY-III.NFO,10/02/2025,09:43:10,50850,50830.1,60,50851.75,60,0,36240
BANKNIFTY-III.NFO,10/02/2025,09:43:11,50850,50831.15,60,50854.2,30,0,36240
BANKNIFTY-III.NFO,10/02/2025,09:43:13,50850,50830.5,60,50851.9,90,0,36240
BANKNIFTY-III.NFO,10/02/2025,09:43:15,50850,50830.05,90,50850.9,30,0,36240
BANKNIFTY-III.NFO,10/02/2025,09:43:16,50850,50830.5,150,50852.7,60,0,36240
BANKNIFTY-III.NFO,10/02/2025,09:43:18,50850,50833.4,60,50852.7,30,0,36240
BANKNIFTY-III.NFO,10/02/2025,09:43:20,50850,50830,300,50844.75,60,0,36240
BANKNIFTY-III.NFO,10/02/2025,09:43:21,50850,50830.05,60,50846.1,30,0,36240
BANKNIFTY-III.NFO,10/02/2025,09:43:23,50850,50830,300,50841.4,180,0,36240
BANKNIFTY-III.NFO,10/02/2025,09:43:25,50830,50830,120,50842.5,30,180,36240
BANKNIFTY-III.NFO,10/02/2025,09:43:25,50830,50830,120,50842.5,30,0,36240
BANKNIFTY-III.NFO,10/02/2025,09:43:26,50830,50830,120,50839.7,90,0,36240
BANKNIFTY-III.NFO,10/02/2025,09:43:28,50830,50830,120,50843.5,30,0,36240
BANKNIFTY-III.NFO,10/02/2025,09:43:30,50830,50830.05,90,50850.8,90,0,36240
BANKNIFTY-III.NFO,10/02/2025,09:43:31,50830.05,50830.65,60,50851.35,30,30,36240
BANKNIFTY-III.NFO,10/02/2025,09:43:33,50830.05,50833.2,60,50855.4,60,0,36240
BANKNIFTY-III.NFO,10/02/2025,09:43:35,50830.05,50830.65,60,50850.55,60,0,36240
BANKNIFTY-III.NFO,10/02/2025,09:43:36,50830.05,50830.65,60,50850.65,60,0,36240
BANKNIFTY-III.NFO,10/02/2025,09:43:38,50830.05,50830.05,60,50848,60,0,36240
BANKNIFTY-III.NFO,10/02/2025,09:43:40,50830.05,50830.05,60,50847.75,60,0,36240
BANKNIFTY-III.NFO,10/02/2025,09:43:41,50830.05,50830.05,60,50845.1,60,0,36240
BANKNIFTY-III.NFO,10/02/2025,09:43:43,50830.05,50830.05,60,50844.15,30,0,36240
BANKNIFTY-III.NFO,10/02/2025,09:43:45,50830.05,50830.05,90,50852.75,30,0,36240
BANKNIFTY-III.NFO,10/02/2025,09:43:46,50830.05,50830.5,60,50851.3,60,0,36240
BANKNIFTY-III.NFO,10/02/2025,09:43:48,50830.05,50830.05,90,50849.95,60,0,36240
BANKNIFTY-III.NFO,10/02/2025,09:43:51,50830.05,50830.05,90,50849.35,60,0,36240
BANKNIFTY-III.NFO,10/02/2025,09:43:53,50830.05,50830.05,90,50849.6,30,0,36240
BANKNIFTY-III.NFO,10/02/2025,09:43:55,50830.05,50830.05,90,50849.95,60,0,36240
BANKNIFTY-III.NFO,10/02/2025,09:43:56,50830.05,50830.05,90,50849,30,0,36240
BANKNIFTY-III.NFO,10/02/2025,09:43:58,50830.05,50831.3,30,50841.55,30,0,36240
BANKNIFTY-III.NFO,10/02/2025,09:44:00,50830.05,50831.3,30,50840.6,30,0,36240
BANKNIFTY-III.NFO,10/02/2025,09:44:01,50831.3,50830,120,50835.85,30,30,36240
BANKNIFTY-III.NFO,10/02/2025,09:44:03,50830,50825,30,50838.4,30,120,36240
BANKNIFTY-III.NFO,10/02/2025,09:44:05,50830,50825,30,50834.4,60,0,36240
BANKNIFTY-III.NFO,10/02/2025,09:44:06,50830,50825,30,50830.8,30,0,36240
BANKNIFTY-III.NFO,10/02/2025,09:44:08,50820,50810.05,60,50820,30,60,36240
BANKNIFTY-III.NFO,10/02/2025,09:44:08,50820,50810.05,60,50820,30,0,36240
BANKNIFTY-III.NFO,10/02/2025,09:44:10,50820,50810.05,90,50820,30,0,36240
BANKNIFTY-III.NFO,10/02/2025,09:44:11,50820,50810.3,90,50820,30,0,36240
BANKNIFTY-III.NFO,10/02/2025,09:44:13,50820,50813.35,60,50820,30,0,36240
BANKNIFTY-III.NFO,10/02/2025,09:44:14,50820,50817.95,60,50820,30,0,36240
BANKNIFTY-III.NFO,10/02/2025,09:44:16,50814.65,50817.8,150,50830,60,30,36240
BANKNIFTY-III.NFO,10/02/2025,09:44:16,50814.65,50817.8,150,50830,60,0,36240
BANKNIFTY-III.NFO,10/02/2025,09:44:18,50814.65,50825,300,50830,60,0,36240
BANKNIFTY-III.NFO,10/02/2025,09:44:19,50814.65,50825.05,120,50830,60,0,36240
BANKNIFTY-III.NFO,10/02/2025,09:44:21,50814.65,50825,300,50830,60,0,36240
BANKNIFTY-III.NFO,10/02/2025,09:44:29,50830,50825,300,50834.75,150,60,36240
BANKNIFTY-III.NFO,10/02/2025,09:44:31,50825,50825,240,50828.6,150,60,36240
BANKNIFTY-III.NFO,10/02/2025,09:44:33,50825,50825,90,50831.15,150,150,36240
BANKNIFTY-III.NFO,10/02/2025,09:44:34,50825,50825,90,50829.1,120,0,36240
BANKNIFTY-III.NFO,10/02/2025,09:44:36,50825,50825,90,50830.55,120,0,36240
BANKNIFTY-III.NFO,10/02/2025,09:44:38,50825,50825,90,50833.4,150,0,36240
BANKNIFTY-III.NFO,10/02/2025,09:44:39,50825,50825,60,50826.15,120,30,36240
BANKNIFTY-III.NFO,10/02/2025,09:44:41,50825,50825,60,50829.85,150,0,36240
BANKNIFTY-III.NFO,10/02/2025,09:44:43,50825,50825,60,50834.75,120,0,36240
BANKNIFTY-III.NFO,10/02/2025,09:44:45,50825,50825,60,50832.8,150,0,36240
BANKNIFTY-III.NFO,10/02/2025,09:44:46,50825,50825,60,50835.25,150,0,36240
BANKNIFTY-III.NFO,10/02/2025,09:44:48,50825,50825,60,50831.3,120,0,36240
BANKNIFTY-III.NFO,10/02/2025,09:44:50,50825,50825,60,50836.7,120,0,36240
BANKNIFTY-III.NFO,10/02/2025,09:44:51,50825,50825,30,50828.65,150,30,36240
BANKNIFTY-III.NFO,10/02/2025,09:44:53,50825,50814.7,120,50832.65,150,30,36240
BANKNIFTY-III.NFO,10/02/2025,09:44:55,50825,50814.7,150,50831.25,120,0,36240
BANKNIFTY-III.NFO,10/02/2025,09:44:56,50825,50814.7,150,50833.9,120,0,36240
BANKNIFTY-III.NFO,10/02/2025,09:44:58,50825,50814.65,30,50826.15,150,0,36240
BANKNIFTY-III.NFO,10/02/2025,09:45:00,50825,50814.65,30,50822.3,120,0,36240
BANKNIFTY-III.NFO,10/02/2025,09:45:01,50814.65,50810,60,50818.75,120,30,36240
BANKNIFTY-III.NFO,10/02/2025,09:45:03,50814.65,50810,60,50812.5,150,0,36240
BANKNIFTY-III.NFO,10/02/2025,09:45:05,50814.65,50810,60,50818.5,120,0,36240
BANKNIFTY-III.NFO,10/02/2025,09:45:06,50814.65,50810,60,50816.9,150,0,36240
BANKNIFTY-III.NFO,10/02/2025,09:45:08,50810,50805,30,50809.6,120,60,36240
BANKNIFTY-III.NFO,10/02/2025,09:45:08,50810,50805,30,50809.6,120,0,36240
BANKNIFTY-III.NFO,10/02/2025,09:45:10,50801,50800,210,50808.3,30,60,36240
BANKNIFTY-III.NFO,10/02/2025,09:45:10,50801,50800,210,50808.3,30,0,36240
BANKNIFTY-III.NFO,10/02/2025,09:45:11,50801,50800,210,50811,120,0,36240
BANKNIFTY-III.NFO,10/02/2025,09:45:13,50801,50800,210,50808.8,60,0,36240
BANKNIFTY-III.NFO,10/02/2025,09:45:15,50801,50800.05,120,50811.9,30,0,36240
BANKNIFTY-III.NFO,10/02/2025,09:45:16,50801,50800.05,120,50811.55,30,0,36240
BANKNIFTY-III.NFO,10/02/2025,09:45:18,50801,50800.05,120,50811.05,30,0,36240
BANKNIFTY-III.NFO,10/02/2025,09:45:20,50801,50800.05,120,50813.3,60,0,36240
BANKNIFTY-III.NFO,10/02/2025,09:45:21,50801,50800,210,50804.15,30,0,36240
BANKNIFTY-III.NFO,10/02/2025,09:45:23,50800,50800,270,50804.95,30,30,36240
BANKNIFTY-III.NFO,10/02/2025,09:45:23,50800,50800,270,50804.95,30,0,36240
BANKNIFTY-III.NFO,10/02/2025,09:45:25,50800,50800,270,50804.6,60,0,36240
BANKNIFTY-III.NFO,10/02/2025,09:45:26,50800,50787,30,50795.05,60,270,36240
BANKNIFTY-III.NFO,10/02/2025,09:45:28,50800,50787,30,50795.75,120,0,36240
BANKNIFTY-III.NFO,10/02/2025,09:45:30,50800,50787.05,150,50806.35,30,0,36240
BANKNIFTY-III.NFO,10/02/2025,09:45:31,50800,50800,270,50802.35,120,30,36240
BANKNIFTY-III.NFO,10/02/2025,09:45:33,50800,50800,210,50803.65,120,60,36240
BANKNIFTY-III.NFO,10/02/2025,09:45:35,50800,50800,210,50804.95,30,0,36240
BANKNIFTY-III.NFO,10/02/2025,09:45:36,50800,50800,210,50809.6,30,0,36240
BANKNIFTY-III.NFO,10/02/2025,09:45:38,50800,50800.05,120,50815.1,30,0,36240
BANKNIFTY-III.NFO,10/02/2025,09:45:40,50800,50800.05,120,50815.35,150,0,36240
BANKNIFTY-III.NFO,10/02/2025,09:45:41,50800,50800.05,150,50819.75,150,0,36240
BANKNIFTY-III.NFO,10/02/2025,09:45:43,50800,50800.05,120,50820.75,120,0,36240
BANKNIFTY-III.NFO,10/02/2025,09:45:45,50800,50800.05,150,50817.65,120,0,36240
BANKNIFTY-III.NFO,10/02/2025,09:45:46,50800,50800.05,120,50817.25,120,0,36240
BANKNIFTY-III.NFO,10/02/2025,09:45:48,50800,50800.05,150,50820.75,120,0,36240
BANKNIFTY-III.NFO,10/02/2025,09:45:50,50800,50800.05,150,50819.2,120,0,36240
BANKNIFTY-III.NFO,10/02/2025,09:45:51,50800,50800.05,120,50816.75,150,0,36240
BANKNIFTY-III.NFO,10/02/2025,09:45:53,50800,50800.05,120,50817.4,120,0,36240
BANKNIFTY-III.NFO,10/02/2025,09:45:55,50800,50800.05,150,50821.8,30,0,36240
BANKNIFTY-III.NFO,10/02/2025,09:45:56,50800,50800.05,150,50821.75,120,0,36240
BANKNIFTY-III.NFO,10/02/2025,09:45:58,50800,50800.05,150,50819.75,120,0,36240
BANKNIFTY-III.NFO,10/02/2025,09:46:00,50800,50800.05,120,50817.05,120,0,36240
BANKNIFTY-III.NFO,10/02/2025,09:46:01,50800,50800,210,50808.1,150,0,36240
BANKNIFTY-III.NFO,10/02/2025,09:46:03,50800,50800,210,50806.65,150,0,36240
BANKNIFTY-III.NFO,10/02/2025,09:46:05,50800,50800,30,50809,30,180,36240
BANKNIFTY-III.NFO,10/02/2025,09:46:06,50800,50800,30,50804.4,150,0,36510
BANKNIFTY-III.NFO,10/02/2025,09:46:08,50800,50800,30,50806.7,150,0,36510
BANKNIFTY-III.NFO,10/02/2025,09:46:10,50800,50787.05,150,50805.7,150,30,36510
BANKNIFTY-III.NFO,10/02/2025,09:46:11,50800,50787.05,150,50808.95,30,0,36510
BANKNIFTY-III.NFO,10/02/2025,09:46:13,50800,50787.05,150,50808.65,120,0,36510
BANKNIFTY-III.NFO,10/02/2025,09:46:14,50800,50787.05,150,50807.65,120,0,36510
BANKNIFTY-III.NFO,10/02/2025,09:46:16,50800,50787.05,150,50810.1,120,0,36510
BANKNIFTY-III.NFO,10/02/2025,09:46:18,50800,50788.4,120,50812.05,30,0,36510
BANKNIFTY-III.NFO,10/02/2025,09:46:19,50800,50791.65,120,50814.8,120,0,36510
BANKNIFTY-III.NFO,10/02/2025,09:46:21,50800,50793.3,120,50814.75,60,0,36510
BANKNIFTY-III.NFO,10/02/2025,09:46:23,50800,50793.3,120,50814.75,30,0,36510
BANKNIFTY-III.NFO,10/02/2025,09:46:24,50800,50793.3,120,50814.7,120,0,36510
BANKNIFTY-III.NFO,10/02/2025,09:46:26,50816.25,50793.3,120,50814.95,90,30,36510
BANKNIFTY-III.NFO,10/02/2025,09:46:28,50816.25,50800.05,120,50821.7,90,0,36510
BANKNIFTY-III.NFO,10/02/2025,09:46:29,50816.25,50800.05,120,50822.95,120,0,36510
BANKNIFTY-III.NFO,10/02/2025,09:46:33,50816.25,50800.6,120,50824.85,90,0,36510
BANKNIFTY-III.NFO,10/02/2025,09:46:34,50816.25,50800.6,120,50823.2,90,0,36510
BANKNIFTY-III.NFO,10/02/2025,09:46:36,50816.25,50800.05,150,50818.8,120,0,36510
BANKNIFTY-III.NFO,10/02/2025,09:46:38,50816.25,50800.05,150,50821.25,90,0,36510
BANKNIFTY-III.NFO,10/02/2025,09:46:39,50816.25,50800.05,150,50820.05,90,0,36510
BANKNIFTY-III.NFO,10/02/2025,09:46:43,50816.25,50800.05,150,50823.2,90,0,36510
BANKNIFTY-III.NFO,10/02/2025,09:46:46,50816.25,50802.95,120,50825.95,90,0,36510
BANKNIFTY-III.NFO,10/02/2025,09:46:48,50816.25,50803.3,150,50826.55,90,0,36510
BANKNIFTY-III.NFO,10/02/2025,09:46:50,50816.25,50801.3,120,50825.35,90,0,36510
BANKNIFTY-III.NFO,10/02/2025,09:46:51,50816.25,50802.65,120,50826.55,90,0,36510
BANKNIFTY-III.NFO,10/02/2025,09:46:53,50816.25,50808.55,120,50831.05,90,0,36510
BANKNIFTY-III.NFO,10/02/2025,09:46:58,50816.25,50804.65,120,50828.25,90,0,36510
BANKNIFTY-III.NFO,10/02/2025,09:47:00,50816.25,50800.05,150,50822.35,90,0,36510
BANKNIFTY-III.NFO,10/02/2025,09:47:01,50816.25,50800,30,50818.45,90,0,36510
BANKNIFTY-III.NFO,10/02/2025,09:47:03,50816.25,50800,30,50815.75,120,0,36510
BANKNIFTY-III.NFO,10/02/2025,09:47:06,50816.25,50800,30,50814.9,120,0,36510
BANKNIFTY-III.NFO,10/02/2025,09:47:08,50816.25,50800,30,50812.65,120,0,36510
BANKNIFTY-III.NFO,10/02/2025,09:47:11,50816.25,50800.05,120,50816.1,90,0,36510
BANKNIFTY-III.NFO,10/02/2025,09:47:13,50816.25,50800,30,50806.15,90,0,36510
BANKNIFTY-III.NFO,10/02/2025,09:47:15,50816.25,50800,30,50808.6,90,0,36510
BANKNIFTY-III.NFO,10/02/2025,09:47:17,50816.25,50800,30,50813.35,120,0,36510
BANKNIFTY-III.NFO,10/02/2025,09:47:18,50816.25,50800,30,50813.1,90,0,36510
BANKNIFTY-III.NFO,10/02/2025,09:47:20,50816.25,50800,30,50808.9,90,0,36510
BANKNIFTY-III.NFO,10/02/2025,09:47:22,50808.3,50800,30,50811.1,30,30,36510
BANKNIFTY-III.NFO,10/02/2025,09:47:23,50808.3,50800.05,150,50819.15,60,0,36510
BANKNIFTY-III.NFO,10/02/2025,09:47:25,50808.3,50800.05,150,50824,60,0,36510
BANKNIFTY-III.NFO,10/02/2025,09:47:27,50808.3,50800.1,120,50825,60,0,36510
BANKNIFTY-III.NFO,10/02/2025,09:47:28,50808.3,50800.1,120,50822.2,90,0,36510
BANKNIFTY-III.NFO,10/02/2025,09:47:30,50808.3,50800.1,120,50821.1,90,0,36510
BANKNIFTY-III.NFO,10/02/2025,09:47:31,50808.3,50800.05,150,50819.8,90,0,36510
BANKNIFTY-III.NFO,10/02/2025,09:47:33,50808.3,50800.05,150,50824.2,60,0,36510
BANKNIFTY-III.NFO,10/02/2025,09:47:35,50808.3,50800.05,150,50822.9,120,0,36510
BANKNIFTY-III.NFO,10/02/2025,09:47:36,50808.3,50800.05,150,50820.3,90,0,36510
BANKNIFTY-III.NFO,10/02/2025,09:47:38,50808.3,50800.05,150,50819.7,60,0,36510
BANKNIFTY-III.NFO,10/02/2025,09:47:40,50808.3,50800.05,150,50822.85,60,0,36510
BANKNIFTY-III.NFO,10/02/2025,09:47:41,50808.3,50820.3,30,50822.85,30,0,36510
BANKNIFTY-III.NFO,10/02/2025,09:47:43,50808.3,50820.3,30,50827.5,60,0,36510
BANKNIFTY-III.NFO,10/02/2025,09:47:44,50808.3,50820.3,30,50826.9,60,0,36510
BANKNIFTY-III.NFO,10/02/2025,09:47:46,50808.3,50820.3,30,50826.15,30,0,36510
BANKNIFTY-III.NFO,10/02/2025,09:47:48,50808.3,50820.3,30,50829.75,90,0,36510
BANKNIFTY-III.NFO,10/02/2025,09:47:49,50808.3,50820.3,30,50829.45,60,0,36510
BANKNIFTY-III.NFO,10/02/2025,09:47:51,50808.3,50820.3,30,50827.75,90,0,36510
BANKNIFTY-III.NFO,10/02/2025,09:47:53,50808.3,50820.3,30,50825.35,60,0,36510
BANKNIFTY-III.NFO,10/02/2025,09:47:54,50808.3,50820.3,30,50832.85,90,0,36510
BANKNIFTY-III.NFO,10/02/2025,09:47:56,50808.3,50820.3,30,50833.6,90,0,36510
BANKNIFTY-III.NFO,10/02/2025,09:47:58,50808.3,50820.3,30,50834.4,60,0,36510
BANKNIFTY-III.NFO,10/02/2025,09:47:59,50808.3,50820.3,30,50835.6,90,0,36510
BANKNIFTY-III.NFO,10/02/2025,09:48:01,50808.3,50820.3,30,50837.65,90,0,36510
BANKNIFTY-III.NFO,10/02/2025,09:48:03,50808.3,50820.35,150,50838.1,60,0,36510
BANKNIFTY-III.NFO,10/02/2025,09:48:04,50808.3,50820.35,120,50838.25,90,0,36510
BANKNIFTY-III.NFO,10/02/2025,09:48:06,50808.3,50820.35,150,50838.25,90,0,36510
BANKNIFTY-III.NFO,10/02/2025,09:48:08,50808.3,50820.35,150,50839.7,60,0,36510
BANKNIFTY-III.NFO,10/02/2025,09:48:09,50808.3,50820.4,120,50843.7,60,0,36510
BANKNIFTY-III.NFO,10/02/2025,09:48:11,50808.3,50820.4,120,50843.9,60,0,36510
BANKNIFTY-III.NFO,10/02/2025,09:48:12,50808.3,50820.4,120,50843.45,60,0,36510
BANKNIFTY-III.NFO,10/02/2025,09:48:14,50808.3,50820.35,150,50843,60,0,36510
BANKNIFTY-III.NFO,10/02/2025,09:48:19,50808.3,50820.35,150,50838.75,60,0,36510
BANKNIFTY-III.NFO,10/02/2025,09:48:21,50808.3,50820.3,30,50836.45,60,0,36510
BANKNIFTY-III.NFO,10/02/2025,09:48:22,50808.3,50820.3,30,50834.1,90,0,36510
BANKNIFTY-III.NFO,10/02/2025,09:48:24,50808.3,50820.3,30,50831.95,90,0,36510
BANKNIFTY-III.NFO,10/02/2025,09:48:26,50808.3,50820.3,30,50829.6,60,0,36510
BANKNIFTY-III.NFO,10/02/2025,09:48:27,50808.3,50820.3,30,50830.65,60,0,36510
BANKNIFTY-III.NFO,10/02/2025,09:48:29,50808.3,50820.3,30,50833.6,60,0,36510
BANKNIFTY-III.NFO,10/02/2025,09:48:31,50808.3,50820.3,30,50830.5,60,0,36510
BANKNIFTY-III.NFO,10/02/2025,09:48:32,50808.3,50820.3,30,50828.25,60,0,36510
BANKNIFTY-III.NFO,10/02/2025,09:48:34,50808.3,50820.3,30,50829.5,60,0,36510
BANKNIFTY-III.NFO,10/02/2025,09:48:36,50808.3,50820.3,30,50827.35,90,0,36510
BANKNIFTY-III.NFO,10/02/2025,09:48:37,50808.3,50820.3,30,50825.15,60,0,36510
BANKNIFTY-III.NFO,10/02/2025,09:48:39,50808.3,50808.35,120,50824.35,90,0,36510
BANKNIFTY-III.NFO,10/02/2025,09:48:41,50808.3,50808.35,120,50825.9,90,0,36510
BANKNIFTY-III.NFO,10/02/2025,09:48:42,50808.3,50808.35,150,50825.4,90,0,36510
BANKNIFTY-III.NFO,10/02/2025,09:48:44,50808.3,50808.35,150,50825.3,90,0,36510
BANKNIFTY-III.NFO,10/02/2025,09:48:46,50808.3,50808.3,90,50824.75,90,0,36510
BANKNIFTY-III.NFO,10/02/2025,09:48:47,50808.3,50808.35,150,50826.25,90,0,36510
BANKNIFTY-III.NFO,10/02/2025,09:48:49,50808.3,50808.35,150,50826.45,90,0,36510
BANKNIFTY-III.NFO,10/02/2025,09:48:51,50808.3,50808.35,150,50829.45,90,0,36510
BANKNIFTY-III.NFO,10/02/2025,09:48:53,50808.3,50808.35,150,50831.05,30,0,36510
BANKNIFTY-III.NFO,10/02/2025,09:48:54,50808.3,50808.35,150,50832.7,60,0,36510
BANKNIFTY-III.NFO,10/02/2025,09:48:56,50808.3,50811.05,120,50834.3,90,0,36510
BANKNIFTY-III.NFO,10/02/2025,09:48:58,50808.3,50815.05,120,50834.3,90,0,36510
BANKNIFTY-III.NFO,10/02/2025,09:48:59,50808.3,50815.05,120,50839.7,90,0,36510
BANKNIFTY-III.NFO,10/02/2025,09:49:01,50808.3,50822.9,120,50846.85,60,0,36510
BANKNIFTY-III.NFO,10/02/2025,09:49:03,50808.3,50822.9,120,50844.4,60,0,36510
BANKNIFTY-III.NFO,10/02/2025,09:49:04,50808.3,50815.85,120,50838.55,90,0,36510
BANKNIFTY-III.NFO,10/02/2025,09:49:06,50808.3,50819.4,120,50845.05,60,0,36510
BANKNIFTY-III.NFO,10/02/2025,09:49:08,50808.3,50822.45,120,50847.25,60,0,36510
BANKNIFTY-III.NFO,10/02/2025,09:49:09,50808.3,50822.45,120,50842.65,90,0,36510
BANKNIFTY-III.NFO,10/02/2025,09:49:11,50808.3,50821.15,120,50840.6,90,0,36510
BANKNIFTY-III.NFO,10/02/2025,09:49:13,50808.3,50821.15,120,50844.55,90,0,36510
BANKNIFTY-III.NFO,10/02/2025,09:49:14,50808.3,50821.15,120,50843.35,60,0,36510
BANKNIFTY-III.NFO,10/02/2025,09:49:16,50808.3,50821.15,120,50844.55,60,0,36510
BANKNIFTY-III.NFO,10/02/2025,09:49:18,50808.3,50821.7,120,50846.8,60,0,36510
BANKNIFTY-III.NFO,10/02/2025,09:49:19,50808.3,50822.25,120,50845.3,90,0,36510
BANKNIFTY-III.NFO,10/02/2025,09:49:21,50808.3,50822.25,120,50848.4,60,0,36510
BANKNIFTY-III.NFO,10/02/2025,09:49:23,50808.3,50827.5,120,50849,90,0,36510
BANKNIFTY-III.NFO,10/02/2025,09:49:24,50808.3,50825.7,120,50844.95,90,0,36510
BANKNIFTY-III.NFO,10/02/2025,09:49:26,50808.3,50822.25,120,50842.8,90,0,36510
BANKNIFTY-III.NFO,10/02/2025,09:49:28,50808.3,50820.5,120,50840.4,90,0,36510
BANKNIFTY-III.NFO,10/02/2025,09:49:29,50808.3,50818.75,120,50840.55,90,0,36510
BANKNIFTY-III.NFO,10/02/2025,09:49:31,50808.3,50817.65,120,50837.35,60,0,36510
BANKNIFTY-III.NFO,10/02/2025,09:49:33,50808.3,50817.65,120,50837.5,90,0,36510
BANKNIFTY-III.NFO,10/02/2025,09:49:34,50808.3,50817.05,150,50837.8,90,0,36510
BANKNIFTY-III.NFO,10/02/2025,09:49:36,50808.3,50817.05,150,50837.45,90,0,36510
BANKNIFTY-III.NFO,10/02/2025,09:49:38,50808.3,50817.05,150,50835.4,60,0,36510
BANKNIFTY-III.NFO,10/02/2025,09:49:39,50808.3,50817.05,150,50837.6,90,0,36510
BANKNIFTY-III.NFO,10/02/2025,09:49:41,50808.3,50817.05,150,50838.8,90,0,36510
BANKNIFTY-III.NFO,10/02/2025,09:49:43,50808.3,50817.05,150,50840,90,0,36510
BANKNIFTY-III.NFO,10/02/2025,09:49:44,50808.3,50822.65,120,50842.8,60,0,36510
BANKNIFTY-III.NFO,10/02/2025,09:49:46,50808.3,50822.65,120,50842.85,30,0,36510
BANKNIFTY-III.NFO,10/02/2025,09:49:48,50808.3,50825.4,120,50847.85,90,0,36510
BANKNIFTY-III.NFO,10/02/2025,09:49:51,50808.3,50825.4,240,50849.7,90,0,36510
BANKNIFTY-III.NFO,10/02/2025,09:49:53,50808.3,50829.5,120,50856.25,60,0,36510
BANKNIFTY-III.NFO,10/02/2025,09:49:54,50808.3,50839.95,120,50863,60,0,36510
BANKNIFTY-III.NFO,10/02/2025,09:49:56,50808.3,50845.15,120,50868.75,60,0,36510
BANKNIFTY-III.NFO,10/02/2025,09:49:58,50808.3,50844.15,120,50865.45,60,0,36510
BANKNIFTY-III.NFO,10/02/2025,09:49:59,50808.3,50840.4,120,50865.45,60,0,36510
BANKNIFTY-III.NFO,10/02/2025,09:50:01,50808.3,50840.85,120,50863.95,60,0,36510
BANKNIFTY-III.NFO,10/02/2025,09:50:03,50808.3,50848.85,120,50871.5,60,0,36510
BANKNIFTY-III.NFO,10/02/2025,09:50:04,50808.3,50850.4,120,50873,90,0,36510
BANKNIFTY-III.NFO,10/02/2025,09:50:06,50808.3,50852.1,120,50873,90,0,36510
BANKNIFTY-III.NFO,10/02/2025,09:50:08,50808.3,50850.8,120,50871.85,90,0,36510
BANKNIFTY-III.NFO,10/02/2025,09:50:09,50808.3,50849.9,120,50870.5,90,0,36510
BANKNIFTY-III.NFO,10/02/2025,09:50:11,50808.3,50849.9,120,50871.55,90,0,36510
BANKNIFTY-III.NFO,10/02/2025,09:50:13,50808.3,50851.55,120,50876.05,60,0,36510
BANKNIFTY-III.NFO,10/02/2025,09:50:14,50808.3,50853.15,120,50877.2,60,0,36510
BANKNIFTY-III.NFO,10/02/2025,09:50:16,50808.3,50853.3,120,50877.8,60,0,36510
BANKNIFTY-III.NFO,10/02/2025,09:50:18,50808.3,50857.8,120,50883.4,60,0,36510
BANKNIFTY-III.NFO,10/02/2025,09:50:19,50808.3,50865.2,120,50886.6,60,0,36510
BANKNIFTY-III.NFO,10/02/2025,09:50:21,50808.3,50863.85,120,50884.8,60,0,36510
BANKNIFTY-III.NFO,10/02/2025,09:50:23,50808.3,50871.05,120,50893.75,60,0,36510
BANKNIFTY-III.NFO,10/02/2025,09:50:26,50808.3,50871.05,120,50896.05,60,0,36510
BANKNIFTY-III.NFO,10/02/2025,09:50:28,50808.3,50875.9,120,50899.35,60,0,36510
BANKNIFTY-III.NFO,10/02/2025,09:50:29,50808.3,50871.05,120,50895.05,60,0,36510
BANKNIFTY-III.NFO,10/02/2025,09:50:31,50808.3,50871.05,120,50892.95,60,0,36510
BANKNIFTY-III.NFO,10/02/2025,09:50:33,50808.3,50871.05,120,50894.55,60,0,36510
BANKNIFTY-III.NFO,10/02/2025,09:50:34,50808.3,50857.8,120,50885,60,0,36510
BANKNIFTY-III.NFO,10/02/2025,09:50:36,50808.3,50857.8,120,50881.4,60,0,36510
BANKNIFTY-III.NFO,10/02/2025,09:50:38,50808.3,50857.8,120,50881.9,60,0,36510
BANKNIFTY-III.NFO,10/02/2025,09:50:39,50808.3,50859.15,120,50884.6,60,0,36510
BANKNIFTY-III.NFO,10/02/2025,09:50:41,50808.3,50854.45,120,50879.2,60,0,36510
BANKNIFTY-III.NFO,10/02/2025,09:50:43,50808.3,50854.15,120,50876.8,60,0,36510
BANKNIFTY-III.NFO,10/02/2025,09:50:44,50808.3,50848.85,120,50871.7,60,0,36510
BANKNIFTY-III.NFO,10/02/2025,09:50:46,50808.3,50847.7,120,50871.05,60,0,36510
BANKNIFTY-III.NFO,10/02/2025,09:50:48,50808.3,50851.2,120,50876.8,60,0,36510
BANKNIFTY-III.NFO,10/02/2025,09:50:49,50808.3,50851.8,120,50875.4,60,0,36510
BANKNIFTY-III.NFO,10/02/2025,09:50:53,50808.3,50852.15,150,50876.8,60,0,36510
BANKNIFTY-III.NFO,10/02/2025,09:50:54,50808.3,50848.2,120,50871.35,60,0,36510
BANKNIFTY-III.NFO,10/02/2025,09:50:56,50808.3,50845.95,120,50868.8,60,0,36510
BANKNIFTY-III.NFO,10/02/2025,09:50:59,50808.3,50839.25,120,50863.05,60,0,36510
BANKNIFTY-III.NFO,10/02/2025,09:51:01,50808.3,50837.5,120,50861.6,90,0,36510
BANKNIFTY-III.NFO,10/02/2025,09:51:03,50808.3,50836.15,120,50859.85,60,0,36510
BANKNIFTY-III.NFO,10/02/2025,09:51:06,50808.3,50837.25,120,50860.3,60,0,36510
BANKNIFTY-III.NFO,10/02/2025,09:51:10,50808.3,50837.25,120,50859.9,60,0,36510
BANKNIFTY-III.NFO,10/02/2025,09:51:11,50808.3,50836.65,120,50860.3,60,0,36510
BANKNIFTY-III.NFO,10/02/2025,09:51:13,50808.3,50843.45,120,50862.8,60,0,36510
BANKNIFTY-III.NFO,10/02/2025,09:51:15,50808.3,50845.25,120,50870,60,0,36510
BANKNIFTY-III.NFO,10/02/2025,09:51:16,50808.3,50842.5,120,50864.7,90,0,36510
BANKNIFTY-III.NFO,10/02/2025,09:51:18,50808.3,50841.55,120,50864,90,0,36510
BANKNIFTY-III.NFO,10/02/2025,09:51:20,50808.3,50841.55,120,50864.75,60,0,36510
BANKNIFTY-III.NFO,10/02/2025,09:51:21,50808.3,50841.55,120,50863,90,0,36510
BANKNIFTY-III.NFO,10/02/2025,09:51:25,50808.3,50841.55,120,50862.9,90,0,36510
BANKNIFTY-III.NFO,10/02/2025,09:51:26,50808.3,50836.55,120,50861.85,60,0,36510
BANKNIFTY-III.NFO,10/02/2025,09:51:28,50808.3,50843,60,50861.25,90,0,36510
BANKNIFTY-III.NFO,10/02/2025,09:51:30,50808.3,50843,30,50859.75,90,0,36510
BANKNIFTY-III.NFO,10/02/2025,09:51:31,50808.3,50843,30,50851.35,60,0,36510
BANKNIFTY-III.NFO,10/02/2025,09:51:33,50843,50819.05,120,50843.4,60,30,36780
BANKNIFTY-III.NFO,10/02/2025,09:51:35,50843,50817,30,50835.75,90,0,36780
BANKNIFTY-III.NFO,10/02/2025,09:51:36,50843,50817,30,50830.25,90,0,36780
BANKNIFTY-III.NFO,10/02/2025,09:51:38,50843,50817,30,50828.2,60,0,36780
BANKNIFTY-III.NFO,10/02/2025,09:51:40,50843,50817,30,50827.85,60,0,36780
BANKNIFTY-III.NFO,10/02/2025,09:51:41,50843,50817,30,50829.55,60,0,36780
BANKNIFTY-III.NFO,10/02/2025,09:51:43,50843,50817,30,50830.75,60,0,36780
BANKNIFTY-III.NFO,10/02/2025,09:51:45,50843,50817.05,150,50839.95,90,0,36780
BANKNIFTY-III.NFO,10/02/2025,09:51:46,50843,50817.05,150,50836.5,90,0,36780
BANKNIFTY-III.NFO,10/02/2025,09:51:48,50843,50817.75,120,50842.4,60,0,36780
BANKNIFTY-III.NFO,10/02/2025,09:51:50,50843,50827.2,120,50849.95,90,0,36780
BANKNIFTY-III.NFO,10/02/2025,09:51:51,50843,50827,120,50849.95,90,0,36780
BANKNIFTY-III.NFO,10/02/2025,09:51:53,50849.95,50829.95,120,50849.95,60,30,36810
BANKNIFTY-III.NFO,10/02/2025,09:51:55,50849.95,50836.3,120,50850,300,0,36810
BANKNIFTY-III.NFO,10/02/2025,09:51:58,50849.95,50837.3,120,50850,300,0,36810
BANKNIFTY-III.NFO,10/02/2025,09:52:00,50849.95,50837.65,150,50850,300,0,36810
BANKNIFTY-III.NFO,10/02/2025,09:52:01,50850,50846.85,120,50868.75,120,300,36810
BANKNIFTY-III.NFO,10/02/2025,09:52:03,50850,50848.4,120,50868.75,120,0,36810
BANKNIFTY-III.NFO,10/02/2025,09:52:05,50850,50845.55,120,50867,90,0,36810
BANKNIFTY-III.NFO,10/02/2025,09:52:08,50850,50845.55,120,50871.95,60,0,36810
BANKNIFTY-III.NFO,10/02/2025,09:52:10,50850,50868,30,50870.65,60,0,36810
BANKNIFTY-III.NFO,10/02/2025,09:52:11,50850,50868,30,50872,60,0,36810
BANKNIFTY-III.NFO,10/02/2025,09:52:13,50868,50845.55,120,50872,60,30,36810
BANKNIFTY-III.NFO,10/02/2025,09:52:15,50868,50844.4,120,50865.55,90,0,36810
BANKNIFTY-III.NFO,10/02/2025,09:52:16,50868,50840.9,120,50861.4,90,0,36810
BANKNIFTY-III.NFO,10/02/2025,09:52:18,50868,50840.9,120,50866.95,60,0,36810
BANKNIFTY-III.NFO,10/02/2025,09:52:20,50868,50841.95,120,50868.2,60,0,36810
BANKNIFTY-III.NFO,10/02/2025,09:52:21,50868,50844,120,50869.3,60,0,36810
BANKNIFTY-III.NFO,10/02/2025,09:52:23,50868,50846.7,120,50872,60,0,36810
BANKNIFTY-III.NFO,10/02/2025,09:52:25,50868,50847.65,120,50870.7,60,0,36810
BANKNIFTY-III.NFO,10/02/2025,09:52:26,50868,50847.65,120,50872.75,60,0,36810
BANKNIFTY-III.NFO,10/02/2025,09:52:28,50868,50848.9,120,50873.05,60,0,36810
BANKNIFTY-III.NFO,10/02/2025,09:52:30,50868,50848.9,120,50872.45,60,0,36810
BANKNIFTY-III.NFO,10/02/2025,09:52:33,50868,50850.5,120,50873.05,90,0,36810
BANKNIFTY-III.NFO,10/02/2025,09:52:38,50868,50851.35,120,50873.05,60,0,36810
BANKNIFTY-III.NFO,10/02/2025,09:52:40,50868,50854.95,120,50877.45,60,0,36810
BANKNIFTY-III.NFO,10/02/2025,09:52:41,50868,50855.5,120,50879.95,60,0,36810
BANKNIFTY-III.NFO,10/02/2025,09:52:43,50868,50856.15,210,50880.35,60,0,36810
BANKNIFTY-III.NFO,10/02/2025,09:52:44,50868,50856.15,120,50880.35,60,0,36810
BANKNIFTY-III.NFO,10/02/2025,09:52:46,50868,50856.15,120,50879.75,60,0,36810
BANKNIFTY-III.NFO,10/02/2025,09:52:48,50879.75,50856.15,120,50879.8,30,60,36810
BANKNIFTY-III.NFO,10/02/2025,09:52:49,50879.75,50859,120,50882.75,60,0,36810
BANKNIFTY-III.NFO,10/02/2025,09:52:51,50879.75,50862.8,120,50882.75,60,0,36810
BANKNIFTY-III.NFO,10/02/2025,09:52:54,50879.75,50862.8,120,50882.75,30,0,36810
BANKNIFTY-III.NFO,10/02/2025,09:52:56,50879.75,50864.7,330,50888.05,60,0,36810
BANKNIFTY-III.NFO,10/02/2025,09:52:58,50879.75,50864.95,120,50888.05,60,0,36810
BANKNIFTY-III.NFO,10/02/2025,09:52:59,50879.75,50865.9,150,50875,300,0,36810
BANKNIFTY-III.NFO,10/02/2025,09:53:01,50879.75,50865.75,150,50875,300,0,36810
BANKNIFTY-III.NFO,10/02/2025,09:53:03,50879.75,50861.7,150,50875,300,0,36810
BANKNIFTY-III.NFO,10/02/2025,09:53:04,50879.75,50861.75,120,50875,300,0,36810
BANKNIFTY-III.NFO,10/02/2025,09:53:06,50879.75,50862.55,150,50875,300,0,36810
BANKNIFTY-III.NFO,10/02/2025,09:53:08,50875,50863.7,150,50875,180,120,36810
BANKNIFTY-III.NFO,10/02/2025,09:53:09,50875,50863,120,50875,180,0,36810
BANKNIFTY-III.NFO,10/02/2025,09:53:11,50875,50860.6,150,50875,180,0,36810
BANKNIFTY-III.NFO,10/02/2025,09:53:14,50875,50861.45,30,50875,180,0,36810
BANKNIFTY-III.NFO,10/02/2025,09:53:16,50875,50854.65,120,50875,210,0,36810
BANKNIFTY-III.NFO,10/02/2025,09:53:20,50875,50854.65,120,50874.95,120,0,36810
BANKNIFTY-III.NFO,10/02/2025,09:53:23,50875,50849.8,120,50871.55,30,0,36810
BANKNIFTY-III.NFO,10/02/2025,09:53:25,50875,50851.65,120,50875,180,0,36810
BANKNIFTY-III.NFO,10/02/2025,09:53:26,50875,50863.7,150,50875,180,0,36810
BANKNIFTY-III.NFO,10/02/2025,09:53:28,50875,50862.6,150,50875,180,0,36810
BANKNIFTY-III.NFO,10/02/2025,09:53:30,50875,50861.75,150,50875,180,0,36810
BANKNIFTY-III.NFO,10/02/2025,09:53:31,50875,50864.15,150,50875,180,0,36810
BANKNIFTY-III.NFO,10/02/2025,09:53:33,50875,50867.35,150,50875,150,30,36810
BANKNIFTY-III.NFO,10/02/2025,09:53:35,50875,50870.2,150,50875,150,0,36810
BANKNIFTY-III.NFO,10/02/2025,09:53:36,50875,50864.6,150,50875,150,0,36810
BANKNIFTY-III.NFO,10/02/2025,09:53:38,50875,50865.15,150,50875,150,0,36810
BANKNIFTY-III.NFO,10/02/2025,09:53:40,50875,50869.2,120,50875,150,0,36810
BANKNIFTY-III.NFO,10/02/2025,09:53:41,50875,50869.8,120,50875,150,0,36810
BANKNIFTY-III.NFO,10/02/2025,09:53:43,50875,50869.25,120,50875,150,0,36810
BANKNIFTY-III.NFO,10/02/2025,09:53:45,50875,50872.45,120,50875,150,0,36810
BANKNIFTY-III.NFO,10/02/2025,09:53:46,50875,50868.65,120,50875,150,0,36810
BANKNIFTY-III.NFO,10/02/2025,09:53:48,50875,50872.1,150,50875,150,0,36810
BANKNIFTY-III.NFO,10/02/2025,09:53:50,50875,50865.2,120,50875,30,120,36810
BANKNIFTY-III.NFO,10/02/2025,09:53:51,50875,50869.8,120,50875,30,0,36810
BANKNIFTY-III.NFO,10/02/2025,09:53:53,50875,50873.3,120,50875,30,0,36810
BANKNIFTY-III.NFO,10/02/2025,09:53:55,50875,50874.8,120,50895.4,90,30,36810
BANKNIFTY-III.NFO,10/02/2025,09:53:56,50875,50872.75,120,50894.2,30,0,36810
BANKNIFTY-III.NFO,10/02/2025,09:53:58,50875,50874.45,120,50894.2,60,0,36810
BANKNIFTY-III.NFO,10/02/2025,09:54:00,50875,50875.95,120,50898.55,30,0,36810
BANKNIFTY-III.NFO,10/02/2025,09:54:01,50875,50875.05,120,50895.05,60,0,36810
BANKNIFTY-III.NFO,10/02/2025,09:54:03,50875,50877.45,120,50900,150,0,36810
BANKNIFTY-III.NFO,10/02/2025,09:54:05,50875,50878.25,120,50900,180,0,36810
BANKNIFTY-III.NFO,10/02/2025,09:54:06,50875,50878.7,120,50900,180,0,36810
BANKNIFTY-III.NFO,10/02/2025,09:54:08,50875,50879.25,120,50900,180,0,36810
BANKNIFTY-III.NFO,10/02/2025,09:54:10,50875,50881.3,120,50900,150,0,36810
BANKNIFTY-III.NFO,10/02/2025,09:54:11,50875,50882.75,150,50900,150,0,36810
BANKNIFTY-III.NFO,10/02/2025,09:54:13,50875,50882.75,30,50900,180,0,36810
BANKNIFTY-III.NFO,10/02/2025,09:54:15,50875,50876,120,50897.1,60,0,36810
BANKNIFTY-III.NFO,10/02/2025,09:54:16,50875,50875,30,50895.1,180,0,36810
BANKNIFTY-III.NFO,10/02/2025,09:54:18,50875,50875,30,50889.25,30,0,36810
BANKNIFTY-III.NFO,10/02/2025,09:54:20,50875,50875,60,50891.65,60,0,36810
BANKNIFTY-III.NFO,10/02/2025,09:54:21,50875,50875,60,50890.2,180,0,36810
BANKNIFTY-III.NFO,10/02/2025,09:54:23,50875,50875,60,50886.8,180,0,36810
BANKNIFTY-III.NFO,10/02/2025,09:54:25,50875,50875,60,50886.85,150,0,36810
BANKNIFTY-III.NFO,10/02/2025,09:54:26,50875,50875,60,50883,150,0,36810
BANKNIFTY-III.NFO,10/02/2025,09:54:28,50875,50875,60,50886.15,180,0,36810
BANKNIFTY-III.NFO,10/02/2025,09:54:30,50875,50875,60,50887.95,180,0,36810
BANKNIFTY-III.NFO,10/02/2025,09:54:31,50875,50875,60,50892.15,180,0,36810
BANKNIFTY-III.NFO,10/02/2025,09:54:33,50875,50875,90,50892.3,180,0,36810
BANKNIFTY-III.NFO,10/02/2025,09:54:35,50875,50875,90,50891.35,150,0,36810
BANKNIFTY-III.NFO,10/02/2025,09:54:36,50875,50875.05,150,50894.9,30,0,36810
BANKNIFTY-III.NFO,10/02/2025,09:54:38,50875,50876.85,120,50900,180,0,36810
BANKNIFTY-III.NFO,10/02/2025,09:54:40,50875,50877.7,120,50900,180,0,36810
BANKNIFTY-III.NFO,10/02/2025,09:54:41,50875,50877.7,120,50898.45,180,0,36810
BANKNIFTY-III.NFO,10/02/2025,09:54:43,50875,50878.25,120,50900,180,0,36810
BANKNIFTY-III.NFO,10/02/2025,09:54:46,50875,50879.55,120,50900,180,0,36810
BANKNIFTY-III.NFO,10/02/2025,09:54:48,50875,50881.2,120,50900,150,0,36810
BANKNIFTY-III.NFO,10/02/2025,09:54:50,50875,50882.05,120,50900,150,0,36810
BANKNIFTY-III.NFO,10/02/2025,09:54:51,50875,50879.55,120,50900,180,0,36810
BANKNIFTY-III.NFO,10/02/2025,09:54:53,50875,50877.25,120,50898.15,150,0,36810
BANKNIFTY-III.NFO,10/02/2025,09:54:55,50875,50875.1,120,50896.85,30,0,36810
BANKNIFTY-III.NFO,10/02/2025,09:54:56,50875,50875.05,150,50894.45,180,0,36810
BANKNIFTY-III.NFO,10/02/2025,09:54:58,50875,50875.05,150,50891.2,150,0,36810
BANKNIFTY-III.NFO,10/02/2025,09:55:00,50875,50875.05,150,50894.75,30,0,36810
BANKNIFTY-III.NFO,10/02/2025,09:55:01,50875,50875.05,150,50897.35,30,0,36810
BANKNIFTY-III.NFO,10/02/2025,09:55:03,50875,50875.05,150,50892.95,150,0,36810
BANKNIFTY-III.NFO,10/02/2025,09:55:05,50875,50875.05,150,50894.1,180,0,36810
BANKNIFTY-III.NFO,10/02/2025,09:55:06,50891,50875.05,150,50894.85,30,30,36690
BANKNIFTY-III.NFO,10/02/2025,09:55:08,50875,50875.05,150,50895.2,120,210,36690
BANKNIFTY-III.NFO,10/02/2025,09:55:10,50875,50875.05,150,50894.55,150,0,36690
BANKNIFTY-III.NFO,10/02/2025,09:55:11,50875,50879,120,50899.95,150,0,36690
