Ticker,Date,Time,LTP,BuyPrice,BuyQty,SellPrice,SellQty,LTQ,OpenInterest
NIFTY-I.NFO,10/02/2025,09:15:00,23589.95,23550,75,23589.95,75,3900,0
NIFTY-I.NFO,10/02/2025,09:15:00,23589.95,23550,75,23589.95,75,0,0
NIFTY-I.NFO,10/02/2025,09:15:00,23623,23550,75,23589.95,75,0,0
NIFTY-I.NFO,10/02/2025,09:15:00,23589.95,23550,75,23589.95,75,0,0
NIFTY-I.NFO,10/02/2025,09:15:00,23585.35,23575.65,450,23587.85,75,1950,16761000
NIFTY-I.NFO,10/02/2025,09:15:00,23566,23575.65,450,23587.85,75,0,16761000
NIFTY-I.NFO,10/02/2025,09:15:01,23590.35,23581.25,375,23590.4,150,5100,16761000
NIFTY-I.NFO,10/02/2025,09:15:02,23592.05,23589.2,150,23592.75,150,3975,16761000
NIFTY-I.NFO,10/02/2025,09:15:03,23598,23594.4,225,23598.95,300,5250,16761000
NIFTY-I.NFO,10/02/2025,09:15:04,23595.3,23588.2,300,23595.3,375,3675,16761000
NIFTY-I.NFO,10/02/2025,09:15:05,23581.4,23584.45,75,23589.2,75,4275,16761000
NIFTY-I.NFO,10/02/2025,09:15:06,23592,23588.25,150,23593,75,3750,16761000
NIFTY-I.NFO,10/02/2025,09:15:07,23590.1,23583.7,300,23590.1,225,2625,16761000
NIFTY-I.NFO,10/02/2025,09:15:08,23590.15,23586.05,75,23590.15,450,1500,16761000
NIFTY-I.NFO,10/02/2025,09:15:09,23588.4,23580.65,300,23587.9,225,2175,16761000
NIFTY-I.NFO,10/02/2025,09:15:10,23587.55,23580,225,23585.2,300,2400,16761000
NIFTY-I.NFO,10/02/2025,09:15:11,23582,23575.25,300,23580.05,75,1425,16761000
NIFTY-I.NFO,10/02/2025,09:15:12,23575,23574,75,23574.65,75,2325,16761000
NIFTY-I.NFO,10/02/2025,09:15:13,23573.65,23571.05,75,23573.85,150,2025,16761000
NIFTY-I.NFO,10/02/2025,09:15:14,23570,23565.1,75,23569.8,75,1425,16761000
NIFTY-I.NFO,10/02/2025,09:15:15,23569.8,23565.05,225,23569.85,1575,1350,16761000
NIFTY-I.NFO,10/02/2025,09:15:15,23565,23565.05,225,23569.85,1575,0,16761000
NIFTY-I.NFO,10/02/2025,09:15:16,23564.55,23564.05,300,23568.2,150,675,16761000
NIFTY-I.NFO,10/02/2025,09:15:16,23564.55,23564.05,300,23568.2,150,0,16761000
NIFTY-I.NFO,10/02/2025,09:15:17,23565,23562,75,23565,225,1125,16761000
NIFTY-I.NFO,10/02/2025,09:15:17,23562.9,23562,75,23565,225,0,16761000
NIFTY-I.NFO,10/02/2025,09:15:18,23562.85,23560.05,150,23565,75,2400,16761000
NIFTY-I.NFO,10/02/2025,09:15:18,23560,23560.05,150,23565,75,0,16761000
NIFTY-I.NFO,10/02/2025,09:15:19,23565.05,23562.9,75,23566.35,150,1350,16761000
NIFTY-I.NFO,10/02/2025,09:15:20,23568.8,23561.45,300,23566.4,75,4875,16761000
NIFTY-I.NFO,10/02/2025,09:15:21,23565.8,23561.05,300,23565.05,150,975,16761000
NIFTY-I.NFO,10/02/2025,09:15:22,23561.05,23561.05,225,23562.85,750,1125,16761000
NIFTY-I.NFO,10/02/2025,09:15:23,23562.85,23559.65,450,23562.85,225,2700,16761000
NIFTY-I.NFO,10/02/2025,09:15:23,23556.4,23559.65,450,23562.85,225,0,16761000
NIFTY-I.NFO,10/02/2025,09:15:24,23561.05,23559.9,75,23562.9,300,300,16761000
NIFTY-I.NFO,10/02/2025,09:15:25,23560.55,23560.5,375,23561,1800,375,16761000
NIFTY-I.NFO,10/02/2025,09:15:26,23559.5,23560,75,23561,1425,975,16761000
NIFTY-I.NFO,10/02/2025,09:15:27,23561,23560.05,300,23561,225,1350,16778175
NIFTY-I.NFO,10/02/2025,09:15:28,23563.6,23563.3,300,23568.4,150,7725,16778175
NIFTY-I.NFO,10/02/2025,09:15:29,23568.4,23562.4,75,23570.9,300,4125,16778175
NIFTY-I.NFO,10/02/2025,09:15:30,23564.35,23564.35,75,23570.95,150,4425,16778175
NIFTY-I.NFO,10/02/2025,09:15:31,23570.7,23562.85,75,23569.4,75,4800,16778175
NIFTY-I.NFO,10/02/2025,09:15:32,23568.6,23563.3,75,23568.5,600,1875,16778175
NIFTY-I.NFO,10/02/2025,09:15:33,23565.1,23565.05,300,23570.55,300,150,16778175
NIFTY-I.NFO,10/02/2025,09:15:34,23570.6,23568.8,300,23570.6,150,450,16778175
NIFTY-I.NFO,10/02/2025,09:15:35,23571.9,23568.9,300,23573,1800,1575,16778175
NIFTY-I.NFO,10/02/2025,09:15:36,23568.9,23569.05,75,23573,1650,450,16778175
NIFTY-I.NFO,10/02/2025,09:15:37,23572,23571.5,75,23575,75,2025,16778175
NIFTY-I.NFO,10/02/2025,09:15:38,23573,23571.1,300,23575,75,75,16778175
NIFTY-I.NFO,10/02/2025,09:15:39,23570.6,23569.15,75,23570.6,525,2775,16778175
NIFTY-I.NFO,10/02/2025,09:15:40,23569.7,23568.55,75,23574.9,900,1650,16778175
NIFTY-I.NFO,10/02/2025,09:15:41,23570.6,23568.55,75,23574.7,450,450,16778175
NIFTY-I.NFO,10/02/2025,09:15:42,23574.9,23570,300,23574.95,525,1350,16778175
NIFTY-I.NFO,10/02/2025,09:15:43,23570.7,23570.6,75,23572.65,375,1050,16778175
NIFTY-I.NFO,10/02/2025,09:15:44,23572.55,23568.9,150,23572.4,375,450,16778175
NIFTY-I.NFO,10/02/2025,09:15:45,23570,23568.9,75,23570,1950,1200,16778175
NIFTY-I.NFO,10/02/2025,09:15:46,23568.9,23568.85,75,23570,1725,300,16778175
NIFTY-I.NFO,10/02/2025,09:15:47,23570,23568.9,75,23570,1575,600,16778175
NIFTY-I.NFO,10/02/2025,09:15:48,23565,23565,525,23570,1275,825,16778175
NIFTY-I.NFO,10/02/2025,09:15:49,23565,23565,1200,23570,1200,1200,16778175
NIFTY-I.NFO,10/02/2025,09:15:50,23570,23565,1200,23569.9,75,150,16778175
NIFTY-I.NFO,10/02/2025,09:15:51,23565,23560.15,150,23568.25,450,2475,16778175
NIFTY-I.NFO,10/02/2025,09:15:52,23568.35,23561.15,150,23568.35,300,1050,16778175
NIFTY-I.NFO,10/02/2025,09:15:53,23561.1,23561.1,225,23568.35,300,225,16778175
NIFTY-I.NFO,10/02/2025,09:15:54,23560.05,23560,825,23567.4,375,1350,16778175
NIFTY-I.NFO,10/02/2025,09:15:55,23560,23559.1,150,23560,450,2175,16778175
NIFTY-I.NFO,10/02/2025,09:15:56,23558.6,23559.55,150,23565.9,375,2325,16778175
NIFTY-I.NFO,10/02/2025,09:15:57,23557.9,23558.8,150,23559.55,150,1425,16778175
NIFTY-I.NFO,10/02/2025,09:15:58,23557.95,23557.9,75,23564.95,300,825,16778175
NIFTY-I.NFO,10/02/2025,09:15:59,23565,23557.9,300,23564.95,300,1950,16778175
NIFTY-I.NFO,10/02/2025,09:16:00,23560,23555.4,300,23562.55,300,2700,16778175
NIFTY-I.NFO,10/02/2025,09:16:00,23555.3,23555.4,300,23562.55,300,0,16778175
NIFTY-I.NFO,10/02/2025,09:16:01,23552.85,23552.05,300,23558.75,150,1725,16778175
NIFTY-I.NFO,10/02/2025,09:16:01,23552.85,23552.05,300,23558.75,150,0,16778175
NIFTY-I.NFO,10/02/2025,09:16:02,23556.15,23550.55,75,23556,300,2025,16778175
NIFTY-I.NFO,10/02/2025,09:16:02,23551,23550.55,75,23556,300,0,16778175
NIFTY-I.NFO,10/02/2025,09:16:03,23550.1,23550,4950,23553.95,300,1725,16778175
NIFTY-I.NFO,10/02/2025,09:16:03,23550.1,23550,4950,23553.95,300,0,16778175
NIFTY-I.NFO,10/02/2025,09:16:04,23550,23550,3000,23554,300,2175,16778175
NIFTY-I.NFO,10/02/2025,09:16:04,23550,23550,3000,23554,300,0,16778175
NIFTY-I.NFO,10/02/2025,09:16:05,23550,23550,2550,23554.05,150,2700,16778175
NIFTY-I.NFO,10/02/2025,09:16:06,23555.4,23555.4,675,23557.4,150,525,16778175
NIFTY-I.NFO,10/02/2025,09:16:07,23556.15,23555.4,600,23558.9,300,1350,16778175
NIFTY-I.NFO,10/02/2025,09:16:08,23555,23555,150,23560.4,150,675,16778175
NIFTY-I.NFO,10/02/2025,09:16:09,23553.55,23554,75,23559.45,75,2475,16778175
NIFTY-I.NFO,10/02/2025,09:16:10,23550.85,23551.3,75,23559.45,300,1425,16778175
NIFTY-I.NFO,10/02/2025,09:16:11,23559.4,23550.9,150,23559.4,300,600,16778175
NIFTY-I.NFO,10/02/2025,09:16:12,23551.95,23552.9,75,23558.6,150,675,16778175
NIFTY-I.NFO,10/02/2025,09:16:13,23552.95,23555,150,23559.4,300,2175,16778175
NIFTY-I.NFO,10/02/2025,09:16:14,23554.85,23555.5,225,23560.9,300,375,16778175
NIFTY-I.NFO,10/02/2025,09:16:15,23562.4,23560.15,300,23564.3,300,300,16778175
NIFTY-I.NFO,10/02/2025,09:16:16,23564.35,23560.9,75,23564.35,225,1275,16778175
NIFTY-I.NFO,10/02/2025,09:16:17,23560.9,23559.7,75,23563.8,225,450,16778175
NIFTY-I.NFO,10/02/2025,09:16:18,23555.75,23555.5,75,23562.95,300,1050,16778175
NIFTY-I.NFO,10/02/2025,09:16:19,23557.35,23557.35,150,23562.95,300,600,16778175
NIFTY-I.NFO,10/02/2025,09:16:20,23556.85,23556.85,525,23562.35,300,1200,16778175
NIFTY-I.NFO,10/02/2025,09:16:21,23560.85,23557,150,23560.6,450,1875,16778175
NIFTY-I.NFO,10/02/2025,09:16:22,23559.2,23555.25,300,23559.45,750,900,16778175
NIFTY-I.NFO,10/02/2025,09:16:23,23561.3,23557.05,225,23560.9,150,1950,16778175
NIFTY-I.NFO,10/02/2025,09:16:24,23557,23557,75,23557.05,150,450,16778175
NIFTY-I.NFO,10/02/2025,09:16:25,23558.4,23555.2,75,23558.4,1050,825,16778175
NIFTY-I.NFO,10/02/2025,09:16:26,23559.9,23554,75,23559.9,450,900,16778175
NIFTY-I.NFO,10/02/2025,09:16:27,23553.4,23553,75,23559.9,300,1050,16778175
NIFTY-I.NFO,10/02/2025,09:16:28,23559.4,23553.05,150,23559.55,300,1425,16778175
NIFTY-I.NFO,10/02/2025,09:16:29,23559.6,23551.75,450,23559.35,150,525,16778175
NIFTY-I.NFO,10/02/2025,09:16:30,23557.95,23551,450,23558,750,225,16778175
NIFTY-I.NFO,10/02/2025,09:16:31,23556.65,23551,75,23557.05,75,750,16778175
NIFTY-I.NFO,10/02/2025,09:16:32,23550.1,23550.05,150,23556.4,375,375,16778175
NIFTY-I.NFO,10/02/2025,09:16:33,23556.4,23550.05,300,23556.45,150,300,16778175
NIFTY-I.NFO,10/02/2025,09:16:34,23550.25,23557.05,1500,23557.4,300,2250,16778175
NIFTY-I.NFO,10/02/2025,09:16:35,23557.4,23555,5175,23557.4,150,2925,16778175
NIFTY-I.NFO,10/02/2025,09:16:36,23557.45,23555,4350,23557.45,300,1125,16778175
NIFTY-I.NFO,10/02/2025,09:16:37,23557.4,23557.4,225,23557.5,450,300,16778175
NIFTY-I.NFO,10/02/2025,09:16:38,23557.5,23555,4125,23557.5,225,375,16778175
NIFTY-I.NFO,10/02/2025,09:16:39,23555,23555,3975,23557.5,225,300,16778175
NIFTY-I.NFO,10/02/2025,09:16:40,23557.4,23555,3825,23557.5,150,225,16778175
NIFTY-I.NFO,10/02/2025,09:16:41,23557.5,23555.05,75,23557.55,225,300,16778175
NIFTY-I.NFO,10/02/2025,09:16:42,23557.5,23557.35,1425,23557.45,525,150,16778175
NIFTY-I.NFO,10/02/2025,09:16:43,23557.35,23557.35,600,23557.5,375,2925,16778175
NIFTY-I.NFO,10/02/2025,09:16:44,23557.5,23555,1650,23557.5,150,1200,16778175
NIFTY-I.NFO,10/02/2025,09:16:45,23556.4,23555.25,450,23557.5,225,1350,16778175
NIFTY-I.NFO,10/02/2025,09:16:46,23557.5,23557.5,75,23558,1050,675,16778175
NIFTY-I.NFO,10/02/2025,09:16:47,23558,23556.6,150,23558,1125,300,16778175
NIFTY-I.NFO,10/02/2025,09:16:48,23556.6,23555,1575,23557.35,75,300,16778175
NIFTY-I.NFO,10/02/2025,09:16:49,23555,23555,975,23558,675,675,16778175
NIFTY-I.NFO,10/02/2025,09:16:50,23555,23555.1,300,23558,525,225,16778175
NIFTY-I.NFO,10/02/2025,09:16:51,23558,23555.2,450,23558,450,75,16778175
NIFTY-I.NFO,10/02/2025,09:16:52,23558,23557.5,300,23558,300,225,16778175
NIFTY-I.NFO,10/02/2025,09:16:53,23558,23556,75,23559.4,375,675,16778175
NIFTY-I.NFO,10/02/2025,09:16:54,23559.4,23553.15,300,23559.4,225,3375,16778175
NIFTY-I.NFO,10/02/2025,09:16:55,23555.05,23555,75,23558,225,1650,16778175
NIFTY-I.NFO,10/02/2025,09:16:56,23559.95,23553.05,450,23559.4,300,1425,16778175
NIFTY-I.NFO,10/02/2025,09:16:57,23559.4,23553.05,750,23559.4,300,750,16778175
NIFTY-I.NFO,10/02/2025,09:16:58,23558,23553.05,675,23559.45,150,150,16778175
NIFTY-I.NFO,10/02/2025,09:16:59,23559.5,23552.45,600,23559.5,450,900,16778175
NIFTY-I.NFO,10/02/2025,09:17:00,23557.75,23555,75,23558.6,300,450,16778175
NIFTY-I.NFO,10/02/2025,09:17:01,23555,23553,150,23558.4,300,75,16778175
NIFTY-I.NFO,10/02/2025,09:17:02,23556.75,23552.45,150,23556.8,75,1050,16778175
NIFTY-I.NFO,10/02/2025,09:17:03,23551.45,23551.4,75,23557.85,75,300,16778175
NIFTY-I.NFO,10/02/2025,09:17:04,23557.9,23551,525,23557.25,75,1050,16778175
NIFTY-I.NFO,10/02/2025,09:17:05,23550.95,23555.1,75,23557.25,75,375,16778175
NIFTY-I.NFO,10/02/2025,09:17:06,23551,23550.6,450,23552.4,75,450,16778175
NIFTY-I.NFO,10/02/2025,09:17:07,23556,23550.45,150,23556.4,150,375,16778175
NIFTY-I.NFO,10/02/2025,09:17:08,23550.55,23550.55,600,23551.4,150,150,16778175
NIFTY-I.NFO,10/02/2025,09:17:09,23550.5,23554,75,23554.55,300,300,16778175
NIFTY-I.NFO,10/02/2025,09:17:10,23550.55,23550.45,300,23550.55,525,300,16778175
NIFTY-I.NFO,10/02/2025,09:17:11,23552.9,23550.55,150,23552.65,75,1500,16778175
NIFTY-I.NFO,10/02/2025,09:17:12,23550.55,23551.4,75,23552.65,75,825,16778175
NIFTY-I.NFO,10/02/2025,09:17:13,23550.6,23550.55,2625,23552.6,75,450,16778175
NIFTY-I.NFO,10/02/2025,09:17:14,23552.6,23550.6,300,23552.65,75,2025,16778175
NIFTY-I.NFO,10/02/2025,09:17:15,23550.55,23550.55,1200,23552.55,75,2175,16778175
NIFTY-I.NFO,10/02/2025,09:17:16,23552.5,23550.6,225,23552.55,75,1425,16778175
NIFTY-I.NFO,10/02/2025,09:17:17,23552.6,23550.6,75,23552.6,600,300,16778175
NIFTY-I.NFO,10/02/2025,09:17:18,23552.4,23550.55,375,23552.4,300,1200,16778175
NIFTY-I.NFO,10/02/2025,09:17:19,23551,23551,75,23552,75,900,16778175
NIFTY-I.NFO,10/02/2025,09:17:20,23550.25,23550.4,75,23552.65,75,675,16778175
NIFTY-I.NFO,10/02/2025,09:17:21,23552.6,23552,75,23552.6,75,525,16778175
NIFTY-I.NFO,10/02/2025,09:17:22,23552,23552,150,23553,75,450,16778175
NIFTY-I.NFO,10/02/2025,09:17:23,23552.95,23552.6,750,23553,75,300,16778175
NIFTY-I.NFO,10/02/2025,09:17:24,23553.9,23552.6,750,23553.9,150,300,16778175
NIFTY-I.NFO,10/02/2025,09:17:25,23553.9,23553,900,23554.4,75,225,16778175
NIFTY-I.NFO,10/02/2025,09:17:26,23553.15,23553.15,75,23554.4,75,600,16778175
NIFTY-I.NFO,10/02/2025,09:17:27,23554.45,23553,825,23554.45,225,450,16778175
NIFTY-I.NFO,10/02/2025,09:17:28,23553,23553,900,23554.4,300,525,16778175
NIFTY-I.NFO,10/02/2025,09:17:29,23554.4,23553,825,23554.4,225,450,16778175
NIFTY-I.NFO,10/02/2025,09:17:30,23556.4,23555.05,225,23556,75,675,16778175
NIFTY-I.NFO,10/02/2025,09:17:31,23553.05,23553.05,150,23555.9,75,600,16778175
NIFTY-I.NFO,10/02/2025,09:17:32,23550.55,23553.1,75,23555.2,75,5775,16778175
NIFTY-I.NFO,10/02/2025,09:17:33,23553,23550.45,600,23553,150,450,16778175
NIFTY-I.NFO,10/02/2025,09:17:34,23553.1,23552.05,150,23554.4,375,1725,16778175
NIFTY-I.NFO,10/02/2025,09:17:35,23552.05,23550.65,300,23554.4,900,525,16778175
NIFTY-I.NFO,10/02/2025,09:17:36,23552.05,23550.65,300,23553.45,225,450,16778175
NIFTY-I.NFO,10/02/2025,09:17:37,23550.65,23550,4950,23551.75,75,450,16778175
NIFTY-I.NFO,10/02/2025,09:17:38,23547,23547,75,23549,1350,5475,16778175
NIFTY-I.NFO,10/02/2025,09:17:38,23547,23547,75,23549,1350,0,16778175
NIFTY-I.NFO,10/02/2025,09:17:39,23549,23547,150,23549,750,825,16778175
NIFTY-I.NFO,10/02/2025,09:17:39,23546,23547,150,23549,750,0,16778175
NIFTY-I.NFO,10/02/2025,09:17:40,23546.05,23547,75,23549,600,450,16778175
NIFTY-I.NFO,10/02/2025,09:17:41,23545.95,23545.4,75,23546,75,2700,16778175
NIFTY-I.NFO,10/02/2025,09:17:41,23545.95,23545.4,75,23546,75,0,16778175
NIFTY-I.NFO,10/02/2025,09:17:42,23547.9,23541.65,900,23547.4,75,2175,16778175
NIFTY-I.NFO,10/02/2025,09:17:42,23541.05,23541.65,900,23547.4,75,0,16778175
NIFTY-I.NFO,10/02/2025,09:17:43,23546,23542.55,300,23548.2,225,1275,16778175
NIFTY-I.NFO,10/02/2025,09:17:44,23542.85,23542.85,150,23547.5,525,300,16778175
NIFTY-I.NFO,10/02/2025,09:17:45,23546,23545,75,23548.4,225,2100,16778175
NIFTY-I.NFO,10/02/2025,09:17:46,23545.95,23545.95,150,23548.4,975,225,16778175
NIFTY-I.NFO,10/02/2025,09:17:47,23547.6,23546.1,75,23547.6,225,225,16778175
NIFTY-I.NFO,10/02/2025,09:17:48,23539.8,23540.4,750,23547.65,300,18450,16778175
NIFTY-I.NFO,10/02/2025,09:17:48,23539.8,23540.4,750,23547.65,300,0,16778175
NIFTY-I.NFO,10/02/2025,09:17:49,23543,23543,675,23547.6,75,375,16778175
NIFTY-I.NFO,10/02/2025,09:17:50,23545.95,23543,675,23545.95,150,450,16778175
NIFTY-I.NFO,10/02/2025,09:17:51,23545.95,23543.05,225,23545.95,75,375,16778175
NIFTY-I.NFO,10/02/2025,09:17:52,23543,23543,375,23545.9,75,450,16778175
NIFTY-I.NFO,10/02/2025,09:17:53,23545.95,23541.85,375,23546.85,75,1875,16778175
NIFTY-I.NFO,10/02/2025,09:17:54,23545.95,23541.9,75,23546.9,1500,0,16778175
NIFTY-I.NFO,10/02/2025,09:17:55,23545.95,23542,75,23546.85,75,0,16778175
NIFTY-I.NFO,10/02/2025,09:17:56,23541.9,23541,75,23545.25,75,450,16778175
NIFTY-I.NFO,10/02/2025,09:17:57,23541,23543,75,23545.3,825,1800,16778175
NIFTY-I.NFO,10/02/2025,09:17:57,23537.4,23543,75,23545.3,825,0,16778175
NIFTY-I.NFO,10/02/2025,09:17:58,23545.35,23543,75,23545.35,900,225,16778175
NIFTY-I.NFO,10/02/2025,09:17:59,23545.9,23541.05,150,23545.85,300,375,16778175
NIFTY-I.NFO,10/02/2025,09:18:00,23545.9,23540.15,300,23545.9,300,750,16778175
NIFTY-I.NFO,10/02/2025,09:18:01,23540.05,23540.15,300,23545.9,375,1350,16778175
NIFTY-I.NFO,10/02/2025,09:18:02,23545.35,23541.05,300,23545.9,225,375,16778175
NIFTY-I.NFO,10/02/2025,09:18:03,23545.9,23541,150,23545.9,1425,150,16778175
NIFTY-I.NFO,10/02/2025,09:18:04,23541,23540,75,23545.5,825,375,16778175
NIFTY-I.NFO,10/02/2025,09:18:05,23541,23540,75,23541.9,150,300,16778175
NIFTY-I.NFO,10/02/2025,09:18:06,23545,23540.05,75,23544.85,75,1125,16778175
NIFTY-I.NFO,10/02/2025,09:18:07,23540,23540,75,23543.95,300,300,16778175
NIFTY-I.NFO,10/02/2025,09:18:08,23544,23540,75,23544.35,300,150,16778175
NIFTY-I.NFO,10/02/2025,09:18:09,23544,23541.9,225,23543.65,300,0,16778175
NIFTY-I.NFO,10/02/2025,09:18:10,23540.9,23538,75,23540.9,75,375,16778175
NIFTY-I.NFO,10/02/2025,09:18:11,23543.4,23541,75,23543.4,750,450,16778175
NIFTY-I.NFO,10/02/2025,09:18:13,23541.2,23540,75,23541.9,1500,1500,16778175
NIFTY-I.NFO,10/02/2025,09:18:13,23537.35,23540,75,23541.9,1500,0,16778175
NIFTY-I.NFO,10/02/2025,09:18:15,23541.9,23536.45,300,23541.85,300,1200,16778175
NIFTY-I.NFO,10/02/2025,09:18:15,23536.7,23536.45,300,23541.85,300,0,16778175
NIFTY-I.NFO,10/02/2025,09:18:16,23541.05,23534.75,75,23541.05,150,4500,16778175
NIFTY-I.NFO,10/02/2025,09:18:16,23534.8,23534.75,75,23541.05,150,0,16778175
NIFTY-I.NFO,10/02/2025,09:18:18,23541,23534.8,75,23540.95,375,2700,16778175
NIFTY-I.NFO,10/02/2025,09:18:18,23533.1,23534.8,75,23540.95,375,0,16778175
NIFTY-I.NFO,10/02/2025,09:18:20,23535,23535,75,23540.95,450,450,16778175
NIFTY-I.NFO,10/02/2025,09:18:21,23533.9,23533.9,375,23540.05,150,2175,16778175
NIFTY-I.NFO,10/02/2025,09:18:23,23540.4,23534,225,23540.1,600,900,16778175
NIFTY-I.NFO,10/02/2025,09:18:25,23540,23534.3,675,23540,600,600,16778175
NIFTY-I.NFO,10/02/2025,09:18:26,23536.1,23536.1,300,23540.1,300,1200,16778175
NIFTY-I.NFO,10/02/2025,09:18:28,23540,23540,75,23540.1,75,2325,16824750
NIFTY-I.NFO,10/02/2025,09:18:30,23540,23535,300,23540,225,225,16824750
NIFTY-I.NFO,10/02/2025,09:18:31,23541,23535.35,825,23541,375,1725,16824750
NIFTY-I.NFO,10/02/2025,09:18:33,23540.1,23538,75,23541,300,150,16824750
NIFTY-I.NFO,10/02/2025,09:18:34,23541,23538,75,23540,150,225,16824750
NIFTY-I.NFO,10/02/2025,09:18:36,23538.05,23538.05,75,23540.1,450,750,16824750
NIFTY-I.NFO,10/02/2025,09:18:38,23540.1,23538.05,300,23540.1,150,525,16824750
NIFTY-I.NFO,10/02/2025,09:18:39,23541.9,23538.05,300,23541.9,900,1425,16824750
NIFTY-I.NFO,10/02/2025,09:18:41,23540,23540,300,23541,225,825,16824750
NIFTY-I.NFO,10/02/2025,09:18:43,23541,23540,600,23541.9,900,450,16824750
NIFTY-I.NFO,10/02/2025,09:18:44,23540,23538.85,300,23540,1125,3600,16824750
NIFTY-I.NFO,10/02/2025,09:18:46,23541,23536.35,75,23541.9,1650,2175,16824750
NIFTY-I.NFO,10/02/2025,09:18:47,23536.6,23536.55,75,23541.9,1650,750,16824750
NIFTY-I.NFO,10/02/2025,09:18:49,23541.9,23536.55,75,23541.9,1200,750,16824750
NIFTY-I.NFO,10/02/2025,09:18:51,23541,23537.05,225,23542.4,300,5400,16824750
NIFTY-I.NFO,10/02/2025,09:18:52,23542.4,23536.05,375,23542.4,150,8025,16824750
NIFTY-I.NFO,10/02/2025,09:18:54,23536.8,23536.8,375,23542.9,300,600,16824750
NIFTY-I.NFO,10/02/2025,09:18:56,23542.9,23541,150,23542.9,150,1875,16824750
NIFTY-I.NFO,10/02/2025,09:18:57,23541,23541,75,23542.9,300,300,16824750
NIFTY-I.NFO,10/02/2025,09:18:59,23539,23536.75,300,23541,300,375,16824750
NIFTY-I.NFO,10/02/2025,09:19:01,23536.95,23536.95,150,23541,300,225,16824750
NIFTY-I.NFO,10/02/2025,09:19:02,23537,23538.35,75,23541,225,225,16824750
NIFTY-I.NFO,10/02/2025,09:19:04,23540,23536,75,23539.5,300,2775,16824750
NIFTY-I.NFO,10/02/2025,09:19:06,23539.85,23535.15,300,23540,2100,1725,16824750
NIFTY-I.NFO,10/02/2025,09:19:07,23540,23539.5,75,23540,750,1425,16824750
NIFTY-I.NFO,10/02/2025,09:19:09,23541,23539.7,300,23543.4,225,975,16824750
NIFTY-I.NFO,10/02/2025,09:19:11,23540,23541,1500,23543.4,150,300,16824750
NIFTY-I.NFO,10/02/2025,09:19:12,23537.75,23538.4,300,23544.4,750,4950,16824750
NIFTY-I.NFO,10/02/2025,09:19:14,23541,23543.4,300,23544.4,375,375,16824750
NIFTY-I.NFO,10/02/2025,09:19:15,23544.4,23540.35,300,23545,525,600,16824750
NIFTY-I.NFO,10/02/2025,09:19:17,23544.4,23540,2025,23544.4,450,600,16824750
NIFTY-I.NFO,10/02/2025,09:19:19,23546.65,23542.2,375,23546.65,150,975,16824750
NIFTY-I.NFO,10/02/2025,09:19:20,23545,23542.15,225,23545,675,300,16824750
NIFTY-I.NFO,10/02/2025,09:19:22,23544.4,23541.45,75,23544.4,300,900,16824750
NIFTY-I.NFO,10/02/2025,09:19:24,23544.9,23540.1,225,23544.35,300,2325,16824750
NIFTY-I.NFO,10/02/2025,09:19:25,23544.4,23540,900,23544.4,825,150,16824750
NIFTY-I.NFO,10/02/2025,09:19:27,23544.45,23540.05,225,23544.4,75,975,16824750
NIFTY-I.NFO,10/02/2025,09:19:29,23540.1,23540.05,75,23540.1,300,1500,16824750
NIFTY-I.NFO,10/02/2025,09:19:30,23542.4,23540.1,75,23541.4,150,5325,16824750
NIFTY-I.NFO,10/02/2025,09:19:32,23541.65,23537,75,23538.9,225,4575,16824750
NIFTY-I.NFO,10/02/2025,09:19:34,23541.4,23537,75,23541.4,375,600,16824750
NIFTY-I.NFO,10/02/2025,09:19:35,23541.3,23540.05,300,23541.4,75,225,16824750
NIFTY-I.NFO,10/02/2025,09:19:37,23540,23540,4125,23542.9,450,3000,16824750
NIFTY-I.NFO,10/02/2025,09:19:39,23543.9,23541.4,75,23541.7,75,75,16824750
NIFTY-I.NFO,10/02/2025,09:19:40,23541.3,23541,375,23542.4,375,900,16824750
NIFTY-I.NFO,10/02/2025,09:19:42,23542.4,23542,75,23542.4,150,1950,16824750
NIFTY-I.NFO,10/02/2025,09:19:44,23543.9,23541.05,600,23544.4,300,675,16824750
NIFTY-I.NFO,10/02/2025,09:19:45,23545.4,23541.35,300,23545.65,225,1650,16824750
NIFTY-I.NFO,10/02/2025,09:19:47,23545.65,23541.3,75,23545.65,150,150,16824750
NIFTY-I.NFO,10/02/2025,09:19:49,23546.65,23543.9,75,23545.7,150,1200,16824750
NIFTY-I.NFO,10/02/2025,09:19:50,23547.9,23545,75,23545.9,1725,375,16824750
NIFTY-I.NFO,10/02/2025,09:19:52,23545.9,23545,375,23545.9,825,900,16824750
NIFTY-I.NFO,10/02/2025,09:19:54,23545.65,23543.9,75,23545.65,150,450,16824750
NIFTY-I.NFO,10/02/2025,09:19:55,23542,23542,1425,23545,75,300,16824750
NIFTY-I.NFO,10/02/2025,09:19:57,23543.9,23542.05,525,23545.4,750,300,16824750
NIFTY-I.NFO,10/02/2025,09:19:59,23545.4,23542.05,225,23545.4,525,75,16824750
NIFTY-I.NFO,10/02/2025,09:20:00,23536.55,23536.85,825,23544.2,375,9675,16824750
NIFTY-I.NFO,10/02/2025,09:20:02,23544.1,23538.1,450,23544.1,300,8100,16824750
NIFTY-I.NFO,10/02/2025,09:20:04,23539.5,23539.2,450,23544.1,300,5175,16824750
NIFTY-I.NFO,10/02/2025,09:20:05,23539.85,23540.05,375,23544.1,150,3300,16824750
NIFTY-I.NFO,10/02/2025,09:20:07,23544.1,23542,375,23544.1,150,1125,16824750
NIFTY-I.NFO,10/02/2025,09:20:09,23540.55,23544.15,300,23547.4,750,7125,16824750
NIFTY-I.NFO,10/02/2025,09:20:10,23544.15,23544.1,150,23547.3,375,375,16824750
NIFTY-I.NFO,10/02/2025,09:20:12,23545.1,23540,300,23544.3,300,1125,16824750
NIFTY-I.NFO,10/02/2025,09:20:14,23545.4,23540.15,150,23545.4,150,825,16824750
NIFTY-I.NFO,10/02/2025,09:20:15,23544.1,23540.05,75,23540.15,75,300,16824750
NIFTY-I.NFO,10/02/2025,09:20:17,23542.9,23540.05,225,23542.9,1125,300,16824750
NIFTY-I.NFO,10/02/2025,09:20:19,23541,23541,75,23542.95,825,1050,16824750
NIFTY-I.NFO,10/02/2025,09:20:20,23541,23538,75,23541.9,375,900,16824750
NIFTY-I.NFO,10/02/2025,09:20:22,23541.75,23538,75,23541.3,450,225,16824750
NIFTY-I.NFO,10/02/2025,09:20:24,23540,23538,75,23541.3,225,150,16824750
NIFTY-I.NFO,10/02/2025,09:20:25,23537.05,23537.05,225,23541.25,75,900,16824750
NIFTY-I.NFO,10/02/2025,09:20:27,23537.05,23537,150,23541.25,75,1650,16824750
NIFTY-I.NFO,10/02/2025,09:20:29,23541.9,23537.1,300,23541.9,75,300,16824750
NIFTY-I.NFO,10/02/2025,09:20:30,23541.9,23538,75,23542.3,75,0,16824750
NIFTY-I.NFO,10/02/2025,09:20:32,23541.25,23538,75,23541.55,600,225,16824750
NIFTY-I.NFO,10/02/2025,09:20:34,23538.15,23535,1125,23538.8,75,1050,16824750
NIFTY-I.NFO,10/02/2025,09:20:35,23534,23533,375,23537.75,675,1650,16824750
NIFTY-I.NFO,10/02/2025,09:20:37,23538.5,23535,75,23538.55,450,975,16824750
NIFTY-I.NFO,10/02/2025,09:20:37,23533,23535,75,23538.55,450,0,16824750
NIFTY-I.NFO,10/02/2025,09:20:38,23538.55,23535.2,300,23538,75,75,16824750
NIFTY-I.NFO,10/02/2025,09:20:40,23538,23538.15,75,23538.5,75,75,16824750
NIFTY-I.NFO,10/02/2025,09:20:42,23534.55,23534.2,300,23540,75,975,16824750
NIFTY-I.NFO,10/02/2025,09:20:43,23540,23538,375,23540,225,75,16824750
NIFTY-I.NFO,10/02/2025,09:20:45,23540,23538,75,23540.9,300,525,16824750
NIFTY-I.NFO,10/02/2025,09:20:47,23540,23538,75,23540,75,150,16824750
NIFTY-I.NFO,10/02/2025,09:20:48,23540,23538,75,23540,1800,75,16824750
NIFTY-I.NFO,10/02/2025,09:20:50,23540,23538,75,23540,1125,375,16824750
NIFTY-I.NFO,10/02/2025,09:20:52,23538,23536.9,75,23540,1125,75,16824750
NIFTY-I.NFO,10/02/2025,09:20:53,23540,23536.9,75,23540,1275,150,16824750
NIFTY-I.NFO,10/02/2025,09:20:55,23540,23536.95,75,23540,975,300,16824750
NIFTY-I.NFO,10/02/2025,09:20:57,23538,23536.95,300,23540,825,450,16824750
NIFTY-I.NFO,10/02/2025,09:20:58,23537.05,23537.05,75,23540,750,300,16824750
NIFTY-I.NFO,10/02/2025,09:21:00,23540,23537.35,75,23540,750,225,16824750
NIFTY-I.NFO,10/02/2025,09:21:01,23538.3,23538.35,300,23540,525,1950,16824750
NIFTY-I.NFO,10/02/2025,09:21:03,23538.45,23537,300,23539.95,300,225,16824750
NIFTY-I.NFO,10/02/2025,09:21:05,23537,23537.1,300,23539.95,225,300,16824750
NIFTY-I.NFO,10/02/2025,09:21:07,23537.4,23537.55,150,23540,450,450,16824750
NIFTY-I.NFO,10/02/2025,09:21:08,23540,23537.25,150,23540,225,300,16824750
NIFTY-I.NFO,10/02/2025,09:21:10,23539.95,23538.05,300,23543,75,2025,16824750
NIFTY-I.NFO,10/02/2025,09:21:12,23538,23537.75,300,23543.4,150,1125,16824750
NIFTY-I.NFO,10/02/2025,09:21:13,23538,23539.05,600,23543.35,225,0,16824750
NIFTY-I.NFO,10/02/2025,09:21:15,23543.35,23540.1,300,23545.4,600,900,16824750
NIFTY-I.NFO,10/02/2025,09:21:17,23546.4,23542.35,300,23547,75,450,16824750
NIFTY-I.NFO,10/02/2025,09:21:18,23541.7,23541.9,300,23547.4,1125,975,16824750
NIFTY-I.NFO,10/02/2025,09:21:20,23541.9,23540.35,300,23546,75,1650,16824750
NIFTY-I.NFO,10/02/2025,09:21:22,23546,23540.4,300,23544.7,75,1425,16824750
NIFTY-I.NFO,10/02/2025,09:21:23,23540.7,23540.25,300,23545.4,450,375,16824750
NIFTY-I.NFO,10/02/2025,09:21:25,23546.8,23542.55,300,23546.8,375,1575,16824750
NIFTY-I.NFO,10/02/2025,09:21:27,23546.8,23543.2,225,23546.8,150,525,16824750
NIFTY-I.NFO,10/02/2025,09:21:28,23546.8,23543.25,375,23546.8,75,150,16886850
NIFTY-I.NFO,10/02/2025,09:21:30,23546.8,23545.35,150,23548,75,225,16886850
NIFTY-I.NFO,10/02/2025,09:21:32,23547.4,23546.85,75,23548,225,150,16886850
NIFTY-I.NFO,10/02/2025,09:21:33,23548.65,23546.85,300,23547,75,1200,16886850
NIFTY-I.NFO,10/02/2025,09:21:35,23543.95,23543.7,225,23547,75,1350,16886850
NIFTY-I.NFO,10/02/2025,09:21:37,23547,23545.05,225,23548.65,150,375,16886850
NIFTY-I.NFO,10/02/2025,09:21:38,23545,23543.4,300,23548.65,75,675,16886850
NIFTY-I.NFO,10/02/2025,09:21:40,23544,23544,225,23548.95,225,525,16886850
NIFTY-I.NFO,10/02/2025,09:21:42,23548.85,23544,75,23546.95,375,675,16886850
NIFTY-I.NFO,10/02/2025,09:21:43,23545.05,23545.05,150,23547.4,300,525,16886850
NIFTY-I.NFO,10/02/2025,09:21:45,23548,23545.05,300,23547.95,75,825,16886850
NIFTY-I.NFO,10/02/2025,09:21:47,23546.95,23540.45,300,23545.8,75,4200,16886850
NIFTY-I.NFO,10/02/2025,09:21:48,23544,23540.05,300,23543.6,450,6450,16886850
NIFTY-I.NFO,10/02/2025,09:21:50,23544,23540.4,300,23542.6,375,3150,16886850
NIFTY-I.NFO,10/02/2025,09:21:51,23544.6,23541.2,75,23542.15,450,1575,16886850
NIFTY-I.NFO,10/02/2025,09:21:53,23543.15,23540.55,225,23543.15,375,450,16886850
NIFTY-I.NFO,10/02/2025,09:21:55,23544.65,23540.65,150,23545.6,75,300,16886850
NIFTY-I.NFO,10/02/2025,09:21:56,23544.65,23543.5,300,23547.95,75,375,16886850
NIFTY-I.NFO,10/02/2025,09:21:58,23545.6,23545.65,300,23549,825,1650,16886850
NIFTY-I.NFO,10/02/2025,09:22:00,23549.45,23549.5,150,23549.9,150,1350,16886850
NIFTY-I.NFO,10/02/2025,09:22:01,23550.3,23550.3,75,23551.65,150,3900,16886850
NIFTY-I.NFO,10/02/2025,09:22:03,23547.4,23548,300,23551.6,75,3600,16886850
NIFTY-I.NFO,10/02/2025,09:22:05,23551.6,23547.45,150,23551.65,150,2025,16886850
NIFTY-I.NFO,10/02/2025,09:22:06,23550,23547.45,300,23550,150,750,16886850
NIFTY-I.NFO,10/02/2025,09:22:08,23550,23547.45,300,23550.3,600,225,16886850
NIFTY-I.NFO,10/02/2025,09:22:10,23550.05,23550.05,225,23550.3,450,675,16886850
NIFTY-I.NFO,10/02/2025,09:22:11,23547.45,23547.45,225,23550.15,450,750,16886850
NIFTY-I.NFO,10/02/2025,09:22:13,23550.3,23547.45,75,23550.05,75,375,16886850
NIFTY-I.NFO,10/02/2025,09:22:15,23547.45,23548.85,300,23550,150,1350,16886850
NIFTY-I.NFO,10/02/2025,09:22:16,23551.65,23550.05,300,23552,150,1050,16886850
NIFTY-I.NFO,10/02/2025,09:22:18,23550.35,23550.35,75,23552,150,300,16886850
NIFTY-I.NFO,10/02/2025,09:22:20,23552,23550.35,300,23551.65,75,900,16886850
NIFTY-I.NFO,10/02/2025,09:22:21,23550.35,23550.55,300,23551.8,75,300,16886850
NIFTY-I.NFO,10/02/2025,09:22:23,23555,23551.7,300,23555,150,1275,16886850
NIFTY-I.NFO,10/02/2025,09:22:25,23550.95,23550.55,300,23553.15,450,1350,16886850
NIFTY-I.NFO,10/02/2025,09:22:26,23552.05,23552,75,23553.15,300,750,16886850
NIFTY-I.NFO,10/02/2025,09:22:28,23554.65,23553.05,150,23555.55,75,300,16886850
NIFTY-I.NFO,10/02/2025,09:22:30,23555,23553.05,225,23555,150,75,16886850
NIFTY-I.NFO,10/02/2025,09:22:31,23555.05,23555.05,300,23556.15,225,600,16886850
NIFTY-I.NFO,10/02/2025,09:22:33,23553.9,23552.15,75,23553.9,75,1050,16886850
NIFTY-I.NFO,10/02/2025,09:22:35,23552.1,23553.05,300,23554.4,75,825,16886850
NIFTY-I.NFO,10/02/2025,09:22:36,23553.65,23553.05,75,23555,75,525,16886850
NIFTY-I.NFO,10/02/2025,09:22:38,23554,23553.95,300,23554.7,300,675,16886850
NIFTY-I.NFO,10/02/2025,09:22:40,23553.95,23553.95,75,23554.95,75,600,16886850
NIFTY-I.NFO,10/02/2025,09:22:41,23554.7,23554.05,300,23554.95,75,2850,16886850
NIFTY-I.NFO,10/02/2025,09:22:43,23554.05,23554.05,375,23555.2,225,1200,16886850
NIFTY-I.NFO,10/02/2025,09:22:45,23554.05,23554.05,75,23554.75,450,975,16886850
NIFTY-I.NFO,10/02/2025,09:22:46,23555.2,23553.05,150,23556.25,375,1725,16886850
NIFTY-I.NFO,10/02/2025,09:22:48,23556.65,23555.2,75,23557,75,750,16886850
NIFTY-I.NFO,10/02/2025,09:22:50,23557,23555.05,300,23557.2,75,150,16886850
NIFTY-I.NFO,10/02/2025,09:22:51,23555.05,23555.25,300,23557.75,300,1725,16886850
NIFTY-I.NFO,10/02/2025,09:22:53,23557.75,23555.05,150,23557.75,150,675,16886850
NIFTY-I.NFO,10/02/2025,09:22:55,23558.4,23555.05,300,23558.4,150,1500,16886850
NIFTY-I.NFO,10/02/2025,09:22:56,23558.45,23555.05,225,23558.45,75,525,16886850
NIFTY-I.NFO,10/02/2025,09:22:58,23555.05,23555.25,150,23560,825,225,16886850
NIFTY-I.NFO,10/02/2025,09:23:00,23560,23555.55,525,23560,150,750,16886850
NIFTY-I.NFO,10/02/2025,09:23:01,23555.95,23555.95,75,23558.45,75,1125,16886850
NIFTY-I.NFO,10/02/2025,09:23:03,23559.9,23555.6,300,23560.2,75,975,16886850
NIFTY-I.NFO,10/02/2025,09:23:05,23555.6,23555.6,600,23557.25,75,450,16886850
NIFTY-I.NFO,10/02/2025,09:23:06,23553,23552.1,300,23554.4,375,4200,16886850
NIFTY-I.NFO,10/02/2025,09:23:08,23552.1,23552.1,225,23553.75,525,1125,16886850
NIFTY-I.NFO,10/02/2025,09:23:10,23560.45,23552.9,375,23557.4,225,11175,16886850
NIFTY-I.NFO,10/02/2025,09:23:11,23552.15,23552.25,300,23557.4,150,2700,16886850
NIFTY-I.NFO,10/02/2025,09:23:13,23560,23554.15,150,23559.9,150,450,16886850
NIFTY-I.NFO,10/02/2025,09:23:15,23555.05,23555.05,225,23561.25,300,300,16886850
NIFTY-I.NFO,10/02/2025,09:23:16,23554.7,23555.3,225,23560.75,150,900,16886850
NIFTY-I.NFO,10/02/2025,09:23:18,23555.95,23554.35,300,23560,75,225,16886850
NIFTY-I.NFO,10/02/2025,09:23:20,23555.95,23553.25,150,23560,75,0,16886850
NIFTY-I.NFO,10/02/2025,09:23:22,23555.95,23555.05,375,23560,225,0,16886850
NIFTY-I.NFO,10/02/2025,09:23:23,23560,23555.05,375,23560,225,75,16886850
NIFTY-I.NFO,10/02/2025,09:23:25,23560,23555.05,1200,23560,150,225,16886850
NIFTY-I.NFO,10/02/2025,09:23:27,23560,23555.15,75,23560.05,150,300,16886850
NIFTY-I.NFO,10/02/2025,09:23:28,23558.85,23555.25,300,23560.05,300,2025,16886850
NIFTY-I.NFO,10/02/2025,09:23:30,23555.25,23555.35,225,23560,75,450,16886850
NIFTY-I.NFO,10/02/2025,09:23:31,23555.25,23556.05,225,23560,75,0,16886850
NIFTY-I.NFO,10/02/2025,09:23:33,23560.4,23556.15,150,23560.4,1275,225,16886850
NIFTY-I.NFO,10/02/2025,09:23:35,23560.4,23556.25,300,23560.45,150,1650,16886850
NIFTY-I.NFO,10/02/2025,09:23:36,23560,23556.35,300,23560.45,300,675,16886850
NIFTY-I.NFO,10/02/2025,09:23:38,23560.5,23556.45,300,23560.5,375,150,16886850
NIFTY-I.NFO,10/02/2025,09:23:40,23561,23556.55,300,23561,225,150,16886850
NIFTY-I.NFO,10/02/2025,09:23:41,23560.45,23556.6,300,23560.95,300,900,16886850
NIFTY-I.NFO,10/02/2025,09:23:43,23562,23560.05,300,23561,375,1125,16886850
NIFTY-I.NFO,10/02/2025,09:23:45,23560.8,23560.05,225,23561.05,150,2625,16886850
NIFTY-I.NFO,10/02/2025,09:23:46,23560.8,23556.55,300,23558.9,150,525,16886850
NIFTY-I.NFO,10/02/2025,09:23:48,23558.9,23556.75,300,23560.9,525,150,16886850
NIFTY-I.NFO,10/02/2025,09:23:49,23561.9,23558.95,150,23561.9,150,750,16886850
NIFTY-I.NFO,10/02/2025,09:23:51,23563,23558.95,300,23562.45,225,1875,16886850
NIFTY-I.NFO,10/02/2025,09:23:53,23557.45,23557.45,450,23562,150,750,16886850
NIFTY-I.NFO,10/02/2025,09:23:54,23561.1,23556.55,300,23561.65,375,375,16886850
NIFTY-I.NFO,10/02/2025,09:23:56,23562,23556.6,300,23561.7,150,225,16886850
NIFTY-I.NFO,10/02/2025,09:23:58,23561.75,23559.45,300,23560.9,375,75,16886850
NIFTY-I.NFO,10/02/2025,09:23:59,23560.9,23560.05,300,23560.9,150,2925,16886850
NIFTY-I.NFO,10/02/2025,09:24:01,23559.25,23556.55,300,23558.3,450,2250,16886850
NIFTY-I.NFO,10/02/2025,09:24:03,23558.9,23556.55,300,23559.4,75,150,16886850
NIFTY-I.NFO,10/02/2025,09:24:04,23558.15,23556.2,300,23558.15,150,450,16886850
NIFTY-I.NFO,10/02/2025,09:24:06,23558,23556.2,300,23557.8,1050,525,16886850
NIFTY-I.NFO,10/02/2025,09:24:08,23556.3,23555.1,300,23558.8,300,900,16886850
NIFTY-I.NFO,10/02/2025,09:24:09,23557.3,23555.1,225,23557.3,225,525,16886850
NIFTY-I.NFO,10/02/2025,09:24:11,23559.5,23555.1,150,23558.9,300,750,16886850
NIFTY-I.NFO,10/02/2025,09:24:13,23557.35,23557.35,225,23558.75,150,600,16886850
NIFTY-I.NFO,10/02/2025,09:24:14,23557.35,23557.55,225,23558.75,150,0,16886850
NIFTY-I.NFO,10/02/2025,09:24:16,23559.4,23557.35,225,23559.4,675,300,16886850
NIFTY-I.NFO,10/02/2025,09:24:17,23560.05,23560.15,150,23560.8,75,150,16886850
NIFTY-I.NFO,10/02/2025,09:24:19,23559,23558.8,300,23560,75,1500,16886850
NIFTY-I.NFO,10/02/2025,09:24:21,23561.75,23561.05,300,23562.4,150,300,16886850
NIFTY-I.NFO,10/02/2025,09:24:22,23564,23562.35,300,23564.85,75,675,16886850
NIFTY-I.NFO,10/02/2025,09:24:24,23565.1,23563.15,300,23565.65,75,375,16886850
NIFTY-I.NFO,10/02/2025,09:24:26,23565.35,23563.35,300,23565.7,300,1125,16886850
NIFTY-I.NFO,10/02/2025,09:24:27,23565.75,23564.45,300,23565.75,150,75,16886850
NIFTY-I.NFO,10/02/2025,09:24:29,23567,23565.05,225,23567,675,150,16930350
NIFTY-I.NFO,10/02/2025,09:24:31,23566.15,23566.25,75,23567.95,75,825,16930350
NIFTY-I.NFO,10/02/2025,09:24:32,23568.4,23566.65,150,23568.4,150,975,16930350
NIFTY-I.NFO,10/02/2025,09:24:34,23565.05,23565.05,225,23565.4,75,2475,16930350
NIFTY-I.NFO,10/02/2025,09:24:36,23566.7,23565.05,150,23566.9,450,600,16930350
NIFTY-I.NFO,10/02/2025,09:24:37,23564,23561,300,23565.75,150,825,16930350
NIFTY-I.NFO,10/02/2025,09:24:39,23563.9,23561,300,23563.9,150,75,16930350
NIFTY-I.NFO,10/02/2025,09:24:41,23562.85,23560.15,300,23563.9,75,525,16930350
NIFTY-I.NFO,10/02/2025,09:24:42,23563.9,23560.15,300,23564.25,750,375,16930350
NIFTY-I.NFO,10/02/2025,09:24:44,23564,23560.15,300,23564.3,150,2025,16930350
NIFTY-I.NFO,10/02/2025,09:24:46,23562.85,23560.05,300,23562.85,375,525,16930350
NIFTY-I.NFO,10/02/2025,09:24:47,23560.05,23560.05,225,23561.6,375,1725,16930350
NIFTY-I.NFO,10/02/2025,09:24:49,23559.05,23559,600,23560.55,75,3150,16930350
NIFTY-I.NFO,10/02/2025,09:24:51,23559.05,23559.05,150,23561.8,75,375,16930350
NIFTY-I.NFO,10/02/2025,09:24:52,23560.6,23559.05,300,23560.15,75,225,16930350
NIFTY-I.NFO,10/02/2025,09:24:54,23559.05,23559.05,300,23561.9,300,450,16930350
NIFTY-I.NFO,10/02/2025,09:24:56,23561.95,23560.05,300,23561.95,300,150,16930350
NIFTY-I.NFO,10/02/2025,09:24:57,23559.5,23559.05,150,23559.5,75,1350,16930350
NIFTY-I.NFO,10/02/2025,09:24:59,23558,23556.2,300,23558.75,75,1350,16930350
NIFTY-I.NFO,10/02/2025,09:25:01,23558.4,23555.05,300,23558.5,750,2100,16930350
NIFTY-I.NFO,10/02/2025,09:25:02,23558.25,23555.65,150,23558.2,150,600,16930350
NIFTY-I.NFO,10/02/2025,09:25:04,23554.4,23555.05,300,23557.7,750,1350,16930350
NIFTY-I.NFO,10/02/2025,09:25:06,23554.05,23554.05,150,23556.85,225,975,16930350
NIFTY-I.NFO,10/02/2025,09:25:07,23555.85,23554.05,225,23555.85,825,675,16930350
NIFTY-I.NFO,10/02/2025,09:25:09,23554,23553.15,300,23555.2,75,300,16930350
NIFTY-I.NFO,10/02/2025,09:25:11,23551.85,23550.15,225,23551.9,225,2475,16930350
NIFTY-I.NFO,10/02/2025,09:25:12,23552.9,23550.15,225,23554.4,750,600,16930350
NIFTY-I.NFO,10/02/2025,09:25:14,23550.15,23550.15,225,23554.3,375,675,16930350
NIFTY-I.NFO,10/02/2025,09:25:16,23552.9,23550.15,150,23553.1,75,900,16930350
NIFTY-I.NFO,10/02/2025,09:25:17,23553.9,23550.15,450,23553.9,150,150,16930350
NIFTY-I.NFO,10/02/2025,09:25:19,23555.1,23550.45,300,23554.4,150,600,16930350
NIFTY-I.NFO,10/02/2025,09:25:21,23552.5,23552.6,900,23556.9,375,525,16930350
NIFTY-I.NFO,10/02/2025,09:25:22,23556.95,23552.7,300,23556.9,150,75,16930350
NIFTY-I.NFO,10/02/2025,09:25:24,23553.25,23550.5,300,23553.25,75,150,16930350
NIFTY-I.NFO,10/02/2025,09:25:26,23551.7,23550.45,300,23554,75,525,16930350
NIFTY-I.NFO,10/02/2025,09:25:27,23554,23550.45,300,23555.1,7500,75,16930350
NIFTY-I.NFO,10/02/2025,09:25:29,23555,23550.5,150,23555.1,7500,75,16930350
NIFTY-I.NFO,10/02/2025,09:25:31,23554.05,23554.05,225,23555.05,150,225,16930350
NIFTY-I.NFO,10/02/2025,09:25:32,23555.1,23554.05,600,23554.95,150,3150,16930350
NIFTY-I.NFO,10/02/2025,09:25:34,23556,23555.3,225,23559,75,5475,16930350
NIFTY-I.NFO,10/02/2025,09:25:36,23556,23554.05,225,23557.25,75,0,16930350
NIFTY-I.NFO,10/02/2025,09:25:37,23556.1,23554.05,225,23555.7,75,75,16930350
NIFTY-I.NFO,10/02/2025,09:25:39,23555.3,23555.05,225,23555.5,375,150,16930350
NIFTY-I.NFO,10/02/2025,09:25:40,23553.9,23552.05,300,23553.9,150,675,16930350
NIFTY-I.NFO,10/02/2025,09:25:42,23554.4,23552.05,300,23554.85,375,225,16930350
NIFTY-I.NFO,10/02/2025,09:25:44,23552.05,23552.15,300,23553.3,375,1500,16930350
NIFTY-I.NFO,10/02/2025,09:25:45,23552.75,23550.15,300,23552.95,75,825,16930350
NIFTY-I.NFO,10/02/2025,09:25:47,23552.85,23550.15,300,23552.05,150,825,16930350
NIFTY-I.NFO,10/02/2025,09:25:49,23550.1,23552,600,23554.9,300,1275,16930350
NIFTY-I.NFO,10/02/2025,09:25:50,23554.35,23552.05,225,23554.4,150,225,16930350
NIFTY-I.NFO,10/02/2025,09:25:52,23553.7,23552.05,75,23554.7,600,225,16930350
NIFTY-I.NFO,10/02/2025,09:25:54,23554.6,23552.05,75,23553.35,600,600,16930350
NIFTY-I.NFO,10/02/2025,09:25:55,23553.35,23553.05,225,23553.4,150,1650,16930350
NIFTY-I.NFO,10/02/2025,09:25:57,23550.05,23550.1,300,23550.85,75,2325,16930350
NIFTY-I.NFO,10/02/2025,09:25:59,23550.9,23550.1,525,23550.9,150,225,16930350
NIFTY-I.NFO,10/02/2025,09:26:00,23550.1,23550.1,150,23550.9,225,75,16930350
NIFTY-I.NFO,10/02/2025,09:26:02,23552.3,23550.95,150,23552.35,375,375,16930350
NIFTY-I.NFO,10/02/2025,09:26:04,23554.4,23550.95,150,23554.4,150,300,16930350
NIFTY-I.NFO,10/02/2025,09:26:05,23554.4,23550.95,75,23554.4,675,525,16930350
NIFTY-I.NFO,10/02/2025,09:26:07,23556.9,23551.85,300,23557,375,1050,16930350
NIFTY-I.NFO,10/02/2025,09:26:08,23557.05,23552.5,150,23557.05,75,675,16930350
NIFTY-I.NFO,10/02/2025,09:26:10,23552.9,23552.9,300,23554.35,75,450,16930350
NIFTY-I.NFO,10/02/2025,09:26:12,23552.75,23552.65,300,23555,450,1875,16930350
NIFTY-I.NFO,10/02/2025,09:26:13,23552.35,23552.3,75,23552.35,675,1275,16930350
NIFTY-I.NFO,10/02/2025,09:26:15,23556.4,23552.95,150,23556.45,75,2100,16930350
NIFTY-I.NFO,10/02/2025,09:26:17,23558.3,23552.8,150,23558.3,150,825,16930350
NIFTY-I.NFO,10/02/2025,09:26:18,23552,23550.05,75,23552,75,450,16930350
NIFTY-I.NFO,10/02/2025,09:26:20,23551.75,23550.1,300,23551.95,225,2175,16930350
NIFTY-I.NFO,10/02/2025,09:26:22,23551.75,23550.1,75,23552,900,750,16930350
NIFTY-I.NFO,10/02/2025,09:26:23,23550.1,23548.05,300,23550.1,2025,2550,16930350
NIFTY-I.NFO,10/02/2025,09:26:25,23548.05,23548.05,300,23548.75,75,675,16930350
NIFTY-I.NFO,10/02/2025,09:26:27,23547.85,23545.1,300,23547.85,150,900,16930350
NIFTY-I.NFO,10/02/2025,09:26:28,23545,23542.2,300,23545,1200,600,16930350
NIFTY-I.NFO,10/02/2025,09:26:30,23544.65,23544.25,1125,23548.75,75,1425,16930350
NIFTY-I.NFO,10/02/2025,09:26:32,23543.7,23543.2,750,23549.4,450,750,16930350
NIFTY-I.NFO,10/02/2025,09:26:33,23548.75,23543.4,825,23547.75,75,1800,16930350
NIFTY-I.NFO,10/02/2025,09:26:35,23550.45,23548.95,75,23549.4,675,600,16930350
NIFTY-I.NFO,10/02/2025,09:26:37,23549.1,23548.95,300,23549.45,300,450,16930350
NIFTY-I.NFO,10/02/2025,09:26:38,23548.9,23545.05,300,23549.25,225,1200,16930350
NIFTY-I.NFO,10/02/2025,09:26:40,23548.65,23545.05,300,23548.25,225,150,16930350
NIFTY-I.NFO,10/02/2025,09:26:42,23547.5,23543.45,300,23548,75,1350,16930350
NIFTY-I.NFO,10/02/2025,09:26:43,23542.2,23542.05,300,23542.4,450,675,16930350
NIFTY-I.NFO,10/02/2025,09:26:45,23542,23540.35,300,23542.4,300,825,16930350
NIFTY-I.NFO,10/02/2025,09:26:47,23542.75,23540.35,1050,23542.75,150,375,16930350
NIFTY-I.NFO,10/02/2025,09:26:48,23542.05,23541.05,300,23542.8,300,75,16930350
NIFTY-I.NFO,10/02/2025,09:26:50,23541.05,23541.05,225,23542.8,150,75,16930350
NIFTY-I.NFO,10/02/2025,09:26:51,23541.05,23541.05,75,23544.4,150,300,16930350
NIFTY-I.NFO,10/02/2025,09:26:53,23545.4,23541.3,300,23545.4,300,1275,16930350
NIFTY-I.NFO,10/02/2025,09:26:55,23545.4,23541.05,225,23545.45,450,0,16930350
NIFTY-I.NFO,10/02/2025,09:26:56,23545.5,23544.45,225,23545.9,150,300,16930350
NIFTY-I.NFO,10/02/2025,09:26:58,23544.95,23545.45,75,23546.65,225,225,16930350
NIFTY-I.NFO,10/02/2025,09:27:00,23544.4,23545.55,300,23546.65,150,525,16930350
NIFTY-I.NFO,10/02/2025,09:27:01,23544.4,23545.05,300,23546,150,750,16930350
NIFTY-I.NFO,10/02/2025,09:27:03,23542.6,23542.25,300,23542.6,75,2025,16930350
NIFTY-I.NFO,10/02/2025,09:27:05,23542.6,23542.25,300,23542.6,75,1200,16930350
NIFTY-I.NFO,10/02/2025,09:27:06,23542.65,23541.05,300,23542.65,150,2550,16930350
NIFTY-I.NFO,10/02/2025,09:27:08,23540.9,23540.9,225,23541.5,75,975,16930350
NIFTY-I.NFO,10/02/2025,09:27:09,23541.55,23541.05,150,23541.55,300,600,16930350
NIFTY-I.NFO,10/02/2025,09:27:11,23538,23538.05,300,23539.2,225,4200,16930350
NIFTY-I.NFO,10/02/2025,09:27:13,23537.05,23537.05,225,23538.05,75,975,16930350
NIFTY-I.NFO,10/02/2025,09:27:14,23538.1,23537.05,300,23538.1,225,900,16930350
NIFTY-I.NFO,10/02/2025,09:27:16,23531.95,23531.9,75,23532.5,150,4500,16930350
NIFTY-I.NFO,10/02/2025,09:27:16,23531.95,23531.9,75,23532.5,150,0,16930350
NIFTY-I.NFO,10/02/2025,09:27:18,23531,23529.05,525,23531,150,12075,16930350
NIFTY-I.NFO,10/02/2025,09:27:18,23529.05,23529.05,525,23531,150,0,16930350
NIFTY-I.NFO,10/02/2025,09:27:19,23532.9,23528.7,750,23533,75,3750,16930350
NIFTY-I.NFO,10/02/2025,09:27:19,23527.4,23528.7,750,23533,75,0,16930350
NIFTY-I.NFO,10/02/2025,09:27:21,23530.15,23530.15,450,23533.05,300,525,16930350
NIFTY-I.NFO,10/02/2025,09:27:23,23534.9,23531.3,150,23534.9,75,300,16930350
NIFTY-I.NFO,10/02/2025,09:27:24,23532.55,23531.6,375,23534.95,150,225,16930350
NIFTY-I.NFO,10/02/2025,09:27:26,23531.6,23531.7,750,23535,75,150,16930350
NIFTY-I.NFO,10/02/2025,09:27:28,23537,23535.05,75,23537.4,1125,900,16958025
NIFTY-I.NFO,10/02/2025,09:27:29,23537.25,23532.3,525,23537.45,150,750,16958025
NIFTY-I.NFO,10/02/2025,09:27:31,23531.05,23531,75,23532.55,225,1125,16958025
NIFTY-I.NFO,10/02/2025,09:27:33,23532.2,23531.65,300,23532.25,75,900,16958025
NIFTY-I.NFO,10/02/2025,09:27:34,23531.65,23531.65,375,23533.9,150,750,16958025
NIFTY-I.NFO,10/02/2025,09:27:36,23531.65,23531.65,300,23534.9,450,1200,16958025
NIFTY-I.NFO,10/02/2025,09:27:38,23531.65,23531.65,300,23534.95,300,0,16958025
NIFTY-I.NFO,10/02/2025,09:27:39,23534.9,23531.65,300,23535,300,675,16958025
NIFTY-I.NFO,10/02/2025,09:27:41,23530,23530.05,300,23530.95,150,2400,16958025
NIFTY-I.NFO,10/02/2025,09:27:43,23530,23530.05,300,23531.65,1800,2325,16958025
NIFTY-I.NFO,10/02/2025,09:27:44,23527,23526.2,300,23528.35,450,3075,16958025
NIFTY-I.NFO,10/02/2025,09:27:44,23527,23526.2,300,23528.35,450,0,16958025
NIFTY-I.NFO,10/02/2025,09:27:46,23528.35,23526.2,900,23528.35,225,675,16958025
NIFTY-I.NFO,10/02/2025,09:27:48,23527.05,23527.05,75,23529.4,150,1800,16958025
NIFTY-I.NFO,10/02/2025,09:27:49,23529.3,23527.05,150,23529.3,75,450,16958025
NIFTY-I.NFO,10/02/2025,09:27:51,23528.3,23527.1,300,23528.15,225,1350,16958025
NIFTY-I.NFO,10/02/2025,09:27:51,23526,23527.1,300,23528.15,225,0,16958025
NIFTY-I.NFO,10/02/2025,09:27:53,23528.2,23527.1,150,23528.2,975,450,16958025
NIFTY-I.NFO,10/02/2025,09:27:55,23528.25,23527.1,75,23528.25,300,150,16958025
NIFTY-I.NFO,10/02/2025,09:27:56,23522.55,23522.55,225,23524.15,225,6900,16958025
NIFTY-I.NFO,10/02/2025,09:27:56,23522.5,23522.55,225,23524.15,225,0,16958025
NIFTY-I.NFO,10/02/2025,09:27:58,23523.75,23522.55,300,23523.75,75,975,16958025
NIFTY-I.NFO,10/02/2025,09:28:00,23522.55,23522.55,75,23524.4,450,675,16958025
NIFTY-I.NFO,10/02/2025,09:28:01,23524,23523.95,900,23524.85,75,600,16958025
NIFTY-I.NFO,10/02/2025,09:28:03,23524,23524,150,23525.9,150,2925,16958025
NIFTY-I.NFO,10/02/2025,09:28:05,23524,23524,300,23525.9,75,225,16958025
NIFTY-I.NFO,10/02/2025,09:28:06,23525,23524,150,23525.9,75,225,16958025
NIFTY-I.NFO,10/02/2025,09:28:08,23524,23524,300,23526.9,150,375,16958025
NIFTY-I.NFO,10/02/2025,09:28:10,23526.65,23522.6,300,23526.5,75,1725,16958025
NIFTY-I.NFO,10/02/2025,09:28:11,23526.55,23524.05,150,23526.55,225,225,16958025
NIFTY-I.NFO,10/02/2025,09:28:13,23522.9,23524.05,225,23526.6,375,675,16958025
NIFTY-I.NFO,10/02/2025,09:28:15,23526.65,23525.05,150,23526.9,375,900,16958025
NIFTY-I.NFO,10/02/2025,09:28:16,23525.05,23525.05,75,23527.9,375,675,16958025
NIFTY-I.NFO,10/02/2025,09:28:18,23526.6,23526.6,225,23527.9,525,450,16958025
NIFTY-I.NFO,10/02/2025,09:28:20,23526.6,23526.6,75,23529,75,225,16958025
NIFTY-I.NFO,10/02/2025,09:28:21,23528.95,23527.95,75,23529.05,375,600,16958025
NIFTY-I.NFO,10/02/2025,09:28:23,23528,23526.6,75,23528,225,1050,16958025
NIFTY-I.NFO,10/02/2025,09:28:25,23526.4,23525.05,300,23526.45,225,1650,16958025
NIFTY-I.NFO,10/02/2025,09:28:26,23525.05,23525.05,225,23526.5,600,525,16958025
NIFTY-I.NFO,10/02/2025,09:28:28,23526.55,23525.05,225,23526.55,375,675,16958025
NIFTY-I.NFO,10/02/2025,09:28:30,23526.45,23526.45,150,23526.9,150,375,16958025
NIFTY-I.NFO,10/02/2025,09:28:31,23527.4,23526.45,150,23526.6,75,150,16958025
NIFTY-I.NFO,10/02/2025,09:28:33,23527,23527.1,225,23528.7,75,300,16958025
NIFTY-I.NFO,10/02/2025,09:28:35,23530,23526.6,225,23529.4,300,225,16958025
NIFTY-I.NFO,10/02/2025,09:28:36,23527.7,23528.75,150,23529.45,150,225,16958025
NIFTY-I.NFO,10/02/2025,09:28:38,23529.65,23526.45,75,23529.5,150,1200,16958025
NIFTY-I.NFO,10/02/2025,09:28:40,23529.55,23526.45,300,23530,300,375,16958025
NIFTY-I.NFO,10/02/2025,09:28:41,23527,23526.45,150,23527,1425,900,16958025
NIFTY-I.NFO,10/02/2025,09:28:43,23526.45,23526.45,300,23527,1350,225,16958025
NIFTY-I.NFO,10/02/2025,09:28:45,23527,23526.45,225,23527,825,675,16958025
NIFTY-I.NFO,10/02/2025,09:28:46,23527,23526.45,225,23527,600,225,16958025
NIFTY-I.NFO,10/02/2025,09:28:48,23527,23527.05,300,23529.2,75,825,16958025
NIFTY-I.NFO,10/02/2025,09:28:50,23525,23525.15,900,23529.2,75,1800,16958025
NIFTY-I.NFO,10/02/2025,09:28:51,23527.75,23525.05,75,23527.25,300,525,16958025
NIFTY-I.NFO,10/02/2025,09:28:53,23525.15,23524.05,300,23525.15,150,675,16958025
NIFTY-I.NFO,10/02/2025,09:28:55,23525.2,23524.05,75,23526.4,150,1200,16958025
NIFTY-I.NFO,10/02/2025,09:28:56,23526.45,23525.05,900,23526.45,75,150,16958025
NIFTY-I.NFO,10/02/2025,09:28:58,23525.05,23525.05,300,23526.9,150,75,16958025
NIFTY-I.NFO,10/02/2025,09:29:00,23530,23527.15,300,23530,225,450,16958025
NIFTY-I.NFO,10/02/2025,09:29:01,23527.45,23527.45,300,23530.05,525,675,16958025
NIFTY-I.NFO,10/02/2025,09:29:03,23529,23527.45,300,23531.65,1050,375,16958025
NIFTY-I.NFO,10/02/2025,09:29:05,23527.45,23527.45,975,23531,75,225,16958025
NIFTY-I.NFO,10/02/2025,09:29:06,23526.1,23527.5,300,23531,75,375,16958025
NIFTY-I.NFO,10/02/2025,09:29:08,23527,23525.2,825,23527.1,300,1275,16958025
NIFTY-I.NFO,10/02/2025,09:29:10,23525.25,23525.25,300,23527.15,300,1350,16958025
NIFTY-I.NFO,10/02/2025,09:29:11,23527.4,23526.05,1200,23527.9,300,1350,16958025
NIFTY-I.NFO,10/02/2025,09:29:13,23526.05,23526.05,225,23527.95,150,525,16958025
NIFTY-I.NFO,10/02/2025,09:29:15,23527.7,23526.05,525,23528.9,150,225,16958025
NIFTY-I.NFO,10/02/2025,09:29:16,23528.95,23528,225,23528.95,75,150,16958025
NIFTY-I.NFO,10/02/2025,09:29:18,23529.4,23528,150,23529.4,150,450,16958025
NIFTY-I.NFO,10/02/2025,09:29:20,23528,23528,75,23529.4,150,75,16958025
NIFTY-I.NFO,10/02/2025,09:29:21,23529.4,23528,75,23529.4,450,150,16958025
NIFTY-I.NFO,10/02/2025,09:29:23,23529.9,23528,300,23529.9,600,375,16958025
NIFTY-I.NFO,10/02/2025,09:29:25,23528,23528,225,23530.15,75,75,16958025
NIFTY-I.NFO,10/02/2025,09:29:26,23531.7,23530.2,300,23532.3,75,2625,16958025
NIFTY-I.NFO,10/02/2025,09:29:28,23533.8,23530.2,225,23533.8,375,225,16958025
NIFTY-I.NFO,10/02/2025,09:29:30,23533.8,23530.2,225,23533.8,300,75,16958025
NIFTY-I.NFO,10/02/2025,09:29:31,23533.8,23530.2,225,23532.65,75,0,16958025
NIFTY-I.NFO,10/02/2025,09:29:33,23533.8,23531.05,225,23533.8,75,300,16958025
NIFTY-I.NFO,10/02/2025,09:29:35,23533.8,23531.05,225,23533.85,600,75,16958025
NIFTY-I.NFO,10/02/2025,09:29:36,23531.05,23531.05,300,23533.05,525,1050,16958025
NIFTY-I.NFO,10/02/2025,09:29:38,23530.95,23530.05,225,23530.95,75,2325,16958025
NIFTY-I.NFO,10/02/2025,09:29:40,23527.45,23527.45,600,23527.55,75,3150,16958025
NIFTY-I.NFO,10/02/2025,09:29:41,23525.05,23525.05,75,23525.6,225,1425,16958025
NIFTY-I.NFO,10/02/2025,09:29:43,23525.05,23525.05,225,23525.1,75,450,16958025
NIFTY-I.NFO,10/02/2025,09:29:45,23524.05,23524.05,150,23525,150,1050,16958025
NIFTY-I.NFO,10/02/2025,09:29:46,23525,23524,150,23525,75,1350,16958025
NIFTY-I.NFO,10/02/2025,09:29:48,23525.05,23525.05,75,23525.7,150,1950,16958025
NIFTY-I.NFO,10/02/2025,09:29:50,23525.05,23525.05,525,23525.6,150,450,16958025
NIFTY-I.NFO,10/02/2025,09:29:51,23525.05,23525.05,450,23525.6,150,75,16958025
NIFTY-I.NFO,10/02/2025,09:29:53,23525.05,23524.1,300,23525.45,150,1125,16958025
NIFTY-I.NFO,10/02/2025,09:29:55,23525.05,23525.05,225,23525.7,150,75,16958025
NIFTY-I.NFO,10/02/2025,09:29:56,23525.7,23525.65,225,23526.2,75,75,16958025
NIFTY-I.NFO,10/02/2025,09:29:58,23526.2,23525.6,75,23527.4,225,150,16958025
NIFTY-I.NFO,10/02/2025,09:30:00,23525.85,23524,150,23525.85,150,1650,16958025
NIFTY-I.NFO,10/02/2025,09:30:01,23522,23522,600,23525.6,75,1725,16958025
NIFTY-I.NFO,10/02/2025,09:30:01,23522,23522,600,23525.6,75,0,16958025
NIFTY-I.NFO,10/02/2025,09:30:03,23525.65,23525.05,525,23525.65,375,750,16958025
NIFTY-I.NFO,10/02/2025,09:30:05,23525.7,23525.05,75,23525.9,525,1125,16958025
NIFTY-I.NFO,10/02/2025,09:30:06,23523.25,23522.8,825,23527,300,1275,16958025
NIFTY-I.NFO,10/02/2025,09:30:08,23526.95,23521.3,19350,23526.05,150,4800,16958025
NIFTY-I.NFO,10/02/2025,09:30:08,23521,23521.3,19350,23526.05,150,0,16958025
NIFTY-I.NFO,10/02/2025,09:30:10,23518.6,23517.1,18750,23518.6,1200,13125,16958025
NIFTY-I.NFO,10/02/2025,09:30:10,23516,23517.1,18750,23518.6,1200,0,16958025
NIFTY-I.NFO,10/02/2025,09:30:11,23516.85,23515.8,750,23519.9,300,3000,16958025
NIFTY-I.NFO,10/02/2025,09:30:11,23515.4,23515.8,750,23519.9,300,0,16958025
NIFTY-I.NFO,10/02/2025,09:30:13,23518.4,23518.45,975,23520.5,600,1050,16958025
NIFTY-I.NFO,10/02/2025,09:30:15,23526.4,23523.55,375,23527.4,150,3375,16958025
NIFTY-I.NFO,10/02/2025,09:30:16,23523.55,23522.2,825,23527.4,375,225,16958025
NIFTY-I.NFO,10/02/2025,09:30:18,23522.7,23524.8,75,23528.4,375,150,16958025
NIFTY-I.NFO,10/02/2025,09:30:20,23528.45,23523.35,375,23528.8,225,750,16958025
NIFTY-I.NFO,10/02/2025,09:30:21,23521.45,23521.05,75,23521.9,5400,450,16958025
NIFTY-I.NFO,10/02/2025,09:30:23,23521.8,23519.65,750,23521.8,150,750,16958025
NIFTY-I.NFO,10/02/2025,09:30:25,23516.4,23518.15,18750,23521.9,150,8775,16958025
NIFTY-I.NFO,10/02/2025,09:30:26,23521.35,23518.65,675,23521.85,75,1650,16958025
NIFTY-I.NFO,10/02/2025,09:30:28,23523.25,23520,600,23523.55,75,225,16958025
NIFTY-I.NFO,10/02/2025,09:30:30,23520.15,23520.1,525,23524.4,150,450,17008275
NIFTY-I.NFO,10/02/2025,09:30:31,23520.1,23523.25,75,23524.4,975,300,17008275
NIFTY-I.NFO,10/02/2025,09:30:33,23520.05,23520,225,23521.9,450,300,17008275
NIFTY-I.NFO,10/02/2025,09:30:35,23521.9,23518,75,23521.9,675,600,17008275
NIFTY-I.NFO,10/02/2025,09:30:36,23521.9,23520.15,75,23521.9,150,450,17008275
NIFTY-I.NFO,10/02/2025,09:30:38,23516,23516.55,1200,23518.9,150,1125,17008275
NIFTY-I.NFO,10/02/2025,09:30:40,23518.9,23520,75,23521.9,225,150,17008275
NIFTY-I.NFO,10/02/2025,09:30:41,23513.2,23513.65,900,23518.9,975,5550,17008275
NIFTY-I.NFO,10/02/2025,09:30:41,23513.2,23513.65,900,23518.9,975,0,17008275
NIFTY-I.NFO,10/02/2025,09:30:43,23518.9,23518,75,23518.9,1500,225,17008275
NIFTY-I.NFO,10/02/2025,09:30:45,23514.5,23514.8,525,23516.9,1050,525,17008275
NIFTY-I.NFO,10/02/2025,09:30:46,23515.6,23515.45,750,23516.9,975,300,17008275
NIFTY-I.NFO,10/02/2025,09:30:48,23515.6,23515.5,75,23516.9,1650,0,17008275
NIFTY-I.NFO,10/02/2025,09:30:50,23515.6,23513.15,75,23515.4,150,450,17008275
NIFTY-I.NFO,10/02/2025,09:30:51,23511.05,23510.35,525,23511.9,150,8325,17008275
NIFTY-I.NFO,10/02/2025,09:30:51,23509.4,23510.35,525,23511.9,150,0,17008275
NIFTY-I.NFO,10/02/2025,09:30:53,23512,23511.55,525,23512,2325,600,17008275
NIFTY-I.NFO,10/02/2025,09:30:55,23511.35,23509.05,525,23512,2025,675,17008275
NIFTY-I.NFO,10/02/2025,09:30:56,23508,23508.15,525,23511.6,75,1725,17008275
NIFTY-I.NFO,10/02/2025,09:30:56,23508,23508.15,525,23511.6,75,0,17008275
NIFTY-I.NFO,10/02/2025,09:30:58,23508.4,23509.55,1200,23511.6,375,300,17008275
NIFTY-I.NFO,10/02/2025,09:31:00,23508.95,23508,75,23508.95,150,675,17008275
NIFTY-I.NFO,10/02/2025,09:31:01,23509.5,23507.8,525,23510,225,2100,17008275
NIFTY-I.NFO,10/02/2025,09:31:01,23507,23507.8,525,23510,225,0,17008275
NIFTY-I.NFO,10/02/2025,09:31:03,23509.95,23509.3,75,23510.9,975,600,17008275
NIFTY-I.NFO,10/02/2025,09:31:05,23509.5,23509.3,300,23510.95,1050,300,17008275
NIFTY-I.NFO,10/02/2025,09:31:06,23510.9,23510.95,150,23511.6,75,450,17008275
NIFTY-I.NFO,10/02/2025,09:31:08,23509.9,23507.05,225,23509.9,300,2025,17008275
NIFTY-I.NFO,10/02/2025,09:31:10,23508.45,23507,1800,23509.95,150,1575,17008275
NIFTY-I.NFO,10/02/2025,09:31:11,23507.05,23507.05,300,23509.9,450,300,17008275
NIFTY-I.NFO,10/02/2025,09:31:13,23509.4,23507.05,300,23509.95,225,1425,17008275
NIFTY-I.NFO,10/02/2025,09:31:15,23510,23509.05,300,23510,300,600,17008275
NIFTY-I.NFO,10/02/2025,09:31:16,23507.15,23507.15,225,23509.95,525,900,17008275
NIFTY-I.NFO,10/02/2025,09:31:18,23505,23505.05,300,23506.35,225,3975,17008275
NIFTY-I.NFO,10/02/2025,09:31:18,23505,23505.05,300,23506.35,225,0,17008275
NIFTY-I.NFO,10/02/2025,09:31:20,23505.05,23505.05,225,23505.25,75,750,17008275
NIFTY-I.NFO,10/02/2025,09:31:21,23505.15,23505.1,75,23505.3,525,2550,17008275
NIFTY-I.NFO,10/02/2025,09:31:23,23502.05,23502.05,150,23503.95,75,6900,17008275
NIFTY-I.NFO,10/02/2025,09:31:23,23502,23502.05,150,23503.95,75,0,17008275
NIFTY-I.NFO,10/02/2025,09:31:25,23504,23502.15,300,23503.95,150,675,17008275
NIFTY-I.NFO,10/02/2025,09:31:26,23502.25,23502.25,150,23504,225,300,17008275
NIFTY-I.NFO,10/02/2025,09:31:28,23501,23501.05,300,23502,825,2175,17008275
NIFTY-I.NFO,10/02/2025,09:31:28,23501,23501.05,300,23502,825,0,17008275
NIFTY-I.NFO,10/02/2025,09:31:30,23501.05,23501.05,300,23501.65,225,6975,17008275
NIFTY-I.NFO,10/02/2025,09:31:30,23500.1,23501.05,300,23501.65,225,0,17008275
NIFTY-I.NFO,10/02/2025,09:31:31,23501.7,23500.15,300,23501.7,450,1875,17008275
NIFTY-I.NFO,10/02/2025,09:31:33,23501.75,23500.2,75,23501.75,525,975,17008275
NIFTY-I.NFO,10/02/2025,09:31:35,23500.05,23501.05,75,23501.8,150,5325,17008275
NIFTY-I.NFO,10/02/2025,09:31:35,23500,23501.05,75,23501.8,150,0,17008275
NIFTY-I.NFO,10/02/2025,09:31:36,23499,23498.2,75,23499.8,75,10350,17008275
NIFTY-I.NFO,10/02/2025,09:31:36,23499,23498.2,75,23499.8,75,0,17008275
NIFTY-I.NFO,10/02/2025,09:31:38,23499.85,23499,75,23499.85,75,375,17008275
NIFTY-I.NFO,10/02/2025,09:31:38,23498.2,23499,75,23499.85,75,0,17008275
NIFTY-I.NFO,10/02/2025,09:31:40,23498.2,23498.2,225,23499,150,525,17008275
NIFTY-I.NFO,10/02/2025,09:31:41,23492.95,23494.1,375,23495,75,16875,17008275
NIFTY-I.NFO,10/02/2025,09:31:41,23489.85,23494.1,375,23495,75,0,17008275
NIFTY-I.NFO,10/02/2025,09:31:43,23491.75,23491.65,1200,23496.35,75,1425,17008275
NIFTY-I.NFO,10/02/2025,09:31:45,23492.7,23492.7,75,23494.85,75,1575,17008275
NIFTY-I.NFO,10/02/2025,09:31:46,23492.35,23492.5,375,23494.85,75,3525,17008275
NIFTY-I.NFO,10/02/2025,09:31:46,23489,23492.5,375,23494.85,75,0,17008275
NIFTY-I.NFO,10/02/2025,09:31:48,23493.15,23493.25,675,23496.65,225,2775,17008275
NIFTY-I.NFO,10/02/2025,09:31:50,23496.4,23493.25,375,23496.6,75,5400,17008275
NIFTY-I.NFO,10/02/2025,09:31:51,23496.65,23496.6,900,23496.65,750,2100,17008275
NIFTY-I.NFO,10/02/2025,09:31:53,23496.6,23496.4,75,23496.7,675,1575,17008275
NIFTY-I.NFO,10/02/2025,09:31:55,23496.75,23490.15,300,23496.35,150,1425,17008275
NIFTY-I.NFO,10/02/2025,09:31:56,23496.05,23496.05,75,23496.65,225,600,17008275
NIFTY-I.NFO,10/02/2025,09:31:58,23496.05,23496.05,75,23496.4,75,525,17008275
NIFTY-I.NFO,10/02/2025,09:32:00,23496.6,23496.05,300,23496.4,300,525,17008275
NIFTY-I.NFO,10/02/2025,09:32:01,23491,23491.35,825,23494.9,75,1350,17008275
NIFTY-I.NFO,10/02/2025,09:32:03,23491.05,23489.05,300,23494.95,525,1725,17008275
NIFTY-I.NFO,10/02/2025,09:32:05,23495,23491.05,225,23494.95,300,4650,17008275
NIFTY-I.NFO,10/02/2025,09:32:07,23489,23488.85,600,23489.9,150,1575,17008275
NIFTY-I.NFO,10/02/2025,09:32:08,23492.9,23491.05,225,23492.9,675,525,17008275
NIFTY-I.NFO,10/02/2025,09:32:10,23491.15,23491.15,300,23492.9,525,1500,17008275
NIFTY-I.NFO,10/02/2025,09:32:12,23492.95,23492.95,150,23494,75,750,17008275
NIFTY-I.NFO,10/02/2025,09:32:13,23492.95,23492.95,300,23494,75,225,17008275
NIFTY-I.NFO,10/02/2025,09:32:15,23493.1,23493.1,150,23494,75,300,17008275
NIFTY-I.NFO,10/02/2025,09:32:17,23491.2,23491.2,75,23492.95,150,600,17008275
NIFTY-I.NFO,10/02/2025,09:32:18,23491.2,23491.2,300,23492.95,150,75,17008275
NIFTY-I.NFO,10/02/2025,09:32:20,23492.9,23491.2,300,23492.95,375,450,17008275
NIFTY-I.NFO,10/02/2025,09:32:22,23492.95,23492.05,300,23492.95,150,675,17008275
NIFTY-I.NFO,10/02/2025,09:32:23,23492.95,23492.95,300,23493,375,1350,17008275
NIFTY-I.NFO,10/02/2025,09:32:25,23492.9,23492.05,300,23493,300,5775,17008275
NIFTY-I.NFO,10/02/2025,09:32:27,23492.4,23492.4,75,23492.95,75,300,17008275
NIFTY-I.NFO,10/02/2025,09:32:28,23493,23492.4,300,23493,150,600,17008275
NIFTY-I.NFO,10/02/2025,09:32:30,23493.05,23493.05,300,23493.4,300,750,17008275
NIFTY-I.NFO,10/02/2025,09:32:32,23493.9,23493.05,75,23493.4,300,750,17008275
NIFTY-I.NFO,10/02/2025,09:32:33,23492.35,23492,75,23493.35,75,1575,17008275
NIFTY-I.NFO,10/02/2025,09:32:35,23492.85,23491.25,75,23493.05,75,825,17008275
NIFTY-I.NFO,10/02/2025,09:32:37,23491.25,23492.4,150,23492.9,75,450,17008275
NIFTY-I.NFO,10/02/2025,09:32:38,23491.7,23490.05,75,23491.5,225,2625,17008275
NIFTY-I.NFO,10/02/2025,09:32:40,23490.5,23490.05,75,23491.45,75,450,17008275
NIFTY-I.NFO,10/02/2025,09:32:42,23490.05,23490.05,300,23491.5,300,2250,17008275
NIFTY-I.NFO,10/02/2025,09:32:43,23490.05,23490.05,525,23491,675,975,17008275
NIFTY-I.NFO,10/02/2025,09:32:45,23490.85,23490.05,75,23491,675,600,17008275
NIFTY-I.NFO,10/02/2025,09:32:47,23486.45,23485.05,600,23489.3,75,14475,17008275
NIFTY-I.NFO,10/02/2025,09:32:47,23481.3,23485.05,600,23489.3,75,0,17008275
NIFTY-I.NFO,10/02/2025,09:32:48,23489.4,23489,150,23489.4,600,525,17008275
NIFTY-I.NFO,10/02/2025,09:32:50,23482.75,23482.7,750,23486.9,300,1050,17008275
NIFTY-I.NFO,10/02/2025,09:32:52,23488.4,23484.3,150,23487.9,300,1650,17008275
NIFTY-I.NFO,10/02/2025,09:32:52,23481.1,23484.3,150,23487.9,300,0,17008275
NIFTY-I.NFO,10/02/2025,09:32:53,23489.9,23485,450,23490.95,75,1500,17008275
NIFTY-I.NFO,10/02/2025,09:32:55,23491,23491.05,75,23491.5,75,1800,17008275
NIFTY-I.NFO,10/02/2025,09:32:57,23489.95,23487.2,375,23491.7,75,1125,17008275
NIFTY-I.NFO,10/02/2025,09:32:58,23490,23485.75,225,23489,225,900,17008275
NIFTY-I.NFO,10/02/2025,09:33:00,23492.5,23489.05,225,23493,150,750,17008275
NIFTY-I.NFO,10/02/2025,09:33:02,23491,23490.05,300,23493,75,525,17008275
NIFTY-I.NFO,10/02/2025,09:33:03,23492.95,23492.05,300,23492.95,300,150,17008275
NIFTY-I.NFO,10/02/2025,09:33:05,23495,23491.05,300,23495.05,225,14850,17008275
NIFTY-I.NFO,10/02/2025,09:33:06,23495.1,23493,300,23495.1,300,300,17008275
NIFTY-I.NFO,10/02/2025,09:33:08,23493,23493,300,23494.8,150,300,17008275
NIFTY-I.NFO,10/02/2025,09:33:10,23492.95,23492.95,75,23494.85,1050,750,17008275
NIFTY-I.NFO,10/02/2025,09:33:11,23494.9,23493,375,23494.9,450,825,17008275
NIFTY-I.NFO,10/02/2025,09:33:13,23495,23493.05,300,23494.95,450,1650,17008275
NIFTY-I.NFO,10/02/2025,09:33:15,23494.9,23493.05,300,23495,525,150,17008275
NIFTY-I.NFO,10/02/2025,09:33:16,23494.95,23490.05,300,23491.9,225,2325,17008275
NIFTY-I.NFO,10/02/2025,09:33:18,23493.4,23490.05,225,23492.9,150,525,17008275
NIFTY-I.NFO,10/02/2025,09:33:20,23492.95,23490.05,75,23492.95,300,750,17008275
NIFTY-I.NFO,10/02/2025,09:33:21,23492.95,23491.9,150,23493,525,0,17008275
NIFTY-I.NFO,10/02/2025,09:33:23,23493.05,23493.05,225,23493.4,1050,750,17008275
NIFTY-I.NFO,10/02/2025,09:33:25,23493.05,23493.05,225,23494.9,150,0,17008275
NIFTY-I.NFO,10/02/2025,09:33:26,23494.85,23493.05,150,23494.85,225,150,17008275
NIFTY-I.NFO,10/02/2025,09:33:28,23494.85,23493.05,300,23494.85,150,300,17008275
NIFTY-I.NFO,10/02/2025,09:33:30,23497.9,23495.05,300,23497.4,300,2925,17068275
NIFTY-I.NFO,10/02/2025,09:33:31,23497.45,23495.05,225,23497.45,375,225,17068275
NIFTY-I.NFO,10/02/2025,09:33:33,23495.05,23495.05,300,23497.5,1200,225,17068275
NIFTY-I.NFO,10/02/2025,09:33:35,23497.4,23495.05,375,23496.75,300,825,17068275
NIFTY-I.NFO,10/02/2025,09:33:36,23496.75,23493.4,300,23496.8,600,975,17068275
NIFTY-I.NFO,10/02/2025,09:33:38,23495.65,23493.4,300,23495.75,300,1275,17068275
NIFTY-I.NFO,10/02/2025,09:33:40,23493.4,23494.45,300,23495,75,675,17068275
NIFTY-I.NFO,10/02/2025,09:33:41,23495.05,23494.45,300,23495.05,450,150,17068275
NIFTY-I.NFO,10/02/2025,09:33:43,23495.1,23494.45,300,23495.1,450,600,17068275
NIFTY-I.NFO,10/02/2025,09:33:45,23493.4,23493.4,75,23494.95,300,450,17068275
NIFTY-I.NFO,10/02/2025,09:33:46,23493.5,23492.05,75,23494.1,75,2625,17068275
NIFTY-I.NFO,10/02/2025,09:33:48,23494.15,23492.05,75,23494.15,300,750,17068275
NIFTY-I.NFO,10/02/2025,09:33:50,23494.2,23493.15,300,23494.2,450,600,17068275
NIFTY-I.NFO,10/02/2025,09:33:51,23494.45,23493.55,150,23494.45,75,1275,17068275
NIFTY-I.NFO,10/02/2025,09:33:53,23495,23495.05,150,23495.9,75,525,17068275
NIFTY-I.NFO,10/02/2025,09:33:55,23496.9,23495.05,225,23498,75,225,17068275
NIFTY-I.NFO,10/02/2025,09:33:56,23495.05,23495.95,300,23498,75,75,17068275
NIFTY-I.NFO,10/02/2025,09:33:58,23495.95,23495.95,150,23498,75,150,17068275
NIFTY-I.NFO,10/02/2025,09:34:00,23499.4,23497.05,600,23499.4,375,1800,17068275
NIFTY-I.NFO,10/02/2025,09:34:01,23497.05,23497,75,23499,75,825,17068275
NIFTY-I.NFO,10/02/2025,09:34:03,23499,23498.1,300,23499.05,375,975,17068275
NIFTY-I.NFO,10/02/2025,09:34:05,23499.1,23498.1,225,23499.1,300,3300,17068275
NIFTY-I.NFO,10/02/2025,09:34:06,23499,23498.5,750,23499.1,225,675,17068275
NIFTY-I.NFO,10/02/2025,09:34:08,23499,23498.05,75,23499,1275,1275,17068275
NIFTY-I.NFO,10/02/2025,09:34:10,23499,23498.1,225,23499,900,450,17068275
NIFTY-I.NFO,10/02/2025,09:34:11,23499,23498.1,300,23499,375,675,17068275
NIFTY-I.NFO,10/02/2025,09:34:13,23499.05,23499.05,300,23499.4,675,600,17068275
NIFTY-I.NFO,10/02/2025,09:34:15,23499.05,23499.05,150,23499.4,450,900,17068275
NIFTY-I.NFO,10/02/2025,09:34:17,23499.95,23499.95,150,23501,75,975,17068275
NIFTY-I.NFO,10/02/2025,09:34:18,23501,23499.95,525,23501.05,1275,450,17068275
NIFTY-I.NFO,10/02/2025,09:34:20,23501.1,23500.05,300,23501.1,450,975,17068275
NIFTY-I.NFO,10/02/2025,09:34:21,23501.1,23500.1,300,23501.15,525,1350,17068275
NIFTY-I.NFO,10/02/2025,09:34:23,23498.05,23498.1,300,23498.45,375,4575,17068275
NIFTY-I.NFO,10/02/2025,09:34:25,23497.05,23497.05,225,23498.5,150,825,17068275
NIFTY-I.NFO,10/02/2025,09:34:26,23498.45,23497.05,150,23498.55,450,225,17068275
NIFTY-I.NFO,10/02/2025,09:34:28,23496.9,23496,300,23498.05,75,1125,17068275
NIFTY-I.NFO,10/02/2025,09:34:30,23498.9,23496,300,23498.1,525,450,17068275
NIFTY-I.NFO,10/02/2025,09:34:31,23496,23496,300,23498.4,375,300,17068275
NIFTY-I.NFO,10/02/2025,09:34:33,23498.2,23498.2,150,23498.4,1800,450,17068275
NIFTY-I.NFO,10/02/2025,09:34:35,23498.15,23498.05,75,23498.2,75,1200,17068275
NIFTY-I.NFO,10/02/2025,09:34:36,23498.2,23498.1,75,23498.25,1575,675,17068275
NIFTY-I.NFO,10/02/2025,09:34:38,23497.5,23496.95,75,23498.15,75,2175,17068275
NIFTY-I.NFO,10/02/2025,09:34:40,23496,23496,300,23498.2,1125,450,17068275
NIFTY-I.NFO,10/02/2025,09:34:41,23498.4,23498.45,300,23498.9,975,450,17068275
NIFTY-I.NFO,10/02/2025,09:34:43,23498.4,23498.5,150,23498.95,675,225,17068275
NIFTY-I.NFO,10/02/2025,09:34:45,23498.15,23497.1,300,23498.95,300,600,17068275
NIFTY-I.NFO,10/02/2025,09:34:46,23498.8,23497.05,225,23498.8,300,750,17068275
NIFTY-I.NFO,10/02/2025,09:34:48,23498.1,23498.4,75,23498.85,1275,825,17068275
NIFTY-I.NFO,10/02/2025,09:34:50,23498.85,23498.4,75,23498.9,225,750,17068275
NIFTY-I.NFO,10/02/2025,09:34:51,23498.2,23498.2,225,23499.4,150,225,17068275
NIFTY-I.NFO,10/02/2025,09:34:53,23498.2,23498.2,225,23498.85,75,0,17068275
NIFTY-I.NFO,10/02/2025,09:34:55,23502,23498.45,225,23499.4,150,375,17068275
NIFTY-I.NFO,10/02/2025,09:34:56,23499.9,23497.15,600,23499.9,225,1650,17068275
NIFTY-I.NFO,10/02/2025,09:34:58,23503.25,23497.45,225,23503.15,825,975,17068275
NIFTY-I.NFO,10/02/2025,09:35:00,23498.2,23498.2,300,23502.3,300,450,17068275
NIFTY-I.NFO,10/02/2025,09:35:01,23498.95,23495.05,225,23498.95,75,1350,17068275
NIFTY-I.NFO,10/02/2025,09:35:03,23493.05,23493.05,150,23497.9,600,2400,17068275
NIFTY-I.NFO,10/02/2025,09:35:05,23496.65,23493.05,150,23497.65,675,75,17068275
NIFTY-I.NFO,10/02/2025,09:35:06,23497.7,23493.4,150,23497.7,75,11175,17068275
NIFTY-I.NFO,10/02/2025,09:35:08,23497.7,23493.55,150,23497.75,150,0,17068275
NIFTY-I.NFO,10/02/2025,09:35:10,23497.9,23495.05,300,23498.4,525,225,17068275
NIFTY-I.NFO,10/02/2025,09:35:11,23500,23496.6,375,23499.9,1125,1125,17068275
NIFTY-I.NFO,10/02/2025,09:35:13,23502.4,23499.65,1050,23503.95,75,1725,17068275
NIFTY-I.NFO,10/02/2025,09:35:15,23503.95,23498.55,300,23503.95,300,75,17068275
NIFTY-I.NFO,10/02/2025,09:35:16,23504,23499.3,300,23504,450,300,17068275
NIFTY-I.NFO,10/02/2025,09:35:18,23504.05,23500.05,300,23504.05,150,450,17068275
NIFTY-I.NFO,10/02/2025,09:35:20,23503.75,23500.05,150,23504,300,300,17068275
NIFTY-I.NFO,10/02/2025,09:35:21,23501.9,23500.1,300,23502,300,1200,17068275
NIFTY-I.NFO,10/02/2025,09:35:23,23502.05,23500.2,75,23502.05,900,300,17068275
NIFTY-I.NFO,10/02/2025,09:35:25,23502.1,23500.2,75,23502.1,150,525,17068275
NIFTY-I.NFO,10/02/2025,09:35:26,23502.15,23500.25,300,23502.15,75,600,17068275
NIFTY-I.NFO,10/02/2025,09:35:28,23500.25,23500.25,75,23502.1,300,1650,17068275
NIFTY-I.NFO,10/02/2025,09:35:30,23502.15,23501.05,75,23502.15,450,1050,17068275
NIFTY-I.NFO,10/02/2025,09:35:31,23498.45,23501.1,300,23502.2,1350,1200,17068275
NIFTY-I.NFO,10/02/2025,09:35:33,23501.8,23498.45,300,23500,300,1425,17068275
NIFTY-I.NFO,10/02/2025,09:35:35,23500,23498.45,150,23499.4,450,825,17068275
NIFTY-I.NFO,10/02/2025,09:35:36,23498.45,23498.45,300,23499.45,450,150,17068275
NIFTY-I.NFO,10/02/2025,09:35:38,23499.5,23498.45,300,23499.5,300,600,17068275
NIFTY-I.NFO,10/02/2025,09:35:40,23499.55,23498.45,225,23499.55,225,450,17068275
NIFTY-I.NFO,10/02/2025,09:35:41,23498.4,23498,75,23499.55,300,450,17068275
NIFTY-I.NFO,10/02/2025,09:35:43,23498.05,23498.05,150,23499.35,825,900,17068275
NIFTY-I.NFO,10/02/2025,09:35:45,23500,23498.05,150,23499.4,900,1650,17068275
NIFTY-I.NFO,10/02/2025,09:35:46,23499.45,23498.45,150,23499.45,750,825,17068275
NIFTY-I.NFO,10/02/2025,09:35:48,23498.4,23498.05,300,23498.9,300,1650,17068275
NIFTY-I.NFO,10/02/2025,09:35:50,23496,23496.05,300,23498.05,75,675,17068275
NIFTY-I.NFO,10/02/2025,09:35:51,23498.05,23496.05,75,23498.1,150,300,17068275
NIFTY-I.NFO,10/02/2025,09:35:53,23495.05,23495.05,75,23496.05,75,375,17068275
NIFTY-I.NFO,10/02/2025,09:35:55,23495.05,23495.05,225,23497,150,525,17068275
NIFTY-I.NFO,10/02/2025,09:35:56,23497.4,23495.15,750,23497.4,75,375,17068275
NIFTY-I.NFO,10/02/2025,09:35:58,23496.05,23496.2,300,23499.4,150,75,17068275
NIFTY-I.NFO,10/02/2025,09:36:00,23499.45,23497.25,300,23500,450,225,17068275
NIFTY-I.NFO,10/02/2025,09:36:01,23502,23501.6,75,23502,150,900,17068275
NIFTY-I.NFO,10/02/2025,09:36:03,23501.55,23501.5,525,23502.9,375,825,17068275
NIFTY-I.NFO,10/02/2025,09:36:05,23501.55,23501.55,150,23506.6,225,3300,17068275
NIFTY-I.NFO,10/02/2025,09:36:06,23506.6,23502.05,225,23506.5,225,4875,17068275
NIFTY-I.NFO,10/02/2025,09:36:08,23506.3,23502.05,300,23505.95,525,525,17068275
NIFTY-I.NFO,10/02/2025,09:36:10,23502.1,23502.15,300,23505.95,525,450,17068275
NIFTY-I.NFO,10/02/2025,09:36:11,23502.1,23502.1,150,23504.8,225,450,17068275
NIFTY-I.NFO,10/02/2025,09:36:13,23504.7,23503.05,225,23504.75,75,150,17068275
NIFTY-I.NFO,10/02/2025,09:36:15,23503,23503,225,23504.75,225,2700,17068275
NIFTY-I.NFO,10/02/2025,09:36:16,23500.05,23500.05,225,23502.65,225,1500,17068275
NIFTY-I.NFO,10/02/2025,09:36:18,23498.05,23498.05,150,23500.35,375,675,17068275
NIFTY-I.NFO,10/02/2025,09:36:20,23501.4,23498.55,300,23501.4,75,300,17068275
NIFTY-I.NFO,10/02/2025,09:36:21,23501.4,23498.05,150,23501.45,150,525,17068275
NIFTY-I.NFO,10/02/2025,09:36:23,23501,23498.1,300,23500.7,225,1350,17068275
NIFTY-I.NFO,10/02/2025,09:36:25,23498.1,23498.1,300,23498.65,75,900,17068275
NIFTY-I.NFO,10/02/2025,09:36:26,23498.1,23498.05,300,23499.4,150,3000,17068275
NIFTY-I.NFO,10/02/2025,09:36:28,23499.4,23498.1,300,23500.4,900,75,17068275
NIFTY-I.NFO,10/02/2025,09:36:30,23498.05,23498.7,300,23500.35,225,600,17068275
NIFTY-I.NFO,10/02/2025,09:36:32,23498.7,23498.7,150,23500.4,975,3000,17092425
NIFTY-I.NFO,10/02/2025,09:36:33,23498.8,23498.8,75,23500.4,225,75,17092425
NIFTY-I.NFO,10/02/2025,09:36:35,23500,23498.7,300,23500,75,300,17092425
NIFTY-I.NFO,10/02/2025,09:36:37,23501,23498.8,300,23500.35,300,2625,17092425
NIFTY-I.NFO,10/02/2025,09:36:38,23500.3,23498.65,75,23500.3,225,225,17092425
NIFTY-I.NFO,10/02/2025,09:36:40,23498.15,23498.85,150,23500.35,150,300,17092425
NIFTY-I.NFO,10/02/2025,09:36:42,23500,23499.05,300,23500,150,375,17092425
NIFTY-I.NFO,10/02/2025,09:36:43,23499.05,23499.05,150,23500,300,150,17092425
NIFTY-I.NFO,10/02/2025,09:36:45,23499,23499.15,300,23500,975,375,17092425
NIFTY-I.NFO,10/02/2025,09:36:47,23502.5,23500.05,300,23501.4,150,2250,17092425
NIFTY-I.NFO,10/02/2025,09:36:48,23502.5,23500.05,300,23501.45,300,0,17092425
NIFTY-I.NFO,10/02/2025,09:36:50,23500.05,23500.05,75,23501.5,375,1275,17092425
NIFTY-I.NFO,10/02/2025,09:36:52,23498.75,23498.2,75,23498.75,150,1800,17092425
NIFTY-I.NFO,10/02/2025,09:36:53,23498.7,23498.2,75,23498.7,75,150,17092425
NIFTY-I.NFO,10/02/2025,09:36:55,23499.4,23498.75,75,23499.4,1650,375,17092425
NIFTY-I.NFO,10/02/2025,09:36:57,23498.2,23495.15,300,23498.35,225,2550,17092425
NIFTY-I.NFO,10/02/2025,09:36:58,23497.8,23495.15,75,23497.65,225,300,17092425
NIFTY-I.NFO,10/02/2025,09:37:00,23498.15,23495.25,300,23496.55,300,225,17092425
NIFTY-I.NFO,10/02/2025,09:37:02,23495,23493.05,225,23495.1,75,1350,17092425
NIFTY-I.NFO,10/02/2025,09:37:03,23495.4,23493.15,150,23495.4,900,750,17092425
NIFTY-I.NFO,10/02/2025,09:37:05,23496.55,23493.1,300,23496.5,375,2625,17092425
NIFTY-I.NFO,10/02/2025,09:37:07,23493.15,23493.1,225,23495.3,150,150,17092425
NIFTY-I.NFO,10/02/2025,09:37:08,23494.9,23493.3,900,23496.4,150,150,17092425
NIFTY-I.NFO,10/02/2025,09:37:10,23496.4,23494,900,23497.4,150,150,17092425
NIFTY-I.NFO,10/02/2025,09:37:12,23496.6,23496.7,300,23499.9,150,600,17092425
NIFTY-I.NFO,10/02/2025,09:37:13,23496.9,23496.7,300,23499.9,150,150,17092425
NIFTY-I.NFO,10/02/2025,09:37:15,23500,23496.65,150,23500,225,375,17092425
NIFTY-I.NFO,10/02/2025,09:37:17,23498.3,23498.5,300,23500,75,675,17092425
NIFTY-I.NFO,10/02/2025,09:37:18,23500,23498.4,300,23501.9,750,75,17092425
NIFTY-I.NFO,10/02/2025,09:37:20,23503.9,23501.2,900,23502,75,300,17092425
NIFTY-I.NFO,10/02/2025,09:37:22,23501,23501.2,150,23504,75,225,17092425
NIFTY-I.NFO,10/02/2025,09:37:23,23504,23501.45,150,23504.9,1350,75,17092425
NIFTY-I.NFO,10/02/2025,09:37:25,23504.9,23502.7,150,23505,75,150,17092425
NIFTY-I.NFO,10/02/2025,09:37:27,23505.05,23500.15,150,23505.05,1050,300,17092425
NIFTY-I.NFO,10/02/2025,09:37:28,23500.35,23500.35,75,23504.3,75,375,17092425
NIFTY-I.NFO,10/02/2025,09:37:30,23504.3,23500.15,75,23504.35,375,75,17092425
NIFTY-I.NFO,10/02/2025,09:37:31,23503.95,23500.25,150,23504.2,375,150,17092425
NIFTY-I.NFO,10/02/2025,09:37:33,23501.45,23501.45,75,23503.1,375,150,17092425
NIFTY-I.NFO,10/02/2025,09:37:35,23501.45,23501.45,300,23503.15,525,75,17092425
NIFTY-I.NFO,10/02/2025,09:37:36,23503.4,23503.2,75,23503.4,450,450,17092425
NIFTY-I.NFO,10/02/2025,09:37:38,23503.35,23501.45,300,23503.35,450,1050,17092425
NIFTY-I.NFO,10/02/2025,09:37:40,23503.4,23503.05,300,23503.4,375,525,17092425
NIFTY-I.NFO,10/02/2025,09:37:41,23503.25,23501.5,300,23502.9,150,2625,17092425
NIFTY-I.NFO,10/02/2025,09:37:43,23501.45,23501.45,300,23502.75,75,1200,17092425
NIFTY-I.NFO,10/02/2025,09:37:45,23502.8,23501.5,225,23501.9,75,525,17092425
NIFTY-I.NFO,10/02/2025,09:37:46,23501.95,23501.5,225,23501.95,75,225,17092425
NIFTY-I.NFO,10/02/2025,09:37:48,23502,23501.5,225,23502,150,225,17092425
NIFTY-I.NFO,10/02/2025,09:37:50,23502.05,23501.5,225,23502.05,450,150,17092425
NIFTY-I.NFO,10/02/2025,09:37:51,23502.1,23502.05,225,23502.6,600,300,17092425
NIFTY-I.NFO,10/02/2025,09:37:53,23502.05,23502.05,150,23502.6,600,75,17092425
NIFTY-I.NFO,10/02/2025,09:37:55,23502.05,23502.1,300,23502.6,525,225,17092425
NIFTY-I.NFO,10/02/2025,09:37:56,23504.4,23502.2,900,23504.4,150,225,17092425
NIFTY-I.NFO,10/02/2025,09:37:58,23504.4,23502.1,300,23504.4,675,75,17092425
NIFTY-I.NFO,10/02/2025,09:38:00,23504.4,23502.1,300,23504.4,75,0,17092425
NIFTY-I.NFO,10/02/2025,09:38:01,23505,23502.1,300,23504.4,75,2925,17092425
NIFTY-I.NFO,10/02/2025,09:38:03,23503.05,23503.05,75,23504.45,450,375,17092425
NIFTY-I.NFO,10/02/2025,09:38:05,23503,23502.1,300,23504.1,300,225,17092425
NIFTY-I.NFO,10/02/2025,09:38:06,23501.5,23501,225,23501.7,75,1125,17092425
NIFTY-I.NFO,10/02/2025,09:38:08,23502.9,23501.55,75,23502,300,675,17092425
NIFTY-I.NFO,10/02/2025,09:38:10,23501.55,23501.85,75,23502,300,300,17092425
NIFTY-I.NFO,10/02/2025,09:38:11,23502.05,23501.85,300,23502.05,1125,1200,17092425
NIFTY-I.NFO,10/02/2025,09:38:13,23502.4,23502.1,75,23502.4,750,75,17092425
NIFTY-I.NFO,10/02/2025,09:38:15,23502.4,23502.1,75,23502.45,825,0,17092425
NIFTY-I.NFO,10/02/2025,09:38:16,23502.5,23502.15,300,23502.5,375,600,17092425
NIFTY-I.NFO,10/02/2025,09:38:18,23502.5,23502.45,300,23502.55,450,0,17092425
NIFTY-I.NFO,10/02/2025,09:38:20,23502.05,23502,300,23502.05,75,600,17092425
NIFTY-I.NFO,10/02/2025,09:38:21,23500,23500.05,300,23501.45,300,1275,17092425
NIFTY-I.NFO,10/02/2025,09:38:23,23500,23498.35,300,23500,300,1125,17092425
NIFTY-I.NFO,10/02/2025,09:38:25,23498.35,23498.35,225,23500,375,375,17092425
NIFTY-I.NFO,10/02/2025,09:38:26,23499.1,23498.3,150,23499.75,300,75,17092425
NIFTY-I.NFO,10/02/2025,09:38:28,23499.35,23496.05,75,23499.8,300,600,17092425
NIFTY-I.NFO,10/02/2025,09:38:30,23499.85,23496,75,23499.85,300,150,17092425
NIFTY-I.NFO,10/02/2025,09:38:31,23499.85,23498,75,23500,300,150,17092425
NIFTY-I.NFO,10/02/2025,09:38:33,23498,23497.3,75,23500,225,150,17092425
NIFTY-I.NFO,10/02/2025,09:38:35,23500,23496.45,75,23500.05,225,300,17092425
NIFTY-I.NFO,10/02/2025,09:38:37,23499.1,23496.25,750,23500.1,150,1650,17092425
NIFTY-I.NFO,10/02/2025,09:38:38,23499.1,23496.75,75,23499.1,75,0,17092425
NIFTY-I.NFO,10/02/2025,09:38:40,23499.1,23496.4,75,23500.4,225,225,17092425
NIFTY-I.NFO,10/02/2025,09:38:42,23499.1,23496.4,675,23499,75,0,17092425
NIFTY-I.NFO,10/02/2025,09:38:43,23496,23496,75,23499.05,225,225,17092425
NIFTY-I.NFO,10/02/2025,09:38:45,23499.1,23496.1,75,23499.1,150,75,17092425
NIFTY-I.NFO,10/02/2025,09:38:47,23495.1,23495.1,75,23498.75,225,225,17092425
NIFTY-I.NFO,10/02/2025,09:38:48,23495.1,23495.05,75,23498.5,225,75,17092425
NIFTY-I.NFO,10/02/2025,09:38:50,23498.5,23495.05,75,23497.7,225,150,17092425
NIFTY-I.NFO,10/02/2025,09:38:52,23497.95,23496,75,23497.75,150,900,17092425
NIFTY-I.NFO,10/02/2025,09:38:53,23496,23496,150,23497.7,75,75,17092425
NIFTY-I.NFO,10/02/2025,09:38:55,23497.2,23496,150,23497.55,75,75,17092425
NIFTY-I.NFO,10/02/2025,09:38:57,23497,23496,225,23497.35,375,75,17092425
NIFTY-I.NFO,10/02/2025,09:38:58,23496.8,23495,300,23497.35,75,600,17092425
NIFTY-I.NFO,10/02/2025,09:39:00,23496.8,23496,150,23497.2,150,0,17092425
NIFTY-I.NFO,10/02/2025,09:39:02,23497.2,23496,150,23497,150,75,17092425
NIFTY-I.NFO,10/02/2025,09:39:03,23495,23495,75,23496,225,375,17092425
NIFTY-I.NFO,10/02/2025,09:39:05,23496.05,23493,300,23496.05,825,2475,17092425
NIFTY-I.NFO,10/02/2025,09:39:07,23496.05,23492.3,75,23496.1,825,4950,17092425
NIFTY-I.NFO,10/02/2025,09:39:08,23496.05,23492.35,75,23496.15,450,0,17092425
NIFTY-I.NFO,10/02/2025,09:39:10,23496.05,23492.35,75,23496.2,675,0,17092425
NIFTY-I.NFO,10/02/2025,09:39:12,23496.25,23492.3,150,23496.25,150,75,17092425
NIFTY-I.NFO,10/02/2025,09:39:13,23495,23492.3,150,23496.25,525,75,17092425
NIFTY-I.NFO,10/02/2025,09:39:15,23495.6,23492.3,150,23495.6,450,150,17092425
NIFTY-I.NFO,10/02/2025,09:39:17,23495.65,23492.3,150,23495.65,150,75,17092425
NIFTY-I.NFO,10/02/2025,09:39:18,23495.7,23491.05,75,23494.95,75,750,17092425
NIFTY-I.NFO,10/02/2025,09:39:20,23494.95,23493.05,825,23495.4,150,75,17092425
NIFTY-I.NFO,10/02/2025,09:39:22,23492,23492,525,23495.45,675,1050,17092425
NIFTY-I.NFO,10/02/2025,09:39:23,23492.25,23492.05,300,23495.5,675,75,17092425
NIFTY-I.NFO,10/02/2025,09:39:25,23492.15,23492.35,300,23495.55,450,75,17092425
NIFTY-I.NFO,10/02/2025,09:39:27,23493.05,23493.3,1200,23495.7,75,150,17092425
NIFTY-I.NFO,10/02/2025,09:39:28,23497.7,23495.5,225,23496.9,150,1650,17092425
NIFTY-I.NFO,10/02/2025,09:39:30,23494.4,23493.1,225,23494.4,150,600,17092425
NIFTY-I.NFO,10/02/2025,09:39:32,23493.1,23493.1,75,23495.9,825,1650,17110575
NIFTY-I.NFO,10/02/2025,09:39:33,23495.95,23493.2,75,23495,75,225,17110575
NIFTY-I.NFO,10/02/2025,09:39:35,23493.25,23493.3,300,23495,75,525,17110575
NIFTY-I.NFO,10/02/2025,09:39:36,23493.25,23493.3,900,23495,75,0,17110575
NIFTY-I.NFO,10/02/2025,09:39:38,23493.4,23493.4,225,23495.05,300,750,17110575
NIFTY-I.NFO,10/02/2025,09:39:40,23493.4,23493.4,225,23495.1,150,0,17110575
NIFTY-I.NFO,10/02/2025,09:39:41,23493.4,23493.4,225,23495.15,600,0,17110575
NIFTY-I.NFO,10/02/2025,09:39:43,23493.4,23493.4,75,23495.2,600,150,17110575
NIFTY-I.NFO,10/02/2025,09:39:45,23493.35,23493.35,375,23495,75,750,17110575
NIFTY-I.NFO,10/02/2025,09:39:46,23493.35,23493.35,375,23495.05,450,225,17110575
NIFTY-I.NFO,10/02/2025,09:39:48,23493,23492.25,75,23494,300,675,17110575
NIFTY-I.NFO,10/02/2025,09:39:50,23493.35,23492.25,75,23494.05,150,375,17110575
NIFTY-I.NFO,10/02/2025,09:39:51,23493.35,23492.25,75,23494.1,75,0,17110575
NIFTY-I.NFO,10/02/2025,09:39:53,23491,23490.45,300,23491,75,1275,17110575
NIFTY-I.NFO,10/02/2025,09:39:55,23492.4,23490.45,225,23492.9,750,525,17110575
NIFTY-I.NFO,10/02/2025,09:39:58,23490.45,23490.4,75,23492.95,750,75,17110575
NIFTY-I.NFO,10/02/2025,09:40:00,23491.85,23491,600,23492,225,225,17110575
NIFTY-I.NFO,10/02/2025,09:40:01,23490.1,23490.1,225,23490.45,150,1050,17110575
NIFTY-I.NFO,10/02/2025,09:40:03,23490.4,23490,1500,23490.4,75,2625,17110575
NIFTY-I.NFO,10/02/2025,09:40:05,23490.05,23490,1500,23490.05,225,1425,17110575
NIFTY-I.NFO,10/02/2025,09:40:06,23492.35,23490,1500,23491.4,150,5700,17110575
NIFTY-I.NFO,10/02/2025,09:40:08,23492.35,23490.35,75,23491.4,450,0,17110575
NIFTY-I.NFO,10/02/2025,09:40:10,23491.4,23491,75,23491.4,675,1050,17110575
NIFTY-I.NFO,10/02/2025,09:40:11,23490.25,23490.25,1125,23491.4,450,300,17110575
NIFTY-I.NFO,10/02/2025,09:40:13,23491.9,23490.25,1125,23491.4,675,75,17110575
NIFTY-I.NFO,10/02/2025,09:40:15,23490.25,23490.25,1050,23491.4,300,75,17110575
NIFTY-I.NFO,10/02/2025,09:40:16,23490.25,23490.25,675,23491.4,450,450,17110575
NIFTY-I.NFO,10/02/2025,09:40:18,23490,23490.5,600,23491.4,1125,1800,17110575
NIFTY-I.NFO,10/02/2025,09:40:20,23490.25,23489.05,300,23490,825,750,17110575
NIFTY-I.NFO,10/02/2025,09:40:21,23485,23485,150,23487.9,525,2625,17110575
NIFTY-I.NFO,10/02/2025,09:40:23,23485,23485.5,300,23487.9,600,0,17110575
NIFTY-I.NFO,10/02/2025,09:40:25,23488,23486.25,225,23488,7050,1275,17110575
NIFTY-I.NFO,10/02/2025,09:40:26,23485,23484.3,150,23485,900,900,17110575
NIFTY-I.NFO,10/02/2025,09:40:28,23485,23486.1,375,23488,7050,900,17110575
NIFTY-I.NFO,10/02/2025,09:40:30,23488.25,23488.8,225,23490,150,7275,17110575
NIFTY-I.NFO,10/02/2025,09:40:31,23490.05,23487.5,225,23490.25,150,450,17110575
NIFTY-I.NFO,10/02/2025,09:40:33,23490.05,23488.5,750,23489,75,0,17110575
NIFTY-I.NFO,10/02/2025,09:40:35,23489,23489.05,300,23491.7,75,750,17110575
NIFTY-I.NFO,10/02/2025,09:40:36,23489.05,23489.05,225,23491.7,75,825,17110575
NIFTY-I.NFO,10/02/2025,09:40:38,23492.9,23489.05,225,23492.9,1050,900,17110575
NIFTY-I.NFO,10/02/2025,09:40:40,23489.05,23489.05,75,23492.95,150,300,17110575
NIFTY-I.NFO,10/02/2025,09:40:41,23493,23489.05,300,23490,750,225,17110575
NIFTY-I.NFO,10/02/2025,09:40:43,23490,23489.05,300,23490,750,75,17110575
NIFTY-I.NFO,10/02/2025,09:40:45,23490,23489.05,300,23490,450,300,17110575
NIFTY-I.NFO,10/02/2025,09:40:46,23489,23489,150,23489.05,75,225,17110575
NIFTY-I.NFO,10/02/2025,09:40:48,23489.05,23489.1,225,23492.4,675,750,17110575
NIFTY-I.NFO,10/02/2025,09:40:50,23492.9,23490.05,225,23493,75,75,17110575
NIFTY-I.NFO,10/02/2025,09:40:51,23489.05,23490.1,300,23493,75,675,17110575
NIFTY-I.NFO,10/02/2025,09:40:53,23494,23492.05,300,23495,75,300,17110575
NIFTY-I.NFO,10/02/2025,09:40:55,23492,23492.05,150,23494.05,525,225,17110575
NIFTY-I.NFO,10/02/2025,09:40:56,23492.35,23492.15,75,23495,75,450,17110575
NIFTY-I.NFO,10/02/2025,09:40:58,23492.7,23492.6,900,23495,75,75,17110575
NIFTY-I.NFO,10/02/2025,09:41:00,23492.15,23493.05,150,23495.1,150,225,17110575
NIFTY-I.NFO,10/02/2025,09:41:01,23493.15,23495.05,300,23495.1,150,150,17110575
NIFTY-I.NFO,10/02/2025,09:41:03,23495.1,23493.05,300,23495.05,150,525,17110575
NIFTY-I.NFO,10/02/2025,09:41:05,23495.05,23493.15,300,23494.4,75,375,17110575
NIFTY-I.NFO,10/02/2025,09:41:06,23495.05,23493.15,300,23494.4,75,0,17110575
NIFTY-I.NFO,10/02/2025,09:41:08,23494.1,23493.25,300,23494.5,525,225,17110575
NIFTY-I.NFO,10/02/2025,09:41:10,23492,23492.05,300,23492.6,150,600,17110575
NIFTY-I.NFO,10/02/2025,09:41:11,23492.05,23492.05,150,23492.35,1350,150,17110575
NIFTY-I.NFO,10/02/2025,09:41:13,23492.2,23492.05,150,23492.2,1200,450,17110575
NIFTY-I.NFO,10/02/2025,09:41:15,23489,23489,150,23489.95,150,1125,17110575
NIFTY-I.NFO,10/02/2025,09:41:16,23490.2,23489,450,23490.2,1050,525,17110575
NIFTY-I.NFO,10/02/2025,09:41:18,23490.15,23490,75,23490.15,300,525,17110575
NIFTY-I.NFO,10/02/2025,09:41:20,23485.3,23485.3,225,23487.75,750,1275,17110575
NIFTY-I.NFO,10/02/2025,09:41:21,23485.25,23485.25,75,23490.2,1500,1425,17110575
NIFTY-I.NFO,10/02/2025,09:41:23,23490.2,23485.3,300,23490.2,1425,150,17110575
NIFTY-I.NFO,10/02/2025,09:41:25,23490.2,23489.1,300,23490.2,1350,75,17110575
NIFTY-I.NFO,10/02/2025,09:41:26,23490.2,23489.1,225,23490.2,1200,225,17110575
NIFTY-I.NFO,10/02/2025,09:41:28,23490.2,23489.35,150,23490.2,1200,300,17110575
NIFTY-I.NFO,10/02/2025,09:41:30,23490.2,23489.55,75,23490,75,0,17110575
NIFTY-I.NFO,10/02/2025,09:41:31,23490,23489.6,150,23490,900,150,17110575
NIFTY-I.NFO,10/02/2025,09:41:33,23490.2,23490,75,23490.2,525,675,17110575
NIFTY-I.NFO,10/02/2025,09:41:35,23492.7,23490.8,150,23492.7,450,150,17110575
NIFTY-I.NFO,10/02/2025,09:41:36,23492.75,23490.8,150,23493.15,525,900,17110575
NIFTY-I.NFO,10/02/2025,09:41:38,23490.8,23490.2,300,23490.9,75,300,17110575
NIFTY-I.NFO,10/02/2025,09:41:40,23490.95,23489.05,75,23490.9,450,1875,17110575
NIFTY-I.NFO,10/02/2025,09:41:41,23490.8,23489.05,75,23489.95,450,150,17110575
NIFTY-I.NFO,10/02/2025,09:41:43,23486.75,23486.05,450,23489.95,225,450,17110575
NIFTY-I.NFO,10/02/2025,09:41:45,23490.95,23490.05,75,23491.4,375,75,17110575
NIFTY-I.NFO,10/02/2025,09:41:46,23491.4,23490.05,75,23491.4,300,75,17110575
NIFTY-I.NFO,10/02/2025,09:41:48,23489.95,23486,75,23490.1,375,300,17110575
NIFTY-I.NFO,10/02/2025,09:41:50,23486,23486.7,450,23491.4,150,75,17110575
NIFTY-I.NFO,10/02/2025,09:41:51,23486.95,23486.7,75,23491.9,150,150,17110575
NIFTY-I.NFO,10/02/2025,09:41:53,23486.95,23488.15,75,23492.25,150,0,17110575
NIFTY-I.NFO,10/02/2025,09:41:55,23488.15,23488.35,75,23490,750,150,17110575
NIFTY-I.NFO,10/02/2025,09:41:56,23490,23488.35,75,23490,675,75,17110575
NIFTY-I.NFO,10/02/2025,09:41:58,23490,23488.35,75,23490,675,0,17110575
NIFTY-I.NFO,10/02/2025,09:42:00,23488.35,23488.15,75,23490,675,150,17110575
NIFTY-I.NFO,10/02/2025,09:42:01,23488.35,23488.15,75,23489.85,75,0,17110575
NIFTY-I.NFO,10/02/2025,09:42:03,23488.15,23485.2,300,23489.45,75,150,17110575
NIFTY-I.NFO,10/02/2025,09:42:05,23489.95,23488,75,23489.35,75,1725,17110575
NIFTY-I.NFO,10/02/2025,09:42:06,23489.95,23488,75,23489.95,75,225,17110575
NIFTY-I.NFO,10/02/2025,09:42:08,23485.2,23485.2,300,23488.35,75,1200,17110575
NIFTY-I.NFO,10/02/2025,09:42:10,23485.15,23485.05,225,23488,75,150,17110575
NIFTY-I.NFO,10/02/2025,09:42:11,23488.35,23485.8,225,23490,375,150,17110575
NIFTY-I.NFO,10/02/2025,09:42:13,23489,23485.25,150,23489.45,75,150,17110575
NIFTY-I.NFO,10/02/2025,09:42:15,23486.35,23486.35,1350,23489.95,75,300,17110575
NIFTY-I.NFO,10/02/2025,09:42:16,23486.35,23486.45,300,23489.95,75,0,17110575
NIFTY-I.NFO,10/02/2025,09:42:18,23490,23486.6,150,23490,225,150,17110575
NIFTY-I.NFO,10/02/2025,09:42:19,23490,23490,1575,23490.8,750,300,17110575
NIFTY-I.NFO,10/02/2025,09:42:21,23490,23488,75,23490.35,300,1650,17110575
NIFTY-I.NFO,10/02/2025,09:42:23,23485,23485,1050,23486.9,300,2100,17110575
NIFTY-I.NFO,10/02/2025,09:42:24,23483.9,23483.4,75,23483.9,975,1350,17110575
NIFTY-I.NFO,10/02/2025,09:42:26,23483.85,23482.5,300,23483.3,75,300,17110575
NIFTY-I.NFO,10/02/2025,09:42:28,23478.8,23476,450,23478.8,750,8550,17110575
NIFTY-I.NFO,10/02/2025,09:42:28,23477,23476,450,23478.8,750,0,17110575
NIFTY-I.NFO,10/02/2025,09:42:29,23479.85,23479.15,375,23481.6,75,2550,17110575
NIFTY-I.NFO,10/02/2025,09:42:29,23475.7,23479.15,375,23481.6,75,0,17110575
NIFTY-I.NFO,10/02/2025,09:42:31,23481.4,23482.1,300,23483.9,825,1125,17127225
NIFTY-I.NFO,10/02/2025,09:42:33,23481.5,23482.5,75,23483.85,75,825,17127225
NIFTY-I.NFO,10/02/2025,09:42:34,23482.3,23482.35,75,23483.9,600,1200,17127225
NIFTY-I.NFO,10/02/2025,09:42:36,23486.9,23485,675,23486.9,75,975,17127225
NIFTY-I.NFO,10/02/2025,09:42:38,23488.85,23486.9,75,23488.7,300,2925,17127225
NIFTY-I.NFO,10/02/2025,09:42:39,23486.9,23486.9,75,23488,375,150,17127225
NIFTY-I.NFO,10/02/2025,09:42:41,23487.2,23482.45,675,23488.55,375,675,17127225
NIFTY-I.NFO,10/02/2025,09:42:43,23487.2,23483.85,150,23488.9,450,0,17127225
NIFTY-I.NFO,10/02/2025,09:42:44,23488.95,23483.3,300,23488.95,375,75,17127225
NIFTY-I.NFO,10/02/2025,09:42:46,23483.25,23483,75,23486.45,750,75,17127225
NIFTY-I.NFO,10/02/2025,09:42:48,23485.7,23483,75,23485.8,225,150,17127225
NIFTY-I.NFO,10/02/2025,09:42:49,23485.65,23483,75,23485.2,300,225,17127225
NIFTY-I.NFO,10/02/2025,09:42:51,23480,23478.05,75,23481.85,600,225,17127225
NIFTY-I.NFO,10/02/2025,09:42:53,23481.85,23478.1,300,23481.85,150,1200,17127225
NIFTY-I.NFO,10/02/2025,09:42:54,23484.6,23478.05,600,23483.2,375,1875,17127225
NIFTY-I.NFO,10/02/2025,09:42:56,23483.2,23480,75,23483.2,225,1275,17127225
NIFTY-I.NFO,10/02/2025,09:42:58,23477.8,23478.1,600,23480,75,1350,17127225
NIFTY-I.NFO,10/02/2025,09:42:59,23478.05,23478.1,600,23480,75,1500,17127225
NIFTY-I.NFO,10/02/2025,09:43:01,23483.35,23478.25,150,23484.35,75,825,17127225
NIFTY-I.NFO,10/02/2025,09:43:03,23477.95,23478.05,75,23480,675,2550,17127225
NIFTY-I.NFO,10/02/2025,09:43:04,23479.25,23479.25,300,23480,750,375,17127225
NIFTY-I.NFO,10/02/2025,09:43:06,23483.2,23482,4200,23483.2,75,2475,17127225
NIFTY-I.NFO,10/02/2025,09:43:08,23482,23482,2850,23483.2,75,1350,17127225
NIFTY-I.NFO,10/02/2025,09:43:09,23482,23482,1950,23483.2,150,900,17127225
NIFTY-I.NFO,10/02/2025,09:43:11,23482,23479.25,75,23483.2,150,1950,17127225
NIFTY-I.NFO,10/02/2025,09:43:13,23479.25,23477.4,75,23479.25,75,375,17127225
NIFTY-I.NFO,10/02/2025,09:43:14,23483.2,23477.2,150,23483.35,75,1050,17127225
NIFTY-I.NFO,10/02/2025,09:43:16,23477.45,23477,75,23481.7,150,600,17127225
NIFTY-I.NFO,10/02/2025,09:43:18,23477,23476.55,150,23477,75,525,17127225
NIFTY-I.NFO,10/02/2025,09:43:19,23477,23476,675,23477,75,300,17127225
NIFTY-I.NFO,10/02/2025,09:43:21,23476,23475.5,225,23476,525,750,17127225
NIFTY-I.NFO,10/02/2025,09:43:23,23475.5,23475.3,75,23475.5,225,600,17127225
NIFTY-I.NFO,10/02/2025,09:43:23,23475.5,23475.3,75,23475.5,225,0,17127225
NIFTY-I.NFO,10/02/2025,09:43:24,23472,23472,375,23475.3,75,7575,17127225
NIFTY-I.NFO,10/02/2025,09:43:24,23472,23472,375,23475.3,75,0,17127225
NIFTY-I.NFO,10/02/2025,09:43:26,23477.3,23473,75,23477.6,375,750,17127225
NIFTY-I.NFO,10/02/2025,09:43:28,23475.5,23475.2,75,23478.15,75,150,17127225
NIFTY-I.NFO,10/02/2025,09:43:29,23475.2,23476.15,750,23477.7,75,150,17127225
NIFTY-I.NFO,10/02/2025,09:43:31,23478.1,23477.75,825,23481.95,75,1350,17127225
NIFTY-I.NFO,10/02/2025,09:43:33,23481.45,23477.75,150,23481.95,75,150,17127225
NIFTY-I.NFO,10/02/2025,09:43:34,23481.65,23477.7,75,23481.1,75,150,17127225
NIFTY-I.NFO,10/02/2025,09:43:36,23476.1,23476.1,750,23477.7,75,450,17127225
NIFTY-I.NFO,10/02/2025,09:43:38,23480.3,23477.7,225,23479.05,150,450,17127225
NIFTY-I.NFO,10/02/2025,09:43:39,23477.7,23477.7,150,23479.05,75,150,17127225
NIFTY-I.NFO,10/02/2025,09:43:41,23477.7,23477,75,23479,150,150,17127225
NIFTY-I.NFO,10/02/2025,09:43:43,23477,23477,75,23478.95,300,75,17127225
NIFTY-I.NFO,10/02/2025,09:43:44,23476,23475.8,75,23477,75,1050,17127225
NIFTY-I.NFO,10/02/2025,09:43:46,23475.8,23475.05,300,23477,75,1200,17127225
NIFTY-I.NFO,10/02/2025,09:43:48,23477,23474.5,150,23478.9,75,900,17127225
NIFTY-I.NFO,10/02/2025,09:43:49,23475.8,23475.05,600,23477,75,375,17127225
NIFTY-I.NFO,10/02/2025,09:43:51,23475.35,23475.4,75,23481.25,75,450,17127225
NIFTY-I.NFO,10/02/2025,09:43:53,23478.9,23475.85,75,23481.2,75,300,17127225
NIFTY-I.NFO,10/02/2025,09:43:54,23477,23477,600,23480.75,300,75,17127225
NIFTY-I.NFO,10/02/2025,09:43:56,23477,23477,600,23480.75,300,0,17127225
NIFTY-I.NFO,10/02/2025,09:43:58,23477,23477,675,23479.9,300,0,17127225
NIFTY-I.NFO,10/02/2025,09:43:59,23477,23477,675,23479.8,300,0,17127225
NIFTY-I.NFO,10/02/2025,09:44:01,23478.3,23477,450,23479.05,300,300,17127225
NIFTY-I.NFO,10/02/2025,09:44:03,23478.45,23477,450,23479.25,300,300,17127225
NIFTY-I.NFO,10/02/2025,09:44:04,23477,23477,225,23478.9,300,225,17127225
NIFTY-I.NFO,10/02/2025,09:44:06,23475,23475,150,23477.95,300,675,17127225
NIFTY-I.NFO,10/02/2025,09:44:08,23472.05,23472.05,75,23477.95,525,825,17127225
NIFTY-I.NFO,10/02/2025,09:44:09,23472.1,23472.35,150,23477.95,225,150,17127225
NIFTY-I.NFO,10/02/2025,09:44:11,23477.95,23472.9,150,23477.95,150,225,17127225
NIFTY-I.NFO,10/02/2025,09:44:12,23475,23473.35,375,23477.95,150,75,17127225
NIFTY-I.NFO,10/02/2025,09:44:14,23472.75,23474.8,300,23477,75,1800,17127225
NIFTY-I.NFO,10/02/2025,09:44:16,23474.85,23474.75,75,23477,150,300,17127225
NIFTY-I.NFO,10/02/2025,09:44:17,23474.75,23474.35,375,23477,150,75,17127225
NIFTY-I.NFO,10/02/2025,09:44:19,23475.4,23475.35,450,23480,75,450,17127225
NIFTY-I.NFO,10/02/2025,09:44:21,23475.6,23475.6,225,23479.5,150,225,17127225
NIFTY-I.NFO,10/02/2025,09:44:22,23475.6,23475.6,150,23479.95,225,75,17127225
NIFTY-I.NFO,10/02/2025,09:44:24,23475.5,23475.35,525,23479.5,150,375,17127225
NIFTY-I.NFO,10/02/2025,09:44:25,23479.2,23475.35,450,23479.4,75,150,17127225
NIFTY-I.NFO,10/02/2025,09:44:27,23479.4,23475.35,450,23478,150,75,17127225
NIFTY-I.NFO,10/02/2025,09:44:29,23476,23476,225,23478,150,75,17127225
NIFTY-I.NFO,10/02/2025,09:44:30,23478,23478,75,23479.9,75,150,17127225
NIFTY-I.NFO,10/02/2025,09:44:32,23479.9,23476,600,23480,375,450,17127225
NIFTY-I.NFO,10/02/2025,09:44:33,23480,23476,825,23480,300,225,17127225
NIFTY-I.NFO,10/02/2025,09:44:35,23479.95,23476,750,23479.95,225,375,17127225
NIFTY-I.NFO,10/02/2025,09:44:37,23479.95,23476,750,23479,75,0,17127225
NIFTY-I.NFO,10/02/2025,09:44:38,23480,23476,750,23480,75,300,17127225
NIFTY-I.NFO,10/02/2025,09:44:40,23480.4,23476,600,23480.6,150,300,17127225
NIFTY-I.NFO,10/02/2025,09:44:41,23480,23476,600,23479.75,150,225,17127225
NIFTY-I.NFO,10/02/2025,09:44:43,23481.2,23479.95,225,23481.8,75,450,17127225
NIFTY-I.NFO,10/02/2025,09:44:45,23480.95,23479.95,225,23482,825,150,17127225
NIFTY-I.NFO,10/02/2025,09:44:46,23480,23479.95,225,23480,150,75,17127225
NIFTY-I.NFO,10/02/2025,09:44:48,23480,23479.95,225,23482,825,150,17127225
NIFTY-I.NFO,10/02/2025,09:44:50,23482,23480,300,23481.95,300,225,17127225
NIFTY-I.NFO,10/02/2025,09:44:51,23482,23480,600,23481.65,300,0,17127225
NIFTY-I.NFO,10/02/2025,09:44:53,23480,23480,450,23481.95,300,150,17127225
NIFTY-I.NFO,10/02/2025,09:44:55,23480,23480,300,23482,750,225,17127225
NIFTY-I.NFO,10/02/2025,09:44:56,23482,23481,75,23481.95,300,225,17127225
NIFTY-I.NFO,10/02/2025,09:44:58,23482,23481,75,23482,675,0,17127225
NIFTY-I.NFO,10/02/2025,09:44:59,23479.95,23479.75,75,23481.5,300,525,17127225
NIFTY-I.NFO,10/02/2025,09:45:01,23476,23476,75,23478.75,300,750,17127225
NIFTY-I.NFO,10/02/2025,09:45:03,23475,23474.75,150,23476,150,1800,17127225
NIFTY-I.NFO,10/02/2025,09:45:04,23474.75,23474.75,75,23477.5,75,525,17127225
NIFTY-I.NFO,10/02/2025,09:45:06,23477.5,23475,75,23479.45,75,75,17127225
NIFTY-I.NFO,10/02/2025,09:45:08,23473.2,23473.3,225,23479.45,75,1875,17127225
NIFTY-I.NFO,10/02/2025,09:45:09,23473.5,23473.65,150,23479.85,75,600,17127225
NIFTY-I.NFO,10/02/2025,09:45:11,23479.85,23477.5,150,23480,300,150,17127225
NIFTY-I.NFO,10/02/2025,09:45:13,23482,23478.35,75,23480,75,675,17127225
NIFTY-I.NFO,10/02/2025,09:45:14,23478.35,23478.85,150,23482,825,675,17127225
NIFTY-I.NFO,10/02/2025,09:45:16,23482,23480,75,23482,525,450,17127225
NIFTY-I.NFO,10/02/2025,09:45:18,23483.2,23481.35,375,23483.95,75,675,17127225
NIFTY-I.NFO,10/02/2025,09:45:19,23484.8,23480.3,375,23484.85,75,675,17127225
NIFTY-I.NFO,10/02/2025,09:45:21,23484,23478.35,150,23484,450,675,17127225
NIFTY-I.NFO,10/02/2025,09:45:23,23483.75,23478.75,75,23483.45,525,600,17127225
NIFTY-I.NFO,10/02/2025,09:45:24,23478.75,23477.5,75,23481.55,300,225,17127225
NIFTY-I.NFO,10/02/2025,09:45:26,23477.3,23476,75,23480.65,150,150,17127225
NIFTY-I.NFO,10/02/2025,09:45:28,23479.95,23476,75,23480.95,75,450,17127225
NIFTY-I.NFO,10/02/2025,09:45:29,23482,23478.8,450,23481,300,150,17127225
NIFTY-I.NFO,10/02/2025,09:45:31,23479,23477.4,75,23482,75,900,17127225
NIFTY-I.NFO,10/02/2025,09:45:33,23481.75,23478.8,375,23482,225,150,17139150
NIFTY-I.NFO,10/02/2025,09:45:34,23482,23479.75,75,23482,225,525,17139150
NIFTY-I.NFO,10/02/2025,09:45:36,23482,23480,75,23482,150,150,17139150
NIFTY-I.NFO,10/02/2025,09:45:38,23482,23482,600,23484.75,75,375,17139150
NIFTY-I.NFO,10/02/2025,09:45:39,23482.45,23483.05,750,23484.75,75,750,17139150
NIFTY-I.NFO,10/02/2025,09:45:41,23489.9,23486.3,150,23491.7,225,2775,17139150
NIFTY-I.NFO,10/02/2025,09:45:43,23492.5,23487.1,75,23489,75,1575,17139150
NIFTY-I.NFO,10/02/2025,09:45:44,23487.1,23485.2,150,23489,75,75,17139150
NIFTY-I.NFO,10/02/2025,09:45:46,23490.3,23484.45,75,23490.3,600,300,17139150
NIFTY-I.NFO,10/02/2025,09:45:48,23485,23484.95,150,23491.25,300,1350,17139150
NIFTY-I.NFO,10/02/2025,09:45:49,23489.45,23483.75,375,23489.35,825,300,17139150
NIFTY-I.NFO,10/02/2025,09:45:51,23488.8,23485,300,23489.2,300,450,17139150
NIFTY-I.NFO,10/02/2025,09:45:53,23485,23482,150,23485,975,750,17139150
NIFTY-I.NFO,10/02/2025,09:45:54,23485,23482.6,150,23485,750,750,17139150
NIFTY-I.NFO,10/02/2025,09:45:56,23485,23482.95,75,23485,525,525,17139150
NIFTY-I.NFO,10/02/2025,09:45:58,23485,23482,450,23485,450,150,17139150
NIFTY-I.NFO,10/02/2025,09:45:59,23482.95,23482,225,23485,450,300,17139150
NIFTY-I.NFO,10/02/2025,09:46:01,23483.1,23480,1350,23483.05,375,2025,17139150
NIFTY-I.NFO,10/02/2025,09:46:03,23482.8,23480,75,23482.55,75,1800,17139150
NIFTY-I.NFO,10/02/2025,09:46:04,23480,23477,1275,23480,1725,975,17139150
NIFTY-I.NFO,10/02/2025,09:46:06,23480,23477,1275,23480,1575,750,17139150
NIFTY-I.NFO,10/02/2025,09:46:08,23480,23477,1275,23480,2025,300,17139150
NIFTY-I.NFO,10/02/2025,09:46:09,23480,23478.5,225,23480,1425,600,17139150
NIFTY-I.NFO,10/02/2025,09:46:11,23477,23477.75,450,23480,2025,1425,17139150
NIFTY-I.NFO,10/02/2025,09:46:13,23480,23478.75,450,23480,675,1500,17139150
NIFTY-I.NFO,10/02/2025,09:46:14,23480,23477.05,375,23480,375,1800,17139150
NIFTY-I.NFO,10/02/2025,09:46:16,23479.25,23479.2,375,23482.95,225,3375,17139150
NIFTY-I.NFO,10/02/2025,09:46:18,23480.1,23480.15,150,23483.1,75,225,17139150
NIFTY-I.NFO,10/02/2025,09:46:19,23485,23480.05,150,23485,75,300,17139150
NIFTY-I.NFO,10/02/2025,09:46:21,23485,23480.7,75,23485.15,600,150,17139150
NIFTY-I.NFO,10/02/2025,09:46:23,23485.3,23480.7,75,23484.4,375,75,17139150
NIFTY-I.NFO,10/02/2025,09:46:24,23485.3,23481,150,23484.75,300,0,17139150
NIFTY-I.NFO,10/02/2025,09:46:26,23485.3,23481,150,23485,150,0,17139150
NIFTY-I.NFO,10/02/2025,09:46:28,23484.95,23481.05,150,23485,150,300,17139150
NIFTY-I.NFO,10/02/2025,09:46:29,23487.45,23481.1,150,23486.7,675,300,17139150
NIFTY-I.NFO,10/02/2025,09:46:31,23485,23484.95,150,23486.9,825,750,17139150
NIFTY-I.NFO,10/02/2025,09:46:33,23487.05,23485.3,75,23488,75,150,17139150
NIFTY-I.NFO,10/02/2025,09:46:34,23485.3,23485,225,23486.3,75,225,17139150
NIFTY-I.NFO,10/02/2025,09:46:36,23485,23485,300,23487.4,300,450,17139150
NIFTY-I.NFO,10/02/2025,09:46:38,23487.95,23487.1,75,23488,75,375,17139150
NIFTY-I.NFO,10/02/2025,09:46:39,23488.1,23485,225,23488.05,825,375,17139150
NIFTY-I.NFO,10/02/2025,09:46:41,23487.45,23485,150,23487.4,600,375,17139150
NIFTY-I.NFO,10/02/2025,09:46:43,23487.95,23486,75,23487.25,300,150,17139150
NIFTY-I.NFO,10/02/2025,09:46:44,23488.1,23486,225,23488.15,150,375,17139150
NIFTY-I.NFO,10/02/2025,09:46:46,23486,23486,150,23488.15,300,75,17139150
NIFTY-I.NFO,10/02/2025,09:46:48,23486,23485,300,23486,225,300,17139150
NIFTY-I.NFO,10/02/2025,09:46:49,23485,23485,150,23487.85,675,600,17139150
NIFTY-I.NFO,10/02/2025,09:46:51,23487.25,23487.25,450,23488.5,450,225,17139150
NIFTY-I.NFO,10/02/2025,09:46:53,23487.25,23487.25,450,23489.85,375,0,17139150
NIFTY-I.NFO,10/02/2025,09:46:54,23489.95,23487.25,450,23490,525,225,17139150
NIFTY-I.NFO,10/02/2025,09:46:56,23490,23487.25,375,23490,150,525,17139150
NIFTY-I.NFO,10/02/2025,09:46:58,23488,23487.25,375,23490.15,600,375,17139150
NIFTY-I.NFO,10/02/2025,09:46:59,23487.95,23487.25,375,23487.95,225,1500,17139150
NIFTY-I.NFO,10/02/2025,09:47:01,23487.65,23487.25,300,23487.35,525,150,17139150
NIFTY-I.NFO,10/02/2025,09:47:02,23487.85,23485.1,225,23487.8,450,975,17139150
NIFTY-I.NFO,10/02/2025,09:47:04,23487.8,23485.1,150,23487.95,300,150,17139150
NIFTY-I.NFO,10/02/2025,09:47:06,23487.85,23487.8,75,23487.95,225,825,17139150
NIFTY-I.NFO,10/02/2025,09:47:07,23487.95,23487,75,23487.95,150,150,17139150
NIFTY-I.NFO,10/02/2025,09:47:09,23487.95,23485.1,150,23487.95,75,150,17139150
NIFTY-I.NFO,10/02/2025,09:47:11,23487.4,23485.1,150,23487.35,750,75,17139150
NIFTY-I.NFO,10/02/2025,09:47:12,23487.4,23485.1,150,23487.2,675,0,17139150
NIFTY-I.NFO,10/02/2025,09:47:14,23487.15,23486,75,23486.85,300,375,17139150
NIFTY-I.NFO,10/02/2025,09:47:16,23487.25,23486,75,23487.4,675,75,17139150
NIFTY-I.NFO,10/02/2025,09:47:17,23486,23485.1,150,23486.4,75,75,17139150
NIFTY-I.NFO,10/02/2025,09:47:19,23486,23485.1,150,23486.4,75,0,17139150
NIFTY-I.NFO,10/02/2025,09:47:20,23487.85,23485.1,150,23486.9,825,225,17139150
NIFTY-I.NFO,10/02/2025,09:47:22,23487.15,23486,75,23486.4,75,225,17139150
NIFTY-I.NFO,10/02/2025,09:47:24,23489.95,23486.9,75,23490,150,675,17139150
NIFTY-I.NFO,10/02/2025,09:47:25,23490.75,23486.9,75,23490.95,450,300,17139150
NIFTY-I.NFO,10/02/2025,09:47:27,23490.75,23487,150,23491,75,0,17139150
NIFTY-I.NFO,10/02/2025,09:47:28,23490.75,23487.35,300,23491,75,0,17139150
NIFTY-I.NFO,10/02/2025,09:47:30,23485.75,23485.95,300,23491,75,375,17139150
