Ticker,Date,Time,LTP,BuyPrice,BuyQty,SellPrice,SellQty,LTQ,OpenInterest
NIFTY-II.NFO,10/02/2025,09:15:00,23746,23705.85,300,23753.2,300,225,963300
NIFTY-II.NFO,10/02/2025,09:15:00,23746,23705.85,300,23753.2,300,0,963300
NIFTY-II.NFO,10/02/2025,09:15:00,23746,23705.85,300,23753.2,300,0,963300
NIFTY-II.NFO,10/02/2025,09:15:00,23746,23705.85,300,23753.2,300,0,963300
NIFTY-II.NFO,10/02/2025,09:15:01,23739.35,23725.55,300,23739.35,150,150,963300
NIFTY-II.NFO,10/02/2025,09:15:01,23739.35,23725.55,300,23739.35,150,0,963300
NIFTY-II.NFO,10/02/2025,09:15:02,23739.35,23733.5,300,23738,225,0,963300
NIFTY-II.NFO,10/02/2025,09:15:03,23751.95,23739.35,300,23751.65,225,300,963300
NIFTY-II.NFO,10/02/2025,09:15:03,23751.95,23739.35,300,23751.65,225,0,963300
NIFTY-II.NFO,10/02/2025,09:15:03,23733.7,23739.35,300,23751.65,225,0,963300
NIFTY-II.NFO,10/02/2025,09:15:04,23743.3,23732.55,300,23743,375,150,963300
NIFTY-II.NFO,10/02/2025,09:15:04,23752.1,23732.55,300,23743,375,0,963300
NIFTY-II.NFO,10/02/2025,09:15:05,23743.3,23727.05,300,23739.05,150,0,963300
NIFTY-II.NFO,10/02/2025,09:15:06,23743.3,23730.3,300,23745.3,150,0,963300
NIFTY-II.NFO,10/02/2025,09:15:07,23741.65,23727.15,300,23738.45,375,150,963300
NIFTY-II.NFO,10/02/2025,09:15:08,23739.4,23727.85,300,23740.25,375,150,963300
NIFTY-II.NFO,10/02/2025,09:15:09,23739.4,23725.95,300,23734.85,225,0,963300
NIFTY-II.NFO,10/02/2025,09:15:10,23734.35,23720.05,150,23731.25,225,75,963300
NIFTY-II.NFO,10/02/2025,09:15:11,23716.35,23719.05,300,23726.55,75,75,963300
NIFTY-II.NFO,10/02/2025,09:15:11,23716.35,23719.05,300,23726.55,75,0,963300
NIFTY-II.NFO,10/02/2025,09:15:12,23716.35,23711.65,300,23721.25,75,0,963300
NIFTY-II.NFO,10/02/2025,09:15:13,23716.35,23711.6,525,23719.95,75,0,963300
NIFTY-II.NFO,10/02/2025,09:15:14,23718.6,23706.8,525,23714.85,225,75,963300
NIFTY-II.NFO,10/02/2025,09:15:15,23718.6,23708.75,300,23716.65,225,0,963300
NIFTY-II.NFO,10/02/2025,09:15:16,23705.6,23706.95,300,23715.7,300,1650,963300
NIFTY-II.NFO,10/02/2025,09:15:16,23705.6,23706.95,300,23715.7,300,0,963300
NIFTY-II.NFO,10/02/2025,09:15:17,23715.65,23705.2,75,23712.35,225,75,963300
NIFTY-II.NFO,10/02/2025,09:15:18,23704.35,23703.6,300,23712.8,225,75,963300
NIFTY-II.NFO,10/02/2025,09:15:18,23704.35,23703.6,300,23712.8,225,0,963300
NIFTY-II.NFO,10/02/2025,09:15:19,23704.35,23702.95,300,23712.5,225,0,963300
NIFTY-II.NFO,10/02/2025,09:15:20,23704.35,23706.5,300,23715,225,0,963300
NIFTY-II.NFO,10/02/2025,09:15:21,23704.35,23701.1,300,23711.9,225,0,963300
NIFTY-II.NFO,10/02/2025,09:15:22,23704.35,23703.85,300,23712.3,225,0,963300
NIFTY-II.NFO,10/02/2025,09:15:23,23712.9,23704.3,300,23713.3,375,450,963300
NIFTY-II.NFO,10/02/2025,09:15:24,23712.9,23704.8,300,23712.35,375,0,963300
NIFTY-II.NFO,10/02/2025,09:15:25,23712.9,23705.5,300,23713.6,375,0,963300
NIFTY-II.NFO,10/02/2025,09:15:26,23712.9,23703.05,300,23712.65,375,0,963300
NIFTY-II.NFO,10/02/2025,09:15:27,23712.9,23703.2,375,23713,375,0,963300
NIFTY-II.NFO,10/02/2025,09:15:28,23705.85,23707.9,300,23718.35,75,75,963825
NIFTY-II.NFO,10/02/2025,09:15:29,23705.85,23707.15,300,23717.6,75,0,963825
NIFTY-II.NFO,10/02/2025,09:15:30,23705.85,23708.6,300,23717.75,75,0,963825
NIFTY-II.NFO,10/02/2025,09:15:31,23707.9,23706.3,225,23715.75,300,300,963825
NIFTY-II.NFO,10/02/2025,09:15:32,23707.45,23705.7,150,23715.85,300,75,963825
NIFTY-II.NFO,10/02/2025,09:15:33,23707.45,23710.05,150,23718.6,675,0,963825
NIFTY-II.NFO,10/02/2025,09:15:34,23707.45,23710.4,150,23719.25,300,0,963825
NIFTY-II.NFO,10/02/2025,09:15:35,23707.45,23712.55,150,23722,300,0,963825
NIFTY-II.NFO,10/02/2025,09:15:36,23707.45,23713.2,150,23723.25,300,0,963825
NIFTY-II.NFO,10/02/2025,09:15:37,23707.45,23717.2,150,23725.8,300,0,963825
NIFTY-II.NFO,10/02/2025,09:15:38,23707.45,23715.9,150,23725,300,0,963825
NIFTY-II.NFO,10/02/2025,09:15:39,23707.45,23715.5,150,23723.95,300,0,963825
NIFTY-II.NFO,10/02/2025,09:15:40,23707.45,23712.3,150,23721.65,675,0,963825
NIFTY-II.NFO,10/02/2025,09:15:41,23722.05,23712.65,225,23721.35,300,75,963825
NIFTY-II.NFO,10/02/2025,09:15:42,23722.05,23712.45,225,23721.55,300,0,963825
NIFTY-II.NFO,10/02/2025,09:15:43,23722.05,23710.9,225,23720.55,375,0,963825
NIFTY-II.NFO,10/02/2025,09:15:44,23722.05,23710.05,225,23719.45,375,0,963825
NIFTY-II.NFO,10/02/2025,09:15:45,23722.05,23710.3,450,23720.2,375,0,963825
NIFTY-II.NFO,10/02/2025,09:15:46,23720.05,23710.05,375,23720,375,75,963825
NIFTY-II.NFO,10/02/2025,09:15:47,23710.05,23710.05,300,23719.05,300,150,963825
NIFTY-II.NFO,10/02/2025,09:15:48,23710.05,23710.05,375,23719.9,375,0,963825
NIFTY-II.NFO,10/02/2025,09:15:49,23718.15,23710,75,23718.15,225,75,963825
NIFTY-II.NFO,10/02/2025,09:15:50,23718.15,23710,75,23717.3,225,0,963825
NIFTY-II.NFO,10/02/2025,09:15:51,23717.15,23710,75,23716.35,150,75,963825
NIFTY-II.NFO,10/02/2025,09:15:52,23717.15,23710,75,23716.65,225,0,963825
NIFTY-II.NFO,10/02/2025,09:15:53,23717.15,23710,75,23716.7,150,0,963825
NIFTY-II.NFO,10/02/2025,09:15:54,23717.15,23710,75,23715.75,225,0,963825
NIFTY-II.NFO,10/02/2025,09:15:55,23714.75,23707.45,75,23714.15,75,150,963825
NIFTY-II.NFO,10/02/2025,09:15:56,23715,23707.45,75,23714.8,75,75,963825
NIFTY-II.NFO,10/02/2025,09:15:57,23714.8,23707.45,75,23714.75,750,75,963825
NIFTY-II.NFO,10/02/2025,09:15:58,23714.8,23707.45,75,23713.5,75,0,963825
NIFTY-II.NFO,10/02/2025,09:15:59,23713.9,23707.45,75,23713.95,375,75,963825
NIFTY-II.NFO,10/02/2025,09:16:00,23707.45,23706,75,23711.25,75,75,963825
NIFTY-II.NFO,10/02/2025,09:16:01,23706,23702,150,23707.4,375,75,963825
NIFTY-II.NFO,10/02/2025,09:16:02,23700,23700,525,23702.9,375,600,963825
NIFTY-II.NFO,10/02/2025,09:16:02,23700,23700,525,23702.9,375,0,963825
NIFTY-II.NFO,10/02/2025,09:16:03,23700,23700,150,23701,375,375,963825
NIFTY-II.NFO,10/02/2025,09:16:04,23700,23700,150,23701.25,75,0,963825
NIFTY-II.NFO,10/02/2025,09:16:05,23700,23700,75,23703.45,375,75,963825
NIFTY-II.NFO,10/02/2025,09:16:06,23700,23700,75,23705.75,375,0,963825
NIFTY-II.NFO,10/02/2025,09:16:07,23700,23700,75,23706.85,375,0,963825
NIFTY-II.NFO,10/02/2025,09:16:08,23700,23700,75,23706,600,0,963825
NIFTY-II.NFO,10/02/2025,09:16:11,23706,23700,75,23706,150,450,963825
NIFTY-II.NFO,10/02/2025,09:16:12,23706,23700,75,23706,150,0,963825
NIFTY-II.NFO,10/02/2025,09:16:13,23706,23700.3,450,23706,150,0,963825
NIFTY-II.NFO,10/02/2025,09:16:14,23706,23701.6,300,23706,75,75,963825
NIFTY-II.NFO,10/02/2025,09:16:15,23706,23701.3,300,23706,75,75,963825
NIFTY-II.NFO,10/02/2025,09:16:16,23706,23701.85,300,23710,75,300,963825
NIFTY-II.NFO,10/02/2025,09:16:17,23706,23702.25,300,23709.95,225,0,963825
NIFTY-II.NFO,10/02/2025,09:16:18,23709.95,23705,75,23706,150,150,963825
NIFTY-II.NFO,10/02/2025,09:16:19,23709.95,23705,75,23706,150,0,963825
NIFTY-II.NFO,10/02/2025,09:16:21,23709.95,23705,75,23705.95,150,0,963825
NIFTY-II.NFO,10/02/2025,09:16:22,23705.95,23705,75,23705.95,75,75,963825
NIFTY-II.NFO,10/02/2025,09:16:23,23705.95,23705,75,23706,150,0,963825
NIFTY-II.NFO,10/02/2025,09:16:24,23705.95,23705,75,23705.95,75,0,963825
NIFTY-II.NFO,10/02/2025,09:16:25,23705.95,23705,75,23706,150,75,963825
NIFTY-II.NFO,10/02/2025,09:16:26,23706,23705,75,23706,75,75,963825
NIFTY-II.NFO,10/02/2025,09:16:27,23705,23700,675,23707.4,75,75,963825
NIFTY-II.NFO,10/02/2025,09:16:28,23705,23700,525,23707.45,75,0,963825
NIFTY-II.NFO,10/02/2025,09:16:29,23705,23706,75,23706.1,375,0,963825
NIFTY-II.NFO,10/02/2025,09:16:30,23706,23700,525,23705.65,375,75,963825
NIFTY-II.NFO,10/02/2025,09:16:31,23706,23700,525,23704.95,375,0,963825
NIFTY-II.NFO,10/02/2025,09:16:32,23706,23700,525,23703.9,375,0,963825
NIFTY-II.NFO,10/02/2025,09:16:34,23706,23700,525,23705.05,375,0,963825
NIFTY-II.NFO,10/02/2025,09:16:35,23706,23700,525,23705.55,375,0,963825
NIFTY-II.NFO,10/02/2025,09:16:36,23706,23700,525,23705.05,375,0,963825
NIFTY-II.NFO,10/02/2025,09:16:37,23706,23700,525,23706.3,375,0,963825
NIFTY-II.NFO,10/02/2025,09:16:38,23705.5,23700,525,23705.65,375,75,963825
NIFTY-II.NFO,10/02/2025,09:16:39,23705.5,23700,525,23705,375,0,963825
NIFTY-II.NFO,10/02/2025,09:16:41,23705.5,23700.05,300,23705,75,0,963825
NIFTY-II.NFO,10/02/2025,09:16:42,23705,23700,375,23705.55,375,150,963825
NIFTY-II.NFO,10/02/2025,09:16:43,23705,23700,375,23705.55,375,0,963825
NIFTY-II.NFO,10/02/2025,09:16:44,23705,23705.5,75,23705.9,375,0,963825
NIFTY-II.NFO,10/02/2025,09:16:45,23705,23705.5,75,23706,75,0,963825
NIFTY-II.NFO,10/02/2025,09:16:48,23705.5,23700.05,300,23706,75,75,963825
NIFTY-II.NFO,10/02/2025,09:16:49,23705.5,23700.75,300,23706,75,0,963825
NIFTY-II.NFO,10/02/2025,09:16:50,23705.5,23700.95,450,23706,75,0,963825
NIFTY-II.NFO,10/02/2025,09:16:51,23705.5,23701.3,450,23706,75,0,963825
NIFTY-II.NFO,10/02/2025,09:16:52,23705.5,23702,300,23706,75,0,963825
NIFTY-II.NFO,10/02/2025,09:16:53,23705.5,23701.55,450,23706,75,0,963825
NIFTY-II.NFO,10/02/2025,09:16:54,23705.5,23700.05,300,23706,75,0,963825
NIFTY-II.NFO,10/02/2025,09:16:55,23705.5,23700.7,300,23706,75,0,963825
NIFTY-II.NFO,10/02/2025,09:16:56,23705.5,23700.25,300,23706,75,0,963825
NIFTY-II.NFO,10/02/2025,09:16:57,23706,23700.05,300,23706.9,375,75,963825
NIFTY-II.NFO,10/02/2025,09:16:58,23706,23700.05,300,23706.75,375,0,963825
NIFTY-II.NFO,10/02/2025,09:16:59,23706,23706,75,23707.4,375,0,963825
NIFTY-II.NFO,10/02/2025,09:17:00,23700,23700,450,23705.6,150,150,963825
NIFTY-II.NFO,10/02/2025,09:17:01,23700,23700,450,23706,375,0,963825
NIFTY-II.NFO,10/02/2025,09:17:02,23706,23700,450,23704.7,375,75,963825
NIFTY-II.NFO,10/02/2025,09:17:03,23705.95,23700,450,23705.95,225,300,963825
NIFTY-II.NFO,10/02/2025,09:17:04,23705.95,23700,1500,23705.3,225,0,963825
NIFTY-II.NFO,10/02/2025,09:17:05,23705.3,23700,1500,23705.15,150,75,963825
NIFTY-II.NFO,10/02/2025,09:17:06,23700,23700,1425,23705.25,150,75,963825
NIFTY-II.NFO,10/02/2025,09:17:07,23704.45,23700,1425,23705.55,150,75,963825
NIFTY-II.NFO,10/02/2025,09:17:08,23704.7,23700,1425,23704.6,75,75,963825
NIFTY-II.NFO,10/02/2025,09:17:09,23700,23700,1350,23703.15,75,75,963825
NIFTY-II.NFO,10/02/2025,09:17:10,23700,23700,1350,23701.9,75,0,963825
NIFTY-II.NFO,10/02/2025,09:17:11,23700,23700,1350,23701.25,75,0,963825
NIFTY-II.NFO,10/02/2025,09:17:12,23700,23700,1350,23701.65,375,0,963825
NIFTY-II.NFO,10/02/2025,09:17:13,23700,23700,600,23700.9,75,750,963825
NIFTY-II.NFO,10/02/2025,09:17:14,23700,23700,600,23701.35,75,0,963825
NIFTY-II.NFO,10/02/2025,09:17:15,23700,23700,600,23702,75,0,963825
NIFTY-II.NFO,10/02/2025,09:17:17,23700,23700,600,23701.75,75,0,963825
NIFTY-II.NFO,10/02/2025,09:17:18,23700,23700,600,23701.1,75,0,963825
NIFTY-II.NFO,10/02/2025,09:17:20,23700,23700,600,23701.45,75,0,963825
NIFTY-II.NFO,10/02/2025,09:17:23,23700,23700,600,23703,75,0,963825
NIFTY-II.NFO,10/02/2025,09:17:24,23702.75,23700,675,23703.2,750,300,963825
NIFTY-II.NFO,10/02/2025,09:17:25,23700,23700,600,23703.25,375,75,963825
NIFTY-II.NFO,10/02/2025,09:17:26,23700,23700,600,23703.5,750,0,963825
NIFTY-II.NFO,10/02/2025,09:17:27,23700,23700,600,23705.35,375,0,963825
NIFTY-II.NFO,10/02/2025,09:17:28,23700,23700,600,23704.5,375,0,963825
NIFTY-II.NFO,10/02/2025,09:17:29,23700,23700,600,23704.85,375,0,963825
NIFTY-II.NFO,10/02/2025,09:17:30,23700,23700,600,23704.15,375,0,963825
NIFTY-II.NFO,10/02/2025,09:17:31,23700,23700,600,23704.2,375,0,963825
NIFTY-II.NFO,10/02/2025,09:17:32,23703.55,23700,600,23703.9,750,75,963825
NIFTY-II.NFO,10/02/2025,09:17:33,23703.55,23700,600,23704,375,0,963825
NIFTY-II.NFO,10/02/2025,09:17:34,23703.55,23700,600,23703.8,375,0,963825
NIFTY-II.NFO,10/02/2025,09:17:35,23703.8,23700,600,23703.85,375,75,963825
NIFTY-II.NFO,10/02/2025,09:17:36,23703.8,23700,600,23702.35,375,0,963825
NIFTY-II.NFO,10/02/2025,09:17:37,23703.8,23700,600,23700.8,375,0,963825
NIFTY-II.NFO,10/02/2025,09:17:38,23700,23693.3,225,23699.9,75,600,963825
NIFTY-II.NFO,10/02/2025,09:17:39,23700.85,23694.05,300,23700.95,375,375,963825
NIFTY-II.NFO,10/02/2025,09:17:39,23699.55,23694.05,300,23700.95,375,0,963825
NIFTY-II.NFO,10/02/2025,09:17:40,23700.85,23691.65,300,23699.05,375,0,963825
NIFTY-II.NFO,10/02/2025,09:17:41,23700.85,23691,75,23696.85,375,0,963825
NIFTY-II.NFO,10/02/2025,09:17:42,23697.1,23691,75,23697.15,375,75,963825
NIFTY-II.NFO,10/02/2025,09:17:42,23697.1,23691,75,23697.15,375,0,963825
NIFTY-II.NFO,10/02/2025,09:17:43,23697.1,23691,75,23697.5,375,0,963825
NIFTY-II.NFO,10/02/2025,09:17:44,23697.1,23691,75,23696.8,375,0,963825
NIFTY-II.NFO,10/02/2025,09:17:45,23697.1,23691,75,23697.6,375,0,963825
NIFTY-II.NFO,10/02/2025,09:17:46,23697.1,23691,75,23697.75,375,0,963825
NIFTY-II.NFO,10/02/2025,09:17:47,23691,23690,225,23696.45,75,75,963825
NIFTY-II.NFO,10/02/2025,09:17:47,23691,23690,225,23696.45,75,0,963825
NIFTY-II.NFO,10/02/2025,09:17:48,23691,23690.05,300,23696.55,375,0,963825
NIFTY-II.NFO,10/02/2025,09:17:49,23691,23690.35,300,23696.85,375,0,963825
NIFTY-II.NFO,10/02/2025,09:17:50,23691,23690.25,300,23697.15,375,0,963825
NIFTY-II.NFO,10/02/2025,09:17:51,23691,23690.75,300,23697.25,225,0,963825
NIFTY-II.NFO,10/02/2025,09:17:52,23691,23690.4,300,23696.95,225,0,963825
NIFTY-II.NFO,10/02/2025,09:17:53,23691,23692.05,75,23696.4,225,0,963825
NIFTY-II.NFO,10/02/2025,09:17:54,23692.05,23690.05,300,23696.15,225,75,963825
NIFTY-II.NFO,10/02/2025,09:17:55,23692.05,23690,225,23695.6,225,0,963825
NIFTY-II.NFO,10/02/2025,09:17:56,23692.05,23690,225,23693.8,225,0,963825
NIFTY-II.NFO,10/02/2025,09:17:57,23692.05,23690,225,23694.45,225,0,963825
NIFTY-II.NFO,10/02/2025,09:17:58,23690,23690,225,23694.25,225,75,963825
NIFTY-II.NFO,10/02/2025,09:17:58,23690,23690,225,23694.25,225,0,963825
NIFTY-II.NFO,10/02/2025,09:17:59,23690,23690,150,23694.3,225,75,963825
NIFTY-II.NFO,10/02/2025,09:18:00,23690,23690,150,23695.5,225,0,963825
NIFTY-II.NFO,10/02/2025,09:18:01,23690,23690,150,23695,225,0,963825
NIFTY-II.NFO,10/02/2025,09:18:02,23694.05,23690,150,23694.7,150,75,963825
NIFTY-II.NFO,10/02/2025,09:18:03,23694.05,23690,150,23695.95,150,0,963825
NIFTY-II.NFO,10/02/2025,09:18:04,23694.05,23690,225,23694.4,150,0,963825
NIFTY-II.NFO,10/02/2025,09:18:05,23694.05,23690,225,23693.7,150,75,963825
NIFTY-II.NFO,10/02/2025,09:18:06,23694.05,23690,225,23694.25,150,0,963825
NIFTY-II.NFO,10/02/2025,09:18:07,23694.05,23690,225,23693.1,525,0,963825
NIFTY-II.NFO,10/02/2025,09:18:08,23694.05,23690,225,23693.15,150,0,963825
NIFTY-II.NFO,10/02/2025,09:18:09,23694.05,23690,225,23692.6,150,0,963825
NIFTY-II.NFO,10/02/2025,09:18:10,23694.05,23690,225,23692.85,150,0,963825
NIFTY-II.NFO,10/02/2025,09:18:11,23690,23690,150,23692.65,150,75,963825
NIFTY-II.NFO,10/02/2025,09:18:13,23691.65,23690,150,23691.25,375,75,963825
NIFTY-II.NFO,10/02/2025,09:18:15,23690,23684.05,75,23690.4,75,150,963825
NIFTY-II.NFO,10/02/2025,09:18:16,23684.1,23684.05,75,23690,600,225,963825
NIFTY-II.NFO,10/02/2025,09:18:16,23684.1,23684.05,75,23690,600,0,963825
NIFTY-II.NFO,10/02/2025,09:18:18,23683,23682.45,300,23689.4,75,75,963825
NIFTY-II.NFO,10/02/2025,09:18:18,23683,23682.45,300,23689.4,75,0,963825
NIFTY-II.NFO,10/02/2025,09:18:20,23681.15,23681.15,150,23687.7,300,300,963825
NIFTY-II.NFO,10/02/2025,09:18:20,23681.15,23681.15,150,23687.7,300,0,963825
NIFTY-II.NFO,10/02/2025,09:18:21,23682.7,23682.8,75,23689.45,75,75,963825
NIFTY-II.NFO,10/02/2025,09:18:23,23682.7,23681.95,75,23688.65,300,0,963825
NIFTY-II.NFO,10/02/2025,09:18:25,23682.7,23683.45,75,23689.95,300,0,963825
NIFTY-II.NFO,10/02/2025,09:18:26,23683.45,23683.45,150,23690.95,300,75,963825
NIFTY-II.NFO,10/02/2025,09:18:28,23685,23684.65,75,23691,75,75,967575
NIFTY-II.NFO,10/02/2025,09:18:30,23684.1,23681.3,225,23682.7,75,75,967575
NIFTY-II.NFO,10/02/2025,09:18:31,23690.15,23683.15,75,23690.2,75,150,967575
NIFTY-II.NFO,10/02/2025,09:18:33,23683.6,23683.25,150,23690.15,75,75,967575
NIFTY-II.NFO,10/02/2025,09:18:34,23690.15,23683.25,225,23690.2,75,75,967575
NIFTY-II.NFO,10/02/2025,09:18:36,23690.15,23684.4,225,23690,75,0,967575
NIFTY-II.NFO,10/02/2025,09:18:38,23690,23682.85,225,23690,150,75,967575
NIFTY-II.NFO,10/02/2025,09:18:39,23690,23684.3,150,23690,150,0,967575
NIFTY-II.NFO,10/02/2025,09:18:41,23690,23684.3,225,23691.55,75,150,967575
NIFTY-II.NFO,10/02/2025,09:18:43,23690,23690,225,23691.55,75,0,967575
NIFTY-II.NFO,10/02/2025,09:18:44,23690,23690,150,23691.75,75,150,967575
NIFTY-II.NFO,10/02/2025,09:18:46,23690,23690,300,23690.95,75,75,967575
NIFTY-II.NFO,10/02/2025,09:18:48,23690.95,23690,300,23690.15,75,75,967575
NIFTY-II.NFO,10/02/2025,09:18:49,23690,23690,225,23690.3,75,150,967575
NIFTY-II.NFO,10/02/2025,09:18:51,23690,23690,150,23691.55,150,75,967575
NIFTY-II.NFO,10/02/2025,09:18:52,23690,23684.4,225,23692,150,150,967575
NIFTY-II.NFO,10/02/2025,09:18:54,23690,23684.65,225,23692,150,0,967575
NIFTY-II.NFO,10/02/2025,09:18:56,23692,23684.65,300,23692,75,150,967575
NIFTY-II.NFO,10/02/2025,09:18:57,23692,23684.8,225,23693.95,300,75,967575
NIFTY-II.NFO,10/02/2025,09:18:59,23692,23684.45,225,23692.55,300,0,967575
NIFTY-II.NFO,10/02/2025,09:19:01,23692,23691.15,150,23692.75,300,0,967575
NIFTY-II.NFO,10/02/2025,09:19:02,23692,23691.15,150,23692.45,300,0,967575
NIFTY-II.NFO,10/02/2025,09:19:04,23691.15,23683.25,75,23688.95,300,150,967575
NIFTY-II.NFO,10/02/2025,09:19:06,23691.15,23683.3,225,23691.5,300,0,967575
NIFTY-II.NFO,10/02/2025,09:19:07,23691.15,23685.05,225,23693.1,300,0,967575
NIFTY-II.NFO,10/02/2025,09:19:09,23691.15,23690,375,23693.5,300,0,967575
NIFTY-II.NFO,10/02/2025,09:19:11,23691.15,23691.15,75,23693.2,300,0,967575
NIFTY-II.NFO,10/02/2025,09:19:12,23691.15,23691.15,75,23693.95,75,0,967575
NIFTY-II.NFO,10/02/2025,09:19:14,23691.15,23691.15,375,23693.95,75,75,967575
NIFTY-II.NFO,10/02/2025,09:19:16,23691.15,23691.15,375,23694.95,75,0,967575
NIFTY-II.NFO,10/02/2025,09:19:17,23691.15,23691.15,300,23694,300,75,967575
NIFTY-II.NFO,10/02/2025,09:19:19,23695.25,23691.15,300,23695.4,150,300,967575
NIFTY-II.NFO,10/02/2025,09:19:21,23691.15,23691.15,75,23695.55,150,300,967575
NIFTY-II.NFO,10/02/2025,09:19:22,23691.15,23690,375,23695,75,75,967575
NIFTY-II.NFO,10/02/2025,09:19:24,23690,23690,300,23692.95,300,75,967575
NIFTY-II.NFO,10/02/2025,09:19:26,23690,23690,300,23692.95,75,0,967575
NIFTY-II.NFO,10/02/2025,09:19:27,23690,23690.1,75,23692.65,75,0,967575
NIFTY-II.NFO,10/02/2025,09:19:29,23692.65,23690.1,75,23692.3,300,75,967575
NIFTY-II.NFO,10/02/2025,09:19:31,23692.15,23690.1,75,23691.95,75,150,967575
NIFTY-II.NFO,10/02/2025,09:19:32,23690,23685,75,23689.4,300,375,967575
NIFTY-II.NFO,10/02/2025,09:19:34,23690,23685.55,75,23692.2,300,0,967575
NIFTY-II.NFO,10/02/2025,09:19:36,23690,23686.6,75,23692.95,75,0,967575
NIFTY-II.NFO,10/02/2025,09:19:37,23690,23691.95,150,23692.3,75,0,967575
NIFTY-II.NFO,10/02/2025,09:19:41,23691.95,23685.9,150,23692.3,75,150,967575
NIFTY-II.NFO,10/02/2025,09:19:42,23691.95,23685.65,150,23692.3,75,0,967575
NIFTY-II.NFO,10/02/2025,09:19:44,23694.4,23691.95,75,23695.2,300,150,967575
NIFTY-II.NFO,10/02/2025,09:19:46,23694.4,23691.95,75,23695.05,300,0,967575
NIFTY-II.NFO,10/02/2025,09:19:47,23694.4,23691.95,75,23694.75,225,0,967575
NIFTY-II.NFO,10/02/2025,09:19:49,23695.4,23690,75,23695.95,300,150,967575
NIFTY-II.NFO,10/02/2025,09:19:51,23690,23688.95,150,23696.05,300,75,967575
NIFTY-II.NFO,10/02/2025,09:19:52,23690,23689.6,150,23695,75,0,967575
NIFTY-II.NFO,10/02/2025,09:19:54,23690,23688.45,150,23695,75,0,967575
NIFTY-II.NFO,10/02/2025,09:19:56,23688.95,23689.25,75,23695,75,75,967575
NIFTY-II.NFO,10/02/2025,09:19:57,23695,23689.45,300,23696.55,300,75,967575
NIFTY-II.NFO,10/02/2025,09:19:59,23695,23688.4,150,23696,300,0,967575
NIFTY-II.NFO,10/02/2025,09:20:01,23695,23688,75,23692.2,300,0,967575
NIFTY-II.NFO,10/02/2025,09:20:02,23695,23690,75,23694.4,300,0,967575
NIFTY-II.NFO,10/02/2025,09:20:04,23695,23690,75,23696.05,300,0,967575
NIFTY-II.NFO,10/02/2025,09:20:06,23695,23690.05,75,23696.4,300,0,967575
NIFTY-II.NFO,10/02/2025,09:20:07,23695,23691.95,150,23699.1,300,75,967575
NIFTY-II.NFO,10/02/2025,09:20:09,23695,23695,75,23697.5,300,0,967575
NIFTY-II.NFO,10/02/2025,09:20:11,23695,23695,75,23695.9,300,0,967575
NIFTY-II.NFO,10/02/2025,09:20:12,23695,23690,75,23692.65,300,75,967575
NIFTY-II.NFO,10/02/2025,09:20:14,23695,23690,75,23695.25,300,150,967575
NIFTY-II.NFO,10/02/2025,09:20:16,23695,23690,75,23692.5,300,0,967575
NIFTY-II.NFO,10/02/2025,09:20:17,23695,23690,75,23691.75,375,0,967575
NIFTY-II.NFO,10/02/2025,09:20:19,23691.5,23690,75,23691.5,300,75,967575
NIFTY-II.NFO,10/02/2025,09:20:20,23691.5,23690,75,23690.5,300,0,967575
NIFTY-II.NFO,10/02/2025,09:20:22,23690,23682.85,225,23689.95,300,75,967575
NIFTY-II.NFO,10/02/2025,09:20:24,23690,23690,600,23690.3,75,0,967575
NIFTY-II.NFO,10/02/2025,09:20:25,23690,23690,675,23690.1,75,0,967575
NIFTY-II.NFO,10/02/2025,09:20:27,23690,23690,675,23690.3,75,0,967575
NIFTY-II.NFO,10/02/2025,09:20:29,23690,23690,675,23690.65,75,0,967575
NIFTY-II.NFO,10/02/2025,09:20:30,23690,23690,675,23690.75,75,0,967575
NIFTY-II.NFO,10/02/2025,09:20:32,23690,23685,75,23689.4,225,675,967575
NIFTY-II.NFO,10/02/2025,09:20:34,23690,23685,75,23687.3,150,0,967575
NIFTY-II.NFO,10/02/2025,09:20:35,23681,23681,150,23685.15,75,225,967575
NIFTY-II.NFO,10/02/2025,09:20:35,23681,23681,150,23685.15,75,0,967575
NIFTY-II.NFO,10/02/2025,09:20:37,23681,23681,75,23686.8,375,75,967575
NIFTY-II.NFO,10/02/2025,09:20:39,23681,23681.85,300,23689.25,75,0,967575
NIFTY-II.NFO,10/02/2025,09:20:40,23681,23681.35,375,23689.5,150,0,967575
NIFTY-II.NFO,10/02/2025,09:20:42,23681.95,23681.95,525,23689.95,225,225,967575
NIFTY-II.NFO,10/02/2025,09:20:44,23681.95,23681.5,375,23689.25,225,0,967575
NIFTY-II.NFO,10/02/2025,09:20:45,23681.95,23682.75,375,23689.95,225,0,967575
NIFTY-II.NFO,10/02/2025,09:20:47,23683.05,23682.4,150,23689.95,450,225,967575
NIFTY-II.NFO,10/02/2025,09:20:48,23682.05,23682.05,150,23689.95,300,75,967575
NIFTY-II.NFO,10/02/2025,09:20:50,23682.05,23684.1,75,23690,225,0,967575
NIFTY-II.NFO,10/02/2025,09:20:52,23682.05,23682.15,150,23689.95,300,0,967575
NIFTY-II.NFO,10/02/2025,09:20:53,23682.05,23682.75,150,23689.9,300,0,967575
NIFTY-II.NFO,10/02/2025,09:20:55,23690,23683.6,75,23690,150,150,967575
NIFTY-II.NFO,10/02/2025,09:20:57,23690,23683.15,150,23690,150,0,967575
NIFTY-II.NFO,10/02/2025,09:20:58,23690,23684.1,150,23690,75,75,967575
NIFTY-II.NFO,10/02/2025,09:21:00,23690,23683.75,150,23691.2,75,75,967575
NIFTY-II.NFO,10/02/2025,09:21:02,23690,23684.5,150,23692.65,450,0,967575
NIFTY-II.NFO,10/02/2025,09:21:03,23690,23690,75,23691.65,150,0,967575
NIFTY-II.NFO,10/02/2025,09:21:05,23690,23690,75,23691.3,75,0,967575
NIFTY-II.NFO,10/02/2025,09:21:07,23685.05,23685,75,23691.6,225,150,967575
NIFTY-II.NFO,10/02/2025,09:21:08,23691.6,23685,75,23691.55,75,75,967575
NIFTY-II.NFO,10/02/2025,09:21:10,23691.6,23685.05,225,23692.8,300,0,967575
NIFTY-II.NFO,10/02/2025,09:21:12,23685,23685,75,23690,150,75,967575
NIFTY-II.NFO,10/02/2025,09:21:13,23685,23685.05,225,23690,150,0,967575
NIFTY-II.NFO,10/02/2025,09:21:15,23685,23686.05,225,23690,150,0,967575
NIFTY-II.NFO,10/02/2025,09:21:17,23690,23687.75,150,23695,75,150,967575
NIFTY-II.NFO,10/02/2025,09:21:18,23690,23687.9,225,23695,75,0,967575
NIFTY-II.NFO,10/02/2025,09:21:20,23690,23687.05,225,23694.95,300,0,967575
NIFTY-II.NFO,10/02/2025,09:21:22,23694.8,23690,75,23694.8,300,75,967575
NIFTY-II.NFO,10/02/2025,09:21:23,23694.3,23690,75,23694.3,300,150,967575
NIFTY-II.NFO,10/02/2025,09:21:25,23694.3,23690.25,225,23695,75,0,967575
NIFTY-II.NFO,10/02/2025,09:21:27,23694.3,23690.8,300,23695,75,0,967575
NIFTY-II.NFO,10/02/2025,09:21:28,23694.3,23691.85,225,23695,75,0,967575
NIFTY-II.NFO,10/02/2025,09:21:30,23694.3,23692.1,300,23695,75,0,967575
NIFTY-II.NFO,10/02/2025,09:21:32,23694.3,23691.4,225,23695,75,0,967575
NIFTY-II.NFO,10/02/2025,09:21:33,23694.3,23694,75,23695,75,0,967575
NIFTY-II.NFO,10/02/2025,09:21:42,23694.3,23694,75,23694.25,300,75,969450
NIFTY-II.NFO,10/02/2025,09:21:43,23694.3,23694,75,23694.3,75,0,969450
NIFTY-II.NFO,10/02/2025,09:21:47,23690,23690,75,23693.85,300,225,969450
NIFTY-II.NFO,10/02/2025,09:21:48,23693.2,23690,75,23694,300,75,969450
NIFTY-II.NFO,10/02/2025,09:21:50,23692.55,23686.15,75,23692.55,225,225,969450
NIFTY-II.NFO,10/02/2025,09:21:52,23692.55,23685.1,75,23691.55,225,0,969450
NIFTY-II.NFO,10/02/2025,09:21:53,23692.55,23686.1,75,23693.15,225,0,969450
NIFTY-II.NFO,10/02/2025,09:21:55,23692.55,23686.75,375,23694.3,75,0,969450
NIFTY-II.NFO,10/02/2025,09:21:57,23692.55,23691.55,450,23694.3,75,0,969450
NIFTY-II.NFO,10/02/2025,09:21:58,23694.3,23692.9,450,23699.95,225,75,969450
NIFTY-II.NFO,10/02/2025,09:22:00,23694.3,23692.65,375,23699.95,225,0,969450
NIFTY-II.NFO,10/02/2025,09:22:02,23700,23694.6,525,23702.9,225,75,969450
NIFTY-II.NFO,10/02/2025,09:22:03,23700,23694.55,375,23700,75,0,969450
NIFTY-II.NFO,10/02/2025,09:22:05,23693.6,23693.9,300,23700,75,150,969450
NIFTY-II.NFO,10/02/2025,09:22:07,23693.6,23692.85,300,23699.95,300,0,969450
NIFTY-II.NFO,10/02/2025,09:22:08,23693.6,23692.35,450,23699.45,300,0,969450
NIFTY-II.NFO,10/02/2025,09:22:10,23693.6,23692.75,225,23699.95,300,0,969450
NIFTY-II.NFO,10/02/2025,09:22:12,23693.6,23692.85,450,23699.95,300,0,969450
NIFTY-II.NFO,10/02/2025,09:22:13,23693.6,23693.25,300,23699.95,300,0,969450
NIFTY-II.NFO,10/02/2025,09:22:15,23693.6,23693.45,300,23699.95,300,0,969450
NIFTY-II.NFO,10/02/2025,09:22:17,23693.6,23695.05,375,23700,75,0,969450
NIFTY-II.NFO,10/02/2025,09:22:18,23693.6,23694.45,450,23700,75,0,969450
NIFTY-II.NFO,10/02/2025,09:22:20,23693.6,23694.35,300,23700,75,0,969450
NIFTY-II.NFO,10/02/2025,09:22:22,23693.6,23695.4,300,23700,75,0,969450
NIFTY-II.NFO,10/02/2025,09:22:23,23700,23696.35,300,23704,300,150,969450
NIFTY-II.NFO,10/02/2025,09:22:25,23700,23695.15,225,23702.55,450,0,969450
NIFTY-II.NFO,10/02/2025,09:22:27,23700,23696.5,300,23703.85,300,0,969450
NIFTY-II.NFO,10/02/2025,09:22:28,23700,23697.05,450,23704.15,225,0,969450
NIFTY-II.NFO,10/02/2025,09:22:30,23700,23699.95,75,23704.35,225,0,969450
NIFTY-II.NFO,10/02/2025,09:22:32,23700,23699.95,75,23704.5,300,0,969450
NIFTY-II.NFO,10/02/2025,09:22:33,23700,23699.95,75,23704.25,300,0,969450
NIFTY-II.NFO,10/02/2025,09:22:35,23700,23700,75,23704.3,300,0,969450
NIFTY-II.NFO,10/02/2025,09:22:37,23703.45,23700,75,23704.25,300,75,969450
NIFTY-II.NFO,10/02/2025,09:22:38,23703.35,23700,150,23703.3,225,75,969450
NIFTY-II.NFO,10/02/2025,09:22:40,23703.35,23700,150,23703.35,75,0,969450
NIFTY-II.NFO,10/02/2025,09:22:42,23703.35,23700,150,23703.95,225,0,969450
NIFTY-II.NFO,10/02/2025,09:22:43,23703.35,23700,150,23703.6,225,0,969450
NIFTY-II.NFO,10/02/2025,09:22:45,23703.35,23700,150,23703.3,225,0,969450
NIFTY-II.NFO,10/02/2025,09:22:47,23703.35,23700,150,23703.35,75,0,969450
NIFTY-II.NFO,10/02/2025,09:22:50,23703.35,23700.15,300,23703.35,75,75,969450
NIFTY-II.NFO,10/02/2025,09:22:52,23703.35,23700,150,23703.35,75,0,969450
NIFTY-II.NFO,10/02/2025,09:22:55,23703.35,23700.05,300,23703.35,75,0,969450
NIFTY-II.NFO,10/02/2025,09:22:57,23703.35,23700.05,300,23705,75,75,969450
NIFTY-II.NFO,10/02/2025,09:22:58,23700.25,23701.7,375,23705,75,75,969450
NIFTY-II.NFO,10/02/2025,09:23:00,23705,23701.55,375,23707.85,225,75,969450
NIFTY-II.NFO,10/02/2025,09:23:02,23705,23700.05,375,23708.2,300,0,969450
NIFTY-II.NFO,10/02/2025,09:23:03,23705,23700.05,375,23707.65,300,0,969450
NIFTY-II.NFO,10/02/2025,09:23:05,23705.35,23700,150,23705.35,150,150,969450
NIFTY-II.NFO,10/02/2025,09:23:07,23701.9,23700,150,23702.2,75,75,969450
NIFTY-II.NFO,10/02/2025,09:23:08,23700,23700,75,23701.7,75,75,969450
NIFTY-II.NFO,10/02/2025,09:23:10,23700,23700.15,300,23706.8,75,0,969450
NIFTY-II.NFO,10/02/2025,09:23:12,23700,23700,75,23706.2,75,0,969450
NIFTY-II.NFO,10/02/2025,09:23:13,23700,23700.85,450,23707.75,75,0,969450
NIFTY-II.NFO,10/02/2025,09:23:15,23700,23700.15,375,23708.45,75,0,969450
NIFTY-II.NFO,10/02/2025,09:23:16,23700,23701.55,525,23708.95,75,0,969450
NIFTY-II.NFO,10/02/2025,09:23:18,23700,23700.85,525,23708.85,75,0,969450
NIFTY-II.NFO,10/02/2025,09:23:20,23700,23700.05,525,23707.85,75,0,969450
NIFTY-II.NFO,10/02/2025,09:23:22,23706.9,23700.15,525,23707.6,75,75,969450
NIFTY-II.NFO,10/02/2025,09:23:23,23706.9,23701.45,375,23708.4,75,0,969450
NIFTY-II.NFO,10/02/2025,09:23:25,23701.15,23701.15,300,23707.25,75,75,969450
NIFTY-II.NFO,10/02/2025,09:23:27,23701.15,23706.9,225,23707.25,75,0,969450
NIFTY-II.NFO,10/02/2025,09:23:28,23706.9,23706.9,150,23707.4,75,75,969450
NIFTY-II.NFO,10/02/2025,09:23:30,23702.05,23702,75,23708.55,150,225,969450
NIFTY-II.NFO,10/02/2025,09:23:32,23702.05,23702,75,23708.05,150,0,969450
NIFTY-II.NFO,10/02/2025,09:23:33,23702.05,23702,75,23708.95,150,0,969450
NIFTY-II.NFO,10/02/2025,09:23:35,23702.05,23702,75,23708.1,150,0,969450
NIFTY-II.NFO,10/02/2025,09:23:36,23702.05,23702,75,23705,150,0,969450
NIFTY-II.NFO,10/02/2025,09:23:38,23700.4,23701.5,300,23705,150,300,969450
NIFTY-II.NFO,10/02/2025,09:23:40,23705,23701.6,525,23705,75,75,969450
NIFTY-II.NFO,10/02/2025,09:23:41,23705,23701.2,300,23705,75,0,969450
NIFTY-II.NFO,10/02/2025,09:23:43,23705,23701.15,375,23705,75,0,969450
NIFTY-II.NFO,10/02/2025,09:23:45,23705,23701.35,375,23705,75,0,969450
NIFTY-II.NFO,10/02/2025,09:23:46,23705,23701.15,300,23705,75,0,969450
NIFTY-II.NFO,10/02/2025,09:23:48,23705,23702.75,525,23705,75,0,969450
NIFTY-II.NFO,10/02/2025,09:23:50,23705,23702.45,450,23705,75,0,969450
NIFTY-II.NFO,10/02/2025,09:23:51,23705,23701,375,23705,75,0,969450
NIFTY-II.NFO,10/02/2025,09:23:53,23705,23701.4,375,23705,75,0,969450
NIFTY-II.NFO,10/02/2025,09:23:55,23705,23701.25,375,23709.15,450,75,969450
NIFTY-II.NFO,10/02/2025,09:23:56,23701.25,23701,150,23709.35,300,150,969450
NIFTY-II.NFO,10/02/2025,09:23:58,23701.25,23705,75,23708.65,300,0,969450
NIFTY-II.NFO,10/02/2025,09:23:59,23701.25,23705,75,23708.4,300,0,969450
NIFTY-II.NFO,10/02/2025,09:24:01,23701.25,23705,75,23706.1,300,0,969450
NIFTY-II.NFO,10/02/2025,09:24:03,23701.25,23705,75,23706.45,300,0,969450
NIFTY-II.NFO,10/02/2025,09:24:04,23705.35,23700,525,23705.45,300,75,969450
NIFTY-II.NFO,10/02/2025,09:24:06,23705.35,23700,525,23704.7,300,0,969450
NIFTY-II.NFO,10/02/2025,09:24:08,23705.35,23702,75,23705.5,300,0,969450
NIFTY-II.NFO,10/02/2025,09:24:09,23704.9,23702,75,23704.9,300,75,969450
NIFTY-II.NFO,10/02/2025,09:24:11,23704.9,23702,75,23706.6,300,0,969450
NIFTY-II.NFO,10/02/2025,09:24:13,23704.9,23705.35,75,23705.75,300,0,969450
NIFTY-II.NFO,10/02/2025,09:24:14,23704.9,23705.35,75,23706.55,300,0,969450
NIFTY-II.NFO,10/02/2025,09:24:16,23708.15,23705.35,75,23709,75,225,969450
NIFTY-II.NFO,10/02/2025,09:24:18,23708.15,23705.35,75,23710,75,0,969450
NIFTY-II.NFO,10/02/2025,09:24:19,23708.15,23705.35,75,23709.95,75,0,969450
NIFTY-II.NFO,10/02/2025,09:24:21,23708.15,23705.35,75,23710,75,0,969450
NIFTY-II.NFO,10/02/2025,09:24:23,23710,23707.85,300,23714.8,225,75,969450
NIFTY-II.NFO,10/02/2025,09:24:24,23710,23706.1,450,23713.85,75,0,969450
NIFTY-II.NFO,10/02/2025,09:24:26,23710,23706.5,300,23714.15,75,0,969450
NIFTY-II.NFO,10/02/2025,09:24:28,23714.05,23710,75,23715.3,225,75,969450
NIFTY-II.NFO,10/02/2025,09:24:29,23714.05,23710.05,300,23714.05,75,0,969450
NIFTY-II.NFO,10/02/2025,09:24:33,23714.05,23710,75,23714.05,75,0,969450
NIFTY-II.NFO,10/02/2025,09:24:34,23714.05,23710,75,23714.2,225,75,969750
NIFTY-II.NFO,10/02/2025,09:24:36,23714.05,23710,75,23714.7,225,0,969750
NIFTY-II.NFO,10/02/2025,09:24:38,23714.05,23710,150,23712.55,150,0,969750
NIFTY-II.NFO,10/02/2025,09:24:39,23714.05,23710,150,23710.8,150,0,969750
NIFTY-II.NFO,10/02/2025,09:24:41,23710,23706,75,23711.5,75,150,969750
NIFTY-II.NFO,10/02/2025,09:24:43,23710,23706,75,23711.75,225,0,969750
NIFTY-II.NFO,10/02/2025,09:24:44,23710,23706,75,23711.35,150,0,969750
NIFTY-II.NFO,10/02/2025,09:24:46,23710,23706,75,23710,150,0,969750
NIFTY-II.NFO,10/02/2025,09:24:47,23710,23706,75,23708.75,225,0,969750
NIFTY-II.NFO,10/02/2025,09:24:49,23709.15,23706,75,23708.3,150,150,969750
NIFTY-II.NFO,10/02/2025,09:24:51,23709.15,23706,75,23709.5,75,0,969750
NIFTY-II.NFO,10/02/2025,09:24:52,23709.65,23706,75,23708.2,150,150,969750
NIFTY-II.NFO,10/02/2025,09:24:54,23709.65,23703,75,23709.5,375,0,969750
NIFTY-II.NFO,10/02/2025,09:24:56,23709.65,23703,75,23709.55,75,0,969750
NIFTY-II.NFO,10/02/2025,09:24:57,23709.65,23703,75,23707.3,375,0,969750
NIFTY-II.NFO,10/02/2025,09:24:59,23709.65,23703,75,23706,150,0,969750
NIFTY-II.NFO,10/02/2025,09:25:01,23703,23702,75,23705.4,75,75,969750
NIFTY-II.NFO,10/02/2025,09:25:02,23705.95,23702,75,23705.95,300,75,969750
NIFTY-II.NFO,10/02/2025,09:25:04,23705.95,23702,75,23705.5,225,0,969750
NIFTY-II.NFO,10/02/2025,09:25:06,23705.95,23702,75,23704.7,150,0,969750
NIFTY-II.NFO,10/02/2025,09:25:07,23705.95,23702,75,23702.7,375,0,969750
NIFTY-II.NFO,10/02/2025,09:25:09,23702,23700,525,23700.8,375,75,969750
NIFTY-II.NFO,10/02/2025,09:25:11,23699.95,23692.9,225,23699.65,300,600,969750
NIFTY-II.NFO,10/02/2025,09:25:12,23699.95,23695.05,225,23701.85,300,0,969750
NIFTY-II.NFO,10/02/2025,09:25:14,23701.2,23694.8,225,23701.25,225,75,969750
NIFTY-II.NFO,10/02/2025,09:25:16,23701.2,23693.75,300,23700.45,225,0,969750
NIFTY-II.NFO,10/02/2025,09:25:17,23701.2,23695.4,300,23702.15,225,0,969750
NIFTY-II.NFO,10/02/2025,09:25:19,23701.2,23696.15,300,23703.15,225,0,969750
NIFTY-II.NFO,10/02/2025,09:25:21,23701.2,23697.9,450,23705,75,0,969750
NIFTY-II.NFO,10/02/2025,09:25:22,23701.2,23697.75,300,23705,75,0,969750
NIFTY-II.NFO,10/02/2025,09:25:24,23701.2,23695.9,375,23703.9,150,0,969750
NIFTY-II.NFO,10/02/2025,09:25:26,23704.55,23695.5,300,23700,75,375,969750
NIFTY-II.NFO,10/02/2025,09:25:27,23700,23695.7,300,23703.25,900,75,969750
NIFTY-II.NFO,10/02/2025,09:25:29,23700,23696,375,23703.9,150,0,969750
NIFTY-II.NFO,10/02/2025,09:25:31,23700,23696.75,375,23704.55,75,0,969750
NIFTY-II.NFO,10/02/2025,09:25:32,23700,23697.45,300,23704.95,75,0,969750
NIFTY-II.NFO,10/02/2025,09:25:34,23700,23697.95,75,23705,150,0,969750
NIFTY-II.NFO,10/02/2025,09:25:36,23700,23696.1,525,23704.95,825,0,969750
NIFTY-II.NFO,10/02/2025,09:25:37,23700,23695.65,525,23704.15,150,0,969750
NIFTY-II.NFO,10/02/2025,09:25:39,23700,23695,450,23703.3,150,0,969750
NIFTY-II.NFO,10/02/2025,09:25:41,23700,23694.5,300,23702.6,150,0,969750
NIFTY-II.NFO,10/02/2025,09:25:42,23700,23694.75,525,23702.65,150,0,969750
NIFTY-II.NFO,10/02/2025,09:25:44,23700,23700,75,23701.35,150,0,969750
NIFTY-II.NFO,10/02/2025,09:25:46,23700,23693.5,225,23700,225,75,969750
NIFTY-II.NFO,10/02/2025,09:25:47,23700,23692.55,225,23699.8,525,0,969750
NIFTY-II.NFO,10/02/2025,09:25:49,23700,23694.25,300,23700,225,0,969750
NIFTY-II.NFO,10/02/2025,09:25:51,23700,23693.35,450,23700,225,0,969750
NIFTY-II.NFO,10/02/2025,09:25:52,23694.55,23694.55,300,23700,225,75,969750
NIFTY-II.NFO,10/02/2025,09:25:54,23694.55,23692.4,450,23699.95,75,0,969750
NIFTY-II.NFO,10/02/2025,09:25:55,23694.55,23692.6,300,23699.95,75,0,969750
NIFTY-II.NFO,10/02/2025,09:25:57,23698.5,23691.3,225,23698.5,75,75,969750
NIFTY-II.NFO,10/02/2025,09:25:59,23698.5,23692.4,225,23699.15,75,0,969750
NIFTY-II.NFO,10/02/2025,09:26:00,23698.5,23692.7,300,23700,225,0,969750
NIFTY-II.NFO,10/02/2025,09:26:02,23698.5,23691.7,300,23699.75,375,0,969750
NIFTY-II.NFO,10/02/2025,09:26:04,23700,23694.1,300,23700,150,75,969750
NIFTY-II.NFO,10/02/2025,09:26:05,23700,23694,750,23700,300,0,969750
NIFTY-II.NFO,10/02/2025,09:26:07,23696.05,23696.05,300,23700,300,75,969750
NIFTY-II.NFO,10/02/2025,09:26:09,23696.05,23697,300,23700,300,75,969750
NIFTY-II.NFO,10/02/2025,09:26:10,23696.05,23696.1,300,23700,300,0,969750
NIFTY-II.NFO,10/02/2025,09:26:14,23696.05,23695.05,375,23700,375,0,969750
NIFTY-II.NFO,10/02/2025,09:26:15,23696.05,23695.75,300,23700,375,0,969750
NIFTY-II.NFO,10/02/2025,09:26:17,23696.05,23697.95,375,23700,375,0,969750
NIFTY-II.NFO,10/02/2025,09:26:19,23696.05,23695,75,23700,375,0,969750
NIFTY-II.NFO,10/02/2025,09:26:20,23696.05,23695,150,23699,150,0,969750
NIFTY-II.NFO,10/02/2025,09:26:22,23696.05,23695,150,23699.7,150,0,969750
NIFTY-II.NFO,10/02/2025,09:26:24,23695,23695,75,23698.15,150,75,969750
NIFTY-II.NFO,10/02/2025,09:26:25,23697,23695,75,23697,75,75,969750
NIFTY-II.NFO,10/02/2025,09:26:27,23695,23690,450,23696.35,300,150,969750
NIFTY-II.NFO,10/02/2025,09:26:28,23690,23690,300,23696.3,75,225,969750
NIFTY-II.NFO,10/02/2025,09:26:30,23690,23690.75,375,23698.55,75,0,969750
NIFTY-II.NFO,10/02/2025,09:26:32,23690,23690.05,300,23697.9,225,0,969750
NIFTY-II.NFO,10/02/2025,09:26:33,23690,23690,225,23696.25,75,75,969750
NIFTY-II.NFO,10/02/2025,09:26:35,23690,23690.05,300,23698.2,450,0,969750
NIFTY-II.NFO,10/02/2025,09:26:37,23690,23690.05,300,23695,75,0,969750
NIFTY-II.NFO,10/02/2025,09:26:38,23695,23690,225,23695.8,75,75,969750
NIFTY-II.NFO,10/02/2025,09:26:40,23690,23690,150,23694.45,75,75,969750
NIFTY-II.NFO,10/02/2025,09:26:42,23690,23690,150,23694.75,75,0,969750
NIFTY-II.NFO,10/02/2025,09:26:43,23690,23690,150,23692.4,225,0,969750
NIFTY-II.NFO,10/02/2025,09:26:45,23690.05,23685,150,23691.05,225,225,969750
NIFTY-II.NFO,10/02/2025,09:26:47,23690.05,23685.05,300,23692.1,225,0,969750
NIFTY-II.NFO,10/02/2025,09:26:48,23691.6,23685.15,450,23692.5,600,75,969750
NIFTY-II.NFO,10/02/2025,09:26:50,23691.6,23686,375,23693.25,225,0,969750
NIFTY-II.NFO,10/02/2025,09:26:52,23691.6,23686.05,450,23693.65,225,0,969750
NIFTY-II.NFO,10/02/2025,09:26:53,23691.6,23686.65,300,23693.9,225,0,969750
NIFTY-II.NFO,10/02/2025,09:26:55,23691.6,23685.9,300,23693.25,225,0,969750
NIFTY-II.NFO,10/02/2025,09:26:57,23685.9,23687.95,300,23695,300,600,969750
NIFTY-II.NFO,10/02/2025,09:26:58,23685.9,23687.95,300,23695,300,0,969750
NIFTY-II.NFO,10/02/2025,09:27:00,23685.9,23686.25,300,23693.85,300,0,969750
NIFTY-II.NFO,10/02/2025,09:27:01,23693.85,23687.05,300,23694.4,225,75,969750
NIFTY-II.NFO,10/02/2025,09:27:03,23693.85,23685.05,300,23692.2,825,0,969750
NIFTY-II.NFO,10/02/2025,09:27:05,23693.85,23685.05,300,23691.45,75,0,969750
NIFTY-II.NFO,10/02/2025,09:27:06,23693.85,23690,300,23690.6,375,0,969750
NIFTY-II.NFO,10/02/2025,09:27:08,23690,23685,150,23690.3,225,300,969750
NIFTY-II.NFO,10/02/2025,09:27:10,23690,23685,150,23685.05,75,0,969750
NIFTY-II.NFO,10/02/2025,09:27:16,23677,23675,375,23680,75,825,969750
NIFTY-II.NFO,10/02/2025,09:27:16,23677,23675,375,23680,75,0,969750
NIFTY-II.NFO,10/02/2025,09:27:18,23677,23675,375,23680.6,75,0,969750
NIFTY-II.NFO,10/02/2025,09:27:20,23677,23676.5,150,23683.65,75,0,969750
NIFTY-II.NFO,10/02/2025,09:27:21,23684.5,23676.2,300,23683.8,75,150,969750
NIFTY-II.NFO,10/02/2025,09:27:23,23677.85,23677.9,300,23685.2,75,150,969750
NIFTY-II.NFO,10/02/2025,09:27:23,23676.85,23677.9,300,23685.2,75,0,969750
NIFTY-II.NFO,10/02/2025,09:27:25,23678.9,23677.8,525,23685.9,75,300,969750
NIFTY-II.NFO,10/02/2025,09:27:26,23678.9,23677.55,525,23685.65,75,0,969750
NIFTY-II.NFO,10/02/2025,09:27:28,23678.9,23679.1,525,23687.2,75,0,969750
NIFTY-II.NFO,10/02/2025,09:27:30,23678.9,23678.45,525,23686.05,75,0,969750
NIFTY-II.NFO,10/02/2025,09:27:31,23675,23672.35,300,23680.1,75,375,970650
NIFTY-II.NFO,10/02/2025,09:27:31,23675,23672.35,300,23680.1,75,0,970650
NIFTY-II.NFO,10/02/2025,09:27:33,23672.25,23673.25,525,23680.25,150,75,970650
NIFTY-II.NFO,10/02/2025,09:27:33,23672.25,23673.25,525,23680.25,150,0,970650
NIFTY-II.NFO,10/02/2025,09:27:35,23672.25,23676.3,450,23683.75,150,0,970650
NIFTY-II.NFO,10/02/2025,09:27:36,23676.35,23676.1,300,23683.25,225,75,970650
NIFTY-II.NFO,10/02/2025,09:27:38,23676.35,23675.35,375,23682.75,225,0,970650
NIFTY-II.NFO,10/02/2025,09:27:40,23676.35,23676.05,375,23683.25,225,0,970650
NIFTY-II.NFO,10/02/2025,09:27:41,23676.35,23672,375,23679.55,225,0,970650
NIFTY-II.NFO,10/02/2025,09:27:43,23676.35,23673.75,375,23681.45,225,0,970650
NIFTY-II.NFO,10/02/2025,09:27:45,23676.35,23676.35,75,23677.05,225,0,970650
NIFTY-II.NFO,10/02/2025,09:27:46,23676.35,23672.7,300,23676.35,300,75,970650
NIFTY-II.NFO,10/02/2025,09:27:48,23676.35,23672.9,300,23676.35,300,0,970650
NIFTY-II.NFO,10/02/2025,09:27:50,23676.35,23671.9,75,23676.3,150,0,970650
NIFTY-II.NFO,10/02/2025,09:27:51,23676.35,23671.9,75,23675.6,225,0,970650
NIFTY-II.NFO,10/02/2025,09:27:53,23676.2,23671.9,75,23676.2,150,75,970650
NIFTY-II.NFO,10/02/2025,09:27:55,23676.2,23671.9,75,23675.85,75,0,970650
NIFTY-II.NFO,10/02/2025,09:27:56,23671.9,23670,375,23672.1,75,150,970650
NIFTY-II.NFO,10/02/2025,09:27:56,23671.9,23670,375,23672.1,75,0,970650
NIFTY-II.NFO,10/02/2025,09:27:58,23671.9,23670,375,23674.55,150,0,970650
NIFTY-II.NFO,10/02/2025,09:28:00,23671.9,23670,375,23675.05,225,0,970650
NIFTY-II.NFO,10/02/2025,09:28:01,23671.9,23670.05,300,23676.35,375,0,970650
NIFTY-II.NFO,10/02/2025,09:28:03,23671.9,23670,450,23674.85,75,0,970650
NIFTY-II.NFO,10/02/2025,09:28:05,23670.05,23670.05,300,23675,75,375,970650
NIFTY-II.NFO,10/02/2025,09:28:05,23670,23670.05,300,23675,75,0,970650
NIFTY-II.NFO,10/02/2025,09:28:06,23670.05,23670,150,23674.5,225,0,970650
NIFTY-II.NFO,10/02/2025,09:28:08,23670.05,23670,150,23675,75,0,970650
NIFTY-II.NFO,10/02/2025,09:28:11,23670.05,23670,150,23674.3,225,0,970650
NIFTY-II.NFO,10/02/2025,09:28:13,23670.05,23670.05,300,23675,75,150,970650
NIFTY-II.NFO,10/02/2025,09:28:15,23675,23670.05,300,23676.35,375,75,970650
NIFTY-II.NFO,10/02/2025,09:28:16,23670.1,23670.6,150,23676.35,375,225,970650
NIFTY-II.NFO,10/02/2025,09:28:18,23670.1,23670.2,225,23676.35,375,0,970650
NIFTY-II.NFO,10/02/2025,09:28:20,23670.1,23671.3,150,23674,300,0,970650
NIFTY-II.NFO,10/02/2025,09:28:21,23670.1,23670.05,150,23674,300,0,970650
NIFTY-II.NFO,10/02/2025,09:28:25,23670.35,23671,150,23674,300,75,970650
NIFTY-II.NFO,10/02/2025,09:28:26,23670.35,23671,150,23674,300,0,970650
NIFTY-II.NFO,10/02/2025,09:28:30,23670.35,23671.05,75,23674,300,0,970650
NIFTY-II.NFO,10/02/2025,09:28:33,23671.8,23671.15,750,23674,225,225,970650
NIFTY-II.NFO,10/02/2025,09:28:35,23671.8,23671,150,23674,225,0,970650
NIFTY-II.NFO,10/02/2025,09:28:40,23671,23670.05,150,23674,225,150,970650
NIFTY-II.NFO,10/02/2025,09:28:41,23674,23670.05,150,23674,150,75,970650
NIFTY-II.NFO,10/02/2025,09:28:43,23674,23670.05,75,23675,150,225,970650
NIFTY-II.NFO,10/02/2025,09:28:45,23674,23670.05,825,23675,150,0,970650
NIFTY-II.NFO,10/02/2025,09:28:46,23674,23671.55,750,23675,150,0,970650
NIFTY-II.NFO,10/02/2025,09:28:48,23674,23670.95,375,23675,150,0,970650
NIFTY-II.NFO,10/02/2025,09:28:50,23674,23674,150,23675,150,0,970650
NIFTY-II.NFO,10/02/2025,09:28:51,23674,23670.05,75,23674.6,300,150,970650
NIFTY-II.NFO,10/02/2025,09:28:53,23674,23670.05,75,23674.75,300,0,970650
NIFTY-II.NFO,10/02/2025,09:28:55,23674,23670.05,75,23674.7,300,0,970650
NIFTY-II.NFO,10/02/2025,09:28:56,23674,23670.05,225,23675,150,0,970650
NIFTY-II.NFO,10/02/2025,09:28:58,23674,23670.05,75,23675,150,0,970650
NIFTY-II.NFO,10/02/2025,09:29:00,23675,23673.2,150,23676.35,75,150,970650
NIFTY-II.NFO,10/02/2025,09:29:01,23676.35,23671.05,375,23678.4,300,75,970650
NIFTY-II.NFO,10/02/2025,09:29:03,23676.35,23672.95,300,23680,300,0,970650
NIFTY-II.NFO,10/02/2025,09:29:05,23676.35,23672.45,150,23679.45,300,0,970650
NIFTY-II.NFO,10/02/2025,09:29:06,23676.35,23671.1,225,23678.35,300,0,970650
NIFTY-II.NFO,10/02/2025,09:29:08,23676.35,23670.05,75,23674.75,300,0,970650
NIFTY-II.NFO,10/02/2025,09:29:10,23674.3,23670.05,75,23674.25,300,75,970650
NIFTY-II.NFO,10/02/2025,09:29:11,23674.65,23670.05,225,23676.65,300,75,970650
NIFTY-II.NFO,10/02/2025,09:29:13,23674.65,23670.05,75,23676.7,300,0,970650
NIFTY-II.NFO,10/02/2025,09:29:15,23674.65,23670.45,525,23678.1,300,0,970650
NIFTY-II.NFO,10/02/2025,09:29:16,23674.65,23670.05,225,23677.3,300,0,970650
NIFTY-II.NFO,10/02/2025,09:29:18,23674.65,23671.2,525,23679.25,300,0,970650
NIFTY-II.NFO,10/02/2025,09:29:20,23674.65,23670.1,525,23678.85,300,0,970650
NIFTY-II.NFO,10/02/2025,09:29:21,23674.65,23670.35,525,23678.7,300,0,970650
NIFTY-II.NFO,10/02/2025,09:29:23,23674.65,23670.45,450,23678.35,300,0,970650
NIFTY-II.NFO,10/02/2025,09:29:25,23672.75,23672.75,450,23680.75,300,75,970650
NIFTY-II.NFO,10/02/2025,09:29:26,23672.75,23674.45,450,23682.6,300,0,970650
NIFTY-II.NFO,10/02/2025,09:29:28,23675.45,23675.45,375,23682.9,300,75,970650
NIFTY-II.NFO,10/02/2025,09:29:30,23675.45,23674.95,375,23682.55,300,0,970650
NIFTY-II.NFO,10/02/2025,09:29:31,23673.95,23674.65,225,23682.55,300,150,970650
NIFTY-II.NFO,10/02/2025,09:29:33,23673.95,23675.35,900,23682.55,300,0,970650
NIFTY-II.NFO,10/02/2025,09:29:35,23673.95,23673.85,225,23681.5,300,0,970650
NIFTY-II.NFO,10/02/2025,09:29:36,23673.85,23672.4,450,23680.5,300,300,970650
NIFTY-II.NFO,10/02/2025,09:29:38,23673.85,23670.25,975,23678.8,375,0,970650
NIFTY-II.NFO,10/02/2025,09:29:40,23673.85,23670.05,75,23675.4,300,0,970650
NIFTY-II.NFO,10/02/2025,09:29:41,23673.85,23670.05,75,23673.7,300,0,970650
NIFTY-II.NFO,10/02/2025,09:29:43,23673.85,23670.05,75,23673.3,300,0,970650
NIFTY-II.NFO,10/02/2025,09:29:45,23673.85,23670.05,75,23673.9,225,0,970650
NIFTY-II.NFO,10/02/2025,09:29:46,23673.85,23670.05,75,23674.3,225,75,970650
NIFTY-II.NFO,10/02/2025,09:29:48,23673.85,23670.05,75,23674.45,75,0,970650
NIFTY-II.NFO,10/02/2025,09:29:50,23673.85,23670.05,75,23674.9,75,0,970650
NIFTY-II.NFO,10/02/2025,09:29:51,23673.85,23670.05,75,23674.8,225,0,970650
NIFTY-II.NFO,10/02/2025,09:29:53,23673.85,23670.05,75,23674.3,75,0,970650
NIFTY-II.NFO,10/02/2025,09:29:55,23673.85,23673.85,75,23674.9,75,0,970650
NIFTY-II.NFO,10/02/2025,09:29:56,23673.85,23673.85,75,23675,75,0,970650
NIFTY-II.NFO,10/02/2025,09:29:58,23673.85,23673.85,75,23674.95,75,0,970650
NIFTY-II.NFO,10/02/2025,09:30:00,23673.85,23671.5,75,23673.3,75,75,970650
NIFTY-II.NFO,10/02/2025,09:30:02,23671.5,23670.05,75,23673.7,225,75,970650
NIFTY-II.NFO,10/02/2025,09:30:03,23671.5,23670.05,75,23675.6,75,0,970650
NIFTY-II.NFO,10/02/2025,09:30:05,23670.05,23670,375,23674.95,75,75,970650
NIFTY-II.NFO,10/02/2025,09:30:07,23670.05,23670.05,75,23676.65,450,0,970650
NIFTY-II.NFO,10/02/2025,09:30:08,23670,23670,375,23673.55,75,75,970650
NIFTY-II.NFO,10/02/2025,09:30:10,23670,23666,75,23669.9,225,375,970650
NIFTY-II.NFO,10/02/2025,09:30:12,23666,23665,75,23670.15,225,75,970650
NIFTY-II.NFO,10/02/2025,09:30:12,23666,23665,75,23670.15,225,0,970650
NIFTY-II.NFO,10/02/2025,09:30:13,23666,23667.7,375,23673.4,75,0,970650
NIFTY-II.NFO,10/02/2025,09:30:15,23666,23671.15,375,23677.35,300,0,970650
NIFTY-II.NFO,10/02/2025,09:30:17,23666,23670.6,375,23676.1,225,0,970650
NIFTY-II.NFO,10/02/2025,09:30:18,23677.75,23676,75,23677.1,75,300,970650
NIFTY-II.NFO,10/02/2025,09:30:20,23676,23670.65,375,23676.35,225,75,970650
NIFTY-II.NFO,10/02/2025,09:30:22,23676,23666.95,375,23672.6,75,0,970650
NIFTY-II.NFO,10/02/2025,09:30:23,23672.25,23668.1,150,23674.2,150,150,970650
NIFTY-II.NFO,10/02/2025,09:30:25,23672.25,23665,75,23670.65,150,0,970650
NIFTY-II.NFO,10/02/2025,09:30:27,23672.25,23667.15,375,23673.1,150,0,970650
NIFTY-II.NFO,10/02/2025,09:30:28,23672.25,23666.55,375,23673.15,150,0,970650
NIFTY-II.NFO,10/02/2025,09:30:30,23672.25,23670,75,23673.55,75,0,970650
NIFTY-II.NFO,10/02/2025,09:30:32,23673.6,23668.65,375,23673.75,75,150,971100
NIFTY-II.NFO,10/02/2025,09:30:33,23673.6,23667.65,375,23673.3,75,0,971100
NIFTY-II.NFO,10/02/2025,09:30:35,23667.95,23667.35,75,23671.7,75,75,971100
NIFTY-II.NFO,10/02/2025,09:30:37,23667.95,23667.35,75,23670.7,300,0,971100
NIFTY-II.NFO,10/02/2025,09:30:38,23667.95,23667.35,75,23671.6,75,0,971100
NIFTY-II.NFO,10/02/2025,09:30:40,23667.95,23667.35,75,23670.65,75,0,971100
NIFTY-II.NFO,10/02/2025,09:30:42,23667.95,23665,150,23668.2,300,75,971100
NIFTY-II.NFO,10/02/2025,09:30:43,23667.95,23665,150,23670.25,75,0,971100
NIFTY-II.NFO,10/02/2025,09:30:45,23665,23665,75,23668.4,75,75,971100
NIFTY-II.NFO,10/02/2025,09:30:45,23665,23665,75,23668.4,75,0,971100
NIFTY-II.NFO,10/02/2025,09:30:47,23665,23663.2,375,23668.05,225,75,971100
NIFTY-II.NFO,10/02/2025,09:30:48,23665,23665,75,23666.55,300,0,971100
NIFTY-II.NFO,10/02/2025,09:30:50,23665,23660.5,75,23664.8,75,75,971100
NIFTY-II.NFO,10/02/2025,09:30:52,23665,23660.5,75,23663.9,525,0,971100
NIFTY-II.NFO,10/02/2025,09:30:53,23665,23660.5,75,23665,75,0,971100
NIFTY-II.NFO,10/02/2025,09:30:55,23665,23660.5,75,23664.45,300,0,971100
NIFTY-II.NFO,10/02/2025,09:30:57,23665,23661,75,23662.7,75,0,971100
NIFTY-II.NFO,10/02/2025,09:30:58,23665,23661,75,23663.85,450,0,971100
NIFTY-II.NFO,10/02/2025,09:31:00,23660,23655.7,150,23661.4,300,525,971100
NIFTY-II.NFO,10/02/2025,09:31:00,23660,23655.7,150,23661.4,300,0,971100
NIFTY-II.NFO,10/02/2025,09:31:02,23661.95,23656.15,150,23662.5,75,75,971100
NIFTY-II.NFO,10/02/2025,09:31:03,23661.95,23655.7,150,23660.15,75,0,971100
NIFTY-II.NFO,10/02/2025,09:31:05,23660.25,23655.7,150,23660.35,300,150,971100
NIFTY-II.NFO,10/02/2025,09:31:07,23660.25,23655.7,150,23660.5,75,0,971100
NIFTY-II.NFO,10/02/2025,09:31:08,23660.25,23655.7,150,23658.65,75,0,971100
NIFTY-II.NFO,10/02/2025,09:31:10,23658.65,23655.7,150,23659.35,300,75,971100
NIFTY-II.NFO,10/02/2025,09:31:10,23658.65,23655.7,150,23659.35,300,0,971100
NIFTY-II.NFO,10/02/2025,09:31:12,23655.7,23655,225,23659.15,75,150,971100
NIFTY-II.NFO,10/02/2025,09:31:12,23655.7,23655,225,23659.15,75,0,971100
NIFTY-II.NFO,10/02/2025,09:31:13,23655.7,23655,225,23658.5,300,0,971100
NIFTY-II.NFO,10/02/2025,09:31:15,23658.55,23655,225,23659.1,300,75,971100
NIFTY-II.NFO,10/02/2025,09:31:17,23656,23656,75,23659.75,675,150,971100
NIFTY-II.NFO,10/02/2025,09:31:18,23656,23655,225,23656,75,75,971100
NIFTY-II.NFO,10/02/2025,09:31:20,23655,23652.8,75,23655.05,150,225,971100
NIFTY-II.NFO,10/02/2025,09:31:20,23655,23652.8,75,23655.05,150,0,971100
NIFTY-II.NFO,10/02/2025,09:31:22,23655,23652.8,75,23655,75,0,971100
NIFTY-II.NFO,10/02/2025,09:31:23,23655,23652.8,75,23652.9,75,0,971100
NIFTY-II.NFO,10/02/2025,09:31:25,23652.8,23651.1,75,23653.85,150,75,971100
NIFTY-II.NFO,10/02/2025,09:31:25,23652.8,23651.1,75,23653.85,150,0,971100
NIFTY-II.NFO,10/02/2025,09:31:27,23652.8,23651.1,75,23653.85,150,0,971100
NIFTY-II.NFO,10/02/2025,09:31:28,23650,23650,3450,23650.05,75,450,971100
NIFTY-II.NFO,10/02/2025,09:31:28,23650,23650,3450,23650.05,75,0,971100
NIFTY-II.NFO,10/02/2025,09:31:30,23650,23650,3225,23650.3,150,225,971100
NIFTY-II.NFO,10/02/2025,09:31:32,23650,23650,2700,23651.6,150,675,971100
NIFTY-II.NFO,10/02/2025,09:31:33,23650,23650,2625,23650.6,150,75,971100
NIFTY-II.NFO,10/02/2025,09:31:35,23650,23650,2550,23650.6,150,75,971100
NIFTY-II.NFO,10/02/2025,09:31:37,23649,23648,150,23648.35,75,2850,971100
NIFTY-II.NFO,10/02/2025,09:31:37,23649,23648,150,23648.35,75,0,971100
NIFTY-II.NFO,10/02/2025,09:31:38,23648.95,23645.7,75,23649.2,75,300,971100
NIFTY-II.NFO,10/02/2025,09:31:38,23646,23645.7,75,23649.2,75,0,971100
NIFTY-II.NFO,10/02/2025,09:31:40,23648.95,23645.7,75,23648.45,75,0,971100
NIFTY-II.NFO,10/02/2025,09:31:42,23645,23642.1,150,23647.95,75,375,971100
NIFTY-II.NFO,10/02/2025,09:31:42,23640.95,23642.1,150,23647.95,75,0,971100
NIFTY-II.NFO,10/02/2025,09:31:43,23645,23641.3,150,23645.95,75,0,971100
NIFTY-II.NFO,10/02/2025,09:31:45,23645,23639.95,150,23645.35,75,0,971100
NIFTY-II.NFO,10/02/2025,09:31:47,23641.45,23641.45,375,23645,150,75,971100
NIFTY-II.NFO,10/02/2025,09:31:48,23641.45,23642.1,75,23645,150,0,971100
NIFTY-II.NFO,10/02/2025,09:31:50,23641.45,23642.3,75,23645,150,0,971100
NIFTY-II.NFO,10/02/2025,09:31:52,23645,23641.45,75,23645,75,225,971100
NIFTY-II.NFO,10/02/2025,09:31:53,23641.45,23640.65,375,23644.95,75,75,971100
NIFTY-II.NFO,10/02/2025,09:31:55,23641.45,23639.25,750,23644.95,75,0,971100
NIFTY-II.NFO,10/02/2025,09:31:57,23641.45,23640.5,750,23645,75,0,971100
NIFTY-II.NFO,10/02/2025,09:31:58,23645,23639,975,23645.95,75,225,971100
NIFTY-II.NFO,10/02/2025,09:31:58,23638.85,23639,975,23645.95,75,0,971100
NIFTY-II.NFO,10/02/2025,09:32:00,23645,23639.05,675,23644.95,75,0,971100
NIFTY-II.NFO,10/02/2025,09:32:02,23643.95,23638.55,375,23644.95,75,150,971100
NIFTY-II.NFO,10/02/2025,09:32:03,23643.95,23638,225,23645.75,300,75,971100
NIFTY-II.NFO,10/02/2025,09:32:05,23643.95,23638,75,23642.95,75,0,971100
NIFTY-II.NFO,10/02/2025,09:32:07,23635.9,23640,75,23643.15,300,300,971100
NIFTY-II.NFO,10/02/2025,09:32:07,23635.9,23640,75,23643.15,300,0,971100
NIFTY-II.NFO,10/02/2025,09:32:08,23638.1,23636.05,600,23642.95,75,150,971100
NIFTY-II.NFO,10/02/2025,09:32:10,23638.1,23641,150,23642.95,75,0,971100
NIFTY-II.NFO,10/02/2025,09:32:12,23638.1,23641,150,23643.5,150,0,971100
NIFTY-II.NFO,10/02/2025,09:32:13,23638.1,23641,150,23643.5,900,0,971100
NIFTY-II.NFO,10/02/2025,09:32:15,23640,23636.4,375,23641.95,75,225,971100
NIFTY-II.NFO,10/02/2025,09:32:17,23640,23638.45,600,23640.95,75,0,971100
NIFTY-II.NFO,10/02/2025,09:32:18,23641.95,23635.45,450,23643.35,150,75,971100
NIFTY-II.NFO,10/02/2025,09:32:20,23640,23637.25,600,23641.95,75,75,971100
NIFTY-II.NFO,10/02/2025,09:32:22,23640,23635.8,225,23641.5,150,0,971100
NIFTY-II.NFO,10/02/2025,09:32:23,23640,23636.85,225,23641.95,75,0,971100
NIFTY-II.NFO,10/02/2025,09:32:25,23641.95,23640,75,23642.05,300,75,971100
NIFTY-II.NFO,10/02/2025,09:32:27,23641.95,23640,75,23642.55,300,0,971100
NIFTY-II.NFO,10/02/2025,09:32:28,23640,23637.7,600,23641.95,75,75,971100
NIFTY-II.NFO,10/02/2025,09:32:30,23640,23638.05,600,23641.95,75,0,971100
NIFTY-II.NFO,10/02/2025,09:32:32,23640,23636.55,600,23641.95,975,0,971100
NIFTY-II.NFO,10/02/2025,09:32:33,23640,23636.05,600,23641.9,300,0,971100
NIFTY-II.NFO,10/02/2025,09:32:35,23640,23636.3,600,23640.95,75,0,971100
NIFTY-II.NFO,10/02/2025,09:32:37,23640,23635,225,23637.05,75,0,971100
NIFTY-II.NFO,10/02/2025,09:32:38,23637.05,23634.15,225,23639.3,150,1575,971100
NIFTY-II.NFO,10/02/2025,09:32:38,23633,23634.15,225,23639.3,150,0,971100
NIFTY-II.NFO,10/02/2025,09:32:40,23637.05,23631.25,600,23640.7,375,0,971100
NIFTY-II.NFO,10/02/2025,09:32:42,23639.45,23634.55,600,23639.9,300,75,971100
NIFTY-II.NFO,10/02/2025,09:32:43,23631.05,23635.05,600,23639.95,75,75,971100
NIFTY-II.NFO,10/02/2025,09:32:43,23631.05,23635.05,600,23639.95,75,0,971100
NIFTY-II.NFO,10/02/2025,09:32:45,23638.95,23633.2,600,23638.9,300,225,971100
NIFTY-II.NFO,10/02/2025,09:32:47,23631.1,23631.15,150,23637.9,300,75,971100
NIFTY-II.NFO,10/02/2025,09:32:48,23637.95,23631.15,150,23638.5,300,75,971100
NIFTY-II.NFO,10/02/2025,09:32:50,23636.5,23631,75,23636.5,450,75,971100
NIFTY-II.NFO,10/02/2025,09:32:52,23634.15,23632.85,525,23638.5,300,75,971100
NIFTY-II.NFO,10/02/2025,09:32:53,23634.15,23631.65,225,23639.5,300,0,971100
NIFTY-II.NFO,10/02/2025,09:32:55,23632.95,23635.9,300,23640.9,150,150,971100
NIFTY-II.NFO,10/02/2025,09:32:57,23635.8,23635.05,150,23641.4,150,75,971100
NIFTY-II.NFO,10/02/2025,09:32:58,23635.8,23636.4,300,23640.65,150,0,971100
NIFTY-II.NFO,10/02/2025,09:33:00,23638.15,23637.45,225,23641.95,900,75,971100
NIFTY-II.NFO,10/02/2025,09:33:02,23638.15,23636.65,225,23641.4,150,0,971100
NIFTY-II.NFO,10/02/2025,09:33:03,23638.15,23638.3,225,23641.95,900,0,971100
NIFTY-II.NFO,10/02/2025,09:33:05,23638.15,23638.7,225,23640,150,0,971100
NIFTY-II.NFO,10/02/2025,09:33:07,23640,23638.95,75,23641.95,900,225,971100
NIFTY-II.NFO,10/02/2025,09:33:08,23640,23637.05,450,23641.95,975,0,971100
NIFTY-II.NFO,10/02/2025,09:33:10,23638.55,23640,75,23641.95,900,75,971100
NIFTY-II.NFO,10/02/2025,09:33:12,23640,23640,75,23641.95,900,75,971100
NIFTY-II.NFO,10/02/2025,09:33:13,23640,23640,75,23641.95,900,0,971100
NIFTY-II.NFO,10/02/2025,09:33:18,23640,23638.15,75,23641.9,300,75,971100
NIFTY-II.NFO,10/02/2025,09:33:20,23640,23640,150,23641.95,900,0,971100
NIFTY-II.NFO,10/02/2025,09:33:23,23640,23640,525,23641.95,900,0,971100
NIFTY-II.NFO,10/02/2025,09:33:28,23640,23640,1125,23641.95,900,0,971100
NIFTY-II.NFO,10/02/2025,09:33:30,23641.95,23640.25,150,23643.95,75,900,976425
NIFTY-II.NFO,10/02/2025,09:33:31,23643.95,23640.1,825,23646.4,300,75,976425
NIFTY-II.NFO,10/02/2025,09:33:33,23643.95,23641.95,150,23645.7,300,0,976425
NIFTY-II.NFO,10/02/2025,09:33:35,23643.95,23641.95,150,23645.15,450,0,976425
NIFTY-II.NFO,10/02/2025,09:33:36,23645.5,23641.95,150,23645.5,300,75,976425
NIFTY-II.NFO,10/02/2025,09:33:38,23641.95,23640,1050,23644.45,300,150,976425
NIFTY-II.NFO,10/02/2025,09:33:40,23641.95,23640,1050,23645.25,300,0,976425
NIFTY-II.NFO,10/02/2025,09:33:43,23641.95,23641.95,75,23644.9,300,0,976425
NIFTY-II.NFO,10/02/2025,09:33:45,23641.95,23641.95,75,23643.7,450,0,976425
NIFTY-II.NFO,10/02/2025,09:33:46,23642,23640,525,23642.95,75,675,976425
NIFTY-II.NFO,10/02/2025,09:33:48,23642,23640,525,23643.2,75,0,976425
NIFTY-II.NFO,10/02/2025,09:33:50,23642,23640,525,23644.3,75,0,976425
NIFTY-II.NFO,10/02/2025,09:33:51,23645,23640,525,23645.05,150,750,976425
NIFTY-II.NFO,10/02/2025,09:33:53,23645,23640.05,375,23647.15,150,0,976425
NIFTY-II.NFO,10/02/2025,09:33:55,23645,23640.05,375,23648.75,225,0,976425
NIFTY-II.NFO,10/02/2025,09:33:56,23645,23640.05,375,23647.9,150,0,976425
NIFTY-II.NFO,10/02/2025,09:33:58,23645,23640.05,375,23647.95,150,0,976425
NIFTY-II.NFO,10/02/2025,09:34:00,23650,23641.35,300,23649.9,300,225,976425
NIFTY-II.NFO,10/02/2025,09:34:01,23648.6,23641.1,375,23649.6,300,75,976425
NIFTY-II.NFO,10/02/2025,09:34:03,23648.6,23642,150,23648.5,375,0,976425
NIFTY-II.NFO,10/02/2025,09:34:05,23648.6,23642.05,300,23648.3,75,0,976425
NIFTY-II.NFO,10/02/2025,09:34:06,23648.6,23642,150,23647.95,75,0,976425
NIFTY-II.NFO,10/02/2025,09:34:08,23648.6,23642,150,23647.85,75,0,976425
NIFTY-II.NFO,10/02/2025,09:34:10,23648.6,23642.05,300,23648.3,750,0,976425
NIFTY-II.NFO,10/02/2025,09:34:11,23648.3,23645,300,23648.45,75,75,976425
NIFTY-II.NFO,10/02/2025,09:34:13,23648.3,23645,300,23648.45,75,0,976425
NIFTY-II.NFO,10/02/2025,09:34:15,23649.95,23645,300,23650,75,75,976425
NIFTY-II.NFO,10/02/2025,09:34:17,23649.95,23645,300,23649.65,75,0,976425
NIFTY-II.NFO,10/02/2025,09:34:20,23649.95,23645,300,23650,75,0,976425
NIFTY-II.NFO,10/02/2025,09:34:22,23649.95,23648,300,23650,75,0,976425
NIFTY-II.NFO,10/02/2025,09:34:23,23648,23642,150,23646.8,150,300,976425
NIFTY-II.NFO,10/02/2025,09:34:25,23647.3,23642,150,23647.3,75,75,976425
NIFTY-II.NFO,10/02/2025,09:34:27,23647.3,23642,150,23647.35,675,0,976425
NIFTY-II.NFO,10/02/2025,09:34:28,23647.3,23642,150,23646.75,75,0,976425
NIFTY-II.NFO,10/02/2025,09:34:30,23647.3,23642,150,23648.65,525,0,976425
NIFTY-II.NFO,10/02/2025,09:34:32,23647.3,23642.05,375,23649.6,75,0,976425
NIFTY-II.NFO,10/02/2025,09:34:33,23647.3,23642,150,23648.75,225,0,976425
NIFTY-II.NFO,10/02/2025,09:34:35,23647.3,23642,150,23648.4,150,0,976425
NIFTY-II.NFO,10/02/2025,09:34:37,23647.3,23642,150,23647.8,75,0,976425
NIFTY-II.NFO,10/02/2025,09:34:38,23647.3,23646,75,23647.8,75,0,976425
NIFTY-II.NFO,10/02/2025,09:34:40,23647.3,23646,75,23648.4,75,0,976425
NIFTY-II.NFO,10/02/2025,09:34:42,23647.3,23646,75,23649.65,150,0,976425
NIFTY-II.NFO,10/02/2025,09:34:43,23647.3,23646,75,23649,150,0,976425
NIFTY-II.NFO,10/02/2025,09:34:45,23647.3,23646,75,23648.45,150,0,976425
NIFTY-II.NFO,10/02/2025,09:34:47,23647.3,23646,75,23648,150,0,976425
NIFTY-II.NFO,10/02/2025,09:34:48,23647.3,23646,75,23647.95,75,0,976425
NIFTY-II.NFO,10/02/2025,09:34:50,23647.3,23646,75,23649.25,75,0,976425
NIFTY-II.NFO,10/02/2025,09:34:52,23650,23646,75,23649.75,75,225,976425
NIFTY-II.NFO,10/02/2025,09:34:53,23650,23649,75,23651.2,375,0,976425
NIFTY-II.NFO,10/02/2025,09:34:55,23650,23649,75,23650.85,75,0,976425
NIFTY-II.NFO,10/02/2025,09:34:57,23650,23649,75,23651.25,75,0,976425
NIFTY-II.NFO,10/02/2025,09:35:00,23650,23650,75,23651.65,150,0,976425
NIFTY-II.NFO,10/02/2025,09:35:02,23649,23646,75,23648.95,150,225,976425
NIFTY-II.NFO,10/02/2025,09:35:03,23647,23646,75,23647,75,225,976425
NIFTY-II.NFO,10/02/2025,09:35:05,23647.15,23642,225,23647.1,150,225,976425
NIFTY-II.NFO,10/02/2025,09:35:07,23647.95,23642,225,23647.45,225,150,976425
NIFTY-II.NFO,10/02/2025,09:35:08,23647.95,23642,225,23647.45,225,0,976425
NIFTY-II.NFO,10/02/2025,09:35:10,23647.95,23642.15,375,23648.95,75,0,976425
NIFTY-II.NFO,10/02/2025,09:35:12,23647.95,23643.95,375,23650,150,0,976425
NIFTY-II.NFO,10/02/2025,09:35:13,23647.95,23646.6,375,23650,150,0,976425
NIFTY-II.NFO,10/02/2025,09:35:15,23647.95,23644.5,300,23650,150,0,976425
NIFTY-II.NFO,10/02/2025,09:35:17,23650,23647.35,300,23650,75,75,976425
NIFTY-II.NFO,10/02/2025,09:35:18,23650,23650,75,23653.85,225,75,976425
NIFTY-II.NFO,10/02/2025,09:35:20,23650,23645,375,23652.6,300,75,976425
NIFTY-II.NFO,10/02/2025,09:35:22,23650,23643.7,300,23651.95,225,0,976425
NIFTY-II.NFO,10/02/2025,09:35:23,23644.7,23643.95,300,23644.7,75,75,976425
NIFTY-II.NFO,10/02/2025,09:35:25,23644.7,23644.65,300,23644.7,75,0,976425
NIFTY-II.NFO,10/02/2025,09:35:27,23644.7,23645.1,525,23652.85,225,75,976425
NIFTY-II.NFO,10/02/2025,09:35:28,23644.7,23642.85,375,23651.35,225,0,976425
NIFTY-II.NFO,10/02/2025,09:35:30,23644.7,23643.55,375,23651.95,150,0,976425
NIFTY-II.NFO,10/02/2025,09:35:32,23644.7,23642.95,450,23644.7,75,0,976425
NIFTY-II.NFO,10/02/2025,09:35:33,23642,23642.05,300,23644.7,75,75,976425
NIFTY-II.NFO,10/02/2025,09:35:35,23642,23642,225,23644.7,75,0,976425
NIFTY-II.NFO,10/02/2025,09:35:40,23644.7,23642.05,300,23649.9,150,75,976425
NIFTY-II.NFO,10/02/2025,09:35:42,23649.9,23642,225,23648.45,150,75,976425
NIFTY-II.NFO,10/02/2025,09:35:43,23649.9,23643,75,23647.85,150,0,976425
NIFTY-II.NFO,10/02/2025,09:35:45,23649.9,23643,75,23649,75,0,976425
NIFTY-II.NFO,10/02/2025,09:35:47,23648.45,23642,225,23648.25,150,150,976425
NIFTY-II.NFO,10/02/2025,09:35:48,23648.45,23642,225,23647.3,225,0,976425
NIFTY-II.NFO,10/02/2025,09:35:50,23642,23642,150,23647.5,75,75,976425
NIFTY-II.NFO,10/02/2025,09:35:52,23647.7,23642,150,23648.2,150,75,976425
NIFTY-II.NFO,10/02/2025,09:35:53,23647.7,23642,450,23646.75,225,0,976425
NIFTY-II.NFO,10/02/2025,09:35:55,23647.7,23642,450,23647.8,225,0,976425
NIFTY-II.NFO,10/02/2025,09:35:57,23647.7,23642.35,450,23648.8,225,0,976425
NIFTY-II.NFO,10/02/2025,09:35:58,23647.7,23642.75,300,23649,150,0,976425
NIFTY-II.NFO,10/02/2025,09:36:00,23647.7,23645,300,23649,150,0,976425
NIFTY-II.NFO,10/02/2025,09:36:02,23645.45,23645.9,300,23649,150,75,976425
NIFTY-II.NFO,10/02/2025,09:36:03,23645.45,23645.9,300,23649,150,0,976425
NIFTY-II.NFO,10/02/2025,09:36:05,23645.45,23647.45,300,23649,150,0,976425
NIFTY-II.NFO,10/02/2025,09:36:07,23649,23646.7,300,23649,75,75,976425
NIFTY-II.NFO,10/02/2025,09:36:08,23649,23645.4,300,23649,75,0,976425
NIFTY-II.NFO,10/02/2025,09:36:10,23649,23645.9,300,23649,75,0,976425
NIFTY-II.NFO,10/02/2025,09:36:12,23649,23645.25,300,23649,75,0,976425
NIFTY-II.NFO,10/02/2025,09:36:13,23649,23646,300,23649,75,0,976425
NIFTY-II.NFO,10/02/2025,09:36:15,23646.15,23643.7,300,23649,75,75,976425
NIFTY-II.NFO,10/02/2025,09:36:16,23648.95,23646,75,23648.95,75,75,976425
NIFTY-II.NFO,10/02/2025,09:36:18,23648.95,23646,75,23648.65,225,0,976425
NIFTY-II.NFO,10/02/2025,09:36:20,23648.95,23646,75,23649,75,0,976425
NIFTY-II.NFO,10/02/2025,09:36:21,23648.95,23646,75,23648.95,225,0,976425
NIFTY-II.NFO,10/02/2025,09:36:23,23648,23646,75,23648.7,225,75,976425
NIFTY-II.NFO,10/02/2025,09:36:25,23648,23646,75,23647.4,225,0,976425
NIFTY-II.NFO,10/02/2025,09:36:26,23648,23646,75,23648.95,75,0,976425
NIFTY-II.NFO,10/02/2025,09:36:28,23646,23643,300,23649,75,75,976425
NIFTY-II.NFO,10/02/2025,09:36:30,23646,23643,300,23649,75,0,976425
NIFTY-II.NFO,10/02/2025,09:36:32,23646,23642.95,150,23648.95,75,0,976425
NIFTY-II.NFO,10/02/2025,09:36:35,23646,23643,300,23649,75,0,976425
NIFTY-II.NFO,10/02/2025,09:36:37,23646,23642.95,150,23648.95,75,0,976425
NIFTY-II.NFO,10/02/2025,09:36:40,23646,23646,75,23648.15,75,0,976425
NIFTY-II.NFO,10/02/2025,09:36:42,23642.95,23645,75,23648.6,75,150,976650
NIFTY-II.NFO,10/02/2025,09:36:43,23642.95,23645,75,23648.95,225,0,976650
NIFTY-II.NFO,10/02/2025,09:36:45,23642.95,23645,75,23648.95,75,0,976650
NIFTY-II.NFO,10/02/2025,09:36:47,23642.95,23645,75,23649,75,0,976650
NIFTY-II.NFO,10/02/2025,09:36:48,23642.95,23647.7,75,23649,75,0,976650
NIFTY-II.NFO,10/02/2025,09:36:50,23642.95,23647.7,75,23648.95,75,0,976650
NIFTY-II.NFO,10/02/2025,09:36:52,23647.7,23645,75,23648.05,450,150,976650
NIFTY-II.NFO,10/02/2025,09:36:53,23645,23642.95,75,23649,75,75,976650
NIFTY-II.NFO,10/02/2025,09:36:55,23645,23643,75,23648.1,300,0,976650
NIFTY-II.NFO,10/02/2025,09:36:57,23646.65,23643,75,23646.85,150,450,976650
NIFTY-II.NFO,10/02/2025,09:36:58,23646.65,23643,75,23646.25,150,0,976650
NIFTY-II.NFO,10/02/2025,09:37:00,23646.65,23643,75,23645.05,150,0,976650
NIFTY-II.NFO,10/02/2025,09:37:02,23643,23642.95,75,23645.85,225,75,976650
NIFTY-II.NFO,10/02/2025,09:37:03,23643,23642.95,75,23645.85,225,0,976650
NIFTY-II.NFO,10/02/2025,09:37:05,23643,23642.95,75,23645.05,225,0,976650
NIFTY-II.NFO,10/02/2025,09:37:07,23644.4,23642.95,75,23644.4,150,225,976650
NIFTY-II.NFO,10/02/2025,09:37:08,23644.4,23642.95,75,23647.3,150,0,976650
NIFTY-II.NFO,10/02/2025,09:37:10,23644.4,23642.95,75,23647.75,300,0,976650
NIFTY-II.NFO,10/02/2025,09:37:12,23644.4,23643.4,300,23649,75,0,976650
NIFTY-II.NFO,10/02/2025,09:37:13,23644.4,23643,300,23649,75,0,976650
NIFTY-II.NFO,10/02/2025,09:37:15,23644.4,23643.2,300,23649,75,0,976650
NIFTY-II.NFO,10/02/2025,09:37:17,23644.4,23644.75,300,23649,75,0,976650
NIFTY-II.NFO,10/02/2025,09:37:18,23644.4,23646.4,300,23649,75,0,976650
NIFTY-II.NFO,10/02/2025,09:37:20,23649,23648.3,300,23650,75,75,976650
NIFTY-II.NFO,10/02/2025,09:37:22,23649,23646.45,375,23650,75,0,976650
NIFTY-II.NFO,10/02/2025,09:37:23,23649,23648.65,300,23650,75,0,976650
NIFTY-II.NFO,10/02/2025,09:37:25,23650,23650.05,300,23654.95,225,75,976650
NIFTY-II.NFO,10/02/2025,09:37:27,23650,23650,75,23654.8,225,0,976650
NIFTY-II.NFO,10/02/2025,09:37:28,23650,23650,75,23653.85,225,0,976650
NIFTY-II.NFO,10/02/2025,09:37:30,23650,23650,75,23653.2,225,0,976650
NIFTY-II.NFO,10/02/2025,09:37:32,23650,23650,75,23653.25,300,0,976650
NIFTY-II.NFO,10/02/2025,09:37:33,23650,23650,75,23652.4,675,0,976650
NIFTY-II.NFO,10/02/2025,09:37:35,23650,23650,75,23653.6,300,0,976650
NIFTY-II.NFO,10/02/2025,09:37:37,23650,23646.05,450,23653.6,300,75,976650
NIFTY-II.NFO,10/02/2025,09:37:38,23650,23645,300,23652,675,0,976650
NIFTY-II.NFO,10/02/2025,09:37:40,23650,23645.1,375,23653.15,375,0,976650
NIFTY-II.NFO,10/02/2025,09:37:42,23650,23650,75,23651.95,675,0,976650
NIFTY-II.NFO,10/02/2025,09:37:43,23650,23650,750,23651.15,300,75,976650
NIFTY-II.NFO,10/02/2025,09:37:45,23650,23650,675,23651.4,150,75,976650
NIFTY-II.NFO,10/02/2025,09:37:47,23651.3,23650,675,23651.7,300,75,976650
NIFTY-II.NFO,10/02/2025,09:37:48,23651.3,23650,675,23652.65,375,0,976650
NIFTY-II.NFO,10/02/2025,09:37:50,23650,23650,600,23653.55,675,75,976650
NIFTY-II.NFO,10/02/2025,09:37:52,23650,23650,600,23655,75,0,976650
NIFTY-II.NFO,10/02/2025,09:37:53,23650,23650,675,23655.3,300,0,976650
NIFTY-II.NFO,10/02/2025,09:37:55,23650,23650,675,23656.35,75,0,976650
NIFTY-II.NFO,10/02/2025,09:37:57,23650,23650,825,23656.25,150,0,976650
NIFTY-II.NFO,10/02/2025,09:37:58,23650,23650.05,300,23656.25,450,0,976650
NIFTY-II.NFO,10/02/2025,09:38:00,23650,23650,825,23655.1,375,0,976650
NIFTY-II.NFO,10/02/2025,09:38:02,23650,23650,825,23655.3,150,0,976650
NIFTY-II.NFO,10/02/2025,09:38:03,23650,23650,825,23654.6,375,0,976650
NIFTY-II.NFO,10/02/2025,09:38:05,23650,23650,750,23653.15,150,75,976650
NIFTY-II.NFO,10/02/2025,09:38:07,23650.2,23650,150,23650.85,300,675,976650
NIFTY-II.NFO,10/02/2025,09:38:08,23650.2,23650,225,23653.8,600,0,976650
NIFTY-II.NFO,10/02/2025,09:38:10,23650.2,23650,225,23651.85,300,0,976650
NIFTY-II.NFO,10/02/2025,09:38:12,23651.35,23650,300,23651.85,300,75,976650
NIFTY-II.NFO,10/02/2025,09:38:13,23651.35,23650,300,23653.25,150,0,976650
NIFTY-II.NFO,10/02/2025,09:38:15,23651.35,23650,300,23652.7,150,0,976650
NIFTY-II.NFO,10/02/2025,09:38:17,23651.35,23650,225,23652.7,150,0,976650
NIFTY-II.NFO,10/02/2025,09:38:18,23651.35,23650,150,23653.25,300,0,976650
NIFTY-II.NFO,10/02/2025,09:38:20,23651.35,23650,150,23652,225,0,976650
NIFTY-II.NFO,10/02/2025,09:38:22,23651.35,23650,150,23650.45,150,0,976650
NIFTY-II.NFO,10/02/2025,09:38:23,23650,23647.2,75,23649.15,225,150,976650
NIFTY-II.NFO,10/02/2025,09:38:25,23650,23647.2,75,23649.55,150,0,976650
NIFTY-II.NFO,10/02/2025,09:38:27,23650,23647.2,75,23648.3,225,0,976650
NIFTY-II.NFO,10/02/2025,09:38:28,23650,23647.2,75,23648.95,300,0,976650
NIFTY-II.NFO,10/02/2025,09:38:30,23648.95,23647.2,75,23650.85,225,150,976650
NIFTY-II.NFO,10/02/2025,09:38:32,23648.95,23647.2,75,23651.35,225,0,976650
NIFTY-II.NFO,10/02/2025,09:38:33,23648.95,23648.95,75,23652,150,0,976650
NIFTY-II.NFO,10/02/2025,09:38:35,23650.9,23648.95,75,23651.15,150,300,976650
NIFTY-II.NFO,10/02/2025,09:38:37,23649.95,23645.1,600,23650,75,225,976650
NIFTY-II.NFO,10/02/2025,09:38:38,23649.95,23645.15,300,23650,75,0,976650
NIFTY-II.NFO,10/02/2025,09:38:40,23649.95,23645.15,300,23649.95,75,0,976650
NIFTY-II.NFO,10/02/2025,09:38:43,23649.95,23645.1,600,23648.7,375,0,976650
NIFTY-II.NFO,10/02/2025,09:38:45,23649.95,23645.1,600,23648.55,150,0,976650
NIFTY-II.NFO,10/02/2025,09:38:47,23649.95,23645.1,600,23647.4,375,0,976650
NIFTY-II.NFO,10/02/2025,09:38:50,23649.95,23645.1,600,23646.65,375,0,976650
NIFTY-II.NFO,10/02/2025,09:38:52,23649.95,23645.1,600,23647.55,375,0,976650
NIFTY-II.NFO,10/02/2025,09:38:53,23647.55,23645.1,600,23646.35,150,75,976650
NIFTY-II.NFO,10/02/2025,09:38:55,23647.55,23645.1,600,23646.7,300,0,976650
NIFTY-II.NFO,10/02/2025,09:38:57,23647.55,23645.1,600,23645.9,150,0,976650
NIFTY-II.NFO,10/02/2025,09:38:58,23647.55,23645.1,600,23646,300,0,976650
NIFTY-II.NFO,10/02/2025,09:39:00,23647.55,23645.1,600,23647.35,300,0,976650
NIFTY-II.NFO,10/02/2025,09:39:02,23647.55,23645.1,600,23646.7,300,0,976650
NIFTY-II.NFO,10/02/2025,09:39:03,23645.1,23645.1,225,23645.3,375,375,976650
NIFTY-II.NFO,10/02/2025,09:39:05,23645.1,23643,75,23645.8,300,225,976650
NIFTY-II.NFO,10/02/2025,09:39:07,23645.1,23643,75,23645.85,300,0,976650
NIFTY-II.NFO,10/02/2025,09:39:08,23645.1,23643,75,23646.3,150,0,976650
NIFTY-II.NFO,10/02/2025,09:39:10,23645.1,23645,75,23646.05,300,0,976650
NIFTY-II.NFO,10/02/2025,09:39:12,23645,23643,75,23645,225,75,976650
NIFTY-II.NFO,10/02/2025,09:39:13,23645,23643,75,23644.6,150,0,976650
NIFTY-II.NFO,10/02/2025,09:39:15,23645,23643,75,23644.35,225,0,976650
NIFTY-II.NFO,10/02/2025,09:39:17,23643,23642.95,75,23643,150,75,976650
NIFTY-II.NFO,10/02/2025,09:39:18,23642.95,23640.05,300,23643,150,75,976650
NIFTY-II.NFO,10/02/2025,09:39:20,23642.95,23640.75,300,23643,150,0,976650
NIFTY-II.NFO,10/02/2025,09:39:22,23640.05,23640.05,300,23645,75,150,976650
NIFTY-II.NFO,10/02/2025,09:39:23,23640.05,23640.3,300,23642.95,75,0,976650
NIFTY-II.NFO,10/02/2025,09:39:25,23640.05,23640.5,300,23642.95,75,0,976650
NIFTY-II.NFO,10/02/2025,09:39:27,23640.05,23641.2,300,23642.95,75,0,976650
NIFTY-II.NFO,10/02/2025,09:39:28,23640.35,23640.05,300,23642.95,75,75,976650
NIFTY-II.NFO,10/02/2025,09:39:30,23640.35,23640.05,300,23642.95,75,0,976650
NIFTY-II.NFO,10/02/2025,09:39:32,23640.35,23640.4,300,23642.95,75,0,976650
NIFTY-II.NFO,10/02/2025,09:39:33,23640.35,23640.05,300,23642.95,75,0,976650
NIFTY-II.NFO,10/02/2025,09:39:37,23640.35,23640.85,300,23642.95,75,0,976650
NIFTY-II.NFO,10/02/2025,09:39:38,23640.35,23640,675,23642.95,75,0,976650
NIFTY-II.NFO,10/02/2025,09:39:40,23640,23640.05,300,23645,75,75,979350
NIFTY-II.NFO,10/02/2025,09:39:42,23640,23640.05,300,23645,75,0,979350
NIFTY-II.NFO,10/02/2025,09:39:43,23640,23640,600,23644.95,150,0,979350
NIFTY-II.NFO,10/02/2025,09:39:45,23640,23640,600,23644.35,225,0,979350
NIFTY-II.NFO,10/02/2025,09:39:47,23640,23640,600,23643.75,375,0,979350
NIFTY-II.NFO,10/02/2025,09:39:48,23640,23640,600,23642.45,225,0,979350
NIFTY-II.NFO,10/02/2025,09:39:52,23640,23640,600,23642.95,150,0,979350
NIFTY-II.NFO,10/02/2025,09:39:53,23640,23640,600,23642.85,225,0,979350
NIFTY-II.NFO,10/02/2025,09:39:55,23643,23640,600,23644.2,150,300,979350
NIFTY-II.NFO,10/02/2025,09:39:57,23643,23640,600,23643.8,150,0,979350
NIFTY-II.NFO,10/02/2025,09:39:58,23640,23640,375,23642.2,150,300,979350
NIFTY-II.NFO,10/02/2025,09:40:00,23640,23640,375,23640.95,150,0,979350
NIFTY-II.NFO,10/02/2025,09:40:02,23640,23638.15,75,23639.5,150,375,979350
NIFTY-II.NFO,10/02/2025,09:40:03,23641.3,23638.15,75,23642.05,675,450,979350
NIFTY-II.NFO,10/02/2025,09:40:05,23640,23638.15,75,23641.55,375,75,979350
NIFTY-II.NFO,10/02/2025,09:40:07,23640,23638.15,75,23641.65,300,0,979350
NIFTY-II.NFO,10/02/2025,09:40:08,23640,23638.15,75,23642.25,300,0,979350
NIFTY-II.NFO,10/02/2025,09:40:10,23638.15,23639,150,23641.55,300,75,979350
NIFTY-II.NFO,10/02/2025,09:40:12,23638.15,23639,150,23642.1,300,0,979350
NIFTY-II.NFO,10/02/2025,09:40:15,23638.15,23639,150,23641.45,300,0,979350
NIFTY-II.NFO,10/02/2025,09:40:18,23638.15,23639,150,23642.1,375,0,979350
NIFTY-II.NFO,10/02/2025,09:40:20,23638.15,23639,150,23641.5,300,0,979350
NIFTY-II.NFO,10/02/2025,09:40:22,23637,23636,75,23639.3,300,225,979350
NIFTY-II.NFO,10/02/2025,09:40:23,23637,23636,75,23640,75,0,979350
NIFTY-II.NFO,10/02/2025,09:40:27,23636,23635,300,23637.95,75,75,979350
NIFTY-II.NFO,10/02/2025,09:40:28,23636,23635.7,300,23640,75,0,979350
NIFTY-II.NFO,10/02/2025,09:40:30,23636,23636.3,300,23640,75,0,979350
NIFTY-II.NFO,10/02/2025,09:40:32,23636,23635.1,300,23640,75,0,979350
NIFTY-II.NFO,10/02/2025,09:40:33,23636,23636.7,300,23639,75,0,979350
NIFTY-II.NFO,10/02/2025,09:40:35,23635.2,23635.2,450,23639,75,75,979350
NIFTY-II.NFO,10/02/2025,09:40:36,23635.2,23637,300,23642.95,75,0,979350
NIFTY-II.NFO,10/02/2025,09:40:38,23635.2,23636.1,300,23642.8,75,0,979350
NIFTY-II.NFO,10/02/2025,09:40:40,23638,23636.05,300,23641.95,75,75,979350
NIFTY-II.NFO,10/02/2025,09:40:41,23638,23636.2,300,23642.7,75,0,979350
NIFTY-II.NFO,10/02/2025,09:40:43,23638,23636.05,300,23642.45,300,0,979350
NIFTY-II.NFO,10/02/2025,09:40:45,23638,23636.05,300,23642.4,300,0,979350
NIFTY-II.NFO,10/02/2025,09:40:46,23638,23636,225,23641.35,300,0,979350
NIFTY-II.NFO,10/02/2025,09:40:48,23638,23636.05,300,23642.8,300,0,979350
NIFTY-II.NFO,10/02/2025,09:40:50,23643.7,23637.35,300,23643.95,75,900,979350
NIFTY-II.NFO,10/02/2025,09:40:51,23643.7,23638.35,300,23645,75,0,979350
NIFTY-II.NFO,10/02/2025,09:40:53,23643.7,23638.45,300,23644.95,75,0,979350
NIFTY-II.NFO,10/02/2025,09:40:55,23643.7,23636.9,300,23643.85,225,0,979350
NIFTY-II.NFO,10/02/2025,09:40:57,23643.7,23641.05,300,23645,150,0,979350
NIFTY-II.NFO,10/02/2025,09:40:58,23643.7,23640.55,150,23645,225,0,979350
NIFTY-II.NFO,10/02/2025,09:41:00,23643.7,23640.65,150,23645,375,0,979350
NIFTY-II.NFO,10/02/2025,09:41:02,23645,23640.3,150,23645,225,225,979350
NIFTY-II.NFO,10/02/2025,09:41:03,23645,23640.1,150,23645,375,0,979350
NIFTY-II.NFO,10/02/2025,09:41:05,23641,23639.45,150,23644.95,225,75,979350
NIFTY-II.NFO,10/02/2025,09:41:07,23641,23639.8,150,23644.95,225,0,979350
NIFTY-II.NFO,10/02/2025,09:41:08,23641,23638,300,23644.6,225,0,979350
NIFTY-II.NFO,10/02/2025,09:41:10,23641,23638,300,23642.65,375,0,979350
NIFTY-II.NFO,10/02/2025,09:41:12,23641,23638.2,150,23645,450,0,979350
NIFTY-II.NFO,10/02/2025,09:41:13,23641,23638,300,23641,150,0,979350
NIFTY-II.NFO,10/02/2025,09:41:15,23638,23638,225,23640.8,375,75,979350
NIFTY-II.NFO,10/02/2025,09:41:16,23641,23638,225,23641,75,75,979350
NIFTY-II.NFO,10/02/2025,09:41:18,23641,23638,225,23640.3,150,0,979350
NIFTY-II.NFO,10/02/2025,09:41:20,23641,23638,225,23640.5,75,0,979350
NIFTY-II.NFO,10/02/2025,09:41:21,23636,23636,150,23641,150,300,979350
NIFTY-II.NFO,10/02/2025,09:41:23,23636,23636,75,23641,75,75,979350
NIFTY-II.NFO,10/02/2025,09:41:25,23636,23636.5,450,23641,75,0,979350
NIFTY-II.NFO,10/02/2025,09:41:26,23642.9,23636.25,300,23643.15,75,150,979350
NIFTY-II.NFO,10/02/2025,09:41:28,23636.5,23636,75,23642.9,75,75,979350
NIFTY-II.NFO,10/02/2025,09:41:30,23636.5,23636.1,300,23643.3,75,0,979350
NIFTY-II.NFO,10/02/2025,09:41:31,23636.5,23636.6,300,23643.3,150,0,979350
NIFTY-II.NFO,10/02/2025,09:41:33,23643.3,23636.1,300,23642.95,75,150,979350
NIFTY-II.NFO,10/02/2025,09:41:35,23643.3,23636.05,300,23642.95,75,0,979350
NIFTY-II.NFO,10/02/2025,09:41:36,23643.3,23636.5,300,23642.95,75,0,979350
NIFTY-II.NFO,10/02/2025,09:41:38,23643.3,23636,75,23641.25,375,0,979350
NIFTY-II.NFO,10/02/2025,09:41:40,23643.3,23636,75,23640.6,375,0,979350
NIFTY-II.NFO,10/02/2025,09:41:41,23643.3,23636,75,23640.3,1125,0,979350
NIFTY-II.NFO,10/02/2025,09:41:43,23640.3,23636,75,23640.95,75,600,979350
NIFTY-II.NFO,10/02/2025,09:41:45,23640.3,23636,75,23641.95,225,0,979350
NIFTY-II.NFO,10/02/2025,09:41:46,23640.3,23636,75,23641.95,300,0,979350
NIFTY-II.NFO,10/02/2025,09:41:48,23640.3,23636,75,23640.1,750,0,979350
NIFTY-II.NFO,10/02/2025,09:41:50,23640.3,23636,75,23641.9,750,0,979350
NIFTY-II.NFO,10/02/2025,09:41:51,23640.3,23636,75,23640.3,75,150,979350
NIFTY-II.NFO,10/02/2025,09:41:53,23640.3,23636,75,23640.3,75,0,979350
NIFTY-II.NFO,10/02/2025,09:41:55,23640.3,23636.05,300,23640.3,75,0,979350
NIFTY-II.NFO,10/02/2025,09:41:56,23636.05,23636.05,300,23640.3,75,75,979350
NIFTY-II.NFO,10/02/2025,09:41:58,23636.05,23636,75,23640.3,75,0,979350
NIFTY-II.NFO,10/02/2025,09:42:00,23636.05,23636,75,23639.95,75,0,979350
NIFTY-II.NFO,10/02/2025,09:42:03,23636,23635,225,23639.4,150,75,979350
NIFTY-II.NFO,10/02/2025,09:42:05,23635,23635,150,23639.8,150,75,979350
NIFTY-II.NFO,10/02/2025,09:42:06,23635,23635,150,23639.95,75,0,979350
NIFTY-II.NFO,10/02/2025,09:42:08,23635,23635,75,23638.85,900,75,979350
NIFTY-II.NFO,10/02/2025,09:42:10,23635,23635,75,23639.3,75,0,979350
NIFTY-II.NFO,10/02/2025,09:42:11,23635,23635,75,23639.7,75,0,979350
NIFTY-II.NFO,10/02/2025,09:42:13,23635,23635,375,23639.35,75,0,979350
NIFTY-II.NFO,10/02/2025,09:42:15,23635,23635,375,23639.7,75,0,979350
NIFTY-II.NFO,10/02/2025,09:42:16,23635,23635,375,23639.95,75,0,979350
NIFTY-II.NFO,10/02/2025,09:42:20,23635,23635,375,23640,300,0,979350
NIFTY-II.NFO,10/02/2025,09:42:21,23635,23635,375,23638,150,0,979350
NIFTY-II.NFO,10/02/2025,09:42:23,23635,23635,300,23637.95,75,75,979350
NIFTY-II.NFO,10/02/2025,09:42:25,23634.15,23634.15,150,23635.1,75,450,979350
NIFTY-II.NFO,10/02/2025,09:42:26,23630.5,23630,450,23634.2,150,375,979350
NIFTY-II.NFO,10/02/2025,09:42:26,23630.5,23630,450,23634.2,150,0,979350
NIFTY-II.NFO,10/02/2025,09:42:28,23628.55,23627,75,23630.45,75,600,979350
NIFTY-II.NFO,10/02/2025,09:42:28,23628.55,23627,75,23630.45,75,0,979350
NIFTY-II.NFO,10/02/2025,09:42:30,23632.5,23627.85,375,23636.9,225,75,979350
NIFTY-II.NFO,10/02/2025,09:42:31,23632.5,23630,300,23636.9,150,0,979350
NIFTY-II.NFO,10/02/2025,09:42:33,23635.95,23630,450,23636.85,75,75,982425
NIFTY-II.NFO,10/02/2025,09:42:35,23630.5,23630.5,300,23636.85,75,150,982425
NIFTY-II.NFO,10/02/2025,09:42:36,23630.5,23631.9,300,23638,225,0,982425
NIFTY-II.NFO,10/02/2025,09:42:38,23630.5,23629.1,450,23635,75,0,982425
NIFTY-II.NFO,10/02/2025,09:42:40,23635,23629.55,375,23635.95,75,75,982425
NIFTY-II.NFO,10/02/2025,09:42:41,23635,23630.3,375,23636.95,75,0,982425
NIFTY-II.NFO,10/02/2025,09:42:43,23635,23631.05,300,23637.95,75,0,982425
NIFTY-II.NFO,10/02/2025,09:42:45,23635,23630.35,450,23636.95,75,0,982425
NIFTY-II.NFO,10/02/2025,09:42:46,23635,23631,150,23635.7,150,0,982425
NIFTY-II.NFO,10/02/2025,09:42:48,23635.05,23635,75,23635.1,150,225,982425
NIFTY-II.NFO,10/02/2025,09:42:50,23635,23631,150,23634.5,375,75,982425
NIFTY-II.NFO,10/02/2025,09:42:51,23635,23631,150,23631.2,375,0,982425
NIFTY-II.NFO,10/02/2025,09:42:53,23627.35,23627.05,300,23633.7,150,300,982425
NIFTY-II.NFO,10/02/2025,09:42:53,23627.35,23627.05,300,23633.7,150,0,982425
NIFTY-II.NFO,10/02/2025,09:42:55,23627.35,23627.05,300,23633.9,150,0,982425
NIFTY-II.NFO,10/02/2025,09:42:56,23633.9,23627.15,300,23630,75,75,982425
NIFTY-II.NFO,10/02/2025,09:42:58,23630,23627.4,375,23633.65,75,375,982425
NIFTY-II.NFO,10/02/2025,09:42:58,23627.05,23627.4,375,23633.65,75,0,982425
NIFTY-II.NFO,10/02/2025,09:43:00,23630,23630,75,23633.45,75,0,982425
NIFTY-II.NFO,10/02/2025,09:43:01,23630,23627.65,225,23630,225,75,982425
NIFTY-II.NFO,10/02/2025,09:43:03,23630,23627.05,225,23630,225,0,982425
NIFTY-II.NFO,10/02/2025,09:43:05,23630,23628.5,225,23630,225,0,982425
NIFTY-II.NFO,10/02/2025,09:43:06,23630,23627.35,225,23630,225,0,982425
NIFTY-II.NFO,10/02/2025,09:43:08,23630,23627,75,23630,225,0,982425
NIFTY-II.NFO,10/02/2025,09:43:10,23630,23627,75,23630,75,150,982425
NIFTY-II.NFO,10/02/2025,09:43:11,23630,23627,75,23630,75,0,982425
NIFTY-II.NFO,10/02/2025,09:43:16,23630,23627,75,23629.95,75,0,982425
NIFTY-II.NFO,10/02/2025,09:43:19,23630,23627,75,23629.9,75,0,982425
NIFTY-II.NFO,10/02/2025,09:43:21,23625,23625,525,23629,75,150,982425
NIFTY-II.NFO,10/02/2025,09:43:21,23625,23625,525,23629,75,0,982425
NIFTY-II.NFO,10/02/2025,09:43:23,23630.65,23625,525,23629.6,225,675,982425
NIFTY-II.NFO,10/02/2025,09:43:24,23623.45,23623,75,23626.6,75,675,982425
NIFTY-II.NFO,10/02/2025,09:43:24,23623.45,23623,75,23626.6,75,0,982425
NIFTY-II.NFO,10/02/2025,09:43:26,23623.45,23625,75,23627.05,75,0,982425
NIFTY-II.NFO,10/02/2025,09:43:28,23623.45,23625,75,23629.45,375,0,982425
NIFTY-II.NFO,10/02/2025,09:43:29,23623.45,23625,75,23629.95,75,0,982425
NIFTY-II.NFO,10/02/2025,09:43:31,23623.45,23626.9,150,23629.95,75,0,982425
NIFTY-II.NFO,10/02/2025,09:43:33,23623.45,23626.3,300,23629.95,75,0,982425
NIFTY-II.NFO,10/02/2025,09:43:34,23623.45,23625,75,23629.95,75,0,982425
NIFTY-II.NFO,10/02/2025,09:43:36,23630,23625.2,75,23630,150,150,982425
NIFTY-II.NFO,10/02/2025,09:43:38,23625.2,23625,75,23628.4,150,75,982425
NIFTY-II.NFO,10/02/2025,09:43:39,23625.2,23625,75,23628.45,375,0,982425
NIFTY-II.NFO,10/02/2025,09:43:41,23628.35,23625,75,23628.45,750,75,982425
NIFTY-II.NFO,10/02/2025,09:43:43,23623.45,23623,75,23628.45,375,150,982425
NIFTY-II.NFO,10/02/2025,09:43:44,23623.45,23623.7,150,23629.95,75,0,982425
NIFTY-II.NFO,10/02/2025,09:43:46,23623.45,23625.2,75,23629.95,75,0,982425
NIFTY-II.NFO,10/02/2025,09:43:49,23623.85,23623.5,150,23629.95,75,2100,982425
NIFTY-II.NFO,10/02/2025,09:43:49,23620.2,23623.5,150,23629.95,75,0,982425
NIFTY-II.NFO,10/02/2025,09:43:51,23623.85,23624.1,150,23630,900,0,982425
NIFTY-II.NFO,10/02/2025,09:43:53,23625.2,23624.65,150,23630,900,75,982425
NIFTY-II.NFO,10/02/2025,09:43:54,23625.2,23624.8,150,23630,900,0,982425
NIFTY-II.NFO,10/02/2025,09:43:56,23625.2,23622.75,300,23625,75,0,982425
NIFTY-II.NFO,10/02/2025,09:43:58,23625,23625.2,900,23629.85,300,75,982425
NIFTY-II.NFO,10/02/2025,09:43:59,23625.2,23625.2,825,23629.15,300,75,982425
NIFTY-II.NFO,10/02/2025,09:44:01,23625.2,23625.2,675,23628.3,300,150,982425
NIFTY-II.NFO,10/02/2025,09:44:03,23625.2,23625.2,675,23629.05,300,75,982425
NIFTY-II.NFO,10/02/2025,09:44:04,23625.2,23625.2,600,23627.75,300,75,982425
NIFTY-II.NFO,10/02/2025,09:44:06,23625.2,23625.2,600,23627.8,300,0,982425
NIFTY-II.NFO,10/02/2025,09:44:08,23625.2,23625.2,450,23627.3,300,225,982425
NIFTY-II.NFO,10/02/2025,09:44:09,23625.2,23625.2,375,23628.25,300,75,982425
NIFTY-II.NFO,10/02/2025,09:44:11,23628.25,23625.2,300,23628.25,300,150,982425
NIFTY-II.NFO,10/02/2025,09:44:13,23625.2,23622.35,375,23625.2,375,300,982425
NIFTY-II.NFO,10/02/2025,09:44:14,23625.2,23623.15,225,23625.2,300,75,982425
NIFTY-II.NFO,10/02/2025,09:44:16,23625.2,23623.1,225,23625,150,0,982425
NIFTY-II.NFO,10/02/2025,09:44:17,23625.2,23622.85,225,23625,150,0,982425
NIFTY-II.NFO,10/02/2025,09:44:19,23625.2,23623.85,150,23625,150,0,982425
NIFTY-II.NFO,10/02/2025,09:44:21,23625,23621.95,375,23625,150,75,982425
NIFTY-II.NFO,10/02/2025,09:44:22,23625,23622.4,225,23625,75,75,982425
NIFTY-II.NFO,10/02/2025,09:44:24,23625,23620.1,75,23625,75,0,982425
NIFTY-II.NFO,10/02/2025,09:44:26,23625,23621.65,375,23625,75,0,982425
NIFTY-II.NFO,10/02/2025,09:44:27,23622.85,23622.6,150,23625,75,75,982425
NIFTY-II.NFO,10/02/2025,09:44:29,23622.85,23623.95,150,23625,75,0,982425
NIFTY-II.NFO,10/02/2025,09:44:30,23622.85,23622.55,150,23625,75,0,982425
NIFTY-II.NFO,10/02/2025,09:44:32,23622.85,23622,150,23624,75,0,982425
NIFTY-II.NFO,10/02/2025,09:44:34,23622.85,23622.7,150,23624,75,0,982425
NIFTY-II.NFO,10/02/2025,09:44:35,23622.85,23623,75,23624,75,0,982425
NIFTY-II.NFO,10/02/2025,09:44:37,23624,23623.65,525,23625.2,300,150,982425
NIFTY-II.NFO,10/02/2025,09:44:39,23624,23623.45,375,23625.2,300,0,982425
NIFTY-II.NFO,10/02/2025,09:44:40,23625.2,23622.1,150,23625.2,225,75,982425
NIFTY-II.NFO,10/02/2025,09:44:42,23622.3,23623.15,150,23625.2,225,150,982425
NIFTY-II.NFO,10/02/2025,09:44:43,23625.2,23625.05,150,23630.45,225,225,982425
NIFTY-II.NFO,10/02/2025,09:44:45,23624.25,23625.9,225,23631.4,225,75,982425
NIFTY-II.NFO,10/02/2025,09:44:47,23629.95,23625,225,23630.6,300,75,982425
NIFTY-II.NFO,10/02/2025,09:44:48,23629.95,23624.95,150,23631.8,300,0,982425
NIFTY-II.NFO,10/02/2025,09:44:50,23629.95,23623.95,150,23630.6,300,0,982425
NIFTY-II.NFO,10/02/2025,09:44:52,23629.95,23623.35,150,23624.8,75,0,982425
NIFTY-II.NFO,10/02/2025,09:44:53,23629.95,23624.05,225,23624.8,75,0,982425
NIFTY-II.NFO,10/02/2025,09:44:55,23624.8,23624.85,225,23629.9,225,75,982425
NIFTY-II.NFO,10/02/2025,09:44:56,23624.8,23625,150,23630.4,225,0,982425
NIFTY-II.NFO,10/02/2025,09:44:58,23624.8,23625.15,225,23630.65,225,0,982425
NIFTY-II.NFO,10/02/2025,09:45:00,23624.8,23623,75,23629.05,375,0,982425
NIFTY-II.NFO,10/02/2025,09:45:01,23629.15,23623,75,23629.15,525,75,982425
NIFTY-II.NFO,10/02/2025,09:45:03,23629.15,23623,75,23627.95,450,0,982425
NIFTY-II.NFO,10/02/2025,09:45:05,23628.8,23623,75,23628.8,300,75,982425
NIFTY-II.NFO,10/02/2025,09:45:06,23628.8,23623,75,23629.55,450,0,982425
NIFTY-II.NFO,10/02/2025,09:45:08,23628.8,23623.05,150,23629.9,225,0,982425
NIFTY-II.NFO,10/02/2025,09:45:10,23628.8,23623.65,150,23630.5,225,0,982425
NIFTY-II.NFO,10/02/2025,09:45:11,23628.8,23626,225,23632.55,225,0,982425
NIFTY-II.NFO,10/02/2025,09:45:13,23628.8,23626.6,150,23632.6,225,0,982425
NIFTY-II.NFO,10/02/2025,09:45:14,23628.8,23627,225,23634.15,225,0,982425
NIFTY-II.NFO,10/02/2025,09:45:16,23628.8,23627.9,225,23634.65,300,525,982425
NIFTY-II.NFO,10/02/2025,09:45:18,23634.65,23629.9,225,23637.45,75,150,982425
NIFTY-II.NFO,10/02/2025,09:45:19,23634.65,23628.9,300,23635.95,75,0,982425
NIFTY-II.NFO,10/02/2025,09:45:21,23634.65,23626.65,150,23634.95,150,0,982425
NIFTY-II.NFO,10/02/2025,09:45:23,23634.65,23625.95,150,23632.95,75,0,982425
NIFTY-II.NFO,10/02/2025,09:45:24,23624.25,23624.25,75,23631.9,375,600,982425
NIFTY-II.NFO,10/02/2025,09:45:26,23630.9,23623.2,300,23630.9,375,75,982425
NIFTY-II.NFO,10/02/2025,09:45:28,23630.9,23623.4,150,23628.05,75,0,982425
NIFTY-II.NFO,10/02/2025,09:45:29,23630.9,23626.4,300,23628.05,75,0,982425
NIFTY-II.NFO,10/02/2025,09:45:31,23628.05,23625.3,300,23630.9,75,75,982425
NIFTY-II.NFO,10/02/2025,09:45:33,23628.05,23626.4,300,23630.9,75,0,982425
NIFTY-II.NFO,10/02/2025,09:45:34,23628.05,23627.75,300,23630.9,75,0,982425
NIFTY-II.NFO,10/02/2025,09:45:36,23628.05,23628.15,450,23630.9,75,0,982425
NIFTY-II.NFO,10/02/2025,09:45:38,23630.9,23630.15,300,23637.35,300,150,985125
NIFTY-II.NFO,10/02/2025,09:45:39,23631.15,23631.15,375,23637.65,300,75,985125
NIFTY-II.NFO,10/02/2025,09:45:41,23637.5,23633.85,150,23639.95,300,75,985125
NIFTY-II.NFO,10/02/2025,09:45:43,23636.9,23633.75,225,23640,525,75,985125
NIFTY-II.NFO,10/02/2025,09:45:44,23636.9,23633,225,23640,525,0,985125
NIFTY-II.NFO,10/02/2025,09:45:46,23636.85,23635,75,23639.85,300,75,985125
NIFTY-II.NFO,10/02/2025,09:45:48,23636.85,23635,75,23639.95,300,0,985125
NIFTY-II.NFO,10/02/2025,09:45:49,23636.85,23635,75,23639.95,525,0,985125
NIFTY-II.NFO,10/02/2025,09:45:51,23636.85,23635,75,23638.3,525,0,985125
NIFTY-II.NFO,10/02/2025,09:45:53,23635,23629.95,225,23637.95,600,150,985125
NIFTY-II.NFO,10/02/2025,09:45:54,23635,23631,375,23636.85,75,0,985125
NIFTY-II.NFO,10/02/2025,09:45:56,23635,23630.15,225,23636.8,300,0,985125
NIFTY-II.NFO,10/02/2025,09:45:58,23635,23628.6,225,23636.8,375,0,985125
NIFTY-II.NFO,10/02/2025,09:45:59,23635,23630,75,23636.45,450,0,985125
NIFTY-II.NFO,10/02/2025,09:46:01,23635,23630,150,23633.7,525,0,985125
NIFTY-II.NFO,10/02/2025,09:46:03,23635,23630,150,23633.7,300,0,985125
NIFTY-II.NFO,10/02/2025,09:46:04,23630,23628.05,75,23632.4,375,150,985125
NIFTY-II.NFO,10/02/2025,09:46:06,23630,23628.05,75,23631.8,300,0,985125
NIFTY-II.NFO,10/02/2025,09:46:08,23630,23628.05,75,23632.2,375,0,985125
NIFTY-II.NFO,10/02/2025,09:46:09,23630,23628.05,75,23632.5,300,0,985125
NIFTY-II.NFO,10/02/2025,09:46:11,23630,23628.05,75,23633,75,0,985125
NIFTY-II.NFO,10/02/2025,09:46:13,23630,23628.05,75,23632.8,75,0,985125
NIFTY-II.NFO,10/02/2025,09:46:14,23630,23628.05,75,23632.9,75,0,985125
NIFTY-II.NFO,10/02/2025,09:46:16,23630,23628.6,150,23634.65,300,0,985125
NIFTY-II.NFO,10/02/2025,09:46:18,23634.65,23628.45,300,23635.9,225,150,985125
NIFTY-II.NFO,10/02/2025,09:46:19,23634.65,23630,75,23636.3,300,0,985125
NIFTY-II.NFO,10/02/2025,09:46:21,23635.5,23630,75,23636.05,150,150,985125
NIFTY-II.NFO,10/02/2025,09:46:23,23635.5,23630,75,23635.45,300,0,985125
NIFTY-II.NFO,10/02/2025,09:46:24,23635.5,23630,75,23634.95,75,0,985125
NIFTY-II.NFO,10/02/2025,09:46:26,23630,23628.1,300,23630,75,75,985125
NIFTY-II.NFO,10/02/2025,09:46:28,23630,23630,150,23636.8,75,75,985125
NIFTY-II.NFO,10/02/2025,09:46:31,23630,23630,825,23636.8,75,0,985125
NIFTY-II.NFO,10/02/2025,09:46:33,23630,23631.4,150,23636.85,75,0,985125
NIFTY-II.NFO,10/02/2025,09:46:34,23630,23630,825,23636.8,150,0,985125
NIFTY-II.NFO,10/02/2025,09:46:36,23630,23630,825,23636.8,75,0,985125
NIFTY-II.NFO,10/02/2025,09:46:38,23630,23631.2,450,23636.85,75,0,985125
NIFTY-II.NFO,10/02/2025,09:46:39,23630,23630.4,150,23636.8,75,0,985125
NIFTY-II.NFO,10/02/2025,09:46:41,23636.8,23630.3,300,23636.85,75,75,985125
NIFTY-II.NFO,10/02/2025,09:46:43,23636.8,23630.4,300,23636.85,75,0,985125
NIFTY-II.NFO,10/02/2025,09:46:44,23636.8,23630.85,150,23636.85,75,0,985125
NIFTY-II.NFO,10/02/2025,09:46:46,23636.8,23630.8,150,23636.85,75,0,985125
NIFTY-II.NFO,10/02/2025,09:46:48,23636.8,23630.35,150,23636.85,75,0,985125
NIFTY-II.NFO,10/02/2025,09:46:49,23636.8,23630.05,300,23636.85,75,0,985125
NIFTY-II.NFO,10/02/2025,09:46:51,23636.8,23630.85,450,23636.85,75,0,985125
NIFTY-II.NFO,10/02/2025,09:46:53,23632.15,23632,300,23636.85,75,75,985125
NIFTY-II.NFO,10/02/2025,09:46:54,23632.15,23631.1,300,23636.85,75,0,985125
NIFTY-II.NFO,10/02/2025,09:46:56,23632.15,23632.15,300,23636.85,75,0,985125
NIFTY-II.NFO,10/02/2025,09:46:58,23632.05,23632.05,300,23636.85,75,150,985125
NIFTY-II.NFO,10/02/2025,09:46:59,23632.05,23630.8,300,23636.85,75,0,985125
NIFTY-II.NFO,10/02/2025,09:47:01,23632.05,23630.4,300,23636.8,150,0,985125
NIFTY-II.NFO,10/02/2025,09:47:03,23632.05,23630.75,300,23636.85,75,0,985125
NIFTY-II.NFO,10/02/2025,09:47:04,23632.05,23631.75,300,23636.85,75,0,985125
NIFTY-II.NFO,10/02/2025,09:47:06,23632.05,23632.3,300,23636.85,75,0,985125
NIFTY-II.NFO,10/02/2025,09:47:08,23632.05,23632.15,75,23636.85,75,0,985125
NIFTY-II.NFO,10/02/2025,09:47:11,23632.05,23632.15,75,23636.7,150,0,985125
NIFTY-II.NFO,10/02/2025,09:47:12,23632.05,23632.15,75,23636.35,150,0,985125
NIFTY-II.NFO,10/02/2025,09:47:14,23632.05,23632.15,75,23636.8,225,0,985125
NIFTY-II.NFO,10/02/2025,09:47:16,23632.05,23632.15,75,23636.8,150,0,985125
NIFTY-II.NFO,10/02/2025,09:47:24,23632.05,23632.5,300,23636.85,75,0,985125
NIFTY-II.NFO,10/02/2025,09:47:25,23632.05,23633.2,150,23636.85,75,0,985125
NIFTY-II.NFO,10/02/2025,09:47:27,23632.05,23633.2,300,23636.85,75,0,985125
NIFTY-II.NFO,10/02/2025,09:47:29,23632.05,23634.65,300,23636.85,75,0,985125
NIFTY-II.NFO,10/02/2025,09:47:30,23636.85,23634,75,23639.95,150,75,985125
NIFTY-II.NFO,10/02/2025,09:47:32,23636.85,23634.05,300,23640,525,0,985125
NIFTY-II.NFO,10/02/2025,09:47:33,23636.85,23634,75,23639.95,150,0,985125
NIFTY-II.NFO,10/02/2025,09:47:35,23639.85,23632.8,300,23639.95,150,225,985125
NIFTY-II.NFO,10/02/2025,09:47:37,23639.85,23632.6,300,23639.95,150,0,985125
NIFTY-II.NFO,10/02/2025,09:47:38,23639.85,23633.5,450,23639.95,150,0,985125
NIFTY-II.NFO,10/02/2025,09:47:40,23639.85,23639.85,75,23639.95,150,0,985125
NIFTY-II.NFO,10/02/2025,09:47:43,23639.85,23639.85,75,23640,525,0,985125
NIFTY-II.NFO,10/02/2025,09:47:45,23639.85,23639.85,75,23639.95,150,0,985125
NIFTY-II.NFO,10/02/2025,09:47:48,23639.85,23633.55,300,23640,525,75,985125
NIFTY-II.NFO,10/02/2025,09:47:50,23639.85,23633.5,300,23640,525,0,985125
NIFTY-II.NFO,10/02/2025,09:47:51,23639.85,23633.75,450,23640,525,0,985125
NIFTY-II.NFO,10/02/2025,09:47:53,23639.85,23633.35,300,23640,525,0,985125
NIFTY-II.NFO,10/02/2025,09:47:55,23639.85,23635.9,450,23640,525,0,985125
NIFTY-II.NFO,10/02/2025,09:47:56,23639.85,23636.4,300,23640,525,0,985125
NIFTY-II.NFO,10/02/2025,09:47:58,23639.85,23636.7,300,23640,525,0,985125
NIFTY-II.NFO,10/02/2025,09:48:00,23640,23637.6,300,23640,450,225,985125
NIFTY-II.NFO,10/02/2025,09:48:01,23640,23637.3,300,23640,375,75,985125
NIFTY-II.NFO,10/02/2025,09:48:03,23640,23639.85,75,23640,375,0,985125
NIFTY-II.NFO,10/02/2025,09:48:04,23640,23639.85,75,23640,300,75,985125
NIFTY-II.NFO,10/02/2025,09:48:06,23639.85,23634.9,150,23640,225,75,985125
NIFTY-II.NFO,10/02/2025,09:48:08,23639.85,23635.75,750,23640,225,0,985125
NIFTY-II.NFO,10/02/2025,09:48:09,23640,23635.6,300,23640,75,150,985125
NIFTY-II.NFO,10/02/2025,09:48:11,23640,23635.5,750,23640,75,0,985125
NIFTY-II.NFO,10/02/2025,09:48:12,23640,23634.6,225,23640,75,0,985125
NIFTY-II.NFO,10/02/2025,09:48:14,23640,23634,750,23639.95,300,0,985125
NIFTY-II.NFO,10/02/2025,09:48:16,23640,23633.3,150,23639.95,300,0,985125
NIFTY-II.NFO,10/02/2025,09:48:17,23640,23634,750,23639.95,300,0,985125
NIFTY-II.NFO,10/02/2025,09:48:19,23640,23633.6,75,23639.95,300,0,985125
NIFTY-II.NFO,10/02/2025,09:48:21,23640,23634.1,75,23639.95,300,0,985125
NIFTY-II.NFO,10/02/2025,09:48:22,23640,23632.05,300,23639.6,300,0,985125
NIFTY-II.NFO,10/02/2025,09:48:24,23640,23632.05,300,23638.75,375,0,985125
NIFTY-II.NFO,10/02/2025,09:48:25,23640,23632.75,750,23639.95,300,0,985125
NIFTY-II.NFO,10/02/2025,09:48:27,23632.75,23634.25,750,23640,75,75,985125
NIFTY-II.NFO,10/02/2025,09:48:29,23632.75,23634.05,300,23640,75,0,985125
NIFTY-II.NFO,10/02/2025,09:48:30,23632.75,23633.5,750,23639.95,300,0,985125
NIFTY-II.NFO,10/02/2025,09:48:32,23633.3,23632.8,300,23639.85,300,75,985875
NIFTY-II.NFO,10/02/2025,09:48:33,23633.3,23632.55,300,23639.85,300,0,985875
NIFTY-II.NFO,10/02/2025,09:48:35,23639.85,23633.95,75,23639.9,375,300,985875
NIFTY-II.NFO,10/02/2025,09:48:37,23639.85,23632.05,300,23638,525,0,985875
NIFTY-II.NFO,10/02/2025,09:48:38,23639.85,23632.05,300,23638,375,0,985875
NIFTY-II.NFO,10/02/2025,09:48:40,23639.85,23632.6,300,23638,375,0,985875
NIFTY-II.NFO,10/02/2025,09:48:41,23639.85,23632.1,300,23638,375,0,985875
NIFTY-II.NFO,10/02/2025,09:48:43,23639.85,23633.05,300,23639.9,375,0,985875
NIFTY-II.NFO,10/02/2025,09:48:45,23639.85,23634.65,300,23639.9,375,0,985875
NIFTY-II.NFO,10/02/2025,09:48:46,23639.85,23634.55,300,23639.95,375,0,985875
NIFTY-II.NFO,10/02/2025,09:48:48,23639.85,23634.3,300,23639.95,375,0,985875
NIFTY-II.NFO,10/02/2025,09:48:49,23639.85,23635.8,300,23640,75,0,985875
NIFTY-II.NFO,10/02/2025,09:48:51,23640,23635.8,300,23641,75,75,985875
NIFTY-II.NFO,10/02/2025,09:48:53,23640,23635.8,300,23641,75,0,985875
NIFTY-II.NFO,10/02/2025,09:48:54,23640,23636.45,75,23641,75,0,985875
NIFTY-II.NFO,10/02/2025,09:48:56,23640,23636.45,75,23639,75,0,985875
NIFTY-II.NFO,10/02/2025,09:48:57,23639,23640,450,23641,75,75,985875
NIFTY-II.NFO,10/02/2025,09:48:59,23639,23640,450,23641,75,0,985875
NIFTY-II.NFO,10/02/2025,09:49:01,23641,23640.05,300,23643.3,75,75,985875
NIFTY-II.NFO,10/02/2025,09:49:02,23640.35,23640.05,300,23643.3,75,225,985875
NIFTY-II.NFO,10/02/2025,09:49:04,23640.35,23640,450,23643.3,75,0,985875
NIFTY-II.NFO,10/02/2025,09:49:06,23640.35,23640.05,300,23643.3,75,0,985875
NIFTY-II.NFO,10/02/2025,09:49:07,23640.35,23640,450,23643.3,75,0,985875
NIFTY-II.NFO,10/02/2025,09:49:09,23640.35,23640.05,75,23643.3,75,0,985875
NIFTY-II.NFO,10/02/2025,09:49:10,23640.35,23640.35,75,23643.3,75,0,985875
NIFTY-II.NFO,10/02/2025,09:49:12,23640.35,23640.05,75,23643.3,75,75,985875
NIFTY-II.NFO,10/02/2025,09:49:14,23640.35,23640.05,75,23643.3,75,0,985875
NIFTY-II.NFO,10/02/2025,09:49:15,23644.5,23640.05,75,23644.75,375,375,985875
NIFTY-II.NFO,10/02/2025,09:49:17,23644.5,23640.05,75,23645.1,375,0,985875
NIFTY-II.NFO,10/02/2025,09:49:19,23644.5,23640.05,75,23645.35,375,0,985875
NIFTY-II.NFO,10/02/2025,09:49:20,23645.35,23640.05,75,23646,150,75,985875
NIFTY-II.NFO,10/02/2025,09:49:22,23645.35,23640.05,75,23645.95,375,0,985875
NIFTY-II.NFO,10/02/2025,09:49:24,23645.35,23640.05,75,23645.65,150,0,985875
NIFTY-II.NFO,10/02/2025,09:49:25,23645.25,23640.05,75,23647.25,150,75,985875
NIFTY-II.NFO,10/02/2025,09:49:27,23645.25,23640.05,75,23644.15,75,0,985875
NIFTY-II.NFO,10/02/2025,09:49:29,23645.25,23640.05,75,23644.5,75,0,985875
NIFTY-II.NFO,10/02/2025,09:49:30,23645.25,23641.05,75,23644.75,450,0,985875
NIFTY-II.NFO,10/02/2025,09:49:32,23645.25,23641.05,75,23644.35,75,0,985875
NIFTY-II.NFO,10/02/2025,09:49:34,23645.25,23641.05,75,23644.6,75,0,985875
NIFTY-II.NFO,10/02/2025,09:49:35,23645.25,23641.05,75,23645.7,75,0,985875
NIFTY-II.NFO,10/02/2025,09:49:37,23645.25,23641.05,75,23645.35,450,0,985875
NIFTY-II.NFO,10/02/2025,09:49:39,23645.25,23641.05,75,23646.15,75,0,985875
NIFTY-II.NFO,10/02/2025,09:49:40,23645.25,23641.05,75,23646.45,75,0,985875
NIFTY-II.NFO,10/02/2025,09:49:42,23645.25,23641.2,300,23647.8,75,0,985875
NIFTY-II.NFO,10/02/2025,09:49:44,23645.25,23642.8,450,23650,75,0,985875
NIFTY-II.NFO,10/02/2025,09:49:45,23642,23642.35,300,23649.85,150,75,985875
NIFTY-II.NFO,10/02/2025,09:49:47,23642,23642.45,300,23649.9,375,0,985875
NIFTY-II.NFO,10/02/2025,09:49:49,23642,23641.8,300,23648.75,375,0,985875
NIFTY-II.NFO,10/02/2025,09:49:50,23642,23641.2,300,23648.7,150,0,985875
NIFTY-II.NFO,10/02/2025,09:49:52,23642,23642.6,300,23648.75,375,0,985875
NIFTY-II.NFO,10/02/2025,09:49:54,23642,23644.2,300,23649.95,375,0,985875
NIFTY-II.NFO,10/02/2025,09:49:56,23642,23644,300,23649.95,375,0,985875
NIFTY-II.NFO,10/02/2025,09:49:57,23649.95,23643.45,300,23649.95,375,75,985875
NIFTY-II.NFO,10/02/2025,09:49:59,23649.95,23643.6,450,23650,75,75,985875
NIFTY-II.NFO,10/02/2025,09:50:01,23649.9,23642.75,300,23649.85,375,300,985875
NIFTY-II.NFO,10/02/2025,09:50:02,23649.9,23642.85,300,23650,75,0,985875
NIFTY-II.NFO,10/02/2025,09:50:04,23649.9,23645.05,300,23650,75,0,985875
NIFTY-II.NFO,10/02/2025,09:50:06,23649.9,23649.9,225,23650,75,0,985875
NIFTY-II.NFO,10/02/2025,09:50:09,23649.9,23645,75,23649.95,75,225,985875
NIFTY-II.NFO,10/02/2025,09:50:11,23649.9,23645,75,23649.95,75,0,985875
NIFTY-II.NFO,10/02/2025,09:50:12,23649.9,23645.35,300,23650,75,0,985875
NIFTY-II.NFO,10/02/2025,09:50:14,23649.9,23645,75,23650,75,0,985875
NIFTY-II.NFO,10/02/2025,09:50:16,23649.9,23646.3,75,23650,75,0,985875
NIFTY-II.NFO,10/02/2025,09:50:17,23648.55,23647.55,450,23652,75,150,985875
NIFTY-II.NFO,10/02/2025,09:50:19,23648.55,23649.05,300,23652,75,0,985875
NIFTY-II.NFO,10/02/2025,09:50:21,23648.55,23649.9,300,23652,75,0,985875
NIFTY-II.NFO,10/02/2025,09:50:22,23652,23651,300,23654.9,75,75,985875
NIFTY-II.NFO,10/02/2025,09:50:24,23652,23651.45,300,23654.9,75,0,985875
NIFTY-II.NFO,10/02/2025,09:50:26,23652,23651.85,300,23654.9,75,0,985875
NIFTY-II.NFO,10/02/2025,09:50:27,23652,23651.65,300,23654.9,75,0,985875
NIFTY-II.NFO,10/02/2025,09:50:29,23652,23650.35,300,23654.9,75,0,985875
NIFTY-II.NFO,10/02/2025,09:50:31,23654.9,23655,150,23656.85,150,75,985875
NIFTY-II.NFO,10/02/2025,09:50:32,23654.9,23655,150,23657.9,525,0,985875
NIFTY-II.NFO,10/02/2025,09:50:34,23655,23652,75,23655.7,300,150,985875
NIFTY-II.NFO,10/02/2025,09:50:35,23655,23652,75,23654.15,225,0,985875
NIFTY-II.NFO,10/02/2025,09:50:37,23655,23652,75,23654.05,300,0,985875
NIFTY-II.NFO,10/02/2025,09:50:39,23655,23652,75,23653.6,150,0,985875
NIFTY-II.NFO,10/02/2025,09:50:40,23652,23650.3,75,23652.4,375,150,985875
NIFTY-II.NFO,10/02/2025,09:50:42,23652,23650.3,75,23651.65,375,0,985875
NIFTY-II.NFO,10/02/2025,09:50:44,23645,23645,75,23650.45,600,150,985875
NIFTY-II.NFO,10/02/2025,09:50:45,23645,23645,75,23649.2,150,0,985875
NIFTY-II.NFO,10/02/2025,09:50:47,23649.4,23645,75,23649.45,75,75,985875
NIFTY-II.NFO,10/02/2025,09:50:49,23649.8,23645,75,23650.2,375,75,985875
NIFTY-II.NFO,10/02/2025,09:50:50,23649.8,23645.45,450,23651.25,375,0,985875
NIFTY-II.NFO,10/02/2025,09:50:52,23649.8,23645.05,300,23651.25,375,0,985875
NIFTY-II.NFO,10/02/2025,09:50:54,23649.8,23645,75,23650.55,375,0,985875
NIFTY-II.NFO,10/02/2025,09:50:55,23649.8,23645,150,23650.6,375,0,985875
NIFTY-II.NFO,10/02/2025,09:50:59,23649.8,23645,150,23649.9,150,0,985875
NIFTY-II.NFO,10/02/2025,09:51:00,23649.8,23645,150,23648.95,150,0,985875
NIFTY-II.NFO,10/02/2025,09:51:02,23649.8,23645,150,23649.5,450,0,985875
NIFTY-II.NFO,10/02/2025,09:51:04,23649.8,23645,150,23649.7,375,0,985875
NIFTY-II.NFO,10/02/2025,09:51:05,23649.55,23645,150,23649.75,150,150,985875
NIFTY-II.NFO,10/02/2025,09:51:07,23649.55,23645,150,23650.55,375,0,985875
NIFTY-II.NFO,10/02/2025,09:51:09,23645,23645,75,23650.55,375,75,985875
NIFTY-II.NFO,10/02/2025,09:51:10,23645,23645,75,23651.6,375,0,985875
NIFTY-II.NFO,10/02/2025,09:51:12,23645,23645.55,300,23651.6,375,0,985875
