Ticker,Date,Time,LTP,BuyPrice,BuyQty,SellPrice,SellQty,LTQ,OpenInterest
BANKNIFTY-II.NFO,29/10/2024,09:15:01,51700,51702.9,15,51730.3,150,300,1304760
BANKNIFTY-II.NFO,29/10/2024,09:15:01,51697.85,51702.9,15,51730.3,150,0,1304760
BANKNIFTY-II.NFO,29/10/2024,09:15:01,51755.6,51702.9,15,51730.3,150,0,1304760
BANKNIFTY-II.NFO,29/10/2024,09:15:01,51666.95,51702.9,15,51730.3,150,0,1304760
BANKNIFTY-II.NFO,29/10/2024,09:15:02,51741,51731.2,60,51756.5,30,240,1304760
BANKNIFTY-II.NFO,29/10/2024,09:15:04,51738.3,51735.15,60,51759.7,60,60,1304760
BANKNIFTY-II.NFO,29/10/2024,09:15:05,51718.95,51721.55,30,51755.8,60,135,1304760
BANKNIFTY-II.NFO,29/10/2024,09:15:07,51743.95,51718.15,15,51739.95,60,15,1304760
BANKNIFTY-II.NFO,29/10/2024,09:15:08,51738.8,51714,15,51717.7,105,30,1304760
BANKNIFTY-II.NFO,29/10/2024,09:15:10,51742.15,51711.95,15,51743.4,60,210,1304760
BANKNIFTY-II.NFO,29/10/2024,09:15:12,51730.8,51725.5,30,51741.95,60,165,1304760
BANKNIFTY-II.NFO,29/10/2024,09:15:13,51734.45,51732.15,180,51743.95,15,345,1304760
BANKNIFTY-II.NFO,29/10/2024,09:15:15,51745,51743.4,15,51745,45,165,1304760
BANKNIFTY-II.NFO,29/10/2024,09:15:17,51745.95,51749.3,150,51760,90,1680,1304760
BANKNIFTY-II.NFO,29/10/2024,09:15:18,51740.9,51738.05,135,51757.95,60,15,1304760
BANKNIFTY-II.NFO,29/10/2024,09:15:20,51740.9,51733.65,150,51753.95,60,0,1304760
BANKNIFTY-II.NFO,29/10/2024,09:15:21,51745.4,51731.7,150,51747.4,75,30,1304760
BANKNIFTY-II.NFO,29/10/2024,09:15:23,51727.35,51731.55,15,51743.7,60,105,1304760
BANKNIFTY-II.NFO,29/10/2024,09:15:25,51718.95,51715.95,150,51734.95,60,135,1304760
BANKNIFTY-II.NFO,29/10/2024,09:15:26,51733.5,51716.05,15,51727.65,75,30,1304760
BANKNIFTY-II.NFO,29/10/2024,09:15:28,51699.9,51691.75,75,51715.4,60,915,1304760
BANKNIFTY-II.NFO,29/10/2024,09:15:30,51691.75,51698,15,51716.1,60,15,1304760
BANKNIFTY-II.NFO,29/10/2024,09:15:31,51721.5,51706.65,30,51720,60,30,1304760
BANKNIFTY-II.NFO,29/10/2024,09:15:33,51709.2,51705.75,30,51719.95,60,15,1304760
BANKNIFTY-II.NFO,29/10/2024,09:15:34,51720,51704.05,60,51716.75,15,90,1304760
BANKNIFTY-II.NFO,29/10/2024,09:15:36,51720,51709.2,30,51716.75,15,0,1304760
BANKNIFTY-II.NFO,29/10/2024,09:15:37,51709.2,51700.45,75,51715.95,45,45,1304760
BANKNIFTY-II.NFO,29/10/2024,09:15:39,51700,51700,900,51704.1,150,45,1304760
BANKNIFTY-II.NFO,29/10/2024,09:15:41,51684.9,51682.3,60,51698.2,60,960,1304760
BANKNIFTY-II.NFO,29/10/2024,09:15:42,51681.2,51680.05,15,51691.05,150,75,1304760
BANKNIFTY-II.NFO,29/10/2024,09:15:44,51686.25,51680,120,51686.35,150,30,1304760
BANKNIFTY-II.NFO,29/10/2024,09:15:46,51682.2,51685.65,15,51700,15,30,1304760
BANKNIFTY-II.NFO,29/10/2024,09:15:47,51682.2,51690.15,15,51700,30,0,1304760
BANKNIFTY-II.NFO,29/10/2024,09:15:49,51681,51680.35,150,51685,45,45,1304760
BANKNIFTY-II.NFO,29/10/2024,09:15:50,51681.05,51680,120,51690.1,60,135,1304760
BANKNIFTY-II.NFO,29/10/2024,09:15:52,51677,51658.05,30,51678.6,30,375,1304760
BANKNIFTY-II.NFO,29/10/2024,09:15:54,51676.45,51663.05,30,51678.4,45,75,1304760
BANKNIFTY-II.NFO,29/10/2024,09:15:54,51658.4,51663.05,30,51678.4,45,0,1304760
BANKNIFTY-II.NFO,29/10/2024,09:15:55,51663.1,51665.05,30,51680,15,45,1304760
BANKNIFTY-II.NFO,29/10/2024,09:15:57,51694.35,51673.05,60,51689.65,30,900,1304760
BANKNIFTY-II.NFO,29/10/2024,09:15:58,51676.45,51670,105,51685.15,45,75,1304760
BANKNIFTY-II.NFO,29/10/2024,09:16:00,51676.45,51678.6,15,51689.5,15,0,1304760
BANKNIFTY-II.NFO,29/10/2024,09:16:01,51680,51680,15,51690.65,15,15,1304760
BANKNIFTY-II.NFO,29/10/2024,09:16:03,51690.65,51680,15,51695.15,15,15,1304760
BANKNIFTY-II.NFO,29/10/2024,09:16:05,51672.05,51668.9,75,51687.6,60,510,1307760
BANKNIFTY-II.NFO,29/10/2024,09:16:06,51672.05,51670,15,51680,45,0,1307760
BANKNIFTY-II.NFO,29/10/2024,09:16:08,51680,51673,105,51691.4,75,45,1307760
BANKNIFTY-II.NFO,29/10/2024,09:16:09,51675.2,51678.4,75,51690.65,15,15,1307760
BANKNIFTY-II.NFO,29/10/2024,09:16:11,51684.4,51685.2,75,51690.25,900,15,1307760
BANKNIFTY-II.NFO,29/10/2024,09:16:13,51689.55,51692.15,75,51700,15,975,1307760
BANKNIFTY-II.NFO,29/10/2024,09:16:14,51713.05,51696.95,75,51713.9,30,60,1307760
BANKNIFTY-II.NFO,29/10/2024,09:16:16,51690.8,51690.8,45,51706.65,60,15,1307760
BANKNIFTY-II.NFO,29/10/2024,09:16:17,51690.8,51692.3,225,51709.05,30,0,1307760
BANKNIFTY-II.NFO,29/10/2024,09:16:19,51691.25,51691.3,75,51709.95,60,75,1307760
BANKNIFTY-II.NFO,29/10/2024,09:16:21,51691.25,51695,15,51700,15,0,1307760
BANKNIFTY-II.NFO,29/10/2024,09:16:22,51700,51689,105,51708.25,60,15,1307760
BANKNIFTY-II.NFO,29/10/2024,09:16:24,51710,51695,75,51712.9,30,105,1307760
BANKNIFTY-II.NFO,29/10/2024,09:16:25,51695.05,51696.6,150,51712.95,30,15,1307760
BANKNIFTY-II.NFO,29/10/2024,09:16:27,51696.65,51696.2,150,51700,30,45,1307760
BANKNIFTY-II.NFO,29/10/2024,09:16:29,51696.65,51693.85,75,51696.95,150,0,1307760
BANKNIFTY-II.NFO,29/10/2024,09:16:30,51696.95,51679,105,51696.7,60,75,1307760
BANKNIFTY-II.NFO,29/10/2024,09:16:32,51696.9,51680.05,60,51696.15,75,105,1307760
BANKNIFTY-II.NFO,29/10/2024,09:16:33,51696.45,51679.05,60,51694.75,30,15,1307760
BANKNIFTY-II.NFO,29/10/2024,09:16:35,51680.15,51685,15,51696.15,75,90,1307760
BANKNIFTY-II.NFO,29/10/2024,09:16:37,51696.7,51680.1,15,51694.85,60,30,1307760
BANKNIFTY-II.NFO,29/10/2024,09:16:38,51695.05,51693.7,120,51695.05,120,120,1307760
BANKNIFTY-II.NFO,29/10/2024,09:16:40,51714.4,51694.4,15,51700,15,915,1307760
BANKNIFTY-II.NFO,29/10/2024,09:16:41,51708.9,51693.7,60,51709.45,45,45,1307760
BANKNIFTY-II.NFO,29/10/2024,09:16:43,51709,51693.65,30,51710.35,45,45,1307760
BANKNIFTY-II.NFO,29/10/2024,09:16:45,51709,51700,15,51714.75,105,0,1307760
BANKNIFTY-II.NFO,29/10/2024,09:16:46,51713.3,51700,15,51711.6,45,30,1307760
BANKNIFTY-II.NFO,29/10/2024,09:16:48,51695.5,51695.55,45,51713.75,60,285,1307760
BANKNIFTY-II.NFO,29/10/2024,09:16:49,51700,51696.95,45,51713.75,75,15,1307760
BANKNIFTY-II.NFO,29/10/2024,09:16:51,51700,51696.95,45,51713.65,75,15,1307760
BANKNIFTY-II.NFO,29/10/2024,09:16:52,51700,51700,30,51710.45,60,0,1307760
BANKNIFTY-II.NFO,29/10/2024,09:16:54,51700,51696.9,15,51700,15,60,1307760
BANKNIFTY-II.NFO,29/10/2024,09:16:56,51690.6,51690.5,300,51698.35,60,60,1307760
BANKNIFTY-II.NFO,29/10/2024,09:16:57,51690,51680.15,15,51696.45,60,390,1307760
BANKNIFTY-II.NFO,29/10/2024,09:16:59,51697.2,51680.15,15,51696.05,30,15,1307760
BANKNIFTY-II.NFO,29/10/2024,09:17:00,51687.25,51680.15,15,51692.3,30,300,1307760
BANKNIFTY-II.NFO,29/10/2024,09:17:02,51681.75,51670,30,51681.95,30,615,1307760
BANKNIFTY-II.NFO,29/10/2024,09:17:04,51685.65,51685.65,15,51687.55,15,30,1307760
BANKNIFTY-II.NFO,29/10/2024,09:17:05,51695.2,51680,15,51686.75,60,30,1307760
BANKNIFTY-II.NFO,29/10/2024,09:17:07,51685.7,51685.7,15,51697.2,15,15,1307760
BANKNIFTY-II.NFO,29/10/2024,09:17:09,51693.15,51680,15,51693.5,60,30,1307760
BANKNIFTY-II.NFO,29/10/2024,09:17:10,51691.75,51690,15,51699.9,75,165,1307760
BANKNIFTY-II.NFO,29/10/2024,09:17:12,51681.6,51680.65,60,51697,900,120,1307760
BANKNIFTY-II.NFO,29/10/2024,09:17:14,51693.5,51690,15,51696.95,60,90,1307760
BANKNIFTY-II.NFO,29/10/2024,09:17:15,51690,51680.05,60,51693.85,75,45,1307760
BANKNIFTY-II.NFO,29/10/2024,09:17:17,51690,51691.35,30,51695,15,165,1307760
BANKNIFTY-II.NFO,29/10/2024,09:17:19,51692.7,51692.5,60,51695,15,30,1307760
BANKNIFTY-II.NFO,29/10/2024,09:17:20,51692.4,51690,30,51697,900,165,1307760
BANKNIFTY-II.NFO,29/10/2024,09:17:22,51697,51691.75,300,51697,930,15,1307760
BANKNIFTY-II.NFO,29/10/2024,09:17:23,51697,51691.75,300,51697,915,15,1307760
BANKNIFTY-II.NFO,29/10/2024,09:17:25,51697,51691.75,300,51697,915,0,1307760
BANKNIFTY-II.NFO,29/10/2024,09:17:26,51697,51691.8,15,51697,915,0,1307760
BANKNIFTY-II.NFO,29/10/2024,09:17:28,51697,51691.8,15,51697,945,0,1307760
BANKNIFTY-II.NFO,29/10/2024,09:17:29,51691.75,51691.6,300,51697,945,30,1307760
BANKNIFTY-II.NFO,29/10/2024,09:17:31,51691.6,51691.3,300,51697,915,30,1307760
BANKNIFTY-II.NFO,29/10/2024,09:17:32,51690.95,51690.95,60,51697,915,60,1307760
BANKNIFTY-II.NFO,29/10/2024,09:17:34,51698,51698.45,60,51700,210,975,1307760
BANKNIFTY-II.NFO,29/10/2024,09:17:36,51715,51715.5,90,51720,60,420,1307760
BANKNIFTY-II.NFO,29/10/2024,09:17:37,51723.7,51709.95,30,51718.65,15,90,1307760
BANKNIFTY-II.NFO,29/10/2024,09:17:39,51712,51709.1,30,51718.65,15,45,1307760
BANKNIFTY-II.NFO,29/10/2024,09:17:41,51718.45,51703.1,30,51718.6,30,15,1307760
BANKNIFTY-II.NFO,29/10/2024,09:17:42,51718.45,51703.5,45,51718.65,15,0,1307760
BANKNIFTY-II.NFO,29/10/2024,09:17:44,51703.75,51703.6,45,51718.45,15,30,1307760
BANKNIFTY-II.NFO,29/10/2024,09:17:45,51703.35,51702.1,150,51718.45,15,15,1307760
BANKNIFTY-II.NFO,29/10/2024,09:17:47,51700,51700,45,51711,30,75,1307760
BANKNIFTY-II.NFO,29/10/2024,09:17:48,51711,51702.2,30,51717.45,30,30,1307760
BANKNIFTY-II.NFO,29/10/2024,09:17:50,51720.85,51703.7,15,51720,30,45,1307760
BANKNIFTY-II.NFO,29/10/2024,09:17:51,51720.85,51702.6,15,51718.45,30,0,1307760
BANKNIFTY-II.NFO,29/10/2024,09:17:53,51703.05,51702.65,45,51716,75,15,1307760
BANKNIFTY-II.NFO,29/10/2024,09:17:55,51702.65,51702.65,30,51711.95,60,15,1307760
BANKNIFTY-II.NFO,29/10/2024,09:17:56,51702.65,51702.65,30,51711,15,0,1307760
BANKNIFTY-II.NFO,29/10/2024,09:17:58,51702.65,51703.05,15,51711,15,0,1307760
BANKNIFTY-II.NFO,29/10/2024,09:17:59,51710.95,51702.65,30,51711,15,60,1307760
BANKNIFTY-II.NFO,29/10/2024,09:18:01,51700,51695,15,51700,60,165,1307760
BANKNIFTY-II.NFO,29/10/2024,09:18:03,51690,51680,120,51691.3,60,60,1307760
BANKNIFTY-II.NFO,29/10/2024,09:18:04,51680,51680,30,51694.4,60,105,1307760
BANKNIFTY-II.NFO,29/10/2024,09:18:06,51685.15,51675,195,51684.9,75,45,1307760
BANKNIFTY-II.NFO,29/10/2024,09:18:07,51689.45,51675.05,60,51692.3,15,90,1307760
BANKNIFTY-II.NFO,29/10/2024,09:18:09,51673.95,51673.95,15,51692.2,75,480,1307760
BANKNIFTY-II.NFO,29/10/2024,09:18:11,51680.1,51680,15,51694.45,60,135,1307760
BANKNIFTY-II.NFO,29/10/2024,09:18:12,51675.1,51679,15,51696.2,30,210,1307760
BANKNIFTY-II.NFO,29/10/2024,09:18:14,51675.1,51673.8,30,51688,195,0,1307760
BANKNIFTY-II.NFO,29/10/2024,09:18:15,51675.1,51673.8,30,51685,195,0,1307760
BANKNIFTY-II.NFO,29/10/2024,09:18:17,51683,51673.8,30,51684.95,15,75,1307760
BANKNIFTY-II.NFO,29/10/2024,09:18:18,51683,51676.85,15,51690,165,0,1307760
BANKNIFTY-II.NFO,29/10/2024,09:18:20,51673.05,51673.8,30,51687.95,60,15,1307760
BANKNIFTY-II.NFO,29/10/2024,09:18:22,51673.05,51673.8,30,51685.95,60,0,1307760
BANKNIFTY-II.NFO,29/10/2024,09:18:23,51673.1,51672.55,300,51684.95,60,165,1307760
BANKNIFTY-II.NFO,29/10/2024,09:18:25,51673.8,51675.9,15,51691,120,15,1307760
BANKNIFTY-II.NFO,29/10/2024,09:18:26,51677.45,51672.95,300,51684,90,390,1307760
BANKNIFTY-II.NFO,29/10/2024,09:18:28,51677.45,51673,15,51684,90,0,1307760
BANKNIFTY-II.NFO,29/10/2024,09:18:30,51672.95,51672.8,300,51680,30,60,1307760
BANKNIFTY-II.NFO,29/10/2024,09:18:31,51675.4,51674,60,51689.9,75,75,1307760
BANKNIFTY-II.NFO,29/10/2024,09:18:33,51675.4,51678.3,75,51689.9,75,0,1307760
BANKNIFTY-II.NFO,29/10/2024,09:18:34,51675.4,51680,15,51689.9,75,0,1307760
BANKNIFTY-II.NFO,29/10/2024,09:18:36,51674,51672.8,30,51689.25,60,30,1307760
BANKNIFTY-II.NFO,29/10/2024,09:18:38,51689.9,51673.95,150,51691.95,60,285,1307760
BANKNIFTY-II.NFO,29/10/2024,09:18:39,51692.25,51675.45,60,51690.15,30,150,1307760
BANKNIFTY-II.NFO,29/10/2024,09:18:41,51692.25,51675.4,15,51689.2,30,0,1307760
BANKNIFTY-II.NFO,29/10/2024,09:18:43,51692.25,51676.1,60,51689,60,0,1307760
BANKNIFTY-II.NFO,29/10/2024,09:18:44,51689,51676.1,75,51690,75,15,1307760
BANKNIFTY-II.NFO,29/10/2024,09:18:46,51690,51690,15,51693,15,45,1307760
BANKNIFTY-II.NFO,29/10/2024,09:18:48,51693,51692.3,60,51695,30,15,1307760
BANKNIFTY-II.NFO,29/10/2024,09:18:49,51696,51692,135,51700,105,75,1307760
BANKNIFTY-II.NFO,29/10/2024,09:18:51,51690.9,51690.05,60,51700,135,30,1307760
BANKNIFTY-II.NFO,29/10/2024,09:18:52,51693.05,51693.75,300,51711.2,75,735,1307760
BANKNIFTY-II.NFO,29/10/2024,09:18:54,51693.05,51693.95,300,51694.3,15,0,1307760
BANKNIFTY-II.NFO,29/10/2024,09:18:56,51706.9,51694.75,300,51709.1,60,30,1307760
BANKNIFTY-II.NFO,29/10/2024,09:18:57,51688.75,51688.05,165,51702.5,60,240,1307760
BANKNIFTY-II.NFO,29/10/2024,09:18:59,51688.75,51688.75,15,51690,15,0,1307760
BANKNIFTY-II.NFO,29/10/2024,09:19:01,51693.05,51693.85,90,51710,15,45,1307760
BANKNIFTY-II.NFO,29/10/2024,09:19:02,51698.65,51699.15,165,51715.55,30,45,1307760
BANKNIFTY-II.NFO,29/10/2024,09:19:04,51711.5,51697.45,15,51709,30,15,1307760
BANKNIFTY-II.NFO,29/10/2024,09:19:06,51713,51701.7,45,51715,15,135,1309710
BANKNIFTY-II.NFO,29/10/2024,09:19:07,51701.55,51697.55,45,51717.25,60,45,1309710
BANKNIFTY-II.NFO,29/10/2024,09:19:09,51713,51696.8,30,51713,15,75,1309710
BANKNIFTY-II.NFO,29/10/2024,09:19:10,51702.05,51701.95,15,51712.95,75,105,1309710
BANKNIFTY-II.NFO,29/10/2024,09:19:12,51712.95,51698,60,51713,15,30,1309710
BANKNIFTY-II.NFO,29/10/2024,09:19:14,51698.8,51701.25,45,51713,15,15,1309710
BANKNIFTY-II.NFO,29/10/2024,09:19:15,51712.65,51695.45,60,51712.95,15,120,1309710
BANKNIFTY-II.NFO,29/10/2024,09:19:17,51706.1,51705.85,60,51713,15,675,1309710
BANKNIFTY-II.NFO,29/10/2024,09:19:19,51699.1,51700.6,45,51713,15,15,1309710
BANKNIFTY-II.NFO,29/10/2024,09:19:20,51712.1,51700.2,60,51713,15,30,1309710
BANKNIFTY-II.NFO,29/10/2024,09:19:22,51714,51704.05,60,51706.15,15,45,1309710
BANKNIFTY-II.NFO,29/10/2024,09:19:24,51714,51700.05,60,51706.15,15,0,1309710
BANKNIFTY-II.NFO,29/10/2024,09:19:25,51706.1,51706.1,270,51706.15,60,45,1309710
BANKNIFTY-II.NFO,29/10/2024,09:19:27,51706.15,51706.25,45,51714,165,60,1309710
BANKNIFTY-II.NFO,29/10/2024,09:19:29,51702.1,51702.15,75,51710,15,450,1309710
BANKNIFTY-II.NFO,29/10/2024,09:19:30,51702.1,51705.5,75,51710,15,0,1309710
BANKNIFTY-II.NFO,29/10/2024,09:19:32,51714,51709.75,150,51714,30,165,1309710
BANKNIFTY-II.NFO,29/10/2024,09:19:34,51711.85,51711.15,75,51714,15,75,1309710
BANKNIFTY-II.NFO,29/10/2024,09:19:35,51711.15,51701,120,51714,15,75,1309710
BANKNIFTY-II.NFO,29/10/2024,09:19:37,51713.45,51699,30,51713.95,75,60,1309710
BANKNIFTY-II.NFO,29/10/2024,09:19:38,51713.45,51699,30,51713.9,60,0,1309710
BANKNIFTY-II.NFO,29/10/2024,09:19:40,51698,51694,15,51705.35,60,45,1309710
BANKNIFTY-II.NFO,29/10/2024,09:19:42,51698,51694,15,51703.35,75,0,1309710
BANKNIFTY-II.NFO,29/10/2024,09:19:43,51698,51694,15,51707.7,60,0,1309710
BANKNIFTY-II.NFO,29/10/2024,09:19:45,51707.65,51694,15,51701,15,60,1309710
BANKNIFTY-II.NFO,29/10/2024,09:19:47,51718.1,51702.05,60,51718.9,30,105,1309710
BANKNIFTY-II.NFO,29/10/2024,09:19:48,51704.35,51704.6,60,51719.5,30,30,1309710
BANKNIFTY-II.NFO,29/10/2024,09:19:50,51703.05,51703.65,75,51719.65,75,30,1309710
BANKNIFTY-II.NFO,29/10/2024,09:19:52,51707.8,51709.1,30,51720,165,90,1309710
BANKNIFTY-II.NFO,29/10/2024,09:19:53,51709.95,51710.7,150,51720,150,75,1309710
BANKNIFTY-II.NFO,29/10/2024,09:19:55,51709.95,51708.95,150,51715,105,0,1309710
BANKNIFTY-II.NFO,29/10/2024,09:19:57,51720,51709.05,300,51720,135,120,1309710
BANKNIFTY-II.NFO,29/10/2024,09:19:58,51707.65,51700,45,51716.5,75,15,1309710
BANKNIFTY-II.NFO,29/10/2024,09:20:00,51709.95,51700,45,51711.65,75,45,1309710
BANKNIFTY-II.NFO,29/10/2024,09:20:02,51705,51689,270,51705,60,105,1309710
BANKNIFTY-II.NFO,29/10/2024,09:20:03,51702.9,51685,240,51700.05,45,105,1309710
BANKNIFTY-II.NFO,29/10/2024,09:20:05,51702.9,51683,240,51697.3,75,0,1309710
BANKNIFTY-II.NFO,29/10/2024,09:20:06,51677.65,51675,15,51684.55,45,45,1309710
BANKNIFTY-II.NFO,29/10/2024,09:20:08,51687.65,51675,15,51683.15,15,30,1309710
BANKNIFTY-II.NFO,29/10/2024,09:20:10,51680,51675,15,51685.7,15,15,1309710
BANKNIFTY-II.NFO,29/10/2024,09:20:11,51680,51683.15,75,51693.05,30,0,1309710
BANKNIFTY-II.NFO,29/10/2024,09:20:13,51680,51683.15,75,51692.7,15,0,1309710
BANKNIFTY-II.NFO,29/10/2024,09:20:15,51699.15,51683.15,75,51699.15,45,135,1309710
BANKNIFTY-II.NFO,29/10/2024,09:20:16,51699.15,51683.15,75,51689.95,15,0,1309710
BANKNIFTY-II.NFO,29/10/2024,09:20:18,51683.15,51683.15,60,51689.95,15,15,1309710
BANKNIFTY-II.NFO,29/10/2024,09:20:20,51689.95,51683.15,60,51693.5,45,30,1309710
BANKNIFTY-II.NFO,29/10/2024,09:20:21,51675,51673,180,51686.25,75,90,1309710
BANKNIFTY-II.NFO,29/10/2024,09:20:23,51675,51670,210,51683.65,150,0,1309710
BANKNIFTY-II.NFO,29/10/2024,09:20:25,51662.4,51650,150,51663,150,600,1309710
BANKNIFTY-II.NFO,29/10/2024,09:20:25,51650.05,51650,150,51663,150,0,1309710
BANKNIFTY-II.NFO,29/10/2024,09:20:26,51666.65,51656,165,51669.1,75,15,1309710
BANKNIFTY-II.NFO,29/10/2024,09:20:28,51666.65,51656,165,51669.55,75,0,1309710
BANKNIFTY-II.NFO,29/10/2024,09:20:30,51659,51655.9,30,51672.8,75,165,1309710
BANKNIFTY-II.NFO,29/10/2024,09:20:31,51653.05,51653.05,45,51661.45,75,150,1309710
BANKNIFTY-II.NFO,29/10/2024,09:20:33,51653.05,51653.05,15,51659.25,75,60,1309710
BANKNIFTY-II.NFO,29/10/2024,09:20:34,51663.45,51650,150,51664.45,75,30,1309710
BANKNIFTY-II.NFO,29/10/2024,09:20:36,51667.8,51650,150,51663.4,15,90,1309710
BANKNIFTY-II.NFO,29/10/2024,09:20:38,51662.4,51650,180,51664.5,75,165,1309710
BANKNIFTY-II.NFO,29/10/2024,09:20:39,51653.05,51650,120,51659.15,75,75,1309710
BANKNIFTY-II.NFO,29/10/2024,09:20:39,51650,51650,120,51659.15,75,0,1309710
BANKNIFTY-II.NFO,29/10/2024,09:20:41,51650,51650,90,51663.75,75,30,1309710
BANKNIFTY-II.NFO,29/10/2024,09:20:43,51650,51652,15,51664.3,150,0,1309710
BANKNIFTY-II.NFO,29/10/2024,09:20:44,51652,51650.15,60,51664.95,30,15,1309710
BANKNIFTY-II.NFO,29/10/2024,09:20:46,51650,51647,60,51650,150,165,1309710
BANKNIFTY-II.NFO,29/10/2024,09:20:48,51650,51647.5,60,51650,105,345,1309710
BANKNIFTY-II.NFO,29/10/2024,09:20:48,51643.6,51647.5,60,51650,105,0,1309710
BANKNIFTY-II.NFO,29/10/2024,09:20:49,51649.95,51642,15,51647.65,45,15,1309710
BANKNIFTY-II.NFO,29/10/2024,09:20:51,51650,51640.1,75,51650,180,60,1309710
BANKNIFTY-II.NFO,29/10/2024,09:20:51,51642,51640.1,75,51650,180,0,1309710
BANKNIFTY-II.NFO,29/10/2024,09:20:53,51643.5,51643.8,15,51650,165,120,1309710
BANKNIFTY-II.NFO,29/10/2024,09:20:54,51650,51643.4,15,51650,75,90,1309710
BANKNIFTY-II.NFO,29/10/2024,09:20:56,51650,51640,15,51649.95,60,15,1309710
BANKNIFTY-II.NFO,29/10/2024,09:20:58,51643.5,51640,15,51645.4,60,45,1309710
BANKNIFTY-II.NFO,29/10/2024,09:20:59,51643.5,51640,15,51644.8,60,0,1309710
BANKNIFTY-II.NFO,29/10/2024,09:21:01,51630,51630,630,51637.1,75,390,1309710
BANKNIFTY-II.NFO,29/10/2024,09:21:01,51630,51630,630,51637.1,75,0,1309710
BANKNIFTY-II.NFO,29/10/2024,09:21:03,51630,51631.3,60,51640,15,0,1309710
BANKNIFTY-II.NFO,29/10/2024,09:21:04,51642.2,51646.75,60,51650,60,495,1309710
BANKNIFTY-II.NFO,29/10/2024,09:21:06,51652.05,51649,105,51662.8,15,225,1309710
BANKNIFTY-II.NFO,29/10/2024,09:21:08,51652.05,51650,120,51662.15,15,0,1309710
BANKNIFTY-II.NFO,29/10/2024,09:21:09,51652.05,51651.05,60,51666.4,15,0,1309710
BANKNIFTY-II.NFO,29/10/2024,09:21:11,51660,51651.15,30,51664.95,15,15,1309710
BANKNIFTY-II.NFO,29/10/2024,09:21:13,51652.25,51656,60,51673.75,45,30,1309710
BANKNIFTY-II.NFO,29/10/2024,09:21:14,51674.2,51675.05,60,51680,135,195,1309710
BANKNIFTY-II.NFO,29/10/2024,09:21:16,51677.2,51677.2,45,51689,30,150,1309710
BANKNIFTY-II.NFO,29/10/2024,09:21:18,51689,51677.2,45,51689.8,30,15,1309710
BANKNIFTY-II.NFO,29/10/2024,09:21:19,51689,51677.3,45,51692.75,60,0,1309710
BANKNIFTY-II.NFO,29/10/2024,09:21:21,51677.2,51677.2,30,51690.45,60,150,1309710
BANKNIFTY-II.NFO,29/10/2024,09:21:23,51685.45,51677.25,30,51688.05,60,15,1309710
BANKNIFTY-II.NFO,29/10/2024,09:21:24,51679.8,51665.05,30,51680.05,60,210,1309710
BANKNIFTY-II.NFO,29/10/2024,09:21:26,51681.7,51667.15,60,51682.8,30,90,1309710
BANKNIFTY-II.NFO,29/10/2024,09:21:28,51670.1,51667.1,15,51680.55,105,15,1309710
BANKNIFTY-II.NFO,29/10/2024,09:21:29,51685.5,51667.2,90,51684.4,75,390,1309710
BANKNIFTY-II.NFO,29/10/2024,09:21:31,51686,51669.95,60,51686.6,150,60,1309710
BANKNIFTY-II.NFO,29/10/2024,09:21:33,51668.8,51669.75,60,51685,60,45,1309710
BANKNIFTY-II.NFO,29/10/2024,09:21:34,51672.05,51672,15,51677.2,75,15,1309710
BANKNIFTY-II.NFO,29/10/2024,09:21:36,51677.2,51672.1,15,51677.2,60,15,1309710
BANKNIFTY-II.NFO,29/10/2024,09:21:38,51675.05,51672.1,15,51677.2,45,30,1309710
BANKNIFTY-II.NFO,29/10/2024,09:21:39,51670.7,51670.05,45,51677.2,45,60,1309710
BANKNIFTY-II.NFO,29/10/2024,09:21:41,51670.7,51670.6,45,51677.2,45,0,1309710
BANKNIFTY-II.NFO,29/10/2024,09:21:43,51677.2,51677.95,75,51685.8,30,45,1309710
BANKNIFTY-II.NFO,29/10/2024,09:21:44,51677.2,51681.3,30,51685.8,30,0,1309710
BANKNIFTY-II.NFO,29/10/2024,09:21:46,51677.2,51679.25,45,51685.8,30,0,1309710
BANKNIFTY-II.NFO,29/10/2024,09:21:48,51679.8,51679.5,15,51685.8,30,30,1309710
BANKNIFTY-II.NFO,29/10/2024,09:21:49,51679.8,51679.9,30,51685.8,30,0,1309710
BANKNIFTY-II.NFO,29/10/2024,09:21:51,51688.55,51688.55,135,51699,180,165,1309710
BANKNIFTY-II.NFO,29/10/2024,09:21:53,51700,51698.8,135,51700,45,375,1309710
BANKNIFTY-II.NFO,29/10/2024,09:21:54,51700,51693.95,30,51700,45,0,1309710
BANKNIFTY-II.NFO,29/10/2024,09:21:56,51700,51700,15,51704.45,60,75,1309710
BANKNIFTY-II.NFO,29/10/2024,09:21:58,51685.05,51679.85,210,51690.85,60,150,1309710
BANKNIFTY-II.NFO,29/10/2024,09:21:59,51679.1,51677.2,15,51682.8,60,300,1309710
BANKNIFTY-II.NFO,29/10/2024,09:22:01,51679.6,51670.05,30,51675.7,15,285,1309710
BANKNIFTY-II.NFO,29/10/2024,09:22:03,51677,51670.2,15,51676.4,15,45,1309710
BANKNIFTY-II.NFO,29/10/2024,09:22:04,51677,51670.2,15,51681.2,15,0,1309710
BANKNIFTY-II.NFO,29/10/2024,09:22:06,51670.05,51670,15,51681.1,15,60,1312485
BANKNIFTY-II.NFO,29/10/2024,09:22:08,51670.05,51670.05,60,51683.8,15,0,1312485
BANKNIFTY-II.NFO,29/10/2024,09:22:09,51686.4,51670.05,60,51686.65,30,15,1312485
BANKNIFTY-II.NFO,29/10/2024,09:22:11,51686.4,51670,15,51682.3,75,0,1312485
BANKNIFTY-II.NFO,29/10/2024,09:22:13,51683.5,51670,15,51677.2,150,75,1312485
BANKNIFTY-II.NFO,29/10/2024,09:22:14,51661,51660,30,51661,150,75,1312485
BANKNIFTY-II.NFO,29/10/2024,09:22:16,51660,51650,45,51662.5,75,30,1312485
BANKNIFTY-II.NFO,29/10/2024,09:22:18,51660,51651,15,51660,60,150,1312485
BANKNIFTY-II.NFO,29/10/2024,09:22:19,51660,51651,30,51660,60,0,1312485
BANKNIFTY-II.NFO,29/10/2024,09:22:21,51660,51654.05,60,51660,30,30,1312485
BANKNIFTY-II.NFO,29/10/2024,09:22:23,51660,51663.05,60,51679.55,15,45,1312485
BANKNIFTY-II.NFO,29/10/2024,09:22:24,51662.05,51660,105,51673,30,15,1312485
BANKNIFTY-II.NFO,29/10/2024,09:22:26,51660,51660,90,51673.85,30,15,1312485
BANKNIFTY-II.NFO,29/10/2024,09:22:28,51660.05,51660,120,51674.15,30,15,1312485
BANKNIFTY-II.NFO,29/10/2024,09:22:29,51660.05,51671.3,75,51680,15,0,1312485
BANKNIFTY-II.NFO,29/10/2024,09:22:31,51668,51663,15,51676.8,30,210,1312485
BANKNIFTY-II.NFO,29/10/2024,09:22:32,51660.55,51660.55,60,51676.2,15,105,1312485
BANKNIFTY-II.NFO,29/10/2024,09:22:34,51660,51660,300,51672.25,15,15,1312485
BANKNIFTY-II.NFO,29/10/2024,09:22:36,51660,51660.05,15,51671.1,15,0,1312485
BANKNIFTY-II.NFO,29/10/2024,09:22:37,51660,51660.05,15,51669.95,15,45,1312485
BANKNIFTY-II.NFO,29/10/2024,09:22:39,51660,51660.4,60,51670,15,0,1312485
BANKNIFTY-II.NFO,29/10/2024,09:22:41,51660,51664.8,60,51670,15,15,1312485
BANKNIFTY-II.NFO,29/10/2024,09:22:42,51670,51666.1,60,51681.2,300,15,1312485
BANKNIFTY-II.NFO,29/10/2024,09:22:44,51661.1,51661.1,60,51675.1,30,15,1312485
BANKNIFTY-II.NFO,29/10/2024,09:22:46,51660.05,51661.05,60,51677.5,45,90,1312485
BANKNIFTY-II.NFO,29/10/2024,09:22:47,51660.05,51662.15,30,51670.55,15,0,1312485
BANKNIFTY-II.NFO,29/10/2024,09:22:49,51671.4,51661,15,51671.95,30,15,1312485
BANKNIFTY-II.NFO,29/10/2024,09:22:51,51671.4,51661,15,51666.9,15,0,1312485
BANKNIFTY-II.NFO,29/10/2024,09:22:52,51671.4,51661,15,51663.45,15,0,1312485
BANKNIFTY-II.NFO,29/10/2024,09:22:54,51660,51656.1,15,51664.25,30,345,1312485
BANKNIFTY-II.NFO,29/10/2024,09:22:56,51660,51656.1,15,51662.7,30,0,1312485
BANKNIFTY-II.NFO,29/10/2024,09:22:57,51660,51656.1,15,51665.6,30,90,1312485
BANKNIFTY-II.NFO,29/10/2024,09:22:59,51652.65,51656.6,60,51669.95,30,30,1312485
BANKNIFTY-II.NFO,29/10/2024,09:23:01,51669.95,51660.25,60,51674,150,210,1312485
BANKNIFTY-II.NFO,29/10/2024,09:23:02,51649.9,51643.65,60,51658.05,75,255,1312485
BANKNIFTY-II.NFO,29/10/2024,09:23:04,51644.65,51645.25,60,51656.1,45,45,1312485
BANKNIFTY-II.NFO,29/10/2024,09:23:06,51646.4,51643.65,60,51656.1,45,30,1312485
BANKNIFTY-II.NFO,29/10/2024,09:23:07,51642.45,51640,30,51653.4,60,45,1312485
BANKNIFTY-II.NFO,29/10/2024,09:23:09,51657.7,51644.1,60,51659.4,45,180,1312485
BANKNIFTY-II.NFO,29/10/2024,09:23:10,51657.7,51650.05,15,51660.75,45,0,1312485
BANKNIFTY-II.NFO,29/10/2024,09:23:12,51661.85,51650.1,15,51661.45,75,105,1312485
BANKNIFTY-II.NFO,29/10/2024,09:23:14,51662.4,51650.1,15,51661.6,150,30,1312485
BANKNIFTY-II.NFO,29/10/2024,09:23:15,51650.1,51643.3,60,51650,90,30,1312485
BANKNIFTY-II.NFO,29/10/2024,09:23:17,51650,51646.05,15,51658.65,30,105,1312485
BANKNIFTY-II.NFO,29/10/2024,09:23:19,51645.85,51646.05,15,51657.7,45,195,1312485
BANKNIFTY-II.NFO,29/10/2024,09:23:20,51645.85,51645,75,51657.7,45,0,1312485
BANKNIFTY-II.NFO,29/10/2024,09:23:22,51657.7,51650.05,15,51657.7,75,15,1312485
BANKNIFTY-II.NFO,29/10/2024,09:23:24,51657.7,51650.1,15,51657.7,75,0,1312485
BANKNIFTY-II.NFO,29/10/2024,09:23:25,51657.7,51650.1,15,51656.65,60,0,1312485
BANKNIFTY-II.NFO,29/10/2024,09:23:27,51646.25,51645.85,90,51650,150,660,1312485
BANKNIFTY-II.NFO,29/10/2024,09:23:29,51648.05,51647.15,15,51650.05,15,225,1312485
BANKNIFTY-II.NFO,29/10/2024,09:23:30,51650.05,51647.2,15,51657.7,30,15,1312485
BANKNIFTY-II.NFO,29/10/2024,09:23:32,51650.05,51647.35,15,51650,105,0,1312485
BANKNIFTY-II.NFO,29/10/2024,09:23:34,51650,51647.35,15,51650,75,30,1312485
BANKNIFTY-II.NFO,29/10/2024,09:23:35,51650,51647.35,15,51650,75,0,1312485
BANKNIFTY-II.NFO,29/10/2024,09:23:37,51650,51652.25,15,51657.7,30,120,1312485
BANKNIFTY-II.NFO,29/10/2024,09:23:39,51657.7,51654.05,15,51660,30,30,1312485
BANKNIFTY-II.NFO,29/10/2024,09:23:40,51657.7,51651.9,15,51660,30,0,1312485
BANKNIFTY-II.NFO,29/10/2024,09:23:42,51651.9,51648.65,15,51660,75,45,1312485
BANKNIFTY-II.NFO,29/10/2024,09:23:44,51657.7,51655.2,30,51660,75,30,1312485
BANKNIFTY-II.NFO,29/10/2024,09:23:45,51657.85,51658.75,30,51665,30,120,1312485
BANKNIFTY-II.NFO,29/10/2024,09:23:47,51673.7,51664.05,15,51677.6,255,75,1312485
BANKNIFTY-II.NFO,29/10/2024,09:23:49,51679,51664.05,30,51679.9,60,30,1312485
BANKNIFTY-II.NFO,29/10/2024,09:23:51,51679,51664.2,30,51677.95,15,15,1312485
BANKNIFTY-II.NFO,29/10/2024,09:23:52,51664.2,51667.55,30,51677.95,45,15,1312485
BANKNIFTY-II.NFO,29/10/2024,09:23:54,51664.2,51669.75,15,51677.95,45,0,1312485
BANKNIFTY-II.NFO,29/10/2024,09:23:56,51669.85,51669.85,15,51677.95,45,15,1312485
BANKNIFTY-II.NFO,29/10/2024,09:23:57,51660.1,51662.7,15,51669.85,15,195,1312485
BANKNIFTY-II.NFO,29/10/2024,09:23:59,51669.85,51665.05,15,51677.7,15,75,1312485
BANKNIFTY-II.NFO,29/10/2024,09:24:01,51681.9,51662.5,75,51679.9,60,360,1312485
BANKNIFTY-II.NFO,29/10/2024,09:24:02,51664.2,51664.25,15,51673.95,60,15,1312485
BANKNIFTY-II.NFO,29/10/2024,09:24:04,51657.7,51657.7,180,51669.9,60,60,1312485
BANKNIFTY-II.NFO,29/10/2024,09:24:06,51669.4,51661.25,75,51675.95,15,45,1312485
BANKNIFTY-II.NFO,29/10/2024,09:24:07,51665.05,51666.1,30,51679.95,15,90,1312485
BANKNIFTY-II.NFO,29/10/2024,09:24:09,51683.95,51668.15,60,51679,15,315,1312485
BANKNIFTY-II.NFO,29/10/2024,09:24:11,51683.95,51670.05,15,51682.8,30,30,1312485
BANKNIFTY-II.NFO,29/10/2024,09:24:12,51683.95,51672.05,15,51682.95,30,0,1312485
BANKNIFTY-II.NFO,29/10/2024,09:24:14,51672.1,51674.05,30,51689.45,60,300,1312485
BANKNIFTY-II.NFO,29/10/2024,09:24:16,51678.05,51682.05,30,51692,45,60,1312485
BANKNIFTY-II.NFO,29/10/2024,09:24:17,51692,51680.05,15,51691.95,75,75,1312485
BANKNIFTY-II.NFO,29/10/2024,09:24:19,51679.9,51682.05,15,51692,15,180,1312485
BANKNIFTY-II.NFO,29/10/2024,09:24:21,51679.9,51680.45,45,51692,15,0,1312485
BANKNIFTY-II.NFO,29/10/2024,09:24:22,51692,51692.1,15,51696,60,30,1312485
BANKNIFTY-II.NFO,29/10/2024,09:24:24,51692,51692.1,15,51696,60,0,1312485
BANKNIFTY-II.NFO,29/10/2024,09:24:26,51692,51680,15,51694.55,60,120,1312485
BANKNIFTY-II.NFO,29/10/2024,09:24:27,51680.05,51680.05,15,51694.8,60,195,1312485
BANKNIFTY-II.NFO,29/10/2024,09:24:29,51680.05,51688.05,15,51696,15,0,1312485
BANKNIFTY-II.NFO,29/10/2024,09:24:31,51699,51692.1,30,51700,45,165,1312485
BANKNIFTY-II.NFO,29/10/2024,09:24:32,51699,51688.1,15,51695,165,0,1312485
BANKNIFTY-II.NFO,29/10/2024,09:24:34,51688.05,51680.05,15,51688,60,45,1312485
BANKNIFTY-II.NFO,29/10/2024,09:24:36,51675,51675.5,60,51688.05,165,930,1312485
BANKNIFTY-II.NFO,29/10/2024,09:24:37,51688.05,51677.8,60,51688.05,135,75,1312485
BANKNIFTY-II.NFO,29/10/2024,09:24:39,51688.05,51678.2,60,51688.05,60,75,1312485
BANKNIFTY-II.NFO,29/10/2024,09:24:41,51688.05,51682.8,75,51688.05,60,0,1312485
BANKNIFTY-II.NFO,29/10/2024,09:24:42,51676.7,51676,30,51688.05,15,315,1312485
BANKNIFTY-II.NFO,29/10/2024,09:24:44,51688.05,51680.05,15,51694.75,75,75,1312485
BANKNIFTY-II.NFO,29/10/2024,09:24:46,51688.05,51675,15,51689.3,60,0,1312485
BANKNIFTY-II.NFO,29/10/2024,09:24:47,51688.05,51675.15,30,51691.75,60,0,1312485
BANKNIFTY-II.NFO,29/10/2024,09:24:49,51678.05,51675,15,51690.4,90,15,1312485
BANKNIFTY-II.NFO,29/10/2024,09:24:51,51678.05,51675,15,51683.3,60,0,1312485
BANKNIFTY-II.NFO,29/10/2024,09:24:52,51678.05,51675,15,51685.2,60,0,1312485
BANKNIFTY-II.NFO,29/10/2024,09:24:54,51672.05,51672,15,51682.9,60,75,1312485
BANKNIFTY-II.NFO,29/10/2024,09:24:56,51680,51678.05,15,51687.2,60,15,1312485
BANKNIFTY-II.NFO,29/10/2024,09:24:57,51678.05,51676.05,30,51688,15,60,1312485
BANKNIFTY-II.NFO,29/10/2024,09:24:59,51699.15,51682.05,15,51693.55,60,915,1312485
BANKNIFTY-II.NFO,29/10/2024,09:25:01,51680,51680.05,15,51691.7,60,60,1312485
BANKNIFTY-II.NFO,29/10/2024,09:25:02,51680,51680,15,51688.75,60,0,1312485
BANKNIFTY-II.NFO,29/10/2024,09:25:04,51690.1,51692.1,30,51700,75,135,1312485
BANKNIFTY-II.NFO,29/10/2024,09:25:06,51690.1,51692.65,15,51700,75,0,1312485
BANKNIFTY-II.NFO,29/10/2024,09:25:07,51695,51682.35,30,51699,15,60,1315485
BANKNIFTY-II.NFO,29/10/2024,09:25:09,51695,51688.45,15,51699,15,0,1315485
BANKNIFTY-II.NFO,29/10/2024,09:25:11,51695,51690.9,30,51699,15,0,1315485
BANKNIFTY-II.NFO,29/10/2024,09:25:12,51695,51695,15,51699,60,0,1315485
BANKNIFTY-II.NFO,29/10/2024,09:25:14,51695,51684.25,15,51694.9,15,15,1315485
BANKNIFTY-II.NFO,29/10/2024,09:25:15,51694.9,51684.25,15,51694.95,60,15,1315485
BANKNIFTY-II.NFO,29/10/2024,09:25:17,51684.25,51685.9,15,51695,15,45,1315485
BANKNIFTY-II.NFO,29/10/2024,09:25:19,51680.2,51685.95,30,51699,15,45,1315485
BANKNIFTY-II.NFO,29/10/2024,09:25:20,51699.65,51694.9,30,51700,45,45,1315485
BANKNIFTY-II.NFO,29/10/2024,09:25:22,51700,51695,60,51700,90,30,1315485
BANKNIFTY-II.NFO,29/10/2024,09:25:24,51700,51696.6,15,51700,210,765,1315485
BANKNIFTY-II.NFO,29/10/2024,09:25:25,51700,51700,15,51705,60,225,1315485
BANKNIFTY-II.NFO,29/10/2024,09:25:27,51709.5,51713.1,15,51715,15,195,1315485
BANKNIFTY-II.NFO,29/10/2024,09:25:29,51713.1,51708.35,75,51720,345,45,1315485
BANKNIFTY-II.NFO,29/10/2024,09:25:30,51719.95,51708.1,60,51720,270,270,1315485
BANKNIFTY-II.NFO,29/10/2024,09:25:32,51719.95,51706.45,15,51719.95,90,0,1315485
BANKNIFTY-II.NFO,29/10/2024,09:25:34,51706.05,51700.05,75,51716.35,90,15,1315485
BANKNIFTY-II.NFO,29/10/2024,09:25:35,51705.9,51700,30,51708.8,135,195,1315485
BANKNIFTY-II.NFO,29/10/2024,09:25:37,51702.1,51702.1,75,51713.15,60,60,1315485
BANKNIFTY-II.NFO,29/10/2024,09:25:38,51713.15,51708.1,60,51719.95,30,60,1315485
BANKNIFTY-II.NFO,29/10/2024,09:25:40,51713.15,51711.25,60,51719.95,30,0,1315485
BANKNIFTY-II.NFO,29/10/2024,09:25:42,51711.2,51708.55,60,51715.55,30,15,1315485
BANKNIFTY-II.NFO,29/10/2024,09:25:43,51720,51718.3,60,51720,240,150,1315485
BANKNIFTY-II.NFO,29/10/2024,09:25:45,51720,51718.45,15,51720,135,150,1315485
BANKNIFTY-II.NFO,29/10/2024,09:25:46,51722,51719,45,51722,15,270,1315485
BANKNIFTY-II.NFO,29/10/2024,09:25:48,51724.1,51714.5,300,51730.55,105,360,1315485
BANKNIFTY-II.NFO,29/10/2024,09:25:50,51724.1,51713.15,15,51728.7,105,0,1315485
BANKNIFTY-II.NFO,29/10/2024,09:25:51,51722.7,51713.15,15,51723.45,60,435,1315485
BANKNIFTY-II.NFO,29/10/2024,09:25:53,51726.45,51713.15,15,51718.25,60,150,1315485
BANKNIFTY-II.NFO,29/10/2024,09:25:55,51713.15,51712.4,15,51718.25,60,90,1315485
BANKNIFTY-II.NFO,29/10/2024,09:25:56,51733,51733.25,75,51735,120,90,1315485
BANKNIFTY-II.NFO,29/10/2024,09:25:58,51735,51724.05,15,51735,105,120,1315485
BANKNIFTY-II.NFO,29/10/2024,09:25:59,51729.5,51720.1,15,51729.4,60,30,1315485
BANKNIFTY-II.NFO,29/10/2024,09:26:01,51720.1,51715.5,15,51728.95,60,15,1315485
BANKNIFTY-II.NFO,29/10/2024,09:26:03,51714.05,51714.35,75,51728.95,15,75,1315485
BANKNIFTY-II.NFO,29/10/2024,09:26:04,51718.15,51721.05,75,51728.95,15,45,1315485
BANKNIFTY-II.NFO,29/10/2024,09:26:06,51720.8,51720,15,51728.95,15,15,1315485
BANKNIFTY-II.NFO,29/10/2024,09:26:07,51735,51720.05,15,51733.95,105,195,1315485
BANKNIFTY-II.NFO,29/10/2024,09:26:09,51735,51720.1,15,51726.95,60,0,1315485
BANKNIFTY-II.NFO,29/10/2024,09:26:11,51720,51716.85,15,51726.95,15,90,1315485
BANKNIFTY-II.NFO,29/10/2024,09:26:12,51720,51720.45,30,51726.95,45,0,1315485
BANKNIFTY-II.NFO,29/10/2024,09:26:14,51742,51734.3,30,51742,735,255,1315485
BANKNIFTY-II.NFO,29/10/2024,09:26:16,51730.35,51730.55,15,51735,315,120,1315485
BANKNIFTY-II.NFO,29/10/2024,09:26:17,51740,51732.15,75,51740,60,675,1315485
BANKNIFTY-II.NFO,29/10/2024,09:26:19,51750,51740.95,60,51752,15,2730,1315485
BANKNIFTY-II.NFO,29/10/2024,09:26:21,51744.25,51744.05,45,51752,15,15,1315485
BANKNIFTY-II.NFO,29/10/2024,09:26:22,51744.25,51740.45,45,51752,135,0,1315485
BANKNIFTY-II.NFO,29/10/2024,09:26:24,51761.1,51762.5,15,51770,15,840,1315485
BANKNIFTY-II.NFO,29/10/2024,09:26:24,51770,51762.5,15,51770,15,0,1315485
BANKNIFTY-II.NFO,29/10/2024,09:26:26,51754.05,51752.05,15,51765,60,195,1315485
BANKNIFTY-II.NFO,29/10/2024,09:26:27,51754.05,51754.05,60,51767,45,0,1315485
BANKNIFTY-II.NFO,29/10/2024,09:26:29,51768,51754.05,450,51768,150,15,1315485
BANKNIFTY-II.NFO,29/10/2024,09:26:30,51762,51754.05,60,51763,180,570,1315485
BANKNIFTY-II.NFO,29/10/2024,09:26:32,51762,51755.1,15,51763,45,0,1315485
BANKNIFTY-II.NFO,29/10/2024,09:26:34,51749.5,51755.75,15,51770,225,150,1315485
BANKNIFTY-II.NFO,29/10/2024,09:26:35,51769.95,51754.65,60,51767.95,45,105,1315485
BANKNIFTY-II.NFO,29/10/2024,09:26:37,51763.9,51754.05,45,51766,165,75,1315485
BANKNIFTY-II.NFO,29/10/2024,09:26:39,51754,51752.75,45,51767.95,75,15,1315485
BANKNIFTY-II.NFO,29/10/2024,09:26:40,51764.95,51752.7,15,51763.95,45,30,1315485
BANKNIFTY-II.NFO,29/10/2024,09:26:42,51752.75,51752.75,45,51758.3,45,30,1315485
BANKNIFTY-II.NFO,29/10/2024,09:26:44,51758.3,51754,15,51758.25,45,30,1315485
BANKNIFTY-II.NFO,29/10/2024,09:26:45,51751.95,51734.9,75,51752,225,360,1315485
BANKNIFTY-II.NFO,29/10/2024,09:26:47,51738.1,51738.25,30,51752.95,60,180,1315485
BANKNIFTY-II.NFO,29/10/2024,09:26:49,51753,51740.1,30,51755.95,60,15,1315485
BANKNIFTY-II.NFO,29/10/2024,09:26:50,51757.85,51751.95,15,51755.95,60,90,1315485
BANKNIFTY-II.NFO,29/10/2024,09:26:52,51751.95,51740.05,15,51752.95,60,15,1315485
BANKNIFTY-II.NFO,29/10/2024,09:26:54,51738.8,51738.45,60,51751.95,30,60,1315485
BANKNIFTY-II.NFO,29/10/2024,09:26:55,51751.9,51738.1,60,51751.9,30,60,1315485
BANKNIFTY-II.NFO,29/10/2024,09:26:57,51742.8,51743.95,15,51751.95,30,60,1315485
BANKNIFTY-II.NFO,29/10/2024,09:26:58,51740.05,51740.1,15,51753.85,45,60,1315485
BANKNIFTY-II.NFO,29/10/2024,09:27:00,51751,51740.1,15,51749.9,45,90,1315485
BANKNIFTY-II.NFO,29/10/2024,09:27:02,51733.55,51732.75,45,51748.8,45,60,1315485
BANKNIFTY-II.NFO,29/10/2024,09:27:03,51733.55,51735,30,51743.2,165,0,1315485
BANKNIFTY-II.NFO,29/10/2024,09:27:05,51732.75,51730,60,51735,30,75,1315485
BANKNIFTY-II.NFO,29/10/2024,09:27:07,51730,51728,15,51731.15,150,105,1315485
BANKNIFTY-II.NFO,29/10/2024,09:27:08,51733.7,51728,15,51733.05,195,15,1315485
BANKNIFTY-II.NFO,29/10/2024,09:27:10,51719.95,51706.5,60,51725,45,225,1315485
BANKNIFTY-II.NFO,29/10/2024,09:27:12,51719.95,51708.05,30,51724,60,0,1315485
BANKNIFTY-II.NFO,29/10/2024,09:27:13,51724,51710.7,60,51729.15,45,75,1315485
BANKNIFTY-II.NFO,29/10/2024,09:27:15,51724,51708.1,75,51727.1,15,0,1315485
BANKNIFTY-II.NFO,29/10/2024,09:27:17,51724,51717.85,30,51731.95,15,15,1315485
BANKNIFTY-II.NFO,29/10/2024,09:27:18,51731.95,51719.95,15,51727.5,120,15,1315485
BANKNIFTY-II.NFO,29/10/2024,09:27:20,51719.95,51704.75,30,51722.75,135,15,1315485
BANKNIFTY-II.NFO,29/10/2024,09:27:22,51719.95,51706.3,75,51724,120,15,1315485
BANKNIFTY-II.NFO,29/10/2024,09:27:23,51706.05,51706.8,45,51723.55,45,45,1315485
BANKNIFTY-II.NFO,29/10/2024,09:27:25,51715.15,51706.05,15,51722,105,180,1315485
BANKNIFTY-II.NFO,29/10/2024,09:27:27,51700.3,51700,135,51715.4,75,45,1315485
BANKNIFTY-II.NFO,29/10/2024,09:27:28,51696.05,51695.95,15,51711.2,60,630,1315485
BANKNIFTY-II.NFO,29/10/2024,09:27:30,51712.6,51700,15,51708.35,30,30,1315485
BANKNIFTY-II.NFO,29/10/2024,09:27:32,51696.05,51693,30,51696.4,45,165,1315485
BANKNIFTY-II.NFO,29/10/2024,09:27:33,51696.4,51693,30,51696.4,15,75,1315485
BANKNIFTY-II.NFO,29/10/2024,09:27:35,51693.2,51681,45,51693.95,15,735,1315485
BANKNIFTY-II.NFO,29/10/2024,09:27:37,51692.8,51683,45,51693.95,15,195,1315485
BANKNIFTY-II.NFO,29/10/2024,09:27:38,51697.95,51688.15,60,51699,75,15,1315485
BANKNIFTY-II.NFO,29/10/2024,09:27:40,51700,51691,15,51700,60,285,1315485
BANKNIFTY-II.NFO,29/10/2024,09:27:42,51699.9,51683.5,15,51700.9,60,435,1315485
BANKNIFTY-II.NFO,29/10/2024,09:27:43,51687.95,51680,30,51689.95,15,150,1315485
BANKNIFTY-II.NFO,29/10/2024,09:27:45,51689.95,51682.5,30,51693.95,15,45,1315485
BANKNIFTY-II.NFO,29/10/2024,09:27:47,51700.35,51684,15,51695.95,15,240,1315485
BANKNIFTY-II.NFO,29/10/2024,09:27:48,51699.95,51690.5,150,51698.9,60,30,1315485
BANKNIFTY-II.NFO,29/10/2024,09:27:50,51697.5,51690.5,30,51693.15,60,135,1315485
BANKNIFTY-II.NFO,29/10/2024,09:27:52,51683.95,51674.15,30,51683.95,15,135,1315485
BANKNIFTY-II.NFO,29/10/2024,09:27:53,51673.25,51660.3,30,51673.9,60,60,1315485
BANKNIFTY-II.NFO,29/10/2024,09:27:55,51665.3,51657.7,180,51665.3,180,630,1315485
BANKNIFTY-II.NFO,29/10/2024,09:27:57,51655.95,51651.5,150,51657.55,75,240,1315485
BANKNIFTY-II.NFO,29/10/2024,09:27:58,51665.95,51651.3,75,51667.95,15,1035,1315485
BANKNIFTY-II.NFO,29/10/2024,09:28:00,51673.1,51662.5,30,51676.7,150,1050,1315485
BANKNIFTY-II.NFO,29/10/2024,09:28:02,51672.3,51662.5,30,51671.3,45,45,1315485
BANKNIFTY-II.NFO,29/10/2024,09:28:03,51662.6,51662.55,45,51670.05,75,15,1315485
BANKNIFTY-II.NFO,29/10/2024,09:28:05,51662.6,51662.55,45,51666.25,45,0,1315485
BANKNIFTY-II.NFO,29/10/2024,09:28:07,51662.55,51662.55,15,51666.25,45,45,1320540
BANKNIFTY-II.NFO,29/10/2024,09:28:08,51666.25,51662.75,30,51672.45,225,45,1320540
BANKNIFTY-II.NFO,29/10/2024,09:28:10,51667.55,51663.1,60,51680.85,15,255,1320540
BANKNIFTY-II.NFO,29/10/2024,09:28:11,51667.55,51668.05,60,51679.95,45,0,1320540
BANKNIFTY-II.NFO,29/10/2024,09:28:13,51684.65,51670.6,15,51681.2,75,195,1320540
BANKNIFTY-II.NFO,29/10/2024,09:28:15,51684.65,51670.7,15,51674.8,75,0,1320540
BANKNIFTY-II.NFO,29/10/2024,09:28:17,51684.65,51670.8,15,51679.95,15,0,1320540
BANKNIFTY-II.NFO,29/10/2024,09:28:18,51675.35,51670,30,51677.95,15,360,1320540
BANKNIFTY-II.NFO,29/10/2024,09:28:20,51681.5,51670,30,51678.15,75,45,1320540
BANKNIFTY-II.NFO,29/10/2024,09:28:22,51681.5,51670.05,45,51675.35,60,0,1320540
BANKNIFTY-II.NFO,29/10/2024,09:28:23,51675.35,51670.15,30,51681.5,75,60,1320540
BANKNIFTY-II.NFO,29/10/2024,09:28:25,51675.35,51670.3,15,51675.8,60,0,1320540
BANKNIFTY-II.NFO,29/10/2024,09:28:26,51675.35,51670.15,30,51672.15,75,0,1320540
BANKNIFTY-II.NFO,29/10/2024,09:28:28,51673.9,51660.05,30,51669.8,135,105,1320540
BANKNIFTY-II.NFO,29/10/2024,09:28:30,51660.1,51660.15,60,51670.05,150,30,1320540
BANKNIFTY-II.NFO,29/10/2024,09:28:31,51660.1,51660.15,315,51669.15,210,15,1320540
BANKNIFTY-II.NFO,29/10/2024,09:28:33,51662.55,51660.15,30,51662.85,75,225,1320540
BANKNIFTY-II.NFO,29/10/2024,09:28:35,51661.75,51660.15,30,51664.6,45,120,1320540
BANKNIFTY-II.NFO,29/10/2024,09:28:36,51663,51660.25,135,51664.6,45,15,1320540
BANKNIFTY-II.NFO,29/10/2024,09:28:38,51670.05,51660.35,75,51670.05,165,75,1320540
BANKNIFTY-II.NFO,29/10/2024,09:28:40,51670.05,51660.35,15,51664,75,0,1320540
BANKNIFTY-II.NFO,29/10/2024,09:28:41,51670.05,51660.4,30,51665.15,45,0,1320540
BANKNIFTY-II.NFO,29/10/2024,09:28:43,51665.15,51663,150,51665.15,30,60,1320540
BANKNIFTY-II.NFO,29/10/2024,09:28:45,51665.15,51665.15,15,51667.85,75,630,1320540
BANKNIFTY-II.NFO,29/10/2024,09:28:46,51663.05,51663.1,120,51670,15,30,1320540
BANKNIFTY-II.NFO,29/10/2024,09:28:48,51670.05,51663.2,60,51670.05,135,75,1320540
BANKNIFTY-II.NFO,29/10/2024,09:28:49,51670.05,51663.1,120,51670.05,135,0,1320540
BANKNIFTY-II.NFO,29/10/2024,09:28:51,51663.1,51663.1,60,51668.6,75,105,1320540
BANKNIFTY-II.NFO,29/10/2024,09:28:53,51660,51660,240,51664.85,105,315,1320540
BANKNIFTY-II.NFO,29/10/2024,09:28:54,51660,51660,240,51666.6,75,0,1320540
BANKNIFTY-II.NFO,29/10/2024,09:28:56,51662.4,51660.05,75,51668.7,45,705,1320540
BANKNIFTY-II.NFO,29/10/2024,09:28:58,51668.4,51660,180,51667.7,75,315,1320540
BANKNIFTY-II.NFO,29/10/2024,09:28:59,51670,51663.05,30,51670.05,135,45,1320540
BANKNIFTY-II.NFO,29/10/2024,09:29:01,51663.05,51663.05,15,51669.8,75,75,1320540
BANKNIFTY-II.NFO,29/10/2024,09:29:03,51664.6,51660.1,60,51666.4,75,135,1320540
BANKNIFTY-II.NFO,29/10/2024,09:29:04,51668.6,51662.55,60,51670.05,135,120,1320540
BANKNIFTY-II.NFO,29/10/2024,09:29:06,51666.9,51666.9,75,51677.95,15,210,1320540
BANKNIFTY-II.NFO,29/10/2024,09:29:08,51675.7,51662.2,60,51666.85,15,15,1320540
BANKNIFTY-II.NFO,29/10/2024,09:29:09,51677.95,51668.6,15,51679.8,75,555,1320540
BANKNIFTY-II.NFO,29/10/2024,09:29:11,51668.7,51668.7,45,51678.2,75,405,1320540
BANKNIFTY-II.NFO,29/10/2024,09:29:12,51668.7,51668.7,60,51673.7,75,0,1320540
BANKNIFTY-II.NFO,29/10/2024,09:29:14,51668.8,51666.95,390,51671.2,75,150,1320540
BANKNIFTY-II.NFO,29/10/2024,09:29:16,51668.8,51666.95,390,51675.3,150,0,1320540
BANKNIFTY-II.NFO,29/10/2024,09:29:17,51667,51667,60,51671.1,75,105,1320540
BANKNIFTY-II.NFO,29/10/2024,09:29:19,51667,51667,15,51671.1,150,0,1320540
BANKNIFTY-II.NFO,29/10/2024,09:29:21,51665.15,51664.6,15,51671.25,75,840,1320540
BANKNIFTY-II.NFO,29/10/2024,09:29:22,51672.35,51668.1,105,51678.75,285,75,1320540
BANKNIFTY-II.NFO,29/10/2024,09:29:24,51672.9,51673.45,60,51680,60,60,1320540
BANKNIFTY-II.NFO,29/10/2024,09:29:25,51687.5,51676.6,75,51687.95,15,165,1320540
BANKNIFTY-II.NFO,29/10/2024,09:29:27,51679.45,51678.1,30,51691.55,75,165,1320540
BANKNIFTY-II.NFO,29/10/2024,09:29:29,51679.45,51674.1,30,51692,150,0,1320540
BANKNIFTY-II.NFO,29/10/2024,09:29:30,51679.45,51679.4,30,51693.95,15,0,1320540
BANKNIFTY-II.NFO,29/10/2024,09:29:32,51679.45,51680.45,30,51686.65,15,390,1320540
BANKNIFTY-II.NFO,29/10/2024,09:29:34,51682.5,51666.2,60,51681.1,75,195,1320540
BANKNIFTY-II.NFO,29/10/2024,09:29:35,51682.5,51666.35,75,51677.55,75,0,1320540
BANKNIFTY-II.NFO,29/10/2024,09:29:37,51672.5,51661.05,60,51674.1,30,90,1320540
BANKNIFTY-II.NFO,29/10/2024,09:29:39,51660,51660,705,51670.6,75,30,1320540
BANKNIFTY-II.NFO,29/10/2024,09:29:40,51671.95,51660.1,15,51671.5,60,75,1320540
BANKNIFTY-II.NFO,29/10/2024,09:29:42,51677.5,51669.2,60,51685,195,45,1320540
BANKNIFTY-II.NFO,29/10/2024,09:29:44,51677.5,51678.1,75,51693,195,0,1320540
BANKNIFTY-II.NFO,29/10/2024,09:29:45,51677.5,51686.1,60,51699,375,0,1320540
BANKNIFTY-II.NFO,29/10/2024,09:29:47,51692.5,51688.8,75,51692.5,60,30,1320540
BANKNIFTY-II.NFO,29/10/2024,09:29:48,51692.5,51690.15,60,51699,135,60,1320540
BANKNIFTY-II.NFO,29/10/2024,09:29:50,51692.5,51692.05,15,51699,135,0,1320540
BANKNIFTY-II.NFO,29/10/2024,09:29:52,51699,51690.3,75,51699,150,30,1320540
BANKNIFTY-II.NFO,29/10/2024,09:29:53,51699,51692.1,15,51699,150,0,1320540
BANKNIFTY-II.NFO,29/10/2024,09:29:55,51699,51692.1,15,51695.5,60,0,1320540
BANKNIFTY-II.NFO,29/10/2024,09:29:57,51695.5,51690.35,15,51695.5,45,60,1320540
BANKNIFTY-II.NFO,29/10/2024,09:29:58,51695.5,51688.1,30,51695.5,30,150,1320540
BANKNIFTY-II.NFO,29/10/2024,09:30:00,51686.45,51688.05,15,51699,60,165,1320540
BANKNIFTY-II.NFO,29/10/2024,09:30:02,51686.45,51688.15,15,51698,195,0,1320540
BANKNIFTY-II.NFO,29/10/2024,09:30:03,51699,51688.25,15,51699,75,90,1320540
BANKNIFTY-II.NFO,29/10/2024,09:30:05,51699,51688.9,15,51699,30,45,1320540
BANKNIFTY-II.NFO,29/10/2024,09:30:07,51700,51693.8,30,51700,30,60,1320540
BANKNIFTY-II.NFO,29/10/2024,09:30:08,51700,51700,75,51706.6,60,30,1320540
BANKNIFTY-II.NFO,29/10/2024,09:30:10,51692,51689,15,51690.8,60,105,1320540
BANKNIFTY-II.NFO,29/10/2024,09:30:12,51688.95,51688.3,15,51691.75,45,525,1320540
BANKNIFTY-II.NFO,29/10/2024,09:30:13,51677.5,51677.6,15,51688,180,120,1320540
BANKNIFTY-II.NFO,29/10/2024,09:30:15,51677.5,51677.6,15,51686,180,0,1320540
BANKNIFTY-II.NFO,29/10/2024,09:30:17,51677.6,51672.8,105,51689,180,45,1320540
BANKNIFTY-II.NFO,29/10/2024,09:30:18,51677.6,51671.1,15,51681.85,150,0,1320540
BANKNIFTY-II.NFO,29/10/2024,09:30:20,51671.1,51671,90,51679.95,15,45,1320540
BANKNIFTY-II.NFO,29/10/2024,09:30:22,51671.1,51671,90,51680.45,45,0,1320540
BANKNIFTY-II.NFO,29/10/2024,09:30:23,51671,51671,60,51680.45,45,30,1320540
BANKNIFTY-II.NFO,29/10/2024,09:30:25,51677.95,51671,60,51679.95,15,30,1320540
BANKNIFTY-II.NFO,29/10/2024,09:30:27,51675.95,51671.05,15,51679.35,15,75,1320540
BANKNIFTY-II.NFO,29/10/2024,09:30:28,51679.25,51671.05,15,51678.2,315,15,1320540
BANKNIFTY-II.NFO,29/10/2024,09:30:30,51689.95,51674.65,60,51691.4,30,15,1320540
BANKNIFTY-II.NFO,29/10/2024,09:30:32,51680,51671.3,60,51683.95,15,15,1320540
BANKNIFTY-II.NFO,29/10/2024,09:30:33,51680,51671.05,15,51683.95,15,0,1320540
BANKNIFTY-II.NFO,29/10/2024,09:30:35,51680,51671.1,120,51681.95,15,0,1320540
BANKNIFTY-II.NFO,29/10/2024,09:30:37,51671.15,51671,60,51677.95,15,180,1320540
BANKNIFTY-II.NFO,29/10/2024,09:30:38,51671.15,51671,60,51677.95,15,0,1320540
BANKNIFTY-II.NFO,29/10/2024,09:30:40,51671.15,51671,60,51681.95,15,0,1320540
BANKNIFTY-II.NFO,29/10/2024,09:30:42,51671.15,51671,60,51683.95,60,0,1320540
BANKNIFTY-II.NFO,29/10/2024,09:30:43,51665,51670.7,225,51683.95,45,450,1320540
BANKNIFTY-II.NFO,29/10/2024,09:30:45,51692.95,51681.4,75,51697,180,60,1320540
BANKNIFTY-II.NFO,29/10/2024,09:30:47,51699.3,51691.15,30,51700.05,75,60,1320540
BANKNIFTY-II.NFO,29/10/2024,09:30:48,51690.4,51690.55,45,51699.95,15,15,1320540
BANKNIFTY-II.NFO,29/10/2024,09:30:50,51691.85,51690.05,30,51699.3,30,15,1320540
BANKNIFTY-II.NFO,29/10/2024,09:30:52,51699.3,51692.05,30,51699.3,60,60,1320540
BANKNIFTY-II.NFO,29/10/2024,09:30:53,51699.3,51691.85,30,51699.3,60,0,1320540
BANKNIFTY-II.NFO,29/10/2024,09:30:55,51712,51702.15,45,51714,135,405,1320540
BANKNIFTY-II.NFO,29/10/2024,09:30:57,51697.6,51696.05,15,51710,150,60,1320540
BANKNIFTY-II.NFO,29/10/2024,09:30:58,51697.6,51696.05,15,51710.95,60,0,1320540
BANKNIFTY-II.NFO,29/10/2024,09:31:00,51697.6,51692.2,30,51706.95,60,0,1320540
BANKNIFTY-II.NFO,29/10/2024,09:31:02,51714.05,51706.9,15,51714.05,45,30,1320540
BANKNIFTY-II.NFO,29/10/2024,09:31:03,51721,51718.1,15,51727,15,60,1320540
BANKNIFTY-II.NFO,29/10/2024,09:31:05,51716.05,51716.1,15,51730,135,30,1320540
BANKNIFTY-II.NFO,29/10/2024,09:31:07,51716.05,51712,15,51725,165,0,1320540
BANKNIFTY-II.NFO,29/10/2024,09:31:08,51726,51713.25,15,51727,135,15,1326420
BANKNIFTY-II.NFO,29/10/2024,09:31:10,51729,51710.1,15,51723.95,60,15,1326420
BANKNIFTY-II.NFO,29/10/2024,09:31:11,51706.1,51704.85,30,51715.15,30,30,1326420
BANKNIFTY-II.NFO,29/10/2024,09:31:13,51706.1,51708.95,15,51715.15,75,0,1326420
BANKNIFTY-II.NFO,29/10/2024,09:31:15,51715.15,51713,15,51715.15,15,150,1326420
BANKNIFTY-II.NFO,29/10/2024,09:31:16,51720.05,51714.05,15,51722.95,60,45,1326420
BANKNIFTY-II.NFO,29/10/2024,09:31:18,51723,51710.1,15,51723,75,30,1326420
BANKNIFTY-II.NFO,29/10/2024,09:31:20,51716.05,51714.1,15,51722,15,15,1326420
BANKNIFTY-II.NFO,29/10/2024,09:31:21,51716.05,51716.15,15,51722,15,0,1326420
BANKNIFTY-II.NFO,29/10/2024,09:31:23,51730,51723.9,15,51730,105,210,1326420
BANKNIFTY-II.NFO,29/10/2024,09:31:25,51730,51724.15,75,51730,45,90,1326420
BANKNIFTY-II.NFO,29/10/2024,09:31:26,51745,51741.05,15,51747,15,120,1326420
BANKNIFTY-II.NFO,29/10/2024,09:31:28,51741.05,51741.75,75,51747,15,45,1326420
BANKNIFTY-II.NFO,29/10/2024,09:31:30,51744.65,51741,15,51749,165,45,1326420
BANKNIFTY-II.NFO,29/10/2024,09:31:31,51749,51740.05,15,51749,150,30,1326420
BANKNIFTY-II.NFO,29/10/2024,09:31:33,51742.9,51743.05,15,51748.95,60,30,1326420
BANKNIFTY-II.NFO,29/10/2024,09:31:35,51749,51743.85,75,51749,90,150,1326420
BANKNIFTY-II.NFO,29/10/2024,09:31:36,51755.9,51741.5,30,51750,15,315,1326420
BANKNIFTY-II.NFO,29/10/2024,09:31:38,51755.9,51744.65,30,51747.75,15,0,1326420
BANKNIFTY-II.NFO,29/10/2024,09:31:40,51743,51740,150,51742.9,15,60,1326420
BANKNIFTY-II.NFO,29/10/2024,09:31:41,51742.05,51740,150,51750,15,180,1326420
BANKNIFTY-II.NFO,29/10/2024,09:31:43,51742.05,51741.5,75,51750,60,0,1326420
BANKNIFTY-II.NFO,29/10/2024,09:31:45,51740.05,51740,150,51750.95,60,195,1326420
BANKNIFTY-II.NFO,29/10/2024,09:31:46,51743.7,51743.1,15,51753.85,60,15,1326420
BANKNIFTY-II.NFO,29/10/2024,09:31:48,51742.05,51740.05,15,51749.95,60,60,1326420
BANKNIFTY-II.NFO,29/10/2024,09:31:50,51751.95,51741.6,15,51750,15,990,1326420
BANKNIFTY-II.NFO,29/10/2024,09:31:51,51752.05,51748.1,120,51760,45,930,1326420
BANKNIFTY-II.NFO,29/10/2024,09:31:53,51766.05,51764.15,120,51775,180,420,1326420
BANKNIFTY-II.NFO,29/10/2024,09:31:53,51775,51764.15,120,51775,180,0,1326420
BANKNIFTY-II.NFO,29/10/2024,09:31:55,51775.3,51768.05,15,51779,150,255,1326420
BANKNIFTY-II.NFO,29/10/2024,09:31:55,51777,51768.05,15,51779,150,0,1326420
BANKNIFTY-II.NFO,29/10/2024,09:31:56,51772.1,51776.55,120,51779,15,45,1326420
BANKNIFTY-II.NFO,29/10/2024,09:31:58,51777,51777,885,51779,15,30,1326420
BANKNIFTY-II.NFO,29/10/2024,09:31:58,51777.45,51777,885,51779,15,0,1326420
BANKNIFTY-II.NFO,29/10/2024,09:32:00,51781,51780.65,30,51787.95,15,210,1326420
BANKNIFTY-II.NFO,29/10/2024,09:32:00,51781,51780.65,30,51787.95,15,0,1326420
BANKNIFTY-II.NFO,29/10/2024,09:32:01,51785.9,51787.95,15,51790,15,255,1326420
BANKNIFTY-II.NFO,29/10/2024,09:32:01,51789.95,51787.95,15,51790,15,0,1326420
BANKNIFTY-II.NFO,29/10/2024,09:32:03,51777,51777,105,51784.95,120,1020,1326420
BANKNIFTY-II.NFO,29/10/2024,09:32:03,51794.4,51777,105,51784.95,120,0,1326420
BANKNIFTY-II.NFO,29/10/2024,09:32:05,51772.1,51768.05,15,51777.95,30,435,1326420
BANKNIFTY-II.NFO,29/10/2024,09:32:06,51762.3,51762.3,15,51777,30,225,1326420
BANKNIFTY-II.NFO,29/10/2024,09:32:08,51783.25,51774.05,15,51783.25,15,195,1326420
BANKNIFTY-II.NFO,29/10/2024,09:32:10,51783.55,51772.05,15,51784.65,45,15,1326420
BANKNIFTY-II.NFO,29/10/2024,09:32:11,51785.25,51770.05,15,51785.9,45,60,1326420
BANKNIFTY-II.NFO,29/10/2024,09:32:13,51785.55,51770,15,51784.55,45,15,1326420
BANKNIFTY-II.NFO,29/10/2024,09:32:14,51774.05,51766.1,135,51774.05,15,45,1326420
BANKNIFTY-II.NFO,29/10/2024,09:32:16,51758.1,51758.1,120,51773.95,120,165,1326420
BANKNIFTY-II.NFO,29/10/2024,09:32:18,51763.8,51763.8,15,51770,75,210,1326420
BANKNIFTY-II.NFO,29/10/2024,09:32:19,51773.15,51763.8,15,51771.95,30,90,1326420
BANKNIFTY-II.NFO,29/10/2024,09:32:21,51762.95,51754.05,15,51769.3,60,105,1326420
BANKNIFTY-II.NFO,29/10/2024,09:32:23,51760,51752.1,120,51767.9,30,15,1326420
BANKNIFTY-II.NFO,29/10/2024,09:32:24,51760,51750,30,51763.2,75,0,1326420
BANKNIFTY-II.NFO,29/10/2024,09:32:26,51752.1,51754.1,135,51769.9,45,90,1326420
BANKNIFTY-II.NFO,29/10/2024,09:32:28,51756.05,51758.1,45,51770.2,360,240,1326420
BANKNIFTY-II.NFO,29/10/2024,09:32:29,51770.2,51750.8,45,51770.15,150,30,1326420
BANKNIFTY-II.NFO,29/10/2024,09:32:31,51767.9,51752.1,60,51769.25,150,15,1326420
BANKNIFTY-II.NFO,29/10/2024,09:32:33,51769.2,51752.05,15,51767.65,150,30,1326420
BANKNIFTY-II.NFO,29/10/2024,09:32:34,51769.2,51750.1,90,51767.9,150,0,1326420
BANKNIFTY-II.NFO,29/10/2024,09:32:36,51769.2,51754.05,15,51769.2,150,0,1326420
BANKNIFTY-II.NFO,29/10/2024,09:32:38,51754.15,51754.05,15,51769.2,150,120,1326420
BANKNIFTY-II.NFO,29/10/2024,09:32:39,51750,51750.05,15,51767.6,150,135,1326420
BANKNIFTY-II.NFO,29/10/2024,09:32:41,51745.35,51756,15,51769.15,150,45,1326420
BANKNIFTY-II.NFO,29/10/2024,09:32:43,51760.05,51756.5,75,51765.9,45,45,1326420
BANKNIFTY-II.NFO,29/10/2024,09:32:44,51754.5,51756.9,75,51765.9,45,75,1326420
BANKNIFTY-II.NFO,29/10/2024,09:32:46,51755.05,51752.95,75,51767.95,15,225,1326420
BANKNIFTY-II.NFO,29/10/2024,09:32:48,51754.3,51756.05,15,51770,90,15,1326420
BANKNIFTY-II.NFO,29/10/2024,09:32:49,51754.3,51752.05,15,51765.05,165,0,1326420
BANKNIFTY-II.NFO,29/10/2024,09:32:51,51770.85,51750.1,135,51767.9,120,600,1326420
BANKNIFTY-II.NFO,29/10/2024,09:32:53,51770.85,51750.1,120,51763.95,120,0,1326420
BANKNIFTY-II.NFO,29/10/2024,09:32:55,51763.95,51752.8,15,51763.95,120,105,1326420
BANKNIFTY-II.NFO,29/10/2024,09:32:56,51752.85,51750.05,15,51752.8,60,15,1326420
BANKNIFTY-II.NFO,29/10/2024,09:32:58,51752.8,51744,15,51752.8,60,60,1326420
BANKNIFTY-II.NFO,29/10/2024,09:33:00,51744,51742.2,15,51749,30,15,1326420
BANKNIFTY-II.NFO,29/10/2024,09:33:01,51742.2,51737.2,45,51747.9,330,15,1326420
BANKNIFTY-II.NFO,29/10/2024,09:33:03,51742.2,51742.15,15,51743.95,45,15,1326420
BANKNIFTY-II.NFO,29/10/2024,09:33:05,51743.95,51742.15,15,51747.9,330,45,1326420
BANKNIFTY-II.NFO,29/10/2024,09:33:06,51743.95,51743.95,30,51752.75,120,0,1326420
BANKNIFTY-II.NFO,29/10/2024,09:33:08,51752.75,51743.95,30,51752.75,120,30,1326420
BANKNIFTY-II.NFO,29/10/2024,09:33:10,51751.95,51743.95,30,51752.75,75,105,1326420
BANKNIFTY-II.NFO,29/10/2024,09:33:11,51751.9,51743.95,30,51751.85,75,30,1326420
BANKNIFTY-II.NFO,29/10/2024,09:33:13,51750,51742.35,15,51751.85,75,30,1326420
BANKNIFTY-II.NFO,29/10/2024,09:33:15,51751.85,51742.35,15,51751.85,60,15,1326420
BANKNIFTY-II.NFO,29/10/2024,09:33:16,51751.9,51742.35,15,51751.9,30,135,1326420
BANKNIFTY-II.NFO,29/10/2024,09:33:18,51742.35,51742.45,15,51752,15,30,1326420
BANKNIFTY-II.NFO,29/10/2024,09:33:20,51752.8,51747,15,51752.8,30,45,1326420
BANKNIFTY-II.NFO,29/10/2024,09:33:21,51752.8,51748.1,120,51760,45,60,1326420
BANKNIFTY-II.NFO,29/10/2024,09:33:23,51748.05,51743.05,135,51759.95,45,15,1326420
BANKNIFTY-II.NFO,29/10/2024,09:33:25,51751.9,51755,375,51760,90,30,1326420
BANKNIFTY-II.NFO,29/10/2024,09:33:26,51755,51744.05,15,51759.4,45,375,1326420
BANKNIFTY-II.NFO,29/10/2024,09:33:28,51748.05,51742.55,15,51748.05,60,75,1326420
BANKNIFTY-II.NFO,29/10/2024,09:33:30,51748.05,51742.55,15,51748,45,0,1326420
BANKNIFTY-II.NFO,29/10/2024,09:33:31,51748.05,51742.55,15,51748.05,45,15,1326420
BANKNIFTY-II.NFO,29/10/2024,09:33:33,51742.7,51740,15,51748,45,30,1326420
BANKNIFTY-II.NFO,29/10/2024,09:33:35,51740,51731,15,51741.85,45,30,1326420
BANKNIFTY-II.NFO,29/10/2024,09:33:36,51741.85,51730,135,51740.75,45,105,1326420
BANKNIFTY-II.NFO,29/10/2024,09:33:38,51730,51730,90,51739.4,30,120,1326420
BANKNIFTY-II.NFO,29/10/2024,09:33:40,51730,51730,90,51737.95,15,0,1326420
BANKNIFTY-II.NFO,29/10/2024,09:33:41,51738.4,51730,90,51739.65,30,15,1326420
BANKNIFTY-II.NFO,29/10/2024,09:33:43,51730,51725,15,51735.95,15,90,1326420
BANKNIFTY-II.NFO,29/10/2024,09:33:45,51730,51725,15,51737.25,300,0,1326420
BANKNIFTY-II.NFO,29/10/2024,09:33:46,51730,51725,15,51733.95,15,0,1326420
BANKNIFTY-II.NFO,29/10/2024,09:33:48,51725,51720,60,51725,45,15,1326420
BANKNIFTY-II.NFO,29/10/2024,09:33:50,51725,51720,60,51725,30,15,1326420
BANKNIFTY-II.NFO,29/10/2024,09:33:51,51725,51720.05,15,51725,15,15,1326420
BANKNIFTY-II.NFO,29/10/2024,09:33:53,51722.05,51721.05,135,51734.65,15,90,1326420
BANKNIFTY-II.NFO,29/10/2024,09:33:55,51734.8,51724.1,135,51734.8,285,15,1326420
BANKNIFTY-II.NFO,29/10/2024,09:33:56,51734.8,51722.05,15,51735.5,15,0,1326420
BANKNIFTY-II.NFO,29/10/2024,09:33:58,51733.9,51720.05,15,51731.95,15,120,1326420
BANKNIFTY-II.NFO,29/10/2024,09:34:00,51720,51707.9,120,51723.95,15,75,1326420
BANKNIFTY-II.NFO,29/10/2024,09:34:01,51720,51708.1,135,51723.95,15,0,1326420
BANKNIFTY-II.NFO,29/10/2024,09:34:03,51721.95,51716.5,120,51721.95,30,15,1326420
BANKNIFTY-II.NFO,29/10/2024,09:34:05,51721.95,51718.1,135,51732,165,30,1326420
BANKNIFTY-II.NFO,29/10/2024,09:34:06,51721.95,51720.1,120,51731.95,60,165,1326420
BANKNIFTY-II.NFO,29/10/2024,09:34:08,51721.95,51709.55,165,51726.95,120,0,1326420
BANKNIFTY-II.NFO,29/10/2024,09:34:09,51724.5,51706.1,135,51723,75,60,1327410
BANKNIFTY-II.NFO,29/10/2024,09:34:11,51724.5,51712.1,135,51725.95,15,0,1327410
BANKNIFTY-II.NFO,29/10/2024,09:34:13,51725,51710.5,120,51725.15,45,45,1327410
BANKNIFTY-II.NFO,29/10/2024,09:34:14,51725,51708.3,135,51724.35,60,0,1327410
BANKNIFTY-II.NFO,29/10/2024,09:34:16,51723.9,51705.4,120,51721.4,60,15,1327410
BANKNIFTY-II.NFO,29/10/2024,09:34:18,51721.95,51707,135,51723.8,105,210,1327410
BANKNIFTY-II.NFO,29/10/2024,09:34:19,51721.95,51705.05,120,51720.95,105,0,1327410
BANKNIFTY-II.NFO,29/10/2024,09:34:21,51715.9,51705,30,51715.9,60,105,1327410
BANKNIFTY-II.NFO,29/10/2024,09:34:23,51717.9,51705,30,51715.9,45,15,1327410
BANKNIFTY-II.NFO,29/10/2024,09:34:24,51706.55,51705.05,135,51715.9,45,30,1327410
BANKNIFTY-II.NFO,29/10/2024,09:34:26,51706.55,51705,30,51715.85,75,0,1327410
BANKNIFTY-II.NFO,29/10/2024,09:34:27,51715.9,51701.3,135,51715.9,75,60,1327410
BANKNIFTY-II.NFO,29/10/2024,09:34:29,51715.9,51701,15,51713.9,75,0,1327410
BANKNIFTY-II.NFO,29/10/2024,09:34:31,51701.3,51701,15,51711.9,60,30,1327410
BANKNIFTY-II.NFO,29/10/2024,09:34:32,51701.3,51701,15,51711.9,45,0,1327410
BANKNIFTY-II.NFO,29/10/2024,09:34:34,51701.3,51702.1,135,51711.9,45,0,1327410
BANKNIFTY-II.NFO,29/10/2024,09:34:35,51711.9,51701,15,51711.9,30,15,1327410
BANKNIFTY-II.NFO,29/10/2024,09:34:37,51700.55,51700.05,15,51714.4,105,60,1327410
BANKNIFTY-II.NFO,29/10/2024,09:34:39,51714,51702,30,51710.75,135,225,1327410
BANKNIFTY-II.NFO,29/10/2024,09:34:40,51690,51685.1,30,51697.95,15,885,1327410
BANKNIFTY-II.NFO,29/10/2024,09:34:42,51692.55,51685.1,15,51692.9,30,165,1327410
BANKNIFTY-II.NFO,29/10/2024,09:34:44,51694.5,51685.1,15,51692.45,30,195,1327410
BANKNIFTY-II.NFO,29/10/2024,09:34:45,51683,51682.25,30,51695.95,15,45,1327410
BANKNIFTY-II.NFO,29/10/2024,09:34:47,51690,51682.2,15,51690,15,45,1327410
BANKNIFTY-II.NFO,29/10/2024,09:34:48,51690,51682.2,15,51693.95,15,15,1327410
BANKNIFTY-II.NFO,29/10/2024,09:34:50,51690,51682.2,15,51695.95,75,0,1327410
BANKNIFTY-II.NFO,29/10/2024,09:34:52,51690,51690,15,51690.5,45,0,1327410
BANKNIFTY-II.NFO,29/10/2024,09:34:53,51694.85,51690,15,51699,15,300,1327410
BANKNIFTY-II.NFO,29/10/2024,09:34:55,51680,51680.05,30,51692.45,15,90,1327410
BANKNIFTY-II.NFO,29/10/2024,09:34:57,51685.8,51680,120,51683.95,45,345,1327410
BANKNIFTY-II.NFO,29/10/2024,09:34:58,51680.4,51672.1,30,51687.95,15,225,1327410
BANKNIFTY-II.NFO,29/10/2024,09:35:00,51684.9,51671,15,51685.15,75,15,1327410
BANKNIFTY-II.NFO,29/10/2024,09:35:01,51686.4,51672.85,30,51685.75,135,195,1327410
BANKNIFTY-II.NFO,29/10/2024,09:35:03,51694.65,51679.7,30,51695.55,30,165,1327410
BANKNIFTY-II.NFO,29/10/2024,09:35:05,51700.55,51692.05,15,51700.5,15,105,1327410
BANKNIFTY-II.NFO,29/10/2024,09:35:06,51700.55,51690.4,30,51700.55,15,15,1327410
BANKNIFTY-II.NFO,29/10/2024,09:35:08,51709.9,51695.35,30,51710.3,60,105,1327410
BANKNIFTY-II.NFO,29/10/2024,09:35:10,51709.9,51700,30,51713.3,165,0,1327410
BANKNIFTY-II.NFO,29/10/2024,09:35:11,51709.9,51700,90,51704.25,135,0,1327410
BANKNIFTY-II.NFO,29/10/2024,09:35:13,51701.95,51690.35,150,51699.95,15,105,1327410
BANKNIFTY-II.NFO,29/10/2024,09:35:15,51701.95,51694.65,15,51703.9,45,0,1327410
BANKNIFTY-II.NFO,29/10/2024,09:35:16,51701.95,51694.95,150,51703.9,45,0,1327410
BANKNIFTY-II.NFO,29/10/2024,09:35:18,51695,51695.65,15,51709,30,45,1327410
BANKNIFTY-II.NFO,29/10/2024,09:35:20,51703.05,51694.65,15,51705.6,75,90,1327410
BANKNIFTY-II.NFO,29/10/2024,09:35:21,51703.95,51700,900,51705.9,75,135,1327410
BANKNIFTY-II.NFO,29/10/2024,09:35:23,51700,51700,795,51705.75,45,105,1327410
BANKNIFTY-II.NFO,29/10/2024,09:35:25,51700,51695,15,51700.65,45,810,1327410
BANKNIFTY-II.NFO,29/10/2024,09:35:26,51700,51695,15,51701.2,135,0,1327410
BANKNIFTY-II.NFO,29/10/2024,09:35:28,51695,51694.65,15,51695,30,15,1327410
BANKNIFTY-II.NFO,29/10/2024,09:35:30,51694.65,51690.25,150,51694.1,75,15,1327410
BANKNIFTY-II.NFO,29/10/2024,09:35:31,51690.25,51680.5,30,51688.85,135,165,1327410
BANKNIFTY-II.NFO,29/10/2024,09:35:33,51693.2,51680.5,30,51691.95,15,90,1327410
BANKNIFTY-II.NFO,29/10/2024,09:35:35,51689.5,51680.5,30,51685.7,120,60,1327410
BANKNIFTY-II.NFO,29/10/2024,09:35:36,51684.95,51680.5,30,51683.3,120,45,1327410
BANKNIFTY-II.NFO,29/10/2024,09:35:38,51667,51667,195,51671.95,30,405,1327410
BANKNIFTY-II.NFO,29/10/2024,09:35:40,51667,51667,195,51671.3,30,0,1327410
BANKNIFTY-II.NFO,29/10/2024,09:35:41,51667,51667,135,51671.55,300,60,1327410
BANKNIFTY-II.NFO,29/10/2024,09:35:43,51666.4,51665,30,51666.25,60,165,1327410
BANKNIFTY-II.NFO,29/10/2024,09:35:45,51671.7,51661,30,51667.95,15,45,1327410
BANKNIFTY-II.NFO,29/10/2024,09:35:46,51658.45,51658.6,30,51669.95,15,210,1327410
BANKNIFTY-II.NFO,29/10/2024,09:35:48,51671.7,51654.65,15,51667.95,15,60,1327410
BANKNIFTY-II.NFO,29/10/2024,09:35:50,51654.65,51652,15,51654.6,45,45,1327410
BANKNIFTY-II.NFO,29/10/2024,09:35:51,51652,51651,375,51654,15,960,1327410
BANKNIFTY-II.NFO,29/10/2024,09:35:53,51660,51651,360,51661.6,75,105,1327410
BANKNIFTY-II.NFO,29/10/2024,09:35:55,51651.6,51652.3,45,51663.95,15,135,1327410
BANKNIFTY-II.NFO,29/10/2024,09:35:56,51665.95,51651.3,45,51662.85,30,60,1327410
BANKNIFTY-II.NFO,29/10/2024,09:35:58,51665.95,51651,330,51659.75,30,0,1327410
BANKNIFTY-II.NFO,29/10/2024,09:36:00,51665.95,51651,330,51655.2,75,30,1327410
BANKNIFTY-II.NFO,29/10/2024,09:36:01,51653.1,51651,30,51658.15,285,330,1327410
BANKNIFTY-II.NFO,29/10/2024,09:36:03,51651,51651,15,51657.3,45,15,1327410
BANKNIFTY-II.NFO,29/10/2024,09:36:05,51657.3,51656.3,30,51671.15,150,45,1327410
BANKNIFTY-II.NFO,29/10/2024,09:36:06,51674.15,51661.1,120,51674.65,15,15,1327410
BANKNIFTY-II.NFO,29/10/2024,09:36:08,51676.8,51665.95,135,51681.55,120,345,1327410
BANKNIFTY-II.NFO,29/10/2024,09:36:10,51667.3,51668.55,90,51681.95,15,45,1327410
BANKNIFTY-II.NFO,29/10/2024,09:36:11,51667.3,51670.1,90,51683.9,120,0,1327410
BANKNIFTY-II.NFO,29/10/2024,09:36:13,51670.85,51662.55,105,51675.95,15,15,1327410
BANKNIFTY-II.NFO,29/10/2024,09:36:15,51670.85,51662.65,15,51673.9,120,0,1327410
BANKNIFTY-II.NFO,29/10/2024,09:36:16,51677.5,51666.15,120,51679.95,15,45,1327410
BANKNIFTY-II.NFO,29/10/2024,09:36:18,51663.65,51671.95,15,51683.1,120,45,1327410
BANKNIFTY-II.NFO,29/10/2024,09:36:20,51671.95,51660.45,75,51671.95,15,15,1327410
BANKNIFTY-II.NFO,29/10/2024,09:36:21,51671.95,51671.35,15,51674.4,30,0,1327410
BANKNIFTY-II.NFO,29/10/2024,09:36:23,51671.15,51660,105,51671.75,120,120,1327410
BANKNIFTY-II.NFO,29/10/2024,09:36:25,51671.15,51660,105,51670.7,60,0,1327410
BANKNIFTY-II.NFO,29/10/2024,09:36:26,51671.95,51671.95,135,51673,45,15,1327410
BANKNIFTY-II.NFO,29/10/2024,09:36:28,51671.95,51665.45,90,51671.15,60,135,1327410
BANKNIFTY-II.NFO,29/10/2024,09:36:29,51671.15,51666,75,51677.5,15,60,1327410
BANKNIFTY-II.NFO,29/10/2024,09:36:31,51671.15,51660,105,51672.9,120,15,1327410
BANKNIFTY-II.NFO,29/10/2024,09:36:33,51654.95,51654.6,75,51669.95,15,525,1327410
BANKNIFTY-II.NFO,29/10/2024,09:36:34,51654.95,51663.15,90,51675.9,45,0,1327410
BANKNIFTY-II.NFO,29/10/2024,09:36:36,51654.95,51661.6,75,51675.65,120,0,1327410
BANKNIFTY-II.NFO,29/10/2024,09:36:38,51669,51669,165,51674.7,120,180,1327410
BANKNIFTY-II.NFO,29/10/2024,09:36:39,51669,51655.3,30,51669.9,120,165,1327410
BANKNIFTY-II.NFO,29/10/2024,09:36:41,51669,51654.65,15,51667.45,120,15,1327410
BANKNIFTY-II.NFO,29/10/2024,09:36:43,51667.45,51654,30,51660,150,90,1327410
BANKNIFTY-II.NFO,29/10/2024,09:36:44,51654,51654,15,51660,150,15,1327410
BANKNIFTY-II.NFO,29/10/2024,09:36:46,51654,51652,15,51660,150,15,1327410
BANKNIFTY-II.NFO,29/10/2024,09:36:47,51650,51649,60,51649.8,120,405,1327410
BANKNIFTY-II.NFO,29/10/2024,09:36:49,51636,51636,30,51647.35,120,420,1327410
BANKNIFTY-II.NFO,29/10/2024,09:36:51,51636,51636,15,51642.65,120,15,1327410
BANKNIFTY-II.NFO,29/10/2024,09:36:52,51638.95,51636.4,30,51648.35,105,90,1327410
BANKNIFTY-II.NFO,29/10/2024,09:36:54,51640,51636.05,30,51649.9,105,45,1327410
BANKNIFTY-II.NFO,29/10/2024,09:36:56,51649.4,51636,15,51643.3,150,30,1327410
BANKNIFTY-II.NFO,29/10/2024,09:36:57,51642.45,51635.55,30,51647.3,150,90,1327410
BANKNIFTY-II.NFO,29/10/2024,09:36:59,51651.95,51641.8,30,51649.4,30,45,1327410
BANKNIFTY-II.NFO,29/10/2024,09:37:01,51651.95,51642.65,15,51648.8,60,0,1327410
BANKNIFTY-II.NFO,29/10/2024,09:37:02,51630,51630,405,51639.85,15,1080,1327410
BANKNIFTY-II.NFO,29/10/2024,09:37:04,51630,51630,540,51642.3,150,15,1327410
BANKNIFTY-II.NFO,29/10/2024,09:37:06,51626.1,51625,165,51629.5,15,435,1327410
BANKNIFTY-II.NFO,29/10/2024,09:37:06,51626.1,51625,165,51629.5,15,0,1327410
BANKNIFTY-II.NFO,29/10/2024,09:37:07,51627.1,51622.65,75,51637.65,120,870,1327410
BANKNIFTY-II.NFO,29/10/2024,09:37:07,51620.35,51622.65,75,51637.65,120,0,1327410
BANKNIFTY-II.NFO,29/10/2024,09:37:09,51630.4,51629.1,75,51640,15,600,1329075
BANKNIFTY-II.NFO,29/10/2024,09:37:11,51639.95,51624.4,30,51633.95,15,165,1329075
BANKNIFTY-II.NFO,29/10/2024,09:37:12,51624.2,51628.5,15,51636.95,120,60,1329075
BANKNIFTY-II.NFO,29/10/2024,09:37:14,51628.5,51628.45,15,51637,15,60,1329075
BANKNIFTY-II.NFO,29/10/2024,09:37:16,51628.5,51630,15,51635.2,120,0,1329075
BANKNIFTY-II.NFO,29/10/2024,09:37:17,51630,51628.55,15,51636.3,120,15,1329075
BANKNIFTY-II.NFO,29/10/2024,09:37:19,51628.75,51632.1,120,51640,15,60,1329075
BANKNIFTY-II.NFO,29/10/2024,09:37:21,51646.7,51633.75,30,51647.4,120,120,1329075
BANKNIFTY-II.NFO,29/10/2024,09:37:22,51646.7,51630.95,120,51643.95,15,0,1329075
BANKNIFTY-II.NFO,29/10/2024,09:37:24,51646.7,51632.05,15,51641,120,0,1329075
BANKNIFTY-II.NFO,29/10/2024,09:37:25,51637.8,51637.8,15,51641.15,60,15,1329075
BANKNIFTY-II.NFO,29/10/2024,09:37:27,51637.8,51637,15,51647.6,60,45,1329075
BANKNIFTY-II.NFO,29/10/2024,09:37:29,51637.8,51638.85,30,51650,225,0,1329075
BANKNIFTY-II.NFO,29/10/2024,09:37:30,51637.8,51637.8,15,51647.8,30,0,1329075
BANKNIFTY-II.NFO,29/10/2024,09:37:32,51637.8,51637,30,51643.75,120,15,1329075
BANKNIFTY-II.NFO,29/10/2024,09:37:34,51637.8,51638.7,15,51645.65,45,0,1329075
BANKNIFTY-II.NFO,29/10/2024,09:37:35,51645.65,51638.75,15,51645.65,30,15,1329075
BANKNIFTY-II.NFO,29/10/2024,09:37:37,51638.75,51638.4,15,51638.75,15,15,1329075
BANKNIFTY-II.NFO,29/10/2024,09:37:39,51640,51638.65,15,51647.85,120,60,1329075
BANKNIFTY-II.NFO,29/10/2024,09:37:40,51650.35,51638.65,15,51650.3,135,15,1329075
BANKNIFTY-II.NFO,29/10/2024,09:37:42,51650.35,51638.65,15,51649,30,0,1329075
BANKNIFTY-II.NFO,29/10/2024,09:37:44,51651.95,51646.8,120,51651.95,60,885,1329075
BANKNIFTY-II.NFO,29/10/2024,09:37:45,51660,51658.45,120,51665,60,150,1329075
BANKNIFTY-II.NFO,29/10/2024,09:37:47,51660,51657.4,120,51665,60,0,1329075
BANKNIFTY-II.NFO,29/10/2024,09:37:49,51653.15,51657.65,105,51665,60,15,1329075
BANKNIFTY-II.NFO,29/10/2024,09:37:51,51653.15,51652.8,105,51665,60,15,1329075
BANKNIFTY-II.NFO,29/10/2024,09:37:52,51653.15,51659.15,15,51660,345,0,1329075
BANKNIFTY-II.NFO,29/10/2024,09:37:54,51653.15,51648.95,15,51659.75,120,0,1329075
BANKNIFTY-II.NFO,29/10/2024,09:37:56,51653.15,51651.65,15,51659.15,15,0,1329075
BANKNIFTY-II.NFO,29/10/2024,09:37:57,51650.8,51653.45,15,51659.15,15,45,1329075
BANKNIFTY-II.NFO,29/10/2024,09:37:59,51655.65,51659.85,90,51665,45,345,1329075
BANKNIFTY-II.NFO,29/10/2024,09:38:01,51659.15,51657.85,30,51665,45,15,1329075
BANKNIFTY-II.NFO,29/10/2024,09:38:02,51659.15,51660,150,51665,105,0,1329075
BANKNIFTY-II.NFO,29/10/2024,09:38:04,51665,51660,150,51665,90,15,1329075
BANKNIFTY-II.NFO,29/10/2024,09:38:06,51670,51660,150,51670.25,120,105,1329075
BANKNIFTY-II.NFO,29/10/2024,09:38:07,51668.1,51660,150,51666.7,90,180,1329075
BANKNIFTY-II.NFO,29/10/2024,09:38:09,51668.1,51660,150,51669.95,90,0,1329075
BANKNIFTY-II.NFO,29/10/2024,09:38:11,51660,51660,135,51663.8,30,15,1329075
BANKNIFTY-II.NFO,29/10/2024,09:38:12,51660,51660,135,51666,75,0,1329075
BANKNIFTY-II.NFO,29/10/2024,09:38:14,51666,51660,135,51665.4,30,15,1329075
BANKNIFTY-II.NFO,29/10/2024,09:38:15,51666,51660,135,51666,60,0,1329075
BANKNIFTY-II.NFO,29/10/2024,09:38:17,51660,51652.6,120,51660,150,135,1329075
BANKNIFTY-II.NFO,29/10/2024,09:38:19,51660,51657.8,120,51668.1,15,150,1329075
BANKNIFTY-II.NFO,29/10/2024,09:38:20,51660,51660.6,120,51668.1,15,0,1329075
BANKNIFTY-II.NFO,29/10/2024,09:38:22,51668.15,51650.05,120,51660,15,45,1329075
BANKNIFTY-II.NFO,29/10/2024,09:38:24,51668.15,51650,90,51660,15,0,1329075
BANKNIFTY-II.NFO,29/10/2024,09:38:25,51663.55,51650,90,51659.6,120,105,1329075
BANKNIFTY-II.NFO,29/10/2024,09:38:27,51650,51650,15,51651.65,30,75,1329075
BANKNIFTY-II.NFO,29/10/2024,09:38:29,51650,51650,15,51654.15,105,0,1329075
BANKNIFTY-II.NFO,29/10/2024,09:38:30,51650,51650,240,51659.9,105,0,1329075
BANKNIFTY-II.NFO,29/10/2024,09:38:32,51659.95,51650,240,51659.95,45,15,1329075
BANKNIFTY-II.NFO,29/10/2024,09:38:33,51659.95,51653.5,120,51659.95,45,0,1329075
BANKNIFTY-II.NFO,29/10/2024,09:38:35,51659.95,51654.7,120,51659.95,45,0,1329075
BANKNIFTY-II.NFO,29/10/2024,09:38:37,51659.95,51657.4,120,51668,15,45,1329075
BANKNIFTY-II.NFO,29/10/2024,09:38:38,51668.15,51667.7,120,51679,15,30,1329075
BANKNIFTY-II.NFO,29/10/2024,09:38:40,51674.15,51672.85,105,51680,105,60,1329075
BANKNIFTY-II.NFO,29/10/2024,09:38:42,51674.45,51671.05,60,51680,150,60,1329075
BANKNIFTY-II.NFO,29/10/2024,09:38:43,51674.45,51674.45,15,51680,150,0,1329075
BANKNIFTY-II.NFO,29/10/2024,09:38:45,51680,51670.6,30,51680,120,30,1329075
BANKNIFTY-II.NFO,29/10/2024,09:38:47,51669.75,51660.15,15,51669.45,120,90,1329075
BANKNIFTY-II.NFO,29/10/2024,09:38:48,51659.95,51650,285,51661.35,120,90,1329075
BANKNIFTY-II.NFO,29/10/2024,09:38:50,51659.95,51650,285,51655.45,30,15,1329075
BANKNIFTY-II.NFO,29/10/2024,09:38:52,51655.4,51650,285,51655.9,120,15,1329075
BANKNIFTY-II.NFO,29/10/2024,09:38:53,51655.4,51650,285,51655.95,45,0,1329075
BANKNIFTY-II.NFO,29/10/2024,09:38:56,51650,51650,255,51655.4,15,15,1329075
BANKNIFTY-II.NFO,29/10/2024,09:38:58,51655.4,51650.3,30,51661.95,15,75,1329075
BANKNIFTY-II.NFO,29/10/2024,09:39:00,51663.1,51661.8,120,51672,15,45,1329075
BANKNIFTY-II.NFO,29/10/2024,09:39:01,51672,51658.15,120,51673.3,120,15,1329075
BANKNIFTY-II.NFO,29/10/2024,09:39:03,51672,51656.55,90,51667.6,120,0,1329075
BANKNIFTY-II.NFO,29/10/2024,09:39:05,51672,51656.55,90,51659.6,15,0,1329075
BANKNIFTY-II.NFO,29/10/2024,09:39:06,51650,51649.35,15,51659.55,30,330,1329075
BANKNIFTY-II.NFO,29/10/2024,09:39:08,51649.35,51652.55,30,51665.95,120,60,1329075
BANKNIFTY-II.NFO,29/10/2024,09:39:10,51649.35,51653.4,120,51666.65,45,0,1329075
BANKNIFTY-II.NFO,29/10/2024,09:39:11,51652.3,51649.05,120,51662.4,30,15,1329075
BANKNIFTY-II.NFO,29/10/2024,09:39:13,51652.3,51648.25,120,51660.3,30,0,1329075
BANKNIFTY-II.NFO,29/10/2024,09:39:14,51652.3,51650,15,51660.1,30,0,1329075
BANKNIFTY-II.NFO,29/10/2024,09:39:16,51663.8,51654.5,120,51663.8,30,45,1329075
BANKNIFTY-II.NFO,29/10/2024,09:39:18,51654.95,51661.95,15,51663.9,30,30,1329075
BANKNIFTY-II.NFO,29/10/2024,09:39:19,51654.95,51661.95,15,51668.3,120,0,1329075
BANKNIFTY-II.NFO,29/10/2024,09:39:21,51661.95,51650.35,15,51658.85,30,15,1329075
BANKNIFTY-II.NFO,29/10/2024,09:39:23,51661.95,51649.5,15,51656,30,0,1329075
BANKNIFTY-II.NFO,29/10/2024,09:39:24,51661.95,51649.5,15,51655.2,30,0,1329075
BANKNIFTY-II.NFO,29/10/2024,09:39:26,51649.5,51646,15,51650.15,120,30,1329075
BANKNIFTY-II.NFO,29/10/2024,09:39:28,51648.85,51646,15,51647.9,120,105,1329075
BANKNIFTY-II.NFO,29/10/2024,09:39:29,51649,51646,15,51649.5,45,15,1329075
BANKNIFTY-II.NFO,29/10/2024,09:39:31,51645,51640,45,51648.1,150,45,1329075
BANKNIFTY-II.NFO,29/10/2024,09:39:33,51640,51637,30,51648.1,45,45,1329075
BANKNIFTY-II.NFO,29/10/2024,09:39:34,51640,51637,30,51647.95,135,15,1329075
BANKNIFTY-II.NFO,29/10/2024,09:39:36,51640,51637,30,51645.1,135,0,1329075
BANKNIFTY-II.NFO,29/10/2024,09:39:38,51635,51635,75,51637,15,45,1329075
BANKNIFTY-II.NFO,29/10/2024,09:39:39,51637,51637.05,120,51650,15,15,1329075
BANKNIFTY-II.NFO,29/10/2024,09:39:41,51642.45,51644.6,120,51650,15,15,1329075
BANKNIFTY-II.NFO,29/10/2024,09:39:43,51644.25,51645.3,15,51657.55,135,195,1329075
BANKNIFTY-II.NFO,29/10/2024,09:39:44,51644.25,51641.25,15,51651.8,120,30,1329075
BANKNIFTY-II.NFO,29/10/2024,09:39:46,51644.25,51641.6,15,51652.3,120,0,1329075
BANKNIFTY-II.NFO,29/10/2024,09:39:48,51644.25,51635,120,51651.9,120,0,1329075
BANKNIFTY-II.NFO,29/10/2024,09:39:49,51649.4,51640.05,15,51650,15,30,1329075
BANKNIFTY-II.NFO,29/10/2024,09:39:51,51647.95,51635,135,51648.6,120,30,1329075
BANKNIFTY-II.NFO,29/10/2024,09:39:53,51647.95,51635,75,51646.5,120,15,1329075
BANKNIFTY-II.NFO,29/10/2024,09:39:54,51647.95,51635,75,51646.35,120,0,1329075
BANKNIFTY-II.NFO,29/10/2024,09:39:56,51647.95,51635.55,15,51648.45,135,0,1329075
BANKNIFTY-II.NFO,29/10/2024,09:39:58,51635.25,51635,75,51645.7,135,45,1329075
BANKNIFTY-II.NFO,29/10/2024,09:39:59,51651.9,51635,75,51649.3,90,300,1329075
BANKNIFTY-II.NFO,29/10/2024,09:40:01,51651.9,51635,75,51644.85,105,15,1329075
BANKNIFTY-II.NFO,29/10/2024,09:40:03,51651.9,51635,75,51648.1,105,0,1329075
BANKNIFTY-II.NFO,29/10/2024,09:40:04,51651.9,51640,15,51648.1,90,0,1329075
BANKNIFTY-II.NFO,29/10/2024,09:40:08,51635,51636,30,51649.8,120,600,1329075
BANKNIFTY-II.NFO,29/10/2024,09:40:09,51646.05,51633.7,45,51640,15,15,1332615
BANKNIFTY-II.NFO,29/10/2024,09:40:11,51643.95,51632,150,51645.8,135,45,1332615
BANKNIFTY-II.NFO,29/10/2024,09:40:13,51643.95,51632,150,51643.6,120,0,1332615
BANKNIFTY-II.NFO,29/10/2024,09:40:14,51643.95,51632,150,51644.85,120,0,1332615
BANKNIFTY-II.NFO,29/10/2024,09:40:16,51643.95,51632.95,45,51645,45,0,1332615
BANKNIFTY-II.NFO,29/10/2024,09:40:18,51632.05,51632,150,51644.95,120,75,1332615
BANKNIFTY-II.NFO,29/10/2024,09:40:19,51646.05,51644.95,45,51659,75,75,1332615
BANKNIFTY-II.NFO,29/10/2024,09:40:21,51646.05,51649.1,45,51659,75,0,1332615
BANKNIFTY-II.NFO,29/10/2024,09:40:22,51646.05,51652.65,45,51659,120,0,1332615
BANKNIFTY-II.NFO,29/10/2024,09:40:24,51656.1,51656.05,30,51673.15,120,165,1332615
BANKNIFTY-II.NFO,29/10/2024,09:40:26,51656.1,51652.8,30,51667.95,30,0,1332615
BANKNIFTY-II.NFO,29/10/2024,09:40:27,51656.1,51650.2,30,51655,15,0,1332615
BANKNIFTY-II.NFO,29/10/2024,09:40:29,51656.1,51649.3,30,51655,15,15,1332615
BANKNIFTY-II.NFO,29/10/2024,09:40:31,51655,51650.8,30,51656.1,120,15,1332615
BANKNIFTY-II.NFO,29/10/2024,09:40:32,51665.95,51656,45,51665.8,120,150,1332615
BANKNIFTY-II.NFO,29/10/2024,09:40:34,51656,51640.15,30,51655.95,15,45,1332615
BANKNIFTY-II.NFO,29/10/2024,09:40:36,51656,51645.55,45,51657.95,15,0,1332615
BANKNIFTY-II.NFO,29/10/2024,09:40:37,51646,51640.65,45,51657.1,135,90,1332615
BANKNIFTY-II.NFO,29/10/2024,09:40:39,51650,51640,30,51650,30,75,1332615
BANKNIFTY-II.NFO,29/10/2024,09:40:41,51640,51635.5,15,51647.8,120,30,1332615
BANKNIFTY-II.NFO,29/10/2024,09:40:42,51640,51632,300,51635.5,15,0,1332615
BANKNIFTY-II.NFO,29/10/2024,09:40:44,51642.5,51632,300,51643.05,120,345,1332615
BANKNIFTY-II.NFO,29/10/2024,09:40:45,51632,51633.55,15,51643.05,15,90,1332615
BANKNIFTY-II.NFO,29/10/2024,09:40:47,51643.1,51639.95,30,51649.95,15,1305,1332615
BANKNIFTY-II.NFO,29/10/2024,09:40:49,51649.95,51647.95,75,51664.2,30,195,1332615
BANKNIFTY-II.NFO,29/10/2024,09:40:50,51664.2,51650.7,60,51665,75,15,1332615
BANKNIFTY-II.NFO,29/10/2024,09:40:52,51651.05,51655.55,60,51665,120,120,1332615
BANKNIFTY-II.NFO,29/10/2024,09:40:54,51651.05,51657.05,60,51665,120,0,1332615
BANKNIFTY-II.NFO,29/10/2024,09:40:55,51673.85,51661.3,30,51674.4,15,270,1332615
BANKNIFTY-II.NFO,29/10/2024,09:40:57,51657.1,51660.7,30,51674.4,15,75,1332615
BANKNIFTY-II.NFO,29/10/2024,09:40:59,51657.1,51660.45,15,51673.95,15,0,1332615
BANKNIFTY-II.NFO,29/10/2024,09:41:00,51657.1,51651.7,30,51663.95,15,0,1332615
BANKNIFTY-II.NFO,29/10/2024,09:41:02,51657.1,51647.4,30,51659.95,15,0,1332615
BANKNIFTY-II.NFO,29/10/2024,09:41:04,51657.1,51642.45,15,51655,120,0,1332615
BANKNIFTY-II.NFO,29/10/2024,09:41:05,51644.25,51642.15,15,51654,30,30,1332615
BANKNIFTY-II.NFO,29/10/2024,09:41:07,51642.15,51641,15,51651.95,15,45,1332615
BANKNIFTY-II.NFO,29/10/2024,09:41:09,51642.15,51642.4,30,51651.95,15,0,1332615
BANKNIFTY-II.NFO,29/10/2024,09:41:10,51642.15,51644.15,15,51655.9,15,0,1332615
BANKNIFTY-II.NFO,29/10/2024,09:41:12,51657.95,51643.45,15,51655.85,135,45,1332615
BANKNIFTY-II.NFO,29/10/2024,09:41:13,51640.7,51641.65,15,51653.95,135,180,1332615
BANKNIFTY-II.NFO,29/10/2024,09:41:15,51641.65,51641.5,30,51653.95,45,15,1332615
BANKNIFTY-II.NFO,29/10/2024,09:41:17,51645.3,51645.7,30,51653.95,30,45,1332615
BANKNIFTY-II.NFO,29/10/2024,09:41:18,51653.95,51651.5,30,51667.05,120,60,1332615
BANKNIFTY-II.NFO,29/10/2024,09:41:20,51653.95,51653.95,15,51667.1,15,0,1332615
BANKNIFTY-II.NFO,29/10/2024,09:41:21,51653.95,51655,30,51670,105,0,1332615
BANKNIFTY-II.NFO,29/10/2024,09:41:23,51656.6,51662.9,300,51670,150,90,1332615
BANKNIFTY-II.NFO,29/10/2024,09:41:25,51670,51658.05,15,51670,135,30,1332615
BANKNIFTY-II.NFO,29/10/2024,09:41:26,51658.45,51658.45,60,51665,15,60,1332615
BANKNIFTY-II.NFO,29/10/2024,09:41:28,51657.45,51655.65,300,51669.65,30,210,1332615
BANKNIFTY-II.NFO,29/10/2024,09:41:30,51669.6,51654.1,120,51669.6,105,210,1332615
BANKNIFTY-II.NFO,29/10/2024,09:41:31,51669.6,51653.95,15,51667.5,90,15,1332615
BANKNIFTY-II.NFO,29/10/2024,09:41:33,51653.95,51650,15,51662.65,135,15,1332615
BANKNIFTY-II.NFO,29/10/2024,09:41:35,51659.95,51647.25,120,51661.7,90,45,1332615
BANKNIFTY-II.NFO,29/10/2024,09:41:36,51660.15,51648.9,120,51661.7,15,30,1332615
BANKNIFTY-II.NFO,29/10/2024,09:41:38,51651.8,51654,15,51665.35,105,45,1332615
BANKNIFTY-II.NFO,29/10/2024,09:41:39,51654,51645.8,30,51653.5,120,15,1332615
BANKNIFTY-II.NFO,29/10/2024,09:41:41,51640,51643.85,15,51653.45,105,45,1332615
BANKNIFTY-II.NFO,29/10/2024,09:41:43,51635.5,51630.1,15,51637.6,120,180,1332615
BANKNIFTY-II.NFO,29/10/2024,09:41:44,51630.1,51630.05,120,51637.6,15,45,1332615
BANKNIFTY-II.NFO,29/10/2024,09:41:46,51645.9,51632,30,51645.85,105,15,1332615
BANKNIFTY-II.NFO,29/10/2024,09:41:48,51645.85,51639,30,51654.4,120,165,1332615
BANKNIFTY-II.NFO,29/10/2024,09:41:49,51645.85,51640.05,60,51657.1,120,15,1332615
BANKNIFTY-II.NFO,29/10/2024,09:41:51,51655.55,51636.3,300,51649.5,120,135,1332615
BANKNIFTY-II.NFO,29/10/2024,09:41:53,51636.3,51630,150,51643,120,30,1332615
BANKNIFTY-II.NFO,29/10/2024,09:41:54,51636.3,51630,135,51641.65,120,0,1332615
BANKNIFTY-II.NFO,29/10/2024,09:41:56,51641.6,51630,135,51641.6,120,15,1332615
BANKNIFTY-II.NFO,29/10/2024,09:41:58,51630,51632,375,51636.3,30,45,1332615
BANKNIFTY-II.NFO,29/10/2024,09:41:59,51630,51632,375,51636.3,45,15,1332615
BANKNIFTY-II.NFO,29/10/2024,09:42:01,51632,51632,270,51636.3,30,120,1332615
BANKNIFTY-II.NFO,29/10/2024,09:42:03,51632,51632,195,51636.25,120,75,1332615
BANKNIFTY-II.NFO,29/10/2024,09:42:04,51622.05,51620.9,15,51636.1,120,465,1332615
BANKNIFTY-II.NFO,29/10/2024,09:42:06,51620.9,51617.55,15,51631.2,120,240,1332615
BANKNIFTY-II.NFO,29/10/2024,09:42:06,51616.85,51617.55,15,51631.2,120,0,1332615
BANKNIFTY-II.NFO,29/10/2024,09:42:08,51624.75,51624.05,15,51631.2,15,135,1332615
BANKNIFTY-II.NFO,29/10/2024,09:42:08,51616.8,51624.05,15,51631.2,15,0,1332615
BANKNIFTY-II.NFO,29/10/2024,09:42:09,51631.2,51620.15,30,51631.2,15,75,1332615
BANKNIFTY-II.NFO,29/10/2024,09:42:11,51629.15,51628.35,300,51635.9,15,45,1332615
BANKNIFTY-II.NFO,29/10/2024,09:42:13,51639.95,51635.25,15,51645,105,870,1332615
BANKNIFTY-II.NFO,29/10/2024,09:42:14,51645,51635,15,51645,75,225,1332615
BANKNIFTY-II.NFO,29/10/2024,09:42:16,51638.3,51639,15,51653.5,30,255,1332615
BANKNIFTY-II.NFO,29/10/2024,09:42:17,51638.3,51645,30,51652.35,120,0,1332615
BANKNIFTY-II.NFO,29/10/2024,09:42:19,51645,51645,15,51658.8,135,15,1332615
BANKNIFTY-II.NFO,29/10/2024,09:42:21,51640,51641.85,15,51653,15,1365,1332615
BANKNIFTY-II.NFO,29/10/2024,09:42:22,51645,51639.7,75,51645,30,105,1332615
BANKNIFTY-II.NFO,29/10/2024,09:42:24,51640.35,51634,15,51644.95,45,1320,1332615
BANKNIFTY-II.NFO,29/10/2024,09:42:26,51640.35,51622.85,30,51634,15,0,1332615
BANKNIFTY-II.NFO,29/10/2024,09:42:28,51636.45,51623.35,30,51639.2,30,45,1332615
BANKNIFTY-II.NFO,29/10/2024,09:42:29,51640.35,51625.5,30,51640.7,30,75,1332615
BANKNIFTY-II.NFO,29/10/2024,09:42:31,51625.5,51621.1,75,51634.8,135,45,1332615
BANKNIFTY-II.NFO,29/10/2024,09:42:33,51633.05,51618.5,15,51632.95,120,165,1332615
BANKNIFTY-II.NFO,29/10/2024,09:42:34,51622,51622,45,51631.6,120,60,1332615
BANKNIFTY-II.NFO,29/10/2024,09:42:36,51622,51622,15,51631.05,120,30,1332615
BANKNIFTY-II.NFO,29/10/2024,09:42:38,51631.05,51620,30,51631.05,15,90,1332615
BANKNIFTY-II.NFO,29/10/2024,09:42:39,51631.05,51620.9,30,51633.95,15,0,1332615
BANKNIFTY-II.NFO,29/10/2024,09:42:41,51631.55,51631.55,60,51636.15,15,30,1332615
BANKNIFTY-II.NFO,29/10/2024,09:42:43,51631.55,51631.55,60,51635.1,135,0,1332615
BANKNIFTY-II.NFO,29/10/2024,09:42:44,51631.55,51617.55,75,51631.95,15,60,1332615
BANKNIFTY-II.NFO,29/10/2024,09:42:46,51631.55,51625,30,51633.65,15,0,1332615
BANKNIFTY-II.NFO,29/10/2024,09:42:48,51625,51622.3,45,51635.95,15,45,1332615
BANKNIFTY-II.NFO,29/10/2024,09:42:49,51624.15,51628.85,45,51636,75,15,1332615
BANKNIFTY-II.NFO,29/10/2024,09:42:51,51636,51630.95,330,51640,45,345,1332615
BANKNIFTY-II.NFO,29/10/2024,09:42:53,51640,51638.6,30,51645,15,165,1332615
BANKNIFTY-II.NFO,29/10/2024,09:42:54,51645,51627.85,90,51644.8,120,30,1332615
BANKNIFTY-II.NFO,29/10/2024,09:42:56,51626.5,51625,15,51638.95,30,45,1332615
BANKNIFTY-II.NFO,29/10/2024,09:42:58,51638.9,51625,15,51638.9,120,45,1332615
BANKNIFTY-II.NFO,29/10/2024,09:42:59,51625,51622.9,15,51637.8,120,15,1332615
BANKNIFTY-II.NFO,29/10/2024,09:43:01,51632.4,51620.65,15,51634.85,120,15,1332615
BANKNIFTY-II.NFO,29/10/2024,09:43:03,51620,51618.9,300,51633,120,15,1332615
BANKNIFTY-II.NFO,29/10/2024,09:43:04,51620,51627.25,15,51633,15,0,1332615
BANKNIFTY-II.NFO,29/10/2024,09:43:06,51621.75,51623.1,15,51633,15,165,1332615
BANKNIFTY-II.NFO,29/10/2024,09:43:08,51622.2,51625,300,51633,15,75,1332615
BANKNIFTY-II.NFO,29/10/2024,09:43:09,51633,51626.8,15,51635,15,30,1338195
BANKNIFTY-II.NFO,29/10/2024,09:43:11,51633,51620.4,15,51633.85,135,0,1338195
BANKNIFTY-II.NFO,29/10/2024,09:43:13,51635,51629.2,45,51646.15,45,120,1338195
BANKNIFTY-II.NFO,29/10/2024,09:43:14,51635,51628.25,75,51646,15,0,1338195
BANKNIFTY-II.NFO,29/10/2024,09:43:16,51635,51626.7,30,51642.9,135,0,1338195
BANKNIFTY-II.NFO,29/10/2024,09:43:18,51629.4,51621.95,15,51629.4,60,15,1338195
BANKNIFTY-II.NFO,29/10/2024,09:43:19,51629.4,51627.85,45,51643.7,120,60,1338195
BANKNIFTY-II.NFO,29/10/2024,09:43:21,51647,51631.6,15,51646.6,135,75,1338195
BANKNIFTY-II.NFO,29/10/2024,09:43:23,51647.9,51642.1,45,51650,15,75,1338195
BANKNIFTY-II.NFO,29/10/2024,09:43:24,51642.3,51632.95,300,51648.5,45,15,1338195
BANKNIFTY-II.NFO,29/10/2024,09:43:26,51633,51638.25,15,51650,15,60,1338195
BANKNIFTY-II.NFO,29/10/2024,09:43:28,51633,51633.25,15,51649.8,120,0,1338195
BANKNIFTY-II.NFO,29/10/2024,09:43:29,51633,51637.25,15,51649.8,15,15,1338195
BANKNIFTY-II.NFO,29/10/2024,09:43:31,51652.95,51637.65,15,51650.5,120,45,1338195
BANKNIFTY-II.NFO,29/10/2024,09:43:33,51634,51634.05,15,51647.8,120,15,1338195
BANKNIFTY-II.NFO,29/10/2024,09:43:34,51650.45,51637,15,51647.8,15,120,1338195
BANKNIFTY-II.NFO,29/10/2024,09:43:36,51647.8,51634.05,15,51649.1,60,30,1338195
BANKNIFTY-II.NFO,29/10/2024,09:43:37,51633.7,51637.25,30,51649.1,15,45,1338195
BANKNIFTY-II.NFO,29/10/2024,09:43:39,51649.1,51640.85,120,51652.95,15,15,1338195
BANKNIFTY-II.NFO,29/10/2024,09:43:41,51649.1,51645.85,15,51653,30,15,1338195
BANKNIFTY-II.NFO,29/10/2024,09:43:42,51653,51645.9,120,51653,60,30,1338195
BANKNIFTY-II.NFO,29/10/2024,09:43:44,51653,51645.05,300,51653,60,0,1338195
BANKNIFTY-II.NFO,29/10/2024,09:43:46,51645.05,51644.1,120,51653,60,60,1338195
BANKNIFTY-II.NFO,29/10/2024,09:43:47,51644.1,51643.55,135,51651,15,45,1338195
BANKNIFTY-II.NFO,29/10/2024,09:43:49,51659,51654.05,15,51666.7,120,270,1338195
BANKNIFTY-II.NFO,29/10/2024,09:43:51,51651,51651,585,51666,120,30,1338195
BANKNIFTY-II.NFO,29/10/2024,09:43:52,51651,51652.15,30,51665.95,45,0,1338195
BANKNIFTY-II.NFO,29/10/2024,09:43:54,51651,51654.15,30,51665.95,60,0,1338195
BANKNIFTY-II.NFO,29/10/2024,09:43:56,51651,51652.05,15,51665.9,120,0,1338195
BANKNIFTY-II.NFO,29/10/2024,09:43:57,51651.05,51651,600,51664,150,45,1338195
BANKNIFTY-II.NFO,29/10/2024,09:43:59,51651.05,51651,600,51660.9,120,0,1338195
BANKNIFTY-II.NFO,29/10/2024,09:44:01,51655.65,51651,600,51660.35,120,210,1338195
BANKNIFTY-II.NFO,29/10/2024,09:44:02,51635,51635,30,51644.2,135,645,1338195
BANKNIFTY-II.NFO,29/10/2024,09:44:04,51635,51635,15,51644.2,15,15,1338195
BANKNIFTY-II.NFO,29/10/2024,09:44:06,51637.05,51638,30,51644.2,15,15,1338195
BANKNIFTY-II.NFO,29/10/2024,09:44:07,51638.2,51635,30,51638.05,45,15,1338195
BANKNIFTY-II.NFO,29/10/2024,09:44:09,51638.1,51638.1,45,51657.45,120,360,1338195
BANKNIFTY-II.NFO,29/10/2024,09:44:11,51638.1,51642.05,30,51657.4,135,0,1338195
BANKNIFTY-II.NFO,29/10/2024,09:44:12,51638.1,51640,30,51656.4,30,0,1338195
BANKNIFTY-II.NFO,29/10/2024,09:44:14,51645.4,51646.55,15,51657.4,45,30,1338195
BANKNIFTY-II.NFO,29/10/2024,09:44:16,51645.4,51648.15,15,51657.4,45,0,1338195
BANKNIFTY-II.NFO,29/10/2024,09:44:17,51647.55,51649.4,30,51657.4,15,120,1338195
BANKNIFTY-II.NFO,29/10/2024,09:44:19,51666,51647.75,15,51662,60,60,1338195
BANKNIFTY-II.NFO,29/10/2024,09:44:21,51666,51645.3,30,51661,60,0,1338195
BANKNIFTY-II.NFO,29/10/2024,09:44:22,51666,51645.4,30,51659.35,60,0,1338195
BANKNIFTY-II.NFO,29/10/2024,09:44:24,51671,51660.15,30,51673,15,210,1338195
BANKNIFTY-II.NFO,29/10/2024,09:44:26,51660.05,51662.05,15,51673,15,60,1338195
BANKNIFTY-II.NFO,29/10/2024,09:44:27,51664.4,51662.6,30,51675.7,15,75,1338195
BANKNIFTY-II.NFO,29/10/2024,09:44:29,51657.65,51658.05,15,51673.1,30,45,1338195
BANKNIFTY-II.NFO,29/10/2024,09:44:31,51658.5,51666,60,51675.45,120,105,1338195
BANKNIFTY-II.NFO,29/10/2024,09:44:32,51666,51666,30,51672.9,60,30,1338195
BANKNIFTY-II.NFO,29/10/2024,09:44:34,51666,51666.05,15,51672.9,75,0,1338195
BANKNIFTY-II.NFO,29/10/2024,09:44:36,51666,51666,30,51672.9,90,0,1338195
BANKNIFTY-II.NFO,29/10/2024,09:44:37,51666,51657.75,300,51666,30,30,1338195
BANKNIFTY-II.NFO,29/10/2024,09:44:39,51666,51663.6,45,51666,45,0,1338195
BANKNIFTY-II.NFO,29/10/2024,09:44:41,51668.05,51659.55,30,51670,15,540,1338195
BANKNIFTY-II.NFO,29/10/2024,09:44:42,51666,51670.1,300,51677,15,180,1338195
BANKNIFTY-II.NFO,29/10/2024,09:44:44,51670.1,51666.35,15,51677,15,30,1338195
BANKNIFTY-II.NFO,29/10/2024,09:44:46,51670.1,51670,45,51677,15,0,1338195
BANKNIFTY-II.NFO,29/10/2024,09:44:47,51670.1,51670.05,15,51677,15,0,1338195
BANKNIFTY-II.NFO,29/10/2024,09:44:49,51670.1,51670,45,51677,15,0,1338195
BANKNIFTY-II.NFO,29/10/2024,09:44:51,51670.1,51670,45,51676.9,30,15,1338195
BANKNIFTY-II.NFO,29/10/2024,09:44:53,51666,51665,30,51667.3,120,75,1338195
BANKNIFTY-II.NFO,29/10/2024,09:44:54,51665,51657.35,30,51661.7,135,30,1338195
BANKNIFTY-II.NFO,29/10/2024,09:44:56,51646.7,51641.65,30,51650,15,75,1338195
BANKNIFTY-II.NFO,29/10/2024,09:44:58,51641.65,51641.55,15,51650,15,45,1338195
BANKNIFTY-II.NFO,29/10/2024,09:44:59,51641.65,51644.8,30,51650,15,0,1338195
BANKNIFTY-II.NFO,29/10/2024,09:45:01,51661,51654.95,30,51669.25,30,30,1338195
BANKNIFTY-II.NFO,29/10/2024,09:45:03,51661,51653.1,300,51668.3,135,0,1338195
BANKNIFTY-II.NFO,29/10/2024,09:45:04,51668.05,51660.3,15,51669.25,45,15,1338195
BANKNIFTY-II.NFO,29/10/2024,09:45:06,51668.05,51664,15,51669.25,45,0,1338195
BANKNIFTY-II.NFO,29/10/2024,09:45:08,51665.15,51663.05,300,51670,300,45,1338195
BANKNIFTY-II.NFO,29/10/2024,09:45:09,51665.15,51661.85,15,51670,300,0,1338195
BANKNIFTY-II.NFO,29/10/2024,09:45:11,51660.6,51660,15,51669.95,30,60,1338195
BANKNIFTY-II.NFO,29/10/2024,09:45:13,51660.6,51665.15,15,51670,345,0,1338195
BANKNIFTY-II.NFO,29/10/2024,09:45:14,51677,51675,15,51679.8,135,1035,1338195
BANKNIFTY-II.NFO,29/10/2024,09:45:16,51677,51675,15,51677.75,135,0,1338195
BANKNIFTY-II.NFO,29/10/2024,09:45:18,51680,51675,15,51679.95,120,45,1338195
BANKNIFTY-II.NFO,29/10/2024,09:45:19,51680,51675,15,51680,75,0,1338195
BANKNIFTY-II.NFO,29/10/2024,09:45:21,51675,51673.35,15,51677.05,30,15,1338195
BANKNIFTY-II.NFO,29/10/2024,09:45:22,51677.05,51677.05,15,51680,120,30,1338195
BANKNIFTY-II.NFO,29/10/2024,09:45:24,51680,51682.05,15,51690,15,135,1338195
BANKNIFTY-II.NFO,29/10/2024,09:45:26,51698.95,51684.05,15,51695.3,30,75,1338195
BANKNIFTY-II.NFO,29/10/2024,09:45:27,51698.95,51684.05,15,51693.6,120,0,1338195
BANKNIFTY-II.NFO,29/10/2024,09:45:29,51697.1,51682.05,15,51693.7,120,15,1338195
BANKNIFTY-II.NFO,29/10/2024,09:45:31,51697.7,51688.05,15,51697.65,105,150,1338195
BANKNIFTY-II.NFO,29/10/2024,09:45:32,51697.7,51688.05,15,51698.85,105,0,1338195
BANKNIFTY-II.NFO,29/10/2024,09:45:34,51698.85,51686.05,15,51698.7,90,15,1338195
BANKNIFTY-II.NFO,29/10/2024,09:45:36,51698.85,51686.35,120,51698.9,45,0,1338195
BANKNIFTY-II.NFO,29/10/2024,09:45:37,51690.05,51688.2,15,51698.95,30,45,1338195
BANKNIFTY-II.NFO,29/10/2024,09:45:39,51690.05,51698.85,15,51698.95,30,0,1338195
BANKNIFTY-II.NFO,29/10/2024,09:45:40,51698.85,51683.2,135,51698.9,90,15,1338195
BANKNIFTY-II.NFO,29/10/2024,09:45:42,51698.85,51684.25,15,51696.85,90,0,1338195
BANKNIFTY-II.NFO,29/10/2024,09:45:44,51688.25,51680,30,51690.65,45,360,1338195
BANKNIFTY-II.NFO,29/10/2024,09:45:45,51686.3,51680,15,51686.3,30,45,1338195
BANKNIFTY-II.NFO,29/10/2024,09:45:47,51680,51674.7,30,51680,30,15,1338195
BANKNIFTY-II.NFO,29/10/2024,09:45:48,51680,51679.8,30,51695.9,30,30,1338195
BANKNIFTY-II.NFO,29/10/2024,09:45:50,51716.1,51712.05,15,51720,15,465,1338195
BANKNIFTY-II.NFO,29/10/2024,09:45:52,51720,51708.35,30,51720,45,15,1338195
BANKNIFTY-II.NFO,29/10/2024,09:45:53,51720,51708.35,30,51720,45,60,1338195
BANKNIFTY-II.NFO,29/10/2024,09:45:55,51720,51708.35,30,51719.95,30,0,1338195
BANKNIFTY-II.NFO,29/10/2024,09:45:57,51717,51716.1,120,51725,15,45,1338195
BANKNIFTY-II.NFO,29/10/2024,09:45:58,51730.15,51730.1,15,51735.5,30,225,1338195
BANKNIFTY-II.NFO,29/10/2024,09:46:00,51744,51734.15,120,51744.4,15,60,1338195
BANKNIFTY-II.NFO,29/10/2024,09:46:02,51734.3,51731.25,120,51744.4,75,15,1338195
BANKNIFTY-II.NFO,29/10/2024,09:46:03,51738.05,51730.3,15,51738.05,45,45,1338195
BANKNIFTY-II.NFO,29/10/2024,09:46:05,51733.45,51720,15,51729,60,60,1338195
BANKNIFTY-II.NFO,29/10/2024,09:46:07,51726.95,51726.1,120,51742,15,60,1338195
BANKNIFTY-II.NFO,29/10/2024,09:46:08,51726.95,51722.1,120,51736.35,15,0,1338195
BANKNIFTY-II.NFO,29/10/2024,09:46:10,51721.3,51720.15,60,51738.45,120,165,1341405
BANKNIFTY-II.NFO,29/10/2024,09:46:12,51721.3,51724.1,60,51738.9,60,0,1341405
BANKNIFTY-II.NFO,29/10/2024,09:46:13,51738.15,51730.3,270,51733.7,15,90,1341405
BANKNIFTY-II.NFO,29/10/2024,09:46:15,51726.3,51726.35,15,51733,15,315,1341405
BANKNIFTY-II.NFO,29/10/2024,09:46:17,51726.15,51720,30,51726.35,45,45,1341405
BANKNIFTY-II.NFO,29/10/2024,09:46:18,51726.35,51720.05,15,51726.15,15,30,1341405
BANKNIFTY-II.NFO,29/10/2024,09:46:21,51728.4,51720.1,45,51725.15,60,600,1341405
BANKNIFTY-II.NFO,29/10/2024,09:46:23,51720,51708.15,45,51719.7,60,120,1341405
BANKNIFTY-II.NFO,29/10/2024,09:46:25,51710.5,51716.05,120,51725.75,45,30,1341405
BANKNIFTY-II.NFO,29/10/2024,09:46:26,51720.7,51721.3,135,51733,15,150,1341405
BANKNIFTY-II.NFO,29/10/2024,09:46:28,51720.8,51726.15,15,51733.2,135,195,1341405
BANKNIFTY-II.NFO,29/10/2024,09:46:30,51726.15,51719.15,90,51733.65,120,15,1341405
BANKNIFTY-II.NFO,29/10/2024,09:46:31,51738,51728.1,90,51739.95,15,15,1341405
BANKNIFTY-II.NFO,29/10/2024,09:46:33,51730.3,51730.8,75,51739.95,45,45,1341405
BANKNIFTY-II.NFO,29/10/2024,09:46:35,51730.3,51730.25,45,51739.95,30,45,1341405
BANKNIFTY-II.NFO,29/10/2024,09:46:36,51739.95,51730.15,30,51739.05,30,270,1341405
BANKNIFTY-II.NFO,29/10/2024,09:46:38,51722.1,51719.05,120,51734.5,75,105,1341405
BANKNIFTY-II.NFO,29/10/2024,09:46:39,51719.1,51719,30,51731.9,30,90,1341405
BANKNIFTY-II.NFO,29/10/2024,09:46:41,51731.95,51719,15,51731.4,30,30,1341405
BANKNIFTY-II.NFO,29/10/2024,09:46:43,51717.95,51719.2,120,51731.75,60,120,1341405
BANKNIFTY-II.NFO,29/10/2024,09:46:44,51716.75,51720.85,15,51730.95,75,15,1341405
BANKNIFTY-II.NFO,29/10/2024,09:46:46,51720.9,51722.1,135,51731.75,60,15,1341405
BANKNIFTY-II.NFO,29/10/2024,09:46:48,51722.1,51724.1,105,51735,450,60,1341405
BANKNIFTY-II.NFO,29/10/2024,09:46:49,51722.1,51724.15,15,51734.85,150,0,1341405
BANKNIFTY-II.NFO,29/10/2024,09:46:51,51735,51721,105,51735,405,60,1341405
BANKNIFTY-II.NFO,29/10/2024,09:46:53,51724.15,51721.15,120,51724.15,75,15,1341405
BANKNIFTY-II.NFO,29/10/2024,09:46:54,51721.15,51721.35,60,51724.15,75,60,1341405
BANKNIFTY-II.NFO,29/10/2024,09:46:56,51724.15,51721.15,15,51724.15,60,15,1341405
BANKNIFTY-II.NFO,29/10/2024,09:46:57,51716.7,51706.7,15,51717.85,120,120,1341405
BANKNIFTY-II.NFO,29/10/2024,09:46:59,51714.9,51706.4,15,51714.9,15,345,1341405
BANKNIFTY-II.NFO,29/10/2024,09:47:01,51715.75,51714.9,15,51721.15,45,30,1341405
BANKNIFTY-II.NFO,29/10/2024,09:47:02,51721.15,51717.4,135,51730,15,210,1341405
BANKNIFTY-II.NFO,29/10/2024,09:47:04,51718.1,51721.2,15,51730,15,15,1341405
BANKNIFTY-II.NFO,29/10/2024,09:47:06,51718.1,51721.2,15,51730,15,0,1341405
BANKNIFTY-II.NFO,29/10/2024,09:47:07,51735,51730,15,51734.95,15,90,1341405
BANKNIFTY-II.NFO,29/10/2024,09:47:09,51730,51721.4,120,51730,15,15,1341405
BANKNIFTY-II.NFO,29/10/2024,09:47:11,51722.2,51722.2,135,51734.95,15,60,1341405
BANKNIFTY-II.NFO,29/10/2024,09:47:12,51722.45,51723.45,300,51734.9,45,45,1341405
BANKNIFTY-II.NFO,29/10/2024,09:47:14,51716.1,51714.5,135,51729.95,30,450,1341405
BANKNIFTY-II.NFO,29/10/2024,09:47:16,51727.65,51714.55,15,51724.8,30,30,1341405
BANKNIFTY-II.NFO,29/10/2024,09:47:17,51725.4,51710,90,51722.3,45,75,1341405
BANKNIFTY-II.NFO,29/10/2024,09:47:19,51725.4,51710,90,51720.85,45,0,1341405
BANKNIFTY-II.NFO,29/10/2024,09:47:21,51725.4,51720.05,30,51727.1,45,0,1341405
BANKNIFTY-II.NFO,29/10/2024,09:47:22,51725.4,51721.65,120,51735,420,210,1341405
BANKNIFTY-II.NFO,29/10/2024,09:47:24,51735,51721.65,120,51730,15,90,1341405
BANKNIFTY-II.NFO,29/10/2024,09:47:26,51735,51722.1,15,51730,30,0,1341405
BANKNIFTY-II.NFO,29/10/2024,09:47:27,51721.55,51720.05,15,51723.55,15,135,1341405
BANKNIFTY-II.NFO,29/10/2024,09:47:29,51720,51710.1,15,51717.65,15,30,1341405
BANKNIFTY-II.NFO,29/10/2024,09:47:31,51710,51710,75,51717,135,75,1341405
BANKNIFTY-II.NFO,29/10/2024,09:47:32,51710,51710.05,15,51712.8,75,0,1341405
BANKNIFTY-II.NFO,29/10/2024,09:47:34,51710.05,51710.05,30,51713,15,15,1341405
BANKNIFTY-II.NFO,29/10/2024,09:47:36,51711.75,51710.05,30,51714.35,75,75,1341405
BANKNIFTY-II.NFO,29/10/2024,09:47:37,51710,51705,15,51709,135,105,1341405
BANKNIFTY-II.NFO,29/10/2024,09:47:39,51710,51705.05,30,51710.05,30,0,1341405
BANKNIFTY-II.NFO,29/10/2024,09:47:41,51710,51705.05,30,51708.6,15,0,1341405
BANKNIFTY-II.NFO,29/10/2024,09:47:42,51702.05,51702.05,15,51705.6,45,75,1341405
BANKNIFTY-II.NFO,29/10/2024,09:47:44,51705.6,51702.05,15,51705.6,30,15,1341405
BANKNIFTY-II.NFO,29/10/2024,09:47:46,51702.05,51702,60,51705.6,30,15,1341405
BANKNIFTY-II.NFO,29/10/2024,09:47:47,51702,51700,75,51707,135,90,1341405
BANKNIFTY-II.NFO,29/10/2024,09:47:49,51710.05,51701,120,51711.75,15,15,1341405
BANKNIFTY-II.NFO,29/10/2024,09:47:51,51701.65,51700.1,120,51711.75,15,165,1341405
BANKNIFTY-II.NFO,29/10/2024,09:47:52,51711.75,51703.85,120,51717,45,15,1341405
BANKNIFTY-II.NFO,29/10/2024,09:47:54,51717,51704.85,60,51717,15,105,1341405
BANKNIFTY-II.NFO,29/10/2024,09:47:56,51725,51713.05,75,51725,60,60,1341405
BANKNIFTY-II.NFO,29/10/2024,09:47:57,51727,51720.05,15,51730,180,1860,1341405
BANKNIFTY-II.NFO,29/10/2024,09:47:59,51730,51724.05,15,51733,135,180,1341405
BANKNIFTY-II.NFO,29/10/2024,09:48:01,51704.2,51704.05,15,51717.65,45,105,1341405
BANKNIFTY-II.NFO,29/10/2024,09:48:02,51719,51708.2,15,51719,30,30,1341405
BANKNIFTY-II.NFO,29/10/2024,09:48:04,51719,51708.2,15,51718,135,0,1341405
BANKNIFTY-II.NFO,29/10/2024,09:48:06,51719,51708.2,15,51712,105,60,1341405
BANKNIFTY-II.NFO,29/10/2024,09:48:07,51708.2,51701,15,51706,105,30,1341405
BANKNIFTY-II.NFO,29/10/2024,09:48:09,51690,51688.45,30,51703,105,165,1341405
BANKNIFTY-II.NFO,29/10/2024,09:48:11,51690,51689.05,30,51704,105,0,1341405
BANKNIFTY-II.NFO,29/10/2024,09:48:12,51688.65,51688.65,15,51700.8,45,30,1341405
BANKNIFTY-II.NFO,29/10/2024,09:48:14,51688.65,51690.05,15,51702,105,0,1341405
BANKNIFTY-II.NFO,29/10/2024,09:48:16,51688.65,51690.3,15,51703.95,45,0,1341405
BANKNIFTY-II.NFO,29/10/2024,09:48:17,51704.9,51690.15,30,51703.95,45,90,1341405
BANKNIFTY-II.NFO,29/10/2024,09:48:19,51690.1,51690.1,15,51702.8,30,60,1341405
BANKNIFTY-II.NFO,29/10/2024,09:48:21,51690,51688.65,15,51701.95,30,135,1341405
BANKNIFTY-II.NFO,29/10/2024,09:48:22,51700.9,51690.1,15,51700.85,135,15,1341405
BANKNIFTY-II.NFO,29/10/2024,09:48:24,51700.9,51690.2,15,51699.9,120,0,1341405
BANKNIFTY-II.NFO,29/10/2024,09:48:26,51690.2,51690.25,30,51701.3,120,15,1341405
BANKNIFTY-II.NFO,29/10/2024,09:48:27,51690.25,51690.2,15,51699.1,135,45,1341405
BANKNIFTY-II.NFO,29/10/2024,09:48:29,51690.2,51690.15,30,51693.9,60,240,1341405
BANKNIFTY-II.NFO,29/10/2024,09:48:30,51687.95,51675.95,45,51689.95,15,1800,1341405
BANKNIFTY-II.NFO,29/10/2024,09:48:32,51689,51675.75,45,51686,45,30,1341405
BANKNIFTY-II.NFO,29/10/2024,09:48:34,51684.75,51675.75,45,51686.9,15,45,1341405
BANKNIFTY-II.NFO,29/10/2024,09:48:35,51684.85,51680.05,15,51686.1,300,15,1341405
BANKNIFTY-II.NFO,29/10/2024,09:48:37,51680,51675.7,15,51680,15,45,1341405
BANKNIFTY-II.NFO,29/10/2024,09:48:39,51675.75,51675.75,30,51680.05,30,30,1341405
BANKNIFTY-II.NFO,29/10/2024,09:48:40,51674,51667.85,120,51679.95,15,150,1341405
BANKNIFTY-II.NFO,29/10/2024,09:48:42,51668.8,51668.1,30,51680.05,45,30,1341405
BANKNIFTY-II.NFO,29/10/2024,09:48:44,51679.9,51668.3,30,51679.95,15,15,1341405
BANKNIFTY-II.NFO,29/10/2024,09:48:45,51670,51674.25,120,51680.05,45,30,1341405
BANKNIFTY-II.NFO,29/10/2024,09:48:47,51672.85,51669.7,15,51681.9,60,45,1341405
BANKNIFTY-II.NFO,29/10/2024,09:48:48,51666.05,51668.15,120,51679.95,15,60,1341405
BANKNIFTY-II.NFO,29/10/2024,09:48:50,51668.95,51668.95,15,51681.9,30,60,1341405
BANKNIFTY-II.NFO,29/10/2024,09:48:52,51683.95,51670.05,15,51675,330,75,1341405
BANKNIFTY-II.NFO,29/10/2024,09:48:53,51670,51668.95,120,51675,330,30,1341405
BANKNIFTY-II.NFO,29/10/2024,09:48:55,51669.15,51669.1,30,51675,210,135,1341405
BANKNIFTY-II.NFO,29/10/2024,09:48:57,51668.25,51666.75,30,51668.25,45,15,1341405
BANKNIFTY-II.NFO,29/10/2024,09:48:58,51668.25,51666.9,15,51669.15,15,45,1341405
BANKNIFTY-II.NFO,29/10/2024,09:49:00,51680,51681.75,120,51697.1,30,240,1341405
BANKNIFTY-II.NFO,29/10/2024,09:49:02,51697.15,51674.6,15,51687.95,30,30,1341405
BANKNIFTY-II.NFO,29/10/2024,09:49:03,51674.6,51667.05,30,51681.95,30,15,1341405
BANKNIFTY-II.NFO,29/10/2024,09:49:05,51674.6,51671.4,30,51685.9,165,0,1341405
BANKNIFTY-II.NFO,29/10/2024,09:49:07,51675.6,51674.3,120,51687.9,120,120,1341405
BANKNIFTY-II.NFO,29/10/2024,09:49:08,51675.6,51678,120,51693.95,150,0,1341405
BANKNIFTY-II.NFO,29/10/2024,09:49:10,51693.95,51680.9,120,51693.9,105,15,1341405
BANKNIFTY-II.NFO,29/10/2024,09:49:12,51693.95,51681.95,45,51693.45,105,30,1345800
BANKNIFTY-II.NFO,29/10/2024,09:49:13,51693.95,51681.95,45,51693.15,105,0,1345800
BANKNIFTY-II.NFO,29/10/2024,09:49:15,51693.95,51682,15,51693.9,120,0,1345800
BANKNIFTY-II.NFO,29/10/2024,09:49:17,51682.1,51682.05,15,51682.1,30,15,1345800
BANKNIFTY-II.NFO,29/10/2024,09:49:18,51682.1,51683.6,120,51693.95,30,30,1345800
BANKNIFTY-II.NFO,29/10/2024,09:49:20,51682.1,51689.7,120,51693.95,30,0,1345800
BANKNIFTY-II.NFO,29/10/2024,09:49:21,51711.95,51702.5,105,51717.55,120,195,1345800
BANKNIFTY-II.NFO,29/10/2024,09:49:23,51711.95,51697.1,15,51710.95,180,0,1345800
BANKNIFTY-II.NFO,29/10/2024,09:49:25,51711.95,51697.15,15,51708.65,120,0,1345800
BANKNIFTY-II.NFO,29/10/2024,09:49:26,51708.15,51689.8,120,51703.9,90,45,1345800
BANKNIFTY-II.NFO,29/10/2024,09:49:28,51692.45,51686.4,15,51698.9,135,555,1345800
BANKNIFTY-II.NFO,29/10/2024,09:49:30,51695.15,51686.45,30,51698.4,135,90,1345800
BANKNIFTY-II.NFO,29/10/2024,09:49:31,51696,51686.45,30,51694.15,105,135,1345800
BANKNIFTY-II.NFO,29/10/2024,09:49:33,51671.2,51670.95,30,51685.95,30,780,1345800
BANKNIFTY-II.NFO,29/10/2024,09:49:35,51671.2,51670.9,15,51685.45,45,0,1345800
BANKNIFTY-II.NFO,29/10/2024,09:49:37,51672.1,51671.25,15,51671.75,15,105,1345800
BANKNIFTY-II.NFO,29/10/2024,09:49:38,51693.7,51680.2,30,51693.95,15,135,1345800
