Ticker,Date,Time,LTP,BuyPrice,BuyQty,SellPrice,SellQty,LTQ,OpenInterest
NIFTY-III.NFO,29/10/2024,09:15:00,24670.05,24646.45,25,24670.65,100,125,740350
NIFTY-III.NFO,29/10/2024,09:15:00,24670.05,24646.45,25,24670.65,100,0,740350
NIFTY-III.NFO,29/10/2024,09:15:00,24670.05,24646.45,25,24670.65,100,0,740350
NIFTY-III.NFO,29/10/2024,09:15:00,24670,24646.45,25,24670.65,100,0,740350
NIFTY-III.NFO,29/10/2024,09:15:01,24658.9,24650,50,24663.1,100,350,740350
NIFTY-III.NFO,29/10/2024,09:15:01,24658.9,24650,50,24663.1,100,0,740350
NIFTY-III.NFO,29/10/2024,09:15:03,24658.9,24651.8,25,24670.95,100,0,740350
NIFTY-III.NFO,29/10/2024,09:15:04,24665.05,24656.15,50,24665.05,75,150,740350
NIFTY-III.NFO,29/10/2024,09:15:04,24670.85,24656.15,50,24665.05,75,0,740350
NIFTY-III.NFO,29/10/2024,09:15:04,24651.8,24656.15,50,24665.05,75,0,740350
NIFTY-III.NFO,29/10/2024,09:15:06,24665.05,24651.6,50,24661,75,0,740350
NIFTY-III.NFO,29/10/2024,09:15:08,24665.05,24650.05,100,24661,125,0,740350
NIFTY-III.NFO,29/10/2024,09:15:09,24665.05,24651.5,50,24658.85,75,0,740350
NIFTY-III.NFO,29/10/2024,09:15:11,24658.85,24650.05,100,24658.85,50,25,740350
NIFTY-III.NFO,29/10/2024,09:15:13,24658.85,24650.05,100,24658.85,25,25,740350
NIFTY-III.NFO,29/10/2024,09:15:14,24658.85,24650.9,50,24658.85,25,0,740350
NIFTY-III.NFO,29/10/2024,09:15:16,24658.85,24650.1,50,24656.8,150,0,740350
NIFTY-III.NFO,29/10/2024,09:15:17,24658.85,24650,50,24655.5,25,0,740350
NIFTY-III.NFO,29/10/2024,09:15:19,24654.85,24650,50,24654.6,125,50,740350
NIFTY-III.NFO,29/10/2024,09:15:21,24654.85,24650,50,24654.75,125,0,740350
NIFTY-III.NFO,29/10/2024,09:15:22,24650,24650,25,24653.75,125,25,740350
NIFTY-III.NFO,29/10/2024,09:15:22,24650,24650,25,24653.75,125,0,740350
NIFTY-III.NFO,29/10/2024,09:15:24,24651.7,24644.5,50,24651.55,125,75,740350
NIFTY-III.NFO,29/10/2024,09:15:26,24651.7,24643.3,50,24650.2,25,0,740350
NIFTY-III.NFO,29/10/2024,09:15:27,24651.7,24642.75,50,24650.2,150,0,740350
NIFTY-III.NFO,29/10/2024,09:15:29,24651.7,24640,100,24645.95,125,0,740350
NIFTY-III.NFO,29/10/2024,09:15:31,24651.7,24640,100,24645.8,25,0,740350
NIFTY-III.NFO,29/10/2024,09:15:32,24651.7,24640,50,24646.7,75,0,740350
NIFTY-III.NFO,29/10/2024,09:15:34,24645.55,24635.95,100,24647.55,75,200,740350
NIFTY-III.NFO,29/10/2024,09:15:34,24638.05,24635.95,100,24647.55,75,0,740350
NIFTY-III.NFO,29/10/2024,09:15:36,24645.55,24635.55,100,24647,25,0,740350
NIFTY-III.NFO,29/10/2024,09:15:37,24645.55,24637.05,100,24646.9,25,0,740350
NIFTY-III.NFO,29/10/2024,09:15:39,24645.55,24635.75,100,24646.6,25,0,740350
NIFTY-III.NFO,29/10/2024,09:15:40,24645.55,24635.75,175,24645,175,0,740350
NIFTY-III.NFO,29/10/2024,09:15:42,24645,24635.05,100,24644.95,25,25,740350
NIFTY-III.NFO,29/10/2024,09:15:44,24645,24635.05,175,24644.75,25,75,740350
NIFTY-III.NFO,29/10/2024,09:15:45,24635.75,24635.05,175,24640,50,25,740350
NIFTY-III.NFO,29/10/2024,09:15:45,24635.75,24635.05,175,24640,50,0,740350
NIFTY-III.NFO,29/10/2024,09:15:47,24635.75,24637.4,25,24640,50,0,740350
NIFTY-III.NFO,29/10/2024,09:15:49,24636.85,24637.35,25,24640,50,50,740350
NIFTY-III.NFO,29/10/2024,09:15:50,24637.4,24637.35,25,24643,175,275,740350
NIFTY-III.NFO,29/10/2024,09:15:52,24637.4,24637.35,25,24639.95,175,0,740350
NIFTY-III.NFO,29/10/2024,09:15:54,24637.4,24637.35,25,24640,25,0,740350
NIFTY-III.NFO,29/10/2024,09:15:55,24640,24637.35,25,24641.75,25,25,740350
NIFTY-III.NFO,29/10/2024,09:15:57,24637.35,24637,125,24637.4,25,25,740350
NIFTY-III.NFO,29/10/2024,09:15:59,24635,24630.55,25,24637.35,175,150,740350
NIFTY-III.NFO,29/10/2024,09:15:59,24635,24630.55,25,24637.35,175,0,740350
NIFTY-III.NFO,29/10/2024,09:16:00,24630,24630,25,24636.55,100,25,740350
NIFTY-III.NFO,29/10/2024,09:16:00,24630,24630,25,24636.55,100,0,740350
NIFTY-III.NFO,29/10/2024,09:16:02,24632,24628.35,25,24632.05,50,50,740350
NIFTY-III.NFO,29/10/2024,09:16:04,24628.35,24620.45,25,24627.75,50,25,740875
NIFTY-III.NFO,29/10/2024,09:16:04,24628.35,24620.45,25,24627.75,50,0,740875
NIFTY-III.NFO,29/10/2024,09:16:05,24628.35,24620.45,25,24627.1,125,0,740875
NIFTY-III.NFO,29/10/2024,09:16:07,24627.55,24620,25,24627.3,325,75,740875
NIFTY-III.NFO,29/10/2024,09:16:07,24620.45,24620,25,24627.3,325,0,740875
NIFTY-III.NFO,29/10/2024,09:16:09,24627.5,24620,100,24627.5,100,50,740875
NIFTY-III.NFO,29/10/2024,09:16:10,24626.6,24620.05,175,24626.9,100,25,740875
NIFTY-III.NFO,29/10/2024,09:16:12,24626.6,24620.3,100,24629.9,175,0,740875
NIFTY-III.NFO,29/10/2024,09:16:14,24629.9,24621.9,100,24629.9,150,50,740875
NIFTY-III.NFO,29/10/2024,09:16:15,24621.9,24620.05,100,24620.45,25,100,740875
NIFTY-III.NFO,29/10/2024,09:16:17,24620.45,24620.5,175,24629.6,175,25,740875
NIFTY-III.NFO,29/10/2024,09:16:19,24629.9,24621.7,175,24629.95,175,100,740875
NIFTY-III.NFO,29/10/2024,09:16:20,24629.9,24621.5,175,24629.95,175,0,740875
NIFTY-III.NFO,29/10/2024,09:16:22,24629.95,24620.5,175,24629.55,100,100,740875
NIFTY-III.NFO,29/10/2024,09:16:24,24628.55,24622.9,25,24628.6,100,100,740875
NIFTY-III.NFO,29/10/2024,09:16:25,24630.4,24622.9,25,24631.35,25,500,740875
NIFTY-III.NFO,29/10/2024,09:16:27,24630.4,24622.95,100,24629,25,0,740875
NIFTY-III.NFO,29/10/2024,09:16:29,24629,24622.95,100,24631.65,25,50,740875
NIFTY-III.NFO,29/10/2024,09:16:30,24629,24622.9,25,24630.4,25,0,740875
NIFTY-III.NFO,29/10/2024,09:16:32,24626.45,24626.55,25,24629.4,25,50,740875
NIFTY-III.NFO,29/10/2024,09:16:34,24626.55,24620.45,50,24628.8,25,25,740875
NIFTY-III.NFO,29/10/2024,09:16:35,24628.75,24622,50,24629.25,250,75,740875
NIFTY-III.NFO,29/10/2024,09:16:37,24627.25,24622,50,24628.3,250,250,740875
NIFTY-III.NFO,29/10/2024,09:16:39,24628.75,24622,50,24628.1,250,175,740875
NIFTY-III.NFO,29/10/2024,09:16:40,24628.75,24625,25,24628.8,250,0,740875
NIFTY-III.NFO,29/10/2024,09:16:42,24628.75,24625,75,24628.15,250,0,740875
NIFTY-III.NFO,29/10/2024,09:16:44,24627.95,24625,150,24628.05,250,25,740875
NIFTY-III.NFO,29/10/2024,09:16:45,24627.25,24625,150,24627.75,250,400,740875
NIFTY-III.NFO,29/10/2024,09:16:47,24627.7,24625,150,24627.7,250,100,740875
NIFTY-III.NFO,29/10/2024,09:16:49,24627.35,24625,125,24627.45,75,275,740875
NIFTY-III.NFO,29/10/2024,09:16:50,24627.35,24625,150,24626.55,75,0,740875
NIFTY-III.NFO,29/10/2024,09:16:54,24628.95,24625,150,24627,1800,100,740875
NIFTY-III.NFO,29/10/2024,09:16:55,24626.7,24620.45,50,24626.7,125,175,740875
NIFTY-III.NFO,29/10/2024,09:16:57,24626.7,24620.45,50,24623.95,25,0,740875
NIFTY-III.NFO,29/10/2024,09:16:59,24620,24615.95,25,24620.1,50,200,740875
NIFTY-III.NFO,29/10/2024,09:16:59,24620,24615.95,25,24620.1,50,0,740875
NIFTY-III.NFO,29/10/2024,09:17:00,24615.95,24610,25,24617.65,175,225,740875
NIFTY-III.NFO,29/10/2024,09:17:00,24615.95,24610,25,24617.65,175,0,740875
NIFTY-III.NFO,29/10/2024,09:17:02,24605.6,24605.6,25,24613.1,75,300,740875
NIFTY-III.NFO,29/10/2024,09:17:02,24605.6,24605.6,25,24613.1,75,0,740875
NIFTY-III.NFO,29/10/2024,09:17:04,24605.65,24606.45,125,24614.1,75,50,740875
NIFTY-III.NFO,29/10/2024,09:17:05,24605.65,24605,25,24611.65,175,0,740875
NIFTY-III.NFO,29/10/2024,09:17:07,24605,24603.65,125,24609.45,25,25,740875
NIFTY-III.NFO,29/10/2024,09:17:07,24605,24603.65,125,24609.45,25,0,740875
NIFTY-III.NFO,29/10/2024,09:17:09,24605,24603.05,175,24611.05,75,0,740875
NIFTY-III.NFO,29/10/2024,09:17:10,24605.65,24606.4,50,24612.25,200,25,740875
NIFTY-III.NFO,29/10/2024,09:17:12,24605.65,24603.45,175,24611.7,75,0,740875
NIFTY-III.NFO,29/10/2024,09:17:14,24604.15,24601.8,100,24605,25,25,740875
NIFTY-III.NFO,29/10/2024,09:17:14,24604.15,24601.8,100,24605,25,0,740875
NIFTY-III.NFO,29/10/2024,09:17:15,24603.35,24603.35,100,24612.2,75,100,740875
NIFTY-III.NFO,29/10/2024,09:17:15,24603.35,24603.35,100,24612.2,75,0,740875
NIFTY-III.NFO,29/10/2024,09:17:17,24603.35,24603.35,75,24611.2,100,0,740875
NIFTY-III.NFO,29/10/2024,09:17:19,24603.35,24606.85,175,24614.4,100,0,740875
NIFTY-III.NFO,29/10/2024,09:17:20,24605.65,24605.65,25,24611.2,25,25,740875
NIFTY-III.NFO,29/10/2024,09:17:22,24611.2,24605.65,25,24611.2,75,25,740875
NIFTY-III.NFO,29/10/2024,09:17:24,24608.8,24605,75,24609.7,125,100,740875
NIFTY-III.NFO,29/10/2024,09:17:25,24608.8,24605,75,24609.2,50,0,740875
NIFTY-III.NFO,29/10/2024,09:17:27,24609.2,24605,75,24609.3,50,25,740875
NIFTY-III.NFO,29/10/2024,09:17:29,24608.7,24605,75,24610.2,50,25,740875
NIFTY-III.NFO,29/10/2024,09:17:30,24605,24605,75,24610.95,50,50,740875
NIFTY-III.NFO,29/10/2024,09:17:32,24605,24605,50,24610.95,50,25,740875
NIFTY-III.NFO,29/10/2024,09:17:34,24608.7,24605.05,100,24611.9,25,50,740875
NIFTY-III.NFO,29/10/2024,09:17:35,24614.3,24603,100,24614,25,2025,740875
NIFTY-III.NFO,29/10/2024,09:17:35,24598.2,24603,100,24614,25,0,740875
NIFTY-III.NFO,29/10/2024,09:17:37,24606.65,24607.75,75,24618,50,25,740875
NIFTY-III.NFO,29/10/2024,09:17:39,24606.65,24607.65,125,24617.75,100,0,740875
NIFTY-III.NFO,29/10/2024,09:17:40,24606.65,24605.4,75,24612.95,50,0,740875
NIFTY-III.NFO,29/10/2024,09:17:42,24606.65,24605.4,75,24613.35,50,0,740875
NIFTY-III.NFO,29/10/2024,09:17:44,24606.65,24605.4,50,24614.3,50,50,740875
NIFTY-III.NFO,29/10/2024,09:17:45,24605.4,24605.4,100,24613.4,175,25,740875
NIFTY-III.NFO,29/10/2024,09:17:47,24605.4,24605.4,100,24613.15,225,0,740875
NIFTY-III.NFO,29/10/2024,09:17:49,24605.4,24608,75,24614.05,100,0,740875
NIFTY-III.NFO,29/10/2024,09:17:50,24605.4,24608.7,25,24615.4,225,0,740875
NIFTY-III.NFO,29/10/2024,09:17:52,24614.1,24608.7,25,24614.15,225,50,740875
NIFTY-III.NFO,29/10/2024,09:17:54,24614.1,24608.7,25,24611.85,225,0,740875
NIFTY-III.NFO,29/10/2024,09:17:55,24608,24608,50,24609.75,225,50,740875
NIFTY-III.NFO,29/10/2024,09:17:57,24608,24608,25,24610.35,175,25,740875
NIFTY-III.NFO,29/10/2024,09:17:59,24608,24605.35,25,24608.1,225,25,740875
NIFTY-III.NFO,29/10/2024,09:18:00,24605.35,24600.3,25,24604.7,175,25,740875
NIFTY-III.NFO,29/10/2024,09:18:02,24604.85,24600,100,24602.2,125,325,740875
NIFTY-III.NFO,29/10/2024,09:18:04,24600,24595,50,24598,125,100,740875
NIFTY-III.NFO,29/10/2024,09:18:05,24600,24595,50,24597.7,125,0,740875
NIFTY-III.NFO,29/10/2024,09:18:07,24600,24595,50,24599.95,50,0,740875
NIFTY-III.NFO,29/10/2024,09:18:09,24600,24595,50,24596.55,125,0,740875
NIFTY-III.NFO,29/10/2024,09:18:10,24598.75,24595,50,24598,175,400,740875
NIFTY-III.NFO,29/10/2024,09:18:12,24595,24593,175,24599.95,175,50,740875
NIFTY-III.NFO,29/10/2024,09:18:12,24595,24593,175,24599.95,175,0,740875
NIFTY-III.NFO,29/10/2024,09:18:14,24595,24595,25,24600,25,0,740875
NIFTY-III.NFO,29/10/2024,09:18:15,24595,24593,100,24598.65,200,25,740875
NIFTY-III.NFO,29/10/2024,09:18:17,24595,24595,25,24598.25,125,0,740875
NIFTY-III.NFO,29/10/2024,09:18:19,24595,24595,75,24600,75,0,740875
NIFTY-III.NFO,29/10/2024,09:18:20,24595,24595.15,25,24599.75,50,0,740875
NIFTY-III.NFO,29/10/2024,09:18:22,24599.9,24595,75,24600,300,75,740875
NIFTY-III.NFO,29/10/2024,09:18:24,24599.9,24595,150,24600,175,0,740875
NIFTY-III.NFO,29/10/2024,09:18:25,24599.9,24595.05,100,24600,175,0,740875
NIFTY-III.NFO,29/10/2024,09:18:27,24600,24595,75,24601.15,50,175,740875
NIFTY-III.NFO,29/10/2024,09:18:29,24600,24595,100,24600.45,175,0,740875
NIFTY-III.NFO,29/10/2024,09:18:30,24600,24595.05,100,24601.55,125,0,740875
NIFTY-III.NFO,29/10/2024,09:18:32,24600,24595,100,24601.55,125,0,740875
NIFTY-III.NFO,29/10/2024,09:18:34,24600,24596,150,24603.75,50,0,740875
NIFTY-III.NFO,29/10/2024,09:18:35,24600,24600,25,24600.25,175,0,740875
NIFTY-III.NFO,29/10/2024,09:18:37,24599.2,24595.15,25,24598.3,125,225,740875
NIFTY-III.NFO,29/10/2024,09:18:39,24598.65,24595.15,25,24599.3,175,50,740875
NIFTY-III.NFO,29/10/2024,09:18:40,24598.65,24595,125,24597.8,175,0,740875
NIFTY-III.NFO,29/10/2024,09:18:42,24595,24595,75,24598.2,25,125,740875
NIFTY-III.NFO,29/10/2024,09:18:44,24595,24595,75,24599.2,300,0,740875
NIFTY-III.NFO,29/10/2024,09:18:45,24599.2,24595,75,24599.2,275,25,740875
NIFTY-III.NFO,29/10/2024,09:18:47,24595.05,24595.05,100,24599.2,275,25,740875
NIFTY-III.NFO,29/10/2024,09:18:49,24599.2,24595.35,100,24599.2,225,50,740875
NIFTY-III.NFO,29/10/2024,09:18:50,24599.2,24595.25,175,24599.2,125,100,740875
NIFTY-III.NFO,29/10/2024,09:18:52,24594.3,24594.35,75,24599.2,75,650,740875
NIFTY-III.NFO,29/10/2024,09:18:52,24594.3,24594.35,75,24599.2,75,0,740875
NIFTY-III.NFO,29/10/2024,09:18:54,24599.2,24594.4,125,24599.2,25,75,740875
NIFTY-III.NFO,29/10/2024,09:18:55,24599.2,24595.05,125,24599.2,25,0,740875
NIFTY-III.NFO,29/10/2024,09:18:57,24599.2,24595,250,24599.2,25,0,740875
NIFTY-III.NFO,29/10/2024,09:18:59,24599.2,24595.05,125,24599.2,25,0,740875
NIFTY-III.NFO,29/10/2024,09:19:00,24600,24601.3,175,24609.5,100,50,740875
NIFTY-III.NFO,29/10/2024,09:19:02,24609.5,24599.85,75,24609.25,175,25,740875
NIFTY-III.NFO,29/10/2024,09:19:04,24609.5,24598.5,150,24607.35,175,0,740875
NIFTY-III.NFO,29/10/2024,09:19:05,24605.5,24609.5,25,24611.15,50,300,742575
NIFTY-III.NFO,29/10/2024,09:19:07,24609.5,24601.45,150,24609.4,125,25,742575
NIFTY-III.NFO,29/10/2024,09:19:09,24609.5,24601,50,24610.4,225,0,742575
NIFTY-III.NFO,29/10/2024,09:19:10,24609.5,24601.8,75,24609.8,175,0,742575
NIFTY-III.NFO,29/10/2024,09:19:12,24609.5,24602.6,75,24610.65,175,0,742575
NIFTY-III.NFO,29/10/2024,09:19:14,24603.55,24603.55,25,24612,175,25,742575
NIFTY-III.NFO,29/10/2024,09:19:15,24603.55,24605,1075,24613.1,100,0,742575
NIFTY-III.NFO,29/10/2024,09:19:17,24613,24609.55,100,24615,25,25,742575
NIFTY-III.NFO,29/10/2024,09:19:19,24615.8,24609.5,25,24613.4,100,50,742575
NIFTY-III.NFO,29/10/2024,09:19:20,24614.45,24609.5,25,24615.85,50,375,742575
NIFTY-III.NFO,29/10/2024,09:19:22,24616.05,24609.5,100,24616.05,25,50,742575
NIFTY-III.NFO,29/10/2024,09:19:24,24614.45,24615,25,24619.9,50,25,742575
NIFTY-III.NFO,29/10/2024,09:19:26,24614.45,24615,25,24620.2,50,0,742575
NIFTY-III.NFO,29/10/2024,09:19:27,24620.7,24615,100,24621,125,25,742575
NIFTY-III.NFO,29/10/2024,09:19:29,24620.7,24615,25,24620.6,125,0,742575
NIFTY-III.NFO,29/10/2024,09:19:31,24620.7,24615,50,24620.5,125,0,742575
NIFTY-III.NFO,29/10/2024,09:19:32,24620.5,24615,50,24621,75,50,742575
NIFTY-III.NFO,29/10/2024,09:19:34,24620.5,24620.7,25,24621,75,0,742575
NIFTY-III.NFO,29/10/2024,09:19:36,24620.2,24620.2,925,24620.9,50,125,742575
NIFTY-III.NFO,29/10/2024,09:19:37,24620.2,24620.2,700,24621.65,75,225,742575
NIFTY-III.NFO,29/10/2024,09:19:39,24620.2,24620.2,650,24621.6,150,75,742575
NIFTY-III.NFO,29/10/2024,09:19:41,24620.2,24620.2,400,24621,100,250,742575
NIFTY-III.NFO,29/10/2024,09:19:42,24620.2,24620.2,375,24620.75,75,25,742575
NIFTY-III.NFO,29/10/2024,09:19:44,24620.2,24620.2,425,24622,125,0,742575
NIFTY-III.NFO,29/10/2024,09:19:46,24620,24615,25,24623.45,50,475,742575
NIFTY-III.NFO,29/10/2024,09:19:47,24620,24615.05,100,24624.15,125,0,742575
NIFTY-III.NFO,29/10/2024,09:19:49,24623.95,24615,100,24622.9,50,25,742575
NIFTY-III.NFO,29/10/2024,09:19:51,24621.6,24620,25,24621.1,250,50,742575
NIFTY-III.NFO,29/10/2024,09:19:52,24620,24615,25,24621.3,125,25,742575
NIFTY-III.NFO,29/10/2024,09:19:54,24619.95,24615,25,24620.7,50,25,742575
NIFTY-III.NFO,29/10/2024,09:19:56,24619.95,24615,100,24622.45,200,0,742575
NIFTY-III.NFO,29/10/2024,09:19:57,24619.95,24615,25,24621.7,125,0,742575
NIFTY-III.NFO,29/10/2024,09:19:59,24619.95,24615,25,24618.75,125,0,742575
NIFTY-III.NFO,29/10/2024,09:20:01,24610,24606,25,24612.15,50,125,742575
NIFTY-III.NFO,29/10/2024,09:20:02,24610,24606,25,24612.25,50,0,742575
NIFTY-III.NFO,29/10/2024,09:20:04,24610,24606,25,24610.5,50,0,742575
NIFTY-III.NFO,29/10/2024,09:20:06,24606,24600,200,24606.45,175,50,742575
NIFTY-III.NFO,29/10/2024,09:20:07,24605.15,24600,200,24605.15,50,25,742575
NIFTY-III.NFO,29/10/2024,09:20:09,24605.15,24600,200,24607,175,0,742575
NIFTY-III.NFO,29/10/2024,09:20:11,24606,24600,200,24606.25,100,25,742575
NIFTY-III.NFO,29/10/2024,09:20:12,24606.1,24600.8,175,24608.7,25,125,742575
NIFTY-III.NFO,29/10/2024,09:20:14,24606.1,24600.35,100,24607.5,125,0,742575
NIFTY-III.NFO,29/10/2024,09:20:16,24609.5,24600.05,175,24607.35,125,25,742575
NIFTY-III.NFO,29/10/2024,09:20:17,24609.5,24601.25,175,24609.35,75,0,742575
NIFTY-III.NFO,29/10/2024,09:20:19,24609.5,24600.6,225,24608.75,250,0,742575
NIFTY-III.NFO,29/10/2024,09:20:21,24609.5,24600.1,100,24608.45,200,0,742575
NIFTY-III.NFO,29/10/2024,09:20:22,24609.5,24600.65,175,24608.4,75,0,742575
NIFTY-III.NFO,29/10/2024,09:20:24,24609.5,24600.7,100,24608.45,100,0,742575
NIFTY-III.NFO,29/10/2024,09:20:26,24608.45,24600.05,175,24607.25,200,25,742575
NIFTY-III.NFO,29/10/2024,09:20:27,24608.45,24600.05,175,24607,125,0,742575
NIFTY-III.NFO,29/10/2024,09:20:29,24608.45,24600.55,150,24607.75,125,0,742575
NIFTY-III.NFO,29/10/2024,09:20:31,24608.45,24600.05,175,24607.5,200,0,742575
NIFTY-III.NFO,29/10/2024,09:20:32,24606.55,24600,250,24606.9,325,50,742575
NIFTY-III.NFO,29/10/2024,09:20:34,24606.55,24600.05,100,24605,25,0,742575
NIFTY-III.NFO,29/10/2024,09:20:36,24607.25,24600.4,100,24609,200,200,742575
NIFTY-III.NFO,29/10/2024,09:20:37,24607.4,24601.05,175,24608.35,200,25,742575
NIFTY-III.NFO,29/10/2024,09:20:39,24607.4,24600.25,100,24608.5,250,0,742575
NIFTY-III.NFO,29/10/2024,09:20:41,24608.5,24600.75,175,24608.45,200,25,742575
NIFTY-III.NFO,29/10/2024,09:20:42,24605,24600,250,24605.15,200,25,742575
NIFTY-III.NFO,29/10/2024,09:20:44,24600.1,24600,250,24600.05,675,25,742575
NIFTY-III.NFO,29/10/2024,09:20:46,24600.05,24600,250,24604.45,125,75,742575
NIFTY-III.NFO,29/10/2024,09:20:47,24600.05,24600,250,24605.05,125,0,742575
NIFTY-III.NFO,29/10/2024,09:20:49,24600,24600,225,24603.85,125,25,742575
NIFTY-III.NFO,29/10/2024,09:20:51,24600,24599.05,75,24605.1,200,400,742575
NIFTY-III.NFO,29/10/2024,09:20:52,24605.1,24599.05,75,24604.55,200,25,742575
NIFTY-III.NFO,29/10/2024,09:20:54,24605.1,24600.05,75,24604.6,125,0,742575
NIFTY-III.NFO,29/10/2024,09:20:56,24605.1,24600.05,75,24604.85,125,0,742575
NIFTY-III.NFO,29/10/2024,09:20:57,24605.1,24600,50,24604.3,125,0,742575
NIFTY-III.NFO,29/10/2024,09:20:59,24605.1,24600,50,24603.6,125,0,742575
NIFTY-III.NFO,29/10/2024,09:21:01,24600,24599,400,24599.9,125,50,742575
NIFTY-III.NFO,29/10/2024,09:21:02,24599,24599,375,24600.05,125,50,742575
NIFTY-III.NFO,29/10/2024,09:21:04,24599,24599.35,125,24604.9,25,0,742575
NIFTY-III.NFO,29/10/2024,09:21:06,24599,24602.8,150,24605,50,0,742575
NIFTY-III.NFO,29/10/2024,09:21:07,24605,24604.3,75,24610,175,50,742575
NIFTY-III.NFO,29/10/2024,09:21:09,24605,24604.25,25,24607.9,125,0,742575
NIFTY-III.NFO,29/10/2024,09:21:11,24607.9,24604.25,25,24608.9,125,25,742575
NIFTY-III.NFO,29/10/2024,09:21:12,24607.9,24604.3,150,24610,175,0,742575
NIFTY-III.NFO,29/10/2024,09:21:14,24610,24608,125,24615.55,100,175,742575
NIFTY-III.NFO,29/10/2024,09:21:15,24610,24609.15,75,24617.9,100,0,742575
NIFTY-III.NFO,29/10/2024,09:21:17,24610,24609.2,125,24617.45,175,0,742575
NIFTY-III.NFO,29/10/2024,09:21:19,24610,24610.55,150,24617.85,100,0,742575
NIFTY-III.NFO,29/10/2024,09:21:20,24615,24610,25,24616.45,475,25,742575
NIFTY-III.NFO,29/10/2024,09:21:22,24615,24610,25,24613.05,100,0,742575
NIFTY-III.NFO,29/10/2024,09:21:24,24610,24604.25,25,24611,100,50,742575
NIFTY-III.NFO,29/10/2024,09:21:25,24611.8,24604.25,25,24610.85,75,25,742575
NIFTY-III.NFO,29/10/2024,09:21:27,24611.8,24604.3,175,24611.4,75,0,742575
NIFTY-III.NFO,29/10/2024,09:21:29,24611.8,24606.1,75,24613.2,75,0,742575
NIFTY-III.NFO,29/10/2024,09:21:30,24611.8,24605.8,100,24613.95,75,0,742575
NIFTY-III.NFO,29/10/2024,09:21:32,24605.8,24605.65,200,24613.9,225,50,742575
NIFTY-III.NFO,29/10/2024,09:21:34,24605.8,24605.2,75,24613.85,225,0,742575
NIFTY-III.NFO,29/10/2024,09:21:36,24611.85,24604.25,25,24610.95,150,50,742575
NIFTY-III.NFO,29/10/2024,09:21:37,24611.85,24604.25,25,24609.7,200,0,742575
NIFTY-III.NFO,29/10/2024,09:21:39,24611.85,24604.3,100,24612.05,75,0,742575
NIFTY-III.NFO,29/10/2024,09:21:41,24611.85,24604.25,25,24610.4,200,0,742575
NIFTY-III.NFO,29/10/2024,09:21:42,24611.85,24604.25,100,24611.5,150,0,742575
NIFTY-III.NFO,29/10/2024,09:21:44,24611.85,24604.25,100,24611.8,150,0,742575
NIFTY-III.NFO,29/10/2024,09:21:46,24611.85,24604.25,100,24611.4,200,0,742575
NIFTY-III.NFO,29/10/2024,09:21:47,24611.85,24604.25,100,24611.5,150,0,742575
NIFTY-III.NFO,29/10/2024,09:21:49,24610.9,24604.55,175,24612.95,125,50,742575
NIFTY-III.NFO,29/10/2024,09:21:51,24610.9,24609,225,24611.85,75,0,742575
NIFTY-III.NFO,29/10/2024,09:21:52,24611.85,24609.1,150,24615,25,75,742575
NIFTY-III.NFO,29/10/2024,09:21:54,24611.85,24607.6,175,24614.95,125,0,742575
NIFTY-III.NFO,29/10/2024,09:21:56,24606.2,24605.05,125,24612.95,100,225,742575
NIFTY-III.NFO,29/10/2024,09:21:57,24603.65,24602,25,24610.15,175,250,742575
NIFTY-III.NFO,29/10/2024,09:21:59,24603.65,24602,100,24609.75,175,0,742575
NIFTY-III.NFO,29/10/2024,09:22:01,24603.65,24602,25,24607.35,225,0,742575
NIFTY-III.NFO,29/10/2024,09:22:02,24603.65,24602,25,24606.95,175,0,742575
NIFTY-III.NFO,29/10/2024,09:22:04,24603.65,24602,25,24607.2,225,0,742575
NIFTY-III.NFO,29/10/2024,09:22:06,24603.65,24602,25,24606.35,150,0,742575
NIFTY-III.NFO,29/10/2024,09:22:07,24603.65,24603.65,300,24605.75,175,0,742575
NIFTY-III.NFO,29/10/2024,09:22:09,24603.65,24603.65,275,24606.25,100,25,745125
NIFTY-III.NFO,29/10/2024,09:22:11,24603.65,24603.65,275,24606.55,100,0,745125
NIFTY-III.NFO,29/10/2024,09:22:12,24603.65,24603.65,275,24605.55,125,0,745125
NIFTY-III.NFO,29/10/2024,09:22:14,24603.65,24603.65,200,24604.6,175,100,745125
NIFTY-III.NFO,29/10/2024,09:22:15,24597,24595,200,24596.5,100,925,745125
NIFTY-III.NFO,29/10/2024,09:22:17,24595,24595,175,24597.45,100,25,745125
NIFTY-III.NFO,29/10/2024,09:22:19,24595,24595,175,24596.8,100,0,745125
NIFTY-III.NFO,29/10/2024,09:22:20,24595,24593,100,24595.7,100,175,745125
NIFTY-III.NFO,29/10/2024,09:22:22,24597.45,24593,100,24597.35,150,25,745125
NIFTY-III.NFO,29/10/2024,09:22:24,24597.45,24593,100,24596.95,100,0,745125
NIFTY-III.NFO,29/10/2024,09:22:25,24597.45,24593,100,24597,125,0,745125
NIFTY-III.NFO,29/10/2024,09:22:27,24597.45,24593,100,24596.95,125,0,745125
NIFTY-III.NFO,29/10/2024,09:22:29,24597.45,24594,75,24601.2,125,0,745125
NIFTY-III.NFO,29/10/2024,09:22:30,24597.45,24596.55,75,24600.55,125,0,745125
NIFTY-III.NFO,29/10/2024,09:22:32,24597.45,24594.75,75,24599.25,125,0,745125
NIFTY-III.NFO,29/10/2024,09:22:34,24597.45,24593.05,75,24597.3,125,0,745125
NIFTY-III.NFO,29/10/2024,09:22:35,24597.45,24593,100,24595.1,125,0,745125
NIFTY-III.NFO,29/10/2024,09:22:37,24597.45,24593,100,24594.55,125,0,745125
NIFTY-III.NFO,29/10/2024,09:22:39,24597.45,24593.05,75,24598.75,25,0,745125
NIFTY-III.NFO,29/10/2024,09:22:40,24595,24593,100,24596.1,125,50,745125
NIFTY-III.NFO,29/10/2024,09:22:42,24595,24593.05,150,24598.2,125,0,745125
NIFTY-III.NFO,29/10/2024,09:22:44,24596.15,24593,100,24595.55,125,25,745125
NIFTY-III.NFO,29/10/2024,09:22:45,24593,24593,75,24593.4,125,25,745125
NIFTY-III.NFO,29/10/2024,09:22:45,24593,24593,75,24593.4,125,0,745125
NIFTY-III.NFO,29/10/2024,09:22:47,24593,24591.05,75,24596.5,125,75,745125
NIFTY-III.NFO,29/10/2024,09:22:49,24593,24591,100,24596,125,0,745125
NIFTY-III.NFO,29/10/2024,09:22:50,24593,24591,100,24594.8,125,0,745125
NIFTY-III.NFO,29/10/2024,09:22:52,24593,24591,100,24593.6,125,0,745125
NIFTY-III.NFO,29/10/2024,09:22:53,24591,24590,2200,24592.6,200,100,745125
NIFTY-III.NFO,29/10/2024,09:22:53,24591,24590,2200,24592.6,200,0,745125
NIFTY-III.NFO,29/10/2024,09:22:55,24590,24590,2025,24592.75,125,175,745125
NIFTY-III.NFO,29/10/2024,09:22:55,24590,24590,2025,24592.75,125,0,745125
NIFTY-III.NFO,29/10/2024,09:22:57,24590,24590,2250,24591.45,125,25,745125
NIFTY-III.NFO,29/10/2024,09:22:58,24590,24590,2275,24592.05,125,0,745125
NIFTY-III.NFO,29/10/2024,09:23:00,24590,24591,50,24593,100,0,745125
NIFTY-III.NFO,29/10/2024,09:23:02,24590,24590,1925,24593,100,500,745125
NIFTY-III.NFO,29/10/2024,09:23:03,24590,24590,275,24592.9,125,150,745125
NIFTY-III.NFO,29/10/2024,09:23:05,24590,24590,300,24592.85,125,25,745125
NIFTY-III.NFO,29/10/2024,09:23:07,24590,24586,25,24591.8,125,300,745125
NIFTY-III.NFO,29/10/2024,09:23:08,24590,24586,25,24590,50,0,745125
NIFTY-III.NFO,29/10/2024,09:23:10,24591.75,24586,25,24590,25,75,745125
NIFTY-III.NFO,29/10/2024,09:23:12,24590,24586.05,50,24593,100,25,745125
NIFTY-III.NFO,29/10/2024,09:23:13,24590,24590,50,24593,100,0,745125
NIFTY-III.NFO,29/10/2024,09:23:15,24590,24590,50,24592,125,0,745125
NIFTY-III.NFO,29/10/2024,09:23:17,24590,24586,1525,24590.75,125,50,745125
NIFTY-III.NFO,29/10/2024,09:23:18,24590,24586,1525,24592.15,125,0,745125
NIFTY-III.NFO,29/10/2024,09:23:20,24591,24586,1525,24589.3,125,25,745125
NIFTY-III.NFO,29/10/2024,09:23:22,24591,24586,1525,24591.45,125,0,745125
NIFTY-III.NFO,29/10/2024,09:23:23,24593.05,24586,25,24589.2,125,1500,745125
NIFTY-III.NFO,29/10/2024,09:23:23,24589.35,24586,25,24589.2,125,0,745125
NIFTY-III.NFO,29/10/2024,09:23:25,24593.05,24586,25,24588.85,125,0,745125
NIFTY-III.NFO,29/10/2024,09:23:27,24593.05,24586.05,100,24591.1,125,0,745125
NIFTY-III.NFO,29/10/2024,09:23:28,24593.05,24586.55,175,24592.6,125,0,745125
NIFTY-III.NFO,29/10/2024,09:23:30,24593.05,24586.05,100,24590.55,125,0,745125
NIFTY-III.NFO,29/10/2024,09:23:32,24593.05,24586,25,24589.25,125,0,745125
NIFTY-III.NFO,29/10/2024,09:23:33,24586.25,24585,100,24587.05,125,125,745125
NIFTY-III.NFO,29/10/2024,09:23:33,24586,24585,100,24587.05,125,0,745125
NIFTY-III.NFO,29/10/2024,09:23:35,24585,24581.05,100,24585.95,125,100,745125
NIFTY-III.NFO,29/10/2024,09:23:35,24585,24581.05,100,24585.95,125,0,745125
NIFTY-III.NFO,29/10/2024,09:23:37,24587.2,24582.5,175,24587.2,50,25,745125
NIFTY-III.NFO,29/10/2024,09:23:38,24587.2,24585.65,175,24590.9,125,0,745125
NIFTY-III.NFO,29/10/2024,09:23:40,24587.2,24585.35,100,24590,125,0,745125
NIFTY-III.NFO,29/10/2024,09:23:42,24582.35,24581,25,24585.6,125,300,745125
NIFTY-III.NFO,29/10/2024,09:23:42,24582.35,24581,25,24585.6,125,0,745125
NIFTY-III.NFO,29/10/2024,09:23:44,24582.35,24581,25,24585,25,0,745125
NIFTY-III.NFO,29/10/2024,09:23:45,24582.35,24581,100,24585,25,0,745125
NIFTY-III.NFO,29/10/2024,09:23:47,24582.35,24581.9,200,24585,25,0,745125
NIFTY-III.NFO,29/10/2024,09:23:49,24585,24582.85,50,24588.55,125,50,745125
NIFTY-III.NFO,29/10/2024,09:23:50,24585,24583,25,24589,100,0,745125
NIFTY-III.NFO,29/10/2024,09:23:52,24585,24587.2,200,24588.2,125,25,745125
NIFTY-III.NFO,29/10/2024,09:23:54,24587.2,24584.3,175,24590.75,25,200,745125
NIFTY-III.NFO,29/10/2024,09:23:55,24587.2,24583.25,175,24589.25,125,0,745125
NIFTY-III.NFO,29/10/2024,09:23:57,24587.2,24583.1,175,24589.55,125,25,745125
NIFTY-III.NFO,29/10/2024,09:23:59,24585,24583,100,24588.9,125,25,745125
NIFTY-III.NFO,29/10/2024,09:24:00,24585,24583,25,24588.85,100,0,745125
NIFTY-III.NFO,29/10/2024,09:24:02,24585,24583,25,24586.1,100,0,745125
NIFTY-III.NFO,29/10/2024,09:24:04,24583,24581,50,24583.25,125,25,745125
NIFTY-III.NFO,29/10/2024,09:24:05,24583,24581,50,24587.2,75,0,745125
NIFTY-III.NFO,29/10/2024,09:24:07,24583,24581,125,24588,175,0,745125
NIFTY-III.NFO,29/10/2024,09:24:09,24583,24581.05,75,24586.65,125,0,745125
NIFTY-III.NFO,29/10/2024,09:24:10,24583,24581,50,24585.8,125,0,745125
NIFTY-III.NFO,29/10/2024,09:24:12,24582,24581,50,24587.05,25,25,745125
NIFTY-III.NFO,29/10/2024,09:24:12,24582,24581,50,24587.05,25,0,745125
NIFTY-III.NFO,29/10/2024,09:24:14,24582,24581,225,24585,1175,0,745125
NIFTY-III.NFO,29/10/2024,09:24:15,24582,24583,125,24585,1175,0,745125
NIFTY-III.NFO,29/10/2024,09:24:17,24584.15,24584.2,25,24585,1175,75,745125
NIFTY-III.NFO,29/10/2024,09:24:19,24585,24585.9,25,24587.2,25,1175,745125
NIFTY-III.NFO,29/10/2024,09:24:20,24585,24585.4,75,24587.2,25,0,745125
NIFTY-III.NFO,29/10/2024,09:24:22,24590,24587.2,50,24590,25,50,745125
NIFTY-III.NFO,29/10/2024,09:24:24,24590,24589.45,75,24590,25,0,745125
NIFTY-III.NFO,29/10/2024,09:24:25,24590,24587.65,75,24590,25,0,745125
NIFTY-III.NFO,29/10/2024,09:24:27,24586.35,24587.15,150,24590,25,25,745125
NIFTY-III.NFO,29/10/2024,09:24:29,24590,24590.4,50,24593,25,25,745125
NIFTY-III.NFO,29/10/2024,09:24:30,24590,24591.25,50,24593,25,0,745125
NIFTY-III.NFO,29/10/2024,09:24:32,24593,24592.15,75,24598.85,125,25,745125
NIFTY-III.NFO,29/10/2024,09:24:34,24593,24590.95,150,24597.65,125,0,745125
NIFTY-III.NFO,29/10/2024,09:24:35,24593,24590.95,75,24598.25,125,0,745125
NIFTY-III.NFO,29/10/2024,09:24:37,24593,24591.55,150,24598.8,125,0,745125
NIFTY-III.NFO,29/10/2024,09:24:39,24593,24591.55,75,24596.4,100,0,745125
NIFTY-III.NFO,29/10/2024,09:24:40,24593,24591.85,75,24599.8,100,0,745125
NIFTY-III.NFO,29/10/2024,09:24:42,24593,24593,125,24599.95,175,0,745125
NIFTY-III.NFO,29/10/2024,09:24:44,24595.1,24595,25,24599.75,75,100,745125
NIFTY-III.NFO,29/10/2024,09:24:45,24595.1,24598.35,25,24599.95,100,0,745125
NIFTY-III.NFO,29/10/2024,09:24:47,24598.35,24595,25,24599.05,100,25,745125
NIFTY-III.NFO,29/10/2024,09:24:49,24598.35,24595,25,24598.35,100,0,745125
NIFTY-III.NFO,29/10/2024,09:24:50,24598.35,24595,25,24596.45,100,0,745125
NIFTY-III.NFO,29/10/2024,09:24:52,24598.35,24595,25,24597.25,100,0,745125
NIFTY-III.NFO,29/10/2024,09:24:54,24596.85,24595,25,24597.15,100,25,745125
NIFTY-III.NFO,29/10/2024,09:24:55,24595,24593,100,24596.35,100,25,745125
NIFTY-III.NFO,29/10/2024,09:24:57,24595,24593,100,24597,100,0,745125
NIFTY-III.NFO,29/10/2024,09:24:59,24595,24593,100,24595,25,0,745125
NIFTY-III.NFO,29/10/2024,09:25:04,24599.3,24593.25,225,24599.7,75,125,745125
NIFTY-III.NFO,29/10/2024,09:25:05,24599.3,24593,100,24599.75,150,0,745125
NIFTY-III.NFO,29/10/2024,09:25:07,24593,24593,75,24595.95,75,25,746875
NIFTY-III.NFO,29/10/2024,09:25:09,24593,24593,75,24596.6,75,0,746875
NIFTY-III.NFO,29/10/2024,09:25:10,24593,24593,75,24598.7,75,0,746875
NIFTY-III.NFO,29/10/2024,09:25:12,24595.95,24594,25,24596.25,75,25,746875
NIFTY-III.NFO,29/10/2024,09:25:13,24594,24593,75,24595.55,75,25,746875
NIFTY-III.NFO,29/10/2024,09:25:15,24594,24593,100,24596.35,75,0,746875
NIFTY-III.NFO,29/10/2024,09:25:17,24591,24590.1,25,24595.1,75,125,746875
NIFTY-III.NFO,29/10/2024,09:25:18,24590.1,24590,50,24593.2,75,25,746875
NIFTY-III.NFO,29/10/2024,09:25:20,24594.15,24590,50,24595.2,125,50,746875
NIFTY-III.NFO,29/10/2024,09:25:22,24594.15,24590,50,24593.7,25,0,746875
NIFTY-III.NFO,29/10/2024,09:25:23,24594.15,24590.15,100,24596.75,25,0,746875
NIFTY-III.NFO,29/10/2024,09:25:25,24594.15,24590,50,24595.1,25,0,746875
NIFTY-III.NFO,29/10/2024,09:25:27,24594.15,24590,50,24594.75,125,0,746875
NIFTY-III.NFO,29/10/2024,09:25:28,24595.65,24590,50,24593.55,125,25,746875
NIFTY-III.NFO,29/10/2024,09:25:30,24595.65,24590,100,24595.2,75,0,746875
NIFTY-III.NFO,29/10/2024,09:25:32,24595.65,24590,100,24592.75,250,0,746875
NIFTY-III.NFO,29/10/2024,09:25:33,24595.65,24590,100,24593.1,125,0,746875
NIFTY-III.NFO,29/10/2024,09:25:37,24595.65,24590,100,24593.7,125,0,746875
NIFTY-III.NFO,29/10/2024,09:25:38,24590,24590.05,175,24595.5,125,25,746875
NIFTY-III.NFO,29/10/2024,09:25:40,24590,24591.35,175,24597.25,125,0,746875
NIFTY-III.NFO,29/10/2024,09:25:42,24597.55,24590.65,175,24597.55,125,250,746875
NIFTY-III.NFO,29/10/2024,09:25:43,24597.55,24595,175,24600,25,0,746875
NIFTY-III.NFO,29/10/2024,09:25:45,24597.55,24595.4,175,24600,25,0,746875
NIFTY-III.NFO,29/10/2024,09:25:47,24597.55,24596.2,100,24600,25,0,746875
NIFTY-III.NFO,29/10/2024,09:25:48,24597.55,24596.55,75,24600,25,0,746875
NIFTY-III.NFO,29/10/2024,09:25:50,24597.55,24594.55,75,24599.35,125,0,746875
NIFTY-III.NFO,29/10/2024,09:25:52,24592.65,24592.65,100,24599.1,25,25,746875
NIFTY-III.NFO,29/10/2024,09:25:53,24592.65,24595.05,100,24599,25,0,746875
NIFTY-III.NFO,29/10/2024,09:25:55,24592.65,24594.35,175,24599,25,0,746875
NIFTY-III.NFO,29/10/2024,09:25:57,24599,24598.9,100,24600,25,25,746875
NIFTY-III.NFO,29/10/2024,09:25:58,24599,24599.85,75,24600,25,0,746875
NIFTY-III.NFO,29/10/2024,09:26:00,24599,24597.55,250,24600,25,0,746875
NIFTY-III.NFO,29/10/2024,09:26:05,24599,24597.9,175,24600,25,25,746875
NIFTY-III.NFO,29/10/2024,09:26:07,24600,24601.05,225,24607.65,75,25,746875
NIFTY-III.NFO,29/10/2024,09:26:09,24600,24600.65,225,24607.55,25,0,746875
NIFTY-III.NFO,29/10/2024,09:26:10,24608.25,24601.7,175,24608.25,50,25,746875
NIFTY-III.NFO,29/10/2024,09:26:12,24608.25,24601.55,225,24608.95,75,0,746875
NIFTY-III.NFO,29/10/2024,09:26:13,24615.9,24609.05,100,24615.9,50,50,746875
NIFTY-III.NFO,29/10/2024,09:26:15,24615.9,24610.15,100,24617.7,25,0,746875
NIFTY-III.NFO,29/10/2024,09:26:17,24615.9,24613.05,75,24619.2,25,0,746875
NIFTY-III.NFO,29/10/2024,09:26:18,24611.7,24613.3,175,24618.9,125,50,746875
NIFTY-III.NFO,29/10/2024,09:26:20,24611.7,24614.05,75,24615.9,25,0,746875
NIFTY-III.NFO,29/10/2024,09:26:22,24611.7,24613.8,100,24615.9,25,0,746875
NIFTY-III.NFO,29/10/2024,09:26:23,24624.75,24621.15,75,24626.4,125,150,746875
NIFTY-III.NFO,29/10/2024,09:26:25,24624.75,24618.35,100,24624.75,75,0,746875
NIFTY-III.NFO,29/10/2024,09:26:27,24624.75,24618.05,75,24624.5,75,0,746875
NIFTY-III.NFO,29/10/2024,09:26:28,24624.75,24619.25,75,24625.25,75,0,746875
NIFTY-III.NFO,29/10/2024,09:26:30,24624.75,24615.45,150,24622.6,75,0,746875
NIFTY-III.NFO,29/10/2024,09:26:32,24624.75,24616.4,150,24624.3,150,0,746875
NIFTY-III.NFO,29/10/2024,09:26:33,24623.65,24617.55,75,24623.6,50,25,746875
NIFTY-III.NFO,29/10/2024,09:26:35,24624.15,24618,75,24624.7,50,50,746875
NIFTY-III.NFO,29/10/2024,09:26:37,24624.15,24616.55,175,24623.3,50,0,746875
NIFTY-III.NFO,29/10/2024,09:26:38,24624.7,24616.7,175,24623.4,125,50,746875
NIFTY-III.NFO,29/10/2024,09:26:40,24624.7,24614.45,75,24622.7,500,0,746875
NIFTY-III.NFO,29/10/2024,09:26:42,24624.7,24612.75,150,24620.15,75,0,746875
NIFTY-III.NFO,29/10/2024,09:26:43,24624.7,24613,100,24620.7,250,0,746875
NIFTY-III.NFO,29/10/2024,09:26:45,24624.7,24610.65,225,24618.45,150,0,746875
NIFTY-III.NFO,29/10/2024,09:26:47,24624.7,24609.75,100,24618.85,200,0,746875
NIFTY-III.NFO,29/10/2024,09:26:48,24617.45,24610.8,150,24617.5,75,50,746875
NIFTY-III.NFO,29/10/2024,09:26:50,24617.45,24610.05,100,24617.95,150,0,746875
NIFTY-III.NFO,29/10/2024,09:26:52,24608.4,24608.5,100,24616.6,175,700,746875
NIFTY-III.NFO,29/10/2024,09:26:53,24608.4,24608.8,225,24617,175,0,746875
NIFTY-III.NFO,29/10/2024,09:26:55,24608.4,24608.55,75,24615.3,100,0,746875
NIFTY-III.NFO,29/10/2024,09:26:57,24608.4,24610.05,175,24617.95,175,0,746875
NIFTY-III.NFO,29/10/2024,09:26:58,24614.7,24608.6,175,24615.45,225,100,746875
NIFTY-III.NFO,29/10/2024,09:27:00,24614.7,24608.4,50,24612.7,75,0,746875
NIFTY-III.NFO,29/10/2024,09:27:02,24608.4,24602.95,75,24608.2,75,50,746875
NIFTY-III.NFO,29/10/2024,09:27:03,24608.4,24600.7,75,24607.2,250,0,746875
NIFTY-III.NFO,29/10/2024,09:27:05,24607.05,24600.7,75,24606.15,375,400,746875
NIFTY-III.NFO,29/10/2024,09:27:07,24607.05,24600,150,24603.95,200,0,746875
NIFTY-III.NFO,29/10/2024,09:27:08,24607.05,24600,150,24600.3,75,0,746875
NIFTY-III.NFO,29/10/2024,09:27:10,24600,24599,75,24599.15,75,175,746875
NIFTY-III.NFO,29/10/2024,09:27:12,24599.15,24599,75,24600.55,75,25,746875
NIFTY-III.NFO,29/10/2024,09:27:13,24599.15,24599,75,24599.35,75,0,746875
NIFTY-III.NFO,29/10/2024,09:27:15,24599.35,24599,75,24599.45,75,25,746875
NIFTY-III.NFO,29/10/2024,09:27:17,24599,24597.55,250,24600.65,75,75,746875
NIFTY-III.NFO,29/10/2024,09:27:18,24599,24597.55,250,24598.2,250,0,746875
NIFTY-III.NFO,29/10/2024,09:27:20,24597.55,24595,50,24595.35,75,425,746875
NIFTY-III.NFO,29/10/2024,09:27:22,24597.55,24595,50,24597.1,250,0,746875
NIFTY-III.NFO,29/10/2024,09:27:23,24597.55,24595,50,24599.8,250,0,746875
NIFTY-III.NFO,29/10/2024,09:27:25,24597.55,24595,50,24598.95,250,0,746875
NIFTY-III.NFO,29/10/2024,09:27:27,24597.55,24595,50,24598.05,125,0,746875
NIFTY-III.NFO,29/10/2024,09:27:28,24597,24595,50,24596.45,250,25,746875
NIFTY-III.NFO,29/10/2024,09:27:30,24597,24595,50,24598,250,0,746875
NIFTY-III.NFO,29/10/2024,09:27:32,24595,24591,25,24595.65,75,50,746875
NIFTY-III.NFO,29/10/2024,09:27:33,24595,24591,25,24596.4,275,0,746875
NIFTY-III.NFO,29/10/2024,09:27:35,24595,24591,25,24594.35,125,0,746875
NIFTY-III.NFO,29/10/2024,09:27:37,24595,24591,25,24594.95,125,0,746875
NIFTY-III.NFO,29/10/2024,09:27:38,24595,24591,25,24595,100,0,746875
NIFTY-III.NFO,29/10/2024,09:27:40,24595,24591.05,175,24595,100,0,746875
NIFTY-III.NFO,29/10/2024,09:27:42,24595,24591,25,24595,100,0,746875
NIFTY-III.NFO,29/10/2024,09:27:45,24595,24591,25,24595,325,0,746875
NIFTY-III.NFO,29/10/2024,09:27:47,24595,24591,25,24595,100,0,746875
NIFTY-III.NFO,29/10/2024,09:27:48,24595,24591,25,24594.2,225,0,746875
NIFTY-III.NFO,29/10/2024,09:27:50,24595,24591,25,24595,200,0,746875
NIFTY-III.NFO,29/10/2024,09:27:52,24595,24591,25,24595,175,25,746875
NIFTY-III.NFO,29/10/2024,09:27:53,24595,24591,25,24595,250,0,746875
NIFTY-III.NFO,29/10/2024,09:27:55,24595,24591,25,24594.85,200,0,746875
NIFTY-III.NFO,29/10/2024,09:27:57,24593.5,24591,25,24594.15,225,50,746875
NIFTY-III.NFO,29/10/2024,09:27:58,24590.45,24590,75,24593.45,175,50,746875
NIFTY-III.NFO,29/10/2024,09:28:00,24590.45,24590,75,24594.75,75,0,746875
NIFTY-III.NFO,29/10/2024,09:28:02,24592.95,24590.45,25,24592.8,175,50,746875
NIFTY-III.NFO,29/10/2024,09:28:03,24590.45,24590,75,24592.7,200,25,746875
NIFTY-III.NFO,29/10/2024,09:28:05,24590.45,24590,100,24591.1,125,0,746875
NIFTY-III.NFO,29/10/2024,09:28:07,24590,24590,50,24592.3,225,75,748250
NIFTY-III.NFO,29/10/2024,09:28:08,24591.75,24583.9,100,24591.65,75,75,748250
NIFTY-III.NFO,29/10/2024,09:28:10,24589.55,24583.85,75,24590,25,25,748250
NIFTY-III.NFO,29/10/2024,09:28:12,24589.55,24582.75,175,24589.95,200,0,748250
NIFTY-III.NFO,29/10/2024,09:28:13,24589.55,24582,100,24588.05,200,0,748250
NIFTY-III.NFO,29/10/2024,09:28:15,24589.55,24582,100,24586.75,125,0,748250
NIFTY-III.NFO,29/10/2024,09:28:17,24582,24581,50,24583.25,75,100,748250
NIFTY-III.NFO,29/10/2024,09:28:18,24580,24576.7,175,24584.6,125,350,748250
NIFTY-III.NFO,29/10/2024,09:28:18,24580,24576.7,175,24584.6,125,0,748250
NIFTY-III.NFO,29/10/2024,09:28:20,24580,24578.2,100,24585.75,25,0,748250
NIFTY-III.NFO,29/10/2024,09:28:22,24577.2,24576.7,100,24580,25,25,748250
NIFTY-III.NFO,29/10/2024,09:28:22,24577.2,24576.7,100,24580,25,0,748250
NIFTY-III.NFO,29/10/2024,09:28:24,24577.2,24577.65,100,24580,25,0,748250
NIFTY-III.NFO,29/10/2024,09:28:25,24577.2,24575.5,175,24580,25,0,748250
NIFTY-III.NFO,29/10/2024,09:28:27,24577,24575.45,25,24580,25,25,748250
NIFTY-III.NFO,29/10/2024,09:28:27,24577,24575.45,25,24580,25,0,748250
NIFTY-III.NFO,29/10/2024,09:28:29,24580,24575.45,25,24579.2,25,25,748250
NIFTY-III.NFO,29/10/2024,09:28:30,24580,24575.45,25,24581.1,25,0,748250
NIFTY-III.NFO,29/10/2024,09:28:32,24575,24575,200,24579.85,25,50,748250
NIFTY-III.NFO,29/10/2024,09:28:32,24575,24575,200,24579.85,25,0,748250
NIFTY-III.NFO,29/10/2024,09:28:34,24579.75,24575,200,24580.1,125,25,748250
NIFTY-III.NFO,29/10/2024,09:28:35,24575,24575,175,24580,75,25,748250
NIFTY-III.NFO,29/10/2024,09:28:37,24575,24575,175,24580.45,125,0,748250
NIFTY-III.NFO,29/10/2024,09:28:39,24575,24575,250,24580,25,0,748250
NIFTY-III.NFO,29/10/2024,09:28:40,24575,24575.35,150,24580,25,0,748250
NIFTY-III.NFO,29/10/2024,09:28:42,24580,24578.9,225,24585.4,125,25,748250
NIFTY-III.NFO,29/10/2024,09:28:44,24584.95,24577.4,100,24584.85,25,25,748250
NIFTY-III.NFO,29/10/2024,09:28:45,24584.95,24576.05,100,24583,125,0,748250
NIFTY-III.NFO,29/10/2024,09:28:47,24584.95,24577,150,24582,25,0,748250
NIFTY-III.NFO,29/10/2024,09:28:49,24584.95,24580,25,24585,325,0,748250
NIFTY-III.NFO,29/10/2024,09:28:50,24584.95,24580,25,24583.1,125,0,748250
NIFTY-III.NFO,29/10/2024,09:28:52,24580,24575,250,24580.3,125,25,748250
NIFTY-III.NFO,29/10/2024,09:28:54,24580,24575,250,24578.65,125,0,748250
NIFTY-III.NFO,29/10/2024,09:28:55,24580,24575,250,24579.55,250,0,748250
NIFTY-III.NFO,29/10/2024,09:28:57,24580,24575.55,125,24581.45,125,0,748250
NIFTY-III.NFO,29/10/2024,09:28:59,24580,24575.95,150,24582.1,125,0,748250
NIFTY-III.NFO,29/10/2024,09:29:00,24580,24575,325,24580,25,0,748250
NIFTY-III.NFO,29/10/2024,09:29:02,24580,24575,300,24579.7,75,0,748250
NIFTY-III.NFO,29/10/2024,09:29:04,24577.7,24577.65,125,24580,25,25,748250
NIFTY-III.NFO,29/10/2024,09:29:05,24577.7,24577.05,100,24580,25,0,748250
NIFTY-III.NFO,29/10/2024,09:29:07,24578.8,24575,300,24579.35,125,100,748250
NIFTY-III.NFO,29/10/2024,09:29:09,24578.8,24577,100,24579.8,125,0,748250
NIFTY-III.NFO,29/10/2024,09:29:10,24578.8,24577,100,24578.8,50,0,748250
NIFTY-III.NFO,29/10/2024,09:29:13,24577,24575,300,24577.9,125,100,748250
NIFTY-III.NFO,29/10/2024,09:29:15,24578.55,24575,300,24578.25,125,50,748250
NIFTY-III.NFO,29/10/2024,09:29:17,24575,24575,275,24576.5,125,25,748250
NIFTY-III.NFO,29/10/2024,09:29:18,24575,24572.3,25,24573.55,25,275,748250
NIFTY-III.NFO,29/10/2024,09:29:20,24570,24566,25,24570.95,25,225,748250
NIFTY-III.NFO,29/10/2024,09:29:20,24570,24566,25,24570.95,25,0,748250
NIFTY-III.NFO,29/10/2024,09:29:22,24570,24566.25,225,24572.35,125,0,748250
NIFTY-III.NFO,29/10/2024,09:29:23,24570,24566.05,150,24571.35,125,0,748250
NIFTY-III.NFO,29/10/2024,09:29:25,24570,24566,25,24571.35,125,0,748250
NIFTY-III.NFO,29/10/2024,09:29:27,24570,24566,25,24572.05,25,0,748250
NIFTY-III.NFO,29/10/2024,09:29:28,24570,24566,25,24571.65,125,0,748250
NIFTY-III.NFO,29/10/2024,09:29:30,24566.5,24567.2,50,24573.95,50,25,748250
NIFTY-III.NFO,29/10/2024,09:29:30,24566.5,24567.2,50,24573.95,50,0,748250
NIFTY-III.NFO,29/10/2024,09:29:32,24566.5,24566.05,175,24572.65,50,0,748250
NIFTY-III.NFO,29/10/2024,09:29:33,24566,24565.25,25,24568.75,50,25,748250
NIFTY-III.NFO,29/10/2024,09:29:33,24566,24565.25,25,24568.75,50,0,748250
NIFTY-III.NFO,29/10/2024,09:29:35,24566,24565.25,25,24568.9,125,0,748250
NIFTY-III.NFO,29/10/2024,09:29:37,24566,24565.25,25,24566.65,125,0,748250
NIFTY-III.NFO,29/10/2024,09:29:38,24565,24565,50,24567.55,125,50,748250
NIFTY-III.NFO,29/10/2024,09:29:38,24565,24565,50,24567.55,125,0,748250
NIFTY-III.NFO,29/10/2024,09:29:40,24562.05,24562.15,75,24567.75,125,100,748250
NIFTY-III.NFO,29/10/2024,09:29:40,24562.05,24562.15,75,24567.75,125,0,748250
NIFTY-III.NFO,29/10/2024,09:29:41,24562.05,24563.65,175,24570.85,25,0,748250
NIFTY-III.NFO,29/10/2024,09:29:43,24562.05,24565.45,175,24573.05,25,0,748250
NIFTY-III.NFO,29/10/2024,09:29:45,24562.05,24568.5,100,24575.2,125,0,748250
NIFTY-III.NFO,29/10/2024,09:29:46,24575.55,24568.7,100,24575.65,25,50,748250
NIFTY-III.NFO,29/10/2024,09:29:48,24575.55,24571.6,100,24577.65,125,0,748250
NIFTY-III.NFO,29/10/2024,09:29:50,24575.55,24574.8,75,24578.75,25,0,748250
NIFTY-III.NFO,29/10/2024,09:29:51,24575.25,24572.4,175,24575.55,25,25,748250
NIFTY-III.NFO,29/10/2024,09:29:53,24575.25,24573.95,75,24575.55,25,0,748250
NIFTY-III.NFO,29/10/2024,09:29:55,24575.55,24574.45,75,24578.8,75,25,748250
NIFTY-III.NFO,29/10/2024,09:29:56,24575.55,24575.25,75,24578.8,75,0,748250
NIFTY-III.NFO,29/10/2024,09:29:58,24575.55,24574.4,100,24578.8,75,25,748250
NIFTY-III.NFO,29/10/2024,09:30:00,24572.3,24569.05,100,24575,25,25,748250
NIFTY-III.NFO,29/10/2024,09:30:01,24572.3,24568.9,50,24574.95,125,0,748250
NIFTY-III.NFO,29/10/2024,09:30:03,24572.3,24569.2,100,24573.35,25,0,748250
NIFTY-III.NFO,29/10/2024,09:30:05,24572.3,24567.65,100,24574.95,125,25,748250
NIFTY-III.NFO,29/10/2024,09:30:06,24566.55,24566.95,175,24575,25,50,748250
NIFTY-III.NFO,29/10/2024,09:30:08,24571.1,24569.6,50,24575,25,25,748250
NIFTY-III.NFO,29/10/2024,09:30:10,24571.1,24565.05,100,24573.95,150,0,748250
NIFTY-III.NFO,29/10/2024,09:30:11,24571.1,24565,25,24571.4,175,0,748250
NIFTY-III.NFO,29/10/2024,09:30:13,24571.4,24565.6,100,24572.15,125,25,748250
NIFTY-III.NFO,29/10/2024,09:30:15,24571.4,24565,25,24571.25,150,0,748250
NIFTY-III.NFO,29/10/2024,09:30:16,24571.35,24565.85,150,24571.35,50,25,748250
NIFTY-III.NFO,29/10/2024,09:30:18,24571.35,24569,25,24571.25,75,0,748250
NIFTY-III.NFO,29/10/2024,09:30:20,24563,24563,150,24563.65,75,575,748250
NIFTY-III.NFO,29/10/2024,09:30:21,24563,24562.05,750,24563.3,75,150,748250
NIFTY-III.NFO,29/10/2024,09:30:23,24563.75,24562.05,750,24563.2,50,25,748250
NIFTY-III.NFO,29/10/2024,09:30:24,24562.15,24562.05,100,24562.8,75,875,748250
NIFTY-III.NFO,29/10/2024,09:30:26,24557.35,24552,50,24558.85,125,550,748250
NIFTY-III.NFO,29/10/2024,09:30:26,24552.55,24552,50,24558.85,125,0,748250
NIFTY-III.NFO,29/10/2024,09:30:28,24552,24551,125,24555.6,125,75,748250
NIFTY-III.NFO,29/10/2024,09:30:28,24552,24551,125,24555.6,125,0,748250
NIFTY-III.NFO,29/10/2024,09:30:29,24555.6,24551,125,24555.55,125,25,748250
NIFTY-III.NFO,29/10/2024,09:30:31,24555.6,24554.2,175,24561.5,250,0,748250
NIFTY-III.NFO,29/10/2024,09:30:33,24555.6,24556.45,150,24564.1,125,0,748250
NIFTY-III.NFO,29/10/2024,09:30:34,24556.65,24555.65,175,24562.65,25,25,748250
NIFTY-III.NFO,29/10/2024,09:30:36,24556.65,24555.6,25,24562.6,275,0,748250
NIFTY-III.NFO,29/10/2024,09:30:38,24564.35,24555.65,175,24563.05,200,650,748250
NIFTY-III.NFO,29/10/2024,09:30:39,24564.35,24556.35,175,24563.25,125,0,748250
NIFTY-III.NFO,29/10/2024,09:30:41,24565.4,24562.6,25,24566.25,125,25,748250
NIFTY-III.NFO,29/10/2024,09:30:43,24562.6,24559.35,75,24565.5,200,25,748250
NIFTY-III.NFO,29/10/2024,09:30:44,24562.6,24563.25,175,24570.6,125,0,748250
NIFTY-III.NFO,29/10/2024,09:30:46,24568.45,24566.25,175,24570.8,75,125,748250
NIFTY-III.NFO,29/10/2024,09:30:48,24565,24562.95,25,24569.3,75,400,748250
NIFTY-III.NFO,29/10/2024,09:30:49,24569.7,24562.4,75,24569.1,100,25,748250
NIFTY-III.NFO,29/10/2024,09:30:51,24569.7,24564.35,25,24568.6,125,0,748250
NIFTY-III.NFO,29/10/2024,09:30:52,24565,24564.4,25,24571,150,75,748250
NIFTY-III.NFO,29/10/2024,09:30:54,24565,24568.65,75,24571,25,0,748250
NIFTY-III.NFO,29/10/2024,09:30:56,24568.65,24567.65,75,24574.7,250,25,748250
NIFTY-III.NFO,29/10/2024,09:30:57,24568.65,24568.55,150,24574.4,75,0,748250
NIFTY-III.NFO,29/10/2024,09:30:59,24568.65,24565.7,75,24568.65,100,0,748250
NIFTY-III.NFO,29/10/2024,09:31:01,24568.65,24565.5,25,24568,25,0,748250
NIFTY-III.NFO,29/10/2024,09:31:02,24568.65,24566.35,150,24568,25,0,748250
NIFTY-III.NFO,29/10/2024,09:31:04,24568.65,24568.1,100,24570,25,175,748250
NIFTY-III.NFO,29/10/2024,09:31:05,24570,24566.15,25,24572.75,100,25,748250
NIFTY-III.NFO,29/10/2024,09:31:07,24570,24567.6,75,24574,125,0,748250
NIFTY-III.NFO,29/10/2024,09:31:09,24570,24567.3,25,24570.65,25,0,748250
NIFTY-III.NFO,29/10/2024,09:31:10,24570,24567.05,75,24570.65,25,0,748250
NIFTY-III.NFO,29/10/2024,09:31:12,24570,24568.25,25,24570.65,25,0,748250
NIFTY-III.NFO,29/10/2024,09:31:14,24570,24568.3,100,24570.65,25,0,748250
NIFTY-III.NFO,29/10/2024,09:31:15,24570,24568.05,25,24570.65,25,0,748250
NIFTY-III.NFO,29/10/2024,09:31:17,24570.65,24568.25,75,24574.45,125,25,749125
NIFTY-III.NFO,29/10/2024,09:31:19,24568.25,24568,100,24575.5,175,75,749125
NIFTY-III.NFO,29/10/2024,09:31:20,24570,24569.05,50,24577.05,100,50,749125
NIFTY-III.NFO,29/10/2024,09:31:22,24570,24569.05,125,24577.7,175,0,749125
NIFTY-III.NFO,29/10/2024,09:31:24,24570,24571.55,50,24580.35,75,0,749125
NIFTY-III.NFO,29/10/2024,09:31:25,24570,24575.25,125,24580.75,25,0,749125
NIFTY-III.NFO,29/10/2024,09:31:27,24570,24576.85,50,24582.75,25,0,749125
NIFTY-III.NFO,29/10/2024,09:31:29,24570,24577.3,50,24583.75,25,0,749125
NIFTY-III.NFO,29/10/2024,09:31:30,24570,24577.05,125,24584.9,75,0,749125
NIFTY-III.NFO,29/10/2024,09:31:32,24581.25,24581.75,50,24584.95,25,25,749125
NIFTY-III.NFO,29/10/2024,09:31:34,24581.25,24576.75,125,24584.75,75,0,749125
NIFTY-III.NFO,29/10/2024,09:31:35,24581.25,24580.15,125,24584.95,25,0,749125
NIFTY-III.NFO,29/10/2024,09:31:37,24581.25,24580.5,125,24584.95,25,0,749125
NIFTY-III.NFO,29/10/2024,09:31:39,24581.25,24580.3,75,24584.95,25,0,749125
NIFTY-III.NFO,29/10/2024,09:31:40,24581.25,24577.9,50,24584.95,25,0,749125
NIFTY-III.NFO,29/10/2024,09:31:42,24581.25,24578.6,50,24584.95,25,0,749125
NIFTY-III.NFO,29/10/2024,09:31:44,24581.25,24578.15,200,24584.9,100,0,749125
NIFTY-III.NFO,29/10/2024,09:31:45,24581.25,24577.9,125,24584.95,25,0,749125
NIFTY-III.NFO,29/10/2024,09:31:47,24583.75,24578.05,150,24584.9,100,25,749125
NIFTY-III.NFO,29/10/2024,09:31:49,24583.75,24577.65,100,24584.9,100,0,749125
NIFTY-III.NFO,29/10/2024,09:31:50,24583.75,24579.6,75,24584.95,25,0,749125
NIFTY-III.NFO,29/10/2024,09:31:52,24583.75,24580.85,100,24584.95,25,0,749125
NIFTY-III.NFO,29/10/2024,09:31:54,24583.75,24582.95,25,24584.95,25,0,749125
NIFTY-III.NFO,29/10/2024,09:31:55,24584.95,24582.15,25,24587.9,75,25,749125
NIFTY-III.NFO,29/10/2024,09:31:57,24584.95,24588.6,25,24592,25,0,749125
NIFTY-III.NFO,29/10/2024,09:31:59,24592,24586.65,25,24594.35,100,25,749125
NIFTY-III.NFO,29/10/2024,09:32:00,24592,24588.6,100,24594.75,75,0,749125
NIFTY-III.NFO,29/10/2024,09:32:02,24592,24589.7,25,24594.95,25,0,749125
NIFTY-III.NFO,29/10/2024,09:32:04,24592,24587.45,100,24594.9,175,0,749125
NIFTY-III.NFO,29/10/2024,09:32:05,24592,24585.05,25,24593.45,100,0,749125
NIFTY-III.NFO,29/10/2024,09:32:07,24592,24587.45,100,24594.9,175,0,749125
NIFTY-III.NFO,29/10/2024,09:32:09,24592,24587,25,24590,50,0,749125
NIFTY-III.NFO,29/10/2024,09:32:10,24590,24587.2,75,24590.1,25,50,749125
NIFTY-III.NFO,29/10/2024,09:32:12,24590.1,24586.85,75,24592,25,25,749125
NIFTY-III.NFO,29/10/2024,09:32:14,24590.1,24585.2,25,24591.95,175,0,749125
NIFTY-III.NFO,29/10/2024,09:32:15,24590.1,24585.05,25,24590,25,0,749125
NIFTY-III.NFO,29/10/2024,09:32:19,24589.95,24585,200,24589.95,150,25,749125
NIFTY-III.NFO,29/10/2024,09:32:20,24589.95,24585,200,24590,25,0,749125
NIFTY-III.NFO,29/10/2024,09:32:22,24589.95,24585,200,24587.65,100,0,749125
NIFTY-III.NFO,29/10/2024,09:32:24,24589.95,24585,200,24587.1,100,0,749125
NIFTY-III.NFO,29/10/2024,09:32:25,24585,24585,100,24586.65,100,100,749125
NIFTY-III.NFO,29/10/2024,09:32:27,24585,24585,100,24587.9,100,0,749125
NIFTY-III.NFO,29/10/2024,09:32:29,24585,24585,100,24588.85,175,0,749125
NIFTY-III.NFO,29/10/2024,09:32:30,24585,24585,100,24585.1,100,0,749125
NIFTY-III.NFO,29/10/2024,09:32:32,24585,24580,50,24584.5,75,100,749125
NIFTY-III.NFO,29/10/2024,09:32:34,24585,24580,50,24585,100,0,749125
NIFTY-III.NFO,29/10/2024,09:32:35,24585,24585.1,25,24588.6,100,0,749125
NIFTY-III.NFO,29/10/2024,09:32:37,24585.1,24580.7,125,24587.95,75,25,749125
NIFTY-III.NFO,29/10/2024,09:32:39,24585.1,24580,50,24586.3,175,0,749125
NIFTY-III.NFO,29/10/2024,09:32:41,24585.1,24580.05,125,24586.2,75,0,749125
NIFTY-III.NFO,29/10/2024,09:32:42,24585.1,24585,25,24589.65,100,0,749125
NIFTY-III.NFO,29/10/2024,09:32:44,24585.1,24585,25,24588.65,225,0,749125
NIFTY-III.NFO,29/10/2024,09:32:46,24585.1,24585,25,24588.4,175,0,749125
NIFTY-III.NFO,29/10/2024,09:32:47,24585.1,24585,25,24589.65,175,0,749125
NIFTY-III.NFO,29/10/2024,09:32:49,24585.1,24585.1,25,24588.5,150,0,749125
NIFTY-III.NFO,29/10/2024,09:32:51,24585.1,24585.1,25,24588.25,225,0,749125
NIFTY-III.NFO,29/10/2024,09:32:52,24585.1,24585.1,25,24589.95,100,0,749125
NIFTY-III.NFO,29/10/2024,09:32:54,24585.1,24585,25,24585.1,25,25,749125
NIFTY-III.NFO,29/10/2024,09:32:56,24585.1,24585,25,24585.1,25,0,749125
NIFTY-III.NFO,29/10/2024,09:32:59,24585,24580,50,24582.9,175,25,749125
NIFTY-III.NFO,29/10/2024,09:33:01,24585,24580,50,24584.95,175,0,749125
NIFTY-III.NFO,29/10/2024,09:33:02,24585,24580,50,24585.05,175,0,749125
NIFTY-III.NFO,29/10/2024,09:33:04,24585,24580,50,24585.05,100,0,749125
NIFTY-III.NFO,29/10/2024,09:33:06,24585,24580,50,24585.05,175,0,749125
NIFTY-III.NFO,29/10/2024,09:33:07,24580,24580,25,24585.05,175,25,749125
NIFTY-III.NFO,29/10/2024,09:33:09,24580,24580,25,24585,175,0,749125
NIFTY-III.NFO,29/10/2024,09:33:11,24580,24580,25,24585.1,25,0,749125
NIFTY-III.NFO,29/10/2024,09:33:12,24585.9,24580,25,24583.35,100,50,749125
NIFTY-III.NFO,29/10/2024,09:33:14,24585.9,24580,25,24581.75,175,0,749125
NIFTY-III.NFO,29/10/2024,09:33:15,24580,24578,25,24582.8,100,50,749125
NIFTY-III.NFO,29/10/2024,09:33:17,24578,24576.6,150,24583.8,175,25,749125
NIFTY-III.NFO,29/10/2024,09:33:19,24578,24576.55,150,24584.45,175,0,749125
NIFTY-III.NFO,29/10/2024,09:33:20,24578,24578.4,150,24586.65,175,0,749125
NIFTY-III.NFO,29/10/2024,09:33:22,24578,24580.15,200,24588.45,175,0,749125
NIFTY-III.NFO,29/10/2024,09:33:24,24578.4,24578.85,150,24586.85,175,25,749125
NIFTY-III.NFO,29/10/2024,09:33:25,24586.85,24577.65,100,24585.8,225,25,749125
NIFTY-III.NFO,29/10/2024,09:33:27,24586.85,24575.6,175,24583.65,100,0,749125
NIFTY-III.NFO,29/10/2024,09:33:29,24586.85,24575.75,150,24584.05,175,0,749125
NIFTY-III.NFO,29/10/2024,09:33:30,24586.85,24578.4,25,24583.4,225,0,749125
NIFTY-III.NFO,29/10/2024,09:33:32,24586.85,24578.45,175,24585.55,175,0,749125
NIFTY-III.NFO,29/10/2024,09:33:34,24586.85,24580,50,24583.35,150,0,749125
NIFTY-III.NFO,29/10/2024,09:33:35,24586.85,24580,50,24584.1,100,0,749125
NIFTY-III.NFO,29/10/2024,09:33:37,24584.9,24580,75,24582.35,75,800,749125
NIFTY-III.NFO,29/10/2024,09:33:39,24580,24580,50,24583.65,200,25,749125
NIFTY-III.NFO,29/10/2024,09:33:40,24580,24580,50,24582.5,150,0,749125
NIFTY-III.NFO,29/10/2024,09:33:42,24581.4,24580,50,24581.4,25,50,749125
NIFTY-III.NFO,29/10/2024,09:33:44,24580,24578.4,25,24582.75,150,50,749125
NIFTY-III.NFO,29/10/2024,09:33:45,24580,24578.4,25,24581.65,175,0,749125
NIFTY-III.NFO,29/10/2024,09:33:47,24580.65,24575,25,24580.4,25,125,749125
NIFTY-III.NFO,29/10/2024,09:33:49,24580.65,24575,25,24579.7,25,0,749125
NIFTY-III.NFO,29/10/2024,09:33:50,24580.65,24572.25,150,24578.75,25,0,749125
NIFTY-III.NFO,29/10/2024,09:33:52,24579.15,24572.55,100,24579.95,25,75,749125
NIFTY-III.NFO,29/10/2024,09:33:54,24579.15,24572.75,75,24579.75,250,0,749125
NIFTY-III.NFO,29/10/2024,09:33:55,24579.15,24572.55,175,24579.4,125,0,749125
NIFTY-III.NFO,29/10/2024,09:33:57,24579.15,24575.1,75,24579.85,25,0,749125
NIFTY-III.NFO,29/10/2024,09:33:59,24579.15,24575,25,24576.3,75,0,749125
NIFTY-III.NFO,29/10/2024,09:34:00,24576.35,24572,50,24574.55,75,50,749125
NIFTY-III.NFO,29/10/2024,09:34:02,24576.35,24572,50,24576.6,25,0,749125
NIFTY-III.NFO,29/10/2024,09:34:04,24575.5,24573.5,225,24580.8,250,75,749125
NIFTY-III.NFO,29/10/2024,09:34:05,24575.9,24574.85,125,24580.8,25,325,749125
NIFTY-III.NFO,29/10/2024,09:34:07,24575.9,24574.85,75,24582.65,100,0,749125
NIFTY-III.NFO,29/10/2024,09:34:09,24575.9,24572,125,24579.15,175,0,749125
NIFTY-III.NFO,29/10/2024,09:34:10,24575.9,24572,50,24576.55,25,0,749125
NIFTY-III.NFO,29/10/2024,09:34:12,24575.9,24572,50,24573.35,25,0,749125
NIFTY-III.NFO,29/10/2024,09:34:14,24573.35,24572,50,24576.75,25,25,750600
NIFTY-III.NFO,29/10/2024,09:34:15,24573.35,24572,50,24576,150,0,750600
NIFTY-III.NFO,29/10/2024,09:34:17,24569.6,24568.75,150,24576.8,225,75,750600
NIFTY-III.NFO,29/10/2024,09:34:19,24569.6,24568.35,150,24574.85,275,0,750600
NIFTY-III.NFO,29/10/2024,09:34:20,24569.6,24567.65,75,24573.5,225,0,750600
NIFTY-III.NFO,29/10/2024,09:34:22,24569.6,24567.65,75,24574.1,100,0,750600
NIFTY-III.NFO,29/10/2024,09:34:24,24569.6,24567.65,75,24574.25,175,0,750600
NIFTY-III.NFO,29/10/2024,09:34:25,24569.6,24566.8,75,24572.95,225,0,750600
NIFTY-III.NFO,29/10/2024,09:34:27,24569.6,24566.25,75,24571.9,250,0,750600
NIFTY-III.NFO,29/10/2024,09:34:29,24569.6,24566.25,75,24570.95,225,0,750600
NIFTY-III.NFO,29/10/2024,09:34:30,24569.6,24565.5,25,24569.5,25,0,750600
NIFTY-III.NFO,29/10/2024,09:34:32,24569.6,24565.5,25,24570.85,100,0,750600
NIFTY-III.NFO,29/10/2024,09:34:34,24569.6,24565.5,25,24569,25,0,750600
NIFTY-III.NFO,29/10/2024,09:34:37,24565.5,24564.95,75,24569,25,25,750600
NIFTY-III.NFO,29/10/2024,09:34:39,24565.5,24564.45,75,24569,25,0,750600
NIFTY-III.NFO,29/10/2024,09:34:40,24565.5,24562,50,24567.3,25,0,750600
NIFTY-III.NFO,29/10/2024,09:34:42,24565.5,24562,50,24564.95,100,0,750600
NIFTY-III.NFO,29/10/2024,09:34:45,24565.5,24562,50,24565,25,0,750600
NIFTY-III.NFO,29/10/2024,09:34:47,24562,24562,25,24564.95,150,25,750600
NIFTY-III.NFO,29/10/2024,09:34:49,24562,24562,25,24565,25,0,750600
NIFTY-III.NFO,29/10/2024,09:34:54,24562.1,24562,25,24564.7,75,75,750600
NIFTY-III.NFO,29/10/2024,09:34:56,24562.1,24562,25,24565,25,0,750600
NIFTY-III.NFO,29/10/2024,09:34:57,24562,24560,100,24564,150,25,750600
NIFTY-III.NFO,29/10/2024,09:34:59,24562,24560,100,24564.95,175,0,750600
NIFTY-III.NFO,29/10/2024,09:35:01,24565,24560.1,150,24565.5,25,25,750600
NIFTY-III.NFO,29/10/2024,09:35:02,24565,24560.6,75,24565.5,25,0,750600
NIFTY-III.NFO,29/10/2024,09:35:04,24565,24563,200,24565.5,25,0,750600
NIFTY-III.NFO,29/10/2024,09:35:06,24565.5,24565.05,150,24572.3,300,25,750600
NIFTY-III.NFO,29/10/2024,09:35:07,24565.5,24565.05,150,24571.9,125,0,750600
NIFTY-III.NFO,29/10/2024,09:35:09,24565.5,24565.9,150,24573.8,175,0,750600
NIFTY-III.NFO,29/10/2024,09:35:11,24565.5,24563.65,75,24565.05,50,0,750600
NIFTY-III.NFO,29/10/2024,09:35:12,24565.05,24562,25,24565.05,25,25,750600
NIFTY-III.NFO,29/10/2024,09:35:14,24565.05,24562,25,24565.05,25,0,750600
NIFTY-III.NFO,29/10/2024,09:35:21,24560.05,24560,200,24565.05,25,100,750600
NIFTY-III.NFO,29/10/2024,09:35:22,24565,24562,25,24565.05,25,550,750600
NIFTY-III.NFO,29/10/2024,09:35:24,24562,24560,200,24565.05,25,25,750600
NIFTY-III.NFO,29/10/2024,09:35:26,24562,24560,200,24564.25,25,0,750600
NIFTY-III.NFO,29/10/2024,09:35:27,24562,24560,200,24562,25,0,750600
NIFTY-III.NFO,29/10/2024,09:35:29,24562,24560,175,24562,25,0,750600
NIFTY-III.NFO,29/10/2024,09:35:31,24564.85,24560,175,24565,200,50,750600
NIFTY-III.NFO,29/10/2024,09:35:32,24564.85,24560,175,24562.35,150,0,750600
NIFTY-III.NFO,29/10/2024,09:35:34,24562,24560,175,24562.05,100,325,750600
NIFTY-III.NFO,29/10/2024,09:35:36,24562,24560,175,24561.8,100,0,750600
NIFTY-III.NFO,29/10/2024,09:35:37,24560,24555.6,50,24557.75,100,175,750600
NIFTY-III.NFO,29/10/2024,09:35:39,24555.6,24555,150,24557.6,100,50,750600
NIFTY-III.NFO,29/10/2024,09:35:41,24555.6,24555,150,24559,100,0,750600
NIFTY-III.NFO,29/10/2024,09:35:42,24555.6,24555,150,24558.4,100,0,750600
NIFTY-III.NFO,29/10/2024,09:35:44,24552,24552,25,24555.4,75,300,750600
NIFTY-III.NFO,29/10/2024,09:35:46,24550.65,24550.3,25,24554.1,75,350,750600
NIFTY-III.NFO,29/10/2024,09:35:46,24550.65,24550.3,25,24554.1,75,0,750600
NIFTY-III.NFO,29/10/2024,09:35:47,24550.65,24550.3,25,24553.3,75,0,750600
NIFTY-III.NFO,29/10/2024,09:35:49,24550,24550,800,24551.05,75,200,750600
NIFTY-III.NFO,29/10/2024,09:35:49,24550,24550,800,24551.05,75,0,750600
NIFTY-III.NFO,29/10/2024,09:35:51,24551.05,24550,200,24552.15,150,650,750600
NIFTY-III.NFO,29/10/2024,09:35:52,24550,24550,125,24552,125,150,750600
NIFTY-III.NFO,29/10/2024,09:35:54,24550,24549.05,175,24555.4,25,150,750600
NIFTY-III.NFO,29/10/2024,09:35:56,24550,24549,650,24552.15,25,0,750600
NIFTY-III.NFO,29/10/2024,09:35:57,24550.05,24549,650,24552.15,25,25,750600
NIFTY-III.NFO,29/10/2024,09:35:59,24549,24549,400,24552.15,25,275,750600
NIFTY-III.NFO,29/10/2024,09:35:59,24549,24549,400,24552.15,25,0,750600
NIFTY-III.NFO,29/10/2024,09:36:01,24544,24542,25,24545.6,25,525,750600
NIFTY-III.NFO,29/10/2024,09:36:01,24544,24542,25,24545.6,25,0,750600
NIFTY-III.NFO,29/10/2024,09:36:02,24541,24540.05,100,24544.55,25,50,750600
NIFTY-III.NFO,29/10/2024,09:36:02,24541,24540.05,100,24544.55,25,0,750600
NIFTY-III.NFO,29/10/2024,09:36:04,24544.55,24545.1,175,24549,50,25,750600
NIFTY-III.NFO,29/10/2024,09:36:06,24544.55,24545.75,100,24549,50,0,750600
NIFTY-III.NFO,29/10/2024,09:36:07,24556,24546.75,100,24554.8,125,650,750600
NIFTY-III.NFO,29/10/2024,09:36:09,24547.8,24546.8,100,24554.45,50,50,750600
NIFTY-III.NFO,29/10/2024,09:36:11,24547.8,24547.3,175,24554.55,125,0,750600
NIFTY-III.NFO,29/10/2024,09:36:12,24554.55,24548.45,225,24554.6,100,50,750600
NIFTY-III.NFO,29/10/2024,09:36:14,24547.55,24547.45,175,24554.4,250,25,750600
NIFTY-III.NFO,29/10/2024,09:36:15,24547.55,24546.8,175,24553.95,225,0,750600
NIFTY-III.NFO,29/10/2024,09:36:17,24546.6,24547.45,75,24553.3,250,25,750600
NIFTY-III.NFO,29/10/2024,09:36:19,24546.55,24545.7,75,24551.05,250,25,750600
NIFTY-III.NFO,29/10/2024,09:36:20,24544.35,24543.05,125,24545,25,25,750600
NIFTY-III.NFO,29/10/2024,09:36:22,24544.35,24541.8,125,24545,25,0,750600
NIFTY-III.NFO,29/10/2024,09:36:24,24545,24541.5,125,24547.45,25,25,750600
NIFTY-III.NFO,29/10/2024,09:36:25,24545,24542.45,50,24547.45,25,0,750600
NIFTY-III.NFO,29/10/2024,09:36:27,24545,24543.65,125,24547.45,25,0,750600
NIFTY-III.NFO,29/10/2024,09:36:29,24547.45,24543.9,125,24550.55,250,25,750600
NIFTY-III.NFO,29/10/2024,09:36:30,24542.6,24545,25,24551.25,225,400,750600
NIFTY-III.NFO,29/10/2024,09:36:32,24542.6,24545,50,24546.5,150,0,750600
NIFTY-III.NFO,29/10/2024,09:36:34,24542.6,24545.55,50,24549.8,100,0,750600
NIFTY-III.NFO,29/10/2024,09:36:35,24542.6,24545.55,50,24551.95,25,0,750600
NIFTY-III.NFO,29/10/2024,09:36:37,24551.8,24545.55,50,24550.85,175,50,750600
NIFTY-III.NFO,29/10/2024,09:36:39,24551.8,24545.55,50,24550.75,150,0,750600
NIFTY-III.NFO,29/10/2024,09:36:40,24551.8,24545.55,50,24550.1,100,0,750600
NIFTY-III.NFO,29/10/2024,09:36:42,24545.55,24545,50,24547.85,150,75,750600
NIFTY-III.NFO,29/10/2024,09:36:44,24547.25,24545,25,24547.05,150,50,750600
NIFTY-III.NFO,29/10/2024,09:36:45,24545,24541,25,24545.5,100,25,750600
NIFTY-III.NFO,29/10/2024,09:36:47,24545.5,24541.2,75,24545.5,100,25,750600
NIFTY-III.NFO,29/10/2024,09:36:49,24540,24540,825,24543.45,100,50,750600
NIFTY-III.NFO,29/10/2024,09:36:49,24540,24540,825,24543.45,100,0,750600
NIFTY-III.NFO,29/10/2024,09:36:50,24540,24540.05,100,24545.35,25,0,750600
NIFTY-III.NFO,29/10/2024,09:36:52,24540.05,24541.5,75,24545.55,25,25,750600
NIFTY-III.NFO,29/10/2024,09:36:54,24540.05,24541.5,150,24545.55,25,0,750600
NIFTY-III.NFO,29/10/2024,09:36:55,24540.05,24540,750,24544.2,100,0,750600
NIFTY-III.NFO,29/10/2024,09:36:57,24544.25,24540,750,24545.5,100,100,750600
NIFTY-III.NFO,29/10/2024,09:36:59,24545.5,24540.45,150,24545.55,25,25,750600
NIFTY-III.NFO,29/10/2024,09:37:00,24545.5,24540.05,100,24545.55,25,0,750600
NIFTY-III.NFO,29/10/2024,09:37:02,24538,24535,25,24539.9,225,1000,750600
NIFTY-III.NFO,29/10/2024,09:37:02,24538,24535,25,24539.9,225,0,750600
NIFTY-III.NFO,29/10/2024,09:37:04,24545.55,24535.8,100,24544.95,225,50,750600
NIFTY-III.NFO,29/10/2024,09:37:05,24545.55,24535,25,24540,50,0,750600
NIFTY-III.NFO,29/10/2024,09:37:07,24540,24535.05,175,24543.3,175,50,752625
NIFTY-III.NFO,29/10/2024,09:37:09,24543.3,24539.7,175,24547.5,75,25,752625
NIFTY-III.NFO,29/10/2024,09:37:10,24535.7,24535.05,50,24542.75,150,100,752625
NIFTY-III.NFO,29/10/2024,09:37:10,24535.7,24535.05,50,24542.75,150,0,752625
NIFTY-III.NFO,29/10/2024,09:37:12,24535.7,24535.05,25,24541.2,175,0,752625
NIFTY-III.NFO,29/10/2024,09:37:14,24535.7,24535.05,25,24541.15,100,0,752625
NIFTY-III.NFO,29/10/2024,09:37:15,24535.7,24535.05,25,24539.85,100,0,752625
NIFTY-III.NFO,29/10/2024,09:37:17,24535.7,24535.05,25,24540.1,100,0,752625
NIFTY-III.NFO,29/10/2024,09:37:19,24535.7,24535.1,125,24542.25,175,0,752625
NIFTY-III.NFO,29/10/2024,09:37:20,24535.7,24535.6,175,24542.7,25,0,752625
NIFTY-III.NFO,29/10/2024,09:37:22,24535.7,24535.05,25,24540.95,175,0,752625
NIFTY-III.NFO,29/10/2024,09:37:24,24535.7,24535.05,25,24539.35,175,50,752625
NIFTY-III.NFO,29/10/2024,09:37:25,24535.7,24535.05,25,24539.8,100,0,752625
NIFTY-III.NFO,29/10/2024,09:37:27,24535.7,24535.05,25,24540.1,100,0,752625
NIFTY-III.NFO,29/10/2024,09:37:29,24535.7,24537,25,24541.85,125,0,752625
NIFTY-III.NFO,29/10/2024,09:37:30,24541.75,24537,25,24541.7,100,25,752625
NIFTY-III.NFO,29/10/2024,09:37:32,24535.1,24535.1,50,24541.45,100,50,752625
NIFTY-III.NFO,29/10/2024,09:37:32,24535.1,24535.1,50,24541.45,100,0,752625
NIFTY-III.NFO,29/10/2024,09:37:34,24535.1,24535.8,125,24543.6,100,0,752625
NIFTY-III.NFO,29/10/2024,09:37:35,24545.25,24536,100,24544.65,50,300,752625
NIFTY-III.NFO,29/10/2024,09:37:37,24545.25,24535.05,25,24539.7,50,0,752625
NIFTY-III.NFO,29/10/2024,09:37:39,24545.25,24537.8,175,24546.2,50,0,752625
NIFTY-III.NFO,29/10/2024,09:37:40,24535.15,24537.5,25,24544.85,100,550,752625
NIFTY-III.NFO,29/10/2024,09:37:42,24536.05,24535.9,50,24545.35,225,25,752625
NIFTY-III.NFO,29/10/2024,09:37:44,24546.6,24540.6,50,24548.8,150,200,752625
NIFTY-III.NFO,29/10/2024,09:37:45,24542,24541.95,50,24549,75,25,752625
NIFTY-III.NFO,29/10/2024,09:37:47,24542,24544.2,75,24545,25,0,752625
NIFTY-III.NFO,29/10/2024,09:37:49,24545,24544.85,75,24550,25,25,752625
NIFTY-III.NFO,29/10/2024,09:37:50,24550,24543.85,75,24552,100,25,752625
NIFTY-III.NFO,29/10/2024,09:37:52,24550,24545.8,75,24552,25,0,752625
NIFTY-III.NFO,29/10/2024,09:37:54,24550,24545.4,150,24552,25,0,752625
NIFTY-III.NFO,29/10/2024,09:37:55,24550,24546.1,75,24552,25,0,752625
NIFTY-III.NFO,29/10/2024,09:37:57,24550,24545.85,150,24551.8,1200,0,752625
NIFTY-III.NFO,29/10/2024,09:37:59,24550,24547.25,75,24551.8,1200,0,752625
NIFTY-III.NFO,29/10/2024,09:38:00,24550,24545.7,150,24551.8,1200,0,752625
NIFTY-III.NFO,29/10/2024,09:38:02,24551.8,24547,125,24551.8,900,300,752625
NIFTY-III.NFO,29/10/2024,09:38:04,24551.8,24546.75,75,24551.8,900,0,752625
NIFTY-III.NFO,29/10/2024,09:38:05,24551.8,24545.3,75,24552,25,0,752625
NIFTY-III.NFO,29/10/2024,09:38:07,24551.8,24542.35,50,24551.9,100,0,752625
NIFTY-III.NFO,29/10/2024,09:38:09,24550,24544.25,100,24551.75,100,50,752625
NIFTY-III.NFO,29/10/2024,09:38:10,24550,24543.65,100,24550,25,0,752625
NIFTY-III.NFO,29/10/2024,09:38:12,24550,24546.05,150,24550,25,0,752625
NIFTY-III.NFO,29/10/2024,09:38:14,24550,24545.95,25,24550,25,0,752625
NIFTY-III.NFO,29/10/2024,09:38:15,24550,24545.9,75,24550,25,0,752625
NIFTY-III.NFO,29/10/2024,09:38:17,24550,24545.45,75,24550,25,0,752625
NIFTY-III.NFO,29/10/2024,09:38:19,24550,24545.65,75,24550,25,0,752625
NIFTY-III.NFO,29/10/2024,09:38:20,24550,24544.05,25,24551.3,150,50,752625
NIFTY-III.NFO,29/10/2024,09:38:22,24550,24541.25,25,24548.65,350,0,752625
NIFTY-III.NFO,29/10/2024,09:38:24,24550,24541.25,25,24545.8,25,0,752625
NIFTY-III.NFO,29/10/2024,09:38:25,24549.55,24543.3,125,24550.9,225,50,752625
NIFTY-III.NFO,29/10/2024,09:38:27,24549.55,24543.3,50,24548.9,150,0,752625
NIFTY-III.NFO,29/10/2024,09:38:29,24548.7,24541.45,100,24549.4,225,25,752625
NIFTY-III.NFO,29/10/2024,09:38:30,24547.25,24541.45,100,24548.9,175,75,752625
NIFTY-III.NFO,29/10/2024,09:38:32,24547.25,24541.85,100,24549,100,0,752625
NIFTY-III.NFO,29/10/2024,09:38:34,24549,24542,100,24549.95,150,25,752625
NIFTY-III.NFO,29/10/2024,09:38:35,24549,24542,175,24549.4,150,0,752625
NIFTY-III.NFO,29/10/2024,09:38:37,24549,24543.05,100,24549.55,25,0,752625
NIFTY-III.NFO,29/10/2024,09:38:39,24549,24545.65,100,24549.55,25,0,752625
NIFTY-III.NFO,29/10/2024,09:38:40,24547,24546,100,24549.55,25,25,752625
NIFTY-III.NFO,29/10/2024,09:38:42,24547,24545.2,100,24549.55,25,0,752625
NIFTY-III.NFO,29/10/2024,09:38:44,24547,24549,50,24549.55,25,0,752625
NIFTY-III.NFO,29/10/2024,09:38:47,24549.55,24549,50,24550,2500,25,752625
NIFTY-III.NFO,29/10/2024,09:38:49,24549,24549,25,24550,2500,50,752625
NIFTY-III.NFO,29/10/2024,09:38:50,24549,24549,25,24550,2500,0,752625
NIFTY-III.NFO,29/10/2024,09:38:52,24549,24547,50,24550,2500,25,752625
NIFTY-III.NFO,29/10/2024,09:38:54,24549,24547.2,75,24550,2500,0,752625
NIFTY-III.NFO,29/10/2024,09:38:55,24550,24549.95,100,24550,2400,100,752625
NIFTY-III.NFO,29/10/2024,09:38:57,24549.95,24549.95,75,24550,2400,25,752625
NIFTY-III.NFO,29/10/2024,09:38:59,24549.55,24549.95,75,24550,2275,225,752625
NIFTY-III.NFO,29/10/2024,09:39:00,24550,24549.75,125,24551.8,25,2275,752625
NIFTY-III.NFO,29/10/2024,09:39:02,24550,24549.4,225,24551.8,25,0,752625
NIFTY-III.NFO,29/10/2024,09:39:04,24550,24547,50,24551.8,25,0,752625
NIFTY-III.NFO,29/10/2024,09:39:05,24551.8,24550,500,24553,100,25,752625
NIFTY-III.NFO,29/10/2024,09:39:07,24551.8,24550,600,24553.7,25,0,752625
NIFTY-III.NFO,29/10/2024,09:39:09,24550,24550,575,24553.7,25,25,752625
NIFTY-III.NFO,29/10/2024,09:39:10,24550,24550,575,24553.7,25,0,752625
NIFTY-III.NFO,29/10/2024,09:39:14,24550,24550,575,24552.85,100,0,752625
NIFTY-III.NFO,29/10/2024,09:39:15,24550,24550,575,24552.95,100,0,752625
NIFTY-III.NFO,29/10/2024,09:39:17,24550,24550,625,24552.95,100,0,752625
NIFTY-III.NFO,29/10/2024,09:39:19,24553,24550,625,24553.6,25,25,752625
NIFTY-III.NFO,29/10/2024,09:39:20,24553,24550,625,24551,100,0,752625
NIFTY-III.NFO,29/10/2024,09:39:22,24553,24550,675,24550.95,100,0,752625
NIFTY-III.NFO,29/10/2024,09:39:24,24542.5,24541.5,175,24550.05,250,750,752625
NIFTY-III.NFO,29/10/2024,09:39:25,24542.5,24541.45,25,24547.7,375,0,752625
NIFTY-III.NFO,29/10/2024,09:39:27,24541.45,24540.15,75,24546.75,250,100,752625
NIFTY-III.NFO,29/10/2024,09:39:29,24541.45,24540,150,24545.15,250,0,752625
NIFTY-III.NFO,29/10/2024,09:39:30,24541.45,24541.45,25,24547.15,175,0,752625
NIFTY-III.NFO,29/10/2024,09:39:32,24541.45,24541.45,25,24542.75,175,0,752625
NIFTY-III.NFO,29/10/2024,09:39:34,24541.45,24541.45,25,24543.15,175,0,752625
NIFTY-III.NFO,29/10/2024,09:39:35,24541.45,24540.15,75,24542.6,250,25,752625
NIFTY-III.NFO,29/10/2024,09:39:37,24541.45,24540.15,75,24542.45,125,0,752625
NIFTY-III.NFO,29/10/2024,09:39:39,24541.45,24540.15,75,24541,25,0,752625
NIFTY-III.NFO,29/10/2024,09:39:40,24541.65,24540,150,24543.8,250,75,752625
NIFTY-III.NFO,29/10/2024,09:39:42,24541.65,24540,150,24543.2,275,0,752625
NIFTY-III.NFO,29/10/2024,09:39:44,24540,24535.7,50,24540.95,250,150,752625
NIFTY-III.NFO,29/10/2024,09:39:45,24540,24535.7,50,24539.45,250,0,752625
NIFTY-III.NFO,29/10/2024,09:39:47,24540,24535.7,50,24540.55,75,0,752625
NIFTY-III.NFO,29/10/2024,09:39:49,24540.55,24535.7,25,24542.25,150,50,752625
NIFTY-III.NFO,29/10/2024,09:39:50,24540.55,24535.7,25,24540.45,200,0,752625
NIFTY-III.NFO,29/10/2024,09:39:52,24540.05,24535.7,25,24540.05,225,75,752625
NIFTY-III.NFO,29/10/2024,09:39:54,24540.05,24535.7,25,24540,250,0,752625
NIFTY-III.NFO,29/10/2024,09:39:55,24539.6,24535.7,25,24539.6,125,100,752625
NIFTY-III.NFO,29/10/2024,09:39:57,24539.6,24535.7,25,24539.35,150,0,752625
NIFTY-III.NFO,29/10/2024,09:39:59,24535.8,24535.7,25,24540.55,500,25,752625
NIFTY-III.NFO,29/10/2024,09:40:00,24535.8,24535.7,25,24540.55,25,0,752625
NIFTY-III.NFO,29/10/2024,09:40:02,24535.8,24535.7,25,24537.4,75,0,752625
NIFTY-III.NFO,29/10/2024,09:40:04,24527.55,24527.6,175,24535,50,1525,752625
NIFTY-III.NFO,29/10/2024,09:40:04,24527.55,24527.6,175,24535,50,0,752625
NIFTY-III.NFO,29/10/2024,09:40:05,24527.55,24535,25,24536.85,175,0,752625
NIFTY-III.NFO,29/10/2024,09:40:07,24535,24535.2,25,24538.6,175,25,752625
NIFTY-III.NFO,29/10/2024,09:40:09,24535.2,24529.3,100,24537.9,125,25,755775
NIFTY-III.NFO,29/10/2024,09:40:10,24535.2,24529.45,175,24535,25,0,755775
NIFTY-III.NFO,29/10/2024,09:40:12,24535.2,24530.95,100,24535,25,0,755775
NIFTY-III.NFO,29/10/2024,09:40:14,24535.2,24529.6,175,24535,25,0,755775
NIFTY-III.NFO,29/10/2024,09:40:15,24535.2,24530.4,100,24535,25,0,755775
NIFTY-III.NFO,29/10/2024,09:40:17,24535.5,24532.65,100,24539.6,100,150,755775
NIFTY-III.NFO,29/10/2024,09:40:19,24535.5,24536.9,100,24539.6,100,0,755775
NIFTY-III.NFO,29/10/2024,09:40:20,24535.5,24536.35,150,24539.6,100,0,755775
NIFTY-III.NFO,29/10/2024,09:40:22,24535.5,24538.4,25,24539.6,100,0,755775
NIFTY-III.NFO,29/10/2024,09:40:24,24535.5,24538.15,25,24539.6,100,0,755775
NIFTY-III.NFO,29/10/2024,09:40:25,24535.5,24538.45,25,24539.6,100,0,755775
NIFTY-III.NFO,29/10/2024,09:40:27,24538.7,24538.7,125,24539.6,25,100,755775
NIFTY-III.NFO,29/10/2024,09:40:29,24538.7,24538.7,75,24539.6,25,0,755775
NIFTY-III.NFO,29/10/2024,09:40:30,24538.7,24538.9,75,24539.6,25,0,755775
NIFTY-III.NFO,29/10/2024,09:40:32,24540.55,24540.9,150,24548.85,250,50,755775
NIFTY-III.NFO,29/10/2024,09:40:34,24540.55,24539.55,75,24547.95,100,0,755775
NIFTY-III.NFO,29/10/2024,09:40:35,24540.55,24540.35,75,24548.75,175,0,755775
NIFTY-III.NFO,29/10/2024,09:40:37,24549,24541,25,24548.1,100,25,755775
NIFTY-III.NFO,29/10/2024,09:40:39,24549,24541,25,24547.2,100,0,755775
NIFTY-III.NFO,29/10/2024,09:40:40,24549,24540.6,75,24544.85,100,0,755775
NIFTY-III.NFO,29/10/2024,09:40:42,24540,24535.5,50,24541.05,100,50,755775
NIFTY-III.NFO,29/10/2024,09:40:44,24540,24535.5,50,24539.75,100,0,755775
NIFTY-III.NFO,29/10/2024,09:40:45,24540,24535.85,100,24542.55,100,0,755775
NIFTY-III.NFO,29/10/2024,09:40:47,24540,24536.45,100,24544.7,175,0,755775
NIFTY-III.NFO,29/10/2024,09:40:49,24547.2,24540.05,125,24547.2,100,25,755775
NIFTY-III.NFO,29/10/2024,09:40:50,24547.2,24540.05,175,24548,100,0,755775
NIFTY-III.NFO,29/10/2024,09:40:52,24547.2,24541.95,125,24548.95,350,0,755775
NIFTY-III.NFO,29/10/2024,09:40:54,24547.2,24543.25,100,24549,25,0,755775
NIFTY-III.NFO,29/10/2024,09:40:55,24541.6,24540.1,50,24548.35,75,1075,755775
NIFTY-III.NFO,29/10/2024,09:40:57,24541.6,24541.5,75,24548.95,175,0,755775
NIFTY-III.NFO,29/10/2024,09:40:59,24541.6,24541.5,75,24548.95,75,0,755775
NIFTY-III.NFO,29/10/2024,09:41:00,24541.6,24541.5,75,24546.85,225,0,755775
NIFTY-III.NFO,29/10/2024,09:41:02,24541.6,24541.5,75,24545.7,175,0,755775
NIFTY-III.NFO,29/10/2024,09:41:04,24541.6,24540,75,24544.25,175,0,755775
NIFTY-III.NFO,29/10/2024,09:41:05,24541.6,24540,75,24542.1,350,0,755775
NIFTY-III.NFO,29/10/2024,09:41:07,24541.6,24540,75,24541.65,100,0,755775
NIFTY-III.NFO,29/10/2024,09:41:09,24540,24540,75,24541.05,250,50,755775
NIFTY-III.NFO,29/10/2024,09:41:10,24540,24540,75,24541.6,350,0,755775
NIFTY-III.NFO,29/10/2024,09:41:12,24540,24538.7,400,24540.7,100,75,755775
NIFTY-III.NFO,29/10/2024,09:41:13,24538.7,24535.5,50,24537.75,425,400,755775
NIFTY-III.NFO,29/10/2024,09:41:15,24538.7,24535.5,50,24539.4,100,0,755775
NIFTY-III.NFO,29/10/2024,09:41:18,24531.15,24530.6,50,24539.35,50,250,755775
NIFTY-III.NFO,29/10/2024,09:41:20,24531.15,24530.6,50,24538.7,25,0,755775
NIFTY-III.NFO,29/10/2024,09:41:22,24531.15,24532.55,50,24538.7,25,0,755775
NIFTY-III.NFO,29/10/2024,09:41:23,24531.15,24531.8,25,24538.7,25,0,755775
NIFTY-III.NFO,29/10/2024,09:41:25,24531.15,24534.3,50,24538.7,25,0,755775
NIFTY-III.NFO,29/10/2024,09:41:27,24535,24532.5,50,24538.7,25,25,755775
NIFTY-III.NFO,29/10/2024,09:41:28,24535,24532.55,50,24538.7,25,0,755775
NIFTY-III.NFO,29/10/2024,09:41:30,24535,24531.4,25,24538.7,25,0,755775
NIFTY-III.NFO,29/10/2024,09:41:32,24535,24532.95,50,24538.7,25,0,755775
NIFTY-III.NFO,29/10/2024,09:41:33,24535,24531.4,25,24538.7,100,0,755775
NIFTY-III.NFO,29/10/2024,09:41:35,24535,24530.9,50,24538.7,100,0,755775
NIFTY-III.NFO,29/10/2024,09:41:37,24535,24532.7,50,24538.7,25,0,755775
NIFTY-III.NFO,29/10/2024,09:41:38,24537.15,24534.3,125,24538.7,25,125,755775
NIFTY-III.NFO,29/10/2024,09:41:40,24537.15,24530.05,25,24536.4,175,0,755775
NIFTY-III.NFO,29/10/2024,09:41:42,24537.15,24530.05,25,24536.5,175,0,755775
NIFTY-III.NFO,29/10/2024,09:41:43,24530.05,24527,25,24534.3,175,175,755775
NIFTY-III.NFO,29/10/2024,09:41:45,24527.15,24528.15,25,24537.05,225,25,755775
NIFTY-III.NFO,29/10/2024,09:41:45,24527.15,24528.15,25,24537.05,225,0,755775
NIFTY-III.NFO,29/10/2024,09:41:47,24527.15,24529.95,25,24537.8,100,0,755775
NIFTY-III.NFO,29/10/2024,09:41:49,24527.15,24529.8,25,24536,25,0,755775
NIFTY-III.NFO,29/10/2024,09:41:50,24528.45,24528.55,125,24535.65,100,50,755775
NIFTY-III.NFO,29/10/2024,09:41:52,24526.25,24525.45,125,24532.7,125,400,755775
NIFTY-III.NFO,29/10/2024,09:41:52,24526.1,24525.45,125,24532.7,125,0,755775
NIFTY-III.NFO,29/10/2024,09:41:54,24525.9,24525,75,24530.95,100,75,755775
NIFTY-III.NFO,29/10/2024,09:41:54,24525.9,24525,75,24530.95,100,0,755775
NIFTY-III.NFO,29/10/2024,09:41:55,24525.9,24525,75,24530.95,25,0,755775
NIFTY-III.NFO,29/10/2024,09:41:57,24525,24525.25,50,24530.95,25,50,755775
NIFTY-III.NFO,29/10/2024,09:41:57,24525,24525.25,50,24530.95,25,0,755775
NIFTY-III.NFO,29/10/2024,09:41:59,24525,24525.05,50,24534.05,175,0,755775
NIFTY-III.NFO,29/10/2024,09:42:00,24525,24525.9,25,24532.1,175,0,755775
NIFTY-III.NFO,29/10/2024,09:42:02,24525.9,24525,25,24530.55,175,25,755775
NIFTY-III.NFO,29/10/2024,09:42:04,24525,24524.05,50,24529.25,100,25,755775
NIFTY-III.NFO,29/10/2024,09:42:05,24524.05,24524.05,25,24529.65,175,50,755775
NIFTY-III.NFO,29/10/2024,09:42:05,24524.05,24524.05,25,24529.65,175,0,755775
NIFTY-III.NFO,29/10/2024,09:42:07,24524.05,24524.05,25,24530.25,175,0,755775
NIFTY-III.NFO,29/10/2024,09:42:09,24524.05,24524.05,25,24529.95,100,0,755775
NIFTY-III.NFO,29/10/2024,09:42:10,24524.05,24524.05,25,24531.75,175,0,755775
NIFTY-III.NFO,29/10/2024,09:42:12,24524.05,24524,25,24531.85,100,25,755775
NIFTY-III.NFO,29/10/2024,09:42:14,24524.05,24524.7,50,24533.2,175,0,755775
NIFTY-III.NFO,29/10/2024,09:42:15,24524.05,24525.4,50,24533.5,100,0,755775
NIFTY-III.NFO,29/10/2024,09:42:17,24533.45,24526.7,25,24534.2,100,25,755775
NIFTY-III.NFO,29/10/2024,09:42:19,24533.45,24525.8,25,24532.1,25,0,755775
NIFTY-III.NFO,29/10/2024,09:42:20,24533.45,24525.95,75,24534.1,175,0,755775
NIFTY-III.NFO,29/10/2024,09:42:22,24533.45,24527.3,25,24533.45,25,75,755775
NIFTY-III.NFO,29/10/2024,09:42:24,24533.45,24525.05,25,24532.55,125,0,755775
NIFTY-III.NFO,29/10/2024,09:42:25,24533.45,24525,50,24530.75,175,0,755775
NIFTY-III.NFO,29/10/2024,09:42:27,24529.9,24525,50,24531,175,25,755775
NIFTY-III.NFO,29/10/2024,09:42:29,24529.9,24525.05,50,24532.2,175,0,755775
NIFTY-III.NFO,29/10/2024,09:42:30,24529.9,24525,50,24530.35,225,0,755775
NIFTY-III.NFO,29/10/2024,09:42:32,24529.9,24525,50,24529.75,175,0,755775
NIFTY-III.NFO,29/10/2024,09:42:34,24529.9,24525,75,24527.55,175,0,755775
NIFTY-III.NFO,29/10/2024,09:42:35,24529.9,24525,75,24529.1,175,0,755775
NIFTY-III.NFO,29/10/2024,09:42:37,24528.85,24525,75,24529.15,100,25,755775
NIFTY-III.NFO,29/10/2024,09:42:39,24528.85,24525,75,24529.55,175,0,755775
NIFTY-III.NFO,29/10/2024,09:42:40,24528.85,24525,75,24529.35,100,0,755775
NIFTY-III.NFO,29/10/2024,09:42:42,24528.85,24525,75,24526.35,100,50,755775
NIFTY-III.NFO,29/10/2024,09:42:44,24525,24524.05,50,24525,225,75,755775
NIFTY-III.NFO,29/10/2024,09:42:45,24522.75,24521,25,24525.45,100,100,755775
NIFTY-III.NFO,29/10/2024,09:42:45,24522.75,24521,25,24525.45,100,0,755775
NIFTY-III.NFO,29/10/2024,09:42:47,24522.75,24521,25,24526.6,100,0,755775
NIFTY-III.NFO,29/10/2024,09:42:49,24524,24520.05,75,24522.75,25,50,755775
NIFTY-III.NFO,29/10/2024,09:42:49,24521,24520.05,75,24522.75,25,0,755775
NIFTY-III.NFO,29/10/2024,09:42:50,24522.3,24520,175,24528,75,1400,755775
NIFTY-III.NFO,29/10/2024,09:42:50,24520.5,24520,175,24528,75,0,755775
NIFTY-III.NFO,29/10/2024,09:42:52,24520.6,24522.05,300,24528.85,25,125,755775
NIFTY-III.NFO,29/10/2024,09:42:54,24520.6,24522.05,300,24528.85,25,0,755775
NIFTY-III.NFO,29/10/2024,09:42:55,24520.6,24522,25,24528.75,125,0,755775
NIFTY-III.NFO,29/10/2024,09:42:57,24522.75,24522.75,25,24528.8,25,25,755775
NIFTY-III.NFO,29/10/2024,09:42:59,24522.75,24522,25,24528.8,75,0,755775
NIFTY-III.NFO,29/10/2024,09:43:00,24522.75,24522,25,24528.8,25,0,755775
NIFTY-III.NFO,29/10/2024,09:43:02,24522.75,24523.7,50,24528.8,25,0,755775
NIFTY-III.NFO,29/10/2024,09:43:04,24528.85,24525.3,50,24529.85,50,50,755775
NIFTY-III.NFO,29/10/2024,09:43:05,24529.9,24524.65,250,24530.95,25,75,755775
NIFTY-III.NFO,29/10/2024,09:43:07,24529.9,24523.1,250,24530.8,50,0,755775
NIFTY-III.NFO,29/10/2024,09:43:09,24526.9,24524.9,300,24530.75,25,125,757425
NIFTY-III.NFO,29/10/2024,09:43:10,24526.05,24523,25,24529.65,50,275,757425
NIFTY-III.NFO,29/10/2024,09:43:12,24526.05,24523.9,300,24529.85,25,0,757425
NIFTY-III.NFO,29/10/2024,09:43:14,24526.05,24524.1,50,24529.85,25,0,757425
NIFTY-III.NFO,29/10/2024,09:43:15,24526.05,24524.25,25,24526.05,25,25,757425
NIFTY-III.NFO,29/10/2024,09:43:17,24526.05,24523,25,24526.05,25,0,757425
NIFTY-III.NFO,29/10/2024,09:43:19,24526.05,24522.3,50,24526.05,25,0,757425
NIFTY-III.NFO,29/10/2024,09:43:20,24526.05,24525.4,50,24529.85,25,25,757425
NIFTY-III.NFO,29/10/2024,09:43:22,24526.1,24527.15,250,24531.9,25,350,757425
NIFTY-III.NFO,29/10/2024,09:43:24,24526.1,24528.5,50,24533.45,125,0,757425
NIFTY-III.NFO,29/10/2024,09:43:25,24526.1,24524.4,275,24533.1,125,0,757425
NIFTY-III.NFO,29/10/2024,09:43:27,24533.45,24526.65,50,24532.65,125,25,757425
NIFTY-III.NFO,29/10/2024,09:43:29,24526.65,24526.25,50,24533.45,25,50,757425
NIFTY-III.NFO,29/10/2024,09:43:30,24534.05,24530,25,24535.2,100,450,757425
NIFTY-III.NFO,29/10/2024,09:43:32,24534.05,24530,25,24535,175,0,757425
NIFTY-III.NFO,29/10/2024,09:43:34,24530,24528,50,24534.2,150,25,757425
NIFTY-III.NFO,29/10/2024,09:43:35,24534.6,24526.65,50,24533.4,175,50,757425
NIFTY-III.NFO,29/10/2024,09:43:37,24534.6,24526.7,50,24535.35,150,0,757425
NIFTY-III.NFO,29/10/2024,09:43:39,24534.6,24527.5,50,24535.3,100,0,757425
NIFTY-III.NFO,29/10/2024,09:43:40,24534.6,24528.55,50,24537.1,225,0,757425
NIFTY-III.NFO,29/10/2024,09:43:42,24534.6,24528.9,50,24536.65,225,0,757425
NIFTY-III.NFO,29/10/2024,09:43:44,24534.6,24534.6,25,24537.65,100,0,757425
NIFTY-III.NFO,29/10/2024,09:43:45,24534.6,24534.6,25,24536.7,225,0,757425
NIFTY-III.NFO,29/10/2024,09:43:47,24534.6,24534.6,25,24535.9,100,0,757425
NIFTY-III.NFO,29/10/2024,09:43:49,24534.6,24534.6,50,24539.95,100,0,757425
NIFTY-III.NFO,29/10/2024,09:43:50,24538.45,24534.6,25,24537.3,450,75,757425
NIFTY-III.NFO,29/10/2024,09:43:52,24538.45,24534.6,25,24537.55,75,0,757425
NIFTY-III.NFO,29/10/2024,09:43:54,24537.55,24537.3,75,24539.4,100,25,757425
NIFTY-III.NFO,29/10/2024,09:43:55,24537.3,24534.6,25,24537.15,50,100,757425
NIFTY-III.NFO,29/10/2024,09:43:57,24537.3,24534.6,25,24536.55,100,0,757425
NIFTY-III.NFO,29/10/2024,09:43:59,24534.6,24530,50,24536.25,50,25,757425
NIFTY-III.NFO,29/10/2024,09:44:00,24534.6,24530,50,24532.8,125,0,757425
NIFTY-III.NFO,29/10/2024,09:44:02,24528.5,24524,25,24529.45,125,100,757425
NIFTY-III.NFO,29/10/2024,09:44:04,24528.5,24524,25,24530.2,50,0,757425
NIFTY-III.NFO,29/10/2024,09:44:06,24528.5,24524.05,100,24532.35,325,0,757425
NIFTY-III.NFO,29/10/2024,09:44:07,24528.5,24524,25,24530.1,300,0,757425
NIFTY-III.NFO,29/10/2024,09:44:09,24528.5,24525,25,24529.9,250,0,757425
NIFTY-III.NFO,29/10/2024,09:44:11,24528.5,24525,25,24530.7,250,0,757425
NIFTY-III.NFO,29/10/2024,09:44:12,24528.5,24525,25,24532,250,0,757425
NIFTY-III.NFO,29/10/2024,09:44:14,24528.5,24525,25,24530.45,250,0,757425
NIFTY-III.NFO,29/10/2024,09:44:16,24528.5,24525.05,100,24531.15,250,0,757425
NIFTY-III.NFO,29/10/2024,09:44:17,24528.5,24528.5,25,24530.7,250,0,757425
NIFTY-III.NFO,29/10/2024,09:44:19,24528.5,24525,25,24531.55,125,25,757425
NIFTY-III.NFO,29/10/2024,09:44:21,24525,24524,25,24530,75,25,757425
NIFTY-III.NFO,29/10/2024,09:44:22,24528.5,24524,25,24530.5,250,25,757425
NIFTY-III.NFO,29/10/2024,09:44:24,24528.5,24525.2,100,24533.2,300,0,757425
NIFTY-III.NFO,29/10/2024,09:44:26,24528.5,24530.8,100,24539.6,50,0,757425
NIFTY-III.NFO,29/10/2024,09:44:27,24528.5,24529.45,100,24539.3,125,0,757425
NIFTY-III.NFO,29/10/2024,09:44:29,24528.5,24528.1,100,24536.3,125,0,757425
NIFTY-III.NFO,29/10/2024,09:44:31,24528.5,24528.85,100,24536.6,125,0,757425
NIFTY-III.NFO,29/10/2024,09:44:32,24528.5,24531.95,150,24540,125,0,757425
NIFTY-III.NFO,29/10/2024,09:44:34,24528.5,24531.45,100,24539.1,325,0,757425
NIFTY-III.NFO,29/10/2024,09:44:36,24528.5,24530.25,100,24538.15,325,0,757425
NIFTY-III.NFO,29/10/2024,09:44:37,24528.5,24532.3,100,24539.1,250,0,757425
NIFTY-III.NFO,29/10/2024,09:44:39,24528.5,24533.45,100,24540,50,0,757425
NIFTY-III.NFO,29/10/2024,09:44:41,24528.5,24534.35,100,24540,50,0,757425
NIFTY-III.NFO,29/10/2024,09:44:44,24528.5,24532.75,100,24540,50,0,757425
NIFTY-III.NFO,29/10/2024,09:44:46,24528.5,24535.5,100,24540,50,0,757425
NIFTY-III.NFO,29/10/2024,09:44:47,24528.5,24533.75,100,24540,50,0,757425
NIFTY-III.NFO,29/10/2024,09:44:51,24528.5,24531.7,50,24539.1,300,0,757425
NIFTY-III.NFO,29/10/2024,09:44:52,24528.5,24528.55,100,24538.15,50,0,757425
NIFTY-III.NFO,29/10/2024,09:44:54,24528,24528,150,24533.95,50,50,757425
NIFTY-III.NFO,29/10/2024,09:44:56,24528,24528.5,200,24532.3,375,0,757425
NIFTY-III.NFO,29/10/2024,09:44:57,24528,24528.5,200,24532.9,125,0,757425
NIFTY-III.NFO,29/10/2024,09:44:59,24528,24528.5,225,24533.15,50,0,757425
NIFTY-III.NFO,29/10/2024,09:45:01,24528,24528.5,225,24535.35,125,0,757425
NIFTY-III.NFO,29/10/2024,09:45:02,24528,24528.5,225,24534.55,50,0,757425
NIFTY-III.NFO,29/10/2024,09:45:04,24528,24528.5,225,24530,25,0,757425
NIFTY-III.NFO,29/10/2024,09:45:11,24530,24528.5,225,24530.8,250,75,757425
NIFTY-III.NFO,29/10/2024,09:45:12,24528.5,24528.5,200,24531.65,250,25,757425
NIFTY-III.NFO,29/10/2024,09:45:14,24528.5,24528.5,200,24530.65,250,0,757425
NIFTY-III.NFO,29/10/2024,09:45:16,24528.5,24528.5,125,24530.2,250,75,757425
NIFTY-III.NFO,29/10/2024,09:45:17,24528,24525,25,24529.85,125,150,757425
NIFTY-III.NFO,29/10/2024,09:45:19,24528,24525,25,24531.3,325,0,757425
NIFTY-III.NFO,29/10/2024,09:45:21,24531.25,24525,25,24531.7,250,25,757425
NIFTY-III.NFO,29/10/2024,09:45:22,24531.25,24525,25,24531.15,250,0,757425
NIFTY-III.NFO,29/10/2024,09:45:24,24531.25,24525,25,24530.15,250,0,757425
NIFTY-III.NFO,29/10/2024,09:45:26,24531.25,24525,25,24528,125,0,757425
NIFTY-III.NFO,29/10/2024,09:45:31,24531.25,24526.6,100,24528,125,0,757425
NIFTY-III.NFO,29/10/2024,09:45:32,24528,24528.35,100,24536.6,250,125,757425
NIFTY-III.NFO,29/10/2024,09:45:34,24528,24529.25,150,24537.8,50,0,757425
NIFTY-III.NFO,29/10/2024,09:45:36,24528,24530,100,24537.9,250,0,757425
NIFTY-III.NFO,29/10/2024,09:45:37,24528,24529.9,150,24537.8,200,0,757425
NIFTY-III.NFO,29/10/2024,09:45:39,24528,24531.15,100,24539.45,50,0,757425
NIFTY-III.NFO,29/10/2024,09:45:41,24528,24530.95,100,24538.85,325,0,757425
NIFTY-III.NFO,29/10/2024,09:45:42,24528,24532.4,100,24540,50,0,757425
NIFTY-III.NFO,29/10/2024,09:45:44,24528,24528.05,100,24535.7,50,0,757425
NIFTY-III.NFO,29/10/2024,09:45:46,24528,24529.7,150,24536,25,0,757425
NIFTY-III.NFO,29/10/2024,09:45:47,24540,24531.95,100,24540,25,50,757425
NIFTY-III.NFO,29/10/2024,09:45:49,24531.95,24532.65,100,24540,25,100,757425
NIFTY-III.NFO,29/10/2024,09:45:51,24531.95,24537.45,100,24540,25,0,757425
NIFTY-III.NFO,29/10/2024,09:45:52,24531.95,24537.1,100,24540,25,0,757425
NIFTY-III.NFO,29/10/2024,09:45:54,24531.95,24538.55,100,24540,25,0,757425
NIFTY-III.NFO,29/10/2024,09:45:56,24540,24540.7,100,24548.75,225,25,757425
NIFTY-III.NFO,29/10/2024,09:45:57,24549,24541.5,100,24550.75,225,75,757425
NIFTY-III.NFO,29/10/2024,09:45:59,24549,24544.05,100,24553,100,0,757425
NIFTY-III.NFO,29/10/2024,09:46:01,24549,24548.85,100,24553,25,0,757425
NIFTY-III.NFO,29/10/2024,09:46:02,24548.4,24548.4,75,24553,25,50,757425
NIFTY-III.NFO,29/10/2024,09:46:04,24548.4,24545.55,75,24551.75,125,0,757425
NIFTY-III.NFO,29/10/2024,09:46:06,24548.4,24549,75,24552.8,100,0,757425
NIFTY-III.NFO,29/10/2024,09:46:07,24552.2,24550,25,24552.15,175,75,757425
NIFTY-III.NFO,29/10/2024,09:46:09,24552.2,24550,25,24552,50,0,757425
NIFTY-III.NFO,29/10/2024,09:46:11,24550,24549,75,24550.4,50,25,757700
NIFTY-III.NFO,29/10/2024,09:46:12,24549,24549,50,24550.9,50,25,757700
NIFTY-III.NFO,29/10/2024,09:46:14,24549,24541.3,100,24548.6,100,75,757700
NIFTY-III.NFO,29/10/2024,09:46:16,24549,24540,200,24547.55,150,0,757700
NIFTY-III.NFO,29/10/2024,09:46:17,24547.55,24540.05,100,24548.05,75,25,757700
NIFTY-III.NFO,29/10/2024,09:46:19,24547.55,24540,200,24546.8,325,0,757700
NIFTY-III.NFO,29/10/2024,09:46:21,24547.55,24537.45,100,24546.8,50,250,757700
NIFTY-III.NFO,29/10/2024,09:46:22,24547.55,24537.15,100,24544.9,325,0,757700
NIFTY-III.NFO,29/10/2024,09:46:24,24544.9,24537.3,50,24544.95,275,150,757700
NIFTY-III.NFO,29/10/2024,09:46:26,24544.9,24540,25,24545.3,325,0,757700
NIFTY-III.NFO,29/10/2024,09:46:27,24544.9,24540,25,24546.45,275,0,757700
NIFTY-III.NFO,29/10/2024,09:46:29,24544.9,24540,25,24543.45,275,0,757700
NIFTY-III.NFO,29/10/2024,09:46:31,24544.9,24540,25,24545.35,50,0,757700
NIFTY-III.NFO,29/10/2024,09:46:32,24538,24537.3,100,24538,50,50,757700
NIFTY-III.NFO,29/10/2024,09:46:34,24542.35,24537.3,100,24544,200,100,757700
NIFTY-III.NFO,29/10/2024,09:46:36,24540,24540,25,24543.2,200,25,757700
NIFTY-III.NFO,29/10/2024,09:46:37,24542.35,24540,25,24541.7,200,25,757700
NIFTY-III.NFO,29/10/2024,09:46:39,24542.35,24540,25,24543.65,125,0,757700
NIFTY-III.NFO,29/10/2024,09:46:41,24542.35,24540,25,24540.15,175,0,757700
NIFTY-III.NFO,29/10/2024,09:46:42,24540.25,24535.7,100,24540.7,125,50,757700
NIFTY-III.NFO,29/10/2024,09:46:44,24540.25,24535.7,100,24541.45,25,0,757700
NIFTY-III.NFO,29/10/2024,09:46:46,24540.25,24535.7,100,24540.7,125,0,757700
NIFTY-III.NFO,29/10/2024,09:46:47,24540.25,24535.7,100,24538.9,125,0,757700
NIFTY-III.NFO,29/10/2024,09:46:49,24540.25,24535.7,100,24538,25,0,757700
NIFTY-III.NFO,29/10/2024,09:46:51,24538.5,24535.7,100,24536.05,125,50,757700
NIFTY-III.NFO,29/10/2024,09:46:52,24538.5,24535.7,100,24538.1,125,0,757700
NIFTY-III.NFO,29/10/2024,09:46:54,24538.05,24535.7,100,24536.05,100,25,757700
NIFTY-III.NFO,29/10/2024,09:46:56,24535.7,24531,25,24534.85,75,100,757700
NIFTY-III.NFO,29/10/2024,09:46:57,24534.35,24531,25,24533.95,100,25,757700
NIFTY-III.NFO,29/10/2024,09:46:59,24534.35,24531,25,24531.3,100,0,757700
NIFTY-III.NFO,29/10/2024,09:47:01,24531,24528,275,24532.65,25,25,757700
NIFTY-III.NFO,29/10/2024,09:47:02,24531,24528,275,24532.7,100,0,757700
NIFTY-III.NFO,29/10/2024,09:47:04,24531,24528,275,24532.05,100,0,757700
NIFTY-III.NFO,29/10/2024,09:47:06,24531,24528,275,24531.4,25,0,757700
NIFTY-III.NFO,29/10/2024,09:47:07,24531,24528.2,125,24532.45,100,0,757700
NIFTY-III.NFO,29/10/2024,09:47:09,24531,24530,25,24531.75,75,25,757700
NIFTY-III.NFO,29/10/2024,09:47:11,24531,24530.05,100,24534.8,75,0,757700
NIFTY-III.NFO,29/10/2024,09:47:12,24531,24531.2,100,24535.7,75,0,757700
NIFTY-III.NFO,29/10/2024,09:47:14,24531,24531,125,24536.55,75,0,757700
NIFTY-III.NFO,29/10/2024,09:47:16,24531,24531,175,24532.85,75,0,757700
NIFTY-III.NFO,29/10/2024,09:47:17,24531,24531,150,24533.5,100,25,757700
NIFTY-III.NFO,29/10/2024,09:47:19,24531,24531,150,24532.5,75,0,757700
NIFTY-III.NFO,29/10/2024,09:47:21,24532.15,24531,150,24531.55,50,25,757700
NIFTY-III.NFO,29/10/2024,09:47:22,24532.15,24531,150,24535,25,0,757700
NIFTY-III.NFO,29/10/2024,09:47:24,24532.15,24531,175,24534.2,50,0,757700
NIFTY-III.NFO,29/10/2024,09:47:26,24531.2,24531,175,24534.15,50,50,757700
NIFTY-III.NFO,29/10/2024,09:47:27,24531.2,24531,175,24532.15,25,0,757700
NIFTY-III.NFO,29/10/2024,09:47:29,24533.65,24531,175,24533.95,25,150,757700
NIFTY-III.NFO,29/10/2024,09:47:31,24531,24530,25,24532.7,25,175,757700
NIFTY-III.NFO,29/10/2024,09:47:32,24531,24530,75,24531.45,250,0,757700
NIFTY-III.NFO,29/10/2024,09:47:34,24531.05,24530,75,24532.45,325,25,757700
NIFTY-III.NFO,29/10/2024,09:47:36,24531.05,24530,75,24531.25,250,0,757700
NIFTY-III.NFO,29/10/2024,09:47:37,24530,24528,275,24530.15,325,75,757700
NIFTY-III.NFO,29/10/2024,09:47:39,24528,24528,250,24530.15,250,50,757700
NIFTY-III.NFO,29/10/2024,09:47:41,24528,24525.25,25,24530.15,250,250,757700
NIFTY-III.NFO,29/10/2024,09:47:42,24528,24525.25,25,24530.1,75,0,757700
NIFTY-III.NFO,29/10/2024,09:47:44,24528,24525.25,25,24531.05,50,50,757700
NIFTY-III.NFO,29/10/2024,09:47:46,24528,24525.25,25,24530.9,125,0,757700
NIFTY-III.NFO,29/10/2024,09:47:47,24528,24525.25,25,24531.05,325,25,757700
NIFTY-III.NFO,29/10/2024,09:47:49,24528,24525.25,50,24528,25,0,757700
NIFTY-III.NFO,29/10/2024,09:47:54,24529.05,24525.25,50,24528.9,250,50,757700
NIFTY-III.NFO,29/10/2024,09:47:56,24529.05,24525.25,50,24528.5,250,0,757700
NIFTY-III.NFO,29/10/2024,09:47:57,24529.05,24525.25,50,24529.75,250,0,757700
NIFTY-III.NFO,29/10/2024,09:47:59,24529.05,24525.3,100,24530,25,0,757700
NIFTY-III.NFO,29/10/2024,09:48:01,24529.05,24525.25,25,24527.95,500,0,757700
NIFTY-III.NFO,29/10/2024,09:48:02,24529.05,24525.25,25,24527.75,250,0,757700
NIFTY-III.NFO,29/10/2024,09:48:06,24522,24520.6,25,24522.4,250,175,757700
NIFTY-III.NFO,29/10/2024,09:48:07,24522,24520.6,25,24522.4,250,0,757700
NIFTY-III.NFO,29/10/2024,09:48:09,24522.2,24520.6,25,24523.3,75,300,757700
NIFTY-III.NFO,29/10/2024,09:48:11,24522.2,24520.6,25,24521.4,75,0,757700
NIFTY-III.NFO,29/10/2024,09:48:12,24520,24518.85,25,24520,250,200,757700
NIFTY-III.NFO,29/10/2024,09:48:12,24520,24518.85,25,24520,250,0,757700
NIFTY-III.NFO,29/10/2024,09:48:14,24520,24520,25,24520.7,225,100,757700
NIFTY-III.NFO,29/10/2024,09:48:14,24517,24520,25,24520.7,225,0,757700
NIFTY-III.NFO,29/10/2024,09:48:16,24520,24517,25,24521.7,225,25,757700
NIFTY-III.NFO,29/10/2024,09:48:17,24520,24520,25,24521.95,225,0,757700
NIFTY-III.NFO,29/10/2024,09:48:19,24520,24520,25,24521.7,225,0,757700
NIFTY-III.NFO,29/10/2024,09:48:21,24520,24517,25,24522.55,75,25,757700
NIFTY-III.NFO,29/10/2024,09:48:22,24520,24517,25,24522.35,50,0,757700
NIFTY-III.NFO,29/10/2024,09:48:24,24515,24515,25,24520,75,75,757700
NIFTY-III.NFO,29/10/2024,09:48:24,24515,24515,25,24520,75,0,757700
NIFTY-III.NFO,29/10/2024,09:48:26,24515,24515.05,100,24520,75,0,757700
NIFTY-III.NFO,29/10/2024,09:48:28,24515,24515,25,24519.95,125,0,757700
NIFTY-III.NFO,29/10/2024,09:48:29,24512.25,24511,100,24514,50,50,757700
NIFTY-III.NFO,29/10/2024,09:48:29,24512.25,24511,100,24514,50,0,757700
NIFTY-III.NFO,29/10/2024,09:48:31,24508.9,24508,25,24514.65,75,125,757700
NIFTY-III.NFO,29/10/2024,09:48:31,24508.9,24508,25,24514.65,75,0,757700
NIFTY-III.NFO,29/10/2024,09:48:33,24511.85,24507,25,24511.25,50,50,757700
NIFTY-III.NFO,29/10/2024,09:48:33,24508,24507,25,24511.25,50,0,757700
NIFTY-III.NFO,29/10/2024,09:48:34,24511.85,24507,25,24511,300,0,757700
NIFTY-III.NFO,29/10/2024,09:48:36,24511.85,24507,25,24511.9,125,0,757700
NIFTY-III.NFO,29/10/2024,09:48:38,24507,24505,50,24509.65,225,25,757700
NIFTY-III.NFO,29/10/2024,09:48:38,24507,24505,50,24509.65,225,0,757700
NIFTY-III.NFO,29/10/2024,09:48:39,24507,24505,50,24510.35,425,0,757700
NIFTY-III.NFO,29/10/2024,09:48:41,24505,24502.15,100,24510.35,150,50,757700
NIFTY-III.NFO,29/10/2024,09:48:41,24505,24502.15,100,24510.35,150,0,757700
NIFTY-III.NFO,29/10/2024,09:48:43,24502.1,24502.1,175,24510.4,75,25,757700
NIFTY-III.NFO,29/10/2024,09:48:43,24502.1,24502.1,175,24510.4,75,0,757700
NIFTY-III.NFO,29/10/2024,09:48:44,24502.1,24502.05,175,24509.75,25,0,757700
NIFTY-III.NFO,29/10/2024,09:48:46,24508.65,24502.05,100,24508.65,75,50,757700
NIFTY-III.NFO,29/10/2024,09:48:48,24505,24502.05,100,24505.9,75,50,757700
NIFTY-III.NFO,29/10/2024,09:48:49,24501,24503.85,25,24508.7,25,575,757700
NIFTY-III.NFO,29/10/2024,09:48:49,24501,24503.85,25,24508.7,25,0,757700
NIFTY-III.NFO,29/10/2024,09:48:51,24503.85,24501.2,150,24504.8,25,50,757700
NIFTY-III.NFO,29/10/2024,09:48:53,24503.85,24503.6,100,24511.1,225,0,757700
NIFTY-III.NFO,29/10/2024,09:48:54,24503.85,24503.9,175,24511,225,0,757700
NIFTY-III.NFO,29/10/2024,09:48:56,24503.4,24501,1125,24507.45,50,50,757700
NIFTY-III.NFO,29/10/2024,09:48:58,24501.9,24501.05,25,24505,75,175,757700
NIFTY-III.NFO,29/10/2024,09:48:59,24501.9,24502.8,100,24505,75,0,757700
NIFTY-III.NFO,29/10/2024,09:49:01,24505.05,24504.5,50,24508,25,150,757700
NIFTY-III.NFO,29/10/2024,09:49:03,24505.05,24502.4,25,24507.95,100,0,757700
NIFTY-III.NFO,29/10/2024,09:49:04,24501,24501,775,24506.4,175,425,757700
NIFTY-III.NFO,29/10/2024,09:49:06,24501,24501,775,24506.4,25,0,757700
NIFTY-III.NFO,29/10/2024,09:49:08,24501,24505,25,24506.4,25,400,757700
NIFTY-III.NFO,29/10/2024,09:49:09,24505,24502.35,200,24506.35,25,25,757700
NIFTY-III.NFO,29/10/2024,09:49:11,24505,24502.35,200,24506.35,25,0,757700
NIFTY-III.NFO,29/10/2024,09:49:12,24503.1,24502.7,100,24506.45,25,25,758950
NIFTY-III.NFO,29/10/2024,09:49:14,24503.1,24505.6,125,24506.45,25,0,758950
NIFTY-III.NFO,29/10/2024,09:49:16,24508,24505.6,150,24508,325,200,758950
NIFTY-III.NFO,29/10/2024,09:49:17,24508,24506.7,100,24507.95,25,0,758950
NIFTY-III.NFO,29/10/2024,09:49:19,24508,24507.75,25,24508,50,325,758950
NIFTY-III.NFO,29/10/2024,09:49:21,24507.95,24507.85,75,24508,50,25,758950
NIFTY-III.NFO,29/10/2024,09:49:22,24507.85,24507.75,25,24515.3,175,50,758950
NIFTY-III.NFO,29/10/2024,09:49:24,24507.85,24506.5,100,24514.15,75,0,758950
NIFTY-III.NFO,29/10/2024,09:49:26,24513.75,24508,25,24513.8,50,50,758950
NIFTY-III.NFO,29/10/2024,09:49:27,24513.75,24508,25,24513.1,50,0,758950
NIFTY-III.NFO,29/10/2024,09:49:29,24513.1,24508,25,24512.3,100,25,758950
NIFTY-III.NFO,29/10/2024,09:49:31,24505.95,24505.05,50,24513.7,100,100,758950
NIFTY-III.NFO,29/10/2024,09:49:32,24505,24504.7,25,24511,25,25,758950
NIFTY-III.NFO,29/10/2024,09:49:34,24510.95,24503.25,25,24508.35,175,25,758950
NIFTY-III.NFO,29/10/2024,09:49:36,24510.95,24502.05,100,24509.8,175,0,758950
NIFTY-III.NFO,29/10/2024,09:49:37,24510.95,24507.85,25,24510.55,150,0,758950
NIFTY-III.NFO,29/10/2024,09:49:39,24510.75,24507.85,25,24509.95,25,150,758950
NIFTY-III.NFO,29/10/2024,09:49:41,24505,24503.7,100,24505,75,75,758950
NIFTY-III.NFO,29/10/2024,09:49:42,24505,24503.9,100,24510,25,75,758950
NIFTY-III.NFO,29/10/2024,09:49:44,24503.9,24503.45,100,24509.95,150,100,758950
NIFTY-III.NFO,29/10/2024,09:49:46,24503.9,24502.35,25,24509.5,200,0,758950
NIFTY-III.NFO,29/10/2024,09:49:47,24502.4,24503,175,24509.95,100,25,758950
NIFTY-III.NFO,29/10/2024,09:49:49,24502.4,24502.95,25,24509.95,175,0,758950
NIFTY-III.NFO,29/10/2024,09:49:51,24502.95,24503.3,100,24510,325,25,758950
NIFTY-III.NFO,29/10/2024,09:49:52,24503.3,24503.4,125,24510,325,25,758950
NIFTY-III.NFO,29/10/2024,09:49:54,24503.3,24503.05,150,24509.95,100,0,758950
NIFTY-III.NFO,29/10/2024,09:49:56,24504.7,24504.3,75,24510,300,25,758950
NIFTY-III.NFO,29/10/2024,09:49:57,24504.7,24505.35,150,24510,300,0,758950
NIFTY-III.NFO,29/10/2024,09:49:59,24504.7,24505,100,24510,300,0,758950
NIFTY-III.NFO,29/10/2024,09:50:01,24504.7,24505,25,24509.95,175,0,758950
NIFTY-III.NFO,29/10/2024,09:50:02,24504,24503.2,25,24509.95,175,175,758950
NIFTY-III.NFO,29/10/2024,09:50:04,24503.2,24503.2,25,24509.75,175,25,758950
NIFTY-III.NFO,29/10/2024,09:50:06,24503.2,24503.3,75,24509.95,100,0,758950
NIFTY-III.NFO,29/10/2024,09:50:07,24503.2,24503.45,100,24509.95,100,0,758950
NIFTY-III.NFO,29/10/2024,09:50:09,24503.2,24503.45,25,24509.95,100,0,758950
NIFTY-III.NFO,29/10/2024,09:50:11,24503.45,24503.8,75,24509.95,100,25,758950
NIFTY-III.NFO,29/10/2024,09:50:12,24503.45,24504.15,150,24510,300,0,758950
NIFTY-III.NFO,29/10/2024,09:50:14,24503.45,24507.3,75,24510,300,0,758950
NIFTY-III.NFO,29/10/2024,09:50:15,24503.45,24507.4,150,24510,300,0,758950
NIFTY-III.NFO,29/10/2024,09:50:17,24510,24509.9,25,24510,75,300,758950
NIFTY-III.NFO,29/10/2024,09:50:19,24511,24511.35,25,24513,1000,175,758950
NIFTY-III.NFO,29/10/2024,09:50:20,24513,24509.05,50,24513,875,125,758950
NIFTY-III.NFO,29/10/2024,09:50:22,24509.2,24509.6,125,24513,875,25,758950
NIFTY-III.NFO,29/10/2024,09:50:24,24509.2,24508.5,100,24513,875,0,758950
NIFTY-III.NFO,29/10/2024,09:50:25,24509.2,24510.5,25,24513,875,0,758950
NIFTY-III.NFO,29/10/2024,09:50:27,24509.2,24510.35,25,24513,875,0,758950
NIFTY-III.NFO,29/10/2024,09:50:29,24509.2,24510,25,24513,875,0,758950
NIFTY-III.NFO,29/10/2024,09:50:30,24509.2,24509.35,50,24513,875,0,758950
NIFTY-III.NFO,29/10/2024,09:50:32,24513,24514.5,25,24519.95,100,875,758950
NIFTY-III.NFO,29/10/2024,09:50:34,24513,24514.55,25,24520,25,0,758950
NIFTY-III.NFO,29/10/2024,09:50:36,24513,24514.6,125,24520,25,0,758950
NIFTY-III.NFO,29/10/2024,09:50:37,24520,24515,150,24522.05,100,25,758950
NIFTY-III.NFO,29/10/2024,09:50:39,24515,24515,200,24522.85,100,25,758950
NIFTY-III.NFO,29/10/2024,09:50:41,24515,24515,175,24523.2,100,25,758950
NIFTY-III.NFO,29/10/2024,09:50:42,24523.2,24516,125,24523.7,175,25,758950
NIFTY-III.NFO,29/10/2024,09:50:44,24523.2,24515,125,24520.25,225,0,758950
NIFTY-III.NFO,29/10/2024,09:50:46,24523.2,24515,200,24522.85,175,0,758950
NIFTY-III.NFO,29/10/2024,09:50:47,24523.2,24516.9,125,24520,100,0,758950
NIFTY-III.NFO,29/10/2024,09:50:49,24523.2,24516.4,25,24520,100,0,758950
NIFTY-III.NFO,29/10/2024,09:50:51,24520,24517.75,75,24520,50,50,758950
NIFTY-III.NFO,29/10/2024,09:50:52,24520,24520.2,25,24523,25,50,758950
NIFTY-III.NFO,29/10/2024,09:50:54,24520,24520.25,25,24523,25,25,758950
NIFTY-III.NFO,29/10/2024,09:50:56,24523,24519.8,25,24525,75,25,758950
NIFTY-III.NFO,29/10/2024,09:50:57,24523,24520.65,25,24525,75,0,758950
NIFTY-III.NFO,29/10/2024,09:50:59,24525,24518.25,25,24525.4,200,250,758950
NIFTY-III.NFO,29/10/2024,09:51:01,24525,24515.35,125,24523.6,75,0,758950
NIFTY-III.NFO,29/10/2024,09:51:02,24525,24518.45,50,24527.15,75,0,758950
NIFTY-III.NFO,29/10/2024,09:51:04,24525,24525,25,24527.5,150,0,758950
NIFTY-III.NFO,29/10/2024,09:51:06,24525,24525,275,24527.5,150,0,758950
NIFTY-III.NFO,29/10/2024,09:51:07,24527.5,24525,275,24528.7,125,25,758950
NIFTY-III.NFO,29/10/2024,09:51:09,24527.5,24525,275,24528.55,125,0,758950
NIFTY-III.NFO,29/10/2024,09:51:11,24525,24525,250,24529,50,25,758950
NIFTY-III.NFO,29/10/2024,09:51:12,24525,24525,250,24529.05,400,0,758950
NIFTY-III.NFO,29/10/2024,09:51:14,24529.05,24524.45,100,24529.05,150,250,758950
NIFTY-III.NFO,29/10/2024,09:51:15,24529.05,24523.55,100,24528,25,0,758950
NIFTY-III.NFO,29/10/2024,09:51:17,24529.05,24522.75,150,24528,25,0,758950
NIFTY-III.NFO,29/10/2024,09:51:19,24529.05,24524.35,100,24529.05,125,50,758950
NIFTY-III.NFO,29/10/2024,09:51:20,24523.75,24523.75,100,24529.05,125,25,758950
NIFTY-III.NFO,29/10/2024,09:51:22,24533.1,24525.7,75,24533.8,125,275,758950
NIFTY-III.NFO,29/10/2024,09:51:24,24532.5,24523.65,75,24530.75,75,50,758950
