Ticker,Date,Time,LTP,BuyPrice,BuyQty,SellPrice,SellQty,LTQ,OpenInterest
NIFTY-I.NFO,29/10/2024,09:15:00,24368.8,24359.3,100,24376.15,25,300,10147750
NIFTY-I.NFO,29/10/2024,09:15:00,24368.8,24359.3,100,24376.15,25,0,10147750
NIFTY-I.NFO,29/10/2024,09:15:00,24385.35,24359.3,100,24376.15,25,0,10147750
NIFTY-I.NFO,29/10/2024,09:15:00,24354.75,24359.3,100,24376.15,25,0,10147750
NIFTY-I.NFO,29/10/2024,09:15:01,24362,24357.7,75,24365.65,100,400,10147750
NIFTY-I.NFO,29/10/2024,09:15:03,24375.9,24367.2,125,24375.5,25,3425,10147750
NIFTY-I.NFO,29/10/2024,09:15:04,24370.05,24370,75,24375.1,75,1200,10147750
NIFTY-I.NFO,29/10/2024,09:15:06,24359.8,24359.8,100,24367.75,75,1250,10147750
NIFTY-I.NFO,29/10/2024,09:15:08,24364.5,24360,300,24365.5,50,100,10147750
NIFTY-I.NFO,29/10/2024,09:15:09,24366.5,24360.2,200,24366.5,25,1425,10147750
NIFTY-I.NFO,29/10/2024,09:15:11,24361.25,24360.1,250,24367.45,100,575,10147750
NIFTY-I.NFO,29/10/2024,09:15:12,24358.45,24358.9,100,24364.5,75,950,10147750
NIFTY-I.NFO,29/10/2024,09:15:14,24360,24359.45,25,24365.25,125,1100,10147750
NIFTY-I.NFO,29/10/2024,09:15:16,24365.1,24360.05,25,24364.4,125,425,10147750
NIFTY-I.NFO,29/10/2024,09:15:17,24359.4,24358.3,25,24363.95,300,525,10147750
NIFTY-I.NFO,29/10/2024,09:15:19,24358.3,24356.55,25,24362.15,100,225,10147750
NIFTY-I.NFO,29/10/2024,09:15:21,24359.15,24359.05,25,24362.1,100,2475,10147750
NIFTY-I.NFO,29/10/2024,09:15:22,24358.3,24356.7,325,24362,300,450,10147750
NIFTY-I.NFO,29/10/2024,09:15:24,24355,24352.75,25,24357.9,100,3525,10147750
NIFTY-I.NFO,29/10/2024,09:15:24,24352.1,24352.75,25,24357.9,100,0,10147750
NIFTY-I.NFO,29/10/2024,09:15:26,24356.9,24351.4,25,24356.85,200,1925,10147750
NIFTY-I.NFO,29/10/2024,09:15:26,24351.1,24351.4,25,24356.85,200,0,10147750
NIFTY-I.NFO,29/10/2024,09:15:27,24356.75,24351.5,25,24356.5,100,250,10147750
NIFTY-I.NFO,29/10/2024,09:15:29,24350,24350,575,24353.4,25,1325,10147750
NIFTY-I.NFO,29/10/2024,09:15:29,24350,24350,575,24353.4,25,0,10147750
NIFTY-I.NFO,29/10/2024,09:15:31,24352.25,24347.85,50,24353.05,200,1600,10147750
NIFTY-I.NFO,29/10/2024,09:15:31,24346.6,24347.85,50,24353.05,200,0,10147750
NIFTY-I.NFO,29/10/2024,09:15:32,24350,24347.25,25,24350,1625,275,10147750
NIFTY-I.NFO,29/10/2024,09:15:34,24349.9,24347.55,25,24349.9,25,175,10147750
NIFTY-I.NFO,29/10/2024,09:15:34,24346.25,24347.55,25,24349.9,25,0,10147750
NIFTY-I.NFO,29/10/2024,09:15:35,24350,24347.95,25,24350,950,725,10147750
NIFTY-I.NFO,29/10/2024,09:15:37,24352.75,24350.85,100,24356.85,125,1050,10147750
NIFTY-I.NFO,29/10/2024,09:15:39,24350.35,24350.3,25,24355.35,25,500,10147750
NIFTY-I.NFO,29/10/2024,09:15:40,24350.35,24350.3,50,24354.3,200,225,10147750
NIFTY-I.NFO,29/10/2024,09:15:42,24352,24347.2,25,24351.75,100,1725,10147750
NIFTY-I.NFO,29/10/2024,09:15:44,24351.55,24345.25,25,24351,200,550,10147750
NIFTY-I.NFO,29/10/2024,09:15:44,24345.9,24345.25,25,24351,200,0,10147750
NIFTY-I.NFO,29/10/2024,09:15:45,24347.7,24346.7,25,24350.2,175,500,10147750
NIFTY-I.NFO,29/10/2024,09:15:47,24350.35,24350.35,125,24352,175,450,10147750
NIFTY-I.NFO,29/10/2024,09:15:49,24351.55,24350.35,125,24352,100,125,10147750
NIFTY-I.NFO,29/10/2024,09:15:50,24350.35,24346.1,25,24350.45,100,1375,10147750
NIFTY-I.NFO,29/10/2024,09:15:52,24349.2,24345,100,24349.15,200,625,10147750
NIFTY-I.NFO,29/10/2024,09:15:52,24345.6,24345,100,24349.15,200,0,10147750
NIFTY-I.NFO,29/10/2024,09:15:54,24350.35,24345.4,100,24350.3,100,1000,10147750
NIFTY-I.NFO,29/10/2024,09:15:55,24346.1,24345.9,100,24350,25,50,10147750
NIFTY-I.NFO,29/10/2024,09:15:55,24345.45,24345.9,100,24350,25,0,10147750
NIFTY-I.NFO,29/10/2024,09:15:57,24350,24346,125,24349.15,100,200,10147750
NIFTY-I.NFO,29/10/2024,09:15:59,24346,24340,1125,24346.55,200,3050,10147750
NIFTY-I.NFO,29/10/2024,09:15:59,24340,24340,1125,24346.55,200,0,10147750
NIFTY-I.NFO,29/10/2024,09:16:00,24345.75,24340,1050,24346.15,150,125,10147750
NIFTY-I.NFO,29/10/2024,09:16:02,24339.8,24333.5,25,24339.85,25,1575,10147750
NIFTY-I.NFO,29/10/2024,09:16:02,24334,24333.5,25,24339.85,25,0,10147750
NIFTY-I.NFO,29/10/2024,09:16:04,24336.35,24331.55,25,24337.15,125,2700,10156125
NIFTY-I.NFO,29/10/2024,09:16:04,24332,24331.55,25,24337.15,125,0,10156125
NIFTY-I.NFO,29/10/2024,09:16:05,24330,24330,25,24335.65,75,2475,10156125
NIFTY-I.NFO,29/10/2024,09:16:05,24330,24330,25,24335.65,75,0,10156125
NIFTY-I.NFO,29/10/2024,09:16:07,24336.45,24329.3,75,24336.45,100,1900,10156125
NIFTY-I.NFO,29/10/2024,09:16:07,24328,24329.3,75,24336.45,100,0,10156125
NIFTY-I.NFO,29/10/2024,09:16:09,24336.45,24329.5,50,24333,25,400,10156125
NIFTY-I.NFO,29/10/2024,09:16:10,24337.95,24331,125,24337.95,100,225,10156125
NIFTY-I.NFO,29/10/2024,09:16:12,24336.45,24332.45,75,24339.1,100,725,10156125
NIFTY-I.NFO,29/10/2024,09:16:14,24331.6,24331.8,100,24338.75,75,675,10156125
NIFTY-I.NFO,29/10/2024,09:16:15,24338.2,24330.6,50,24337.65,100,125,10156125
NIFTY-I.NFO,29/10/2024,09:16:17,24337.6,24331.45,100,24338.6,150,2150,10156125
NIFTY-I.NFO,29/10/2024,09:16:19,24337.6,24333,25,24339.5,100,250,10156125
NIFTY-I.NFO,29/10/2024,09:16:20,24339.75,24333.05,25,24337,250,2100,10156125
NIFTY-I.NFO,29/10/2024,09:16:22,24337,24332.05,100,24339,25,350,10156125
NIFTY-I.NFO,29/10/2024,09:16:24,24338.95,24333.55,50,24337.6,125,575,10156125
NIFTY-I.NFO,29/10/2024,09:16:25,24338.9,24333.55,50,24338.95,100,150,10156125
NIFTY-I.NFO,29/10/2024,09:16:27,24338.9,24335,50,24339.7,50,325,10156125
NIFTY-I.NFO,29/10/2024,09:16:28,24335.75,24335,25,24335.75,50,100,10156125
NIFTY-I.NFO,29/10/2024,09:16:30,24335.75,24334,50,24335.7,25,1350,10156125
NIFTY-I.NFO,29/10/2024,09:16:32,24335.75,24334,450,24336.8,75,175,10156125
NIFTY-I.NFO,29/10/2024,09:16:33,24331.35,24330.7,25,24335.9,100,725,10156125
NIFTY-I.NFO,29/10/2024,09:16:35,24336.35,24330.7,25,24336.45,50,1800,10156125
NIFTY-I.NFO,29/10/2024,09:16:37,24333.35,24330,1150,24334,550,2225,10156125
NIFTY-I.NFO,29/10/2024,09:16:38,24334,24330.65,25,24334,475,150,10156125
NIFTY-I.NFO,29/10/2024,09:16:40,24333.1,24333,150,24334,375,225,10156125
NIFTY-I.NFO,29/10/2024,09:16:42,24334,24330,850,24335,125,1075,10156125
NIFTY-I.NFO,29/10/2024,09:16:43,24334,24330,725,24335,150,250,10156125
NIFTY-I.NFO,29/10/2024,09:16:45,24329.05,24331.1,150,24335.1,100,1675,10156125
NIFTY-I.NFO,29/10/2024,09:16:47,24333.1,24332.35,150,24335.1,375,250,10156125
NIFTY-I.NFO,29/10/2024,09:16:48,24334,24331,250,24334,200,800,10156125
NIFTY-I.NFO,29/10/2024,09:16:50,24332.05,24331.2,50,24334,200,325,10156125
NIFTY-I.NFO,29/10/2024,09:16:52,24333.45,24330.4,50,24334.65,100,1625,10156125
NIFTY-I.NFO,29/10/2024,09:16:53,24335,24332,225,24335.1,100,150,10156125
NIFTY-I.NFO,29/10/2024,09:16:55,24330.75,24329.05,25,24331,50,1375,10156125
NIFTY-I.NFO,29/10/2024,09:16:57,24325.6,24326.65,150,24328.5,100,775,10156125
NIFTY-I.NFO,29/10/2024,09:16:57,24325.6,24326.65,150,24328.5,100,0,10156125
NIFTY-I.NFO,29/10/2024,09:16:58,24325.55,24322,25,24325.6,25,1925,10156125
NIFTY-I.NFO,29/10/2024,09:16:58,24324,24322,25,24325.6,25,0,10156125
NIFTY-I.NFO,29/10/2024,09:17:00,24321.5,24316.2,25,24321.4,100,1275,10156125
NIFTY-I.NFO,29/10/2024,09:17:00,24319,24316.2,25,24321.4,100,0,10156125
NIFTY-I.NFO,29/10/2024,09:17:02,24313,24312,75,24316.65,50,950,10156125
NIFTY-I.NFO,29/10/2024,09:17:02,24313,24312,75,24316.65,50,0,10156125
NIFTY-I.NFO,29/10/2024,09:17:03,24319.85,24313.95,25,24319.65,25,3975,10156125
NIFTY-I.NFO,29/10/2024,09:17:03,24311.1,24313.95,25,24319.65,25,0,10156125
NIFTY-I.NFO,29/10/2024,09:17:05,24316.2,24312.3,150,24316.65,100,1075,10156125
NIFTY-I.NFO,29/10/2024,09:17:07,24314.95,24311.75,225,24314.95,75,175,10156125
NIFTY-I.NFO,29/10/2024,09:17:09,24315,24315,1375,24316.65,300,1800,10156125
NIFTY-I.NFO,29/10/2024,09:17:09,24309,24315,1375,24316.65,300,0,10156125
NIFTY-I.NFO,29/10/2024,09:17:10,24313,24312.15,250,24316.65,225,1800,10156125
NIFTY-I.NFO,29/10/2024,09:17:12,24311.25,24311.45,125,24316.65,25,450,10156125
NIFTY-I.NFO,29/10/2024,09:17:14,24314.95,24310.55,125,24313.05,175,1600,10156125
NIFTY-I.NFO,29/10/2024,09:17:15,24314.95,24310.2,125,24315,25,1100,10156125
NIFTY-I.NFO,29/10/2024,09:17:17,24311.25,24310.6,200,24316.9,75,3475,10156125
NIFTY-I.NFO,29/10/2024,09:17:19,24315,24315.05,250,24317.6,25,400,10156125
NIFTY-I.NFO,29/10/2024,09:17:20,24314.95,24311.8,350,24316.6,25,1800,10156125
NIFTY-I.NFO,29/10/2024,09:17:22,24311.5,24311.4,350,24315.95,25,2275,10156125
NIFTY-I.NFO,29/10/2024,09:17:24,24314.4,24311,225,24311.75,25,150,10156125
NIFTY-I.NFO,29/10/2024,09:17:25,24314.15,24311.15,250,24314.35,100,225,10156125
NIFTY-I.NFO,29/10/2024,09:17:27,24315.45,24311.05,25,24314.85,300,175,10156125
NIFTY-I.NFO,29/10/2024,09:17:29,24312,24311.05,25,24314.9,100,75,10156125
NIFTY-I.NFO,29/10/2024,09:17:30,24311.25,24311,475,24314.95,200,375,10156125
NIFTY-I.NFO,29/10/2024,09:17:32,24311.15,24311,475,24314.95,150,350,10156125
NIFTY-I.NFO,29/10/2024,09:17:34,24314.9,24311.3,125,24314.95,100,1300,10156125
NIFTY-I.NFO,29/10/2024,09:17:35,24314.4,24314.3,100,24319.95,25,400,10156125
NIFTY-I.NFO,29/10/2024,09:17:37,24317.75,24320,125,24324.75,25,100,10156125
NIFTY-I.NFO,29/10/2024,09:17:39,24317.75,24320,125,24325.55,25,0,10156125
NIFTY-I.NFO,29/10/2024,09:17:40,24323.25,24314.2,150,24317.1,25,250,10156125
NIFTY-I.NFO,29/10/2024,09:17:42,24314.95,24314.9,225,24320.75,100,175,10156125
NIFTY-I.NFO,29/10/2024,09:17:44,24318.8,24317.75,50,24322,50,275,10156125
NIFTY-I.NFO,29/10/2024,09:17:45,24317.1,24317.1,75,24320.15,25,175,10156125
NIFTY-I.NFO,29/10/2024,09:17:47,24319.3,24317.1,50,24319.2,25,75,10156125
NIFTY-I.NFO,29/10/2024,09:17:49,24317.75,24317.1,25,24317.75,25,200,10156125
NIFTY-I.NFO,29/10/2024,09:17:50,24315.05,24315.05,75,24317.75,25,200,10156125
NIFTY-I.NFO,29/10/2024,09:17:52,24320.2,24317.1,25,24319.75,150,200,10156125
NIFTY-I.NFO,29/10/2024,09:17:54,24317.6,24315,500,24317.1,100,375,10156125
NIFTY-I.NFO,29/10/2024,09:17:55,24315,24315,275,24315.3,50,1375,10156125
NIFTY-I.NFO,29/10/2024,09:17:57,24316.3,24315,50,24315.3,25,1700,10156125
NIFTY-I.NFO,29/10/2024,09:17:59,24314.95,24312.1,50,24313.45,75,150,10156125
NIFTY-I.NFO,29/10/2024,09:18:00,24310.45,24310,525,24310.35,75,675,10156125
NIFTY-I.NFO,29/10/2024,09:18:02,24306.75,24306.25,500,24306.9,25,950,10156125
NIFTY-I.NFO,29/10/2024,09:18:02,24306.75,24306.25,500,24306.9,25,0,10156125
NIFTY-I.NFO,29/10/2024,09:18:04,24304.1,24302,400,24304.1,75,3175,10156125
NIFTY-I.NFO,29/10/2024,09:18:04,24303,24302,400,24304.1,75,0,10156125
NIFTY-I.NFO,29/10/2024,09:18:05,24303.45,24297.45,300,24303.1,50,10300,10156125
NIFTY-I.NFO,29/10/2024,09:18:05,24294.45,24297.45,300,24303.1,50,0,10156125
NIFTY-I.NFO,29/10/2024,09:18:07,24305.25,24299.45,125,24303.95,25,3000,10156125
NIFTY-I.NFO,29/10/2024,09:18:08,24297,24296.95,25,24302.85,75,2650,10156125
NIFTY-I.NFO,29/10/2024,09:18:10,24297.75,24300,50,24303.2,125,425,10156125
NIFTY-I.NFO,29/10/2024,09:18:12,24303.3,24299.85,125,24303.85,125,325,10156125
NIFTY-I.NFO,29/10/2024,09:18:13,24304.3,24304.3,150,24305.2,50,1150,10156125
NIFTY-I.NFO,29/10/2024,09:18:15,24303.3,24300.1,600,24304.4,50,375,10156125
NIFTY-I.NFO,29/10/2024,09:18:17,24303.1,24301.2,125,24303.65,75,375,10156125
NIFTY-I.NFO,29/10/2024,09:18:18,24304.45,24301.05,100,24305,100,1025,10156125
NIFTY-I.NFO,29/10/2024,09:18:20,24305,24302.85,400,24305,50,100,10156125
NIFTY-I.NFO,29/10/2024,09:18:22,24303.3,24303.3,25,24304.15,125,150,10156125
NIFTY-I.NFO,29/10/2024,09:18:23,24304.15,24304,125,24304.3,25,75,10156125
NIFTY-I.NFO,29/10/2024,09:18:25,24308.6,24304.5,25,24308.65,200,550,10156125
NIFTY-I.NFO,29/10/2024,09:18:27,24306,24306,100,24306.4,50,425,10156125
NIFTY-I.NFO,29/10/2024,09:18:28,24304.95,24304.15,150,24306.4,200,1175,10156125
NIFTY-I.NFO,29/10/2024,09:18:30,24306.4,24303.15,100,24306.4,125,725,10156125
NIFTY-I.NFO,29/10/2024,09:18:32,24304.3,24304,400,24307.4,75,525,10156125
NIFTY-I.NFO,29/10/2024,09:18:33,24307.8,24305,125,24307.8,525,625,10156125
NIFTY-I.NFO,29/10/2024,09:18:35,24306.55,24304,400,24306.4,250,550,10156125
NIFTY-I.NFO,29/10/2024,09:18:37,24304.6,24302.65,25,24304.4,125,1175,10156125
NIFTY-I.NFO,29/10/2024,09:18:38,24300.15,24300.15,75,24304.25,125,750,10156125
NIFTY-I.NFO,29/10/2024,09:18:40,24302.75,24300.1,400,24302.35,75,375,10156125
NIFTY-I.NFO,29/10/2024,09:18:42,24302.3,24300,525,24302.8,25,350,10156125
NIFTY-I.NFO,29/10/2024,09:18:43,24303.05,24300.35,300,24303.05,225,2300,10156125
NIFTY-I.NFO,29/10/2024,09:18:45,24303.3,24300.35,25,24304.6,1150,2950,10156125
NIFTY-I.NFO,29/10/2024,09:18:47,24300.25,24300.55,50,24304.6,1075,800,10156125
NIFTY-I.NFO,29/10/2024,09:18:48,24307,24304.6,125,24307,625,1375,10156125
NIFTY-I.NFO,29/10/2024,09:18:50,24307,24304.6,125,24307,300,575,10156125
NIFTY-I.NFO,29/10/2024,09:18:52,24307,24302,125,24307,175,700,10156125
NIFTY-I.NFO,29/10/2024,09:18:53,24307,24302.75,125,24307,75,175,10156125
NIFTY-I.NFO,29/10/2024,09:18:55,24307,24302.75,150,24304.6,100,0,10156125
NIFTY-I.NFO,29/10/2024,09:18:57,24302.75,24302.75,25,24304.6,250,150,10156125
NIFTY-I.NFO,29/10/2024,09:18:58,24304.6,24304.6,300,24307,100,525,10156125
NIFTY-I.NFO,29/10/2024,09:19:00,24309.65,24307,225,24309.65,125,600,10156125
NIFTY-I.NFO,29/10/2024,09:19:02,24313.8,24307.6,100,24314.25,25,700,10156125
NIFTY-I.NFO,29/10/2024,09:19:03,24308,24307.55,125,24313.4,50,775,10154500
NIFTY-I.NFO,29/10/2024,09:19:05,24309.45,24313.8,25,24318.2,75,300,10154500
NIFTY-I.NFO,29/10/2024,09:19:07,24316.75,24314.25,25,24316.65,325,75,10154500
NIFTY-I.NFO,29/10/2024,09:19:08,24315.55,24313.9,25,24314.2,175,1575,10154500
NIFTY-I.NFO,29/10/2024,09:19:10,24313.8,24313.75,25,24314.2,350,200,10154500
NIFTY-I.NFO,29/10/2024,09:19:12,24315.15,24315.15,21400,24317.5,50,6200,10154500
NIFTY-I.NFO,29/10/2024,09:19:13,24317.5,24315.15,21275,24317.5,725,375,10154500
NIFTY-I.NFO,29/10/2024,09:19:15,24319,24315.2,25,24317.75,25,675,10154500
NIFTY-I.NFO,29/10/2024,09:19:17,24322.3,24318.15,225,24323.05,50,775,10154500
NIFTY-I.NFO,29/10/2024,09:19:18,24319.55,24318,25,24319.55,125,275,10154500
NIFTY-I.NFO,29/10/2024,09:19:20,24318.2,24316.45,25,24317.95,25,1100,10154500
NIFTY-I.NFO,29/10/2024,09:19:22,24320,24320,225,24321.35,25,375,10154500
NIFTY-I.NFO,29/10/2024,09:19:24,24320.25,24320.25,19950,24322.3,25,150,10154500
NIFTY-I.NFO,29/10/2024,09:19:25,24324.7,24321.5,125,24325,25,150,10154500
NIFTY-I.NFO,29/10/2024,09:19:27,24328.1,24323.15,125,24327.25,25,2175,10154500
NIFTY-I.NFO,29/10/2024,09:19:29,24326.75,24325,125,24326.6,100,1175,10154500
NIFTY-I.NFO,29/10/2024,09:19:30,24326.6,24322.8,25,24326.45,725,325,10154500
NIFTY-I.NFO,29/10/2024,09:19:32,24325,24325,525,24326.3,150,600,10154500
NIFTY-I.NFO,29/10/2024,09:19:34,24325.9,24325,200,24326.25,25,650,10154500
NIFTY-I.NFO,29/10/2024,09:19:35,24325.35,24322.3,25,24325.75,125,475,10154500
NIFTY-I.NFO,29/10/2024,09:19:37,24325.15,24322.3,50,24324.3,625,50,10154500
NIFTY-I.NFO,29/10/2024,09:19:39,24322.25,24320.25,20075,24322.25,75,400,10154500
NIFTY-I.NFO,29/10/2024,09:19:40,24323.95,24320.25,19875,24322.25,225,1975,10154500
NIFTY-I.NFO,29/10/2024,09:19:42,24320.25,24320.25,19550,24322.25,200,350,10154500
NIFTY-I.NFO,29/10/2024,09:19:44,24322.25,24320.25,19500,24322.25,100,375,10154500
NIFTY-I.NFO,29/10/2024,09:19:45,24320.25,24320.25,15200,24322.25,275,725,10154500
NIFTY-I.NFO,29/10/2024,09:19:47,24325,24321.7,25,24322.25,175,450,10154500
NIFTY-I.NFO,29/10/2024,09:19:49,24321.1,24320.25,6300,24322.2,175,325,10154500
NIFTY-I.NFO,29/10/2024,09:19:50,24322.25,24320.25,4500,24322.25,125,250,10154500
NIFTY-I.NFO,29/10/2024,09:19:52,24322.25,24320.25,4625,24322.25,175,0,10154500
NIFTY-I.NFO,29/10/2024,09:19:54,24322.25,24320.25,4225,24322.55,750,675,10154500
NIFTY-I.NFO,29/10/2024,09:19:55,24322.25,24320.25,4325,24322.85,25,1300,10154500
NIFTY-I.NFO,29/10/2024,09:19:57,24322.85,24322,25,24324,25,250,10154500
NIFTY-I.NFO,29/10/2024,09:19:59,24320.95,24317,125,24320.75,25,5150,10154500
NIFTY-I.NFO,29/10/2024,09:20:00,24312.1,24307.3,125,24312.25,50,28000,10154500
NIFTY-I.NFO,29/10/2024,09:20:02,24313.15,24306.15,150,24312.25,175,2125,10154500
NIFTY-I.NFO,29/10/2024,09:20:04,24311.6,24305.1,200,24311.6,25,13075,10154500
NIFTY-I.NFO,29/10/2024,09:20:05,24307.15,24300.15,25,24307.1,25,4050,10154500
NIFTY-I.NFO,29/10/2024,09:20:07,24306.2,24299.45,25,24306.25,75,325,10154500
NIFTY-I.NFO,29/10/2024,09:20:09,24299.75,24300,25,24306.85,25,300,10154500
NIFTY-I.NFO,29/10/2024,09:20:10,24303.05,24300.85,125,24307.35,200,300,10154500
NIFTY-I.NFO,29/10/2024,09:20:12,24303.7,24302.95,275,24307.35,200,5625,10154500
NIFTY-I.NFO,29/10/2024,09:20:14,24307.35,24303.05,300,24307.35,175,350,10154500
NIFTY-I.NFO,29/10/2024,09:20:15,24307.35,24302.2,300,24307.35,125,275,10154500
NIFTY-I.NFO,29/10/2024,09:20:17,24309.3,24303.45,300,24309.35,250,600,10154500
NIFTY-I.NFO,29/10/2024,09:20:19,24310.35,24303.3,300,24308,100,800,10154500
NIFTY-I.NFO,29/10/2024,09:20:20,24303.85,24302.6,200,24308,50,125,10154500
NIFTY-I.NFO,29/10/2024,09:20:22,24309.1,24308,225,24309.3,25,75,10154500
NIFTY-I.NFO,29/10/2024,09:20:24,24308.95,24303.75,300,24308.45,50,325,10154500
NIFTY-I.NFO,29/10/2024,09:20:25,24308.05,24304,25,24308.25,25,225,10154500
NIFTY-I.NFO,29/10/2024,09:20:27,24308.2,24304,25,24308.35,625,250,10154500
NIFTY-I.NFO,29/10/2024,09:20:29,24305,24304,25,24308.35,25,100,10154500
NIFTY-I.NFO,29/10/2024,09:20:30,24308.05,24304.8,125,24308.95,25,50,10154500
NIFTY-I.NFO,29/10/2024,09:20:32,24304,24303.85,25,24308.25,50,275,10154500
NIFTY-I.NFO,29/10/2024,09:20:34,24305,24305,475,24309,200,325,10154500
NIFTY-I.NFO,29/10/2024,09:20:35,24306.5,24305.05,200,24309,350,25,10154500
NIFTY-I.NFO,29/10/2024,09:20:37,24305,24305,275,24309,550,100,10154500
NIFTY-I.NFO,29/10/2024,09:20:39,24305,24305,225,24309,350,375,10154500
NIFTY-I.NFO,29/10/2024,09:20:40,24309,24305,225,24309,325,50,10154500
NIFTY-I.NFO,29/10/2024,09:20:42,24305,24304.25,100,24307.5,50,450,10154500
NIFTY-I.NFO,29/10/2024,09:20:44,24306,24306,375,24306.5,25,975,10154500
NIFTY-I.NFO,29/10/2024,09:20:45,24305,24304,25,24305,25,4800,10154500
NIFTY-I.NFO,29/10/2024,09:20:47,24305,24304.2,100,24306.5,200,300,10154500
NIFTY-I.NFO,29/10/2024,09:20:49,24306,24304.2,75,24306,25,400,10154500
NIFTY-I.NFO,29/10/2024,09:20:50,24309,24305,125,24309,150,200,10154500
NIFTY-I.NFO,29/10/2024,09:20:52,24306.5,24301.15,200,24305.95,300,4500,10154500
NIFTY-I.NFO,29/10/2024,09:20:54,24301.95,24301.6,275,24305.95,275,175,10154500
NIFTY-I.NFO,29/10/2024,09:20:55,24302.55,24305,200,24308.9,25,2900,10154500
NIFTY-I.NFO,29/10/2024,09:20:57,24302.9,24302.55,125,24308.8,50,225,10154500
NIFTY-I.NFO,29/10/2024,09:20:59,24302.55,24303,50,24307.6,50,25,10154500
NIFTY-I.NFO,29/10/2024,09:21:00,24303,24303,25,24303.5,175,50,10154500
NIFTY-I.NFO,29/10/2024,09:21:02,24301,24301,25,24301.5,150,150,10154500
NIFTY-I.NFO,29/10/2024,09:21:04,24306.5,24301.6,375,24308.5,50,550,10154500
NIFTY-I.NFO,29/10/2024,09:21:05,24307,24308.1,100,24314.45,25,225,10154500
NIFTY-I.NFO,29/10/2024,09:21:07,24310.6,24309.4,275,24316.1,25,375,10154500
NIFTY-I.NFO,29/10/2024,09:21:09,24306.45,24305.7,75,24312,175,1600,10154500
NIFTY-I.NFO,29/10/2024,09:21:10,24312,24306.15,75,24312,250,25,10154500
NIFTY-I.NFO,29/10/2024,09:21:12,24306.95,24306.95,200,24311.95,25,225,10154500
NIFTY-I.NFO,29/10/2024,09:21:13,24315,24312.45,25,24319.35,200,300,10154500
NIFTY-I.NFO,29/10/2024,09:21:15,24319.3,24315.45,50,24319.3,50,100,10154500
NIFTY-I.NFO,29/10/2024,09:21:17,24315.2,24315.55,25,24319.1,25,50,10154500
NIFTY-I.NFO,29/10/2024,09:21:18,24319.05,24313.95,75,24320,175,1425,10154500
NIFTY-I.NFO,29/10/2024,09:21:20,24317,24315,25,24317.5,200,875,10154500
NIFTY-I.NFO,29/10/2024,09:21:22,24315.5,24309.35,250,24314.95,200,1450,10154500
NIFTY-I.NFO,29/10/2024,09:21:23,24314.55,24308.1,100,24314,200,100,10154500
NIFTY-I.NFO,29/10/2024,09:21:25,24313.9,24307.6,25,24313.3,50,25,10154500
NIFTY-I.NFO,29/10/2024,09:21:27,24312.85,24307.8,200,24313.3,75,13875,10154500
NIFTY-I.NFO,29/10/2024,09:21:28,24310,24310,50,24313.3,75,800,10154500
NIFTY-I.NFO,29/10/2024,09:21:30,24315.5,24315.1,25,24315.5,1400,325,10154500
NIFTY-I.NFO,29/10/2024,09:21:32,24315.45,24313.3,125,24315.45,100,2775,10154500
NIFTY-I.NFO,29/10/2024,09:21:34,24314.85,24313.3,100,24314.85,125,125,10154500
NIFTY-I.NFO,29/10/2024,09:21:35,24312.8,24310.6,25,24312.6,25,250,10154500
NIFTY-I.NFO,29/10/2024,09:21:37,24307,24306.65,50,24312.1,175,275,10154500
NIFTY-I.NFO,29/10/2024,09:21:39,24311,24306.4,200,24312.1,200,50,10154500
NIFTY-I.NFO,29/10/2024,09:21:40,24306.6,24305.6,50,24311.55,175,200,10154500
NIFTY-I.NFO,29/10/2024,09:21:42,24311.55,24307,25,24311.55,225,500,10154500
NIFTY-I.NFO,29/10/2024,09:21:44,24312.05,24306.75,300,24311.55,150,325,10154500
NIFTY-I.NFO,29/10/2024,09:21:45,24311.55,24306.05,300,24311.55,225,325,10154500
NIFTY-I.NFO,29/10/2024,09:21:47,24307.85,24305.65,300,24310.6,200,525,10154500
NIFTY-I.NFO,29/10/2024,09:21:48,24306.5,24306,50,24311.6,200,850,10154500
NIFTY-I.NFO,29/10/2024,09:21:50,24315,24311.6,125,24315.5,25,575,10154500
NIFTY-I.NFO,29/10/2024,09:21:52,24313.7,24313.8,200,24320.2,200,175,10154500
NIFTY-I.NFO,29/10/2024,09:21:53,24318.6,24315.05,100,24317.6,100,600,10154500
NIFTY-I.NFO,29/10/2024,09:21:55,24314.6,24313.7,25,24314.6,175,1225,10154500
NIFTY-I.NFO,29/10/2024,09:21:57,24311.6,24310,50,24311.6,75,125,10154500
NIFTY-I.NFO,29/10/2024,09:21:58,24310,24308.1,125,24309.3,25,1250,10154500
NIFTY-I.NFO,29/10/2024,09:22:00,24307,24307,50,24308.95,75,225,10154500
NIFTY-I.NFO,29/10/2024,09:22:02,24306,24305.8,150,24308.1,150,850,10154500
NIFTY-I.NFO,29/10/2024,09:22:03,24305.8,24305.8,125,24307.6,200,300,10154500
NIFTY-I.NFO,29/10/2024,09:22:05,24307.6,24305.25,125,24307.6,400,600,10209700
NIFTY-I.NFO,29/10/2024,09:22:07,24305.25,24305,425,24307.1,250,225,10209700
NIFTY-I.NFO,29/10/2024,09:22:08,24305,24304,175,24306.6,625,2000,10209700
NIFTY-I.NFO,29/10/2024,09:22:10,24306.6,24304.05,175,24307.6,200,575,10209700
NIFTY-I.NFO,29/10/2024,09:22:12,24308.05,24304.05,150,24307.65,600,275,10209700
NIFTY-I.NFO,29/10/2024,09:22:13,24304.85,24305.25,250,24305.3,25,50,10209700
NIFTY-I.NFO,29/10/2024,09:22:15,24296,24295,225,24295.25,25,4025,10209700
NIFTY-I.NFO,29/10/2024,09:22:17,24294.35,24292.15,100,24297.75,250,1450,10209700
NIFTY-I.NFO,29/10/2024,09:22:17,24292,24292.15,100,24297.75,250,0,10209700
NIFTY-I.NFO,29/10/2024,09:22:18,24298.5,24295,50,24296.75,175,125,10209700
NIFTY-I.NFO,29/10/2024,09:22:20,24291.6,24291.6,150,24296.75,625,125,10209700
NIFTY-I.NFO,29/10/2024,09:22:20,24291.6,24291.6,150,24296.75,625,0,10209700
NIFTY-I.NFO,29/10/2024,09:22:22,24294.35,24293.3,100,24298.9,700,100,10209700
NIFTY-I.NFO,29/10/2024,09:22:23,24298.75,24295.25,150,24298.75,150,350,10209700
NIFTY-I.NFO,29/10/2024,09:22:25,24297.25,24295.25,275,24298.6,100,550,10209700
NIFTY-I.NFO,29/10/2024,09:22:27,24298.45,24297.65,25,24298.25,25,50,10209700
NIFTY-I.NFO,29/10/2024,09:22:28,24298.2,24296.3,150,24301.25,300,875,10209700
NIFTY-I.NFO,29/10/2024,09:22:30,24300.35,24300.75,125,24304.2,50,500,10209700
NIFTY-I.NFO,29/10/2024,09:22:32,24301.4,24300.3,150,24301.75,200,150,10209700
NIFTY-I.NFO,29/10/2024,09:22:33,24303.05,24300.85,150,24301.25,200,1000,10209700
NIFTY-I.NFO,29/10/2024,09:22:35,24297.4,24295.75,275,24299.25,50,550,10209700
NIFTY-I.NFO,29/10/2024,09:22:37,24297.4,24295.75,275,24298.6,75,0,10209700
NIFTY-I.NFO,29/10/2024,09:22:38,24299.75,24296.8,100,24299.75,50,225,10209700
NIFTY-I.NFO,29/10/2024,09:22:40,24297.4,24297.4,225,24299.75,200,100,10209700
NIFTY-I.NFO,29/10/2024,09:22:42,24300,24298.35,450,24303.7,150,650,10209700
NIFTY-I.NFO,29/10/2024,09:22:43,24299.4,24299.4,100,24300.75,200,50,10209700
NIFTY-I.NFO,29/10/2024,09:22:45,24296.75,24291.4,300,24295.85,25,5450,10209700
NIFTY-I.NFO,29/10/2024,09:22:45,24290.35,24291.4,300,24295.85,25,0,10209700
NIFTY-I.NFO,29/10/2024,09:22:47,24299.35,24296,25,24300.35,75,1000,10209700
NIFTY-I.NFO,29/10/2024,09:22:48,24299.75,24298.2,25,24299.65,25,375,10209700
NIFTY-I.NFO,29/10/2024,09:22:50,24299.75,24298.2,25,24298.55,75,1650,10209700
NIFTY-I.NFO,29/10/2024,09:22:52,24298,24297.5,250,24297.8,50,2700,10209700
NIFTY-I.NFO,29/10/2024,09:22:53,24295.15,24295,25,24295.8,125,2700,10209700
NIFTY-I.NFO,29/10/2024,09:22:55,24293.4,24291.15,725,24295.5,100,225,10209700
NIFTY-I.NFO,29/10/2024,09:22:57,24294.95,24295,125,24295.5,50,1450,10209700
NIFTY-I.NFO,29/10/2024,09:22:58,24294.95,24294.95,900,24295.5,675,125,10209700
NIFTY-I.NFO,29/10/2024,09:23:00,24295.5,24295.35,225,24295.5,475,1075,10209700
NIFTY-I.NFO,29/10/2024,09:23:02,24295.4,24295.45,225,24296.9,625,750,10209700
NIFTY-I.NFO,29/10/2024,09:23:03,24294.95,24295,25,24296.95,50,2650,10209700
NIFTY-I.NFO,29/10/2024,09:23:05,24291.15,24292.15,125,24295.35,200,550,10209700
NIFTY-I.NFO,29/10/2024,09:23:07,24295,24291.2,300,24295,75,325,10209700
NIFTY-I.NFO,29/10/2024,09:23:08,24291.15,24291.15,375,24294.4,50,650,10209700
NIFTY-I.NFO,29/10/2024,09:23:10,24294.4,24291.15,375,24296.9,75,600,10209700
NIFTY-I.NFO,29/10/2024,09:23:11,24296.15,24296.15,50,24297.2,25,100,10209700
NIFTY-I.NFO,29/10/2024,09:23:13,24291.75,24292.05,300,24297.9,50,100,10209700
NIFTY-I.NFO,29/10/2024,09:23:15,24292.45,24292,150,24296,175,200,10209700
NIFTY-I.NFO,29/10/2024,09:23:16,24295.15,24292,275,24295.2,50,125,10209700
NIFTY-I.NFO,29/10/2024,09:23:18,24295.05,24292,275,24295.2,50,150,10209700
NIFTY-I.NFO,29/10/2024,09:23:20,24294.85,24292,275,24294,50,300,10209700
NIFTY-I.NFO,29/10/2024,09:23:21,24294.85,24292,300,24294.8,225,950,10209700
NIFTY-I.NFO,29/10/2024,09:23:23,24292,24292,150,24293.75,25,125,10209700
NIFTY-I.NFO,29/10/2024,09:23:25,24293.65,24291.2,350,24293.75,175,300,10209700
NIFTY-I.NFO,29/10/2024,09:23:26,24293.75,24291.3,250,24294.8,150,225,10209700
NIFTY-I.NFO,29/10/2024,09:23:28,24294.75,24294.75,125,24295,50,550,10209700
NIFTY-I.NFO,29/10/2024,09:23:30,24297.4,24292.45,175,24296.8,125,275,10209700
NIFTY-I.NFO,29/10/2024,09:23:31,24292.45,24292.55,250,24294,25,50,10209700
NIFTY-I.NFO,29/10/2024,09:23:33,24292,24291.2,250,24292,150,575,10209700
NIFTY-I.NFO,29/10/2024,09:23:35,24287.05,24285.55,450,24289.5,100,5525,10209700
NIFTY-I.NFO,29/10/2024,09:23:35,24285.55,24285.55,450,24289.5,100,0,10209700
NIFTY-I.NFO,29/10/2024,09:23:36,24287.05,24287,200,24289.45,200,200,10209700
NIFTY-I.NFO,29/10/2024,09:23:38,24291.05,24291,250,24292.85,150,950,10209700
NIFTY-I.NFO,29/10/2024,09:23:40,24291.05,24291.05,300,24292.85,100,200,10209700
NIFTY-I.NFO,29/10/2024,09:23:41,24293.55,24291,50,24293.2,100,2300,10209700
NIFTY-I.NFO,29/10/2024,09:23:43,24289.85,24285.6,250,24290.6,50,1450,10209700
NIFTY-I.NFO,29/10/2024,09:23:45,24290,24286.55,450,24290,275,100,10209700
NIFTY-I.NFO,29/10/2024,09:23:47,24290.95,24289.3,100,24290.95,125,325,10209700
NIFTY-I.NFO,29/10/2024,09:23:48,24292.85,24289.7,275,24292.85,200,250,10209700
NIFTY-I.NFO,29/10/2024,09:23:50,24292.85,24290.95,200,24292.85,300,325,10209700
NIFTY-I.NFO,29/10/2024,09:23:52,24292.85,24289.15,275,24292.85,200,725,10209700
NIFTY-I.NFO,29/10/2024,09:23:53,24292.7,24290.65,100,24293.9,25,925,10209700
NIFTY-I.NFO,29/10/2024,09:23:55,24292.4,24290.4,225,24294.85,150,50,10209700
NIFTY-I.NFO,29/10/2024,09:23:57,24292.85,24290.5,175,24292.8,125,800,10209700
NIFTY-I.NFO,29/10/2024,09:23:58,24290.05,24290.05,100,24292.8,25,300,10209700
NIFTY-I.NFO,29/10/2024,09:24:00,24292,24290.15,175,24293.85,100,225,10209700
NIFTY-I.NFO,29/10/2024,09:24:02,24292.35,24290.15,150,24292.85,100,75,10209700
NIFTY-I.NFO,29/10/2024,09:24:03,24287,24287,50,24288.3,50,750,10209700
NIFTY-I.NFO,29/10/2024,09:24:05,24289.95,24286.2,200,24289.95,150,425,10209700
NIFTY-I.NFO,29/10/2024,09:24:07,24289.95,24287.75,50,24292.85,25,175,10209700
NIFTY-I.NFO,29/10/2024,09:24:08,24290,24289.55,25,24290,50,150,10209700
NIFTY-I.NFO,29/10/2024,09:24:10,24288.2,24288.2,575,24289.5,125,150,10209700
NIFTY-I.NFO,29/10/2024,09:24:12,24290,24288.2,600,24292.65,25,175,10209700
NIFTY-I.NFO,29/10/2024,09:24:13,24292.65,24288.4,175,24292.85,25,50,10209700
NIFTY-I.NFO,29/10/2024,09:24:15,24294.9,24289.95,50,24294.9,300,425,10209700
NIFTY-I.NFO,29/10/2024,09:24:17,24294.9,24291,200,24294.9,200,350,10209700
NIFTY-I.NFO,29/10/2024,09:24:18,24297.7,24293.25,150,24297.9,25,825,10209700
NIFTY-I.NFO,29/10/2024,09:24:20,24297.95,24295,75,24298,150,400,10209700
NIFTY-I.NFO,29/10/2024,09:24:22,24300,24295.55,125,24300,300,425,10209700
NIFTY-I.NFO,29/10/2024,09:24:23,24303.2,24297.5,25,24303.3,50,1150,10209700
NIFTY-I.NFO,29/10/2024,09:24:25,24297.25,24297.25,100,24302,200,50,10209700
NIFTY-I.NFO,29/10/2024,09:24:27,24293.75,24294.35,25,24299.95,125,600,10209700
NIFTY-I.NFO,29/10/2024,09:24:28,24303.3,24297.5,300,24303.85,200,1825,10209700
NIFTY-I.NFO,29/10/2024,09:24:30,24303.85,24298.85,225,24303.85,200,100,10209700
NIFTY-I.NFO,29/10/2024,09:24:32,24303.85,24300.45,100,24305,75,200,10209700
NIFTY-I.NFO,29/10/2024,09:24:33,24303.25,24300,50,24304.35,175,50,10209700
NIFTY-I.NFO,29/10/2024,09:24:35,24304.55,24300,50,24303.85,150,1000,10209700
NIFTY-I.NFO,29/10/2024,09:24:37,24303.55,24303.55,1500,24305,75,350,10209700
NIFTY-I.NFO,29/10/2024,09:24:38,24300.05,24300.05,50,24303.5,175,1550,10209700
NIFTY-I.NFO,29/10/2024,09:24:40,24303.5,24303.5,475,24305.3,25,2450,10209700
NIFTY-I.NFO,29/10/2024,09:24:42,24303.5,24300.35,100,24306.35,200,950,10209700
NIFTY-I.NFO,29/10/2024,09:24:43,24305,24304.35,1100,24305,100,1075,10209700
NIFTY-I.NFO,29/10/2024,09:24:45,24304.35,24304.35,950,24305,50,200,10209700
NIFTY-I.NFO,29/10/2024,09:24:47,24304.3,24300.05,350,24304.3,100,3100,10209700
NIFTY-I.NFO,29/10/2024,09:24:48,24303.6,24300.05,350,24303.5,25,100,10209700
NIFTY-I.NFO,29/10/2024,09:24:50,24305.05,24300.1,100,24302.3,25,350,10209700
NIFTY-I.NFO,29/10/2024,09:24:52,24302.6,24300.05,225,24302.65,25,875,10209700
NIFTY-I.NFO,29/10/2024,09:24:53,24302.1,24301,250,24302.4,75,525,10209700
NIFTY-I.NFO,29/10/2024,09:24:55,24300.25,24295.5,200,24300.95,175,550,10209700
NIFTY-I.NFO,29/10/2024,09:24:57,24300.75,24295.7,300,24300.85,125,1500,10209700
NIFTY-I.NFO,29/10/2024,09:24:58,24298.65,24298.7,100,24300,875,100,10209700
NIFTY-I.NFO,29/10/2024,09:25:00,24300,24300,250,24302.55,25,1075,10209700
NIFTY-I.NFO,29/10/2024,09:25:02,24302.05,24300.05,100,24301.5,25,225,10209700
NIFTY-I.NFO,29/10/2024,09:25:03,24300,24300.05,200,24304.85,250,1225,10209700
NIFTY-I.NFO,29/10/2024,09:25:05,24305.5,24301.05,100,24305.5,25,300,10234100
NIFTY-I.NFO,29/10/2024,09:25:07,24301.35,24300,225,24300.85,200,1000,10234100
NIFTY-I.NFO,29/10/2024,09:25:08,24301,24300,475,24301,75,525,10234100
NIFTY-I.NFO,29/10/2024,09:25:10,24300.05,24300.05,25,24303.85,200,125,10234100
NIFTY-I.NFO,29/10/2024,09:25:11,24300.05,24300.05,25,24301,25,125,10234100
NIFTY-I.NFO,29/10/2024,09:25:13,24298.7,24298.65,225,24299.85,25,1150,10234100
NIFTY-I.NFO,29/10/2024,09:25:15,24300,24298.7,50,24299.55,25,175,10234100
NIFTY-I.NFO,29/10/2024,09:25:16,24300.2,24298.65,150,24299.55,25,325,10234100
NIFTY-I.NFO,29/10/2024,09:25:18,24296.1,24295,75,24297.15,25,250,10234100
NIFTY-I.NFO,29/10/2024,09:25:20,24299.4,24295.05,275,24299.45,150,200,10234100
NIFTY-I.NFO,29/10/2024,09:25:21,24299.4,24295.65,75,24299.3,250,25,10234100
NIFTY-I.NFO,29/10/2024,09:25:23,24295.7,24298.75,25,24300.15,25,25,10234100
NIFTY-I.NFO,29/10/2024,09:25:25,24299.85,24295.05,50,24299.25,775,250,10234100
NIFTY-I.NFO,29/10/2024,09:25:26,24298.65,24295.05,250,24300.25,25,500,10234100
NIFTY-I.NFO,29/10/2024,09:25:28,24295.05,24295.05,50,24298.6,75,50,10234100
NIFTY-I.NFO,29/10/2024,09:25:30,24295.15,24296.4,25,24297,75,625,10234100
NIFTY-I.NFO,29/10/2024,09:25:31,24295.15,24295.15,200,24297.15,100,125,10234100
NIFTY-I.NFO,29/10/2024,09:25:33,24297.1,24295.15,75,24297.25,150,25,10234100
NIFTY-I.NFO,29/10/2024,09:25:35,24295.15,24295.15,25,24297.15,100,75,10234100
NIFTY-I.NFO,29/10/2024,09:25:36,24298.35,24293.45,200,24299.65,75,1250,10234100
NIFTY-I.NFO,29/10/2024,09:25:38,24299.65,24300,300,24300.75,125,225,10234100
NIFTY-I.NFO,29/10/2024,09:25:40,24300,24296.15,200,24300.85,75,300,10234100
NIFTY-I.NFO,29/10/2024,09:25:41,24300,24297.25,200,24301.85,75,0,10234100
NIFTY-I.NFO,29/10/2024,09:25:43,24302.1,24300.85,225,24305,25,300,10234100
NIFTY-I.NFO,29/10/2024,09:25:45,24305,24302.45,100,24305,225,350,10234100
NIFTY-I.NFO,29/10/2024,09:25:46,24305,24303,100,24305,200,25,10234100
NIFTY-I.NFO,29/10/2024,09:25:48,24305,24305,100,24306.35,75,225,10234100
NIFTY-I.NFO,29/10/2024,09:25:50,24305.9,24303.05,125,24304.35,200,475,10234100
NIFTY-I.NFO,29/10/2024,09:25:51,24304,24303.25,100,24303.65,25,750,10234100
NIFTY-I.NFO,29/10/2024,09:25:53,24305,24303.35,300,24303.65,250,425,10234100
NIFTY-I.NFO,29/10/2024,09:25:55,24303.4,24303.4,50,24303.65,275,350,10234100
NIFTY-I.NFO,29/10/2024,09:25:56,24305,24306,50,24308,150,1450,10234100
NIFTY-I.NFO,29/10/2024,09:25:58,24313,24308.55,100,24312.35,175,650,10234100
NIFTY-I.NFO,29/10/2024,09:26:00,24309.7,24308.45,50,24309.85,100,600,10234100
NIFTY-I.NFO,29/10/2024,09:26:01,24305,24304.1,250,24305,50,250,10234100
NIFTY-I.NFO,29/10/2024,09:26:03,24306.65,24306.65,200,24307.85,200,100,10234100
NIFTY-I.NFO,29/10/2024,09:26:05,24305.1,24305.05,200,24308.35,50,450,10234100
NIFTY-I.NFO,29/10/2024,09:26:07,24308.4,24308.65,25,24309,25,175,10234100
NIFTY-I.NFO,29/10/2024,09:26:08,24313.3,24308.6,100,24312.05,25,525,10234100
NIFTY-I.NFO,29/10/2024,09:26:10,24312.15,24312.1,150,24313.3,25,100,10234100
NIFTY-I.NFO,29/10/2024,09:26:11,24315,24310.55,50,24313.3,175,525,10234100
NIFTY-I.NFO,29/10/2024,09:26:13,24320.2,24318.1,100,24320.2,500,3200,10234100
NIFTY-I.NFO,29/10/2024,09:26:15,24318.3,24317.5,150,24322.9,300,2475,10234100
NIFTY-I.NFO,29/10/2024,09:26:16,24320.3,24320.7,25,24324.1,25,1400,10234100
NIFTY-I.NFO,29/10/2024,09:26:18,24324.15,24318.85,25,24323.7,200,1275,10234100
NIFTY-I.NFO,29/10/2024,09:26:20,24323.7,24323.65,25,24323.7,75,250,10234100
NIFTY-I.NFO,29/10/2024,09:26:21,24324.95,24323.75,50,24325,150,450,10234100
NIFTY-I.NFO,29/10/2024,09:26:23,24325,24325.2,25,24328,500,425,10234100
NIFTY-I.NFO,29/10/2024,09:26:25,24329,24328.05,25,24329,75,750,10234100
NIFTY-I.NFO,29/10/2024,09:26:26,24330,24328.1,25,24330.55,200,700,10234100
NIFTY-I.NFO,29/10/2024,09:26:28,24329.05,24329.05,25,24330.45,25,650,10234100
NIFTY-I.NFO,29/10/2024,09:26:30,24328.45,24323.6,25,24328.45,75,875,10234100
NIFTY-I.NFO,29/10/2024,09:26:31,24323.7,24323.75,25,24328.45,250,3125,10234100
NIFTY-I.NFO,29/10/2024,09:26:33,24328.2,24328.2,25,24329.75,800,425,10234100
NIFTY-I.NFO,29/10/2024,09:26:35,24330,24328.25,25,24329.5,25,175,10234100
NIFTY-I.NFO,29/10/2024,09:26:36,24328.05,24325.05,25,24328.05,125,375,10234100
NIFTY-I.NFO,29/10/2024,09:26:38,24323.55,24323.55,25,24327.7,25,425,10234100
NIFTY-I.NFO,29/10/2024,09:26:40,24327.7,24324.55,100,24327.75,25,100,10234100
NIFTY-I.NFO,29/10/2024,09:26:41,24323.55,24323.55,25,24324.25,50,225,10234100
NIFTY-I.NFO,29/10/2024,09:26:43,24325.25,24323.75,25,24324.1,125,1575,10234100
NIFTY-I.NFO,29/10/2024,09:26:45,24323.7,24318.05,100,24322,25,625,10234100
NIFTY-I.NFO,29/10/2024,09:26:46,24318.3,24318.05,50,24323.15,250,500,10234100
NIFTY-I.NFO,29/10/2024,09:26:48,24320.1,24318.05,75,24322.6,25,50,10234100
NIFTY-I.NFO,29/10/2024,09:26:50,24322.6,24317.95,75,24322.6,100,400,10234100
NIFTY-I.NFO,29/10/2024,09:26:51,24321.5,24318.05,100,24321.35,25,125,10234100
NIFTY-I.NFO,29/10/2024,09:26:53,24321.35,24320.5,25,24321.35,25,75,10234100
NIFTY-I.NFO,29/10/2024,09:26:55,24320.9,24318.05,75,24320.85,25,375,10234100
NIFTY-I.NFO,29/10/2024,09:26:56,24321.5,24320.4,25,24322,50,225,10234100
NIFTY-I.NFO,29/10/2024,09:26:58,24318,24318,125,24319.1,25,325,10234100
NIFTY-I.NFO,29/10/2024,09:27:00,24317.5,24317,75,24317.5,200,600,10234100
NIFTY-I.NFO,29/10/2024,09:27:01,24314.1,24312.15,100,24312.65,25,725,10234100
NIFTY-I.NFO,29/10/2024,09:27:03,24312.15,24309.9,100,24312.95,25,825,10234100
NIFTY-I.NFO,29/10/2024,09:27:05,24311.2,24309.9,100,24310.55,300,150,10234100
NIFTY-I.NFO,29/10/2024,09:27:06,24300,24302.15,250,24307.2,250,2475,10234100
NIFTY-I.NFO,29/10/2024,09:27:08,24304.75,24302.2,25,24304.85,150,125,10234100
NIFTY-I.NFO,29/10/2024,09:27:10,24302.75,24302.2,25,24302.75,75,25,10234100
NIFTY-I.NFO,29/10/2024,09:27:11,24305.05,24302.75,25,24305.15,75,675,10234100
NIFTY-I.NFO,29/10/2024,09:27:13,24300,24298.8,250,24304,250,1175,10234100
NIFTY-I.NFO,29/10/2024,09:27:15,24304.35,24298.3,250,24303.6,250,250,10234100
NIFTY-I.NFO,29/10/2024,09:27:16,24304.75,24300.1,100,24305.1,75,275,10234100
NIFTY-I.NFO,29/10/2024,09:27:18,24304.45,24299.3,100,24303.45,25,275,10234100
NIFTY-I.NFO,29/10/2024,09:27:20,24300.6,24298.65,100,24300.7,75,325,10234100
NIFTY-I.NFO,29/10/2024,09:27:21,24301.35,24300.05,50,24301.05,275,150,10234100
NIFTY-I.NFO,29/10/2024,09:27:23,24298,24298.45,100,24303.6,50,1475,10234100
NIFTY-I.NFO,29/10/2024,09:27:25,24298.7,24298.6,225,24303.9,50,100,10234100
NIFTY-I.NFO,29/10/2024,09:27:26,24297,24295.85,100,24301.95,250,925,10234100
NIFTY-I.NFO,29/10/2024,09:27:28,24300.3,24298.05,50,24300.35,225,100,10234100
NIFTY-I.NFO,29/10/2024,09:27:30,24301.45,24298,25,24301.55,100,175,10234100
NIFTY-I.NFO,29/10/2024,09:27:31,24298,24295.05,100,24297.1,25,500,10234100
NIFTY-I.NFO,29/10/2024,09:27:33,24300,24295.05,100,24300,75,500,10234100
NIFTY-I.NFO,29/10/2024,09:27:35,24298.9,24297,50,24297.6,125,825,10234100
NIFTY-I.NFO,29/10/2024,09:27:36,24297.1,24295.05,100,24298.55,25,75,10234100
NIFTY-I.NFO,29/10/2024,09:27:38,24300,24297.15,50,24301.2,200,225,10234100
NIFTY-I.NFO,29/10/2024,09:27:40,24301.55,24300.05,50,24302,250,175,10234100
NIFTY-I.NFO,29/10/2024,09:27:41,24301.15,24300.05,50,24300.1,25,550,10234100
NIFTY-I.NFO,29/10/2024,09:27:43,24298.2,24295.35,100,24298.25,325,450,10234100
NIFTY-I.NFO,29/10/2024,09:27:45,24297.1,24296.4,100,24297.1,25,225,10234100
NIFTY-I.NFO,29/10/2024,09:27:46,24300,24297.25,50,24299.95,25,250,10234100
NIFTY-I.NFO,29/10/2024,09:27:48,24299.6,24297.25,100,24299.3,25,475,10234100
NIFTY-I.NFO,29/10/2024,09:27:50,24299.55,24297.25,50,24299.65,250,225,10234100
NIFTY-I.NFO,29/10/2024,09:27:51,24298.75,24297.6,100,24298.85,25,50,10234100
NIFTY-I.NFO,29/10/2024,09:27:53,24299.7,24297.7,75,24299.3,25,2775,10234100
NIFTY-I.NFO,29/10/2024,09:27:55,24297.1,24297,50,24298.65,25,225,10234100
NIFTY-I.NFO,29/10/2024,09:27:56,24297.45,24295.05,100,24298.2,25,125,10234100
NIFTY-I.NFO,29/10/2024,09:27:58,24289.95,24290.2,25,24296.25,100,3225,10234100
NIFTY-I.NFO,29/10/2024,09:28:00,24291,24291.45,50,24297,25,50,10234100
NIFTY-I.NFO,29/10/2024,09:28:01,24296.7,24291.85,50,24297.15,50,275,10234100
NIFTY-I.NFO,29/10/2024,09:28:03,24296.35,24291.85,25,24296.1,25,75,10234100
NIFTY-I.NFO,29/10/2024,09:28:05,24287,24287.15,100,24293.95,50,625,10234100
NIFTY-I.NFO,29/10/2024,09:28:06,24288.25,24288.25,25,24292.45,50,100,10248125
NIFTY-I.NFO,29/10/2024,09:28:08,24286.9,24286.8,50,24293.25,300,700,10248125
NIFTY-I.NFO,29/10/2024,09:28:10,24286.8,24286.95,50,24293.45,175,25,10248125
NIFTY-I.NFO,29/10/2024,09:28:11,24292.75,24286.85,25,24292.7,50,100,10248125
NIFTY-I.NFO,29/10/2024,09:28:13,24286.95,24286.9,25,24290,1000,1575,10248125
NIFTY-I.NFO,29/10/2024,09:28:15,24286.05,24286,25,24288.65,250,300,10248125
NIFTY-I.NFO,29/10/2024,09:28:16,24287.9,24286,50,24287.75,25,75,10248125
NIFTY-I.NFO,29/10/2024,09:28:18,24281.9,24280.4,200,24285.45,150,4250,10248125
NIFTY-I.NFO,29/10/2024,09:28:18,24280.05,24280.4,200,24285.45,150,0,10248125
NIFTY-I.NFO,29/10/2024,09:28:20,24286.35,24285,250,24286.4,250,250,10248125
NIFTY-I.NFO,29/10/2024,09:28:21,24288.4,24285.05,50,24288.55,150,250,10248125
NIFTY-I.NFO,29/10/2024,09:28:23,24285.05,24285.05,100,24286.9,100,600,10248125
NIFTY-I.NFO,29/10/2024,09:28:25,24286.9,24285.05,125,24286.45,75,425,10248125
NIFTY-I.NFO,29/10/2024,09:28:26,24284.6,24282,25,24284.15,25,475,10248125
NIFTY-I.NFO,29/10/2024,09:28:28,24285.9,24281.4,50,24286.1,300,350,10248125
NIFTY-I.NFO,29/10/2024,09:28:30,24285.15,24281.65,25,24286.35,100,350,10248125
NIFTY-I.NFO,29/10/2024,09:28:31,24281.25,24280.1,150,24282.15,200,975,10248125
NIFTY-I.NFO,29/10/2024,09:28:33,24280.15,24280.15,100,24282.25,50,200,10248125
NIFTY-I.NFO,29/10/2024,09:28:35,24278,24276.9,200,24282.75,25,3900,10248125
NIFTY-I.NFO,29/10/2024,09:28:35,24275.05,24276.9,200,24282.75,25,0,10248125
NIFTY-I.NFO,29/10/2024,09:28:36,24281.05,24280.25,100,24282.5,125,200,10248125
NIFTY-I.NFO,29/10/2024,09:28:38,24284.5,24280.7,100,24284.5,100,350,10248125
NIFTY-I.NFO,29/10/2024,09:28:40,24283.8,24280.6,100,24284.1,200,2275,10248125
NIFTY-I.NFO,29/10/2024,09:28:41,24286.35,24283.1,325,24285.7,25,250,10248125
NIFTY-I.NFO,29/10/2024,09:28:43,24287.25,24283.35,125,24287.8,25,450,10248125
NIFTY-I.NFO,29/10/2024,09:28:45,24283.55,24283.1,100,24284.5,125,225,10248125
NIFTY-I.NFO,29/10/2024,09:28:46,24287,24282.5,100,24287,50,575,10248125
NIFTY-I.NFO,29/10/2024,09:28:48,24285.1,24285.1,75,24286.7,175,250,10248125
NIFTY-I.NFO,29/10/2024,09:28:50,24286.4,24285.05,200,24286.25,25,475,10248125
NIFTY-I.NFO,29/10/2024,09:28:51,24281,24280.05,100,24282.45,25,450,10248125
NIFTY-I.NFO,29/10/2024,09:28:53,24281.95,24280.05,50,24282,25,400,10248125
NIFTY-I.NFO,29/10/2024,09:28:55,24281.85,24280.35,25,24282,25,175,10248125
NIFTY-I.NFO,29/10/2024,09:28:56,24281.2,24283.4,100,24284.1,25,575,10248125
NIFTY-I.NFO,29/10/2024,09:28:58,24281.25,24281.25,25,24282.6,25,825,10248125
NIFTY-I.NFO,29/10/2024,09:29:00,24285.2,24281.9,100,24284.1,25,500,10248125
NIFTY-I.NFO,29/10/2024,09:29:01,24278.6,24277.2,100,24278.7,25,2275,10248125
NIFTY-I.NFO,29/10/2024,09:29:03,24285.55,24284.95,225,24285.55,325,525,10248125
NIFTY-I.NFO,29/10/2024,09:29:05,24286.55,24285.25,225,24286.55,75,450,10248125
NIFTY-I.NFO,29/10/2024,09:29:06,24284,24280.5,75,24282.8,100,350,10248125
NIFTY-I.NFO,29/10/2024,09:29:08,24283.85,24281.15,75,24284,500,150,10248125
NIFTY-I.NFO,29/10/2024,09:29:10,24284,24282.15,50,24284,450,75,10248125
NIFTY-I.NFO,29/10/2024,09:29:11,24283.15,24282.45,125,24283.1,150,250,10248125
NIFTY-I.NFO,29/10/2024,09:29:13,24282.15,24281,25,24281.9,200,575,10248125
NIFTY-I.NFO,29/10/2024,09:29:15,24282.5,24281.25,25,24282.5,275,250,10248125
NIFTY-I.NFO,29/10/2024,09:29:16,24281,24280.05,25,24280.7,125,375,10248125
NIFTY-I.NFO,29/10/2024,09:29:18,24278.45,24277.7,25,24278.4,475,1125,10248125
NIFTY-I.NFO,29/10/2024,09:29:20,24272.25,24272.25,125,24273,250,3900,10248125
NIFTY-I.NFO,29/10/2024,09:29:20,24272.25,24272.25,125,24273,250,0,10248125
NIFTY-I.NFO,29/10/2024,09:29:21,24274,24270.4,175,24275.4,350,6275,10248125
NIFTY-I.NFO,29/10/2024,09:29:21,24267.55,24270.4,175,24275.4,350,0,10248125
NIFTY-I.NFO,29/10/2024,09:29:23,24275.2,24271.3,50,24274.7,200,500,10248125
NIFTY-I.NFO,29/10/2024,09:29:25,24270.55,24270,75,24274.75,650,1075,10248125
NIFTY-I.NFO,29/10/2024,09:29:26,24275.05,24270.25,75,24275.4,725,1600,10248125
NIFTY-I.NFO,29/10/2024,09:29:28,24274.7,24274,25,24274.75,300,350,10248125
NIFTY-I.NFO,29/10/2024,09:29:30,24274.6,24269.55,25,24275,150,450,10248125
NIFTY-I.NFO,29/10/2024,09:29:31,24271.05,24271.25,100,24275.4,650,275,10248125
NIFTY-I.NFO,29/10/2024,09:29:33,24271.65,24267.2,75,24271.85,350,1675,10248125
NIFTY-I.NFO,29/10/2024,09:29:33,24267,24267.2,75,24271.85,350,0,10248125
NIFTY-I.NFO,29/10/2024,09:29:35,24271.05,24267.1,100,24271,275,400,10248125
NIFTY-I.NFO,29/10/2024,09:29:36,24270,24270,75,24270.9,125,825,10248125
NIFTY-I.NFO,29/10/2024,09:29:38,24267,24267,275,24269.8,250,875,10248125
NIFTY-I.NFO,29/10/2024,09:29:40,24269.75,24267.25,175,24269.75,50,50,10248125
NIFTY-I.NFO,29/10/2024,09:29:41,24269.8,24269.8,25,24271,1650,925,10248125
NIFTY-I.NFO,29/10/2024,09:29:43,24271,24269.9,125,24271,1375,475,10248125
NIFTY-I.NFO,29/10/2024,09:29:44,24273.4,24271.5,25,24275,25,2350,10248125
NIFTY-I.NFO,29/10/2024,09:29:46,24275.65,24273.35,25,24275.65,150,750,10248125
NIFTY-I.NFO,29/10/2024,09:29:48,24280.75,24276.05,100,24280.6,25,1200,10248125
NIFTY-I.NFO,29/10/2024,09:29:49,24282.25,24278.05,50,24282.25,100,425,10248125
NIFTY-I.NFO,29/10/2024,09:29:51,24280.6,24280.6,125,24283.95,175,475,10248125
NIFTY-I.NFO,29/10/2024,09:29:53,24282.9,24282.9,75,24283.4,350,125,10248125
NIFTY-I.NFO,29/10/2024,09:29:54,24283,24281.2,100,24283,675,150,10248125
NIFTY-I.NFO,29/10/2024,09:29:56,24283,24282.6,100,24283,675,25,10248125
NIFTY-I.NFO,29/10/2024,09:29:58,24283,24282.95,50,24283,525,125,10248125
NIFTY-I.NFO,29/10/2024,09:29:59,24280.1,24275.85,75,24280.7,25,250,10248125
NIFTY-I.NFO,29/10/2024,09:30:01,24278.9,24275,100,24277.6,225,625,10248125
NIFTY-I.NFO,29/10/2024,09:30:03,24277.6,24276.95,25,24277.6,200,25,10248125
NIFTY-I.NFO,29/10/2024,09:30:04,24273.4,24272.75,50,24277.55,200,14000,10248125
NIFTY-I.NFO,29/10/2024,09:30:06,24277.3,24275,50,24277.5,200,450,10248125
NIFTY-I.NFO,29/10/2024,09:30:08,24277.45,24274.5,50,24277.45,100,175,10248125
NIFTY-I.NFO,29/10/2024,09:30:09,24273.8,24274.5,25,24277.4,125,75,10248125
NIFTY-I.NFO,29/10/2024,09:30:11,24276.45,24271.3,25,24275.15,25,75,10248125
NIFTY-I.NFO,29/10/2024,09:30:13,24273.75,24271,2225,24274.9,200,475,10248125
NIFTY-I.NFO,29/10/2024,09:30:14,24270.75,24270.1,150,24273.8,50,2400,10248125
NIFTY-I.NFO,29/10/2024,09:30:16,24269.8,24272,50,24273.8,25,150,10248125
NIFTY-I.NFO,29/10/2024,09:30:18,24269.2,24269.05,100,24273.8,150,350,10248125
NIFTY-I.NFO,29/10/2024,09:30:19,24266,24265,300,24266.35,50,2900,10248125
NIFTY-I.NFO,29/10/2024,09:30:19,24266,24265,300,24266.35,50,0,10248125
NIFTY-I.NFO,29/10/2024,09:30:21,24265,24265,250,24266.25,175,125,10248125
NIFTY-I.NFO,29/10/2024,09:30:21,24265,24265,250,24266.25,175,0,10248125
NIFTY-I.NFO,29/10/2024,09:30:23,24265,24265,75,24266.05,125,325,10248125
NIFTY-I.NFO,29/10/2024,09:30:24,24262.25,24262.25,200,24266,125,575,10248125
NIFTY-I.NFO,29/10/2024,09:30:24,24262.25,24262.25,200,24266,125,0,10248125
NIFTY-I.NFO,29/10/2024,09:30:26,24260.65,24258.05,100,24260.65,50,3425,10248125
NIFTY-I.NFO,29/10/2024,09:30:26,24258.05,24258.05,100,24260.65,50,0,10248125
NIFTY-I.NFO,29/10/2024,09:30:27,24257.5,24256.1,150,24256.35,100,1350,10248125
NIFTY-I.NFO,29/10/2024,09:30:27,24256.35,24256.1,150,24256.35,100,0,10248125
NIFTY-I.NFO,29/10/2024,09:30:29,24256.35,24255.45,175,24256.3,25,650,10248125
NIFTY-I.NFO,29/10/2024,09:30:29,24255.25,24255.45,175,24256.3,25,0,10248125
NIFTY-I.NFO,29/10/2024,09:30:31,24264.25,24259.55,125,24264.35,225,900,10248125
NIFTY-I.NFO,29/10/2024,09:30:33,24265,24260.4,75,24265,200,1375,10248125
NIFTY-I.NFO,29/10/2024,09:30:34,24260.45,24260.45,75,24265.8,300,875,10248125
NIFTY-I.NFO,29/10/2024,09:30:36,24259.95,24259.8,75,24265.75,225,925,10248125
NIFTY-I.NFO,29/10/2024,09:30:37,24259.55,24258.75,100,24265.1,225,600,10248125
NIFTY-I.NFO,29/10/2024,09:30:39,24265.55,24260.2,100,24265.7,375,700,10248125
NIFTY-I.NFO,29/10/2024,09:30:41,24261.8,24261.8,100,24265,25,150,10248125
NIFTY-I.NFO,29/10/2024,09:30:42,24265.7,24265.7,200,24268.45,100,800,10248125
NIFTY-I.NFO,29/10/2024,09:30:44,24266.25,24268.5,50,24273.8,100,575,10248125
NIFTY-I.NFO,29/10/2024,09:30:46,24278.25,24273.95,100,24277.9,500,2300,10248125
NIFTY-I.NFO,29/10/2024,09:30:47,24276.05,24275,1100,24276,350,450,10248125
NIFTY-I.NFO,29/10/2024,09:30:49,24271.3,24267.25,100,24271.3,75,2125,10248125
NIFTY-I.NFO,29/10/2024,09:30:50,24272.5,24268.05,125,24272.25,400,775,10248125
NIFTY-I.NFO,29/10/2024,09:30:52,24272.25,24268.95,100,24272.25,25,525,10248125
NIFTY-I.NFO,29/10/2024,09:30:54,24276.9,24275.65,25,24276.9,275,2725,10248125
NIFTY-I.NFO,29/10/2024,09:30:55,24276.4,24274.25,100,24276.65,350,800,10248125
NIFTY-I.NFO,29/10/2024,09:30:57,24276.1,24276.1,200,24276.6,150,375,10248125
NIFTY-I.NFO,29/10/2024,09:30:59,24274.5,24274.45,50,24274.65,250,825,10248125
NIFTY-I.NFO,29/10/2024,09:31:00,24271.05,24266.8,100,24271.75,200,2500,10248125
NIFTY-I.NFO,29/10/2024,09:31:02,24275,24272.25,175,24275,150,625,10248125
NIFTY-I.NFO,29/10/2024,09:31:04,24276.9,24275.9,25,24276.9,225,325,10248125
NIFTY-I.NFO,29/10/2024,09:31:05,24275.9,24272.7,100,24276.05,25,700,10248125
NIFTY-I.NFO,29/10/2024,09:31:07,24275.05,24275.15,225,24275.55,25,325,10248125
NIFTY-I.NFO,29/10/2024,09:31:08,24276.4,24275.8,150,24276.4,50,2700,10266975
NIFTY-I.NFO,29/10/2024,09:31:10,24277,24275.95,100,24276.95,375,200,10266975
NIFTY-I.NFO,29/10/2024,09:31:12,24276.9,24275.8,100,24276.9,125,725,10266975
NIFTY-I.NFO,29/10/2024,09:31:13,24278.25,24276.85,200,24279.55,200,500,10266975
NIFTY-I.NFO,29/10/2024,09:31:15,24279.25,24277.15,100,24278.25,25,325,10266975
NIFTY-I.NFO,29/10/2024,09:31:17,24276,24276.8,25,24277.15,1500,1075,10266975
NIFTY-I.NFO,29/10/2024,09:31:18,24276.9,24276.9,50,24277.15,1325,325,10266975
NIFTY-I.NFO,29/10/2024,09:31:20,24277.15,24275.55,100,24277.15,1225,1425,10266975
NIFTY-I.NFO,29/10/2024,09:31:22,24276.95,24276.85,200,24279,75,1675,10266975
NIFTY-I.NFO,29/10/2024,09:31:23,24279.2,24278.15,75,24283.65,50,2125,10266975
NIFTY-I.NFO,29/10/2024,09:31:25,24280.65,24281,50,24283.85,100,1125,10266975
NIFTY-I.NFO,29/10/2024,09:31:27,24284.65,24284.7,100,24288.85,200,775,10266975
NIFTY-I.NFO,29/10/2024,09:31:28,24288.95,24284.15,100,24288.95,50,800,10266975
NIFTY-I.NFO,29/10/2024,09:31:30,24288.05,24287.85,25,24288.05,250,300,10266975
NIFTY-I.NFO,29/10/2024,09:31:32,24288.3,24288.45,200,24292.85,300,875,10266975
NIFTY-I.NFO,29/10/2024,09:31:33,24283.6,24283.25,100,24288,25,3500,10266975
NIFTY-I.NFO,29/10/2024,09:31:35,24290.85,24286.15,100,24292.1,50,225,10266975
NIFTY-I.NFO,29/10/2024,09:31:37,24292.85,24289.3,25,24292.2,350,325,10266975
NIFTY-I.NFO,29/10/2024,09:31:38,24291.3,24290.05,100,24291.8,25,400,10266975
NIFTY-I.NFO,29/10/2024,09:31:40,24289.1,24283,25,24289.7,50,1325,10266975
NIFTY-I.NFO,29/10/2024,09:31:42,24290.05,24285.05,50,24290.25,125,750,10266975
NIFTY-I.NFO,29/10/2024,09:31:43,24289.95,24285.15,50,24288.9,25,725,10266975
NIFTY-I.NFO,29/10/2024,09:31:45,24289.5,24285.15,50,24288.35,175,50,10266975
NIFTY-I.NFO,29/10/2024,09:31:47,24287.95,24282.75,100,24287.8,25,750,10266975
NIFTY-I.NFO,29/10/2024,09:31:48,24289.95,24283.5,100,24288.9,25,50,10266975
NIFTY-I.NFO,29/10/2024,09:31:50,24289.15,24288,25,24289.5,25,300,10266975
NIFTY-I.NFO,29/10/2024,09:31:52,24288,24285.7,100,24288,325,250,10266975
NIFTY-I.NFO,29/10/2024,09:31:53,24288,24285.8,100,24288,300,25,10266975
NIFTY-I.NFO,29/10/2024,09:31:55,24291.3,24288.3,125,24289.85,25,550,10266975
NIFTY-I.NFO,29/10/2024,09:31:57,24294.35,24293.65,25,24297,150,1750,10266975
NIFTY-I.NFO,29/10/2024,09:31:58,24294.8,24293.2,25,24298.75,150,250,10266975
NIFTY-I.NFO,29/10/2024,09:32:00,24298.85,24295.05,100,24299,25,150,10266975
NIFTY-I.NFO,29/10/2024,09:32:02,24296.1,24295.6,250,24300,3025,1600,10266975
NIFTY-I.NFO,29/10/2024,09:32:03,24295.05,24294.5,100,24299.5,50,225,10266975
NIFTY-I.NFO,29/10/2024,09:32:05,24296.1,24293.4,75,24298.55,150,600,10266975
NIFTY-I.NFO,29/10/2024,09:32:07,24296.9,24293.3,150,24299.5,200,2675,10266975
NIFTY-I.NFO,29/10/2024,09:32:08,24298.8,24293.5,100,24298.5,100,975,10266975
NIFTY-I.NFO,29/10/2024,09:32:10,24298.2,24293.7,100,24298.4,100,125,10266975
NIFTY-I.NFO,29/10/2024,09:32:12,24298.7,24293.7,100,24298.6,50,275,10266975
NIFTY-I.NFO,29/10/2024,09:32:13,24299.6,24293.7,75,24297.5,125,175,10266975
NIFTY-I.NFO,29/10/2024,09:32:15,24298.1,24293.7,75,24297.5,200,275,10266975
NIFTY-I.NFO,29/10/2024,09:32:17,24296.4,24293.5,100,24296.4,50,350,10266975
NIFTY-I.NFO,29/10/2024,09:32:18,24294.5,24293.45,25,24294.45,150,175,10266975
NIFTY-I.NFO,29/10/2024,09:32:20,24288.05,24288.3,50,24293.75,25,1325,10266975
NIFTY-I.NFO,29/10/2024,09:32:22,24287.3,24286.4,100,24292.4,150,275,10266975
NIFTY-I.NFO,29/10/2024,09:32:23,24290,24285.75,50,24292.2,325,450,10266975
NIFTY-I.NFO,29/10/2024,09:32:25,24286.45,24286.4,50,24290.2,25,175,10266975
NIFTY-I.NFO,29/10/2024,09:32:27,24290.2,24287.45,75,24290.2,50,150,10266975
NIFTY-I.NFO,29/10/2024,09:32:28,24291.4,24287.45,75,24291.85,175,200,10266975
NIFTY-I.NFO,29/10/2024,09:32:30,24290.7,24285.4,125,24288.95,275,725,10266975
NIFTY-I.NFO,29/10/2024,09:32:32,24287.4,24287.3,25,24287.4,75,175,10266975
NIFTY-I.NFO,29/10/2024,09:32:33,24287.3,24285.05,100,24287.4,50,125,10266975
NIFTY-I.NFO,29/10/2024,09:32:35,24288,24288,150,24289,250,2750,10266975
NIFTY-I.NFO,29/10/2024,09:32:37,24289,24286.4,25,24289,175,650,10266975
NIFTY-I.NFO,29/10/2024,09:32:39,24288,24285.4,50,24289,175,50,10266975
NIFTY-I.NFO,29/10/2024,09:32:40,24287.4,24285.4,50,24287.4,25,50,10266975
NIFTY-I.NFO,29/10/2024,09:32:42,24285.4,24286.1,200,24288.95,25,175,10266975
NIFTY-I.NFO,29/10/2024,09:32:44,24286.65,24286,25,24289,100,75,10266975
NIFTY-I.NFO,29/10/2024,09:32:45,24290,24287.15,25,24290.7,50,200,10266975
NIFTY-I.NFO,29/10/2024,09:32:47,24286,24286.85,300,24290.7,50,650,10266975
NIFTY-I.NFO,29/10/2024,09:32:49,24290.7,24286.1,50,24292.05,200,100,10266975
NIFTY-I.NFO,29/10/2024,09:32:50,24290.95,24286.35,200,24290.85,25,75,10266975
NIFTY-I.NFO,29/10/2024,09:32:52,24288.9,24289.15,175,24294.8,25,125,10266975
NIFTY-I.NFO,29/10/2024,09:32:54,24291.5,24287.1,75,24291.8,50,75,10266975
NIFTY-I.NFO,29/10/2024,09:32:55,24287.05,24287.1,50,24291,25,50,10266975
NIFTY-I.NFO,29/10/2024,09:32:57,24290.6,24287.05,25,24289.4,50,125,10266975
NIFTY-I.NFO,29/10/2024,09:32:59,24289.7,24287,50,24287.2,25,400,10266975
NIFTY-I.NFO,29/10/2024,09:33:00,24285.4,24285.35,525,24287.15,425,175,10266975
NIFTY-I.NFO,29/10/2024,09:33:02,24287.15,24285.55,175,24287.15,100,125,10266975
NIFTY-I.NFO,29/10/2024,09:33:04,24285.55,24286.95,25,24287.2,25,125,10266975
NIFTY-I.NFO,29/10/2024,09:33:05,24288.55,24285.6,100,24287.15,25,250,10266975
NIFTY-I.NFO,29/10/2024,09:33:07,24287.1,24285.7,75,24287.1,50,50,10266975
NIFTY-I.NFO,29/10/2024,09:33:09,24287.15,24285.7,75,24287.45,125,75,10266975
NIFTY-I.NFO,29/10/2024,09:33:10,24289.15,24285.9,175,24289.95,50,150,10266975
NIFTY-I.NFO,29/10/2024,09:33:12,24285.75,24285.7,75,24286.4,250,250,10266975
NIFTY-I.NFO,29/10/2024,09:33:13,24282.7,24285,25,24285.35,175,1400,10266975
NIFTY-I.NFO,29/10/2024,09:33:15,24285.2,24282.65,150,24284.55,175,125,10266975
NIFTY-I.NFO,29/10/2024,09:33:17,24284.55,24282.65,150,24284.55,150,50,10266975
NIFTY-I.NFO,29/10/2024,09:33:18,24284.55,24282,200,24284.55,25,475,10266975
NIFTY-I.NFO,29/10/2024,09:33:20,24285.75,24284.2,300,24288.6,50,200,10266975
NIFTY-I.NFO,29/10/2024,09:33:22,24288.6,24285.3,300,24288.6,25,50,10266975
NIFTY-I.NFO,29/10/2024,09:33:23,24287.9,24285.9,25,24288.6,75,25,10266975
NIFTY-I.NFO,29/10/2024,09:33:25,24288.6,24285.9,50,24288.6,50,50,10266975
NIFTY-I.NFO,29/10/2024,09:33:27,24284.6,24284.6,100,24288.05,500,350,10266975
NIFTY-I.NFO,29/10/2024,09:33:28,24287.4,24284.55,50,24287.2,625,25,10266975
NIFTY-I.NFO,29/10/2024,09:33:30,24285.7,24284.55,25,24285.7,50,150,10266975
NIFTY-I.NFO,29/10/2024,09:33:32,24285.7,24285,50,24285.7,25,100,10266975
NIFTY-I.NFO,29/10/2024,09:33:33,24285.75,24282.05,25,24285.65,250,375,10266975
NIFTY-I.NFO,29/10/2024,09:33:35,24285.95,24282,325,24286.05,25,175,10266975
NIFTY-I.NFO,29/10/2024,09:33:37,24282,24282,75,24284.65,250,650,10266975
NIFTY-I.NFO,29/10/2024,09:33:38,24281,24281,300,24285,25,100,10266975
NIFTY-I.NFO,29/10/2024,09:33:40,24281,24281,400,24284.3,125,0,10266975
NIFTY-I.NFO,29/10/2024,09:33:42,24281,24281,175,24283.7,1175,325,10266975
NIFTY-I.NFO,29/10/2024,09:33:43,24281,24281,275,24284.15,25,0,10266975
NIFTY-I.NFO,29/10/2024,09:33:45,24284.15,24281,275,24283.65,25,50,10266975
NIFTY-I.NFO,29/10/2024,09:33:47,24282.75,24280.05,100,24281,200,475,10266975
NIFTY-I.NFO,29/10/2024,09:33:48,24282.75,24280.05,100,24281,400,0,10266975
NIFTY-I.NFO,29/10/2024,09:33:50,24280.2,24280,25,24280.2,150,2725,10266975
NIFTY-I.NFO,29/10/2024,09:33:52,24278,24278,275,24280.2,275,750,10266975
NIFTY-I.NFO,29/10/2024,09:33:53,24278,24279.85,25,24280.2,275,0,10266975
NIFTY-I.NFO,29/10/2024,09:33:55,24278,24278,250,24280.15,175,250,10266975
NIFTY-I.NFO,29/10/2024,09:33:57,24280.15,24280.1,25,24280.15,150,125,10266975
NIFTY-I.NFO,29/10/2024,09:33:58,24280,24280,75,24280.1,25,750,10266975
NIFTY-I.NFO,29/10/2024,09:34:00,24275.05,24275,625,24276.7,250,375,10266975
NIFTY-I.NFO,29/10/2024,09:34:02,24275,24275,125,24275.05,25,800,10266975
NIFTY-I.NFO,29/10/2024,09:34:03,24280.15,24280.1,25,24280.15,50,325,10266975
NIFTY-I.NFO,29/10/2024,09:34:05,24281,24279.7,200,24281,75,175,10266975
NIFTY-I.NFO,29/10/2024,09:34:07,24282.75,24280.65,375,24283.2,50,200,10266975
NIFTY-I.NFO,29/10/2024,09:34:08,24279.9,24278.7,200,24283.05,50,825,10276375
NIFTY-I.NFO,29/10/2024,09:34:10,24278.5,24274.15,175,24278.2,25,75,10276375
NIFTY-I.NFO,29/10/2024,09:34:12,24279.6,24275.5,75,24279.45,125,75,10276375
NIFTY-I.NFO,29/10/2024,09:34:13,24279.35,24275.5,100,24278.5,25,150,10276375
NIFTY-I.NFO,29/10/2024,09:34:15,24278.5,24275.55,50,24277.55,25,375,10276375
NIFTY-I.NFO,29/10/2024,09:34:17,24278.5,24273.15,150,24277.65,75,200,10276375
NIFTY-I.NFO,29/10/2024,09:34:18,24277.6,24273.1,25,24277.65,400,200,10276375
NIFTY-I.NFO,29/10/2024,09:34:20,24273.1,24273.05,100,24276,25,325,10276375
NIFTY-I.NFO,29/10/2024,09:34:22,24274.75,24273.05,125,24275.6,175,50,10276375
NIFTY-I.NFO,29/10/2024,09:34:23,24275.6,24274.95,25,24275.6,75,100,10276375
NIFTY-I.NFO,29/10/2024,09:34:25,24274.95,24273,25,24274.95,25,500,10276375
NIFTY-I.NFO,29/10/2024,09:34:27,24273,24272,25,24274.85,25,375,10276375
NIFTY-I.NFO,29/10/2024,09:34:28,24273,24272,50,24273.45,250,125,10276375
NIFTY-I.NFO,29/10/2024,09:34:30,24270,24270,1175,24272.95,150,300,10276375
NIFTY-I.NFO,29/10/2024,09:34:32,24267.75,24267.65,275,24272.35,25,1500,10276375
NIFTY-I.NFO,29/10/2024,09:34:33,24272.35,24269.25,300,24272.35,50,300,10276375
NIFTY-I.NFO,29/10/2024,09:34:35,24270.05,24270.05,50,24272.35,50,25,10276375
NIFTY-I.NFO,29/10/2024,09:34:37,24273.9,24270.15,25,24273.9,150,125,10276375
NIFTY-I.NFO,29/10/2024,09:34:38,24273.4,24270.2,100,24273.5,75,125,10276375
NIFTY-I.NFO,29/10/2024,09:34:40,24267.75,24267.75,125,24269.35,25,150,10276375
NIFTY-I.NFO,29/10/2024,09:34:42,24267.25,24265.85,25,24267.05,25,350,10276375
NIFTY-I.NFO,29/10/2024,09:34:43,24267.45,24265,75,24267.2,75,400,10276375
NIFTY-I.NFO,29/10/2024,09:34:45,24262,24262.3,50,24267.2,300,350,10276375
NIFTY-I.NFO,29/10/2024,09:34:47,24264.95,24262.75,75,24265,100,100,10276375
NIFTY-I.NFO,29/10/2024,09:34:48,24263.05,24262.8,250,24265.05,25,525,10276375
NIFTY-I.NFO,29/10/2024,09:34:50,24265,24262.8,275,24266.8,25,250,10276375
NIFTY-I.NFO,29/10/2024,09:34:52,24266.8,24263.05,200,24268.25,25,2500,10276375
NIFTY-I.NFO,29/10/2024,09:34:53,24263.15,24268.15,25,24268.4,175,25,10276375
NIFTY-I.NFO,29/10/2024,09:34:55,24268.15,24266.8,125,24268.25,175,50,10276375
NIFTY-I.NFO,29/10/2024,09:34:57,24266.8,24265,25,24266.5,100,725,10276375
NIFTY-I.NFO,29/10/2024,09:34:59,24264.3,24264.3,125,24265.05,25,175,10276375
NIFTY-I.NFO,29/10/2024,09:35:00,24265.55,24265.5,225,24265.55,100,125,10276375
NIFTY-I.NFO,29/10/2024,09:35:02,24270,24266.15,300,24270.2,25,350,10276375
NIFTY-I.NFO,29/10/2024,09:35:04,24271.5,24268.3,150,24273.85,125,100,10276375
NIFTY-I.NFO,29/10/2024,09:35:05,24272.8,24272.8,225,24275.95,200,100,10276375
NIFTY-I.NFO,29/10/2024,09:35:07,24276.2,24272.8,225,24275.9,500,550,10276375
NIFTY-I.NFO,29/10/2024,09:35:09,24276.9,24272.8,175,24276.95,325,225,10276375
NIFTY-I.NFO,29/10/2024,09:35:10,24272.8,24272.8,125,24274.3,50,150,10276375
NIFTY-I.NFO,29/10/2024,09:35:12,24270,24268.2,25,24269.75,125,250,10276375
NIFTY-I.NFO,29/10/2024,09:35:13,24265.2,24265.05,50,24269.3,175,100,10276375
NIFTY-I.NFO,29/10/2024,09:35:15,24265,24265,300,24269.3,150,125,10276375
NIFTY-I.NFO,29/10/2024,09:35:17,24265,24265.05,50,24269.3,325,0,10276375
NIFTY-I.NFO,29/10/2024,09:35:18,24265,24264.95,75,24269.3,275,475,10276375
NIFTY-I.NFO,29/10/2024,09:35:20,24265.05,24265.05,475,24269.1,250,100,10276375
NIFTY-I.NFO,29/10/2024,09:35:22,24269.1,24265.25,225,24269.1,75,175,10276375
NIFTY-I.NFO,29/10/2024,09:35:23,24268.15,24265.15,250,24269.1,50,100,10276375
NIFTY-I.NFO,29/10/2024,09:35:25,24268.15,24265.1,200,24267.3,125,0,10276375
NIFTY-I.NFO,29/10/2024,09:35:27,24267.3,24268.45,25,24269.05,225,325,10276375
NIFTY-I.NFO,29/10/2024,09:35:28,24268.8,24267.3,75,24268.35,250,25,10276375
NIFTY-I.NFO,29/10/2024,09:35:30,24263,24265,50,24267.3,225,1525,10276375
NIFTY-I.NFO,29/10/2024,09:35:32,24262.3,24262,25,24264.9,375,125,10276375
NIFTY-I.NFO,29/10/2024,09:35:33,24264.85,24261,425,24264.85,125,175,10276375
NIFTY-I.NFO,29/10/2024,09:35:35,24261,24260.85,25,24264.5,250,450,10276375
NIFTY-I.NFO,29/10/2024,09:35:37,24263,24260.85,25,24261.95,525,25,10276375
NIFTY-I.NFO,29/10/2024,09:35:38,24257.75,24257.15,25,24259.45,200,2200,10276375
NIFTY-I.NFO,29/10/2024,09:35:40,24257,24256.85,375,24257.15,50,200,10276375
NIFTY-I.NFO,29/10/2024,09:35:42,24258,24256.3,100,24257.15,175,1475,10276375
NIFTY-I.NFO,29/10/2024,09:35:43,24255.05,24255,400,24255.9,175,1575,10276375
NIFTY-I.NFO,29/10/2024,09:35:43,24255.05,24255,400,24255.9,175,0,10276375
NIFTY-I.NFO,29/10/2024,09:35:45,24251.1,24251.1,50,24253.7,375,1175,10276375
NIFTY-I.NFO,29/10/2024,09:35:45,24251.1,24251.1,50,24253.7,375,0,10276375
NIFTY-I.NFO,29/10/2024,09:35:47,24250.1,24250.1,575,24253.65,175,3825,10276375
NIFTY-I.NFO,29/10/2024,09:35:47,24250.1,24250.1,575,24253.65,175,0,10276375
NIFTY-I.NFO,29/10/2024,09:35:48,24252,24250.1,2100,24252,75,350,10276375
NIFTY-I.NFO,29/10/2024,09:35:50,24250.1,24250.1,500,24252,125,2075,10276375
NIFTY-I.NFO,29/10/2024,09:35:52,24250.1,24251.25,50,24252,25,300,10276375
NIFTY-I.NFO,29/10/2024,09:35:53,24252.1,24252.1,25,24252.7,175,300,10276375
NIFTY-I.NFO,29/10/2024,09:35:55,24252.7,24252.7,975,24255,950,825,10276375
NIFTY-I.NFO,29/10/2024,09:35:57,24255,24252.7,350,24255,850,1150,10276375
NIFTY-I.NFO,29/10/2024,09:35:58,24255.35,24255,25,24256.25,175,2275,10276375
NIFTY-I.NFO,29/10/2024,09:36:00,24253.2,24250.1,150,24252,250,1400,10276375
NIFTY-I.NFO,29/10/2024,09:36:02,24240.3,24240.3,175,24241.9,925,39900,10276375
NIFTY-I.NFO,29/10/2024,09:36:02,24238.45,24240.3,175,24241.9,925,0,10276375
NIFTY-I.NFO,29/10/2024,09:36:03,24252.2,24246.7,75,24252.5,25,1525,10276375
NIFTY-I.NFO,29/10/2024,09:36:05,24250.4,24250.35,200,24255.9,25,125,10276375
NIFTY-I.NFO,29/10/2024,09:36:07,24251.6,24250.35,150,24256.8,100,250,10276375
NIFTY-I.NFO,29/10/2024,09:36:08,24250.1,24251.15,25,24254.85,1000,25,10276375
NIFTY-I.NFO,29/10/2024,09:36:10,24254.85,24250.75,25,24254.85,450,700,10276375
NIFTY-I.NFO,29/10/2024,09:36:12,24254.85,24251.05,25,24254.85,425,175,10276375
NIFTY-I.NFO,29/10/2024,09:36:13,24254.85,24252,250,24256.3,25,625,10276375
NIFTY-I.NFO,29/10/2024,09:36:15,24250.6,24250.1,600,24254.85,25,550,10276375
NIFTY-I.NFO,29/10/2024,09:36:17,24254.8,24250.3,250,24254.9,25,375,10276375
NIFTY-I.NFO,29/10/2024,09:36:18,24252.5,24252.5,25,24254.6,500,550,10276375
NIFTY-I.NFO,29/10/2024,09:36:20,24253.6,24251,50,24253.95,250,350,10276375
NIFTY-I.NFO,29/10/2024,09:36:22,24250,24250,1275,24252.5,450,425,10276375
NIFTY-I.NFO,29/10/2024,09:36:23,24251.75,24250,1200,24251.75,150,650,10276375
NIFTY-I.NFO,29/10/2024,09:36:25,24251.4,24250.05,50,24251.4,50,700,10276375
NIFTY-I.NFO,29/10/2024,09:36:27,24251.4,24250,1225,24252,100,125,10276375
NIFTY-I.NFO,29/10/2024,09:36:28,24250,24250,1475,24252,75,75,10276375
NIFTY-I.NFO,29/10/2024,09:36:30,24252,24253.1,25,24253.85,25,250,10276375
NIFTY-I.NFO,29/10/2024,09:36:32,24249.7,24245,400,24249.7,175,1900,10276375
NIFTY-I.NFO,29/10/2024,09:36:33,24249.7,24245.45,225,24249.7,125,0,10276375
NIFTY-I.NFO,29/10/2024,09:36:35,24249.7,24247.15,100,24249.7,75,75,10276375
NIFTY-I.NFO,29/10/2024,09:36:37,24250,24249.7,25,24250,800,225,10276375
NIFTY-I.NFO,29/10/2024,09:36:38,24250,24247.15,75,24250,675,225,10276375
NIFTY-I.NFO,29/10/2024,09:36:40,24250.8,24245,350,24250.05,25,1425,10276375
NIFTY-I.NFO,29/10/2024,09:36:42,24249.55,24245,250,24249,50,100,10276375
NIFTY-I.NFO,29/10/2024,09:36:43,24245,24245,125,24249.3,200,375,10276375
NIFTY-I.NFO,29/10/2024,09:36:45,24247.55,24243.25,25,24247.45,75,300,10276375
NIFTY-I.NFO,29/10/2024,09:36:47,24247.5,24245.1,600,24248.4,125,150,10276375
NIFTY-I.NFO,29/10/2024,09:36:48,24243.05,24238.8,25,24241.25,25,7625,10276375
NIFTY-I.NFO,29/10/2024,09:36:48,24236.05,24238.8,25,24241.25,25,0,10276375
NIFTY-I.NFO,29/10/2024,09:36:50,24242.35,24242.1,50,24244.85,175,350,10276375
NIFTY-I.NFO,29/10/2024,09:36:52,24244.85,24243.85,225,24244.85,75,125,10276375
NIFTY-I.NFO,29/10/2024,09:36:53,24244.95,24245.25,300,24249.15,25,350,10276375
NIFTY-I.NFO,29/10/2024,09:36:55,24244.15,24240.35,125,24245.6,250,1550,10276375
NIFTY-I.NFO,29/10/2024,09:36:57,24246.2,24241.05,25,24246.4,250,175,10276375
NIFTY-I.NFO,29/10/2024,09:36:58,24242.95,24243.65,150,24247,25,450,10276375
NIFTY-I.NFO,29/10/2024,09:37:00,24244.85,24244.85,25,24248.35,50,175,10276375
NIFTY-I.NFO,29/10/2024,09:37:02,24241,24240.05,525,24241.85,500,425,10276375
NIFTY-I.NFO,29/10/2024,09:37:03,24241.6,24242.1,50,24247.45,25,5450,10276375
NIFTY-I.NFO,29/10/2024,09:37:03,24232.4,24242.1,50,24247.45,25,0,10276375
NIFTY-I.NFO,29/10/2024,09:37:05,24238.05,24238,100,24241.95,25,650,10276375
NIFTY-I.NFO,29/10/2024,09:37:07,24242.55,24241.6,25,24242.55,50,225,10276375
NIFTY-I.NFO,29/10/2024,09:37:08,24242.85,24242.9,150,24244.85,25,375,10306550
NIFTY-I.NFO,29/10/2024,09:37:10,24245.25,24240.85,150,24240.9,25,200,10306550
NIFTY-I.NFO,29/10/2024,09:37:12,24243.35,24240.9,125,24243.9,125,150,10306550
NIFTY-I.NFO,29/10/2024,09:37:13,24242.95,24236.5,100,24242.1,200,625,10306550
NIFTY-I.NFO,29/10/2024,09:37:15,24240.05,24236.5,100,24240.3,75,300,10306550
NIFTY-I.NFO,29/10/2024,09:37:17,24240.65,24236.5,75,24240.65,125,925,10306550
NIFTY-I.NFO,29/10/2024,09:37:18,24240.05,24237.2,25,24240.9,150,475,10306550
NIFTY-I.NFO,29/10/2024,09:37:20,24237.8,24238.2,75,24240.9,50,350,10306550
NIFTY-I.NFO,29/10/2024,09:37:22,24242.85,24240,50,24240.9,25,200,10306550
NIFTY-I.NFO,29/10/2024,09:37:23,24233.75,24234.25,300,24240.65,275,1850,10306550
NIFTY-I.NFO,29/10/2024,09:37:25,24234.4,24234.55,100,24240.35,175,875,10306550
NIFTY-I.NFO,29/10/2024,09:37:27,24240.35,24236.35,200,24240.6,25,400,10306550
NIFTY-I.NFO,29/10/2024,09:37:28,24242,24236.45,200,24242,50,550,10306550
NIFTY-I.NFO,29/10/2024,09:37:30,24237,24237,100,24242.1,125,125,10306550
NIFTY-I.NFO,29/10/2024,09:37:32,24243.1,24240.15,50,24242.8,25,175,10306550
NIFTY-I.NFO,29/10/2024,09:37:33,24238.5,24239.15,150,24243.75,150,350,10306550
NIFTY-I.NFO,29/10/2024,09:37:35,24244,24244,175,24245,150,775,10306550
NIFTY-I.NFO,29/10/2024,09:37:37,24240.05,24237.45,25,24242.8,125,125,10306550
NIFTY-I.NFO,29/10/2024,09:37:38,24243,24239.85,200,24244.95,25,800,10306550
NIFTY-I.NFO,29/10/2024,09:37:40,24240.4,24240.1,25,24245,250,175,10306550
NIFTY-I.NFO,29/10/2024,09:37:42,24240,24239.55,25,24244,250,100,10306550
NIFTY-I.NFO,29/10/2024,09:37:43,24244.95,24242.1,200,24244.95,150,325,10306550
NIFTY-I.NFO,29/10/2024,09:37:45,24248.8,24245.95,75,24248.8,100,900,10306550
NIFTY-I.NFO,29/10/2024,09:37:47,24249.85,24247.9,25,24254,25,1100,10306550
NIFTY-I.NFO,29/10/2024,09:37:48,24255,24249.95,25,24254.85,50,150,10306550
NIFTY-I.NFO,29/10/2024,09:37:50,24254,24249.1,25,24254.85,200,1000,10306550
NIFTY-I.NFO,29/10/2024,09:37:52,24255.6,24249.45,200,24255.75,200,250,10306550
NIFTY-I.NFO,29/10/2024,09:37:53,24250.55,24250.05,25,24254.8,25,400,10306550
NIFTY-I.NFO,29/10/2024,09:37:55,24250.55,24250.15,25,24254.9,100,25,10306550
NIFTY-I.NFO,29/10/2024,09:37:57,24254.9,24254.25,25,24255,775,150,10306550
NIFTY-I.NFO,29/10/2024,09:37:58,24255,24251.55,25,24255,675,175,10306550
NIFTY-I.NFO,29/10/2024,09:38:00,24254.25,24254.45,25,24255,600,125,10306550
NIFTY-I.NFO,29/10/2024,09:38:02,24254.85,24250.25,25,24255,600,500,10306550
NIFTY-I.NFO,29/10/2024,09:38:03,24250.3,24251,500,24255,575,300,10306550
NIFTY-I.NFO,29/10/2024,09:38:05,24255,24251,575,24255,150,500,10306550
NIFTY-I.NFO,29/10/2024,09:38:07,24251,24251,100,24252.8,200,425,10306550
NIFTY-I.NFO,29/10/2024,09:38:08,24245.2,24245.95,150,24250.15,25,225,10306550
NIFTY-I.NFO,29/10/2024,09:38:10,24249.1,24247.65,25,24252.8,100,50,10306550
NIFTY-I.NFO,29/10/2024,09:38:12,24250.3,24252.8,25,24253.45,100,50,10306550
NIFTY-I.NFO,29/10/2024,09:38:13,24254.95,24252.8,125,24254.6,300,275,10306550
NIFTY-I.NFO,29/10/2024,09:38:15,24254.55,24252.8,100,24254.65,275,125,10306550
NIFTY-I.NFO,29/10/2024,09:38:17,24253.8,24252.8,25,24253.45,25,175,10306550
NIFTY-I.NFO,29/10/2024,09:38:18,24254.75,24252.8,50,24254.65,150,125,10306550
NIFTY-I.NFO,29/10/2024,09:38:20,24250.15,24250.15,100,24253.15,75,300,10306550
NIFTY-I.NFO,29/10/2024,09:38:22,24244,24243.2,150,24249.7,200,1125,10306550
NIFTY-I.NFO,29/10/2024,09:38:23,24249.15,24243.95,25,24249.8,100,725,10306550
NIFTY-I.NFO,29/10/2024,09:38:25,24249.75,24247.2,25,24251.15,150,175,10306550
NIFTY-I.NFO,29/10/2024,09:38:27,24250.85,24243.55,25,24249.4,275,75,10306550
NIFTY-I.NFO,29/10/2024,09:38:28,24249.1,24243.5,25,24249.1,175,150,10306550
NIFTY-I.NFO,29/10/2024,09:38:30,24249.1,24243,25,24248.15,25,150,10306550
NIFTY-I.NFO,29/10/2024,09:38:32,24250.25,24243.75,25,24249.5,50,525,10306550
NIFTY-I.NFO,29/10/2024,09:38:33,24250.2,24244.8,125,24251.25,200,250,10306550
NIFTY-I.NFO,29/10/2024,09:38:35,24244.45,24244.9,75,24249,50,150,10306550
NIFTY-I.NFO,29/10/2024,09:38:37,24244.45,24247.4,25,24249,50,0,10306550
NIFTY-I.NFO,29/10/2024,09:38:38,24249,24247.3,125,24250.75,25,525,10306550
NIFTY-I.NFO,29/10/2024,09:38:40,24250.15,24251.25,125,24253.5,25,775,10306550
NIFTY-I.NFO,29/10/2024,09:38:42,24254.9,24250.05,25,24254.9,1075,75,10306550
NIFTY-I.NFO,29/10/2024,09:38:43,24251.8,24251.15,25,24254.9,975,125,10306550
NIFTY-I.NFO,29/10/2024,09:38:45,24250.7,24250.35,25,24254.9,975,75,10306550
NIFTY-I.NFO,29/10/2024,09:38:47,24250.7,24250.05,25,24253.4,150,0,10306550
NIFTY-I.NFO,29/10/2024,09:38:48,24253.1,24250.1,25,24252.35,200,325,10306550
NIFTY-I.NFO,29/10/2024,09:38:50,24252.3,24250.15,25,24253.5,50,250,10306550
NIFTY-I.NFO,29/10/2024,09:38:52,24250.85,24250.8,50,24254,75,525,10306550
NIFTY-I.NFO,29/10/2024,09:38:53,24253.45,24252.85,25,24253.45,750,75,10306550
NIFTY-I.NFO,29/10/2024,09:38:55,24250,24250,100,24253.45,675,575,10306550
NIFTY-I.NFO,29/10/2024,09:38:57,24254,24254,25,24254.5,150,350,10306550
NIFTY-I.NFO,29/10/2024,09:38:58,24257.6,24257.45,25,24258,200,5300,10306550
NIFTY-I.NFO,29/10/2024,09:39:00,24256,24256,5400,24259.8,25,200,10306550
NIFTY-I.NFO,29/10/2024,09:39:02,24256.05,24256,5400,24259.45,125,25,10306550
NIFTY-I.NFO,29/10/2024,09:39:03,24259.2,24256,5375,24259.4,200,200,10306550
NIFTY-I.NFO,29/10/2024,09:39:05,24256.8,24256,5175,24256.75,125,225,10306550
NIFTY-I.NFO,29/10/2024,09:39:07,24256.75,24256,5150,24257.4,50,125,10306550
NIFTY-I.NFO,29/10/2024,09:39:08,24256,24256,4700,24256.05,100,500,10306550
NIFTY-I.NFO,29/10/2024,09:39:10,24256,24256,4550,24259,250,550,10306550
NIFTY-I.NFO,29/10/2024,09:39:12,24256,24256,4475,24259,250,75,10306550
NIFTY-I.NFO,29/10/2024,09:39:13,24256.7,24256,4375,24256.4,350,250,10306550
NIFTY-I.NFO,29/10/2024,09:39:15,24253,24252.5,100,24254.85,50,4400,10306550
NIFTY-I.NFO,29/10/2024,09:39:17,24254.85,24252.5,75,24255.45,175,125,10306550
NIFTY-I.NFO,29/10/2024,09:39:18,24252.5,24252.55,25,24254.55,125,25,10306550
NIFTY-I.NFO,29/10/2024,09:39:20,24254.55,24252.5,50,24254.35,125,200,10306550
NIFTY-I.NFO,29/10/2024,09:39:22,24253.85,24252.5,50,24253.75,25,75,10306550
NIFTY-I.NFO,29/10/2024,09:39:23,24251.6,24250.05,25,24251.7,25,150,10306550
NIFTY-I.NFO,29/10/2024,09:39:25,24251.5,24250,500,24251,150,700,10306550
NIFTY-I.NFO,29/10/2024,09:39:27,24248.2,24246,100,24248.2,200,625,10306550
NIFTY-I.NFO,29/10/2024,09:39:28,24241.6,24241.85,25,24247.9,75,6375,10306550
NIFTY-I.NFO,29/10/2024,09:39:30,24248.5,24242.55,200,24248.6,50,350,10306550
NIFTY-I.NFO,29/10/2024,09:39:32,24244.2,24240.4,75,24244.5,250,100,10306550
NIFTY-I.NFO,29/10/2024,09:39:33,24244.2,24244.6,25,24245.8,125,0,10306550
NIFTY-I.NFO,29/10/2024,09:39:35,24244.8,24240,250,24244.85,150,425,10306550
NIFTY-I.NFO,29/10/2024,09:39:37,24244.35,24240,250,24243.95,25,125,10306550
NIFTY-I.NFO,29/10/2024,09:39:38,24240,24241,50,24243.9,25,75,10306550
NIFTY-I.NFO,29/10/2024,09:39:40,24240,24240.1,125,24245,25,1175,10306550
NIFTY-I.NFO,29/10/2024,09:39:42,24239.35,24239.8,25,24244.7,25,1400,10306550
NIFTY-I.NFO,29/10/2024,09:39:43,24240,24237,25,24240,50,2800,10306550
NIFTY-I.NFO,29/10/2024,09:39:45,24237,24236,100,24237,25,375,10306550
NIFTY-I.NFO,29/10/2024,09:39:47,24239.95,24238.25,25,24240,300,375,10306550
NIFTY-I.NFO,29/10/2024,09:39:48,24238.25,24237.55,150,24240,50,375,10306550
NIFTY-I.NFO,29/10/2024,09:39:50,24239.75,24238.2,25,24240,25,550,10306550
NIFTY-I.NFO,29/10/2024,09:39:52,24238.2,24235.1,50,24240,150,150,10306550
NIFTY-I.NFO,29/10/2024,09:39:53,24239.8,24235.15,25,24239.8,150,250,10306550
NIFTY-I.NFO,29/10/2024,09:39:55,24235.15,24234.05,50,24238.95,150,900,10306550
NIFTY-I.NFO,29/10/2024,09:39:57,24234.15,24234.15,25,24238.25,250,425,10306550
NIFTY-I.NFO,29/10/2024,09:39:58,24234.15,24234.75,200,24239.8,50,400,10306550
NIFTY-I.NFO,29/10/2024,09:40:00,24235.35,24235.35,75,24239.95,125,175,10306550
NIFTY-I.NFO,29/10/2024,09:40:02,24237.35,24233,125,24237.7,50,725,10306550
NIFTY-I.NFO,29/10/2024,09:40:03,24235.4,24229,50,24235.5,50,8350,10306550
NIFTY-I.NFO,29/10/2024,09:40:03,24227.5,24229,50,24235.5,50,0,10306550
NIFTY-I.NFO,29/10/2024,09:40:05,24238,24232.3,25,24236.4,25,1275,10306550
NIFTY-I.NFO,29/10/2024,09:40:07,24233.6,24236.4,25,24239.75,50,675,10306550
NIFTY-I.NFO,29/10/2024,09:40:08,24236.4,24233.25,25,24236.4,25,150,10323875
NIFTY-I.NFO,29/10/2024,09:40:10,24236.4,24235,25,24239.75,150,350,10323875
NIFTY-I.NFO,29/10/2024,09:40:12,24235.4,24235.85,25,24239.75,25,225,10323875
NIFTY-I.NFO,29/10/2024,09:40:13,24235.85,24234.25,150,24235.85,25,1400,10323875
NIFTY-I.NFO,29/10/2024,09:40:15,24236.2,24236.05,25,24241.35,200,1200,10323875
NIFTY-I.NFO,29/10/2024,09:40:17,24237.4,24237.1,25,24240,150,425,10323875
NIFTY-I.NFO,29/10/2024,09:40:18,24240,24239.55,100,24242.2,25,4025,10323875
NIFTY-I.NFO,29/10/2024,09:40:20,24244.7,24240.4,100,24245,150,150,10323875
NIFTY-I.NFO,29/10/2024,09:40:22,24245.8,24242.4,25,24245.85,25,350,10323875
NIFTY-I.NFO,29/10/2024,09:40:23,24248.85,24244.3,25,24245,1325,150,10323875
NIFTY-I.NFO,29/10/2024,09:40:25,24244.85,24242.5,75,24248.3,275,1800,10323875
NIFTY-I.NFO,29/10/2024,09:40:27,24243.4,24244,25,24249.3,100,575,10323875
NIFTY-I.NFO,29/10/2024,09:40:28,24249.1,24243.2,50,24249.5,25,50,10323875
NIFTY-I.NFO,29/10/2024,09:40:30,24249.7,24245,100,24250,500,375,10323875
NIFTY-I.NFO,29/10/2024,09:40:32,24250,24245.25,25,24250,425,100,10323875
NIFTY-I.NFO,29/10/2024,09:40:33,24245,24245,50,24250,450,100,10323875
NIFTY-I.NFO,29/10/2024,09:40:35,24250,24245.4,50,24251.2,125,500,10323875
NIFTY-I.NFO,29/10/2024,09:40:37,24251.95,24245.95,50,24251.9,25,225,10323875
NIFTY-I.NFO,29/10/2024,09:40:38,24245.65,24245.65,450,24247.1,50,175,10323875
NIFTY-I.NFO,29/10/2024,09:40:40,24247.1,24245.65,375,24247.1,125,100,10323875
NIFTY-I.NFO,29/10/2024,09:40:42,24243,24242.2,50,24243.5,25,500,10323875
NIFTY-I.NFO,29/10/2024,09:40:43,24242.5,24240,100,24241.65,25,100,10323875
NIFTY-I.NFO,29/10/2024,09:40:45,24240,24240,50,24241.7,25,50,10323875
NIFTY-I.NFO,29/10/2024,09:40:47,24243.3,24242,25,24243.7,25,50,10323875
NIFTY-I.NFO,29/10/2024,09:40:48,24247.95,24243.55,150,24248.25,25,250,10323875
NIFTY-I.NFO,29/10/2024,09:40:50,24248.25,24247,25,24250,175,50,10323875
NIFTY-I.NFO,29/10/2024,09:40:52,24247.95,24247,50,24250,75,600,10323875
NIFTY-I.NFO,29/10/2024,09:40:53,24250,24251.65,25,24252.5,125,675,10323875
NIFTY-I.NFO,29/10/2024,09:40:55,24252.5,24247.55,50,24250,50,25,10323875
NIFTY-I.NFO,29/10/2024,09:40:57,24250,24250,400,24253.05,50,75,10323875
NIFTY-I.NFO,29/10/2024,09:40:58,24250,24250,125,24252.85,275,450,10323875
NIFTY-I.NFO,29/10/2024,09:41:00,24250,24247,75,24250.85,100,125,10323875
NIFTY-I.NFO,29/10/2024,09:41:02,24247,24247,75,24249.95,125,50,10323875
NIFTY-I.NFO,29/10/2024,09:41:03,24248.05,24247,25,24248.25,125,100,10323875
NIFTY-I.NFO,29/10/2024,09:41:05,24246.35,24245,75,24246.15,125,425,10323875
NIFTY-I.NFO,29/10/2024,09:41:07,24240,24240,350,24245.05,25,225,10323875
NIFTY-I.NFO,29/10/2024,09:41:08,24243.7,24240,100,24244.75,75,275,10323875
NIFTY-I.NFO,29/10/2024,09:41:10,24244.3,24238.45,200,24244.7,275,250,10323875
NIFTY-I.NFO,29/10/2024,09:41:12,24238.45,24237.05,150,24243.25,150,125,10323875
NIFTY-I.NFO,29/10/2024,09:41:13,24240,24236,25,24240.3,350,175,10323875
NIFTY-I.NFO,29/10/2024,09:41:15,24235.15,24234.7,100,24239.95,275,475,10323875
NIFTY-I.NFO,29/10/2024,09:41:17,24239.95,24235.2,225,24239.95,125,425,10323875
NIFTY-I.NFO,29/10/2024,09:41:18,24239.95,24236.7,50,24239.95,25,275,10323875
NIFTY-I.NFO,29/10/2024,09:41:20,24239.95,24237.15,25,24239.95,100,250,10323875
NIFTY-I.NFO,29/10/2024,09:41:22,24239.9,24237.2,25,24239.9,50,125,10323875
NIFTY-I.NFO,29/10/2024,09:41:23,24243.35,24240.65,100,24244.35,150,525,10323875
NIFTY-I.NFO,29/10/2024,09:41:25,24248.3,24245.1,150,24247.25,175,275,10323875
NIFTY-I.NFO,29/10/2024,09:41:27,24245.1,24239.15,75,24244.2,125,225,10323875
NIFTY-I.NFO,29/10/2024,09:41:28,24244.2,24240,75,24244.2,75,50,10323875
NIFTY-I.NFO,29/10/2024,09:41:30,24244.2,24240,25,24244.35,100,200,10323875
NIFTY-I.NFO,29/10/2024,09:41:32,24238.8,24239,150,24245,25,150,10323875
NIFTY-I.NFO,29/10/2024,09:41:33,24238,24237.7,100,24244.05,200,50,10323875
NIFTY-I.NFO,29/10/2024,09:41:35,24237.95,24237.7,25,24243.25,50,275,10323875
NIFTY-I.NFO,29/10/2024,09:41:37,24237.3,24239.5,25,24245.1,25,100,10323875
NIFTY-I.NFO,29/10/2024,09:41:38,24237.3,24239.5,25,24243.9,25,0,10323875
NIFTY-I.NFO,29/10/2024,09:41:40,24243.5,24238,25,24238.45,150,100,10323875
NIFTY-I.NFO,29/10/2024,09:41:42,24238.45,24238,50,24238.45,125,100,10323875
NIFTY-I.NFO,29/10/2024,09:41:43,24234.9,24232,25,24235.8,25,300,10323875
NIFTY-I.NFO,29/10/2024,09:41:45,24232.5,24233.05,275,24238,100,475,10323875
NIFTY-I.NFO,29/10/2024,09:41:47,24235,24234.4,200,24238,100,125,10323875
NIFTY-I.NFO,29/10/2024,09:41:48,24238.45,24235.3,350,24238.45,100,1000,10323875
NIFTY-I.NFO,29/10/2024,09:41:50,24235.35,24234.55,150,24239.9,25,100,10323875
NIFTY-I.NFO,29/10/2024,09:41:52,24235.35,24232.8,25,24235.8,50,0,10323875
NIFTY-I.NFO,29/10/2024,09:41:53,24237.5,24232.8,50,24236.15,200,100,10323875
NIFTY-I.NFO,29/10/2024,09:41:55,24237.35,24235,25,24237,25,25,10323875
NIFTY-I.NFO,29/10/2024,09:41:57,24237,24235,75,24235.8,600,700,10323875
NIFTY-I.NFO,29/10/2024,09:41:58,24235.8,24235.6,25,24235.8,450,600,10323875
NIFTY-I.NFO,29/10/2024,09:42:00,24231.7,24231,50,24235.75,300,525,10323875
NIFTY-I.NFO,29/10/2024,09:42:02,24231,24231,50,24231.7,100,75,10323875
NIFTY-I.NFO,29/10/2024,09:42:03,24231.7,24231.55,25,24231.7,250,50,10323875
NIFTY-I.NFO,29/10/2024,09:42:05,24231.7,24230,450,24231.7,225,575,10323875
NIFTY-I.NFO,29/10/2024,09:42:07,24232.2,24230,425,24232.85,150,550,10323875
NIFTY-I.NFO,29/10/2024,09:42:08,24232.2,24231,50,24233.4,150,0,10323875
NIFTY-I.NFO,29/10/2024,09:42:10,24233.5,24233.4,50,24234,25,125,10323875
NIFTY-I.NFO,29/10/2024,09:42:12,24234,24234,25,24234.8,550,175,10323875
NIFTY-I.NFO,29/10/2024,09:42:13,24230.55,24231.4,50,24233.95,25,1850,10323875
NIFTY-I.NFO,29/10/2024,09:42:15,24233,24232.35,50,24234.8,425,125,10323875
NIFTY-I.NFO,29/10/2024,09:42:17,24233,24233,50,24235.75,50,1250,10323875
NIFTY-I.NFO,29/10/2024,09:42:18,24237.85,24233,25,24237.55,150,500,10323875
NIFTY-I.NFO,29/10/2024,09:42:20,24239.65,24233.05,25,24239.4,200,225,10323875
NIFTY-I.NFO,29/10/2024,09:42:22,24233.85,24235.75,50,24239.65,50,625,10323875
NIFTY-I.NFO,29/10/2024,09:42:23,24238.7,24235.75,50,24239.25,200,1250,10323875
NIFTY-I.NFO,29/10/2024,09:42:25,24234.75,24233,25,24234.05,200,175,10323875
NIFTY-I.NFO,29/10/2024,09:42:27,24233.8,24233,25,24234,200,75,10323875
NIFTY-I.NFO,29/10/2024,09:42:28,24233.95,24232.55,25,24233.95,75,600,10323875
NIFTY-I.NFO,29/10/2024,09:42:30,24233.95,24232.55,25,24234.9,125,75,10323875
NIFTY-I.NFO,29/10/2024,09:42:32,24231.5,24233.95,50,24234.8,300,125,10323875
NIFTY-I.NFO,29/10/2024,09:42:33,24231.5,24230,575,24232.55,75,175,10323875
NIFTY-I.NFO,29/10/2024,09:42:35,24232.5,24230,575,24232.9,25,25,10323875
NIFTY-I.NFO,29/10/2024,09:42:37,24230,24230,450,24232.5,25,150,10323875
NIFTY-I.NFO,29/10/2024,09:42:38,24234.1,24230.1,150,24235,25,50,10323875
NIFTY-I.NFO,29/10/2024,09:42:40,24233.75,24230,450,24233.25,25,700,10323875
NIFTY-I.NFO,29/10/2024,09:42:42,24233,24230,250,24231.5,200,875,10323875
NIFTY-I.NFO,29/10/2024,09:42:43,24230,24230,200,24230.3,50,50,10323875
NIFTY-I.NFO,29/10/2024,09:42:45,24227.8,24225.05,50,24228.05,50,1425,10323875
NIFTY-I.NFO,29/10/2024,09:42:45,24225.05,24225.05,50,24228.05,50,0,10323875
NIFTY-I.NFO,29/10/2024,09:42:47,24228.05,24225.05,200,24228.05,175,500,10323875
NIFTY-I.NFO,29/10/2024,09:42:47,24225,24225.05,200,24228.05,175,0,10323875
NIFTY-I.NFO,29/10/2024,09:42:48,24226.65,24226.4,25,24228.05,125,425,10323875
NIFTY-I.NFO,29/10/2024,09:42:50,24236.05,24230.55,50,24235.8,50,725,10323875
NIFTY-I.NFO,29/10/2024,09:42:52,24231.95,24232,300,24236.35,50,50,10323875
NIFTY-I.NFO,29/10/2024,09:42:53,24233.9,24233,200,24239.3,150,225,10323875
NIFTY-I.NFO,29/10/2024,09:42:55,24236.75,24230.05,225,24236.45,125,75,10323875
NIFTY-I.NFO,29/10/2024,09:42:57,24238.75,24232.8,200,24239,50,325,10323875
NIFTY-I.NFO,29/10/2024,09:42:58,24235.35,24230.1,25,24236.1,225,25,10323875
NIFTY-I.NFO,29/10/2024,09:43:00,24237.4,24230.05,25,24235.45,50,75,10323875
NIFTY-I.NFO,29/10/2024,09:43:02,24235.35,24235.35,50,24237.15,100,50,10323875
NIFTY-I.NFO,29/10/2024,09:43:03,24233,24233.85,300,24237.3,25,375,10323875
NIFTY-I.NFO,29/10/2024,09:43:05,24239.9,24234.1,200,24240,625,125,10323875
NIFTY-I.NFO,29/10/2024,09:43:07,24239.9,24233.9,50,24238.2,100,0,10323875
NIFTY-I.NFO,29/10/2024,09:43:08,24239.65,24237.3,200,24239.1,25,50,10323875
NIFTY-I.NFO,29/10/2024,09:43:10,24237.9,24237.3,175,24238.8,25,50,10324825
NIFTY-I.NFO,29/10/2024,09:43:12,24233.9,24234.15,300,24237.3,25,275,10324825
NIFTY-I.NFO,29/10/2024,09:43:13,24234.05,24233.9,25,24237.3,25,25,10324825
NIFTY-I.NFO,29/10/2024,09:43:15,24234.05,24235.85,25,24237.3,225,0,10324825
NIFTY-I.NFO,29/10/2024,09:43:17,24236.3,24233.9,25,24236.2,125,75,10324825
NIFTY-I.NFO,29/10/2024,09:43:18,24236.15,24233,1050,24236.15,225,775,10324825
NIFTY-I.NFO,29/10/2024,09:43:20,24236.15,24233.8,225,24236.15,50,25,10324825
NIFTY-I.NFO,29/10/2024,09:43:22,24237.3,24237.35,200,24239,300,150,10324825
NIFTY-I.NFO,29/10/2024,09:43:23,24240,24236.1,200,24240,400,450,10324825
NIFTY-I.NFO,29/10/2024,09:43:25,24240,24235,75,24239.65,50,400,10324825
NIFTY-I.NFO,29/10/2024,09:43:27,24235.2,24235.05,200,24240,400,125,10324825
NIFTY-I.NFO,29/10/2024,09:43:28,24240,24236.2,225,24240,375,50,10324825
NIFTY-I.NFO,29/10/2024,09:43:30,24240,24236.5,225,24240,225,450,10324825
NIFTY-I.NFO,29/10/2024,09:43:32,24240,24236.85,150,24240,325,0,10324825
NIFTY-I.NFO,29/10/2024,09:43:33,24236.2,24236.6,175,24240,225,50,10324825
NIFTY-I.NFO,29/10/2024,09:43:35,24240,24236.2,25,24240,300,275,10324825
NIFTY-I.NFO,29/10/2024,09:43:37,24236.15,24236.15,100,24240,250,150,10324825
NIFTY-I.NFO,29/10/2024,09:43:38,24236.15,24237.3,25,24240,250,0,10324825
NIFTY-I.NFO,29/10/2024,09:43:40,24240,24240,500,24243,100,150,10324825
NIFTY-I.NFO,29/10/2024,09:43:42,24240,24240,450,24243,100,125,10324825
NIFTY-I.NFO,29/10/2024,09:43:43,24242,24240,375,24243,75,125,10324825
NIFTY-I.NFO,29/10/2024,09:43:45,24243,24240,375,24243,50,25,10324825
NIFTY-I.NFO,29/10/2024,09:43:47,24243,24240,250,24244.6,200,225,10324825
NIFTY-I.NFO,29/10/2024,09:43:48,24244.6,24242,100,24244.6,175,75,10324825
NIFTY-I.NFO,29/10/2024,09:43:50,24242,24242,75,24243.65,25,125,10324825
NIFTY-I.NFO,29/10/2024,09:43:52,24242.5,24240,325,24243.65,75,150,10324825
NIFTY-I.NFO,29/10/2024,09:43:53,24242.7,24240,300,24243.65,75,25,10324825
NIFTY-I.NFO,29/10/2024,09:43:55,24243.65,24240,450,24243.65,25,75,10324825
NIFTY-I.NFO,29/10/2024,09:43:57,24242.5,24240,475,24243.2,50,425,10324825
NIFTY-I.NFO,29/10/2024,09:43:58,24241.7,24240,450,24242.7,25,250,10324825
NIFTY-I.NFO,29/10/2024,09:44:00,24240.65,24240,425,24240.9,50,925,10324825
NIFTY-I.NFO,29/10/2024,09:44:02,24235,24233,1075,24236.25,50,650,10324825
NIFTY-I.NFO,29/10/2024,09:44:04,24236.95,24233,1075,24237.65,50,275,10324825
NIFTY-I.NFO,29/10/2024,09:44:05,24239.4,24233.25,50,24239.35,150,4025,10324825
NIFTY-I.NFO,29/10/2024,09:44:07,24233,24233,1125,24235.05,25,675,10324825
NIFTY-I.NFO,29/10/2024,09:44:09,24238.2,24233,1025,24234.25,750,50,10324825
NIFTY-I.NFO,29/10/2024,09:44:10,24238.2,24233,1225,24234.2,25,675,10324825
NIFTY-I.NFO,29/10/2024,09:44:12,24234.25,24233,1200,24234.25,675,700,10324825
NIFTY-I.NFO,29/10/2024,09:44:14,24234.25,24233,1400,24234.25,600,100,10324825
NIFTY-I.NFO,29/10/2024,09:44:15,24234.25,24233,1250,24234.25,400,475,10324825
NIFTY-I.NFO,29/10/2024,09:44:17,24233,24233.05,200,24234.25,325,450,10324825
NIFTY-I.NFO,29/10/2024,09:44:19,24234.25,24233,1075,24234.25,200,125,10324825
NIFTY-I.NFO,29/10/2024,09:44:20,24233,24233,1150,24234.25,175,100,10324825
NIFTY-I.NFO,29/10/2024,09:44:22,24234.25,24233,1175,24234.25,150,25,10324825
NIFTY-I.NFO,29/10/2024,09:44:24,24234.35,24235.05,200,24237.5,25,200,10324825
NIFTY-I.NFO,29/10/2024,09:44:25,24240,24241.85,200,24247.9,50,475,10324825
NIFTY-I.NFO,29/10/2024,09:44:27,24242.4,24242.4,300,24248.4,25,175,10324825
NIFTY-I.NFO,29/10/2024,09:44:29,24241.5,24238.85,25,24244.35,50,175,10324825
NIFTY-I.NFO,29/10/2024,09:44:30,24241.5,24242.3,25,24243,125,0,10324825
NIFTY-I.NFO,29/10/2024,09:44:32,24246.7,24242,300,24248.3,175,100,10324825
NIFTY-I.NFO,29/10/2024,09:44:34,24243.4,24242,200,24248.1,25,225,10324825
NIFTY-I.NFO,29/10/2024,09:44:35,24243.4,24240.8,200,24247.1,175,50,10324825
NIFTY-I.NFO,29/10/2024,09:44:37,24247.95,24241.9,300,24248.45,175,50,10324825
NIFTY-I.NFO,29/10/2024,09:44:39,24243.75,24243.65,150,24248,25,75,10324825
NIFTY-I.NFO,29/10/2024,09:44:40,24248,24243.45,250,24249,25,25,10324825
NIFTY-I.NFO,29/10/2024,09:44:42,24248,24245.65,25,24249,225,0,10324825
NIFTY-I.NFO,29/10/2024,09:44:44,24249,24245.3,25,24249.65,150,325,10324825
NIFTY-I.NFO,29/10/2024,09:44:45,24249,24248,25,24249.9,200,0,10324825
NIFTY-I.NFO,29/10/2024,09:44:47,24249.7,24248,100,24249.9,100,375,10324825
NIFTY-I.NFO,29/10/2024,09:44:49,24248,24248,75,24249.85,150,200,10324825
NIFTY-I.NFO,29/10/2024,09:44:50,24242.05,24242.35,150,24247.8,150,350,10324825
NIFTY-I.NFO,29/10/2024,09:44:52,24246.3,24240.15,125,24243.15,25,1175,10324825
NIFTY-I.NFO,29/10/2024,09:44:54,24236.55,24236,150,24240,25,325,10324825
NIFTY-I.NFO,29/10/2024,09:44:55,24235,24235,25,24239.6,50,75,10324825
NIFTY-I.NFO,29/10/2024,09:44:57,24241.2,24235.05,200,24241.45,25,300,10324825
NIFTY-I.NFO,29/10/2024,09:44:59,24241.15,24235.4,150,24241.35,50,100,10324825
NIFTY-I.NFO,29/10/2024,09:45:00,24243.5,24240.35,50,24243.35,50,800,10324825
NIFTY-I.NFO,29/10/2024,09:45:02,24236.45,24236,50,24242.45,100,125,10324825
NIFTY-I.NFO,29/10/2024,09:45:04,24234.05,24234.1,350,24240.3,150,150,10324825
NIFTY-I.NFO,29/10/2024,09:45:05,24239.8,24235,50,24240.1,50,175,10324825
NIFTY-I.NFO,29/10/2024,09:45:07,24240.45,24235.3,25,24240.5,25,1375,10324825
NIFTY-I.NFO,29/10/2024,09:45:09,24235,24235,50,24239.8,25,50,10324825
NIFTY-I.NFO,29/10/2024,09:45:10,24238.85,24235,75,24239.05,125,125,10324825
NIFTY-I.NFO,29/10/2024,09:45:12,24239.85,24235,275,24240,25,775,10324825
NIFTY-I.NFO,29/10/2024,09:45:14,24239.05,24237,25,24240,75,275,10324825
NIFTY-I.NFO,29/10/2024,09:45:15,24235,24235,150,24238.85,25,75,10324825
NIFTY-I.NFO,29/10/2024,09:45:17,24238.85,24235,75,24238.85,150,450,10324825
NIFTY-I.NFO,29/10/2024,09:45:19,24235,24235,225,24238.85,150,225,10324825
NIFTY-I.NFO,29/10/2024,09:45:20,24235,24235,225,24238.85,125,50,10324825
NIFTY-I.NFO,29/10/2024,09:45:22,24238,24238,50,24238.85,100,150,10324825
NIFTY-I.NFO,29/10/2024,09:45:24,24238,24235,375,24238.8,25,200,10324825
NIFTY-I.NFO,29/10/2024,09:45:25,24238.75,24236.45,50,24238.8,175,50,10324825
NIFTY-I.NFO,29/10/2024,09:45:27,24236.45,24236.45,25,24238,25,75,10324825
NIFTY-I.NFO,29/10/2024,09:45:29,24236.45,24235,400,24236.45,100,100,10324825
NIFTY-I.NFO,29/10/2024,09:45:30,24236.45,24236.45,150,24237.95,25,275,10324825
NIFTY-I.NFO,29/10/2024,09:45:32,24244.7,24239.7,225,24245,200,350,10324825
NIFTY-I.NFO,29/10/2024,09:45:34,24245,24241.65,300,24246,25,175,10324825
NIFTY-I.NFO,29/10/2024,09:45:35,24241.55,24241.6,175,24247.75,200,500,10324825
NIFTY-I.NFO,29/10/2024,09:45:37,24248.95,24241.65,25,24247.75,50,225,10324825
NIFTY-I.NFO,29/10/2024,09:45:39,24249.55,24243.25,25,24249.3,275,350,10324825
NIFTY-I.NFO,29/10/2024,09:45:40,24248.4,24243.25,25,24248.3,50,125,10324825
NIFTY-I.NFO,29/10/2024,09:45:42,24243.35,24243.4,200,24249.8,50,675,10324825
NIFTY-I.NFO,29/10/2024,09:45:44,24250.75,24241.85,25,24248.25,125,875,10324825
NIFTY-I.NFO,29/10/2024,09:45:45,24245,24241.85,25,24247.25,50,275,10324825
NIFTY-I.NFO,29/10/2024,09:45:47,24251,24245.35,50,24251.1,50,375,10324825
NIFTY-I.NFO,29/10/2024,09:45:49,24250,24245.35,25,24250,375,200,10324825
NIFTY-I.NFO,29/10/2024,09:45:50,24250.2,24249.75,300,24253.9,25,475,10324825
NIFTY-I.NFO,29/10/2024,09:45:52,24248.85,24249.1,25,24254.55,150,450,10324825
NIFTY-I.NFO,29/10/2024,09:45:54,24250,24250.15,75,24252,100,100,10324825
NIFTY-I.NFO,29/10/2024,09:45:55,24257,24251.3,100,24257,300,450,10324825
NIFTY-I.NFO,29/10/2024,09:45:57,24251.3,24254.2,75,24257,200,100,10324825
NIFTY-I.NFO,29/10/2024,09:45:59,24263.7,24260,875,24263.7,525,1700,10324825
NIFTY-I.NFO,29/10/2024,09:46:00,24263.65,24260.5,25,24263.65,175,550,10324825
NIFTY-I.NFO,29/10/2024,09:46:02,24263.7,24260.7,50,24263.7,425,450,10324825
NIFTY-I.NFO,29/10/2024,09:46:04,24264.45,24260.65,25,24264.95,125,500,10324825
NIFTY-I.NFO,29/10/2024,09:46:05,24264.05,24260,450,24264.1,50,600,10324825
NIFTY-I.NFO,29/10/2024,09:46:07,24260.65,24260,450,24260.65,225,1100,10324825
NIFTY-I.NFO,29/10/2024,09:46:09,24260.6,24260,575,24260.6,100,75,10324825
NIFTY-I.NFO,29/10/2024,09:46:10,24260,24257,25,24260,125,775,10327625
NIFTY-I.NFO,29/10/2024,09:46:12,24260.65,24255.7,50,24262.05,125,400,10327625
NIFTY-I.NFO,29/10/2024,09:46:14,24259.95,24253.45,200,24259.7,50,75,10327625
NIFTY-I.NFO,29/10/2024,09:46:15,24259.7,24253.15,25,24259.15,150,150,10327625
NIFTY-I.NFO,29/10/2024,09:46:17,24258.75,24251.6,200,24254.75,200,175,10327625
NIFTY-I.NFO,29/10/2024,09:46:19,24252.1,24250.35,200,24256.9,50,425,10327625
NIFTY-I.NFO,29/10/2024,09:46:20,24256.9,24252,25,24258.3,50,25,10327625
NIFTY-I.NFO,29/10/2024,09:46:22,24256.9,24251.3,25,24256.75,50,0,10327625
NIFTY-I.NFO,29/10/2024,09:46:24,24256,24250.2,50,24255.85,50,50,10327625
NIFTY-I.NFO,29/10/2024,09:46:25,24257.25,24250.65,200,24257.65,175,375,10327625
NIFTY-I.NFO,29/10/2024,09:46:27,24256,24252.1,150,24257.9,100,75,10327625
NIFTY-I.NFO,29/10/2024,09:46:29,24254.65,24249.1,25,24254.9,125,100,10327625
NIFTY-I.NFO,29/10/2024,09:46:30,24250.2,24250.2,150,24255.95,50,100,10327625
NIFTY-I.NFO,29/10/2024,09:46:32,24256,24252.1,25,24256,125,125,10327625
NIFTY-I.NFO,29/10/2024,09:46:34,24255.75,24252.1,25,24254.85,25,525,10327625
NIFTY-I.NFO,29/10/2024,09:46:35,24249.45,24250,150,24254.55,100,225,10327625
NIFTY-I.NFO,29/10/2024,09:46:37,24255,24250,150,24254.55,100,25,10327625
NIFTY-I.NFO,29/10/2024,09:46:39,24255,24250,150,24254.25,100,0,10327625
NIFTY-I.NFO,29/10/2024,09:46:40,24252.05,24250,150,24252.65,50,125,10327625
NIFTY-I.NFO,29/10/2024,09:46:42,24251,24250,150,24251.35,25,100,10327625
NIFTY-I.NFO,29/10/2024,09:46:44,24250,24247.1,150,24250,25,225,10327625
NIFTY-I.NFO,29/10/2024,09:46:45,24252.55,24247.35,50,24253.3,50,150,10327625
NIFTY-I.NFO,29/10/2024,09:46:47,24252.95,24246.4,50,24252.8,25,125,10327625
NIFTY-I.NFO,29/10/2024,09:46:49,24246.45,24245.75,300,24252.65,50,100,10327625
NIFTY-I.NFO,29/10/2024,09:46:50,24246.45,24246.4,150,24252.55,50,0,10327625
NIFTY-I.NFO,29/10/2024,09:46:52,24251,24245.65,400,24251.45,50,1350,10327625
NIFTY-I.NFO,29/10/2024,09:46:54,24245.4,24245.35,25,24250.35,50,50,10327625
NIFTY-I.NFO,29/10/2024,09:46:55,24249.8,24243.75,50,24249.85,50,175,10327625
NIFTY-I.NFO,29/10/2024,09:46:57,24241.3,24242.15,350,24248.4,200,650,10327625
NIFTY-I.NFO,29/10/2024,09:46:59,24247.05,24240.05,50,24245.9,50,500,10327625
NIFTY-I.NFO,29/10/2024,09:47:00,24239,24239.85,200,24246.25,250,500,10327625
NIFTY-I.NFO,29/10/2024,09:47:02,24244.25,24240.25,300,24246.75,200,50,10327625
NIFTY-I.NFO,29/10/2024,09:47:04,24246.75,24240.7,200,24246.85,175,300,10327625
NIFTY-I.NFO,29/10/2024,09:47:05,24246.9,24241.05,50,24247.35,175,50,10327625
NIFTY-I.NFO,29/10/2024,09:47:07,24248.2,24241.9,150,24248.15,75,125,10327625
NIFTY-I.NFO,29/10/2024,09:47:09,24246.05,24240,25,24245.95,50,25,10327625
NIFTY-I.NFO,29/10/2024,09:47:10,24248.6,24242.8,200,24248.6,50,150,10327625
NIFTY-I.NFO,29/10/2024,09:47:12,24246.75,24245.8,150,24250,25,75,10327625
NIFTY-I.NFO,29/10/2024,09:47:13,24242.8,24242.95,50,24248.8,50,100,10327625
NIFTY-I.NFO,29/10/2024,09:47:15,24242.8,24242.95,25,24248.45,50,0,10327625
NIFTY-I.NFO,29/10/2024,09:47:17,24247.2,24242.95,25,24247.95,50,175,10327625
NIFTY-I.NFO,29/10/2024,09:47:18,24243,24243,25,24246.55,150,50,10327625
NIFTY-I.NFO,29/10/2024,09:47:20,24243,24243,50,24246.7,250,25,10327625
NIFTY-I.NFO,29/10/2024,09:47:22,24243,24241.95,300,24243,125,425,10327625
NIFTY-I.NFO,29/10/2024,09:47:23,24248,24242.4,350,24248.45,50,225,10327625
NIFTY-I.NFO,29/10/2024,09:47:25,24248,24244.2,150,24249,25,0,10327625
NIFTY-I.NFO,29/10/2024,09:47:27,24248,24242,25,24247.3,25,25,10327625
NIFTY-I.NFO,29/10/2024,09:47:28,24248,24243,25,24246.4,25,25,10327625
NIFTY-I.NFO,29/10/2024,09:47:30,24242,24241,25,24246.2,150,75,10327625
NIFTY-I.NFO,29/10/2024,09:47:32,24245.8,24241,50,24245.9,225,225,10327625
NIFTY-I.NFO,29/10/2024,09:47:33,24241.05,24241,50,24244.5,125,375,10327625
NIFTY-I.NFO,29/10/2024,09:47:35,24243.95,24240,75,24243.7,150,325,10327625
NIFTY-I.NFO,29/10/2024,09:47:37,24240,24239,25,24241.7,250,225,10327625
NIFTY-I.NFO,29/10/2024,09:47:38,24242.7,24235.5,300,24242.4,50,275,10327625
NIFTY-I.NFO,29/10/2024,09:47:40,24240,24236.4,250,24242.55,25,100,10327625
NIFTY-I.NFO,29/10/2024,09:47:42,24240,24236.05,50,24242.5,25,50,10327625
NIFTY-I.NFO,29/10/2024,09:47:43,24240,24237.3,150,24242.6,25,0,10327625
NIFTY-I.NFO,29/10/2024,09:47:45,24240,24236.85,50,24242.6,25,0,10327625
NIFTY-I.NFO,29/10/2024,09:47:47,24242.45,24236.75,200,24242.6,200,150,10327625
NIFTY-I.NFO,29/10/2024,09:47:48,24236.75,24237.55,300,24242.6,200,100,10327625
NIFTY-I.NFO,29/10/2024,09:47:50,24242.05,24237.55,25,24242.05,75,175,10327625
NIFTY-I.NFO,29/10/2024,09:47:52,24242.05,24237.55,25,24241.85,25,225,10327625
NIFTY-I.NFO,29/10/2024,09:47:53,24241.8,24235.65,300,24241.8,75,150,10327625
NIFTY-I.NFO,29/10/2024,09:47:55,24240.25,24235.3,50,24241.15,250,125,10327625
NIFTY-I.NFO,29/10/2024,09:47:57,24241.8,24237.15,200,24241.8,150,225,10327625
NIFTY-I.NFO,29/10/2024,09:47:58,24239.1,24238.2,25,24241.8,50,550,10327625
NIFTY-I.NFO,29/10/2024,09:48:00,24237.65,24236,75,24241.2,350,450,10327625
NIFTY-I.NFO,29/10/2024,09:48:02,24236,24236.2,150,24240.3,25,700,10327625
NIFTY-I.NFO,29/10/2024,09:48:03,24235,24235,500,24240,50,225,10327625
NIFTY-I.NFO,29/10/2024,09:48:05,24234.8,24233,650,24234.9,875,675,10327625
NIFTY-I.NFO,29/10/2024,09:48:07,24232.1,24231,50,24234.6,200,875,10327625
NIFTY-I.NFO,29/10/2024,09:48:08,24230,24230,525,24233.45,25,200,10327625
NIFTY-I.NFO,29/10/2024,09:48:10,24230.05,24230,475,24233.15,25,150,10327625
NIFTY-I.NFO,29/10/2024,09:48:12,24230,24230,400,24230.25,25,225,10327625
NIFTY-I.NFO,29/10/2024,09:48:13,24227,24227,1000,24230.15,25,725,10327625
NIFTY-I.NFO,29/10/2024,09:48:15,24232.7,24228,25,24230.15,50,1125,10327625
NIFTY-I.NFO,29/10/2024,09:48:17,24227,24227,725,24230.15,50,250,10327625
NIFTY-I.NFO,29/10/2024,09:48:18,24227,24227,650,24228,50,350,10327625
NIFTY-I.NFO,29/10/2024,09:48:20,24227.7,24227.7,125,24228,50,200,10327625
NIFTY-I.NFO,29/10/2024,09:48:22,24227,24227,550,24230.4,25,225,10327625
NIFTY-I.NFO,29/10/2024,09:48:23,24227,24227,375,24230.4,25,225,10327625
NIFTY-I.NFO,29/10/2024,09:48:25,24227,24227,275,24230.4,25,250,10327625
NIFTY-I.NFO,29/10/2024,09:48:27,24226.4,24225.6,50,24227,225,1200,10327625
NIFTY-I.NFO,29/10/2024,09:48:29,24226.4,24225,2550,24227,200,925,10327625
NIFTY-I.NFO,29/10/2024,09:48:30,24219.05,24215.6,50,24220.75,25,9225,10327625
NIFTY-I.NFO,29/10/2024,09:48:30,24212.8,24215.6,50,24220.75,25,0,10327625
NIFTY-I.NFO,29/10/2024,09:48:32,24214.6,24214.55,75,24221.15,50,2025,10327625
NIFTY-I.NFO,29/10/2024,09:48:34,24216.95,24216.55,50,24223.3,50,525,10327625
NIFTY-I.NFO,29/10/2024,09:48:35,24220.3,24215.9,25,24218.6,50,650,10327625
NIFTY-I.NFO,29/10/2024,09:48:37,24211,24211.7,125,24213.05,50,1700,10327625
NIFTY-I.NFO,29/10/2024,09:48:37,24211,24211.7,125,24213.05,50,0,10327625
NIFTY-I.NFO,29/10/2024,09:48:39,24212.9,24212.85,25,24218.15,100,1025,10327625
NIFTY-I.NFO,29/10/2024,09:48:40,24212.2,24213.1,25,24218.25,250,250,10327625
NIFTY-I.NFO,29/10/2024,09:48:42,24218.1,24212.55,25,24218.25,250,450,10327625
NIFTY-I.NFO,29/10/2024,09:48:44,24217.2,24213.95,25,24217.9,25,600,10327625
NIFTY-I.NFO,29/10/2024,09:48:45,24217.3,24213,50,24217.85,50,375,10327625
NIFTY-I.NFO,29/10/2024,09:48:47,24216.1,24211,200,24213.55,75,750,10327625
NIFTY-I.NFO,29/10/2024,09:48:49,24212.05,24210,1900,24213.55,225,5825,10327625
NIFTY-I.NFO,29/10/2024,09:48:49,24210,24210,1900,24213.55,225,0,10327625
NIFTY-I.NFO,29/10/2024,09:48:50,24212,24211.65,25,24216,200,900,10327625
NIFTY-I.NFO,29/10/2024,09:48:52,24219.7,24213.75,50,24219.2,25,450,10327625
NIFTY-I.NFO,29/10/2024,09:48:54,24213.8,24213.65,50,24219.7,25,625,10327625
NIFTY-I.NFO,29/10/2024,09:48:55,24213.8,24212.8,150,24219.25,50,700,10327625
NIFTY-I.NFO,29/10/2024,09:48:57,24213,24212.85,125,24217.3,50,200,10327625
NIFTY-I.NFO,29/10/2024,09:48:59,24217,24216.55,25,24219.75,50,250,10327625
NIFTY-I.NFO,29/10/2024,09:49:00,24221.9,24216.65,25,24222.4,50,750,10327625
NIFTY-I.NFO,29/10/2024,09:49:02,24220.05,24213.75,125,24219.95,200,525,10327625
NIFTY-I.NFO,29/10/2024,09:49:04,24215.4,24212.2,25,24216.05,25,175,10327625
NIFTY-I.NFO,29/10/2024,09:49:05,24212.2,24213,75,24217.7,150,425,10327625
NIFTY-I.NFO,29/10/2024,09:49:07,24217.45,24211.1,125,24217.45,200,1150,10327625
NIFTY-I.NFO,29/10/2024,09:49:09,24213.5,24214.5,150,24220.2,25,350,10327625
NIFTY-I.NFO,29/10/2024,09:49:10,24215.6,24215.3,150,24220.05,50,250,10332675
NIFTY-I.NFO,29/10/2024,09:49:12,24215,24214.85,350,24220.05,50,250,10332675
NIFTY-I.NFO,29/10/2024,09:49:14,24215.85,24217.5,25,24220,25,150,10332675
NIFTY-I.NFO,29/10/2024,09:49:15,24220.05,24220.05,1350,24221,75,225,10332675
NIFTY-I.NFO,29/10/2024,09:49:17,24220.2,24220.2,150,24221,50,200,10332675
NIFTY-I.NFO,29/10/2024,09:49:19,24221.6,24221,2950,24223.5,25,450,10332675
NIFTY-I.NFO,29/10/2024,09:49:20,24221,24221,3325,24223.5,25,200,10332675
NIFTY-I.NFO,29/10/2024,09:49:22,24224.95,24221.2,25,24225,50,525,10332675
NIFTY-I.NFO,29/10/2024,09:49:24,24225,24221,2625,24225.7,350,400,10332675
NIFTY-I.NFO,29/10/2024,09:49:25,24225.3,24221,1925,24225.35,75,975,10332675
NIFTY-I.NFO,29/10/2024,09:49:27,24221,24221,1825,24224.65,125,675,10332675
NIFTY-I.NFO,29/10/2024,09:49:29,24221,24221,1750,24222.8,25,125,10332675
NIFTY-I.NFO,29/10/2024,09:49:30,24221,24221,1700,24224.25,300,325,10332675
NIFTY-I.NFO,29/10/2024,09:49:32,24224.25,24221,1625,24224.15,25,200,10332675
NIFTY-I.NFO,29/10/2024,09:49:34,24220,24217,25,24219.95,25,3225,10332675
NIFTY-I.NFO,29/10/2024,09:49:35,24220.2,24217,25,24220,125,950,10332675
NIFTY-I.NFO,29/10/2024,09:49:37,24217,24217,50,24219.8,25,50,10332675
NIFTY-I.NFO,29/10/2024,09:49:39,24219.9,24217,50,24219.7,25,25,10332675
NIFTY-I.NFO,29/10/2024,09:49:40,24217,24217,25,24220.05,25,225,10332675
NIFTY-I.NFO,29/10/2024,09:49:42,24221,24217,75,24223,175,600,10332675
NIFTY-I.NFO,29/10/2024,09:49:44,24217.05,24217,100,24222.55,250,425,10332675
NIFTY-I.NFO,29/10/2024,09:49:45,24217,24217,100,24220.6,300,825,10332675
NIFTY-I.NFO,29/10/2024,09:49:47,24220,24218,50,24221.5,200,150,10332675
NIFTY-I.NFO,29/10/2024,09:49:49,24217.5,24217.5,25,24221.1,200,525,10332675
NIFTY-I.NFO,29/10/2024,09:49:50,24217.5,24217.5,75,24221.1,100,0,10332675
NIFTY-I.NFO,29/10/2024,09:49:52,24217.5,24217.5,75,24221.1,75,175,10332675
NIFTY-I.NFO,29/10/2024,09:49:54,24218.05,24218.05,25,24221.5,25,175,10332675
NIFTY-I.NFO,29/10/2024,09:49:55,24218.05,24219.95,25,24221.5,25,0,10332675
NIFTY-I.NFO,29/10/2024,09:49:57,24221.5,24221.5,250,24224.8,150,975,10332675
NIFTY-I.NFO,29/10/2024,09:49:59,24221.5,24221.5,250,24224.7,50,175,10332675
NIFTY-I.NFO,29/10/2024,09:50:00,24220.3,24217.5,25,24220.3,225,375,10332675
