Ticker,Date,Time,LTP,BuyPrice,BuyQty,SellPrice,SellQty,LTQ,OpenInterest
BANKNIFTY-I.NFO,28/08/2024,09:15:00,51421,51187,15,51248,30,15,0
BANKNIFTY-I.NFO,28/08/2024,09:15:00,51421,51187,15,51248,30,0,0
BANKNIFTY-I.NFO,28/08/2024,09:15:00,51421,51187,15,51248,30,0,0
BANKNIFTY-I.NFO,28/08/2024,09:15:00,51421,51187,15,51248,30,0,0
BANKNIFTY-I.NFO,28/08/2024,09:15:01,51223.75,51229.85,60,51246.25,30,435,1674495
BANKNIFTY-I.NFO,28/08/2024,09:15:01,51206,51229.85,60,51246.25,30,0,1674495
BANKNIFTY-I.NFO,28/08/2024,09:15:02,51218.95,51206.65,15,51218.6,75,195,1674495
BANKNIFTY-I.NFO,28/08/2024,09:15:03,51189.85,51187,15,51189.85,75,285,1674495
BANKNIFTY-I.NFO,28/08/2024,09:15:03,51187.95,51187,15,51189.85,75,0,1674495
BANKNIFTY-I.NFO,28/08/2024,09:15:04,51159.45,51165,30,51167.05,15,285,1674495
BANKNIFTY-I.NFO,28/08/2024,09:15:04,51159.45,51165,30,51167.05,15,0,1674495
BANKNIFTY-I.NFO,28/08/2024,09:15:06,51175.6,51169.85,15,51174.2,15,405,1674495
BANKNIFTY-I.NFO,28/08/2024,09:15:06,51158.8,51169.85,15,51174.2,15,0,1674495
BANKNIFTY-I.NFO,28/08/2024,09:15:07,51171.7,51176.9,60,51189.2,30,105,1674495
BANKNIFTY-I.NFO,28/08/2024,09:15:09,51190.25,51193.5,30,51199.9,15,315,1674495
BANKNIFTY-I.NFO,28/08/2024,09:15:10,51190.25,51179.5,30,51189.6,60,15,1674495
BANKNIFTY-I.NFO,28/08/2024,09:15:12,51177.25,51177.25,195,51178.6,15,540,1674495
BANKNIFTY-I.NFO,28/08/2024,09:15:14,51171,51157.7,15,51169.65,60,945,1674495
BANKNIFTY-I.NFO,28/08/2024,09:15:15,51174.9,51166.6,60,51174.9,30,645,1674495
BANKNIFTY-I.NFO,28/08/2024,09:15:17,51171.7,51171,45,51171.7,105,105,1674495
BANKNIFTY-I.NFO,28/08/2024,09:15:18,51171.7,51164.25,30,51171.7,105,1095,1674495
BANKNIFTY-I.NFO,28/08/2024,09:15:20,51170,51163,30,51169.95,30,45,1674495
BANKNIFTY-I.NFO,28/08/2024,09:15:22,51168.15,51160.05,60,51170,735,405,1674495
BANKNIFTY-I.NFO,28/08/2024,09:15:23,51170,51168.9,15,51170,480,255,1674495
BANKNIFTY-I.NFO,28/08/2024,09:15:25,51169.4,51157.6,15,51169.95,60,630,1674495
BANKNIFTY-I.NFO,28/08/2024,09:15:25,51156.55,51157.6,15,51169.95,60,0,1674495
BANKNIFTY-I.NFO,28/08/2024,09:15:26,51166.05,51166,15,51166.05,15,30,1674495
BANKNIFTY-I.NFO,28/08/2024,09:15:28,51170,51169.95,15,51170,210,195,1674495
BANKNIFTY-I.NFO,28/08/2024,09:15:30,51168.2,51163.55,15,51168.25,150,780,1674495
BANKNIFTY-I.NFO,28/08/2024,09:15:31,51170,51165.6,15,51170.55,120,240,1674495
BANKNIFTY-I.NFO,28/08/2024,09:15:33,51166.55,51166.65,15,51171.7,45,450,1674495
BANKNIFTY-I.NFO,28/08/2024,09:15:34,51165.55,51154.2,30,51165.9,60,630,1674495
BANKNIFTY-I.NFO,28/08/2024,09:15:34,51155.75,51154.2,30,51165.9,60,0,1674495
BANKNIFTY-I.NFO,28/08/2024,09:15:36,51160.45,51158.6,15,51161.2,75,930,1674495
BANKNIFTY-I.NFO,28/08/2024,09:15:36,51154.2,51158.6,15,51161.2,75,0,1674495
BANKNIFTY-I.NFO,28/08/2024,09:15:38,51166.5,51161.6,15,51169.05,15,90,1674495
BANKNIFTY-I.NFO,28/08/2024,09:15:39,51166.05,51166.15,15,51166.8,30,135,1674495
BANKNIFTY-I.NFO,28/08/2024,09:15:41,51164.75,51164.15,15,51166.4,15,1500,1674495
BANKNIFTY-I.NFO,28/08/2024,09:15:43,51166.4,51166.05,165,51166.4,120,495,1674495
BANKNIFTY-I.NFO,28/08/2024,09:15:44,51163.3,51160.6,150,51163.55,150,405,1674495
BANKNIFTY-I.NFO,28/08/2024,09:15:46,51162.2,51160.6,75,51162.3,15,1050,1674495
BANKNIFTY-I.NFO,28/08/2024,09:15:47,51164.15,51160.55,15,51164.15,15,240,1674495
BANKNIFTY-I.NFO,28/08/2024,09:15:49,51164.2,51161.5,15,51163.35,15,90,1678320
BANKNIFTY-I.NFO,28/08/2024,09:15:51,51169.9,51164.55,15,51169.95,60,510,1678320
BANKNIFTY-I.NFO,28/08/2024,09:15:52,51167.6,51159.55,15,51167.6,60,675,1678320
BANKNIFTY-I.NFO,28/08/2024,09:15:54,51170.05,51160.4,75,51170.45,150,600,1678320
BANKNIFTY-I.NFO,28/08/2024,09:15:55,51166.05,51166.05,60,51171.7,15,60,1678320
BANKNIFTY-I.NFO,28/08/2024,09:15:57,51163.1,51163.15,60,51172.65,60,285,1678320
BANKNIFTY-I.NFO,28/08/2024,09:15:59,51179.15,51171.55,15,51179.15,135,225,1678320
BANKNIFTY-I.NFO,28/08/2024,09:16:00,51181.65,51172.65,30,51177.7,60,1035,1678320
BANKNIFTY-I.NFO,28/08/2024,09:16:02,51175.3,51175.35,60,51181.4,30,315,1678320
BANKNIFTY-I.NFO,28/08/2024,09:16:04,51190.45,51183.55,15,51190.45,120,480,1678320
BANKNIFTY-I.NFO,28/08/2024,09:16:05,51183.15,51179.15,15,51183.15,15,225,1678320
BANKNIFTY-I.NFO,28/08/2024,09:16:07,51183,51175,15,51179.95,300,150,1678320
BANKNIFTY-I.NFO,28/08/2024,09:16:08,51171.1,51170.15,15,51173.1,315,1515,1678320
BANKNIFTY-I.NFO,28/08/2024,09:16:10,51164.4,51174.2,15,51176.75,60,210,1678320
BANKNIFTY-I.NFO,28/08/2024,09:16:12,51175.3,51172.9,30,51175.8,150,375,1678320
BANKNIFTY-I.NFO,28/08/2024,09:16:13,51175.85,51175.85,15,51184.85,15,60,1678320
BANKNIFTY-I.NFO,28/08/2024,09:16:15,51175.85,51180.1,15,51185.55,15,0,1678320
BANKNIFTY-I.NFO,28/08/2024,09:16:16,51190.45,51180.45,75,51189.7,150,45,1678320
BANKNIFTY-I.NFO,28/08/2024,09:16:18,51175.8,51175.5,15,51183.95,15,135,1678320
BANKNIFTY-I.NFO,28/08/2024,09:16:20,51175.05,51180,15,51183.9,75,75,1678320
BANKNIFTY-I.NFO,28/08/2024,09:16:21,51185.6,51185.55,15,51190.1,90,30,1678320
BANKNIFTY-I.NFO,28/08/2024,09:16:23,51188.15,51185.75,15,51190.45,105,15,1678320
BANKNIFTY-I.NFO,28/08/2024,09:16:25,51182.45,51182.4,15,51182.45,15,600,1678320
BANKNIFTY-I.NFO,28/08/2024,09:16:26,51185.6,51185.6,15,51186.95,150,30,1678320
BANKNIFTY-I.NFO,28/08/2024,09:16:28,51185.55,51182.9,15,51189.8,60,120,1678320
BANKNIFTY-I.NFO,28/08/2024,09:16:30,51189.1,51187.8,105,51190.45,60,60,1678320
BANKNIFTY-I.NFO,28/08/2024,09:16:31,51192.4,51187.8,105,51192.4,75,135,1678320
BANKNIFTY-I.NFO,28/08/2024,09:16:33,51192.65,51190.45,15,51192.8,90,225,1678320
BANKNIFTY-I.NFO,28/08/2024,09:16:34,51187.8,51187.1,15,51187.8,495,480,1678320
BANKNIFTY-I.NFO,28/08/2024,09:16:36,51187.8,51185.65,60,51187.8,300,210,1678320
BANKNIFTY-I.NFO,28/08/2024,09:16:38,51198.45,51192,75,51197.75,90,600,1678320
BANKNIFTY-I.NFO,28/08/2024,09:16:39,51192,51192,30,51196.5,90,60,1678320
BANKNIFTY-I.NFO,28/08/2024,09:16:41,51185.55,51186.05,75,51194.8,15,435,1678320
BANKNIFTY-I.NFO,28/08/2024,09:16:43,51193.9,51186.25,15,51192,15,165,1678320
BANKNIFTY-I.NFO,28/08/2024,09:16:44,51192,51185.4,15,51192,510,420,1678320
BANKNIFTY-I.NFO,28/08/2024,09:16:46,51192,51187.05,90,51192,390,165,1678320
BANKNIFTY-I.NFO,28/08/2024,09:16:47,51185.7,51185.65,90,51192,390,660,1678320
BANKNIFTY-I.NFO,28/08/2024,09:16:49,51189.25,51189.7,15,51192,225,195,1678320
BANKNIFTY-I.NFO,28/08/2024,09:16:51,51197,51191.5,15,51197,285,255,1678320
BANKNIFTY-I.NFO,28/08/2024,09:16:52,51197,51190.35,15,51197,225,90,1678320
BANKNIFTY-I.NFO,28/08/2024,09:16:54,51197,51192,60,51197,210,30,1678320
BANKNIFTY-I.NFO,28/08/2024,09:16:56,51192,51192,15,51196.7,60,60,1678320
BANKNIFTY-I.NFO,28/08/2024,09:16:57,51190.4,51188.05,75,51190.75,105,255,1678320
BANKNIFTY-I.NFO,28/08/2024,09:16:59,51190.75,51190.7,15,51190.75,60,105,1678320
BANKNIFTY-I.NFO,28/08/2024,09:17:01,51191.15,51191.4,15,51192,555,195,1678320
BANKNIFTY-I.NFO,28/08/2024,09:17:02,51192,51190.75,15,51191.95,60,45,1678320
BANKNIFTY-I.NFO,28/08/2024,09:17:04,51200,51198.4,15,51205,30,1230,1678320
BANKNIFTY-I.NFO,28/08/2024,09:17:06,51215,51202.65,60,51213.15,60,705,1678320
BANKNIFTY-I.NFO,28/08/2024,09:17:07,51195.1,51193.6,15,51197,15,210,1678320
BANKNIFTY-I.NFO,28/08/2024,09:17:09,51208.9,51198.65,75,51209.85,15,45,1678320
BANKNIFTY-I.NFO,28/08/2024,09:17:10,51209.65,51196.4,15,51206.8,15,690,1678320
BANKNIFTY-I.NFO,28/08/2024,09:17:12,51195.65,51195.75,60,51200,15,60,1678320
BANKNIFTY-I.NFO,28/08/2024,09:17:14,51206.9,51197.25,15,51207.85,60,735,1678320
BANKNIFTY-I.NFO,28/08/2024,09:17:15,51206.75,51202.1,60,51204.9,150,180,1678320
BANKNIFTY-I.NFO,28/08/2024,09:17:17,51200,51192,15,51199.8,75,825,1678320
BANKNIFTY-I.NFO,28/08/2024,09:17:18,51195.65,51190.4,15,51195,75,225,1678320
BANKNIFTY-I.NFO,28/08/2024,09:17:20,51198.05,51192,15,51197.9,180,30,1678320
BANKNIFTY-I.NFO,28/08/2024,09:17:22,51190,51188.4,15,51194.15,75,60,1678320
BANKNIFTY-I.NFO,28/08/2024,09:17:23,51190,51190,915,51190.8,15,0,1678320
BANKNIFTY-I.NFO,28/08/2024,09:17:25,51195,51186.45,45,51192.75,150,975,1678320
BANKNIFTY-I.NFO,28/08/2024,09:17:27,51186.45,51185.55,60,51190.3,60,60,1678320
BANKNIFTY-I.NFO,28/08/2024,09:17:28,51185.55,51185.55,45,51191.95,90,105,1678320
BANKNIFTY-I.NFO,28/08/2024,09:17:30,51185.55,51185.45,15,51185.55,375,315,1678320
BANKNIFTY-I.NFO,28/08/2024,09:17:32,51185.55,51185,45,51185.55,390,600,1678320
BANKNIFTY-I.NFO,28/08/2024,09:17:33,51190.7,51187.8,15,51190.7,150,1065,1678320
BANKNIFTY-I.NFO,28/08/2024,09:17:35,51188,51185.55,465,51191.25,45,180,1678320
BANKNIFTY-I.NFO,28/08/2024,09:17:36,51188,51185.55,465,51189.45,150,0,1678320
BANKNIFTY-I.NFO,28/08/2024,09:17:38,51180,51180,15,51185.9,90,525,1678320
BANKNIFTY-I.NFO,28/08/2024,09:17:40,51177.55,51175.55,60,51185.65,90,180,1678320
BANKNIFTY-I.NFO,28/08/2024,09:17:41,51185.5,51175.45,15,51184.5,75,15,1678320
BANKNIFTY-I.NFO,28/08/2024,09:17:43,51175.7,51173.3,60,51175.7,60,465,1678320
BANKNIFTY-I.NFO,28/08/2024,09:17:44,51175.7,51173.85,60,51175.7,30,30,1678320
BANKNIFTY-I.NFO,28/08/2024,09:17:46,51171.95,51171.5,15,51178.05,15,195,1678320
BANKNIFTY-I.NFO,28/08/2024,09:17:48,51170.55,51166,15,51170.2,75,285,1678320
BANKNIFTY-I.NFO,28/08/2024,09:17:49,51180,51175,15,51180,30,645,1678320
BANKNIFTY-I.NFO,28/08/2024,09:17:51,51181.75,51174.5,15,51182.9,30,90,1678320
BANKNIFTY-I.NFO,28/08/2024,09:17:53,51193.1,51181.8,60,51193.3,75,870,1678320
BANKNIFTY-I.NFO,28/08/2024,09:17:54,51193.35,51181.8,60,51191.65,75,135,1678320
BANKNIFTY-I.NFO,28/08/2024,09:17:56,51184.55,51184.55,30,51194.8,60,30,1678320
BANKNIFTY-I.NFO,28/08/2024,09:17:58,51196,51192.6,45,51196,495,120,1678320
BANKNIFTY-I.NFO,28/08/2024,09:17:59,51196,51187.85,15,51196,390,165,1678320
BANKNIFTY-I.NFO,28/08/2024,09:18:01,51195.05,51185.15,60,51195.7,45,165,1678320
BANKNIFTY-I.NFO,28/08/2024,09:18:02,51196,51191.95,120,51196,360,30,1678320
BANKNIFTY-I.NFO,28/08/2024,09:18:04,51189.55,51184.25,60,51189.55,15,45,1678320
BANKNIFTY-I.NFO,28/08/2024,09:18:06,51195.05,51183.8,15,51192.85,30,165,1678320
BANKNIFTY-I.NFO,28/08/2024,09:18:07,51196,51185.6,60,51195.2,15,60,1678320
BANKNIFTY-I.NFO,28/08/2024,09:18:09,51196,51189.45,15,51195.2,15,0,1678320
BANKNIFTY-I.NFO,28/08/2024,09:18:11,51196,51188.75,60,51196,225,150,1678320
BANKNIFTY-I.NFO,28/08/2024,09:18:12,51189.4,51188.75,60,51196,225,15,1678320
BANKNIFTY-I.NFO,28/08/2024,09:18:14,51198.35,51190.1,75,51199.95,15,450,1678320
BANKNIFTY-I.NFO,28/08/2024,09:18:15,51198.35,51194.55,15,51199.95,15,0,1678320
BANKNIFTY-I.NFO,28/08/2024,09:18:17,51194,51194.2,60,51200,60,45,1678320
BANKNIFTY-I.NFO,28/08/2024,09:18:19,51194.2,51198.35,15,51200,60,60,1678320
BANKNIFTY-I.NFO,28/08/2024,09:18:20,51198.35,51190.3,15,51193.95,135,180,1678320
BANKNIFTY-I.NFO,28/08/2024,09:18:22,51193.95,51194.4,60,51203.9,75,135,1678320
BANKNIFTY-I.NFO,28/08/2024,09:18:24,51204.45,51193.95,15,51200,90,150,1678320
BANKNIFTY-I.NFO,28/08/2024,09:18:25,51204.05,51194.3,15,51203.7,75,180,1678320
BANKNIFTY-I.NFO,28/08/2024,09:18:27,51200,51199.6,300,51200,15,285,1678320
BANKNIFTY-I.NFO,28/08/2024,09:18:29,51207.55,51204.5,15,51207.45,45,60,1678320
BANKNIFTY-I.NFO,28/08/2024,09:18:30,51208,51201.1,60,51208.9,15,75,1678320
BANKNIFTY-I.NFO,28/08/2024,09:18:32,51208.9,51199.6,270,51208.2,15,390,1678320
BANKNIFTY-I.NFO,28/08/2024,09:18:34,51209.35,51207.9,15,51210,105,585,1678320
BANKNIFTY-I.NFO,28/08/2024,09:18:35,51220,51214.4,15,51220,30,165,1678320
BANKNIFTY-I.NFO,28/08/2024,09:18:37,51215.65,51212.7,60,51220,15,30,1678320
BANKNIFTY-I.NFO,28/08/2024,09:18:38,51213.75,51213.35,60,51224.15,30,60,1678320
BANKNIFTY-I.NFO,28/08/2024,09:18:40,51230,51230,105,51231.5,90,90,1678320
BANKNIFTY-I.NFO,28/08/2024,09:18:42,51228.9,51215.95,15,51226.4,15,285,1678320
BANKNIFTY-I.NFO,28/08/2024,09:18:43,51218.65,51215.65,15,51220.25,15,165,1678320
BANKNIFTY-I.NFO,28/08/2024,09:18:45,51220.45,51215.65,15,51217.65,300,315,1678320
BANKNIFTY-I.NFO,28/08/2024,09:18:47,51220,51209,15,51219.85,60,390,1678320
BANKNIFTY-I.NFO,28/08/2024,09:18:48,51215.65,51206.9,60,51215.65,240,165,1678320
BANKNIFTY-I.NFO,28/08/2024,09:18:50,51215.65,51209.15,60,51215.65,60,390,1676715
BANKNIFTY-I.NFO,28/08/2024,09:18:52,51215.65,51209.1,60,51215.65,15,195,1676715
BANKNIFTY-I.NFO,28/08/2024,09:18:53,51220,51220.25,30,51221.05,15,90,1676715
BANKNIFTY-I.NFO,28/08/2024,09:18:55,51209.3,51206.95,60,51218,60,375,1676715
BANKNIFTY-I.NFO,28/08/2024,09:18:57,51209.3,51203.95,60,51209.1,15,0,1676715
BANKNIFTY-I.NFO,28/08/2024,09:18:58,51216.45,51206.3,15,51216.2,60,540,1676715
BANKNIFTY-I.NFO,28/08/2024,09:19:00,51207,51200.35,60,51209.95,60,45,1676715
BANKNIFTY-I.NFO,28/08/2024,09:19:02,51200.3,51201.75,60,51209.3,45,30,1676715
BANKNIFTY-I.NFO,28/08/2024,09:19:03,51200.3,51203.4,75,51209.3,45,0,1676715
BANKNIFTY-I.NFO,28/08/2024,09:19:05,51207,51201,15,51207,15,240,1676715
BANKNIFTY-I.NFO,28/08/2024,09:19:07,51200.3,51200.35,15,51206.9,15,165,1676715
BANKNIFTY-I.NFO,28/08/2024,09:19:08,51198.8,51196,150,51197.75,375,270,1676715
BANKNIFTY-I.NFO,28/08/2024,09:19:10,51203.55,51196,105,51203.55,15,270,1676715
BANKNIFTY-I.NFO,28/08/2024,09:19:11,51202,51195.35,15,51202.45,15,285,1676715
BANKNIFTY-I.NFO,28/08/2024,09:19:13,51195.45,51195.4,30,51205.3,15,30,1676715
BANKNIFTY-I.NFO,28/08/2024,09:19:15,51195,51193.95,15,51201.9,75,90,1676715
BANKNIFTY-I.NFO,28/08/2024,09:19:16,51193.95,51190,60,51194.2,75,30,1676715
BANKNIFTY-I.NFO,28/08/2024,09:19:18,51190,51193,15,51195.35,15,45,1676715
BANKNIFTY-I.NFO,28/08/2024,09:19:20,51190,51193,15,51195.35,15,0,1676715
BANKNIFTY-I.NFO,28/08/2024,09:19:23,51195.4,51188.5,15,51195.4,75,270,1676715
BANKNIFTY-I.NFO,28/08/2024,09:19:24,51194,51193,15,51195.4,75,105,1676715
BANKNIFTY-I.NFO,28/08/2024,09:19:26,51195.35,51194,15,51195.4,60,60,1676715
BANKNIFTY-I.NFO,28/08/2024,09:19:28,51196.85,51190,45,51198.7,300,180,1676715
BANKNIFTY-I.NFO,28/08/2024,09:19:29,51195.4,51195.4,195,51199.7,390,210,1676715
BANKNIFTY-I.NFO,28/08/2024,09:19:31,51196.85,51196.85,105,51198.9,300,225,1676715
BANKNIFTY-I.NFO,28/08/2024,09:19:32,51196.85,51196.85,90,51202.25,15,165,1676715
BANKNIFTY-I.NFO,28/08/2024,09:19:34,51203.7,51197,15,51203.05,15,15,1676715
BANKNIFTY-I.NFO,28/08/2024,09:19:36,51202.85,51202.7,15,51212.1,30,405,1676715
BANKNIFTY-I.NFO,28/08/2024,09:19:37,51204,51201.75,15,51212.7,60,105,1676715
BANKNIFTY-I.NFO,28/08/2024,09:19:39,51205.15,51195.9,60,51200,15,60,1676715
BANKNIFTY-I.NFO,28/08/2024,09:19:41,51202.25,51202.25,75,51206.3,300,165,1676715
BANKNIFTY-I.NFO,28/08/2024,09:19:42,51202.25,51195.7,150,51206.25,15,225,1676715
BANKNIFTY-I.NFO,28/08/2024,09:19:44,51207.4,51200,15,51207.35,15,270,1676715
BANKNIFTY-I.NFO,28/08/2024,09:19:46,51210.65,51200.05,60,51210.8,375,165,1676715
BANKNIFTY-I.NFO,28/08/2024,09:19:47,51209.7,51200.7,60,51211.3,150,120,1676715
BANKNIFTY-I.NFO,28/08/2024,09:19:49,51200,51200,90,51201.4,15,165,1676715
BANKNIFTY-I.NFO,28/08/2024,09:19:51,51209.7,51200.05,60,51209.7,15,240,1676715
BANKNIFTY-I.NFO,28/08/2024,09:19:52,51200.25,51200.25,60,51208,45,105,1676715
BANKNIFTY-I.NFO,28/08/2024,09:19:54,51208,51201.35,60,51208,15,45,1676715
BANKNIFTY-I.NFO,28/08/2024,09:19:56,51208,51200,150,51206.45,30,15,1676715
BANKNIFTY-I.NFO,28/08/2024,09:19:57,51198.4,51195.05,15,51198.35,150,435,1676715
BANKNIFTY-I.NFO,28/08/2024,09:19:59,51193.55,51190.4,15,51195,300,390,1676715
BANKNIFTY-I.NFO,28/08/2024,09:20:01,51190.4,51190.4,15,51193.6,15,60,1676715
BANKNIFTY-I.NFO,28/08/2024,09:20:02,51193.75,51190,45,51194.15,15,270,1676715
BANKNIFTY-I.NFO,28/08/2024,09:20:04,51190,51185.5,15,51191.45,15,75,1676715
BANKNIFTY-I.NFO,28/08/2024,09:20:06,51185.6,51185,15,51186.05,150,840,1676715
BANKNIFTY-I.NFO,28/08/2024,09:20:07,51182.2,51181,15,51184.95,15,210,1676715
BANKNIFTY-I.NFO,28/08/2024,09:20:09,51188.6,51180.45,60,51189.6,15,255,1676715
BANKNIFTY-I.NFO,28/08/2024,09:20:11,51189.6,51181.05,15,51187.75,75,30,1676715
BANKNIFTY-I.NFO,28/08/2024,09:20:12,51180.45,51180.45,75,51190.75,15,180,1676715
BANKNIFTY-I.NFO,28/08/2024,09:20:14,51182.05,51185.05,15,51193.35,30,15,1676715
BANKNIFTY-I.NFO,28/08/2024,09:20:16,51185.7,51180.45,15,51185.8,30,255,1676715
BANKNIFTY-I.NFO,28/08/2024,09:20:17,51184.3,51180.45,15,51184.35,15,660,1676715
BANKNIFTY-I.NFO,28/08/2024,09:20:19,51180.45,51180.45,15,51185.05,30,180,1676715
BANKNIFTY-I.NFO,28/08/2024,09:20:20,51185.05,51181.45,15,51183.95,150,90,1676715
BANKNIFTY-I.NFO,28/08/2024,09:20:22,51180,51181,15,51186.65,90,300,1676715
BANKNIFTY-I.NFO,28/08/2024,09:20:24,51179.9,51179.9,165,51181.45,60,555,1676715
BANKNIFTY-I.NFO,28/08/2024,09:20:25,51181.45,51180.45,15,51181.45,45,15,1676715
BANKNIFTY-I.NFO,28/08/2024,09:20:27,51189.65,51190,15,51200.9,60,780,1676715
BANKNIFTY-I.NFO,28/08/2024,09:20:28,51196.6,51187.1,15,51196.65,45,90,1676715
BANKNIFTY-I.NFO,28/08/2024,09:20:30,51187.4,51186.8,45,51188,15,255,1676715
BANKNIFTY-I.NFO,28/08/2024,09:20:32,51190.5,51185.05,15,51189.95,210,240,1676715
BANKNIFTY-I.NFO,28/08/2024,09:20:33,51188.75,51185.05,15,51189.85,30,60,1676715
BANKNIFTY-I.NFO,28/08/2024,09:20:35,51190.1,51183,15,51190.4,75,195,1676715
BANKNIFTY-I.NFO,28/08/2024,09:20:37,51183,51181.45,30,51187.85,840,15,1676715
BANKNIFTY-I.NFO,28/08/2024,09:20:38,51192.05,51181.75,60,51192.2,150,120,1676715
BANKNIFTY-I.NFO,28/08/2024,09:20:40,51190.1,51188.25,30,51190.05,60,255,1676715
BANKNIFTY-I.NFO,28/08/2024,09:20:41,51189.35,51188.25,15,51189.35,90,45,1676715
BANKNIFTY-I.NFO,28/08/2024,09:20:43,51188.25,51180.05,315,51188.45,375,225,1676715
BANKNIFTY-I.NFO,28/08/2024,09:20:45,51180.1,51180.55,75,51191.75,300,180,1676715
BANKNIFTY-I.NFO,28/08/2024,09:20:46,51195.65,51184,15,51191.9,150,180,1676715
BANKNIFTY-I.NFO,28/08/2024,09:20:48,51184,51182.9,75,51192.6,300,15,1676715
BANKNIFTY-I.NFO,28/08/2024,09:20:50,51191.05,51181.4,60,51191.1,15,105,1676715
BANKNIFTY-I.NFO,28/08/2024,09:20:51,51190.95,51180.7,15,51188,15,210,1676715
BANKNIFTY-I.NFO,28/08/2024,09:20:53,51192.9,51185.2,15,51193.1,300,75,1676715
BANKNIFTY-I.NFO,28/08/2024,09:20:54,51193.1,51185.25,60,51195.05,165,45,1676715
BANKNIFTY-I.NFO,28/08/2024,09:20:56,51196.6,51185.25,60,51187.15,15,45,1676715
BANKNIFTY-I.NFO,28/08/2024,09:20:57,51196.6,51186.3,60,51196.95,60,390,1676715
BANKNIFTY-I.NFO,28/08/2024,09:20:59,51193.75,51185.05,15,51193.8,75,90,1676715
BANKNIFTY-I.NFO,28/08/2024,09:21:01,51191.65,51184.55,15,51191.5,75,840,1676715
BANKNIFTY-I.NFO,28/08/2024,09:21:02,51191.8,51184.55,15,51191.6,75,165,1676715
BANKNIFTY-I.NFO,28/08/2024,09:21:04,51191.8,51184.7,60,51192.85,60,0,1676715
BANKNIFTY-I.NFO,28/08/2024,09:21:06,51197.5,51191.8,60,51197.2,75,225,1676715
BANKNIFTY-I.NFO,28/08/2024,09:21:07,51197.5,51191.8,60,51197.2,75,0,1676715
BANKNIFTY-I.NFO,28/08/2024,09:21:09,51197.4,51191.8,60,51197.95,15,15,1676715
BANKNIFTY-I.NFO,28/08/2024,09:21:11,51199.05,51199.75,60,51200.95,135,105,1676715
BANKNIFTY-I.NFO,28/08/2024,09:21:12,51205,51202,45,51204.55,15,990,1676715
BANKNIFTY-I.NFO,28/08/2024,09:21:14,51194.75,51194.6,60,51199.05,15,60,1676715
BANKNIFTY-I.NFO,28/08/2024,09:21:16,51198.9,51194.4,60,51199.05,15,15,1676715
BANKNIFTY-I.NFO,28/08/2024,09:21:17,51200.55,51200.3,300,51202,15,240,1676715
BANKNIFTY-I.NFO,28/08/2024,09:21:19,51200,51193.05,15,51201.4,75,375,1676715
BANKNIFTY-I.NFO,28/08/2024,09:21:20,51200,51194.3,60,51201.95,60,0,1676715
BANKNIFTY-I.NFO,28/08/2024,09:21:22,51205,51199.1,60,51205,75,165,1676715
BANKNIFTY-I.NFO,28/08/2024,09:21:24,51202.75,51203.7,15,51205,75,30,1676715
BANKNIFTY-I.NFO,28/08/2024,09:21:25,51205,51201,30,51206.25,30,105,1676715
BANKNIFTY-I.NFO,28/08/2024,09:21:27,51208.4,51201,30,51208.5,150,135,1676715
BANKNIFTY-I.NFO,28/08/2024,09:21:29,51212.45,51201.95,60,51212.95,15,915,1676715
BANKNIFTY-I.NFO,28/08/2024,09:21:30,51215.9,51205.25,60,51215.85,75,1140,1676715
BANKNIFTY-I.NFO,28/08/2024,09:21:32,51203.5,51203.4,15,51210.35,360,585,1676715
BANKNIFTY-I.NFO,28/08/2024,09:21:34,51210.65,51200.3,60,51210.7,225,90,1676715
BANKNIFTY-I.NFO,28/08/2024,09:21:35,51205.9,51196.75,60,51207.95,150,750,1676715
BANKNIFTY-I.NFO,28/08/2024,09:21:37,51205.35,51198.75,45,51205.3,75,45,1676715
BANKNIFTY-I.NFO,28/08/2024,09:21:39,51193.6,51195.1,60,51204.85,60,660,1676715
BANKNIFTY-I.NFO,28/08/2024,09:21:40,51193.6,51198.15,45,51205.6,60,0,1676715
BANKNIFTY-I.NFO,28/08/2024,09:21:42,51205.55,51200,15,51205.6,60,75,1676715
BANKNIFTY-I.NFO,28/08/2024,09:21:43,51205.55,51200,30,51205.6,60,0,1676715
BANKNIFTY-I.NFO,28/08/2024,09:21:45,51206.75,51200,15,51206.75,105,450,1676715
BANKNIFTY-I.NFO,28/08/2024,09:21:47,51197.8,51197.45,45,51200,15,1425,1676715
BANKNIFTY-I.NFO,28/08/2024,09:21:48,51197.45,51197.15,60,51200,15,45,1676715
BANKNIFTY-I.NFO,28/08/2024,09:21:50,51205.6,51205.2,75,51208.45,15,195,1679850
BANKNIFTY-I.NFO,28/08/2024,09:21:52,51220,51220,30,51220.25,30,360,1679850
BANKNIFTY-I.NFO,28/08/2024,09:21:53,51220.25,51218.6,30,51221,15,135,1679850
BANKNIFTY-I.NFO,28/08/2024,09:21:55,51223.95,51218.45,300,51224.5,45,60,1679850
BANKNIFTY-I.NFO,28/08/2024,09:21:57,51223.4,51218.75,15,51223.6,150,540,1679850
BANKNIFTY-I.NFO,28/08/2024,09:21:58,51220,51218.75,15,51225,360,15,1679850
BANKNIFTY-I.NFO,28/08/2024,09:22:00,51214.45,51200.1,60,51211,150,390,1679850
BANKNIFTY-I.NFO,28/08/2024,09:22:02,51214.45,51213.85,300,51218.15,90,75,1679850
BANKNIFTY-I.NFO,28/08/2024,09:22:03,51214.45,51213.7,300,51214.45,90,75,1679850
BANKNIFTY-I.NFO,28/08/2024,09:22:05,51222.65,51213.7,300,51216.9,75,540,1679850
BANKNIFTY-I.NFO,28/08/2024,09:22:07,51208.35,51208.55,60,51217.95,15,60,1679850
BANKNIFTY-I.NFO,28/08/2024,09:22:08,51208.65,51209.35,60,51218.95,15,15,1679850
BANKNIFTY-I.NFO,28/08/2024,09:22:10,51208.55,51208.55,60,51219.25,75,30,1679850
BANKNIFTY-I.NFO,28/08/2024,09:22:12,51207.25,51207.05,15,51217.9,75,90,1679850
BANKNIFTY-I.NFO,28/08/2024,09:22:13,51219.8,51206.55,60,51217.15,150,465,1679850
BANKNIFTY-I.NFO,28/08/2024,09:22:15,51215.95,51208.5,60,51209.35,30,315,1679850
BANKNIFTY-I.NFO,28/08/2024,09:22:17,51209.35,51210.25,15,51220,15,30,1679850
BANKNIFTY-I.NFO,28/08/2024,09:22:18,51222.95,51211.5,60,51219.95,105,45,1679850
BANKNIFTY-I.NFO,28/08/2024,09:22:20,51213.8,51216.6,60,51219.9,60,60,1679850
BANKNIFTY-I.NFO,28/08/2024,09:22:21,51228.9,51228.9,165,51230,45,810,1679850
BANKNIFTY-I.NFO,28/08/2024,09:22:23,51231.4,51220.6,60,51231.4,45,225,1679850
BANKNIFTY-I.NFO,28/08/2024,09:22:25,51228.6,51220,15,51228.6,135,150,1679850
BANKNIFTY-I.NFO,28/08/2024,09:22:26,51223.35,51216.95,60,51225.95,15,405,1679850
BANKNIFTY-I.NFO,28/08/2024,09:22:28,51223.35,51216.85,60,51226.95,15,0,1679850
BANKNIFTY-I.NFO,28/08/2024,09:22:30,51223.35,51219.15,60,51223.35,30,15,1679850
BANKNIFTY-I.NFO,28/08/2024,09:22:31,51223.35,51219.5,15,51228.9,15,45,1679850
BANKNIFTY-I.NFO,28/08/2024,09:22:33,51223.35,51214.2,60,51225.1,30,0,1679850
BANKNIFTY-I.NFO,28/08/2024,09:22:35,51227.1,51216.8,60,51227.1,180,195,1679850
BANKNIFTY-I.NFO,28/08/2024,09:22:36,51228.35,51226.45,15,51228.25,30,630,1679850
BANKNIFTY-I.NFO,28/08/2024,09:22:38,51223.35,51213.45,60,51223.9,30,90,1679850
BANKNIFTY-I.NFO,28/08/2024,09:22:40,51223.35,51214.8,15,51222.6,30,0,1679850
BANKNIFTY-I.NFO,28/08/2024,09:22:41,51214.8,51211,60,51216.8,900,75,1679850
BANKNIFTY-I.NFO,28/08/2024,09:22:43,51209.3,51201.05,15,51209.9,300,150,1679850
BANKNIFTY-I.NFO,28/08/2024,09:22:45,51212.5,51203,60,51212.5,15,660,1679850
BANKNIFTY-I.NFO,28/08/2024,09:22:46,51210.7,51200.1,60,51210.6,75,105,1679850
BANKNIFTY-I.NFO,28/08/2024,09:22:48,51200,51197.4,60,51207.15,30,180,1679850
BANKNIFTY-I.NFO,28/08/2024,09:22:50,51201,51201,30,51204.4,30,60,1679850
BANKNIFTY-I.NFO,28/08/2024,09:22:51,51197.35,51197.35,30,51204.2,300,165,1679850
BANKNIFTY-I.NFO,28/08/2024,09:22:53,51197.35,51197.35,15,51201.3,150,30,1679850
BANKNIFTY-I.NFO,28/08/2024,09:22:55,51206.1,51196.9,15,51206.65,300,495,1679850
BANKNIFTY-I.NFO,28/08/2024,09:22:56,51197.35,51197.3,15,51197.35,60,255,1679850
BANKNIFTY-I.NFO,28/08/2024,09:22:58,51197.35,51197.3,15,51197.35,60,0,1679850
BANKNIFTY-I.NFO,28/08/2024,09:23:00,51200.8,51201.1,150,51201.3,60,615,1679850
BANKNIFTY-I.NFO,28/08/2024,09:23:01,51197.3,51199.15,150,51201.35,45,735,1679850
BANKNIFTY-I.NFO,28/08/2024,09:23:03,51198.7,51197.95,150,51200.2,45,75,1679850
BANKNIFTY-I.NFO,28/08/2024,09:23:05,51190,51185,465,51192.1,30,810,1679850
BANKNIFTY-I.NFO,28/08/2024,09:23:06,51185,51185.15,15,51194.45,60,450,1679850
BANKNIFTY-I.NFO,28/08/2024,09:23:08,51186.9,51186.3,30,51190,15,465,1679850
BANKNIFTY-I.NFO,28/08/2024,09:23:10,51186.4,51185.15,30,51196.25,60,975,1679850
BANKNIFTY-I.NFO,28/08/2024,09:23:11,51185.1,51185.05,15,51194.55,60,15,1679850
BANKNIFTY-I.NFO,28/08/2024,09:23:13,51194.25,51182.2,75,51185.05,15,630,1679850
BANKNIFTY-I.NFO,28/08/2024,09:23:15,51185.05,51185.95,60,51189.55,15,15,1679850
BANKNIFTY-I.NFO,28/08/2024,09:23:16,51186.4,51183.35,15,51185.05,300,195,1679850
BANKNIFTY-I.NFO,28/08/2024,09:23:18,51183,51183,30,51185.05,300,45,1679850
BANKNIFTY-I.NFO,28/08/2024,09:23:20,51185.05,51183.05,30,51185,60,120,1679850
BANKNIFTY-I.NFO,28/08/2024,09:23:21,51181.55,51183,30,51185,60,45,1679850
BANKNIFTY-I.NFO,28/08/2024,09:23:23,51190.9,51183,30,51191.55,150,450,1679850
BANKNIFTY-I.NFO,28/08/2024,09:23:25,51183,51180.1,15,51184.3,315,1065,1679850
BANKNIFTY-I.NFO,28/08/2024,09:23:26,51180.05,51180.05,165,51188.4,150,2265,1679850
BANKNIFTY-I.NFO,28/08/2024,09:23:28,51184.6,51178,15,51184.75,135,945,1679850
BANKNIFTY-I.NFO,28/08/2024,09:23:30,51184.8,51180,15,51181.65,30,345,1679850
BANKNIFTY-I.NFO,28/08/2024,09:23:31,51180,51178,15,51185,180,15,1679850
BANKNIFTY-I.NFO,28/08/2024,09:23:33,51178,51178,30,51184.95,75,60,1679850
BANKNIFTY-I.NFO,28/08/2024,09:23:35,51181.7,51181.7,15,51183.85,30,15,1679850
BANKNIFTY-I.NFO,28/08/2024,09:23:36,51183.85,51184.95,390,51187.8,75,90,1679850
BANKNIFTY-I.NFO,28/08/2024,09:23:38,51190.75,51184.95,330,51189.15,135,675,1679850
BANKNIFTY-I.NFO,28/08/2024,09:23:40,51184.95,51184.95,300,51186.95,150,30,1679850
BANKNIFTY-I.NFO,28/08/2024,09:23:41,51183.85,51181.65,435,51183.35,150,750,1679850
BANKNIFTY-I.NFO,28/08/2024,09:23:43,51181.65,51181.65,405,51184.7,300,510,1679850
BANKNIFTY-I.NFO,28/08/2024,09:23:45,51183.35,51183.35,435,51184.9,15,15,1679850
BANKNIFTY-I.NFO,28/08/2024,09:23:46,51185.05,51181.65,405,51184.9,150,1515,1679850
BANKNIFTY-I.NFO,28/08/2024,09:23:48,51185.05,51181.65,405,51185.3,150,0,1679850
BANKNIFTY-I.NFO,28/08/2024,09:23:50,51184.9,51185.3,15,51187.45,90,360,1679850
BANKNIFTY-I.NFO,28/08/2024,09:23:51,51187.45,51185.05,15,51186.9,150,15,1679850
BANKNIFTY-I.NFO,28/08/2024,09:23:53,51187.45,51187.45,360,51189.95,150,135,1679850
BANKNIFTY-I.NFO,28/08/2024,09:23:55,51181.85,51180.1,30,51181.9,300,1800,1679850
BANKNIFTY-I.NFO,28/08/2024,09:23:56,51179.05,51179.05,60,51185.35,45,720,1679850
BANKNIFTY-I.NFO,28/08/2024,09:23:58,51185,51185,570,51185.35,45,330,1679850
BANKNIFTY-I.NFO,28/08/2024,09:24:00,51185,51185,510,51185.3,60,60,1679850
BANKNIFTY-I.NFO,28/08/2024,09:24:01,51185.35,51185.35,330,51189,105,120,1679850
BANKNIFTY-I.NFO,28/08/2024,09:24:03,51187.45,51187.45,780,51188.3,645,435,1679850
BANKNIFTY-I.NFO,28/08/2024,09:24:05,51185.35,51185.35,285,51188.75,360,855,1679850
BANKNIFTY-I.NFO,28/08/2024,09:24:06,51186.85,51190.6,75,51194,15,45,1679850
BANKNIFTY-I.NFO,28/08/2024,09:24:08,51192.1,51189.1,30,51197.85,15,105,1679850
BANKNIFTY-I.NFO,28/08/2024,09:24:10,51189.1,51189.1,30,51195.8,150,30,1679850
BANKNIFTY-I.NFO,28/08/2024,09:24:11,51189.1,51189.25,30,51196.05,150,30,1679850
BANKNIFTY-I.NFO,28/08/2024,09:24:13,51190.2,51189.25,30,51192.05,300,480,1679850
BANKNIFTY-I.NFO,28/08/2024,09:24:15,51185.35,51185.35,270,51189.4,75,285,1679850
BANKNIFTY-I.NFO,28/08/2024,09:24:16,51185,51181.9,450,51186.55,75,1365,1679850
BANKNIFTY-I.NFO,28/08/2024,09:24:18,51184.1,51181.9,450,51186.9,15,60,1679850
BANKNIFTY-I.NFO,28/08/2024,09:24:20,51189.65,51185,105,51190.1,30,165,1679850
BANKNIFTY-I.NFO,28/08/2024,09:24:21,51187.2,51185,105,51185.3,300,15,1679850
BANKNIFTY-I.NFO,28/08/2024,09:24:23,51181.9,51185.35,15,51186.5,150,480,1679850
BANKNIFTY-I.NFO,28/08/2024,09:24:24,51185.35,51181.9,360,51186,300,15,1679850
BANKNIFTY-I.NFO,28/08/2024,09:24:26,51188,51181.9,360,51186.05,300,615,1679850
BANKNIFTY-I.NFO,28/08/2024,09:24:28,51181.9,51181.9,180,51186.9,300,195,1679850
BANKNIFTY-I.NFO,28/08/2024,09:24:29,51188.9,51181.9,180,51187.95,150,45,1679850
BANKNIFTY-I.NFO,28/08/2024,09:24:31,51186.05,51182,30,51186.3,150,645,1679850
BANKNIFTY-I.NFO,28/08/2024,09:24:33,51186,51182,75,51182.6,450,15,1679850
BANKNIFTY-I.NFO,28/08/2024,09:24:34,51182,51182,15,51184.4,300,90,1679850
BANKNIFTY-I.NFO,28/08/2024,09:24:36,51181.9,51181.9,285,51184.75,225,345,1679850
BANKNIFTY-I.NFO,28/08/2024,09:24:38,51181.9,51181.9,255,51182.8,150,30,1679850
BANKNIFTY-I.NFO,28/08/2024,09:24:39,51182.6,51181,1830,51182.6,135,300,1679850
BANKNIFTY-I.NFO,28/08/2024,09:24:41,51176.9,51176.9,135,51180.9,150,2190,1679850
BANKNIFTY-I.NFO,28/08/2024,09:24:43,51176.9,51176.9,75,51177.4,150,75,1679850
BANKNIFTY-I.NFO,28/08/2024,09:24:44,51176.9,51176.9,60,51178.35,150,15,1679850
BANKNIFTY-I.NFO,28/08/2024,09:24:46,51172.9,51172.2,15,51173.75,300,2355,1679850
BANKNIFTY-I.NFO,28/08/2024,09:24:48,51174.8,51171,120,51173.9,150,90,1679850
BANKNIFTY-I.NFO,28/08/2024,09:24:49,51171,51171,30,51174.8,15,105,1687365
BANKNIFTY-I.NFO,28/08/2024,09:24:51,51174.45,51174.4,15,51174.8,15,15,1687365
BANKNIFTY-I.NFO,28/08/2024,09:24:53,51181.35,51183.25,30,51188.6,15,435,1687365
BANKNIFTY-I.NFO,28/08/2024,09:24:54,51181.35,51183.15,30,51188.6,15,15,1687365
BANKNIFTY-I.NFO,28/08/2024,09:24:56,51187.9,51181.6,30,51188,600,105,1687365
BANKNIFTY-I.NFO,28/08/2024,09:24:58,51183.05,51183.05,15,51188.6,15,255,1687365
BANKNIFTY-I.NFO,28/08/2024,09:24:59,51179.35,51177.45,15,51183.05,330,180,1687365
BANKNIFTY-I.NFO,28/08/2024,09:25:01,51183,51177.5,15,51183,45,15,1687365
BANKNIFTY-I.NFO,28/08/2024,09:25:03,51177.9,51177,15,51180.9,300,45,1687365
BANKNIFTY-I.NFO,28/08/2024,09:25:04,51177.15,51179.1,15,51183,30,105,1687365
BANKNIFTY-I.NFO,28/08/2024,09:25:06,51180.2,51178.1,15,51183,45,120,1687365
BANKNIFTY-I.NFO,28/08/2024,09:25:08,51178.1,51178.05,15,51183,75,45,1687365
BANKNIFTY-I.NFO,28/08/2024,09:25:09,51178.1,51178.7,15,51183,75,0,1687365
BANKNIFTY-I.NFO,28/08/2024,09:25:11,51183,51181.6,15,51183,60,75,1687365
BANKNIFTY-I.NFO,28/08/2024,09:25:13,51181.2,51180.05,15,51183,60,15,1687365
BANKNIFTY-I.NFO,28/08/2024,09:25:14,51181.9,51181.05,60,51183,60,345,1687365
BANKNIFTY-I.NFO,28/08/2024,09:25:16,51185,51185,195,51188.6,15,135,1687365
BANKNIFTY-I.NFO,28/08/2024,09:25:18,51185,51185,45,51189.95,15,285,1687365
BANKNIFTY-I.NFO,28/08/2024,09:25:19,51185,51185,30,51188.6,150,60,1687365
BANKNIFTY-I.NFO,28/08/2024,09:25:21,51182.6,51180.2,15,51181.7,150,45,1687365
BANKNIFTY-I.NFO,28/08/2024,09:25:23,51181.2,51177.9,15,51181.2,120,150,1687365
BANKNIFTY-I.NFO,28/08/2024,09:25:24,51183.7,51178,30,51182.2,150,345,1687365
BANKNIFTY-I.NFO,28/08/2024,09:25:26,51183.7,51178,30,51179.45,300,0,1687365
BANKNIFTY-I.NFO,28/08/2024,09:25:28,51183.7,51177.95,30,51182,15,0,1687365
BANKNIFTY-I.NFO,28/08/2024,09:25:29,51180.65,51173,30,51180.7,150,120,1687365
BANKNIFTY-I.NFO,28/08/2024,09:25:31,51176.2,51173,30,51176.65,600,45,1687365
BANKNIFTY-I.NFO,28/08/2024,09:25:33,51173.45,51173.4,15,51177.05,600,165,1687365
BANKNIFTY-I.NFO,28/08/2024,09:25:34,51173.45,51173,30,51175.4,300,345,1687365
BANKNIFTY-I.NFO,28/08/2024,09:25:36,51174.8,51173.45,15,51175.05,150,75,1687365
BANKNIFTY-I.NFO,28/08/2024,09:25:38,51173,51173.1,15,51175,105,150,1687365
BANKNIFTY-I.NFO,28/08/2024,09:25:39,51174.15,51173.1,15,51173.3,900,90,1687365
BANKNIFTY-I.NFO,28/08/2024,09:25:41,51175,51173.15,30,51175,15,90,1687365
BANKNIFTY-I.NFO,28/08/2024,09:25:43,51173.35,51171.65,15,51173.05,150,2085,1687365
BANKNIFTY-I.NFO,28/08/2024,09:25:44,51168.45,51168.45,15,51169.25,15,720,1687365
BANKNIFTY-I.NFO,28/08/2024,09:25:46,51161.05,51163.45,15,51169.95,15,525,1687365
BANKNIFTY-I.NFO,28/08/2024,09:25:48,51161.05,51164.45,15,51170.05,90,240,1687365
BANKNIFTY-I.NFO,28/08/2024,09:25:49,51168.3,51163.55,15,51168.55,150,165,1687365
BANKNIFTY-I.NFO,28/08/2024,09:25:51,51163.5,51163.5,15,51165.1,180,30,1687365
BANKNIFTY-I.NFO,28/08/2024,09:25:53,51152,51152.5,45,51154,420,6825,1687365
BANKNIFTY-I.NFO,28/08/2024,09:25:53,51144.05,51152.5,45,51154,420,0,1687365
BANKNIFTY-I.NFO,28/08/2024,09:25:54,51166.5,51159.9,15,51166.15,150,1410,1687365
BANKNIFTY-I.NFO,28/08/2024,09:25:56,51163.1,51163.1,15,51166.1,225,210,1687365
BANKNIFTY-I.NFO,28/08/2024,09:25:58,51163.1,51163.1,15,51166.25,135,90,1687365
BANKNIFTY-I.NFO,28/08/2024,09:25:59,51166.2,51163.1,15,51164.05,15,15,1687365
BANKNIFTY-I.NFO,28/08/2024,09:26:01,51152.15,51152.05,60,51162.2,120,915,1687365
BANKNIFTY-I.NFO,28/08/2024,09:26:03,51154.1,51159.1,15,51163.5,450,360,1687365
BANKNIFTY-I.NFO,28/08/2024,09:26:04,51161.85,51161.85,15,51163.05,105,75,1687365
BANKNIFTY-I.NFO,28/08/2024,09:26:06,51158.55,51162.75,15,51163.05,45,135,1687365
BANKNIFTY-I.NFO,28/08/2024,09:26:08,51163.05,51162.7,15,51163.05,150,30,1687365
BANKNIFTY-I.NFO,28/08/2024,09:26:09,51162.7,51162.7,15,51163.05,150,15,1687365
BANKNIFTY-I.NFO,28/08/2024,09:26:11,51164.05,51163.05,15,51165,15,330,1687365
BANKNIFTY-I.NFO,28/08/2024,09:26:13,51156.45,51162.5,15,51166.25,135,105,1687365
BANKNIFTY-I.NFO,28/08/2024,09:26:14,51162.6,51158.75,15,51166.2,75,15,1687365
BANKNIFTY-I.NFO,28/08/2024,09:26:16,51158.35,51158.85,15,51165,30,135,1687365
BANKNIFTY-I.NFO,28/08/2024,09:26:18,51158.35,51159,15,51165,450,15,1687365
BANKNIFTY-I.NFO,28/08/2024,09:26:19,51162,51162,15,51165,315,240,1687365
BANKNIFTY-I.NFO,28/08/2024,09:26:21,51162,51159.2,15,51164.95,120,15,1687365
BANKNIFTY-I.NFO,28/08/2024,09:26:23,51158.55,51155.65,15,51164.35,60,210,1687365
BANKNIFTY-I.NFO,28/08/2024,09:26:24,51160,51160.5,15,51163.5,525,120,1687365
BANKNIFTY-I.NFO,28/08/2024,09:26:26,51160.4,51158.5,15,51160.5,525,990,1687365
BANKNIFTY-I.NFO,28/08/2024,09:26:28,51153.45,51151,30,51154.95,75,2235,1687365
BANKNIFTY-I.NFO,28/08/2024,09:26:29,51157.1,51152.65,15,51156.95,60,195,1687365
BANKNIFTY-I.NFO,28/08/2024,09:26:31,51155.8,51155.05,15,51158.6,150,345,1687365
BANKNIFTY-I.NFO,28/08/2024,09:26:33,51158.75,51155.05,15,51158.4,60,75,1687365
BANKNIFTY-I.NFO,28/08/2024,09:26:34,51156.35,51153.45,15,51154.8,150,810,1687365
BANKNIFTY-I.NFO,28/08/2024,09:26:36,51153.15,51150.05,300,51153.4,120,120,1687365
BANKNIFTY-I.NFO,28/08/2024,09:26:37,51153.4,51150.05,300,51154,180,45,1687365
BANKNIFTY-I.NFO,28/08/2024,09:26:39,51153.4,51150.05,300,51152.7,75,0,1687365
BANKNIFTY-I.NFO,28/08/2024,09:26:41,51150.05,51150.05,285,51152.55,75,525,1687365
BANKNIFTY-I.NFO,28/08/2024,09:26:42,51150.05,51150.05,285,51152.5,30,15,1687365
BANKNIFTY-I.NFO,28/08/2024,09:26:44,51150.05,51150.05,270,51152.5,30,15,1687365
BANKNIFTY-I.NFO,28/08/2024,09:26:46,51152.1,51150.05,225,51151,150,480,1687365
BANKNIFTY-I.NFO,28/08/2024,09:26:47,51141.8,51141.3,15,51145.5,120,1905,1687365
BANKNIFTY-I.NFO,28/08/2024,09:26:47,51140,51141.3,15,51145.5,120,0,1687365
BANKNIFTY-I.NFO,28/08/2024,09:26:49,51138.8,51138,1020,51138.8,30,615,1687365
BANKNIFTY-I.NFO,28/08/2024,09:26:49,51138.05,51138,1020,51138.8,30,0,1687365
BANKNIFTY-I.NFO,28/08/2024,09:26:51,51120,51115.4,15,51121.05,15,4005,1687365
BANKNIFTY-I.NFO,28/08/2024,09:26:51,51120,51115.4,15,51121.05,15,0,1687365
BANKNIFTY-I.NFO,28/08/2024,09:26:52,51125.05,51125.05,15,51126.5,150,330,1687365
BANKNIFTY-I.NFO,28/08/2024,09:26:54,51128,51126.25,15,51128.25,300,3105,1687365
BANKNIFTY-I.NFO,28/08/2024,09:26:54,51115.25,51126.25,15,51128.25,300,0,1687365
BANKNIFTY-I.NFO,28/08/2024,09:26:56,51127.05,51124.55,15,51126.8,30,390,1687365
BANKNIFTY-I.NFO,28/08/2024,09:26:57,51130.45,51128.2,15,51130.5,45,360,1687365
BANKNIFTY-I.NFO,28/08/2024,09:26:59,51124.5,51123.65,15,51125,45,960,1687365
BANKNIFTY-I.NFO,28/08/2024,09:27:01,51135,51127.25,60,51135,135,735,1687365
BANKNIFTY-I.NFO,28/08/2024,09:27:02,51131.75,51131.85,15,51135,30,315,1687365
BANKNIFTY-I.NFO,28/08/2024,09:27:04,51125.35,51125,150,51134.85,60,105,1687365
BANKNIFTY-I.NFO,28/08/2024,09:27:06,51134.55,51127.45,30,51135.1,15,75,1687365
BANKNIFTY-I.NFO,28/08/2024,09:27:07,51128.05,51128.95,15,51137.45,120,180,1687365
BANKNIFTY-I.NFO,28/08/2024,09:27:09,51130.55,51130.55,15,51138,120,60,1687365
BANKNIFTY-I.NFO,28/08/2024,09:27:11,51134.55,51130.6,15,51134.55,210,90,1687365
BANKNIFTY-I.NFO,28/08/2024,09:27:12,51127.5,51134.85,15,51136.95,150,345,1687365
BANKNIFTY-I.NFO,28/08/2024,09:27:14,51137.85,51134.85,15,51137.3,150,45,1687365
BANKNIFTY-I.NFO,28/08/2024,09:27:16,51138.8,51130.1,15,51138.2,120,420,1687365
BANKNIFTY-I.NFO,28/08/2024,09:27:17,51130.3,51130.4,15,51138.2,30,120,1687365
BANKNIFTY-I.NFO,28/08/2024,09:27:19,51145,51140.7,15,51145,30,90,1687365
BANKNIFTY-I.NFO,28/08/2024,09:27:21,51145,51140.7,15,51144.95,60,15,1687365
BANKNIFTY-I.NFO,28/08/2024,09:27:22,51140.7,51140.65,15,51146.4,300,90,1687365
BANKNIFTY-I.NFO,28/08/2024,09:27:24,51145,51140.65,15,51143.35,60,15,1687365
BANKNIFTY-I.NFO,28/08/2024,09:27:26,51140.7,51140.65,15,51140.7,15,120,1687365
BANKNIFTY-I.NFO,28/08/2024,09:27:27,51140.7,51140.65,15,51143.9,165,30,1687365
BANKNIFTY-I.NFO,28/08/2024,09:27:29,51143.9,51142.4,15,51145,135,90,1687365
BANKNIFTY-I.NFO,28/08/2024,09:27:31,51149.1,51142.75,15,51149.1,45,420,1687365
BANKNIFTY-I.NFO,28/08/2024,09:27:32,51146.7,51142.8,15,51146.85,60,315,1687365
BANKNIFTY-I.NFO,28/08/2024,09:27:34,51142.9,51143.05,15,51145.6,60,30,1687365
BANKNIFTY-I.NFO,28/08/2024,09:27:36,51143.9,51143.25,15,51143.9,15,285,1687365
BANKNIFTY-I.NFO,28/08/2024,09:27:37,51143.95,51143.65,15,51149,60,180,1687365
BANKNIFTY-I.NFO,28/08/2024,09:27:39,51149,51145,30,51150,255,135,1687365
BANKNIFTY-I.NFO,28/08/2024,09:27:41,51143.9,51149,15,51150,255,840,1687365
BANKNIFTY-I.NFO,28/08/2024,09:27:42,51149.05,51149,15,51149.2,75,900,1687365
BANKNIFTY-I.NFO,28/08/2024,09:27:44,51140.65,51140,15,51140.75,75,735,1687365
BANKNIFTY-I.NFO,28/08/2024,09:27:46,51138.4,51134.05,15,51138.4,30,270,1687365
BANKNIFTY-I.NFO,28/08/2024,09:27:47,51141,51134.05,15,51141.85,150,195,1687365
BANKNIFTY-I.NFO,28/08/2024,09:27:49,51138.55,51138.55,15,51144.9,120,195,1687365
BANKNIFTY-I.NFO,28/08/2024,09:27:51,51145.55,51145.3,15,51145.55,270,30,1701930
BANKNIFTY-I.NFO,28/08/2024,09:27:52,51145,51139.75,15,51144.8,300,300,1701930
BANKNIFTY-I.NFO,28/08/2024,09:27:54,51144.75,51138.4,30,51144.5,150,405,1701930
BANKNIFTY-I.NFO,28/08/2024,09:27:56,51139.75,51138.55,15,51144,450,195,1701930
BANKNIFTY-I.NFO,28/08/2024,09:27:57,51143.5,51145,15,51145.7,150,15,1701930
BANKNIFTY-I.NFO,28/08/2024,09:27:59,51140,51139.35,15,51146.15,150,45,1701930
BANKNIFTY-I.NFO,28/08/2024,09:28:01,51146.15,51140.25,15,51146.7,60,75,1701930
BANKNIFTY-I.NFO,28/08/2024,09:28:02,51146.7,51144.05,15,51149,15,75,1701930
BANKNIFTY-I.NFO,28/08/2024,09:28:04,51144,51144,15,51149,15,15,1701930
BANKNIFTY-I.NFO,28/08/2024,09:28:06,51149.05,51144,15,51148.3,450,60,1701930
BANKNIFTY-I.NFO,28/08/2024,09:28:07,51147.3,51145.45,15,51147.2,150,315,1701930
BANKNIFTY-I.NFO,28/08/2024,09:28:09,51140,51140,15,51144.2,120,60,1701930
BANKNIFTY-I.NFO,28/08/2024,09:28:11,51140,51145.95,1800,51146.3,300,570,1701930
BANKNIFTY-I.NFO,28/08/2024,09:28:12,51150,51146.3,15,51150,375,135,1701930
BANKNIFTY-I.NFO,28/08/2024,09:28:14,51150,51147.95,15,51150,105,165,1701930
BANKNIFTY-I.NFO,28/08/2024,09:28:16,51147.95,51145.95,1785,51149.25,120,15,1701930
BANKNIFTY-I.NFO,28/08/2024,09:28:17,51151.95,51148.5,15,51150,15,690,1701930
BANKNIFTY-I.NFO,28/08/2024,09:28:19,51151.95,51145.95,30,51149.15,120,15,1701930
BANKNIFTY-I.NFO,28/08/2024,09:28:20,51147.55,51145.95,30,51147,150,45,1701930
BANKNIFTY-I.NFO,28/08/2024,09:28:22,51146.55,51145,15,51147.05,90,60,1701930
BANKNIFTY-I.NFO,28/08/2024,09:28:24,51149.15,51145,15,51146.8,75,1335,1701930
BANKNIFTY-I.NFO,28/08/2024,09:28:25,51143.15,51140.55,15,51143.2,315,270,1701930
BANKNIFTY-I.NFO,28/08/2024,09:28:27,51143.25,51143.1,510,51145,120,30,1701930
BANKNIFTY-I.NFO,28/08/2024,09:28:28,51145,51143.95,510,51145,150,45,1701930
BANKNIFTY-I.NFO,28/08/2024,09:28:30,51145,51143.95,510,51145,75,120,1701930
BANKNIFTY-I.NFO,28/08/2024,09:28:32,51143.9,51140,390,51143.9,135,855,1701930
BANKNIFTY-I.NFO,28/08/2024,09:28:33,51145,51140.2,15,51148.45,75,180,1701930
BANKNIFTY-I.NFO,28/08/2024,09:28:35,51140,51144,150,51145,15,45,1701930
BANKNIFTY-I.NFO,28/08/2024,09:28:37,51144,51144,60,51145,615,90,1701930
BANKNIFTY-I.NFO,28/08/2024,09:28:38,51144.15,51144,60,51145,615,225,1701930
BANKNIFTY-I.NFO,28/08/2024,09:28:40,51145,51145,495,51145.1,120,1095,1701930
BANKNIFTY-I.NFO,28/08/2024,09:28:41,51143.85,51142,15,51144,150,1425,1701930
BANKNIFTY-I.NFO,28/08/2024,09:28:43,51140,51139,15,51139.7,75,570,1701930
BANKNIFTY-I.NFO,28/08/2024,09:28:45,51135,51134,15,51139.7,120,435,1701930
BANKNIFTY-I.NFO,28/08/2024,09:28:46,51139.65,51134,15,51138.4,75,60,1701930
BANKNIFTY-I.NFO,28/08/2024,09:28:48,51138.45,51138.4,540,51138.45,165,90,1701930
BANKNIFTY-I.NFO,28/08/2024,09:28:49,51142.4,51135,60,51141.9,225,540,1701930
BANKNIFTY-I.NFO,28/08/2024,09:28:51,51139.05,51135.35,15,51139.6,105,30,1701930
BANKNIFTY-I.NFO,28/08/2024,09:28:52,51139.05,51135.5,15,51138.5,105,0,1701930
BANKNIFTY-I.NFO,28/08/2024,09:28:54,51138.45,51138.45,45,51142.6,105,60,1701930
BANKNIFTY-I.NFO,28/08/2024,09:28:56,51140.15,51140.15,180,51142.6,90,390,1701930
BANKNIFTY-I.NFO,28/08/2024,09:28:57,51140.15,51140.15,150,51142.45,195,45,1701930
BANKNIFTY-I.NFO,28/08/2024,09:28:59,51140.15,51140.15,135,51142.45,180,30,1701930
BANKNIFTY-I.NFO,28/08/2024,09:29:00,51142.5,51142.45,15,51142.5,105,105,1701930
BANKNIFTY-I.NFO,28/08/2024,09:29:02,51142.5,51141.55,15,51142.5,75,90,1701930
BANKNIFTY-I.NFO,28/08/2024,09:29:04,51141.55,51140.15,120,51141.9,120,105,1701930
BANKNIFTY-I.NFO,28/08/2024,09:29:05,51140.15,51139.4,105,51141.4,150,735,1701930
BANKNIFTY-I.NFO,28/08/2024,09:29:07,51140.4,51139.4,105,51141.7,1050,330,1701930
BANKNIFTY-I.NFO,28/08/2024,09:29:08,51141.4,51138,1005,51141.85,135,75,1701930
BANKNIFTY-I.NFO,28/08/2024,09:29:10,51141.85,51141.35,15,51141.85,60,90,1701930
BANKNIFTY-I.NFO,28/08/2024,09:29:12,51140.5,51138,990,51140.5,150,405,1701930
BANKNIFTY-I.NFO,28/08/2024,09:29:13,51139.2,51138,990,51139.2,450,135,1701930
BANKNIFTY-I.NFO,28/08/2024,09:29:15,51138.4,51138,165,51138.4,165,900,1701930
BANKNIFTY-I.NFO,28/08/2024,09:29:16,51138.15,51135.5,15,51138.15,120,315,1701930
BANKNIFTY-I.NFO,28/08/2024,09:29:18,51137.85,51135,60,51138.1,75,105,1701930
BANKNIFTY-I.NFO,28/08/2024,09:29:20,51137.85,51135,60,51137.5,180,0,1701930
BANKNIFTY-I.NFO,28/08/2024,09:29:21,51134,51132.2,15,51134.9,75,630,1701930
BANKNIFTY-I.NFO,28/08/2024,09:29:23,51133.55,51132.2,15,51133.65,15,525,1701930
BANKNIFTY-I.NFO,28/08/2024,09:29:25,51132.85,51132,15,51133.35,15,30,1701930
BANKNIFTY-I.NFO,28/08/2024,09:29:26,51132.65,51130.05,120,51135,210,45,1701930
BANKNIFTY-I.NFO,28/08/2024,09:29:28,51132,51131.5,120,51135,210,30,1701930
BANKNIFTY-I.NFO,28/08/2024,09:29:30,51141.55,51130.05,120,51137.4,75,660,1701930
BANKNIFTY-I.NFO,28/08/2024,09:29:31,51130,51130,30,51135.75,120,30,1701930
BANKNIFTY-I.NFO,28/08/2024,09:29:33,51136.35,51130.05,15,51136.35,60,75,1701930
BANKNIFTY-I.NFO,28/08/2024,09:29:35,51136.7,51132.65,15,51136.7,45,15,1701930
BANKNIFTY-I.NFO,28/08/2024,09:29:36,51132,51130.1,120,51136.7,30,45,1701930
BANKNIFTY-I.NFO,28/08/2024,09:29:38,51134.95,51130.05,15,51134.6,150,525,1701930
BANKNIFTY-I.NFO,28/08/2024,09:29:39,51136.25,51130.05,15,51136.25,90,45,1701930
BANKNIFTY-I.NFO,28/08/2024,09:29:41,51128.05,51128.3,30,51136.25,90,240,1701930
BANKNIFTY-I.NFO,28/08/2024,09:29:43,51136.1,51127.5,15,51135.05,195,30,1701930
BANKNIFTY-I.NFO,28/08/2024,09:29:44,51135.05,51135,15,51135.8,675,105,1701930
BANKNIFTY-I.NFO,28/08/2024,09:29:46,51130.05,51127.45,15,51130.05,15,60,1701930
BANKNIFTY-I.NFO,28/08/2024,09:29:48,51123.85,51122.2,15,51123.85,120,510,1701930
BANKNIFTY-I.NFO,28/08/2024,09:29:49,51127.15,51122.2,15,51127.2,75,105,1701930
BANKNIFTY-I.NFO,28/08/2024,09:29:51,51126.75,51123.5,15,51125.7,45,45,1701930
BANKNIFTY-I.NFO,28/08/2024,09:29:53,51123.5,51122.2,15,51125.45,300,45,1701930
BANKNIFTY-I.NFO,28/08/2024,09:29:54,51122.2,51120.1,15,51123,15,30,1701930
BANKNIFTY-I.NFO,28/08/2024,09:29:56,51118.05,51119.6,15,51122.95,120,450,1701930
BANKNIFTY-I.NFO,28/08/2024,09:29:58,51115.35,51117.65,15,51119.75,90,3135,1701930
BANKNIFTY-I.NFO,28/08/2024,09:29:58,51111.85,51117.65,15,51119.75,90,0,1701930
BANKNIFTY-I.NFO,28/08/2024,09:29:59,51119.55,51115.6,15,51119.65,90,75,1701930
BANKNIFTY-I.NFO,28/08/2024,09:30:01,51115.1,51115.35,15,51126.25,150,480,1701930
BANKNIFTY-I.NFO,28/08/2024,09:30:01,51111.15,51115.35,15,51126.25,150,0,1701930
BANKNIFTY-I.NFO,28/08/2024,09:30:03,51126.7,51121.35,15,51126.6,15,105,1701930
BANKNIFTY-I.NFO,28/08/2024,09:30:04,51121.35,51121.35,15,51122.6,15,45,1701930
BANKNIFTY-I.NFO,28/08/2024,09:30:06,51119.1,51115.6,15,51120.3,120,270,1701930
BANKNIFTY-I.NFO,28/08/2024,09:30:07,51114,51120,15,51123.7,120,195,1701930
BANKNIFTY-I.NFO,28/08/2024,09:30:09,51119.4,51116.1,90,51119.3,150,120,1701930
BANKNIFTY-I.NFO,28/08/2024,09:30:11,51109.5,51110.7,15,51111.15,15,2700,1701930
BANKNIFTY-I.NFO,28/08/2024,09:30:11,51106.45,51110.7,15,51111.15,15,0,1701930
BANKNIFTY-I.NFO,28/08/2024,09:30:12,51110.45,51106.05,15,51107.45,30,255,1701930
BANKNIFTY-I.NFO,28/08/2024,09:30:14,51114.25,51110.05,120,51120.15,120,210,1701930
BANKNIFTY-I.NFO,28/08/2024,09:30:14,51106,51110.05,120,51120.15,120,0,1701930
BANKNIFTY-I.NFO,28/08/2024,09:30:16,51112.65,51110,30,51118.95,120,45,1701930
BANKNIFTY-I.NFO,28/08/2024,09:30:17,51114.65,51108.95,120,51120.1,120,30,1701930
BANKNIFTY-I.NFO,28/08/2024,09:30:19,51108.95,51110.15,120,51120,90,210,1701930
BANKNIFTY-I.NFO,28/08/2024,09:30:21,51118.45,51110.1,900,51119.3,15,120,1701930
BANKNIFTY-I.NFO,28/08/2024,09:30:22,51110.1,51110.15,105,51118.9,30,780,1701930
BANKNIFTY-I.NFO,28/08/2024,09:30:24,51118,51116.5,105,51119.3,105,90,1701930
BANKNIFTY-I.NFO,28/08/2024,09:30:26,51116.55,51118,30,51119.3,105,75,1701930
BANKNIFTY-I.NFO,28/08/2024,09:30:27,51121.1,51121.1,75,51125,15,495,1701930
BANKNIFTY-I.NFO,28/08/2024,09:30:29,51119.6,51119,75,51119.4,150,525,1701930
BANKNIFTY-I.NFO,28/08/2024,09:30:31,51115.45,51110.15,120,51117.2,150,285,1701930
BANKNIFTY-I.NFO,28/08/2024,09:30:32,51115.45,51110.6,120,51119.4,30,15,1701930
BANKNIFTY-I.NFO,28/08/2024,09:30:34,51119.55,51112.05,120,51121.1,60,75,1701930
BANKNIFTY-I.NFO,28/08/2024,09:30:36,51119.9,51111.35,120,51119.9,210,75,1701930
BANKNIFTY-I.NFO,28/08/2024,09:30:37,51119.65,51115.5,120,51119.65,195,120,1701930
BANKNIFTY-I.NFO,28/08/2024,09:30:39,51119.65,51112.25,120,51119.65,105,105,1701930
BANKNIFTY-I.NFO,28/08/2024,09:30:41,51125.25,51115.6,150,51126.65,15,450,1701930
BANKNIFTY-I.NFO,28/08/2024,09:30:42,51126,51115.8,120,51126.5,105,270,1701930
BANKNIFTY-I.NFO,28/08/2024,09:30:44,51127.25,51120,15,51128.25,75,30,1701930
BANKNIFTY-I.NFO,28/08/2024,09:30:46,51127.25,51121.25,120,51127.25,15,15,1701930
BANKNIFTY-I.NFO,28/08/2024,09:30:47,51130,51127.25,15,51130,195,120,1701930
BANKNIFTY-I.NFO,28/08/2024,09:30:49,51127.25,51128,75,51130,330,30,1701930
BANKNIFTY-I.NFO,28/08/2024,09:30:50,51128.55,51127.1,75,51137.3,135,600,1701930
BANKNIFTY-I.NFO,28/08/2024,09:30:52,51137.5,51127.05,15,51136.15,405,90,1708815
BANKNIFTY-I.NFO,28/08/2024,09:30:54,51135.1,51133,75,51134.45,120,255,1708815
BANKNIFTY-I.NFO,28/08/2024,09:30:55,51128.25,51125,60,51127.85,120,105,1708815
BANKNIFTY-I.NFO,28/08/2024,09:30:57,51131.9,51125,60,51131.4,90,105,1708815
BANKNIFTY-I.NFO,28/08/2024,09:30:59,51122.7,51120.2,105,51122.5,750,165,1708815
BANKNIFTY-I.NFO,28/08/2024,09:31:00,51125,51126.05,30,51127.85,300,570,1708815
BANKNIFTY-I.NFO,28/08/2024,09:31:02,51126.1,51120.2,105,51125.05,450,150,1708815
BANKNIFTY-I.NFO,28/08/2024,09:31:04,51125.2,51125.2,675,51126.1,150,360,1708815
BANKNIFTY-I.NFO,28/08/2024,09:31:05,51125.15,51123,75,51124.45,75,1110,1708815
BANKNIFTY-I.NFO,28/08/2024,09:31:07,51120,51121,75,51121.05,15,300,1708815
BANKNIFTY-I.NFO,28/08/2024,09:31:09,51124.25,51121.6,15,51124.4,1200,150,1708815
BANKNIFTY-I.NFO,28/08/2024,09:31:10,51119.65,51120,15,51121.75,1650,330,1708815
BANKNIFTY-I.NFO,28/08/2024,09:31:12,51119,51115,60,51119.05,600,120,1708815
BANKNIFTY-I.NFO,28/08/2024,09:31:14,51119.9,51119.65,15,51120,60,30,1708815
BANKNIFTY-I.NFO,28/08/2024,09:31:15,51120,51119.65,15,51120,15,45,1708815
BANKNIFTY-I.NFO,28/08/2024,09:31:17,51121.4,51119.9,150,51121.6,75,45,1708815
BANKNIFTY-I.NFO,28/08/2024,09:31:19,51121.55,51120,90,51120.95,270,180,1708815
BANKNIFTY-I.NFO,28/08/2024,09:31:20,51120,51115,60,51120.25,150,330,1708815
BANKNIFTY-I.NFO,28/08/2024,09:31:22,51118.6,51115,60,51118.25,150,45,1708815
BANKNIFTY-I.NFO,28/08/2024,09:31:24,51115,51115,15,51119,150,90,1708815
BANKNIFTY-I.NFO,28/08/2024,09:31:25,51119,51118,60,51118.45,150,30,1708815
BANKNIFTY-I.NFO,28/08/2024,09:31:27,51121.4,51118.95,15,51120.8,150,135,1708815
BANKNIFTY-I.NFO,28/08/2024,09:31:29,51117.35,51117.4,15,51117.5,300,225,1708815
BANKNIFTY-I.NFO,28/08/2024,09:31:30,51116,51113.55,15,51115.75,300,270,1708815
BANKNIFTY-I.NFO,28/08/2024,09:31:32,51116.1,51114,15,51118,15,1935,1708815
BANKNIFTY-I.NFO,28/08/2024,09:31:34,51116.95,51115,15,51116.85,60,60,1708815
BANKNIFTY-I.NFO,28/08/2024,09:31:35,51115,51114,90,51115,15,15,1708815
BANKNIFTY-I.NFO,28/08/2024,09:31:37,51116,51114,15,51115.35,150,150,1708815
BANKNIFTY-I.NFO,28/08/2024,09:31:39,51113,51112.2,30,51114,60,210,1708815
BANKNIFTY-I.NFO,28/08/2024,09:31:40,51113,51112.2,30,51113.2,150,45,1708815
BANKNIFTY-I.NFO,28/08/2024,09:31:42,51113,51112.2,30,51114.9,15,30,1708815
BANKNIFTY-I.NFO,28/08/2024,09:31:44,51112.2,51112,15,51117.2,150,600,1708815
BANKNIFTY-I.NFO,28/08/2024,09:31:45,51115.6,51113,45,51115.8,75,120,1708815
BANKNIFTY-I.NFO,28/08/2024,09:31:47,51117.2,51113,30,51116.5,450,255,1708815
BANKNIFTY-I.NFO,28/08/2024,09:31:49,51117,51113.05,15,51115.6,15,75,1708815
BANKNIFTY-I.NFO,28/08/2024,09:31:50,51119.3,51117.05,15,51119.3,645,690,1708815
BANKNIFTY-I.NFO,28/08/2024,09:31:52,51118.85,51115,15,51118.25,150,1095,1708815
BANKNIFTY-I.NFO,28/08/2024,09:31:54,51110,51111.1,120,51119.4,300,765,1708815
BANKNIFTY-I.NFO,28/08/2024,09:31:55,51119.4,51117,75,51118.4,450,15,1708815
BANKNIFTY-I.NFO,28/08/2024,09:31:57,51116.05,51110.8,15,51116.25,270,300,1708815
BANKNIFTY-I.NFO,28/08/2024,09:31:59,51113,51110,60,51111.6,15,675,1708815
BANKNIFTY-I.NFO,28/08/2024,09:32:00,51105.7,51105,30,51108.65,150,630,1708815
BANKNIFTY-I.NFO,28/08/2024,09:32:00,51105,51105,30,51108.65,150,0,1708815
BANKNIFTY-I.NFO,28/08/2024,09:32:02,51116.25,51112,15,51115.35,150,240,1708815
BANKNIFTY-I.NFO,28/08/2024,09:32:04,51116.8,51111.25,15,51117,60,510,1708815
BANKNIFTY-I.NFO,28/08/2024,09:32:05,51111.8,51111.85,15,51117.8,2100,135,1708815
BANKNIFTY-I.NFO,28/08/2024,09:32:07,51117.05,51115,150,51116,135,600,1708815
BANKNIFTY-I.NFO,28/08/2024,09:32:09,51115,51111.85,15,51116.5,150,150,1708815
BANKNIFTY-I.NFO,28/08/2024,09:32:10,51116.5,51111.85,15,51115,45,90,1708815
BANKNIFTY-I.NFO,28/08/2024,09:32:12,51111.3,51111.85,15,51115,540,45,1708815
BANKNIFTY-I.NFO,28/08/2024,09:32:14,51115,51112,15,51115,15,585,1708815
BANKNIFTY-I.NFO,28/08/2024,09:32:15,51115,51112,30,51115,15,75,1708815
BANKNIFTY-I.NFO,28/08/2024,09:32:17,51116.4,51112,30,51116.35,120,630,1708815
BANKNIFTY-I.NFO,28/08/2024,09:32:19,51105.05,51115,15,51119,60,435,1708815
BANKNIFTY-I.NFO,28/08/2024,09:32:20,51115,51115,15,51117,75,210,1708815
BANKNIFTY-I.NFO,28/08/2024,09:32:22,51114.45,51115,15,51116.5,105,135,1708815
BANKNIFTY-I.NFO,28/08/2024,09:32:23,51114.65,51110,15,51117,75,75,1708815
BANKNIFTY-I.NFO,28/08/2024,09:32:25,51116.1,51116.1,135,51117,45,45,1708815
BANKNIFTY-I.NFO,28/08/2024,09:32:27,51109.95,51114,75,51114.45,30,195,1708815
BANKNIFTY-I.NFO,28/08/2024,09:32:28,51117,51111,15,51117,15,60,1708815
BANKNIFTY-I.NFO,28/08/2024,09:32:30,51117,51116,30,51118,60,45,1708815
BANKNIFTY-I.NFO,28/08/2024,09:32:31,51117,51116,60,51118,60,75,1708815
BANKNIFTY-I.NFO,28/08/2024,09:32:33,51118,51116.6,15,51118,15,90,1708815
BANKNIFTY-I.NFO,28/08/2024,09:32:35,51122.7,51129,75,51129.9,150,735,1708815
BANKNIFTY-I.NFO,28/08/2024,09:32:36,51136,51131.55,15,51139.95,300,390,1708815
BANKNIFTY-I.NFO,28/08/2024,09:32:38,51137,51133.5,15,51136.8,120,585,1708815
BANKNIFTY-I.NFO,28/08/2024,09:32:40,51133.45,51130,15,51130.45,75,60,1708815
BANKNIFTY-I.NFO,28/08/2024,09:32:41,51134.25,51130,150,51133.5,105,45,1708815
BANKNIFTY-I.NFO,28/08/2024,09:32:43,51133.5,51130,135,51133.5,90,45,1708815
BANKNIFTY-I.NFO,28/08/2024,09:32:45,51130,51127.35,165,51133.5,75,225,1708815
BANKNIFTY-I.NFO,28/08/2024,09:32:46,51133.4,51133.5,15,51139.95,300,345,1708815
BANKNIFTY-I.NFO,28/08/2024,09:32:48,51133.35,51132,30,51133.35,15,75,1708815
BANKNIFTY-I.NFO,28/08/2024,09:32:50,51136.45,51125.95,45,51135.2,120,30,1708815
BANKNIFTY-I.NFO,28/08/2024,09:32:51,51129,51123.75,15,51129.6,30,585,1708815
BANKNIFTY-I.NFO,28/08/2024,09:32:53,51120,51120,45,51120.3,15,405,1708815
BANKNIFTY-I.NFO,28/08/2024,09:32:55,51120.55,51118,15,51121.75,300,465,1708815
BANKNIFTY-I.NFO,28/08/2024,09:32:56,51120.05,51117,45,51119.75,150,150,1708815
BANKNIFTY-I.NFO,28/08/2024,09:32:58,51121.35,51117,30,51122.55,450,60,1708815
BANKNIFTY-I.NFO,28/08/2024,09:32:59,51121.2,51117,15,51121.75,105,390,1708815
BANKNIFTY-I.NFO,28/08/2024,09:33:01,51116,51117,15,51122.6,450,765,1708815
BANKNIFTY-I.NFO,28/08/2024,09:33:03,51121,51116,15,51120.95,75,75,1708815
BANKNIFTY-I.NFO,28/08/2024,09:33:04,51119.8,51116,15,51119.4,300,90,1708815
BANKNIFTY-I.NFO,28/08/2024,09:33:06,51118.4,51110.05,15,51118.1,300,75,1708815
BANKNIFTY-I.NFO,28/08/2024,09:33:08,51118.4,51112,15,51115.85,300,0,1708815
BANKNIFTY-I.NFO,28/08/2024,09:33:09,51116.55,51116.55,15,51118,45,525,1708815
BANKNIFTY-I.NFO,28/08/2024,09:33:11,51112.9,51116.85,15,51122.25,420,270,1708815
BANKNIFTY-I.NFO,28/08/2024,09:33:12,51112.9,51119.05,15,51125.05,120,15,1708815
BANKNIFTY-I.NFO,28/08/2024,09:33:14,51112.9,51119,15,51119.7,120,0,1708815
BANKNIFTY-I.NFO,28/08/2024,09:33:16,51113.05,51121,30,51121.9,45,120,1708815
BANKNIFTY-I.NFO,28/08/2024,09:33:17,51121,51117,15,51121,15,60,1708815
BANKNIFTY-I.NFO,28/08/2024,09:33:19,51122.15,51120,30,51121.65,600,420,1708815
BANKNIFTY-I.NFO,28/08/2024,09:33:20,51121,51116.65,15,51122,15,465,1708815
BANKNIFTY-I.NFO,28/08/2024,09:33:22,51121,51121,45,51126.1,300,135,1708815
BANKNIFTY-I.NFO,28/08/2024,09:33:24,51125,51119.1,15,51123.5,150,315,1708815
BANKNIFTY-I.NFO,28/08/2024,09:33:25,51119.1,51120.45,15,51125.5,675,135,1708815
BANKNIFTY-I.NFO,28/08/2024,09:33:27,51125.65,51120.1,15,51125.75,105,15,1708815
BANKNIFTY-I.NFO,28/08/2024,09:33:29,51125.65,51120,15,51123,900,0,1708815
BANKNIFTY-I.NFO,28/08/2024,09:33:30,51118.6,51117,15,51119.05,150,165,1708815
BANKNIFTY-I.NFO,28/08/2024,09:33:32,51120.2,51115.25,15,51119.7,45,795,1708815
BANKNIFTY-I.NFO,28/08/2024,09:33:34,51115.25,51114.4,15,51120.2,30,30,1708815
BANKNIFTY-I.NFO,28/08/2024,09:33:35,51119.7,51115.65,15,51121,15,15,1708815
BANKNIFTY-I.NFO,28/08/2024,09:33:37,51118.6,51118.6,45,51120,150,30,1708815
BANKNIFTY-I.NFO,28/08/2024,09:33:39,51112.05,51117.1,15,51123,90,150,1708815
BANKNIFTY-I.NFO,28/08/2024,09:33:40,51118.6,51118.6,75,51123.15,45,75,1708815
BANKNIFTY-I.NFO,28/08/2024,09:33:42,51125,51118.95,15,51125.3,45,30,1708815
BANKNIFTY-I.NFO,28/08/2024,09:33:44,51125,51118.6,90,51123.45,45,0,1708815
BANKNIFTY-I.NFO,28/08/2024,09:33:45,51118.6,51118.6,60,51123.1,75,30,1708815
BANKNIFTY-I.NFO,28/08/2024,09:33:47,51118.6,51118.6,45,51122.05,75,30,1708815
BANKNIFTY-I.NFO,28/08/2024,09:33:49,51125.65,51125.35,15,51125.65,15,150,1708815
BANKNIFTY-I.NFO,28/08/2024,09:33:50,51133,51129,15,51133,75,435,1708815
BANKNIFTY-I.NFO,28/08/2024,09:33:52,51132.25,51132,30,51133,15,120,1712790
BANKNIFTY-I.NFO,28/08/2024,09:33:54,51127,51126.95,15,51134.95,120,60,1712790
BANKNIFTY-I.NFO,28/08/2024,09:33:55,51122,51124.1,15,51130.75,120,195,1712790
BANKNIFTY-I.NFO,28/08/2024,09:33:57,51131,51122.8,15,51130.7,150,195,1712790
BANKNIFTY-I.NFO,28/08/2024,09:33:59,51130.3,51121.55,15,51130.05,975,45,1712790
BANKNIFTY-I.NFO,28/08/2024,09:34:00,51127,51119.95,15,51127.05,450,90,1712790
BANKNIFTY-I.NFO,28/08/2024,09:34:02,51126,51117.65,15,51124.05,300,105,1712790
BANKNIFTY-I.NFO,28/08/2024,09:34:04,51118.75,51121,30,51122.05,75,180,1712790
BANKNIFTY-I.NFO,28/08/2024,09:34:05,51122.15,51113.6,15,51122.15,75,465,1712790
BANKNIFTY-I.NFO,28/08/2024,09:34:07,51122.3,51114.6,15,51122.25,120,210,1712790
BANKNIFTY-I.NFO,28/08/2024,09:34:09,51112.45,51112.05,60,51121.85,180,60,1712790
BANKNIFTY-I.NFO,28/08/2024,09:34:10,51120.65,51114.5,15,51121.1,75,615,1712790
BANKNIFTY-I.NFO,28/08/2024,09:34:12,51114.5,51113.15,15,51120.2,75,15,1712790
BANKNIFTY-I.NFO,28/08/2024,09:34:14,51121.2,51117,15,51118.9,750,75,1712790
BANKNIFTY-I.NFO,28/08/2024,09:34:15,51117.85,51115.2,15,51117.15,600,90,1712790
BANKNIFTY-I.NFO,28/08/2024,09:34:17,51115,51115,15,51116.9,285,135,1712790
BANKNIFTY-I.NFO,28/08/2024,09:34:19,51108,51112,15,51116.7,120,435,1712790
BANKNIFTY-I.NFO,28/08/2024,09:34:20,51108,51112,15,51115.75,120,0,1712790
BANKNIFTY-I.NFO,28/08/2024,09:34:22,51117.95,51116.8,15,51120,210,30,1712790
BANKNIFTY-I.NFO,28/08/2024,09:34:24,51112.1,51116,15,51118.3,120,15,1712790
BANKNIFTY-I.NFO,28/08/2024,09:34:25,51116,51112,15,51118.25,120,15,1712790
BANKNIFTY-I.NFO,28/08/2024,09:34:27,51112,51112,15,51117.4,120,315,1712790
BANKNIFTY-I.NFO,28/08/2024,09:34:29,51115,51115,15,51116,15,165,1712790
BANKNIFTY-I.NFO,28/08/2024,09:34:30,51117.55,51112,15,51117.9,90,45,1712790
BANKNIFTY-I.NFO,28/08/2024,09:34:32,51117.9,51117,15,51117.9,75,45,1712790
BANKNIFTY-I.NFO,28/08/2024,09:34:34,51113.15,51112.95,15,51119.95,120,210,1712790
BANKNIFTY-I.NFO,28/08/2024,09:34:35,51119.05,51112.55,15,51120,210,90,1712790
BANKNIFTY-I.NFO,28/08/2024,09:34:37,51120,51119.95,300,51120,45,165,1712790
BANKNIFTY-I.NFO,28/08/2024,09:34:39,51122.7,51122.3,15,51124.3,15,105,1712790
BANKNIFTY-I.NFO,28/08/2024,09:34:40,51124.3,51128.05,15,51129.95,150,30,1712790
BANKNIFTY-I.NFO,28/08/2024,09:34:42,51126,51120,900,51124.65,15,75,1712790
BANKNIFTY-I.NFO,28/08/2024,09:34:44,51125.4,51120,1200,51124.4,150,285,1712790
BANKNIFTY-I.NFO,28/08/2024,09:34:45,51123,51122.45,15,51123.65,30,105,1712790
BANKNIFTY-I.NFO,28/08/2024,09:34:47,51123.6,51120,1200,51123.65,1005,90,1712790
BANKNIFTY-I.NFO,28/08/2024,09:34:49,51122.65,51120,1230,51121.8,1350,90,1712790
BANKNIFTY-I.NFO,28/08/2024,09:34:50,51121.55,51120.05,15,51120.95,150,135,1712790
BANKNIFTY-I.NFO,28/08/2024,09:34:52,51119.45,51117,15,51119.7,75,1755,1712790
BANKNIFTY-I.NFO,28/08/2024,09:34:54,51120,51118.85,15,51120.15,285,120,1712790
BANKNIFTY-I.NFO,28/08/2024,09:34:55,51116,51112.15,105,51119.55,15,105,1712790
BANKNIFTY-I.NFO,28/08/2024,09:34:57,51120,51113.2,15,51119,60,75,1712790
BANKNIFTY-I.NFO,28/08/2024,09:34:59,51118.7,51109.9,150,51118.65,165,675,1712790
BANKNIFTY-I.NFO,28/08/2024,09:35:00,51118.05,51115,60,51120,15,15,1712790
BANKNIFTY-I.NFO,28/08/2024,09:35:02,51117.6,51118.1,135,51126,15,180,1712790
BANKNIFTY-I.NFO,28/08/2024,09:35:04,51115.05,51116.1,120,51124.9,15,90,1712790
BANKNIFTY-I.NFO,28/08/2024,09:35:05,51121.8,51118,30,51120.4,30,30,1712790
BANKNIFTY-I.NFO,28/08/2024,09:35:07,51119.95,51115,60,51119.85,600,720,1712790
BANKNIFTY-I.NFO,28/08/2024,09:35:09,51120.35,51115,45,51121.85,1500,30,1712790
BANKNIFTY-I.NFO,28/08/2024,09:35:10,51115,51110.15,120,51115,855,45,1712790
BANKNIFTY-I.NFO,28/08/2024,09:35:12,51115,51111.75,120,51115,795,60,1712790
BANKNIFTY-I.NFO,28/08/2024,09:35:14,51115,51111.05,120,51115,300,645,1712790
BANKNIFTY-I.NFO,28/08/2024,09:35:15,51115,51111.95,120,51115,105,195,1712790
BANKNIFTY-I.NFO,28/08/2024,09:35:17,51115,51113.35,135,51115,75,30,1712790
BANKNIFTY-I.NFO,28/08/2024,09:35:19,51115.25,51115.8,165,51120,30,135,1712790
BANKNIFTY-I.NFO,28/08/2024,09:35:20,51120,51123,30,51125,15,45,1712790
BANKNIFTY-I.NFO,28/08/2024,09:35:22,51120.05,51124,30,51125,15,75,1712790
BANKNIFTY-I.NFO,28/08/2024,09:35:23,51119.95,51123,30,51126,15,75,1712790
BANKNIFTY-I.NFO,28/08/2024,09:35:25,51150,51142.05,15,51150,45,870,1712790
BANKNIFTY-I.NFO,28/08/2024,09:35:27,51144.25,51142.5,15,51146.85,405,105,1712790
BANKNIFTY-I.NFO,28/08/2024,09:35:28,51146.1,51143.1,15,51146.4,450,90,1712790
BANKNIFTY-I.NFO,28/08/2024,09:35:30,51144.6,51135,15,51144.35,165,120,1712790
BANKNIFTY-I.NFO,28/08/2024,09:35:32,51132.9,51135,15,51139.45,90,135,1712790
BANKNIFTY-I.NFO,28/08/2024,09:35:33,51125.4,51128.15,135,51137.95,15,645,1712790
BANKNIFTY-I.NFO,28/08/2024,09:35:35,51132.8,51130.35,15,51140.45,120,390,1712790
BANKNIFTY-I.NFO,28/08/2024,09:35:37,51135.35,51135.1,495,51140.95,15,135,1712790
BANKNIFTY-I.NFO,28/08/2024,09:35:38,51141.95,51135.1,495,51140.75,120,15,1712790
BANKNIFTY-I.NFO,28/08/2024,09:35:40,51139.95,51135.1,495,51140.1,15,480,1712790
BANKNIFTY-I.NFO,28/08/2024,09:35:42,51135.1,51135.1,450,51139.5,105,90,1712790
BANKNIFTY-I.NFO,28/08/2024,09:35:43,51140,51135.1,435,51139.65,45,75,1712790
BANKNIFTY-I.NFO,28/08/2024,09:35:45,51140,51135.25,120,51140,30,0,1712790
BANKNIFTY-I.NFO,28/08/2024,09:35:47,51140,51136.15,135,51147.45,75,60,1712790
BANKNIFTY-I.NFO,28/08/2024,09:35:48,51140,51135.1,435,51136.5,15,0,1712790
BANKNIFTY-I.NFO,28/08/2024,09:35:50,51136.5,51137.2,120,51142,15,15,1712790
BANKNIFTY-I.NFO,28/08/2024,09:35:52,51142,51139.55,120,51149.9,120,75,1712790
BANKNIFTY-I.NFO,28/08/2024,09:35:53,51149.45,51140.2,120,51149.95,30,165,1712790
BANKNIFTY-I.NFO,28/08/2024,09:35:55,51152,51150.1,120,51152.65,60,150,1712790
BANKNIFTY-I.NFO,28/08/2024,09:35:57,51165,51158.25,120,51165,75,720,1712790
BANKNIFTY-I.NFO,28/08/2024,09:35:58,51184.1,51181.3,15,51185,15,600,1712790
BANKNIFTY-I.NFO,28/08/2024,09:36:00,51206.85,51201.95,60,51208.45,75,975,1712790
BANKNIFTY-I.NFO,28/08/2024,09:36:02,51188,51186,15,51191.5,15,165,1712790
BANKNIFTY-I.NFO,28/08/2024,09:36:03,51179.1,51180,15,51187.25,15,90,1712790
BANKNIFTY-I.NFO,28/08/2024,09:36:05,51177.25,51166.85,120,51176.2,15,135,1712790
BANKNIFTY-I.NFO,28/08/2024,09:36:07,51182.9,51171.35,90,51182.75,135,1650,1712790
BANKNIFTY-I.NFO,28/08/2024,09:36:08,51169.4,51167.65,15,51178.45,120,285,1712790
BANKNIFTY-I.NFO,28/08/2024,09:36:10,51167.5,51165,30,51172.45,15,75,1712790
BANKNIFTY-I.NFO,28/08/2024,09:36:12,51174.45,51165,30,51173.95,15,510,1712790
BANKNIFTY-I.NFO,28/08/2024,09:36:13,51165,51165.15,90,51173.25,15,90,1712790
BANKNIFTY-I.NFO,28/08/2024,09:36:15,51174.9,51163.8,45,51174.7,120,75,1712790
BANKNIFTY-I.NFO,28/08/2024,09:36:17,51164.65,51155.05,75,51164.65,120,45,1712790
BANKNIFTY-I.NFO,28/08/2024,09:36:18,51156.2,51155,15,51156.2,15,435,1712790
BANKNIFTY-I.NFO,28/08/2024,09:36:20,51155,51152.8,120,51164.1,165,90,1712790
BANKNIFTY-I.NFO,28/08/2024,09:36:22,51160.95,51152,75,51160.9,15,60,1712790
BANKNIFTY-I.NFO,28/08/2024,09:36:23,51154.15,51154.05,15,51155.9,315,120,1712790
BANKNIFTY-I.NFO,28/08/2024,09:36:25,51153.1,51150.95,15,51153.85,15,300,1712790
BANKNIFTY-I.NFO,28/08/2024,09:36:26,51157.8,51151.1,120,51160.1,15,540,1712790
BANKNIFTY-I.NFO,28/08/2024,09:36:28,51153.15,51153.1,15,51159.75,15,45,1712790
BANKNIFTY-I.NFO,28/08/2024,09:36:30,51157.85,51153.1,15,51158.35,105,240,1712790
BANKNIFTY-I.NFO,28/08/2024,09:36:31,51157.85,51153.1,15,51158.9,120,0,1712790
BANKNIFTY-I.NFO,28/08/2024,09:36:33,51150.05,51150,255,51158.75,15,60,1712790
BANKNIFTY-I.NFO,28/08/2024,09:36:35,51150.05,51157,30,51157.85,15,0,1712790
BANKNIFTY-I.NFO,28/08/2024,09:36:37,51156.1,51153.05,15,51155.95,300,30,1712790
BANKNIFTY-I.NFO,28/08/2024,09:36:38,51155.7,51152.7,15,51154.7,105,15,1712790
BANKNIFTY-I.NFO,28/08/2024,09:36:40,51155.95,51153.05,15,51154.6,90,165,1712790
BANKNIFTY-I.NFO,28/08/2024,09:36:42,51157.65,51154.65,15,51157.8,15,60,1712790
BANKNIFTY-I.NFO,28/08/2024,09:36:43,51165.4,51161.15,30,51170,30,105,1712790
BANKNIFTY-I.NFO,28/08/2024,09:36:45,51170,51163.75,120,51171.95,15,45,1712790
BANKNIFTY-I.NFO,28/08/2024,09:36:47,51165.85,51161.45,15,51166.25,150,45,1712790
BANKNIFTY-I.NFO,28/08/2024,09:36:48,51165.35,51161.5,15,51163.75,405,15,1712790
BANKNIFTY-I.NFO,28/08/2024,09:36:50,51161.45,51157.8,45,51162.8,150,60,1712790
BANKNIFTY-I.NFO,28/08/2024,09:36:52,51161.45,51160.05,15,51165.85,15,0,1712790
BANKNIFTY-I.NFO,28/08/2024,09:36:53,51161.45,51160.05,15,51164.6,225,75,1716405
BANKNIFTY-I.NFO,28/08/2024,09:36:55,51160.05,51160,15,51165.35,30,30,1716405
BANKNIFTY-I.NFO,28/08/2024,09:36:57,51165.85,51165.35,45,51165.7,15,195,1716405
BANKNIFTY-I.NFO,28/08/2024,09:36:58,51160,51156.35,30,51164.85,75,60,1716405
BANKNIFTY-I.NFO,28/08/2024,09:37:00,51164,51156.4,120,51166.2,150,75,1716405
BANKNIFTY-I.NFO,28/08/2024,09:37:01,51160.05,51156.75,120,51166.5,150,120,1716405
BANKNIFTY-I.NFO,28/08/2024,09:37:03,51166.2,51156.65,135,51165.35,15,30,1716405
BANKNIFTY-I.NFO,28/08/2024,09:37:05,51164,51156.35,15,51163.9,150,30,1716405
BANKNIFTY-I.NFO,28/08/2024,09:37:06,51160.85,51160.05,90,51160.15,420,105,1716405
BANKNIFTY-I.NFO,28/08/2024,09:37:08,51159.6,51157,30,51157.9,300,660,1716405
BANKNIFTY-I.NFO,28/08/2024,09:37:10,51155,51154.25,120,51159.6,15,105,1716405
BANKNIFTY-I.NFO,28/08/2024,09:37:11,51163.3,51152.45,120,51162.8,90,210,1716405
BANKNIFTY-I.NFO,28/08/2024,09:37:13,51152.65,51155.1,120,51164.45,105,15,1716405
BANKNIFTY-I.NFO,28/08/2024,09:37:15,51166.3,51163.1,15,51166.4,75,555,1716405
BANKNIFTY-I.NFO,28/08/2024,09:37:16,51168.1,51164.75,15,51169.2,150,105,1716405
BANKNIFTY-I.NFO,28/08/2024,09:37:18,51168,51168.4,15,51170,45,75,1716405
BANKNIFTY-I.NFO,28/08/2024,09:37:20,51165,51160.45,120,51170,45,150,1716405
BANKNIFTY-I.NFO,28/08/2024,09:37:21,51167.15,51158.15,90,51165.7,150,570,1716405
BANKNIFTY-I.NFO,28/08/2024,09:37:23,51154.15,51159,30,51160.3,150,15,1716405
BANKNIFTY-I.NFO,28/08/2024,09:37:24,51159.85,51158.3,15,51158.7,45,75,1716405
BANKNIFTY-I.NFO,28/08/2024,09:37:26,51155.05,51152.15,45,51157.25,195,165,1716405
BANKNIFTY-I.NFO,28/08/2024,09:37:28,51158.6,51155,105,51158.05,150,90,1716405
BANKNIFTY-I.NFO,28/08/2024,09:37:29,51158,51155,90,51157.75,150,75,1716405
BANKNIFTY-I.NFO,28/08/2024,09:37:31,51152,51155,30,51155.7,75,315,1716405
BANKNIFTY-I.NFO,28/08/2024,09:37:33,51154.2,51152,45,51153.25,75,150,1716405
BANKNIFTY-I.NFO,28/08/2024,09:37:34,51155,51151.2,30,51155.15,855,285,1716405
BANKNIFTY-I.NFO,28/08/2024,09:37:36,51154.2,51153.35,90,51155.85,1200,15,1716405
BANKNIFTY-I.NFO,28/08/2024,09:37:38,51152.8,51151.25,15,51152.5,150,45,1716405
BANKNIFTY-I.NFO,28/08/2024,09:37:39,51154.3,51155,30,51155.25,30,30,1716405
BANKNIFTY-I.NFO,28/08/2024,09:37:41,51152.5,51151.2,30,51151.9,300,510,1716405
BANKNIFTY-I.NFO,28/08/2024,09:37:43,51152.8,51151.2,30,51154.3,750,30,1716405
BANKNIFTY-I.NFO,28/08/2024,09:37:44,51154.1,51151.2,15,51155.9,750,30,1716405
BANKNIFTY-I.NFO,28/08/2024,09:37:46,51154.7,51151.2,15,51154.7,750,30,1716405
BANKNIFTY-I.NFO,28/08/2024,09:37:48,51154.65,51151.2,15,51151.9,150,540,1716405
BANKNIFTY-I.NFO,28/08/2024,09:37:49,51150,51150.05,15,51152,15,75,1716405
BANKNIFTY-I.NFO,28/08/2024,09:37:51,51152,51152.8,45,51156.05,300,180,1716405
BANKNIFTY-I.NFO,28/08/2024,09:37:53,51154.2,51152.8,30,51152.9,300,30,1716405
BANKNIFTY-I.NFO,28/08/2024,09:37:54,51151.75,51150.2,30,51154.2,150,630,1716405
BANKNIFTY-I.NFO,28/08/2024,09:37:56,51150.2,51152,75,51152.6,600,15,1716405
BANKNIFTY-I.NFO,28/08/2024,09:37:58,51150.05,51150,300,51151.45,105,90,1716405
BANKNIFTY-I.NFO,28/08/2024,09:37:59,51147.85,51147.85,75,51148.7,600,315,1716405
BANKNIFTY-I.NFO,28/08/2024,09:38:01,51145,51138,15,51142.65,120,825,1716405
BANKNIFTY-I.NFO,28/08/2024,09:38:03,51135.1,51135.15,90,51142.85,300,675,1716405
BANKNIFTY-I.NFO,28/08/2024,09:38:04,51143.75,51135.1,285,51142.8,15,150,1716405
BANKNIFTY-I.NFO,28/08/2024,09:38:06,51136.3,51136.8,15,51146.05,150,60,1716405
BANKNIFTY-I.NFO,28/08/2024,09:38:08,51142,51143,15,51144.25,1800,90,1716405
BANKNIFTY-I.NFO,28/08/2024,09:38:09,51144.85,51136,15,51144.8,450,690,1716405
BANKNIFTY-I.NFO,28/08/2024,09:38:11,51144.45,51135.1,165,51142.25,300,60,1716405
BANKNIFTY-I.NFO,28/08/2024,09:38:13,51141.95,51135.1,165,51141.6,225,15,1716405
BANKNIFTY-I.NFO,28/08/2024,09:38:14,51135.1,51135.1,165,51141.4,450,15,1716405
BANKNIFTY-I.NFO,28/08/2024,09:38:16,51140,51135.1,15,51140.7,150,735,1716405
BANKNIFTY-I.NFO,28/08/2024,09:38:18,51135.1,51135,45,51141.65,300,75,1716405
BANKNIFTY-I.NFO,28/08/2024,09:38:19,51140.1,51135,30,51139.95,105,60,1716405
BANKNIFTY-I.NFO,28/08/2024,09:38:21,51135,51132.9,15,51135.25,15,90,1716405
BANKNIFTY-I.NFO,28/08/2024,09:38:23,51132,51131,15,51132.1,150,165,1716405
BANKNIFTY-I.NFO,28/08/2024,09:38:24,51130.1,51131.6,15,51140,30,540,1716405
BANKNIFTY-I.NFO,28/08/2024,09:38:26,51145,51143.3,15,51145,45,60,1716405
BANKNIFTY-I.NFO,28/08/2024,09:38:28,51143,51144.75,15,51145,45,30,1716405
BANKNIFTY-I.NFO,28/08/2024,09:38:29,51145,51141.5,15,51145,30,15,1716405
BANKNIFTY-I.NFO,28/08/2024,09:38:31,51145.8,51148.45,15,51150,15,105,1716405
BANKNIFTY-I.NFO,28/08/2024,09:38:33,51149.85,51148.25,15,51150,15,15,1716405
BANKNIFTY-I.NFO,28/08/2024,09:38:34,51136.05,51136.15,15,51147.05,120,465,1716405
BANKNIFTY-I.NFO,28/08/2024,09:38:36,51136.05,51137.55,15,51147.3,15,0,1716405
BANKNIFTY-I.NFO,28/08/2024,09:38:37,51137.55,51137.5,15,51145.2,15,15,1716405
BANKNIFTY-I.NFO,28/08/2024,09:38:39,51142.9,51134.4,30,51144.9,135,75,1716405
BANKNIFTY-I.NFO,28/08/2024,09:38:41,51143.55,51135.35,15,51144.7,120,45,1716405
BANKNIFTY-I.NFO,28/08/2024,09:38:43,51133.3,51132.3,15,51138.45,15,135,1716405
BANKNIFTY-I.NFO,28/08/2024,09:38:44,51132.25,51132.2,15,51138.45,15,15,1716405
BANKNIFTY-I.NFO,28/08/2024,09:38:46,51131.8,51133.35,30,51138.45,15,30,1716405
BANKNIFTY-I.NFO,28/08/2024,09:38:48,51129.3,51128.85,15,51138.95,120,555,1716405
BANKNIFTY-I.NFO,28/08/2024,09:38:49,51137.2,51128,30,51137,270,165,1716405
BANKNIFTY-I.NFO,28/08/2024,09:38:51,51128.05,51137,75,51138.35,120,45,1716405
BANKNIFTY-I.NFO,28/08/2024,09:38:53,51137.9,51128.05,90,51137.9,120,90,1716405
BANKNIFTY-I.NFO,28/08/2024,09:38:54,51128.75,51128.1,60,51137.6,120,240,1716405
BANKNIFTY-I.NFO,28/08/2024,09:38:56,51128.8,51128.05,120,51137.85,225,135,1716405
BANKNIFTY-I.NFO,28/08/2024,09:38:58,51126.8,51127.7,90,51137.85,120,75,1716405
BANKNIFTY-I.NFO,28/08/2024,09:38:59,51126.45,51126.45,30,51137.35,120,465,1716405
BANKNIFTY-I.NFO,28/08/2024,09:39:01,51134,51125,120,51134.95,120,300,1716405
BANKNIFTY-I.NFO,28/08/2024,09:39:03,51128,51125,165,51128,45,180,1716405
BANKNIFTY-I.NFO,28/08/2024,09:39:04,51123,51133,75,51135.2,120,390,1716405
BANKNIFTY-I.NFO,28/08/2024,09:39:06,51130,51123.8,15,51130,45,390,1716405
BANKNIFTY-I.NFO,28/08/2024,09:39:08,51124.75,51126,75,51127,120,705,1716405
BANKNIFTY-I.NFO,28/08/2024,09:39:09,51115.9,51115.1,15,51123.45,165,585,1716405
BANKNIFTY-I.NFO,28/08/2024,09:39:11,51123.8,51120,615,51123.6,150,720,1716405
BANKNIFTY-I.NFO,28/08/2024,09:39:13,51124,51124,45,51124.65,150,45,1716405
BANKNIFTY-I.NFO,28/08/2024,09:39:14,51123,51123,15,51124.85,15,60,1716405
BANKNIFTY-I.NFO,28/08/2024,09:39:16,51122,51122,60,51122.55,75,540,1716405
BANKNIFTY-I.NFO,28/08/2024,09:39:18,51120,51113,30,51121.45,615,360,1716405
BANKNIFTY-I.NFO,28/08/2024,09:39:19,51115.85,51120,75,51121.4,15,45,1716405
BANKNIFTY-I.NFO,28/08/2024,09:39:21,51118,51113.85,15,51121.75,30,420,1716405
BANKNIFTY-I.NFO,28/08/2024,09:39:23,51121.75,51113,15,51121.75,15,270,1716405
BANKNIFTY-I.NFO,28/08/2024,09:39:24,51120,51112.95,15,51121.75,15,60,1716405
BANKNIFTY-I.NFO,28/08/2024,09:39:26,51121,51122,15,51122.2,60,60,1716405
BANKNIFTY-I.NFO,28/08/2024,09:39:28,51121.75,51121,60,51122.25,30,135,1716405
BANKNIFTY-I.NFO,28/08/2024,09:39:29,51124,51123.15,15,51124,870,540,1716405
BANKNIFTY-I.NFO,28/08/2024,09:39:31,51118.7,51122,75,51124,885,120,1716405
BANKNIFTY-I.NFO,28/08/2024,09:39:32,51118.7,51114.7,15,51123.75,90,105,1716405
BANKNIFTY-I.NFO,28/08/2024,09:39:34,51113,51113,120,51123.15,60,90,1716405
BANKNIFTY-I.NFO,28/08/2024,09:39:36,51123.9,51118.7,15,51123.85,60,315,1716405
BANKNIFTY-I.NFO,28/08/2024,09:39:37,51114.05,51113.8,120,51123.8,75,165,1716405
BANKNIFTY-I.NFO,28/08/2024,09:39:39,51122,51123,60,51124,690,30,1716405
BANKNIFTY-I.NFO,28/08/2024,09:39:41,51121,51113,30,51123.45,120,225,1716405
BANKNIFTY-I.NFO,28/08/2024,09:39:42,51120,51114.8,15,51121.8,120,45,1716405
BANKNIFTY-I.NFO,28/08/2024,09:39:44,51112.35,51111.9,15,51122,120,60,1716405
BANKNIFTY-I.NFO,28/08/2024,09:39:46,51123.8,51115.5,15,51123.5,135,285,1716405
BANKNIFTY-I.NFO,28/08/2024,09:39:47,51123.25,51121,45,51121.75,75,75,1716405
BANKNIFTY-I.NFO,28/08/2024,09:39:49,51113.2,51113.2,45,51121.8,15,150,1716405
BANKNIFTY-I.NFO,28/08/2024,09:39:51,51123.3,51113.85,15,51122.95,1110,15,1716405
BANKNIFTY-I.NFO,28/08/2024,09:39:52,51121,51113.2,45,51119.75,60,150,1716405
BANKNIFTY-I.NFO,28/08/2024,09:39:54,51117.75,51117,75,51117.35,675,255,1715655
BANKNIFTY-I.NFO,28/08/2024,09:39:56,51110,51110,45,51110.95,150,855,1715655
BANKNIFTY-I.NFO,28/08/2024,09:39:57,51111.7,51107.5,15,51112.9,150,615,1715655
BANKNIFTY-I.NFO,28/08/2024,09:39:59,51112,51110.95,90,51111.35,150,45,1715655
BANKNIFTY-I.NFO,28/08/2024,09:40:00,51117.2,51109.2,120,51118,900,165,1715655
BANKNIFTY-I.NFO,28/08/2024,09:40:02,51105.5,51105.95,30,51114.1,15,705,1715655
BANKNIFTY-I.NFO,28/08/2024,09:40:04,51112.55,51105.45,75,51114.3,15,135,1715655
BANKNIFTY-I.NFO,28/08/2024,09:40:05,51115.9,51105.9,15,51114.7,120,600,1715655
BANKNIFTY-I.NFO,28/08/2024,09:40:07,51116.35,51112.05,15,51117.2,15,1845,1715655
BANKNIFTY-I.NFO,28/08/2024,09:40:07,51102.75,51112.05,15,51117.2,15,0,1715655
BANKNIFTY-I.NFO,28/08/2024,09:40:09,51110.45,51106.15,150,51112.85,15,465,1715655
BANKNIFTY-I.NFO,28/08/2024,09:40:10,51114,51115.35,30,51116.15,120,60,1715655
BANKNIFTY-I.NFO,28/08/2024,09:40:12,51118,51112.85,15,51117,15,690,1715655
BANKNIFTY-I.NFO,28/08/2024,09:40:14,51117.25,51116.5,90,51117.15,15,60,1715655
BANKNIFTY-I.NFO,28/08/2024,09:40:15,51112.45,51111.85,15,51118,465,390,1715655
BANKNIFTY-I.NFO,28/08/2024,09:40:17,51118,51116,15,51118,390,135,1715655
BANKNIFTY-I.NFO,28/08/2024,09:40:19,51114.25,51114.55,150,51118,300,795,1715655
BANKNIFTY-I.NFO,28/08/2024,09:40:20,51118,51112.4,30,51118,135,510,1715655
BANKNIFTY-I.NFO,28/08/2024,09:40:22,51111.15,51110.6,105,51118,90,105,1715655
BANKNIFTY-I.NFO,28/08/2024,09:40:24,51118,51112.15,15,51118,75,360,1715655
BANKNIFTY-I.NFO,28/08/2024,09:40:25,51118,51117,90,51118,75,0,1715655
BANKNIFTY-I.NFO,28/08/2024,09:40:27,51112.75,51113.25,150,51118,75,420,1715655
BANKNIFTY-I.NFO,28/08/2024,09:40:29,51120,51117,15,51120,30,105,1715655
BANKNIFTY-I.NFO,28/08/2024,09:40:30,51121,51118.3,15,51121,630,240,1715655
BANKNIFTY-I.NFO,28/08/2024,09:40:32,51121,51120,75,51121,600,105,1715655
BANKNIFTY-I.NFO,28/08/2024,09:40:34,51121,51120,15,51121.65,15,630,1715655
BANKNIFTY-I.NFO,28/08/2024,09:40:35,51121.95,51120.9,150,51123.8,150,210,1715655
BANKNIFTY-I.NFO,28/08/2024,09:40:37,51120.65,51120.3,15,51123.8,120,45,1715655
BANKNIFTY-I.NFO,28/08/2024,09:40:39,51124,51123,75,51124,540,210,1715655
BANKNIFTY-I.NFO,28/08/2024,09:40:40,51123.8,51121,15,51124,375,180,1715655
BANKNIFTY-I.NFO,28/08/2024,09:40:42,51124,51122,75,51124,360,30,1715655
BANKNIFTY-I.NFO,28/08/2024,09:40:44,51123,51121,15,51122.95,120,180,1715655
BANKNIFTY-I.NFO,28/08/2024,09:40:45,51118,51120,75,51121.65,120,150,1715655
BANKNIFTY-I.NFO,28/08/2024,09:40:47,51119.55,51116.35,15,51120.7,120,165,1715655
BANKNIFTY-I.NFO,28/08/2024,09:40:49,51121.8,51120,15,51121.8,90,60,1715655
BANKNIFTY-I.NFO,28/08/2024,09:40:51,51120.7,51120,90,51121.25,120,135,1715655
BANKNIFTY-I.NFO,28/08/2024,09:40:52,51118,51118,60,51120.05,150,135,1715655
BANKNIFTY-I.NFO,28/08/2024,09:40:54,51115,51120.05,15,51121.1,15,60,1715655
BANKNIFTY-I.NFO,28/08/2024,09:40:56,51115,51120.05,15,51121.55,15,0,1715655
BANKNIFTY-I.NFO,28/08/2024,09:40:57,51120,51115.85,15,51120,30,90,1715655
BANKNIFTY-I.NFO,28/08/2024,09:40:59,51118.15,51115.85,15,51120,15,15,1715655
BANKNIFTY-I.NFO,28/08/2024,09:41:01,51120,51119,45,51120.05,15,45,1715655
BANKNIFTY-I.NFO,28/08/2024,09:41:02,51120,51115.85,15,51120.05,15,45,1715655
BANKNIFTY-I.NFO,28/08/2024,09:41:04,51120,51119,75,51120.05,15,0,1715655
BANKNIFTY-I.NFO,28/08/2024,09:41:06,51120,51120,75,51120.05,15,15,1715655
BANKNIFTY-I.NFO,28/08/2024,09:41:07,51120,51120,75,51120.05,15,60,1715655
BANKNIFTY-I.NFO,28/08/2024,09:41:09,51121.9,51119,15,51122.9,15,120,1715655
BANKNIFTY-I.NFO,28/08/2024,09:41:11,51121.9,51119.55,15,51122.9,15,0,1715655
BANKNIFTY-I.NFO,28/08/2024,09:41:12,51123,51119.7,15,51123,15,90,1715655
BANKNIFTY-I.NFO,28/08/2024,09:41:14,51123,51123,60,51124,330,75,1715655
BANKNIFTY-I.NFO,28/08/2024,09:41:15,51139,51135.05,15,51139,30,2175,1715655
BANKNIFTY-I.NFO,28/08/2024,09:41:17,51137.55,51131.95,15,51136.25,150,90,1715655
BANKNIFTY-I.NFO,28/08/2024,09:41:19,51137.35,51136,45,51137.85,15,225,1715655
BANKNIFTY-I.NFO,28/08/2024,09:41:20,51137.55,51128,120,51137.65,15,75,1715655
BANKNIFTY-I.NFO,28/08/2024,09:41:22,51139,51139,45,51139.9,15,30,1715655
BANKNIFTY-I.NFO,28/08/2024,09:41:24,51140,51139.05,15,51141.4,75,180,1715655
BANKNIFTY-I.NFO,28/08/2024,09:41:25,51141.8,51140.45,15,51140.95,300,135,1715655
BANKNIFTY-I.NFO,28/08/2024,09:41:27,51140.35,51139.05,15,51140.05,300,300,1715655
BANKNIFTY-I.NFO,28/08/2024,09:41:29,51139.5,51137.05,15,51137.5,150,240,1715655
BANKNIFTY-I.NFO,28/08/2024,09:41:30,51138.4,51137.75,15,51138.05,1350,90,1715655
BANKNIFTY-I.NFO,28/08/2024,09:41:32,51139.45,51139,90,51139.55,1350,300,1715655
BANKNIFTY-I.NFO,28/08/2024,09:41:34,51137.95,51132.05,15,51137.95,675,165,1715655
BANKNIFTY-I.NFO,28/08/2024,09:41:35,51131.75,51130.65,120,51138.1,15,435,1715655
BANKNIFTY-I.NFO,28/08/2024,09:41:37,51133,51133.8,15,51139.5,30,30,1715655
BANKNIFTY-I.NFO,28/08/2024,09:41:39,51139.5,51130.6,15,51139.45,45,15,1715655
BANKNIFTY-I.NFO,28/08/2024,09:41:40,51142.65,51138.7,15,51141.85,15,195,1715655
BANKNIFTY-I.NFO,28/08/2024,09:41:42,51142.65,51141.5,15,51142.15,1515,15,1715655
BANKNIFTY-I.NFO,28/08/2024,09:41:44,51141.5,51140.05,15,51142.65,15,180,1715655
BANKNIFTY-I.NFO,28/08/2024,09:41:45,51141.5,51142.4,15,51142.7,15,0,1715655
BANKNIFTY-I.NFO,28/08/2024,09:41:47,51142.65,51141.9,15,51142.75,15,15,1715655
BANKNIFTY-I.NFO,28/08/2024,09:41:49,51146.75,51146.55,15,51149,15,195,1715655
BANKNIFTY-I.NFO,28/08/2024,09:41:50,51146.75,51148.7,15,51149,15,0,1715655
BANKNIFTY-I.NFO,28/08/2024,09:41:52,51149,51147.5,15,51149.9,15,15,1715655
BANKNIFTY-I.NFO,28/08/2024,09:41:54,51149,51149.6,15,51149.9,15,15,1715655
BANKNIFTY-I.NFO,28/08/2024,09:41:55,51149.85,51149.05,30,51149.9,15,30,1715655
BANKNIFTY-I.NFO,28/08/2024,09:41:57,51150,51149,15,51149.7,600,330,1715655
BANKNIFTY-I.NFO,28/08/2024,09:41:59,51149.75,51149.75,15,51150,30,15,1715655
BANKNIFTY-I.NFO,28/08/2024,09:42:00,51150,51151.3,15,51152.3,150,30,1715655
BANKNIFTY-I.NFO,28/08/2024,09:42:02,51153.6,51153.5,15,51154.05,300,60,1715655
BANKNIFTY-I.NFO,28/08/2024,09:42:04,51154.65,51152.3,15,51155,60,30,1715655
BANKNIFTY-I.NFO,28/08/2024,09:42:05,51156.9,51155.5,15,51158.05,105,240,1715655
BANKNIFTY-I.NFO,28/08/2024,09:42:07,51157.6,51157.75,15,51159.65,450,30,1715655
BANKNIFTY-I.NFO,28/08/2024,09:42:09,51157.6,51159.75,15,51160,540,0,1715655
BANKNIFTY-I.NFO,28/08/2024,09:42:10,51157.45,51155.6,15,51156.5,600,90,1715655
BANKNIFTY-I.NFO,28/08/2024,09:42:12,51152.3,51151.75,15,51152.3,105,360,1715655
BANKNIFTY-I.NFO,28/08/2024,09:42:14,51154.3,51154.75,15,51155.25,600,375,1715655
BANKNIFTY-I.NFO,28/08/2024,09:42:15,51153.9,51152.4,15,51153.95,30,270,1715655
BANKNIFTY-I.NFO,28/08/2024,09:42:17,51154.05,51153.05,15,51155.3,150,15,1715655
BANKNIFTY-I.NFO,28/08/2024,09:42:19,51150.05,51151.55,15,51151.95,150,120,1715655
BANKNIFTY-I.NFO,28/08/2024,09:42:20,51148.35,51142.65,30,51148.8,165,495,1715655
BANKNIFTY-I.NFO,28/08/2024,09:42:22,51139.05,51139.05,120,51147.9,15,300,1715655
BANKNIFTY-I.NFO,28/08/2024,09:42:24,51139.8,51142.75,105,51150,15,15,1715655
BANKNIFTY-I.NFO,28/08/2024,09:42:25,51152.3,51141.3,105,51151.9,120,75,1715655
BANKNIFTY-I.NFO,28/08/2024,09:42:27,51151.7,51139.05,120,51149.1,15,15,1715655
BANKNIFTY-I.NFO,28/08/2024,09:42:29,51148.95,51139.05,120,51149.1,120,30,1715655
BANKNIFTY-I.NFO,28/08/2024,09:42:30,51148.95,51139.05,120,51147,15,15,1715655
BANKNIFTY-I.NFO,28/08/2024,09:42:32,51136.05,51136.25,30,51147.1,135,510,1715655
BANKNIFTY-I.NFO,28/08/2024,09:42:34,51136.05,51145,150,51146.1,15,0,1715655
BANKNIFTY-I.NFO,28/08/2024,09:42:35,51143.95,51140.35,15,51143.4,450,300,1715655
BANKNIFTY-I.NFO,28/08/2024,09:42:37,51143.95,51140.35,105,51142.4,15,0,1715655
BANKNIFTY-I.NFO,28/08/2024,09:42:38,51139.5,51136.05,15,51142.1,15,120,1715655
BANKNIFTY-I.NFO,28/08/2024,09:42:40,51142.1,51144,15,51144.6,15,15,1715655
BANKNIFTY-I.NFO,28/08/2024,09:42:42,51144.9,51144,15,51145,30,45,1715655
BANKNIFTY-I.NFO,28/08/2024,09:42:43,51145,51144.15,30,51148.95,150,15,1715655
BANKNIFTY-I.NFO,28/08/2024,09:42:45,51148.95,51144,15,51148.95,90,105,1715655
BANKNIFTY-I.NFO,28/08/2024,09:42:47,51148.95,51144,15,51148.95,90,0,1715655
BANKNIFTY-I.NFO,28/08/2024,09:42:49,51142.1,51142.1,90,51148.95,90,75,1715655
BANKNIFTY-I.NFO,28/08/2024,09:42:50,51148.95,51148.05,15,51148.95,75,30,1715655
BANKNIFTY-I.NFO,28/08/2024,09:42:52,51148,51148.75,15,51148.95,75,30,1715655
BANKNIFTY-I.NFO,28/08/2024,09:42:54,51148.95,51148.05,15,51148.95,105,30,1708365
BANKNIFTY-I.NFO,28/08/2024,09:42:55,51150,51149.7,15,51149.8,990,135,1708365
BANKNIFTY-I.NFO,28/08/2024,09:42:57,51150.35,51148.95,120,51149.2,150,300,1708365
BANKNIFTY-I.NFO,28/08/2024,09:42:59,51148.75,51145,75,51147.15,15,225,1708365
BANKNIFTY-I.NFO,28/08/2024,09:43:00,51148.75,51145,180,51146.95,15,0,1708365
BANKNIFTY-I.NFO,28/08/2024,09:43:02,51145.95,51145.05,15,51146.2,150,60,1708365
BANKNIFTY-I.NFO,28/08/2024,09:43:04,51146.7,51145.05,15,51146.3,615,195,1708365
BANKNIFTY-I.NFO,28/08/2024,09:43:05,51146.4,51145.7,15,51146.35,60,165,1708365
BANKNIFTY-I.NFO,28/08/2024,09:43:07,51145,51140,30,51144.9,75,345,1708365
BANKNIFTY-I.NFO,28/08/2024,09:43:09,51141.3,51140,45,51141.4,300,450,1708365
BANKNIFTY-I.NFO,28/08/2024,09:43:10,51141.65,51133.8,15,51143,360,405,1708365
BANKNIFTY-I.NFO,28/08/2024,09:43:12,51140,51135,15,51139.75,1215,1380,1708365
BANKNIFTY-I.NFO,28/08/2024,09:43:14,51139.4,51135,15,51139.4,15,150,1708365
BANKNIFTY-I.NFO,28/08/2024,09:43:15,51136.95,51137,135,51137.5,150,1080,1708365
BANKNIFTY-I.NFO,28/08/2024,09:43:17,51138.55,51131.75,15,51139.9,15,360,1708365
BANKNIFTY-I.NFO,28/08/2024,09:43:19,51141.2,51142.8,15,51143.9,120,135,1708365
BANKNIFTY-I.NFO,28/08/2024,09:43:20,51130.2,51128.8,15,51130.2,90,345,1708365
BANKNIFTY-I.NFO,28/08/2024,09:43:22,51128.8,51137,150,51138.4,15,90,1708365
BANKNIFTY-I.NFO,28/08/2024,09:43:24,51141.4,51132.3,30,51143.65,15,195,1708365
BANKNIFTY-I.NFO,28/08/2024,09:43:25,51141.9,51140.15,15,51142.1,300,570,1708365
BANKNIFTY-I.NFO,28/08/2024,09:43:27,51141.85,51137.95,15,51141.65,300,30,1708365
BANKNIFTY-I.NFO,28/08/2024,09:43:29,51142.75,51141.95,15,51142.85,390,30,1708365
BANKNIFTY-I.NFO,28/08/2024,09:43:30,51141.05,51140,150,51141.05,150,435,1708365
BANKNIFTY-I.NFO,28/08/2024,09:43:32,51141.35,51133.75,30,51141.5,450,885,1708365
BANKNIFTY-I.NFO,28/08/2024,09:43:34,51141.85,51141.85,15,51142.65,330,30,1708365
BANKNIFTY-I.NFO,28/08/2024,09:43:35,51141.85,51139.5,15,51141,15,15,1708365
BANKNIFTY-I.NFO,28/08/2024,09:43:37,51141.3,51141.05,15,51141.7,1110,45,1708365
BANKNIFTY-I.NFO,28/08/2024,09:43:39,51143.95,51143.25,15,51143.95,405,525,1708365
BANKNIFTY-I.NFO,28/08/2024,09:43:40,51143.35,51134.25,120,51142.55,300,30,1708365
BANKNIFTY-I.NFO,28/08/2024,09:43:42,51142,51138.1,15,51142.45,105,45,1708365
BANKNIFTY-I.NFO,28/08/2024,09:43:44,51140.15,51140.1,15,51141.75,150,480,1708365
BANKNIFTY-I.NFO,28/08/2024,09:43:45,51141.7,51140.85,105,51142.25,300,15,1708365
BANKNIFTY-I.NFO,28/08/2024,09:43:47,51143.3,51143,15,51144,30,540,1708365
BANKNIFTY-I.NFO,28/08/2024,09:43:49,51138.7,51136.55,15,51138.7,60,165,1708365
BANKNIFTY-I.NFO,28/08/2024,09:43:50,51130.5,51132.8,120,51138.85,315,60,1708365
BANKNIFTY-I.NFO,28/08/2024,09:43:52,51131.95,51131.9,90,51135.6,270,15,1708365
BANKNIFTY-I.NFO,28/08/2024,09:43:54,51137.9,51137.55,15,51138.65,375,600,1708365
BANKNIFTY-I.NFO,28/08/2024,09:43:55,51137.95,51137.25,15,51137.3,300,30,1708365
BANKNIFTY-I.NFO,28/08/2024,09:43:57,51137.45,51136.15,15,51136.65,150,15,1708365
BANKNIFTY-I.NFO,28/08/2024,09:43:59,51136.35,51133.2,15,51135.9,75,45,1708365
BANKNIFTY-I.NFO,28/08/2024,09:44:00,51134.3,51133.4,15,51134.85,75,270,1708365
BANKNIFTY-I.NFO,28/08/2024,09:44:02,51131.95,51131.15,15,51133.3,300,855,1708365
BANKNIFTY-I.NFO,28/08/2024,09:44:03,51131.4,51130.75,15,51131.35,150,90,1708365
BANKNIFTY-I.NFO,28/08/2024,09:44:05,51130.8,51130.65,15,51131.3,675,30,1708365
BANKNIFTY-I.NFO,28/08/2024,09:44:07,51129.7,51127.35,15,51130.75,300,540,1708365
BANKNIFTY-I.NFO,28/08/2024,09:44:08,51125,51125,30,51130.95,300,525,1708365
BANKNIFTY-I.NFO,28/08/2024,09:44:10,51131.45,51125.05,15,51128.7,300,270,1708365
BANKNIFTY-I.NFO,28/08/2024,09:44:12,51128.6,51128.3,15,51129.15,15,45,1708365
BANKNIFTY-I.NFO,28/08/2024,09:44:13,51128.6,51129.05,15,51129.15,15,0,1708365
BANKNIFTY-I.NFO,28/08/2024,09:44:15,51129.15,51130.2,15,51130.35,300,15,1708365
BANKNIFTY-I.NFO,28/08/2024,09:44:17,51130.1,51127.6,15,51131.1,15,150,1708365
BANKNIFTY-I.NFO,28/08/2024,09:44:18,51125.35,51125.3,105,51125.35,75,240,1708365
BANKNIFTY-I.NFO,28/08/2024,09:44:20,51125.4,51125.3,30,51125.85,105,180,1708365
BANKNIFTY-I.NFO,28/08/2024,09:44:22,51126.05,51126,15,51126.05,420,60,1708365
BANKNIFTY-I.NFO,28/08/2024,09:44:23,51117.25,51115,780,51119.75,15,1710,1708365
BANKNIFTY-I.NFO,28/08/2024,09:44:25,51115.25,51113,150,51113.55,375,900,1708365
BANKNIFTY-I.NFO,28/08/2024,09:44:27,51107.05,51105,165,51107.05,60,1860,1708365
BANKNIFTY-I.NFO,28/08/2024,09:44:28,51114.5,51105.75,15,51112.75,15,240,1708365
BANKNIFTY-I.NFO,28/08/2024,09:44:30,51114.45,51105.95,135,51112.7,30,180,1708365
BANKNIFTY-I.NFO,28/08/2024,09:44:32,51112.7,51106.05,15,51112.4,105,30,1708365
BANKNIFTY-I.NFO,28/08/2024,09:44:33,51106.1,51106.1,90,51115.7,300,705,1708365
BANKNIFTY-I.NFO,28/08/2024,09:44:35,51106.1,51109.2,90,51114.45,15,0,1708365
BANKNIFTY-I.NFO,28/08/2024,09:44:37,51110.85,51114,15,51114.45,15,330,1708365
BANKNIFTY-I.NFO,28/08/2024,09:44:38,51117.25,51115.05,15,51116.3,300,45,1708365
BANKNIFTY-I.NFO,28/08/2024,09:44:40,51108,51107.5,15,51108,210,960,1708365
BANKNIFTY-I.NFO,28/08/2024,09:44:42,51108,51106.05,15,51108,45,225,1708365
BANKNIFTY-I.NFO,28/08/2024,09:44:43,51114.9,51107.35,30,51117.1,255,60,1708365
BANKNIFTY-I.NFO,28/08/2024,09:44:45,51107.65,51113,150,51115,15,45,1708365
BANKNIFTY-I.NFO,28/08/2024,09:44:47,51115.15,51112.95,105,51117,450,90,1708365
BANKNIFTY-I.NFO,28/08/2024,09:44:48,51116.5,51112.15,15,51116.4,15,555,1708365
BANKNIFTY-I.NFO,28/08/2024,09:44:50,51116.2,51115.8,15,51116,300,15,1708365
BANKNIFTY-I.NFO,28/08/2024,09:44:52,51115.05,51115,135,51116.45,300,30,1708365
BANKNIFTY-I.NFO,28/08/2024,09:44:53,51109.45,51107,15,51109.45,60,345,1708365
BANKNIFTY-I.NFO,28/08/2024,09:44:55,51106,51106,465,51111.55,75,135,1708365
BANKNIFTY-I.NFO,28/08/2024,09:44:57,51106,51106.95,15,51110.95,15,120,1708365
BANKNIFTY-I.NFO,28/08/2024,09:44:58,51106.9,51110.4,45,51111.2,300,60,1708365
BANKNIFTY-I.NFO,28/08/2024,09:45:00,51106,51106,120,51110.65,975,300,1708365
BANKNIFTY-I.NFO,28/08/2024,09:45:02,51108.8,51106.05,15,51109.6,15,105,1708365
BANKNIFTY-I.NFO,28/08/2024,09:45:03,51107.9,51106.2,15,51109.05,15,150,1708365
BANKNIFTY-I.NFO,28/08/2024,09:45:05,51107.9,51108.6,15,51109.05,15,0,1708365
BANKNIFTY-I.NFO,28/08/2024,09:45:07,51109.15,51109.05,15,51109.3,450,90,1708365
BANKNIFTY-I.NFO,28/08/2024,09:45:08,51096.6,51098,45,51098.7,15,6675,1708365
BANKNIFTY-I.NFO,28/08/2024,09:45:08,51091.85,51098,45,51098.7,15,0,1708365
BANKNIFTY-I.NFO,28/08/2024,09:45:10,51101.95,51100,150,51101.35,600,1095,1708365
BANKNIFTY-I.NFO,28/08/2024,09:45:12,51095.05,51095,90,51097.65,120,990,1708365
BANKNIFTY-I.NFO,28/08/2024,09:45:12,51091.4,51095,90,51097.65,120,0,1708365
BANKNIFTY-I.NFO,28/08/2024,09:45:13,51096.05,51096.05,15,51096.65,300,615,1708365
BANKNIFTY-I.NFO,28/08/2024,09:45:15,51091,51090,180,51094.55,105,615,1708365
BANKNIFTY-I.NFO,28/08/2024,09:45:15,51090,51090,180,51094.55,105,0,1708365
BANKNIFTY-I.NFO,28/08/2024,09:45:16,51091,51090,135,51094.5,15,300,1708365
BANKNIFTY-I.NFO,28/08/2024,09:45:18,51094.45,51091.05,15,51097,15,150,1708365
BANKNIFTY-I.NFO,28/08/2024,09:45:20,51090.2,51090.2,180,51095.6,150,105,1708365
BANKNIFTY-I.NFO,28/08/2024,09:45:21,51094,51094,105,51094.9,15,45,1708365
BANKNIFTY-I.NFO,28/08/2024,09:45:23,51094.65,51094.65,30,51094.9,15,165,1708365
BANKNIFTY-I.NFO,28/08/2024,09:45:25,51099.7,51098.35,15,51099.85,15,180,1708365
BANKNIFTY-I.NFO,28/08/2024,09:45:26,51101.95,51100.7,15,51101.95,75,165,1708365
BANKNIFTY-I.NFO,28/08/2024,09:45:28,51100.1,51100.1,60,51101.95,75,90,1708365
BANKNIFTY-I.NFO,28/08/2024,09:45:30,51101.05,51101,135,51101.35,45,480,1708365
BANKNIFTY-I.NFO,28/08/2024,09:45:31,51108.9,51105.7,15,51109.05,210,240,1708365
BANKNIFTY-I.NFO,28/08/2024,09:45:33,51107.05,51108.05,105,51109.05,180,405,1708365
BANKNIFTY-I.NFO,28/08/2024,09:45:35,51114.6,51111.9,15,51114.15,300,870,1708365
BANKNIFTY-I.NFO,28/08/2024,09:45:36,51113.4,51112.9,15,51116.2,600,60,1708365
BANKNIFTY-I.NFO,28/08/2024,09:45:38,51111.85,51112.4,15,51117.45,300,45,1708365
BANKNIFTY-I.NFO,28/08/2024,09:45:40,51107.1,51109.1,105,51116.35,120,240,1708365
BANKNIFTY-I.NFO,28/08/2024,09:45:41,51115.85,51105.5,15,51112.75,105,810,1708365
BANKNIFTY-I.NFO,28/08/2024,09:45:43,51111.75,51103.9,30,51111.2,825,300,1708365
BANKNIFTY-I.NFO,28/08/2024,09:45:45,51104.4,51111,15,51114.8,15,165,1708365
BANKNIFTY-I.NFO,28/08/2024,09:45:46,51104.2,51106.2,105,51114.8,15,315,1708365
BANKNIFTY-I.NFO,28/08/2024,09:45:48,51104.2,51112.75,15,51114.8,15,30,1708365
BANKNIFTY-I.NFO,28/08/2024,09:45:50,51116.3,51112.75,15,51117.65,60,510,1708365
BANKNIFTY-I.NFO,28/08/2024,09:45:51,51113.55,51105.85,15,51112.4,150,810,1708365
BANKNIFTY-I.NFO,28/08/2024,09:45:53,51111.8,51105.85,15,51111,300,15,1708365
BANKNIFTY-I.NFO,28/08/2024,09:45:55,51112.75,51110,450,51113.15,15,300,1717050
BANKNIFTY-I.NFO,28/08/2024,09:45:56,51111.45,51110,450,51111.25,150,720,1717050
BANKNIFTY-I.NFO,28/08/2024,09:45:58,51110,51110.05,15,51111,300,15,1717050
BANKNIFTY-I.NFO,28/08/2024,09:46:00,51110,51110.05,15,51113.3,150,0,1717050
BANKNIFTY-I.NFO,28/08/2024,09:46:01,51113.2,51112.45,15,51113.35,1050,30,1717050
BANKNIFTY-I.NFO,28/08/2024,09:46:03,51113.2,51115.25,15,51118.75,150,60,1717050
BANKNIFTY-I.NFO,28/08/2024,09:46:05,51119.3,51119.6,15,51120,30,45,1717050
BANKNIFTY-I.NFO,28/08/2024,09:46:06,51124.15,51114.9,15,51122.7,300,915,1717050
BANKNIFTY-I.NFO,28/08/2024,09:46:08,51121.4,51119.3,60,51119.5,15,90,1717050
BANKNIFTY-I.NFO,28/08/2024,09:46:10,51124.6,51119.3,45,51125,15,45,1717050
BANKNIFTY-I.NFO,28/08/2024,09:46:11,51124.6,51120.3,120,51125,15,0,1717050
BANKNIFTY-I.NFO,28/08/2024,09:46:13,51134.85,51130.55,15,51133.85,105,165,1717050
BANKNIFTY-I.NFO,28/08/2024,09:46:15,51132.1,51130.3,15,51131.4,225,630,1717050
BANKNIFTY-I.NFO,28/08/2024,09:46:16,51120,51120.15,120,51130.25,15,240,1717050
BANKNIFTY-I.NFO,28/08/2024,09:46:18,51120,51128.6,15,51129.05,150,30,1717050
BANKNIFTY-I.NFO,28/08/2024,09:46:20,51120,51129.85,15,51130,15,0,1717050
BANKNIFTY-I.NFO,28/08/2024,09:46:21,51133.3,51131.2,15,51132.4,300,30,1717050
BANKNIFTY-I.NFO,28/08/2024,09:46:23,51131.95,51130.15,15,51130.3,30,30,1717050
BANKNIFTY-I.NFO,28/08/2024,09:46:25,51133.1,51130,15,51132.4,15,300,1717050
BANKNIFTY-I.NFO,28/08/2024,09:46:26,51122.15,51128.85,15,51134.75,15,75,1717050
BANKNIFTY-I.NFO,28/08/2024,09:46:28,51135,51128.9,120,51135,15,105,1717050
BANKNIFTY-I.NFO,28/08/2024,09:46:30,51135,51135.05,15,51137,30,45,1717050
BANKNIFTY-I.NFO,28/08/2024,09:46:31,51140,51138.75,15,51140,30,165,1717050
BANKNIFTY-I.NFO,28/08/2024,09:46:33,51140,51140.45,15,51140.75,300,30,1717050
BANKNIFTY-I.NFO,28/08/2024,09:46:35,51140,51139.55,15,51139.95,300,270,1717050
BANKNIFTY-I.NFO,28/08/2024,09:46:36,51140.7,51140.55,15,51141.3,405,90,1717050
BANKNIFTY-I.NFO,28/08/2024,09:46:38,51140.5,51140.05,105,51142,60,30,1717050
BANKNIFTY-I.NFO,28/08/2024,09:46:40,51141.75,51141.55,15,51142.35,15,120,1717050
BANKNIFTY-I.NFO,28/08/2024,09:46:41,51139.8,51139.75,270,51144,30,30,1717050
BANKNIFTY-I.NFO,28/08/2024,09:46:43,51140,51140.55,120,51144,15,90,1717050
BANKNIFTY-I.NFO,28/08/2024,09:46:45,51144.2,51144.6,120,51148.7,45,360,1717050
BANKNIFTY-I.NFO,28/08/2024,09:46:46,51148.75,51144.7,15,51148.75,90,195,1717050
BANKNIFTY-I.NFO,28/08/2024,09:46:48,51142.3,51142.35,120,51150,120,315,1717050
BANKNIFTY-I.NFO,28/08/2024,09:46:50,51148.95,51147,150,51148.85,600,225,1717050
BANKNIFTY-I.NFO,28/08/2024,09:46:51,51145.65,51144,150,51144.45,300,390,1717050
BANKNIFTY-I.NFO,28/08/2024,09:46:53,51148.1,51147,150,51147.35,675,60,1717050
BANKNIFTY-I.NFO,28/08/2024,09:46:54,51147.7,51139.75,165,51147.85,150,180,1717050
BANKNIFTY-I.NFO,28/08/2024,09:46:56,51144,51144,120,51145,150,360,1717050
BANKNIFTY-I.NFO,28/08/2024,09:46:58,51148,51144.3,15,51148.5,15,135,1717050
BANKNIFTY-I.NFO,28/08/2024,09:46:59,51147.45,51146.25,15,51147.35,300,60,1717050
BANKNIFTY-I.NFO,28/08/2024,09:47:01,51139.8,51139.75,240,51139.8,75,60,1717050
BANKNIFTY-I.NFO,28/08/2024,09:47:03,51144.4,51143.8,90,51146.7,600,105,1717050
BANKNIFTY-I.NFO,28/08/2024,09:47:05,51142.3,51142.4,15,51145.4,15,15,1717050
BANKNIFTY-I.NFO,28/08/2024,09:47:06,51146.85,51145.9,15,51147.7,15,60,1717050
BANKNIFTY-I.NFO,28/08/2024,09:47:08,51146.55,51145.8,15,51146.95,150,105,1717050
BANKNIFTY-I.NFO,28/08/2024,09:47:10,51145.85,51144.95,15,51145.9,15,45,1717050
BANKNIFTY-I.NFO,28/08/2024,09:47:11,51145,51142.4,15,51144.95,120,45,1717050
BANKNIFTY-I.NFO,28/08/2024,09:47:13,51143.85,51143.85,15,51144.95,120,15,1717050
BANKNIFTY-I.NFO,28/08/2024,09:47:15,51143.85,51144.9,15,51144.95,120,30,1717050
BANKNIFTY-I.NFO,28/08/2024,09:47:16,51144.3,51142.4,15,51144.95,90,45,1717050
BANKNIFTY-I.NFO,28/08/2024,09:47:18,51144.95,51144.65,15,51144.95,75,15,1717050
BANKNIFTY-I.NFO,28/08/2024,09:47:20,51144.95,51144.4,15,51146,15,75,1717050
BANKNIFTY-I.NFO,28/08/2024,09:47:21,51142.1,51144.9,30,51147.7,15,480,1717050
BANKNIFTY-I.NFO,28/08/2024,09:47:23,51147.7,51147.65,15,51148.1,15,30,1717050
BANKNIFTY-I.NFO,28/08/2024,09:47:25,51148.1,51148.6,15,51148.8,600,15,1717050
BANKNIFTY-I.NFO,28/08/2024,09:47:26,51148.9,51147.65,15,51148.4,450,15,1717050
BANKNIFTY-I.NFO,28/08/2024,09:47:28,51145,51145,60,51148.95,60,285,1717050
BANKNIFTY-I.NFO,28/08/2024,09:47:30,51148.4,51146.05,15,51146.85,150,180,1717050
BANKNIFTY-I.NFO,28/08/2024,09:47:31,51143.35,51140.1,30,51142.45,225,165,1717050
BANKNIFTY-I.NFO,28/08/2024,09:47:33,51141.5,51138.95,15,51142.4,15,150,1717050
BANKNIFTY-I.NFO,28/08/2024,09:47:35,51142.4,51138.95,15,51142.4,300,15,1717050
BANKNIFTY-I.NFO,28/08/2024,09:47:36,51141.5,51140.95,15,51142.95,15,300,1717050
BANKNIFTY-I.NFO,28/08/2024,09:47:38,51143.1,51141.05,15,51142.95,300,150,1717050
BANKNIFTY-I.NFO,28/08/2024,09:47:40,51142.1,51142.1,15,51142.2,150,15,1717050
BANKNIFTY-I.NFO,28/08/2024,09:47:41,51139.6,51139.55,105,51139.6,45,105,1717050
BANKNIFTY-I.NFO,28/08/2024,09:47:43,51137.75,51134,15,51136.4,150,165,1717050
BANKNIFTY-I.NFO,28/08/2024,09:47:44,51137.75,51132.75,15,51133.85,300,0,1717050
BANKNIFTY-I.NFO,28/08/2024,09:47:46,51132.8,51132.8,105,51136.95,15,45,1717050
BANKNIFTY-I.NFO,28/08/2024,09:47:48,51140.6,51137.35,15,51139.95,165,120,1717050
BANKNIFTY-I.NFO,28/08/2024,09:47:49,51134.4,51134.45,15,51136.05,75,90,1717050
BANKNIFTY-I.NFO,28/08/2024,09:47:51,51139.3,51136.1,15,51139.75,15,375,1717050
BANKNIFTY-I.NFO,28/08/2024,09:47:53,51139.3,51138.85,15,51139.1,600,0,1717050
BANKNIFTY-I.NFO,28/08/2024,09:47:54,51137.25,51135,15,51137.25,15,45,1717050
BANKNIFTY-I.NFO,28/08/2024,09:47:56,51128.2,51128.2,15,51130,45,255,1717050
BANKNIFTY-I.NFO,28/08/2024,09:47:58,51133.25,51130.4,15,51131.9,315,210,1717050
BANKNIFTY-I.NFO,28/08/2024,09:47:59,51125.05,51128.85,15,51132.65,15,180,1717050
BANKNIFTY-I.NFO,28/08/2024,09:48:01,51125.05,51131.8,15,51132.6,300,75,1717050
BANKNIFTY-I.NFO,28/08/2024,09:48:03,51132.15,51131.4,15,51132,150,210,1717050
BANKNIFTY-I.NFO,28/08/2024,09:48:04,51132.15,51128.75,15,51131.9,15,0,1717050
BANKNIFTY-I.NFO,28/08/2024,09:48:06,51128.75,51131.45,15,51133.95,15,60,1717050
BANKNIFTY-I.NFO,28/08/2024,09:48:08,51128.75,51125.05,120,51133.05,15,15,1717050
BANKNIFTY-I.NFO,28/08/2024,09:48:09,51125.05,51125,255,51130,120,60,1717050
BANKNIFTY-I.NFO,28/08/2024,09:48:11,51130,51128.8,45,51130,60,120,1717050
BANKNIFTY-I.NFO,28/08/2024,09:48:13,51130,51128.8,60,51130,60,0,1717050
BANKNIFTY-I.NFO,28/08/2024,09:48:14,51128.8,51128.8,30,51130,60,30,1717050
BANKNIFTY-I.NFO,28/08/2024,09:48:16,51130.75,51125,255,51131.25,15,360,1717050
BANKNIFTY-I.NFO,28/08/2024,09:48:18,51131.6,51130.25,15,51132.15,15,180,1717050
BANKNIFTY-I.NFO,28/08/2024,09:48:19,51131.6,51132.55,15,51133.05,15,0,1717050
BANKNIFTY-I.NFO,28/08/2024,09:48:21,51137,51137.6,15,51139.3,15,45,1717050
BANKNIFTY-I.NFO,28/08/2024,09:48:23,51139.3,51138.55,15,51140,30,15,1717050
BANKNIFTY-I.NFO,28/08/2024,09:48:24,51137.95,51135.7,15,51140.65,15,120,1717050
BANKNIFTY-I.NFO,28/08/2024,09:48:26,51137.7,51131.5,105,51138,150,150,1717050
BANKNIFTY-I.NFO,28/08/2024,09:48:28,51138.2,51131.45,105,51138.35,300,90,1717050
BANKNIFTY-I.NFO,28/08/2024,09:48:29,51134.35,51131.45,105,51136.5,15,75,1717050
BANKNIFTY-I.NFO,28/08/2024,09:48:31,51137.5,51131.5,15,51137.05,15,30,1717050
BANKNIFTY-I.NFO,28/08/2024,09:48:33,51139.1,51134.75,15,51137.7,105,540,1717050
BANKNIFTY-I.NFO,28/08/2024,09:48:34,51137.05,51131.5,15,51137.95,300,15,1717050
BANKNIFTY-I.NFO,28/08/2024,09:48:36,51137.55,51131.55,15,51138.2,15,15,1717050
BANKNIFTY-I.NFO,28/08/2024,09:48:38,51138.55,51137.6,15,51138.75,15,510,1717050
BANKNIFTY-I.NFO,28/08/2024,09:48:39,51139.9,51137.6,15,51141.6,195,675,1717050
BANKNIFTY-I.NFO,28/08/2024,09:48:41,51145,51144.05,15,51146,30,75,1717050
BANKNIFTY-I.NFO,28/08/2024,09:48:43,51142.25,51147.05,15,51148.6,15,75,1717050
BANKNIFTY-I.NFO,28/08/2024,09:48:44,51148.95,51146.1,15,51148,30,60,1717050
BANKNIFTY-I.NFO,28/08/2024,09:48:46,51148.2,51146.7,15,51148.25,150,555,1717050
BANKNIFTY-I.NFO,28/08/2024,09:48:48,51147.65,51146.55,15,51148.2,15,15,1717050
BANKNIFTY-I.NFO,28/08/2024,09:48:49,51147.1,51145.15,15,51147.2,300,60,1717050
BANKNIFTY-I.NFO,28/08/2024,09:48:51,51147.1,51147.55,15,51148,1575,225,1717050
BANKNIFTY-I.NFO,28/08/2024,09:48:53,51147.1,51147.95,15,51148,450,450,1717050
BANKNIFTY-I.NFO,28/08/2024,09:48:54,51155,51154.05,15,51155,270,930,1719825
BANKNIFTY-I.NFO,28/08/2024,09:48:56,51168.3,51169,15,51170,75,1395,1719825
BANKNIFTY-I.NFO,28/08/2024,09:48:58,51168.55,51171.75,15,51173,15,120,1719825
BANKNIFTY-I.NFO,28/08/2024,09:48:59,51157.95,51157.95,30,51165.15,15,480,1719825
BANKNIFTY-I.NFO,28/08/2024,09:49:01,51157.95,51157.95,30,51163.85,105,30,1719825
BANKNIFTY-I.NFO,28/08/2024,09:49:03,51159.8,51159.7,90,51163.85,15,120,1719825
BANKNIFTY-I.NFO,28/08/2024,09:49:04,51168.25,51162.75,15,51167.35,300,60,1719825
BANKNIFTY-I.NFO,28/08/2024,09:49:06,51164,51157.95,45,51164.45,270,60,1719825
BANKNIFTY-I.NFO,28/08/2024,09:49:08,51154.05,51154,30,51160.2,120,990,1719825
BANKNIFTY-I.NFO,28/08/2024,09:49:09,51159.1,51154,30,51159.35,120,30,1719825
BANKNIFTY-I.NFO,28/08/2024,09:49:11,51159.1,51154.05,15,51156.45,750,0,1719825
BANKNIFTY-I.NFO,28/08/2024,09:49:13,51157.95,51156,15,51157.95,15,195,1719825
BANKNIFTY-I.NFO,28/08/2024,09:49:14,51159.8,51159.45,15,51159.8,45,405,1719825
BANKNIFTY-I.NFO,28/08/2024,09:49:16,51153.1,51151.05,75,51157.95,15,195,1719825
BANKNIFTY-I.NFO,28/08/2024,09:49:18,51159.8,51152.1,15,51156,15,540,1719825
BANKNIFTY-I.NFO,28/08/2024,09:49:20,51156,51152.1,15,51160.3,15,15,1719825
BANKNIFTY-I.NFO,28/08/2024,09:49:21,51159.7,51152.1,15,51159.75,30,540,1719825
BANKNIFTY-I.NFO,28/08/2024,09:49:23,51160,51152.1,15,51159.75,15,105,1719825
BANKNIFTY-I.NFO,28/08/2024,09:49:24,51160,51151,45,51158.55,15,45,1719825
BANKNIFTY-I.NFO,28/08/2024,09:49:26,51160,51151,45,51157.1,300,0,1719825
BANKNIFTY-I.NFO,28/08/2024,09:49:28,51157.4,51158.05,15,51160.45,45,30,1719825
BANKNIFTY-I.NFO,28/08/2024,09:49:29,51158.05,51158,15,51158.05,120,645,1719825
BANKNIFTY-I.NFO,28/08/2024,09:49:31,51158.05,51158,15,51158.05,105,15,1719825
BANKNIFTY-I.NFO,28/08/2024,09:49:33,51158.05,51158,15,51158.05,75,30,1719825
