Ticker,Date,Time,LTP,BuyPrice,BuyQty,SellPrice,SellQty,LTQ,OpenInterest
BANKNIFTY-II.NFO,28/08/2024,09:15:01,51500.05,51487.65,75,51525.75,60,165,0
BANKNIFTY-II.NFO,28/08/2024,09:15:01,51486.85,51487.65,75,51525.75,60,0,0
BANKNIFTY-II.NFO,28/08/2024,09:15:01,51500.05,51487.65,75,51525.75,60,0,0
BANKNIFTY-II.NFO,28/08/2024,09:15:01,51486.85,51487.65,75,51525.75,60,0,0
BANKNIFTY-II.NFO,28/08/2024,09:15:02,51522,51502.7,15,51521.3,45,285,1356300
BANKNIFTY-II.NFO,28/08/2024,09:15:02,51528.7,51502.7,15,51521.3,45,0,1356300
BANKNIFTY-II.NFO,28/08/2024,09:15:03,51475.15,51475,15,51494.35,15,195,1356300
BANKNIFTY-II.NFO,28/08/2024,09:15:03,51475.15,51475,15,51494.35,15,0,1356300
BANKNIFTY-II.NFO,28/08/2024,09:15:04,51474,51465.05,60,51476.5,15,240,1356300
BANKNIFTY-II.NFO,28/08/2024,09:15:04,51468.75,51465.05,60,51476.5,15,0,1356300
BANKNIFTY-II.NFO,28/08/2024,09:15:06,51468.75,51460.05,60,51475.65,45,105,1356300
BANKNIFTY-II.NFO,28/08/2024,09:15:06,51465,51460.05,60,51475.65,45,0,1356300
BANKNIFTY-II.NFO,28/08/2024,09:15:07,51474.7,51458.7,60,51474.7,60,525,1356300
BANKNIFTY-II.NFO,28/08/2024,09:15:07,51450.1,51458.7,60,51474.7,60,0,1356300
BANKNIFTY-II.NFO,28/08/2024,09:15:09,51469.2,51470.05,75,51492.75,60,210,1356300
BANKNIFTY-II.NFO,28/08/2024,09:15:10,51474,51474.05,15,51487.15,60,15,1356300
BANKNIFTY-II.NFO,28/08/2024,09:15:12,51475.15,51468.75,15,51477.85,60,135,1356300
BANKNIFTY-II.NFO,28/08/2024,09:15:14,51468.75,51462,30,51465.5,45,285,1356300
BANKNIFTY-II.NFO,28/08/2024,09:15:15,51468.75,51462.1,30,51473.7,60,60,1356300
BANKNIFTY-II.NFO,28/08/2024,09:15:17,51471.05,51469.2,30,51475,30,120,1356300
BANKNIFTY-II.NFO,28/08/2024,09:15:18,51475.15,51475,45,51485.55,60,495,1356300
BANKNIFTY-II.NFO,28/08/2024,09:15:20,51473.7,51468,15,51473.65,60,285,1356300
BANKNIFTY-II.NFO,28/08/2024,09:15:22,51468,51462,60,51473.65,60,75,1356300
BANKNIFTY-II.NFO,28/08/2024,09:15:23,51470.35,51470,60,51484.35,45,1005,1356300
BANKNIFTY-II.NFO,28/08/2024,09:15:25,51473.65,51465.05,60,51476.8,30,30,1356300
BANKNIFTY-II.NFO,28/08/2024,09:15:26,51484.3,51470.05,60,51482.2,15,75,1356300
BANKNIFTY-II.NFO,28/08/2024,09:15:28,51470.05,51470,540,51474.45,15,1305,1356300
BANKNIFTY-II.NFO,28/08/2024,09:15:30,51470,51468,45,51472.7,15,645,1356300
BANKNIFTY-II.NFO,28/08/2024,09:15:31,51470.05,51470.05,30,51479.35,15,210,1356300
BANKNIFTY-II.NFO,28/08/2024,09:15:33,51471.05,51471.1,30,51476.1,15,465,1356300
BANKNIFTY-II.NFO,28/08/2024,09:15:34,51470.05,51465,15,51470.3,30,195,1356300
BANKNIFTY-II.NFO,28/08/2024,09:15:36,51466.25,51463,15,51465.65,15,180,1356300
BANKNIFTY-II.NFO,28/08/2024,09:15:38,51472.95,51462.05,30,51473.1,15,135,1356300
BANKNIFTY-II.NFO,28/08/2024,09:15:39,51470.5,51470,150,51479.55,60,240,1356300
BANKNIFTY-II.NFO,28/08/2024,09:15:41,51470,51468.2,15,51470,15,480,1356300
BANKNIFTY-II.NFO,28/08/2024,09:15:43,51470,51470.5,15,51470.85,15,60,1356300
BANKNIFTY-II.NFO,28/08/2024,09:15:44,51467.7,51465,15,51470.05,15,240,1356300
BANKNIFTY-II.NFO,28/08/2024,09:15:46,51462.05,51460.5,15,51462,15,255,1356300
BANKNIFTY-II.NFO,28/08/2024,09:15:47,51470,51466.9,75,51471.15,15,360,1356300
BANKNIFTY-II.NFO,28/08/2024,09:15:49,51468.65,51462.65,60,51467.75,15,195,1359225
BANKNIFTY-II.NFO,28/08/2024,09:15:51,51469,51469,15,51474.3,60,1005,1359225
BANKNIFTY-II.NFO,28/08/2024,09:15:52,51474.3,51464,15,51474.6,15,450,1359225
BANKNIFTY-II.NFO,28/08/2024,09:15:54,51464.25,51464.9,75,51465.8,15,60,1359225
BANKNIFTY-II.NFO,28/08/2024,09:15:55,51463.1,51466.9,60,51478.05,45,105,1359225
BANKNIFTY-II.NFO,28/08/2024,09:15:57,51467.55,51467.55,45,51477.05,15,75,1359225
BANKNIFTY-II.NFO,28/08/2024,09:15:59,51476.1,51476.1,30,51486.55,150,450,1359225
BANKNIFTY-II.NFO,28/08/2024,09:16:00,51481.35,51475,720,51482.2,15,75,1359225
BANKNIFTY-II.NFO,28/08/2024,09:16:02,51479.8,51479.7,165,51485.95,15,435,1359225
BANKNIFTY-II.NFO,28/08/2024,09:16:04,51492.75,51488.15,15,51495,15,270,1359225
BANKNIFTY-II.NFO,28/08/2024,09:16:05,51478.8,51478.8,105,51487.55,15,900,1359225
BANKNIFTY-II.NFO,28/08/2024,09:16:07,51487.55,51478.8,90,51484.45,15,120,1359225
BANKNIFTY-II.NFO,28/08/2024,09:16:08,51475,51474.6,15,51480.1,15,270,1359225
BANKNIFTY-II.NFO,28/08/2024,09:16:10,51483.4,51475,30,51484.6,60,180,1359225
BANKNIFTY-II.NFO,28/08/2024,09:16:12,51474.4,51474.45,30,51480.3,15,75,1359225
BANKNIFTY-II.NFO,28/08/2024,09:16:13,51497.75,51480.35,60,51488.95,150,270,1359225
BANKNIFTY-II.NFO,28/08/2024,09:16:15,51484.6,51484.6,30,51488.85,75,150,1359225
BANKNIFTY-II.NFO,28/08/2024,09:16:16,51484.65,51485.05,15,51488.85,30,60,1359225
BANKNIFTY-II.NFO,28/08/2024,09:16:18,51485.55,51480,30,51487.85,150,465,1359225
BANKNIFTY-II.NFO,28/08/2024,09:16:20,51480.05,51480,15,51487.8,60,60,1359225
BANKNIFTY-II.NFO,28/08/2024,09:16:21,51487.75,51487,45,51487.75,45,15,1359225
BANKNIFTY-II.NFO,28/08/2024,09:16:23,51487,51487,15,51487.7,15,45,1359225
BANKNIFTY-II.NFO,28/08/2024,09:16:25,51487.45,51486.5,15,51487.45,15,105,1359225
BANKNIFTY-II.NFO,28/08/2024,09:16:26,51486.9,51481.85,15,51486.6,15,150,1359225
BANKNIFTY-II.NFO,28/08/2024,09:16:28,51483.1,51484.75,15,51488.85,15,165,1359225
BANKNIFTY-II.NFO,28/08/2024,09:16:30,51488.85,51487.75,15,51492.95,150,75,1359225
BANKNIFTY-II.NFO,28/08/2024,09:16:31,51487.75,51487.65,15,51490.45,150,30,1359225
BANKNIFTY-II.NFO,28/08/2024,09:16:33,51490.4,51487.65,15,51490.35,150,60,1359225
BANKNIFTY-II.NFO,28/08/2024,09:16:34,51490,51487.7,120,51490,15,660,1359225
BANKNIFTY-II.NFO,28/08/2024,09:16:36,51490,51490,75,51492.8,15,345,1359225
BANKNIFTY-II.NFO,28/08/2024,09:16:38,51491.5,51492.35,15,51492.8,15,45,1359225
BANKNIFTY-II.NFO,28/08/2024,09:16:39,51492.35,51490,255,51492.8,30,90,1359225
BANKNIFTY-II.NFO,28/08/2024,09:16:41,51491.45,51490,315,51492.8,75,90,1359225
BANKNIFTY-II.NFO,28/08/2024,09:16:43,51490.85,51490.85,15,51491.5,75,120,1359225
BANKNIFTY-II.NFO,28/08/2024,09:16:44,51491.5,51490,225,51491.45,30,210,1359225
BANKNIFTY-II.NFO,28/08/2024,09:16:46,51496.65,51490.95,75,51496.35,75,270,1359225
BANKNIFTY-II.NFO,28/08/2024,09:16:47,51492.35,51490,330,51492.35,210,330,1359225
BANKNIFTY-II.NFO,28/08/2024,09:16:49,51492.35,51491.9,15,51492.35,195,150,1359225
BANKNIFTY-II.NFO,28/08/2024,09:16:51,51495,51495,45,51495.25,30,270,1359225
BANKNIFTY-II.NFO,28/08/2024,09:16:52,51495,51495,135,51495.25,60,90,1359225
BANKNIFTY-II.NFO,28/08/2024,09:16:54,51495.25,51495,120,51495.25,45,75,1359225
BANKNIFTY-II.NFO,28/08/2024,09:16:56,51495,51495,45,51497.2,30,165,1359225
BANKNIFTY-II.NFO,28/08/2024,09:16:57,51495,51491,60,51495.3,15,210,1359225
BANKNIFTY-II.NFO,28/08/2024,09:16:59,51491,51491,45,51494.95,15,180,1359225
BANKNIFTY-II.NFO,28/08/2024,09:17:01,51496,51496,60,51496.55,30,330,1359225
BANKNIFTY-II.NFO,28/08/2024,09:17:02,51490.15,51490.15,15,51495.5,120,990,1359225
BANKNIFTY-II.NFO,28/08/2024,09:17:04,51504.55,51498.25,90,51509.2,30,600,1359225
BANKNIFTY-II.NFO,28/08/2024,09:17:06,51507.95,51501.95,60,51512.25,60,555,1359225
BANKNIFTY-II.NFO,28/08/2024,09:17:07,51498.3,51498.25,30,51501.5,15,105,1359225
BANKNIFTY-II.NFO,28/08/2024,09:17:09,51501.5,51495.5,30,51498,15,285,1359225
BANKNIFTY-II.NFO,28/08/2024,09:17:10,51495.5,51495.45,45,51501.5,30,210,1359225
BANKNIFTY-II.NFO,28/08/2024,09:17:12,51495.25,51495.25,60,51501.5,15,135,1359225
BANKNIFTY-II.NFO,28/08/2024,09:17:14,51495.5,51495.3,15,51505.65,15,270,1359225
BANKNIFTY-II.NFO,28/08/2024,09:17:15,51504.6,51498,45,51501.9,30,225,1359225
BANKNIFTY-II.NFO,28/08/2024,09:17:17,51495.25,51495.25,15,51498.55,30,435,1359225
BANKNIFTY-II.NFO,28/08/2024,09:17:19,51495,51490.9,15,51496.55,45,1005,1359225
BANKNIFTY-II.NFO,28/08/2024,09:17:20,51496.5,51495.75,15,51496.55,30,165,1359225
BANKNIFTY-II.NFO,28/08/2024,09:17:22,51493,51493,15,51496.35,75,285,1359225
BANKNIFTY-II.NFO,28/08/2024,09:17:23,51494.9,51490.9,15,51493,75,60,1359225
BANKNIFTY-II.NFO,28/08/2024,09:17:25,51490.05,51490,270,51496.05,135,1170,1359225
BANKNIFTY-II.NFO,28/08/2024,09:17:27,51490,51487,75,51494.2,165,315,1359225
BANKNIFTY-II.NFO,28/08/2024,09:17:28,51494.15,51490,15,51495.6,30,45,1359225
BANKNIFTY-II.NFO,28/08/2024,09:17:30,51490.55,51490,60,51490.1,15,135,1359225
BANKNIFTY-II.NFO,28/08/2024,09:17:32,51490.55,51487,60,51490,15,210,1359225
BANKNIFTY-II.NFO,28/08/2024,09:17:33,51494,51492.4,15,51495,15,240,1359225
BANKNIFTY-II.NFO,28/08/2024,09:17:35,51487,51487,45,51492.4,15,60,1359225
BANKNIFTY-II.NFO,28/08/2024,09:17:36,51494.1,51487,45,51492.35,30,30,1359225
BANKNIFTY-II.NFO,28/08/2024,09:17:38,51485.2,51480,165,51489.7,45,225,1359225
BANKNIFTY-II.NFO,28/08/2024,09:17:40,51482.1,51480,120,51489.35,45,75,1359225
BANKNIFTY-II.NFO,28/08/2024,09:17:41,51480,51480,60,51489.05,15,210,1359225
BANKNIFTY-II.NFO,28/08/2024,09:17:43,51480.2,51477.75,30,51480.2,15,360,1359225
BANKNIFTY-II.NFO,28/08/2024,09:17:44,51480.2,51477.75,15,51480.2,165,75,1359225
BANKNIFTY-II.NFO,28/08/2024,09:17:46,51480.2,51476,15,51480.2,45,540,1359225
BANKNIFTY-II.NFO,28/08/2024,09:17:48,51474,51471,30,51474.65,30,120,1359225
BANKNIFTY-II.NFO,28/08/2024,09:17:49,51480.2,51474.35,15,51480.35,15,165,1359225
BANKNIFTY-II.NFO,28/08/2024,09:17:51,51474.45,51477.45,60,51481,45,90,1359225
BANKNIFTY-II.NFO,28/08/2024,09:17:53,51485,51485.55,30,51493.85,300,105,1359225
BANKNIFTY-II.NFO,28/08/2024,09:17:54,51493.8,51482.85,60,51493.65,15,435,1359225
BANKNIFTY-II.NFO,28/08/2024,09:17:56,51485.15,51484.95,75,51493.55,30,30,1359225
BANKNIFTY-II.NFO,28/08/2024,09:17:58,51488.9,51489.8,60,51493.55,60,60,1359225
BANKNIFTY-II.NFO,28/08/2024,09:17:59,51493.55,51487.15,45,51493.55,60,165,1359225
BANKNIFTY-II.NFO,28/08/2024,09:18:01,51484.65,51483.35,30,51493.5,15,60,1359225
BANKNIFTY-II.NFO,28/08/2024,09:18:02,51493.5,51486.3,30,51493.5,45,30,1359225
BANKNIFTY-II.NFO,28/08/2024,09:18:04,51493.4,51483.75,30,51490.6,15,15,1359225
BANKNIFTY-II.NFO,28/08/2024,09:18:06,51483.7,51480.05,15,51483.75,30,105,1359225
BANKNIFTY-II.NFO,28/08/2024,09:18:07,51483.7,51481.2,30,51483.7,60,0,1359225
BANKNIFTY-II.NFO,28/08/2024,09:18:09,51483.7,51482.3,30,51492.95,30,285,1359225
BANKNIFTY-II.NFO,28/08/2024,09:18:11,51495.55,51490.6,45,51495.4,30,60,1359225
BANKNIFTY-II.NFO,28/08/2024,09:18:12,51495.4,51484,45,51495.45,30,120,1359225
BANKNIFTY-II.NFO,28/08/2024,09:18:14,51494.8,51485.5,30,51495.45,15,60,1359225
BANKNIFTY-II.NFO,28/08/2024,09:18:15,51489,51488.9,15,51495.6,30,30,1359225
BANKNIFTY-II.NFO,28/08/2024,09:18:17,51495.5,51490,30,51493,15,60,1359225
BANKNIFTY-II.NFO,28/08/2024,09:18:19,51490,51490,30,51493,15,30,1359225
BANKNIFTY-II.NFO,28/08/2024,09:18:20,51490,51490,15,51494,15,165,1359225
BANKNIFTY-II.NFO,28/08/2024,09:18:22,51483,51486.8,30,51494,30,180,1359225
BANKNIFTY-II.NFO,28/08/2024,09:18:24,51485,51485.1,15,51496.6,15,135,1359225
BANKNIFTY-II.NFO,28/08/2024,09:18:25,51500,51487.95,15,51499.85,15,30,1359225
BANKNIFTY-II.NFO,28/08/2024,09:18:27,51499.8,51493,15,51500,60,45,1359225
BANKNIFTY-II.NFO,28/08/2024,09:18:29,51493.05,51493.15,45,51503.4,15,165,1359225
BANKNIFTY-II.NFO,28/08/2024,09:18:30,51493.05,51496.05,45,51503.35,45,15,1359225
BANKNIFTY-II.NFO,28/08/2024,09:18:32,51500,51496.05,45,51502.9,45,75,1359225
BANKNIFTY-II.NFO,28/08/2024,09:18:34,51500,51496.15,60,51501.65,15,90,1359225
BANKNIFTY-II.NFO,28/08/2024,09:18:35,51510,51506.8,15,51516.25,15,315,1359225
BANKNIFTY-II.NFO,28/08/2024,09:18:37,51506.8,51506.8,45,51514.05,15,15,1359225
BANKNIFTY-II.NFO,28/08/2024,09:18:38,51516.1,51506.8,45,51514,60,315,1359225
BANKNIFTY-II.NFO,28/08/2024,09:18:40,51520.35,51510.15,15,51521.9,30,180,1359225
BANKNIFTY-II.NFO,28/08/2024,09:18:42,51516.25,51516.25,135,51517.85,15,855,1359225
BANKNIFTY-II.NFO,28/08/2024,09:18:43,51511.55,51506.8,105,51513.6,30,405,1359225
BANKNIFTY-II.NFO,28/08/2024,09:18:45,51512.85,51506.8,45,51511.05,15,435,1359225
BANKNIFTY-II.NFO,28/08/2024,09:18:47,51511.05,51506.8,30,51510.8,75,90,1359225
BANKNIFTY-II.NFO,28/08/2024,09:18:48,51510.45,51506.8,45,51510.8,15,345,1367850
BANKNIFTY-II.NFO,28/08/2024,09:18:50,51511,51506.8,75,51512.4,45,225,1367850
BANKNIFTY-II.NFO,28/08/2024,09:18:52,51506.8,51506.8,90,51512.4,105,165,1367850
BANKNIFTY-II.NFO,28/08/2024,09:18:53,51506.85,51506.85,75,51512.4,105,90,1367850
BANKNIFTY-II.NFO,28/08/2024,09:18:55,51510.45,51506.8,90,51510.35,15,195,1367850
BANKNIFTY-II.NFO,28/08/2024,09:18:57,51510.3,51508.6,30,51510.35,30,150,1367850
BANKNIFTY-II.NFO,28/08/2024,09:18:58,51510.45,51508.65,30,51511.15,30,150,1367850
BANKNIFTY-II.NFO,28/08/2024,09:19:00,51510.2,51505,15,51509.35,150,45,1367850
BANKNIFTY-II.NFO,28/08/2024,09:19:02,51505,51501.65,15,51505,45,60,1367850
BANKNIFTY-II.NFO,28/08/2024,09:19:03,51505,51501.65,15,51505,30,60,1367850
BANKNIFTY-II.NFO,28/08/2024,09:19:05,51505,51505,135,51510.8,210,90,1367850
BANKNIFTY-II.NFO,28/08/2024,09:19:07,51505,51505,135,51505.85,240,15,1367850
BANKNIFTY-II.NFO,28/08/2024,09:19:08,51499,51495,15,51497.9,150,1005,1367850
BANKNIFTY-II.NFO,28/08/2024,09:19:10,51497.9,51493,15,51497.9,30,90,1367850
BANKNIFTY-II.NFO,28/08/2024,09:19:12,51500,51500.75,15,51501.65,150,75,1367850
BANKNIFTY-II.NFO,28/08/2024,09:19:13,51501.65,51500,120,51502.85,165,30,1367850
BANKNIFTY-II.NFO,28/08/2024,09:19:15,51499.05,51497.9,15,51499.1,45,135,1367850
BANKNIFTY-II.NFO,28/08/2024,09:19:16,51494.9,51490.1,120,51494.3,30,120,1367850
BANKNIFTY-II.NFO,28/08/2024,09:19:18,51498.1,51490.65,30,51494.3,15,60,1367850
BANKNIFTY-II.NFO,28/08/2024,09:19:20,51498.1,51491.3,15,51499,15,0,1367850
BANKNIFTY-II.NFO,28/08/2024,09:19:21,51490.1,51490.1,105,51494.25,15,15,1367850
BANKNIFTY-II.NFO,28/08/2024,09:19:23,51490.1,51490.1,105,51491.25,15,0,1367850
BANKNIFTY-II.NFO,28/08/2024,09:19:24,51492.15,51492.15,15,51500,30,105,1367850
BANKNIFTY-II.NFO,28/08/2024,09:19:26,51492.15,51494.3,30,51495.5,30,0,1367850
BANKNIFTY-II.NFO,28/08/2024,09:19:28,51498.8,51494.3,15,51498.5,150,105,1367850
BANKNIFTY-II.NFO,28/08/2024,09:19:29,51497.25,51494.3,30,51498.35,225,15,1367850
BANKNIFTY-II.NFO,28/08/2024,09:19:31,51498.35,51494.3,30,51497.45,150,30,1367850
BANKNIFTY-II.NFO,28/08/2024,09:19:33,51497.45,51494.3,30,51500,30,15,1367850
BANKNIFTY-II.NFO,28/08/2024,09:19:34,51497.25,51497.25,60,51501.65,150,60,1367850
BANKNIFTY-II.NFO,28/08/2024,09:19:36,51502,51499.25,75,51505,60,360,1367850
BANKNIFTY-II.NFO,28/08/2024,09:19:37,51505,51503.4,30,51508.6,15,75,1367850
BANKNIFTY-II.NFO,28/08/2024,09:19:39,51502,51499.25,75,51503.6,225,60,1367850
BANKNIFTY-II.NFO,28/08/2024,09:19:41,51503.15,51499.25,75,51502.05,225,15,1367850
BANKNIFTY-II.NFO,28/08/2024,09:19:42,51502.05,51499.25,90,51502.05,30,60,1367850
BANKNIFTY-II.NFO,28/08/2024,09:19:44,51502.05,51499.25,90,51502.05,15,30,1367850
BANKNIFTY-II.NFO,28/08/2024,09:19:46,51502.05,51500.9,15,51505,15,15,1367850
BANKNIFTY-II.NFO,28/08/2024,09:19:47,51505,51501.2,15,51508.6,15,15,1367850
BANKNIFTY-II.NFO,28/08/2024,09:19:49,51508.75,51502.45,15,51506.05,15,30,1367850
BANKNIFTY-II.NFO,28/08/2024,09:19:51,51502.45,51500.7,30,51507.95,15,15,1367850
BANKNIFTY-II.NFO,28/08/2024,09:19:52,51501.2,51501.6,30,51510,330,225,1367850
BANKNIFTY-II.NFO,28/08/2024,09:19:54,51501.2,51502.9,15,51510,90,15,1367850
BANKNIFTY-II.NFO,28/08/2024,09:19:56,51507.15,51501.65,105,51507.15,300,330,1367850
BANKNIFTY-II.NFO,28/08/2024,09:19:57,51499,51497.25,60,51500.85,30,375,1367850
BANKNIFTY-II.NFO,28/08/2024,09:19:59,51497.75,51495,30,51497.75,135,240,1367850
BANKNIFTY-II.NFO,28/08/2024,09:20:01,51497.35,51495,15,51497.35,15,75,1367850
BANKNIFTY-II.NFO,28/08/2024,09:20:02,51497.35,51490.1,150,51496.8,15,75,1367850
BANKNIFTY-II.NFO,28/08/2024,09:20:04,51496,51490.1,150,51496,15,60,1367850
BANKNIFTY-II.NFO,28/08/2024,09:20:06,51490,51490,195,51491.05,15,315,1367850
BANKNIFTY-II.NFO,28/08/2024,09:20:07,51485,51485,465,51489.65,150,285,1367850
BANKNIFTY-II.NFO,28/08/2024,09:20:09,51489.65,51485,420,51489.65,45,150,1367850
BANKNIFTY-II.NFO,28/08/2024,09:20:11,51489.65,51485,420,51489.65,75,60,1367850
BANKNIFTY-II.NFO,28/08/2024,09:20:12,51489.65,51485,450,51489.65,15,60,1367850
BANKNIFTY-II.NFO,28/08/2024,09:20:14,51491.65,51489.5,15,51497.7,75,75,1367850
BANKNIFTY-II.NFO,28/08/2024,09:20:16,51489.85,51485,435,51487.75,105,90,1367850
BANKNIFTY-II.NFO,28/08/2024,09:20:17,51485,51485,390,51486.45,15,105,1367850
BANKNIFTY-II.NFO,28/08/2024,09:20:19,51485,51485,360,51486.45,15,105,1367850
BANKNIFTY-II.NFO,28/08/2024,09:20:20,51486.45,51486,150,51486.75,75,45,1367850
BANKNIFTY-II.NFO,28/08/2024,09:20:22,51486,51486,75,51486.7,30,105,1367850
BANKNIFTY-II.NFO,28/08/2024,09:20:24,51485.7,51485,420,51486.7,30,180,1367850
BANKNIFTY-II.NFO,28/08/2024,09:20:25,51485.7,51485,420,51486.45,15,0,1367850
BANKNIFTY-II.NFO,28/08/2024,09:20:27,51496.25,51490.75,75,51496.25,270,300,1367850
BANKNIFTY-II.NFO,28/08/2024,09:20:29,51497.95,51487.85,75,51496.1,45,300,1367850
BANKNIFTY-II.NFO,28/08/2024,09:20:30,51495.6,51488.55,60,51493,15,60,1367850
BANKNIFTY-II.NFO,28/08/2024,09:20:32,51492.95,51486.05,15,51489.8,30,30,1367850
BANKNIFTY-II.NFO,28/08/2024,09:20:33,51489.7,51485,570,51489.8,165,15,1367850
BANKNIFTY-II.NFO,28/08/2024,09:20:35,51489.45,51485,540,51489.8,180,60,1367850
BANKNIFTY-II.NFO,28/08/2024,09:20:37,51485,51485,525,51488.45,60,30,1367850
BANKNIFTY-II.NFO,28/08/2024,09:20:38,51486.45,51485,15,51488.45,195,615,1367850
BANKNIFTY-II.NFO,28/08/2024,09:20:40,51485,51483.05,60,51488.3,45,45,1367850
BANKNIFTY-II.NFO,28/08/2024,09:20:41,51483,51483,15,51488.3,270,45,1367850
BANKNIFTY-II.NFO,28/08/2024,09:20:43,51483,51482.05,60,51483,15,315,1367850
BANKNIFTY-II.NFO,28/08/2024,09:20:45,51485.4,51485.4,30,51489.75,15,450,1367850
BANKNIFTY-II.NFO,28/08/2024,09:20:46,51489.75,51483,165,51489.65,15,315,1367850
BANKNIFTY-II.NFO,28/08/2024,09:20:48,51485,51485,60,51489.65,180,15,1367850
BANKNIFTY-II.NFO,28/08/2024,09:20:50,51485,51485,30,51489.55,15,90,1367850
BANKNIFTY-II.NFO,28/08/2024,09:20:51,51485,51485,30,51488.5,15,0,1367850
BANKNIFTY-II.NFO,28/08/2024,09:20:53,51494.85,51489.8,195,51494.45,45,375,1367850
BANKNIFTY-II.NFO,28/08/2024,09:20:54,51489.8,51489.8,150,51494.4,15,60,1367850
BANKNIFTY-II.NFO,28/08/2024,09:20:56,51498.5,51489.8,150,51497.1,15,270,1367850
BANKNIFTY-II.NFO,28/08/2024,09:20:58,51497.15,51490.5,30,51498.95,60,75,1367850
BANKNIFTY-II.NFO,28/08/2024,09:20:59,51497.15,51489.8,135,51497.4,75,0,1367850
BANKNIFTY-II.NFO,28/08/2024,09:21:01,51489.55,51489.55,720,51494.1,15,345,1367850
BANKNIFTY-II.NFO,28/08/2024,09:21:02,51489.55,51489.55,690,51494.1,60,30,1367850
BANKNIFTY-II.NFO,28/08/2024,09:21:04,51493.95,51489.55,690,51494,15,45,1367850
BANKNIFTY-II.NFO,28/08/2024,09:21:06,51494,51489.6,60,51493.95,60,120,1367850
BANKNIFTY-II.NFO,28/08/2024,09:21:07,51489.6,51489.55,690,51493.9,30,75,1367850
BANKNIFTY-II.NFO,28/08/2024,09:21:09,51489.6,51489.6,30,51493.8,60,0,1367850
BANKNIFTY-II.NFO,28/08/2024,09:21:11,51498.75,51498.85,45,51506,75,645,1367850
BANKNIFTY-II.NFO,28/08/2024,09:21:12,51506,51500,45,51505.2,15,900,1367850
BANKNIFTY-II.NFO,28/08/2024,09:21:14,51500,51500,30,51502.55,30,15,1367850
BANKNIFTY-II.NFO,28/08/2024,09:21:16,51500,51500,15,51502.55,60,30,1367850
BANKNIFTY-II.NFO,28/08/2024,09:21:17,51502.3,51500,15,51502.5,15,15,1367850
BANKNIFTY-II.NFO,28/08/2024,09:21:19,51502.4,51500,15,51502.45,60,150,1367850
BANKNIFTY-II.NFO,28/08/2024,09:21:20,51502.45,51500,30,51502.45,30,15,1367850
BANKNIFTY-II.NFO,28/08/2024,09:21:22,51501.75,51501.5,15,51508.95,15,270,1367850
BANKNIFTY-II.NFO,28/08/2024,09:21:24,51501.75,51502.4,30,51507.6,15,0,1367850
BANKNIFTY-II.NFO,28/08/2024,09:21:25,51502.4,51502.45,375,51505.8,30,30,1367850
BANKNIFTY-II.NFO,28/08/2024,09:21:27,51505.75,51502.45,375,51505.75,15,15,1367850
BANKNIFTY-II.NFO,28/08/2024,09:21:29,51507.6,51505.8,135,51507.65,30,105,1367850
BANKNIFTY-II.NFO,28/08/2024,09:21:30,51507.65,51507.1,15,51513.5,45,960,1367850
BANKNIFTY-II.NFO,28/08/2024,09:21:32,51505.8,51505.8,75,51507.05,30,270,1367850
BANKNIFTY-II.NFO,28/08/2024,09:21:34,51513.5,51507.15,15,51515.2,15,150,1367850
BANKNIFTY-II.NFO,28/08/2024,09:21:35,51505.8,51505.8,60,51511.25,15,255,1367850
BANKNIFTY-II.NFO,28/08/2024,09:21:37,51508.95,51507.6,15,51508.95,15,30,1367850
BANKNIFTY-II.NFO,28/08/2024,09:21:39,51505.8,51505.8,45,51507.55,30,30,1367850
BANKNIFTY-II.NFO,28/08/2024,09:21:40,51507.55,51505.8,15,51507.55,30,120,1367850
BANKNIFTY-II.NFO,28/08/2024,09:21:42,51509,51505.8,15,51507.55,30,105,1367850
BANKNIFTY-II.NFO,28/08/2024,09:21:44,51507.55,51505.8,15,51507.55,15,15,1367850
BANKNIFTY-II.NFO,28/08/2024,09:21:45,51507.55,51505.8,15,51507.5,60,0,1367850
BANKNIFTY-II.NFO,28/08/2024,09:21:47,51502.45,51502.45,360,51504.9,60,1080,1367850
BANKNIFTY-II.NFO,28/08/2024,09:21:48,51504.9,51502.45,300,51504.9,15,90,1367850
BANKNIFTY-II.NFO,28/08/2024,09:21:50,51509,51509,60,51512.95,15,210,1376130
BANKNIFTY-II.NFO,28/08/2024,09:21:52,51512.95,51510.3,45,51521.4,75,300,1376130
BANKNIFTY-II.NFO,28/08/2024,09:21:53,51512.95,51510.85,15,51514.95,30,0,1376130
BANKNIFTY-II.NFO,28/08/2024,09:21:55,51515,51514.95,15,51521.85,15,60,1376130
BANKNIFTY-II.NFO,28/08/2024,09:21:57,51514,51510.7,15,51514,165,45,1376130
BANKNIFTY-II.NFO,28/08/2024,09:21:58,51513.95,51510.55,30,51513.95,30,30,1376130
BANKNIFTY-II.NFO,28/08/2024,09:22:00,51506.5,51505,30,51511.95,75,15,1376130
BANKNIFTY-II.NFO,28/08/2024,09:22:02,51513.85,51505.8,15,51511.95,15,165,1376130
BANKNIFTY-II.NFO,28/08/2024,09:22:03,51513.85,51504.95,15,51511.95,15,0,1376130
BANKNIFTY-II.NFO,28/08/2024,09:22:05,51511.95,51502.85,30,51512,15,15,1376130
BANKNIFTY-II.NFO,28/08/2024,09:22:07,51505.45,51505.45,15,51512,30,60,1376130
BANKNIFTY-II.NFO,28/08/2024,09:22:08,51514,51505.7,30,51512,30,45,1376130
BANKNIFTY-II.NFO,28/08/2024,09:22:10,51513,51505,30,51512,15,255,1376130
BANKNIFTY-II.NFO,28/08/2024,09:22:12,51505.55,51505.6,15,51514.95,30,45,1376130
BANKNIFTY-II.NFO,28/08/2024,09:22:13,51506.9,51502.45,225,51511.75,15,75,1376130
BANKNIFTY-II.NFO,28/08/2024,09:22:15,51514.75,51505.35,30,51514.8,75,30,1376130
BANKNIFTY-II.NFO,28/08/2024,09:22:17,51514.95,51508.25,15,51514.95,15,15,1376130
BANKNIFTY-II.NFO,28/08/2024,09:22:18,51519.45,51511,15,51520,15,75,1376130
BANKNIFTY-II.NFO,28/08/2024,09:22:20,51511.15,51512.95,45,51519.9,30,105,1376130
BANKNIFTY-II.NFO,28/08/2024,09:22:21,51519.9,51516.9,15,51521.8,45,135,1376130
BANKNIFTY-II.NFO,28/08/2024,09:22:23,51519.9,51519.9,45,51521.7,15,90,1376130
BANKNIFTY-II.NFO,28/08/2024,09:22:25,51519.9,51519,15,51522.95,15,240,1376130
BANKNIFTY-II.NFO,28/08/2024,09:22:26,51514.95,51514.8,45,51522,90,30,1376130
BANKNIFTY-II.NFO,28/08/2024,09:22:28,51518.95,51514.95,15,51518.95,15,45,1376130
BANKNIFTY-II.NFO,28/08/2024,09:22:30,51519,51514.8,15,51519.45,15,135,1376130
BANKNIFTY-II.NFO,28/08/2024,09:22:31,51525.55,51517.6,15,51525.15,30,1155,1376130
BANKNIFTY-II.NFO,28/08/2024,09:22:31,51530,51517.6,15,51525.15,30,0,1376130
BANKNIFTY-II.NFO,28/08/2024,09:22:33,51518.95,51513.25,15,51522.2,30,315,1376130
BANKNIFTY-II.NFO,28/08/2024,09:22:35,51523.55,51515.55,15,51524.15,15,30,1376130
BANKNIFTY-II.NFO,28/08/2024,09:22:36,51525.8,51515.55,15,51517.6,15,30,1376130
BANKNIFTY-II.NFO,28/08/2024,09:22:38,51522.2,51515.55,15,51522.7,15,360,1376130
BANKNIFTY-II.NFO,28/08/2024,09:22:40,51522.2,51515.55,30,51521.5,15,0,1376130
BANKNIFTY-II.NFO,28/08/2024,09:22:41,51517.8,51508.2,30,51520.1,60,120,1376130
BANKNIFTY-II.NFO,28/08/2024,09:22:43,51510,51505,90,51510.45,15,30,1376130
BANKNIFTY-II.NFO,28/08/2024,09:22:45,51502.45,51502.45,180,51510.4,15,180,1376130
BANKNIFTY-II.NFO,28/08/2024,09:22:46,51504,51502.45,180,51510.4,75,225,1376130
BANKNIFTY-II.NFO,28/08/2024,09:22:48,51510.4,51502.45,165,51510.4,60,75,1376130
BANKNIFTY-II.NFO,28/08/2024,09:22:50,51502.45,51502.45,105,51506.9,30,75,1376130
BANKNIFTY-II.NFO,28/08/2024,09:22:51,51502.45,51502.45,75,51506.75,45,30,1376130
BANKNIFTY-II.NFO,28/08/2024,09:22:53,51505.2,51501,15,51505.2,15,150,1376130
BANKNIFTY-II.NFO,28/08/2024,09:22:55,51505.15,51500,180,51505.2,90,210,1376130
BANKNIFTY-II.NFO,28/08/2024,09:22:56,51500,51500,60,51504.35,45,645,1376130
BANKNIFTY-II.NFO,28/08/2024,09:22:58,51500,51500,45,51504.3,15,15,1376130
BANKNIFTY-II.NFO,28/08/2024,09:23:00,51499,51499,45,51506.35,30,360,1376130
BANKNIFTY-II.NFO,28/08/2024,09:23:01,51499,51499,45,51505.75,45,0,1376130
BANKNIFTY-II.NFO,28/08/2024,09:23:03,51499,51499,30,51506.25,30,15,1376130
BANKNIFTY-II.NFO,28/08/2024,09:23:05,51499.95,51492,255,51499,30,360,1376130
BANKNIFTY-II.NFO,28/08/2024,09:23:06,51491.95,51487.1,15,51493.85,30,675,1376130
BANKNIFTY-II.NFO,28/08/2024,09:23:08,51487.1,51487.85,30,51493.8,75,15,1376130
BANKNIFTY-II.NFO,28/08/2024,09:23:10,51487.1,51486.3,30,51493.65,60,0,1376130
BANKNIFTY-II.NFO,28/08/2024,09:23:11,51493.5,51487.1,15,51493.5,15,45,1376130
BANKNIFTY-II.NFO,28/08/2024,09:23:13,51490,51487.1,120,51491.95,15,30,1376130
BANKNIFTY-II.NFO,28/08/2024,09:23:15,51490,51489.9,90,51491.75,45,0,1376130
BANKNIFTY-II.NFO,28/08/2024,09:23:16,51491.65,51490,15,51491.7,30,135,1376130
BANKNIFTY-II.NFO,28/08/2024,09:23:18,51491.65,51490,135,51491.6,15,120,1376130
BANKNIFTY-II.NFO,28/08/2024,09:23:20,51490,51490,195,51491.6,45,75,1376130
BANKNIFTY-II.NFO,28/08/2024,09:23:21,51491.55,51490,165,51491.55,45,75,1376130
BANKNIFTY-II.NFO,28/08/2024,09:23:23,51491.85,51489.95,90,51493,75,405,1376130
BANKNIFTY-II.NFO,28/08/2024,09:23:25,51491.2,51487.1,15,51491.25,30,165,1376130
BANKNIFTY-II.NFO,28/08/2024,09:23:26,51489.9,51485.55,30,51489.9,30,45,1376130
BANKNIFTY-II.NFO,28/08/2024,09:23:28,51488.55,51485,120,51488.5,30,390,1376130
BANKNIFTY-II.NFO,28/08/2024,09:23:30,51488.45,51485,30,51488.25,15,135,1376130
BANKNIFTY-II.NFO,28/08/2024,09:23:31,51487.35,51485,30,51486.95,15,15,1376130
BANKNIFTY-II.NFO,28/08/2024,09:23:33,51486.9,51484.95,165,51488.45,15,120,1376130
BANKNIFTY-II.NFO,28/08/2024,09:23:35,51486.9,51484.95,165,51488.45,30,0,1376130
BANKNIFTY-II.NFO,28/08/2024,09:23:36,51486.9,51484.95,165,51488.25,15,0,1376130
BANKNIFTY-II.NFO,28/08/2024,09:23:38,51488.45,51487.4,165,51491.95,30,105,1376130
BANKNIFTY-II.NFO,28/08/2024,09:23:40,51487.35,51487.35,15,51489.9,15,270,1376130
BANKNIFTY-II.NFO,28/08/2024,09:23:41,51489.4,51487.3,90,51489.85,45,135,1376130
BANKNIFTY-II.NFO,28/08/2024,09:23:43,51487.25,51484.65,15,51489.85,30,75,1376130
BANKNIFTY-II.NFO,28/08/2024,09:23:45,51489.85,51487.15,45,51489.85,15,30,1376130
BANKNIFTY-II.NFO,28/08/2024,09:23:46,51489.85,51487.15,45,51489.75,15,0,1376130
BANKNIFTY-II.NFO,28/08/2024,09:23:48,51489.65,51487.1,75,51489.65,45,75,1376130
BANKNIFTY-II.NFO,28/08/2024,09:23:50,51489.6,51487.1,75,51489.6,45,30,1376130
BANKNIFTY-II.NFO,28/08/2024,09:23:51,51487.1,51487.1,60,51489.6,105,15,1376130
BANKNIFTY-II.NFO,28/08/2024,09:23:53,51487.1,51487.1,120,51489.6,105,30,1376130
BANKNIFTY-II.NFO,28/08/2024,09:23:55,51487.1,51487.1,60,51488.85,75,510,1376130
BANKNIFTY-II.NFO,28/08/2024,09:23:56,51488.85,51485,15,51489.9,15,285,1376130
BANKNIFTY-II.NFO,28/08/2024,09:23:58,51488.85,51485,30,51489.9,30,0,1376130
BANKNIFTY-II.NFO,28/08/2024,09:24:00,51489.9,51487.2,30,51489.85,30,15,1376130
BANKNIFTY-II.NFO,28/08/2024,09:24:01,51487.25,51487.1,165,51489.75,15,15,1376130
BANKNIFTY-II.NFO,28/08/2024,09:24:03,51489.75,51487.1,105,51489.7,15,45,1376130
BANKNIFTY-II.NFO,28/08/2024,09:24:05,51487.1,51487.1,75,51489.65,45,30,1376130
BANKNIFTY-II.NFO,28/08/2024,09:24:06,51495,51494.05,75,51499,15,360,1376130
BANKNIFTY-II.NFO,28/08/2024,09:24:08,51498.95,51496.1,135,51499,15,15,1376130
BANKNIFTY-II.NFO,28/08/2024,09:24:10,51496.1,51496.1,45,51498.9,30,105,1376130
BANKNIFTY-II.NFO,28/08/2024,09:24:11,51498.9,51496.25,90,51498.9,30,60,1376130
BANKNIFTY-II.NFO,28/08/2024,09:24:13,51496.25,51496.25,45,51499.05,45,255,1376130
BANKNIFTY-II.NFO,28/08/2024,09:24:15,51488.7,51488.55,15,51492.45,45,300,1376130
BANKNIFTY-II.NFO,28/08/2024,09:24:16,51488.55,51488,120,51492.4,45,15,1376130
BANKNIFTY-II.NFO,28/08/2024,09:24:18,51488,51488,90,51492.4,30,150,1376130
BANKNIFTY-II.NFO,28/08/2024,09:24:20,51492.4,51488.05,90,51492.3,30,90,1376130
BANKNIFTY-II.NFO,28/08/2024,09:24:21,51492.4,51488.05,90,51492.15,30,0,1376130
BANKNIFTY-II.NFO,28/08/2024,09:24:23,51488.05,51488.05,75,51492.1,60,105,1376130
BANKNIFTY-II.NFO,28/08/2024,09:24:24,51488.05,51488.05,15,51492.1,30,150,1376130
BANKNIFTY-II.NFO,28/08/2024,09:24:26,51487.1,51485,120,51487.05,45,420,1376130
BANKNIFTY-II.NFO,28/08/2024,09:24:28,51491.65,51485,105,51491.65,15,285,1376130
BANKNIFTY-II.NFO,28/08/2024,09:24:29,51487.95,51487.95,75,51491.65,30,90,1376130
BANKNIFTY-II.NFO,28/08/2024,09:24:31,51487.9,51485.05,90,51491.6,45,75,1376130
BANKNIFTY-II.NFO,28/08/2024,09:24:33,51487.75,51485.05,75,51489.55,30,180,1376130
BANKNIFTY-II.NFO,28/08/2024,09:24:34,51487.8,51485.05,30,51489.5,60,60,1376130
BANKNIFTY-II.NFO,28/08/2024,09:24:36,51480.05,51480,450,51481.55,30,630,1376130
BANKNIFTY-II.NFO,28/08/2024,09:24:38,51480.65,51479,30,51481.5,45,525,1376130
BANKNIFTY-II.NFO,28/08/2024,09:24:39,51481.85,51481.85,195,51487.7,45,195,1376130
BANKNIFTY-II.NFO,28/08/2024,09:24:41,51481.85,51481.85,150,51486.3,30,45,1376130
BANKNIFTY-II.NFO,28/08/2024,09:24:43,51481.85,51481.85,150,51484.2,15,15,1376130
BANKNIFTY-II.NFO,28/08/2024,09:24:44,51484.2,51481.85,150,51484.2,45,75,1376130
BANKNIFTY-II.NFO,28/08/2024,09:24:46,51479,51478,15,51479.4,45,525,1376130
BANKNIFTY-II.NFO,28/08/2024,09:24:48,51475.2,51477.9,90,51478.05,45,90,1376130
BANKNIFTY-II.NFO,28/08/2024,09:24:49,51477.95,51477.8,30,51478,30,90,1384635
BANKNIFTY-II.NFO,28/08/2024,09:24:51,51481.45,51479.25,90,51481.8,30,180,1384635
BANKNIFTY-II.NFO,28/08/2024,09:24:53,51489.1,51490.25,60,51495.6,30,330,1384635
BANKNIFTY-II.NFO,28/08/2024,09:24:54,51490.15,51490.15,60,51495.5,45,75,1384635
BANKNIFTY-II.NFO,28/08/2024,09:24:56,51490.1,51488.6,105,51493.95,30,75,1384635
BANKNIFTY-II.NFO,28/08/2024,09:24:58,51490.05,51490.05,30,51493.95,60,75,1384635
BANKNIFTY-II.NFO,28/08/2024,09:24:59,51487.95,51484.45,30,51490.05,30,315,1384635
BANKNIFTY-II.NFO,28/08/2024,09:25:01,51487.95,51484.5,15,51489.95,45,0,1384635
BANKNIFTY-II.NFO,28/08/2024,09:25:03,51484.9,51484,150,51484.85,15,105,1384635
BANKNIFTY-II.NFO,28/08/2024,09:25:04,51484.15,51484.25,75,51490,30,75,1384635
BANKNIFTY-II.NFO,28/08/2024,09:25:06,51484.15,51485.1,90,51489.95,30,15,1384635
BANKNIFTY-II.NFO,28/08/2024,09:25:08,51485.1,51485.05,60,51489.9,30,45,1384635
BANKNIFTY-II.NFO,28/08/2024,09:25:09,51489.9,51486.4,15,51489.9,30,15,1384635
BANKNIFTY-II.NFO,28/08/2024,09:25:11,51486.8,51486.9,75,51489.35,15,15,1384635
BANKNIFTY-II.NFO,28/08/2024,09:25:13,51489.3,51487.05,150,51489.3,15,15,1384635
BANKNIFTY-II.NFO,28/08/2024,09:25:14,51488.9,51487.2,75,51489.3,30,30,1384635
BANKNIFTY-II.NFO,28/08/2024,09:25:16,51487.2,51487.3,60,51489.25,60,15,1384635
BANKNIFTY-II.NFO,28/08/2024,09:25:18,51489.25,51487.35,150,51489.25,60,60,1384635
BANKNIFTY-II.NFO,28/08/2024,09:25:19,51487.6,51487.6,45,51489.25,15,75,1384635
BANKNIFTY-II.NFO,28/08/2024,09:25:21,51487.45,51485.1,165,51488.65,45,495,1384635
BANKNIFTY-II.NFO,28/08/2024,09:25:23,51488.2,51484,90,51488.2,30,1500,1384635
BANKNIFTY-II.NFO,28/08/2024,09:25:24,51485,51485,105,51486.95,15,60,1384635
BANKNIFTY-II.NFO,28/08/2024,09:25:26,51485,51485,105,51486.45,30,0,1384635
BANKNIFTY-II.NFO,28/08/2024,09:25:28,51486.45,51484.95,90,51486.45,30,330,1384635
BANKNIFTY-II.NFO,28/08/2024,09:25:29,51480,51480,960,51484,15,165,1384635
BANKNIFTY-II.NFO,28/08/2024,09:25:31,51480,51480,960,51483.2,15,30,1384635
BANKNIFTY-II.NFO,28/08/2024,09:25:33,51483.2,51480,930,51483.2,15,195,1384635
BANKNIFTY-II.NFO,28/08/2024,09:25:35,51480,51480,675,51483.3,30,345,1384635
BANKNIFTY-II.NFO,28/08/2024,09:25:36,51481.8,51480,570,51482.05,15,150,1384635
BANKNIFTY-II.NFO,28/08/2024,09:25:38,51480,51480.05,285,51482,15,135,1384635
BANKNIFTY-II.NFO,28/08/2024,09:25:40,51483.3,51480.05,285,51481.35,15,105,1384635
BANKNIFTY-II.NFO,28/08/2024,09:25:41,51482,51480.15,60,51481.35,15,90,1384635
BANKNIFTY-II.NFO,28/08/2024,09:25:43,51480,51477,45,51479.6,15,1200,1384635
BANKNIFTY-II.NFO,28/08/2024,09:25:45,51472.2,51472,75,51474.5,15,600,1384635
BANKNIFTY-II.NFO,28/08/2024,09:25:46,51470.1,51470,615,51470.1,15,165,1384635
BANKNIFTY-II.NFO,28/08/2024,09:25:48,51474.45,51471,15,51476.6,15,285,1384635
BANKNIFTY-II.NFO,28/08/2024,09:25:50,51470.95,51470,630,51473.7,15,165,1384635
BANKNIFTY-II.NFO,28/08/2024,09:25:51,51470,51470,600,51471.55,15,30,1384635
BANKNIFTY-II.NFO,28/08/2024,09:25:53,51469.15,51463.65,15,51473.65,15,1665,1384635
BANKNIFTY-II.NFO,28/08/2024,09:25:55,51465.3,51465.2,30,51473,30,135,1384635
BANKNIFTY-II.NFO,28/08/2024,09:25:56,51470.1,51470.1,840,51473,30,150,1384635
BANKNIFTY-II.NFO,28/08/2024,09:25:58,51470.1,51470.1,765,51473,105,75,1384635
BANKNIFTY-II.NFO,28/08/2024,09:25:59,51470.1,51470.1,705,51471,30,60,1384635
BANKNIFTY-II.NFO,28/08/2024,09:26:01,51465.75,51465,15,51468.7,15,1020,1384635
BANKNIFTY-II.NFO,28/08/2024,09:26:03,51468.7,51465.6,60,51470,15,210,1384635
BANKNIFTY-II.NFO,28/08/2024,09:26:04,51468.35,51468.35,75,51469.55,15,75,1384635
BANKNIFTY-II.NFO,28/08/2024,09:26:06,51469.25,51469.25,60,51469.5,15,105,1384635
BANKNIFTY-II.NFO,28/08/2024,09:26:08,51469.5,51469.2,180,51469.55,15,45,1384635
BANKNIFTY-II.NFO,28/08/2024,09:26:09,51469.2,51469.2,165,51469.5,30,15,1384635
BANKNIFTY-II.NFO,28/08/2024,09:26:11,51469.2,51469.15,90,51469.45,15,495,1384635
BANKNIFTY-II.NFO,28/08/2024,09:26:13,51469.1,51469,75,51469.25,30,30,1384635
BANKNIFTY-II.NFO,28/08/2024,09:26:14,51469,51465.25,45,51468.7,75,225,1384635
BANKNIFTY-II.NFO,28/08/2024,09:26:16,51468.7,51465.35,15,51471,15,180,1384635
BANKNIFTY-II.NFO,28/08/2024,09:26:18,51471,51465.5,15,51470.95,30,30,1384635
BANKNIFTY-II.NFO,28/08/2024,09:26:19,51471,51465.55,105,51471.5,15,285,1384635
BANKNIFTY-II.NFO,28/08/2024,09:26:21,51471,51465.7,15,51471.05,15,0,1384635
BANKNIFTY-II.NFO,28/08/2024,09:26:23,51465.05,51462.15,30,51470.85,15,840,1384635
BANKNIFTY-II.NFO,28/08/2024,09:26:24,51467,51467,255,51470,15,810,1384635
BANKNIFTY-II.NFO,28/08/2024,09:26:26,51465,51465,15,51467,30,405,1384635
BANKNIFTY-II.NFO,28/08/2024,09:26:28,51459.3,51455.55,90,51459.3,90,465,1384635
BANKNIFTY-II.NFO,28/08/2024,09:26:29,51463.55,51459.1,60,51463.4,15,195,1384635
BANKNIFTY-II.NFO,28/08/2024,09:26:31,51462.25,51461.5,75,51465.05,15,345,1384635
BANKNIFTY-II.NFO,28/08/2024,09:26:33,51461.55,51461.5,45,51464.85,15,135,1384635
BANKNIFTY-II.NFO,28/08/2024,09:26:34,51455.6,51455.55,30,51461.25,15,300,1384635
BANKNIFTY-II.NFO,28/08/2024,09:26:36,51459.6,51455.55,30,51459.85,15,180,1384635
BANKNIFTY-II.NFO,28/08/2024,09:26:38,51455.55,51455.55,105,51460.8,15,15,1384635
BANKNIFTY-II.NFO,28/08/2024,09:26:39,51455.55,51455.95,90,51459.15,15,15,1384635
BANKNIFTY-II.NFO,28/08/2024,09:26:41,51455.85,51455.9,90,51459,15,90,1384635
BANKNIFTY-II.NFO,28/08/2024,09:26:42,51459.15,51456.05,75,51458.95,30,75,1384635
BANKNIFTY-II.NFO,28/08/2024,09:26:44,51456.05,51456.05,150,51458.95,30,15,1384635
BANKNIFTY-II.NFO,28/08/2024,09:26:46,51449.55,51444.35,30,51450,900,4230,1384635
BANKNIFTY-II.NFO,28/08/2024,09:26:46,51444,51444.35,30,51450,900,0,1384635
BANKNIFTY-II.NFO,28/08/2024,09:26:47,51450,51447.7,45,51451.9,15,2085,1384635
BANKNIFTY-II.NFO,28/08/2024,09:26:47,51443.7,51447.7,45,51451.9,15,0,1384635
BANKNIFTY-II.NFO,28/08/2024,09:26:49,51445.15,51441.25,30,51445.15,15,165,1384635
BANKNIFTY-II.NFO,28/08/2024,09:26:51,51437.75,51430.55,75,51435.2,30,2220,1384635
BANKNIFTY-II.NFO,28/08/2024,09:26:51,51431.65,51430.55,75,51435.2,30,0,1384635
BANKNIFTY-II.NFO,28/08/2024,09:26:52,51428.05,51429.9,30,51437.3,45,780,1384635
BANKNIFTY-II.NFO,28/08/2024,09:26:52,51428.05,51429.9,30,51437.3,45,0,1384635
BANKNIFTY-II.NFO,28/08/2024,09:26:54,51431.95,51433,90,51437.3,30,810,1384635
BANKNIFTY-II.NFO,28/08/2024,09:26:56,51431.55,51431.55,15,51433.8,15,465,1384635
BANKNIFTY-II.NFO,28/08/2024,09:26:57,51436.9,51435.05,45,51436.8,15,300,1384635
BANKNIFTY-II.NFO,28/08/2024,09:26:59,51447.1,51436.25,30,51447.65,30,975,1384635
BANKNIFTY-II.NFO,28/08/2024,09:27:01,51436.15,51441.15,15,51447.7,15,195,1384635
BANKNIFTY-II.NFO,28/08/2024,09:27:02,51444.45,51444.45,15,51455.7,30,240,1384635
BANKNIFTY-II.NFO,28/08/2024,09:27:04,51447.05,51440,15,51446.8,15,45,1384635
BANKNIFTY-II.NFO,28/08/2024,09:27:06,51440,51440,75,51447.05,30,60,1384635
BANKNIFTY-II.NFO,28/08/2024,09:27:07,51447.05,51440.9,30,51449.2,15,255,1384635
BANKNIFTY-II.NFO,28/08/2024,09:27:09,51442.5,51442.5,15,51449.95,15,45,1384635
BANKNIFTY-II.NFO,28/08/2024,09:27:11,51442.5,51442.55,60,51446.5,15,15,1384635
BANKNIFTY-II.NFO,28/08/2024,09:27:12,51442.55,51446.8,15,51448.9,15,810,1384635
BANKNIFTY-II.NFO,28/08/2024,09:27:14,51446.8,51446.8,45,51449.25,15,240,1384635
BANKNIFTY-II.NFO,28/08/2024,09:27:16,51448.95,51442.05,165,51449.2,15,210,1384635
BANKNIFTY-II.NFO,28/08/2024,09:27:17,51449.1,51442.35,60,51449.15,30,75,1384635
BANKNIFTY-II.NFO,28/08/2024,09:27:19,51454.45,51452.65,15,51456,30,420,1384635
BANKNIFTY-II.NFO,28/08/2024,09:27:21,51452.7,51452.7,60,51456.95,15,60,1384635
BANKNIFTY-II.NFO,28/08/2024,09:27:22,51452.7,51452.65,180,51457.35,15,60,1384635
BANKNIFTY-II.NFO,28/08/2024,09:27:24,51452.7,51452.65,195,51455.35,15,0,1384635
BANKNIFTY-II.NFO,28/08/2024,09:27:26,51452.7,51452.65,165,51452.7,15,105,1384635
BANKNIFTY-II.NFO,28/08/2024,09:27:27,51452.7,51452.65,165,51455.8,30,30,1384635
BANKNIFTY-II.NFO,28/08/2024,09:27:29,51456,51454.4,150,51457,15,150,1384635
BANKNIFTY-II.NFO,28/08/2024,09:27:31,51456.95,51454.8,30,51460,15,390,1384635
BANKNIFTY-II.NFO,28/08/2024,09:27:32,51454.65,51454.8,90,51458.85,15,60,1384635
BANKNIFTY-II.NFO,28/08/2024,09:27:34,51454.9,51455.05,135,51457.6,15,45,1384635
BANKNIFTY-II.NFO,28/08/2024,09:27:36,51455.9,51455.25,45,51455.9,15,330,1384635
BANKNIFTY-II.NFO,28/08/2024,09:27:37,51455.95,51455.7,75,51461.05,15,330,1384635
BANKNIFTY-II.NFO,28/08/2024,09:27:39,51457.05,51457.05,15,51462.05,15,165,1384635
BANKNIFTY-II.NFO,28/08/2024,09:27:41,51457.3,51461.05,150,51462.05,30,75,1384635
BANKNIFTY-II.NFO,28/08/2024,09:27:42,51461.05,51461.05,90,51461.25,15,825,1384635
BANKNIFTY-II.NFO,28/08/2024,09:27:44,51451,51450,75,51450.85,15,630,1384635
BANKNIFTY-II.NFO,28/08/2024,09:27:46,51450.35,51446,15,51450.35,30,165,1384635
BANKNIFTY-II.NFO,28/08/2024,09:27:47,51453,51446.05,105,51453.85,15,375,1384635
BANKNIFTY-II.NFO,28/08/2024,09:27:49,51450.55,51450.55,90,51457.25,15,60,1384635
BANKNIFTY-II.NFO,28/08/2024,09:27:51,51457.55,51457.3,195,51457.55,15,30,1400265
BANKNIFTY-II.NFO,28/08/2024,09:27:52,51459.5,51451.75,15,51456.8,15,345,1400265
BANKNIFTY-II.NFO,28/08/2024,09:27:54,51451.55,51450.05,15,51456.5,15,195,1400265
BANKNIFTY-II.NFO,28/08/2024,09:27:56,51456.8,51450.1,15,51454.7,15,210,1400265
BANKNIFTY-II.NFO,28/08/2024,09:27:57,51456.75,51450.3,15,51456.75,15,90,1400265
BANKNIFTY-II.NFO,28/08/2024,09:27:59,51451.25,51451.35,90,51456.75,45,15,1400265
BANKNIFTY-II.NFO,28/08/2024,09:28:01,51456.15,51452.25,45,51458.7,15,420,1400265
BANKNIFTY-II.NFO,28/08/2024,09:28:02,51460,51454.85,30,51460,675,195,1400265
BANKNIFTY-II.NFO,28/08/2024,09:28:04,51454.8,51452.7,90,51460,675,15,1400265
BANKNIFTY-II.NFO,28/08/2024,09:28:06,51460,51452,165,51460,615,75,1400265
BANKNIFTY-II.NFO,28/08/2024,09:28:07,51452,51452,135,51459.2,15,975,1400265
BANKNIFTY-II.NFO,28/08/2024,09:28:09,51452,51452,150,51456.2,15,30,1400265
BANKNIFTY-II.NFO,28/08/2024,09:28:11,51457.3,51452,105,51457.3,150,60,1400265
BANKNIFTY-II.NFO,28/08/2024,09:28:12,51462.05,51454.05,45,51462.05,15,210,1400265
BANKNIFTY-II.NFO,28/08/2024,09:28:14,51458,51460,45,51460.55,15,120,1400265
BANKNIFTY-II.NFO,28/08/2024,09:28:16,51460,51457.3,15,51461.3,15,45,1400265
BANKNIFTY-II.NFO,28/08/2024,09:28:17,51464,51457.3,15,51462.05,15,135,1400265
BANKNIFTY-II.NFO,28/08/2024,09:28:19,51460,51457.3,15,51461.2,15,30,1400265
BANKNIFTY-II.NFO,28/08/2024,09:28:20,51459.6,51452,135,51459,15,30,1400265
BANKNIFTY-II.NFO,28/08/2024,09:28:22,51458.55,51453.05,15,51459.05,15,15,1400265
BANKNIFTY-II.NFO,28/08/2024,09:28:24,51460,51455.9,15,51458.8,15,1035,1400265
BANKNIFTY-II.NFO,28/08/2024,09:28:25,51453,51452.55,15,51455.2,15,75,1400265
BANKNIFTY-II.NFO,28/08/2024,09:28:27,51457.7,51452,150,51457,15,75,1400265
BANKNIFTY-II.NFO,28/08/2024,09:28:28,51457.7,51452,150,51457,30,0,1400265
BANKNIFTY-II.NFO,28/08/2024,09:28:30,51456.95,51452,90,51456.95,15,195,1400265
BANKNIFTY-II.NFO,28/08/2024,09:28:32,51455.9,51452,90,51455.9,15,15,1400265
BANKNIFTY-II.NFO,28/08/2024,09:28:33,51454.95,51452.25,60,51455,15,90,1400265
BANKNIFTY-II.NFO,28/08/2024,09:28:35,51452.2,51452.2,15,51455,15,30,1400265
BANKNIFTY-II.NFO,28/08/2024,09:28:37,51452.2,51452.05,75,51455.9,15,30,1400265
BANKNIFTY-II.NFO,28/08/2024,09:28:38,51455.9,51455.9,900,51457,15,225,1400265
BANKNIFTY-II.NFO,28/08/2024,09:28:40,51455.9,51455.9,870,51457,15,195,1400265
BANKNIFTY-II.NFO,28/08/2024,09:28:41,51455.85,51453,60,51456,15,945,1400265
BANKNIFTY-II.NFO,28/08/2024,09:28:43,51451,51451,105,51451.7,15,330,1400265
BANKNIFTY-II.NFO,28/08/2024,09:28:45,51451.7,51445.05,60,51454.15,30,525,1400265
BANKNIFTY-II.NFO,28/08/2024,09:28:46,51460,51445,15,51452.9,30,300,1400265
BANKNIFTY-II.NFO,28/08/2024,09:28:48,51450,51447.05,60,51455.4,15,165,1400265
BANKNIFTY-II.NFO,28/08/2024,09:28:49,51455.05,51446.35,60,51455.4,30,15,1400265
BANKNIFTY-II.NFO,28/08/2024,09:28:51,51455.05,51447.35,15,51454.1,15,0,1400265
BANKNIFTY-II.NFO,28/08/2024,09:28:53,51455.05,51447.35,15,51453,15,0,1400265
BANKNIFTY-II.NFO,28/08/2024,09:28:54,51447.4,51447.4,60,51453,45,75,1400265
BANKNIFTY-II.NFO,28/08/2024,09:28:56,51453.55,51450.1,15,51453.55,90,150,1400265
BANKNIFTY-II.NFO,28/08/2024,09:28:57,51453.55,51450.45,15,51453.55,15,150,1400265
BANKNIFTY-II.NFO,28/08/2024,09:28:59,51453.55,51450.15,15,51450.45,15,0,1400265
BANKNIFTY-II.NFO,28/08/2024,09:29:00,51457,51453.55,180,51458.5,15,90,1400265
BANKNIFTY-II.NFO,28/08/2024,09:29:02,51458.5,51453.55,150,51458.5,15,60,1400265
BANKNIFTY-II.NFO,28/08/2024,09:29:04,51453.55,51451,15,51456.4,30,210,1400265
BANKNIFTY-II.NFO,28/08/2024,09:29:05,51449.4,51449,15,51455.85,15,90,1400265
BANKNIFTY-II.NFO,28/08/2024,09:29:07,51453.55,51453.55,495,51457.3,45,615,1400265
BANKNIFTY-II.NFO,28/08/2024,09:29:08,51453.55,51448,150,51456.35,15,570,1400265
BANKNIFTY-II.NFO,28/08/2024,09:29:10,51460,51448.05,60,51457.7,30,165,1400265
BANKNIFTY-II.NFO,28/08/2024,09:29:12,51455,51448.15,15,51455.05,15,360,1400265
BANKNIFTY-II.NFO,28/08/2024,09:29:13,51455.2,51448.15,15,51454.75,15,105,1400265
BANKNIFTY-II.NFO,28/08/2024,09:29:15,51454.4,51448.15,15,51452.9,15,45,1400265
BANKNIFTY-II.NFO,28/08/2024,09:29:17,51450,51448.15,15,51452.2,15,90,1400265
BANKNIFTY-II.NFO,28/08/2024,09:29:18,51448.15,51448,150,51452.6,15,120,1400265
BANKNIFTY-II.NFO,28/08/2024,09:29:20,51448,51447,15,51448,45,150,1400265
BANKNIFTY-II.NFO,28/08/2024,09:29:21,51445,51445,30,51447,30,75,1400265
BANKNIFTY-II.NFO,28/08/2024,09:29:23,51444,51443.05,15,51448.85,15,450,1400265
BANKNIFTY-II.NFO,28/08/2024,09:29:25,51446,51441,765,51447.8,15,120,1400265
BANKNIFTY-II.NFO,28/08/2024,09:29:26,51447.1,51441.05,75,51447.8,30,45,1400265
BANKNIFTY-II.NFO,28/08/2024,09:29:28,51447.95,51444.05,60,51447.95,30,60,1400265
BANKNIFTY-II.NFO,28/08/2024,09:29:30,51444.15,51444.1,15,51447.95,30,30,1400265
BANKNIFTY-II.NFO,28/08/2024,09:29:31,51447.8,51444.1,15,51447.9,15,30,1400265
BANKNIFTY-II.NFO,28/08/2024,09:29:33,51444.1,51444,15,51451.4,15,300,1400265
BANKNIFTY-II.NFO,28/08/2024,09:29:35,51447.7,51444,15,51451.2,15,75,1400265
BANKNIFTY-II.NFO,28/08/2024,09:29:36,51447.95,51444.3,15,51451.15,45,45,1400265
BANKNIFTY-II.NFO,28/08/2024,09:29:38,51451.15,51444.15,915,51449.05,15,30,1400265
BANKNIFTY-II.NFO,28/08/2024,09:29:40,51444.1,51444,15,51451.15,15,1005,1400265
BANKNIFTY-II.NFO,28/08/2024,09:29:41,51444,51442.75,60,51450.65,15,30,1400265
BANKNIFTY-II.NFO,28/08/2024,09:29:43,51441.95,51441.95,60,51449.5,15,60,1400265
BANKNIFTY-II.NFO,28/08/2024,09:29:44,51451.05,51443.4,15,51449.5,30,165,1400265
BANKNIFTY-II.NFO,28/08/2024,09:29:46,51444.5,51441.4,15,51444.5,15,30,1400265
BANKNIFTY-II.NFO,28/08/2024,09:29:48,51436,51436,15,51438.15,15,1200,1400265
BANKNIFTY-II.NFO,28/08/2024,09:29:49,51442.7,51435.55,45,51438.15,45,135,1400265
BANKNIFTY-II.NFO,28/08/2024,09:29:51,51438.15,51434,30,51438.3,15,645,1400265
BANKNIFTY-II.NFO,28/08/2024,09:29:53,51439.95,51434.4,15,51439.8,15,30,1400265
BANKNIFTY-II.NFO,28/08/2024,09:29:54,51434.4,51434,30,51436,30,30,1400265
BANKNIFTY-II.NFO,28/08/2024,09:29:56,51434.05,51434,30,51437.3,15,240,1400265
BANKNIFTY-II.NFO,28/08/2024,09:29:58,51432.05,51432,30,51435.75,30,540,1400265
BANKNIFTY-II.NFO,28/08/2024,09:29:59,51430,51430,525,51434,15,105,1400265
BANKNIFTY-II.NFO,28/08/2024,09:30:01,51431.25,51431.2,15,51435.7,15,180,1400265
BANKNIFTY-II.NFO,28/08/2024,09:30:03,51435.75,51435.8,15,51441,30,60,1400265
BANKNIFTY-II.NFO,28/08/2024,09:30:04,51435.75,51435.75,15,51437,15,30,1400265
BANKNIFTY-II.NFO,28/08/2024,09:30:06,51430,51430,360,51435.3,15,360,1400265
BANKNIFTY-II.NFO,28/08/2024,09:30:08,51430.05,51430,345,51438.2,30,105,1400265
BANKNIFTY-II.NFO,28/08/2024,09:30:09,51430,51430,240,51434.2,30,135,1400265
BANKNIFTY-II.NFO,28/08/2024,09:30:11,51425,51425.05,60,51427.15,15,660,1400265
BANKNIFTY-II.NFO,28/08/2024,09:30:11,51425,51425.05,60,51427.15,15,0,1400265
BANKNIFTY-II.NFO,28/08/2024,09:30:13,51425,51420.1,75,51430.1,60,465,1400265
BANKNIFTY-II.NFO,28/08/2024,09:30:13,51421,51420.1,75,51430.1,60,0,1400265
BANKNIFTY-II.NFO,28/08/2024,09:30:14,51430.65,51425.25,60,51435.25,15,570,1400265
BANKNIFTY-II.NFO,28/08/2024,09:30:14,51420.3,51425.25,60,51435.25,15,0,1400265
BANKNIFTY-II.NFO,28/08/2024,09:30:16,51426.5,51424.6,45,51434,15,45,1400265
BANKNIFTY-II.NFO,28/08/2024,09:30:18,51430.65,51424.6,15,51430.65,15,75,1400265
BANKNIFTY-II.NFO,28/08/2024,09:30:19,51426.05,51424.6,15,51427,15,150,1400265
BANKNIFTY-II.NFO,28/08/2024,09:30:21,51430,51424.6,15,51433.85,15,255,1400265
BANKNIFTY-II.NFO,28/08/2024,09:30:22,51435.85,51425.5,15,51434.6,15,450,1400265
BANKNIFTY-II.NFO,28/08/2024,09:30:24,51434.5,51424.7,15,51434.6,30,75,1400265
BANKNIFTY-II.NFO,28/08/2024,09:30:26,51434.6,51428.7,15,51434.6,15,45,1400265
BANKNIFTY-II.NFO,28/08/2024,09:30:27,51435.1,51435.1,15,51445.25,60,420,1400265
BANKNIFTY-II.NFO,28/08/2024,09:30:29,51434.6,51430.65,105,51434.65,60,30,1400265
BANKNIFTY-II.NFO,28/08/2024,09:30:31,51430,51423.9,15,51431.95,15,180,1400265
BANKNIFTY-II.NFO,28/08/2024,09:30:32,51436.05,51425.8,15,51435.4,15,195,1400265
BANKNIFTY-II.NFO,28/08/2024,09:30:34,51434.6,51427.35,15,51437.1,15,90,1400265
BANKNIFTY-II.NFO,28/08/2024,09:30:36,51426.4,51425,15,51434.55,15,105,1400265
BANKNIFTY-II.NFO,28/08/2024,09:30:37,51435,51430,15,51431.45,15,120,1400265
BANKNIFTY-II.NFO,28/08/2024,09:30:39,51430,51428.2,75,51430.3,570,75,1400265
BANKNIFTY-II.NFO,28/08/2024,09:30:41,51431.45,51430.7,60,51440.75,45,945,1400265
BANKNIFTY-II.NFO,28/08/2024,09:30:42,51440.75,51431.6,60,51440.7,30,165,1400265
BANKNIFTY-II.NFO,28/08/2024,09:30:44,51433.1,51433.05,15,51435,15,90,1400265
BANKNIFTY-II.NFO,28/08/2024,09:30:46,51435,51434.5,15,51443.25,15,75,1400265
BANKNIFTY-II.NFO,28/08/2024,09:30:47,51434.7,51437.7,45,51446,15,15,1400265
BANKNIFTY-II.NFO,28/08/2024,09:30:49,51437.6,51438.8,15,51445,15,60,1400265
BANKNIFTY-II.NFO,28/08/2024,09:30:50,51446,51440.55,15,51450,15,45,1400265
BANKNIFTY-II.NFO,28/08/2024,09:30:52,51440.05,51440.55,15,51449.85,60,90,1411335
BANKNIFTY-II.NFO,28/08/2024,09:30:54,51449.65,51439.3,60,51449.45,45,300,1411335
BANKNIFTY-II.NFO,28/08/2024,09:30:55,51437.6,51440,15,51442.6,60,30,1411335
BANKNIFTY-II.NFO,28/08/2024,09:30:57,51445,51433.9,75,51442.55,30,195,1411335
BANKNIFTY-II.NFO,28/08/2024,09:30:59,51437.85,51433.05,15,51437.6,15,180,1411335
BANKNIFTY-II.NFO,28/08/2024,09:31:00,51437.6,51433.9,60,51437.6,30,1140,1411335
BANKNIFTY-II.NFO,28/08/2024,09:31:02,51437.6,51433.6,15,51437.6,60,0,1411335
BANKNIFTY-II.NFO,28/08/2024,09:31:04,51437.6,51433.6,15,51441.2,15,75,1411335
BANKNIFTY-II.NFO,28/08/2024,09:31:05,51441.65,51437.6,15,51439.5,15,195,1411335
BANKNIFTY-II.NFO,28/08/2024,09:31:07,51440.6,51433.5,45,51440.35,15,90,1411335
BANKNIFTY-II.NFO,28/08/2024,09:31:09,51439.45,51437.6,150,51439.4,15,45,1411335
BANKNIFTY-II.NFO,28/08/2024,09:31:10,51431.95,51431.55,30,51437.3,30,165,1411335
BANKNIFTY-II.NFO,28/08/2024,09:31:12,51431.15,51430,135,51435.05,15,45,1411335
BANKNIFTY-II.NFO,28/08/2024,09:31:14,51430,51431.45,15,51435.05,30,15,1411335
BANKNIFTY-II.NFO,28/08/2024,09:31:15,51437,51435.05,15,51436,45,105,1411335
BANKNIFTY-II.NFO,28/08/2024,09:31:17,51430,51430,120,51435.05,30,180,1411335
BANKNIFTY-II.NFO,28/08/2024,09:31:19,51431,51430,90,51431,30,210,1411335
BANKNIFTY-II.NFO,28/08/2024,09:31:20,51436.55,51430,90,51436.7,15,90,1411335
BANKNIFTY-II.NFO,28/08/2024,09:31:22,51436.25,51430,180,51433.85,15,75,1411335
BANKNIFTY-II.NFO,28/08/2024,09:31:24,51430,51430,135,51434.5,15,150,1411335
BANKNIFTY-II.NFO,28/08/2024,09:31:26,51430,51430,120,51435.6,15,15,1411335
BANKNIFTY-II.NFO,28/08/2024,09:31:27,51430.4,51430,120,51437.15,15,1065,1411335
BANKNIFTY-II.NFO,28/08/2024,09:31:29,51433.7,51430,45,51433.75,15,90,1411335
BANKNIFTY-II.NFO,28/08/2024,09:31:31,51431,51430,45,51431.5,15,45,1411335
BANKNIFTY-II.NFO,28/08/2024,09:31:32,51431,51430,195,51434.9,15,0,1411335
BANKNIFTY-II.NFO,28/08/2024,09:31:34,51433.8,51430,315,51431,150,15,1411335
BANKNIFTY-II.NFO,28/08/2024,09:31:36,51430,51430,300,51431,105,60,1411335
BANKNIFTY-II.NFO,28/08/2024,09:31:37,51430,51430,75,51431,105,240,1411335
BANKNIFTY-II.NFO,28/08/2024,09:31:39,51428,51426.4,15,51430,900,150,1411335
BANKNIFTY-II.NFO,28/08/2024,09:31:41,51426,51426,15,51430,900,30,1411335
BANKNIFTY-II.NFO,28/08/2024,09:31:42,51430,51426.1,30,51431,255,1680,1411335
BANKNIFTY-II.NFO,28/08/2024,09:31:44,51431,51425.5,75,51431,90,330,1411335
BANKNIFTY-II.NFO,28/08/2024,09:31:46,51425.5,51426.8,15,51431,90,120,1411335
BANKNIFTY-II.NFO,28/08/2024,09:31:47,51425.5,51427.9,45,51431,90,135,1411335
BANKNIFTY-II.NFO,28/08/2024,09:31:49,51431,51429.05,45,51435,15,180,1411335
BANKNIFTY-II.NFO,28/08/2024,09:31:51,51433.05,51433.05,15,51433.8,15,30,1411335
BANKNIFTY-II.NFO,28/08/2024,09:31:52,51434.25,51431,30,51434.8,15,195,1411335
BANKNIFTY-II.NFO,28/08/2024,09:31:54,51431,51433.8,15,51435,15,90,1411335
BANKNIFTY-II.NFO,28/08/2024,09:31:55,51428.3,51428.35,15,51431,15,120,1411335
BANKNIFTY-II.NFO,28/08/2024,09:31:57,51432.65,51431,15,51432.55,15,75,1411335
BANKNIFTY-II.NFO,28/08/2024,09:31:59,51426.8,51426,165,51426.75,15,135,1411335
BANKNIFTY-II.NFO,28/08/2024,09:32:00,51421.7,51421,75,51426.05,15,555,1411335
BANKNIFTY-II.NFO,28/08/2024,09:32:02,51428.4,51426.55,30,51432,15,345,1411335
BANKNIFTY-II.NFO,28/08/2024,09:32:04,51427.65,51427.25,60,51432,15,480,1411335
BANKNIFTY-II.NFO,28/08/2024,09:32:05,51427.85,51427.85,45,51432,90,105,1411335
BANKNIFTY-II.NFO,28/08/2024,09:32:07,51426.35,51426.05,15,51432,75,210,1411335
BANKNIFTY-II.NFO,28/08/2024,09:32:09,51426.05,51428.3,75,51432,75,45,1411335
BANKNIFTY-II.NFO,28/08/2024,09:32:11,51430,51428.3,75,51431.45,15,75,1411335
BANKNIFTY-II.NFO,28/08/2024,09:32:12,51431.45,51428.3,30,51431.45,60,120,1411335
BANKNIFTY-II.NFO,28/08/2024,09:32:14,51431.45,51428.8,30,51431,15,0,1411335
BANKNIFTY-II.NFO,28/08/2024,09:32:16,51433.85,51428.3,15,51431.45,15,165,1411335
BANKNIFTY-II.NFO,28/08/2024,09:32:17,51428.3,51426.6,15,51433.1,60,915,1411335
BANKNIFTY-II.NFO,28/08/2024,09:32:19,51431.45,51431.45,270,51433.05,60,345,1411335
BANKNIFTY-II.NFO,28/08/2024,09:32:20,51431.45,51431.45,255,51433.05,60,75,1411335
BANKNIFTY-II.NFO,28/08/2024,09:32:22,51431.45,51431.45,225,51433.05,45,45,1411335
BANKNIFTY-II.NFO,28/08/2024,09:32:23,51431.45,51426.45,15,51433.05,45,240,1411335
BANKNIFTY-II.NFO,28/08/2024,09:32:25,51427.45,51427.4,30,51433.05,45,30,1411335
BANKNIFTY-II.NFO,28/08/2024,09:32:27,51428.3,51428,15,51433.05,45,45,1411335
BANKNIFTY-II.NFO,28/08/2024,09:32:28,51428,51427.45,30,51433.05,15,45,1411335
BANKNIFTY-II.NFO,28/08/2024,09:32:30,51427.45,51427.95,45,51433.05,15,30,1411335
BANKNIFTY-II.NFO,28/08/2024,09:32:32,51433.05,51428.25,15,51435,15,30,1411335
BANKNIFTY-II.NFO,28/08/2024,09:32:33,51435,51433.05,15,51435,15,615,1411335
BANKNIFTY-II.NFO,28/08/2024,09:32:35,51437.8,51442.05,15,51445,30,120,1411335
BANKNIFTY-II.NFO,28/08/2024,09:32:36,51450,51448.1,30,51455,15,240,1411335
BANKNIFTY-II.NFO,28/08/2024,09:32:38,51450,51443.35,30,51454.65,15,60,1411335
BANKNIFTY-II.NFO,28/08/2024,09:32:40,51450,51436.7,30,51444.9,15,15,1411335
BANKNIFTY-II.NFO,28/08/2024,09:32:41,51451.7,51441.75,45,51451.15,15,30,1411335
BANKNIFTY-II.NFO,28/08/2024,09:32:43,51450.35,51441.75,30,51450.25,15,45,1411335
BANKNIFTY-II.NFO,28/08/2024,09:32:45,51447,51443.05,30,51450.5,15,120,1411335
BANKNIFTY-II.NFO,28/08/2024,09:32:46,51447,51450.5,15,51455,15,0,1411335
BANKNIFTY-II.NFO,28/08/2024,09:32:48,51455,51445.25,15,51450.35,15,45,1411335
BANKNIFTY-II.NFO,28/08/2024,09:32:50,51450.35,51441.6,60,51450.35,15,165,1411335
BANKNIFTY-II.NFO,28/08/2024,09:32:51,51449.35,51440.65,30,51446.6,15,15,1411335
BANKNIFTY-II.NFO,28/08/2024,09:32:53,51436.05,51436.05,135,51437.3,15,75,1411335
BANKNIFTY-II.NFO,28/08/2024,09:32:55,51435,51435,15,51438.75,15,555,1411335
BANKNIFTY-II.NFO,28/08/2024,09:32:56,51433.05,51433.05,15,51436.75,15,195,1411335
BANKNIFTY-II.NFO,28/08/2024,09:32:58,51438.35,51433.05,15,51439.55,15,15,1411335
BANKNIFTY-II.NFO,28/08/2024,09:32:59,51436.05,51433.05,15,51438.75,15,315,1411335
BANKNIFTY-II.NFO,28/08/2024,09:33:01,51434,51434,120,51439.6,15,750,1411335
BANKNIFTY-II.NFO,28/08/2024,09:33:03,51434,51434,75,51437.95,15,75,1411335
BANKNIFTY-II.NFO,28/08/2024,09:33:04,51434,51433.05,15,51435.65,15,105,1411335
BANKNIFTY-II.NFO,28/08/2024,09:33:06,51439.7,51430,45,51435.1,15,135,1411335
BANKNIFTY-II.NFO,28/08/2024,09:33:08,51434,51430,30,51432.85,15,30,1411335
BANKNIFTY-II.NFO,28/08/2024,09:33:09,51433.55,51433.55,45,51440.25,45,1125,1411335
BANKNIFTY-II.NFO,28/08/2024,09:33:11,51436,51433.85,15,51440.65,15,75,1411335
BANKNIFTY-II.NFO,28/08/2024,09:33:12,51434.4,51436.05,30,51443.8,15,75,1411335
BANKNIFTY-II.NFO,28/08/2024,09:33:14,51439,51436,15,51439.3,15,15,1411335
BANKNIFTY-II.NFO,28/08/2024,09:33:16,51435,51437.2,45,51443.95,15,60,1411335
BANKNIFTY-II.NFO,28/08/2024,09:33:17,51436.1,51435,60,51441.65,15,75,1411335
BANKNIFTY-II.NFO,28/08/2024,09:33:19,51435,51435,15,51444.45,15,75,1411335
BANKNIFTY-II.NFO,28/08/2024,09:33:20,51444.1,51433.65,15,51444.15,15,450,1411335
BANKNIFTY-II.NFO,28/08/2024,09:33:22,51436.7,51437.05,75,51447.15,15,165,1411335
BANKNIFTY-II.NFO,28/08/2024,09:33:24,51447.25,51436.1,60,51447.2,30,270,1411335
BANKNIFTY-II.NFO,28/08/2024,09:33:25,51436.1,51437.45,60,51446.5,15,60,1411335
BANKNIFTY-II.NFO,28/08/2024,09:33:27,51436.2,51437.1,15,51444,30,30,1411335
BANKNIFTY-II.NFO,28/08/2024,09:33:29,51435.6,51437,15,51443.95,30,60,1411335
BANKNIFTY-II.NFO,28/08/2024,09:33:30,51435,51434,45,51436.8,15,75,1411335
BANKNIFTY-II.NFO,28/08/2024,09:33:32,51434,51433.25,15,51436.8,15,90,1411335
BANKNIFTY-II.NFO,28/08/2024,09:33:34,51432.85,51432.4,60,51436.75,15,90,1411335
BANKNIFTY-II.NFO,28/08/2024,09:33:35,51432.8,51433.6,60,51438.75,15,60,1411335
BANKNIFTY-II.NFO,28/08/2024,09:33:37,51435.6,51431.55,60,51435.6,90,90,1411335
BANKNIFTY-II.NFO,28/08/2024,09:33:39,51435.75,51435.6,75,51442,15,150,1411335
BANKNIFTY-II.NFO,28/08/2024,09:33:40,51433.9,51433.9,75,51442.1,15,45,1411335
BANKNIFTY-II.NFO,28/08/2024,09:33:42,51443.1,51435.95,30,51444,45,30,1411335
BANKNIFTY-II.NFO,28/08/2024,09:33:44,51443.1,51434.5,45,51441.4,15,0,1411335
BANKNIFTY-II.NFO,28/08/2024,09:33:45,51443.1,51434.1,45,51442.1,15,0,1411335
BANKNIFTY-II.NFO,28/08/2024,09:33:47,51443.1,51434.05,30,51440.9,15,0,1411335
BANKNIFTY-II.NFO,28/08/2024,09:33:49,51442.35,51442.35,30,51451.2,15,810,1411335
BANKNIFTY-II.NFO,28/08/2024,09:33:50,51457.35,51448.75,60,51458.2,15,105,1411335
BANKNIFTY-II.NFO,28/08/2024,09:33:52,51449.25,51449.2,30,51457.9,15,60,1420965
BANKNIFTY-II.NFO,28/08/2024,09:33:54,51445,51444.95,45,51454.35,15,75,1420965
BANKNIFTY-II.NFO,28/08/2024,09:33:55,51442.1,51442.1,60,51450.4,30,90,1420965
BANKNIFTY-II.NFO,28/08/2024,09:33:57,51453.95,51440.8,75,51450,15,180,1420965
BANKNIFTY-II.NFO,28/08/2024,09:33:59,51449.1,51439.55,90,51448.45,15,30,1420965
BANKNIFTY-II.NFO,28/08/2024,09:34:00,51445.2,51435.9,60,51445.2,15,315,1420965
BANKNIFTY-II.NFO,28/08/2024,09:34:02,51435.65,51435.65,60,51442.25,15,45,1420965
BANKNIFTY-II.NFO,28/08/2024,09:34:04,51436.75,51435.6,15,51439.05,15,60,1420965
BANKNIFTY-II.NFO,28/08/2024,09:34:05,51430.55,51432.5,30,51439.75,15,345,1420965
BANKNIFTY-II.NFO,28/08/2024,09:34:07,51439.3,51432.6,45,51439.25,15,90,1420965
BANKNIFTY-II.NFO,28/08/2024,09:34:09,51436.75,51432.5,15,51433.2,15,15,1420965
BANKNIFTY-II.NFO,28/08/2024,09:34:10,51435.05,51432.5,15,51437.95,15,30,1420965
BANKNIFTY-II.NFO,28/08/2024,09:34:12,51432.5,51431.15,15,51437.2,15,15,1420965
BANKNIFTY-II.NFO,28/08/2024,09:34:14,51432.5,51435,15,51435.9,15,0,1420965
BANKNIFTY-II.NFO,28/08/2024,09:34:15,51434.85,51433.2,15,51434.15,15,75,1420965
BANKNIFTY-II.NFO,28/08/2024,09:34:17,51432.45,51430.5,15,51433.35,30,135,1420965
BANKNIFTY-II.NFO,28/08/2024,09:34:19,51430,51430,270,51433.7,15,135,1420965
BANKNIFTY-II.NFO,28/08/2024,09:34:20,51430,51430,255,51432.75,15,15,1420965
BANKNIFTY-II.NFO,28/08/2024,09:34:22,51434.95,51432.7,30,51437,15,30,1420965
BANKNIFTY-II.NFO,28/08/2024,09:34:24,51430.1,51430,270,51435.3,15,30,1420965
BANKNIFTY-II.NFO,28/08/2024,09:34:25,51430.1,51430,300,51435.25,15,0,1420965
BANKNIFTY-II.NFO,28/08/2024,09:34:27,51430,51430,315,51434.9,15,30,1420965
BANKNIFTY-II.NFO,28/08/2024,09:34:29,51430,51430,225,51433,15,105,1420965
BANKNIFTY-II.NFO,28/08/2024,09:34:30,51430,51430,180,51433,15,90,1420965
BANKNIFTY-II.NFO,28/08/2024,09:34:32,51430,51430,150,51434.9,15,75,1420965
BANKNIFTY-II.NFO,28/08/2024,09:34:34,51431.15,51430.95,45,51436.95,15,75,1420965
BANKNIFTY-II.NFO,28/08/2024,09:34:35,51430.8,51430.55,15,51437,15,45,1420965
BANKNIFTY-II.NFO,28/08/2024,09:34:37,51437,51433,45,51437,15,165,1420965
BANKNIFTY-II.NFO,28/08/2024,09:34:39,51439.3,51439.4,45,51448.3,15,465,1420965
BANKNIFTY-II.NFO,28/08/2024,09:34:40,51448.3,51438.4,30,51446.95,15,15,1420965
BANKNIFTY-II.NFO,28/08/2024,09:34:42,51448.3,51437.1,15,51441.65,30,15,1420965
BANKNIFTY-II.NFO,28/08/2024,09:34:44,51443.15,51437.1,15,51441.4,15,30,1420965
BANKNIFTY-II.NFO,28/08/2024,09:34:45,51443.15,51437.1,15,51440.65,15,0,1420965
BANKNIFTY-II.NFO,28/08/2024,09:34:47,51437.1,51437,195,51440,15,225,1420965
BANKNIFTY-II.NFO,28/08/2024,09:34:49,51439.65,51437,195,51438.8,15,60,1420965
BANKNIFTY-II.NFO,28/08/2024,09:34:50,51437,51437,180,51437.95,15,165,1420965
BANKNIFTY-II.NFO,28/08/2024,09:34:52,51435,51433,135,51436.3,15,300,1420965
BANKNIFTY-II.NFO,28/08/2024,09:34:54,51437.1,51433.05,15,51437.1,285,30,1420965
BANKNIFTY-II.NFO,28/08/2024,09:34:55,51437.1,51435,15,51436.55,15,90,1420965
BANKNIFTY-II.NFO,28/08/2024,09:34:57,51437.1,51435,15,51436,15,60,1420965
BANKNIFTY-II.NFO,28/08/2024,09:34:59,51435,51433,45,51435.65,15,15,1420965
BANKNIFTY-II.NFO,28/08/2024,09:35:00,51435.05,51433,30,51437,15,30,1420965
BANKNIFTY-II.NFO,28/08/2024,09:35:02,51435.15,51438.7,15,51440,15,765,1420965
BANKNIFTY-II.NFO,28/08/2024,09:35:04,51432.95,51434.35,15,51440,15,330,1420965
BANKNIFTY-II.NFO,28/08/2024,09:35:05,51431,51434.25,15,51437.35,60,450,1420965
BANKNIFTY-II.NFO,28/08/2024,09:35:07,51436.95,51434.25,15,51436.85,30,30,1420965
BANKNIFTY-II.NFO,28/08/2024,09:35:09,51438.6,51430.9,15,51438.65,45,90,1420965
BANKNIFTY-II.NFO,28/08/2024,09:35:10,51438.6,51430.2,15,51432,15,0,1420965
BANKNIFTY-II.NFO,28/08/2024,09:35:12,51435,51430.1,75,51438,60,105,1420965
BANKNIFTY-II.NFO,28/08/2024,09:35:14,51430.1,51430.25,15,51438.4,45,15,1420965
BANKNIFTY-II.NFO,28/08/2024,09:35:15,51431.2,51431.15,15,51438.7,915,60,1420965
BANKNIFTY-II.NFO,28/08/2024,09:35:17,51432.7,51432.7,15,51439.85,15,990,1420965
BANKNIFTY-II.NFO,28/08/2024,09:35:19,51431.65,51431.65,45,51440,165,60,1420965
BANKNIFTY-II.NFO,28/08/2024,09:35:20,51431.65,51435.9,150,51439.95,30,30,1420965
BANKNIFTY-II.NFO,28/08/2024,09:35:22,51436.15,51438.6,30,51440,135,120,1420965
BANKNIFTY-II.NFO,28/08/2024,09:35:24,51438.6,51435.25,30,51445,15,165,1420965
BANKNIFTY-II.NFO,28/08/2024,09:35:25,51445,51452.15,150,51455,930,30,1420965
BANKNIFTY-II.NFO,28/08/2024,09:35:27,51446.5,51451.55,30,51459,15,1050,1420965
BANKNIFTY-II.NFO,28/08/2024,09:35:29,51458.5,51447.65,15,51455.8,60,30,1420965
BANKNIFTY-II.NFO,28/08/2024,09:35:30,51445,51444.75,15,51454,15,45,1420965
BANKNIFTY-II.NFO,28/08/2024,09:35:32,51446.2,51437.3,15,51446.2,30,30,1420965
BANKNIFTY-II.NFO,28/08/2024,09:35:34,51446.2,51440.55,30,51447.65,150,0,1420965
BANKNIFTY-II.NFO,28/08/2024,09:35:35,51443.3,51441.4,15,51447.65,150,45,1420965
BANKNIFTY-II.NFO,28/08/2024,09:35:37,51440,51441.1,15,51451.15,15,195,1420965
BANKNIFTY-II.NFO,28/08/2024,09:35:39,51449.8,51440,15,51450.8,30,210,1420965
BANKNIFTY-II.NFO,28/08/2024,09:35:40,51442,51440.85,15,51451.75,15,45,1420965
BANKNIFTY-II.NFO,28/08/2024,09:35:42,51451.45,51440.45,15,51450.7,15,30,1420965
BANKNIFTY-II.NFO,28/08/2024,09:35:44,51450.7,51442.15,15,51450.7,30,15,1420965
BANKNIFTY-II.NFO,28/08/2024,09:35:45,51446,51445.8,45,51450.7,30,15,1420965
BANKNIFTY-II.NFO,28/08/2024,09:35:47,51442.7,51445.55,15,51450.7,30,585,1420965
BANKNIFTY-II.NFO,28/08/2024,09:35:49,51445.55,51444.25,45,51450.7,30,15,1420965
BANKNIFTY-II.NFO,28/08/2024,09:35:50,51446.55,51446.8,180,51450.7,30,60,1420965
BANKNIFTY-II.NFO,28/08/2024,09:35:52,51458,51450.85,45,51458.35,15,75,1420965
BANKNIFTY-II.NFO,28/08/2024,09:35:54,51458,51450.7,30,51458.5,45,15,1420965
BANKNIFTY-II.NFO,28/08/2024,09:35:55,51458.2,51458.6,90,51459.95,15,105,1420965
BANKNIFTY-II.NFO,28/08/2024,09:35:57,51470,51466.5,30,51470,15,525,1420965
BANKNIFTY-II.NFO,28/08/2024,09:35:59,51480.75,51479.65,60,51485,75,480,1420965
BANKNIFTY-II.NFO,28/08/2024,09:36:00,51488.45,51490.5,15,51497.45,30,1035,1420965
BANKNIFTY-II.NFO,28/08/2024,09:36:02,51490,51476.7,15,51486.55,45,300,1420965
BANKNIFTY-II.NFO,28/08/2024,09:36:04,51479.7,51472.25,15,51479.45,45,150,1420965
BANKNIFTY-II.NFO,28/08/2024,09:36:05,51478.1,51473,15,51477.95,45,60,1420965
BANKNIFTY-II.NFO,28/08/2024,09:36:07,51479.05,51477.05,15,51481.8,45,90,1420965
BANKNIFTY-II.NFO,28/08/2024,09:36:09,51477.05,51472.15,15,51480.1,15,150,1420965
BANKNIFTY-II.NFO,28/08/2024,09:36:10,51473.45,51471.8,15,51480.4,15,810,1420965
BANKNIFTY-II.NFO,28/08/2024,09:36:12,51472.45,51472.15,60,51481.15,90,540,1420965
BANKNIFTY-II.NFO,28/08/2024,09:36:14,51478.4,51472.55,60,51479.05,15,15,1420965
BANKNIFTY-II.NFO,28/08/2024,09:36:15,51479.4,51472.8,15,51479.5,30,45,1420965
BANKNIFTY-II.NFO,28/08/2024,09:36:17,51461.05,51461.05,15,51470.55,75,240,1420965
BANKNIFTY-II.NFO,28/08/2024,09:36:19,51461.05,51458.9,30,51465.95,90,390,1420965
BANKNIFTY-II.NFO,28/08/2024,09:36:20,51472.8,51466.35,15,51472.65,15,315,1420965
BANKNIFTY-II.NFO,28/08/2024,09:36:22,51474.5,51467.2,15,51471,75,15,1420965
BANKNIFTY-II.NFO,28/08/2024,09:36:23,51458.5,51456.45,15,51465.65,30,270,1420965
BANKNIFTY-II.NFO,28/08/2024,09:36:25,51463.45,51460.05,15,51465.8,30,60,1420965
BANKNIFTY-II.NFO,28/08/2024,09:36:27,51472.35,51463.35,15,51471.75,75,210,1420965
BANKNIFTY-II.NFO,28/08/2024,09:36:28,51472.35,51465.8,15,51471.45,30,0,1420965
BANKNIFTY-II.NFO,28/08/2024,09:36:30,51469,51460.95,15,51469.8,75,135,1420965
BANKNIFTY-II.NFO,28/08/2024,09:36:31,51465.95,51465.95,210,51470.45,45,300,1420965
BANKNIFTY-II.NFO,28/08/2024,09:36:33,51465.95,51465.95,165,51469.7,15,45,1420965
BANKNIFTY-II.NFO,28/08/2024,09:36:35,51469.7,51466,15,51471,15,15,1420965
BANKNIFTY-II.NFO,28/08/2024,09:36:37,51465.95,51465.8,60,51467.5,120,180,1420965
BANKNIFTY-II.NFO,28/08/2024,09:36:38,51461.3,51460,45,51466,15,330,1420965
BANKNIFTY-II.NFO,28/08/2024,09:36:40,51460,51460,30,51466.1,45,225,1420965
BANKNIFTY-II.NFO,28/08/2024,09:36:42,51471,51464.6,45,51472,15,60,1420965
BANKNIFTY-II.NFO,28/08/2024,09:36:43,51478.35,51470.2,45,51478.4,15,120,1420965
BANKNIFTY-II.NFO,28/08/2024,09:36:45,51471,51471.25,15,51479.95,15,165,1420965
BANKNIFTY-II.NFO,28/08/2024,09:36:47,51476.45,51467.5,15,51476.9,30,45,1420965
BANKNIFTY-II.NFO,28/08/2024,09:36:48,51463.95,51463.8,15,51473.05,15,15,1420965
BANKNIFTY-II.NFO,28/08/2024,09:36:50,51467.6,51465.7,15,51476.1,75,255,1420965
BANKNIFTY-II.NFO,28/08/2024,09:36:52,51478.2,51471,15,51477.15,45,105,1420965
BANKNIFTY-II.NFO,28/08/2024,09:36:53,51466.15,51464.85,30,51475.35,15,135,1424160
BANKNIFTY-II.NFO,28/08/2024,09:36:55,51477.4,51468.3,15,51479.4,45,585,1424160
BANKNIFTY-II.NFO,28/08/2024,09:36:57,51471,51467.05,15,51478.05,30,225,1424160
BANKNIFTY-II.NFO,28/08/2024,09:36:58,51467.4,51467.15,15,51476.5,15,15,1424160
BANKNIFTY-II.NFO,28/08/2024,09:37:00,51477.4,51468.75,15,51477.65,75,105,1424160
BANKNIFTY-II.NFO,28/08/2024,09:37:01,51477.4,51468.95,15,51477.65,75,0,1424160
BANKNIFTY-II.NFO,28/08/2024,09:37:03,51468.35,51470.3,15,51480,120,30,1424160
BANKNIFTY-II.NFO,28/08/2024,09:37:05,51477.35,51466.2,15,51470,15,15,1424160
BANKNIFTY-II.NFO,28/08/2024,09:37:06,51477.35,51467,15,51470,15,15,1424160
BANKNIFTY-II.NFO,28/08/2024,09:37:08,51465,51461.1,15,51467,30,30,1424160
BANKNIFTY-II.NFO,28/08/2024,09:37:10,51462.35,51465.2,60,51470,30,45,1424160
BANKNIFTY-II.NFO,28/08/2024,09:37:11,51465,51465.6,45,51475.4,30,90,1424160
BANKNIFTY-II.NFO,28/08/2024,09:37:13,51467,51468.9,15,51477.15,30,30,1424160
BANKNIFTY-II.NFO,28/08/2024,09:37:15,51476.8,51469.25,15,51477.35,210,15,1424160
BANKNIFTY-II.NFO,28/08/2024,09:37:16,51477.5,51472.3,15,51479,15,255,1424160
BANKNIFTY-II.NFO,28/08/2024,09:37:18,51472.3,51472.6,15,51480,75,75,1424160
BANKNIFTY-II.NFO,28/08/2024,09:37:20,51471,51470.8,60,51480,75,210,1424160
BANKNIFTY-II.NFO,28/08/2024,09:37:21,51471,51470,15,51477.25,60,0,1424160
BANKNIFTY-II.NFO,28/08/2024,09:37:23,51471,51470,15,51473.4,60,0,1424160
BANKNIFTY-II.NFO,28/08/2024,09:37:25,51470,51470,15,51473.5,30,45,1424160
BANKNIFTY-II.NFO,28/08/2024,09:37:26,51470,51464.55,15,51470.95,15,30,1424160
BANKNIFTY-II.NFO,28/08/2024,09:37:28,51475.95,51464.55,15,51474,75,810,1424160
BANKNIFTY-II.NFO,28/08/2024,09:37:29,51474.25,51463.25,15,51474.15,15,30,1424160
BANKNIFTY-II.NFO,28/08/2024,09:37:31,51470,51463,15,51471.6,15,90,1424160
BANKNIFTY-II.NFO,28/08/2024,09:37:33,51470.4,51463,15,51470.25,15,15,1424160
BANKNIFTY-II.NFO,28/08/2024,09:37:34,51471.75,51465,15,51472.1,15,45,1424160
BANKNIFTY-II.NFO,28/08/2024,09:37:36,51471.2,51465,15,51472.85,15,15,1424160
BANKNIFTY-II.NFO,28/08/2024,09:37:38,51463,51460.8,30,51469.5,15,30,1424160
BANKNIFTY-II.NFO,28/08/2024,09:37:39,51469.4,51463,30,51472.25,15,15,1424160
BANKNIFTY-II.NFO,28/08/2024,09:37:41,51473.3,51460.4,30,51468.9,15,285,1424160
BANKNIFTY-II.NFO,28/08/2024,09:37:43,51473.3,51469.4,45,51470,30,15,1424160
BANKNIFTY-II.NFO,28/08/2024,09:37:44,51462.1,51462.35,30,51470,30,60,1424160
BANKNIFTY-II.NFO,28/08/2024,09:37:46,51462.1,51461.85,30,51470,30,0,1424160
BANKNIFTY-II.NFO,28/08/2024,09:37:48,51461,51460,60,51461.45,15,15,1424160
BANKNIFTY-II.NFO,28/08/2024,09:37:49,51460,51460,30,51469,15,45,1424160
BANKNIFTY-II.NFO,28/08/2024,09:37:51,51460,51461.95,45,51470,30,0,1424160
BANKNIFTY-II.NFO,28/08/2024,09:37:53,51460,51460,30,51469.7,45,0,1424160
BANKNIFTY-II.NFO,28/08/2024,09:37:54,51460,51460.25,15,51470,30,15,1424160
BANKNIFTY-II.NFO,28/08/2024,09:37:56,51469.7,51460.3,15,51469.4,135,45,1424160
BANKNIFTY-II.NFO,28/08/2024,09:37:58,51460.25,51460,120,51468.2,120,30,1424160
BANKNIFTY-II.NFO,28/08/2024,09:37:59,51460.25,51460,135,51467.35,15,0,1424160
BANKNIFTY-II.NFO,28/08/2024,09:38:01,51460,51454.05,15,51459.05,120,165,1424160
BANKNIFTY-II.NFO,28/08/2024,09:38:03,51460,51454,15,51459.6,135,0,1424160
BANKNIFTY-II.NFO,28/08/2024,09:38:04,51459.6,51454,15,51459.85,75,15,1424160
BANKNIFTY-II.NFO,28/08/2024,09:38:06,51459.6,51454.25,15,51459.85,15,30,1424160
BANKNIFTY-II.NFO,28/08/2024,09:38:08,51454,51452,30,51454,720,45,1424160
BANKNIFTY-II.NFO,28/08/2024,09:38:09,51453.95,51452,30,51454,690,45,1424160
BANKNIFTY-II.NFO,28/08/2024,09:38:11,51453.95,51452,30,51454,690,0,1424160
BANKNIFTY-II.NFO,28/08/2024,09:38:13,51453.95,51452,30,51454,705,0,1424160
BANKNIFTY-II.NFO,28/08/2024,09:38:16,51454,51452,15,51454,690,30,1424160
BANKNIFTY-II.NFO,28/08/2024,09:38:18,51452,51450,300,51452,210,30,1424160
BANKNIFTY-II.NFO,28/08/2024,09:38:19,51452,51450,300,51452,210,0,1424160
BANKNIFTY-II.NFO,28/08/2024,09:38:21,51450,51450,240,51452,210,30,1424160
BANKNIFTY-II.NFO,28/08/2024,09:38:23,51450.2,51445.95,15,51449,60,285,1424160
BANKNIFTY-II.NFO,28/08/2024,09:38:24,51454,51447.6,30,51454,630,105,1424160
BANKNIFTY-II.NFO,28/08/2024,09:38:26,51454.15,51458.3,75,51466.1,15,660,1424160
BANKNIFTY-II.NFO,28/08/2024,09:38:28,51464.1,51455.75,60,51457.45,15,120,1424160
BANKNIFTY-II.NFO,28/08/2024,09:38:29,51466.75,51457.65,120,51467.3,120,90,1424160
BANKNIFTY-II.NFO,28/08/2024,09:38:31,51462.35,51458.2,120,51464.1,15,45,1424160
BANKNIFTY-II.NFO,28/08/2024,09:38:33,51462.35,51456.2,120,51462.35,30,0,1424160
BANKNIFTY-II.NFO,28/08/2024,09:38:34,51462.35,51452.95,15,51461.7,120,30,1424160
BANKNIFTY-II.NFO,28/08/2024,09:38:36,51462.05,51453.65,15,51462.1,15,15,1424160
BANKNIFTY-II.NFO,28/08/2024,09:38:38,51462.05,51452.3,105,51460.9,45,0,1424160
BANKNIFTY-II.NFO,28/08/2024,09:38:39,51462.05,51451,105,51459.35,45,0,1424160
BANKNIFTY-II.NFO,28/08/2024,09:38:41,51450.15,51450.75,90,51459.55,45,45,1424160
BANKNIFTY-II.NFO,28/08/2024,09:38:43,51450,51450,285,51452.3,105,105,1424160
BANKNIFTY-II.NFO,28/08/2024,09:38:44,51450,51450,270,51452.3,105,15,1424160
BANKNIFTY-II.NFO,28/08/2024,09:38:46,51452.3,51450,270,51452.3,90,15,1424160
BANKNIFTY-II.NFO,28/08/2024,09:38:48,51452.3,51450,390,51450.8,15,0,1424160
BANKNIFTY-II.NFO,28/08/2024,09:38:49,51453.2,51450,390,51453.4,120,135,1424160
BANKNIFTY-II.NFO,28/08/2024,09:38:51,51450,51450,375,51454.65,135,15,1424160
BANKNIFTY-II.NFO,28/08/2024,09:38:53,51450,51450,450,51456.85,120,0,1424160
BANKNIFTY-II.NFO,28/08/2024,09:38:54,51454.65,51450,450,51454.3,90,705,1424160
BANKNIFTY-II.NFO,28/08/2024,09:38:56,51458.65,51450,450,51455.85,75,450,1424160
BANKNIFTY-II.NFO,28/08/2024,09:38:58,51458.65,51450,465,51456.15,75,15,1424160
BANKNIFTY-II.NFO,28/08/2024,09:38:59,51458.65,51450,495,51455.3,75,0,1424160
BANKNIFTY-II.NFO,28/08/2024,09:39:01,51455.9,51450,465,51454.9,30,90,1424160
BANKNIFTY-II.NFO,28/08/2024,09:39:03,51455.9,51450,645,51454.2,30,0,1424160
BANKNIFTY-II.NFO,28/08/2024,09:39:04,51450,51450,600,51457.15,45,75,1424160
BANKNIFTY-II.NFO,28/08/2024,09:39:06,51450,51450,615,51455.65,60,15,1424160
BANKNIFTY-II.NFO,28/08/2024,09:39:08,51444,51444,30,51448.25,60,1080,1424160
BANKNIFTY-II.NFO,28/08/2024,09:39:09,51445.2,51441.2,15,51447.95,30,180,1424160
BANKNIFTY-II.NFO,28/08/2024,09:39:11,51445.2,51441.2,15,51449,30,285,1424160
BANKNIFTY-II.NFO,28/08/2024,09:39:13,51445.2,51441.2,15,51449,15,0,1424160
BANKNIFTY-II.NFO,28/08/2024,09:39:14,51440,51440.35,15,51441.2,15,150,1424160
BANKNIFTY-II.NFO,28/08/2024,09:39:16,51440,51440,90,51444,30,90,1424160
BANKNIFTY-II.NFO,28/08/2024,09:39:18,51440,51440,60,51444,30,45,1424160
BANKNIFTY-II.NFO,28/08/2024,09:39:19,51442,51442,60,51444,30,15,1424160
BANKNIFTY-II.NFO,28/08/2024,09:39:21,51444.75,51440,60,51445,60,840,1424160
BANKNIFTY-II.NFO,28/08/2024,09:39:23,51435.1,51435,15,51437.05,15,195,1424160
BANKNIFTY-II.NFO,28/08/2024,09:39:24,51448.55,51436.2,30,51448.5,15,525,1424160
BANKNIFTY-II.NFO,28/08/2024,09:39:26,51448.55,51438.05,15,51440,45,0,1424160
BANKNIFTY-II.NFO,28/08/2024,09:39:28,51438.05,51436.75,120,51440,45,30,1424160
BANKNIFTY-II.NFO,28/08/2024,09:39:29,51440,51439.85,30,51448.95,15,435,1424160
BANKNIFTY-II.NFO,28/08/2024,09:39:31,51437.45,51437.6,15,51446.95,15,60,1424160
BANKNIFTY-II.NFO,28/08/2024,09:39:32,51437.45,51439,15,51447.85,30,0,1424160
BANKNIFTY-II.NFO,28/08/2024,09:39:34,51440,51438.15,15,51448.6,15,15,1424160
BANKNIFTY-II.NFO,28/08/2024,09:39:36,51438.15,51437.45,15,51440,30,30,1424160
BANKNIFTY-II.NFO,28/08/2024,09:39:37,51440,51437.8,120,51447.2,15,60,1424160
BANKNIFTY-II.NFO,28/08/2024,09:39:39,51449.95,51440.4,15,51449.95,15,30,1424160
BANKNIFTY-II.NFO,28/08/2024,09:39:41,51449.85,51438,15,51446.75,15,15,1424160
BANKNIFTY-II.NFO,28/08/2024,09:39:42,51446.75,51438,15,51446.95,45,30,1424160
BANKNIFTY-II.NFO,28/08/2024,09:39:44,51446.75,51438,15,51445.95,30,0,1424160
BANKNIFTY-II.NFO,28/08/2024,09:39:46,51448.65,51439.8,15,51448.7,30,30,1424160
BANKNIFTY-II.NFO,28/08/2024,09:39:47,51448.7,51440,45,51447.6,30,30,1424160
BANKNIFTY-II.NFO,28/08/2024,09:39:49,51440,51440,15,51447.45,45,30,1424160
BANKNIFTY-II.NFO,28/08/2024,09:39:51,51440,51440,30,51447.35,15,0,1424160
BANKNIFTY-II.NFO,28/08/2024,09:39:52,51432.4,51435,495,51444.55,120,750,1424160
BANKNIFTY-II.NFO,28/08/2024,09:39:54,51432.4,51435,495,51439.85,120,15,1429305
BANKNIFTY-II.NFO,28/08/2024,09:39:56,51435,51435,285,51436.95,120,210,1429305
BANKNIFTY-II.NFO,28/08/2024,09:39:57,51435,51432.1,30,51436.95,30,285,1429305
BANKNIFTY-II.NFO,28/08/2024,09:39:59,51432.1,51432,15,51436.85,15,45,1429305
BANKNIFTY-II.NFO,28/08/2024,09:40:01,51442.25,51435.2,45,51442.1,30,195,1429305
BANKNIFTY-II.NFO,28/08/2024,09:40:02,51432.25,51432,15,51438.95,45,60,1429305
BANKNIFTY-II.NFO,28/08/2024,09:40:04,51432,51431.15,45,51438.8,45,15,1429305
BANKNIFTY-II.NFO,28/08/2024,09:40:05,51432,51432,15,51438.6,60,15,1429305
BANKNIFTY-II.NFO,28/08/2024,09:40:07,51437.7,51431.5,75,51438.55,15,1425,1429305
BANKNIFTY-II.NFO,28/08/2024,09:40:09,51437.7,51431.35,60,51438.55,15,0,1429305
BANKNIFTY-II.NFO,28/08/2024,09:40:10,51437.7,51431.75,75,51438.55,15,0,1429305
BANKNIFTY-II.NFO,28/08/2024,09:40:12,51437.7,51436,75,51438.55,15,0,1429305
BANKNIFTY-II.NFO,28/08/2024,09:40:14,51438.55,51437.1,60,51443,15,45,1429305
BANKNIFTY-II.NFO,28/08/2024,09:40:15,51436.7,51436.35,15,51443,30,15,1429305
BANKNIFTY-II.NFO,28/08/2024,09:40:17,51437.3,51437.7,60,51443,30,165,1429305
BANKNIFTY-II.NFO,28/08/2024,09:40:19,51437.7,51436.8,45,51443,30,30,1429305
BANKNIFTY-II.NFO,28/08/2024,09:40:20,51437.7,51438.55,15,51443.95,45,0,1429305
BANKNIFTY-II.NFO,28/08/2024,09:40:22,51435.1,51435.1,30,51438.55,15,75,1429305
BANKNIFTY-II.NFO,28/08/2024,09:40:24,51444.15,51434.4,30,51444.95,15,120,1429305
BANKNIFTY-II.NFO,28/08/2024,09:40:25,51444.15,51435.65,15,51444.15,15,0,1429305
BANKNIFTY-II.NFO,28/08/2024,09:40:27,51444.15,51436.55,15,51444.1,15,0,1429305
BANKNIFTY-II.NFO,28/08/2024,09:40:29,51447,51439.1,45,51446,30,60,1429305
BANKNIFTY-II.NFO,28/08/2024,09:40:30,51447.3,51439.95,15,51446,15,270,1429305
BANKNIFTY-II.NFO,28/08/2024,09:40:32,51444.15,51439.7,30,51446,30,15,1429305
BANKNIFTY-II.NFO,28/08/2024,09:40:34,51446,51442,15,51447.8,15,30,1429305
BANKNIFTY-II.NFO,28/08/2024,09:40:35,51446,51446,195,51447,15,0,1429305
BANKNIFTY-II.NFO,28/08/2024,09:40:37,51449,51446,180,51449,30,75,1429305
BANKNIFTY-II.NFO,28/08/2024,09:40:39,51448.95,51446,180,51448.95,15,15,1429305
BANKNIFTY-II.NFO,28/08/2024,09:40:40,51448.95,51446,180,51448.85,45,0,1429305
BANKNIFTY-II.NFO,28/08/2024,09:40:42,51446,51446,165,51448.85,60,30,1429305
BANKNIFTY-II.NFO,28/08/2024,09:40:44,51444.15,51444.1,15,51445.7,45,195,1429305
BANKNIFTY-II.NFO,28/08/2024,09:40:45,51444.05,51440,30,51444.05,30,30,1429305
BANKNIFTY-II.NFO,28/08/2024,09:40:47,51444.05,51440,30,51443.85,30,0,1429305
BANKNIFTY-II.NFO,28/08/2024,09:40:49,51440,51440,15,51445.95,120,90,1429305
BANKNIFTY-II.NFO,28/08/2024,09:40:51,51440,51440,15,51444.75,120,0,1429305
BANKNIFTY-II.NFO,28/08/2024,09:40:52,51440,51440,60,51444.75,135,30,1429305
BANKNIFTY-II.NFO,28/08/2024,09:40:54,51442,51440,60,51445.35,120,30,1429305
BANKNIFTY-II.NFO,28/08/2024,09:40:56,51440,51440,45,51445.4,120,30,1429305
BANKNIFTY-II.NFO,28/08/2024,09:40:57,51440,51442,15,51445,120,15,1429305
BANKNIFTY-II.NFO,28/08/2024,09:40:59,51444.3,51442,30,51445.95,120,15,1429305
BANKNIFTY-II.NFO,28/08/2024,09:41:01,51444.3,51442.05,15,51445.9,30,0,1429305
BANKNIFTY-II.NFO,28/08/2024,09:41:02,51442.05,51442,30,51445.8,15,15,1429305
BANKNIFTY-II.NFO,28/08/2024,09:41:04,51442.05,51442,30,51445.7,15,0,1429305
BANKNIFTY-II.NFO,28/08/2024,09:41:06,51444.15,51442,30,51444.15,15,30,1429305
BANKNIFTY-II.NFO,28/08/2024,09:41:07,51444.2,51442,30,51444.3,15,105,1429305
BANKNIFTY-II.NFO,28/08/2024,09:41:09,51444.3,51442,30,51446,300,15,1429305
BANKNIFTY-II.NFO,28/08/2024,09:41:11,51442,51445.7,60,51446,300,15,1429305
BANKNIFTY-II.NFO,28/08/2024,09:41:12,51442,51445.9,15,51445.95,60,0,1429305
BANKNIFTY-II.NFO,28/08/2024,09:41:14,51445.7,51445.7,45,51445.95,60,30,1429305
BANKNIFTY-II.NFO,28/08/2024,09:41:16,51459.45,51451.45,45,51458.5,15,495,1429305
BANKNIFTY-II.NFO,28/08/2024,09:41:17,51458.9,51450.9,15,51458.65,45,15,1429305
BANKNIFTY-II.NFO,28/08/2024,09:41:19,51449.55,51449.65,15,51459,15,90,1429305
BANKNIFTY-II.NFO,28/08/2024,09:41:21,51458.65,51450.65,45,51460.05,30,30,1429305
BANKNIFTY-II.NFO,28/08/2024,09:41:22,51450.45,51451.9,30,51462,15,15,1429305
BANKNIFTY-II.NFO,28/08/2024,09:41:24,51450.6,51453.15,15,51455,15,60,1429305
BANKNIFTY-II.NFO,28/08/2024,09:41:26,51455,51452.7,60,51461.95,15,60,1429305
BANKNIFTY-II.NFO,28/08/2024,09:41:27,51452.7,51450.5,45,51460.95,15,135,1429305
BANKNIFTY-II.NFO,28/08/2024,09:41:29,51452.7,51450.5,15,51459.55,15,0,1429305
BANKNIFTY-II.NFO,28/08/2024,09:41:31,51458.85,51449.5,105,51458.4,45,75,1429305
BANKNIFTY-II.NFO,28/08/2024,09:41:32,51458.85,51451.25,45,51460.4,15,0,1429305
BANKNIFTY-II.NFO,28/08/2024,09:41:34,51458.85,51449.6,15,51459.6,15,0,1429305
BANKNIFTY-II.NFO,28/08/2024,09:41:35,51460.4,51451.5,30,51461.45,30,45,1429305
BANKNIFTY-II.NFO,28/08/2024,09:41:37,51460.4,51460.05,15,51461.85,15,0,1429305
BANKNIFTY-II.NFO,28/08/2024,09:41:39,51463.35,51452.45,15,51461.85,15,105,1429305
BANKNIFTY-II.NFO,28/08/2024,09:41:40,51462.4,51453.6,15,51463.4,15,105,1429305
BANKNIFTY-II.NFO,28/08/2024,09:41:42,51462.4,51461.85,15,51463.6,15,15,1429305
BANKNIFTY-II.NFO,28/08/2024,09:41:44,51461.85,51455.05,30,51462.85,15,165,1429305
BANKNIFTY-II.NFO,28/08/2024,09:41:45,51461.85,51458.45,15,51464.1,15,0,1429305
BANKNIFTY-II.NFO,28/08/2024,09:41:47,51461.85,51458.1,15,51461.85,300,0,1429305
BANKNIFTY-II.NFO,28/08/2024,09:41:49,51465,51462.9,15,51467,15,900,1429305
BANKNIFTY-II.NFO,28/08/2024,09:41:50,51465,51465,15,51467,30,0,1429305
BANKNIFTY-II.NFO,28/08/2024,09:41:54,51462.45,51462.4,15,51467,30,45,1429305
BANKNIFTY-II.NFO,28/08/2024,09:41:55,51465,51462.4,15,51468.9,60,30,1429305
BANKNIFTY-II.NFO,28/08/2024,09:41:57,51468.55,51462.4,15,51469,45,15,1429305
BANKNIFTY-II.NFO,28/08/2024,09:41:59,51469,51462.4,15,51470,45,15,1429305
BANKNIFTY-II.NFO,28/08/2024,09:42:00,51469,51462.4,15,51471.4,15,0,1429305
BANKNIFTY-II.NFO,28/08/2024,09:42:02,51472.3,51462.45,45,51472.4,15,15,1429305
BANKNIFTY-II.NFO,28/08/2024,09:42:04,51470.05,51463.6,30,51470.05,15,150,1429305
BANKNIFTY-II.NFO,28/08/2024,09:42:05,51473.35,51466.2,15,51476.5,15,195,1429305
BANKNIFTY-II.NFO,28/08/2024,09:42:07,51464.45,51466.05,45,51474.6,15,45,1429305
BANKNIFTY-II.NFO,28/08/2024,09:42:09,51475.65,51465.85,45,51475.7,15,15,1429305
BANKNIFTY-II.NFO,28/08/2024,09:42:10,51465.85,51463.55,120,51473.95,15,645,1429305
BANKNIFTY-II.NFO,28/08/2024,09:42:12,51467.1,51465.45,105,51475,15,60,1429305
BANKNIFTY-II.NFO,28/08/2024,09:42:14,51467.1,51463.95,105,51472.7,45,0,1429305
BANKNIFTY-II.NFO,28/08/2024,09:42:15,51467.1,51464.35,120,51474.05,120,0,1429305
BANKNIFTY-II.NFO,28/08/2024,09:42:17,51467.1,51464.1,105,51473.35,15,0,1429305
BANKNIFTY-II.NFO,28/08/2024,09:42:19,51472,51462.4,15,51470.4,120,180,1429305
BANKNIFTY-II.NFO,28/08/2024,09:42:20,51462.4,51460,75,51466.35,45,15,1429305
BANKNIFTY-II.NFO,28/08/2024,09:42:22,51465.35,51460,60,51467.65,120,30,1429305
BANKNIFTY-II.NFO,28/08/2024,09:42:24,51467.65,51461.5,15,51471.2,15,15,1429305
BANKNIFTY-II.NFO,28/08/2024,09:42:25,51467.65,51460.75,15,51470.2,120,0,1429305
BANKNIFTY-II.NFO,28/08/2024,09:42:27,51459.35,51460,15,51466.9,30,105,1429305
BANKNIFTY-II.NFO,28/08/2024,09:42:29,51470.65,51460,15,51467.7,120,375,1429305
BANKNIFTY-II.NFO,28/08/2024,09:42:30,51470.65,51461,15,51465,15,15,1429305
BANKNIFTY-II.NFO,28/08/2024,09:42:32,51466.95,51461,15,51466.75,30,150,1429305
BANKNIFTY-II.NFO,28/08/2024,09:42:34,51467.45,51461,15,51466.75,105,360,1429305
BANKNIFTY-II.NFO,28/08/2024,09:42:35,51467.45,51461,15,51464.85,30,0,1429305
BANKNIFTY-II.NFO,28/08/2024,09:42:37,51461,51460,15,51464.55,15,15,1429305
BANKNIFTY-II.NFO,28/08/2024,09:42:39,51455,51454.65,45,51462.95,15,45,1429305
BANKNIFTY-II.NFO,28/08/2024,09:42:40,51465.85,51457.05,30,51465.9,15,15,1429305
BANKNIFTY-II.NFO,28/08/2024,09:42:42,51465.85,51458.1,45,51465.9,30,15,1429305
BANKNIFTY-II.NFO,28/08/2024,09:42:44,51465.9,51465.35,45,51470,30,15,1429305
BANKNIFTY-II.NFO,28/08/2024,09:42:45,51470,51463.6,45,51473.85,75,180,1429305
BANKNIFTY-II.NFO,28/08/2024,09:42:47,51470,51463.2,15,51472.25,75,0,1429305
BANKNIFTY-II.NFO,28/08/2024,09:42:49,51463.2,51462.75,15,51472.55,75,45,1429305
BANKNIFTY-II.NFO,28/08/2024,09:42:50,51463.2,51463.7,45,51470.85,75,0,1429305
BANKNIFTY-II.NFO,28/08/2024,09:42:52,51470.85,51464.9,45,51470.9,225,75,1429305
BANKNIFTY-II.NFO,28/08/2024,09:42:54,51470.85,51462.85,45,51470.9,225,15,1431735
BANKNIFTY-II.NFO,28/08/2024,09:42:55,51462.85,51461.45,15,51470.7,15,30,1431735
BANKNIFTY-II.NFO,28/08/2024,09:42:57,51462.85,51461.55,15,51470.1,15,0,1431735
BANKNIFTY-II.NFO,28/08/2024,09:42:59,51468.85,51459.6,15,51469.8,30,15,1431735
BANKNIFTY-II.NFO,28/08/2024,09:43:00,51468.85,51459.6,15,51468.85,45,0,1431735
BANKNIFTY-II.NFO,28/08/2024,09:43:02,51467.8,51459.6,15,51469.3,45,15,1431735
BANKNIFTY-II.NFO,28/08/2024,09:43:04,51467.8,51460.5,15,51469.6,30,0,1431735
BANKNIFTY-II.NFO,28/08/2024,09:43:05,51467.8,51459.65,15,51469.5,30,0,1431735
BANKNIFTY-II.NFO,28/08/2024,09:43:07,51459.6,51458,15,51467.25,15,135,1431735
BANKNIFTY-II.NFO,28/08/2024,09:43:09,51464.25,51458,15,51464.2,45,15,1431735
BANKNIFTY-II.NFO,28/08/2024,09:43:10,51463.7,51458.05,15,51466.25,45,45,1431735
BANKNIFTY-II.NFO,28/08/2024,09:43:12,51463.7,51458.05,15,51461.75,30,0,1431735
BANKNIFTY-II.NFO,28/08/2024,09:43:14,51463.7,51460.05,15,51462.4,30,0,1431735
BANKNIFTY-II.NFO,28/08/2024,09:43:15,51460,51458,15,51460.05,135,60,1431735
BANKNIFTY-II.NFO,28/08/2024,09:43:17,51460.05,51458,15,51460.05,120,255,1431735
BANKNIFTY-II.NFO,28/08/2024,09:43:19,51460.05,51459.35,15,51467.7,30,195,1431735
BANKNIFTY-II.NFO,28/08/2024,09:43:20,51455,51453.15,15,51463,30,60,1431735
BANKNIFTY-II.NFO,28/08/2024,09:43:22,51461.65,51453.6,15,51463.55,30,45,1431735
BANKNIFTY-II.NFO,28/08/2024,09:43:24,51464.1,51457.55,15,51467.35,15,15,1431735
BANKNIFTY-II.NFO,28/08/2024,09:43:25,51467.7,51458.15,30,51467.45,45,60,1431735
BANKNIFTY-II.NFO,28/08/2024,09:43:27,51466.9,51456.85,30,51466.85,45,15,1431735
BANKNIFTY-II.NFO,28/08/2024,09:43:29,51466.9,51462,15,51467.65,15,0,1431735
BANKNIFTY-II.NFO,28/08/2024,09:43:30,51462,51460.05,15,51466.15,15,30,1431735
BANKNIFTY-II.NFO,28/08/2024,09:43:32,51466.7,51460.05,15,51467.2,15,15,1431735
BANKNIFTY-II.NFO,28/08/2024,09:43:35,51466.35,51460.05,15,51466.65,15,15,1431735
BANKNIFTY-II.NFO,28/08/2024,09:43:37,51460,51454.9,45,51465.05,120,1155,1431735
BANKNIFTY-II.NFO,28/08/2024,09:43:39,51470.3,51458,30,51468.7,15,435,1431735
BANKNIFTY-II.NFO,28/08/2024,09:43:40,51470.3,51457.15,30,51467.05,15,0,1431735
BANKNIFTY-II.NFO,28/08/2024,09:43:42,51470.3,51466.45,30,51467.2,15,30,1431735
BANKNIFTY-II.NFO,28/08/2024,09:43:44,51460,51457.35,30,51466.35,15,495,1431735
BANKNIFTY-II.NFO,28/08/2024,09:43:45,51460,51456.9,30,51466.95,15,0,1431735
BANKNIFTY-II.NFO,28/08/2024,09:43:47,51460,51465.15,15,51469.05,15,0,1431735
BANKNIFTY-II.NFO,28/08/2024,09:43:49,51456.9,51455,30,51462.8,15,30,1431735
BANKNIFTY-II.NFO,28/08/2024,09:43:50,51456.9,51455.95,120,51460,30,0,1431735
BANKNIFTY-II.NFO,28/08/2024,09:43:52,51460,51455,30,51460,30,30,1431735
BANKNIFTY-II.NFO,28/08/2024,09:43:54,51460,51455,30,51460,30,45,1431735
BANKNIFTY-II.NFO,28/08/2024,09:43:55,51460,51455,60,51460,30,0,1431735
BANKNIFTY-II.NFO,28/08/2024,09:44:00,51456,51456,15,51459,15,45,1431735
BANKNIFTY-II.NFO,28/08/2024,09:44:02,51456,51456,15,51458.25,15,0,1431735
BANKNIFTY-II.NFO,28/08/2024,09:44:04,51455.9,51455,60,51457.55,15,60,1431735
BANKNIFTY-II.NFO,28/08/2024,09:44:05,51455.9,51455,60,51456.55,15,0,1431735
BANKNIFTY-II.NFO,28/08/2024,09:44:07,51451.7,51450,105,51455.75,15,165,1431735
BANKNIFTY-II.NFO,28/08/2024,09:44:08,51451.7,51450,105,51455.7,15,0,1431735
BANKNIFTY-II.NFO,28/08/2024,09:44:10,51455.75,51451.05,375,51453.7,15,165,1431735
BANKNIFTY-II.NFO,28/08/2024,09:44:12,51453.55,51451.05,375,51454.6,15,15,1431735
BANKNIFTY-II.NFO,28/08/2024,09:44:13,51453.55,51451.05,375,51454.6,15,0,1431735
BANKNIFTY-II.NFO,28/08/2024,09:44:17,51451.05,51451.05,345,51454.6,45,150,1431735
BANKNIFTY-II.NFO,28/08/2024,09:44:18,51452.25,51450,120,51452.2,15,390,1431735
BANKNIFTY-II.NFO,28/08/2024,09:44:20,51450,51450,15,51451.15,15,105,1431735
BANKNIFTY-II.NFO,28/08/2024,09:44:22,51451.05,51450,15,51451.05,15,30,1431735
BANKNIFTY-II.NFO,28/08/2024,09:44:23,51442.05,51440,135,51444.75,15,180,1431735
BANKNIFTY-II.NFO,28/08/2024,09:44:25,51438,51431.35,15,51438.85,15,150,1431735
BANKNIFTY-II.NFO,28/08/2024,09:44:27,51435.2,51431,150,51432.55,15,75,1431735
BANKNIFTY-II.NFO,28/08/2024,09:44:28,51432.55,51431,210,51432.55,15,60,1431735
BANKNIFTY-II.NFO,28/08/2024,09:44:30,51435.2,51433.1,120,51438.8,15,120,1431735
BANKNIFTY-II.NFO,28/08/2024,09:44:32,51435.2,51431,210,51433,15,0,1431735
BANKNIFTY-II.NFO,28/08/2024,09:44:33,51433,51431.55,120,51435.2,15,120,1431735
BANKNIFTY-II.NFO,28/08/2024,09:44:35,51435.2,51433.1,120,51435.2,30,30,1431735
BANKNIFTY-II.NFO,28/08/2024,09:44:37,51435.2,51433.9,120,51440.5,15,30,1431735
BANKNIFTY-II.NFO,28/08/2024,09:44:38,51441.45,51435.2,60,51442.15,15,30,1431735
BANKNIFTY-II.NFO,28/08/2024,09:44:40,51434.95,51431.55,120,51435,15,165,1431735
BANKNIFTY-II.NFO,28/08/2024,09:44:42,51431.55,51431.55,120,51434.05,30,30,1431735
BANKNIFTY-II.NFO,28/08/2024,09:44:43,51442.2,51433.5,120,51442.2,30,90,1431735
BANKNIFTY-II.NFO,28/08/2024,09:44:45,51434.75,51435.65,15,51441.05,15,30,1431735
BANKNIFTY-II.NFO,28/08/2024,09:44:47,51434.75,51435,30,51440.95,15,15,1431735
BANKNIFTY-II.NFO,28/08/2024,09:44:48,51433.05,51433.15,120,51440.95,15,75,1431735
BANKNIFTY-II.NFO,28/08/2024,09:44:50,51442,51433.05,120,51441.8,150,30,1431735
BANKNIFTY-II.NFO,28/08/2024,09:44:52,51442,51433.05,120,51441.8,15,0,1431735
BANKNIFTY-II.NFO,28/08/2024,09:44:53,51435.55,51434,15,51435.45,15,135,1431735
BANKNIFTY-II.NFO,28/08/2024,09:44:55,51433,51432,15,51434.75,30,105,1431735
BANKNIFTY-II.NFO,28/08/2024,09:44:57,51433.85,51433,45,51434.75,60,30,1431735
BANKNIFTY-II.NFO,28/08/2024,09:44:58,51434.75,51433,30,51435.2,195,75,1431735
BANKNIFTY-II.NFO,28/08/2024,09:45:00,51433,51432,15,51433,15,30,1431735
BANKNIFTY-II.NFO,28/08/2024,09:45:02,51433,51432,15,51433,30,30,1431735
BANKNIFTY-II.NFO,28/08/2024,09:45:03,51433,51431.15,15,51433,15,30,1431735
BANKNIFTY-II.NFO,28/08/2024,09:45:05,51433,51431.15,15,51433,15,30,1431735
BANKNIFTY-II.NFO,28/08/2024,09:45:07,51431.15,51431,60,51433,30,30,1431735
BANKNIFTY-II.NFO,28/08/2024,09:45:08,51422.45,51421.5,120,51424.7,15,930,1431735
BANKNIFTY-II.NFO,28/08/2024,09:45:10,51427.95,51421.45,75,51427.8,75,285,1431735
BANKNIFTY-II.NFO,28/08/2024,09:45:12,51422.05,51421,15,51422.85,15,1050,1431735
BANKNIFTY-II.NFO,28/08/2024,09:45:12,51417,51421,15,51422.85,15,0,1431735
BANKNIFTY-II.NFO,28/08/2024,09:45:13,51422.85,51418.55,15,51422.65,60,45,1431735
BANKNIFTY-II.NFO,28/08/2024,09:45:15,51417.9,51417,15,51420.25,15,120,1431735
BANKNIFTY-II.NFO,28/08/2024,09:45:15,51416.35,51417,15,51420.25,15,0,1431735
BANKNIFTY-II.NFO,28/08/2024,09:45:17,51416.95,51416.25,75,51420.25,90,105,1431735
BANKNIFTY-II.NFO,28/08/2024,09:45:18,51418,51417.15,75,51420.25,120,105,1431735
BANKNIFTY-II.NFO,28/08/2024,09:45:18,51416.25,51417.15,75,51420.25,120,0,1431735
BANKNIFTY-II.NFO,28/08/2024,09:45:20,51416.2,51416.2,15,51417,15,60,1431735
BANKNIFTY-II.NFO,28/08/2024,09:45:20,51416.2,51416.2,15,51417,15,0,1431735
BANKNIFTY-II.NFO,28/08/2024,09:45:21,51416.2,51415.25,45,51417,15,270,1431735
BANKNIFTY-II.NFO,28/08/2024,09:45:23,51421.95,51416.5,15,51421.9,15,315,1431735
BANKNIFTY-II.NFO,28/08/2024,09:45:23,51415.05,51416.5,15,51421.9,15,0,1431735
BANKNIFTY-II.NFO,28/08/2024,09:45:25,51426.7,51424.05,15,51426.85,15,75,1431735
BANKNIFTY-II.NFO,28/08/2024,09:45:26,51428.95,51424.35,120,51427.95,15,150,1431735
BANKNIFTY-II.NFO,28/08/2024,09:45:28,51424.3,51424.3,90,51427.95,30,90,1431735
BANKNIFTY-II.NFO,28/08/2024,09:45:30,51427.35,51424.35,120,51427.35,15,165,1431735
BANKNIFTY-II.NFO,28/08/2024,09:45:31,51430,51428.4,120,51433,30,105,1431735
BANKNIFTY-II.NFO,28/08/2024,09:45:33,51433,51430.15,75,51435.1,15,90,1431735
BANKNIFTY-II.NFO,28/08/2024,09:45:35,51435.05,51429.5,15,51436.65,60,165,1431735
BANKNIFTY-II.NFO,28/08/2024,09:45:36,51431.95,51432.05,30,51441.7,15,90,1431735
BANKNIFTY-II.NFO,28/08/2024,09:45:38,51440.8,51432.35,30,51441.65,15,30,1431735
BANKNIFTY-II.NFO,28/08/2024,09:45:40,51440.8,51430.8,15,51435.05,45,0,1431735
BANKNIFTY-II.NFO,28/08/2024,09:45:41,51440,51427.3,15,51437.3,120,90,1431735
BANKNIFTY-II.NFO,28/08/2024,09:45:43,51435.05,51430,15,51435.9,45,225,1431735
BANKNIFTY-II.NFO,28/08/2024,09:45:45,51437.3,51429.6,45,51439.9,15,30,1431735
BANKNIFTY-II.NFO,28/08/2024,09:45:46,51430,51430.4,30,51440,165,135,1431735
BANKNIFTY-II.NFO,28/08/2024,09:45:48,51440,51432.05,30,51440,150,60,1431735
BANKNIFTY-II.NFO,28/08/2024,09:45:50,51440,51432.7,15,51440,165,0,1431735
BANKNIFTY-II.NFO,28/08/2024,09:45:51,51430,51430,15,51432.3,15,810,1431735
BANKNIFTY-II.NFO,28/08/2024,09:45:53,51437.5,51430,15,51432.3,60,45,1431735
BANKNIFTY-II.NFO,28/08/2024,09:45:55,51430.5,51430.5,105,51432.3,60,60,1438500
BANKNIFTY-II.NFO,28/08/2024,09:45:56,51436.4,51432.3,15,51436.7,120,105,1438500
BANKNIFTY-II.NFO,28/08/2024,09:45:58,51436.2,51432.3,15,51436.7,30,30,1438500
BANKNIFTY-II.NFO,28/08/2024,09:46:00,51432.3,51430.5,105,51439.3,120,45,1438500
BANKNIFTY-II.NFO,28/08/2024,09:46:01,51438.65,51432.3,15,51438.65,75,105,1438500
BANKNIFTY-II.NFO,28/08/2024,09:46:03,51439.95,51434.95,15,51438.75,15,75,1438500
BANKNIFTY-II.NFO,28/08/2024,09:46:05,51438.65,51437.75,135,51440,105,45,1438500
BANKNIFTY-II.NFO,28/08/2024,09:46:06,51440.2,51440,90,51447.75,75,300,1438500
BANKNIFTY-II.NFO,28/08/2024,09:46:08,51440,51440,90,51445.65,15,15,1438500
BANKNIFTY-II.NFO,28/08/2024,09:46:10,51440,51441,135,51445.65,30,0,1438500
BANKNIFTY-II.NFO,28/08/2024,09:46:11,51447,51443.95,120,51447,90,45,1438500
BANKNIFTY-II.NFO,28/08/2024,09:46:13,51445.9,51445.75,90,51450,15,180,1438500
BANKNIFTY-II.NFO,28/08/2024,09:46:15,51444.95,51447,15,51451,15,150,1438500
BANKNIFTY-II.NFO,28/08/2024,09:46:16,51454.5,51443.85,120,51451,15,240,1438500
BANKNIFTY-II.NFO,28/08/2024,09:46:18,51454.5,51445,30,51451,30,30,1438500
BANKNIFTY-II.NFO,28/08/2024,09:46:20,51455.75,51451,15,51455.85,90,135,1438500
BANKNIFTY-II.NFO,28/08/2024,09:46:21,51455.75,51451,15,51455.85,45,0,1438500
BANKNIFTY-II.NFO,28/08/2024,09:46:23,51454.5,51451,15,51455.45,60,30,1438500
BANKNIFTY-II.NFO,28/08/2024,09:46:25,51455,51446.4,120,51455,30,60,1438500
BANKNIFTY-II.NFO,28/08/2024,09:46:26,51455.1,51455,15,51457.5,15,120,1438500
BANKNIFTY-II.NFO,28/08/2024,09:46:28,51455,51452.75,120,51460,30,30,1438500
BANKNIFTY-II.NFO,28/08/2024,09:46:30,51455,51454.65,120,51460,45,30,1438500
BANKNIFTY-II.NFO,28/08/2024,09:46:31,51460,51453.7,135,51460,30,30,1438500
BANKNIFTY-II.NFO,28/08/2024,09:46:33,51460,51453.25,15,51460,30,0,1438500
BANKNIFTY-II.NFO,28/08/2024,09:46:35,51455.7,51454.1,30,51463.05,15,60,1438500
BANKNIFTY-II.NFO,28/08/2024,09:46:36,51455.7,51455.4,165,51463.6,15,0,1438500
BANKNIFTY-II.NFO,28/08/2024,09:46:38,51456.2,51463.6,90,51464.5,15,45,1438500
BANKNIFTY-II.NFO,28/08/2024,09:46:40,51463.6,51460.5,75,51465,15,90,1438500
BANKNIFTY-II.NFO,28/08/2024,09:46:41,51463.6,51460.5,75,51465,30,0,1438500
BANKNIFTY-II.NFO,28/08/2024,09:46:43,51463.6,51463.15,120,51465,30,15,1438500
BANKNIFTY-II.NFO,28/08/2024,09:46:45,51470,51466.15,75,51471,30,330,1438500
BANKNIFTY-II.NFO,28/08/2024,09:46:46,51470,51465.25,75,51471,30,0,1438500
BANKNIFTY-II.NFO,28/08/2024,09:46:48,51470,51464.45,60,51471,30,15,1438500
BANKNIFTY-II.NFO,28/08/2024,09:46:50,51470,51462.4,15,51470,30,0,1438500
BANKNIFTY-II.NFO,28/08/2024,09:46:51,51466.25,51457.65,15,51466.5,120,30,1438500
BANKNIFTY-II.NFO,28/08/2024,09:46:53,51468.05,51458.05,90,51468.55,15,15,1438500
BANKNIFTY-II.NFO,28/08/2024,09:46:54,51467.5,51459.5,60,51468.8,15,45,1438500
BANKNIFTY-II.NFO,28/08/2024,09:46:56,51467.3,51457.3,60,51466.4,15,15,1438500
BANKNIFTY-II.NFO,28/08/2024,09:46:58,51470.1,51461.1,90,51470.8,120,360,1438500
BANKNIFTY-II.NFO,28/08/2024,09:46:59,51470.1,51458.75,75,51468.9,120,45,1438500
BANKNIFTY-II.NFO,28/08/2024,09:47:01,51470.1,51458.25,15,51467.2,120,0,1438500
BANKNIFTY-II.NFO,28/08/2024,09:47:03,51470.1,51458.6,75,51468.1,120,0,1438500
BANKNIFTY-II.NFO,28/08/2024,09:47:05,51466.9,51458.9,120,51468,120,150,1438500
BANKNIFTY-II.NFO,28/08/2024,09:47:06,51459.3,51460.6,120,51470.1,30,135,1438500
BANKNIFTY-II.NFO,28/08/2024,09:47:08,51459.3,51459.65,120,51468.75,120,0,1438500
BANKNIFTY-II.NFO,28/08/2024,09:47:10,51459.3,51460,45,51467.85,105,0,1438500
BANKNIFTY-II.NFO,28/08/2024,09:47:11,51468.35,51460.05,15,51467.6,165,135,1438500
BANKNIFTY-II.NFO,28/08/2024,09:47:13,51467.65,51460.05,15,51467.65,15,15,1438500
BANKNIFTY-II.NFO,28/08/2024,09:47:15,51467.65,51460.05,15,51467.65,15,30,1438500
BANKNIFTY-II.NFO,28/08/2024,09:47:16,51467.65,51460.05,135,51467.65,30,0,1438500
BANKNIFTY-II.NFO,28/08/2024,09:47:18,51460.25,51461.7,15,51467.65,15,30,1438500
BANKNIFTY-II.NFO,28/08/2024,09:47:20,51467.65,51465.2,30,51469.7,150,30,1438500
BANKNIFTY-II.NFO,28/08/2024,09:47:21,51463.25,51463.8,120,51469.7,75,150,1438500
BANKNIFTY-II.NFO,28/08/2024,09:47:23,51463.8,51462.55,135,51469.7,75,15,1438500
BANKNIFTY-II.NFO,28/08/2024,09:47:25,51461,51460.05,120,51469.45,15,150,1438500
BANKNIFTY-II.NFO,28/08/2024,09:47:26,51460.15,51460.05,120,51461.5,15,15,1438500
BANKNIFTY-II.NFO,28/08/2024,09:47:28,51461.5,51460.85,120,51469.7,75,225,1438500
BANKNIFTY-II.NFO,28/08/2024,09:47:30,51469.95,51460,60,51469.3,30,330,1438500
BANKNIFTY-II.NFO,28/08/2024,09:47:31,51460,51460,45,51467.4,45,30,1438500
BANKNIFTY-II.NFO,28/08/2024,09:47:33,51460,51460.15,750,51466.75,45,0,1438500
BANKNIFTY-II.NFO,28/08/2024,09:47:35,51468.7,51460.15,765,51466.6,15,330,1438500
BANKNIFTY-II.NFO,28/08/2024,09:47:36,51466.55,51462,15,51467,15,300,1438500
BANKNIFTY-II.NFO,28/08/2024,09:47:38,51462,51461,150,51466.7,15,135,1438500
BANKNIFTY-II.NFO,28/08/2024,09:47:40,51466.05,51461,150,51466.3,15,15,1438500
BANKNIFTY-II.NFO,28/08/2024,09:47:41,51464.2,51461,120,51465.25,15,60,1438500
BANKNIFTY-II.NFO,28/08/2024,09:47:43,51461,51460.25,60,51462.5,150,165,1438500
BANKNIFTY-II.NFO,28/08/2024,09:47:45,51460,51459,120,51459.5,15,915,1438500
BANKNIFTY-II.NFO,28/08/2024,09:47:46,51461,51459,180,51463.15,30,15,1438500
BANKNIFTY-II.NFO,28/08/2024,09:47:48,51466.75,51459,180,51464.75,150,75,1438500
BANKNIFTY-II.NFO,28/08/2024,09:47:50,51459,51459,165,51466.5,15,15,1438500
BANKNIFTY-II.NFO,28/08/2024,09:47:51,51459,51459,165,51466,15,285,1438500
BANKNIFTY-II.NFO,28/08/2024,09:47:53,51465.05,51462.5,15,51465.35,15,45,1438500
BANKNIFTY-II.NFO,28/08/2024,09:47:55,51462.5,51459,165,51463,195,15,1438500
BANKNIFTY-II.NFO,28/08/2024,09:47:56,51455.2,51450,90,51454.4,15,225,1438500
BANKNIFTY-II.NFO,28/08/2024,09:47:58,51454.4,51450,60,51457.65,45,120,1438500
BANKNIFTY-II.NFO,28/08/2024,09:48:00,51457.9,51450,60,51458.7,15,30,1438500
BANKNIFTY-II.NFO,28/08/2024,09:48:01,51457.9,51450,60,51458.65,15,90,1438500
BANKNIFTY-II.NFO,28/08/2024,09:48:03,51457.65,51450,45,51457.85,15,45,1438500
BANKNIFTY-II.NFO,28/08/2024,09:48:05,51457.65,51455,15,51457.9,30,0,1438500
BANKNIFTY-II.NFO,28/08/2024,09:48:06,51455,51457.65,15,51460.15,90,45,1438500
BANKNIFTY-II.NFO,28/08/2024,09:48:08,51457.65,51450.35,45,51457.65,15,30,1438500
BANKNIFTY-II.NFO,28/08/2024,09:48:10,51457.65,51455,15,51456.15,30,15,1438500
BANKNIFTY-II.NFO,28/08/2024,09:48:11,51456.2,51450,45,51456.15,30,30,1438500
BANKNIFTY-II.NFO,28/08/2024,09:48:13,51456.2,51455,15,51456.15,30,0,1438500
BANKNIFTY-II.NFO,28/08/2024,09:48:14,51456.2,51455,15,51456.05,75,0,1438500
BANKNIFTY-II.NFO,28/08/2024,09:48:16,51450,51448.05,45,51456.05,15,105,1438500
BANKNIFTY-II.NFO,28/08/2024,09:48:18,51447.85,51451,45,51451.1,75,135,1438500
BANKNIFTY-II.NFO,28/08/2024,09:48:19,51451.1,51451.15,120,51454.25,75,30,1438500
BANKNIFTY-II.NFO,28/08/2024,09:48:21,51460,51455.6,120,51461.4,60,90,1438500
BANKNIFTY-II.NFO,28/08/2024,09:48:23,51461.2,51456.05,120,51460.45,30,30,1438500
BANKNIFTY-II.NFO,28/08/2024,09:48:24,51460.4,51456.35,120,51460.45,75,30,1438500
BANKNIFTY-II.NFO,28/08/2024,09:48:26,51456.75,51457.65,15,51460.45,105,30,1438500
BANKNIFTY-II.NFO,28/08/2024,09:48:28,51456.75,51457.65,30,51460.45,105,0,1438500
BANKNIFTY-II.NFO,28/08/2024,09:48:29,51460.45,51457.65,30,51460.45,90,60,1438500
BANKNIFTY-II.NFO,28/08/2024,09:48:31,51460.45,51457.65,30,51460.4,15,0,1438500
BANKNIFTY-II.NFO,28/08/2024,09:48:33,51460.45,51457.65,30,51460.4,60,0,1438500
BANKNIFTY-II.NFO,28/08/2024,09:48:34,51460.45,51457.65,30,51460.4,120,0,1438500
BANKNIFTY-II.NFO,28/08/2024,09:48:36,51460.45,51457.65,30,51460.35,30,0,1438500
BANKNIFTY-II.NFO,28/08/2024,09:48:38,51460.45,51457.65,30,51460.3,30,435,1438500
BANKNIFTY-II.NFO,28/08/2024,09:48:39,51457.65,51457.65,15,51460.25,30,15,1438500
BANKNIFTY-II.NFO,28/08/2024,09:48:41,51463.15,51463.05,135,51468.75,45,225,1438500
BANKNIFTY-II.NFO,28/08/2024,09:48:43,51468.75,51464.3,135,51468.7,30,60,1438500
BANKNIFTY-II.NFO,28/08/2024,09:48:44,51468.75,51465,15,51469,15,75,1438500
BANKNIFTY-II.NFO,28/08/2024,09:48:46,51468.7,51465,30,51470.1,30,75,1438500
BANKNIFTY-II.NFO,28/08/2024,09:48:48,51470.1,51465,30,51470.95,120,45,1438500
BANKNIFTY-II.NFO,28/08/2024,09:48:49,51470.1,51465,30,51471,15,0,1438500
BANKNIFTY-II.NFO,28/08/2024,09:48:51,51465,51465,30,51472,45,300,1438500
BANKNIFTY-II.NFO,28/08/2024,09:48:53,51472,51466.1,15,51472,30,465,1438500
BANKNIFTY-II.NFO,28/08/2024,09:48:54,51480,51474.8,135,51481,15,525,1441320
BANKNIFTY-II.NFO,28/08/2024,09:48:56,51486,51484.8,120,51488,15,735,1441320
BANKNIFTY-II.NFO,28/08/2024,09:48:58,51489,51483.95,120,51490,45,60,1441320
BANKNIFTY-II.NFO,28/08/2024,09:48:59,51484.3,51476.2,120,51484.35,45,105,1441320
BANKNIFTY-II.NFO,28/08/2024,09:49:01,51483.9,51475.2,120,51477.45,45,45,1441320
BANKNIFTY-II.NFO,28/08/2024,09:49:03,51484.3,51477,120,51481.3,45,60,1441320
BANKNIFTY-II.NFO,28/08/2024,09:49:04,51479.6,51475.6,120,51479.15,30,30,1441320
BANKNIFTY-II.NFO,28/08/2024,09:49:06,51484.25,51475.7,120,51478.4,15,210,1441320
BANKNIFTY-II.NFO,28/08/2024,09:49:08,51475.15,51475.15,30,51477.9,45,930,1441320
BANKNIFTY-II.NFO,28/08/2024,09:49:09,51475.15,51471.05,120,51478.5,60,30,1441320
BANKNIFTY-II.NFO,28/08/2024,09:49:11,51475.15,51471.05,15,51475,15,0,1441320
BANKNIFTY-II.NFO,28/08/2024,09:49:13,51475.6,51472.05,120,51475,45,30,1441320
BANKNIFTY-II.NFO,28/08/2024,09:49:14,51485,51474.65,90,51483.95,45,450,1441320
BANKNIFTY-II.NFO,28/08/2024,09:49:16,51485,51472.05,90,51480.8,45,0,1441320
BANKNIFTY-II.NFO,28/08/2024,09:49:18,51485,51472,45,51480.15,15,300,1441320
BANKNIFTY-II.NFO,28/08/2024,09:49:20,51475.15,51472.05,90,51480.65,45,15,1441320
BANKNIFTY-II.NFO,28/08/2024,09:49:21,51475.15,51472,45,51480.2,45,0,1441320
BANKNIFTY-II.NFO,28/08/2024,09:49:23,51481.25,51472,45,51481.05,120,30,1441320
BANKNIFTY-II.NFO,28/08/2024,09:49:25,51472,51471.05,60,51472.45,105,45,1441320
BANKNIFTY-II.NFO,28/08/2024,09:49:26,51471.05,51471.05,15,51472.45,60,150,1441320
BANKNIFTY-II.NFO,28/08/2024,09:49:28,51473,51473.2,15,51482.2,120,135,1441320
BANKNIFTY-II.NFO,28/08/2024,09:49:30,51477,51473,15,51481.65,120,30,1441320
BANKNIFTY-II.NFO,28/08/2024,09:49:31,51472.05,51472.05,30,51480.7,120,30,1441320
BANKNIFTY-II.NFO,28/08/2024,09:49:33,51472.05,51472.05,30,51480.4,120,0,1441320
BANKNIFTY-II.NFO,28/08/2024,09:49:34,51479.7,51472.05,15,51479.1,120,30,1441320
BANKNIFTY-II.NFO,28/08/2024,09:49:36,51479.7,51472.05,30,51477.75,120,0,1441320
BANKNIFTY-II.NFO,28/08/2024,09:49:38,51477.25,51472.05,30,51477.65,120,30,1441320
BANKNIFTY-II.NFO,28/08/2024,09:49:39,51477.55,51472.9,120,51477.55,15,15,1441320
BANKNIFTY-II.NFO,28/08/2024,09:49:41,51477.55,51475.15,165,51477.55,60,0,1441320
