Ticker,Date,Time,LTP,BuyPrice,BuyQty,SellPrice,SellQty,LTQ,OpenInterest
BANKNIFTY-I.NFO,01/01/2025,09:15:00,51289.95,51251.55,60,51289.95,30,90,2252790
BANKNIFTY-I.NFO,01/01/2025,09:15:00,51289.95,51251.55,60,51289.95,30,0,2252790
BANKNIFTY-I.NFO,01/01/2025,09:15:00,51289.95,51251.55,60,51289.95,30,0,2252790
BANKNIFTY-I.NFO,01/01/2025,09:15:00,51251.55,51251.55,60,51289.95,30,0,2252790
BANKNIFTY-I.NFO,01/01/2025,09:15:01,51271.4,51260,150,51271.25,45,1350,2252790
BANKNIFTY-I.NFO,01/01/2025,09:15:01,51160,51260,150,51271.25,45,0,2252790
BANKNIFTY-I.NFO,01/01/2025,09:15:02,51252.15,51229.6,60,51252.2,15,240,2252790
BANKNIFTY-I.NFO,01/01/2025,09:15:04,51263.25,51233.7,60,51263.25,60,480,2252790
BANKNIFTY-I.NFO,01/01/2025,09:15:05,51240.05,51242.2,45,51271.6,60,60,2252790
BANKNIFTY-I.NFO,01/01/2025,09:15:07,51243.75,51245.7,45,51271.7,60,75,2252790
BANKNIFTY-I.NFO,01/01/2025,09:15:08,51269.55,51241.45,30,51269.35,60,120,2252790
BANKNIFTY-I.NFO,01/01/2025,09:15:10,51269,51243.85,30,51269,60,135,2252790
BANKNIFTY-I.NFO,01/01/2025,09:15:12,51269.05,51269.05,15,51286.1,60,135,2252790
BANKNIFTY-I.NFO,01/01/2025,09:15:14,51286.1,51269,15,51286.1,30,390,2252790
BANKNIFTY-I.NFO,01/01/2025,09:15:15,51286.1,51270.65,60,51286.15,60,75,2252790
BANKNIFTY-I.NFO,01/01/2025,09:15:17,51286.15,51274.7,60,51286.15,30,60,2252790
BANKNIFTY-I.NFO,01/01/2025,09:15:19,51298.75,51283.55,15,51298.75,15,75,2252790
BANKNIFTY-I.NFO,01/01/2025,09:15:19,51298.75,51283.55,15,51298.75,15,0,2252790
BANKNIFTY-I.NFO,01/01/2025,09:15:20,51300,51281.4,60,51300,690,960,2252790
BANKNIFTY-I.NFO,01/01/2025,09:15:20,51300,51281.4,60,51300,690,0,2252790
BANKNIFTY-I.NFO,01/01/2025,09:15:22,51300,51286.7,15,51300,615,75,2252790
BANKNIFTY-I.NFO,01/01/2025,09:15:23,51285.5,51300.05,15,51309.05,15,630,2252790
BANKNIFTY-I.NFO,01/01/2025,09:15:25,51287.9,51290.15,15,51300.05,255,270,2252790
BANKNIFTY-I.NFO,01/01/2025,09:15:25,51309.05,51290.15,15,51300.05,255,0,2252790
BANKNIFTY-I.NFO,01/01/2025,09:15:27,51300,51300.4,15,51314.95,60,435,2253300
BANKNIFTY-I.NFO,01/01/2025,09:15:28,51315,51299.95,75,51315,60,270,2253300
BANKNIFTY-I.NFO,01/01/2025,09:15:28,51315,51299.95,75,51315,60,0,2253300
BANKNIFTY-I.NFO,01/01/2025,09:15:30,51315,51293.45,60,51317.95,30,390,2253300
BANKNIFTY-I.NFO,01/01/2025,09:15:30,51318.75,51293.45,60,51317.95,30,0,2253300
BANKNIFTY-I.NFO,01/01/2025,09:15:32,51305,51293.5,105,51300,15,75,2253300
BANKNIFTY-I.NFO,01/01/2025,09:15:33,51293.45,51293.3,15,51300,60,120,2253300
BANKNIFTY-I.NFO,01/01/2025,09:15:35,51300,51291.55,60,51300,15,135,2253300
BANKNIFTY-I.NFO,01/01/2025,09:15:36,51291.4,51291.35,15,51304.95,60,120,2253300
BANKNIFTY-I.NFO,01/01/2025,09:15:38,51289.2,51288.9,45,51302,15,105,2253300
BANKNIFTY-I.NFO,01/01/2025,09:15:40,51304.95,51289,75,51304.95,30,75,2253300
BANKNIFTY-I.NFO,01/01/2025,09:15:41,51288.85,51287.9,15,51291.55,15,120,2253300
BANKNIFTY-I.NFO,01/01/2025,09:15:43,51291.25,51290,15,51304.7,60,165,2253300
BANKNIFTY-I.NFO,01/01/2025,09:15:45,51286.1,51285.5,30,51293.5,30,75,2253300
BANKNIFTY-I.NFO,01/01/2025,09:15:46,51291.25,51285.05,15,51291.35,15,90,2253300
BANKNIFTY-I.NFO,01/01/2025,09:15:48,51285.1,51285.1,15,51291.35,15,15,2253300
BANKNIFTY-I.NFO,01/01/2025,09:15:50,51280.3,51280,915,51285.05,30,255,2253300
BANKNIFTY-I.NFO,01/01/2025,09:15:51,51285.05,51270.3,15,51285.1,15,990,2253300
BANKNIFTY-I.NFO,01/01/2025,09:15:53,51270.3,51261.6,15,51270.3,105,30,2253300
BANKNIFTY-I.NFO,01/01/2025,09:15:54,51260.3,51260.3,15,51270.3,30,90,2253300
BANKNIFTY-I.NFO,01/01/2025,09:15:56,51274.95,51256.6,75,51274.95,30,105,2253300
BANKNIFTY-I.NFO,01/01/2025,09:15:58,51256.7,51251.95,60,51273.9,30,15,2253300
BANKNIFTY-I.NFO,01/01/2025,09:15:59,51272.85,51260,15,51273.05,60,90,2253300
BANKNIFTY-I.NFO,01/01/2025,09:16:01,51260.3,51256.7,15,51267.35,300,195,2253300
BANKNIFTY-I.NFO,01/01/2025,09:16:03,51249.25,51225.15,15,51245.75,75,375,2253300
BANKNIFTY-I.NFO,01/01/2025,09:16:04,51200,51190.95,75,51209.9,60,1410,2253300
BANKNIFTY-I.NFO,01/01/2025,09:16:06,51191.8,51175,30,51180,15,1095,2253300
BANKNIFTY-I.NFO,01/01/2025,09:16:08,51160,51160,90,51174.85,15,300,2253300
BANKNIFTY-I.NFO,01/01/2025,09:16:09,51134.2,51113.5,60,51133.15,15,1485,2253300
BANKNIFTY-I.NFO,01/01/2025,09:16:09,51118.25,51113.5,60,51133.15,15,0,2253300
BANKNIFTY-I.NFO,01/01/2025,09:16:11,51101.65,51101.65,15,51111.85,60,480,2253300
BANKNIFTY-I.NFO,01/01/2025,09:16:11,51101.65,51101.65,15,51111.85,60,0,2253300
BANKNIFTY-I.NFO,01/01/2025,09:16:13,51100,51101.65,15,51112,540,360,2253300
BANKNIFTY-I.NFO,01/01/2025,09:16:13,51100,51101.65,15,51112,540,0,2253300
BANKNIFTY-I.NFO,01/01/2025,09:16:14,51100,51100,405,51112,330,705,2253300
BANKNIFTY-I.NFO,01/01/2025,09:16:16,51124.5,51136.4,15,51152.95,75,555,2253300
BANKNIFTY-I.NFO,01/01/2025,09:16:17,51184.5,51170.6,45,51184.5,15,315,2253300
BANKNIFTY-I.NFO,01/01/2025,09:16:19,51193.1,51185.7,15,51193.1,30,315,2253300
BANKNIFTY-I.NFO,01/01/2025,09:16:21,51209.55,51189.85,15,51207.85,60,195,2253300
BANKNIFTY-I.NFO,01/01/2025,09:16:22,51174.5,51159.65,30,51174.75,60,375,2253300
BANKNIFTY-I.NFO,01/01/2025,09:16:24,51141.95,51133.25,15,51141.95,30,240,2253300
BANKNIFTY-I.NFO,01/01/2025,09:16:26,51137.2,51120.55,60,51144.55,30,555,2253300
BANKNIFTY-I.NFO,01/01/2025,09:16:27,51140.1,51128,75,51153.45,15,45,2253300
BANKNIFTY-I.NFO,01/01/2025,09:16:29,51132.2,51140.1,15,51152.3,75,195,2253300
BANKNIFTY-I.NFO,01/01/2025,09:16:31,51143.3,51144.35,75,51165.4,15,105,2253300
BANKNIFTY-I.NFO,01/01/2025,09:16:32,51169.6,51150.9,75,51169.6,15,195,2253300
BANKNIFTY-I.NFO,01/01/2025,09:16:34,51161.9,51140.4,60,51161.7,60,210,2253300
BANKNIFTY-I.NFO,01/01/2025,09:16:36,51158.85,51144,15,51161.8,105,105,2253300
BANKNIFTY-I.NFO,01/01/2025,09:16:37,51162.1,51141.25,60,51163.25,30,555,2253300
BANKNIFTY-I.NFO,01/01/2025,09:16:39,51155.2,51140.45,15,51155.3,30,180,2253300
BANKNIFTY-I.NFO,01/01/2025,09:16:41,51157.75,51140.15,15,51153.9,75,285,2253300
BANKNIFTY-I.NFO,01/01/2025,09:16:42,51154.45,51140.95,15,51155.2,105,60,2253300
BANKNIFTY-I.NFO,01/01/2025,09:16:44,51140,51135.45,15,51146.45,15,1290,2253300
BANKNIFTY-I.NFO,01/01/2025,09:16:46,51140.05,51125.3,15,51140.45,15,315,2253300
BANKNIFTY-I.NFO,01/01/2025,09:16:47,51120,51115.55,15,51134.45,15,465,2253300
BANKNIFTY-I.NFO,01/01/2025,09:16:49,51130.55,51105.65,60,51127.8,15,2220,2253300
BANKNIFTY-I.NFO,01/01/2025,09:16:50,51134.6,51107.65,120,51134.6,30,165,2253300
BANKNIFTY-I.NFO,01/01/2025,09:16:52,51141.9,51133.65,15,51145.05,15,135,2253300
BANKNIFTY-I.NFO,01/01/2025,09:16:54,51125.1,51120,150,51134.7,300,210,2253300
BANKNIFTY-I.NFO,01/01/2025,09:16:55,51138.2,51131.75,15,51146.35,15,420,2253300
BANKNIFTY-I.NFO,01/01/2025,09:16:57,51154.45,51126.9,120,51146.4,30,105,2253300
BANKNIFTY-I.NFO,01/01/2025,09:16:59,51146.85,51126.2,15,51146.7,105,495,2253300
BANKNIFTY-I.NFO,01/01/2025,09:17:00,51125.05,51125.05,90,51139.95,120,915,2253300
BANKNIFTY-I.NFO,01/01/2025,09:17:02,51139.2,51125.35,15,51139.1,135,420,2253300
BANKNIFTY-I.NFO,01/01/2025,09:17:04,51130,51125,465,51141.3,90,450,2253300
BANKNIFTY-I.NFO,01/01/2025,09:17:05,51141.2,51125,450,51136.5,300,180,2253300
BANKNIFTY-I.NFO,01/01/2025,09:17:07,51120,51120,45,51128.95,15,795,2253300
BANKNIFTY-I.NFO,01/01/2025,09:17:09,51140,51127.4,120,51141.75,15,480,2253300
BANKNIFTY-I.NFO,01/01/2025,09:17:10,51122.05,51124.45,120,51143,60,120,2253300
BANKNIFTY-I.NFO,01/01/2025,09:17:12,51129,51128.95,15,51141.8,60,45,2253300
BANKNIFTY-I.NFO,01/01/2025,09:17:14,51136.65,51125.35,15,51139.15,105,120,2253300
BANKNIFTY-I.NFO,01/01/2025,09:17:15,51130,51128.35,15,51138.05,15,75,2253300
BANKNIFTY-I.NFO,01/01/2025,09:17:17,51136.5,51125.25,15,51136.6,30,150,2253300
BANKNIFTY-I.NFO,01/01/2025,09:17:19,51136.5,51127.2,300,51137.05,30,0,2253300
BANKNIFTY-I.NFO,01/01/2025,09:17:20,51151.8,51135.3,120,51152.75,300,240,2253300
BANKNIFTY-I.NFO,01/01/2025,09:17:22,51151.8,51138.4,120,51156.25,30,60,2253300
BANKNIFTY-I.NFO,01/01/2025,09:17:24,51156.15,51139.2,120,51155.95,30,15,2253300
BANKNIFTY-I.NFO,01/01/2025,09:17:25,51142.9,51130.6,15,51143.55,75,315,2253300
BANKNIFTY-I.NFO,01/01/2025,09:17:27,51148.65,51136.85,15,51149.5,30,360,2253300
BANKNIFTY-I.NFO,01/01/2025,09:17:29,51138.4,51135.25,120,51155.25,15,30,2253300
BANKNIFTY-I.NFO,01/01/2025,09:17:31,51158.85,51148.85,15,51158.85,15,150,2253300
BANKNIFTY-I.NFO,01/01/2025,09:17:32,51160.65,51150.05,15,51163.65,30,120,2253300
BANKNIFTY-I.NFO,01/01/2025,09:17:34,51164,51151.25,120,51164.8,15,165,2253300
BANKNIFTY-I.NFO,01/01/2025,09:17:36,51174.6,51155.85,120,51174.6,75,180,2253300
BANKNIFTY-I.NFO,01/01/2025,09:17:37,51164,51161.5,15,51170,15,165,2253300
BANKNIFTY-I.NFO,01/01/2025,09:17:39,51161,51160.05,120,51177.1,75,30,2253300
BANKNIFTY-I.NFO,01/01/2025,09:17:41,51170,51160.15,120,51176.75,15,375,2253300
BANKNIFTY-I.NFO,01/01/2025,09:17:42,51179.45,51162.75,120,51180,15,345,2253300
BANKNIFTY-I.NFO,01/01/2025,09:17:44,51177.1,51171.5,15,51178.9,30,225,2253300
BANKNIFTY-I.NFO,01/01/2025,09:17:46,51174.85,51161.95,15,51173.4,30,150,2253300
BANKNIFTY-I.NFO,01/01/2025,09:17:47,51163.45,51160.65,15,51173.2,30,120,2253300
BANKNIFTY-I.NFO,01/01/2025,09:17:49,51179.75,51164.1,15,51173.15,30,75,2253300
BANKNIFTY-I.NFO,01/01/2025,09:17:51,51165.7,51163.9,15,51173.9,30,195,2253300
BANKNIFTY-I.NFO,01/01/2025,09:17:52,51161,51161,15,51170.75,30,60,2253300
BANKNIFTY-I.NFO,01/01/2025,09:17:54,51161,51164.7,15,51175.75,300,0,2253300
BANKNIFTY-I.NFO,01/01/2025,09:17:56,51165,51161.7,15,51171.35,105,240,2253300
BANKNIFTY-I.NFO,01/01/2025,09:17:57,51160,51152.05,15,51166.65,30,60,2253300
BANKNIFTY-I.NFO,01/01/2025,09:17:59,51160.75,51150.15,120,51165.9,105,135,2253300
BANKNIFTY-I.NFO,01/01/2025,09:18:01,51150,51144.35,15,51159.05,105,705,2253300
BANKNIFTY-I.NFO,01/01/2025,09:18:02,51150.2,51150,15,51161.15,30,765,2253300
BANKNIFTY-I.NFO,01/01/2025,09:18:04,51150,51146.8,15,51156.7,15,75,2253300
BANKNIFTY-I.NFO,01/01/2025,09:18:05,51161.5,51150,30,51163.3,30,15,2253300
BANKNIFTY-I.NFO,01/01/2025,09:18:07,51153.7,51141,15,51154.9,300,585,2253300
BANKNIFTY-I.NFO,01/01/2025,09:18:09,51146,51140,75,51149.1,300,60,2253300
BANKNIFTY-I.NFO,01/01/2025,09:18:10,51145,51140.85,15,51149.75,30,60,2253300
BANKNIFTY-I.NFO,01/01/2025,09:18:12,51155.25,51142,15,51155.35,30,195,2253300
BANKNIFTY-I.NFO,01/01/2025,09:18:14,51155.25,51143.3,15,51153.55,30,0,2253300
BANKNIFTY-I.NFO,01/01/2025,09:18:15,51142,51141.1,300,51153.6,75,135,2253300
BANKNIFTY-I.NFO,01/01/2025,09:18:17,51155.05,51143.35,15,51155.1,300,75,2253300
BANKNIFTY-I.NFO,01/01/2025,09:18:19,51156.3,51141.45,15,51156.3,15,90,2253300
BANKNIFTY-I.NFO,01/01/2025,09:18:20,51157,51146.7,120,51162.9,45,135,2253300
BANKNIFTY-I.NFO,01/01/2025,09:18:22,51145,51145.45,15,51146.7,30,105,2253300
BANKNIFTY-I.NFO,01/01/2025,09:18:24,51145.05,51145.05,120,51161.5,90,195,2253300
BANKNIFTY-I.NFO,01/01/2025,09:18:25,51161.5,51147.95,120,51160,15,30,2259555
BANKNIFTY-I.NFO,01/01/2025,09:18:27,51145.05,51145,30,51159.15,120,600,2259555
BANKNIFTY-I.NFO,01/01/2025,09:18:29,51145,51150,150,51162.4,120,30,2259555
BANKNIFTY-I.NFO,01/01/2025,09:18:30,51140.05,51140,30,51150.8,75,480,2259555
BANKNIFTY-I.NFO,01/01/2025,09:18:32,51145,51140,30,51150.7,75,30,2259555
BANKNIFTY-I.NFO,01/01/2025,09:18:34,51150,51140.05,120,51156.2,75,30,2259555
BANKNIFTY-I.NFO,01/01/2025,09:18:35,51140.4,51140.3,15,51149.9,30,60,2259555
BANKNIFTY-I.NFO,01/01/2025,09:18:37,51137.25,51140.7,15,51151,90,330,2259555
BANKNIFTY-I.NFO,01/01/2025,09:18:39,51142.8,51140.3,15,51142.75,15,120,2259555
BANKNIFTY-I.NFO,01/01/2025,09:18:40,51147.75,51140.7,135,51156.35,15,180,2259555
BANKNIFTY-I.NFO,01/01/2025,09:18:42,51142.75,51144.2,15,51156.2,30,45,2259555
BANKNIFTY-I.NFO,01/01/2025,09:18:44,51156.1,51146.65,15,51156,60,30,2259555
BANKNIFTY-I.NFO,01/01/2025,09:18:45,51140.55,51140.55,120,51156.15,45,90,2259555
BANKNIFTY-I.NFO,01/01/2025,09:18:47,51158.75,51145.25,120,51162.85,75,495,2259555
BANKNIFTY-I.NFO,01/01/2025,09:18:49,51158.65,51142.05,120,51158.7,300,270,2259555
BANKNIFTY-I.NFO,01/01/2025,09:18:50,51145,51143,15,51145,150,315,2259555
BANKNIFTY-I.NFO,01/01/2025,09:18:52,51143.85,51145.65,135,51165.5,15,255,2259555
BANKNIFTY-I.NFO,01/01/2025,09:18:54,51146.15,51146.15,120,51164.6,30,120,2259555
BANKNIFTY-I.NFO,01/01/2025,09:18:55,51150.6,51150.6,120,51166.65,30,30,2259555
BANKNIFTY-I.NFO,01/01/2025,09:18:57,51150.6,51150,60,51161.3,60,0,2259555
BANKNIFTY-I.NFO,01/01/2025,09:18:59,51161.3,51150.6,15,51156.2,15,15,2259555
BANKNIFTY-I.NFO,01/01/2025,09:19:00,51161.3,51150.6,15,51161.45,60,300,2259555
BANKNIFTY-I.NFO,01/01/2025,09:19:02,51145,51143.85,15,51145,45,360,2259555
BANKNIFTY-I.NFO,01/01/2025,09:19:04,51140.25,51140,60,51158.05,15,960,2259555
BANKNIFTY-I.NFO,01/01/2025,09:19:05,51140,51140,45,51149.65,120,75,2259555
BANKNIFTY-I.NFO,01/01/2025,09:19:07,51149.25,51145,15,51150,15,30,2259555
BANKNIFTY-I.NFO,01/01/2025,09:19:09,51149.25,51140,195,51150.85,120,180,2259555
BANKNIFTY-I.NFO,01/01/2025,09:19:10,51140,51130,150,51140,60,510,2259555
BANKNIFTY-I.NFO,01/01/2025,09:19:12,51130,51130,75,51145.05,15,90,2259555
BANKNIFTY-I.NFO,01/01/2025,09:19:14,51145,51130,150,51145.05,15,15,2259555
BANKNIFTY-I.NFO,01/01/2025,09:19:15,51145.05,51130,150,51148.45,15,15,2259555
BANKNIFTY-I.NFO,01/01/2025,09:19:17,51145.3,51130.05,15,51148.3,15,195,2259555
BANKNIFTY-I.NFO,01/01/2025,09:19:19,51148.9,51130.05,15,51147.8,15,120,2259555
BANKNIFTY-I.NFO,01/01/2025,09:19:20,51140,51140,15,51147.3,15,105,2259555
BANKNIFTY-I.NFO,01/01/2025,09:19:22,51140,51130,240,51143.15,120,15,2259555
BANKNIFTY-I.NFO,01/01/2025,09:19:24,51140,51130.05,75,51141.9,15,0,2259555
BANKNIFTY-I.NFO,01/01/2025,09:19:25,51133,51130.05,45,51145.6,135,75,2259555
BANKNIFTY-I.NFO,01/01/2025,09:19:27,51143.15,51130,285,51143,45,1260,2259555
BANKNIFTY-I.NFO,01/01/2025,09:19:29,51132,51137.05,120,51150,15,135,2259555
BANKNIFTY-I.NFO,01/01/2025,09:19:30,51137,51138.85,120,51150,15,15,2259555
BANKNIFTY-I.NFO,01/01/2025,09:19:32,51143.9,51132,135,51144.65,75,345,2259555
BANKNIFTY-I.NFO,01/01/2025,09:19:34,51166.5,51152.55,120,51169.8,15,1575,2259555
BANKNIFTY-I.NFO,01/01/2025,09:19:35,51159,51157.45,15,51170,105,90,2259555
BANKNIFTY-I.NFO,01/01/2025,09:19:37,51164,51159.45,15,51170,90,30,2259555
BANKNIFTY-I.NFO,01/01/2025,09:19:39,51170,51162.65,15,51170,75,15,2259555
BANKNIFTY-I.NFO,01/01/2025,09:19:40,51170,51166.4,15,51175,15,150,2259555
BANKNIFTY-I.NFO,01/01/2025,09:19:42,51170,51170,15,51175,15,0,2259555
BANKNIFTY-I.NFO,01/01/2025,09:19:44,51181,51175,150,51181,90,60,2259555
BANKNIFTY-I.NFO,01/01/2025,09:19:45,51186.85,51175,90,51180,15,435,2259555
BANKNIFTY-I.NFO,01/01/2025,09:19:47,51188,51180.9,15,51187.15,75,60,2259555
BANKNIFTY-I.NFO,01/01/2025,09:19:49,51175,51170.05,15,51182.9,15,750,2259555
BANKNIFTY-I.NFO,01/01/2025,09:19:51,51188.15,51180.95,15,51190.1,75,255,2259555
BANKNIFTY-I.NFO,01/01/2025,09:19:52,51181.2,51170.05,15,51181.15,90,165,2259555
BANKNIFTY-I.NFO,01/01/2025,09:19:54,51177.25,51170.05,15,51178.3,150,960,2259555
BANKNIFTY-I.NFO,01/01/2025,09:19:55,51179.2,51170.5,15,51183.95,75,75,2259555
BANKNIFTY-I.NFO,01/01/2025,09:19:57,51179.2,51173.05,15,51188.85,75,0,2259555
BANKNIFTY-I.NFO,01/01/2025,09:19:59,51170,51169.8,15,51175.6,75,225,2259555
BANKNIFTY-I.NFO,01/01/2025,09:20:00,51155.55,51150.05,15,51164.95,75,435,2259555
BANKNIFTY-I.NFO,01/01/2025,09:20:02,51185.2,51168,15,51185.2,15,15,2259555
BANKNIFTY-I.NFO,01/01/2025,09:20:04,51187.5,51173.25,120,51188.4,45,90,2259555
BANKNIFTY-I.NFO,01/01/2025,09:20:05,51188.25,51171.4,15,51186.2,15,45,2259555
BANKNIFTY-I.NFO,01/01/2025,09:20:07,51170.2,51170.05,15,51184.7,165,945,2259555
BANKNIFTY-I.NFO,01/01/2025,09:20:09,51163,51160.05,15,51171.5,75,375,2259555
BANKNIFTY-I.NFO,01/01/2025,09:20:10,51160.05,51151,15,51163.25,105,60,2259555
BANKNIFTY-I.NFO,01/01/2025,09:20:12,51164.75,51156,15,51164.8,15,315,2259555
BANKNIFTY-I.NFO,01/01/2025,09:20:14,51166.75,51151.8,15,51166.75,75,390,2259555
BANKNIFTY-I.NFO,01/01/2025,09:20:15,51172.1,51151.85,300,51164.3,75,255,2259555
BANKNIFTY-I.NFO,01/01/2025,09:20:17,51164.25,51150,75,51160.8,30,15,2259555
BANKNIFTY-I.NFO,01/01/2025,09:20:19,51156.95,51150,240,51160.65,15,15,2259555
BANKNIFTY-I.NFO,01/01/2025,09:20:20,51170.8,51158.1,120,51175.35,15,165,2259555
BANKNIFTY-I.NFO,01/01/2025,09:20:22,51150.2,51151,15,51157.35,30,15,2259555
BANKNIFTY-I.NFO,01/01/2025,09:20:24,51160.85,51151,15,51163.05,15,210,2259555
BANKNIFTY-I.NFO,01/01/2025,09:20:25,51153.8,51151,15,51163.35,15,930,2259555
BANKNIFTY-I.NFO,01/01/2025,09:20:27,51163.95,51154,15,51162.75,60,75,2259555
BANKNIFTY-I.NFO,01/01/2025,09:20:29,51159.45,51153.8,30,51162.2,75,210,2259555
BANKNIFTY-I.NFO,01/01/2025,09:20:30,51160.25,51159.45,60,51170.8,75,15,2259555
BANKNIFTY-I.NFO,01/01/2025,09:20:32,51165.2,51160.25,60,51168.55,75,15,2259555
BANKNIFTY-I.NFO,01/01/2025,09:20:34,51160.25,51160.25,30,51167.2,15,105,2259555
BANKNIFTY-I.NFO,01/01/2025,09:20:35,51160.25,51160.25,45,51167.1,30,90,2259555
BANKNIFTY-I.NFO,01/01/2025,09:20:37,51167.2,51160.25,45,51167.2,60,60,2259555
BANKNIFTY-I.NFO,01/01/2025,09:20:38,51167.15,51160.25,30,51167.2,60,90,2259555
BANKNIFTY-I.NFO,01/01/2025,09:20:40,51166.1,51160.25,30,51166.35,30,15,2259555
BANKNIFTY-I.NFO,01/01/2025,09:20:42,51155.3,51145,165,51154.8,90,1065,2259555
BANKNIFTY-I.NFO,01/01/2025,09:20:43,51153.65,51145,165,51154.8,60,30,2259555
BANKNIFTY-I.NFO,01/01/2025,09:20:45,51157.7,51150,15,51156.1,135,60,2259555
BANKNIFTY-I.NFO,01/01/2025,09:20:47,51153.65,51150,15,51155.3,60,255,2259555
BANKNIFTY-I.NFO,01/01/2025,09:20:48,51150,51145,210,51150.2,75,120,2259555
BANKNIFTY-I.NFO,01/01/2025,09:20:50,51146.55,51141,45,51148,60,225,2259555
BANKNIFTY-I.NFO,01/01/2025,09:20:52,51146.75,51140,30,51148.9,75,105,2259555
BANKNIFTY-I.NFO,01/01/2025,09:20:53,51140,51140,15,51145,60,15,2259555
BANKNIFTY-I.NFO,01/01/2025,09:20:55,51137,51137,15,51142.95,75,180,2259555
BANKNIFTY-I.NFO,01/01/2025,09:20:57,51136.95,51136.95,15,51142.9,60,45,2259555
BANKNIFTY-I.NFO,01/01/2025,09:20:58,51141.5,51136.9,30,51143,30,45,2259555
BANKNIFTY-I.NFO,01/01/2025,09:21:00,51136.85,51132,75,51136.85,30,135,2259555
BANKNIFTY-I.NFO,01/01/2025,09:21:02,51136.85,51132,15,51138.85,90,105,2259555
BANKNIFTY-I.NFO,01/01/2025,09:21:03,51134,51130,210,51135.6,60,225,2259555
BANKNIFTY-I.NFO,01/01/2025,09:21:05,51129.95,51129.95,15,51133.2,75,240,2259555
BANKNIFTY-I.NFO,01/01/2025,09:21:07,51124,51123,15,51130.65,15,465,2259555
BANKNIFTY-I.NFO,01/01/2025,09:21:08,51119.75,51115.35,15,51121.4,45,420,2259555
BANKNIFTY-I.NFO,01/01/2025,09:21:10,51123.9,51112.05,120,51122.95,15,405,2259555
BANKNIFTY-I.NFO,01/01/2025,09:21:12,51122.95,51120.05,90,51133.6,15,195,2259555
BANKNIFTY-I.NFO,01/01/2025,09:21:13,51120,51120,75,51127.55,60,60,2259555
BANKNIFTY-I.NFO,01/01/2025,09:21:15,51115.05,51115,15,51128.35,15,195,2259555
BANKNIFTY-I.NFO,01/01/2025,09:21:17,51114.95,51112.05,15,51127.2,75,60,2259555
BANKNIFTY-I.NFO,01/01/2025,09:21:18,51121,51117,15,51124.3,135,300,2259555
BANKNIFTY-I.NFO,01/01/2025,09:21:20,51117,51113.85,15,51125,15,15,2259555
BANKNIFTY-I.NFO,01/01/2025,09:21:22,51118,51112,15,51128.15,75,135,2259555
BANKNIFTY-I.NFO,01/01/2025,09:21:23,51115.05,51111,30,51115.05,30,45,2259555
BANKNIFTY-I.NFO,01/01/2025,09:21:25,51127.3,51115.05,15,51118,30,75,2259555
BANKNIFTY-I.NFO,01/01/2025,09:21:27,51120.05,51120,15,51130,30,60,2266170
BANKNIFTY-I.NFO,01/01/2025,09:21:28,51115.7,51116,30,51130,15,975,2266170
BANKNIFTY-I.NFO,01/01/2025,09:21:30,51116.3,51119.4,15,51130,15,30,2266170
BANKNIFTY-I.NFO,01/01/2025,09:21:32,51125,51118.35,15,51130,15,30,2266170
BANKNIFTY-I.NFO,01/01/2025,09:21:33,51130,51130,30,51136.8,15,60,2266170
BANKNIFTY-I.NFO,01/01/2025,09:21:35,51115.25,51115.05,15,51129.8,15,75,2266170
BANKNIFTY-I.NFO,01/01/2025,09:21:37,51119.4,51120,45,51126.6,75,585,2266170
BANKNIFTY-I.NFO,01/01/2025,09:21:38,51120,51120,495,51127.1,30,90,2266170
BANKNIFTY-I.NFO,01/01/2025,09:21:40,51120,51120,345,51127,75,285,2266170
BANKNIFTY-I.NFO,01/01/2025,09:21:42,51120,51120,315,51128.3,30,120,2266170
BANKNIFTY-I.NFO,01/01/2025,09:21:43,51120,51120,255,51130,15,75,2266170
BANKNIFTY-I.NFO,01/01/2025,09:21:45,51120,51120,225,51126.3,15,30,2266170
BANKNIFTY-I.NFO,01/01/2025,09:21:47,51120,51120,210,51126.05,60,120,2266170
BANKNIFTY-I.NFO,01/01/2025,09:21:48,51120.05,51120,210,51128.6,120,30,2266170
BANKNIFTY-I.NFO,01/01/2025,09:21:50,51122.6,51120,90,51123.35,75,165,2266170
BANKNIFTY-I.NFO,01/01/2025,09:21:52,51115,51115,135,51120.05,15,225,2266170
BANKNIFTY-I.NFO,01/01/2025,09:21:53,51108,51106.35,15,51110.25,15,990,2266170
BANKNIFTY-I.NFO,01/01/2025,09:21:55,51080,51077.35,15,51095.75,15,5085,2266170
BANKNIFTY-I.NFO,01/01/2025,09:21:55,51075.9,51077.35,15,51095.75,15,0,2266170
BANKNIFTY-I.NFO,01/01/2025,09:21:57,51075,51075,60,51084.55,15,405,2266170
BANKNIFTY-I.NFO,01/01/2025,09:21:57,51075,51075,60,51084.55,15,0,2266170
BANKNIFTY-I.NFO,01/01/2025,09:21:58,51071,51071,45,51072.95,60,360,2266170
BANKNIFTY-I.NFO,01/01/2025,09:21:58,51060,51071,45,51072.95,60,0,2266170
BANKNIFTY-I.NFO,01/01/2025,09:22:00,51061,51056.15,30,51061.65,15,345,2266170
BANKNIFTY-I.NFO,01/01/2025,09:22:02,51056.5,51056,120,51069.35,30,885,2266170
BANKNIFTY-I.NFO,01/01/2025,09:22:02,51052.2,51056,120,51069.35,30,0,2266170
BANKNIFTY-I.NFO,01/01/2025,09:22:03,51055,51055,45,51055.95,105,150,2266170
BANKNIFTY-I.NFO,01/01/2025,09:22:03,51052.15,51055,45,51055.95,105,0,2266170
BANKNIFTY-I.NFO,01/01/2025,09:22:05,51054.95,51041,300,51055.6,105,1140,2266170
BANKNIFTY-I.NFO,01/01/2025,09:22:05,51048,51041,300,51055.6,105,0,2266170
BANKNIFTY-I.NFO,01/01/2025,09:22:07,51040.25,51040.25,15,51044,75,495,2266170
BANKNIFTY-I.NFO,01/01/2025,09:22:07,51033,51040.25,15,51044,75,0,2266170
BANKNIFTY-I.NFO,01/01/2025,09:22:08,51044.9,51040,15,51044.9,90,495,2266170
BANKNIFTY-I.NFO,01/01/2025,09:22:10,51058.9,51051,15,51056.05,135,375,2266170
BANKNIFTY-I.NFO,01/01/2025,09:22:12,51045,51045,60,51050,15,165,2266170
BANKNIFTY-I.NFO,01/01/2025,09:22:13,51055.95,51048.9,15,51061.65,15,135,2266170
BANKNIFTY-I.NFO,01/01/2025,09:22:15,51056,51045.05,60,51056.05,15,75,2266170
BANKNIFTY-I.NFO,01/01/2025,09:22:17,51055,51045.05,60,51055,870,105,2266170
BANKNIFTY-I.NFO,01/01/2025,09:22:18,51047.85,51051,15,51055,810,180,2266170
BANKNIFTY-I.NFO,01/01/2025,09:22:20,51055,51050,150,51055,690,135,2266170
BANKNIFTY-I.NFO,01/01/2025,09:22:22,51055,51051,150,51055,525,180,2266170
BANKNIFTY-I.NFO,01/01/2025,09:22:23,51053.95,51051,75,51053.95,420,210,2266170
BANKNIFTY-I.NFO,01/01/2025,09:22:25,51058.3,51058.25,120,51072.9,60,1095,2266170
BANKNIFTY-I.NFO,01/01/2025,09:22:27,51072.95,51060.65,120,51072.95,15,30,2266170
BANKNIFTY-I.NFO,01/01/2025,09:22:28,51072.95,51073,120,51079,30,135,2266170
BANKNIFTY-I.NFO,01/01/2025,09:22:30,51085.35,51072.95,135,51085.35,15,165,2266170
BANKNIFTY-I.NFO,01/01/2025,09:22:32,51085.65,51073,120,51088.65,45,30,2266170
BANKNIFTY-I.NFO,01/01/2025,09:22:33,51079.2,51072.95,30,51077.55,15,135,2266170
BANKNIFTY-I.NFO,01/01/2025,09:22:35,51091,51079.2,120,51097.3,60,195,2266170
BANKNIFTY-I.NFO,01/01/2025,09:22:37,51093,51079,60,51092.7,75,180,2266170
BANKNIFTY-I.NFO,01/01/2025,09:22:38,51092.25,51079.05,120,51094.25,45,135,2266170
BANKNIFTY-I.NFO,01/01/2025,09:22:40,51079,51080.1,15,51088.3,75,15,2266170
BANKNIFTY-I.NFO,01/01/2025,09:22:42,51087.1,51080.1,15,51086.4,60,15,2266170
BANKNIFTY-I.NFO,01/01/2025,09:22:43,51078.9,51078.95,15,51085.9,30,270,2266170
BANKNIFTY-I.NFO,01/01/2025,09:22:45,51087,51079,15,51087.3,60,60,2266170
BANKNIFTY-I.NFO,01/01/2025,09:22:47,51082.45,51078,15,51082.7,75,45,2266170
BANKNIFTY-I.NFO,01/01/2025,09:22:48,51080,51078,15,51085.05,75,45,2266170
BANKNIFTY-I.NFO,01/01/2025,09:22:50,51089.15,51072.75,120,51089.6,30,120,2266170
BANKNIFTY-I.NFO,01/01/2025,09:22:52,51090.05,51081,15,51090.4,15,120,2266170
BANKNIFTY-I.NFO,01/01/2025,09:22:53,51083.85,51080.05,15,51083.9,60,75,2266170
BANKNIFTY-I.NFO,01/01/2025,09:22:55,51090.9,51084.9,105,51091.55,15,30,2266170
BANKNIFTY-I.NFO,01/01/2025,09:22:56,51086.7,51084.95,15,51092.85,60,15,2266170
BANKNIFTY-I.NFO,01/01/2025,09:22:58,51084.95,51084.95,120,51099,45,90,2266170
BANKNIFTY-I.NFO,01/01/2025,09:23:00,51095,51095,2385,51100,15,135,2266170
BANKNIFTY-I.NFO,01/01/2025,09:23:01,51095,51100,45,51102.1,15,210,2266170
BANKNIFTY-I.NFO,01/01/2025,09:23:03,51100,51096,15,51105.5,15,105,2266170
BANKNIFTY-I.NFO,01/01/2025,09:23:05,51098.05,51095.1,75,51100.35,60,480,2266170
BANKNIFTY-I.NFO,01/01/2025,09:23:06,51100,51095.2,15,51099.8,60,45,2266170
BANKNIFTY-I.NFO,01/01/2025,09:23:08,51085,51084.95,15,51085,90,2205,2266170
BANKNIFTY-I.NFO,01/01/2025,09:23:10,51088.1,51085,30,51088.1,75,270,2266170
BANKNIFTY-I.NFO,01/01/2025,09:23:11,51081.8,51080,195,51084.05,30,75,2266170
BANKNIFTY-I.NFO,01/01/2025,09:23:13,51080.55,51075,90,51080.55,45,360,2266170
BANKNIFTY-I.NFO,01/01/2025,09:23:15,51086.8,51075.8,15,51088.5,30,135,2266170
BANKNIFTY-I.NFO,01/01/2025,09:23:16,51081.65,51081.7,120,51093.1,15,30,2266170
BANKNIFTY-I.NFO,01/01/2025,09:23:18,51086.75,51081.7,15,51086.75,45,120,2266170
BANKNIFTY-I.NFO,01/01/2025,09:23:20,51088.55,51081.7,15,51084.1,15,60,2266170
BANKNIFTY-I.NFO,01/01/2025,09:23:21,51081.7,51081.65,75,51089.85,120,75,2266170
BANKNIFTY-I.NFO,01/01/2025,09:23:23,51085.85,51081.65,75,51086.2,60,150,2266170
BANKNIFTY-I.NFO,01/01/2025,09:23:25,51091.3,51081.7,15,51091.2,60,105,2266170
BANKNIFTY-I.NFO,01/01/2025,09:23:26,51087.4,51081.65,60,51088.55,60,105,2266170
BANKNIFTY-I.NFO,01/01/2025,09:23:28,51081.65,51086.6,75,51088.55,15,30,2266170
BANKNIFTY-I.NFO,01/01/2025,09:23:30,51086.6,51086.55,30,51088.1,15,105,2266170
BANKNIFTY-I.NFO,01/01/2025,09:23:31,51083.95,51088.2,210,51088.55,15,30,2266170
BANKNIFTY-I.NFO,01/01/2025,09:23:33,51091,51088.2,150,51091,900,105,2266170
BANKNIFTY-I.NFO,01/01/2025,09:23:35,51086.25,51086.25,45,51091,885,240,2266170
BANKNIFTY-I.NFO,01/01/2025,09:23:36,51091,51088.15,15,51091,870,45,2266170
BANKNIFTY-I.NFO,01/01/2025,09:23:38,51088.1,51088.1,750,51091,825,180,2266170
BANKNIFTY-I.NFO,01/01/2025,09:23:40,51088.1,51088.55,15,51091,810,45,2266170
BANKNIFTY-I.NFO,01/01/2025,09:23:41,51088.55,51088.1,720,51091,780,45,2266170
BANKNIFTY-I.NFO,01/01/2025,09:23:43,51088.1,51088.1,705,51091,705,105,2266170
BANKNIFTY-I.NFO,01/01/2025,09:23:45,51091,51088.55,75,51091,675,30,2266170
BANKNIFTY-I.NFO,01/01/2025,09:23:46,51086.15,51081.7,120,51086.15,60,810,2266170
BANKNIFTY-I.NFO,01/01/2025,09:23:48,51093.45,51081.65,60,51086.15,15,105,2266170
BANKNIFTY-I.NFO,01/01/2025,09:23:50,51091,51091,105,51093.45,15,150,2266170
BANKNIFTY-I.NFO,01/01/2025,09:23:51,51091.05,51081.9,105,51091,15,135,2266170
BANKNIFTY-I.NFO,01/01/2025,09:23:53,51081.7,51081.7,90,51088.55,60,45,2266170
BANKNIFTY-I.NFO,01/01/2025,09:23:55,51085,51086,60,51099.75,15,105,2266170
BANKNIFTY-I.NFO,01/01/2025,09:23:56,51086.2,51081.7,45,51095.95,15,15,2266170
BANKNIFTY-I.NFO,01/01/2025,09:23:58,51087.4,51087.4,30,51099.75,15,15,2266170
BANKNIFTY-I.NFO,01/01/2025,09:24:00,51081.7,51081.75,15,51095.85,120,165,2266170
BANKNIFTY-I.NFO,01/01/2025,09:24:01,51081.7,51081.7,165,51089.65,120,45,2266170
BANKNIFTY-I.NFO,01/01/2025,09:24:03,51090.55,51081.7,75,51089.6,180,180,2266170
BANKNIFTY-I.NFO,01/01/2025,09:24:05,51088.75,51081.7,75,51089.15,60,15,2266170
BANKNIFTY-I.NFO,01/01/2025,09:24:06,51082,51081.7,75,51088,60,30,2266170
BANKNIFTY-I.NFO,01/01/2025,09:24:08,51084.35,51084.35,30,51087.55,60,105,2266170
BANKNIFTY-I.NFO,01/01/2025,09:24:10,51087.95,51085.05,15,51095.5,120,15,2266170
BANKNIFTY-I.NFO,01/01/2025,09:24:11,51085.05,51093.7,15,51095.8,120,30,2266170
BANKNIFTY-I.NFO,01/01/2025,09:24:13,51090.95,51086.15,120,51090.75,105,90,2266170
BANKNIFTY-I.NFO,01/01/2025,09:24:15,51089.95,51086.15,105,51092.6,60,30,2266170
BANKNIFTY-I.NFO,01/01/2025,09:24:16,51086.6,51085,15,51087.65,60,210,2266170
BANKNIFTY-I.NFO,01/01/2025,09:24:18,51085.6,51082,15,51085.8,15,75,2266170
BANKNIFTY-I.NFO,01/01/2025,09:24:20,51082,51081.7,45,51085.5,60,60,2266170
BANKNIFTY-I.NFO,01/01/2025,09:24:22,51080,51080,105,51081.5,30,465,2266170
BANKNIFTY-I.NFO,01/01/2025,09:24:23,51070.9,51070.9,120,51082.05,15,315,2266170
BANKNIFTY-I.NFO,01/01/2025,09:24:25,51075,51075,15,51085.65,15,765,2266170
BANKNIFTY-I.NFO,01/01/2025,09:24:27,51082.05,51075,15,51086.55,15,30,2271420
BANKNIFTY-I.NFO,01/01/2025,09:24:28,51088.4,51082.05,120,51088.1,60,15,2271420
BANKNIFTY-I.NFO,01/01/2025,09:24:30,51082.05,51082.05,75,51091.15,60,45,2271420
BANKNIFTY-I.NFO,01/01/2025,09:24:32,51082.05,51082.05,60,51091.7,75,30,2271420
BANKNIFTY-I.NFO,01/01/2025,09:24:33,51082.05,51082.05,45,51091.7,75,30,2271420
BANKNIFTY-I.NFO,01/01/2025,09:24:35,51091.7,51082.05,30,51091.7,75,45,2271420
BANKNIFTY-I.NFO,01/01/2025,09:24:37,51086.05,51082.05,15,51085.15,60,60,2271420
BANKNIFTY-I.NFO,01/01/2025,09:24:38,51087,51082.05,30,51086.55,30,30,2271420
BANKNIFTY-I.NFO,01/01/2025,09:24:40,51082.05,51082.05,15,51089,60,90,2271420
BANKNIFTY-I.NFO,01/01/2025,09:24:42,51087.3,51075,60,51086.85,75,45,2271420
BANKNIFTY-I.NFO,01/01/2025,09:24:43,51086.85,51075,60,51086.85,75,15,2271420
BANKNIFTY-I.NFO,01/01/2025,09:24:45,51086.85,51076.25,120,51088.15,75,0,2271420
BANKNIFTY-I.NFO,01/01/2025,09:24:47,51087.3,51081.45,120,51094.5,75,30,2271420
BANKNIFTY-I.NFO,01/01/2025,09:24:48,51086.65,51086.95,120,51098.95,75,45,2271420
BANKNIFTY-I.NFO,01/01/2025,09:24:50,51086.85,51089.5,120,51099,60,30,2271420
BANKNIFTY-I.NFO,01/01/2025,09:24:52,51097.7,51099.4,120,51110,15,195,2271420
BANKNIFTY-I.NFO,01/01/2025,09:24:53,51099.4,51095.45,15,51105,15,30,2271420
BANKNIFTY-I.NFO,01/01/2025,09:24:55,51106.65,51093.35,15,51106.65,75,60,2271420
BANKNIFTY-I.NFO,01/01/2025,09:24:57,51097.7,51088.75,120,51097.7,15,90,2271420
BANKNIFTY-I.NFO,01/01/2025,09:24:58,51097.7,51087,15,51097.95,75,15,2271420
BANKNIFTY-I.NFO,01/01/2025,09:25:00,51093.65,51087,15,51095.95,75,15,2271420
BANKNIFTY-I.NFO,01/01/2025,09:25:02,51094.35,51083,45,51094.35,75,180,2271420
BANKNIFTY-I.NFO,01/01/2025,09:25:03,51080,51080.05,120,51094.2,120,165,2271420
BANKNIFTY-I.NFO,01/01/2025,09:25:05,51096.6,51085.9,15,51098.6,75,45,2271420
BANKNIFTY-I.NFO,01/01/2025,09:25:07,51086.1,51086,15,51101.1,60,195,2271420
BANKNIFTY-I.NFO,01/01/2025,09:25:08,51092.2,51083.25,90,51092.2,15,195,2271420
BANKNIFTY-I.NFO,01/01/2025,09:25:10,51097.7,51090,60,51099,120,225,2271420
BANKNIFTY-I.NFO,01/01/2025,09:25:12,51090,51092.2,15,51094.75,120,15,2271420
BANKNIFTY-I.NFO,01/01/2025,09:25:13,51092.2,51090,45,51094.85,75,120,2271420
BANKNIFTY-I.NFO,01/01/2025,09:25:15,51092.65,51080,120,51082,15,45,2271420
BANKNIFTY-I.NFO,01/01/2025,09:25:17,51089.55,51080,105,51089.8,15,45,2271420
BANKNIFTY-I.NFO,01/01/2025,09:25:18,51077.05,51077,15,51080,15,135,2271420
BANKNIFTY-I.NFO,01/01/2025,09:25:20,51094.9,51088.55,120,51100,75,45,2271420
BANKNIFTY-I.NFO,01/01/2025,09:25:22,51100,51097.7,30,51100,75,15,2271420
BANKNIFTY-I.NFO,01/01/2025,09:25:23,51097.7,51086.85,120,51100,60,45,2271420
BANKNIFTY-I.NFO,01/01/2025,09:25:25,51100,51083.6,120,51097.05,15,15,2271420
BANKNIFTY-I.NFO,01/01/2025,09:25:27,51088,51082.55,15,51094.75,15,120,2271420
BANKNIFTY-I.NFO,01/01/2025,09:25:28,51092.45,51082,15,51095,75,30,2271420
BANKNIFTY-I.NFO,01/01/2025,09:25:30,51087.35,51087.35,105,51095,75,15,2271420
BANKNIFTY-I.NFO,01/01/2025,09:25:32,51096.95,51084.65,15,51100,30,300,2271420
BANKNIFTY-I.NFO,01/01/2025,09:25:33,51080.1,51082.05,15,51097.5,15,180,2271420
BANKNIFTY-I.NFO,01/01/2025,09:25:35,51083.9,51085.95,15,51097.7,30,90,2271420
BANKNIFTY-I.NFO,01/01/2025,09:25:37,51097.7,51084.05,15,51099.05,15,45,2271420
BANKNIFTY-I.NFO,01/01/2025,09:25:38,51082.25,51097.05,120,51099.95,135,60,2271420
BANKNIFTY-I.NFO,01/01/2025,09:25:40,51097.05,51097.05,105,51099.95,150,15,2271420
BANKNIFTY-I.NFO,01/01/2025,09:25:42,51099.95,51097.05,60,51099.95,90,105,2271420
BANKNIFTY-I.NFO,01/01/2025,09:25:43,51097.05,51097.05,15,51099.95,90,45,2271420
BANKNIFTY-I.NFO,01/01/2025,09:25:45,51100,51095.15,30,51106.85,75,240,2271420
BANKNIFTY-I.NFO,01/01/2025,09:25:46,51097.75,51099.95,15,51106.9,120,135,2271420
BANKNIFTY-I.NFO,01/01/2025,09:25:48,51106.9,51097.05,15,51106.9,30,120,2271420
BANKNIFTY-I.NFO,01/01/2025,09:25:50,51106.85,51096.5,15,51106.9,30,225,2271420
BANKNIFTY-I.NFO,01/01/2025,09:25:51,51097.45,51100,15,51106.9,30,60,2271420
BANKNIFTY-I.NFO,01/01/2025,09:25:53,51114.45,51100.15,15,51112.35,15,330,2271420
BANKNIFTY-I.NFO,01/01/2025,09:25:55,51109.75,51106.9,15,51109.75,120,45,2271420
BANKNIFTY-I.NFO,01/01/2025,09:25:56,51104.05,51096.9,120,51108,15,120,2271420
BANKNIFTY-I.NFO,01/01/2025,09:25:58,51100,51100.15,120,51108,15,30,2271420
BANKNIFTY-I.NFO,01/01/2025,09:26:00,51108,51100,45,51106.3,75,45,2271420
BANKNIFTY-I.NFO,01/01/2025,09:26:01,51100,51097.7,75,51110,15,135,2271420
BANKNIFTY-I.NFO,01/01/2025,09:26:03,51111.35,51097.7,60,51110.45,15,60,2271420
BANKNIFTY-I.NFO,01/01/2025,09:26:05,51100,51097.7,60,51111.75,15,15,2271420
BANKNIFTY-I.NFO,01/01/2025,09:26:06,51100,51110,15,51120,30,0,2271420
BANKNIFTY-I.NFO,01/01/2025,09:26:08,51115.05,51100,300,51113.7,15,75,2271420
BANKNIFTY-I.NFO,01/01/2025,09:26:10,51115.05,51102.85,45,51108,15,0,2271420
BANKNIFTY-I.NFO,01/01/2025,09:26:11,51110,51104.05,15,51119.1,45,90,2271420
BANKNIFTY-I.NFO,01/01/2025,09:26:13,51100.1,51101.65,45,51116.7,75,30,2271420
BANKNIFTY-I.NFO,01/01/2025,09:26:15,51104.1,51113.7,120,51124.15,150,195,2271420
BANKNIFTY-I.NFO,01/01/2025,09:26:16,51119.9,51115.05,15,51125.55,15,15,2271420
BANKNIFTY-I.NFO,01/01/2025,09:26:18,51115.05,51113.7,120,51123.25,45,15,2271420
BANKNIFTY-I.NFO,01/01/2025,09:26:20,51113.7,51113.8,75,51125.55,15,90,2271420
BANKNIFTY-I.NFO,01/01/2025,09:26:21,51120,51114.1,45,51120,15,15,2271420
BANKNIFTY-I.NFO,01/01/2025,09:26:23,51120,51113.9,75,51114.9,15,0,2271420
BANKNIFTY-I.NFO,01/01/2025,09:26:26,51114.9,51113.7,105,51115.8,15,15,2271420
BANKNIFTY-I.NFO,01/01/2025,09:26:28,51114.9,51113.7,90,51117.3,15,60,2271420
BANKNIFTY-I.NFO,01/01/2025,09:26:30,51116.2,51101.25,15,51113.7,750,150,2271420
BANKNIFTY-I.NFO,01/01/2025,09:26:32,51101,51101,45,51113.3,75,45,2271420
BANKNIFTY-I.NFO,01/01/2025,09:26:33,51097.7,51090.4,15,51097.7,105,615,2271420
BANKNIFTY-I.NFO,01/01/2025,09:26:35,51084.75,51086.65,120,51102.2,60,135,2271420
BANKNIFTY-I.NFO,01/01/2025,09:26:37,51097.7,51097.7,45,51107.5,15,225,2271420
BANKNIFTY-I.NFO,01/01/2025,09:26:38,51106.45,51097.7,30,51106.95,75,45,2271420
BANKNIFTY-I.NFO,01/01/2025,09:26:40,51107.7,51097.7,15,51107.35,75,75,2271420
BANKNIFTY-I.NFO,01/01/2025,09:26:42,51097.7,51094.35,45,51101,15,30,2271420
BANKNIFTY-I.NFO,01/01/2025,09:26:43,51097.7,51090.25,75,51101,15,0,2271420
BANKNIFTY-I.NFO,01/01/2025,09:26:45,51100,51092.25,45,51101,15,15,2271420
BANKNIFTY-I.NFO,01/01/2025,09:26:46,51101,51093.4,120,51106.65,15,15,2271420
BANKNIFTY-I.NFO,01/01/2025,09:26:48,51106.65,51094.05,120,51107.5,30,15,2271420
BANKNIFTY-I.NFO,01/01/2025,09:26:50,51094.55,51093.4,120,51107,15,30,2271420
BANKNIFTY-I.NFO,01/01/2025,09:26:51,51093.05,51095,15,51106,30,15,2271420
BANKNIFTY-I.NFO,01/01/2025,09:26:53,51106,51095,15,51105.45,15,15,2271420
BANKNIFTY-I.NFO,01/01/2025,09:26:54,51100.9,51096.8,120,51101,30,30,2271420
BANKNIFTY-I.NFO,01/01/2025,09:26:56,51095,51105.45,45,51107,15,345,2271420
BANKNIFTY-I.NFO,01/01/2025,09:26:58,51104.8,51104.8,30,51113.7,750,225,2271420
BANKNIFTY-I.NFO,01/01/2025,09:26:59,51113.7,51107.5,15,51113.45,15,30,2271420
BANKNIFTY-I.NFO,01/01/2025,09:27:01,51105,51103.95,30,51113.7,735,45,2271420
BANKNIFTY-I.NFO,01/01/2025,09:27:03,51107,51105.55,30,51113.7,705,45,2271420
BANKNIFTY-I.NFO,01/01/2025,09:27:04,51107,51103.75,30,51113.7,705,0,2271420
BANKNIFTY-I.NFO,01/01/2025,09:27:06,51107,51104.85,30,51113.7,705,0,2271420
BANKNIFTY-I.NFO,01/01/2025,09:27:07,51104.85,51104.85,15,51113.7,630,90,2271420
BANKNIFTY-I.NFO,01/01/2025,09:27:09,51113.7,51103.75,15,51113.7,600,45,2271420
BANKNIFTY-I.NFO,01/01/2025,09:27:11,51113.7,51103.25,15,51113.7,510,330,2271420
BANKNIFTY-I.NFO,01/01/2025,09:27:12,51113.7,51103.15,15,51113.7,465,75,2271420
BANKNIFTY-I.NFO,01/01/2025,09:27:14,51103.1,51103.05,15,51113.7,480,30,2271420
BANKNIFTY-I.NFO,01/01/2025,09:27:16,51103.1,51107,30,51113.7,480,0,2271420
BANKNIFTY-I.NFO,01/01/2025,09:27:17,51108.55,51108.4,15,51119.95,15,585,2271420
BANKNIFTY-I.NFO,01/01/2025,09:27:19,51108.3,51107.05,15,51120,90,45,2271420
BANKNIFTY-I.NFO,01/01/2025,09:27:21,51121,51111.95,30,51125,375,105,2271420
BANKNIFTY-I.NFO,01/01/2025,09:27:22,51115.35,51115.95,60,51125,315,90,2271420
BANKNIFTY-I.NFO,01/01/2025,09:27:24,51115.35,51113.8,60,51125,315,0,2271420
BANKNIFTY-I.NFO,01/01/2025,09:27:26,51114.9,51115.05,60,51124,15,30,2271420
BANKNIFTY-I.NFO,01/01/2025,09:27:27,51125,51114.55,60,51125,330,60,2273010
BANKNIFTY-I.NFO,01/01/2025,09:27:29,51120,51115,300,51125,315,90,2273010
BANKNIFTY-I.NFO,01/01/2025,09:27:31,51125,51116,60,51125,240,90,2273010
BANKNIFTY-I.NFO,01/01/2025,09:27:32,51118.9,51118.7,60,51130.55,15,420,2273010
BANKNIFTY-I.NFO,01/01/2025,09:27:34,51119.95,51118.25,45,51130.55,15,15,2273010
BANKNIFTY-I.NFO,01/01/2025,09:27:36,51143.95,51142,45,51143.95,120,210,2273010
BANKNIFTY-I.NFO,01/01/2025,09:27:37,51142,51131,15,51143.95,120,150,2273010
BANKNIFTY-I.NFO,01/01/2025,09:27:39,51125.95,51126.1,30,51138,105,105,2273010
BANKNIFTY-I.NFO,01/01/2025,09:27:41,51127.9,51125.85,285,51140.2,120,150,2273010
BANKNIFTY-I.NFO,01/01/2025,09:27:42,51127.9,51126.75,45,51138,210,75,2273010
BANKNIFTY-I.NFO,01/01/2025,09:27:44,51127.85,51127.85,285,51138,105,120,2273010
BANKNIFTY-I.NFO,01/01/2025,09:27:46,51138,51125.45,15,51138,75,45,2273010
BANKNIFTY-I.NFO,01/01/2025,09:27:47,51127.9,51128.05,90,51138,45,45,2273010
BANKNIFTY-I.NFO,01/01/2025,09:27:49,51130.05,51130,300,51135.9,15,105,2273010
BANKNIFTY-I.NFO,01/01/2025,09:27:51,51130,51130,285,51134.3,120,60,2273010
BANKNIFTY-I.NFO,01/01/2025,09:27:52,51136,51130,270,51136.35,75,105,2273010
BANKNIFTY-I.NFO,01/01/2025,09:27:54,51130,51130,240,51136.85,75,30,2273010
BANKNIFTY-I.NFO,01/01/2025,09:27:56,51127.9,51125,255,51127.9,90,300,2273010
BANKNIFTY-I.NFO,01/01/2025,09:27:57,51125,51120,30,51125.3,30,255,2273010
BANKNIFTY-I.NFO,01/01/2025,09:27:59,51110,51107.7,15,51122.35,15,120,2273010
BANKNIFTY-I.NFO,01/01/2025,09:28:01,51107.7,51107,30,51107.7,15,135,2273010
BANKNIFTY-I.NFO,01/01/2025,09:28:02,51107,51100.15,120,51107,15,165,2273010
BANKNIFTY-I.NFO,01/01/2025,09:28:04,51112.4,51100.6,120,51113.2,15,45,2273010
BANKNIFTY-I.NFO,01/01/2025,09:28:06,51112.4,51101.25,120,51113.2,15,0,2273010
BANKNIFTY-I.NFO,01/01/2025,09:28:07,51112.4,51101.95,120,51113.2,15,0,2273010
BANKNIFTY-I.NFO,01/01/2025,09:28:09,51117.55,51101.3,120,51116.7,45,150,2273010
BANKNIFTY-I.NFO,01/01/2025,09:28:11,51101.05,51101,15,51110,30,45,2273010
BANKNIFTY-I.NFO,01/01/2025,09:28:12,51110,51107.4,120,51120,15,60,2273010
BANKNIFTY-I.NFO,01/01/2025,09:28:14,51109,51109.65,120,51122.05,30,30,2273010
BANKNIFTY-I.NFO,01/01/2025,09:28:15,51105.7,51109.15,105,51122.75,15,45,2273010
BANKNIFTY-I.NFO,01/01/2025,09:28:17,51104.25,51104.25,105,51121.2,15,105,2273010
BANKNIFTY-I.NFO,01/01/2025,09:28:19,51104.25,51104.9,60,51118.9,45,0,2273010
BANKNIFTY-I.NFO,01/01/2025,09:28:20,51104.25,51118.95,90,51121.45,120,0,2273010
BANKNIFTY-I.NFO,01/01/2025,09:28:22,51118.95,51118.95,15,51123.55,15,75,2273010
BANKNIFTY-I.NFO,01/01/2025,09:28:24,51123,51105.3,75,51120.15,15,45,2273010
BANKNIFTY-I.NFO,01/01/2025,09:28:25,51105.3,51108.95,60,51122.55,45,15,2273010
BANKNIFTY-I.NFO,01/01/2025,09:28:27,51105.3,51108.9,15,51118.8,15,0,2273010
BANKNIFTY-I.NFO,01/01/2025,09:28:29,51118,51108.9,15,51118.05,15,45,2273010
BANKNIFTY-I.NFO,01/01/2025,09:28:30,51119.2,51105.35,75,51120.4,15,45,2273010
BANKNIFTY-I.NFO,01/01/2025,09:28:32,51119.2,51105.45,120,51121.05,15,0,2273010
BANKNIFTY-I.NFO,01/01/2025,09:28:34,51119.2,51105.4,30,51117.25,120,0,2273010
BANKNIFTY-I.NFO,01/01/2025,09:28:35,51119.2,51105.3,15,51116.45,120,0,2273010
BANKNIFTY-I.NFO,01/01/2025,09:28:37,51119.2,51105.3,15,51116.2,45,0,2273010
BANKNIFTY-I.NFO,01/01/2025,09:28:39,51118.4,51105.3,15,51118,120,15,2273010
BANKNIFTY-I.NFO,01/01/2025,09:28:40,51105.3,51105,30,51117.75,120,30,2273010
BANKNIFTY-I.NFO,01/01/2025,09:28:42,51105.3,51107,90,51119.35,15,0,2273010
BANKNIFTY-I.NFO,01/01/2025,09:28:44,51104.2,51103.95,45,51117.7,120,1125,2273010
BANKNIFTY-I.NFO,01/01/2025,09:28:45,51103.8,51104.1,30,51118.65,120,75,2273010
BANKNIFTY-I.NFO,01/01/2025,09:28:47,51118.65,51104.05,30,51117.75,120,15,2273010
BANKNIFTY-I.NFO,01/01/2025,09:28:48,51108,51108,15,51113,120,15,2273010
BANKNIFTY-I.NFO,01/01/2025,09:28:50,51102.8,51101,15,51107.9,15,75,2273010
BANKNIFTY-I.NFO,01/01/2025,09:28:52,51101,51100.6,15,51107.9,15,45,2273010
BANKNIFTY-I.NFO,01/01/2025,09:28:53,51101,51100.6,15,51107.9,15,0,2273010
BANKNIFTY-I.NFO,01/01/2025,09:28:57,51108.5,51103.35,75,51108.5,15,30,2273010
BANKNIFTY-I.NFO,01/01/2025,09:28:58,51106.9,51106.9,60,51120,45,90,2273010
BANKNIFTY-I.NFO,01/01/2025,09:29:00,51106.9,51108.15,45,51120,30,30,2273010
BANKNIFTY-I.NFO,01/01/2025,09:29:02,51106.65,51106.05,45,51120,30,975,2273010
BANKNIFTY-I.NFO,01/01/2025,09:29:03,51107,51106,30,51115.75,45,15,2273010
BANKNIFTY-I.NFO,01/01/2025,09:29:05,51107,51101,45,51114.5,120,0,2273010
BANKNIFTY-I.NFO,01/01/2025,09:29:07,51115.3,51101.05,15,51114.55,15,105,2273010
BANKNIFTY-I.NFO,01/01/2025,09:29:08,51115.3,51101.05,15,51114.45,45,0,2273010
BANKNIFTY-I.NFO,01/01/2025,09:29:10,51115.3,51101,30,51112.5,15,0,2273010
BANKNIFTY-I.NFO,01/01/2025,09:29:11,51115.3,51101,90,51110.8,15,0,2273010
BANKNIFTY-I.NFO,01/01/2025,09:29:13,51115.3,51101,90,51109.65,15,0,2273010
BANKNIFTY-I.NFO,01/01/2025,09:29:15,51115.3,51101.3,15,51114.75,15,0,2273010
BANKNIFTY-I.NFO,01/01/2025,09:29:16,51110,51109.65,15,51110,15,15,2273010
BANKNIFTY-I.NFO,01/01/2025,09:29:18,51101.3,51101.05,75,51110,15,45,2273010
BANKNIFTY-I.NFO,01/01/2025,09:29:20,51101.1,51101.05,75,51110,15,15,2273010
BANKNIFTY-I.NFO,01/01/2025,09:29:21,51101.1,51101.05,75,51110,15,0,2273010
BANKNIFTY-I.NFO,01/01/2025,09:29:23,51110,51101.05,75,51111.75,120,15,2273010
BANKNIFTY-I.NFO,01/01/2025,09:29:25,51110,51101.3,15,51109.35,15,0,2273010
BANKNIFTY-I.NFO,01/01/2025,09:29:26,51109.8,51101.3,15,51110,270,15,2273010
BANKNIFTY-I.NFO,01/01/2025,09:29:28,51109.8,51101.3,15,51104.7,15,0,2273010
BANKNIFTY-I.NFO,01/01/2025,09:29:31,51109.8,51101.3,15,51104.65,15,0,2273010
BANKNIFTY-I.NFO,01/01/2025,09:29:33,51101,51101,75,51104.65,15,105,2273010
BANKNIFTY-I.NFO,01/01/2025,09:29:35,51104.4,51101,60,51104.45,15,30,2273010
BANKNIFTY-I.NFO,01/01/2025,09:29:36,51101,51101,30,51104.65,15,75,2273010
BANKNIFTY-I.NFO,01/01/2025,09:29:38,51101,51101.1,15,51104.65,15,0,2273010
BANKNIFTY-I.NFO,01/01/2025,09:29:40,51101.1,51101,30,51104.4,30,30,2273010
BANKNIFTY-I.NFO,01/01/2025,09:29:41,51106,51105,15,51105.75,15,30,2273010
BANKNIFTY-I.NFO,01/01/2025,09:29:43,51101,51100.3,30,51102.65,15,60,2273010
BANKNIFTY-I.NFO,01/01/2025,09:29:45,51102.95,51100.3,30,51102.95,15,15,2273010
BANKNIFTY-I.NFO,01/01/2025,09:29:46,51102.95,51101,30,51105,270,0,2273010
BANKNIFTY-I.NFO,01/01/2025,09:29:48,51105,51102.95,15,51105,180,90,2273010
BANKNIFTY-I.NFO,01/01/2025,09:29:50,51105,51102.95,90,51105,180,0,2273010
BANKNIFTY-I.NFO,01/01/2025,09:29:53,51108.2,51106.05,45,51118.65,15,210,2273010
BANKNIFTY-I.NFO,01/01/2025,09:29:55,51104.05,51105.55,15,51118.65,15,270,2273010
BANKNIFTY-I.NFO,01/01/2025,09:29:56,51087.85,51087.9,15,51098.8,30,1575,2273010
BANKNIFTY-I.NFO,01/01/2025,09:29:58,51081.2,51087.85,30,51096.9,15,750,2273010
BANKNIFTY-I.NFO,01/01/2025,09:30:00,51096.9,51087.8,15,51098.95,45,30,2273010
BANKNIFTY-I.NFO,01/01/2025,09:30:01,51080,51080.25,60,51094.9,15,165,2273010
BANKNIFTY-I.NFO,01/01/2025,09:30:03,51080,51080,60,51087.9,15,15,2273010
BANKNIFTY-I.NFO,01/01/2025,09:30:05,51077.5,51077.25,15,51092.4,45,375,2273010
BANKNIFTY-I.NFO,01/01/2025,09:30:06,51076,51076,15,51089.25,45,390,2273010
BANKNIFTY-I.NFO,01/01/2025,09:30:08,51087.05,51075,105,51087.05,30,105,2273010
BANKNIFTY-I.NFO,01/01/2025,09:30:10,51087.2,51075,105,51087.8,45,30,2273010
BANKNIFTY-I.NFO,01/01/2025,09:30:11,51083.45,51075,105,51082.05,45,180,2273010
BANKNIFTY-I.NFO,01/01/2025,09:30:13,51076,51082.05,105,51085.75,15,75,2273010
BANKNIFTY-I.NFO,01/01/2025,09:30:15,51086.65,51082.05,105,51086.5,15,45,2273010
BANKNIFTY-I.NFO,01/01/2025,09:30:16,51082.05,51084.4,15,51096.8,15,90,2273010
BANKNIFTY-I.NFO,01/01/2025,09:30:18,51096.8,51089.95,15,51100.1,30,15,2273010
BANKNIFTY-I.NFO,01/01/2025,09:30:20,51096.8,51089.95,15,51100.1,30,0,2273010
BANKNIFTY-I.NFO,01/01/2025,09:30:21,51105.9,51090.25,30,51104.9,15,45,2273010
BANKNIFTY-I.NFO,01/01/2025,09:30:23,51083.15,51096.8,15,51103.35,45,750,2273010
BANKNIFTY-I.NFO,01/01/2025,09:30:24,51102.15,51100,105,51106.15,15,15,2273010
BANKNIFTY-I.NFO,01/01/2025,09:30:26,51105.3,51100,90,51108.8,15,30,2273010
BANKNIFTY-I.NFO,01/01/2025,09:30:28,51100,51102.05,45,51116.95,15,1095,2273970
BANKNIFTY-I.NFO,01/01/2025,09:30:29,51104.55,51104.55,30,51119.2,15,90,2273970
BANKNIFTY-I.NFO,01/01/2025,09:30:31,51108.2,51100,90,51109.7,45,45,2273970
BANKNIFTY-I.NFO,01/01/2025,09:30:33,51108.2,51100,90,51109.45,120,0,2273970
BANKNIFTY-I.NFO,01/01/2025,09:30:34,51108.2,51100,90,51113.1,120,0,2273970
BANKNIFTY-I.NFO,01/01/2025,09:30:36,51108.2,51100,90,51111,15,0,2273970
BANKNIFTY-I.NFO,01/01/2025,09:30:38,51108.2,51105.3,15,51113.2,15,0,2273970
BANKNIFTY-I.NFO,01/01/2025,09:30:39,51113.6,51112.8,90,51113.6,90,30,2273970
BANKNIFTY-I.NFO,01/01/2025,09:30:41,51113.6,51112.8,90,51113.6,45,45,2273970
BANKNIFTY-I.NFO,01/01/2025,09:30:43,51113.6,51113.2,45,51119.5,120,0,2273970
BANKNIFTY-I.NFO,01/01/2025,09:30:45,51112.8,51112.8,75,51117.75,120,60,2273970
BANKNIFTY-I.NFO,01/01/2025,09:30:46,51118.25,51112.8,75,51117.1,15,15,2273970
BANKNIFTY-I.NFO,01/01/2025,09:30:48,51116.7,51112.8,75,51113.2,195,15,2273970
BANKNIFTY-I.NFO,01/01/2025,09:30:50,51113.2,51112.8,75,51113.2,210,30,2273970
BANKNIFTY-I.NFO,01/01/2025,09:30:51,51113,51110,30,51113,60,120,2273970
BANKNIFTY-I.NFO,01/01/2025,09:30:53,51111.5,51110,30,51111.5,45,15,2273970
BANKNIFTY-I.NFO,01/01/2025,09:30:55,51110.75,51110,15,51113.2,45,60,2273970
BANKNIFTY-I.NFO,01/01/2025,09:30:56,51110.75,51110,15,51116.8,45,0,2273970
BANKNIFTY-I.NFO,01/01/2025,09:30:58,51117,51110,15,51117,15,30,2273970
BANKNIFTY-I.NFO,01/01/2025,09:31:00,51110,51108.2,15,51117.95,30,15,2273970
BANKNIFTY-I.NFO,01/01/2025,09:31:01,51110,51108.2,15,51117.95,30,0,2273970
BANKNIFTY-I.NFO,01/01/2025,09:31:03,51108.2,51107.1,30,51117.95,30,15,2273970
BANKNIFTY-I.NFO,01/01/2025,09:31:05,51108.2,51106.35,30,51117.95,30,0,2273970
BANKNIFTY-I.NFO,01/01/2025,09:31:06,51108.2,51106.3,30,51112.15,45,0,2273970
BANKNIFTY-I.NFO,01/01/2025,09:31:08,51101.4,51101.45,30,51112.15,15,60,2273970
BANKNIFTY-I.NFO,01/01/2025,09:31:10,51101.4,51108,15,51117.25,15,0,2273970
BANKNIFTY-I.NFO,01/01/2025,09:31:11,51117.9,51117.25,15,51117.95,75,15,2273970
BANKNIFTY-I.NFO,01/01/2025,09:31:13,51103.05,51101,15,51117.7,120,210,2273970
BANKNIFTY-I.NFO,01/01/2025,09:31:14,51103.05,51101.5,15,51117.05,75,0,2273970
BANKNIFTY-I.NFO,01/01/2025,09:31:16,51103.05,51103.2,15,51118,15,0,2273970
BANKNIFTY-I.NFO,01/01/2025,09:31:18,51118,51106.5,45,51119,15,15,2273970
BANKNIFTY-I.NFO,01/01/2025,09:31:19,51118,51106.45,30,51116.45,45,0,2273970
BANKNIFTY-I.NFO,01/01/2025,09:31:21,51118,51105.95,15,51119,15,0,2273970
BANKNIFTY-I.NFO,01/01/2025,09:31:23,51106,51106.65,15,51119,15,15,2273970
BANKNIFTY-I.NFO,01/01/2025,09:31:24,51123.95,51118,30,51120.65,120,165,2273970
BANKNIFTY-I.NFO,01/01/2025,09:31:26,51123.95,51119,30,51122,15,0,2273970
BANKNIFTY-I.NFO,01/01/2025,09:31:28,51123.95,51119,30,51121.85,120,0,2273970
BANKNIFTY-I.NFO,01/01/2025,09:31:29,51121.85,51119,30,51121.85,120,15,2273970
BANKNIFTY-I.NFO,01/01/2025,09:31:31,51119,51118,30,51120.2,120,30,2273970
BANKNIFTY-I.NFO,01/01/2025,09:31:33,51119,51118,30,51120.2,120,0,2273970
BANKNIFTY-I.NFO,01/01/2025,09:31:34,51118.1,51106.05,30,51118.1,105,90,2273970
BANKNIFTY-I.NFO,01/01/2025,09:31:36,51117.45,51103.05,15,51114.2,90,15,2273970
BANKNIFTY-I.NFO,01/01/2025,09:31:38,51116.2,51103.05,15,51115.95,75,15,2273970
BANKNIFTY-I.NFO,01/01/2025,09:31:39,51116.2,51110,15,51115.2,30,0,2273970
BANKNIFTY-I.NFO,01/01/2025,09:31:43,51115.2,51113,45,51115.2,15,15,2273970
BANKNIFTY-I.NFO,01/01/2025,09:31:44,51115.2,51113,45,51115.2,15,0,2273970
BANKNIFTY-I.NFO,01/01/2025,09:31:48,51114.7,51114.7,105,51116.4,90,60,2273970
BANKNIFTY-I.NFO,01/01/2025,09:31:49,51114.7,51114.7,105,51116.4,90,0,2273970
BANKNIFTY-I.NFO,01/01/2025,09:31:51,51114.7,51116.2,15,51116.4,90,15,2273970
BANKNIFTY-I.NFO,01/01/2025,09:31:53,51116.2,51115.1,15,51116.35,90,45,2273970
BANKNIFTY-I.NFO,01/01/2025,09:31:54,51116.35,51115.1,15,51116.35,15,75,2273970
BANKNIFTY-I.NFO,01/01/2025,09:31:56,51116.35,51114.7,90,51116.4,90,15,2273970
BANKNIFTY-I.NFO,01/01/2025,09:31:58,51116.35,51114.7,90,51116.4,90,0,2273970
BANKNIFTY-I.NFO,01/01/2025,09:31:59,51110,51104,15,51105.5,15,195,2273970
BANKNIFTY-I.NFO,01/01/2025,09:32:01,51095,51095,240,51097.65,75,510,2273970
BANKNIFTY-I.NFO,01/01/2025,09:32:03,51095,51090.9,15,51098.15,75,285,2273970
BANKNIFTY-I.NFO,01/01/2025,09:32:04,51090.9,51087.2,15,51095.8,15,15,2273970
BANKNIFTY-I.NFO,01/01/2025,09:32:06,51090.9,51087.2,15,51093.7,105,0,2273970
BANKNIFTY-I.NFO,01/01/2025,09:32:08,51093.65,51090,30,51093.65,75,15,2273970
BANKNIFTY-I.NFO,01/01/2025,09:32:09,51090,51087.2,15,51091.85,30,120,2273970
BANKNIFTY-I.NFO,01/01/2025,09:32:11,51091.3,51086,15,51091.8,15,30,2273970
BANKNIFTY-I.NFO,01/01/2025,09:32:13,51090.45,51086,15,51090.4,30,45,2273970
BANKNIFTY-I.NFO,01/01/2025,09:32:14,51086,51085,15,51087.45,15,30,2273970
BANKNIFTY-I.NFO,01/01/2025,09:32:16,51086,51085,15,51086.4,15,0,2273970
BANKNIFTY-I.NFO,01/01/2025,09:32:18,51085,51082.05,15,51083.8,60,45,2273970
BANKNIFTY-I.NFO,01/01/2025,09:32:19,51086.15,51080,180,51086.05,45,120,2273970
BANKNIFTY-I.NFO,01/01/2025,09:32:21,51080.2,51080,180,51080.2,30,30,2273970
BANKNIFTY-I.NFO,01/01/2025,09:32:23,51070,51070,15,51072.65,15,930,2273970
BANKNIFTY-I.NFO,01/01/2025,09:32:24,51057.3,51057.3,270,51065.55,60,1125,2273970
BANKNIFTY-I.NFO,01/01/2025,09:32:26,51065.3,51057.3,255,51066.55,15,195,2273970
BANKNIFTY-I.NFO,01/01/2025,09:32:28,51057.3,51057.3,240,51069.1,15,105,2273970
BANKNIFTY-I.NFO,01/01/2025,09:32:29,51057.3,51057.3,180,51066.15,60,60,2273970
BANKNIFTY-I.NFO,01/01/2025,09:32:31,51057.3,51057.3,150,51065.05,60,30,2273970
BANKNIFTY-I.NFO,01/01/2025,09:32:33,51064.95,51057.3,120,51063.1,60,135,2273970
BANKNIFTY-I.NFO,01/01/2025,09:32:34,51057.3,51057.3,60,51063.1,120,90,2273970
BANKNIFTY-I.NFO,01/01/2025,09:32:36,51063.1,51057.3,45,51063.1,90,75,2273970
BANKNIFTY-I.NFO,01/01/2025,09:32:38,51063.1,51056.55,150,51063.1,60,90,2273970
BANKNIFTY-I.NFO,01/01/2025,09:32:39,51061.85,51056.55,135,51061.85,90,75,2273970
BANKNIFTY-I.NFO,01/01/2025,09:32:41,51056.55,51056.55,120,51063.7,60,165,2273970
BANKNIFTY-I.NFO,01/01/2025,09:32:43,51063.3,51056.55,120,51063.7,60,15,2273970
BANKNIFTY-I.NFO,01/01/2025,09:32:44,51057,51056.55,120,51063.6,60,30,2273970
BANKNIFTY-I.NFO,01/01/2025,09:32:46,51064.1,51056.55,120,51066.4,60,45,2273970
BANKNIFTY-I.NFO,01/01/2025,09:32:48,51064.1,51057,15,51063.5,60,0,2273970
BANKNIFTY-I.NFO,01/01/2025,09:32:49,51064.3,51057,15,51064.3,30,120,2273970
BANKNIFTY-I.NFO,01/01/2025,09:32:51,51062.65,51057,15,51062.65,45,30,2273970
BANKNIFTY-I.NFO,01/01/2025,09:32:53,51051,51051,225,51052.05,60,1170,2273970
BANKNIFTY-I.NFO,01/01/2025,09:32:54,51053.9,51050.1,15,51053,60,570,2273970
BANKNIFTY-I.NFO,01/01/2025,09:32:56,51053.65,51050.1,15,51054.15,60,15,2273970
BANKNIFTY-I.NFO,01/01/2025,09:32:58,51040,51040,90,51042.7,60,1890,2273970
BANKNIFTY-I.NFO,01/01/2025,09:33:00,51040,51040,15,51041.45,60,75,2273970
BANKNIFTY-I.NFO,01/01/2025,09:33:01,51022,51020,30,51022,30,1770,2273970
BANKNIFTY-I.NFO,01/01/2025,09:33:01,51020,51020,30,51022,30,0,2273970
BANKNIFTY-I.NFO,01/01/2025,09:33:03,51015,51015.4,30,51021.9,90,525,2273970
BANKNIFTY-I.NFO,01/01/2025,09:33:03,51015,51015.4,30,51021.9,90,0,2273970
BANKNIFTY-I.NFO,01/01/2025,09:33:05,51020,51015.35,15,51020,15,90,2273970
BANKNIFTY-I.NFO,01/01/2025,09:33:06,51019.95,51015.3,30,51019.95,45,15,2273970
BANKNIFTY-I.NFO,01/01/2025,09:33:08,51022,51020,15,51022,120,270,2273970
BANKNIFTY-I.NFO,01/01/2025,09:33:10,51019.95,51020,30,51021.95,15,90,2273970
BANKNIFTY-I.NFO,01/01/2025,09:33:11,51028.1,51019.95,75,51027.6,15,180,2273970
BANKNIFTY-I.NFO,01/01/2025,09:33:13,51015.35,51019.9,30,51026,15,135,2273970
BANKNIFTY-I.NFO,01/01/2025,09:33:14,51027.95,51026.05,60,51029.45,15,30,2273970
BANKNIFTY-I.NFO,01/01/2025,09:33:16,51030,51026.05,60,51029.95,135,45,2273970
BANKNIFTY-I.NFO,01/01/2025,09:33:18,51026.05,51026.05,30,51027,15,45,2273970
BANKNIFTY-I.NFO,01/01/2025,09:33:19,51028.9,51028.85,15,51034.4,15,810,2273970
BANKNIFTY-I.NFO,01/01/2025,09:33:21,51030,51028.5,45,51040,30,60,2273970
BANKNIFTY-I.NFO,01/01/2025,09:33:23,51040,51028.9,15,51040.7,30,60,2273970
BANKNIFTY-I.NFO,01/01/2025,09:33:24,51036.5,51030,30,51037,120,45,2273970
BANKNIFTY-I.NFO,01/01/2025,09:33:26,51035.05,51034.4,15,51036.15,120,135,2273970
BANKNIFTY-I.NFO,01/01/2025,09:33:28,51034.4,51029,150,51034.4,435,60,2278710
BANKNIFTY-I.NFO,01/01/2025,09:33:29,51030.1,51030,30,51034.4,390,60,2278710
BANKNIFTY-I.NFO,01/01/2025,09:33:31,51029,51029,120,51030.8,105,165,2278710
BANKNIFTY-I.NFO,01/01/2025,09:33:33,51028.8,51027.95,180,51028.5,15,360,2278710
BANKNIFTY-I.NFO,01/01/2025,09:33:34,51028.15,51022,30,51028.7,120,525,2278710
BANKNIFTY-I.NFO,01/01/2025,09:33:36,51022,51022,15,51023.8,15,15,2278710
BANKNIFTY-I.NFO,01/01/2025,09:33:38,51022,51021.05,15,51022,810,105,2278710
BANKNIFTY-I.NFO,01/01/2025,09:33:39,50999.5,50993.3,30,50999.9,15,15120,2278710
BANKNIFTY-I.NFO,01/01/2025,09:33:39,50980.55,50993.3,30,50999.9,15,0,2278710
BANKNIFTY-I.NFO,01/01/2025,09:33:41,50981.6,50982.5,15,50998,15,1020,2278710
BANKNIFTY-I.NFO,01/01/2025,09:33:43,50991.7,50976.4,15,50993.3,30,915,2278710
BANKNIFTY-I.NFO,01/01/2025,09:33:43,50973.95,50976.4,15,50993.3,30,0,2278710
BANKNIFTY-I.NFO,01/01/2025,09:33:44,50989.4,50972.3,15,50988.6,15,1425,2278710
BANKNIFTY-I.NFO,01/01/2025,09:33:44,50969.5,50972.3,15,50988.6,15,0,2278710
BANKNIFTY-I.NFO,01/01/2025,09:33:46,50973.45,50972.6,15,50982.7,75,585,2278710
BANKNIFTY-I.NFO,01/01/2025,09:33:48,50982.7,50977.7,120,50988.6,15,255,2278710
BANKNIFTY-I.NFO,01/01/2025,09:33:49,50977.75,50977.7,165,50988.6,15,135,2278710
BANKNIFTY-I.NFO,01/01/2025,09:33:51,50982.8,50977.75,15,50986.65,45,150,2278710
BANKNIFTY-I.NFO,01/01/2025,09:33:53,50983.45,50986.85,15,50999.5,15,1035,2278710
BANKNIFTY-I.NFO,01/01/2025,09:33:54,50981,50981.25,15,50999.85,120,360,2278710
BANKNIFTY-I.NFO,01/01/2025,09:33:56,50988.6,50990,15,50999.7,15,30,2278710
BANKNIFTY-I.NFO,01/01/2025,09:33:58,50990,50990,15,50993.25,135,90,2278710
BANKNIFTY-I.NFO,01/01/2025,09:33:59,50990,50990,60,50993.25,120,285,2278710
BANKNIFTY-I.NFO,01/01/2025,09:34:01,50988.65,50987.55,30,50990,30,135,2278710
BANKNIFTY-I.NFO,01/01/2025,09:34:03,50984.2,50984.4,15,50996.65,15,375,2278710
BANKNIFTY-I.NFO,01/01/2025,09:34:04,50999.95,50990,15,50996.7,15,105,2278710
BANKNIFTY-I.NFO,01/01/2025,09:34:06,50999.25,50996.65,15,50999.6,15,195,2278710
BANKNIFTY-I.NFO,01/01/2025,09:34:08,50994,50994,15,50997.2,15,135,2278710
BANKNIFTY-I.NFO,01/01/2025,09:34:09,50995.5,50990,105,50994.35,15,30,2278710
BANKNIFTY-I.NFO,01/01/2025,09:34:11,50990.55,50986.1,30,50990.65,15,540,2278710
BANKNIFTY-I.NFO,01/01/2025,09:34:13,50993.75,50985,15,50993.8,135,195,2278710
BANKNIFTY-I.NFO,01/01/2025,09:34:14,50986,50986,15,50993.65,30,90,2278710
BANKNIFTY-I.NFO,01/01/2025,09:34:16,50991,50986,15,50993.7,15,15,2278710
BANKNIFTY-I.NFO,01/01/2025,09:34:18,50993.8,50986,15,50993.8,120,120,2278710
BANKNIFTY-I.NFO,01/01/2025,09:34:19,50985,50985,15,50993.5,75,90,2278710
BANKNIFTY-I.NFO,01/01/2025,09:34:21,50977,50975,60,50981,15,435,2278710
BANKNIFTY-I.NFO,01/01/2025,09:34:23,50971.65,50970,15,50971.65,30,195,2278710
BANKNIFTY-I.NFO,01/01/2025,09:34:24,50974.95,50969.95,15,50975,120,75,2278710
BANKNIFTY-I.NFO,01/01/2025,09:34:24,50967.75,50969.95,15,50975,120,0,2278710
BANKNIFTY-I.NFO,01/01/2025,09:34:26,50960,50959,15,50973.3,15,810,2278710
BANKNIFTY-I.NFO,01/01/2025,09:34:26,50959.5,50959,15,50973.3,15,0,2278710
BANKNIFTY-I.NFO,01/01/2025,09:34:28,50974.95,50960.2,15,50974.95,75,135,2278710
BANKNIFTY-I.NFO,01/01/2025,09:34:28,50959.05,50960.2,15,50974.95,75,0,2278710
BANKNIFTY-I.NFO,01/01/2025,09:34:29,50974.9,50969,15,50974.9,15,435,2278710
BANKNIFTY-I.NFO,01/01/2025,09:34:29,50956.25,50969,15,50974.9,15,0,2278710
BANKNIFTY-I.NFO,01/01/2025,09:34:31,50955,50955,90,50960,75,225,2278710
BANKNIFTY-I.NFO,01/01/2025,09:34:31,50955,50955,90,50960,75,0,2278710
BANKNIFTY-I.NFO,01/01/2025,09:34:33,50968.8,50960,30,50969,60,180,2278710
BANKNIFTY-I.NFO,01/01/2025,09:34:34,50956.2,50955.75,120,50968.95,15,135,2278710
BANKNIFTY-I.NFO,01/01/2025,09:34:36,50960.05,50960.05,15,50968.9,15,105,2278710
BANKNIFTY-I.NFO,01/01/2025,09:34:38,50955.05,50956.25,15,50969.85,45,360,2278710
BANKNIFTY-I.NFO,01/01/2025,09:34:39,50968.25,50973.05,15,50974.95,195,450,2278710
BANKNIFTY-I.NFO,01/01/2025,09:34:41,50974.9,50971.25,15,50974.9,30,210,2278710
BANKNIFTY-I.NFO,01/01/2025,09:34:43,50974.9,50965.4,120,50974.9,15,30,2278710
BANKNIFTY-I.NFO,01/01/2025,09:34:44,50975,50967.95,15,50975,105,210,2278710
BANKNIFTY-I.NFO,01/01/2025,09:34:46,50975,50975,45,50976,15,585,2278710
BANKNIFTY-I.NFO,01/01/2025,09:34:48,50975,50975,15,50976,15,30,2278710
BANKNIFTY-I.NFO,01/01/2025,09:34:49,50981.55,50976,75,50981.6,30,45,2278710
BANKNIFTY-I.NFO,01/01/2025,09:34:51,50985,50976,75,50985.6,15,270,2278710
BANKNIFTY-I.NFO,01/01/2025,09:34:53,50976,50976,60,50985.95,15,30,2278710
BANKNIFTY-I.NFO,01/01/2025,09:34:54,50986.6,50975,45,50986.6,90,180,2278710
BANKNIFTY-I.NFO,01/01/2025,09:34:56,50986.6,50981.55,255,50986.6,75,45,2278710
BANKNIFTY-I.NFO,01/01/2025,09:34:58,50990,50981.55,255,50993,30,165,2278710
BANKNIFTY-I.NFO,01/01/2025,09:34:59,50974.35,50974.35,15,50979,15,930,2278710
BANKNIFTY-I.NFO,01/01/2025,09:35:01,50979.05,50975,15,50979.65,30,840,2278710
BANKNIFTY-I.NFO,01/01/2025,09:35:03,50970,50960.65,15,50974,15,195,2278710
BANKNIFTY-I.NFO,01/01/2025,09:35:04,50965.05,50960.6,30,50971.3,60,90,2278710
BANKNIFTY-I.NFO,01/01/2025,09:35:06,50972.55,50960.55,15,50972.55,15,105,2278710
BANKNIFTY-I.NFO,01/01/2025,09:35:08,50949.75,50955,75,50966.1,165,4980,2278710
BANKNIFTY-I.NFO,01/01/2025,09:35:08,50949.75,50955,75,50966.1,165,0,2278710
BANKNIFTY-I.NFO,01/01/2025,09:35:10,50962,50966.05,45,50968.75,75,405,2278710
BANKNIFTY-I.NFO,01/01/2025,09:35:11,50968.75,50966.05,15,50968.75,90,60,2278710
BANKNIFTY-I.NFO,01/01/2025,09:35:13,50968.75,50958.95,15,50968.75,30,120,2278710
BANKNIFTY-I.NFO,01/01/2025,09:35:14,50957.45,50955.65,120,50968.75,30,90,2278710
BANKNIFTY-I.NFO,01/01/2025,09:35:16,50968,50955.7,120,50966.05,735,90,2278710
BANKNIFTY-I.NFO,01/01/2025,09:35:18,50966.05,50962.05,120,50966.05,660,105,2278710
BANKNIFTY-I.NFO,01/01/2025,09:35:19,50975,50974.9,15,50979.05,15,765,2278710
BANKNIFTY-I.NFO,01/01/2025,09:35:21,50971.8,50972.65,105,50981.55,15,105,2278710
BANKNIFTY-I.NFO,01/01/2025,09:35:23,50974.95,50969.9,105,50974.95,30,120,2278710
BANKNIFTY-I.NFO,01/01/2025,09:35:24,50988.35,50974.95,15,50988.35,120,150,2278710
BANKNIFTY-I.NFO,01/01/2025,09:35:26,50972,50968.9,30,50970,930,30,2278710
BANKNIFTY-I.NFO,01/01/2025,09:35:28,50968.95,50968.95,30,50970,915,30,2278710
BANKNIFTY-I.NFO,01/01/2025,09:35:29,50970,50972,30,50980,15,930,2278710
BANKNIFTY-I.NFO,01/01/2025,09:35:31,50981.75,50967.55,90,50981.55,120,90,2278710
BANKNIFTY-I.NFO,01/01/2025,09:35:33,50965.75,50970,30,50972,15,105,2278710
BANKNIFTY-I.NFO,01/01/2025,09:35:34,50972,50970,30,50971.95,15,15,2278710
BANKNIFTY-I.NFO,01/01/2025,09:35:36,50971.95,50971.95,75,50978.95,120,60,2278710
BANKNIFTY-I.NFO,01/01/2025,09:35:38,50978.95,50971.95,30,50978.95,105,60,2278710
BANKNIFTY-I.NFO,01/01/2025,09:35:39,50978.95,50971.95,45,50978.95,75,30,2278710
BANKNIFTY-I.NFO,01/01/2025,09:35:41,50978.95,50971.95,45,50979,150,15,2278710
BANKNIFTY-I.NFO,01/01/2025,09:35:43,50978.85,50971.95,45,50978.15,150,60,2278710
BANKNIFTY-I.NFO,01/01/2025,09:35:44,50971.95,50971.95,15,50978.2,30,300,2278710
BANKNIFTY-I.NFO,01/01/2025,09:35:46,50978.9,50971.95,15,50976.65,15,45,2278710
BANKNIFTY-I.NFO,01/01/2025,09:35:48,50970,50970,75,50976.65,15,45,2278710
BANKNIFTY-I.NFO,01/01/2025,09:35:49,50979,50970,75,50979,90,75,2278710
BANKNIFTY-I.NFO,01/01/2025,09:35:51,50971.95,50971,15,50976.85,150,15,2278710
BANKNIFTY-I.NFO,01/01/2025,09:35:53,50971,50970,90,50976.85,75,105,2278710
BANKNIFTY-I.NFO,01/01/2025,09:35:54,50965.75,50965.75,15,50973.15,15,570,2278710
BANKNIFTY-I.NFO,01/01/2025,09:35:56,50974.45,50959.55,120,50974.45,15,660,2278710
BANKNIFTY-I.NFO,01/01/2025,09:35:58,50971.4,50957.2,120,50971.45,15,135,2278710
BANKNIFTY-I.NFO,01/01/2025,09:35:59,50972.95,50965,30,50972.95,15,105,2278710
BANKNIFTY-I.NFO,01/01/2025,09:36:01,50957.45,50957.45,120,50968.95,30,75,2278710
BANKNIFTY-I.NFO,01/01/2025,09:36:03,50957.15,50957.15,15,50967.35,30,90,2278710
BANKNIFTY-I.NFO,01/01/2025,09:36:04,50964.05,50955,75,50964.05,150,525,2278710
BANKNIFTY-I.NFO,01/01/2025,09:36:06,50960,50960,75,50969.8,90,225,2278710
BANKNIFTY-I.NFO,01/01/2025,09:36:08,50967.4,50955,75,50956.75,30,195,2278710
BANKNIFTY-I.NFO,01/01/2025,09:36:09,50968.65,50956.75,15,50968.65,15,75,2278710
BANKNIFTY-I.NFO,01/01/2025,09:36:11,50968.65,50965,75,50970,15,45,2278710
BANKNIFTY-I.NFO,01/01/2025,09:36:13,50965,50960,150,50968.3,75,75,2278710
BANKNIFTY-I.NFO,01/01/2025,09:36:14,50967.6,50960,150,50968.7,15,495,2278710
BANKNIFTY-I.NFO,01/01/2025,09:36:16,50965.75,50955,90,50967.1,15,360,2278710
BANKNIFTY-I.NFO,01/01/2025,09:36:18,50965.75,50957.4,15,50967.05,15,0,2278710
BANKNIFTY-I.NFO,01/01/2025,09:36:19,50960,50957.35,15,50965,15,45,2278710
BANKNIFTY-I.NFO,01/01/2025,09:36:21,50969.95,50960,15,50969.95,180,60,2278710
BANKNIFTY-I.NFO,01/01/2025,09:36:23,50969.95,50965.75,45,50969.95,30,150,2278710
BANKNIFTY-I.NFO,01/01/2025,09:36:24,50965.75,50965.75,15,50970,15,90,2278710
BANKNIFTY-I.NFO,01/01/2025,09:36:26,50969.95,50967.05,360,50970,15,30,2278710
BANKNIFTY-I.NFO,01/01/2025,09:36:28,50967.05,50965.75,15,50970.7,30,390,2278710
BANKNIFTY-I.NFO,01/01/2025,09:36:29,50971,50960,45,50971.75,15,345,2284830
BANKNIFTY-I.NFO,01/01/2025,09:36:31,50971.75,50960,60,50972.05,15,30,2284830
BANKNIFTY-I.NFO,01/01/2025,09:36:33,50970.8,50969,15,50973.3,60,60,2284830
BANKNIFTY-I.NFO,01/01/2025,09:36:34,50961,50961,15,50968.9,60,135,2284830
BANKNIFTY-I.NFO,01/01/2025,09:36:36,50970,50961,15,50970.9,15,30,2284830
BANKNIFTY-I.NFO,01/01/2025,09:36:38,50960,50961,15,50970.9,15,180,2284830
BANKNIFTY-I.NFO,01/01/2025,09:36:39,50971,50961,15,50971.2,30,165,2284830
BANKNIFTY-I.NFO,01/01/2025,09:36:41,50961.05,50961,15,50973.95,45,255,2284830
BANKNIFTY-I.NFO,01/01/2025,09:36:43,50974.95,50961,15,50975,60,60,2284830
BANKNIFTY-I.NFO,01/01/2025,09:36:44,50975,50961.2,15,50975,45,30,2284830
BANKNIFTY-I.NFO,01/01/2025,09:36:46,50971.9,50961.15,30,50972.35,60,300,2284830
BANKNIFTY-I.NFO,01/01/2025,09:36:47,50961.05,50961.05,30,50970.9,45,30,2284830
BANKNIFTY-I.NFO,01/01/2025,09:36:49,50973.95,50970.9,15,50975,45,45,2284830
BANKNIFTY-I.NFO,01/01/2025,09:36:51,50973.95,50970.9,15,50974.95,15,0,2284830
BANKNIFTY-I.NFO,01/01/2025,09:36:52,50961.05,50971.75,30,50978.55,120,600,2284830
BANKNIFTY-I.NFO,01/01/2025,09:36:54,50975,50971.75,30,50975,30,30,2284830
BANKNIFTY-I.NFO,01/01/2025,09:36:56,50986.65,50978.55,15,50990.25,120,75,2284830
BANKNIFTY-I.NFO,01/01/2025,09:36:57,50985.6,50985.6,15,50991.55,105,45,2284830
BANKNIFTY-I.NFO,01/01/2025,09:36:59,50981.7,50974,45,50980.75,45,315,2284830
BANKNIFTY-I.NFO,01/01/2025,09:37:01,50971.75,50971.75,15,50974.65,15,60,2284830
BANKNIFTY-I.NFO,01/01/2025,09:37:02,50986.1,50977,15,50990,15,165,2284830
BANKNIFTY-I.NFO,01/01/2025,09:37:04,50968.65,50970.2,15,50985.35,15,60,2284830
BANKNIFTY-I.NFO,01/01/2025,09:37:06,50986.25,50972.3,15,50986.25,15,105,2284830
BANKNIFTY-I.NFO,01/01/2025,09:37:07,50970.7,50972.3,15,50984.55,15,30,2284830
BANKNIFTY-I.NFO,01/01/2025,09:37:09,50985,50973.55,120,50986.25,15,30,2284830
BANKNIFTY-I.NFO,01/01/2025,09:37:11,50985.25,50973.15,30,50987.3,15,90,2284830
BANKNIFTY-I.NFO,01/01/2025,09:37:12,50991,50980,15,50986.85,15,30,2284830
BANKNIFTY-I.NFO,01/01/2025,09:37:14,50990.55,50975.2,15,50990.55,15,990,2284830
BANKNIFTY-I.NFO,01/01/2025,09:37:16,50985.25,50975,15,50984.85,75,195,2284830
BANKNIFTY-I.NFO,01/01/2025,09:37:17,50985.5,50975,15,50985.1,150,210,2284830
BANKNIFTY-I.NFO,01/01/2025,09:37:19,50985.5,50980,900,50986.45,75,0,2284830
BANKNIFTY-I.NFO,01/01/2025,09:37:21,50980,50985.5,15,50989,15,15,2284830
BANKNIFTY-I.NFO,01/01/2025,09:37:23,50989.1,50985.5,30,50989.95,15,180,2284830
BANKNIFTY-I.NFO,01/01/2025,09:37:24,50990,50989,900,50990,30,30,2284830
BANKNIFTY-I.NFO,01/01/2025,09:37:26,50991,50989,885,50991,15,135,2284830
BANKNIFTY-I.NFO,01/01/2025,09:37:28,50985.5,50980,930,50986.6,150,915,2284830
BANKNIFTY-I.NFO,01/01/2025,09:37:29,50980,50980,915,50985.1,45,30,2284830
BANKNIFTY-I.NFO,01/01/2025,09:37:31,50988.4,50980.05,75,50989,60,1005,2284830
BANKNIFTY-I.NFO,01/01/2025,09:37:33,50988.4,50981,15,50989.45,15,0,2284830
BANKNIFTY-I.NFO,01/01/2025,09:37:34,50989,50986.6,15,50991,30,60,2284830
BANKNIFTY-I.NFO,01/01/2025,09:37:36,50991,50986.6,15,50991,15,15,2284830
BANKNIFTY-I.NFO,01/01/2025,09:37:37,50989,50986.6,15,50991,30,15,2284830
BANKNIFTY-I.NFO,01/01/2025,09:37:39,50981,50981,30,50986.35,15,30,2284830
BANKNIFTY-I.NFO,01/01/2025,09:37:41,50975,50970.7,15,50977.45,30,165,2284830
BANKNIFTY-I.NFO,01/01/2025,09:37:42,50975.9,50970.7,15,50975.9,15,30,2284830
BANKNIFTY-I.NFO,01/01/2025,09:37:44,50977.3,50971.9,120,50977.3,15,15,2284830
BANKNIFTY-I.NFO,01/01/2025,09:37:46,50977.3,50970.7,15,50975,15,15,2284830
BANKNIFTY-I.NFO,01/01/2025,09:37:47,50975,50972.9,480,50977.4,30,15,2284830
BANKNIFTY-I.NFO,01/01/2025,09:37:49,50984.15,50972.9,480,50975,150,60,2284830
BANKNIFTY-I.NFO,01/01/2025,09:37:51,50975,50972.9,465,50975,135,30,2284830
BANKNIFTY-I.NFO,01/01/2025,09:37:52,50977.3,50975,795,50977.3,30,165,2284830
BANKNIFTY-I.NFO,01/01/2025,09:37:54,50977.3,50975,795,50983.65,225,30,2284830
BANKNIFTY-I.NFO,01/01/2025,09:37:56,50975,50977.1,15,50990,210,30,2284830
BANKNIFTY-I.NFO,01/01/2025,09:37:57,50975.05,50977.3,15,50989.8,90,180,2284830
BANKNIFTY-I.NFO,01/01/2025,09:37:59,50975.65,50975.65,120,50988.4,15,30,2284830
BANKNIFTY-I.NFO,01/01/2025,09:38:01,50989.95,50977.3,30,50989,15,120,2284830
BANKNIFTY-I.NFO,01/01/2025,09:38:02,50989.95,50980,75,50990,195,0,2284830
BANKNIFTY-I.NFO,01/01/2025,09:38:05,50989.45,50980,60,50990,195,30,2284830
BANKNIFTY-I.NFO,01/01/2025,09:38:07,50980,50980,30,50990,195,30,2284830
BANKNIFTY-I.NFO,01/01/2025,09:38:09,50980,50981,15,50990,210,0,2284830
BANKNIFTY-I.NFO,01/01/2025,09:38:10,50980,50981,15,50985,15,0,2284830
BANKNIFTY-I.NFO,01/01/2025,09:38:12,50980,50980,60,50985,15,30,2284830
BANKNIFTY-I.NFO,01/01/2025,09:38:13,50985,50985,60,50990,225,15,2284830
BANKNIFTY-I.NFO,01/01/2025,09:38:15,50990,50985,90,50990,195,30,2284830
BANKNIFTY-I.NFO,01/01/2025,09:38:17,50985.05,50985,165,50990,195,15,2284830
BANKNIFTY-I.NFO,01/01/2025,09:38:18,50990,50990,45,50991,15,240,2284830
BANKNIFTY-I.NFO,01/01/2025,09:38:20,50991,50990.05,15,50993,15,30,2284830
BANKNIFTY-I.NFO,01/01/2025,09:38:22,50990.15,50990,75,50995,30,45,2284830
BANKNIFTY-I.NFO,01/01/2025,09:38:23,51000,50995,15,51000,105,450,2284830
BANKNIFTY-I.NFO,01/01/2025,09:38:25,51000,50990.15,15,51000,75,45,2284830
BANKNIFTY-I.NFO,01/01/2025,09:38:27,51004.6,50995,15,51005,15,945,2284830
BANKNIFTY-I.NFO,01/01/2025,09:38:28,51000.45,50995.05,15,51000.55,75,30,2284830
BANKNIFTY-I.NFO,01/01/2025,09:38:30,50995,50990.15,15,51001.05,75,135,2284830
BANKNIFTY-I.NFO,01/01/2025,09:38:32,50990.15,50990,165,50990.15,30,825,2284830
BANKNIFTY-I.NFO,01/01/2025,09:38:33,50998.35,50990,150,50998.1,45,45,2284830
BANKNIFTY-I.NFO,01/01/2025,09:38:35,50998.1,50990.15,30,50994.9,75,15,2284830
BANKNIFTY-I.NFO,01/01/2025,09:38:37,50992.45,50990.15,30,50992.7,30,60,2284830
BANKNIFTY-I.NFO,01/01/2025,09:38:38,50997.95,50990.15,15,51000,15,300,2284830
BANKNIFTY-I.NFO,01/01/2025,09:38:40,50998.1,50995,15,51003.25,150,45,2284830
BANKNIFTY-I.NFO,01/01/2025,09:38:42,51003.05,50995,15,51003.3,90,15,2284830
BANKNIFTY-I.NFO,01/01/2025,09:38:43,51001.45,50995,30,51001.2,75,30,2284830
BANKNIFTY-I.NFO,01/01/2025,09:38:45,50995,50995,15,50998.4,15,45,2284830
BANKNIFTY-I.NFO,01/01/2025,09:38:47,50998.95,50995,15,50998.45,30,105,2284830
BANKNIFTY-I.NFO,01/01/2025,09:38:48,50991.6,50990.15,15,50993.25,60,135,2284830
BANKNIFTY-I.NFO,01/01/2025,09:38:50,50986,50986,105,50991.25,15,705,2284830
BANKNIFTY-I.NFO,01/01/2025,09:38:52,50992.45,50986,105,50994.35,30,150,2284830
BANKNIFTY-I.NFO,01/01/2025,09:38:53,50986,50986,75,50994.85,15,345,2284830
BANKNIFTY-I.NFO,01/01/2025,09:38:55,50997.85,50990,165,50998.95,75,45,2284830
BANKNIFTY-I.NFO,01/01/2025,09:38:57,50998.35,50990,180,51000,15,75,2284830
BANKNIFTY-I.NFO,01/01/2025,09:38:58,51000,50992,15,51002.25,75,30,2284830
BANKNIFTY-I.NFO,01/01/2025,09:39:00,51002.65,50998.95,75,51003.05,90,30,2284830
BANKNIFTY-I.NFO,01/01/2025,09:39:02,51002.25,50998.95,75,51002.7,15,105,2284830
BANKNIFTY-I.NFO,01/01/2025,09:39:03,50998.95,50994.9,90,51002.7,15,120,2284830
BANKNIFTY-I.NFO,01/01/2025,09:39:05,50994.9,50994.9,75,50999.7,60,330,2284830
BANKNIFTY-I.NFO,01/01/2025,09:39:07,50997.95,50992,15,50994.35,45,270,2284830
BANKNIFTY-I.NFO,01/01/2025,09:39:08,50986.7,50989,120,50999.3,30,450,2284830
BANKNIFTY-I.NFO,01/01/2025,09:39:10,50987.85,50987.95,30,50998.8,30,90,2284830
BANKNIFTY-I.NFO,01/01/2025,09:39:12,50990,50987.95,30,50998.8,30,45,2284830
BANKNIFTY-I.NFO,01/01/2025,09:39:13,50999.3,50988.25,30,50999.3,15,45,2284830
BANKNIFTY-I.NFO,01/01/2025,09:39:15,50986.7,50986.05,15,50999.25,15,165,2284830
BANKNIFTY-I.NFO,01/01/2025,09:39:17,50987.45,50987.4,15,50999.25,15,15,2284830
BANKNIFTY-I.NFO,01/01/2025,09:39:18,50999.25,50992.65,30,51000,60,90,2284830
BANKNIFTY-I.NFO,01/01/2025,09:39:20,51000,50991.65,15,51000,15,135,2284830
BANKNIFTY-I.NFO,01/01/2025,09:39:22,50988.05,50992.4,15,51004.65,15,105,2284830
BANKNIFTY-I.NFO,01/01/2025,09:39:23,51000,50993.05,15,51004.65,15,15,2284830
BANKNIFTY-I.NFO,01/01/2025,09:39:25,51004.65,50999.55,15,51005,30,60,2284830
BANKNIFTY-I.NFO,01/01/2025,09:39:27,51001.4,51001.4,15,51009,30,225,2284830
BANKNIFTY-I.NFO,01/01/2025,09:39:28,51001.4,51000,15,51007.3,45,0,2284830
BANKNIFTY-I.NFO,01/01/2025,09:39:30,51007.35,51005,15,51009,45,45,2289660
BANKNIFTY-I.NFO,01/01/2025,09:39:32,51009,51002.7,30,51009,30,30,2289660
BANKNIFTY-I.NFO,01/01/2025,09:39:33,51009,51002.7,30,51008.25,120,15,2289660
BANKNIFTY-I.NFO,01/01/2025,09:39:35,51008.9,51002.7,30,51008.15,75,30,2289660
BANKNIFTY-I.NFO,01/01/2025,09:39:36,51008.4,51002.7,30,51008.4,30,495,2289660
BANKNIFTY-I.NFO,01/01/2025,09:39:38,51009,51008.1,15,51009,225,105,2289660
BANKNIFTY-I.NFO,01/01/2025,09:39:40,51009,51008.25,90,51009,210,15,2289660
BANKNIFTY-I.NFO,01/01/2025,09:39:42,51013.35,51009.25,465,51013.25,60,360,2289660
BANKNIFTY-I.NFO,01/01/2025,09:39:43,51012.95,51009,15,51010.4,15,480,2289660
BANKNIFTY-I.NFO,01/01/2025,09:39:45,51002.7,51001.4,15,51002.7,30,180,2289660
BANKNIFTY-I.NFO,01/01/2025,09:39:47,51013.6,51009.25,75,51011.7,15,105,2289660
BANKNIFTY-I.NFO,01/01/2025,09:39:48,51009.25,51002.7,750,51009.25,90,90,2289660
BANKNIFTY-I.NFO,01/01/2025,09:39:50,51012.6,51009.5,660,51010.75,15,105,2289660
BANKNIFTY-I.NFO,01/01/2025,09:39:51,51001.4,51006,30,51009.5,105,720,2289660
BANKNIFTY-I.NFO,01/01/2025,09:39:53,51009.5,51006,30,51010,150,150,2289660
BANKNIFTY-I.NFO,01/01/2025,09:39:55,51011.55,51006,15,51011.55,45,210,2289660
BANKNIFTY-I.NFO,01/01/2025,09:39:56,51006,51002,15,51006.45,15,15,2289660
BANKNIFTY-I.NFO,01/01/2025,09:39:58,51006.25,51002,15,51006.45,15,60,2289660
BANKNIFTY-I.NFO,01/01/2025,09:40:00,51009.45,51009.45,135,51011.85,45,195,2289660
BANKNIFTY-I.NFO,01/01/2025,09:40:01,51009.45,51006.45,75,51010,30,135,2289660
BANKNIFTY-I.NFO,01/01/2025,09:40:03,51010,51006.45,75,51010,15,15,2289660
BANKNIFTY-I.NFO,01/01/2025,09:40:05,51006,51003,30,51006.1,45,105,2289660
BANKNIFTY-I.NFO,01/01/2025,09:40:06,51008.25,51002,60,51007.15,15,60,2289660
BANKNIFTY-I.NFO,01/01/2025,09:40:08,51007.15,51002,60,51008.85,15,15,2289660
BANKNIFTY-I.NFO,01/01/2025,09:40:10,51009.05,51002,60,51008.5,15,30,2289660
BANKNIFTY-I.NFO,01/01/2025,09:40:11,51002,51002,45,51006.7,60,15,2289660
BANKNIFTY-I.NFO,01/01/2025,09:40:13,51002.65,51002,15,51002.55,15,75,2289660
BANKNIFTY-I.NFO,01/01/2025,09:40:15,51000,50992.65,150,51002.25,75,285,2289660
BANKNIFTY-I.NFO,01/01/2025,09:40:16,51001.85,50992.65,150,51001.85,135,75,2289660
BANKNIFTY-I.NFO,01/01/2025,09:40:18,50995.5,50990,120,50995.55,60,225,2289660
BANKNIFTY-I.NFO,01/01/2025,09:40:20,50993.75,50990,90,50994.05,30,75,2289660
BANKNIFTY-I.NFO,01/01/2025,09:40:21,50992.2,50990,120,50992.2,15,45,2289660
BANKNIFTY-I.NFO,01/01/2025,09:40:23,50990.85,50988,60,50991.1,60,180,2289660
BANKNIFTY-I.NFO,01/01/2025,09:40:25,50986.25,50980,255,50986.35,15,540,2289660
BANKNIFTY-I.NFO,01/01/2025,09:40:26,50985.55,50980,240,50985.5,75,30,2289660
BANKNIFTY-I.NFO,01/01/2025,09:40:28,50983.9,50980,225,50984.75,75,45,2289660
BANKNIFTY-I.NFO,01/01/2025,09:40:30,50984.75,50980,225,50984.8,90,15,2289660
BANKNIFTY-I.NFO,01/01/2025,09:40:31,50984.75,50980,225,50984.8,15,0,2289660
BANKNIFTY-I.NFO,01/01/2025,09:40:33,50989.85,50985,15,50990.4,150,30,2289660
BANKNIFTY-I.NFO,01/01/2025,09:40:35,50990,50985,15,50989.35,150,75,2289660
BANKNIFTY-I.NFO,01/01/2025,09:40:36,50989.85,50985,15,50990.45,75,15,2289660
BANKNIFTY-I.NFO,01/01/2025,09:40:38,50980,50980,135,50990.4,15,165,2289660
BANKNIFTY-I.NFO,01/01/2025,09:40:40,50990.45,50982,45,50988.75,150,165,2289660
BANKNIFTY-I.NFO,01/01/2025,09:40:41,50982,50980,90,50985.6,30,60,2289660
BANKNIFTY-I.NFO,01/01/2025,09:40:43,50980,50980,45,50983.3,15,45,2289660
BANKNIFTY-I.NFO,01/01/2025,09:40:45,50980.3,50978.35,15,50980.75,15,60,2289660
BANKNIFTY-I.NFO,01/01/2025,09:40:46,50978.9,50975,60,50978.75,30,75,2289660
BANKNIFTY-I.NFO,01/01/2025,09:40:48,50975,50975,45,50978.9,15,45,2289660
BANKNIFTY-I.NFO,01/01/2025,09:40:50,50975,50975,30,50978.45,15,30,2289660
BANKNIFTY-I.NFO,01/01/2025,09:40:51,50970,50971,30,50978.3,15,105,2289660
BANKNIFTY-I.NFO,01/01/2025,09:40:53,50971,50970,165,50979,15,60,2289660
BANKNIFTY-I.NFO,01/01/2025,09:40:55,50975,50970,195,50979,15,90,2289660
BANKNIFTY-I.NFO,01/01/2025,09:40:56,50978,50970,120,50978.8,45,90,2289660
BANKNIFTY-I.NFO,01/01/2025,09:40:58,50978.95,50970,30,50978.95,15,105,2289660
BANKNIFTY-I.NFO,01/01/2025,09:41:00,50963.15,50971,30,50977.8,15,90,2289660
BANKNIFTY-I.NFO,01/01/2025,09:41:01,50970,50970,15,50977,150,105,2289660
BANKNIFTY-I.NFO,01/01/2025,09:41:03,50970,50970,45,50977.4,45,90,2289660
BANKNIFTY-I.NFO,01/01/2025,09:41:05,50966,50964.35,120,50976.95,45,60,2289660
BANKNIFTY-I.NFO,01/01/2025,09:41:06,50974,50963.6,120,50974,45,45,2289660
BANKNIFTY-I.NFO,01/01/2025,09:41:08,50967.75,50967.6,15,50978.45,15,75,2289660
BANKNIFTY-I.NFO,01/01/2025,09:41:09,50963.15,50965,15,50977.65,75,75,2289660
BANKNIFTY-I.NFO,01/01/2025,09:41:11,50965,50965.05,45,50977,60,15,2289660
BANKNIFTY-I.NFO,01/01/2025,09:41:13,50977,50971.75,45,50977,15,45,2289660
BANKNIFTY-I.NFO,01/01/2025,09:41:14,50982,50973.5,15,50985.7,45,60,2289660
BANKNIFTY-I.NFO,01/01/2025,09:41:16,50977,50970.05,45,50977,75,75,2289660
BANKNIFTY-I.NFO,01/01/2025,09:41:18,50982,50982,270,50987.6,75,135,2289660
BANKNIFTY-I.NFO,01/01/2025,09:41:19,50982,50970,60,50978.55,120,270,2289660
BANKNIFTY-I.NFO,01/01/2025,09:41:21,50982,50970,75,50976.6,75,0,2289660
BANKNIFTY-I.NFO,01/01/2025,09:41:23,50976.55,50970,15,50977,120,75,2289660
BANKNIFTY-I.NFO,01/01/2025,09:41:24,50965,50963.2,15,50972.5,120,60,2289660
BANKNIFTY-I.NFO,01/01/2025,09:41:26,50965,50963.1,15,50971.25,15,0,2289660
BANKNIFTY-I.NFO,01/01/2025,09:41:28,50974.55,50969.45,15,50982.5,120,330,2289660
BANKNIFTY-I.NFO,01/01/2025,09:41:29,50982.5,50965.85,45,50980.55,135,15,2289660
BANKNIFTY-I.NFO,01/01/2025,09:41:31,50965,50965,105,50975.6,120,60,2289660
BANKNIFTY-I.NFO,01/01/2025,09:41:33,50976.15,50965,105,50976.8,120,60,2289660
BANKNIFTY-I.NFO,01/01/2025,09:41:34,50971.05,50965.55,105,50980.25,120,15,2289660
BANKNIFTY-I.NFO,01/01/2025,09:41:36,50966.85,50966.2,120,50980.25,15,60,2289660
BANKNIFTY-I.NFO,01/01/2025,09:41:38,50966.85,50968.5,120,50980.35,15,0,2289660
BANKNIFTY-I.NFO,01/01/2025,09:41:39,50965.05,50968.65,120,50979.1,15,30,2289660
BANKNIFTY-I.NFO,01/01/2025,09:41:41,50983.3,50969.4,45,50982.85,15,45,2289660
BANKNIFTY-I.NFO,01/01/2025,09:41:43,50979.65,50979.65,135,50985.05,75,210,2289660
BANKNIFTY-I.NFO,01/01/2025,09:41:44,50979.65,50979.65,15,50984.15,75,270,2289660
BANKNIFTY-I.NFO,01/01/2025,09:41:46,50984.05,50979.65,15,50984.2,15,150,2289660
BANKNIFTY-I.NFO,01/01/2025,09:41:48,50982,50970,30,50982,285,135,2289660
BANKNIFTY-I.NFO,01/01/2025,09:41:49,50980.25,50980.25,30,50982,285,30,2289660
BANKNIFTY-I.NFO,01/01/2025,09:41:51,50979.65,50971.25,15,50982,285,105,2289660
BANKNIFTY-I.NFO,01/01/2025,09:41:53,50982,50970.05,120,50982,210,75,2289660
BANKNIFTY-I.NFO,01/01/2025,09:41:54,50982,50972.55,15,50982,180,30,2289660
BANKNIFTY-I.NFO,01/01/2025,09:41:56,50972.55,50970.85,15,50982,180,15,2289660
BANKNIFTY-I.NFO,01/01/2025,09:41:58,50982,50970.85,15,50982,150,30,2289660
BANKNIFTY-I.NFO,01/01/2025,09:41:59,50982,50972.55,30,50982,105,45,2289660
BANKNIFTY-I.NFO,01/01/2025,09:42:01,50984.75,50984.1,30,50996,15,165,2289660
BANKNIFTY-I.NFO,01/01/2025,09:42:03,50995.35,50984.75,285,50995.35,45,45,2289660
BANKNIFTY-I.NFO,01/01/2025,09:42:04,50984.8,50984.75,270,50995.5,45,105,2289660
BANKNIFTY-I.NFO,01/01/2025,09:42:06,50984.8,50984.75,270,50993.8,30,0,2289660
BANKNIFTY-I.NFO,01/01/2025,09:42:08,50984.8,50984.75,270,50994.3,15,0,2289660
BANKNIFTY-I.NFO,01/01/2025,09:42:09,50994.45,50984.75,270,50992.05,150,15,2289660
BANKNIFTY-I.NFO,01/01/2025,09:42:11,50984.8,50984.8,210,50984.95,15,105,2289660
BANKNIFTY-I.NFO,01/01/2025,09:42:12,50984.8,50984.8,75,50986.5,15,135,2289660
BANKNIFTY-I.NFO,01/01/2025,09:42:14,50984.8,50984.95,75,50986.7,75,45,2289660
BANKNIFTY-I.NFO,01/01/2025,09:42:16,50984.8,50987.15,15,50989.45,15,30,2289660
BANKNIFTY-I.NFO,01/01/2025,09:42:17,50984.8,50987.15,15,50990.4,60,0,2289660
BANKNIFTY-I.NFO,01/01/2025,09:42:19,50994.4,50987.15,15,50994.8,15,30,2289660
BANKNIFTY-I.NFO,01/01/2025,09:42:21,50994.95,50986.7,60,50987.15,30,90,2289660
BANKNIFTY-I.NFO,01/01/2025,09:42:22,50994.1,50986.7,60,50995,15,60,2289660
BANKNIFTY-I.NFO,01/01/2025,09:42:24,50986.7,50986.7,30,50996,15,120,2289660
BANKNIFTY-I.NFO,01/01/2025,09:42:26,50986.7,50986.75,15,50997.65,15,0,2289660
BANKNIFTY-I.NFO,01/01/2025,09:42:27,50986.7,50995,15,50998,30,0,2289660
BANKNIFTY-I.NFO,01/01/2025,09:42:29,50998,50995,15,50998,30,15,2289660
BANKNIFTY-I.NFO,01/01/2025,09:42:31,50998,50995,15,50998,30,0,2289660
BANKNIFTY-I.NFO,01/01/2025,09:42:32,50998,50998,75,50999,30,60,2291055
BANKNIFTY-I.NFO,01/01/2025,09:42:34,50998,50998,45,50999,30,60,2291055
BANKNIFTY-I.NFO,01/01/2025,09:42:36,51000,50998,30,51002.7,15,135,2291055
BANKNIFTY-I.NFO,01/01/2025,09:42:37,50997.8,50990,180,50996.85,150,75,2291055
BANKNIFTY-I.NFO,01/01/2025,09:42:39,51000,50991,30,50999,15,150,2291055
BANKNIFTY-I.NFO,01/01/2025,09:42:41,51000.6,50991,30,51000.9,150,75,2291055
BANKNIFTY-I.NFO,01/01/2025,09:42:42,50993.4,50991,15,50993.95,15,75,2291055
BANKNIFTY-I.NFO,01/01/2025,09:42:44,50991,50990,30,50992.25,60,180,2291055
BANKNIFTY-I.NFO,01/01/2025,09:42:46,50993.1,50986.7,90,50994.65,75,120,2291055
BANKNIFTY-I.NFO,01/01/2025,09:42:47,50992.2,50986.7,90,50994.1,15,60,2291055
BANKNIFTY-I.NFO,01/01/2025,09:42:49,50980,50972.55,15,50983.3,15,435,2291055
BANKNIFTY-I.NFO,01/01/2025,09:42:51,50974.9,50972.5,15,50975.1,15,75,2291055
BANKNIFTY-I.NFO,01/01/2025,09:42:52,50971,50971,30,50974.95,15,45,2291055
BANKNIFTY-I.NFO,01/01/2025,09:42:54,50970,50967,15,50971.15,15,270,2291055
BANKNIFTY-I.NFO,01/01/2025,09:42:56,50961.5,50959,15,50960.25,15,1035,2291055
BANKNIFTY-I.NFO,01/01/2025,09:42:57,50916.25,50916.1,15,50926,15,7395,2291055
BANKNIFTY-I.NFO,01/01/2025,09:42:57,50915.6,50916.1,15,50926,15,0,2291055
BANKNIFTY-I.NFO,01/01/2025,09:42:59,50910,50916.05,30,50926.85,45,1110,2291055
BANKNIFTY-I.NFO,01/01/2025,09:42:59,50910,50916.05,30,50926.85,45,0,2291055
BANKNIFTY-I.NFO,01/01/2025,09:43:01,50921.5,50921.5,585,50933,15,360,2291055
BANKNIFTY-I.NFO,01/01/2025,09:43:02,50921.5,50921.5,75,50931.1,15,780,2291055
BANKNIFTY-I.NFO,01/01/2025,09:43:04,50935.35,50924.05,15,50937,30,315,2291055
BANKNIFTY-I.NFO,01/01/2025,09:43:06,50934.7,50920.25,15,50936.05,45,195,2291055
BANKNIFTY-I.NFO,01/01/2025,09:43:07,50931.05,50927.5,15,50936.8,15,210,2291055
BANKNIFTY-I.NFO,01/01/2025,09:43:09,50930.2,50921.5,15,50930.2,30,150,2291055
BANKNIFTY-I.NFO,01/01/2025,09:43:11,50930.2,50921.45,15,50930.2,15,45,2291055
BANKNIFTY-I.NFO,01/01/2025,09:43:12,50936.55,50930.2,30,50936.55,75,105,2291055
BANKNIFTY-I.NFO,01/01/2025,09:43:14,50916.05,50918.65,15,50926,15,345,2291055
BANKNIFTY-I.NFO,01/01/2025,09:43:16,50922.55,50930.2,15,50936.55,75,75,2291055
BANKNIFTY-I.NFO,01/01/2025,09:43:17,50922.55,50930.2,15,50934.25,60,0,2291055
BANKNIFTY-I.NFO,01/01/2025,09:43:19,50930,50930,45,50934.25,60,45,2291055
BANKNIFTY-I.NFO,01/01/2025,09:43:21,50920,50918.6,30,50928.45,15,255,2291055
BANKNIFTY-I.NFO,01/01/2025,09:43:22,50922,50918.55,30,50927.2,15,255,2291055
BANKNIFTY-I.NFO,01/01/2025,09:43:24,50930.05,50920.3,15,50930.6,105,255,2291055
BANKNIFTY-I.NFO,01/01/2025,09:43:26,50922.55,50921,75,50928,15,75,2291055
BANKNIFTY-I.NFO,01/01/2025,09:43:27,50916,50916,60,50927.55,135,135,2291055
BANKNIFTY-I.NFO,01/01/2025,09:43:29,50922,50921.05,15,50934.25,45,375,2291055
BANKNIFTY-I.NFO,01/01/2025,09:43:31,50920.05,50927.55,15,50936.4,45,105,2291055
BANKNIFTY-I.NFO,01/01/2025,09:43:32,50923.15,50926.9,120,50936.6,45,30,2291055
BANKNIFTY-I.NFO,01/01/2025,09:43:34,50925.4,50925.9,120,50936.6,45,75,2291055
BANKNIFTY-I.NFO,01/01/2025,09:43:36,50930,50922.55,45,50930,105,45,2291055
BANKNIFTY-I.NFO,01/01/2025,09:43:37,50930,50922.6,120,50927.5,15,105,2291055
BANKNIFTY-I.NFO,01/01/2025,09:43:39,50923.8,50923.8,90,50930,15,120,2291055
BANKNIFTY-I.NFO,01/01/2025,09:43:41,50930,50930,15,50934,15,45,2291055
BANKNIFTY-I.NFO,01/01/2025,09:43:42,50930,50930,75,50936.6,45,90,2291055
BANKNIFTY-I.NFO,01/01/2025,09:43:44,50930,50930,90,50934,15,30,2291055
BANKNIFTY-I.NFO,01/01/2025,09:43:46,50923,50923,45,50926.2,105,240,2291055
BANKNIFTY-I.NFO,01/01/2025,09:43:47,50923,50922,30,50929.95,30,105,2291055
BANKNIFTY-I.NFO,01/01/2025,09:43:49,50922,50920.1,15,50927.55,15,30,2291055
BANKNIFTY-I.NFO,01/01/2025,09:43:51,50915,50924,30,50927.55,15,525,2291055
BANKNIFTY-I.NFO,01/01/2025,09:43:52,50924.85,50913.6,15,50922.85,120,60,2291055
BANKNIFTY-I.NFO,01/01/2025,09:43:54,50911,50911.9,15,50922.35,15,45,2291055
BANKNIFTY-I.NFO,01/01/2025,09:43:56,50912.35,50908.25,15,50920.1,90,405,2291055
BANKNIFTY-I.NFO,01/01/2025,09:43:56,50908.95,50908.25,15,50920.1,90,0,2291055
BANKNIFTY-I.NFO,01/01/2025,09:43:57,50920.1,50915.1,15,50923.2,15,120,2291055
BANKNIFTY-I.NFO,01/01/2025,09:43:59,50914.65,50916,15,50930,180,195,2291055
BANKNIFTY-I.NFO,01/01/2025,09:44:01,50920.05,50920.05,30,50930,195,45,2291055
BANKNIFTY-I.NFO,01/01/2025,09:44:02,50920,50920,30,50930,180,75,2291055
BANKNIFTY-I.NFO,01/01/2025,09:44:04,50930,50920.15,15,50930,120,150,2291055
BANKNIFTY-I.NFO,01/01/2025,09:44:06,50930.5,50930.75,30,50941.15,60,435,2291055
BANKNIFTY-I.NFO,01/01/2025,09:44:07,50933.8,50933.75,30,50946.9,15,90,2291055
BANKNIFTY-I.NFO,01/01/2025,09:44:09,50930.05,50930,30,50942.5,45,135,2291055
BANKNIFTY-I.NFO,01/01/2025,09:44:11,50939.55,50930.45,30,50936.95,45,30,2291055
BANKNIFTY-I.NFO,01/01/2025,09:44:12,50926.45,50928.55,15,50943.55,15,210,2291055
BANKNIFTY-I.NFO,01/01/2025,09:44:14,50924.35,50935,750,50944.65,45,150,2291055
BANKNIFTY-I.NFO,01/01/2025,09:44:15,50942.6,50935,720,50944.55,120,120,2291055
BANKNIFTY-I.NFO,01/01/2025,09:44:17,50935,50935,675,50944.75,120,60,2291055
BANKNIFTY-I.NFO,01/01/2025,09:44:19,50935,50935,600,50945.15,15,90,2291055
BANKNIFTY-I.NFO,01/01/2025,09:44:21,50945.2,50935,540,50944.55,15,90,2291055
BANKNIFTY-I.NFO,01/01/2025,09:44:22,50936.5,50938.15,15,50947,15,60,2291055
BANKNIFTY-I.NFO,01/01/2025,09:44:24,50947,50942.6,150,50950,240,15,2291055
BANKNIFTY-I.NFO,01/01/2025,09:44:25,50950,50946.75,45,50953.15,15,240,2291055
BANKNIFTY-I.NFO,01/01/2025,09:44:27,50953.15,50947.9,30,50962.9,15,225,2291055
BANKNIFTY-I.NFO,01/01/2025,09:44:29,50950,50950,135,50959.45,120,45,2291055
BANKNIFTY-I.NFO,01/01/2025,09:44:30,50950,50950,75,50957.8,90,600,2291055
BANKNIFTY-I.NFO,01/01/2025,09:44:32,50957.45,50950,75,50955.95,75,30,2291055
BANKNIFTY-I.NFO,01/01/2025,09:44:34,50950,50950,30,50952.15,30,60,2291055
BANKNIFTY-I.NFO,01/01/2025,09:44:35,50942.6,50942.6,105,50950,15,90,2291055
BANKNIFTY-I.NFO,01/01/2025,09:44:37,50955.6,50945.1,15,50956.55,75,90,2291055
BANKNIFTY-I.NFO,01/01/2025,09:44:39,50955.4,50945.1,15,50955.85,75,30,2291055
BANKNIFTY-I.NFO,01/01/2025,09:44:40,50953.15,50950,30,50962,75,60,2291055
BANKNIFTY-I.NFO,01/01/2025,09:44:42,50955.5,50952.6,45,50964.95,15,30,2291055
BANKNIFTY-I.NFO,01/01/2025,09:44:43,50955.5,50953.6,45,50964.95,15,0,2291055
BANKNIFTY-I.NFO,01/01/2025,09:44:45,50971.35,50961.85,15,50965,15,75,2291055
BANKNIFTY-I.NFO,01/01/2025,09:44:47,50961.85,50954.15,45,50967.2,75,30,2291055
BANKNIFTY-I.NFO,01/01/2025,09:44:48,50970.1,50967.45,15,50974.75,15,30,2291055
BANKNIFTY-I.NFO,01/01/2025,09:44:50,50951.4,50951.4,45,50963,120,750,2291055
BANKNIFTY-I.NFO,01/01/2025,09:44:52,50959.7,50950,60,50959.95,105,165,2291055
BANKNIFTY-I.NFO,01/01/2025,09:44:53,50959.15,50950,60,50958.85,75,30,2291055
BANKNIFTY-I.NFO,01/01/2025,09:44:55,50964.95,50955.5,105,50965,15,45,2291055
BANKNIFTY-I.NFO,01/01/2025,09:44:56,50964.95,50955.5,105,50965,15,0,2291055
BANKNIFTY-I.NFO,01/01/2025,09:45:00,50965,50955.5,90,50966.65,60,30,2291055
BANKNIFTY-I.NFO,01/01/2025,09:45:01,50947.2,50947.4,15,50955.5,15,570,2291055
BANKNIFTY-I.NFO,01/01/2025,09:45:03,50947.2,50947.35,15,50955.45,120,0,2291055
BANKNIFTY-I.NFO,01/01/2025,09:45:05,50921.9,50929.7,45,50944.55,15,5070,2291055
BANKNIFTY-I.NFO,01/01/2025,09:45:06,50930.8,50929.45,30,50941.95,120,90,2291055
BANKNIFTY-I.NFO,01/01/2025,09:45:08,50921.9,50921,15,50935.5,15,2745,2291055
BANKNIFTY-I.NFO,01/01/2025,09:45:10,50925.05,50925.05,75,50939.55,45,645,2291055
BANKNIFTY-I.NFO,01/01/2025,09:45:11,50925.05,50925.55,60,50939.35,15,30,2291055
BANKNIFTY-I.NFO,01/01/2025,09:45:13,50918.55,50917.05,45,50931.6,15,930,2291055
BANKNIFTY-I.NFO,01/01/2025,09:45:14,50917.1,50917.3,60,50931.2,15,75,2291055
BANKNIFTY-I.NFO,01/01/2025,09:45:16,50931.2,50917.25,15,50931.1,15,45,2291055
BANKNIFTY-I.NFO,01/01/2025,09:45:18,50921.8,50920.65,15,50935.3,45,1335,2291055
BANKNIFTY-I.NFO,01/01/2025,09:45:19,50921.05,50922.5,15,50938.1,15,60,2291055
BANKNIFTY-I.NFO,01/01/2025,09:45:21,50924.65,50925.05,15,50940.1,15,405,2291055
BANKNIFTY-I.NFO,01/01/2025,09:45:23,50919.75,50918.5,15,50932.4,45,510,2291055
BANKNIFTY-I.NFO,01/01/2025,09:45:24,50915.35,50918.45,30,50929.7,45,450,2291055
BANKNIFTY-I.NFO,01/01/2025,09:45:26,50917.85,50917.25,15,50932.4,60,360,2291055
BANKNIFTY-I.NFO,01/01/2025,09:45:28,50917.25,50919.7,45,50932.45,885,60,2291055
BANKNIFTY-I.NFO,01/01/2025,09:45:29,50937,50924.35,75,50937,855,90,2303895
BANKNIFTY-I.NFO,01/01/2025,09:45:31,50924.45,50922.85,15,50933.95,45,300,2303895
BANKNIFTY-I.NFO,01/01/2025,09:45:33,50923.65,50925.15,60,50939.95,45,45,2303895
BANKNIFTY-I.NFO,01/01/2025,09:45:34,50925.1,50921.1,15,50934.75,45,30,2303895
BANKNIFTY-I.NFO,01/01/2025,09:45:36,50924.5,50924.45,15,50935.85,45,135,2303895
BANKNIFTY-I.NFO,01/01/2025,09:45:38,50924.45,50923.3,30,50932.4,45,30,2303895
BANKNIFTY-I.NFO,01/01/2025,09:45:39,50932.4,50920.4,30,50933.55,120,75,2303895
BANKNIFTY-I.NFO,01/01/2025,09:45:41,50920.35,50920,15,50930,45,60,2303895
BANKNIFTY-I.NFO,01/01/2025,09:45:43,50919,50920,30,50930.2,45,90,2303895
BANKNIFTY-I.NFO,01/01/2025,09:45:44,50930.2,50922,45,50930.2,810,60,2303895
BANKNIFTY-I.NFO,01/01/2025,09:45:46,50932,50930,15,50933.4,840,90,2303895
BANKNIFTY-I.NFO,01/01/2025,09:45:48,50933.4,50925,120,50933.4,705,180,2303895
BANKNIFTY-I.NFO,01/01/2025,09:45:49,50938.05,50932.5,45,50945.75,15,750,2303895
BANKNIFTY-I.NFO,01/01/2025,09:45:51,50934,50933.4,15,50946.55,120,480,2303895
BANKNIFTY-I.NFO,01/01/2025,09:45:53,50937,50933.35,15,50946.2,120,30,2303895
BANKNIFTY-I.NFO,01/01/2025,09:45:54,50932,50925,120,50931.9,15,30,2303895
BANKNIFTY-I.NFO,01/01/2025,09:45:56,50937.15,50925,120,50937.15,855,60,2303895
BANKNIFTY-I.NFO,01/01/2025,09:45:58,50937.15,50925.3,105,50940.4,120,0,2303895
BANKNIFTY-I.NFO,01/01/2025,09:45:59,50925.75,50925.5,90,50940,45,60,2303895
BANKNIFTY-I.NFO,01/01/2025,09:46:01,50925.5,50925.5,75,50937.15,150,15,2303895
BANKNIFTY-I.NFO,01/01/2025,09:46:03,50925.65,50925.75,15,50937.15,135,165,2303895
BANKNIFTY-I.NFO,01/01/2025,09:46:04,50925.65,50930,15,50933.7,45,0,2303895
BANKNIFTY-I.NFO,01/01/2025,09:46:06,50930,50925.75,15,50935.3,120,30,2303895
BANKNIFTY-I.NFO,01/01/2025,09:46:08,50925.75,50925.65,15,50934.9,120,15,2303895
BANKNIFTY-I.NFO,01/01/2025,09:46:09,50925,50925,105,50930.6,120,345,2303895
BANKNIFTY-I.NFO,01/01/2025,09:46:11,50925,50925.75,30,50930.55,120,15,2303895
BANKNIFTY-I.NFO,01/01/2025,09:46:12,50925,50925,90,50928.6,15,75,2303895
BANKNIFTY-I.NFO,01/01/2025,09:46:14,50925,50925,30,50929.55,120,60,2303895
BANKNIFTY-I.NFO,01/01/2025,09:46:16,50921.55,50920.5,15,50926,15,150,2303895
BANKNIFTY-I.NFO,01/01/2025,09:46:17,50920,50920,15,50925,360,120,2303895
BANKNIFTY-I.NFO,01/01/2025,09:46:19,50911.05,50910,270,50916.5,15,750,2303895
BANKNIFTY-I.NFO,01/01/2025,09:46:21,50885,50885,15,50886,75,6060,2303895
BANKNIFTY-I.NFO,01/01/2025,09:46:21,50885,50885,15,50886,75,0,2303895
BANKNIFTY-I.NFO,01/01/2025,09:46:22,50886.25,50886.45,30,50894,375,765,2303895
BANKNIFTY-I.NFO,01/01/2025,09:46:22,50882.25,50886.45,30,50894,375,0,2303895
BANKNIFTY-I.NFO,01/01/2025,09:46:24,50891.5,50877.8,15,50891.45,120,2250,2303895
BANKNIFTY-I.NFO,01/01/2025,09:46:24,50876.9,50877.8,15,50891.45,120,0,2303895
BANKNIFTY-I.NFO,01/01/2025,09:46:26,50872.5,50874.3,15,50887.7,15,330,2303895
BANKNIFTY-I.NFO,01/01/2025,09:46:26,50872.5,50874.3,15,50887.7,15,0,2303895
BANKNIFTY-I.NFO,01/01/2025,09:46:27,50888.75,50888,15,50894,1155,480,2303895
BANKNIFTY-I.NFO,01/01/2025,09:46:29,50874.55,50878.9,45,50888,15,135,2303895
BANKNIFTY-I.NFO,01/01/2025,09:46:31,50882.1,50881.15,15,50888,765,165,2303895
BANKNIFTY-I.NFO,01/01/2025,09:46:32,50882.95,50883,30,50894.8,15,1650,2303895
BANKNIFTY-I.NFO,01/01/2025,09:46:34,50891.1,50882.95,30,50892.15,120,255,2303895
BANKNIFTY-I.NFO,01/01/2025,09:46:36,50892.75,50888,225,50891.25,15,75,2303895
BANKNIFTY-I.NFO,01/01/2025,09:46:37,50893.9,50891.25,15,50893.95,15,30,2303895
BANKNIFTY-I.NFO,01/01/2025,09:46:39,50890,50888,150,50892.75,120,180,2303895
BANKNIFTY-I.NFO,01/01/2025,09:46:41,50893.9,50888,135,50893.9,105,30,2303895
BANKNIFTY-I.NFO,01/01/2025,09:46:43,50890,50888,120,50893,15,75,2303895
BANKNIFTY-I.NFO,01/01/2025,09:46:44,50893,50888,120,50893.85,90,45,2303895
BANKNIFTY-I.NFO,01/01/2025,09:46:46,50885,50882.1,15,50887.6,15,315,2303895
BANKNIFTY-I.NFO,01/01/2025,09:46:48,50888,50879.35,120,50888,1065,195,2303895
BANKNIFTY-I.NFO,01/01/2025,09:46:49,50877.35,50885,15,50888,1935,150,2303895
BANKNIFTY-I.NFO,01/01/2025,09:46:51,50893.1,50888,15,50893.1,75,4980,2303895
BANKNIFTY-I.NFO,01/01/2025,09:46:53,50888,50887.95,15,50888,15,105,2303895
BANKNIFTY-I.NFO,01/01/2025,09:46:54,50888,50892.5,15,50893.8,120,90,2303895
BANKNIFTY-I.NFO,01/01/2025,09:46:56,50892.3,50888,30,50893.1,15,330,2303895
BANKNIFTY-I.NFO,01/01/2025,09:46:58,50892.3,50892.3,240,50893.1,15,165,2303895
BANKNIFTY-I.NFO,01/01/2025,09:46:59,50893.1,50892.3,90,50893.85,915,180,2303895
BANKNIFTY-I.NFO,01/01/2025,09:47:01,50887.15,50881,75,50888.55,45,195,2303895
BANKNIFTY-I.NFO,01/01/2025,09:47:03,50888.5,50881,75,50886.15,30,15,2303895
BANKNIFTY-I.NFO,01/01/2025,09:47:04,50886.6,50881,15,50887.7,75,180,2303895
BANKNIFTY-I.NFO,01/01/2025,09:47:06,50881,50880,90,50881,90,45,2303895
BANKNIFTY-I.NFO,01/01/2025,09:47:08,50880,50880,60,50880.55,30,30,2303895
BANKNIFTY-I.NFO,01/01/2025,09:47:09,50880.55,50878,15,50880.55,705,285,2303895
BANKNIFTY-I.NFO,01/01/2025,09:47:11,50878,50875.05,15,50881,795,15,2303895
BANKNIFTY-I.NFO,01/01/2025,09:47:13,50880.55,50880.55,45,50881,660,150,2303895
BANKNIFTY-I.NFO,01/01/2025,09:47:14,50879.95,50875,15,50880,765,510,2303895
BANKNIFTY-I.NFO,01/01/2025,09:47:14,50870.05,50875,15,50880,765,0,2303895
BANKNIFTY-I.NFO,01/01/2025,09:47:16,50870.05,50877,15,50880,690,180,2303895
BANKNIFTY-I.NFO,01/01/2025,09:47:18,50880,50876,15,50880,645,75,2303895
BANKNIFTY-I.NFO,01/01/2025,09:47:19,50880,50876.9,120,50883.2,45,660,2303895
BANKNIFTY-I.NFO,01/01/2025,09:47:21,50876.5,50877.1,120,50883.2,690,60,2303895
BANKNIFTY-I.NFO,01/01/2025,09:47:23,50883.2,50877.05,30,50880,30,210,2303895
BANKNIFTY-I.NFO,01/01/2025,09:47:24,50880,50875,15,50880,810,120,2303895
BANKNIFTY-I.NFO,01/01/2025,09:47:26,50880,50875,30,50880,720,90,2303895
BANKNIFTY-I.NFO,01/01/2025,09:47:28,50880,50874.95,30,50880,735,45,2303895
BANKNIFTY-I.NFO,01/01/2025,09:47:29,50880,50871.2,15,50880,1350,45,2303895
BANKNIFTY-I.NFO,01/01/2025,09:47:31,50874.95,50871.15,30,50874.95,705,240,2303895
BANKNIFTY-I.NFO,01/01/2025,09:47:31,50870,50871.15,30,50874.95,705,0,2303895
BANKNIFTY-I.NFO,01/01/2025,09:47:33,50874.95,50870,75,50871.15,750,405,2303895
BANKNIFTY-I.NFO,01/01/2025,09:47:34,50874.95,50873.8,15,50874.95,240,1215,2303895
BANKNIFTY-I.NFO,01/01/2025,09:47:36,50874.95,50876.05,75,50878.15,15,1260,2303895
BANKNIFTY-I.NFO,01/01/2025,09:47:38,50878.15,50875.85,15,50880,705,1695,2303895
BANKNIFTY-I.NFO,01/01/2025,09:47:39,50880,50877.3,60,50880,675,105,2303895
BANKNIFTY-I.NFO,01/01/2025,09:47:41,50880,50879.95,60,50880,600,105,2303895
BANKNIFTY-I.NFO,01/01/2025,09:47:43,50883,50880.55,15,50884.95,30,615,2303895
BANKNIFTY-I.NFO,01/01/2025,09:47:44,50880,50880.4,30,50885,930,165,2303895
BANKNIFTY-I.NFO,01/01/2025,09:47:46,50880,50878.15,15,50880,255,990,2303895
BANKNIFTY-I.NFO,01/01/2025,09:47:48,50880,50878.15,15,50880,180,150,2303895
BANKNIFTY-I.NFO,01/01/2025,09:47:49,50880,50879.8,75,50880,600,240,2303895
BANKNIFTY-I.NFO,01/01/2025,09:47:51,50880.85,50880.25,75,50885.05,570,1065,2303895
BANKNIFTY-I.NFO,01/01/2025,09:47:53,50875.35,50875.45,75,50880.8,15,390,2303895
BANKNIFTY-I.NFO,01/01/2025,09:47:54,50880.85,50877.7,60,50880.85,30,45,2303895
BANKNIFTY-I.NFO,01/01/2025,09:47:56,50877.6,50875.8,15,50877.6,30,120,2303895
BANKNIFTY-I.NFO,01/01/2025,09:47:57,50880,50878.65,60,50880,795,90,2303895
BANKNIFTY-I.NFO,01/01/2025,09:47:59,50880,50878.6,30,50880,1125,240,2303895
BANKNIFTY-I.NFO,01/01/2025,09:48:01,50888,50887,15,50889,15,1185,2303895
BANKNIFTY-I.NFO,01/01/2025,09:48:02,50894.15,50886.95,15,50894.15,240,90,2303895
BANKNIFTY-I.NFO,01/01/2025,09:48:04,50889.95,50880,30,50889.95,120,930,2303895
BANKNIFTY-I.NFO,01/01/2025,09:48:06,50889.95,50885.3,30,50890,60,0,2303895
BANKNIFTY-I.NFO,01/01/2025,09:48:07,50889.95,50884.45,30,50890,45,30,2303895
BANKNIFTY-I.NFO,01/01/2025,09:48:09,50885.05,50885.05,210,50890,30,105,2303895
BANKNIFTY-I.NFO,01/01/2025,09:48:11,50885.05,50885.05,195,50888,15,105,2303895
BANKNIFTY-I.NFO,01/01/2025,09:48:12,50881,50880,240,50890.75,120,930,2303895
BANKNIFTY-I.NFO,01/01/2025,09:48:14,50890.75,50880,225,50888,15,135,2303895
BANKNIFTY-I.NFO,01/01/2025,09:48:16,50880,50880,105,50885.05,255,165,2303895
BANKNIFTY-I.NFO,01/01/2025,09:48:17,50879.95,50878.3,15,50880,600,390,2303895
BANKNIFTY-I.NFO,01/01/2025,09:48:19,50880,50880.1,330,50885,120,615,2303895
BANKNIFTY-I.NFO,01/01/2025,09:48:21,50862.65,50860.05,420,50862.65,15,1605,2303895
BANKNIFTY-I.NFO,01/01/2025,09:48:21,50860.05,50860.05,420,50862.65,15,0,2303895
BANKNIFTY-I.NFO,01/01/2025,09:48:22,50855.5,50855.4,90,50856.05,75,1155,2303895
BANKNIFTY-I.NFO,01/01/2025,09:48:22,50855.5,50855.4,90,50856.05,75,0,2303895
BANKNIFTY-I.NFO,01/01/2025,09:48:24,50855,50855,75,50858.25,15,270,2303895
BANKNIFTY-I.NFO,01/01/2025,09:48:24,50855,50855,75,50858.25,15,0,2303895
BANKNIFTY-I.NFO,01/01/2025,09:48:26,50856,50855,45,50856,15,1350,2303895
BANKNIFTY-I.NFO,01/01/2025,09:48:26,50852,50855,45,50856,15,0,2303895
BANKNIFTY-I.NFO,01/01/2025,09:48:27,50861.2,50855,15,50861.2,315,150,2303895
BANKNIFTY-I.NFO,01/01/2025,09:48:29,50851.1,50851,45,50861.2,450,510,2303895
BANKNIFTY-I.NFO,01/01/2025,09:48:29,50851,50851,45,50861.2,450,0,2303895
BANKNIFTY-I.NFO,01/01/2025,09:48:31,50850,50850,1605,50851,45,645,2317140
BANKNIFTY-I.NFO,01/01/2025,09:48:31,50850,50850,1605,50851,45,0,2317140
BANKNIFTY-I.NFO,01/01/2025,09:48:32,50855,50851,15,50855,30,180,2317140
BANKNIFTY-I.NFO,01/01/2025,09:48:34,50850.4,50850.9,15,50861,45,1200,2317140
BANKNIFTY-I.NFO,01/01/2025,09:48:36,50859,50860.2,60,50870,15,1080,2317140
BANKNIFTY-I.NFO,01/01/2025,09:48:37,50853.5,50853.75,15,50868.4,120,135,2317140
BANKNIFTY-I.NFO,01/01/2025,09:48:39,50863.15,50860.35,15,50870,15,105,2317140
BANKNIFTY-I.NFO,01/01/2025,09:48:41,50868.45,50860.85,60,50870,915,960,2317140
BANKNIFTY-I.NFO,01/01/2025,09:48:42,50870,50866.25,15,50870,690,285,2317140
BANKNIFTY-I.NFO,01/01/2025,09:48:44,50861.05,50860,15,50866.25,15,705,2317140
BANKNIFTY-I.NFO,01/01/2025,09:48:46,50869.95,50862.5,30,50869.95,30,45,2317140
BANKNIFTY-I.NFO,01/01/2025,09:48:47,50869.95,50865.35,60,50870,90,810,2317140
BANKNIFTY-I.NFO,01/01/2025,09:48:49,50870,50870,15,50875,30,990,2317140
BANKNIFTY-I.NFO,01/01/2025,09:48:51,50868.2,50868.2,15,50876.65,30,120,2317140
BANKNIFTY-I.NFO,01/01/2025,09:48:52,50868.2,50870,15,50876.65,30,0,2317140
BANKNIFTY-I.NFO,01/01/2025,09:48:54,50879,50866.35,30,50879,240,405,2317140
BANKNIFTY-I.NFO,01/01/2025,09:48:56,50879,50875,15,50878.95,60,45,2317140
BANKNIFTY-I.NFO,01/01/2025,09:48:57,50878.95,50871.75,30,50879,195,360,2317140
BANKNIFTY-I.NFO,01/01/2025,09:48:59,50873,50872.95,30,50879,180,45,2317140
BANKNIFTY-I.NFO,01/01/2025,09:49:01,50876.4,50876.4,15,50885,15,705,2317140
BANKNIFTY-I.NFO,01/01/2025,09:49:02,50880,50878.95,15,50886.8,45,210,2317140
BANKNIFTY-I.NFO,01/01/2025,09:49:04,50875.2,50875.15,30,50885.85,45,105,2317140
BANKNIFTY-I.NFO,01/01/2025,09:49:06,50875,50875,75,50884.9,15,135,2317140
BANKNIFTY-I.NFO,01/01/2025,09:49:07,50882.85,50875,90,50882.55,45,15,2317140
BANKNIFTY-I.NFO,01/01/2025,09:49:09,50884.25,50876.5,75,50884.5,60,240,2317140
BANKNIFTY-I.NFO,01/01/2025,09:49:11,50876.5,50875,135,50876.4,60,120,2317140
BANKNIFTY-I.NFO,01/01/2025,09:49:12,50884.5,50875,90,50884.5,15,135,2317140
BANKNIFTY-I.NFO,01/01/2025,09:49:14,50890.25,50889.3,15,50892.9,15,180,2317140
BANKNIFTY-I.NFO,01/01/2025,09:49:16,50905.05,50904.15,15,50910,15,870,2317140
BANKNIFTY-I.NFO,01/01/2025,09:49:17,50912,50900.95,30,50915,15,60,2317140
BANKNIFTY-I.NFO,01/01/2025,09:49:19,50921.95,50902.7,15,50905.05,45,135,2317140
BANKNIFTY-I.NFO,01/01/2025,09:49:21,50899.3,50899.4,15,50905,15,180,2317140
BANKNIFTY-I.NFO,01/01/2025,09:49:22,50915,50912,75,50916.75,60,135,2317140
BANKNIFTY-I.NFO,01/01/2025,09:49:24,50912,50912.05,15,50916.65,135,30,2317140
BANKNIFTY-I.NFO,01/01/2025,09:49:26,50897.9,50888,105,50898.85,105,210,2317140
BANKNIFTY-I.NFO,01/01/2025,09:49:27,50901.8,50890.9,15,50904.9,45,345,2317140
BANKNIFTY-I.NFO,01/01/2025,09:49:29,50906.4,50900,15,50908.85,45,15,2317140
BANKNIFTY-I.NFO,01/01/2025,09:49:31,50908.85,50900,15,50908,15,30,2317140
BANKNIFTY-I.NFO,01/01/2025,09:49:32,50900,50888.25,45,50901.8,15,30,2317140
BANKNIFTY-I.NFO,01/01/2025,09:49:34,50899.85,50888,90,50901.15,15,270,2317140
BANKNIFTY-I.NFO,01/01/2025,09:49:36,50900,50888,45,50900.45,15,210,2317140
BANKNIFTY-I.NFO,01/01/2025,09:49:37,50900,50888,45,50900.3,15,15,2317140
BANKNIFTY-I.NFO,01/01/2025,09:49:39,50890.25,50890.25,30,50894.9,15,90,2317140
BANKNIFTY-I.NFO,01/01/2025,09:49:41,50890.25,50888,45,50894.9,15,0,2317140
BANKNIFTY-I.NFO,01/01/2025,09:49:42,50888,50888,15,50894.9,15,30,2317140
BANKNIFTY-I.NFO,01/01/2025,09:49:44,50895.95,50890,45,50896.65,45,45,2317140
BANKNIFTY-I.NFO,01/01/2025,09:49:46,50897.15,50890,45,50897.4,15,45,2317140
BANKNIFTY-I.NFO,01/01/2025,09:49:47,50899.05,50899.85,75,50902.35,15,30,2317140
