Ticker,Date,Time,LTP,BuyPrice,BuyQty,SellPrice,SellQty,LTQ,OpenInterest
BANKNIFTY-II.NFO,27/03/2025,09:15:02,51495.05,51488.6,30,51522.35,180,360,2247300
BANKNIFTY-II.NFO,27/03/2025,09:15:02,51493.1,51488.6,30,51522.35,180,0,2247300
BANKNIFTY-II.NFO,27/03/2025,09:15:02,51495.05,51488.6,30,51522.35,180,0,2247300
BANKNIFTY-II.NFO,27/03/2025,09:15:02,51493.1,51488.6,30,51522.35,180,0,2247300
BANKNIFTY-II.NFO,27/03/2025,09:15:03,51475.05,51475.05,30,51505.2,180,270,2247300
BANKNIFTY-II.NFO,27/03/2025,09:15:03,51519.5,51475.05,30,51505.2,180,0,2247300
BANKNIFTY-II.NFO,27/03/2025,09:15:03,51475.05,51475.05,30,51505.2,180,0,2247300
BANKNIFTY-II.NFO,27/03/2025,09:15:04,51483.65,51457.6,90,51483.65,60,300,2247300
BANKNIFTY-II.NFO,27/03/2025,09:15:04,51470,51457.6,90,51483.65,60,0,2247300
BANKNIFTY-II.NFO,27/03/2025,09:15:06,51480.6,51457.7,180,51484.85,120,390,2247300
BANKNIFTY-II.NFO,27/03/2025,09:15:06,51457.6,51457.7,180,51484.85,120,0,2247300
BANKNIFTY-II.NFO,27/03/2025,09:15:08,51498.2,51471.45,150,51499.85,120,210,2247300
BANKNIFTY-II.NFO,27/03/2025,09:15:09,51488,51485.65,30,51488,60,450,2247300
BANKNIFTY-II.NFO,27/03/2025,09:15:11,51500,51488.25,150,51500,60,120,2247300
BANKNIFTY-II.NFO,27/03/2025,09:15:12,51500.35,51500.35,120,51512.75,60,240,2247300
BANKNIFTY-II.NFO,27/03/2025,09:15:14,51500.2,51493.15,120,51508.85,90,330,2247300
BANKNIFTY-II.NFO,27/03/2025,09:15:15,51493.15,51493.15,120,51509.8,30,120,2247300
BANKNIFTY-II.NFO,27/03/2025,09:15:17,51509.4,51501.45,60,51512.2,60,30,2247300
BANKNIFTY-II.NFO,27/03/2025,09:15:18,51493.15,51493.15,90,51500,30,690,2247300
BANKNIFTY-II.NFO,27/03/2025,09:15:18,51520.8,51493.15,90,51500,30,0,2247300
BANKNIFTY-II.NFO,27/03/2025,09:15:20,51493.15,51493.15,30,51501.75,30,450,2247300
BANKNIFTY-II.NFO,27/03/2025,09:15:22,51497.45,51497.45,60,51498.5,30,60,2247300
BANKNIFTY-II.NFO,27/03/2025,09:15:23,51497.45,51493.15,90,51501,180,660,2247300
BANKNIFTY-II.NFO,27/03/2025,09:15:25,51497.05,51497.05,120,51501,180,90,2247300
BANKNIFTY-II.NFO,27/03/2025,09:15:27,51497.45,51493.15,90,51504.25,30,240,2247300
BANKNIFTY-II.NFO,27/03/2025,09:15:28,51504.25,51498.9,150,51511.6,60,30,2247300
BANKNIFTY-II.NFO,27/03/2025,09:15:30,51501,51500,240,51510.8,60,150,2247300
BANKNIFTY-II.NFO,27/03/2025,09:15:32,51498.5,51493.15,60,51502.3,60,420,2247300
BANKNIFTY-II.NFO,27/03/2025,09:15:33,51488,51484.85,30,51489.6,30,240,2247300
BANKNIFTY-II.NFO,27/03/2025,09:15:35,51497.45,51487.2,60,51499.9,60,90,2247300
BANKNIFTY-II.NFO,27/03/2025,09:15:37,51497.2,51487.6,180,51501.6,30,90,2247300
BANKNIFTY-II.NFO,27/03/2025,09:15:38,51519.45,51498.65,180,51512.1,60,1230,2247300
BANKNIFTY-II.NFO,27/03/2025,09:15:40,51511.6,51505.35,300,51511,30,30,2247300
BANKNIFTY-II.NFO,27/03/2025,09:15:42,51500,51500,120,51509.55,90,1650,2247300
BANKNIFTY-II.NFO,27/03/2025,09:15:43,51504.75,51504.75,270,51511.85,30,360,2247300
BANKNIFTY-II.NFO,27/03/2025,09:15:45,51492.45,51492.5,150,51510.15,180,840,2247300
BANKNIFTY-II.NFO,27/03/2025,09:15:47,51501.3,51501.3,150,51503.6,30,240,2247300
BANKNIFTY-II.NFO,27/03/2025,09:15:48,51502.45,51485.55,60,51499.95,120,300,2247300
BANKNIFTY-II.NFO,27/03/2025,09:15:50,51493.1,51492.75,90,51493.1,30,180,2247300
BANKNIFTY-II.NFO,27/03/2025,09:15:52,51499.95,51493.3,90,51497,30,90,2247300
BANKNIFTY-II.NFO,27/03/2025,09:15:53,51497.2,51495.15,30,51497.05,30,180,2247300
BANKNIFTY-II.NFO,27/03/2025,09:15:55,51493.1,51486.35,30,51490,270,300,2247300
BANKNIFTY-II.NFO,27/03/2025,09:15:57,51488.15,51488.15,60,51490,210,90,2247300
BANKNIFTY-II.NFO,27/03/2025,09:15:58,51493.1,51489.05,30,51499.9,60,390,2252610
BANKNIFTY-II.NFO,27/03/2025,09:16:00,51494.45,51486.35,30,51494.2,30,120,2252610
BANKNIFTY-II.NFO,27/03/2025,09:16:02,51490,51484.85,30,51490,390,150,2252610
BANKNIFTY-II.NFO,27/03/2025,09:16:03,51490,51484.85,30,51489.95,120,90,2252610
BANKNIFTY-II.NFO,27/03/2025,09:16:05,51480.6,51484.85,30,51489.95,30,60,2252610
BANKNIFTY-II.NFO,27/03/2025,09:16:07,51490,51480.95,150,51490,180,360,2252610
BANKNIFTY-II.NFO,27/03/2025,09:16:08,51486.35,51480,120,51484.85,60,90,2252610
BANKNIFTY-II.NFO,27/03/2025,09:16:10,51484.85,51480,150,51484.85,30,30,2252610
BANKNIFTY-II.NFO,27/03/2025,09:16:12,51484.85,51484.85,60,51489.6,30,30,2252610
BANKNIFTY-II.NFO,27/03/2025,09:16:13,51480,51477.4,60,51480,60,330,2252610
BANKNIFTY-II.NFO,27/03/2025,09:16:15,51480,51477.4,30,51489.9,90,90,2252610
BANKNIFTY-II.NFO,27/03/2025,09:16:17,51480,51480.05,120,51487.15,30,0,2252610
BANKNIFTY-II.NFO,27/03/2025,09:16:18,51480,51480.05,30,51487.15,30,240,2252610
BANKNIFTY-II.NFO,27/03/2025,09:16:20,51493.05,51491,30,51493.1,30,300,2252610
BANKNIFTY-II.NFO,27/03/2025,09:16:22,51493.05,51491,90,51493.1,30,0,2252610
BANKNIFTY-II.NFO,27/03/2025,09:16:23,51497.4,51491,90,51497.4,30,150,2252610
BANKNIFTY-II.NFO,27/03/2025,09:16:25,51491,51477.1,90,51486,60,90,2252610
BANKNIFTY-II.NFO,27/03/2025,09:16:27,51491,51477.15,60,51484.05,30,0,2252610
BANKNIFTY-II.NFO,27/03/2025,09:16:28,51477.5,51480,90,51483.9,30,240,2252610
BANKNIFTY-II.NFO,27/03/2025,09:16:30,51480,51475,90,51477.25,30,90,2252610
BANKNIFTY-II.NFO,27/03/2025,09:16:32,51470,51467,30,51475.2,30,300,2252610
BANKNIFTY-II.NFO,27/03/2025,09:16:33,51469.8,51466.15,30,51475.4,30,150,2252610
BANKNIFTY-II.NFO,27/03/2025,09:16:35,51466.15,51466.15,30,51474.95,30,30,2252610
BANKNIFTY-II.NFO,27/03/2025,09:16:37,51465.05,51463.65,120,51471.4,30,300,2252610
BANKNIFTY-II.NFO,27/03/2025,09:16:38,51463.65,51462.95,60,51471.45,30,90,2252610
BANKNIFTY-II.NFO,27/03/2025,09:16:40,51466.65,51457.25,90,51463.7,30,240,2252610
BANKNIFTY-II.NFO,27/03/2025,09:16:42,51459.1,51456.65,60,51469.4,30,270,2252610
BANKNIFTY-II.NFO,27/03/2025,09:16:42,51457.25,51456.65,60,51469.4,30,0,2252610
BANKNIFTY-II.NFO,27/03/2025,09:16:43,51460,51457.35,60,51465.9,30,90,2252610
BANKNIFTY-II.NFO,27/03/2025,09:16:45,51458.95,51457.35,90,51463.05,30,330,2252610
BANKNIFTY-II.NFO,27/03/2025,09:16:45,51456,51457.35,90,51463.05,30,0,2252610
BANKNIFTY-II.NFO,27/03/2025,09:16:46,51461.2,51456,540,51462.35,30,600,2252610
BANKNIFTY-II.NFO,27/03/2025,09:16:48,51456,51456.05,120,51463.3,30,120,2252610
BANKNIFTY-II.NFO,27/03/2025,09:16:50,51454.6,51453.8,150,51458.55,30,1890,2252610
BANKNIFTY-II.NFO,27/03/2025,09:16:50,51451,51453.8,150,51458.55,30,0,2252610
BANKNIFTY-II.NFO,27/03/2025,09:16:51,51457.1,51452.65,60,51457.6,30,960,2252610
BANKNIFTY-II.NFO,27/03/2025,09:16:51,51450.55,51452.65,60,51457.6,30,0,2252610
BANKNIFTY-II.NFO,27/03/2025,09:16:53,51460.9,51453.9,60,51455.85,30,510,2252610
BANKNIFTY-II.NFO,27/03/2025,09:16:55,51447.1,51446.15,60,51448.4,30,1410,2252610
BANKNIFTY-II.NFO,27/03/2025,09:16:55,51447.1,51446.15,60,51448.4,30,0,2252610
BANKNIFTY-II.NFO,27/03/2025,09:16:56,51440.7,51440.35,30,51447.15,150,1680,2252610
BANKNIFTY-II.NFO,27/03/2025,09:16:56,51438.3,51440.35,30,51447.15,150,0,2252610
BANKNIFTY-II.NFO,27/03/2025,09:16:58,51441.35,51442.45,60,51446.55,150,150,2252610
BANKNIFTY-II.NFO,27/03/2025,09:17:00,51437.95,51434.2,30,51441.9,30,60,2252610
BANKNIFTY-II.NFO,27/03/2025,09:17:00,51437.95,51434.2,30,51441.9,30,0,2252610
BANKNIFTY-II.NFO,27/03/2025,09:17:01,51434.7,51434.2,30,51447.95,60,210,2252610
BANKNIFTY-II.NFO,27/03/2025,09:17:01,51434.7,51434.2,30,51447.95,60,0,2252610
BANKNIFTY-II.NFO,27/03/2025,09:17:03,51434.7,51438.75,60,51447.95,60,0,2252610
BANKNIFTY-II.NFO,27/03/2025,09:17:05,51437.95,51435,30,51438.5,30,360,2252610
BANKNIFTY-II.NFO,27/03/2025,09:17:05,51432.3,51435,30,51438.5,30,0,2252610
BANKNIFTY-II.NFO,27/03/2025,09:17:06,51432.35,51428.9,60,51434.15,30,450,2252610
BANKNIFTY-II.NFO,27/03/2025,09:17:06,51425,51428.9,60,51434.15,30,0,2252610
BANKNIFTY-II.NFO,27/03/2025,09:17:08,51434.15,51426.55,60,51434.2,30,60,2252610
BANKNIFTY-II.NFO,27/03/2025,09:17:10,51426.6,51428.05,60,51434.2,30,60,2252610
BANKNIFTY-II.NFO,27/03/2025,09:17:11,51428.05,51428.05,120,51430,60,30,2252610
BANKNIFTY-II.NFO,27/03/2025,09:17:13,51420.3,51420.9,60,51425,780,240,2252610
BANKNIFTY-II.NFO,27/03/2025,09:17:13,51420.3,51420.9,60,51425,780,0,2252610
BANKNIFTY-II.NFO,27/03/2025,09:17:15,51422.15,51422.9,60,51425,750,60,2252610
BANKNIFTY-II.NFO,27/03/2025,09:17:16,51420.45,51419.25,120,51425,750,150,2252610
BANKNIFTY-II.NFO,27/03/2025,09:17:18,51425,51424.4,120,51428.05,60,990,2252610
BANKNIFTY-II.NFO,27/03/2025,09:17:18,51418.35,51424.4,120,51428.05,60,0,2252610
BANKNIFTY-II.NFO,27/03/2025,09:17:20,51425.05,51426.25,90,51430,30,120,2252610
BANKNIFTY-II.NFO,27/03/2025,09:17:21,51426.3,51430.9,30,51434.15,60,120,2252610
BANKNIFTY-II.NFO,27/03/2025,09:17:23,51443,51438.65,60,51448,150,120,2252610
BANKNIFTY-II.NFO,27/03/2025,09:17:25,51448,51438.65,180,51448,120,60,2252610
BANKNIFTY-II.NFO,27/03/2025,09:17:26,51448,51439.55,90,51448,60,60,2252610
BANKNIFTY-II.NFO,27/03/2025,09:17:28,51448,51439.6,30,51448,60,30,2252610
BANKNIFTY-II.NFO,27/03/2025,09:17:30,51439.6,51439.6,180,51448,60,30,2252610
BANKNIFTY-II.NFO,27/03/2025,09:17:31,51439.7,51439.65,30,51447.05,120,60,2252610
BANKNIFTY-II.NFO,27/03/2025,09:17:33,51439.95,51439.65,30,51446.8,120,180,2252610
BANKNIFTY-II.NFO,27/03/2025,09:17:35,51439.6,51433.05,30,51439.6,120,630,2252610
BANKNIFTY-II.NFO,27/03/2025,09:17:36,51439.6,51436.5,60,51439.6,120,0,2252610
BANKNIFTY-II.NFO,27/03/2025,09:17:38,51456,51438.75,30,51439.6,150,690,2252610
BANKNIFTY-II.NFO,27/03/2025,09:17:40,51439,51440.9,30,51455.45,120,180,2252610
BANKNIFTY-II.NFO,27/03/2025,09:17:41,51439.85,51439.5,120,51456.05,120,60,2252610
BANKNIFTY-II.NFO,27/03/2025,09:17:43,51456.65,51446.75,120,51457.15,30,30,2252610
BANKNIFTY-II.NFO,27/03/2025,09:17:45,51455.35,51454.6,30,51457.2,30,60,2252610
BANKNIFTY-II.NFO,27/03/2025,09:17:46,51463.65,51464,30,51466.1,30,60,2252610
BANKNIFTY-II.NFO,27/03/2025,09:17:48,51466.15,51465.65,30,51469.65,30,210,2252610
BANKNIFTY-II.NFO,27/03/2025,09:17:50,51466.5,51466,30,51467.5,120,30,2252610
BANKNIFTY-II.NFO,27/03/2025,09:17:51,51468.7,51460.85,30,51469.85,120,270,2252610
BANKNIFTY-II.NFO,27/03/2025,09:17:53,51469.95,51460.05,30,51469.95,30,150,2252610
BANKNIFTY-II.NFO,27/03/2025,09:17:55,51469.95,51460.8,30,51469.95,30,0,2252610
BANKNIFTY-II.NFO,27/03/2025,09:17:56,51469.95,51462.7,30,51469.95,30,0,2252610
BANKNIFTY-II.NFO,27/03/2025,09:17:58,51469.95,51465.65,30,51469.95,60,30,2252610
BANKNIFTY-II.NFO,27/03/2025,09:18:00,51469.05,51469.5,120,51469.95,90,30,2252610
BANKNIFTY-II.NFO,27/03/2025,09:18:01,51470,51473.65,180,51475,60,120,2252610
BANKNIFTY-II.NFO,27/03/2025,09:18:03,51490,51488.8,150,51493.1,30,330,2252610
BANKNIFTY-II.NFO,27/03/2025,09:18:04,51494,51494.4,90,51499.95,30,120,2252610
BANKNIFTY-II.NFO,27/03/2025,09:18:06,51501.3,51494.8,60,51501.3,60,330,2252610
BANKNIFTY-II.NFO,27/03/2025,09:18:08,51501.3,51498.45,90,51505,30,60,2252610
BANKNIFTY-II.NFO,27/03/2025,09:18:09,51519.6,51502.9,90,51519.95,60,180,2252610
BANKNIFTY-II.NFO,27/03/2025,09:18:11,51503.65,51506.5,60,51520,60,30,2252610
BANKNIFTY-II.NFO,27/03/2025,09:18:13,51515.85,51506.85,30,51516.55,120,270,2252610
BANKNIFTY-II.NFO,27/03/2025,09:18:13,51523.2,51506.85,30,51516.55,120,0,2252610
BANKNIFTY-II.NFO,27/03/2025,09:18:14,51511.1,51506.95,30,51510.7,120,120,2252610
BANKNIFTY-II.NFO,27/03/2025,09:18:16,51514.7,51508.2,30,51515.95,150,330,2252610
BANKNIFTY-II.NFO,27/03/2025,09:18:18,51508.2,51508.2,150,51513,30,90,2252610
BANKNIFTY-II.NFO,27/03/2025,09:18:19,51512.5,51508.2,150,51513.3,60,30,2252610
BANKNIFTY-II.NFO,27/03/2025,09:18:21,51508.25,51508.2,210,51514.65,60,90,2252610
BANKNIFTY-II.NFO,27/03/2025,09:18:23,51515.6,51508.25,90,51511.55,60,90,2252610
BANKNIFTY-II.NFO,27/03/2025,09:18:24,51504.6,51496.3,30,51502.25,30,420,2252610
BANKNIFTY-II.NFO,27/03/2025,09:18:26,51498.45,51487.9,30,51496.45,30,150,2252610
BANKNIFTY-II.NFO,27/03/2025,09:18:28,51488.95,51480.3,30,51496.95,60,30,2252610
BANKNIFTY-II.NFO,27/03/2025,09:18:29,51488.95,51480.3,30,51491.95,60,0,2252610
BANKNIFTY-II.NFO,27/03/2025,09:18:31,51486.85,51470.25,180,51490.25,30,60,2252610
BANKNIFTY-II.NFO,27/03/2025,09:18:32,51486.85,51470.3,150,51486.35,30,0,2252610
BANKNIFTY-II.NFO,27/03/2025,09:18:34,51488.1,51471.05,30,51487.35,60,60,2252610
BANKNIFTY-II.NFO,27/03/2025,09:18:36,51488.1,51480,30,51483.25,60,0,2252610
BANKNIFTY-II.NFO,27/03/2025,09:18:37,51471.65,51472.25,30,51487.65,60,60,2252610
BANKNIFTY-II.NFO,27/03/2025,09:18:39,51471.6,51472.4,150,51487.1,60,30,2252610
BANKNIFTY-II.NFO,27/03/2025,09:18:41,51496.4,51479.45,150,51498.95,60,360,2252610
BANKNIFTY-II.NFO,27/03/2025,09:18:42,51482.7,51482.7,120,51499.8,60,30,2252610
BANKNIFTY-II.NFO,27/03/2025,09:18:44,51497.4,51483.1,180,51499.65,30,30,2252610
BANKNIFTY-II.NFO,27/03/2025,09:18:46,51497.4,51486.05,180,51499.55,30,0,2252610
BANKNIFTY-II.NFO,27/03/2025,09:18:47,51486.9,51487,180,51499.9,30,30,2252610
BANKNIFTY-II.NFO,27/03/2025,09:18:49,51487,51491.1,150,51499.85,30,30,2252610
BANKNIFTY-II.NFO,27/03/2025,09:18:50,51491.8,51493.25,150,51499.9,30,60,2252610
BANKNIFTY-II.NFO,27/03/2025,09:18:52,51496.9,51497.1,120,51507.5,60,120,2252610
BANKNIFTY-II.NFO,27/03/2025,09:18:54,51500.05,51501.2,120,51508.15,60,60,2252610
BANKNIFTY-II.NFO,27/03/2025,09:18:55,51500.05,51501.5,150,51508.15,60,0,2252610
BANKNIFTY-II.NFO,27/03/2025,09:18:57,51510,51510,30,51514.35,60,330,2252610
BANKNIFTY-II.NFO,27/03/2025,09:18:59,51510,51510,60,51514.15,120,60,2252610
BANKNIFTY-II.NFO,27/03/2025,09:19:00,51510,51510,150,51512.75,30,60,2257110
BANKNIFTY-II.NFO,27/03/2025,09:19:02,51512.8,51510.1,150,51514.25,60,120,2257110
BANKNIFTY-II.NFO,27/03/2025,09:19:04,51515,51515,330,51515.85,120,330,2257110
BANKNIFTY-II.NFO,27/03/2025,09:19:05,51515,51515.45,120,51515.85,120,90,2257110
BANKNIFTY-II.NFO,27/03/2025,09:19:07,51519,51516,150,51520,60,180,2257110
BANKNIFTY-II.NFO,27/03/2025,09:19:09,51521.05,51521.2,120,51524.95,60,180,2257110
BANKNIFTY-II.NFO,27/03/2025,09:19:09,51525,51521.2,120,51524.95,60,0,2257110
BANKNIFTY-II.NFO,27/03/2025,09:19:10,51525.85,51525.85,30,51534.9,60,210,2257110
BANKNIFTY-II.NFO,27/03/2025,09:19:10,51525.85,51525.85,30,51534.9,60,0,2257110
BANKNIFTY-II.NFO,27/03/2025,09:19:12,51525.85,51525.9,30,51534.9,60,60,2257110
BANKNIFTY-II.NFO,27/03/2025,09:19:14,51525.85,51526.15,30,51526.95,60,0,2257110
BANKNIFTY-II.NFO,27/03/2025,09:19:15,51526.95,51526.2,120,51526.95,30,30,2257110
BANKNIFTY-II.NFO,27/03/2025,09:19:15,51526.95,51526.2,120,51526.95,30,0,2257110
BANKNIFTY-II.NFO,27/03/2025,09:19:17,51526.15,51526.25,90,51529.95,180,180,2257110
BANKNIFTY-II.NFO,27/03/2025,09:19:17,51530,51526.25,90,51529.95,180,0,2257110
BANKNIFTY-II.NFO,27/03/2025,09:19:19,51528.1,51528.1,30,51529.95,60,30,2257110
BANKNIFTY-II.NFO,27/03/2025,09:19:20,51528.1,51529,90,51529.95,60,0,2257110
BANKNIFTY-II.NFO,27/03/2025,09:19:22,51529.9,51529,90,51529.95,60,240,2257110
BANKNIFTY-II.NFO,27/03/2025,09:19:23,51529.9,51529.45,60,51529.95,60,0,2257110
BANKNIFTY-II.NFO,27/03/2025,09:19:25,51529.45,51529.45,150,51529.95,30,60,2257110
BANKNIFTY-II.NFO,27/03/2025,09:19:27,51528.1,51528.1,30,51529.55,180,270,2257110
BANKNIFTY-II.NFO,27/03/2025,09:19:28,51532.7,51525,30,51533.4,30,720,2257110
BANKNIFTY-II.NFO,27/03/2025,09:19:28,51532.7,51525,30,51533.4,30,0,2257110
BANKNIFTY-II.NFO,27/03/2025,09:19:30,51529.2,51527.45,30,51534,30,90,2257110
BANKNIFTY-II.NFO,27/03/2025,09:19:32,51534.95,51534.05,210,51540,30,120,2257110
BANKNIFTY-II.NFO,27/03/2025,09:19:32,51535,51534.05,210,51540,30,0,2257110
BANKNIFTY-II.NFO,27/03/2025,09:19:33,51546.3,51542.9,210,51550,60,90,2257110
BANKNIFTY-II.NFO,27/03/2025,09:19:33,51546.3,51542.9,210,51550,60,0,2257110
BANKNIFTY-II.NFO,27/03/2025,09:19:35,51567.6,51556.5,210,51569.9,30,240,2257110
BANKNIFTY-II.NFO,27/03/2025,09:19:35,51567.6,51556.5,210,51569.9,30,0,2257110
BANKNIFTY-II.NFO,27/03/2025,09:19:37,51575,51571.45,180,51575,30,450,2257110
BANKNIFTY-II.NFO,27/03/2025,09:19:37,51575,51571.45,180,51575,30,0,2257110
BANKNIFTY-II.NFO,27/03/2025,09:19:38,51575,51573.2,30,51582.6,60,30,2257110
BANKNIFTY-II.NFO,27/03/2025,09:19:40,51592.25,51577.95,240,51593.75,30,270,2257110
BANKNIFTY-II.NFO,27/03/2025,09:19:40,51592.25,51577.95,240,51593.75,30,0,2257110
BANKNIFTY-II.NFO,27/03/2025,09:19:42,51585.9,51585.9,270,51602.25,150,1350,2257110
BANKNIFTY-II.NFO,27/03/2025,09:19:42,51604.2,51585.9,270,51602.25,150,0,2257110
BANKNIFTY-II.NFO,27/03/2025,09:19:43,51594.05,51594.05,60,51599.4,150,390,2257110
BANKNIFTY-II.NFO,27/03/2025,09:19:43,51606.25,51594.05,60,51599.4,150,0,2257110
BANKNIFTY-II.NFO,27/03/2025,09:19:45,51594.1,51594.1,30,51604.05,150,150,2257110
BANKNIFTY-II.NFO,27/03/2025,09:19:46,51610,51601.05,150,51611.05,150,120,2257110
BANKNIFTY-II.NFO,27/03/2025,09:19:46,51610,51601.05,150,51611.05,150,0,2257110
BANKNIFTY-II.NFO,27/03/2025,09:19:48,51608,51594.15,90,51605.7,60,120,2257110
BANKNIFTY-II.NFO,27/03/2025,09:19:48,51611.25,51594.15,90,51605.7,60,0,2257110
BANKNIFTY-II.NFO,27/03/2025,09:19:50,51593.25,51593.2,30,51601,60,210,2257110
BANKNIFTY-II.NFO,27/03/2025,09:19:51,51601.05,51594.05,60,51601,60,90,2257110
BANKNIFTY-II.NFO,27/03/2025,09:19:53,51610,51607.8,240,51620,30,360,2257110
BANKNIFTY-II.NFO,27/03/2025,09:19:53,51614,51607.8,240,51620,30,0,2257110
BANKNIFTY-II.NFO,27/03/2025,09:19:55,51628.55,51616.75,90,51629.35,60,540,2257110
BANKNIFTY-II.NFO,27/03/2025,09:19:55,51630.5,51616.75,90,51629.35,60,0,2257110
BANKNIFTY-II.NFO,27/03/2025,09:19:56,51645.3,51641.5,120,51648,30,1020,2257110
BANKNIFTY-II.NFO,27/03/2025,09:19:56,51645.3,51641.5,120,51648,30,0,2257110
BANKNIFTY-II.NFO,27/03/2025,09:19:58,51645.3,51644.8,180,51655,30,420,2257110
BANKNIFTY-II.NFO,27/03/2025,09:19:58,51650,51644.8,180,51655,30,0,2257110
BANKNIFTY-II.NFO,27/03/2025,09:20:00,51664.45,51668.85,180,51687,60,690,2257110
BANKNIFTY-II.NFO,27/03/2025,09:20:00,51689.15,51668.85,180,51687,60,0,2257110
BANKNIFTY-II.NFO,27/03/2025,09:20:01,51685.9,51685.9,150,51712.45,150,1290,2257110
BANKNIFTY-II.NFO,27/03/2025,09:20:01,51702,51685.9,150,51712.45,150,0,2257110
BANKNIFTY-II.NFO,27/03/2025,09:20:03,51698.35,51665.55,30,51698.35,120,1500,2257110
BANKNIFTY-II.NFO,27/03/2025,09:20:05,51660.75,51665.55,30,51678.9,120,180,2257110
BANKNIFTY-II.NFO,27/03/2025,09:20:06,51672.2,51653.1,60,51676.5,120,150,2257110
BANKNIFTY-II.NFO,27/03/2025,09:20:08,51660.45,51645.3,30,51660.45,60,360,2257110
BANKNIFTY-II.NFO,27/03/2025,09:20:10,51659.7,51652.85,30,51660.75,30,180,2257110
BANKNIFTY-II.NFO,27/03/2025,09:20:11,51660.55,51645.3,30,51659.7,120,270,2257110
BANKNIFTY-II.NFO,27/03/2025,09:20:13,51654,51627.05,90,51651.45,90,150,2257110
BANKNIFTY-II.NFO,27/03/2025,09:20:15,51647,51625,60,51645.8,90,90,2257110
BANKNIFTY-II.NFO,27/03/2025,09:20:16,51644.1,51625.05,60,51644.3,60,180,2257110
BANKNIFTY-II.NFO,27/03/2025,09:20:18,51612.2,51610.3,60,51635.9,120,630,2257110
BANKNIFTY-II.NFO,27/03/2025,09:20:20,51612.2,51630.55,30,51632,90,0,2257110
BANKNIFTY-II.NFO,27/03/2025,09:20:21,51625,51611,300,51619,60,270,2257110
BANKNIFTY-II.NFO,27/03/2025,09:20:23,51611,51600,30,51611.9,150,390,2257110
BANKNIFTY-II.NFO,27/03/2025,09:20:25,51600,51582.15,90,51605,60,120,2257110
BANKNIFTY-II.NFO,27/03/2025,09:20:26,51593.55,51577.05,120,51602,30,90,2257110
BANKNIFTY-II.NFO,27/03/2025,09:20:28,51593.55,51577.75,120,51603.65,30,0,2257110
BANKNIFTY-II.NFO,27/03/2025,09:20:30,51621.45,51623.15,30,51625,60,90,2257110
BANKNIFTY-II.NFO,27/03/2025,09:20:31,51625,51623.15,90,51625,30,60,2257110
BANKNIFTY-II.NFO,27/03/2025,09:20:33,51625,51616.4,120,51640.8,60,150,2257110
BANKNIFTY-II.NFO,27/03/2025,09:20:35,51634.7,51622.35,90,51644.05,60,30,2257110
BANKNIFTY-II.NFO,27/03/2025,09:20:36,51649.2,51634.6,90,51649.95,30,90,2257110
BANKNIFTY-II.NFO,27/03/2025,09:20:38,51656.05,51642.25,30,51653.2,60,150,2257110
BANKNIFTY-II.NFO,27/03/2025,09:20:40,51647.8,51631.05,180,51653.35,60,570,2257110
BANKNIFTY-II.NFO,27/03/2025,09:20:41,51647.8,51642.2,60,51649.95,30,0,2257110
BANKNIFTY-II.NFO,27/03/2025,09:20:43,51648.6,51642.35,90,51649.95,30,210,2257110
BANKNIFTY-II.NFO,27/03/2025,09:20:45,51646.15,51642.4,90,51649.95,30,90,2257110
BANKNIFTY-II.NFO,27/03/2025,09:20:46,51645.1,51645.1,60,51650,60,30,2257110
BANKNIFTY-II.NFO,27/03/2025,09:20:48,51649.95,51645.15,90,51650,390,60,2257110
BANKNIFTY-II.NFO,27/03/2025,09:20:50,51660.75,51661.4,120,51674.95,30,810,2257110
BANKNIFTY-II.NFO,27/03/2025,09:20:51,51671.85,51671.85,30,51683.95,60,270,2257110
BANKNIFTY-II.NFO,27/03/2025,09:20:53,51685.9,51684.15,90,51689,30,480,2257110
BANKNIFTY-II.NFO,27/03/2025,09:20:55,51684.15,51689.2,30,51691.15,30,390,2257110
BANKNIFTY-II.NFO,27/03/2025,09:20:56,51697,51691.15,30,51698.95,60,90,2257110
BANKNIFTY-II.NFO,27/03/2025,09:20:58,51691.15,51691.2,30,51697.85,30,180,2257110
BANKNIFTY-II.NFO,27/03/2025,09:21:00,51690.8,51684.15,300,51693,90,630,2257110
BANKNIFTY-II.NFO,27/03/2025,09:21:01,51684.15,51670.15,30,51681.25,60,540,2257110
BANKNIFTY-II.NFO,27/03/2025,09:21:03,51670,51656.05,30,51669.65,120,210,2257110
BANKNIFTY-II.NFO,27/03/2025,09:21:05,51661.85,51656.75,30,51663.85,90,240,2257110
BANKNIFTY-II.NFO,27/03/2025,09:21:06,51670.9,51660.15,150,51674.15,60,990,2257110
BANKNIFTY-II.NFO,27/03/2025,09:21:08,51667.15,51667.2,60,51681.5,300,30,2257110
BANKNIFTY-II.NFO,27/03/2025,09:21:10,51680.55,51671.25,30,51682.4,60,150,2257110
BANKNIFTY-II.NFO,27/03/2025,09:21:11,51676.8,51673.75,30,51681.45,120,60,2257110
BANKNIFTY-II.NFO,27/03/2025,09:21:13,51673.65,51670.1,30,51672.4,90,360,2257110
BANKNIFTY-II.NFO,27/03/2025,09:21:15,51670,51644.7,90,51663,150,120,2257110
BANKNIFTY-II.NFO,27/03/2025,09:21:16,51636.3,51636,30,51656,120,570,2257110
BANKNIFTY-II.NFO,27/03/2025,09:21:18,51636.3,51646.05,60,51658.45,120,0,2257110
BANKNIFTY-II.NFO,27/03/2025,09:21:20,51657.1,51646.05,30,51656.75,120,420,2257110
BANKNIFTY-II.NFO,27/03/2025,09:21:21,51646.05,51640,30,51647.65,90,90,2257110
BANKNIFTY-II.NFO,27/03/2025,09:21:23,51634.7,51625,60,51637.95,120,60,2257110
BANKNIFTY-II.NFO,27/03/2025,09:21:25,51634.7,51631.55,30,51636.2,30,0,2257110
BANKNIFTY-II.NFO,27/03/2025,09:21:26,51636.2,51631.6,30,51634.5,90,30,2257110
BANKNIFTY-II.NFO,27/03/2025,09:21:28,51631.5,51625.05,30,51630.35,60,90,2257110
BANKNIFTY-II.NFO,27/03/2025,09:21:30,51626.9,51608.95,180,51626.3,150,270,2257110
BANKNIFTY-II.NFO,27/03/2025,09:21:31,51617.6,51608,60,51623.5,30,30,2257110
BANKNIFTY-II.NFO,27/03/2025,09:21:33,51609.05,51617,30,51626,90,240,2257110
BANKNIFTY-II.NFO,27/03/2025,09:21:35,51628,51621.55,30,51627.75,60,60,2257110
BANKNIFTY-II.NFO,27/03/2025,09:21:36,51625,51621.6,30,51625,90,60,2257110
BANKNIFTY-II.NFO,27/03/2025,09:21:38,51621.65,51621.6,60,51625,90,30,2257110
BANKNIFTY-II.NFO,27/03/2025,09:21:40,51621.65,51621.65,30,51625,90,0,2257110
BANKNIFTY-II.NFO,27/03/2025,09:21:41,51621.65,51621.65,60,51625,90,0,2257110
BANKNIFTY-II.NFO,27/03/2025,09:21:43,51626.9,51627.1,60,51632.85,60,150,2257110
BANKNIFTY-II.NFO,27/03/2025,09:21:45,51639,51633.25,60,51645.25,150,420,2257110
BANKNIFTY-II.NFO,27/03/2025,09:21:46,51633.3,51633.3,30,51644.85,30,90,2257110
BANKNIFTY-II.NFO,27/03/2025,09:21:48,51639,51638.55,30,51642.45,60,90,2257110
BANKNIFTY-II.NFO,27/03/2025,09:21:50,51640.5,51638.55,30,51640.05,60,30,2257110
BANKNIFTY-II.NFO,27/03/2025,09:21:51,51638,51638.55,30,51639.45,60,120,2257110
BANKNIFTY-II.NFO,27/03/2025,09:21:53,51645.25,51639.8,120,51649.95,30,180,2257110
BANKNIFTY-II.NFO,27/03/2025,09:21:55,51661.3,51659.45,30,51661.3,90,210,2257110
BANKNIFTY-II.NFO,27/03/2025,09:21:57,51657.45,51650.1,30,51655.75,30,60,2257110
BANKNIFTY-II.NFO,27/03/2025,09:21:58,51650.15,51650,60,51659.95,30,150,2257110
BANKNIFTY-II.NFO,27/03/2025,09:22:00,51655.7,51652.25,90,51659.9,60,30,2262150
BANKNIFTY-II.NFO,27/03/2025,09:22:02,51660.15,51660.55,90,51670,60,420,2262150
BANKNIFTY-II.NFO,27/03/2025,09:22:03,51660.6,51660.65,120,51670,60,30,2262150
BANKNIFTY-II.NFO,27/03/2025,09:22:05,51676.8,51672.85,90,51680,120,300,2262150
BANKNIFTY-II.NFO,27/03/2025,09:22:07,51684.7,51673.15,30,51684.5,60,300,2262150
BANKNIFTY-II.NFO,27/03/2025,09:22:08,51673.15,51673.15,30,51680.2,60,90,2262150
BANKNIFTY-II.NFO,27/03/2025,09:22:10,51673.3,51673.55,30,51683,60,150,2262150
BANKNIFTY-II.NFO,27/03/2025,09:22:12,51673.3,51674.05,30,51683.15,60,0,2262150
BANKNIFTY-II.NFO,27/03/2025,09:22:13,51684.45,51674.25,90,51684.1,120,480,2262150
BANKNIFTY-II.NFO,27/03/2025,09:22:15,51684.45,51674.3,30,51683.8,60,0,2262150
BANKNIFTY-II.NFO,27/03/2025,09:22:17,51678.55,51679.6,30,51684.5,60,150,2262150
BANKNIFTY-II.NFO,27/03/2025,09:22:18,51679.6,51673.2,30,51680.9,30,30,2262150
BANKNIFTY-II.NFO,27/03/2025,09:22:20,51679.6,51679.6,30,51681.9,30,0,2262150
BANKNIFTY-II.NFO,27/03/2025,09:22:22,51681.9,51679.6,30,51684.55,30,60,2262150
BANKNIFTY-II.NFO,27/03/2025,09:22:23,51681.9,51679.6,30,51684.95,30,0,2262150
BANKNIFTY-II.NFO,27/03/2025,09:22:25,51680,51679.75,30,51681.9,90,270,2262150
BANKNIFTY-II.NFO,27/03/2025,09:22:27,51690,51684.8,90,51692,150,300,2262150
BANKNIFTY-II.NFO,27/03/2025,09:22:28,51694,51692,150,51696.65,30,450,2262150
BANKNIFTY-II.NFO,27/03/2025,09:22:30,51693.8,51693.9,60,51700,750,270,2262150
BANKNIFTY-II.NFO,27/03/2025,09:22:32,51699.65,51698.6,30,51700.9,60,1950,2262150
BANKNIFTY-II.NFO,27/03/2025,09:22:33,51698.6,51693.9,60,51698.65,150,240,2262150
BANKNIFTY-II.NFO,27/03/2025,09:22:35,51694,51693.95,30,51698,90,360,2262150
BANKNIFTY-II.NFO,27/03/2025,09:22:37,51698,51694.2,30,51698,30,90,2262150
BANKNIFTY-II.NFO,27/03/2025,09:22:38,51698,51694.45,30,51699,150,450,2262150
BANKNIFTY-II.NFO,27/03/2025,09:22:40,51699,51694.8,30,51698.25,150,60,2262150
BANKNIFTY-II.NFO,27/03/2025,09:22:42,51689.5,51688.4,30,51691.2,30,210,2262150
BANKNIFTY-II.NFO,27/03/2025,09:22:43,51678.95,51679.05,30,51681.6,90,420,2262150
BANKNIFTY-II.NFO,27/03/2025,09:22:45,51675.5,51675.05,30,51676.55,90,150,2262150
BANKNIFTY-II.NFO,27/03/2025,09:22:47,51674.85,51673.3,30,51676.45,30,120,2262150
BANKNIFTY-II.NFO,27/03/2025,09:22:48,51676.55,51673.3,60,51675.75,60,330,2262150
BANKNIFTY-II.NFO,27/03/2025,09:22:50,51676.8,51673.35,30,51679.1,150,30,2262150
BANKNIFTY-II.NFO,27/03/2025,09:22:52,51675.15,51679.7,120,51688.95,30,30,2262150
BANKNIFTY-II.NFO,27/03/2025,09:22:53,51686.1,51686.15,90,51696.5,60,90,2262150
BANKNIFTY-II.NFO,27/03/2025,09:22:55,51699,51691.95,90,51699,60,300,2262150
BANKNIFTY-II.NFO,27/03/2025,09:22:57,51699,51692.4,60,51699.05,30,120,2262150
BANKNIFTY-II.NFO,27/03/2025,09:22:58,51699.35,51692.45,30,51698.1,30,90,2262150
BANKNIFTY-II.NFO,27/03/2025,09:23:00,51698.25,51692.5,60,51696.55,150,120,2262150
BANKNIFTY-II.NFO,27/03/2025,09:23:02,51682.8,51680.05,30,51687.7,30,270,2262150
BANKNIFTY-II.NFO,27/03/2025,09:23:03,51687.3,51676.3,30,51686.65,120,450,2262150
BANKNIFTY-II.NFO,27/03/2025,09:23:05,51687.3,51673.45,300,51676.3,60,0,2262150
BANKNIFTY-II.NFO,27/03/2025,09:23:07,51676.3,51673.15,30,51676.3,30,30,2262150
BANKNIFTY-II.NFO,27/03/2025,09:23:08,51673.15,51672.05,60,51676.3,30,30,2262150
BANKNIFTY-II.NFO,27/03/2025,09:23:10,51692.25,51684.7,60,51692.45,60,360,2262150
BANKNIFTY-II.NFO,27/03/2025,09:23:12,51685.65,51685.95,60,51693,60,240,2262150
BANKNIFTY-II.NFO,27/03/2025,09:23:13,51693,51682.6,60,51692.7,60,30,2262150
BANKNIFTY-II.NFO,27/03/2025,09:23:15,51682.6,51680.95,60,51690.6,30,30,2262150
BANKNIFTY-II.NFO,27/03/2025,09:23:17,51692.35,51681.25,30,51692.5,60,180,2262150
BANKNIFTY-II.NFO,27/03/2025,09:23:18,51692.35,51681.3,30,51686.35,30,0,2262150
BANKNIFTY-II.NFO,27/03/2025,09:23:20,51673.95,51676.05,30,51685.25,30,330,2262150
BANKNIFTY-II.NFO,27/03/2025,09:23:22,51684.65,51688.1,60,51694.5,60,60,2262150
BANKNIFTY-II.NFO,27/03/2025,09:23:23,51696.05,51686.55,240,51697.25,60,60,2262150
BANKNIFTY-II.NFO,27/03/2025,09:23:25,51697.15,51701.3,120,51702.3,60,1800,2262150
BANKNIFTY-II.NFO,27/03/2025,09:23:25,51702.15,51701.3,120,51702.3,60,0,2262150
BANKNIFTY-II.NFO,27/03/2025,09:23:26,51710.45,51703.3,30,51710.15,60,270,2262150
BANKNIFTY-II.NFO,27/03/2025,09:23:26,51710.45,51703.3,30,51710.15,60,0,2262150
BANKNIFTY-II.NFO,27/03/2025,09:23:28,51716.1,51717.25,30,51724.5,60,360,2262150
BANKNIFTY-II.NFO,27/03/2025,09:23:28,51719,51717.25,30,51724.5,60,0,2262150
BANKNIFTY-II.NFO,27/03/2025,09:23:30,51720.65,51717.8,180,51725.05,30,300,2262150
BANKNIFTY-II.NFO,27/03/2025,09:23:30,51725,51717.8,180,51725.05,30,0,2262150
BANKNIFTY-II.NFO,27/03/2025,09:23:31,51725.05,51725,900,51728.9,30,30,2262150
BANKNIFTY-II.NFO,27/03/2025,09:23:31,51725.05,51725,900,51728.9,30,0,2262150
BANKNIFTY-II.NFO,27/03/2025,09:23:33,51730,51725,930,51732.8,30,90,2262150
BANKNIFTY-II.NFO,27/03/2025,09:23:33,51730,51725,930,51732.8,30,0,2262150
BANKNIFTY-II.NFO,27/03/2025,09:23:35,51733.45,51725,900,51734.35,30,210,2262150
BANKNIFTY-II.NFO,27/03/2025,09:23:35,51734.5,51725,900,51734.35,30,0,2262150
BANKNIFTY-II.NFO,27/03/2025,09:23:36,51732.2,51728.4,30,51733.05,30,90,2262150
BANKNIFTY-II.NFO,27/03/2025,09:23:38,51729.1,51729.1,870,51731.8,60,300,2262150
BANKNIFTY-II.NFO,27/03/2025,09:23:38,51734.95,51729.1,870,51731.8,60,0,2262150
BANKNIFTY-II.NFO,27/03/2025,09:23:40,51728.4,51725.05,90,51728.05,30,1080,2262150
BANKNIFTY-II.NFO,27/03/2025,09:23:41,51724.75,51710,30,51723.9,120,1110,2262150
BANKNIFTY-II.NFO,27/03/2025,09:23:43,51723.35,51716.15,90,51725,150,120,2262150
BANKNIFTY-II.NFO,27/03/2025,09:23:45,51727,51716.45,120,51727.6,60,240,2262150
BANKNIFTY-II.NFO,27/03/2025,09:23:46,51716.45,51723.35,30,51726.85,30,90,2262150
BANKNIFTY-II.NFO,27/03/2025,09:23:48,51725.6,51712.75,30,51723.8,30,120,2262150
BANKNIFTY-II.NFO,27/03/2025,09:23:50,51726.35,51716.1,120,51729,30,330,2262150
BANKNIFTY-II.NFO,27/03/2025,09:23:51,51726.35,51724.55,90,51729,30,0,2262150
BANKNIFTY-II.NFO,27/03/2025,09:23:53,51729,51726.15,90,51730,150,270,2262150
BANKNIFTY-II.NFO,27/03/2025,09:23:55,51720.7,51720.5,60,51729,30,1050,2262150
BANKNIFTY-II.NFO,27/03/2025,09:23:56,51730,51730,1260,51737.7,60,240,2262150
BANKNIFTY-II.NFO,27/03/2025,09:23:58,51734.7,51730,1530,51733.05,60,240,2262150
BANKNIFTY-II.NFO,27/03/2025,09:23:58,51738.25,51730,1530,51733.05,60,0,2262150
BANKNIFTY-II.NFO,27/03/2025,09:24:00,51730,51730,1290,51735.9,60,300,2262150
BANKNIFTY-II.NFO,27/03/2025,09:24:01,51730,51730,930,51735.05,30,420,2262150
BANKNIFTY-II.NFO,27/03/2025,09:24:03,51730.05,51720.05,30,51731.55,90,990,2262150
BANKNIFTY-II.NFO,27/03/2025,09:24:05,51730,51722.05,60,51733.6,30,150,2262150
BANKNIFTY-II.NFO,27/03/2025,09:24:06,51724.05,51722.1,90,51734.3,30,30,2262150
BANKNIFTY-II.NFO,27/03/2025,09:24:08,51733.05,51723.65,60,51733.15,60,180,2262150
BANKNIFTY-II.NFO,27/03/2025,09:24:10,51724.05,51723.7,30,51733.25,60,60,2262150
BANKNIFTY-II.NFO,27/03/2025,09:24:12,51723.7,51723.7,120,51732.2,30,30,2262150
BANKNIFTY-II.NFO,27/03/2025,09:24:13,51720,51724.05,30,51731.6,90,180,2262150
BANKNIFTY-II.NFO,27/03/2025,09:24:15,51724.3,51724.05,60,51728.85,90,30,2262150
BANKNIFTY-II.NFO,27/03/2025,09:24:17,51716.1,51724.1,30,51728.7,120,270,2262150
BANKNIFTY-II.NFO,27/03/2025,09:24:18,51713,51724.1,60,51728.8,30,60,2262150
BANKNIFTY-II.NFO,27/03/2025,09:24:20,51714.1,51711.95,90,51729.2,90,120,2262150
BANKNIFTY-II.NFO,27/03/2025,09:24:22,51713.9,51712,60,51729.75,90,330,2262150
BANKNIFTY-II.NFO,27/03/2025,09:24:23,51729.95,51729.2,30,51730,930,210,2262150
BANKNIFTY-II.NFO,27/03/2025,09:24:25,51728.6,51710.05,30,51725.75,30,270,2262150
BANKNIFTY-II.NFO,27/03/2025,09:24:27,51728,51712.9,30,51723.5,90,120,2262150
BANKNIFTY-II.NFO,27/03/2025,09:24:28,51717.9,51712.9,30,51717.8,90,90,2262150
BANKNIFTY-II.NFO,27/03/2025,09:24:30,51712.6,51710,330,51713.2,60,180,2262150
BANKNIFTY-II.NFO,27/03/2025,09:24:32,51710,51710,60,51713,30,300,2262150
BANKNIFTY-II.NFO,27/03/2025,09:24:33,51710,51701,30,51710.3,60,90,2262150
BANKNIFTY-II.NFO,27/03/2025,09:24:35,51700,51700,150,51700.6,30,90,2262150
BANKNIFTY-II.NFO,27/03/2025,09:24:37,51700.6,51700,150,51710.85,30,30,2262150
BANKNIFTY-II.NFO,27/03/2025,09:24:38,51713,51704.8,120,51719.65,60,150,2262150
BANKNIFTY-II.NFO,27/03/2025,09:24:40,51707.2,51707.2,90,51719,60,150,2262150
BANKNIFTY-II.NFO,27/03/2025,09:24:42,51719.3,51707.15,30,51720,30,450,2262150
BANKNIFTY-II.NFO,27/03/2025,09:24:43,51712.9,51700.05,90,51708.6,30,240,2262150
BANKNIFTY-II.NFO,27/03/2025,09:24:45,51712.95,51700.4,120,51712.95,30,30,2262150
BANKNIFTY-II.NFO,27/03/2025,09:24:47,51700.5,51700.35,30,51712.95,30,30,2262150
BANKNIFTY-II.NFO,27/03/2025,09:24:48,51700.5,51700.4,90,51711.7,30,120,2262150
BANKNIFTY-II.NFO,27/03/2025,09:24:50,51711.4,51700.35,60,51712.05,90,150,2262150
BANKNIFTY-II.NFO,27/03/2025,09:24:52,51712.95,51702.05,60,51712.95,150,150,2262150
BANKNIFTY-II.NFO,27/03/2025,09:24:53,51702.05,51702.15,90,51711.35,30,30,2262150
BANKNIFTY-II.NFO,27/03/2025,09:24:55,51711.35,51702.15,60,51712.5,90,90,2262150
BANKNIFTY-II.NFO,27/03/2025,09:24:57,51702.15,51702.15,60,51711.55,90,90,2262150
BANKNIFTY-II.NFO,27/03/2025,09:24:58,51711.55,51702.5,30,51712.95,150,60,2262150
BANKNIFTY-II.NFO,27/03/2025,09:25:00,51702.15,51702.1,30,51710.95,60,270,2262150
BANKNIFTY-II.NFO,27/03/2025,09:25:02,51707,51702.5,30,51710,180,150,2268540
BANKNIFTY-II.NFO,27/03/2025,09:25:03,51712.95,51707.65,60,51712.95,30,480,2268540
BANKNIFTY-II.NFO,27/03/2025,09:25:05,51720,51714.7,30,51724.2,60,210,2268540
BANKNIFTY-II.NFO,27/03/2025,09:25:07,51728.75,51722.1,30,51730,600,750,2268540
BANKNIFTY-II.NFO,27/03/2025,09:25:08,51729.85,51722.15,30,51728,30,90,2268540
BANKNIFTY-II.NFO,27/03/2025,09:25:10,51722.2,51722.15,60,51730,600,60,2268540
BANKNIFTY-II.NFO,27/03/2025,09:25:12,51730,51722.2,30,51728.45,30,60,2268540
BANKNIFTY-II.NFO,27/03/2025,09:25:13,51728.45,51722.25,30,51727.2,30,180,2268540
BANKNIFTY-II.NFO,27/03/2025,09:25:15,51722.25,51722.25,30,51723.45,90,30,2268540
BANKNIFTY-II.NFO,27/03/2025,09:25:17,51717.1,51706.65,30,51711.3,60,1080,2268540
BANKNIFTY-II.NFO,27/03/2025,09:25:18,51714,51706.7,60,51711.3,30,900,2268540
BANKNIFTY-II.NFO,27/03/2025,09:25:20,51705.45,51702.15,30,51707.2,150,180,2268540
BANKNIFTY-II.NFO,27/03/2025,09:25:21,51705.45,51702.15,60,51705.4,30,60,2268540
BANKNIFTY-II.NFO,27/03/2025,09:25:23,51700,51688.6,60,51696.15,90,1170,2268540
BANKNIFTY-II.NFO,27/03/2025,09:25:25,51686.65,51686.6,30,51688.7,30,120,2268540
BANKNIFTY-II.NFO,27/03/2025,09:25:26,51679.25,51678.9,60,51686.1,150,390,2268540
BANKNIFTY-II.NFO,27/03/2025,09:25:28,51679.25,51677.2,90,51686.2,30,0,2268540
BANKNIFTY-II.NFO,27/03/2025,09:25:30,51676.65,51679.25,300,51688.4,30,510,2268540
BANKNIFTY-II.NFO,27/03/2025,09:25:31,51679.25,51675.05,30,51679.25,210,300,2268540
BANKNIFTY-II.NFO,27/03/2025,09:25:33,51679.25,51676.65,30,51679.25,150,60,2268540
BANKNIFTY-II.NFO,27/03/2025,09:25:35,51675,51676.65,30,51679.25,120,120,2268540
BANKNIFTY-II.NFO,27/03/2025,09:25:36,51675,51676.65,60,51679.25,120,0,2268540
BANKNIFTY-II.NFO,27/03/2025,09:25:38,51676.5,51676.65,60,51679.25,60,150,2268540
BANKNIFTY-II.NFO,27/03/2025,09:25:40,51670.15,51670,60,51675,330,210,2268540
BANKNIFTY-II.NFO,27/03/2025,09:25:41,51670,51670,30,51675,330,30,2268540
BANKNIFTY-II.NFO,27/03/2025,09:25:43,51675,51674,150,51679.25,60,330,2268540
BANKNIFTY-II.NFO,27/03/2025,09:25:45,51690,51685,90,51690,450,240,2268540
BANKNIFTY-II.NFO,27/03/2025,09:25:46,51690,51686.8,90,51690,300,180,2268540
BANKNIFTY-II.NFO,27/03/2025,09:25:48,51699,51692.75,90,51700,60,720,2268540
BANKNIFTY-II.NFO,27/03/2025,09:25:50,51692.8,51692.8,90,51699.95,90,180,2268540
BANKNIFTY-II.NFO,27/03/2025,09:25:51,51710,51704.1,150,51717.1,60,120,2268540
BANKNIFTY-II.NFO,27/03/2025,09:25:53,51725,51717.3,180,51725,120,270,2268540
BANKNIFTY-II.NFO,27/03/2025,09:25:55,51730,51726.65,60,51730,1290,600,2268540
BANKNIFTY-II.NFO,27/03/2025,09:25:56,51730,51727.1,30,51730,1290,0,2268540
BANKNIFTY-II.NFO,27/03/2025,09:25:58,51730,51727.2,60,51730,180,210,2268540
BANKNIFTY-II.NFO,27/03/2025,09:26:00,51730,51727.25,60,51730,60,150,2268540
BANKNIFTY-II.NFO,27/03/2025,09:26:01,51730,51727.3,60,51730,30,60,2268540
BANKNIFTY-II.NFO,27/03/2025,09:26:03,51730,51727.3,90,51729.8,30,0,2268540
BANKNIFTY-II.NFO,27/03/2025,09:26:05,51733,51727.55,90,51735,90,90,2268540
BANKNIFTY-II.NFO,27/03/2025,09:26:06,51739,51738.15,30,51739,30,390,2268540
BANKNIFTY-II.NFO,27/03/2025,09:26:06,51739,51738.15,30,51739,30,0,2268540
BANKNIFTY-II.NFO,27/03/2025,09:26:08,51739,51738.15,60,51740,180,60,2268540
BANKNIFTY-II.NFO,27/03/2025,09:26:10,51744,51740.95,30,51745,30,630,2268540
BANKNIFTY-II.NFO,27/03/2025,09:26:10,51744,51740.95,30,51745,30,0,2268540
BANKNIFTY-II.NFO,27/03/2025,09:26:11,51747.05,51742.95,30,51747.45,30,810,2268540
BANKNIFTY-II.NFO,27/03/2025,09:26:11,51749,51742.95,30,51747.45,30,0,2268540
BANKNIFTY-II.NFO,27/03/2025,09:26:13,51742.95,51739,30,51744.2,60,600,2268540
BANKNIFTY-II.NFO,27/03/2025,09:26:15,51744,51734.4,90,51746.7,30,480,2268540
BANKNIFTY-II.NFO,27/03/2025,09:26:17,51746.25,51736.15,30,51745.8,30,30,2268540
BANKNIFTY-II.NFO,27/03/2025,09:26:18,51743.9,51740.4,120,51743.9,90,150,2268540
BANKNIFTY-II.NFO,27/03/2025,09:26:20,51740.4,51730.45,90,51742,60,90,2268540
BANKNIFTY-II.NFO,27/03/2025,09:26:22,51740.4,51730.65,30,51735.6,30,0,2268540
BANKNIFTY-II.NFO,27/03/2025,09:26:23,51730,51720.05,30,51730.45,30,420,2268540
BANKNIFTY-II.NFO,27/03/2025,09:26:25,51730.2,51709.05,90,51720.25,90,120,2268540
BANKNIFTY-II.NFO,27/03/2025,09:26:27,51701.15,51703.95,60,51710,30,120,2268540
BANKNIFTY-II.NFO,27/03/2025,09:26:28,51712.5,51703.45,120,51712.95,90,390,2268540
BANKNIFTY-II.NFO,27/03/2025,09:26:30,51712.5,51703.65,120,51712.5,30,0,2268540
BANKNIFTY-II.NFO,27/03/2025,09:26:32,51711.4,51701.1,30,51708,90,60,2268540
BANKNIFTY-II.NFO,27/03/2025,09:26:33,51705.75,51697.75,30,51704.25,30,120,2268540
BANKNIFTY-II.NFO,27/03/2025,09:26:35,51702.25,51689.75,90,51693.7,30,90,2268540
BANKNIFTY-II.NFO,27/03/2025,09:26:37,51694.3,51690.55,60,51693.8,30,90,2268540
BANKNIFTY-II.NFO,27/03/2025,09:26:38,51690.35,51686.35,60,51691.15,30,30,2268540
BANKNIFTY-II.NFO,27/03/2025,09:26:40,51690.35,51680,30,51682.05,60,0,2268540
BANKNIFTY-II.NFO,27/03/2025,09:26:42,51687.75,51680,60,51687.8,30,90,2268540
BANKNIFTY-II.NFO,27/03/2025,09:26:43,51675,51670.85,60,51675,750,270,2268540
BANKNIFTY-II.NFO,27/03/2025,09:26:45,51675,51681.4,90,51689.3,30,750,2268540
BANKNIFTY-II.NFO,27/03/2025,09:26:47,51697.95,51687,90,51695.6,30,300,2268540
BANKNIFTY-II.NFO,27/03/2025,09:26:48,51687.55,51691.05,90,51703,60,60,2268540
BANKNIFTY-II.NFO,27/03/2025,09:26:50,51693.45,51698.3,90,51705.2,30,120,2268540
BANKNIFTY-II.NFO,27/03/2025,09:26:52,51693.45,51698.4,60,51700.55,30,0,2268540
BANKNIFTY-II.NFO,27/03/2025,09:26:53,51698.7,51692.05,150,51698.35,90,210,2268540
BANKNIFTY-II.NFO,27/03/2025,09:26:55,51698.35,51692.15,60,51698.35,90,30,2268540
BANKNIFTY-II.NFO,27/03/2025,09:26:57,51692.15,51692.1,30,51696.9,60,240,2268540
BANKNIFTY-II.NFO,27/03/2025,09:26:58,51689.95,51682.3,90,51689.85,30,480,2268540
BANKNIFTY-II.NFO,27/03/2025,09:27:00,51682.3,51682.3,90,51689.95,60,30,2268540
BANKNIFTY-II.NFO,27/03/2025,09:27:02,51682.3,51681.35,90,51688.05,210,0,2268540
BANKNIFTY-II.NFO,27/03/2025,09:27:03,51680,51675.05,30,51678.45,30,60,2268540
BANKNIFTY-II.NFO,27/03/2025,09:27:05,51675,51670.35,60,51676.75,30,90,2268540
BANKNIFTY-II.NFO,27/03/2025,09:27:07,51675,51670.9,60,51676.1,30,0,2268540
BANKNIFTY-II.NFO,27/03/2025,09:27:08,51670.35,51670.05,60,51675.7,30,30,2268540
BANKNIFTY-II.NFO,27/03/2025,09:27:10,51674.95,51670.05,30,51675,30,60,2268540
BANKNIFTY-II.NFO,27/03/2025,09:27:12,51670.05,51672,30,51679.95,30,120,2268540
BANKNIFTY-II.NFO,27/03/2025,09:27:13,51670,51670,30,51678.55,30,120,2268540
BANKNIFTY-II.NFO,27/03/2025,09:27:15,51670,51668.05,90,51676.65,90,30,2268540
BANKNIFTY-II.NFO,27/03/2025,09:27:17,51670,51668.85,90,51676.65,90,0,2268540
BANKNIFTY-II.NFO,27/03/2025,09:27:18,51670,51668.45,90,51676.65,90,120,2268540
BANKNIFTY-II.NFO,27/03/2025,09:27:20,51676.65,51670,180,51676.65,60,30,2268540
BANKNIFTY-II.NFO,27/03/2025,09:27:22,51670.05,51670,210,51676.65,60,30,2268540
BANKNIFTY-II.NFO,27/03/2025,09:27:23,51670,51670,180,51676.65,60,30,2268540
BANKNIFTY-II.NFO,27/03/2025,09:27:25,51670,51670,180,51671.9,30,60,2268540
BANKNIFTY-II.NFO,27/03/2025,09:27:27,51660.25,51660,90,51664.65,30,210,2268540
BANKNIFTY-II.NFO,27/03/2025,09:27:28,51665.65,51660,90,51662.4,30,480,2268540
BANKNIFTY-II.NFO,27/03/2025,09:27:30,51664.05,51660.05,90,51662.45,30,120,2268540
BANKNIFTY-II.NFO,27/03/2025,09:27:32,51662.45,51655,30,51661.45,30,150,2268540
BANKNIFTY-II.NFO,27/03/2025,09:27:33,51651.8,51655.05,30,51656.65,30,120,2268540
BANKNIFTY-II.NFO,27/03/2025,09:27:35,51656.65,51660.25,30,51662.7,30,180,2268540
BANKNIFTY-II.NFO,27/03/2025,09:27:37,51652.1,51652.1,90,51661.2,30,270,2268540
BANKNIFTY-II.NFO,27/03/2025,09:27:38,51652.1,51655.5,150,51663.85,30,0,2268540
BANKNIFTY-II.NFO,27/03/2025,09:27:40,51655.5,51655.55,120,51664.95,30,30,2268540
BANKNIFTY-II.NFO,27/03/2025,09:27:42,51655.5,51659.8,90,51667.95,30,0,2268540
BANKNIFTY-II.NFO,27/03/2025,09:27:43,51668,51662.65,120,51668.45,60,60,2268540
BANKNIFTY-II.NFO,27/03/2025,09:27:45,51670,51669.9,90,51676.65,30,150,2268540
BANKNIFTY-II.NFO,27/03/2025,09:27:47,51676.65,51679.15,30,51680,840,30,2268540
BANKNIFTY-II.NFO,27/03/2025,09:27:48,51680,51679.9,60,51680,810,60,2268540
BANKNIFTY-II.NFO,27/03/2025,09:27:50,51697.1,51692.15,120,51700,150,870,2268540
BANKNIFTY-II.NFO,27/03/2025,09:27:52,51700,51695,120,51700,120,30,2268540
BANKNIFTY-II.NFO,27/03/2025,09:27:53,51704.1,51704.3,90,51710,60,540,2268540
BANKNIFTY-II.NFO,27/03/2025,09:27:55,51704.35,51704.3,210,51709.95,30,30,2268540
BANKNIFTY-II.NFO,27/03/2025,09:27:57,51709.95,51704.35,120,51710,60,90,2268540
BANKNIFTY-II.NFO,27/03/2025,09:27:58,51710,51705.1,60,51710,30,30,2268540
BANKNIFTY-II.NFO,27/03/2025,09:28:00,51713.6,51716.65,90,51720,30,180,2268540
BANKNIFTY-II.NFO,27/03/2025,09:28:02,51720,51719.8,120,51725,90,330,2278710
BANKNIFTY-II.NFO,27/03/2025,09:28:03,51720.15,51719.8,150,51724.95,30,30,2278710
BANKNIFTY-II.NFO,27/03/2025,09:28:05,51720.15,51720,60,51724.9,30,0,2278710
BANKNIFTY-II.NFO,27/03/2025,09:28:07,51720.15,51720.05,90,51724,30,0,2278710
BANKNIFTY-II.NFO,27/03/2025,09:28:08,51720.1,51720.1,150,51724.95,30,300,2278710
BANKNIFTY-II.NFO,27/03/2025,09:28:10,51720.1,51720.25,30,51724.9,30,0,2278710
BANKNIFTY-II.NFO,27/03/2025,09:28:12,51724.95,51724.95,420,51725,60,330,2278710
BANKNIFTY-II.NFO,27/03/2025,09:28:13,51709.65,51709.65,120,51721.35,30,810,2278710
BANKNIFTY-II.NFO,27/03/2025,09:28:15,51712.95,51709.05,90,51716.55,60,660,2278710
BANKNIFTY-II.NFO,27/03/2025,09:28:17,51706.2,51702.4,30,51709.65,30,270,2278710
BANKNIFTY-II.NFO,27/03/2025,09:28:18,51709.1,51702.6,120,51712.2,60,60,2278710
BANKNIFTY-II.NFO,27/03/2025,09:28:20,51702.6,51702.6,30,51710.95,30,90,2278710
BANKNIFTY-II.NFO,27/03/2025,09:28:22,51702.6,51699.85,60,51702.6,30,0,2278710
BANKNIFTY-II.NFO,27/03/2025,09:28:23,51699.3,51687.85,90,51699.1,60,180,2278710
BANKNIFTY-II.NFO,27/03/2025,09:28:25,51699.1,51699.1,30,51701.65,60,1800,2278710
BANKNIFTY-II.NFO,27/03/2025,09:28:27,51690.1,51689.8,90,51698.5,30,90,2278710
BANKNIFTY-II.NFO,27/03/2025,09:28:28,51698.95,51692.55,60,51699.25,30,30,2278710
BANKNIFTY-II.NFO,27/03/2025,09:28:30,51693.3,51693.9,30,51699,30,90,2278710
BANKNIFTY-II.NFO,27/03/2025,09:28:32,51693.9,51693.95,60,51699,30,30,2278710
BANKNIFTY-II.NFO,27/03/2025,09:28:33,51693.9,51694.05,30,51699,30,0,2278710
BANKNIFTY-II.NFO,27/03/2025,09:28:35,51699.25,51698.45,30,51699.95,60,60,2278710
BANKNIFTY-II.NFO,27/03/2025,09:28:37,51698.45,51698.45,30,51699.95,30,150,2278710
BANKNIFTY-II.NFO,27/03/2025,09:28:38,51698.45,51690.8,90,51698.45,30,30,2278710
BANKNIFTY-II.NFO,27/03/2025,09:28:40,51698.45,51691.55,90,51698.45,30,0,2278710
BANKNIFTY-II.NFO,27/03/2025,09:28:42,51698.45,51693.45,60,51698.45,30,0,2278710
BANKNIFTY-II.NFO,27/03/2025,09:28:43,51698.45,51690.35,120,51698.45,30,600,2278710
BANKNIFTY-II.NFO,27/03/2025,09:28:45,51698.45,51696.05,120,51700,30,30,2278710
BANKNIFTY-II.NFO,27/03/2025,09:28:47,51698.45,51697.5,120,51700,30,0,2278710
BANKNIFTY-II.NFO,27/03/2025,09:28:48,51710,51714.65,150,51721.35,30,120,2278710
BANKNIFTY-II.NFO,27/03/2025,09:28:50,51714.75,51717.4,90,51721.35,30,660,2278710
BANKNIFTY-II.NFO,27/03/2025,09:28:52,51729.85,51729.95,90,51730,510,690,2278710
BANKNIFTY-II.NFO,27/03/2025,09:28:53,51730,51729.95,90,51730,270,300,2278710
BANKNIFTY-II.NFO,27/03/2025,09:28:55,51730,51729.95,90,51730,270,60,2278710
BANKNIFTY-II.NFO,27/03/2025,09:28:57,51730,51729.95,90,51730,300,600,2278710
BANKNIFTY-II.NFO,27/03/2025,09:28:58,51730,51725.75,90,51726.85,30,180,2278710
BANKNIFTY-II.NFO,27/03/2025,09:29:00,51730.2,51733.55,60,51734.35,30,270,2278710
BANKNIFTY-II.NFO,27/03/2025,09:29:02,51730.55,51729.1,90,51734.9,30,150,2278710
BANKNIFTY-II.NFO,27/03/2025,09:29:03,51742.15,51732.05,120,51744.7,60,630,2278710
BANKNIFTY-II.NFO,27/03/2025,09:29:05,51742.15,51736.05,30,51743.75,30,0,2278710
BANKNIFTY-II.NFO,27/03/2025,09:29:07,51736.55,51736.05,120,51742.8,30,30,2278710
BANKNIFTY-II.NFO,27/03/2025,09:29:08,51736.1,51730,30,51731.45,30,180,2278710
BANKNIFTY-II.NFO,27/03/2025,09:29:10,51730,51722.1,90,51730.7,30,120,2278710
BANKNIFTY-II.NFO,27/03/2025,09:29:12,51730,51725.6,120,51733.1,150,0,2278710
BANKNIFTY-II.NFO,27/03/2025,09:29:13,51718.25,51723.25,90,51733.6,150,120,2278710
BANKNIFTY-II.NFO,27/03/2025,09:29:15,51741.1,51732.55,90,51739.7,30,30,2278710
BANKNIFTY-II.NFO,27/03/2025,09:29:17,51733.15,51733.1,90,51739.15,30,30,2278710
BANKNIFTY-II.NFO,27/03/2025,09:29:18,51739.35,51730.1,90,51739.3,30,630,2278710
BANKNIFTY-II.NFO,27/03/2025,09:29:20,51739.35,51729,30,51735.25,30,0,2278710
BANKNIFTY-II.NFO,27/03/2025,09:29:22,51733.7,51724.35,30,51729.95,60,570,2278710
BANKNIFTY-II.NFO,27/03/2025,09:29:23,51733.35,51723.5,90,51730.3,90,660,2278710
BANKNIFTY-II.NFO,27/03/2025,09:29:25,51733.35,51724.7,60,51727.25,90,0,2278710
BANKNIFTY-II.NFO,27/03/2025,09:29:27,51724.7,51724.7,30,51726.5,60,60,2278710
BANKNIFTY-II.NFO,27/03/2025,09:29:28,51726.2,51724.7,60,51730.3,60,720,2278710
BANKNIFTY-II.NFO,27/03/2025,09:29:30,51713.6,51724.3,90,51730.25,30,900,2278710
BANKNIFTY-II.NFO,27/03/2025,09:29:32,51725,51722.1,90,51732.55,30,30,2278710
BANKNIFTY-II.NFO,27/03/2025,09:29:33,51725,51726.6,30,51732.55,30,0,2278710
BANKNIFTY-II.NFO,27/03/2025,09:29:35,51725,51726.8,90,51732.5,30,0,2278710
BANKNIFTY-II.NFO,27/03/2025,09:29:37,51732.55,51726.8,30,51733.35,30,90,2278710
BANKNIFTY-II.NFO,27/03/2025,09:29:38,51732.55,51726.8,30,51728.4,90,0,2278710
BANKNIFTY-II.NFO,27/03/2025,09:29:40,51725.2,51719.45,60,51725.2,60,900,2278710
BANKNIFTY-II.NFO,27/03/2025,09:29:42,51729.05,51720.05,90,51728.35,60,60,2278710
BANKNIFTY-II.NFO,27/03/2025,09:29:43,51729.05,51722.05,90,51728.05,60,0,2278710
BANKNIFTY-II.NFO,27/03/2025,09:29:45,51729.05,51722.75,60,51728.4,60,0,2278710
BANKNIFTY-II.NFO,27/03/2025,09:29:47,51732.05,51726.25,150,51732.95,60,60,2278710
BANKNIFTY-II.NFO,27/03/2025,09:29:48,51726.35,51726.25,30,51726.35,30,150,2278710
BANKNIFTY-II.NFO,27/03/2025,09:29:50,51726.25,51721.4,90,51726.35,30,30,2278710
BANKNIFTY-II.NFO,27/03/2025,09:29:52,51723.9,51718.35,60,51722.6,30,60,2278710
BANKNIFTY-II.NFO,27/03/2025,09:29:53,51722,51717.6,90,51722.1,180,180,2278710
BANKNIFTY-II.NFO,27/03/2025,09:29:55,51722.1,51717.7,60,51723.05,150,30,2278710
BANKNIFTY-II.NFO,27/03/2025,09:29:57,51722.1,51716.9,90,51722.15,30,0,2278710
BANKNIFTY-II.NFO,27/03/2025,09:29:58,51722.1,51716.7,90,51717.45,510,0,2278710
BANKNIFTY-II.NFO,27/03/2025,09:30:00,51722.1,51716.7,60,51717.45,510,0,2278710
BANKNIFTY-II.NFO,27/03/2025,09:30:02,51716.7,51711.05,60,51715,30,90,2278710
BANKNIFTY-II.NFO,27/03/2025,09:30:03,51717.45,51712.9,60,51717.45,450,150,2278710
BANKNIFTY-II.NFO,27/03/2025,09:30:05,51717.45,51713.65,60,51717.45,450,0,2278710
BANKNIFTY-II.NFO,27/03/2025,09:30:07,51717.45,51713.8,60,51717.45,390,120,2278710
BANKNIFTY-II.NFO,27/03/2025,09:30:08,51717.45,51713.8,120,51717.45,390,0,2278710
BANKNIFTY-II.NFO,27/03/2025,09:30:10,51714.25,51714.25,30,51717.45,480,30,2278710
BANKNIFTY-II.NFO,27/03/2025,09:30:12,51717.45,51714.7,90,51717.45,450,30,2278710
BANKNIFTY-II.NFO,27/03/2025,09:30:13,51717.45,51715.05,120,51717.45,450,0,2278710
BANKNIFTY-II.NFO,27/03/2025,09:30:15,51722.1,51720.45,90,51722.1,60,540,2278710
BANKNIFTY-II.NFO,27/03/2025,09:30:17,51722.1,51722.85,90,51725,30,60,2278710
BANKNIFTY-II.NFO,27/03/2025,09:30:18,51725,51727,90,51729.25,30,30,2278710
BANKNIFTY-II.NFO,27/03/2025,09:30:20,51732.05,51730.95,90,51733.35,30,120,2278710
BANKNIFTY-II.NFO,27/03/2025,09:30:22,51733.35,51734.15,30,51735,60,30,2278710
BANKNIFTY-II.NFO,27/03/2025,09:30:23,51735.1,51735.2,90,51740,270,480,2278710
BANKNIFTY-II.NFO,27/03/2025,09:30:25,51735.25,51735.4,60,51740,270,120,2278710
BANKNIFTY-II.NFO,27/03/2025,09:30:27,51735.4,51735.4,150,51739.95,60,240,2278710
BANKNIFTY-II.NFO,27/03/2025,09:30:28,51730.7,51725,750,51732.4,150,240,2278710
BANKNIFTY-II.NFO,27/03/2025,09:30:30,51725,51725,780,51728.1,30,120,2278710
BANKNIFTY-II.NFO,27/03/2025,09:30:31,51725,51725,780,51725.05,30,0,2278710
BANKNIFTY-II.NFO,27/03/2025,09:30:33,51721,51715.4,90,51721.95,30,1290,2278710
BANKNIFTY-II.NFO,27/03/2025,09:30:35,51716,51711.1,30,51716.1,30,30,2278710
BANKNIFTY-II.NFO,27/03/2025,09:30:36,51700,51693.85,90,51700.2,30,390,2278710
BANKNIFTY-II.NFO,27/03/2025,09:30:38,51701.35,51696.6,90,51701.55,90,150,2278710
BANKNIFTY-II.NFO,27/03/2025,09:30:40,51703.9,51699.55,60,51704.4,30,450,2278710
BANKNIFTY-II.NFO,27/03/2025,09:30:41,51701.85,51700.65,60,51706.65,30,30,2278710
BANKNIFTY-II.NFO,27/03/2025,09:30:43,51700.65,51700.65,60,51703.6,30,60,2278710
BANKNIFTY-II.NFO,27/03/2025,09:30:45,51700.7,51699.3,60,51705,90,180,2278710
BANKNIFTY-II.NFO,27/03/2025,09:30:47,51700.05,51702.7,90,51709.75,90,90,2278710
BANKNIFTY-II.NFO,27/03/2025,09:30:48,51702.7,51701.2,90,51708,90,30,2278710
BANKNIFTY-II.NFO,27/03/2025,09:30:50,51712.2,51702.45,90,51712.6,30,60,2278710
BANKNIFTY-II.NFO,27/03/2025,09:30:52,51712.2,51704.2,90,51713.8,60,0,2278710
BANKNIFTY-II.NFO,27/03/2025,09:30:53,51704.2,51704.15,90,51712.1,30,60,2278710
BANKNIFTY-II.NFO,27/03/2025,09:30:55,51704.15,51704.1,60,51711.45,30,30,2278710
BANKNIFTY-II.NFO,27/03/2025,09:30:57,51695.4,51697.75,90,51704.95,90,150,2278710
BANKNIFTY-II.NFO,27/03/2025,09:30:58,51695.4,51704.15,30,51710,30,0,2278710
BANKNIFTY-II.NFO,27/03/2025,09:31:00,51695.4,51705,60,51710.05,270,0,2278710
BANKNIFTY-II.NFO,27/03/2025,09:31:02,51705,51705,150,51710.05,270,30,2278710
BANKNIFTY-II.NFO,27/03/2025,09:31:03,51705,51705,60,51707.75,300,90,2290320
BANKNIFTY-II.NFO,27/03/2025,09:31:05,51705,51705,30,51707.75,270,30,2290320
BANKNIFTY-II.NFO,27/03/2025,09:31:07,51705,51704.95,150,51707.75,240,60,2290320
BANKNIFTY-II.NFO,27/03/2025,09:31:08,51698.05,51705.45,60,51707.75,210,870,2290320
BANKNIFTY-II.NFO,27/03/2025,09:31:10,51711.4,51711.4,90,51720,30,240,2290320
BANKNIFTY-II.NFO,27/03/2025,09:31:12,51720,51718.85,60,51725,60,120,2290320
BANKNIFTY-II.NFO,27/03/2025,09:31:13,51725,51727.6,60,51730,30,90,2290320
BANKNIFTY-II.NFO,27/03/2025,09:31:15,51725,51726.2,60,51730,60,0,2290320
BANKNIFTY-II.NFO,27/03/2025,09:31:17,51731.7,51730.1,30,51735,30,150,2290320
BANKNIFTY-II.NFO,27/03/2025,09:31:18,51731.7,51730.15,30,51735,30,0,2290320
BANKNIFTY-II.NFO,27/03/2025,09:31:20,51730.25,51731.3,60,51738,30,30,2290320
BANKNIFTY-II.NFO,27/03/2025,09:31:22,51738,51734.45,60,51740,420,30,2290320
BANKNIFTY-II.NFO,27/03/2025,09:31:23,51740,51734.9,30,51740,390,30,2290320
BANKNIFTY-II.NFO,27/03/2025,09:31:25,51740,51736.15,60,51740,390,0,2290320
BANKNIFTY-II.NFO,27/03/2025,09:31:27,51740,51736.7,60,51740,30,450,2290320
BANKNIFTY-II.NFO,27/03/2025,09:31:28,51740.1,51740.25,30,51742.15,60,150,2290320
BANKNIFTY-II.NFO,27/03/2025,09:31:30,51740.1,51740.3,60,51742.15,60,0,2290320
BANKNIFTY-II.NFO,27/03/2025,09:31:32,51742,51740.3,90,51742.15,90,30,2290320
BANKNIFTY-II.NFO,27/03/2025,09:31:33,51742.15,51740.3,90,51742.15,30,60,2290320
BANKNIFTY-II.NFO,27/03/2025,09:31:35,51742.15,51740.35,60,51742.15,30,0,2290320
BANKNIFTY-II.NFO,27/03/2025,09:31:37,51740.4,51740.35,60,51741.95,30,30,2290320
BANKNIFTY-II.NFO,27/03/2025,09:31:38,51724.1,51724.05,90,51736.6,90,450,2290320
BANKNIFTY-II.NFO,27/03/2025,09:31:40,51736.7,51724.6,90,51736.65,90,60,2290320
BANKNIFTY-II.NFO,27/03/2025,09:31:42,51734.05,51724.6,30,51734,90,150,2290320
BANKNIFTY-II.NFO,27/03/2025,09:31:43,51724.6,51720.3,90,51736.1,90,30,2290320
BANKNIFTY-II.NFO,27/03/2025,09:31:45,51724.6,51722.5,90,51736.55,120,60,2290320
BANKNIFTY-II.NFO,27/03/2025,09:31:46,51737.35,51722.65,90,51736.5,120,300,2290320
BANKNIFTY-II.NFO,27/03/2025,09:31:48,51722.55,51722.5,30,51729.85,30,30,2290320
BANKNIFTY-II.NFO,27/03/2025,09:31:50,51732.25,51722.5,30,51731,30,300,2290320
BANKNIFTY-II.NFO,27/03/2025,09:31:51,51722.55,51722.6,60,51735.35,30,120,2290320
BANKNIFTY-II.NFO,27/03/2025,09:31:53,51732.15,51722.6,60,51732.8,90,90,2290320
BANKNIFTY-II.NFO,27/03/2025,09:31:55,51722.6,51722.75,30,51730.95,30,90,2290320
BANKNIFTY-II.NFO,27/03/2025,09:31:56,51716.15,51721.3,30,51726.65,30,150,2290320
BANKNIFTY-II.NFO,27/03/2025,09:31:58,51732.1,51719.2,30,51731.3,60,60,2290320
BANKNIFTY-II.NFO,27/03/2025,09:32:00,51719.5,51719.6,30,51732,60,60,2290320
BANKNIFTY-II.NFO,27/03/2025,09:32:01,51732,51728.75,30,51735.85,90,60,2290320
BANKNIFTY-II.NFO,27/03/2025,09:32:03,51723.45,51722.8,30,51734.55,60,60,2290320
BANKNIFTY-II.NFO,27/03/2025,09:32:05,51719.6,51720.9,90,51735.55,30,60,2290320
BANKNIFTY-II.NFO,27/03/2025,09:32:06,51734.7,51722,30,51734.75,30,90,2290320
BANKNIFTY-II.NFO,27/03/2025,09:32:08,51734.7,51722.5,90,51736.45,30,0,2290320
BANKNIFTY-II.NFO,27/03/2025,09:32:10,51734.7,51727.35,90,51734.7,30,0,2290320
BANKNIFTY-II.NFO,27/03/2025,09:32:11,51734.7,51731.4,90,51734.7,30,0,2290320
BANKNIFTY-II.NFO,27/03/2025,09:32:13,51727.05,51725.55,90,51734.7,30,90,2290320
BANKNIFTY-II.NFO,27/03/2025,09:32:15,51730.95,51725.55,30,51730.95,60,30,2290320
BANKNIFTY-II.NFO,27/03/2025,09:32:16,51725.55,51724.45,90,51732.1,60,30,2290320
BANKNIFTY-II.NFO,27/03/2025,09:32:18,51725.55,51725.6,90,51729,60,0,2290320
BANKNIFTY-II.NFO,27/03/2025,09:32:20,51724.4,51721,30,51724.45,30,210,2290320
BANKNIFTY-II.NFO,27/03/2025,09:32:21,51724.4,51721.05,30,51723.25,30,0,2290320
BANKNIFTY-II.NFO,27/03/2025,09:32:23,51721.15,51721,30,51722.5,30,60,2290320
BANKNIFTY-II.NFO,27/03/2025,09:32:25,51721,51714.7,90,51721.05,30,30,2290320
BANKNIFTY-II.NFO,27/03/2025,09:32:26,51721.05,51715.3,90,51721.95,30,30,2290320
BANKNIFTY-II.NFO,27/03/2025,09:32:28,51721.05,51718.45,90,51723.4,30,0,2290320
BANKNIFTY-II.NFO,27/03/2025,09:32:30,51718.5,51718.5,30,51720.5,150,240,2290320
BANKNIFTY-II.NFO,27/03/2025,09:32:31,51718.5,51720,120,51726.15,30,30,2290320
BANKNIFTY-II.NFO,27/03/2025,09:32:33,51720,51718.45,90,51721.05,30,180,2290320
BANKNIFTY-II.NFO,27/03/2025,09:32:35,51721.05,51719.15,30,51729.2,30,30,2290320
BANKNIFTY-II.NFO,27/03/2025,09:32:36,51725.8,51719.15,60,51727.05,30,30,2290320
BANKNIFTY-II.NFO,27/03/2025,09:32:38,51725.8,51726.15,420,51729.55,30,0,2290320
BANKNIFTY-II.NFO,27/03/2025,09:32:40,51726.15,51726.45,90,51730,30,120,2290320
BANKNIFTY-II.NFO,27/03/2025,09:32:41,51726.5,51726.5,60,51730,30,30,2290320
BANKNIFTY-II.NFO,27/03/2025,09:32:43,51726.5,51726.55,90,51730,30,0,2290320
BANKNIFTY-II.NFO,27/03/2025,09:32:45,51726.55,51726.65,150,51730,30,30,2290320
BANKNIFTY-II.NFO,27/03/2025,09:32:46,51730,51730.05,90,51734.7,30,30,2290320
BANKNIFTY-II.NFO,27/03/2025,09:32:48,51731.75,51732.05,90,51734.7,30,60,2290320
BANKNIFTY-II.NFO,27/03/2025,09:32:50,51734.7,51732.1,90,51736,30,90,2290320
BANKNIFTY-II.NFO,27/03/2025,09:32:51,51732.15,51732.15,30,51736,60,90,2290320
BANKNIFTY-II.NFO,27/03/2025,09:32:53,51732.15,51732.15,240,51736,60,30,2290320
BANKNIFTY-II.NFO,27/03/2025,09:32:55,51732.15,51726.15,390,51732.15,30,420,2290320
BANKNIFTY-II.NFO,27/03/2025,09:32:56,51732.15,51726.2,90,51730,60,0,2290320
BANKNIFTY-II.NFO,27/03/2025,09:32:58,51730,51727.45,90,51734.7,60,60,2290320
BANKNIFTY-II.NFO,27/03/2025,09:33:00,51732.45,51732.45,30,51734.7,60,60,2290320
BANKNIFTY-II.NFO,27/03/2025,09:33:01,51739.3,51737.55,30,51740,60,240,2290320
BANKNIFTY-II.NFO,27/03/2025,09:33:03,51726.2,51726.15,390,51734.45,90,510,2290320
BANKNIFTY-II.NFO,27/03/2025,09:33:05,51726.15,51726.15,330,51730,30,60,2290320
BANKNIFTY-II.NFO,27/03/2025,09:33:06,51726.15,51726.15,150,51730,30,180,2290320
BANKNIFTY-II.NFO,27/03/2025,09:33:08,51726.15,51726.15,150,51730,30,0,2290320
BANKNIFTY-II.NFO,27/03/2025,09:33:11,51730,51726.25,30,51730,30,30,2290320
BANKNIFTY-II.NFO,27/03/2025,09:33:13,51726.2,51726.2,60,51729.8,30,90,2290320
BANKNIFTY-II.NFO,27/03/2025,09:33:15,51726.2,51726.15,180,51730,30,30,2290320
BANKNIFTY-II.NFO,27/03/2025,09:33:16,51726.15,51722,60,51728,30,150,2290320
BANKNIFTY-II.NFO,27/03/2025,09:33:18,51726.15,51722,60,51725,30,0,2290320
BANKNIFTY-II.NFO,27/03/2025,09:33:21,51720,51720,60,51725,30,60,2290320
BANKNIFTY-II.NFO,27/03/2025,09:33:23,51720.05,51720.05,90,51723.4,90,60,2290320
BANKNIFTY-II.NFO,27/03/2025,09:33:25,51720.05,51720.05,120,51720.75,30,0,2290320
BANKNIFTY-II.NFO,27/03/2025,09:33:26,51720.05,51710.85,90,51719.9,60,300,2290320
BANKNIFTY-II.NFO,27/03/2025,09:33:28,51719.4,51708.45,90,51716.4,30,30,2290320
BANKNIFTY-II.NFO,27/03/2025,09:33:30,51708.5,51700,180,51706.7,30,120,2290320
BANKNIFTY-II.NFO,27/03/2025,09:33:31,51704.7,51700,150,51703.65,60,390,2290320
BANKNIFTY-II.NFO,27/03/2025,09:33:33,51704.7,51700,150,51702.2,30,0,2290320
BANKNIFTY-II.NFO,27/03/2025,09:33:35,51693.2,51690,60,51692.2,60,360,2290320
BANKNIFTY-II.NFO,27/03/2025,09:33:36,51681.05,51681,330,51686.4,60,150,2290320
BANKNIFTY-II.NFO,27/03/2025,09:33:38,51681,51681.5,90,51690,60,60,2290320
BANKNIFTY-II.NFO,27/03/2025,09:33:40,51690,51685.45,180,51693.75,30,90,2290320
BANKNIFTY-II.NFO,27/03/2025,09:33:41,51687.8,51687.85,90,51697.15,30,30,2290320
BANKNIFTY-II.NFO,27/03/2025,09:33:43,51689.5,51690.35,90,51700,90,60,2290320
BANKNIFTY-II.NFO,27/03/2025,09:33:45,51690.35,51693.3,120,51700,90,90,2290320
BANKNIFTY-II.NFO,27/03/2025,09:33:46,51707.9,51703.45,90,51713.4,30,120,2290320
BANKNIFTY-II.NFO,27/03/2025,09:33:48,51707.9,51703.45,30,51711.7,30,0,2290320
BANKNIFTY-II.NFO,27/03/2025,09:33:50,51707.9,51703.45,30,51713.15,30,0,2290320
BANKNIFTY-II.NFO,27/03/2025,09:33:51,51707.9,51704.15,150,51711.95,30,0,2290320
BANKNIFTY-II.NFO,27/03/2025,09:33:53,51704.2,51704.35,90,51715.25,30,120,2290320
BANKNIFTY-II.NFO,27/03/2025,09:33:55,51704.2,51704.4,120,51707.9,30,0,2290320
BANKNIFTY-II.NFO,27/03/2025,09:33:56,51704.2,51704.5,90,51707.9,30,0,2290320
BANKNIFTY-II.NFO,27/03/2025,09:33:58,51704.55,51707.95,90,51717.55,30,60,2290320
BANKNIFTY-II.NFO,27/03/2025,09:34:00,51707.95,51707.9,30,51714.9,30,30,2290320
BANKNIFTY-II.NFO,27/03/2025,09:34:01,51707.95,51707.9,30,51710.25,30,0,2290320
BANKNIFTY-II.NFO,27/03/2025,09:34:03,51707.9,51708.9,90,51717.5,30,90,2292990
BANKNIFTY-II.NFO,27/03/2025,09:34:05,51709.5,51711,90,51720,30,30,2292990
BANKNIFTY-II.NFO,27/03/2025,09:34:06,51711.05,51710.45,90,51715,30,60,2292990
BANKNIFTY-II.NFO,27/03/2025,09:34:08,51715,51715.65,90,51720,30,60,2292990
BANKNIFTY-II.NFO,27/03/2025,09:34:10,51720.05,51719.15,90,51721,210,60,2292990
BANKNIFTY-II.NFO,27/03/2025,09:34:11,51724.05,51725.75,90,51728,30,570,2292990
BANKNIFTY-II.NFO,27/03/2025,09:34:13,51725.8,51727,90,51728,30,60,2292990
BANKNIFTY-II.NFO,27/03/2025,09:34:15,51730,51729.85,90,51732.15,60,120,2292990
BANKNIFTY-II.NFO,27/03/2025,09:34:16,51732.15,51729.85,150,51734,150,60,2292990
BANKNIFTY-II.NFO,27/03/2025,09:34:18,51734,51729.9,90,51734,120,180,2292990
BANKNIFTY-II.NFO,27/03/2025,09:34:20,51734,51729.95,90,51734,120,0,2292990
BANKNIFTY-II.NFO,27/03/2025,09:34:21,51734,51729.95,150,51734,120,0,2292990
BANKNIFTY-II.NFO,27/03/2025,09:34:25,51734,51729.95,150,51734,180,0,2292990
BANKNIFTY-II.NFO,27/03/2025,09:34:26,51734,51729.95,210,51734,180,0,2292990
BANKNIFTY-II.NFO,27/03/2025,09:34:28,51729.85,51726.7,90,51729,330,390,2292990
BANKNIFTY-II.NFO,27/03/2025,09:34:30,51729,51726.4,150,51729,150,180,2292990
BANKNIFTY-II.NFO,27/03/2025,09:34:31,51729,51725.75,30,51729,150,0,2292990
BANKNIFTY-II.NFO,27/03/2025,09:34:33,51728.3,51728.4,30,51729,150,60,2292990
BANKNIFTY-II.NFO,27/03/2025,09:34:35,51734,51734.45,60,51737.45,60,480,2292990
BANKNIFTY-II.NFO,27/03/2025,09:34:36,51737.45,51733.3,30,51737.45,30,30,2292990
BANKNIFTY-II.NFO,27/03/2025,09:34:38,51734.2,51733.75,60,51737.45,30,30,2292990
BANKNIFTY-II.NFO,27/03/2025,09:34:40,51734.2,51731.8,90,51737.45,30,0,2292990
BANKNIFTY-II.NFO,27/03/2025,09:34:41,51733.75,51731.8,90,51733.65,60,60,2292990
BANKNIFTY-II.NFO,27/03/2025,09:34:43,51733.65,51731.8,90,51735,60,60,2292990
BANKNIFTY-II.NFO,27/03/2025,09:34:45,51733.65,51731.8,90,51735,60,0,2292990
BANKNIFTY-II.NFO,27/03/2025,09:34:46,51733.65,51731.85,30,51732.9,90,0,2292990
BANKNIFTY-II.NFO,27/03/2025,09:34:48,51731.85,51731.9,30,51732.9,60,60,2292990
BANKNIFTY-II.NFO,27/03/2025,09:34:50,51732.9,51731.9,30,51732.9,30,60,2292990
BANKNIFTY-II.NFO,27/03/2025,09:34:51,51732.9,51732.45,90,51732.9,30,0,2292990
BANKNIFTY-II.NFO,27/03/2025,09:34:53,51732.45,51732.45,90,51732.9,30,60,2292990
BANKNIFTY-II.NFO,27/03/2025,09:34:55,51728.65,51727.05,30,51728.65,60,300,2292990
BANKNIFTY-II.NFO,27/03/2025,09:34:56,51723.9,51714.75,30,51722.3,90,120,2292990
BANKNIFTY-II.NFO,27/03/2025,09:34:58,51723.9,51714.8,30,51718.15,30,0,2292990
BANKNIFTY-II.NFO,27/03/2025,09:35:00,51714.75,51711.8,90,51718,90,60,2292990
BANKNIFTY-II.NFO,27/03/2025,09:35:01,51718.05,51711.8,90,51719.65,30,30,2292990
BANKNIFTY-II.NFO,27/03/2025,09:35:03,51714.45,51714.5,60,51717.8,30,30,2292990
BANKNIFTY-II.NFO,27/03/2025,09:35:05,51714.75,51714.6,60,51714.75,30,30,2292990
BANKNIFTY-II.NFO,27/03/2025,09:35:06,51714.7,51715.7,30,51723.9,30,180,2292990
BANKNIFTY-II.NFO,27/03/2025,09:35:08,51716.35,51719.5,30,51723.9,30,30,2292990
BANKNIFTY-II.NFO,27/03/2025,09:35:10,51723.9,51721.5,90,51729.3,30,30,2292990
BANKNIFTY-II.NFO,27/03/2025,09:35:11,51725.1,51723.45,90,51732.7,30,60,2292990
BANKNIFTY-II.NFO,27/03/2025,09:35:13,51725.1,51725.65,90,51732.9,30,0,2292990
BANKNIFTY-II.NFO,27/03/2025,09:35:15,51725.1,51726.25,60,51732.9,30,0,2292990
BANKNIFTY-II.NFO,27/03/2025,09:35:16,51732.9,51727.3,30,51733.65,30,120,2292990
BANKNIFTY-II.NFO,27/03/2025,09:35:18,51733.65,51728,30,51735,60,330,2292990
BANKNIFTY-II.NFO,27/03/2025,09:35:20,51728.25,51728,60,51735,60,120,2292990
BANKNIFTY-II.NFO,27/03/2025,09:35:21,51735,51728.45,90,51735,90,120,2292990
BANKNIFTY-II.NFO,27/03/2025,09:35:23,51734.8,51728.6,30,51735,30,30,2292990
BANKNIFTY-II.NFO,27/03/2025,09:35:25,51728.75,51728.7,30,51735,30,90,2292990
BANKNIFTY-II.NFO,27/03/2025,09:35:26,51735,51728.7,180,51736.05,60,30,2292990
BANKNIFTY-II.NFO,27/03/2025,09:35:28,51735,51729.65,90,51734.35,60,0,2292990
BANKNIFTY-II.NFO,27/03/2025,09:35:30,51728,51725.2,90,51726.9,60,180,2292990
BANKNIFTY-II.NFO,27/03/2025,09:35:31,51723.9,51718.35,30,51724.95,60,330,2292990
BANKNIFTY-II.NFO,27/03/2025,09:35:33,51718.15,51713.55,30,51715.05,60,60,2292990
BANKNIFTY-II.NFO,27/03/2025,09:35:35,51718.15,51713.65,30,51715.75,30,0,2292990
BANKNIFTY-II.NFO,27/03/2025,09:35:36,51718.15,51713.7,30,51714.6,30,0,2292990
BANKNIFTY-II.NFO,27/03/2025,09:35:38,51713.65,51713.65,30,51714.7,150,60,2292990
BANKNIFTY-II.NFO,27/03/2025,09:35:40,51713.6,51713.6,30,51718.9,150,90,2292990
BANKNIFTY-II.NFO,27/03/2025,09:35:41,51706.95,51706.95,90,51714.4,30,120,2292990
BANKNIFTY-II.NFO,27/03/2025,09:35:43,51706.95,51705.9,90,51711.8,60,90,2292990
BANKNIFTY-II.NFO,27/03/2025,09:35:45,51706.95,51705.95,60,51707.65,60,0,2292990
BANKNIFTY-II.NFO,27/03/2025,09:35:46,51706.95,51706,150,51711.7,60,0,2292990
BANKNIFTY-II.NFO,27/03/2025,09:35:48,51706.95,51707.25,30,51711.85,60,0,2292990
BANKNIFTY-II.NFO,27/03/2025,09:35:50,51706.95,51713.3,60,51713.6,30,0,2292990
BANKNIFTY-II.NFO,27/03/2025,09:35:51,51724.05,51722.5,60,51730,90,60,2292990
BANKNIFTY-II.NFO,27/03/2025,09:35:53,51724.05,51725.5,60,51730,90,0,2292990
BANKNIFTY-II.NFO,27/03/2025,09:35:55,51732,51732.85,60,51735,30,180,2292990
BANKNIFTY-II.NFO,27/03/2025,09:35:56,51737.45,51732.85,30,51737.5,450,90,2292990
BANKNIFTY-II.NFO,27/03/2025,09:35:58,51737.45,51734.55,60,51737.5,450,0,2292990
BANKNIFTY-II.NFO,27/03/2025,09:36:00,51737.5,51735.5,90,51737.5,390,60,2292990
BANKNIFTY-II.NFO,27/03/2025,09:36:01,51737.5,51734.15,30,51737.5,390,30,2292990
BANKNIFTY-II.NFO,27/03/2025,09:36:03,51738,51734.55,60,51738,30,510,2292990
BANKNIFTY-II.NFO,27/03/2025,09:36:05,51738,51735.05,30,51739,30,240,2292990
BANKNIFTY-II.NFO,27/03/2025,09:36:06,51740.45,51735.7,60,51742.15,30,420,2292990
BANKNIFTY-II.NFO,27/03/2025,09:36:08,51737.45,51738.5,240,51742.15,30,210,2292990
BANKNIFTY-II.NFO,27/03/2025,09:36:10,51738.5,51738.5,240,51742.15,30,180,2292990
BANKNIFTY-II.NFO,27/03/2025,09:36:11,51738.5,51737.8,90,51742.15,30,180,2292990
BANKNIFTY-II.NFO,27/03/2025,09:36:13,51738.15,51737.85,30,51743.25,30,240,2292990
BANKNIFTY-II.NFO,27/03/2025,09:36:15,51733.5,51733.85,30,51738,60,300,2292990
BANKNIFTY-II.NFO,27/03/2025,09:36:16,51743,51742.15,30,51746.1,60,660,2292990
BANKNIFTY-II.NFO,27/03/2025,09:36:18,51737.8,51735.4,30,51741.1,60,390,2292990
BANKNIFTY-II.NFO,27/03/2025,09:36:20,51737.8,51735.4,60,51738.65,150,0,2292990
BANKNIFTY-II.NFO,27/03/2025,09:36:21,51735.4,51733.2,60,51734.3,60,60,2292990
BANKNIFTY-II.NFO,27/03/2025,09:36:23,51733.15,51729.25,30,51734.2,30,120,2292990
BANKNIFTY-II.NFO,27/03/2025,09:36:25,51733.95,51730,30,51732.55,60,60,2292990
BANKNIFTY-II.NFO,27/03/2025,09:36:26,51733.95,51730.1,60,51735.4,30,30,2292990
BANKNIFTY-II.NFO,27/03/2025,09:36:28,51731.1,51731.1,120,51738.75,60,90,2292990
BANKNIFTY-II.NFO,27/03/2025,09:36:30,51731.1,51734.2,120,51738.6,30,0,2292990
BANKNIFTY-II.NFO,27/03/2025,09:36:31,51734.2,51734.2,90,51740.45,30,30,2292990
BANKNIFTY-II.NFO,27/03/2025,09:36:33,51734.2,51734.2,90,51739.85,60,0,2292990
BANKNIFTY-II.NFO,27/03/2025,09:36:35,51734.2,51734.2,60,51735,30,30,2292990
BANKNIFTY-II.NFO,27/03/2025,09:36:36,51738.8,51734.25,30,51739.85,210,90,2292990
BANKNIFTY-II.NFO,27/03/2025,09:36:38,51738.8,51734.25,90,51739.55,120,0,2292990
BANKNIFTY-II.NFO,27/03/2025,09:36:40,51730,51734.25,30,51740,60,480,2292990
BANKNIFTY-II.NFO,27/03/2025,09:36:41,51730,51735,90,51740,60,0,2292990
BANKNIFTY-II.NFO,27/03/2025,09:36:43,51730,51734.55,150,51740,60,0,2292990
BANKNIFTY-II.NFO,27/03/2025,09:36:45,51740.8,51736.2,30,51740.75,60,420,2292990
BANKNIFTY-II.NFO,27/03/2025,09:36:46,51734.8,51734.6,30,51736.85,30,60,2292990
BANKNIFTY-II.NFO,27/03/2025,09:36:48,51735.4,51735.4,30,51738,30,150,2292990
BANKNIFTY-II.NFO,27/03/2025,09:36:50,51735.4,51735.4,30,51738,30,0,2292990
BANKNIFTY-II.NFO,27/03/2025,09:36:51,51738,51735.4,30,51740,60,210,2292990
BANKNIFTY-II.NFO,27/03/2025,09:36:53,51740,51737.45,150,51740,30,120,2292990
BANKNIFTY-II.NFO,27/03/2025,09:36:55,51738.95,51737.45,150,51745,30,510,2292990
BANKNIFTY-II.NFO,27/03/2025,09:36:56,51739.45,51739.9,60,51746.45,90,270,2292990
BANKNIFTY-II.NFO,27/03/2025,09:36:58,51746.75,51746.3,30,51749,1020,240,2292990
BANKNIFTY-II.NFO,27/03/2025,09:37:00,51749,51746.3,30,51749,990,60,2292990
BANKNIFTY-II.NFO,27/03/2025,09:37:01,51750,51749.8,30,51750,1980,2100,2292990
BANKNIFTY-II.NFO,27/03/2025,09:37:01,51750,51749.8,30,51750,1980,0,2292990
BANKNIFTY-II.NFO,27/03/2025,09:37:03,51750,51749.95,180,51750,1080,1020,2294610
BANKNIFTY-II.NFO,27/03/2025,09:37:05,51749.95,51749.95,30,51750,810,510,2294610
BANKNIFTY-II.NFO,27/03/2025,09:37:06,51750,51746.35,60,51749.95,30,90,2294610
BANKNIFTY-II.NFO,27/03/2025,09:37:08,51750,51747.4,150,51750,690,240,2294610
BANKNIFTY-II.NFO,27/03/2025,09:37:10,51747.5,51747.5,60,51750,570,180,2294610
BANKNIFTY-II.NFO,27/03/2025,09:37:11,51750,51747.5,30,51750,480,240,2294610
BANKNIFTY-II.NFO,27/03/2025,09:37:13,51747.5,51747.45,60,51750,420,120,2294610
BANKNIFTY-II.NFO,27/03/2025,09:37:15,51750,51750,180,51750.1,30,480,2294610
BANKNIFTY-II.NFO,27/03/2025,09:37:16,51751.6,51751.6,30,51754.1,90,270,2294610
BANKNIFTY-II.NFO,27/03/2025,09:37:16,51754.1,51751.6,30,51754.1,90,0,2294610
BANKNIFTY-II.NFO,27/03/2025,09:37:18,51755,51754.4,60,51756.4,90,300,2294610
BANKNIFTY-II.NFO,27/03/2025,09:37:18,51755,51754.4,60,51756.4,90,0,2294610
BANKNIFTY-II.NFO,27/03/2025,09:37:20,51757.6,51756.45,30,51758,30,300,2294610
BANKNIFTY-II.NFO,27/03/2025,09:37:20,51757.6,51756.45,30,51758,30,0,2294610
BANKNIFTY-II.NFO,27/03/2025,09:37:21,51757,51754.45,60,51756.5,30,420,2294610
BANKNIFTY-II.NFO,27/03/2025,09:37:21,51758,51754.45,60,51756.5,30,0,2294610
BANKNIFTY-II.NFO,27/03/2025,09:37:23,51757.9,51756.45,90,51760,450,1290,2294610
BANKNIFTY-II.NFO,27/03/2025,09:37:23,51760,51756.45,90,51760,450,0,2294610
BANKNIFTY-II.NFO,27/03/2025,09:37:25,51760,51755.6,90,51760,240,360,2294610
BANKNIFTY-II.NFO,27/03/2025,09:37:26,51760.2,51760.15,90,51763,30,330,2294610
BANKNIFTY-II.NFO,27/03/2025,09:37:26,51760.2,51760.15,90,51763,30,0,2294610
BANKNIFTY-II.NFO,27/03/2025,09:37:28,51770,51766.7,120,51773.05,60,540,2294610
BANKNIFTY-II.NFO,27/03/2025,09:37:28,51770,51766.7,120,51773.05,60,0,2294610
BANKNIFTY-II.NFO,27/03/2025,09:37:30,51773.6,51771.9,90,51773.7,30,780,2294610
BANKNIFTY-II.NFO,27/03/2025,09:37:30,51775.25,51771.9,90,51773.7,30,0,2294610
BANKNIFTY-II.NFO,27/03/2025,09:37:31,51772.45,51772.5,30,51774.55,60,150,2294610
BANKNIFTY-II.NFO,27/03/2025,09:37:33,51772.45,51772.2,60,51772.45,690,540,2294610
BANKNIFTY-II.NFO,27/03/2025,09:37:33,51775.3,51772.2,60,51772.45,690,0,2294610
BANKNIFTY-II.NFO,27/03/2025,09:37:35,51772.25,51767.8,90,51772.45,570,270,2294610
BANKNIFTY-II.NFO,27/03/2025,09:37:36,51769.6,51766.95,60,51770.45,60,270,2294610
BANKNIFTY-II.NFO,27/03/2025,09:37:38,51768.3,51764.15,150,51768.25,30,120,2294610
BANKNIFTY-II.NFO,27/03/2025,09:37:40,51765.3,51763.2,60,51764,30,60,2294610
BANKNIFTY-II.NFO,27/03/2025,09:37:41,51760,51756.9,60,51759.65,30,180,2294610
BANKNIFTY-II.NFO,27/03/2025,09:37:43,51750.05,51750,30,51755.4,90,180,2294610
BANKNIFTY-II.NFO,27/03/2025,09:37:45,51750,51743.05,90,51749.35,60,120,2294610
BANKNIFTY-II.NFO,27/03/2025,09:37:46,51748.7,51744.6,150,51748.8,90,60,2294610
BANKNIFTY-II.NFO,27/03/2025,09:37:48,51747.6,51745.15,60,51747.6,90,120,2294610
BANKNIFTY-II.NFO,27/03/2025,09:37:50,51739.75,51734.25,150,51736.3,90,480,2294610
BANKNIFTY-II.NFO,27/03/2025,09:37:51,51727.65,51725.1,60,51726,120,330,2294610
BANKNIFTY-II.NFO,27/03/2025,09:37:53,51722.5,51722.65,60,51724.1,60,150,2294610
BANKNIFTY-II.NFO,27/03/2025,09:37:55,51725.95,51723.3,60,51725.8,60,300,2294610
BANKNIFTY-II.NFO,27/03/2025,09:37:56,51720,51717.5,60,51720,480,390,2294610
BANKNIFTY-II.NFO,27/03/2025,09:37:58,51720,51717.5,60,51719.85,30,360,2294610
BANKNIFTY-II.NFO,27/03/2025,09:38:00,51716.35,51713.9,120,51717.85,30,300,2294610
BANKNIFTY-II.NFO,27/03/2025,09:38:01,51717.5,51713.8,60,51720,120,90,2294610
BANKNIFTY-II.NFO,27/03/2025,09:38:03,51717.55,51717.2,90,51726.7,60,150,2294610
BANKNIFTY-II.NFO,27/03/2025,09:38:05,51717.55,51717.5,90,51725.7,30,0,2294610
BANKNIFTY-II.NFO,27/03/2025,09:38:06,51717.5,51717.5,150,51724.8,30,60,2294610
BANKNIFTY-II.NFO,27/03/2025,09:38:08,51717.5,51717.5,90,51722.9,30,0,2294610
BANKNIFTY-II.NFO,27/03/2025,09:38:10,51717.5,51717.5,90,51721.55,30,0,2294610
BANKNIFTY-II.NFO,27/03/2025,09:38:11,51722.4,51717.55,150,51723.3,30,180,2294610
BANKNIFTY-II.NFO,27/03/2025,09:38:13,51722.15,51718.6,60,51721.35,30,30,2294610
BANKNIFTY-II.NFO,27/03/2025,09:38:15,51719.15,51719.9,90,51724,30,120,2294610
BANKNIFTY-II.NFO,27/03/2025,09:38:16,51721.35,51719.95,30,51721.25,30,60,2294610
BANKNIFTY-II.NFO,27/03/2025,09:38:18,51723.25,51721.1,90,51723.9,30,120,2294610
BANKNIFTY-II.NFO,27/03/2025,09:38:20,51728.4,51726.65,30,51729.4,30,150,2294610
BANKNIFTY-II.NFO,27/03/2025,09:38:21,51728.15,51734.55,90,51738.75,30,120,2294610
BANKNIFTY-II.NFO,27/03/2025,09:38:23,51734.6,51734.55,60,51740.8,30,120,2294610
BANKNIFTY-II.NFO,27/03/2025,09:38:25,51734.6,51734.65,120,51742.65,30,0,2294610
BANKNIFTY-II.NFO,27/03/2025,09:38:26,51734.6,51734.7,60,51741.3,30,120,2294610
BANKNIFTY-II.NFO,27/03/2025,09:38:28,51734.6,51734.7,150,51740.85,30,0,2294610
BANKNIFTY-II.NFO,27/03/2025,09:38:30,51734.6,51734.9,90,51743.85,30,0,2294610
BANKNIFTY-II.NFO,27/03/2025,09:38:31,51734.6,51734.9,240,51741.7,30,0,2294610
BANKNIFTY-II.NFO,27/03/2025,09:38:33,51734.9,51736.15,120,51743.65,30,30,2294610
BANKNIFTY-II.NFO,27/03/2025,09:38:35,51737.8,51739.35,180,51747.3,60,30,2294610
BANKNIFTY-II.NFO,27/03/2025,09:38:36,51730.1,51730.1,30,51731.8,60,150,2294610
BANKNIFTY-II.NFO,27/03/2025,09:38:38,51730.1,51725.3,60,51730.1,30,360,2294610
BANKNIFTY-II.NFO,27/03/2025,09:38:40,51730.1,51728.15,90,51734,30,0,2294610
BANKNIFTY-II.NFO,27/03/2025,09:38:41,51730,51726.3,90,51732.1,30,30,2294610
BANKNIFTY-II.NFO,27/03/2025,09:38:43,51730,51726.3,30,51727.85,30,0,2294610
BANKNIFTY-II.NFO,27/03/2025,09:38:45,51726.3,51720,60,51722.7,30,30,2294610
BANKNIFTY-II.NFO,27/03/2025,09:38:46,51715.75,51712.65,60,51716.7,30,720,2294610
BANKNIFTY-II.NFO,27/03/2025,09:38:48,51716.2,51712.55,90,51717.3,30,60,2294610
BANKNIFTY-II.NFO,27/03/2025,09:38:50,51716.2,51713,30,51714.8,30,0,2294610
BANKNIFTY-II.NFO,27/03/2025,09:38:51,51716.2,51714.1,30,51716.9,30,0,2294610
BANKNIFTY-II.NFO,27/03/2025,09:38:53,51719.8,51715.7,30,51720,60,210,2294610
BANKNIFTY-II.NFO,27/03/2025,09:38:55,51715.7,51715.75,60,51720,60,30,2294610
BANKNIFTY-II.NFO,27/03/2025,09:38:56,51716.1,51716.1,30,51720,60,30,2294610
BANKNIFTY-II.NFO,27/03/2025,09:38:58,51720,51718.85,90,51724.85,60,60,2294610
BANKNIFTY-II.NFO,27/03/2025,09:39:00,51728.15,51726.55,90,51730.8,30,90,2294610
BANKNIFTY-II.NFO,27/03/2025,09:39:01,51724.85,51719.05,90,51722.9,60,240,2294610
BANKNIFTY-II.NFO,27/03/2025,09:39:03,51725.7,51722.95,60,51728.65,30,90,2294610
BANKNIFTY-II.NFO,27/03/2025,09:39:05,51722.95,51722.25,30,51727.7,30,30,2294610
BANKNIFTY-II.NFO,27/03/2025,09:39:06,51722.95,51722.7,90,51731.15,30,0,2294610
BANKNIFTY-II.NFO,27/03/2025,09:39:08,51722.95,51722.75,30,51724.85,30,0,2294610
BANKNIFTY-II.NFO,27/03/2025,09:39:10,51717.3,51719,90,51724.85,30,150,2294610
BANKNIFTY-II.NFO,27/03/2025,09:39:11,51719.1,51719.2,30,51724.85,30,60,2294610
BANKNIFTY-II.NFO,27/03/2025,09:39:13,51719.1,51719.5,90,51724.85,30,0,2294610
BANKNIFTY-II.NFO,27/03/2025,09:39:15,51719.65,51719.7,30,51724.85,30,90,2294610
BANKNIFTY-II.NFO,27/03/2025,09:39:16,51717.3,51719.7,30,51724.85,30,60,2294610
BANKNIFTY-II.NFO,27/03/2025,09:39:18,51719.7,51714.95,90,51719.7,30,30,2294610
BANKNIFTY-II.NFO,27/03/2025,09:39:20,51719.7,51715.05,30,51719.7,30,0,2294610
BANKNIFTY-II.NFO,27/03/2025,09:39:21,51719.7,51715.05,60,51719.7,30,0,2294610
BANKNIFTY-II.NFO,27/03/2025,09:39:23,51724.35,51719.7,60,51724.7,30,90,2294610
BANKNIFTY-II.NFO,27/03/2025,09:39:25,51719.75,51719.75,60,51724.65,30,30,2294610
BANKNIFTY-II.NFO,27/03/2025,09:39:26,51719.75,51719.75,90,51724.6,30,0,2294610
BANKNIFTY-II.NFO,27/03/2025,09:39:28,51719.75,51719.8,30,51724.8,30,0,2294610
BANKNIFTY-II.NFO,27/03/2025,09:39:30,51719.7,51712.3,90,51721.25,60,180,2294610
BANKNIFTY-II.NFO,27/03/2025,09:39:31,51711.95,51709.05,90,51715.1,90,60,2294610
BANKNIFTY-II.NFO,27/03/2025,09:39:33,51700.3,51703.15,30,51709.15,90,90,2294610
BANKNIFTY-II.NFO,27/03/2025,09:39:35,51700.3,51702.65,90,51708.55,120,0,2294610
BANKNIFTY-II.NFO,27/03/2025,09:39:36,51702.7,51702.4,90,51709.4,90,30,2294610
BANKNIFTY-II.NFO,27/03/2025,09:39:38,51700.05,51700.05,30,51706.45,90,30,2294610
BANKNIFTY-II.NFO,27/03/2025,09:39:40,51700,51700,270,51705.05,90,180,2294610
BANKNIFTY-II.NFO,27/03/2025,09:39:41,51700,51700,330,51703.85,30,0,2294610
BANKNIFTY-II.NFO,27/03/2025,09:39:43,51700,51700.05,30,51705,30,0,2294610
BANKNIFTY-II.NFO,27/03/2025,09:39:45,51700,51700,270,51704.95,90,120,2294610
BANKNIFTY-II.NFO,27/03/2025,09:39:46,51700,51700,240,51701.85,30,30,2294610
BANKNIFTY-II.NFO,27/03/2025,09:39:48,51701.8,51700.2,30,51701.8,120,30,2294610
BANKNIFTY-II.NFO,27/03/2025,09:39:50,51690,51690,150,51693.7,90,390,2294610
BANKNIFTY-II.NFO,27/03/2025,09:39:51,51690,51685.45,30,51691.1,90,150,2294610
BANKNIFTY-II.NFO,27/03/2025,09:39:53,51685.45,51680.1,90,51692.05,30,480,2294610
BANKNIFTY-II.NFO,27/03/2025,09:39:55,51680.1,51680.6,60,51686.65,30,30,2294610
BANKNIFTY-II.NFO,27/03/2025,09:39:56,51680.1,51680.05,150,51686.5,90,0,2294610
BANKNIFTY-II.NFO,27/03/2025,09:39:58,51680.05,51680.05,90,51688.35,30,210,2294610
BANKNIFTY-II.NFO,27/03/2025,09:40:00,51680,51680,120,51688.35,150,90,2294610
BANKNIFTY-II.NFO,27/03/2025,09:40:01,51682,51682.05,30,51690,30,630,2294610
BANKNIFTY-II.NFO,27/03/2025,09:40:03,51682.05,51683.45,60,51690,30,30,2294610
BANKNIFTY-II.NFO,27/03/2025,09:40:05,51690,51691.8,90,51697.2,30,60,2297910
BANKNIFTY-II.NFO,27/03/2025,09:40:06,51693.1,51693.1,90,51699,30,120,2297910
BANKNIFTY-II.NFO,27/03/2025,09:40:08,51693.1,51692,90,51698.6,90,30,2297910
BANKNIFTY-II.NFO,27/03/2025,09:40:09,51693.1,51692.85,30,51697.2,30,0,2297910
BANKNIFTY-II.NFO,27/03/2025,09:40:11,51692.85,51694.45,30,51697.2,30,30,2297910
BANKNIFTY-II.NFO,27/03/2025,09:40:13,51696.3,51695.55,120,51697.2,30,30,2297910
BANKNIFTY-II.NFO,27/03/2025,09:40:14,51695.75,51696.05,30,51697.2,30,30,2297910
BANKNIFTY-II.NFO,27/03/2025,09:40:16,51696.35,51696.95,30,51697.2,30,30,2297910
BANKNIFTY-II.NFO,27/03/2025,09:40:18,51697.2,51697,30,51699,30,30,2297910
BANKNIFTY-II.NFO,27/03/2025,09:40:19,51699,51697.55,30,51700,60,30,2297910
BANKNIFTY-II.NFO,27/03/2025,09:40:21,51705,51705.4,30,51708.8,30,90,2297910
BANKNIFTY-II.NFO,27/03/2025,09:40:23,51711.95,51711.9,90,51719.6,30,60,2297910
BANKNIFTY-II.NFO,27/03/2025,09:40:24,51720,51714.7,60,51725,30,120,2297910
BANKNIFTY-II.NFO,27/03/2025,09:40:26,51717.75,51719.25,90,51725,30,30,2297910
BANKNIFTY-II.NFO,27/03/2025,09:40:28,51717.75,51719.25,240,51725,30,0,2297910
BANKNIFTY-II.NFO,27/03/2025,09:40:29,51719.25,51719.3,60,51725,30,90,2297910
BANKNIFTY-II.NFO,27/03/2025,09:40:31,51719.55,51719.55,90,51730,600,930,2297910
BANKNIFTY-II.NFO,27/03/2025,09:40:33,51719.55,51719.55,150,51730,600,0,2297910
BANKNIFTY-II.NFO,27/03/2025,09:40:34,51719.55,51719.55,150,51728.65,30,30,2297910
BANKNIFTY-II.NFO,27/03/2025,09:40:36,51719.55,51720.7,90,51729.65,30,0,2297910
BANKNIFTY-II.NFO,27/03/2025,09:40:38,51720.95,51723.35,90,51730,630,30,2297910
BANKNIFTY-II.NFO,27/03/2025,09:40:39,51720.75,51717.8,90,51730,600,150,2297910
BANKNIFTY-II.NFO,27/03/2025,09:40:41,51720.75,51719.8,90,51730,600,0,2297910
BANKNIFTY-II.NFO,27/03/2025,09:40:43,51730,51722.65,90,51733.9,30,600,2297910
BANKNIFTY-II.NFO,27/03/2025,09:40:44,51730,51722.85,90,51733.1,30,0,2297910
BANKNIFTY-II.NFO,27/03/2025,09:40:46,51735,51728.4,90,51737.65,30,30,2297910
BANKNIFTY-II.NFO,27/03/2025,09:40:48,51740,51741.75,60,51746.05,30,60,2297910
BANKNIFTY-II.NFO,27/03/2025,09:40:49,51744.2,51744.15,90,51749,30,90,2297910
BANKNIFTY-II.NFO,27/03/2025,09:40:51,51749,51747.4,60,51750,120,30,2297910
BANKNIFTY-II.NFO,27/03/2025,09:40:53,51750,51748.1,60,51750,90,30,2297910
BANKNIFTY-II.NFO,27/03/2025,09:40:54,51750,51748.2,90,51752.7,30,120,2297910
BANKNIFTY-II.NFO,27/03/2025,09:40:56,51748.2,51748.25,60,51749,30,60,2297910
BANKNIFTY-II.NFO,27/03/2025,09:40:58,51749.3,51749.4,30,51749.85,30,120,2297910
BANKNIFTY-II.NFO,27/03/2025,09:40:59,51750.95,51749.85,30,51752.2,60,270,2297910
BANKNIFTY-II.NFO,27/03/2025,09:41:01,51755,51751.1,90,51755,180,30,2297910
BANKNIFTY-II.NFO,27/03/2025,09:41:03,51751.1,51751.1,90,51755,180,60,2297910
BANKNIFTY-II.NFO,27/03/2025,09:41:04,51751.1,51744.6,90,51751.15,30,0,2297910
BANKNIFTY-II.NFO,27/03/2025,09:41:06,51742.7,51740.1,30,51741.65,30,60,2297910
BANKNIFTY-II.NFO,27/03/2025,09:41:08,51741,51736.65,60,51739.1,60,90,2297910
BANKNIFTY-II.NFO,27/03/2025,09:41:09,51732.5,51727.6,90,51731.5,30,60,2297910
BANKNIFTY-II.NFO,27/03/2025,09:41:11,51729.15,51725.15,30,51729.5,150,1110,2297910
BANKNIFTY-II.NFO,27/03/2025,09:41:13,51723.8,51722.45,90,51726.85,30,150,2297910
BANKNIFTY-II.NFO,27/03/2025,09:41:14,51723.8,51723.65,90,51728.65,60,0,2297910
BANKNIFTY-II.NFO,27/03/2025,09:41:18,51723.8,51723.9,90,51728.85,60,0,2297910
BANKNIFTY-II.NFO,27/03/2025,09:41:19,51723.8,51725.4,90,51729.7,30,0,2297910
BANKNIFTY-II.NFO,27/03/2025,09:41:21,51727.85,51725.4,90,51729,30,90,2297910
BANKNIFTY-II.NFO,27/03/2025,09:41:23,51730.5,51726.4,90,51728.9,30,30,2297910
BANKNIFTY-II.NFO,27/03/2025,09:41:24,51726.5,51726.5,60,51729.3,30,390,2297910
BANKNIFTY-II.NFO,27/03/2025,09:41:26,51729.85,51726.6,90,51729.95,30,30,2297910
BANKNIFTY-II.NFO,27/03/2025,09:41:28,51729.85,51729,210,51730.4,30,0,2297910
BANKNIFTY-II.NFO,27/03/2025,09:41:29,51729,51732.7,90,51742.55,30,60,2297910
BANKNIFTY-II.NFO,27/03/2025,09:41:31,51744.9,51740.25,60,51745,90,30,2297910
BANKNIFTY-II.NFO,27/03/2025,09:41:33,51745,51744.1,30,51750,60,120,2297910
BANKNIFTY-II.NFO,27/03/2025,09:41:34,51745,51744.3,90,51750,60,0,2297910
BANKNIFTY-II.NFO,27/03/2025,09:41:36,51745,51744.35,30,51750,60,0,2297910
BANKNIFTY-II.NFO,27/03/2025,09:41:38,51753.8,51745.5,90,51754.7,150,180,2297910
BANKNIFTY-II.NFO,27/03/2025,09:41:40,51745.5,51745.5,210,51752.05,240,30,2297910
BANKNIFTY-II.NFO,27/03/2025,09:41:41,51753.5,51745.5,180,51753.55,30,90,2297910
BANKNIFTY-II.NFO,27/03/2025,09:41:43,51740.3,51734.4,90,51740.7,210,360,2297910
BANKNIFTY-II.NFO,27/03/2025,09:41:45,51734.4,51731.4,90,51739.8,30,30,2297910
BANKNIFTY-II.NFO,27/03/2025,09:41:46,51732.75,51732.7,90,51742.85,30,30,2297910
BANKNIFTY-II.NFO,27/03/2025,09:41:48,51731,51734.05,90,51745.25,30,30,2297910
BANKNIFTY-II.NFO,27/03/2025,09:41:50,51731,51735.95,30,51745.5,90,0,2297910
BANKNIFTY-II.NFO,27/03/2025,09:41:51,51731,51738.05,30,51745.5,90,0,2297910
BANKNIFTY-II.NFO,27/03/2025,09:41:53,51745.5,51739.35,90,51745.5,60,30,2297910
BANKNIFTY-II.NFO,27/03/2025,09:41:55,51745.5,51740.35,60,51745.5,30,30,2297910
BANKNIFTY-II.NFO,27/03/2025,09:41:56,51750.8,51742.3,90,51750.8,30,450,2297910
BANKNIFTY-II.NFO,27/03/2025,09:41:58,51750.8,51742.3,120,51750.8,30,0,2297910
BANKNIFTY-II.NFO,27/03/2025,09:42:00,51750.8,51736.15,120,51747.9,30,0,2297910
BANKNIFTY-II.NFO,27/03/2025,09:42:01,51745.65,51745.65,150,51747.75,30,870,2297910
BANKNIFTY-II.NFO,27/03/2025,09:42:03,51745.65,51745.65,60,51748.7,30,90,2297910
BANKNIFTY-II.NFO,27/03/2025,09:42:05,51750,51745.65,60,51751.05,30,240,2297910
BANKNIFTY-II.NFO,27/03/2025,09:42:06,51750.8,51745.65,60,51751.55,30,30,2297910
BANKNIFTY-II.NFO,27/03/2025,09:42:08,51750.8,51745.65,60,51749.1,30,0,2297910
BANKNIFTY-II.NFO,27/03/2025,09:42:10,51745.25,51737.3,90,51744.95,30,150,2297910
BANKNIFTY-II.NFO,27/03/2025,09:42:11,51745.25,51740.8,90,51747.5,30,0,2297910
BANKNIFTY-II.NFO,27/03/2025,09:42:13,51745.25,51740.95,90,51749.2,30,0,2297910
BANKNIFTY-II.NFO,27/03/2025,09:42:15,51745.25,51740.85,30,51747.9,30,0,2297910
BANKNIFTY-II.NFO,27/03/2025,09:42:16,51740.85,51740,30,51743.6,30,30,2297910
BANKNIFTY-II.NFO,27/03/2025,09:42:18,51740,51735.5,30,51740.2,30,30,2297910
BANKNIFTY-II.NFO,27/03/2025,09:42:20,51742.65,51735.5,30,51740.85,30,240,2297910
BANKNIFTY-II.NFO,27/03/2025,09:42:21,51735.5,51730.35,30,51740.45,30,30,2297910
BANKNIFTY-II.NFO,27/03/2025,09:42:23,51730,51728.7,30,51731.75,30,60,2297910
BANKNIFTY-II.NFO,27/03/2025,09:42:25,51730,51728.7,30,51731.7,30,0,2297910
BANKNIFTY-II.NFO,27/03/2025,09:42:26,51729.75,51729.75,60,51738.6,30,30,2297910
BANKNIFTY-II.NFO,27/03/2025,09:42:28,51729.75,51729.95,30,51739.75,30,0,2297910
BANKNIFTY-II.NFO,27/03/2025,09:42:30,51731.85,51731.85,30,51739.2,30,30,2297910
BANKNIFTY-II.NFO,27/03/2025,09:42:31,51731.8,51731.85,30,51737.7,30,30,2297910
BANKNIFTY-II.NFO,27/03/2025,09:42:33,51731.8,51731.9,60,51739.95,30,0,2297910
BANKNIFTY-II.NFO,27/03/2025,09:42:35,51740,51731.9,90,51738.05,30,120,2297910
BANKNIFTY-II.NFO,27/03/2025,09:42:36,51740,51731.95,120,51738.45,30,0,2297910
BANKNIFTY-II.NFO,27/03/2025,09:42:38,51738.7,51732,90,51737.85,30,30,2297910
BANKNIFTY-II.NFO,27/03/2025,09:42:40,51739.5,51732.85,90,51739.9,30,90,2297910
BANKNIFTY-II.NFO,27/03/2025,09:42:41,51739.5,51735.25,30,51740,150,0,2297910
BANKNIFTY-II.NFO,27/03/2025,09:42:43,51745.25,51739.55,30,51745.25,30,180,2297910
BANKNIFTY-II.NFO,27/03/2025,09:42:45,51745.25,51745.95,30,51749,90,30,2297910
BANKNIFTY-II.NFO,27/03/2025,09:42:46,51748.3,51748.65,30,51749,90,60,2297910
BANKNIFTY-II.NFO,27/03/2025,09:42:48,51750.9,51749.2,30,51750.9,30,240,2297910
BANKNIFTY-II.NFO,27/03/2025,09:42:50,51745.25,51744.9,60,51750,30,450,2297910
BANKNIFTY-II.NFO,27/03/2025,09:42:51,51750,51746.45,60,51752.2,30,30,2297910
BANKNIFTY-II.NFO,27/03/2025,09:42:53,51749,51747.05,60,51752.2,30,60,2297910
BANKNIFTY-II.NFO,27/03/2025,09:42:55,51749,51747.05,150,51748.75,30,0,2297910
BANKNIFTY-II.NFO,27/03/2025,09:42:56,51747.1,51747.1,60,51750.05,30,90,2297910
BANKNIFTY-II.NFO,27/03/2025,09:42:58,51740.8,51737.45,60,51741.2,30,510,2297910
BANKNIFTY-II.NFO,27/03/2025,09:43:00,51735,51729.55,90,51736.05,30,360,2297910
BANKNIFTY-II.NFO,27/03/2025,09:43:01,51735,51732,120,51735.05,30,0,2297910
BANKNIFTY-II.NFO,27/03/2025,09:43:03,51736.15,51734.6,60,51737.7,60,90,2297910
BANKNIFTY-II.NFO,27/03/2025,09:43:05,51736.15,51738.05,120,51745.6,30,0,2297910
BANKNIFTY-II.NFO,27/03/2025,09:43:06,51747.05,51742.35,120,51747.1,30,30,2303010
BANKNIFTY-II.NFO,27/03/2025,09:43:08,51747.05,51743.3,90,51747.1,30,0,2303010
BANKNIFTY-II.NFO,27/03/2025,09:43:10,51747.1,51746.2,120,51749.95,30,30,2303010
BANKNIFTY-II.NFO,27/03/2025,09:43:11,51747.05,51746.35,30,51747.05,60,30,2303010
BANKNIFTY-II.NFO,27/03/2025,09:43:13,51749.95,51747.6,60,51750,30,90,2303010
BANKNIFTY-II.NFO,27/03/2025,09:43:15,51747.7,51747.75,90,51750,30,30,2303010
BANKNIFTY-II.NFO,27/03/2025,09:43:16,51750,51748.5,30,51750.95,30,60,2303010
BANKNIFTY-II.NFO,27/03/2025,09:43:18,51750,51749.95,30,51754.75,30,420,2303010
BANKNIFTY-II.NFO,27/03/2025,09:43:20,51750,51749.95,120,51754.8,30,120,2303010
BANKNIFTY-II.NFO,27/03/2025,09:43:21,51750.1,51750.05,30,51753.3,30,30,2303010
BANKNIFTY-II.NFO,27/03/2025,09:43:23,51750.1,51750.05,60,51755,60,0,2303010
BANKNIFTY-II.NFO,27/03/2025,09:43:25,51750.1,51751.1,300,51755,60,30,2303010
BANKNIFTY-II.NFO,27/03/2025,09:43:26,51751.1,51751.65,90,51755,60,30,2303010
BANKNIFTY-II.NFO,27/03/2025,09:43:28,51755,51752.1,60,51755,30,30,2303010
BANKNIFTY-II.NFO,27/03/2025,09:43:30,51752.25,51752.2,90,51755,30,30,2303010
BANKNIFTY-II.NFO,27/03/2025,09:43:31,51755,51752.25,90,51755,30,30,2303010
BANKNIFTY-II.NFO,27/03/2025,09:43:33,51755,51752.6,30,51755,30,0,2303010
BANKNIFTY-II.NFO,27/03/2025,09:43:35,51752.65,51752.6,30,51752.65,30,900,2303010
BANKNIFTY-II.NFO,27/03/2025,09:43:36,51755.6,51751.1,60,51755.6,30,150,2303010
BANKNIFTY-II.NFO,27/03/2025,09:43:38,51755.6,51751.1,60,51755.25,30,0,2303010
BANKNIFTY-II.NFO,27/03/2025,09:43:40,51754.4,51751.1,60,51754.6,30,30,2303010
BANKNIFTY-II.NFO,27/03/2025,09:43:41,51745.35,51742.85,90,51746.45,30,150,2303010
BANKNIFTY-II.NFO,27/03/2025,09:43:43,51746.45,51745.65,90,51749.65,60,30,2303010
BANKNIFTY-II.NFO,27/03/2025,09:43:45,51746.45,51740.2,90,51746.65,30,0,2303010
BANKNIFTY-II.NFO,27/03/2025,09:43:46,51747.85,51742.5,90,51749.95,30,120,2303010
BANKNIFTY-II.NFO,27/03/2025,09:43:48,51747.85,51745.65,90,51752.95,30,0,2303010
BANKNIFTY-II.NFO,27/03/2025,09:43:50,51747.85,51745.65,90,51749.9,30,0,2303010
BANKNIFTY-II.NFO,27/03/2025,09:43:51,51749.9,51750.85,90,51754.6,30,60,2303010
BANKNIFTY-II.NFO,27/03/2025,09:43:53,51751.65,51752.65,60,51755,30,90,2303010
BANKNIFTY-II.NFO,27/03/2025,09:43:55,51755.2,51755.2,90,51757.9,30,120,2303010
BANKNIFTY-II.NFO,27/03/2025,09:43:56,51755.6,51755.2,60,51756,360,60,2303010
BANKNIFTY-II.NFO,27/03/2025,09:43:58,51755.6,51755.2,60,51756,360,0,2303010
BANKNIFTY-II.NFO,27/03/2025,09:44:00,51755.2,51755.2,60,51756,300,90,2303010
BANKNIFTY-II.NFO,27/03/2025,09:44:01,51755.2,51755.2,30,51756,300,60,2303010
BANKNIFTY-II.NFO,27/03/2025,09:44:03,51745.95,51742.55,30,51745.7,30,600,2303010
BANKNIFTY-II.NFO,27/03/2025,09:44:05,51740.95,51736.7,90,51742.2,60,270,2303010
BANKNIFTY-II.NFO,27/03/2025,09:44:06,51742.75,51735.35,90,51743.55,30,30,2303010
BANKNIFTY-II.NFO,27/03/2025,09:44:08,51736.85,51736.85,90,51743.3,30,30,2303010
BANKNIFTY-II.NFO,27/03/2025,09:44:10,51736.65,51732.45,60,51743,30,300,2303010
BANKNIFTY-II.NFO,27/03/2025,09:44:11,51736.65,51732.5,60,51736.65,240,0,2303010
BANKNIFTY-II.NFO,27/03/2025,09:44:13,51736.65,51735.55,30,51743,30,270,2303010
BANKNIFTY-II.NFO,27/03/2025,09:44:15,51736.35,51737.75,90,51743,30,30,2303010
BANKNIFTY-II.NFO,27/03/2025,09:44:16,51743,51739.7,30,51745.35,30,30,2303010
BANKNIFTY-II.NFO,27/03/2025,09:44:18,51743,51740.5,30,51745.35,30,0,2303010
BANKNIFTY-II.NFO,27/03/2025,09:44:20,51745.35,51743.55,30,51750,30,60,2303010
BANKNIFTY-II.NFO,27/03/2025,09:44:21,51745.4,51743.6,30,51750,30,30,2303010
BANKNIFTY-II.NFO,27/03/2025,09:44:23,51745.4,51743.6,150,51750,30,0,2303010
BANKNIFTY-II.NFO,27/03/2025,09:44:25,51745.4,51745.5,150,51750,30,0,2303010
BANKNIFTY-II.NFO,27/03/2025,09:44:26,51745.4,51745.55,30,51750,30,0,2303010
BANKNIFTY-II.NFO,27/03/2025,09:44:28,51745.4,51745.55,180,51749.5,60,0,2303010
BANKNIFTY-II.NFO,27/03/2025,09:44:30,51745.4,51745.6,90,51749.1,60,0,2303010
BANKNIFTY-II.NFO,27/03/2025,09:44:31,51745.6,51745.6,120,51749.85,60,30,2303010
BANKNIFTY-II.NFO,27/03/2025,09:44:33,51748.15,51745.6,150,51748.4,30,30,2303010
BANKNIFTY-II.NFO,27/03/2025,09:44:35,51745.65,51745.65,30,51747.9,30,30,2303010
BANKNIFTY-II.NFO,27/03/2025,09:44:36,51745.5,51740.5,30,51746.4,30,330,2303010
BANKNIFTY-II.NFO,27/03/2025,09:44:38,51746.4,51741,90,51745.8,30,30,2303010
BANKNIFTY-II.NFO,27/03/2025,09:44:40,51746.4,51741.15,90,51747.5,30,0,2303010
BANKNIFTY-II.NFO,27/03/2025,09:44:41,51743.6,51748.4,270,51750,30,30,2303010
BANKNIFTY-II.NFO,27/03/2025,09:44:45,51743.6,51748.4,300,51750,30,30,2303010
BANKNIFTY-II.NFO,27/03/2025,09:44:46,51756,51748.4,300,51755.85,60,720,2303010
BANKNIFTY-II.NFO,27/03/2025,09:44:48,51756,51748.4,300,51756.7,90,30,2303010
BANKNIFTY-II.NFO,27/03/2025,09:44:50,51748.4,51748.4,270,51756.15,30,30,2303010
BANKNIFTY-II.NFO,27/03/2025,09:44:51,51756.15,51752.1,60,51759,60,30,2303010
BANKNIFTY-II.NFO,27/03/2025,09:44:53,51759,51756.3,60,51759,30,30,2303010
BANKNIFTY-II.NFO,27/03/2025,09:44:55,51765,51759.05,90,51765,30,450,2303010
BANKNIFTY-II.NFO,27/03/2025,09:44:56,51772,51763.1,90,51772.45,360,300,2303010
BANKNIFTY-II.NFO,27/03/2025,09:44:58,51767.55,51763.25,30,51772.45,90,480,2303010
BANKNIFTY-II.NFO,27/03/2025,09:45:00,51775,51769.9,90,51780,60,1050,2303010
BANKNIFTY-II.NFO,27/03/2025,09:45:00,51780,51769.9,90,51780,60,0,2303010
BANKNIFTY-II.NFO,27/03/2025,09:45:01,51786.4,51780.25,30,51785.6,30,690,2303010
BANKNIFTY-II.NFO,27/03/2025,09:45:01,51786.4,51780.25,30,51785.6,30,0,2303010
BANKNIFTY-II.NFO,27/03/2025,09:45:03,51780.25,51780,180,51782.5,150,420,2303010
BANKNIFTY-II.NFO,27/03/2025,09:45:05,51780,51774.8,90,51781.7,30,210,2303010
BANKNIFTY-II.NFO,27/03/2025,09:45:06,51771.75,51771.3,30,51783.8,30,420,2303010
BANKNIFTY-II.NFO,27/03/2025,09:45:08,51788,51775.5,30,51788.6,30,120,2303010
BANKNIFTY-II.NFO,27/03/2025,09:45:08,51788,51775.5,30,51788.6,30,0,2303010
BANKNIFTY-II.NFO,27/03/2025,09:45:10,51780,51783.8,1470,51788,60,60,2303010
BANKNIFTY-II.NFO,27/03/2025,09:45:10,51788.6,51783.8,1470,51788,60,0,2303010
BANKNIFTY-II.NFO,27/03/2025,09:45:11,51783.8,51783.8,930,51787.15,30,540,2303010
BANKNIFTY-II.NFO,27/03/2025,09:45:13,51787.15,51783.8,930,51785.4,60,60,2303010
BANKNIFTY-II.NFO,27/03/2025,09:45:15,51785.4,51783.8,930,51786.9,60,60,2303010
BANKNIFTY-II.NFO,27/03/2025,09:45:16,51783.8,51783.8,690,51784.35,30,240,2303010
BANKNIFTY-II.NFO,27/03/2025,09:45:18,51783.8,51770.05,30,51780.25,60,720,2303010
BANKNIFTY-II.NFO,27/03/2025,09:45:20,51778.65,51772.45,30,51775.6,60,30,2303010
BANKNIFTY-II.NFO,27/03/2025,09:45:21,51772.45,51770,30,51774,30,90,2303010
BANKNIFTY-II.NFO,27/03/2025,09:45:23,51772.45,51770,60,51772.95,60,0,2303010
BANKNIFTY-II.NFO,27/03/2025,09:45:25,51770,51770,30,51774.2,30,60,2303010
BANKNIFTY-II.NFO,27/03/2025,09:45:26,51770,51761.95,30,51772.2,30,30,2303010
BANKNIFTY-II.NFO,27/03/2025,09:45:28,51770.7,51760.05,30,51771.05,30,60,2303010
BANKNIFTY-II.NFO,27/03/2025,09:45:30,51770.7,51762.65,30,51772.65,30,0,2303010
BANKNIFTY-II.NFO,27/03/2025,09:45:31,51770.7,51772.5,30,51778.65,30,0,2303010
BANKNIFTY-II.NFO,27/03/2025,09:45:33,51778.6,51772.15,120,51779.05,30,90,2303010
BANKNIFTY-II.NFO,27/03/2025,09:45:35,51778.6,51772.8,30,51779.15,30,0,2303010
BANKNIFTY-II.NFO,27/03/2025,09:45:36,51778.6,51776.75,30,51779.8,30,0,2303010
BANKNIFTY-II.NFO,27/03/2025,09:45:38,51778.6,51776.75,30,51780,60,0,2303010
BANKNIFTY-II.NFO,27/03/2025,09:45:39,51786,51781.65,30,51786.75,60,150,2303010
BANKNIFTY-II.NFO,27/03/2025,09:45:41,51796,51793.3,30,51798,90,480,2303010
BANKNIFTY-II.NFO,27/03/2025,09:45:41,51796,51793.3,30,51798,90,0,2303010
BANKNIFTY-II.NFO,27/03/2025,09:45:43,51794.1,51798,90,51799,360,150,2303010
BANKNIFTY-II.NFO,27/03/2025,09:45:43,51798,51798,90,51799,360,0,2303010
BANKNIFTY-II.NFO,27/03/2025,09:45:44,51799,51798.35,60,51799.9,90,450,2303010
BANKNIFTY-II.NFO,27/03/2025,09:45:44,51799.7,51798.35,60,51799.9,90,0,2303010
BANKNIFTY-II.NFO,27/03/2025,09:45:46,51801.8,51799.95,60,51804.45,90,1980,2303010
BANKNIFTY-II.NFO,27/03/2025,09:45:46,51804.1,51799.95,60,51804.45,90,0,2303010
BANKNIFTY-II.NFO,27/03/2025,09:45:48,51804.4,51801,30,51805.3,150,90,2303010
BANKNIFTY-II.NFO,27/03/2025,09:45:48,51805.25,51801,30,51805.3,150,0,2303010
BANKNIFTY-II.NFO,27/03/2025,09:45:49,51801,51801,30,51803.45,30,990,2303010
BANKNIFTY-II.NFO,27/03/2025,09:45:49,51805.9,51801,30,51803.45,30,0,2303010
BANKNIFTY-II.NFO,27/03/2025,09:45:51,51801.8,51795.65,90,51802.3,60,180,2303010
BANKNIFTY-II.NFO,27/03/2025,09:45:53,51800.8,51794.5,90,51800.25,60,150,2303010
BANKNIFTY-II.NFO,27/03/2025,09:45:54,51798.3,51794.6,60,51798.95,300,120,2303010
BANKNIFTY-II.NFO,27/03/2025,09:45:56,51798.95,51794.15,90,51799,30,30,2303010
BANKNIFTY-II.NFO,27/03/2025,09:45:58,51795.15,51795.1,90,51799.95,30,150,2303010
BANKNIFTY-II.NFO,27/03/2025,09:45:59,51800.8,51798.85,90,51804.2,60,90,2303010
BANKNIFTY-II.NFO,27/03/2025,09:46:01,51806.05,51802.55,90,51806.4,90,420,2303010
BANKNIFTY-II.NFO,27/03/2025,09:46:01,51806.05,51802.55,90,51806.4,90,0,2303010
BANKNIFTY-II.NFO,27/03/2025,09:46:03,51809.15,51810.4,90,51816.9,30,960,2303010
BANKNIFTY-II.NFO,27/03/2025,09:46:03,51816,51810.4,90,51816.9,30,0,2303010
BANKNIFTY-II.NFO,27/03/2025,09:46:04,51810.4,51809.9,90,51814.2,60,30,2303010
BANKNIFTY-II.NFO,27/03/2025,09:46:06,51811.85,51811.85,90,51814.6,30,600,2308080
BANKNIFTY-II.NFO,27/03/2025,09:46:08,51810.4,51806.4,90,51811.45,60,150,2308080
BANKNIFTY-II.NFO,27/03/2025,09:46:09,51817.35,51811.45,30,51817.1,30,1470,2308080
BANKNIFTY-II.NFO,27/03/2025,09:46:09,51817.35,51811.45,30,51817.1,30,0,2308080
BANKNIFTY-II.NFO,27/03/2025,09:46:11,51811.5,51804.1,90,51813.15,60,240,2308080
BANKNIFTY-II.NFO,27/03/2025,09:46:13,51814.2,51808.6,90,51813.9,60,270,2308080
BANKNIFTY-II.NFO,27/03/2025,09:46:14,51812.2,51811.45,60,51813.7,60,30,2308080
BANKNIFTY-II.NFO,27/03/2025,09:46:16,51820,51816.7,90,51820,210,420,2308080
BANKNIFTY-II.NFO,27/03/2025,09:46:16,51820,51816.7,90,51820,210,0,2308080
BANKNIFTY-II.NFO,27/03/2025,09:46:18,51823.45,51823.45,30,51826.9,30,2370,2308080
BANKNIFTY-II.NFO,27/03/2025,09:46:18,51828.05,51823.45,30,51826.9,30,0,2308080
BANKNIFTY-II.NFO,27/03/2025,09:46:19,51823.45,51823.95,30,51827.45,60,510,2308080
BANKNIFTY-II.NFO,27/03/2025,09:46:19,51828.1,51823.95,30,51827.45,60,0,2308080
BANKNIFTY-II.NFO,27/03/2025,09:46:21,51827.35,51823.95,60,51828.3,90,120,2308080
BANKNIFTY-II.NFO,27/03/2025,09:46:23,51824.45,51817.4,90,51821.05,30,630,2308080
BANKNIFTY-II.NFO,27/03/2025,09:46:24,51820.7,51815.4,90,51820.95,90,150,2308080
BANKNIFTY-II.NFO,27/03/2025,09:46:26,51823.95,51817.2,90,51823.95,120,90,2308080
BANKNIFTY-II.NFO,27/03/2025,09:46:28,51823,51817.95,30,51823.95,120,30,2308080
BANKNIFTY-II.NFO,27/03/2025,09:46:29,51822.1,51820.15,30,51820.45,30,330,2308080
BANKNIFTY-II.NFO,27/03/2025,09:46:31,51833.65,51824.55,60,51833.9,90,450,2308080
BANKNIFTY-II.NFO,27/03/2025,09:46:31,51833.65,51824.55,60,51833.9,90,0,2308080
BANKNIFTY-II.NFO,27/03/2025,09:46:33,51835,51834.05,90,51839.8,60,810,2308080
BANKNIFTY-II.NFO,27/03/2025,09:46:33,51839.6,51834.05,90,51839.8,60,0,2308080
BANKNIFTY-II.NFO,27/03/2025,09:46:34,51839.8,51833.5,90,51840,120,390,2308080
BANKNIFTY-II.NFO,27/03/2025,09:46:34,51839.8,51833.5,90,51840,120,0,2308080
BANKNIFTY-II.NFO,27/03/2025,09:46:36,51834.5,51830.95,30,51837.9,30,240,2308080
BANKNIFTY-II.NFO,27/03/2025,09:46:38,51836,51832.85,60,51836,30,30,2308080
BANKNIFTY-II.NFO,27/03/2025,09:46:39,51832.85,51831.4,60,51834.5,60,90,2308080
BANKNIFTY-II.NFO,27/03/2025,09:46:41,51837.05,51829.8,30,51834.9,30,240,2308080
BANKNIFTY-II.NFO,27/03/2025,09:46:43,51832.6,51828.35,30,51833.1,30,60,2308080
BANKNIFTY-II.NFO,27/03/2025,09:46:44,51828.3,51825,90,51828.65,90,540,2308080
BANKNIFTY-II.NFO,27/03/2025,09:46:46,51819.45,51819.05,30,51820,60,630,2308080
BANKNIFTY-II.NFO,27/03/2025,09:46:48,51826.5,51820.85,120,51826.75,30,240,2308080
BANKNIFTY-II.NFO,27/03/2025,09:46:49,51828.4,51818.85,30,51822.55,30,510,2308080
BANKNIFTY-II.NFO,27/03/2025,09:46:51,51819.65,51816.25,120,51822.55,30,150,2308080
BANKNIFTY-II.NFO,27/03/2025,09:46:53,51814.2,51810.75,90,51814.6,30,120,2308080
BANKNIFTY-II.NFO,27/03/2025,09:46:54,51810.75,51807.95,30,51811.3,30,420,2308080
BANKNIFTY-II.NFO,27/03/2025,09:46:56,51807.4,51807.35,30,51810.3,30,30,2308080
BANKNIFTY-II.NFO,27/03/2025,09:46:58,51807.35,51807.4,60,51808.15,30,150,2308080
BANKNIFTY-II.NFO,27/03/2025,09:46:59,51803.9,51804.8,30,51811.15,30,180,2308080
BANKNIFTY-II.NFO,27/03/2025,09:47:01,51809.75,51800.05,90,51811.15,60,450,2308080
BANKNIFTY-II.NFO,27/03/2025,09:47:03,51803.9,51803.9,60,51807.85,60,60,2308080
BANKNIFTY-II.NFO,27/03/2025,09:47:04,51803.7,51800,60,51803.95,30,60,2308080
BANKNIFTY-II.NFO,27/03/2025,09:47:06,51797.5,51795.05,60,51800.35,30,210,2308080
BANKNIFTY-II.NFO,27/03/2025,09:47:08,51797.2,51790.85,90,51797.9,60,180,2308080
BANKNIFTY-II.NFO,27/03/2025,09:47:09,51795.5,51789.75,90,51796.45,30,90,2308080
BANKNIFTY-II.NFO,27/03/2025,09:47:11,51796.45,51789.8,30,51796.3,30,120,2308080
BANKNIFTY-II.NFO,27/03/2025,09:47:13,51780.05,51779.35,60,51790,30,300,2308080
BANKNIFTY-II.NFO,27/03/2025,09:47:14,51780.75,51781.5,90,51790,30,30,2308080
BANKNIFTY-II.NFO,27/03/2025,09:47:16,51780.75,51781.9,90,51790,30,0,2308080
BANKNIFTY-II.NFO,27/03/2025,09:47:18,51795,51790.05,90,51795.1,30,30,2308080
BANKNIFTY-II.NFO,27/03/2025,09:47:19,51790.05,51790.05,150,51794.45,60,90,2308080
BANKNIFTY-II.NFO,27/03/2025,09:47:21,51790.05,51790.05,120,51794.9,30,30,2308080
BANKNIFTY-II.NFO,27/03/2025,09:47:23,51790.05,51791.75,30,51794.1,30,0,2308080
BANKNIFTY-II.NFO,27/03/2025,09:47:24,51791.75,51791.75,30,51798.2,60,90,2308080
BANKNIFTY-II.NFO,27/03/2025,09:47:26,51797.45,51796.7,90,51802.8,30,60,2308080
BANKNIFTY-II.NFO,27/03/2025,09:47:28,51800,51799.1,60,51803.9,30,30,2308080
BANKNIFTY-II.NFO,27/03/2025,09:47:29,51800.3,51799.15,30,51805.2,30,270,2308080
BANKNIFTY-II.NFO,27/03/2025,09:47:31,51799.15,51799.2,30,51808.6,30,60,2308080
BANKNIFTY-II.NFO,27/03/2025,09:47:33,51811.6,51800.5,60,51813.5,60,120,2308080
BANKNIFTY-II.NFO,27/03/2025,09:47:34,51811.6,51801.65,60,51814.1,30,0,2308080
BANKNIFTY-II.NFO,27/03/2025,09:47:36,51802.05,51807.25,90,51815.4,30,150,2308080
BANKNIFTY-II.NFO,27/03/2025,09:47:38,51802.05,51810.3,60,51815.25,30,0,2308080
BANKNIFTY-II.NFO,27/03/2025,09:47:39,51810.25,51801.25,60,51810.3,30,150,2308080
BANKNIFTY-II.NFO,27/03/2025,09:47:41,51801.5,51801,210,51807,30,120,2308080
BANKNIFTY-II.NFO,27/03/2025,09:47:43,51800,51790.1,60,51796.7,30,240,2308080
BANKNIFTY-II.NFO,27/03/2025,09:47:44,51790.1,51790,1020,51793.3,30,30,2308080
BANKNIFTY-II.NFO,27/03/2025,09:47:46,51790,51783.95,90,51789.35,30,1020,2308080
BANKNIFTY-II.NFO,27/03/2025,09:47:48,51786.3,51782.6,90,51786.7,30,30,2308080
BANKNIFTY-II.NFO,27/03/2025,09:47:49,51780,51780,30,51784.6,30,90,2308080
BANKNIFTY-II.NFO,27/03/2025,09:47:51,51780,51777.15,60,51782.3,30,60,2308080
BANKNIFTY-II.NFO,27/03/2025,09:47:53,51775,51775,60,51776.6,60,90,2308080
BANKNIFTY-II.NFO,27/03/2025,09:47:54,51776.6,51772.25,30,51777.65,60,120,2308080
BANKNIFTY-II.NFO,27/03/2025,09:47:56,51778.05,51770.7,90,51776.55,30,60,2308080
BANKNIFTY-II.NFO,27/03/2025,09:47:58,51770,51767,90,51775,30,60,2308080
BANKNIFTY-II.NFO,27/03/2025,09:47:59,51765,51763.25,90,51772.6,30,150,2308080
BANKNIFTY-II.NFO,27/03/2025,09:48:01,51765.1,51765.1,30,51774.15,90,150,2308080
BANKNIFTY-II.NFO,27/03/2025,09:48:03,51765.1,51761.9,120,51773.05,30,30,2308080
BANKNIFTY-II.NFO,27/03/2025,09:48:05,51763.1,51763.1,120,51774.75,90,30,2308080
