Ticker,Date,Time,LTP,BuyPrice,BuyQty,SellPrice,SellQty,LTQ,OpenInterest
BANKNIFTY-II.NFO,17/09/2024,09:15:10,52510,52500,90,52513.05,60,30,321180
BANKNIFTY-II.NFO,17/09/2024,09:15:10,52506,52500,90,52513.05,60,0,321180
BANKNIFTY-II.NFO,17/09/2024,09:15:10,52510,52500,90,52513.05,60,0,321180
BANKNIFTY-II.NFO,17/09/2024,09:15:10,52506,52500,90,52513.05,60,0,321180
BANKNIFTY-II.NFO,17/09/2024,09:15:12,52490,52463.65,60,52486,60,195,321180
BANKNIFTY-II.NFO,17/09/2024,09:15:12,52490,52463.65,60,52486,60,0,321180
BANKNIFTY-II.NFO,17/09/2024,09:15:13,52474.05,52473.15,45,52491.85,60,15,321180
BANKNIFTY-II.NFO,17/09/2024,09:15:13,52474.05,52473.15,45,52491.85,60,0,321180
BANKNIFTY-II.NFO,17/09/2024,09:15:15,52492.95,52492,450,52498.85,60,90,321180
BANKNIFTY-II.NFO,17/09/2024,09:15:16,52493,52498,450,52503.3,45,45,321180
BANKNIFTY-II.NFO,17/09/2024,09:15:18,52493,52475.45,60,52501.2,60,0,321180
BANKNIFTY-II.NFO,17/09/2024,09:15:19,52494,52482.6,30,52500.3,60,105,321180
BANKNIFTY-II.NFO,17/09/2024,09:15:21,52479,52476,60,52496.95,60,15,321180
BANKNIFTY-II.NFO,17/09/2024,09:15:22,52478,52482,45,52500.5,60,15,321180
BANKNIFTY-II.NFO,17/09/2024,09:15:23,52494.05,52483,45,52499.5,60,30,321180
BANKNIFTY-II.NFO,17/09/2024,09:15:25,52494.05,52489,45,52507.25,60,0,321180
BANKNIFTY-II.NFO,17/09/2024,09:15:26,52519.95,52498.7,45,52519.95,60,45,321180
BANKNIFTY-II.NFO,17/09/2024,09:15:26,52519.95,52498.7,45,52519.95,60,0,321180
BANKNIFTY-II.NFO,17/09/2024,09:15:28,52514.5,52504.05,45,52519.95,60,15,321180
BANKNIFTY-II.NFO,17/09/2024,09:15:29,52504.3,52501.25,15,52519.95,60,165,321180
BANKNIFTY-II.NFO,17/09/2024,09:15:31,52509.05,52497.8,45,52518.4,90,45,321105
BANKNIFTY-II.NFO,17/09/2024,09:15:32,52497.35,52493.3,15,52516.85,60,90,321105
BANKNIFTY-II.NFO,17/09/2024,09:15:34,52496.1,52496.1,15,52516.1,60,15,321105
BANKNIFTY-II.NFO,17/09/2024,09:15:35,52497.35,52495.25,30,52509.6,60,75,321105
BANKNIFTY-II.NFO,17/09/2024,09:15:37,52498.8,52482.05,60,52498.8,45,90,321105
BANKNIFTY-II.NFO,17/09/2024,09:15:38,52482,52482,30,52496.45,60,75,321105
BANKNIFTY-II.NFO,17/09/2024,09:15:40,52482,52482.05,15,52494.95,60,0,321105
BANKNIFTY-II.NFO,17/09/2024,09:15:41,52482,52475.95,15,52492.45,60,30,321105
BANKNIFTY-II.NFO,17/09/2024,09:15:43,52490.1,52479,30,52490.15,15,45,321105
BANKNIFTY-II.NFO,17/09/2024,09:15:44,52495.65,52486.1,60,52495.7,15,60,321105
BANKNIFTY-II.NFO,17/09/2024,09:15:46,52485.35,52483.7,30,52501.15,60,30,321105
BANKNIFTY-II.NFO,17/09/2024,09:15:47,52484.4,52480.4,15,52500.75,60,15,321105
BANKNIFTY-II.NFO,17/09/2024,09:15:48,52478.85,52478.85,15,52495.75,60,120,321105
BANKNIFTY-II.NFO,17/09/2024,09:15:50,52478.85,52479.35,30,52498.6,60,0,321105
BANKNIFTY-II.NFO,17/09/2024,09:15:51,52494.5,52478.9,15,52493.7,60,15,321105
BANKNIFTY-II.NFO,17/09/2024,09:15:53,52478.9,52478.9,60,52495.25,45,90,321105
BANKNIFTY-II.NFO,17/09/2024,09:15:54,52478.9,52478.9,60,52497.35,45,0,321105
BANKNIFTY-II.NFO,17/09/2024,09:15:56,52478.9,52478.9,60,52497.25,45,0,321105
BANKNIFTY-II.NFO,17/09/2024,09:15:57,52481.85,52481.85,30,52495.8,60,75,321105
BANKNIFTY-II.NFO,17/09/2024,09:15:59,52481.85,52480.55,30,52498.55,60,0,321105
BANKNIFTY-II.NFO,17/09/2024,09:16:00,52495.35,52486.7,75,52499.95,60,15,321105
BANKNIFTY-II.NFO,17/09/2024,09:16:02,52485.4,52484.45,45,52494.75,60,30,321105
BANKNIFTY-II.NFO,17/09/2024,09:16:03,52484.45,52478.9,45,52493.25,210,45,321105
BANKNIFTY-II.NFO,17/09/2024,09:16:05,52484.45,52478.9,45,52492.55,60,0,321105
BANKNIFTY-II.NFO,17/09/2024,09:16:06,52478,52478,30,52481.4,60,105,321105
BANKNIFTY-II.NFO,17/09/2024,09:16:08,52482.7,52478,120,52481.95,30,75,321105
BANKNIFTY-II.NFO,17/09/2024,09:16:09,52482.7,52478,120,52482.15,30,0,321105
BANKNIFTY-II.NFO,17/09/2024,09:16:11,52482.7,52478,120,52481.8,180,0,321105
BANKNIFTY-II.NFO,17/09/2024,09:16:12,52482.7,52478,120,52484.75,30,0,321105
BANKNIFTY-II.NFO,17/09/2024,09:16:14,52482.7,52478,120,52486.9,30,0,321105
BANKNIFTY-II.NFO,17/09/2024,09:16:15,52482.7,52478,120,52486.75,30,0,321105
BANKNIFTY-II.NFO,17/09/2024,09:16:17,52478,52478,45,52480,15,75,321105
BANKNIFTY-II.NFO,17/09/2024,09:16:18,52489.9,52478.05,60,52493.75,45,180,321105
BANKNIFTY-II.NFO,17/09/2024,09:16:20,52490.75,52478,45,52487.4,30,15,321105
BANKNIFTY-II.NFO,17/09/2024,09:16:21,52490.75,52482.7,15,52489.3,30,0,321105
BANKNIFTY-II.NFO,17/09/2024,09:16:23,52490.75,52482.7,15,52487.5,30,0,321105
BANKNIFTY-II.NFO,17/09/2024,09:16:24,52488.45,52482.7,15,52487.4,180,75,321105
BANKNIFTY-II.NFO,17/09/2024,09:16:26,52490,52482.7,15,52490.1,150,30,321105
BANKNIFTY-II.NFO,17/09/2024,09:16:27,52490,52482.7,15,52489.25,150,0,321105
BANKNIFTY-II.NFO,17/09/2024,09:16:28,52482.7,52478,45,52484,150,30,321105
BANKNIFTY-II.NFO,17/09/2024,09:16:30,52478,52478,30,52484.35,150,30,321105
BANKNIFTY-II.NFO,17/09/2024,09:16:31,52483.95,52478,30,52484.05,135,15,321105
BANKNIFTY-II.NFO,17/09/2024,09:16:33,52483.95,52478,30,52483.2,75,0,321105
BANKNIFTY-II.NFO,17/09/2024,09:16:34,52478,52478,15,52484.15,150,15,321105
BANKNIFTY-II.NFO,17/09/2024,09:16:36,52484.9,52478,15,52487.55,180,15,321105
BANKNIFTY-II.NFO,17/09/2024,09:16:37,52475,52475.15,45,52486.95,75,75,321105
BANKNIFTY-II.NFO,17/09/2024,09:16:39,52475,52475,60,52485.8,150,0,321105
BANKNIFTY-II.NFO,17/09/2024,09:16:40,52485.65,52475,60,52485.65,255,15,321105
BANKNIFTY-II.NFO,17/09/2024,09:16:42,52485.65,52475,60,52484.05,180,0,321105
BANKNIFTY-II.NFO,17/09/2024,09:16:43,52475,52475,45,52486.3,180,15,321105
BANKNIFTY-II.NFO,17/09/2024,09:16:45,52475.05,52486.5,15,52486.8,15,30,321105
BANKNIFTY-II.NFO,17/09/2024,09:16:46,52485.65,52475,30,52485.75,15,30,321105
BANKNIFTY-II.NFO,17/09/2024,09:16:48,52485.65,52475,30,52484.5,15,0,321105
BANKNIFTY-II.NFO,17/09/2024,09:16:49,52475,52475,15,52476.1,15,15,321105
BANKNIFTY-II.NFO,17/09/2024,09:16:51,52475,52463.5,60,52477.05,15,300,321105
BANKNIFTY-II.NFO,17/09/2024,09:16:51,52474,52463.5,60,52477.05,15,0,321105
BANKNIFTY-II.NFO,17/09/2024,09:16:52,52474.55,52460.05,60,52473.8,150,15,321105
BANKNIFTY-II.NFO,17/09/2024,09:16:54,52471.55,52464.15,60,52477,135,15,321105
BANKNIFTY-II.NFO,17/09/2024,09:16:54,52471.55,52464.15,60,52477,135,0,321105
BANKNIFTY-II.NFO,17/09/2024,09:16:55,52471.55,52460.05,75,52473.65,60,0,321105
BANKNIFTY-II.NFO,17/09/2024,09:16:57,52471.55,52474.05,15,52474.35,60,0,321105
BANKNIFTY-II.NFO,17/09/2024,09:16:58,52461.3,52470,75,52472.8,30,90,321105
BANKNIFTY-II.NFO,17/09/2024,09:16:58,52461.3,52470,75,52472.8,30,0,321105
BANKNIFTY-II.NFO,17/09/2024,09:17:00,52470,52460,30,52470.4,30,75,321105
BANKNIFTY-II.NFO,17/09/2024,09:17:01,52470,52460.05,75,52472.9,30,0,321105
BANKNIFTY-II.NFO,17/09/2024,09:17:03,52470,52465.5,60,52478.45,30,0,321105
BANKNIFTY-II.NFO,17/09/2024,09:17:04,52470,52464.4,15,52474.35,30,0,321105
BANKNIFTY-II.NFO,17/09/2024,09:17:06,52470,52462.4,15,52472.25,30,0,321105
BANKNIFTY-II.NFO,17/09/2024,09:17:07,52470,52461.55,60,52472.2,30,15,321105
BANKNIFTY-II.NFO,17/09/2024,09:17:09,52470,52462.75,75,52473.3,30,0,321105
BANKNIFTY-II.NFO,17/09/2024,09:17:10,52470,52461,15,52470.35,30,0,321105
BANKNIFTY-II.NFO,17/09/2024,09:17:11,52470,52461,15,52468.15,30,0,321105
BANKNIFTY-II.NFO,17/09/2024,09:17:13,52461.3,52463,150,52469.5,30,15,321105
BANKNIFTY-II.NFO,17/09/2024,09:17:14,52461.3,52463,150,52470.6,30,0,321105
BANKNIFTY-II.NFO,17/09/2024,09:17:16,52461.3,52463,150,52471.2,150,0,321105
BANKNIFTY-II.NFO,17/09/2024,09:17:17,52461.3,52470,45,52474.8,30,0,321105
BANKNIFTY-II.NFO,17/09/2024,09:17:19,52470,52463.05,60,52474.1,210,45,321105
BANKNIFTY-II.NFO,17/09/2024,09:17:21,52470,52464.35,15,52473.4,30,0,321105
BANKNIFTY-II.NFO,17/09/2024,09:17:22,52470,52463.05,60,52472.25,225,0,321105
BANKNIFTY-II.NFO,17/09/2024,09:17:24,52472.85,52464.7,15,52472.75,210,15,321105
BANKNIFTY-II.NFO,17/09/2024,09:17:25,52472.55,52463,150,52472.3,15,30,321105
BANKNIFTY-II.NFO,17/09/2024,09:17:27,52472.55,52463,150,52471.65,15,0,321105
BANKNIFTY-II.NFO,17/09/2024,09:17:28,52472.55,52465,15,52471.35,15,0,321105
BANKNIFTY-II.NFO,17/09/2024,09:17:30,52472.55,52465,15,52469.85,15,0,321105
BANKNIFTY-II.NFO,17/09/2024,09:17:31,52469.9,52465,15,52468.65,195,30,321105
BANKNIFTY-II.NFO,17/09/2024,09:17:33,52469.9,52465,15,52472.85,30,0,321105
BANKNIFTY-II.NFO,17/09/2024,09:17:36,52472.85,52466.15,60,52472.85,15,15,321105
BANKNIFTY-II.NFO,17/09/2024,09:17:37,52472.85,52465.05,60,52472.85,15,0,321105
BANKNIFTY-II.NFO,17/09/2024,09:17:39,52465.15,52465.15,60,52472.85,15,15,321105
BANKNIFTY-II.NFO,17/09/2024,09:17:40,52465.15,52465,15,52472.85,15,0,321105
BANKNIFTY-II.NFO,17/09/2024,09:17:41,52475.4,52465,15,52475.05,150,75,321105
BANKNIFTY-II.NFO,17/09/2024,09:17:43,52461,52463.6,75,52474.3,60,510,321105
BANKNIFTY-II.NFO,17/09/2024,09:17:43,52461,52463.6,75,52474.3,60,0,321105
BANKNIFTY-II.NFO,17/09/2024,09:17:44,52476.5,52467.75,75,52478.35,75,15,321105
BANKNIFTY-II.NFO,17/09/2024,09:17:46,52476.5,52467.75,75,52477.65,150,0,321105
BANKNIFTY-II.NFO,17/09/2024,09:17:47,52476.5,52468.65,60,52475.4,60,0,321105
BANKNIFTY-II.NFO,17/09/2024,09:17:49,52476.5,52468,15,52475.4,60,0,321105
BANKNIFTY-II.NFO,17/09/2024,09:17:50,52466.65,52468.6,60,52475.4,60,15,321105
BANKNIFTY-II.NFO,17/09/2024,09:17:52,52466.65,52472,30,52475.4,60,0,321105
BANKNIFTY-II.NFO,17/09/2024,09:17:53,52466.65,52472,15,52475.4,60,0,321105
BANKNIFTY-II.NFO,17/09/2024,09:17:55,52475.4,52472.15,60,52476.5,15,60,321105
BANKNIFTY-II.NFO,17/09/2024,09:17:56,52480,52476.95,60,52484,15,30,321105
BANKNIFTY-II.NFO,17/09/2024,09:17:58,52480,52475.25,60,52484,15,0,321105
BANKNIFTY-II.NFO,17/09/2024,09:17:59,52480,52476.95,60,52484,15,0,321105
BANKNIFTY-II.NFO,17/09/2024,09:18:01,52480,52478,60,52484,15,0,321105
BANKNIFTY-II.NFO,17/09/2024,09:18:02,52480,52479.45,60,52484,15,0,321105
BANKNIFTY-II.NFO,17/09/2024,09:18:04,52479.45,52476.5,60,52484,15,15,321105
BANKNIFTY-II.NFO,17/09/2024,09:18:05,52479.45,52473.25,60,52484,15,0,321105
BANKNIFTY-II.NFO,17/09/2024,09:18:07,52480,52472,15,52480,75,15,321105
BANKNIFTY-II.NFO,17/09/2024,09:18:09,52480,52472,15,52479.1,75,75,321105
BANKNIFTY-II.NFO,17/09/2024,09:18:10,52480,52472,15,52480,30,0,321105
BANKNIFTY-II.NFO,17/09/2024,09:18:11,52472,52467.1,60,52477.9,30,15,321105
BANKNIFTY-II.NFO,17/09/2024,09:18:13,52472,52466.05,60,52476.85,105,0,321105
BANKNIFTY-II.NFO,17/09/2024,09:18:15,52466,52464.7,15,52474.7,75,15,321105
BANKNIFTY-II.NFO,17/09/2024,09:18:16,52466,52463.7,60,52474.45,60,0,321105
BANKNIFTY-II.NFO,17/09/2024,09:18:18,52463.7,52461.75,45,52471.8,60,15,321105
BANKNIFTY-II.NFO,17/09/2024,09:18:19,52461.05,52463,15,52472,60,15,321105
BANKNIFTY-II.NFO,17/09/2024,09:18:21,52461.05,52463.25,15,52472.85,75,0,321105
BANKNIFTY-II.NFO,17/09/2024,09:18:22,52461,52460.1,15,52467.15,15,15,321105
BANKNIFTY-II.NFO,17/09/2024,09:18:24,52468.3,52460,60,52466.95,30,90,321105
BANKNIFTY-II.NFO,17/09/2024,09:18:25,52457.35,52456.7,45,52465.9,90,150,321105
BANKNIFTY-II.NFO,17/09/2024,09:18:25,52457.35,52456.7,45,52465.9,90,0,321105
BANKNIFTY-II.NFO,17/09/2024,09:18:27,52456.7,52456.7,30,52467.75,30,15,321105
BANKNIFTY-II.NFO,17/09/2024,09:18:27,52456.7,52456.7,30,52467.75,30,0,321105
BANKNIFTY-II.NFO,17/09/2024,09:18:28,52456.7,52460.6,30,52470.25,60,0,321105
BANKNIFTY-II.NFO,17/09/2024,09:18:30,52456.7,52462,15,52469.15,60,0,321105
BANKNIFTY-II.NFO,17/09/2024,09:18:31,52456.7,52462,15,52469.75,75,0,321105
BANKNIFTY-II.NFO,17/09/2024,09:18:33,52456.7,52462,15,52465,15,0,321105
BANKNIFTY-II.NFO,17/09/2024,09:18:34,52462,52460,15,52465,15,15,320505
BANKNIFTY-II.NFO,17/09/2024,09:18:36,52457.35,52456.7,30,52460.5,60,30,320505
BANKNIFTY-II.NFO,17/09/2024,09:18:37,52456,52459.45,15,52464.85,60,45,320505
BANKNIFTY-II.NFO,17/09/2024,09:18:37,52456,52459.45,15,52464.85,60,0,320505
BANKNIFTY-II.NFO,17/09/2024,09:18:39,52456,52459.5,45,52465,15,0,320505
BANKNIFTY-II.NFO,17/09/2024,09:18:40,52461.7,52452.55,45,52464.3,60,90,320505
BANKNIFTY-II.NFO,17/09/2024,09:18:40,52454.3,52452.55,45,52464.3,60,0,320505
BANKNIFTY-II.NFO,17/09/2024,09:18:42,52457.05,52459.55,30,52465,15,30,320505
BANKNIFTY-II.NFO,17/09/2024,09:18:43,52458.45,52457.1,15,52465,15,30,320505
BANKNIFTY-II.NFO,17/09/2024,09:18:45,52465,52459.3,45,52474.95,60,30,320505
BANKNIFTY-II.NFO,17/09/2024,09:18:46,52463.75,52463.8,135,52475,15,15,320505
BANKNIFTY-II.NFO,17/09/2024,09:18:48,52479,52465.4,15,52479.65,90,30,320505
BANKNIFTY-II.NFO,17/09/2024,09:18:49,52479,52469,30,52479.95,60,0,320505
BANKNIFTY-II.NFO,17/09/2024,09:18:51,52479,52466.35,15,52479.75,60,0,320505
BANKNIFTY-II.NFO,17/09/2024,09:18:53,52465.95,52465.5,45,52479.3,60,60,320505
BANKNIFTY-II.NFO,17/09/2024,09:18:54,52470,52469.95,45,52479.75,60,45,320505
BANKNIFTY-II.NFO,17/09/2024,09:18:56,52470,52471.4,60,52480,30,0,320505
BANKNIFTY-II.NFO,17/09/2024,09:18:57,52470,52474.35,75,52480,30,0,320505
BANKNIFTY-II.NFO,17/09/2024,09:18:59,52476.5,52476.55,30,52480,30,15,320505
BANKNIFTY-II.NFO,17/09/2024,09:19:00,52476.55,52476,45,52480,30,15,320505
BANKNIFTY-II.NFO,17/09/2024,09:19:02,52480,52479.3,45,52483,45,60,320505
BANKNIFTY-II.NFO,17/09/2024,09:19:03,52480,52470,45,52480.1,75,45,320505
BANKNIFTY-II.NFO,17/09/2024,09:19:05,52468.05,52464.7,15,52475.6,60,60,320505
BANKNIFTY-II.NFO,17/09/2024,09:19:07,52468.05,52463.75,15,52472.55,75,0,320505
BANKNIFTY-II.NFO,17/09/2024,09:19:08,52468.05,52463.75,15,52471.25,75,0,320505
BANKNIFTY-II.NFO,17/09/2024,09:19:10,52463.75,52463.05,15,52469.05,135,15,320505
BANKNIFTY-II.NFO,17/09/2024,09:19:12,52463.75,52463.05,15,52471.25,60,0,320505
BANKNIFTY-II.NFO,17/09/2024,09:19:13,52469.3,52463.05,15,52469.2,60,90,320505
BANKNIFTY-II.NFO,17/09/2024,09:19:15,52470.8,52463.05,60,52478.05,75,15,320505
BANKNIFTY-II.NFO,17/09/2024,09:19:17,52470.8,52465.65,45,52477.1,60,0,320505
BANKNIFTY-II.NFO,17/09/2024,09:19:18,52462.9,52464.65,60,52476.15,60,165,320505
BANKNIFTY-II.NFO,17/09/2024,09:19:20,52462.9,52464.65,45,52477.25,75,0,320505
BANKNIFTY-II.NFO,17/09/2024,09:19:22,52462.9,52470.8,45,52474.55,75,0,320505
BANKNIFTY-II.NFO,17/09/2024,09:19:23,52462.9,52470.8,45,52473.6,105,0,320505
BANKNIFTY-II.NFO,17/09/2024,09:19:25,52473.6,52470.8,45,52473.35,60,15,320505
BANKNIFTY-II.NFO,17/09/2024,09:19:27,52473.6,52470.8,45,52474.35,75,0,320505
BANKNIFTY-II.NFO,17/09/2024,09:19:28,52473.6,52470.8,45,52474.9,60,0,320505
BANKNIFTY-II.NFO,17/09/2024,09:19:30,52473.6,52470.8,45,52477.15,60,0,320505
BANKNIFTY-II.NFO,17/09/2024,09:19:32,52477.15,52470.8,45,52473.95,75,15,320505
BANKNIFTY-II.NFO,17/09/2024,09:19:33,52473.2,52462.1,60,52473.2,60,75,320505
BANKNIFTY-II.NFO,17/09/2024,09:19:35,52471.65,52462.1,30,52471.65,45,15,320505
BANKNIFTY-II.NFO,17/09/2024,09:19:37,52471.65,52461.8,30,52469.65,45,0,320505
BANKNIFTY-II.NFO,17/09/2024,09:19:38,52471.65,52462.75,30,52470.15,45,0,320505
BANKNIFTY-II.NFO,17/09/2024,09:19:40,52471.65,52460.55,15,52466.8,45,0,320505
BANKNIFTY-II.NFO,17/09/2024,09:19:42,52471.65,52460.55,15,52466.9,165,0,320505
BANKNIFTY-II.NFO,17/09/2024,09:19:43,52471.65,52457.05,150,52461.4,30,0,320505
BANKNIFTY-II.NFO,17/09/2024,09:19:45,52471.65,52457.05,150,52463.9,150,0,320505
BANKNIFTY-II.NFO,17/09/2024,09:19:47,52471.65,52457.05,150,52463.35,150,0,320505
BANKNIFTY-II.NFO,17/09/2024,09:19:48,52460,52459.65,30,52467.1,135,75,320505
BANKNIFTY-II.NFO,17/09/2024,09:19:50,52457.45,52457.45,15,52464.05,135,15,320505
BANKNIFTY-II.NFO,17/09/2024,09:19:52,52462.95,52457.05,150,52463.1,105,30,320505
BANKNIFTY-II.NFO,17/09/2024,09:19:53,52462.95,52457.05,150,52461.75,30,0,320505
BANKNIFTY-II.NFO,17/09/2024,09:19:55,52462.95,52458.45,60,52466.85,105,0,320505
BANKNIFTY-II.NFO,17/09/2024,09:19:57,52462.95,52463.8,15,52464.65,30,0,320505
BANKNIFTY-II.NFO,17/09/2024,09:19:58,52463.8,52458.4,30,52464.45,15,15,320505
BANKNIFTY-II.NFO,17/09/2024,09:20:00,52463.8,52462.35,30,52469.45,105,0,320505
BANKNIFTY-II.NFO,17/09/2024,09:20:02,52463.8,52457.05,150,52463.75,60,0,320505
BANKNIFTY-II.NFO,17/09/2024,09:20:03,52457.05,52455,15,52457.15,60,150,320505
BANKNIFTY-II.NFO,17/09/2024,09:20:05,52452.55,52452.7,90,52462.6,75,30,320505
BANKNIFTY-II.NFO,17/09/2024,09:20:05,52452.55,52452.7,90,52462.6,75,0,320505
BANKNIFTY-II.NFO,17/09/2024,09:20:07,52452.55,52457,15,52462.1,75,0,320505
BANKNIFTY-II.NFO,17/09/2024,09:20:09,52459.75,52457,15,52459.3,60,15,320505
BANKNIFTY-II.NFO,17/09/2024,09:20:10,52459.3,52457,15,52458.2,45,15,320505
BANKNIFTY-II.NFO,17/09/2024,09:20:12,52459.3,52457,15,52459.7,45,0,320505
BANKNIFTY-II.NFO,17/09/2024,09:20:14,52459.3,52457,15,52460,30,0,320505
BANKNIFTY-II.NFO,17/09/2024,09:20:15,52460,52457,15,52460,15,15,320505
BANKNIFTY-II.NFO,17/09/2024,09:20:17,52460,52455,30,52460,15,0,320505
BANKNIFTY-II.NFO,17/09/2024,09:20:18,52455.05,52455.05,60,52460,15,15,320505
BANKNIFTY-II.NFO,17/09/2024,09:20:20,52455.05,52455.4,45,52460,15,0,320505
BANKNIFTY-II.NFO,17/09/2024,09:20:22,52469.4,52459,60,52471.9,15,135,320505
BANKNIFTY-II.NFO,17/09/2024,09:20:23,52458.5,52459.7,60,52473.7,60,90,320505
BANKNIFTY-II.NFO,17/09/2024,09:20:25,52470.95,52458.2,60,52471,45,15,320505
BANKNIFTY-II.NFO,17/09/2024,09:20:26,52470.95,52459.7,75,52472.25,45,0,320505
BANKNIFTY-II.NFO,17/09/2024,09:20:28,52470.95,52455.05,75,52467.9,150,0,320505
BANKNIFTY-II.NFO,17/09/2024,09:20:30,52472,52458.45,60,52472,45,15,320505
BANKNIFTY-II.NFO,17/09/2024,09:20:31,52472,52456.75,60,52469.85,45,0,320505
BANKNIFTY-II.NFO,17/09/2024,09:20:33,52472,52458.7,30,52470,45,0,320505
BANKNIFTY-II.NFO,17/09/2024,09:20:35,52472,52459.95,15,52468.05,135,0,320505
BANKNIFTY-II.NFO,17/09/2024,09:20:36,52467.85,52459.95,15,52467.85,30,15,320505
BANKNIFTY-II.NFO,17/09/2024,09:20:38,52467.85,52458.9,15,52466.4,165,0,320505
BANKNIFTY-II.NFO,17/09/2024,09:20:39,52469.4,52456.35,15,52467.3,165,30,320505
BANKNIFTY-II.NFO,17/09/2024,09:20:41,52469.4,52458.9,60,52469.05,135,0,320505
BANKNIFTY-II.NFO,17/09/2024,09:20:43,52469.4,52457.85,60,52469.05,150,0,320505
BANKNIFTY-II.NFO,17/09/2024,09:20:44,52469.4,52459.65,45,52469.05,135,0,320505
BANKNIFTY-II.NFO,17/09/2024,09:20:46,52469.05,52460,75,52469.4,45,60,320505
BANKNIFTY-II.NFO,17/09/2024,09:20:47,52469.4,52462.95,60,52469.4,30,15,320505
BANKNIFTY-II.NFO,17/09/2024,09:20:49,52469.4,52461.7,105,52469.4,30,0,320505
BANKNIFTY-II.NFO,17/09/2024,09:20:51,52469.4,52463.85,75,52469.4,15,15,320505
BANKNIFTY-II.NFO,17/09/2024,09:20:52,52469.4,52459.95,15,52471.65,165,30,320505
BANKNIFTY-II.NFO,17/09/2024,09:20:54,52470.75,52459.8,75,52468.85,225,90,320505
BANKNIFTY-II.NFO,17/09/2024,09:20:55,52470.75,52468.85,15,52471.15,45,0,320505
BANKNIFTY-II.NFO,17/09/2024,09:20:57,52470.75,52468.85,15,52470.9,15,0,320505
BANKNIFTY-II.NFO,17/09/2024,09:20:59,52468.85,52459.7,15,52465.7,150,15,320505
BANKNIFTY-II.NFO,17/09/2024,09:21:00,52457,52457,420,52458.55,15,15,320505
BANKNIFTY-II.NFO,17/09/2024,09:21:02,52457,52457,270,52466.15,135,150,320505
BANKNIFTY-II.NFO,17/09/2024,09:21:03,52457,52457,270,52463.15,120,0,320505
BANKNIFTY-II.NFO,17/09/2024,09:21:05,52457,52457,270,52460.75,30,0,320505
BANKNIFTY-II.NFO,17/09/2024,09:21:07,52457,52457,270,52459.75,135,0,320505
BANKNIFTY-II.NFO,17/09/2024,09:21:08,52457,52457,285,52460.85,120,0,320505
BANKNIFTY-II.NFO,17/09/2024,09:21:10,52457,52457,285,52458.85,30,0,320505
BANKNIFTY-II.NFO,17/09/2024,09:21:12,52457,52457,270,52458.65,135,15,320505
BANKNIFTY-II.NFO,17/09/2024,09:21:13,52457,52455,15,52459.2,165,270,320505
BANKNIFTY-II.NFO,17/09/2024,09:21:15,52457,52455,15,52461.05,30,0,320505
BANKNIFTY-II.NFO,17/09/2024,09:21:17,52457,52455,15,52463.95,45,0,320505
BANKNIFTY-II.NFO,17/09/2024,09:21:18,52457,52455.05,60,52467.5,30,0,320505
BANKNIFTY-II.NFO,17/09/2024,09:21:20,52456.05,52456.85,60,52468.3,30,15,320505
BANKNIFTY-II.NFO,17/09/2024,09:21:22,52457.55,52457.55,75,52468.45,30,15,320505
BANKNIFTY-II.NFO,17/09/2024,09:21:23,52457.55,52458.25,75,52467.75,30,0,320505
BANKNIFTY-II.NFO,17/09/2024,09:21:25,52458.25,52457,45,52467.7,60,15,320505
BANKNIFTY-II.NFO,17/09/2024,09:21:27,52458.25,52457.4,60,52467.7,45,0,320505
BANKNIFTY-II.NFO,17/09/2024,09:21:28,52459.3,52458.4,30,52467,45,15,320505
BANKNIFTY-II.NFO,17/09/2024,09:21:30,52459.3,52459.15,30,52469.2,45,0,320505
BANKNIFTY-II.NFO,17/09/2024,09:21:32,52459.3,52460.9,75,52469.15,15,0,320505
BANKNIFTY-II.NFO,17/09/2024,09:21:33,52459.4,52457.9,60,52469.25,30,75,319830
BANKNIFTY-II.NFO,17/09/2024,09:21:35,52458.45,52460.85,15,52468.25,75,15,319830
BANKNIFTY-II.NFO,17/09/2024,09:21:37,52457,52457,15,52463.75,45,30,319830
BANKNIFTY-II.NFO,17/09/2024,09:21:38,52457,52455,15,52459.3,60,15,319830
BANKNIFTY-II.NFO,17/09/2024,09:21:40,52457,52455.65,45,52461.6,45,0,319830
BANKNIFTY-II.NFO,17/09/2024,09:21:41,52458.3,52455.4,15,52463.4,45,105,319830
BANKNIFTY-II.NFO,17/09/2024,09:21:43,52464.9,52456.75,15,52464.6,210,75,319830
BANKNIFTY-II.NFO,17/09/2024,09:21:45,52464.9,52456.75,15,52463.9,195,0,319830
BANKNIFTY-II.NFO,17/09/2024,09:21:46,52462.2,52456.75,15,52459.55,180,15,319830
BANKNIFTY-II.NFO,17/09/2024,09:21:48,52459.4,52456.75,15,52459.45,165,15,319830
BANKNIFTY-II.NFO,17/09/2024,09:21:50,52457.55,52456.75,15,52463.2,60,15,319830
BANKNIFTY-II.NFO,17/09/2024,09:21:51,52457.55,52456.75,15,52462.75,60,0,319830
BANKNIFTY-II.NFO,17/09/2024,09:21:53,52457.55,52459.45,15,52462.8,210,0,319830
BANKNIFTY-II.NFO,17/09/2024,09:21:55,52459.45,52455.9,15,52460.35,60,300,319830
BANKNIFTY-II.NFO,17/09/2024,09:21:56,52459.45,52455,30,52459.6,150,0,319830
BANKNIFTY-II.NFO,17/09/2024,09:21:58,52459.45,52455,30,52460.3,150,0,319830
BANKNIFTY-II.NFO,17/09/2024,09:22:00,52459.45,52455,30,52460.55,150,0,319830
BANKNIFTY-II.NFO,17/09/2024,09:22:02,52455,52455,15,52459.3,60,15,319830
BANKNIFTY-II.NFO,17/09/2024,09:22:03,52455,52455,15,52459.4,150,0,319830
BANKNIFTY-II.NFO,17/09/2024,09:22:05,52455,52454.8,15,52457.2,150,15,319830
BANKNIFTY-II.NFO,17/09/2024,09:22:06,52458,52456.5,15,52458,135,15,319830
BANKNIFTY-II.NFO,17/09/2024,09:22:08,52458,52456.5,15,52457.95,135,0,319830
BANKNIFTY-II.NFO,17/09/2024,09:22:10,52455.75,52455.75,30,52464.95,60,15,319830
BANKNIFTY-II.NFO,17/09/2024,09:22:11,52455.75,52455.75,15,52460.8,60,0,319830
BANKNIFTY-II.NFO,17/09/2024,09:22:13,52455.75,52455.75,15,52461,135,0,319830
BANKNIFTY-II.NFO,17/09/2024,09:22:15,52455.75,52455.75,15,52458,15,0,319830
BANKNIFTY-II.NFO,17/09/2024,09:22:20,52458,52455.75,15,52463.2,75,15,319830
BANKNIFTY-II.NFO,17/09/2024,09:22:21,52462.9,52455.75,15,52464.35,45,45,319830
BANKNIFTY-II.NFO,17/09/2024,09:22:23,52465,52460.1,60,52468.25,15,15,319830
BANKNIFTY-II.NFO,17/09/2024,09:22:25,52460.7,52456.2,60,52466.3,75,15,319830
BANKNIFTY-II.NFO,17/09/2024,09:22:26,52460.7,52455.75,15,52462.3,75,0,319830
BANKNIFTY-II.NFO,17/09/2024,09:22:28,52460.7,52455,45,52456.9,165,0,319830
BANKNIFTY-II.NFO,17/09/2024,09:22:29,52460.7,52455,75,52457.25,60,0,319830
BANKNIFTY-II.NFO,17/09/2024,09:22:31,52445.05,52442,15,52446,135,465,319830
BANKNIFTY-II.NFO,17/09/2024,09:22:31,52445.05,52442,15,52446,135,0,319830
BANKNIFTY-II.NFO,17/09/2024,09:22:33,52446.15,52440,30,52448.75,165,15,319830
BANKNIFTY-II.NFO,17/09/2024,09:22:34,52441.75,52442.8,15,52443.9,15,210,319830
BANKNIFTY-II.NFO,17/09/2024,09:22:34,52441.75,52442.8,15,52443.9,15,0,319830
BANKNIFTY-II.NFO,17/09/2024,09:22:36,52442.8,52440.05,60,52445.8,75,45,319830
BANKNIFTY-II.NFO,17/09/2024,09:22:38,52450.4,52440,30,52444.95,45,90,319830
BANKNIFTY-II.NFO,17/09/2024,09:22:39,52440.35,52443.9,15,52449.15,30,30,319830
BANKNIFTY-II.NFO,17/09/2024,09:22:39,52440.35,52443.9,15,52449.15,30,0,319830
BANKNIFTY-II.NFO,17/09/2024,09:22:41,52453.95,52446.25,30,52449.15,15,15,319830
BANKNIFTY-II.NFO,17/09/2024,09:22:43,52443.9,52443.8,60,52450,15,30,319830
BANKNIFTY-II.NFO,17/09/2024,09:22:44,52443.9,52440.05,60,52448.55,30,0,319830
BANKNIFTY-II.NFO,17/09/2024,09:22:46,52442.15,52442.35,15,52448.75,150,15,319830
BANKNIFTY-II.NFO,17/09/2024,09:22:48,52442.15,52440.05,60,52448.3,165,0,319830
BANKNIFTY-II.NFO,17/09/2024,09:22:49,52446.7,52440,45,52449.25,30,315,319830
BANKNIFTY-II.NFO,17/09/2024,09:22:51,52440,52442.9,45,52450,15,15,319830
BANKNIFTY-II.NFO,17/09/2024,09:22:51,52440,52442.9,45,52450,15,0,319830
BANKNIFTY-II.NFO,17/09/2024,09:22:53,52442.9,52444.15,45,52449.35,75,15,319830
BANKNIFTY-II.NFO,17/09/2024,09:22:54,52442.9,52444.15,45,52449.95,15,0,319830
BANKNIFTY-II.NFO,17/09/2024,09:22:56,52450.6,52443.3,45,52451.4,30,60,319830
BANKNIFTY-II.NFO,17/09/2024,09:22:58,52450.6,52444.75,15,52451.5,30,0,319830
BANKNIFTY-II.NFO,17/09/2024,09:22:59,52450.75,52443.3,45,52449.3,135,105,319830
BANKNIFTY-II.NFO,17/09/2024,09:23:01,52450.75,52443.3,45,52449.5,150,0,319830
BANKNIFTY-II.NFO,17/09/2024,09:23:03,52450.75,52440.8,45,52445.25,225,0,319830
BANKNIFTY-II.NFO,17/09/2024,09:23:04,52449.1,52440.05,60,52450,15,60,319830
BANKNIFTY-II.NFO,17/09/2024,09:23:06,52449.1,52446.1,15,52450,15,0,319830
BANKNIFTY-II.NFO,17/09/2024,09:23:09,52450,52446.55,75,52452,15,15,319830
BANKNIFTY-II.NFO,17/09/2024,09:23:11,52452,52447.2,15,52455.3,150,15,319830
BANKNIFTY-II.NFO,17/09/2024,09:23:13,52447.2,52446.1,15,52454.6,90,15,319830
BANKNIFTY-II.NFO,17/09/2024,09:23:14,52447.2,52446.1,15,52451.4,90,0,319830
BANKNIFTY-II.NFO,17/09/2024,09:23:16,52447.2,52446.7,45,52450,90,0,319830
BANKNIFTY-II.NFO,17/09/2024,09:23:17,52456.45,52447.45,30,52456.65,90,135,319830
BANKNIFTY-II.NFO,17/09/2024,09:23:19,52456.45,52447.45,30,52455.15,165,0,319830
BANKNIFTY-II.NFO,17/09/2024,09:23:21,52454.25,52447.45,30,52454,90,15,319830
BANKNIFTY-II.NFO,17/09/2024,09:23:22,52454.25,52446.1,15,52447.2,15,0,319830
BANKNIFTY-II.NFO,17/09/2024,09:23:24,52447.45,52446.1,15,52452.85,90,30,319830
BANKNIFTY-II.NFO,17/09/2024,09:23:26,52447.45,52446.1,15,52449.25,150,0,319830
BANKNIFTY-II.NFO,17/09/2024,09:23:27,52446.1,52448.55,15,52452,150,15,319830
BANKNIFTY-II.NFO,17/09/2024,09:23:29,52448.55,52449.25,15,52450.2,150,15,319830
BANKNIFTY-II.NFO,17/09/2024,09:23:31,52448.55,52449.25,15,52451.95,150,0,319830
BANKNIFTY-II.NFO,17/09/2024,09:23:32,52450.8,52449.4,15,52450.75,60,45,319830
BANKNIFTY-II.NFO,17/09/2024,09:23:34,52449.45,52449.45,15,52451,30,45,319830
BANKNIFTY-II.NFO,17/09/2024,09:23:36,52449.4,52445,15,52449.65,150,285,319830
BANKNIFTY-II.NFO,17/09/2024,09:23:37,52446,52445,15,52449.05,225,210,319830
BANKNIFTY-II.NFO,17/09/2024,09:23:39,52445,52440,165,52446.55,90,15,319830
BANKNIFTY-II.NFO,17/09/2024,09:23:41,52445,52440.35,30,52449.65,90,0,319830
BANKNIFTY-II.NFO,17/09/2024,09:23:42,52445,52440.35,30,52448.9,90,0,319830
BANKNIFTY-II.NFO,17/09/2024,09:23:44,52440.35,52442.5,15,52448.65,90,15,319830
BANKNIFTY-II.NFO,17/09/2024,09:23:46,52440.35,52442.5,15,52450.45,90,0,319830
BANKNIFTY-II.NFO,17/09/2024,09:23:47,52440.35,52444.4,75,52453.25,15,0,319830
BANKNIFTY-II.NFO,17/09/2024,09:23:49,52440.35,52448.4,60,52453.25,15,0,319830
BANKNIFTY-II.NFO,17/09/2024,09:23:51,52440.35,52449.8,90,52460,45,0,319830
BANKNIFTY-II.NFO,17/09/2024,09:23:52,52440.35,52452.65,30,52460,45,0,319830
BANKNIFTY-II.NFO,17/09/2024,09:23:54,52440.35,52450.8,60,52460,135,0,319830
BANKNIFTY-II.NFO,17/09/2024,09:23:56,52459.1,52450.75,15,52458.7,75,15,319830
BANKNIFTY-II.NFO,17/09/2024,09:23:57,52459.1,52451.25,75,52460,45,0,319830
BANKNIFTY-II.NFO,17/09/2024,09:23:59,52459.1,52452.45,75,52460,45,0,319830
BANKNIFTY-II.NFO,17/09/2024,09:24:01,52460,52455.9,15,52460,30,15,319830
BANKNIFTY-II.NFO,17/09/2024,09:24:02,52460,52455.1,75,52460,30,0,319830
BANKNIFTY-II.NFO,17/09/2024,09:24:06,52468.2,52456.05,75,52468.15,30,45,319830
BANKNIFTY-II.NFO,17/09/2024,09:24:07,52468.2,52456.7,75,52467.75,30,0,319830
BANKNIFTY-II.NFO,17/09/2024,09:24:09,52467.75,52455.05,15,52463.35,150,15,319830
BANKNIFTY-II.NFO,17/09/2024,09:24:11,52467.75,52455.05,15,52461.45,150,0,319830
BANKNIFTY-II.NFO,17/09/2024,09:24:12,52467.75,52455.05,15,52461.2,75,0,319830
BANKNIFTY-II.NFO,17/09/2024,09:24:14,52467.75,52453.75,15,52460.8,150,0,319830
BANKNIFTY-II.NFO,17/09/2024,09:24:16,52467.75,52453.75,15,52456.75,150,0,319830
BANKNIFTY-II.NFO,17/09/2024,09:24:17,52467.75,52453.75,15,52458.7,75,0,319830
BANKNIFTY-II.NFO,17/09/2024,09:24:19,52467.75,52447.05,15,52457.4,75,0,319830
BANKNIFTY-II.NFO,17/09/2024,09:24:21,52467.75,52450.95,15,52451.2,75,0,319830
BANKNIFTY-II.NFO,17/09/2024,09:24:22,52467.75,52450.95,15,52453.5,150,0,319830
BANKNIFTY-II.NFO,17/09/2024,09:24:24,52467.75,52450.95,15,52453.95,150,0,319830
BANKNIFTY-II.NFO,17/09/2024,09:24:25,52467.75,52450.95,15,52452.65,90,0,319830
BANKNIFTY-II.NFO,17/09/2024,09:24:27,52450.95,52450.4,15,52452.7,150,15,319830
BANKNIFTY-II.NFO,17/09/2024,09:24:29,52450.4,52447.45,15,52450.45,45,30,319830
BANKNIFTY-II.NFO,17/09/2024,09:24:30,52446.85,52447.4,15,52447.85,120,195,319830
BANKNIFTY-II.NFO,17/09/2024,09:24:32,52447.3,52445.4,30,52450.75,120,15,319635
BANKNIFTY-II.NFO,17/09/2024,09:24:34,52447.3,52445.4,30,52448,120,0,319635
BANKNIFTY-II.NFO,17/09/2024,09:24:35,52447.3,52445.4,30,52448.45,120,0,319635
BANKNIFTY-II.NFO,17/09/2024,09:24:37,52447.3,52445.4,30,52447.15,120,0,319635
BANKNIFTY-II.NFO,17/09/2024,09:24:39,52444.95,52444.05,15,52444.25,30,195,319635
BANKNIFTY-II.NFO,17/09/2024,09:24:40,52444.95,52440,150,52444.55,30,0,319635
BANKNIFTY-II.NFO,17/09/2024,09:24:42,52444.95,52440.05,75,52448.3,15,0,319635
BANKNIFTY-II.NFO,17/09/2024,09:24:44,52444.95,52441,15,52448.9,30,0,319635
BANKNIFTY-II.NFO,17/09/2024,09:24:45,52444.95,52442.05,15,52446.35,15,0,319635
BANKNIFTY-II.NFO,17/09/2024,09:24:47,52444.55,52440,150,52443.75,150,45,319635
BANKNIFTY-II.NFO,17/09/2024,09:24:49,52444.55,52440.05,15,52442.8,15,0,319635
BANKNIFTY-II.NFO,17/09/2024,09:24:50,52444.55,52440,150,52446.3,15,0,319635
BANKNIFTY-II.NFO,17/09/2024,09:24:52,52444.55,52440,150,52443.2,15,0,319635
BANKNIFTY-II.NFO,17/09/2024,09:24:54,52440,52433.25,15,52441.95,90,150,319635
BANKNIFTY-II.NFO,17/09/2024,09:24:55,52440,52433,15,52438.1,75,0,319635
BANKNIFTY-II.NFO,17/09/2024,09:24:57,52440,52433,15,52436.55,15,0,319635
BANKNIFTY-II.NFO,17/09/2024,09:24:59,52440,52433,15,52436.15,15,0,319635
BANKNIFTY-II.NFO,17/09/2024,09:25:00,52439.7,52433.05,75,52441.25,120,15,319635
BANKNIFTY-II.NFO,17/09/2024,09:25:00,52439.7,52433.05,75,52441.25,120,0,319635
BANKNIFTY-II.NFO,17/09/2024,09:25:02,52440,52433,15,52439.35,180,15,319635
BANKNIFTY-II.NFO,17/09/2024,09:25:04,52440,52433,15,52441.65,120,0,319635
BANKNIFTY-II.NFO,17/09/2024,09:25:05,52440,52433,15,52441.5,150,0,319635
BANKNIFTY-II.NFO,17/09/2024,09:25:07,52440,52433,15,52439,15,0,319635
BANKNIFTY-II.NFO,17/09/2024,09:25:09,52439.75,52430,15,52439.3,75,75,319635
BANKNIFTY-II.NFO,17/09/2024,09:25:09,52433,52430,15,52439.3,75,0,319635
BANKNIFTY-II.NFO,17/09/2024,09:25:10,52439.75,52431.8,60,52443.7,165,0,319635
BANKNIFTY-II.NFO,17/09/2024,09:25:12,52439.75,52430,15,52438.3,75,0,319635
BANKNIFTY-II.NFO,17/09/2024,09:25:13,52438.05,52430,15,52439.3,90,30,319635
BANKNIFTY-II.NFO,17/09/2024,09:25:15,52438.05,52430,15,52437.3,120,0,319635
BANKNIFTY-II.NFO,17/09/2024,09:25:17,52438.05,52430.9,15,52437.65,150,0,319635
BANKNIFTY-II.NFO,17/09/2024,09:25:18,52438.05,52431.1,60,52439.75,225,0,319635
BANKNIFTY-II.NFO,17/09/2024,09:25:20,52438.05,52430.9,15,52439.75,240,0,319635
BANKNIFTY-II.NFO,17/09/2024,09:25:22,52438.05,52431.15,75,52439.75,225,0,319635
BANKNIFTY-II.NFO,17/09/2024,09:25:23,52438.05,52433.4,60,52439.75,225,0,319635
BANKNIFTY-II.NFO,17/09/2024,09:25:25,52439.75,52438.05,75,52439.75,105,120,319635
BANKNIFTY-II.NFO,17/09/2024,09:25:27,52439.75,52438.05,75,52447,30,105,319635
BANKNIFTY-II.NFO,17/09/2024,09:25:28,52439.75,52438,15,52446.55,75,15,319635
BANKNIFTY-II.NFO,17/09/2024,09:25:30,52439.75,52438,15,52445.4,135,0,319635
BANKNIFTY-II.NFO,17/09/2024,09:25:32,52439.75,52438,15,52446.3,150,0,319635
BANKNIFTY-II.NFO,17/09/2024,09:25:33,52439.75,52438,15,52443.85,165,0,319635
BANKNIFTY-II.NFO,17/09/2024,09:25:35,52439.75,52438,15,52441.5,120,0,319635
BANKNIFTY-II.NFO,17/09/2024,09:25:37,52439.75,52438,15,52441.6,150,0,319635
BANKNIFTY-II.NFO,17/09/2024,09:25:38,52439.75,52438,15,52440.55,120,0,319635
BANKNIFTY-II.NFO,17/09/2024,09:25:40,52439.9,52438,15,52442.9,150,15,319635
BANKNIFTY-II.NFO,17/09/2024,09:25:42,52439.9,52438.4,60,52447,30,0,319635
BANKNIFTY-II.NFO,17/09/2024,09:25:43,52439.9,52438.35,15,52447,30,0,319635
BANKNIFTY-II.NFO,17/09/2024,09:25:45,52439.9,52439.75,15,52447,30,0,319635
BANKNIFTY-II.NFO,17/09/2024,09:25:48,52449.95,52439.95,75,52450,60,60,319635
BANKNIFTY-II.NFO,17/09/2024,09:25:50,52449.95,52440.3,15,52449.25,15,0,319635
BANKNIFTY-II.NFO,17/09/2024,09:25:52,52450,52440.3,15,52449.9,240,15,319635
BANKNIFTY-II.NFO,17/09/2024,09:25:53,52450,52439.9,15,52449,165,0,319635
BANKNIFTY-II.NFO,17/09/2024,09:25:55,52450,52440,15,52449.25,300,0,319635
BANKNIFTY-II.NFO,17/09/2024,09:25:57,52450,52440.05,75,52450,45,0,319635
BANKNIFTY-II.NFO,17/09/2024,09:26:00,52450,52440.05,60,52450,45,0,319635
BANKNIFTY-II.NFO,17/09/2024,09:26:02,52450,52441.95,75,52450,45,0,319635
BANKNIFTY-II.NFO,17/09/2024,09:26:03,52441.7,52440.65,105,52450,60,15,319635
BANKNIFTY-II.NFO,17/09/2024,09:26:05,52441.7,52440,15,52449.45,15,0,319635
BANKNIFTY-II.NFO,17/09/2024,09:26:07,52441.7,52440,15,52445.65,150,0,319635
BANKNIFTY-II.NFO,17/09/2024,09:26:08,52441.7,52440,15,52449.45,15,0,319635
BANKNIFTY-II.NFO,17/09/2024,09:26:10,52441.7,52440,15,52445.6,150,0,319635
BANKNIFTY-II.NFO,17/09/2024,09:26:12,52449.2,52440,15,52449.85,150,30,319635
BANKNIFTY-II.NFO,17/09/2024,09:26:13,52449.2,52440.05,60,52450,60,0,319635
BANKNIFTY-II.NFO,17/09/2024,09:26:15,52440.65,52440.05,60,52449.55,135,15,319635
BANKNIFTY-II.NFO,17/09/2024,09:26:17,52448.6,52440,15,52446.85,90,60,319635
BANKNIFTY-II.NFO,17/09/2024,09:26:18,52448.6,52440,15,52445.05,225,0,319635
BANKNIFTY-II.NFO,17/09/2024,09:26:20,52440,52439.9,15,52445.15,150,15,319635
BANKNIFTY-II.NFO,17/09/2024,09:26:22,52448.4,52439.9,15,52447.6,150,15,319635
BANKNIFTY-II.NFO,17/09/2024,09:26:23,52448.4,52439.9,15,52446,135,0,319635
BANKNIFTY-II.NFO,17/09/2024,09:26:25,52448.4,52439.9,15,52446.75,75,0,319635
BANKNIFTY-II.NFO,17/09/2024,09:26:27,52448.4,52439.9,15,52447,150,0,319635
BANKNIFTY-II.NFO,17/09/2024,09:26:28,52448.4,52439.9,15,52446.85,90,0,319635
BANKNIFTY-II.NFO,17/09/2024,09:26:30,52448.4,52440,30,52448.95,150,0,319635
BANKNIFTY-II.NFO,17/09/2024,09:26:32,52440,52439.9,15,52448.85,165,30,319635
BANKNIFTY-II.NFO,17/09/2024,09:26:33,52440,52439.95,60,52449.8,150,0,319635
BANKNIFTY-II.NFO,17/09/2024,09:26:35,52440,52439.9,15,52446,150,0,319635
BANKNIFTY-II.NFO,17/09/2024,09:26:37,52440,52439.9,15,52446,150,15,319635
BANKNIFTY-II.NFO,17/09/2024,09:26:38,52440,52439.9,15,52448,30,0,319635
BANKNIFTY-II.NFO,17/09/2024,09:26:40,52440,52439.9,15,52446.95,150,0,319635
BANKNIFTY-II.NFO,17/09/2024,09:26:42,52446.95,52439.9,15,52447.1,150,15,319635
BANKNIFTY-II.NFO,17/09/2024,09:26:43,52446.95,52439.95,30,52448,30,0,319635
BANKNIFTY-II.NFO,17/09/2024,09:26:45,52446.95,52440.9,60,52448,30,0,319635
BANKNIFTY-II.NFO,17/09/2024,09:26:47,52446.95,52443.4,60,52448,30,0,319635
BANKNIFTY-II.NFO,17/09/2024,09:26:48,52448,52444.2,60,52450,45,30,319635
BANKNIFTY-II.NFO,17/09/2024,09:26:50,52448,52443.4,60,52450,45,0,319635
BANKNIFTY-II.NFO,17/09/2024,09:26:51,52448,52443.75,60,52450,45,0,319635
BANKNIFTY-II.NFO,17/09/2024,09:26:53,52448,52448,15,52450,45,0,319635
BANKNIFTY-II.NFO,17/09/2024,09:26:55,52448,52448,30,52450,45,0,319635
BANKNIFTY-II.NFO,17/09/2024,09:26:56,52448,52448,15,52450,45,0,319635
BANKNIFTY-II.NFO,17/09/2024,09:26:58,52450,52448.05,75,52450,15,30,319635
BANKNIFTY-II.NFO,17/09/2024,09:26:59,52450,52448.05,75,52450,15,0,319635
BANKNIFTY-II.NFO,17/09/2024,09:27:01,52451.25,52451.25,60,52455,15,30,319635
BANKNIFTY-II.NFO,17/09/2024,09:27:03,52455,52448.4,75,52461.65,30,15,319635
BANKNIFTY-II.NFO,17/09/2024,09:27:04,52458.1,52448,15,52458.15,30,15,319635
BANKNIFTY-II.NFO,17/09/2024,09:27:06,52458.1,52448,15,52457.6,30,0,319635
BANKNIFTY-II.NFO,17/09/2024,09:27:08,52461.75,52448.05,75,52461.3,30,15,319635
BANKNIFTY-II.NFO,17/09/2024,09:27:09,52461.75,52448.05,75,52460.5,45,0,319635
BANKNIFTY-II.NFO,17/09/2024,09:27:13,52461.75,52448.5,75,52461.2,165,0,319635
BANKNIFTY-II.NFO,17/09/2024,09:27:14,52461.75,52449.6,60,52463.4,15,0,319635
BANKNIFTY-II.NFO,17/09/2024,09:27:16,52461.75,52454.75,90,52463.4,15,0,319635
BANKNIFTY-II.NFO,17/09/2024,09:27:18,52467,52456.65,90,52468.25,15,90,319635
BANKNIFTY-II.NFO,17/09/2024,09:27:19,52467,52457.65,75,52468.25,15,0,319635
BANKNIFTY-II.NFO,17/09/2024,09:27:21,52453.05,52453.2,90,52459,60,15,319635
BANKNIFTY-II.NFO,17/09/2024,09:27:23,52453.05,52454.9,60,52459,60,0,319635
BANKNIFTY-II.NFO,17/09/2024,09:27:24,52459,52461.05,60,52468.25,15,60,319635
BANKNIFTY-II.NFO,17/09/2024,09:27:26,52457.45,52456.8,60,52468.2,30,15,319635
BANKNIFTY-II.NFO,17/09/2024,09:27:28,52457.45,52460.95,75,52468.25,15,0,319635
BANKNIFTY-II.NFO,17/09/2024,09:27:29,52480.1,52467.1,60,52479.95,15,30,319635
BANKNIFTY-II.NFO,17/09/2024,09:27:31,52480.1,52468.05,15,52477.45,15,0,319635
BANKNIFTY-II.NFO,17/09/2024,09:27:33,52466.05,52460.1,60,52466.05,15,30,319635
BANKNIFTY-II.NFO,17/09/2024,09:27:34,52466.05,52466.05,15,52473.35,75,30,319800
BANKNIFTY-II.NFO,17/09/2024,09:27:36,52470.05,52470.05,15,52477.5,30,30,319800
BANKNIFTY-II.NFO,17/09/2024,09:27:38,52466.05,52464.65,45,52475.05,30,30,319800
BANKNIFTY-II.NFO,17/09/2024,09:27:39,52466.05,52466.05,15,52474.8,30,30,319800
BANKNIFTY-II.NFO,17/09/2024,09:27:41,52474.7,52468.05,15,52475.35,15,45,319800
BANKNIFTY-II.NFO,17/09/2024,09:27:43,52464.75,52466.3,45,52476.05,30,30,319800
BANKNIFTY-II.NFO,17/09/2024,09:27:44,52474.9,52466.5,30,52475.95,15,30,319800
BANKNIFTY-II.NFO,17/09/2024,09:27:46,52466.5,52465.7,60,52470.05,15,15,319800
BANKNIFTY-II.NFO,17/09/2024,09:27:48,52463.6,52466.4,90,52470.05,15,15,319800
BANKNIFTY-II.NFO,17/09/2024,09:27:49,52481.85,52473.65,90,52483,45,30,319800
BANKNIFTY-II.NFO,17/09/2024,09:27:51,52473.65,52469.95,75,52481.25,30,15,319800
BANKNIFTY-II.NFO,17/09/2024,09:27:53,52473.65,52470.55,60,52482.95,30,0,319800
BANKNIFTY-II.NFO,17/09/2024,09:27:54,52473.65,52472.8,60,52483,45,0,319800
BANKNIFTY-II.NFO,17/09/2024,09:27:56,52473.65,52470.2,75,52482.95,30,0,319800
BANKNIFTY-II.NFO,17/09/2024,09:27:57,52473.65,52473.75,60,52483,45,0,319800
BANKNIFTY-II.NFO,17/09/2024,09:27:59,52473.65,52472.25,60,52483,45,0,319800
BANKNIFTY-II.NFO,17/09/2024,09:28:01,52483,52478.1,75,52484,15,45,319800
BANKNIFTY-II.NFO,17/09/2024,09:28:02,52483,52474.2,105,52484,15,0,319800
BANKNIFTY-II.NFO,17/09/2024,09:28:04,52484,52472.95,60,52484.75,30,15,319800
BANKNIFTY-II.NFO,17/09/2024,09:28:05,52484.7,52473.05,60,52483,45,30,319800
BANKNIFTY-II.NFO,17/09/2024,09:28:07,52484.7,52470.2,60,52482.95,30,0,319800
BANKNIFTY-II.NFO,17/09/2024,09:28:09,52484.7,52472.1,60,52483,45,0,319800
BANKNIFTY-II.NFO,17/09/2024,09:28:10,52484.7,52478.45,60,52483,45,0,319800
BANKNIFTY-II.NFO,17/09/2024,09:28:12,52484.7,52474.55,60,52483,45,0,319800
BANKNIFTY-II.NFO,17/09/2024,09:28:14,52484.7,52473.25,75,52483,45,0,319800
BANKNIFTY-II.NFO,17/09/2024,09:28:15,52484.7,52476.5,60,52483,45,0,319800
BANKNIFTY-II.NFO,17/09/2024,09:28:17,52486,52483.85,60,52490,180,75,319800
BANKNIFTY-II.NFO,17/09/2024,09:28:19,52483.85,52478.1,60,52489.95,30,15,319800
BANKNIFTY-II.NFO,17/09/2024,09:28:20,52489.95,52479.45,75,52490,180,15,319800
BANKNIFTY-II.NFO,17/09/2024,09:28:22,52489.95,52480.1,75,52490,180,0,319800
BANKNIFTY-II.NFO,17/09/2024,09:28:24,52489.95,52476.95,75,52489.95,30,0,319800
BANKNIFTY-II.NFO,17/09/2024,09:28:25,52489.95,52476.1,60,52489.5,30,0,319800
BANKNIFTY-II.NFO,17/09/2024,09:28:27,52488.5,52476.1,75,52488.9,30,15,319800
BANKNIFTY-II.NFO,17/09/2024,09:28:29,52490,52475,45,52486.3,105,285,319800
BANKNIFTY-II.NFO,17/09/2024,09:28:31,52489.2,52476.1,75,52488.7,15,120,319800
BANKNIFTY-II.NFO,17/09/2024,09:28:32,52490,52480.05,15,52490,75,45,319800
BANKNIFTY-II.NFO,17/09/2024,09:28:34,52488.45,52480,45,52489.2,150,45,319800
BANKNIFTY-II.NFO,17/09/2024,09:28:36,52490,52480.05,15,52490,90,15,319800
BANKNIFTY-II.NFO,17/09/2024,09:28:37,52490,52480.05,15,52490,15,60,319800
BANKNIFTY-II.NFO,17/09/2024,09:28:39,52490,52482.05,15,52493,150,15,319800
BANKNIFTY-II.NFO,17/09/2024,09:28:41,52490,52482.1,60,52493,120,0,319800
BANKNIFTY-II.NFO,17/09/2024,09:28:42,52490,52482,90,52489.45,180,0,319800
BANKNIFTY-II.NFO,17/09/2024,09:28:44,52490,52482.05,15,52489.75,150,0,319800
BANKNIFTY-II.NFO,17/09/2024,09:28:46,52490,52482,90,52489.25,300,0,319800
BANKNIFTY-II.NFO,17/09/2024,09:28:47,52490,52482,90,52487.95,150,0,319800
BANKNIFTY-II.NFO,17/09/2024,09:28:49,52490,52482.05,15,52490.4,75,15,319800
BANKNIFTY-II.NFO,17/09/2024,09:28:51,52490,52482.05,15,52489.8,75,0,319800
BANKNIFTY-II.NFO,17/09/2024,09:28:52,52485,52485,30,52489.7,180,15,319800
BANKNIFTY-II.NFO,17/09/2024,09:28:54,52485,52476.05,30,52487.65,150,30,319800
BANKNIFTY-II.NFO,17/09/2024,09:28:56,52486.75,52472.1,75,52484.65,150,45,319800
BANKNIFTY-II.NFO,17/09/2024,09:28:57,52486.75,52473.4,60,52485.95,150,0,319800
BANKNIFTY-II.NFO,17/09/2024,09:28:59,52486.75,52476.05,15,52486.45,75,0,319800
BANKNIFTY-II.NFO,17/09/2024,09:29:01,52486.95,52472.55,105,52486.15,75,30,319800
BANKNIFTY-II.NFO,17/09/2024,09:29:02,52486.25,52474.05,15,52483.25,75,15,319800
BANKNIFTY-II.NFO,17/09/2024,09:29:04,52470,52470,15,52479.85,135,45,319800
BANKNIFTY-II.NFO,17/09/2024,09:29:05,52477.5,52460.45,75,52472.1,150,30,319800
BANKNIFTY-II.NFO,17/09/2024,09:29:07,52473.35,52460.1,75,52473.4,180,15,319800
BANKNIFTY-II.NFO,17/09/2024,09:29:09,52464.05,52459.95,90,52474.8,180,15,319800
BANKNIFTY-II.NFO,17/09/2024,09:29:10,52476,52460.4,60,52473.35,150,15,319800
BANKNIFTY-II.NFO,17/09/2024,09:29:12,52473.05,52460,75,52473.45,165,15,319800
BANKNIFTY-II.NFO,17/09/2024,09:29:14,52470,52466.1,75,52477.3,135,15,319800
BANKNIFTY-II.NFO,17/09/2024,09:29:15,52470,52463.25,105,52476.25,135,0,319800
BANKNIFTY-II.NFO,17/09/2024,09:29:17,52470,52463.15,60,52477.35,60,0,319800
BANKNIFTY-II.NFO,17/09/2024,09:29:19,52470,52466.6,90,52477.35,30,0,319800
BANKNIFTY-II.NFO,17/09/2024,09:29:20,52480,52468.1,60,52481.45,165,45,319800
BANKNIFTY-II.NFO,17/09/2024,09:29:22,52480,52466.1,75,52480.3,165,0,319800
BANKNIFTY-II.NFO,17/09/2024,09:29:24,52480,52468.1,75,52480.25,45,0,319800
BANKNIFTY-II.NFO,17/09/2024,09:29:25,52480,52466.1,75,52477.6,165,0,319800
BANKNIFTY-II.NFO,17/09/2024,09:29:27,52480,52466.1,90,52476.6,15,0,319800
BANKNIFTY-II.NFO,17/09/2024,09:29:29,52471.95,52471.95,60,52476.6,15,15,319800
BANKNIFTY-II.NFO,17/09/2024,09:29:30,52482.1,52482.1,75,52492.95,15,60,319800
BANKNIFTY-II.NFO,17/09/2024,09:29:32,52482.1,52487.3,60,52492.95,15,30,319800
BANKNIFTY-II.NFO,17/09/2024,09:29:34,52484.1,52482,45,52492.95,15,30,319800
BANKNIFTY-II.NFO,17/09/2024,09:29:35,52480.05,52480.05,45,52491.7,90,15,319800
BANKNIFTY-II.NFO,17/09/2024,09:29:37,52480.05,52480.05,60,52492.8,90,0,319800
BANKNIFTY-II.NFO,17/09/2024,09:29:39,52492.8,52483.2,30,52492.8,60,15,319800
BANKNIFTY-II.NFO,17/09/2024,09:29:40,52483.95,52480.4,30,52492.65,60,15,319800
BANKNIFTY-II.NFO,17/09/2024,09:29:42,52481.7,52480.05,30,52492.65,90,15,319800
BANKNIFTY-II.NFO,17/09/2024,09:29:44,52481.7,52480.5,45,52492.65,60,0,319800
BANKNIFTY-II.NFO,17/09/2024,09:29:45,52469.35,52469.35,15,52479.95,15,45,319800
BANKNIFTY-II.NFO,17/09/2024,09:29:47,52469.35,52470.1,90,52479.75,60,0,319800
BANKNIFTY-II.NFO,17/09/2024,09:29:49,52469.35,52470.85,15,52479.75,60,0,319800
BANKNIFTY-II.NFO,17/09/2024,09:29:50,52469.35,52476.35,15,52479.7,15,0,319800
BANKNIFTY-II.NFO,17/09/2024,09:29:52,52477.5,52476.05,75,52479.7,15,15,319800
BANKNIFTY-II.NFO,17/09/2024,09:29:54,52482.05,52480.1,30,52492.55,90,90,319800
BANKNIFTY-II.NFO,17/09/2024,09:29:55,52482.05,52480.1,45,52492.35,90,0,319800
BANKNIFTY-II.NFO,17/09/2024,09:29:57,52482.05,52480.1,45,52492.25,90,0,319800
BANKNIFTY-II.NFO,17/09/2024,09:29:59,52492.2,52481,165,52492.25,45,90,319800
BANKNIFTY-II.NFO,17/09/2024,09:30:00,52492.2,52482.1,75,52489.95,15,0,319800
BANKNIFTY-II.NFO,17/09/2024,09:30:02,52492.2,52481.8,60,52489.95,15,0,319800
BANKNIFTY-II.NFO,17/09/2024,09:30:03,52492.5,52485,45,52493,120,105,319800
BANKNIFTY-II.NFO,17/09/2024,09:30:05,52485,52485,15,52492.25,75,15,319800
BANKNIFTY-II.NFO,17/09/2024,09:30:07,52485,52485,15,52493,120,0,319800
BANKNIFTY-II.NFO,17/09/2024,09:30:10,52485,52485.1,60,52493,120,0,319800
BANKNIFTY-II.NFO,17/09/2024,09:30:12,52485,52485,15,52493,120,0,319800
BANKNIFTY-II.NFO,17/09/2024,09:30:13,52479.75,52478.8,60,52485,75,375,319800
BANKNIFTY-II.NFO,17/09/2024,09:30:15,52479.75,52482.4,60,52485,75,0,319800
BANKNIFTY-II.NFO,17/09/2024,09:30:17,52484.05,52486.05,30,52498.5,15,135,319800
BANKNIFTY-II.NFO,17/09/2024,09:30:18,52484.05,52484.1,75,52492.8,15,0,319800
BANKNIFTY-II.NFO,17/09/2024,09:30:20,52492.8,52488.05,30,52498.95,15,15,319800
BANKNIFTY-II.NFO,17/09/2024,09:30:22,52492.8,52484.1,75,52498.95,15,0,319800
BANKNIFTY-II.NFO,17/09/2024,09:30:23,52492.8,52484.65,75,52490,675,0,319800
BANKNIFTY-II.NFO,17/09/2024,09:30:25,52490,52485.9,90,52490,660,15,319800
BANKNIFTY-II.NFO,17/09/2024,09:30:27,52490,52487.7,75,52490,645,15,319800
BANKNIFTY-II.NFO,17/09/2024,09:30:28,52490,52494.3,75,52499,15,660,319800
BANKNIFTY-II.NFO,17/09/2024,09:30:30,52500,52489.4,60,52497.75,15,60,319800
BANKNIFTY-II.NFO,17/09/2024,09:30:32,52509.95,52498.1,60,52510,75,135,319800
BANKNIFTY-II.NFO,17/09/2024,09:30:33,52498.05,52496.05,15,52507.1,45,15,320430
BANKNIFTY-II.NFO,17/09/2024,09:30:35,52498.05,52497.55,150,52510,75,0,320430
BANKNIFTY-II.NFO,17/09/2024,09:30:37,52498.05,52506.3,60,52510,30,0,320430
BANKNIFTY-II.NFO,17/09/2024,09:30:38,52520,52512.1,60,52524,30,135,320430
BANKNIFTY-II.NFO,17/09/2024,09:30:38,52520,52512.1,60,52524,30,0,320430
BANKNIFTY-II.NFO,17/09/2024,09:30:40,52505.95,52505.25,60,52514.75,30,30,320430
BANKNIFTY-II.NFO,17/09/2024,09:30:42,52523.5,52514.35,150,52523.95,45,30,320430
BANKNIFTY-II.NFO,17/09/2024,09:30:42,52523.5,52514.35,150,52523.95,45,0,320430
BANKNIFTY-II.NFO,17/09/2024,09:30:44,52523.5,52511.05,60,52521.85,45,0,320430
BANKNIFTY-II.NFO,17/09/2024,09:30:45,52523.5,52501.7,60,52509.7,15,0,320430
BANKNIFTY-II.NFO,17/09/2024,09:30:47,52516.7,52510,15,52516.7,60,30,320430
BANKNIFTY-II.NFO,17/09/2024,09:30:49,52510,52502.05,15,52513.9,45,15,320430
BANKNIFTY-II.NFO,17/09/2024,09:30:50,52510,52504.1,75,52516.6,30,0,320430
BANKNIFTY-II.NFO,17/09/2024,09:30:52,52516.7,52506.6,60,52518,45,15,320430
BANKNIFTY-II.NFO,17/09/2024,09:30:53,52518.45,52504.3,60,52519.4,75,300,320430
BANKNIFTY-II.NFO,17/09/2024,09:30:55,52518.45,52508.05,15,52519.2,150,0,320430
BANKNIFTY-II.NFO,17/09/2024,09:30:57,52507.15,52508.05,15,52520,15,30,320430
BANKNIFTY-II.NFO,17/09/2024,09:30:58,52507.15,52508.1,60,52519.95,15,0,320430
BANKNIFTY-II.NFO,17/09/2024,09:31:00,52507.15,52510.05,15,52518.45,15,0,320430
BANKNIFTY-II.NFO,17/09/2024,09:31:02,52507.15,52505.9,75,52518.45,15,0,320430
BANKNIFTY-II.NFO,17/09/2024,09:31:03,52507.15,52509.5,60,52518.45,15,0,320430
BANKNIFTY-II.NFO,17/09/2024,09:31:05,52507.15,52503.8,60,52518.45,15,0,320430
BANKNIFTY-II.NFO,17/09/2024,09:31:07,52507.15,52504.05,15,52517.3,150,0,320430
BANKNIFTY-II.NFO,17/09/2024,09:31:08,52507.15,52504.05,15,52515.6,150,0,320430
BANKNIFTY-II.NFO,17/09/2024,09:31:10,52507.15,52504.1,60,52517.95,75,0,320430
BANKNIFTY-II.NFO,17/09/2024,09:31:12,52515.45,52507.45,75,52518.45,15,30,320430
BANKNIFTY-II.NFO,17/09/2024,09:31:13,52508.1,52510.3,150,52518.45,15,15,320430
BANKNIFTY-II.NFO,17/09/2024,09:31:15,52508.1,52512.75,60,52518.4,15,0,320430
BANKNIFTY-II.NFO,17/09/2024,09:31:17,52518.45,52513.55,60,52519,15,30,320430
BANKNIFTY-II.NFO,17/09/2024,09:31:18,52518.45,52514.8,60,52519,15,0,320430
BANKNIFTY-II.NFO,17/09/2024,09:31:20,52518.45,52514.95,60,52519,15,0,320430
BANKNIFTY-II.NFO,17/09/2024,09:31:22,52520,52520,15,52524,60,45,320430
BANKNIFTY-II.NFO,17/09/2024,09:31:23,52524,52519.05,60,52524,45,15,320430
BANKNIFTY-II.NFO,17/09/2024,09:31:23,52524,52519.05,60,52524,45,0,320430
BANKNIFTY-II.NFO,17/09/2024,09:31:25,52528,52519.05,75,52528,30,60,320430
BANKNIFTY-II.NFO,17/09/2024,09:31:25,52528,52519.05,75,52528,30,0,320430
BANKNIFTY-II.NFO,17/09/2024,09:31:27,52519.05,52519.05,60,52528,30,15,320430
BANKNIFTY-II.NFO,17/09/2024,09:31:28,52519.05,52519.05,60,52525,15,0,320430
BANKNIFTY-II.NFO,17/09/2024,09:31:30,52524.95,52519,15,52525,15,15,320430
BANKNIFTY-II.NFO,17/09/2024,09:31:31,52524.95,52519,15,52519.05,15,0,320430
BANKNIFTY-II.NFO,17/09/2024,09:31:33,52524.95,52510.85,60,52524.95,30,45,320430
BANKNIFTY-II.NFO,17/09/2024,09:31:35,52524.95,52515,15,52524.95,30,0,320430
BANKNIFTY-II.NFO,17/09/2024,09:31:36,52515,52514.05,15,52524.95,30,15,320430
BANKNIFTY-II.NFO,17/09/2024,09:31:38,52515,52513.3,150,52522.25,30,0,320430
BANKNIFTY-II.NFO,17/09/2024,09:31:40,52515,52513.3,150,52520.55,30,0,320430
BANKNIFTY-II.NFO,17/09/2024,09:31:41,52515,52513.3,150,52523,30,0,320430
BANKNIFTY-II.NFO,17/09/2024,09:31:43,52515,52513.35,60,52523.95,30,0,320430
BANKNIFTY-II.NFO,17/09/2024,09:31:45,52515,52513.35,60,52524,15,0,320430
BANKNIFTY-II.NFO,17/09/2024,09:31:46,52515,52514.1,75,52524,15,0,320430
BANKNIFTY-II.NFO,17/09/2024,09:31:48,52515.05,52515.05,60,52524,15,45,320430
BANKNIFTY-II.NFO,17/09/2024,09:31:50,52515.05,52515.05,60,52524,15,0,320430
BANKNIFTY-II.NFO,17/09/2024,09:31:51,52524,52515.05,60,52524.95,150,15,320430
BANKNIFTY-II.NFO,17/09/2024,09:31:53,52524.95,52514.7,60,52524.95,120,30,320430
BANKNIFTY-II.NFO,17/09/2024,09:31:55,52514.1,52514.1,30,52524.9,60,15,320430
BANKNIFTY-II.NFO,17/09/2024,09:31:56,52524.9,52515.05,30,52524.3,60,15,320430
BANKNIFTY-II.NFO,17/09/2024,09:31:58,52524.9,52515.05,30,52524.9,135,0,320430
BANKNIFTY-II.NFO,17/09/2024,09:32:00,52515.05,52515.05,15,52524.9,60,15,320430
BANKNIFTY-II.NFO,17/09/2024,09:32:01,52524.95,52515.05,15,52524.9,60,60,320430
BANKNIFTY-II.NFO,17/09/2024,09:32:03,52522.65,52515.05,15,52523,15,60,320430
BANKNIFTY-II.NFO,17/09/2024,09:32:05,52522.65,52518,90,52522.45,15,0,320430
BANKNIFTY-II.NFO,17/09/2024,09:32:06,52515.05,52514.1,15,52521.95,15,105,320430
BANKNIFTY-II.NFO,17/09/2024,09:32:08,52513.3,52513.3,30,52519.1,15,45,320430
BANKNIFTY-II.NFO,17/09/2024,09:32:10,52520.2,52513.3,30,52520.15,75,15,320430
BANKNIFTY-II.NFO,17/09/2024,09:32:11,52520.2,52513.3,30,52517.5,150,0,320430
BANKNIFTY-II.NFO,17/09/2024,09:32:13,52517.95,52513.3,30,52517.3,150,15,320430
BANKNIFTY-II.NFO,17/09/2024,09:32:15,52517.25,52513.3,30,52517.9,150,15,320430
BANKNIFTY-II.NFO,17/09/2024,09:32:16,52513.3,52500.1,75,52514.5,45,30,320430
BANKNIFTY-II.NFO,17/09/2024,09:32:18,52500.1,52500.1,75,52509.9,15,45,320430
BANKNIFTY-II.NFO,17/09/2024,09:32:20,52509.9,52504.1,75,52517.2,30,15,320430
BANKNIFTY-II.NFO,17/09/2024,09:32:21,52509.9,52506.05,15,52517,30,0,320430
BANKNIFTY-II.NFO,17/09/2024,09:32:23,52509.9,52504.35,60,52516.7,30,0,320430
BANKNIFTY-II.NFO,17/09/2024,09:32:25,52509.9,52507.25,60,52517.25,30,0,320430
BANKNIFTY-II.NFO,17/09/2024,09:32:26,52509.9,52509,90,52517.25,30,0,320430
BANKNIFTY-II.NFO,17/09/2024,09:32:28,52509.9,52511.15,60,52515,75,0,320430
BANKNIFTY-II.NFO,17/09/2024,09:32:30,52515,52514.25,60,52517.25,30,90,320430
BANKNIFTY-II.NFO,17/09/2024,09:32:31,52515,52514.85,60,52517.25,30,0,320430
BANKNIFTY-II.NFO,17/09/2024,09:32:33,52515,52510.35,60,52517.25,30,0,320430
BANKNIFTY-II.NFO,17/09/2024,09:32:35,52515,52513.5,60,52517.25,30,0,320430
BANKNIFTY-II.NFO,17/09/2024,09:32:36,52515,52514.45,60,52517.25,30,0,320430
BANKNIFTY-II.NFO,17/09/2024,09:32:38,52517.25,52513.7,60,52519,15,30,320430
BANKNIFTY-II.NFO,17/09/2024,09:32:40,52520,52516.05,75,52520,75,120,320430
BANKNIFTY-II.NFO,17/09/2024,09:32:41,52520,52517.45,60,52524,90,75,320430
BANKNIFTY-II.NFO,17/09/2024,09:32:43,52520,52521.4,60,52524,90,0,320430
BANKNIFTY-II.NFO,17/09/2024,09:32:45,52520,52521.9,60,52524,15,0,320430
BANKNIFTY-II.NFO,17/09/2024,09:32:46,52519.75,52521.9,60,52523.95,15,15,320430
BANKNIFTY-II.NFO,17/09/2024,09:32:48,52525,52523.6,60,52528,180,195,320430
BANKNIFTY-II.NFO,17/09/2024,09:32:50,52530,52529.3,60,52530.95,15,300,320430
BANKNIFTY-II.NFO,17/09/2024,09:32:50,52530,52529.3,60,52530.95,15,0,320430
BANKNIFTY-II.NFO,17/09/2024,09:32:51,52531,52526.1,75,52535,30,30,320430
BANKNIFTY-II.NFO,17/09/2024,09:32:51,52531,52526.1,75,52535,30,0,320430
BANKNIFTY-II.NFO,17/09/2024,09:32:53,52531,52528.25,60,52534.95,15,0,320430
BANKNIFTY-II.NFO,17/09/2024,09:32:55,52535,52529.05,60,52539,15,45,320430
BANKNIFTY-II.NFO,17/09/2024,09:32:55,52535,52529.05,60,52539,15,0,320430
BANKNIFTY-II.NFO,17/09/2024,09:32:56,52529.8,52531,15,52539,15,30,320430
BANKNIFTY-II.NFO,17/09/2024,09:32:58,52529.8,52531,15,52538.45,60,0,320430
BANKNIFTY-II.NFO,17/09/2024,09:33:00,52529.8,52531,15,52538.9,15,0,320430
BANKNIFTY-II.NFO,17/09/2024,09:33:02,52531,52528.05,60,52538.9,15,15,320430
BANKNIFTY-II.NFO,17/09/2024,09:33:03,52537.5,52526.1,45,52538.75,75,30,320430
BANKNIFTY-II.NFO,17/09/2024,09:33:03,52538.75,52526.1,45,52538.75,75,0,320430
BANKNIFTY-II.NFO,17/09/2024,09:33:05,52538.75,52529.8,15,52538.7,60,15,320430
BANKNIFTY-II.NFO,17/09/2024,09:33:06,52538.75,52529.85,15,52538.65,60,0,320430
BANKNIFTY-II.NFO,17/09/2024,09:33:08,52538.55,52529.8,15,52537.6,15,45,320430
BANKNIFTY-II.NFO,17/09/2024,09:33:10,52538.55,52529.8,15,52536.7,15,0,320430
BANKNIFTY-II.NFO,17/09/2024,09:33:11,52538.55,52529.8,15,52537.3,30,0,320430
BANKNIFTY-II.NFO,17/09/2024,09:33:13,52529.9,52529.8,15,52537.35,30,30,320430
BANKNIFTY-II.NFO,17/09/2024,09:33:16,52529.9,52529.8,15,52529.9,30,0,320430
BANKNIFTY-II.NFO,17/09/2024,09:33:18,52529.9,52529.8,15,52529.9,15,30,320430
BANKNIFTY-II.NFO,17/09/2024,09:33:20,52529.95,52529.8,15,52530,15,30,320430
BANKNIFTY-II.NFO,17/09/2024,09:33:21,52529.95,52529.8,15,52529.9,15,0,320430
BANKNIFTY-II.NFO,17/09/2024,09:33:23,52529.95,52529.8,15,52530,15,45,320430
BANKNIFTY-II.NFO,17/09/2024,09:33:25,52530,52529.85,15,52537.35,15,15,320430
BANKNIFTY-II.NFO,17/09/2024,09:33:26,52536,52529.8,15,52537.35,30,90,320430
BANKNIFTY-II.NFO,17/09/2024,09:33:28,52536,52529.85,15,52533,15,0,320430
BANKNIFTY-II.NFO,17/09/2024,09:33:30,52536,52529.85,15,52530,15,0,320430
BANKNIFTY-II.NFO,17/09/2024,09:33:33,52521.35,52521.3,30,52525,15,75,320400
BANKNIFTY-II.NFO,17/09/2024,09:33:35,52522.55,52521.25,30,52525,15,75,320400
BANKNIFTY-II.NFO,17/09/2024,09:33:36,52522.55,52520,15,52525,15,0,320400
BANKNIFTY-II.NFO,17/09/2024,09:33:38,52529,52521.25,30,52529,15,75,320400
BANKNIFTY-II.NFO,17/09/2024,09:33:40,52521.3,52522.1,15,52524,45,345,320400
BANKNIFTY-II.NFO,17/09/2024,09:33:41,52524,52522.2,30,52533.8,90,45,320400
BANKNIFTY-II.NFO,17/09/2024,09:33:43,52522.1,52524.05,15,52536.5,75,795,320400
BANKNIFTY-II.NFO,17/09/2024,09:33:45,52522.1,52526.05,15,52536.35,30,0,320400
BANKNIFTY-II.NFO,17/09/2024,09:33:46,52522.1,52522.3,15,52526.05,30,0,320400
BANKNIFTY-II.NFO,17/09/2024,09:33:48,52526.05,52523.45,15,52526.05,15,15,320400
BANKNIFTY-II.NFO,17/09/2024,09:33:50,52526.05,52522.1,90,52522.45,45,0,320400
BANKNIFTY-II.NFO,17/09/2024,09:33:51,52522.1,52522.1,75,52526.05,15,60,320400
BANKNIFTY-II.NFO,17/09/2024,09:33:53,52530,52522.1,60,52533,60,30,320400
BANKNIFTY-II.NFO,17/09/2024,09:33:55,52530,52522.1,60,52532,75,0,320400
BANKNIFTY-II.NFO,17/09/2024,09:33:56,52530,52522.1,60,52530.2,75,0,320400
BANKNIFTY-II.NFO,17/09/2024,09:33:58,52530,52522.1,60,52522.45,15,0,320400
BANKNIFTY-II.NFO,17/09/2024,09:34:01,52522.1,52522.1,45,52522.45,15,15,320400
BANKNIFTY-II.NFO,17/09/2024,09:34:03,52530.85,52522.1,30,52530.2,75,45,320400
BANKNIFTY-II.NFO,17/09/2024,09:34:05,52530.85,52520.2,60,52530.9,15,60,320400
BANKNIFTY-II.NFO,17/09/2024,09:34:06,52530.85,52524.55,15,52530.9,15,0,320400
BANKNIFTY-II.NFO,17/09/2024,09:34:08,52530.85,52520,30,52524.25,60,0,320400
BANKNIFTY-II.NFO,17/09/2024,09:34:10,52524.25,52520.05,60,52522,15,15,320400
BANKNIFTY-II.NFO,17/09/2024,09:34:11,52522,52520,30,52524.25,45,15,320400
BANKNIFTY-II.NFO,17/09/2024,09:34:13,52527.55,52520,30,52528.75,45,105,320400
BANKNIFTY-II.NFO,17/09/2024,09:34:15,52527.55,52520.05,75,52528.8,45,0,320400
BANKNIFTY-II.NFO,17/09/2024,09:34:16,52527.55,52521.65,30,52528.8,45,0,320400
BANKNIFTY-II.NFO,17/09/2024,09:34:18,52521.3,52522.35,60,52528.8,45,15,320400
BANKNIFTY-II.NFO,17/09/2024,09:34:20,52522.1,52520.2,60,52528.8,45,30,320400
BANKNIFTY-II.NFO,17/09/2024,09:34:21,52522.1,52520.6,60,52528.8,45,0,320400
BANKNIFTY-II.NFO,17/09/2024,09:34:23,52520.05,52521.35,15,52528.8,45,15,320400
BANKNIFTY-II.NFO,17/09/2024,09:34:25,52528.8,52520.25,15,52529.65,75,45,320400
BANKNIFTY-II.NFO,17/09/2024,09:34:26,52528.8,52520.85,45,52530,75,0,320400
BANKNIFTY-II.NFO,17/09/2024,09:34:28,52528.8,52520.1,15,52529.85,75,0,320400
BANKNIFTY-II.NFO,17/09/2024,09:34:30,52528.8,52520.85,15,52529.85,60,0,320400
BANKNIFTY-II.NFO,17/09/2024,09:34:31,52528.8,52522,15,52529.95,60,0,320400
BANKNIFTY-II.NFO,17/09/2024,09:34:33,52528.8,52525.3,30,52530,120,0,320400
BANKNIFTY-II.NFO,17/09/2024,09:34:35,52528.8,52524.4,30,52530,135,0,320400
BANKNIFTY-II.NFO,17/09/2024,09:34:36,52524.05,52523.4,15,52530,105,45,320400
BANKNIFTY-II.NFO,17/09/2024,09:34:38,52530,52522.8,45,52530,30,135,320400
BANKNIFTY-II.NFO,17/09/2024,09:34:40,52523.45,52523,15,52530,30,15,320400
BANKNIFTY-II.NFO,17/09/2024,09:34:41,52525.6,52524.65,15,52530,15,45,320400
BANKNIFTY-II.NFO,17/09/2024,09:34:43,52524.65,52524.45,45,52530,15,15,320400
BANKNIFTY-II.NFO,17/09/2024,09:34:45,52530,52532,15,52534,15,15,320400
BANKNIFTY-II.NFO,17/09/2024,09:34:46,52532,52525.6,15,52531.2,60,30,320400
BANKNIFTY-II.NFO,17/09/2024,09:34:48,52534.35,52526.75,15,52535.5,30,90,320400
BANKNIFTY-II.NFO,17/09/2024,09:34:50,52534.35,52526.2,60,52535.55,150,0,320400
BANKNIFTY-II.NFO,17/09/2024,09:34:51,52534.35,52525.9,60,52535.55,150,0,320400
BANKNIFTY-II.NFO,17/09/2024,09:34:53,52535.55,52527.05,15,52535.55,135,75,320400
BANKNIFTY-II.NFO,17/09/2024,09:34:55,52535.55,52527,15,52535.55,120,0,320400
BANKNIFTY-II.NFO,17/09/2024,09:34:56,52526.1,52525,15,52535.45,30,75,320400
BANKNIFTY-II.NFO,17/09/2024,09:34:58,52526.1,52523.05,75,52535.1,45,0,320400
BANKNIFTY-II.NFO,17/09/2024,09:34:59,52522.45,52522.95,60,52530,75,15,320400
BANKNIFTY-II.NFO,17/09/2024,09:35:01,52530,52523.3,60,52530,30,45,320400
BANKNIFTY-II.NFO,17/09/2024,09:35:03,52530,52522.35,60,52526.1,15,60,320400
BANKNIFTY-II.NFO,17/09/2024,09:35:04,52526.1,52524.4,60,52530,15,15,320400
BANKNIFTY-II.NFO,17/09/2024,09:35:06,52526.1,52525.5,60,52530,15,0,320400
BANKNIFTY-II.NFO,17/09/2024,09:35:08,52526.1,52525.7,60,52530,15,0,320400
BANKNIFTY-II.NFO,17/09/2024,09:35:09,52526.1,52526.7,60,52530,15,0,320400
BANKNIFTY-II.NFO,17/09/2024,09:35:11,52527,52526.95,15,52530,15,60,320400
BANKNIFTY-II.NFO,17/09/2024,09:35:13,52528.35,52523.75,45,52530,15,60,320400
BANKNIFTY-II.NFO,17/09/2024,09:35:14,52528.35,52525.35,45,52530,15,0,320400
BANKNIFTY-II.NFO,17/09/2024,09:35:16,52530,52525.05,45,52534.95,60,30,320400
BANKNIFTY-II.NFO,17/09/2024,09:35:18,52525,52522.35,15,52532.25,60,15,320400
BANKNIFTY-II.NFO,17/09/2024,09:35:19,52525,52522.05,15,52530,60,0,320400
BANKNIFTY-II.NFO,17/09/2024,09:35:21,52522,52522.05,15,52530,60,30,320400
BANKNIFTY-II.NFO,17/09/2024,09:35:23,52522.05,52522,300,52526.4,75,30,320400
BANKNIFTY-II.NFO,17/09/2024,09:35:24,52522.05,52522,300,52525.9,90,0,320400
BANKNIFTY-II.NFO,17/09/2024,09:35:26,52522.05,52522,300,52524.95,60,0,320400
BANKNIFTY-II.NFO,17/09/2024,09:35:28,52522.05,52522,300,52525,15,0,320400
BANKNIFTY-II.NFO,17/09/2024,09:35:30,52522.05,52522.05,45,52524.4,75,0,320400
BANKNIFTY-II.NFO,17/09/2024,09:35:31,52522.05,52522.15,45,52524.4,75,15,320400
BANKNIFTY-II.NFO,17/09/2024,09:35:33,52524.4,52522.05,30,52524.4,15,60,320400
BANKNIFTY-II.NFO,17/09/2024,09:35:35,52524.4,52522.05,30,52524.4,15,0,320400
BANKNIFTY-II.NFO,17/09/2024,09:35:36,52524.4,52522,300,52524.4,15,0,320400
BANKNIFTY-II.NFO,17/09/2024,09:35:38,52524.4,52522,300,52525,15,15,320400
BANKNIFTY-II.NFO,17/09/2024,09:35:40,52524.4,52522,300,52525,15,0,320400
BANKNIFTY-II.NFO,17/09/2024,09:35:41,52525,52522,300,52529,30,15,320400
BANKNIFTY-II.NFO,17/09/2024,09:35:43,52522,52522,255,52528.15,60,60,320400
BANKNIFTY-II.NFO,17/09/2024,09:35:45,52520,52519,15,52522.5,60,315,320400
BANKNIFTY-II.NFO,17/09/2024,09:35:46,52519,52515,105,52520.4,60,15,320400
BANKNIFTY-II.NFO,17/09/2024,09:35:48,52515,52514.05,15,52515,600,105,320400
BANKNIFTY-II.NFO,17/09/2024,09:35:50,52514.05,52505.3,60,52515,600,15,320400
BANKNIFTY-II.NFO,17/09/2024,09:35:51,52505.3,52505.35,15,52510,45,600,320400
BANKNIFTY-II.NFO,17/09/2024,09:35:53,52510,52505.35,15,52510,30,15,320400
BANKNIFTY-II.NFO,17/09/2024,09:35:55,52519.5,52508.1,15,52518.2,30,90,320400
BANKNIFTY-II.NFO,17/09/2024,09:35:56,52518.1,52508.8,15,52519.85,60,15,320400
BANKNIFTY-II.NFO,17/09/2024,09:35:58,52522,52514.85,15,52526.55,60,30,320400
BANKNIFTY-II.NFO,17/09/2024,09:36:00,52522,52519.15,15,52529,30,0,320400
BANKNIFTY-II.NFO,17/09/2024,09:36:01,52522,52516.65,15,52522,30,0,320400
BANKNIFTY-II.NFO,17/09/2024,09:36:05,52518.1,52516.55,15,52522,30,30,320400
BANKNIFTY-II.NFO,17/09/2024,09:36:06,52522,52516.1,15,52526.8,30,30,320400
BANKNIFTY-II.NFO,17/09/2024,09:36:08,52522,52516.1,15,52527.65,60,0,320400
BANKNIFTY-II.NFO,17/09/2024,09:36:10,52520,52515.05,15,52522,15,15,320400
BANKNIFTY-II.NFO,17/09/2024,09:36:11,52520,52518,150,52522,15,0,320400
BANKNIFTY-II.NFO,17/09/2024,09:36:13,52518,52518,135,52522,15,15,320400
BANKNIFTY-II.NFO,17/09/2024,09:36:15,52518,52518,135,52521.95,60,0,320400
BANKNIFTY-II.NFO,17/09/2024,09:36:16,52522.85,52518,135,52521.9,60,75,320400
BANKNIFTY-II.NFO,17/09/2024,09:36:18,52522.85,52518,135,52523.4,60,0,320400
BANKNIFTY-II.NFO,17/09/2024,09:36:20,52522.85,52518,135,52520,300,0,320400
BANKNIFTY-II.NFO,17/09/2024,09:36:25,52520,52518,135,52520,285,15,320400
BANKNIFTY-II.NFO,17/09/2024,09:36:26,52520,52518,135,52520,285,0,320400
BANKNIFTY-II.NFO,17/09/2024,09:36:28,52520,52518,135,52519.95,15,0,320400
BANKNIFTY-II.NFO,17/09/2024,09:36:31,52520,52518,135,52520,240,60,320400
BANKNIFTY-II.NFO,17/09/2024,09:36:33,52520,52518,135,52519.95,60,0,320400
BANKNIFTY-II.NFO,17/09/2024,09:36:35,52508.05,52505.15,45,52508.05,15,150,322065
BANKNIFTY-II.NFO,17/09/2024,09:36:36,52505.15,52514,90,52518.2,60,15,322065
BANKNIFTY-II.NFO,17/09/2024,09:36:38,52505.15,52514,90,52519.95,75,0,322065
BANKNIFTY-II.NFO,17/09/2024,09:36:39,52505.15,52514,90,52519.95,60,0,322065
BANKNIFTY-II.NFO,17/09/2024,09:36:41,52505.15,52514,90,52519.95,75,0,322065
BANKNIFTY-II.NFO,17/09/2024,09:36:43,52505.15,52514,90,52518.95,75,0,322065
BANKNIFTY-II.NFO,17/09/2024,09:36:44,52505.15,52514,90,52519,15,0,322065
BANKNIFTY-II.NFO,17/09/2024,09:36:51,52505.15,52514,90,52519,75,0,322065
BANKNIFTY-II.NFO,17/09/2024,09:36:53,52519,52514.15,30,52520,240,75,322065
BANKNIFTY-II.NFO,17/09/2024,09:36:54,52519,52514.05,30,52520,240,0,322065
BANKNIFTY-II.NFO,17/09/2024,09:36:56,52519,52514.5,30,52520,240,0,322065
BANKNIFTY-II.NFO,17/09/2024,09:36:58,52520,52516.95,30,52520,195,45,322065
BANKNIFTY-II.NFO,17/09/2024,09:36:59,52520,52516.25,30,52520,255,0,322065
BANKNIFTY-II.NFO,17/09/2024,09:37:01,52520,52515.5,15,52520,240,30,322065
BANKNIFTY-II.NFO,17/09/2024,09:37:03,52520,52516.65,15,52520,240,0,322065
BANKNIFTY-II.NFO,17/09/2024,09:37:04,52520,52518.75,15,52520,285,30,322065
BANKNIFTY-II.NFO,17/09/2024,09:37:06,52518.6,52518.6,15,52520,270,60,322065
BANKNIFTY-II.NFO,17/09/2024,09:37:08,52521.95,52516.35,15,52522,15,285,322065
BANKNIFTY-II.NFO,17/09/2024,09:37:09,52520,52517.85,75,52518.6,135,60,322065
BANKNIFTY-II.NFO,17/09/2024,09:37:11,52524.8,52521.75,60,52525,15,195,322065
BANKNIFTY-II.NFO,17/09/2024,09:37:13,52525.1,52520.4,30,52529,30,45,322065
BANKNIFTY-II.NFO,17/09/2024,09:37:14,52523.8,52525.15,15,52529,30,30,322065
BANKNIFTY-II.NFO,17/09/2024,09:37:16,52527.85,52528.1,15,52529,30,30,322065
BANKNIFTY-II.NFO,17/09/2024,09:37:18,52529,52529.95,45,52530,75,45,322065
BANKNIFTY-II.NFO,17/09/2024,09:37:19,52524.7,52525.45,30,52530,60,165,322065
BANKNIFTY-II.NFO,17/09/2024,09:37:21,52530,52529.7,60,52535,15,90,322065
BANKNIFTY-II.NFO,17/09/2024,09:37:23,52545.1,52542,30,52545.95,60,120,322065
BANKNIFTY-II.NFO,17/09/2024,09:37:23,52545.4,52542,30,52545.95,60,0,322065
BANKNIFTY-II.NFO,17/09/2024,09:37:24,52542.55,52540.7,30,52546,870,105,322065
BANKNIFTY-II.NFO,17/09/2024,09:37:24,52546,52540.7,30,52546,870,0,322065
BANKNIFTY-II.NFO,17/09/2024,09:37:26,52552,52555.8,15,52560,60,1515,322065
BANKNIFTY-II.NFO,17/09/2024,09:37:26,52552,52555.8,15,52560,60,0,322065
BANKNIFTY-II.NFO,17/09/2024,09:37:28,52554.3,52554.35,15,52563.6,60,180,322065
BANKNIFTY-II.NFO,17/09/2024,09:37:28,52560,52554.35,15,52563.6,60,0,322065
BANKNIFTY-II.NFO,17/09/2024,09:37:29,52552.9,52552.05,15,52560.3,60,75,322065
BANKNIFTY-II.NFO,17/09/2024,09:37:29,52560.15,52552.05,15,52560.3,60,0,322065
BANKNIFTY-II.NFO,17/09/2024,09:37:31,52558.65,52554.5,15,52562.7,60,30,322065
BANKNIFTY-II.NFO,17/09/2024,09:37:33,52563.55,52554.3,30,52561.55,60,45,322065
BANKNIFTY-II.NFO,17/09/2024,09:37:33,52563.55,52554.3,30,52561.55,60,0,322065
BANKNIFTY-II.NFO,17/09/2024,09:37:34,52562.4,52554.45,30,52564.2,60,30,322065
BANKNIFTY-II.NFO,17/09/2024,09:37:36,52565.2,52554.3,90,52565.9,30,60,322065
BANKNIFTY-II.NFO,17/09/2024,09:37:36,52565.2,52554.3,90,52565.9,30,0,322065
BANKNIFTY-II.NFO,17/09/2024,09:37:38,52551.6,52551.05,30,52562.2,15,45,322065
BANKNIFTY-II.NFO,17/09/2024,09:37:39,52552.05,52551.25,30,52562.2,45,75,322065
BANKNIFTY-II.NFO,17/09/2024,09:37:41,52552.15,52552.05,15,52562.55,30,45,322065
BANKNIFTY-II.NFO,17/09/2024,09:37:43,52564.95,52553.5,30,52564.95,30,120,322065
BANKNIFTY-II.NFO,17/09/2024,09:37:44,52560,52562.55,15,52565,15,60,322065
BANKNIFTY-II.NFO,17/09/2024,09:37:46,52564.95,52566.2,15,52570,15,150,322065
BANKNIFTY-II.NFO,17/09/2024,09:37:46,52567,52566.2,15,52570,15,0,322065
BANKNIFTY-II.NFO,17/09/2024,09:37:48,52566.25,52566.25,30,52570,15,30,322065
BANKNIFTY-II.NFO,17/09/2024,09:37:49,52566.25,52566.25,30,52570,15,0,322065
BANKNIFTY-II.NFO,17/09/2024,09:37:51,52566.25,52564.95,60,52570,15,0,322065
BANKNIFTY-II.NFO,17/09/2024,09:37:53,52574.75,52570.1,15,52574.9,30,45,322065
BANKNIFTY-II.NFO,17/09/2024,09:37:53,52574.85,52570.1,15,52574.9,30,0,322065
BANKNIFTY-II.NFO,17/09/2024,09:37:54,52575,52570.15,150,52575,75,225,322065
BANKNIFTY-II.NFO,17/09/2024,09:37:54,52575,52570.15,150,52575,75,0,322065
BANKNIFTY-II.NFO,17/09/2024,09:37:56,52575,52568.25,150,52575,75,60,322065
BANKNIFTY-II.NFO,17/09/2024,09:37:58,52570,52566.1,30,52574,45,285,322065
BANKNIFTY-II.NFO,17/09/2024,09:37:59,52564.95,52564.95,45,52571.7,45,15,322065
BANKNIFTY-II.NFO,17/09/2024,09:38:01,52573.05,52565.15,30,52574,60,45,322065
BANKNIFTY-II.NFO,17/09/2024,09:38:03,52573.05,52564.95,45,52569.9,120,0,322065
BANKNIFTY-II.NFO,17/09/2024,09:38:04,52560.05,52557.85,150,52566.85,105,60,322065
BANKNIFTY-II.NFO,17/09/2024,09:38:06,52567.75,52558.15,150,52566.9,15,15,322065
BANKNIFTY-II.NFO,17/09/2024,09:38:08,52564.25,52555,30,52564.55,90,15,322065
BANKNIFTY-II.NFO,17/09/2024,09:38:09,52564.55,52556.05,15,52566.4,30,180,322065
BANKNIFTY-II.NFO,17/09/2024,09:38:11,52564.55,52559.4,150,52568.95,45,0,322065
BANKNIFTY-II.NFO,17/09/2024,09:38:13,52564.55,52560.6,150,52569.35,30,0,322065
BANKNIFTY-II.NFO,17/09/2024,09:38:14,52570.55,52564.35,150,52571.8,30,60,322065
BANKNIFTY-II.NFO,17/09/2024,09:38:16,52544.9,52558.6,150,52566.35,60,1815,322065
BANKNIFTY-II.NFO,17/09/2024,09:38:18,52544.9,52559.5,150,52566.95,105,0,322065
BANKNIFTY-II.NFO,17/09/2024,09:38:19,52567.15,52553.2,15,52563.9,75,15,322065
BANKNIFTY-II.NFO,17/09/2024,09:38:21,52567.15,52554.25,150,52561.9,75,0,322065
BANKNIFTY-II.NFO,17/09/2024,09:38:23,52562.7,52556.7,150,52563.45,45,15,322065
BANKNIFTY-II.NFO,17/09/2024,09:38:24,52556.7,52558.3,135,52566.2,90,15,322065
BANKNIFTY-II.NFO,17/09/2024,09:38:26,52556.7,52556.8,135,52565.5,105,0,322065
BANKNIFTY-II.NFO,17/09/2024,09:38:28,52556.7,52558.75,135,52565.95,30,0,322065
BANKNIFTY-II.NFO,17/09/2024,09:38:29,52567.95,52557.95,60,52567.95,45,105,322065
BANKNIFTY-II.NFO,17/09/2024,09:38:31,52567.95,52556.3,135,52564.35,45,0,322065
BANKNIFTY-II.NFO,17/09/2024,09:38:33,52567.95,52555.05,30,52563.7,60,0,322065
BANKNIFTY-II.NFO,17/09/2024,09:38:34,52554.85,52551.8,90,52559.6,45,75,322065
BANKNIFTY-II.NFO,17/09/2024,09:38:36,52554.85,52550,75,52556.55,30,0,322065
BANKNIFTY-II.NFO,17/09/2024,09:38:38,52554.85,52550,75,52558.4,165,0,322065
BANKNIFTY-II.NFO,17/09/2024,09:38:39,52554.85,52552.6,90,52559.95,15,0,322065
BANKNIFTY-II.NFO,17/09/2024,09:38:41,52554.85,52553.9,15,52562.5,45,0,322065
BANKNIFTY-II.NFO,17/09/2024,09:38:43,52554.85,52553.75,90,52561.7,45,0,322065
BANKNIFTY-II.NFO,17/09/2024,09:38:44,52554.85,52555.5,90,52563.55,30,0,322065
BANKNIFTY-II.NFO,17/09/2024,09:38:46,52554.85,52554.6,90,52561.8,30,0,322065
BANKNIFTY-II.NFO,17/09/2024,09:38:48,52554.85,52560,75,52561.1,150,0,322065
BANKNIFTY-II.NFO,17/09/2024,09:38:49,52560,52560,60,52561.05,150,15,322065
BANKNIFTY-II.NFO,17/09/2024,09:38:51,52560,52552.8,90,52560.7,150,60,322065
BANKNIFTY-II.NFO,17/09/2024,09:38:53,52559.65,52554.85,15,52559.35,135,75,322065
BANKNIFTY-II.NFO,17/09/2024,09:38:54,52550,52550,60,52550.45,15,165,322065
BANKNIFTY-II.NFO,17/09/2024,09:38:56,52550.45,52550.05,15,52558.55,135,15,322065
BANKNIFTY-II.NFO,17/09/2024,09:38:58,52550,52550,45,52553.65,435,45,322065
BANKNIFTY-II.NFO,17/09/2024,09:38:59,52553.65,52550.05,15,52553.65,225,210,322065
BANKNIFTY-II.NFO,17/09/2024,09:39:01,52553.65,52550.05,15,52553.65,195,30,322065
BANKNIFTY-II.NFO,17/09/2024,09:39:03,52550.05,52550,30,52550.05,30,45,322065
BANKNIFTY-II.NFO,17/09/2024,09:39:04,52550.05,52550,30,52550.05,30,0,322065
BANKNIFTY-II.NFO,17/09/2024,09:39:06,52550,52550,15,52550.05,30,15,322065
BANKNIFTY-II.NFO,17/09/2024,09:39:08,52553.65,52550,15,52553.65,105,150,322065
BANKNIFTY-II.NFO,17/09/2024,09:39:09,52553.65,52552.35,30,52553.65,75,45,322065
BANKNIFTY-II.NFO,17/09/2024,09:39:11,52560,52555.2,30,52560,150,105,322065
BANKNIFTY-II.NFO,17/09/2024,09:39:12,52560,52550,30,52560,165,0,322065
BANKNIFTY-II.NFO,17/09/2024,09:39:14,52558.05,52550,30,52559.75,45,45,322065
BANKNIFTY-II.NFO,17/09/2024,09:39:16,52558.05,52550,45,52557.6,45,0,322065
BANKNIFTY-II.NFO,17/09/2024,09:39:17,52558.05,52550,45,52559.45,45,30,322065
BANKNIFTY-II.NFO,17/09/2024,09:39:19,52558.05,52550,45,52555.05,30,0,322065
BANKNIFTY-II.NFO,17/09/2024,09:39:21,52550.5,52546,30,52551.9,135,75,322065
BANKNIFTY-II.NFO,17/09/2024,09:39:22,52551.9,52546,30,52551.85,30,15,322065
BANKNIFTY-II.NFO,17/09/2024,09:39:24,52551.65,52546,30,52551.05,90,60,322065
BANKNIFTY-II.NFO,17/09/2024,09:39:26,52554.55,52546,30,52554.6,45,45,322065
BANKNIFTY-II.NFO,17/09/2024,09:39:27,52554.55,52546,30,52556.25,30,0,322065
BANKNIFTY-II.NFO,17/09/2024,09:39:29,52554.55,52546.05,30,52553.8,45,0,322065
BANKNIFTY-II.NFO,17/09/2024,09:39:31,52554.55,52546.05,30,52553.6,30,0,322065
BANKNIFTY-II.NFO,17/09/2024,09:39:32,52554.55,52546.05,30,52551.3,45,0,322065
BANKNIFTY-II.NFO,17/09/2024,09:39:34,52545.95,52535.05,30,52546.7,30,60,324840
BANKNIFTY-II.NFO,17/09/2024,09:39:36,52547.55,52536.8,60,52547.4,15,15,324840
BANKNIFTY-II.NFO,17/09/2024,09:39:37,52547.55,52535.35,30,52546.25,45,0,324840
BANKNIFTY-II.NFO,17/09/2024,09:39:39,52547.55,52537,60,52549.05,30,0,324840
BANKNIFTY-II.NFO,17/09/2024,09:39:41,52547.55,52535.9,30,52545.7,15,0,324840
BANKNIFTY-II.NFO,17/09/2024,09:39:42,52547.55,52535,15,52543.55,15,0,324840
BANKNIFTY-II.NFO,17/09/2024,09:39:44,52542.5,52535,15,52544.15,30,15,324840
BANKNIFTY-II.NFO,17/09/2024,09:39:46,52542.5,52535,15,52543.75,45,0,324840
BANKNIFTY-II.NFO,17/09/2024,09:39:47,52542.5,52535,15,52540.3,30,0,324840
BANKNIFTY-II.NFO,17/09/2024,09:39:49,52535,52532.5,30,52538.95,150,15,324840
BANKNIFTY-II.NFO,17/09/2024,09:39:51,52535,52530,45,52539.45,15,0,324840
BANKNIFTY-II.NFO,17/09/2024,09:39:52,52535,52530,45,52539.4,45,0,324840
BANKNIFTY-II.NFO,17/09/2024,09:39:54,52539.9,52530,45,52539.35,15,75,324840
BANKNIFTY-II.NFO,17/09/2024,09:39:56,52539.35,52530,45,52539.75,15,15,324840
BANKNIFTY-II.NFO,17/09/2024,09:39:57,52541,52535,15,52540.9,45,45,324840
BANKNIFTY-II.NFO,17/09/2024,09:39:59,52541,52535,15,52539.2,45,0,324840
BANKNIFTY-II.NFO,17/09/2024,09:40:01,52535,52529.45,30,52537.6,30,15,324840
BANKNIFTY-II.NFO,17/09/2024,09:40:02,52537.7,52526.05,30,52534.2,30,75,324840
BANKNIFTY-II.NFO,17/09/2024,09:40:04,52537.7,52525,30,52532.05,240,0,324840
BANKNIFTY-II.NFO,17/09/2024,09:40:06,52537.7,52525,30,52531.55,240,0,324840
BANKNIFTY-II.NFO,17/09/2024,09:40:07,52537.7,52525,30,52533.15,240,0,324840
BANKNIFTY-II.NFO,17/09/2024,09:40:09,52537.7,52532.3,15,52537.25,45,0,324840
BANKNIFTY-II.NFO,17/09/2024,09:40:11,52537.25,52525,60,52536.75,150,15,324840
BANKNIFTY-II.NFO,17/09/2024,09:40:12,52537.25,52535,15,52537.7,45,0,324840
BANKNIFTY-II.NFO,17/09/2024,09:40:14,52537.7,52535,15,52537.7,15,15,324840
BANKNIFTY-II.NFO,17/09/2024,09:40:16,52530.85,52529.55,30,52541,165,90,324840
BANKNIFTY-II.NFO,17/09/2024,09:40:17,52528.8,52527.9,60,52539.3,15,30,324840
BANKNIFTY-II.NFO,17/09/2024,09:40:19,52528.8,52532.1,60,52541.15,60,0,324840
BANKNIFTY-II.NFO,17/09/2024,09:40:21,52541.15,52533.95,30,52541.15,30,30,324840
BANKNIFTY-II.NFO,17/09/2024,09:40:22,52541.15,52531.45,30,52540.95,240,15,324840
BANKNIFTY-II.NFO,17/09/2024,09:40:24,52541.15,52525.8,60,52537.2,30,0,324840
BANKNIFTY-II.NFO,17/09/2024,09:40:26,52537.2,52530.85,60,52542.75,30,15,324840
BANKNIFTY-II.NFO,17/09/2024,09:40:27,52542.85,52528.55,60,52542.05,30,30,324840
BANKNIFTY-II.NFO,17/09/2024,09:40:29,52541.75,52528.3,60,52541.75,240,15,324840
BANKNIFTY-II.NFO,17/09/2024,09:40:30,52541.75,52530,15,52533.4,255,0,324840
BANKNIFTY-II.NFO,17/09/2024,09:40:32,52530,52527.05,15,52531.2,150,45,324840
BANKNIFTY-II.NFO,17/09/2024,09:40:34,52530.45,52527.05,15,52530.1,225,15,324840
BANKNIFTY-II.NFO,17/09/2024,09:40:35,52530.1,52527.05,15,52530.8,210,15,324840
BANKNIFTY-II.NFO,17/09/2024,09:40:37,52526.2,52520,15,52526.2,195,45,324840
BANKNIFTY-II.NFO,17/09/2024,09:40:39,52526.2,52520,15,52527.6,195,0,324840
BANKNIFTY-II.NFO,17/09/2024,09:40:40,52526.2,52520,15,52528,195,0,324840
BANKNIFTY-II.NFO,17/09/2024,09:40:42,52526.2,52520,15,52528.15,75,0,324840
BANKNIFTY-II.NFO,17/09/2024,09:40:44,52526.2,52520,15,52527.75,30,0,324840
BANKNIFTY-II.NFO,17/09/2024,09:40:45,52526.2,52520,15,52530.4,180,0,324840
BANKNIFTY-II.NFO,17/09/2024,09:40:47,52532.85,52521.45,30,52532.4,180,15,324840
BANKNIFTY-II.NFO,17/09/2024,09:40:48,52532.85,52520.9,30,52532.5,180,0,324840
BANKNIFTY-II.NFO,17/09/2024,09:40:50,52528.65,52516.9,60,52528.75,60,615,324840
BANKNIFTY-II.NFO,17/09/2024,09:40:52,52528.55,52517.75,60,52529.4,30,15,324840
BANKNIFTY-II.NFO,17/09/2024,09:40:53,52528.55,52517.05,60,52528.35,45,0,324840
BANKNIFTY-II.NFO,17/09/2024,09:40:55,52528.55,52515.95,30,52527.2,45,0,324840
BANKNIFTY-II.NFO,17/09/2024,09:40:57,52528.55,52515.1,60,52526.35,30,0,324840
BANKNIFTY-II.NFO,17/09/2024,09:40:58,52527.95,52520.4,30,52532,15,15,324840
BANKNIFTY-II.NFO,17/09/2024,09:41:00,52527.95,52522.6,30,52534.05,30,0,324840
BANKNIFTY-II.NFO,17/09/2024,09:41:02,52527.95,52522.1,30,52532.75,30,0,324840
BANKNIFTY-II.NFO,17/09/2024,09:41:03,52532.25,52522.45,30,52533.15,30,120,324840
BANKNIFTY-II.NFO,17/09/2024,09:41:05,52532.25,52522,30,52533,225,0,324840
BANKNIFTY-II.NFO,17/09/2024,09:41:07,52531.65,52521.65,30,52532.65,210,15,324840
BANKNIFTY-II.NFO,17/09/2024,09:41:08,52531.65,52522.5,30,52533.95,225,0,324840
BANKNIFTY-II.NFO,17/09/2024,09:41:10,52531.65,52521.05,30,52533.1,30,0,324840
BANKNIFTY-II.NFO,17/09/2024,09:41:12,52531.65,52521.65,30,52532.9,30,0,324840
BANKNIFTY-II.NFO,17/09/2024,09:41:13,52531.65,52520.15,30,52531.55,225,15,324840
BANKNIFTY-II.NFO,17/09/2024,09:41:15,52530.15,52520.35,30,52529.85,45,135,324840
BANKNIFTY-II.NFO,17/09/2024,09:41:16,52530.15,52517.65,30,52525.6,45,0,324840
BANKNIFTY-II.NFO,17/09/2024,09:41:18,52530.15,52517.65,30,52525.95,45,0,324840
BANKNIFTY-II.NFO,17/09/2024,09:41:20,52524.25,52517.6,30,52524.35,30,15,324840
BANKNIFTY-II.NFO,17/09/2024,09:41:21,52526.25,52520.45,30,52527,15,15,324840
BANKNIFTY-II.NFO,17/09/2024,09:41:23,52532.15,52520.85,30,52531.95,30,15,324840
BANKNIFTY-II.NFO,17/09/2024,09:41:25,52532.15,52520.45,30,52531.8,45,0,324840
BANKNIFTY-II.NFO,17/09/2024,09:41:26,52530.8,52520.5,30,52531.15,45,15,324840
BANKNIFTY-II.NFO,17/09/2024,09:41:28,52530.8,52520.5,30,52530,60,0,324840
BANKNIFTY-II.NFO,17/09/2024,09:41:30,52530.8,52520.5,30,52528.9,90,0,324840
BANKNIFTY-II.NFO,17/09/2024,09:41:31,52520.5,52526.25,45,52528.85,45,15,324840
BANKNIFTY-II.NFO,17/09/2024,09:41:33,52520.5,52526.25,45,52528.2,225,0,324840
BANKNIFTY-II.NFO,17/09/2024,09:41:35,52520.5,52526.25,45,52528.05,210,0,324840
BANKNIFTY-II.NFO,17/09/2024,09:41:36,52526.25,52520,30,52526.3,60,45,324840
BANKNIFTY-II.NFO,17/09/2024,09:41:38,52526.25,52520,30,52526.2,60,0,324840
BANKNIFTY-II.NFO,17/09/2024,09:41:40,52526.25,52520,60,52526.15,210,0,324840
BANKNIFTY-II.NFO,17/09/2024,09:41:41,52526.25,52520,60,52525.9,225,0,324840
BANKNIFTY-II.NFO,17/09/2024,09:41:43,52526.25,52520,30,52523.4,15,0,324840
BANKNIFTY-II.NFO,17/09/2024,09:41:45,52526.25,52520,30,52522.8,45,0,324840
BANKNIFTY-II.NFO,17/09/2024,09:41:46,52520,52512.5,30,52521.15,90,30,324840
BANKNIFTY-II.NFO,17/09/2024,09:41:48,52511.8,52511.65,30,52522.35,45,15,324840
BANKNIFTY-II.NFO,17/09/2024,09:41:50,52511.8,52511.65,30,52520.75,45,0,324840
BANKNIFTY-II.NFO,17/09/2024,09:41:52,52511.8,52511.65,30,52521.85,45,0,324840
BANKNIFTY-II.NFO,17/09/2024,09:41:53,52511.65,52511.8,15,52522.6,240,15,324840
BANKNIFTY-II.NFO,17/09/2024,09:41:55,52511.65,52511.8,15,52522.25,45,0,324840
BANKNIFTY-II.NFO,17/09/2024,09:41:57,52511.65,52511.8,15,52522.05,45,0,324840
BANKNIFTY-II.NFO,17/09/2024,09:41:58,52511.65,52514.3,60,52526.3,45,0,324840
BANKNIFTY-II.NFO,17/09/2024,09:42:00,52515.95,52516.3,60,52528.45,45,15,324840
BANKNIFTY-II.NFO,17/09/2024,09:42:02,52515.95,52512.15,60,52524.55,45,0,324840
BANKNIFTY-II.NFO,17/09/2024,09:42:03,52515.95,52512.4,60,52524.65,45,0,324840
BANKNIFTY-II.NFO,17/09/2024,09:42:05,52515.95,52513.15,60,52525.45,240,0,324840
BANKNIFTY-II.NFO,17/09/2024,09:42:07,52515.95,52512,15,52523.55,45,0,324840
BANKNIFTY-II.NFO,17/09/2024,09:42:08,52515.95,52512,15,52521.25,45,0,324840
BANKNIFTY-II.NFO,17/09/2024,09:42:10,52521.25,52513.2,60,52526.75,165,15,324840
BANKNIFTY-II.NFO,17/09/2024,09:42:12,52521.25,52516.5,60,52528.45,30,0,324840
BANKNIFTY-II.NFO,17/09/2024,09:42:13,52521.25,52516.55,60,52529.15,150,0,324840
BANKNIFTY-II.NFO,17/09/2024,09:42:15,52521.25,52518.95,60,52530,15,0,324840
BANKNIFTY-II.NFO,17/09/2024,09:42:17,52532.7,52522,30,52532.9,30,120,324840
BANKNIFTY-II.NFO,17/09/2024,09:42:18,52532.7,52524.4,60,52535.2,30,0,324840
BANKNIFTY-II.NFO,17/09/2024,09:42:20,52532.7,52521.55,60,52533.25,45,0,324840
BANKNIFTY-II.NFO,17/09/2024,09:42:22,52532.7,52525.3,30,52535.85,45,0,324840
BANKNIFTY-II.NFO,17/09/2024,09:42:23,52532.7,52525.3,30,52536.05,30,0,324840
BANKNIFTY-II.NFO,17/09/2024,09:42:25,52532.7,52524.9,30,52535.65,30,0,324840
BANKNIFTY-II.NFO,17/09/2024,09:42:27,52536.75,52525.1,30,52536.75,15,15,324840
BANKNIFTY-II.NFO,17/09/2024,09:42:28,52526.8,52526.1,30,52537.45,30,15,324840
BANKNIFTY-II.NFO,17/09/2024,09:42:30,52526.8,52525.45,30,52536.7,30,0,324840
BANKNIFTY-II.NFO,17/09/2024,09:42:32,52526.8,52526.8,30,52538.05,30,0,324840
BANKNIFTY-II.NFO,17/09/2024,09:42:33,52526.8,52525.45,30,52535.75,30,0,324840
BANKNIFTY-II.NFO,17/09/2024,09:42:35,52526.8,52524.2,30,52532.9,30,0,324840
BANKNIFTY-II.NFO,17/09/2024,09:42:37,52526.8,52524.2,30,52534.35,30,0,324840
BANKNIFTY-II.NFO,17/09/2024,09:42:38,52526.8,52524.2,30,52536.5,45,0,324840
BANKNIFTY-II.NFO,17/09/2024,09:42:40,52526.8,52522.5,30,52534.5,30,0,324840
BANKNIFTY-II.NFO,17/09/2024,09:42:42,52526.8,52525,30,52536.2,45,0,324840
BANKNIFTY-II.NFO,17/09/2024,09:42:43,52526.8,52525,30,52533.5,45,0,324840
BANKNIFTY-II.NFO,17/09/2024,09:42:45,52526.8,52525,30,52533.8,30,0,324840
BANKNIFTY-II.NFO,17/09/2024,09:42:47,52526.8,52524.2,30,52534.95,45,0,324840
BANKNIFTY-II.NFO,17/09/2024,09:42:48,52526.8,52523.1,30,52535.25,75,0,324840
BANKNIFTY-II.NFO,17/09/2024,09:42:50,52526.8,52528.3,60,52540,30,0,324840
BANKNIFTY-II.NFO,17/09/2024,09:42:52,52526.8,52533.35,30,52540,30,0,324840
BANKNIFTY-II.NFO,17/09/2024,09:42:53,52550,52544.5,60,52550,30,75,324540
BANKNIFTY-II.NFO,17/09/2024,09:42:55,52550,52541.05,60,52550,30,0,324540
BANKNIFTY-II.NFO,17/09/2024,09:42:57,52550,52540,30,52550,30,0,324540
BANKNIFTY-II.NFO,17/09/2024,09:42:58,52536.05,52537.2,60,52548.1,60,135,324540
BANKNIFTY-II.NFO,17/09/2024,09:43:00,52536.05,52537.95,60,52549.4,60,0,324540
BANKNIFTY-II.NFO,17/09/2024,09:43:02,52536.05,52540.65,60,52550,30,0,324540
BANKNIFTY-II.NFO,17/09/2024,09:43:03,52536.05,52545,30,52550,30,0,324540
BANKNIFTY-II.NFO,17/09/2024,09:43:05,52536.05,52545,30,52549.95,60,0,324540
BANKNIFTY-II.NFO,17/09/2024,09:43:08,52536.05,52545,30,52550,45,0,324540
BANKNIFTY-II.NFO,17/09/2024,09:43:12,52550,52545,30,52550,30,15,324540
BANKNIFTY-II.NFO,17/09/2024,09:43:13,52550,52537,60,52548.6,60,0,324540
BANKNIFTY-II.NFO,17/09/2024,09:43:15,52550,52537.6,30,52547.15,75,0,324540
BANKNIFTY-II.NFO,17/09/2024,09:43:17,52550,52537.05,60,52548.35,60,0,324540
BANKNIFTY-II.NFO,17/09/2024,09:43:18,52550,52545.3,30,52549.95,60,0,324540
BANKNIFTY-II.NFO,17/09/2024,09:43:20,52550,52545.8,30,52550,15,30,324540
BANKNIFTY-II.NFO,17/09/2024,09:43:22,52550,52545.8,30,52550,15,0,324540
BANKNIFTY-II.NFO,17/09/2024,09:43:23,52550,52544.75,30,52549,15,0,324540
BANKNIFTY-II.NFO,17/09/2024,09:43:27,52550,52544.85,30,52548.95,60,0,324540
BANKNIFTY-II.NFO,17/09/2024,09:43:28,52550,52537.55,60,52547.85,60,0,324540
BANKNIFTY-II.NFO,17/09/2024,09:43:30,52550,52537.5,30,52545.8,60,0,324540
BANKNIFTY-II.NFO,17/09/2024,09:43:32,52550,52535.3,60,52545.45,75,0,324540
BANKNIFTY-II.NFO,17/09/2024,09:43:33,52550,52537.05,60,52547.25,30,0,324540
BANKNIFTY-II.NFO,17/09/2024,09:43:35,52550,52537.95,60,52548.95,60,0,324540
BANKNIFTY-II.NFO,17/09/2024,09:43:37,52547.5,52547.5,15,52548.95,60,15,324540
BANKNIFTY-II.NFO,17/09/2024,09:43:38,52547.5,52538.5,60,52549,15,15,324540
BANKNIFTY-II.NFO,17/09/2024,09:43:40,52547.5,52541.65,60,52549,15,0,324540
BANKNIFTY-II.NFO,17/09/2024,09:43:42,52550,52549.5,15,52554.55,15,30,324540
BANKNIFTY-II.NFO,17/09/2024,09:43:43,52550,52549.5,15,52554.55,15,0,324540
BANKNIFTY-II.NFO,17/09/2024,09:43:45,52549.5,52542.65,60,52549.5,30,15,324540
BANKNIFTY-II.NFO,17/09/2024,09:43:47,52549.5,52552.05,15,52554.55,15,30,324540
BANKNIFTY-II.NFO,17/09/2024,09:43:48,52549.5,52552.05,15,52554.55,15,0,324540
BANKNIFTY-II.NFO,17/09/2024,09:43:53,52552.05,52544.85,30,52554.3,60,15,324540
BANKNIFTY-II.NFO,17/09/2024,09:43:55,52547.4,52544.5,30,52547.4,45,75,324540
BANKNIFTY-II.NFO,17/09/2024,09:43:57,52547.4,52537.3,60,52547.1,30,15,324540
BANKNIFTY-II.NFO,17/09/2024,09:43:58,52547.4,52539.35,60,52547.4,30,0,324540
BANKNIFTY-II.NFO,17/09/2024,09:44:00,52547.4,52542.6,45,52547.4,15,30,324540
BANKNIFTY-II.NFO,17/09/2024,09:44:02,52547.4,52543.55,60,52550,30,30,324540
BANKNIFTY-II.NFO,17/09/2024,09:44:03,52550,52540.3,30,52549.8,30,30,324540
BANKNIFTY-II.NFO,17/09/2024,09:44:05,52549.65,52539.7,45,52549.55,75,15,324540
BANKNIFTY-II.NFO,17/09/2024,09:44:07,52549.8,52541.55,45,52550,15,15,324540
BANKNIFTY-II.NFO,17/09/2024,09:44:08,52549.8,52544.4,75,52550,15,0,324540
BANKNIFTY-II.NFO,17/09/2024,09:44:10,52549.3,52541.55,45,52549.3,15,15,324540
BANKNIFTY-II.NFO,17/09/2024,09:44:12,52550,52543.4,45,52553.8,45,15,324540
BANKNIFTY-II.NFO,17/09/2024,09:44:13,52550,52544.85,45,52554.55,15,0,324540
BANKNIFTY-II.NFO,17/09/2024,09:44:15,52550,52545.5,45,52554.55,15,0,324540
BANKNIFTY-II.NFO,17/09/2024,09:44:17,52550,52547,45,52554.55,15,0,324540
BANKNIFTY-II.NFO,17/09/2024,09:44:18,52550,52545.9,45,52554.55,15,0,324540
BANKNIFTY-II.NFO,17/09/2024,09:44:20,52550,52544.8,45,52550,15,0,324540
BANKNIFTY-II.NFO,17/09/2024,09:44:22,52550,52546.9,75,52553.95,15,15,324540
BANKNIFTY-II.NFO,17/09/2024,09:44:23,52554,52546.5,75,52554,30,15,324540
BANKNIFTY-II.NFO,17/09/2024,09:44:25,52554,52542,30,52549.7,105,30,324540
BANKNIFTY-II.NFO,17/09/2024,09:44:27,52554,52540,15,52546.9,75,0,324540
BANKNIFTY-II.NFO,17/09/2024,09:44:28,52554,52540,15,52545.9,60,0,324540
BANKNIFTY-II.NFO,17/09/2024,09:44:30,52554,52540,15,52546.35,90,0,324540
BANKNIFTY-II.NFO,17/09/2024,09:44:32,52554,52540,15,52546.8,60,0,324540
BANKNIFTY-II.NFO,17/09/2024,09:44:33,52554,52540,15,52545.9,60,0,324540
BANKNIFTY-II.NFO,17/09/2024,09:44:35,52554,52540,15,52545.8,60,0,324540
BANKNIFTY-II.NFO,17/09/2024,09:44:37,52544.9,52540,15,52544.9,45,30,324540
BANKNIFTY-II.NFO,17/09/2024,09:44:38,52540,52535.25,15,52541.15,90,15,324540
BANKNIFTY-II.NFO,17/09/2024,09:44:40,52540,52535.25,15,52539.55,60,0,324540
BANKNIFTY-II.NFO,17/09/2024,09:44:42,52540.15,52535.25,15,52540.75,60,15,324540
BANKNIFTY-II.NFO,17/09/2024,09:44:43,52540.15,52535.25,15,52539.6,30,0,324540
BANKNIFTY-II.NFO,17/09/2024,09:44:45,52540.15,52535.25,15,52542.35,45,0,324540
BANKNIFTY-II.NFO,17/09/2024,09:44:46,52540.15,52535.25,15,52542.35,30,0,324540
BANKNIFTY-II.NFO,17/09/2024,09:44:48,52540.15,52535.25,15,52540.05,30,0,324540
BANKNIFTY-II.NFO,17/09/2024,09:44:50,52540.15,52535.25,15,52539.65,45,0,324540
BANKNIFTY-II.NFO,17/09/2024,09:44:51,52540.15,52535.25,15,52539.35,30,0,324540
BANKNIFTY-II.NFO,17/09/2024,09:44:53,52540.15,52535.25,15,52540.15,30,0,324540
BANKNIFTY-II.NFO,17/09/2024,09:44:55,52540.15,52535.25,15,52539.75,45,0,324540
BANKNIFTY-II.NFO,17/09/2024,09:44:56,52540.15,52535.25,15,52540.3,30,0,324540
BANKNIFTY-II.NFO,17/09/2024,09:44:58,52540.15,52535.25,15,52542.5,30,0,324540
BANKNIFTY-II.NFO,17/09/2024,09:44:59,52540.15,52535.25,15,52543.4,45,0,324540
BANKNIFTY-II.NFO,17/09/2024,09:45:01,52540.15,52535.25,15,52544.4,45,0,324540
BANKNIFTY-II.NFO,17/09/2024,09:45:03,52545.45,52536.95,30,52547.6,45,15,324540
BANKNIFTY-II.NFO,17/09/2024,09:45:04,52550,52538.95,30,52549.95,30,75,324540
BANKNIFTY-II.NFO,17/09/2024,09:45:06,52537.35,52539,60,52547.85,15,75,324540
BANKNIFTY-II.NFO,17/09/2024,09:45:08,52550,52542.05,60,52553.3,60,30,324540
BANKNIFTY-II.NFO,17/09/2024,09:45:09,52554.55,52550.7,15,52555,30,270,324540
BANKNIFTY-II.NFO,17/09/2024,09:45:11,52546.6,52548.15,15,52550,15,90,324540
BANKNIFTY-II.NFO,17/09/2024,09:45:12,52554.95,52544.05,30,52554.85,90,45,324540
BANKNIFTY-II.NFO,17/09/2024,09:45:14,52555,52545.2,60,52556.4,75,60,324540
BANKNIFTY-II.NFO,17/09/2024,09:45:16,52555,52545.65,60,52557.45,30,0,324540
BANKNIFTY-II.NFO,17/09/2024,09:45:17,52556.55,52546.4,75,52555,30,30,324540
BANKNIFTY-II.NFO,17/09/2024,09:45:19,52556.55,52544.3,75,52555,45,0,324540
BANKNIFTY-II.NFO,17/09/2024,09:45:21,52556.55,52543.9,60,52554.9,30,0,324540
BANKNIFTY-II.NFO,17/09/2024,09:45:22,52556.55,52540.8,60,52552.8,30,0,324540
BANKNIFTY-II.NFO,17/09/2024,09:45:24,52556.55,52545.15,30,52555,45,0,324540
BANKNIFTY-II.NFO,17/09/2024,09:45:26,52554.35,52542.45,60,52553.75,30,15,324540
BANKNIFTY-II.NFO,17/09/2024,09:45:27,52554.35,52537.55,60,52549,30,0,324540
BANKNIFTY-II.NFO,17/09/2024,09:45:29,52549.85,52538.1,60,52549.3,45,15,324540
BANKNIFTY-II.NFO,17/09/2024,09:45:30,52549.85,52541.25,30,52551.3,30,0,324540
BANKNIFTY-II.NFO,17/09/2024,09:45:32,52549.85,52544.1,30,52553.25,45,0,324540
BANKNIFTY-II.NFO,17/09/2024,09:45:34,52549.85,52544.1,30,52552.55,45,0,324540
BANKNIFTY-II.NFO,17/09/2024,09:45:35,52549.85,52544.15,30,52553.65,30,0,324540
BANKNIFTY-II.NFO,17/09/2024,09:45:37,52552.85,52549.85,15,52553.4,15,30,324960
BANKNIFTY-II.NFO,17/09/2024,09:45:39,52549.85,52539.35,60,52550.3,45,15,324960
BANKNIFTY-II.NFO,17/09/2024,09:45:40,52551.75,52541.45,30,52552.75,45,15,324960
BANKNIFTY-II.NFO,17/09/2024,09:45:42,52551.75,52539.85,30,52551.25,45,0,324960
BANKNIFTY-II.NFO,17/09/2024,09:45:44,52550.5,52538.85,60,52551.25,30,15,324960
BANKNIFTY-II.NFO,17/09/2024,09:45:45,52550.5,52537.05,30,52548.75,30,0,324960
BANKNIFTY-II.NFO,17/09/2024,09:45:47,52548.35,52536.45,15,52548.15,45,15,324960
BANKNIFTY-II.NFO,17/09/2024,09:45:48,52548.35,52535.45,30,52546.15,45,15,324960
BANKNIFTY-II.NFO,17/09/2024,09:45:50,52548.35,52535.25,15,52544.15,45,0,324960
BANKNIFTY-II.NFO,17/09/2024,09:45:52,52545.45,52535.25,15,52545.75,30,15,324960
BANKNIFTY-II.NFO,17/09/2024,09:45:53,52545.45,52535.25,15,52544.75,75,0,324960
BANKNIFTY-II.NFO,17/09/2024,09:45:55,52545.45,52535.25,15,52543.55,30,0,324960
BANKNIFTY-II.NFO,17/09/2024,09:45:57,52545.45,52535.25,15,52544.5,30,0,324960
BANKNIFTY-II.NFO,17/09/2024,09:45:58,52543.7,52535.25,15,52543.2,30,15,324960
BANKNIFTY-II.NFO,17/09/2024,09:46:00,52543.65,52535.25,15,52543.45,30,45,324960
BANKNIFTY-II.NFO,17/09/2024,09:46:02,52543.65,52535.25,15,52543.9,30,0,324960
BANKNIFTY-II.NFO,17/09/2024,09:46:03,52545,52535.25,15,52545,30,15,324960
BANKNIFTY-II.NFO,17/09/2024,09:46:05,52545,52535.25,15,52543.65,15,0,324960
BANKNIFTY-II.NFO,17/09/2024,09:46:07,52544.2,52535.25,15,52544.2,15,45,324960
BANKNIFTY-II.NFO,17/09/2024,09:46:08,52546,52537.8,30,52545.8,45,15,324960
BANKNIFTY-II.NFO,17/09/2024,09:46:10,52546,52537.1,30,52545.4,60,0,324960
BANKNIFTY-II.NFO,17/09/2024,09:46:12,52543.6,52535.25,15,52542.65,45,75,324960
BANKNIFTY-II.NFO,17/09/2024,09:46:13,52543.6,52535.25,15,52540.85,45,0,324960
BANKNIFTY-II.NFO,17/09/2024,09:46:15,52538.3,52535.25,15,52538.3,15,15,324960
BANKNIFTY-II.NFO,17/09/2024,09:46:17,52535.05,52525,45,52535,30,30,324960
BANKNIFTY-II.NFO,17/09/2024,09:46:18,52535.05,52526.55,30,52535.25,15,0,324960
BANKNIFTY-II.NFO,17/09/2024,09:46:20,52535.05,52526.55,30,52535.8,15,0,324960
BANKNIFTY-II.NFO,17/09/2024,09:46:22,52535.05,52525,45,52535.05,30,0,324960
BANKNIFTY-II.NFO,17/09/2024,09:46:23,52535.05,52525.1,30,52535.05,30,0,324960
BANKNIFTY-II.NFO,17/09/2024,09:46:25,52535.05,52528.85,15,52536.3,30,15,324960
BANKNIFTY-II.NFO,17/09/2024,09:46:27,52535.05,52526.35,30,52537.75,30,0,324960
BANKNIFTY-II.NFO,17/09/2024,09:46:28,52535.05,52526.35,30,52536.9,30,0,324960
BANKNIFTY-II.NFO,17/09/2024,09:46:30,52535.05,52526.55,30,52537.45,30,30,324960
BANKNIFTY-II.NFO,17/09/2024,09:46:32,52535.05,52526.55,30,52537.45,30,15,324960
BANKNIFTY-II.NFO,17/09/2024,09:46:33,52537,52525.85,30,52536.75,30,15,324960
BANKNIFTY-II.NFO,17/09/2024,09:46:35,52537.5,52527.15,30,52538,30,15,324960
BANKNIFTY-II.NFO,17/09/2024,09:46:37,52537.5,52525.6,30,52535.9,15,0,324960
BANKNIFTY-II.NFO,17/09/2024,09:46:38,52537.5,52525.2,45,52534.8,60,0,324960
BANKNIFTY-II.NFO,17/09/2024,09:46:40,52534.8,52525.05,30,52535.2,15,15,324960
BANKNIFTY-II.NFO,17/09/2024,09:46:42,52525.15,52525.15,60,52535.75,60,75,324960
BANKNIFTY-II.NFO,17/09/2024,09:46:43,52525.15,52527.55,60,52538.1,15,0,324960
BANKNIFTY-II.NFO,17/09/2024,09:46:45,52525.15,52527.1,45,52537.45,45,0,324960
BANKNIFTY-II.NFO,17/09/2024,09:46:47,52527.95,52527.1,60,52537.8,75,15,324960
BANKNIFTY-II.NFO,17/09/2024,09:46:48,52537.8,52526.85,45,52537.05,45,15,324960
BANKNIFTY-II.NFO,17/09/2024,09:46:50,52537.8,52527.1,60,52537.8,60,0,324960
BANKNIFTY-II.NFO,17/09/2024,09:46:52,52539.35,52529.2,60,52539.95,30,45,324960
BANKNIFTY-II.NFO,17/09/2024,09:46:53,52539.35,52530.5,60,52540,45,0,324960
BANKNIFTY-II.NFO,17/09/2024,09:46:55,52540,52529.2,60,52539.1,30,15,324960
BANKNIFTY-II.NFO,17/09/2024,09:46:57,52532,52529,30,52538.2,30,30,324960
BANKNIFTY-II.NFO,17/09/2024,09:46:58,52532,52529,30,52537.95,15,0,324960
BANKNIFTY-II.NFO,17/09/2024,09:47:00,52531.7,52525,15,52531.25,45,15,324960
BANKNIFTY-II.NFO,17/09/2024,09:47:02,52525,52521.25,15,52530.3,15,15,324960
BANKNIFTY-II.NFO,17/09/2024,09:47:03,52525,52521.3,60,52531.75,30,0,324960
BANKNIFTY-II.NFO,17/09/2024,09:47:05,52531.15,52521.25,15,52530.6,30,30,324960
BANKNIFTY-II.NFO,17/09/2024,09:47:07,52531.15,52521.25,15,52529.85,45,0,324960
BANKNIFTY-II.NFO,17/09/2024,09:47:08,52521.25,52520,165,52529.75,30,15,324960
BANKNIFTY-II.NFO,17/09/2024,09:47:10,52529.2,52520,165,52529.15,30,15,324960
BANKNIFTY-II.NFO,17/09/2024,09:47:12,52527.95,52520,165,52527.1,150,15,324960
BANKNIFTY-II.NFO,17/09/2024,09:47:13,52527.95,52520,165,52526.8,15,0,324960
BANKNIFTY-II.NFO,17/09/2024,09:47:15,52526.75,52520,165,52526.7,45,15,324960
BANKNIFTY-II.NFO,17/09/2024,09:47:17,52526.15,52520,165,52526.2,135,45,324960
BANKNIFTY-II.NFO,17/09/2024,09:47:18,52526.15,52520,165,52527.95,30,0,324960
BANKNIFTY-II.NFO,17/09/2024,09:47:20,52516.9,52524,30,52531.5,60,300,324960
BANKNIFTY-II.NFO,17/09/2024,09:47:21,52516.9,52524,30,52531,45,0,324960
BANKNIFTY-II.NFO,17/09/2024,09:47:23,52516.9,52519,45,52528.4,60,0,324960
BANKNIFTY-II.NFO,17/09/2024,09:47:25,52516.9,52517.8,60,52527.8,60,0,324960
BANKNIFTY-II.NFO,17/09/2024,09:47:26,52516.9,52517.8,60,52528.25,45,0,324960
BANKNIFTY-II.NFO,17/09/2024,09:47:28,52516.9,52517.05,60,52527.3,45,0,324960
BANKNIFTY-II.NFO,17/09/2024,09:47:30,52516.9,52516.9,15,52526.85,45,195,324960
BANKNIFTY-II.NFO,17/09/2024,09:47:31,52517.3,52517.85,30,52527.85,75,105,324960
BANKNIFTY-II.NFO,17/09/2024,09:47:33,52529,52518.55,30,52529.25,45,30,324960
BANKNIFTY-II.NFO,17/09/2024,09:47:34,52531.9,52521.4,30,52531.8,60,30,324960
BANKNIFTY-II.NFO,17/09/2024,09:47:36,52517.1,52519.8,60,52530.55,45,150,324960
BANKNIFTY-II.NFO,17/09/2024,09:47:38,52529.9,52519.8,45,52529,75,15,324960
BANKNIFTY-II.NFO,17/09/2024,09:47:39,52529.9,52519.8,45,52529.3,75,0,324960
BANKNIFTY-II.NFO,17/09/2024,09:47:41,52529.9,52519.8,45,52527.35,30,0,324960
BANKNIFTY-II.NFO,17/09/2024,09:47:43,52519.8,52518.4,45,52525.7,75,15,324960
BANKNIFTY-II.NFO,17/09/2024,09:47:44,52517.85,52514.45,30,52523.75,75,120,324960
BANKNIFTY-II.NFO,17/09/2024,09:47:46,52521.25,52514.45,30,52524.2,75,15,324960
BANKNIFTY-II.NFO,17/09/2024,09:47:48,52521.25,52514.45,30,52523.3,60,0,324960
BANKNIFTY-II.NFO,17/09/2024,09:47:49,52516.9,52517.7,30,52529.85,75,30,324960
BANKNIFTY-II.NFO,17/09/2024,09:47:51,52528.05,52517.4,15,52528.35,75,15,324960
BANKNIFTY-II.NFO,17/09/2024,09:47:52,52530.1,52520.15,15,52530.1,75,15,324960
BANKNIFTY-II.NFO,17/09/2024,09:47:54,52530.4,52520.15,30,52530.5,75,15,324960
BANKNIFTY-II.NFO,17/09/2024,09:47:56,52516.1,52516.6,15,52528.15,30,180,324960
BANKNIFTY-II.NFO,17/09/2024,09:47:57,52515.05,52516.15,45,52527.45,30,270,324960
BANKNIFTY-II.NFO,17/09/2024,09:47:59,52526.5,52515.15,30,52526.7,75,30,324960
BANKNIFTY-II.NFO,17/09/2024,09:48:01,52526.5,52516.35,30,52528.7,75,0,324960
BANKNIFTY-II.NFO,17/09/2024,09:48:02,52516.05,52516,15,52528.5,60,150,324960
BANKNIFTY-II.NFO,17/09/2024,09:48:04,52517.45,52517,15,52528.7,30,45,324960
BANKNIFTY-II.NFO,17/09/2024,09:48:06,52527.7,52527.8,15,52532.8,60,480,324960
BANKNIFTY-II.NFO,17/09/2024,09:48:07,52530.6,52530.65,15,52536.65,60,495,324960
BANKNIFTY-II.NFO,17/09/2024,09:48:09,52530.7,52530.75,15,52536.4,105,30,324960
BANKNIFTY-II.NFO,17/09/2024,09:48:11,52524.55,52533.1,15,52536.9,75,690,324960
BANKNIFTY-II.NFO,17/09/2024,09:48:12,52533.05,52519.65,30,52530.8,135,510,324960
BANKNIFTY-II.NFO,17/09/2024,09:48:14,52530.95,52520.45,30,52530.35,60,180,324960
BANKNIFTY-II.NFO,17/09/2024,09:48:16,52533.85,52524.4,30,52534.35,30,30,324960
BANKNIFTY-II.NFO,17/09/2024,09:48:17,52533.85,52523.15,30,52530.25,15,0,324960
BANKNIFTY-II.NFO,17/09/2024,09:48:19,52533.85,52520.25,30,52530.25,30,0,324960
BANKNIFTY-II.NFO,17/09/2024,09:48:21,52533.85,52521.65,30,52530.25,15,0,324960
BANKNIFTY-II.NFO,17/09/2024,09:48:22,52530.25,52520.05,30,52530.15,15,15,324960
BANKNIFTY-II.NFO,17/09/2024,09:48:24,52530.25,52522.95,30,52534.05,30,0,324960
BANKNIFTY-II.NFO,17/09/2024,09:48:26,52530.25,52522.95,30,52533.6,15,0,324960
BANKNIFTY-II.NFO,17/09/2024,09:48:27,52527.5,52527.6,15,52532,15,15,324960
BANKNIFTY-II.NFO,17/09/2024,09:48:29,52531.9,52527.6,15,52532,30,15,324960
BANKNIFTY-II.NFO,17/09/2024,09:48:31,52532,52527.6,15,52533.45,30,15,324960
BANKNIFTY-II.NFO,17/09/2024,09:48:32,52532,52527.6,15,52533.1,45,0,324960
BANKNIFTY-II.NFO,17/09/2024,09:48:34,52528.05,52528.05,15,52534.25,45,30,324960
BANKNIFTY-II.NFO,17/09/2024,09:48:36,52528.05,52527.6,15,52534.25,45,135,325155
BANKNIFTY-II.NFO,17/09/2024,09:48:37,52520.3,52526.7,15,52534.2,75,585,325155
BANKNIFTY-II.NFO,17/09/2024,09:48:39,52520.3,52526.75,15,52535.45,60,0,325155
BANKNIFTY-II.NFO,17/09/2024,09:48:41,52535.45,52527.2,60,52536.85,45,15,325155
BANKNIFTY-II.NFO,17/09/2024,09:48:42,52536.95,52536.95,15,52539.8,15,255,325155
BANKNIFTY-II.NFO,17/09/2024,09:48:44,52534.95,52529.15,15,52535.05,60,315,325155
BANKNIFTY-II.NFO,17/09/2024,09:48:46,52534.95,52535.05,30,52536.95,15,0,325155
BANKNIFTY-II.NFO,17/09/2024,09:48:47,52539.95,52531.1,15,52540,45,45,325155
BANKNIFTY-II.NFO,17/09/2024,09:48:49,52539.95,52533,15,52540,45,0,325155
BANKNIFTY-II.NFO,17/09/2024,09:48:51,52540,52534.55,15,52540,30,15,325155
BANKNIFTY-II.NFO,17/09/2024,09:48:52,52527.95,52537,15,52543.4,60,270,325155
BANKNIFTY-II.NFO,17/09/2024,09:48:54,52544.25,52537.05,15,52544.95,60,15,325155
BANKNIFTY-II.NFO,17/09/2024,09:48:56,52544.25,52537.05,15,52542.55,15,0,325155
BANKNIFTY-II.NFO,17/09/2024,09:48:57,52544.25,52537.05,15,52544.4,60,0,325155
BANKNIFTY-II.NFO,17/09/2024,09:48:59,52537,52535.05,15,52542.05,15,60,325155
BANKNIFTY-II.NFO,17/09/2024,09:49:00,52543.4,52536.5,15,52543.15,60,45,325155
BANKNIFTY-II.NFO,17/09/2024,09:49:02,52541.65,52536.65,15,52542.2,45,30,325155
BANKNIFTY-II.NFO,17/09/2024,09:49:04,52543.1,52536.85,15,52542.15,15,30,325155
BANKNIFTY-II.NFO,17/09/2024,09:49:05,52543.1,52536.85,15,52542.6,30,0,325155
BANKNIFTY-II.NFO,17/09/2024,09:49:07,52543.1,52537.4,15,52543.1,15,0,325155
BANKNIFTY-II.NFO,17/09/2024,09:49:09,52531.25,52527.05,60,52537.3,30,585,325155
BANKNIFTY-II.NFO,17/09/2024,09:49:10,52531.25,52526.85,15,52536.85,30,0,325155
BANKNIFTY-II.NFO,17/09/2024,09:49:12,52535.9,52526.85,15,52537.6,15,30,325155
BANKNIFTY-II.NFO,17/09/2024,09:49:14,52537.15,52527.1,45,52535.8,30,15,325155
BANKNIFTY-II.NFO,17/09/2024,09:49:15,52514.25,52514.75,60,52525.45,45,195,325155
BANKNIFTY-II.NFO,17/09/2024,09:49:17,52525.4,52516.05,60,52527.45,90,30,325155
BANKNIFTY-II.NFO,17/09/2024,09:49:18,52526.65,52517.9,60,52529.15,75,15,325155
BANKNIFTY-II.NFO,17/09/2024,09:49:20,52527.25,52520.05,45,52527.1,15,30,325155
BANKNIFTY-II.NFO,17/09/2024,09:49:22,52528.75,52520.1,15,52527.1,60,30,325155
BANKNIFTY-II.NFO,17/09/2024,09:49:23,52527.95,52520.1,15,52528,15,75,325155
BANKNIFTY-II.NFO,17/09/2024,09:49:25,52530.7,52522.8,15,52534.45,30,285,325155
BANKNIFTY-II.NFO,17/09/2024,09:49:26,52530.7,52520.9,15,52531.4,45,0,325155
BANKNIFTY-II.NFO,17/09/2024,09:49:28,52530.7,52520.55,15,52530.7,45,0,325155
BANKNIFTY-II.NFO,17/09/2024,09:49:29,52530.7,52524.2,45,52531.05,15,0,325155
BANKNIFTY-II.NFO,17/09/2024,09:49:31,52530.7,52523.8,45,52530.6,300,0,325155
BANKNIFTY-II.NFO,17/09/2024,09:49:33,52530.7,52521.6,45,52529.85,315,0,325155
BANKNIFTY-II.NFO,17/09/2024,09:49:34,52529.75,52524.5,15,52530.7,15,30,325155
BANKNIFTY-II.NFO,17/09/2024,09:49:36,52521.95,52525,15,52530.25,300,300,325155
BANKNIFTY-II.NFO,17/09/2024,09:49:37,52521.95,52521.95,15,52532.1,15,75,325155
BANKNIFTY-II.NFO,17/09/2024,09:49:39,52521.95,52522,15,52530.6,285,0,325155
BANKNIFTY-II.NFO,17/09/2024,09:49:41,52521.95,52522,15,52530.7,15,0,325155
BANKNIFTY-II.NFO,17/09/2024,09:49:42,52521.95,52522,15,52529.75,30,0,325155
BANKNIFTY-II.NFO,17/09/2024,09:49:44,52515,52521.6,30,52529.35,75,900,325155
BANKNIFTY-II.NFO,17/09/2024,09:49:45,52515,52521.6,30,52529.35,60,0,325155
BANKNIFTY-II.NFO,17/09/2024,09:49:47,52521.6,52519.6,15,52529.1,60,15,325155
BANKNIFTY-II.NFO,17/09/2024,09:49:48,52521.6,52518.65,15,52529,60,0,325155
BANKNIFTY-II.NFO,17/09/2024,09:49:50,52518.7,52518.55,15,52528.05,75,15,325155
BANKNIFTY-II.NFO,17/09/2024,09:49:52,52518.7,52519.35,15,52523.5,60,0,325155
BANKNIFTY-II.NFO,17/09/2024,09:49:53,52516.45,52519.1,15,52527.2,60,120,325155
BANKNIFTY-II.NFO,17/09/2024,09:49:55,52516.45,52519.1,15,52528,75,0,325155
BANKNIFTY-II.NFO,17/09/2024,09:49:56,52516.45,52519.1,15,52524.9,75,0,325155
BANKNIFTY-II.NFO,17/09/2024,09:49:58,52515,52516.5,15,52525.05,60,900,325155
BANKNIFTY-II.NFO,17/09/2024,09:50:00,52515,52516.05,15,52520.15,60,0,325155
BANKNIFTY-II.NFO,17/09/2024,09:50:01,52517.35,52509.8,15,52520.3,105,255,325155
BANKNIFTY-II.NFO,17/09/2024,09:50:03,52509.9,52510.95,15,52520.9,105,15,325155
BANKNIFTY-II.NFO,17/09/2024,09:50:04,52509.9,52510.7,15,52519.85,75,0,325155
BANKNIFTY-II.NFO,17/09/2024,09:50:06,52509.9,52510.7,15,52517.45,60,0,325155
BANKNIFTY-II.NFO,17/09/2024,09:50:08,52509.9,52510.7,15,52520.6,60,0,325155
BANKNIFTY-II.NFO,17/09/2024,09:50:09,52509.9,52510.7,15,52518.55,30,0,325155
BANKNIFTY-II.NFO,17/09/2024,09:50:11,52510,52509.95,30,52518.75,75,930,325155
BANKNIFTY-II.NFO,17/09/2024,09:50:13,52510,52510,15,52520.15,75,0,325155
BANKNIFTY-II.NFO,17/09/2024,09:50:14,52510,52510,15,52520.95,60,0,325155
BANKNIFTY-II.NFO,17/09/2024,09:50:16,52510,52510,15,52519.35,75,240,325155
