Ticker,Date,Time,LTP,BuyPrice,BuyQty,SellPrice,SellQty,LTQ,OpenInterest
BANKNIFTY-III.NFO,05/12/2024,09:15:02,54125,54014.95,120,54217.55,120,30,43440
BANKNIFTY-III.NFO,05/12/2024,09:15:02,54125,54014.95,120,54217.55,120,0,43440
BANKNIFTY-III.NFO,05/12/2024,09:15:02,54125,54014.95,120,54217.55,120,0,43440
BANKNIFTY-III.NFO,05/12/2024,09:15:02,54125,54014.95,120,54217.55,120,0,43440
BANKNIFTY-III.NFO,05/12/2024,09:15:03,54125,54020.05,120,54166.45,120,0,43440
BANKNIFTY-III.NFO,05/12/2024,09:15:04,54040.6,54040.55,30,54166.25,120,120,43440
BANKNIFTY-III.NFO,05/12/2024,09:15:04,54040.6,54040.55,30,54166.25,120,0,43440
BANKNIFTY-III.NFO,05/12/2024,09:15:05,54040.6,54040.65,60,54166.05,180,0,43440
BANKNIFTY-III.NFO,05/12/2024,09:15:06,54040.6,54040.65,60,54165.85,180,0,43440
BANKNIFTY-III.NFO,05/12/2024,09:15:07,54040.6,54040.75,60,54165.65,180,0,43440
BANKNIFTY-III.NFO,05/12/2024,09:15:15,54040.6,54042.15,60,54100.95,120,0,43440
BANKNIFTY-III.NFO,05/12/2024,09:15:17,54100.95,54052.6,30,54101,30,30,43440
BANKNIFTY-III.NFO,05/12/2024,09:15:18,54100.95,54057.7,30,54101,30,0,43440
BANKNIFTY-III.NFO,05/12/2024,09:15:19,54100.95,54062.7,30,54100.95,120,0,43440
BANKNIFTY-III.NFO,05/12/2024,09:15:21,54100.95,54055.2,30,54100.95,120,0,43440
BANKNIFTY-III.NFO,05/12/2024,09:15:22,54100.85,54060.2,60,54100.85,120,30,43440
BANKNIFTY-III.NFO,05/12/2024,09:15:24,54100.85,54070.2,60,54100.75,120,0,43440
BANKNIFTY-III.NFO,05/12/2024,09:15:25,54100.85,54050.8,60,54100.85,120,0,43440
BANKNIFTY-III.NFO,05/12/2024,09:15:27,54100.85,54058.75,60,54101,30,0,43440
BANKNIFTY-III.NFO,05/12/2024,09:15:28,54100.85,54065.7,60,54100.95,120,0,43440
BANKNIFTY-III.NFO,05/12/2024,09:15:30,54100.85,54075.7,60,54101,30,0,43440
BANKNIFTY-III.NFO,05/12/2024,09:15:31,54100.85,54070.65,60,54100.95,120,0,43440
BANKNIFTY-III.NFO,05/12/2024,09:15:33,54100.85,54060.2,60,54100.95,120,0,43440
BANKNIFTY-III.NFO,05/12/2024,09:15:34,54100.85,54070.05,60,54101,60,0,43440
BANKNIFTY-III.NFO,05/12/2024,09:15:36,54100.85,54070.75,60,54101,60,0,43440
BANKNIFTY-III.NFO,05/12/2024,09:15:37,54100.85,54075.75,60,54101,60,0,43440
BANKNIFTY-III.NFO,05/12/2024,09:15:39,54100.85,54065.35,120,54100.95,120,0,43440
BANKNIFTY-III.NFO,05/12/2024,09:15:40,54068.75,54067.05,30,54100.95,120,30,43440
BANKNIFTY-III.NFO,05/12/2024,09:15:42,54067.55,54065.05,60,54100.95,120,30,43470
BANKNIFTY-III.NFO,05/12/2024,09:15:46,54067.55,54065.05,60,54100.95,120,0,43470
BANKNIFTY-III.NFO,05/12/2024,09:15:47,54065,54040.05,120,54096.05,120,60,43470
BANKNIFTY-III.NFO,05/12/2024,09:15:49,54065,54040.2,60,54094.85,120,0,43470
BANKNIFTY-III.NFO,05/12/2024,09:15:50,54065,54040.5,60,54094.85,120,0,43470
BANKNIFTY-III.NFO,05/12/2024,09:15:51,54065,54040.7,60,54094,120,0,43470
BANKNIFTY-III.NFO,05/12/2024,09:15:53,54065,54041,60,54094.05,60,0,43470
BANKNIFTY-III.NFO,05/12/2024,09:15:56,54065,54041.5,60,54093.75,60,0,43470
BANKNIFTY-III.NFO,05/12/2024,09:15:57,54065,54041.55,90,54089.65,60,0,43470
BANKNIFTY-III.NFO,05/12/2024,09:16:00,54065,54041.55,90,54084.6,120,0,43470
BANKNIFTY-III.NFO,05/12/2024,09:16:02,54065,54065,30,54084.6,30,0,43470
BANKNIFTY-III.NFO,05/12/2024,09:16:03,54084.6,54065,30,54099.95,120,30,43470
BANKNIFTY-III.NFO,05/12/2024,09:16:05,54099.95,54065.05,30,54097.85,120,30,43470
BANKNIFTY-III.NFO,05/12/2024,09:16:06,54099.95,54065.05,30,54099.95,120,0,43470
BANKNIFTY-III.NFO,05/12/2024,09:16:09,54099.95,54074.45,120,54100,60,300,43470
BANKNIFTY-III.NFO,05/12/2024,09:16:11,54099.95,54074.9,60,54100,60,0,43470
BANKNIFTY-III.NFO,05/12/2024,09:16:12,54099.95,54068.45,120,54100,60,0,43470
BANKNIFTY-III.NFO,05/12/2024,09:16:14,54099.95,54065.05,60,54100,60,0,43470
BANKNIFTY-III.NFO,05/12/2024,09:16:18,54100,54067.55,60,54100,30,30,43470
BANKNIFTY-III.NFO,05/12/2024,09:16:20,54100,54068.7,60,54100,30,0,43470
BANKNIFTY-III.NFO,05/12/2024,09:16:24,54100,54065.95,120,54100,60,0,43470
BANKNIFTY-III.NFO,05/12/2024,09:16:25,54100,54068.85,120,54100,60,0,43470
BANKNIFTY-III.NFO,05/12/2024,09:16:27,54100,54068.25,120,54100,60,0,43470
BANKNIFTY-III.NFO,05/12/2024,09:16:28,54100,54066.6,120,54100,60,0,43470
BANKNIFTY-III.NFO,05/12/2024,09:16:30,54100,54066.05,60,54100,60,0,43470
BANKNIFTY-III.NFO,05/12/2024,09:16:33,54100,54068.9,120,54100,60,0,43470
BANKNIFTY-III.NFO,05/12/2024,09:16:34,54100,54069.4,120,54100,60,0,43470
BANKNIFTY-III.NFO,05/12/2024,09:16:36,54100,54067.85,180,54100,60,0,43470
BANKNIFTY-III.NFO,05/12/2024,09:16:37,54100,54068.75,120,54100,60,0,43470
BANKNIFTY-III.NFO,05/12/2024,09:16:39,54101,54068.75,120,54101,30,90,43470
BANKNIFTY-III.NFO,05/12/2024,09:16:40,54100,54065.05,120,54101,30,30,43470
BANKNIFTY-III.NFO,05/12/2024,09:16:41,54100,54065.15,120,54100.95,60,0,43470
BANKNIFTY-III.NFO,05/12/2024,09:16:43,54100,54100,300,54101,30,0,43470
BANKNIFTY-III.NFO,05/12/2024,09:16:44,54100,54100,270,54101,30,30,43470
BANKNIFTY-III.NFO,05/12/2024,09:16:46,54100,54065.05,60,54101,30,270,43470
BANKNIFTY-III.NFO,05/12/2024,09:16:47,54100,54090,30,54101,30,0,43470
BANKNIFTY-III.NFO,05/12/2024,09:16:50,54100,54090,30,54100,90,0,43470
BANKNIFTY-III.NFO,05/12/2024,09:16:52,54100,54090,30,54099.95,60,0,43470
BANKNIFTY-III.NFO,05/12/2024,09:16:58,54090,54065.1,60,54099.95,60,30,43470
BANKNIFTY-III.NFO,05/12/2024,09:16:59,54090,54065,30,54099.95,60,0,43470
BANKNIFTY-III.NFO,05/12/2024,09:17:02,54090,54065,30,54099.9,90,0,43470
BANKNIFTY-III.NFO,05/12/2024,09:17:04,54090,54065,30,54099.8,90,0,43470
BANKNIFTY-III.NFO,05/12/2024,09:17:05,54090,54065,30,54099.7,120,300,43470
BANKNIFTY-III.NFO,05/12/2024,09:17:06,54090,54065,30,54099.6,90,0,43470
BANKNIFTY-III.NFO,05/12/2024,09:17:08,54090,54065,30,54099.5,90,0,43470
BANKNIFTY-III.NFO,05/12/2024,09:17:09,54065,54052.65,60,54099.35,30,30,43470
BANKNIFTY-III.NFO,05/12/2024,09:17:11,54065,54052.65,60,54099.25,120,0,43470
BANKNIFTY-III.NFO,05/12/2024,09:17:12,54065,54052.65,60,54099.15,120,0,43470
BANKNIFTY-III.NFO,05/12/2024,09:17:14,54065,54050.15,60,54099.05,120,0,43470
BANKNIFTY-III.NFO,05/12/2024,09:17:15,54065,54050.15,60,54098.95,120,30,43470
BANKNIFTY-III.NFO,05/12/2024,09:17:17,54065,54050.15,60,54098.85,120,0,43470
BANKNIFTY-III.NFO,05/12/2024,09:17:18,54065,54053.85,60,54098.75,90,0,43470
BANKNIFTY-III.NFO,05/12/2024,09:17:20,54065,54054.9,60,54098.65,90,0,43470
BANKNIFTY-III.NFO,05/12/2024,09:17:21,54065,54055.9,60,54098.55,90,0,43470
BANKNIFTY-III.NFO,05/12/2024,09:17:23,54065,54058.05,120,54098.45,90,0,43470
BANKNIFTY-III.NFO,05/12/2024,09:17:24,54065,54054.6,120,54098.35,90,0,43470
BANKNIFTY-III.NFO,05/12/2024,09:17:26,54065,54059.1,180,54098.25,90,0,43470
BANKNIFTY-III.NFO,05/12/2024,09:17:27,54065,54059.55,120,54098.15,90,0,43470
BANKNIFTY-III.NFO,05/12/2024,09:17:29,54065,54056.4,120,54098.05,90,0,43470
BANKNIFTY-III.NFO,05/12/2024,09:17:30,54065,54057.6,120,54097.95,90,0,43470
BANKNIFTY-III.NFO,05/12/2024,09:17:32,54065,54057.6,120,54097.85,90,0,43470
BANKNIFTY-III.NFO,05/12/2024,09:17:33,54065,54065,30,54097.75,120,0,43470
BANKNIFTY-III.NFO,05/12/2024,09:17:35,54065,54065,30,54097.65,120,0,43470
BANKNIFTY-III.NFO,05/12/2024,09:17:36,54065,54065,30,54097.55,120,0,43470
BANKNIFTY-III.NFO,05/12/2024,09:17:38,54065,54053.2,120,54097.4,30,30,43470
BANKNIFTY-III.NFO,05/12/2024,09:17:39,54065,54050.2,120,54097.3,120,0,43470
BANKNIFTY-III.NFO,05/12/2024,09:17:41,54065,54050.8,120,54097.2,120,0,43470
BANKNIFTY-III.NFO,05/12/2024,09:17:42,54065,54065,240,54095.95,120,60,43470
BANKNIFTY-III.NFO,05/12/2024,09:17:44,54065,54065,240,54095.85,120,0,43470
BANKNIFTY-III.NFO,05/12/2024,09:17:45,54065,54065,240,54095.75,120,0,43470
BANKNIFTY-III.NFO,05/12/2024,09:17:47,54065,54050.05,120,54095.65,120,240,43470
BANKNIFTY-III.NFO,05/12/2024,09:17:48,54065,54050.05,120,54095.55,120,0,43470
BANKNIFTY-III.NFO,05/12/2024,09:17:50,54065,54050.05,120,54095.45,120,0,43470
BANKNIFTY-III.NFO,05/12/2024,09:17:51,54050.05,54050,30,54095.2,30,30,43470
BANKNIFTY-III.NFO,05/12/2024,09:17:53,54047.1,54047.25,180,54095,60,60,43470
BANKNIFTY-III.NFO,05/12/2024,09:17:54,54047.1,54047.85,120,54094.7,60,0,43470
BANKNIFTY-III.NFO,05/12/2024,09:17:56,54047.85,54049.25,120,54094.5,90,30,43470
BANKNIFTY-III.NFO,05/12/2024,09:17:57,54051.1,54045,30,54086.3,120,210,43470
BANKNIFTY-III.NFO,05/12/2024,09:17:59,54051.1,54045,30,54050.05,30,0,43470
BANKNIFTY-III.NFO,05/12/2024,09:18:00,54051.1,54045,30,54050,60,0,43470
BANKNIFTY-III.NFO,05/12/2024,09:18:03,54045,54040,60,54049.95,30,30,43470
BANKNIFTY-III.NFO,05/12/2024,09:18:05,54051.1,54051.1,120,54056.05,30,180,43470
BANKNIFTY-III.NFO,05/12/2024,09:18:06,54051.1,54051.1,120,54056.05,30,0,43470
BANKNIFTY-III.NFO,05/12/2024,09:18:16,54051.1,54051.1,120,54080.7,120,0,43470
BANKNIFTY-III.NFO,05/12/2024,09:18:18,54051.1,54051.1,120,54080.5,120,0,43470
BANKNIFTY-III.NFO,05/12/2024,09:18:20,54051.1,54051.15,60,54080.3,120,0,43470
BANKNIFTY-III.NFO,05/12/2024,09:18:21,54051.15,54051.1,120,54086.3,180,30,43470
BANKNIFTY-III.NFO,05/12/2024,09:18:23,54051.15,54051.1,120,54084.25,60,0,43470
BANKNIFTY-III.NFO,05/12/2024,09:18:25,54051.15,54051.1,120,54082.85,30,0,43470
BANKNIFTY-III.NFO,05/12/2024,09:18:26,54080.35,54051.15,30,54080.25,120,30,43470
BANKNIFTY-III.NFO,05/12/2024,09:18:28,54080.35,54051.15,30,54079.45,120,0,43470
BANKNIFTY-III.NFO,05/12/2024,09:18:30,54080.35,54051.15,30,54079.25,120,0,43470
BANKNIFTY-III.NFO,05/12/2024,09:18:31,54080.35,54052.05,30,54079.15,120,0,43470
BANKNIFTY-III.NFO,05/12/2024,09:18:33,54080.35,54052.05,30,54078.95,120,0,43470
BANKNIFTY-III.NFO,05/12/2024,09:18:35,54080.35,54052.05,30,54078.75,120,0,43470
BANKNIFTY-III.NFO,05/12/2024,09:18:36,54080.35,54052.05,30,54073.65,120,0,43470
BANKNIFTY-III.NFO,05/12/2024,09:18:38,54080.35,54052.05,30,54073.7,120,0,43470
BANKNIFTY-III.NFO,05/12/2024,09:18:40,54080.35,54052.05,30,54073.3,120,0,43470
BANKNIFTY-III.NFO,05/12/2024,09:18:41,54073.2,54052.05,60,54072.2,120,30,43470
BANKNIFTY-III.NFO,05/12/2024,09:18:43,54073.2,54053,30,54071.9,120,0,43470
BANKNIFTY-III.NFO,05/12/2024,09:18:45,54073.2,54053,30,54069.05,120,0,43470
BANKNIFTY-III.NFO,05/12/2024,09:18:46,54073.2,54053,30,54069.2,120,0,43470
BANKNIFTY-III.NFO,05/12/2024,09:18:49,54073.2,54053,30,54068.9,120,0,43470
BANKNIFTY-III.NFO,05/12/2024,09:18:51,54051.1,54050.05,60,54064.95,120,150,44730
BANKNIFTY-III.NFO,05/12/2024,09:18:53,54051.1,54050,60,54064.95,120,0,44730
BANKNIFTY-III.NFO,05/12/2024,09:18:56,54051.1,54050.05,60,54065,30,0,44730
BANKNIFTY-III.NFO,05/12/2024,09:18:58,54051.1,54050,60,54063.75,180,0,44730
BANKNIFTY-III.NFO,05/12/2024,09:18:59,54050.05,54050,60,54050.05,90,60,44730
BANKNIFTY-III.NFO,05/12/2024,09:19:01,54050.05,54050,60,54050.05,90,0,44730
BANKNIFTY-III.NFO,05/12/2024,09:19:04,54050.05,54050,90,54069.95,150,90,44730
BANKNIFTY-III.NFO,05/12/2024,09:19:06,54050.05,54050,90,54069.95,150,0,44730
BANKNIFTY-III.NFO,05/12/2024,09:19:08,54050.05,54050,90,54069.95,120,0,44730
BANKNIFTY-III.NFO,05/12/2024,09:19:09,54050.05,54050,60,54069,120,0,44730
BANKNIFTY-III.NFO,05/12/2024,09:19:11,54050.05,54050,60,54068.1,180,0,44730
BANKNIFTY-III.NFO,05/12/2024,09:19:12,54050.05,54050.05,360,54063.6,120,0,44730
BANKNIFTY-III.NFO,05/12/2024,09:19:14,54050.05,54050.05,390,54063.65,30,0,44730
BANKNIFTY-III.NFO,05/12/2024,09:19:16,54050.05,54050.05,420,54063.65,30,0,44730
BANKNIFTY-III.NFO,05/12/2024,09:19:21,54050.05,54050.05,420,54063.6,120,0,44730
BANKNIFTY-III.NFO,05/12/2024,09:19:26,54063.5,54050.05,90,54063.4,120,90,44730
BANKNIFTY-III.NFO,05/12/2024,09:19:28,54063.3,54050.05,90,54060.6,120,30,44730
BANKNIFTY-III.NFO,05/12/2024,09:19:29,54050,54025.55,120,54055.9,120,150,44730
BANKNIFTY-III.NFO,05/12/2024,09:19:31,54050,54021,180,54049.9,180,0,44730
BANKNIFTY-III.NFO,05/12/2024,09:19:33,54050,54000.25,180,54054.85,120,0,44730
BANKNIFTY-III.NFO,05/12/2024,09:19:34,54050,54000.25,180,54049.85,120,0,44730
BANKNIFTY-III.NFO,05/12/2024,09:19:36,54050,54000.25,180,54054.25,120,0,44730
BANKNIFTY-III.NFO,05/12/2024,09:19:38,54050,54000.25,180,54049.3,60,0,44730
BANKNIFTY-III.NFO,05/12/2024,09:19:43,54050,54000.25,180,54048.9,60,0,44730
BANKNIFTY-III.NFO,05/12/2024,09:19:44,54050,54000.25,180,54045.7,60,0,44730
BANKNIFTY-III.NFO,05/12/2024,09:19:46,54050,54000.25,180,54041.9,60,0,44730
BANKNIFTY-III.NFO,05/12/2024,09:19:48,54050,54000.25,180,54039.1,60,0,44730
BANKNIFTY-III.NFO,05/12/2024,09:19:51,54050,54000.25,180,54043.95,120,0,44730
BANKNIFTY-III.NFO,05/12/2024,09:19:53,54050,54000.05,120,54049.95,120,0,44730
BANKNIFTY-III.NFO,05/12/2024,09:19:54,54050,54000.05,120,54044.85,120,0,44730
BANKNIFTY-III.NFO,05/12/2024,09:19:56,54050,54000.05,120,54049.95,120,0,44730
BANKNIFTY-III.NFO,05/12/2024,09:19:58,54050,54000.05,120,54039.85,120,0,44730
BANKNIFTY-III.NFO,05/12/2024,09:19:59,54050,54000.05,120,54034.85,120,0,44730
BANKNIFTY-III.NFO,05/12/2024,09:20:01,54050,54000.05,120,54025.85,120,0,44730
BANKNIFTY-III.NFO,05/12/2024,09:20:03,54050,54000,60,54023.75,120,0,44730
BANKNIFTY-III.NFO,05/12/2024,09:20:04,54050,54000.05,120,54023.75,120,0,44730
BANKNIFTY-III.NFO,05/12/2024,09:20:06,54023.8,54000.05,210,54042.7,60,150,44730
BANKNIFTY-III.NFO,05/12/2024,09:20:06,54023.75,54000.05,210,54042.7,60,0,44730
BANKNIFTY-III.NFO,05/12/2024,09:20:08,54023.8,54000.05,210,54042.6,60,0,44730
BANKNIFTY-III.NFO,05/12/2024,09:20:09,54023.8,54000.05,210,54042.4,60,0,44730
BANKNIFTY-III.NFO,05/12/2024,09:20:11,54023.8,54000.05,210,54042.25,90,0,44730
BANKNIFTY-III.NFO,05/12/2024,09:20:13,54023.8,54000.05,150,54023.8,60,0,44730
BANKNIFTY-III.NFO,05/12/2024,09:20:17,54023.8,54000.05,150,54023.8,30,0,44730
BANKNIFTY-III.NFO,05/12/2024,09:20:21,54023.8,54002.05,180,54023.8,30,0,44730
BANKNIFTY-III.NFO,05/12/2024,09:20:22,54023.8,54002.05,180,54055.95,60,30,44730
BANKNIFTY-III.NFO,05/12/2024,09:20:24,54002.05,54002.1,180,54051,30,30,44730
BANKNIFTY-III.NFO,05/12/2024,09:20:24,54002.05,54002.1,180,54051,30,0,44730
BANKNIFTY-III.NFO,05/12/2024,09:20:26,54002.05,54002.1,180,54046.4,30,0,44730
BANKNIFTY-III.NFO,05/12/2024,09:20:27,54002.05,54002.1,180,54047.45,30,0,44730
BANKNIFTY-III.NFO,05/12/2024,09:20:29,54002.05,54002.1,180,54046.15,30,0,44730
BANKNIFTY-III.NFO,05/12/2024,09:20:30,54002.05,54002.1,180,54049.35,30,0,44730
BANKNIFTY-III.NFO,05/12/2024,09:20:32,54002.05,54002.1,180,54048.95,30,0,44730
BANKNIFTY-III.NFO,05/12/2024,09:20:34,54002.05,54002.2,180,54052.85,30,0,44730
BANKNIFTY-III.NFO,05/12/2024,09:20:35,54002.05,54002.3,180,54048.95,30,0,44730
BANKNIFTY-III.NFO,05/12/2024,09:20:37,54002.05,54002.3,180,54052.25,30,0,44730
BANKNIFTY-III.NFO,05/12/2024,09:20:38,54002.05,54002.4,180,54055.95,30,0,44730
BANKNIFTY-III.NFO,05/12/2024,09:20:40,54002.5,54002.55,180,54055.85,60,30,44730
BANKNIFTY-III.NFO,05/12/2024,09:20:42,54002.5,54002.65,180,54055.95,60,0,44730
BANKNIFTY-III.NFO,05/12/2024,09:20:43,54002.5,54002.85,180,54055.95,60,0,44730
BANKNIFTY-III.NFO,05/12/2024,09:20:45,54002.5,54003.15,180,54055.95,60,0,44730
BANKNIFTY-III.NFO,05/12/2024,09:20:47,54002.5,54003.35,180,54055.95,60,0,44730
BANKNIFTY-III.NFO,05/12/2024,09:20:48,54002.5,54003.55,180,54055.95,60,0,44730
BANKNIFTY-III.NFO,05/12/2024,09:20:50,54002.5,54003.75,180,54053.8,60,0,44730
BANKNIFTY-III.NFO,05/12/2024,09:20:52,54002.5,54003.85,180,54053.8,60,0,44730
BANKNIFTY-III.NFO,05/12/2024,09:20:53,54053.8,54003.95,180,54055.95,30,30,44730
BANKNIFTY-III.NFO,05/12/2024,09:20:55,54053.8,54004.05,180,54055.95,30,0,44730
BANKNIFTY-III.NFO,05/12/2024,09:20:57,54053.8,54004.25,180,54055.95,30,0,44730
BANKNIFTY-III.NFO,05/12/2024,09:20:58,54053.8,54004.35,180,54054.75,30,0,44730
BANKNIFTY-III.NFO,05/12/2024,09:21:00,54053.8,54004.45,180,54054.75,30,0,44730
BANKNIFTY-III.NFO,05/12/2024,09:21:02,54053.8,54005.05,180,54055.95,30,0,44730
BANKNIFTY-III.NFO,05/12/2024,09:21:03,54053.8,54005.15,180,54055.95,30,0,44730
BANKNIFTY-III.NFO,05/12/2024,09:21:05,54053.8,54030,30,54055.95,30,0,44730
BANKNIFTY-III.NFO,05/12/2024,09:21:07,54053.8,54030,30,54054.05,30,0,44730
BANKNIFTY-III.NFO,05/12/2024,09:21:08,54053.8,54030,30,54052.25,30,0,44730
BANKNIFTY-III.NFO,05/12/2024,09:21:10,54053.8,54030,30,54051.95,30,0,44730
BANKNIFTY-III.NFO,05/12/2024,09:21:12,54051.95,54030,30,54052,30,30,44730
BANKNIFTY-III.NFO,05/12/2024,09:21:13,54051.95,54030,30,54052,30,0,44730
BANKNIFTY-III.NFO,05/12/2024,09:21:17,54051.95,54030,30,54051.95,60,0,44730
BANKNIFTY-III.NFO,05/12/2024,09:21:19,54051.95,54030,30,54052,90,0,44730
BANKNIFTY-III.NFO,05/12/2024,09:21:21,54051.95,54030,30,54052,30,0,44730
BANKNIFTY-III.NFO,05/12/2024,09:21:24,54051.95,54030,30,54051.95,60,0,44730
BANKNIFTY-III.NFO,05/12/2024,09:21:26,54051.95,54040,30,54051.95,60,0,44730
BANKNIFTY-III.NFO,05/12/2024,09:21:27,54051.95,54040,30,54052,30,60,44730
BANKNIFTY-III.NFO,05/12/2024,09:21:29,54051.95,54040,30,54052,30,0,44730
BANKNIFTY-III.NFO,05/12/2024,09:21:36,54051.95,54040,30,54051.95,60,0,44730
BANKNIFTY-III.NFO,05/12/2024,09:21:37,54051.95,54040,30,54052,30,0,44730
BANKNIFTY-III.NFO,05/12/2024,09:21:44,54051.95,54040,60,54060.6,60,0,44730
BANKNIFTY-III.NFO,05/12/2024,09:21:47,54051.95,54040.05,120,54063,60,0,44730
BANKNIFTY-III.NFO,05/12/2024,09:21:50,54051.95,54040.05,180,54063,60,0,44730
BANKNIFTY-III.NFO,05/12/2024,09:21:54,54063,54052,120,54070,30,60,44730
BANKNIFTY-III.NFO,05/12/2024,09:21:55,54063,54052,120,54070,30,0,45120
BANKNIFTY-III.NFO,05/12/2024,09:21:57,54070,54052,180,54096,600,30,45120
BANKNIFTY-III.NFO,05/12/2024,09:22:00,54070,54052,180,54096,600,0,45120
BANKNIFTY-III.NFO,05/12/2024,09:22:09,54070,54055.05,180,54096,600,0,45120
BANKNIFTY-III.NFO,05/12/2024,09:22:12,54070,54070.05,180,54096,600,0,45120
BANKNIFTY-III.NFO,05/12/2024,09:22:14,54070,54070,30,54096,600,0,45120
BANKNIFTY-III.NFO,05/12/2024,09:22:16,54070,54070.05,120,54096,600,0,45120
BANKNIFTY-III.NFO,05/12/2024,09:22:17,54070,54070.05,180,54096,600,0,45120
BANKNIFTY-III.NFO,05/12/2024,09:22:26,54070,54075.05,120,54096,600,0,45120
BANKNIFTY-III.NFO,05/12/2024,09:22:27,54070,54075,60,54096,600,0,45120
BANKNIFTY-III.NFO,05/12/2024,09:22:29,54096,54075.05,120,54096,570,30,45120
BANKNIFTY-III.NFO,05/12/2024,09:22:31,54096,54075.05,120,54096,570,0,45120
BANKNIFTY-III.NFO,05/12/2024,09:22:40,54096,54075.05,180,54096,540,30,45120
BANKNIFTY-III.NFO,05/12/2024,09:22:42,54096,54075.15,180,54096,360,180,45120
BANKNIFTY-III.NFO,05/12/2024,09:22:44,54075.25,54075.3,150,54095.95,30,150,45120
BANKNIFTY-III.NFO,05/12/2024,09:22:45,54075.25,54075.4,120,54095.95,30,0,45120
BANKNIFTY-III.NFO,05/12/2024,09:22:47,54096,54075.35,120,54096,180,90,45120
BANKNIFTY-III.NFO,05/12/2024,09:22:48,54096,54075.3,30,54096,180,0,45120
BANKNIFTY-III.NFO,05/12/2024,09:22:53,54096,54075.35,120,54096,180,0,45120
BANKNIFTY-III.NFO,05/12/2024,09:22:55,54096,54075.35,120,54096,150,30,45120
BANKNIFTY-III.NFO,05/12/2024,09:22:57,54096,54075.35,120,54096,150,0,45120
BANKNIFTY-III.NFO,05/12/2024,09:23:01,54096,54075.3,30,54096,150,0,45120
BANKNIFTY-III.NFO,05/12/2024,09:23:03,54096,54075.35,120,54096,120,30,45120
BANKNIFTY-III.NFO,05/12/2024,09:23:05,54096,54075.25,30,54095.95,60,30,45120
BANKNIFTY-III.NFO,05/12/2024,09:23:06,54096,54075.25,30,54095.95,60,0,45120
BANKNIFTY-III.NFO,05/12/2024,09:23:13,54096,54075.3,150,54096,120,0,45120
BANKNIFTY-III.NFO,05/12/2024,09:23:14,54096,54075.3,150,54096,90,30,45120
BANKNIFTY-III.NFO,05/12/2024,09:23:17,54096,54075.3,150,54096,90,0,45120
BANKNIFTY-III.NFO,05/12/2024,09:23:18,54096,54075.3,150,54096,60,30,45120
BANKNIFTY-III.NFO,05/12/2024,09:23:20,54096,54075.3,120,54096,60,0,45120
BANKNIFTY-III.NFO,05/12/2024,09:23:22,54096,54075.3,150,54096,30,30,45120
BANKNIFTY-III.NFO,05/12/2024,09:23:23,54096,54075.25,30,54095.95,60,0,45120
BANKNIFTY-III.NFO,05/12/2024,09:23:28,54096,54075.3,120,54096,30,0,45120
BANKNIFTY-III.NFO,05/12/2024,09:23:30,54096,54075.3,120,54096,90,0,45120
BANKNIFTY-III.NFO,05/12/2024,09:23:33,54096,54075.3,150,54096,90,0,45120
BANKNIFTY-III.NFO,05/12/2024,09:23:35,54096,54075.3,150,54096,90,30,45120
BANKNIFTY-III.NFO,05/12/2024,09:23:36,54096,54075.3,150,54096,90,0,45120
BANKNIFTY-III.NFO,05/12/2024,09:23:41,54100,54075.3,210,54105.9,30,180,45120
BANKNIFTY-III.NFO,05/12/2024,09:23:42,54100,54075.5,180,54147.1,60,0,45120
BANKNIFTY-III.NFO,05/12/2024,09:23:44,54100,54105.9,30,54146.9,60,0,45120
BANKNIFTY-III.NFO,05/12/2024,09:23:46,54100,54105.9,30,54146.7,60,0,45120
BANKNIFTY-III.NFO,05/12/2024,09:23:47,54100,54105.9,30,54146.6,60,0,45120
BANKNIFTY-III.NFO,05/12/2024,09:23:49,54105.9,54100,60,54146.5,60,30,45120
BANKNIFTY-III.NFO,05/12/2024,09:23:50,54105.9,54100,60,54146.4,60,0,45120
BANKNIFTY-III.NFO,05/12/2024,09:23:52,54105.9,54105.9,30,54146.2,60,0,45120
BANKNIFTY-III.NFO,05/12/2024,09:23:54,54105.9,54105.9,30,54146,60,0,45120
BANKNIFTY-III.NFO,05/12/2024,09:23:55,54105.9,54105.9,30,54145.7,60,0,45120
BANKNIFTY-III.NFO,05/12/2024,09:23:57,54105.9,54110,30,54145.4,60,0,45120
BANKNIFTY-III.NFO,05/12/2024,09:23:59,54105.9,54110,30,54145.1,60,0,45120
BANKNIFTY-III.NFO,05/12/2024,09:24:00,54105.9,54110,30,54144.9,60,0,45120
BANKNIFTY-III.NFO,05/12/2024,09:24:02,54105.9,54110,30,54139.3,60,0,45120
BANKNIFTY-III.NFO,05/12/2024,09:24:03,54105.9,54110,30,54139,60,0,45120
BANKNIFTY-III.NFO,05/12/2024,09:24:05,54105.9,54110,30,54134.9,60,0,45120
BANKNIFTY-III.NFO,05/12/2024,09:24:07,54105.9,54110,30,54133.85,60,0,45120
BANKNIFTY-III.NFO,05/12/2024,09:24:08,54105.9,54110,30,54132.7,60,0,45120
BANKNIFTY-III.NFO,05/12/2024,09:24:10,54105.9,54110,30,54130.55,60,0,45120
BANKNIFTY-III.NFO,05/12/2024,09:24:11,54105.9,54110,30,54130.35,60,0,45120
BANKNIFTY-III.NFO,05/12/2024,09:24:13,54105.9,54110,30,54130.05,60,0,45120
BANKNIFTY-III.NFO,05/12/2024,09:24:15,54105,54100,60,54129.75,60,90,45120
BANKNIFTY-III.NFO,05/12/2024,09:24:16,54105,54100,60,54129.15,60,0,45120
BANKNIFTY-III.NFO,05/12/2024,09:24:18,54100,54100,30,54125.6,60,30,45120
BANKNIFTY-III.NFO,05/12/2024,09:24:20,54100,54100,30,54125.3,60,0,45120
BANKNIFTY-III.NFO,05/12/2024,09:24:21,54100,54100,60,54125,90,0,45120
BANKNIFTY-III.NFO,05/12/2024,09:24:23,54100,54100,60,54124.7,90,0,45120
BANKNIFTY-III.NFO,05/12/2024,09:24:24,54100,54100,30,54124.5,60,0,45120
BANKNIFTY-III.NFO,05/12/2024,09:24:26,54100,54100.05,120,54124.25,60,0,45120
BANKNIFTY-III.NFO,05/12/2024,09:24:28,54100,54100.05,120,54124.2,150,0,45120
BANKNIFTY-III.NFO,05/12/2024,09:24:29,54100,54100.05,120,54124.15,30,0,45120
BANKNIFTY-III.NFO,05/12/2024,09:24:31,54100,54100.05,120,54124.05,30,0,45120
BANKNIFTY-III.NFO,05/12/2024,09:24:33,54100,54100.05,120,54124,120,0,45120
BANKNIFTY-III.NFO,05/12/2024,09:24:34,54100,54100.05,120,54124.2,30,0,45120
BANKNIFTY-III.NFO,05/12/2024,09:24:37,54100,54100.05,120,54128.1,120,0,45120
BANKNIFTY-III.NFO,05/12/2024,09:24:45,54100,54100.05,120,54128.05,60,0,45120
BANKNIFTY-III.NFO,05/12/2024,09:24:47,54127.85,54100.05,120,54127.9,90,30,45690
BANKNIFTY-III.NFO,05/12/2024,09:24:47,54127.85,54100.05,120,54127.9,90,0,45690
BANKNIFTY-III.NFO,05/12/2024,09:24:49,54127.85,54100.05,120,54127.8,90,0,45690
BANKNIFTY-III.NFO,05/12/2024,09:24:50,54127.85,54100.05,120,54127.7,90,0,45690
BANKNIFTY-III.NFO,05/12/2024,09:24:52,54127.85,54100.05,120,54127.6,150,0,45690
BANKNIFTY-III.NFO,05/12/2024,09:24:53,54127.85,54100.05,120,54127.5,150,0,45690
BANKNIFTY-III.NFO,05/12/2024,09:24:55,54127.85,54100.05,120,54127.4,150,0,45690
BANKNIFTY-III.NFO,05/12/2024,09:24:57,54127.85,54100,30,54127.3,150,0,45690
BANKNIFTY-III.NFO,05/12/2024,09:24:58,54127.85,54100,30,54127.2,150,0,45690
BANKNIFTY-III.NFO,05/12/2024,09:25:00,54127.85,54100,30,54127.1,150,0,45690
BANKNIFTY-III.NFO,05/12/2024,09:25:02,54127.85,54100,30,54127,150,0,45690
BANKNIFTY-III.NFO,05/12/2024,09:25:03,54127.85,54100,30,54126.9,90,0,45690
BANKNIFTY-III.NFO,05/12/2024,09:25:05,54127.85,54100,30,54126.8,90,0,45690
BANKNIFTY-III.NFO,05/12/2024,09:25:06,54127.85,54100.05,120,54126.7,90,0,45690
BANKNIFTY-III.NFO,05/12/2024,09:25:08,54127.85,54100.05,120,54126.6,90,0,45690
BANKNIFTY-III.NFO,05/12/2024,09:25:10,54127.85,54100.05,120,54126.5,90,0,45690
BANKNIFTY-III.NFO,05/12/2024,09:25:11,54127.85,54100.05,120,54126.45,120,0,45690
BANKNIFTY-III.NFO,05/12/2024,09:25:13,54127.85,54100.05,120,54126.45,180,0,45690
BANKNIFTY-III.NFO,05/12/2024,09:25:14,54127.85,54100,30,54126.4,90,0,45690
BANKNIFTY-III.NFO,05/12/2024,09:25:16,54127.85,54100,30,54126.3,90,0,45690
BANKNIFTY-III.NFO,05/12/2024,09:25:18,54127.85,54100.05,120,54126.2,90,0,45690
BANKNIFTY-III.NFO,05/12/2024,09:25:20,54127.85,54100.05,120,54126.15,180,0,45690
BANKNIFTY-III.NFO,05/12/2024,09:25:21,54127.85,54100.05,120,54126.15,120,0,45690
BANKNIFTY-III.NFO,05/12/2024,09:25:23,54127.85,54100.05,120,54126.1,60,0,45690
BANKNIFTY-III.NFO,05/12/2024,09:25:24,54127.85,54100,30,54126.05,120,0,45690
BANKNIFTY-III.NFO,05/12/2024,09:25:26,54127.85,54100,30,54126,120,0,45690
BANKNIFTY-III.NFO,05/12/2024,09:25:28,54127.85,54100.05,120,54125.9,30,0,45690
BANKNIFTY-III.NFO,05/12/2024,09:25:29,54127.85,54100.05,120,54125.85,120,0,45690
BANKNIFTY-III.NFO,05/12/2024,09:25:33,54127.85,54100,30,54125.85,180,0,45690
BANKNIFTY-III.NFO,05/12/2024,09:25:34,54127.85,54100.05,120,54125.85,180,0,45690
BANKNIFTY-III.NFO,05/12/2024,09:25:36,54127.85,54100,30,54125.85,180,0,45690
BANKNIFTY-III.NFO,05/12/2024,09:25:39,54127.85,54100,30,54125.8,90,0,45690
BANKNIFTY-III.NFO,05/12/2024,09:25:41,54127.85,54100,30,54125.7,90,0,45690
BANKNIFTY-III.NFO,05/12/2024,09:25:42,54127.85,54100,30,54125.6,90,0,45690
BANKNIFTY-III.NFO,05/12/2024,09:25:44,54127.85,54100,30,54125.5,90,0,45690
BANKNIFTY-III.NFO,05/12/2024,09:25:45,54127.85,54100,30,54125.4,90,0,45690
BANKNIFTY-III.NFO,05/12/2024,09:25:47,54127.85,54100,30,54125.3,90,0,45690
BANKNIFTY-III.NFO,05/12/2024,09:25:49,54127.85,54100,30,54125.2,150,0,45690
BANKNIFTY-III.NFO,05/12/2024,09:25:50,54127.85,54100,30,54125.1,150,0,45690
BANKNIFTY-III.NFO,05/12/2024,09:25:52,54127.85,54100,30,54125,120,0,45690
BANKNIFTY-III.NFO,05/12/2024,09:25:53,54127.85,54100,30,54124.9,150,0,45690
BANKNIFTY-III.NFO,05/12/2024,09:25:55,54127.85,54100,30,54124.8,150,0,45690
BANKNIFTY-III.NFO,05/12/2024,09:25:57,54127.85,54100,30,54124.25,150,0,45690
BANKNIFTY-III.NFO,05/12/2024,09:25:58,54127.85,54100,30,54123.7,240,0,45690
BANKNIFTY-III.NFO,05/12/2024,09:26:00,54127.85,54100,30,54123.6,150,0,45690
BANKNIFTY-III.NFO,05/12/2024,09:26:02,54100,54090.1,30,54123.5,150,30,45690
BANKNIFTY-III.NFO,05/12/2024,09:26:03,54100,54090.1,30,54123.35,90,0,45690
BANKNIFTY-III.NFO,05/12/2024,09:26:05,54100,54081.75,30,54099.95,30,0,45690
BANKNIFTY-III.NFO,05/12/2024,09:26:06,54100,54078.8,120,54099.85,60,0,45690
BANKNIFTY-III.NFO,05/12/2024,09:26:08,54100,54075.35,120,54099.75,30,0,45690
BANKNIFTY-III.NFO,05/12/2024,09:26:09,54100,54075.05,120,54099.65,30,0,45690
BANKNIFTY-III.NFO,05/12/2024,09:26:11,54075,54071.45,120,54099.5,150,150,45690
BANKNIFTY-III.NFO,05/12/2024,09:26:13,54075,54070.85,120,54099.3,120,0,45690
BANKNIFTY-III.NFO,05/12/2024,09:26:14,54075,54075.45,120,54100.85,120,0,45690
BANKNIFTY-III.NFO,05/12/2024,09:26:17,54075,54099.75,60,54100.8,120,0,45690
BANKNIFTY-III.NFO,05/12/2024,09:26:18,54075,54099.75,60,54110.5,30,0,45690
BANKNIFTY-III.NFO,05/12/2024,09:26:20,54075,54099.75,60,54110.45,120,0,45690
BANKNIFTY-III.NFO,05/12/2024,09:26:22,54075,54099.75,60,54110.3,30,0,45690
BANKNIFTY-III.NFO,05/12/2024,09:26:23,54099.75,54099.75,30,54110.05,120,30,45690
BANKNIFTY-III.NFO,05/12/2024,09:26:25,54099.75,54099.75,30,54109.75,120,0,45690
BANKNIFTY-III.NFO,05/12/2024,09:26:27,54099.75,54099.75,30,54109.55,120,0,45690
BANKNIFTY-III.NFO,05/12/2024,09:26:28,54109.4,54099.75,30,54109.45,30,150,45690
BANKNIFTY-III.NFO,05/12/2024,09:26:30,54099.75,54078.75,120,54109.35,90,30,45690
BANKNIFTY-III.NFO,05/12/2024,09:26:32,54099.75,54082.45,120,54109.25,30,0,45690
BANKNIFTY-III.NFO,05/12/2024,09:26:33,54099.75,54079.65,120,54109.15,30,0,45690
BANKNIFTY-III.NFO,05/12/2024,09:26:35,54099.75,54079.65,120,54109.05,30,0,45690
BANKNIFTY-III.NFO,05/12/2024,09:26:37,54099.75,54080.65,120,54108.95,30,0,45690
BANKNIFTY-III.NFO,05/12/2024,09:26:38,54099.75,54080.65,120,54108.85,30,0,45690
BANKNIFTY-III.NFO,05/12/2024,09:26:40,54099.75,54078.85,120,54108.75,30,0,45690
BANKNIFTY-III.NFO,05/12/2024,09:26:42,54099.75,54079.2,120,54108.65,90,0,45690
BANKNIFTY-III.NFO,05/12/2024,09:26:43,54099.75,54079.2,120,54108.55,30,0,45690
BANKNIFTY-III.NFO,05/12/2024,09:26:45,54099.75,54080.55,120,54108.45,30,0,45690
BANKNIFTY-III.NFO,05/12/2024,09:26:47,54099.75,54080.55,120,54108.35,30,0,45690
BANKNIFTY-III.NFO,05/12/2024,09:26:48,54099.75,54078.1,120,54108.25,30,0,45690
BANKNIFTY-III.NFO,05/12/2024,09:26:50,54099.75,54078.1,120,54108.15,30,0,45690
BANKNIFTY-III.NFO,05/12/2024,09:26:52,54099.75,54078.1,120,54108.05,30,0,45690
BANKNIFTY-III.NFO,05/12/2024,09:26:53,54099.75,54075.95,120,54107.95,30,0,45690
BANKNIFTY-III.NFO,05/12/2024,09:26:55,54099.75,54076.7,120,54107.85,30,0,45690
BANKNIFTY-III.NFO,05/12/2024,09:26:57,54099.75,54076.7,120,54107.75,30,0,45690
BANKNIFTY-III.NFO,05/12/2024,09:26:58,54099.75,54099.75,30,54107.65,60,270,45690
BANKNIFTY-III.NFO,05/12/2024,09:27:00,54099.75,54078.6,120,54107.55,30,30,45690
BANKNIFTY-III.NFO,05/12/2024,09:27:02,54099.75,54074.5,120,54107.4,120,0,45690
BANKNIFTY-III.NFO,05/12/2024,09:27:03,54099.75,54071.9,120,54107.3,150,0,45690
BANKNIFTY-III.NFO,05/12/2024,09:27:05,54099.75,54070.35,30,54107.15,90,0,45690
BANKNIFTY-III.NFO,05/12/2024,09:27:07,54099.75,54070,60,54098,150,0,45690
BANKNIFTY-III.NFO,05/12/2024,09:27:08,54099.75,54070,60,54095.4,150,0,45690
BANKNIFTY-III.NFO,05/12/2024,09:27:10,54099.75,54070,60,54091.8,30,0,45690
BANKNIFTY-III.NFO,05/12/2024,09:27:12,54099.75,54070,60,54088.65,240,0,45690
BANKNIFTY-III.NFO,05/12/2024,09:27:13,54070,54070,30,54085.9,90,30,45690
BANKNIFTY-III.NFO,05/12/2024,09:27:15,54070,54070,30,54085.75,60,0,45690
BANKNIFTY-III.NFO,05/12/2024,09:27:16,54070,54070,30,54085.65,120,0,45690
BANKNIFTY-III.NFO,05/12/2024,09:27:17,54070,54057,120,54085.55,120,30,45690
BANKNIFTY-III.NFO,05/12/2024,09:27:19,54070,54056.55,120,54085.45,120,0,45690
BANKNIFTY-III.NFO,05/12/2024,09:27:21,54070,54056.55,120,54085.35,120,0,45690
BANKNIFTY-III.NFO,05/12/2024,09:27:22,54070,54055.65,120,54085.25,120,0,45690
BANKNIFTY-III.NFO,05/12/2024,09:27:24,54070,54058.45,120,54085.15,90,0,45690
BANKNIFTY-III.NFO,05/12/2024,09:27:26,54070,54059.35,120,54085.05,90,0,45690
BANKNIFTY-III.NFO,05/12/2024,09:27:27,54070,54068.95,120,54089.45,60,0,45690
BANKNIFTY-III.NFO,05/12/2024,09:27:29,54070,54068.95,120,54089.4,60,0,45690
BANKNIFTY-III.NFO,05/12/2024,09:27:31,54070,54068.75,120,54094.35,30,0,45690
BANKNIFTY-III.NFO,05/12/2024,09:27:32,54070,54068.75,120,54094.25,30,0,45690
BANKNIFTY-III.NFO,05/12/2024,09:27:34,54070,54066.4,180,54094.15,30,0,45690
BANKNIFTY-III.NFO,05/12/2024,09:27:36,54070,54066.4,180,54094.05,30,0,45690
BANKNIFTY-III.NFO,05/12/2024,09:27:37,54070,54066.05,120,54093.9,90,0,45690
BANKNIFTY-III.NFO,05/12/2024,09:27:39,54070,54066.05,120,54093.8,120,0,45690
BANKNIFTY-III.NFO,05/12/2024,09:27:41,54070,54066.05,120,54093.7,30,0,45690
BANKNIFTY-III.NFO,05/12/2024,09:27:42,54070,54066.05,120,54093.6,120,0,45690
BANKNIFTY-III.NFO,05/12/2024,09:27:44,54070,54067.25,120,54093.5,30,0,45690
BANKNIFTY-III.NFO,05/12/2024,09:27:46,54070,54066.05,120,54093.4,30,0,45690
BANKNIFTY-III.NFO,05/12/2024,09:27:47,54070,54066.05,120,54093.3,30,0,45690
BANKNIFTY-III.NFO,05/12/2024,09:27:49,54070,54066.75,180,54093.25,120,0,45690
BANKNIFTY-III.NFO,05/12/2024,09:27:51,54070,54067.4,120,54093.25,120,0,45690
BANKNIFTY-III.NFO,05/12/2024,09:27:52,54070,54072.45,210,54093.25,120,0,45690
BANKNIFTY-III.NFO,05/12/2024,09:27:54,54070,54074.95,120,54093.25,120,0,45690
BANKNIFTY-III.NFO,05/12/2024,09:27:56,54074.95,54074.95,120,54093.25,150,30,46080
BANKNIFTY-III.NFO,05/12/2024,09:27:57,54074.95,54067.75,120,54093.2,60,0,46080
BANKNIFTY-III.NFO,05/12/2024,09:27:59,54074.95,54066.45,120,54093.1,30,0,46080
BANKNIFTY-III.NFO,05/12/2024,09:28:01,54074.95,54066.45,120,54093,30,0,46080
BANKNIFTY-III.NFO,05/12/2024,09:28:02,54074.95,54062.75,120,54092.7,30,0,46080
BANKNIFTY-III.NFO,05/12/2024,09:28:04,54074.95,54061.25,120,54092.4,90,0,46080
BANKNIFTY-III.NFO,05/12/2024,09:28:06,54074.95,54061.25,120,54092.3,30,0,46080
BANKNIFTY-III.NFO,05/12/2024,09:28:07,54074.95,54063.35,120,54092.2,30,0,46080
BANKNIFTY-III.NFO,05/12/2024,09:28:09,54074.95,54064.85,120,54092.15,120,0,46080
BANKNIFTY-III.NFO,05/12/2024,09:28:11,54074.95,54062.25,120,54092.1,30,0,46080
BANKNIFTY-III.NFO,05/12/2024,09:28:12,54074.95,54062.95,120,54092,30,0,46080
BANKNIFTY-III.NFO,05/12/2024,09:28:14,54074.95,54064.75,180,54091.95,120,0,46080
BANKNIFTY-III.NFO,05/12/2024,09:28:16,54074.95,54071,120,54091.95,120,0,46080
BANKNIFTY-III.NFO,05/12/2024,09:28:17,54074.95,54072.3,120,54091.95,120,0,46080
BANKNIFTY-III.NFO,05/12/2024,09:28:19,54074.95,54077.2,120,54098.95,60,0,46080
BANKNIFTY-III.NFO,05/12/2024,09:28:21,54074.95,54077.2,120,54098.85,30,0,46080
BANKNIFTY-III.NFO,05/12/2024,09:28:22,54074.95,54073.9,120,54098.9,30,0,46080
BANKNIFTY-III.NFO,05/12/2024,09:28:24,54074.95,54076.25,120,54099,210,0,46080
BANKNIFTY-III.NFO,05/12/2024,09:28:26,54074.95,54081.05,150,54099,180,0,46080
BANKNIFTY-III.NFO,05/12/2024,09:28:27,54074.95,54074.95,120,54099,210,0,46080
BANKNIFTY-III.NFO,05/12/2024,09:28:29,54074.95,54078.95,120,54099,210,0,46080
BANKNIFTY-III.NFO,05/12/2024,09:28:31,54074.95,54082.15,150,54099,180,0,46080
BANKNIFTY-III.NFO,05/12/2024,09:28:34,54074.95,54083.1,120,54099,180,0,46080
BANKNIFTY-III.NFO,05/12/2024,09:28:41,54074.95,54083.5,180,54105.25,120,0,46080
BANKNIFTY-III.NFO,05/12/2024,09:28:42,54074.95,54083.5,180,54105.25,150,0,46080
BANKNIFTY-III.NFO,05/12/2024,09:28:44,54074.95,54083.4,120,54105.2,60,0,46080
BANKNIFTY-III.NFO,05/12/2024,09:28:46,54083.4,54083.4,120,54105.1,90,30,46080
BANKNIFTY-III.NFO,05/12/2024,09:28:47,54076.1,54076.6,120,54105,90,30,46080
BANKNIFTY-III.NFO,05/12/2024,09:28:49,54076.1,54077.95,120,54104.9,90,0,46080
BANKNIFTY-III.NFO,05/12/2024,09:28:51,54082.05,54081.95,120,54104.75,120,30,46080
BANKNIFTY-III.NFO,05/12/2024,09:28:52,54081.95,54077.9,120,54104.65,120,30,46080
BANKNIFTY-III.NFO,05/12/2024,09:28:54,54081.95,54079.5,120,54104.55,120,0,46080
BANKNIFTY-III.NFO,05/12/2024,09:28:56,54081.95,54081.3,150,54104.45,120,0,46080
BANKNIFTY-III.NFO,05/12/2024,09:28:57,54081.95,54082.6,120,54104.35,150,0,46080
BANKNIFTY-III.NFO,05/12/2024,09:28:59,54081.95,54084.9,150,54104.3,150,0,46080
BANKNIFTY-III.NFO,05/12/2024,09:29:01,54089.5,54089.5,120,54110.05,120,30,46080
BANKNIFTY-III.NFO,05/12/2024,09:29:04,54089.5,54092.95,90,54110.1,60,0,46080
BANKNIFTY-III.NFO,05/12/2024,09:29:06,54089.5,54096.8,90,54116.45,150,0,46080
BANKNIFTY-III.NFO,05/12/2024,09:29:07,54089.5,54094.05,180,54116.35,150,0,46080
BANKNIFTY-III.NFO,05/12/2024,09:29:09,54089.5,54089.85,90,54116.25,120,0,46080
BANKNIFTY-III.NFO,05/12/2024,09:29:11,54089.5,54090.05,90,54116.15,120,0,46080
BANKNIFTY-III.NFO,05/12/2024,09:29:12,54089.5,54089.85,90,54116.05,120,0,46080
BANKNIFTY-III.NFO,05/12/2024,09:29:14,54089.5,54089.85,90,54115.95,120,0,46080
BANKNIFTY-III.NFO,05/12/2024,09:29:16,54089.5,54090.75,90,54115.85,120,0,46080
BANKNIFTY-III.NFO,05/12/2024,09:29:17,54089.5,54090.75,120,54115.75,150,0,46080
BANKNIFTY-III.NFO,05/12/2024,09:29:19,54089.5,54090.75,120,54115.65,120,0,46080
BANKNIFTY-III.NFO,05/12/2024,09:29:20,54089.5,54089.55,90,54115.55,120,0,46080
BANKNIFTY-III.NFO,05/12/2024,09:29:22,54089.5,54089.55,90,54115.45,120,0,46080
BANKNIFTY-III.NFO,05/12/2024,09:29:24,54089.5,54089.55,90,54115.35,180,0,46080
BANKNIFTY-III.NFO,05/12/2024,09:29:25,54089.5,54089.55,90,54115.25,120,0,46080
BANKNIFTY-III.NFO,05/12/2024,09:29:27,54089.55,54089.55,60,54115.15,120,30,46080
BANKNIFTY-III.NFO,05/12/2024,09:29:29,54089.55,54089.55,60,54115.05,120,0,46080
BANKNIFTY-III.NFO,05/12/2024,09:29:30,54089.55,54089.5,30,54114.95,180,0,46080
BANKNIFTY-III.NFO,05/12/2024,09:29:32,54089.55,54089.5,30,54114.85,180,0,46080
BANKNIFTY-III.NFO,05/12/2024,09:29:34,54089.55,54089.5,30,54114.75,180,0,46080
BANKNIFTY-III.NFO,05/12/2024,09:29:35,54089.55,54089.55,60,54114.65,180,0,46080
BANKNIFTY-III.NFO,05/12/2024,09:29:37,54089.55,54089.55,90,54114.55,150,0,46080
BANKNIFTY-III.NFO,05/12/2024,09:29:38,54089.55,54089.55,90,54114.45,120,0,46080
BANKNIFTY-III.NFO,05/12/2024,09:29:40,54089.55,54089.55,90,54114.4,120,0,46080
BANKNIFTY-III.NFO,05/12/2024,09:29:42,54089.55,54089.55,30,54114.3,120,0,46080
BANKNIFTY-III.NFO,05/12/2024,09:29:43,54089.55,54089.55,90,54114.2,120,0,46080
BANKNIFTY-III.NFO,05/12/2024,09:29:45,54089.55,54089.5,60,54114.1,180,0,46080
BANKNIFTY-III.NFO,05/12/2024,09:29:47,54089.55,54089.5,60,54114,180,0,46080
BANKNIFTY-III.NFO,05/12/2024,09:29:48,54089.55,54089.55,60,54113.9,180,0,46080
BANKNIFTY-III.NFO,05/12/2024,09:29:50,54089.55,54089.55,30,54113.8,120,0,46080
BANKNIFTY-III.NFO,05/12/2024,09:29:52,54089.55,54089.55,60,54113.7,180,0,46080
BANKNIFTY-III.NFO,05/12/2024,09:29:53,54089.55,54089.55,30,54113.6,120,0,46080
BANKNIFTY-III.NFO,05/12/2024,09:29:55,54089.55,54089.5,60,54113.5,120,0,46080
BANKNIFTY-III.NFO,05/12/2024,09:29:56,54089.55,54089.5,30,54113.4,180,0,46080
BANKNIFTY-III.NFO,05/12/2024,09:29:58,54089.55,54090,30,54113.3,180,0,46080
BANKNIFTY-III.NFO,05/12/2024,09:30:00,54089.55,54090,30,54113.2,180,0,46080
BANKNIFTY-III.NFO,05/12/2024,09:30:01,54089.55,54090,30,54113.1,180,0,46080
BANKNIFTY-III.NFO,05/12/2024,09:30:03,54089.55,54090,30,54113,180,0,46080
BANKNIFTY-III.NFO,05/12/2024,09:30:05,54089.55,54090.05,90,54112.9,120,0,46080
BANKNIFTY-III.NFO,05/12/2024,09:30:06,54089.55,54090.05,90,54112.8,120,0,46080
BANKNIFTY-III.NFO,05/12/2024,09:30:08,54089.55,54090.05,90,54112.7,120,0,46080
BANKNIFTY-III.NFO,05/12/2024,09:30:10,54089.55,54090,30,54112.6,120,0,46080
BANKNIFTY-III.NFO,05/12/2024,09:30:11,54089.55,54090,30,54112.5,180,0,46080
BANKNIFTY-III.NFO,05/12/2024,09:30:13,54089.55,54090,60,54112.4,180,0,46080
BANKNIFTY-III.NFO,05/12/2024,09:30:15,54112.3,54090.05,150,54112.3,120,60,46080
BANKNIFTY-III.NFO,05/12/2024,09:30:16,54112.3,54090,30,54112.2,120,0,46080
BANKNIFTY-III.NFO,05/12/2024,09:30:17,54112.3,54100,30,54112.1,120,0,46080
BANKNIFTY-III.NFO,05/12/2024,09:30:19,54112.3,54100,30,54112,120,0,46080
BANKNIFTY-III.NFO,05/12/2024,09:30:21,54112.3,54100,30,54111.9,180,0,46080
BANKNIFTY-III.NFO,05/12/2024,09:30:22,54112.3,54100,30,54111.8,120,0,46080
BANKNIFTY-III.NFO,05/12/2024,09:30:24,54112.3,54100,30,54111.7,120,0,46080
BANKNIFTY-III.NFO,05/12/2024,09:30:25,54100,54079,120,54111.6,180,30,46080
BANKNIFTY-III.NFO,05/12/2024,09:30:27,54100,54079,120,54111.3,180,0,46080
BANKNIFTY-III.NFO,05/12/2024,09:30:28,54100,54079,120,54111,180,0,46080
BANKNIFTY-III.NFO,05/12/2024,09:30:30,54100,54079,120,54110.8,180,0,46080
BANKNIFTY-III.NFO,05/12/2024,09:30:31,54100,54079,120,54110.5,180,0,46080
BANKNIFTY-III.NFO,05/12/2024,09:30:33,54100,54079,120,54110.2,180,0,46080
BANKNIFTY-III.NFO,05/12/2024,09:30:34,54100,54079,120,54110,180,0,46080
BANKNIFTY-III.NFO,05/12/2024,09:30:36,54100,54079,120,54109.7,180,0,46080
BANKNIFTY-III.NFO,05/12/2024,09:30:37,54100,54080.7,120,54109.6,180,0,46080
BANKNIFTY-III.NFO,05/12/2024,09:30:39,54100,54100,30,54109.5,150,0,46080
BANKNIFTY-III.NFO,05/12/2024,09:30:40,54100,54100,30,54109.4,120,0,46080
BANKNIFTY-III.NFO,05/12/2024,09:30:42,54100,54100,30,54109.3,120,0,46080
BANKNIFTY-III.NFO,05/12/2024,09:30:44,54100,54100,30,54109.2,150,0,46080
BANKNIFTY-III.NFO,05/12/2024,09:30:45,54100,54100,30,54109.1,150,0,46080
BANKNIFTY-III.NFO,05/12/2024,09:30:47,54100,54100,30,54109,120,0,46080
BANKNIFTY-III.NFO,05/12/2024,09:30:48,54100,54100,60,54108.95,120,0,46080
BANKNIFTY-III.NFO,05/12/2024,09:30:50,54100,54094.65,120,54108.95,120,30,46080
BANKNIFTY-III.NFO,05/12/2024,09:30:52,54100,54088.95,120,54108.9,150,0,46080
BANKNIFTY-III.NFO,05/12/2024,09:30:53,54100,54086.25,120,54108.8,30,0,46080
BANKNIFTY-III.NFO,05/12/2024,09:30:55,54100,54086.25,120,54108.7,120,0,46080
BANKNIFTY-III.NFO,05/12/2024,09:30:56,54100,54084.75,120,54108.6,120,0,46080
BANKNIFTY-III.NFO,05/12/2024,09:30:58,54100,54085.05,180,54108.5,30,0,46080
BANKNIFTY-III.NFO,05/12/2024,09:31:00,54100,54085.05,180,54108.45,120,0,46080
BANKNIFTY-III.NFO,05/12/2024,09:31:01,54100,54085.05,180,54108.4,120,0,46080
BANKNIFTY-III.NFO,05/12/2024,09:31:03,54100,54085.05,180,54108.3,120,0,46080
BANKNIFTY-III.NFO,05/12/2024,09:31:04,54100,54085.05,120,54108.2,150,0,46080
BANKNIFTY-III.NFO,05/12/2024,09:31:06,54100,54090.05,120,54108.15,120,0,46080
BANKNIFTY-III.NFO,05/12/2024,09:31:09,54100,54090.95,150,54108.15,120,0,46080
BANKNIFTY-III.NFO,05/12/2024,09:31:10,54100,54091.95,120,54108.15,120,0,46080
BANKNIFTY-III.NFO,05/12/2024,09:31:12,54100,54094.35,120,54111.95,120,0,46080
BANKNIFTY-III.NFO,05/12/2024,09:31:14,54100,54087.15,150,54111.9,120,0,46080
BANKNIFTY-III.NFO,05/12/2024,09:31:15,54100,54087.15,120,54111.8,120,0,46080
BANKNIFTY-III.NFO,05/12/2024,09:31:16,54100,54085.8,180,54111.7,120,0,46080
BANKNIFTY-III.NFO,05/12/2024,09:31:18,54100,54089.15,150,54111.6,30,0,46080
BANKNIFTY-III.NFO,05/12/2024,09:31:20,54100,54089.55,150,54111.55,120,0,46080
BANKNIFTY-III.NFO,05/12/2024,09:31:21,54100,54084.45,120,54111.5,120,0,46080
BANKNIFTY-III.NFO,05/12/2024,09:31:23,54100,54085.95,120,54111.4,120,0,46080
BANKNIFTY-III.NFO,05/12/2024,09:31:25,54100,54084.45,120,54111.3,120,0,46080
BANKNIFTY-III.NFO,05/12/2024,09:31:26,54100,54084.45,120,54111.2,120,0,46080
BANKNIFTY-III.NFO,05/12/2024,09:31:28,54100,54082.15,120,54111.1,180,0,46080
BANKNIFTY-III.NFO,05/12/2024,09:31:30,54100,54083.25,120,54111,120,0,46080
BANKNIFTY-III.NFO,05/12/2024,09:31:31,54100,54082.05,120,54110.9,180,0,46080
BANKNIFTY-III.NFO,05/12/2024,09:31:33,54100,54082.05,120,54110.8,180,0,46080
BANKNIFTY-III.NFO,05/12/2024,09:31:35,54100,54082.45,180,54110.7,180,0,46080
BANKNIFTY-III.NFO,05/12/2024,09:31:36,54100,54082.45,180,54110.6,120,0,46080
BANKNIFTY-III.NFO,05/12/2024,09:31:38,54100,54082.45,180,54110.5,120,0,46080
BANKNIFTY-III.NFO,05/12/2024,09:31:40,54100,54082.75,180,54110.4,120,0,46080
BANKNIFTY-III.NFO,05/12/2024,09:31:41,54100,54082.05,120,54110.3,180,0,46080
BANKNIFTY-III.NFO,05/12/2024,09:31:43,54100,54082.9,120,54110.2,120,0,46080
BANKNIFTY-III.NFO,05/12/2024,09:31:45,54100,54083.2,120,54110.1,120,0,46080
BANKNIFTY-III.NFO,05/12/2024,09:31:46,54100,54082.15,120,54110,120,0,46080
BANKNIFTY-III.NFO,05/12/2024,09:31:48,54100,54082.65,180,54109.9,120,0,46080
BANKNIFTY-III.NFO,05/12/2024,09:31:50,54100,54082.65,180,54109.8,120,0,46080
BANKNIFTY-III.NFO,05/12/2024,09:31:51,54100,54082.65,180,54109.7,120,0,46080
BANKNIFTY-III.NFO,05/12/2024,09:31:53,54100,54083.85,120,54109.6,120,0,46080
BANKNIFTY-III.NFO,05/12/2024,09:31:54,54100,54084.45,120,54109.5,120,0,46080
BANKNIFTY-III.NFO,05/12/2024,09:31:56,54100,54084.95,120,54109.4,120,0,46080
BANKNIFTY-III.NFO,05/12/2024,09:31:58,54100,54084.95,120,54109.3,120,0,46080
BANKNIFTY-III.NFO,05/12/2024,09:31:59,54100,54084.8,120,54109.2,120,0,46080
BANKNIFTY-III.NFO,05/12/2024,09:32:01,54100,54084.8,120,54109.1,120,0,46080
BANKNIFTY-III.NFO,05/12/2024,09:32:03,54100,54082.7,120,54109,120,0,46080
BANKNIFTY-III.NFO,05/12/2024,09:32:04,54100,54082.7,120,54108.9,120,0,46080
BANKNIFTY-III.NFO,05/12/2024,09:32:06,54100,54081.15,120,54108.8,120,0,46080
BANKNIFTY-III.NFO,05/12/2024,09:32:08,54100,54081.15,120,54108.7,120,0,46080
BANKNIFTY-III.NFO,05/12/2024,09:32:09,54100,54081.15,120,54108.6,120,0,46080
BANKNIFTY-III.NFO,05/12/2024,09:32:11,54100,54081.15,120,54108.5,120,0,46080
BANKNIFTY-III.NFO,05/12/2024,09:32:13,54100,54081.15,120,54108.4,120,0,46080
BANKNIFTY-III.NFO,05/12/2024,09:32:14,54100,54081.15,120,54108.3,120,0,46080
BANKNIFTY-III.NFO,05/12/2024,09:32:17,54100,54081.15,120,54108.2,120,0,46080
BANKNIFTY-III.NFO,05/12/2024,09:32:18,54100,54078.4,120,54099.95,150,0,46080
BANKNIFTY-III.NFO,05/12/2024,09:32:20,54100,54075.85,150,54099.85,120,0,46080
BANKNIFTY-III.NFO,05/12/2024,09:32:22,54100,54075.85,150,54099.75,120,0,46080
BANKNIFTY-III.NFO,05/12/2024,09:32:23,54100,54075.85,150,54099.65,150,0,46080
BANKNIFTY-III.NFO,05/12/2024,09:32:25,54100,54075.85,150,54099.55,120,0,46080
BANKNIFTY-III.NFO,05/12/2024,09:32:26,54100,54075.85,150,54099.45,120,0,46080
BANKNIFTY-III.NFO,05/12/2024,09:32:28,54100,54075.85,150,54099.35,150,0,46080
BANKNIFTY-III.NFO,05/12/2024,09:32:29,54100,54075.85,150,54099.25,120,0,46080
BANKNIFTY-III.NFO,05/12/2024,09:32:31,54100,54074.4,120,54099.15,120,0,46080
BANKNIFTY-III.NFO,05/12/2024,09:32:33,54100,54074.4,120,54099.05,150,0,46080
BANKNIFTY-III.NFO,05/12/2024,09:32:34,54100,54079.05,150,54100,180,0,46080
BANKNIFTY-III.NFO,05/12/2024,09:32:36,54100,54082.9,150,54100,150,0,46080
BANKNIFTY-III.NFO,05/12/2024,09:32:44,54100,54077.3,120,54099.95,150,0,46080
BANKNIFTY-III.NFO,05/12/2024,09:32:45,54100,54077.3,120,54099.95,30,0,46080
BANKNIFTY-III.NFO,05/12/2024,09:32:47,54100,54078.35,120,54100,180,0,46080
BANKNIFTY-III.NFO,05/12/2024,09:32:48,54100,54082.85,120,54100,150,0,46080
BANKNIFTY-III.NFO,05/12/2024,09:32:50,54100,54084.95,150,54100,150,0,46080
BANKNIFTY-III.NFO,05/12/2024,09:32:57,54100,54084.95,150,54099.95,120,0,46080
BANKNIFTY-III.NFO,05/12/2024,09:32:58,54100,54084.95,30,54099.95,120,0,46080
BANKNIFTY-III.NFO,05/12/2024,09:33:03,54100,54085,120,54099.95,120,0,46080
BANKNIFTY-III.NFO,05/12/2024,09:33:05,54100,54084.95,30,54099.95,120,0,46080
BANKNIFTY-III.NFO,05/12/2024,09:33:06,54100,54085.05,120,54099.95,120,0,46080
BANKNIFTY-III.NFO,05/12/2024,09:33:08,54100,54083.35,120,54099.95,120,0,46080
BANKNIFTY-III.NFO,05/12/2024,09:33:10,54100,54083.35,120,54100,150,0,46080
BANKNIFTY-III.NFO,05/12/2024,09:33:13,54100,54086.45,120,54106.45,150,0,46080
BANKNIFTY-III.NFO,05/12/2024,09:33:14,54100,54089.25,150,54110.05,150,0,46080
BANKNIFTY-III.NFO,05/12/2024,09:33:16,54100,54087.25,150,54109.95,120,0,46080
BANKNIFTY-III.NFO,05/12/2024,09:33:17,54100,54087.25,150,54109.85,120,0,46080
BANKNIFTY-III.NFO,05/12/2024,09:33:19,54100,54087.25,150,54109.75,150,0,46080
BANKNIFTY-III.NFO,05/12/2024,09:33:21,54100,54087.25,150,54109.65,120,0,46080
BANKNIFTY-III.NFO,05/12/2024,09:33:22,54100,54087.25,150,54109.55,120,0,46080
BANKNIFTY-III.NFO,05/12/2024,09:33:24,54100,54089.5,120,54109.55,120,0,46080
BANKNIFTY-III.NFO,05/12/2024,09:33:27,54100,54089.4,120,54110.9,150,0,46080
BANKNIFTY-III.NFO,05/12/2024,09:33:29,54100,54086,120,54110.8,150,0,46080
BANKNIFTY-III.NFO,05/12/2024,09:33:31,54100,54084.85,120,54110.7,120,0,46080
BANKNIFTY-III.NFO,05/12/2024,09:33:32,54100,54082,180,54110.6,180,0,46080
BANKNIFTY-III.NFO,05/12/2024,09:33:34,54100,54082.8,120,54110.5,180,0,46080
BANKNIFTY-III.NFO,05/12/2024,09:33:36,54075.45,54072.1,30,54098.1,120,900,46080
BANKNIFTY-III.NFO,05/12/2024,09:33:37,54075.45,54072.1,30,54093.7,120,0,46080
BANKNIFTY-III.NFO,05/12/2024,09:33:39,54075.45,54072.1,30,54086.65,90,0,46080
BANKNIFTY-III.NFO,05/12/2024,09:33:41,54075.45,54072.1,30,54084.05,90,0,46080
BANKNIFTY-III.NFO,05/12/2024,09:33:42,54075.45,54072.1,30,54081.25,90,0,46080
BANKNIFTY-III.NFO,05/12/2024,09:33:44,54075.45,54072.1,30,54079.05,60,0,46080
BANKNIFTY-III.NFO,05/12/2024,09:33:46,54072.1,54005.05,210,54077.6,120,30,46080
BANKNIFTY-III.NFO,05/12/2024,09:33:47,54072.1,54005.05,210,54081.8,120,0,46080
BANKNIFTY-III.NFO,05/12/2024,09:33:49,54072.1,54005.05,210,54080.6,120,0,46080
BANKNIFTY-III.NFO,05/12/2024,09:33:51,54072.1,54005.05,210,54072.7,120,0,46080
BANKNIFTY-III.NFO,05/12/2024,09:33:52,54072.1,54005.05,210,54069.15,60,0,46080
BANKNIFTY-III.NFO,05/12/2024,09:33:54,54072.1,54005.05,210,54066.25,60,0,46080
BANKNIFTY-III.NFO,05/12/2024,09:33:56,54072.1,54005.05,210,54065.6,120,0,46080
BANKNIFTY-III.NFO,05/12/2024,09:33:57,54072.1,54005.05,210,54062.4,120,0,46080
BANKNIFTY-III.NFO,05/12/2024,09:33:59,54072.1,54005.05,210,54071.1,120,0,46080
BANKNIFTY-III.NFO,05/12/2024,09:34:01,54072.1,54005.05,210,54070,120,0,46080
BANKNIFTY-III.NFO,05/12/2024,09:34:02,54072.1,54005.05,210,54065,120,0,46080
BANKNIFTY-III.NFO,05/12/2024,09:34:04,54072.1,54005.05,210,54065.6,120,0,46080
BANKNIFTY-III.NFO,05/12/2024,09:34:05,54072.1,54005.05,210,54071.3,120,0,46080
BANKNIFTY-III.NFO,05/12/2024,09:34:07,54072.1,54005.05,210,54062.8,120,0,46080
BANKNIFTY-III.NFO,05/12/2024,09:34:09,54072.1,54005.05,210,54063.3,120,0,46080
BANKNIFTY-III.NFO,05/12/2024,09:34:10,54072.1,54005.05,210,54067.9,120,0,46080
BANKNIFTY-III.NFO,05/12/2024,09:34:12,54072.1,54005.05,210,54065.9,120,0,46080
BANKNIFTY-III.NFO,05/12/2024,09:34:14,54072.1,54005.05,210,54066.3,120,0,46080
BANKNIFTY-III.NFO,05/12/2024,09:34:15,54062.7,54005.2,120,54062.7,120,120,45990
BANKNIFTY-III.NFO,05/12/2024,09:34:16,54062.7,54005.4,120,54068.2,120,0,45990
BANKNIFTY-III.NFO,05/12/2024,09:34:18,54062.7,54005.7,120,54065.7,120,0,45990
BANKNIFTY-III.NFO,05/12/2024,09:34:20,54062.7,54005.9,120,54066.1,120,0,45990
BANKNIFTY-III.NFO,05/12/2024,09:34:21,54062.7,54006.2,120,54071.3,120,0,45990
BANKNIFTY-III.NFO,05/12/2024,09:34:23,54062.7,54006.5,120,54062.75,120,0,45990
BANKNIFTY-III.NFO,05/12/2024,09:34:25,54062.7,54006.8,120,54062.75,120,0,45990
BANKNIFTY-III.NFO,05/12/2024,09:34:26,54062.7,54007,120,54062.75,120,0,45990
BANKNIFTY-III.NFO,05/12/2024,09:34:28,54062.7,54007.3,120,54071.1,120,0,45990
BANKNIFTY-III.NFO,05/12/2024,09:34:29,54062.7,54007.6,120,54066.1,120,0,45990
BANKNIFTY-III.NFO,05/12/2024,09:34:31,54062.7,54007.9,120,54061.5,120,0,45990
BANKNIFTY-III.NFO,05/12/2024,09:34:33,54062.7,54008.2,120,54061.5,120,0,45990
BANKNIFTY-III.NFO,05/12/2024,09:34:34,54062.7,54008.4,120,54066.4,120,0,45990
BANKNIFTY-III.NFO,05/12/2024,09:34:36,54062.7,54008.7,120,54071.2,120,0,45990
BANKNIFTY-III.NFO,05/12/2024,09:34:38,54062.7,54009,120,54068.5,120,0,45990
BANKNIFTY-III.NFO,05/12/2024,09:34:39,54062.7,54009.3,120,54064,180,0,45990
BANKNIFTY-III.NFO,05/12/2024,09:34:41,54062.7,54009.6,120,54066.5,120,0,45990
BANKNIFTY-III.NFO,05/12/2024,09:34:43,54062.7,54009.8,120,54064.2,120,0,45990
BANKNIFTY-III.NFO,05/12/2024,09:34:44,54062.7,54010.1,120,54064.2,120,0,45990
BANKNIFTY-III.NFO,05/12/2024,09:34:46,54062.7,54010.4,120,54064.2,120,0,45990
BANKNIFTY-III.NFO,05/12/2024,09:34:48,54062.7,54010.7,120,54064.2,120,0,45990
BANKNIFTY-III.NFO,05/12/2024,09:34:49,54062.7,54010.9,120,54064.2,120,0,45990
BANKNIFTY-III.NFO,05/12/2024,09:34:51,54062.7,54011.2,120,54064.2,120,0,45990
BANKNIFTY-III.NFO,05/12/2024,09:34:53,54062.7,54011.5,120,54064.2,120,0,45990
BANKNIFTY-III.NFO,05/12/2024,09:34:54,54062.7,54011.8,120,54064.2,120,0,45990
BANKNIFTY-III.NFO,05/12/2024,09:34:56,54062.7,54012.1,120,54064.2,120,0,45990
BANKNIFTY-III.NFO,05/12/2024,09:34:58,54062.7,54012.2,120,54066.3,120,0,45990
BANKNIFTY-III.NFO,05/12/2024,09:34:59,54062.7,54012.3,120,54064.5,120,0,45990
BANKNIFTY-III.NFO,05/12/2024,09:35:01,54062.7,54012.4,120,54070,120,0,45990
BANKNIFTY-III.NFO,05/12/2024,09:35:03,54062.7,54006.25,120,54069.7,120,0,45990
BANKNIFTY-III.NFO,05/12/2024,09:35:04,54062.7,54006.45,120,54064.6,120,0,45990
BANKNIFTY-III.NFO,05/12/2024,09:35:06,54062.7,54006.75,120,54062.8,120,0,45990
BANKNIFTY-III.NFO,05/12/2024,09:35:08,54062.7,54006.15,120,54069.45,120,0,45990
BANKNIFTY-III.NFO,05/12/2024,09:35:09,54062.7,54006.05,120,54064.35,120,0,45990
BANKNIFTY-III.NFO,05/12/2024,09:35:11,54062.7,54006.25,120,54061.15,120,0,45990
BANKNIFTY-III.NFO,05/12/2024,09:35:13,54062.7,54006.15,120,54061.4,180,0,45990
BANKNIFTY-III.NFO,05/12/2024,09:35:14,54062.7,54006.05,120,54064.9,120,0,45990
BANKNIFTY-III.NFO,05/12/2024,09:35:16,54062.7,54006.05,120,54063.5,120,0,45990
BANKNIFTY-III.NFO,05/12/2024,09:35:18,54062.7,54006.05,120,54058.8,120,0,45990
BANKNIFTY-III.NFO,05/12/2024,09:35:19,54062.7,54006.05,120,54066.5,120,0,45990
BANKNIFTY-III.NFO,05/12/2024,09:35:21,54062.7,54006.35,120,54067.9,120,0,45990
BANKNIFTY-III.NFO,05/12/2024,09:35:23,54062.7,54006.55,120,54067.9,120,0,45990
BANKNIFTY-III.NFO,05/12/2024,09:35:24,54062.7,54006.85,120,54067.9,120,0,45990
BANKNIFTY-III.NFO,05/12/2024,09:35:26,54062.7,54050,30,54063.4,150,0,45990
BANKNIFTY-III.NFO,05/12/2024,09:35:28,54050,54013.75,120,54062,120,30,45990
BANKNIFTY-III.NFO,05/12/2024,09:35:29,54050,54014.05,120,54060.55,120,0,45990
BANKNIFTY-III.NFO,05/12/2024,09:35:31,54050,54014.25,120,54060.55,120,0,45990
BANKNIFTY-III.NFO,05/12/2024,09:35:33,54050,54006.25,120,54058.25,120,0,45990
BANKNIFTY-III.NFO,05/12/2024,09:35:34,54050,54006.55,120,54057.05,120,0,45990
BANKNIFTY-III.NFO,05/12/2024,09:35:36,54050,54006.75,120,54057.05,120,0,45990
BANKNIFTY-III.NFO,05/12/2024,09:35:38,54050,54007.05,120,54057.05,120,0,45990
BANKNIFTY-III.NFO,05/12/2024,09:35:39,54050,54007.25,120,54059.95,120,0,45990
BANKNIFTY-III.NFO,05/12/2024,09:35:41,54050,54007.55,120,54059.55,120,0,45990
BANKNIFTY-III.NFO,05/12/2024,09:35:43,54050,54007.85,120,54062.85,180,0,45990
BANKNIFTY-III.NFO,05/12/2024,09:35:44,54050,54008.15,120,54062.4,180,0,45990
BANKNIFTY-III.NFO,05/12/2024,09:35:46,54050,54008.35,120,54063.35,120,0,45990
BANKNIFTY-III.NFO,05/12/2024,09:35:48,54050,54008.65,120,54061.6,120,0,45990
BANKNIFTY-III.NFO,05/12/2024,09:35:49,54050,54008.95,120,54061.6,120,0,45990
BANKNIFTY-III.NFO,05/12/2024,09:35:51,54050,54009.25,120,54061.6,120,0,45990
BANKNIFTY-III.NFO,05/12/2024,09:35:53,54050,54009.55,120,54060.5,120,0,45990
BANKNIFTY-III.NFO,05/12/2024,09:35:54,54050,54009.85,120,54060.5,120,0,45990
BANKNIFTY-III.NFO,05/12/2024,09:35:56,54060.5,54010.05,120,54062.05,90,30,45990
BANKNIFTY-III.NFO,05/12/2024,09:35:58,54060.5,54010.35,120,54063.35,90,0,45990
BANKNIFTY-III.NFO,05/12/2024,09:35:59,54063.35,54010.65,120,54063.35,30,60,45990
BANKNIFTY-III.NFO,05/12/2024,09:36:01,54063.35,54010.95,120,54063.4,30,30,45990
BANKNIFTY-III.NFO,05/12/2024,09:36:03,54063.35,54011.25,120,54063.4,30,0,45990
BANKNIFTY-III.NFO,05/12/2024,09:36:04,54063.35,54011.45,120,54063.4,30,0,45990
BANKNIFTY-III.NFO,05/12/2024,09:36:06,54063.35,54011.75,120,54063.4,30,0,45990
BANKNIFTY-III.NFO,05/12/2024,09:36:08,54063.35,54012.05,120,54063.4,30,0,45990
BANKNIFTY-III.NFO,05/12/2024,09:36:09,54063.35,54012.35,120,54063.4,30,0,45990
BANKNIFTY-III.NFO,05/12/2024,09:36:11,54063.35,54012.55,120,54063.4,30,0,45990
BANKNIFTY-III.NFO,05/12/2024,09:36:13,54064.3,54012.85,120,54064.6,30,120,45990
BANKNIFTY-III.NFO,05/12/2024,09:36:14,54064.3,54013.15,120,54064.6,30,0,45990
BANKNIFTY-III.NFO,05/12/2024,09:36:17,54065.2,54013.55,120,54065.5,30,90,45990
BANKNIFTY-III.NFO,05/12/2024,09:36:19,54066.4,54013.85,120,54066.7,30,120,45990
BANKNIFTY-III.NFO,05/12/2024,09:36:20,54067.9,54014.05,120,54084,60,150,45990
BANKNIFTY-III.NFO,05/12/2024,09:36:22,54067.9,54040.05,120,54084,60,0,45990
BANKNIFTY-III.NFO,05/12/2024,09:36:24,54067.9,54040.35,120,54084.05,30,0,45990
BANKNIFTY-III.NFO,05/12/2024,09:36:25,54067.9,54040.65,120,54084.05,30,0,45990
BANKNIFTY-III.NFO,05/12/2024,09:36:27,54067.9,54040.95,120,54084.05,30,0,45990
BANKNIFTY-III.NFO,05/12/2024,09:36:29,54067.9,54041.25,120,54084.05,30,0,45990
BANKNIFTY-III.NFO,05/12/2024,09:36:30,54067.9,54041.45,120,54084.05,30,0,45990
BANKNIFTY-III.NFO,05/12/2024,09:36:32,54067.9,54041.75,120,54084.05,30,0,45990
BANKNIFTY-III.NFO,05/12/2024,09:36:34,54067.9,54042.05,120,54084.05,30,0,45990
BANKNIFTY-III.NFO,05/12/2024,09:36:35,54067.9,54042.35,120,54084.05,30,0,45990
BANKNIFTY-III.NFO,05/12/2024,09:36:37,54067.9,54042.65,120,54084.05,30,0,45990
BANKNIFTY-III.NFO,05/12/2024,09:36:39,54067.9,54042.85,120,54084.05,30,0,45990
BANKNIFTY-III.NFO,05/12/2024,09:36:40,54067.9,54043.15,120,54084.05,30,0,45990
BANKNIFTY-III.NFO,05/12/2024,09:36:42,54067.9,54043.45,120,54084.05,30,0,45990
BANKNIFTY-III.NFO,05/12/2024,09:36:43,54067.9,54043.75,120,54084.05,30,0,45990
BANKNIFTY-III.NFO,05/12/2024,09:36:45,54067.9,54043.95,120,54084.05,30,0,45990
BANKNIFTY-III.NFO,05/12/2024,09:36:47,54067.9,54044.25,120,54084.05,30,0,45990
BANKNIFTY-III.NFO,05/12/2024,09:36:48,54067.9,54044.55,120,54084.05,30,0,45990
BANKNIFTY-III.NFO,05/12/2024,09:36:50,54067.9,54044.85,120,54084.05,30,0,45990
BANKNIFTY-III.NFO,05/12/2024,09:36:52,54067.9,54045.05,120,54084.05,30,0,45990
BANKNIFTY-III.NFO,05/12/2024,09:36:53,54067.9,54045.35,120,54084.05,30,0,45990
BANKNIFTY-III.NFO,05/12/2024,09:36:55,54067.9,54045.65,120,54084.05,30,0,45990
BANKNIFTY-III.NFO,05/12/2024,09:36:57,54067.9,54045.95,120,54084.05,30,0,45990
BANKNIFTY-III.NFO,05/12/2024,09:36:58,54067.9,54046.25,120,54084.05,30,0,45990
BANKNIFTY-III.NFO,05/12/2024,09:37:00,54067.9,54046.45,120,54084.05,30,0,45990
BANKNIFTY-III.NFO,05/12/2024,09:37:01,54067.9,54046.75,120,54088.15,60,0,45990
BANKNIFTY-III.NFO,05/12/2024,09:37:03,54067.9,54047.05,120,54088.15,60,0,45990
BANKNIFTY-III.NFO,05/12/2024,09:37:05,54067.9,54067.9,30,54088.2,30,0,45990
BANKNIFTY-III.NFO,05/12/2024,09:37:06,54067.9,54067.95,150,54094.4,30,0,45990
BANKNIFTY-III.NFO,05/12/2024,09:37:08,54067.9,54067.95,30,54094.4,30,0,45990
BANKNIFTY-III.NFO,05/12/2024,09:37:20,54094.4,54066.45,120,54094.7,30,30,46080
BANKNIFTY-III.NFO,05/12/2024,09:37:25,54094.4,54066.45,120,54094.7,30,0,46080
BANKNIFTY-III.NFO,05/12/2024,09:37:42,54094.4,54066.65,120,54100.5,30,0,46080
BANKNIFTY-III.NFO,05/12/2024,09:37:44,54094.4,54066.85,120,54100.5,30,0,46080
BANKNIFTY-III.NFO,05/12/2024,09:37:45,54094.4,54066.55,120,54100.5,30,0,46080
BANKNIFTY-III.NFO,05/12/2024,09:37:47,54094.4,54066.85,120,54100.5,30,0,46080
BANKNIFTY-III.NFO,05/12/2024,09:37:48,54094.4,54067.15,120,54100.5,30,0,46080
BANKNIFTY-III.NFO,05/12/2024,09:37:50,54094.4,54066.45,120,54100.5,30,0,46080
BANKNIFTY-III.NFO,05/12/2024,09:37:56,54094.4,54066.55,120,54100.5,30,0,46080
BANKNIFTY-III.NFO,05/12/2024,09:37:58,54094.4,54066.85,120,54100.5,30,0,46080
BANKNIFTY-III.NFO,05/12/2024,09:38:00,54094.4,54067.15,120,54100.5,30,0,46080
BANKNIFTY-III.NFO,05/12/2024,09:38:01,54094.4,54067.35,120,54100.5,30,0,46080
BANKNIFTY-III.NFO,05/12/2024,09:38:03,54094.4,54067.45,120,54100.5,30,0,46080
BANKNIFTY-III.NFO,05/12/2024,09:38:04,54094.4,54067.55,120,54100.5,30,0,46080
BANKNIFTY-III.NFO,05/12/2024,09:38:06,54094.4,54067.65,120,54100.5,30,0,46080
BANKNIFTY-III.NFO,05/12/2024,09:38:07,54094.4,54066.45,120,54100.5,30,0,46080
BANKNIFTY-III.NFO,05/12/2024,09:38:16,54094.4,54066.45,120,54100.45,60,0,46080
BANKNIFTY-III.NFO,05/12/2024,09:38:22,54094.4,54063.7,30,54100.35,60,0,46080
BANKNIFTY-III.NFO,05/12/2024,09:38:24,54094.4,54055.95,120,54100.25,60,0,46080
BANKNIFTY-III.NFO,05/12/2024,09:38:25,54094.4,54054.15,120,54100.15,60,0,46080
BANKNIFTY-III.NFO,05/12/2024,09:38:27,54094.4,54054.15,120,54100.05,60,0,46080
BANKNIFTY-III.NFO,05/12/2024,09:38:29,54094.4,54040.05,120,54099.95,60,0,46080
BANKNIFTY-III.NFO,05/12/2024,09:38:30,54094.4,54040.05,120,54099.65,60,0,46080
BANKNIFTY-III.NFO,05/12/2024,09:38:32,54040,54006.5,180,54099.35,60,30,46080
BANKNIFTY-III.NFO,05/12/2024,09:38:34,54006.05,54006.65,120,54095.45,30,30,46080
BANKNIFTY-III.NFO,05/12/2024,09:38:35,54006.05,54011.55,120,54090.45,30,0,46080
BANKNIFTY-III.NFO,05/12/2024,09:38:37,54006.05,54013.95,120,54082.55,30,0,46080
BANKNIFTY-III.NFO,05/12/2024,09:38:39,54006.05,54007.55,120,54073.35,30,0,46080
BANKNIFTY-III.NFO,05/12/2024,09:38:40,54073.25,54007.55,120,54073.1,60,30,46080
BANKNIFTY-III.NFO,05/12/2024,09:38:42,54073.25,54008.45,180,54072.8,60,0,46080
BANKNIFTY-III.NFO,05/12/2024,09:38:44,54073.25,54006.15,180,54072.6,60,0,46080
BANKNIFTY-III.NFO,05/12/2024,09:38:45,54073.25,54006.05,120,54072.3,60,0,46080
BANKNIFTY-III.NFO,05/12/2024,09:38:47,54073.25,54010.55,120,54072,60,0,46080
BANKNIFTY-III.NFO,05/12/2024,09:38:48,54073.25,54015.35,120,54071.8,60,0,46080
BANKNIFTY-III.NFO,05/12/2024,09:38:50,54073.25,54010.95,120,54071.5,60,0,46080
BANKNIFTY-III.NFO,05/12/2024,09:38:52,54073.25,54015.65,180,54071.25,60,0,46080
BANKNIFTY-III.NFO,05/12/2024,09:38:53,54073.25,54009.05,120,54071.1,90,0,46080
BANKNIFTY-III.NFO,05/12/2024,09:38:55,54073.25,54013.25,180,54070.9,60,0,46080
BANKNIFTY-III.NFO,05/12/2024,09:38:56,54073.25,54007.65,120,54070.6,60,0,46080
BANKNIFTY-III.NFO,05/12/2024,09:38:58,54073.25,54006.15,120,54070.5,60,0,46080
BANKNIFTY-III.NFO,05/12/2024,09:39:00,54073.25,54016.05,120,54070.4,60,0,46080
BANKNIFTY-III.NFO,05/12/2024,09:39:01,54073.25,54010.55,120,54070.25,60,0,46080
BANKNIFTY-III.NFO,05/12/2024,09:39:03,54073.25,54008.55,180,54070,60,0,46080
BANKNIFTY-III.NFO,05/12/2024,09:39:05,54073.25,54010.25,120,54069.7,60,0,46080
BANKNIFTY-III.NFO,05/12/2024,09:39:06,54073.25,54013.15,120,54069.4,60,0,46080
BANKNIFTY-III.NFO,05/12/2024,09:39:08,54069.2,54016.15,120,54069.25,150,30,46080
BANKNIFTY-III.NFO,05/12/2024,09:39:09,54069.2,54013.15,120,54069.15,150,0,46080
BANKNIFTY-III.NFO,05/12/2024,09:39:11,54069.2,54014.35,120,54069.05,150,0,46080
BANKNIFTY-III.NFO,05/12/2024,09:39:12,54069.2,54016.45,120,54068.95,150,0,46080
BANKNIFTY-III.NFO,05/12/2024,09:39:14,54069.2,54016.45,120,54068.85,150,0,46080
BANKNIFTY-III.NFO,05/12/2024,09:39:16,54069.2,54017.15,120,54068.75,150,0,46080
BANKNIFTY-III.NFO,05/12/2024,09:39:17,54069.2,54023.85,120,54068.7,120,0,46080
BANKNIFTY-III.NFO,05/12/2024,09:39:18,54069.2,54012.25,120,54068.65,150,0,46080
BANKNIFTY-III.NFO,05/12/2024,09:39:20,54069.2,54019.95,120,54068.6,180,0,46080
BANKNIFTY-III.NFO,05/12/2024,09:39:22,54069.2,54011.05,120,54068.55,150,0,46080
BANKNIFTY-III.NFO,05/12/2024,09:39:23,54069.2,54015.95,120,54068.45,60,0,46080
BANKNIFTY-III.NFO,05/12/2024,09:39:25,54069.2,54011.15,120,54068.4,120,0,46080
BANKNIFTY-III.NFO,05/12/2024,09:39:27,54069.2,54016.15,120,54068.35,150,0,46080
BANKNIFTY-III.NFO,05/12/2024,09:39:28,54069.2,54011.35,120,54068.25,90,0,46080
BANKNIFTY-III.NFO,05/12/2024,09:39:30,54069.2,54019,120,54068.2,120,0,46080
BANKNIFTY-III.NFO,05/12/2024,09:39:32,54069.2,54011.05,120,54068.2,120,0,46080
BANKNIFTY-III.NFO,05/12/2024,09:39:33,54069.2,54016.05,120,54068.2,180,0,46080
BANKNIFTY-III.NFO,05/12/2024,09:39:38,54069.2,54009.65,120,54068.2,180,0,46080
BANKNIFTY-III.NFO,05/12/2024,09:39:40,54069.2,54006.05,120,54068.2,180,0,46080
BANKNIFTY-III.NFO,05/12/2024,09:39:41,54069.2,54011.15,120,54068.2,180,0,46080
BANKNIFTY-III.NFO,05/12/2024,09:39:43,54069.2,54015.85,120,54068.2,180,0,46080
BANKNIFTY-III.NFO,05/12/2024,09:39:45,54069.2,54017.05,120,54068.2,180,0,46080
BANKNIFTY-III.NFO,05/12/2024,09:39:47,54069.2,54012.25,120,54068.2,180,0,46080
BANKNIFTY-III.NFO,05/12/2024,09:39:48,54050,54014.75,120,54068.15,180,30,46140
BANKNIFTY-III.NFO,05/12/2024,09:39:50,54050,54014.75,120,54068.1,180,0,46140
BANKNIFTY-III.NFO,05/12/2024,09:39:52,54050,54010.55,120,54068.05,150,0,46140
BANKNIFTY-III.NFO,05/12/2024,09:39:53,54050,54010.55,120,54067.95,150,0,46140
BANKNIFTY-III.NFO,05/12/2024,09:39:55,54050,54009.2,120,54067.85,150,0,46140
BANKNIFTY-III.NFO,05/12/2024,09:39:57,54050,54009.4,120,54050,30,0,46140
BANKNIFTY-III.NFO,05/12/2024,09:39:58,54050,54006.05,120,54049.95,120,0,46140
BANKNIFTY-III.NFO,05/12/2024,09:40:00,54050,54009.9,120,54049.95,120,0,46140
BANKNIFTY-III.NFO,05/12/2024,09:40:02,54050,54012.15,120,54049.95,120,0,46140
BANKNIFTY-III.NFO,05/12/2024,09:40:03,54049.95,54013.55,120,54049.9,30,30,46140
BANKNIFTY-III.NFO,05/12/2024,09:40:05,54049.95,54011.55,120,54049.85,60,0,46140
BANKNIFTY-III.NFO,05/12/2024,09:40:07,54049.95,54011.55,120,54049.8,30,0,46140
BANKNIFTY-III.NFO,05/12/2024,09:40:08,54049.95,54011.65,180,54049.75,60,0,46140
BANKNIFTY-III.NFO,05/12/2024,09:40:10,54049.95,54012.35,120,54049.7,30,0,46140
BANKNIFTY-III.NFO,05/12/2024,09:40:12,54049.95,54012.65,120,54049.65,60,0,46140
BANKNIFTY-III.NFO,05/12/2024,09:40:13,54049.95,54012.65,120,54049.6,30,0,46140
BANKNIFTY-III.NFO,05/12/2024,09:40:15,54049.95,54012.65,120,54049.55,60,0,46140
BANKNIFTY-III.NFO,05/12/2024,09:40:16,54049.95,54012.65,120,54049.5,30,0,46140
BANKNIFTY-III.NFO,05/12/2024,09:40:18,54049.95,54007.45,120,54049.45,60,0,46140
BANKNIFTY-III.NFO,05/12/2024,09:40:20,54049.95,54008.25,120,54049.4,30,0,46140
BANKNIFTY-III.NFO,05/12/2024,09:40:21,54049.95,54009.05,120,54049.35,60,0,46140
BANKNIFTY-III.NFO,05/12/2024,09:40:23,54049.95,54008.9,120,54049.3,30,0,46140
BANKNIFTY-III.NFO,05/12/2024,09:40:25,54009.1,54011.5,120,54049.2,30,30,46140
BANKNIFTY-III.NFO,05/12/2024,09:40:26,54009.1,54011.5,120,54049.1,30,0,46140
BANKNIFTY-III.NFO,05/12/2024,09:40:28,54009.1,54011.5,120,54049,30,0,46140
BANKNIFTY-III.NFO,05/12/2024,09:40:30,54009.1,54011.5,120,54048.9,30,0,46140
BANKNIFTY-III.NFO,05/12/2024,09:40:31,54009.1,54008,120,54048.8,30,0,46140
BANKNIFTY-III.NFO,05/12/2024,09:40:33,54009.1,54008,120,54048.7,30,0,46140
BANKNIFTY-III.NFO,05/12/2024,09:40:35,54009.1,54009.8,120,54048.6,30,0,46140
BANKNIFTY-III.NFO,05/12/2024,09:40:36,54009.1,54010.9,120,54048.5,30,0,46140
BANKNIFTY-III.NFO,05/12/2024,09:40:38,54009.1,54010.9,120,54048.4,30,0,46140
BANKNIFTY-III.NFO,05/12/2024,09:40:40,54009.1,54012,120,54048.3,30,0,46140
BANKNIFTY-III.NFO,05/12/2024,09:40:41,54009.1,54012,120,54048.2,30,0,46140
BANKNIFTY-III.NFO,05/12/2024,09:40:43,54009.1,54012,120,54048.1,30,0,46140
BANKNIFTY-III.NFO,05/12/2024,09:40:45,54009.1,54012,120,54048,30,0,46140
BANKNIFTY-III.NFO,05/12/2024,09:40:46,54009.1,54014.55,120,54047.9,30,0,46140
BANKNIFTY-III.NFO,05/12/2024,09:40:48,54009.1,54014.75,120,54047.8,30,0,46140
BANKNIFTY-III.NFO,05/12/2024,09:40:50,54009.1,54014.75,120,54047.7,30,0,46140
BANKNIFTY-III.NFO,05/12/2024,09:40:51,54009.1,54014.75,120,54047.6,30,0,46140
BANKNIFTY-III.NFO,05/12/2024,09:40:53,54009.1,54010.45,120,54047.5,30,0,46140
BANKNIFTY-III.NFO,05/12/2024,09:40:55,54009.1,54010.45,120,54047.4,30,0,46140
BANKNIFTY-III.NFO,05/12/2024,09:40:56,54009.1,54011.05,120,54047.3,30,0,46140
BANKNIFTY-III.NFO,05/12/2024,09:41:00,54009.1,54011.15,120,54047.1,30,0,46140
BANKNIFTY-III.NFO,05/12/2024,09:41:01,54009.1,54011.15,120,54047,30,0,46140
BANKNIFTY-III.NFO,05/12/2024,09:41:03,54009.1,54008.45,120,54046.9,30,0,46140
BANKNIFTY-III.NFO,05/12/2024,09:41:05,54009.1,54009.05,120,54046.8,30,0,46140
BANKNIFTY-III.NFO,05/12/2024,09:41:06,54009.1,54013.2,120,54046.75,90,0,46140
BANKNIFTY-III.NFO,05/12/2024,09:41:08,54009.1,54013.2,120,54046.7,30,0,46140
BANKNIFTY-III.NFO,05/12/2024,09:41:10,54009.1,54013.2,120,54046.6,30,0,46140
BANKNIFTY-III.NFO,05/12/2024,09:41:11,54009.1,54013.2,120,54046.5,30,0,46140
BANKNIFTY-III.NFO,05/12/2024,09:41:13,54009.1,54014.45,120,54046.45,90,0,46140
BANKNIFTY-III.NFO,05/12/2024,09:41:15,54009.1,54014.95,120,54046.45,90,0,46140
BANKNIFTY-III.NFO,05/12/2024,09:41:19,54009.1,54017.2,120,54046.45,90,0,46140
BANKNIFTY-III.NFO,05/12/2024,09:41:22,54009.1,54011.65,120,54046.45,90,0,46140
BANKNIFTY-III.NFO,05/12/2024,09:41:23,54009.1,54016.35,120,54067.65,30,0,46140
BANKNIFTY-III.NFO,05/12/2024,09:41:25,54009.1,54014.05,120,54067.55,90,0,46140
BANKNIFTY-III.NFO,05/12/2024,09:41:27,54009.1,54011.35,120,54067.45,30,0,46140
BANKNIFTY-III.NFO,05/12/2024,09:41:28,54009.1,54016.35,120,54067.35,30,0,46140
BANKNIFTY-III.NFO,05/12/2024,09:41:30,54009.1,54011.15,120,54067.25,30,0,46140
BANKNIFTY-III.NFO,05/12/2024,09:41:32,54009.1,54006.75,120,54067.15,30,0,46140
BANKNIFTY-III.NFO,05/12/2024,09:41:33,54009.1,54011.75,120,54067.05,30,0,46140
BANKNIFTY-III.NFO,05/12/2024,09:41:35,54009.1,54007.85,120,54066.95,30,0,46140
BANKNIFTY-III.NFO,05/12/2024,09:41:37,54009.1,54017.45,120,54066.85,30,0,46140
BANKNIFTY-III.NFO,05/12/2024,09:41:38,54009.1,54020.85,120,54066.75,30,0,46140
BANKNIFTY-III.NFO,05/12/2024,09:41:40,54009.1,54022.55,120,54066.65,30,0,46140
BANKNIFTY-III.NFO,05/12/2024,09:41:42,54009.1,54013.7,120,54068,30,0,46140
BANKNIFTY-III.NFO,05/12/2024,09:41:43,54009.1,54018.1,120,54067.9,30,0,46140
BANKNIFTY-III.NFO,05/12/2024,09:41:45,54009.1,54012.65,120,54067.8,30,0,46140
BANKNIFTY-III.NFO,05/12/2024,09:41:47,54009.1,54011.15,120,54067.7,90,0,46140
BANKNIFTY-III.NFO,05/12/2024,09:41:48,54009.1,54016.15,120,54067.6,30,0,46140
BANKNIFTY-III.NFO,05/12/2024,09:41:50,54009.1,54014.25,120,54067.3,30,0,46140
BANKNIFTY-III.NFO,05/12/2024,09:41:52,54009.1,54014.45,120,54067.1,90,0,46140
BANKNIFTY-III.NFO,05/12/2024,09:41:53,54009.1,54008.75,120,54066.9,90,0,46140
BANKNIFTY-III.NFO,05/12/2024,09:41:55,54009.1,54007.45,120,54066.8,30,0,46140
BANKNIFTY-III.NFO,05/12/2024,09:41:57,54009.1,54015.05,180,54066.65,90,0,46140
BANKNIFTY-III.NFO,05/12/2024,09:41:58,54009.1,54011.95,120,54066.55,90,0,46140
BANKNIFTY-III.NFO,05/12/2024,09:42:00,54009.1,54011.35,120,54066.45,30,0,46140
BANKNIFTY-III.NFO,05/12/2024,09:42:02,54009.1,54016.55,120,54066.35,30,0,46140
BANKNIFTY-III.NFO,05/12/2024,09:42:03,54009.1,54010.95,120,54066.25,30,0,46140
BANKNIFTY-III.NFO,05/12/2024,09:42:05,54009.1,54015.95,120,54066.15,30,0,46140
BANKNIFTY-III.NFO,05/12/2024,09:42:07,54009.1,54015.95,120,54066.05,90,0,46140
BANKNIFTY-III.NFO,05/12/2024,09:42:08,54009.1,54015.15,120,54065.95,30,0,46140
BANKNIFTY-III.NFO,05/12/2024,09:42:10,54009.1,54016.15,120,54065.85,30,0,46140
BANKNIFTY-III.NFO,05/12/2024,09:42:12,54009.1,54016.15,120,54065.75,30,0,46140
BANKNIFTY-III.NFO,05/12/2024,09:42:13,54009.1,54017.35,120,54065.65,30,0,46140
BANKNIFTY-III.NFO,05/12/2024,09:42:15,54009.1,54017.35,120,54065.55,30,0,46140
BANKNIFTY-III.NFO,05/12/2024,09:42:17,54009.1,54015.95,120,54065.45,90,0,46140
BANKNIFTY-III.NFO,05/12/2024,09:42:19,54009.1,54011.15,120,54065.35,30,0,46140
BANKNIFTY-III.NFO,05/12/2024,09:42:20,54009.1,54016.15,120,54065.25,30,0,46140
BANKNIFTY-III.NFO,05/12/2024,09:42:22,54009.1,54007.35,120,54065.15,30,0,46140
BANKNIFTY-III.NFO,05/12/2024,09:42:24,54009.1,54017.35,120,54065.05,30,0,46140
BANKNIFTY-III.NFO,05/12/2024,09:42:25,54009.1,54006.05,120,54064.95,30,0,46140
BANKNIFTY-III.NFO,05/12/2024,09:42:27,54009.1,54016.15,120,54064.85,30,0,46140
BANKNIFTY-III.NFO,05/12/2024,09:42:29,54009.1,54011.15,120,54064.75,30,0,46140
BANKNIFTY-III.NFO,05/12/2024,09:42:30,54009.1,54016.15,120,54064.65,30,0,46140
BANKNIFTY-III.NFO,05/12/2024,09:42:32,54009.1,54011.15,120,54064.55,30,0,46140
BANKNIFTY-III.NFO,05/12/2024,09:42:34,54009.1,54006.35,120,54064.45,30,0,46140
BANKNIFTY-III.NFO,05/12/2024,09:42:35,54009.1,54011.35,120,54064.35,30,0,46140
BANKNIFTY-III.NFO,05/12/2024,09:42:37,54009.1,54020.65,120,54064.25,30,0,46140
BANKNIFTY-III.NFO,05/12/2024,09:42:38,54009.1,54024.35,120,54064.15,30,0,46140
BANKNIFTY-III.NFO,05/12/2024,09:42:40,54009.1,54024.35,120,54064.05,30,0,46140
BANKNIFTY-III.NFO,05/12/2024,09:42:42,54009.1,54016.05,120,54063.95,30,0,46140
BANKNIFTY-III.NFO,05/12/2024,09:42:43,54009.1,54010.95,120,54063.65,30,0,46140
BANKNIFTY-III.NFO,05/12/2024,09:42:45,54009.1,54016.3,120,54063.55,30,0,46140
BANKNIFTY-III.NFO,05/12/2024,09:42:46,54009.1,54016.3,120,54063.45,30,0,46140
BANKNIFTY-III.NFO,05/12/2024,09:42:48,54009.1,54017.4,180,54063.35,30,0,46140
BANKNIFTY-III.NFO,05/12/2024,09:42:50,54009.1,54017.4,180,54063.25,30,0,46140
BANKNIFTY-III.NFO,05/12/2024,09:42:51,54009.1,54017.4,180,54063.15,30,0,46140
BANKNIFTY-III.NFO,05/12/2024,09:42:53,54009.1,54017.4,180,54063.05,30,0,46140
BANKNIFTY-III.NFO,05/12/2024,09:42:55,54009.1,54017.4,180,54062.95,30,0,46140
BANKNIFTY-III.NFO,05/12/2024,09:42:56,54009.1,54017.4,180,54062.85,30,0,46140
BANKNIFTY-III.NFO,05/12/2024,09:42:58,54009.1,54014.25,120,54062.75,30,0,46140
BANKNIFTY-III.NFO,05/12/2024,09:43:00,54009.1,54014.25,120,54062.65,30,0,46140
BANKNIFTY-III.NFO,05/12/2024,09:43:01,54009.1,54014.25,120,54061.95,30,0,46140
BANKNIFTY-III.NFO,05/12/2024,09:43:03,54009.1,54014.25,120,54061.85,30,0,46140
BANKNIFTY-III.NFO,05/12/2024,09:43:04,54009.1,54014.25,120,54061.75,30,0,46140
BANKNIFTY-III.NFO,05/12/2024,09:43:06,54009.1,54014.25,120,54061.65,30,0,46140
BANKNIFTY-III.NFO,05/12/2024,09:43:08,54009.1,54014.25,120,54061.55,30,0,46140
BANKNIFTY-III.NFO,05/12/2024,09:43:09,54009.1,54014.25,120,54061.45,30,0,46140
BANKNIFTY-III.NFO,05/12/2024,09:43:11,54009.1,54014.25,120,54061.35,30,0,46140
BANKNIFTY-III.NFO,05/12/2024,09:43:13,54009.1,54014.25,120,54061.25,30,0,46140
BANKNIFTY-III.NFO,05/12/2024,09:43:14,54009.1,54014.25,120,54061.15,30,0,46140
BANKNIFTY-III.NFO,05/12/2024,09:43:16,54009.1,54014.25,120,54061.05,30,0,46140
BANKNIFTY-III.NFO,05/12/2024,09:43:17,54009.1,54014.25,120,54060.95,30,0,46140
BANKNIFTY-III.NFO,05/12/2024,09:43:19,54009.1,54015.05,120,54060.85,30,0,46140
BANKNIFTY-III.NFO,05/12/2024,09:43:21,54009.1,54015.05,120,54060.75,30,0,46140
BANKNIFTY-III.NFO,05/12/2024,09:43:22,54009.1,54009.95,120,54060.65,30,0,46140
BANKNIFTY-III.NFO,05/12/2024,09:43:24,54009.1,54010.75,180,54060.55,30,0,46140
BANKNIFTY-III.NFO,05/12/2024,09:43:26,54009.1,54010.75,180,54060.25,30,0,46140
BANKNIFTY-III.NFO,05/12/2024,09:43:27,54009.1,54010.75,180,54059.95,30,0,46140
BANKNIFTY-III.NFO,05/12/2024,09:43:29,54009.1,54006.75,120,54059.65,90,0,46140
BANKNIFTY-III.NFO,05/12/2024,09:43:31,54009.1,54006.75,120,54059.35,90,0,46140
BANKNIFTY-III.NFO,05/12/2024,09:43:32,54009.1,54006.75,120,54059.15,90,0,46140
BANKNIFTY-III.NFO,05/12/2024,09:43:34,54009.1,54006.75,120,54058.85,30,0,46140
BANKNIFTY-III.NFO,05/12/2024,09:43:36,54009.1,54007.15,180,54058.55,30,0,46140
BANKNIFTY-III.NFO,05/12/2024,09:43:37,54009.1,54009.4,180,54058.45,30,0,46140
BANKNIFTY-III.NFO,05/12/2024,09:43:39,54009.1,54009.4,180,54058.35,30,0,46140
BANKNIFTY-III.NFO,05/12/2024,09:43:41,54009.1,54009.4,180,54058.05,30,0,46140
BANKNIFTY-III.NFO,05/12/2024,09:43:42,54009.1,54009.4,180,54057.75,30,0,46140
BANKNIFTY-III.NFO,05/12/2024,09:43:44,54009.1,54009.4,180,54057.45,30,0,46140
BANKNIFTY-III.NFO,05/12/2024,09:43:46,54009.1,54009.4,180,54057.15,30,0,46140
BANKNIFTY-III.NFO,05/12/2024,09:43:47,54009.1,54009.4,180,54056.95,30,0,46140
BANKNIFTY-III.NFO,05/12/2024,09:43:49,54009.1,54009.4,180,54056.65,30,0,46140
BANKNIFTY-III.NFO,05/12/2024,09:43:51,54009.1,54009.4,180,54056.35,30,0,46140
BANKNIFTY-III.NFO,05/12/2024,09:43:52,54009.1,54006.05,120,54056.05,30,0,46140
BANKNIFTY-III.NFO,05/12/2024,09:43:54,54009.1,54006.05,120,54055.85,30,0,46140
BANKNIFTY-III.NFO,05/12/2024,09:43:55,54009.1,54006.05,120,54055.55,30,0,46140
BANKNIFTY-III.NFO,05/12/2024,09:43:57,54009.1,54006.05,120,54055.25,30,0,46140
BANKNIFTY-III.NFO,05/12/2024,09:43:59,54009.1,54006.05,120,54054.95,30,0,46140
BANKNIFTY-III.NFO,05/12/2024,09:44:00,54009.1,54006.05,120,54054.75,30,0,46140
BANKNIFTY-III.NFO,05/12/2024,09:44:02,54009.1,54006.05,120,54054.45,90,0,46140
BANKNIFTY-III.NFO,05/12/2024,09:44:03,54009.1,54006.05,120,54054.15,30,0,46140
BANKNIFTY-III.NFO,05/12/2024,09:44:05,54009.1,54006.05,120,54053.85,30,0,46140
BANKNIFTY-III.NFO,05/12/2024,09:44:07,54009.1,54006.05,120,54053.55,30,0,46140
BANKNIFTY-III.NFO,05/12/2024,09:44:08,54009.1,54006.05,120,54053.35,30,0,46140
BANKNIFTY-III.NFO,05/12/2024,09:44:10,54009.1,54006.05,120,54053.05,30,0,46140
BANKNIFTY-III.NFO,05/12/2024,09:44:12,54009.1,54006.05,120,54052.75,90,0,46140
BANKNIFTY-III.NFO,05/12/2024,09:44:13,54009.1,54006.05,120,54052.45,30,0,46140
BANKNIFTY-III.NFO,05/12/2024,09:44:15,54009.1,54006.05,120,54052.15,30,0,46140
BANKNIFTY-III.NFO,05/12/2024,09:44:17,54009.1,54006.05,120,54051.85,30,0,46140
BANKNIFTY-III.NFO,05/12/2024,09:44:19,54009.1,54006.05,120,54051.65,30,0,46140
BANKNIFTY-III.NFO,05/12/2024,09:44:20,54009.1,54006.05,120,54051.35,30,0,46140
BANKNIFTY-III.NFO,05/12/2024,09:44:22,54009.1,54006.05,120,54051.05,30,0,46140
BANKNIFTY-III.NFO,05/12/2024,09:44:23,54009.1,54006.05,120,54050.85,30,0,46140
BANKNIFTY-III.NFO,05/12/2024,09:44:25,54009.1,54006.05,120,54050.55,30,0,46140
BANKNIFTY-III.NFO,05/12/2024,09:44:26,54009.1,54006.05,120,54050.35,30,0,46140
BANKNIFTY-III.NFO,05/12/2024,09:44:28,54009.1,54006.05,120,54050.05,30,0,46140
BANKNIFTY-III.NFO,05/12/2024,09:44:29,54009.1,54006.05,120,54049.75,30,0,46140
BANKNIFTY-III.NFO,05/12/2024,09:44:31,54009.1,54006.05,120,54049.55,30,0,46140
BANKNIFTY-III.NFO,05/12/2024,09:44:32,54009.1,54006.05,120,54049.25,30,0,46140
BANKNIFTY-III.NFO,05/12/2024,09:44:34,54009.1,54006.05,120,54049.05,30,0,46140
BANKNIFTY-III.NFO,05/12/2024,09:44:35,54009.1,54006.05,120,54048.75,30,0,46140
BANKNIFTY-III.NFO,05/12/2024,09:44:37,54009.1,54006.05,120,54048.45,30,0,46140
BANKNIFTY-III.NFO,05/12/2024,09:44:38,54009.1,54006.05,120,54048.25,30,0,46140
BANKNIFTY-III.NFO,05/12/2024,09:44:40,54009.1,54006.05,120,54047.95,30,0,46140
BANKNIFTY-III.NFO,05/12/2024,09:44:41,54009.1,54006.05,120,54009,30,0,46140
BANKNIFTY-III.NFO,05/12/2024,09:44:52,54009.1,54006.05,120,54008.95,60,0,46140
BANKNIFTY-III.NFO,05/12/2024,09:44:55,54006.05,54006.05,120,54009,30,60,46110
BANKNIFTY-III.NFO,05/12/2024,09:44:57,54006.05,54006.05,120,54009,30,0,46110
BANKNIFTY-III.NFO,05/12/2024,09:45:00,54006,54000.05,120,54009,60,150,46110
BANKNIFTY-III.NFO,05/12/2024,09:45:02,54006,54000,30,54008.9,30,0,46110
BANKNIFTY-III.NFO,05/12/2024,09:45:03,54000,53999.05,120,54008.85,60,30,46110
BANKNIFTY-III.NFO,05/12/2024,09:45:03,54000,53999.05,120,54008.85,60,0,46110
BANKNIFTY-III.NFO,05/12/2024,09:45:05,54000,53999.05,120,54009,30,0,46110
BANKNIFTY-III.NFO,05/12/2024,09:45:08,54000,53999,300,54000,30,0,46110
BANKNIFTY-III.NFO,05/12/2024,09:45:12,54000,53999.05,150,54009.1,30,30,46110
BANKNIFTY-III.NFO,05/12/2024,09:45:14,54000,53999.05,150,54009.1,30,0,46110
BANKNIFTY-III.NFO,05/12/2024,09:45:16,54009.1,54005.05,120,54033.25,90,30,46110
BANKNIFTY-III.NFO,05/12/2024,09:45:16,54009.1,54005.05,120,54033.15,90,0,46110
BANKNIFTY-III.NFO,05/12/2024,09:45:19,54009.1,54007.5,120,54032.95,90,0,46110
BANKNIFTY-III.NFO,05/12/2024,09:45:21,54009.1,54007.9,120,54032.85,120,0,46110
BANKNIFTY-III.NFO,05/12/2024,09:45:23,54009.1,54007.9,120,54032.75,90,0,46110
BANKNIFTY-III.NFO,05/12/2024,09:45:24,54009.1,54007.9,120,54032.65,90,0,46110
BANKNIFTY-III.NFO,05/12/2024,09:45:26,54009.1,54007.9,120,54032.55,120,0,46110
BANKNIFTY-III.NFO,05/12/2024,09:45:28,54009.1,54007.9,120,54032.45,120,0,46110
BANKNIFTY-III.NFO,05/12/2024,09:45:29,54009.1,54007.9,120,54032.35,120,0,46110
BANKNIFTY-III.NFO,05/12/2024,09:45:31,54009.1,54007.9,120,54032.25,120,0,46110
BANKNIFTY-III.NFO,05/12/2024,09:45:33,54009.1,54007.9,120,54032.15,90,0,46110
BANKNIFTY-III.NFO,05/12/2024,09:45:34,54009.1,54007.9,120,54032.05,90,0,46110
BANKNIFTY-III.NFO,05/12/2024,09:45:36,54009.1,54007.9,120,54031.95,120,0,46110
BANKNIFTY-III.NFO,05/12/2024,09:45:38,54009.1,54011.2,180,54031.9,60,0,46110
BANKNIFTY-III.NFO,05/12/2024,09:45:39,54009.1,54014,120,54035.95,90,0,46110
BANKNIFTY-III.NFO,05/12/2024,09:45:41,54009.1,54014.1,120,54035.9,90,0,46110
BANKNIFTY-III.NFO,05/12/2024,09:45:43,54009.1,54013.9,120,54035.85,90,0,46110
BANKNIFTY-III.NFO,05/12/2024,09:45:44,54009.1,54013.9,120,54035.75,120,0,46110
BANKNIFTY-III.NFO,05/12/2024,09:45:46,54009.1,54013.9,120,54035.65,120,0,46110
BANKNIFTY-III.NFO,05/12/2024,09:45:47,54009.1,54013.9,120,54035.55,120,0,46110
BANKNIFTY-III.NFO,05/12/2024,09:45:49,54009.1,54013.9,120,54035.45,120,0,46110
BANKNIFTY-III.NFO,05/12/2024,09:45:51,54009.1,54005.15,180,54035.35,90,0,46110
BANKNIFTY-III.NFO,05/12/2024,09:45:52,54009.1,54005.45,120,54035.25,90,0,46110
BANKNIFTY-III.NFO,05/12/2024,09:45:54,54009.1,54004.45,120,54035.15,90,0,46110
BANKNIFTY-III.NFO,05/12/2024,09:45:55,54009.1,54007.75,120,54035.05,90,0,46110
BANKNIFTY-III.NFO,05/12/2024,09:45:59,54009.1,54007.85,120,54035.3,90,0,46110
BANKNIFTY-III.NFO,05/12/2024,09:46:00,54009.1,54007.85,120,54035.2,90,0,46110
BANKNIFTY-III.NFO,05/12/2024,09:46:02,54009.1,54008.95,120,54035.1,90,0,46110
BANKNIFTY-III.NFO,05/12/2024,09:46:03,54009.1,54007.1,120,54035,90,0,46110
BANKNIFTY-III.NFO,05/12/2024,09:46:05,54009.1,54009.45,60,54039.85,90,0,46110
BANKNIFTY-III.NFO,05/12/2024,09:46:07,54009.1,54010.35,120,54042.7,90,0,46110
BANKNIFTY-III.NFO,05/12/2024,09:46:08,54009.1,54012.85,120,54042.7,90,0,46110
BANKNIFTY-III.NFO,05/12/2024,09:46:10,54009.1,54008.65,120,54042.7,150,0,46110
BANKNIFTY-III.NFO,05/12/2024,09:46:12,54009.1,54008.65,120,54042.5,150,0,46110
BANKNIFTY-III.NFO,05/12/2024,09:46:13,54009.1,54007.05,120,54042.2,150,0,46110
BANKNIFTY-III.NFO,05/12/2024,09:46:15,54009.1,54003.65,120,54041.9,150,0,46110
BANKNIFTY-III.NFO,05/12/2024,09:46:17,54009.1,54005.35,120,54041.6,90,0,46110
BANKNIFTY-III.NFO,05/12/2024,09:46:18,54009.1,54000,30,54041.3,150,0,46110
BANKNIFTY-III.NFO,05/12/2024,09:46:20,54009.1,54000,30,54029.65,150,0,46110
BANKNIFTY-III.NFO,05/12/2024,09:46:22,54009.1,54000,30,54029,90,0,46110
BANKNIFTY-III.NFO,05/12/2024,09:46:23,54009.1,54000,30,54022.1,90,0,46110
BANKNIFTY-III.NFO,05/12/2024,09:46:25,54009.1,54000,30,54021.8,90,0,46110
BANKNIFTY-III.NFO,05/12/2024,09:46:27,53999,53999,150,54020.15,90,180,46110
BANKNIFTY-III.NFO,05/12/2024,09:46:27,53999,53999,150,54020.15,90,0,46110
BANKNIFTY-III.NFO,05/12/2024,09:46:28,53999,53999,150,54019.85,90,0,46110
BANKNIFTY-III.NFO,05/12/2024,09:46:30,53999,53999,150,54015.9,90,0,46110
BANKNIFTY-III.NFO,05/12/2024,09:46:32,53999,53990,30,54010.65,90,150,46110
BANKNIFTY-III.NFO,05/12/2024,09:46:33,53999,53990.05,150,54010.35,90,0,46110
BANKNIFTY-III.NFO,05/12/2024,09:46:35,53999,53990.05,150,54010.25,90,0,46110
BANKNIFTY-III.NFO,05/12/2024,09:46:37,53999,53990.05,120,54010.15,120,0,46110
BANKNIFTY-III.NFO,05/12/2024,09:46:38,53999,53990.05,150,54010.05,90,0,46110
BANKNIFTY-III.NFO,05/12/2024,09:46:40,53999,53985.05,150,54009.95,90,0,46110
BANKNIFTY-III.NFO,05/12/2024,09:46:42,53999,53989.45,180,54009.9,90,0,46110
BANKNIFTY-III.NFO,05/12/2024,09:46:43,53999,53986,120,54009.85,90,0,46110
BANKNIFTY-III.NFO,05/12/2024,09:46:45,53999,53986,120,54009.75,90,0,46110
BANKNIFTY-III.NFO,05/12/2024,09:46:47,53999,53991.25,120,54009.7,60,0,46110
BANKNIFTY-III.NFO,05/12/2024,09:46:48,53999,53997.55,210,54015.8,60,0,46110
BANKNIFTY-III.NFO,05/12/2024,09:46:50,53999,53992.3,120,54015.75,30,0,46110
BANKNIFTY-III.NFO,05/12/2024,09:46:52,53999,53992.3,120,54015.65,90,0,46110
BANKNIFTY-III.NFO,05/12/2024,09:46:53,53999,53989.6,120,54015.55,90,0,46110
BANKNIFTY-III.NFO,05/12/2024,09:46:55,53999,53988.4,120,54015.25,90,0,46110
BANKNIFTY-III.NFO,05/12/2024,09:46:57,53999,53986.3,120,54014.95,90,0,46110
BANKNIFTY-III.NFO,05/12/2024,09:46:58,53999,53989.6,120,54015.7,90,0,46110
BANKNIFTY-III.NFO,05/12/2024,09:47:00,53999,53990.05,120,54015.7,90,0,46110
BANKNIFTY-III.NFO,05/12/2024,09:47:02,53999,53990.05,120,54015.5,90,0,46110
BANKNIFTY-III.NFO,05/12/2024,09:47:03,53999,53990.05,120,54015.2,90,0,46110
BANKNIFTY-III.NFO,05/12/2024,09:47:05,53999,53990.05,150,54014.9,90,0,46110
BANKNIFTY-III.NFO,05/12/2024,09:47:06,53999,53990.75,120,54016.45,90,0,46110
BANKNIFTY-III.NFO,05/12/2024,09:47:08,53999,53990.95,180,54017.55,90,0,46110
BANKNIFTY-III.NFO,05/12/2024,09:47:10,53999,53990.1,120,54017.45,90,0,46110
BANKNIFTY-III.NFO,05/12/2024,09:47:11,53999,53990.05,120,53999,150,0,46110
BANKNIFTY-III.NFO,05/12/2024,09:47:18,53999,53990,30,53999,150,0,46110
BANKNIFTY-III.NFO,05/12/2024,09:47:19,53999,53990.05,120,53998.95,30,0,46110
BANKNIFTY-III.NFO,05/12/2024,09:47:21,53999,53990.05,120,53999,150,0,46110
BANKNIFTY-III.NFO,05/12/2024,09:47:23,53999,53990.05,150,53999,150,0,46110
BANKNIFTY-III.NFO,05/12/2024,09:47:26,53999,53990,30,53999,150,0,46110
BANKNIFTY-III.NFO,05/12/2024,09:47:29,53999,53990.05,150,53999,150,0,46110
BANKNIFTY-III.NFO,05/12/2024,09:47:31,53999,53991.25,150,53999,150,0,46110
BANKNIFTY-III.NFO,05/12/2024,09:47:34,53999,53990.1,120,53999,150,0,46110
BANKNIFTY-III.NFO,05/12/2024,09:47:36,53999,53990.05,120,53999,150,0,46110
BANKNIFTY-III.NFO,05/12/2024,09:47:38,53999,53992.85,150,53999,150,0,46110
BANKNIFTY-III.NFO,05/12/2024,09:47:41,53999,53990.05,150,53999,150,0,46110
BANKNIFTY-III.NFO,05/12/2024,09:47:44,53999,53990.15,120,53999,150,0,46110
BANKNIFTY-III.NFO,05/12/2024,09:47:46,53999,53990.1,120,53999,150,0,46110
BANKNIFTY-III.NFO,05/12/2024,09:47:47,53999,53990,30,53998.95,90,0,46110
BANKNIFTY-III.NFO,05/12/2024,09:47:49,53999,53990,30,53999,150,0,46110
BANKNIFTY-III.NFO,05/12/2024,09:47:51,53999,53990,30,54000,150,0,46110
BANKNIFTY-III.NFO,05/12/2024,09:47:52,53999,53990,30,53999.95,90,0,46110
BANKNIFTY-III.NFO,05/12/2024,09:47:54,53999,53991.15,90,54000,150,0,46110
BANKNIFTY-III.NFO,05/12/2024,09:47:56,53999,53990,30,53999.95,90,0,46110
BANKNIFTY-III.NFO,05/12/2024,09:47:59,53999,53990,30,53999.85,120,0,46110
BANKNIFTY-III.NFO,05/12/2024,09:48:00,53999,53990,30,53999.95,150,0,46110
BANKNIFTY-III.NFO,05/12/2024,09:48:02,53999,53990,30,53999.75,150,0,46110
BANKNIFTY-III.NFO,05/12/2024,09:48:04,53999,53990,30,53999.65,180,0,46110
BANKNIFTY-III.NFO,05/12/2024,09:48:05,53999,53990,30,53999.55,90,0,46110
BANKNIFTY-III.NFO,05/12/2024,09:48:07,53999,53990,30,53999.35,120,0,46110
BANKNIFTY-III.NFO,05/12/2024,09:48:09,53999,53990,30,53999.05,120,0,46110
BANKNIFTY-III.NFO,05/12/2024,09:48:10,53999,53990,30,53998.95,120,0,46110
BANKNIFTY-III.NFO,05/12/2024,09:48:12,53999,53990,30,53998.75,90,0,46110
BANKNIFTY-III.NFO,05/12/2024,09:48:14,53999,53990,30,53998.65,120,0,46110
BANKNIFTY-III.NFO,05/12/2024,09:48:15,53999,53990,30,53998.55,120,0,46110
BANKNIFTY-III.NFO,05/12/2024,09:48:17,53999,53990,30,53998.35,90,0,46110
BANKNIFTY-III.NFO,05/12/2024,09:48:18,53999,53990,30,53998.05,120,0,46110
BANKNIFTY-III.NFO,05/12/2024,09:48:20,53999,53990,30,53997.95,180,0,46110
BANKNIFTY-III.NFO,05/12/2024,09:48:22,53999,53990,30,53997.85,90,0,46110
BANKNIFTY-III.NFO,05/12/2024,09:48:23,53999,53990,30,53997.75,90,0,46110
BANKNIFTY-III.NFO,05/12/2024,09:48:25,53999,53990,30,53997.65,120,0,46110
BANKNIFTY-III.NFO,05/12/2024,09:48:27,53999,53990,30,53997.55,120,0,46110
BANKNIFTY-III.NFO,05/12/2024,09:48:28,53999,53990,30,53997.45,120,0,46110
BANKNIFTY-III.NFO,05/12/2024,09:48:30,53999,53990,30,53997.35,90,0,46110
BANKNIFTY-III.NFO,05/12/2024,09:48:31,53999,53990,30,53997.3,90,0,46110
BANKNIFTY-III.NFO,05/12/2024,09:48:33,53999,53990,30,53997.25,120,0,46110
BANKNIFTY-III.NFO,05/12/2024,09:48:35,53990,53988,30,53997.15,180,30,46110
BANKNIFTY-III.NFO,05/12/2024,09:48:35,53990,53988,30,53997.15,180,0,46110
BANKNIFTY-III.NFO,05/12/2024,09:48:36,53990,53988,30,53997.05,90,0,46110
BANKNIFTY-III.NFO,05/12/2024,09:48:38,53988,53967.2,60,53996.75,150,30,46110
BANKNIFTY-III.NFO,05/12/2024,09:48:38,53988,53967.2,60,53996.75,150,0,46110
BANKNIFTY-III.NFO,05/12/2024,09:48:40,53988,53966.05,60,53996.55,150,0,46110
BANKNIFTY-III.NFO,05/12/2024,09:48:41,53988,53960,60,53989.45,150,0,46110
BANKNIFTY-III.NFO,05/12/2024,09:48:43,53988,53960.05,60,53983.75,150,0,46110
BANKNIFTY-III.NFO,05/12/2024,09:48:45,53988,53964.2,30,53983.45,90,0,46110
BANKNIFTY-III.NFO,05/12/2024,09:48:46,53988,53963.2,90,53983.25,90,0,46110
BANKNIFTY-III.NFO,05/12/2024,09:48:48,53988,53960.85,30,53982.95,150,0,46110
BANKNIFTY-III.NFO,05/12/2024,09:48:50,53988,53960,90,53967.2,30,0,46110
BANKNIFTY-III.NFO,05/12/2024,09:48:51,53988,53960,60,53967.15,90,0,46110
BANKNIFTY-III.NFO,05/12/2024,09:48:53,53988,53961.85,150,53967.15,30,0,46110
BANKNIFTY-III.NFO,05/12/2024,09:48:55,53988,53962.85,150,53967.15,30,0,46110
BANKNIFTY-III.NFO,05/12/2024,09:48:57,53988,53960,60,53967.15,30,0,46110
BANKNIFTY-III.NFO,05/12/2024,09:49:02,53988,53963.95,120,53967.15,30,0,46110
BANKNIFTY-III.NFO,05/12/2024,09:49:03,53988,53962.75,30,53967.15,30,0,46110
BANKNIFTY-III.NFO,05/12/2024,09:49:05,53988,53960.5,120,53967.15,30,0,46110
BANKNIFTY-III.NFO,05/12/2024,09:49:07,53988,53960.2,30,53967.15,30,0,46110
BANKNIFTY-III.NFO,05/12/2024,09:49:08,53988,53961.3,150,53967.15,30,0,46110
BANKNIFTY-III.NFO,05/12/2024,09:49:10,53988,53960.05,150,53967.15,30,0,46110
BANKNIFTY-III.NFO,05/12/2024,09:49:12,53988,53960,60,53967.15,30,0,46110
BANKNIFTY-III.NFO,05/12/2024,09:49:15,53960,53958.35,150,53967.15,30,60,45930
BANKNIFTY-III.NFO,05/12/2024,09:49:15,53960,53958.35,150,53967.15,30,0,45930
BANKNIFTY-III.NFO,05/12/2024,09:49:16,53960,53961.95,120,53967.15,30,0,45930
BANKNIFTY-III.NFO,05/12/2024,09:49:18,53960,53962.25,120,53967.15,30,0,45930
BANKNIFTY-III.NFO,05/12/2024,09:49:20,53962.25,53962.25,120,53967.15,30,30,45930
BANKNIFTY-III.NFO,05/12/2024,09:49:21,53962.25,53969.4,150,53983.9,30,0,45930
BANKNIFTY-III.NFO,05/12/2024,09:49:23,53962.25,53971.7,150,53983.9,30,0,45930
BANKNIFTY-III.NFO,05/12/2024,09:49:25,53962.25,53967.15,120,53983.9,30,0,45930
BANKNIFTY-III.NFO,05/12/2024,09:49:26,53962.25,53972.5,150,53983.9,30,0,45930
BANKNIFTY-III.NFO,05/12/2024,09:49:28,53962.25,53978.55,120,53989.95,30,0,45930
BANKNIFTY-III.NFO,05/12/2024,09:49:30,53962.25,53974.15,120,53989.95,60,0,45930
BANKNIFTY-III.NFO,05/12/2024,09:49:31,53962.25,53971.75,210,53989.95,60,0,45930
BANKNIFTY-III.NFO,05/12/2024,09:49:33,53972.1,53972.05,90,53989.95,60,150,45930
BANKNIFTY-III.NFO,05/12/2024,09:49:35,53972.1,53972.05,30,53989.95,60,0,45930
BANKNIFTY-III.NFO,05/12/2024,09:49:36,53972.1,53963.4,60,53989.9,210,0,45930
BANKNIFTY-III.NFO,05/12/2024,09:49:38,53972.1,53963.4,60,53989.6,180,0,45930
BANKNIFTY-III.NFO,05/12/2024,09:49:40,53972.1,53962.3,60,53989.3,180,0,45930
BANKNIFTY-III.NFO,05/12/2024,09:49:41,53972.1,53962.3,60,53989,180,0,45930
BANKNIFTY-III.NFO,05/12/2024,09:49:43,53972.1,53962.3,60,53988.9,180,0,45930
BANKNIFTY-III.NFO,05/12/2024,09:49:45,53972.1,53962.3,60,53988.8,180,0,45930
BANKNIFTY-III.NFO,05/12/2024,09:49:46,53972.1,53962.25,30,53977,60,0,45930
BANKNIFTY-III.NFO,05/12/2024,09:49:48,53972.1,53962.25,30,53976.9,30,0,45930
BANKNIFTY-III.NFO,05/12/2024,09:49:50,53972.1,53962.25,30,53976.85,30,0,45930
BANKNIFTY-III.NFO,05/12/2024,09:49:54,53972.1,53972.1,30,53976.85,30,0,45930
BANKNIFTY-III.NFO,05/12/2024,09:50:03,53972.1,53972.1,60,53976.85,30,0,45930
BANKNIFTY-III.NFO,05/12/2024,09:50:04,53972.1,53972.1,30,53977,30,0,45930
BANKNIFTY-III.NFO,05/12/2024,09:50:06,53972.1,53955.6,60,53976.95,210,30,45930
BANKNIFTY-III.NFO,05/12/2024,09:50:08,53972.1,53955.6,60,53976.95,210,0,45930
BANKNIFTY-III.NFO,05/12/2024,09:50:11,53955.6,53955.6,90,53975.95,60,30,45930
BANKNIFTY-III.NFO,05/12/2024,09:50:11,53955.6,53955.6,90,53975.95,60,0,45930
BANKNIFTY-III.NFO,05/12/2024,09:50:13,53955.6,53955.6,90,53976.2,60,0,45930
BANKNIFTY-III.NFO,05/12/2024,09:50:14,53955.6,53950,120,53975.8,60,30,45930
BANKNIFTY-III.NFO,05/12/2024,09:50:16,53955.6,53950,150,53973.9,60,0,45930
BANKNIFTY-III.NFO,05/12/2024,09:50:18,53955.6,53950,90,53955.6,30,0,45930
BANKNIFTY-III.NFO,05/12/2024,09:50:25,53955.6,53951.2,60,53955.6,30,0,45930
BANKNIFTY-III.NFO,05/12/2024,09:50:28,53955.6,53951.2,120,53972.7,60,30,45930
BANKNIFTY-III.NFO,05/12/2024,09:50:30,53955.6,53951.2,60,53971.3,90,0,45930
BANKNIFTY-III.NFO,05/12/2024,09:50:31,53955.6,53951.2,60,53968.45,90,0,45930
BANKNIFTY-III.NFO,05/12/2024,09:50:33,53955.6,53951.2,30,53960.7,60,0,45930
BANKNIFTY-III.NFO,05/12/2024,09:50:35,53951.2,53950,60,53955.6,60,30,45930
BANKNIFTY-III.NFO,05/12/2024,09:50:35,53951.2,53950,60,53955.6,60,0,45930
BANKNIFTY-III.NFO,05/12/2024,09:50:36,53951.2,53950,60,53955.6,60,0,45930
BANKNIFTY-III.NFO,05/12/2024,09:50:41,53950,53929,210,53955.55,60,60,45930
BANKNIFTY-III.NFO,05/12/2024,09:50:41,53950,53929,210,53955.55,60,0,45930
BANKNIFTY-III.NFO,05/12/2024,09:50:43,53929,53929,180,53955.55,60,30,45930
BANKNIFTY-III.NFO,05/12/2024,09:50:43,53929,53929,180,53955.55,60,0,45930
BANKNIFTY-III.NFO,05/12/2024,09:50:45,53929,53929,180,53955.55,60,0,45930
BANKNIFTY-III.NFO,05/12/2024,09:50:48,53929,53929,180,53954.85,60,0,45930
BANKNIFTY-III.NFO,05/12/2024,09:50:50,53929,53929,180,53953.75,60,0,45930
BANKNIFTY-III.NFO,05/12/2024,09:50:51,53929,53929,210,53954,30,0,45930
BANKNIFTY-III.NFO,05/12/2024,09:51:00,53929,53929,210,53950,120,0,45930
BANKNIFTY-III.NFO,05/12/2024,09:51:01,53929,53929,210,53950,150,0,45930
BANKNIFTY-III.NFO,05/12/2024,09:51:05,53929,53929,120,53947.35,120,0,45930
BANKNIFTY-III.NFO,05/12/2024,09:51:06,53929,53929,120,53945.45,120,0,45930
BANKNIFTY-III.NFO,05/12/2024,09:51:08,53929,53929,120,53945.5,30,0,45930
BANKNIFTY-III.NFO,05/12/2024,09:51:10,53929,53929,120,53945.45,120,0,45930
BANKNIFTY-III.NFO,05/12/2024,09:51:11,53929,53929,180,53945.5,30,0,45930
BANKNIFTY-III.NFO,05/12/2024,09:51:13,53929,53929,210,53950,150,0,45930
BANKNIFTY-III.NFO,05/12/2024,09:51:15,53950,53929,210,53950,120,30,45930
BANKNIFTY-III.NFO,05/12/2024,09:51:17,53929,53929,180,53949.95,120,30,45930
BANKNIFTY-III.NFO,05/12/2024,09:51:19,53929,53929,180,53950,120,0,45930
BANKNIFTY-III.NFO,05/12/2024,09:51:22,53929,53929,180,53950,90,0,45930
BANKNIFTY-III.NFO,05/12/2024,09:51:24,53950,53929,180,53950,60,30,45930
BANKNIFTY-III.NFO,05/12/2024,09:51:25,53950,53929,180,53950,60,0,45930
BANKNIFTY-III.NFO,05/12/2024,09:51:29,53950,53929,210,53950,60,0,45930
BANKNIFTY-III.NFO,05/12/2024,09:51:35,53950,53929,210,53955.6,30,60,45930
BANKNIFTY-III.NFO,05/12/2024,09:51:37,53950,53929.05,120,53955.6,30,0,45930
BANKNIFTY-III.NFO,05/12/2024,09:51:39,53999,53938.05,120,53998.95,120,900,45930
BANKNIFTY-III.NFO,05/12/2024,09:51:40,53999,53941.05,120,53998.95,120,0,45930
BANKNIFTY-III.NFO,05/12/2024,09:51:42,53999,53930.3,120,53998.95,120,0,45930
BANKNIFTY-III.NFO,05/12/2024,09:51:43,53999,53935.5,120,53998.95,120,0,45930
BANKNIFTY-III.NFO,05/12/2024,09:51:45,53999,53945.6,120,53998.95,120,0,45930
BANKNIFTY-III.NFO,05/12/2024,09:51:47,53999,53954.8,120,53998.95,120,0,45930
BANKNIFTY-III.NFO,05/12/2024,09:51:48,53999,53955.65,60,53998.95,120,0,45930
BANKNIFTY-III.NFO,05/12/2024,09:51:50,53999,53955.65,60,53998.75,120,0,45930
BANKNIFTY-III.NFO,05/12/2024,09:51:52,53999,53929.45,120,53998.55,120,0,45930
BANKNIFTY-III.NFO,05/12/2024,09:51:53,53999,53934.45,120,53998.45,120,0,45930
BANKNIFTY-III.NFO,05/12/2024,09:51:55,53999,53934.85,120,53998.25,120,0,45930
BANKNIFTY-III.NFO,05/12/2024,09:51:57,53999,53943.15,120,53998.05,120,0,45930
BANKNIFTY-III.NFO,05/12/2024,09:51:58,53999,53930.25,120,53997.75,120,0,45930
BANKNIFTY-III.NFO,05/12/2024,09:52:00,53999,53929.15,120,53997.65,120,0,45930
BANKNIFTY-III.NFO,05/12/2024,09:52:02,53999,53938.55,120,53997.45,120,0,45930
BANKNIFTY-III.NFO,05/12/2024,09:52:03,53999,53929.15,120,53997.25,120,0,45930
BANKNIFTY-III.NFO,05/12/2024,09:52:05,53999,53939.15,120,53997.05,120,0,45930
BANKNIFTY-III.NFO,05/12/2024,09:52:07,53999,53934.15,120,53996.85,120,0,45930
BANKNIFTY-III.NFO,05/12/2024,09:52:08,53999,53939.15,120,53996.55,120,0,45930
BANKNIFTY-III.NFO,05/12/2024,09:52:10,53999,53929.95,120,53996.35,120,0,45930
BANKNIFTY-III.NFO,05/12/2024,09:52:12,53999,53939.95,120,53996.05,120,0,45930
BANKNIFTY-III.NFO,05/12/2024,09:52:13,53999,53943.35,120,53995.75,120,0,45930
BANKNIFTY-III.NFO,05/12/2024,09:52:15,53999,53935.35,120,53995.45,120,0,45930
BANKNIFTY-III.NFO,05/12/2024,09:52:16,53999,53939.25,120,53995.25,120,0,45930
BANKNIFTY-III.NFO,05/12/2024,09:52:18,53999,53947.55,120,53995.05,120,0,45930
BANKNIFTY-III.NFO,05/12/2024,09:52:19,53999,53951.85,120,53994.75,120,0,45930
BANKNIFTY-III.NFO,05/12/2024,09:52:21,53999,53935.65,120,53994.45,120,0,45930
BANKNIFTY-III.NFO,05/12/2024,09:52:23,53999,53945.65,120,53994.15,120,0,45930
BANKNIFTY-III.NFO,05/12/2024,09:52:24,53999,53950.75,120,53993.95,120,0,45930
BANKNIFTY-III.NFO,05/12/2024,09:52:26,53999,53951.35,120,53993.85,120,0,45930
BANKNIFTY-III.NFO,05/12/2024,09:52:28,53999,53950.75,120,53993.65,120,0,45930
BANKNIFTY-III.NFO,05/12/2024,09:52:29,53999,53954.25,120,53993.45,120,0,45930
BANKNIFTY-III.NFO,05/12/2024,09:52:31,53999,53955.05,120,53993.25,120,0,45930
BANKNIFTY-III.NFO,05/12/2024,09:52:32,53999,53955.15,120,53993.05,120,0,45930
BANKNIFTY-III.NFO,05/12/2024,09:52:34,53999,53955.55,120,53998.85,120,0,45930
BANKNIFTY-III.NFO,05/12/2024,09:52:36,53999,53952.15,120,53998.65,120,0,45930
BANKNIFTY-III.NFO,05/12/2024,09:52:37,53999,53947.45,120,53998.45,120,0,45930
BANKNIFTY-III.NFO,05/12/2024,09:52:39,53999,53946.75,120,53998.25,120,0,45930
BANKNIFTY-III.NFO,05/12/2024,09:52:41,53999,53956.35,120,53998.05,120,0,45930
BANKNIFTY-III.NFO,05/12/2024,09:52:42,53999,53949.85,120,53997.95,120,0,45930
BANKNIFTY-III.NFO,05/12/2024,09:52:44,53999,53950.55,120,53997.75,120,0,45930
BANKNIFTY-III.NFO,05/12/2024,09:52:46,53999,53946.25,120,53997.55,120,0,45930
BANKNIFTY-III.NFO,05/12/2024,09:52:47,53999,53951.35,120,53997.35,120,0,45930
BANKNIFTY-III.NFO,05/12/2024,09:52:49,53999,53947.85,120,53997.15,120,0,45930
BANKNIFTY-III.NFO,05/12/2024,09:52:51,53999,53954.25,120,53997.05,120,0,45930
BANKNIFTY-III.NFO,05/12/2024,09:52:52,53999,53954.75,120,53996.85,120,0,45930
BANKNIFTY-III.NFO,05/12/2024,09:52:54,53999,53946.55,120,53996.65,120,0,45930
BANKNIFTY-III.NFO,05/12/2024,09:52:56,53999,53956.55,120,53998.75,120,0,45930
BANKNIFTY-III.NFO,05/12/2024,09:52:57,53999,53930.65,120,53998.55,120,0,45930
BANKNIFTY-III.NFO,05/12/2024,09:52:59,53999,53940.85,120,53998.45,120,0,45930
BANKNIFTY-III.NFO,05/12/2024,09:53:01,53999,53947.45,120,53998.25,120,0,45930
BANKNIFTY-III.NFO,05/12/2024,09:53:02,53999,53932.8,120,53998.05,120,0,45930
BANKNIFTY-III.NFO,05/12/2024,09:53:04,53999,53943,120,53997.85,120,0,45930
BANKNIFTY-III.NFO,05/12/2024,09:53:06,53999,53948.9,120,53997.65,120,0,45930
BANKNIFTY-III.NFO,05/12/2024,09:53:07,53999,53952,120,53997.55,120,0,45930
BANKNIFTY-III.NFO,05/12/2024,09:53:09,53999,53957.5,120,53997.35,120,0,45930
BANKNIFTY-III.NFO,05/12/2024,09:53:11,53999,53965,120,53999,30,0,45930
BANKNIFTY-III.NFO,05/12/2024,09:53:12,53999,53968,120,53999,30,0,45930
BANKNIFTY-III.NFO,05/12/2024,09:53:14,53999,53959.9,120,53999,30,0,45930
BANKNIFTY-III.NFO,05/12/2024,09:53:15,53999,53964.9,120,53999,30,0,45930
BANKNIFTY-III.NFO,05/12/2024,09:53:17,53999,53970.3,120,53999,30,0,45930
BANKNIFTY-III.NFO,05/12/2024,09:53:19,53999,53959.9,120,53999,30,0,45930
BANKNIFTY-III.NFO,05/12/2024,09:53:20,53999,53964.9,120,53999,30,0,45930
BANKNIFTY-III.NFO,05/12/2024,09:53:22,53999,53959.9,120,53999,30,0,45930
BANKNIFTY-III.NFO,05/12/2024,09:53:24,53999,53955.2,120,53999,30,0,45930
BANKNIFTY-III.NFO,05/12/2024,09:53:25,53999,53960.2,120,53999,30,0,45930
BANKNIFTY-III.NFO,05/12/2024,09:53:27,53999,53954.8,120,53998.95,120,0,45930
BANKNIFTY-III.NFO,05/12/2024,09:53:29,53999,53964.9,120,53998.95,120,0,45930
BANKNIFTY-III.NFO,05/12/2024,09:53:30,53999,53954.8,120,53998.95,120,0,45930
BANKNIFTY-III.NFO,05/12/2024,09:53:32,53999,53964.9,120,53998.95,120,0,45930
BANKNIFTY-III.NFO,05/12/2024,09:53:34,53998.95,53955.3,120,53998.95,90,30,46830
BANKNIFTY-III.NFO,05/12/2024,09:53:35,53998.95,53960.3,120,53998.95,90,0,46830
BANKNIFTY-III.NFO,05/12/2024,09:53:37,53998.95,53957,120,53998.75,90,0,46830
BANKNIFTY-III.NFO,05/12/2024,09:53:39,53998.95,53958.1,120,53998.75,90,0,46830
BANKNIFTY-III.NFO,05/12/2024,09:53:40,53998.95,53960,120,53998.55,90,0,46830
BANKNIFTY-III.NFO,05/12/2024,09:53:42,53998.95,53954.9,120,53998.95,90,0,46830
BANKNIFTY-III.NFO,05/12/2024,09:53:44,53998.95,53964.9,120,53998.95,90,0,46830
BANKNIFTY-III.NFO,05/12/2024,09:53:45,53998.95,53955,120,53999,30,0,46830
BANKNIFTY-III.NFO,05/12/2024,09:53:47,53998.95,53965,120,53998.95,90,0,46830
BANKNIFTY-III.NFO,05/12/2024,09:53:49,53998.95,53970.6,120,53999,30,0,46830
BANKNIFTY-III.NFO,05/12/2024,09:53:50,53998.95,53955,120,53999,30,0,46830
BANKNIFTY-III.NFO,05/12/2024,09:53:52,53998.95,53965,120,53998.95,90,0,46830
BANKNIFTY-III.NFO,05/12/2024,09:53:54,53998.95,53955.1,120,53998.95,90,0,46830
BANKNIFTY-III.NFO,05/12/2024,09:53:55,53998.95,53960.1,120,53998.95,90,0,46830
BANKNIFTY-III.NFO,05/12/2024,09:53:57,53998.95,53967.8,120,53998.95,90,0,46830
BANKNIFTY-III.NFO,05/12/2024,09:53:59,53998.95,53974.1,180,53998.95,90,0,46830
BANKNIFTY-III.NFO,05/12/2024,09:54:04,53998.95,53954.8,120,53998.75,90,0,46830
BANKNIFTY-III.NFO,05/12/2024,09:54:05,53998.95,53956.5,120,53998.55,90,0,46830
BANKNIFTY-III.NFO,05/12/2024,09:54:07,53998.95,53956.5,120,53998.35,90,0,46830
BANKNIFTY-III.NFO,05/12/2024,09:54:09,53998.95,53954.8,120,53998.15,90,0,46830
BANKNIFTY-III.NFO,05/12/2024,09:54:10,53998.95,53957.15,120,53998.05,90,0,46830
BANKNIFTY-III.NFO,05/12/2024,09:54:12,53998.95,53957.15,120,53997.85,90,0,46830
BANKNIFTY-III.NFO,05/12/2024,09:54:14,53998.95,53954.8,120,53997.65,90,0,46830
BANKNIFTY-III.NFO,05/12/2024,09:54:15,53998.95,53938.55,120,53997.45,90,0,46830
BANKNIFTY-III.NFO,05/12/2024,09:54:17,53998.95,53933.55,120,53997.35,90,0,46830
BANKNIFTY-III.NFO,05/12/2024,09:54:19,53998.95,53943.65,120,53997.05,90,0,46830
BANKNIFTY-III.NFO,05/12/2024,09:54:20,53998.95,53946.55,120,53996.75,90,0,46830
BANKNIFTY-III.NFO,05/12/2024,09:54:22,53998.95,53940.75,120,53996.45,90,0,46830
BANKNIFTY-III.NFO,05/12/2024,09:54:24,53998.95,53938.65,120,53996.15,90,0,46830
BANKNIFTY-III.NFO,05/12/2024,09:54:25,53998.95,53934.65,120,53995.95,90,0,46830
BANKNIFTY-III.NFO,05/12/2024,09:54:27,53995.75,53939.75,120,53995.65,60,30,46830
BANKNIFTY-III.NFO,05/12/2024,09:54:29,53995.75,53937.75,120,53995.35,60,0,46830
BANKNIFTY-III.NFO,05/12/2024,09:54:30,53995.75,53938.95,120,53995.05,60,0,46830
BANKNIFTY-III.NFO,05/12/2024,09:54:32,53995.75,53942.75,180,53994.75,60,0,46830
BANKNIFTY-III.NFO,05/12/2024,09:54:34,53995.75,53936.65,120,53994.45,60,0,46830
BANKNIFTY-III.NFO,05/12/2024,09:54:35,53995.75,53941.65,120,53994.25,60,0,46830
BANKNIFTY-III.NFO,05/12/2024,09:54:37,53995.75,53936.45,120,53993.95,60,0,46830
BANKNIFTY-III.NFO,05/12/2024,09:54:39,53995.75,53941.15,120,53969.75,60,0,46830
