Ticker,Date,Time,LTP,BuyPrice,BuyQty,SellPrice,SellQty,LTQ,OpenInterest
BANKNIFTY-II.NFO,07/11/2024,09:15:09,52861.1,52835.45,60,52861.1,15,15,218805
BANKNIFTY-II.NFO,07/11/2024,09:15:09,52861.1,52835.45,60,52861.1,15,0,218805
BANKNIFTY-II.NFO,07/11/2024,09:15:09,52861.1,52835.45,60,52861.1,15,0,218805
BANKNIFTY-II.NFO,07/11/2024,09:15:09,52861.1,52835.45,60,52861.1,15,0,218805
BANKNIFTY-II.NFO,07/11/2024,09:15:10,52868.95,52833.45,60,52875.8,30,75,218805
BANKNIFTY-II.NFO,07/11/2024,09:15:10,52874.95,52833.45,60,52875.8,30,0,218805
BANKNIFTY-II.NFO,07/11/2024,09:15:11,52852.25,52852.5,60,52880.8,30,15,218805
BANKNIFTY-II.NFO,07/11/2024,09:15:11,52852.25,52852.5,60,52880.8,30,0,218805
BANKNIFTY-II.NFO,07/11/2024,09:15:12,52852.25,52855.8,60,52888.6,45,0,218805
BANKNIFTY-II.NFO,07/11/2024,09:15:13,52852.25,52850.05,60,52869.95,45,0,218805
BANKNIFTY-II.NFO,07/11/2024,09:15:14,52872.95,52852.4,60,52878.4,15,30,218805
BANKNIFTY-II.NFO,07/11/2024,09:15:15,52858.8,52850.05,60,52892.1,15,15,218805
BANKNIFTY-II.NFO,07/11/2024,09:15:16,52886,52850.05,60,52889.45,30,30,218805
BANKNIFTY-II.NFO,07/11/2024,09:15:16,52892.1,52850.05,60,52889.45,30,0,218805
BANKNIFTY-II.NFO,07/11/2024,09:15:17,52886,52853.25,60,52879.7,120,0,218805
BANKNIFTY-II.NFO,07/11/2024,09:15:18,52860,52850.05,60,52887.05,30,15,218805
BANKNIFTY-II.NFO,07/11/2024,09:15:19,52850,52829.25,60,52871.25,165,60,218805
BANKNIFTY-II.NFO,07/11/2024,09:15:19,52850,52829.25,60,52871.25,165,0,218805
BANKNIFTY-II.NFO,07/11/2024,09:15:20,52850,52825.45,60,52850,15,0,218805
BANKNIFTY-II.NFO,07/11/2024,09:15:21,52842,52804.75,60,52843.1,30,45,218805
BANKNIFTY-II.NFO,07/11/2024,09:15:21,52835,52804.75,60,52843.1,30,0,218805
BANKNIFTY-II.NFO,07/11/2024,09:15:22,52843.1,52800.05,60,52822.95,30,60,218865
BANKNIFTY-II.NFO,07/11/2024,09:15:23,52761.05,52761.05,60,52817.1,60,135,218865
BANKNIFTY-II.NFO,07/11/2024,09:15:23,52761.05,52761.05,60,52817.1,60,0,218865
BANKNIFTY-II.NFO,07/11/2024,09:15:24,52761.05,52771.45,60,52797.95,60,0,218865
BANKNIFTY-II.NFO,07/11/2024,09:15:24,52761.05,52775.8,60,52800.65,30,0,218865
BANKNIFTY-II.NFO,07/11/2024,09:15:25,52761.05,52779.9,60,52810.75,60,0,218865
BANKNIFTY-II.NFO,07/11/2024,09:15:26,52795.95,52773.05,60,52794.95,45,75,218865
BANKNIFTY-II.NFO,07/11/2024,09:15:27,52795.95,52783.4,60,52799.95,45,0,218865
BANKNIFTY-II.NFO,07/11/2024,09:15:28,52776.6,52782.75,60,52798.95,45,30,218865
BANKNIFTY-II.NFO,07/11/2024,09:15:29,52776.6,52785.7,60,52811.2,45,0,218865
BANKNIFTY-II.NFO,07/11/2024,09:15:30,52803.95,52794.5,60,52803.95,30,15,218865
BANKNIFTY-II.NFO,07/11/2024,09:15:32,52780.3,52773.45,60,52794.95,60,30,218865
BANKNIFTY-II.NFO,07/11/2024,09:15:33,52803.95,52779.75,60,52805.95,45,15,218865
BANKNIFTY-II.NFO,07/11/2024,09:15:34,52803.95,52786.8,60,52809.95,45,0,218865
BANKNIFTY-II.NFO,07/11/2024,09:15:35,52803.95,52789.9,60,52807.95,45,0,218865
BANKNIFTY-II.NFO,07/11/2024,09:15:36,52803.95,52784.8,60,52811.2,45,0,218865
BANKNIFTY-II.NFO,07/11/2024,09:15:37,52803.95,52780.45,60,52800.25,45,0,218865
BANKNIFTY-II.NFO,07/11/2024,09:15:38,52803.95,52783.55,60,52803.05,45,0,218865
BANKNIFTY-II.NFO,07/11/2024,09:15:39,52780,52761.1,60,52778.95,30,45,218865
BANKNIFTY-II.NFO,07/11/2024,09:15:40,52780,52763.1,60,52781.95,30,150,218865
BANKNIFTY-II.NFO,07/11/2024,09:15:40,52780,52766.25,60,52781.95,30,0,218865
BANKNIFTY-II.NFO,07/11/2024,09:15:41,52780,52775,15,52785.95,30,0,218865
BANKNIFTY-II.NFO,07/11/2024,09:15:42,52780,52778.45,60,52798.95,30,0,218865
BANKNIFTY-II.NFO,07/11/2024,09:15:43,52780,52784.55,60,52801.95,30,0,218865
BANKNIFTY-II.NFO,07/11/2024,09:15:44,52780,52789.8,60,52804.95,30,0,218865
BANKNIFTY-II.NFO,07/11/2024,09:15:45,52820,52813.1,60,52820,15,45,218865
BANKNIFTY-II.NFO,07/11/2024,09:15:47,52808.8,52811.3,75,52820,15,15,218865
BANKNIFTY-II.NFO,07/11/2024,09:15:48,52809,52804.95,15,52812.45,60,15,218865
BANKNIFTY-II.NFO,07/11/2024,09:15:49,52809,52805.05,60,52812.05,60,0,218865
BANKNIFTY-II.NFO,07/11/2024,09:15:50,52809,52804.95,15,52815.2,60,0,218865
BANKNIFTY-II.NFO,07/11/2024,09:15:51,52809,52808.8,15,52820,15,0,218865
BANKNIFTY-II.NFO,07/11/2024,09:15:52,52809,52808.85,60,52820,15,0,218865
BANKNIFTY-II.NFO,07/11/2024,09:15:54,52820,52812.65,60,52821.4,60,15,218865
BANKNIFTY-II.NFO,07/11/2024,09:15:55,52820,52808.8,15,52821.3,60,0,218865
BANKNIFTY-II.NFO,07/11/2024,09:15:56,52820,52808.8,15,52817.15,60,0,218865
BANKNIFTY-II.NFO,07/11/2024,09:15:57,52820,52808.8,15,52820.55,60,0,218865
BANKNIFTY-II.NFO,07/11/2024,09:15:58,52808.8,52811.1,30,52838.2,60,15,218865
BANKNIFTY-II.NFO,07/11/2024,09:15:59,52836.4,52805.6,60,52826.3,15,75,218865
BANKNIFTY-II.NFO,07/11/2024,09:16:00,52814,52805.25,60,52826.5,15,15,218865
BANKNIFTY-II.NFO,07/11/2024,09:16:01,52814,52805.15,60,52811.9,15,0,218865
BANKNIFTY-II.NFO,07/11/2024,09:16:02,52806.6,52785.05,60,52805.6,30,105,218865
BANKNIFTY-II.NFO,07/11/2024,09:16:03,52806.6,52785.65,60,52800,15,0,218865
BANKNIFTY-II.NFO,07/11/2024,09:16:04,52800,52780.35,60,52806.25,60,465,218865
BANKNIFTY-II.NFO,07/11/2024,09:16:04,52800,52800,30,52811.8,60,0,218865
BANKNIFTY-II.NFO,07/11/2024,09:16:05,52805.15,52786.5,60,52807,15,300,218865
BANKNIFTY-II.NFO,07/11/2024,09:16:06,52806,52800,15,52809,60,15,218865
BANKNIFTY-II.NFO,07/11/2024,09:16:07,52806,52800.05,60,52810,45,0,218865
BANKNIFTY-II.NFO,07/11/2024,09:16:08,52795,52780.95,60,52795,30,45,218865
BANKNIFTY-II.NFO,07/11/2024,09:16:09,52798,52778.55,60,52798.85,60,105,218865
BANKNIFTY-II.NFO,07/11/2024,09:16:11,52800,52782.7,60,52806.5,60,15,218865
BANKNIFTY-II.NFO,07/11/2024,09:16:12,52800,52785.45,60,52809.55,60,0,218865
BANKNIFTY-II.NFO,07/11/2024,09:16:13,52800,52789.7,60,52798,15,0,218865
BANKNIFTY-II.NFO,07/11/2024,09:16:14,52798,52785.15,60,52808.7,60,15,218865
BANKNIFTY-II.NFO,07/11/2024,09:16:15,52798,52781.85,60,52805,60,0,218865
BANKNIFTY-II.NFO,07/11/2024,09:16:16,52798,52783.3,60,52806.45,60,0,218865
BANKNIFTY-II.NFO,07/11/2024,09:16:17,52798,52798,15,52805.8,60,0,218865
BANKNIFTY-II.NFO,07/11/2024,09:16:18,52798,52777.05,60,52800.6,60,15,218865
BANKNIFTY-II.NFO,07/11/2024,09:16:19,52798,52785.05,60,52804.3,75,0,218865
BANKNIFTY-II.NFO,07/11/2024,09:16:20,52798,52787.1,60,52806.1,30,0,218865
BANKNIFTY-II.NFO,07/11/2024,09:16:21,52798,52785.05,60,52804.45,60,0,218865
BANKNIFTY-II.NFO,07/11/2024,09:16:23,52798,52785.3,60,52815,60,0,218865
BANKNIFTY-II.NFO,07/11/2024,09:16:24,52798,52785.05,60,52811,60,0,218865
BANKNIFTY-II.NFO,07/11/2024,09:16:24,52798,52785.8,60,52811,60,0,218865
BANKNIFTY-II.NFO,07/11/2024,09:16:25,52798,52798,15,52805.7,90,0,218865
BANKNIFTY-II.NFO,07/11/2024,09:16:26,52798,52798,30,52813.6,75,0,218865
BANKNIFTY-II.NFO,07/11/2024,09:16:27,52798,52798.05,60,52815.05,105,0,218865
BANKNIFTY-II.NFO,07/11/2024,09:16:28,52798,52798.05,60,52815,60,0,218865
BANKNIFTY-II.NFO,07/11/2024,09:16:30,52798,52798,30,52808.35,75,0,218865
BANKNIFTY-II.NFO,07/11/2024,09:16:31,52798,52798,30,52811.8,60,0,218865
BANKNIFTY-II.NFO,07/11/2024,09:16:33,52813.7,52798.05,60,52815.15,30,45,218865
BANKNIFTY-II.NFO,07/11/2024,09:16:34,52813.7,52798,165,52810.55,30,0,218865
BANKNIFTY-II.NFO,07/11/2024,09:16:35,52813.7,52798.05,60,52816.6,30,0,218865
BANKNIFTY-II.NFO,07/11/2024,09:16:36,52813.7,52801.35,60,52825.7,30,0,218865
BANKNIFTY-II.NFO,07/11/2024,09:16:37,52813.7,52802.55,60,52825.7,30,0,218865
BANKNIFTY-II.NFO,07/11/2024,09:16:38,52813.7,52804.3,60,52824,15,0,218865
BANKNIFTY-II.NFO,07/11/2024,09:16:39,52822,52804.3,60,52826.8,30,15,218865
BANKNIFTY-II.NFO,07/11/2024,09:16:40,52822,52800.05,60,52817.75,30,0,218865
BANKNIFTY-II.NFO,07/11/2024,09:16:41,52817.75,52800.05,60,52816.55,15,15,218865
BANKNIFTY-II.NFO,07/11/2024,09:16:42,52800.05,52800.05,60,52820.5,30,15,218865
BANKNIFTY-II.NFO,07/11/2024,09:16:43,52820.65,52802.55,60,52826.35,30,15,218865
BANKNIFTY-II.NFO,07/11/2024,09:16:44,52820.65,52804.45,60,52823.1,30,0,218865
BANKNIFTY-II.NFO,07/11/2024,09:16:45,52820.65,52801.05,60,52822.4,45,0,218865
BANKNIFTY-II.NFO,07/11/2024,09:16:45,52820.65,52801.05,60,52818.9,15,0,218865
BANKNIFTY-II.NFO,07/11/2024,09:16:46,52818.3,52804.45,30,52818.5,45,60,218865
BANKNIFTY-II.NFO,07/11/2024,09:16:47,52818.3,52804.45,30,52814.2,45,0,218865
BANKNIFTY-II.NFO,07/11/2024,09:16:48,52818.3,52810,15,52814.15,60,0,218865
BANKNIFTY-II.NFO,07/11/2024,09:16:49,52818.3,52810,15,52813.55,60,0,218865
BANKNIFTY-II.NFO,07/11/2024,09:16:50,52818.3,52810,15,52813.7,45,0,218865
BANKNIFTY-II.NFO,07/11/2024,09:16:51,52810,52804.45,30,52813.4,45,15,218865
BANKNIFTY-II.NFO,07/11/2024,09:16:52,52813.15,52804.45,30,52814.45,30,15,218865
BANKNIFTY-II.NFO,07/11/2024,09:16:54,52813.15,52804.45,30,52812.95,45,0,218865
BANKNIFTY-II.NFO,07/11/2024,09:16:55,52804.45,52804.45,15,52812.4,45,15,218865
BANKNIFTY-II.NFO,07/11/2024,09:16:56,52802,52800,120,52812.15,30,45,218865
BANKNIFTY-II.NFO,07/11/2024,09:16:57,52800,52800,30,52812.35,30,105,218865
BANKNIFTY-II.NFO,07/11/2024,09:16:58,52800,52800,30,52814.45,45,0,218865
BANKNIFTY-II.NFO,07/11/2024,09:16:59,52812.35,52800,30,52810.55,15,30,218865
BANKNIFTY-II.NFO,07/11/2024,09:17:00,52798,52790,30,52798.05,15,195,218865
BANKNIFTY-II.NFO,07/11/2024,09:17:01,52800,52790,30,52799.55,15,15,218865
BANKNIFTY-II.NFO,07/11/2024,09:17:02,52796.05,52790,30,52796.05,15,30,218865
BANKNIFTY-II.NFO,07/11/2024,09:17:03,52796.05,52790,30,52796,30,15,218865
BANKNIFTY-II.NFO,07/11/2024,09:17:04,52790,52785,15,52793,15,30,218865
BANKNIFTY-II.NFO,07/11/2024,09:17:05,52790,52785,15,52797,30,0,218865
BANKNIFTY-II.NFO,07/11/2024,09:17:06,52790,52785,15,52800,30,0,218865
BANKNIFTY-II.NFO,07/11/2024,09:17:07,52790,52785,15,52794,15,0,218865
BANKNIFTY-II.NFO,07/11/2024,09:17:08,52790,52785,15,52791,15,0,218865
BANKNIFTY-II.NFO,07/11/2024,09:17:09,52790,52785,15,52793,15,0,218865
BANKNIFTY-II.NFO,07/11/2024,09:17:10,52789,52780,30,52789,15,30,218865
BANKNIFTY-II.NFO,07/11/2024,09:17:11,52788.95,52780,30,52788,105,15,218865
BANKNIFTY-II.NFO,07/11/2024,09:17:12,52780,52771,300,52779,60,75,218865
BANKNIFTY-II.NFO,07/11/2024,09:17:13,52784.45,52771.05,15,52786,45,225,218865
BANKNIFTY-II.NFO,07/11/2024,09:17:14,52784.45,52771.5,30,52788.95,30,0,218865
BANKNIFTY-II.NFO,07/11/2024,09:17:15,52786.4,52771.5,30,52788,45,105,218865
BANKNIFTY-II.NFO,07/11/2024,09:17:16,52786.4,52772.1,15,52788,195,0,218865
BANKNIFTY-II.NFO,07/11/2024,09:17:17,52786.4,52772.1,30,52789,300,0,218865
BANKNIFTY-II.NFO,07/11/2024,09:17:18,52772.65,52772.6,60,52791.65,30,30,218865
BANKNIFTY-II.NFO,07/11/2024,09:17:19,52772.65,52773.95,60,52792.75,30,0,218865
BANKNIFTY-II.NFO,07/11/2024,09:17:20,52772.65,52778.2,60,52797.95,30,0,218865
BANKNIFTY-II.NFO,07/11/2024,09:17:21,52772.65,52779,60,52795.6,15,0,218865
BANKNIFTY-II.NFO,07/11/2024,09:17:22,52772.65,52779.6,60,52794.85,15,0,218865
BANKNIFTY-II.NFO,07/11/2024,09:17:23,52772.65,52773,300,52790.95,30,0,218865
BANKNIFTY-II.NFO,07/11/2024,09:17:24,52772.65,52773,300,52783.85,30,0,218865
BANKNIFTY-II.NFO,07/11/2024,09:17:25,52772.65,52773,300,52786.95,30,0,218865
BANKNIFTY-II.NFO,07/11/2024,09:17:26,52772.65,52773.05,75,52791.95,30,0,218865
BANKNIFTY-II.NFO,07/11/2024,09:17:27,52772.65,52773,300,52789.95,30,0,218865
BANKNIFTY-II.NFO,07/11/2024,09:17:29,52773,52773,285,52785.95,30,15,218865
BANKNIFTY-II.NFO,07/11/2024,09:17:30,52773,52773,270,52785.8,30,15,218865
BANKNIFTY-II.NFO,07/11/2024,09:17:31,52773,52773,270,52783.95,30,0,218865
BANKNIFTY-II.NFO,07/11/2024,09:17:32,52773,52775,270,52789.95,30,0,218865
BANKNIFTY-II.NFO,07/11/2024,09:17:33,52775,52775,255,52786.2,15,30,218865
BANKNIFTY-II.NFO,07/11/2024,09:17:34,52775,52775,270,52789.8,15,0,218865
BANKNIFTY-II.NFO,07/11/2024,09:17:35,52775,52777.15,60,52794.95,15,0,218865
BANKNIFTY-II.NFO,07/11/2024,09:17:36,52775.05,52775.1,60,52791.95,30,15,218865
BANKNIFTY-II.NFO,07/11/2024,09:17:37,52775.05,52786.2,15,52793.85,30,0,218865
BANKNIFTY-II.NFO,07/11/2024,09:17:38,52775.05,52786.2,15,52792.95,30,0,218865
BANKNIFTY-II.NFO,07/11/2024,09:17:39,52775.05,52786.2,15,52796.5,30,0,218865
BANKNIFTY-II.NFO,07/11/2024,09:17:40,52786.2,52779.2,60,52796.95,30,15,218865
BANKNIFTY-II.NFO,07/11/2024,09:17:41,52786.2,52780.05,15,52793.95,30,0,218865
BANKNIFTY-II.NFO,07/11/2024,09:17:42,52786.2,52780.05,15,52791.3,30,0,218865
BANKNIFTY-II.NFO,07/11/2024,09:17:43,52790.95,52780.05,15,52790.45,15,30,218865
BANKNIFTY-II.NFO,07/11/2024,09:17:44,52775.05,52775,255,52786.95,45,15,218865
BANKNIFTY-II.NFO,07/11/2024,09:17:45,52775,52775,225,52786.1,75,30,218865
BANKNIFTY-II.NFO,07/11/2024,09:17:46,52775,52775,225,52784.35,150,0,218865
BANKNIFTY-II.NFO,07/11/2024,09:17:48,52775,52776,15,52785.15,150,0,218865
BANKNIFTY-II.NFO,07/11/2024,09:17:49,52775,52776,15,52787.55,120,0,218865
BANKNIFTY-II.NFO,07/11/2024,09:17:50,52775,52775.05,60,52790.95,60,150,218865
BANKNIFTY-II.NFO,07/11/2024,09:17:51,52775,52781.6,60,52799,45,0,218865
BANKNIFTY-II.NFO,07/11/2024,09:17:52,52775,52781.85,60,52799,45,0,218865
BANKNIFTY-II.NFO,07/11/2024,09:17:53,52775,52784.5,60,52800,15,0,218865
BANKNIFTY-II.NFO,07/11/2024,09:17:54,52775,52789.8,60,52800,15,0,218865
BANKNIFTY-II.NFO,07/11/2024,09:17:55,52775,52794.15,60,52800,15,0,218865
BANKNIFTY-II.NFO,07/11/2024,09:17:56,52800,52797.5,60,52810,300,15,218865
BANKNIFTY-II.NFO,07/11/2024,09:17:57,52800,52803.4,60,52810,300,0,218865
BANKNIFTY-II.NFO,07/11/2024,09:18:00,52800,52800.7,60,52810,300,0,218865
BANKNIFTY-II.NFO,07/11/2024,09:18:01,52810,52805.95,60,52825,45,300,218865
BANKNIFTY-II.NFO,07/11/2024,09:18:02,52810.35,52814.6,30,52830,45,30,218865
BANKNIFTY-II.NFO,07/11/2024,09:18:03,52810.35,52812.9,45,52830,45,0,218865
BANKNIFTY-II.NFO,07/11/2024,09:18:04,52810.35,52809.1,60,52828,45,0,218865
BANKNIFTY-II.NFO,07/11/2024,09:18:05,52828,52813.1,30,52831,30,15,218865
BANKNIFTY-II.NFO,07/11/2024,09:18:06,52828,52815.35,30,52833,30,0,218865
BANKNIFTY-II.NFO,07/11/2024,09:18:07,52828,52815.6,30,52832,30,0,218865
BANKNIFTY-II.NFO,07/11/2024,09:18:08,52828,52815.35,30,52832.95,30,0,218865
BANKNIFTY-II.NFO,07/11/2024,09:18:09,52828,52814.6,30,52832,30,0,218865
BANKNIFTY-II.NFO,07/11/2024,09:18:10,52834,52817.25,30,52835,15,15,218865
BANKNIFTY-II.NFO,07/11/2024,09:18:11,52834,52816.3,30,52834,15,0,218865
BANKNIFTY-II.NFO,07/11/2024,09:18:12,52834,52825.35,30,52839.35,15,0,218865
BANKNIFTY-II.NFO,07/11/2024,09:18:13,52845,52835.1,30,52845,60,45,218865
BANKNIFTY-II.NFO,07/11/2024,09:18:14,52845,52830.75,30,52845,60,0,218865
BANKNIFTY-II.NFO,07/11/2024,09:18:15,52845,52830.65,30,52845,60,0,218865
BANKNIFTY-II.NFO,07/11/2024,09:18:16,52845,52830.4,30,52845,15,45,218865
BANKNIFTY-II.NFO,07/11/2024,09:18:18,52845,52838.6,30,52854,15,15,218865
BANKNIFTY-II.NFO,07/11/2024,09:18:19,52858.25,52838.65,15,52863.6,15,30,218865
BANKNIFTY-II.NFO,07/11/2024,09:18:21,52858.25,52843.35,45,52864.7,90,0,218865
BANKNIFTY-II.NFO,07/11/2024,09:18:23,52858.25,52857.85,15,52870.75,90,0,218865
BANKNIFTY-II.NFO,07/11/2024,09:18:24,52858.25,52857.85,15,52875.55,90,0,218865
BANKNIFTY-II.NFO,07/11/2024,09:18:26,52858.25,52857.85,15,52868.6,90,0,218865
BANKNIFTY-II.NFO,07/11/2024,09:18:28,52858.25,52857.85,15,52869.55,90,0,218865
BANKNIFTY-II.NFO,07/11/2024,09:18:29,52858.25,52857.85,15,52866.2,90,0,218865
BANKNIFTY-II.NFO,07/11/2024,09:18:31,52857.85,52850,30,52863.85,90,15,219300
BANKNIFTY-II.NFO,07/11/2024,09:18:33,52857.85,52850,30,52863.4,105,0,219300
BANKNIFTY-II.NFO,07/11/2024,09:18:34,52857.85,52850.05,30,52866.15,90,0,219300
BANKNIFTY-II.NFO,07/11/2024,09:18:36,52857.85,52850.05,30,52871.65,60,0,219300
BANKNIFTY-II.NFO,07/11/2024,09:18:38,52857.85,52850,45,52871.65,90,0,219300
BANKNIFTY-II.NFO,07/11/2024,09:18:39,52857.85,52857.85,15,52860,30,0,219300
BANKNIFTY-II.NFO,07/11/2024,09:18:41,52857.85,52857,15,52860,30,15,219300
BANKNIFTY-II.NFO,07/11/2024,09:18:43,52857.85,52857,15,52860,30,0,219300
BANKNIFTY-II.NFO,07/11/2024,09:18:44,52857.85,52857.7,15,52860,30,0,219300
BANKNIFTY-II.NFO,07/11/2024,09:18:46,52877.35,52858.75,30,52876.5,105,45,219300
BANKNIFTY-II.NFO,07/11/2024,09:18:48,52877.35,52858.75,15,52872.9,90,0,219300
BANKNIFTY-II.NFO,07/11/2024,09:18:49,52877.35,52858.75,15,52860,75,0,219300
BANKNIFTY-II.NFO,07/11/2024,09:18:51,52860,52858.75,15,52860,45,30,219300
BANKNIFTY-II.NFO,07/11/2024,09:18:53,52860,52858.75,15,52860,45,0,219300
BANKNIFTY-II.NFO,07/11/2024,09:18:54,52857,52850,30,52859.95,75,180,219300
BANKNIFTY-II.NFO,07/11/2024,09:18:56,52859.95,52850,30,52859.9,90,15,219300
BANKNIFTY-II.NFO,07/11/2024,09:18:57,52859.9,52850,30,52856.5,75,15,219300
BANKNIFTY-II.NFO,07/11/2024,09:18:59,52859.9,52850,30,52854.5,75,0,219300
BANKNIFTY-II.NFO,07/11/2024,09:19:01,52850,52826.15,60,52851.55,90,30,219300
BANKNIFTY-II.NFO,07/11/2024,09:19:02,52850,52818.55,60,52839.05,105,0,219300
BANKNIFTY-II.NFO,07/11/2024,09:19:04,52850,52817.25,60,52836.95,105,0,219300
BANKNIFTY-II.NFO,07/11/2024,09:19:06,52850,52810.75,60,52832.4,90,0,219300
BANKNIFTY-II.NFO,07/11/2024,09:19:07,52814.3,52813.4,45,52833.55,90,45,219300
BANKNIFTY-II.NFO,07/11/2024,09:19:09,52813.4,52809.25,60,52831.75,90,15,219300
BANKNIFTY-II.NFO,07/11/2024,09:19:11,52813.4,52803.2,45,52823.3,90,0,219300
BANKNIFTY-II.NFO,07/11/2024,09:19:12,52813.4,52803.3,30,52824.2,90,0,219300
BANKNIFTY-II.NFO,07/11/2024,09:19:14,52813.4,52803.2,45,52824.2,105,0,219300
BANKNIFTY-II.NFO,07/11/2024,09:19:16,52813.4,52800.6,75,52820.15,90,0,219300
BANKNIFTY-II.NFO,07/11/2024,09:19:17,52800.4,52800,120,52815.35,60,15,219300
BANKNIFTY-II.NFO,07/11/2024,09:19:19,52819.1,52801.85,60,52817.2,60,30,219300
BANKNIFTY-II.NFO,07/11/2024,09:19:20,52819.1,52802.55,60,52817.2,15,0,219300
BANKNIFTY-II.NFO,07/11/2024,09:19:22,52818.5,52800.35,75,52818.5,15,15,219300
BANKNIFTY-II.NFO,07/11/2024,09:19:24,52818.5,52803.85,75,52819.25,285,0,219300
BANKNIFTY-II.NFO,07/11/2024,09:19:26,52818.5,52803.9,30,52820.5,300,0,219300
BANKNIFTY-II.NFO,07/11/2024,09:19:27,52818.5,52810.05,75,52827.45,15,0,219300
BANKNIFTY-II.NFO,07/11/2024,09:19:29,52806.55,52804.2,60,52823.2,60,60,219300
BANKNIFTY-II.NFO,07/11/2024,09:19:31,52824.9,52809.45,30,52824.9,300,30,219300
BANKNIFTY-II.NFO,07/11/2024,09:19:32,52824.9,52810.65,30,52818.5,15,0,219300
BANKNIFTY-II.NFO,07/11/2024,09:19:34,52807.25,52809.5,30,52818.5,15,30,219300
BANKNIFTY-II.NFO,07/11/2024,09:19:36,52818.5,52821.75,30,52847.1,90,15,219300
BANKNIFTY-II.NFO,07/11/2024,09:19:37,52821.75,52819.1,60,52834.95,15,15,219300
BANKNIFTY-II.NFO,07/11/2024,09:19:39,52821.75,52819.1,60,52833.75,60,0,219300
BANKNIFTY-II.NFO,07/11/2024,09:19:41,52821.75,52819.1,60,52828.25,60,0,219300
BANKNIFTY-II.NFO,07/11/2024,09:19:42,52821.75,52819.1,60,52828.85,75,0,219300
BANKNIFTY-II.NFO,07/11/2024,09:19:44,52821.75,52819.15,45,52836.95,15,0,219300
BANKNIFTY-II.NFO,07/11/2024,09:19:45,52821.75,52820.05,45,52838.75,75,0,219300
BANKNIFTY-II.NFO,07/11/2024,09:19:47,52821.75,52822.1,30,52842.6,75,0,219300
BANKNIFTY-II.NFO,07/11/2024,09:19:49,52820.1,52820.45,30,52840.4,60,195,219300
BANKNIFTY-II.NFO,07/11/2024,09:19:50,52820.1,52828.05,30,52845.25,15,0,219300
BANKNIFTY-II.NFO,07/11/2024,09:19:52,52820.1,52829.85,30,52849.75,60,0,219300
BANKNIFTY-II.NFO,07/11/2024,09:19:54,52820.1,52833.7,15,52851.2,60,0,219300
BANKNIFTY-II.NFO,07/11/2024,09:19:55,52820.1,52826.65,15,52844.25,60,0,219300
BANKNIFTY-II.NFO,07/11/2024,09:19:57,52820.1,52824.35,30,52842.55,75,0,219300
BANKNIFTY-II.NFO,07/11/2024,09:19:59,52843.2,52828.4,30,52846.85,105,30,219300
BANKNIFTY-II.NFO,07/11/2024,09:20:00,52843.2,52823.85,30,52843.85,60,0,219300
BANKNIFTY-II.NFO,07/11/2024,09:20:02,52825.35,52823.4,15,52841.6,30,150,219300
BANKNIFTY-II.NFO,07/11/2024,09:20:04,52825.35,52826.45,15,52843.35,45,0,219300
BANKNIFTY-II.NFO,07/11/2024,09:20:05,52825.35,52823.35,15,52838.6,90,0,219300
BANKNIFTY-II.NFO,07/11/2024,09:20:07,52825.35,52824.65,15,52835.95,60,0,219300
BANKNIFTY-II.NFO,07/11/2024,09:20:09,52825.35,52825.5,15,52842.5,75,0,219300
BANKNIFTY-II.NFO,07/11/2024,09:20:10,52825.35,52825.5,15,52836.85,75,0,219300
BANKNIFTY-II.NFO,07/11/2024,09:20:12,52825.35,52825.5,15,52833.2,60,0,219300
BANKNIFTY-II.NFO,07/11/2024,09:20:13,52825.35,52825.5,15,52839.15,60,0,219300
BANKNIFTY-II.NFO,07/11/2024,09:20:15,52825.35,52825.5,15,52839.85,75,0,219300
BANKNIFTY-II.NFO,07/11/2024,09:20:17,52825.35,52825.5,15,52836.85,60,0,219300
BANKNIFTY-II.NFO,07/11/2024,09:20:18,52825.5,52825,30,52836.75,60,15,219300
BANKNIFTY-II.NFO,07/11/2024,09:20:20,52825.5,52825.5,30,52846.4,75,0,219300
BANKNIFTY-II.NFO,07/11/2024,09:20:22,52855.15,52841.85,60,52859.95,30,105,219300
BANKNIFTY-II.NFO,07/11/2024,09:20:23,52860,52855.1,30,52869.95,60,90,219300
BANKNIFTY-II.NFO,07/11/2024,09:20:25,52860,52848.7,60,52869.35,75,0,219300
BANKNIFTY-II.NFO,07/11/2024,09:20:27,52860,52857.2,60,52870,15,0,219300
BANKNIFTY-II.NFO,07/11/2024,09:20:28,52857.05,52860.1,15,52866.4,30,75,219300
BANKNIFTY-II.NFO,07/11/2024,09:20:30,52857.05,52860,15,52870,15,0,219300
BANKNIFTY-II.NFO,07/11/2024,09:20:32,52860,52853.6,60,52870,15,15,219300
BANKNIFTY-II.NFO,07/11/2024,09:20:33,52870,52855.75,60,52872.4,75,15,219300
BANKNIFTY-II.NFO,07/11/2024,09:20:35,52870,52857,60,52876.7,75,0,219300
BANKNIFTY-II.NFO,07/11/2024,09:20:37,52870,52859.15,60,52877.3,105,0,219300
BANKNIFTY-II.NFO,07/11/2024,09:20:38,52870,52865.1,60,52884.45,75,0,219300
BANKNIFTY-II.NFO,07/11/2024,09:20:40,52890,52857.05,15,52883.25,330,495,219300
BANKNIFTY-II.NFO,07/11/2024,09:20:42,52890,52857.05,15,52874.5,90,0,219300
BANKNIFTY-II.NFO,07/11/2024,09:20:43,52890,52870,30,52871.9,75,0,219300
BANKNIFTY-II.NFO,07/11/2024,09:20:45,52866.6,52857.05,15,52862.65,60,45,219300
BANKNIFTY-II.NFO,07/11/2024,09:20:46,52857.05,52828.7,45,52847.05,60,15,219300
BANKNIFTY-II.NFO,07/11/2024,09:20:48,52838.35,52838.35,15,52858.85,60,15,219300
BANKNIFTY-II.NFO,07/11/2024,09:20:50,52838.35,52837.7,60,52858.4,30,0,219300
BANKNIFTY-II.NFO,07/11/2024,09:20:51,52834,52831.15,30,52846.9,30,45,219300
BANKNIFTY-II.NFO,07/11/2024,09:20:53,52834,52829.2,60,52847.95,30,0,219300
BANKNIFTY-II.NFO,07/11/2024,09:20:55,52834,52829.25,90,52848.95,30,0,219300
BANKNIFTY-II.NFO,07/11/2024,09:20:56,52829.25,52832.05,60,52853.8,45,15,219300
BANKNIFTY-II.NFO,07/11/2024,09:20:58,52853.8,52834.7,90,52853.8,15,75,219300
BANKNIFTY-II.NFO,07/11/2024,09:21:00,52853.8,52836.25,60,52854.9,15,0,219300
BANKNIFTY-II.NFO,07/11/2024,09:21:01,52853.8,52837.85,75,52860.35,15,0,219300
BANKNIFTY-II.NFO,07/11/2024,09:21:03,52853.8,52837.95,60,52857.75,15,0,219300
BANKNIFTY-II.NFO,07/11/2024,09:21:05,52853.8,52840.85,90,52861.6,15,0,219300
BANKNIFTY-II.NFO,07/11/2024,09:21:06,52853.8,52837.6,60,52854,30,0,219300
BANKNIFTY-II.NFO,07/11/2024,09:21:08,52853.8,52844,15,52853.95,15,0,219300
BANKNIFTY-II.NFO,07/11/2024,09:21:10,52844,52837.55,60,52854,30,15,219300
BANKNIFTY-II.NFO,07/11/2024,09:21:11,52844,52840.25,60,52854,30,0,219300
BANKNIFTY-II.NFO,07/11/2024,09:21:13,52844,52836.65,75,52854,30,0,219300
BANKNIFTY-II.NFO,07/11/2024,09:21:15,52844,52845.05,60,52854,30,0,219300
BANKNIFTY-II.NFO,07/11/2024,09:21:16,52844,52853.85,60,52854,30,0,219300
BANKNIFTY-II.NFO,07/11/2024,09:21:18,52844,52853.8,150,52854,30,0,219300
BANKNIFTY-II.NFO,07/11/2024,09:21:21,52854,52853.85,60,52873.95,15,30,219300
BANKNIFTY-II.NFO,07/11/2024,09:21:23,52854,52853.85,75,52874.95,15,0,219300
BANKNIFTY-II.NFO,07/11/2024,09:21:24,52854,52853.85,60,52871.95,15,0,219300
BANKNIFTY-II.NFO,07/11/2024,09:21:26,52854,52853.8,150,52867.95,15,0,219300
BANKNIFTY-II.NFO,07/11/2024,09:21:28,52853.8,52844,45,52850.7,15,150,219255
BANKNIFTY-II.NFO,07/11/2024,09:21:29,52844,52844,15,52855,15,30,219255
BANKNIFTY-II.NFO,07/11/2024,09:21:31,52844,52844,15,52849.8,45,0,219255
BANKNIFTY-II.NFO,07/11/2024,09:21:33,52844,52844,15,52853.35,15,0,219255
BANKNIFTY-II.NFO,07/11/2024,09:21:34,52835,52830.15,105,52851.5,15,30,219255
BANKNIFTY-II.NFO,07/11/2024,09:21:36,52835,52830,90,52845.85,15,0,219255
BANKNIFTY-II.NFO,07/11/2024,09:21:38,52835,52830,90,52842.5,15,0,219255
BANKNIFTY-II.NFO,07/11/2024,09:21:39,52844.55,52830,90,52842.6,60,60,219255
BANKNIFTY-II.NFO,07/11/2024,09:21:41,52844.55,52830,90,52839,60,0,219255
BANKNIFTY-II.NFO,07/11/2024,09:21:42,52844.55,52830,90,52837.3,60,0,219255
BANKNIFTY-II.NFO,07/11/2024,09:21:44,52844.55,52830,90,52837.85,60,0,219255
BANKNIFTY-II.NFO,07/11/2024,09:21:46,52844.55,52830,90,52833.6,60,0,219255
BANKNIFTY-II.NFO,07/11/2024,09:21:47,52844.55,52830,90,52835.9,60,0,219255
BANKNIFTY-II.NFO,07/11/2024,09:21:49,52839.6,52830,90,52840.95,30,30,219255
BANKNIFTY-II.NFO,07/11/2024,09:21:50,52839.6,52830,90,52835.5,30,0,219255
BANKNIFTY-II.NFO,07/11/2024,09:21:52,52839.6,52830,90,52835.75,75,0,219255
BANKNIFTY-II.NFO,07/11/2024,09:21:53,52839.6,52830,165,52833.25,75,0,219255
BANKNIFTY-II.NFO,07/11/2024,09:21:55,52839.6,52830,165,52840,300,0,219255
BANKNIFTY-II.NFO,07/11/2024,09:21:57,52839.6,52830,165,52836.15,60,0,219255
BANKNIFTY-II.NFO,07/11/2024,09:21:58,52830,52830,150,52832.1,300,15,219255
BANKNIFTY-II.NFO,07/11/2024,09:22:00,52830,52820,30,52830.35,105,150,219255
BANKNIFTY-II.NFO,07/11/2024,09:22:01,52830,52824.35,60,52843.65,300,0,219255
BANKNIFTY-II.NFO,07/11/2024,09:22:03,52830,52820.05,75,52841,90,0,219255
BANKNIFTY-II.NFO,07/11/2024,09:22:05,52830,52825.15,60,52843.75,75,0,219255
BANKNIFTY-II.NFO,07/11/2024,09:22:06,52830,52831.8,90,52844,15,0,219255
BANKNIFTY-II.NFO,07/11/2024,09:22:08,52830,52833.15,60,52844,15,0,219255
BANKNIFTY-II.NFO,07/11/2024,09:22:10,52844,52827.2,60,52844.55,30,15,219255
BANKNIFTY-II.NFO,07/11/2024,09:22:11,52844.55,52826.6,75,52847,90,30,219255
BANKNIFTY-II.NFO,07/11/2024,09:22:13,52844.55,52820.45,60,52837.8,45,0,219255
BANKNIFTY-II.NFO,07/11/2024,09:22:14,52844.55,52820,30,52833.15,120,0,219255
BANKNIFTY-II.NFO,07/11/2024,09:22:16,52844.55,52820.05,60,52835.85,45,0,219255
BANKNIFTY-II.NFO,07/11/2024,09:22:18,52844.55,52828.7,60,52847.15,75,0,219255
BANKNIFTY-II.NFO,07/11/2024,09:22:19,52844.55,52822.4,75,52842.2,120,0,219255
BANKNIFTY-II.NFO,07/11/2024,09:22:21,52844.55,52820.15,60,52836.65,45,0,219255
BANKNIFTY-II.NFO,07/11/2024,09:22:23,52844.55,52820,30,52833.5,300,0,219255
BANKNIFTY-II.NFO,07/11/2024,09:22:24,52844.55,52820,30,52830,300,0,219255
BANKNIFTY-II.NFO,07/11/2024,09:22:26,52844.55,52820,30,52831.5,300,0,219255
BANKNIFTY-II.NFO,07/11/2024,09:22:28,52844.55,52820,30,52827.6,45,0,219255
BANKNIFTY-II.NFO,07/11/2024,09:22:29,52844.55,52820,30,52824.1,120,0,219255
BANKNIFTY-II.NFO,07/11/2024,09:22:31,52820,52810,15,52817.15,300,30,219255
BANKNIFTY-II.NFO,07/11/2024,09:22:33,52820,52810,15,52817.35,60,0,219255
BANKNIFTY-II.NFO,07/11/2024,09:22:34,52814.1,52810,15,52816.2,285,15,219255
BANKNIFTY-II.NFO,07/11/2024,09:22:36,52814.9,52810,15,52816.05,75,15,219255
BANKNIFTY-II.NFO,07/11/2024,09:22:38,52810,52807.25,15,52810,45,15,219255
BANKNIFTY-II.NFO,07/11/2024,09:22:39,52810.45,52807.25,15,52809.25,45,15,219255
BANKNIFTY-II.NFO,07/11/2024,09:22:41,52807.25,52805,15,52807.45,30,15,219255
BANKNIFTY-II.NFO,07/11/2024,09:22:42,52804,52801,15,52807.95,120,30,219255
BANKNIFTY-II.NFO,07/11/2024,09:22:44,52801,52800,180,52800.9,15,15,219255
BANKNIFTY-II.NFO,07/11/2024,09:22:46,52801,52800,180,52800.9,15,0,219255
BANKNIFTY-II.NFO,07/11/2024,09:22:49,52801,52800,165,52811.75,45,30,219255
BANKNIFTY-II.NFO,07/11/2024,09:22:51,52800,52800,150,52808.15,300,15,219255
BANKNIFTY-II.NFO,07/11/2024,09:22:52,52808,52800,150,52808.25,285,15,219255
BANKNIFTY-II.NFO,07/11/2024,09:22:54,52808,52800,150,52806.25,15,0,219255
BANKNIFTY-II.NFO,07/11/2024,09:22:56,52800,52801.15,60,52815.7,300,60,219255
BANKNIFTY-II.NFO,07/11/2024,09:22:57,52800,52800,90,52811.35,300,0,219255
BANKNIFTY-II.NFO,07/11/2024,09:22:59,52800,52800,90,52807.85,75,0,219255
BANKNIFTY-II.NFO,07/11/2024,09:23:01,52800,52800.25,60,52813.05,300,0,219255
BANKNIFTY-II.NFO,07/11/2024,09:23:02,52800.95,52800,90,52809.85,75,15,219255
BANKNIFTY-II.NFO,07/11/2024,09:23:04,52808.4,52800.3,60,52813.15,300,30,219255
BANKNIFTY-II.NFO,07/11/2024,09:23:05,52808.4,52800.75,60,52809.95,15,0,219255
BANKNIFTY-II.NFO,07/11/2024,09:23:07,52808.4,52800.15,75,52809.95,15,0,219255
BANKNIFTY-II.NFO,07/11/2024,09:23:09,52808.4,52801.1,60,52809.95,15,0,219255
BANKNIFTY-II.NFO,07/11/2024,09:23:10,52808.4,52800.05,60,52814.35,345,0,219255
BANKNIFTY-II.NFO,07/11/2024,09:23:12,52808.4,52804.7,75,52817.95,15,0,219255
BANKNIFTY-II.NFO,07/11/2024,09:23:14,52808.4,52800.05,60,52809.95,15,0,219255
BANKNIFTY-II.NFO,07/11/2024,09:23:15,52798.05,52800.4,15,52805.95,15,150,219255
BANKNIFTY-II.NFO,07/11/2024,09:23:17,52798.05,52800.45,60,52812.45,300,0,219255
BANKNIFTY-II.NFO,07/11/2024,09:23:19,52798.05,52800.45,60,52812.1,300,0,219255
BANKNIFTY-II.NFO,07/11/2024,09:23:20,52798.05,52800.45,60,52811.95,15,0,219255
BANKNIFTY-II.NFO,07/11/2024,09:23:22,52798.05,52800.45,60,52811.6,300,0,219255
BANKNIFTY-II.NFO,07/11/2024,09:23:24,52798.05,52800.4,15,52809.45,300,0,219255
BANKNIFTY-II.NFO,07/11/2024,09:23:25,52798.05,52800.4,15,52807,300,0,219255
BANKNIFTY-II.NFO,07/11/2024,09:23:27,52811.65,52800.45,60,52813.9,60,300,219255
BANKNIFTY-II.NFO,07/11/2024,09:23:29,52800.45,52800.45,60,52815.95,15,15,219255
BANKNIFTY-II.NFO,07/11/2024,09:23:30,52800.45,52804.05,90,52819.95,15,0,219255
BANKNIFTY-II.NFO,07/11/2024,09:23:32,52800.45,52801.9,45,52813.95,15,0,219255
BANKNIFTY-II.NFO,07/11/2024,09:23:34,52815.95,52800.4,15,52811.95,15,30,219255
BANKNIFTY-II.NFO,07/11/2024,09:23:35,52815.95,52800.4,15,52813.9,60,0,219255
BANKNIFTY-II.NFO,07/11/2024,09:23:37,52815.95,52800.4,15,52811.9,60,0,219255
BANKNIFTY-II.NFO,07/11/2024,09:23:39,52815.95,52800.4,15,52809.9,60,0,219255
BANKNIFTY-II.NFO,07/11/2024,09:23:40,52815.95,52800.4,15,52808.9,60,0,219255
BANKNIFTY-II.NFO,07/11/2024,09:23:42,52815.95,52800.4,15,52809.85,60,0,219255
BANKNIFTY-II.NFO,07/11/2024,09:23:44,52815.95,52800.4,15,52806.15,60,0,219255
BANKNIFTY-II.NFO,07/11/2024,09:23:45,52800.4,52800,45,52801.85,60,15,219255
BANKNIFTY-II.NFO,07/11/2024,09:23:47,52798.25,52790,90,52793.35,60,60,219255
BANKNIFTY-II.NFO,07/11/2024,09:23:49,52790,52780,30,52785.55,60,90,219255
BANKNIFTY-II.NFO,07/11/2024,09:23:51,52777,52777,135,52786.7,60,90,219255
BANKNIFTY-II.NFO,07/11/2024,09:23:52,52777,52777,135,52786.7,60,0,219255
BANKNIFTY-II.NFO,07/11/2024,09:23:55,52777,52777.05,60,52791.85,45,45,219255
BANKNIFTY-II.NFO,07/11/2024,09:23:57,52777,52777,90,52780,15,0,219255
BANKNIFTY-II.NFO,07/11/2024,09:23:59,52777,52777,90,52779.4,300,0,219255
BANKNIFTY-II.NFO,07/11/2024,09:24:00,52777,52777,60,52780,15,30,219255
BANKNIFTY-II.NFO,07/11/2024,09:24:02,52786.7,52777,60,52786.75,15,30,219255
BANKNIFTY-II.NFO,07/11/2024,09:24:04,52786.7,52777.05,60,52787.85,195,150,219255
BANKNIFTY-II.NFO,07/11/2024,09:24:05,52786.7,52777.05,60,52786.9,300,0,219255
BANKNIFTY-II.NFO,07/11/2024,09:24:07,52786.7,52777,75,52786.65,15,0,219255
BANKNIFTY-II.NFO,07/11/2024,09:24:09,52786.7,52777.05,60,52786.95,300,0,219255
BANKNIFTY-II.NFO,07/11/2024,09:24:10,52786.7,52778.85,60,52791.1,300,0,219255
BANKNIFTY-II.NFO,07/11/2024,09:24:12,52777.05,52777.05,75,52786.7,15,15,219255
BANKNIFTY-II.NFO,07/11/2024,09:24:14,52777.05,52777,75,52786.65,30,0,219255
BANKNIFTY-II.NFO,07/11/2024,09:24:15,52777.05,52777,75,52785.9,30,0,219255
BANKNIFTY-II.NFO,07/11/2024,09:24:17,52777.05,52777,75,52783.7,30,0,219255
BANKNIFTY-II.NFO,07/11/2024,09:24:19,52777.05,52777,75,52780,30,0,219255
BANKNIFTY-II.NFO,07/11/2024,09:24:20,52777,52777,30,52780,30,45,219255
BANKNIFTY-II.NFO,07/11/2024,09:24:22,52777,52777,30,52780,30,0,219255
BANKNIFTY-II.NFO,07/11/2024,09:24:25,52777,52777,15,52780,30,15,219510
BANKNIFTY-II.NFO,07/11/2024,09:24:27,52775,52773.05,30,52780,30,30,219510
BANKNIFTY-II.NFO,07/11/2024,09:24:29,52775,52773.8,15,52780,30,0,219510
BANKNIFTY-II.NFO,07/11/2024,09:24:30,52775,52774.55,15,52779.95,30,0,219510
BANKNIFTY-II.NFO,07/11/2024,09:24:32,52775,52775.45,15,52780,30,0,219510
BANKNIFTY-II.NFO,07/11/2024,09:24:33,52764.2,52768.2,45,52779.95,60,210,219510
BANKNIFTY-II.NFO,07/11/2024,09:24:35,52768.65,52764.2,45,52773.95,15,60,219510
BANKNIFTY-II.NFO,07/11/2024,09:24:37,52762.05,52762,15,52769.95,15,45,219510
BANKNIFTY-II.NFO,07/11/2024,09:24:38,52762.05,52762,15,52773.95,15,0,219510
BANKNIFTY-II.NFO,07/11/2024,09:24:40,52762,52760.15,15,52769.9,60,30,219510
BANKNIFTY-II.NFO,07/11/2024,09:24:42,52762,52760.7,15,52767.05,300,0,219510
BANKNIFTY-II.NFO,07/11/2024,09:24:43,52762.05,52761,15,52768.65,300,15,219510
BANKNIFTY-II.NFO,07/11/2024,09:24:45,52762.05,52761.2,15,52765.05,300,0,219510
BANKNIFTY-II.NFO,07/11/2024,09:24:47,52761.3,52761.2,15,52768.65,300,90,219510
BANKNIFTY-II.NFO,07/11/2024,09:24:48,52761.3,52761.2,15,52768.65,300,0,219510
BANKNIFTY-II.NFO,07/11/2024,09:24:51,52761.2,52760,45,52768.65,300,75,219510
BANKNIFTY-II.NFO,07/11/2024,09:24:53,52768.65,52760.55,30,52768.65,255,45,219510
BANKNIFTY-II.NFO,07/11/2024,09:24:55,52768.65,52760,45,52768.65,225,45,219510
BANKNIFTY-II.NFO,07/11/2024,09:24:56,52765.95,52752.55,45,52763.95,15,105,219510
BANKNIFTY-II.NFO,07/11/2024,09:24:56,52755.05,52752.55,45,52763.95,15,0,219510
BANKNIFTY-II.NFO,07/11/2024,09:24:58,52765.95,52752.5,15,52762.25,300,0,219510
BANKNIFTY-II.NFO,07/11/2024,09:25:00,52765.95,52750.05,30,52757.5,60,0,219510
BANKNIFTY-II.NFO,07/11/2024,09:25:01,52737.9,52720,30,52729.95,15,435,219510
BANKNIFTY-II.NFO,07/11/2024,09:25:01,52737.9,52720,30,52729.95,15,0,219510
BANKNIFTY-II.NFO,07/11/2024,09:25:03,52737.9,52713,30,52723.95,15,0,219510
BANKNIFTY-II.NFO,07/11/2024,09:25:05,52737.9,52712.45,15,52719.95,15,0,219510
BANKNIFTY-II.NFO,07/11/2024,09:25:08,52713,52712.45,30,52725.95,15,60,219510
BANKNIFTY-II.NFO,07/11/2024,09:25:08,52713,52712.45,30,52725.95,15,0,219510
BANKNIFTY-II.NFO,07/11/2024,09:25:10,52713,52712.5,45,52725,300,0,219510
BANKNIFTY-II.NFO,07/11/2024,09:25:11,52727.15,52712.45,30,52725.2,15,15,219510
BANKNIFTY-II.NFO,07/11/2024,09:25:13,52727.15,52712.5,45,52725.2,15,0,219510
BANKNIFTY-II.NFO,07/11/2024,09:25:16,52712.5,52712.5,45,52725.15,15,15,219510
BANKNIFTY-II.NFO,07/11/2024,09:25:16,52712.5,52712.5,45,52725.15,15,0,219510
BANKNIFTY-II.NFO,07/11/2024,09:25:18,52712.5,52712.5,45,52725.15,15,30,219510
BANKNIFTY-II.NFO,07/11/2024,09:25:19,52720,52716.3,15,52725.15,15,30,219510
BANKNIFTY-II.NFO,07/11/2024,09:25:21,52720,52717.6,30,52725.15,15,0,219510
BANKNIFTY-II.NFO,07/11/2024,09:25:23,52720,52718.15,15,52725.15,15,0,219510
BANKNIFTY-II.NFO,07/11/2024,09:25:24,52720,52718.55,30,52725.15,15,0,219510
BANKNIFTY-II.NFO,07/11/2024,09:25:26,52718.65,52718.75,15,52725.15,15,15,219510
BANKNIFTY-II.NFO,07/11/2024,09:25:28,52718.8,52721.05,30,52736.7,15,90,219510
BANKNIFTY-II.NFO,07/11/2024,09:25:29,52718.8,52726.9,15,52736.7,15,0,219510
BANKNIFTY-II.NFO,07/11/2024,09:25:31,52743,52722.05,45,52740.7,90,60,219510
BANKNIFTY-II.NFO,07/11/2024,09:25:33,52743,52719.7,45,52737.9,60,0,219510
BANKNIFTY-II.NFO,07/11/2024,09:25:34,52733.9,52719.15,60,52735.9,60,75,219510
BANKNIFTY-II.NFO,07/11/2024,09:25:36,52733.9,52719.1,30,52727.9,60,0,219510
BANKNIFTY-II.NFO,07/11/2024,09:25:38,52733.9,52720,15,52724.9,60,0,219510
BANKNIFTY-II.NFO,07/11/2024,09:25:39,52733.9,52720,15,52725.95,15,0,219510
BANKNIFTY-II.NFO,07/11/2024,09:25:41,52733.9,52720,15,52725.9,60,0,219510
BANKNIFTY-II.NFO,07/11/2024,09:25:43,52733.9,52720,15,52725.95,15,0,219510
BANKNIFTY-II.NFO,07/11/2024,09:25:44,52720,52719.1,30,52731.3,60,15,219510
BANKNIFTY-II.NFO,07/11/2024,09:25:46,52729.95,52719.15,75,52731.95,15,30,219510
BANKNIFTY-II.NFO,07/11/2024,09:25:47,52729.95,52719.1,30,52732.75,45,0,219510
BANKNIFTY-II.NFO,07/11/2024,09:25:49,52729.95,52719.1,45,52731.9,45,0,219510
BANKNIFTY-II.NFO,07/11/2024,09:25:52,52729.95,52719.1,45,52732.45,45,0,219510
BANKNIFTY-II.NFO,07/11/2024,09:25:54,52729.95,52719.1,30,52727.9,45,0,219510
BANKNIFTY-II.NFO,07/11/2024,09:25:56,52724.95,52719.1,30,52725,15,45,219510
BANKNIFTY-II.NFO,07/11/2024,09:25:57,52724.95,52719.1,30,52725,15,0,219510
BANKNIFTY-II.NFO,07/11/2024,09:26:02,52719.1,52712.45,15,52723.95,15,30,219510
BANKNIFTY-II.NFO,07/11/2024,09:26:04,52719.1,52712.45,15,52719.1,15,0,219510
BANKNIFTY-II.NFO,07/11/2024,09:26:07,52719.1,52712.45,15,52719.05,15,0,219510
BANKNIFTY-II.NFO,07/11/2024,09:26:11,52712.45,52710,15,52715.45,30,15,219510
BANKNIFTY-II.NFO,07/11/2024,09:26:11,52712.45,52710,15,52715.45,30,0,219510
BANKNIFTY-II.NFO,07/11/2024,09:26:12,52710,52707,150,52717.6,30,15,219510
BANKNIFTY-II.NFO,07/11/2024,09:26:12,52710,52707,150,52717.6,30,0,219510
BANKNIFTY-II.NFO,07/11/2024,09:26:14,52710,52707,150,52717.15,150,0,219510
BANKNIFTY-II.NFO,07/11/2024,09:26:16,52707,52707,135,52718,225,15,219510
BANKNIFTY-II.NFO,07/11/2024,09:26:16,52707,52707,135,52718,225,0,219510
BANKNIFTY-II.NFO,07/11/2024,09:26:17,52710,52707,135,52715.4,15,15,219510
BANKNIFTY-II.NFO,07/11/2024,09:26:19,52710,52707.05,15,52710,15,0,219510
BANKNIFTY-II.NFO,07/11/2024,09:26:22,52707.05,52707,135,52709.95,15,15,219510
BANKNIFTY-II.NFO,07/11/2024,09:26:24,52702,52701,15,52709.95,15,165,219510
BANKNIFTY-II.NFO,07/11/2024,09:26:24,52702,52701,15,52709.95,15,0,219510
BANKNIFTY-II.NFO,07/11/2024,09:26:25,52702,52701.05,75,52707,15,0,219510
BANKNIFTY-II.NFO,07/11/2024,09:26:27,52702,52701.05,60,52707,15,0,219510
BANKNIFTY-II.NFO,07/11/2024,09:26:29,52702.05,52702,15,52707,15,15,219510
BANKNIFTY-II.NFO,07/11/2024,09:26:30,52702,52701,15,52710,30,75,219510
BANKNIFTY-II.NFO,07/11/2024,09:26:32,52702,52702,30,52705.7,300,15,219510
BANKNIFTY-II.NFO,07/11/2024,09:26:34,52702,52702,15,52705.85,300,30,219510
BANKNIFTY-II.NFO,07/11/2024,09:26:35,52700,52700,90,52701.15,150,90,219510
BANKNIFTY-II.NFO,07/11/2024,09:26:35,52700,52700,90,52701.15,150,0,219510
BANKNIFTY-II.NFO,07/11/2024,09:26:37,52700,52700,15,52704.25,300,75,219510
BANKNIFTY-II.NFO,07/11/2024,09:26:39,52700,52700,15,52703.95,30,0,219510
BANKNIFTY-II.NFO,07/11/2024,09:26:40,52694,52694,15,52699.95,30,60,219510
BANKNIFTY-II.NFO,07/11/2024,09:26:40,52694,52694,15,52699.95,30,0,219510
BANKNIFTY-II.NFO,07/11/2024,09:26:42,52682.9,52682.9,75,52695.95,15,75,219510
BANKNIFTY-II.NFO,07/11/2024,09:26:42,52682.9,52682.9,75,52695.95,15,0,219510
BANKNIFTY-II.NFO,07/11/2024,09:26:44,52682.9,52680,90,52692.25,45,0,219510
BANKNIFTY-II.NFO,07/11/2024,09:26:45,52692.15,52680,90,52692.2,165,30,219510
BANKNIFTY-II.NFO,07/11/2024,09:26:47,52680,52680.05,75,52692.75,300,15,219510
BANKNIFTY-II.NFO,07/11/2024,09:26:47,52680,52680.05,75,52692.75,300,0,219510
BANKNIFTY-II.NFO,07/11/2024,09:26:49,52682.9,52690.65,60,52700,30,375,219510
BANKNIFTY-II.NFO,07/11/2024,09:26:50,52682.9,52688.75,105,52700,30,0,219510
BANKNIFTY-II.NFO,07/11/2024,09:26:52,52685.6,52685.85,60,52699.95,45,45,219510
BANKNIFTY-II.NFO,07/11/2024,09:26:54,52685.6,52682.7,15,52694.75,60,0,219510
BANKNIFTY-II.NFO,07/11/2024,09:26:55,52661.15,52661.3,45,52689.4,60,930,219510
BANKNIFTY-II.NFO,07/11/2024,09:26:55,52661.15,52661.3,45,52689.4,60,0,219510
BANKNIFTY-II.NFO,07/11/2024,09:26:57,52661.15,52680,15,52691.95,90,0,219510
BANKNIFTY-II.NFO,07/11/2024,09:26:59,52661.15,52680,15,52691.1,15,0,219510
BANKNIFTY-II.NFO,07/11/2024,09:27:00,52661.15,52680,15,52689.25,60,0,219510
BANKNIFTY-II.NFO,07/11/2024,09:27:02,52661.15,52680,15,52691.95,30,0,219510
BANKNIFTY-II.NFO,07/11/2024,09:27:03,52661.15,52682.7,15,52698.15,45,0,219510
BANKNIFTY-II.NFO,07/11/2024,09:27:05,52661.15,52682.7,15,52699.3,60,0,219510
BANKNIFTY-II.NFO,07/11/2024,09:27:07,52661.15,52682.7,15,52699.95,75,0,219510
BANKNIFTY-II.NFO,07/11/2024,09:27:08,52700,52680.05,60,52699.9,105,30,219510
BANKNIFTY-II.NFO,07/11/2024,09:27:10,52700,52680.05,60,52699.45,90,0,219510
BANKNIFTY-II.NFO,07/11/2024,09:27:12,52700,52680.05,60,52699.95,90,0,219510
BANKNIFTY-II.NFO,07/11/2024,09:27:13,52699.65,52680.8,60,52700,15,30,219510
BANKNIFTY-II.NFO,07/11/2024,09:27:15,52700,52681.7,60,52703.5,105,15,219510
BANKNIFTY-II.NFO,07/11/2024,09:27:16,52700,52681.75,60,52705.9,45,0,219510
BANKNIFTY-II.NFO,07/11/2024,09:27:18,52703.7,52681.45,60,52701.55,30,465,219510
BANKNIFTY-II.NFO,07/11/2024,09:27:20,52680.85,52682.45,60,52700,15,30,219510
BANKNIFTY-II.NFO,07/11/2024,09:27:21,52680.85,52682.25,60,52700,15,0,219510
BANKNIFTY-II.NFO,07/11/2024,09:27:23,52680.85,52691.75,60,52700,15,0,219510
BANKNIFTY-II.NFO,07/11/2024,09:27:25,52680.85,52688.75,60,52700,15,0,219510
BANKNIFTY-II.NFO,07/11/2024,09:27:26,52680.85,52681.35,60,52699.95,60,0,219510
BANKNIFTY-II.NFO,07/11/2024,09:27:28,52680.85,52680.05,60,52696.85,75,0,219510
BANKNIFTY-II.NFO,07/11/2024,09:27:30,52680.85,52680,30,52696.3,45,0,219510
BANKNIFTY-II.NFO,07/11/2024,09:27:31,52680.85,52680.85,15,52691.9,45,0,219510
BANKNIFTY-II.NFO,07/11/2024,09:27:33,52680.85,52680.85,15,52694.4,60,0,219510
BANKNIFTY-II.NFO,07/11/2024,09:27:34,52680.85,52680.85,15,52689.8,45,0,219510
BANKNIFTY-II.NFO,07/11/2024,09:27:36,52680.85,52680.85,30,52689.9,45,0,219510
BANKNIFTY-II.NFO,07/11/2024,09:27:38,52686,52686,15,52692.95,45,30,219480
BANKNIFTY-II.NFO,07/11/2024,09:27:39,52693.95,52689.8,15,52698.95,30,15,219480
BANKNIFTY-II.NFO,07/11/2024,09:27:41,52693.95,52689.8,15,52696.95,30,0,219480
BANKNIFTY-II.NFO,07/11/2024,09:27:43,52693.95,52689.8,15,52693.95,30,0,219480
BANKNIFTY-II.NFO,07/11/2024,09:27:44,52686,52680.85,15,52686,45,30,219480
BANKNIFTY-II.NFO,07/11/2024,09:27:46,52680.85,52680,30,52684.2,30,15,219480
BANKNIFTY-II.NFO,07/11/2024,09:27:48,52680.85,52686,15,52690.4,30,0,219480
BANKNIFTY-II.NFO,07/11/2024,09:27:49,52691.2,52686,15,52690.25,15,15,219480
BANKNIFTY-II.NFO,07/11/2024,09:27:51,52691.2,52686,15,52691.95,30,0,219480
BANKNIFTY-II.NFO,07/11/2024,09:27:53,52686,52680,75,52685.5,15,30,219480
BANKNIFTY-II.NFO,07/11/2024,09:27:54,52680,52680,60,52682.7,45,15,219480
BANKNIFTY-II.NFO,07/11/2024,09:27:56,52680,52680,75,52686.2,300,0,219480
BANKNIFTY-II.NFO,07/11/2024,09:27:58,52676,52676,1140,52685.25,300,195,219480
BANKNIFTY-II.NFO,07/11/2024,09:27:59,52676,52676.05,60,52690.25,300,0,219480
BANKNIFTY-II.NFO,07/11/2024,09:28:01,52676,52676,1140,52683.95,15,0,219480
BANKNIFTY-II.NFO,07/11/2024,09:28:03,52676,52676,1140,52683.95,30,0,219480
BANKNIFTY-II.NFO,07/11/2024,09:28:04,52676,52676,1155,52683.45,150,0,219480
BANKNIFTY-II.NFO,07/11/2024,09:28:06,52682.9,52680,15,52685.15,285,15,219480
BANKNIFTY-II.NFO,07/11/2024,09:28:08,52682.9,52680,15,52687.95,15,0,219480
BANKNIFTY-II.NFO,07/11/2024,09:28:09,52682.9,52680,15,52689.2,300,0,219480
BANKNIFTY-II.NFO,07/11/2024,09:28:11,52686.95,52680,15,52686.95,240,60,219480
BANKNIFTY-II.NFO,07/11/2024,09:28:12,52686.95,52680,15,52686.95,270,0,219480
BANKNIFTY-II.NFO,07/11/2024,09:28:14,52686.95,52685,75,52689.95,45,0,219480
BANKNIFTY-II.NFO,07/11/2024,09:28:16,52686.95,52685.05,60,52689.95,45,0,219480
BANKNIFTY-II.NFO,07/11/2024,09:28:17,52689.95,52685,75,52689.95,30,15,219480
BANKNIFTY-II.NFO,07/11/2024,09:28:19,52685,52685,60,52689.9,15,15,219480
BANKNIFTY-II.NFO,07/11/2024,09:28:21,52685,52680,15,52685.45,30,60,219480
BANKNIFTY-II.NFO,07/11/2024,09:28:22,52680,52676,1155,52684.35,150,15,219480
BANKNIFTY-II.NFO,07/11/2024,09:28:24,52680,52676,1155,52683.25,165,0,219480
BANKNIFTY-II.NFO,07/11/2024,09:28:26,52681.9,52676,1155,52681.9,60,90,219480
BANKNIFTY-II.NFO,07/11/2024,09:28:27,52681.9,52676,1155,52684.95,75,0,219480
BANKNIFTY-II.NFO,07/11/2024,09:28:29,52681.9,52681,795,52687.4,150,0,219480
BANKNIFTY-II.NFO,07/11/2024,09:28:31,52681.9,52681,795,52686.8,15,0,219480
BANKNIFTY-II.NFO,07/11/2024,09:28:32,52688.3,52681,795,52681.9,30,15,219480
BANKNIFTY-II.NFO,07/11/2024,09:28:34,52681.9,52681.05,60,52681.9,15,15,219480
BANKNIFTY-II.NFO,07/11/2024,09:28:36,52681.9,52681.05,60,52681.9,15,0,219480
BANKNIFTY-II.NFO,07/11/2024,09:28:37,52681.9,52681,795,52681.9,15,0,219480
BANKNIFTY-II.NFO,07/11/2024,09:28:39,52681.9,52681.05,60,52685.95,15,15,219480
BANKNIFTY-II.NFO,07/11/2024,09:28:41,52681.9,52681.05,60,52687.95,15,0,219480
BANKNIFTY-II.NFO,07/11/2024,09:28:42,52687.95,52681.15,60,52689.95,30,15,219480
BANKNIFTY-II.NFO,07/11/2024,09:28:44,52687.95,52681.05,60,52689.95,30,0,219480
BANKNIFTY-II.NFO,07/11/2024,09:28:46,52687.95,52682.55,60,52689.95,30,0,219480
BANKNIFTY-II.NFO,07/11/2024,09:28:47,52687.95,52682.9,60,52689.95,30,0,219480
BANKNIFTY-II.NFO,07/11/2024,09:28:49,52687.95,52682.55,60,52689.95,30,0,219480
BANKNIFTY-II.NFO,07/11/2024,09:28:51,52687.95,52687.95,15,52689.95,30,0,219480
BANKNIFTY-II.NFO,07/11/2024,09:28:52,52676,52676,315,52678.05,15,915,219480
BANKNIFTY-II.NFO,07/11/2024,09:28:54,52671.95,52665,1020,52667.25,15,375,219480
BANKNIFTY-II.NFO,07/11/2024,09:28:56,52671.95,52665,1020,52667.65,15,0,219480
BANKNIFTY-II.NFO,07/11/2024,09:28:57,52665,52665,945,52665.35,15,75,219480
BANKNIFTY-II.NFO,07/11/2024,09:28:59,52661,52661,45,52661.15,15,990,219480
BANKNIFTY-II.NFO,07/11/2024,09:28:59,52661,52661,45,52661.15,15,0,219480
BANKNIFTY-II.NFO,07/11/2024,09:29:00,52661,52661,15,52661.25,315,45,219480
BANKNIFTY-II.NFO,07/11/2024,09:29:02,52661,52661.05,60,52665,15,0,219480
BANKNIFTY-II.NFO,07/11/2024,09:29:04,52665,52667.6,75,52681.95,15,15,219480
BANKNIFTY-II.NFO,07/11/2024,09:29:05,52665,52664.4,60,52673.95,15,0,219480
BANKNIFTY-II.NFO,07/11/2024,09:29:07,52665,52661.05,75,52665,15,0,219480
BANKNIFTY-II.NFO,07/11/2024,09:29:09,52665,52662.4,75,52675.95,15,15,219480
BANKNIFTY-II.NFO,07/11/2024,09:29:10,52665,52665.8,60,52680,15,0,219480
BANKNIFTY-II.NFO,07/11/2024,09:29:12,52665,52666.95,60,52679.95,15,0,219480
BANKNIFTY-II.NFO,07/11/2024,09:29:14,52677.95,52667.4,60,52679.95,15,15,219480
BANKNIFTY-II.NFO,07/11/2024,09:29:15,52677.95,52673.25,60,52680,15,0,219480
BANKNIFTY-II.NFO,07/11/2024,09:29:17,52680,52676.45,60,52689.95,30,15,219480
BANKNIFTY-II.NFO,07/11/2024,09:29:19,52680,52679.35,60,52689.95,30,0,219480
BANKNIFTY-II.NFO,07/11/2024,09:29:20,52689.95,52682.35,75,52689.95,15,15,219480
BANKNIFTY-II.NFO,07/11/2024,09:29:22,52689.95,52683.75,60,52689.95,15,0,219480
BANKNIFTY-II.NFO,07/11/2024,09:29:24,52683.9,52685.45,60,52689.95,15,30,219480
BANKNIFTY-II.NFO,07/11/2024,09:29:25,52689.95,52683.35,75,52697.95,15,15,219480
BANKNIFTY-II.NFO,07/11/2024,09:29:27,52689.95,52689.95,30,52698.95,45,0,219480
BANKNIFTY-II.NFO,07/11/2024,09:29:29,52689.95,52692,60,52700,30,0,219480
BANKNIFTY-II.NFO,07/11/2024,09:29:30,52689.95,52689.95,45,52700,30,0,219480
BANKNIFTY-II.NFO,07/11/2024,09:29:32,52689.95,52689.95,30,52699.95,15,0,219480
BANKNIFTY-II.NFO,07/11/2024,09:29:34,52689.95,52689.95,45,52700,30,0,219480
BANKNIFTY-II.NFO,07/11/2024,09:29:35,52689.95,52690.85,45,52700,30,0,219480
BANKNIFTY-II.NFO,07/11/2024,09:29:37,52689.95,52689.95,30,52700,30,0,219480
BANKNIFTY-II.NFO,07/11/2024,09:29:38,52689.95,52689.95,15,52700,30,15,219480
BANKNIFTY-II.NFO,07/11/2024,09:29:40,52697.95,52689.95,15,52696,135,30,219480
BANKNIFTY-II.NFO,07/11/2024,09:29:42,52697.95,52689.95,15,52694,135,0,219480
BANKNIFTY-II.NFO,07/11/2024,09:29:43,52697.95,52689.95,15,52695,135,0,219480
BANKNIFTY-II.NFO,07/11/2024,09:29:45,52689.95,52680,30,52685,135,15,219480
BANKNIFTY-II.NFO,07/11/2024,09:29:47,52680,52680,15,52683,135,15,219480
BANKNIFTY-II.NFO,07/11/2024,09:29:48,52680,52680,15,52683,135,0,219480
BANKNIFTY-II.NFO,07/11/2024,09:29:50,52680,52680,15,52681.85,150,0,219480
BANKNIFTY-II.NFO,07/11/2024,09:29:52,52673.95,52661.35,30,52675.95,15,30,219480
BANKNIFTY-II.NFO,07/11/2024,09:29:53,52673.95,52661,15,52669.95,15,0,219480
BANKNIFTY-II.NFO,07/11/2024,09:29:55,52673.95,52661.05,30,52675.9,45,0,219480
BANKNIFTY-II.NFO,07/11/2024,09:29:57,52673.95,52665,90,52677.95,15,0,219480
BANKNIFTY-II.NFO,07/11/2024,09:29:58,52673.95,52671.5,240,52675.95,15,0,219480
BANKNIFTY-II.NFO,07/11/2024,09:30:00,52671.5,52671.5,345,52677.95,15,15,219480
BANKNIFTY-II.NFO,07/11/2024,09:30:02,52671.5,52671.5,285,52672.6,60,75,219480
BANKNIFTY-II.NFO,07/11/2024,09:30:03,52671.5,52671.5,255,52673.7,75,45,219480
BANKNIFTY-II.NFO,07/11/2024,09:30:05,52671.5,52671.5,255,52676,300,0,219480
BANKNIFTY-II.NFO,07/11/2024,09:30:07,52671.5,52665,75,52673.3,270,255,219480
BANKNIFTY-II.NFO,07/11/2024,09:30:08,52666,52665,75,52669,75,30,219480
BANKNIFTY-II.NFO,07/11/2024,09:30:10,52671.95,52665,75,52669.45,90,15,219480
BANKNIFTY-II.NFO,07/11/2024,09:30:12,52667.55,52665,75,52665.7,75,15,219480
BANKNIFTY-II.NFO,07/11/2024,09:30:13,52665,52661,15,52664.6,150,75,219480
BANKNIFTY-II.NFO,07/11/2024,09:30:15,52665,52660,15,52665.8,150,0,219480
BANKNIFTY-II.NFO,07/11/2024,09:30:16,52660,52655,15,52659.95,75,30,219480
BANKNIFTY-II.NFO,07/11/2024,09:30:16,52660,52655,15,52659.95,75,0,219480
BANKNIFTY-II.NFO,07/11/2024,09:30:18,52658.65,52657.9,60,52659.1,30,90,219480
BANKNIFTY-II.NFO,07/11/2024,09:30:18,52657.9,52657.9,60,52659.1,30,0,219480
BANKNIFTY-II.NFO,07/11/2024,09:30:20,52656.45,52655,15,52658.75,30,120,219480
BANKNIFTY-II.NFO,07/11/2024,09:30:20,52656.45,52655,15,52658.75,30,0,219480
BANKNIFTY-II.NFO,07/11/2024,09:30:21,52656.45,52655,15,52658,450,0,219480
BANKNIFTY-II.NFO,07/11/2024,09:30:26,52655,52651,30,52657.95,15,15,217830
BANKNIFTY-II.NFO,07/11/2024,09:30:26,52655,52651,30,52657.95,15,0,217830
BANKNIFTY-II.NFO,07/11/2024,09:30:28,52655,52651,30,52658,450,0,217830
BANKNIFTY-II.NFO,07/11/2024,09:30:29,52658,52651,30,52658,435,15,217830
BANKNIFTY-II.NFO,07/11/2024,09:30:31,52658,52651.05,75,52658,435,0,217830
BANKNIFTY-II.NFO,07/11/2024,09:30:33,52658,52652.45,60,52658,390,45,217830
BANKNIFTY-II.NFO,07/11/2024,09:30:34,52658,52655.05,60,52658,45,345,217830
BANKNIFTY-II.NFO,07/11/2024,09:30:36,52658,52655.05,75,52658,45,0,217830
BANKNIFTY-II.NFO,07/11/2024,09:30:38,52658,52655.05,75,52658,30,15,217830
BANKNIFTY-II.NFO,07/11/2024,09:30:39,52658,52655.05,75,52658,30,0,217830
BANKNIFTY-II.NFO,07/11/2024,09:30:41,52658,52656.9,75,52660,90,30,217830
BANKNIFTY-II.NFO,07/11/2024,09:30:43,52660,52658.15,75,52671,15,90,217830
BANKNIFTY-II.NFO,07/11/2024,09:30:44,52660,52658.1,15,52667.95,30,0,217830
BANKNIFTY-II.NFO,07/11/2024,09:30:46,52660,52658.1,15,52667.95,15,0,217830
BANKNIFTY-II.NFO,07/11/2024,09:30:48,52667.95,52658.1,15,52667,150,15,217830
BANKNIFTY-II.NFO,07/11/2024,09:30:49,52667.95,52658.1,15,52663.95,15,0,217830
BANKNIFTY-II.NFO,07/11/2024,09:30:51,52667.95,52660,15,52664.15,165,0,217830
BANKNIFTY-II.NFO,07/11/2024,09:30:53,52667.95,52660,15,52664.35,300,0,217830
BANKNIFTY-II.NFO,07/11/2024,09:30:54,52667.95,52660,15,52667.8,300,0,217830
BANKNIFTY-II.NFO,07/11/2024,09:30:56,52667.95,52660,30,52670.4,45,0,217830
BANKNIFTY-II.NFO,07/11/2024,09:30:58,52667.95,52667,45,52670.45,315,0,217830
BANKNIFTY-II.NFO,07/11/2024,09:30:59,52667,52660,30,52667.95,30,45,217830
BANKNIFTY-II.NFO,07/11/2024,09:31:01,52667,52660,30,52669.95,15,0,217830
BANKNIFTY-II.NFO,07/11/2024,09:31:02,52667,52660,30,52667.95,15,0,217830
BANKNIFTY-II.NFO,07/11/2024,09:31:04,52667.95,52660,30,52669.95,15,15,217830
BANKNIFTY-II.NFO,07/11/2024,09:31:06,52669.75,52660,30,52669.75,45,30,217830
BANKNIFTY-II.NFO,07/11/2024,09:31:07,52669.9,52660,30,52669.9,45,15,217830
BANKNIFTY-II.NFO,07/11/2024,09:31:09,52669.9,52660,30,52669.9,45,45,217830
BANKNIFTY-II.NFO,07/11/2024,09:31:10,52669.9,52660,60,52665.35,45,0,217830
BANKNIFTY-II.NFO,07/11/2024,09:31:12,52661.55,52658,30,52660.45,150,75,217830
BANKNIFTY-II.NFO,07/11/2024,09:31:14,52659.6,52658,30,52658.4,165,15,217830
BANKNIFTY-II.NFO,07/11/2024,09:31:15,52651,52650.05,60,52651.6,165,90,217830
BANKNIFTY-II.NFO,07/11/2024,09:31:15,52651,52650.05,60,52651.6,165,0,217830
BANKNIFTY-II.NFO,07/11/2024,09:31:17,52642,52640,60,52645,165,420,217830
BANKNIFTY-II.NFO,07/11/2024,09:31:17,52642,52640,60,52645,165,0,217830
BANKNIFTY-II.NFO,07/11/2024,09:31:19,52640,52640,45,52643.45,315,15,217830
BANKNIFTY-II.NFO,07/11/2024,09:31:19,52640,52640,45,52643.45,315,0,217830
BANKNIFTY-II.NFO,07/11/2024,09:31:20,52640,52640,45,52640.1,30,0,217830
BANKNIFTY-II.NFO,07/11/2024,09:31:22,52640,52630,30,52640.25,105,45,217830
BANKNIFTY-II.NFO,07/11/2024,09:31:24,52630,52625,45,52634.7,30,30,217830
BANKNIFTY-II.NFO,07/11/2024,09:31:24,52630,52625,45,52634.7,30,0,217830
BANKNIFTY-II.NFO,07/11/2024,09:31:25,52630,52625,45,52635.65,60,0,217830
BANKNIFTY-II.NFO,07/11/2024,09:31:27,52630,52625,45,52635.8,45,0,217830
BANKNIFTY-II.NFO,07/11/2024,09:31:28,52635.8,52625,45,52635.95,15,15,217830
BANKNIFTY-II.NFO,07/11/2024,09:31:30,52637.7,52625,45,52633.95,15,30,217830
BANKNIFTY-II.NFO,07/11/2024,09:31:32,52625,52625,30,52634.3,300,15,217830
BANKNIFTY-II.NFO,07/11/2024,09:31:32,52625,52625,30,52634.3,300,0,217830
BANKNIFTY-II.NFO,07/11/2024,09:31:33,52625,52625,30,52634.9,30,0,217830
BANKNIFTY-II.NFO,07/11/2024,09:31:35,52625,52625,30,52637.1,45,0,217830
BANKNIFTY-II.NFO,07/11/2024,09:31:36,52625.65,52629.75,75,52641.9,45,15,217830
BANKNIFTY-II.NFO,07/11/2024,09:31:38,52629.75,52631.35,90,52643.25,15,30,217830
BANKNIFTY-II.NFO,07/11/2024,09:31:40,52629.75,52639.1,60,52654.95,45,0,217830
BANKNIFTY-II.NFO,07/11/2024,09:31:41,52648,52642.2,75,52655.5,45,15,217830
BANKNIFTY-II.NFO,07/11/2024,09:31:43,52648,52638.4,60,52651.5,45,0,217830
BANKNIFTY-II.NFO,07/11/2024,09:31:45,52648,52645.2,75,52660.9,45,0,217830
BANKNIFTY-II.NFO,07/11/2024,09:31:46,52648,52649.8,75,52663.9,45,0,217830
BANKNIFTY-II.NFO,07/11/2024,09:31:48,52648,52652.4,60,52664.65,45,0,217830
BANKNIFTY-II.NFO,07/11/2024,09:31:50,52648,52648.4,75,52663.15,45,0,217830
BANKNIFTY-II.NFO,07/11/2024,09:31:51,52648,52641.1,60,52655.9,60,15,217830
BANKNIFTY-II.NFO,07/11/2024,09:31:53,52649.95,52637.65,75,52649.9,45,105,217830
BANKNIFTY-II.NFO,07/11/2024,09:31:55,52653.9,52648,15,52653.95,15,15,217830
BANKNIFTY-II.NFO,07/11/2024,09:31:56,52653.9,52648.05,60,52653.95,15,0,217830
BANKNIFTY-II.NFO,07/11/2024,09:31:58,52653.9,52648.45,75,52661.9,45,0,217830
BANKNIFTY-II.NFO,07/11/2024,09:32:00,52653.9,52648.45,60,52659.95,15,0,217830
BANKNIFTY-II.NFO,07/11/2024,09:32:01,52653.9,52652.8,60,52666.95,45,0,217830
BANKNIFTY-II.NFO,07/11/2024,09:32:03,52653.9,52659.95,15,52665.95,15,0,217830
BANKNIFTY-II.NFO,07/11/2024,09:32:04,52654.05,52653.9,60,52663.9,60,105,217830
BANKNIFTY-II.NFO,07/11/2024,09:32:06,52659.95,52653.9,60,52657.4,60,15,217830
BANKNIFTY-II.NFO,07/11/2024,09:32:08,52659.95,52653.9,60,52658.95,60,0,217830
BANKNIFTY-II.NFO,07/11/2024,09:32:09,52653.9,52653.9,45,52655.95,60,30,217830
BANKNIFTY-II.NFO,07/11/2024,09:32:11,52653.9,52648,15,52655.5,60,45,217830
BANKNIFTY-II.NFO,07/11/2024,09:32:13,52658.85,52648,15,52655.9,60,15,217830
BANKNIFTY-II.NFO,07/11/2024,09:32:14,52658.85,52648,15,52653.95,60,0,217830
BANKNIFTY-II.NFO,07/11/2024,09:32:16,52647.85,52632.4,60,52647.9,75,30,217830
BANKNIFTY-II.NFO,07/11/2024,09:32:18,52649.85,52634.9,75,52649.85,45,15,217830
BANKNIFTY-II.NFO,07/11/2024,09:32:19,52649.85,52631.45,75,52647.85,60,0,217830
BANKNIFTY-II.NFO,07/11/2024,09:32:21,52649.85,52628.6,75,52644.85,45,0,217830
BANKNIFTY-II.NFO,07/11/2024,09:32:23,52644.9,52638.15,60,52653.95,45,15,217830
BANKNIFTY-II.NFO,07/11/2024,09:32:24,52644.9,52642.25,45,52655.9,45,0,217830
BANKNIFTY-II.NFO,07/11/2024,09:32:26,52657.9,52642.65,60,52657.85,45,15,217830
BANKNIFTY-II.NFO,07/11/2024,09:32:27,52657.9,52644.35,60,52657.9,45,0,217830
BANKNIFTY-II.NFO,07/11/2024,09:32:29,52657.9,52647.9,60,52663.9,45,0,217830
BANKNIFTY-II.NFO,07/11/2024,09:32:31,52657.9,52650.65,60,52663.9,45,0,217830
BANKNIFTY-II.NFO,07/11/2024,09:32:32,52657.9,52654.05,60,52665.95,15,0,217830
BANKNIFTY-II.NFO,07/11/2024,09:32:34,52657.9,52658.85,75,52671,15,0,217830
BANKNIFTY-II.NFO,07/11/2024,09:32:36,52657.9,52662.35,60,52671,15,0,217830
BANKNIFTY-II.NFO,07/11/2024,09:32:37,52657.9,52661.85,105,52671,15,0,217830
BANKNIFTY-II.NFO,07/11/2024,09:32:39,52671,52663.35,105,52678,165,15,217830
BANKNIFTY-II.NFO,07/11/2024,09:32:41,52679.9,52665.35,60,52678.95,45,15,217830
BANKNIFTY-II.NFO,07/11/2024,09:32:42,52683.95,52670.2,30,52683.85,45,15,217830
BANKNIFTY-II.NFO,07/11/2024,09:32:44,52683.95,52657.4,75,52672.95,45,0,217830
BANKNIFTY-II.NFO,07/11/2024,09:32:46,52683.95,52659.1,75,52674.95,45,0,217830
BANKNIFTY-II.NFO,07/11/2024,09:32:47,52683.95,52664,30,52676.95,60,0,217830
BANKNIFTY-II.NFO,07/11/2024,09:32:49,52683.95,52657.4,75,52674,165,0,217830
BANKNIFTY-II.NFO,07/11/2024,09:32:51,52683.95,52666.7,75,52679.9,75,0,217830
BANKNIFTY-II.NFO,07/11/2024,09:32:52,52683.95,52663.7,75,52679.9,75,0,217830
BANKNIFTY-II.NFO,07/11/2024,09:32:54,52683.95,52658.6,75,52674,165,0,217830
BANKNIFTY-II.NFO,07/11/2024,09:32:56,52683.95,52655.2,75,52671.9,60,0,217830
BANKNIFTY-II.NFO,07/11/2024,09:32:57,52683.95,52652.7,60,52668.95,45,0,217830
BANKNIFTY-II.NFO,07/11/2024,09:32:59,52683.95,52656.7,30,52673,165,0,217830
BANKNIFTY-II.NFO,07/11/2024,09:33:01,52683.95,52662.8,60,52677,165,0,217830
BANKNIFTY-II.NFO,07/11/2024,09:33:02,52683.95,52659.8,30,52673.95,60,0,217830
BANKNIFTY-II.NFO,07/11/2024,09:33:04,52683.95,52651.25,105,52667.7,45,0,217830
BANKNIFTY-II.NFO,07/11/2024,09:33:06,52669.9,52656.05,75,52671.35,45,15,217830
BANKNIFTY-II.NFO,07/11/2024,09:33:07,52669.95,52653.75,75,52669.95,30,15,217830
BANKNIFTY-II.NFO,07/11/2024,09:33:09,52669.95,52657.4,75,52673.9,15,0,217830
BANKNIFTY-II.NFO,07/11/2024,09:33:11,52672.95,52659.05,90,52674,165,15,217830
BANKNIFTY-II.NFO,07/11/2024,09:33:12,52672.95,52657.8,60,52673.95,15,0,217830
BANKNIFTY-II.NFO,07/11/2024,09:33:14,52672.95,52662.5,75,52677,165,0,217830
BANKNIFTY-II.NFO,07/11/2024,09:33:15,52675,52659.4,90,52674.95,30,15,217830
BANKNIFTY-II.NFO,07/11/2024,09:33:17,52675,52658.15,75,52672.95,15,0,217830
BANKNIFTY-II.NFO,07/11/2024,09:33:19,52675,52659.15,75,52672.95,15,0,217830
BANKNIFTY-II.NFO,07/11/2024,09:33:20,52675,52658.3,90,52672.9,15,0,217830
BANKNIFTY-II.NFO,07/11/2024,09:33:22,52675,52655,15,52668.95,30,0,217830
BANKNIFTY-II.NFO,07/11/2024,09:33:23,52667.9,52655.05,75,52667.95,15,15,217830
BANKNIFTY-II.NFO,07/11/2024,09:33:25,52667.9,52655,15,52668,15,0,217830
BANKNIFTY-II.NFO,07/11/2024,09:33:27,52667.9,52655,15,52667,165,0,217830
BANKNIFTY-II.NFO,07/11/2024,09:33:28,52667.9,52657,300,52664.95,45,0,217830
BANKNIFTY-II.NFO,07/11/2024,09:33:30,52667.9,52657,300,52665,150,0,217830
BANKNIFTY-II.NFO,07/11/2024,09:33:32,52657,52657,150,52663,165,150,218040
BANKNIFTY-II.NFO,07/11/2024,09:33:33,52655,52650,30,52656.7,45,165,218040
BANKNIFTY-II.NFO,07/11/2024,09:33:35,52655,52650,30,52655,195,0,218040
BANKNIFTY-II.NFO,07/11/2024,09:33:37,52650,52640,30,52654,150,30,218040
BANKNIFTY-II.NFO,07/11/2024,09:33:38,52654.95,52640.15,30,52654.95,45,15,218040
BANKNIFTY-II.NFO,07/11/2024,09:33:40,52654.95,52640,45,52655,165,0,218040
BANKNIFTY-II.NFO,07/11/2024,09:33:41,52654.95,52642.65,30,52655,15,0,218040
BANKNIFTY-II.NFO,07/11/2024,09:33:43,52654.95,52640.25,15,52654.95,45,0,218040
BANKNIFTY-II.NFO,07/11/2024,09:33:45,52655,52645,75,52660.95,45,15,218040
BANKNIFTY-II.NFO,07/11/2024,09:33:46,52655,52654.95,15,52667,150,0,218040
BANKNIFTY-II.NFO,07/11/2024,09:33:48,52655,52654.95,15,52663,165,0,218040
BANKNIFTY-II.NFO,07/11/2024,09:33:49,52661,52655,15,52661,180,60,218040
BANKNIFTY-II.NFO,07/11/2024,09:33:51,52654.95,52640,30,52655,135,45,218040
BANKNIFTY-II.NFO,07/11/2024,09:33:53,52654.95,52645.35,75,52661.95,45,0,218040
BANKNIFTY-II.NFO,07/11/2024,09:33:54,52654.95,52650.35,75,52666.95,45,0,218040
BANKNIFTY-II.NFO,07/11/2024,09:33:56,52667,52646.7,15,52662.95,45,60,218040
BANKNIFTY-II.NFO,07/11/2024,09:33:58,52662.95,52646.8,90,52664,135,15,218040
BANKNIFTY-II.NFO,07/11/2024,09:33:59,52662.95,52654.65,45,52671.95,30,0,218040
BANKNIFTY-II.NFO,07/11/2024,09:34:01,52662.95,52659.2,75,52674,120,0,218040
BANKNIFTY-II.NFO,07/11/2024,09:34:02,52662.95,52661.9,75,52675,870,0,218040
BANKNIFTY-II.NFO,07/11/2024,09:34:04,52664.6,52662.2,60,52675,870,30,218040
BANKNIFTY-II.NFO,07/11/2024,09:34:06,52664.6,52658.5,75,52674,120,0,218040
BANKNIFTY-II.NFO,07/11/2024,09:34:07,52664.6,52662.35,60,52675,750,0,218040
BANKNIFTY-II.NFO,07/11/2024,09:34:09,52664.6,52664.8,60,52675,750,0,218040
BANKNIFTY-II.NFO,07/11/2024,09:34:11,52675,52669.3,75,52675,735,15,218040
BANKNIFTY-II.NFO,07/11/2024,09:34:12,52675,52664.4,60,52675,705,30,218040
BANKNIFTY-II.NFO,07/11/2024,09:34:14,52675,52664.7,75,52675,705,0,218040
BANKNIFTY-II.NFO,07/11/2024,09:34:15,52675,52668.95,75,52675,705,0,218040
BANKNIFTY-II.NFO,07/11/2024,09:34:17,52675,52674.55,60,52675,750,705,218040
BANKNIFTY-II.NFO,07/11/2024,09:34:19,52675,52673.8,75,52675,60,690,218040
BANKNIFTY-II.NFO,07/11/2024,09:34:20,52679.9,52678.15,75,52679.9,30,105,218040
BANKNIFTY-II.NFO,07/11/2024,09:34:22,52679.9,52674.15,60,52688.8,45,30,218040
BANKNIFTY-II.NFO,07/11/2024,09:34:24,52679.9,52664.6,60,52679.3,45,0,218040
BANKNIFTY-II.NFO,07/11/2024,09:34:25,52679.9,52672.1,75,52687,120,0,218040
BANKNIFTY-II.NFO,07/11/2024,09:34:27,52679.9,52666.9,60,52681.9,45,0,218040
BANKNIFTY-II.NFO,07/11/2024,09:34:29,52679.9,52668.4,105,52684.95,30,0,218040
BANKNIFTY-II.NFO,07/11/2024,09:34:30,52679.9,52669.45,60,52685,135,0,218040
BANKNIFTY-II.NFO,07/11/2024,09:34:32,52679.9,52671,60,52684.95,45,0,218040
BANKNIFTY-II.NFO,07/11/2024,09:34:34,52679.9,52671.65,60,52687.65,30,0,218040
BANKNIFTY-II.NFO,07/11/2024,09:34:35,52679.9,52676.3,60,52689.95,150,0,218040
BANKNIFTY-II.NFO,07/11/2024,09:34:37,52679.9,52675.25,60,52689.9,30,0,218040
BANKNIFTY-II.NFO,07/11/2024,09:34:39,52679.9,52673.6,60,52689.15,30,0,218040
BANKNIFTY-II.NFO,07/11/2024,09:34:40,52675.85,52675.4,60,52689.95,150,15,218040
BANKNIFTY-II.NFO,07/11/2024,09:34:42,52675.85,52675.6,60,52689.95,150,0,218040
BANKNIFTY-II.NFO,07/11/2024,09:34:43,52675.85,52673.15,60,52688.85,45,0,218040
BANKNIFTY-II.NFO,07/11/2024,09:34:45,52675.85,52676.9,15,52689.4,45,0,218040
BANKNIFTY-II.NFO,07/11/2024,09:34:47,52675.85,52671.1,15,52684.7,45,0,218040
BANKNIFTY-II.NFO,07/11/2024,09:34:48,52675.85,52671.5,15,52683.55,60,0,218040
BANKNIFTY-II.NFO,07/11/2024,09:34:50,52675.85,52673.05,75,52689.2,60,0,218040
BANKNIFTY-II.NFO,07/11/2024,09:34:52,52675.85,52672.15,60,52688.3,45,0,218040
BANKNIFTY-II.NFO,07/11/2024,09:34:53,52675.85,52676.95,60,52689.95,150,0,218040
BANKNIFTY-II.NFO,07/11/2024,09:34:55,52675.85,52681.25,105,52689.95,150,0,218040
BANKNIFTY-II.NFO,07/11/2024,09:34:57,52689.95,52682.65,15,52689.95,135,15,218040
BANKNIFTY-II.NFO,07/11/2024,09:34:58,52689.95,52682.65,30,52689.95,90,45,218040
BANKNIFTY-II.NFO,07/11/2024,09:35:00,52689.95,52682.7,15,52689.95,60,30,218040
BANKNIFTY-II.NFO,07/11/2024,09:35:01,52689.95,52682.65,15,52689.95,30,30,218040
BANKNIFTY-II.NFO,07/11/2024,09:35:03,52689.95,52682.7,15,52689.95,15,15,218040
BANKNIFTY-II.NFO,07/11/2024,09:35:05,52689.95,52682.65,15,52689.95,15,0,218040
BANKNIFTY-II.NFO,07/11/2024,09:35:06,52689.95,52682.65,15,52688.15,45,0,218040
BANKNIFTY-II.NFO,07/11/2024,09:35:08,52686.55,52682.65,15,52689.9,45,15,218040
BANKNIFTY-II.NFO,07/11/2024,09:35:10,52686.55,52682.65,15,52689.9,30,0,218040
BANKNIFTY-II.NFO,07/11/2024,09:35:11,52686.55,52682.65,15,52689.95,15,0,218040
BANKNIFTY-II.NFO,07/11/2024,09:35:13,52686.55,52682.7,15,52689.95,15,0,218040
BANKNIFTY-II.NFO,07/11/2024,09:35:15,52686.55,52688.15,15,52689.95,15,0,218040
BANKNIFTY-II.NFO,07/11/2024,09:35:16,52694.95,52688.15,15,52698.4,45,30,218040
BANKNIFTY-II.NFO,07/11/2024,09:35:18,52694.95,52688.15,15,52695.5,30,0,218040
BANKNIFTY-II.NFO,07/11/2024,09:35:20,52694.95,52688.15,15,52694.95,45,0,218040
BANKNIFTY-II.NFO,07/11/2024,09:35:21,52694.95,52688.15,15,52698.7,30,0,218040
BANKNIFTY-II.NFO,07/11/2024,09:35:23,52694.95,52688.15,15,52697.6,45,0,218040
BANKNIFTY-II.NFO,07/11/2024,09:35:25,52694.95,52688.15,15,52690.85,45,0,218040
BANKNIFTY-II.NFO,07/11/2024,09:35:26,52688.15,52682.65,15,52690.1,30,30,218040
BANKNIFTY-II.NFO,07/11/2024,09:35:28,52689.75,52682.65,15,52688.9,45,15,218040
BANKNIFTY-II.NFO,07/11/2024,09:35:30,52689.75,52682.65,30,52698,105,0,218040
BANKNIFTY-II.NFO,07/11/2024,09:35:31,52689.75,52682.65,15,52688.15,405,0,218040
BANKNIFTY-II.NFO,07/11/2024,09:35:33,52689.75,52679.35,60,52688.15,405,0,218040
BANKNIFTY-II.NFO,07/11/2024,09:35:35,52689.75,52681.1,60,52688.15,405,0,218040
BANKNIFTY-II.NFO,07/11/2024,09:35:36,52689.75,52681.05,15,52688.15,405,0,218040
BANKNIFTY-II.NFO,07/11/2024,09:35:38,52688.15,52680.05,30,52688.15,390,15,218040
BANKNIFTY-II.NFO,07/11/2024,09:35:40,52688.15,52683.8,60,52688.15,390,0,218040
BANKNIFTY-II.NFO,07/11/2024,09:35:41,52688.15,52689.15,120,52695,30,390,218040
BANKNIFTY-II.NFO,07/11/2024,09:35:43,52688.15,52687.15,15,52695,30,0,218040
BANKNIFTY-II.NFO,07/11/2024,09:35:46,52688.15,52680,30,52690.9,30,0,218040
BANKNIFTY-II.NFO,07/11/2024,09:35:48,52688.15,52680,30,52687.85,60,0,218040
BANKNIFTY-II.NFO,07/11/2024,09:35:50,52688.15,52680,30,52689.6,60,0,218040
BANKNIFTY-II.NFO,07/11/2024,09:35:51,52688.15,52680,30,52688.6,75,0,218040
BANKNIFTY-II.NFO,07/11/2024,09:35:53,52686.85,52680,30,52687.75,60,75,218040
BANKNIFTY-II.NFO,07/11/2024,09:35:54,52686.85,52680.7,60,52694.95,60,0,218040
BANKNIFTY-II.NFO,07/11/2024,09:35:56,52686.85,52680.05,60,52694.9,60,0,218040
BANKNIFTY-II.NFO,07/11/2024,09:35:58,52686.85,52687.9,75,52695,30,0,218040
BANKNIFTY-II.NFO,07/11/2024,09:35:59,52686.85,52686.95,60,52695,30,0,218040
BANKNIFTY-II.NFO,07/11/2024,09:36:01,52695,52695.1,15,52699.95,60,30,218040
BANKNIFTY-II.NFO,07/11/2024,09:36:03,52695,52695.25,60,52700,45,0,218040
BANKNIFTY-II.NFO,07/11/2024,09:36:04,52695,52695.1,15,52700,45,0,218040
BANKNIFTY-II.NFO,07/11/2024,09:36:06,52695,52695.1,15,52699.7,60,0,218040
BANKNIFTY-II.NFO,07/11/2024,09:36:08,52693.55,52680,30,52693.4,45,30,218040
BANKNIFTY-II.NFO,07/11/2024,09:36:09,52693.55,52682.75,75,52698.95,45,0,218040
BANKNIFTY-II.NFO,07/11/2024,09:36:11,52693.55,52683.15,75,52700,150,0,218040
BANKNIFTY-II.NFO,07/11/2024,09:36:13,52693.55,52686.6,75,52700,45,0,218040
BANKNIFTY-II.NFO,07/11/2024,09:36:14,52693.55,52688.15,90,52700,45,0,218040
BANKNIFTY-II.NFO,07/11/2024,09:36:16,52693.55,52694.15,60,52700,45,0,218040
BANKNIFTY-II.NFO,07/11/2024,09:36:17,52693.55,52694.2,15,52700,45,0,218040
BANKNIFTY-II.NFO,07/11/2024,09:36:19,52693.55,52690,30,52700,45,0,218040
BANKNIFTY-II.NFO,07/11/2024,09:36:21,52699.75,52690,30,52699.75,15,30,218040
BANKNIFTY-II.NFO,07/11/2024,09:36:22,52699.75,52693.55,45,52700,45,0,218040
BANKNIFTY-II.NFO,07/11/2024,09:36:26,52699.75,52693.55,45,52699.95,15,0,218040
BANKNIFTY-II.NFO,07/11/2024,09:36:27,52699.75,52693.55,45,52700,45,0,218040
BANKNIFTY-II.NFO,07/11/2024,09:36:31,52701,52693.55,45,52703.75,30,60,219285
BANKNIFTY-II.NFO,07/11/2024,09:36:32,52701,52693.55,60,52702.95,30,0,219285
BANKNIFTY-II.NFO,07/11/2024,09:36:34,52701,52693.55,60,52704.95,30,0,219285
BANKNIFTY-II.NFO,07/11/2024,09:36:36,52701,52698,30,52702.95,30,0,219285
BANKNIFTY-II.NFO,07/11/2024,09:36:40,52703.85,52698,30,52705,105,60,219285
BANKNIFTY-II.NFO,07/11/2024,09:36:42,52703.85,52698,30,52706.95,45,0,219285
BANKNIFTY-II.NFO,07/11/2024,09:36:44,52703.85,52698,30,52704,15,0,219285
BANKNIFTY-II.NFO,07/11/2024,09:36:45,52706.4,52698,30,52706.15,30,300,219285
BANKNIFTY-II.NFO,07/11/2024,09:36:47,52706.4,52703,15,52712.35,30,0,219285
BANKNIFTY-II.NFO,07/11/2024,09:36:49,52706.4,52703,15,52709.85,30,0,219285
BANKNIFTY-II.NFO,07/11/2024,09:36:50,52698,52698,15,52708.85,30,30,219285
BANKNIFTY-II.NFO,07/11/2024,09:36:52,52695,52695,15,52705,30,30,219285
BANKNIFTY-II.NFO,07/11/2024,09:36:54,52695,52695,15,52702.05,30,0,219285
BANKNIFTY-II.NFO,07/11/2024,09:36:55,52699.8,52684,15,52695.95,45,60,219285
BANKNIFTY-II.NFO,07/11/2024,09:36:57,52699.8,52684,15,52693.2,60,0,219285
BANKNIFTY-II.NFO,07/11/2024,09:36:59,52684,52680,15,52686.1,105,15,219285
BANKNIFTY-II.NFO,07/11/2024,09:37:00,52680,52676,90,52685.8,60,15,219285
BANKNIFTY-II.NFO,07/11/2024,09:37:02,52680,52676,90,52687,75,0,219285
BANKNIFTY-II.NFO,07/11/2024,09:37:04,52680,52676,90,52688.65,75,0,219285
BANKNIFTY-II.NFO,07/11/2024,09:37:05,52680,52682.95,45,52699.5,45,0,219285
BANKNIFTY-II.NFO,07/11/2024,09:37:07,52680,52691.9,45,52705.95,15,0,219285
BANKNIFTY-II.NFO,07/11/2024,09:37:08,52680,52695.65,45,52711.85,60,0,219285
BANKNIFTY-II.NFO,07/11/2024,09:37:10,52680,52699.25,45,52715.45,60,0,219285
BANKNIFTY-II.NFO,07/11/2024,09:37:12,52680,52701.95,45,52718.3,60,0,219285
BANKNIFTY-II.NFO,07/11/2024,09:37:13,52680,52712.05,75,52721,15,0,219285
BANKNIFTY-II.NFO,07/11/2024,09:37:15,52721,52720.05,75,52728,15,15,219285
BANKNIFTY-II.NFO,07/11/2024,09:37:17,52720.05,52713,75,52727.95,15,15,219285
BANKNIFTY-II.NFO,07/11/2024,09:37:19,52720.05,52712.6,75,52727.95,45,0,219285
BANKNIFTY-II.NFO,07/11/2024,09:37:20,52720.05,52717.5,75,52728,15,0,219285
BANKNIFTY-II.NFO,07/11/2024,09:37:22,52720.05,52712.1,75,52726.85,45,0,219285
BANKNIFTY-II.NFO,07/11/2024,09:37:24,52720.05,52710.25,75,52724.95,45,0,219285
BANKNIFTY-II.NFO,07/11/2024,09:37:25,52720.05,52715.45,15,52728,15,0,219285
BANKNIFTY-II.NFO,07/11/2024,09:37:27,52720.05,52714.15,60,52720.05,15,0,219285
BANKNIFTY-II.NFO,07/11/2024,09:37:29,52720.05,52713.55,75,52728,45,15,219285
BANKNIFTY-II.NFO,07/11/2024,09:37:30,52720.05,52718.2,30,52728,15,0,219285
BANKNIFTY-II.NFO,07/11/2024,09:37:32,52720.05,52714.25,75,52728,15,15,219285
BANKNIFTY-II.NFO,07/11/2024,09:37:34,52720.05,52713.85,30,52727.9,15,0,219285
BANKNIFTY-II.NFO,07/11/2024,09:37:35,52720.05,52707.6,75,52722.8,45,0,219285
BANKNIFTY-II.NFO,07/11/2024,09:37:37,52720.05,52700.6,45,52715.9,45,0,219285
BANKNIFTY-II.NFO,07/11/2024,09:37:39,52720.05,52702.5,30,52718.25,45,0,219285
BANKNIFTY-II.NFO,07/11/2024,09:37:40,52720.05,52700.8,75,52716.6,45,0,219285
BANKNIFTY-II.NFO,07/11/2024,09:37:42,52720.05,52694.75,75,52709.95,45,0,219285
BANKNIFTY-II.NFO,07/11/2024,09:37:44,52709.1,52693.2,75,52709.8,75,15,219285
BANKNIFTY-II.NFO,07/11/2024,09:37:45,52709.1,52697,45,52710,15,0,219285
BANKNIFTY-II.NFO,07/11/2024,09:37:47,52709.1,52691.25,30,52709.95,75,0,219285
BANKNIFTY-II.NFO,07/11/2024,09:37:48,52709.1,52690,30,52701.85,90,0,219285
BANKNIFTY-II.NFO,07/11/2024,09:37:50,52709.1,52690,30,52699.95,45,0,219285
BANKNIFTY-II.NFO,07/11/2024,09:37:52,52709.1,52690,45,52703.95,45,0,219285
BANKNIFTY-II.NFO,07/11/2024,09:37:53,52701.9,52690,30,52701.95,45,30,219285
BANKNIFTY-II.NFO,07/11/2024,09:37:55,52701.9,52693.85,45,52707.9,75,0,219285
BANKNIFTY-II.NFO,07/11/2024,09:37:57,52701.9,52698.6,30,52710,15,0,219285
BANKNIFTY-II.NFO,07/11/2024,09:37:58,52701.9,52690.65,30,52701.95,15,0,219285
BANKNIFTY-II.NFO,07/11/2024,09:38:00,52701.9,52690,15,52699.95,45,0,219285
BANKNIFTY-II.NFO,07/11/2024,09:38:02,52699.95,52694.5,30,52705.95,15,15,219285
BANKNIFTY-II.NFO,07/11/2024,09:38:03,52699.95,52690,15,52703.95,45,0,219285
BANKNIFTY-II.NFO,07/11/2024,09:38:05,52699.95,52690,15,52701.95,45,0,219285
BANKNIFTY-II.NFO,07/11/2024,09:38:07,52699.95,52692.5,30,52705.9,75,0,219285
BANKNIFTY-II.NFO,07/11/2024,09:38:08,52701.9,52694.65,30,52709.9,75,15,219285
BANKNIFTY-II.NFO,07/11/2024,09:38:10,52691.8,52695.25,30,52709.85,45,15,219285
BANKNIFTY-II.NFO,07/11/2024,09:38:12,52691.8,52694.35,30,52707.8,45,0,219285
BANKNIFTY-II.NFO,07/11/2024,09:38:13,52691.8,52691.55,30,52705.9,90,0,219285
BANKNIFTY-II.NFO,07/11/2024,09:38:15,52691.8,52690,15,52701.9,45,0,219285
BANKNIFTY-II.NFO,07/11/2024,09:38:18,52701.9,52690,15,52701.95,45,15,219285
BANKNIFTY-II.NFO,07/11/2024,09:38:20,52701.9,52695.6,30,52707.95,45,0,219285
BANKNIFTY-II.NFO,07/11/2024,09:38:21,52701.9,52695.8,30,52707.95,15,0,219285
BANKNIFTY-II.NFO,07/11/2024,09:38:23,52701.9,52690,15,52701.6,60,0,219285
BANKNIFTY-II.NFO,07/11/2024,09:38:25,52701.9,52690,15,52695.3,60,0,219285
BANKNIFTY-II.NFO,07/11/2024,09:38:26,52690,52684,15,52687.75,30,15,219285
BANKNIFTY-II.NFO,07/11/2024,09:38:28,52684,52681.9,15,52689.2,60,15,219285
BANKNIFTY-II.NFO,07/11/2024,09:38:29,52684,52682.1,30,52695.95,15,0,219285
BANKNIFTY-II.NFO,07/11/2024,09:38:31,52684,52681.9,15,52684,15,0,219285
BANKNIFTY-II.NFO,07/11/2024,09:38:33,52681.9,52680,30,52684,15,15,219285
BANKNIFTY-II.NFO,07/11/2024,09:38:34,52681.9,52680,30,52684,15,0,219285
BANKNIFTY-II.NFO,07/11/2024,09:38:41,52684,52689.9,60,52703.65,45,15,219285
BANKNIFTY-II.NFO,07/11/2024,09:38:43,52686.85,52688.75,30,52699.95,15,15,219285
BANKNIFTY-II.NFO,07/11/2024,09:38:44,52686.85,52682.4,60,52697.95,15,0,219285
BANKNIFTY-II.NFO,07/11/2024,09:38:46,52686.85,52690.5,60,52699.95,15,0,219285
BANKNIFTY-II.NFO,07/11/2024,09:38:47,52686.85,52693.15,60,52705.95,15,0,219285
BANKNIFTY-II.NFO,07/11/2024,09:38:49,52686.85,52693.55,60,52709.4,45,0,219285
BANKNIFTY-II.NFO,07/11/2024,09:38:51,52689.6,52684.95,45,52700.45,90,105,219285
BANKNIFTY-II.NFO,07/11/2024,09:38:52,52689.6,52683.5,60,52700.4,60,0,219285
BANKNIFTY-II.NFO,07/11/2024,09:38:54,52689.6,52687.95,60,52701.95,15,0,219285
BANKNIFTY-II.NFO,07/11/2024,09:38:56,52689.6,52686.4,60,52701.9,75,0,219285
BANKNIFTY-II.NFO,07/11/2024,09:38:57,52689.6,52692.5,60,52705.95,15,0,219285
BANKNIFTY-II.NFO,07/11/2024,09:38:59,52689.6,52695.65,60,52709.9,75,0,219285
BANKNIFTY-II.NFO,07/11/2024,09:39:00,52689.6,52691.05,45,52708.2,90,0,219285
BANKNIFTY-II.NFO,07/11/2024,09:39:02,52689.6,52691.45,60,52707,60,0,219285
BANKNIFTY-II.NFO,07/11/2024,09:39:04,52707,52688.85,45,52708.35,90,15,219285
BANKNIFTY-II.NFO,07/11/2024,09:39:05,52707,52694.2,45,52708.95,45,0,219285
BANKNIFTY-II.NFO,07/11/2024,09:39:07,52707,52694.15,60,52708.7,45,0,219285
BANKNIFTY-II.NFO,07/11/2024,09:39:09,52707,52692,60,52707.3,30,0,219285
BANKNIFTY-II.NFO,07/11/2024,09:39:10,52707,52696.75,45,52711.9,75,0,219285
BANKNIFTY-II.NFO,07/11/2024,09:39:12,52707,52695.5,45,52711.7,60,0,219285
BANKNIFTY-II.NFO,07/11/2024,09:39:13,52707,52700.45,60,52710,15,0,219285
BANKNIFTY-II.NFO,07/11/2024,09:39:15,52707,52702.65,60,52710,15,0,219285
BANKNIFTY-II.NFO,07/11/2024,09:39:16,52707,52701.15,60,52710,15,0,219285
BANKNIFTY-II.NFO,07/11/2024,09:39:18,52710,52703.65,60,52717.95,15,15,219285
BANKNIFTY-II.NFO,07/11/2024,09:39:19,52710,52701.7,60,52717.2,60,0,219285
BANKNIFTY-II.NFO,07/11/2024,09:39:21,52710,52700.15,60,52716,60,0,219285
BANKNIFTY-II.NFO,07/11/2024,09:39:22,52710,52698.5,60,52714.65,90,0,219285
BANKNIFTY-II.NFO,07/11/2024,09:39:24,52710,52698.45,60,52713.85,30,0,219285
BANKNIFTY-II.NFO,07/11/2024,09:39:26,52710,52702.05,45,52715.95,45,0,219285
BANKNIFTY-II.NFO,07/11/2024,09:39:27,52710,52699.1,60,52714.55,30,0,219285
BANKNIFTY-II.NFO,07/11/2024,09:39:29,52710,52704.1,60,52717.95,15,0,219285
BANKNIFTY-II.NFO,07/11/2024,09:39:31,52710,52706.7,60,52719.95,15,0,219285
BANKNIFTY-II.NFO,07/11/2024,09:39:32,52710,52703.95,60,52719.85,90,0,219285
BANKNIFTY-II.NFO,07/11/2024,09:39:34,52704.65,52709.5,60,52721.95,15,15,219240
BANKNIFTY-II.NFO,07/11/2024,09:39:35,52704.65,52708.75,45,52721.95,15,0,219240
BANKNIFTY-II.NFO,07/11/2024,09:39:37,52704.65,52714,60,52724.95,15,0,219240
BANKNIFTY-II.NFO,07/11/2024,09:39:39,52704.65,52712.65,60,52724.95,15,0,219240
BANKNIFTY-II.NFO,07/11/2024,09:39:40,52724.95,52710.2,60,52725.85,60,15,219240
BANKNIFTY-II.NFO,07/11/2024,09:39:42,52724.95,52710.05,45,52724.9,60,0,219240
BANKNIFTY-II.NFO,07/11/2024,09:39:43,52724.95,52710,15,52722.45,60,0,219240
BANKNIFTY-II.NFO,07/11/2024,09:39:45,52724.95,52710,15,52718.8,60,0,219240
BANKNIFTY-II.NFO,07/11/2024,09:39:47,52724.95,52710,30,52719.25,60,0,219240
BANKNIFTY-II.NFO,07/11/2024,09:39:48,52724.95,52710,30,52719.9,60,0,219240
BANKNIFTY-II.NFO,07/11/2024,09:39:50,52724.95,52710,30,52719.75,60,0,219240
BANKNIFTY-II.NFO,07/11/2024,09:39:52,52724.95,52710,30,52718.55,90,0,219240
BANKNIFTY-II.NFO,07/11/2024,09:39:53,52716.2,52699.5,30,52716.15,15,405,219240
BANKNIFTY-II.NFO,07/11/2024,09:39:55,52716.2,52696.4,30,52713.4,15,0,219240
BANKNIFTY-II.NFO,07/11/2024,09:39:57,52716.2,52692.65,30,52705.9,60,0,219240
BANKNIFTY-II.NFO,07/11/2024,09:39:58,52716.2,52691,15,52703.9,15,0,219240
BANKNIFTY-II.NFO,07/11/2024,09:40:00,52716.2,52691.05,30,52703.8,15,0,219240
BANKNIFTY-II.NFO,07/11/2024,09:40:02,52716.2,52693.5,30,52705.85,45,0,219240
BANKNIFTY-II.NFO,07/11/2024,09:40:03,52716.2,52691,15,52703.8,15,0,219240
BANKNIFTY-II.NFO,07/11/2024,09:40:05,52716.2,52691,15,52703.5,15,0,219240
BANKNIFTY-II.NFO,07/11/2024,09:40:06,52716.2,52691,15,52703.3,15,0,219240
BANKNIFTY-II.NFO,07/11/2024,09:40:10,52689,52680,195,52689.7,15,45,219240
BANKNIFTY-II.NFO,07/11/2024,09:40:11,52689,52680,195,52689.35,15,0,219240
BANKNIFTY-II.NFO,07/11/2024,09:40:13,52689,52680,195,52691,15,15,219240
BANKNIFTY-II.NFO,07/11/2024,09:40:14,52689,52680,195,52689.8,15,0,219240
BANKNIFTY-II.NFO,07/11/2024,09:40:16,52689,52680,195,52688.65,15,0,219240
BANKNIFTY-II.NFO,07/11/2024,09:40:18,52689,52680,195,52690.1,45,0,219240
BANKNIFTY-II.NFO,07/11/2024,09:40:19,52689,52680,195,52689.75,60,0,219240
BANKNIFTY-II.NFO,07/11/2024,09:40:21,52689,52680,195,52689.9,15,0,219240
BANKNIFTY-II.NFO,07/11/2024,09:40:22,52689,52680,195,52690.3,15,0,219240
BANKNIFTY-II.NFO,07/11/2024,09:40:24,52689,52680.05,30,52692.05,45,0,219240
BANKNIFTY-II.NFO,07/11/2024,09:40:25,52689,52680.05,30,52693.85,15,0,219240
BANKNIFTY-II.NFO,07/11/2024,09:40:27,52689,52680.05,60,52689,15,0,219240
BANKNIFTY-II.NFO,07/11/2024,09:40:29,52689,52680,195,52689,15,0,219240
BANKNIFTY-II.NFO,07/11/2024,09:40:30,52680,52680,45,52689,15,150,219240
BANKNIFTY-II.NFO,07/11/2024,09:40:32,52680,52680,45,52688.15,300,0,219240
BANKNIFTY-II.NFO,07/11/2024,09:40:33,52680,52680,60,52688.25,300,0,219240
BANKNIFTY-II.NFO,07/11/2024,09:40:35,52680,52680,60,52688.2,45,0,219240
BANKNIFTY-II.NFO,07/11/2024,09:40:36,52688.2,52680,60,52688.2,45,15,219240
BANKNIFTY-II.NFO,07/11/2024,09:40:38,52688.2,52680,60,52688.05,15,0,219240
BANKNIFTY-II.NFO,07/11/2024,09:40:39,52687.3,52680,60,52688.2,60,15,219240
BANKNIFTY-II.NFO,07/11/2024,09:40:41,52687.3,52680,60,52688.5,300,0,219240
BANKNIFTY-II.NFO,07/11/2024,09:40:42,52687.3,52680,60,52688.65,300,0,219240
BANKNIFTY-II.NFO,07/11/2024,09:40:44,52680,52680,45,52689,15,15,219240
BANKNIFTY-II.NFO,07/11/2024,09:40:46,52680,52680,45,52689,15,0,219240
BANKNIFTY-II.NFO,07/11/2024,09:40:50,52680,52680,45,52688.8,300,0,219240
BANKNIFTY-II.NFO,07/11/2024,09:40:52,52680,52680,45,52688.8,45,0,219240
BANKNIFTY-II.NFO,07/11/2024,09:40:54,52680,52680,45,52688.9,300,0,219240
BANKNIFTY-II.NFO,07/11/2024,09:40:57,52680,52680,45,52687.55,300,0,219240
BANKNIFTY-II.NFO,07/11/2024,09:40:58,52680,52680,45,52689,15,0,219240
BANKNIFTY-II.NFO,07/11/2024,09:41:02,52680,52685.35,75,52689,15,0,219240
BANKNIFTY-II.NFO,07/11/2024,09:41:03,52680,52685,15,52689,15,0,219240
BANKNIFTY-II.NFO,07/11/2024,09:41:05,52688.1,52680,45,52688.05,15,45,219240
BANKNIFTY-II.NFO,07/11/2024,09:41:06,52686.7,52680,45,52686.3,15,150,219240
BANKNIFTY-II.NFO,07/11/2024,09:41:08,52680,52675,15,52682.9,60,45,219240
BANKNIFTY-II.NFO,07/11/2024,09:41:10,52680,52675,15,52682.8,15,0,219240
BANKNIFTY-II.NFO,07/11/2024,09:41:11,52680,52675,15,52678.65,300,0,219240
BANKNIFTY-II.NFO,07/11/2024,09:41:13,52680,52675,15,52681.7,300,0,219240
BANKNIFTY-II.NFO,07/11/2024,09:41:15,52680,52675,15,52682.25,300,0,219240
BANKNIFTY-II.NFO,07/11/2024,09:41:16,52680,52675,15,52684,45,0,219240
BANKNIFTY-II.NFO,07/11/2024,09:41:18,52675.15,52675,15,52685.9,45,15,219240
BANKNIFTY-II.NFO,07/11/2024,09:41:19,52675.15,52675,15,52685.85,15,0,219240
BANKNIFTY-II.NFO,07/11/2024,09:41:21,52675.15,52675,15,52684.45,60,0,219240
BANKNIFTY-II.NFO,07/11/2024,09:41:23,52684.5,52680.6,15,52689,15,150,219240
BANKNIFTY-II.NFO,07/11/2024,09:41:24,52684.5,52680.05,75,52689,15,0,219240
BANKNIFTY-II.NFO,07/11/2024,09:41:26,52684.5,52675.05,45,52687.9,45,0,219240
BANKNIFTY-II.NFO,07/11/2024,09:41:27,52684.5,52677,60,52687.9,45,0,219240
BANKNIFTY-II.NFO,07/11/2024,09:41:29,52684.5,52681.8,75,52689,15,0,219240
BANKNIFTY-II.NFO,07/11/2024,09:41:30,52689,52676.55,75,52689.9,45,15,219240
BANKNIFTY-II.NFO,07/11/2024,09:41:32,52689,52675.05,45,52687.9,45,0,219240
BANKNIFTY-II.NFO,07/11/2024,09:41:34,52689,52685,15,52694.2,45,0,219240
BANKNIFTY-II.NFO,07/11/2024,09:41:35,52689,52685,30,52696.85,45,0,219240
BANKNIFTY-II.NFO,07/11/2024,09:41:37,52689,52685,15,52696.85,45,0,219240
BANKNIFTY-II.NFO,07/11/2024,09:41:38,52689,52687.95,45,52699.9,45,0,219240
BANKNIFTY-II.NFO,07/11/2024,09:41:40,52689,52692.55,45,52703.9,45,0,219240
BANKNIFTY-II.NFO,07/11/2024,09:41:42,52689,52691.1,60,52703.9,45,0,219240
BANKNIFTY-II.NFO,07/11/2024,09:41:43,52689,52689.95,30,52697.95,15,0,219240
BANKNIFTY-II.NFO,07/11/2024,09:41:45,52689,52685,15,52692.35,45,0,219240
BANKNIFTY-II.NFO,07/11/2024,09:41:47,52689,52685,15,52691.55,75,0,219240
BANKNIFTY-II.NFO,07/11/2024,09:41:48,52692.95,52685,15,52692.95,105,15,219240
BANKNIFTY-II.NFO,07/11/2024,09:41:50,52692.95,52685,15,52690.75,75,0,219240
BANKNIFTY-II.NFO,07/11/2024,09:41:51,52692.95,52685,15,52690.4,75,0,219240
BANKNIFTY-II.NFO,07/11/2024,09:41:53,52692.95,52685,15,52693.9,45,0,219240
BANKNIFTY-II.NFO,07/11/2024,09:41:55,52692.95,52685,15,52696.95,45,0,219240
BANKNIFTY-II.NFO,07/11/2024,09:41:56,52692.95,52692.75,45,52703.9,45,0,219240
BANKNIFTY-II.NFO,07/11/2024,09:41:58,52692.95,52691.35,75,52705.9,45,0,219240
BANKNIFTY-II.NFO,07/11/2024,09:41:59,52692.95,52692,30,52703.9,45,0,219240
BANKNIFTY-II.NFO,07/11/2024,09:42:01,52692.95,52687.95,30,52699.9,45,0,219240
BANKNIFTY-II.NFO,07/11/2024,09:42:02,52692.95,52690.6,30,52699.9,45,0,219240
BANKNIFTY-II.NFO,07/11/2024,09:42:04,52692.95,52689.3,30,52701.9,45,0,219240
BANKNIFTY-II.NFO,07/11/2024,09:42:06,52692.95,52689.3,45,52701.9,45,0,219240
BANKNIFTY-II.NFO,07/11/2024,09:42:07,52692.95,52691.75,45,52701.9,45,0,219240
BANKNIFTY-II.NFO,07/11/2024,09:42:09,52692.95,52697,60,52707.9,45,0,219240
BANKNIFTY-II.NFO,07/11/2024,09:42:10,52692.95,52695.9,45,52707.9,45,0,219240
BANKNIFTY-II.NFO,07/11/2024,09:42:12,52692.95,52697.1,75,52709.9,45,0,219240
BANKNIFTY-II.NFO,07/11/2024,09:42:13,52697.1,52698.9,60,52709.95,30,15,219240
BANKNIFTY-II.NFO,07/11/2024,09:42:15,52697.1,52701.75,75,52709.95,15,0,219240
BANKNIFTY-II.NFO,07/11/2024,09:42:17,52697.1,52699.9,75,52709.95,15,0,219240
BANKNIFTY-II.NFO,07/11/2024,09:42:18,52697.1,52699.25,75,52709.95,15,0,219240
BANKNIFTY-II.NFO,07/11/2024,09:42:20,52697.1,52703.05,75,52715.9,45,0,219240
BANKNIFTY-II.NFO,07/11/2024,09:42:22,52714.9,52703.15,60,52714.95,45,15,219240
BANKNIFTY-II.NFO,07/11/2024,09:42:23,52714.9,52702.6,30,52715.9,45,0,219240
BANKNIFTY-II.NFO,07/11/2024,09:42:25,52714.9,52700.7,75,52714.95,45,0,219240
BANKNIFTY-II.NFO,07/11/2024,09:42:27,52714.9,52703.8,45,52716.25,45,0,219240
BANKNIFTY-II.NFO,07/11/2024,09:42:28,52714.9,52702.8,75,52716.25,45,0,219240
BANKNIFTY-II.NFO,07/11/2024,09:42:30,52714.9,52698.25,60,52714.95,45,0,219240
BANKNIFTY-II.NFO,07/11/2024,09:42:31,52713.95,52700.9,30,52714,60,15,219180
BANKNIFTY-II.NFO,07/11/2024,09:42:33,52716.3,52704.85,30,52716.3,60,15,219180
BANKNIFTY-II.NFO,07/11/2024,09:42:35,52716,52697.4,75,52707.9,45,15,219180
BANKNIFTY-II.NFO,07/11/2024,09:42:36,52716,52704.35,30,52715.9,45,0,219180
BANKNIFTY-II.NFO,07/11/2024,09:42:38,52716,52706.1,30,52716.3,15,0,219180
BANKNIFTY-II.NFO,07/11/2024,09:42:40,52716,52704.55,30,52716.3,15,0,219180
BANKNIFTY-II.NFO,07/11/2024,09:42:41,52716,52706.7,30,52716.3,15,0,219180
BANKNIFTY-II.NFO,07/11/2024,09:42:43,52716,52707.3,30,52716.3,15,0,219180
BANKNIFTY-II.NFO,07/11/2024,09:42:45,52716.3,52708.8,30,52716.3,15,15,219180
BANKNIFTY-II.NFO,07/11/2024,09:42:46,52716.3,52709.65,45,52716.3,15,0,219180
BANKNIFTY-II.NFO,07/11/2024,09:42:48,52716.3,52716,15,52716.3,15,0,219180
BANKNIFTY-II.NFO,07/11/2024,09:42:49,52716,52709.15,30,52716.3,15,15,219180
BANKNIFTY-II.NFO,07/11/2024,09:42:51,52716,52710.2,75,52723,45,0,219180
BANKNIFTY-II.NFO,07/11/2024,09:42:53,52716,52708.25,60,52722,45,0,219180
BANKNIFTY-II.NFO,07/11/2024,09:42:54,52716,52708.8,30,52721,45,0,219180
BANKNIFTY-II.NFO,07/11/2024,09:42:56,52716,52709.5,30,52722.95,45,0,219180
BANKNIFTY-II.NFO,07/11/2024,09:42:57,52716,52706.65,30,52720.95,45,0,219180
BANKNIFTY-II.NFO,07/11/2024,09:42:59,52716,52706.75,60,52719.95,60,0,219180
BANKNIFTY-II.NFO,07/11/2024,09:43:00,52716,52707.05,30,52719.9,45,0,219180
BANKNIFTY-II.NFO,07/11/2024,09:43:02,52716,52716,15,52723,45,0,219180
BANKNIFTY-II.NFO,07/11/2024,09:43:05,52716,52716,15,52721,45,0,219180
BANKNIFTY-II.NFO,07/11/2024,09:43:07,52716,52716,15,52723,45,0,219180
BANKNIFTY-II.NFO,07/11/2024,09:43:09,52716,52716,15,52724,45,0,219180
BANKNIFTY-II.NFO,07/11/2024,09:43:10,52716,52716,15,52723,45,0,219180
BANKNIFTY-II.NFO,07/11/2024,09:43:12,52716,52716,15,52724,45,0,219180
BANKNIFTY-II.NFO,07/11/2024,09:43:14,52716,52716,15,52725,45,0,219180
BANKNIFTY-II.NFO,07/11/2024,09:43:18,52716,52716,15,52727.9,45,0,219180
BANKNIFTY-II.NFO,07/11/2024,09:43:20,52716,52719.45,60,52728,15,0,219180
BANKNIFTY-II.NFO,07/11/2024,09:43:22,52716,52722.05,75,52728,15,0,219180
BANKNIFTY-II.NFO,07/11/2024,09:43:23,52728,52722.25,75,52730,15,15,219180
BANKNIFTY-II.NFO,07/11/2024,09:43:25,52743.5,52728.45,45,52742.1,45,105,219180
BANKNIFTY-II.NFO,07/11/2024,09:43:27,52743.5,52716,30,52730.8,45,0,219180
BANKNIFTY-II.NFO,07/11/2024,09:43:28,52743.5,52716,15,52726.85,75,0,219180
BANKNIFTY-II.NFO,07/11/2024,09:43:30,52730.3,52716,15,52730.3,45,30,219180
BANKNIFTY-II.NFO,07/11/2024,09:43:32,52734.25,52716.05,60,52732.1,45,15,219180
BANKNIFTY-II.NFO,07/11/2024,09:43:33,52734.25,52716,15,52720.8,150,0,219180
BANKNIFTY-II.NFO,07/11/2024,09:43:35,52734.25,52716,15,52724.1,75,0,219180
BANKNIFTY-II.NFO,07/11/2024,09:43:37,52734.25,52716,15,52729,75,0,219180
BANKNIFTY-II.NFO,07/11/2024,09:43:38,52734.25,52716,15,52731.05,15,0,219180
BANKNIFTY-II.NFO,07/11/2024,09:43:40,52734.25,52716,15,52724.65,60,0,219180
BANKNIFTY-II.NFO,07/11/2024,09:43:42,52734.25,52716,15,52720,300,0,219180
BANKNIFTY-II.NFO,07/11/2024,09:43:47,52734.25,52716.05,60,52720,300,0,219180
BANKNIFTY-II.NFO,07/11/2024,09:43:48,52720,52716,15,52720,270,30,219180
BANKNIFTY-II.NFO,07/11/2024,09:43:50,52720,52716,15,52720,270,0,219180
BANKNIFTY-II.NFO,07/11/2024,09:44:09,52720,52716.05,15,52720,270,0,219180
BANKNIFTY-II.NFO,07/11/2024,09:44:11,52716,52710.05,75,52716,240,30,219180
BANKNIFTY-II.NFO,07/11/2024,09:44:13,52716,52715.85,60,52732,60,240,219180
BANKNIFTY-II.NFO,07/11/2024,09:44:14,52716,52719.6,75,52731.6,45,0,219180
BANKNIFTY-II.NFO,07/11/2024,09:44:16,52716,52717.5,75,52731.45,45,0,219180
BANKNIFTY-II.NFO,07/11/2024,09:44:17,52716,52715.65,60,52731.25,60,0,219180
BANKNIFTY-II.NFO,07/11/2024,09:44:19,52716,52717.95,60,52733.95,60,0,219180
BANKNIFTY-II.NFO,07/11/2024,09:44:21,52716,52724.05,75,52734,15,0,219180
BANKNIFTY-II.NFO,07/11/2024,09:44:22,52716,52721.05,60,52734,15,0,219180
BANKNIFTY-II.NFO,07/11/2024,09:44:24,52716,52718.7,30,52733.95,60,0,219180
BANKNIFTY-II.NFO,07/11/2024,09:44:26,52716,52723.7,60,52734,15,0,219180
BANKNIFTY-II.NFO,07/11/2024,09:44:27,52716,52725.7,60,52734,15,0,219180
BANKNIFTY-II.NFO,07/11/2024,09:44:29,52716,52724.6,75,52734,15,0,219180
BANKNIFTY-II.NFO,07/11/2024,09:44:31,52716,52726.4,30,52734,15,0,219180
BANKNIFTY-II.NFO,07/11/2024,09:44:32,52716,52724.75,60,52734,15,0,219180
BANKNIFTY-II.NFO,07/11/2024,09:44:34,52716,52725.95,75,52734,15,0,219180
BANKNIFTY-II.NFO,07/11/2024,09:44:35,52716,52725.5,75,52734,15,0,219180
BANKNIFTY-II.NFO,07/11/2024,09:44:37,52716,52724.95,75,52734,15,0,219180
BANKNIFTY-II.NFO,07/11/2024,09:44:39,52716,52726.35,75,52734,15,0,219180
BANKNIFTY-II.NFO,07/11/2024,09:44:40,52716,52725.7,75,52734,15,0,219180
BANKNIFTY-II.NFO,07/11/2024,09:44:42,52734,52733.05,75,52740,15,15,219180
BANKNIFTY-II.NFO,07/11/2024,09:44:43,52734,52725.5,75,52741.7,45,0,219180
BANKNIFTY-II.NFO,07/11/2024,09:44:45,52734,52725.35,60,52741.7,45,0,219180
BANKNIFTY-II.NFO,07/11/2024,09:44:47,52734,52725.25,60,52741.4,60,0,219180
BANKNIFTY-II.NFO,07/11/2024,09:44:48,52734,52724.2,75,52741.8,45,0,219180
BANKNIFTY-II.NFO,07/11/2024,09:44:50,52734,52723.25,60,52739.35,45,0,219180
BANKNIFTY-II.NFO,07/11/2024,09:44:51,52734,52722.15,75,52741.6,75,0,219180
BANKNIFTY-II.NFO,07/11/2024,09:44:53,52739.95,52726.05,30,52742,30,15,219180
BANKNIFTY-II.NFO,07/11/2024,09:44:55,52739.95,52725,15,52739.6,75,0,219180
BANKNIFTY-II.NFO,07/11/2024,09:44:56,52734,52725,15,52733.95,75,15,219180
BANKNIFTY-II.NFO,07/11/2024,09:44:58,52732.95,52725,15,52732.9,45,15,219180
BANKNIFTY-II.NFO,07/11/2024,09:45:00,52732.95,52725,15,52733.3,75,0,219180
BANKNIFTY-II.NFO,07/11/2024,09:45:01,52732.95,52733.95,150,52742,30,0,219180
BANKNIFTY-II.NFO,07/11/2024,09:45:03,52732.95,52733.95,150,52735.85,15,0,219180
BANKNIFTY-II.NFO,07/11/2024,09:45:04,52733.95,52725,15,52728.65,15,150,219180
BANKNIFTY-II.NFO,07/11/2024,09:45:06,52733.95,52725,15,52733.85,15,0,219180
BANKNIFTY-II.NFO,07/11/2024,09:45:08,52733.95,52725,15,52731.4,15,0,219180
BANKNIFTY-II.NFO,07/11/2024,09:45:09,52733.95,52725,15,52729,15,0,219180
BANKNIFTY-II.NFO,07/11/2024,09:45:11,52725,52717,15,52730.7,60,15,219180
BANKNIFTY-II.NFO,07/11/2024,09:45:12,52731.25,52717,15,52732.45,75,15,219180
BANKNIFTY-II.NFO,07/11/2024,09:45:14,52731.25,52717,15,52727.8,165,0,219180
BANKNIFTY-II.NFO,07/11/2024,09:45:16,52731.25,52717,15,52726.4,75,0,219180
BANKNIFTY-II.NFO,07/11/2024,09:45:17,52731.25,52717,15,52727.8,15,0,219180
BANKNIFTY-II.NFO,07/11/2024,09:45:19,52717,52710.45,30,52726.45,15,15,219180
BANKNIFTY-II.NFO,07/11/2024,09:45:21,52717,52713.15,30,52727.55,45,0,219180
BANKNIFTY-II.NFO,07/11/2024,09:45:22,52717,52710.05,45,52727.5,75,0,219180
BANKNIFTY-II.NFO,07/11/2024,09:45:24,52726.65,52710,15,52724.35,75,75,219180
BANKNIFTY-II.NFO,07/11/2024,09:45:26,52726.65,52710,15,52721.65,75,0,219180
BANKNIFTY-II.NFO,07/11/2024,09:45:27,52726.65,52710,15,52718.35,150,0,219180
BANKNIFTY-II.NFO,07/11/2024,09:45:29,52726.65,52710,15,52717.15,75,0,219180
BANKNIFTY-II.NFO,07/11/2024,09:45:31,52726.65,52710,15,52719.2,75,0,219180
BANKNIFTY-II.NFO,07/11/2024,09:45:32,52726.65,52710,15,52721.95,15,0,219180
BANKNIFTY-II.NFO,07/11/2024,09:45:34,52726.65,52710,15,52720,150,0,219180
BANKNIFTY-II.NFO,07/11/2024,09:45:35,52726.65,52710,15,52717.55,75,0,219180
BANKNIFTY-II.NFO,07/11/2024,09:45:37,52726.65,52710,15,52719,75,0,219180
BANKNIFTY-II.NFO,07/11/2024,09:45:39,52726.65,52710,15,52718.35,75,0,219180
BANKNIFTY-II.NFO,07/11/2024,09:45:40,52726.65,52710,15,52719.45,75,0,219180
BANKNIFTY-II.NFO,07/11/2024,09:45:42,52726.65,52710.05,30,52722.8,75,0,219180
BANKNIFTY-II.NFO,07/11/2024,09:45:44,52722.8,52712.5,30,52724.95,150,75,219585
BANKNIFTY-II.NFO,07/11/2024,09:45:45,52722.8,52710,15,52721.95,15,0,219585
BANKNIFTY-II.NFO,07/11/2024,09:45:47,52722.8,52710,15,52721.7,195,0,219585
BANKNIFTY-II.NFO,07/11/2024,09:45:49,52722.8,52710,15,52721.55,150,0,219585
BANKNIFTY-II.NFO,07/11/2024,09:45:50,52722.8,52710,15,52721.95,60,0,219585
BANKNIFTY-II.NFO,07/11/2024,09:45:52,52722.8,52710,15,52718.35,45,0,219585
BANKNIFTY-II.NFO,07/11/2024,09:45:54,52722.8,52710,15,52713.45,45,0,219585
BANKNIFTY-II.NFO,07/11/2024,09:45:55,52722.8,52710,15,52715,45,0,219585
BANKNIFTY-II.NFO,07/11/2024,09:45:57,52722.8,52710,15,52714.45,45,0,219585
BANKNIFTY-II.NFO,07/11/2024,09:45:58,52710,52700.15,15,52707.9,45,15,219585
BANKNIFTY-II.NFO,07/11/2024,09:46:00,52710,52700.55,15,52710.45,135,0,219585
BANKNIFTY-II.NFO,07/11/2024,09:46:02,52710,52700.95,15,52707.1,45,0,219585
BANKNIFTY-II.NFO,07/11/2024,09:46:05,52710,52700.95,15,52707.95,45,0,219585
BANKNIFTY-II.NFO,07/11/2024,09:46:07,52710,52700,15,52705.85,45,0,219585
BANKNIFTY-II.NFO,07/11/2024,09:46:08,52700,52693.6,30,52705.95,15,15,219585
BANKNIFTY-II.NFO,07/11/2024,09:46:10,52700,52695.05,30,52708.15,150,0,219585
BANKNIFTY-II.NFO,07/11/2024,09:46:12,52700,52688.85,90,52709.3,45,0,219585
BANKNIFTY-II.NFO,07/11/2024,09:46:13,52709.3,52692.45,45,52706.85,150,15,219585
BANKNIFTY-II.NFO,07/11/2024,09:46:15,52709.3,52690.5,75,52706.25,195,0,219585
BANKNIFTY-II.NFO,07/11/2024,09:46:17,52709.3,52697,30,52709.8,45,0,219585
BANKNIFTY-II.NFO,07/11/2024,09:46:18,52709.3,52706.35,75,52720.85,300,0,219585
BANKNIFTY-II.NFO,07/11/2024,09:46:20,52709.3,52707.65,75,52723.95,15,0,219585
BANKNIFTY-II.NFO,07/11/2024,09:46:22,52709.3,52706.55,60,52719.95,15,0,219585
BANKNIFTY-II.NFO,07/11/2024,09:46:24,52709.3,52706.7,60,52719.95,15,0,219585
BANKNIFTY-II.NFO,07/11/2024,09:46:25,52709.3,52706.75,75,52722.6,300,0,219585
BANKNIFTY-II.NFO,07/11/2024,09:46:27,52709.3,52706.85,75,52724.2,135,0,219585
BANKNIFTY-II.NFO,07/11/2024,09:46:28,52709.3,52708.65,60,52721.95,15,0,219585
BANKNIFTY-II.NFO,07/11/2024,09:46:30,52709.3,52710.15,75,52721.95,15,0,219585
BANKNIFTY-II.NFO,07/11/2024,09:46:32,52709.3,52713.35,60,52723.95,15,0,219585
BANKNIFTY-II.NFO,07/11/2024,09:46:33,52709.3,52707.05,75,52723.95,15,0,219585
BANKNIFTY-II.NFO,07/11/2024,09:46:35,52706.7,52708.2,60,52722.85,60,300,219585
BANKNIFTY-II.NFO,07/11/2024,09:46:37,52706.7,52710.25,60,52723.6,15,0,219585
BANKNIFTY-II.NFO,07/11/2024,09:46:38,52706.7,52715,60,52727.6,15,0,219585
BANKNIFTY-II.NFO,07/11/2024,09:46:40,52706.7,52709.85,60,52723.4,45,15,219585
BANKNIFTY-II.NFO,07/11/2024,09:46:42,52706.7,52717.4,60,52727.9,30,0,219585
BANKNIFTY-II.NFO,07/11/2024,09:46:43,52706.7,52716.25,60,52727.9,30,0,219585
BANKNIFTY-II.NFO,07/11/2024,09:46:45,52706.7,52716.7,60,52727.9,30,0,219585
BANKNIFTY-II.NFO,07/11/2024,09:46:47,52706.7,52714.9,60,52727.85,30,0,219585
BANKNIFTY-II.NFO,07/11/2024,09:46:48,52700,52706.65,30,52724.4,30,600,219585
BANKNIFTY-II.NFO,07/11/2024,09:46:50,52700,52708.75,30,52724.75,45,0,219585
BANKNIFTY-II.NFO,07/11/2024,09:46:51,52700,52707.05,30,52723.3,30,0,219585
BANKNIFTY-II.NFO,07/11/2024,09:46:53,52700,52705.7,30,52722.8,30,0,219585
BANKNIFTY-II.NFO,07/11/2024,09:46:55,52700,52708.05,30,52724.7,30,0,219585
BANKNIFTY-II.NFO,07/11/2024,09:46:56,52700,52710,30,52726.75,30,0,219585
BANKNIFTY-II.NFO,07/11/2024,09:46:58,52700,52706,75,52722.1,30,0,219585
BANKNIFTY-II.NFO,07/11/2024,09:47:00,52700,52707,75,52725.25,45,0,219585
BANKNIFTY-II.NFO,07/11/2024,09:47:01,52700,52708.35,30,52724.55,30,0,219585
BANKNIFTY-II.NFO,07/11/2024,09:47:03,52700,52704,105,52720.1,45,0,219585
BANKNIFTY-II.NFO,07/11/2024,09:47:05,52700,52704,105,52720,30,0,219585
BANKNIFTY-II.NFO,07/11/2024,09:47:06,52700,52705,75,52720.55,30,0,219585
BANKNIFTY-II.NFO,07/11/2024,09:47:08,52700,52703.2,30,52719.5,45,0,219585
BANKNIFTY-II.NFO,07/11/2024,09:47:10,52700,52702,75,52717.8,45,0,219585
BANKNIFTY-II.NFO,07/11/2024,09:47:11,52700,52700,30,52710.3,60,0,219585
BANKNIFTY-II.NFO,07/11/2024,09:47:13,52700,52700,30,52713.45,60,0,219585
BANKNIFTY-II.NFO,07/11/2024,09:47:15,52700,52700,45,52713.2,30,0,219585
BANKNIFTY-II.NFO,07/11/2024,09:47:16,52700,52700,45,52711.4,75,0,219585
BANKNIFTY-II.NFO,07/11/2024,09:47:18,52700,52700,45,52715.25,60,0,219585
BANKNIFTY-II.NFO,07/11/2024,09:47:19,52700,52702.8,30,52717.65,15,0,219585
BANKNIFTY-II.NFO,07/11/2024,09:47:21,52721.7,52706.4,30,52722.5,30,15,219585
BANKNIFTY-II.NFO,07/11/2024,09:47:23,52721.7,52707.6,30,52723.15,30,0,219585
BANKNIFTY-II.NFO,07/11/2024,09:47:24,52721.7,52710,30,52723.35,15,0,219585
BANKNIFTY-II.NFO,07/11/2024,09:47:26,52728.85,52711.5,15,52726.15,30,30,219585
BANKNIFTY-II.NFO,07/11/2024,09:47:27,52728.85,52710.1,15,52725.6,90,0,219585
BANKNIFTY-II.NFO,07/11/2024,09:47:29,52728.85,52713.35,15,52727.6,15,0,219585
BANKNIFTY-II.NFO,07/11/2024,09:47:31,52728.85,52719.3,15,52730,15,0,219585
BANKNIFTY-II.NFO,07/11/2024,09:47:32,52728.85,52715.45,15,52728,30,0,219585
BANKNIFTY-II.NFO,07/11/2024,09:47:34,52728.85,52720.5,15,52728,30,0,219585
BANKNIFTY-II.NFO,07/11/2024,09:47:36,52728.85,52721.4,15,52728,30,0,219585
BANKNIFTY-II.NFO,07/11/2024,09:47:37,52728.85,52721.35,15,52728,30,0,219585
BANKNIFTY-II.NFO,07/11/2024,09:47:39,52747,52748,15,52749.9,15,90,219585
BANKNIFTY-II.NFO,07/11/2024,09:47:41,52751.7,52748.05,15,52762.05,30,195,219585
BANKNIFTY-II.NFO,07/11/2024,09:47:42,52751.7,52750.05,15,52771.2,75,0,219585
BANKNIFTY-II.NFO,07/11/2024,09:47:44,52751.7,52748.05,15,52763.3,60,0,219585
BANKNIFTY-II.NFO,07/11/2024,09:47:46,52751.7,52748.05,15,52762,30,0,219585
BANKNIFTY-II.NFO,07/11/2024,09:47:47,52748,52748,75,52765.9,30,570,219585
BANKNIFTY-II.NFO,07/11/2024,09:47:49,52747,52748.05,45,52765.5,30,30,219585
BANKNIFTY-II.NFO,07/11/2024,09:47:50,52775.1,52758.2,45,52772.9,15,150,219585
BANKNIFTY-II.NFO,07/11/2024,09:47:52,52775.75,52757.05,30,52775.75,60,30,219585
BANKNIFTY-II.NFO,07/11/2024,09:47:54,52775.75,52754.25,45,52772.8,60,0,219585
BANKNIFTY-II.NFO,07/11/2024,09:47:55,52775.75,52751,45,52766.55,60,0,219585
BANKNIFTY-II.NFO,07/11/2024,09:47:57,52775.75,52750,45,52766.95,60,0,219585
BANKNIFTY-II.NFO,07/11/2024,09:47:58,52775.75,52749.05,45,52767,60,0,219585
BANKNIFTY-II.NFO,07/11/2024,09:48:00,52775.75,52750,60,52765.7,45,0,219585
BANKNIFTY-II.NFO,07/11/2024,09:48:02,52762.8,52746.15,30,52763.45,90,30,219585
BANKNIFTY-II.NFO,07/11/2024,09:48:03,52762.8,52744,45,52759.45,180,0,219585
BANKNIFTY-II.NFO,07/11/2024,09:48:05,52762.8,52742,60,52759.55,90,0,219585
BANKNIFTY-II.NFO,07/11/2024,09:48:06,52762.8,52748.05,45,52767.1,180,0,219585
BANKNIFTY-II.NFO,07/11/2024,09:48:08,52762.8,52748.05,30,52764.7,90,0,219585
BANKNIFTY-II.NFO,07/11/2024,09:48:10,52748.05,52746.1,30,52762.65,60,15,219585
BANKNIFTY-II.NFO,07/11/2024,09:48:11,52748.05,52740,45,52758.8,60,0,219585
BANKNIFTY-II.NFO,07/11/2024,09:48:13,52741,52739,30,52755.95,60,60,219585
BANKNIFTY-II.NFO,07/11/2024,09:48:14,52741,52738,15,52755.95,60,0,219585
BANKNIFTY-II.NFO,07/11/2024,09:48:16,52741,52730.05,30,52744,15,0,219585
BANKNIFTY-II.NFO,07/11/2024,09:48:18,52741,52730,15,52743.8,60,0,219585
BANKNIFTY-II.NFO,07/11/2024,09:48:19,52741,52731,15,52746.3,60,0,219585
BANKNIFTY-II.NFO,07/11/2024,09:48:21,52741,52730.05,30,52746.3,75,0,219585
BANKNIFTY-II.NFO,07/11/2024,09:48:22,52741,52730,30,52746.3,75,0,219585
BANKNIFTY-II.NFO,07/11/2024,09:48:24,52741,52730,15,52742.4,75,0,219585
BANKNIFTY-II.NFO,07/11/2024,09:48:25,52741,52730,15,52741.45,75,0,219585
BANKNIFTY-II.NFO,07/11/2024,09:48:29,52741,52730,15,52740.8,45,0,219585
BANKNIFTY-II.NFO,07/11/2024,09:48:30,52741,52730,15,52740.75,75,0,219585
BANKNIFTY-II.NFO,07/11/2024,09:48:32,52741,52730,15,52736.05,45,0,219585
BANKNIFTY-II.NFO,07/11/2024,09:48:34,52734.95,52725,15,52735.1,15,30,218790
BANKNIFTY-II.NFO,07/11/2024,09:48:35,52735.1,52725,15,52736.35,60,15,218790
BANKNIFTY-II.NFO,07/11/2024,09:48:37,52735.1,52725,15,52732.95,60,0,218790
BANKNIFTY-II.NFO,07/11/2024,09:48:40,52735.1,52725,15,52733.25,60,0,218790
BANKNIFTY-II.NFO,07/11/2024,09:48:42,52735.1,52725,15,52729,150,0,218790
BANKNIFTY-II.NFO,07/11/2024,09:48:43,52725,52711,15,52723.25,15,15,218790
BANKNIFTY-II.NFO,07/11/2024,09:48:45,52725,52706.05,45,52721.4,45,0,218790
BANKNIFTY-II.NFO,07/11/2024,09:48:47,52725,52708.2,45,52723.1,150,0,218790
BANKNIFTY-II.NFO,07/11/2024,09:48:48,52725,52714.35,75,52728.7,15,0,218790
BANKNIFTY-II.NFO,07/11/2024,09:48:50,52726.85,52710,15,52726.25,75,15,218790
BANKNIFTY-II.NFO,07/11/2024,09:48:52,52726.85,52709.4,30,52724.1,165,0,218790
BANKNIFTY-II.NFO,07/11/2024,09:48:53,52724.1,52714.85,30,52727.95,15,15,218790
BANKNIFTY-II.NFO,07/11/2024,09:48:55,52724.1,52715.9,30,52729.4,15,0,218790
BANKNIFTY-II.NFO,07/11/2024,09:48:56,52724.1,52716.25,30,52730.45,15,0,218790
BANKNIFTY-II.NFO,07/11/2024,09:48:58,52724.1,52723.2,60,52736.6,15,0,218790
BANKNIFTY-II.NFO,07/11/2024,09:49:00,52724.1,52719.6,60,52735.7,75,0,218790
BANKNIFTY-II.NFO,07/11/2024,09:49:01,52724.1,52714.45,75,52729.95,45,0,218790
BANKNIFTY-II.NFO,07/11/2024,09:49:03,52724.1,52714,15,52728.85,30,0,218790
BANKNIFTY-II.NFO,07/11/2024,09:49:05,52724.1,52715.4,75,52729.95,15,0,218790
BANKNIFTY-II.NFO,07/11/2024,09:49:06,52724.1,52716.5,60,52727.95,15,0,218790
BANKNIFTY-II.NFO,07/11/2024,09:49:08,52724.1,52715.35,60,52731.9,75,0,218790
BANKNIFTY-II.NFO,07/11/2024,09:49:09,52724.1,52720.6,60,52733.95,15,0,218790
BANKNIFTY-II.NFO,07/11/2024,09:49:11,52724.1,52724.05,60,52739.75,300,0,218790
BANKNIFTY-II.NFO,07/11/2024,09:49:12,52724.1,52728.25,60,52742.6,15,0,218790
BANKNIFTY-II.NFO,07/11/2024,09:49:14,52724.1,52732.15,75,52749.9,165,0,218790
BANKNIFTY-II.NFO,07/11/2024,09:49:16,52724.1,52735,60,52750.8,60,0,218790
BANKNIFTY-II.NFO,07/11/2024,09:49:17,52724.1,52735.5,30,52749.15,45,0,218790
BANKNIFTY-II.NFO,07/11/2024,09:49:19,52724.1,52735.15,75,52751.4,30,0,218790
BANKNIFTY-II.NFO,07/11/2024,09:49:20,52724.1,52736.2,60,52751.4,30,0,218790
BANKNIFTY-II.NFO,07/11/2024,09:49:22,52724.1,52737.75,60,52751.5,45,0,218790
BANKNIFTY-II.NFO,07/11/2024,09:49:24,52724.1,52737.6,60,52753.15,45,0,218790
BANKNIFTY-II.NFO,07/11/2024,09:49:25,52724.1,52736.05,60,52751.55,60,0,218790
BANKNIFTY-II.NFO,07/11/2024,09:49:27,52724.1,52729.35,75,52746.05,165,0,218790
BANKNIFTY-II.NFO,07/11/2024,09:49:29,52724.1,52735,60,52750.9,45,0,218790
BANKNIFTY-II.NFO,07/11/2024,09:49:30,52756.9,52743,60,52757.8,15,15,218790
BANKNIFTY-II.NFO,07/11/2024,09:49:32,52756.9,52742.4,60,52758.5,30,0,218790
BANKNIFTY-II.NFO,07/11/2024,09:49:33,52756.9,52743,60,52757.8,15,0,218790
BANKNIFTY-II.NFO,07/11/2024,09:49:35,52756.9,52738.6,60,52755.6,75,0,218790
BANKNIFTY-II.NFO,07/11/2024,09:49:37,52756.9,52741.15,60,52755.95,15,0,218790
BANKNIFTY-II.NFO,07/11/2024,09:49:38,52756.9,52741.4,60,52755.95,15,0,218790
BANKNIFTY-II.NFO,07/11/2024,09:49:40,52756.9,52745.65,60,52757.8,15,0,218790
