Ticker,Date,Time,LTP,BuyPrice,BuyQty,SellPrice,SellQty,LTQ,OpenInterest
BANKNIFTY-III.NFO,22/01/2025,09:15:16,49406.75,49457.2,150,49486.35,60,60,152100
BANKNIFTY-III.NFO,22/01/2025,09:15:16,49406.75,49457.2,150,49486.35,60,0,152100
BANKNIFTY-III.NFO,22/01/2025,09:15:16,49406.75,49457.2,150,49486.35,60,0,152100
BANKNIFTY-III.NFO,22/01/2025,09:15:16,49406.75,49457.2,150,49486.35,60,0,152100
BANKNIFTY-III.NFO,22/01/2025,09:15:17,49406.75,49471,30,49494.95,60,0,152100
BANKNIFTY-III.NFO,22/01/2025,09:15:19,49406.75,49475.95,300,49500,30,0,152100
BANKNIFTY-III.NFO,22/01/2025,09:15:20,49406.75,49483.1,300,49500,30,0,152100
BANKNIFTY-III.NFO,22/01/2025,09:15:22,49476.15,49476.15,300,49499.95,60,60,152100
BANKNIFTY-III.NFO,22/01/2025,09:15:22,49477.1,49476.15,300,49499.95,60,0,152100
BANKNIFTY-III.NFO,22/01/2025,09:15:24,49475.9,49470.5,300,49495.8,60,30,152100
BANKNIFTY-III.NFO,22/01/2025,09:15:25,49475.9,49464.35,300,49491.6,60,0,152100
BANKNIFTY-III.NFO,22/01/2025,09:15:27,49489.75,49462.45,300,49494.95,60,30,152100
BANKNIFTY-III.NFO,22/01/2025,09:15:27,49489.75,49462.45,300,49494.95,60,0,152100
BANKNIFTY-III.NFO,22/01/2025,09:15:29,49489.75,49452.15,300,49485.15,60,0,152100
BANKNIFTY-III.NFO,22/01/2025,09:15:30,49489.75,49446.9,300,49480.8,60,0,152100
BANKNIFTY-III.NFO,22/01/2025,09:15:32,49481.6,49441.15,30,49476.5,60,90,152100
BANKNIFTY-III.NFO,22/01/2025,09:15:33,49481.6,49434.25,30,49471.4,60,0,152100
BANKNIFTY-III.NFO,22/01/2025,09:15:35,49481.6,49408.15,30,49461.95,60,0,152100
BANKNIFTY-III.NFO,22/01/2025,09:15:37,49481.6,49406.8,30,49445.8,60,0,152100
BANKNIFTY-III.NFO,22/01/2025,09:15:38,49406.8,49406.75,30,49433.3,60,30,152100
BANKNIFTY-III.NFO,22/01/2025,09:15:40,49406.75,49400,30,49427.25,60,30,152100
BANKNIFTY-III.NFO,22/01/2025,09:15:41,49406.75,49400.2,570,49438.9,60,0,152100
BANKNIFTY-III.NFO,22/01/2025,09:15:43,49406.75,49404.95,120,49452.7,60,0,152100
BANKNIFTY-III.NFO,22/01/2025,09:15:45,49406.75,49406.7,270,49447.1,60,0,152100
BANKNIFTY-III.NFO,22/01/2025,09:15:46,49406.75,49401.7,600,49446.45,60,0,152100
BANKNIFTY-III.NFO,22/01/2025,09:15:48,49406.75,49412.7,300,49449.8,60,0,152100
BANKNIFTY-III.NFO,22/01/2025,09:15:51,49444.4,49406.8,60,49440.5,60,60,152370
BANKNIFTY-III.NFO,22/01/2025,09:15:53,49444.4,49406.8,60,49440.15,60,0,152370
BANKNIFTY-III.NFO,22/01/2025,09:15:55,49406.75,49406.75,150,49434.85,60,30,152370
BANKNIFTY-III.NFO,22/01/2025,09:15:56,49406.75,49406.75,150,49427.6,60,0,152370
BANKNIFTY-III.NFO,22/01/2025,09:15:58,49406.75,49406.75,150,49426.75,60,0,152370
BANKNIFTY-III.NFO,22/01/2025,09:15:59,49406.75,49406.8,90,49431.75,60,0,152370
BANKNIFTY-III.NFO,22/01/2025,09:16:01,49406.75,49406.75,150,49420.2,60,0,152370
BANKNIFTY-III.NFO,22/01/2025,09:16:03,49400,49356.75,60,49404.8,60,180,152370
BANKNIFTY-III.NFO,22/01/2025,09:16:03,49400,49356.75,60,49404.8,60,0,152370
BANKNIFTY-III.NFO,22/01/2025,09:16:04,49400,49332.35,60,49390.15,60,0,152370
BANKNIFTY-III.NFO,22/01/2025,09:16:06,49400,49335.55,60,49381.9,60,0,152370
BANKNIFTY-III.NFO,22/01/2025,09:16:08,49400,49328.3,60,49379.35,60,0,152370
BANKNIFTY-III.NFO,22/01/2025,09:16:09,49400,49336.25,60,49374.7,60,0,152370
BANKNIFTY-III.NFO,22/01/2025,09:16:11,49400,49332.25,60,49379.65,60,0,152370
BANKNIFTY-III.NFO,22/01/2025,09:16:12,49400,49328.6,60,49373.8,60,0,152370
BANKNIFTY-III.NFO,22/01/2025,09:16:14,49400,49327.05,60,49381.4,60,0,152370
BANKNIFTY-III.NFO,22/01/2025,09:16:16,49400,49336.05,60,49382.85,60,0,152370
BANKNIFTY-III.NFO,22/01/2025,09:16:17,49400,49334.45,60,49382.4,60,0,152370
BANKNIFTY-III.NFO,22/01/2025,09:16:19,49400,49334.65,60,49382.05,60,0,152370
BANKNIFTY-III.NFO,22/01/2025,09:16:21,49334.65,49334.65,30,49378.3,60,30,152370
BANKNIFTY-III.NFO,22/01/2025,09:16:21,49334.65,49334.65,30,49378.3,60,0,152370
BANKNIFTY-III.NFO,22/01/2025,09:16:22,49334.65,49334.85,30,49378,60,0,152370
BANKNIFTY-III.NFO,22/01/2025,09:16:24,49334.65,49348.85,270,49393.15,60,0,152370
BANKNIFTY-III.NFO,22/01/2025,09:16:25,49334.65,49354.05,30,49396.3,60,0,152370
BANKNIFTY-III.NFO,22/01/2025,09:16:27,49334.65,49348.25,30,49394.3,60,0,152370
BANKNIFTY-III.NFO,22/01/2025,09:16:29,49334.65,49350.65,30,49394.85,60,0,152370
BANKNIFTY-III.NFO,22/01/2025,09:16:30,49367.4,49368.35,270,49399.95,60,30,152370
BANKNIFTY-III.NFO,22/01/2025,09:16:32,49367.4,49374.95,30,49400,60,0,152370
BANKNIFTY-III.NFO,22/01/2025,09:16:33,49367.4,49375,570,49400,60,0,152370
BANKNIFTY-III.NFO,22/01/2025,09:16:35,49367.4,49374.95,30,49399.95,60,0,152370
BANKNIFTY-III.NFO,22/01/2025,09:16:37,49367.4,49374.95,30,49406.05,60,0,152370
BANKNIFTY-III.NFO,22/01/2025,09:16:38,49367.4,49375.05,300,49411.3,60,0,152370
BANKNIFTY-III.NFO,22/01/2025,09:16:40,49367.4,49374.95,30,49411.1,210,0,152370
BANKNIFTY-III.NFO,22/01/2025,09:16:41,49367.4,49374.95,30,49409.6,60,0,152370
BANKNIFTY-III.NFO,22/01/2025,09:16:43,49367.4,49374.95,30,49405.55,60,0,152370
BANKNIFTY-III.NFO,22/01/2025,09:16:45,49367.4,49368.1,30,49401.85,60,0,152370
BANKNIFTY-III.NFO,22/01/2025,09:16:46,49367.4,49362.5,30,49395.75,60,0,152370
BANKNIFTY-III.NFO,22/01/2025,09:16:48,49367.4,49359,30,49394.6,60,0,152370
BANKNIFTY-III.NFO,22/01/2025,09:16:49,49367.4,49341,150,49389.75,60,0,152370
BANKNIFTY-III.NFO,22/01/2025,09:16:51,49367.4,49335.6,300,49377.25,60,0,152370
BANKNIFTY-III.NFO,22/01/2025,09:16:53,49367.4,49329.65,300,49373,60,0,152370
BANKNIFTY-III.NFO,22/01/2025,09:16:54,49367.4,49330.95,300,49372.8,60,0,152370
BANKNIFTY-III.NFO,22/01/2025,09:16:56,49367.4,49334,300,49372.6,60,0,152370
BANKNIFTY-III.NFO,22/01/2025,09:16:58,49367.4,49344.5,270,49387.75,60,0,152370
BANKNIFTY-III.NFO,22/01/2025,09:16:59,49367.4,49367.4,150,49381.65,60,0,152370
BANKNIFTY-III.NFO,22/01/2025,09:17:01,49367.4,49367.4,120,49378.5,90,30,152370
BANKNIFTY-III.NFO,22/01/2025,09:17:03,49367.4,49367.4,120,49378.3,60,0,152370
BANKNIFTY-III.NFO,22/01/2025,09:17:04,49367.4,49367.4,120,49386.05,270,0,152370
BANKNIFTY-III.NFO,22/01/2025,09:17:06,49375,49367.4,150,49390,90,30,152370
BANKNIFTY-III.NFO,22/01/2025,09:17:07,49367.4,49367.4,90,49384.05,60,30,152370
BANKNIFTY-III.NFO,22/01/2025,09:17:09,49383.95,49367.4,90,49382.4,90,30,152370
BANKNIFTY-III.NFO,22/01/2025,09:17:11,49383.95,49367.4,90,49382.2,60,0,152370
BANKNIFTY-III.NFO,22/01/2025,09:17:12,49383.95,49367.45,30,49382,60,0,152370
BANKNIFTY-III.NFO,22/01/2025,09:17:14,49383.95,49367.45,30,49384.2,60,0,152370
BANKNIFTY-III.NFO,22/01/2025,09:17:16,49383.95,49367.45,30,49384,60,0,152370
BANKNIFTY-III.NFO,22/01/2025,09:17:17,49383.95,49367.45,30,49383.85,210,0,152370
BANKNIFTY-III.NFO,22/01/2025,09:17:19,49383.75,49363.35,30,49389.1,60,90,152370
BANKNIFTY-III.NFO,22/01/2025,09:17:21,49383.75,49362.55,30,49388.9,60,0,152370
BANKNIFTY-III.NFO,22/01/2025,09:17:22,49410.3,49369.7,60,49410.3,60,30,152370
BANKNIFTY-III.NFO,22/01/2025,09:17:24,49410.3,49372.45,60,49410.1,60,0,152370
BANKNIFTY-III.NFO,22/01/2025,09:17:25,49410.3,49376.2,60,49409.9,60,0,152370
BANKNIFTY-III.NFO,22/01/2025,09:17:27,49410.3,49401.1,30,49409.8,60,0,152370
BANKNIFTY-III.NFO,22/01/2025,09:17:29,49410.3,49401.1,30,49409.6,60,0,152370
BANKNIFTY-III.NFO,22/01/2025,09:17:30,49410.3,49401.15,90,49419.8,60,0,152370
BANKNIFTY-III.NFO,22/01/2025,09:17:32,49410.3,49401.15,90,49419.85,60,0,152370
BANKNIFTY-III.NFO,22/01/2025,09:17:34,49410.3,49410.4,60,49442.8,60,0,152370
BANKNIFTY-III.NFO,22/01/2025,09:17:35,49410.3,49410.7,60,49446.95,60,0,152370
BANKNIFTY-III.NFO,22/01/2025,09:17:37,49410.3,49412.65,60,49446.15,60,0,152370
BANKNIFTY-III.NFO,22/01/2025,09:17:39,49410.3,49422.35,60,49450,30,0,152370
BANKNIFTY-III.NFO,22/01/2025,09:17:40,49410.3,49427.1,60,49449.95,60,0,152370
BANKNIFTY-III.NFO,22/01/2025,09:17:42,49410.3,49416.4,60,49449.65,60,0,152370
BANKNIFTY-III.NFO,22/01/2025,09:17:43,49410.3,49413.8,60,49449.15,60,0,152370
BANKNIFTY-III.NFO,22/01/2025,09:17:45,49449.8,49421.45,60,49449.8,30,30,152370
BANKNIFTY-III.NFO,22/01/2025,09:17:47,49449.8,49426.55,60,49449.85,30,0,152370
BANKNIFTY-III.NFO,22/01/2025,09:17:48,49449.85,49418.1,60,49449.8,270,30,152370
BANKNIFTY-III.NFO,22/01/2025,09:17:50,49449.85,49417.7,60,49449.8,240,0,152370
BANKNIFTY-III.NFO,22/01/2025,09:17:52,49449.85,49415,60,49449.65,30,0,152370
BANKNIFTY-III.NFO,22/01/2025,09:17:53,49449.85,49410,60,49446,240,0,152370
BANKNIFTY-III.NFO,22/01/2025,09:17:55,49449.8,49416.45,60,49449.8,210,30,152370
BANKNIFTY-III.NFO,22/01/2025,09:17:57,49449.8,49422.25,60,49449.8,210,0,152370
BANKNIFTY-III.NFO,22/01/2025,09:17:58,49449.8,49412.65,60,49447.05,60,0,152370
BANKNIFTY-III.NFO,22/01/2025,09:18:00,49449.8,49416.75,60,49447.1,210,0,152370
BANKNIFTY-III.NFO,22/01/2025,09:18:01,49449.8,49416.25,60,49447.1,210,0,152370
BANKNIFTY-III.NFO,22/01/2025,09:18:03,49449.8,49413.95,60,49447.1,210,0,152370
BANKNIFTY-III.NFO,22/01/2025,09:18:05,49449.8,49416.15,60,49447,150,0,152370
BANKNIFTY-III.NFO,22/01/2025,09:18:06,49449.8,49416.4,60,49447,150,0,152370
BANKNIFTY-III.NFO,22/01/2025,09:18:08,49449.8,49403,60,49437.9,180,0,152370
BANKNIFTY-III.NFO,22/01/2025,09:18:10,49449.8,49417.95,30,49443.55,150,0,152370
BANKNIFTY-III.NFO,22/01/2025,09:18:11,49449.8,49418.55,60,49447.7,30,0,152370
BANKNIFTY-III.NFO,22/01/2025,09:18:13,49449.8,49418,60,49447.6,30,0,152370
BANKNIFTY-III.NFO,22/01/2025,09:18:15,49449.8,49423.8,60,49447.5,30,0,152370
BANKNIFTY-III.NFO,22/01/2025,09:18:16,49449.8,49425.55,60,49449.25,30,0,152370
BANKNIFTY-III.NFO,22/01/2025,09:18:18,49449.8,49418,60,49449.4,90,0,152370
BANKNIFTY-III.NFO,22/01/2025,09:18:19,49449.8,49418.1,420,49449.4,60,0,152370
BANKNIFTY-III.NFO,22/01/2025,09:18:21,49449.4,49426,360,49449.8,60,30,152370
BANKNIFTY-III.NFO,22/01/2025,09:18:23,49449.4,49430.6,60,49449.8,60,0,152370
BANKNIFTY-III.NFO,22/01/2025,09:18:24,49449.4,49432.05,60,49449.85,30,0,152370
BANKNIFTY-III.NFO,22/01/2025,09:18:26,49449.4,49436.8,60,49449.85,30,0,152370
BANKNIFTY-III.NFO,22/01/2025,09:18:28,49449.4,49437.8,90,49449.85,30,0,152370
BANKNIFTY-III.NFO,22/01/2025,09:18:29,49450,49448.1,60,49474.25,180,90,152370
BANKNIFTY-III.NFO,22/01/2025,09:18:31,49450,49450.6,60,49474.15,180,0,152370
BANKNIFTY-III.NFO,22/01/2025,09:18:33,49450,49448,60,49474.1,30,0,152370
BANKNIFTY-III.NFO,22/01/2025,09:18:34,49450,49452.75,60,49474,60,0,152370
BANKNIFTY-III.NFO,22/01/2025,09:18:36,49450,49450.75,60,49473.9,60,0,152370
BANKNIFTY-III.NFO,22/01/2025,09:18:37,49450,49447.9,60,49473.85,180,0,152370
BANKNIFTY-III.NFO,22/01/2025,09:18:39,49450,49447.9,60,49473.75,180,0,152370
BANKNIFTY-III.NFO,22/01/2025,09:18:41,49450,49450,60,49471.2,180,0,152370
BANKNIFTY-III.NFO,22/01/2025,09:18:42,49450,49450.05,30,49471.2,210,0,152370
BANKNIFTY-III.NFO,22/01/2025,09:18:44,49450,49450.05,90,49471.2,210,0,152370
BANKNIFTY-III.NFO,22/01/2025,09:18:47,49450,49450,30,49462.55,30,0,152370
BANKNIFTY-III.NFO,22/01/2025,09:18:49,49450,49439.4,60,49450,30,30,152370
BANKNIFTY-III.NFO,22/01/2025,09:18:50,49450,49425.05,60,49450,60,0,152370
BANKNIFTY-III.NFO,22/01/2025,09:18:52,49450,49421.4,60,49450,60,0,152370
BANKNIFTY-III.NFO,22/01/2025,09:18:54,49450,49422.55,60,49449.95,60,0,152370
BANKNIFTY-III.NFO,22/01/2025,09:18:56,49450,49422.2,60,49449.95,60,0,152370
BANKNIFTY-III.NFO,22/01/2025,09:18:59,49450,49422.2,60,49450,30,0,152370
BANKNIFTY-III.NFO,22/01/2025,09:19:01,49450,49420.5,60,49449.95,60,0,152370
BANKNIFTY-III.NFO,22/01/2025,09:19:02,49450,49417.95,30,49439.35,60,0,152370
BANKNIFTY-III.NFO,22/01/2025,09:19:04,49450,49417.95,30,49438.8,60,0,152370
BANKNIFTY-III.NFO,22/01/2025,09:19:06,49450,49417.95,30,49435.15,30,0,152370
BANKNIFTY-III.NFO,22/01/2025,09:19:07,49450,49417.95,30,49439.4,30,0,152370
BANKNIFTY-III.NFO,22/01/2025,09:19:09,49450,49417.95,30,49437.3,30,0,152370
BANKNIFTY-III.NFO,22/01/2025,09:19:14,49450,49418,90,49439.4,30,0,152370
BANKNIFTY-III.NFO,22/01/2025,09:19:16,49450,49418,90,49445.05,60,0,152370
BANKNIFTY-III.NFO,22/01/2025,09:19:17,49450,49418,60,49444.4,60,0,152370
BANKNIFTY-III.NFO,22/01/2025,09:19:19,49450,49418,60,49444.35,180,0,152370
BANKNIFTY-III.NFO,22/01/2025,09:19:21,49450,49418,60,49449.9,60,0,152370
BANKNIFTY-III.NFO,22/01/2025,09:19:22,49450,49417.95,30,49438.6,60,0,152370
BANKNIFTY-III.NFO,22/01/2025,09:19:24,49450,49417.95,30,49434.3,30,0,152370
BANKNIFTY-III.NFO,22/01/2025,09:19:26,49450,49418,60,49433.85,30,0,152370
BANKNIFTY-III.NFO,22/01/2025,09:19:27,49450,49417.95,30,49436.95,30,0,152370
BANKNIFTY-III.NFO,22/01/2025,09:19:29,49450,49418,90,49442.25,60,0,152370
BANKNIFTY-III.NFO,22/01/2025,09:19:31,49450,49418,90,49442.35,30,0,152370
BANKNIFTY-III.NFO,22/01/2025,09:19:32,49450,49418,90,49442.3,180,0,152370
BANKNIFTY-III.NFO,22/01/2025,09:19:34,49450,49418,90,49442.3,60,0,152370
BANKNIFTY-III.NFO,22/01/2025,09:19:36,49450,49418.1,60,49442.35,30,0,152370
BANKNIFTY-III.NFO,22/01/2025,09:19:37,49450,49418.35,60,49444.35,60,0,152370
BANKNIFTY-III.NFO,22/01/2025,09:19:39,49450,49425.2,60,49444.35,60,0,152370
BANKNIFTY-III.NFO,22/01/2025,09:19:41,49450,49432.35,60,49450,60,0,152370
BANKNIFTY-III.NFO,22/01/2025,09:19:42,49450,49427.65,60,49449.95,60,0,152370
BANKNIFTY-III.NFO,22/01/2025,09:19:44,49450,49426.25,60,49450,90,0,152370
BANKNIFTY-III.NFO,22/01/2025,09:19:46,49450,49427.65,60,49450,60,0,152370
BANKNIFTY-III.NFO,22/01/2025,09:19:47,49450,49429.05,60,49450,60,0,152370
BANKNIFTY-III.NFO,22/01/2025,09:19:49,49450,49422.5,60,49449.85,60,0,152370
BANKNIFTY-III.NFO,22/01/2025,09:19:51,49450,49418,60,49444.2,60,0,152370
BANKNIFTY-III.NFO,22/01/2025,09:19:53,49421,49421,60,49449.9,30,30,152370
BANKNIFTY-III.NFO,22/01/2025,09:19:54,49421,49419.45,60,49446.25,30,0,152520
BANKNIFTY-III.NFO,22/01/2025,09:19:56,49421,49419.65,60,49449.45,30,0,152520
BANKNIFTY-III.NFO,22/01/2025,09:19:57,49421,49419.1,360,49449.85,30,0,152520
BANKNIFTY-III.NFO,22/01/2025,09:19:59,49421,49431,60,49449.95,60,0,152520
BANKNIFTY-III.NFO,22/01/2025,09:20:01,49430.95,49409.85,60,49439.4,30,30,152520
BANKNIFTY-III.NFO,22/01/2025,09:20:02,49430.95,49417.2,60,49446.3,30,0,152520
BANKNIFTY-III.NFO,22/01/2025,09:20:04,49430.95,49409.85,60,49439.75,30,0,152520
BANKNIFTY-III.NFO,22/01/2025,09:20:06,49430.95,49409.25,60,49437.55,30,0,152520
BANKNIFTY-III.NFO,22/01/2025,09:20:08,49430.95,49409.45,60,49439.95,30,0,152520
BANKNIFTY-III.NFO,22/01/2025,09:20:09,49430.95,49412.9,60,49444.9,30,0,152520
BANKNIFTY-III.NFO,22/01/2025,09:20:11,49430.95,49414.65,60,49446.3,30,0,152520
BANKNIFTY-III.NFO,22/01/2025,09:20:13,49430.95,49429.35,60,49450,90,0,152520
BANKNIFTY-III.NFO,22/01/2025,09:20:14,49430.95,49431.45,60,49449.95,30,0,152520
BANKNIFTY-III.NFO,22/01/2025,09:20:16,49430.95,49428.75,60,49450,90,0,152520
BANKNIFTY-III.NFO,22/01/2025,09:20:18,49430.95,49433.75,60,49450,90,0,152520
BANKNIFTY-III.NFO,22/01/2025,09:20:19,49431,49431,90,49449.95,90,30,152520
BANKNIFTY-III.NFO,22/01/2025,09:20:21,49431,49431,660,49450,90,0,152520
BANKNIFTY-III.NFO,22/01/2025,09:20:23,49431,49438.4,60,49450,90,0,152520
BANKNIFTY-III.NFO,22/01/2025,09:20:24,49431,49439.25,90,49450,90,0,152520
BANKNIFTY-III.NFO,22/01/2025,09:20:26,49431,49443.95,60,49450,90,0,152520
BANKNIFTY-III.NFO,22/01/2025,09:20:28,49431,49442.05,90,49450,90,0,152520
BANKNIFTY-III.NFO,22/01/2025,09:20:29,49431,49440.95,360,49450,90,0,152520
BANKNIFTY-III.NFO,22/01/2025,09:20:31,49431,49432.7,360,49450,90,0,152520
BANKNIFTY-III.NFO,22/01/2025,09:20:33,49431,49434.25,60,49450,90,0,152520
BANKNIFTY-III.NFO,22/01/2025,09:20:34,49431,49443.6,90,49450,90,0,152520
BANKNIFTY-III.NFO,22/01/2025,09:20:36,49450,49437.8,60,49460.5,90,90,152520
BANKNIFTY-III.NFO,22/01/2025,09:20:38,49450,49431.1,60,49456.3,60,0,152520
BANKNIFTY-III.NFO,22/01/2025,09:20:39,49450,49431,30,49448.9,60,0,152520
BANKNIFTY-III.NFO,22/01/2025,09:20:41,49431,49430.95,30,49440.55,60,30,152520
BANKNIFTY-III.NFO,22/01/2025,09:20:43,49430.95,49410,120,49437.15,60,30,152520
BANKNIFTY-III.NFO,22/01/2025,09:20:44,49430.95,49410.7,60,49437.95,60,0,152520
BANKNIFTY-III.NFO,22/01/2025,09:20:46,49430.95,49409.45,60,49436.35,120,0,152520
BANKNIFTY-III.NFO,22/01/2025,09:20:48,49430.95,49408.55,60,49435.55,60,0,152520
BANKNIFTY-III.NFO,22/01/2025,09:20:49,49430.95,49405.25,60,49431.35,60,0,152520
BANKNIFTY-III.NFO,22/01/2025,09:20:51,49430.95,49405.15,60,49432.15,60,0,152520
BANKNIFTY-III.NFO,22/01/2025,09:20:52,49430.95,49405.45,60,49433.05,60,0,152520
BANKNIFTY-III.NFO,22/01/2025,09:20:54,49430.95,49407.2,60,49434.45,60,0,152520
BANKNIFTY-III.NFO,22/01/2025,09:20:56,49430.95,49406.1,60,49432.05,60,0,152520
BANKNIFTY-III.NFO,22/01/2025,09:20:57,49430.95,49407.2,60,49431.35,60,0,152520
BANKNIFTY-III.NFO,22/01/2025,09:20:59,49430.95,49411.95,60,49440.25,60,0,152520
BANKNIFTY-III.NFO,22/01/2025,09:21:01,49430.95,49412.45,60,49439.6,60,0,152520
BANKNIFTY-III.NFO,22/01/2025,09:21:02,49430.95,49411,60,49438.05,60,0,152520
BANKNIFTY-III.NFO,22/01/2025,09:21:04,49430.95,49410.6,60,49436.75,60,0,152520
BANKNIFTY-III.NFO,22/01/2025,09:21:06,49430.95,49412,60,49438.9,60,0,152520
BANKNIFTY-III.NFO,22/01/2025,09:21:07,49430.95,49409.05,60,49437.35,60,0,152520
BANKNIFTY-III.NFO,22/01/2025,09:21:09,49430.95,49408.95,60,49435.5,60,0,152520
BANKNIFTY-III.NFO,22/01/2025,09:21:11,49430.95,49407.05,60,49430.9,60,0,152520
BANKNIFTY-III.NFO,22/01/2025,09:21:12,49430.95,49410.05,90,49429.95,90,0,152520
BANKNIFTY-III.NFO,22/01/2025,09:21:14,49430.95,49410.35,90,49430,30,0,152520
BANKNIFTY-III.NFO,22/01/2025,09:21:16,49430.95,49409.95,60,49430,60,0,152520
BANKNIFTY-III.NFO,22/01/2025,09:21:17,49430.95,49408.75,120,49430,60,0,152520
BANKNIFTY-III.NFO,22/01/2025,09:21:19,49430.95,49411.6,90,49430,30,0,152520
BANKNIFTY-III.NFO,22/01/2025,09:21:21,49430.95,49416,90,49430,30,0,152520
BANKNIFTY-III.NFO,22/01/2025,09:21:22,49430.95,49417.25,60,49430,30,0,152520
BANKNIFTY-III.NFO,22/01/2025,09:21:24,49430.95,49414.2,90,49430,30,0,152520
BANKNIFTY-III.NFO,22/01/2025,09:21:26,49430.95,49404.2,60,49429.6,90,0,152520
BANKNIFTY-III.NFO,22/01/2025,09:21:27,49430.95,49420,180,49429.95,90,0,152520
BANKNIFTY-III.NFO,22/01/2025,09:21:29,49429.95,49420,180,49429.95,30,30,152520
BANKNIFTY-III.NFO,22/01/2025,09:21:31,49429.95,49420.05,60,49430,30,0,152520
BANKNIFTY-III.NFO,22/01/2025,09:21:34,49429.95,49426.6,60,49430,30,0,152520
BANKNIFTY-III.NFO,22/01/2025,09:21:36,49430.95,49431.3,90,49439.95,30,360,152520
BANKNIFTY-III.NFO,22/01/2025,09:21:37,49430.95,49431.7,60,49439.95,60,0,152520
BANKNIFTY-III.NFO,22/01/2025,09:21:39,49430.95,49431.9,60,49439.95,60,0,152520
BANKNIFTY-III.NFO,22/01/2025,09:21:41,49430.95,49429.95,30,49439.9,60,0,152520
BANKNIFTY-III.NFO,22/01/2025,09:21:42,49430.95,49429.95,30,49439.75,60,0,152520
BANKNIFTY-III.NFO,22/01/2025,09:21:44,49430.95,49429.95,30,49439.9,60,0,152520
BANKNIFTY-III.NFO,22/01/2025,09:21:46,49430.95,49429.95,30,49439.7,60,0,152520
BANKNIFTY-III.NFO,22/01/2025,09:21:47,49430.95,49429.95,30,49439.95,60,0,152520
BANKNIFTY-III.NFO,22/01/2025,09:21:49,49430.95,49429.95,30,49439.2,30,0,152520
BANKNIFTY-III.NFO,22/01/2025,09:21:50,49430.95,49429.95,30,49439.9,60,0,152520
BANKNIFTY-III.NFO,22/01/2025,09:21:52,49430.95,49429.95,30,49436.55,120,0,152520
BANKNIFTY-III.NFO,22/01/2025,09:21:54,49429.95,49420,180,49432.7,60,30,152880
BANKNIFTY-III.NFO,22/01/2025,09:21:55,49429.95,49420,180,49435.5,30,0,152880
BANKNIFTY-III.NFO,22/01/2025,09:21:57,49429.95,49420,180,49432.9,60,0,152880
BANKNIFTY-III.NFO,22/01/2025,09:21:59,49429.95,49420,180,49430.4,60,0,152880
BANKNIFTY-III.NFO,22/01/2025,09:22:00,49429.95,49420,180,49427.9,60,0,152880
BANKNIFTY-III.NFO,22/01/2025,09:22:02,49420,49420,150,49422.8,60,30,152880
BANKNIFTY-III.NFO,22/01/2025,09:22:04,49420,49388.35,30,49412.6,30,150,152880
BANKNIFTY-III.NFO,22/01/2025,09:22:05,49420,49387.85,60,49408.8,30,0,152880
BANKNIFTY-III.NFO,22/01/2025,09:22:07,49420,49394.85,90,49415,60,0,152880
BANKNIFTY-III.NFO,22/01/2025,09:22:09,49420,49390.75,90,49411.5,30,0,152880
BANKNIFTY-III.NFO,22/01/2025,09:22:10,49420,49388.3,90,49408.95,30,0,152880
BANKNIFTY-III.NFO,22/01/2025,09:22:12,49420,49387.9,30,49409.75,60,0,152880
BANKNIFTY-III.NFO,22/01/2025,09:22:14,49420,49384.95,60,49406.75,30,0,152880
BANKNIFTY-III.NFO,22/01/2025,09:22:15,49420,49385.85,30,49407.25,30,0,152880
BANKNIFTY-III.NFO,22/01/2025,09:22:17,49420,49376.75,60,49399.9,30,0,152880
BANKNIFTY-III.NFO,22/01/2025,09:22:19,49420,49376.2,150,49397.45,30,0,152880
BANKNIFTY-III.NFO,22/01/2025,09:22:20,49420,49377.25,60,49399.4,30,0,152880
BANKNIFTY-III.NFO,22/01/2025,09:22:22,49420,49377.25,60,49398.7,30,0,152880
BANKNIFTY-III.NFO,22/01/2025,09:22:24,49420,49377.35,60,49399.05,30,0,152880
BANKNIFTY-III.NFO,22/01/2025,09:22:25,49420,49377.5,60,49398.95,30,0,152880
BANKNIFTY-III.NFO,22/01/2025,09:22:27,49420,49377,60,49398.75,30,0,152880
BANKNIFTY-III.NFO,22/01/2025,09:22:28,49420,49374.9,60,49396,30,0,152880
BANKNIFTY-III.NFO,22/01/2025,09:22:30,49420,49374.8,120,49397.1,30,0,152880
BANKNIFTY-III.NFO,22/01/2025,09:22:32,49420,49380.1,60,49402,30,0,152880
BANKNIFTY-III.NFO,22/01/2025,09:22:33,49420,49371.35,60,49395.55,30,0,152880
BANKNIFTY-III.NFO,22/01/2025,09:22:35,49420,49374,120,49395.05,30,0,152880
BANKNIFTY-III.NFO,22/01/2025,09:22:37,49420,49370.95,60,49395.15,30,0,152880
BANKNIFTY-III.NFO,22/01/2025,09:22:38,49420,49361,60,49387.05,30,0,152880
BANKNIFTY-III.NFO,22/01/2025,09:22:40,49420,49350.05,60,49373.9,60,0,152880
BANKNIFTY-III.NFO,22/01/2025,09:22:42,49420,49350.05,60,49368.15,60,0,152880
BANKNIFTY-III.NFO,22/01/2025,09:22:43,49420,49350,30,49369,30,0,152880
BANKNIFTY-III.NFO,22/01/2025,09:22:45,49420,49350,30,49355.95,60,0,152880
BANKNIFTY-III.NFO,22/01/2025,09:22:47,49350,49330.25,90,49350.25,30,30,152880
BANKNIFTY-III.NFO,22/01/2025,09:22:48,49350,49333.75,30,49355.4,30,0,152880
BANKNIFTY-III.NFO,22/01/2025,09:22:50,49333.75,49340.4,60,49363.1,60,30,152880
BANKNIFTY-III.NFO,22/01/2025,09:22:50,49333.75,49340.4,60,49363.1,60,0,152880
BANKNIFTY-III.NFO,22/01/2025,09:22:52,49333.75,49341.1,60,49364.95,60,0,152880
BANKNIFTY-III.NFO,22/01/2025,09:22:53,49333.75,49339.7,60,49362.85,90,0,152880
BANKNIFTY-III.NFO,22/01/2025,09:22:55,49333.75,49345.65,60,49369.5,120,0,152880
BANKNIFTY-III.NFO,22/01/2025,09:22:56,49333.75,49349.1,60,49368.95,90,0,152880
BANKNIFTY-III.NFO,22/01/2025,09:22:58,49333.75,49355.15,90,49374,90,0,152880
BANKNIFTY-III.NFO,22/01/2025,09:23:00,49333.75,49359.4,90,49373.95,60,0,152880
BANKNIFTY-III.NFO,22/01/2025,09:23:01,49333.75,49366.1,90,49388.4,60,0,152880
BANKNIFTY-III.NFO,22/01/2025,09:23:03,49333.75,49354.7,60,49378,60,0,152880
BANKNIFTY-III.NFO,22/01/2025,09:23:05,49333.75,49350.25,60,49373.4,90,0,152880
BANKNIFTY-III.NFO,22/01/2025,09:23:06,49333.75,49356.8,120,49380.15,60,0,152880
BANKNIFTY-III.NFO,22/01/2025,09:23:08,49333.75,49350.95,60,49375.4,60,0,152880
BANKNIFTY-III.NFO,22/01/2025,09:23:10,49333.75,49352.4,120,49375.2,60,0,152880
BANKNIFTY-III.NFO,22/01/2025,09:23:11,49333.75,49345.25,90,49369.15,60,0,152880
BANKNIFTY-III.NFO,22/01/2025,09:23:13,49333.75,49340.8,60,49365.25,90,0,152880
BANKNIFTY-III.NFO,22/01/2025,09:23:15,49333.75,49342.75,60,49365.55,60,0,152880
BANKNIFTY-III.NFO,22/01/2025,09:23:16,49333.75,49348.55,150,49360,30,0,152880
BANKNIFTY-III.NFO,22/01/2025,09:23:18,49333.75,49348.25,60,49360,30,0,152880
BANKNIFTY-III.NFO,22/01/2025,09:23:20,49333.75,49352.3,90,49360,30,0,152880
BANKNIFTY-III.NFO,22/01/2025,09:23:21,49333.75,49352.55,90,49360,30,0,152880
BANKNIFTY-III.NFO,22/01/2025,09:23:23,49385.7,49366.75,60,49397.9,30,60,152880
BANKNIFTY-III.NFO,22/01/2025,09:23:25,49385.7,49369.35,60,49393.1,30,0,152880
BANKNIFTY-III.NFO,22/01/2025,09:23:26,49385.7,49365.5,60,49388.4,30,0,152880
BANKNIFTY-III.NFO,22/01/2025,09:23:28,49385.7,49370.75,60,49385.7,30,0,152880
BANKNIFTY-III.NFO,22/01/2025,09:23:30,49385.7,49382.55,90,49406,30,30,152880
BANKNIFTY-III.NFO,22/01/2025,09:23:31,49385.7,49386.2,60,49409.85,60,0,152880
BANKNIFTY-III.NFO,22/01/2025,09:23:33,49385.7,49378.65,90,49401.7,30,0,152880
BANKNIFTY-III.NFO,22/01/2025,09:23:35,49385.7,49382.85,60,49406.35,60,0,152880
BANKNIFTY-III.NFO,22/01/2025,09:23:36,49395.5,49372.35,60,49395.55,60,30,152880
BANKNIFTY-III.NFO,22/01/2025,09:23:38,49395.5,49378.25,60,49401.75,60,0,152880
BANKNIFTY-III.NFO,22/01/2025,09:23:40,49395.5,49372.15,60,49394.35,90,0,152880
BANKNIFTY-III.NFO,22/01/2025,09:23:41,49395.5,49366.95,60,49393.55,60,0,152880
BANKNIFTY-III.NFO,22/01/2025,09:23:43,49395.5,49373.35,60,49397.75,60,0,152880
BANKNIFTY-III.NFO,22/01/2025,09:23:45,49395.5,49361.2,60,49385.45,60,0,152880
BANKNIFTY-III.NFO,22/01/2025,09:23:46,49395.5,49344.35,60,49370.5,60,0,152880
BANKNIFTY-III.NFO,22/01/2025,09:23:48,49395.5,49347.15,60,49373.45,60,0,152880
BANKNIFTY-III.NFO,22/01/2025,09:23:50,49395.5,49344.95,60,49370.5,60,0,152880
BANKNIFTY-III.NFO,22/01/2025,09:23:51,49395.5,49344,60,49369.45,60,0,152880
BANKNIFTY-III.NFO,22/01/2025,09:23:53,49395.5,49341.75,60,49365.7,30,0,152880
BANKNIFTY-III.NFO,22/01/2025,09:23:55,49395.5,49341.05,90,49362.3,30,0,152880
BANKNIFTY-III.NFO,22/01/2025,09:23:56,49341,49341,270,49351.55,60,30,152880
BANKNIFTY-III.NFO,22/01/2025,09:23:58,49341,49341,270,49349.6,60,0,152880
BANKNIFTY-III.NFO,22/01/2025,09:24:00,49341,49314.8,60,49341.45,60,270,152880
BANKNIFTY-III.NFO,22/01/2025,09:24:01,49341,49313.75,60,49341.35,60,0,152880
BANKNIFTY-III.NFO,22/01/2025,09:24:03,49341,49322.2,60,49347.9,30,0,152880
BANKNIFTY-III.NFO,22/01/2025,09:24:05,49341,49314.3,60,49340.2,60,0,152880
BANKNIFTY-III.NFO,22/01/2025,09:24:06,49341,49318.2,90,49339.8,30,0,152880
BANKNIFTY-III.NFO,22/01/2025,09:24:08,49341,49319.15,90,49342.55,180,0,152880
BANKNIFTY-III.NFO,22/01/2025,09:24:10,49341,49322.1,60,49342.55,180,0,152880
BANKNIFTY-III.NFO,22/01/2025,09:24:11,49341,49324.45,60,49342.55,150,0,152880
BANKNIFTY-III.NFO,22/01/2025,09:24:13,49341,49321,60,49347.45,60,0,152880
BANKNIFTY-III.NFO,22/01/2025,09:24:15,49341,49321.95,60,49349.9,60,0,152880
BANKNIFTY-III.NFO,22/01/2025,09:24:16,49341,49323.85,60,49349.95,180,0,152880
BANKNIFTY-III.NFO,22/01/2025,09:24:18,49341,49317.55,60,49344.65,60,0,152880
BANKNIFTY-III.NFO,22/01/2025,09:24:20,49341,49316.5,90,49341,60,0,152880
BANKNIFTY-III.NFO,22/01/2025,09:24:21,49341,49319,60,49341,90,0,152880
BANKNIFTY-III.NFO,22/01/2025,09:24:23,49341,49319.55,60,49341,90,0,152880
BANKNIFTY-III.NFO,22/01/2025,09:24:25,49341,49324.15,150,49341,60,0,152880
BANKNIFTY-III.NFO,22/01/2025,09:24:26,49341,49324.95,90,49341,30,30,152880
BANKNIFTY-III.NFO,22/01/2025,09:24:28,49324.9,49325.4,120,49341,30,120,152880
BANKNIFTY-III.NFO,22/01/2025,09:24:28,49324.9,49325.4,120,49341,30,0,152880
BANKNIFTY-III.NFO,22/01/2025,09:24:30,49324.9,49328.4,120,49341,30,0,152880
BANKNIFTY-III.NFO,22/01/2025,09:24:31,49324.9,49328.5,210,49341,30,0,152880
BANKNIFTY-III.NFO,22/01/2025,09:24:33,49324.9,49329.75,150,49341,30,0,152880
BANKNIFTY-III.NFO,22/01/2025,09:24:35,49324.9,49330.45,150,49341,60,0,152880
BANKNIFTY-III.NFO,22/01/2025,09:24:36,49324.9,49325.05,150,49341,60,0,152880
BANKNIFTY-III.NFO,22/01/2025,09:24:38,49324.9,49325.3,150,49341,60,0,152880
BANKNIFTY-III.NFO,22/01/2025,09:24:40,49325.3,49331.05,90,49341,60,60,152880
BANKNIFTY-III.NFO,22/01/2025,09:24:41,49341,49341.3,90,49363.8,150,60,152880
BANKNIFTY-III.NFO,22/01/2025,09:24:43,49341,49359.8,60,49380,30,0,152880
BANKNIFTY-III.NFO,22/01/2025,09:24:45,49341,49365.55,90,49380,30,0,152880
BANKNIFTY-III.NFO,22/01/2025,09:24:46,49341,49370.65,90,49380,30,0,152880
BANKNIFTY-III.NFO,22/01/2025,09:24:48,49341,49372.95,90,49380,30,0,152880
BANKNIFTY-III.NFO,22/01/2025,09:24:50,49341,49364,90,49380,30,0,152880
BANKNIFTY-III.NFO,22/01/2025,09:24:51,49341,49368.95,360,49380,30,0,152880
BANKNIFTY-III.NFO,22/01/2025,09:24:53,49341,49369.35,90,49380,30,0,152880
BANKNIFTY-III.NFO,22/01/2025,09:24:55,49341,49374.15,60,49380,30,0,152880
BANKNIFTY-III.NFO,22/01/2025,09:24:56,49341,49374.55,60,49380,30,0,152880
BANKNIFTY-III.NFO,22/01/2025,09:24:58,49341,49366.35,90,49380,30,0,152880
BANKNIFTY-III.NFO,22/01/2025,09:25:00,49341,49371.75,90,49380,30,0,152880
BANKNIFTY-III.NFO,22/01/2025,09:25:01,49341,49365.75,60,49380,30,0,152880
BANKNIFTY-III.NFO,22/01/2025,09:25:03,49341,49367.25,60,49380,30,0,152880
BANKNIFTY-III.NFO,22/01/2025,09:25:05,49341,49367.7,90,49380,30,0,152880
BANKNIFTY-III.NFO,22/01/2025,09:25:06,49341,49364.9,60,49380,30,0,152880
BANKNIFTY-III.NFO,22/01/2025,09:25:08,49341,49367.65,60,49380,30,0,152880
BANKNIFTY-III.NFO,22/01/2025,09:25:10,49341,49370.4,60,49380,30,0,152880
BANKNIFTY-III.NFO,22/01/2025,09:25:11,49341,49375.55,60,49380,30,0,152880
BANKNIFTY-III.NFO,22/01/2025,09:25:13,49341,49378.4,60,49380,30,0,152880
BANKNIFTY-III.NFO,22/01/2025,09:25:15,49341,49377.7,60,49380,30,0,152880
BANKNIFTY-III.NFO,22/01/2025,09:25:16,49380,49379,90,49397.45,150,30,152700
BANKNIFTY-III.NFO,22/01/2025,09:25:18,49380,49367.75,60,49388.15,150,0,152700
BANKNIFTY-III.NFO,22/01/2025,09:25:20,49380,49374.95,90,49393.75,150,0,152700
BANKNIFTY-III.NFO,22/01/2025,09:25:21,49380,49374.5,90,49395.75,120,0,152700
BANKNIFTY-III.NFO,22/01/2025,09:25:23,49380,49386.45,60,49400,30,0,152700
BANKNIFTY-III.NFO,22/01/2025,09:25:25,49380,49394.25,60,49400,30,0,152700
BANKNIFTY-III.NFO,22/01/2025,09:25:26,49380,49392.95,60,49400,30,0,152700
BANKNIFTY-III.NFO,22/01/2025,09:25:28,49380,49392.4,60,49400,30,0,152700
BANKNIFTY-III.NFO,22/01/2025,09:25:30,49380,49389.6,60,49400,30,0,152700
BANKNIFTY-III.NFO,22/01/2025,09:25:31,49406.95,49387.5,150,49405.85,150,90,152700
BANKNIFTY-III.NFO,22/01/2025,09:25:33,49406.95,49394.85,180,49414.05,120,0,152700
BANKNIFTY-III.NFO,22/01/2025,09:25:35,49406.95,49393.1,120,49411.3,120,0,152700
BANKNIFTY-III.NFO,22/01/2025,09:25:36,49406.95,49383.2,120,49404.5,150,0,152700
BANKNIFTY-III.NFO,22/01/2025,09:25:38,49406.95,49387.95,120,49406.7,120,0,152700
BANKNIFTY-III.NFO,22/01/2025,09:25:39,49406.95,49388.2,60,49408.55,120,0,152700
BANKNIFTY-III.NFO,22/01/2025,09:25:41,49406.95,49380,90,49400.85,150,0,152700
BANKNIFTY-III.NFO,22/01/2025,09:25:43,49395.75,49374.4,150,49393.15,90,60,152700
BANKNIFTY-III.NFO,22/01/2025,09:25:44,49395.75,49369.35,150,49389.65,120,0,152700
BANKNIFTY-III.NFO,22/01/2025,09:25:46,49395.75,49362.35,120,49382.5,90,0,152700
BANKNIFTY-III.NFO,22/01/2025,09:25:48,49395.75,49368.85,150,49388.6,60,0,152700
BANKNIFTY-III.NFO,22/01/2025,09:25:49,49395.75,49368.95,150,49388.4,90,0,152700
BANKNIFTY-III.NFO,22/01/2025,09:25:51,49395.75,49364.8,150,49384,90,0,152700
BANKNIFTY-III.NFO,22/01/2025,09:25:53,49395.75,49375.95,150,49394.9,90,0,152700
BANKNIFTY-III.NFO,22/01/2025,09:25:54,49395.75,49371.65,150,49391.85,90,0,152700
BANKNIFTY-III.NFO,22/01/2025,09:25:56,49395.75,49372.8,150,49392.5,120,0,152700
BANKNIFTY-III.NFO,22/01/2025,09:25:58,49395.75,49375.4,150,49395.25,60,0,152700
BANKNIFTY-III.NFO,22/01/2025,09:25:59,49395.75,49369.5,60,49390.85,120,0,152700
BANKNIFTY-III.NFO,22/01/2025,09:26:01,49395.75,49370.2,150,49389.55,60,0,152700
BANKNIFTY-III.NFO,22/01/2025,09:26:03,49395.75,49363.4,210,49384.3,60,0,152700
BANKNIFTY-III.NFO,22/01/2025,09:26:04,49395.75,49354.15,30,49377.85,90,0,152700
BANKNIFTY-III.NFO,22/01/2025,09:26:06,49395.75,49345.35,30,49367.15,90,0,152700
BANKNIFTY-III.NFO,22/01/2025,09:26:08,49340.05,49340,30,49357.7,120,30,152700
BANKNIFTY-III.NFO,22/01/2025,09:26:09,49340.05,49341.7,60,49362.8,90,0,152700
BANKNIFTY-III.NFO,22/01/2025,09:26:11,49340.05,49345.15,120,49366.55,120,0,152700
BANKNIFTY-III.NFO,22/01/2025,09:26:13,49340.05,49347.15,120,49368.2,90,0,152700
BANKNIFTY-III.NFO,22/01/2025,09:26:14,49340.05,49352.35,90,49373.25,90,0,152700
BANKNIFTY-III.NFO,22/01/2025,09:26:16,49340.05,49342,120,49365.35,90,0,152700
BANKNIFTY-III.NFO,22/01/2025,09:26:18,49344.45,49343.45,120,49364.25,120,30,152700
BANKNIFTY-III.NFO,22/01/2025,09:26:19,49344.45,49352.55,150,49370.8,60,0,152700
BANKNIFTY-III.NFO,22/01/2025,09:26:21,49344.45,49359.55,120,49381.05,120,0,152700
BANKNIFTY-III.NFO,22/01/2025,09:26:23,49344.45,49354.35,120,49377.55,180,0,152700
BANKNIFTY-III.NFO,22/01/2025,09:26:25,49344.45,49358.8,120,49380,120,0,152700
BANKNIFTY-III.NFO,22/01/2025,09:26:26,49344.45,49360.7,120,49369.35,60,0,152700
BANKNIFTY-III.NFO,22/01/2025,09:26:28,49344.45,49364.95,120,49369.35,60,0,152700
BANKNIFTY-III.NFO,22/01/2025,09:26:30,49344.45,49360,120,49369.35,60,0,152700
BANKNIFTY-III.NFO,22/01/2025,09:26:31,49344.45,49350.4,150,49369.35,90,0,152700
BANKNIFTY-III.NFO,22/01/2025,09:26:33,49344.45,49348.05,150,49369,120,0,152700
BANKNIFTY-III.NFO,22/01/2025,09:26:35,49344.45,49341.1,120,49362.55,120,0,152700
BANKNIFTY-III.NFO,22/01/2025,09:26:36,49344.45,49340.1,120,49357,150,0,152700
BANKNIFTY-III.NFO,22/01/2025,09:26:38,49344.45,49340.55,120,49363.2,120,0,152700
BANKNIFTY-III.NFO,22/01/2025,09:26:40,49344.45,49344.85,120,49366,120,0,152700
BANKNIFTY-III.NFO,22/01/2025,09:26:41,49344.45,49345.5,120,49367.5,120,0,152700
BANKNIFTY-III.NFO,22/01/2025,09:26:43,49344.45,49345.9,120,49367.65,120,0,152700
BANKNIFTY-III.NFO,22/01/2025,09:26:45,49344.45,49346.55,120,49368.6,150,0,152700
BANKNIFTY-III.NFO,22/01/2025,09:26:46,49344.45,49351.85,150,49369.35,90,0,152700
BANKNIFTY-III.NFO,22/01/2025,09:26:48,49344.45,49359.35,120,49369.35,60,0,152700
BANKNIFTY-III.NFO,22/01/2025,09:26:50,49344.45,49362.45,120,49369.35,60,0,152700
BANKNIFTY-III.NFO,22/01/2025,09:26:51,49369.35,49373.5,90,49395.2,120,60,152700
BANKNIFTY-III.NFO,22/01/2025,09:26:53,49369.35,49362.1,120,49385.4,150,0,152700
BANKNIFTY-III.NFO,22/01/2025,09:26:55,49369.35,49355,120,49376.65,120,0,152700
BANKNIFTY-III.NFO,22/01/2025,09:26:56,49369.35,49348.75,120,49371.9,150,0,152700
BANKNIFTY-III.NFO,22/01/2025,09:26:58,49369.35,49351.85,150,49372.9,120,0,152700
BANKNIFTY-III.NFO,22/01/2025,09:27:00,49369.35,49345.35,150,49368.2,120,0,152700
BANKNIFTY-III.NFO,22/01/2025,09:27:01,49369.35,49346.5,150,49366.95,120,0,152700
BANKNIFTY-III.NFO,22/01/2025,09:27:03,49369.35,49345.25,150,49366.85,120,0,152700
BANKNIFTY-III.NFO,22/01/2025,09:27:05,49363.35,49345.8,150,49366.95,90,30,152700
BANKNIFTY-III.NFO,22/01/2025,09:27:06,49363.35,49349.8,150,49370.45,90,0,152700
BANKNIFTY-III.NFO,22/01/2025,09:27:08,49363.35,49346.6,210,49368,90,0,152700
BANKNIFTY-III.NFO,22/01/2025,09:27:10,49363.35,49347.25,120,49368.35,90,0,152700
BANKNIFTY-III.NFO,22/01/2025,09:27:11,49363.35,49359.7,150,49375,150,0,152700
BANKNIFTY-III.NFO,22/01/2025,09:27:13,49363.35,49368.75,150,49389,90,0,152700
BANKNIFTY-III.NFO,22/01/2025,09:27:15,49363.35,49368.75,150,49388.9,90,0,152700
BANKNIFTY-III.NFO,22/01/2025,09:27:16,49363.35,49370.5,60,49388.9,90,0,152700
BANKNIFTY-III.NFO,22/01/2025,09:27:18,49363.35,49370.15,150,49388.9,120,0,152700
BANKNIFTY-III.NFO,22/01/2025,09:27:20,49363.35,49363.25,150,49386.05,90,0,152700
BANKNIFTY-III.NFO,22/01/2025,09:27:21,49363.35,49364.55,150,49386.05,90,0,152700
BANKNIFTY-III.NFO,22/01/2025,09:27:23,49363.35,49357.95,120,49381.55,120,0,152700
BANKNIFTY-III.NFO,22/01/2025,09:27:25,49363.35,49359.55,120,49380.8,90,0,152700
BANKNIFTY-III.NFO,22/01/2025,09:27:26,49363.35,49359.75,120,49382.9,180,0,152700
BANKNIFTY-III.NFO,22/01/2025,09:27:28,49363.35,49355.45,120,49379.35,90,0,152700
BANKNIFTY-III.NFO,22/01/2025,09:27:30,49363.35,49353.85,120,49376.2,90,0,152700
BANKNIFTY-III.NFO,22/01/2025,09:27:31,49363.35,49350.35,120,49373.3,150,0,152700
BANKNIFTY-III.NFO,22/01/2025,09:27:33,49363.35,49351.8,120,49373.2,120,0,152700
BANKNIFTY-III.NFO,22/01/2025,09:27:35,49363.35,49353.3,150,49373.55,90,0,152700
BANKNIFTY-III.NFO,22/01/2025,09:27:36,49363.35,49353.4,150,49374.35,120,0,152700
BANKNIFTY-III.NFO,22/01/2025,09:27:38,49363.35,49353.5,120,49375.15,90,0,152700
BANKNIFTY-III.NFO,22/01/2025,09:27:40,49355.45,49356.85,60,49377,120,300,152700
BANKNIFTY-III.NFO,22/01/2025,09:27:41,49355.45,49357.4,60,49376.8,150,0,152700
BANKNIFTY-III.NFO,22/01/2025,09:27:43,49355.45,49354.2,60,49375.3,150,0,152700
BANKNIFTY-III.NFO,22/01/2025,09:27:45,49355.45,49358.8,30,49381.35,150,0,152700
BANKNIFTY-III.NFO,22/01/2025,09:27:46,49355.45,49357.4,30,49379.7,60,0,152700
BANKNIFTY-III.NFO,22/01/2025,09:27:48,49355.45,49356,60,49377.8,120,0,152700
BANKNIFTY-III.NFO,22/01/2025,09:27:50,49355.45,49356.25,60,49378.15,120,0,152700
BANKNIFTY-III.NFO,22/01/2025,09:27:51,49355.45,49361.05,60,49381.65,120,0,152700
BANKNIFTY-III.NFO,22/01/2025,09:27:53,49355.45,49359.65,60,49381.55,120,0,152700
BANKNIFTY-III.NFO,22/01/2025,09:27:55,49355.45,49362.85,60,49382.75,120,0,152700
BANKNIFTY-III.NFO,22/01/2025,09:27:56,49355.45,49364.2,60,49384.55,150,0,152700
BANKNIFTY-III.NFO,22/01/2025,09:27:58,49355.45,49367.25,30,49384.75,30,0,152700
BANKNIFTY-III.NFO,22/01/2025,09:28:00,49355.45,49372.15,30,49389.4,150,0,152700
BANKNIFTY-III.NFO,22/01/2025,09:28:01,49355.45,49364.8,30,49386.2,120,0,152700
BANKNIFTY-III.NFO,22/01/2025,09:28:03,49355.45,49377.1,30,49392.55,150,0,152700
BANKNIFTY-III.NFO,22/01/2025,09:28:05,49355.45,49369.05,60,49390.25,150,0,152700
BANKNIFTY-III.NFO,22/01/2025,09:28:06,49355.45,49367.15,60,49387.75,120,0,152700
BANKNIFTY-III.NFO,22/01/2025,09:28:08,49355.45,49365.1,60,49386.7,120,0,152700
BANKNIFTY-III.NFO,22/01/2025,09:28:10,49355.45,49365.15,60,49386.55,120,0,152700
BANKNIFTY-III.NFO,22/01/2025,09:28:11,49355.45,49363.05,30,49385.45,120,0,152700
BANKNIFTY-III.NFO,22/01/2025,09:28:13,49355.45,49355.05,60,49376.05,120,0,152700
BANKNIFTY-III.NFO,22/01/2025,09:28:15,49355.45,49355.8,60,49376.45,120,0,152700
BANKNIFTY-III.NFO,22/01/2025,09:28:16,49355.45,49365.15,60,49386.4,120,0,152700
BANKNIFTY-III.NFO,22/01/2025,09:28:18,49355.45,49368.25,30,49375,60,0,152700
BANKNIFTY-III.NFO,22/01/2025,09:28:20,49355.45,49367.2,330,49375,60,0,152700
BANKNIFTY-III.NFO,22/01/2025,09:28:21,49355.45,49372.35,30,49375,60,0,152700
BANKNIFTY-III.NFO,22/01/2025,09:28:23,49355.45,49369.1,30,49375,60,0,152700
BANKNIFTY-III.NFO,22/01/2025,09:28:25,49375,49376.85,30,49395.2,120,60,152730
BANKNIFTY-III.NFO,22/01/2025,09:28:26,49375,49378.3,30,49394.6,120,0,152730
BANKNIFTY-III.NFO,22/01/2025,09:28:28,49375,49376.05,60,49394.2,150,0,152730
BANKNIFTY-III.NFO,22/01/2025,09:28:30,49378.35,49377.55,30,49394.1,150,30,152730
BANKNIFTY-III.NFO,22/01/2025,09:28:31,49378.35,49376.9,30,49393.9,150,0,152730
BANKNIFTY-III.NFO,22/01/2025,09:28:33,49378.35,49373.6,60,49392,120,0,152730
BANKNIFTY-III.NFO,22/01/2025,09:28:35,49378.35,49363.7,30,49384.85,150,0,152730
BANKNIFTY-III.NFO,22/01/2025,09:28:36,49378.35,49365.2,30,49384.05,120,0,152730
BANKNIFTY-III.NFO,22/01/2025,09:28:38,49378.35,49361.45,30,49382.75,120,0,152730
BANKNIFTY-III.NFO,22/01/2025,09:28:40,49378.35,49355.8,30,49377.1,60,0,152730
BANKNIFTY-III.NFO,22/01/2025,09:28:41,49378.35,49355.45,30,49373.6,180,0,152730
BANKNIFTY-III.NFO,22/01/2025,09:28:43,49378.35,49359.15,60,49379.45,120,0,152730
BANKNIFTY-III.NFO,22/01/2025,09:28:45,49377.9,49357.45,30,49377.9,150,30,152730
BANKNIFTY-III.NFO,22/01/2025,09:28:46,49377.9,49361.4,30,49383.05,120,0,152730
BANKNIFTY-III.NFO,22/01/2025,09:28:48,49377.9,49366,30,49389.1,120,0,152730
BANKNIFTY-III.NFO,22/01/2025,09:28:50,49377.9,49372.05,60,49393.15,120,0,152730
BANKNIFTY-III.NFO,22/01/2025,09:28:51,49377.9,49371.9,60,49393.15,120,0,152730
BANKNIFTY-III.NFO,22/01/2025,09:28:53,49377.9,49365.5,30,49387.6,210,0,152730
BANKNIFTY-III.NFO,22/01/2025,09:28:55,49377.9,49383.85,60,49405.05,120,0,152730
BANKNIFTY-III.NFO,22/01/2025,09:28:56,49377.9,49381.9,60,49402.9,120,0,152730
BANKNIFTY-III.NFO,22/01/2025,09:28:58,49377.9,49386.3,30,49405.15,120,0,152730
BANKNIFTY-III.NFO,22/01/2025,09:29:00,49377.9,49384.25,90,49404.1,30,0,152730
BANKNIFTY-III.NFO,22/01/2025,09:29:01,49377.9,49389.9,30,49405.95,120,0,152730
BANKNIFTY-III.NFO,22/01/2025,09:29:03,49377.9,49379.85,30,49402.45,210,0,152730
BANKNIFTY-III.NFO,22/01/2025,09:29:05,49377.9,49378.55,60,49397.7,150,0,152730
BANKNIFTY-III.NFO,22/01/2025,09:29:06,49377.9,49374.8,60,49393.65,150,0,152730
BANKNIFTY-III.NFO,22/01/2025,09:29:08,49377.9,49372.1,60,49392.65,120,0,152730
BANKNIFTY-III.NFO,22/01/2025,09:29:10,49377.9,49372.1,60,49393.1,120,0,152730
BANKNIFTY-III.NFO,22/01/2025,09:29:11,49377.9,49370.55,60,49389.25,150,0,152730
BANKNIFTY-III.NFO,22/01/2025,09:29:13,49377.9,49380.75,30,49403.95,120,0,152730
BANKNIFTY-III.NFO,22/01/2025,09:29:15,49377.9,49384.65,60,49405.9,120,0,152730
BANKNIFTY-III.NFO,22/01/2025,09:29:16,49377.9,49384.7,30,49405.1,120,0,152730
BANKNIFTY-III.NFO,22/01/2025,09:29:18,49377.9,49386.65,60,49405.75,150,0,152730
BANKNIFTY-III.NFO,22/01/2025,09:29:20,49377.9,49388.6,60,49405.95,120,0,152730
BANKNIFTY-III.NFO,22/01/2025,09:29:21,49377.9,49394.8,30,49406,120,0,152730
BANKNIFTY-III.NFO,22/01/2025,09:29:23,49377.9,49393.95,30,49406,120,0,152730
BANKNIFTY-III.NFO,22/01/2025,09:29:25,49377.9,49394.6,30,49406,120,0,152730
BANKNIFTY-III.NFO,22/01/2025,09:29:26,49377.9,49399.2,30,49406,120,0,152730
BANKNIFTY-III.NFO,22/01/2025,09:29:28,49377.9,49395.1,30,49406,120,0,152730
BANKNIFTY-III.NFO,22/01/2025,09:29:30,49377.9,49400.1,30,49406,120,0,152730
BANKNIFTY-III.NFO,22/01/2025,09:29:31,49406,49406.65,30,49420,30,120,152730
BANKNIFTY-III.NFO,22/01/2025,09:29:33,49406,49397.9,30,49418.7,120,0,152730
BANKNIFTY-III.NFO,22/01/2025,09:29:35,49406,49394.2,60,49415.45,120,0,152730
BANKNIFTY-III.NFO,22/01/2025,09:29:36,49406,49397.5,150,49418,120,0,152730
BANKNIFTY-III.NFO,22/01/2025,09:29:38,49406,49393.25,60,49414.7,180,0,152730
BANKNIFTY-III.NFO,22/01/2025,09:29:40,49406,49395.2,60,49416.5,120,0,152730
BANKNIFTY-III.NFO,22/01/2025,09:29:41,49406,49381.65,60,49404.5,120,0,152730
BANKNIFTY-III.NFO,22/01/2025,09:29:43,49406,49384.95,60,49406.1,180,0,152730
BANKNIFTY-III.NFO,22/01/2025,09:29:45,49406,49393.45,30,49414,150,0,152730
BANKNIFTY-III.NFO,22/01/2025,09:29:46,49406,49391.15,30,49413.05,120,0,152730
BANKNIFTY-III.NFO,22/01/2025,09:29:48,49406,49385.8,30,49407.65,120,0,152730
BANKNIFTY-III.NFO,22/01/2025,09:29:50,49406,49387.05,60,49407.3,120,0,152730
BANKNIFTY-III.NFO,22/01/2025,09:29:51,49406,49385.35,60,49405.55,120,0,152730
BANKNIFTY-III.NFO,22/01/2025,09:29:53,49406,49393.5,30,49415.35,120,0,152730
BANKNIFTY-III.NFO,22/01/2025,09:29:55,49406,49396.3,30,49417.65,180,0,152730
BANKNIFTY-III.NFO,22/01/2025,09:29:56,49406,49398.55,30,49419.95,150,0,152730
BANKNIFTY-III.NFO,22/01/2025,09:29:58,49406,49401.5,60,49419.95,150,0,152730
BANKNIFTY-III.NFO,22/01/2025,09:30:00,49406,49395.4,60,49417.55,120,0,152730
BANKNIFTY-III.NFO,22/01/2025,09:30:01,49406,49395.5,60,49416.9,120,0,152730
BANKNIFTY-III.NFO,22/01/2025,09:30:03,49406,49401.8,60,49419.95,150,0,152730
BANKNIFTY-III.NFO,22/01/2025,09:30:05,49406,49409.3,60,49420,60,0,152730
BANKNIFTY-III.NFO,22/01/2025,09:30:06,49406,49409.4,60,49420,60,0,152730
BANKNIFTY-III.NFO,22/01/2025,09:30:08,49406,49413.9,30,49420,60,0,152730
BANKNIFTY-III.NFO,22/01/2025,09:30:10,49406,49406.9,30,49420,60,0,152730
BANKNIFTY-III.NFO,22/01/2025,09:30:11,49406,49408.5,30,49420,60,0,152730
BANKNIFTY-III.NFO,22/01/2025,09:30:13,49406,49403.65,60,49419.95,120,0,152730
BANKNIFTY-III.NFO,22/01/2025,09:30:15,49406,49409.85,30,49420,60,0,152730
BANKNIFTY-III.NFO,22/01/2025,09:30:16,49409.9,49398.3,120,49418.35,120,30,152730
BANKNIFTY-III.NFO,22/01/2025,09:30:18,49409.9,49410.3,90,49420,60,0,152730
BANKNIFTY-III.NFO,22/01/2025,09:30:20,49409.9,49410.1,90,49420,60,0,152730
BANKNIFTY-III.NFO,22/01/2025,09:30:21,49409.9,49410,90,49420,60,0,152730
BANKNIFTY-III.NFO,22/01/2025,09:30:23,49409.9,49404.25,90,49420,60,0,152730
BANKNIFTY-III.NFO,22/01/2025,09:30:25,49409.9,49405.2,90,49420,60,0,152730
BANKNIFTY-III.NFO,22/01/2025,09:30:26,49409.9,49405.5,90,49420,60,0,152730
BANKNIFTY-III.NFO,22/01/2025,09:30:28,49409.9,49406.5,90,49420,60,0,152730
BANKNIFTY-III.NFO,22/01/2025,09:30:30,49409.9,49397.15,330,49416.95,120,0,152730
BANKNIFTY-III.NFO,22/01/2025,09:30:31,49409.9,49396.45,120,49416.75,120,0,152730
BANKNIFTY-III.NFO,22/01/2025,09:30:33,49409.9,49390.35,120,49409.95,120,0,152730
BANKNIFTY-III.NFO,22/01/2025,09:30:35,49409.9,49402.2,120,49419.95,120,0,152730
BANKNIFTY-III.NFO,22/01/2025,09:30:36,49409.9,49402.45,30,49419.95,150,0,152730
BANKNIFTY-III.NFO,22/01/2025,09:30:38,49409.9,49409.9,30,49419.95,120,0,152730
BANKNIFTY-III.NFO,22/01/2025,09:30:43,49409.9,49412.35,60,49420,60,0,152730
BANKNIFTY-III.NFO,22/01/2025,09:30:45,49409.9,49413.05,90,49420,60,0,152730
BANKNIFTY-III.NFO,22/01/2025,09:30:46,49409.9,49413.45,90,49420,60,0,152730
BANKNIFTY-III.NFO,22/01/2025,09:30:48,49409.9,49413.35,90,49420,60,0,152730
BANKNIFTY-III.NFO,22/01/2025,09:30:50,49409.9,49410,120,49420,60,0,152730
BANKNIFTY-III.NFO,22/01/2025,09:30:51,49409.9,49409.9,30,49419.95,120,0,152730
BANKNIFTY-III.NFO,22/01/2025,09:30:53,49409.9,49412.6,90,49420,60,0,152730
BANKNIFTY-III.NFO,22/01/2025,09:30:55,49420,49421.6,120,49439.2,150,60,152970
BANKNIFTY-III.NFO,22/01/2025,09:30:56,49420,49427.3,90,49439.95,60,0,152970
BANKNIFTY-III.NFO,22/01/2025,09:30:58,49420,49428.9,90,49439.95,60,0,152970
BANKNIFTY-III.NFO,22/01/2025,09:31:00,49420,49425.6,90,49439.95,60,0,152970
BANKNIFTY-III.NFO,22/01/2025,09:31:01,49420,49426.95,30,49439.95,60,0,152970
BANKNIFTY-III.NFO,22/01/2025,09:31:03,49420,49427.85,90,49439.95,60,0,152970
BANKNIFTY-III.NFO,22/01/2025,09:31:05,49420,49426.45,300,49439.95,60,0,152970
BANKNIFTY-III.NFO,22/01/2025,09:31:06,49420,49422.25,90,49437.7,120,0,152970
BANKNIFTY-III.NFO,22/01/2025,09:31:08,49420,49424.4,90,49439.9,150,0,152970
BANKNIFTY-III.NFO,22/01/2025,09:31:10,49420,49420.65,180,49439.4,150,0,152970
BANKNIFTY-III.NFO,22/01/2025,09:31:11,49422.15,49419.65,90,49435.2,150,30,152970
BANKNIFTY-III.NFO,22/01/2025,09:31:13,49422.15,49425.25,90,49439.95,60,0,152970
BANKNIFTY-III.NFO,22/01/2025,09:31:15,49422.15,49418.7,120,49437.75,150,0,152970
BANKNIFTY-III.NFO,22/01/2025,09:31:16,49422.15,49414.05,120,49433.75,120,0,152970
BANKNIFTY-III.NFO,22/01/2025,09:31:18,49422.15,49414.65,120,49432.85,150,0,152970
BANKNIFTY-III.NFO,22/01/2025,09:31:20,49422.15,49410.75,180,49429.15,150,0,152970
BANKNIFTY-III.NFO,22/01/2025,09:31:21,49422.15,49409.9,60,49423.85,150,0,152970
BANKNIFTY-III.NFO,22/01/2025,09:31:23,49422.15,49409.9,60,49418.55,150,0,152970
BANKNIFTY-III.NFO,22/01/2025,09:31:25,49422.15,49409.9,60,49420.2,120,0,152970
BANKNIFTY-III.NFO,22/01/2025,09:31:26,49409.9,49400,30,49414.9,150,60,152970
BANKNIFTY-III.NFO,22/01/2025,09:31:28,49409.9,49400,30,49412.35,120,0,152970
BANKNIFTY-III.NFO,22/01/2025,09:31:30,49409.9,49400,30,49411.65,150,0,152970
BANKNIFTY-III.NFO,22/01/2025,09:31:31,49409.9,49400,30,49409.55,150,0,152970
BANKNIFTY-III.NFO,22/01/2025,09:31:33,49409.9,49400,30,49409.85,120,0,152970
BANKNIFTY-III.NFO,22/01/2025,09:31:38,49409.9,49402.15,150,49409.9,30,0,152970
BANKNIFTY-III.NFO,22/01/2025,09:31:40,49409.9,49400,30,49409.9,30,0,152970
BANKNIFTY-III.NFO,22/01/2025,09:31:43,49409.9,49403,90,49409.9,30,0,152970
BANKNIFTY-III.NFO,22/01/2025,09:31:45,49409.9,49401.25,90,49409.9,30,0,152970
BANKNIFTY-III.NFO,22/01/2025,09:31:46,49409.9,49406.4,120,49425.35,210,30,152970
BANKNIFTY-III.NFO,22/01/2025,09:31:48,49409.9,49414.9,120,49432.55,150,0,152970
BANKNIFTY-III.NFO,22/01/2025,09:31:50,49409.9,49415.05,180,49434.65,150,0,152970
BANKNIFTY-III.NFO,22/01/2025,09:31:51,49409.9,49417.3,90,49437.65,150,0,152970
BANKNIFTY-III.NFO,22/01/2025,09:31:53,49409.9,49414.9,60,49433.35,150,0,152970
BANKNIFTY-III.NFO,22/01/2025,09:31:55,49409.9,49418.1,180,49436.7,120,0,152970
BANKNIFTY-III.NFO,22/01/2025,09:31:56,49409.9,49414.9,30,49430.85,150,0,152970
BANKNIFTY-III.NFO,22/01/2025,09:31:58,49409.9,49414.9,30,49425.5,150,0,152970
BANKNIFTY-III.NFO,22/01/2025,09:32:00,49401.25,49400,30,49415.5,120,180,152970
BANKNIFTY-III.NFO,22/01/2025,09:32:01,49401.25,49400,30,49416.65,150,0,152970
BANKNIFTY-III.NFO,22/01/2025,09:32:03,49401.25,49404.9,180,49424.4,120,0,152970
BANKNIFTY-III.NFO,22/01/2025,09:32:05,49401.25,49407.2,120,49425.8,150,0,152970
BANKNIFTY-III.NFO,22/01/2025,09:32:06,49401.25,49408.9,90,49429.2,150,0,152970
BANKNIFTY-III.NFO,22/01/2025,09:32:08,49401.25,49406.35,120,49425.75,150,0,152970
BANKNIFTY-III.NFO,22/01/2025,09:32:10,49401.25,49400,30,49416.3,150,0,152970
BANKNIFTY-III.NFO,22/01/2025,09:32:11,49401.25,49400,30,49416.75,120,0,152970
BANKNIFTY-III.NFO,22/01/2025,09:32:13,49401.25,49400,120,49419.45,120,0,152970
BANKNIFTY-III.NFO,22/01/2025,09:32:15,49401.25,49400,30,49414.75,150,0,152970
BANKNIFTY-III.NFO,22/01/2025,09:32:16,49401.25,49400,30,49401.25,30,0,152970
BANKNIFTY-III.NFO,22/01/2025,09:32:33,49401.25,49400,30,49401.25,60,0,152970
BANKNIFTY-III.NFO,22/01/2025,09:32:38,49400,49382.85,90,49399.5,150,30,152970
BANKNIFTY-III.NFO,22/01/2025,09:32:40,49400,49384.45,90,49400.9,150,0,152970
BANKNIFTY-III.NFO,22/01/2025,09:32:41,49400,49382.6,90,49399.6,150,0,152970
BANKNIFTY-III.NFO,22/01/2025,09:32:43,49400,49386.6,90,49401.25,60,0,152970
BANKNIFTY-III.NFO,22/01/2025,09:32:44,49400,49387.6,90,49401.25,60,0,152970
BANKNIFTY-III.NFO,22/01/2025,09:32:46,49400,49383.35,90,49399.45,150,0,152970
BANKNIFTY-III.NFO,22/01/2025,09:32:48,49400,49382.65,180,49400.2,150,0,152970
BANKNIFTY-III.NFO,22/01/2025,09:32:49,49400,49380.4,90,49397.6,120,0,152970
BANKNIFTY-III.NFO,22/01/2025,09:32:51,49400,49377.9,120,49397.25,120,0,152970
BANKNIFTY-III.NFO,22/01/2025,09:32:53,49400,49377.9,180,49396.05,150,0,152970
BANKNIFTY-III.NFO,22/01/2025,09:32:54,49397.25,49378.8,30,49396.1,210,30,152970
BANKNIFTY-III.NFO,22/01/2025,09:32:56,49397.25,49377.9,120,49395.35,150,0,152970
BANKNIFTY-III.NFO,22/01/2025,09:32:57,49397.25,49371.7,60,49389.65,120,0,152970
BANKNIFTY-III.NFO,22/01/2025,09:32:59,49397.25,49373.85,120,49392.55,150,0,152970
BANKNIFTY-III.NFO,22/01/2025,09:33:01,49374.9,49375.6,150,49393.2,150,30,152970
BANKNIFTY-III.NFO,22/01/2025,09:33:03,49401.25,49386.9,90,49401.2,120,60,152970
BANKNIFTY-III.NFO,22/01/2025,09:33:04,49401.25,49381.9,180,49400.75,150,0,152970
BANKNIFTY-III.NFO,22/01/2025,09:33:06,49401.25,49387.55,300,49401.25,30,0,152970
BANKNIFTY-III.NFO,22/01/2025,09:33:07,49401.25,49392.05,450,49401.25,30,0,152970
BANKNIFTY-III.NFO,22/01/2025,09:33:09,49390.8,49392.05,90,49401.25,30,30,152970
BANKNIFTY-III.NFO,22/01/2025,09:33:11,49390.8,49387.55,90,49401.25,30,0,152970
BANKNIFTY-III.NFO,22/01/2025,09:33:12,49390.8,49389.55,90,49401.25,30,0,152970
BANKNIFTY-III.NFO,22/01/2025,09:33:14,49390.8,49389.1,90,49401.25,30,0,152970
BANKNIFTY-III.NFO,22/01/2025,09:33:16,49390.8,49385.55,90,49401.2,150,0,152970
BANKNIFTY-III.NFO,22/01/2025,09:33:17,49390.8,49379.55,90,49396.3,150,0,152970
BANKNIFTY-III.NFO,22/01/2025,09:33:19,49390.8,49385.1,90,49401.2,150,0,152970
BANKNIFTY-III.NFO,22/01/2025,09:33:20,49390.8,49389.8,90,49401.25,30,0,152970
BANKNIFTY-III.NFO,22/01/2025,09:33:22,49390.8,49389.15,90,49401.25,30,0,152970
BANKNIFTY-III.NFO,22/01/2025,09:33:24,49390.8,49384.6,90,49401.1,150,0,152970
BANKNIFTY-III.NFO,22/01/2025,09:33:25,49390.8,49380.3,120,49398.6,150,0,152970
BANKNIFTY-III.NFO,22/01/2025,09:33:27,49390.8,49381,180,49399.3,120,0,152970
BANKNIFTY-III.NFO,22/01/2025,09:33:29,49390.8,49377.45,180,49394.95,150,0,152970
BANKNIFTY-III.NFO,22/01/2025,09:33:30,49390.8,49373.5,180,49392.75,120,0,152970
BANKNIFTY-III.NFO,22/01/2025,09:33:32,49390.8,49370.95,120,49388.05,150,0,152970
BANKNIFTY-III.NFO,22/01/2025,09:33:34,49390.8,49371.4,90,49388.95,150,0,152970
BANKNIFTY-III.NFO,22/01/2025,09:33:35,49390.8,49365.55,120,49385.05,210,0,152970
BANKNIFTY-III.NFO,22/01/2025,09:33:37,49390.8,49366.25,180,49386.1,180,0,152970
BANKNIFTY-III.NFO,22/01/2025,09:33:39,49371.45,49367.9,90,49385.95,150,30,152970
BANKNIFTY-III.NFO,22/01/2025,09:33:40,49371.45,49369.6,120,49385.75,150,0,152970
BANKNIFTY-III.NFO,22/01/2025,09:33:42,49371.45,49370.45,60,49387.25,210,0,152970
BANKNIFTY-III.NFO,22/01/2025,09:33:43,49371.45,49368.8,150,49387.3,150,0,152970
BANKNIFTY-III.NFO,22/01/2025,09:33:45,49371.45,49368,30,49386.05,210,0,152970
BANKNIFTY-III.NFO,22/01/2025,09:33:47,49371.45,49376.05,90,49394.6,120,0,152970
BANKNIFTY-III.NFO,22/01/2025,09:33:48,49371.45,49375.55,150,49394.05,120,0,152970
BANKNIFTY-III.NFO,22/01/2025,09:33:50,49371.45,49376.35,60,49394.55,150,0,152970
BANKNIFTY-III.NFO,22/01/2025,09:33:52,49371.45,49380.25,210,49399.5,120,0,152970
BANKNIFTY-III.NFO,22/01/2025,09:33:53,49371.45,49381.65,150,49400.85,120,0,152970
BANKNIFTY-III.NFO,22/01/2025,09:33:55,49371.45,49385.25,60,49401.2,150,0,152970
BANKNIFTY-III.NFO,22/01/2025,09:33:56,49371.45,49385.85,60,49401.2,150,0,152970
BANKNIFTY-III.NFO,22/01/2025,09:33:58,49371.45,49389.05,60,49401.25,30,0,152970
BANKNIFTY-III.NFO,22/01/2025,09:34:00,49371.45,49382.15,90,49399.8,150,0,152970
BANKNIFTY-III.NFO,22/01/2025,09:34:01,49371.45,49378.6,60,49396.05,120,0,152970
BANKNIFTY-III.NFO,22/01/2025,09:34:03,49371.45,49385.5,60,49401.2,120,0,152970
BANKNIFTY-III.NFO,22/01/2025,09:34:05,49371.45,49377.9,90,49395.85,180,0,152970
BANKNIFTY-III.NFO,22/01/2025,09:34:06,49371.45,49372.25,150,49391.9,120,0,152970
BANKNIFTY-III.NFO,22/01/2025,09:34:08,49371.45,49375.4,360,49395.95,120,0,152970
BANKNIFTY-III.NFO,22/01/2025,09:34:10,49371.45,49378.15,330,49398.35,120,0,152970
BANKNIFTY-III.NFO,22/01/2025,09:34:11,49371.45,49372.2,90,49391.85,210,0,152970
BANKNIFTY-III.NFO,22/01/2025,09:34:13,49371.45,49373.1,150,49393.55,120,0,152970
BANKNIFTY-III.NFO,22/01/2025,09:34:15,49371.45,49373.9,150,49392.6,120,0,152970
BANKNIFTY-III.NFO,22/01/2025,09:34:16,49371.45,49376.1,330,49395.4,120,0,152970
BANKNIFTY-III.NFO,22/01/2025,09:34:18,49371.45,49380.35,90,49398.9,120,0,152970
BANKNIFTY-III.NFO,22/01/2025,09:34:20,49371.45,49389.4,60,49399,60,0,152970
BANKNIFTY-III.NFO,22/01/2025,09:34:21,49371.45,49390.75,60,49399,60,0,152970
BANKNIFTY-III.NFO,22/01/2025,09:34:23,49371.45,49393.7,60,49399,60,0,152970
BANKNIFTY-III.NFO,22/01/2025,09:34:25,49409,49407.5,60,49415,30,120,153150
BANKNIFTY-III.NFO,22/01/2025,09:34:26,49419.95,49444.85,60,49450,60,90,153150
BANKNIFTY-III.NFO,22/01/2025,09:34:28,49450,49449.4,90,49468.85,150,60,153150
BANKNIFTY-III.NFO,22/01/2025,09:34:30,49450,49453.45,30,49472.4,180,0,153150
BANKNIFTY-III.NFO,22/01/2025,09:34:31,49450,49453.95,30,49472.7,150,0,153150
BANKNIFTY-III.NFO,22/01/2025,09:34:33,49450,49458.45,60,49473.9,120,0,153150
BANKNIFTY-III.NFO,22/01/2025,09:34:35,49450,49462.7,30,49478,120,0,153150
BANKNIFTY-III.NFO,22/01/2025,09:34:36,49477.95,49463.25,30,49477.95,120,30,153150
BANKNIFTY-III.NFO,22/01/2025,09:34:38,49477.95,49463.25,60,49478,120,0,153150
BANKNIFTY-III.NFO,22/01/2025,09:34:40,49477.95,49469.25,30,49478,120,0,153150
BANKNIFTY-III.NFO,22/01/2025,09:34:41,49477.95,49465.3,30,49478,120,0,153150
BANKNIFTY-III.NFO,22/01/2025,09:34:43,49478,49483.15,330,49499,30,120,153150
BANKNIFTY-III.NFO,22/01/2025,09:34:45,49478,49491.7,30,49499,30,0,153150
BANKNIFTY-III.NFO,22/01/2025,09:34:46,49478,49493.4,1470,49499,30,0,153150
BANKNIFTY-III.NFO,22/01/2025,09:34:48,49478,49482.65,300,49499,30,0,153150
BANKNIFTY-III.NFO,22/01/2025,09:34:50,49478,49481.7,300,49498.05,120,0,153150
BANKNIFTY-III.NFO,22/01/2025,09:34:51,49478,49477.95,30,49495.85,150,0,153150
BANKNIFTY-III.NFO,22/01/2025,09:34:53,49478,49477.95,60,49496.25,120,0,153150
BANKNIFTY-III.NFO,22/01/2025,09:34:55,49478,49477.95,60,49496.3,30,0,153150
BANKNIFTY-III.NFO,22/01/2025,09:34:56,49478,49477.95,30,49491.4,150,0,153150
BANKNIFTY-III.NFO,22/01/2025,09:34:58,49478,49477.95,30,49492.15,210,0,153150
BANKNIFTY-III.NFO,22/01/2025,09:34:59,49478,49477.95,30,49491.65,210,0,153150
BANKNIFTY-III.NFO,22/01/2025,09:35:01,49478,49477.95,30,49484.75,120,0,153150
BANKNIFTY-III.NFO,22/01/2025,09:35:03,49478,49477.95,30,49488.9,120,0,153150
BANKNIFTY-III.NFO,22/01/2025,09:35:04,49478,49477.95,30,49495.25,150,0,153150
BANKNIFTY-III.NFO,22/01/2025,09:35:06,49478,49477.95,30,49489.6,120,0,153150
BANKNIFTY-III.NFO,22/01/2025,09:35:08,49489.6,49477.95,30,49492.55,150,30,153150
BANKNIFTY-III.NFO,22/01/2025,09:35:09,49489.6,49480,30,49494.95,120,0,153150
BANKNIFTY-III.NFO,22/01/2025,09:35:11,49489.6,49480,30,49494.95,180,0,153150
BANKNIFTY-III.NFO,22/01/2025,09:35:13,49489.6,49480.05,300,49495,30,30,153150
BANKNIFTY-III.NFO,22/01/2025,09:35:14,49489.6,49480,30,49494.95,120,0,153150
BANKNIFTY-III.NFO,22/01/2025,09:35:16,49473.35,49478.5,300,49495,30,90,153150
BANKNIFTY-III.NFO,22/01/2025,09:35:18,49473.35,49481.45,300,49495,30,0,153150
BANKNIFTY-III.NFO,22/01/2025,09:35:20,49473.35,49465.3,300,49486.9,60,0,153150
BANKNIFTY-III.NFO,22/01/2025,09:35:21,49473.35,49456.75,300,49478.3,120,0,153150
BANKNIFTY-III.NFO,22/01/2025,09:35:23,49473.35,49425.1,300,49465.55,120,0,153150
BANKNIFTY-III.NFO,22/01/2025,09:35:25,49473.35,49415.6,300,49451.35,60,0,153150
BANKNIFTY-III.NFO,22/01/2025,09:35:26,49473.35,49412,300,49445.7,120,0,153150
BANKNIFTY-III.NFO,22/01/2025,09:35:28,49473.35,49414.85,300,49440.8,120,0,153150
BANKNIFTY-III.NFO,22/01/2025,09:35:30,49473.35,49418.45,30,49445.2,120,0,153150
BANKNIFTY-III.NFO,22/01/2025,09:35:31,49473.35,49418.8,300,49439.2,150,0,153150
BANKNIFTY-III.NFO,22/01/2025,09:35:33,49473.35,49420.6,300,49441.75,150,0,153150
BANKNIFTY-III.NFO,22/01/2025,09:35:35,49473.35,49410.95,300,49433.5,180,0,153150
BANKNIFTY-III.NFO,22/01/2025,09:35:36,49473.35,49412.25,300,49433.3,120,0,153150
BANKNIFTY-III.NFO,22/01/2025,09:35:38,49473.35,49417.45,300,49439.75,120,0,153150
BANKNIFTY-III.NFO,22/01/2025,09:35:40,49473.35,49419.45,300,49439.3,120,0,153150
BANKNIFTY-III.NFO,22/01/2025,09:35:41,49473.35,49426.65,270,49445.9,120,0,153150
BANKNIFTY-III.NFO,22/01/2025,09:35:43,49473.35,49424.45,600,49443.9,120,0,153150
BANKNIFTY-III.NFO,22/01/2025,09:35:45,49473.35,49423.2,570,49442.95,120,0,153150
BANKNIFTY-III.NFO,22/01/2025,09:35:46,49473.35,49421.9,600,49439.9,120,0,153150
BANKNIFTY-III.NFO,22/01/2025,09:35:48,49473.35,49420.2,300,49438.7,150,0,153150
BANKNIFTY-III.NFO,22/01/2025,09:35:50,49473.35,49413.3,300,49434.35,120,0,153150
BANKNIFTY-III.NFO,22/01/2025,09:35:51,49473.35,49415.35,300,49434.5,30,0,153150
BANKNIFTY-III.NFO,22/01/2025,09:35:53,49473.35,49419.8,600,49438.85,150,0,153150
BANKNIFTY-III.NFO,22/01/2025,09:35:54,49473.35,49425.85,300,49447.6,150,0,153150
BANKNIFTY-III.NFO,22/01/2025,09:35:56,49473.35,49432.6,870,49450.8,120,0,153150
BANKNIFTY-III.NFO,22/01/2025,09:35:58,49473.35,49430.2,270,49449.65,210,0,153150
BANKNIFTY-III.NFO,22/01/2025,09:35:59,49448.65,49440.7,30,49459.25,30,30,153150
BANKNIFTY-III.NFO,22/01/2025,09:36:01,49448.65,49435.1,30,49455.35,120,0,153150
BANKNIFTY-III.NFO,22/01/2025,09:36:03,49448.65,49437.9,30,49454.15,30,0,153150
BANKNIFTY-III.NFO,22/01/2025,09:36:04,49448.65,49431.1,30,49452,120,0,153150
BANKNIFTY-III.NFO,22/01/2025,09:36:06,49448.65,49431.7,30,49451.3,150,0,153150
BANKNIFTY-III.NFO,22/01/2025,09:36:08,49448.65,49443.3,30,49463.45,120,0,153150
BANKNIFTY-III.NFO,22/01/2025,09:36:09,49448.65,49451.1,30,49464.8,30,0,153150
BANKNIFTY-III.NFO,22/01/2025,09:36:11,49448.65,49449.2,30,49466.5,150,0,153150
BANKNIFTY-III.NFO,22/01/2025,09:36:13,49448.65,49458.25,30,49473,30,0,153150
BANKNIFTY-III.NFO,22/01/2025,09:36:14,49448.65,49446.25,30,49468.9,180,0,153150
BANKNIFTY-III.NFO,22/01/2025,09:36:16,49448.65,49450.25,30,49468.9,120,0,153150
BANKNIFTY-III.NFO,22/01/2025,09:36:18,49448.65,49456.75,30,49473,30,0,153150
BANKNIFTY-III.NFO,22/01/2025,09:36:19,49448.65,49456.75,30,49472.75,150,0,153150
BANKNIFTY-III.NFO,22/01/2025,09:36:21,49448.65,49456.5,30,49472.95,120,0,153150
BANKNIFTY-III.NFO,22/01/2025,09:36:23,49448.65,49456.2,30,49473,30,0,153150
BANKNIFTY-III.NFO,22/01/2025,09:36:24,49448.65,49462.75,30,49473,30,0,153150
BANKNIFTY-III.NFO,22/01/2025,09:36:26,49448.65,49459.95,330,49473,30,0,153150
BANKNIFTY-III.NFO,22/01/2025,09:36:28,49448.65,49470.35,30,49473,30,0,153150
BANKNIFTY-III.NFO,22/01/2025,09:36:29,49448.65,49470.1,330,49473,30,0,153150
BANKNIFTY-III.NFO,22/01/2025,09:36:31,49473,49473.45,30,49479,30,30,153150
BANKNIFTY-III.NFO,22/01/2025,09:36:33,49479,49480.9,30,49490,30,30,153150
BANKNIFTY-III.NFO,22/01/2025,09:36:34,49479,49478.55,30,49490,30,0,153150
BANKNIFTY-III.NFO,22/01/2025,09:36:36,49479,49481.5,30,49490,30,0,153150
BANKNIFTY-III.NFO,22/01/2025,09:36:38,49479,49485.1,30,49490,30,0,153150
BANKNIFTY-III.NFO,22/01/2025,09:36:41,49479,49483.5,30,49490,30,0,153150
BANKNIFTY-III.NFO,22/01/2025,09:36:43,49490,49487.9,30,49495,60,30,153150
BANKNIFTY-III.NFO,22/01/2025,09:36:43,49490,49487.9,30,49495,60,0,153150
BANKNIFTY-III.NFO,22/01/2025,09:36:44,49495,49492.7,300,49500,120,60,153150
BANKNIFTY-III.NFO,22/01/2025,09:36:44,49495,49492.7,300,49500,120,0,153150
BANKNIFTY-III.NFO,22/01/2025,09:36:46,49495,49487.15,300,49500,120,0,153150
BANKNIFTY-III.NFO,22/01/2025,09:36:48,49506.95,49500,30,49509.4,150,210,153150
BANKNIFTY-III.NFO,22/01/2025,09:36:48,49506.95,49500,30,49509.4,150,0,153150
BANKNIFTY-III.NFO,22/01/2025,09:36:49,49500,49482.25,90,49502.9,150,30,153150
BANKNIFTY-III.NFO,22/01/2025,09:36:51,49500,49475.6,30,49494.35,210,0,153150
BANKNIFTY-III.NFO,22/01/2025,09:36:53,49500,49469.9,360,49486.65,150,0,153150
BANKNIFTY-III.NFO,22/01/2025,09:36:54,49500,49471.75,120,49489.75,150,0,153150
BANKNIFTY-III.NFO,22/01/2025,09:36:56,49500,49471.1,90,49488.4,150,0,153150
BANKNIFTY-III.NFO,22/01/2025,09:36:58,49500,49467.65,360,49483.85,150,0,153150
BANKNIFTY-III.NFO,22/01/2025,09:36:59,49485.1,49470.55,120,49487.9,150,30,153390
BANKNIFTY-III.NFO,22/01/2025,09:37:01,49485.1,49470.55,120,49487.5,150,0,153390
BANKNIFTY-III.NFO,22/01/2025,09:37:02,49485.1,49461.5,150,49483.3,150,0,153390
BANKNIFTY-III.NFO,22/01/2025,09:37:04,49485.1,49460.9,150,49479.7,120,0,153390
BANKNIFTY-III.NFO,22/01/2025,09:37:06,49485.1,49454.1,150,49472.65,150,0,153390
BANKNIFTY-III.NFO,22/01/2025,09:37:07,49485.1,49452.65,150,49473.75,150,0,153390
BANKNIFTY-III.NFO,22/01/2025,09:37:09,49485.1,49452.65,150,49472,150,0,153390
BANKNIFTY-III.NFO,22/01/2025,09:37:11,49485.1,49449.7,150,49468.55,120,0,153390
BANKNIFTY-III.NFO,22/01/2025,09:37:12,49485.1,49445.7,450,49464.9,150,0,153390
BANKNIFTY-III.NFO,22/01/2025,09:37:14,49485.1,49450.65,120,49466.85,150,0,153390
BANKNIFTY-III.NFO,22/01/2025,09:37:16,49485.1,49459.5,120,49475.9,150,0,153390
BANKNIFTY-III.NFO,22/01/2025,09:37:17,49485.1,49453.5,150,49471.75,150,0,153390
BANKNIFTY-III.NFO,22/01/2025,09:37:19,49485.1,49454.75,150,49472.55,150,0,153390
BANKNIFTY-III.NFO,22/01/2025,09:37:20,49485.1,49457.95,150,49477.35,150,0,153390
BANKNIFTY-III.NFO,22/01/2025,09:37:22,49485.1,49455.25,150,49472.2,210,0,153390
BANKNIFTY-III.NFO,22/01/2025,09:37:24,49485.1,49453.15,150,49471.5,150,0,153390
BANKNIFTY-III.NFO,22/01/2025,09:37:25,49485.1,49453.2,150,49471.7,150,0,153390
BANKNIFTY-III.NFO,22/01/2025,09:37:27,49485.1,49460.25,150,49477.8,150,0,153390
BANKNIFTY-III.NFO,22/01/2025,09:37:29,49485.1,49457.25,150,49475.85,150,0,153390
BANKNIFTY-III.NFO,22/01/2025,09:37:30,49485.1,49450.65,150,49469.85,150,0,153390
BANKNIFTY-III.NFO,22/01/2025,09:37:32,49485.1,49444.35,120,49463.8,120,0,153390
BANKNIFTY-III.NFO,22/01/2025,09:37:34,49485.1,49442.25,150,49459.25,120,0,153390
BANKNIFTY-III.NFO,22/01/2025,09:37:35,49485.1,49435.6,150,49453.8,150,0,153390
BANKNIFTY-III.NFO,22/01/2025,09:37:37,49485.1,49438.65,120,49459.35,150,0,153390
BANKNIFTY-III.NFO,22/01/2025,09:37:39,49485.1,49441.65,120,49461.25,120,0,153390
BANKNIFTY-III.NFO,22/01/2025,09:37:40,49485.1,49447.1,120,49463.6,150,0,153390
BANKNIFTY-III.NFO,22/01/2025,09:37:42,49485.1,49453.7,150,49474.9,150,0,153390
BANKNIFTY-III.NFO,22/01/2025,09:37:43,49485.1,49451.25,150,49469.3,150,0,153390
BANKNIFTY-III.NFO,22/01/2025,09:37:45,49485.1,49445.5,420,49464.85,120,0,153390
BANKNIFTY-III.NFO,22/01/2025,09:37:47,49485.1,49458.65,420,49477.15,150,0,153390
BANKNIFTY-III.NFO,22/01/2025,09:37:48,49485.1,49452.8,150,49471.6,150,0,153390
BANKNIFTY-III.NFO,22/01/2025,09:37:50,49485.1,49455.3,150,49473.4,150,0,153390
BANKNIFTY-III.NFO,22/01/2025,09:37:52,49485.1,49452.8,150,49471.25,150,0,153390
BANKNIFTY-III.NFO,22/01/2025,09:37:53,49485.1,49457.7,420,49474.35,150,0,153390
BANKNIFTY-III.NFO,22/01/2025,09:37:55,49474.15,49458.15,120,49472.6,60,30,153390
BANKNIFTY-III.NFO,22/01/2025,09:37:57,49474.15,49458.15,150,49477.4,90,0,153390
BANKNIFTY-III.NFO,22/01/2025,09:37:58,49474.15,49460.4,150,49480.35,180,0,153390
BANKNIFTY-III.NFO,22/01/2025,09:38:00,49474.15,49450.5,120,49470.8,120,0,153390
BANKNIFTY-III.NFO,22/01/2025,09:38:02,49474.15,49445.65,120,49463.55,120,0,153390
BANKNIFTY-III.NFO,22/01/2025,09:38:03,49474.15,49448.4,150,49467.55,120,0,153390
BANKNIFTY-III.NFO,22/01/2025,09:38:05,49450.85,49451.25,120,49467.8,150,30,153390
BANKNIFTY-III.NFO,22/01/2025,09:38:07,49450.85,49451.6,150,49470.8,120,0,153390
BANKNIFTY-III.NFO,22/01/2025,09:38:08,49450.85,49448,150,49467.8,150,0,153390
BANKNIFTY-III.NFO,22/01/2025,09:38:10,49450.85,49448,150,49468.05,180,0,153390
BANKNIFTY-III.NFO,22/01/2025,09:38:12,49450.85,49448,150,49467.4,150,0,153390
BANKNIFTY-III.NFO,22/01/2025,09:38:13,49450.85,49445.15,150,49462.75,150,0,153390
BANKNIFTY-III.NFO,22/01/2025,09:38:15,49445.65,49454.15,90,49472.15,150,30,153390
BANKNIFTY-III.NFO,22/01/2025,09:38:17,49445.65,49455.65,120,49473.85,150,0,153390
BANKNIFTY-III.NFO,22/01/2025,09:38:18,49445.65,49444.9,90,49464.8,150,0,153390
BANKNIFTY-III.NFO,22/01/2025,09:38:20,49445.65,49437.4,120,49456.25,150,0,153390
BANKNIFTY-III.NFO,22/01/2025,09:38:22,49445.65,49440.95,120,49460.6,120,0,153390
BANKNIFTY-III.NFO,22/01/2025,09:38:23,49445.65,49450.7,90,49469.9,150,0,153390
BANKNIFTY-III.NFO,22/01/2025,09:38:25,49445.65,49450.7,420,49469.05,150,0,153390
BANKNIFTY-III.NFO,22/01/2025,09:38:27,49468.8,49445.75,150,49465.05,150,30,153390
BANKNIFTY-III.NFO,22/01/2025,09:38:28,49468.8,49441.65,120,49461.85,120,0,153390
BANKNIFTY-III.NFO,22/01/2025,09:38:30,49468.8,49441.65,450,49460.9,150,0,153390
BANKNIFTY-III.NFO,22/01/2025,09:38:32,49468.8,49446.15,1350,49468.4,150,0,153390
BANKNIFTY-III.NFO,22/01/2025,09:38:33,49468.8,49448.95,120,49469.55,120,0,153390
BANKNIFTY-III.NFO,22/01/2025,09:38:35,49468.8,49454.95,120,49475.8,150,0,153390
BANKNIFTY-III.NFO,22/01/2025,09:38:37,49468.8,49457.4,150,49477.8,120,0,153390
BANKNIFTY-III.NFO,22/01/2025,09:38:38,49468.8,49455.45,150,49476.2,180,0,153390
BANKNIFTY-III.NFO,22/01/2025,09:38:40,49468.8,49461.25,120,49478.7,150,0,153390
BANKNIFTY-III.NFO,22/01/2025,09:38:42,49468.8,49457.9,120,49479,120,0,153390
BANKNIFTY-III.NFO,22/01/2025,09:38:43,49468.8,49464.05,1290,49478.95,30,0,153390
BANKNIFTY-III.NFO,22/01/2025,09:38:45,49468.8,49459.7,150,49478.8,150,0,153390
BANKNIFTY-III.NFO,22/01/2025,09:38:47,49468.8,49465,120,49478.95,30,0,153390
BANKNIFTY-III.NFO,22/01/2025,09:38:48,49468.8,49470.7,120,49480,30,0,153390
BANKNIFTY-III.NFO,22/01/2025,09:38:50,49468.8,49472.9,120,49480,30,0,153390
BANKNIFTY-III.NFO,22/01/2025,09:38:52,49480,49477.7,120,49485.1,30,30,153390
BANKNIFTY-III.NFO,22/01/2025,09:38:53,49480,49471,120,49485.1,30,0,153390
BANKNIFTY-III.NFO,22/01/2025,09:38:55,49480,49468.95,120,49485.05,150,0,153390
BANKNIFTY-III.NFO,22/01/2025,09:38:57,49484.65,49468.8,30,49480.65,90,30,153390
BANKNIFTY-III.NFO,22/01/2025,09:38:58,49484.65,49470.95,120,49485.1,30,0,153390
BANKNIFTY-III.NFO,22/01/2025,09:39:00,49484.65,49471.5,150,49485.1,30,0,153390
BANKNIFTY-III.NFO,22/01/2025,09:39:02,49484.65,49468.85,720,49485.05,90,0,153390
BANKNIFTY-III.NFO,22/01/2025,09:39:03,49484.65,49470.95,150,49485.1,30,0,153390
BANKNIFTY-III.NFO,22/01/2025,09:39:05,49484.65,49484.65,30,49485.1,30,0,153390
BANKNIFTY-III.NFO,22/01/2025,09:39:08,49484.65,49484.7,120,49485.1,30,0,153390
BANKNIFTY-III.NFO,22/01/2025,09:39:12,49485.1,49484.7,150,49503.1,120,30,153390
BANKNIFTY-III.NFO,22/01/2025,09:39:13,49485.1,49484.65,30,49498.15,90,0,153390
BANKNIFTY-III.NFO,22/01/2025,09:39:15,49485.1,49484.65,30,49493.3,120,0,153390
BANKNIFTY-III.NFO,22/01/2025,09:39:17,49485.1,49484.7,120,49499.95,120,0,153390
BANKNIFTY-III.NFO,22/01/2025,09:39:18,49485.1,49484.7,120,49500.4,180,0,153390
BANKNIFTY-III.NFO,22/01/2025,09:39:20,49485.1,49484.65,30,49499.95,90,0,153390
BANKNIFTY-III.NFO,22/01/2025,09:39:22,49485.1,49484.65,30,49499.4,120,0,153390
BANKNIFTY-III.NFO,22/01/2025,09:39:23,49485.1,49484.65,30,49496.25,90,0,153390
BANKNIFTY-III.NFO,22/01/2025,09:39:25,49485.1,49484.65,30,49493.7,120,0,153390
BANKNIFTY-III.NFO,22/01/2025,09:39:27,49485.1,49484.65,30,49495.8,180,0,153390
BANKNIFTY-III.NFO,22/01/2025,09:39:28,49485.1,49484.7,120,49501.25,120,0,153390
BANKNIFTY-III.NFO,22/01/2025,09:39:30,49485.1,49486.95,120,49507.7,120,0,153390
BANKNIFTY-III.NFO,22/01/2025,09:39:32,49485.1,49490.1,120,49508.85,90,0,153390
BANKNIFTY-III.NFO,22/01/2025,09:39:33,49485.1,49485.1,150,49504.05,180,0,153390
BANKNIFTY-III.NFO,22/01/2025,09:39:35,49485.1,49484.65,30,49499.2,180,0,153390
BANKNIFTY-III.NFO,22/01/2025,09:39:37,49485.1,49484.65,30,49493.3,90,0,153390
BANKNIFTY-III.NFO,22/01/2025,09:39:38,49485.1,49484.65,30,49499.35,90,0,153390
BANKNIFTY-III.NFO,22/01/2025,09:39:40,49485.1,49484.8,150,49502.35,120,0,153390
BANKNIFTY-III.NFO,22/01/2025,09:39:42,49485.1,49485,120,49501.25,120,0,153390
BANKNIFTY-III.NFO,22/01/2025,09:39:43,49485.1,49484.65,30,49492.5,90,0,153390
BANKNIFTY-III.NFO,22/01/2025,09:39:45,49485.1,49484.65,30,49495.95,90,0,153390
BANKNIFTY-III.NFO,22/01/2025,09:39:47,49485.1,49484.65,30,49497.8,120,0,153390
BANKNIFTY-III.NFO,22/01/2025,09:39:48,49485.1,49484.65,30,49497.75,90,0,153390
BANKNIFTY-III.NFO,22/01/2025,09:39:50,49485.1,49485.1,30,49500.7,150,0,153390
BANKNIFTY-III.NFO,22/01/2025,09:39:52,49485.1,49485.1,30,49494.5,120,0,153390
BANKNIFTY-III.NFO,22/01/2025,09:39:53,49485.1,49481,30,49493.45,90,60,153390
BANKNIFTY-III.NFO,22/01/2025,09:39:55,49485.1,49481,30,49489.5,60,0,153390
BANKNIFTY-III.NFO,22/01/2025,09:39:57,49485.1,49481,30,49493.15,90,0,153390
BANKNIFTY-III.NFO,22/01/2025,09:39:58,49485.1,49481,30,49492.35,90,0,153390
BANKNIFTY-III.NFO,22/01/2025,09:40:00,49485.1,49481,30,49488.85,120,0,153390
BANKNIFTY-III.NFO,22/01/2025,09:40:02,49478.85,49459,150,49478.85,60,60,153450
BANKNIFTY-III.NFO,22/01/2025,09:40:03,49478.85,49461.15,180,49482.7,30,0,153450
BANKNIFTY-III.NFO,22/01/2025,09:40:05,49478.85,49459.95,450,49477.4,60,0,153450
BANKNIFTY-III.NFO,22/01/2025,09:40:07,49478.85,49468.5,120,49484.15,60,0,153450
BANKNIFTY-III.NFO,22/01/2025,09:40:08,49478.85,49465.15,120,49481,60,0,153450
BANKNIFTY-III.NFO,22/01/2025,09:40:10,49478.85,49469.8,210,49487.9,30,0,153450
BANKNIFTY-III.NFO,22/01/2025,09:40:12,49478.85,49470,180,49490.1,60,0,153450
BANKNIFTY-III.NFO,22/01/2025,09:40:13,49478.85,49478.85,30,49483.2,30,0,153450
BANKNIFTY-III.NFO,22/01/2025,09:40:15,49478.85,49478.85,30,49485.4,90,0,153450
BANKNIFTY-III.NFO,22/01/2025,09:40:17,49478.85,49478.85,30,49482.3,30,0,153450
BANKNIFTY-III.NFO,22/01/2025,09:40:18,49478.85,49478.85,30,49486.35,30,0,153450
BANKNIFTY-III.NFO,22/01/2025,09:40:20,49478.85,49478.85,30,49483,30,0,153450
BANKNIFTY-III.NFO,22/01/2025,09:40:22,49478.85,49453.4,450,49473.35,60,30,153450
BANKNIFTY-III.NFO,22/01/2025,09:40:23,49478.85,49447.2,150,49468.45,60,0,153450
BANKNIFTY-III.NFO,22/01/2025,09:40:25,49478.85,49438.65,30,49458.65,60,0,153450
BANKNIFTY-III.NFO,22/01/2025,09:40:27,49478.85,49435.6,210,49456.15,60,0,153450
BANKNIFTY-III.NFO,22/01/2025,09:40:28,49478.85,49435.8,210,49455.35,60,0,153450
BANKNIFTY-III.NFO,22/01/2025,09:40:30,49478.85,49428.4,120,49451.85,60,0,153450
BANKNIFTY-III.NFO,22/01/2025,09:40:32,49478.85,49424.65,150,49442.75,60,0,153450
BANKNIFTY-III.NFO,22/01/2025,09:40:33,49478.85,49431.3,1200,49452.35,60,0,153450
BANKNIFTY-III.NFO,22/01/2025,09:40:35,49478.85,49433.6,180,49456.05,30,0,153450
BANKNIFTY-III.NFO,22/01/2025,09:40:37,49478.85,49440.6,180,49461.85,30,0,153450
BANKNIFTY-III.NFO,22/01/2025,09:40:38,49478.85,49438.3,450,49458.45,30,0,153450
BANKNIFTY-III.NFO,22/01/2025,09:40:40,49478.85,49441.25,1800,49462.85,30,0,153450
BANKNIFTY-III.NFO,22/01/2025,09:40:42,49478.85,49451.65,180,49471.4,30,0,153450
BANKNIFTY-III.NFO,22/01/2025,09:40:43,49478.85,49450,180,49470.6,30,0,153450
BANKNIFTY-III.NFO,22/01/2025,09:40:45,49478.85,49445.35,150,49465.25,60,0,153450
BANKNIFTY-III.NFO,22/01/2025,09:40:47,49478.85,49441.95,120,49463.1,60,0,153450
BANKNIFTY-III.NFO,22/01/2025,09:40:48,49478.85,49441.35,120,49461.45,60,0,153450
BANKNIFTY-III.NFO,22/01/2025,09:40:50,49478.85,49445.75,180,49467.5,30,0,153450
BANKNIFTY-III.NFO,22/01/2025,09:40:52,49478.85,49446,870,49465.75,60,0,153450
BANKNIFTY-III.NFO,22/01/2025,09:40:53,49478.85,49447.45,450,49467.85,30,0,153450
BANKNIFTY-III.NFO,22/01/2025,09:40:55,49478.85,49442.55,420,49461.95,60,0,153450
BANKNIFTY-III.NFO,22/01/2025,09:40:57,49478.85,49442.6,150,49461,60,0,153450
BANKNIFTY-III.NFO,22/01/2025,09:40:58,49463.7,49442.65,120,49465,60,30,153450
BANKNIFTY-III.NFO,22/01/2025,09:41:00,49463.7,49445.35,1770,49469.55,30,0,153450
BANKNIFTY-III.NFO,22/01/2025,09:41:02,49463.7,49453.3,180,49477.4,90,0,153450
BANKNIFTY-III.NFO,22/01/2025,09:41:03,49463.7,49456.55,180,49481.95,60,0,153450
BANKNIFTY-III.NFO,22/01/2025,09:41:05,49463.7,49459.45,30,49483,90,0,153450
BANKNIFTY-III.NFO,22/01/2025,09:41:07,49463.7,49455.8,120,49482.3,60,0,153450
BANKNIFTY-III.NFO,22/01/2025,09:41:08,49463.7,49453.15,180,49481.2,60,0,153450
BANKNIFTY-III.NFO,22/01/2025,09:41:10,49463.7,49453.15,120,49481,60,0,153450
BANKNIFTY-III.NFO,22/01/2025,09:41:12,49463.7,49453.15,120,49480.8,60,0,153450
BANKNIFTY-III.NFO,22/01/2025,09:41:13,49463.7,49453.15,120,49480.6,60,0,153450
BANKNIFTY-III.NFO,22/01/2025,09:41:15,49463.7,49451.55,120,49480.4,60,0,153450
BANKNIFTY-III.NFO,22/01/2025,09:41:17,49463.7,49445.35,120,49474.4,60,0,153450
BANKNIFTY-III.NFO,22/01/2025,09:41:18,49463.7,49435.85,180,49464.2,60,0,153450
BANKNIFTY-III.NFO,22/01/2025,09:41:20,49463.7,49431.35,120,49435.85,30,0,153450
BANKNIFTY-III.NFO,22/01/2025,09:41:23,49463.7,49421.15,150,49435.85,30,0,153450
BANKNIFTY-III.NFO,22/01/2025,09:41:25,49463.7,49426.05,120,49435.85,30,0,153450
BANKNIFTY-III.NFO,22/01/2025,09:41:27,49463.7,49431.15,120,49435.85,30,0,153450
BANKNIFTY-III.NFO,22/01/2025,09:41:28,49463.7,49417.25,1170,49435.85,60,0,153450
BANKNIFTY-III.NFO,22/01/2025,09:41:30,49463.7,49423.4,150,49435.85,30,0,153450
BANKNIFTY-III.NFO,22/01/2025,09:41:32,49463.7,49423.5,120,49435.85,30,0,153450
BANKNIFTY-III.NFO,22/01/2025,09:41:33,49463.7,49422.1,150,49435.85,30,0,153450
BANKNIFTY-III.NFO,22/01/2025,09:41:35,49463.7,49427.35,120,49435.85,30,0,153450
BANKNIFTY-III.NFO,22/01/2025,09:41:37,49463.7,49424.6,120,49435.85,30,0,153450
BANKNIFTY-III.NFO,22/01/2025,09:41:38,49463.7,49413.1,120,49435.8,90,0,153450
BANKNIFTY-III.NFO,22/01/2025,09:41:40,49463.7,49416.7,150,49435.85,60,0,153450
BANKNIFTY-III.NFO,22/01/2025,09:41:42,49463.7,49419.7,150,49435.85,30,0,153450
BANKNIFTY-III.NFO,22/01/2025,09:41:43,49463.7,49410.8,120,49428.25,30,0,153450
BANKNIFTY-III.NFO,22/01/2025,09:41:45,49463.7,49409.15,210,49428.25,30,0,153450
BANKNIFTY-III.NFO,22/01/2025,09:41:47,49413.35,49414.3,1740,49420,30,30,153450
BANKNIFTY-III.NFO,22/01/2025,09:41:48,49420,49424.45,210,49447.7,30,30,153450
BANKNIFTY-III.NFO,22/01/2025,09:41:50,49420,49420.5,150,49439.35,60,0,153450
BANKNIFTY-III.NFO,22/01/2025,09:41:52,49420,49412.15,120,49434,30,0,153450
BANKNIFTY-III.NFO,22/01/2025,09:41:54,49420,49412.15,150,49432.65,30,0,153450
BANKNIFTY-III.NFO,22/01/2025,09:41:55,49420,49421.85,180,49444.75,30,0,153450
BANKNIFTY-III.NFO,22/01/2025,09:41:57,49420,49430.85,180,49452.9,30,0,153450
BANKNIFTY-III.NFO,22/01/2025,09:41:59,49420,49422,120,49444.2,60,0,153450
BANKNIFTY-III.NFO,22/01/2025,09:42:00,49420,49423.25,150,49444.25,30,0,153450
BANKNIFTY-III.NFO,22/01/2025,09:42:02,49420,49429.6,180,49451.15,30,0,153450
BANKNIFTY-III.NFO,22/01/2025,09:42:04,49420,49428.3,150,49449.05,30,0,153450
BANKNIFTY-III.NFO,22/01/2025,09:42:05,49420,49427.1,150,49447.65,60,0,153450
BANKNIFTY-III.NFO,22/01/2025,09:42:07,49420,49422.9,120,49444.4,30,0,153450
BANKNIFTY-III.NFO,22/01/2025,09:42:09,49420,49416.5,420,49437.45,30,0,153450
BANKNIFTY-III.NFO,22/01/2025,09:42:10,49420,49418.15,480,49442.1,30,0,153450
BANKNIFTY-III.NFO,22/01/2025,09:42:12,49420,49422.8,210,49446.6,30,0,153450
BANKNIFTY-III.NFO,22/01/2025,09:42:14,49420,49416.65,450,49438.55,30,0,153450
BANKNIFTY-III.NFO,22/01/2025,09:42:15,49420,49417.1,150,49437.55,60,0,153450
BANKNIFTY-III.NFO,22/01/2025,09:42:17,49420,49411.85,420,49434.4,30,0,153450
BANKNIFTY-III.NFO,22/01/2025,09:42:19,49420,49414.75,120,49436.15,90,0,153450
BANKNIFTY-III.NFO,22/01/2025,09:42:20,49420,49416,120,49438.35,30,0,153450
BANKNIFTY-III.NFO,22/01/2025,09:42:22,49420,49425.85,180,49448.3,30,0,153450
BANKNIFTY-III.NFO,22/01/2025,09:42:24,49420,49429.05,180,49455.1,30,0,153450
BANKNIFTY-III.NFO,22/01/2025,09:42:25,49420,49432.7,1770,49459.55,60,0,153450
BANKNIFTY-III.NFO,22/01/2025,09:42:27,49420,49436.75,180,49461.05,30,0,153450
BANKNIFTY-III.NFO,22/01/2025,09:42:29,49443.25,49443.25,210,49467.1,60,30,153450
BANKNIFTY-III.NFO,22/01/2025,09:42:30,49443.25,49452.2,450,49473.3,60,0,153450
BANKNIFTY-III.NFO,22/01/2025,09:42:32,49443.25,49455.25,120,49478.55,60,0,153450
BANKNIFTY-III.NFO,22/01/2025,09:42:34,49443.25,49447,120,49470,60,0,153450
BANKNIFTY-III.NFO,22/01/2025,09:42:35,49443.25,49448.5,150,49470.25,60,0,153450
BANKNIFTY-III.NFO,22/01/2025,09:42:37,49443.25,49443.15,150,49463.45,90,0,153450
BANKNIFTY-III.NFO,22/01/2025,09:42:39,49443.25,49438.3,570,49460.95,90,0,153450
BANKNIFTY-III.NFO,22/01/2025,09:42:40,49443.25,49434.7,150,49456,90,0,153450
BANKNIFTY-III.NFO,22/01/2025,09:42:42,49443.25,49435.15,120,49457.65,90,0,153450
BANKNIFTY-III.NFO,22/01/2025,09:42:44,49443.25,49434.85,150,49455.45,60,0,153450
BANKNIFTY-III.NFO,22/01/2025,09:42:45,49443.25,49437.7,420,49459.85,60,0,153450
BANKNIFTY-III.NFO,22/01/2025,09:42:47,49443.25,49429.7,120,49450.8,90,0,153450
BANKNIFTY-III.NFO,22/01/2025,09:42:49,49443.25,49429.85,990,49452.75,90,0,153450
BANKNIFTY-III.NFO,22/01/2025,09:42:50,49443.25,49420.35,60,49446.15,60,0,153450
BANKNIFTY-III.NFO,22/01/2025,09:42:52,49443.25,49426.5,150,49447,90,0,153450
BANKNIFTY-III.NFO,22/01/2025,09:42:54,49443.25,49423.9,180,49446.95,60,0,153450
BANKNIFTY-III.NFO,22/01/2025,09:42:55,49443.25,49418.3,120,49442.15,90,0,153450
BANKNIFTY-III.NFO,22/01/2025,09:42:57,49443.25,49418.85,120,49441.2,60,0,153450
BANKNIFTY-III.NFO,22/01/2025,09:42:59,49443.25,49421.55,120,49443.85,60,0,153450
BANKNIFTY-III.NFO,22/01/2025,09:43:00,49443.25,49423,120,49446.25,60,0,153450
BANKNIFTY-III.NFO,22/01/2025,09:43:02,49443.25,49426.25,720,49447.8,60,0,153450
BANKNIFTY-III.NFO,22/01/2025,09:43:04,49443.25,49418.15,120,49441.5,60,0,153450
BANKNIFTY-III.NFO,22/01/2025,09:43:05,49443.25,49410.6,120,49434,60,0,153450
BANKNIFTY-III.NFO,22/01/2025,09:43:07,49443.25,49402.9,150,49424.2,60,0,153450
BANKNIFTY-III.NFO,22/01/2025,09:43:09,49443.25,49404.45,480,49427.85,60,0,153450
BANKNIFTY-III.NFO,22/01/2025,09:43:10,49443.25,49403.5,120,49426.1,60,0,153450
BANKNIFTY-III.NFO,22/01/2025,09:43:12,49443.25,49412.05,120,49434.25,60,0,153450
BANKNIFTY-III.NFO,22/01/2025,09:43:14,49443.25,49404.5,30,49427.5,90,0,153450
BANKNIFTY-III.NFO,22/01/2025,09:43:15,49443.25,49402.5,120,49426.2,60,0,153450
BANKNIFTY-III.NFO,22/01/2025,09:43:17,49443.25,49404.25,120,49426.05,60,0,153450
BANKNIFTY-III.NFO,22/01/2025,09:43:19,49443.25,49402.85,120,49426.5,120,0,153450
BANKNIFTY-III.NFO,22/01/2025,09:43:20,49443.25,49392.9,120,49419.75,60,0,153450
BANKNIFTY-III.NFO,22/01/2025,09:43:22,49443.25,49382.3,120,49410.1,60,0,153450
BANKNIFTY-III.NFO,22/01/2025,09:43:23,49443.25,49381.75,120,49406.05,60,0,153450
BANKNIFTY-III.NFO,22/01/2025,09:43:25,49443.25,49381.75,150,49404.8,60,0,153450
BANKNIFTY-III.NFO,22/01/2025,09:43:27,49443.25,49372.3,120,49396.2,60,0,153450
BANKNIFTY-III.NFO,22/01/2025,09:43:28,49443.25,49368.1,150,49391.6,90,0,153450
BANKNIFTY-III.NFO,22/01/2025,09:43:30,49443.25,49352.95,60,49372,60,0,153450
BANKNIFTY-III.NFO,22/01/2025,09:43:32,49443.25,49350,60,49361.25,90,0,153450
BANKNIFTY-III.NFO,22/01/2025,09:43:33,49443.25,49350,90,49367.55,120,0,153450
BANKNIFTY-III.NFO,22/01/2025,09:43:35,49443.25,49350,60,49368.15,60,0,153450
BANKNIFTY-III.NFO,22/01/2025,09:43:37,49443.25,49350.05,150,49372.55,60,0,153450
BANKNIFTY-III.NFO,22/01/2025,09:43:40,49443.25,49350.05,210,49374.1,60,0,153450
BANKNIFTY-III.NFO,22/01/2025,09:43:42,49443.25,49350.05,150,49370.95,60,0,153450
BANKNIFTY-III.NFO,22/01/2025,09:43:43,49443.25,49350,60,49368.55,60,0,153450
BANKNIFTY-III.NFO,22/01/2025,09:43:45,49443.25,49350,60,49363.35,90,0,153450
BANKNIFTY-III.NFO,22/01/2025,09:43:47,49350,49341,60,49353.45,90,60,153480
BANKNIFTY-III.NFO,22/01/2025,09:43:49,49350,49341.05,510,49363.85,60,0,153480
BANKNIFTY-III.NFO,22/01/2025,09:43:50,49350,49341.05,150,49363.85,60,0,153480
BANKNIFTY-III.NFO,22/01/2025,09:43:52,49350,49341.2,120,49366.4,60,0,153480
BANKNIFTY-III.NFO,22/01/2025,09:43:54,49350,49344.4,210,49370.2,60,0,153480
BANKNIFTY-III.NFO,22/01/2025,09:43:55,49350,49341.05,150,49362.35,60,0,153480
BANKNIFTY-III.NFO,22/01/2025,09:43:57,49340,49324.9,210,49345.2,60,90,153480
BANKNIFTY-III.NFO,22/01/2025,09:43:59,49340,49324.9,150,49334.9,120,0,153480
BANKNIFTY-III.NFO,22/01/2025,09:44:00,49315,49311.2,300,49321.65,60,360,153480
BANKNIFTY-III.NFO,22/01/2025,09:44:00,49315,49311.2,300,49321.65,60,0,153480
BANKNIFTY-III.NFO,22/01/2025,09:44:02,49315.25,49314.55,120,49337.85,180,60,153480
BANKNIFTY-III.NFO,22/01/2025,09:44:04,49315.25,49314.9,120,49339.7,120,0,153480
BANKNIFTY-III.NFO,22/01/2025,09:44:05,49315.25,49317.3,180,49344.5,120,0,153480
BANKNIFTY-III.NFO,22/01/2025,09:44:07,49315.25,49330.3,180,49356.4,30,0,153480
BANKNIFTY-III.NFO,22/01/2025,09:44:09,49315.25,49334.05,180,49368.45,120,0,153480
BANKNIFTY-III.NFO,22/01/2025,09:44:10,49315.25,49342.5,180,49369.9,120,0,153480
BANKNIFTY-III.NFO,22/01/2025,09:44:12,49315.25,49343.35,120,49366.65,180,0,153480
BANKNIFTY-III.NFO,22/01/2025,09:44:14,49315.25,49337.05,180,49365.75,120,0,153480
BANKNIFTY-III.NFO,22/01/2025,09:44:15,49315.25,49343.75,120,49367.95,120,0,153480
BANKNIFTY-III.NFO,22/01/2025,09:44:17,49315.25,49346.5,180,49373.05,120,0,153480
BANKNIFTY-III.NFO,22/01/2025,09:44:19,49315.25,49339.45,420,49363.95,150,0,153480
BANKNIFTY-III.NFO,22/01/2025,09:44:20,49315.25,49336.7,150,49359.3,150,0,153480
BANKNIFTY-III.NFO,22/01/2025,09:44:22,49315.25,49337.1,120,49359.3,150,0,153480
BANKNIFTY-III.NFO,22/01/2025,09:44:24,49315.25,49339.85,120,49365.05,120,0,153480
BANKNIFTY-III.NFO,22/01/2025,09:44:25,49315.25,49344.6,120,49368.9,120,0,153480
BANKNIFTY-III.NFO,22/01/2025,09:44:27,49315.25,49343.1,150,49365.05,120,0,153480
BANKNIFTY-III.NFO,22/01/2025,09:44:29,49315.25,49346.2,120,49370.65,120,0,153480
BANKNIFTY-III.NFO,22/01/2025,09:44:30,49315.25,49342.8,120,49366.35,120,0,153480
BANKNIFTY-III.NFO,22/01/2025,09:44:32,49315.25,49337.45,120,49361.2,120,0,153480
BANKNIFTY-III.NFO,22/01/2025,09:44:34,49315.25,49334.45,240,49357.75,120,0,153480
BANKNIFTY-III.NFO,22/01/2025,09:44:35,49315.25,49342.3,150,49365.55,120,0,153480
BANKNIFTY-III.NFO,22/01/2025,09:44:37,49315.25,49336.1,120,49361.65,120,0,153480
BANKNIFTY-III.NFO,22/01/2025,09:44:39,49315.25,49337.7,120,49359.75,150,0,153480
BANKNIFTY-III.NFO,22/01/2025,09:44:40,49315.25,49331.1,120,49353.75,120,0,153480
BANKNIFTY-III.NFO,22/01/2025,09:44:42,49315.25,49325.1,120,49347.35,150,0,153480
BANKNIFTY-III.NFO,22/01/2025,09:44:44,49315.25,49328.1,240,49352.75,120,0,153480
BANKNIFTY-III.NFO,22/01/2025,09:44:45,49315.25,49332.5,120,49357.3,120,0,153480
BANKNIFTY-III.NFO,22/01/2025,09:44:47,49315.25,49335.2,180,49361.1,120,0,153480
BANKNIFTY-III.NFO,22/01/2025,09:44:49,49315.25,49335.35,480,49364.2,120,0,153480
BANKNIFTY-III.NFO,22/01/2025,09:44:50,49315.25,49350.65,150,49374.4,120,0,153480
BANKNIFTY-III.NFO,22/01/2025,09:44:52,49315.25,49350.65,150,49376.95,120,0,153480
BANKNIFTY-III.NFO,22/01/2025,09:44:54,49315.25,49345.75,120,49372.05,120,0,153480
BANKNIFTY-III.NFO,22/01/2025,09:44:55,49315.25,49342.95,120,49367.1,120,0,153480
BANKNIFTY-III.NFO,22/01/2025,09:44:57,49315.25,49342.9,120,49366.95,120,0,153480
BANKNIFTY-III.NFO,22/01/2025,09:44:59,49315.25,49325.65,120,49351.2,120,0,153480
BANKNIFTY-III.NFO,22/01/2025,09:45:00,49315.25,49315.25,30,49336.6,180,0,153480
BANKNIFTY-III.NFO,22/01/2025,09:45:02,49328.75,49316,30,49334.95,90,30,153480
BANKNIFTY-III.NFO,22/01/2025,09:45:04,49328.75,49316.05,150,49333.85,90,0,153480
BANKNIFTY-III.NFO,22/01/2025,09:45:05,49328.75,49316.15,120,49339.85,120,0,153480
BANKNIFTY-III.NFO,22/01/2025,09:45:07,49328.75,49316.25,180,49344.2,90,0,153480
BANKNIFTY-III.NFO,22/01/2025,09:45:09,49328.75,49316.05,120,49342.7,90,0,153480
BANKNIFTY-III.NFO,22/01/2025,09:45:10,49328.75,49316.25,480,49344.2,90,0,153480
BANKNIFTY-III.NFO,22/01/2025,09:45:12,49328.75,49328.8,150,49349.8,120,0,153480
BANKNIFTY-III.NFO,22/01/2025,09:45:14,49328.75,49328.85,120,49354.65,90,0,153480
BANKNIFTY-III.NFO,22/01/2025,09:45:15,49328.75,49328.8,150,49349.5,120,0,153480
BANKNIFTY-III.NFO,22/01/2025,09:45:17,49328.75,49328.8,150,49349.4,120,0,153480
BANKNIFTY-III.NFO,22/01/2025,09:45:19,49328.75,49329.1,180,49356.05,90,0,153480
BANKNIFTY-III.NFO,22/01/2025,09:45:20,49328.75,49337.8,120,49362.5,90,0,153480
BANKNIFTY-III.NFO,22/01/2025,09:45:22,49328.75,49351.85,180,49379.6,90,0,153480
BANKNIFTY-III.NFO,22/01/2025,09:45:24,49328.75,49366.65,120,49391.85,90,0,153480
BANKNIFTY-III.NFO,22/01/2025,09:45:25,49328.75,49369.5,480,49398.1,90,0,153480
BANKNIFTY-III.NFO,22/01/2025,09:45:27,49328.75,49376.1,420,49401.95,90,0,153480
BANKNIFTY-III.NFO,22/01/2025,09:45:29,49328.75,49376.2,120,49402.8,90,0,153480
BANKNIFTY-III.NFO,22/01/2025,09:45:30,49328.75,49367.1,120,49396.65,150,0,153480
BANKNIFTY-III.NFO,22/01/2025,09:45:32,49328.75,49369.9,150,49392.1,90,0,153480
BANKNIFTY-III.NFO,22/01/2025,09:45:34,49328.75,49362.4,150,49385.25,120,0,153480
BANKNIFTY-III.NFO,22/01/2025,09:45:35,49362.4,49359.4,120,49382.35,90,30,153480
BANKNIFTY-III.NFO,22/01/2025,09:45:37,49362.4,49357.85,150,49380.15,90,0,153480
BANKNIFTY-III.NFO,22/01/2025,09:45:39,49362.4,49350.35,120,49375.45,90,0,153480
BANKNIFTY-III.NFO,22/01/2025,09:45:40,49375.35,49346.35,120,49371.3,30,60,153480
BANKNIFTY-III.NFO,22/01/2025,09:45:42,49375.35,49336.95,120,49361.1,30,0,153480
BANKNIFTY-III.NFO,22/01/2025,09:45:44,49375.35,49338.4,150,49361,30,0,153480
BANKNIFTY-III.NFO,22/01/2025,09:45:45,49375.35,49338.65,120,49366.5,30,0,153480
BANKNIFTY-III.NFO,22/01/2025,09:45:47,49375.35,49344.2,120,49366.3,60,0,153480
BANKNIFTY-III.NFO,22/01/2025,09:45:49,49375.35,49337.25,150,49360.35,30,0,153480
BANKNIFTY-III.NFO,22/01/2025,09:45:50,49360.35,49337.4,120,49360.4,150,30,153480
BANKNIFTY-III.NFO,22/01/2025,09:45:52,49360.35,49347.75,120,49373.2,30,0,153480
BANKNIFTY-III.NFO,22/01/2025,09:45:54,49360.35,49347.75,120,49372.9,60,0,153480
BANKNIFTY-III.NFO,22/01/2025,09:45:56,49360.35,49337.3,120,49366.2,60,0,153480
BANKNIFTY-III.NFO,22/01/2025,09:45:57,49360.35,49328.45,120,49354.65,60,0,153480
BANKNIFTY-III.NFO,22/01/2025,09:45:59,49360.35,49316.85,180,49345.35,30,0,153480
BANKNIFTY-III.NFO,22/01/2025,09:46:01,49360.35,49315.3,300,49341,60,0,153480
BANKNIFTY-III.NFO,22/01/2025,09:46:02,49360.35,49315.35,120,49332.75,30,0,153480
BANKNIFTY-III.NFO,22/01/2025,09:46:04,49360.35,49315.3,300,49330.1,60,0,153480
BANKNIFTY-III.NFO,22/01/2025,09:46:06,49360.35,49315.3,300,49329,120,0,153480
BANKNIFTY-III.NFO,22/01/2025,09:46:07,49360.35,49315.3,300,49332.7,60,0,153480
BANKNIFTY-III.NFO,22/01/2025,09:46:09,49360.35,49315.3,300,49329.75,150,0,153480
BANKNIFTY-III.NFO,22/01/2025,09:46:11,49360.35,49315.3,300,49322.15,150,0,153480
BANKNIFTY-III.NFO,22/01/2025,09:46:12,49315.3,49302,30,49308.8,30,300,153060
BANKNIFTY-III.NFO,22/01/2025,09:46:14,49315.3,49302,30,49319.4,60,0,153060
BANKNIFTY-III.NFO,22/01/2025,09:46:15,49315.3,49302,30,49319.45,60,0,153060
BANKNIFTY-III.NFO,22/01/2025,09:46:19,49315.3,49302.05,150,49319.45,30,0,153060
BANKNIFTY-III.NFO,22/01/2025,09:46:22,49315.3,49302.05,210,49328.2,30,0,153060
BANKNIFTY-III.NFO,22/01/2025,09:46:24,49315.3,49302.1,120,49327.65,60,0,153060
BANKNIFTY-III.NFO,22/01/2025,09:46:25,49315.3,49302,30,49325.4,60,0,153060
BANKNIFTY-III.NFO,22/01/2025,09:46:27,49315.3,49302.05,120,49322.3,60,0,153060
BANKNIFTY-III.NFO,22/01/2025,09:46:29,49315.3,49302,30,49315.3,270,0,153060
BANKNIFTY-III.NFO,22/01/2025,09:46:30,49300,49270.05,120,49299.85,60,90,153060
BANKNIFTY-III.NFO,22/01/2025,09:46:30,49300,49270.05,120,49299.85,60,0,153060
BANKNIFTY-III.NFO,22/01/2025,09:46:32,49300,49279.5,120,49308.15,30,0,153060
BANKNIFTY-III.NFO,22/01/2025,09:46:34,49279.5,49274.5,120,49301.5,30,30,153060
BANKNIFTY-III.NFO,22/01/2025,09:46:34,49279.5,49274.5,120,49301.5,30,0,153060
BANKNIFTY-III.NFO,22/01/2025,09:46:35,49279.5,49270.85,120,49304.35,30,0,153060
BANKNIFTY-III.NFO,22/01/2025,09:46:37,49279.5,49275.25,120,49306.5,30,0,153060
BANKNIFTY-III.NFO,22/01/2025,09:46:39,49275.25,49281,120,49308.1,60,30,153060
BANKNIFTY-III.NFO,22/01/2025,09:46:39,49275.25,49281,120,49308.1,60,0,153060
BANKNIFTY-III.NFO,22/01/2025,09:46:40,49285.1,49286.2,60,49310.75,120,240,153060
BANKNIFTY-III.NFO,22/01/2025,09:46:42,49285.1,49285.55,60,49310.7,120,0,153060
BANKNIFTY-III.NFO,22/01/2025,09:46:44,49285.1,49277.45,60,49303.3,120,0,153060
BANKNIFTY-III.NFO,22/01/2025,09:46:45,49285.1,49282.7,60,49310.9,120,0,153060
BANKNIFTY-III.NFO,22/01/2025,09:46:47,49282.7,49277.95,30,49308.75,120,30,153060
BANKNIFTY-III.NFO,22/01/2025,09:46:49,49282.7,49277.75,30,49308,120,0,153060
BANKNIFTY-III.NFO,22/01/2025,09:46:50,49282.7,49277.9,30,49304.7,120,30,153060
BANKNIFTY-III.NFO,22/01/2025,09:46:52,49282.7,49278.2,30,49307.2,120,0,153060
BANKNIFTY-III.NFO,22/01/2025,09:46:54,49282.7,49278.35,90,49306.9,120,0,153060
BANKNIFTY-III.NFO,22/01/2025,09:46:55,49282.7,49277.45,30,49305.35,120,0,153060
BANKNIFTY-III.NFO,22/01/2025,09:46:57,49277.05,49270,30,49291.2,120,90,153060
BANKNIFTY-III.NFO,22/01/2025,09:46:59,49277.05,49270,60,49297.05,120,0,153060
BANKNIFTY-III.NFO,22/01/2025,09:47:00,49270,49269.65,30,49298.15,120,60,153060
BANKNIFTY-III.NFO,22/01/2025,09:47:00,49270,49269.65,30,49298.15,120,0,153060
BANKNIFTY-III.NFO,22/01/2025,09:47:02,49270,49271.2,60,49301.2,120,0,153060
BANKNIFTY-III.NFO,22/01/2025,09:47:04,49270,49269.7,60,49299.1,120,0,153060
BANKNIFTY-III.NFO,22/01/2025,09:47:05,49270,49274.25,30,49297.9,120,0,153060
BANKNIFTY-III.NFO,22/01/2025,09:47:07,49270,49275.35,60,49299.05,120,0,153060
BANKNIFTY-III.NFO,22/01/2025,09:47:09,49275.35,49280.6,30,49304.9,150,30,153060
BANKNIFTY-III.NFO,22/01/2025,09:47:10,49275.3,49274.95,30,49300.7,120,30,153060
BANKNIFTY-III.NFO,22/01/2025,09:47:12,49275.3,49274.95,30,49300.85,120,0,153060
BANKNIFTY-III.NFO,22/01/2025,09:47:14,49275.3,49272.6,120,49299.15,120,0,153060
BANKNIFTY-III.NFO,22/01/2025,09:47:15,49275.3,49266.85,30,49296.65,120,0,153060
BANKNIFTY-III.NFO,22/01/2025,09:47:17,49275.3,49274.3,30,49298.75,120,0,153060
BANKNIFTY-III.NFO,22/01/2025,09:47:19,49275.3,49274.3,30,49303.6,120,0,153060
BANKNIFTY-III.NFO,22/01/2025,09:47:20,49275.3,49279.65,150,49304.65,120,0,153060
BANKNIFTY-III.NFO,22/01/2025,09:47:22,49275.3,49289.4,240,49310,30,0,153060
BANKNIFTY-III.NFO,22/01/2025,09:47:24,49275.3,49293.05,30,49310,30,0,153060
BANKNIFTY-III.NFO,22/01/2025,09:47:25,49275.3,49285,30,49309.15,120,0,153060
BANKNIFTY-III.NFO,22/01/2025,09:47:27,49275.3,49293.65,150,49310,30,0,153060
BANKNIFTY-III.NFO,22/01/2025,09:47:29,49275.3,49290.65,150,49309.95,150,0,153060
BANKNIFTY-III.NFO,22/01/2025,09:47:30,49275.3,49292.85,360,49317.65,120,0,153060
BANKNIFTY-III.NFO,22/01/2025,09:47:32,49275.3,49300.25,30,49324.95,150,0,153060
BANKNIFTY-III.NFO,22/01/2025,09:47:34,49275.3,49299.2,150,49324.2,120,0,153060
BANKNIFTY-III.NFO,22/01/2025,09:47:35,49275.3,49302.75,30,49324.9,120,0,153060
BANKNIFTY-III.NFO,22/01/2025,09:47:37,49275.3,49310.05,30,49325,60,0,153060
BANKNIFTY-III.NFO,22/01/2025,09:47:39,49310.15,49310.05,30,49325,60,30,153060
BANKNIFTY-III.NFO,22/01/2025,09:47:40,49310.15,49304.95,30,49324.95,120,0,153060
BANKNIFTY-III.NFO,22/01/2025,09:47:42,49310.15,49304.95,30,49324.95,150,0,153060
BANKNIFTY-III.NFO,22/01/2025,09:47:44,49310.15,49306.6,90,49325,60,0,153060
BANKNIFTY-III.NFO,22/01/2025,09:47:45,49325,49320.2,30,49346.15,120,60,153060
BANKNIFTY-III.NFO,22/01/2025,09:47:47,49325,49308.5,30,49339.15,120,0,153060
BANKNIFTY-III.NFO,22/01/2025,09:47:49,49325,49308.5,30,49334.3,120,0,153060
BANKNIFTY-III.NFO,22/01/2025,09:47:50,49325,49306.6,90,49336.05,120,0,153060
BANKNIFTY-III.NFO,22/01/2025,09:47:52,49325,49310,30,49329.75,150,0,153060
BANKNIFTY-III.NFO,22/01/2025,09:47:54,49325,49310,30,49329,120,0,153060
BANKNIFTY-III.NFO,22/01/2025,09:47:55,49325,49310,30,49324.1,120,30,153060
BANKNIFTY-III.NFO,22/01/2025,09:47:57,49323.6,49310,30,49322.7,150,30,153060
BANKNIFTY-III.NFO,22/01/2025,09:47:59,49323.6,49310,30,49320.35,120,0,153060
BANKNIFTY-III.NFO,22/01/2025,09:48:00,49323.6,49310,30,49319.75,120,0,153060
BANKNIFTY-III.NFO,22/01/2025,09:48:02,49323.6,49310.05,60,49330.8,120,0,153060
BANKNIFTY-III.NFO,22/01/2025,09:48:04,49323.6,49310.05,120,49330.8,120,0,153060
BANKNIFTY-III.NFO,22/01/2025,09:48:05,49323.6,49310.05,60,49330.8,120,0,153060
BANKNIFTY-III.NFO,22/01/2025,09:48:07,49323.6,49313.45,30,49338.3,120,0,153060
BANKNIFTY-III.NFO,22/01/2025,09:48:09,49323.6,49315.75,30,49339.7,120,0,153060
BANKNIFTY-III.NFO,22/01/2025,09:48:10,49323.6,49317.1,30,49341.25,120,0,153060
BANKNIFTY-III.NFO,22/01/2025,09:48:12,49323.6,49311.45,30,49335.7,150,0,153060
BANKNIFTY-III.NFO,22/01/2025,09:48:14,49323.6,49310.1,30,49332.65,120,0,153060
BANKNIFTY-III.NFO,22/01/2025,09:48:15,49310.85,49315.4,30,49339.1,120,30,153060
BANKNIFTY-III.NFO,22/01/2025,09:48:17,49310.85,49310,60,49332.2,150,0,153060
BANKNIFTY-III.NFO,22/01/2025,09:48:19,49310.85,49310,30,49323.85,120,0,153060
BANKNIFTY-III.NFO,22/01/2025,09:48:24,49310.85,49310,30,49328.65,120,0,153060
BANKNIFTY-III.NFO,22/01/2025,09:48:25,49310.85,49310.35,150,49333.9,120,0,153060
BANKNIFTY-III.NFO,22/01/2025,09:48:27,49310.85,49310,30,49329,120,0,153060
BANKNIFTY-III.NFO,22/01/2025,09:48:29,49310.85,49310,30,49323.4,150,0,153060
BANKNIFTY-III.NFO,22/01/2025,09:48:30,49310.85,49310,30,49323.1,120,0,153060
BANKNIFTY-III.NFO,22/01/2025,09:48:32,49310.85,49310,30,49325.4,120,0,153060
BANKNIFTY-III.NFO,22/01/2025,09:48:34,49310.85,49310,30,49323.05,210,0,153060
BANKNIFTY-III.NFO,22/01/2025,09:48:35,49310.85,49310,30,49325.1,120,0,153060
BANKNIFTY-III.NFO,22/01/2025,09:48:37,49310.85,49310,30,49323,150,0,153060
BANKNIFTY-III.NFO,22/01/2025,09:48:39,49310.85,49310,30,49323,210,0,153060
BANKNIFTY-III.NFO,22/01/2025,09:48:40,49310.85,49310,30,49323.1,120,0,153060
BANKNIFTY-III.NFO,22/01/2025,09:48:42,49310.85,49310,30,49320.55,150,0,153060
BANKNIFTY-III.NFO,22/01/2025,09:48:44,49310.85,49310,30,49318.25,150,0,153060
BANKNIFTY-III.NFO,22/01/2025,09:48:45,49310.85,49310,30,49321.2,150,0,153060
BANKNIFTY-III.NFO,22/01/2025,09:48:47,49310.85,49310,30,49325.05,150,0,153060
BANKNIFTY-III.NFO,22/01/2025,09:48:49,49310.85,49310,30,49319.6,150,0,153060
BANKNIFTY-III.NFO,22/01/2025,09:48:50,49310.85,49310,30,49322,150,0,153060
BANKNIFTY-III.NFO,22/01/2025,09:48:52,49310,49296.55,60,49318.3,120,60,153060
BANKNIFTY-III.NFO,22/01/2025,09:48:54,49310,49295.05,30,49317.1,120,0,153060
BANKNIFTY-III.NFO,22/01/2025,09:48:56,49310,49298.55,60,49320.7,120,0,153060
BANKNIFTY-III.NFO,22/01/2025,09:48:57,49310,49300.45,30,49321.9,120,0,153060
BANKNIFTY-III.NFO,22/01/2025,09:48:59,49310,49296.1,60,49316.45,30,0,153060
BANKNIFTY-III.NFO,22/01/2025,09:49:01,49310,49294.3,30,49316.75,120,0,153060
BANKNIFTY-III.NFO,22/01/2025,09:49:02,49310,49295.8,30,49316.8,120,0,153060
BANKNIFTY-III.NFO,22/01/2025,09:49:04,49310,49295.85,30,49317.55,210,0,153060
BANKNIFTY-III.NFO,22/01/2025,09:49:06,49310,49303,60,49325.4,120,0,153060
BANKNIFTY-III.NFO,22/01/2025,09:49:07,49310,49296.7,30,49318.55,150,0,153060
BANKNIFTY-III.NFO,22/01/2025,09:49:09,49310,49300,60,49313.45,150,0,153060
BANKNIFTY-III.NFO,22/01/2025,09:49:11,49310,49300,60,49309.5,150,0,153060
BANKNIFTY-III.NFO,22/01/2025,09:49:12,49310,49300,60,49310.6,150,0,153060
BANKNIFTY-III.NFO,22/01/2025,09:49:14,49310,49300,60,49312.5,150,0,153060
BANKNIFTY-III.NFO,22/01/2025,09:49:16,49310,49300,60,49312.85,150,0,153060
BANKNIFTY-III.NFO,22/01/2025,09:49:17,49310,49300,60,49312.75,150,0,153060
BANKNIFTY-III.NFO,22/01/2025,09:49:19,49310,49300.05,30,49312.9,30,0,153060
BANKNIFTY-III.NFO,22/01/2025,09:49:21,49310,49300.05,120,49313,30,0,153060
BANKNIFTY-III.NFO,22/01/2025,09:49:24,49310,49300,60,49312.65,180,0,153060
BANKNIFTY-III.NFO,22/01/2025,09:49:26,49310,49300,60,49312.35,120,0,153060
BANKNIFTY-III.NFO,22/01/2025,09:49:27,49310,49300,60,49311.5,120,0,153060
BANKNIFTY-III.NFO,22/01/2025,09:49:29,49310,49300,60,49312.95,120,0,153060
BANKNIFTY-III.NFO,22/01/2025,09:49:31,49310,49300.05,30,49313,30,0,153060
BANKNIFTY-III.NFO,22/01/2025,09:49:32,49310,49300.05,60,49313,30,0,153060
BANKNIFTY-III.NFO,22/01/2025,09:49:34,49310,49300.05,30,49313,30,0,153060
BANKNIFTY-III.NFO,22/01/2025,09:49:37,49310,49300.05,120,49313,30,0,153060
BANKNIFTY-III.NFO,22/01/2025,09:49:39,49310,49302.45,120,49313,30,0,153060
BANKNIFTY-III.NFO,22/01/2025,09:49:41,49310,49300.05,60,49313,30,0,153060
BANKNIFTY-III.NFO,22/01/2025,09:49:42,49310,49300.3,120,49313,30,0,153060
BANKNIFTY-III.NFO,22/01/2025,09:49:44,49313,49305.2,90,49330.6,120,30,153030
BANKNIFTY-III.NFO,22/01/2025,09:49:46,49313,49300.05,60,49321.1,150,0,153030
BANKNIFTY-III.NFO,22/01/2025,09:49:47,49320.7,49300.1,120,49323,120,30,153030
BANKNIFTY-III.NFO,22/01/2025,09:49:49,49320.7,49300.1,120,49321.65,120,0,153030
BANKNIFTY-III.NFO,22/01/2025,09:49:51,49320.7,49300.05,90,49317.7,150,0,153030
BANKNIFTY-III.NFO,22/01/2025,09:49:52,49320.7,49300,60,49313.1,150,0,153030
BANKNIFTY-III.NFO,22/01/2025,09:49:54,49320.7,49300,60,49308.1,120,0,153030
BANKNIFTY-III.NFO,22/01/2025,09:49:56,49320.7,49300,60,49311.2,150,0,153030
BANKNIFTY-III.NFO,22/01/2025,09:49:57,49320.7,49300,60,49306.9,150,0,153030
BANKNIFTY-III.NFO,22/01/2025,09:49:59,49320.7,49300,60,49307.9,210,0,153030
BANKNIFTY-III.NFO,22/01/2025,09:50:01,49320.7,49300,60,49306.2,150,0,153030
BANKNIFTY-III.NFO,22/01/2025,09:50:02,49320.7,49300,60,49308.8,150,0,153030
BANKNIFTY-III.NFO,22/01/2025,09:50:04,49320.7,49300,60,49309.35,180,0,153030
BANKNIFTY-III.NFO,22/01/2025,09:50:06,49320.7,49300.05,30,49317.65,210,0,153030
BANKNIFTY-III.NFO,22/01/2025,09:50:07,49320.7,49300,60,49317.1,150,0,153030
BANKNIFTY-III.NFO,22/01/2025,09:50:09,49320.7,49300.05,150,49322.45,120,0,153030
BANKNIFTY-III.NFO,22/01/2025,09:50:11,49317.8,49300.05,90,49316.6,150,30,153030
BANKNIFTY-III.NFO,22/01/2025,09:50:12,49317.8,49300.05,180,49318.35,150,0,153030
BANKNIFTY-III.NFO,22/01/2025,09:50:14,49317.8,49300.05,120,49318.45,150,0,153030
BANKNIFTY-III.NFO,22/01/2025,09:50:16,49317.8,49300.05,90,49317.35,150,0,153030
BANKNIFTY-III.NFO,22/01/2025,09:50:17,49317.8,49300,60,49314.8,150,0,153030
BANKNIFTY-III.NFO,22/01/2025,09:50:19,49317.8,49300,60,49312.9,120,0,153030
BANKNIFTY-III.NFO,22/01/2025,09:50:21,49317.8,49300.05,180,49317.3,150,0,153030
BANKNIFTY-III.NFO,22/01/2025,09:50:22,49317.8,49300.05,180,49320.3,30,0,153030
BANKNIFTY-III.NFO,22/01/2025,09:50:24,49317.8,49307.75,150,49336.6,120,0,153030
BANKNIFTY-III.NFO,22/01/2025,09:50:26,49317.8,49317,180,49341.25,90,0,153030
BANKNIFTY-III.NFO,22/01/2025,09:50:27,49317.8,49335.7,180,49350,90,0,153030
BANKNIFTY-III.NFO,22/01/2025,09:50:29,49317.8,49328.2,180,49348.15,30,0,153030
BANKNIFTY-III.NFO,22/01/2025,09:50:31,49317.8,49310.3,90,49331.1,150,0,153030
BANKNIFTY-III.NFO,22/01/2025,09:50:32,49317.8,49306.6,90,49326.65,90,0,153030
BANKNIFTY-III.NFO,22/01/2025,09:50:34,49317.8,49301.85,90,49321.65,120,0,153030
BANKNIFTY-III.NFO,22/01/2025,09:50:36,49317.8,49300.95,150,49322.6,180,0,153030
BANKNIFTY-III.NFO,22/01/2025,09:50:37,49317.8,49300.05,120,49318.2,150,0,153030
BANKNIFTY-III.NFO,22/01/2025,09:50:39,49317.8,49300.05,180,49322.6,150,0,153030
BANKNIFTY-III.NFO,22/01/2025,09:50:41,49317.8,49300.05,120,49319.6,120,0,153030
BANKNIFTY-III.NFO,22/01/2025,09:50:42,49317.8,49300,60,49312.4,120,0,153030
BANKNIFTY-III.NFO,22/01/2025,09:50:44,49317.8,49300,60,49306.9,120,0,153030
BANKNIFTY-III.NFO,22/01/2025,09:50:46,49317.8,49300,60,49306.4,150,0,153030
BANKNIFTY-III.NFO,22/01/2025,09:50:47,49300,49278.15,90,49299.65,120,60,153030
BANKNIFTY-III.NFO,22/01/2025,09:50:49,49300,49280,120,49299.85,150,0,153030
BANKNIFTY-III.NFO,22/01/2025,09:50:51,49300,49276.1,90,49296.95,150,0,153030
BANKNIFTY-III.NFO,22/01/2025,09:50:52,49300,49271.45,150,49292.6,120,0,153030
BANKNIFTY-III.NFO,22/01/2025,09:50:54,49300,49276.75,90,49297.35,150,0,153030
BANKNIFTY-III.NFO,22/01/2025,09:50:56,49300,49276.25,90,49297.2,150,0,153030
BANKNIFTY-III.NFO,22/01/2025,09:50:57,49300,49281.9,120,49300.2,120,0,153030
BANKNIFTY-III.NFO,22/01/2025,09:50:59,49293.6,49273.5,120,49293.6,150,30,153030
BANKNIFTY-III.NFO,22/01/2025,09:51:01,49293.6,49279.3,120,49299.55,150,0,153030
