Ticker,Date,Time,LTP,BuyPrice,BuyQty,SellPrice,SellQty,LTQ,OpenInterest
BANKNIFTY-I.NFO,22/01/2025,09:15:00,48860.15,48802.1,75,48833.3,15,315,2365770
BANKNIFTY-I.NFO,22/01/2025,09:15:00,48860.15,48802.1,75,48833.3,15,0,2365770
BANKNIFTY-I.NFO,22/01/2025,09:15:00,48860.15,48802.1,75,48833.3,15,0,2365770
BANKNIFTY-I.NFO,22/01/2025,09:15:00,48802.05,48802.1,75,48833.3,15,0,2365770
BANKNIFTY-I.NFO,22/01/2025,09:15:01,48786.8,48779.95,15,48820.1,90,915,2365770
BANKNIFTY-I.NFO,22/01/2025,09:15:01,48786.45,48779.95,15,48820.1,90,0,2365770
BANKNIFTY-I.NFO,22/01/2025,09:15:03,48778.35,48778.35,75,48797.5,15,4995,2365770
BANKNIFTY-I.NFO,22/01/2025,09:15:03,48770.35,48778.35,75,48797.5,15,0,2365770
BANKNIFTY-I.NFO,22/01/2025,09:15:04,48795.7,48778.4,15,48795.7,60,1140,2365770
BANKNIFTY-I.NFO,22/01/2025,09:15:04,48770.3,48778.4,15,48795.7,60,0,2365770
BANKNIFTY-I.NFO,22/01/2025,09:15:06,48778.95,48778.9,105,48794.8,60,1125,2365770
BANKNIFTY-I.NFO,22/01/2025,09:15:07,48786.85,48779.6,60,48794.8,60,420,2365770
BANKNIFTY-I.NFO,22/01/2025,09:15:09,48794.85,48782.85,60,48794.85,165,210,2365770
BANKNIFTY-I.NFO,22/01/2025,09:15:10,48799.35,48782.95,75,48799.35,30,1665,2365770
BANKNIFTY-I.NFO,22/01/2025,09:15:12,48806,48790.2,75,48806.05,30,285,2365770
BANKNIFTY-I.NFO,22/01/2025,09:15:14,48792.85,48792.8,90,48811.4,75,1125,2365770
BANKNIFTY-I.NFO,22/01/2025,09:15:15,48809.45,48802.9,90,48820.25,30,900,2365770
BANKNIFTY-I.NFO,22/01/2025,09:15:17,48824.25,48820.75,75,48837.45,150,555,2365770
BANKNIFTY-I.NFO,22/01/2025,09:15:18,48841.75,48830.7,15,48841.1,150,975,2365770
BANKNIFTY-I.NFO,22/01/2025,09:15:20,48843.3,48831.95,15,48846.95,60,135,2365770
BANKNIFTY-I.NFO,22/01/2025,09:15:21,48833.8,48831.95,15,48845.2,15,465,2365770
BANKNIFTY-I.NFO,22/01/2025,09:15:23,48831.95,48831.95,15,48838.9,75,405,2365770
BANKNIFTY-I.NFO,22/01/2025,09:15:25,48815.9,48815.55,60,48831.65,75,1245,2365770
BANKNIFTY-I.NFO,22/01/2025,09:15:26,48828.3,48810.95,30,48826.5,75,90,2365770
BANKNIFTY-I.NFO,22/01/2025,09:15:28,48820.95,48804,60,48820.15,135,225,2365770
BANKNIFTY-I.NFO,22/01/2025,09:15:29,48800.05,48800,15,48813.9,30,90,2365770
BANKNIFTY-I.NFO,22/01/2025,09:15:31,48809,48795.7,15,48800,15,1005,2365770
BANKNIFTY-I.NFO,22/01/2025,09:15:33,48782.95,48782.95,15,48796.8,15,240,2365770
BANKNIFTY-I.NFO,22/01/2025,09:15:34,48782.95,48782.95,15,48792,45,300,2365770
BANKNIFTY-I.NFO,22/01/2025,09:15:36,48777.05,48765.65,15,48776.4,45,480,2365770
BANKNIFTY-I.NFO,22/01/2025,09:15:36,48766.05,48765.65,15,48776.4,45,0,2365770
BANKNIFTY-I.NFO,22/01/2025,09:15:38,48745,48745,15,48756.1,60,630,2365770
BANKNIFTY-I.NFO,22/01/2025,09:15:38,48745,48745,15,48756.1,60,0,2365770
BANKNIFTY-I.NFO,22/01/2025,09:15:39,48753.3,48743,15,48754.3,30,1875,2365770
BANKNIFTY-I.NFO,22/01/2025,09:15:39,48737,48743,15,48754.3,30,0,2365770
BANKNIFTY-I.NFO,22/01/2025,09:15:41,48767.6,48753.55,75,48767.35,15,360,2365770
BANKNIFTY-I.NFO,22/01/2025,09:15:42,48765.65,48761.2,75,48776.15,45,150,2365770
BANKNIFTY-I.NFO,22/01/2025,09:15:44,48757.4,48757.65,15,48766.75,15,240,2365770
BANKNIFTY-I.NFO,22/01/2025,09:15:46,48771.15,48766.8,60,48780.6,150,375,2365770
BANKNIFTY-I.NFO,22/01/2025,09:15:47,48764.3,48756.7,105,48771.95,150,375,2365770
BANKNIFTY-I.NFO,22/01/2025,09:15:49,48757.3,48760.1,45,48773.3,60,105,2365770
BANKNIFTY-I.NFO,22/01/2025,09:15:51,48748.15,48748.2,15,48765.2,75,1845,2367360
BANKNIFTY-I.NFO,22/01/2025,09:15:52,48764.65,48751.6,30,48764.7,45,255,2367360
BANKNIFTY-I.NFO,22/01/2025,09:15:54,48759,48741.3,60,48759.15,45,300,2367360
BANKNIFTY-I.NFO,22/01/2025,09:15:56,48739.65,48739.7,60,48756.75,45,1335,2367360
BANKNIFTY-I.NFO,22/01/2025,09:15:56,48736.7,48739.7,60,48756.75,45,0,2367360
BANKNIFTY-I.NFO,22/01/2025,09:15:57,48749.05,48748.2,15,48757.5,45,105,2367360
BANKNIFTY-I.NFO,22/01/2025,09:15:59,48757.1,48746.45,60,48757.1,15,165,2367360
BANKNIFTY-I.NFO,22/01/2025,09:16:00,48740,48728.3,45,48747.55,90,360,2367360
BANKNIFTY-I.NFO,22/01/2025,09:16:02,48708.25,48706.55,30,48725.85,75,1125,2367360
BANKNIFTY-I.NFO,22/01/2025,09:16:02,48703.7,48706.55,30,48725.85,75,0,2367360
BANKNIFTY-I.NFO,22/01/2025,09:16:04,48678.95,48678.95,15,48695.4,15,1635,2367360
BANKNIFTY-I.NFO,22/01/2025,09:16:04,48678.95,48678.95,15,48695.4,15,0,2367360
BANKNIFTY-I.NFO,22/01/2025,09:16:05,48684.65,48684.65,15,48695.5,45,1500,2367360
BANKNIFTY-I.NFO,22/01/2025,09:16:05,48672.85,48684.65,15,48695.5,45,0,2367360
BANKNIFTY-I.NFO,22/01/2025,09:16:07,48686.6,48685.45,75,48703.6,30,210,2367360
BANKNIFTY-I.NFO,22/01/2025,09:16:09,48694.35,48677.2,60,48695.85,60,120,2367360
BANKNIFTY-I.NFO,22/01/2025,09:16:10,48680.05,48684.45,75,48703.15,60,300,2367360
BANKNIFTY-I.NFO,22/01/2025,09:16:10,48669.5,48684.45,75,48703.15,60,0,2367360
BANKNIFTY-I.NFO,22/01/2025,09:16:12,48684.45,48685.35,15,48697.5,60,1050,2367360
BANKNIFTY-I.NFO,22/01/2025,09:16:13,48676.4,48676.4,90,48694.05,15,1290,2367360
BANKNIFTY-I.NFO,22/01/2025,09:16:15,48689.6,48694.05,15,48703.05,60,270,2367360
BANKNIFTY-I.NFO,22/01/2025,09:16:17,48703.1,48685.6,60,48702.5,30,900,2367360
BANKNIFTY-I.NFO,22/01/2025,09:16:18,48685.65,48686.5,75,48703.1,15,1425,2367360
BANKNIFTY-I.NFO,22/01/2025,09:16:20,48700,48686.75,15,48699.95,60,630,2367360
BANKNIFTY-I.NFO,22/01/2025,09:16:21,48700,48687.5,15,48700,915,150,2367360
BANKNIFTY-I.NFO,22/01/2025,09:16:23,48700,48694.1,45,48700,630,435,2367360
BANKNIFTY-I.NFO,22/01/2025,09:16:25,48701.5,48702.4,15,48718.65,60,795,2367360
BANKNIFTY-I.NFO,22/01/2025,09:16:26,48710,48702.45,60,48719.35,60,330,2367360
BANKNIFTY-I.NFO,22/01/2025,09:16:28,48702.65,48704.25,15,48717.15,60,45,2367360
BANKNIFTY-I.NFO,22/01/2025,09:16:29,48713.45,48717.15,60,48728.3,15,285,2367360
BANKNIFTY-I.NFO,22/01/2025,09:16:31,48717.8,48722.4,15,48728.3,15,45,2367360
BANKNIFTY-I.NFO,22/01/2025,09:16:33,48732,48725.1,15,48732,75,75,2367360
BANKNIFTY-I.NFO,22/01/2025,09:16:34,48728.3,48726.65,15,48732,30,75,2367360
BANKNIFTY-I.NFO,22/01/2025,09:16:36,48726.65,48723.4,15,48730,15,615,2367360
BANKNIFTY-I.NFO,22/01/2025,09:16:38,48722.45,48722.75,60,48732,45,225,2367360
BANKNIFTY-I.NFO,22/01/2025,09:16:39,48722.75,48720.05,15,48731.2,30,255,2367360
BANKNIFTY-I.NFO,22/01/2025,09:16:41,48731.95,48721.3,15,48732.15,150,255,2367360
BANKNIFTY-I.NFO,22/01/2025,09:16:42,48732.45,48721.45,15,48724.75,15,345,2367360
BANKNIFTY-I.NFO,22/01/2025,09:16:44,48713.45,48704.55,60,48722,15,390,2367360
BANKNIFTY-I.NFO,22/01/2025,09:16:46,48721.3,48710.2,15,48721.2,15,60,2367360
BANKNIFTY-I.NFO,22/01/2025,09:16:47,48710.2,48702.65,150,48715.7,15,225,2367360
BANKNIFTY-I.NFO,22/01/2025,09:16:49,48702.65,48703.65,15,48715,45,75,2367360
BANKNIFTY-I.NFO,22/01/2025,09:16:50,48690,48686.65,60,48699.55,30,570,2367360
BANKNIFTY-I.NFO,22/01/2025,09:16:52,48685,48680,30,48692.75,30,930,2367360
BANKNIFTY-I.NFO,22/01/2025,09:16:54,48687.15,48683.5,15,48693.1,15,165,2367360
BANKNIFTY-I.NFO,22/01/2025,09:16:55,48690,48687.6,60,48700.2,15,210,2367360
BANKNIFTY-I.NFO,22/01/2025,09:16:57,48702.65,48693.1,60,48707.85,30,105,2367360
BANKNIFTY-I.NFO,22/01/2025,09:16:59,48702.65,48700,15,48701,45,0,2367360
BANKNIFTY-I.NFO,22/01/2025,09:17:00,48700,48700,30,48701,30,420,2367360
BANKNIFTY-I.NFO,22/01/2025,09:17:02,48703.75,48700.2,15,48706.9,60,105,2367360
BANKNIFTY-I.NFO,22/01/2025,09:17:04,48709.95,48700.2,15,48709.95,15,195,2367360
BANKNIFTY-I.NFO,22/01/2025,09:17:05,48722.45,48710,45,48721.5,75,150,2367360
BANKNIFTY-I.NFO,22/01/2025,09:17:07,48710,48701,30,48709.95,30,210,2367360
BANKNIFTY-I.NFO,22/01/2025,09:17:08,48708.05,48702.65,15,48706.3,15,120,2367360
BANKNIFTY-I.NFO,22/01/2025,09:17:10,48702.65,48692.75,15,48705.4,90,240,2367360
BANKNIFTY-I.NFO,22/01/2025,09:17:12,48708.45,48701,15,48703.85,15,90,2367360
BANKNIFTY-I.NFO,22/01/2025,09:17:13,48713.15,48701.2,60,48714.55,15,75,2367360
BANKNIFTY-I.NFO,22/01/2025,09:17:15,48718.35,48704.05,60,48718.2,30,75,2367360
BANKNIFTY-I.NFO,22/01/2025,09:17:17,48718.35,48706.3,30,48708.25,15,0,2367360
BANKNIFTY-I.NFO,22/01/2025,09:17:18,48706.4,48706.5,60,48711.15,15,105,2367360
BANKNIFTY-I.NFO,22/01/2025,09:17:20,48720,48707,60,48721.4,45,180,2367360
BANKNIFTY-I.NFO,22/01/2025,09:17:21,48710.8,48714.45,45,48728,90,30,2367360
BANKNIFTY-I.NFO,22/01/2025,09:17:23,48721.45,48721.45,60,48728,90,90,2367360
BANKNIFTY-I.NFO,22/01/2025,09:17:25,48725,48721.85,30,48728,90,75,2367360
BANKNIFTY-I.NFO,22/01/2025,09:17:26,48724.85,48724.55,75,48731.9,15,210,2367360
BANKNIFTY-I.NFO,22/01/2025,09:17:28,48726,48726,15,48731.9,15,15,2367360
BANKNIFTY-I.NFO,22/01/2025,09:17:30,48732.2,48734.2,30,48744.9,15,90,2367360
BANKNIFTY-I.NFO,22/01/2025,09:17:31,48738.75,48738.45,105,48754.7,120,285,2367360
BANKNIFTY-I.NFO,22/01/2025,09:17:33,48754.45,48749.3,75,48757.2,15,45,2367360
BANKNIFTY-I.NFO,22/01/2025,09:17:35,48755,48754.35,75,48765.65,30,120,2367360
BANKNIFTY-I.NFO,22/01/2025,09:17:36,48759.35,48759.35,60,48766.05,270,90,2367360
BANKNIFTY-I.NFO,22/01/2025,09:17:38,48766.05,48762.7,15,48766.05,60,210,2367360
BANKNIFTY-I.NFO,22/01/2025,09:17:39,48776.15,48776.1,75,48780,15,225,2367360
BANKNIFTY-I.NFO,22/01/2025,09:17:41,48774.8,48763.8,15,48774.8,120,525,2367360
BANKNIFTY-I.NFO,22/01/2025,09:17:43,48764.1,48764.55,15,48776.1,60,255,2367360
BANKNIFTY-I.NFO,22/01/2025,09:17:44,48764.75,48764.55,135,48775.35,15,105,2367360
BANKNIFTY-I.NFO,22/01/2025,09:17:46,48776.1,48770.4,120,48776.15,15,120,2367360
BANKNIFTY-I.NFO,22/01/2025,09:17:48,48775.35,48770.45,180,48776.4,150,150,2367360
BANKNIFTY-I.NFO,22/01/2025,09:17:49,48770.55,48770.55,15,48781.6,45,105,2367360
BANKNIFTY-I.NFO,22/01/2025,09:17:51,48777.4,48776.15,15,48777.65,30,165,2367360
BANKNIFTY-I.NFO,22/01/2025,09:17:52,48773.95,48766.05,75,48769.55,150,975,2367360
BANKNIFTY-I.NFO,22/01/2025,09:17:54,48766.1,48766.1,90,48774.95,30,120,2367360
BANKNIFTY-I.NFO,22/01/2025,09:17:56,48779.15,48766.3,105,48778.85,45,60,2367360
BANKNIFTY-I.NFO,22/01/2025,09:17:58,48774.8,48766.35,60,48773.65,60,165,2367360
BANKNIFTY-I.NFO,22/01/2025,09:17:59,48766.4,48766.65,15,48779.5,45,90,2367360
BANKNIFTY-I.NFO,22/01/2025,09:18:01,48770,48766.65,225,48778.95,15,75,2367360
BANKNIFTY-I.NFO,22/01/2025,09:18:02,48778.25,48767.65,15,48779.95,150,75,2367360
BANKNIFTY-I.NFO,22/01/2025,09:18:04,48775.15,48763.8,15,48776.8,15,450,2367360
BANKNIFTY-I.NFO,22/01/2025,09:18:06,48763.85,48766.4,15,48775,15,45,2367360
BANKNIFTY-I.NFO,22/01/2025,09:18:07,48766.2,48750.3,15,48765,45,405,2367360
BANKNIFTY-I.NFO,22/01/2025,09:18:09,48759.45,48751.15,15,48764.3,15,15,2367360
BANKNIFTY-I.NFO,22/01/2025,09:18:11,48759.45,48760.6,120,48774.9,15,0,2367360
BANKNIFTY-I.NFO,22/01/2025,09:18:12,48775,48766.6,15,48775,60,30,2367360
BANKNIFTY-I.NFO,22/01/2025,09:18:14,48774.95,48767.1,15,48775,45,165,2367360
BANKNIFTY-I.NFO,22/01/2025,09:18:16,48768.65,48768.6,15,48778,30,60,2367360
BANKNIFTY-I.NFO,22/01/2025,09:18:17,48778,48769.5,30,48779.15,15,45,2367360
BANKNIFTY-I.NFO,22/01/2025,09:18:19,48776.55,48769.55,15,48778.7,75,645,2367360
BANKNIFTY-I.NFO,22/01/2025,09:18:20,48782.8,48776.15,15,48785,60,75,2367360
BANKNIFTY-I.NFO,22/01/2025,09:18:22,48785,48776.85,30,48788.2,30,240,2367360
BANKNIFTY-I.NFO,22/01/2025,09:18:24,48791,48778.75,15,48785,30,285,2367360
BANKNIFTY-I.NFO,22/01/2025,09:18:25,48798.7,48785.1,15,48798.75,300,75,2367360
BANKNIFTY-I.NFO,22/01/2025,09:18:27,48773.6,48777.05,15,48793.6,30,1605,2367360
BANKNIFTY-I.NFO,22/01/2025,09:18:29,48800,48791.15,30,48800,1020,255,2367360
BANKNIFTY-I.NFO,22/01/2025,09:18:30,48800,48793.4,15,48800,1020,30,2367360
BANKNIFTY-I.NFO,22/01/2025,09:18:32,48795.55,48793.45,15,48802.05,135,1065,2367360
BANKNIFTY-I.NFO,22/01/2025,09:18:34,48800.6,48797.1,30,48808,15,315,2367360
BANKNIFTY-I.NFO,22/01/2025,09:18:35,48809.55,48798.3,15,48809.7,120,75,2367360
BANKNIFTY-I.NFO,22/01/2025,09:18:37,48797.1,48789.7,30,48798,15,240,2367360
BANKNIFTY-I.NFO,22/01/2025,09:18:38,48790.45,48791.65,45,48804.8,45,90,2367360
BANKNIFTY-I.NFO,22/01/2025,09:18:40,48791.65,48783.85,45,48796,150,270,2367360
BANKNIFTY-I.NFO,22/01/2025,09:18:42,48797.15,48790.2,30,48800,105,105,2367360
BANKNIFTY-I.NFO,22/01/2025,09:18:43,48800,48793.8,15,48800,75,225,2367360
BANKNIFTY-I.NFO,22/01/2025,09:18:45,48799.65,48793.85,30,48800,135,165,2367360
BANKNIFTY-I.NFO,22/01/2025,09:18:46,48783.85,48778.7,15,48785.65,30,360,2367360
BANKNIFTY-I.NFO,22/01/2025,09:18:48,48789.35,48782.35,15,48794.4,15,75,2367360
BANKNIFTY-I.NFO,22/01/2025,09:18:50,48789.95,48782.85,15,48794,45,90,2366505
BANKNIFTY-I.NFO,22/01/2025,09:18:51,48770.1,48765.1,30,48779.55,45,165,2366505
BANKNIFTY-I.NFO,22/01/2025,09:18:53,48780.15,48765.15,30,48780,150,60,2366505
BANKNIFTY-I.NFO,22/01/2025,09:18:55,48775.6,48765.15,30,48773.95,15,30,2366505
BANKNIFTY-I.NFO,22/01/2025,09:18:56,48761.45,48761.4,15,48775.5,120,420,2366505
BANKNIFTY-I.NFO,22/01/2025,09:18:58,48768.8,48768.7,15,48782.7,135,150,2366505
BANKNIFTY-I.NFO,22/01/2025,09:19:00,48763.1,48768.7,45,48778.1,120,60,2366505
BANKNIFTY-I.NFO,22/01/2025,09:19:01,48767.8,48753.55,120,48768.65,120,285,2366505
BANKNIFTY-I.NFO,22/01/2025,09:19:03,48768.55,48750.3,15,48763.1,45,90,2366505
BANKNIFTY-I.NFO,22/01/2025,09:19:05,48750.35,48750.35,30,48760.55,75,435,2366505
BANKNIFTY-I.NFO,22/01/2025,09:19:06,48760.55,48752.1,135,48764,30,30,2366505
BANKNIFTY-I.NFO,22/01/2025,09:19:08,48755,48752.15,15,48760.35,120,60,2366505
BANKNIFTY-I.NFO,22/01/2025,09:19:10,48752.25,48752.35,120,48764.55,45,45,2366505
BANKNIFTY-I.NFO,22/01/2025,09:19:11,48760.6,48752.35,135,48759.05,15,45,2366505
BANKNIFTY-I.NFO,22/01/2025,09:19:13,48752.5,48753.55,75,48764.55,45,60,2366505
BANKNIFTY-I.NFO,22/01/2025,09:19:15,48757,48757,15,48764.55,30,75,2366505
BANKNIFTY-I.NFO,22/01/2025,09:19:16,48766.75,48757.05,30,48767.55,15,75,2366505
BANKNIFTY-I.NFO,22/01/2025,09:19:18,48757.15,48757.1,60,48763.85,90,30,2366505
BANKNIFTY-I.NFO,22/01/2025,09:19:20,48757.1,48757.1,270,48767.7,15,555,2366505
BANKNIFTY-I.NFO,22/01/2025,09:19:21,48758.45,48758.1,75,48767.7,15,15,2366505
BANKNIFTY-I.NFO,22/01/2025,09:19:23,48752,48752,30,48759,30,735,2366505
BANKNIFTY-I.NFO,22/01/2025,09:19:25,48752.05,48752,90,48757.1,15,75,2366505
BANKNIFTY-I.NFO,22/01/2025,09:19:26,48752.85,48752,120,48760,300,30,2366505
BANKNIFTY-I.NFO,22/01/2025,09:19:28,48752,48752,165,48760,300,15,2366505
BANKNIFTY-I.NFO,22/01/2025,09:19:30,48760,48753.7,15,48760,120,195,2366505
BANKNIFTY-I.NFO,22/01/2025,09:19:31,48760,48756.75,15,48760,30,135,2366505
BANKNIFTY-I.NFO,22/01/2025,09:19:33,48760,48760.05,15,48767,15,30,2366505
BANKNIFTY-I.NFO,22/01/2025,09:19:35,48767,48760.05,165,48767.7,15,15,2366505
BANKNIFTY-I.NFO,22/01/2025,09:19:36,48762.05,48760.35,135,48767.8,30,15,2366505
BANKNIFTY-I.NFO,22/01/2025,09:19:38,48770,48768.7,120,48782.9,45,255,2366505
BANKNIFTY-I.NFO,22/01/2025,09:19:40,48770,48780,15,48785,15,0,2366505
BANKNIFTY-I.NFO,22/01/2025,09:19:41,48770,48780.3,15,48785,15,0,2366505
BANKNIFTY-I.NFO,22/01/2025,09:19:43,48777.95,48768.55,15,48779.5,150,795,2366505
BANKNIFTY-I.NFO,22/01/2025,09:19:45,48768.75,48772.7,120,48785,15,15,2366505
BANKNIFTY-I.NFO,22/01/2025,09:19:46,48772.7,48777.95,15,48785.6,30,30,2366505
BANKNIFTY-I.NFO,22/01/2025,09:19:48,48777.95,48777.95,180,48785.2,150,45,2366505
BANKNIFTY-I.NFO,22/01/2025,09:19:50,48761.45,48761.45,15,48768,15,285,2366505
BANKNIFTY-I.NFO,22/01/2025,09:19:51,48770,48763.6,30,48778.7,15,165,2366505
BANKNIFTY-I.NFO,22/01/2025,09:19:53,48777.95,48768.3,15,48780,60,105,2366505
BANKNIFTY-I.NFO,22/01/2025,09:19:55,48766.7,48762.45,15,48777.25,150,30,2366505
BANKNIFTY-I.NFO,22/01/2025,09:19:56,48777.95,48761.45,45,48774.8,75,15,2366505
BANKNIFTY-I.NFO,22/01/2025,09:19:58,48766.7,48766.7,120,48777,15,165,2366505
BANKNIFTY-I.NFO,22/01/2025,09:20:00,48776.7,48766.7,75,48777.2,30,45,2366505
BANKNIFTY-I.NFO,22/01/2025,09:20:01,48771.25,48758.85,15,48773.35,30,165,2366505
BANKNIFTY-I.NFO,22/01/2025,09:20:03,48777.95,48752.25,120,48768.2,30,75,2366505
BANKNIFTY-I.NFO,22/01/2025,09:20:05,48765.3,48753.05,15,48768.8,150,105,2366505
BANKNIFTY-I.NFO,22/01/2025,09:20:07,48764.4,48757.3,15,48772.3,15,30,2366505
BANKNIFTY-I.NFO,22/01/2025,09:20:08,48752.8,48753.5,15,48768,75,120,2366505
BANKNIFTY-I.NFO,22/01/2025,09:20:10,48755.6,48762.6,15,48774.95,90,30,2366505
BANKNIFTY-I.NFO,22/01/2025,09:20:12,48764.15,48765.05,165,48775,60,165,2366505
BANKNIFTY-I.NFO,22/01/2025,09:20:13,48778,48778.6,30,48785.6,30,150,2366505
BANKNIFTY-I.NFO,22/01/2025,09:20:15,48789.05,48778.6,15,48789.2,75,420,2366505
BANKNIFTY-I.NFO,22/01/2025,09:20:17,48789.7,48777.9,120,48790,180,180,2366505
BANKNIFTY-I.NFO,22/01/2025,09:20:18,48777.9,48777.9,45,48785.8,60,105,2366505
BANKNIFTY-I.NFO,22/01/2025,09:20:20,48785.8,48778.15,15,48789.95,15,60,2366505
BANKNIFTY-I.NFO,22/01/2025,09:20:22,48785.8,48780.1,15,48789.05,15,0,2366505
BANKNIFTY-I.NFO,22/01/2025,09:20:23,48789.05,48787.25,15,48790,105,15,2366505
BANKNIFTY-I.NFO,22/01/2025,09:20:25,48790,48789.4,15,48798,15,120,2366505
BANKNIFTY-I.NFO,22/01/2025,09:20:27,48799.9,48789.9,15,48799,30,15,2366505
BANKNIFTY-I.NFO,22/01/2025,09:20:28,48800,48790.95,15,48800,375,105,2366505
BANKNIFTY-I.NFO,22/01/2025,09:20:30,48790.95,48783,15,48791.85,30,345,2366505
BANKNIFTY-I.NFO,22/01/2025,09:20:32,48784.45,48771.35,120,48784.9,15,75,2366505
BANKNIFTY-I.NFO,22/01/2025,09:20:33,48790.95,48778.25,120,48790.2,15,105,2366505
BANKNIFTY-I.NFO,22/01/2025,09:20:35,48778.3,48784.05,15,48795.7,120,1305,2366505
BANKNIFTY-I.NFO,22/01/2025,09:20:37,48784.05,48777,15,48787.5,120,270,2366505
BANKNIFTY-I.NFO,22/01/2025,09:20:38,48780,48777,45,48783.45,120,45,2366505
BANKNIFTY-I.NFO,22/01/2025,09:20:40,48777.6,48771.25,15,48779.65,105,120,2366505
BANKNIFTY-I.NFO,22/01/2025,09:20:42,48764.45,48751.3,15,48765.05,45,420,2366505
BANKNIFTY-I.NFO,22/01/2025,09:20:43,48768.35,48764,15,48772.6,30,30,2366505
BANKNIFTY-I.NFO,22/01/2025,09:20:45,48763.5,48750,60,48760.1,30,135,2366505
BANKNIFTY-I.NFO,22/01/2025,09:20:47,48765.55,48750,105,48762.45,30,45,2366505
BANKNIFTY-I.NFO,22/01/2025,09:20:48,48750.05,48750,90,48761.25,75,60,2366505
BANKNIFTY-I.NFO,22/01/2025,09:20:50,48763,48750,180,48763.05,75,75,2366505
BANKNIFTY-I.NFO,22/01/2025,09:20:52,48763,48750.05,45,48761.3,75,0,2366505
BANKNIFTY-I.NFO,22/01/2025,09:20:53,48763,48750.55,120,48763.5,15,0,2366505
BANKNIFTY-I.NFO,22/01/2025,09:20:55,48763.5,48752.55,15,48764.5,150,30,2366505
BANKNIFTY-I.NFO,22/01/2025,09:20:57,48760,48752.55,210,48763.65,75,300,2366505
BANKNIFTY-I.NFO,22/01/2025,09:20:58,48753.65,48753.7,120,48768.35,15,60,2366505
BANKNIFTY-I.NFO,22/01/2025,09:21:00,48758.2,48753.85,120,48768.35,15,75,2366505
BANKNIFTY-I.NFO,22/01/2025,09:21:02,48756.4,48763.1,15,48766.65,120,15,2366505
BANKNIFTY-I.NFO,22/01/2025,09:21:03,48763.1,48753.85,15,48764.45,120,465,2366505
BANKNIFTY-I.NFO,22/01/2025,09:21:05,48763.1,48756.4,15,48764,15,0,2366505
BANKNIFTY-I.NFO,22/01/2025,09:21:07,48763.95,48756.4,45,48766.65,60,90,2366505
BANKNIFTY-I.NFO,22/01/2025,09:21:08,48750.05,48750.05,45,48765.05,120,510,2366505
BANKNIFTY-I.NFO,22/01/2025,09:21:10,48759.45,48750,195,48760.8,60,375,2366505
BANKNIFTY-I.NFO,22/01/2025,09:21:12,48750.25,48750.65,150,48763.15,15,15,2366505
BANKNIFTY-I.NFO,22/01/2025,09:21:13,48752.2,48756.5,135,48766.65,60,60,2366505
BANKNIFTY-I.NFO,22/01/2025,09:21:15,48769.3,48756.55,15,48769.35,120,225,2366505
BANKNIFTY-I.NFO,22/01/2025,09:21:17,48766.65,48756.6,15,48764.45,120,165,2366505
BANKNIFTY-I.NFO,22/01/2025,09:21:18,48766.7,48760.2,15,48766.65,105,90,2366505
BANKNIFTY-I.NFO,22/01/2025,09:21:20,48770,48764.35,120,48770,30,30,2366505
BANKNIFTY-I.NFO,22/01/2025,09:21:22,48765.15,48764.45,30,48765,90,75,2366505
BANKNIFTY-I.NFO,22/01/2025,09:21:23,48778.25,48764.5,15,48774.5,90,135,2366505
BANKNIFTY-I.NFO,22/01/2025,09:21:25,48764.45,48754.05,30,48764.55,90,165,2366505
BANKNIFTY-I.NFO,22/01/2025,09:21:27,48764.15,48754.05,15,48764.15,180,60,2366505
BANKNIFTY-I.NFO,22/01/2025,09:21:28,48765.15,48755,105,48765.8,45,135,2366505
BANKNIFTY-I.NFO,22/01/2025,09:21:30,48754.05,48755,30,48766.6,45,300,2366505
BANKNIFTY-I.NFO,22/01/2025,09:21:32,48770,48760.9,15,48774.9,45,15,2366505
BANKNIFTY-I.NFO,22/01/2025,09:21:33,48778.65,48764.55,15,48778.05,30,30,2366505
BANKNIFTY-I.NFO,22/01/2025,09:21:35,48773.5,48773.8,120,48780,90,45,2366505
BANKNIFTY-I.NFO,22/01/2025,09:21:36,48777,48778.85,15,48788,150,195,2366505
BANKNIFTY-I.NFO,22/01/2025,09:21:38,48777,48778.85,120,48788,150,0,2366505
BANKNIFTY-I.NFO,22/01/2025,09:21:40,48780.2,48778.85,120,48783.55,135,210,2366505
BANKNIFTY-I.NFO,22/01/2025,09:21:41,48775.2,48770,15,48772.85,30,315,2366505
BANKNIFTY-I.NFO,22/01/2025,09:21:43,48775.2,48770.05,30,48772.85,15,0,2366505
BANKNIFTY-I.NFO,22/01/2025,09:21:45,48772.85,48770.05,75,48775.2,15,15,2366505
BANKNIFTY-I.NFO,22/01/2025,09:21:46,48778.9,48770.55,120,48785.25,30,30,2366505
BANKNIFTY-I.NFO,22/01/2025,09:21:48,48778.9,48771.45,60,48783.5,75,0,2366505
BANKNIFTY-I.NFO,22/01/2025,09:21:50,48771.45,48771.4,15,48774,30,240,2366505
BANKNIFTY-I.NFO,22/01/2025,09:21:51,48771.45,48775.2,15,48778.05,30,0,2366505
BANKNIFTY-I.NFO,22/01/2025,09:21:53,48770.55,48770,15,48770.65,90,330,2367360
BANKNIFTY-I.NFO,22/01/2025,09:21:54,48752.75,48754.9,30,48768.5,105,180,2367360
BANKNIFTY-I.NFO,22/01/2025,09:21:56,48765.95,48760,15,48767.05,75,165,2367360
BANKNIFTY-I.NFO,22/01/2025,09:21:58,48765.95,48760,90,48763.95,180,0,2367360
BANKNIFTY-I.NFO,22/01/2025,09:21:59,48760,48760,30,48760.25,150,180,2367360
BANKNIFTY-I.NFO,22/01/2025,09:22:01,48759.95,48752.75,15,48756.15,180,135,2367360
BANKNIFTY-I.NFO,22/01/2025,09:22:03,48750,48740.05,15,48747.05,165,300,2367360
BANKNIFTY-I.NFO,22/01/2025,09:22:04,48739.75,48730,45,48738.65,285,90,2367360
BANKNIFTY-I.NFO,22/01/2025,09:22:06,48747.4,48734.3,30,48747.55,75,30,2367360
BANKNIFTY-I.NFO,22/01/2025,09:22:08,48739.65,48734.35,60,48743.95,120,225,2367360
BANKNIFTY-I.NFO,22/01/2025,09:22:09,48739.65,48734.35,105,48743.1,75,0,2367360
BANKNIFTY-I.NFO,22/01/2025,09:22:11,48734.35,48734.35,105,48744.35,120,15,2367360
BANKNIFTY-I.NFO,22/01/2025,09:22:13,48732,48730,30,48734.35,90,135,2367360
BANKNIFTY-I.NFO,22/01/2025,09:22:14,48734.35,48725.05,105,48739.05,120,240,2367360
BANKNIFTY-I.NFO,22/01/2025,09:22:16,48730,48725,60,48732.75,90,75,2367360
BANKNIFTY-I.NFO,22/01/2025,09:22:18,48725,48721,45,48729.25,90,105,2367360
BANKNIFTY-I.NFO,22/01/2025,09:22:19,48720,48715,15,48722,30,60,2367360
BANKNIFTY-I.NFO,22/01/2025,09:22:21,48714.35,48712.65,60,48722,30,105,2367360
BANKNIFTY-I.NFO,22/01/2025,09:22:23,48712.95,48713.7,45,48722,45,15,2367360
BANKNIFTY-I.NFO,22/01/2025,09:22:24,48721.95,48713.7,135,48721.95,75,60,2367360
BANKNIFTY-I.NFO,22/01/2025,09:22:26,48713.7,48713.7,90,48722,45,75,2367360
BANKNIFTY-I.NFO,22/01/2025,09:22:27,48710.4,48713.7,30,48720,615,180,2367360
BANKNIFTY-I.NFO,22/01/2025,09:22:29,48710,48703.55,45,48715.3,15,555,2367360
BANKNIFTY-I.NFO,22/01/2025,09:22:31,48720,48711.25,30,48720,585,30,2367360
BANKNIFTY-I.NFO,22/01/2025,09:22:32,48710.25,48709.3,15,48720,570,555,2367360
BANKNIFTY-I.NFO,22/01/2025,09:22:34,48709.3,48712.95,15,48719.85,15,60,2367360
BANKNIFTY-I.NFO,22/01/2025,09:22:36,48707.95,48707,15,48720,555,45,2367360
BANKNIFTY-I.NFO,22/01/2025,09:22:37,48701,48700,1305,48706.95,30,135,2367360
BANKNIFTY-I.NFO,22/01/2025,09:22:39,48701.3,48696.15,15,48701.3,15,1335,2367360
BANKNIFTY-I.NFO,22/01/2025,09:22:41,48688,48688,15,48689,30,195,2367360
BANKNIFTY-I.NFO,22/01/2025,09:22:42,48681,48675.05,30,48686.4,15,585,2367360
BANKNIFTY-I.NFO,22/01/2025,09:22:44,48675.1,48670,180,48678.75,135,480,2367360
BANKNIFTY-I.NFO,22/01/2025,09:22:46,48670,48670,45,48680.35,120,645,2367360
BANKNIFTY-I.NFO,22/01/2025,09:22:46,48658.6,48670,45,48680.35,120,0,2367360
BANKNIFTY-I.NFO,22/01/2025,09:22:47,48676.5,48670,75,48676.4,75,285,2367360
BANKNIFTY-I.NFO,22/01/2025,09:22:49,48670.05,48670.05,45,48675,60,150,2367360
BANKNIFTY-I.NFO,22/01/2025,09:22:51,48680,48675.75,15,48685,30,105,2367360
BANKNIFTY-I.NFO,22/01/2025,09:22:52,48678.75,48678.75,60,48685,15,630,2367360
BANKNIFTY-I.NFO,22/01/2025,09:22:54,48678.75,48678.75,60,48685,30,90,2367360
BANKNIFTY-I.NFO,22/01/2025,09:22:55,48679.3,48682.6,120,48689,15,90,2367360
BANKNIFTY-I.NFO,22/01/2025,09:22:57,48688.65,48691.8,30,48700,915,180,2367360
BANKNIFTY-I.NFO,22/01/2025,09:22:59,48700,48691.8,90,48700,525,390,2367360
BANKNIFTY-I.NFO,22/01/2025,09:23:00,48700,48702.55,135,48709.3,15,525,2367360
BANKNIFTY-I.NFO,22/01/2025,09:23:02,48702.55,48690.2,15,48698.9,15,225,2367360
BANKNIFTY-I.NFO,22/01/2025,09:23:04,48690,48681.5,120,48695.45,15,60,2367360
BANKNIFTY-I.NFO,22/01/2025,09:23:05,48690,48695.55,15,48700,15,0,2367360
BANKNIFTY-I.NFO,22/01/2025,09:23:07,48695.55,48695.55,45,48696.7,15,30,2367360
BANKNIFTY-I.NFO,22/01/2025,09:23:09,48697.9,48695.6,75,48699.15,15,30,2367360
BANKNIFTY-I.NFO,22/01/2025,09:23:10,48699.8,48695.6,90,48699.25,15,105,2367360
BANKNIFTY-I.NFO,22/01/2025,09:23:12,48695.55,48688.65,15,48694.45,45,375,2367360
BANKNIFTY-I.NFO,22/01/2025,09:23:14,48688.7,48680,75,48693,90,30,2367360
BANKNIFTY-I.NFO,22/01/2025,09:23:15,48692.15,48681.5,15,48695,15,240,2367360
BANKNIFTY-I.NFO,22/01/2025,09:23:17,48692.15,48689.55,150,48695,15,0,2367360
BANKNIFTY-I.NFO,22/01/2025,09:23:19,48699.8,48689.65,120,48699.8,30,90,2367360
BANKNIFTY-I.NFO,22/01/2025,09:23:20,48699.75,48689.75,120,48699.8,30,15,2367360
BANKNIFTY-I.NFO,22/01/2025,09:23:22,48709.3,48710,30,48715.65,30,315,2367360
BANKNIFTY-I.NFO,22/01/2025,09:23:24,48714,48714,60,48716.45,30,30,2367360
BANKNIFTY-I.NFO,22/01/2025,09:23:25,48699.2,48699.45,15,48712.85,15,315,2367360
BANKNIFTY-I.NFO,22/01/2025,09:23:27,48699.45,48709.15,15,48712.7,15,15,2367360
BANKNIFTY-I.NFO,22/01/2025,09:23:29,48710.4,48710.4,15,48720,135,105,2367360
BANKNIFTY-I.NFO,22/01/2025,09:23:30,48725,48718.8,30,48725,15,240,2367360
BANKNIFTY-I.NFO,22/01/2025,09:23:32,48734.45,48718.9,15,48730.25,15,45,2367360
BANKNIFTY-I.NFO,22/01/2025,09:23:34,48719,48718.95,30,48730.4,15,15,2367360
BANKNIFTY-I.NFO,22/01/2025,09:23:35,48718.9,48710.15,60,48720.25,120,90,2367360
BANKNIFTY-I.NFO,22/01/2025,09:23:37,48724.25,48714.3,30,48723.8,120,90,2367360
BANKNIFTY-I.NFO,22/01/2025,09:23:39,48724.25,48715.2,15,48720.3,120,0,2367360
BANKNIFTY-I.NFO,22/01/2025,09:23:40,48714.35,48701.2,30,48713.95,105,480,2367360
BANKNIFTY-I.NFO,22/01/2025,09:23:42,48714.55,48706.55,120,48718.9,15,15,2367360
BANKNIFTY-I.NFO,22/01/2025,09:23:44,48700.55,48700,180,48705.95,15,150,2367360
BANKNIFTY-I.NFO,22/01/2025,09:23:45,48702.2,48699.45,15,48704.8,60,210,2367360
BANKNIFTY-I.NFO,22/01/2025,09:23:47,48680,48682.1,15,48695.25,15,435,2367360
BANKNIFTY-I.NFO,22/01/2025,09:23:49,48695.95,48681.45,135,48699,30,105,2367360
BANKNIFTY-I.NFO,22/01/2025,09:23:50,48684.6,48684.6,15,48692.9,30,135,2367360
BANKNIFTY-I.NFO,22/01/2025,09:23:52,48684.6,48680.2,15,48692.25,30,195,2367360
BANKNIFTY-I.NFO,22/01/2025,09:23:54,48680.2,48680.2,30,48687,60,165,2367360
BANKNIFTY-I.NFO,22/01/2025,09:23:55,48670,48670,135,48675.9,135,315,2367360
BANKNIFTY-I.NFO,22/01/2025,09:23:57,48674.4,48670,165,48674.4,15,30,2367360
BANKNIFTY-I.NFO,22/01/2025,09:23:59,48668.35,48655,15,48665.95,30,465,2367360
BANKNIFTY-I.NFO,22/01/2025,09:24:00,48650,48649.75,15,48653,15,1020,2367360
BANKNIFTY-I.NFO,22/01/2025,09:24:00,48642.8,48649.75,15,48653,15,0,2367360
BANKNIFTY-I.NFO,22/01/2025,09:24:02,48667.7,48655.8,120,48667.8,30,495,2367360
BANKNIFTY-I.NFO,22/01/2025,09:24:04,48671.45,48660,900,48666.1,60,75,2367360
BANKNIFTY-I.NFO,22/01/2025,09:24:05,48660,48660,45,48665,60,1155,2367360
BANKNIFTY-I.NFO,22/01/2025,09:24:07,48660,48647.8,120,48660,15,105,2367360
BANKNIFTY-I.NFO,22/01/2025,09:24:09,48665,48654.7,120,48665,45,165,2367360
BANKNIFTY-I.NFO,22/01/2025,09:24:10,48660.7,48660.7,15,48674.4,120,135,2367360
BANKNIFTY-I.NFO,22/01/2025,09:24:12,48661.2,48665.2,15,48669.9,45,15,2367360
BANKNIFTY-I.NFO,22/01/2025,09:24:14,48665.15,48654.4,15,48666.85,120,345,2367360
BANKNIFTY-I.NFO,22/01/2025,09:24:16,48653.9,48657.45,15,48661.2,75,195,2367360
BANKNIFTY-I.NFO,22/01/2025,09:24:17,48661.2,48656.05,15,48664.95,30,300,2367360
BANKNIFTY-I.NFO,22/01/2025,09:24:19,48656.05,48652.5,15,48657.45,15,30,2367360
BANKNIFTY-I.NFO,22/01/2025,09:24:21,48650,48654.35,30,48664.9,30,210,2367360
BANKNIFTY-I.NFO,22/01/2025,09:24:22,48657.45,48652.3,75,48661.2,15,405,2367360
BANKNIFTY-I.NFO,22/01/2025,09:24:24,48656.35,48652.45,15,48660,15,60,2367360
BANKNIFTY-I.NFO,22/01/2025,09:24:26,48664.95,48655.2,15,48664.95,15,105,2367360
BANKNIFTY-I.NFO,22/01/2025,09:24:27,48659.75,48659.6,75,48669.9,45,90,2367360
BANKNIFTY-I.NFO,22/01/2025,09:24:29,48656.95,48661.95,75,48669.9,45,15,2367360
BANKNIFTY-I.NFO,22/01/2025,09:24:31,48679.9,48669.9,30,48683.1,120,270,2367360
BANKNIFTY-I.NFO,22/01/2025,09:24:32,48669.95,48669.95,60,48684.3,30,195,2367360
BANKNIFTY-I.NFO,22/01/2025,09:24:34,48670.25,48670.25,45,48683.1,45,30,2367360
BANKNIFTY-I.NFO,22/01/2025,09:24:36,48670.25,48670.25,15,48674.65,120,60,2367360
BANKNIFTY-I.NFO,22/01/2025,09:24:37,48670.25,48670.25,30,48674.55,30,30,2367360
BANKNIFTY-I.NFO,22/01/2025,09:24:39,48679.4,48670.25,60,48679.4,120,45,2367360
BANKNIFTY-I.NFO,22/01/2025,09:24:41,48683.1,48676.45,75,48689.95,15,30,2367360
BANKNIFTY-I.NFO,22/01/2025,09:24:42,48695,48688.75,60,48698.8,30,45,2367360
BANKNIFTY-I.NFO,22/01/2025,09:24:44,48706.15,48706.25,30,48721.25,15,1800,2367360
BANKNIFTY-I.NFO,22/01/2025,09:24:46,48710.25,48710.25,120,48723,45,330,2367360
BANKNIFTY-I.NFO,22/01/2025,09:24:47,48715.15,48718.8,15,48730.2,120,30,2367360
BANKNIFTY-I.NFO,22/01/2025,09:24:49,48700.85,48701.05,60,48712.8,45,375,2367360
BANKNIFTY-I.NFO,22/01/2025,09:24:51,48717.95,48710.25,15,48711,150,120,2367360
BANKNIFTY-I.NFO,22/01/2025,09:24:52,48719.65,48718.9,15,48724.35,15,285,2371185
BANKNIFTY-I.NFO,22/01/2025,09:24:54,48720.35,48718.9,15,48720.4,30,45,2371185
BANKNIFTY-I.NFO,22/01/2025,09:24:56,48718.9,48714.3,120,48727,60,105,2371185
BANKNIFTY-I.NFO,22/01/2025,09:24:57,48714.9,48714.75,135,48720.35,30,120,2371185
BANKNIFTY-I.NFO,22/01/2025,09:24:59,48720.35,48714.75,30,48725.9,105,30,2371185
BANKNIFTY-I.NFO,22/01/2025,09:25:01,48715,48714.75,30,48724.95,120,1050,2371185
BANKNIFTY-I.NFO,22/01/2025,09:25:02,48720,48715.1,15,48722.75,120,30,2371185
BANKNIFTY-I.NFO,22/01/2025,09:25:04,48704.95,48701.45,15,48714.45,45,165,2371185
BANKNIFTY-I.NFO,22/01/2025,09:25:05,48704.35,48709.25,75,48719.95,15,30,2371185
BANKNIFTY-I.NFO,22/01/2025,09:25:07,48704.35,48703.1,30,48714.55,15,0,2371185
BANKNIFTY-I.NFO,22/01/2025,09:25:09,48707.35,48708.25,30,48719.6,15,75,2371185
BANKNIFTY-I.NFO,22/01/2025,09:25:10,48714.55,48714.35,30,48724.85,15,30,2371185
BANKNIFTY-I.NFO,22/01/2025,09:25:12,48725,48716.8,45,48726,30,45,2371185
BANKNIFTY-I.NFO,22/01/2025,09:25:14,48725.95,48720,30,48726,30,15,2371185
BANKNIFTY-I.NFO,22/01/2025,09:25:15,48710.1,48711.65,45,48726.6,45,240,2371185
BANKNIFTY-I.NFO,22/01/2025,09:25:17,48726.6,48710.65,15,48725.15,15,90,2371185
BANKNIFTY-I.NFO,22/01/2025,09:25:19,48707.4,48710.55,105,48719.95,15,15,2371185
BANKNIFTY-I.NFO,22/01/2025,09:25:20,48719.95,48707.4,60,48720,30,30,2371185
BANKNIFTY-I.NFO,22/01/2025,09:25:22,48720,48717.5,30,48730,390,30,2371185
BANKNIFTY-I.NFO,22/01/2025,09:25:24,48720,48723.6,30,48730,375,90,2371185
BANKNIFTY-I.NFO,22/01/2025,09:25:25,48733.95,48732.4,75,48744.4,45,735,2371185
BANKNIFTY-I.NFO,22/01/2025,09:25:27,48732.4,48730.9,15,48740,15,60,2371185
BANKNIFTY-I.NFO,22/01/2025,09:25:29,48732.4,48731.05,30,48740,15,0,2371185
BANKNIFTY-I.NFO,22/01/2025,09:25:30,48740,48725.2,15,48738.75,45,435,2371185
BANKNIFTY-I.NFO,22/01/2025,09:25:32,48725.3,48725.2,30,48730,435,90,2371185
BANKNIFTY-I.NFO,22/01/2025,09:25:34,48730,48732.4,15,48743.2,120,435,2371185
BANKNIFTY-I.NFO,22/01/2025,09:25:35,48732.4,48732.4,45,48739,120,15,2371185
BANKNIFTY-I.NFO,22/01/2025,09:25:37,48732.4,48732.4,45,48739.95,120,75,2371185
BANKNIFTY-I.NFO,22/01/2025,09:25:39,48732.4,48732.4,45,48740,15,0,2371185
BANKNIFTY-I.NFO,22/01/2025,09:25:40,48732.4,48725.3,90,48730.8,120,285,2371185
BANKNIFTY-I.NFO,22/01/2025,09:25:42,48724.25,48720,15,48724.3,30,135,2371185
BANKNIFTY-I.NFO,22/01/2025,09:25:44,48724.7,48720,15,48728.65,120,90,2371185
BANKNIFTY-I.NFO,22/01/2025,09:25:45,48717.2,48708,105,48717.2,120,75,2371185
BANKNIFTY-I.NFO,22/01/2025,09:25:47,48719.5,48708,105,48719.95,90,60,2371185
BANKNIFTY-I.NFO,22/01/2025,09:25:49,48719.5,48712.05,60,48720,15,0,2371185
BANKNIFTY-I.NFO,22/01/2025,09:25:50,48722.95,48712.1,30,48722.95,45,105,2371185
BANKNIFTY-I.NFO,22/01/2025,09:25:52,48722.95,48713.35,30,48717.2,30,0,2371185
BANKNIFTY-I.NFO,22/01/2025,09:25:54,48722.95,48713.35,90,48723,105,45,2371185
BANKNIFTY-I.NFO,22/01/2025,09:25:55,48722.95,48713.35,135,48720,30,0,2371185
BANKNIFTY-I.NFO,22/01/2025,09:25:57,48715.2,48713.6,15,48720,30,45,2371185
BANKNIFTY-I.NFO,22/01/2025,09:25:59,48720,48715.2,15,48722.95,15,45,2371185
BANKNIFTY-I.NFO,22/01/2025,09:26:00,48715.2,48712.05,60,48719.8,45,210,2371185
BANKNIFTY-I.NFO,22/01/2025,09:26:02,48708,48704.35,15,48713.8,30,195,2371185
BANKNIFTY-I.NFO,22/01/2025,09:26:04,48701,48701,45,48705.1,75,60,2371185
BANKNIFTY-I.NFO,22/01/2025,09:26:05,48688.8,48685.75,30,48696.4,75,180,2371185
BANKNIFTY-I.NFO,22/01/2025,09:26:07,48675.55,48675.55,75,48685,30,210,2371185
BANKNIFTY-I.NFO,22/01/2025,09:26:09,48678.9,48678.9,15,48693.05,120,150,2371185
BANKNIFTY-I.NFO,22/01/2025,09:26:10,48693.25,48682.55,75,48695.7,120,30,2371185
BANKNIFTY-I.NFO,22/01/2025,09:26:12,48682.6,48682.55,195,48694.95,120,30,2371185
BANKNIFTY-I.NFO,22/01/2025,09:26:14,48688.25,48688.25,30,48703.55,120,30,2371185
BANKNIFTY-I.NFO,22/01/2025,09:26:15,48675.05,48675.05,30,48683.55,30,480,2371185
BANKNIFTY-I.NFO,22/01/2025,09:26:17,48685,48682.9,45,48695.45,30,60,2371185
BANKNIFTY-I.NFO,22/01/2025,09:26:19,48682.9,48688.8,45,48699.95,45,45,2371185
BANKNIFTY-I.NFO,22/01/2025,09:26:20,48700,48692.3,15,48705,45,15,2371185
BANKNIFTY-I.NFO,22/01/2025,09:26:22,48706.8,48693.6,45,48706.8,45,15,2371185
BANKNIFTY-I.NFO,22/01/2025,09:26:24,48706.8,48700,15,48710.45,45,0,2371185
BANKNIFTY-I.NFO,22/01/2025,09:26:25,48701.4,48700.2,15,48712.2,45,75,2371185
BANKNIFTY-I.NFO,22/01/2025,09:26:27,48700.2,48700.35,15,48712.2,45,15,2371185
BANKNIFTY-I.NFO,22/01/2025,09:26:29,48700.2,48702.9,15,48714.3,45,0,2371185
BANKNIFTY-I.NFO,22/01/2025,09:26:30,48700.2,48702.9,135,48710.6,30,0,2371185
BANKNIFTY-I.NFO,22/01/2025,09:26:32,48702.05,48700.2,15,48702.8,120,255,2371185
BANKNIFTY-I.NFO,22/01/2025,09:26:34,48700.2,48685.75,90,48699.9,120,120,2371185
BANKNIFTY-I.NFO,22/01/2025,09:26:35,48685.8,48682,15,48690.5,120,15,2371185
BANKNIFTY-I.NFO,22/01/2025,09:26:37,48686,48676.1,105,48690.8,45,60,2371185
BANKNIFTY-I.NFO,22/01/2025,09:26:39,48690.8,48680.15,150,48692.95,45,15,2371185
BANKNIFTY-I.NFO,22/01/2025,09:26:40,48683.05,48682.6,120,48698.05,105,300,2371185
BANKNIFTY-I.NFO,22/01/2025,09:26:42,48686.35,48686.15,165,48700,1380,45,2371185
BANKNIFTY-I.NFO,22/01/2025,09:26:44,48686.15,48689.7,90,48700,1410,15,2371185
BANKNIFTY-I.NFO,22/01/2025,09:26:45,48686.15,48689.7,135,48700,1410,0,2371185
BANKNIFTY-I.NFO,22/01/2025,09:26:47,48700,48694.7,525,48700,1320,90,2371185
BANKNIFTY-I.NFO,22/01/2025,09:26:49,48700,48700.3,45,48707,30,1680,2371185
BANKNIFTY-I.NFO,22/01/2025,09:26:50,48707,48705.8,15,48715.2,90,45,2371185
BANKNIFTY-I.NFO,22/01/2025,09:26:52,48715.2,48705.8,210,48715.15,120,75,2371185
BANKNIFTY-I.NFO,22/01/2025,09:26:54,48705.25,48691.65,30,48706.15,120,330,2371185
BANKNIFTY-I.NFO,22/01/2025,09:26:55,48705.25,48695.2,15,48707.75,15,0,2371185
BANKNIFTY-I.NFO,22/01/2025,09:26:57,48695.2,48690,15,48702.25,135,15,2371185
BANKNIFTY-I.NFO,22/01/2025,09:26:59,48690,48690,30,48692.5,15,15,2371185
BANKNIFTY-I.NFO,22/01/2025,09:27:00,48695.8,48690,15,48695.8,120,75,2371185
BANKNIFTY-I.NFO,22/01/2025,09:27:02,48697.5,48686.2,60,48697.4,45,60,2371185
BANKNIFTY-I.NFO,22/01/2025,09:27:04,48693.05,48686.2,60,48693.3,60,165,2371185
BANKNIFTY-I.NFO,22/01/2025,09:27:05,48693.05,48697.1,15,48699.9,30,0,2371185
BANKNIFTY-I.NFO,22/01/2025,09:27:07,48693.45,48686.15,15,48693.6,195,150,2371185
BANKNIFTY-I.NFO,22/01/2025,09:27:09,48693.45,48686.15,45,48693.6,195,0,2371185
BANKNIFTY-I.NFO,22/01/2025,09:27:10,48693.6,48687.1,30,48693.6,180,45,2371185
BANKNIFTY-I.NFO,22/01/2025,09:27:12,48701.4,48703.25,15,48710.6,15,495,2371185
BANKNIFTY-I.NFO,22/01/2025,09:27:14,48714.95,48704.05,30,48713.3,15,15,2371185
BANKNIFTY-I.NFO,22/01/2025,09:27:15,48714.95,48704.05,30,48714.6,15,0,2371185
BANKNIFTY-I.NFO,22/01/2025,09:27:17,48707,48711.05,30,48715,15,75,2371185
BANKNIFTY-I.NFO,22/01/2025,09:27:19,48711.05,48710.2,15,48713.6,15,60,2371185
BANKNIFTY-I.NFO,22/01/2025,09:27:20,48710.2,48702.55,105,48712.25,15,45,2371185
BANKNIFTY-I.NFO,22/01/2025,09:27:22,48705.2,48700,15,48710.8,15,15,2371185
BANKNIFTY-I.NFO,22/01/2025,09:27:24,48700,48695,15,48706.45,15,15,2371185
BANKNIFTY-I.NFO,22/01/2025,09:27:25,48697.35,48697.55,60,48706.8,15,15,2371185
BANKNIFTY-I.NFO,22/01/2025,09:27:27,48697.55,48695.05,60,48706.35,15,60,2371185
BANKNIFTY-I.NFO,22/01/2025,09:27:29,48705.7,48695.2,15,48704.7,135,30,2371185
BANKNIFTY-I.NFO,22/01/2025,09:27:30,48704.6,48695.2,105,48703.35,120,30,2371185
BANKNIFTY-I.NFO,22/01/2025,09:27:32,48704.6,48695.2,105,48698.7,15,0,2371185
BANKNIFTY-I.NFO,22/01/2025,09:27:34,48695.2,48695.2,45,48699.4,15,90,2371185
BANKNIFTY-I.NFO,22/01/2025,09:27:35,48695.2,48695.2,45,48699.05,15,0,2371185
BANKNIFTY-I.NFO,22/01/2025,09:27:37,48698.65,48695.2,45,48700,300,15,2371185
BANKNIFTY-I.NFO,22/01/2025,09:27:39,48698.65,48695.25,15,48700,300,0,2371185
BANKNIFTY-I.NFO,22/01/2025,09:27:40,48700,48695.25,30,48700,240,75,2371185
BANKNIFTY-I.NFO,22/01/2025,09:27:42,48700,48697.55,30,48699.6,45,30,2371185
BANKNIFTY-I.NFO,22/01/2025,09:27:44,48697.55,48697.6,75,48700,240,75,2371185
BANKNIFTY-I.NFO,22/01/2025,09:27:45,48709.8,48700,300,48710.3,15,270,2371185
BANKNIFTY-I.NFO,22/01/2025,09:27:47,48710.1,48700.2,15,48708,15,15,2371185
BANKNIFTY-I.NFO,22/01/2025,09:27:49,48700.2,48700.2,75,48707.3,15,15,2371185
BANKNIFTY-I.NFO,22/01/2025,09:27:50,48700.2,48700.25,15,48710,15,30,2371185
BANKNIFTY-I.NFO,22/01/2025,09:27:52,48700.2,48700.25,60,48709.85,15,0,2371185
BANKNIFTY-I.NFO,22/01/2025,09:27:54,48700.3,48700.25,30,48708.65,15,30,2373915
BANKNIFTY-I.NFO,22/01/2025,09:27:55,48712.95,48707.4,30,48714.4,120,45,2373915
BANKNIFTY-I.NFO,22/01/2025,09:27:57,48708.65,48708.65,15,48710.95,15,30,2373915
BANKNIFTY-I.NFO,22/01/2025,09:27:59,48714.35,48710.45,15,48714.95,45,45,2373915
BANKNIFTY-I.NFO,22/01/2025,09:28:00,48714.35,48710.45,60,48713.25,15,0,2373915
BANKNIFTY-I.NFO,22/01/2025,09:28:02,48713.25,48710.55,45,48713.85,15,15,2373915
BANKNIFTY-I.NFO,22/01/2025,09:28:04,48715.2,48715.75,45,48719.6,15,210,2373915
BANKNIFTY-I.NFO,22/01/2025,09:28:05,48715.75,48715.85,30,48717.3,15,45,2373915
BANKNIFTY-I.NFO,22/01/2025,09:28:07,48714.15,48701.85,15,48713.35,45,150,2373915
BANKNIFTY-I.NFO,22/01/2025,09:28:09,48714.15,48700.05,15,48710.3,45,0,2373915
BANKNIFTY-I.NFO,22/01/2025,09:28:10,48714.15,48706.7,15,48714.55,15,0,2373915
BANKNIFTY-I.NFO,22/01/2025,09:28:12,48705.2,48700,450,48709.1,45,60,2373915
BANKNIFTY-I.NFO,22/01/2025,09:28:14,48700,48700.2,30,48704.4,15,150,2373915
BANKNIFTY-I.NFO,22/01/2025,09:28:15,48706.7,48705.85,15,48709.8,15,30,2373915
BANKNIFTY-I.NFO,22/01/2025,09:28:17,48711.5,48706.15,90,48713.1,15,15,2373915
BANKNIFTY-I.NFO,22/01/2025,09:28:19,48712.85,48706.65,60,48717.55,15,15,2373915
BANKNIFTY-I.NFO,22/01/2025,09:28:20,48712.85,48707.25,90,48715.65,15,0,2373915
BANKNIFTY-I.NFO,22/01/2025,09:28:22,48712.85,48710.7,75,48714.45,15,0,2373915
BANKNIFTY-I.NFO,22/01/2025,09:28:24,48712.85,48710.75,75,48714.45,15,75,2373915
BANKNIFTY-I.NFO,22/01/2025,09:28:25,48715.2,48710.85,45,48720,15,60,2373915
BANKNIFTY-I.NFO,22/01/2025,09:28:27,48720,48711.15,45,48720,60,135,2373915
BANKNIFTY-I.NFO,22/01/2025,09:28:29,48720,48715.05,45,48720,15,45,2373915
BANKNIFTY-I.NFO,22/01/2025,09:28:30,48715.35,48716.6,15,48723,60,45,2373915
BANKNIFTY-I.NFO,22/01/2025,09:28:32,48712.75,48713.15,30,48723,60,225,2373915
BANKNIFTY-I.NFO,22/01/2025,09:28:34,48723,48709,15,48722.95,45,465,2373915
BANKNIFTY-I.NFO,22/01/2025,09:28:35,48700.8,48700,600,48713.25,15,480,2373915
BANKNIFTY-I.NFO,22/01/2025,09:28:37,48700,48702.35,15,48713.15,15,15,2373915
BANKNIFTY-I.NFO,22/01/2025,09:28:39,48700,48700,375,48713.25,15,255,2373915
BANKNIFTY-I.NFO,22/01/2025,09:28:40,48695,48695,60,48705.65,30,615,2373915
BANKNIFTY-I.NFO,22/01/2025,09:28:42,48703.75,48691.15,15,48704.15,60,225,2373915
BANKNIFTY-I.NFO,22/01/2025,09:28:44,48697,48696.4,15,48707.65,45,450,2373915
BANKNIFTY-I.NFO,22/01/2025,09:28:46,48693.7,48700.2,15,48709,15,15,2373915
BANKNIFTY-I.NFO,22/01/2025,09:28:47,48709,48706.65,180,48713.25,15,15,2373915
BANKNIFTY-I.NFO,22/01/2025,09:28:49,48715,48706.7,30,48719.05,165,330,2373915
BANKNIFTY-I.NFO,22/01/2025,09:28:50,48715,48709.3,30,48720,15,0,2373915
BANKNIFTY-I.NFO,22/01/2025,09:28:52,48708.9,48715.2,15,48722.4,45,90,2373915
BANKNIFTY-I.NFO,22/01/2025,09:28:54,48708.9,48715.2,60,48723,45,0,2373915
BANKNIFTY-I.NFO,22/01/2025,09:28:55,48725,48723.95,30,48728.55,15,240,2373915
BANKNIFTY-I.NFO,22/01/2025,09:28:57,48729.75,48723.95,105,48729.5,15,45,2373915
BANKNIFTY-I.NFO,22/01/2025,09:28:59,48729.95,48723.95,105,48729.55,15,60,2373915
BANKNIFTY-I.NFO,22/01/2025,09:29:00,48730.5,48729.65,15,48739.7,45,75,2373915
BANKNIFTY-I.NFO,22/01/2025,09:29:02,48739.75,48735,45,48737.9,15,30,2373915
BANKNIFTY-I.NFO,22/01/2025,09:29:04,48733.35,48720.8,30,48734.25,15,1125,2373915
BANKNIFTY-I.NFO,22/01/2025,09:29:05,48720.8,48714.65,30,48730.5,120,30,2373915
BANKNIFTY-I.NFO,22/01/2025,09:29:07,48715.6,48711.7,15,48726.75,120,30,2373915
BANKNIFTY-I.NFO,22/01/2025,09:29:09,48720.9,48711.7,45,48720.9,120,60,2373915
BANKNIFTY-I.NFO,22/01/2025,09:29:10,48711.7,48711.7,30,48720.85,120,30,2373915
BANKNIFTY-I.NFO,22/01/2025,09:29:12,48711.7,48712.95,105,48722.3,30,0,2373915
BANKNIFTY-I.NFO,22/01/2025,09:29:14,48725.2,48718.2,30,48730,15,30,2373915
BANKNIFTY-I.NFO,22/01/2025,09:29:15,48725.2,48723.5,30,48730,30,0,2373915
BANKNIFTY-I.NFO,22/01/2025,09:29:17,48730,48723.5,45,48730,15,30,2373915
BANKNIFTY-I.NFO,22/01/2025,09:29:19,48720.9,48723.5,60,48729.7,15,90,2373915
BANKNIFTY-I.NFO,22/01/2025,09:29:20,48734.25,48728.7,15,48739.6,15,120,2373915
BANKNIFTY-I.NFO,22/01/2025,09:29:22,48733.05,48731.25,45,48739.6,15,105,2373915
BANKNIFTY-I.NFO,22/01/2025,09:29:24,48739.75,48731.25,75,48740,105,60,2373915
BANKNIFTY-I.NFO,22/01/2025,09:29:25,48740,48734.6,75,48743.55,15,135,2373915
BANKNIFTY-I.NFO,22/01/2025,09:29:27,48743.55,48736.65,15,48746.15,30,45,2373915
BANKNIFTY-I.NFO,22/01/2025,09:29:29,48736.65,48740,15,48745.8,120,30,2373915
BANKNIFTY-I.NFO,22/01/2025,09:29:30,48749,48744.25,15,48749.9,15,165,2373915
BANKNIFTY-I.NFO,22/01/2025,09:29:32,48745.8,48744.25,105,48749.95,30,45,2373915
BANKNIFTY-I.NFO,22/01/2025,09:29:34,48744.25,48744.25,30,48749.15,120,105,2373915
BANKNIFTY-I.NFO,22/01/2025,09:29:35,48744.25,48744.25,30,48749.95,30,45,2373915
BANKNIFTY-I.NFO,22/01/2025,09:29:37,48744.25,48744.25,15,48749.55,15,45,2373915
BANKNIFTY-I.NFO,22/01/2025,09:29:39,48741,48741,60,48749.5,120,75,2373915
BANKNIFTY-I.NFO,22/01/2025,09:29:40,48726.2,48726.2,15,48734.75,120,150,2373915
BANKNIFTY-I.NFO,22/01/2025,09:29:42,48726.2,48722.85,60,48734.8,30,45,2373915
BANKNIFTY-I.NFO,22/01/2025,09:29:44,48726.15,48728.55,75,48745.45,120,15,2373915
BANKNIFTY-I.NFO,22/01/2025,09:29:45,48729.25,48728.55,15,48743.1,135,30,2373915
BANKNIFTY-I.NFO,22/01/2025,09:29:47,48729.25,48728.55,15,48739.95,120,0,2373915
BANKNIFTY-I.NFO,22/01/2025,09:29:49,48736.45,48722.8,15,48736.85,120,60,2373915
BANKNIFTY-I.NFO,22/01/2025,09:29:50,48729.3,48729.25,60,48740,15,15,2373915
BANKNIFTY-I.NFO,22/01/2025,09:29:52,48729.3,48729.25,60,48739.95,120,0,2373915
BANKNIFTY-I.NFO,22/01/2025,09:29:54,48729.3,48733,105,48740,15,0,2373915
BANKNIFTY-I.NFO,22/01/2025,09:29:55,48747.35,48733.05,120,48747.35,120,45,2373915
BANKNIFTY-I.NFO,22/01/2025,09:29:57,48735.5,48736.05,120,48749,120,150,2373915
BANKNIFTY-I.NFO,22/01/2025,09:29:59,48737.75,48738.65,105,48749,120,45,2373915
BANKNIFTY-I.NFO,22/01/2025,09:30:00,48737.75,48740,15,48749,135,0,2373915
BANKNIFTY-I.NFO,22/01/2025,09:30:02,48748.9,48740.15,120,48748.95,30,75,2373915
BANKNIFTY-I.NFO,22/01/2025,09:30:04,48755,48749.05,195,48755,15,420,2373915
BANKNIFTY-I.NFO,22/01/2025,09:30:05,48760,48750.8,120,48760,45,240,2373915
BANKNIFTY-I.NFO,22/01/2025,09:30:07,48760,48753.05,120,48767.15,30,180,2373915
BANKNIFTY-I.NFO,22/01/2025,09:30:09,48763,48753.3,30,48762.95,60,165,2373915
BANKNIFTY-I.NFO,22/01/2025,09:30:10,48761.45,48753.4,30,48761.35,30,105,2373915
BANKNIFTY-I.NFO,22/01/2025,09:30:12,48760,48753.45,30,48762.95,30,510,2373915
BANKNIFTY-I.NFO,22/01/2025,09:30:14,48753.4,48753.45,30,48760.75,15,90,2373915
BANKNIFTY-I.NFO,22/01/2025,09:30:15,48760,48753.45,15,48760.25,75,150,2373915
BANKNIFTY-I.NFO,22/01/2025,09:30:17,48749,48749,240,48753.45,225,90,2373915
BANKNIFTY-I.NFO,22/01/2025,09:30:19,48749,48750,15,48762.1,120,8730,2373915
BANKNIFTY-I.NFO,22/01/2025,09:30:20,48752.1,48752.15,15,48761.85,15,1920,2373915
BANKNIFTY-I.NFO,22/01/2025,09:30:22,48762.05,48753.7,15,48761.8,75,45,2373915
BANKNIFTY-I.NFO,22/01/2025,09:30:24,48762.05,48753.7,15,48760.8,15,0,2373915
BANKNIFTY-I.NFO,22/01/2025,09:30:25,48762.05,48753.7,45,48761.8,150,0,2373915
BANKNIFTY-I.NFO,22/01/2025,09:30:27,48760.8,48753.7,45,48760.8,60,15,2373915
BANKNIFTY-I.NFO,22/01/2025,09:30:29,48753.7,48750,15,48758.35,15,75,2373915
BANKNIFTY-I.NFO,22/01/2025,09:30:30,48750,48738.45,15,48753.3,45,30,2373915
BANKNIFTY-I.NFO,22/01/2025,09:30:32,48750,48738.45,15,48746.35,15,0,2373915
BANKNIFTY-I.NFO,22/01/2025,09:30:34,48746.35,48738.45,15,48748,30,15,2373915
BANKNIFTY-I.NFO,22/01/2025,09:30:35,48748,48748,15,48754.6,15,30,2373915
BANKNIFTY-I.NFO,22/01/2025,09:30:37,48748,48745.75,120,48759.65,15,30,2373915
BANKNIFTY-I.NFO,22/01/2025,09:30:39,48760,48750,30,48758.05,15,30,2373915
BANKNIFTY-I.NFO,22/01/2025,09:30:40,48750,48750.05,15,48757.55,15,15,2373915
BANKNIFTY-I.NFO,22/01/2025,09:30:42,48750,48750.35,30,48757.55,75,0,2373915
BANKNIFTY-I.NFO,22/01/2025,09:30:44,48756.2,48756.2,120,48760,15,300,2373915
BANKNIFTY-I.NFO,22/01/2025,09:30:45,48760,48756.2,15,48760.8,15,15,2373915
BANKNIFTY-I.NFO,22/01/2025,09:30:47,48761.8,48756.3,15,48761.8,30,90,2373915
BANKNIFTY-I.NFO,22/01/2025,09:30:49,48761.8,48756.3,15,48761.8,15,30,2373915
BANKNIFTY-I.NFO,22/01/2025,09:30:50,48762.05,48750,15,48762.15,150,120,2373915
BANKNIFTY-I.NFO,22/01/2025,09:30:52,48762.05,48750,15,48756.3,15,0,2373915
BANKNIFTY-I.NFO,22/01/2025,09:30:54,48779.7,48770,15,48778.05,30,1875,2378460
BANKNIFTY-I.NFO,22/01/2025,09:30:56,48763.75,48761.55,150,48770,150,90,2378460
BANKNIFTY-I.NFO,22/01/2025,09:30:57,48768.45,48768.15,15,48780.4,15,495,2378460
BANKNIFTY-I.NFO,22/01/2025,09:30:59,48783.45,48769.1,120,48782.9,15,225,2378460
BANKNIFTY-I.NFO,22/01/2025,09:31:01,48782.1,48773.65,15,48784.9,900,60,2378460
BANKNIFTY-I.NFO,22/01/2025,09:31:02,48773.65,48770,30,48780,15,105,2378460
BANKNIFTY-I.NFO,22/01/2025,09:31:04,48780,48770.9,15,48783.7,15,75,2378460
BANKNIFTY-I.NFO,22/01/2025,09:31:06,48779.95,48770.95,30,48776.5,15,75,2378460
BANKNIFTY-I.NFO,22/01/2025,09:31:07,48776.95,48771,30,48778.75,15,60,2378460
BANKNIFTY-I.NFO,22/01/2025,09:31:09,48775,48771.1,45,48778.75,900,30,2378460
BANKNIFTY-I.NFO,22/01/2025,09:31:11,48771.15,48771.1,15,48778.95,15,105,2378460
BANKNIFTY-I.NFO,22/01/2025,09:31:12,48757.55,48762.25,120,48776.35,15,540,2378460
BANKNIFTY-I.NFO,22/01/2025,09:31:14,48769.4,48769.65,15,48779,870,60,2378460
BANKNIFTY-I.NFO,22/01/2025,09:31:16,48760.75,48762.7,15,48770,30,75,2378460
BANKNIFTY-I.NFO,22/01/2025,09:31:17,48762.75,48756.7,15,48769.35,120,30,2378460
BANKNIFTY-I.NFO,22/01/2025,09:31:19,48757.5,48756.9,15,48769.4,15,915,2378460
BANKNIFTY-I.NFO,22/01/2025,09:31:21,48766.7,48750,45,48759.15,105,45,2378460
BANKNIFTY-I.NFO,22/01/2025,09:31:22,48750.05,48738.05,15,48750.15,60,120,2378460
BANKNIFTY-I.NFO,22/01/2025,09:31:24,48750,48740.15,15,48754.65,60,15,2378460
BANKNIFTY-I.NFO,22/01/2025,09:31:26,48738,48735.1,30,48742.95,105,60,2378460
BANKNIFTY-I.NFO,22/01/2025,09:31:27,48738,48735.1,30,48746.6,60,0,2378460
BANKNIFTY-I.NFO,22/01/2025,09:31:29,48735.1,48735.15,150,48746.6,870,60,2378460
BANKNIFTY-I.NFO,22/01/2025,09:31:31,48735.1,48735.3,15,48738,15,0,2378460
BANKNIFTY-I.NFO,22/01/2025,09:31:32,48744.4,48735.3,60,48744.4,15,60,2378460
BANKNIFTY-I.NFO,22/01/2025,09:31:34,48744.4,48736.15,15,48738,15,0,2378460
BANKNIFTY-I.NFO,22/01/2025,09:31:36,48736.15,48736.2,75,48745.75,45,30,2378460
BANKNIFTY-I.NFO,22/01/2025,09:31:37,48736.15,48739.8,135,48745.75,870,90,2378460
BANKNIFTY-I.NFO,22/01/2025,09:31:39,48745,48745,270,48750,900,45,2378460
BANKNIFTY-I.NFO,22/01/2025,09:31:41,48745,48745.75,15,48750,900,30,2378460
BANKNIFTY-I.NFO,22/01/2025,09:31:42,48745.75,48745.75,30,48748,30,90,2378460
BANKNIFTY-I.NFO,22/01/2025,09:31:44,48748,48745.75,30,48750,915,90,2378460
BANKNIFTY-I.NFO,22/01/2025,09:31:46,48745.75,48747.55,15,48750,915,45,2378460
BANKNIFTY-I.NFO,22/01/2025,09:31:47,48750.05,48749,120,48760,30,945,2378460
BANKNIFTY-I.NFO,22/01/2025,09:31:49,48760,48752.9,120,48760,15,15,2378460
BANKNIFTY-I.NFO,22/01/2025,09:31:51,48760,48759.7,120,48764,15,15,2378460
BANKNIFTY-I.NFO,22/01/2025,09:31:52,48760.35,48760,60,48770,165,45,2378460
BANKNIFTY-I.NFO,22/01/2025,09:31:54,48760,48760,150,48760.35,15,15,2378460
BANKNIFTY-I.NFO,22/01/2025,09:31:56,48771.6,48760.05,150,48768.85,60,360,2378460
BANKNIFTY-I.NFO,22/01/2025,09:31:57,48760.1,48750,240,48762.05,45,315,2378460
BANKNIFTY-I.NFO,22/01/2025,09:31:59,48754.65,48750,240,48755.65,180,60,2378460
BANKNIFTY-I.NFO,22/01/2025,09:32:01,48749.65,48744,15,48750,15,270,2378460
BANKNIFTY-I.NFO,22/01/2025,09:32:02,48749.65,48744.65,120,48750,15,0,2378460
BANKNIFTY-I.NFO,22/01/2025,09:32:04,48750,48744,15,48749.9,120,15,2378460
BANKNIFTY-I.NFO,22/01/2025,09:32:06,48760.4,48746.05,165,48762.75,15,285,2378460
BANKNIFTY-I.NFO,22/01/2025,09:32:07,48749.4,48747.55,120,48760.4,15,150,2378460
BANKNIFTY-I.NFO,22/01/2025,09:32:09,48749.4,48750,15,48756.95,120,0,2378460
BANKNIFTY-I.NFO,22/01/2025,09:32:11,48748.9,48740,30,48750.35,45,120,2378460
BANKNIFTY-I.NFO,22/01/2025,09:32:12,48748.9,48740,30,48752.2,15,0,2378460
BANKNIFTY-I.NFO,22/01/2025,09:32:14,48748.9,48742.2,120,48756.2,15,0,2378460
BANKNIFTY-I.NFO,22/01/2025,09:32:16,48740,48736.7,30,48746.7,60,30,2378460
BANKNIFTY-I.NFO,22/01/2025,09:32:17,48735,48733.15,120,48738.5,15,60,2378460
BANKNIFTY-I.NFO,22/01/2025,09:32:19,48748.95,48733.15,30,48745.35,90,90,2378460
BANKNIFTY-I.NFO,22/01/2025,09:32:21,48733.25,48733.2,30,48743.55,120,60,2378460
BANKNIFTY-I.NFO,22/01/2025,09:32:22,48743.55,48734.3,90,48747.85,30,75,2378460
BANKNIFTY-I.NFO,22/01/2025,09:32:24,48743.55,48734.35,90,48747.95,120,0,2378460
BANKNIFTY-I.NFO,22/01/2025,09:32:25,48745.75,48735.3,90,48750,30,15,2378460
BANKNIFTY-I.NFO,22/01/2025,09:32:27,48745.75,48740,15,48750,30,0,2378460
BANKNIFTY-I.NFO,22/01/2025,09:32:29,48740,48740,150,48749.95,120,15,2378460
BANKNIFTY-I.NFO,22/01/2025,09:32:30,48740,48740,150,48749.65,120,0,2378460
BANKNIFTY-I.NFO,22/01/2025,09:32:32,48748,48740,195,48749.65,120,15,2378460
BANKNIFTY-I.NFO,22/01/2025,09:32:34,48748,48740,195,48747.5,120,0,2378460
BANKNIFTY-I.NFO,22/01/2025,09:32:35,48748,48740.2,90,48744.1,30,0,2378460
BANKNIFTY-I.NFO,22/01/2025,09:32:37,48745.3,48740.4,120,48744.15,120,15,2378460
BANKNIFTY-I.NFO,22/01/2025,09:32:39,48735,48733.25,15,48734,60,300,2378460
BANKNIFTY-I.NFO,22/01/2025,09:32:40,48739.55,48733.3,15,48739.1,90,90,2378460
BANKNIFTY-I.NFO,22/01/2025,09:32:42,48739.55,48733.35,15,48740.2,210,0,2378460
BANKNIFTY-I.NFO,22/01/2025,09:32:44,48743.4,48735,15,48742.75,15,300,2378460
BANKNIFTY-I.NFO,22/01/2025,09:32:45,48743.4,48736,120,48747.2,15,0,2378460
BANKNIFTY-I.NFO,22/01/2025,09:32:47,48742.3,48736,15,48742.15,45,75,2378460
BANKNIFTY-I.NFO,22/01/2025,09:32:49,48736.05,48733.25,15,48737.4,15,90,2378460
BANKNIFTY-I.NFO,22/01/2025,09:32:50,48733.25,48729.3,15,48735.45,15,60,2378460
BANKNIFTY-I.NFO,22/01/2025,09:32:52,48733.25,48729.3,15,48735.4,15,0,2378460
BANKNIFTY-I.NFO,22/01/2025,09:32:53,48729.25,48729.25,15,48737,15,90,2378460
BANKNIFTY-I.NFO,22/01/2025,09:32:55,48735.15,48728,15,48732.7,30,30,2378460
BANKNIFTY-I.NFO,22/01/2025,09:32:57,48725,48720.9,15,48727.45,45,45,2378460
BANKNIFTY-I.NFO,22/01/2025,09:32:58,48720,48720,15,48725.9,30,45,2378460
BANKNIFTY-I.NFO,22/01/2025,09:33:00,48720,48720,45,48731.1,15,0,2378460
BANKNIFTY-I.NFO,22/01/2025,09:33:02,48720,48724.15,120,48736.4,15,30,2378460
BANKNIFTY-I.NFO,22/01/2025,09:33:03,48726.35,48724.15,30,48736.75,15,15,2378460
BANKNIFTY-I.NFO,22/01/2025,09:33:05,48724.2,48727.1,120,48739.5,15,75,2378460
BANKNIFTY-I.NFO,22/01/2025,09:33:07,48729.55,48730.75,120,48734,15,45,2378460
BANKNIFTY-I.NFO,22/01/2025,09:33:08,48749.3,48734.4,150,48748.45,15,315,2378460
BANKNIFTY-I.NFO,22/01/2025,09:33:10,48749.3,48734.5,15,48745.35,15,0,2378460
BANKNIFTY-I.NFO,22/01/2025,09:33:12,48749.3,48734.5,15,48741.95,45,0,2378460
BANKNIFTY-I.NFO,22/01/2025,09:33:13,48749.3,48734.5,15,48745.4,15,0,2378460
BANKNIFTY-I.NFO,22/01/2025,09:33:15,48734.5,48734.5,30,48743.9,15,15,2378460
BANKNIFTY-I.NFO,22/01/2025,09:33:17,48734.5,48725.5,30,48738.2,45,30,2378460
BANKNIFTY-I.NFO,22/01/2025,09:33:18,48734.5,48734,30,48741.7,15,0,2378460
BANKNIFTY-I.NFO,22/01/2025,09:33:21,48734.5,48734,30,48745.05,15,0,2378460
BANKNIFTY-I.NFO,22/01/2025,09:33:23,48732.5,48734,15,48741.15,15,60,2378460
BANKNIFTY-I.NFO,22/01/2025,09:33:25,48734,48734,15,48738.15,15,60,2378460
BANKNIFTY-I.NFO,22/01/2025,09:33:26,48734,48734,15,48734.5,15,15,2378460
BANKNIFTY-I.NFO,22/01/2025,09:33:28,48733.75,48725,60,48733.9,45,90,2378460
BANKNIFTY-I.NFO,22/01/2025,09:33:30,48733.75,48725,60,48730.6,15,0,2378460
BANKNIFTY-I.NFO,22/01/2025,09:33:31,48725,48720,15,48728.05,15,105,2378460
BANKNIFTY-I.NFO,22/01/2025,09:33:33,48725,48720,15,48723.95,15,0,2378460
BANKNIFTY-I.NFO,22/01/2025,09:33:35,48720,48711.9,120,48719.95,15,15,2378460
BANKNIFTY-I.NFO,22/01/2025,09:33:36,48724,48711.9,120,48723.25,15,45,2378460
BANKNIFTY-I.NFO,22/01/2025,09:33:38,48715.75,48713.6,15,48725.3,15,45,2378460
BANKNIFTY-I.NFO,22/01/2025,09:33:39,48715.75,48713.6,30,48724.7,15,0,2378460
BANKNIFTY-I.NFO,22/01/2025,09:33:41,48713.6,48714.6,120,48725,15,30,2378460
BANKNIFTY-I.NFO,22/01/2025,09:33:43,48711.9,48714.6,30,48725,15,30,2378460
BANKNIFTY-I.NFO,22/01/2025,09:33:44,48724.75,48715.75,15,48725,15,90,2378460
BANKNIFTY-I.NFO,22/01/2025,09:33:46,48724.75,48715.8,150,48725,15,0,2378460
BANKNIFTY-I.NFO,22/01/2025,09:33:48,48716.8,48724.75,30,48730.9,15,75,2378460
BANKNIFTY-I.NFO,22/01/2025,09:33:49,48730.9,48716.85,120,48729.65,15,30,2378460
BANKNIFTY-I.NFO,22/01/2025,09:33:51,48730.9,48717.7,120,48731.55,45,225,2378460
BANKNIFTY-I.NFO,22/01/2025,09:33:52,48730.9,48726.15,30,48738.5,45,0,2378460
BANKNIFTY-I.NFO,22/01/2025,09:33:54,48730.9,48728.3,15,48739.85,45,0,2378460
BANKNIFTY-I.NFO,22/01/2025,09:33:56,48730.9,48727.55,120,48741.75,45,0,2378460
BANKNIFTY-I.NFO,22/01/2025,09:33:57,48724.5,48724.6,15,48740.5,120,1260,2366490
BANKNIFTY-I.NFO,22/01/2025,09:33:59,48724.5,48724.85,30,48739.95,120,0,2366490
BANKNIFTY-I.NFO,22/01/2025,09:34:01,48724.5,48724.9,15,48734.45,150,0,2366490
BANKNIFTY-I.NFO,22/01/2025,09:34:02,48725.75,48725.4,15,48730.9,15,30,2366490
BANKNIFTY-I.NFO,22/01/2025,09:34:04,48727.65,48724.9,15,48739,120,30,2366490
BANKNIFTY-I.NFO,22/01/2025,09:34:06,48725.2,48724.9,15,48732.9,120,15,2366490
BANKNIFTY-I.NFO,22/01/2025,09:34:07,48725.2,48714.5,30,48729.4,120,0,2366490
BANKNIFTY-I.NFO,22/01/2025,09:34:09,48725.2,48721.9,45,48730.9,15,0,2366490
BANKNIFTY-I.NFO,22/01/2025,09:34:11,48725.2,48714.7,30,48730.1,150,0,2366490
BANKNIFTY-I.NFO,22/01/2025,09:34:12,48714.7,48716.25,15,48730.7,120,15,2366490
BANKNIFTY-I.NFO,22/01/2025,09:34:14,48714.7,48715,15,48729.7,15,15,2366490
BANKNIFTY-I.NFO,22/01/2025,09:34:16,48714.7,48716.9,30,48730,15,0,2366490
BANKNIFTY-I.NFO,22/01/2025,09:34:17,48716.85,48715.85,30,48729,15,15,2366490
BANKNIFTY-I.NFO,22/01/2025,09:34:19,48730.9,48730.9,30,48735,30,45,2366490
BANKNIFTY-I.NFO,22/01/2025,09:34:21,48735,48735,15,48739.95,15,45,2366490
BANKNIFTY-I.NFO,22/01/2025,09:34:22,48732.3,48732.3,45,48747.4,15,105,2366490
BANKNIFTY-I.NFO,22/01/2025,09:34:24,48736.75,48739.05,30,48748,60,105,2366490
BANKNIFTY-I.NFO,22/01/2025,09:34:26,48770,48769.4,60,48774.5,15,300,2366490
BANKNIFTY-I.NFO,22/01/2025,09:34:27,48792,48792.05,15,48797.65,15,465,2366490
BANKNIFTY-I.NFO,22/01/2025,09:34:29,48800,48799.55,15,48800,600,240,2366490
BANKNIFTY-I.NFO,22/01/2025,09:34:31,48802.1,48802.05,15,48805.3,15,675,2366490
BANKNIFTY-I.NFO,22/01/2025,09:34:32,48807.1,48802.2,15,48807.1,15,60,2366490
BANKNIFTY-I.NFO,22/01/2025,09:34:34,48802.1,48802.1,15,48808,270,345,2366490
BANKNIFTY-I.NFO,22/01/2025,09:34:36,48811.25,48811.25,75,48821.7,60,1170,2366490
BANKNIFTY-I.NFO,22/01/2025,09:34:37,48813.15,48808,15,48814.25,15,285,2366490
BANKNIFTY-I.NFO,22/01/2025,09:34:39,48822.3,48811.65,120,48823.95,15,90,2366490
BANKNIFTY-I.NFO,22/01/2025,09:34:41,48811.75,48811.7,105,48823.8,30,30,2366490
BANKNIFTY-I.NFO,22/01/2025,09:34:42,48822.3,48820.85,120,48829.15,15,45,2366490
BANKNIFTY-I.NFO,22/01/2025,09:34:44,48840,48832.35,60,48840.25,105,405,2366490
BANKNIFTY-I.NFO,22/01/2025,09:34:46,48842,48836.2,60,48844.8,15,120,2366490
BANKNIFTY-I.NFO,22/01/2025,09:34:47,48848.3,48840,15,48848.35,15,375,2366490
BANKNIFTY-I.NFO,22/01/2025,09:34:49,48840.25,48836.3,15,48841.2,30,645,2366490
BANKNIFTY-I.NFO,22/01/2025,09:34:51,48840,48829.15,180,48840.2,30,495,2366490
BANKNIFTY-I.NFO,22/01/2025,09:34:52,48829.15,48821.9,120,48832.3,15,225,2366490
BANKNIFTY-I.NFO,22/01/2025,09:34:54,48832.15,48820.8,120,48832.35,60,75,2366490
BANKNIFTY-I.NFO,22/01/2025,09:34:55,48824.3,48824.3,15,48832.15,15,60,2366490
BANKNIFTY-I.NFO,22/01/2025,09:34:57,48827.75,48820.85,15,48827.8,30,75,2366490
BANKNIFTY-I.NFO,22/01/2025,09:34:59,48827.8,48820.85,15,48824.3,30,30,2366490
BANKNIFTY-I.NFO,22/01/2025,09:35:00,48826.2,48813.15,90,48826.25,15,120,2366490
BANKNIFTY-I.NFO,22/01/2025,09:35:02,48813.15,48820.8,45,48825.35,30,150,2366490
BANKNIFTY-I.NFO,22/01/2025,09:35:04,48829.95,48814.2,45,48831.9,15,180,2366490
BANKNIFTY-I.NFO,22/01/2025,09:35:05,48821,48811.7,15,48824.95,45,90,2366490
BANKNIFTY-I.NFO,22/01/2025,09:35:07,48811.8,48812.2,120,48825,15,30,2366490
BANKNIFTY-I.NFO,22/01/2025,09:35:09,48830,48820.1,120,48831,15,45,2366490
BANKNIFTY-I.NFO,22/01/2025,09:35:10,48832.15,48831,15,48832.15,15,225,2366490
BANKNIFTY-I.NFO,22/01/2025,09:35:12,48830.05,48820.25,15,48832.2,120,150,2366490
BANKNIFTY-I.NFO,22/01/2025,09:35:14,48832.1,48823.35,120,48832.15,15,105,2366490
BANKNIFTY-I.NFO,22/01/2025,09:35:15,48821.5,48823.45,30,48834.2,15,210,2366490
BANKNIFTY-I.NFO,22/01/2025,09:35:17,48832.15,48832.15,435,48834,15,315,2366490
BANKNIFTY-I.NFO,22/01/2025,09:35:19,48834.4,48817.3,60,48833.05,150,180,2366490
BANKNIFTY-I.NFO,22/01/2025,09:35:20,48817.3,48814.05,30,48817.3,195,465,2366490
BANKNIFTY-I.NFO,22/01/2025,09:35:22,48805.3,48800,15,48803.2,120,165,2366490
BANKNIFTY-I.NFO,22/01/2025,09:35:24,48781.3,48764.9,30,48776.6,15,330,2366490
BANKNIFTY-I.NFO,22/01/2025,09:35:25,48774.4,48761.65,15,48773.9,30,195,2366490
BANKNIFTY-I.NFO,22/01/2025,09:35:27,48753.1,48756.7,15,48768.6,30,105,2366490
BANKNIFTY-I.NFO,22/01/2025,09:35:29,48767.8,48768.6,15,48780.05,15,375,2366490
BANKNIFTY-I.NFO,22/01/2025,09:35:30,48768.6,48763.15,120,48776.35,30,225,2366490
BANKNIFTY-I.NFO,22/01/2025,09:35:32,48764.75,48763.25,120,48776.95,15,30,2366490
BANKNIFTY-I.NFO,22/01/2025,09:35:34,48773.6,48763.3,75,48774,60,195,2366490
BANKNIFTY-I.NFO,22/01/2025,09:35:35,48776.3,48765.1,75,48777.05,15,300,2366490
BANKNIFTY-I.NFO,22/01/2025,09:35:37,48776.3,48765.15,30,48778,45,0,2366490
BANKNIFTY-I.NFO,22/01/2025,09:35:39,48776.95,48770,75,48782.35,45,30,2366490
BANKNIFTY-I.NFO,22/01/2025,09:35:40,48780.65,48770.55,15,48784.05,150,105,2366490
BANKNIFTY-I.NFO,22/01/2025,09:35:42,48791.85,48780.1,75,48791.25,30,30,2366490
BANKNIFTY-I.NFO,22/01/2025,09:35:44,48786.05,48780.1,150,48785.05,45,90,2366490
BANKNIFTY-I.NFO,22/01/2025,09:35:45,48776.95,48776.95,15,48783.45,45,165,2366490
BANKNIFTY-I.NFO,22/01/2025,09:35:47,48776.95,48770.05,15,48784.05,30,15,2366490
BANKNIFTY-I.NFO,22/01/2025,09:35:49,48778.75,48770.05,30,48777.95,45,450,2366490
BANKNIFTY-I.NFO,22/01/2025,09:35:50,48770.05,48764.75,30,48772.55,45,45,2366490
BANKNIFTY-I.NFO,22/01/2025,09:35:52,48764.8,48765.05,15,48780.3,15,45,2366490
BANKNIFTY-I.NFO,22/01/2025,09:35:54,48770.25,48770.4,150,48786.25,60,195,2366490
BANKNIFTY-I.NFO,22/01/2025,09:35:55,48769.7,48773.6,120,48790,75,15,2366490
BANKNIFTY-I.NFO,22/01/2025,09:35:57,48775.5,48775.35,120,48790,15,15,2366490
BANKNIFTY-I.NFO,22/01/2025,09:35:59,48780.65,48784.4,150,48798.25,15,60,2366490
BANKNIFTY-I.NFO,22/01/2025,09:36:00,48798.25,48786.15,120,48798.7,15,15,2366490
BANKNIFTY-I.NFO,22/01/2025,09:36:02,48786.9,48786.2,75,48794.9,15,60,2366490
BANKNIFTY-I.NFO,22/01/2025,09:36:04,48786.25,48787.3,15,48796.5,15,30,2366490
BANKNIFTY-I.NFO,22/01/2025,09:36:05,48786.5,48781.2,60,48796.65,120,195,2366490
BANKNIFTY-I.NFO,22/01/2025,09:36:07,48786.5,48779,60,48793.15,15,0,2366490
BANKNIFTY-I.NFO,22/01/2025,09:36:09,48787.45,48787.85,60,48796.15,15,30,2366490
BANKNIFTY-I.NFO,22/01/2025,09:36:10,48795.25,48787.9,30,48799.7,15,165,2366490
BANKNIFTY-I.NFO,22/01/2025,09:36:12,48798.55,48798.55,165,48815.2,45,360,2366490
BANKNIFTY-I.NFO,22/01/2025,09:36:14,48800,48798.85,30,48814.55,15,90,2366490
BANKNIFTY-I.NFO,22/01/2025,09:36:15,48802,48797.1,30,48808.7,30,180,2366490
BANKNIFTY-I.NFO,22/01/2025,09:36:17,48798.3,48798.25,45,48812.95,15,90,2366490
BANKNIFTY-I.NFO,22/01/2025,09:36:19,48800.95,48800.95,30,48813.75,15,45,2366490
BANKNIFTY-I.NFO,22/01/2025,09:36:20,48802,48799.75,15,48800.95,450,150,2366490
BANKNIFTY-I.NFO,22/01/2025,09:36:22,48810.7,48797.4,15,48810.75,30,525,2366490
BANKNIFTY-I.NFO,22/01/2025,09:36:24,48815.75,48806,15,48816.15,15,30,2366490
BANKNIFTY-I.NFO,22/01/2025,09:36:25,48807.8,48806,30,48807.85,15,120,2366490
BANKNIFTY-I.NFO,22/01/2025,09:36:27,48807.85,48808.95,30,48818,15,15,2366490
BANKNIFTY-I.NFO,22/01/2025,09:36:29,48820,48814.75,30,48820,30,30,2366490
BANKNIFTY-I.NFO,22/01/2025,09:36:30,48820,48816.8,30,48826,15,30,2366490
BANKNIFTY-I.NFO,22/01/2025,09:36:32,48825.8,48818.9,30,48828.85,15,15,2366490
BANKNIFTY-I.NFO,22/01/2025,09:36:34,48830.45,48830.2,105,48835,30,165,2366490
BANKNIFTY-I.NFO,22/01/2025,09:36:35,48840,48830.2,15,48839.55,15,225,2366490
BANKNIFTY-I.NFO,22/01/2025,09:36:37,48830.45,48827.9,30,48840,45,90,2366490
BANKNIFTY-I.NFO,22/01/2025,09:36:39,48841.95,48828.95,15,48841.15,15,90,2366490
BANKNIFTY-I.NFO,22/01/2025,09:36:40,48839.75,48830,30,48840.9,120,75,2366490
BANKNIFTY-I.NFO,22/01/2025,09:36:42,48841.1,48831.3,30,48841.9,15,105,2366490
BANKNIFTY-I.NFO,22/01/2025,09:36:44,48842,48837.8,15,48845.55,15,315,2366490
BANKNIFTY-I.NFO,22/01/2025,09:36:45,48849.05,48837.8,60,48849,120,150,2366490
BANKNIFTY-I.NFO,22/01/2025,09:36:47,48846.65,48837.8,60,48848.15,120,135,2366490
BANKNIFTY-I.NFO,22/01/2025,09:36:49,48830,48830,15,48837.85,15,165,2366490
BANKNIFTY-I.NFO,22/01/2025,09:36:50,48836.6,48830,60,48836,15,30,2366490
BANKNIFTY-I.NFO,22/01/2025,09:36:52,48825,48821,30,48823.55,15,120,2366490
BANKNIFTY-I.NFO,22/01/2025,09:36:54,48821,48821,15,48827.35,45,45,2366700
BANKNIFTY-I.NFO,22/01/2025,09:36:55,48821,48821,15,48829.9,15,0,2366700
BANKNIFTY-I.NFO,22/01/2025,09:36:57,48829.75,48820.55,30,48824.95,15,45,2366700
BANKNIFTY-I.NFO,22/01/2025,09:36:59,48813.45,48810.8,15,48824.2,60,60,2366700
BANKNIFTY-I.NFO,22/01/2025,09:37:00,48813.45,48820.55,15,48824.9,15,0,2366700
BANKNIFTY-I.NFO,22/01/2025,09:37:02,48820.55,48810.5,15,48823.25,15,30,2366700
BANKNIFTY-I.NFO,22/01/2025,09:37:03,48819.95,48810.5,15,48813.4,15,15,2366700
BANKNIFTY-I.NFO,22/01/2025,09:37:05,48818.25,48813.4,390,48819.25,45,75,2366700
BANKNIFTY-I.NFO,22/01/2025,09:37:07,48813.45,48802.5,15,48816.4,60,555,2366700
BANKNIFTY-I.NFO,22/01/2025,09:37:08,48813.4,48802.5,15,48805.55,15,30,2366700
BANKNIFTY-I.NFO,22/01/2025,09:37:10,48805.05,48802.5,15,48809.3,30,30,2366700
BANKNIFTY-I.NFO,22/01/2025,09:37:12,48800,48795.6,15,48800,60,255,2366700
BANKNIFTY-I.NFO,22/01/2025,09:37:13,48800,48795.6,15,48800,45,15,2366700
BANKNIFTY-I.NFO,22/01/2025,09:37:15,48800,48795.6,45,48800,30,45,2366700
BANKNIFTY-I.NFO,22/01/2025,09:37:16,48805.15,48802.05,135,48813.1,15,60,2366700
BANKNIFTY-I.NFO,22/01/2025,09:37:18,48805.15,48802.15,60,48812.35,30,0,2366700
BANKNIFTY-I.NFO,22/01/2025,09:37:20,48805.15,48805.6,120,48813.4,15,0,2366700
BANKNIFTY-I.NFO,22/01/2025,09:37:21,48813.4,48813.15,15,48816,30,15,2366700
BANKNIFTY-I.NFO,22/01/2025,09:37:23,48813.05,48800.9,30,48812.45,30,165,2366700
BANKNIFTY-I.NFO,22/01/2025,09:37:25,48813.05,48810,15,48813.9,30,0,2366700
BANKNIFTY-I.NFO,22/01/2025,09:37:26,48813.05,48810,60,48813,15,0,2366700
BANKNIFTY-I.NFO,22/01/2025,09:37:28,48812.95,48810.05,45,48813,30,15,2366700
BANKNIFTY-I.NFO,22/01/2025,09:37:30,48800.9,48800.9,15,48813.15,30,165,2366700
BANKNIFTY-I.NFO,22/01/2025,09:37:31,48800,48800.9,45,48809.5,30,135,2366700
BANKNIFTY-I.NFO,22/01/2025,09:37:33,48790,48790,105,48800.35,45,105,2366700
BANKNIFTY-I.NFO,22/01/2025,09:37:35,48800.3,48790,105,48798.1,60,30,2366700
BANKNIFTY-I.NFO,22/01/2025,09:37:36,48790,48790,30,48791.3,30,105,2366700
BANKNIFTY-I.NFO,22/01/2025,09:37:38,48791.15,48790,45,48799.05,30,75,2366700
BANKNIFTY-I.NFO,22/01/2025,09:37:40,48800,48790,90,48800,135,15,2366700
BANKNIFTY-I.NFO,22/01/2025,09:37:41,48800,48792.4,15,48800,120,15,2366700
BANKNIFTY-I.NFO,22/01/2025,09:37:43,48800,48800,45,48813.2,15,120,2366700
BANKNIFTY-I.NFO,22/01/2025,09:37:44,48800,48800,135,48805.7,45,15,2366700
BANKNIFTY-I.NFO,22/01/2025,09:37:46,48805.7,48800.2,30,48813.5,15,15,2366700
BANKNIFTY-I.NFO,22/01/2025,09:37:48,48815.15,48801.75,120,48815.75,15,30,2366700
BANKNIFTY-I.NFO,22/01/2025,09:37:49,48801.9,48801.8,15,48811.9,15,15,2366700
BANKNIFTY-I.NFO,22/01/2025,09:37:51,48801.9,48802,15,48809.05,30,0,2366700
BANKNIFTY-I.NFO,22/01/2025,09:37:53,48802.05,48802.05,30,48811.7,15,15,2366700
BANKNIFTY-I.NFO,22/01/2025,09:37:54,48815.7,48802.1,120,48814.85,15,30,2366700
BANKNIFTY-I.NFO,22/01/2025,09:37:56,48815,48802.2,120,48815,15,60,2366700
BANKNIFTY-I.NFO,22/01/2025,09:37:58,48815,48809.35,120,48819.95,420,15,2366700
BANKNIFTY-I.NFO,22/01/2025,09:37:59,48815,48809.35,150,48816.9,15,0,2366700
BANKNIFTY-I.NFO,22/01/2025,09:38:01,48802.1,48790.6,15,48804.55,30,285,2366700
BANKNIFTY-I.NFO,22/01/2025,09:38:03,48807.25,48798.1,15,48804.95,30,45,2366700
BANKNIFTY-I.NFO,22/01/2025,09:38:04,48798.1,48801.2,15,48814.05,30,75,2366700
BANKNIFTY-I.NFO,22/01/2025,09:38:06,48798.1,48796,15,48810.8,75,0,2366700
BANKNIFTY-I.NFO,22/01/2025,09:38:08,48811.65,48803,15,48811.6,15,60,2366700
BANKNIFTY-I.NFO,22/01/2025,09:38:09,48811.65,48803,60,48806.45,30,0,2366700
BANKNIFTY-I.NFO,22/01/2025,09:38:11,48811.65,48803,60,48809.6,30,0,2366700
BANKNIFTY-I.NFO,22/01/2025,09:38:13,48803.6,48800,15,48804.4,15,90,2366700
BANKNIFTY-I.NFO,22/01/2025,09:38:14,48800,48793,120,48808.45,30,15,2366700
BANKNIFTY-I.NFO,22/01/2025,09:38:16,48800,48801.35,120,48810.55,15,0,2366700
BANKNIFTY-I.NFO,22/01/2025,09:38:18,48800,48801.35,15,48809.7,45,0,2366700
BANKNIFTY-I.NFO,22/01/2025,09:38:19,48797.95,48790,45,48797.25,15,45,2366700
BANKNIFTY-I.NFO,22/01/2025,09:38:21,48790,48790,30,48801.9,45,45,2366700
BANKNIFTY-I.NFO,22/01/2025,09:38:23,48802.2,48797.45,120,48801.9,15,45,2366700
BANKNIFTY-I.NFO,22/01/2025,09:38:24,48794.55,48797.5,15,48801.9,15,30,2366700
BANKNIFTY-I.NFO,22/01/2025,09:38:26,48797.5,48797.5,15,48810.3,30,30,2366700
BANKNIFTY-I.NFO,22/01/2025,09:38:28,48801,48790,30,48797.5,30,45,2366700
BANKNIFTY-I.NFO,22/01/2025,09:38:29,48790,48790,15,48798.15,15,30,2366700
BANKNIFTY-I.NFO,22/01/2025,09:38:31,48800.9,48790.3,120,48801,15,60,2366700
BANKNIFTY-I.NFO,22/01/2025,09:38:33,48800.9,48792.75,120,48801,15,0,2366700
BANKNIFTY-I.NFO,22/01/2025,09:38:34,48792.95,48793.55,120,48800,15,60,2366700
BANKNIFTY-I.NFO,22/01/2025,09:38:36,48800,48800.55,120,48810.6,30,15,2366700
BANKNIFTY-I.NFO,22/01/2025,09:38:38,48805.55,48803.45,120,48810.6,30,45,2366700
BANKNIFTY-I.NFO,22/01/2025,09:38:39,48803.45,48803.45,420,48815,135,75,2366700
BANKNIFTY-I.NFO,22/01/2025,09:38:41,48803.45,48813.2,15,48815,135,0,2366700
BANKNIFTY-I.NFO,22/01/2025,09:38:43,48813.2,48813.2,30,48815.7,15,330,2366700
BANKNIFTY-I.NFO,22/01/2025,09:38:44,48815.7,48813.2,135,48819.95,435,15,2366700
BANKNIFTY-I.NFO,22/01/2025,09:38:46,48819.95,48813.2,135,48819.9,75,210,2366700
BANKNIFTY-I.NFO,22/01/2025,09:38:48,48819.95,48813.25,120,48819.95,225,0,2366700
BANKNIFTY-I.NFO,22/01/2025,09:38:49,48830,48819.95,30,48830,90,420,2366700
BANKNIFTY-I.NFO,22/01/2025,09:38:51,48830.45,48826.3,30,48830.45,255,150,2366700
BANKNIFTY-I.NFO,22/01/2025,09:38:52,48830.45,48826.3,120,48830.45,255,0,2366700
BANKNIFTY-I.NFO,22/01/2025,09:38:54,48830.45,48826.3,120,48830.45,180,240,2366700
BANKNIFTY-I.NFO,22/01/2025,09:38:56,48826.3,48820,15,48824.2,90,195,2366700
BANKNIFTY-I.NFO,22/01/2025,09:38:57,48820,48811.3,30,48826.2,120,30,2366700
BANKNIFTY-I.NFO,22/01/2025,09:38:59,48830,48816.65,15,48830,270,105,2366700
BANKNIFTY-I.NFO,22/01/2025,09:39:01,48830,48817,15,48820,15,90,2366700
BANKNIFTY-I.NFO,22/01/2025,09:39:02,48820,48817,60,48827.45,45,15,2366700
BANKNIFTY-I.NFO,22/01/2025,09:39:04,48829.95,48817,60,48829.95,30,15,2366700
BANKNIFTY-I.NFO,22/01/2025,09:39:06,48830,48820.4,15,48830,135,105,2366700
BANKNIFTY-I.NFO,22/01/2025,09:39:07,48830.45,48828.85,15,48835,75,405,2366700
BANKNIFTY-I.NFO,22/01/2025,09:39:09,48835,48828.85,45,48835,30,60,2366700
BANKNIFTY-I.NFO,22/01/2025,09:39:11,48829.4,48829.1,15,48841.1,15,225,2366700
BANKNIFTY-I.NFO,22/01/2025,09:39:12,48839.15,48834.3,60,48841.1,15,30,2366700
BANKNIFTY-I.NFO,22/01/2025,09:39:14,48840.45,48834.4,15,48838.45,30,165,2366700
BANKNIFTY-I.NFO,22/01/2025,09:39:16,48832.9,48840.85,30,48841.1,15,465,2366700
BANKNIFTY-I.NFO,22/01/2025,09:39:17,48840.85,48829.7,30,48841,15,135,2366700
BANKNIFTY-I.NFO,22/01/2025,09:39:19,48843.95,48830,90,48842.75,135,45,2366700
BANKNIFTY-I.NFO,22/01/2025,09:39:21,48841.55,48830.45,15,48839.95,15,30,2366700
BANKNIFTY-I.NFO,22/01/2025,09:39:22,48839.75,48830.5,30,48838.7,45,390,2366700
BANKNIFTY-I.NFO,22/01/2025,09:39:24,48830.55,48830.55,45,48838.8,45,15,2366700
BANKNIFTY-I.NFO,22/01/2025,09:39:26,48836.5,48822.85,15,48836.55,30,420,2366700
BANKNIFTY-I.NFO,22/01/2025,09:39:27,48836.55,48823.75,120,48837.3,45,30,2366700
BANKNIFTY-I.NFO,22/01/2025,09:39:29,48844,48833.75,45,48844,480,105,2366700
BANKNIFTY-I.NFO,22/01/2025,09:39:31,48844,48835.7,150,48844,405,90,2366700
BANKNIFTY-I.NFO,22/01/2025,09:39:32,48844,48835.7,60,48844,435,60,2366700
BANKNIFTY-I.NFO,22/01/2025,09:39:34,48835.7,48835.7,60,48840.05,15,30,2366700
BANKNIFTY-I.NFO,22/01/2025,09:39:36,48835.7,48835.75,15,48839.55,30,30,2366700
BANKNIFTY-I.NFO,22/01/2025,09:39:38,48820.8,48830.45,15,48841.35,15,195,2366700
BANKNIFTY-I.NFO,22/01/2025,09:39:39,48820.8,48835.75,15,48841.55,150,0,2366700
BANKNIFTY-I.NFO,22/01/2025,09:39:41,48841.55,48835.75,15,48841.55,135,45,2366700
BANKNIFTY-I.NFO,22/01/2025,09:39:43,48838.3,48823.65,30,48837.55,30,90,2366700
BANKNIFTY-I.NFO,22/01/2025,09:39:44,48832.55,48823.65,30,48834.8,45,75,2366700
BANKNIFTY-I.NFO,22/01/2025,09:39:46,48825.65,48826.55,120,48839.15,15,225,2366700
BANKNIFTY-I.NFO,22/01/2025,09:39:48,48834.55,48826.55,15,48834.6,45,75,2366700
BANKNIFTY-I.NFO,22/01/2025,09:39:49,48835.7,48830,15,48837.15,45,15,2366700
BANKNIFTY-I.NFO,22/01/2025,09:39:51,48839.15,48830,45,48839.95,45,15,2366700
BANKNIFTY-I.NFO,22/01/2025,09:39:53,48826.95,48821,15,48829.15,45,165,2366700
BANKNIFTY-I.NFO,22/01/2025,09:39:54,48825.8,48821,30,48826.5,45,180,2367360
BANKNIFTY-I.NFO,22/01/2025,09:39:56,48825.8,48821,45,48828.3,15,0,2367360
BANKNIFTY-I.NFO,22/01/2025,09:39:58,48825.45,48821,45,48827.35,45,90,2367360
BANKNIFTY-I.NFO,22/01/2025,09:39:59,48824.3,48821,15,48825.95,45,105,2367360
BANKNIFTY-I.NFO,22/01/2025,09:40:01,48810.45,48810.45,15,48816.8,45,135,2367360
BANKNIFTY-I.NFO,22/01/2025,09:40:03,48821.35,48810.45,15,48816.8,15,75,2367360
BANKNIFTY-I.NFO,22/01/2025,09:40:04,48821.35,48810.45,15,48815.35,30,0,2367360
BANKNIFTY-I.NFO,22/01/2025,09:40:06,48810.45,48810,15,48816.8,15,30,2367360
BANKNIFTY-I.NFO,22/01/2025,09:40:08,48810.45,48811.05,15,48813.4,15,0,2367360
BANKNIFTY-I.NFO,22/01/2025,09:40:09,48820,48815.1,15,48825,15,30,2367360
BANKNIFTY-I.NFO,22/01/2025,09:40:11,48820,48818.2,15,48825,15,0,2367360
BANKNIFTY-I.NFO,22/01/2025,09:40:13,48818.2,48813.4,15,48818.2,15,30,2367360
BANKNIFTY-I.NFO,22/01/2025,09:40:14,48810,48813.05,30,48820,15,165,2367360
BANKNIFTY-I.NFO,22/01/2025,09:40:16,48819.05,48802.55,120,48817.1,75,60,2367360
BANKNIFTY-I.NFO,22/01/2025,09:40:18,48816.9,48804.85,120,48818,15,15,2367360
BANKNIFTY-I.NFO,22/01/2025,09:40:19,48816.9,48807.45,120,48818,15,0,2367360
BANKNIFTY-I.NFO,22/01/2025,09:40:21,48816.9,48800.45,15,48813.35,60,0,2367360
BANKNIFTY-I.NFO,22/01/2025,09:40:23,48790.45,48790,375,48803.05,90,90,2367360
BANKNIFTY-I.NFO,22/01/2025,09:40:24,48790,48780,60,48790.45,120,420,2367360
BANKNIFTY-I.NFO,22/01/2025,09:40:26,48786.1,48780,60,48786.1,75,105,2367360
BANKNIFTY-I.NFO,22/01/2025,09:40:28,48795.85,48782.2,15,48794.35,45,75,2367360
BANKNIFTY-I.NFO,22/01/2025,09:40:29,48792.55,48787.1,15,48795.55,30,30,2367360
BANKNIFTY-I.NFO,22/01/2025,09:40:31,48780,48776.95,30,48782.45,45,105,2367360
BANKNIFTY-I.NFO,22/01/2025,09:40:33,48774.5,48772.45,120,48787.5,45,90,2367360
BANKNIFTY-I.NFO,22/01/2025,09:40:34,48774.5,48779.8,120,48793.9,45,0,2367360
BANKNIFTY-I.NFO,22/01/2025,09:40:36,48782.2,48781.4,120,48786,30,30,2367360
BANKNIFTY-I.NFO,22/01/2025,09:40:38,48786,48785.25,120,48799.3,15,30,2367360
BANKNIFTY-I.NFO,22/01/2025,09:40:39,48786,48785.25,15,48795.5,45,0,2367360
BANKNIFTY-I.NFO,22/01/2025,09:40:41,48797.1,48796.3,30,48800,15,15,2367360
BANKNIFTY-I.NFO,22/01/2025,09:40:43,48797.1,48796.3,45,48800,15,45,2367360
BANKNIFTY-I.NFO,22/01/2025,09:40:44,48800,48800,15,48808,30,15,2367360
BANKNIFTY-I.NFO,22/01/2025,09:40:46,48790,48785,120,48800,30,60,2367360
BANKNIFTY-I.NFO,22/01/2025,09:40:48,48800,48786.3,120,48800,15,15,2367360
BANKNIFTY-I.NFO,22/01/2025,09:40:49,48799.6,48787.35,120,48799.65,15,15,2367360
BANKNIFTY-I.NFO,22/01/2025,09:40:51,48799.65,48787.5,120,48799.95,15,30,2367360
BANKNIFTY-I.NFO,22/01/2025,09:40:53,48789.45,48790.55,150,48799,345,15,2367360
BANKNIFTY-I.NFO,22/01/2025,09:40:54,48791.2,48787.95,120,48791.35,15,30,2367360
BANKNIFTY-I.NFO,22/01/2025,09:40:56,48791.2,48786,15,48791.35,15,0,2367360
BANKNIFTY-I.NFO,22/01/2025,09:40:58,48791.35,48790,15,48799,345,15,2367360
BANKNIFTY-I.NFO,22/01/2025,09:40:59,48791.35,48791.2,15,48799,345,0,2367360
BANKNIFTY-I.NFO,22/01/2025,09:41:01,48800.45,48798.05,120,48811.25,15,495,2367360
BANKNIFTY-I.NFO,22/01/2025,09:41:03,48802.5,48803.65,15,48817.9,60,375,2367360
BANKNIFTY-I.NFO,22/01/2025,09:41:04,48802.5,48803.65,45,48816.85,60,0,2367360
BANKNIFTY-I.NFO,22/01/2025,09:41:06,48803.65,48803.65,45,48808,90,75,2367360
BANKNIFTY-I.NFO,22/01/2025,09:41:08,48805.6,48802.5,15,48807.25,150,120,2367360
BANKNIFTY-I.NFO,22/01/2025,09:41:09,48796.85,48800,15,48808,15,30,2367360
BANKNIFTY-I.NFO,22/01/2025,09:41:11,48796.85,48802.5,15,48808,15,0,2367360
BANKNIFTY-I.NFO,22/01/2025,09:41:13,48796.85,48802.5,15,48806.45,15,0,2367360
BANKNIFTY-I.NFO,22/01/2025,09:41:14,48802.5,48801.75,30,48806.9,15,15,2367360
BANKNIFTY-I.NFO,22/01/2025,09:41:16,48800,48794.15,15,48800.6,165,60,2367360
BANKNIFTY-I.NFO,22/01/2025,09:41:18,48788.15,48780,15,48787.75,30,225,2367360
BANKNIFTY-I.NFO,22/01/2025,09:41:19,48786.45,48780,30,48788.4,45,90,2367360
BANKNIFTY-I.NFO,22/01/2025,09:41:21,48788.4,48780,30,48787.5,30,30,2367360
BANKNIFTY-I.NFO,22/01/2025,09:41:23,48786.45,48780,15,48783.8,150,45,2367360
BANKNIFTY-I.NFO,22/01/2025,09:41:24,48770,48769.1,120,48780,90,240,2367360
BANKNIFTY-I.NFO,22/01/2025,09:41:26,48786.2,48774.9,15,48786.05,90,150,2367360
BANKNIFTY-I.NFO,22/01/2025,09:41:28,48786.2,48774.9,30,48780.65,60,0,2367360
BANKNIFTY-I.NFO,22/01/2025,09:41:29,48774.9,48769.15,120,48784.45,60,45,2367360
BANKNIFTY-I.NFO,22/01/2025,09:41:31,48783.9,48772.75,15,48787,30,105,2367360
BANKNIFTY-I.NFO,22/01/2025,09:41:33,48780.7,48770,15,48779.55,30,60,2367360
BANKNIFTY-I.NFO,22/01/2025,09:41:34,48780,48770.05,30,48779.9,45,15,2367360
BANKNIFTY-I.NFO,22/01/2025,09:41:36,48780,48770.95,15,48772.75,15,0,2367360
BANKNIFTY-I.NFO,22/01/2025,09:41:38,48770.95,48770.95,30,48772.75,15,30,2367360
BANKNIFTY-I.NFO,22/01/2025,09:41:39,48770,48770.95,15,48772.75,15,135,2367360
BANKNIFTY-I.NFO,22/01/2025,09:41:41,48774.45,48770.95,45,48775.6,75,30,2367360
BANKNIFTY-I.NFO,22/01/2025,09:41:43,48770.95,48762.95,30,48770.95,45,135,2367360
BANKNIFTY-I.NFO,22/01/2025,09:41:44,48753.9,48750.2,15,48754.25,60,615,2367360
BANKNIFTY-I.NFO,22/01/2025,09:41:46,48767.7,48755.8,120,48770.2,30,210,2367360
BANKNIFTY-I.NFO,22/01/2025,09:41:48,48770.95,48767.05,120,48780,15,30,2367360
BANKNIFTY-I.NFO,22/01/2025,09:41:49,48770.95,48767.05,15,48778.35,15,0,2367360
BANKNIFTY-I.NFO,22/01/2025,09:41:51,48767.05,48767.05,45,48777.25,45,15,2367360
BANKNIFTY-I.NFO,22/01/2025,09:41:53,48767.05,48755.2,120,48769.2,45,90,2367360
BANKNIFTY-I.NFO,22/01/2025,09:41:54,48767.05,48757.1,120,48771.75,45,0,2367360
BANKNIFTY-I.NFO,22/01/2025,09:41:56,48767.05,48770.65,120,48777,15,0,2367360
BANKNIFTY-I.NFO,22/01/2025,09:41:58,48767.05,48770.25,120,48776.95,30,0,2367360
BANKNIFTY-I.NFO,22/01/2025,09:41:59,48767.05,48769.2,15,48775,30,0,2367360
BANKNIFTY-I.NFO,22/01/2025,09:42:01,48769.2,48767.1,120,48775,30,15,2367360
BANKNIFTY-I.NFO,22/01/2025,09:42:03,48774.95,48771.25,150,48774.95,15,15,2367360
BANKNIFTY-I.NFO,22/01/2025,09:42:04,48771.25,48767.1,120,48775,30,15,2367360
BANKNIFTY-I.NFO,22/01/2025,09:42:06,48775,48768.6,120,48777,15,45,2367360
BANKNIFTY-I.NFO,22/01/2025,09:42:08,48777,48767.05,15,48777.15,30,15,2367360
BANKNIFTY-I.NFO,22/01/2025,09:42:09,48766,48755.05,15,48768.9,30,90,2367360
BANKNIFTY-I.NFO,22/01/2025,09:42:11,48766,48765.25,30,48779,15,0,2367360
BANKNIFTY-I.NFO,22/01/2025,09:42:13,48766,48766,120,48780,15,0,2367360
BANKNIFTY-I.NFO,22/01/2025,09:42:14,48766,48766,15,48773.55,30,0,2367360
BANKNIFTY-I.NFO,22/01/2025,09:42:16,48766,48757.8,120,48772.05,15,30,2367360
BANKNIFTY-I.NFO,22/01/2025,09:42:18,48766,48756.55,120,48769.9,15,0,2367360
BANKNIFTY-I.NFO,22/01/2025,09:42:19,48766,48758.6,15,48772.5,45,0,2367360
BANKNIFTY-I.NFO,22/01/2025,09:42:21,48770.9,48763.7,15,48777.7,15,30,2367360
BANKNIFTY-I.NFO,22/01/2025,09:42:23,48780,48775.35,120,48780,390,75,2367360
BANKNIFTY-I.NFO,22/01/2025,09:42:24,48780,48772.45,15,48780,330,165,2367360
BANKNIFTY-I.NFO,22/01/2025,09:42:26,48780,48780.4,105,48788.4,15,345,2367360
BANKNIFTY-I.NFO,22/01/2025,09:42:28,48785.2,48785.7,60,48799,90,60,2367360
BANKNIFTY-I.NFO,22/01/2025,09:42:29,48799,48791.55,120,48799,75,90,2367360
BANKNIFTY-I.NFO,22/01/2025,09:42:31,48799,48797,30,48799,60,15,2367360
BANKNIFTY-I.NFO,22/01/2025,09:42:33,48800,48797,15,48800.9,15,75,2367360
BANKNIFTY-I.NFO,22/01/2025,09:42:34,48800,48797,30,48800.9,15,0,2367360
BANKNIFTY-I.NFO,22/01/2025,09:42:36,48798,48797,15,48798,180,15,2367360
BANKNIFTY-I.NFO,22/01/2025,09:42:38,48797,48784.55,120,48797.95,15,90,2367360
BANKNIFTY-I.NFO,22/01/2025,09:42:39,48797,48779.7,30,48790.6,105,0,2367360
BANKNIFTY-I.NFO,22/01/2025,09:42:41,48797,48781.75,120,48796.3,105,0,2367360
BANKNIFTY-I.NFO,22/01/2025,09:42:43,48797,48776.05,15,48789.4,105,0,2367360
BANKNIFTY-I.NFO,22/01/2025,09:42:44,48797,48780.85,120,48795.35,120,0,2367360
BANKNIFTY-I.NFO,22/01/2025,09:42:46,48781.75,48776.15,120,48790.65,120,15,2367360
BANKNIFTY-I.NFO,22/01/2025,09:42:48,48776.15,48771.7,15,48785,120,30,2367360
BANKNIFTY-I.NFO,22/01/2025,09:42:49,48785,48771.7,15,48783.4,120,15,2367360
BANKNIFTY-I.NFO,22/01/2025,09:42:51,48761.75,48771.7,30,48778.9,120,30,2367360
BANKNIFTY-I.NFO,22/01/2025,09:42:53,48777.75,48771.7,30,48781.75,120,60,2367360
BANKNIFTY-I.NFO,22/01/2025,09:42:54,48777.75,48771.7,30,48779.4,150,0,2367360
BANKNIFTY-I.NFO,22/01/2025,09:42:56,48777.75,48771.7,60,48775.1,120,0,2367360
BANKNIFTY-I.NFO,22/01/2025,09:42:58,48777.75,48771.7,60,48776.05,120,0,2367360
BANKNIFTY-I.NFO,22/01/2025,09:42:59,48777.75,48771.7,60,48779.85,120,0,2367360
BANKNIFTY-I.NFO,22/01/2025,09:43:01,48777.75,48771.7,60,48780.55,120,0,2367360
BANKNIFTY-I.NFO,22/01/2025,09:43:03,48777.75,48777,15,48780,150,0,2367360
BANKNIFTY-I.NFO,22/01/2025,09:43:04,48764.1,48759,15,48766.75,150,150,2367795
BANKNIFTY-I.NFO,22/01/2025,09:43:06,48758,48755.05,15,48762.7,120,75,2367795
BANKNIFTY-I.NFO,22/01/2025,09:43:08,48754.05,48751,15,48762.35,120,60,2367795
BANKNIFTY-I.NFO,22/01/2025,09:43:09,48751.1,48751,30,48761.3,120,255,2367795
BANKNIFTY-I.NFO,22/01/2025,09:43:11,48751,48753.2,15,48767.5,120,30,2367795
BANKNIFTY-I.NFO,22/01/2025,09:43:13,48751,48752.55,15,48766.25,120,0,2367795
BANKNIFTY-I.NFO,22/01/2025,09:43:14,48752.55,48750.5,15,48761.2,120,45,2367795
BANKNIFTY-I.NFO,22/01/2025,09:43:16,48750.5,48750.55,15,48763.85,105,30,2367795
BANKNIFTY-I.NFO,22/01/2025,09:43:18,48750.5,48750.55,60,48764.5,105,0,2367795
BANKNIFTY-I.NFO,22/01/2025,09:43:19,48757.5,48750.55,15,48756.55,90,75,2367795
BANKNIFTY-I.NFO,22/01/2025,09:43:21,48729.45,48729.5,30,48740.7,15,570,2367795
BANKNIFTY-I.NFO,22/01/2025,09:43:23,48727.05,48725.2,30,48735.25,120,75,2367795
BANKNIFTY-I.NFO,22/01/2025,09:43:24,48730.1,48729.5,45,48735.2,30,75,2367795
BANKNIFTY-I.NFO,22/01/2025,09:43:26,48729.5,48729.5,15,48735.2,30,30,2367795
BANKNIFTY-I.NFO,22/01/2025,09:43:28,48711.7,48711.7,525,48723.25,30,1155,2367795
BANKNIFTY-I.NFO,22/01/2025,09:43:29,48701.8,48701.15,15,48710.85,150,690,2367795
BANKNIFTY-I.NFO,22/01/2025,09:43:31,48686.25,48680.05,15,48687.35,120,915,2367795
BANKNIFTY-I.NFO,22/01/2025,09:43:33,48691.8,48682.1,15,48694.35,75,765,2367795
BANKNIFTY-I.NFO,22/01/2025,09:43:34,48683.6,48684.05,15,48695,60,30,2367795
BANKNIFTY-I.NFO,22/01/2025,09:43:36,48683.35,48684.05,15,48691.2,120,180,2367795
BANKNIFTY-I.NFO,22/01/2025,09:43:38,48691.3,48691.2,120,48695,60,405,2367795
BANKNIFTY-I.NFO,22/01/2025,09:43:39,48699.95,48690.15,15,48699.15,30,105,2367795
BANKNIFTY-I.NFO,22/01/2025,09:43:41,48690.2,48690.2,15,48697.25,120,30,2367795
BANKNIFTY-I.NFO,22/01/2025,09:43:43,48691.5,48691.45,15,48700.75,120,15,2367795
BANKNIFTY-I.NFO,22/01/2025,09:43:44,48692,48686.4,15,48693.3,120,195,2367795
BANKNIFTY-I.NFO,22/01/2025,09:43:46,48685.1,48680.3,15,48682.5,75,45,2367795
BANKNIFTY-I.NFO,22/01/2025,09:43:48,48680.4,48679.65,105,48694.85,135,735,2367795
BANKNIFTY-I.NFO,22/01/2025,09:43:50,48679.05,48681.3,30,48695.95,30,210,2367795
BANKNIFTY-I.NFO,22/01/2025,09:43:51,48680.6,48680.8,30,48692,30,60,2367795
BANKNIFTY-I.NFO,22/01/2025,09:43:53,48681.35,48681.3,15,48692,30,15,2367795
BANKNIFTY-I.NFO,22/01/2025,09:43:55,48685,48683.55,15,48693.35,30,60,2367795
BANKNIFTY-I.NFO,22/01/2025,09:43:56,48683.55,48683.55,15,48693.6,120,30,2367795
BANKNIFTY-I.NFO,22/01/2025,09:43:58,48668.15,48654.65,120,48668.1,105,2010,2367795
BANKNIFTY-I.NFO,22/01/2025,09:44:00,48632.95,48633,30,48640.95,150,2070,2367795
BANKNIFTY-I.NFO,22/01/2025,09:44:00,48629.65,48633,30,48640.95,150,0,2367795
BANKNIFTY-I.NFO,22/01/2025,09:44:01,48642.5,48642.9,75,48654.25,15,735,2367795
BANKNIFTY-I.NFO,22/01/2025,09:44:01,48628.65,48642.9,75,48654.25,15,0,2367795
BANKNIFTY-I.NFO,22/01/2025,09:44:03,48674.45,48652.55,45,48670.85,15,900,2367795
BANKNIFTY-I.NFO,22/01/2025,09:44:05,48670.05,48656.85,240,48674.9,15,90,2367795
BANKNIFTY-I.NFO,22/01/2025,09:44:06,48661.5,48665.55,30,48679.65,30,45,2367795
BANKNIFTY-I.NFO,22/01/2025,09:44:08,48678.15,48677.15,90,48690,30,60,2367795
BANKNIFTY-I.NFO,22/01/2025,09:44:10,48692,48685.7,75,48701.45,30,90,2367795
BANKNIFTY-I.NFO,22/01/2025,09:44:11,48685.7,48685.7,45,48693.85,15,90,2367795
BANKNIFTY-I.NFO,22/01/2025,09:44:13,48681.2,48681.85,45,48695.95,15,105,2367795
BANKNIFTY-I.NFO,22/01/2025,09:44:15,48683.55,48685.6,75,48695,30,75,2367795
BANKNIFTY-I.NFO,22/01/2025,09:44:16,48698.85,48685.6,30,48699.2,45,75,2367795
BANKNIFTY-I.NFO,22/01/2025,09:44:18,48698.85,48690.05,60,48699,15,0,2367795
BANKNIFTY-I.NFO,22/01/2025,09:44:20,48685.6,48676.05,15,48691.2,45,135,2367795
BANKNIFTY-I.NFO,22/01/2025,09:44:21,48694.25,48677.7,90,48692.85,15,30,2367795
BANKNIFTY-I.NFO,22/01/2025,09:44:23,48694.25,48677.1,15,48692.65,135,0,2367795
BANKNIFTY-I.NFO,22/01/2025,09:44:25,48698.2,48679.8,90,48696.25,120,135,2367795
BANKNIFTY-I.NFO,22/01/2025,09:44:26,48693.25,48682,30,48693.65,30,15,2367795
BANKNIFTY-I.NFO,22/01/2025,09:44:28,48697.35,48682.15,90,48698.35,150,30,2367795
BANKNIFTY-I.NFO,22/01/2025,09:44:30,48698.65,48682.2,90,48697.7,165,30,2367795
BANKNIFTY-I.NFO,22/01/2025,09:44:31,48698.65,48682.2,30,48692.9,30,0,2367795
BANKNIFTY-I.NFO,22/01/2025,09:44:33,48682.05,48678.15,15,48689.55,15,150,2367795
BANKNIFTY-I.NFO,22/01/2025,09:44:35,48689.3,48678.5,150,48694.55,120,30,2367795
BANKNIFTY-I.NFO,22/01/2025,09:44:36,48689.3,48678.2,120,48690.6,30,0,2367795
BANKNIFTY-I.NFO,22/01/2025,09:44:38,48691.1,48678.15,15,48689.75,60,90,2367795
BANKNIFTY-I.NFO,22/01/2025,09:44:40,48675.05,48675,15,48689.15,120,150,2367795
BANKNIFTY-I.NFO,22/01/2025,09:44:41,48675,48665,60,48676.3,120,75,2367795
BANKNIFTY-I.NFO,22/01/2025,09:44:43,48668.3,48669.35,105,48685.7,30,135,2367795
BANKNIFTY-I.NFO,22/01/2025,09:44:45,48668.3,48672.25,45,48689.75,120,0,2367795
BANKNIFTY-I.NFO,22/01/2025,09:44:46,48668.3,48685,75,48692,15,0,2367795
BANKNIFTY-I.NFO,22/01/2025,09:44:48,48695.7,48685,75,48695.9,120,60,2367795
BANKNIFTY-I.NFO,22/01/2025,09:44:50,48685,48688.1,75,48700,105,30,2367795
BANKNIFTY-I.NFO,22/01/2025,09:44:51,48688.1,48685.8,180,48697,15,120,2367795
BANKNIFTY-I.NFO,22/01/2025,09:44:53,48686.55,48685,45,48697.85,120,45,2367795
BANKNIFTY-I.NFO,22/01/2025,09:44:55,48698.25,48685,60,48698.25,120,15,2367795
BANKNIFTY-I.NFO,22/01/2025,09:44:56,48698.25,48685.05,15,48698.3,15,0,2367795
BANKNIFTY-I.NFO,22/01/2025,09:44:58,48682.7,48676.3,15,48685.55,120,105,2367795
BANKNIFTY-I.NFO,22/01/2025,09:45:00,48660,48660,15,48667.55,120,375,2367795
BANKNIFTY-I.NFO,22/01/2025,09:45:01,48657.05,48651.05,45,48657.05,15,330,2367795
BANKNIFTY-I.NFO,22/01/2025,09:45:03,48650,48650,735,48660.55,30,225,2367795
BANKNIFTY-I.NFO,22/01/2025,09:45:05,48651.35,48654.9,165,48670.95,15,60,2367795
BANKNIFTY-I.NFO,22/01/2025,09:45:06,48651.7,48655.25,90,48671.7,30,60,2367795
BANKNIFTY-I.NFO,22/01/2025,09:45:08,48659.4,48655.25,15,48669.8,120,60,2367795
BANKNIFTY-I.NFO,22/01/2025,09:45:10,48659.4,48656.25,135,48672.55,135,0,2367795
BANKNIFTY-I.NFO,22/01/2025,09:45:11,48663.15,48660.25,45,48677.85,120,120,2367795
BANKNIFTY-I.NFO,22/01/2025,09:45:13,48677.85,48663.65,75,48679.75,120,30,2367795
BANKNIFTY-I.NFO,22/01/2025,09:45:15,48663.65,48663.65,15,48674.45,150,60,2367795
BANKNIFTY-I.NFO,22/01/2025,09:45:16,48662.2,48663.65,30,48674.4,15,240,2367795
BANKNIFTY-I.NFO,22/01/2025,09:45:18,48662.2,48666.5,30,48674.4,15,0,2367795
BANKNIFTY-I.NFO,22/01/2025,09:45:20,48679.9,48675.45,180,48685.05,15,105,2367795
BANKNIFTY-I.NFO,22/01/2025,09:45:21,48685.85,48682.8,30,48689,30,195,2367795
BANKNIFTY-I.NFO,22/01/2025,09:45:23,48706.7,48706.7,75,48715,885,615,2367795
BANKNIFTY-I.NFO,22/01/2025,09:45:25,48725,48710.45,30,48725.7,30,1080,2367795
BANKNIFTY-I.NFO,22/01/2025,09:45:26,48712.5,48713.05,45,48726.25,15,15,2367795
BANKNIFTY-I.NFO,22/01/2025,09:45:28,48716.5,48715.6,30,48729.1,15,120,2367795
BANKNIFTY-I.NFO,22/01/2025,09:45:30,48726.5,48717.35,15,48725.65,15,15,2367795
BANKNIFTY-I.NFO,22/01/2025,09:45:31,48705.75,48706.5,30,48716.9,15,255,2367795
BANKNIFTY-I.NFO,22/01/2025,09:45:33,48705.75,48698,150,48711.55,15,0,2367795
BANKNIFTY-I.NFO,22/01/2025,09:45:35,48699.95,48698.05,45,48706.6,15,15,2367795
BANKNIFTY-I.NFO,22/01/2025,09:45:36,48705.15,48698.05,45,48706.65,15,15,2367795
BANKNIFTY-I.NFO,22/01/2025,09:45:38,48705.15,48698.1,45,48706.65,15,0,2367795
BANKNIFTY-I.NFO,22/01/2025,09:45:40,48687.45,48687.1,15,48702.15,120,180,2367795
BANKNIFTY-I.NFO,22/01/2025,09:45:41,48692.85,48690,30,48692.85,15,45,2367795
BANKNIFTY-I.NFO,22/01/2025,09:45:43,48690,48680,15,48686.35,15,45,2367795
BANKNIFTY-I.NFO,22/01/2025,09:45:45,48690,48680.15,30,48686.35,15,0,2367795
BANKNIFTY-I.NFO,22/01/2025,09:45:46,48681.45,48680,30,48695.8,120,105,2367795
BANKNIFTY-I.NFO,22/01/2025,09:45:48,48680.1,48680,60,48689.55,120,30,2367795
BANKNIFTY-I.NFO,22/01/2025,09:45:50,48689.45,48680,60,48690.95,15,30,2367795
BANKNIFTY-I.NFO,22/01/2025,09:45:51,48680.35,48681.85,15,48696.9,120,15,2367795
BANKNIFTY-I.NFO,22/01/2025,09:45:53,48680.35,48689.45,15,48697.95,120,0,2367795
BANKNIFTY-I.NFO,22/01/2025,09:45:55,48681.1,48680.35,15,48689.55,120,75,2368140
BANKNIFTY-I.NFO,22/01/2025,09:45:56,48680,48680,45,48688.45,120,30,2368140
BANKNIFTY-I.NFO,22/01/2025,09:45:58,48659.4,48657,15,48666.1,15,240,2368140
BANKNIFTY-I.NFO,22/01/2025,09:46:00,48667.85,48657,15,48668.25,15,15,2368140
BANKNIFTY-I.NFO,22/01/2025,09:46:01,48645,48641.15,30,48651.65,105,1005,2368140
BANKNIFTY-I.NFO,22/01/2025,09:46:03,48644.45,48640,60,48649.1,30,60,2368140
BANKNIFTY-I.NFO,22/01/2025,09:46:05,48648.2,48640,45,48649.95,60,120,2368140
BANKNIFTY-I.NFO,22/01/2025,09:46:06,48639.95,48633.55,120,48639.95,75,165,2368140
BANKNIFTY-I.NFO,22/01/2025,09:46:08,48640.4,48635.35,30,48649.55,120,270,2368140
BANKNIFTY-I.NFO,22/01/2025,09:46:10,48643.15,48635,585,48640.4,120,420,2368140
BANKNIFTY-I.NFO,22/01/2025,09:46:11,48641,48635,585,48640.9,120,150,2368140
BANKNIFTY-I.NFO,22/01/2025,09:46:13,48627.3,48630,15,48635.85,15,1290,2368140
BANKNIFTY-I.NFO,22/01/2025,09:46:13,48624.9,48630,15,48635.85,15,0,2368140
BANKNIFTY-I.NFO,22/01/2025,09:46:15,48628,48628,15,48642.1,30,90,2368140
BANKNIFTY-I.NFO,22/01/2025,09:46:15,48624.4,48628,15,48642.1,30,0,2368140
BANKNIFTY-I.NFO,22/01/2025,09:46:16,48630.3,48630.4,30,48642,30,405,2368140
BANKNIFTY-I.NFO,22/01/2025,09:46:18,48630.05,48642,15,48643.15,60,135,2368140
BANKNIFTY-I.NFO,22/01/2025,09:46:20,48632.6,48631.5,30,48643.15,15,270,2368140
BANKNIFTY-I.NFO,22/01/2025,09:46:21,48633.95,48636.75,45,48650,15,150,2368140
BANKNIFTY-I.NFO,22/01/2025,09:46:23,48635.95,48635.9,15,48652.3,15,60,2368140
BANKNIFTY-I.NFO,22/01/2025,09:46:25,48648.65,48635.9,60,48647.65,120,90,2368140
BANKNIFTY-I.NFO,22/01/2025,09:46:26,48642,48635.9,60,48644.05,120,30,2368140
BANKNIFTY-I.NFO,22/01/2025,09:46:28,48635.9,48635.9,15,48643.35,120,75,2368140
BANKNIFTY-I.NFO,22/01/2025,09:46:30,48606,48606,45,48610,15,1110,2368140
BANKNIFTY-I.NFO,22/01/2025,09:46:30,48606,48606,45,48610,15,0,2368140
BANKNIFTY-I.NFO,22/01/2025,09:46:31,48605.15,48609.95,120,48622,255,645,2368140
BANKNIFTY-I.NFO,22/01/2025,09:46:31,48605,48609.95,120,48622,255,0,2368140
BANKNIFTY-I.NFO,22/01/2025,09:46:33,48614.15,48614.25,150,48628.75,15,465,2368140
BANKNIFTY-I.NFO,22/01/2025,09:46:35,48627.6,48619,15,48625.5,75,525,2368140
BANKNIFTY-I.NFO,22/01/2025,09:46:36,48635.9,48619.6,15,48635.55,45,435,2368140
BANKNIFTY-I.NFO,22/01/2025,09:46:38,48619.6,48622,75,48627.6,15,15,2368140
BANKNIFTY-I.NFO,22/01/2025,09:46:40,48624.65,48624.65,120,48639.7,75,150,2368140
BANKNIFTY-I.NFO,22/01/2025,09:46:41,48630,48630,30,48635,60,135,2368140
BANKNIFTY-I.NFO,22/01/2025,09:46:43,48627.6,48622,15,48631.65,150,315,2368140
BANKNIFTY-I.NFO,22/01/2025,09:46:45,48630,48622.3,120,48630,45,75,2368140
BANKNIFTY-I.NFO,22/01/2025,09:46:46,48629.95,48623.95,30,48629.95,15,45,2368140
BANKNIFTY-I.NFO,22/01/2025,09:46:48,48629.95,48620,30,48626.95,15,15,2368140
BANKNIFTY-I.NFO,22/01/2025,09:46:50,48630,48618.85,15,48630,165,60,2368140
BANKNIFTY-I.NFO,22/01/2025,09:46:51,48610.2,48613.3,15,48627.55,135,60,2368140
BANKNIFTY-I.NFO,22/01/2025,09:46:53,48622.2,48621.85,15,48630,150,105,2368140
BANKNIFTY-I.NFO,22/01/2025,09:46:55,48621.85,48621.85,15,48627.15,150,75,2368140
BANKNIFTY-I.NFO,22/01/2025,09:46:56,48620,48621.85,75,48628.2,165,45,2368140
BANKNIFTY-I.NFO,22/01/2025,09:46:58,48605.5,48607.45,120,48620,15,375,2368140
BANKNIFTY-I.NFO,22/01/2025,09:47:00,48611.2,48607.65,60,48621.65,120,120,2368140
BANKNIFTY-I.NFO,22/01/2025,09:47:01,48611.2,48617.2,15,48621.85,15,60,2368140
BANKNIFTY-I.NFO,22/01/2025,09:47:03,48616.95,48607.55,15,48621.65,150,30,2368140
BANKNIFTY-I.NFO,22/01/2025,09:47:05,48609.2,48609.35,15,48621.85,15,60,2368140
BANKNIFTY-I.NFO,22/01/2025,09:47:06,48612.95,48615.1,30,48620,165,1230,2368140
BANKNIFTY-I.NFO,22/01/2025,09:47:08,48614.85,48614.8,15,48629.35,120,300,2368140
BANKNIFTY-I.NFO,22/01/2025,09:47:10,48628.5,48616.15,15,48629.7,15,75,2368140
BANKNIFTY-I.NFO,22/01/2025,09:47:11,48609.45,48611.2,45,48627.4,120,45,2368140
BANKNIFTY-I.NFO,22/01/2025,09:47:13,48609.3,48609.3,30,48623.25,120,600,2368140
BANKNIFTY-I.NFO,22/01/2025,09:47:15,48609.3,48609,30,48615.8,120,0,2368140
BANKNIFTY-I.NFO,22/01/2025,09:47:16,48610.25,48610.25,405,48621.6,120,165,2368140
BANKNIFTY-I.NFO,22/01/2025,09:47:18,48614.85,48612.55,30,48626.1,15,270,2368140
BANKNIFTY-I.NFO,22/01/2025,09:47:20,48616,48614.15,45,48620,15,90,2368140
BANKNIFTY-I.NFO,22/01/2025,09:47:21,48625.55,48625.2,150,48628.5,135,255,2368140
BANKNIFTY-I.NFO,22/01/2025,09:47:23,48634.7,48630.35,15,48639.45,30,870,2368140
BANKNIFTY-I.NFO,22/01/2025,09:47:25,48630.35,48630.35,30,48639.3,15,75,2368140
BANKNIFTY-I.NFO,22/01/2025,09:47:26,48635.85,48630.35,30,48635.85,15,45,2368140
BANKNIFTY-I.NFO,22/01/2025,09:47:28,48632.25,48631.7,45,48640,90,15,2368140
BANKNIFTY-I.NFO,22/01/2025,09:47:30,48640,48635.85,15,48640,30,75,2368140
BANKNIFTY-I.NFO,22/01/2025,09:47:31,48647.5,48635.9,15,48649.35,120,90,2368140
BANKNIFTY-I.NFO,22/01/2025,09:47:33,48634.75,48635.05,15,48649.6,15,390,2368140
BANKNIFTY-I.NFO,22/01/2025,09:47:35,48650.1,48640.1,90,48654.45,30,330,2368140
BANKNIFTY-I.NFO,22/01/2025,09:47:36,48640.05,48644.5,90,48650,30,30,2368140
BANKNIFTY-I.NFO,22/01/2025,09:47:38,48662.1,48647.45,90,48661.95,30,45,2368140
BANKNIFTY-I.NFO,22/01/2025,09:47:40,48648.95,48643.85,60,48659.65,120,60,2368140
BANKNIFTY-I.NFO,22/01/2025,09:47:41,48659.75,48650,735,48662.1,120,60,2368140
BANKNIFTY-I.NFO,22/01/2025,09:47:43,48657,48650.05,30,48656.25,30,15,2368140
BANKNIFTY-I.NFO,22/01/2025,09:47:45,48656.35,48656.5,15,48660,45,75,2368140
BANKNIFTY-I.NFO,22/01/2025,09:47:46,48663.15,48651.05,90,48667.3,120,75,2368140
BANKNIFTY-I.NFO,22/01/2025,09:47:48,48650,48650,705,48661.95,15,135,2368140
BANKNIFTY-I.NFO,22/01/2025,09:47:50,48660,48650,675,48662.05,75,60,2368140
BANKNIFTY-I.NFO,22/01/2025,09:47:51,48650,48650,660,48661.4,75,15,2368140
BANKNIFTY-I.NFO,22/01/2025,09:47:53,48650,48641.95,15,48656.05,60,675,2368140
BANKNIFTY-I.NFO,22/01/2025,09:47:54,48650,48637.45,30,48651,75,0,2368140
BANKNIFTY-I.NFO,22/01/2025,09:47:56,48646,48634.75,30,48646,15,90,2368140
BANKNIFTY-I.NFO,22/01/2025,09:47:58,48649.7,48636.25,15,48650,30,60,2368140
BANKNIFTY-I.NFO,22/01/2025,09:47:59,48649.7,48634.75,30,48647.7,30,0,2368140
BANKNIFTY-I.NFO,22/01/2025,09:48:01,48646,48639.35,120,48650,30,165,2368140
BANKNIFTY-I.NFO,22/01/2025,09:48:03,48650,48650,30,48658,15,105,2368140
BANKNIFTY-I.NFO,22/01/2025,09:48:04,48650,48650,90,48658.55,90,15,2368140
BANKNIFTY-I.NFO,22/01/2025,09:48:06,48647.9,48652.7,15,48660,915,675,2368140
BANKNIFTY-I.NFO,22/01/2025,09:48:08,48660,48648.3,15,48660,915,60,2368140
BANKNIFTY-I.NFO,22/01/2025,09:48:10,48660,48649.7,15,48660,915,0,2368140
BANKNIFTY-I.NFO,22/01/2025,09:48:11,48660,48650.5,15,48660,915,0,2368140
BANKNIFTY-I.NFO,22/01/2025,09:48:13,48650,48649.7,15,48660,915,15,2368140
BANKNIFTY-I.NFO,22/01/2025,09:48:15,48649.7,48649.55,15,48660,915,30,2368140
BANKNIFTY-I.NFO,22/01/2025,09:48:16,48660,48645.8,15,48659.45,15,15,2368140
BANKNIFTY-I.NFO,22/01/2025,09:48:18,48649.1,48642.15,15,48647,120,150,2368140
BANKNIFTY-I.NFO,22/01/2025,09:48:20,48649.1,48642.15,15,48648.3,120,30,2368140
BANKNIFTY-I.NFO,22/01/2025,09:48:21,48650.75,48645.25,45,48654.85,120,75,2368140
BANKNIFTY-I.NFO,22/01/2025,09:48:23,48650.75,48649.6,15,48653.35,30,0,2368140
BANKNIFTY-I.NFO,22/01/2025,09:48:25,48653.35,48649.6,15,48654.85,15,15,2368140
BANKNIFTY-I.NFO,22/01/2025,09:48:26,48641.8,48648,15,48654.85,15,285,2368140
BANKNIFTY-I.NFO,22/01/2025,09:48:28,48640,48635.1,15,48643.4,30,45,2368140
BANKNIFTY-I.NFO,22/01/2025,09:48:30,48635.1,48643.4,15,48648,15,15,2368140
BANKNIFTY-I.NFO,22/01/2025,09:48:31,48635.95,48635.75,15,48648,15,30,2368140
BANKNIFTY-I.NFO,22/01/2025,09:48:33,48635.95,48630.05,60,48641.85,15,0,2368140
BANKNIFTY-I.NFO,22/01/2025,09:48:35,48635.95,48633.95,45,48641.8,15,0,2368140
BANKNIFTY-I.NFO,22/01/2025,09:48:36,48633.9,48631.7,15,48641.8,15,15,2368140
BANKNIFTY-I.NFO,22/01/2025,09:48:38,48632.5,48632.7,15,48636.75,15,45,2368140
BANKNIFTY-I.NFO,22/01/2025,09:48:40,48632.7,48631.25,15,48636.75,15,30,2368140
BANKNIFTY-I.NFO,22/01/2025,09:48:41,48631.05,48630.25,15,48641.8,15,75,2368140
BANKNIFTY-I.NFO,22/01/2025,09:48:43,48631.05,48630.05,60,48639.3,150,0,2368140
BANKNIFTY-I.NFO,22/01/2025,09:48:45,48631.05,48632.7,120,48641.8,15,0,2368140
BANKNIFTY-I.NFO,22/01/2025,09:48:46,48631.05,48634.25,15,48641.8,15,0,2368140
BANKNIFTY-I.NFO,22/01/2025,09:48:48,48634.25,48634.25,105,48641.8,15,15,2368140
BANKNIFTY-I.NFO,22/01/2025,09:48:50,48634.25,48634.35,45,48640.6,30,0,2368140
BANKNIFTY-I.NFO,22/01/2025,09:48:51,48634.35,48634.4,60,48641.8,15,30,2368140
BANKNIFTY-I.NFO,22/01/2025,09:48:53,48634.35,48634.5,15,48641.8,15,0,2368140
BANKNIFTY-I.NFO,22/01/2025,09:48:55,48646.75,48638,90,48644.1,120,90,2368140
BANKNIFTY-I.NFO,22/01/2025,09:48:56,48637.6,48636.3,15,48652.35,120,1065,2371965
BANKNIFTY-I.NFO,22/01/2025,09:48:58,48636.8,48636.4,45,48652.6,120,45,2371965
BANKNIFTY-I.NFO,22/01/2025,09:49:00,48636.8,48636.3,30,48649.2,120,0,2371965
BANKNIFTY-I.NFO,22/01/2025,09:49:01,48636.8,48636.3,30,48647.35,15,0,2371965
BANKNIFTY-I.NFO,22/01/2025,09:49:03,48647.85,48636.85,120,48647.55,30,210,2371965
BANKNIFTY-I.NFO,22/01/2025,09:49:05,48646.9,48636.8,15,48648.85,30,15,2371965
BANKNIFTY-I.NFO,22/01/2025,09:49:06,48637.6,48634.35,15,48637.6,105,165,2371965
BANKNIFTY-I.NFO,22/01/2025,09:49:08,48634.35,48632,15,48636.65,30,15,2371965
BANKNIFTY-I.NFO,22/01/2025,09:49:10,48634.35,48632,15,48636.4,30,0,2371965
BANKNIFTY-I.NFO,22/01/2025,09:49:11,48632,48620,390,48632.05,150,240,2371965
BANKNIFTY-I.NFO,22/01/2025,09:49:13,48632,48620.05,90,48634,30,0,2371965
BANKNIFTY-I.NFO,22/01/2025,09:49:15,48632.05,48632,15,48633.35,30,30,2371965
BANKNIFTY-I.NFO,22/01/2025,09:49:16,48634.4,48634.35,15,48634.4,195,120,2371965
BANKNIFTY-I.NFO,22/01/2025,09:49:18,48637.6,48634.35,15,48637.6,15,480,2371965
BANKNIFTY-I.NFO,22/01/2025,09:49:20,48636.2,48636,120,48645.8,15,195,2371965
BANKNIFTY-I.NFO,22/01/2025,09:49:21,48647.85,48636.7,120,48647.85,60,60,2371965
BANKNIFTY-I.NFO,22/01/2025,09:49:23,48632.05,48630.05,15,48637.35,30,30,2371965
BANKNIFTY-I.NFO,22/01/2025,09:49:25,48632.05,48630.05,15,48640.4,60,0,2371965
BANKNIFTY-I.NFO,22/01/2025,09:49:26,48639.65,48625,45,48636.9,30,45,2371965
BANKNIFTY-I.NFO,22/01/2025,09:49:28,48639.65,48628.1,120,48642.85,15,0,2371965
BANKNIFTY-I.NFO,22/01/2025,09:49:30,48628.1,48632,60,48639.35,15,15,2371965
BANKNIFTY-I.NFO,22/01/2025,09:49:31,48628.1,48632.05,15,48644.9,15,0,2371965
BANKNIFTY-I.NFO,22/01/2025,09:49:33,48633.4,48633.45,120,48646.55,30,15,2371965
BANKNIFTY-I.NFO,22/01/2025,09:49:35,48633.4,48633.4,15,48646.1,15,0,2371965
BANKNIFTY-I.NFO,22/01/2025,09:49:36,48643.45,48634.85,120,48647.85,60,255,2371965
BANKNIFTY-I.NFO,22/01/2025,09:49:38,48647.85,48640.2,45,48647.85,45,15,2371965
BANKNIFTY-I.NFO,22/01/2025,09:49:40,48647.85,48640.2,30,48645,60,0,2371965
BANKNIFTY-I.NFO,22/01/2025,09:49:41,48640.2,48640.2,30,48645,60,15,2371965
BANKNIFTY-I.NFO,22/01/2025,09:49:43,48640.2,48640.2,15,48645,45,45,2371965
BANKNIFTY-I.NFO,22/01/2025,09:49:45,48646.7,48640.2,30,48650,15,165,2371965
BANKNIFTY-I.NFO,22/01/2025,09:49:46,48650,48640.2,30,48650.7,45,300,2371965
BANKNIFTY-I.NFO,22/01/2025,09:49:48,48650,48646.7,15,48650,15,0,2371965
BANKNIFTY-I.NFO,22/01/2025,09:49:50,48646.7,48640,30,48645.45,30,90,2371965
BANKNIFTY-I.NFO,22/01/2025,09:49:51,48646.7,48640,30,48646.5,30,0,2371965
BANKNIFTY-I.NFO,22/01/2025,09:49:53,48640,48635,15,48639.2,30,45,2371965
BANKNIFTY-I.NFO,22/01/2025,09:49:55,48625,48625,15,48632.3,15,180,2371965
BANKNIFTY-I.NFO,22/01/2025,09:49:56,48634.45,48625,30,48635.4,30,75,2371965
