Ticker,Date,Time,LTP,BuyPrice,BuyQty,SellPrice,SellQty,LTQ,OpenInterest
BANKNIFTY-II.NFO,22/01/2025,09:15:00,48831,49039.15,120,49158.85,120,60,1127730
BANKNIFTY-II.NFO,22/01/2025,09:15:00,48831,49039.15,120,49158.85,120,0,1127730
BANKNIFTY-II.NFO,22/01/2025,09:15:00,49150,49039.15,120,49158.85,120,0,1127730
BANKNIFTY-II.NFO,22/01/2025,09:15:00,48831,49039.15,120,49158.85,120,0,1127730
BANKNIFTY-II.NFO,22/01/2025,09:15:01,49074.7,49067.8,120,49149.3,120,750,1127730
BANKNIFTY-II.NFO,22/01/2025,09:15:03,49115.2,49078.85,90,49120.1,120,90,1127730
BANKNIFTY-II.NFO,22/01/2025,09:15:04,49113.65,49064.6,120,49113.65,120,30,1127730
BANKNIFTY-II.NFO,22/01/2025,09:15:06,49107.1,49071.2,120,49107.1,90,30,1127730
BANKNIFTY-II.NFO,22/01/2025,09:15:07,49072.15,49068.35,60,49110.2,120,330,1127730
BANKNIFTY-II.NFO,22/01/2025,09:15:09,49109.05,49073.15,60,49109.05,120,60,1127730
BANKNIFTY-II.NFO,22/01/2025,09:15:10,49070.2,49070.2,30,49108.75,120,60,1127730
BANKNIFTY-II.NFO,22/01/2025,09:15:12,49070.2,49078.2,90,49116.2,120,0,1127730
BANKNIFTY-II.NFO,22/01/2025,09:15:14,49070.2,49083.7,30,49113.1,120,0,1127730
BANKNIFTY-II.NFO,22/01/2025,09:15:15,49088.7,49095.85,150,49125.05,120,30,1127730
BANKNIFTY-II.NFO,22/01/2025,09:15:17,49110.2,49107.85,90,49129.8,30,30,1127730
BANKNIFTY-II.NFO,22/01/2025,09:15:18,49114.05,49115.15,150,49144.3,120,60,1127730
BANKNIFTY-II.NFO,22/01/2025,09:15:20,49114.05,49125.05,30,49146.45,120,0,1127730
BANKNIFTY-II.NFO,22/01/2025,09:15:21,49149.75,49117.85,30,49145.95,180,240,1127730
BANKNIFTY-II.NFO,22/01/2025,09:15:23,49113.05,49117.75,30,49140.7,120,480,1127730
BANKNIFTY-II.NFO,22/01/2025,09:15:25,49132.85,49104.4,90,49132.85,120,240,1127730
BANKNIFTY-II.NFO,22/01/2025,09:15:26,49103.45,49107.55,90,49129.45,120,60,1127730
BANKNIFTY-II.NFO,22/01/2025,09:15:28,49107.55,49108.35,30,49121.3,120,60,1127730
BANKNIFTY-II.NFO,22/01/2025,09:15:30,49114,49086.2,90,49114,120,210,1127730
BANKNIFTY-II.NFO,22/01/2025,09:15:31,49077.6,49077.6,120,49106.1,120,60,1127730
BANKNIFTY-II.NFO,22/01/2025,09:15:33,49077.6,49070.75,90,49098.2,120,0,1127730
BANKNIFTY-II.NFO,22/01/2025,09:15:34,49077.6,49064.4,90,49091.65,120,0,1127730
BANKNIFTY-II.NFO,22/01/2025,09:15:36,49077.6,49050.05,90,49076,120,0,1127730
BANKNIFTY-II.NFO,22/01/2025,09:15:38,49028.5,49026.8,30,49056,120,300,1127730
BANKNIFTY-II.NFO,22/01/2025,09:15:39,49021.5,49023.9,30,49051.35,120,90,1127730
BANKNIFTY-II.NFO,22/01/2025,09:15:41,49051.6,49039.05,30,49067.55,120,150,1127730
BANKNIFTY-II.NFO,22/01/2025,09:15:42,49076.6,49048.05,90,49075.45,120,60,1127730
BANKNIFTY-II.NFO,22/01/2025,09:15:44,49072.1,49042.15,120,49070.8,120,30,1127730
BANKNIFTY-II.NFO,22/01/2025,09:15:46,49069.9,49043.5,120,49069.9,90,120,1127730
BANKNIFTY-II.NFO,22/01/2025,09:15:47,49069.9,49045.6,120,49071,60,30,1127730
BANKNIFTY-II.NFO,22/01/2025,09:15:49,49071.55,49046.35,120,49073.35,30,30,1127730
BANKNIFTY-II.NFO,22/01/2025,09:15:51,49071.55,49043.6,120,49069,30,0,1127730
BANKNIFTY-II.NFO,22/01/2025,09:15:52,49071.55,49043.5,120,49064.3,30,0,1127730
BANKNIFTY-II.NFO,22/01/2025,09:15:54,49034.9,49034.9,120,49057.85,60,120,1127970
BANKNIFTY-II.NFO,22/01/2025,09:15:56,49050.35,49042.45,30,49043.6,30,150,1127970
BANKNIFTY-II.NFO,22/01/2025,09:15:57,49043.6,49044.75,30,49064.55,60,90,1127970
BANKNIFTY-II.NFO,22/01/2025,09:15:59,49030.2,49035.9,120,49063.8,120,1650,1127970
BANKNIFTY-II.NFO,22/01/2025,09:16:00,49030.2,49032.7,30,49057.5,120,0,1127970
BANKNIFTY-II.NFO,22/01/2025,09:16:02,49051.35,49004.6,120,49035.9,60,90,1127970
BANKNIFTY-II.NFO,22/01/2025,09:16:04,48990,48976.95,120,49011.85,30,270,1127970
BANKNIFTY-II.NFO,22/01/2025,09:16:05,49006.15,48975.35,120,49005.35,30,30,1127970
BANKNIFTY-II.NFO,22/01/2025,09:16:07,48976.8,48984.95,120,49011.4,30,30,1127970
BANKNIFTY-II.NFO,22/01/2025,09:16:09,48998.25,48972.15,120,49006.1,60,30,1127970
BANKNIFTY-II.NFO,22/01/2025,09:16:10,48998.25,48981.35,120,49009.1,60,0,1127970
BANKNIFTY-II.NFO,22/01/2025,09:16:12,48998.25,48976.85,120,49009.5,60,0,1127970
BANKNIFTY-II.NFO,22/01/2025,09:16:13,48998.25,48976.85,150,49002.25,90,30,1127970
BANKNIFTY-II.NFO,22/01/2025,09:16:15,48979.9,48980.45,120,49013.5,120,270,1127970
BANKNIFTY-II.NFO,22/01/2025,09:16:17,49008.5,48981,120,49008.25,60,60,1127970
BANKNIFTY-II.NFO,22/01/2025,09:16:18,49011.75,48983,120,49000,60,30,1127970
BANKNIFTY-II.NFO,22/01/2025,09:16:20,48987.95,48987.9,60,48999.95,90,60,1127970
BANKNIFTY-II.NFO,22/01/2025,09:16:21,48987.95,48989.1,60,49000,60,90,1127970
BANKNIFTY-II.NFO,22/01/2025,09:16:23,48989.25,48990.8,30,49021.2,120,90,1127970
BANKNIFTY-II.NFO,22/01/2025,09:16:25,48989.25,48997.2,30,49026.2,120,0,1127970
BANKNIFTY-II.NFO,22/01/2025,09:16:26,48989.25,48992.9,30,49026,120,0,1127970
BANKNIFTY-II.NFO,22/01/2025,09:16:28,48989.25,48997.1,60,49018.25,120,0,1127970
BANKNIFTY-II.NFO,22/01/2025,09:16:30,48989.25,49010.6,60,49037.1,120,0,1127970
BANKNIFTY-II.NFO,22/01/2025,09:16:31,48989.25,49018.95,30,49039.45,150,0,1127970
BANKNIFTY-II.NFO,22/01/2025,09:16:33,49040.4,49018.95,60,49040.4,120,30,1127970
BANKNIFTY-II.NFO,22/01/2025,09:16:34,49041.45,49018.95,90,49040.75,120,30,1127970
BANKNIFTY-II.NFO,22/01/2025,09:16:36,49018.95,49013.6,60,49035.85,120,30,1127970
BANKNIFTY-II.NFO,22/01/2025,09:16:38,49035.85,49018.15,120,49043.55,90,90,1127970
BANKNIFTY-II.NFO,22/01/2025,09:16:39,49035.9,49013.6,90,49037.85,150,150,1127970
BANKNIFTY-II.NFO,22/01/2025,09:16:41,49013.6,49013.6,60,49037.95,150,60,1127970
BANKNIFTY-II.NFO,22/01/2025,09:16:42,49013.6,49013.6,60,49036.75,150,0,1127970
BANKNIFTY-II.NFO,22/01/2025,09:16:44,49013.6,49006.25,60,49027,150,0,1127970
BANKNIFTY-II.NFO,22/01/2025,09:16:46,49006.25,49002.85,60,49027.1,180,60,1127970
BANKNIFTY-II.NFO,22/01/2025,09:16:47,49006.25,49002.85,90,49022.95,180,0,1127970
BANKNIFTY-II.NFO,22/01/2025,09:16:49,49006.25,49000.15,90,49020.2,120,0,1127970
BANKNIFTY-II.NFO,22/01/2025,09:16:51,49000.1,48989.05,30,49000.1,30,120,1127970
BANKNIFTY-II.NFO,22/01/2025,09:16:52,48989,48976.9,60,48999.6,120,90,1127970
BANKNIFTY-II.NFO,22/01/2025,09:16:54,48989,48976.9,60,49000.05,150,0,1127970
BANKNIFTY-II.NFO,22/01/2025,09:16:55,48989,48982.75,60,49000.1,30,0,1127970
BANKNIFTY-II.NFO,22/01/2025,09:16:57,49013.55,48992.65,120,49011.85,90,180,1127970
BANKNIFTY-II.NFO,22/01/2025,09:16:59,49013.55,48991.05,300,49009,90,0,1127970
BANKNIFTY-II.NFO,22/01/2025,09:17:00,49013.55,48992.25,120,49008.8,60,0,1127970
BANKNIFTY-II.NFO,22/01/2025,09:17:02,48992.1,48990.6,30,49008.8,150,240,1127970
BANKNIFTY-II.NFO,22/01/2025,09:17:04,48990.6,48992.6,30,49008.85,30,30,1127970
BANKNIFTY-II.NFO,22/01/2025,09:17:05,49013.6,49006.45,30,49020,300,210,1127970
BANKNIFTY-II.NFO,22/01/2025,09:17:07,49013.6,49009,30,49016.2,120,0,1127970
BANKNIFTY-II.NFO,22/01/2025,09:17:08,48989.1,48990.2,150,49013.75,120,180,1127970
BANKNIFTY-II.NFO,22/01/2025,09:17:10,49012.8,48987.05,120,49012.3,120,120,1127970
BANKNIFTY-II.NFO,22/01/2025,09:17:12,49012.8,48992.85,120,49010.2,30,0,1127970
BANKNIFTY-II.NFO,22/01/2025,09:17:13,48995.85,48995.95,90,49013.7,30,120,1127970
BANKNIFTY-II.NFO,22/01/2025,09:17:15,48995.85,49001.35,150,49013.55,60,0,1127970
BANKNIFTY-II.NFO,22/01/2025,09:17:17,49001.75,49001.8,30,49013.55,60,30,1127970
BANKNIFTY-II.NFO,22/01/2025,09:17:18,49013.7,49003.7,30,49019.9,120,90,1127970
BANKNIFTY-II.NFO,22/01/2025,09:17:20,49015,49006.3,30,49019.95,30,30,1127970
BANKNIFTY-II.NFO,22/01/2025,09:17:22,49020,49006.85,60,49035.75,180,330,1127970
BANKNIFTY-II.NFO,22/01/2025,09:17:23,49014.05,49015.1,30,49036.85,150,30,1127970
BANKNIFTY-II.NFO,22/01/2025,09:17:25,49014.75,49016.45,150,49036.75,150,60,1127970
BANKNIFTY-II.NFO,22/01/2025,09:17:26,49014.75,49023.95,150,49036.8,60,0,1127970
BANKNIFTY-II.NFO,22/01/2025,09:17:28,49014.75,49025.8,60,49036.75,30,0,1127970
BANKNIFTY-II.NFO,22/01/2025,09:17:30,49037,49027.55,150,49043.6,60,150,1127970
BANKNIFTY-II.NFO,22/01/2025,09:17:31,49029.35,49029.45,150,49050,120,930,1127970
BANKNIFTY-II.NFO,22/01/2025,09:17:33,49050,49042.5,150,49066.2,210,120,1127970
BANKNIFTY-II.NFO,22/01/2025,09:17:35,49051.1,49045.15,150,49073.55,120,30,1127970
BANKNIFTY-II.NFO,22/01/2025,09:17:36,49046.6,49050.8,150,49075.1,180,30,1127970
BANKNIFTY-II.NFO,22/01/2025,09:17:38,49075.1,49052.3,30,49076.25,180,30,1127970
BANKNIFTY-II.NFO,22/01/2025,09:17:40,49075.1,49065.35,30,49089.3,120,0,1127970
BANKNIFTY-II.NFO,22/01/2025,09:17:41,49075.1,49050.95,30,49080.3,150,0,1127970
BANKNIFTY-II.NFO,22/01/2025,09:17:43,49057.45,49053.2,30,49078.95,180,150,1127970
BANKNIFTY-II.NFO,22/01/2025,09:17:44,49057.45,49049.85,30,49073.65,120,0,1127970
BANKNIFTY-II.NFO,22/01/2025,09:17:46,49057.45,49060,30,49083.35,120,0,1127970
BANKNIFTY-II.NFO,22/01/2025,09:17:48,49057.45,49053.45,30,49075.85,120,0,1127970
BANKNIFTY-II.NFO,22/01/2025,09:17:49,49057.45,49055.45,30,49079.15,120,0,1127970
BANKNIFTY-II.NFO,22/01/2025,09:17:51,49078.15,49057.7,150,49075.95,90,150,1127970
BANKNIFTY-II.NFO,22/01/2025,09:17:52,49070.45,49057.85,30,49070.15,90,30,1127970
BANKNIFTY-II.NFO,22/01/2025,09:17:54,49070.45,49057.5,120,49077.25,60,0,1127970
BANKNIFTY-II.NFO,22/01/2025,09:17:56,49076.95,49057.6,270,49079.5,30,30,1127970
BANKNIFTY-II.NFO,22/01/2025,09:17:58,49076.95,49057.45,30,49074.55,60,0,1127970
BANKNIFTY-II.NFO,22/01/2025,09:17:59,49076.95,49057.5,150,49077.05,30,0,1127970
BANKNIFTY-II.NFO,22/01/2025,09:18:01,49076.95,49057.6,150,49076.35,30,0,1127970
BANKNIFTY-II.NFO,22/01/2025,09:18:04,49057.6,49057.5,120,49072.95,60,30,1127970
BANKNIFTY-II.NFO,22/01/2025,09:18:06,49057.6,49057.6,150,49076.9,60,0,1127970
BANKNIFTY-II.NFO,22/01/2025,09:18:07,49057.6,49057.45,30,49072.7,60,0,1127970
BANKNIFTY-II.NFO,22/01/2025,09:18:09,49057.45,49058,30,49068.05,60,30,1127970
BANKNIFTY-II.NFO,22/01/2025,09:18:11,49074,49055.05,120,49076.8,30,30,1127970
BANKNIFTY-II.NFO,22/01/2025,09:18:12,49074,49056.75,120,49076.9,60,0,1127970
BANKNIFTY-II.NFO,22/01/2025,09:18:14,49074,49057.8,120,49076.9,30,0,1127970
BANKNIFTY-II.NFO,22/01/2025,09:18:16,49057.8,49058.95,120,49076.95,60,30,1127970
BANKNIFTY-II.NFO,22/01/2025,09:18:17,49070.7,49059.2,120,49079.7,60,60,1127970
BANKNIFTY-II.NFO,22/01/2025,09:18:19,49070.7,49056.25,120,49077.6,60,0,1127970
BANKNIFTY-II.NFO,22/01/2025,09:18:20,49079.9,49075.05,30,49079.95,150,30,1127970
BANKNIFTY-II.NFO,22/01/2025,09:18:22,49079.95,49075.8,60,49079.95,30,120,1127970
BANKNIFTY-II.NFO,22/01/2025,09:18:24,49079.95,49076.3,30,49092.15,90,60,1127970
BANKNIFTY-II.NFO,22/01/2025,09:18:25,49079.95,49075.3,210,49097.15,30,0,1127970
BANKNIFTY-II.NFO,22/01/2025,09:18:27,49079.95,49075.05,150,49093.65,30,0,1127970
BANKNIFTY-II.NFO,22/01/2025,09:18:29,49080.3,49085.15,120,49099,30,30,1127970
BANKNIFTY-II.NFO,22/01/2025,09:18:30,49092,49087.05,120,49100,120,30,1127970
BANKNIFTY-II.NFO,22/01/2025,09:18:32,49100,49088.3,30,49099.95,90,60,1127970
BANKNIFTY-II.NFO,22/01/2025,09:18:34,49100,49089.05,150,49100,30,150,1127970
BANKNIFTY-II.NFO,22/01/2025,09:18:35,49100,49090.65,120,49100,60,0,1127970
BANKNIFTY-II.NFO,22/01/2025,09:18:37,49100,49091.3,30,49099.95,30,0,1127970
BANKNIFTY-II.NFO,22/01/2025,09:18:38,49091.55,49091.9,30,49100,60,30,1127970
BANKNIFTY-II.NFO,22/01/2025,09:18:40,49092.55,49075.45,120,49095.35,60,60,1127970
BANKNIFTY-II.NFO,22/01/2025,09:18:42,49098.15,49080.15,120,49100,90,300,1127970
BANKNIFTY-II.NFO,22/01/2025,09:18:43,49098.15,49082.85,150,49100,90,0,1127970
BANKNIFTY-II.NFO,22/01/2025,09:18:45,49098.15,49082.95,120,49100,90,0,1127970
BANKNIFTY-II.NFO,22/01/2025,09:18:47,49098.15,49075.55,30,49097.45,60,0,1127970
BANKNIFTY-II.NFO,22/01/2025,09:18:48,49093,49077.15,120,49099.5,60,30,1127970
BANKNIFTY-II.NFO,22/01/2025,09:18:50,49100,49079.75,30,49098.95,60,90,1127970
BANKNIFTY-II.NFO,22/01/2025,09:18:52,49094.95,49065.35,120,49085.8,60,90,1127970
BANKNIFTY-II.NFO,22/01/2025,09:18:53,49094.95,49064.5,30,49086.1,60,0,1127970
BANKNIFTY-II.NFO,22/01/2025,09:18:55,49094.95,49060.15,30,49082.1,60,0,1127970
BANKNIFTY-II.NFO,22/01/2025,09:18:57,49094.95,49059.1,150,49079.1,60,0,1127970
BANKNIFTY-II.NFO,22/01/2025,09:18:58,49094.95,49065.85,120,49088.9,60,0,1127970
BANKNIFTY-II.NFO,22/01/2025,09:19:00,49065.8,49060.65,120,49083.9,30,30,1127970
BANKNIFTY-II.NFO,22/01/2025,09:19:02,49055.2,49055.3,60,49060,30,30,1127970
BANKNIFTY-II.NFO,22/01/2025,09:19:03,49060,49050,120,49066.05,60,30,1127970
BANKNIFTY-II.NFO,22/01/2025,09:19:05,49064.65,49050.55,60,49069.65,60,30,1127970
BANKNIFTY-II.NFO,22/01/2025,09:19:07,49064.65,49052.5,120,49071.4,30,0,1127970
BANKNIFTY-II.NFO,22/01/2025,09:19:08,49064.65,49050.8,90,49067.1,30,0,1127970
BANKNIFTY-II.NFO,22/01/2025,09:19:10,49051.05,49050.05,150,49070.5,30,30,1127970
BANKNIFTY-II.NFO,22/01/2025,09:19:12,49051.05,49050.65,30,49063.3,30,0,1127970
BANKNIFTY-II.NFO,22/01/2025,09:19:13,49051.05,49050.15,120,49068.95,30,0,1127970
BANKNIFTY-II.NFO,22/01/2025,09:19:15,49076.3,49056.15,120,49076.6,90,30,1127970
BANKNIFTY-II.NFO,22/01/2025,09:19:17,49075.05,49052.3,180,49072.85,90,60,1127970
BANKNIFTY-II.NFO,22/01/2025,09:19:18,49075.05,49052.35,120,49072.8,60,0,1127970
BANKNIFTY-II.NFO,22/01/2025,09:19:20,49075.05,49052.7,60,49075.1,30,0,1127970
BANKNIFTY-II.NFO,22/01/2025,09:19:22,49075.05,49053.1,120,49073.95,60,0,1127970
BANKNIFTY-II.NFO,22/01/2025,09:19:23,49075.05,49051.3,30,49063,90,0,1127970
BANKNIFTY-II.NFO,22/01/2025,09:19:25,49052.35,49051.05,150,49069.3,30,30,1127970
BANKNIFTY-II.NFO,22/01/2025,09:19:27,49052.35,49051,60,49066.4,90,0,1127970
BANKNIFTY-II.NFO,22/01/2025,09:19:28,49052.35,49051.05,150,49068.2,90,0,1127970
BANKNIFTY-II.NFO,22/01/2025,09:19:30,49052.15,49051.5,150,49068.5,60,30,1127970
BANKNIFTY-II.NFO,22/01/2025,09:19:32,49072.95,49051.5,150,49069.9,30,30,1127970
BANKNIFTY-II.NFO,22/01/2025,09:19:33,49072.95,49051.9,120,49072.2,30,0,1127970
BANKNIFTY-II.NFO,22/01/2025,09:19:35,49072.95,49052.5,120,49074,30,0,1127970
BANKNIFTY-II.NFO,22/01/2025,09:19:37,49072.95,49056.8,150,49075,60,0,1127970
BANKNIFTY-II.NFO,22/01/2025,09:19:38,49072.95,49066.15,120,49075,30,0,1127970
BANKNIFTY-II.NFO,22/01/2025,09:19:40,49075,49070.35,120,49092.2,90,30,1127970
BANKNIFTY-II.NFO,22/01/2025,09:19:42,49075,49066.8,120,49087.85,60,0,1127970
BANKNIFTY-II.NFO,22/01/2025,09:19:43,49075,49061.45,120,49081.2,60,0,1127970
BANKNIFTY-II.NFO,22/01/2025,09:19:45,49083.5,49067.8,150,49087.85,60,30,1127970
BANKNIFTY-II.NFO,22/01/2025,09:19:47,49083.5,49070.1,120,49089.55,30,0,1127970
BANKNIFTY-II.NFO,22/01/2025,09:19:48,49070.1,49064.6,120,49086.4,60,30,1127970
BANKNIFTY-II.NFO,22/01/2025,09:19:50,49055.55,49053.4,120,49070.05,60,30,1127970
BANKNIFTY-II.NFO,22/01/2025,09:19:52,49055.55,49056.6,120,49076.95,60,0,1127970
BANKNIFTY-II.NFO,22/01/2025,09:19:52,49055.55,49057,180,49078.9,90,0,1127970
BANKNIFTY-II.NFO,22/01/2025,09:19:54,49057.6,49058.8,150,49077.05,120,30,1127970
BANKNIFTY-II.NFO,22/01/2025,09:19:55,49057.6,49056.45,120,49076.65,90,0,1127970
BANKNIFTY-II.NFO,22/01/2025,09:19:57,49057.6,49056.9,120,49076.75,90,0,1127970
BANKNIFTY-II.NFO,22/01/2025,09:19:59,49057.6,49061,120,49082.25,120,0,1127970
BANKNIFTY-II.NFO,22/01/2025,09:20:00,49057.6,49056.95,90,49075.65,90,0,1127970
BANKNIFTY-II.NFO,22/01/2025,09:20:02,49057.6,49056.05,120,49075.65,90,0,1127970
BANKNIFTY-II.NFO,22/01/2025,09:20:04,49057.6,49051.15,150,49068.75,120,0,1127970
BANKNIFTY-II.NFO,22/01/2025,09:20:05,49072.4,49051,60,49070.45,60,150,1127970
BANKNIFTY-II.NFO,22/01/2025,09:20:07,49069.45,49054.3,120,49075.25,60,30,1127970
BANKNIFTY-II.NFO,22/01/2025,09:20:09,49071.6,49054.35,120,49076,30,60,1127970
BANKNIFTY-II.NFO,22/01/2025,09:20:10,49071.6,49061.3,60,49077.55,30,0,1127970
BANKNIFTY-II.NFO,22/01/2025,09:20:12,49065.25,49065.25,120,49085,30,30,1127970
BANKNIFTY-II.NFO,22/01/2025,09:20:14,49085,49071.35,120,49093.2,30,30,1127970
BANKNIFTY-II.NFO,22/01/2025,09:20:15,49085,49071.6,120,49091.55,30,0,1127970
BANKNIFTY-II.NFO,22/01/2025,09:20:17,49071.7,49076.4,150,49094.9,60,30,1127970
BANKNIFTY-II.NFO,22/01/2025,09:20:19,49071.7,49070.15,150,49088.55,60,0,1127970
BANKNIFTY-II.NFO,22/01/2025,09:20:20,49071.7,49074.65,120,49094.6,60,0,1127970
BANKNIFTY-II.NFO,22/01/2025,09:20:22,49071.7,49077.05,180,49094.9,60,0,1127970
BANKNIFTY-II.NFO,22/01/2025,09:20:24,49071.7,49082.7,120,49094.95,30,0,1127970
BANKNIFTY-II.NFO,22/01/2025,09:20:25,49071.7,49084.5,120,49094.95,30,0,1127970
BANKNIFTY-II.NFO,22/01/2025,09:20:27,49071.7,49086.4,120,49094.95,30,0,1127970
BANKNIFTY-II.NFO,22/01/2025,09:20:29,49086.6,49088.3,150,49094.95,30,60,1127970
BANKNIFTY-II.NFO,22/01/2025,09:20:30,49086.6,49089.15,30,49094.9,120,0,1127970
BANKNIFTY-II.NFO,22/01/2025,09:20:32,49089.8,49071.75,150,49089.35,120,60,1127970
BANKNIFTY-II.NFO,22/01/2025,09:20:34,49094.95,49086.3,150,49100,150,870,1127970
BANKNIFTY-II.NFO,22/01/2025,09:20:35,49086.35,49083.95,60,49095.3,150,570,1127970
BANKNIFTY-II.NFO,22/01/2025,09:20:37,49086.35,49084.85,30,49091.95,150,0,1127970
BANKNIFTY-II.NFO,22/01/2025,09:20:39,49085.15,49072.1,150,49087.95,30,60,1127970
BANKNIFTY-II.NFO,22/01/2025,09:20:40,49083.5,49072.55,30,49080.15,30,60,1127970
BANKNIFTY-II.NFO,22/01/2025,09:20:42,49075.1,49051.15,150,49068.3,60,240,1127970
BANKNIFTY-II.NFO,22/01/2025,09:20:44,49075.1,49053.35,120,49073.2,30,0,1127970
BANKNIFTY-II.NFO,22/01/2025,09:20:45,49075.1,49052.5,30,49060.4,150,0,1127970
BANKNIFTY-II.NFO,22/01/2025,09:20:47,49075.1,49054.2,30,49068.15,30,0,1127970
BANKNIFTY-II.NFO,22/01/2025,09:20:49,49075.1,49057.15,30,49059.95,150,0,1127970
BANKNIFTY-II.NFO,22/01/2025,09:20:50,49075.1,49059.9,30,49061.8,150,0,1127970
BANKNIFTY-II.NFO,22/01/2025,09:20:52,49060.1,49051.75,30,49062.7,150,30,1127970
BANKNIFTY-II.NFO,22/01/2025,09:20:54,49062.65,49054.75,30,49060.1,30,30,1127970
BANKNIFTY-II.NFO,22/01/2025,09:20:55,49062.65,49056,30,49060.1,30,0,1127970
BANKNIFTY-II.NFO,22/01/2025,09:20:57,49062.65,49057.25,30,49060.1,30,0,1127970
BANKNIFTY-II.NFO,22/01/2025,09:20:59,49060.1,49059.95,30,49067.8,60,30,1127970
BANKNIFTY-II.NFO,22/01/2025,09:21:00,49052,49054,150,49071.3,30,60,1127970
BANKNIFTY-II.NFO,22/01/2025,09:21:02,49052,49054.35,30,49068.05,30,0,1127970
BANKNIFTY-II.NFO,22/01/2025,09:21:04,49052,49053.9,120,49069.2,30,0,1127970
BANKNIFTY-II.NFO,22/01/2025,09:21:05,49052,49053.45,150,49070.5,30,0,1127970
BANKNIFTY-II.NFO,22/01/2025,09:21:07,49052,49054.9,30,49066.55,30,0,1127970
BANKNIFTY-II.NFO,22/01/2025,09:21:09,49050.25,49050.85,120,49064.7,120,150,1127970
BANKNIFTY-II.NFO,22/01/2025,09:21:10,49050.25,49054.1,30,49060.6,120,0,1127970
BANKNIFTY-II.NFO,22/01/2025,09:21:12,49050.25,49056.65,30,49069,120,0,1127970
BANKNIFTY-II.NFO,22/01/2025,09:21:14,49050.25,49058.6,90,49073.7,120,0,1127970
BANKNIFTY-II.NFO,22/01/2025,09:21:15,49050.25,49061.15,30,49071.05,150,0,1127970
BANKNIFTY-II.NFO,22/01/2025,09:21:17,49050.25,49063.35,30,49065.4,150,0,1127970
BANKNIFTY-II.NFO,22/01/2025,09:21:19,49050.25,49065.15,30,49074.35,120,0,1127970
BANKNIFTY-II.NFO,22/01/2025,09:21:20,49050.25,49066.65,30,49078.6,120,0,1127970
BANKNIFTY-II.NFO,22/01/2025,09:21:22,49078.85,49067.65,30,49079.65,120,30,1127970
BANKNIFTY-II.NFO,22/01/2025,09:21:24,49078.85,49069.75,30,49075.35,150,0,1127970
BANKNIFTY-II.NFO,22/01/2025,09:21:25,49070.9,49056.75,30,49065.4,150,30,1127970
BANKNIFTY-II.NFO,22/01/2025,09:21:27,49070.9,49058.35,30,49064.75,150,0,1127970
BANKNIFTY-II.NFO,22/01/2025,09:21:29,49070.9,49060.7,30,49066.15,150,0,1127970
BANKNIFTY-II.NFO,22/01/2025,09:21:30,49070.9,49062.95,30,49077.25,120,0,1127970
BANKNIFTY-II.NFO,22/01/2025,09:21:32,49070.9,49063.85,120,49077.5,120,0,1127970
BANKNIFTY-II.NFO,22/01/2025,09:21:34,49070.9,49068.45,120,49089.1,120,0,1127970
BANKNIFTY-II.NFO,22/01/2025,09:21:35,49070.9,49072.35,150,49089.75,150,0,1127970
BANKNIFTY-II.NFO,22/01/2025,09:21:37,49070.9,49076.95,150,49092.1,30,0,1127970
BANKNIFTY-II.NFO,22/01/2025,09:21:39,49070.9,49079.45,30,49090.15,120,0,1127970
BANKNIFTY-II.NFO,22/01/2025,09:21:40,49080.9,49069.8,60,49086.65,120,30,1127970
BANKNIFTY-II.NFO,22/01/2025,09:21:42,49080.9,49060.05,150,49074.1,120,0,1127970
BANKNIFTY-II.NFO,22/01/2025,09:21:44,49080.9,49065.35,120,49082.35,150,0,1127970
BANKNIFTY-II.NFO,22/01/2025,09:21:45,49080.9,49065.35,150,49082.35,150,0,1127970
BANKNIFTY-II.NFO,22/01/2025,09:21:47,49079.65,49067.4,150,49084.9,150,30,1127970
BANKNIFTY-II.NFO,22/01/2025,09:21:48,49079.65,49067.4,150,49083.9,120,0,1127970
BANKNIFTY-II.NFO,22/01/2025,09:21:50,49079.65,49070,30,49077.95,120,0,1127970
BANKNIFTY-II.NFO,22/01/2025,09:21:52,49079.65,49070,30,49079.35,120,0,1127970
BANKNIFTY-II.NFO,22/01/2025,09:21:53,49070,49060,30,49073.05,90,60,1127730
BANKNIFTY-II.NFO,22/01/2025,09:21:55,49070,49060,30,49075,120,0,1127730
BANKNIFTY-II.NFO,22/01/2025,09:21:57,49070,49060,30,49070.2,120,0,1127730
BANKNIFTY-II.NFO,22/01/2025,09:21:58,49066,49060,30,49067.5,90,30,1127730
BANKNIFTY-II.NFO,22/01/2025,09:22:00,49060,49050.25,60,49063.65,120,30,1127730
BANKNIFTY-II.NFO,22/01/2025,09:22:01,49064.45,49050.25,60,49061.2,180,120,1127730
BANKNIFTY-II.NFO,22/01/2025,09:22:03,49050,49035.95,60,49052.2,180,150,1127730
BANKNIFTY-II.NFO,22/01/2025,09:22:05,49045.4,49028.6,120,49045.4,30,30,1127730
BANKNIFTY-II.NFO,22/01/2025,09:22:06,49045.4,49035.5,150,49052.95,180,0,1127730
BANKNIFTY-II.NFO,22/01/2025,09:22:08,49049.65,49031.9,150,49048.95,180,90,1127730
BANKNIFTY-II.NFO,22/01/2025,09:22:10,49049.65,49031.15,150,49047.45,60,0,1127730
BANKNIFTY-II.NFO,22/01/2025,09:22:12,49029.15,49031.65,120,49049.7,30,30,1127730
BANKNIFTY-II.NFO,22/01/2025,09:22:13,49046.8,49025.55,120,49043.15,90,30,1127730
BANKNIFTY-II.NFO,22/01/2025,09:22:15,49050,49026.9,120,49045.1,210,2700,1127730
BANKNIFTY-II.NFO,22/01/2025,09:22:16,49050,49023.65,30,49041.2,150,0,1127730
BANKNIFTY-II.NFO,22/01/2025,09:22:18,49035.85,49022.3,60,49039.3,150,60,1127730
BANKNIFTY-II.NFO,22/01/2025,09:22:20,49035.85,49021.35,120,49040.25,210,0,1127730
BANKNIFTY-II.NFO,22/01/2025,09:22:21,49035.85,49019,90,49035.4,150,0,1127730
BANKNIFTY-II.NFO,22/01/2025,09:22:23,49021.4,49019.8,30,49036.4,150,270,1127730
BANKNIFTY-II.NFO,22/01/2025,09:22:25,49021.4,49026.5,30,49036.45,150,0,1127730
BANKNIFTY-II.NFO,22/01/2025,09:22:26,49021.4,49026.5,30,49039.1,150,0,1127730
BANKNIFTY-II.NFO,22/01/2025,09:22:28,49026.5,49019.05,60,49035.75,150,30,1127730
BANKNIFTY-II.NFO,22/01/2025,09:22:30,49025,49018.95,60,49035.95,150,60,1127730
BANKNIFTY-II.NFO,22/01/2025,09:22:31,49025,49019.3,90,49034.9,150,0,1127730
BANKNIFTY-II.NFO,22/01/2025,09:22:33,49025,49013.95,30,49034.15,150,0,1127730
BANKNIFTY-II.NFO,22/01/2025,09:22:35,49025,49020,90,49036.5,90,0,1127730
BANKNIFTY-II.NFO,22/01/2025,09:22:36,49025,49020,60,49034.9,90,0,1127730
BANKNIFTY-II.NFO,22/01/2025,09:22:38,49020,49007.5,30,49024.2,90,60,1127730
BANKNIFTY-II.NFO,22/01/2025,09:22:40,49005,49000.1,30,49012,90,60,1127730
BANKNIFTY-II.NFO,22/01/2025,09:22:41,49000,48988.55,120,48999.95,90,210,1127730
BANKNIFTY-II.NFO,22/01/2025,09:22:43,48998.45,48981.45,30,48998.5,150,90,1127730
BANKNIFTY-II.NFO,22/01/2025,09:22:44,48980,48974.05,30,48987.4,30,60,1127730
BANKNIFTY-II.NFO,22/01/2025,09:22:46,48967.7,48969.9,60,48986.25,30,90,1127730
BANKNIFTY-II.NFO,22/01/2025,09:22:48,48985.05,48973.15,90,48989.95,30,30,1127730
BANKNIFTY-II.NFO,22/01/2025,09:22:49,48985.05,48978.5,120,48996.55,30,0,1127730
BANKNIFTY-II.NFO,22/01/2025,09:22:51,48985.05,48980.45,60,48997.15,90,90,1127730
BANKNIFTY-II.NFO,22/01/2025,09:22:53,48985.05,48982.55,60,48999,90,0,1127730
BANKNIFTY-II.NFO,22/01/2025,09:22:54,48986.9,48986.9,150,49000,30,30,1127730
BANKNIFTY-II.NFO,22/01/2025,09:22:56,48998.5,48990.95,150,49000,30,300,1127730
BANKNIFTY-II.NFO,22/01/2025,09:22:58,48998,48996.95,60,49005,30,120,1127730
BANKNIFTY-II.NFO,22/01/2025,09:22:59,48999,48995.7,30,49005,30,30,1127730
BANKNIFTY-II.NFO,22/01/2025,09:23:01,49005,49004.6,30,49023.9,180,30,1127730
BANKNIFTY-II.NFO,22/01/2025,09:23:03,49005,48994.75,30,49003.95,30,0,1127730
BANKNIFTY-II.NFO,22/01/2025,09:23:04,49005,48991.6,60,49007.9,120,0,1127730
BANKNIFTY-II.NFO,22/01/2025,09:23:06,49005,48995.25,60,49007.95,30,0,1127730
BANKNIFTY-II.NFO,22/01/2025,09:23:08,49005.95,48994.05,30,49005.95,30,60,1127730
BANKNIFTY-II.NFO,22/01/2025,09:23:09,49005.95,48994.25,30,49003.95,30,0,1127730
BANKNIFTY-II.NFO,22/01/2025,09:23:11,49005.95,48990,60,48994.75,30,60,1127730
BANKNIFTY-II.NFO,22/01/2025,09:23:13,49005.95,48990,60,48994.75,30,0,1127730
BANKNIFTY-II.NFO,22/01/2025,09:23:14,48990,48990,30,48994.75,30,30,1127730
BANKNIFTY-II.NFO,22/01/2025,09:23:16,48990,48990.75,60,49003.95,30,90,1127730
BANKNIFTY-II.NFO,22/01/2025,09:23:18,48990.85,49000.35,60,49005,30,30,1127730
BANKNIFTY-II.NFO,22/01/2025,09:23:19,48990.85,48997.5,90,49005,30,0,1127730
BANKNIFTY-II.NFO,22/01/2025,09:23:21,48997,48998.65,120,49005,30,30,1127730
BANKNIFTY-II.NFO,22/01/2025,09:23:23,49005,49017.35,90,49035.95,30,30,1127730
BANKNIFTY-II.NFO,22/01/2025,09:23:24,49005,49009.1,60,49019.95,30,0,1127730
BANKNIFTY-II.NFO,22/01/2025,09:23:26,49005,49008.7,150,49019.95,30,0,1127730
BANKNIFTY-II.NFO,22/01/2025,09:23:28,49013.15,49013.6,90,49031.95,30,30,1127730
BANKNIFTY-II.NFO,22/01/2025,09:23:29,49017.95,49020.55,60,49039.85,120,30,1127730
BANKNIFTY-II.NFO,22/01/2025,09:23:31,49017.95,49026.8,90,49043.9,180,0,1127730
BANKNIFTY-II.NFO,22/01/2025,09:23:33,49024.25,49018.9,60,49025.95,30,30,1127730
BANKNIFTY-II.NFO,22/01/2025,09:23:34,49024.25,49023.8,90,49045.75,120,0,1127730
BANKNIFTY-II.NFO,22/01/2025,09:23:36,49024.25,49016.1,60,49033.9,120,0,1127730
BANKNIFTY-II.NFO,22/01/2025,09:23:38,49024.25,49013.35,90,49029.95,30,0,1127730
BANKNIFTY-II.NFO,22/01/2025,09:23:39,49024.25,49007.35,60,49021.95,30,0,1127730
BANKNIFTY-II.NFO,22/01/2025,09:23:41,49024.25,49003.45,60,49021.9,120,0,1127730
BANKNIFTY-II.NFO,22/01/2025,09:23:43,49024.25,49006.75,60,49031.45,180,0,1127730
BANKNIFTY-II.NFO,22/01/2025,09:23:44,49024.25,49000,30,49011.95,30,0,1127730
BANKNIFTY-II.NFO,22/01/2025,09:23:46,49024.25,49000,30,49007.9,180,0,1127730
BANKNIFTY-II.NFO,22/01/2025,09:23:48,48990,48990.05,150,48999.95,30,60,1127730
BANKNIFTY-II.NFO,22/01/2025,09:23:49,49001.95,48990,90,48999.9,120,90,1127730
BANKNIFTY-II.NFO,22/01/2025,09:23:51,49001.95,48990,90,48999.9,120,0,1127730
BANKNIFTY-II.NFO,22/01/2025,09:23:53,48997.9,48986.9,30,48997.9,180,120,1127730
BANKNIFTY-II.NFO,22/01/2025,09:23:54,48995.9,48986.9,30,48995.9,180,30,1127730
BANKNIFTY-II.NFO,22/01/2025,09:23:56,48971.95,48966.55,120,48973.95,30,90,1127730
BANKNIFTY-II.NFO,22/01/2025,09:23:58,48971.95,48966.9,90,48977.95,30,0,1127730
BANKNIFTY-II.NFO,22/01/2025,09:23:59,48971.95,48954.35,90,48969.9,120,0,1127730
BANKNIFTY-II.NFO,22/01/2025,09:24:01,48971.95,48955.75,90,48967.95,30,0,1127730
BANKNIFTY-II.NFO,22/01/2025,09:24:03,48971.95,48964.75,120,48979.9,120,0,1127730
BANKNIFTY-II.NFO,22/01/2025,09:24:04,48971.95,48950.65,120,48961.95,30,0,1127730
BANKNIFTY-II.NFO,22/01/2025,09:24:06,48961.95,48961.6,150,48971.95,60,30,1127730
BANKNIFTY-II.NFO,22/01/2025,09:24:08,48961.95,48960,30,48967.9,120,0,1127730
BANKNIFTY-II.NFO,22/01/2025,09:24:09,48961.95,48962.7,150,48971.95,30,0,1127730
BANKNIFTY-II.NFO,22/01/2025,09:24:11,48965.4,48965.35,30,48971.95,30,90,1127730
BANKNIFTY-II.NFO,22/01/2025,09:24:13,48984.95,48965.45,180,48977.95,30,90,1127730
BANKNIFTY-II.NFO,22/01/2025,09:24:14,48984.95,48960.1,90,48973.95,30,0,1127730
BANKNIFTY-II.NFO,22/01/2025,09:24:16,48984.95,48960.35,60,48977.9,120,0,1127730
BANKNIFTY-II.NFO,22/01/2025,09:24:18,48984.95,48960,30,48971.9,120,0,1127730
BANKNIFTY-II.NFO,22/01/2025,09:24:19,48970.5,48960,30,48970.5,120,30,1127730
BANKNIFTY-II.NFO,22/01/2025,09:24:21,48970.5,48965.7,30,48977.95,30,0,1127730
BANKNIFTY-II.NFO,22/01/2025,09:24:23,48965.65,48972,60,48978.1,120,30,1127730
BANKNIFTY-II.NFO,22/01/2025,09:24:24,48972,48972,30,48974.9,120,30,1127730
BANKNIFTY-II.NFO,22/01/2025,09:24:26,48972,48972,30,48980.6,120,0,1127730
BANKNIFTY-II.NFO,22/01/2025,09:24:28,48972,48972,30,48982.1,120,0,1127730
BANKNIFTY-II.NFO,22/01/2025,09:24:29,48972,48972.75,60,48981.55,90,0,1127730
BANKNIFTY-II.NFO,22/01/2025,09:24:31,48985.95,48974.75,60,48987.95,30,30,1127730
BANKNIFTY-II.NFO,22/01/2025,09:24:33,48973.8,48973.8,90,48985.9,90,60,1127730
BANKNIFTY-II.NFO,22/01/2025,09:24:34,48973.8,48978.1,90,48989.9,90,0,1127730
BANKNIFTY-II.NFO,22/01/2025,09:24:36,48978,48972,30,48985.9,270,30,1127730
BANKNIFTY-II.NFO,22/01/2025,09:24:38,48972,48966.2,60,48979.9,90,30,1127730
BANKNIFTY-II.NFO,22/01/2025,09:24:39,48972,48969.2,60,48979.9,90,0,1127730
BANKNIFTY-II.NFO,22/01/2025,09:24:41,48972,48979.8,90,48990.85,30,0,1127730
BANKNIFTY-II.NFO,22/01/2025,09:24:43,49003.95,48995.85,60,49005.95,30,150,1127730
BANKNIFTY-II.NFO,22/01/2025,09:24:44,49005.95,49006.95,150,49024,90,30,1127730
BANKNIFTY-II.NFO,22/01/2025,09:24:46,49011.6,49015,180,49024,30,30,1127730
BANKNIFTY-II.NFO,22/01/2025,09:24:48,49024,49017.65,60,49033.95,30,120,1127730
BANKNIFTY-II.NFO,22/01/2025,09:24:49,49011.95,49005.15,120,49019.9,60,150,1127730
BANKNIFTY-II.NFO,22/01/2025,09:24:51,49011.95,49007.9,90,49019.95,30,0,1127730
BANKNIFTY-II.NFO,22/01/2025,09:24:53,49011.95,49014.1,90,49027.95,30,0,1127730
BANKNIFTY-II.NFO,22/01/2025,09:24:54,49025.95,49012.85,90,49027.95,30,30,1129800
BANKNIFTY-II.NFO,22/01/2025,09:24:56,49020,49015.35,60,49025.95,30,60,1129800
BANKNIFTY-II.NFO,22/01/2025,09:24:58,49020,49012.5,60,49029.65,150,0,1129800
BANKNIFTY-II.NFO,22/01/2025,09:24:59,49011.95,49012.65,60,49025.95,30,30,1129800
BANKNIFTY-II.NFO,22/01/2025,09:25:01,49011.95,49010.75,90,49025.9,90,0,1129800
BANKNIFTY-II.NFO,22/01/2025,09:25:03,49011.95,49008.85,180,49021.9,90,0,1129800
BANKNIFTY-II.NFO,22/01/2025,09:25:04,49011.95,49005.4,90,49017.9,90,0,1129800
BANKNIFTY-II.NFO,22/01/2025,09:25:06,49011.95,49011.65,90,49027.95,30,0,1129800
BANKNIFTY-II.NFO,22/01/2025,09:25:07,49011.95,49005.6,60,49019.95,30,0,1129800
BANKNIFTY-II.NFO,22/01/2025,09:25:09,49011.95,49009.95,60,49022.5,150,0,1129800
BANKNIFTY-II.NFO,22/01/2025,09:25:11,49011.95,49015.75,90,49033.95,30,0,1129800
BANKNIFTY-II.NFO,22/01/2025,09:25:12,49011.95,49018.85,90,49032.15,150,0,1129800
BANKNIFTY-II.NFO,22/01/2025,09:25:14,49011.95,49016.75,150,49027.9,90,0,1129800
BANKNIFTY-II.NFO,22/01/2025,09:25:16,49011.95,49013.4,90,49031.95,30,0,1129800
BANKNIFTY-II.NFO,22/01/2025,09:25:17,49011.95,49013.45,150,49027.4,120,0,1129800
BANKNIFTY-II.NFO,22/01/2025,09:25:19,49013.45,49012.25,60,49029.7,120,30,1129800
BANKNIFTY-II.NFO,22/01/2025,09:25:21,49013.45,49012,90,49026.8,90,0,1129800
BANKNIFTY-II.NFO,22/01/2025,09:25:22,49013.45,49017.15,90,49031.95,30,0,1129800
BANKNIFTY-II.NFO,22/01/2025,09:25:24,49013.45,49026.7,90,49039.95,30,0,1129800
BANKNIFTY-II.NFO,22/01/2025,09:25:26,49045.2,49036.15,150,49049.9,120,120,1129800
BANKNIFTY-II.NFO,22/01/2025,09:25:27,49045.2,49031.55,90,49045.95,30,0,1129800
BANKNIFTY-II.NFO,22/01/2025,09:25:29,49045.2,49034.25,60,49048.7,120,0,1129800
BANKNIFTY-II.NFO,22/01/2025,09:25:31,49027.85,49027.85,90,49043.9,120,150,1129800
BANKNIFTY-II.NFO,22/01/2025,09:25:32,49027.85,49029.85,60,49045.2,30,0,1129800
BANKNIFTY-II.NFO,22/01/2025,09:25:34,49027.85,49030.45,60,49045.2,30,0,1129800
BANKNIFTY-II.NFO,22/01/2025,09:25:36,49027.85,49021.2,90,49031.15,60,0,1129800
BANKNIFTY-II.NFO,22/01/2025,09:25:37,49021.2,49025.65,90,49037.95,30,60,1129800
BANKNIFTY-II.NFO,22/01/2025,09:25:39,49021.2,49029.15,90,49041.95,30,0,1129800
BANKNIFTY-II.NFO,22/01/2025,09:25:41,49021.95,49013.35,150,49029.9,120,30,1129800
BANKNIFTY-II.NFO,22/01/2025,09:25:42,49021.95,49013.4,60,49027.9,120,0,1129800
BANKNIFTY-II.NFO,22/01/2025,09:25:44,49021.95,49021,60,49031.05,120,0,1129800
BANKNIFTY-II.NFO,22/01/2025,09:25:46,49004.15,49004.15,90,49017.95,30,120,1129800
BANKNIFTY-II.NFO,22/01/2025,09:25:47,49004.15,49006.55,90,49019.95,30,0,1129800
BANKNIFTY-II.NFO,22/01/2025,09:25:49,49004.15,49009.95,300,49019.95,30,0,1129800
BANKNIFTY-II.NFO,22/01/2025,09:25:51,49019.95,49004.75,30,49021.2,120,30,1129800
BANKNIFTY-II.NFO,22/01/2025,09:25:52,49019.95,49017.4,60,49027.9,240,0,1129800
BANKNIFTY-II.NFO,22/01/2025,09:25:54,49015.55,49011.95,90,49027.9,120,270,1129800
BANKNIFTY-II.NFO,22/01/2025,09:25:56,49015.55,49011.85,60,49027.95,30,0,1129800
BANKNIFTY-II.NFO,22/01/2025,09:25:57,49015.55,49013.9,60,49027.95,30,0,1129800
BANKNIFTY-II.NFO,22/01/2025,09:25:59,49014.1,49011.4,180,49025.9,120,30,1129800
BANKNIFTY-II.NFO,22/01/2025,09:26:01,49021.95,49008.05,60,49023.95,30,30,1129800
BANKNIFTY-II.NFO,22/01/2025,09:26:02,49003.55,49006,30,49019.8,120,60,1129800
BANKNIFTY-II.NFO,22/01/2025,09:26:04,49003.55,49006,30,49010.95,120,0,1129800
BANKNIFTY-II.NFO,22/01/2025,09:26:06,49000,48983.2,90,48999.9,120,90,1129800
BANKNIFTY-II.NFO,22/01/2025,09:26:07,49000,48978.65,60,48995.9,120,0,1129800
BANKNIFTY-II.NFO,22/01/2025,09:26:09,49000,48979.6,60,48993.95,30,0,1129800
BANKNIFTY-II.NFO,22/01/2025,09:26:11,49000,48983.8,60,48999.9,120,0,1129800
BANKNIFTY-II.NFO,22/01/2025,09:26:12,48979.6,48984.75,60,48999.95,30,60,1129800
BANKNIFTY-II.NFO,22/01/2025,09:26:14,48979.6,48991.6,90,49007.9,120,0,1129800
BANKNIFTY-II.NFO,22/01/2025,09:26:16,48979.6,48980.35,60,48993.95,30,0,1129800
BANKNIFTY-II.NFO,22/01/2025,09:26:17,48979.6,48982.75,120,48999.8,120,0,1129800
BANKNIFTY-II.NFO,22/01/2025,09:26:19,48979.6,48991.15,90,49000,30,0,1129800
BANKNIFTY-II.NFO,22/01/2025,09:26:21,49000,48997.2,60,49013.95,30,30,1129800
BANKNIFTY-II.NFO,22/01/2025,09:26:22,49000,48995.5,60,49013.9,120,0,1129800
BANKNIFTY-II.NFO,22/01/2025,09:26:24,49000,48997.45,90,49011.95,30,0,1129800
BANKNIFTY-II.NFO,22/01/2025,09:26:26,49000,49001.7,60,49017.95,30,0,1129800
BANKNIFTY-II.NFO,22/01/2025,09:26:28,49000,49003.2,90,49010,30,0,1129800
BANKNIFTY-II.NFO,22/01/2025,09:26:29,49010,49000,90,49017.8,120,30,1129800
BANKNIFTY-II.NFO,22/01/2025,09:26:31,49010,49000,60,49014.95,120,0,1129800
BANKNIFTY-II.NFO,22/01/2025,09:26:33,49010,49000,60,49012.8,120,0,1129800
BANKNIFTY-II.NFO,22/01/2025,09:26:34,49000,48997.45,30,49003.3,120,60,1129800
BANKNIFTY-II.NFO,22/01/2025,09:26:36,48974.45,48974.9,90,48991.45,120,60,1129800
BANKNIFTY-II.NFO,22/01/2025,09:26:38,48974.45,48979.35,60,48991.95,30,0,1129800
BANKNIFTY-II.NFO,22/01/2025,09:26:39,48974.45,48984.4,60,48999.95,30,0,1129800
BANKNIFTY-II.NFO,22/01/2025,09:26:41,48974.45,48984.4,180,48999.95,30,0,1129800
BANKNIFTY-II.NFO,22/01/2025,09:26:43,48987.05,48984.9,60,49001.95,30,30,1129800
BANKNIFTY-II.NFO,22/01/2025,09:26:44,48985.6,48987.8,150,49001.95,30,30,1129800
BANKNIFTY-II.NFO,22/01/2025,09:26:46,48985.6,48990.75,60,49001.95,30,0,1129800
BANKNIFTY-II.NFO,22/01/2025,09:26:48,49003.95,48997.45,90,49011.95,30,30,1129800
BANKNIFTY-II.NFO,22/01/2025,09:26:49,49003.95,49004.3,60,49023.95,30,0,1129800
BANKNIFTY-II.NFO,22/01/2025,09:26:51,49003.95,49010.15,90,49026.95,120,0,1129800
BANKNIFTY-II.NFO,22/01/2025,09:26:53,49003.95,49000.8,30,49019.15,120,0,1129800
BANKNIFTY-II.NFO,22/01/2025,09:26:54,49003.95,48993.35,60,49009.95,30,0,1129800
BANKNIFTY-II.NFO,22/01/2025,09:26:56,49003.95,48994.35,150,49005,90,0,1129800
BANKNIFTY-II.NFO,22/01/2025,09:26:58,49003.95,48988.95,60,49005,90,0,1129800
BANKNIFTY-II.NFO,22/01/2025,09:26:59,48992.3,48991.55,150,49005,90,30,1129800
BANKNIFTY-II.NFO,22/01/2025,09:27:01,49001.9,48985.65,210,49001.9,90,150,1129800
BANKNIFTY-II.NFO,22/01/2025,09:27:03,49001.9,48985.65,150,49001.9,90,0,1129800
BANKNIFTY-II.NFO,22/01/2025,09:27:04,48985.6,48980.85,120,48997.9,90,30,1129800
BANKNIFTY-II.NFO,22/01/2025,09:27:06,49004.95,48987.85,210,49004.95,60,30,1129800
BANKNIFTY-II.NFO,22/01/2025,09:27:08,49004.95,48981.6,210,48999.9,60,0,1129800
BANKNIFTY-II.NFO,22/01/2025,09:27:09,49004.95,48987.15,150,49001.9,60,0,1129800
BANKNIFTY-II.NFO,22/01/2025,09:27:11,49004.95,48989.7,210,49003,120,0,1129800
BANKNIFTY-II.NFO,22/01/2025,09:27:13,49019.9,49004.6,180,49020,30,390,1129800
BANKNIFTY-II.NFO,22/01/2025,09:27:14,49000.65,49005.9,210,49020,30,60,1129800
BANKNIFTY-II.NFO,22/01/2025,09:27:16,49000.65,49005.9,360,49020,30,0,1129800
BANKNIFTY-II.NFO,22/01/2025,09:27:18,49000.65,49011.5,120,49020,30,0,1129800
BANKNIFTY-II.NFO,22/01/2025,09:27:19,49000.65,49004.7,150,49019.95,30,0,1129800
BANKNIFTY-II.NFO,22/01/2025,09:27:21,49000.65,49004.05,120,49017.95,60,0,1129800
BANKNIFTY-II.NFO,22/01/2025,09:27:23,49000.65,49005,120,49019.2,60,0,1129800
BANKNIFTY-II.NFO,22/01/2025,09:27:24,49000.65,49004.95,120,49014.65,90,0,1129800
BANKNIFTY-II.NFO,22/01/2025,09:27:26,49000.65,49004.95,120,49014.65,30,0,1129800
BANKNIFTY-II.NFO,22/01/2025,09:27:28,49000.65,49004.95,120,49013,90,0,1129800
BANKNIFTY-II.NFO,22/01/2025,09:27:29,49000.65,49004.95,120,49009.25,120,0,1129800
BANKNIFTY-II.NFO,22/01/2025,09:27:31,49009.25,49004.95,120,49007.6,30,30,1129800
BANKNIFTY-II.NFO,22/01/2025,09:27:33,49004.95,49001,60,49004.25,30,120,1129800
BANKNIFTY-II.NFO,22/01/2025,09:27:34,49004.95,49001,60,49004.35,30,0,1129800
BANKNIFTY-II.NFO,22/01/2025,09:27:36,49005.6,49001,60,49006.8,90,30,1129800
BANKNIFTY-II.NFO,22/01/2025,09:27:38,49005.6,49001,60,49006.5,30,0,1129800
BANKNIFTY-II.NFO,22/01/2025,09:27:39,49005.6,49001,60,49008.15,30,0,1129800
BANKNIFTY-II.NFO,22/01/2025,09:27:41,49005.6,49001,60,49005.6,30,0,1129800
BANKNIFTY-II.NFO,22/01/2025,09:27:44,49005.6,49003.6,210,49012.5,90,30,1129800
BANKNIFTY-II.NFO,22/01/2025,09:27:46,49005.6,49001.05,120,49014.6,30,0,1129800
BANKNIFTY-II.NFO,22/01/2025,09:27:47,49005.6,49001,60,49010.6,90,0,1129800
BANKNIFTY-II.NFO,22/01/2025,09:27:49,49010.6,49005.6,30,49012.05,30,30,1129800
BANKNIFTY-II.NFO,22/01/2025,09:27:51,49010.6,49005.6,30,49016.6,30,0,1129800
BANKNIFTY-II.NFO,22/01/2025,09:27:52,49010.6,49005.6,30,49016,120,0,1129800
BANKNIFTY-II.NFO,22/01/2025,09:27:54,49010.6,49005.6,30,49012.75,120,0,1129800
BANKNIFTY-II.NFO,22/01/2025,09:27:56,49010.6,49005.65,120,49015.6,120,0,1129800
BANKNIFTY-II.NFO,22/01/2025,09:27:57,49010.6,49007,180,49015.6,120,0,1129800
BANKNIFTY-II.NFO,22/01/2025,09:27:59,49010.6,49009.65,180,49016.55,120,0,1129800
BANKNIFTY-II.NFO,22/01/2025,09:28:01,49005.65,49005.8,150,49019.25,30,60,1130190
BANKNIFTY-II.NFO,22/01/2025,09:28:02,49005.65,49011.05,180,49019.1,120,0,1130190
BANKNIFTY-II.NFO,22/01/2025,09:28:04,49020,49011.4,150,49025.9,90,150,1130190
BANKNIFTY-II.NFO,22/01/2025,09:28:06,49005.75,49006.8,150,49021.1,90,30,1130190
BANKNIFTY-II.NFO,22/01/2025,09:28:07,49005.75,49005.65,300,49019.8,60,0,1130190
BANKNIFTY-II.NFO,22/01/2025,09:28:09,49005.8,49005.75,30,49017.35,90,30,1130190
BANKNIFTY-II.NFO,22/01/2025,09:28:11,49005.8,49007.95,150,49022.6,90,0,1130190
BANKNIFTY-II.NFO,22/01/2025,09:28:12,49014.1,49005.75,30,49012.9,180,30,1130190
BANKNIFTY-II.NFO,22/01/2025,09:28:14,49005.6,49001,60,49013.3,90,60,1130190
BANKNIFTY-II.NFO,22/01/2025,09:28:16,49005.6,49005.95,120,49016.25,240,0,1130190
BANKNIFTY-II.NFO,22/01/2025,09:28:17,49005.6,49011.25,150,49022.25,90,0,1130190
BANKNIFTY-II.NFO,22/01/2025,09:28:19,49005.6,49007.3,150,49020.9,90,0,1130190
BANKNIFTY-II.NFO,22/01/2025,09:28:21,49005.6,49011.7,180,49023.9,90,0,1130190
BANKNIFTY-II.NFO,22/01/2025,09:28:22,49005.6,49012.2,120,49023.8,90,0,1130190
BANKNIFTY-II.NFO,22/01/2025,09:28:24,49005.6,49013.4,150,49024.95,90,0,1130190
BANKNIFTY-II.NFO,22/01/2025,09:28:26,49005.6,49016.5,120,49024.95,90,0,1130190
BANKNIFTY-II.NFO,22/01/2025,09:28:27,49005.6,49015.35,150,49024.95,90,0,1130190
BANKNIFTY-II.NFO,22/01/2025,09:28:29,49005.6,49017.05,120,49025,30,0,1130190
BANKNIFTY-II.NFO,22/01/2025,09:28:31,49005.6,49017.5,120,49025,30,0,1130190
BANKNIFTY-II.NFO,22/01/2025,09:28:32,49005.6,49013.45,150,49024.95,90,0,1130190
BANKNIFTY-II.NFO,22/01/2025,09:28:34,49005.6,49010.7,150,49024.95,90,0,1130190
BANKNIFTY-II.NFO,22/01/2025,09:28:36,49005.6,49005.75,120,49019.9,90,0,1130190
BANKNIFTY-II.NFO,22/01/2025,09:28:37,49005.6,49007.2,150,49021.85,90,0,1130190
BANKNIFTY-II.NFO,22/01/2025,09:28:39,49005.6,49005,60,49019.3,90,0,1130190
BANKNIFTY-II.NFO,22/01/2025,09:28:41,49005.6,49005,60,49008.65,90,0,1130190
BANKNIFTY-II.NFO,22/01/2025,09:28:43,49005.6,49005,60,49015.8,90,0,1130190
BANKNIFTY-II.NFO,22/01/2025,09:28:44,49005.6,49005,60,49015.35,90,0,1130190
BANKNIFTY-II.NFO,22/01/2025,09:28:46,49005.6,49005,60,49015.7,90,0,1130190
BANKNIFTY-II.NFO,22/01/2025,09:28:48,49005.6,49010.45,120,49025,30,0,1130190
BANKNIFTY-II.NFO,22/01/2025,09:28:49,49005.6,49008.45,150,49023,90,0,1130190
BANKNIFTY-II.NFO,22/01/2025,09:28:51,49005.6,49013.45,150,49025,30,0,1130190
BANKNIFTY-II.NFO,22/01/2025,09:28:52,49005.6,49012.65,150,49025,30,0,1130190
BANKNIFTY-II.NFO,22/01/2025,09:28:54,49005.6,49016.25,150,49024.95,90,0,1130190
BANKNIFTY-II.NFO,22/01/2025,09:28:56,49025,49023.35,150,49036.2,60,120,1130190
BANKNIFTY-II.NFO,22/01/2025,09:28:57,49025,49026,120,49037.55,60,0,1130190
BANKNIFTY-II.NFO,22/01/2025,09:28:59,49025,49024.15,150,49036.4,60,0,1130190
BANKNIFTY-II.NFO,22/01/2025,09:29:01,49025,49029,120,49040.85,30,0,1130190
BANKNIFTY-II.NFO,22/01/2025,09:29:02,49025,49029.45,120,49041.9,60,0,1130190
BANKNIFTY-II.NFO,22/01/2025,09:29:04,49025,49018.15,120,49033.45,60,30,1130190
BANKNIFTY-II.NFO,22/01/2025,09:29:06,49025,49012.45,120,49025,30,0,1130190
BANKNIFTY-II.NFO,22/01/2025,09:29:07,49025,49015.3,120,49025,30,0,1130190
BANKNIFTY-II.NFO,22/01/2025,09:29:09,49025,49010.7,150,49024.55,90,0,1130190
BANKNIFTY-II.NFO,22/01/2025,09:29:11,49025,49009.75,120,49020.15,150,0,1130190
BANKNIFTY-II.NFO,22/01/2025,09:29:12,49023.9,49017.25,120,49025,30,240,1130190
BANKNIFTY-II.NFO,22/01/2025,09:29:14,49025,49024.5,120,49037.85,90,30,1130190
BANKNIFTY-II.NFO,22/01/2025,09:29:16,49025,49028.2,150,49038.85,30,0,1130190
BANKNIFTY-II.NFO,22/01/2025,09:29:17,49025,49026.85,120,49035.35,150,0,1130190
BANKNIFTY-II.NFO,22/01/2025,09:29:19,49031.85,49026.1,120,49036.45,30,150,1130190
BANKNIFTY-II.NFO,22/01/2025,09:29:21,49031.85,49034.1,150,49044.95,30,0,1130190
BANKNIFTY-II.NFO,22/01/2025,09:29:22,49031.85,49034.3,120,49044.95,30,0,1130190
BANKNIFTY-II.NFO,22/01/2025,09:29:24,49031.85,49034.4,120,49044.95,30,0,1130190
BANKNIFTY-II.NFO,22/01/2025,09:29:26,49045,49038.6,150,49053.6,90,60,1130190
BANKNIFTY-II.NFO,22/01/2025,09:29:27,49053.45,49035.4,120,49049.9,30,60,1130190
BANKNIFTY-II.NFO,22/01/2025,09:29:29,49053.45,49035.75,150,49050.5,60,0,1130190
BANKNIFTY-II.NFO,22/01/2025,09:29:31,49053.45,49046.2,150,49062.3,90,0,1130190
BANKNIFTY-II.NFO,22/01/2025,09:29:32,49053.45,49040.1,120,49055.45,90,0,1130190
BANKNIFTY-II.NFO,22/01/2025,09:29:34,49036.4,49039.8,90,49055.15,60,60,1130190
BANKNIFTY-II.NFO,22/01/2025,09:29:36,49036.4,49039.4,150,49054.85,60,0,1130190
BANKNIFTY-II.NFO,22/01/2025,09:29:37,49036.4,49042.2,150,49056.4,60,0,1130190
BANKNIFTY-II.NFO,22/01/2025,09:29:39,49036.4,49039.35,90,49054.45,60,0,1130190
BANKNIFTY-II.NFO,22/01/2025,09:29:41,49018.2,49021.7,120,49038.95,30,30,1130190
BANKNIFTY-II.NFO,22/01/2025,09:29:42,49018.2,49023.7,120,49032.5,60,0,1130190
BANKNIFTY-II.NFO,22/01/2025,09:29:44,49018.2,49034.6,120,49047.5,60,0,1130190
BANKNIFTY-II.NFO,22/01/2025,09:29:46,49018.2,49030.65,150,49045.25,30,0,1130190
BANKNIFTY-II.NFO,22/01/2025,09:29:47,49018.2,49032.05,30,49043.55,30,0,1130190
BANKNIFTY-II.NFO,22/01/2025,09:29:49,49018.2,49026.1,90,49041,30,0,1130190
BANKNIFTY-II.NFO,22/01/2025,09:29:51,49034.05,49028.05,30,49042.15,30,30,1130190
BANKNIFTY-II.NFO,22/01/2025,09:29:53,49034.05,49034.05,150,49049.25,30,0,1130190
BANKNIFTY-II.NFO,22/01/2025,09:29:54,49034.05,49037.05,150,49052.85,30,0,1130190
BANKNIFTY-II.NFO,22/01/2025,09:29:56,49034.05,49035.4,150,49050.05,30,0,1130190
BANKNIFTY-II.NFO,22/01/2025,09:29:58,49034.05,49042.1,150,49056.15,60,0,1130190
BANKNIFTY-II.NFO,22/01/2025,09:29:59,49042.55,49042.1,120,49056.6,60,30,1130190
BANKNIFTY-II.NFO,22/01/2025,09:30:01,49042.55,49040.6,150,49055.2,60,0,1130190
BANKNIFTY-II.NFO,22/01/2025,09:30:03,49042.55,49046.9,150,49061.6,60,0,1130190
BANKNIFTY-II.NFO,22/01/2025,09:30:04,49051.65,49051.8,150,49065.55,60,30,1130190
BANKNIFTY-II.NFO,22/01/2025,09:30:06,49051.65,49057.95,150,49069.95,60,0,1130190
BANKNIFTY-II.NFO,22/01/2025,09:30:08,49051.65,49054.55,150,49069.25,90,0,1130190
BANKNIFTY-II.NFO,22/01/2025,09:30:09,49068.8,49050.55,120,49064.6,60,30,1130190
BANKNIFTY-II.NFO,22/01/2025,09:30:11,49068.8,49046.7,150,49061.05,60,0,1130190
BANKNIFTY-II.NFO,22/01/2025,09:30:13,49068.8,49044.35,150,49052.4,30,0,1130190
BANKNIFTY-II.NFO,22/01/2025,09:30:14,49044.35,49048.45,150,49064.35,90,30,1130190
BANKNIFTY-II.NFO,22/01/2025,09:30:16,49060.25,49044.55,120,49060.15,60,30,1130190
BANKNIFTY-II.NFO,22/01/2025,09:30:18,49060.25,49041.95,150,49055.75,60,0,1130190
BANKNIFTY-II.NFO,22/01/2025,09:30:19,49060.25,49050.45,120,49062.5,150,0,1130190
BANKNIFTY-II.NFO,22/01/2025,09:30:21,49060.25,49049.15,120,49060.05,30,0,1130190
BANKNIFTY-II.NFO,22/01/2025,09:30:23,49060.25,49044.35,120,49059.45,60,0,1130190
BANKNIFTY-II.NFO,22/01/2025,09:30:24,49046.2,49045.7,120,49058,60,90,1130190
BANKNIFTY-II.NFO,22/01/2025,09:30:26,49046.2,49046.1,120,49060.05,60,0,1130190
BANKNIFTY-II.NFO,22/01/2025,09:30:29,49046.2,49040,120,49057.95,60,0,1130190
BANKNIFTY-II.NFO,22/01/2025,09:30:31,49038.15,49037.7,120,49052.55,90,30,1130190
BANKNIFTY-II.NFO,22/01/2025,09:30:33,49038.15,49032.9,150,49047.45,90,0,1130190
BANKNIFTY-II.NFO,22/01/2025,09:30:34,49038.15,49040.9,120,49053.6,60,0,1130190
BANKNIFTY-II.NFO,22/01/2025,09:30:36,49038.15,49044.1,120,49057.9,60,0,1130190
BANKNIFTY-II.NFO,22/01/2025,09:30:38,49038.15,49046.85,120,49059.95,30,0,1130190
BANKNIFTY-II.NFO,22/01/2025,09:30:39,49038.15,49052.55,120,49059.95,60,0,1130190
BANKNIFTY-II.NFO,22/01/2025,09:30:41,49052.55,49052.55,60,49060.9,90,60,1130190
BANKNIFTY-II.NFO,22/01/2025,09:30:43,49052.55,49052.85,120,49068.2,90,0,1130190
BANKNIFTY-II.NFO,22/01/2025,09:30:44,49052.55,49058.1,150,49074.1,150,0,1130190
BANKNIFTY-II.NFO,22/01/2025,09:30:46,49055.7,49055.4,120,49069.75,30,90,1130190
BANKNIFTY-II.NFO,22/01/2025,09:30:48,49055.7,49060,60,49070.15,60,0,1130190
BANKNIFTY-II.NFO,22/01/2025,09:30:49,49060,49053.05,150,49068.85,30,60,1130190
BANKNIFTY-II.NFO,22/01/2025,09:30:51,49060,49047.75,60,49062.55,30,0,1130190
BANKNIFTY-II.NFO,22/01/2025,09:30:52,49048.3,49051.2,150,49065.8,30,30,1130970
BANKNIFTY-II.NFO,22/01/2025,09:30:54,49048.3,49066.15,120,49079.8,30,0,1130970
BANKNIFTY-II.NFO,22/01/2025,09:30:56,49048.3,49066.45,120,49079.95,90,0,1130970
BANKNIFTY-II.NFO,22/01/2025,09:30:58,49048.3,49067.85,120,49080,30,0,1130970
BANKNIFTY-II.NFO,22/01/2025,09:30:59,49080,49067.75,120,49079.5,150,30,1130970
BANKNIFTY-II.NFO,22/01/2025,09:31:01,49080,49073.95,120,49087.8,90,0,1130970
BANKNIFTY-II.NFO,22/01/2025,09:31:03,49080,49067.2,120,49080.95,60,0,1130970
BANKNIFTY-II.NFO,22/01/2025,09:31:04,49080,49069.1,120,49081.95,30,0,1130970
BANKNIFTY-II.NFO,22/01/2025,09:31:06,49080,49061.9,120,49075.6,30,0,1130970
BANKNIFTY-II.NFO,22/01/2025,09:31:08,49080,49063.85,120,49078.7,30,0,1130970
BANKNIFTY-II.NFO,22/01/2025,09:31:09,49081.85,49066.05,150,49079.95,60,30,1130970
BANKNIFTY-II.NFO,22/01/2025,09:31:11,49079.95,49065.9,60,49080.3,30,30,1130970
BANKNIFTY-II.NFO,22/01/2025,09:31:13,49079.95,49064.25,150,49076.6,60,0,1130970
BANKNIFTY-II.NFO,22/01/2025,09:31:14,49080,49065.3,120,49083.05,30,30,1130970
BANKNIFTY-II.NFO,22/01/2025,09:31:16,49080,49062.3,30,49076.75,30,0,1130970
BANKNIFTY-II.NFO,22/01/2025,09:31:18,49080,49057.15,120,49071.8,30,0,1130970
BANKNIFTY-II.NFO,22/01/2025,09:31:19,49080,49054.05,30,49069.85,30,0,1130970
BANKNIFTY-II.NFO,22/01/2025,09:31:21,49065.9,49048.95,60,49063.45,60,510,1130970
BANKNIFTY-II.NFO,22/01/2025,09:31:23,49065.9,49041.75,90,49055.95,30,0,1130970
BANKNIFTY-II.NFO,22/01/2025,09:31:24,49065.9,49039.75,60,49056.65,60,0,1130970
BANKNIFTY-II.NFO,22/01/2025,09:31:26,49038.15,49034.15,90,49051.9,60,60,1130970
BANKNIFTY-II.NFO,22/01/2025,09:31:28,49038.15,49037.2,60,49052.55,60,0,1130970
BANKNIFTY-II.NFO,22/01/2025,09:31:29,49043.55,49043.25,60,49055.95,30,30,1130970
BANKNIFTY-II.NFO,22/01/2025,09:31:31,49043.55,49039.55,90,49054.85,60,0,1130970
BANKNIFTY-II.NFO,22/01/2025,09:31:33,49043.55,49033.15,150,49050,30,0,1130970
BANKNIFTY-II.NFO,22/01/2025,09:31:34,49043.55,49032.05,60,49049.9,60,0,1130970
BANKNIFTY-II.NFO,22/01/2025,09:31:36,49043.55,49038.1,60,49050,30,0,1130970
BANKNIFTY-II.NFO,22/01/2025,09:31:38,49061.9,49049.4,60,49063.9,60,60,1130970
BANKNIFTY-II.NFO,22/01/2025,09:31:39,49061.9,49042.05,60,49060.55,60,0,1130970
BANKNIFTY-II.NFO,22/01/2025,09:31:41,49061.9,49045.35,60,49060.75,60,0,1130970
BANKNIFTY-II.NFO,22/01/2025,09:31:43,49061.9,49050.4,150,49063.95,30,0,1130970
BANKNIFTY-II.NFO,22/01/2025,09:31:44,49061.9,49048.5,60,49063.7,60,0,1130970
BANKNIFTY-II.NFO,22/01/2025,09:31:46,49061.9,49054.05,30,49069.9,60,0,1130970
BANKNIFTY-II.NFO,22/01/2025,09:31:48,49061.9,49062.3,60,49078.8,60,0,1130970
BANKNIFTY-II.NFO,22/01/2025,09:31:49,49064.05,49062.05,30,49065.5,30,30,1130970
BANKNIFTY-II.NFO,22/01/2025,09:31:51,49064.05,49067.5,60,49080,30,0,1130970
BANKNIFTY-II.NFO,22/01/2025,09:31:53,49064.05,49063.6,60,49078.5,60,0,1130970
BANKNIFTY-II.NFO,22/01/2025,09:31:54,49064.05,49062.55,120,49079.9,60,0,1130970
BANKNIFTY-II.NFO,22/01/2025,09:31:56,49061.9,49055.45,60,49070.2,60,30,1130970
BANKNIFTY-II.NFO,22/01/2025,09:31:58,49061.9,49052.25,60,49069.6,120,0,1130970
BANKNIFTY-II.NFO,22/01/2025,09:31:59,49061.9,49044.15,60,49059.45,60,0,1130970
BANKNIFTY-II.NFO,22/01/2025,09:32:01,49061.9,49042.1,150,49059.7,60,0,1130970
BANKNIFTY-II.NFO,22/01/2025,09:32:03,49065.9,49053.15,90,49068.55,60,60,1130970
BANKNIFTY-II.NFO,22/01/2025,09:32:04,49065.9,49051.8,150,49066.85,60,0,1130970
BANKNIFTY-II.NFO,22/01/2025,09:32:06,49065.9,49057.3,120,49069.9,30,0,1130970
BANKNIFTY-II.NFO,22/01/2025,09:32:08,49065.9,49049.5,120,49063.95,90,0,1130970
BANKNIFTY-II.NFO,22/01/2025,09:32:09,49065.9,49049.2,60,49062.9,60,0,1130970
BANKNIFTY-II.NFO,22/01/2025,09:32:11,49065.9,49041.8,150,49057.9,30,0,1130970
BANKNIFTY-II.NFO,22/01/2025,09:32:13,49059.9,49047.25,120,49060.55,30,30,1130970
BANKNIFTY-II.NFO,22/01/2025,09:32:14,49059.9,49040.2,120,49059.3,90,0,1130970
BANKNIFTY-II.NFO,22/01/2025,09:32:16,49059.9,49039.45,60,49053.25,60,0,1130970
BANKNIFTY-II.NFO,22/01/2025,09:32:18,49059.9,49041.75,150,49056.35,60,0,1130970
BANKNIFTY-II.NFO,22/01/2025,09:32:19,49059.9,49039.15,60,49054.25,60,0,1130970
BANKNIFTY-II.NFO,22/01/2025,09:32:21,49059.9,49038.55,120,49051.9,30,0,1130970
BANKNIFTY-II.NFO,22/01/2025,09:32:23,49059.9,49040.1,120,49056.7,120,0,1130970
BANKNIFTY-II.NFO,22/01/2025,09:32:24,49059.9,49043.25,150,49055.9,30,0,1130970
BANKNIFTY-II.NFO,22/01/2025,09:32:26,49059.9,49045.75,60,49059.85,60,0,1130970
BANKNIFTY-II.NFO,22/01/2025,09:32:28,49059.9,49041.65,120,49055.95,30,0,1130970
BANKNIFTY-II.NFO,22/01/2025,09:32:29,49059.9,49041.75,120,49054.85,30,0,1130970
BANKNIFTY-II.NFO,22/01/2025,09:32:31,49059.9,49038.9,120,49054.35,60,0,1130970
BANKNIFTY-II.NFO,22/01/2025,09:32:32,49059.9,49041.4,120,49055.8,90,0,1130970
BANKNIFTY-II.NFO,22/01/2025,09:32:34,49059.9,49039,60,49052.7,60,0,1130970
BANKNIFTY-II.NFO,22/01/2025,09:32:36,49059.9,49038,60,49049.45,30,0,1130970
BANKNIFTY-II.NFO,22/01/2025,09:32:37,49038,49030.15,60,49045.5,90,60,1130970
BANKNIFTY-II.NFO,22/01/2025,09:32:39,49038,49032.4,30,49045.9,30,0,1130970
BANKNIFTY-II.NFO,22/01/2025,09:32:41,49038,49030.2,60,49044.55,60,0,1130970
BANKNIFTY-II.NFO,22/01/2025,09:32:42,49038,49034.4,90,49048.15,60,0,1130970
BANKNIFTY-II.NFO,22/01/2025,09:32:44,49038,49035.45,90,49048.85,30,0,1130970
BANKNIFTY-II.NFO,22/01/2025,09:32:46,49038,49039.95,60,49054,60,0,1130970
BANKNIFTY-II.NFO,22/01/2025,09:32:47,49038,49030.2,150,49047.45,60,0,1130970
BANKNIFTY-II.NFO,22/01/2025,09:32:49,49038,49031.4,60,49043.6,30,0,1130970
BANKNIFTY-II.NFO,22/01/2025,09:32:51,49041.2,49030.15,60,49033.9,30,60,1130970
BANKNIFTY-II.NFO,22/01/2025,09:32:52,49030.15,49030.15,30,49032.25,30,30,1130970
BANKNIFTY-II.NFO,22/01/2025,09:32:54,49030.15,49025.4,120,49038.8,60,30,1130970
BANKNIFTY-II.NFO,22/01/2025,09:32:55,49030.15,49024.25,120,49037.65,60,0,1130970
BANKNIFTY-II.NFO,22/01/2025,09:32:57,49030.15,49019.35,90,49031.85,30,0,1130970
BANKNIFTY-II.NFO,22/01/2025,09:32:59,49030.15,49019.6,150,49031.85,30,0,1130970
BANKNIFTY-II.NFO,22/01/2025,09:33:00,49030.15,49022.65,120,49034.85,60,0,1130970
BANKNIFTY-II.NFO,22/01/2025,09:33:02,49030.15,49030.6,120,49041.85,60,0,1130970
BANKNIFTY-II.NFO,22/01/2025,09:33:04,49030.15,49024.8,120,49041.9,90,0,1130970
BANKNIFTY-II.NFO,22/01/2025,09:33:05,49030.15,49032.15,120,49043.9,60,0,1130970
BANKNIFTY-II.NFO,22/01/2025,09:33:07,49030.15,49035.4,120,49047.8,90,0,1130970
BANKNIFTY-II.NFO,22/01/2025,09:33:09,49030.15,49039.45,60,49051.8,90,0,1130970
BANKNIFTY-II.NFO,22/01/2025,09:33:10,49030.15,49035.35,120,49046.85,150,0,1130970
BANKNIFTY-II.NFO,22/01/2025,09:33:12,49030.15,49036.05,120,49047.9,90,0,1130970
BANKNIFTY-II.NFO,22/01/2025,09:33:14,49030.15,49034.5,120,49046.7,90,0,1130970
BANKNIFTY-II.NFO,22/01/2025,09:33:15,49030.15,49031.85,120,49045,90,0,1130970
BANKNIFTY-II.NFO,22/01/2025,09:33:17,49031.85,49031.85,30,49037.15,60,120,1130970
BANKNIFTY-II.NFO,22/01/2025,09:33:18,49031.85,49031.85,30,49043.85,90,0,1130970
BANKNIFTY-II.NFO,22/01/2025,09:33:20,49031.85,49035.3,120,49045.9,150,0,1130970
BANKNIFTY-II.NFO,22/01/2025,09:33:22,49033.15,49031.9,120,49045.65,90,30,1130970
BANKNIFTY-II.NFO,22/01/2025,09:33:23,49033.15,49031.85,30,49043.6,90,0,1130970
BANKNIFTY-II.NFO,22/01/2025,09:33:25,49033.15,49031.85,30,49040,90,0,1130970
BANKNIFTY-II.NFO,22/01/2025,09:33:27,49033.15,49031.85,30,49039.85,90,0,1130970
BANKNIFTY-II.NFO,22/01/2025,09:33:28,49033.15,49031.85,30,49035.6,30,0,1130970
BANKNIFTY-II.NFO,22/01/2025,09:33:30,49031.85,49018.75,150,49031.6,90,30,1130970
BANKNIFTY-II.NFO,22/01/2025,09:33:32,49031.85,49013.7,150,49027,120,0,1130970
BANKNIFTY-II.NFO,22/01/2025,09:33:33,49031.85,49017.9,120,49025.6,90,0,1130970
BANKNIFTY-II.NFO,22/01/2025,09:33:35,49031.85,49010.05,120,49022.95,90,0,1130970
BANKNIFTY-II.NFO,22/01/2025,09:33:36,49031.85,49012.45,120,49022,90,0,1130970
BANKNIFTY-II.NFO,22/01/2025,09:33:38,49031.85,49010.7,120,49021.1,90,0,1130970
BANKNIFTY-II.NFO,22/01/2025,09:33:40,49031.85,49016.4,30,49019.85,30,0,1130970
BANKNIFTY-II.NFO,22/01/2025,09:33:41,49031.85,49016.45,120,49027.1,90,0,1130970
BANKNIFTY-II.NFO,22/01/2025,09:33:43,49016.4,49016.5,30,49026.8,90,30,1130970
BANKNIFTY-II.NFO,22/01/2025,09:33:45,49016.4,49014.25,60,49024.6,90,0,1130970
BANKNIFTY-II.NFO,22/01/2025,09:33:46,49016.4,49016.65,120,49026.3,90,0,1130970
BANKNIFTY-II.NFO,22/01/2025,09:33:48,49016.4,49019.65,120,49030.85,90,0,1130970
BANKNIFTY-II.NFO,22/01/2025,09:33:50,49016.4,49018.55,120,49028.65,90,0,1130970
BANKNIFTY-II.NFO,22/01/2025,09:33:51,49016.4,49021.85,120,49033.9,30,0,1130970
BANKNIFTY-II.NFO,22/01/2025,09:33:53,49016.4,49024.95,120,49033.9,30,0,1130970
BANKNIFTY-II.NFO,22/01/2025,09:33:54,49016.4,49027.9,120,49039.3,90,0,1130970
BANKNIFTY-II.NFO,22/01/2025,09:33:56,49016.4,49028.55,150,49039.3,90,0,1130970
BANKNIFTY-II.NFO,22/01/2025,09:33:58,49016.4,49031.55,120,49039.1,30,0,1130970
BANKNIFTY-II.NFO,22/01/2025,09:33:59,49016.4,49025.75,120,49037.1,90,0,1130970
BANKNIFTY-II.NFO,22/01/2025,09:34:01,49016.4,49019.25,120,49032.75,90,0,1130970
BANKNIFTY-II.NFO,22/01/2025,09:34:03,49016.4,49026.65,180,49035,90,0,1130970
BANKNIFTY-II.NFO,22/01/2025,09:34:04,49028,49016.9,150,49032.2,30,30,1131840
BANKNIFTY-II.NFO,22/01/2025,09:34:06,49028,49019.65,120,49032.35,90,0,1131840
BANKNIFTY-II.NFO,22/01/2025,09:34:08,49028,49016.25,120,49027.1,90,0,1131840
BANKNIFTY-II.NFO,22/01/2025,09:34:09,49028,49022.35,150,49037.4,180,0,1131840
BANKNIFTY-II.NFO,22/01/2025,09:34:11,49028,49014.4,120,49027.2,30,0,1131840
BANKNIFTY-II.NFO,22/01/2025,09:34:13,49028,49017.95,150,49032.65,120,0,1131840
BANKNIFTY-II.NFO,22/01/2025,09:34:14,49028,49016.95,60,49029.75,90,0,1131840
BANKNIFTY-II.NFO,22/01/2025,09:34:16,49028,49019.4,120,49032.9,90,0,1131840
BANKNIFTY-II.NFO,22/01/2025,09:34:18,49028,49021.55,120,49033.65,30,0,1131840
BANKNIFTY-II.NFO,22/01/2025,09:34:19,49028,49030.9,120,49045.8,90,0,1131840
BANKNIFTY-II.NFO,22/01/2025,09:34:21,49028,49033.15,120,49047.65,90,0,1131840
BANKNIFTY-II.NFO,22/01/2025,09:34:23,49028,49036.3,90,49049.9,90,0,1131840
BANKNIFTY-II.NFO,22/01/2025,09:34:24,49028,49041.2,120,49051.95,90,0,1131840
BANKNIFTY-II.NFO,22/01/2025,09:34:26,49080,49082.1,150,49090,60,300,1131840
BANKNIFTY-II.NFO,22/01/2025,09:34:28,49100,49092.1,150,49100,210,390,1131840
BANKNIFTY-II.NFO,22/01/2025,09:34:29,49102,49099.45,150,49104.95,90,330,1131840
BANKNIFTY-II.NFO,22/01/2025,09:34:31,49102,49093.5,120,49104.95,90,0,1131840
BANKNIFTY-II.NFO,22/01/2025,09:34:33,49102,49098.95,120,49104.95,90,0,1131840
BANKNIFTY-II.NFO,22/01/2025,09:34:34,49109.6,49104.8,120,49114,30,300,1131840
BANKNIFTY-II.NFO,22/01/2025,09:34:36,49123,49106.65,120,49120.75,150,120,1131840
BANKNIFTY-II.NFO,22/01/2025,09:34:38,49102.3,49103.5,120,49115.9,30,30,1131840
BANKNIFTY-II.NFO,22/01/2025,09:34:39,49102.3,49110.55,120,49118.85,90,0,1131840
BANKNIFTY-II.NFO,22/01/2025,09:34:41,49102.3,49104.1,120,49118.75,90,0,1131840
BANKNIFTY-II.NFO,22/01/2025,09:34:42,49131.05,49121.65,120,49131.15,60,450,1131840
BANKNIFTY-II.NFO,22/01/2025,09:34:44,49133.4,49133.35,120,49140,30,150,1131840
BANKNIFTY-II.NFO,22/01/2025,09:34:46,49130.5,49134.5,120,49144.65,30,90,1131840
BANKNIFTY-II.NFO,22/01/2025,09:34:47,49135.6,49133.9,60,49144.45,60,30,1131840
BANKNIFTY-II.NFO,22/01/2025,09:34:49,49135.6,49124.9,90,49137.7,60,0,1131840
BANKNIFTY-II.NFO,22/01/2025,09:34:51,49135.6,49124.05,60,49137.2,120,0,1131840
BANKNIFTY-II.NFO,22/01/2025,09:34:52,49131.7,49116.8,90,49129.85,60,30,1131840
BANKNIFTY-II.NFO,22/01/2025,09:34:54,49131.7,49122.45,90,49130.45,150,0,1131840
BANKNIFTY-II.NFO,22/01/2025,09:34:56,49131.7,49116.2,60,49128.25,120,0,1131840
BANKNIFTY-II.NFO,22/01/2025,09:34:57,49131.7,49114,90,49126.5,60,0,1131840
BANKNIFTY-II.NFO,22/01/2025,09:34:59,49131.7,49117.05,90,49128.65,60,0,1131840
BANKNIFTY-II.NFO,22/01/2025,09:35:01,49131.7,49115,30,49122.9,120,0,1131840
BANKNIFTY-II.NFO,22/01/2025,09:35:02,49131.7,49115,30,49126.5,120,0,1131840
BANKNIFTY-II.NFO,22/01/2025,09:35:04,49131.7,49115.05,90,49126.95,150,0,1131840
BANKNIFTY-II.NFO,22/01/2025,09:35:06,49131.7,49115,30,49125.75,120,0,1131840
BANKNIFTY-II.NFO,22/01/2025,09:35:07,49131.7,49115,60,49126,150,0,1131840
BANKNIFTY-II.NFO,22/01/2025,09:35:09,49131.7,49120.85,90,49130,30,0,1131840
BANKNIFTY-II.NFO,22/01/2025,09:35:11,49122.1,49121.2,60,49129.95,30,90,1131840
BANKNIFTY-II.NFO,22/01/2025,09:35:12,49122.1,49115.8,60,49126.6,150,0,1131840
BANKNIFTY-II.NFO,22/01/2025,09:35:14,49122.1,49124.6,60,49129.9,30,0,1131840
BANKNIFTY-II.NFO,22/01/2025,09:35:16,49129.9,49125.9,60,49130,30,30,1131840
BANKNIFTY-II.NFO,22/01/2025,09:35:17,49129.9,49124.95,60,49130,30,0,1131840
BANKNIFTY-II.NFO,22/01/2025,09:35:19,49124.95,49115,30,49125.8,180,30,1131840
BANKNIFTY-II.NFO,22/01/2025,09:35:21,49115,49100.35,30,49113.85,30,30,1131840
BANKNIFTY-II.NFO,22/01/2025,09:35:22,49111.4,49080,60,49095.85,180,30,1131840
BANKNIFTY-II.NFO,22/01/2025,09:35:24,49080,49070.05,30,49082.8,180,30,1131840
BANKNIFTY-II.NFO,22/01/2025,09:35:26,49080,49062,30,49075.9,120,0,1131840
BANKNIFTY-II.NFO,22/01/2025,09:35:27,49080,49056.5,60,49071.85,150,0,1131840
BANKNIFTY-II.NFO,22/01/2025,09:35:29,49080,49068.1,90,49081.75,150,0,1131840
BANKNIFTY-II.NFO,22/01/2025,09:35:31,49064.05,49066.2,90,49068.95,30,30,1131840
BANKNIFTY-II.NFO,22/01/2025,09:35:32,49068.95,49065.15,90,49069,30,30,1131840
BANKNIFTY-II.NFO,22/01/2025,09:35:34,49069,49060.2,90,49074.8,120,30,1131840
BANKNIFTY-II.NFO,22/01/2025,09:35:36,49069,49063,90,49077.55,120,0,1131840
BANKNIFTY-II.NFO,22/01/2025,09:35:37,49069,49068.85,60,49082.1,120,0,1131840
BANKNIFTY-II.NFO,22/01/2025,09:35:39,49069,49067.05,90,49080.8,120,0,1131840
BANKNIFTY-II.NFO,22/01/2025,09:35:41,49069,49073.6,60,49085.65,120,0,1131840
BANKNIFTY-II.NFO,22/01/2025,09:35:42,49069,49076.15,60,49089.85,120,0,1131840
BANKNIFTY-II.NFO,22/01/2025,09:35:44,49069,49065.85,90,49080.05,120,0,1131840
BANKNIFTY-II.NFO,22/01/2025,09:35:46,49069,49066.6,60,49080.05,120,0,1131840
BANKNIFTY-II.NFO,22/01/2025,09:35:47,49069,49068,60,49079.6,120,0,1131840
BANKNIFTY-II.NFO,22/01/2025,09:35:49,49069,49064.25,60,49075.75,30,0,1131840
BANKNIFTY-II.NFO,22/01/2025,09:35:51,49069,49058,60,49068.5,30,0,1131840
BANKNIFTY-II.NFO,22/01/2025,09:35:52,49069,49069,60,49078.45,150,0,1131840
BANKNIFTY-II.NFO,22/01/2025,09:35:54,49069,49070.75,60,49079.2,180,0,1131840
BANKNIFTY-II.NFO,22/01/2025,09:35:56,49069,49075.4,60,49081.1,30,0,1131840
BANKNIFTY-II.NFO,22/01/2025,09:35:57,49069,49075.45,60,49084.95,30,0,1131840
BANKNIFTY-II.NFO,22/01/2025,09:35:59,49085.35,49083.9,60,49096.95,30,210,1131840
BANKNIFTY-II.NFO,22/01/2025,09:36:01,49086.15,49074.75,30,49088.3,150,30,1131840
BANKNIFTY-II.NFO,22/01/2025,09:36:02,49086.15,49077.9,30,49086.9,90,0,1131840
BANKNIFTY-II.NFO,22/01/2025,09:36:04,49086.15,49076.1,30,49087.4,90,0,1131840
BANKNIFTY-II.NFO,22/01/2025,09:36:06,49086.15,49079.65,30,49085.9,90,0,1131840
BANKNIFTY-II.NFO,22/01/2025,09:36:07,49087.3,49083.15,60,49095.85,90,390,1131840
BANKNIFTY-II.NFO,22/01/2025,09:36:09,49087.3,49090,150,49095.15,90,0,1131840
BANKNIFTY-II.NFO,22/01/2025,09:36:11,49088.7,49088.85,150,49092.5,30,60,1131840
BANKNIFTY-II.NFO,22/01/2025,09:36:12,49099.1,49101.35,150,49107.7,90,60,1131840
BANKNIFTY-II.NFO,22/01/2025,09:36:14,49099.1,49092.55,150,49101.05,90,0,1131840
BANKNIFTY-II.NFO,22/01/2025,09:36:16,49099.1,49094.15,30,49100,90,0,1131840
BANKNIFTY-II.NFO,22/01/2025,09:36:17,49099.1,49098.6,60,49108.1,90,0,1131840
BANKNIFTY-II.NFO,22/01/2025,09:36:19,49099.1,49099,30,49107.05,90,0,1131840
BANKNIFTY-II.NFO,22/01/2025,09:36:21,49099.1,49100,150,49108.65,90,0,1131840
BANKNIFTY-II.NFO,22/01/2025,09:36:22,49099.1,49096.85,150,49103.95,90,0,1131840
BANKNIFTY-II.NFO,22/01/2025,09:36:24,49099.1,49104.95,150,49110.35,90,0,1131840
BANKNIFTY-II.NFO,22/01/2025,09:36:26,49099.1,49106.9,150,49112.2,90,0,1131840
BANKNIFTY-II.NFO,22/01/2025,09:36:27,49099.1,49111.35,150,49117.1,90,0,1131840
BANKNIFTY-II.NFO,22/01/2025,09:36:29,49113.1,49111.45,210,49123.15,90,180,1131840
BANKNIFTY-II.NFO,22/01/2025,09:36:31,49113.1,49116.4,150,49119.65,90,0,1131840
BANKNIFTY-II.NFO,22/01/2025,09:36:32,49113.1,49121.8,150,49121.85,180,0,1131840
BANKNIFTY-II.NFO,22/01/2025,09:36:34,49130,49121.7,150,49135.05,210,240,1131840
BANKNIFTY-II.NFO,22/01/2025,09:36:36,49122.95,49121.6,60,49125.4,90,30,1131840
BANKNIFTY-II.NFO,22/01/2025,09:36:37,49122.95,49128.3,210,49132.15,90,0,1131840
BANKNIFTY-II.NFO,22/01/2025,09:36:39,49129.2,49128.1,150,49131.5,90,30,1131840
BANKNIFTY-II.NFO,22/01/2025,09:36:41,49131.5,49125,150,49131.1,90,60,1131840
BANKNIFTY-II.NFO,22/01/2025,09:36:42,49131.5,49129.8,60,49133.3,90,0,1131840
BANKNIFTY-II.NFO,22/01/2025,09:36:44,49136.8,49132.7,60,49144.6,90,240,1131840
BANKNIFTY-II.NFO,22/01/2025,09:36:46,49144.6,49132.1,60,49143.3,120,30,1131840
BANKNIFTY-II.NFO,22/01/2025,09:36:47,49142.9,49130.3,30,49142.35,90,30,1131840
BANKNIFTY-II.NFO,22/01/2025,09:36:49,49142.9,49122.55,60,49134.25,90,0,1131840
BANKNIFTY-II.NFO,22/01/2025,09:36:51,49142.9,49114.7,120,49128.35,120,0,1131840
BANKNIFTY-II.NFO,22/01/2025,09:36:52,49142.9,49110.05,30,49122.6,120,0,1131840
BANKNIFTY-II.NFO,22/01/2025,09:36:54,49121.15,49112.5,30,49123.5,90,30,1134450
BANKNIFTY-II.NFO,22/01/2025,09:36:56,49121.15,49109.95,90,49121.85,90,0,1134450
BANKNIFTY-II.NFO,22/01/2025,09:36:57,49121.15,49112.45,60,49121.15,90,0,1134450
BANKNIFTY-II.NFO,22/01/2025,09:36:59,49121.15,49108.6,60,49118.1,90,0,1134450
BANKNIFTY-II.NFO,22/01/2025,09:37:01,49117.5,49112.55,60,49124.65,120,30,1134450
BANKNIFTY-II.NFO,22/01/2025,09:37:02,49117.5,49100.85,60,49114.75,120,0,1134450
BANKNIFTY-II.NFO,22/01/2025,09:37:04,49117.5,49103.45,30,49113.6,90,0,1134450
BANKNIFTY-II.NFO,22/01/2025,09:37:05,49117.5,49100,120,49111.35,210,0,1134450
BANKNIFTY-II.NFO,22/01/2025,09:37:07,49117.5,49100,120,49108.35,90,0,1134450
BANKNIFTY-II.NFO,22/01/2025,09:37:09,49100,49100,90,49105.15,90,30,1134450
BANKNIFTY-II.NFO,22/01/2025,09:37:10,49104.4,49100,90,49103.8,120,30,1134450
BANKNIFTY-II.NFO,22/01/2025,09:37:12,49104.4,49100,90,49103,120,0,1134450
BANKNIFTY-II.NFO,22/01/2025,09:37:14,49100,49092.75,60,49099.15,90,90,1134450
BANKNIFTY-II.NFO,22/01/2025,09:37:15,49098.2,49098,60,49108.9,60,60,1134450
BANKNIFTY-II.NFO,22/01/2025,09:37:17,49098.2,49100.75,60,49111.45,90,0,1134450
BANKNIFTY-II.NFO,22/01/2025,09:37:18,49098.2,49097.25,60,49108.05,90,0,1134450
BANKNIFTY-II.NFO,22/01/2025,09:37:20,49098.2,49105.4,60,49115.25,120,0,1134450
BANKNIFTY-II.NFO,22/01/2025,09:37:22,49098.2,49095.45,90,49108.95,210,0,1134450
BANKNIFTY-II.NFO,22/01/2025,09:37:23,49098.05,49094.65,90,49107.6,270,30,1134450
BANKNIFTY-II.NFO,22/01/2025,09:37:25,49098.05,49094.6,90,49106.85,90,0,1134450
BANKNIFTY-II.NFO,22/01/2025,09:37:27,49100.3,49100.7,30,49112.7,90,30,1134450
BANKNIFTY-II.NFO,22/01/2025,09:37:28,49100.3,49098.2,30,49112.8,90,0,1134450
BANKNIFTY-II.NFO,22/01/2025,09:37:30,49100.3,49098.2,30,49106.75,210,0,1134450
BANKNIFTY-II.NFO,22/01/2025,09:37:32,49098.2,49084.6,60,49099.8,270,60,1134450
BANKNIFTY-II.NFO,22/01/2025,09:37:33,49098.2,49084.8,60,49097.35,90,0,1134450
BANKNIFTY-II.NFO,22/01/2025,09:37:35,49098.2,49074.1,60,49091.7,330,0,1134450
BANKNIFTY-II.NFO,22/01/2025,09:37:37,49098.2,49083.35,120,49097.3,210,0,1134450
BANKNIFTY-II.NFO,22/01/2025,09:37:38,49098.2,49083,60,49094.9,90,0,1134450
BANKNIFTY-II.NFO,22/01/2025,09:37:40,49098.2,49086.55,90,49098.55,90,0,1134450
BANKNIFTY-II.NFO,22/01/2025,09:37:42,49098.2,49091.45,60,49103.55,90,0,1134450
BANKNIFTY-II.NFO,22/01/2025,09:37:43,49098.2,49092.1,60,49104.8,90,0,1134450
BANKNIFTY-II.NFO,22/01/2025,09:37:45,49098.2,49088.4,60,49101.6,240,0,1134450
BANKNIFTY-II.NFO,22/01/2025,09:37:46,49098.2,49098.85,60,49109.2,30,0,1134450
BANKNIFTY-II.NFO,22/01/2025,09:37:48,49099.7,49095.9,60,49108.6,30,30,1134450
BANKNIFTY-II.NFO,22/01/2025,09:37:50,49099.7,49099.45,60,49107.65,90,0,1134450
BANKNIFTY-II.NFO,22/01/2025,09:37:51,49099.7,49096,90,49104.9,90,0,1134450
BANKNIFTY-II.NFO,22/01/2025,09:37:53,49099.7,49099,60,49104.9,90,0,1134450
BANKNIFTY-II.NFO,22/01/2025,09:37:54,49099.7,49099.95,60,49104.9,90,0,1134450
BANKNIFTY-II.NFO,22/01/2025,09:37:56,49099.7,49103,90,49104.6,30,0,1134450
BANKNIFTY-II.NFO,22/01/2025,09:37:58,49104.6,49108.4,60,49113.1,90,30,1134450
BANKNIFTY-II.NFO,22/01/2025,09:37:59,49104.6,49099,30,49109.25,120,0,1134450
BANKNIFTY-II.NFO,22/01/2025,09:38:01,49099,49088.7,90,49098.2,90,30,1134450
BANKNIFTY-II.NFO,22/01/2025,09:38:03,49098.25,49087.65,60,49100.25,60,120,1134450
BANKNIFTY-II.NFO,22/01/2025,09:38:04,49098.25,49096.55,90,49103.1,90,0,1134450
BANKNIFTY-II.NFO,22/01/2025,09:38:06,49098.25,49092.65,60,49103,240,0,1134450
BANKNIFTY-II.NFO,22/01/2025,09:38:08,49098.25,49095.15,60,49103.8,90,0,1134450
BANKNIFTY-II.NFO,22/01/2025,09:38:09,49098.25,49089.15,60,49102.55,90,0,1134450
BANKNIFTY-II.NFO,22/01/2025,09:38:11,49098.25,49092.05,30,49103.6,120,0,1134450
BANKNIFTY-II.NFO,22/01/2025,09:38:13,49098.25,49087.05,90,49099.85,210,0,1134450
BANKNIFTY-II.NFO,22/01/2025,09:38:14,49098.25,49094.05,30,49104.75,210,0,1134450
BANKNIFTY-II.NFO,22/01/2025,09:38:16,49098.25,49097.55,60,49109.75,90,0,1134450
BANKNIFTY-II.NFO,22/01/2025,09:38:18,49098.25,49091.2,90,49103.45,120,0,1134450
BANKNIFTY-II.NFO,22/01/2025,09:38:19,49098.25,49080.6,30,49094.6,210,0,1134450
BANKNIFTY-II.NFO,22/01/2025,09:38:21,49098.25,49086.05,30,49098.45,210,0,1134450
BANKNIFTY-II.NFO,22/01/2025,09:38:23,49098.25,49095.85,90,49107.6,210,0,1134450
BANKNIFTY-II.NFO,22/01/2025,09:38:24,49098.25,49094.05,30,49106.5,120,0,1134450
BANKNIFTY-II.NFO,22/01/2025,09:38:26,49098.25,49086.75,60,49102.75,120,0,1134450
BANKNIFTY-II.NFO,22/01/2025,09:38:28,49098.25,49083.45,60,49098.25,120,0,1134450
BANKNIFTY-II.NFO,22/01/2025,09:38:29,49098.25,49084.05,30,49098.1,120,0,1134450
BANKNIFTY-II.NFO,22/01/2025,09:38:31,49098.25,49088.05,30,49100.9,120,0,1134450
BANKNIFTY-II.NFO,22/01/2025,09:38:33,49098.25,49091.75,60,49104.75,120,0,1134450
BANKNIFTY-II.NFO,22/01/2025,09:38:34,49098.25,49091.35,60,49104.1,60,0,1134450
BANKNIFTY-II.NFO,22/01/2025,09:38:36,49098.25,49102.2,60,49109.95,90,0,1134450
BANKNIFTY-II.NFO,22/01/2025,09:38:38,49098.25,49100.05,30,49109.95,90,0,1134450
BANKNIFTY-II.NFO,22/01/2025,09:38:39,49098.25,49098.05,30,49109.65,90,0,1134450
BANKNIFTY-II.NFO,22/01/2025,09:38:41,49109.95,49099.55,60,49109.95,60,30,1134450
BANKNIFTY-II.NFO,22/01/2025,09:38:43,49109.95,49102.7,60,49110,30,0,1134450
BANKNIFTY-II.NFO,22/01/2025,09:38:44,49109.95,49105.5,60,49110,30,0,1134450
BANKNIFTY-II.NFO,22/01/2025,09:38:46,49109.95,49107.05,60,49109.95,30,0,1134450
BANKNIFTY-II.NFO,22/01/2025,09:38:48,49110,49110.35,60,49120.8,90,60,1134450
BANKNIFTY-II.NFO,22/01/2025,09:38:49,49110,49116.05,30,49128.8,210,0,1134450
BANKNIFTY-II.NFO,22/01/2025,09:38:51,49110,49126.05,30,49134.1,90,0,1134450
BANKNIFTY-II.NFO,22/01/2025,09:38:53,49123.05,49112.75,60,49126.35,120,240,1134450
BANKNIFTY-II.NFO,22/01/2025,09:38:54,49123.05,49110.45,60,49124.8,240,0,1134450
BANKNIFTY-II.NFO,22/01/2025,09:38:56,49123.05,49102.3,60,49115,60,0,1134450
BANKNIFTY-II.NFO,22/01/2025,09:38:58,49123.05,49112.05,30,49125.6,120,0,1134450
BANKNIFTY-II.NFO,22/01/2025,09:38:59,49123.05,49116.05,30,49127.7,210,0,1134450
BANKNIFTY-II.NFO,22/01/2025,09:39:01,49123.05,49116.05,30,49126.15,210,0,1134450
BANKNIFTY-II.NFO,22/01/2025,09:39:03,49123.05,49109.9,60,49124.2,60,0,1134450
BANKNIFTY-II.NFO,22/01/2025,09:39:04,49123.05,49118.05,30,49129.35,120,0,1134450
BANKNIFTY-II.NFO,22/01/2025,09:39:06,49123.05,49122.05,30,49134.55,60,0,1134450
BANKNIFTY-II.NFO,22/01/2025,09:39:08,49130.05,49130.05,30,49139.65,120,30,1134450
BANKNIFTY-II.NFO,22/01/2025,09:39:09,49130.05,49126.05,30,49137,120,0,1134450
BANKNIFTY-II.NFO,22/01/2025,09:39:11,49130.05,49130.05,30,49139.15,120,60,1134450
BANKNIFTY-II.NFO,22/01/2025,09:39:13,49139.15,49128.05,30,49138.35,180,30,1134450
BANKNIFTY-II.NFO,22/01/2025,09:39:14,49139.15,49123.05,30,49134.55,120,0,1134450
BANKNIFTY-II.NFO,22/01/2025,09:39:16,49123.05,49130.05,30,49139.7,120,30,1134450
BANKNIFTY-II.NFO,22/01/2025,09:39:18,49123.05,49126.85,90,49139.45,120,0,1134450
BANKNIFTY-II.NFO,22/01/2025,09:39:19,49139.15,49130.05,30,49138.45,120,30,1134450
BANKNIFTY-II.NFO,22/01/2025,09:39:21,49139.15,49132.05,30,49139.95,120,0,1134450
BANKNIFTY-II.NFO,22/01/2025,09:39:23,49138.7,49124.7,90,49137.2,120,30,1134450
BANKNIFTY-II.NFO,22/01/2025,09:39:24,49132.05,49130.05,30,49137.8,120,30,1134450
BANKNIFTY-II.NFO,22/01/2025,09:39:26,49128.05,49120.05,90,49132.95,120,30,1134450
BANKNIFTY-II.NFO,22/01/2025,09:39:28,49130.05,49128.05,30,49139.8,120,30,1134450
BANKNIFTY-II.NFO,22/01/2025,09:39:29,49130.05,49132.1,90,49140,60,0,1134450
BANKNIFTY-II.NFO,22/01/2025,09:39:31,49130.05,49134.1,60,49140,60,0,1134450
BANKNIFTY-II.NFO,22/01/2025,09:39:33,49139.95,49127.1,60,49140,60,30,1134450
BANKNIFTY-II.NFO,22/01/2025,09:39:34,49139.95,49124.05,30,49137.25,120,0,1134450
BANKNIFTY-II.NFO,22/01/2025,09:39:36,49134.95,49124.05,30,49134.65,90,60,1134450
BANKNIFTY-II.NFO,22/01/2025,09:39:38,49134.95,49123.3,120,49138.85,90,0,1134450
BANKNIFTY-II.NFO,22/01/2025,09:39:40,49138.85,49128.1,150,49139.75,30,30,1134450
BANKNIFTY-II.NFO,22/01/2025,09:39:41,49138.85,49126.95,90,49138.8,30,0,1134450
BANKNIFTY-II.NFO,22/01/2025,09:39:43,49138.75,49124.05,30,49135.75,90,30,1134450
BANKNIFTY-II.NFO,22/01/2025,09:39:45,49138.75,49120.1,60,49132.5,30,0,1134450
BANKNIFTY-II.NFO,22/01/2025,09:39:46,49138.75,49130.05,30,49138.75,30,0,1134450
BANKNIFTY-II.NFO,22/01/2025,09:39:48,49138.75,49119.6,150,49136.9,90,0,1134450
BANKNIFTY-II.NFO,22/01/2025,09:39:50,49138.75,49122.15,90,49136.1,30,0,1134450
BANKNIFTY-II.NFO,22/01/2025,09:39:51,49138.75,49120.55,120,49138.5,120,0,1134450
BANKNIFTY-II.NFO,22/01/2025,09:39:53,49138.75,49107.4,30,49126.35,90,0,1134450
BANKNIFTY-II.NFO,22/01/2025,09:39:55,49138.75,49112.75,150,49126.35,30,0,1134450
BANKNIFTY-II.NFO,22/01/2025,09:39:56,49138.75,49115.35,60,49130.6,30,0,1134450
BANKNIFTY-II.NFO,22/01/2025,09:39:58,49138.75,49113.25,60,49128.1,30,0,1134450
BANKNIFTY-II.NFO,22/01/2025,09:40:00,49123.4,49112.05,30,49126.1,30,30,1134630
BANKNIFTY-II.NFO,22/01/2025,09:40:01,49123.4,49101.15,90,49116.75,60,0,1134630
BANKNIFTY-II.NFO,22/01/2025,09:40:03,49123.4,49110.1,60,49117.55,30,0,1134630
BANKNIFTY-II.NFO,22/01/2025,09:40:05,49123.4,49104.45,60,49115.5,30,0,1134630
BANKNIFTY-II.NFO,22/01/2025,09:40:06,49123.4,49110.3,180,49115.45,30,0,1134630
BANKNIFTY-II.NFO,22/01/2025,09:40:08,49115.45,49116.05,30,49125.35,90,30,1134630
BANKNIFTY-II.NFO,22/01/2025,09:40:10,49115.35,49116.05,30,49129.65,30,60,1134630
BANKNIFTY-II.NFO,22/01/2025,09:40:11,49115.35,49120.05,30,49129.65,90,0,1134630
BANKNIFTY-II.NFO,22/01/2025,09:40:13,49115.35,49107.75,150,49123.4,150,0,1134630
BANKNIFTY-II.NFO,22/01/2025,09:40:15,49115.35,49118.05,30,49127.35,120,0,1134630
BANKNIFTY-II.NFO,22/01/2025,09:40:16,49118.05,49104.35,30,49120.15,150,30,1134630
BANKNIFTY-II.NFO,22/01/2025,09:40:18,49118.05,49106.05,30,49119.05,90,0,1134630
BANKNIFTY-II.NFO,22/01/2025,09:40:20,49118.05,49114.05,30,49122.75,30,0,1134630
BANKNIFTY-II.NFO,22/01/2025,09:40:21,49118.05,49102.05,30,49118.25,150,0,1134630
BANKNIFTY-II.NFO,22/01/2025,09:40:23,49118.05,49087.6,120,49102.05,30,0,1134630
BANKNIFTY-II.NFO,22/01/2025,09:40:25,49118.05,49080.3,150,49097.95,120,0,1134630
BANKNIFTY-II.NFO,22/01/2025,09:40:26,49118.05,49074.35,120,49091.3,60,0,1134630
BANKNIFTY-II.NFO,22/01/2025,09:40:28,49118.05,49080.05,30,49095.6,120,0,1134630
BANKNIFTY-II.NFO,22/01/2025,09:40:30,49118.05,49082.05,30,49094.5,90,0,1134630
BANKNIFTY-II.NFO,22/01/2025,09:40:31,49118.05,49067.95,120,49085.45,60,0,1134630
BANKNIFTY-II.NFO,22/01/2025,09:40:33,49118.05,49076.1,60,49083.4,30,0,1134630
BANKNIFTY-II.NFO,22/01/2025,09:40:35,49090.05,49090.05,30,49098.65,180,150,1134630
BANKNIFTY-II.NFO,22/01/2025,09:40:36,49092.05,49094.05,30,49108.95,120,90,1134630
BANKNIFTY-II.NFO,22/01/2025,09:40:38,49094.05,49092.05,30,49103.85,120,90,1134630
BANKNIFTY-II.NFO,22/01/2025,09:40:40,49082.4,49088.05,30,49099.7,90,210,1134630
BANKNIFTY-II.NFO,22/01/2025,09:40:41,49082.4,49095.2,150,49109.15,60,0,1134630
BANKNIFTY-II.NFO,22/01/2025,09:40:43,49095.2,49098.05,30,49110.55,240,30,1134630
BANKNIFTY-II.NFO,22/01/2025,09:40:45,49095.2,49098.05,30,49107.4,300,0,1134630
BANKNIFTY-II.NFO,22/01/2025,09:40:46,49095.2,49090.05,60,49102.65,240,0,1134630
BANKNIFTY-II.NFO,22/01/2025,09:40:48,49095.2,49094.05,30,49104.65,240,0,1134630
BANKNIFTY-II.NFO,22/01/2025,09:40:50,49095.2,49094.1,240,49107.2,60,0,1134630
BANKNIFTY-II.NFO,22/01/2025,09:40:51,49095.2,49092.05,30,49104.25,240,0,1134630
BANKNIFTY-II.NFO,22/01/2025,09:40:53,49095.2,49094.1,240,49108.25,270,0,1134630
BANKNIFTY-II.NFO,22/01/2025,09:40:55,49095.2,49092.05,30,49103.85,240,0,1134630
BANKNIFTY-II.NFO,22/01/2025,09:40:56,49095.2,49085.75,240,49100.65,60,0,1134630
BANKNIFTY-II.NFO,22/01/2025,09:40:58,49090.7,49090.1,210,49104.45,60,90,1134630
BANKNIFTY-II.NFO,22/01/2025,09:41:00,49090.7,49090.1,180,49102.8,60,0,1134630
BANKNIFTY-II.NFO,22/01/2025,09:41:01,49113.35,49102.05,30,49113.45,30,30,1134630
BANKNIFTY-II.NFO,22/01/2025,09:41:03,49113.35,49102.7,210,49117.85,30,0,1134630
BANKNIFTY-II.NFO,22/01/2025,09:41:05,49098.4,49098.4,150,49113.4,330,90,1134630
BANKNIFTY-II.NFO,22/01/2025,09:41:06,49098.4,49093.9,150,49107.95,30,0,1134630
BANKNIFTY-II.NFO,22/01/2025,09:41:08,49098.4,49094.8,180,49107.95,30,0,1134630
BANKNIFTY-II.NFO,22/01/2025,09:41:10,49098.4,49097.05,150,49107.95,30,0,1134630
BANKNIFTY-II.NFO,22/01/2025,09:41:11,49094.3,49094.65,120,49107.95,30,30,1134630
BANKNIFTY-II.NFO,22/01/2025,09:41:13,49094.3,49092.1,120,49106.65,270,0,1134630
BANKNIFTY-II.NFO,22/01/2025,09:41:15,49094.3,49094.05,30,49106.45,240,0,1134630
BANKNIFTY-II.NFO,22/01/2025,09:41:16,49094.3,49090.05,30,49101.15,240,0,1134630
BANKNIFTY-II.NFO,22/01/2025,09:41:18,49088.95,49080,30,49091.9,240,30,1134630
BANKNIFTY-II.NFO,22/01/2025,09:41:20,49088.95,49080,30,49087.95,30,0,1134630
BANKNIFTY-II.NFO,22/01/2025,09:41:21,49088.95,49080,30,49090.65,240,0,1134630
BANKNIFTY-II.NFO,22/01/2025,09:41:23,49080,49061.35,150,49076.85,60,30,1134630
BANKNIFTY-II.NFO,22/01/2025,09:41:25,49081.95,49070.55,180,49083.95,30,150,1134630
BANKNIFTY-II.NFO,22/01/2025,09:41:26,49081.95,49073.55,180,49083.95,30,0,1134630
BANKNIFTY-II.NFO,22/01/2025,09:41:28,49081.95,49065.6,150,49080.95,240,0,1134630
BANKNIFTY-II.NFO,22/01/2025,09:41:30,49081.95,49072.05,30,49085.2,240,0,1134630
BANKNIFTY-II.NFO,22/01/2025,09:41:31,49081.95,49077,60,49089.3,240,0,1134630
BANKNIFTY-II.NFO,22/01/2025,09:41:33,49077,49065.2,180,49080.2,240,60,1134630
BANKNIFTY-II.NFO,22/01/2025,09:41:35,49077,49070.1,180,49084.8,240,0,1134630
BANKNIFTY-II.NFO,22/01/2025,09:41:36,49072.05,49070.05,30,49082.55,240,30,1134630
BANKNIFTY-II.NFO,22/01/2025,09:41:38,49072.05,49060.45,150,49076.6,240,0,1134630
BANKNIFTY-II.NFO,22/01/2025,09:41:40,49072.05,49068.05,30,49081.9,240,0,1134630
BANKNIFTY-II.NFO,22/01/2025,09:41:41,49072.05,49068.05,30,49078.45,240,0,1134630
BANKNIFTY-II.NFO,22/01/2025,09:41:43,49072.05,49068.05,30,49078.15,240,0,1134630
BANKNIFTY-II.NFO,22/01/2025,09:41:45,49072.05,49062.05,30,49077.9,330,0,1134630
BANKNIFTY-II.NFO,22/01/2025,09:41:46,49072.05,49066.05,30,49073.75,240,0,1134630
BANKNIFTY-II.NFO,22/01/2025,09:41:48,49072.05,49076.05,30,49085.25,240,0,1134630
BANKNIFTY-II.NFO,22/01/2025,09:41:50,49072.05,49066.05,30,49078.45,240,0,1134630
BANKNIFTY-II.NFO,22/01/2025,09:41:51,49072.05,49072.05,30,49081.5,240,0,1134630
BANKNIFTY-II.NFO,22/01/2025,09:41:53,49072.05,49060.05,30,49072.6,240,0,1134630
BANKNIFTY-II.NFO,22/01/2025,09:41:55,49072.05,49068.55,150,49082.75,240,0,1134630
BANKNIFTY-II.NFO,22/01/2025,09:41:56,49072.05,49072.1,150,49086.55,60,0,1134630
BANKNIFTY-II.NFO,22/01/2025,09:41:58,49075.9,49074.25,150,49089.25,240,30,1134630
BANKNIFTY-II.NFO,22/01/2025,09:42:00,49075.9,49071.2,150,49083.85,30,0,1134630
BANKNIFTY-II.NFO,22/01/2025,09:42:01,49082.3,49070.3,180,49084.95,240,30,1134630
BANKNIFTY-II.NFO,22/01/2025,09:42:03,49082.3,49073.25,150,49087.55,240,0,1134630
BANKNIFTY-II.NFO,22/01/2025,09:42:05,49082.3,49070.5,180,49081.95,30,0,1134630
BANKNIFTY-II.NFO,22/01/2025,09:42:06,49082.3,49068.45,180,49081.9,30,0,1134630
BANKNIFTY-II.NFO,22/01/2025,09:42:08,49082.3,49061.6,150,49077.45,240,0,1134630
BANKNIFTY-II.NFO,22/01/2025,09:42:10,49082.3,49062.1,150,49075.9,30,0,1134630
BANKNIFTY-II.NFO,22/01/2025,09:42:11,49082.3,49068.75,150,49083.7,240,0,1134630
BANKNIFTY-II.NFO,22/01/2025,09:42:13,49082.3,49069.5,150,49083.9,30,0,1134630
BANKNIFTY-II.NFO,22/01/2025,09:42:15,49082.3,49061.15,150,49075.35,270,0,1134630
BANKNIFTY-II.NFO,22/01/2025,09:42:16,49082.3,49062.8,150,49076.8,240,0,1134630
BANKNIFTY-II.NFO,22/01/2025,09:42:18,49076.8,49062.85,180,49075.5,30,30,1134630
BANKNIFTY-II.NFO,22/01/2025,09:42:20,49076.8,49061.9,180,49073.95,30,0,1134630
BANKNIFTY-II.NFO,22/01/2025,09:42:21,49076.8,49068.55,180,49081.75,240,0,1134630
BANKNIFTY-II.NFO,22/01/2025,09:42:23,49076.8,49076.6,180,49087.5,30,0,1134630
BANKNIFTY-II.NFO,22/01/2025,09:42:25,49076.8,49077.3,180,49088.7,30,0,1134630
BANKNIFTY-II.NFO,22/01/2025,09:42:26,49094.95,49084.8,180,49097,30,30,1134630
BANKNIFTY-II.NFO,22/01/2025,09:42:28,49094.95,49088.6,180,49101.9,60,0,1134630
BANKNIFTY-II.NFO,22/01/2025,09:42:30,49089.25,49096.4,150,49110.3,30,30,1134630
BANKNIFTY-II.NFO,22/01/2025,09:42:31,49089.25,49098.75,150,49111.9,30,0,1134630
BANKNIFTY-II.NFO,22/01/2025,09:42:33,49089.25,49090.35,150,49099.95,30,0,1134630
BANKNIFTY-II.NFO,22/01/2025,09:42:35,49104.5,49093.4,150,49105.85,30,180,1134630
BANKNIFTY-II.NFO,22/01/2025,09:42:36,49104.5,49088.3,150,49095.95,30,0,1134630
BANKNIFTY-II.NFO,22/01/2025,09:42:38,49104.5,49087.55,150,49097.6,90,0,1134630
BANKNIFTY-II.NFO,22/01/2025,09:42:40,49104.5,49075.6,150,49085.95,30,0,1134630
BANKNIFTY-II.NFO,22/01/2025,09:42:41,49083.35,49080.35,120,49091.9,90,30,1134630
BANKNIFTY-II.NFO,22/01/2025,09:42:43,49091.9,49076.95,120,49087.9,90,90,1134630
BANKNIFTY-II.NFO,22/01/2025,09:42:45,49091.9,49083.15,120,49091.8,90,0,1134630
BANKNIFTY-II.NFO,22/01/2025,09:42:46,49091.8,49074.95,120,49083.95,30,30,1134630
BANKNIFTY-II.NFO,22/01/2025,09:42:48,49091.8,49072.65,150,49083.9,60,0,1134630
BANKNIFTY-II.NFO,22/01/2025,09:42:50,49091.8,49065.25,120,49075.9,60,0,1134630
BANKNIFTY-II.NFO,22/01/2025,09:42:51,49091.8,49064.85,150,49075.9,60,0,1134630
BANKNIFTY-II.NFO,22/01/2025,09:42:53,49091.8,49068.3,210,49079.85,60,0,1134630
BANKNIFTY-II.NFO,22/01/2025,09:42:55,49088.7,49066.65,240,49077.95,30,270,1134630
BANKNIFTY-II.NFO,22/01/2025,09:42:56,49088.7,49062.1,210,49075.9,240,0,1134630
BANKNIFTY-II.NFO,22/01/2025,09:42:58,49088.7,49064.4,240,49077.9,240,0,1134630
BANKNIFTY-II.NFO,22/01/2025,09:43:00,49077.9,49067.35,60,49079.9,240,30,1134450
BANKNIFTY-II.NFO,22/01/2025,09:43:01,49077.9,49067.9,60,49079.95,30,0,1134450
BANKNIFTY-II.NFO,22/01/2025,09:43:03,49077.9,49065.85,240,49081.8,240,0,1134450
BANKNIFTY-II.NFO,22/01/2025,09:43:05,49061,49061,810,49069.9,240,690,1134450
BANKNIFTY-II.NFO,22/01/2025,09:43:06,49061,49050,60,49061.6,300,810,1134450
BANKNIFTY-II.NFO,22/01/2025,09:43:08,49061,49050.45,90,49064.6,240,0,1134450
BANKNIFTY-II.NFO,22/01/2025,09:43:10,49061,49050,60,49062.3,240,0,1134450
BANKNIFTY-II.NFO,22/01/2025,09:43:11,49061,49058.05,240,49067.95,30,0,1134450
BANKNIFTY-II.NFO,22/01/2025,09:43:13,49061,49050.05,60,49065.2,240,0,1134450
BANKNIFTY-II.NFO,22/01/2025,09:43:15,49061,49050,60,49063.35,240,0,1134450
BANKNIFTY-II.NFO,22/01/2025,09:43:16,49061,49052.05,30,49062.7,240,0,1134450
BANKNIFTY-II.NFO,22/01/2025,09:43:18,49061,49052.05,60,49065.75,240,0,1134450
BANKNIFTY-II.NFO,22/01/2025,09:43:20,49061,49050,60,49059.65,240,0,1134450
BANKNIFTY-II.NFO,22/01/2025,09:43:21,49050,49033.25,30,49042.6,240,60,1134450
BANKNIFTY-II.NFO,22/01/2025,09:43:23,49050,49030.6,30,49041.15,240,0,1134450
BANKNIFTY-II.NFO,22/01/2025,09:43:25,49050,49030.6,30,49044.25,240,0,1134450
BANKNIFTY-II.NFO,22/01/2025,09:43:26,49050,49028.3,30,49035.8,240,0,1134450
BANKNIFTY-II.NFO,22/01/2025,09:43:28,49025,49015,30,49026.75,240,30,1134450
BANKNIFTY-II.NFO,22/01/2025,09:43:30,49015.4,49010.25,30,49011.35,30,30,1134450
BANKNIFTY-II.NFO,22/01/2025,09:43:31,48988.35,48987.5,30,48994.85,210,270,1134450
BANKNIFTY-II.NFO,22/01/2025,09:43:33,48987.75,48992.05,30,48999.95,210,30,1134450
BANKNIFTY-II.NFO,22/01/2025,09:43:35,48999.95,48990.05,30,48999.95,180,30,1134450
BANKNIFTY-II.NFO,22/01/2025,09:43:36,49000,48988.6,30,48998.55,180,270,1134450
BANKNIFTY-II.NFO,22/01/2025,09:43:38,49012.4,48994.05,30,49008.2,90,300,1134450
BANKNIFTY-II.NFO,22/01/2025,09:43:40,49012.4,48995.85,60,49011.95,90,0,1134450
BANKNIFTY-II.NFO,22/01/2025,09:43:41,48999.55,48995.75,30,49002.3,90,30,1134450
BANKNIFTY-II.NFO,22/01/2025,09:43:43,48999.55,48992.05,30,49003.45,90,0,1134450
BANKNIFTY-II.NFO,22/01/2025,09:43:45,48999.55,48988.05,30,48999.5,90,0,1134450
BANKNIFTY-II.NFO,22/01/2025,09:43:46,48985,48977,30,48986,90,30,1134450
BANKNIFTY-II.NFO,22/01/2025,09:43:48,48979.15,48986.35,60,48999.65,90,30,1134450
BANKNIFTY-II.NFO,22/01/2025,09:43:50,48988.25,48988.85,90,49002.2,90,60,1134450
BANKNIFTY-II.NFO,22/01/2025,09:43:51,48999.6,48990.65,240,49004.55,60,90,1134450
BANKNIFTY-II.NFO,22/01/2025,09:43:53,48999.6,48993.15,60,49007.6,60,0,1134450
BANKNIFTY-II.NFO,22/01/2025,09:43:55,48999.6,48986.65,270,49001.35,60,0,1134450
BANKNIFTY-II.NFO,22/01/2025,09:43:57,48999.75,48980.8,120,48996.45,30,30,1134450
BANKNIFTY-II.NFO,22/01/2025,09:43:58,48975.35,48957.4,60,48972.25,30,60,1134450
BANKNIFTY-II.NFO,22/01/2025,09:44:00,48975.35,48950,30,48958.95,30,0,1134450
BANKNIFTY-II.NFO,22/01/2025,09:44:02,48983.95,48965.45,90,48977.95,30,780,1134450
BANKNIFTY-II.NFO,22/01/2025,09:44:03,48967.25,48971.85,60,48978.4,120,60,1134450
BANKNIFTY-II.NFO,22/01/2025,09:44:05,48989.9,48972.85,270,48989.45,150,90,1134450
BANKNIFTY-II.NFO,22/01/2025,09:44:07,48994,48980.5,30,48993.1,120,180,1134450
BANKNIFTY-II.NFO,22/01/2025,09:44:08,48994,48989.8,240,49000,420,0,1134450
BANKNIFTY-II.NFO,22/01/2025,09:44:10,49000,48996.65,240,49008.6,90,420,1134450
BANKNIFTY-II.NFO,22/01/2025,09:44:12,49000,48990.4,240,49001.95,30,0,1134450
BANKNIFTY-II.NFO,22/01/2025,09:44:13,49007.9,48992.9,30,49005.25,90,30,1134450
BANKNIFTY-II.NFO,22/01/2025,09:44:15,49007.9,48998.1,240,49012.6,120,0,1134450
BANKNIFTY-II.NFO,22/01/2025,09:44:17,49007.9,48997.55,240,49009.5,90,0,1134450
BANKNIFTY-II.NFO,22/01/2025,09:44:18,49007.9,48996.3,30,49003.95,30,0,1134450
BANKNIFTY-II.NFO,22/01/2025,09:44:20,48990.25,48985.6,30,48997.45,60,30,1134450
BANKNIFTY-II.NFO,22/01/2025,09:44:22,48990.25,48990.4,300,49003.8,90,0,1134450
BANKNIFTY-II.NFO,22/01/2025,09:44:23,48990.25,48988.35,240,48999.3,30,0,1134450
BANKNIFTY-II.NFO,22/01/2025,09:44:25,49007.85,48992.35,240,49003.2,90,90,1134450
BANKNIFTY-II.NFO,22/01/2025,09:44:27,49007.85,48993.3,30,48997.95,30,0,1134450
BANKNIFTY-II.NFO,22/01/2025,09:44:28,49007.85,48995.7,30,49003.2,90,0,1134450
BANKNIFTY-II.NFO,22/01/2025,09:44:30,49007.85,48996.1,30,49003.8,90,0,1134450
BANKNIFTY-II.NFO,22/01/2025,09:44:32,49007.85,48991,60,48997.95,30,0,1134450
BANKNIFTY-II.NFO,22/01/2025,09:44:33,49007.85,48991,60,48997.35,90,0,1134450
BANKNIFTY-II.NFO,22/01/2025,09:44:35,48989.2,48990,30,48999.9,90,330,1134450
BANKNIFTY-II.NFO,22/01/2025,09:44:37,48988.6,48988.15,150,48988.6,120,210,1134450
BANKNIFTY-II.NFO,22/01/2025,09:44:38,48988.85,48985.3,30,48988.85,30,90,1134450
BANKNIFTY-II.NFO,22/01/2025,09:44:40,48984.6,48980,30,48987.95,60,30,1134450
BANKNIFTY-II.NFO,22/01/2025,09:44:42,48973.95,48974.5,30,48975.9,30,90,1134450
BANKNIFTY-II.NFO,22/01/2025,09:44:43,48977,48981.6,30,48992.4,90,180,1134450
BANKNIFTY-II.NFO,22/01/2025,09:44:45,48995.8,48983.9,30,48991.55,150,240,1134450
BANKNIFTY-II.NFO,22/01/2025,09:44:47,48995.8,48988.7,30,48993.75,150,0,1134450
BANKNIFTY-II.NFO,22/01/2025,09:44:48,48987.7,48988.3,150,48995.95,30,30,1134450
BANKNIFTY-II.NFO,22/01/2025,09:44:50,48996.6,48996.6,30,49007.6,90,180,1134450
BANKNIFTY-II.NFO,22/01/2025,09:44:53,48996.6,48991.5,30,48995.95,30,0,1134450
BANKNIFTY-II.NFO,22/01/2025,09:44:55,48996.6,48993.3,30,48996.8,150,0,1134450
BANKNIFTY-II.NFO,22/01/2025,09:44:57,48995.9,48993.6,30,48996.3,120,30,1134450
BANKNIFTY-II.NFO,22/01/2025,09:44:58,48995.75,48975.5,30,48981.65,150,720,1134450
BANKNIFTY-II.NFO,22/01/2025,09:45:00,48961.2,48954,30,48961.4,120,30,1134450
BANKNIFTY-II.NFO,22/01/2025,09:45:02,48961.2,48960.8,30,48966.9,120,0,1134450
BANKNIFTY-II.NFO,22/01/2025,09:45:03,48960,48954.2,30,48960.55,120,30,1134450
BANKNIFTY-II.NFO,22/01/2025,09:45:05,48964.9,48965.5,30,48969.35,150,30,1134450
BANKNIFTY-II.NFO,22/01/2025,09:45:07,48969.3,48970.5,30,48976.8,120,240,1134450
BANKNIFTY-II.NFO,22/01/2025,09:45:08,48964.3,48963.3,30,48971.55,120,60,1134450
BANKNIFTY-II.NFO,22/01/2025,09:45:10,48969.4,48968.85,240,48978.2,120,150,1134450
BANKNIFTY-II.NFO,22/01/2025,09:45:12,48971.1,48972.4,30,48979.9,120,30,1134450
BANKNIFTY-II.NFO,22/01/2025,09:45:13,48971.1,48978.2,30,48984.85,120,0,1134450
BANKNIFTY-II.NFO,22/01/2025,09:45:15,48971.1,48969.55,240,48979.7,120,0,1134450
BANKNIFTY-II.NFO,22/01/2025,09:45:17,48971.1,48972.8,30,48978.55,120,0,1134450
BANKNIFTY-II.NFO,22/01/2025,09:45:18,48971.1,48982.4,30,48989.15,120,0,1134450
BANKNIFTY-II.NFO,22/01/2025,09:45:20,48971.1,48985.7,30,48993.95,30,0,1134450
BANKNIFTY-II.NFO,22/01/2025,09:45:22,49015.05,48997.75,240,49007.95,30,270,1134450
BANKNIFTY-II.NFO,22/01/2025,09:45:23,49020,49014.85,240,49019.95,30,30,1134450
BANKNIFTY-II.NFO,22/01/2025,09:45:25,49031.95,49017.5,30,49028.1,60,750,1134450
BANKNIFTY-II.NFO,22/01/2025,09:45:27,49022.2,49025.15,240,49035.85,90,300,1134450
BANKNIFTY-II.NFO,22/01/2025,09:45:28,49022.25,49024.3,30,49029.3,150,60,1134450
BANKNIFTY-II.NFO,22/01/2025,09:45:30,49022.25,49020,30,49028.25,150,0,1134450
BANKNIFTY-II.NFO,22/01/2025,09:45:32,49022.25,49013.55,240,49021.55,150,0,1134450
BANKNIFTY-II.NFO,22/01/2025,09:45:33,49022.25,49007.5,30,49016,150,0,1134450
BANKNIFTY-II.NFO,22/01/2025,09:45:35,49022.25,49005.05,240,49014.65,150,0,1134450
BANKNIFTY-II.NFO,22/01/2025,09:45:37,48998.25,49001.4,30,49008.7,150,60,1134450
BANKNIFTY-II.NFO,22/01/2025,09:45:38,48998.25,48999.25,30,49010.5,150,0,1134450
BANKNIFTY-II.NFO,22/01/2025,09:45:40,48998.25,48993.9,30,49003.85,90,0,1134450
BANKNIFTY-II.NFO,22/01/2025,09:45:42,48998.25,48973.55,270,48987.45,90,0,1134450
BANKNIFTY-II.NFO,22/01/2025,09:45:43,48998.25,48982.5,30,48993.9,90,0,1134450
BANKNIFTY-II.NFO,22/01/2025,09:45:45,48998.25,48987.5,30,48996.5,30,0,1134450
BANKNIFTY-II.NFO,22/01/2025,09:45:47,48998.25,48988,30,48995.35,150,0,1134450
BANKNIFTY-II.NFO,22/01/2025,09:45:48,48998.25,48976.55,240,48991.8,90,0,1134450
BANKNIFTY-II.NFO,22/01/2025,09:45:50,48998.25,48984.4,30,48988.55,150,0,1134450
BANKNIFTY-II.NFO,22/01/2025,09:45:52,48989.3,48990.3,30,49001.1,60,180,1134450
BANKNIFTY-II.NFO,22/01/2025,09:45:53,48989.3,48987.7,30,48999.95,90,0,1134450
BANKNIFTY-II.NFO,22/01/2025,09:45:55,48989.3,48980.15,270,48993.95,30,0,1134450
BANKNIFTY-II.NFO,22/01/2025,09:45:57,48989.95,48968.95,240,48985.9,60,60,1136340
BANKNIFTY-II.NFO,22/01/2025,09:45:58,48989.95,48960.7,30,48971.8,60,0,1136340
BANKNIFTY-II.NFO,22/01/2025,09:46:00,48970.4,48960,30,48970.4,30,30,1136340
BANKNIFTY-II.NFO,22/01/2025,09:46:02,48965,48950.2,60,48957.95,30,60,1136340
BANKNIFTY-II.NFO,22/01/2025,09:46:03,48961.95,48950,360,48959.65,150,30,1136340
BANKNIFTY-II.NFO,22/01/2025,09:46:05,48950,48950,330,48959.35,150,30,1136340
BANKNIFTY-II.NFO,22/01/2025,09:46:07,48950,48950.2,30,48960.45,150,0,1136340
BANKNIFTY-II.NFO,22/01/2025,09:46:08,48950,48950,330,48958.65,60,0,1136340
BANKNIFTY-II.NFO,22/01/2025,09:46:10,48951.25,48939.05,90,48951.95,30,360,1136340
BANKNIFTY-II.NFO,22/01/2025,09:46:12,48951.25,48940.85,30,48948.4,60,0,1136340
BANKNIFTY-II.NFO,22/01/2025,09:46:13,48941.55,48938,60,48950,60,30,1136340
BANKNIFTY-II.NFO,22/01/2025,09:46:15,48937.5,48938.35,60,48950,60,30,1136340
BANKNIFTY-II.NFO,22/01/2025,09:46:17,48937.5,48940.25,150,48950,60,0,1136340
BANKNIFTY-II.NFO,22/01/2025,09:46:18,48939.85,48946.3,60,48950,60,240,1136340
BANKNIFTY-II.NFO,22/01/2025,09:46:20,48939.85,48938.05,60,48950,60,0,1136340
BANKNIFTY-II.NFO,22/01/2025,09:46:22,48950,48945.4,30,48950,30,30,1136340
BANKNIFTY-II.NFO,22/01/2025,09:46:23,48946.65,48948.1,30,48961.9,90,420,1136340
BANKNIFTY-II.NFO,22/01/2025,09:46:25,48946.65,48943.1,30,48955.25,60,0,1136340
BANKNIFTY-II.NFO,22/01/2025,09:46:27,48946.65,48941.1,30,48952.5,60,0,1136340
BANKNIFTY-II.NFO,22/01/2025,09:46:28,48946.65,48935.6,30,48948.2,60,0,1136340
BANKNIFTY-II.NFO,22/01/2025,09:46:30,48916,48912.05,30,48926.25,210,90,1136340
BANKNIFTY-II.NFO,22/01/2025,09:46:32,48916,48930.1,60,48941,150,0,1136340
BANKNIFTY-II.NFO,22/01/2025,09:46:33,48943.25,48927,30,48937.5,60,30,1136340
BANKNIFTY-II.NFO,22/01/2025,09:46:35,48943.25,48919.9,30,48931.95,30,0,1136340
BANKNIFTY-II.NFO,22/01/2025,09:46:37,48923.7,48925.2,30,48935.95,30,150,1136340
BANKNIFTY-II.NFO,22/01/2025,09:46:38,48923.7,48926.3,30,48939.5,120,0,1136340
BANKNIFTY-II.NFO,22/01/2025,09:46:40,48923.7,48933.8,30,48945.65,120,0,1136340
BANKNIFTY-II.NFO,22/01/2025,09:46:42,48923.7,48933.8,30,48943.25,30,0,1136340
BANKNIFTY-II.NFO,22/01/2025,09:46:43,48935.85,48925,30,48935.25,150,150,1136340
BANKNIFTY-II.NFO,22/01/2025,09:46:45,48928.2,48934.1,30,48941.6,150,90,1136340
BANKNIFTY-II.NFO,22/01/2025,09:46:47,48929.55,48932.5,60,48943.2,60,60,1136340
BANKNIFTY-II.NFO,22/01/2025,09:46:48,48929.55,48928.1,30,48936.5,150,0,1136340
BANKNIFTY-II.NFO,22/01/2025,09:46:50,48929.55,48928.1,30,48937.75,120,0,1136340
BANKNIFTY-II.NFO,22/01/2025,09:46:52,48929.55,48923.7,30,48934.3,60,0,1136340
BANKNIFTY-II.NFO,22/01/2025,09:46:53,48930,48931.7,30,48941.5,150,30,1136340
BANKNIFTY-II.NFO,22/01/2025,09:46:55,48930,48923.7,30,48935.35,120,0,1136340
BANKNIFTY-II.NFO,22/01/2025,09:46:57,48930,48923.7,30,48933.9,120,0,1136340
BANKNIFTY-II.NFO,22/01/2025,09:46:58,48920,48915.65,240,48925.95,30,90,1136340
BANKNIFTY-II.NFO,22/01/2025,09:47:00,48926.55,48920,30,48929.5,120,30,1136340
BANKNIFTY-II.NFO,22/01/2025,09:47:02,48926.55,48920,30,48929.55,30,0,1136340
BANKNIFTY-II.NFO,22/01/2025,09:47:03,48926.55,48920,30,48928,120,0,1136340
BANKNIFTY-II.NFO,22/01/2025,09:47:05,48926.55,48921.2,30,48925.7,150,0,1136340
BANKNIFTY-II.NFO,22/01/2025,09:47:07,48926.55,48926.2,30,48929.55,30,0,1136340
BANKNIFTY-II.NFO,22/01/2025,09:47:08,48929.3,48926.4,30,48935.2,60,150,1136340
BANKNIFTY-II.NFO,22/01/2025,09:47:10,48930.5,48924.8,30,48935.8,120,150,1136340
BANKNIFTY-II.NFO,22/01/2025,09:47:12,48930.5,48922.8,90,48935.7,120,0,1136340
BANKNIFTY-II.NFO,22/01/2025,09:47:13,48933.4,48922,30,48931.8,120,90,1136340
BANKNIFTY-II.NFO,22/01/2025,09:47:15,48933.4,48920,270,48925.85,60,0,1136340
BANKNIFTY-II.NFO,22/01/2025,09:47:17,48929.95,48920.05,60,48930.95,60,90,1136340
BANKNIFTY-II.NFO,22/01/2025,09:47:18,48929.95,48924,30,48931.45,120,0,1136340
BANKNIFTY-II.NFO,22/01/2025,09:47:20,48929.95,48925.7,30,48935.55,120,0,1136340
BANKNIFTY-II.NFO,22/01/2025,09:47:22,48943.25,48943.5,30,48946.6,150,150,1136340
BANKNIFTY-II.NFO,22/01/2025,09:47:23,48943.6,48943.6,30,48955.9,240,180,1136340
BANKNIFTY-II.NFO,22/01/2025,09:47:25,48943.6,48937.5,30,48947.9,60,0,1136340
BANKNIFTY-II.NFO,22/01/2025,09:47:27,48943.6,48941.3,30,48946.55,150,0,1136340
BANKNIFTY-II.NFO,22/01/2025,09:47:28,48943.6,48942.5,30,48947.45,30,0,1136340
BANKNIFTY-II.NFO,22/01/2025,09:47:30,48943.6,48944.8,30,48947.45,30,0,1136340
BANKNIFTY-II.NFO,22/01/2025,09:47:32,48947.45,48946.4,60,48954.65,150,30,1136340
BANKNIFTY-II.NFO,22/01/2025,09:47:33,48948.05,48946,30,48958.9,90,180,1136340
BANKNIFTY-II.NFO,22/01/2025,09:47:35,48948.05,48949.5,30,48960.7,90,0,1136340
BANKNIFTY-II.NFO,22/01/2025,09:47:37,48960.5,48960.7,30,48967.05,60,90,1136340
BANKNIFTY-II.NFO,22/01/2025,09:47:38,48960.5,48962.5,30,48969.2,60,0,1136340
BANKNIFTY-II.NFO,22/01/2025,09:47:40,48960.5,48956.8,30,48967.1,60,0,1136340
BANKNIFTY-II.NFO,22/01/2025,09:47:42,48952.1,48958.3,30,48968.35,120,60,1136340
BANKNIFTY-II.NFO,22/01/2025,09:47:43,48952.1,48954.95,300,48960.5,30,0,1136340
BANKNIFTY-II.NFO,22/01/2025,09:47:45,48977.3,48968.05,30,48981.35,90,60,1136340
BANKNIFTY-II.NFO,22/01/2025,09:47:47,48977.3,48955,30,48968.1,150,0,1136340
BANKNIFTY-II.NFO,22/01/2025,09:47:48,48977.3,48960,30,48971.65,90,0,1136340
BANKNIFTY-II.NFO,22/01/2025,09:47:50,48977.3,48955.05,30,48970.3,90,0,1136340
BANKNIFTY-II.NFO,22/01/2025,09:47:52,48956.2,48955,30,48967.5,90,30,1136340
BANKNIFTY-II.NFO,22/01/2025,09:47:53,48956.2,48955,30,48964.1,90,0,1136340
BANKNIFTY-II.NFO,22/01/2025,09:47:55,48955,48942.05,60,48955.95,90,30,1136340
BANKNIFTY-II.NFO,22/01/2025,09:47:57,48955,48941.55,240,48950,60,0,1136340
BANKNIFTY-II.NFO,22/01/2025,09:47:58,48955,48941.6,30,48950,60,0,1136340
BANKNIFTY-II.NFO,22/01/2025,09:48:00,48955,48941.15,240,48950,60,0,1136340
BANKNIFTY-II.NFO,22/01/2025,09:48:02,48950,48951.15,270,48964.95,90,60,1136340
BANKNIFTY-II.NFO,22/01/2025,09:48:03,48950,48953.75,240,48968,90,0,1136340
BANKNIFTY-II.NFO,22/01/2025,09:48:05,48950,48956.05,60,48968.25,90,0,1136340
BANKNIFTY-II.NFO,22/01/2025,09:48:07,48950,48959.3,60,48974.2,180,0,1136340
BANKNIFTY-II.NFO,22/01/2025,09:48:08,48950,48961.25,240,48973.65,60,0,1136340
BANKNIFTY-II.NFO,22/01/2025,09:48:10,48959.85,48960.9,90,48972.3,150,30,1136340
BANKNIFTY-II.NFO,22/01/2025,09:48:12,48959.85,48958.05,240,48970.6,150,0,1136340
BANKNIFTY-II.NFO,22/01/2025,09:48:13,48959.85,48959.5,30,48969.55,150,0,1136340
BANKNIFTY-II.NFO,22/01/2025,09:48:15,48959.85,48959.9,240,48970.45,60,0,1136340
BANKNIFTY-II.NFO,22/01/2025,09:48:17,48959.85,48959.85,390,48969,150,60,1136340
BANKNIFTY-II.NFO,22/01/2025,09:48:18,48959.85,48939.4,60,48954.2,180,390,1136340
BANKNIFTY-II.NFO,22/01/2025,09:48:20,48959.85,48944.05,240,48957.1,150,0,1136340
BANKNIFTY-II.NFO,22/01/2025,09:48:22,48959.85,48947.4,60,48958.95,150,0,1136340
BANKNIFTY-II.NFO,22/01/2025,09:48:23,48959.85,48953.7,30,48964.35,60,0,1136340
BANKNIFTY-II.NFO,22/01/2025,09:48:25,48959.85,48956.95,240,48964.4,150,0,1136340
BANKNIFTY-II.NFO,22/01/2025,09:48:27,48959.85,48952.8,60,48966.2,180,0,1136340
BANKNIFTY-II.NFO,22/01/2025,09:48:28,48959.85,48942.05,240,48953.65,60,0,1136340
BANKNIFTY-II.NFO,22/01/2025,09:48:30,48942.05,48944.75,30,48957.95,180,30,1136340
BANKNIFTY-II.NFO,22/01/2025,09:48:32,48942.05,48943.9,30,48957,240,0,1136340
BANKNIFTY-II.NFO,22/01/2025,09:48:33,48942.05,48938.4,30,48951.85,180,0,1136340
BANKNIFTY-II.NFO,22/01/2025,09:48:35,48942.05,48944.15,240,48957.15,180,0,1136340
BANKNIFTY-II.NFO,22/01/2025,09:48:37,48944.05,48942.05,30,48955.7,180,30,1136340
BANKNIFTY-II.NFO,22/01/2025,09:48:38,48944.05,48944.05,30,48954.8,180,0,1136340
BANKNIFTY-II.NFO,22/01/2025,09:48:40,48944.05,48945.1,60,48957.3,180,0,1136340
BANKNIFTY-II.NFO,22/01/2025,09:48:42,48955.6,48941.7,90,48956.05,120,60,1136340
BANKNIFTY-II.NFO,22/01/2025,09:48:43,48955.6,48938.3,30,48949.95,120,0,1136340
BANKNIFTY-II.NFO,22/01/2025,09:48:45,48955.6,48940.9,60,48952.95,180,0,1136340
BANKNIFTY-II.NFO,22/01/2025,09:48:47,48955.6,48945.2,30,48955.9,120,0,1136340
BANKNIFTY-II.NFO,22/01/2025,09:48:48,48955.6,48941,60,48954.5,120,0,1136340
BANKNIFTY-II.NFO,22/01/2025,09:48:50,48955.6,48939.5,30,48951.8,120,0,1136340
BANKNIFTY-II.NFO,22/01/2025,09:48:52,48955.6,48943,30,48955.4,120,0,1136340
BANKNIFTY-II.NFO,22/01/2025,09:48:53,48955.6,48943.7,30,48956.2,120,0,1136340
BANKNIFTY-II.NFO,22/01/2025,09:48:55,48955.6,48942.45,240,48954.3,60,0,1136340
BANKNIFTY-II.NFO,22/01/2025,09:48:57,48955.6,48949.6,30,48961.2,120,0,1136340
BANKNIFTY-II.NFO,22/01/2025,09:48:58,48955.6,48942.35,240,48958.9,240,0,1136340
BANKNIFTY-II.NFO,22/01/2025,09:49:00,48955.6,48944,30,48957.25,120,0,1136340
BANKNIFTY-II.NFO,22/01/2025,09:49:02,48955.6,48943.1,30,48955.65,120,0,1136340
BANKNIFTY-II.NFO,22/01/2025,09:49:03,48943.65,48947.1,60,48958.1,150,30,1137000
BANKNIFTY-II.NFO,22/01/2025,09:49:05,48943.65,48950.1,60,48957.35,150,0,1137000
BANKNIFTY-II.NFO,22/01/2025,09:49:07,48943.65,48944.5,30,48955.55,150,0,1137000
BANKNIFTY-II.NFO,22/01/2025,09:49:08,48943.65,48933.8,240,48946.2,120,0,1137000
BANKNIFTY-II.NFO,22/01/2025,09:49:10,48943.65,48931,150,48942.85,150,0,1137000
BANKNIFTY-II.NFO,22/01/2025,09:49:12,48943.65,48931,150,48942.4,150,0,1137000
BANKNIFTY-II.NFO,22/01/2025,09:49:13,48943.65,48932.35,240,48943.35,150,0,1137000
BANKNIFTY-II.NFO,22/01/2025,09:49:15,48943.65,48933.55,240,48943.45,150,0,1137000
BANKNIFTY-II.NFO,22/01/2025,09:49:17,48943.65,48936.2,60,48943.85,150,0,1137000
BANKNIFTY-II.NFO,22/01/2025,09:49:18,48943.65,48937.4,60,48943.65,30,0,1137000
BANKNIFTY-II.NFO,22/01/2025,09:49:20,48945.35,48946.1,240,48959.35,180,180,1137000
BANKNIFTY-II.NFO,22/01/2025,09:49:22,48945.35,48946.75,60,48958.95,180,0,1137000
BANKNIFTY-II.NFO,22/01/2025,09:49:23,48945.35,48933.55,240,48949.25,210,0,1137000
BANKNIFTY-II.NFO,22/01/2025,09:49:25,48945.35,48936.05,30,48947.7,180,0,1137000
BANKNIFTY-II.NFO,22/01/2025,09:49:27,48945.35,48932.2,240,48944.95,180,0,1137000
BANKNIFTY-II.NFO,22/01/2025,09:49:28,48945.35,48935.7,30,48945,120,0,1137000
BANKNIFTY-II.NFO,22/01/2025,09:49:30,48945.35,48934.85,240,48945,120,0,1137000
BANKNIFTY-II.NFO,22/01/2025,09:49:32,48945.35,48938.95,240,48945,120,0,1137000
BANKNIFTY-II.NFO,22/01/2025,09:49:33,48945.35,48941.35,240,48945,120,0,1137000
BANKNIFTY-II.NFO,22/01/2025,09:49:35,48945,48939.85,240,48945,90,30,1137000
BANKNIFTY-II.NFO,22/01/2025,09:49:37,48945,48945.8,240,48958.05,150,90,1137000
BANKNIFTY-II.NFO,22/01/2025,09:49:38,48945,48948.1,60,48960.9,180,0,1137000
BANKNIFTY-II.NFO,22/01/2025,09:49:40,48946.45,48941.9,240,48957.15,270,30,1137000
BANKNIFTY-II.NFO,22/01/2025,09:49:42,48946.45,48944.6,30,48958.45,240,0,1137000
BANKNIFTY-II.NFO,22/01/2025,09:49:43,48951.75,48952.55,270,48963.6,60,30,1137000
BANKNIFTY-II.NFO,22/01/2025,09:49:45,48963.55,48944.45,60,48957.5,180,60,1137000
BANKNIFTY-II.NFO,22/01/2025,09:49:47,48957.5,48944.6,60,48956.65,60,30,1137000
BANKNIFTY-II.NFO,22/01/2025,09:49:48,48957.5,48951.75,30,48957.95,150,0,1137000
BANKNIFTY-II.NFO,22/01/2025,09:49:50,48951.75,48940.4,60,48954.1,150,30,1137000
BANKNIFTY-II.NFO,22/01/2025,09:49:52,48953.4,48938.55,240,48952.55,120,30,1137000
BANKNIFTY-II.NFO,22/01/2025,09:49:53,48953.4,48931,150,48944.1,120,0,1137000
BANKNIFTY-II.NFO,22/01/2025,09:49:55,48953.4,48931,150,48938.9,120,0,1137000
BANKNIFTY-II.NFO,22/01/2025,09:49:57,48953.4,48931,150,48942.7,120,0,1137000
BANKNIFTY-II.NFO,22/01/2025,09:49:58,48937.9,48931,150,48937.2,90,30,1137000
