Ticker,Date,Time,LTP,BuyPrice,BuyQty,SellPrice,SellQty,LTQ,OpenInterest
NIFTY-I.NFO,22/01/2025,09:15:00,23164,23137.95,325,23143.2,50,1975,0
NIFTY-I.NFO,22/01/2025,09:15:00,23164,23137.95,325,23143.2,50,0,0
NIFTY-I.NFO,22/01/2025,09:15:00,23175,23137.95,325,23143.2,50,0,0
NIFTY-I.NFO,22/01/2025,09:15:00,23126.95,23137.95,325,23143.2,50,0,0
NIFTY-I.NFO,22/01/2025,09:15:01,23137.3,23134.05,50,23141.8,125,4025,14572600
NIFTY-I.NFO,22/01/2025,09:15:03,23101.25,23101.3,75,23110.25,50,14075,14572600
NIFTY-I.NFO,22/01/2025,09:15:03,23101.2,23101.3,75,23110.25,50,0,14572600
NIFTY-I.NFO,22/01/2025,09:15:04,23110.05,23112.8,75,23120.7,25,4325,14572600
NIFTY-I.NFO,22/01/2025,09:15:04,23100,23112.8,75,23120.7,25,0,14572600
NIFTY-I.NFO,22/01/2025,09:15:06,23126.85,23125.1,50,23131.2,375,2475,14572600
NIFTY-I.NFO,22/01/2025,09:15:07,23120.8,23120.8,25,23129.45,50,3075,14572600
NIFTY-I.NFO,22/01/2025,09:15:09,23126.55,23126.55,25,23128.45,75,1275,14572600
NIFTY-I.NFO,22/01/2025,09:15:11,23122.25,23122.25,175,23126.6,125,1825,14572600
NIFTY-I.NFO,22/01/2025,09:15:12,23123.2,23128.05,25,23131.15,50,4150,14572600
NIFTY-I.NFO,22/01/2025,09:15:14,23128.95,23130.1,125,23131.15,275,2300,14572600
NIFTY-I.NFO,22/01/2025,09:15:16,23137.6,23133.6,50,23137.6,50,2525,14572600
NIFTY-I.NFO,22/01/2025,09:15:17,23136.7,23133.6,25,23138.15,75,1875,14572600
NIFTY-I.NFO,22/01/2025,09:15:19,23140.4,23140,125,23141.6,150,4375,14572600
NIFTY-I.NFO,22/01/2025,09:15:21,23140,23135,25,23139.9,225,2100,14572600
NIFTY-I.NFO,22/01/2025,09:15:22,23138.65,23136.05,25,23138.65,25,1350,14572600
NIFTY-I.NFO,22/01/2025,09:15:24,23134.55,23132,125,23134.1,75,1925,14572600
NIFTY-I.NFO,22/01/2025,09:15:25,23136,23134.55,25,23136.05,50,5225,14572600
NIFTY-I.NFO,22/01/2025,09:15:27,23133.9,23132.5,25,23134.3,75,525,14572600
NIFTY-I.NFO,22/01/2025,09:15:29,23127.2,23130.05,25,23133.6,100,1525,14572600
NIFTY-I.NFO,22/01/2025,09:15:30,23135.95,23131.05,25,23134.45,200,1375,14572600
NIFTY-I.NFO,22/01/2025,09:15:32,23132.7,23131.55,25,23132.7,50,10100,14572600
NIFTY-I.NFO,22/01/2025,09:15:34,23127,23127.3,50,23131.05,100,1650,14572600
NIFTY-I.NFO,22/01/2025,09:15:36,23134.45,23127.7,100,23134.2,100,4225,14572600
NIFTY-I.NFO,22/01/2025,09:15:37,23132,23130,25,23131.55,50,450,14572600
NIFTY-I.NFO,22/01/2025,09:15:39,23130.45,23124.5,425,23130.45,25,1050,14572600
NIFTY-I.NFO,22/01/2025,09:15:40,23128.1,23124.75,50,23130,100,2400,14572600
NIFTY-I.NFO,22/01/2025,09:15:42,23130,23129.05,25,23132,75,475,14572600
NIFTY-I.NFO,22/01/2025,09:15:44,23129.7,23128.6,25,23135.85,100,2625,14567650
NIFTY-I.NFO,22/01/2025,09:15:45,23131.25,23131.25,125,23135.9,25,825,14567650
NIFTY-I.NFO,22/01/2025,09:15:47,23130,23130,200,23135.7,75,700,14567650
NIFTY-I.NFO,22/01/2025,09:15:49,23130.25,23130.55,25,23135,625,1150,14567650
NIFTY-I.NFO,22/01/2025,09:15:50,23135.2,23133.25,200,23135,25,1675,14567650
NIFTY-I.NFO,22/01/2025,09:15:52,23133,23127.6,25,23131.05,50,875,14567650
NIFTY-I.NFO,22/01/2025,09:15:54,23126.5,23127.05,25,23130,300,400,14567650
NIFTY-I.NFO,22/01/2025,09:15:55,23126.5,23127.7,25,23128.2,50,450,14567650
NIFTY-I.NFO,22/01/2025,09:15:57,23125,23123.85,275,23125,750,1200,14567650
NIFTY-I.NFO,22/01/2025,09:15:59,23124.35,23120.15,125,23124.35,50,925,14567650
NIFTY-I.NFO,22/01/2025,09:16:00,23126.5,23123.9,25,23126.5,25,825,14567650
NIFTY-I.NFO,22/01/2025,09:16:02,23115,23115,100,23119.3,50,575,14567650
NIFTY-I.NFO,22/01/2025,09:16:04,23114,23114,50,23115.05,375,1275,14567650
NIFTY-I.NFO,22/01/2025,09:16:05,23115.6,23112.45,150,23118.3,100,850,14567650
NIFTY-I.NFO,22/01/2025,09:16:07,23117.05,23111.3,75,23116.65,100,550,14567650
NIFTY-I.NFO,22/01/2025,09:16:08,23115,23114.45,25,23115.6,75,350,14567650
NIFTY-I.NFO,22/01/2025,09:16:10,23115.75,23115.85,150,23117.05,25,1400,14567650
NIFTY-I.NFO,22/01/2025,09:16:12,23116.2,23115.85,25,23118.2,75,750,14567650
NIFTY-I.NFO,22/01/2025,09:16:13,23114.55,23114.55,100,23115,25,2700,14567650
NIFTY-I.NFO,22/01/2025,09:16:15,23116.7,23114.1,175,23116.7,50,2950,14567650
NIFTY-I.NFO,22/01/2025,09:16:17,23111.8,23113.1,175,23114.95,25,1075,14567650
NIFTY-I.NFO,22/01/2025,09:16:18,23115.75,23115.6,50,23116.7,150,1700,14567650
NIFTY-I.NFO,22/01/2025,09:16:20,23114.55,23114.55,250,23115,25,500,14567650
NIFTY-I.NFO,22/01/2025,09:16:22,23114.9,23114.6,25,23115.6,50,425,14567650
NIFTY-I.NFO,22/01/2025,09:16:23,23116.55,23116.55,150,23117,25,925,14567650
NIFTY-I.NFO,22/01/2025,09:16:25,23116.55,23116.55,25,23120,575,1350,14567650
NIFTY-I.NFO,22/01/2025,09:16:27,23114.9,23117.55,25,23120.15,75,1950,14567650
NIFTY-I.NFO,22/01/2025,09:16:28,23114.55,23114.55,375,23118.45,100,700,14567650
NIFTY-I.NFO,22/01/2025,09:16:30,23118.4,23118.45,50,23122,25,875,14567650
NIFTY-I.NFO,22/01/2025,09:16:32,23119.2,23119.2,525,23123,75,700,14567650
NIFTY-I.NFO,22/01/2025,09:16:33,23120.2,23120.2,125,23123.1,25,775,14567650
NIFTY-I.NFO,22/01/2025,09:16:35,23119.2,23119.2,50,23120.2,250,1000,14567650
NIFTY-I.NFO,22/01/2025,09:16:37,23119.2,23118.8,850,23119.2,150,425,14567650
NIFTY-I.NFO,22/01/2025,09:16:38,23124.35,23122.45,375,23124.9,300,1500,14567650
NIFTY-I.NFO,22/01/2025,09:16:40,23122.55,23122.55,150,23124,25,775,14567650
NIFTY-I.NFO,22/01/2025,09:16:42,23125,23122.65,275,23126,300,225,14567650
NIFTY-I.NFO,22/01/2025,09:16:43,23122.7,23122.7,50,23126.5,1050,750,14567650
NIFTY-I.NFO,22/01/2025,09:16:45,23125.8,23122.05,25,23126.5,1000,3325,14567650
NIFTY-I.NFO,22/01/2025,09:16:47,23122.05,23122.05,25,23125.9,25,975,14567650
NIFTY-I.NFO,22/01/2025,09:16:48,23122.05,23122.05,25,23124.3,75,1175,14567650
NIFTY-I.NFO,22/01/2025,09:16:50,23121.55,23122.55,25,23124.25,175,375,14567650
NIFTY-I.NFO,22/01/2025,09:16:52,23121.05,23121.05,25,23124.2,100,375,14567650
NIFTY-I.NFO,22/01/2025,09:16:53,23120,23120,700,23122.8,25,300,14567650
NIFTY-I.NFO,22/01/2025,09:16:55,23120,23120,500,23121.65,125,375,14567650
NIFTY-I.NFO,22/01/2025,09:16:57,23120.75,23118.4,150,23122,750,1225,14567650
NIFTY-I.NFO,22/01/2025,09:16:58,23116.05,23116.05,25,23120.45,150,900,14567650
NIFTY-I.NFO,22/01/2025,09:17:00,23116.05,23116.05,75,23120,125,375,14567650
NIFTY-I.NFO,22/01/2025,09:17:02,23122,23119.25,50,23122,675,2900,14567650
NIFTY-I.NFO,22/01/2025,09:17:03,23120.05,23120.05,25,23122,675,200,14567650
NIFTY-I.NFO,22/01/2025,09:17:05,23121,23121.5,250,23124,50,1825,14567650
NIFTY-I.NFO,22/01/2025,09:17:07,23121.55,23121.55,25,23124,75,1950,14567650
NIFTY-I.NFO,22/01/2025,09:17:08,23121.55,23121.55,100,23124,50,150,14567650
NIFTY-I.NFO,22/01/2025,09:17:10,23121.55,23121.55,50,23124.25,50,275,14567650
NIFTY-I.NFO,22/01/2025,09:17:12,23121,23121.05,175,23121.55,25,400,14567650
NIFTY-I.NFO,22/01/2025,09:17:13,23123.9,23124.05,150,23125,400,100,14567650
NIFTY-I.NFO,22/01/2025,09:17:15,23124.95,23125.35,100,23126.4,50,525,14567650
NIFTY-I.NFO,22/01/2025,09:17:16,23124.9,23124,25,23126,100,2075,14567650
NIFTY-I.NFO,22/01/2025,09:17:18,23123.9,23121.5,350,23125,25,375,14567650
NIFTY-I.NFO,22/01/2025,09:17:20,23121.5,23124.35,275,23126.3,50,125,14567650
NIFTY-I.NFO,22/01/2025,09:17:21,23126.85,23126.85,300,23128,25,1100,14567650
NIFTY-I.NFO,22/01/2025,09:17:23,23128.45,23126.9,100,23127.9,300,825,14567650
NIFTY-I.NFO,22/01/2025,09:17:25,23127.9,23126.9,25,23127.9,275,300,14567650
NIFTY-I.NFO,22/01/2025,09:17:26,23125,23124.65,25,23126.85,175,175,14567650
NIFTY-I.NFO,22/01/2025,09:17:28,23125.55,23125.55,225,23126.85,150,450,14567650
NIFTY-I.NFO,22/01/2025,09:17:30,23129.75,23126.7,25,23129.85,25,775,14567650
NIFTY-I.NFO,22/01/2025,09:17:31,23127.7,23128.15,325,23129.85,25,350,14567650
NIFTY-I.NFO,22/01/2025,09:17:33,23130.1,23130.1,125,23132,300,2225,14567650
NIFTY-I.NFO,22/01/2025,09:17:35,23131.75,23130.4,25,23134,50,975,14567650
NIFTY-I.NFO,22/01/2025,09:17:36,23134.2,23130.9,25,23132.3,75,400,14567650
NIFTY-I.NFO,22/01/2025,09:17:38,23131,23131,325,23133.5,50,325,14567650
NIFTY-I.NFO,22/01/2025,09:17:40,23135,23131.15,25,23135,500,500,14567650
NIFTY-I.NFO,22/01/2025,09:17:41,23131.75,23131,325,23131.75,150,600,14567650
NIFTY-I.NFO,22/01/2025,09:17:43,23134,23131.05,400,23133.7,200,625,14567650
NIFTY-I.NFO,22/01/2025,09:17:45,23134.6,23131.05,250,23133.7,250,775,14567650
NIFTY-I.NFO,22/01/2025,09:17:46,23134.2,23131.1,375,23134.3,100,675,14567650
NIFTY-I.NFO,22/01/2025,09:17:48,23131.1,23131,150,23132.8,125,575,14567650
NIFTY-I.NFO,22/01/2025,09:17:50,23130.4,23130.4,650,23133.25,175,925,14567650
NIFTY-I.NFO,22/01/2025,09:17:51,23133.45,23130.4,600,23132.85,150,125,14567650
NIFTY-I.NFO,22/01/2025,09:17:53,23132.3,23130.65,100,23132.4,100,1850,14567650
NIFTY-I.NFO,22/01/2025,09:17:55,23131.45,23131,25,23132.55,125,550,14567650
NIFTY-I.NFO,22/01/2025,09:17:56,23131,23131,425,23131.75,25,275,14567650
NIFTY-I.NFO,22/01/2025,09:17:58,23132.05,23131,25,23132.2,125,775,14567650
NIFTY-I.NFO,22/01/2025,09:18:00,23131.5,23131.5,225,23133,25,725,14567650
NIFTY-I.NFO,22/01/2025,09:18:01,23133.35,23131.7,100,23132.25,75,650,14567650
NIFTY-I.NFO,22/01/2025,09:18:03,23130.55,23130.55,350,23130.95,50,725,14567650
NIFTY-I.NFO,22/01/2025,09:18:05,23134,23133.35,50,23134.1,250,200,14567650
NIFTY-I.NFO,22/01/2025,09:18:06,23130.55,23130.5,25,23133.85,200,600,14567650
NIFTY-I.NFO,22/01/2025,09:18:08,23130.65,23130.65,175,23131.95,25,400,14567650
NIFTY-I.NFO,22/01/2025,09:18:10,23131,23130.65,25,23132.6,100,350,14567650
NIFTY-I.NFO,22/01/2025,09:18:11,23130.6,23130.8,25,23133.35,100,150,14567650
NIFTY-I.NFO,22/01/2025,09:18:13,23134,23131.6,300,23134.2,200,1200,14567650
NIFTY-I.NFO,22/01/2025,09:18:14,23132,23131.8,25,23137,125,2625,14567650
NIFTY-I.NFO,22/01/2025,09:18:16,23132.3,23132.3,300,23134,50,225,14567650
NIFTY-I.NFO,22/01/2025,09:18:18,23131.8,23132.35,25,23134.9,125,1100,14567650
NIFTY-I.NFO,22/01/2025,09:18:19,23134.9,23132.5,475,23135,125,475,14567650
NIFTY-I.NFO,22/01/2025,09:18:21,23137,23134.1,25,23137,25,1325,14567650
NIFTY-I.NFO,22/01/2025,09:18:23,23137.9,23138,300,23139.1,175,875,14567650
NIFTY-I.NFO,22/01/2025,09:18:24,23132.95,23132.85,25,23138,200,1825,14567650
NIFTY-I.NFO,22/01/2025,09:18:26,23135,23135,1525,23137,50,150,14567650
NIFTY-I.NFO,22/01/2025,09:18:28,23135.05,23135.05,175,23137,225,350,14567650
NIFTY-I.NFO,22/01/2025,09:18:29,23139.75,23135.1,175,23139.55,75,5825,14567650
NIFTY-I.NFO,22/01/2025,09:18:31,23137,23135.1,100,23139.3,150,275,14567650
NIFTY-I.NFO,22/01/2025,09:18:33,23135.1,23135.1,325,23139.5,75,100,14567650
NIFTY-I.NFO,22/01/2025,09:18:34,23135.1,23135.1,525,23138.5,50,350,14567650
NIFTY-I.NFO,22/01/2025,09:18:36,23140,23135.15,100,23139.95,275,3250,14567650
NIFTY-I.NFO,22/01/2025,09:18:38,23138.25,23135.2,125,23138.25,175,125,14567650
NIFTY-I.NFO,22/01/2025,09:18:39,23135.2,23135.2,375,23138.45,150,325,14567650
NIFTY-I.NFO,22/01/2025,09:18:41,23137,23135.2,400,23137.4,175,25,14567650
NIFTY-I.NFO,22/01/2025,09:18:42,23135.8,23135.2,275,23135.8,50,1400,14567650
NIFTY-I.NFO,22/01/2025,09:18:44,23138.2,23135.25,275,23136.8,225,100,14557325
NIFTY-I.NFO,22/01/2025,09:18:46,23132.6,23135.25,50,23137.45,275,2150,14557325
NIFTY-I.NFO,22/01/2025,09:18:47,23136.05,23131.75,125,23135.85,175,150,14557325
NIFTY-I.NFO,22/01/2025,09:18:49,23134.65,23134.65,200,23137,75,1175,14557325
NIFTY-I.NFO,22/01/2025,09:18:51,23132.05,23132.05,25,23134.3,75,1375,14557325
NIFTY-I.NFO,22/01/2025,09:18:52,23135,23131.75,25,23137,50,1100,14557325
NIFTY-I.NFO,22/01/2025,09:18:54,23136.75,23134.3,25,23136.8,150,375,14557325
NIFTY-I.NFO,22/01/2025,09:18:56,23131.6,23131.65,150,23135,25,275,14557325
NIFTY-I.NFO,22/01/2025,09:18:57,23136,23132.55,25,23134.3,75,650,14557325
NIFTY-I.NFO,22/01/2025,09:18:59,23131.9,23134.3,50,23136.05,25,425,14557325
NIFTY-I.NFO,22/01/2025,09:19:01,23136.05,23135.8,350,23136.75,25,350,14557325
NIFTY-I.NFO,22/01/2025,09:19:02,23139,23135.35,425,23139,75,1450,14557325
NIFTY-I.NFO,22/01/2025,09:19:04,23136.75,23136.75,175,23137.9,150,250,14557325
NIFTY-I.NFO,22/01/2025,09:19:06,23136.75,23136.75,225,23138.6,150,125,14557325
NIFTY-I.NFO,22/01/2025,09:19:07,23136.75,23135,50,23137,25,425,14557325
NIFTY-I.NFO,22/01/2025,09:19:09,23135.1,23135.1,200,23139,425,350,14557325
NIFTY-I.NFO,22/01/2025,09:19:11,23135.1,23135.1,350,23136.05,25,550,14557325
NIFTY-I.NFO,22/01/2025,09:19:12,23134.75,23134.75,475,23135,75,1025,14557325
NIFTY-I.NFO,22/01/2025,09:19:14,23135.3,23135.3,550,23136.75,275,875,14557325
NIFTY-I.NFO,22/01/2025,09:19:16,23139,23138.35,225,23139.1,25,850,14557325
NIFTY-I.NFO,22/01/2025,09:19:17,23138.35,23135,275,23138.95,75,900,14557325
NIFTY-I.NFO,22/01/2025,09:19:19,23133.2,23133.15,25,23137.5,150,575,14557325
NIFTY-I.NFO,22/01/2025,09:19:21,23134.75,23133.2,325,23134.75,275,1525,14557325
NIFTY-I.NFO,22/01/2025,09:19:22,23133.2,23133.15,100,23133.5,150,350,14557325
NIFTY-I.NFO,22/01/2025,09:19:24,23133.35,23130.4,25,23134,225,1125,14557325
NIFTY-I.NFO,22/01/2025,09:19:26,23133.5,23133.5,750,23134.1,150,25,14557325
NIFTY-I.NFO,22/01/2025,09:19:27,23134.75,23133.5,650,23134.75,150,250,14557325
NIFTY-I.NFO,22/01/2025,09:19:29,23134.75,23133.55,350,23134.75,50,300,14557325
NIFTY-I.NFO,22/01/2025,09:19:31,23135,23134.4,325,23135,50,550,14557325
NIFTY-I.NFO,22/01/2025,09:19:32,23134.4,23133.5,100,23138,150,800,14557325
NIFTY-I.NFO,22/01/2025,09:19:34,23134.75,23133.55,350,23137.4,375,175,14557325
NIFTY-I.NFO,22/01/2025,09:19:36,23137.1,23133.55,300,23137.85,125,75,14557325
NIFTY-I.NFO,22/01/2025,09:19:37,23134.65,23133.55,800,23138,150,150,14557325
NIFTY-I.NFO,22/01/2025,09:19:39,23138.35,23134.5,175,23139,675,350,14557325
NIFTY-I.NFO,22/01/2025,09:19:41,23137.3,23137.6,525,23139.1,25,900,14557325
NIFTY-I.NFO,22/01/2025,09:19:42,23130,23132.1,175,23137.2,25,3700,14557325
NIFTY-I.NFO,22/01/2025,09:19:44,23134.75,23131.2,175,23136.45,50,425,14557325
NIFTY-I.NFO,22/01/2025,09:19:46,23138,23133.7,125,23138,50,75,14557325
NIFTY-I.NFO,22/01/2025,09:19:47,23135,23136.35,325,23136.75,50,75,14557325
NIFTY-I.NFO,22/01/2025,09:19:49,23133.7,23133.7,75,23136,200,525,14557325
NIFTY-I.NFO,22/01/2025,09:19:51,23135,23134.25,400,23138.7,150,375,14557325
NIFTY-I.NFO,22/01/2025,09:19:52,23139.5,23136.1,150,23139.5,125,75,14557325
NIFTY-I.NFO,22/01/2025,09:19:54,23137.25,23136.1,50,23138,150,50,14557325
NIFTY-I.NFO,22/01/2025,09:19:56,23136.05,23136.05,250,23139.8,25,350,14557325
NIFTY-I.NFO,22/01/2025,09:19:57,23139.9,23139,150,23139.9,150,250,14557325
NIFTY-I.NFO,22/01/2025,09:19:59,23140,23139.55,125,23140,650,350,14557325
NIFTY-I.NFO,22/01/2025,09:20:01,23139.05,23135.55,25,23138.65,175,4100,14557325
NIFTY-I.NFO,22/01/2025,09:20:02,23134.95,23135.15,75,23139.9,25,275,14557325
NIFTY-I.NFO,22/01/2025,09:20:04,23139.85,23137.35,100,23139.9,125,375,14557325
NIFTY-I.NFO,22/01/2025,09:20:06,23137.35,23137.35,25,23138.85,75,1600,14557325
NIFTY-I.NFO,22/01/2025,09:20:07,23141.05,23136,325,23141.15,175,2475,14557325
NIFTY-I.NFO,22/01/2025,09:20:09,23139,23137.7,150,23139,1100,2350,14557325
NIFTY-I.NFO,22/01/2025,09:20:11,23138.9,23140.05,50,23144.2,150,1775,14557325
NIFTY-I.NFO,22/01/2025,09:20:12,23145,23142.8,25,23145,825,375,14557325
NIFTY-I.NFO,22/01/2025,09:20:14,23142.8,23143.05,25,23145.4,125,1400,14557325
NIFTY-I.NFO,22/01/2025,09:20:16,23146,23143.05,200,23146.4,175,450,14557325
NIFTY-I.NFO,22/01/2025,09:20:17,23148.65,23146.05,50,23148.65,125,1850,14557325
NIFTY-I.NFO,22/01/2025,09:20:19,23147,23146.05,475,23147,1750,2400,14557325
NIFTY-I.NFO,22/01/2025,09:20:21,23146.05,23146.05,350,23147,25,3350,14557325
NIFTY-I.NFO,22/01/2025,09:20:22,23146.05,23145,1400,23148,25,1275,14557325
NIFTY-I.NFO,22/01/2025,09:20:24,23145,23145,350,23147.75,450,1500,14557325
NIFTY-I.NFO,22/01/2025,09:20:26,23147,23147,200,23148.35,475,650,14557325
NIFTY-I.NFO,22/01/2025,09:20:27,23143.05,23143.65,25,23147.75,125,975,14557325
NIFTY-I.NFO,22/01/2025,09:20:29,23148,23147,50,23148.8,525,2525,14557325
NIFTY-I.NFO,22/01/2025,09:20:31,23146.8,23141.85,250,23146.95,75,1150,14557325
NIFTY-I.NFO,22/01/2025,09:20:32,23147.75,23142.25,25,23147.9,525,6300,14557325
NIFTY-I.NFO,22/01/2025,09:20:34,23147.75,23147.75,125,23148,25,5125,14557325
NIFTY-I.NFO,22/01/2025,09:20:36,23148.15,23147.75,350,23150.35,200,9150,14557325
NIFTY-I.NFO,22/01/2025,09:20:37,23147.75,23147.75,325,23149,150,150,14557325
NIFTY-I.NFO,22/01/2025,09:20:39,23147.75,23147.8,250,23149,125,1000,14557325
NIFTY-I.NFO,22/01/2025,09:20:41,23142.8,23143.25,25,23148,200,2425,14557325
NIFTY-I.NFO,22/01/2025,09:20:42,23146.95,23141.6,175,23147,125,100,14557325
NIFTY-I.NFO,22/01/2025,09:20:44,23143.25,23143.2,75,23146,75,325,14557325
NIFTY-I.NFO,22/01/2025,09:20:46,23143.25,23143.05,275,23145,25,1150,14557325
NIFTY-I.NFO,22/01/2025,09:20:47,23146.2,23143.1,275,23144.95,25,850,14557325
NIFTY-I.NFO,22/01/2025,09:20:49,23140,23140.6,775,23145,100,1500,14557325
NIFTY-I.NFO,22/01/2025,09:20:51,23141.25,23142.7,175,23143.1,75,50,14557325
NIFTY-I.NFO,22/01/2025,09:20:52,23140.6,23142.05,250,23144.65,75,1175,14557325
NIFTY-I.NFO,22/01/2025,09:20:54,23142.05,23142.05,375,23142.7,100,50,14557325
NIFTY-I.NFO,22/01/2025,09:20:56,23142.65,23139.05,25,23142.7,75,1100,14557325
NIFTY-I.NFO,22/01/2025,09:20:57,23138.7,23136.25,75,23139.05,50,125,14557325
NIFTY-I.NFO,22/01/2025,09:20:59,23140,23136.1,175,23141.55,25,3350,14557325
NIFTY-I.NFO,22/01/2025,09:21:01,23135.35,23136.25,125,23141.9,100,125,14557325
NIFTY-I.NFO,22/01/2025,09:21:02,23141.05,23135.6,150,23141.1,25,250,14557325
NIFTY-I.NFO,22/01/2025,09:21:04,23135.6,23136.4,125,23140,75,150,14557325
NIFTY-I.NFO,22/01/2025,09:21:06,23135.6,23137.7,75,23140,125,0,14557325
NIFTY-I.NFO,22/01/2025,09:21:07,23140.3,23141,225,23142,50,275,14557325
NIFTY-I.NFO,22/01/2025,09:21:09,23142.1,23141.2,175,23142.1,50,725,14557325
NIFTY-I.NFO,22/01/2025,09:21:11,23143.3,23143.25,25,23144,150,1500,14557325
NIFTY-I.NFO,22/01/2025,09:21:12,23144.05,23144.35,525,23147.5,250,1225,14557325
NIFTY-I.NFO,22/01/2025,09:21:14,23148,23144.35,200,23148,100,2250,14557325
NIFTY-I.NFO,22/01/2025,09:21:16,23148,23145,25,23148,325,100,14557325
NIFTY-I.NFO,22/01/2025,09:21:17,23148.2,23145,50,23148,25,1550,14557325
NIFTY-I.NFO,22/01/2025,09:21:19,23144.9,23144.9,25,23148.9,25,175,14557325
NIFTY-I.NFO,22/01/2025,09:21:21,23148.2,23145.85,25,23148.2,50,150,14557325
NIFTY-I.NFO,22/01/2025,09:21:22,23145.9,23145.85,200,23148,375,50,14557325
NIFTY-I.NFO,22/01/2025,09:21:24,23145.85,23142.55,25,23145.85,175,225,14557325
NIFTY-I.NFO,22/01/2025,09:21:26,23142.6,23142.6,400,23145.4,50,800,14557325
NIFTY-I.NFO,22/01/2025,09:21:27,23145.4,23142.7,375,23143.25,25,75,14557325
NIFTY-I.NFO,22/01/2025,09:21:29,23143.7,23143.1,350,23143.75,25,550,14557325
NIFTY-I.NFO,22/01/2025,09:21:31,23145.7,23145.75,225,23146.85,25,950,14557325
NIFTY-I.NFO,22/01/2025,09:21:32,23145.8,23145.8,100,23148,250,350,14557325
NIFTY-I.NFO,22/01/2025,09:21:34,23147.85,23146.85,25,23147.15,25,75,14557325
NIFTY-I.NFO,22/01/2025,09:21:36,23148.2,23146.85,325,23149,175,475,14557325
NIFTY-I.NFO,22/01/2025,09:21:37,23146.85,23146.85,850,23149.45,75,350,14557325
NIFTY-I.NFO,22/01/2025,09:21:39,23147.95,23146.9,200,23147.95,25,50,14557325
NIFTY-I.NFO,22/01/2025,09:21:41,23146.95,23146.95,475,23147.9,125,525,14557325
NIFTY-I.NFO,22/01/2025,09:21:42,23146.95,23147,225,23147.85,25,575,14557325
NIFTY-I.NFO,22/01/2025,09:21:44,23146.55,23145.85,50,23146.95,50,750,14552925
NIFTY-I.NFO,22/01/2025,09:21:46,23140,23140.05,25,23145.5,150,1300,14552925
NIFTY-I.NFO,22/01/2025,09:21:47,23140.6,23140.55,275,23145.85,175,850,14552925
NIFTY-I.NFO,22/01/2025,09:21:49,23140.55,23140.55,100,23145,100,175,14552925
NIFTY-I.NFO,22/01/2025,09:21:51,23140.55,23140.55,100,23145.8,150,5450,14552925
NIFTY-I.NFO,22/01/2025,09:21:52,23140.55,23140.55,25,23146.15,25,7450,14552925
NIFTY-I.NFO,22/01/2025,09:21:54,23139.8,23140.6,300,23145.6,25,1000,14552925
NIFTY-I.NFO,22/01/2025,09:21:55,23143.75,23141.55,25,23143.9,25,525,14552925
NIFTY-I.NFO,22/01/2025,09:21:57,23144.5,23141.85,175,23145,200,175,14552925
NIFTY-I.NFO,22/01/2025,09:21:59,23141.85,23141.85,350,23145,225,275,14552925
NIFTY-I.NFO,22/01/2025,09:22:00,23140.3,23140.3,225,23141.85,25,1175,14552925
NIFTY-I.NFO,22/01/2025,09:22:02,23140.4,23140.35,100,23142.4,25,725,14552925
NIFTY-I.NFO,22/01/2025,09:22:04,23138.2,23136.2,100,23138.75,50,175,14552925
NIFTY-I.NFO,22/01/2025,09:22:05,23135.6,23135.35,75,23137.7,50,250,14552925
NIFTY-I.NFO,22/01/2025,09:22:07,23138.85,23137.05,75,23140.3,25,75,14552925
NIFTY-I.NFO,22/01/2025,09:22:09,23135.8,23135.35,75,23139.6,100,800,14552925
NIFTY-I.NFO,22/01/2025,09:22:10,23135,23135,700,23138,450,375,14552925
NIFTY-I.NFO,22/01/2025,09:22:12,23139.7,23135,25,23139.6,100,3275,14552925
NIFTY-I.NFO,22/01/2025,09:22:14,23133.55,23133.55,25,23136.2,50,1150,14552925
NIFTY-I.NFO,22/01/2025,09:22:15,23133.6,23133.6,75,23135,25,50,14552925
NIFTY-I.NFO,22/01/2025,09:22:17,23133.6,23133.6,425,23135,125,175,14552925
NIFTY-I.NFO,22/01/2025,09:22:19,23130,23130,50,23133.55,50,625,14552925
NIFTY-I.NFO,22/01/2025,09:22:20,23130,23129.85,175,23133.6,150,1250,14552925
NIFTY-I.NFO,22/01/2025,09:22:22,23129.85,23131.15,25,23133.55,75,300,14552925
NIFTY-I.NFO,22/01/2025,09:22:24,23133.25,23130,300,23133,125,625,14552925
NIFTY-I.NFO,22/01/2025,09:22:25,23130,23130,150,23133,50,375,14552925
NIFTY-I.NFO,22/01/2025,09:22:27,23129.85,23129.85,150,23133,50,1025,14552925
NIFTY-I.NFO,22/01/2025,09:22:29,23126.7,23129.05,25,23133,175,1175,14552925
NIFTY-I.NFO,22/01/2025,09:22:30,23131,23131,50,23132.95,50,1150,14552925
NIFTY-I.NFO,22/01/2025,09:22:32,23133,23129.85,75,23133.45,25,1800,14552925
NIFTY-I.NFO,22/01/2025,09:22:34,23125.25,23125.6,75,23129.8,150,3725,14552925
NIFTY-I.NFO,22/01/2025,09:22:35,23127.8,23128.3,350,23130,50,700,14552925
NIFTY-I.NFO,22/01/2025,09:22:37,23128.35,23128.3,200,23131,25,475,14552925
NIFTY-I.NFO,22/01/2025,09:22:39,23130,23126.85,100,23131,50,1500,14552925
NIFTY-I.NFO,22/01/2025,09:22:40,23127.8,23126.4,25,23129.85,25,100,14552925
NIFTY-I.NFO,22/01/2025,09:22:42,23126.05,23126.05,25,23129.65,150,900,14552925
NIFTY-I.NFO,22/01/2025,09:22:44,23127.3,23127.3,75,23128.8,25,4000,14552925
NIFTY-I.NFO,22/01/2025,09:22:45,23126.25,23126.25,100,23129.85,100,450,14552925
NIFTY-I.NFO,22/01/2025,09:22:47,23126.3,23126.3,100,23129.6,100,1175,14552925
NIFTY-I.NFO,22/01/2025,09:22:49,23126.75,23127.75,100,23130,125,550,14552925
NIFTY-I.NFO,22/01/2025,09:22:50,23130.25,23130.25,100,23132,50,625,14552925
NIFTY-I.NFO,22/01/2025,09:22:52,23131.7,23131.2,100,23133,100,1200,14552925
NIFTY-I.NFO,22/01/2025,09:22:54,23133,23131.25,100,23133.55,100,650,14552925
NIFTY-I.NFO,22/01/2025,09:22:55,23133.75,23133.75,25,23135,1250,2475,14552925
NIFTY-I.NFO,22/01/2025,09:22:57,23136.85,23136.9,325,23137.7,25,1575,14552925
NIFTY-I.NFO,22/01/2025,09:22:59,23136.85,23136.85,100,23139,425,400,14552925
NIFTY-I.NFO,22/01/2025,09:23:00,23140,23140.1,225,23141.85,25,1675,14552925
NIFTY-I.NFO,22/01/2025,09:23:02,23136.6,23136.9,25,23140.75,275,1400,14552925
NIFTY-I.NFO,22/01/2025,09:23:04,23134.35,23134.35,400,23137.6,175,350,14552925
NIFTY-I.NFO,22/01/2025,09:23:05,23133.8,23133.85,125,23137.6,150,575,14552925
NIFTY-I.NFO,22/01/2025,09:23:07,23135.1,23135.1,475,23138.95,150,950,14552925
NIFTY-I.NFO,22/01/2025,09:23:09,23137.85,23135.25,125,23137.9,100,250,14552925
NIFTY-I.NFO,22/01/2025,09:23:10,23133.6,23133.6,250,23137,75,700,14552925
NIFTY-I.NFO,22/01/2025,09:23:12,23133.7,23133.55,225,23137,50,275,14552925
NIFTY-I.NFO,22/01/2025,09:23:14,23133,23133.6,225,23137,50,325,14552925
NIFTY-I.NFO,22/01/2025,09:23:15,23133.6,23133.55,125,23136.9,225,25,14552925
NIFTY-I.NFO,22/01/2025,09:23:17,23133.7,23133.55,50,23137,50,150,14552925
NIFTY-I.NFO,22/01/2025,09:23:19,23133.55,23133.55,125,23136.2,225,625,14552925
NIFTY-I.NFO,22/01/2025,09:23:20,23133.55,23133.55,225,23136.5,50,175,14552925
NIFTY-I.NFO,22/01/2025,09:23:22,23133.7,23133.75,225,23137,50,200,14552925
NIFTY-I.NFO,22/01/2025,09:23:24,23135.3,23135.7,250,23138,75,1375,14552925
NIFTY-I.NFO,22/01/2025,09:23:25,23136.7,23136.7,100,23139,125,500,14552925
NIFTY-I.NFO,22/01/2025,09:23:27,23139,23135.3,50,23139,100,625,14552925
NIFTY-I.NFO,22/01/2025,09:23:29,23139.55,23139.65,300,23140,375,325,14552925
NIFTY-I.NFO,22/01/2025,09:23:30,23143.85,23142,175,23143.85,75,850,14552925
NIFTY-I.NFO,22/01/2025,09:23:32,23143.85,23142.1,175,23143.85,175,25,14552925
NIFTY-I.NFO,22/01/2025,09:23:34,23142.2,23142.4,75,23143.85,75,125,14552925
NIFTY-I.NFO,22/01/2025,09:23:35,23142.85,23142.1,25,23146.15,250,1350,14552925
NIFTY-I.NFO,22/01/2025,09:23:37,23144,23142.3,50,23146.55,150,50,14552925
NIFTY-I.NFO,22/01/2025,09:23:39,23145,23142.3,25,23146.6,125,175,14552925
NIFTY-I.NFO,22/01/2025,09:23:40,23147.7,23143,50,23147.7,125,2225,14552925
NIFTY-I.NFO,22/01/2025,09:23:42,23146.9,23144.1,75,23147.1,150,3000,14552925
NIFTY-I.NFO,22/01/2025,09:23:44,23149.45,23144.25,50,23148.6,100,3250,14552925
NIFTY-I.NFO,22/01/2025,09:23:45,23145.9,23140.1,25,23145.5,50,250,14552925
NIFTY-I.NFO,22/01/2025,09:23:47,23137.95,23137.45,150,23144.4,25,8550,14552925
NIFTY-I.NFO,22/01/2025,09:23:49,23142.55,23136.2,100,23142.7,75,4750,14552925
NIFTY-I.NFO,22/01/2025,09:23:50,23135,23135,150,23140.15,50,1825,14552925
NIFTY-I.NFO,22/01/2025,09:23:52,23136.2,23136.7,175,23142,50,875,14552925
NIFTY-I.NFO,22/01/2025,09:23:54,23136.9,23136.7,100,23138.05,25,200,14552925
NIFTY-I.NFO,22/01/2025,09:23:55,23136.15,23136.75,100,23136.95,25,175,14552925
NIFTY-I.NFO,22/01/2025,09:23:57,23137.45,23136.8,100,23140.9,100,400,14552925
NIFTY-I.NFO,22/01/2025,09:23:59,23136.7,23136.8,50,23137,25,325,14552925
NIFTY-I.NFO,22/01/2025,09:24:00,23136.8,23136.8,125,23138.7,25,950,14552925
NIFTY-I.NFO,22/01/2025,09:24:02,23141.05,23136.8,125,23140.65,125,500,14552925
NIFTY-I.NFO,22/01/2025,09:24:04,23136.8,23136.8,100,23140,525,75,14552925
NIFTY-I.NFO,22/01/2025,09:24:05,23135.45,23135.45,275,23139.35,100,450,14552925
NIFTY-I.NFO,22/01/2025,09:24:07,23135.45,23134.35,50,23137.9,150,200,14552925
NIFTY-I.NFO,22/01/2025,09:24:09,23135.45,23134.95,225,23136.8,150,175,14552925
NIFTY-I.NFO,22/01/2025,09:24:10,23134.95,23134.95,375,23136.8,150,125,14552925
NIFTY-I.NFO,22/01/2025,09:24:12,23135.45,23135.45,25,23138.75,50,225,14552925
NIFTY-I.NFO,22/01/2025,09:24:14,23133.1,23132.8,100,23135.55,150,350,14552925
NIFTY-I.NFO,22/01/2025,09:24:15,23132.8,23132.8,350,23135.45,50,175,14552925
NIFTY-I.NFO,22/01/2025,09:24:17,23133.95,23132.15,125,23135.45,50,375,14552925
NIFTY-I.NFO,22/01/2025,09:24:19,23132.35,23130.8,125,23134.5,150,125,14552925
NIFTY-I.NFO,22/01/2025,09:24:20,23135.05,23130.4,125,23134.95,150,250,14552925
NIFTY-I.NFO,22/01/2025,09:24:22,23131.5,23130.9,125,23135,125,175,14552925
NIFTY-I.NFO,22/01/2025,09:24:24,23130,23130,475,23134.65,125,275,14552925
NIFTY-I.NFO,22/01/2025,09:24:25,23130.95,23130.95,425,23134.55,75,625,14552925
NIFTY-I.NFO,22/01/2025,09:24:27,23130.95,23130.95,675,23133.75,50,75,14552925
NIFTY-I.NFO,22/01/2025,09:24:29,23131.05,23131.05,475,23133.35,75,275,14552925
NIFTY-I.NFO,22/01/2025,09:24:30,23131.15,23131.15,275,23133.2,75,225,14552925
NIFTY-I.NFO,22/01/2025,09:24:32,23131.05,23128,125,23132.65,150,1050,14552925
NIFTY-I.NFO,22/01/2025,09:24:34,23126.85,23126.25,150,23127.9,25,325,14552925
NIFTY-I.NFO,22/01/2025,09:24:35,23126.25,23126,25,23130.5,150,975,14552925
NIFTY-I.NFO,22/01/2025,09:24:37,23123.25,23124.05,25,23129.1,125,2700,14552925
NIFTY-I.NFO,22/01/2025,09:24:39,23128.9,23122.8,125,23128.9,75,1250,14552925
NIFTY-I.NFO,22/01/2025,09:24:40,23126,23125.65,50,23131.1,100,625,14552925
NIFTY-I.NFO,22/01/2025,09:24:42,23126.3,23126.3,125,23131.1,150,750,14552925
NIFTY-I.NFO,22/01/2025,09:24:44,23128.45,23128.55,175,23130,150,525,14552925
NIFTY-I.NFO,22/01/2025,09:24:45,23130,23126.75,125,23132,50,350,14570975
NIFTY-I.NFO,22/01/2025,09:24:47,23127.6,23127.9,50,23130,25,100,14570975
NIFTY-I.NFO,22/01/2025,09:24:49,23132,23132.1,250,23132.85,150,350,14570975
NIFTY-I.NFO,22/01/2025,09:24:50,23126.85,23126.1,300,23128,25,625,14570975
NIFTY-I.NFO,22/01/2025,09:24:52,23128.55,23129.35,300,23130,1925,900,14570975
NIFTY-I.NFO,22/01/2025,09:24:54,23128,23128.05,125,23130,1925,225,14570975
NIFTY-I.NFO,22/01/2025,09:24:55,23129.7,23128.05,125,23130,1850,550,14570975
NIFTY-I.NFO,22/01/2025,09:24:57,23130,23129.95,300,23130,1500,375,14570975
NIFTY-I.NFO,22/01/2025,09:24:59,23128.85,23128.85,100,23130,1475,350,14570975
NIFTY-I.NFO,22/01/2025,09:25:00,23129.85,23129.85,275,23131.8,150,2425,14570975
NIFTY-I.NFO,22/01/2025,09:25:02,23131.8,23130,1800,23132,25,225,14570975
NIFTY-I.NFO,22/01/2025,09:25:04,23130,23130,1825,23130.4,25,275,14570975
NIFTY-I.NFO,22/01/2025,09:25:05,23130,23128.4,450,23130,100,2525,14570975
NIFTY-I.NFO,22/01/2025,09:25:07,23130,23126.85,250,23130,50,525,14570975
NIFTY-I.NFO,22/01/2025,09:25:09,23128.55,23126.95,600,23129.95,25,50,14570975
NIFTY-I.NFO,22/01/2025,09:25:10,23130,23126.85,150,23131.25,125,2450,14570975
NIFTY-I.NFO,22/01/2025,09:25:12,23132,23131.95,25,23132.1,25,875,14570975
NIFTY-I.NFO,22/01/2025,09:25:14,23131.25,23125.95,225,23131.4,100,2425,14570975
NIFTY-I.NFO,22/01/2025,09:25:15,23131.8,23128.4,50,23132.1,25,450,14570975
NIFTY-I.NFO,22/01/2025,09:25:17,23126.1,23126.1,200,23131,25,125,14570975
NIFTY-I.NFO,22/01/2025,09:25:19,23130.05,23130.05,225,23131,25,1800,14570975
NIFTY-I.NFO,22/01/2025,09:25:20,23130.05,23130,50,23131,100,125,14570975
NIFTY-I.NFO,22/01/2025,09:25:22,23129.35,23128.85,75,23132.1,50,225,14570975
NIFTY-I.NFO,22/01/2025,09:25:24,23129.4,23129.4,275,23130,375,125,14570975
NIFTY-I.NFO,22/01/2025,09:25:25,23132.4,23132.4,225,23133,2125,925,14570975
NIFTY-I.NFO,22/01/2025,09:25:27,23132.35,23132.35,150,23132.5,25,575,14570975
NIFTY-I.NFO,22/01/2025,09:25:29,23135,23133.8,125,23135,300,2500,14570975
NIFTY-I.NFO,22/01/2025,09:25:30,23133.55,23133.55,425,23136.75,75,400,14570975
NIFTY-I.NFO,22/01/2025,09:25:32,23135.35,23135.05,325,23136.75,50,350,14570975
NIFTY-I.NFO,22/01/2025,09:25:34,23136.85,23137.35,250,23137.55,25,375,14570975
NIFTY-I.NFO,22/01/2025,09:25:35,23139.8,23137.4,200,23139.8,50,825,14570975
NIFTY-I.NFO,22/01/2025,09:25:37,23139.3,23137.4,275,23139.25,50,2350,14570975
NIFTY-I.NFO,22/01/2025,09:25:39,23137.45,23137.45,50,23138.7,75,450,14570975
NIFTY-I.NFO,22/01/2025,09:25:40,23132.3,23132,25,23136.3,25,1700,14570975
NIFTY-I.NFO,22/01/2025,09:25:42,23134.45,23132.4,375,23135.6,150,725,14570975
NIFTY-I.NFO,22/01/2025,09:25:44,23135.8,23132.4,275,23135.65,25,225,14570975
NIFTY-I.NFO,22/01/2025,09:25:45,23128.3,23128.3,325,23131.45,150,375,14570975
NIFTY-I.NFO,22/01/2025,09:25:47,23132,23128.3,200,23131.6,150,525,14570975
NIFTY-I.NFO,22/01/2025,09:25:49,23126.3,23126.3,175,23128.3,25,225,14570975
NIFTY-I.NFO,22/01/2025,09:25:50,23128.3,23126.3,75,23128.3,25,100,14570975
NIFTY-I.NFO,22/01/2025,09:25:52,23126.6,23127.3,175,23129.9,25,125,14570975
NIFTY-I.NFO,22/01/2025,09:25:54,23129.9,23128.35,350,23129.9,175,225,14570975
NIFTY-I.NFO,22/01/2025,09:25:55,23128.35,23128.35,175,23128.6,25,75,14570975
NIFTY-I.NFO,22/01/2025,09:25:57,23129.9,23129.3,50,23130,50,1075,14570975
NIFTY-I.NFO,22/01/2025,09:25:59,23130.15,23129.3,400,23131.5,175,950,14570975
NIFTY-I.NFO,22/01/2025,09:26:00,23128.2,23125,1100,23128.15,100,1075,14570975
NIFTY-I.NFO,22/01/2025,09:26:02,23124,23124,100,23127.2,150,1300,14570975
NIFTY-I.NFO,22/01/2025,09:26:04,23124,23124,75,23124.25,25,50,14570975
NIFTY-I.NFO,22/01/2025,09:26:05,23124.05,23124.25,225,23125,50,550,14570975
NIFTY-I.NFO,22/01/2025,09:26:07,23123.3,23122.8,125,23126.45,150,600,14570975
NIFTY-I.NFO,22/01/2025,09:26:09,23126.25,23123.8,100,23127.45,150,200,14570975
NIFTY-I.NFO,22/01/2025,09:26:10,23125.75,23126.3,325,23128.7,150,125,14570975
NIFTY-I.NFO,22/01/2025,09:26:12,23126.3,23126.3,100,23128.2,25,1275,14570975
NIFTY-I.NFO,22/01/2025,09:26:14,23126.25,23125.8,300,23127.65,25,200,14570975
NIFTY-I.NFO,22/01/2025,09:26:15,23125,23125.3,225,23126.3,125,350,14570975
NIFTY-I.NFO,22/01/2025,09:26:17,23125.45,23125,1000,23127.2,50,175,14570975
NIFTY-I.NFO,22/01/2025,09:26:19,23125.05,23125.05,350,23127.15,25,125,14570975
NIFTY-I.NFO,22/01/2025,09:26:20,23125.85,23125.85,300,23127.2,75,350,14570975
NIFTY-I.NFO,22/01/2025,09:26:22,23125.95,23127.35,50,23128.05,150,400,14570975
NIFTY-I.NFO,22/01/2025,09:26:24,23127.35,23127.85,50,23128.05,150,75,14570975
NIFTY-I.NFO,22/01/2025,09:26:25,23128.4,23127.85,525,23128.65,50,550,14570975
NIFTY-I.NFO,22/01/2025,09:26:27,23128.75,23127.9,100,23128.15,25,225,14570975
NIFTY-I.NFO,22/01/2025,09:26:29,23127.9,23127.85,275,23128.55,25,750,14570975
NIFTY-I.NFO,22/01/2025,09:26:31,23125.35,23125,1350,23128.95,175,700,14570975
NIFTY-I.NFO,22/01/2025,09:26:32,23128.35,23128.35,25,23128.45,25,200,14570975
NIFTY-I.NFO,22/01/2025,09:26:34,23128.35,23128.35,25,23128.4,75,125,14570975
NIFTY-I.NFO,22/01/2025,09:26:36,23125.3,23125.05,325,23128.2,150,775,14570975
NIFTY-I.NFO,22/01/2025,09:26:37,23125,23125,1125,23128.05,150,900,14570975
NIFTY-I.NFO,22/01/2025,09:26:39,23127.35,23126.3,300,23128.35,100,225,14570975
NIFTY-I.NFO,22/01/2025,09:26:41,23126.3,23126.3,200,23128.35,100,125,14570975
NIFTY-I.NFO,22/01/2025,09:26:42,23128.35,23127.85,525,23128,50,300,14570975
NIFTY-I.NFO,22/01/2025,09:26:44,23128.85,23128.35,25,23128.8,25,1025,14570975
NIFTY-I.NFO,22/01/2025,09:26:46,23128,23128.4,275,23128.85,50,525,14570975
NIFTY-I.NFO,22/01/2025,09:26:47,23129.95,23128.8,300,23130,2475,675,14570975
NIFTY-I.NFO,22/01/2025,09:26:49,23129.05,23129.3,300,23130,2175,425,14570975
NIFTY-I.NFO,22/01/2025,09:26:51,23135,23134.9,25,23136,100,4100,14570975
NIFTY-I.NFO,22/01/2025,09:26:52,23133.3,23131.8,75,23132.85,25,725,14570975
NIFTY-I.NFO,22/01/2025,09:26:54,23131.35,23130.8,275,23131.4,25,1000,14570975
NIFTY-I.NFO,22/01/2025,09:26:56,23132.35,23132.35,300,23135,75,475,14570975
NIFTY-I.NFO,22/01/2025,09:26:57,23132.35,23132.35,150,23133.05,25,150,14570975
NIFTY-I.NFO,22/01/2025,09:26:59,23132.35,23132.35,125,23133,25,75,14570975
NIFTY-I.NFO,22/01/2025,09:27:01,23133.45,23132,300,23132.35,25,225,14570975
NIFTY-I.NFO,22/01/2025,09:27:02,23129,23128.8,300,23129.9,25,700,14570975
NIFTY-I.NFO,22/01/2025,09:27:04,23129.9,23128.25,75,23131.15,75,250,14570975
NIFTY-I.NFO,22/01/2025,09:27:06,23130.45,23130.4,25,23133.7,25,200,14570975
NIFTY-I.NFO,22/01/2025,09:27:07,23129.95,23129.8,275,23133.6,150,50,14570975
NIFTY-I.NFO,22/01/2025,09:27:09,23133.45,23130.8,275,23133.8,25,50,14570975
NIFTY-I.NFO,22/01/2025,09:27:11,23129.2,23131,75,23133.8,50,350,14570975
NIFTY-I.NFO,22/01/2025,09:27:12,23134.3,23134.3,75,23138,50,475,14570975
NIFTY-I.NFO,22/01/2025,09:27:14,23137.3,23137.35,175,23138,50,100,14570975
NIFTY-I.NFO,22/01/2025,09:27:16,23136.45,23136.45,200,23139,800,325,14570975
NIFTY-I.NFO,22/01/2025,09:27:17,23137.3,23137.35,300,23140.95,100,1450,14570975
NIFTY-I.NFO,22/01/2025,09:27:19,23137.3,23136.5,200,23137.95,25,450,14570975
NIFTY-I.NFO,22/01/2025,09:27:21,23135.3,23135.2,25,23137.25,25,1025,14570975
NIFTY-I.NFO,22/01/2025,09:27:22,23135.3,23135.45,250,23135.65,25,0,14570975
NIFTY-I.NFO,22/01/2025,09:27:24,23135,23130.3,25,23131.35,25,1075,14570975
NIFTY-I.NFO,22/01/2025,09:27:26,23134.85,23133.35,175,23134.1,25,50,14570975
NIFTY-I.NFO,22/01/2025,09:27:27,23134.1,23131.6,25,23132.2,25,25,14570975
NIFTY-I.NFO,22/01/2025,09:27:29,23135.65,23131.6,25,23135.45,75,750,14570975
NIFTY-I.NFO,22/01/2025,09:27:31,23135.3,23131.6,25,23132.25,25,25,14570975
NIFTY-I.NFO,22/01/2025,09:27:32,23130.05,23130.05,350,23130.3,25,350,14570975
NIFTY-I.NFO,22/01/2025,09:27:34,23131.05,23131.05,150,23131.15,25,50,14570975
NIFTY-I.NFO,22/01/2025,09:27:36,23132.5,23130.05,350,23133.75,150,325,14570975
NIFTY-I.NFO,22/01/2025,09:27:37,23130.05,23130.05,300,23133.9,150,75,14570975
NIFTY-I.NFO,22/01/2025,09:27:39,23133.95,23130.05,275,23134,25,250,14570975
NIFTY-I.NFO,22/01/2025,09:27:41,23133.95,23130.05,275,23132,75,0,14570975
NIFTY-I.NFO,22/01/2025,09:27:42,23130,23129,75,23132.45,175,1200,14570975
NIFTY-I.NFO,22/01/2025,09:27:44,23132.35,23128.3,300,23133.1,25,1100,14570975
NIFTY-I.NFO,22/01/2025,09:27:46,23133.35,23128.35,150,23133.3,50,275,14570875
NIFTY-I.NFO,22/01/2025,09:27:47,23128.3,23127.85,100,23129,475,50,14570875
NIFTY-I.NFO,22/01/2025,09:27:49,23129.4,23129.4,200,23132.45,75,975,14570875
NIFTY-I.NFO,22/01/2025,09:27:51,23129.4,23129.4,175,23134,50,100,14570875
NIFTY-I.NFO,22/01/2025,09:27:52,23134.05,23129.4,175,23130.45,25,50,14570875
NIFTY-I.NFO,22/01/2025,09:27:54,23129.4,23129.4,125,23129.5,25,50,14570875
NIFTY-I.NFO,22/01/2025,09:27:56,23133.05,23133,25,23133.15,50,200,14570875
NIFTY-I.NFO,22/01/2025,09:27:57,23133,23130.95,150,23135,75,700,14570875
NIFTY-I.NFO,22/01/2025,09:27:59,23134,23131.25,50,23135,75,325,14570875
NIFTY-I.NFO,22/01/2025,09:28:01,23131.25,23131.25,400,23135.05,25,350,14570875
NIFTY-I.NFO,22/01/2025,09:28:02,23132.2,23131.8,25,23134,100,175,14570875
NIFTY-I.NFO,22/01/2025,09:28:04,23133.3,23133,500,23137.6,375,425,14570875
NIFTY-I.NFO,22/01/2025,09:28:06,23137,23135,500,23137,25,750,14570875
NIFTY-I.NFO,22/01/2025,09:28:07,23137.6,23135,575,23137,125,225,14570875
NIFTY-I.NFO,22/01/2025,09:28:09,23137.6,23135.6,150,23137,125,0,14570875
NIFTY-I.NFO,22/01/2025,09:28:11,23139.95,23137.15,75,23139.95,225,400,14570875
NIFTY-I.NFO,22/01/2025,09:28:12,23137.6,23137.15,225,23138,125,125,14570875
NIFTY-I.NFO,22/01/2025,09:28:14,23138.75,23135,200,23139,25,775,14570875
NIFTY-I.NFO,22/01/2025,09:28:16,23137.15,23136.9,75,23139.95,225,100,14570875
NIFTY-I.NFO,22/01/2025,09:28:17,23138,23137.75,75,23139.95,25,350,14570875
NIFTY-I.NFO,22/01/2025,09:28:19,23137.75,23137.75,200,23139.55,200,275,14570875
NIFTY-I.NFO,22/01/2025,09:28:21,23137.8,23135,200,23139.45,25,425,14570875
NIFTY-I.NFO,22/01/2025,09:28:22,23135.05,23135.05,25,23135.8,25,25,14570875
NIFTY-I.NFO,22/01/2025,09:28:24,23137.45,23137.35,150,23140,300,1275,14570875
NIFTY-I.NFO,22/01/2025,09:28:26,23145,23144.95,175,23145,325,1800,14570875
NIFTY-I.NFO,22/01/2025,09:28:27,23139.75,23138.8,125,23144,25,475,14570875
NIFTY-I.NFO,22/01/2025,09:28:29,23140.05,23137.55,25,23142.45,100,5050,14570875
NIFTY-I.NFO,22/01/2025,09:28:31,23135.4,23136.85,175,23140.8,25,250,14570875
NIFTY-I.NFO,22/01/2025,09:28:32,23136.85,23136.85,50,23137.6,25,150,14570875
NIFTY-I.NFO,22/01/2025,09:28:34,23137.15,23133.6,175,23137.15,25,925,14570875
NIFTY-I.NFO,22/01/2025,09:28:36,23138.6,23133.2,125,23138.55,25,500,14570875
NIFTY-I.NFO,22/01/2025,09:28:37,23139,23133.95,25,23139,175,150,14570875
NIFTY-I.NFO,22/01/2025,09:28:39,23135,23133.05,100,23135,25,150,14570875
NIFTY-I.NFO,22/01/2025,09:28:41,23133,23131.25,25,23135,50,25,14570875
NIFTY-I.NFO,22/01/2025,09:28:42,23131.25,23131.3,75,23134.55,25,75,14570875
NIFTY-I.NFO,22/01/2025,09:28:44,23131.35,23131.95,25,23134.55,25,25,14570875
NIFTY-I.NFO,22/01/2025,09:28:46,23132,23132.5,100,23138.35,25,475,14570875
NIFTY-I.NFO,22/01/2025,09:28:47,23141.1,23135.9,25,23142,25,850,14570875
NIFTY-I.NFO,22/01/2025,09:28:49,23134.8,23133.8,100,23139.55,50,5400,14570875
NIFTY-I.NFO,22/01/2025,09:28:51,23135.45,23134.8,25,23136.15,500,100,14570875
NIFTY-I.NFO,22/01/2025,09:28:52,23134.55,23133.2,75,23138.55,25,2325,14570875
NIFTY-I.NFO,22/01/2025,09:28:54,23135.7,23135.25,75,23139,25,375,14570875
NIFTY-I.NFO,22/01/2025,09:28:56,23139.75,23139.25,75,23141.1,300,225,14570875
NIFTY-I.NFO,22/01/2025,09:28:57,23139.35,23138.7,75,23141.1,250,250,14570875
NIFTY-I.NFO,22/01/2025,09:28:59,23141,23139,25,23141.05,25,350,14570875
NIFTY-I.NFO,22/01/2025,09:29:01,23139.5,23139.5,125,23140.9,25,325,14570875
NIFTY-I.NFO,22/01/2025,09:29:02,23140.9,23141,125,23141.1,75,125,14570875
NIFTY-I.NFO,22/01/2025,09:29:04,23141,23141,100,23142.75,50,675,14570875
NIFTY-I.NFO,22/01/2025,09:29:06,23142.05,23138.35,25,23141.9,200,2850,14570875
NIFTY-I.NFO,22/01/2025,09:29:07,23141.1,23141.1,25,23142.1,125,2675,14570875
NIFTY-I.NFO,22/01/2025,09:29:09,23141.45,23141.1,125,23141.45,125,275,14570875
NIFTY-I.NFO,22/01/2025,09:29:11,23141.1,23141.1,125,23141.25,125,375,14570875
NIFTY-I.NFO,22/01/2025,09:29:12,23141.1,23141.1,100,23141.2,25,1400,14570875
NIFTY-I.NFO,22/01/2025,09:29:14,23141.1,23141.1,100,23141.15,125,150,14570875
NIFTY-I.NFO,22/01/2025,09:29:16,23141.15,23141.1,125,23141.2,25,250,14570875
NIFTY-I.NFO,22/01/2025,09:29:17,23141.1,23141.1,100,23141.15,125,400,14570875
NIFTY-I.NFO,22/01/2025,09:29:19,23141.1,23141.1,125,23141.15,200,650,14570875
NIFTY-I.NFO,22/01/2025,09:29:21,23141.15,23141.1,75,23142,25,700,14570875
NIFTY-I.NFO,22/01/2025,09:29:22,23142,23141.1,125,23141.35,25,225,14570875
NIFTY-I.NFO,22/01/2025,09:29:24,23141.1,23141.1,100,23141.95,25,425,14570875
NIFTY-I.NFO,22/01/2025,09:29:26,23141.1,23141.1,25,23141.95,25,750,14570875
NIFTY-I.NFO,22/01/2025,09:29:27,23142,23141.1,125,23141.15,50,650,14570875
NIFTY-I.NFO,22/01/2025,09:29:29,23141.95,23141.95,150,23142,125,3000,14570875
NIFTY-I.NFO,22/01/2025,09:29:31,23143,23143,100,23144,50,500,14570875
NIFTY-I.NFO,22/01/2025,09:29:32,23144,23142.75,25,23144.9,200,750,14570875
NIFTY-I.NFO,22/01/2025,09:29:34,23144.2,23141.1,50,23141.85,25,350,14570875
NIFTY-I.NFO,22/01/2025,09:29:36,23141.1,23141.1,125,23142.2,150,525,14570875
NIFTY-I.NFO,22/01/2025,09:29:37,23141.15,23141.1,125,23142.3,375,2075,14570875
NIFTY-I.NFO,22/01/2025,09:29:39,23141.1,23141.1,125,23142,75,1425,14570875
NIFTY-I.NFO,22/01/2025,09:29:41,23133,23133,50,23137.4,50,1700,14570875
NIFTY-I.NFO,22/01/2025,09:29:42,23136.4,23131.15,100,23137.3,150,800,14570875
NIFTY-I.NFO,22/01/2025,09:29:44,23132.1,23132.45,325,23137.85,25,150,14570875
NIFTY-I.NFO,22/01/2025,09:29:46,23130.85,23130.7,50,23136.9,175,5475,14570875
NIFTY-I.NFO,22/01/2025,09:29:47,23136.4,23131,100,23137.6,175,125,14570875
NIFTY-I.NFO,22/01/2025,09:29:49,23136.7,23131.75,100,23138.1,50,150,14570875
NIFTY-I.NFO,22/01/2025,09:29:51,23131.7,23131.35,50,23137.55,75,125,14570875
NIFTY-I.NFO,22/01/2025,09:29:52,23131.7,23130,1700,23131.35,25,2750,14570875
NIFTY-I.NFO,22/01/2025,09:29:54,23136.25,23132.9,75,23136.7,125,400,14570875
NIFTY-I.NFO,22/01/2025,09:29:56,23136.7,23132.2,100,23136.7,175,2700,14570875
NIFTY-I.NFO,22/01/2025,09:29:57,23133.6,23133.7,25,23138,25,550,14570875
NIFTY-I.NFO,22/01/2025,09:29:59,23136.7,23134.25,100,23136.7,50,50,14570875
NIFTY-I.NFO,22/01/2025,09:30:01,23134.8,23134.8,25,23134.85,25,550,14570875
NIFTY-I.NFO,22/01/2025,09:30:02,23135,23134.2,275,23136.7,25,75,14570875
NIFTY-I.NFO,22/01/2025,09:30:04,23136,23136.85,75,23138,25,525,14570875
NIFTY-I.NFO,22/01/2025,09:30:06,23136.7,23136.5,75,23142.05,50,750,14570875
NIFTY-I.NFO,22/01/2025,09:30:07,23138.3,23138.3,75,23140.8,25,100,14570875
NIFTY-I.NFO,22/01/2025,09:30:09,23136.8,23137.15,50,23140,125,150,14570875
NIFTY-I.NFO,22/01/2025,09:30:11,23134.7,23135.1,25,23138.95,175,175,14570875
NIFTY-I.NFO,22/01/2025,09:30:12,23139,23139,75,23140,200,725,14570875
NIFTY-I.NFO,22/01/2025,09:30:14,23139.95,23139.5,50,23140,200,225,14570875
NIFTY-I.NFO,22/01/2025,09:30:16,23142.95,23140.85,150,23143,350,675,14570875
NIFTY-I.NFO,22/01/2025,09:30:17,23135.75,23135.05,150,23140.95,150,400,14570875
NIFTY-I.NFO,22/01/2025,09:30:19,23135.55,23135.9,100,23141.3,175,75,14570875
NIFTY-I.NFO,22/01/2025,09:30:21,23135.95,23135.2,100,23141.05,50,325,14570875
NIFTY-I.NFO,22/01/2025,09:30:22,23135.95,23136.2,25,23140.6,150,0,14570875
NIFTY-I.NFO,22/01/2025,09:30:24,23139.95,23135,25,23140.95,50,125,14570875
NIFTY-I.NFO,22/01/2025,09:30:26,23138.5,23136.6,100,23140.95,150,275,14570875
NIFTY-I.NFO,22/01/2025,09:30:27,23137.65,23136.5,100,23140.95,150,50,14570875
NIFTY-I.NFO,22/01/2025,09:30:29,23137.35,23136.5,200,23139.85,175,25,14570875
NIFTY-I.NFO,22/01/2025,09:30:31,23138.35,23136.85,50,23137.25,25,425,14570875
NIFTY-I.NFO,22/01/2025,09:30:32,23136.85,23135,50,23137.15,25,75,14570875
NIFTY-I.NFO,22/01/2025,09:30:34,23135,23134.7,25,23138.3,75,150,14570875
NIFTY-I.NFO,22/01/2025,09:30:36,23139,23134.9,100,23139.4,150,150,14570875
NIFTY-I.NFO,22/01/2025,09:30:37,23137.5,23137.5,50,23139.9,175,300,14570875
NIFTY-I.NFO,22/01/2025,09:30:39,23139.9,23137.5,75,23139.9,150,25,14570875
NIFTY-I.NFO,22/01/2025,09:30:41,23137.9,23137.9,25,23139.95,25,100,14570875
NIFTY-I.NFO,22/01/2025,09:30:42,23140.95,23138.5,150,23141,25,925,14570875
NIFTY-I.NFO,22/01/2025,09:30:44,23144,23143.8,125,23144,100,1075,14570875
NIFTY-I.NFO,22/01/2025,09:30:46,23144.4,23143.9,100,23144.45,125,475,14570875
NIFTY-I.NFO,22/01/2025,09:30:47,23143.9,23138.6,75,23143.5,250,300,14596225
NIFTY-I.NFO,22/01/2025,09:30:49,23144,23137.95,50,23144.05,275,5025,14596225
NIFTY-I.NFO,22/01/2025,09:30:51,23143.05,23137.5,25,23140,50,100,14596225
NIFTY-I.NFO,22/01/2025,09:30:52,23138.75,23136.8,100,23140,3125,75,14596225
NIFTY-I.NFO,22/01/2025,09:30:54,23140,23141.35,450,23143.95,75,3100,14596225
NIFTY-I.NFO,22/01/2025,09:30:55,23145,23144.95,175,23145,525,500,14596225
NIFTY-I.NFO,22/01/2025,09:30:57,23144.95,23143.95,100,23144.25,25,175,14596225
NIFTY-I.NFO,22/01/2025,09:30:59,23145,23143.95,75,23144.25,25,75,14596225
NIFTY-I.NFO,22/01/2025,09:31:01,23143.5,23143.25,25,23145,750,125,14596225
NIFTY-I.NFO,22/01/2025,09:31:02,23146.35,23141.35,200,23146.9,225,1400,14596225
NIFTY-I.NFO,22/01/2025,09:31:04,23145,23140.95,75,23145,375,150,14596225
NIFTY-I.NFO,22/01/2025,09:31:06,23145,23140.05,25,23145,150,525,14596225
NIFTY-I.NFO,22/01/2025,09:31:07,23140.8,23143.2,25,23145,50,125,14596225
NIFTY-I.NFO,22/01/2025,09:31:09,23145.75,23145.1,150,23146,125,225,14596225
NIFTY-I.NFO,22/01/2025,09:31:11,23146.75,23146.75,350,23147.7,50,525,14596225
NIFTY-I.NFO,22/01/2025,09:31:12,23148,23148.05,150,23149,525,125,14596225
NIFTY-I.NFO,22/01/2025,09:31:14,23151.05,23151.05,225,23153.8,1575,5400,14596225
NIFTY-I.NFO,22/01/2025,09:31:16,23151.5,23149,25,23151.55,100,375,14596225
NIFTY-I.NFO,22/01/2025,09:31:17,23149.05,23145,175,23149.7,25,900,14596225
NIFTY-I.NFO,22/01/2025,09:31:19,23145,23145.05,50,23150.6,25,125,14596225
NIFTY-I.NFO,22/01/2025,09:31:21,23149.3,23145.15,50,23149.3,75,250,14596225
NIFTY-I.NFO,22/01/2025,09:31:22,23141.05,23145,125,23145.75,25,325,14596225
NIFTY-I.NFO,22/01/2025,09:31:24,23145.25,23145,125,23146.4,50,2050,14596225
NIFTY-I.NFO,22/01/2025,09:31:26,23143.2,23138,50,23143.45,175,10600,14596225
NIFTY-I.NFO,22/01/2025,09:31:27,23143.6,23138.3,50,23143.65,225,175,14596225
NIFTY-I.NFO,22/01/2025,09:31:29,23138.35,23138.3,200,23143.55,50,125,14596225
NIFTY-I.NFO,22/01/2025,09:31:31,23143.85,23140,200,23142.35,50,50,14596225
NIFTY-I.NFO,22/01/2025,09:31:32,23140,23140,150,23142.5,50,550,14596225
NIFTY-I.NFO,22/01/2025,09:31:34,23135.8,23137.4,50,23142.15,75,4025,14596225
NIFTY-I.NFO,22/01/2025,09:31:36,23134.2,23136.15,125,23142.15,150,11100,14596225
NIFTY-I.NFO,22/01/2025,09:31:37,23137.3,23137.5,25,23143.65,50,3800,14596225
NIFTY-I.NFO,22/01/2025,09:31:39,23137.55,23137.55,125,23142.05,150,25,14596225
NIFTY-I.NFO,22/01/2025,09:31:41,23135.95,23138.7,125,23143.6,75,7400,14596225
NIFTY-I.NFO,22/01/2025,09:31:42,23136.6,23138,125,23143.5,50,9150,14596225
NIFTY-I.NFO,22/01/2025,09:31:44,23144.65,23137.9,125,23143.2,50,1900,14596225
NIFTY-I.NFO,22/01/2025,09:31:46,23145,23140.65,25,23144.95,150,450,14596225
NIFTY-I.NFO,22/01/2025,09:31:47,23148,23143.1,125,23148.6,50,700,14596225
NIFTY-I.NFO,22/01/2025,09:31:49,23143.9,23144.2,100,23148.65,25,100,14596225
NIFTY-I.NFO,22/01/2025,09:31:50,23145.6,23145.95,175,23148,50,75,14596225
NIFTY-I.NFO,22/01/2025,09:31:52,23145.6,23146.55,175,23148,75,0,14596225
NIFTY-I.NFO,22/01/2025,09:31:54,23148,23146.55,125,23148.2,150,150,14596225
NIFTY-I.NFO,22/01/2025,09:31:55,23149.05,23146.55,125,23148.85,200,275,14596225
NIFTY-I.NFO,22/01/2025,09:31:57,23148.5,23146.55,200,23147.65,200,1225,14596225
NIFTY-I.NFO,22/01/2025,09:31:59,23144.25,23138.15,100,23144.2,100,275,14596225
NIFTY-I.NFO,22/01/2025,09:32:00,23143.8,23138.15,200,23140,225,75,14596225
NIFTY-I.NFO,22/01/2025,09:32:02,23138.15,23138.6,100,23144.65,50,575,14596225
NIFTY-I.NFO,22/01/2025,09:32:04,23142,23140.1,100,23145.95,175,100,14596225
NIFTY-I.NFO,22/01/2025,09:32:05,23140.15,23140.1,100,23145,75,200,14596225
NIFTY-I.NFO,22/01/2025,09:32:07,23138.7,23138.7,75,23144.6,125,550,14596225
NIFTY-I.NFO,22/01/2025,09:32:09,23144.25,23140.15,25,23143.2,150,150,14596225
NIFTY-I.NFO,22/01/2025,09:32:10,23138.05,23138,50,23141,50,50,14596225
NIFTY-I.NFO,22/01/2025,09:32:12,23138,23135.7,100,23141.9,225,475,14596225
NIFTY-I.NFO,22/01/2025,09:32:14,23136.1,23136.2,100,23141.95,100,25,14596225
NIFTY-I.NFO,22/01/2025,09:32:15,23138,23136.2,100,23140,25,125,14596225
NIFTY-I.NFO,22/01/2025,09:32:17,23140.25,23140,300,23141.7,125,175,14596225
NIFTY-I.NFO,22/01/2025,09:32:19,23140.4,23135.85,100,23141.2,75,1825,14596225
NIFTY-I.NFO,22/01/2025,09:32:20,23140.4,23135.35,25,23139.6,150,1525,14596225
NIFTY-I.NFO,22/01/2025,09:32:22,23141,23141,125,23141.45,75,3700,14596225
NIFTY-I.NFO,22/01/2025,09:32:24,23141.4,23141,125,23141.55,25,1775,14596225
NIFTY-I.NFO,22/01/2025,09:32:25,23141.1,23141.05,550,23142.15,75,150,14596225
NIFTY-I.NFO,22/01/2025,09:32:27,23141,23141,100,23142.3,100,700,14596225
NIFTY-I.NFO,22/01/2025,09:32:29,23141,23141,50,23141.25,25,1525,14596225
NIFTY-I.NFO,22/01/2025,09:32:30,23141,23136.55,50,23142.1,75,1650,14596225
NIFTY-I.NFO,22/01/2025,09:32:32,23141,23141,100,23142.1,100,1050,14596225
NIFTY-I.NFO,22/01/2025,09:32:34,23142.3,23141,225,23141.35,25,400,14596225
NIFTY-I.NFO,22/01/2025,09:32:35,23141,23141,125,23142.2,75,1300,14596225
NIFTY-I.NFO,22/01/2025,09:32:37,23141.65,23141,125,23142.5,100,25,14596225
NIFTY-I.NFO,22/01/2025,09:32:39,23141,23141,125,23141.8,75,375,14596225
NIFTY-I.NFO,22/01/2025,09:32:40,23141,23141,100,23141.95,75,2550,14596225
NIFTY-I.NFO,22/01/2025,09:32:42,23142,23142,1450,23143.6,75,1275,14596225
NIFTY-I.NFO,22/01/2025,09:32:44,23143.6,23142,1450,23143.6,50,25,14596225
NIFTY-I.NFO,22/01/2025,09:32:45,23143.15,23143.15,275,23143.65,50,100,14596225
NIFTY-I.NFO,22/01/2025,09:32:47,23142.75,23141,125,23142.75,25,1500,14596225
NIFTY-I.NFO,22/01/2025,09:32:49,23143.15,23141,125,23143.15,25,350,14596225
NIFTY-I.NFO,22/01/2025,09:32:50,23140.05,23141,125,23142.2,75,300,14596225
NIFTY-I.NFO,22/01/2025,09:32:52,23141,23141,125,23141.4,100,450,14596225
NIFTY-I.NFO,22/01/2025,09:32:54,23142,23142,200,23142.45,75,750,14596225
NIFTY-I.NFO,22/01/2025,09:32:55,23142,23141,25,23142.2,50,575,14596225
NIFTY-I.NFO,22/01/2025,09:32:57,23141,23141,125,23141.75,100,850,14596225
NIFTY-I.NFO,22/01/2025,09:32:59,23141.3,23141.05,50,23142,25,200,14596225
NIFTY-I.NFO,22/01/2025,09:33:00,23141.05,23141,175,23141.45,25,100,14596225
NIFTY-I.NFO,22/01/2025,09:33:02,23138.6,23137.4,50,23142.9,25,975,14596225
NIFTY-I.NFO,22/01/2025,09:33:04,23142.9,23141.3,50,23142.95,75,650,14596225
NIFTY-I.NFO,22/01/2025,09:33:05,23141.3,23141.95,50,23142.9,25,50,14596225
NIFTY-I.NFO,22/01/2025,09:33:07,23142.95,23141.95,50,23143,50,100,14596225
NIFTY-I.NFO,22/01/2025,09:33:09,23141.95,23141.95,25,23143,50,25,14596225
NIFTY-I.NFO,22/01/2025,09:33:11,23141.35,23141.35,50,23141.95,75,100,14596225
NIFTY-I.NFO,22/01/2025,09:33:12,23139.45,23137.6,25,23141.6,75,225,14596225
NIFTY-I.NFO,22/01/2025,09:33:14,23139.45,23138.5,25,23141.45,75,0,14596225
NIFTY-I.NFO,22/01/2025,09:33:16,23135.05,23135.7,250,23140.45,75,150,14596225
NIFTY-I.NFO,22/01/2025,09:33:17,23136.55,23135.05,100,23138.4,75,150,14596225
NIFTY-I.NFO,22/01/2025,09:33:19,23139.15,23135.05,100,23139,75,50,14596225
NIFTY-I.NFO,22/01/2025,09:33:21,23139.5,23135.7,200,23139.5,50,25,14596225
NIFTY-I.NFO,22/01/2025,09:33:22,23136.5,23135.45,200,23139.3,75,125,14596225
NIFTY-I.NFO,22/01/2025,09:33:24,23135.05,23135,2025,23135.55,25,150,14596225
NIFTY-I.NFO,22/01/2025,09:33:26,23135,23135,1975,23135.35,25,50,14596225
NIFTY-I.NFO,22/01/2025,09:33:27,23135,23135,1800,23135.1,25,175,14596225
NIFTY-I.NFO,22/01/2025,09:33:29,23135.1,23135,1775,23135.95,100,200,14596225
NIFTY-I.NFO,22/01/2025,09:33:31,23134,23134,900,23136.05,25,2675,14596225
NIFTY-I.NFO,22/01/2025,09:33:32,23135.3,23134,650,23135.05,100,375,14596225
NIFTY-I.NFO,22/01/2025,09:33:34,23134.8,23133,1800,23134.95,75,1700,14596225
NIFTY-I.NFO,22/01/2025,09:33:36,23133,23133,1625,23133.75,75,175,14596225
NIFTY-I.NFO,22/01/2025,09:33:37,23135,23133.05,400,23135.3,25,350,14596225
NIFTY-I.NFO,22/01/2025,09:33:39,23134,23133.1,100,23134.95,75,150,14596225
NIFTY-I.NFO,22/01/2025,09:33:41,23134.95,23133.1,125,23135,300,675,14596225
NIFTY-I.NFO,22/01/2025,09:33:42,23132,23132,1775,23132.95,75,650,14596225
NIFTY-I.NFO,22/01/2025,09:33:44,23131.25,23131,19875,23132.6,75,125,14596225
NIFTY-I.NFO,22/01/2025,09:33:46,23131,23131,19775,23133.3,75,100,14596225
NIFTY-I.NFO,22/01/2025,09:33:47,23131,23131,19850,23133.95,75,100,14597425
NIFTY-I.NFO,22/01/2025,09:33:49,23131.05,23131.05,25,23132,25,350,14597425
NIFTY-I.NFO,22/01/2025,09:33:51,23131,23131,19375,23132.6,25,300,14597425
NIFTY-I.NFO,22/01/2025,09:33:52,23131,23131,19300,23131.5,25,175,14597425
NIFTY-I.NFO,22/01/2025,09:33:54,23131,23131,18975,23133,25,900,14597425
NIFTY-I.NFO,22/01/2025,09:33:56,23132,23132,725,23132.25,25,275,14597425
NIFTY-I.NFO,22/01/2025,09:33:57,23131.8,23131.6,1775,23132.25,25,800,14597425
NIFTY-I.NFO,22/01/2025,09:33:59,23132.25,23131.65,100,23132.4,25,125,14597425
NIFTY-I.NFO,22/01/2025,09:34:01,23131.6,23131.6,1550,23132.95,25,325,14597425
NIFTY-I.NFO,22/01/2025,09:34:02,23132.85,23134.55,1500,23135,525,275,14597425
NIFTY-I.NFO,22/01/2025,09:34:04,23134.55,23134.55,1225,23134.6,50,275,14597425
NIFTY-I.NFO,22/01/2025,09:34:06,23131.65,23131.65,1575,23134.75,75,2375,14597425
NIFTY-I.NFO,22/01/2025,09:34:07,23132.35,23132.35,225,23134.95,75,125,14597425
NIFTY-I.NFO,22/01/2025,09:34:09,23135.3,23134.85,225,23135.95,75,425,14597425
NIFTY-I.NFO,22/01/2025,09:34:11,23134.35,23134.85,250,23135.95,75,75,14597425
NIFTY-I.NFO,22/01/2025,09:34:12,23135,23134.85,50,23135,25,1650,14597425
NIFTY-I.NFO,22/01/2025,09:34:14,23135.55,23132.85,250,23135.6,150,475,14597425
NIFTY-I.NFO,22/01/2025,09:34:16,23133.85,23133,50,23135.9,25,150,14597425
NIFTY-I.NFO,22/01/2025,09:34:17,23133,23133.35,25,23135.95,75,175,14597425
NIFTY-I.NFO,22/01/2025,09:34:19,23134.35,23134.35,250,23135.95,75,125,14597425
NIFTY-I.NFO,22/01/2025,09:34:21,23136.4,23136.4,150,23138.5,75,175,14597425
NIFTY-I.NFO,22/01/2025,09:34:22,23136.9,23137.4,125,23138.95,100,25,14597425
NIFTY-I.NFO,22/01/2025,09:34:24,23138.95,23138.95,250,23139.95,75,300,14597425
NIFTY-I.NFO,22/01/2025,09:34:26,23150,23149.55,50,23150,500,1825,14597425
NIFTY-I.NFO,22/01/2025,09:34:27,23151.4,23150.85,300,23152,50,2450,14597425
NIFTY-I.NFO,22/01/2025,09:34:29,23151.95,23152.4,325,23153.75,75,400,14597425
NIFTY-I.NFO,22/01/2025,09:34:31,23155.15,23155.15,125,23155.6,25,4475,14597425
NIFTY-I.NFO,22/01/2025,09:34:32,23156.05,23153.4,25,23155.15,25,1075,14597425
NIFTY-I.NFO,22/01/2025,09:34:34,23154.75,23150.9,625,23155,150,725,14597425
NIFTY-I.NFO,22/01/2025,09:34:36,23152.55,23152.5,25,23156.45,25,1500,14597425
NIFTY-I.NFO,22/01/2025,09:34:37,23149.85,23149.85,200,23153.6,150,350,14597425
NIFTY-I.NFO,22/01/2025,09:34:39,23150.05,23149.85,75,23153.55,125,325,14597425
NIFTY-I.NFO,22/01/2025,09:34:41,23153.5,23153.5,125,23153.55,75,300,14597425
NIFTY-I.NFO,22/01/2025,09:34:42,23150.9,23151.35,300,23153.5,350,425,14597425
NIFTY-I.NFO,22/01/2025,09:34:44,23156.05,23155.65,25,23157.9,25,750,14597425
NIFTY-I.NFO,22/01/2025,09:34:46,23157,23156.95,25,23159.95,25,625,14597425
NIFTY-I.NFO,22/01/2025,09:34:47,23160.1,23157.85,250,23162,50,2200,14597425
NIFTY-I.NFO,22/01/2025,09:34:49,23157.85,23157.85,175,23160.2,25,1150,14597425
NIFTY-I.NFO,22/01/2025,09:34:51,23159.35,23154.7,25,23159.4,125,300,14597425
NIFTY-I.NFO,22/01/2025,09:34:52,23157.15,23154,25,23157.15,25,1050,14597425
NIFTY-I.NFO,22/01/2025,09:34:54,23157.55,23153.5,50,23157.75,75,475,14597425
NIFTY-I.NFO,22/01/2025,09:34:56,23156.95,23155.95,300,23156.15,25,200,14597425
NIFTY-I.NFO,22/01/2025,09:34:57,23156.95,23156.45,100,23157,250,275,14597425
NIFTY-I.NFO,22/01/2025,09:34:59,23158.9,23158.9,75,23159.3,25,725,14597425
NIFTY-I.NFO,22/01/2025,09:35:01,23158.45,23156,4875,23158.45,25,325,14597425
NIFTY-I.NFO,22/01/2025,09:35:02,23159.75,23159.4,250,23159.5,75,2150,14597425
NIFTY-I.NFO,22/01/2025,09:35:04,23160.1,23159.4,175,23161.4,25,1725,14597425
NIFTY-I.NFO,22/01/2025,09:35:06,23160.6,23160.45,50,23164.65,75,4525,14597425
NIFTY-I.NFO,22/01/2025,09:35:07,23162.85,23162.45,475,23164.65,25,525,14597425
NIFTY-I.NFO,22/01/2025,09:35:09,23168.9,23168.8,250,23168.9,75,2475,14597425
NIFTY-I.NFO,22/01/2025,09:35:11,23167.35,23166.35,150,23169.95,75,1850,14597425
NIFTY-I.NFO,22/01/2025,09:35:12,23166.35,23163.35,50,23167.05,75,275,14597425
NIFTY-I.NFO,22/01/2025,09:35:14,23164.7,23164.65,250,23167.5,75,650,14597425
NIFTY-I.NFO,22/01/2025,09:35:16,23164.35,23163,150,23164.35,25,725,14597425
NIFTY-I.NFO,22/01/2025,09:35:17,23162.45,23162.85,25,23163.2,75,275,14597425
NIFTY-I.NFO,22/01/2025,09:35:19,23162.05,23159.45,25,23161.2,50,1275,14597425
NIFTY-I.NFO,22/01/2025,09:35:21,23159.4,23159.4,150,23160.4,100,500,14597425
NIFTY-I.NFO,22/01/2025,09:35:22,23158.2,23153.85,150,23158.2,50,8125,14597425
NIFTY-I.NFO,22/01/2025,09:35:24,23151.5,23152.45,50,23156.15,75,2425,14597425
NIFTY-I.NFO,22/01/2025,09:35:26,23153,23152.5,100,23152.55,50,125,14597425
NIFTY-I.NFO,22/01/2025,09:35:27,23150.15,23150.15,25,23153.45,75,400,14597425
NIFTY-I.NFO,22/01/2025,09:35:29,23150.85,23150.85,275,23156.15,75,600,14597425
NIFTY-I.NFO,22/01/2025,09:35:31,23156.25,23151.85,125,23157.2,75,200,14597425
NIFTY-I.NFO,22/01/2025,09:35:32,23153.5,23153.5,850,23156.4,25,100,14597425
NIFTY-I.NFO,22/01/2025,09:35:34,23151.8,23151.8,25,23152.3,25,1000,14597425
NIFTY-I.NFO,22/01/2025,09:35:36,23151.35,23150.35,25,23154.05,150,100,14597425
NIFTY-I.NFO,22/01/2025,09:35:37,23150.35,23150.35,175,23155.5,25,100,14597425
NIFTY-I.NFO,22/01/2025,09:35:39,23150.35,23151,25,23153.95,25,0,14597425
NIFTY-I.NFO,22/01/2025,09:35:41,23151,23151,1575,23154.7,75,275,14597425
NIFTY-I.NFO,22/01/2025,09:35:42,23154.8,23153.95,200,23156.9,75,50,14597425
NIFTY-I.NFO,22/01/2025,09:35:44,23154.8,23151,1450,23155.8,350,425,14597425
NIFTY-I.NFO,22/01/2025,09:35:46,23154.4,23151,625,23154.3,75,1000,14597425
NIFTY-I.NFO,22/01/2025,09:35:47,23151,23151,525,23153.75,125,125,14597425
NIFTY-I.NFO,22/01/2025,09:35:49,23151,23151,475,23152.35,75,150,14597425
NIFTY-I.NFO,22/01/2025,09:35:51,23149.8,23145,125,23149.75,75,3650,14597425
NIFTY-I.NFO,22/01/2025,09:35:52,23150.4,23146.35,300,23150.1,75,100,14597425
NIFTY-I.NFO,22/01/2025,09:35:54,23146.85,23146.85,350,23147.65,25,50,14597425
NIFTY-I.NFO,22/01/2025,09:35:56,23150,23150,275,23151,25,350,14597425
NIFTY-I.NFO,22/01/2025,09:35:57,23150,23149.75,100,23149.95,75,250,14597425
NIFTY-I.NFO,22/01/2025,09:35:59,23150.95,23149.6,975,23151,150,350,14597425
NIFTY-I.NFO,22/01/2025,09:36:01,23148.65,23145.25,475,23145.8,25,1100,14597425
NIFTY-I.NFO,22/01/2025,09:36:02,23141.45,23140,250,23140.2,25,800,14597425
NIFTY-I.NFO,22/01/2025,09:36:04,23139.3,23139.45,300,23142.95,25,675,14597425
NIFTY-I.NFO,22/01/2025,09:36:06,23140.95,23140.05,50,23143.95,75,475,14597425
NIFTY-I.NFO,22/01/2025,09:36:07,23144.35,23142.25,150,23145.2,75,150,14597425
NIFTY-I.NFO,22/01/2025,09:36:09,23140.1,23141.85,25,23145.2,75,100,14597425
NIFTY-I.NFO,22/01/2025,09:36:11,23145.2,23143.95,300,23145.25,150,350,14597425
NIFTY-I.NFO,22/01/2025,09:36:12,23145.25,23146.45,150,23148.6,75,150,14597425
NIFTY-I.NFO,22/01/2025,09:36:14,23148.6,23145,25,23148.6,25,75,14597425
NIFTY-I.NFO,22/01/2025,09:36:16,23142.95,23142.05,125,23144.95,100,400,14597425
NIFTY-I.NFO,22/01/2025,09:36:17,23148.95,23146.1,350,23148.95,25,3125,14597425
NIFTY-I.NFO,22/01/2025,09:36:19,23150.15,23150.2,250,23150.95,75,525,14597425
NIFTY-I.NFO,22/01/2025,09:36:21,23149.95,23147.1,150,23149.95,75,800,14597425
NIFTY-I.NFO,22/01/2025,09:36:22,23146.5,23146.1,175,23147,25,350,14597425
NIFTY-I.NFO,22/01/2025,09:36:24,23148.15,23147.5,25,23149.95,50,75,14597425
NIFTY-I.NFO,22/01/2025,09:36:26,23148.55,23149.3,50,23150,600,25,14597425
NIFTY-I.NFO,22/01/2025,09:36:27,23150.65,23150.95,50,23152,50,1050,14597425
NIFTY-I.NFO,22/01/2025,09:36:29,23153,23151.3,25,23152.3,75,350,14597425
NIFTY-I.NFO,22/01/2025,09:36:31,23155,23155.3,200,23156,50,475,14597425
NIFTY-I.NFO,22/01/2025,09:36:32,23154.6,23156.35,175,23160.6,150,7200,14597425
NIFTY-I.NFO,22/01/2025,09:36:34,23156.6,23158.85,50,23158.95,25,475,14597425
NIFTY-I.NFO,22/01/2025,09:36:36,23155.1,23155.2,350,23159.3,100,50,14597425
NIFTY-I.NFO,22/01/2025,09:36:37,23160.65,23154.6,25,23159.2,150,1350,14597425
NIFTY-I.NFO,22/01/2025,09:36:39,23158.55,23154.7,100,23160,150,275,14597425
NIFTY-I.NFO,22/01/2025,09:36:41,23160,23156.4,250,23160.75,75,50,14597425
NIFTY-I.NFO,22/01/2025,09:36:42,23156,23154.65,50,23159.2,75,50,14597425
NIFTY-I.NFO,22/01/2025,09:36:44,23155.3,23159.35,300,23160,275,3100,14597425
NIFTY-I.NFO,22/01/2025,09:36:46,23157.35,23157.35,50,23159.95,75,250,14597425
NIFTY-I.NFO,22/01/2025,09:36:47,23155.05,23155.05,25,23159.5,125,275,14594850
NIFTY-I.NFO,22/01/2025,09:36:49,23157.85,23157.85,125,23158.3,50,200,14594850
NIFTY-I.NFO,22/01/2025,09:36:51,23158.3,23156.35,100,23158.3,100,75,14594850
NIFTY-I.NFO,22/01/2025,09:36:52,23156.35,23156.35,400,23156.7,25,125,14594850
NIFTY-I.NFO,22/01/2025,09:36:54,23157.75,23157.35,150,23157.5,25,250,14594850
NIFTY-I.NFO,22/01/2025,09:36:56,23157.95,23157.35,325,23157.75,25,325,14594850
NIFTY-I.NFO,22/01/2025,09:36:57,23157.35,23157.35,25,23157.75,25,775,14594850
NIFTY-I.NFO,22/01/2025,09:36:59,23157.35,23157.35,250,23160.95,75,550,14594850
NIFTY-I.NFO,22/01/2025,09:37:01,23161,23158.4,175,23161,525,850,14594850
NIFTY-I.NFO,22/01/2025,09:37:02,23156.35,23156.2,175,23156.7,25,350,14594850
NIFTY-I.NFO,22/01/2025,09:37:04,23156.8,23156.6,75,23159.95,75,50,14594850
NIFTY-I.NFO,22/01/2025,09:37:06,23157,23156.85,75,23159.15,25,50,14594850
NIFTY-I.NFO,22/01/2025,09:37:07,23155.3,23155,275,23155.05,50,1325,14594850
NIFTY-I.NFO,22/01/2025,09:37:09,23154.3,23154.3,400,23157.95,75,650,14594850
NIFTY-I.NFO,22/01/2025,09:37:11,23159.2,23154.8,375,23157.9,25,675,14594850
NIFTY-I.NFO,22/01/2025,09:37:12,23152.3,23151.8,325,23154.75,25,200,14594850
NIFTY-I.NFO,22/01/2025,09:37:14,23153.3,23153.3,50,23154.7,25,250,14594850
NIFTY-I.NFO,22/01/2025,09:37:16,23154.8,23155,150,23156.75,75,3350,14594850
NIFTY-I.NFO,22/01/2025,09:37:17,23156.8,23151.6,225,23156.8,400,750,14594850
NIFTY-I.NFO,22/01/2025,09:37:19,23156.8,23155.3,300,23156.8,350,50,14594850
NIFTY-I.NFO,22/01/2025,09:37:21,23156.8,23153.8,400,23156.75,25,0,14594850
NIFTY-I.NFO,22/01/2025,09:37:22,23154.1,23154.35,175,23156.8,375,100,14594850
NIFTY-I.NFO,22/01/2025,09:37:24,23155,23154.35,175,23155,975,50,14594850
NIFTY-I.NFO,22/01/2025,09:37:26,23152.8,23152.8,300,23154.95,100,375,14594850
NIFTY-I.NFO,22/01/2025,09:37:27,23154.95,23153.8,300,23154.95,100,100,14594850
NIFTY-I.NFO,22/01/2025,09:37:29,23153.75,23154.35,150,23154.95,25,100,14594850
NIFTY-I.NFO,22/01/2025,09:37:31,23154.4,23153.8,200,23154,25,200,14594850
NIFTY-I.NFO,22/01/2025,09:37:33,23152.2,23151.3,300,23154.75,75,450,14594850
NIFTY-I.NFO,22/01/2025,09:37:34,23152.2,23151.8,400,23152.3,25,0,14594850
NIFTY-I.NFO,22/01/2025,09:37:36,23153.5,23150.3,400,23153.95,75,175,14594850
NIFTY-I.NFO,22/01/2025,09:37:38,23154.95,23150.8,400,23154.8,75,25,14594850
NIFTY-I.NFO,22/01/2025,09:37:39,23154.05,23150.8,400,23154.05,50,50,14594850
NIFTY-I.NFO,22/01/2025,09:37:41,23151.8,23151.8,350,23154.95,75,375,14594850
NIFTY-I.NFO,22/01/2025,09:37:43,23152.3,23154.3,300,23154.95,75,1300,14594850
NIFTY-I.NFO,22/01/2025,09:37:44,23152.8,23151.8,300,23154.9,25,150,14594850
NIFTY-I.NFO,22/01/2025,09:37:46,23153.3,23153.8,75,23154,25,125,14594850
NIFTY-I.NFO,22/01/2025,09:37:48,23154.8,23154.85,275,23155,1125,75,14594850
NIFTY-I.NFO,22/01/2025,09:37:49,23153.3,23152.8,75,23154.8,25,350,14594850
NIFTY-I.NFO,22/01/2025,09:37:51,23152.8,23152.8,325,23154.8,25,150,14594850
NIFTY-I.NFO,22/01/2025,09:37:53,23154.95,23153.3,325,23153.75,25,75,14594850
NIFTY-I.NFO,22/01/2025,09:37:54,23153.3,23154.95,600,23156.75,75,1925,14594850
NIFTY-I.NFO,22/01/2025,09:37:56,23155,23152.05,250,23156.75,75,1225,14594850
NIFTY-I.NFO,22/01/2025,09:37:58,23156.75,23155,100,23156.75,25,325,14594850
NIFTY-I.NFO,22/01/2025,09:37:59,23155,23155,350,23156.1,75,400,14594850
NIFTY-I.NFO,22/01/2025,09:38:01,23148.7,23148.7,275,23150.3,25,875,14594850
NIFTY-I.NFO,22/01/2025,09:38:03,23147.9,23147.9,125,23151.1,200,600,14594850
NIFTY-I.NFO,22/01/2025,09:38:04,23149.05,23148.15,275,23152.15,25,325,14594850
NIFTY-I.NFO,22/01/2025,09:38:06,23148,23147.6,375,23152,75,1050,14594850
NIFTY-I.NFO,22/01/2025,09:38:08,23148.6,23150.2,475,23151.95,100,775,14594850
NIFTY-I.NFO,22/01/2025,09:38:09,23151.1,23151.1,50,23155,100,325,14594850
NIFTY-I.NFO,22/01/2025,09:38:11,23155,23152.2,350,23155,100,225,14594850
NIFTY-I.NFO,22/01/2025,09:38:13,23152.2,23152.2,25,23154.95,175,175,14594850
NIFTY-I.NFO,22/01/2025,09:38:14,23151.2,23151.2,75,23154.75,175,225,14594850
NIFTY-I.NFO,22/01/2025,09:38:16,23155.2,23155.2,225,23156.75,75,925,14594850
NIFTY-I.NFO,22/01/2025,09:38:18,23154.7,23154.7,50,23156.8,150,650,14594850
NIFTY-I.NFO,22/01/2025,09:38:19,23154.7,23154.7,300,23155,250,450,14594850
NIFTY-I.NFO,22/01/2025,09:38:21,23155,23154.7,300,23155,225,25,14594850
NIFTY-I.NFO,22/01/2025,09:38:23,23155.25,23155.25,250,23156.55,25,325,14594850
NIFTY-I.NFO,22/01/2025,09:38:24,23159.7,23156.55,75,23158.75,25,2225,14594850
NIFTY-I.NFO,22/01/2025,09:38:26,23157.35,23157.95,275,23158.85,200,250,14594850
NIFTY-I.NFO,22/01/2025,09:38:28,23152.3,23152.05,125,23152.4,25,775,14594850
NIFTY-I.NFO,22/01/2025,09:38:29,23157.6,23151.5,25,23156.4,200,425,14594850
NIFTY-I.NFO,22/01/2025,09:38:31,23152.3,23152.65,25,23156.35,25,675,14594850
NIFTY-I.NFO,22/01/2025,09:38:33,23156.35,23152.55,250,23157.7,25,50,14594850
NIFTY-I.NFO,22/01/2025,09:38:34,23152.65,23152.65,150,23158,25,275,14594850
NIFTY-I.NFO,22/01/2025,09:38:36,23154.4,23153.75,25,23158.95,300,75,14594850
NIFTY-I.NFO,22/01/2025,09:38:38,23154.35,23156,50,23159,150,100,14594850
NIFTY-I.NFO,22/01/2025,09:38:39,23152.75,23153.2,200,23158.95,250,150,14594850
NIFTY-I.NFO,22/01/2025,09:38:41,23152.7,23152.3,300,23157.6,150,175,14594850
NIFTY-I.NFO,22/01/2025,09:38:43,23156,23153.6,250,23158.95,150,75,14594850
NIFTY-I.NFO,22/01/2025,09:38:44,23154.5,23154.45,150,23159,50,125,14594850
NIFTY-I.NFO,22/01/2025,09:38:46,23158,23154.45,350,23159.8,300,225,14594850
NIFTY-I.NFO,22/01/2025,09:38:48,23155.4,23155.45,150,23160,325,150,14594850
NIFTY-I.NFO,22/01/2025,09:38:49,23161,23158.7,300,23159.8,25,1550,14594850
NIFTY-I.NFO,22/01/2025,09:38:51,23162.45,23162.85,175,23163.85,25,1350,14594850
NIFTY-I.NFO,22/01/2025,09:38:53,23159.95,23159.95,625,23162,500,875,14594850
NIFTY-I.NFO,22/01/2025,09:38:54,23159.95,23159.95,400,23160,25,225,14594850
NIFTY-I.NFO,22/01/2025,09:38:56,23159.95,23159.95,100,23160.6,150,325,14594850
NIFTY-I.NFO,22/01/2025,09:38:58,23156.7,23157.25,375,23159.95,50,275,14594850
NIFTY-I.NFO,22/01/2025,09:38:59,23158.5,23158.05,50,23162,75,100,14594850
NIFTY-I.NFO,22/01/2025,09:39:01,23162.4,23157.65,25,23162.45,150,150,14594850
NIFTY-I.NFO,22/01/2025,09:39:03,23158.35,23158,175,23158.6,25,25,14594850
NIFTY-I.NFO,22/01/2025,09:39:04,23159.35,23158.1,125,23162,50,75,14594850
NIFTY-I.NFO,22/01/2025,09:39:06,23159.65,23159.75,300,23164.35,25,200,14594850
NIFTY-I.NFO,22/01/2025,09:39:08,23167.35,23165.35,300,23168,175,1450,14594850
NIFTY-I.NFO,22/01/2025,09:39:09,23166.9,23162.4,25,23167.6,300,2125,14594850
NIFTY-I.NFO,22/01/2025,09:39:11,23167.45,23163.2,400,23165,250,100,14594850
NIFTY-I.NFO,22/01/2025,09:39:13,23168.35,23163.25,25,23167.9,275,775,14594850
NIFTY-I.NFO,22/01/2025,09:39:14,23168.35,23163.25,125,23167.4,50,0,14594850
NIFTY-I.NFO,22/01/2025,09:39:16,23168.3,23163.75,175,23168.85,125,150,14594850
NIFTY-I.NFO,22/01/2025,09:39:18,23163.8,23163.75,100,23167.75,275,175,14594850
NIFTY-I.NFO,22/01/2025,09:39:19,23166,23166,775,23167.25,25,525,14594850
NIFTY-I.NFO,22/01/2025,09:39:21,23167.45,23166,700,23167.8,25,350,14594850
NIFTY-I.NFO,22/01/2025,09:39:23,23165.65,23160.2,275,23165.65,250,1325,14594850
NIFTY-I.NFO,22/01/2025,09:39:24,23163.75,23160.7,275,23165.25,125,325,14594850
NIFTY-I.NFO,22/01/2025,09:39:26,23163.75,23160.7,200,23164.75,50,175,14594850
NIFTY-I.NFO,22/01/2025,09:39:28,23165,23160.7,175,23163.75,25,100,14594850
NIFTY-I.NFO,22/01/2025,09:39:29,23165,23161.9,125,23166,850,125,14594850
NIFTY-I.NFO,22/01/2025,09:39:31,23168.15,23162.75,25,23168.1,50,2700,14594850
NIFTY-I.NFO,22/01/2025,09:39:33,23165,23165.05,175,23166.4,125,1225,14594850
NIFTY-I.NFO,22/01/2025,09:39:34,23166.8,23166.25,175,23167.1,75,350,14594850
NIFTY-I.NFO,22/01/2025,09:39:36,23166,23165,100,23166,675,550,14594850
NIFTY-I.NFO,22/01/2025,09:39:38,23163.75,23163.75,175,23165.65,125,825,14594850
NIFTY-I.NFO,22/01/2025,09:39:39,23164,23161.9,125,23165,25,325,14594850
NIFTY-I.NFO,22/01/2025,09:39:41,23165,23162.35,25,23165.9,25,125,14594850
NIFTY-I.NFO,22/01/2025,09:39:43,23160.7,23160.7,275,23165,100,100,14594850
NIFTY-I.NFO,22/01/2025,09:39:44,23160.05,23160,225,23164.9,125,150,14594850
NIFTY-I.NFO,22/01/2025,09:39:46,23165,23161.15,125,23165,100,125,14594850
NIFTY-I.NFO,22/01/2025,09:39:48,23160.7,23160,150,23162.35,50,100,14595525
NIFTY-I.NFO,22/01/2025,09:39:49,23164.65,23159.95,25,23164.65,500,1375,14595525
NIFTY-I.NFO,22/01/2025,09:39:51,23163.9,23162.35,25,23163.5,75,125,14595525
NIFTY-I.NFO,22/01/2025,09:39:53,23156.9,23155.7,325,23159.95,25,125,14595525
NIFTY-I.NFO,22/01/2025,09:39:54,23155.7,23155.7,200,23160,25,175,14595525
NIFTY-I.NFO,22/01/2025,09:39:56,23156.35,23156.15,275,23160,25,50,14595525
NIFTY-I.NFO,22/01/2025,09:39:58,23160,23156.75,75,23160.55,50,150,14595525
NIFTY-I.NFO,22/01/2025,09:39:59,23157.65,23157.7,175,23160.2,25,25,14595525
NIFTY-I.NFO,22/01/2025,09:40:01,23155.6,23155,25,23157.35,75,250,14595525
NIFTY-I.NFO,22/01/2025,09:40:03,23157.75,23155,125,23160,25,275,14595525
NIFTY-I.NFO,22/01/2025,09:40:04,23159.05,23152.7,125,23158.8,525,475,14595525
NIFTY-I.NFO,22/01/2025,09:40:06,23153.75,23153.45,175,23157.65,75,100,14595525
NIFTY-I.NFO,22/01/2025,09:40:08,23154.2,23153.45,125,23157.65,75,75,14595525
NIFTY-I.NFO,22/01/2025,09:40:09,23157.65,23155,350,23157.65,50,150,14595525
NIFTY-I.NFO,22/01/2025,09:40:11,23157.75,23155,350,23158,50,125,14595525
NIFTY-I.NFO,22/01/2025,09:40:13,23158,23155,250,23157,425,25,14595525
NIFTY-I.NFO,22/01/2025,09:40:14,23157,23155,225,23157,400,50,14595525
NIFTY-I.NFO,22/01/2025,09:40:16,23157,23155,225,23157,375,25,14595525
NIFTY-I.NFO,22/01/2025,09:40:18,23156.95,23155,75,23157,375,175,14595525
NIFTY-I.NFO,22/01/2025,09:40:19,23157.7,23155,50,23157.8,25,1075,14595525
NIFTY-I.NFO,22/01/2025,09:40:21,23152.2,23152.2,50,23155,125,75,14595525
NIFTY-I.NFO,22/01/2025,09:40:23,23152,23152,225,23152.25,25,400,14595525
NIFTY-I.NFO,22/01/2025,09:40:24,23150,23150,375,23151,25,750,14595525
NIFTY-I.NFO,22/01/2025,09:40:26,23146.2,23146,25,23149.75,50,600,14595525
NIFTY-I.NFO,22/01/2025,09:40:28,23145.2,23145,175,23150.65,150,400,14595525
NIFTY-I.NFO,22/01/2025,09:40:29,23152,23150,50,23152,25,400,14595525
NIFTY-I.NFO,22/01/2025,09:40:31,23150.5,23145,175,23150.3,150,100,14595525
NIFTY-I.NFO,22/01/2025,09:40:33,23149.8,23145.15,225,23149.4,200,225,14595525
NIFTY-I.NFO,22/01/2025,09:40:34,23149.4,23148.65,75,23149.4,150,300,14595525
NIFTY-I.NFO,22/01/2025,09:40:36,23148.65,23148.65,150,23149.4,150,125,14595525
NIFTY-I.NFO,22/01/2025,09:40:38,23152,23149.65,150,23152,50,250,14595525
NIFTY-I.NFO,22/01/2025,09:40:39,23152,23149.65,150,23152,50,0,14595525
NIFTY-I.NFO,22/01/2025,09:40:41,23155.6,23150.25,275,23155.65,575,1650,14595525
NIFTY-I.NFO,22/01/2025,09:40:43,23156.15,23154.8,125,23156.85,275,275,14595525
NIFTY-I.NFO,22/01/2025,09:40:44,23154.8,23152,125,23156.7,25,125,14595525
NIFTY-I.NFO,22/01/2025,09:40:46,23155.95,23150.7,150,23156.3,75,100,14595525
NIFTY-I.NFO,22/01/2025,09:40:48,23150.85,23150.85,25,23155,25,125,14595525
NIFTY-I.NFO,22/01/2025,09:40:49,23150.85,23150.95,200,23154.8,25,0,14595525
NIFTY-I.NFO,22/01/2025,09:40:51,23154.8,23151.7,300,23155,50,25,14595525
NIFTY-I.NFO,22/01/2025,09:40:53,23152.95,23153.7,25,23155,25,175,14595525
NIFTY-I.NFO,22/01/2025,09:40:54,23153.75,23153.75,150,23155,75,75,14595525
NIFTY-I.NFO,22/01/2025,09:40:56,23153.2,23153.2,250,23155.35,50,300,14595525
NIFTY-I.NFO,22/01/2025,09:40:58,23155.9,23155.9,225,23156.65,25,175,14595525
NIFTY-I.NFO,22/01/2025,09:40:59,23155.9,23155.9,175,23156.65,50,100,14595525
NIFTY-I.NFO,22/01/2025,09:41:01,23159.25,23159.25,250,23162.35,25,1675,14595525
NIFTY-I.NFO,22/01/2025,09:41:03,23161.2,23161.2,25,23162.65,100,600,14595525
NIFTY-I.NFO,22/01/2025,09:41:04,23162.65,23162.25,175,23163,50,125,14595525
NIFTY-I.NFO,22/01/2025,09:41:06,23162.25,23157.8,150,23163,25,225,14595525
NIFTY-I.NFO,22/01/2025,09:41:08,23158.05,23158.45,100,23162.25,25,50,14595525
NIFTY-I.NFO,22/01/2025,09:41:09,23164.9,23162.3,125,23164.8,25,350,14595525
NIFTY-I.NFO,22/01/2025,09:41:11,23159.15,23159.15,300,23164.95,200,425,14595525
NIFTY-I.NFO,22/01/2025,09:41:13,23163,23163,525,23164.55,125,100,14595525
NIFTY-I.NFO,22/01/2025,09:41:14,23163,23163,500,23164.6,25,25,14595525
NIFTY-I.NFO,22/01/2025,09:41:16,23163,23163,475,23164.8,125,50,14595525
NIFTY-I.NFO,22/01/2025,09:41:17,23163,23163,250,23163.8,150,225,14595525
NIFTY-I.NFO,22/01/2025,09:41:19,23164.95,23163,175,23164.1,150,100,14595525
NIFTY-I.NFO,22/01/2025,09:41:21,23164.55,23159.05,150,23164.75,125,2350,14595525
NIFTY-I.NFO,22/01/2025,09:41:22,23159.7,23158.75,450,23163.7,50,150,14595525
NIFTY-I.NFO,22/01/2025,09:41:24,23158.75,23158.75,325,23159.1,25,125,14595525
NIFTY-I.NFO,22/01/2025,09:41:26,23155.35,23154.55,25,23160.05,300,450,14595525
NIFTY-I.NFO,22/01/2025,09:41:27,23159.95,23154.7,25,23159.9,150,1600,14595525
NIFTY-I.NFO,22/01/2025,09:41:29,23158.7,23153.85,150,23159.4,625,800,14595525
NIFTY-I.NFO,22/01/2025,09:41:31,23156.35,23155.65,300,23160,100,425,14595525
NIFTY-I.NFO,22/01/2025,09:41:32,23160,23155.7,25,23156.2,25,25,14595525
NIFTY-I.NFO,22/01/2025,09:41:34,23153.8,23153,125,23158.7,250,150,14595525
NIFTY-I.NFO,22/01/2025,09:41:36,23158.5,23153,125,23158.75,125,25,14595525
NIFTY-I.NFO,22/01/2025,09:41:37,23158.6,23151.95,150,23158.25,125,75,14595525
NIFTY-I.NFO,22/01/2025,09:41:39,23153.8,23151.8,75,23156.75,125,75,14595525
NIFTY-I.NFO,22/01/2025,09:41:41,23157.8,23153.8,25,23158.05,125,100,14595525
NIFTY-I.NFO,22/01/2025,09:41:42,23151.85,23152,25,23157.95,125,125,14595525
NIFTY-I.NFO,22/01/2025,09:41:44,23151.85,23151.8,75,23156.15,25,0,14595525
NIFTY-I.NFO,22/01/2025,09:41:46,23157.8,23154.3,50,23158.5,25,25,14595525
NIFTY-I.NFO,22/01/2025,09:41:47,23158.5,23155.25,50,23159,25,300,14595525
NIFTY-I.NFO,22/01/2025,09:41:49,23155.2,23154.65,50,23160,175,325,14595525
NIFTY-I.NFO,22/01/2025,09:41:51,23154.75,23153.6,25,23158.5,25,25,14595525
NIFTY-I.NFO,22/01/2025,09:41:52,23156.35,23152.05,25,23156.35,225,25,14595525
NIFTY-I.NFO,22/01/2025,09:41:54,23156.85,23151.8,75,23157.45,50,100,14595525
NIFTY-I.NFO,22/01/2025,09:41:56,23156.35,23156.35,125,23157.8,25,50,14595525
NIFTY-I.NFO,22/01/2025,09:41:57,23160,23158.5,50,23160,250,125,14595525
NIFTY-I.NFO,22/01/2025,09:41:59,23156.35,23156.35,50,23156.9,25,125,14595525
NIFTY-I.NFO,22/01/2025,09:42:01,23155.05,23154.8,25,23155.95,25,100,14595525
NIFTY-I.NFO,22/01/2025,09:42:02,23159.95,23154.95,75,23160,250,50,14595525
NIFTY-I.NFO,22/01/2025,09:42:04,23155.8,23155.7,25,23156.85,250,100,14595525
NIFTY-I.NFO,22/01/2025,09:42:06,23154.95,23153.7,300,23154.95,200,250,14595525
NIFTY-I.NFO,22/01/2025,09:42:07,23154.95,23153.2,400,23156.85,75,425,14595525
NIFTY-I.NFO,22/01/2025,09:42:09,23154.95,23153.2,325,23156.85,75,100,14595525
NIFTY-I.NFO,22/01/2025,09:42:11,23156.85,23155.2,300,23159,25,475,14595525
NIFTY-I.NFO,22/01/2025,09:42:12,23155.7,23155.7,250,23159,50,50,14595525
NIFTY-I.NFO,22/01/2025,09:42:14,23154.7,23154.2,250,23158,175,250,14595525
NIFTY-I.NFO,22/01/2025,09:42:16,23158,23154.2,225,23158,175,50,14595525
NIFTY-I.NFO,22/01/2025,09:42:17,23153.25,23153.2,250,23158,175,50,14595525
NIFTY-I.NFO,22/01/2025,09:42:19,23153.25,23154.75,50,23156.35,25,0,14595525
NIFTY-I.NFO,22/01/2025,09:42:21,23160,23158.25,50,23161,100,1225,14595525
NIFTY-I.NFO,22/01/2025,09:42:22,23163,23159.6,300,23163.7,25,625,14595525
NIFTY-I.NFO,22/01/2025,09:42:24,23165.35,23165.4,150,23165.7,275,1225,14595525
NIFTY-I.NFO,22/01/2025,09:42:26,23163.1,23162.65,50,23166,75,475,14595525
NIFTY-I.NFO,22/01/2025,09:42:27,23163.9,23164.85,150,23166,75,25,14595525
NIFTY-I.NFO,22/01/2025,09:42:29,23168,23166.35,25,23168.7,25,650,14595525
NIFTY-I.NFO,22/01/2025,09:42:31,23168,23162.6,275,23168,25,525,14595525
NIFTY-I.NFO,22/01/2025,09:42:32,23163,23163,375,23166.45,275,50,14595525
NIFTY-I.NFO,22/01/2025,09:42:34,23163,23163,275,23164.35,300,225,14595525
NIFTY-I.NFO,22/01/2025,09:42:36,23158.45,23158,100,23163,350,300,14595525
NIFTY-I.NFO,22/01/2025,09:42:37,23158,23158,75,23163.2,350,50,14595525
NIFTY-I.NFO,22/01/2025,09:42:39,23162.55,23158,75,23162.6,325,75,14595525
NIFTY-I.NFO,22/01/2025,09:42:41,23162.55,23158.15,25,23162.7,50,0,14595525
NIFTY-I.NFO,22/01/2025,09:42:42,23159.2,23158.05,25,23162.7,125,50,14595525
NIFTY-I.NFO,22/01/2025,09:42:44,23162.7,23158.4,25,23163,75,50,14595525
NIFTY-I.NFO,22/01/2025,09:42:46,23162.7,23159.1,300,23163,75,0,14595525
NIFTY-I.NFO,22/01/2025,09:42:47,23158.6,23158.25,50,23163,50,75,14595525
NIFTY-I.NFO,22/01/2025,09:42:49,23163,23162.7,50,23163.65,300,300,14591725
NIFTY-I.NFO,22/01/2025,09:42:51,23158,23156.05,25,23161.3,300,200,14591725
NIFTY-I.NFO,22/01/2025,09:42:52,23158.6,23155.5,25,23161.65,200,50,14591725
NIFTY-I.NFO,22/01/2025,09:42:54,23161.65,23155.6,125,23161.65,275,375,14591725
NIFTY-I.NFO,22/01/2025,09:42:56,23156.4,23155,275,23160.95,300,50,14591725
NIFTY-I.NFO,22/01/2025,09:42:57,23156.5,23155.05,100,23160.95,300,50,14591725
NIFTY-I.NFO,22/01/2025,09:42:59,23157.05,23156.65,100,23161,25,75,14591725
NIFTY-I.NFO,22/01/2025,09:43:01,23160.95,23159.5,175,23161.65,25,1100,14591725
NIFTY-I.NFO,22/01/2025,09:43:02,23161.65,23160.45,125,23162,150,100,14591725
NIFTY-I.NFO,22/01/2025,09:43:04,23157.65,23157.1,100,23162.3,300,725,14591725
NIFTY-I.NFO,22/01/2025,09:43:06,23161.25,23156,25,23160.55,125,200,14591725
NIFTY-I.NFO,22/01/2025,09:43:07,23156,23155.5,50,23160.95,25,100,14591725
NIFTY-I.NFO,22/01/2025,09:43:09,23158,23155.15,50,23160.05,25,25,14591725
NIFTY-I.NFO,22/01/2025,09:43:11,23156,23155.2,50,23160,75,75,14591725
NIFTY-I.NFO,22/01/2025,09:43:12,23160,23155.6,275,23160,50,50,14591725
NIFTY-I.NFO,22/01/2025,09:43:14,23155,23155,250,23155.2,25,375,14591725
NIFTY-I.NFO,22/01/2025,09:43:16,23155,23154,300,23155.6,25,275,14591725
NIFTY-I.NFO,22/01/2025,09:43:17,23154,23154,125,23155,175,225,14591725
NIFTY-I.NFO,22/01/2025,09:43:19,23154,23154,25,23156.9,200,475,14591725
NIFTY-I.NFO,22/01/2025,09:43:21,23154,23150.55,25,23154.2,200,500,14591725
NIFTY-I.NFO,22/01/2025,09:43:22,23153.85,23150,500,23153.75,200,250,14591725
NIFTY-I.NFO,22/01/2025,09:43:24,23150,23150,275,23150.75,25,250,14591725
NIFTY-I.NFO,22/01/2025,09:43:26,23150,23150,125,23153.65,25,200,14591725
NIFTY-I.NFO,22/01/2025,09:43:27,23144,23143.35,175,23145.95,25,675,14591725
NIFTY-I.NFO,22/01/2025,09:43:29,23140.4,23140.1,25,23142.75,25,850,14591725
NIFTY-I.NFO,22/01/2025,09:43:31,23136.55,23136.45,25,23138.25,125,1675,14591725
NIFTY-I.NFO,22/01/2025,09:43:32,23132.6,23132.6,1750,23138,150,700,14591725
NIFTY-I.NFO,22/01/2025,09:43:34,23133.6,23134.1,50,23140.15,125,525,14591725
NIFTY-I.NFO,22/01/2025,09:43:36,23133.95,23132.65,50,23136.55,25,275,14591725
NIFTY-I.NFO,22/01/2025,09:43:37,23135.75,23135.3,50,23140.75,125,2200,14591725
NIFTY-I.NFO,22/01/2025,09:43:39,23133.5,23133,200,23139.3,25,125,14591725
NIFTY-I.NFO,22/01/2025,09:43:41,23136.55,23136.55,25,23137.9,125,100,14591725
NIFTY-I.NFO,22/01/2025,09:43:42,23135.4,23139.3,25,23141.65,50,125,14591725
NIFTY-I.NFO,22/01/2025,09:43:44,23138.7,23136.85,200,23141.7,25,75,14591725
NIFTY-I.NFO,22/01/2025,09:43:46,23141.2,23135,200,23141.25,150,550,14591725
NIFTY-I.NFO,22/01/2025,09:43:47,23135.15,23136.9,50,23140,75,50,14591725
NIFTY-I.NFO,22/01/2025,09:43:49,23135.15,23138,25,23140,75,0,14591725
NIFTY-I.NFO,22/01/2025,09:43:51,23135.8,23135.8,200,23140,25,150,14591725
NIFTY-I.NFO,22/01/2025,09:43:52,23143.25,23136.6,125,23140,25,750,14591725
NIFTY-I.NFO,22/01/2025,09:43:54,23140,23135.8,175,23141.45,150,75,14591725
NIFTY-I.NFO,22/01/2025,09:43:56,23135.75,23135.75,50,23136.45,25,125,14591725
NIFTY-I.NFO,22/01/2025,09:43:57,23125,23120.55,75,23125,225,49775,14591725
NIFTY-I.NFO,22/01/2025,09:43:59,23115.05,23115.05,25,23117.85,50,675,14591725
NIFTY-I.NFO,22/01/2025,09:44:01,23112.3,23111.65,25,23116.3,100,950,14591725
NIFTY-I.NFO,22/01/2025,09:44:02,23117.35,23117.95,50,23122.95,100,675,14591725
NIFTY-I.NFO,22/01/2025,09:44:04,23120.35,23118.8,125,23124.95,100,600,14591725
NIFTY-I.NFO,22/01/2025,09:44:06,23123.75,23118.85,75,23121.65,100,575,14591725
NIFTY-I.NFO,22/01/2025,09:44:08,23125,23120.85,100,23125.55,100,650,14591725
NIFTY-I.NFO,22/01/2025,09:44:09,23127,23126.15,25,23128,50,950,14591725
NIFTY-I.NFO,22/01/2025,09:44:11,23125.25,23123.6,75,23128.75,100,125,14591725
NIFTY-I.NFO,22/01/2025,09:44:13,23129.55,23124,25,23129.65,100,525,14591725
NIFTY-I.NFO,22/01/2025,09:44:14,23128.6,23122.75,100,23128.6,100,275,14591725
NIFTY-I.NFO,22/01/2025,09:44:16,23129.55,23123.7,50,23128,100,875,14591725
NIFTY-I.NFO,22/01/2025,09:44:18,23127.8,23127.8,275,23128.9,25,125,14591725
NIFTY-I.NFO,22/01/2025,09:44:19,23127.8,23124.95,250,23128.8,100,425,14591725
NIFTY-I.NFO,22/01/2025,09:44:21,23127.95,23125,50,23127.95,100,75,14591725
NIFTY-I.NFO,22/01/2025,09:44:23,23128.85,23125,25,23125.7,25,150,14591725
NIFTY-I.NFO,22/01/2025,09:44:24,23128,23127.95,475,23128.9,25,300,14591725
NIFTY-I.NFO,22/01/2025,09:44:26,23125.1,23125,25,23125.35,50,650,14591725
NIFTY-I.NFO,22/01/2025,09:44:28,23125.35,23124.95,225,23127.6,125,75,14591725
NIFTY-I.NFO,22/01/2025,09:44:29,23124.95,23121.85,50,23127.95,100,525,14591725
NIFTY-I.NFO,22/01/2025,09:44:31,23121.15,23120,250,23124.4,100,125,14591725
NIFTY-I.NFO,22/01/2025,09:44:33,23119.2,23119,25,23120.7,100,400,14591725
NIFTY-I.NFO,22/01/2025,09:44:34,23118,23118,50,23118.6,25,275,14591725
NIFTY-I.NFO,22/01/2025,09:44:36,23118,23115.3,25,23118,75,200,14591725
NIFTY-I.NFO,22/01/2025,09:44:38,23120,23120,275,23121.55,100,100,14591725
NIFTY-I.NFO,22/01/2025,09:44:39,23120,23120,200,23121.95,100,125,14591725
NIFTY-I.NFO,22/01/2025,09:44:41,23118,23115.05,25,23118,25,550,14591725
NIFTY-I.NFO,22/01/2025,09:44:43,23118,23113.65,50,23119.15,100,1000,14591725
NIFTY-I.NFO,22/01/2025,09:44:44,23115.75,23116.25,100,23120,275,1825,14591725
NIFTY-I.NFO,22/01/2025,09:44:46,23120,23118.65,25,23124.15,100,800,14591725
NIFTY-I.NFO,22/01/2025,09:44:48,23123.45,23117,25,23121.9,100,1000,14591725
NIFTY-I.NFO,22/01/2025,09:44:49,23123.45,23117,25,23121.9,100,0,14591725
NIFTY-I.NFO,22/01/2025,09:44:51,23117,23115.9,25,23120,25,50,14591725
NIFTY-I.NFO,22/01/2025,09:44:52,23124.45,23117.5,50,23123.75,200,300,14591725
NIFTY-I.NFO,22/01/2025,09:44:54,23120,23115.95,75,23121.75,75,150,14591725
NIFTY-I.NFO,22/01/2025,09:44:56,23117.05,23114.9,175,23120,50,225,14591725
NIFTY-I.NFO,22/01/2025,09:44:57,23115,23114.15,25,23120,75,275,14591725
NIFTY-I.NFO,22/01/2025,09:44:59,23112.3,23112,125,23113.05,75,1400,14591725
NIFTY-I.NFO,22/01/2025,09:45:01,23105.1,23105.3,100,23110.15,25,3075,14591725
NIFTY-I.NFO,22/01/2025,09:45:02,23112,23106.55,25,23112.65,100,1000,14591725
NIFTY-I.NFO,22/01/2025,09:45:04,23109.2,23109.15,50,23113,550,425,14591725
NIFTY-I.NFO,22/01/2025,09:45:06,23113.7,23113,75,23117.7,25,750,14591725
NIFTY-I.NFO,22/01/2025,09:45:07,23110.95,23110.95,275,23115.45,100,425,14591725
NIFTY-I.NFO,22/01/2025,09:45:09,23110.75,23110.65,50,23117.4,200,2150,14591725
NIFTY-I.NFO,22/01/2025,09:45:11,23112,23112.55,25,23117.95,50,1425,14591725
NIFTY-I.NFO,22/01/2025,09:45:12,23111.6,23112,100,23117,25,850,14591725
NIFTY-I.NFO,22/01/2025,09:45:14,23115.75,23109.4,100,23116.15,50,1200,14591725
NIFTY-I.NFO,22/01/2025,09:45:16,23109.9,23110.35,25,23116.9,150,1275,14591725
NIFTY-I.NFO,22/01/2025,09:45:17,23116.1,23111.95,100,23117,25,150,14591725
NIFTY-I.NFO,22/01/2025,09:45:19,23114.05,23113.75,75,23119,25,450,14591725
NIFTY-I.NFO,22/01/2025,09:45:21,23118.95,23113.75,150,23118.8,50,375,14591725
NIFTY-I.NFO,22/01/2025,09:45:22,23117.5,23117,500,23118.85,7500,200,14591725
NIFTY-I.NFO,22/01/2025,09:45:24,23120,23119.95,100,23122.7,75,10100,14591725
NIFTY-I.NFO,22/01/2025,09:45:26,23117,23117,25,23117.75,25,100,14591725
NIFTY-I.NFO,22/01/2025,09:45:27,23117,23116.1,1000,23117.75,25,200,14591725
NIFTY-I.NFO,22/01/2025,09:45:29,23120.05,23118,100,23119.65,7425,175,14591725
NIFTY-I.NFO,22/01/2025,09:45:31,23118,23118,25,23118.3,25,225,14591725
NIFTY-I.NFO,22/01/2025,09:45:32,23116.1,23116.1,900,23116.5,25,125,14591725
NIFTY-I.NFO,22/01/2025,09:45:34,23116.35,23116.1,750,23117.6,7425,200,14591725
NIFTY-I.NFO,22/01/2025,09:45:36,23117.55,23116.1,625,23117.65,7425,150,14591725
NIFTY-I.NFO,22/01/2025,09:45:37,23116.1,23117,25,23117.65,7425,625,14591725
NIFTY-I.NFO,22/01/2025,09:45:39,23117,23117,25,23117.7,6700,950,14591725
NIFTY-I.NFO,22/01/2025,09:45:41,23115,23115,1700,23117.55,550,300,14591725
NIFTY-I.NFO,22/01/2025,09:45:42,23115,23115,1650,23116.35,75,150,14591725
NIFTY-I.NFO,22/01/2025,09:45:44,23115,23115,1400,23116.35,50,375,14591725
NIFTY-I.NFO,22/01/2025,09:45:46,23116.4,23115,575,23116.7,6675,225,14591725
NIFTY-I.NFO,22/01/2025,09:45:47,23115,23115,775,23116.1,100,325,14591725
NIFTY-I.NFO,22/01/2025,09:45:49,23115.25,23115.25,500,23116.1,100,275,14608375
NIFTY-I.NFO,22/01/2025,09:45:51,23115.25,23115.25,350,23116.1,150,175,14608375
NIFTY-I.NFO,22/01/2025,09:45:52,23115.25,23115.25,50,23116.1,350,350,14608375
NIFTY-I.NFO,22/01/2025,09:45:54,23116.1,23115,450,23115.25,275,250,14608375
NIFTY-I.NFO,22/01/2025,09:45:56,23111,23110.25,250,23111,725,1000,14608375
NIFTY-I.NFO,22/01/2025,09:45:57,23106.5,23105,550,23105.5,25,1275,14608375
NIFTY-I.NFO,22/01/2025,09:45:59,23103.7,23100.05,125,23105.15,75,5425,14608375
NIFTY-I.NFO,22/01/2025,09:46:01,23101.7,23100,50,23102.05,200,250,14608375
NIFTY-I.NFO,22/01/2025,09:46:02,23096.85,23096.85,50,23100,50,5150,14608375
NIFTY-I.NFO,22/01/2025,09:46:02,23092.3,23096.85,50,23100,50,0,14608375
NIFTY-I.NFO,22/01/2025,09:46:04,23093.1,23093.05,175,23098.55,475,1000,14608375
NIFTY-I.NFO,22/01/2025,09:46:06,23096,23095.5,25,23101.95,200,400,14608375
NIFTY-I.NFO,22/01/2025,09:46:07,23100,23098.95,75,23103.65,4850,2400,14608375
NIFTY-I.NFO,22/01/2025,09:46:09,23101.75,23096.1,125,23101.75,125,2050,14608375
NIFTY-I.NFO,22/01/2025,09:46:11,23096.3,23095.05,200,23100,300,325,14608375
NIFTY-I.NFO,22/01/2025,09:46:13,23093.4,23093.4,50,23097,200,2850,14608375
NIFTY-I.NFO,22/01/2025,09:46:14,23100,23097,50,23100,275,375,14608375
NIFTY-I.NFO,22/01/2025,09:46:16,23100,23097,50,23102.15,200,550,14608375
NIFTY-I.NFO,22/01/2025,09:46:18,23098,23095.05,25,23100.85,50,1150,14608375
NIFTY-I.NFO,22/01/2025,09:46:19,23095.1,23095.95,50,23101.9,25,775,14608375
NIFTY-I.NFO,22/01/2025,09:46:21,23100,23097.2,50,23101.75,25,425,14608375
NIFTY-I.NFO,22/01/2025,09:46:23,23098,23098,825,23102.75,50,375,14608375
NIFTY-I.NFO,22/01/2025,09:46:24,23098,23098,625,23099.95,375,350,14608375
NIFTY-I.NFO,22/01/2025,09:46:26,23098.05,23098.05,150,23099.95,575,25,14608375
NIFTY-I.NFO,22/01/2025,09:46:28,23098,23098,725,23099.35,375,850,14608375
NIFTY-I.NFO,22/01/2025,09:46:29,23098.05,23098.05,275,23099.55,375,125,14608375
NIFTY-I.NFO,22/01/2025,09:46:31,23095.95,23092.8,25,23093.95,350,2500,14608375
NIFTY-I.NFO,22/01/2025,09:46:33,23097.2,23095,25,23096.9,375,300,14608375
NIFTY-I.NFO,22/01/2025,09:46:34,23094.95,23091,75,23091.95,350,425,14608375
NIFTY-I.NFO,22/01/2025,09:46:34,23091,23091,75,23091.95,350,0,14608375
NIFTY-I.NFO,22/01/2025,09:46:36,23091,23090.1,125,23092.8,25,425,14608375
NIFTY-I.NFO,22/01/2025,09:46:36,23090.5,23090.1,125,23092.8,25,0,14608375
NIFTY-I.NFO,22/01/2025,09:46:38,23090.75,23092,1000,23094,50,175,14608375
NIFTY-I.NFO,22/01/2025,09:46:39,23095,23092.2,25,23097.1,4875,725,14608375
NIFTY-I.NFO,22/01/2025,09:46:41,23092,23092,750,23097.55,4825,250,14608375
NIFTY-I.NFO,22/01/2025,09:46:43,23096.65,23091.05,25,23095,100,1400,14608375
NIFTY-I.NFO,22/01/2025,09:46:44,23095,23092.5,25,23095.2,2500,2600,14608375
NIFTY-I.NFO,22/01/2025,09:46:46,23094.9,23095.05,25,23098.75,25,1475,14608375
NIFTY-I.NFO,22/01/2025,09:46:48,23093.3,23093.3,175,23098.7,50,700,14608375
NIFTY-I.NFO,22/01/2025,09:46:49,23095.25,23093.7,25,23098.8,8950,200,14608375
NIFTY-I.NFO,22/01/2025,09:46:51,23095,23095,25,23098.8,8800,300,14608375
NIFTY-I.NFO,22/01/2025,09:46:52,23093.05,23093.8,25,23098.8,8775,1250,14608375
NIFTY-I.NFO,22/01/2025,09:46:54,23091.15,23096.1,75,23096.95,25,550,14608375
NIFTY-I.NFO,22/01/2025,09:46:56,23091,23091,125,23096.8,25,375,14608375
NIFTY-I.NFO,22/01/2025,09:46:57,23096.8,23090.75,50,23094.6,25,25,14608375
NIFTY-I.NFO,22/01/2025,09:46:59,23094.15,23091.5,125,23095,25,100,14608375
NIFTY-I.NFO,22/01/2025,09:47:01,23096.65,23091.9,25,23096.4,8750,275,14608375
NIFTY-I.NFO,22/01/2025,09:47:02,23094.5,23095,850,23098,50,1525,14608375
NIFTY-I.NFO,22/01/2025,09:47:04,23097.85,23097.85,75,23098.1,8700,575,14608375
NIFTY-I.NFO,22/01/2025,09:47:06,23092.55,23092.25,900,23096.8,25,325,14608375
NIFTY-I.NFO,22/01/2025,09:47:07,23093.95,23093.9,25,23097.35,8475,125,14608375
NIFTY-I.NFO,22/01/2025,09:47:09,23096,23093.8,200,23096,25,350,14608375
NIFTY-I.NFO,22/01/2025,09:47:11,23096.8,23094.4,25,23096.75,800,350,14608375
NIFTY-I.NFO,22/01/2025,09:47:12,23096.75,23095,25,23096.8,8800,175,14608375
NIFTY-I.NFO,22/01/2025,09:47:14,23094.4,23092,525,23096.15,25,75,14608375
NIFTY-I.NFO,22/01/2025,09:47:16,23092,23092,575,23096.4,25,1000,14608375
NIFTY-I.NFO,22/01/2025,09:47:17,23092,23092.3,200,23096.8,525,300,14608375
NIFTY-I.NFO,22/01/2025,09:47:19,23094.35,23094.8,75,23096.8,525,200,14608375
NIFTY-I.NFO,22/01/2025,09:47:21,23098.05,23097.9,250,23099,25,1825,14608375
NIFTY-I.NFO,22/01/2025,09:47:22,23098.3,23098.3,300,23099,100,550,14608375
NIFTY-I.NFO,22/01/2025,09:47:24,23094.6,23095.2,25,23099,250,775,14608375
NIFTY-I.NFO,22/01/2025,09:47:26,23099,23096.8,350,23098.25,25,250,14608375
NIFTY-I.NFO,22/01/2025,09:47:27,23098.25,23096.8,375,23098.3,7475,25,14608375
NIFTY-I.NFO,22/01/2025,09:47:29,23097.35,23097.35,325,23098.35,7425,75,14608375
NIFTY-I.NFO,22/01/2025,09:47:31,23098.35,23098.3,150,23098.55,325,5950,14608375
NIFTY-I.NFO,22/01/2025,09:47:32,23101.35,23101.35,25,23103,500,10800,14608375
NIFTY-I.NFO,22/01/2025,09:47:34,23098.6,23098.55,25,23098.6,50,425,14608375
NIFTY-I.NFO,22/01/2025,09:47:36,23098.55,23097.75,325,23098.55,225,675,14608375
NIFTY-I.NFO,22/01/2025,09:47:37,23102.2,23101.7,175,23103.85,650,9375,14608375
NIFTY-I.NFO,22/01/2025,09:47:39,23103.85,23103.35,125,23103.85,100,600,14608375
NIFTY-I.NFO,22/01/2025,09:47:41,23103.85,23103.35,75,23103.9,7500,150,14608375
NIFTY-I.NFO,22/01/2025,09:47:42,23103.9,23100.2,50,23105,100,325,14608375
NIFTY-I.NFO,22/01/2025,09:47:44,23108.05,23108.05,25,23110,75,7825,14608375
NIFTY-I.NFO,22/01/2025,09:47:46,23111.85,23105.6,950,23111.65,200,1575,14608375
NIFTY-I.NFO,22/01/2025,09:47:47,23105.05,23104.1,75,23107.55,200,50,14608375
NIFTY-I.NFO,22/01/2025,09:47:49,23108.55,23105,400,23108,50,200,14608375
NIFTY-I.NFO,22/01/2025,09:47:51,23104.1,23104,25,23107.95,200,375,14608375
NIFTY-I.NFO,22/01/2025,09:47:52,23107.4,23105.05,250,23106.75,150,125,14608375
NIFTY-I.NFO,22/01/2025,09:47:54,23108.45,23105.05,125,23108.35,775,1350,14608375
NIFTY-I.NFO,22/01/2025,09:47:56,23105.9,23104.1,25,23104.9,25,175,14608375
NIFTY-I.NFO,22/01/2025,09:47:57,23107.9,23102,25,23107,25,575,14608375
NIFTY-I.NFO,22/01/2025,09:47:59,23105,23105,225,23106.35,25,50,14608375
NIFTY-I.NFO,22/01/2025,09:48:01,23102,23101.7,50,23107.1,25,750,14608375
NIFTY-I.NFO,22/01/2025,09:48:02,23102,23102.65,25,23107.95,50,325,14608375
NIFTY-I.NFO,22/01/2025,09:48:04,23107.75,23103,25,23107.9,25,50,14608375
NIFTY-I.NFO,22/01/2025,09:48:06,23106.75,23101.9,50,23107.75,50,350,14608375
NIFTY-I.NFO,22/01/2025,09:48:07,23106.65,23100.8,50,23106.7,25,50,14608375
NIFTY-I.NFO,22/01/2025,09:48:09,23107.15,23100.9,525,23107,75,25,14608375
NIFTY-I.NFO,22/01/2025,09:48:11,23105.75,23100.3,50,23106.9,25,100,14608375
NIFTY-I.NFO,22/01/2025,09:48:13,23105.85,23102,25,23104.85,75,50,14608375
NIFTY-I.NFO,22/01/2025,09:48:14,23101.1,23101.6,150,23107.15,25,150,14608375
NIFTY-I.NFO,22/01/2025,09:48:16,23105,23103.5,25,23107.1,75,350,14608375
NIFTY-I.NFO,22/01/2025,09:48:18,23102,23100.6,25,23105.05,125,125,14608375
NIFTY-I.NFO,22/01/2025,09:48:19,23103.45,23100,650,23103.55,125,75,14608375
NIFTY-I.NFO,22/01/2025,09:48:21,23103.45,23100,775,23104.4,75,0,14608375
NIFTY-I.NFO,22/01/2025,09:48:23,23103.45,23100,775,23105.2,25,0,14608375
NIFTY-I.NFO,22/01/2025,09:48:24,23100.55,23100.5,200,23103.45,25,500,14608375
NIFTY-I.NFO,22/01/2025,09:48:26,23103.45,23100.15,50,23104.55,50,650,14608375
NIFTY-I.NFO,22/01/2025,09:48:28,23101.05,23100,225,23101.1,350,2150,14608375
NIFTY-I.NFO,22/01/2025,09:48:29,23099.75,23098.55,25,23100.15,50,250,14608375
NIFTY-I.NFO,22/01/2025,09:48:31,23099.95,23096,150,23099.8,25,150,14608375
NIFTY-I.NFO,22/01/2025,09:48:33,23100,23096,100,23100.85,25,350,14608375
NIFTY-I.NFO,22/01/2025,09:48:34,23099.7,23100,2400,23101.6,25,275,14608375
NIFTY-I.NFO,22/01/2025,09:48:36,23100,23100,2225,23100.15,25,200,14608375
NIFTY-I.NFO,22/01/2025,09:48:38,23100,23100.05,75,23100.15,25,375,14608375
NIFTY-I.NFO,22/01/2025,09:48:39,23100,23100,1800,23102.05,50,150,14608375
NIFTY-I.NFO,22/01/2025,09:48:41,23102.05,23100,1775,23100.95,25,150,14608375
NIFTY-I.NFO,22/01/2025,09:48:43,23099.95,23096,75,23099.9,25,2275,14608375
NIFTY-I.NFO,22/01/2025,09:48:44,23095,23095.05,125,23099.7,25,225,14608375
NIFTY-I.NFO,22/01/2025,09:48:46,23094.7,23095.55,400,23099.8,25,675,14608375
NIFTY-I.NFO,22/01/2025,09:48:48,23096.4,23095.15,375,23100,175,300,14608375
NIFTY-I.NFO,22/01/2025,09:48:49,23095.85,23095,375,23099.95,25,50,14611350
NIFTY-I.NFO,22/01/2025,09:48:51,23095.7,23095.9,350,23100,50,500,14611350
NIFTY-I.NFO,22/01/2025,09:48:53,23096,23095.65,450,23100,75,200,14611350
NIFTY-I.NFO,22/01/2025,09:48:54,23096,23095,425,23099.8,75,0,14611350
NIFTY-I.NFO,22/01/2025,09:48:56,23096,23095.05,425,23100,75,75,14611350
NIFTY-I.NFO,22/01/2025,09:48:58,23095,23095,350,23099.35,25,200,14611350
NIFTY-I.NFO,22/01/2025,09:48:59,23095,23095,275,23098.8,25,100,14611350
NIFTY-I.NFO,22/01/2025,09:49:01,23095,23095,100,23098.2,50,100,14611350
NIFTY-I.NFO,22/01/2025,09:49:03,23095,23095,50,23098.25,25,50,14611350
NIFTY-I.NFO,22/01/2025,09:49:04,23093.8,23093.75,275,23099,25,75,14611350
NIFTY-I.NFO,22/01/2025,09:49:06,23099,23095.4,375,23100,225,125,14611350
NIFTY-I.NFO,22/01/2025,09:49:08,23097.85,23095.05,75,23098.35,100,225,14611350
NIFTY-I.NFO,22/01/2025,09:49:09,23095,23093,200,23098.65,25,50,14611350
NIFTY-I.NFO,22/01/2025,09:49:11,23093,23093,275,23095.05,25,50,14611350
NIFTY-I.NFO,22/01/2025,09:49:13,23093,23093,25,23096.85,25,475,14611350
NIFTY-I.NFO,22/01/2025,09:49:14,23092.5,23092.1,25,23095,100,250,14611350
NIFTY-I.NFO,22/01/2025,09:49:16,23098.85,23093.65,175,23099,50,275,14611350
NIFTY-I.NFO,22/01/2025,09:49:18,23093.7,23093.35,200,23099,50,75,14611350
NIFTY-I.NFO,22/01/2025,09:49:19,23093.35,23095.3,125,23099,50,25,14611350
NIFTY-I.NFO,22/01/2025,09:49:21,23100,23098.3,25,23103,25,750,14611350
NIFTY-I.NFO,22/01/2025,09:49:23,23096.7,23097.45,25,23103,25,1475,14611350
NIFTY-I.NFO,22/01/2025,09:49:24,23096.8,23097.4,50,23103,25,50,14611350
NIFTY-I.NFO,22/01/2025,09:49:26,23096.45,23095.7,225,23098.85,50,175,14611350
NIFTY-I.NFO,22/01/2025,09:49:28,23095.05,23095.7,200,23100,375,125,14611350
NIFTY-I.NFO,22/01/2025,09:49:29,23103,23096.6,25,23102.9,50,3350,14611350
NIFTY-I.NFO,22/01/2025,09:49:31,23100,23097.5,25,23102.95,150,100,14611350
NIFTY-I.NFO,22/01/2025,09:49:33,23097.75,23098.6,150,23102.95,150,350,14611350
NIFTY-I.NFO,22/01/2025,09:49:34,23097.75,23097.95,25,23102.95,150,25,14611350
NIFTY-I.NFO,22/01/2025,09:49:36,23100,23098.2,300,23100,100,275,14611350
NIFTY-I.NFO,22/01/2025,09:49:38,23101.25,23101.25,125,23103,25,125,14611350
NIFTY-I.NFO,22/01/2025,09:49:39,23103,23102.2,300,23103,25,125,14611350
NIFTY-I.NFO,22/01/2025,09:49:41,23100.2,23100.25,150,23105.6,75,575,14611350
NIFTY-I.NFO,22/01/2025,09:49:43,23100.35,23100.7,300,23105,150,100,14611350
NIFTY-I.NFO,22/01/2025,09:49:44,23100.35,23102.2,300,23105,150,0,14611350
NIFTY-I.NFO,22/01/2025,09:49:46,23102,23100.35,50,23105.75,75,350,14611350
NIFTY-I.NFO,22/01/2025,09:49:48,23102,23102.95,25,23105,25,0,14611350
NIFTY-I.NFO,22/01/2025,09:49:49,23104.95,23101,1700,23104.95,50,175,14611350
NIFTY-I.NFO,22/01/2025,09:49:51,23101,23101,1575,23104.7,25,125,14611350
NIFTY-I.NFO,22/01/2025,09:49:52,23103.85,23101,1575,23103.85,25,75,14611350
NIFTY-I.NFO,22/01/2025,09:49:54,23100.35,23098.05,25,23101.95,25,1650,14611350
NIFTY-I.NFO,22/01/2025,09:49:56,23100.35,23100.35,75,23101,25,25,14611350
NIFTY-I.NFO,22/01/2025,09:49:57,23103.55,23100.35,25,23103.15,25,150,14611350
NIFTY-I.NFO,22/01/2025,09:49:59,23098.05,23098.25,200,23103.65,25,100,14611350
NIFTY-I.NFO,22/01/2025,09:50:01,23101.95,23097.2,275,23100,25,50,14611350
NIFTY-I.NFO,22/01/2025,09:50:02,23104.1,23103.1,25,23104.1,75,275,14611350
NIFTY-I.NFO,22/01/2025,09:50:04,23098.75,23099.85,25,23105,225,250,14611350
NIFTY-I.NFO,22/01/2025,09:50:06,23100.8,23101.3,25,23105,200,125,14611350
NIFTY-I.NFO,22/01/2025,09:50:07,23101.7,23102.25,25,23105,200,175,14611350
NIFTY-I.NFO,22/01/2025,09:50:09,23109.7,23102.5,25,23108.2,175,475,14611350
NIFTY-I.NFO,22/01/2025,09:50:11,23100.05,23100.05,75,23104.1,200,375,14611350
NIFTY-I.NFO,22/01/2025,09:50:12,23104.1,23100.05,75,23104.1,175,50,14611350
NIFTY-I.NFO,22/01/2025,09:50:14,23104.1,23100.7,25,23104.1,100,100,14611350
NIFTY-I.NFO,22/01/2025,09:50:16,23100.6,23100.25,25,23104.1,125,100,14611350
NIFTY-I.NFO,22/01/2025,09:50:17,23104.05,23100.3,50,23101.45,200,50,14611350
NIFTY-I.NFO,22/01/2025,09:50:19,23100.6,23097,1225,23099.6,75,800,14611350
NIFTY-I.NFO,22/01/2025,09:50:21,23100.1,23097,1225,23100.1,50,175,14611350
NIFTY-I.NFO,22/01/2025,09:50:23,23097,23100,25,23103,25,50,14611350
NIFTY-I.NFO,22/01/2025,09:50:24,23102.2,23101.7,150,23104.1,50,75,14611350
NIFTY-I.NFO,22/01/2025,09:50:26,23104.05,23104.6,25,23109.8,25,325,14611350
NIFTY-I.NFO,22/01/2025,09:50:28,23111.95,23105.75,25,23110.8,50,2025,14611350
NIFTY-I.NFO,22/01/2025,09:50:29,23108.7,23104.7,175,23106.9,200,2050,14611350
NIFTY-I.NFO,22/01/2025,09:50:31,23103.45,23100,50,23103.25,25,250,14611350
NIFTY-I.NFO,22/01/2025,09:50:33,23104.7,23100,275,23104.3,175,1100,14611350
NIFTY-I.NFO,22/01/2025,09:50:34,23100,23100,25,23104.5,175,1350,14611350
NIFTY-I.NFO,22/01/2025,09:50:36,23100,23100,25,23104.3,175,25,14611350
NIFTY-I.NFO,22/01/2025,09:50:38,23103.7,23100,25,23103.55,25,175,14611350
NIFTY-I.NFO,22/01/2025,09:50:39,23104.5,23100,75,23105.15,150,50,14611350
NIFTY-I.NFO,22/01/2025,09:50:41,23100.15,23100,50,23104.5,100,50,14611350
NIFTY-I.NFO,22/01/2025,09:50:43,23100.15,23100.5,25,23104.35,150,0,14611350
NIFTY-I.NFO,22/01/2025,09:50:44,23100,23100,25,23100.5,100,450,14611350
NIFTY-I.NFO,22/01/2025,09:50:46,23098.1,23098.05,25,23103.9,150,150,14611350
NIFTY-I.NFO,22/01/2025,09:50:48,23100,23100,125,23103.35,25,125,14611350
NIFTY-I.NFO,22/01/2025,09:50:49,23100.5,23100,100,23103.65,125,75,14611350
NIFTY-I.NFO,22/01/2025,09:50:51,23100,23100,50,23103.15,125,50,14611350
NIFTY-I.NFO,22/01/2025,09:50:53,23098,23098,175,23100,25,125,14611350
NIFTY-I.NFO,22/01/2025,09:50:54,23098,23098,75,23102.15,25,150,14611350
NIFTY-I.NFO,22/01/2025,09:50:56,23097,23097,1225,23102.1,25,650,14611350
NIFTY-I.NFO,22/01/2025,09:50:58,23097.15,23100,1000,23102.6,150,125,14611350
NIFTY-I.NFO,22/01/2025,09:50:59,23097,23097,1200,23101.7,175,1025,14611350
NIFTY-I.NFO,22/01/2025,09:51:01,23101.9,23097.05,25,23101.7,175,250,14611350
NIFTY-I.NFO,22/01/2025,09:51:03,23102.35,23097.65,25,23101.95,175,100,14611350
NIFTY-I.NFO,22/01/2025,09:51:04,23101.7,23097.4,200,23101.9,25,225,14611350
NIFTY-I.NFO,22/01/2025,09:51:06,23098.1,23098.2,200,23101.9,25,75,14611350
NIFTY-I.NFO,22/01/2025,09:51:08,23098.55,23098.7,25,23102,25,225,14611350
NIFTY-I.NFO,22/01/2025,09:51:09,23099.05,23100,25,23102,25,25,14611350
NIFTY-I.NFO,22/01/2025,09:51:11,23098.75,23099.75,25,23102.35,25,125,14611350
NIFTY-I.NFO,22/01/2025,09:51:13,23099.75,23098.65,50,23104.7,150,50,14611350
NIFTY-I.NFO,22/01/2025,09:51:14,23105,23100.05,100,23105,275,75,14611350
