Ticker,Date,Time,LTP,BuyPrice,BuyQty,SellPrice,SellQty,LTQ,OpenInterest
BANKNIFTY-II.NFO,07/03/2025,09:15:25,49022.55,49000.05,120,49029.45,120,30,600240
BANKNIFTY-II.NFO,07/03/2025,09:15:25,49022.55,49000.05,120,49029.45,120,0,600240
BANKNIFTY-II.NFO,07/03/2025,09:15:25,49022.55,49000.05,120,49029.45,120,0,600240
BANKNIFTY-II.NFO,07/03/2025,09:15:25,49022.55,49000.05,120,49029.45,120,0,600240
BANKNIFTY-II.NFO,07/03/2025,09:15:26,49022.55,49000.4,120,49033.6,120,0,600240
BANKNIFTY-II.NFO,07/03/2025,09:15:28,49022.55,49000.05,120,49025.65,120,0,600240
BANKNIFTY-II.NFO,07/03/2025,09:15:30,48989.85,49000.05,60,49017.3,120,90,600240
BANKNIFTY-II.NFO,07/03/2025,09:15:30,48989.85,49000.05,60,49017.3,120,0,600240
BANKNIFTY-II.NFO,07/03/2025,09:15:31,48989.85,49000,150,49014.55,120,0,600240
BANKNIFTY-II.NFO,07/03/2025,09:15:33,48989.85,49000,150,49012.6,120,0,600240
BANKNIFTY-II.NFO,07/03/2025,09:15:35,49000,49000,120,49008.9,30,30,600240
BANKNIFTY-II.NFO,07/03/2025,09:15:38,49000,49000,90,49006.95,30,30,600240
BANKNIFTY-II.NFO,07/03/2025,09:15:39,49000,49000,90,49004.4,30,0,600240
BANKNIFTY-II.NFO,07/03/2025,09:15:41,49000,48975.9,90,48995.85,120,90,600240
BANKNIFTY-II.NFO,07/03/2025,09:15:43,49000,48975.9,90,48993.95,120,0,600240
BANKNIFTY-II.NFO,07/03/2025,09:15:44,49000,48972.4,60,48993.95,120,0,600240
BANKNIFTY-II.NFO,07/03/2025,09:15:46,49000,48963.7,60,48987.5,120,0,600240
BANKNIFTY-II.NFO,07/03/2025,09:15:48,49000,48963.7,90,48983.9,120,0,600240
BANKNIFTY-II.NFO,07/03/2025,09:15:49,49000,48965.5,60,48986.7,30,0,600240
BANKNIFTY-II.NFO,07/03/2025,09:15:51,49000,48965.5,60,48987.45,30,0,600240
BANKNIFTY-II.NFO,07/03/2025,09:15:53,49000,48964.8,60,48985.5,30,0,600240
BANKNIFTY-II.NFO,07/03/2025,09:15:54,49000,48961.7,90,48982.45,30,0,600240
BANKNIFTY-II.NFO,07/03/2025,09:15:56,49000,48965.05,90,48982,30,0,600240
BANKNIFTY-II.NFO,07/03/2025,09:15:57,49000,48980,90,48984.1,30,0,600240
BANKNIFTY-II.NFO,07/03/2025,09:15:59,49000,48980,90,48983.6,30,0,600240
BANKNIFTY-II.NFO,07/03/2025,09:16:01,48977.35,48965.05,60,48977.4,30,120,600240
BANKNIFTY-II.NFO,07/03/2025,09:16:01,48977.35,48965.05,60,48977.4,30,0,600240
BANKNIFTY-II.NFO,07/03/2025,09:16:02,48965,48950,30,48950.05,30,60,600240
BANKNIFTY-II.NFO,07/03/2025,09:16:02,48965,48950,30,48950.05,30,0,600240
BANKNIFTY-II.NFO,07/03/2025,09:16:04,48950,48950.1,90,48971,30,30,600240
BANKNIFTY-II.NFO,07/03/2025,09:16:04,48950,48950.1,90,48971,30,0,600240
BANKNIFTY-II.NFO,07/03/2025,09:16:06,48960.1,48950,30,48960.35,90,60,600240
BANKNIFTY-II.NFO,07/03/2025,09:16:07,48943.05,48940.7,60,48958.8,120,120,600240
BANKNIFTY-II.NFO,07/03/2025,09:16:07,48943.05,48940.7,60,48958.8,120,0,600240
BANKNIFTY-II.NFO,07/03/2025,09:16:09,48964.1,48946.45,120,48965.8,120,30,600240
BANKNIFTY-II.NFO,07/03/2025,09:16:10,48968.95,48946.5,120,48968.95,120,30,600240
BANKNIFTY-II.NFO,07/03/2025,09:16:12,48968.95,48953.4,120,48976.2,120,0,600240
BANKNIFTY-II.NFO,07/03/2025,09:16:14,48968.95,48962.45,150,48986,120,0,600240
BANKNIFTY-II.NFO,07/03/2025,09:16:15,48968.95,48973.55,120,48995.15,120,0,600240
BANKNIFTY-II.NFO,07/03/2025,09:16:17,48968.95,48990,30,48996.95,150,0,600240
BANKNIFTY-II.NFO,07/03/2025,09:16:19,48996.95,48990,30,48997,30,30,600240
BANKNIFTY-II.NFO,07/03/2025,09:16:20,48996.95,48990.05,150,48997,30,0,600240
BANKNIFTY-II.NFO,07/03/2025,09:16:22,49005,49000.7,150,49022.35,120,120,600240
BANKNIFTY-II.NFO,07/03/2025,09:16:24,49005,49001.4,120,49019.55,90,0,600240
BANKNIFTY-II.NFO,07/03/2025,09:16:25,49005,49001.5,120,49021.95,90,0,600240
BANKNIFTY-II.NFO,07/03/2025,09:16:27,49005,49002.8,120,49024.4,120,0,600240
BANKNIFTY-II.NFO,07/03/2025,09:16:28,49005,49009.4,120,49029.3,60,0,600240
BANKNIFTY-II.NFO,07/03/2025,09:16:30,49010,49027.05,120,49046.1,150,30,600240
BANKNIFTY-II.NFO,07/03/2025,09:16:32,49010,49027.15,120,49045.65,120,0,600240
BANKNIFTY-II.NFO,07/03/2025,09:16:33,49010,49030.05,120,49051.55,150,0,600240
BANKNIFTY-II.NFO,07/03/2025,09:16:35,49010,49036.4,120,49054.15,120,0,600240
BANKNIFTY-II.NFO,07/03/2025,09:16:37,49050.5,49035.3,60,49049.8,90,30,600240
BANKNIFTY-II.NFO,07/03/2025,09:16:37,49050.5,49035.3,60,49049.8,90,0,600240
BANKNIFTY-II.NFO,07/03/2025,09:16:38,49050.5,49036.05,150,49057.3,90,0,600240
BANKNIFTY-II.NFO,07/03/2025,09:16:40,49056.2,49038.85,120,49057.1,90,30,600240
BANKNIFTY-II.NFO,07/03/2025,09:16:40,49056.2,49038.85,120,49057.1,90,0,600240
BANKNIFTY-II.NFO,07/03/2025,09:16:42,49056.2,49040.75,150,49058.25,60,0,600240
BANKNIFTY-II.NFO,07/03/2025,09:16:43,49056.2,49042.5,150,49061.25,30,0,600240
BANKNIFTY-II.NFO,07/03/2025,09:16:45,49060.5,49045.05,120,49059.7,30,60,600240
BANKNIFTY-II.NFO,07/03/2025,09:16:45,49061.4,49045.05,120,49059.7,30,0,600240
BANKNIFTY-II.NFO,07/03/2025,09:16:47,49060.5,49045.3,120,49068.75,30,0,600240
BANKNIFTY-II.NFO,07/03/2025,09:16:48,49060.5,49060.35,150,49077,30,0,600240
BANKNIFTY-II.NFO,07/03/2025,09:16:50,49060.5,49057.6,120,49073.45,30,0,600240
BANKNIFTY-II.NFO,07/03/2025,09:16:51,49060.5,49054.8,120,49074.45,90,0,600240
BANKNIFTY-II.NFO,07/03/2025,09:16:53,49060.5,49054.05,120,49075.45,60,0,600240
BANKNIFTY-II.NFO,07/03/2025,09:16:55,49060.5,49050,30,49062.65,30,30,600240
BANKNIFTY-II.NFO,07/03/2025,09:16:56,49060.5,49044,120,49065.05,60,0,600240
BANKNIFTY-II.NFO,07/03/2025,09:16:58,49060.5,49060.5,30,49061.85,30,0,600240
BANKNIFTY-II.NFO,07/03/2025,09:17:00,49060.5,49044.3,60,49058.25,60,30,600240
BANKNIFTY-II.NFO,07/03/2025,09:17:01,49060.5,49036,120,49053.05,60,0,600240
BANKNIFTY-II.NFO,07/03/2025,09:17:03,49060.5,49039.25,120,49058.2,30,0,600240
BANKNIFTY-II.NFO,07/03/2025,09:17:04,49039.2,49036,150,49051.75,60,30,600240
BANKNIFTY-II.NFO,07/03/2025,09:17:06,49039.2,49039,60,49055,30,0,600240
BANKNIFTY-II.NFO,07/03/2025,09:17:08,49039.2,49039.45,150,49058.2,60,0,600240
BANKNIFTY-II.NFO,07/03/2025,09:17:09,49039.2,49048.65,60,49058.2,30,0,600240
BANKNIFTY-II.NFO,07/03/2025,09:17:11,49039.2,49048.7,120,49058.2,30,0,600240
BANKNIFTY-II.NFO,07/03/2025,09:17:13,49039.2,49048.75,120,49058.2,30,0,600240
BANKNIFTY-II.NFO,07/03/2025,09:17:14,49039.2,49049.5,120,49058.2,30,0,600240
BANKNIFTY-II.NFO,07/03/2025,09:17:16,49051.1,49054.1,150,49058.2,30,30,600240
BANKNIFTY-II.NFO,07/03/2025,09:17:17,49051.1,49055.65,60,49058.2,30,0,600240
BANKNIFTY-II.NFO,07/03/2025,09:17:19,49058.2,49051.3,120,49069.9,60,30,600240
BANKNIFTY-II.NFO,07/03/2025,09:17:21,49058.2,49048.8,120,49062.85,60,0,600240
BANKNIFTY-II.NFO,07/03/2025,09:17:22,49058.2,49051.15,120,49065.5,90,0,600240
BANKNIFTY-II.NFO,07/03/2025,09:17:24,49058.2,49051.15,150,49066.7,60,0,600240
BANKNIFTY-II.NFO,07/03/2025,09:17:26,49058.2,49051.15,120,49066.5,60,0,600240
BANKNIFTY-II.NFO,07/03/2025,09:17:27,49058.2,49052.05,120,49072.7,90,0,600240
BANKNIFTY-II.NFO,07/03/2025,09:17:29,49058.2,49057,180,49076.95,60,0,600240
BANKNIFTY-II.NFO,07/03/2025,09:17:31,49058.2,49063.2,150,49077,30,90,600240
BANKNIFTY-II.NFO,07/03/2025,09:17:32,49058.2,49063.2,60,49076.95,60,0,600240
BANKNIFTY-II.NFO,07/03/2025,09:17:34,49063.2,49051.15,150,49067.15,90,30,600240
BANKNIFTY-II.NFO,07/03/2025,09:17:34,49063.2,49051.15,150,49067.15,90,0,600240
BANKNIFTY-II.NFO,07/03/2025,09:17:35,49063.2,49051.85,150,49068.9,60,0,600240
BANKNIFTY-II.NFO,07/03/2025,09:17:37,49063.2,49051.15,150,49068.8,60,0,600240
BANKNIFTY-II.NFO,07/03/2025,09:17:39,49051.15,49051.15,150,49067.4,90,30,600240
BANKNIFTY-II.NFO,07/03/2025,09:17:40,49051.15,49051.1,30,49066.2,90,0,600240
BANKNIFTY-II.NFO,07/03/2025,09:17:42,49065.35,49051.15,150,49068.35,90,30,600240
BANKNIFTY-II.NFO,07/03/2025,09:17:42,49065.35,49051.15,150,49068.35,90,0,600240
BANKNIFTY-II.NFO,07/03/2025,09:17:44,49051.15,49051.15,90,49068,120,90,600240
BANKNIFTY-II.NFO,07/03/2025,09:17:45,49051.15,49051.1,30,49065.3,120,0,600240
BANKNIFTY-II.NFO,07/03/2025,09:17:47,49063.1,49051.35,90,49069.9,120,30,600240
BANKNIFTY-II.NFO,07/03/2025,09:17:48,49063.1,49051.2,90,49070.55,120,0,600240
BANKNIFTY-II.NFO,07/03/2025,09:17:50,49068.05,49051.1,30,49060.45,150,30,600240
BANKNIFTY-II.NFO,07/03/2025,09:17:50,49068.05,49051.1,30,49060.45,150,0,600240
BANKNIFTY-II.NFO,07/03/2025,09:17:52,49068.05,49051.1,30,49061.75,120,0,600240
BANKNIFTY-II.NFO,07/03/2025,09:17:53,49068.05,49051.1,30,49060.6,120,0,600240
BANKNIFTY-II.NFO,07/03/2025,09:17:55,49068.05,49051.15,120,49067.6,120,0,600240
BANKNIFTY-II.NFO,07/03/2025,09:17:56,49068.05,49053.75,210,49070.55,120,0,600240
BANKNIFTY-II.NFO,07/03/2025,09:17:58,49068.05,49058.85,150,49076.95,150,0,600240
BANKNIFTY-II.NFO,07/03/2025,09:18:00,49068.05,49059.3,150,49076.85,150,0,600240
BANKNIFTY-II.NFO,07/03/2025,09:18:01,49068.05,49059.35,60,49074.3,120,0,600240
BANKNIFTY-II.NFO,07/03/2025,09:18:03,49069.95,49052.9,210,49070.15,90,30,600240
BANKNIFTY-II.NFO,07/03/2025,09:18:03,49069.95,49052.9,210,49070.15,90,0,600240
BANKNIFTY-II.NFO,07/03/2025,09:18:05,49069.95,49053.4,150,49068.95,90,0,600240
BANKNIFTY-II.NFO,07/03/2025,09:18:06,49069.95,49053.9,120,49071.75,120,0,600240
BANKNIFTY-II.NFO,07/03/2025,09:18:08,49069.95,49059.45,120,49076.95,120,0,600240
BANKNIFTY-II.NFO,07/03/2025,09:18:09,49069.95,49061.45,150,49076.95,120,0,600240
BANKNIFTY-II.NFO,07/03/2025,09:18:11,49069.95,49061.6,120,49076.95,120,0,600240
BANKNIFTY-II.NFO,07/03/2025,09:18:13,49069.95,49053.45,120,49071.25,90,0,600240
BANKNIFTY-II.NFO,07/03/2025,09:18:14,49069.95,49053.3,30,49061.85,120,0,600240
BANKNIFTY-II.NFO,07/03/2025,09:18:16,49053.3,49051.1,30,49063.9,120,30,600240
BANKNIFTY-II.NFO,07/03/2025,09:18:17,49053.3,49051.15,120,49067.05,90,0,600240
BANKNIFTY-II.NFO,07/03/2025,09:18:19,49053.3,49053.45,150,49069.5,90,0,600240
BANKNIFTY-II.NFO,07/03/2025,09:18:21,49053.3,49056.9,150,49074.7,90,0,600240
BANKNIFTY-II.NFO,07/03/2025,09:18:22,49053.3,49053.45,60,49068.2,90,0,600240
BANKNIFTY-II.NFO,07/03/2025,09:18:24,49053.3,49053.45,60,49064.8,90,0,600240
BANKNIFTY-II.NFO,07/03/2025,09:18:25,49053.3,49051.1,30,49062.85,90,0,600240
BANKNIFTY-II.NFO,07/03/2025,09:18:27,49053.3,49051.15,120,49064.15,30,0,600240
BANKNIFTY-II.NFO,07/03/2025,09:18:29,49053.3,49051.35,120,49072.55,90,0,600240
BANKNIFTY-II.NFO,07/03/2025,09:18:30,49053.3,49057.9,120,49075.4,90,0,600240
BANKNIFTY-II.NFO,07/03/2025,09:18:32,49053.3,49051.35,150,49058.8,30,0,600240
BANKNIFTY-II.NFO,07/03/2025,09:18:33,49053.3,49051.15,150,49058.8,30,0,600240
BANKNIFTY-II.NFO,07/03/2025,09:18:35,49053.3,49051.1,30,49058.8,30,0,600240
BANKNIFTY-II.NFO,07/03/2025,09:18:37,49053.3,49051.15,120,49058.8,30,0,600240
BANKNIFTY-II.NFO,07/03/2025,09:18:38,49053.3,49053.05,120,49058.8,30,0,600240
BANKNIFTY-II.NFO,07/03/2025,09:18:40,49058.8,49052.95,120,49071.6,90,30,600240
BANKNIFTY-II.NFO,07/03/2025,09:18:41,49058.8,49055.4,60,49069.65,120,0,600120
BANKNIFTY-II.NFO,07/03/2025,09:18:43,49055.45,49055.45,150,49070.35,120,60,600120
BANKNIFTY-II.NFO,07/03/2025,09:18:44,49055.45,49055.55,60,49069.5,120,0,600120
BANKNIFTY-II.NFO,07/03/2025,09:18:46,49055.45,49055.6,60,49068.6,90,0,600120
BANKNIFTY-II.NFO,07/03/2025,09:18:48,49055.45,49055.6,60,49067.95,120,0,600120
BANKNIFTY-II.NFO,07/03/2025,09:18:49,49055.45,49055.75,60,49066.5,90,0,600120
BANKNIFTY-II.NFO,07/03/2025,09:18:51,49055.45,49055.85,60,49067.6,90,0,600120
BANKNIFTY-II.NFO,07/03/2025,09:18:52,49055.45,49055.9,60,49068.6,120,0,600120
BANKNIFTY-II.NFO,07/03/2025,09:18:54,49055.45,49060,30,49073.45,90,0,600120
BANKNIFTY-II.NFO,07/03/2025,09:18:56,49055.45,49060.05,120,49074.2,90,0,600120
BANKNIFTY-II.NFO,07/03/2025,09:18:57,49055.45,49060,30,49075.65,90,0,600120
BANKNIFTY-II.NFO,07/03/2025,09:18:59,49071.6,49060,30,49071.6,60,30,600120
BANKNIFTY-II.NFO,07/03/2025,09:18:59,49071.6,49060,30,49071.6,60,0,600120
BANKNIFTY-II.NFO,07/03/2025,09:19:00,49071.6,49060,30,49068.95,90,0,600120
BANKNIFTY-II.NFO,07/03/2025,09:19:02,49061.6,49055.45,30,49064.6,60,120,600120
BANKNIFTY-II.NFO,07/03/2025,09:19:03,49061.6,49055.45,90,49067.3,30,0,600120
BANKNIFTY-II.NFO,07/03/2025,09:19:05,49061.6,49055.45,90,49069.9,30,0,600120
BANKNIFTY-II.NFO,07/03/2025,09:19:07,49061.6,49055.5,120,49070.15,30,0,600120
BANKNIFTY-II.NFO,07/03/2025,09:19:08,49061.6,49055.5,120,49071.05,30,0,600120
BANKNIFTY-II.NFO,07/03/2025,09:19:10,49061.6,49055.5,150,49071.6,30,0,600120
BANKNIFTY-II.NFO,07/03/2025,09:19:12,49061.6,49055.5,150,49073.3,30,0,600120
BANKNIFTY-II.NFO,07/03/2025,09:19:13,49061.6,49055.5,150,49074.35,30,0,600120
BANKNIFTY-II.NFO,07/03/2025,09:19:15,49061.5,49055.5,150,49071.5,60,60,600120
BANKNIFTY-II.NFO,07/03/2025,09:19:16,49061.5,49055.5,150,49069.55,60,0,600120
BANKNIFTY-II.NFO,07/03/2025,09:19:18,49070.3,49055.5,120,49070.5,30,30,600120
BANKNIFTY-II.NFO,07/03/2025,09:19:20,49070.3,49055.45,90,49066.55,30,0,600120
BANKNIFTY-II.NFO,07/03/2025,09:19:21,49055.5,49059,150,49073.95,60,30,600120
BANKNIFTY-II.NFO,07/03/2025,09:19:23,49055.5,49062.5,150,49075.45,30,0,600120
BANKNIFTY-II.NFO,07/03/2025,09:19:26,49065.45,49065.45,30,49075.45,30,30,600120
BANKNIFTY-II.NFO,07/03/2025,09:19:28,49066.65,49061.5,120,49075.45,30,30,600120
BANKNIFTY-II.NFO,07/03/2025,09:19:29,49075.4,49060.9,150,49075.45,30,30,600120
BANKNIFTY-II.NFO,07/03/2025,09:19:29,49075.4,49060.9,150,49075.45,30,0,600120
BANKNIFTY-II.NFO,07/03/2025,09:19:31,49075.4,49062.2,120,49075.45,30,0,600120
BANKNIFTY-II.NFO,07/03/2025,09:19:33,49075.4,49066.75,120,49075.45,30,0,600120
BANKNIFTY-II.NFO,07/03/2025,09:19:34,49075.4,49066.9,120,49075.45,30,0,600120
BANKNIFTY-II.NFO,07/03/2025,09:19:38,49075,49067.2,150,49077,30,60,600120
BANKNIFTY-II.NFO,07/03/2025,09:19:38,49075.45,49067.2,150,49077,30,0,600120
BANKNIFTY-II.NFO,07/03/2025,09:19:39,49075,49065.95,90,49077,30,0,600120
BANKNIFTY-II.NFO,07/03/2025,09:19:41,49075,49063.2,120,49077,60,0,600120
BANKNIFTY-II.NFO,07/03/2025,09:19:43,49075,49063.4,150,49077,30,0,600120
BANKNIFTY-II.NFO,07/03/2025,09:19:44,49075,49065.8,150,49077,30,0,600120
BANKNIFTY-II.NFO,07/03/2025,09:19:46,49075,49065.8,120,49077,30,0,600120
BANKNIFTY-II.NFO,07/03/2025,09:19:48,49075,49065.8,150,49077,30,0,600120
BANKNIFTY-II.NFO,07/03/2025,09:19:49,49075,49065.9,60,49077,30,0,600120
BANKNIFTY-II.NFO,07/03/2025,09:19:51,49075,49065.9,60,49076.95,30,0,600120
BANKNIFTY-II.NFO,07/03/2025,09:19:53,49075,49065.9,60,49077,60,0,600120
BANKNIFTY-II.NFO,07/03/2025,09:19:54,49075,49055.5,150,49074.35,60,0,600120
BANKNIFTY-II.NFO,07/03/2025,09:19:56,49075,49062,60,49074.7,30,0,600120
BANKNIFTY-II.NFO,07/03/2025,09:19:57,49075,49061.75,60,49073.95,30,0,600120
BANKNIFTY-II.NFO,07/03/2025,09:19:59,49075,49061.8,60,49073.55,30,0,600120
BANKNIFTY-II.NFO,07/03/2025,09:20:01,49075,49055.45,30,49059.5,60,0,600120
BANKNIFTY-II.NFO,07/03/2025,09:20:02,49055.45,49055.1,30,49058.7,30,30,600120
BANKNIFTY-II.NFO,07/03/2025,09:20:04,49051.1,49048.2,30,49054.1,60,60,600120
BANKNIFTY-II.NFO,07/03/2025,09:20:06,49048.2,49027.85,120,49049,30,30,600120
BANKNIFTY-II.NFO,07/03/2025,09:20:07,49048.2,49031.65,60,49041.95,60,0,600120
BANKNIFTY-II.NFO,07/03/2025,09:20:09,49048.2,49021.3,150,49039.75,30,0,600120
BANKNIFTY-II.NFO,07/03/2025,09:20:11,49048.2,49021.3,120,49036.35,30,0,600120
BANKNIFTY-II.NFO,07/03/2025,09:20:12,49048.2,49013,120,49033.4,30,0,600120
BANKNIFTY-II.NFO,07/03/2025,09:20:14,49048.2,49017.3,60,49031.7,30,0,600120
BANKNIFTY-II.NFO,07/03/2025,09:20:16,49048.2,49017.45,60,49027.55,60,0,600120
BANKNIFTY-II.NFO,07/03/2025,09:20:17,49048.2,49017.5,60,49027.55,30,0,600120
BANKNIFTY-II.NFO,07/03/2025,09:20:19,49048.2,49010.95,60,49022.55,60,0,600120
BANKNIFTY-II.NFO,07/03/2025,09:20:21,49048.2,49010.95,60,49022.55,30,0,600120
BANKNIFTY-II.NFO,07/03/2025,09:20:22,49048.2,49010,60,49020.55,30,0,600120
BANKNIFTY-II.NFO,07/03/2025,09:20:24,49048.2,49010,60,49017.85,30,0,600120
BANKNIFTY-II.NFO,07/03/2025,09:20:26,49048.2,49010,60,49018.6,60,0,600120
BANKNIFTY-II.NFO,07/03/2025,09:20:27,49048.2,49010,60,49013.75,60,0,600120
BANKNIFTY-II.NFO,07/03/2025,09:20:29,49010,49001.15,30,49013.55,30,60,600120
BANKNIFTY-II.NFO,07/03/2025,09:20:31,49010,49001.95,120,49019.25,60,0,600120
BANKNIFTY-II.NFO,07/03/2025,09:20:32,49010,49003.25,120,49011.9,30,0,600120
BANKNIFTY-II.NFO,07/03/2025,09:20:34,49010,49003.2,60,49011.9,30,0,600120
BANKNIFTY-II.NFO,07/03/2025,09:20:36,49010,49003.25,60,49017.85,30,0,600120
BANKNIFTY-II.NFO,07/03/2025,09:20:37,49010,49001.15,30,49010.1,30,0,600120
BANKNIFTY-II.NFO,07/03/2025,09:20:39,49008.15,48993.2,120,49009.4,120,30,600120
BANKNIFTY-II.NFO,07/03/2025,09:20:41,49008.15,48985.2,120,49005.15,60,0,600120
BANKNIFTY-II.NFO,07/03/2025,09:20:42,49008.15,48990.7,210,49005.6,30,0,600120
BANKNIFTY-II.NFO,07/03/2025,09:20:44,49008.15,48990.7,60,49002.6,30,0,600120
BANKNIFTY-II.NFO,07/03/2025,09:20:46,49008.15,48982,120,48997.15,30,0,600120
BANKNIFTY-II.NFO,07/03/2025,09:20:47,49008.15,48983.2,120,48999.5,30,0,600120
BANKNIFTY-II.NFO,07/03/2025,09:20:49,49008.15,48987.5,120,49006.4,30,0,600120
BANKNIFTY-II.NFO,07/03/2025,09:20:51,49008.15,48990.2,120,49008.5,30,0,600120
BANKNIFTY-II.NFO,07/03/2025,09:20:52,48990.2,49000,30,49009.95,30,30,600120
BANKNIFTY-II.NFO,07/03/2025,09:20:54,48990.2,49000,30,49007.1,30,0,600120
BANKNIFTY-II.NFO,07/03/2025,09:20:57,48990.2,49000,30,49010,30,0,600120
BANKNIFTY-II.NFO,07/03/2025,09:20:59,48990.2,49000.05,150,49010,30,0,600120
BANKNIFTY-II.NFO,07/03/2025,09:21:01,49010,49015.7,150,49020,30,30,600120
BANKNIFTY-II.NFO,07/03/2025,09:21:02,49010,49007.6,120,49020,30,0,600120
BANKNIFTY-II.NFO,07/03/2025,09:21:04,49010,49007.4,120,49020,30,0,600120
BANKNIFTY-II.NFO,07/03/2025,09:21:06,49010,49010.65,60,49020,30,0,600120
BANKNIFTY-II.NFO,07/03/2025,09:21:08,49010,49002.1,120,49018.75,60,0,600120
BANKNIFTY-II.NFO,07/03/2025,09:21:09,49014.55,49000,30,49009.95,30,60,600120
BANKNIFTY-II.NFO,07/03/2025,09:21:11,49014.55,49000,30,49005.65,60,0,600120
BANKNIFTY-II.NFO,07/03/2025,09:21:12,49000,48985.75,60,48998.6,30,30,600120
BANKNIFTY-II.NFO,07/03/2025,09:21:14,49000,48975.65,60,48989.9,30,0,600120
BANKNIFTY-II.NFO,07/03/2025,09:21:16,49000,48974.25,60,48980.8,30,0,600120
BANKNIFTY-II.NFO,07/03/2025,09:21:17,49000,48967,30,48978.85,30,0,600120
BANKNIFTY-II.NFO,07/03/2025,09:21:19,48959,48965.65,60,48974.05,30,60,600240
BANKNIFTY-II.NFO,07/03/2025,09:21:21,48959,48965.7,120,48982.4,30,0,600240
BANKNIFTY-II.NFO,07/03/2025,09:21:22,48959,48965.65,60,48977.4,30,0,600240
BANKNIFTY-II.NFO,07/03/2025,09:21:24,48959,48962.65,60,48973.1,30,0,600240
BANKNIFTY-II.NFO,07/03/2025,09:21:26,48979.5,48962.7,150,48970.8,30,30,600240
BANKNIFTY-II.NFO,07/03/2025,09:21:27,48979.5,48958.95,30,48971.5,30,0,600240
BANKNIFTY-II.NFO,07/03/2025,09:21:29,48953.75,48950,150,48951.1,30,60,600240
BANKNIFTY-II.NFO,07/03/2025,09:21:31,48950,48945,90,48959.85,30,150,600240
BANKNIFTY-II.NFO,07/03/2025,09:21:32,48950,48945,120,48958.05,30,0,600240
BANKNIFTY-II.NFO,07/03/2025,09:21:34,48950,48945.05,120,48962.5,30,0,600240
BANKNIFTY-II.NFO,07/03/2025,09:21:36,48950,48950,60,48964.2,30,0,600240
BANKNIFTY-II.NFO,07/03/2025,09:21:37,48950,48950,30,48964.35,120,0,600240
BANKNIFTY-II.NFO,07/03/2025,09:21:39,48950,48950,30,48960.25,30,0,600240
BANKNIFTY-II.NFO,07/03/2025,09:21:41,48950,48950,30,48959.45,30,0,600240
BANKNIFTY-II.NFO,07/03/2025,09:21:44,48950,48950,30,48961.6,30,0,600240
BANKNIFTY-II.NFO,07/03/2025,09:21:46,48950,48945.05,30,48950,120,30,600240
BANKNIFTY-II.NFO,07/03/2025,09:21:47,48950,48945,90,48950,120,0,600240
BANKNIFTY-II.NFO,07/03/2025,09:21:51,48950,48945,90,48950,90,30,600240
BANKNIFTY-II.NFO,07/03/2025,09:21:52,48950,48945,90,48950,90,0,600240
BANKNIFTY-II.NFO,07/03/2025,09:21:57,48950,48945,120,48950,90,0,600240
BANKNIFTY-II.NFO,07/03/2025,09:21:59,48950,48945,90,48950,30,60,600240
BANKNIFTY-II.NFO,07/03/2025,09:22:01,48950,48945.1,120,48968.2,30,30,600240
BANKNIFTY-II.NFO,07/03/2025,09:22:02,48950,48952.5,120,48971,30,0,600240
BANKNIFTY-II.NFO,07/03/2025,09:22:04,48950,48953.4,150,48972.6,30,0,600240
BANKNIFTY-II.NFO,07/03/2025,09:22:06,48950,48954.5,120,48974.95,30,0,600240
BANKNIFTY-II.NFO,07/03/2025,09:22:07,48950,48950.6,120,48968.75,30,0,600240
BANKNIFTY-II.NFO,07/03/2025,09:22:09,48950,48947.25,120,48966.75,60,0,600240
BANKNIFTY-II.NFO,07/03/2025,09:22:11,48966,48946.05,150,48962.4,30,30,600240
BANKNIFTY-II.NFO,07/03/2025,09:22:13,48966,48946.05,150,48963.75,30,0,600240
BANKNIFTY-II.NFO,07/03/2025,09:22:14,48966,48955.05,120,48972.7,60,0,600240
BANKNIFTY-II.NFO,07/03/2025,09:22:16,48966,48955.05,120,48969.4,30,0,600240
BANKNIFTY-II.NFO,07/03/2025,09:22:18,48966,48955.05,120,48976.8,30,0,600240
BANKNIFTY-II.NFO,07/03/2025,09:22:19,48966,48955.35,150,48973.5,60,0,600240
BANKNIFTY-II.NFO,07/03/2025,09:22:21,48966,48959.7,120,48974.75,30,0,600240
BANKNIFTY-II.NFO,07/03/2025,09:22:23,48966,48960.85,120,48979.05,60,0,600240
BANKNIFTY-II.NFO,07/03/2025,09:22:24,48966,48959.7,120,48977.55,30,0,600240
BANKNIFTY-II.NFO,07/03/2025,09:22:26,48966,48958.5,120,48977.6,30,0,600240
BANKNIFTY-II.NFO,07/03/2025,09:22:28,48966,48966,30,48977.1,30,0,600240
BANKNIFTY-II.NFO,07/03/2025,09:22:29,48966,48966,30,48972.45,60,0,600240
BANKNIFTY-II.NFO,07/03/2025,09:22:31,48966,48966,30,48970.85,30,0,600240
BANKNIFTY-II.NFO,07/03/2025,09:22:33,48955,48955,60,48969.8,30,60,600240
BANKNIFTY-II.NFO,07/03/2025,09:22:34,48955,48955,60,48961.15,30,0,600240
BANKNIFTY-II.NFO,07/03/2025,09:22:36,48955,48955,60,48959.7,30,0,600240
BANKNIFTY-II.NFO,07/03/2025,09:22:38,48950,48942.65,30,48955.05,30,180,600240
BANKNIFTY-II.NFO,07/03/2025,09:22:39,48950,48942.65,30,48954.05,30,0,600240
BANKNIFTY-II.NFO,07/03/2025,09:22:41,48950,48942.65,60,48956.7,30,0,600240
BANKNIFTY-II.NFO,07/03/2025,09:22:43,48950,48942.65,30,48952,30,0,600240
BANKNIFTY-II.NFO,07/03/2025,09:22:44,48950,48942.65,30,48947.05,30,0,600240
BANKNIFTY-II.NFO,07/03/2025,09:22:46,48950,48942.65,30,48948.9,30,0,600240
BANKNIFTY-II.NFO,07/03/2025,09:22:47,48950,48942.65,30,48955.1,30,0,600240
BANKNIFTY-II.NFO,07/03/2025,09:22:49,48950,48942.7,150,48959,30,0,600240
BANKNIFTY-II.NFO,07/03/2025,09:22:51,48950,48942.7,120,48958.35,30,0,600240
BANKNIFTY-II.NFO,07/03/2025,09:22:52,48950,48942.7,120,48961.65,60,0,600240
BANKNIFTY-II.NFO,07/03/2025,09:22:54,48950,48942.7,150,48958.6,30,0,600240
BANKNIFTY-II.NFO,07/03/2025,09:22:56,48950,48942.7,150,48959.45,60,0,600240
BANKNIFTY-II.NFO,07/03/2025,09:22:57,48950,48942.65,30,48952.05,30,0,600240
BANKNIFTY-II.NFO,07/03/2025,09:22:59,48950,48942.65,30,48949.35,30,0,600240
BANKNIFTY-II.NFO,07/03/2025,09:23:01,48950,48942.7,150,48958.2,30,0,600240
BANKNIFTY-II.NFO,07/03/2025,09:23:02,48950,48942.7,150,48953.95,30,0,600240
BANKNIFTY-II.NFO,07/03/2025,09:23:04,48950,48942.65,30,48953.95,30,30,600240
BANKNIFTY-II.NFO,07/03/2025,09:23:06,48950,48942.65,30,48950.95,30,0,600240
BANKNIFTY-II.NFO,07/03/2025,09:23:07,48952.4,48942.65,30,48944.3,30,150,600240
BANKNIFTY-II.NFO,07/03/2025,09:23:11,48940,48930,30,48935.8,30,150,600240
BANKNIFTY-II.NFO,07/03/2025,09:23:11,48940,48930,30,48935.8,30,0,600240
BANKNIFTY-II.NFO,07/03/2025,09:23:12,48942.45,48930,30,48938.95,30,300,600240
BANKNIFTY-II.NFO,07/03/2025,09:23:12,48938.95,48930,30,48938.95,30,0,600240
BANKNIFTY-II.NFO,07/03/2025,09:23:14,48930,48921.05,30,48933.95,30,30,600240
BANKNIFTY-II.NFO,07/03/2025,09:23:14,48930,48921.05,30,48933.95,30,0,600240
BANKNIFTY-II.NFO,07/03/2025,09:23:16,48930,48916.2,150,48932.95,30,0,600240
BANKNIFTY-II.NFO,07/03/2025,09:23:17,48911.4,48911.05,150,48923.95,30,30,600240
BANKNIFTY-II.NFO,07/03/2025,09:23:17,48911.4,48911.05,150,48923.95,30,0,600240
BANKNIFTY-II.NFO,07/03/2025,09:23:19,48920.6,48911,30,48923.9,30,60,600240
BANKNIFTY-II.NFO,07/03/2025,09:23:21,48920.95,48911.05,120,48923.95,30,30,600240
BANKNIFTY-II.NFO,07/03/2025,09:23:22,48911.05,48911.05,150,48918.25,30,30,600240
BANKNIFTY-II.NFO,07/03/2025,09:23:22,48911.05,48911.05,150,48918.25,30,0,600240
BANKNIFTY-II.NFO,07/03/2025,09:23:24,48911.05,48913.25,120,48926.95,30,0,600240
BANKNIFTY-II.NFO,07/03/2025,09:23:26,48911.05,48912.4,120,48922.8,30,0,600240
BANKNIFTY-II.NFO,07/03/2025,09:23:27,48911.05,48915.1,150,48929.95,30,0,600240
BANKNIFTY-II.NFO,07/03/2025,09:23:29,48935.95,48919.1,120,48936.85,30,30,600240
BANKNIFTY-II.NFO,07/03/2025,09:23:31,48935.95,48924.1,120,48941.9,60,0,600240
BANKNIFTY-II.NFO,07/03/2025,09:23:32,48935.95,48922.15,120,48935.95,30,0,600240
BANKNIFTY-II.NFO,07/03/2025,09:23:34,48935.95,48921.15,120,48935.95,30,0,600240
BANKNIFTY-II.NFO,07/03/2025,09:23:36,48935.95,48924.1,120,48938.9,60,0,600240
BANKNIFTY-II.NFO,07/03/2025,09:23:37,48935.95,48927.1,120,48940,30,0,600240
BANKNIFTY-II.NFO,07/03/2025,09:23:39,48947.9,48930.45,120,48947.9,30,30,600240
BANKNIFTY-II.NFO,07/03/2025,09:23:41,48947.9,48930.45,120,48947.9,30,0,600240
BANKNIFTY-II.NFO,07/03/2025,09:23:42,48921.15,48924.1,120,48938.95,30,30,600240
BANKNIFTY-II.NFO,07/03/2025,09:23:44,48921.15,48921.1,120,48936.25,60,0,600240
BANKNIFTY-II.NFO,07/03/2025,09:23:46,48938.85,48927.2,120,48946.55,30,150,600240
BANKNIFTY-II.NFO,07/03/2025,09:23:47,48938.85,48930.1,150,48944.3,30,0,600240
BANKNIFTY-II.NFO,07/03/2025,09:23:49,48938.85,48926.35,150,48935.95,30,0,600240
BANKNIFTY-II.NFO,07/03/2025,09:23:51,48938.85,48930.1,120,48947.05,30,0,600240
BANKNIFTY-II.NFO,07/03/2025,09:23:52,48938.85,48945.1,150,48961.2,30,0,600240
BANKNIFTY-II.NFO,07/03/2025,09:23:54,48938.85,48943.75,120,48959.95,30,0,600240
BANKNIFTY-II.NFO,07/03/2025,09:23:56,48948.1,48948.1,180,48965.95,30,240,600240
BANKNIFTY-II.NFO,07/03/2025,09:23:57,48948.1,48951.1,150,48965.95,30,0,600240
BANKNIFTY-II.NFO,07/03/2025,09:23:59,48948.1,48954.1,120,48965.8,30,0,600240
BANKNIFTY-II.NFO,07/03/2025,09:24:01,48948.1,48936.45,120,48953.65,30,0,600240
BANKNIFTY-II.NFO,07/03/2025,09:24:02,48951,48936.1,120,48953.95,30,30,600240
BANKNIFTY-II.NFO,07/03/2025,09:24:04,48951,48942.1,120,48958.7,30,0,600240
BANKNIFTY-II.NFO,07/03/2025,09:24:06,48951,48939.1,120,48956.65,120,0,600240
BANKNIFTY-II.NFO,07/03/2025,09:24:07,48951,48935.75,60,48949,30,0,600240
BANKNIFTY-II.NFO,07/03/2025,09:24:09,48951,48928.2,120,48943.9,30,0,600240
BANKNIFTY-II.NFO,07/03/2025,09:24:11,48941.95,48926.9,120,48942.75,30,30,600240
BANKNIFTY-II.NFO,07/03/2025,09:24:13,48941.95,48926.7,90,48941.95,30,0,600240
BANKNIFTY-II.NFO,07/03/2025,09:24:14,48941.95,48925.35,120,48941.05,30,0,600240
BANKNIFTY-II.NFO,07/03/2025,09:24:16,48941.95,48921.2,150,48935.95,30,0,600240
BANKNIFTY-II.NFO,07/03/2025,09:24:18,48941.95,48921.25,120,48935.95,30,0,600240
BANKNIFTY-II.NFO,07/03/2025,09:24:19,48941.95,48921.15,60,48932.95,30,0,600240
BANKNIFTY-II.NFO,07/03/2025,09:24:21,48941.95,48931.95,30,48939.15,120,0,600240
BANKNIFTY-II.NFO,07/03/2025,09:24:22,48928.45,48924.7,120,48938.95,30,60,601110
BANKNIFTY-II.NFO,07/03/2025,09:24:24,48928.45,48921.15,30,48931.05,30,0,601110
BANKNIFTY-II.NFO,07/03/2025,09:24:26,48928.45,48921.2,150,48935.95,30,0,601110
BANKNIFTY-II.NFO,07/03/2025,09:24:27,48921.15,48920,60,48934.4,30,30,601110
BANKNIFTY-II.NFO,07/03/2025,09:24:29,48920.05,48920,30,48932.9,120,150,601110
BANKNIFTY-II.NFO,07/03/2025,09:24:31,48920.05,48924.1,120,48938.9,120,0,601110
BANKNIFTY-II.NFO,07/03/2025,09:24:32,48920.05,48921.1,150,48938.15,150,0,601110
BANKNIFTY-II.NFO,07/03/2025,09:24:34,48920.05,48921.1,150,48938.2,120,0,601110
BANKNIFTY-II.NFO,07/03/2025,09:24:36,48934.6,48920,30,48932.7,90,30,601110
BANKNIFTY-II.NFO,07/03/2025,09:24:37,48934.6,48920,30,48928.95,90,0,601110
BANKNIFTY-II.NFO,07/03/2025,09:24:39,48934.6,48920.35,60,48932.8,90,0,601110
BANKNIFTY-II.NFO,07/03/2025,09:24:41,48934.6,48920,30,48932.1,120,0,601110
BANKNIFTY-II.NFO,07/03/2025,09:24:42,48934.6,48920,30,48929.9,90,0,601110
BANKNIFTY-II.NFO,07/03/2025,09:24:44,48934.6,48920,60,48927.85,90,0,601110
BANKNIFTY-II.NFO,07/03/2025,09:24:46,48934.6,48920.05,120,48932.85,30,0,601110
BANKNIFTY-II.NFO,07/03/2025,09:24:47,48934.6,48920,60,48931.5,120,0,601110
BANKNIFTY-II.NFO,07/03/2025,09:24:49,48934.6,48921.1,120,48934.6,60,0,601110
BANKNIFTY-II.NFO,07/03/2025,09:24:51,48934.6,48939.1,120,48953.25,90,60,601110
BANKNIFTY-II.NFO,07/03/2025,09:24:52,48939.1,48944.15,60,48954.55,30,30,601110
BANKNIFTY-II.NFO,07/03/2025,09:24:54,48939.1,48939.1,120,48954.65,120,0,601110
BANKNIFTY-II.NFO,07/03/2025,09:24:56,48939.1,48945.05,30,48955.7,120,0,601110
BANKNIFTY-II.NFO,07/03/2025,09:24:57,48939.1,48939.1,120,48952.75,120,0,601110
BANKNIFTY-II.NFO,07/03/2025,09:24:59,48939.1,48930.1,150,48943.75,150,0,601110
BANKNIFTY-II.NFO,07/03/2025,09:25:01,48939.1,48930.05,30,48941.85,120,0,601110
BANKNIFTY-II.NFO,07/03/2025,09:25:02,48939.1,48920,60,48927.4,30,0,601110
BANKNIFTY-II.NFO,07/03/2025,09:25:04,48939.1,48921.1,120,48938.9,120,0,601110
BANKNIFTY-II.NFO,07/03/2025,09:25:06,48939.1,48927.05,30,48939.2,120,30,601110
BANKNIFTY-II.NFO,07/03/2025,09:25:07,48939.1,48922.85,150,48940.5,120,0,601110
BANKNIFTY-II.NFO,07/03/2025,09:25:09,48939.1,48920,60,48931.65,120,0,601110
BANKNIFTY-II.NFO,07/03/2025,09:25:10,48939.1,48921.05,30,48933.85,120,0,601110
BANKNIFTY-II.NFO,07/03/2025,09:25:12,48939.1,48924.65,120,48941.3,30,0,601110
BANKNIFTY-II.NFO,07/03/2025,09:25:14,48939.1,48921.1,150,48934.05,30,0,601110
BANKNIFTY-II.NFO,07/03/2025,09:25:15,48939.1,48924.05,30,48931.8,120,0,601110
BANKNIFTY-II.NFO,07/03/2025,09:25:17,48939.1,48920,60,48930.85,120,0,601110
BANKNIFTY-II.NFO,07/03/2025,09:25:19,48934.3,48920,60,48930.5,30,30,601110
BANKNIFTY-II.NFO,07/03/2025,09:25:20,48934.3,48921.05,30,48932.8,120,0,601110
BANKNIFTY-II.NFO,07/03/2025,09:25:22,48934.3,48921.6,150,48935.75,30,0,601110
BANKNIFTY-II.NFO,07/03/2025,09:25:24,48934.3,48924.1,120,48938.45,30,0,601110
BANKNIFTY-II.NFO,07/03/2025,09:25:25,48934.3,48920.65,60,48930.3,30,0,601110
BANKNIFTY-II.NFO,07/03/2025,09:25:27,48934.3,48920.05,150,48935.55,30,0,601110
BANKNIFTY-II.NFO,07/03/2025,09:25:29,48934.3,48920.05,150,48933.4,120,0,601110
BANKNIFTY-II.NFO,07/03/2025,09:25:30,48934.3,48920,60,48928.5,30,0,601110
BANKNIFTY-II.NFO,07/03/2025,09:25:32,48934.3,48920.05,120,48933.6,120,0,601110
BANKNIFTY-II.NFO,07/03/2025,09:25:34,48934.3,48920,60,48931.8,120,0,601110
BANKNIFTY-II.NFO,07/03/2025,09:25:36,48934.3,48920,60,48927.1,30,0,601110
BANKNIFTY-II.NFO,07/03/2025,09:25:37,48934.3,48920,60,48929.25,120,0,601110
BANKNIFTY-II.NFO,07/03/2025,09:25:39,48934.3,48920,60,48929.1,30,0,601110
BANKNIFTY-II.NFO,07/03/2025,09:25:41,48934.3,48920,60,48930.9,30,0,601110
BANKNIFTY-II.NFO,07/03/2025,09:25:42,48934.3,48920,60,48930.85,120,0,601110
BANKNIFTY-II.NFO,07/03/2025,09:25:44,48934.3,48920,60,48922.45,30,0,601110
BANKNIFTY-II.NFO,07/03/2025,09:25:46,48920,48911,30,48920.2,30,60,601110
BANKNIFTY-II.NFO,07/03/2025,09:25:47,48920,48911,30,48919.85,120,0,601110
BANKNIFTY-II.NFO,07/03/2025,09:25:49,48910,48901,30,48906.9,30,90,601110
BANKNIFTY-II.NFO,07/03/2025,09:25:49,48910,48901,30,48906.9,30,0,601110
BANKNIFTY-II.NFO,07/03/2025,09:25:51,48901,48900,270,48904.05,30,30,601110
BANKNIFTY-II.NFO,07/03/2025,09:25:51,48901,48900,270,48904.05,30,0,601110
BANKNIFTY-II.NFO,07/03/2025,09:25:52,48900,48900,180,48902.3,120,120,601110
BANKNIFTY-II.NFO,07/03/2025,09:25:52,48900,48900,180,48902.3,120,0,601110
BANKNIFTY-II.NFO,07/03/2025,09:25:54,48900,48900,180,48904.05,30,0,601110
BANKNIFTY-II.NFO,07/03/2025,09:25:56,48900,48900,180,48902.95,120,0,601110
BANKNIFTY-II.NFO,07/03/2025,09:25:57,48900,48900,180,48905,120,0,601110
BANKNIFTY-II.NFO,07/03/2025,09:25:59,48900,48900,180,48901.8,120,0,601110
BANKNIFTY-II.NFO,07/03/2025,09:26:01,48900,48888,60,48899.9,120,180,601110
BANKNIFTY-II.NFO,07/03/2025,09:26:02,48900,48888.05,180,48908.9,120,0,601110
BANKNIFTY-II.NFO,07/03/2025,09:26:04,48900,48888.05,150,48905.95,30,0,601110
BANKNIFTY-II.NFO,07/03/2025,09:26:06,48891.25,48891.25,90,48902.95,30,60,601110
BANKNIFTY-II.NFO,07/03/2025,09:26:06,48890.55,48891.25,90,48902.95,30,0,601110
BANKNIFTY-II.NFO,07/03/2025,09:26:07,48891.25,48891.25,90,48905.25,30,0,601110
BANKNIFTY-II.NFO,07/03/2025,09:26:09,48891.25,48891.4,60,48905.95,30,0,601110
BANKNIFTY-II.NFO,07/03/2025,09:26:10,48891.25,48893.4,90,48905.95,30,0,601110
BANKNIFTY-II.NFO,07/03/2025,09:26:12,48891.25,48891.3,60,48905.95,30,0,601110
BANKNIFTY-II.NFO,07/03/2025,09:26:14,48891.25,48891.3,60,48908.95,30,0,601110
BANKNIFTY-II.NFO,07/03/2025,09:26:15,48891.25,48891.3,60,48908.9,120,0,601110
BANKNIFTY-II.NFO,07/03/2025,09:26:17,48891.25,48890.65,30,48902.15,120,0,601110
BANKNIFTY-II.NFO,07/03/2025,09:26:19,48900,48890.65,30,48902.9,120,30,601110
BANKNIFTY-II.NFO,07/03/2025,09:26:20,48900,48890.7,90,48906.7,120,0,601110
BANKNIFTY-II.NFO,07/03/2025,09:26:22,48900,48890.75,60,48906.55,120,0,601110
BANKNIFTY-II.NFO,07/03/2025,09:26:24,48900,48891.1,60,48908.95,30,0,601110
BANKNIFTY-II.NFO,07/03/2025,09:26:25,48900,48897.1,60,48912.8,120,0,601110
BANKNIFTY-II.NFO,07/03/2025,09:26:27,48900,48891.35,90,48905.85,120,0,601110
BANKNIFTY-II.NFO,07/03/2025,09:26:29,48900,48900.05,30,48910.7,60,0,601110
BANKNIFTY-II.NFO,07/03/2025,09:26:30,48900,48900.05,60,48910.9,60,0,601110
BANKNIFTY-II.NFO,07/03/2025,09:26:32,48900,48903.1,60,48916.85,120,0,601110
BANKNIFTY-II.NFO,07/03/2025,09:26:34,48900,48897.15,60,48912.9,120,0,601110
BANKNIFTY-II.NFO,07/03/2025,09:26:35,48900,48900.1,90,48914,120,0,601110
BANKNIFTY-II.NFO,07/03/2025,09:26:37,48900,48900.1,90,48915.05,120,0,601110
BANKNIFTY-II.NFO,07/03/2025,09:26:39,48900,48903.1,90,48915.1,30,0,601110
BANKNIFTY-II.NFO,07/03/2025,09:26:40,48900,48906.1,90,48921.35,120,0,601110
BANKNIFTY-II.NFO,07/03/2025,09:26:42,48921.7,48909.05,60,48921.7,120,30,601110
BANKNIFTY-II.NFO,07/03/2025,09:26:44,48921.7,48915.1,90,48932.95,120,0,601110
BANKNIFTY-II.NFO,07/03/2025,09:26:45,48921.7,48921.1,90,48934.3,30,0,601110
BANKNIFTY-II.NFO,07/03/2025,09:26:47,48939,48930.6,90,48939,30,60,601110
BANKNIFTY-II.NFO,07/03/2025,09:26:49,48939,48924.15,90,48930,30,0,601110
BANKNIFTY-II.NFO,07/03/2025,09:26:50,48939,48920.45,90,48930,30,0,601110
BANKNIFTY-II.NFO,07/03/2025,09:26:52,48939,48922.7,120,48930,30,0,601110
BANKNIFTY-II.NFO,07/03/2025,09:26:54,48930,48924.1,90,48939,30,30,601110
BANKNIFTY-II.NFO,07/03/2025,09:26:55,48930,48924.05,60,48938.95,120,0,601110
BANKNIFTY-II.NFO,07/03/2025,09:26:57,48930,48924.1,90,48939,30,0,601110
BANKNIFTY-II.NFO,07/03/2025,09:26:59,48930,48927.1,90,48942.9,120,0,601110
BANKNIFTY-II.NFO,07/03/2025,09:27:00,48930,48921.25,90,48938.9,120,0,601110
BANKNIFTY-II.NFO,07/03/2025,09:27:02,48930,48921.3,90,48935.9,120,0,601110
BANKNIFTY-II.NFO,07/03/2025,09:27:04,48921.3,48918.7,120,48932.9,120,30,601110
BANKNIFTY-II.NFO,07/03/2025,09:27:05,48921.3,48915.1,90,48932.9,120,0,601110
BANKNIFTY-II.NFO,07/03/2025,09:27:07,48921.3,48918.1,90,48935.5,150,0,601110
BANKNIFTY-II.NFO,07/03/2025,09:27:09,48921.3,48915.7,120,48919.8,30,0,601110
BANKNIFTY-II.NFO,07/03/2025,09:27:10,48921.3,48915.65,60,48919.8,30,0,601110
BANKNIFTY-II.NFO,07/03/2025,09:27:12,48919.8,48918.1,90,48935.9,120,30,601110
BANKNIFTY-II.NFO,07/03/2025,09:27:14,48919.8,48917.65,120,48934.1,120,0,601110
BANKNIFTY-II.NFO,07/03/2025,09:27:15,48919.8,48913.95,90,48929.9,120,0,601110
BANKNIFTY-II.NFO,07/03/2025,09:27:17,48919.8,48912.6,90,48929.4,120,0,601110
BANKNIFTY-II.NFO,07/03/2025,09:27:19,48919.8,48905.35,90,48920.95,30,0,601110
BANKNIFTY-II.NFO,07/03/2025,09:27:20,48920.95,48900,660,48911.65,60,30,601140
BANKNIFTY-II.NFO,07/03/2025,09:27:22,48920.95,48900,630,48907.85,60,0,601140
BANKNIFTY-II.NFO,07/03/2025,09:27:24,48907.8,48900.05,90,48913.85,120,30,601140
BANKNIFTY-II.NFO,07/03/2025,09:27:25,48907.8,48900.05,60,48914.2,120,0,601140
BANKNIFTY-II.NFO,07/03/2025,09:27:27,48907.8,48903.1,90,48920.8,120,0,601140
BANKNIFTY-II.NFO,07/03/2025,09:27:29,48907.8,48903.05,30,48915.3,120,0,601140
BANKNIFTY-II.NFO,07/03/2025,09:27:30,48907.8,48900,660,48910.5,30,0,601140
BANKNIFTY-II.NFO,07/03/2025,09:27:32,48907.8,48906.05,30,48916.85,120,0,601140
BANKNIFTY-II.NFO,07/03/2025,09:27:34,48907.8,48906.3,90,48922.4,120,0,601140
BANKNIFTY-II.NFO,07/03/2025,09:27:35,48907.8,48906.05,60,48918.3,120,0,601140
BANKNIFTY-II.NFO,07/03/2025,09:27:37,48907.8,48903.15,90,48917.7,120,0,601140
BANKNIFTY-II.NFO,07/03/2025,09:27:39,48907.8,48900.6,90,48915.95,120,0,601140
BANKNIFTY-II.NFO,07/03/2025,09:27:41,48907.8,48903.2,90,48920.95,30,0,601140
BANKNIFTY-II.NFO,07/03/2025,09:27:42,48906.6,48906.6,60,48924.15,120,30,601140
BANKNIFTY-II.NFO,07/03/2025,09:27:44,48906.6,48907.85,60,48922.75,120,0,601140
BANKNIFTY-II.NFO,07/03/2025,09:27:46,48906.6,48903.2,60,48918.35,120,0,601140
BANKNIFTY-II.NFO,07/03/2025,09:27:47,48906.6,48902.85,60,48907.8,30,0,601140
BANKNIFTY-II.NFO,07/03/2025,09:27:49,48906.6,48900.95,60,48907.8,30,0,601140
BANKNIFTY-II.NFO,07/03/2025,09:27:51,48906.6,48902.05,60,48907.8,30,0,601140
BANKNIFTY-II.NFO,07/03/2025,09:27:52,48907.8,48904.4,60,48920.9,90,30,601140
BANKNIFTY-II.NFO,07/03/2025,09:27:54,48907.8,48906.1,60,48922.9,150,0,601140
BANKNIFTY-II.NFO,07/03/2025,09:27:56,48907.8,48907.35,90,48921.85,150,0,601140
BANKNIFTY-II.NFO,07/03/2025,09:27:57,48907.8,48900.65,90,48912.9,120,0,601140
BANKNIFTY-II.NFO,07/03/2025,09:27:59,48907.8,48900,690,48905.6,30,0,601140
BANKNIFTY-II.NFO,07/03/2025,09:28:01,48907.8,48900,690,48911.85,30,0,601140
BANKNIFTY-II.NFO,07/03/2025,09:28:02,48907.8,48903.6,60,48921.5,150,0,601140
BANKNIFTY-II.NFO,07/03/2025,09:28:04,48907.8,48903.35,60,48917.95,30,0,601140
BANKNIFTY-II.NFO,07/03/2025,09:28:06,48907.8,48902.05,60,48916.65,120,0,601140
BANKNIFTY-II.NFO,07/03/2025,09:28:07,48907.8,48905.65,30,48918.3,120,0,601140
BANKNIFTY-II.NFO,07/03/2025,09:28:09,48907.8,48906.4,60,48921.9,120,0,601140
BANKNIFTY-II.NFO,07/03/2025,09:28:11,48924.75,48908.5,120,48924.65,60,150,601140
BANKNIFTY-II.NFO,07/03/2025,09:28:12,48924.75,48910.3,120,48925,30,0,601140
BANKNIFTY-II.NFO,07/03/2025,09:28:14,48924.75,48913.1,120,48925,30,0,601140
BANKNIFTY-II.NFO,07/03/2025,09:28:16,48924.75,48912.2,150,48925,30,0,601140
BANKNIFTY-II.NFO,07/03/2025,09:28:17,48924.75,48912.4,150,48924.95,60,0,601140
BANKNIFTY-II.NFO,07/03/2025,09:28:19,48924.75,48911.45,120,48924.95,60,0,601140
BANKNIFTY-II.NFO,07/03/2025,09:28:21,48924.75,48910.85,120,48925,30,0,601140
BANKNIFTY-II.NFO,07/03/2025,09:28:22,48924.75,48910.75,30,48924.45,60,0,601140
BANKNIFTY-II.NFO,07/03/2025,09:28:24,48924.75,48911.85,120,48925,30,0,601140
BANKNIFTY-II.NFO,07/03/2025,09:28:26,48924.75,48915.1,180,48925,30,0,601140
BANKNIFTY-II.NFO,07/03/2025,09:28:27,48924.75,48912.85,120,48925,30,0,601140
BANKNIFTY-II.NFO,07/03/2025,09:28:29,48924.75,48912.3,120,48925,30,0,601140
BANKNIFTY-II.NFO,07/03/2025,09:28:31,48924.75,48912.2,120,48925,30,0,601140
BANKNIFTY-II.NFO,07/03/2025,09:28:32,48924.75,48911.95,120,48925,30,0,601140
BANKNIFTY-II.NFO,07/03/2025,09:28:34,48924.75,48913.5,120,48925,30,0,601140
BANKNIFTY-II.NFO,07/03/2025,09:28:36,48924.75,48914.8,120,48925,30,0,601140
BANKNIFTY-II.NFO,07/03/2025,09:28:37,48924.75,48917.6,120,48925,30,0,601140
BANKNIFTY-II.NFO,07/03/2025,09:28:39,48925,48921.6,120,48937.4,60,30,601140
BANKNIFTY-II.NFO,07/03/2025,09:28:41,48925,48922.9,120,48937.55,60,0,601140
BANKNIFTY-II.NFO,07/03/2025,09:28:42,48925,48922.1,150,48937.55,60,0,601140
BANKNIFTY-II.NFO,07/03/2025,09:28:44,48925,48921.8,150,48936.4,60,0,601140
BANKNIFTY-II.NFO,07/03/2025,09:28:46,48925,48925,30,48925.25,60,0,601140
BANKNIFTY-II.NFO,07/03/2025,09:28:47,48925,48910.7,90,48924.5,60,30,601140
BANKNIFTY-II.NFO,07/03/2025,09:28:49,48925,48912.05,60,48924.65,60,0,601140
BANKNIFTY-II.NFO,07/03/2025,09:28:51,48925,48910.7,60,48924.2,60,0,601140
BANKNIFTY-II.NFO,07/03/2025,09:28:52,48925,48908,30,48919.8,60,0,601140
BANKNIFTY-II.NFO,07/03/2025,09:28:54,48925,48908,30,48920.35,60,0,601140
BANKNIFTY-II.NFO,07/03/2025,09:28:56,48925,48908.05,180,48922.5,60,0,601140
BANKNIFTY-II.NFO,07/03/2025,09:28:57,48925,48908,30,48918.15,60,0,601140
BANKNIFTY-II.NFO,07/03/2025,09:28:59,48925,48908,30,48913.6,90,0,601140
BANKNIFTY-II.NFO,07/03/2025,09:29:01,48925,48908,30,48913.15,60,0,601140
BANKNIFTY-II.NFO,07/03/2025,09:29:02,48908,48900,630,48905.7,30,30,601140
BANKNIFTY-II.NFO,07/03/2025,09:29:04,48908,48900,630,48905.05,30,0,601140
BANKNIFTY-II.NFO,07/03/2025,09:29:06,48908,48900,630,48905.95,60,0,601140
BANKNIFTY-II.NFO,07/03/2025,09:29:07,48900,48900,600,48905.25,30,30,601140
BANKNIFTY-II.NFO,07/03/2025,09:29:09,48900,48900,600,48905.3,30,0,601140
BANKNIFTY-II.NFO,07/03/2025,09:29:11,48900,48891,30,48896.8,60,600,601140
BANKNIFTY-II.NFO,07/03/2025,09:29:12,48900,48891,30,48897.2,30,0,601140
BANKNIFTY-II.NFO,07/03/2025,09:29:14,48900,48891,30,48894.1,30,0,601140
BANKNIFTY-II.NFO,07/03/2025,09:29:16,48888,48880,60,48888.95,30,210,601140
BANKNIFTY-II.NFO,07/03/2025,09:29:16,48888,48880,60,48888.95,30,0,601140
BANKNIFTY-II.NFO,07/03/2025,09:29:17,48888.8,48880,60,48890.45,120,90,601140
BANKNIFTY-II.NFO,07/03/2025,09:29:19,48888.8,48880,30,48889.6,120,0,601140
BANKNIFTY-II.NFO,07/03/2025,09:29:21,48888.8,48880.75,150,48896.4,60,0,601140
BANKNIFTY-II.NFO,07/03/2025,09:29:22,48888.8,48888.7,120,48903.35,30,0,601140
BANKNIFTY-II.NFO,07/03/2025,09:29:24,48888.8,48885.45,120,48899.95,30,0,601140
BANKNIFTY-II.NFO,07/03/2025,09:29:26,48888.8,48886.85,120,48902.65,120,0,601140
BANKNIFTY-II.NFO,07/03/2025,09:29:27,48888.8,48886.4,150,48899.95,30,0,601140
BANKNIFTY-II.NFO,07/03/2025,09:29:29,48888.8,48887.9,120,48902.95,30,0,601140
BANKNIFTY-II.NFO,07/03/2025,09:29:31,48888.8,48892.25,120,48910.35,120,0,601140
BANKNIFTY-II.NFO,07/03/2025,09:29:32,48888.8,48894.85,120,48908.95,30,0,601140
BANKNIFTY-II.NFO,07/03/2025,09:29:34,48888.8,48900.05,150,48914.95,30,0,601140
BANKNIFTY-II.NFO,07/03/2025,09:29:36,48888.8,48900.5,150,48914.8,30,0,601140
BANKNIFTY-II.NFO,07/03/2025,09:29:37,48888.8,48902.1,120,48921.05,120,0,601140
BANKNIFTY-II.NFO,07/03/2025,09:29:39,48888.8,48903.7,120,48921.05,120,0,601140
BANKNIFTY-II.NFO,07/03/2025,09:29:41,48921.75,48904.5,120,48919.2,60,30,601140
BANKNIFTY-II.NFO,07/03/2025,09:29:42,48921.75,48905.9,120,48920.7,120,0,601140
BANKNIFTY-II.NFO,07/03/2025,09:29:44,48921.75,48903.6,120,48919.5,120,0,601140
BANKNIFTY-II.NFO,07/03/2025,09:29:46,48919.5,48904.05,120,48920.5,90,30,601140
BANKNIFTY-II.NFO,07/03/2025,09:29:47,48919.5,48904.65,120,48919.55,60,0,601140
BANKNIFTY-II.NFO,07/03/2025,09:29:49,48919.5,48903.7,120,48919.15,30,0,601140
BANKNIFTY-II.NFO,07/03/2025,09:29:51,48919.5,48904.9,120,48919.6,90,0,601140
BANKNIFTY-II.NFO,07/03/2025,09:29:52,48919.5,48909.5,120,48927.05,90,0,601140
BANKNIFTY-II.NFO,07/03/2025,09:29:54,48910.9,48911,120,48926.75,30,30,601140
BANKNIFTY-II.NFO,07/03/2025,09:29:56,48910.9,48912.1,120,48925.6,30,0,601140
BANKNIFTY-II.NFO,07/03/2025,09:29:57,48910.9,48910.85,120,48925.5,30,0,601140
BANKNIFTY-II.NFO,07/03/2025,09:29:59,48910.9,48893.1,60,48909.55,30,0,601140
BANKNIFTY-II.NFO,07/03/2025,09:30:01,48910.9,48888.4,120,48904.05,30,0,601140
BANKNIFTY-II.NFO,07/03/2025,09:30:02,48910.9,48884.2,120,48898.25,30,0,601140
BANKNIFTY-II.NFO,07/03/2025,09:30:04,48910.9,48885.35,30,48898.35,30,0,601140
BANKNIFTY-II.NFO,07/03/2025,09:30:06,48910.9,48881.1,120,48899,30,0,601140
BANKNIFTY-II.NFO,07/03/2025,09:30:07,48910.9,48882.65,120,48899.45,30,0,601140
BANKNIFTY-II.NFO,07/03/2025,09:30:09,48910.9,48884.35,120,48898.35,30,0,601140
BANKNIFTY-II.NFO,07/03/2025,09:30:11,48910.9,48885.25,120,48899.1,30,0,601140
BANKNIFTY-II.NFO,07/03/2025,09:30:12,48910.9,48884.3,30,48899.2,30,0,601140
BANKNIFTY-II.NFO,07/03/2025,09:30:14,48910.9,48880.05,90,48890.9,30,0,601140
BANKNIFTY-II.NFO,07/03/2025,09:30:16,48910.9,48880,30,48890.4,30,0,601140
BANKNIFTY-II.NFO,07/03/2025,09:30:17,48910.9,48880.05,90,48892.05,30,0,601140
BANKNIFTY-II.NFO,07/03/2025,09:30:19,48910.9,48880.3,120,48893.35,30,0,601140
BANKNIFTY-II.NFO,07/03/2025,09:30:21,48910.9,48881.45,150,48897.9,30,0,601140
BANKNIFTY-II.NFO,07/03/2025,09:30:22,48910.9,48889.75,120,48911.9,30,0,601140
BANKNIFTY-II.NFO,07/03/2025,09:30:24,48910.9,48894.1,150,48909.3,30,0,601140
BANKNIFTY-II.NFO,07/03/2025,09:30:26,48909.7,48894.8,120,48913.1,30,30,601530
BANKNIFTY-II.NFO,07/03/2025,09:30:27,48909.7,48904.7,120,48923.9,30,0,601530
BANKNIFTY-II.NFO,07/03/2025,09:30:29,48904.8,48906.4,120,48920.95,30,30,601530
BANKNIFTY-II.NFO,07/03/2025,09:30:31,48923.95,48909.3,120,48923.95,30,30,601530
BANKNIFTY-II.NFO,07/03/2025,09:30:32,48923.95,48906.35,120,48923.8,60,0,601530
BANKNIFTY-II.NFO,07/03/2025,09:30:34,48923.95,48901.95,150,48916,60,0,601530
BANKNIFTY-II.NFO,07/03/2025,09:30:36,48923.95,48903.85,120,48917.95,30,0,601530
BANKNIFTY-II.NFO,07/03/2025,09:30:37,48923.95,48911.65,120,48930.6,60,0,601530
BANKNIFTY-II.NFO,07/03/2025,09:30:39,48923.95,48910.8,210,48923.95,30,0,601530
BANKNIFTY-II.NFO,07/03/2025,09:30:41,48923.95,48904.5,120,48920.8,60,0,601530
BANKNIFTY-II.NFO,07/03/2025,09:30:42,48923.95,48906.8,120,48917.95,30,0,601530
BANKNIFTY-II.NFO,07/03/2025,09:30:44,48923.95,48908,120,48920.95,30,0,601530
BANKNIFTY-II.NFO,07/03/2025,09:30:46,48923.95,48909.5,150,48926.95,30,0,601530
BANKNIFTY-II.NFO,07/03/2025,09:30:47,48923.95,48923.95,30,48931.35,120,0,601530
BANKNIFTY-II.NFO,07/03/2025,09:30:49,48923.95,48923.95,30,48931.45,120,0,601530
BANKNIFTY-II.NFO,07/03/2025,09:30:51,48923.95,48924.6,120,48939.8,60,0,601530
BANKNIFTY-II.NFO,07/03/2025,09:30:52,48923.95,48926,120,48941.95,30,0,601530
BANKNIFTY-II.NFO,07/03/2025,09:30:54,48923.95,48927.5,120,48944.8,60,0,601530
BANKNIFTY-II.NFO,07/03/2025,09:30:56,48923.95,48923.95,30,48934.1,60,0,601530
BANKNIFTY-II.NFO,07/03/2025,09:30:57,48923.95,48923.95,60,48927.65,60,0,601530
BANKNIFTY-II.NFO,07/03/2025,09:30:59,48923.95,48923.95,60,48930.7,60,0,601530
BANKNIFTY-II.NFO,07/03/2025,09:31:01,48923.95,48910,30,48916.95,60,60,601530
BANKNIFTY-II.NFO,07/03/2025,09:31:02,48923.95,48910,30,48913.6,60,0,601530
BANKNIFTY-II.NFO,07/03/2025,09:31:04,48910,48900.3,120,48914.95,30,30,601530
BANKNIFTY-II.NFO,07/03/2025,09:31:06,48910,48901.55,120,48914.95,30,0,601530
BANKNIFTY-II.NFO,07/03/2025,09:31:07,48910,48900,90,48907.6,90,0,601530
BANKNIFTY-II.NFO,07/03/2025,09:31:09,48910,48900,90,48907.55,60,0,601530
BANKNIFTY-II.NFO,07/03/2025,09:31:11,48904.15,48900,60,48902.05,90,60,601530
BANKNIFTY-II.NFO,07/03/2025,09:31:12,48904.15,48900,60,48904.05,30,0,601530
BANKNIFTY-II.NFO,07/03/2025,09:31:14,48900,48888.4,30,48898.5,30,60,601530
BANKNIFTY-II.NFO,07/03/2025,09:31:16,48900,48888.4,30,48894.25,30,0,601530
BANKNIFTY-II.NFO,07/03/2025,09:31:17,48900,48888.4,30,48898.1,30,0,601530
BANKNIFTY-II.NFO,07/03/2025,09:31:19,48877.3,48875,60,48885.25,60,90,601530
BANKNIFTY-II.NFO,07/03/2025,09:31:19,48877.3,48875,60,48885.25,60,0,601530
BANKNIFTY-II.NFO,07/03/2025,09:31:21,48877.3,48875,30,48880.6,30,0,601530
BANKNIFTY-II.NFO,07/03/2025,09:31:22,48880.6,48875,30,48883.6,60,30,601530
BANKNIFTY-II.NFO,07/03/2025,09:31:24,48875,48865.55,120,48880.6,60,30,601530
BANKNIFTY-II.NFO,07/03/2025,09:31:24,48875,48865.55,120,48880.6,60,0,601530
BANKNIFTY-II.NFO,07/03/2025,09:31:26,48875,48870,120,48886.65,60,0,601530
BANKNIFTY-II.NFO,07/03/2025,09:31:27,48875,48867.05,60,48882.45,90,0,601530
BANKNIFTY-II.NFO,07/03/2025,09:31:29,48875,48866.25,120,48882.55,60,0,601530
BANKNIFTY-II.NFO,07/03/2025,09:31:31,48875,48868.6,120,48884.3,30,0,601530
BANKNIFTY-II.NFO,07/03/2025,09:31:32,48875,48864.7,120,48879.95,60,0,601530
BANKNIFTY-II.NFO,07/03/2025,09:31:34,48864.3,48864.7,120,48879.85,60,60,601530
BANKNIFTY-II.NFO,07/03/2025,09:31:34,48864.3,48864.7,120,48879.85,60,0,601530
BANKNIFTY-II.NFO,07/03/2025,09:31:36,48864.3,48867.85,120,48882.15,60,0,601530
BANKNIFTY-II.NFO,07/03/2025,09:31:37,48864.3,48864.9,120,48878.4,60,0,601530
BANKNIFTY-II.NFO,07/03/2025,09:31:39,48864.3,48867.25,120,48879.65,60,0,601530
BANKNIFTY-II.NFO,07/03/2025,09:31:41,48864.3,48868,120,48882.75,60,0,601530
BANKNIFTY-II.NFO,07/03/2025,09:31:42,48864.3,48864.85,120,48876.9,60,0,601530
BANKNIFTY-II.NFO,07/03/2025,09:31:44,48864.3,48855.05,150,48869.4,60,0,601530
BANKNIFTY-II.NFO,07/03/2025,09:31:46,48864.3,48854.15,120,48868.4,60,0,601530
BANKNIFTY-II.NFO,07/03/2025,09:31:47,48864.3,48850.35,120,48863.95,30,0,601530
BANKNIFTY-II.NFO,07/03/2025,09:31:49,48864.3,48852.15,120,48866.95,30,0,601530
BANKNIFTY-II.NFO,07/03/2025,09:31:51,48864.3,48863.95,30,48873.05,60,0,601530
BANKNIFTY-II.NFO,07/03/2025,09:31:53,48864.3,48863.95,30,48874.65,60,0,601530
BANKNIFTY-II.NFO,07/03/2025,09:31:54,48864.3,48864.9,120,48881.3,60,0,601530
BANKNIFTY-II.NFO,07/03/2025,09:31:56,48864.3,48863.95,60,48874.3,60,0,601530
BANKNIFTY-II.NFO,07/03/2025,09:31:58,48864.3,48863.95,30,48870.9,60,0,601530
BANKNIFTY-II.NFO,07/03/2025,09:31:59,48864.3,48863.95,30,48870.75,60,0,601530
BANKNIFTY-II.NFO,07/03/2025,09:32:01,48865.75,48863.95,60,48872.1,30,30,601530
BANKNIFTY-II.NFO,07/03/2025,09:32:03,48865.75,48864,210,48878.9,60,0,601530
BANKNIFTY-II.NFO,07/03/2025,09:32:04,48865.75,48870.95,90,48881.65,30,0,601530
BANKNIFTY-II.NFO,07/03/2025,09:32:06,48865.75,48870.9,60,48880.8,60,0,601530
BANKNIFTY-II.NFO,07/03/2025,09:32:08,48865.75,48870.9,60,48879.1,60,0,601530
BANKNIFTY-II.NFO,07/03/2025,09:32:09,48865.75,48871.7,120,48883.7,30,0,601530
BANKNIFTY-II.NFO,07/03/2025,09:32:11,48865.75,48873.1,120,48887.95,30,0,601530
BANKNIFTY-II.NFO,07/03/2025,09:32:13,48865.75,48874.7,120,48890.95,30,0,601530
BANKNIFTY-II.NFO,07/03/2025,09:32:14,48865.75,48880.4,180,48900,60,0,601530
BANKNIFTY-II.NFO,07/03/2025,09:32:16,48865.75,48883.3,120,48896.95,30,0,601530
BANKNIFTY-II.NFO,07/03/2025,09:32:18,48865.75,48880.45,120,48896.95,30,0,601530
BANKNIFTY-II.NFO,07/03/2025,09:32:19,48865.75,48882.8,150,48899.95,60,0,601530
BANKNIFTY-II.NFO,07/03/2025,09:32:21,48900,48896.95,30,48902.75,60,30,601530
BANKNIFTY-II.NFO,07/03/2025,09:32:22,48900,48896.95,30,48901.65,60,0,601530
BANKNIFTY-II.NFO,07/03/2025,09:32:24,48900,48896.95,30,48905.3,90,0,601530
BANKNIFTY-II.NFO,07/03/2025,09:32:26,48900,48896.95,30,48906.2,90,0,601530
BANKNIFTY-II.NFO,07/03/2025,09:32:27,48900,48896.95,30,48907.6,120,0,601530
BANKNIFTY-II.NFO,07/03/2025,09:32:29,48900,48900,150,48906.15,30,0,601530
BANKNIFTY-II.NFO,07/03/2025,09:32:31,48900,48900,150,48911.75,30,0,601530
BANKNIFTY-II.NFO,07/03/2025,09:32:32,48900,48900,150,48908.7,60,0,601530
BANKNIFTY-II.NFO,07/03/2025,09:32:34,48900,48900,150,48904,30,0,601530
BANKNIFTY-II.NFO,07/03/2025,09:32:36,48900,48900,150,48905.1,60,0,601530
BANKNIFTY-II.NFO,07/03/2025,09:32:37,48900,48900,30,48901.3,60,120,601530
BANKNIFTY-II.NFO,07/03/2025,09:32:39,48900,48882.75,120,48896.95,30,30,601530
BANKNIFTY-II.NFO,07/03/2025,09:32:41,48900,48882.75,120,48896.95,30,0,601530
BANKNIFTY-II.NFO,07/03/2025,09:32:42,48900,48879.4,120,48896.9,60,0,601530
BANKNIFTY-II.NFO,07/03/2025,09:32:44,48896.9,48881,150,48896.95,30,30,601530
BANKNIFTY-II.NFO,07/03/2025,09:32:46,48896.9,48879.4,120,48893.75,30,0,601530
BANKNIFTY-II.NFO,07/03/2025,09:32:47,48896.9,48881.7,120,48896.95,30,0,601530
BANKNIFTY-II.NFO,07/03/2025,09:32:49,48896.9,48886.3,210,48906.45,30,0,601530
BANKNIFTY-II.NFO,07/03/2025,09:32:51,48896.9,48890.6,120,48911.45,30,0,601530
BANKNIFTY-II.NFO,07/03/2025,09:32:52,48896.9,48892.1,120,48908.95,60,0,601530
BANKNIFTY-II.NFO,07/03/2025,09:32:54,48896.9,48891.15,120,48907.5,30,0,601530
BANKNIFTY-II.NFO,07/03/2025,09:32:56,48896.9,48885.05,120,48900.55,30,0,601530
BANKNIFTY-II.NFO,07/03/2025,09:32:57,48896.9,48882.1,90,48894.85,30,0,601530
BANKNIFTY-II.NFO,07/03/2025,09:32:59,48896.9,48882.1,60,48897.7,30,0,601530
BANKNIFTY-II.NFO,07/03/2025,09:33:01,48896.9,48870.85,60,48884.9,30,0,601530
BANKNIFTY-II.NFO,07/03/2025,09:33:02,48896.9,48870,30,48878.35,30,0,601530
BANKNIFTY-II.NFO,07/03/2025,09:33:04,48896.9,48870,60,48880.2,30,0,601530
BANKNIFTY-II.NFO,07/03/2025,09:33:06,48896.9,48871.1,120,48885.4,30,0,601530
BANKNIFTY-II.NFO,07/03/2025,09:33:07,48896.9,48871.25,120,48882.6,30,0,601530
BANKNIFTY-II.NFO,07/03/2025,09:33:09,48896.9,48870.55,120,48886.35,30,0,601530
BANKNIFTY-II.NFO,07/03/2025,09:33:11,48896.9,48870.7,120,48884.9,30,0,601530
BANKNIFTY-II.NFO,07/03/2025,09:33:12,48896.9,48870.25,120,48885.2,30,0,601530
BANKNIFTY-II.NFO,07/03/2025,09:33:14,48896.9,48870.05,150,48882.05,30,0,601530
BANKNIFTY-II.NFO,07/03/2025,09:33:16,48896.9,48870,60,48882.65,30,0,601530
BANKNIFTY-II.NFO,07/03/2025,09:33:17,48896.9,48870.25,120,48883,30,0,601530
BANKNIFTY-II.NFO,07/03/2025,09:33:19,48896.9,48872.35,120,48891.15,30,0,601530
BANKNIFTY-II.NFO,07/03/2025,09:33:21,48896.9,48877.6,120,48895.05,30,0,601530
BANKNIFTY-II.NFO,07/03/2025,09:33:22,48896.9,48873.5,120,48890.9,60,0,601530
BANKNIFTY-II.NFO,07/03/2025,09:33:24,48896.9,48871.1,150,48884,30,0,601530
BANKNIFTY-II.NFO,07/03/2025,09:33:26,48896.9,48873.75,150,48885.6,30,0,601530
BANKNIFTY-II.NFO,07/03/2025,09:33:27,48896.9,48871.4,150,48884.1,30,0,601530
BANKNIFTY-II.NFO,07/03/2025,09:33:29,48896.9,48872.1,120,48885.55,30,0,601530
BANKNIFTY-II.NFO,07/03/2025,09:33:31,48890,48876.4,150,48891.6,60,30,601860
BANKNIFTY-II.NFO,07/03/2025,09:33:32,48890,48877.8,150,48893.05,60,0,601860
BANKNIFTY-II.NFO,07/03/2025,09:33:34,48890,48876.45,120,48893.8,30,0,601860
BANKNIFTY-II.NFO,07/03/2025,09:33:36,48890,48876.6,120,48892.75,60,0,601860
BANKNIFTY-II.NFO,07/03/2025,09:33:37,48890,48876.2,150,48890.45,30,0,601860
BANKNIFTY-II.NFO,07/03/2025,09:33:39,48890,48876.45,150,48890.15,30,0,601860
BANKNIFTY-II.NFO,07/03/2025,09:33:41,48890,48879.05,30,48893.8,30,0,601860
BANKNIFTY-II.NFO,07/03/2025,09:33:42,48890,48875.3,120,48890.95,60,0,601860
BANKNIFTY-II.NFO,07/03/2025,09:33:44,48890.1,48870.2,120,48884.95,30,30,601860
BANKNIFTY-II.NFO,07/03/2025,09:33:45,48890.1,48870.2,120,48884.95,30,0,601860
BANKNIFTY-II.NFO,07/03/2025,09:33:47,48890.1,48870.15,120,48887.95,30,0,601860
BANKNIFTY-II.NFO,07/03/2025,09:33:49,48890.1,48870.6,150,48886.25,60,0,601860
BANKNIFTY-II.NFO,07/03/2025,09:33:50,48890.1,48873.2,120,48891.55,60,0,601860
BANKNIFTY-II.NFO,07/03/2025,09:33:52,48890.1,48879.9,150,48897.9,60,0,601860
BANKNIFTY-II.NFO,07/03/2025,09:33:54,48890.1,48883.2,120,48899.95,30,0,601860
BANKNIFTY-II.NFO,07/03/2025,09:33:55,48890.1,48882.4,150,48901.95,60,0,601860
BANKNIFTY-II.NFO,07/03/2025,09:33:57,48890.1,48883.7,150,48899.15,90,0,601860
BANKNIFTY-II.NFO,07/03/2025,09:33:59,48890.1,48883.3,120,48898.85,60,0,601860
BANKNIFTY-II.NFO,07/03/2025,09:34:00,48890.1,48884.7,120,48903.05,90,0,601860
BANKNIFTY-II.NFO,07/03/2025,09:34:02,48890.1,48889.2,120,48907.25,60,0,601860
BANKNIFTY-II.NFO,07/03/2025,09:34:04,48890.1,48888.6,120,48902.95,30,0,601860
BANKNIFTY-II.NFO,07/03/2025,09:34:05,48890.1,48891.6,120,48908.8,30,0,601860
BANKNIFTY-II.NFO,07/03/2025,09:34:07,48890.1,48893.75,120,48911.95,60,0,601860
BANKNIFTY-II.NFO,07/03/2025,09:34:09,48890.1,48906.2,150,48923.3,30,0,601860
BANKNIFTY-II.NFO,07/03/2025,09:34:10,48890.1,48906.3,150,48923.8,30,0,601860
BANKNIFTY-II.NFO,07/03/2025,09:34:12,48890.1,48908,150,48923.75,30,0,601860
BANKNIFTY-II.NFO,07/03/2025,09:34:14,48890.1,48906.3,150,48920.95,60,0,601860
BANKNIFTY-II.NFO,07/03/2025,09:34:15,48890.1,48909.1,120,48926.95,30,0,601860
BANKNIFTY-II.NFO,07/03/2025,09:34:17,48890.1,48910.8,150,48926.7,60,0,601860
BANKNIFTY-II.NFO,07/03/2025,09:34:19,48890.1,48909.65,150,48923.85,60,0,601860
BANKNIFTY-II.NFO,07/03/2025,09:34:20,48890.1,48912.05,30,48923.7,30,0,601860
BANKNIFTY-II.NFO,07/03/2025,09:34:22,48890.1,48921.15,120,48933.5,30,0,601860
BANKNIFTY-II.NFO,07/03/2025,09:34:24,48890.1,48921.1,150,48936.35,30,0,601860
BANKNIFTY-II.NFO,07/03/2025,09:34:25,48890.1,48930.05,30,48944.9,150,0,601860
BANKNIFTY-II.NFO,07/03/2025,09:34:27,48955,48954.1,120,48962.1,60,30,601860
BANKNIFTY-II.NFO,07/03/2025,09:34:29,48973.1,48960.05,30,48974.95,60,60,601860
BANKNIFTY-II.NFO,07/03/2025,09:34:30,48973.1,48954.3,150,48972.75,30,0,601860
BANKNIFTY-II.NFO,07/03/2025,09:34:32,48973.1,48957.05,30,48973.85,60,0,601860
BANKNIFTY-II.NFO,07/03/2025,09:34:34,48973.1,48951.05,60,48964.8,60,0,601860
BANKNIFTY-II.NFO,07/03/2025,09:34:35,48973.1,48951.05,30,48966.4,60,0,601860
BANKNIFTY-II.NFO,07/03/2025,09:34:37,48973.1,48948.25,120,48960.85,30,0,601860
BANKNIFTY-II.NFO,07/03/2025,09:34:39,48970.05,48960.25,120,48974.85,30,180,601860
BANKNIFTY-II.NFO,07/03/2025,09:34:40,48970.05,48960.05,60,48975,90,0,601860
BANKNIFTY-II.NFO,07/03/2025,09:34:42,48970.05,48960.1,90,48975,90,0,601860
BANKNIFTY-II.NFO,07/03/2025,09:34:44,48970.05,48951.2,120,48969.5,60,0,601860
BANKNIFTY-II.NFO,07/03/2025,09:34:45,48970.05,48951.05,60,48965.95,30,0,601860
BANKNIFTY-II.NFO,07/03/2025,09:34:47,48970.05,48946.2,120,48962.9,60,0,601860
BANKNIFTY-II.NFO,07/03/2025,09:34:49,48970.05,48955.75,120,48971.95,30,0,601860
BANKNIFTY-II.NFO,07/03/2025,09:34:50,48976,48962.25,60,48977.95,30,120,601860
BANKNIFTY-II.NFO,07/03/2025,09:34:52,48976,48962.65,120,48977.95,30,0,601860
BANKNIFTY-II.NFO,07/03/2025,09:34:54,48976,48960.1,60,48973.5,30,0,601860
BANKNIFTY-II.NFO,07/03/2025,09:34:55,48976,48951.2,120,48966.65,30,0,601860
BANKNIFTY-II.NFO,07/03/2025,09:34:57,48976,48957.05,60,48970.25,30,0,601860
BANKNIFTY-II.NFO,07/03/2025,09:34:59,48976,48963.3,120,48980,30,0,601860
BANKNIFTY-II.NFO,07/03/2025,09:35:00,48980,48976,30,48981.35,60,30,601860
BANKNIFTY-II.NFO,07/03/2025,09:35:02,48976,48955.25,120,48971.95,30,60,601860
BANKNIFTY-II.NFO,07/03/2025,09:35:03,48976,48952.45,120,48971.3,150,0,601860
BANKNIFTY-II.NFO,07/03/2025,09:35:05,48976,48952.95,120,48971.45,60,0,601860
BANKNIFTY-II.NFO,07/03/2025,09:35:07,48976,48950,30,48965.55,30,0,601860
BANKNIFTY-II.NFO,07/03/2025,09:35:08,48976,48950,30,48962,60,0,601860
BANKNIFTY-II.NFO,07/03/2025,09:35:10,48976,48950,30,48957.55,30,0,601860
BANKNIFTY-II.NFO,07/03/2025,09:35:12,48976,48950,30,48954.4,30,0,601860
BANKNIFTY-II.NFO,07/03/2025,09:35:14,48950,48939.6,120,48957.25,60,30,601860
BANKNIFTY-II.NFO,07/03/2025,09:35:15,48950,48940.1,150,48956.6,30,0,601860
BANKNIFTY-II.NFO,07/03/2025,09:35:17,48950,48948.7,120,48963.95,30,0,601860
BANKNIFTY-II.NFO,07/03/2025,09:35:19,48950,48939.45,120,48956.7,150,0,601860
BANKNIFTY-II.NFO,07/03/2025,09:35:20,48950,48942.05,30,48953.55,60,0,601860
BANKNIFTY-II.NFO,07/03/2025,09:35:22,48950,48947.6,150,48965.9,30,0,601860
BANKNIFTY-II.NFO,07/03/2025,09:35:24,48950,48947.65,150,48956,30,0,601860
BANKNIFTY-II.NFO,07/03/2025,09:35:25,48956,48951.05,60,48966.6,60,30,601860
BANKNIFTY-II.NFO,07/03/2025,09:35:27,48956,48951.85,150,48968.9,60,0,601860
BANKNIFTY-II.NFO,07/03/2025,09:35:29,48956,48952.6,120,48970.2,60,0,601860
BANKNIFTY-II.NFO,07/03/2025,09:35:30,48956,48951.2,150,48966.35,150,0,601860
BANKNIFTY-II.NFO,07/03/2025,09:35:32,48956,48955.8,150,48970,30,0,601860
BANKNIFTY-II.NFO,07/03/2025,09:35:34,48956,48956,30,48965.65,60,0,601860
BANKNIFTY-II.NFO,07/03/2025,09:35:35,48956,48957.4,120,48970,30,0,601860
BANKNIFTY-II.NFO,07/03/2025,09:35:37,48956,48956.15,150,48970,30,0,601860
BANKNIFTY-II.NFO,07/03/2025,09:35:39,48956,48956,30,48966.2,30,0,601860
BANKNIFTY-II.NFO,07/03/2025,09:35:40,48956,48956,30,48968.7,60,0,601860
BANKNIFTY-II.NFO,07/03/2025,09:35:42,48956,48956,30,48964.85,30,0,601860
BANKNIFTY-II.NFO,07/03/2025,09:35:44,48956,48956,30,48965.55,30,0,601860
BANKNIFTY-II.NFO,07/03/2025,09:35:45,48956,48956,30,48956.85,30,0,601860
BANKNIFTY-II.NFO,07/03/2025,09:35:47,48956,48941.2,180,48956.95,30,30,601860
BANKNIFTY-II.NFO,07/03/2025,09:35:49,48956,48946.25,150,48962.95,30,0,601860
BANKNIFTY-II.NFO,07/03/2025,09:35:50,48956,48942,150,48953.95,30,0,601860
BANKNIFTY-II.NFO,07/03/2025,09:35:52,48956,48941.2,120,48956.95,30,0,601860
BANKNIFTY-II.NFO,07/03/2025,09:35:54,48956,48943,120,48956.95,30,0,601860
BANKNIFTY-II.NFO,07/03/2025,09:35:55,48956,48942.1,150,48950,30,0,601860
BANKNIFTY-II.NFO,07/03/2025,09:35:57,48956,48934.85,120,48950,30,0,601860
BANKNIFTY-II.NFO,07/03/2025,09:35:59,48956,48930.9,150,48945.5,60,0,601860
BANKNIFTY-II.NFO,07/03/2025,09:36:00,48956,48924.9,120,48941.35,90,0,601860
BANKNIFTY-II.NFO,07/03/2025,09:36:02,48956,48924.2,120,48938.1,60,0,601860
BANKNIFTY-II.NFO,07/03/2025,09:36:04,48956,48926.45,120,48941.95,30,0,601860
BANKNIFTY-II.NFO,07/03/2025,09:36:05,48956,48929,120,48946.25,60,0,601860
BANKNIFTY-II.NFO,07/03/2025,09:36:07,48956,48926.55,120,48941.95,30,0,601860
BANKNIFTY-II.NFO,07/03/2025,09:36:09,48956,48926.75,120,48942.5,30,0,601860
BANKNIFTY-II.NFO,07/03/2025,09:36:10,48956,48923.2,150,48938.95,30,0,601860
BANKNIFTY-II.NFO,07/03/2025,09:36:12,48956,48922.2,120,48938.95,30,0,601860
BANKNIFTY-II.NFO,07/03/2025,09:36:13,48956,48927.3,120,48945.2,30,0,601860
BANKNIFTY-II.NFO,07/03/2025,09:36:15,48956,48930.2,150,48945.2,30,0,601860
BANKNIFTY-II.NFO,07/03/2025,09:36:17,48956,48934.7,120,48950,30,0,601860
BANKNIFTY-II.NFO,07/03/2025,09:36:19,48956,48938,150,48950,30,0,601860
BANKNIFTY-II.NFO,07/03/2025,09:36:20,48956,48939.65,120,48950,30,0,601860
BANKNIFTY-II.NFO,07/03/2025,09:36:22,48956,48941.35,150,48950,30,0,601860
BANKNIFTY-II.NFO,07/03/2025,09:36:24,48956,48940.05,120,48950,30,0,601860
BANKNIFTY-II.NFO,07/03/2025,09:36:25,48956,48936.3,120,48950,30,0,601860
BANKNIFTY-II.NFO,07/03/2025,09:36:27,48950,48951.4,150,48970,30,30,601920
BANKNIFTY-II.NFO,07/03/2025,09:36:29,48950,48948.3,120,48968.35,60,0,601920
BANKNIFTY-II.NFO,07/03/2025,09:36:30,48950,48949.9,120,48968.75,60,0,601920
BANKNIFTY-II.NFO,07/03/2025,09:36:32,48950,48945.45,120,48962.95,30,0,601920
BANKNIFTY-II.NFO,07/03/2025,09:36:34,48950,48939.9,60,48956.95,30,0,601920
BANKNIFTY-II.NFO,07/03/2025,09:36:35,48950,48937,150,48951.95,60,0,601920
BANKNIFTY-II.NFO,07/03/2025,09:36:37,48950,48936.3,150,48952.55,30,0,601920
BANKNIFTY-II.NFO,07/03/2025,09:36:39,48950,48927.1,120,48944.55,30,0,601920
BANKNIFTY-II.NFO,07/03/2025,09:36:40,48950,48927.1,90,48941.3,60,0,601920
BANKNIFTY-II.NFO,07/03/2025,09:36:42,48950,48927.05,60,48941.55,30,0,601920
BANKNIFTY-II.NFO,07/03/2025,09:36:44,48950,48927.2,150,48941.8,30,0,601920
BANKNIFTY-II.NFO,07/03/2025,09:36:45,48950,48921.6,150,48935.5,30,0,601920
BANKNIFTY-II.NFO,07/03/2025,09:36:47,48950,48919.3,120,48935.95,30,0,601920
BANKNIFTY-II.NFO,07/03/2025,09:36:49,48950,48915.4,120,48931.6,30,0,601920
BANKNIFTY-II.NFO,07/03/2025,09:36:50,48950,48912.3,120,48929.45,90,0,601920
BANKNIFTY-II.NFO,07/03/2025,09:36:52,48950,48912.05,60,48925.9,30,0,601920
BANKNIFTY-II.NFO,07/03/2025,09:36:54,48950,48918.1,90,48930.95,30,0,601920
BANKNIFTY-II.NFO,07/03/2025,09:36:55,48950,48921.05,30,48930.15,30,0,601920
BANKNIFTY-II.NFO,07/03/2025,09:36:57,48950,48918.3,120,48938.75,60,0,601920
BANKNIFTY-II.NFO,07/03/2025,09:36:59,48950,48915.65,120,48932.05,30,0,601920
BANKNIFTY-II.NFO,07/03/2025,09:37:00,48950,48906.25,60,48923.95,30,0,601920
BANKNIFTY-II.NFO,07/03/2025,09:37:02,48950,48913.05,120,48930.05,60,0,601920
BANKNIFTY-II.NFO,07/03/2025,09:37:04,48950,48915.9,120,48932.75,30,0,601920
BANKNIFTY-II.NFO,07/03/2025,09:37:05,48950,48914,120,48928.15,30,0,601920
BANKNIFTY-II.NFO,07/03/2025,09:37:07,48950,48918.8,150,48935.65,30,0,601920
BANKNIFTY-II.NFO,07/03/2025,09:37:09,48950,48920.6,150,48935.95,30,0,601920
BANKNIFTY-II.NFO,07/03/2025,09:37:10,48950,48919.65,120,48936.5,30,0,601920
BANKNIFTY-II.NFO,07/03/2025,09:37:12,48950,48918.3,120,48934.1,30,0,601920
BANKNIFTY-II.NFO,07/03/2025,09:37:13,48950,48921.9,120,48939.95,30,0,601920
BANKNIFTY-II.NFO,07/03/2025,09:37:15,48950,48926.75,120,48944.75,30,0,601920
BANKNIFTY-II.NFO,07/03/2025,09:37:17,48950,48928.25,150,48941.95,30,0,601920
BANKNIFTY-II.NFO,07/03/2025,09:37:18,48950,48924.35,120,48942.85,60,0,601920
BANKNIFTY-II.NFO,07/03/2025,09:37:20,48950,48922,150,48935.2,30,0,601920
BANKNIFTY-II.NFO,07/03/2025,09:37:22,48950,48918.9,120,48936.2,30,0,601920
BANKNIFTY-II.NFO,07/03/2025,09:37:23,48950,48918.3,120,48933,30,0,601920
BANKNIFTY-II.NFO,07/03/2025,09:37:25,48950,48921.9,120,48939.05,30,0,601920
BANKNIFTY-II.NFO,07/03/2025,09:37:27,48950,48920,120,48938.95,30,0,601920
BANKNIFTY-II.NFO,07/03/2025,09:37:28,48950,48914.85,120,48932.3,60,0,601920
BANKNIFTY-II.NFO,07/03/2025,09:37:30,48950,48911.1,30,48922.5,30,0,601920
BANKNIFTY-II.NFO,07/03/2025,09:37:32,48950,48911.15,30,48923.5,30,0,601920
BANKNIFTY-II.NFO,07/03/2025,09:37:33,48950,48911.1,30,48923.1,30,0,601920
BANKNIFTY-II.NFO,07/03/2025,09:37:35,48950,48911.1,30,48917.95,30,0,601920
BANKNIFTY-II.NFO,07/03/2025,09:37:37,48950,48911.1,30,48920.7,30,0,601920
BANKNIFTY-II.NFO,07/03/2025,09:37:38,48950,48911.1,30,48914.95,60,0,601920
BANKNIFTY-II.NFO,07/03/2025,09:37:40,48911.1,48900,120,48910.1,30,30,601920
BANKNIFTY-II.NFO,07/03/2025,09:37:42,48911.1,48900.55,120,48911,30,0,601920
BANKNIFTY-II.NFO,07/03/2025,09:37:43,48911.1,48900.15,150,48911,30,0,601920
BANKNIFTY-II.NFO,07/03/2025,09:37:45,48911.1,48902.35,120,48911,30,0,601920
BANKNIFTY-II.NFO,07/03/2025,09:37:47,48911.1,48902.5,150,48917.95,30,0,601920
BANKNIFTY-II.NFO,07/03/2025,09:37:48,48911.1,48905.45,150,48923.3,30,0,601920
BANKNIFTY-II.NFO,07/03/2025,09:37:50,48911.1,48915.55,150,48934.3,30,0,601920
BANKNIFTY-II.NFO,07/03/2025,09:37:52,48911.1,48918.1,120,48936.3,30,0,601920
BANKNIFTY-II.NFO,07/03/2025,09:37:53,48911.1,48919.7,120,48935.95,30,0,601920
BANKNIFTY-II.NFO,07/03/2025,09:37:55,48911.1,48921.3,120,48935.95,30,0,601920
BANKNIFTY-II.NFO,07/03/2025,09:37:57,48911.1,48925,150,48938.95,30,0,601920
BANKNIFTY-II.NFO,07/03/2025,09:37:58,48911.1,48923.25,150,48938.6,30,0,601920
BANKNIFTY-II.NFO,07/03/2025,09:38:00,48911.1,48925.9,120,48946.05,30,0,601920
BANKNIFTY-II.NFO,07/03/2025,09:38:02,48911.1,48931.7,120,48947.95,30,0,601920
BANKNIFTY-II.NFO,07/03/2025,09:38:03,48911.1,48933,150,48947.95,30,0,601920
BANKNIFTY-II.NFO,07/03/2025,09:38:05,48911.1,48930.15,120,48944.95,30,0,601920
BANKNIFTY-II.NFO,07/03/2025,09:38:07,48911.1,48927.5,120,48941.95,30,0,601920
BANKNIFTY-II.NFO,07/03/2025,09:38:08,48911.1,48919.95,120,48935.95,30,0,601920
BANKNIFTY-II.NFO,07/03/2025,09:38:10,48911.1,48921.35,150,48935.95,30,0,601920
BANKNIFTY-II.NFO,07/03/2025,09:38:12,48911.1,48923.55,120,48941.95,30,0,601920
BANKNIFTY-II.NFO,07/03/2025,09:38:13,48911.1,48929.25,120,48947.95,30,0,601920
BANKNIFTY-II.NFO,07/03/2025,09:38:15,48911.1,48937,150,48958.9,90,0,601920
BANKNIFTY-II.NFO,07/03/2025,09:38:17,48911.1,48939.2,120,48953.95,30,0,601920
BANKNIFTY-II.NFO,07/03/2025,09:38:18,48911.1,48937.7,120,48953.95,90,0,601920
BANKNIFTY-II.NFO,07/03/2025,09:38:20,48911.1,48937.15,120,48954.95,30,0,601920
BANKNIFTY-II.NFO,07/03/2025,09:38:22,48953.95,48938.65,150,48953.95,30,30,601920
BANKNIFTY-II.NFO,07/03/2025,09:38:23,48953.95,48937.5,120,48955.2,30,0,601920
BANKNIFTY-II.NFO,07/03/2025,09:38:25,48953.95,48936.1,90,48951.4,60,0,601920
BANKNIFTY-II.NFO,07/03/2025,09:38:27,48953.95,48933.6,150,48949.75,30,0,601920
BANKNIFTY-II.NFO,07/03/2025,09:38:28,48953.95,48942.1,150,48954.5,30,0,601920
BANKNIFTY-II.NFO,07/03/2025,09:38:30,48953.95,48942.8,120,48958.75,30,0,601920
BANKNIFTY-II.NFO,07/03/2025,09:38:32,48953.95,48945.1,150,48958.75,30,0,601920
BANKNIFTY-II.NFO,07/03/2025,09:38:34,48953.95,48943.25,120,48959.95,30,0,601920
BANKNIFTY-II.NFO,07/03/2025,09:38:35,48953.95,48933.9,30,48949.8,60,0,601920
BANKNIFTY-II.NFO,07/03/2025,09:38:37,48953.95,48928.75,150,48944.9,60,0,601920
BANKNIFTY-II.NFO,07/03/2025,09:38:39,48953.95,48928.8,150,48942.7,30,0,601920
BANKNIFTY-II.NFO,07/03/2025,09:38:40,48953.95,48930.4,120,48947,30,0,601920
BANKNIFTY-II.NFO,07/03/2025,09:38:42,48953.95,48930.1,210,48944.85,30,0,601920
BANKNIFTY-II.NFO,07/03/2025,09:38:44,48953.95,48927.5,120,48944.6,30,0,601920
BANKNIFTY-II.NFO,07/03/2025,09:38:45,48953.95,48927.2,120,48943.8,30,0,601920
BANKNIFTY-II.NFO,07/03/2025,09:38:47,48953.95,48925.75,150,48940.4,30,0,601920
BANKNIFTY-II.NFO,07/03/2025,09:38:49,48953.95,48930.05,60,48944.35,150,0,601920
BANKNIFTY-II.NFO,07/03/2025,09:38:50,48953.95,48927.25,150,48941.6,30,0,601920
BANKNIFTY-II.NFO,07/03/2025,09:38:52,48953.95,48920.15,120,48934.55,30,0,601920
BANKNIFTY-II.NFO,07/03/2025,09:38:54,48933.9,48914.75,90,48929.65,90,30,601920
BANKNIFTY-II.NFO,07/03/2025,09:38:55,48933.9,48915.15,120,48930.35,60,0,601920
BANKNIFTY-II.NFO,07/03/2025,09:38:57,48933.9,48912.4,120,48928.25,30,0,601920
BANKNIFTY-II.NFO,07/03/2025,09:38:59,48933.9,48906.65,120,48923.35,90,0,601920
BANKNIFTY-II.NFO,07/03/2025,09:39:00,48922,48900.1,120,48916.6,60,30,601920
BANKNIFTY-II.NFO,07/03/2025,09:39:02,48922,48903.1,120,48918.85,30,0,601920
BANKNIFTY-II.NFO,07/03/2025,09:39:04,48922,48904.4,120,48920.5,60,0,601920
BANKNIFTY-II.NFO,07/03/2025,09:39:05,48922,48905.15,150,48920.5,30,0,601920
BANKNIFTY-II.NFO,07/03/2025,09:39:07,48922,48906.55,120,48922.5,60,0,601920
BANKNIFTY-II.NFO,07/03/2025,09:39:09,48922,48906.05,60,48920.3,60,0,601920
BANKNIFTY-II.NFO,07/03/2025,09:39:10,48922,48906.05,60,48918.8,150,0,601920
BANKNIFTY-II.NFO,07/03/2025,09:39:12,48922,48900.05,60,48914.2,30,0,601920
BANKNIFTY-II.NFO,07/03/2025,09:39:14,48922,48900,210,48913.6,30,0,601920
BANKNIFTY-II.NFO,07/03/2025,09:39:15,48922,48901.4,120,48916.4,60,0,601920
BANKNIFTY-II.NFO,07/03/2025,09:39:17,48922,48904.3,120,48920.85,60,0,601920
BANKNIFTY-II.NFO,07/03/2025,09:39:19,48922,48902.05,120,48917.95,30,0,601920
BANKNIFTY-II.NFO,07/03/2025,09:39:20,48922,48901.55,150,48914.95,30,0,601920
BANKNIFTY-II.NFO,07/03/2025,09:39:22,48922,48907,900,48916,60,0,601920
BANKNIFTY-II.NFO,07/03/2025,09:39:24,48922,48907,900,48915.8,60,0,601920
BANKNIFTY-II.NFO,07/03/2025,09:39:25,48922,48907,900,48910.55,30,0,601920
BANKNIFTY-II.NFO,07/03/2025,09:39:27,48907,48900,180,48902.2,60,900,602040
BANKNIFTY-II.NFO,07/03/2025,09:39:29,48907,48900,180,48905,60,0,602040
BANKNIFTY-II.NFO,07/03/2025,09:39:30,48907,48900,150,48905.55,30,0,602040
BANKNIFTY-II.NFO,07/03/2025,09:39:32,48900,48890,30,48899.75,30,150,602040
BANKNIFTY-II.NFO,07/03/2025,09:39:34,48900,48890,30,48898.35,30,0,602040
BANKNIFTY-II.NFO,07/03/2025,09:39:35,48900,48890,30,48896.95,30,0,602040
BANKNIFTY-II.NFO,07/03/2025,09:39:37,48880.05,48880,570,48889,60,90,602040
BANKNIFTY-II.NFO,07/03/2025,09:39:39,48880.05,48880,570,48884.75,30,0,602040
BANKNIFTY-II.NFO,07/03/2025,09:39:40,48880,48875,30,48877.55,60,570,602040
BANKNIFTY-II.NFO,07/03/2025,09:39:42,48875,48866.3,120,48879.95,60,30,602040
BANKNIFTY-II.NFO,07/03/2025,09:39:44,48875,48865.75,60,48881.15,30,0,602040
BANKNIFTY-II.NFO,07/03/2025,09:39:45,48875,48867.15,120,48884.05,60,0,602040
BANKNIFTY-II.NFO,07/03/2025,09:39:47,48875,48866.5,150,48881.95,30,0,602040
BANKNIFTY-II.NFO,07/03/2025,09:39:49,48875,48868.1,120,48881.95,30,0,602040
BANKNIFTY-II.NFO,07/03/2025,09:39:50,48875,48870.6,120,48884.95,30,0,602040
BANKNIFTY-II.NFO,07/03/2025,09:39:52,48875,48865.8,180,48878.15,60,0,602040
BANKNIFTY-II.NFO,07/03/2025,09:39:54,48875,48867.1,150,48880.9,150,0,602040
BANKNIFTY-II.NFO,07/03/2025,09:39:55,48875,48868.55,120,48884.95,30,0,602040
BANKNIFTY-II.NFO,07/03/2025,09:39:57,48875,48865.8,150,48878.5,150,0,602040
BANKNIFTY-II.NFO,07/03/2025,09:39:59,48875,48865.75,30,48873.6,150,0,602040
BANKNIFTY-II.NFO,07/03/2025,09:40:00,48863.95,48860,120,48869.5,30,60,602040
BANKNIFTY-II.NFO,07/03/2025,09:40:00,48863.95,48860,120,48869.5,30,0,602040
BANKNIFTY-II.NFO,07/03/2025,09:40:02,48863.95,48860.05,60,48870.8,30,0,602040
BANKNIFTY-II.NFO,07/03/2025,09:40:04,48863.95,48863.8,120,48878.95,30,0,602040
BANKNIFTY-II.NFO,07/03/2025,09:40:05,48863.95,48871.3,120,48885.3,60,0,602040
BANKNIFTY-II.NFO,07/03/2025,09:40:07,48863.95,48870.65,150,48882.7,30,0,602040
BANKNIFTY-II.NFO,07/03/2025,09:40:09,48863.95,48871.8,120,48889.9,180,0,602040
BANKNIFTY-II.NFO,07/03/2025,09:40:10,48863.95,48877.65,120,48893.95,30,0,602040
BANKNIFTY-II.NFO,07/03/2025,09:40:12,48863.95,48880.3,120,48896.7,60,0,602040
BANKNIFTY-II.NFO,07/03/2025,09:40:13,48863.95,48866.95,120,48879.05,60,0,602040
BANKNIFTY-II.NFO,07/03/2025,09:40:15,48863.95,48864.9,120,48878.95,30,0,602040
BANKNIFTY-II.NFO,07/03/2025,09:40:17,48863.95,48866.5,150,48878.95,30,0,602040
BANKNIFTY-II.NFO,07/03/2025,09:40:18,48863.95,48860.05,60,48875.25,60,0,602040
BANKNIFTY-II.NFO,07/03/2025,09:40:20,48863.95,48865.7,120,48879.55,60,0,602040
BANKNIFTY-II.NFO,07/03/2025,09:40:22,48863.95,48866.7,120,48882.6,60,0,602040
BANKNIFTY-II.NFO,07/03/2025,09:40:23,48863.95,48871.8,120,48885.85,30,0,602040
BANKNIFTY-II.NFO,07/03/2025,09:40:25,48863.95,48864.7,150,48878.6,150,0,602040
BANKNIFTY-II.NFO,07/03/2025,09:40:27,48863.95,48863.15,30,48875.95,30,0,602040
BANKNIFTY-II.NFO,07/03/2025,09:40:28,48863.95,48861.05,120,48882.15,60,0,602040
BANKNIFTY-II.NFO,07/03/2025,09:40:30,48867.15,48867.65,120,48882.7,30,30,602040
BANKNIFTY-II.NFO,07/03/2025,09:40:32,48867.15,48864,90,48876.8,30,0,602040
BANKNIFTY-II.NFO,07/03/2025,09:40:33,48867.15,48863.95,30,48872.45,150,0,602040
BANKNIFTY-II.NFO,07/03/2025,09:40:35,48867.15,48863.95,60,48875.2,60,0,602040
BANKNIFTY-II.NFO,07/03/2025,09:40:37,48863.95,48868,30,48877.25,30,30,602040
BANKNIFTY-II.NFO,07/03/2025,09:40:38,48875.45,48868,30,48875.3,30,30,602040
BANKNIFTY-II.NFO,07/03/2025,09:40:40,48875.45,48868.3,180,48883.2,30,0,602040
BANKNIFTY-II.NFO,07/03/2025,09:40:42,48875.45,48868.35,150,48884,30,0,602040
BANKNIFTY-II.NFO,07/03/2025,09:40:43,48863.8,48863.8,90,48878.8,150,270,602040
BANKNIFTY-II.NFO,07/03/2025,09:40:43,48863.8,48863.8,90,48878.8,150,0,602040
BANKNIFTY-II.NFO,07/03/2025,09:40:45,48863.8,48862.4,120,48876.7,120,0,602040
BANKNIFTY-II.NFO,07/03/2025,09:40:47,48863.8,48861.6,90,48875.55,120,0,602040
BANKNIFTY-II.NFO,07/03/2025,09:40:48,48863.8,48860,120,48867.55,120,0,602040
BANKNIFTY-II.NFO,07/03/2025,09:40:50,48865,48860,120,48863.1,120,120,602040
BANKNIFTY-II.NFO,07/03/2025,09:40:52,48860,48851.2,90,48863.6,30,120,602040
BANKNIFTY-II.NFO,07/03/2025,09:40:52,48860,48851.2,90,48863.6,30,0,602040
BANKNIFTY-II.NFO,07/03/2025,09:40:53,48860,48851.05,60,48861.45,30,0,602040
BANKNIFTY-II.NFO,07/03/2025,09:40:55,48860,48851,30,48857.75,30,0,602040
BANKNIFTY-II.NFO,07/03/2025,09:40:57,48860,48851,30,48859.9,180,0,602040
BANKNIFTY-II.NFO,07/03/2025,09:40:58,48860,48851,30,48854.4,30,0,602040
BANKNIFTY-II.NFO,07/03/2025,09:41:00,48860,48851,30,48855.3,120,0,602040
BANKNIFTY-II.NFO,07/03/2025,09:41:02,48860,48851,30,48853.3,30,0,602040
BANKNIFTY-II.NFO,07/03/2025,09:41:03,48860,48851,30,48858.05,150,0,602040
BANKNIFTY-II.NFO,07/03/2025,09:41:05,48851,48850,150,48855.4,120,30,602040
BANKNIFTY-II.NFO,07/03/2025,09:41:05,48851,48850,150,48855.4,120,0,602040
BANKNIFTY-II.NFO,07/03/2025,09:41:07,48851,48850,150,48855.9,30,0,602040
BANKNIFTY-II.NFO,07/03/2025,09:41:08,48851,48850.05,120,48865.6,150,0,602040
BANKNIFTY-II.NFO,07/03/2025,09:41:10,48851,48850.5,90,48863.85,30,0,602040
BANKNIFTY-II.NFO,07/03/2025,09:41:12,48850,48850,60,48859.1,120,90,602040
BANKNIFTY-II.NFO,07/03/2025,09:41:12,48850,48850,60,48859.1,120,0,602040
BANKNIFTY-II.NFO,07/03/2025,09:41:13,48850,48850,60,48852.6,30,0,602040
BANKNIFTY-II.NFO,07/03/2025,09:41:15,48850,48850,60,48860.4,30,0,602040
BANKNIFTY-II.NFO,07/03/2025,09:41:17,48850,48850.35,90,48863.95,30,0,602040
BANKNIFTY-II.NFO,07/03/2025,09:41:18,48850,48852,90,48863.95,30,0,602040
BANKNIFTY-II.NFO,07/03/2025,09:41:20,48850,48854.3,90,48873.85,30,0,602040
BANKNIFTY-II.NFO,07/03/2025,09:41:22,48850,48856.2,90,48872.5,30,0,602040
BANKNIFTY-II.NFO,07/03/2025,09:41:23,48850,48858.8,90,48876.55,120,0,602040
BANKNIFTY-II.NFO,07/03/2025,09:41:25,48850,48857.15,90,48872.8,120,0,602040
BANKNIFTY-II.NFO,07/03/2025,09:41:27,48850,48856.85,90,48875.95,30,0,602040
BANKNIFTY-II.NFO,07/03/2025,09:41:28,48875.85,48859.3,90,48875.9,120,30,602040
BANKNIFTY-II.NFO,07/03/2025,09:41:30,48875.85,48856.35,90,48869.95,30,0,602040
BANKNIFTY-II.NFO,07/03/2025,09:41:32,48875.85,48857.95,90,48872.9,120,0,602040
BANKNIFTY-II.NFO,07/03/2025,09:41:33,48875.85,48856.4,90,48869.95,30,0,602040
BANKNIFTY-II.NFO,07/03/2025,09:41:35,48869.95,48857.8,120,48872.95,30,30,602040
BANKNIFTY-II.NFO,07/03/2025,09:41:37,48869.95,48851.75,90,48868.55,120,0,602040
BANKNIFTY-II.NFO,07/03/2025,09:41:38,48869.95,48850,90,48862.2,120,0,602040
BANKNIFTY-II.NFO,07/03/2025,09:41:40,48869.95,48850,90,48864.6,120,0,602040
BANKNIFTY-II.NFO,07/03/2025,09:41:42,48869.95,48850,60,48857.35,60,0,602040
BANKNIFTY-II.NFO,07/03/2025,09:41:43,48869.95,48850,60,48856.9,60,0,602040
BANKNIFTY-II.NFO,07/03/2025,09:41:45,48869.95,48850,90,48855.9,60,0,602040
BANKNIFTY-II.NFO,07/03/2025,09:41:47,48869.95,48850,90,48857.75,120,0,602040
BANKNIFTY-II.NFO,07/03/2025,09:41:48,48869.95,48850,90,48857.95,120,0,602040
BANKNIFTY-II.NFO,07/03/2025,09:41:50,48869.95,48850.05,60,48862.95,120,0,602040
BANKNIFTY-II.NFO,07/03/2025,09:41:52,48868.2,48852.05,120,48868.2,150,30,602040
BANKNIFTY-II.NFO,07/03/2025,09:41:53,48868.2,48854.25,30,48868.1,150,0,602040
BANKNIFTY-II.NFO,07/03/2025,09:41:55,48868.2,48850.05,60,48862.85,150,0,602040
BANKNIFTY-II.NFO,07/03/2025,09:41:57,48868.2,48850.05,90,48863.1,120,0,602040
BANKNIFTY-II.NFO,07/03/2025,09:41:58,48868.2,48850,90,48859.95,120,0,602040
BANKNIFTY-II.NFO,07/03/2025,09:42:00,48868.2,48850,90,48856.85,120,0,602040
BANKNIFTY-II.NFO,07/03/2025,09:42:01,48868.2,48850,90,48860.9,120,0,602040
BANKNIFTY-II.NFO,07/03/2025,09:42:03,48868.2,48850,90,48861.75,150,0,602040
BANKNIFTY-II.NFO,07/03/2025,09:42:05,48868.2,48850.15,120,48863.9,150,0,602040
BANKNIFTY-II.NFO,07/03/2025,09:42:06,48868.2,48850,90,48860.3,120,0,602040
BANKNIFTY-II.NFO,07/03/2025,09:42:08,48868.2,48851.65,150,48870.4,150,0,602040
BANKNIFTY-II.NFO,07/03/2025,09:42:10,48868.2,48853.05,120,48868.65,120,0,602040
BANKNIFTY-II.NFO,07/03/2025,09:42:11,48868.2,48854.45,150,48869.9,210,0,602040
BANKNIFTY-II.NFO,07/03/2025,09:42:13,48868.2,48851.2,120,48866.95,30,0,602040
BANKNIFTY-II.NFO,07/03/2025,09:42:15,48868.2,48850.35,150,48863.9,120,0,602040
BANKNIFTY-II.NFO,07/03/2025,09:42:16,48868.2,48850,90,48859.8,120,0,602040
BANKNIFTY-II.NFO,07/03/2025,09:42:18,48868.2,48850,90,48854.4,120,0,602040
BANKNIFTY-II.NFO,07/03/2025,09:42:20,48868.2,48850,90,48861.9,120,0,602040
BANKNIFTY-II.NFO,07/03/2025,09:42:21,48868.2,48850.55,120,48865.4,120,0,602040
BANKNIFTY-II.NFO,07/03/2025,09:42:23,48868.2,48850,90,48858.2,120,0,602040
BANKNIFTY-II.NFO,07/03/2025,09:42:24,48868.2,48850.3,120,48863.4,120,0,602040
BANKNIFTY-II.NFO,07/03/2025,09:42:26,48868.2,48850.05,60,48863.9,120,0,602040
BANKNIFTY-II.NFO,07/03/2025,09:42:28,48868.2,48850.35,120,48863.9,120,0,602040
BANKNIFTY-II.NFO,07/03/2025,09:42:29,48868.2,48851.95,120,48863.95,30,0,602040
BANKNIFTY-II.NFO,07/03/2025,09:42:31,48868.2,48850.55,120,48863.95,30,0,602040
BANKNIFTY-II.NFO,07/03/2025,09:42:33,48868.2,48852.15,120,48866.9,120,0,602040
BANKNIFTY-II.NFO,07/03/2025,09:42:34,48868.2,48850.75,120,48866.9,120,0,602040
BANKNIFTY-II.NFO,07/03/2025,09:42:36,48868.2,48854.35,120,48872.3,120,0,602040
BANKNIFTY-II.NFO,07/03/2025,09:42:38,48868.2,48855.65,150,48869.9,120,0,602040
BANKNIFTY-II.NFO,07/03/2025,09:42:39,48868.2,48850.35,120,48866.9,120,0,602040
BANKNIFTY-II.NFO,07/03/2025,09:42:41,48868.2,48852,120,48866.9,120,0,602040
BANKNIFTY-II.NFO,07/03/2025,09:42:43,48868.2,48862.4,30,48864,120,0,602040
BANKNIFTY-II.NFO,07/03/2025,09:42:44,48868.2,48862.4,30,48870.95,120,0,602040
BANKNIFTY-II.NFO,07/03/2025,09:42:46,48855.75,48852.4,120,48866.9,120,60,602040
BANKNIFTY-II.NFO,07/03/2025,09:42:48,48855.75,48851.85,120,48866.95,30,0,603120
BANKNIFTY-II.NFO,07/03/2025,09:42:49,48855.75,48851,150,48866.9,120,0,603120
BANKNIFTY-II.NFO,07/03/2025,09:42:51,48855.75,48852.4,150,48866.95,30,0,603120
BANKNIFTY-II.NFO,07/03/2025,09:42:53,48855.75,48853.7,120,48869.9,150,0,603120
BANKNIFTY-II.NFO,07/03/2025,09:42:54,48855.75,48855.1,120,48872.25,150,0,603120
BANKNIFTY-II.NFO,07/03/2025,09:42:56,48855.75,48856.6,120,48872.9,150,0,603120
BANKNIFTY-II.NFO,07/03/2025,09:42:58,48855.75,48859.85,120,48872.95,30,0,603120
BANKNIFTY-II.NFO,07/03/2025,09:42:59,48855.75,48862.15,120,48878.9,150,0,603120
BANKNIFTY-II.NFO,07/03/2025,09:43:01,48855.75,48858.35,120,48874.9,150,0,603120
BANKNIFTY-II.NFO,07/03/2025,09:43:02,48855.75,48859.2,120,48878.05,120,0,603120
BANKNIFTY-II.NFO,07/03/2025,09:43:04,48855.75,48861.35,150,48878.45,120,0,603120
BANKNIFTY-II.NFO,07/03/2025,09:43:06,48855.75,48862.75,150,48880.8,120,0,603120
BANKNIFTY-II.NFO,07/03/2025,09:43:07,48855.75,48861.7,150,48878.7,120,0,603120
BANKNIFTY-II.NFO,07/03/2025,09:43:09,48855.75,48863,120,48878.5,150,0,603120
BANKNIFTY-II.NFO,07/03/2025,09:43:11,48875,48864.5,120,48875,90,30,603120
BANKNIFTY-II.NFO,07/03/2025,09:43:12,48875,48859.6,30,48874.55,150,0,603120
BANKNIFTY-II.NFO,07/03/2025,09:43:14,48875,48860.05,150,48875,90,0,603120
BANKNIFTY-II.NFO,07/03/2025,09:43:16,48875,48862.25,120,48875,90,0,603120
BANKNIFTY-II.NFO,07/03/2025,09:43:17,48875,48860.4,150,48874.95,120,0,603120
BANKNIFTY-II.NFO,07/03/2025,09:43:19,48875,48856.8,150,48873.35,150,0,603120
BANKNIFTY-II.NFO,07/03/2025,09:43:21,48875,48859.5,120,48875,90,0,603120
BANKNIFTY-II.NFO,07/03/2025,09:43:22,48875,48867.15,120,48875,90,0,603120
BANKNIFTY-II.NFO,07/03/2025,09:43:24,48875,48872.1,150,48888.95,120,90,603120
BANKNIFTY-II.NFO,07/03/2025,09:43:26,48875,48873.8,150,48888.95,150,0,603120
BANKNIFTY-II.NFO,07/03/2025,09:43:27,48875,48875.3,120,48888.95,30,0,603120
BANKNIFTY-II.NFO,07/03/2025,09:43:29,48875,48876.9,150,48889,30,0,603120
BANKNIFTY-II.NFO,07/03/2025,09:43:31,48875,48874.15,120,48889,30,0,603120
BANKNIFTY-II.NFO,07/03/2025,09:43:32,48875,48872.7,120,48889,60,0,603120
BANKNIFTY-II.NFO,07/03/2025,09:43:34,48875,48879.75,120,48889,30,0,603120
BANKNIFTY-II.NFO,07/03/2025,09:43:36,48875,48879.05,150,48889,30,0,603120
BANKNIFTY-II.NFO,07/03/2025,09:43:37,48875,48881.9,150,48889,30,0,603120
BANKNIFTY-II.NFO,07/03/2025,09:43:39,48889.9,48890.2,90,48910.65,120,60,603120
BANKNIFTY-II.NFO,07/03/2025,09:43:41,48889.9,48893.5,90,48912.3,120,0,603120
BANKNIFTY-II.NFO,07/03/2025,09:43:42,48889.9,48900.45,120,48919.35,150,0,603120
BANKNIFTY-II.NFO,07/03/2025,09:43:44,48889.9,48893.15,90,48912.7,120,0,603120
BANKNIFTY-II.NFO,07/03/2025,09:43:46,48889.9,48887.4,120,48906.9,120,0,603120
BANKNIFTY-II.NFO,07/03/2025,09:43:47,48889.9,48883.15,90,48903,120,0,603120
BANKNIFTY-II.NFO,07/03/2025,09:43:49,48902.9,48875.8,120,48896.25,150,30,603120
BANKNIFTY-II.NFO,07/03/2025,09:43:51,48902.9,48879.65,120,48897.3,120,0,603120
BANKNIFTY-II.NFO,07/03/2025,09:43:52,48902.9,48870.95,120,48890.55,120,0,603120
BANKNIFTY-II.NFO,07/03/2025,09:43:54,48902.9,48872.2,150,48890.3,120,0,603120
BANKNIFTY-II.NFO,07/03/2025,09:43:56,48902.9,48873.85,120,48892.25,120,0,603120
BANKNIFTY-II.NFO,07/03/2025,09:43:57,48902.9,48867.65,120,48886.4,120,0,603120
BANKNIFTY-II.NFO,07/03/2025,09:43:59,48902.9,48875.5,30,48884.05,120,0,603120
BANKNIFTY-II.NFO,07/03/2025,09:44:01,48875.5,48860.1,120,48875.9,150,30,603120
BANKNIFTY-II.NFO,07/03/2025,09:44:02,48875.5,48867.85,150,48886.5,150,0,603120
BANKNIFTY-II.NFO,07/03/2025,09:44:04,48875.5,48870.75,180,48890.5,120,0,603120
BANKNIFTY-II.NFO,07/03/2025,09:44:06,48875.5,48868.35,60,48884.75,150,0,603120
BANKNIFTY-II.NFO,07/03/2025,09:44:07,48875,48871.95,120,48892.95,150,30,603120
BANKNIFTY-II.NFO,07/03/2025,09:44:09,48875,48877,90,48897.7,30,0,603120
BANKNIFTY-II.NFO,07/03/2025,09:44:11,48875,48880.65,120,48899.6,120,0,603120
BANKNIFTY-II.NFO,07/03/2025,09:44:12,48875,48885.65,150,48902.75,150,0,603120
BANKNIFTY-II.NFO,07/03/2025,09:44:14,48875,48884.35,120,48902.45,120,0,603120
BANKNIFTY-II.NFO,07/03/2025,09:44:16,48875,48884.2,150,48902.65,120,0,603120
BANKNIFTY-II.NFO,07/03/2025,09:44:17,48875,48879,120,48897.2,120,0,603120
BANKNIFTY-II.NFO,07/03/2025,09:44:19,48875,48882.25,120,48901.5,150,0,603120
BANKNIFTY-II.NFO,07/03/2025,09:44:21,48902.55,48884.15,150,48902.55,90,30,603120
BANKNIFTY-II.NFO,07/03/2025,09:44:22,48902.55,48883.8,150,48902.65,90,0,603120
BANKNIFTY-II.NFO,07/03/2025,09:44:24,48902.55,48885.2,150,48902.85,120,0,603120
BANKNIFTY-II.NFO,07/03/2025,09:44:26,48902.7,48884.1,120,48901.95,60,30,603120
BANKNIFTY-II.NFO,07/03/2025,09:44:27,48902.7,48885.4,120,48902.85,90,0,603120
BANKNIFTY-II.NFO,07/03/2025,09:44:29,48902.7,48885.2,120,48902.75,60,0,603120
BANKNIFTY-II.NFO,07/03/2025,09:44:31,48902.7,48885.2,120,48902.85,90,0,603120
BANKNIFTY-II.NFO,07/03/2025,09:44:32,48902.7,48884.3,120,48902.85,90,0,603120
BANKNIFTY-II.NFO,07/03/2025,09:44:34,48902.7,48885.7,120,48902.85,90,0,603120
BANKNIFTY-II.NFO,07/03/2025,09:44:35,48902.7,48885.35,120,48900,30,0,603120
BANKNIFTY-II.NFO,07/03/2025,09:44:37,48902.7,48881.1,120,48896.9,90,0,603120
BANKNIFTY-II.NFO,07/03/2025,09:44:39,48902.7,48884.75,120,48900,30,0,603120
BANKNIFTY-II.NFO,07/03/2025,09:44:40,48902.7,48889.15,150,48900,30,0,603120
BANKNIFTY-II.NFO,07/03/2025,09:44:42,48902.7,48886.25,150,48900,30,0,603120
BANKNIFTY-II.NFO,07/03/2025,09:44:44,48902.7,48887.65,150,48900,30,0,603120
BANKNIFTY-II.NFO,07/03/2025,09:44:45,48902.7,48884.75,120,48899.95,60,0,603120
BANKNIFTY-II.NFO,07/03/2025,09:44:47,48902.7,48886.25,150,48900,30,0,603120
BANKNIFTY-II.NFO,07/03/2025,09:44:49,48902.7,48890.95,150,48900,30,0,603120
BANKNIFTY-II.NFO,07/03/2025,09:44:50,48902.7,48894,150,48900,30,0,603120
BANKNIFTY-II.NFO,07/03/2025,09:44:52,48902.7,48895.1,150,48900,30,0,603120
BANKNIFTY-II.NFO,07/03/2025,09:44:53,48902.7,48893.8,150,48900,30,0,603120
BANKNIFTY-II.NFO,07/03/2025,09:44:55,48902.7,48892.95,150,48900,30,0,603120
BANKNIFTY-II.NFO,07/03/2025,09:44:57,48906.65,48890.5,150,48908.9,30,150,603120
BANKNIFTY-II.NFO,07/03/2025,09:44:59,48906.65,48891.9,150,48910.5,30,0,603120
BANKNIFTY-II.NFO,07/03/2025,09:45:00,48906.65,48892.4,120,48912.45,30,0,603120
BANKNIFTY-II.NFO,07/03/2025,09:45:02,48906.65,48895.6,120,48914.65,30,0,603120
BANKNIFTY-II.NFO,07/03/2025,09:45:04,48906.65,48900.25,120,48917.95,30,0,603120
BANKNIFTY-II.NFO,07/03/2025,09:45:05,48906.65,48898.4,120,48914.95,30,0,603120
BANKNIFTY-II.NFO,07/03/2025,09:45:07,48906.65,48899.9,150,48914.95,60,0,603120
BANKNIFTY-II.NFO,07/03/2025,09:45:09,48906.65,48899.4,120,48917.95,60,0,603120
BANKNIFTY-II.NFO,07/03/2025,09:45:10,48906.65,48900.8,120,48917.95,60,0,603120
BANKNIFTY-II.NFO,07/03/2025,09:45:12,48906.65,48898.95,120,48917.95,60,0,603120
BANKNIFTY-II.NFO,07/03/2025,09:45:13,48906.65,48900.25,120,48920.9,30,0,603120
BANKNIFTY-II.NFO,07/03/2025,09:45:15,48906.65,48901.65,120,48924.45,30,0,603120
BANKNIFTY-II.NFO,07/03/2025,09:45:17,48906.65,48900,120,48917.95,60,0,603120
BANKNIFTY-II.NFO,07/03/2025,09:45:18,48906.65,48901.5,120,48917.95,60,0,603120
BANKNIFTY-II.NFO,07/03/2025,09:45:20,48906.65,48901.2,150,48920.6,60,0,603120
BANKNIFTY-II.NFO,07/03/2025,09:45:22,48906.65,48901.55,30,48920,60,0,603120
BANKNIFTY-II.NFO,07/03/2025,09:45:23,48906.65,48899.15,150,48917.4,30,0,603120
BANKNIFTY-II.NFO,07/03/2025,09:45:25,48906.65,48900.75,120,48921.3,30,0,603120
BANKNIFTY-II.NFO,07/03/2025,09:45:27,48906.65,48900.15,150,48917.3,30,0,603120
BANKNIFTY-II.NFO,07/03/2025,09:45:28,48906.65,48895.7,90,48911.4,30,0,603120
BANKNIFTY-II.NFO,07/03/2025,09:45:30,48906.65,48893.3,90,48911.15,30,0,603120
BANKNIFTY-II.NFO,07/03/2025,09:45:32,48906.65,48894.65,120,48911.05,30,0,603120
BANKNIFTY-II.NFO,07/03/2025,09:45:33,48906.65,48895.05,120,48912.6,60,0,603120
BANKNIFTY-II.NFO,07/03/2025,09:45:35,48906.65,48889.15,120,48907.4,90,0,603120
BANKNIFTY-II.NFO,07/03/2025,09:45:37,48908.8,48888.35,30,48905.85,180,30,603270
BANKNIFTY-II.NFO,07/03/2025,09:45:38,48908.8,48887.8,120,48905.9,60,0,603270
BANKNIFTY-II.NFO,07/03/2025,09:45:40,48908.8,48886.55,120,48903.3,150,0,603270
BANKNIFTY-II.NFO,07/03/2025,09:45:42,48886.45,48885.85,120,48902.9,30,30,603270
BANKNIFTY-II.NFO,07/03/2025,09:45:43,48886.45,48887.25,120,48902.9,60,0,603270
BANKNIFTY-II.NFO,07/03/2025,09:45:45,48886.45,48887.9,120,48908.5,30,0,603270
BANKNIFTY-II.NFO,07/03/2025,09:45:47,48886.45,48889.4,120,48905.95,30,0,603270
BANKNIFTY-II.NFO,07/03/2025,09:45:48,48886.45,48887.8,150,48902.9,30,0,603270
BANKNIFTY-II.NFO,07/03/2025,09:45:50,48886.45,48885.1,90,48899.9,60,0,603270
BANKNIFTY-II.NFO,07/03/2025,09:45:52,48886.45,48885.1,60,48895.6,60,0,603270
BANKNIFTY-II.NFO,07/03/2025,09:45:53,48886.45,48885.1,60,48894.4,30,0,603270
BANKNIFTY-II.NFO,07/03/2025,09:45:55,48886.45,48885.1,60,48897.65,60,0,603270
BANKNIFTY-II.NFO,07/03/2025,09:45:57,48886.45,48885.1,60,48896.35,30,0,603270
BANKNIFTY-II.NFO,07/03/2025,09:45:58,48886.45,48878.25,120,48893.9,60,0,603270
BANKNIFTY-II.NFO,07/03/2025,09:46:00,48886.45,48881.35,150,48899.9,30,0,603270
BANKNIFTY-II.NFO,07/03/2025,09:46:02,48886.45,48882.75,150,48897.85,30,0,603270
BANKNIFTY-II.NFO,07/03/2025,09:46:03,48886.45,48882.2,150,48899.9,30,0,603270
BANKNIFTY-II.NFO,07/03/2025,09:46:05,48886.45,48880.55,120,48897.4,60,0,603270
BANKNIFTY-II.NFO,07/03/2025,09:46:07,48886.45,48877.85,120,48893.9,60,0,603270
BANKNIFTY-II.NFO,07/03/2025,09:46:08,48886.45,48876.85,120,48893.9,60,0,603270
BANKNIFTY-II.NFO,07/03/2025,09:46:10,48886.45,48878.05,120,48893.95,60,0,603270
BANKNIFTY-II.NFO,07/03/2025,09:46:12,48886.45,48879.55,150,48893.95,30,0,603270
BANKNIFTY-II.NFO,07/03/2025,09:46:13,48886.45,48878.35,120,48896.9,60,0,603270
BANKNIFTY-II.NFO,07/03/2025,09:46:15,48886.45,48879.85,120,48899.15,30,0,603270
BANKNIFTY-II.NFO,07/03/2025,09:46:17,48886.45,48881.45,120,48898.65,30,0,603270
BANKNIFTY-II.NFO,07/03/2025,09:46:18,48886.45,48882.85,120,48899.5,60,0,603270
BANKNIFTY-II.NFO,07/03/2025,09:46:20,48886.45,48884.25,120,48902.85,30,0,603270
BANKNIFTY-II.NFO,07/03/2025,09:46:22,48886.45,48883.15,150,48899.9,30,0,603270
BANKNIFTY-II.NFO,07/03/2025,09:46:23,48886.45,48877.35,120,48894.1,60,0,603270
BANKNIFTY-II.NFO,07/03/2025,09:46:25,48886.45,48875.75,30,48883.4,30,0,603270
BANKNIFTY-II.NFO,07/03/2025,09:46:27,48886.45,48875.75,30,48880.45,30,0,603270
BANKNIFTY-II.NFO,07/03/2025,09:46:28,48886.45,48875.75,30,48883.2,30,0,603270
BANKNIFTY-II.NFO,07/03/2025,09:46:30,48886.45,48875.75,30,48885.9,30,0,603270
BANKNIFTY-II.NFO,07/03/2025,09:46:32,48876.25,48876.75,150,48896.85,60,30,603270
BANKNIFTY-II.NFO,07/03/2025,09:46:33,48876.25,48878.15,150,48897.65,60,0,603270
BANKNIFTY-II.NFO,07/03/2025,09:46:35,48876.25,48882.55,120,48903.95,30,0,603270
BANKNIFTY-II.NFO,07/03/2025,09:46:37,48876.25,48887.7,150,48908,60,0,603270
BANKNIFTY-II.NFO,07/03/2025,09:46:38,48876.25,48889.2,150,48902.95,30,0,603270
BANKNIFTY-II.NFO,07/03/2025,09:46:40,48876.25,48890.7,150,48908.95,90,0,603270
BANKNIFTY-II.NFO,07/03/2025,09:46:41,48876.25,48889.7,120,48907.5,90,0,603270
BANKNIFTY-II.NFO,07/03/2025,09:46:43,48876.25,48891.2,150,48906.05,90,0,603270
BANKNIFTY-II.NFO,07/03/2025,09:46:45,48888.35,48888.45,120,48905.1,120,30,603270
BANKNIFTY-II.NFO,07/03/2025,09:46:46,48888.35,48886.7,120,48904.5,120,0,603270
BANKNIFTY-II.NFO,07/03/2025,09:46:48,48888.35,48882.15,120,48900.8,90,0,603270
BANKNIFTY-II.NFO,07/03/2025,09:46:50,48888.35,48883.45,120,48900.05,120,0,603270
BANKNIFTY-II.NFO,07/03/2025,09:46:51,48888.35,48884.75,120,48903.2,90,0,603270
BANKNIFTY-II.NFO,07/03/2025,09:46:53,48888.35,48886.25,150,48901.95,120,0,603270
BANKNIFTY-II.NFO,07/03/2025,09:46:55,48888.35,48887.75,120,48901.95,30,0,603270
BANKNIFTY-II.NFO,07/03/2025,09:46:56,48888.35,48885.45,120,48901.9,120,0,603270
BANKNIFTY-II.NFO,07/03/2025,09:46:58,48886.25,48886.85,150,48901.85,120,30,603270
BANKNIFTY-II.NFO,07/03/2025,09:47:00,48886.25,48878.9,120,48895.8,150,0,603270
BANKNIFTY-II.NFO,07/03/2025,09:47:01,48886.25,48875.75,60,48890.1,150,0,603270
BANKNIFTY-II.NFO,07/03/2025,09:47:03,48886.25,48875.75,30,48876.25,30,0,603270
BANKNIFTY-II.NFO,07/03/2025,09:47:08,48876.25,48875.75,30,48886.9,150,30,603270
BANKNIFTY-II.NFO,07/03/2025,09:47:10,48876.25,48875.75,30,48880.15,120,0,603270
BANKNIFTY-II.NFO,07/03/2025,09:47:11,48875.75,48856.05,150,48871.55,150,30,603270
BANKNIFTY-II.NFO,07/03/2025,09:47:13,48875.75,48857.65,150,48875.7,120,0,603270
BANKNIFTY-II.NFO,07/03/2025,09:47:15,48875.75,48856.4,120,48873,150,0,603270
BANKNIFTY-II.NFO,07/03/2025,09:47:16,48875.75,48852.8,120,48870.1,120,0,603270
BANKNIFTY-II.NFO,07/03/2025,09:47:18,48875.75,48853.75,120,48872.55,120,0,603270
BANKNIFTY-II.NFO,07/03/2025,09:47:20,48875.75,48851.5,120,48870.5,120,0,603270
BANKNIFTY-II.NFO,07/03/2025,09:47:21,48875.75,48852.9,120,48872.05,120,0,603270
BANKNIFTY-II.NFO,07/03/2025,09:47:23,48875.75,48854.5,120,48872.55,120,0,603270
BANKNIFTY-II.NFO,07/03/2025,09:47:25,48875.75,48856,120,48874.85,120,0,603270
BANKNIFTY-II.NFO,07/03/2025,09:47:26,48875.75,48857.4,120,48876.05,120,0,603270
BANKNIFTY-II.NFO,07/03/2025,09:47:28,48875.75,48858.7,120,48878.9,120,0,603270
BANKNIFTY-II.NFO,07/03/2025,09:47:30,48875.75,48863,150,48880,60,0,603270
BANKNIFTY-II.NFO,07/03/2025,09:47:31,48875.75,48857.15,90,48875.3,120,0,603270
BANKNIFTY-II.NFO,07/03/2025,09:47:33,48875.75,48850.4,120,48867.35,120,0,603270
BANKNIFTY-II.NFO,07/03/2025,09:47:35,48875.75,48855.25,150,48871.85,120,0,603270
BANKNIFTY-II.NFO,07/03/2025,09:47:36,48875.75,48855.05,90,48870.7,120,0,603270
BANKNIFTY-II.NFO,07/03/2025,09:47:38,48875.75,48855.05,60,48870.05,150,0,603270
BANKNIFTY-II.NFO,07/03/2025,09:47:39,48875.75,48855.7,120,48872.85,120,0,603270
BANKNIFTY-II.NFO,07/03/2025,09:47:41,48875.75,48857.1,120,48875.9,120,0,603270
BANKNIFTY-II.NFO,07/03/2025,09:47:43,48875.75,48860.5,120,48879.15,120,0,603270
BANKNIFTY-II.NFO,07/03/2025,09:47:44,48875.75,48859.95,120,48879.55,120,0,603270
BANKNIFTY-II.NFO,07/03/2025,09:47:46,48875.75,48861.35,150,48878.7,120,0,603270
BANKNIFTY-II.NFO,07/03/2025,09:47:48,48875.75,48862.85,150,48880.1,120,0,603270
BANKNIFTY-II.NFO,07/03/2025,09:47:49,48875.75,48864.35,150,48880.45,120,0,603270
BANKNIFTY-II.NFO,07/03/2025,09:47:51,48875.75,48863.65,120,48880.6,120,0,603270
BANKNIFTY-II.NFO,07/03/2025,09:47:52,48875.75,48862.6,120,48880.1,120,0,603270
BANKNIFTY-II.NFO,07/03/2025,09:47:54,48875.75,48868.15,150,48885.5,120,0,603270
BANKNIFTY-II.NFO,07/03/2025,09:47:56,48875.75,48869.65,150,48886.7,120,0,603270
BANKNIFTY-II.NFO,07/03/2025,09:47:57,48875.75,48870.95,120,48888.8,120,0,603270
BANKNIFTY-II.NFO,07/03/2025,09:47:59,48875.75,48864.75,120,48884.75,120,0,603270
BANKNIFTY-II.NFO,07/03/2025,09:48:01,48875.75,48861.55,150,48880.45,30,0,603270
BANKNIFTY-II.NFO,07/03/2025,09:48:02,48875.75,48863.85,120,48882.95,120,0,603270
BANKNIFTY-II.NFO,07/03/2025,09:48:04,48875.75,48870.4,180,48887.95,60,0,603270
BANKNIFTY-II.NFO,07/03/2025,09:48:06,48875.75,48876.2,150,48895.1,120,0,603270
BANKNIFTY-II.NFO,07/03/2025,09:48:07,48875.75,48877.95,150,48893.9,150,0,603270
BANKNIFTY-II.NFO,07/03/2025,09:48:09,48875.75,48879.45,120,48893.95,60,0,603270
BANKNIFTY-II.NFO,07/03/2025,09:48:11,48875.75,48880.95,150,48896.9,120,0,603270
BANKNIFTY-II.NFO,07/03/2025,09:48:12,48875.75,48882.75,120,48888,30,0,603270
BANKNIFTY-II.NFO,07/03/2025,09:48:14,48875.75,48884.25,150,48888,30,0,603270
BANKNIFTY-II.NFO,07/03/2025,09:48:16,48875.75,48882.75,150,48888,30,0,603270
BANKNIFTY-II.NFO,07/03/2025,09:48:17,48875.75,48884.15,120,48888,30,0,603270
BANKNIFTY-II.NFO,07/03/2025,09:48:19,48888,48885,120,48905.75,120,30,603270
BANKNIFTY-II.NFO,07/03/2025,09:48:21,48888,48886.3,150,48904.9,150,0,603270
BANKNIFTY-II.NFO,07/03/2025,09:48:22,48888,48882.55,150,48902.45,120,0,603270
BANKNIFTY-II.NFO,07/03/2025,09:48:24,48888,48884.05,120,48901.85,120,0,603270
BANKNIFTY-II.NFO,07/03/2025,09:48:26,48888,48886.55,120,48905.75,120,0,603270
BANKNIFTY-II.NFO,07/03/2025,09:48:27,48888,48889.3,150,48906.45,120,0,603270
BANKNIFTY-II.NFO,07/03/2025,09:48:29,48888,48890.8,120,48909.8,120,0,603270
BANKNIFTY-II.NFO,07/03/2025,09:48:31,48888,48892.35,120,48909.95,150,0,603270
BANKNIFTY-II.NFO,07/03/2025,09:48:32,48888,48891.4,120,48909.95,150,0,603270
BANKNIFTY-II.NFO,07/03/2025,09:48:34,48888,48890.95,120,48909.95,150,0,603270
BANKNIFTY-II.NFO,07/03/2025,09:48:36,48888,48887.9,150,48906.55,120,0,603270
BANKNIFTY-II.NFO,07/03/2025,09:48:37,48888,48885.5,120,48905.85,150,0,603270
BANKNIFTY-II.NFO,07/03/2025,09:48:39,48888,48884.2,120,48902.15,150,0,603270
BANKNIFTY-II.NFO,07/03/2025,09:48:41,48888,48883.05,150,48900.2,150,0,603270
BANKNIFTY-II.NFO,07/03/2025,09:48:42,48888,48882.6,120,48900.2,150,0,603270
BANKNIFTY-II.NFO,07/03/2025,09:48:44,48888,48880.6,120,48900.15,120,0,603270
BANKNIFTY-II.NFO,07/03/2025,09:48:46,48888,48884.8,120,48903.75,120,0,603270
BANKNIFTY-II.NFO,07/03/2025,09:48:47,48888,48888.3,120,48906.35,120,0,603270
BANKNIFTY-II.NFO,07/03/2025,09:48:49,48888,48887.75,120,48905.8,120,0,603270
BANKNIFTY-II.NFO,07/03/2025,09:48:51,48888,48889.05,120,48907.4,120,0,603270
BANKNIFTY-II.NFO,07/03/2025,09:48:52,48888,48887.85,120,48906.8,120,0,603270
BANKNIFTY-II.NFO,07/03/2025,09:48:54,48888.65,48885.5,60,48905.45,120,120,603180
BANKNIFTY-II.NFO,07/03/2025,09:48:56,48888.65,48881.35,30,48901.85,120,0,603180
BANKNIFTY-II.NFO,07/03/2025,09:48:57,48888.65,48880.7,60,48899.6,120,0,603180
BANKNIFTY-II.NFO,07/03/2025,09:48:59,48888.65,48877.25,60,48894.3,120,0,603180
BANKNIFTY-II.NFO,07/03/2025,09:49:01,48888.65,48873.2,60,48890.9,150,0,603180
BANKNIFTY-II.NFO,07/03/2025,09:49:02,48888.65,48873.5,90,48894.3,120,0,603180
BANKNIFTY-II.NFO,07/03/2025,09:49:04,48888.65,48873.5,90,48892.6,120,0,603180
BANKNIFTY-II.NFO,07/03/2025,09:49:06,48888.65,48873.5,90,48891.8,120,0,603180
BANKNIFTY-II.NFO,07/03/2025,09:49:07,48888.65,48872.15,90,48890.75,120,0,603180
BANKNIFTY-II.NFO,07/03/2025,09:49:09,48888.65,48872.15,90,48890.35,120,0,603180
BANKNIFTY-II.NFO,07/03/2025,09:49:10,48872.45,48874.55,90,48893.9,150,30,603180
BANKNIFTY-II.NFO,07/03/2025,09:49:12,48872.45,48876.25,60,48896.5,120,0,603180
BANKNIFTY-II.NFO,07/03/2025,09:49:14,48872.45,48876.25,60,48893.8,150,0,603180
BANKNIFTY-II.NFO,07/03/2025,09:49:15,48872.45,48876.25,60,48894.95,120,0,603180
BANKNIFTY-II.NFO,07/03/2025,09:49:17,48872.45,48876.25,60,48893.65,150,0,603180
BANKNIFTY-II.NFO,07/03/2025,09:49:19,48872.45,48876.25,60,48893.85,150,0,603180
BANKNIFTY-II.NFO,07/03/2025,09:49:21,48872.45,48877.65,60,48898.55,120,0,603180
BANKNIFTY-II.NFO,07/03/2025,09:49:22,48872.45,48881.55,30,48899.4,120,0,603180
BANKNIFTY-II.NFO,07/03/2025,09:49:24,48872.45,48875.6,90,48891.7,180,0,603180
BANKNIFTY-II.NFO,07/03/2025,09:49:26,48872.45,48874.95,60,48892.2,120,0,603180
BANKNIFTY-II.NFO,07/03/2025,09:49:27,48872.45,48874.95,60,48896.55,120,0,603180
BANKNIFTY-II.NFO,07/03/2025,09:49:29,48872.45,48876.3,90,48895.35,150,0,603180
BANKNIFTY-II.NFO,07/03/2025,09:49:30,48872.45,48880.05,90,48896.4,150,0,603180
BANKNIFTY-II.NFO,07/03/2025,09:49:32,48872.45,48882.55,60,48900.35,150,0,603180
BANKNIFTY-II.NFO,07/03/2025,09:49:34,48872.45,48884.25,60,48902.6,120,0,603180
BANKNIFTY-II.NFO,07/03/2025,09:49:35,48872.45,48886.6,60,48904.1,150,0,603180
BANKNIFTY-II.NFO,07/03/2025,09:49:37,48872.45,48885.95,60,48903.65,120,0,603180
BANKNIFTY-II.NFO,07/03/2025,09:49:39,48872.45,48884.9,60,48902.4,150,0,603180
BANKNIFTY-II.NFO,07/03/2025,09:49:40,48872.45,48884.9,60,48902.2,150,0,603180
BANKNIFTY-II.NFO,07/03/2025,09:49:42,48872.45,48889,60,48905.9,60,0,603180
BANKNIFTY-II.NFO,07/03/2025,09:49:44,48872.45,48892.3,60,48909.95,150,0,603180
BANKNIFTY-II.NFO,07/03/2025,09:49:45,48872.45,48893,60,48909.7,150,0,603180
BANKNIFTY-II.NFO,07/03/2025,09:49:47,48872.45,48893,60,48910,30,0,603180
BANKNIFTY-II.NFO,07/03/2025,09:49:49,48872.45,48895.45,90,48910,30,0,603180
BANKNIFTY-II.NFO,07/03/2025,09:49:50,48872.45,48896.5,60,48910,30,0,603180
BANKNIFTY-II.NFO,07/03/2025,09:49:54,48872.45,48898.6,90,48910,30,0,603180
BANKNIFTY-II.NFO,07/03/2025,09:49:55,48872.45,48897.65,60,48910,30,0,603180
BANKNIFTY-II.NFO,07/03/2025,09:49:57,48872.45,48898.9,90,48910,30,0,603180
BANKNIFTY-II.NFO,07/03/2025,09:49:59,48910,48907.1,60,48926.8,120,30,603180
BANKNIFTY-II.NFO,07/03/2025,09:50:00,48910,48907.5,60,48926.8,120,0,603180
BANKNIFTY-II.NFO,07/03/2025,09:50:02,48910,48908.05,90,48926.4,120,0,603180
BANKNIFTY-II.NFO,07/03/2025,09:50:04,48910,48910.05,90,48927.7,120,0,603180
BANKNIFTY-II.NFO,07/03/2025,09:50:05,48910,48914.6,60,48934.4,120,0,603180
BANKNIFTY-II.NFO,07/03/2025,09:50:07,48910,48920.7,60,48939.95,60,0,603180
BANKNIFTY-II.NFO,07/03/2025,09:50:09,48910,48925.3,90,48939.95,90,0,603180
BANKNIFTY-II.NFO,07/03/2025,09:50:11,48910,48924.55,60,48939.85,120,0,603180
BANKNIFTY-II.NFO,07/03/2025,09:50:12,48910,48921.9,90,48939.9,180,0,603180
BANKNIFTY-II.NFO,07/03/2025,09:50:14,48910,48918.9,90,48938.9,180,0,603180
BANKNIFTY-II.NFO,07/03/2025,09:50:16,48910,48918,30,48938.9,180,0,603180
BANKNIFTY-II.NFO,07/03/2025,09:50:17,48910,48921.3,90,48938.9,180,0,603180
BANKNIFTY-II.NFO,07/03/2025,09:50:19,48910,48925,90,48939.95,210,0,603180
BANKNIFTY-II.NFO,07/03/2025,09:50:21,48940,48935,30,48940,30,90,603180
BANKNIFTY-II.NFO,07/03/2025,09:50:22,48940,48935,30,48939.95,150,0,603180
BANKNIFTY-II.NFO,07/03/2025,09:50:26,48940,48940,30,48940.8,150,60,603180
BANKNIFTY-II.NFO,07/03/2025,09:50:27,48940,48935,30,48942.9,120,30,603180
BANKNIFTY-II.NFO,07/03/2025,09:50:29,48940,48935,30,48942.8,120,0,603180
BANKNIFTY-II.NFO,07/03/2025,09:50:31,48940,48935,30,48942.55,120,0,603180
BANKNIFTY-II.NFO,07/03/2025,09:50:32,48940,48935,30,48940.1,120,0,603180
BANKNIFTY-II.NFO,07/03/2025,09:50:34,48940,48935,30,48939.4,120,0,603180
BANKNIFTY-II.NFO,07/03/2025,09:50:36,48942.85,48935,30,48942.75,120,30,603180
BANKNIFTY-II.NFO,07/03/2025,09:50:37,48942.85,48935,30,48935.4,120,0,603180
