Ticker,Date,Time,LTP,BuyPrice,BuyQty,SellPrice,SellQty,LTQ,OpenInterest
NIFTY-I.NFO,07/03/2025,09:15:00,22598.9,22594.1,75,22599.45,300,1275,18106275
NIFTY-I.NFO,07/03/2025,09:15:00,22598.9,22594.1,75,22599.45,300,0,18106275
NIFTY-I.NFO,07/03/2025,09:15:00,22620.2,22594.1,75,22599.45,300,0,18106275
NIFTY-I.NFO,07/03/2025,09:15:00,22579.3,22594.1,75,22599.45,300,0,18106275
NIFTY-I.NFO,07/03/2025,09:15:01,22591.2,22591.2,300,22598.8,300,2850,18106275
NIFTY-I.NFO,07/03/2025,09:15:02,22589.9,22581.15,150,22589.7,375,4350,18106275
NIFTY-I.NFO,07/03/2025,09:15:04,22593.7,22582.9,300,22593.45,150,7800,18106275
NIFTY-I.NFO,07/03/2025,09:15:06,22585.45,22585.45,300,22588.65,75,4275,18106275
NIFTY-I.NFO,07/03/2025,09:15:07,22589.9,22589.9,75,22593.7,75,3600,18106275
NIFTY-I.NFO,07/03/2025,09:15:09,22590.05,22590.05,225,22596.35,300,3600,18106275
NIFTY-I.NFO,07/03/2025,09:15:10,22596.95,22588.7,75,22596.95,450,3975,18106275
NIFTY-I.NFO,07/03/2025,09:15:12,22585,22582.45,225,22588.5,150,6900,18106275
NIFTY-I.NFO,07/03/2025,09:15:14,22581,22580,2250,22581.55,450,3975,18106275
NIFTY-I.NFO,07/03/2025,09:15:15,22586.5,22580,1200,22586.35,300,6300,18106275
NIFTY-I.NFO,07/03/2025,09:15:17,22587.5,22580.05,300,22587.45,300,3300,18105300
NIFTY-I.NFO,07/03/2025,09:15:18,22581,22581,375,22585.3,75,3450,18105300
NIFTY-I.NFO,07/03/2025,09:15:20,22585.45,22581.05,675,22586,75,8025,18105300
NIFTY-I.NFO,07/03/2025,09:15:22,22583.1,22582.65,300,22589.45,375,2025,18105300
NIFTY-I.NFO,07/03/2025,09:15:23,22595.95,22590.35,450,22596,75,3600,18105300
NIFTY-I.NFO,07/03/2025,09:15:25,22591.5,22586.05,225,22591.55,300,4425,18105300
NIFTY-I.NFO,07/03/2025,09:15:27,22587.25,22589.2,75,22593.3,75,1725,18105300
NIFTY-I.NFO,07/03/2025,09:15:28,22590,22590,75,22592.8,150,4875,18105300
NIFTY-I.NFO,07/03/2025,09:15:30,22593.35,22585.45,300,22592.5,300,5700,18105300
NIFTY-I.NFO,07/03/2025,09:15:32,22589.3,22585.75,75,22589.3,75,1950,18105300
NIFTY-I.NFO,07/03/2025,09:15:33,22591.8,22588,75,22591.75,300,2025,18105300
NIFTY-I.NFO,07/03/2025,09:15:35,22586.55,22585,75,22589.05,150,1050,18105300
NIFTY-I.NFO,07/03/2025,09:15:36,22588.65,22585,75,22588.65,150,525,18105300
NIFTY-I.NFO,07/03/2025,09:15:38,22584,22582,450,22584.9,150,2775,18105300
NIFTY-I.NFO,07/03/2025,09:15:40,22580.05,22580.05,1050,22584.95,300,5700,18105300
NIFTY-I.NFO,07/03/2025,09:15:41,22582.35,22580,825,22582.9,75,5850,18105300
NIFTY-I.NFO,07/03/2025,09:15:43,22581.55,22577.2,900,22580.05,75,2700,18105300
NIFTY-I.NFO,07/03/2025,09:15:43,22577.2,22577.2,900,22580.05,75,0,18105300
NIFTY-I.NFO,07/03/2025,09:15:45,22579.7,22577.2,375,22579.1,75,1200,18105300
NIFTY-I.NFO,07/03/2025,09:15:46,22575,22577.25,75,22578.7,150,2400,18105300
NIFTY-I.NFO,07/03/2025,09:15:46,22575,22577.25,75,22578.7,150,0,18105300
NIFTY-I.NFO,07/03/2025,09:15:48,22575,22575,825,22579.75,300,5025,18105300
NIFTY-I.NFO,07/03/2025,09:15:50,22582,22579.75,975,22583.95,75,6600,18105300
NIFTY-I.NFO,07/03/2025,09:15:50,22572.2,22579.75,975,22583.95,75,0,18105300
NIFTY-I.NFO,07/03/2025,09:15:51,22580.05,22577,150,22581.75,150,1800,18105300
NIFTY-I.NFO,07/03/2025,09:15:53,22584,22578.95,675,22584,75,825,18105300
NIFTY-I.NFO,07/03/2025,09:15:54,22584.45,22581.95,75,22584.65,225,1725,18105300
NIFTY-I.NFO,07/03/2025,09:15:56,22585.25,22585.25,150,22587.5,75,750,18105300
NIFTY-I.NFO,07/03/2025,09:15:58,22587.85,22585,150,22587.95,600,1350,18105300
NIFTY-I.NFO,07/03/2025,09:15:59,22585,22582.2,150,22587.6,150,2925,18105300
NIFTY-I.NFO,07/03/2025,09:16:01,22588.5,22583,75,22588,75,4350,18105300
NIFTY-I.NFO,07/03/2025,09:16:03,22588.7,22582,5775,22588.3,750,4050,18105300
NIFTY-I.NFO,07/03/2025,09:16:04,22590.55,22583.25,75,22590.65,450,14700,18105300
NIFTY-I.NFO,07/03/2025,09:16:06,22586.1,22582.65,75,22584.6,225,11400,18105300
NIFTY-I.NFO,07/03/2025,09:16:08,22583.25,22582,5550,22584.25,300,5325,18105300
NIFTY-I.NFO,07/03/2025,09:16:09,22585.75,22582,5475,22585.75,225,2475,18105300
NIFTY-I.NFO,07/03/2025,09:16:11,22582.05,22582,5775,22586.1,75,1200,18105300
NIFTY-I.NFO,07/03/2025,09:16:13,22590,22584.35,375,22590,75,1125,18105300
NIFTY-I.NFO,07/03/2025,09:16:14,22587.35,22587.5,300,22593.75,300,5925,18105300
NIFTY-I.NFO,07/03/2025,09:16:16,22594.9,22593.7,150,22596.7,150,4350,18105300
NIFTY-I.NFO,07/03/2025,09:16:18,22593.7,22593.7,75,22594.75,150,450,18105300
NIFTY-I.NFO,07/03/2025,09:16:19,22595,22595,150,22598,1350,1575,18105300
NIFTY-I.NFO,07/03/2025,09:16:21,22595.45,22595.5,75,22598.9,150,2250,18105300
NIFTY-I.NFO,07/03/2025,09:16:22,22598.25,22598.25,1350,22598.4,150,1050,18105300
NIFTY-I.NFO,07/03/2025,09:16:24,22599.05,22599.3,375,22603.7,75,4575,18105300
NIFTY-I.NFO,07/03/2025,09:16:26,22599,22598.35,75,22599,75,300,18105300
NIFTY-I.NFO,07/03/2025,09:16:27,22602.15,22602.15,225,22603.75,75,1875,18105300
NIFTY-I.NFO,07/03/2025,09:16:29,22605.9,22601.45,525,22605.5,75,1950,18105300
NIFTY-I.NFO,07/03/2025,09:16:31,22610.6,22608.4,75,22611.25,300,3375,18105300
NIFTY-I.NFO,07/03/2025,09:16:32,22610,22610,1125,22612,75,1125,18105300
NIFTY-I.NFO,07/03/2025,09:16:34,22609.75,22610,75,22611.9,225,1425,18105300
NIFTY-I.NFO,07/03/2025,09:16:36,22608.85,22608.3,525,22610,75,9825,18105300
NIFTY-I.NFO,07/03/2025,09:16:37,22610.1,22610.35,375,22611.95,75,3000,18105300
NIFTY-I.NFO,07/03/2025,09:16:39,22615,22614.5,1500,22615,75,1425,18105300
NIFTY-I.NFO,07/03/2025,09:16:41,22618,22615.95,75,22619,75,2025,18105300
NIFTY-I.NFO,07/03/2025,09:16:42,22621,22620.35,375,22623.9,75,1875,18105300
NIFTY-I.NFO,07/03/2025,09:16:42,22621,22620.35,375,22623.9,75,0,18105300
NIFTY-I.NFO,07/03/2025,09:16:44,22620.25,22619.3,375,22623.75,75,2850,18105300
NIFTY-I.NFO,07/03/2025,09:16:44,22625.85,22619.3,375,22623.75,75,0,18105300
NIFTY-I.NFO,07/03/2025,09:16:46,22631.5,22630,825,22631.6,75,1800,18105300
NIFTY-I.NFO,07/03/2025,09:16:46,22631.5,22630,825,22631.6,75,0,18105300
NIFTY-I.NFO,07/03/2025,09:16:47,22638,22637.3,75,22639.9,75,3675,18105300
NIFTY-I.NFO,07/03/2025,09:16:47,22638,22637.3,75,22639.9,75,0,18105300
NIFTY-I.NFO,07/03/2025,09:16:49,22642.6,22637.7,225,22642.05,75,3150,18105300
NIFTY-I.NFO,07/03/2025,09:16:49,22643.9,22637.7,225,22642.05,75,0,18105300
NIFTY-I.NFO,07/03/2025,09:16:51,22639.1,22638.75,150,22643.8,150,4875,18105300
NIFTY-I.NFO,07/03/2025,09:16:51,22644.95,22638.75,150,22643.8,150,0,18105300
NIFTY-I.NFO,07/03/2025,09:16:52,22642.05,22638.75,600,22644.25,225,2325,18105300
NIFTY-I.NFO,07/03/2025,09:16:52,22645.9,22638.75,600,22644.25,225,0,18105300
NIFTY-I.NFO,07/03/2025,09:16:54,22643.95,22633,75,22637.8,375,3150,18105300
NIFTY-I.NFO,07/03/2025,09:16:56,22640,22638.85,675,22644,75,3150,18105300
NIFTY-I.NFO,07/03/2025,09:16:57,22641.75,22638.35,375,22644,75,2025,18105300
NIFTY-I.NFO,07/03/2025,09:16:59,22642.1,22635.85,750,22638.35,75,1350,18105300
NIFTY-I.NFO,07/03/2025,09:17:01,22639,22634.15,525,22640,75,825,18105300
NIFTY-I.NFO,07/03/2025,09:17:02,22637.6,22630.65,750,22637,75,3075,18105300
NIFTY-I.NFO,07/03/2025,09:17:04,22637.25,22631.75,75,22637.25,75,525,18105300
NIFTY-I.NFO,07/03/2025,09:17:06,22631.25,22630,75,22636.5,150,4125,18105300
NIFTY-I.NFO,07/03/2025,09:17:07,22631.5,22632,1125,22635,75,675,18105300
NIFTY-I.NFO,07/03/2025,09:17:09,22632.95,22633.6,600,22639.8,75,825,18105300
NIFTY-I.NFO,07/03/2025,09:17:10,22634.4,22634.5,300,22637.35,75,2700,18105300
NIFTY-I.NFO,07/03/2025,09:17:12,22642,22639.8,300,22642,75,1125,18105300
NIFTY-I.NFO,07/03/2025,09:17:14,22645,22642.3,900,22645,75,1725,18105300
NIFTY-I.NFO,07/03/2025,09:17:15,22647.4,22642.5,375,22648,300,3075,18105300
NIFTY-I.NFO,07/03/2025,09:17:15,22648.35,22642.5,375,22648,300,0,18105300
NIFTY-I.NFO,07/03/2025,09:17:17,22650,22645.4,150,22649.95,150,5175,18105300
NIFTY-I.NFO,07/03/2025,09:17:17,22650,22645.4,150,22649.95,150,0,18105300
NIFTY-I.NFO,07/03/2025,09:17:19,22648.4,22644.75,75,22648.95,450,4800,18105300
NIFTY-I.NFO,07/03/2025,09:17:19,22651.8,22644.75,75,22648.95,450,0,18105300
NIFTY-I.NFO,07/03/2025,09:17:20,22646.6,22642.2,75,22646.6,600,3825,18105300
NIFTY-I.NFO,07/03/2025,09:17:22,22648.95,22647.85,75,22650,300,3000,18105300
NIFTY-I.NFO,07/03/2025,09:17:22,22652,22647.85,75,22650,300,0,18105300
NIFTY-I.NFO,07/03/2025,09:17:24,22653.2,22648.15,75,22653.6,375,4125,18105300
NIFTY-I.NFO,07/03/2025,09:17:24,22653.2,22648.15,75,22653.6,375,0,18105300
NIFTY-I.NFO,07/03/2025,09:17:25,22651.8,22648.55,1050,22648.95,75,750,18105300
NIFTY-I.NFO,07/03/2025,09:17:25,22653.55,22648.55,1050,22648.95,75,0,18105300
NIFTY-I.NFO,07/03/2025,09:17:27,22653,22650.4,225,22652,225,825,18105300
NIFTY-I.NFO,07/03/2025,09:17:29,22660,22655.85,150,22660,2400,1650,18105300
NIFTY-I.NFO,07/03/2025,09:17:29,22660,22655.85,150,22660,2400,0,18105300
NIFTY-I.NFO,07/03/2025,09:17:30,22656.5,22656.5,75,22660,1875,2625,18105300
NIFTY-I.NFO,07/03/2025,09:17:32,22657.95,22658.2,225,22661.8,75,3075,18105300
NIFTY-I.NFO,07/03/2025,09:17:34,22655.9,22655,1650,22656.8,75,2100,18105300
NIFTY-I.NFO,07/03/2025,09:17:34,22660.6,22655,1650,22656.8,75,0,18105300
NIFTY-I.NFO,07/03/2025,09:17:35,22656.7,22655,525,22656.5,75,2850,18105300
NIFTY-I.NFO,07/03/2025,09:17:37,22656.45,22653.55,75,22656.5,225,1500,18105300
NIFTY-I.NFO,07/03/2025,09:17:38,22659.8,22654.4,675,22659.95,600,2175,18105300
NIFTY-I.NFO,07/03/2025,09:17:40,22659.7,22657.7,75,22660,600,525,18105300
NIFTY-I.NFO,07/03/2025,09:17:42,22660,22657.7,150,22661.95,600,1800,18105300
NIFTY-I.NFO,07/03/2025,09:17:42,22662.05,22657.7,150,22661.95,600,0,18105300
NIFTY-I.NFO,07/03/2025,09:17:43,22657.7,22656.95,1050,22661.75,75,1200,18105300
NIFTY-I.NFO,07/03/2025,09:17:45,22660,22656.8,75,22660,1350,1125,18105300
NIFTY-I.NFO,07/03/2025,09:17:45,22662.4,22656.8,75,22660,1350,0,18105300
NIFTY-I.NFO,07/03/2025,09:17:47,22665,22663.75,600,22665.9,75,5700,18105300
NIFTY-I.NFO,07/03/2025,09:17:47,22665,22663.75,600,22665.9,75,0,18105300
NIFTY-I.NFO,07/03/2025,09:17:48,22661.15,22660,225,22664.7,600,2250,18105300
NIFTY-I.NFO,07/03/2025,09:17:48,22666,22660,225,22664.7,600,0,18105300
NIFTY-I.NFO,07/03/2025,09:17:50,22665.05,22660,75,22665,75,6150,18105300
NIFTY-I.NFO,07/03/2025,09:17:52,22662.7,22660.05,900,22662.7,825,975,18105300
NIFTY-I.NFO,07/03/2025,09:17:53,22664.85,22660,75,22665,75,1425,18105300
NIFTY-I.NFO,07/03/2025,09:17:55,22665,22660,225,22665.6,225,1275,18105300
NIFTY-I.NFO,07/03/2025,09:17:57,22660.4,22666,75,22667.6,75,2175,18105300
NIFTY-I.NFO,07/03/2025,09:17:57,22667.55,22666,75,22667.6,75,0,18105300
NIFTY-I.NFO,07/03/2025,09:17:58,22665,22662.8,900,22669.9,75,2100,18105300
NIFTY-I.NFO,07/03/2025,09:17:58,22669.85,22662.8,900,22669.9,75,0,18105300
NIFTY-I.NFO,07/03/2025,09:18:00,22668.8,22665,225,22668.9,75,3075,18105300
NIFTY-I.NFO,07/03/2025,09:18:00,22670.65,22665,225,22668.9,75,0,18105300
NIFTY-I.NFO,07/03/2025,09:18:02,22664.1,22661,75,22663.6,75,1800,18105300
NIFTY-I.NFO,07/03/2025,09:18:03,22662,22662,7425,22667.2,75,3225,18105300
NIFTY-I.NFO,07/03/2025,09:18:05,22665.1,22662,7200,22665.7,75,2550,18105300
NIFTY-I.NFO,07/03/2025,09:18:07,22667,22662,6150,22669.1,75,2175,18105300
NIFTY-I.NFO,07/03/2025,09:18:08,22663.6,22662.05,375,22666,75,2850,18105300
NIFTY-I.NFO,07/03/2025,09:18:10,22663.1,22663,600,22667,150,5775,18105300
NIFTY-I.NFO,07/03/2025,09:18:12,22669,22664.1,1500,22668.95,600,2250,18105300
NIFTY-I.NFO,07/03/2025,09:18:13,22663.6,22663.6,300,22669,1050,3075,18105300
NIFTY-I.NFO,07/03/2025,09:18:15,22669,22662,5325,22669,1125,975,18105300
NIFTY-I.NFO,07/03/2025,09:18:17,22663.2,22663.6,75,22665,75,300,18105300
NIFTY-I.NFO,07/03/2025,09:18:18,22665,22665,75,22666,150,150,18110100
NIFTY-I.NFO,07/03/2025,09:18:20,22667.95,22665,450,22668,75,1200,18110100
NIFTY-I.NFO,07/03/2025,09:18:22,22665,22665,300,22667.05,75,1050,18110100
NIFTY-I.NFO,07/03/2025,09:18:23,22664.4,22662,4050,22664.45,75,1350,18110100
NIFTY-I.NFO,07/03/2025,09:18:25,22656.45,22653.55,75,22654.15,150,8175,18110100
NIFTY-I.NFO,07/03/2025,09:18:26,22652.65,22650,975,22652.05,150,2325,18110100
NIFTY-I.NFO,07/03/2025,09:18:28,22654.2,22650,300,22655,150,975,18110100
NIFTY-I.NFO,07/03/2025,09:18:30,22656.45,22651.35,975,22658.65,225,225,18110100
NIFTY-I.NFO,07/03/2025,09:18:31,22651.5,22651.5,675,22656,75,450,18110100
NIFTY-I.NFO,07/03/2025,09:18:33,22657.35,22651.75,375,22657.65,225,150,18110100
NIFTY-I.NFO,07/03/2025,09:18:35,22652.15,22650,375,22651.2,150,825,18110100
NIFTY-I.NFO,07/03/2025,09:18:36,22651.95,22650,375,22651.2,75,1050,18110100
NIFTY-I.NFO,07/03/2025,09:18:38,22656,22655,150,22656.35,75,2850,18110100
NIFTY-I.NFO,07/03/2025,09:18:40,22649.05,22651,150,22656.95,600,4425,18110100
NIFTY-I.NFO,07/03/2025,09:18:41,22650.5,22650.75,75,22656.4,150,900,18110100
NIFTY-I.NFO,07/03/2025,09:18:43,22655,22650.3,75,22656.45,375,675,18110100
NIFTY-I.NFO,07/03/2025,09:18:45,22655,22650,75,22655.55,600,900,18110100
NIFTY-I.NFO,07/03/2025,09:18:46,22652.65,22650.6,75,22652.85,75,450,18110100
NIFTY-I.NFO,07/03/2025,09:18:48,22650.6,22650,1875,22652.8,75,300,18110100
NIFTY-I.NFO,07/03/2025,09:18:50,22650,22650,1275,22650.3,225,600,18110100
NIFTY-I.NFO,07/03/2025,09:18:51,22650,22650,1050,22652.65,75,450,18110100
NIFTY-I.NFO,07/03/2025,09:18:53,22650,22650,1500,22652,75,1725,18110100
NIFTY-I.NFO,07/03/2025,09:18:55,22650.65,22650.65,225,22656.2,75,2325,18110100
NIFTY-I.NFO,07/03/2025,09:18:56,22652,22652.8,375,22656.9,75,525,18110100
NIFTY-I.NFO,07/03/2025,09:18:58,22650,22650,1200,22654.4,150,1425,18110100
NIFTY-I.NFO,07/03/2025,09:18:59,22650,22650,900,22652.65,450,375,18110100
NIFTY-I.NFO,07/03/2025,09:19:01,22642.2,22642.45,450,22647.65,225,2550,18110100
NIFTY-I.NFO,07/03/2025,09:19:03,22645,22641,525,22645.65,375,2100,18110100
NIFTY-I.NFO,07/03/2025,09:19:04,22642.9,22643.4,375,22649.45,75,600,18110100
NIFTY-I.NFO,07/03/2025,09:19:06,22645.15,22641.65,75,22648.65,600,2325,18110100
NIFTY-I.NFO,07/03/2025,09:19:08,22649.4,22642.3,75,22647.75,525,975,18110100
NIFTY-I.NFO,07/03/2025,09:19:09,22641,22642.1,375,22647,75,750,18110100
NIFTY-I.NFO,07/03/2025,09:19:11,22641.75,22641.8,75,22647.5,75,900,18110100
NIFTY-I.NFO,07/03/2025,09:19:13,22643.85,22643.85,375,22648.8,75,1050,18110100
NIFTY-I.NFO,07/03/2025,09:19:14,22643.5,22643.95,75,22649,75,375,18110100
NIFTY-I.NFO,07/03/2025,09:19:16,22647.1,22641.05,375,22646.7,75,3750,18110100
NIFTY-I.NFO,07/03/2025,09:19:18,22646.7,22642.65,75,22646.65,75,150,18110100
NIFTY-I.NFO,07/03/2025,09:19:19,22642.65,22641,300,22646.7,600,2100,18110100
NIFTY-I.NFO,07/03/2025,09:19:21,22649.95,22643.1,375,22649.2,150,750,18110100
NIFTY-I.NFO,07/03/2025,09:19:23,22650,22645.95,75,22650,300,900,18110100
NIFTY-I.NFO,07/03/2025,09:19:24,22646.05,22646.1,75,22650,300,525,18110100
NIFTY-I.NFO,07/03/2025,09:19:26,22645,22645.15,450,22650,150,1125,18110100
NIFTY-I.NFO,07/03/2025,09:19:28,22651.5,22646.1,375,22651.25,75,600,18110100
NIFTY-I.NFO,07/03/2025,09:19:29,22650.95,22645,675,22651,75,1875,18110100
NIFTY-I.NFO,07/03/2025,09:19:31,22650,22646.4,525,22651.85,150,150,18110100
NIFTY-I.NFO,07/03/2025,09:19:33,22650.95,22650.95,1500,22652,150,600,18110100
NIFTY-I.NFO,07/03/2025,09:19:34,22650.95,22650.95,525,22652,150,675,18110100
NIFTY-I.NFO,07/03/2025,09:19:36,22650.3,22650.2,75,22655,750,1725,18110100
NIFTY-I.NFO,07/03/2025,09:19:38,22651.5,22651.4,525,22654,75,2475,18110100
NIFTY-I.NFO,07/03/2025,09:19:39,22655.5,22651.55,75,22655.7,600,375,18110100
NIFTY-I.NFO,07/03/2025,09:19:41,22651.5,22650.35,450,22651.55,75,375,18110100
NIFTY-I.NFO,07/03/2025,09:19:43,22650.4,22650.4,375,22651.15,150,900,18110100
NIFTY-I.NFO,07/03/2025,09:19:44,22652,22650.4,600,22654.95,600,750,18110100
NIFTY-I.NFO,07/03/2025,09:19:46,22652,22651.5,75,22652,225,450,18110100
NIFTY-I.NFO,07/03/2025,09:19:48,22654.95,22650.4,525,22654.95,600,600,18110100
NIFTY-I.NFO,07/03/2025,09:19:49,22654.95,22650.4,375,22654.4,600,375,18110100
NIFTY-I.NFO,07/03/2025,09:19:51,22653.05,22653.05,150,22654.1,75,450,18110100
NIFTY-I.NFO,07/03/2025,09:19:53,22653.05,22653.05,150,22653.5,450,75,18110100
NIFTY-I.NFO,07/03/2025,09:19:54,22653.05,22653.05,75,22653.15,300,525,18110100
NIFTY-I.NFO,07/03/2025,09:19:56,22652,22650.45,75,22653.1,300,375,18110100
NIFTY-I.NFO,07/03/2025,09:19:58,22650.35,22651,75,22653.05,75,300,18110100
NIFTY-I.NFO,07/03/2025,09:19:59,22651.05,22651.05,75,22653.05,750,525,18110100
NIFTY-I.NFO,07/03/2025,09:20:01,22645,22645,75,22648.5,75,5400,18110100
NIFTY-I.NFO,07/03/2025,09:20:03,22649.1,22647.15,150,22647.9,150,750,18110100
NIFTY-I.NFO,07/03/2025,09:20:04,22644,22643,75,22644.5,75,375,18110100
NIFTY-I.NFO,07/03/2025,09:20:06,22644.5,22642,150,22644,75,525,18110100
NIFTY-I.NFO,07/03/2025,09:20:08,22644.2,22642,675,22644,75,600,18110100
NIFTY-I.NFO,07/03/2025,09:20:09,22645.95,22642.05,75,22644,750,600,18110100
NIFTY-I.NFO,07/03/2025,09:20:11,22642.05,22640,600,22641.3,75,1350,18110100
NIFTY-I.NFO,07/03/2025,09:20:13,22639.35,22638.15,900,22639.75,75,1575,18110100
NIFTY-I.NFO,07/03/2025,09:20:14,22636.9,22632,75,22636.35,300,2625,18110100
NIFTY-I.NFO,07/03/2025,09:20:16,22631.55,22631.5,1425,22635,75,4875,18110100
NIFTY-I.NFO,07/03/2025,09:20:18,22631.5,22631.35,75,22634.95,75,900,18110100
NIFTY-I.NFO,07/03/2025,09:20:19,22628.65,22627.5,75,22629,600,375,18110100
NIFTY-I.NFO,07/03/2025,09:20:21,22625,22623,75,22626.75,450,1575,18110100
NIFTY-I.NFO,07/03/2025,09:20:23,22626.55,22621.05,1275,22626.55,150,3375,18110100
NIFTY-I.NFO,07/03/2025,09:20:24,22621,22621,375,22626.5,600,1350,18110100
NIFTY-I.NFO,07/03/2025,09:20:26,22626.55,22626.55,1275,22626.6,450,375,18110100
NIFTY-I.NFO,07/03/2025,09:20:28,22626.55,22626.55,300,22626.6,375,1050,18110100
NIFTY-I.NFO,07/03/2025,09:20:29,22626.5,22626.5,75,22628.65,225,1275,18110100
NIFTY-I.NFO,07/03/2025,09:20:31,22628.65,22628.65,1350,22629,525,975,18110100
NIFTY-I.NFO,07/03/2025,09:20:33,22625,22625,1275,22627.45,75,2100,18110100
NIFTY-I.NFO,07/03/2025,09:20:34,22625,22626.5,75,22627,75,1350,18110100
NIFTY-I.NFO,07/03/2025,09:20:36,22626.5,22626.5,150,22628.65,75,300,18110100
NIFTY-I.NFO,07/03/2025,09:20:38,22626.45,22625,600,22626.75,75,300,18110100
NIFTY-I.NFO,07/03/2025,09:20:39,22624.05,22621.5,75,22623.75,600,1200,18110100
NIFTY-I.NFO,07/03/2025,09:20:41,22620.1,22620,675,22620.25,900,2025,18110100
NIFTY-I.NFO,07/03/2025,09:20:43,22620,22620,75,22623.75,600,2700,18110100
NIFTY-I.NFO,07/03/2025,09:20:44,22621,22618.15,675,22623.45,75,975,18110100
NIFTY-I.NFO,07/03/2025,09:20:46,22626.15,22623.45,75,22625.3,450,2625,18110100
NIFTY-I.NFO,07/03/2025,09:20:48,22623.45,22622.3,600,22625,1725,300,18110100
NIFTY-I.NFO,07/03/2025,09:20:49,22626.95,22624.8,225,22628,150,4350,18110100
NIFTY-I.NFO,07/03/2025,09:20:51,22626.8,22626.8,900,22628.65,75,750,18110100
NIFTY-I.NFO,07/03/2025,09:20:53,22626.8,22626.8,225,22627.8,75,825,18110100
NIFTY-I.NFO,07/03/2025,09:20:54,22622,22621.9,450,22627.8,75,1875,18110100
NIFTY-I.NFO,07/03/2025,09:20:56,22624.8,22622.6,525,22627,375,375,18110100
NIFTY-I.NFO,07/03/2025,09:20:58,22622.45,22622.65,525,22626,75,1950,18110100
NIFTY-I.NFO,07/03/2025,09:20:59,22626.8,22625,150,22626.95,75,375,18110100
NIFTY-I.NFO,07/03/2025,09:21:01,22635,22632,75,22635,75,2925,18110100
NIFTY-I.NFO,07/03/2025,09:21:03,22632.6,22632.6,375,22633.15,75,150,18110100
NIFTY-I.NFO,07/03/2025,09:21:04,22633.45,22633.5,75,22634.3,75,300,18110100
NIFTY-I.NFO,07/03/2025,09:21:06,22630,22630,1425,22632.85,75,2475,18110100
NIFTY-I.NFO,07/03/2025,09:21:08,22630.55,22630,1125,22630.55,75,525,18110100
NIFTY-I.NFO,07/03/2025,09:21:09,22628.4,22626.35,75,22627.6,525,1425,18110100
NIFTY-I.NFO,07/03/2025,09:21:11,22625.1,22621,150,22624.4,600,375,18110100
NIFTY-I.NFO,07/03/2025,09:21:13,22622.6,22621,150,22622.45,600,75,18110100
NIFTY-I.NFO,07/03/2025,09:21:14,22620.2,22618,150,22620.25,825,1500,18110100
NIFTY-I.NFO,07/03/2025,09:21:16,22615.1,22615.1,2625,22619.25,150,750,18110100
NIFTY-I.NFO,07/03/2025,09:21:18,22614,22614,75,22615.6,300,5850,18125625
NIFTY-I.NFO,07/03/2025,09:21:19,22615.1,22613,375,22615.4,525,225,18125625
NIFTY-I.NFO,07/03/2025,09:21:21,22615.1,22613,225,22615.9,225,375,18125625
NIFTY-I.NFO,07/03/2025,09:21:23,22614,22613.95,1500,22615.1,75,750,18125625
NIFTY-I.NFO,07/03/2025,09:21:24,22613.95,22613.95,825,22614.35,225,1275,18125625
NIFTY-I.NFO,07/03/2025,09:21:26,22615.8,22615.8,975,22616.3,450,3225,18125625
NIFTY-I.NFO,07/03/2025,09:21:28,22610,22610,1275,22610.65,75,1575,18125625
NIFTY-I.NFO,07/03/2025,09:21:29,22602,22602,375,22603.3,375,3225,18125625
NIFTY-I.NFO,07/03/2025,09:21:31,22606.85,22602.05,750,22606.65,375,3900,18125625
NIFTY-I.NFO,07/03/2025,09:21:33,22606.5,22602.4,150,22608,225,2325,18125625
NIFTY-I.NFO,07/03/2025,09:21:34,22606.75,22606.5,1800,22606.85,150,1725,18125625
NIFTY-I.NFO,07/03/2025,09:21:36,22606.5,22606.5,3150,22606.55,75,1275,18125625
NIFTY-I.NFO,07/03/2025,09:21:38,22610.1,22606.5,2925,22608.3,300,675,18125625
NIFTY-I.NFO,07/03/2025,09:21:39,22607.95,22606.75,75,22608.35,525,1950,18125625
NIFTY-I.NFO,07/03/2025,09:21:41,22609.85,22606.5,1275,22609.35,225,600,18125625
NIFTY-I.NFO,07/03/2025,09:21:43,22610,22606.6,75,22609.6,75,450,18125625
NIFTY-I.NFO,07/03/2025,09:21:44,22608.85,22606.65,75,22608.85,450,1950,18125625
NIFTY-I.NFO,07/03/2025,09:21:46,22608,22606.6,75,22609.4,525,975,18125625
NIFTY-I.NFO,07/03/2025,09:21:48,22609.35,22606.6,75,22607.95,75,525,18125625
NIFTY-I.NFO,07/03/2025,09:21:49,22608.85,22608.85,225,22612.45,75,2850,18125625
NIFTY-I.NFO,07/03/2025,09:21:51,22610.55,22608.85,150,22614.3,75,1575,18125625
NIFTY-I.NFO,07/03/2025,09:21:53,22612.7,22607,75,22612.1,75,4650,18125625
NIFTY-I.NFO,07/03/2025,09:21:54,22611.7,22610,75,22611.7,150,450,18125625
NIFTY-I.NFO,07/03/2025,09:21:56,22610,22608.9,75,22610,75,450,18125625
NIFTY-I.NFO,07/03/2025,09:21:58,22608.85,22608,150,22612.15,75,300,18125625
NIFTY-I.NFO,07/03/2025,09:21:59,22614.15,22608.1,900,22614.55,375,1800,18125625
NIFTY-I.NFO,07/03/2025,09:22:01,22615.25,22611.05,1125,22616.65,150,975,18125625
NIFTY-I.NFO,07/03/2025,09:22:03,22612.15,22611.05,900,22615.3,75,525,18125625
NIFTY-I.NFO,07/03/2025,09:22:04,22618.8,22613.35,600,22619,75,375,18125625
NIFTY-I.NFO,07/03/2025,09:22:06,22615.25,22613.3,600,22618.9,525,75,18125625
NIFTY-I.NFO,07/03/2025,09:22:08,22612.2,22612.2,600,22617.4,450,375,18125625
NIFTY-I.NFO,07/03/2025,09:22:09,22615,22613,75,22614.95,75,1575,18125625
NIFTY-I.NFO,07/03/2025,09:22:11,22611.95,22611,75,22612.2,150,600,18125625
NIFTY-I.NFO,07/03/2025,09:22:13,22610.05,22610.05,975,22611,75,600,18125625
NIFTY-I.NFO,07/03/2025,09:22:14,22613.3,22612.85,675,22618.4,375,900,18125625
NIFTY-I.NFO,07/03/2025,09:22:16,22618,22613.55,375,22618.8,75,600,18125625
NIFTY-I.NFO,07/03/2025,09:22:18,22613.85,22615.6,75,22618,75,2100,18125625
NIFTY-I.NFO,07/03/2025,09:22:19,22620.4,22614.55,75,22620.35,75,2100,18125625
NIFTY-I.NFO,07/03/2025,09:22:21,22613.45,22613.45,225,22619.4,75,1800,18125625
NIFTY-I.NFO,07/03/2025,09:22:23,22613.5,22613.45,225,22618.75,375,1875,18125625
NIFTY-I.NFO,07/03/2025,09:22:24,22612.2,22612.05,750,22617.25,150,375,18125625
NIFTY-I.NFO,07/03/2025,09:22:26,22613.7,22612.05,150,22617.25,75,225,18125625
NIFTY-I.NFO,07/03/2025,09:22:28,22610.05,22610.05,1800,22615.15,75,1050,18125625
NIFTY-I.NFO,07/03/2025,09:22:29,22611.35,22610.05,1125,22612.9,150,525,18125625
NIFTY-I.NFO,07/03/2025,09:22:31,22610.05,22610.05,750,22611.55,75,525,18125625
NIFTY-I.NFO,07/03/2025,09:22:33,22608.8,22607,300,22611.5,150,2250,18125625
NIFTY-I.NFO,07/03/2025,09:22:34,22611,22608,75,22610.85,600,525,18125625
NIFTY-I.NFO,07/03/2025,09:22:36,22608,22606.5,75,22610.05,75,150,18125625
NIFTY-I.NFO,07/03/2025,09:22:38,22606,22606.05,300,22610.8,75,375,18125625
NIFTY-I.NFO,07/03/2025,09:22:39,22610.75,22605,450,22610.75,75,1275,18125625
NIFTY-I.NFO,07/03/2025,09:22:41,22608.05,22608,75,22611,75,225,18125625
NIFTY-I.NFO,07/03/2025,09:22:43,22611.2,22605.65,150,22611.2,150,975,18125625
NIFTY-I.NFO,07/03/2025,09:22:44,22611.15,22605.05,75,22611.15,75,150,18125625
NIFTY-I.NFO,07/03/2025,09:22:46,22606.55,22606.5,675,22612.7,75,975,18125625
NIFTY-I.NFO,07/03/2025,09:22:48,22606.35,22608.6,675,22612.65,75,750,18125625
NIFTY-I.NFO,07/03/2025,09:22:49,22608.55,22608.5,75,22612.6,75,2700,18125625
NIFTY-I.NFO,07/03/2025,09:22:51,22616.15,22609.65,75,22616.15,375,600,18125625
NIFTY-I.NFO,07/03/2025,09:22:53,22609.45,22609.45,1050,22613.1,75,975,18125625
NIFTY-I.NFO,07/03/2025,09:22:54,22609.45,22609.45,1125,22612.55,75,450,18125625
NIFTY-I.NFO,07/03/2025,09:22:56,22611.15,22609.45,825,22615.65,75,225,18125625
NIFTY-I.NFO,07/03/2025,09:22:58,22615.55,22611.15,225,22614.65,75,75,18125625
NIFTY-I.NFO,07/03/2025,09:22:59,22611.15,22611,75,22614.95,75,300,18125625
NIFTY-I.NFO,07/03/2025,09:23:01,22612.75,22612.7,75,22615,600,525,18125625
NIFTY-I.NFO,07/03/2025,09:23:03,22612.7,22612.2,225,22615,450,225,18125625
NIFTY-I.NFO,07/03/2025,09:23:04,22614.55,22611.15,75,22615,375,225,18125625
NIFTY-I.NFO,07/03/2025,09:23:06,22614.15,22611.15,75,22615,375,75,18125625
NIFTY-I.NFO,07/03/2025,09:23:08,22613.9,22610,750,22614.2,75,150,18125625
NIFTY-I.NFO,07/03/2025,09:23:09,22613.9,22610,825,22612.5,75,0,18125625
NIFTY-I.NFO,07/03/2025,09:23:11,22611.3,22610,825,22611.25,75,450,18125625
NIFTY-I.NFO,07/03/2025,09:23:13,22609.45,22609.45,600,22609.95,150,1200,18125625
NIFTY-I.NFO,07/03/2025,09:23:14,22609.1,22607.65,75,22609.45,600,975,18125625
NIFTY-I.NFO,07/03/2025,09:23:16,22607,22606.35,2025,22609.95,150,225,18125625
NIFTY-I.NFO,07/03/2025,09:23:18,22606,22605,600,22606,4950,2025,18125625
NIFTY-I.NFO,07/03/2025,09:23:19,22606,22605,525,22605.95,600,300,18125625
NIFTY-I.NFO,07/03/2025,09:23:21,22605.25,22603,225,22605.25,600,750,18125625
NIFTY-I.NFO,07/03/2025,09:23:23,22604.45,22602.15,75,22604.85,75,300,18125625
NIFTY-I.NFO,07/03/2025,09:23:24,22606,22602,375,22606,4725,750,18125625
NIFTY-I.NFO,07/03/2025,09:23:26,22604.9,22602,225,22606,4725,300,18125625
NIFTY-I.NFO,07/03/2025,09:23:28,22602.05,22602.05,150,22606,4275,525,18125625
NIFTY-I.NFO,07/03/2025,09:23:29,22602.2,22602.2,150,22606,4050,750,18125625
NIFTY-I.NFO,07/03/2025,09:23:31,22602.5,22602.5,75,22606,375,3825,18125625
NIFTY-I.NFO,07/03/2025,09:23:32,22606,22602.15,300,22606,225,225,18125625
NIFTY-I.NFO,07/03/2025,09:23:34,22606,22606,375,22607.9,75,600,18125625
NIFTY-I.NFO,07/03/2025,09:23:36,22603,22603.75,450,22607.9,75,525,18125625
NIFTY-I.NFO,07/03/2025,09:23:37,22607.9,22606.35,525,22609.45,75,75,18125625
NIFTY-I.NFO,07/03/2025,09:23:39,22609.95,22609.45,75,22609.95,75,600,18125625
NIFTY-I.NFO,07/03/2025,09:23:41,22609.5,22609.5,75,22609.95,75,150,18125625
NIFTY-I.NFO,07/03/2025,09:23:42,22609.95,22609.95,450,22610.1,75,825,18125625
NIFTY-I.NFO,07/03/2025,09:23:44,22609.95,22609.95,825,22612.7,75,450,18125625
NIFTY-I.NFO,07/03/2025,09:23:46,22609.95,22610.15,525,22615,600,375,18125625
NIFTY-I.NFO,07/03/2025,09:23:47,22612.25,22612.25,450,22615,525,900,18125625
NIFTY-I.NFO,07/03/2025,09:23:49,22614.65,22610.1,675,22615,525,600,18125625
NIFTY-I.NFO,07/03/2025,09:23:51,22616,22615,675,22617.4,75,1575,18125625
NIFTY-I.NFO,07/03/2025,09:23:52,22619,22615,900,22619,75,675,18125625
NIFTY-I.NFO,07/03/2025,09:23:54,22615,22615,300,22616,750,300,18125625
NIFTY-I.NFO,07/03/2025,09:23:56,22616,22614.2,1350,22616,450,600,18125625
NIFTY-I.NFO,07/03/2025,09:23:57,22613.85,22613.05,225,22614.15,75,1200,18125625
NIFTY-I.NFO,07/03/2025,09:23:59,22615.1,22613.05,75,22614.9,75,675,18125625
NIFTY-I.NFO,07/03/2025,09:24:01,22610.9,22610,75,22610.85,75,1050,18125625
NIFTY-I.NFO,07/03/2025,09:24:02,22610.9,22610,75,22612.85,600,75,18125625
NIFTY-I.NFO,07/03/2025,09:24:04,22610.9,22610.05,150,22612.6,75,225,18125625
NIFTY-I.NFO,07/03/2025,09:24:06,22611,22610,75,22612.55,75,75,18125625
NIFTY-I.NFO,07/03/2025,09:24:07,22610,22607,75,22611,450,150,18125625
NIFTY-I.NFO,07/03/2025,09:24:09,22607,22605.2,75,22608.25,75,300,18125625
NIFTY-I.NFO,07/03/2025,09:24:11,22605.2,22605,75,22605.2,75,75,18125625
NIFTY-I.NFO,07/03/2025,09:24:12,22605.2,22603,225,22605.2,75,225,18125625
NIFTY-I.NFO,07/03/2025,09:24:14,22603,22605,150,22605.2,75,150,18125625
NIFTY-I.NFO,07/03/2025,09:24:16,22606.75,22601.2,1050,22606.1,675,2475,18125625
NIFTY-I.NFO,07/03/2025,09:24:17,22602.3,22603,1800,22606.5,150,75,18142125
NIFTY-I.NFO,07/03/2025,09:24:19,22603,22603,150,22606.4,525,1425,18142125
NIFTY-I.NFO,07/03/2025,09:24:21,22601.2,22601.25,675,22602.95,75,525,18142125
NIFTY-I.NFO,07/03/2025,09:24:22,22603,22601.45,750,22606.55,225,450,18142125
NIFTY-I.NFO,07/03/2025,09:24:24,22602.05,22601.3,225,22602.4,75,450,18142125
NIFTY-I.NFO,07/03/2025,09:24:26,22602.3,22601.3,150,22603.9,300,675,18142125
NIFTY-I.NFO,07/03/2025,09:24:27,22601.3,22601.3,75,22602.3,150,225,18142125
NIFTY-I.NFO,07/03/2025,09:24:29,22601,22601,375,22601.25,150,1425,18142125
NIFTY-I.NFO,07/03/2025,09:24:31,22601,22600.05,1425,22604.85,450,2850,18142125
NIFTY-I.NFO,07/03/2025,09:24:32,22601,22602.3,150,22604.6,375,0,18142125
NIFTY-I.NFO,07/03/2025,09:24:34,22602.3,22601,75,22603,75,225,18142125
NIFTY-I.NFO,07/03/2025,09:24:36,22603.55,22600.05,1125,22603.85,75,225,18142125
NIFTY-I.NFO,07/03/2025,09:24:37,22600.05,22600.05,975,22601.3,75,225,18142125
NIFTY-I.NFO,07/03/2025,09:24:39,22603.85,22601,75,22603.3,75,225,18142125
NIFTY-I.NFO,07/03/2025,09:24:41,22603.85,22601,150,22601.7,75,0,18142125
NIFTY-I.NFO,07/03/2025,09:24:42,22600.55,22600,75,22600.15,75,4275,18142125
NIFTY-I.NFO,07/03/2025,09:24:44,22598.25,22598,300,22601.85,75,525,18142125
NIFTY-I.NFO,07/03/2025,09:24:46,22601.95,22600,75,22601.85,75,300,18142125
NIFTY-I.NFO,07/03/2025,09:24:48,22599,22599,900,22600.95,75,750,18142125
NIFTY-I.NFO,07/03/2025,09:24:49,22601.1,22600.7,450,22603,75,975,18142125
NIFTY-I.NFO,07/03/2025,09:24:51,22604.25,22604.3,150,22607,525,900,18142125
NIFTY-I.NFO,07/03/2025,09:24:53,22606.6,22606.6,75,22610.85,75,1275,18142125
NIFTY-I.NFO,07/03/2025,09:24:54,22603.85,22603.8,450,22610.2,75,300,18142125
NIFTY-I.NFO,07/03/2025,09:24:56,22611.85,22606.15,600,22612,375,2400,18142125
NIFTY-I.NFO,07/03/2025,09:24:58,22611.65,22606,600,22611.85,150,2325,18142125
NIFTY-I.NFO,07/03/2025,09:24:59,22610,22606,525,22608.9,75,300,18142125
NIFTY-I.NFO,07/03/2025,09:25:01,22608,22606,750,22610,150,150,18142125
NIFTY-I.NFO,07/03/2025,09:25:03,22607.15,22607.15,75,22607.75,75,525,18142125
NIFTY-I.NFO,07/03/2025,09:25:04,22610,22607.85,1425,22610.95,150,1350,18142125
NIFTY-I.NFO,07/03/2025,09:25:06,22611,22608.3,75,22611.15,225,150,18142125
NIFTY-I.NFO,07/03/2025,09:25:08,22611.15,22608.3,75,22608.75,75,75,18142125
NIFTY-I.NFO,07/03/2025,09:25:09,22608.3,22607.85,1425,22608.75,75,75,18142125
NIFTY-I.NFO,07/03/2025,09:25:11,22609.45,22608.3,300,22610,2400,150,18142125
NIFTY-I.NFO,07/03/2025,09:25:13,22610,22610.05,900,22611.65,300,3675,18142125
NIFTY-I.NFO,07/03/2025,09:25:14,22611.65,22611.65,1350,22614.95,75,8325,18142125
NIFTY-I.NFO,07/03/2025,09:25:16,22610,22610,8400,22614.75,150,2775,18142125
NIFTY-I.NFO,07/03/2025,09:25:18,22610,22610.05,450,22614.85,75,225,18142125
NIFTY-I.NFO,07/03/2025,09:25:19,22614.95,22610,5400,22614.95,150,3225,18142125
NIFTY-I.NFO,07/03/2025,09:25:21,22613,22610,5475,22614.9,75,150,18142125
NIFTY-I.NFO,07/03/2025,09:25:23,22610.55,22610,6975,22614.9,75,750,18142125
NIFTY-I.NFO,07/03/2025,09:25:24,22610.15,22610,6675,22615,375,675,18142125
NIFTY-I.NFO,07/03/2025,09:25:26,22610.9,22610,4425,22611.6,600,2250,18142125
NIFTY-I.NFO,07/03/2025,09:25:28,22611.55,22610,4275,22610.5,75,600,18142125
NIFTY-I.NFO,07/03/2025,09:25:29,22611.95,22610,4200,22612,75,225,18142125
NIFTY-I.NFO,07/03/2025,09:25:31,22611.3,22610,4725,22611.95,150,675,18142125
NIFTY-I.NFO,07/03/2025,09:25:33,22612,22610.15,600,22612.5,1500,150,18142125
NIFTY-I.NFO,07/03/2025,09:25:34,22610,22610.05,450,22612.5,1425,825,18142125
NIFTY-I.NFO,07/03/2025,09:25:36,22610,22610,3600,22612.5,525,975,18142125
NIFTY-I.NFO,07/03/2025,09:25:38,22612.5,22612.5,675,22613.7,75,525,18142125
NIFTY-I.NFO,07/03/2025,09:25:39,22612.5,22612.5,825,22614.45,75,150,18142125
NIFTY-I.NFO,07/03/2025,09:25:41,22612.5,22612.5,375,22614.45,75,750,18142125
NIFTY-I.NFO,07/03/2025,09:25:43,22613.35,22612.5,600,22613.6,75,150,18142125
NIFTY-I.NFO,07/03/2025,09:25:44,22612,22612,450,22612.55,75,1350,18142125
NIFTY-I.NFO,07/03/2025,09:25:46,22612,22610.05,150,22611.35,75,450,18142125
NIFTY-I.NFO,07/03/2025,09:25:48,22606,22606,675,22608.55,675,4425,18142125
NIFTY-I.NFO,07/03/2025,09:25:49,22604.4,22603.05,600,22604.35,375,2025,18142125
NIFTY-I.NFO,07/03/2025,09:25:51,22604.2,22603.05,600,22604.35,150,1500,18142125
NIFTY-I.NFO,07/03/2025,09:25:53,22604.2,22603.05,600,22605.8,150,0,18142125
NIFTY-I.NFO,07/03/2025,09:25:54,22602,22601,375,22602,675,1050,18142125
NIFTY-I.NFO,07/03/2025,09:25:56,22603.05,22603.05,375,22606.25,150,900,18142125
NIFTY-I.NFO,07/03/2025,09:25:58,22603.05,22603.05,300,22605.95,150,75,18142125
NIFTY-I.NFO,07/03/2025,09:25:59,22600,22599,225,22600,6750,1575,18142125
NIFTY-I.NFO,07/03/2025,09:26:01,22599,22599,75,22600,6825,150,18142125
NIFTY-I.NFO,07/03/2025,09:26:03,22600,22598.05,600,22600,6825,225,18142125
NIFTY-I.NFO,07/03/2025,09:26:04,22603.05,22599.9,600,22605.35,75,18975,18142125
NIFTY-I.NFO,07/03/2025,09:26:06,22598,22598,300,22599,75,75,18142125
NIFTY-I.NFO,07/03/2025,09:26:08,22598,22600,150,22601.95,75,225,18142125
NIFTY-I.NFO,07/03/2025,09:26:09,22596.85,22597.85,675,22602.6,375,2400,18142125
NIFTY-I.NFO,07/03/2025,09:26:11,22598,22597.7,1275,22602.45,375,75,18142125
NIFTY-I.NFO,07/03/2025,09:26:13,22606.25,22600.3,600,22606.7,375,2100,18142125
NIFTY-I.NFO,07/03/2025,09:26:14,22604.55,22604.3,225,22608.75,375,450,18142125
NIFTY-I.NFO,07/03/2025,09:26:16,22603.6,22598.15,150,22604.55,150,7725,18142125
NIFTY-I.NFO,07/03/2025,09:26:18,22600,22600,1650,22604.35,150,225,18142125
NIFTY-I.NFO,07/03/2025,09:26:19,22604.25,22600,1800,22603.8,225,75,18142125
NIFTY-I.NFO,07/03/2025,09:26:21,22604.35,22604.35,225,22605.95,150,900,18142125
NIFTY-I.NFO,07/03/2025,09:26:23,22600.7,22600.4,375,22604.25,225,450,18142125
NIFTY-I.NFO,07/03/2025,09:26:24,22604.25,22601.15,375,22604.25,75,150,18142125
NIFTY-I.NFO,07/03/2025,09:26:26,22604.55,22601.3,450,22607.65,150,225,18142125
NIFTY-I.NFO,07/03/2025,09:26:28,22606.8,22600.1,225,22606.55,225,525,18142125
NIFTY-I.NFO,07/03/2025,09:26:29,22608,22605,75,22609.45,150,150,18142125
NIFTY-I.NFO,07/03/2025,09:26:31,22609.45,22604.75,225,22609.55,150,75,18142125
NIFTY-I.NFO,07/03/2025,09:26:33,22610,22609.45,75,22610,225,150,18142125
NIFTY-I.NFO,07/03/2025,09:26:34,22610,22609.45,75,22610,450,0,18142125
NIFTY-I.NFO,07/03/2025,09:26:36,22610,22606.75,150,22610,150,300,18142125
NIFTY-I.NFO,07/03/2025,09:26:38,22610,22609.5,75,22610,75,150,18142125
NIFTY-I.NFO,07/03/2025,09:26:39,22610,22609.5,75,22610,75,0,18142125
NIFTY-I.NFO,07/03/2025,09:26:41,22609.9,22609.5,75,22612,1050,300,18142125
NIFTY-I.NFO,07/03/2025,09:26:43,22610,22609.5,75,22612,975,750,18142125
NIFTY-I.NFO,07/03/2025,09:26:44,22619.9,22617,75,22620,975,2175,18142125
NIFTY-I.NFO,07/03/2025,09:26:46,22622.6,22622.5,75,22624.9,150,2100,18142125
NIFTY-I.NFO,07/03/2025,09:26:48,22624.65,22622.5,75,22624.05,150,1875,18142125
NIFTY-I.NFO,07/03/2025,09:26:49,22620,22620,5550,22623.45,75,525,18142125
NIFTY-I.NFO,07/03/2025,09:26:51,22620,22620,4125,22620.4,900,1575,18142125
NIFTY-I.NFO,07/03/2025,09:26:53,22620,22620,3975,22622.6,525,1050,18142125
NIFTY-I.NFO,07/03/2025,09:26:54,22621,22620.4,300,22620.8,900,75,18142125
NIFTY-I.NFO,07/03/2025,09:26:56,22620,22620,3075,22620.15,900,1425,18142125
NIFTY-I.NFO,07/03/2025,09:26:58,22622.15,22620.05,75,22622.15,75,1125,18142125
NIFTY-I.NFO,07/03/2025,09:26:59,22616.05,22615,450,22619.5,450,3675,18142125
NIFTY-I.NFO,07/03/2025,09:27:01,22617.75,22615,150,22617.75,300,1725,18142125
NIFTY-I.NFO,07/03/2025,09:27:03,22617.85,22615,150,22617.85,150,750,18142125
NIFTY-I.NFO,07/03/2025,09:27:04,22617.85,22615,150,22618.45,150,0,18142125
NIFTY-I.NFO,07/03/2025,09:27:06,22619.3,22615,150,22619.25,75,4275,18142125
NIFTY-I.NFO,07/03/2025,09:27:08,22615,22615,75,22618.2,225,525,18142125
NIFTY-I.NFO,07/03/2025,09:27:09,22615,22615,75,22618.6,150,75,18142125
NIFTY-I.NFO,07/03/2025,09:27:11,22615,22613.7,150,22618.35,75,150,18142125
NIFTY-I.NFO,07/03/2025,09:27:13,22615,22614.55,450,22619.3,150,0,18142125
NIFTY-I.NFO,07/03/2025,09:27:14,22618.2,22612.15,450,22618.7,150,300,18142125
NIFTY-I.NFO,07/03/2025,09:27:16,22613,22613,675,22617.4,375,675,18142125
NIFTY-I.NFO,07/03/2025,09:27:18,22615,22613,675,22615.3,75,150,18142125
NIFTY-I.NFO,07/03/2025,09:27:19,22612,22612,75,22612.75,75,825,18171600
NIFTY-I.NFO,07/03/2025,09:27:21,22612,22610,375,22611.8,75,150,18171600
NIFTY-I.NFO,07/03/2025,09:27:23,22609.5,22606.5,225,22610,225,450,18171600
NIFTY-I.NFO,07/03/2025,09:27:24,22606.7,22607.3,150,22610,375,2625,18171600
NIFTY-I.NFO,07/03/2025,09:27:26,22610,22611.8,675,22612,75,975,18171600
NIFTY-I.NFO,07/03/2025,09:27:28,22614.55,22611.8,525,22615,825,375,18171600
NIFTY-I.NFO,07/03/2025,09:27:29,22617,22611.8,525,22615.5,150,1875,18171600
NIFTY-I.NFO,07/03/2025,09:27:31,22613.65,22611.8,525,22613.15,150,150,18171600
NIFTY-I.NFO,07/03/2025,09:27:33,22614.85,22611.8,450,22615.35,75,150,18171600
NIFTY-I.NFO,07/03/2025,09:27:34,22611.8,22611.8,300,22616.9,375,150,18171600
NIFTY-I.NFO,07/03/2025,09:27:36,22614.35,22608.55,600,22613.7,375,675,18171600
NIFTY-I.NFO,07/03/2025,09:27:38,22613.95,22607.7,600,22613,375,150,18171600
NIFTY-I.NFO,07/03/2025,09:27:39,22613,22608.05,150,22613.7,450,75,18171600
NIFTY-I.NFO,07/03/2025,09:27:41,22613,22608.75,600,22614,75,0,18171600
NIFTY-I.NFO,07/03/2025,09:27:43,22615.4,22610.65,600,22615.25,150,150,18171600
NIFTY-I.NFO,07/03/2025,09:27:44,22615.4,22607.8,600,22613.2,375,0,18171600
NIFTY-I.NFO,07/03/2025,09:27:46,22612.15,22606.3,600,22612.25,150,375,18171600
NIFTY-I.NFO,07/03/2025,09:27:48,22606,22606,150,22611,150,300,18171600
NIFTY-I.NFO,07/03/2025,09:27:49,22611,22606,150,22610,150,150,18171600
NIFTY-I.NFO,07/03/2025,09:27:51,22611.3,22606.8,150,22612.35,150,450,18171600
NIFTY-I.NFO,07/03/2025,09:27:53,22610,22606.1,75,22610,450,75,18171600
NIFTY-I.NFO,07/03/2025,09:27:54,22606.8,22609,75,22610,450,525,18171600
NIFTY-I.NFO,07/03/2025,09:27:56,22606.1,22606,225,22609.9,225,525,18171600
NIFTY-I.NFO,07/03/2025,09:27:58,22606.35,22606,225,22606.6,150,150,18171600
NIFTY-I.NFO,07/03/2025,09:27:59,22605.5,22605,75,22605.4,75,450,18171600
NIFTY-I.NFO,07/03/2025,09:28:01,22602.05,22602.4,750,22605.5,225,1875,18171600
NIFTY-I.NFO,07/03/2025,09:28:03,22604.75,22604.85,375,22605.5,300,600,18171600
NIFTY-I.NFO,07/03/2025,09:28:04,22605.5,22602.1,675,22605.5,150,150,18171600
NIFTY-I.NFO,07/03/2025,09:28:06,22612.45,22605.85,150,22612.8,150,8850,18171600
NIFTY-I.NFO,07/03/2025,09:28:08,22609.95,22605,4725,22608.95,75,525,18171600
NIFTY-I.NFO,07/03/2025,09:28:09,22610.9,22606,150,22610,75,2175,18171600
NIFTY-I.NFO,07/03/2025,09:28:11,22610,22610,450,22610.4,75,225,18171600
NIFTY-I.NFO,07/03/2025,09:28:13,22610,22610,375,22613.1,150,150,18171600
NIFTY-I.NFO,07/03/2025,09:28:14,22610,22610,300,22612.8,150,75,18171600
NIFTY-I.NFO,07/03/2025,09:28:16,22610,22610,225,22611.45,75,75,18171600
NIFTY-I.NFO,07/03/2025,09:28:18,22611.95,22610,225,22612.45,150,300,18171600
NIFTY-I.NFO,07/03/2025,09:28:19,22612.45,22610,375,22612.45,150,150,18171600
NIFTY-I.NFO,07/03/2025,09:28:21,22610,22610,300,22612.45,150,75,18171600
NIFTY-I.NFO,07/03/2025,09:28:24,22607.8,22607.3,150,22611.25,150,675,18171600
NIFTY-I.NFO,07/03/2025,09:28:26,22612,22609.95,300,22613.4,150,75,18171600
NIFTY-I.NFO,07/03/2025,09:28:28,22610,22609.15,525,22610,75,750,18171600
NIFTY-I.NFO,07/03/2025,09:28:29,22612,22612,825,22615.75,150,225,18171600
NIFTY-I.NFO,07/03/2025,09:28:31,22613.45,22609.5,75,22612,75,1125,18171600
NIFTY-I.NFO,07/03/2025,09:28:33,22613.45,22609.85,450,22612,75,0,18171600
NIFTY-I.NFO,07/03/2025,09:28:34,22614.55,22612.05,375,22614.65,150,2850,18171600
NIFTY-I.NFO,07/03/2025,09:28:36,22612.05,22612.05,300,22613.4,75,75,18171600
NIFTY-I.NFO,07/03/2025,09:28:38,22612.05,22615.4,225,22615.45,225,1200,18171600
NIFTY-I.NFO,07/03/2025,09:28:39,22615.45,22615.4,225,22615.45,150,75,18171600
NIFTY-I.NFO,07/03/2025,09:28:41,22615.45,22615.4,150,22617,150,225,18171600
NIFTY-I.NFO,07/03/2025,09:28:43,22617,22615.4,150,22617,75,75,18171600
NIFTY-I.NFO,07/03/2025,09:28:44,22618,22615.4,150,22616.45,75,825,18171600
NIFTY-I.NFO,07/03/2025,09:28:46,22615.25,22612,150,22615.3,150,975,18171600
NIFTY-I.NFO,07/03/2025,09:28:48,22614.85,22612,150,22613.4,75,1800,18171600
NIFTY-I.NFO,07/03/2025,09:28:49,22613.4,22612,150,22614.8,75,75,18171600
NIFTY-I.NFO,07/03/2025,09:28:51,22613.4,22612,150,22612.15,75,0,18171600
NIFTY-I.NFO,07/03/2025,09:28:53,22610,22610,75,22610.25,75,600,18171600
NIFTY-I.NFO,07/03/2025,09:28:54,22610.45,22609.5,75,22610.05,75,675,18171600
NIFTY-I.NFO,07/03/2025,09:28:56,22607.5,22607,75,22610.45,75,375,18171600
NIFTY-I.NFO,07/03/2025,09:28:58,22606.4,22606,75,22610.45,75,225,18171600
NIFTY-I.NFO,07/03/2025,09:28:59,22606.4,22606,75,22607.45,75,0,18171600
NIFTY-I.NFO,07/03/2025,09:29:01,22606,22605.6,75,22605.95,225,75,18171600
NIFTY-I.NFO,07/03/2025,09:29:03,22604.3,22602.05,75,22603.55,75,6600,18171600
NIFTY-I.NFO,07/03/2025,09:29:04,22602.05,22602,750,22602.55,75,75,18171600
NIFTY-I.NFO,07/03/2025,09:29:06,22602.05,22602.05,75,22607.35,225,7425,18171600
NIFTY-I.NFO,07/03/2025,09:29:08,22602.05,22602,600,22605.05,150,0,18171600
NIFTY-I.NFO,07/03/2025,09:29:09,22600.9,22600.45,75,22601.35,225,1050,18171600
NIFTY-I.NFO,07/03/2025,09:29:11,22600,22600,3450,22601,75,750,18171600
NIFTY-I.NFO,07/03/2025,09:29:13,22600,22600,2775,22600.05,75,675,18171600
NIFTY-I.NFO,07/03/2025,09:29:14,22600,22599,225,22599.6,75,2775,18171600
NIFTY-I.NFO,07/03/2025,09:29:16,22595.25,22595,1200,22595.25,75,1950,18171600
NIFTY-I.NFO,07/03/2025,09:29:18,22592.1,22592,225,22592.9,75,1950,18171600
NIFTY-I.NFO,07/03/2025,09:29:19,22595.25,22593.6,900,22598.15,375,675,18171600
NIFTY-I.NFO,07/03/2025,09:29:21,22597.2,22596.9,1050,22600,750,750,18171600
NIFTY-I.NFO,07/03/2025,09:29:23,22600,22595.3,600,22600.4,375,750,18171600
NIFTY-I.NFO,07/03/2025,09:29:24,22596.65,22596.65,525,22601,75,900,18171600
NIFTY-I.NFO,07/03/2025,09:29:26,22596.35,22596.8,75,22600.6,150,450,18171600
NIFTY-I.NFO,07/03/2025,09:29:28,22598.15,22595.3,75,22599.85,150,75,18171600
NIFTY-I.NFO,07/03/2025,09:29:29,22596.25,22596.45,75,22600,675,75,18171600
NIFTY-I.NFO,07/03/2025,09:29:31,22600,22597.5,75,22600,450,750,18171600
NIFTY-I.NFO,07/03/2025,09:29:33,22598.3,22598.55,75,22600,375,150,18171600
NIFTY-I.NFO,07/03/2025,09:29:34,22598.55,22598.5,75,22599.95,75,375,18171600
NIFTY-I.NFO,07/03/2025,09:29:36,22602,22598.35,375,22602,75,375,18171600
NIFTY-I.NFO,07/03/2025,09:29:38,22600.6,22601,75,22602,75,75,18171600
NIFTY-I.NFO,07/03/2025,09:29:39,22601.65,22602.5,300,22604,75,450,18171600
NIFTY-I.NFO,07/03/2025,09:29:41,22601.65,22601.3,75,22604,75,0,18171600
NIFTY-I.NFO,07/03/2025,09:29:43,22601.8,22602.8,75,22603.2,75,1200,18171600
NIFTY-I.NFO,07/03/2025,09:29:44,22604,22600.45,675,22606.6,375,750,18171600
NIFTY-I.NFO,07/03/2025,09:29:46,22607.5,22605.35,75,22608,75,450,18171600
NIFTY-I.NFO,07/03/2025,09:29:48,22608,22602.85,375,22608.1,150,150,18171600
NIFTY-I.NFO,07/03/2025,09:29:49,22608.1,22606.25,375,22609.5,150,75,18171600
NIFTY-I.NFO,07/03/2025,09:29:51,22611.2,22605.9,300,22610,75,450,18171600
NIFTY-I.NFO,07/03/2025,09:29:53,22610,22608.35,375,22610,225,150,18171600
NIFTY-I.NFO,07/03/2025,09:29:54,22608.35,22606.75,375,22610,225,75,18171600
NIFTY-I.NFO,07/03/2025,09:29:56,22609,22609,300,22612.2,150,450,18171600
NIFTY-I.NFO,07/03/2025,09:29:58,22613,22612.95,75,22615,375,375,18171600
NIFTY-I.NFO,07/03/2025,09:29:59,22606.25,22606.25,75,22611.15,150,375,18171600
NIFTY-I.NFO,07/03/2025,09:30:01,22610.15,22606,75,22609.65,150,300,18171600
NIFTY-I.NFO,07/03/2025,09:30:03,22603.25,22605.95,75,22609.85,450,150,18171600
NIFTY-I.NFO,07/03/2025,09:30:04,22605.95,22604.55,300,22609.9,375,300,18171600
NIFTY-I.NFO,07/03/2025,09:30:06,22609.75,22606.1,75,22610,900,75,18171600
NIFTY-I.NFO,07/03/2025,09:30:08,22610,22607.85,300,22610,750,150,18171600
NIFTY-I.NFO,07/03/2025,09:30:09,22607.9,22607.8,300,22610,825,75,18171600
NIFTY-I.NFO,07/03/2025,09:30:11,22610.1,22610.8,375,22613.05,150,975,18171600
NIFTY-I.NFO,07/03/2025,09:30:13,22610,22606.35,300,22610.5,150,150,18171600
NIFTY-I.NFO,07/03/2025,09:30:14,22609.25,22607.25,300,22609.75,75,75,18171600
NIFTY-I.NFO,07/03/2025,09:30:16,22609.75,22607.4,75,22610.05,75,75,18171600
NIFTY-I.NFO,07/03/2025,09:30:18,22607.4,22610,75,22613.35,150,1575,18171600
NIFTY-I.NFO,07/03/2025,09:30:19,22610.05,22610.05,75,22613.4,75,300,18182550
NIFTY-I.NFO,07/03/2025,09:30:21,22618.9,22613,225,22613.5,75,600,18182550
NIFTY-I.NFO,07/03/2025,09:30:23,22620,22616.15,225,22620,75,900,18182550
NIFTY-I.NFO,07/03/2025,09:30:24,22621.5,22615.25,300,22616.8,75,300,18182550
NIFTY-I.NFO,07/03/2025,09:30:26,22616.8,22616.25,375,22621.3,75,75,18182550
NIFTY-I.NFO,07/03/2025,09:30:28,22619.65,22619.65,300,22622.45,525,525,18182550
NIFTY-I.NFO,07/03/2025,09:30:29,22622.45,22622,75,22622.45,375,150,18182550
NIFTY-I.NFO,07/03/2025,09:30:31,22624.05,22622.45,225,22624.65,900,900,18182550
NIFTY-I.NFO,07/03/2025,09:30:33,22623.4,22621.5,75,22623.75,600,675,18182550
NIFTY-I.NFO,07/03/2025,09:30:34,22619.65,22615,300,22620.8,600,450,18182550
NIFTY-I.NFO,07/03/2025,09:30:36,22619.95,22615.05,75,22619.95,600,75,18182550
NIFTY-I.NFO,07/03/2025,09:30:38,22621.5,22617.3,75,22622.45,75,825,18182550
NIFTY-I.NFO,07/03/2025,09:30:39,22620.45,22615.6,375,22621.55,450,300,18182550
NIFTY-I.NFO,07/03/2025,09:30:41,22619.5,22618,225,22620.15,225,75,18182550
NIFTY-I.NFO,07/03/2025,09:30:43,22619.95,22618,225,22618.75,525,375,18182550
NIFTY-I.NFO,07/03/2025,09:30:44,22618,22618,150,22622,75,450,18182550
NIFTY-I.NFO,07/03/2025,09:30:46,22618,22618.05,375,22622,75,0,18182550
NIFTY-I.NFO,07/03/2025,09:30:48,22622,22619.75,75,22622,750,150,18182550
NIFTY-I.NFO,07/03/2025,09:30:49,22622,22621.5,225,22622.45,225,225,18182550
NIFTY-I.NFO,07/03/2025,09:30:51,22630,22628.95,600,22630,225,1725,18182550
NIFTY-I.NFO,07/03/2025,09:30:53,22628.35,22628.5,75,22632,825,375,18182550
NIFTY-I.NFO,07/03/2025,09:30:54,22632.2,22628.5,150,22633,300,600,18182550
NIFTY-I.NFO,07/03/2025,09:30:56,22630.95,22628.5,75,22629.95,225,450,18182550
NIFTY-I.NFO,07/03/2025,09:30:58,22629.75,22627,75,22629.35,525,375,18182550
NIFTY-I.NFO,07/03/2025,09:30:59,22630.05,22625.5,75,22629.25,225,1275,18182550
NIFTY-I.NFO,07/03/2025,09:31:01,22627.5,22625,75,22626.5,225,300,18182550
NIFTY-I.NFO,07/03/2025,09:31:03,22626.7,22622,750,22624.4,225,375,18182550
NIFTY-I.NFO,07/03/2025,09:31:04,22622,22622,675,22625.5,75,300,18182550
NIFTY-I.NFO,07/03/2025,09:31:06,22622,22622.05,600,22625.35,225,0,18182550
NIFTY-I.NFO,07/03/2025,09:31:08,22624.35,22622.05,525,22625.25,225,150,18182550
NIFTY-I.NFO,07/03/2025,09:31:09,22621.65,22620.05,75,22622.8,150,825,18182550
NIFTY-I.NFO,07/03/2025,09:31:11,22622.85,22618,750,22622.8,375,1725,18182550
NIFTY-I.NFO,07/03/2025,09:31:13,22624.15,22620,75,22622.1,300,750,18182550
NIFTY-I.NFO,07/03/2025,09:31:14,22623.4,22618.35,525,22622.4,225,5250,18182550
NIFTY-I.NFO,07/03/2025,09:31:16,22619.8,22618,225,22619.85,375,300,18182550
NIFTY-I.NFO,07/03/2025,09:31:18,22620.25,22618,150,22620.05,300,375,18182550
NIFTY-I.NFO,07/03/2025,09:31:19,22617.05,22615,450,22617.05,600,1875,18182550
NIFTY-I.NFO,07/03/2025,09:31:21,22614.95,22613,225,22615.15,300,1875,18182550
NIFTY-I.NFO,07/03/2025,09:31:23,22612.4,22610.05,75,22613.3,900,150,18182550
NIFTY-I.NFO,07/03/2025,09:31:24,22613.15,22610,3300,22612.75,375,150,18182550
NIFTY-I.NFO,07/03/2025,09:31:26,22610.05,22610.4,525,22615,300,675,18182550
NIFTY-I.NFO,07/03/2025,09:31:28,22610.4,22610,3300,22611.1,900,450,18182550
NIFTY-I.NFO,07/03/2025,09:31:29,22607.15,22610.05,150,22611.1,825,4650,18182550
NIFTY-I.NFO,07/03/2025,09:31:31,22603.7,22603.4,450,22609.35,600,1350,18182550
NIFTY-I.NFO,07/03/2025,09:31:33,22604.45,22605.6,75,22611.1,825,375,18182550
NIFTY-I.NFO,07/03/2025,09:31:34,22604.8,22606.85,150,22610.4,150,225,18182550
NIFTY-I.NFO,07/03/2025,09:31:36,22604.8,22606.85,75,22610.4,150,0,18182550
NIFTY-I.NFO,07/03/2025,09:31:38,22610.4,22605.7,150,22610.4,75,150,18182550
NIFTY-I.NFO,07/03/2025,09:31:39,22605.4,22605.3,150,22610.4,75,75,18182550
NIFTY-I.NFO,07/03/2025,09:31:41,22606.5,22607.3,375,22610,75,375,18182550
NIFTY-I.NFO,07/03/2025,09:31:43,22606.3,22604.95,75,22609.9,750,1125,18182550
NIFTY-I.NFO,07/03/2025,09:31:44,22609.05,22604.8,75,22609.75,600,375,18182550
NIFTY-I.NFO,07/03/2025,09:31:46,22604.8,22606,75,22608.5,750,150,18182550
NIFTY-I.NFO,07/03/2025,09:31:48,22605.4,22605.4,450,22608.3,300,450,18182550
NIFTY-I.NFO,07/03/2025,09:31:49,22605.4,22605.4,300,22610,75,150,18182550
NIFTY-I.NFO,07/03/2025,09:31:51,22605.4,22604,75,22605.4,150,1200,18182550
NIFTY-I.NFO,07/03/2025,09:31:53,22605.4,22604,75,22605.4,150,0,18182550
NIFTY-I.NFO,07/03/2025,09:31:54,22605.95,22605.4,75,22609.8,750,225,18182550
NIFTY-I.NFO,07/03/2025,09:31:56,22604.75,22604,75,22609.5,675,300,18182550
NIFTY-I.NFO,07/03/2025,09:31:58,22604.75,22604,75,22609.35,750,0,18182550
NIFTY-I.NFO,07/03/2025,09:31:59,22604.95,22604.95,1425,22608.45,300,75,18182550
NIFTY-I.NFO,07/03/2025,09:32:01,22605.95,22605.95,225,22606.65,75,150,18182550
NIFTY-I.NFO,07/03/2025,09:32:03,22605.95,22605.95,225,22610,375,0,18182550
NIFTY-I.NFO,07/03/2025,09:32:04,22605.95,22606.85,375,22609.95,75,75,18182550
NIFTY-I.NFO,07/03/2025,09:32:06,22609.95,22606.25,375,22610,300,75,18182550
NIFTY-I.NFO,07/03/2025,09:32:08,22606.45,22606.6,375,22611.1,675,600,18182550
NIFTY-I.NFO,07/03/2025,09:32:09,22611.1,22610,1425,22611.1,525,225,18182550
NIFTY-I.NFO,07/03/2025,09:32:11,22611.1,22610,1425,22611.1,300,225,18182550
NIFTY-I.NFO,07/03/2025,09:32:13,22611.1,22610,1500,22611.1,300,0,18182550
NIFTY-I.NFO,07/03/2025,09:32:14,22611.1,22610.25,375,22614,150,300,18182550
NIFTY-I.NFO,07/03/2025,09:32:16,22614,22611.1,1050,22614,75,75,18182550
NIFTY-I.NFO,07/03/2025,09:32:18,22620,22614.15,150,22620,75,300,18182550
NIFTY-I.NFO,07/03/2025,09:32:19,22620,22616.85,375,22620,150,0,18182550
NIFTY-I.NFO,07/03/2025,09:32:21,22616.4,22616.4,375,22620,150,300,18182550
NIFTY-I.NFO,07/03/2025,09:32:23,22616.4,22616,75,22620,150,0,18182550
NIFTY-I.NFO,07/03/2025,09:32:24,22617.8,22617.55,525,22620,75,375,18182550
NIFTY-I.NFO,07/03/2025,09:32:26,22617.8,22617.4,375,22620,75,0,18182550
NIFTY-I.NFO,07/03/2025,09:32:28,22617.75,22618.25,75,22624.65,150,300,18182550
NIFTY-I.NFO,07/03/2025,09:32:29,22617.75,22618.65,525,22625,2475,0,18182550
NIFTY-I.NFO,07/03/2025,09:32:31,22617.75,22620.15,300,22625,3075,0,18182550
NIFTY-I.NFO,07/03/2025,09:32:33,22625,22620,1350,22625,3000,75,18182550
NIFTY-I.NFO,07/03/2025,09:32:34,22620,22620,1125,22624.8,75,225,18182550
NIFTY-I.NFO,07/03/2025,09:32:36,22620,22620,1125,22622.8,375,0,18182550
NIFTY-I.NFO,07/03/2025,09:32:38,22620.1,22620,1275,22621.8,75,150,18182550
NIFTY-I.NFO,07/03/2025,09:32:39,22620,22620,1125,22622.7,75,225,18182550
NIFTY-I.NFO,07/03/2025,09:32:41,22623.45,22620.1,75,22622.9,1200,675,18182550
NIFTY-I.NFO,07/03/2025,09:32:43,22621.2,22620,225,22622.6,1275,525,18182550
NIFTY-I.NFO,07/03/2025,09:32:44,22621.9,22620,375,22622.95,75,225,18182550
NIFTY-I.NFO,07/03/2025,09:32:46,22621.9,22620,675,22622.1,375,0,18182550
NIFTY-I.NFO,07/03/2025,09:32:48,22621.9,22620.85,300,22623.5,75,0,18182550
NIFTY-I.NFO,07/03/2025,09:32:49,22624,22623.5,75,22625,2550,150,18182550
NIFTY-I.NFO,07/03/2025,09:32:51,22623.9,22623.85,375,22625,2775,150,18182550
NIFTY-I.NFO,07/03/2025,09:32:53,22623.45,22623.4,225,22625,2625,300,18182550
NIFTY-I.NFO,07/03/2025,09:32:54,22625,22625,450,22626.35,1050,2700,18182550
NIFTY-I.NFO,07/03/2025,09:32:56,22625,22622.9,1050,22624.2,450,750,18182550
NIFTY-I.NFO,07/03/2025,09:32:58,22622.9,22622.9,300,22623.25,600,750,18182550
NIFTY-I.NFO,07/03/2025,09:32:59,22622.55,22621.9,75,22622.6,600,375,18182550
NIFTY-I.NFO,07/03/2025,09:33:01,22619.4,22615,900,22619.35,375,1200,18182550
NIFTY-I.NFO,07/03/2025,09:33:03,22615,22615,825,22617.8,825,75,18182550
NIFTY-I.NFO,07/03/2025,09:33:04,22619.8,22615.1,150,22620.15,300,150,18182550
NIFTY-I.NFO,07/03/2025,09:33:06,22615,22615.05,375,22621.45,600,1575,18182550
NIFTY-I.NFO,07/03/2025,09:33:08,22615,22616.35,450,22622.55,600,0,18182550
NIFTY-I.NFO,07/03/2025,09:33:09,22620,22615.55,150,22622,600,2025,18182550
NIFTY-I.NFO,07/03/2025,09:33:11,22615,22615.1,150,22620,75,1575,18182550
NIFTY-I.NFO,07/03/2025,09:33:13,22620,22615,225,22618.75,150,150,18182550
NIFTY-I.NFO,07/03/2025,09:33:14,22620.1,22615,150,22619.4,150,150,18182550
NIFTY-I.NFO,07/03/2025,09:33:16,22610.6,22610.55,150,22617,150,1575,18182550
NIFTY-I.NFO,07/03/2025,09:33:18,22611.35,22613.4,150,22615,75,450,18182550
NIFTY-I.NFO,07/03/2025,09:33:20,22615.05,22616.05,75,22620.1,150,300,18187575
NIFTY-I.NFO,07/03/2025,09:33:21,22620.1,22615.6,75,22620.1,75,75,18187575
NIFTY-I.NFO,07/03/2025,09:33:23,22613.4,22612.95,75,22617.75,750,225,18187575
NIFTY-I.NFO,07/03/2025,09:33:25,22618.45,22611.75,225,22617.75,150,225,18187575
NIFTY-I.NFO,07/03/2025,09:33:26,22612.95,22612.7,225,22618.15,225,375,18187575
NIFTY-I.NFO,07/03/2025,09:33:28,22617.75,22617.3,75,22618,675,150,18187575
NIFTY-I.NFO,07/03/2025,09:33:30,22617.75,22617.65,75,22619,75,0,18187575
NIFTY-I.NFO,07/03/2025,09:33:31,22618.4,22615,300,22618.75,600,75,18187575
NIFTY-I.NFO,07/03/2025,09:33:33,22618.4,22615.05,75,22619,75,0,18187575
NIFTY-I.NFO,07/03/2025,09:33:35,22611.7,22611.35,75,22617.1,375,600,18187575
NIFTY-I.NFO,07/03/2025,09:33:36,22611.7,22611.6,75,22617.45,375,0,18187575
NIFTY-I.NFO,07/03/2025,09:33:38,22611.7,22612,75,22616,750,0,18187575
NIFTY-I.NFO,07/03/2025,09:33:40,22611.7,22614,75,22616,450,0,18187575
NIFTY-I.NFO,07/03/2025,09:33:41,22616,22614,75,22616.9,1575,450,18187575
NIFTY-I.NFO,07/03/2025,09:33:43,22616,22614,75,22616.4,300,150,18187575
NIFTY-I.NFO,07/03/2025,09:33:45,22615.45,22612,75,22615.4,600,2625,18187575
NIFTY-I.NFO,07/03/2025,09:33:46,22615.45,22612,300,22615,375,0,18187575
NIFTY-I.NFO,07/03/2025,09:33:48,22612,22612,150,22616.55,675,300,18187575
NIFTY-I.NFO,07/03/2025,09:33:50,22612,22612,75,22616.85,300,75,18187575
NIFTY-I.NFO,07/03/2025,09:33:51,22612,22613.9,150,22618.65,75,0,18187575
NIFTY-I.NFO,07/03/2025,09:33:53,22615.55,22616.5,600,22618.65,75,300,18187575
NIFTY-I.NFO,07/03/2025,09:33:55,22616.55,22616.55,150,22618.65,75,75,18187575
NIFTY-I.NFO,07/03/2025,09:33:56,22616.55,22616.55,150,22618.65,75,0,18187575
NIFTY-I.NFO,07/03/2025,09:33:58,22616.55,22616.55,75,22618.65,75,75,18187575
NIFTY-I.NFO,07/03/2025,09:34:00,22618.65,22618.35,600,22618.85,75,75,18187575
NIFTY-I.NFO,07/03/2025,09:34:01,22618.9,22618.95,225,22622,150,2175,18187575
NIFTY-I.NFO,07/03/2025,09:34:03,22619.8,22619.8,75,22622,150,150,18187575
NIFTY-I.NFO,07/03/2025,09:34:05,22619.8,22619.75,75,22622.75,75,750,18187575
NIFTY-I.NFO,07/03/2025,09:34:06,22625,22620.25,75,22624.95,825,150,18187575
NIFTY-I.NFO,07/03/2025,09:34:08,22625,22619.45,375,22625,1350,300,18187575
NIFTY-I.NFO,07/03/2025,09:34:10,22623.9,22623.4,450,22625,1050,750,18187575
NIFTY-I.NFO,07/03/2025,09:34:11,22623.9,22622.9,450,22625,1125,0,18187575
NIFTY-I.NFO,07/03/2025,09:34:13,22625,22623.5,75,22625,1050,150,18187575
NIFTY-I.NFO,07/03/2025,09:34:15,22625,22623.7,225,22625,975,450,18187575
NIFTY-I.NFO,07/03/2025,09:34:16,22626.6,22626.45,600,22628.5,75,1500,18187575
NIFTY-I.NFO,07/03/2025,09:34:18,22630,22630,525,22632,150,450,18187575
NIFTY-I.NFO,07/03/2025,09:34:20,22630,22630,450,22632,150,75,18187575
NIFTY-I.NFO,07/03/2025,09:34:21,22637.05,22637.4,450,22638,1275,1875,18187575
NIFTY-I.NFO,07/03/2025,09:34:23,22638.9,22638,150,22638.9,1725,1500,18187575
NIFTY-I.NFO,07/03/2025,09:34:25,22637.45,22636.4,450,22638.9,1425,525,18187575
NIFTY-I.NFO,07/03/2025,09:34:26,22642,22642.9,150,22643.35,75,11625,18187575
NIFTY-I.NFO,07/03/2025,09:34:28,22661.3,22656.85,375,22661.95,225,10800,18187575
NIFTY-I.NFO,07/03/2025,09:34:30,22660.6,22655.5,75,22658.95,150,2100,18187575
NIFTY-I.NFO,07/03/2025,09:34:31,22662.1,22655.1,675,22661.15,150,5775,18187575
NIFTY-I.NFO,07/03/2025,09:34:33,22655.85,22654,75,22659.9,375,1200,18187575
NIFTY-I.NFO,07/03/2025,09:34:35,22652,22653.1,600,22659.4,150,1125,18187575
NIFTY-I.NFO,07/03/2025,09:34:36,22653.1,22647,75,22652.4,300,525,18187575
NIFTY-I.NFO,07/03/2025,09:34:38,22659.35,22654,75,22659.95,75,900,18187575
NIFTY-I.NFO,07/03/2025,09:34:40,22659.95,22654.35,150,22659.95,75,600,18187575
NIFTY-I.NFO,07/03/2025,09:34:41,22657.65,22654.05,150,22658.9,900,150,18187575
NIFTY-I.NFO,07/03/2025,09:34:43,22659.05,22654.05,150,22655.8,300,225,18187575
NIFTY-I.NFO,07/03/2025,09:34:45,22650.8,22651.25,150,22657.5,375,675,18187575
NIFTY-I.NFO,07/03/2025,09:34:46,22655.45,22650,300,22653.7,75,1125,18187575
NIFTY-I.NFO,07/03/2025,09:34:48,22654.75,22654.75,375,22658,75,225,18187575
NIFTY-I.NFO,07/03/2025,09:34:50,22654.75,22654.85,150,22659.9,75,825,18187575
NIFTY-I.NFO,07/03/2025,09:34:51,22659.5,22654.35,525,22658.2,75,2475,18187575
NIFTY-I.NFO,07/03/2025,09:34:53,22660.3,22655.6,600,22660.6,75,1650,18187575
NIFTY-I.NFO,07/03/2025,09:34:55,22657.6,22654.1,150,22657.65,75,375,18187575
NIFTY-I.NFO,07/03/2025,09:34:56,22659.95,22652.1,150,22658.7,450,675,18187575
NIFTY-I.NFO,07/03/2025,09:34:58,22660,22656.95,75,22661,600,2175,18187575
NIFTY-I.NFO,07/03/2025,09:35:00,22663,22659.85,450,22664.8,75,1875,18187575
NIFTY-I.NFO,07/03/2025,09:35:01,22656.95,22651.2,75,22657.85,600,2100,18187575
NIFTY-I.NFO,07/03/2025,09:35:03,22656.85,22654,525,22655.75,300,525,18187575
NIFTY-I.NFO,07/03/2025,09:35:05,22654,22654,375,22657.6,675,375,18187575
NIFTY-I.NFO,07/03/2025,09:35:06,22653.45,22650,3750,22652.15,375,675,18187575
NIFTY-I.NFO,07/03/2025,09:35:08,22652.6,22650,3825,22653.25,75,375,18187575
NIFTY-I.NFO,07/03/2025,09:35:10,22654,22654,450,22654.8,75,1125,18187575
NIFTY-I.NFO,07/03/2025,09:35:11,22652,22650,3825,22654.4,75,1350,18187575
NIFTY-I.NFO,07/03/2025,09:35:13,22651.6,22650.05,150,22654,75,225,18187575
NIFTY-I.NFO,07/03/2025,09:35:15,22652,22650.05,150,22655.5,75,225,18187575
NIFTY-I.NFO,07/03/2025,09:35:16,22652.45,22652.45,75,22655.5,75,300,18187575
NIFTY-I.NFO,07/03/2025,09:35:18,22655.4,22651.6,75,22654.8,525,150,18187575
NIFTY-I.NFO,07/03/2025,09:35:20,22654.25,22652.45,375,22654.2,75,1725,18187575
NIFTY-I.NFO,07/03/2025,09:35:21,22650.75,22650,5025,22652.2,75,900,18187575
NIFTY-I.NFO,07/03/2025,09:35:23,22650,22650,5025,22652.75,75,225,18187575
NIFTY-I.NFO,07/03/2025,09:35:25,22650,22650,4575,22653.05,75,375,18187575
NIFTY-I.NFO,07/03/2025,09:35:26,22650,22646.1,75,22649.55,75,4800,18187575
NIFTY-I.NFO,07/03/2025,09:35:28,22650,22645,300,22649.65,75,1350,18187575
NIFTY-I.NFO,07/03/2025,09:35:30,22645,22645.05,150,22647.15,375,225,18187575
NIFTY-I.NFO,07/03/2025,09:35:31,22648.1,22645.05,375,22650,75,150,18187575
NIFTY-I.NFO,07/03/2025,09:35:33,22648.1,22645.05,150,22647.85,600,0,18187575
NIFTY-I.NFO,07/03/2025,09:35:35,22645.1,22647.85,75,22649,450,300,18187575
NIFTY-I.NFO,07/03/2025,09:35:36,22647.85,22646,150,22647.65,75,75,18187575
NIFTY-I.NFO,07/03/2025,09:35:38,22645,22645,150,22647.1,75,525,18187575
NIFTY-I.NFO,07/03/2025,09:35:40,22642.65,22645,750,22647.85,150,225,18187575
NIFTY-I.NFO,07/03/2025,09:35:41,22647.8,22645,675,22647.85,900,300,18187575
NIFTY-I.NFO,07/03/2025,09:35:43,22644.85,22642,75,22645.1,525,750,18187575
NIFTY-I.NFO,07/03/2025,09:35:45,22640.8,22640,150,22645.3,750,225,18187575
NIFTY-I.NFO,07/03/2025,09:35:46,22643.75,22640,225,22643.5,750,375,18187575
NIFTY-I.NFO,07/03/2025,09:35:48,22640,22640,75,22644,150,450,18187575
NIFTY-I.NFO,07/03/2025,09:35:50,22637.05,22638.95,600,22644.6,375,525,18187575
NIFTY-I.NFO,07/03/2025,09:35:51,22640.75,22640.05,750,22645,75,150,18187575
NIFTY-I.NFO,07/03/2025,09:35:53,22640.65,22640,150,22643,225,375,18187575
NIFTY-I.NFO,07/03/2025,09:35:55,22645,22641.95,600,22647.75,375,300,18187575
NIFTY-I.NFO,07/03/2025,09:35:56,22645,22641,75,22646.05,525,0,18187575
NIFTY-I.NFO,07/03/2025,09:35:58,22642.05,22640,150,22642.15,750,300,18187575
NIFTY-I.NFO,07/03/2025,09:36:00,22635.05,22635,375,22639.95,375,525,18187575
NIFTY-I.NFO,07/03/2025,09:36:01,22640.35,22637,75,22639.9,75,150,18187575
NIFTY-I.NFO,07/03/2025,09:36:03,22640.8,22634.85,1125,22637,75,1725,18187575
NIFTY-I.NFO,07/03/2025,09:36:05,22640.65,22637.1,375,22642.05,75,375,18187575
NIFTY-I.NFO,07/03/2025,09:36:06,22637,22637,75,22641.25,150,375,18187575
NIFTY-I.NFO,07/03/2025,09:36:08,22637,22637.05,300,22640,75,0,18187575
NIFTY-I.NFO,07/03/2025,09:36:10,22637,22634,300,22638.85,150,75,18187575
NIFTY-I.NFO,07/03/2025,09:36:11,22639.9,22635,750,22637,150,5625,18187575
NIFTY-I.NFO,07/03/2025,09:36:13,22642.85,22640,2925,22643.8,825,600,18187575
NIFTY-I.NFO,07/03/2025,09:36:15,22643,22643,450,22643.4,450,225,18187575
NIFTY-I.NFO,07/03/2025,09:36:16,22643.8,22643,375,22643.65,75,225,18187575
NIFTY-I.NFO,07/03/2025,09:36:18,22643.65,22643,375,22645,525,75,18187575
NIFTY-I.NFO,07/03/2025,09:36:20,22647,22643.1,600,22647,450,825,18195600
NIFTY-I.NFO,07/03/2025,09:36:21,22647.8,22643.85,600,22647,75,1125,18195600
NIFTY-I.NFO,07/03/2025,09:36:23,22643.35,22643.2,450,22647,75,300,18195600
NIFTY-I.NFO,07/03/2025,09:36:25,22643.35,22643,75,22643.35,75,0,18195600
NIFTY-I.NFO,07/03/2025,09:36:26,22647,22643.95,975,22647.85,225,150,18195600
NIFTY-I.NFO,07/03/2025,09:36:28,22645.45,22644.65,1050,22647.85,225,75,18195600
NIFTY-I.NFO,07/03/2025,09:36:30,22647.85,22645.4,975,22647.85,75,225,18195600
NIFTY-I.NFO,07/03/2025,09:36:31,22643.85,22643.9,375,22648.1,75,225,18195600
NIFTY-I.NFO,07/03/2025,09:36:33,22647.3,22643.9,375,22647.25,375,75,18195600
NIFTY-I.NFO,07/03/2025,09:36:35,22643.9,22643.9,75,22644.5,375,375,18195600
NIFTY-I.NFO,07/03/2025,09:36:36,22643.9,22643.95,75,22645.1,1125,75,18195600
NIFTY-I.NFO,07/03/2025,09:36:38,22643.9,22643.95,75,22645.35,1125,0,18195600
NIFTY-I.NFO,07/03/2025,09:36:40,22643.85,22643,75,22643.65,300,375,18195600
NIFTY-I.NFO,07/03/2025,09:36:41,22642.85,22640.1,150,22643.95,75,150,18195600
NIFTY-I.NFO,07/03/2025,09:36:43,22642.85,22640.05,75,22643.25,75,0,18195600
NIFTY-I.NFO,07/03/2025,09:36:45,22640.05,22640,3000,22641.2,75,75,18195600
NIFTY-I.NFO,07/03/2025,09:36:46,22639.35,22635,900,22639.65,300,3300,18195600
NIFTY-I.NFO,07/03/2025,09:36:48,22635.05,22635,975,22639.05,225,225,18195600
NIFTY-I.NFO,07/03/2025,09:36:50,22639.1,22635,975,22637.6,525,75,18195600
NIFTY-I.NFO,07/03/2025,09:36:51,22639.1,22635,1050,22637.75,675,0,18195600
NIFTY-I.NFO,07/03/2025,09:36:53,22637.6,22635,1050,22639.2,75,150,18195600
NIFTY-I.NFO,07/03/2025,09:36:55,22639.3,22639,150,22639.3,750,75,18195600
NIFTY-I.NFO,07/03/2025,09:36:56,22639.3,22635,975,22639.3,675,300,18195600
NIFTY-I.NFO,07/03/2025,09:36:58,22635,22635,825,22637.55,75,225,18195600
NIFTY-I.NFO,07/03/2025,09:37:00,22635,22634,225,22634.75,525,900,18195600
NIFTY-I.NFO,07/03/2025,09:37:01,22635.8,22634,225,22637.45,75,225,18195600
NIFTY-I.NFO,07/03/2025,09:37:03,22634,22635,75,22637.9,450,225,18195600
NIFTY-I.NFO,07/03/2025,09:37:05,22634,22635,225,22636.95,750,0,18195600
NIFTY-I.NFO,07/03/2025,09:37:06,22635.1,22635.1,75,22637.75,600,150,18195600
NIFTY-I.NFO,07/03/2025,09:37:08,22635.1,22635,75,22637.45,225,75,18195600
NIFTY-I.NFO,07/03/2025,09:37:10,22635.1,22635,75,22637.1,900,0,18195600
NIFTY-I.NFO,07/03/2025,09:37:11,22635,22634,225,22636.55,750,6900,18195600
NIFTY-I.NFO,07/03/2025,09:37:13,22635.75,22635,75,22638,75,75,18195600
NIFTY-I.NFO,07/03/2025,09:37:15,22635,22635.1,375,22637,75,75,18195600
NIFTY-I.NFO,07/03/2025,09:37:16,22636.9,22635.1,375,22637,75,150,18195600
NIFTY-I.NFO,07/03/2025,09:37:18,22635,22635,75,22635.2,600,825,18195600
NIFTY-I.NFO,07/03/2025,09:37:20,22632.65,22631,75,22632.65,600,975,18195600
NIFTY-I.NFO,07/03/2025,09:37:21,22631,22630,1050,22631.6,600,150,18195600
NIFTY-I.NFO,07/03/2025,09:37:23,22631,22630,1050,22631.05,525,75,18195600
NIFTY-I.NFO,07/03/2025,09:37:25,22630.8,22630,450,22633.9,300,1275,18195600
NIFTY-I.NFO,07/03/2025,09:37:26,22633.3,22630,375,22630.7,75,150,18195600
NIFTY-I.NFO,07/03/2025,09:37:28,22629.5,22628,150,22629.5,675,900,18195600
NIFTY-I.NFO,07/03/2025,09:37:30,22625,22624.1,75,22625.8,675,1200,18195600
NIFTY-I.NFO,07/03/2025,09:37:32,22622,22622,75,22624.1,675,600,18195600
NIFTY-I.NFO,07/03/2025,09:37:33,22625.55,22621,450,22624,1500,675,18195600
NIFTY-I.NFO,07/03/2025,09:37:35,22621,22621,375,22623.5,975,225,18195600
NIFTY-I.NFO,07/03/2025,09:37:37,22621,22621,150,22624.8,75,2925,18195600
NIFTY-I.NFO,07/03/2025,09:37:38,22621,22622.05,150,22623.15,375,300,18195600
NIFTY-I.NFO,07/03/2025,09:37:40,22617,22616.4,75,22620.5,375,2775,18195600
NIFTY-I.NFO,07/03/2025,09:37:42,22615.75,22615.6,1050,22620.5,750,450,18195600
NIFTY-I.NFO,07/03/2025,09:37:43,22615.6,22615.6,900,22619.55,450,450,18195600
NIFTY-I.NFO,07/03/2025,09:37:45,22616.35,22615.8,600,22621,75,525,18195600
NIFTY-I.NFO,07/03/2025,09:37:47,22620,22616,225,22617,75,150,18195600
NIFTY-I.NFO,07/03/2025,09:37:48,22616.05,22616.5,75,22620.05,750,225,18195600
NIFTY-I.NFO,07/03/2025,09:37:50,22619.3,22619.15,600,22622.85,600,150,18195600
NIFTY-I.NFO,07/03/2025,09:37:52,22618.7,22620.25,600,22622.85,600,150,18195600
NIFTY-I.NFO,07/03/2025,09:37:53,22622.85,22619.95,600,22622.85,525,300,18195600
NIFTY-I.NFO,07/03/2025,09:37:55,22619.6,22620.05,600,22622.85,525,225,18195600
NIFTY-I.NFO,07/03/2025,09:37:57,22620,22620,2925,22622.85,150,600,18195600
NIFTY-I.NFO,07/03/2025,09:37:58,22622.85,22620,2925,22622.85,75,75,18195600
NIFTY-I.NFO,07/03/2025,09:38:00,22620.55,22620.55,1125,22622.85,150,75,18195600
NIFTY-I.NFO,07/03/2025,09:38:02,22624,22622.7,450,22624,375,1425,18195600
NIFTY-I.NFO,07/03/2025,09:38:03,22624,22621.05,150,22624,450,375,18195600
NIFTY-I.NFO,07/03/2025,09:38:05,22624,22621,75,22624,300,900,18195600
NIFTY-I.NFO,07/03/2025,09:38:07,22624,22621,75,22623.95,150,0,18195600
NIFTY-I.NFO,07/03/2025,09:38:08,22621.05,22621,75,22622.5,750,600,18195600
NIFTY-I.NFO,07/03/2025,09:38:10,22621.95,22620.05,450,22621,525,150,18195600
NIFTY-I.NFO,07/03/2025,09:38:12,22622.55,22620.05,75,22623.4,225,8550,18195600
NIFTY-I.NFO,07/03/2025,09:38:13,22622.55,22621,75,22623.55,225,0,18195600
NIFTY-I.NFO,07/03/2025,09:38:15,22622.55,22621.1,150,22624,300,0,18195600
NIFTY-I.NFO,07/03/2025,09:38:17,22622.55,22621,75,22624,300,0,18195600
NIFTY-I.NFO,07/03/2025,09:38:18,22624,22621,75,22624,750,750,18195600
NIFTY-I.NFO,07/03/2025,09:38:20,22624.45,22621,150,22624,150,525,18195600
NIFTY-I.NFO,07/03/2025,09:38:22,22620,22620,3450,22623.95,225,375,18195600
NIFTY-I.NFO,07/03/2025,09:38:23,22621,22620,3450,22623.75,225,75,18195600
NIFTY-I.NFO,07/03/2025,09:38:25,22621,22620,3450,22622.15,150,0,18195600
NIFTY-I.NFO,07/03/2025,09:38:27,22620,22620,3300,22620.05,225,225,18195600
NIFTY-I.NFO,07/03/2025,09:38:28,22620,22620.05,75,22621,75,0,18195600
NIFTY-I.NFO,07/03/2025,09:38:30,22620.1,22620.05,75,22624,225,150,18195600
NIFTY-I.NFO,07/03/2025,09:38:32,22620.55,22620.8,675,22624,225,300,18195600
NIFTY-I.NFO,07/03/2025,09:38:33,22620.55,22620.1,150,22624,150,150,18195600
NIFTY-I.NFO,07/03/2025,09:38:35,22620.55,22620.1,150,22622.65,300,0,18195600
NIFTY-I.NFO,07/03/2025,09:38:37,22621,22620,3375,22620.85,225,225,18195600
NIFTY-I.NFO,07/03/2025,09:38:38,22621,22620,3375,22620.1,1125,0,18195600
NIFTY-I.NFO,07/03/2025,09:38:40,22622.35,22620,3450,22623.8,75,1425,18195600
NIFTY-I.NFO,07/03/2025,09:38:42,22624.9,22621,75,22623.5,75,1950,18195600
NIFTY-I.NFO,07/03/2025,09:38:43,22620,22620,3075,22623.45,75,450,18195600
NIFTY-I.NFO,07/03/2025,09:38:45,22620,22620,3075,22622.7,75,0,18195600
NIFTY-I.NFO,07/03/2025,09:38:47,22623.75,22620.05,2250,22622.45,75,300,18195600
NIFTY-I.NFO,07/03/2025,09:38:48,22623.75,22620.05,2325,22623.65,600,150,18195600
NIFTY-I.NFO,07/03/2025,09:38:50,22623.1,22620.05,2100,22623,600,300,18195600
NIFTY-I.NFO,07/03/2025,09:38:52,22620.05,22620.85,75,22621,75,375,18195600
NIFTY-I.NFO,07/03/2025,09:38:53,22618,22617,75,22618.15,825,3000,18195600
NIFTY-I.NFO,07/03/2025,09:38:55,22617.9,22616.6,150,22618.55,75,750,18195600
NIFTY-I.NFO,07/03/2025,09:38:57,22616.6,22616.6,75,22618.1,750,150,18195600
NIFTY-I.NFO,07/03/2025,09:38:58,22618.4,22616.55,75,22617.8,150,2025,18195600
NIFTY-I.NFO,07/03/2025,09:39:00,22615.05,22615.05,75,22615.5,75,1725,18195600
NIFTY-I.NFO,07/03/2025,09:39:02,22613.8,22612,1275,22613.5,75,8925,18195600
NIFTY-I.NFO,07/03/2025,09:39:03,22612,22612.9,3000,22614.05,75,75,18195600
NIFTY-I.NFO,07/03/2025,09:39:05,22615.5,22612.9,2550,22616,225,1350,18195600
NIFTY-I.NFO,07/03/2025,09:39:07,22615.5,22612.9,2550,22616,75,0,18195600
NIFTY-I.NFO,07/03/2025,09:39:08,22612.9,22613,75,22614.75,600,150,18195600
NIFTY-I.NFO,07/03/2025,09:39:10,22612.9,22612.9,2325,22613.8,225,150,18195600
NIFTY-I.NFO,07/03/2025,09:39:11,22613.2,22612.9,1650,22613.2,600,825,18195600
NIFTY-I.NFO,07/03/2025,09:39:13,22611.35,22611.05,300,22611.2,75,2925,18195600
NIFTY-I.NFO,07/03/2025,09:39:15,22611.05,22611.05,75,22611.1,225,225,18195600
NIFTY-I.NFO,07/03/2025,09:39:16,22611,22611,75,22611.1,150,300,18195600
NIFTY-I.NFO,07/03/2025,09:39:18,22611,22610.65,75,22613.1,600,1050,18195600
NIFTY-I.NFO,07/03/2025,09:39:20,22610.1,22610.05,3000,22613.45,75,450,18195600
NIFTY-I.NFO,07/03/2025,09:39:21,22610.05,22610.05,2775,22611.05,75,300,18195600
NIFTY-I.NFO,07/03/2025,09:39:23,22613,22613,150,22613.95,300,1275,18195600
NIFTY-I.NFO,07/03/2025,09:39:25,22613,22611,75,22612.8,75,300,18195600
NIFTY-I.NFO,07/03/2025,09:39:26,22610.85,22610.05,2325,22610.8,75,450,18195600
NIFTY-I.NFO,07/03/2025,09:39:28,22609.35,22608,75,22609.55,900,3750,18195600
NIFTY-I.NFO,07/03/2025,09:39:30,22608.55,22608.5,75,22608.6,150,675,18195600
NIFTY-I.NFO,07/03/2025,09:39:32,22606.2,22606,375,22606.25,525,1050,18195600
NIFTY-I.NFO,07/03/2025,09:39:33,22605,22605.1,900,22606.2,225,1800,18195600
NIFTY-I.NFO,07/03/2025,09:39:35,22604.1,22603,75,22604.1,225,3150,18195600
NIFTY-I.NFO,07/03/2025,09:39:37,22600.2,22600.05,3000,22600.7,225,3750,18195600
NIFTY-I.NFO,07/03/2025,09:39:38,22596,22596,75,22596.7,75,9075,18195600
NIFTY-I.NFO,07/03/2025,09:39:40,22590.4,22590,1650,22590.35,75,4575,18195600
NIFTY-I.NFO,07/03/2025,09:39:42,22585.6,22585.4,675,22587.8,750,4800,18195600
NIFTY-I.NFO,07/03/2025,09:39:43,22588.5,22587.8,75,22588.2,75,6525,18195600
NIFTY-I.NFO,07/03/2025,09:39:45,22588.65,22587,75,22589.55,75,1275,18195600
NIFTY-I.NFO,07/03/2025,09:39:47,22587,22585,300,22588.65,525,375,18195600
NIFTY-I.NFO,07/03/2025,09:39:48,22587,22587.2,75,22588.6,75,825,18195600
NIFTY-I.NFO,07/03/2025,09:39:50,22587.2,22587.3,1200,22588.6,600,600,18195600
NIFTY-I.NFO,07/03/2025,09:39:52,22585.1,22585.1,1575,22587.3,75,600,18195600
NIFTY-I.NFO,07/03/2025,09:39:53,22586.05,22586,150,22587.3,150,300,18195600
NIFTY-I.NFO,07/03/2025,09:39:55,22587,22585.5,75,22587.3,150,1575,18195600
NIFTY-I.NFO,07/03/2025,09:39:57,22587,22585.1,300,22587.25,75,300,18195600
NIFTY-I.NFO,07/03/2025,09:39:58,22585,22585,150,22587.2,375,825,18195600
NIFTY-I.NFO,07/03/2025,09:40:00,22582.95,22582.05,600,22585.5,675,3075,18195600
NIFTY-I.NFO,07/03/2025,09:40:02,22585.5,22582.5,1800,22585.5,525,1500,18195600
NIFTY-I.NFO,07/03/2025,09:40:03,22585.95,22585.95,600,22587.25,600,1500,18195600
NIFTY-I.NFO,07/03/2025,09:40:05,22588.65,22588.4,75,22592.45,150,3825,18195600
NIFTY-I.NFO,07/03/2025,09:40:07,22589.95,22590.35,900,22592.45,150,525,18195600
NIFTY-I.NFO,07/03/2025,09:40:08,22593.65,22594.05,825,22598,75,675,18195600
NIFTY-I.NFO,07/03/2025,09:40:10,22591.55,22594.6,525,22599.95,75,300,18195600
NIFTY-I.NFO,07/03/2025,09:40:12,22597.8,22593.5,450,22599.75,450,450,18195600
NIFTY-I.NFO,07/03/2025,09:40:13,22595.9,22590,300,22595.95,150,900,18195600
NIFTY-I.NFO,07/03/2025,09:40:15,22590,22589.95,150,22590.35,300,5775,18195600
NIFTY-I.NFO,07/03/2025,09:40:17,22590.35,22589.95,150,22590.35,75,225,18195600
NIFTY-I.NFO,07/03/2025,09:40:18,22590.35,22586.8,150,22592.4,375,225,18195600
NIFTY-I.NFO,07/03/2025,09:40:20,22591.55,22590.35,75,22593.3,975,1200,18195600
NIFTY-I.NFO,07/03/2025,09:40:22,22590.35,22590.35,225,22594.05,1050,75,18195600
NIFTY-I.NFO,07/03/2025,09:40:23,22597.35,22591.35,150,22592.4,75,1950,18195600
NIFTY-I.NFO,07/03/2025,09:40:25,22591.05,22591,75,22592.25,75,2400,18195600
NIFTY-I.NFO,07/03/2025,09:40:27,22590.95,22590.35,300,22591.2,75,5100,18195600
NIFTY-I.NFO,07/03/2025,09:40:28,22594.6,22588.15,150,22593.7,75,5700,18195600
NIFTY-I.NFO,07/03/2025,09:40:30,22587.55,22589.75,450,22593.7,75,525,18195600
NIFTY-I.NFO,07/03/2025,09:40:32,22591.05,22590,75,22591.35,75,75,18195600
NIFTY-I.NFO,07/03/2025,09:40:33,22591.05,22590.95,225,22591.35,150,0,18195600
NIFTY-I.NFO,07/03/2025,09:40:35,22591.35,22591.35,375,22595.25,375,1500,18195600
NIFTY-I.NFO,07/03/2025,09:40:37,22594,22592,150,22595.95,375,75,18195600
NIFTY-I.NFO,07/03/2025,09:40:38,22594.45,22592,150,22595.05,150,75,18195600
NIFTY-I.NFO,07/03/2025,09:40:40,22596,22593.25,150,22596,1650,75,18195600
NIFTY-I.NFO,07/03/2025,09:40:42,22596,22592.4,150,22596,1575,75,18195600
NIFTY-I.NFO,07/03/2025,09:40:43,22596,22592.05,150,22596,1425,150,18195600
NIFTY-I.NFO,07/03/2025,09:40:45,22596,22592.05,300,22596,1125,300,18195600
NIFTY-I.NFO,07/03/2025,09:40:47,22595.95,22592.05,300,22596,1125,75,18195600
NIFTY-I.NFO,07/03/2025,09:40:48,22594.45,22592.05,300,22593.4,75,75,18195600
NIFTY-I.NFO,07/03/2025,09:40:50,22592.05,22592.05,150,22592.5,75,225,18195600
NIFTY-I.NFO,07/03/2025,09:40:52,22594.45,22592.05,150,22592.65,75,300,18195600
NIFTY-I.NFO,07/03/2025,09:40:53,22592.35,22592.05,150,22593.4,375,75,18195600
NIFTY-I.NFO,07/03/2025,09:40:55,22588.5,22588.5,75,22588.8,75,1050,18195600
NIFTY-I.NFO,07/03/2025,09:40:57,22590,22587.55,150,22588.15,75,825,18195600
NIFTY-I.NFO,07/03/2025,09:40:58,22587,22586,150,22588.6,300,600,18195600
NIFTY-I.NFO,07/03/2025,09:41:00,22587.05,22586,75,22586.55,225,375,18195600
NIFTY-I.NFO,07/03/2025,09:41:02,22585,22585,600,22585.95,75,1050,18195600
NIFTY-I.NFO,07/03/2025,09:41:03,22583,22583,75,22585,150,825,18195600
NIFTY-I.NFO,07/03/2025,09:41:05,22584.8,22582.1,75,22583,75,225,18195600
NIFTY-I.NFO,07/03/2025,09:41:07,22582.1,22583.55,75,22585,75,750,18195600
NIFTY-I.NFO,07/03/2025,09:41:08,22584.8,22583.15,150,22588.4,375,450,18195600
NIFTY-I.NFO,07/03/2025,09:41:10,22583,22583.4,300,22584.8,75,2625,18195600
NIFTY-I.NFO,07/03/2025,09:41:11,22583,22581.1,300,22584.8,150,225,18195600
NIFTY-I.NFO,07/03/2025,09:41:13,22581,22581,150,22585.25,75,2250,18195600
NIFTY-I.NFO,07/03/2025,09:41:15,22582.25,22582.45,600,22588.05,375,300,18195600
NIFTY-I.NFO,07/03/2025,09:41:16,22582.6,22584.45,900,22589.45,75,225,18195600
NIFTY-I.NFO,07/03/2025,09:41:18,22584.75,22584.25,600,22589.65,75,75,18195600
NIFTY-I.NFO,07/03/2025,09:41:20,22586.85,22587.1,900,22590,450,75,18195600
NIFTY-I.NFO,07/03/2025,09:41:21,22588.4,22588.2,600,22590,600,150,18195600
NIFTY-I.NFO,07/03/2025,09:41:23,22592.35,22591.75,600,22594,150,750,18195600
NIFTY-I.NFO,07/03/2025,09:41:25,22595,22590.1,75,22594.95,150,1125,18195600
NIFTY-I.NFO,07/03/2025,09:41:26,22592.65,22594.15,300,22595,1425,450,18195600
NIFTY-I.NFO,07/03/2025,09:41:28,22597.45,22592.1,375,22595,225,2700,18195600
NIFTY-I.NFO,07/03/2025,09:41:30,22594.1,22594,75,22595.75,75,375,18195600
NIFTY-I.NFO,07/03/2025,09:41:32,22596.15,22595,75,22598.25,600,150,18195600
NIFTY-I.NFO,07/03/2025,09:41:33,22594,22591.8,150,22596.25,75,225,18195600
NIFTY-I.NFO,07/03/2025,09:41:35,22594,22590.45,150,22596.75,75,0,18195600
NIFTY-I.NFO,07/03/2025,09:41:37,22596.85,22595,75,22597.5,75,300,18195600
NIFTY-I.NFO,07/03/2025,09:41:38,22595.25,22594,75,22594.95,225,1725,18195600
NIFTY-I.NFO,07/03/2025,09:41:40,22595,22590.2,75,22595,225,225,18195600
NIFTY-I.NFO,07/03/2025,09:41:42,22592.6,22590.2,75,22592.45,225,300,18195600
NIFTY-I.NFO,07/03/2025,09:41:43,22591.35,22590,525,22591.15,225,675,18195600
NIFTY-I.NFO,07/03/2025,09:41:45,22590,22590,375,22590.4,225,225,18195600
NIFTY-I.NFO,07/03/2025,09:41:47,22587.05,22587.05,450,22591.05,225,975,18195600
NIFTY-I.NFO,07/03/2025,09:41:48,22591.05,22587.1,150,22591.05,150,75,18195600
NIFTY-I.NFO,07/03/2025,09:41:50,22594.05,22588.8,600,22594.05,375,225,18195600
NIFTY-I.NFO,07/03/2025,09:41:52,22596.3,22591.1,150,22596.7,375,300,18195600
NIFTY-I.NFO,07/03/2025,09:41:53,22596.3,22589.95,150,22595.15,675,0,18195600
NIFTY-I.NFO,07/03/2025,09:41:55,22594.3,22590,75,22594,75,300,18195600
NIFTY-I.NFO,07/03/2025,09:41:57,22593.95,22590,75,22593.95,75,450,18195600
NIFTY-I.NFO,07/03/2025,09:41:58,22593.95,22590,75,22592.25,75,0,18195600
NIFTY-I.NFO,07/03/2025,09:42:00,22590,22588.3,750,22591,225,75,18195600
NIFTY-I.NFO,07/03/2025,09:42:02,22590,22588.3,750,22590,1500,75,18195600
NIFTY-I.NFO,07/03/2025,09:42:03,22588.3,22588.3,675,22590,1500,75,18195600
NIFTY-I.NFO,07/03/2025,09:42:05,22590,22588.3,525,22590,1275,375,18195600
NIFTY-I.NFO,07/03/2025,09:42:07,22588.3,22588.3,375,22590,1275,150,18195600
NIFTY-I.NFO,07/03/2025,09:42:08,22590,22591,75,22594.05,150,1275,18195600
NIFTY-I.NFO,07/03/2025,09:42:10,22591,22590,375,22592.1,75,225,18195600
NIFTY-I.NFO,07/03/2025,09:42:11,22592.5,22590,225,22592.5,75,450,18195600
NIFTY-I.NFO,07/03/2025,09:42:13,22588.3,22588.3,375,22591.35,75,150,18195600
NIFTY-I.NFO,07/03/2025,09:42:15,22588.3,22588.3,75,22589.15,75,450,18195600
NIFTY-I.NFO,07/03/2025,09:42:16,22585.1,22585,300,22585.55,75,375,18195600
NIFTY-I.NFO,07/03/2025,09:42:18,22583.7,22583,75,22583.7,75,825,18195600
NIFTY-I.NFO,07/03/2025,09:42:20,22582.15,22582,600,22587.7,150,525,18187200
NIFTY-I.NFO,07/03/2025,09:42:21,22588.1,22584.55,1200,22588.9,150,525,18187200
NIFTY-I.NFO,07/03/2025,09:42:23,22586.2,22582.15,75,22586.25,75,525,18187200
NIFTY-I.NFO,07/03/2025,09:42:25,22589.4,22583.45,525,22589.85,600,300,18187200
NIFTY-I.NFO,07/03/2025,09:42:26,22582.15,22584.45,75,22587.6,75,225,18187200
NIFTY-I.NFO,07/03/2025,09:42:28,22587.45,22584.45,75,22588.5,75,1350,18187200
NIFTY-I.NFO,07/03/2025,09:42:30,22587.45,22585,75,22588.95,525,0,18187200
NIFTY-I.NFO,07/03/2025,09:42:31,22586.2,22586.2,75,22589.6,75,225,18187200
NIFTY-I.NFO,07/03/2025,09:42:33,22587.45,22586.2,75,22587.25,75,75,18187200
NIFTY-I.NFO,07/03/2025,09:42:35,22585.55,22585.5,225,22585.95,75,150,18187200
NIFTY-I.NFO,07/03/2025,09:42:36,22589,22587.45,150,22587.6,150,675,18187200
NIFTY-I.NFO,07/03/2025,09:42:38,22586.55,22586.55,525,22587.45,75,300,18187200
NIFTY-I.NFO,07/03/2025,09:42:40,22587.45,22584.8,750,22588,75,825,18187200
NIFTY-I.NFO,07/03/2025,09:42:41,22584.8,22585,75,22585.95,75,75,18187200
NIFTY-I.NFO,07/03/2025,09:42:43,22584.1,22584.85,225,22585.55,1275,375,18187200
NIFTY-I.NFO,07/03/2025,09:42:45,22588,22587.55,825,22589,75,1350,18187200
NIFTY-I.NFO,07/03/2025,09:42:46,22589,22585.95,75,22590,1050,75,18187200
NIFTY-I.NFO,07/03/2025,09:42:48,22589.95,22585.95,75,22590,1050,75,18187200
NIFTY-I.NFO,07/03/2025,09:42:50,22590,22587.45,75,22589,75,750,18187200
NIFTY-I.NFO,07/03/2025,09:42:51,22590,22587.45,75,22588.95,75,0,18187200
NIFTY-I.NFO,07/03/2025,09:42:53,22586.55,22586.05,225,22587.7,75,450,18187200
NIFTY-I.NFO,07/03/2025,09:42:55,22588.55,22589.25,900,22593.15,75,1125,18187200
NIFTY-I.NFO,07/03/2025,09:42:56,22592.95,22587.5,150,22592.9,600,75,18187200
NIFTY-I.NFO,07/03/2025,09:42:58,22593.1,22590,75,22593.15,75,75,18187200
NIFTY-I.NFO,07/03/2025,09:43:00,22592.9,22587.5,150,22593.3,900,450,18187200
NIFTY-I.NFO,07/03/2025,09:43:01,22592.9,22587.5,150,22592.3,75,0,18187200
NIFTY-I.NFO,07/03/2025,09:43:03,22593.5,22590.75,300,22594.95,225,225,18187200
NIFTY-I.NFO,07/03/2025,09:43:05,22590.05,22591.75,300,22594.95,225,75,18187200
NIFTY-I.NFO,07/03/2025,09:43:06,22590.05,22591.8,300,22594.95,225,0,18187200
NIFTY-I.NFO,07/03/2025,09:43:08,22590.8,22590.8,225,22595,825,525,18187200
NIFTY-I.NFO,07/03/2025,09:43:10,22592,22590.9,300,22595,3825,150,18187200
NIFTY-I.NFO,07/03/2025,09:43:11,22595,22592,75,22595,3225,750,18187200
NIFTY-I.NFO,07/03/2025,09:43:13,22594.65,22591.2,75,22595,3075,225,18187200
NIFTY-I.NFO,07/03/2025,09:43:15,22594.65,22591.25,300,22595,3075,0,18187200
NIFTY-I.NFO,07/03/2025,09:43:16,22595,22593.15,150,22595,3000,75,18187200
NIFTY-I.NFO,07/03/2025,09:43:18,22592.15,22591.2,75,22593.95,1050,375,18187200
NIFTY-I.NFO,07/03/2025,09:43:20,22593.9,22591.2,75,22593.95,300,1350,18187200
NIFTY-I.NFO,07/03/2025,09:43:21,22592,22591.95,375,22593.95,75,300,18187200
NIFTY-I.NFO,07/03/2025,09:43:23,22594,22592.7,825,22594,75,525,18187200
NIFTY-I.NFO,07/03/2025,09:43:25,22595,22593.9,75,22595,3300,300,18187200
NIFTY-I.NFO,07/03/2025,09:43:26,22594.25,22594.45,375,22595,3300,600,18187200
NIFTY-I.NFO,07/03/2025,09:43:28,22596,22595.55,375,22596,75,3450,18187200
NIFTY-I.NFO,07/03/2025,09:43:30,22599,22595.65,75,22599,150,825,18187200
NIFTY-I.NFO,07/03/2025,09:43:31,22599.2,22594.2,450,22599.9,525,825,18187200
NIFTY-I.NFO,07/03/2025,09:43:33,22599.95,22599,75,22600,525,75,18187200
NIFTY-I.NFO,07/03/2025,09:43:35,22604.95,22600,1800,22605,150,750,18187200
NIFTY-I.NFO,07/03/2025,09:43:36,22605,22598.7,75,22605,450,2400,18187200
NIFTY-I.NFO,07/03/2025,09:43:38,22607,22605.2,75,22608,150,600,18187200
NIFTY-I.NFO,07/03/2025,09:43:40,22612.9,22606.9,300,22611.9,150,825,18187200
NIFTY-I.NFO,07/03/2025,09:43:42,22615.9,22615.95,75,22619,75,750,18187200
NIFTY-I.NFO,07/03/2025,09:43:43,22621.1,22618,150,22621.2,75,2625,18187200
NIFTY-I.NFO,07/03/2025,09:43:45,22613.85,22614.1,600,22619.8,75,1200,18187200
NIFTY-I.NFO,07/03/2025,09:43:47,22611.05,22610,225,22612.05,75,375,18187200
NIFTY-I.NFO,07/03/2025,09:43:48,22610,22604.2,150,22607.55,75,525,18187200
NIFTY-I.NFO,07/03/2025,09:43:50,22602.75,22603.25,375,22609.3,150,1875,18187200
NIFTY-I.NFO,07/03/2025,09:43:52,22604.25,22603.1,450,22609,150,525,18187200
NIFTY-I.NFO,07/03/2025,09:43:53,22602.95,22601.25,600,22606.15,75,75,18187200
NIFTY-I.NFO,07/03/2025,09:43:55,22602.95,22602.95,150,22603.1,75,0,18187200
NIFTY-I.NFO,07/03/2025,09:43:57,22605,22601.2,225,22604.25,75,1575,18187200
NIFTY-I.NFO,07/03/2025,09:43:58,22601.65,22601.6,75,22603.55,75,150,18187200
NIFTY-I.NFO,07/03/2025,09:44:00,22598.7,22596,75,22597.05,75,975,18187200
NIFTY-I.NFO,07/03/2025,09:44:02,22599.65,22599,375,22602.75,75,375,18187200
NIFTY-I.NFO,07/03/2025,09:44:03,22602.95,22601.65,75,22605.1,150,150,18187200
NIFTY-I.NFO,07/03/2025,09:44:05,22602.95,22601.65,75,22604.2,75,75,18187200
NIFTY-I.NFO,07/03/2025,09:44:07,22598.7,22598.7,1725,22599.55,75,150,18187200
NIFTY-I.NFO,07/03/2025,09:44:08,22601.75,22599.55,525,22602.95,75,825,18187200
NIFTY-I.NFO,07/03/2025,09:44:10,22599.65,22601.2,525,22602.95,75,75,18187200
NIFTY-I.NFO,07/03/2025,09:44:11,22605.85,22601.6,675,22605.9,300,375,18187200
NIFTY-I.NFO,07/03/2025,09:44:13,22605.85,22599.25,150,22604.55,375,0,18187200
NIFTY-I.NFO,07/03/2025,09:44:15,22604,22600.15,600,22605.7,150,225,18187200
NIFTY-I.NFO,07/03/2025,09:44:16,22604,22599,225,22604.3,75,75,18187200
NIFTY-I.NFO,07/03/2025,09:44:18,22602.9,22600,75,22603.35,75,300,18187200
NIFTY-I.NFO,07/03/2025,09:44:20,22604.85,22602.9,75,22605.9,300,300,18187200
NIFTY-I.NFO,07/03/2025,09:44:21,22602.9,22602,75,22605.4,150,150,18187200
NIFTY-I.NFO,07/03/2025,09:44:23,22605.9,22602,75,22605.9,150,225,18187200
NIFTY-I.NFO,07/03/2025,09:44:25,22602,22600.05,75,22602.45,75,75,18187200
NIFTY-I.NFO,07/03/2025,09:44:26,22600.3,22600.4,150,22604.85,75,150,18187200
NIFTY-I.NFO,07/03/2025,09:44:28,22604.85,22600.35,1125,22604.95,375,75,18187200
NIFTY-I.NFO,07/03/2025,09:44:30,22604.95,22600.05,3000,22600.75,75,75,18187200
NIFTY-I.NFO,07/03/2025,09:44:31,22605,22600.05,2925,22604.4,375,300,18187200
NIFTY-I.NFO,07/03/2025,09:44:33,22605,22602.45,150,22605.85,150,0,18187200
NIFTY-I.NFO,07/03/2025,09:44:35,22605.9,22602.45,150,22605.9,75,150,18187200
NIFTY-I.NFO,07/03/2025,09:44:36,22605.9,22602.45,150,22605.5,75,0,18187200
NIFTY-I.NFO,07/03/2025,09:44:38,22601.05,22600.35,600,22601,75,225,18187200
NIFTY-I.NFO,07/03/2025,09:44:40,22608.6,22602.3,1125,22604.8,75,1875,18187200
NIFTY-I.NFO,07/03/2025,09:44:41,22608.6,22602.35,75,22604.8,75,0,18187200
NIFTY-I.NFO,07/03/2025,09:44:43,22601.95,22601.95,1275,22606,75,225,18187200
NIFTY-I.NFO,07/03/2025,09:44:45,22600.05,22600.05,2850,22605,450,150,18187200
NIFTY-I.NFO,07/03/2025,09:44:46,22605,22601.95,75,22605.65,375,75,18187200
NIFTY-I.NFO,07/03/2025,09:44:48,22603,22603.45,975,22606,75,75,18187200
NIFTY-I.NFO,07/03/2025,09:44:50,22606,22604.3,1125,22608.55,75,75,18187200
NIFTY-I.NFO,07/03/2025,09:44:51,22604.3,22603.9,975,22605,75,75,18187200
NIFTY-I.NFO,07/03/2025,09:44:53,22605,22602.95,150,22606.8,375,75,18187200
NIFTY-I.NFO,07/03/2025,09:44:55,22603.2,22603.2,600,22607.6,375,300,18187200
NIFTY-I.NFO,07/03/2025,09:44:56,22607.4,22602,600,22607.85,150,375,18187200
NIFTY-I.NFO,07/03/2025,09:44:58,22608,22605,1800,22608.2,150,75,18187200
NIFTY-I.NFO,07/03/2025,09:45:00,22605,22605.05,600,22605.2,150,150,18187200
NIFTY-I.NFO,07/03/2025,09:45:01,22605,22605,3375,22605.9,150,225,18187200
NIFTY-I.NFO,07/03/2025,09:45:03,22605.9,22606.85,300,22607.65,300,225,18187200
NIFTY-I.NFO,07/03/2025,09:45:05,22606.45,22606.05,375,22608,75,450,18187200
NIFTY-I.NFO,07/03/2025,09:45:06,22607.6,22606.75,75,22609.25,75,300,18187200
NIFTY-I.NFO,07/03/2025,09:45:08,22608,22608,1725,22609.25,75,150,18187200
NIFTY-I.NFO,07/03/2025,09:45:10,22609.25,22608,1575,22609.95,75,225,18187200
NIFTY-I.NFO,07/03/2025,09:45:11,22609,22609,1725,22609.45,75,75,18187200
NIFTY-I.NFO,07/03/2025,09:45:13,22609,22609,1425,22609.8,75,300,18187200
NIFTY-I.NFO,07/03/2025,09:45:15,22610,22610,300,22611.05,75,1575,18187200
NIFTY-I.NFO,07/03/2025,09:45:16,22609,22609,1350,22610.5,75,600,18187200
NIFTY-I.NFO,07/03/2025,09:45:18,22606,22606,1575,22607.3,75,3225,18187200
NIFTY-I.NFO,07/03/2025,09:45:20,22606,22606,1500,22606.55,75,225,18187200
NIFTY-I.NFO,07/03/2025,09:45:21,22606,22606,1725,22606.8,75,150,18195975
NIFTY-I.NFO,07/03/2025,09:45:23,22606,22606,1200,22606.2,75,300,18195975
NIFTY-I.NFO,07/03/2025,09:45:25,22606.8,22606.35,150,22607.8,75,450,18195975
NIFTY-I.NFO,07/03/2025,09:45:26,22606.8,22606.05,2775,22606.25,75,0,18195975
NIFTY-I.NFO,07/03/2025,09:45:28,22606.05,22606.05,2475,22606.15,75,450,18195975
NIFTY-I.NFO,07/03/2025,09:45:30,22606.05,22606.05,1575,22606.2,150,900,18195975
NIFTY-I.NFO,07/03/2025,09:45:31,22606.15,22606.05,1500,22606.15,75,225,18195975
NIFTY-I.NFO,07/03/2025,09:45:33,22606.1,22606.05,1425,22606.15,75,150,18195975
NIFTY-I.NFO,07/03/2025,09:45:35,22602,22601,825,22603.6,75,6150,18195975
NIFTY-I.NFO,07/03/2025,09:45:36,22601,22601,675,22601.2,75,225,18195975
NIFTY-I.NFO,07/03/2025,09:45:38,22601,22601,450,22601.9,150,300,18195975
NIFTY-I.NFO,07/03/2025,09:45:40,22601,22601.1,900,22601.65,75,0,18195975
NIFTY-I.NFO,07/03/2025,09:45:41,22602.55,22602,1275,22602.15,75,600,18195975
NIFTY-I.NFO,07/03/2025,09:45:43,22602.55,22602,1275,22602.15,75,0,18195975
NIFTY-I.NFO,07/03/2025,09:45:45,22602.15,22602,1200,22604.6,75,150,18195975
NIFTY-I.NFO,07/03/2025,09:45:46,22604.55,22602,1200,22604.7,75,75,18195975
NIFTY-I.NFO,07/03/2025,09:45:48,22602.2,22602,1050,22602.25,75,300,18195975
NIFTY-I.NFO,07/03/2025,09:45:50,22603.1,22602,1050,22603.1,225,225,18195975
NIFTY-I.NFO,07/03/2025,09:45:51,22600,22600,225,22600.1,300,3600,18195975
NIFTY-I.NFO,07/03/2025,09:45:53,22598.9,22598,75,22598.1,150,2100,18195975
NIFTY-I.NFO,07/03/2025,09:45:55,22595.1,22595.15,75,22598.1,75,450,18195975
NIFTY-I.NFO,07/03/2025,09:45:56,22595.1,22595.15,675,22598.1,225,75,18195975
NIFTY-I.NFO,07/03/2025,09:45:58,22598,22595.15,675,22598.1,75,75,18195975
NIFTY-I.NFO,07/03/2025,09:46:00,22595.7,22595.2,900,22597.95,150,225,18195975
NIFTY-I.NFO,07/03/2025,09:46:01,22595.7,22595.6,75,22597.95,150,0,18195975
NIFTY-I.NFO,07/03/2025,09:46:03,22598,22597.2,300,22599.85,150,300,18195975
NIFTY-I.NFO,07/03/2025,09:46:05,22598.2,22597,1275,22599.95,75,225,18195975
NIFTY-I.NFO,07/03/2025,09:46:06,22600.4,22597,1125,22600.4,75,375,18195975
NIFTY-I.NFO,07/03/2025,09:46:08,22600.4,22597,1125,22598.75,75,0,18195975
NIFTY-I.NFO,07/03/2025,09:46:10,22600.4,22597,1125,22598.5,150,0,18195975
NIFTY-I.NFO,07/03/2025,09:46:11,22598.4,22597,1125,22597.3,75,75,18195975
NIFTY-I.NFO,07/03/2025,09:46:13,22595.5,22595.1,375,22596.5,75,1500,18195975
NIFTY-I.NFO,07/03/2025,09:46:15,22595.05,22595,1350,22595.1,75,150,18195975
NIFTY-I.NFO,07/03/2025,09:46:16,22595,22595,1350,22598.05,225,75,18195975
NIFTY-I.NFO,07/03/2025,09:46:18,22595,22595,1350,22598.05,225,0,18195975
NIFTY-I.NFO,07/03/2025,09:46:20,22595,22595,2025,22598.05,75,150,18195975
NIFTY-I.NFO,07/03/2025,09:46:21,22598.05,22595,1275,22598.2,150,150,18195975
NIFTY-I.NFO,07/03/2025,09:46:23,22595,22595,1200,22597.45,150,75,18195975
NIFTY-I.NFO,07/03/2025,09:46:25,22594,22593.9,75,22594.4,150,1275,18195975
NIFTY-I.NFO,07/03/2025,09:46:26,22593.9,22592.55,75,22593,75,150,18195975
NIFTY-I.NFO,07/03/2025,09:46:28,22592.55,22592,225,22592.35,75,75,18195975
NIFTY-I.NFO,07/03/2025,09:46:30,22592,22591,600,22591.3,75,225,18195975
NIFTY-I.NFO,07/03/2025,09:46:31,22594,22594.55,675,22597.75,75,300,18195975
NIFTY-I.NFO,07/03/2025,09:46:33,22592.9,22592.9,1050,22595.2,75,1050,18195975
NIFTY-I.NFO,07/03/2025,09:46:35,22594.05,22594.5,1125,22596.55,150,75,18195975
NIFTY-I.NFO,07/03/2025,09:46:36,22598,22597.75,4950,22600,300,300,18195975
NIFTY-I.NFO,07/03/2025,09:46:38,22597.75,22597.75,4500,22599.55,75,450,18195975
NIFTY-I.NFO,07/03/2025,09:46:40,22598.35,22597.75,4500,22599.6,150,150,18195975
NIFTY-I.NFO,07/03/2025,09:46:41,22597.75,22597.75,4350,22599.6,150,150,18195975
NIFTY-I.NFO,07/03/2025,09:46:43,22597.75,22597.75,4200,22599.6,150,150,18195975
NIFTY-I.NFO,07/03/2025,09:46:45,22599.6,22597.75,4125,22599.95,75,225,18195975
NIFTY-I.NFO,07/03/2025,09:46:46,22597.75,22597.75,3675,22599.55,75,450,18195975
NIFTY-I.NFO,07/03/2025,09:46:48,22596.55,22596.55,4950,22597.7,150,3825,18195975
NIFTY-I.NFO,07/03/2025,09:46:50,22596.55,22596.55,4725,22597.15,75,225,18195975
NIFTY-I.NFO,07/03/2025,09:46:51,22599.35,22596.55,4725,22599.5,150,975,18195975
NIFTY-I.NFO,07/03/2025,09:46:53,22599.35,22596.55,4725,22599.25,150,0,18195975
NIFTY-I.NFO,07/03/2025,09:46:55,22599.35,22596.55,4725,22597,75,0,18195975
NIFTY-I.NFO,07/03/2025,09:46:58,22596.55,22596.55,4575,22597,75,150,18195975
NIFTY-I.NFO,07/03/2025,09:47:00,22596.55,22596.55,2025,22596.6,375,3375,18195975
NIFTY-I.NFO,07/03/2025,09:47:01,22596.55,22595.05,150,22596.35,450,2100,18195975
NIFTY-I.NFO,07/03/2025,09:47:03,22592,22591,225,22594.55,150,525,18195975
NIFTY-I.NFO,07/03/2025,09:47:05,22592,22591,225,22593.6,150,0,18195975
NIFTY-I.NFO,07/03/2025,09:47:06,22593.55,22591.1,900,22593.55,75,150,18195975
NIFTY-I.NFO,07/03/2025,09:47:08,22591.8,22591.1,900,22591.7,75,75,18195975
NIFTY-I.NFO,07/03/2025,09:47:10,22587.1,22587.1,75,22588.7,375,5325,18195975
NIFTY-I.NFO,07/03/2025,09:47:11,22585.05,22585,375,22585.45,75,300,18195975
NIFTY-I.NFO,07/03/2025,09:47:13,22585,22584.8,75,22585.05,75,375,18195975
NIFTY-I.NFO,07/03/2025,09:47:15,22585.1,22585.1,600,22587.25,150,375,18195975
NIFTY-I.NFO,07/03/2025,09:47:16,22585.45,22585.45,225,22585.95,75,300,18195975
NIFTY-I.NFO,07/03/2025,09:47:18,22585.1,22585.1,450,22586.1,75,375,18195975
NIFTY-I.NFO,07/03/2025,09:47:20,22584.95,22581,375,22585,2925,1650,18195975
NIFTY-I.NFO,07/03/2025,09:47:21,22581.25,22581.5,375,22585,2550,525,18195975
NIFTY-I.NFO,07/03/2025,09:47:23,22580.05,22580.8,375,22584.95,525,750,18195975
NIFTY-I.NFO,07/03/2025,09:47:25,22581.15,22581.6,375,22584.9,150,450,18195975
NIFTY-I.NFO,07/03/2025,09:47:26,22584.9,22583,75,22584.95,75,300,18195975
NIFTY-I.NFO,07/03/2025,09:47:28,22585,22584.3,75,22585,2475,300,18195975
NIFTY-I.NFO,07/03/2025,09:47:30,22583.4,22583.5,75,22587.95,825,2925,18195975
NIFTY-I.NFO,07/03/2025,09:47:31,22587.35,22581.25,75,22583.45,75,75,18195975
NIFTY-I.NFO,07/03/2025,09:47:33,22581,22581,75,22583.3,75,375,18195975
NIFTY-I.NFO,07/03/2025,09:47:35,22583.35,22581,675,22584,225,225,18195975
NIFTY-I.NFO,07/03/2025,09:47:36,22581.1,22581.1,150,22583.9,150,375,18195975
NIFTY-I.NFO,07/03/2025,09:47:38,22581.1,22581.1,75,22583.95,150,150,18195975
NIFTY-I.NFO,07/03/2025,09:47:40,22580.15,22580.2,450,22582.95,150,825,18195975
NIFTY-I.NFO,07/03/2025,09:47:41,22581.15,22581.7,75,22582.95,150,150,18195975
NIFTY-I.NFO,07/03/2025,09:47:43,22583.5,22583.95,375,22584,225,750,18195975
NIFTY-I.NFO,07/03/2025,09:47:45,22584.4,22583.95,225,22587.35,150,2775,18195975
NIFTY-I.NFO,07/03/2025,09:47:46,22587.25,22584.45,825,22587.35,150,975,18195975
NIFTY-I.NFO,07/03/2025,09:47:48,22582.95,22582.95,675,22585,75,525,18195975
NIFTY-I.NFO,07/03/2025,09:47:50,22585,22582.05,1125,22585,75,225,18195975
NIFTY-I.NFO,07/03/2025,09:47:52,22585,22582.95,825,22585,150,0,18195975
NIFTY-I.NFO,07/03/2025,09:47:53,22587,22585.75,825,22587.35,75,375,18195975
NIFTY-I.NFO,07/03/2025,09:47:55,22587.35,22585,675,22588.85,375,300,18195975
NIFTY-I.NFO,07/03/2025,09:47:57,22588.9,22586.45,900,22588.9,300,75,18195975
NIFTY-I.NFO,07/03/2025,09:47:58,22588.9,22587.1,75,22588.9,300,0,18195975
NIFTY-I.NFO,07/03/2025,09:48:00,22583.5,22583.5,75,22586.75,225,75,18195975
NIFTY-I.NFO,07/03/2025,09:48:02,22584.15,22585.45,750,22586.75,150,300,18195975
NIFTY-I.NFO,07/03/2025,09:48:03,22586.75,22585.75,450,22586.75,150,150,18195975
NIFTY-I.NFO,07/03/2025,09:48:05,22588.9,22587.9,450,22588.9,75,375,18195975
NIFTY-I.NFO,07/03/2025,09:48:07,22590,22588.55,750,22592.05,150,750,18195975
NIFTY-I.NFO,07/03/2025,09:48:08,22588.9,22588.1,375,22588.9,1725,300,18195975
NIFTY-I.NFO,07/03/2025,09:48:10,22588.7,22586.8,825,22590.6,150,1800,18195975
NIFTY-I.NFO,07/03/2025,09:48:12,22588.55,22588.55,750,22590.75,75,225,18195975
NIFTY-I.NFO,07/03/2025,09:48:13,22593.05,22590.5,750,22593.4,75,900,18195975
NIFTY-I.NFO,07/03/2025,09:48:15,22590.85,22589.7,825,22594.2,375,450,18195975
NIFTY-I.NFO,07/03/2025,09:48:17,22590.1,22591.45,750,22594.25,75,225,18195975
NIFTY-I.NFO,07/03/2025,09:48:18,22595,22593.1,75,22595,1125,450,18195975
NIFTY-I.NFO,07/03/2025,09:48:20,22591.9,22591.85,450,22594.75,150,150,18195975
NIFTY-I.NFO,07/03/2025,09:48:22,22591.5,22591.5,450,22594,75,150,18208800
NIFTY-I.NFO,07/03/2025,09:48:23,22591.4,22591.9,75,22594,75,150,18208800
NIFTY-I.NFO,07/03/2025,09:48:25,22593.05,22592.7,75,22594,75,75,18208800
NIFTY-I.NFO,07/03/2025,09:48:27,22596.8,22596.3,75,22597.95,75,1800,18208800
NIFTY-I.NFO,07/03/2025,09:48:28,22596,22597.6,75,22597.95,75,150,18208800
NIFTY-I.NFO,07/03/2025,09:48:30,22599.7,22599.35,375,22599.95,225,525,18208800
NIFTY-I.NFO,07/03/2025,09:48:32,22602.35,22600.55,675,22603.5,150,2550,18208800
NIFTY-I.NFO,07/03/2025,09:48:33,22602.35,22601.1,375,22602.2,150,0,18208800
NIFTY-I.NFO,07/03/2025,09:48:35,22599.7,22598.35,75,22601.2,75,150,18208800
NIFTY-I.NFO,07/03/2025,09:48:37,22601.2,22597.85,75,22602.1,675,75,18208800
NIFTY-I.NFO,07/03/2025,09:48:38,22601.75,22597.45,600,22602.2,375,225,18208800
NIFTY-I.NFO,07/03/2025,09:48:40,22595.5,22595.1,75,22599.8,375,75,18208800
NIFTY-I.NFO,07/03/2025,09:48:42,22594,22593.1,375,22598.9,525,1125,18208800
NIFTY-I.NFO,07/03/2025,09:48:43,22592,22593,825,22597.4,525,525,18208800
NIFTY-I.NFO,07/03/2025,09:48:45,22592,22596.85,300,22600.35,525,0,18208800
NIFTY-I.NFO,07/03/2025,09:48:47,22592,22598.25,75,22602.2,375,0,18208800
NIFTY-I.NFO,07/03/2025,09:48:48,22597.15,22596.85,300,22601.2,600,2550,18208800
NIFTY-I.NFO,07/03/2025,09:48:50,22599.95,22597.25,450,22600.05,75,75,18208800
NIFTY-I.NFO,07/03/2025,09:48:52,22601.9,22596.85,600,22601.95,75,600,18208800
NIFTY-I.NFO,07/03/2025,09:48:53,22601.9,22599.95,225,22601.6,900,0,18208800
NIFTY-I.NFO,07/03/2025,09:48:55,22599.95,22596.85,300,22599.3,600,225,18208800
NIFTY-I.NFO,07/03/2025,09:48:57,22596.85,22596.85,150,22597.95,600,150,18208800
NIFTY-I.NFO,07/03/2025,09:48:58,22599.15,22596.85,150,22598.25,600,150,18208800
NIFTY-I.NFO,07/03/2025,09:49:00,22596.4,22593,375,22596.4,75,600,18208800
NIFTY-I.NFO,07/03/2025,09:49:02,22596.4,22593,375,22595.85,75,0,18208800
NIFTY-I.NFO,07/03/2025,09:49:03,22593.1,22593.1,525,22595.85,75,75,18208800
NIFTY-I.NFO,07/03/2025,09:49:05,22593.1,22593.1,525,22595.85,225,0,18208800
NIFTY-I.NFO,07/03/2025,09:49:07,22593.1,22593.1,225,22595.85,225,0,18208800
NIFTY-I.NFO,07/03/2025,09:49:10,22596.75,22593.1,225,22598.55,450,600,18208800
NIFTY-I.NFO,07/03/2025,09:49:12,22597.2,22593.75,1200,22597.25,75,75,18208800
NIFTY-I.NFO,07/03/2025,09:49:13,22597.2,22593.1,525,22597.25,75,0,18208800
NIFTY-I.NFO,07/03/2025,09:49:15,22599.7,22593.45,900,22599.3,375,525,18208800
NIFTY-I.NFO,07/03/2025,09:49:17,22597.85,22593.6,75,22598.1,525,75,18208800
NIFTY-I.NFO,07/03/2025,09:49:18,22597.35,22593.6,75,22595.5,975,75,18208800
NIFTY-I.NFO,07/03/2025,09:49:20,22597.35,22594,75,22595.5,975,0,18208800
NIFTY-I.NFO,07/03/2025,09:49:22,22595.5,22593.7,300,22595.5,825,525,18208800
NIFTY-I.NFO,07/03/2025,09:49:23,22593.15,22593.15,75,22595.4,75,300,18208800
NIFTY-I.NFO,07/03/2025,09:49:25,22595.2,22593.15,75,22595.2,150,150,18208800
NIFTY-I.NFO,07/03/2025,09:49:27,22595.15,22595,750,22595.5,675,75,18208800
NIFTY-I.NFO,07/03/2025,09:49:28,22595.5,22595.25,825,22595.5,450,225,18208800
NIFTY-I.NFO,07/03/2025,09:49:30,22594.95,22593.15,75,22594.95,150,1725,18208800
NIFTY-I.NFO,07/03/2025,09:49:32,22595.5,22593.15,75,22595.5,375,75,18208800
NIFTY-I.NFO,07/03/2025,09:49:33,22595.5,22593.45,900,22595.5,300,300,18208800
NIFTY-I.NFO,07/03/2025,09:49:35,22595.5,22595.5,75,22597,75,300,18208800
NIFTY-I.NFO,07/03/2025,09:49:37,22598.1,22594.55,900,22598.1,1050,600,18208800
NIFTY-I.NFO,07/03/2025,09:49:38,22598.1,22593.95,600,22598.1,1050,0,18208800
NIFTY-I.NFO,07/03/2025,09:49:40,22597.55,22594.15,75,22598.1,1350,75,18208800
NIFTY-I.NFO,07/03/2025,09:49:42,22597.55,22595.65,1200,22597.5,150,0,18208800
NIFTY-I.NFO,07/03/2025,09:49:43,22597.55,22596.55,75,22597.5,150,0,18208800
NIFTY-I.NFO,07/03/2025,09:49:45,22597.55,22597,375,22597.5,150,0,18208800
NIFTY-I.NFO,07/03/2025,09:49:47,22603.2,22598.15,75,22603.65,600,1950,18208800
NIFTY-I.NFO,07/03/2025,09:49:48,22603.2,22599.5,375,22600,75,0,18208800
NIFTY-I.NFO,07/03/2025,09:49:52,22603.2,22599.65,75,22600,1275,0,18208800
NIFTY-I.NFO,07/03/2025,09:49:53,22599.85,22599.65,75,22600,1500,1500,18208800
NIFTY-I.NFO,07/03/2025,09:49:55,22600,22599.95,75,22604.25,150,1500,18208800
NIFTY-I.NFO,07/03/2025,09:49:57,22599.95,22599.95,75,22604.7,375,225,18208800
NIFTY-I.NFO,07/03/2025,09:49:58,22599.95,22604,375,22604.95,75,0,18208800
NIFTY-I.NFO,07/03/2025,09:50:00,22604.65,22603.5,75,22606,375,225,18208800
NIFTY-I.NFO,07/03/2025,09:50:02,22606,22602.85,75,22606,600,150,18208800
NIFTY-I.NFO,07/03/2025,09:50:03,22606,22605.65,225,22607,150,225,18208800
NIFTY-I.NFO,07/03/2025,09:50:05,22606.95,22607.4,375,22609,375,675,18208800
NIFTY-I.NFO,07/03/2025,09:50:07,22613.7,22614,375,22614.2,150,2250,18208800
NIFTY-I.NFO,07/03/2025,09:50:08,22616.7,22617.4,375,22618,75,1125,18208800
NIFTY-I.NFO,07/03/2025,09:50:10,22615.9,22612.45,150,22616.6,75,525,18208800
NIFTY-I.NFO,07/03/2025,09:50:12,22617.9,22614.45,375,22618.9,375,450,18208800
NIFTY-I.NFO,07/03/2025,09:50:13,22618.7,22613.35,75,22616.2,375,1050,18208800
NIFTY-I.NFO,07/03/2025,09:50:15,22617.85,22613.35,75,22615.65,150,600,18208800
NIFTY-I.NFO,07/03/2025,09:50:17,22616.55,22617.85,75,22619,825,600,18208800
NIFTY-I.NFO,07/03/2025,09:50:18,22619.6,22619.2,375,22619.95,75,750,18208800
NIFTY-I.NFO,07/03/2025,09:50:20,22621,22619.95,375,22622,75,2175,18208800
NIFTY-I.NFO,07/03/2025,09:50:22,22620,22618.9,75,22621.4,375,225,18208800
NIFTY-I.NFO,07/03/2025,09:50:23,22620.15,22617.65,375,22620.15,75,375,18208800
NIFTY-I.NFO,07/03/2025,09:50:25,22621.7,22619.3,375,22622,75,225,18208800
NIFTY-I.NFO,07/03/2025,09:50:27,22619.45,22620,300,22622.85,825,1275,18208800
NIFTY-I.NFO,07/03/2025,09:50:28,22623,22621,150,22623.7,825,300,18208800
NIFTY-I.NFO,07/03/2025,09:50:30,22619.15,22618.3,75,22619.15,375,1650,18208800
NIFTY-I.NFO,07/03/2025,09:50:32,22617.85,22615,225,22616.7,150,675,18208800
NIFTY-I.NFO,07/03/2025,09:50:33,22617.6,22616.1,150,22619.15,150,225,18208800
NIFTY-I.NFO,07/03/2025,09:50:35,22620,22618.6,300,22622.4,750,375,18208800
NIFTY-I.NFO,07/03/2025,09:50:37,22621.3,22617.95,75,22621.75,450,525,18208800
NIFTY-I.NFO,07/03/2025,09:50:38,22621.35,22617.6,150,22619.55,150,75,18208800
NIFTY-I.NFO,07/03/2025,09:50:40,22619.05,22617.6,150,22618.3,75,1200,18208800
NIFTY-I.NFO,07/03/2025,09:50:42,22619.05,22617.6,150,22618.3,75,0,18208800
NIFTY-I.NFO,07/03/2025,09:50:43,22619.05,22620.55,75,22621.1,150,375,18208800
NIFTY-I.NFO,07/03/2025,09:50:45,22621.1,22620.55,150,22621.35,75,150,18208800
NIFTY-I.NFO,07/03/2025,09:50:47,22619.15,22617.7,150,22620.25,75,300,18208800
NIFTY-I.NFO,07/03/2025,09:50:48,22617.7,22617.7,375,22619.55,75,375,18208800
