Ticker,Date,Time,LTP,BuyPrice,BuyQty,SellPrice,SellQty,LTQ,OpenInterest
NIFTY-III.NFO,22/07/2024,09:15:00,24756.6,24693.1,100,24717.15,50,200,0
NIFTY-III.NFO,22/07/2024,09:15:00,24756.6,24693.1,100,24717.15,50,0,0
NIFTY-III.NFO,22/07/2024,09:15:00,24757,24693.1,100,24717.15,50,0,0
NIFTY-III.NFO,22/07/2024,09:15:00,24725,24693.1,100,24717.15,50,0,0
NIFTY-III.NFO,22/07/2024,09:15:01,24701.3,24700,200,24726.6,100,250,442850
NIFTY-III.NFO,22/07/2024,09:15:01,24680.15,24700,200,24726.6,100,0,442850
NIFTY-III.NFO,22/07/2024,09:15:02,24726,24704.8,50,24726,100,50,442850
NIFTY-III.NFO,22/07/2024,09:15:04,24701.35,24690.05,100,24701.35,100,650,442850
NIFTY-III.NFO,22/07/2024,09:15:05,24700.6,24680.05,100,24702.55,125,325,442850
NIFTY-III.NFO,22/07/2024,09:15:07,24688.05,24680,100,24688.05,175,75,442850
NIFTY-III.NFO,22/07/2024,09:15:07,24680,24680,100,24688.05,175,0,442850
NIFTY-III.NFO,22/07/2024,09:15:08,24675.1,24675.1,100,24693,100,300,442850
NIFTY-III.NFO,22/07/2024,09:15:08,24675.1,24675.1,100,24693,100,0,442850
NIFTY-III.NFO,22/07/2024,09:15:10,24692.75,24675.1,100,24692.7,25,200,442850
NIFTY-III.NFO,22/07/2024,09:15:12,24680,24680.05,100,24692.6,150,75,442850
NIFTY-III.NFO,22/07/2024,09:15:13,24676.8,24665.1,100,24676.55,75,625,442850
NIFTY-III.NFO,22/07/2024,09:15:13,24672.7,24665.1,100,24676.55,75,0,442850
NIFTY-III.NFO,22/07/2024,09:15:15,24683.25,24665.7,100,24675,25,100,442850
NIFTY-III.NFO,22/07/2024,09:15:16,24683.25,24667.15,100,24675,25,0,442850
NIFTY-III.NFO,22/07/2024,09:15:18,24685.95,24680,50,24685.95,50,150,442850
NIFTY-III.NFO,22/07/2024,09:15:19,24675.05,24675.05,100,24685.9,25,375,442850
NIFTY-III.NFO,22/07/2024,09:15:21,24675.05,24675.05,100,24685.8,25,0,442850
NIFTY-III.NFO,22/07/2024,09:15:22,24687.95,24676.85,100,24687.95,100,200,442850
NIFTY-III.NFO,22/07/2024,09:15:24,24680,24680,50,24687.75,100,25,442850
NIFTY-III.NFO,22/07/2024,09:15:25,24680,24676.85,100,24687.45,100,50,442850
NIFTY-III.NFO,22/07/2024,09:15:27,24676.85,24676.85,75,24690.2,100,25,442850
NIFTY-III.NFO,22/07/2024,09:15:28,24686.85,24676.85,100,24686.75,100,25,442850
NIFTY-III.NFO,22/07/2024,09:15:30,24685.45,24680.6,50,24686.45,100,50,443900
NIFTY-III.NFO,22/07/2024,09:15:31,24685.45,24680.6,50,24684.5,100,0,443900
NIFTY-III.NFO,22/07/2024,09:15:33,24680.6,24680.6,25,24684.5,75,50,443900
NIFTY-III.NFO,22/07/2024,09:15:35,24684.5,24680.6,25,24684.4,25,50,443900
NIFTY-III.NFO,22/07/2024,09:15:36,24677,24677.05,100,24684.25,100,575,443900
NIFTY-III.NFO,22/07/2024,09:15:38,24684.4,24680.5,175,24684.55,25,225,443900
NIFTY-III.NFO,22/07/2024,09:15:39,24680.55,24680.55,75,24684.5,125,50,443900
NIFTY-III.NFO,22/07/2024,09:15:41,24680.55,24680.65,125,24684.45,50,25,443900
NIFTY-III.NFO,22/07/2024,09:15:42,24686.95,24680.65,50,24685,25,125,443900
NIFTY-III.NFO,22/07/2024,09:15:44,24677,24677,475,24684.15,175,975,443900
NIFTY-III.NFO,22/07/2024,09:15:45,24677,24677,300,24683.15,175,300,443900
NIFTY-III.NFO,22/07/2024,09:15:47,24683.15,24677.05,25,24680,125,25,443900
NIFTY-III.NFO,22/07/2024,09:15:49,24677,24677,375,24680,100,50,443900
NIFTY-III.NFO,22/07/2024,09:15:50,24677,24677,350,24680,100,50,443900
NIFTY-III.NFO,22/07/2024,09:15:52,24677,24677,350,24680,100,0,443900
NIFTY-III.NFO,22/07/2024,09:15:53,24680,24677,350,24680,100,100,443900
NIFTY-III.NFO,22/07/2024,09:15:55,24677,24677,50,24680,100,350,443900
NIFTY-III.NFO,22/07/2024,09:15:56,24677,24677,125,24680,75,75,443900
NIFTY-III.NFO,22/07/2024,09:15:58,24677,24677,150,24681.5,75,0,443900
NIFTY-III.NFO,22/07/2024,09:15:59,24677,24677,225,24684.7,175,0,443900
NIFTY-III.NFO,22/07/2024,09:16:01,24677,24677,50,24679.85,175,125,443900
NIFTY-III.NFO,22/07/2024,09:16:02,24675.95,24675.05,50,24679.75,100,175,443900
NIFTY-III.NFO,22/07/2024,09:16:04,24676.8,24671,50,24677.35,100,450,443900
NIFTY-III.NFO,22/07/2024,09:16:04,24671,24671,50,24677.35,100,0,443900
NIFTY-III.NFO,22/07/2024,09:16:05,24670,24666.6,200,24672.65,100,625,443900
NIFTY-III.NFO,22/07/2024,09:16:05,24670,24666.6,200,24672.65,100,0,443900
NIFTY-III.NFO,22/07/2024,09:16:07,24666.6,24665,25,24669.75,50,250,443900
NIFTY-III.NFO,22/07/2024,09:16:07,24666.6,24665,25,24669.75,50,0,443900
NIFTY-III.NFO,22/07/2024,09:16:09,24665,24664.7,25,24669,125,25,443900
NIFTY-III.NFO,22/07/2024,09:16:09,24665,24664.7,25,24669,125,0,443900
NIFTY-III.NFO,22/07/2024,09:16:10,24669.55,24666.45,125,24669.5,25,275,443900
NIFTY-III.NFO,22/07/2024,09:16:12,24669.5,24665.55,25,24669.5,25,50,443900
NIFTY-III.NFO,22/07/2024,09:16:13,24669.85,24665.55,25,24666,125,275,443900
NIFTY-III.NFO,22/07/2024,09:16:15,24669.85,24664.4,25,24671.3,50,1275,443900
NIFTY-III.NFO,22/07/2024,09:16:15,24664,24664.4,25,24671.3,50,0,443900
NIFTY-III.NFO,22/07/2024,09:16:16,24669.5,24666,100,24671.25,25,325,443900
NIFTY-III.NFO,22/07/2024,09:16:18,24669.5,24660.6,100,24670.9,50,175,443900
NIFTY-III.NFO,22/07/2024,09:16:19,24670.8,24660.2,100,24664.45,25,25,443900
NIFTY-III.NFO,22/07/2024,09:16:21,24664.4,24660,175,24664.4,50,125,443900
NIFTY-III.NFO,22/07/2024,09:16:21,24660.05,24660,175,24664.4,50,0,443900
NIFTY-III.NFO,22/07/2024,09:16:22,24664.35,24658.15,25,24664.3,25,325,443900
NIFTY-III.NFO,22/07/2024,09:16:22,24660,24658.15,25,24664.3,25,0,443900
NIFTY-III.NFO,22/07/2024,09:16:24,24656.6,24655,300,24660.05,25,150,443900
NIFTY-III.NFO,22/07/2024,09:16:24,24656.6,24655,300,24660.05,25,0,443900
NIFTY-III.NFO,22/07/2024,09:16:26,24660,24655,25,24659.95,25,375,443900
NIFTY-III.NFO,22/07/2024,09:16:26,24655,24655,25,24659.95,25,0,443900
NIFTY-III.NFO,22/07/2024,09:16:27,24653.15,24653.2,100,24659.9,275,75,443900
NIFTY-III.NFO,22/07/2024,09:16:27,24653,24653.2,100,24659.9,275,0,443900
NIFTY-III.NFO,22/07/2024,09:16:29,24653.15,24653.2,100,24660.05,25,0,443900
NIFTY-III.NFO,22/07/2024,09:16:30,24653.15,24655.3,100,24660,25,0,443900
NIFTY-III.NFO,22/07/2024,09:16:34,24656.05,24656.85,100,24660,25,125,443900
NIFTY-III.NFO,22/07/2024,09:16:35,24660,24656.85,100,24660,200,125,443900
NIFTY-III.NFO,22/07/2024,09:16:37,24660,24657,100,24660,150,75,443900
NIFTY-III.NFO,22/07/2024,09:16:38,24659.85,24655.2,25,24659.85,25,25,443900
NIFTY-III.NFO,22/07/2024,09:16:40,24668.85,24655.05,100,24660,25,1050,443900
NIFTY-III.NFO,22/07/2024,09:16:41,24668.85,24655.15,175,24660,25,0,443900
NIFTY-III.NFO,22/07/2024,09:16:43,24660,24657.35,100,24660,25,25,443900
NIFTY-III.NFO,22/07/2024,09:16:44,24660.05,24657.35,100,24668.75,500,50,443900
NIFTY-III.NFO,22/07/2024,09:16:46,24660.05,24659.85,100,24668.7,275,0,443900
NIFTY-III.NFO,22/07/2024,09:16:48,24668.75,24668.2,100,24674.1,625,475,443900
NIFTY-III.NFO,22/07/2024,09:16:49,24670.65,24669.95,75,24674.1,250,600,443900
NIFTY-III.NFO,22/07/2024,09:16:51,24674.1,24671,150,24679.5,25,250,443900
NIFTY-III.NFO,22/07/2024,09:16:52,24674.7,24677.05,125,24680,350,800,443900
NIFTY-III.NFO,22/07/2024,09:16:54,24673.8,24671,75,24678.25,175,100,443900
NIFTY-III.NFO,22/07/2024,09:16:55,24674.65,24668.9,25,24674.65,100,125,443900
NIFTY-III.NFO,22/07/2024,09:16:57,24668.85,24667.95,75,24674.5,175,175,443900
NIFTY-III.NFO,22/07/2024,09:16:58,24674.5,24666.75,100,24674.35,100,250,443900
NIFTY-III.NFO,22/07/2024,09:17:00,24667.4,24667.4,75,24674.25,100,150,443900
NIFTY-III.NFO,22/07/2024,09:17:02,24674.95,24666.05,25,24673.95,100,150,443900
NIFTY-III.NFO,22/07/2024,09:17:03,24669.55,24671.45,150,24674,25,50,443900
NIFTY-III.NFO,22/07/2024,09:17:05,24674,24671.5,25,24675,25,175,443900
NIFTY-III.NFO,22/07/2024,09:17:06,24674.65,24671.5,25,24675,25,50,443900
NIFTY-III.NFO,22/07/2024,09:17:08,24671.95,24670,125,24674.95,250,75,443900
NIFTY-III.NFO,22/07/2024,09:17:09,24671.1,24673.15,150,24679.9,400,50,443900
NIFTY-III.NFO,22/07/2024,09:17:11,24675,24675.6,150,24679.95,25,75,443900
NIFTY-III.NFO,22/07/2024,09:17:12,24676.35,24676.35,50,24679.95,25,50,443900
NIFTY-III.NFO,22/07/2024,09:17:14,24679.9,24673.25,75,24679.9,100,25,443900
NIFTY-III.NFO,22/07/2024,09:17:16,24679.8,24675,500,24679.1,100,25,443900
NIFTY-III.NFO,22/07/2024,09:17:17,24678.8,24675,475,24678.8,100,50,443900
NIFTY-III.NFO,22/07/2024,09:17:19,24671.95,24669.05,125,24678.5,100,500,443900
NIFTY-III.NFO,22/07/2024,09:17:20,24669.05,24669.05,100,24678.15,100,125,443900
NIFTY-III.NFO,22/07/2024,09:17:22,24669,24666.05,50,24676.35,100,50,443900
NIFTY-III.NFO,22/07/2024,09:17:23,24675,24669.35,50,24676.8,100,25,443900
NIFTY-III.NFO,22/07/2024,09:17:25,24678.6,24670.3,100,24678.55,275,275,443900
NIFTY-III.NFO,22/07/2024,09:17:26,24678.6,24675.05,100,24679.75,25,0,443900
NIFTY-III.NFO,22/07/2024,09:17:28,24675.05,24675.05,100,24679.75,25,25,443900
NIFTY-III.NFO,22/07/2024,09:17:30,24675.05,24675.05,25,24679.75,25,75,443900
NIFTY-III.NFO,22/07/2024,09:17:31,24675,24675,175,24679.7,100,50,443900
NIFTY-III.NFO,22/07/2024,09:17:33,24679.6,24675.05,25,24679.8,25,25,443900
NIFTY-III.NFO,22/07/2024,09:17:34,24679.8,24676,75,24680,325,50,443900
NIFTY-III.NFO,22/07/2024,09:17:36,24679.8,24675,175,24680,325,0,443900
NIFTY-III.NFO,22/07/2024,09:17:37,24679.8,24675.5,150,24679,25,0,443900
NIFTY-III.NFO,22/07/2024,09:17:39,24680,24676.95,325,24680,250,125,443900
NIFTY-III.NFO,22/07/2024,09:17:41,24680,24681,125,24690.05,100,250,443900
NIFTY-III.NFO,22/07/2024,09:17:42,24694,24690,100,24696.25,100,50,443900
NIFTY-III.NFO,22/07/2024,09:17:44,24690,24690,50,24696.05,175,50,443900
NIFTY-III.NFO,22/07/2024,09:17:45,24695.2,24686.05,25,24695.1,175,25,443900
NIFTY-III.NFO,22/07/2024,09:17:47,24695.2,24684.6,25,24693.55,100,0,443900
NIFTY-III.NFO,22/07/2024,09:17:48,24693.45,24683.65,475,24694.25,150,100,443900
NIFTY-III.NFO,22/07/2024,09:17:50,24694.2,24690.05,100,24695.8,250,150,443900
NIFTY-III.NFO,22/07/2024,09:17:51,24698.9,24690.65,100,24698.95,325,500,443900
NIFTY-III.NFO,22/07/2024,09:17:53,24690.65,24690.05,175,24698.15,25,25,443900
NIFTY-III.NFO,22/07/2024,09:17:54,24690.65,24690.05,175,24698.95,100,0,443900
NIFTY-III.NFO,22/07/2024,09:17:56,24692.8,24692.85,100,24698.95,50,25,443900
NIFTY-III.NFO,22/07/2024,09:17:58,24698.95,24698.95,150,24699,525,25,443900
NIFTY-III.NFO,22/07/2024,09:17:59,24698.95,24698.95,75,24699,525,0,443900
NIFTY-III.NFO,22/07/2024,09:18:01,24699,24699.5,100,24700,300,600,443900
NIFTY-III.NFO,22/07/2024,09:18:02,24699.5,24697.2,175,24700,25,300,443900
NIFTY-III.NFO,22/07/2024,09:18:04,24700,24693.85,175,24700,75,50,443900
NIFTY-III.NFO,22/07/2024,09:18:05,24700,24698.7,100,24700.45,25,50,443900
NIFTY-III.NFO,22/07/2024,09:18:07,24700,24694.75,100,24700.45,100,0,443900
NIFTY-III.NFO,22/07/2024,09:18:08,24700,24693.2,175,24700,100,0,443900
NIFTY-III.NFO,22/07/2024,09:18:10,24700,24690.65,150,24699.6,50,0,443900
NIFTY-III.NFO,22/07/2024,09:18:11,24700,24690.65,150,24695.5,50,0,443900
NIFTY-III.NFO,22/07/2024,09:18:13,24690.65,24690.15,25,24694.05,25,175,443900
NIFTY-III.NFO,22/07/2024,09:18:14,24694.1,24690.15,25,24694.1,25,75,443900
NIFTY-III.NFO,22/07/2024,09:18:16,24694.4,24690.15,25,24694.4,25,75,443900
NIFTY-III.NFO,22/07/2024,09:18:17,24694.35,24690,1500,24693.45,250,25,443900
NIFTY-III.NFO,22/07/2024,09:18:19,24694.35,24690,1500,24694.35,100,0,443900
NIFTY-III.NFO,22/07/2024,09:18:20,24694.35,24690,1500,24694.35,75,0,443900
NIFTY-III.NFO,22/07/2024,09:18:22,24694.35,24690,1525,24695,100,0,443900
NIFTY-III.NFO,22/07/2024,09:18:24,24695,24695,825,24697,325,125,443900
NIFTY-III.NFO,22/07/2024,09:18:25,24695,24690,1600,24696.65,250,850,443900
NIFTY-III.NFO,22/07/2024,09:18:27,24690,24690,1500,24695.15,575,25,443900
NIFTY-III.NFO,22/07/2024,09:18:28,24694.65,24690,1500,24692.6,325,50,443900
NIFTY-III.NFO,22/07/2024,09:18:30,24692.6,24690,1500,24691.95,75,25,445525
NIFTY-III.NFO,22/07/2024,09:18:31,24688.95,24681.05,175,24688.95,50,1575,445525
NIFTY-III.NFO,22/07/2024,09:18:33,24688.95,24681.1,100,24688.9,500,0,445525
NIFTY-III.NFO,22/07/2024,09:18:34,24688.95,24681.05,175,24688.8,300,0,445525
NIFTY-III.NFO,22/07/2024,09:18:36,24688.95,24681.05,175,24690.6,25,0,445525
NIFTY-III.NFO,22/07/2024,09:18:37,24690.6,24681.05,175,24690.6,25,100,445525
NIFTY-III.NFO,22/07/2024,09:18:39,24690.15,24683.6,100,24690,200,25,445525
NIFTY-III.NFO,22/07/2024,09:18:40,24690.15,24685.05,100,24690,200,0,445525
NIFTY-III.NFO,22/07/2024,09:18:43,24690.15,24685.05,175,24690,200,0,445525
NIFTY-III.NFO,22/07/2024,09:18:45,24690,24685.05,175,24690,175,25,445525
NIFTY-III.NFO,22/07/2024,09:18:47,24690,24685.05,100,24690,250,0,445525
NIFTY-III.NFO,22/07/2024,09:18:50,24690,24685.05,175,24690,150,50,445525
NIFTY-III.NFO,22/07/2024,09:18:51,24690,24685.1,100,24693.95,175,250,445525
NIFTY-III.NFO,22/07/2024,09:18:53,24694,24690.25,100,24694,425,175,445525
NIFTY-III.NFO,22/07/2024,09:18:54,24683.7,24690,25,24693.95,275,1000,445525
NIFTY-III.NFO,22/07/2024,09:18:56,24683.7,24690,100,24694,425,0,445525
NIFTY-III.NFO,22/07/2024,09:18:57,24694,24690,125,24694,350,75,445525
NIFTY-III.NFO,22/07/2024,09:18:59,24694,24690,125,24694,250,100,445525
NIFTY-III.NFO,22/07/2024,09:19:00,24694,24690,50,24693.95,275,0,445525
NIFTY-III.NFO,22/07/2024,09:19:02,24693.9,24692,25,24693.85,275,50,445525
NIFTY-III.NFO,22/07/2024,09:19:03,24692,24690,50,24693,200,25,445525
NIFTY-III.NFO,22/07/2024,09:19:05,24680,24679,50,24680.95,200,375,445525
NIFTY-III.NFO,22/07/2024,09:19:06,24679,24679,25,24680.1,200,25,445525
NIFTY-III.NFO,22/07/2024,09:19:08,24683.35,24679,25,24682.4,200,75,445525
NIFTY-III.NFO,22/07/2024,09:19:09,24681.65,24679,25,24682.3,275,50,445525
NIFTY-III.NFO,22/07/2024,09:19:11,24681.65,24679,25,24681.8,200,0,445525
NIFTY-III.NFO,22/07/2024,09:19:12,24681.65,24679,25,24681.7,200,0,445525
NIFTY-III.NFO,22/07/2024,09:19:14,24676.9,24675.05,275,24680,25,125,445525
NIFTY-III.NFO,22/07/2024,09:19:16,24675,24675.05,200,24679.95,75,100,445525
NIFTY-III.NFO,22/07/2024,09:19:17,24675,24675.05,275,24680,50,0,445525
NIFTY-III.NFO,22/07/2024,09:19:22,24675.05,24675.05,225,24680,75,75,445525
NIFTY-III.NFO,22/07/2024,09:19:23,24675.05,24675.05,225,24680,75,0,445525
NIFTY-III.NFO,22/07/2024,09:19:25,24680,24675.05,225,24679.95,25,50,445525
NIFTY-III.NFO,22/07/2024,09:19:26,24680,24675.05,225,24680,25,0,445525
NIFTY-III.NFO,22/07/2024,09:19:28,24680,24680,200,24688.2,200,25,445525
NIFTY-III.NFO,22/07/2024,09:19:29,24680,24680,50,24688.2,200,150,445525
NIFTY-III.NFO,22/07/2024,09:19:31,24680,24680,25,24688.2,200,25,445525
NIFTY-III.NFO,22/07/2024,09:19:32,24680,24679.95,100,24687.1,200,0,445525
NIFTY-III.NFO,22/07/2024,09:19:34,24680,24679.95,100,24687.75,200,25,445525
NIFTY-III.NFO,22/07/2024,09:19:35,24679.95,24679.95,75,24687.75,200,25,445525
NIFTY-III.NFO,22/07/2024,09:19:37,24679.95,24677.4,75,24687.15,200,0,445525
NIFTY-III.NFO,22/07/2024,09:19:38,24687,24680.05,25,24687.05,275,25,445525
NIFTY-III.NFO,22/07/2024,09:19:40,24687,24681.15,25,24689.15,75,0,445525
NIFTY-III.NFO,22/07/2024,09:19:41,24687,24682.75,25,24689.95,275,0,445525
NIFTY-III.NFO,22/07/2024,09:19:43,24687,24682,25,24689.25,200,0,445525
NIFTY-III.NFO,22/07/2024,09:19:44,24687,24680.9,25,24687.75,200,0,445525
NIFTY-III.NFO,22/07/2024,09:19:46,24687,24680.05,100,24686.9,200,25,445525
NIFTY-III.NFO,22/07/2024,09:19:47,24687,24680.05,100,24686.8,275,0,445525
NIFTY-III.NFO,22/07/2024,09:19:49,24680,24675.1,25,24682.15,200,75,445525
NIFTY-III.NFO,22/07/2024,09:19:51,24675.1,24675.05,25,24680.9,200,25,445525
NIFTY-III.NFO,22/07/2024,09:19:52,24675.1,24675.05,25,24680.9,200,0,445525
NIFTY-III.NFO,22/07/2024,09:19:54,24680.9,24680,25,24680.4,200,25,445525
NIFTY-III.NFO,22/07/2024,09:19:55,24680,24675.05,25,24679.9,200,25,445525
NIFTY-III.NFO,22/07/2024,09:19:57,24680,24675.05,25,24679.8,275,0,445525
NIFTY-III.NFO,22/07/2024,09:19:59,24675,24675,150,24678.45,200,75,445525
NIFTY-III.NFO,22/07/2024,09:20:00,24675,24675,75,24677.45,200,75,445525
NIFTY-III.NFO,22/07/2024,09:20:02,24675,24675,75,24677.85,275,0,445525
NIFTY-III.NFO,22/07/2024,09:20:04,24675,24675.05,75,24678.85,25,0,445525
NIFTY-III.NFO,22/07/2024,09:20:05,24675,24675,100,24678.85,25,0,445525
NIFTY-III.NFO,22/07/2024,09:20:07,24680,24675,175,24680,25,75,445525
NIFTY-III.NFO,22/07/2024,09:20:09,24680,24675,100,24677.85,200,0,445525
NIFTY-III.NFO,22/07/2024,09:20:10,24680,24675,175,24680,25,0,445525
NIFTY-III.NFO,22/07/2024,09:20:12,24680,24676.9,75,24683.65,275,25,445525
NIFTY-III.NFO,22/07/2024,09:20:14,24680,24680,125,24683.6,25,0,445525
NIFTY-III.NFO,22/07/2024,09:20:15,24680,24680,125,24685,25,0,445525
NIFTY-III.NFO,22/07/2024,09:20:17,24687,24687.55,450,24690,75,50,445525
NIFTY-III.NFO,22/07/2024,09:20:19,24690,24688.15,250,24692,75,75,445525
NIFTY-III.NFO,22/07/2024,09:20:20,24690,24690.45,75,24692,75,0,445525
NIFTY-III.NFO,22/07/2024,09:20:22,24695,24692.45,75,24699.95,200,350,445525
NIFTY-III.NFO,22/07/2024,09:20:24,24695,24694,75,24700,125,0,445525
NIFTY-III.NFO,22/07/2024,09:20:25,24694,24692.05,75,24699.95,225,25,445525
NIFTY-III.NFO,22/07/2024,09:20:27,24694,24695,25,24697.35,200,0,445525
NIFTY-III.NFO,22/07/2024,09:20:29,24695,24690.05,275,24697.2,200,225,445525
NIFTY-III.NFO,22/07/2024,09:20:30,24695,24690,25,24695.3,200,250,445525
NIFTY-III.NFO,22/07/2024,09:20:32,24695.25,24690.05,275,24695.2,175,50,445525
NIFTY-III.NFO,22/07/2024,09:20:34,24694,24690,50,24694,25,150,445525
NIFTY-III.NFO,22/07/2024,09:20:35,24690,24685.05,275,24692.95,25,50,445525
NIFTY-III.NFO,22/07/2024,09:20:37,24690,24685,25,24689.95,25,500,445525
NIFTY-III.NFO,22/07/2024,09:20:39,24680.05,24680.65,200,24685.05,50,50,445525
NIFTY-III.NFO,22/07/2024,09:20:40,24685.5,24680.05,275,24686.35,75,225,445525
NIFTY-III.NFO,22/07/2024,09:20:42,24685.5,24680.05,200,24687,150,0,445525
NIFTY-III.NFO,22/07/2024,09:20:44,24685.5,24680.05,200,24685.45,150,0,445525
NIFTY-III.NFO,22/07/2024,09:20:45,24685.5,24680.05,275,24685.35,150,0,445525
NIFTY-III.NFO,22/07/2024,09:20:47,24685.2,24680.05,200,24685.25,125,75,445525
NIFTY-III.NFO,22/07/2024,09:20:49,24685.15,24680.05,275,24685.15,25,25,445525
NIFTY-III.NFO,22/07/2024,09:20:50,24685.15,24680,75,24684.45,25,0,445525
NIFTY-III.NFO,22/07/2024,09:20:52,24685.15,24680,75,24684.35,100,0,445525
NIFTY-III.NFO,22/07/2024,09:20:54,24680,24675.05,200,24683.4,25,75,445525
NIFTY-III.NFO,22/07/2024,09:20:55,24675.05,24675.1,200,24682.75,125,150,445525
NIFTY-III.NFO,22/07/2024,09:20:57,24675.05,24675.8,200,24682.65,200,0,445525
NIFTY-III.NFO,22/07/2024,09:20:59,24675.05,24676.8,200,24682.6,100,0,445525
NIFTY-III.NFO,22/07/2024,09:21:00,24682.55,24675.05,300,24682.55,425,25,445525
NIFTY-III.NFO,22/07/2024,09:21:02,24682.55,24676.4,200,24680,75,0,445525
NIFTY-III.NFO,22/07/2024,09:21:04,24675.3,24675.65,200,24680,75,25,445525
NIFTY-III.NFO,22/07/2024,09:21:05,24680.15,24675.2,200,24682.25,125,100,445525
NIFTY-III.NFO,22/07/2024,09:21:07,24680.15,24675.55,375,24682.2,25,0,445525
NIFTY-III.NFO,22/07/2024,09:21:09,24676.15,24675.1,275,24682.15,475,25,445525
NIFTY-III.NFO,22/07/2024,09:21:10,24682.05,24675.1,275,24681.1,125,25,445525
NIFTY-III.NFO,22/07/2024,09:21:12,24675.25,24676.85,275,24682.05,25,50,445525
NIFTY-III.NFO,22/07/2024,09:21:14,24675.25,24677.2,200,24684.95,250,0,445525
NIFTY-III.NFO,22/07/2024,09:21:15,24675.25,24681.4,200,24684.9,25,0,445525
NIFTY-III.NFO,22/07/2024,09:21:17,24675.25,24681.85,200,24684.9,25,0,445525
NIFTY-III.NFO,22/07/2024,09:21:19,24675.25,24685.8,200,24689.95,25,0,445525
NIFTY-III.NFO,22/07/2024,09:21:20,24675.25,24685.1,275,24690,25,0,445525
NIFTY-III.NFO,22/07/2024,09:21:22,24675.25,24687.1,650,24690,25,0,445525
NIFTY-III.NFO,22/07/2024,09:21:24,24675.25,24687.85,200,24690,25,0,445525
NIFTY-III.NFO,22/07/2024,09:21:25,24686.05,24688.3,200,24690,25,25,445525
NIFTY-III.NFO,22/07/2024,09:21:27,24686.05,24688.75,275,24690,25,0,445525
NIFTY-III.NFO,22/07/2024,09:21:29,24690,24692.7,200,24695,25,25,445525
NIFTY-III.NFO,22/07/2024,09:21:30,24695.2,24695.55,200,24700,125,75,448525
NIFTY-III.NFO,22/07/2024,09:21:32,24695.2,24693.95,650,24698.95,25,0,448525
NIFTY-III.NFO,22/07/2024,09:21:34,24695.45,24693.05,150,24698.85,100,50,448525
NIFTY-III.NFO,22/07/2024,09:21:35,24695.45,24695.15,150,24700,200,0,448525
NIFTY-III.NFO,22/07/2024,09:21:37,24700,24698.95,25,24700,75,50,448525
NIFTY-III.NFO,22/07/2024,09:21:39,24699.9,24699.9,200,24700,75,25,448525
NIFTY-III.NFO,22/07/2024,09:21:40,24705,24704.65,100,24705,125,925,448525
NIFTY-III.NFO,22/07/2024,09:21:42,24705,24701.35,450,24707.6,100,125,448525
NIFTY-III.NFO,22/07/2024,09:21:44,24705,24702.55,750,24708.55,25,0,448525
NIFTY-III.NFO,22/07/2024,09:21:45,24705,24703.65,375,24709.45,25,0,448525
NIFTY-III.NFO,22/07/2024,09:21:47,24705,24706.25,750,24711.6,25,0,448525
NIFTY-III.NFO,22/07/2024,09:21:49,24708.1,24706.4,75,24712.55,275,100,448525
NIFTY-III.NFO,22/07/2024,09:21:50,24708.1,24705,50,24708.1,100,0,448525
NIFTY-III.NFO,22/07/2024,09:21:52,24707.1,24705,50,24707.05,100,25,448525
NIFTY-III.NFO,22/07/2024,09:21:54,24705,24701,50,24703.05,25,75,448525
NIFTY-III.NFO,22/07/2024,09:21:55,24705,24701,50,24705.5,25,0,448525
NIFTY-III.NFO,22/07/2024,09:21:57,24701.45,24704.6,450,24708.1,100,25,448525
NIFTY-III.NFO,22/07/2024,09:21:59,24701.45,24701,50,24705.55,100,0,448525
NIFTY-III.NFO,22/07/2024,09:22:00,24700.95,24700,175,24700.05,25,150,448525
NIFTY-III.NFO,22/07/2024,09:22:02,24700,24696.1,25,24701.35,50,175,448525
NIFTY-III.NFO,22/07/2024,09:22:04,24700,24697.1,100,24702.5,75,0,448525
NIFTY-III.NFO,22/07/2024,09:22:05,24700,24698.85,25,24704.95,275,0,448525
NIFTY-III.NFO,22/07/2024,09:22:07,24701.55,24696.8,25,24701.25,100,50,448525
NIFTY-III.NFO,22/07/2024,09:22:09,24701.55,24698.25,400,24703.15,25,0,448525
NIFTY-III.NFO,22/07/2024,09:22:10,24700,24700,25,24702.8,25,25,448525
NIFTY-III.NFO,22/07/2024,09:22:12,24700,24700,25,24702.15,200,0,448525
NIFTY-III.NFO,22/07/2024,09:22:14,24700,24700,25,24700.7,25,0,448525
NIFTY-III.NFO,22/07/2024,09:22:15,24695,24695.05,25,24699.25,25,125,448525
NIFTY-III.NFO,22/07/2024,09:22:17,24695,24700,25,24700.75,200,0,448525
NIFTY-III.NFO,22/07/2024,09:22:19,24700,24696.25,25,24701.75,200,25,448525
NIFTY-III.NFO,22/07/2024,09:22:20,24700,24695,150,24699.9,275,50,448525
NIFTY-III.NFO,22/07/2024,09:22:22,24700,24696.25,450,24701.9,225,0,448525
NIFTY-III.NFO,22/07/2024,09:22:24,24700,24695,150,24698.9,200,0,448525
NIFTY-III.NFO,22/07/2024,09:22:25,24700,24695,150,24698.3,275,0,448525
NIFTY-III.NFO,22/07/2024,09:22:27,24695,24695,125,24698.65,200,25,448525
NIFTY-III.NFO,22/07/2024,09:22:29,24695,24695,100,24699.15,200,25,448525
NIFTY-III.NFO,22/07/2024,09:22:30,24695,24695.6,1200,24700,25,0,448525
NIFTY-III.NFO,22/07/2024,09:22:32,24695,24695,100,24699.6,325,0,448525
NIFTY-III.NFO,22/07/2024,09:22:34,24695,24695,100,24699.5,275,0,448525
NIFTY-III.NFO,22/07/2024,09:22:35,24699.4,24696.25,25,24699.95,25,25,448525
NIFTY-III.NFO,22/07/2024,09:22:37,24699.4,24696.5,775,24700,25,0,448525
NIFTY-III.NFO,22/07/2024,09:22:39,24699.4,24695.05,25,24699.4,25,0,448525
NIFTY-III.NFO,22/07/2024,09:22:40,24699.4,24695,100,24699.35,225,0,448525
NIFTY-III.NFO,22/07/2024,09:22:42,24699.4,24697.7,100,24699.4,25,0,448525
NIFTY-III.NFO,22/07/2024,09:22:44,24699.4,24699.4,25,24700,25,25,448525
NIFTY-III.NFO,22/07/2024,09:22:45,24700,24700.95,475,24703.9,250,25,448525
NIFTY-III.NFO,22/07/2024,09:22:47,24700,24703.15,25,24705,175,0,448525
NIFTY-III.NFO,22/07/2024,09:22:49,24705,24705.35,25,24706.75,125,175,448525
NIFTY-III.NFO,22/07/2024,09:22:50,24706.75,24703.35,25,24706.75,100,25,448525
NIFTY-III.NFO,22/07/2024,09:22:52,24706.75,24702.8,725,24706.75,25,75,448525
NIFTY-III.NFO,22/07/2024,09:22:54,24705.15,24700.1,25,24705.15,100,25,448525
NIFTY-III.NFO,22/07/2024,09:22:55,24705.15,24703.1,25,24707.75,50,0,448525
NIFTY-III.NFO,22/07/2024,09:22:57,24705.15,24702.2,25,24706.7,100,0,448525
NIFTY-III.NFO,22/07/2024,09:22:59,24702.7,24702.15,450,24706.7,50,200,448525
NIFTY-III.NFO,22/07/2024,09:23:00,24702.7,24703.3,375,24706.7,50,0,448525
NIFTY-III.NFO,22/07/2024,09:23:02,24703.55,24705.05,150,24708,25,75,448525
NIFTY-III.NFO,22/07/2024,09:23:04,24708,24707.2,525,24708.75,25,25,448525
NIFTY-III.NFO,22/07/2024,09:23:05,24708,24705.6,525,24708.75,25,0,448525
NIFTY-III.NFO,22/07/2024,09:23:07,24708.75,24709.2,125,24710,50,25,448525
NIFTY-III.NFO,22/07/2024,09:23:09,24708.75,24704.8,125,24709.6,200,0,448525
NIFTY-III.NFO,22/07/2024,09:23:10,24708.75,24706.15,125,24710,50,0,448525
NIFTY-III.NFO,22/07/2024,09:23:12,24708.75,24707.15,500,24710,50,0,448525
NIFTY-III.NFO,22/07/2024,09:23:14,24708,24708.25,125,24710,50,25,448525
NIFTY-III.NFO,22/07/2024,09:23:15,24710,24710.85,500,24712,25,50,448525
NIFTY-III.NFO,22/07/2024,09:23:17,24710,24711.7,500,24712,25,0,448525
NIFTY-III.NFO,22/07/2024,09:23:19,24712,24716.9,575,24719.6,50,25,448525
NIFTY-III.NFO,22/07/2024,09:23:20,24720,24721.7,500,24722,25,25,448525
NIFTY-III.NFO,22/07/2024,09:23:22,24721.7,24721.2,125,24724.75,75,100,448525
NIFTY-III.NFO,22/07/2024,09:23:24,24721.7,24721.3,125,24724.7,50,0,448525
NIFTY-III.NFO,22/07/2024,09:23:25,24721.7,24721.6,125,24724.75,25,0,448525
NIFTY-III.NFO,22/07/2024,09:23:27,24721.7,24721.3,125,24724.7,25,0,448525
NIFTY-III.NFO,22/07/2024,09:23:29,24721.7,24721,600,24724.5,50,25,448525
NIFTY-III.NFO,22/07/2024,09:23:30,24725,24724,25,24727.9,250,150,448525
NIFTY-III.NFO,22/07/2024,09:23:32,24724,24726.7,200,24730,25,400,448525
NIFTY-III.NFO,22/07/2024,09:23:34,24723.75,24725.4,175,24728.6,50,50,448525
NIFTY-III.NFO,22/07/2024,09:23:35,24724.6,24721.7,125,24726.7,125,50,448525
NIFTY-III.NFO,22/07/2024,09:23:37,24724.6,24722.2,125,24726.4,325,0,448525
NIFTY-III.NFO,22/07/2024,09:23:39,24721.05,24721.4,50,24725.7,125,200,448525
NIFTY-III.NFO,22/07/2024,09:23:40,24721.05,24721.7,50,24727.25,200,0,448525
NIFTY-III.NFO,22/07/2024,09:23:42,24721.05,24721.4,50,24726.6,275,0,448525
NIFTY-III.NFO,22/07/2024,09:23:44,24721,24720,25,24722.2,275,25,448525
NIFTY-III.NFO,22/07/2024,09:23:45,24721,24724.2,125,24729.35,275,0,448525
NIFTY-III.NFO,22/07/2024,09:23:47,24730.2,24722.4,75,24729.25,200,25,448525
NIFTY-III.NFO,22/07/2024,09:23:49,24725,24721,75,24723.1,50,50,448525
NIFTY-III.NFO,22/07/2024,09:23:50,24725,24721,75,24722.35,50,0,448525
NIFTY-III.NFO,22/07/2024,09:23:52,24724.2,24721,75,24724.2,25,25,448525
NIFTY-III.NFO,22/07/2024,09:23:54,24724.8,24721,75,24724.3,50,50,448525
NIFTY-III.NFO,22/07/2024,09:23:55,24724.8,24723.4,100,24727.5,250,0,448525
NIFTY-III.NFO,22/07/2024,09:23:57,24724.8,24723.2,100,24725,25,0,448525
NIFTY-III.NFO,22/07/2024,09:23:59,24721.1,24721.05,25,24725,25,50,448525
NIFTY-III.NFO,22/07/2024,09:24:00,24721.1,24721.05,25,24722.4,200,0,448525
NIFTY-III.NFO,22/07/2024,09:24:02,24722.9,24721.05,25,24722.35,200,75,448525
NIFTY-III.NFO,22/07/2024,09:24:04,24724.35,24721.05,25,24724.8,200,25,448525
NIFTY-III.NFO,22/07/2024,09:24:05,24724.35,24721.05,25,24724.6,275,0,448525
NIFTY-III.NFO,22/07/2024,09:24:07,24719.3,24714.5,200,24720.65,100,425,448525
NIFTY-III.NFO,22/07/2024,09:24:09,24719.3,24715.2,275,24721.1,100,0,448525
NIFTY-III.NFO,22/07/2024,09:24:10,24719.55,24711.9,575,24719.15,50,375,448525
NIFTY-III.NFO,22/07/2024,09:24:12,24719.55,24712.15,200,24718.55,125,0,448525
NIFTY-III.NFO,22/07/2024,09:24:14,24712.15,24711.85,25,24711.9,25,50,448525
NIFTY-III.NFO,22/07/2024,09:24:15,24711.75,24711.9,225,24714.65,50,275,448525
NIFTY-III.NFO,22/07/2024,09:24:17,24711.75,24711,225,24714.65,50,0,448525
NIFTY-III.NFO,22/07/2024,09:24:19,24714.65,24711.9,225,24714.65,25,25,448525
NIFTY-III.NFO,22/07/2024,09:24:20,24714.65,24708.7,150,24714.6,275,0,448525
NIFTY-III.NFO,22/07/2024,09:24:22,24714.65,24708.4,225,24714.6,275,0,448525
NIFTY-III.NFO,22/07/2024,09:24:24,24714.65,24707,150,24713.95,275,0,448525
NIFTY-III.NFO,22/07/2024,09:24:25,24714.65,24705.1,150,24713,200,0,448525
NIFTY-III.NFO,22/07/2024,09:24:27,24714.65,24706,150,24713,200,0,448525
NIFTY-III.NFO,22/07/2024,09:24:29,24711.4,24702.55,75,24710.45,200,50,448525
NIFTY-III.NFO,22/07/2024,09:24:30,24709.5,24704.75,175,24711.85,200,75,448300
NIFTY-III.NFO,22/07/2024,09:24:32,24706.3,24706.3,150,24713.5,200,250,448300
NIFTY-III.NFO,22/07/2024,09:24:34,24706.3,24706.05,75,24713.4,275,0,448300
NIFTY-III.NFO,22/07/2024,09:24:35,24706.3,24706.05,75,24713.15,250,0,448300
NIFTY-III.NFO,22/07/2024,09:24:37,24706.8,24706.8,50,24713.85,200,25,448300
NIFTY-III.NFO,22/07/2024,09:24:39,24706.8,24710.9,125,24714.65,25,0,448300
NIFTY-III.NFO,22/07/2024,09:24:40,24706.8,24709.55,125,24714.65,25,0,448300
NIFTY-III.NFO,22/07/2024,09:24:42,24706.8,24711.05,50,24714.65,25,0,448300
NIFTY-III.NFO,22/07/2024,09:24:44,24706.8,24712.2,125,24714.65,25,0,448300
NIFTY-III.NFO,22/07/2024,09:24:45,24706.8,24712.4,50,24714.65,25,0,448300
NIFTY-III.NFO,22/07/2024,09:24:47,24706.8,24712.2,125,24714.65,25,0,448300
NIFTY-III.NFO,22/07/2024,09:24:49,24714.65,24717.1,50,24723.1,200,25,448300
NIFTY-III.NFO,22/07/2024,09:24:50,24714.65,24717.35,50,24723.1,275,0,448300
NIFTY-III.NFO,22/07/2024,09:24:52,24719.15,24718.7,475,24724.95,275,25,448300
NIFTY-III.NFO,22/07/2024,09:24:54,24719.15,24716.2,25,24722.65,200,0,448300
NIFTY-III.NFO,22/07/2024,09:24:55,24719.15,24716,25,24723.55,200,0,448300
NIFTY-III.NFO,22/07/2024,09:24:57,24719.15,24715.15,25,24722.05,200,0,448300
NIFTY-III.NFO,22/07/2024,09:24:59,24719.15,24716.05,25,24722.7,200,0,448300
NIFTY-III.NFO,22/07/2024,09:25:00,24719.15,24719.15,25,24724.95,275,0,448300
NIFTY-III.NFO,22/07/2024,09:25:02,24719.15,24719.85,475,24725,25,0,448300
NIFTY-III.NFO,22/07/2024,09:25:04,24719.15,24720.8,25,24725,25,0,448300
NIFTY-III.NFO,22/07/2024,09:25:05,24719.15,24717.75,25,24724.95,275,0,448300
NIFTY-III.NFO,22/07/2024,09:25:07,24719.15,24722.05,100,24724.95,275,0,448300
NIFTY-III.NFO,22/07/2024,09:25:12,24724.95,24722.05,100,24724.95,275,25,448300
NIFTY-III.NFO,22/07/2024,09:25:14,24724.95,24722.05,100,24725,25,0,448300
NIFTY-III.NFO,22/07/2024,09:25:17,24724.95,24722.05,100,24724.95,275,0,448300
NIFTY-III.NFO,22/07/2024,09:25:19,24722.05,24719.15,25,24724.45,200,100,448300
NIFTY-III.NFO,22/07/2024,09:25:21,24722.05,24719.2,75,24724.95,275,0,448300
NIFTY-III.NFO,22/07/2024,09:25:22,24722.05,24719.15,25,24724.85,200,0,448300
NIFTY-III.NFO,22/07/2024,09:25:24,24719.2,24719.2,100,24724.95,275,25,448300
NIFTY-III.NFO,22/07/2024,09:25:26,24719.2,24719.15,100,24724.95,275,50,448300
NIFTY-III.NFO,22/07/2024,09:25:27,24719.2,24719.15,25,24724.95,275,0,448300
NIFTY-III.NFO,22/07/2024,09:25:29,24719.15,24716.3,75,24724.95,325,25,448300
NIFTY-III.NFO,22/07/2024,09:25:31,24719.15,24716.3,75,24724.95,275,0,448300
NIFTY-III.NFO,22/07/2024,09:25:32,24719.15,24715,200,24720.55,200,0,448300
NIFTY-III.NFO,22/07/2024,09:25:34,24719.15,24715,200,24720.2,200,25,448300
NIFTY-III.NFO,22/07/2024,09:25:36,24718,24715,200,24719.45,200,125,448300
NIFTY-III.NFO,22/07/2024,09:25:37,24718,24715,200,24717.3,200,0,448300
NIFTY-III.NFO,22/07/2024,09:25:39,24715,24715,75,24718.7,200,125,448300
NIFTY-III.NFO,22/07/2024,09:25:41,24715,24708.55,75,24717.3,200,75,448300
NIFTY-III.NFO,22/07/2024,09:25:42,24715,24708.55,75,24717.3,200,0,448300
NIFTY-III.NFO,22/07/2024,09:25:44,24715,24706.8,25,24715.15,200,0,448300
NIFTY-III.NFO,22/07/2024,09:25:46,24715,24707,125,24715.15,200,25,448300
NIFTY-III.NFO,22/07/2024,09:25:47,24715.15,24709.45,75,24716.65,325,75,448300
NIFTY-III.NFO,22/07/2024,09:25:49,24709.55,24712.4,125,24716.95,25,25,448300
NIFTY-III.NFO,22/07/2024,09:25:51,24716.15,24716.15,400,24716.95,25,25,448300
NIFTY-III.NFO,22/07/2024,09:25:52,24720.4,24715,100,24722.6,275,300,448300
NIFTY-III.NFO,22/07/2024,09:25:54,24721.15,24716,50,24723.75,200,25,448300
NIFTY-III.NFO,22/07/2024,09:25:56,24721.15,24716.9,50,24724.3,200,0,448300
NIFTY-III.NFO,22/07/2024,09:25:57,24721.15,24716.9,50,24719,25,0,448300
NIFTY-III.NFO,22/07/2024,09:25:59,24721.15,24716,50,24719,25,0,448300
NIFTY-III.NFO,22/07/2024,09:26:00,24721.15,24716.55,50,24719,25,0,448300
NIFTY-III.NFO,22/07/2024,09:26:02,24721.15,24714.15,50,24719,25,0,448300
NIFTY-III.NFO,22/07/2024,09:26:04,24718.95,24711.5,100,24718.6,200,50,448300
NIFTY-III.NFO,22/07/2024,09:26:05,24718.95,24712.6,100,24719,25,0,448300
NIFTY-III.NFO,22/07/2024,09:26:07,24718.95,24711.65,125,24718.9,200,25,448300
NIFTY-III.NFO,22/07/2024,09:26:09,24718.95,24712.75,125,24719,100,0,448300
NIFTY-III.NFO,22/07/2024,09:26:10,24718.95,24710,125,24717.75,200,0,448300
NIFTY-III.NFO,22/07/2024,09:26:12,24710,24710,75,24717.75,200,50,448300
NIFTY-III.NFO,22/07/2024,09:26:14,24710,24710.1,150,24717.75,200,0,448300
NIFTY-III.NFO,22/07/2024,09:26:15,24710,24712.15,75,24718.95,275,0,448300
NIFTY-III.NFO,22/07/2024,09:26:17,24710,24712.4,75,24718.95,200,0,448300
NIFTY-III.NFO,22/07/2024,09:26:19,24712.4,24712.4,25,24718.95,275,50,448300
NIFTY-III.NFO,22/07/2024,09:26:20,24716.15,24709.05,75,24716.15,200,50,448300
NIFTY-III.NFO,22/07/2024,09:26:22,24717.75,24710.3,100,24718.9,200,25,448300
NIFTY-III.NFO,22/07/2024,09:26:24,24718.9,24710.3,175,24718.65,250,25,448300
NIFTY-III.NFO,22/07/2024,09:26:25,24718.9,24714.95,500,24719,25,0,448300
NIFTY-III.NFO,22/07/2024,09:26:27,24718.9,24716.75,125,24719,25,0,448300
NIFTY-III.NFO,22/07/2024,09:26:29,24718.9,24716.1,125,24719,25,0,448300
NIFTY-III.NFO,22/07/2024,09:26:30,24718.9,24715.25,125,24719,25,0,448300
NIFTY-III.NFO,22/07/2024,09:26:32,24721.55,24721.2,225,24725,25,125,448300
NIFTY-III.NFO,22/07/2024,09:26:34,24725,24722.7,100,24726.5,25,75,448300
NIFTY-III.NFO,22/07/2024,09:26:35,24726.5,24724.35,175,24726.5,25,25,448300
NIFTY-III.NFO,22/07/2024,09:26:37,24730,24728.5,75,24735.95,275,300,448300
NIFTY-III.NFO,22/07/2024,09:26:39,24730,24729.2,100,24735.95,325,0,448300
NIFTY-III.NFO,22/07/2024,09:26:40,24730,24727.35,175,24735.55,275,0,448300
NIFTY-III.NFO,22/07/2024,09:26:42,24730,24732.25,175,24736.95,200,0,448300
NIFTY-III.NFO,22/07/2024,09:26:44,24731.95,24731.3,125,24736.95,275,50,448300
NIFTY-III.NFO,22/07/2024,09:26:45,24738,24737.55,125,24740,125,50,448300
NIFTY-III.NFO,22/07/2024,09:26:47,24740,24736.45,450,24740,25,225,448300
NIFTY-III.NFO,22/07/2024,09:26:49,24732.55,24732.55,75,24739.95,225,50,448300
NIFTY-III.NFO,22/07/2024,09:26:50,24739.95,24730.45,100,24739.65,200,100,448300
NIFTY-III.NFO,22/07/2024,09:26:52,24739.95,24728.15,100,24736.5,200,0,448300
NIFTY-III.NFO,22/07/2024,09:26:53,24739.95,24727.35,100,24736.2,200,0,448300
NIFTY-III.NFO,22/07/2024,09:26:55,24728,24728,25,24733.45,200,50,448300
NIFTY-III.NFO,22/07/2024,09:26:57,24733.45,24725.05,175,24733.45,200,75,448300
NIFTY-III.NFO,22/07/2024,09:26:58,24733.45,24723.7,175,24732.4,200,0,448300
NIFTY-III.NFO,22/07/2024,09:27:00,24733.45,24728.8,175,24737.15,200,0,448300
NIFTY-III.NFO,22/07/2024,09:27:02,24733.45,24726.8,175,24736.35,200,0,448300
NIFTY-III.NFO,22/07/2024,09:27:03,24734.6,24733,25,24736.35,175,50,448300
NIFTY-III.NFO,22/07/2024,09:27:05,24734.6,24733.45,100,24736.35,175,0,448300
NIFTY-III.NFO,22/07/2024,09:27:07,24734.6,24733.45,100,24736.2,175,0,448300
NIFTY-III.NFO,22/07/2024,09:27:08,24733,24725.65,200,24734.6,250,125,448300
NIFTY-III.NFO,22/07/2024,09:27:10,24733,24728.65,200,24737,175,0,448300
NIFTY-III.NFO,22/07/2024,09:27:12,24733,24727.85,200,24736.25,175,0,448300
NIFTY-III.NFO,22/07/2024,09:27:13,24727.35,24728.05,175,24733.45,50,50,448300
NIFTY-III.NFO,22/07/2024,09:27:15,24727.45,24725.4,150,24733.4,200,25,448300
NIFTY-III.NFO,22/07/2024,09:27:17,24733.4,24725.5,250,24733.4,200,25,448300
NIFTY-III.NFO,22/07/2024,09:27:18,24733.4,24724.95,200,24733.4,200,25,448300
NIFTY-III.NFO,22/07/2024,09:27:20,24733.4,24726.05,200,24733.4,225,50,448300
NIFTY-III.NFO,22/07/2024,09:27:22,24733.4,24725.05,275,24733.4,225,25,448300
NIFTY-III.NFO,22/07/2024,09:27:23,24733.4,24726.6,200,24733.4,225,0,448300
NIFTY-III.NFO,22/07/2024,09:27:25,24733.4,24727.25,200,24733.45,50,0,448300
NIFTY-III.NFO,22/07/2024,09:27:27,24733.4,24726.1,200,24733.4,225,0,448300
NIFTY-III.NFO,22/07/2024,09:27:30,24733.4,24726.6,275,24733.4,175,50,448300
NIFTY-III.NFO,22/07/2024,09:27:32,24733.4,24722.25,200,24732.6,100,0,448300
NIFTY-III.NFO,22/07/2024,09:27:33,24733.4,24722.2,200,24732,100,0,448300
NIFTY-III.NFO,22/07/2024,09:27:35,24733.4,24722.8,200,24731.95,175,0,448300
NIFTY-III.NFO,22/07/2024,09:27:37,24733.4,24724.35,200,24731.95,175,0,448300
NIFTY-III.NFO,22/07/2024,09:27:38,24733.4,24724.55,200,24731.95,175,0,448300
NIFTY-III.NFO,22/07/2024,09:27:40,24733.4,24730.1,200,24732,25,0,448300
NIFTY-III.NFO,22/07/2024,09:27:42,24733.4,24727.75,275,24732,25,0,448300
NIFTY-III.NFO,22/07/2024,09:27:43,24733.4,24726,275,24732,25,0,448300
NIFTY-III.NFO,22/07/2024,09:27:45,24733.4,24728.85,175,24732,25,0,448300
NIFTY-III.NFO,22/07/2024,09:27:47,24733.4,24730.85,175,24732,25,0,448300
NIFTY-III.NFO,22/07/2024,09:27:48,24732,24732,25,24733,25,25,448625
NIFTY-III.NFO,22/07/2024,09:27:50,24738.45,24738.45,125,24739.2,25,175,448625
NIFTY-III.NFO,22/07/2024,09:27:52,24743.4,24733.05,200,24742.65,100,125,448625
NIFTY-III.NFO,22/07/2024,09:27:54,24733.85,24736.95,75,24744.3,200,100,448625
NIFTY-III.NFO,22/07/2024,09:27:55,24733.85,24737.45,275,24744.2,200,0,448625
NIFTY-III.NFO,22/07/2024,09:27:57,24733.85,24735.65,200,24744.2,275,0,448625
NIFTY-III.NFO,22/07/2024,09:27:58,24733.85,24736.45,200,24744.2,275,0,448625
NIFTY-III.NFO,22/07/2024,09:28:00,24738.05,24741.25,250,24746.55,100,25,448625
NIFTY-III.NFO,22/07/2024,09:28:02,24738.05,24738.25,250,24745.85,200,0,448625
NIFTY-III.NFO,22/07/2024,09:28:03,24738.05,24740.65,175,24746.55,25,0,448625
NIFTY-III.NFO,22/07/2024,09:28:05,24738.05,24736.3,175,24746.3,200,0,448625
NIFTY-III.NFO,22/07/2024,09:28:07,24738.05,24734.6,175,24743,275,0,448625
NIFTY-III.NFO,22/07/2024,09:28:08,24740.65,24736.45,175,24744.85,200,25,448625
NIFTY-III.NFO,22/07/2024,09:28:10,24740.65,24733.95,175,24743.5,200,0,448625
NIFTY-III.NFO,22/07/2024,09:28:12,24735.75,24733.9,250,24742.35,275,25,448625
NIFTY-III.NFO,22/07/2024,09:28:13,24735.75,24734.6,175,24743.15,200,0,448625
NIFTY-III.NFO,22/07/2024,09:28:15,24735.75,24733.95,175,24742.35,200,0,448625
NIFTY-III.NFO,22/07/2024,09:28:17,24735.75,24735,25,24740.3,275,0,448625
NIFTY-III.NFO,22/07/2024,09:28:18,24735.75,24735,25,24739,200,25,448625
NIFTY-III.NFO,22/07/2024,09:28:20,24735.05,24735.05,150,24741.5,275,25,448625
NIFTY-III.NFO,22/07/2024,09:28:22,24735.05,24735.6,150,24741.5,275,0,448625
NIFTY-III.NFO,22/07/2024,09:28:23,24735.05,24735.05,150,24741.4,200,0,448625
NIFTY-III.NFO,22/07/2024,09:28:25,24735.05,24735,25,24739.2,200,0,448625
NIFTY-III.NFO,22/07/2024,09:28:27,24735.05,24733.9,175,24739.4,200,50,448625
NIFTY-III.NFO,22/07/2024,09:28:28,24735.05,24735.05,175,24740,50,0,448625
NIFTY-III.NFO,22/07/2024,09:28:30,24735.05,24737.2,175,24739.95,25,0,448625
NIFTY-III.NFO,22/07/2024,09:28:32,24735.05,24737.45,250,24739.95,25,0,448625
NIFTY-III.NFO,22/07/2024,09:28:33,24735.05,24734.35,175,24739.9,100,0,448625
NIFTY-III.NFO,22/07/2024,09:28:35,24735.05,24734.1,175,24739.85,250,0,448625
NIFTY-III.NFO,22/07/2024,09:28:37,24734.2,24733.9,225,24739.8,200,25,448625
NIFTY-III.NFO,22/07/2024,09:28:38,24734.2,24734.9,150,24739.75,25,0,448625
NIFTY-III.NFO,22/07/2024,09:28:40,24734.2,24735.65,150,24739.75,25,0,448625
NIFTY-III.NFO,22/07/2024,09:28:42,24734.2,24733.9,150,24739.65,200,0,448625
NIFTY-III.NFO,22/07/2024,09:28:43,24734.2,24733.9,225,24739.65,275,0,448625
NIFTY-III.NFO,22/07/2024,09:28:45,24734.2,24734.6,325,24739.75,25,0,448625
NIFTY-III.NFO,22/07/2024,09:28:47,24734.2,24733.9,225,24738.5,50,0,448625
NIFTY-III.NFO,22/07/2024,09:28:48,24733.9,24734.25,125,24738.45,125,25,448625
NIFTY-III.NFO,22/07/2024,09:28:50,24733.9,24734.25,125,24738.45,125,0,448625
NIFTY-III.NFO,22/07/2024,09:28:52,24738.4,24734.2,25,24738.35,200,25,448625
NIFTY-III.NFO,22/07/2024,09:28:53,24738.4,24734.2,25,24738.35,200,0,448625
NIFTY-III.NFO,22/07/2024,09:28:55,24738.4,24734.2,25,24737.95,250,0,448625
NIFTY-III.NFO,22/07/2024,09:28:57,24738.4,24734.25,225,24738.45,50,0,448625
NIFTY-III.NFO,22/07/2024,09:28:58,24738.35,24734.25,125,24738.4,25,150,448625
NIFTY-III.NFO,22/07/2024,09:29:00,24738.35,24734.2,25,24738.35,200,0,448625
NIFTY-III.NFO,22/07/2024,09:29:02,24738.35,24734.2,25,24734.6,50,0,448625
NIFTY-III.NFO,22/07/2024,09:29:05,24734.25,24734.25,75,24734.6,50,50,448625
NIFTY-III.NFO,22/07/2024,09:29:07,24734.25,24734.25,75,24734.6,50,0,448625
NIFTY-III.NFO,22/07/2024,09:29:08,24734.55,24734.25,25,24734.55,200,75,448625
NIFTY-III.NFO,22/07/2024,09:29:10,24733.85,24730,25,24734.2,275,50,448625
NIFTY-III.NFO,22/07/2024,09:29:12,24734.2,24727.95,100,24734.15,300,75,448625
NIFTY-III.NFO,22/07/2024,09:29:13,24731.6,24730.9,150,24734.1,25,25,448625
NIFTY-III.NFO,22/07/2024,09:29:15,24731.8,24730.4,50,24734.25,50,75,448625
NIFTY-III.NFO,22/07/2024,09:29:17,24731.85,24731.85,75,24734.25,50,50,448625
NIFTY-III.NFO,22/07/2024,09:29:18,24731.85,24732.8,175,24734.25,50,0,448625
NIFTY-III.NFO,22/07/2024,09:29:20,24731.85,24732.95,175,24734.25,50,0,448625
NIFTY-III.NFO,22/07/2024,09:29:22,24731.85,24730.75,175,24734.25,50,0,448625
NIFTY-III.NFO,22/07/2024,09:29:23,24731.85,24727.6,75,24734.2,275,0,448625
NIFTY-III.NFO,22/07/2024,09:29:25,24731.85,24728.35,175,24734.25,50,0,448625
NIFTY-III.NFO,22/07/2024,09:29:27,24728.35,24731.85,75,24734.2,200,50,448625
NIFTY-III.NFO,22/07/2024,09:29:28,24728.35,24731.85,75,24734.25,50,0,448625
NIFTY-III.NFO,22/07/2024,09:29:30,24728.35,24731.85,25,24734.25,50,0,448625
NIFTY-III.NFO,22/07/2024,09:29:32,24730.65,24728.85,125,24734.25,50,100,448625
NIFTY-III.NFO,22/07/2024,09:29:33,24730.65,24727.2,75,24734.2,275,0,448625
NIFTY-III.NFO,22/07/2024,09:29:35,24730.65,24730.4,50,24732,50,0,448625
NIFTY-III.NFO,22/07/2024,09:29:37,24730.65,24731.15,50,24732,50,0,448625
NIFTY-III.NFO,22/07/2024,09:29:38,24732,24732.1,125,24734.25,50,75,448625
NIFTY-III.NFO,22/07/2024,09:29:40,24732,24732.95,125,24734.25,50,0,448625
NIFTY-III.NFO,22/07/2024,09:29:42,24732,24732.35,50,24734.25,50,0,448625
NIFTY-III.NFO,22/07/2024,09:29:43,24734.25,24733.8,75,24741.15,275,50,448625
NIFTY-III.NFO,22/07/2024,09:29:45,24734.25,24734.45,125,24741.25,200,0,448625
NIFTY-III.NFO,22/07/2024,09:29:47,24734.25,24735.35,125,24743.35,200,0,448625
NIFTY-III.NFO,22/07/2024,09:29:48,24734.25,24737.8,125,24744.95,200,0,448625
NIFTY-III.NFO,22/07/2024,09:29:50,24734.25,24736.9,175,24744.3,250,0,448625
NIFTY-III.NFO,22/07/2024,09:29:52,24736,24737,125,24743.35,200,100,448625
NIFTY-III.NFO,22/07/2024,09:29:53,24736,24734.15,125,24741.05,200,0,448625
NIFTY-III.NFO,22/07/2024,09:29:55,24736,24734.15,125,24736,25,0,448625
NIFTY-III.NFO,22/07/2024,09:29:57,24736,24735.6,50,24736,25,0,448625
NIFTY-III.NFO,22/07/2024,09:29:58,24736,24739,75,24744.95,275,25,448625
NIFTY-III.NFO,22/07/2024,09:30:00,24736,24739,75,24744.95,275,0,448625
NIFTY-III.NFO,22/07/2024,09:30:02,24738.1,24737.05,75,24744.95,275,100,448625
NIFTY-III.NFO,22/07/2024,09:30:03,24738.1,24736,100,24743.15,200,0,448625
NIFTY-III.NFO,22/07/2024,09:30:05,24738.1,24738.1,50,24743.55,200,0,448625
NIFTY-III.NFO,22/07/2024,09:30:07,24738.1,24738.1,50,24739.95,200,0,448625
NIFTY-III.NFO,22/07/2024,09:30:08,24738.1,24738.1,50,24740,25,0,448625
NIFTY-III.NFO,22/07/2024,09:30:10,24738.1,24738.1,125,24740,25,0,448625
NIFTY-III.NFO,22/07/2024,09:30:12,24738.85,24738.1,50,24740,25,50,448625
NIFTY-III.NFO,22/07/2024,09:30:13,24738.85,24738.1,50,24740,25,0,448625
NIFTY-III.NFO,22/07/2024,09:30:15,24738.85,24738.1,50,24739.95,275,0,448625
NIFTY-III.NFO,22/07/2024,09:30:17,24738.1,24738.1,25,24739.95,200,25,448625
NIFTY-III.NFO,22/07/2024,09:30:18,24738.1,24738.1,25,24740,25,0,448625
NIFTY-III.NFO,22/07/2024,09:30:20,24738.1,24738.1,25,24740,50,0,448625
NIFTY-III.NFO,22/07/2024,09:30:21,24738.1,24738.1,25,24739.95,200,0,448625
NIFTY-III.NFO,22/07/2024,09:30:23,24735.85,24733.65,200,24739.95,200,200,448625
NIFTY-III.NFO,22/07/2024,09:30:25,24735.85,24730.05,75,24738.75,200,0,448625
NIFTY-III.NFO,22/07/2024,09:30:26,24735.85,24730,50,24735.3,275,0,448625
NIFTY-III.NFO,22/07/2024,09:30:28,24735.85,24730,50,24734.35,250,0,448625
NIFTY-III.NFO,22/07/2024,09:30:30,24735.85,24730,50,24733.65,200,0,448625
NIFTY-III.NFO,22/07/2024,09:30:31,24735.85,24730,50,24734.95,200,0,448625
NIFTY-III.NFO,22/07/2024,09:30:33,24735.85,24730,125,24735.8,275,0,448625
NIFTY-III.NFO,22/07/2024,09:30:34,24735.85,24730,50,24735.15,200,0,448625
NIFTY-III.NFO,22/07/2024,09:30:36,24735.85,24730,50,24733.75,200,0,448625
NIFTY-III.NFO,22/07/2024,09:30:38,24735.85,24730,50,24734.95,275,0,448625
NIFTY-III.NFO,22/07/2024,09:30:39,24734.55,24730,50,24734.2,200,25,449200
NIFTY-III.NFO,22/07/2024,09:30:41,24734.55,24730,50,24731.8,275,0,449200
NIFTY-III.NFO,22/07/2024,09:30:43,24730,24723,25,24731,200,50,449200
NIFTY-III.NFO,22/07/2024,09:30:44,24730,24723.5,25,24731,200,0,449200
NIFTY-III.NFO,22/07/2024,09:30:46,24724.9,24724.85,75,24732.25,200,25,449200
NIFTY-III.NFO,22/07/2024,09:30:47,24724.9,24725.1,75,24732.75,200,0,449200
NIFTY-III.NFO,22/07/2024,09:30:49,24724.9,24725.95,75,24733.55,200,0,449200
NIFTY-III.NFO,22/07/2024,09:30:51,24724.9,24725.1,75,24733.15,275,0,449200
NIFTY-III.NFO,22/07/2024,09:30:52,24724.9,24721.8,200,24730.25,200,0,449200
NIFTY-III.NFO,22/07/2024,09:30:54,24724.9,24722.45,200,24730.25,200,0,449200
NIFTY-III.NFO,22/07/2024,09:30:55,24724.9,24723.25,150,24731.15,200,0,449200
NIFTY-III.NFO,22/07/2024,09:30:57,24724.9,24725.05,75,24732.3,200,50,449200
NIFTY-III.NFO,22/07/2024,09:30:59,24724.9,24725.95,200,24734,200,0,449200
NIFTY-III.NFO,22/07/2024,09:31:00,24724.9,24726.35,150,24734,200,0,449200
NIFTY-III.NFO,22/07/2024,09:31:02,24735,24732.3,100,24735.85,125,25,449200
NIFTY-III.NFO,22/07/2024,09:31:04,24735,24734.25,150,24735.85,125,0,449200
NIFTY-III.NFO,22/07/2024,09:31:05,24732.8,24735.55,450,24740,25,400,449200
NIFTY-III.NFO,22/07/2024,09:31:07,24732.8,24733.45,100,24739.95,200,0,449200
NIFTY-III.NFO,22/07/2024,09:31:09,24732.8,24732.35,75,24739.95,200,0,449200
NIFTY-III.NFO,22/07/2024,09:31:10,24732.3,24731.35,825,24735,25,25,449200
NIFTY-III.NFO,22/07/2024,09:31:12,24732.3,24731.4,75,24735,25,0,449200
NIFTY-III.NFO,22/07/2024,09:31:14,24732.3,24729.65,825,24735,100,0,449200
NIFTY-III.NFO,22/07/2024,09:31:15,24732.3,24731.1,825,24735,25,0,449200
NIFTY-III.NFO,22/07/2024,09:31:17,24732.3,24730.1,825,24735,25,0,449200
NIFTY-III.NFO,22/07/2024,09:31:19,24732.3,24727.7,75,24734.95,200,0,449200
NIFTY-III.NFO,22/07/2024,09:31:20,24732.3,24726.3,100,24734.4,200,0,449200
NIFTY-III.NFO,22/07/2024,09:31:22,24732.3,24724.9,25,24731.45,200,0,449200
NIFTY-III.NFO,22/07/2024,09:31:24,24724.9,24724.9,75,24731.75,200,25,449200
NIFTY-III.NFO,22/07/2024,09:31:25,24724.9,24730,25,24731.75,200,0,449200
NIFTY-III.NFO,22/07/2024,09:31:27,24730,24724.9,100,24731.35,275,25,449200
NIFTY-III.NFO,22/07/2024,09:31:29,24730,24724.9,25,24730.65,200,0,449200
NIFTY-III.NFO,22/07/2024,09:31:30,24732.6,24726.4,25,24733.45,200,25,449200
NIFTY-III.NFO,22/07/2024,09:31:32,24732.6,24724.95,100,24732.65,200,0,449200
NIFTY-III.NFO,22/07/2024,09:31:34,24732.2,24723.7,125,24732.2,200,25,449200
NIFTY-III.NFO,22/07/2024,09:31:35,24731.3,24721.95,100,24730.3,200,225,449200
NIFTY-III.NFO,22/07/2024,09:31:37,24725.1,24726.05,825,24732.5,75,25,449200
NIFTY-III.NFO,22/07/2024,09:31:39,24725.1,24728.65,825,24735,25,0,449200
NIFTY-III.NFO,22/07/2024,09:31:40,24725.1,24727.85,75,24734.95,275,0,449200
NIFTY-III.NFO,22/07/2024,09:31:42,24727.85,24728.8,825,24734.9,200,25,449200
NIFTY-III.NFO,22/07/2024,09:31:44,24727.85,24726.85,150,24734.95,275,0,449200
NIFTY-III.NFO,22/07/2024,09:31:45,24727.85,24723.25,75,24732.15,200,0,449200
NIFTY-III.NFO,22/07/2024,09:31:47,24727.85,24721.45,75,24730.2,275,0,449200
NIFTY-III.NFO,22/07/2024,09:31:49,24727.85,24722.5,75,24731.15,200,0,449200
NIFTY-III.NFO,22/07/2024,09:31:50,24727.85,24721,100,24729.65,250,0,449200
NIFTY-III.NFO,22/07/2024,09:31:52,24727.85,24721,100,24728.25,275,0,449200
NIFTY-III.NFO,22/07/2024,09:31:53,24727.85,24721.9,75,24729.2,200,0,449200
NIFTY-III.NFO,22/07/2024,09:31:55,24730.35,24722.45,25,24730.35,200,25,449200
NIFTY-III.NFO,22/07/2024,09:31:57,24730.35,24722.65,25,24730.5,200,0,449200
NIFTY-III.NFO,22/07/2024,09:31:58,24730.35,24721.05,100,24728.7,275,0,449200
NIFTY-III.NFO,22/07/2024,09:32:00,24720.75,24720.6,750,24728.7,275,175,449200
NIFTY-III.NFO,22/07/2024,09:32:02,24728.1,24718.65,25,24727.7,200,25,449200
NIFTY-III.NFO,22/07/2024,09:32:04,24728.1,24721.6,25,24729.3,200,0,449200
NIFTY-III.NFO,22/07/2024,09:32:05,24728.1,24722.15,25,24730.15,200,0,449200
NIFTY-III.NFO,22/07/2024,09:32:07,24721.1,24721.7,425,24727.35,100,50,449200
NIFTY-III.NFO,22/07/2024,09:32:09,24721.1,24722.85,75,24727.35,25,0,449200
NIFTY-III.NFO,22/07/2024,09:32:10,24721.1,24725.25,50,24731.95,275,0,449200
NIFTY-III.NFO,22/07/2024,09:32:14,24731.95,24725.3,100,24731.9,200,100,449200
NIFTY-III.NFO,22/07/2024,09:32:15,24726.3,24727.95,25,24732,25,75,449200
NIFTY-III.NFO,22/07/2024,09:32:17,24733.8,24729.15,25,24735,25,75,449200
NIFTY-III.NFO,22/07/2024,09:32:19,24730.8,24730.8,75,24735,25,50,449200
NIFTY-III.NFO,22/07/2024,09:32:20,24730.8,24731.8,775,24735,25,0,449200
NIFTY-III.NFO,22/07/2024,09:32:22,24730.8,24731.05,700,24735,25,0,449200
NIFTY-III.NFO,22/07/2024,09:32:24,24730.8,24732,100,24735,25,0,449200
NIFTY-III.NFO,22/07/2024,09:32:25,24730.8,24730.35,100,24734.4,25,0,449200
NIFTY-III.NFO,22/07/2024,09:32:27,24730.8,24732.05,800,24734.4,25,0,449200
NIFTY-III.NFO,22/07/2024,09:32:29,24736.6,24737.35,375,24740,25,225,449200
NIFTY-III.NFO,22/07/2024,09:32:30,24736.6,24737.25,375,24740,25,0,449200
NIFTY-III.NFO,22/07/2024,09:32:32,24736.6,24736.85,100,24740,25,0,449200
NIFTY-III.NFO,22/07/2024,09:32:33,24736.6,24737,125,24740,25,0,449200
NIFTY-III.NFO,22/07/2024,09:32:35,24736.6,24737.05,100,24740,25,0,449200
NIFTY-III.NFO,22/07/2024,09:32:37,24740,24737.05,100,24743.4,200,25,449200
NIFTY-III.NFO,22/07/2024,09:32:38,24736.1,24736.6,25,24742.7,75,375,449200
NIFTY-III.NFO,22/07/2024,09:32:40,24744.1,24736.65,50,24743.85,275,100,449200
NIFTY-III.NFO,22/07/2024,09:32:42,24744.1,24736.65,50,24743.85,275,0,449200
NIFTY-III.NFO,22/07/2024,09:32:43,24743.45,24736.65,75,24743.45,200,25,449200
NIFTY-III.NFO,22/07/2024,09:32:45,24736.65,24736.65,50,24743.45,200,25,449200
NIFTY-III.NFO,22/07/2024,09:32:47,24743.25,24736.65,75,24743.25,200,25,449200
NIFTY-III.NFO,22/07/2024,09:32:48,24743.25,24736.65,75,24743.95,200,0,449200
NIFTY-III.NFO,22/07/2024,09:32:53,24743.25,24736.65,75,24744.25,200,0,449200
NIFTY-III.NFO,22/07/2024,09:32:55,24743.25,24738.25,75,24742.75,25,0,449200
NIFTY-III.NFO,22/07/2024,09:32:56,24742.75,24737.85,75,24742.75,25,25,449200
NIFTY-III.NFO,22/07/2024,09:32:58,24740.85,24740,25,24742.9,25,100,449200
NIFTY-III.NFO,22/07/2024,09:33:00,24740,24739.25,25,24742.9,25,25,449200
NIFTY-III.NFO,22/07/2024,09:33:01,24740,24736.6,25,24742.7,200,0,449200
NIFTY-III.NFO,22/07/2024,09:33:03,24741,24736.6,25,24740,50,25,449200
NIFTY-III.NFO,22/07/2024,09:33:04,24741,24736.6,25,24739.95,200,0,449200
NIFTY-III.NFO,22/07/2024,09:33:06,24741,24736.6,25,24738.9,200,0,449200
NIFTY-III.NFO,22/07/2024,09:33:08,24736.6,24730,50,24737.3,250,25,449200
NIFTY-III.NFO,22/07/2024,09:33:09,24736.6,24732.05,100,24737.55,200,0,449200
NIFTY-III.NFO,22/07/2024,09:33:11,24736.6,24733.9,75,24739.95,75,0,449200
NIFTY-III.NFO,22/07/2024,09:33:13,24736.6,24733.9,575,24740,150,0,449200
NIFTY-III.NFO,22/07/2024,09:33:14,24736.6,24732,100,24737.45,275,0,449200
NIFTY-III.NFO,22/07/2024,09:33:16,24736.6,24732,25,24736,25,0,449200
NIFTY-III.NFO,22/07/2024,09:33:17,24736,24732,25,24735.95,25,25,449200
NIFTY-III.NFO,22/07/2024,09:33:19,24735.95,24732.1,575,24736,25,25,449200
NIFTY-III.NFO,22/07/2024,09:33:21,24734,24734.2,500,24736,25,150,449200
NIFTY-III.NFO,22/07/2024,09:33:22,24736,24731.1,50,24735.95,100,25,449200
NIFTY-III.NFO,22/07/2024,09:33:24,24735.95,24733.15,100,24736,25,25,449200
NIFTY-III.NFO,22/07/2024,09:33:25,24735.95,24733.45,50,24736,25,0,449200
NIFTY-III.NFO,22/07/2024,09:33:27,24734.15,24733.55,650,24736,25,150,449200
NIFTY-III.NFO,22/07/2024,09:33:29,24734.15,24733.55,25,24736,25,0,449200
NIFTY-III.NFO,22/07/2024,09:33:32,24733.15,24732,25,24736,25,50,449200
NIFTY-III.NFO,22/07/2024,09:33:33,24736,24732,25,24733.55,150,25,448025
NIFTY-III.NFO,22/07/2024,09:33:35,24736,24732,25,24733.5,200,0,448025
NIFTY-III.NFO,22/07/2024,09:33:37,24731,24730.3,350,24736,100,150,448025
NIFTY-III.NFO,22/07/2024,09:33:38,24731,24731.45,175,24736,25,0,448025
NIFTY-III.NFO,22/07/2024,09:33:40,24730.85,24730.25,25,24737.75,200,175,448025
NIFTY-III.NFO,22/07/2024,09:33:41,24730.85,24730,50,24737.75,250,0,448025
NIFTY-III.NFO,22/07/2024,09:33:43,24730.85,24730,50,24738.05,200,0,448025
NIFTY-III.NFO,22/07/2024,09:33:45,24730.85,24732.5,50,24739.95,275,0,448025
NIFTY-III.NFO,22/07/2024,09:33:46,24730.85,24730.7,50,24739.95,275,0,448025
NIFTY-III.NFO,22/07/2024,09:33:48,24730,24732.1,50,24739.7,275,150,448025
NIFTY-III.NFO,22/07/2024,09:33:50,24732.1,24733.1,50,24739.95,275,25,448025
NIFTY-III.NFO,22/07/2024,09:33:51,24732.1,24732.4,50,24739.95,275,0,448025
NIFTY-III.NFO,22/07/2024,09:33:53,24732.1,24733.65,50,24738.25,50,0,448025
NIFTY-III.NFO,22/07/2024,09:33:54,24732.1,24733.3,25,24738.25,50,0,448025
NIFTY-III.NFO,22/07/2024,09:33:56,24732.1,24735.6,50,24738.25,50,0,448025
NIFTY-III.NFO,22/07/2024,09:33:58,24736.15,24735.35,375,24737,25,125,448025
NIFTY-III.NFO,22/07/2024,09:33:59,24735.7,24735.45,650,24737,25,25,448025
NIFTY-III.NFO,22/07/2024,09:34:01,24735.7,24731.85,25,24737,100,0,448025
NIFTY-III.NFO,22/07/2024,09:34:03,24735.7,24732.95,100,24738.25,125,0,448025
NIFTY-III.NFO,22/07/2024,09:34:04,24735.7,24736.05,100,24737,25,0,448025
NIFTY-III.NFO,22/07/2024,09:34:06,24737,24737.2,50,24738.25,50,25,448025
NIFTY-III.NFO,22/07/2024,09:34:08,24737,24735.25,825,24738.25,50,0,448025
NIFTY-III.NFO,22/07/2024,09:34:09,24737,24735.05,175,24738.25,50,0,448025
NIFTY-III.NFO,22/07/2024,09:34:11,24734.5,24732.55,125,24738.2,200,25,448025
NIFTY-III.NFO,22/07/2024,09:34:13,24734.5,24731.35,375,24734.5,25,25,448025
NIFTY-III.NFO,22/07/2024,09:34:14,24734.5,24731.4,50,24733.5,25,0,448025
NIFTY-III.NFO,22/07/2024,09:34:16,24733.5,24732.35,650,24733.5,25,25,448025
NIFTY-III.NFO,22/07/2024,09:34:18,24733.9,24733.95,50,24735,75,400,448025
NIFTY-III.NFO,22/07/2024,09:34:19,24734.4,24734.4,625,24738.25,50,75,448025
NIFTY-III.NFO,22/07/2024,09:34:21,24734.4,24733.3,625,24738.25,125,0,448025
NIFTY-III.NFO,22/07/2024,09:34:23,24734.4,24733,625,24738.25,125,0,448025
NIFTY-III.NFO,22/07/2024,09:34:24,24734.1,24732.55,800,24734.1,25,50,448025
NIFTY-III.NFO,22/07/2024,09:34:26,24734.05,24733.65,375,24734.1,25,25,448025
NIFTY-III.NFO,22/07/2024,09:34:27,24733.65,24734,350,24734.1,25,25,448025
NIFTY-III.NFO,22/07/2024,09:34:29,24733.2,24733.65,125,24734.1,25,125,448025
NIFTY-III.NFO,22/07/2024,09:34:31,24738.25,24738.25,125,24740,25,275,448025
NIFTY-III.NFO,22/07/2024,09:34:32,24738.25,24737.55,125,24740,25,0,448025
NIFTY-III.NFO,22/07/2024,09:34:34,24738.25,24738.05,125,24740,25,0,448025
NIFTY-III.NFO,22/07/2024,09:34:36,24745,24741.95,75,24745,75,100,448025
NIFTY-III.NFO,22/07/2024,09:34:37,24743.05,24741.75,50,24745,75,75,448025
NIFTY-III.NFO,22/07/2024,09:34:39,24743.05,24741.1,500,24745,75,0,448025
NIFTY-III.NFO,22/07/2024,09:34:41,24743.05,24742.95,50,24745,75,0,448025
NIFTY-III.NFO,22/07/2024,09:34:42,24745,24743.6,575,24749,100,75,448025
NIFTY-III.NFO,22/07/2024,09:34:44,24745,24744.4,500,24749,100,0,448025
NIFTY-III.NFO,22/07/2024,09:34:45,24742.4,24740.95,25,24748.95,275,50,448025
NIFTY-III.NFO,22/07/2024,09:34:47,24742.4,24738,100,24742.4,25,50,448025
NIFTY-III.NFO,22/07/2024,09:34:49,24742.4,24738,25,24742.35,200,0,448025
NIFTY-III.NFO,22/07/2024,09:34:50,24742.4,24738,25,24742.35,275,0,448025
NIFTY-III.NFO,22/07/2024,09:34:54,24742.35,24738,25,24742.3,200,25,448025
NIFTY-III.NFO,22/07/2024,09:34:55,24742.35,24738,25,24742.3,200,0,448025
NIFTY-III.NFO,22/07/2024,09:34:57,24742.35,24738,25,24742.35,275,0,448025
NIFTY-III.NFO,22/07/2024,09:34:59,24738,24734.25,25,24742.35,275,25,448025
NIFTY-III.NFO,22/07/2024,09:35:00,24738,24731.25,25,24742.35,275,0,448025
NIFTY-III.NFO,22/07/2024,09:35:02,24742.35,24731.9,75,24742.3,200,50,448025
NIFTY-III.NFO,22/07/2024,09:35:04,24742.35,24734.15,75,24742.3,200,0,448025
NIFTY-III.NFO,22/07/2024,09:35:05,24742.35,24736,75,24741.4,100,0,448025
NIFTY-III.NFO,22/07/2024,09:35:07,24735.3,24733.2,50,24740.35,200,25,448025
NIFTY-III.NFO,22/07/2024,09:35:09,24733.2,24732.4,25,24740.35,200,25,448025
NIFTY-III.NFO,22/07/2024,09:35:10,24733.2,24731.95,25,24739.6,200,0,448025
NIFTY-III.NFO,22/07/2024,09:35:12,24733.2,24731.6,25,24735.85,200,0,448025
NIFTY-III.NFO,22/07/2024,09:35:14,24734.65,24731.65,25,24735.9,25,25,448025
NIFTY-III.NFO,22/07/2024,09:35:15,24734.65,24732.2,25,24735.4,25,0,448025
NIFTY-III.NFO,22/07/2024,09:35:17,24735.95,24735.9,500,24742.35,275,250,448025
NIFTY-III.NFO,22/07/2024,09:35:18,24735.95,24736.7,500,24742.35,200,0,448025
NIFTY-III.NFO,22/07/2024,09:35:20,24735.95,24738.35,500,24742.4,25,0,448025
NIFTY-III.NFO,22/07/2024,09:35:22,24735.95,24736.8,500,24742.4,100,0,448025
NIFTY-III.NFO,22/07/2024,09:35:23,24735.95,24737.7,500,24742.35,125,0,448025
NIFTY-III.NFO,22/07/2024,09:35:25,24737.7,24738.35,500,24742.35,50,25,448025
NIFTY-III.NFO,22/07/2024,09:35:27,24742.35,24738.45,500,24742.35,25,25,448025
NIFTY-III.NFO,22/07/2024,09:35:28,24742.35,24736.3,75,24742.35,100,0,448025
NIFTY-III.NFO,22/07/2024,09:35:30,24742.35,24737.55,500,24742.35,100,0,448025
NIFTY-III.NFO,22/07/2024,09:35:32,24742.35,24736.8,500,24742.3,200,0,448025
NIFTY-III.NFO,22/07/2024,09:35:33,24742.35,24738.5,500,24740,25,0,448025
NIFTY-III.NFO,22/07/2024,09:35:35,24742.35,24737.8,500,24740,25,0,448025
NIFTY-III.NFO,22/07/2024,09:35:37,24740,24740.1,500,24742.35,25,25,448025
NIFTY-III.NFO,22/07/2024,09:35:38,24742.4,24743.9,500,24745,25,50,448025
NIFTY-III.NFO,22/07/2024,09:35:40,24743.1,24743,25,24745,25,25,448025
NIFTY-III.NFO,22/07/2024,09:35:41,24743.1,24744.95,500,24745,25,0,448025
NIFTY-III.NFO,22/07/2024,09:35:43,24745,24743.15,500,24748.95,275,25,448025
NIFTY-III.NFO,22/07/2024,09:35:45,24745,24743.15,500,24748.95,200,0,448025
NIFTY-III.NFO,22/07/2024,09:35:46,24745,24743.1,25,24748.95,200,0,448025
NIFTY-III.NFO,22/07/2024,09:35:50,24745,24743.1,25,24748.95,275,0,448025
NIFTY-III.NFO,22/07/2024,09:35:51,24745,24745,25,24748.95,275,0,448025
NIFTY-III.NFO,22/07/2024,09:35:53,24748.95,24745,25,24748.9,200,25,448025
NIFTY-III.NFO,22/07/2024,09:35:54,24748.95,24745,25,24748.9,200,0,448025
NIFTY-III.NFO,22/07/2024,09:35:56,24748.95,24745,25,24749,100,0,448025
NIFTY-III.NFO,22/07/2024,09:35:58,24748.95,24745,75,24748.95,200,0,448025
NIFTY-III.NFO,22/07/2024,09:35:59,24748.95,24745,75,24748.95,275,0,448025
NIFTY-III.NFO,22/07/2024,09:36:01,24748.95,24745,100,24748.95,275,0,448025
NIFTY-III.NFO,22/07/2024,09:36:03,24748.95,24745,100,24748.95,200,0,448025
NIFTY-III.NFO,22/07/2024,09:36:04,24748.95,24745,100,24748.95,275,0,448025
NIFTY-III.NFO,22/07/2024,09:36:06,24748.95,24745,100,24748.95,250,0,448025
NIFTY-III.NFO,22/07/2024,09:36:08,24748.95,24745,100,24748.95,325,0,448025
NIFTY-III.NFO,22/07/2024,09:36:11,24748.95,24745,100,24748.9,200,25,448025
NIFTY-III.NFO,22/07/2024,09:36:13,24745,24745,75,24748.3,200,25,448025
NIFTY-III.NFO,22/07/2024,09:36:14,24745,24745,75,24747.65,200,0,448025
NIFTY-III.NFO,22/07/2024,09:36:16,24745,24745,75,24746.8,200,0,448025
NIFTY-III.NFO,22/07/2024,09:36:18,24745,24741.45,150,24744.15,200,75,448025
NIFTY-III.NFO,22/07/2024,09:36:19,24745,24740,25,24744.15,200,0,448025
NIFTY-III.NFO,22/07/2024,09:36:21,24744.15,24740,25,24744.15,200,25,448025
NIFTY-III.NFO,22/07/2024,09:36:23,24744.15,24740,25,24744.45,200,0,448025
NIFTY-III.NFO,22/07/2024,09:36:24,24743.65,24740,25,24743.65,200,100,448025
NIFTY-III.NFO,22/07/2024,09:36:26,24743.65,24740,25,24743.65,200,0,448025
NIFTY-III.NFO,22/07/2024,09:36:28,24743.65,24740.05,175,24744.95,275,0,448025
NIFTY-III.NFO,22/07/2024,09:36:29,24744.95,24740,25,24744.9,200,25,448025
NIFTY-III.NFO,22/07/2024,09:36:31,24738.7,24736.35,50,24744.9,200,325,448025
NIFTY-III.NFO,22/07/2024,09:36:33,24738.7,24736.3,25,24743.55,200,0,448025
NIFTY-III.NFO,22/07/2024,09:36:34,24736.3,24735,25,24741.75,200,25,446200
NIFTY-III.NFO,22/07/2024,09:36:36,24736.3,24735,25,24741.75,200,0,446200
NIFTY-III.NFO,22/07/2024,09:36:38,24736.3,24735.05,50,24741.75,200,0,446200
NIFTY-III.NFO,22/07/2024,09:36:39,24736.3,24736.55,50,24743.55,200,0,446200
NIFTY-III.NFO,22/07/2024,09:36:41,24736.3,24734.7,50,24744.9,200,0,446200
NIFTY-III.NFO,22/07/2024,09:36:43,24736.3,24734.55,50,24744.2,200,0,446200
NIFTY-III.NFO,22/07/2024,09:36:44,24736.3,24735.25,50,24744.2,200,0,446200
NIFTY-III.NFO,22/07/2024,09:36:46,24736.3,24736.35,50,24744.2,200,0,446200
NIFTY-III.NFO,22/07/2024,09:36:48,24736.3,24737.25,50,24744.6,200,0,446200
NIFTY-III.NFO,22/07/2024,09:36:49,24736.3,24733.95,50,24743.95,200,0,446200
NIFTY-III.NFO,22/07/2024,09:36:51,24736.3,24733.95,50,24743.3,200,25,446200
NIFTY-III.NFO,22/07/2024,09:36:53,24736.3,24732.85,50,24742.1,200,0,446200
NIFTY-III.NFO,22/07/2024,09:36:55,24732.85,24732.05,25,24735,25,25,446200
NIFTY-III.NFO,22/07/2024,09:36:56,24732.85,24732.05,25,24735,25,0,446200
NIFTY-III.NFO,22/07/2024,09:36:58,24732.85,24732,25,24735,100,0,446200
NIFTY-III.NFO,22/07/2024,09:37:00,24732,24731.5,25,24734.95,200,25,446200
NIFTY-III.NFO,22/07/2024,09:37:01,24732,24731.5,25,24732.05,25,0,446200
NIFTY-III.NFO,22/07/2024,09:37:03,24731.55,24731.5,25,24732.05,25,25,446200
NIFTY-III.NFO,22/07/2024,09:37:05,24731.55,24731.5,25,24732.05,25,0,446200
NIFTY-III.NFO,22/07/2024,09:37:06,24731.5,24730,75,24732.05,25,25,446200
NIFTY-III.NFO,22/07/2024,09:37:08,24731.5,24730,75,24732.05,25,0,446200
NIFTY-III.NFO,22/07/2024,09:37:10,24731.5,24730,50,24732.05,25,0,446200
NIFTY-III.NFO,22/07/2024,09:37:13,24731.5,24730,50,24732,25,0,446200
NIFTY-III.NFO,22/07/2024,09:37:15,24730,24730,25,24732,25,25,446200
NIFTY-III.NFO,22/07/2024,09:37:16,24730,24730,25,24732,25,0,446200
NIFTY-III.NFO,22/07/2024,09:37:21,24732,24729.5,25,24734.95,275,50,446200
NIFTY-III.NFO,22/07/2024,09:37:23,24732,24729.5,25,24734.95,275,0,446200
NIFTY-III.NFO,22/07/2024,09:37:25,24732,24729.5,25,24731.95,275,0,446200
NIFTY-III.NFO,22/07/2024,09:37:26,24732,24726.5,25,24731.95,275,0,446200
NIFTY-III.NFO,22/07/2024,09:37:31,24732,24726.15,375,24734.9,200,25,446200
NIFTY-III.NFO,22/07/2024,09:37:33,24732,24727.85,375,24734.95,275,0,446200
NIFTY-III.NFO,22/07/2024,09:37:34,24734.95,24730.75,100,24735,25,125,446200
NIFTY-III.NFO,22/07/2024,09:37:36,24734.95,24729.85,475,24735,25,0,446200
NIFTY-III.NFO,22/07/2024,09:37:38,24734.95,24732.3,100,24735,25,0,446200
NIFTY-III.NFO,22/07/2024,09:37:39,24734.95,24731.6,100,24735,25,0,446200
NIFTY-III.NFO,22/07/2024,09:37:41,24734.95,24729.95,125,24734.95,275,25,446200
NIFTY-III.NFO,22/07/2024,09:37:43,24734.95,24731.6,500,24735,25,0,446200
NIFTY-III.NFO,22/07/2024,09:37:44,24734.95,24730.45,500,24734.85,25,0,446200
NIFTY-III.NFO,22/07/2024,09:37:46,24734.95,24729.15,500,24734.8,275,0,446200
NIFTY-III.NFO,22/07/2024,09:37:48,24734.95,24732,375,24734.85,25,0,446200
NIFTY-III.NFO,22/07/2024,09:37:49,24734.95,24729.15,125,24734.8,275,0,446200
NIFTY-III.NFO,22/07/2024,09:37:51,24734.95,24730.75,125,24734.85,25,0,446200
NIFTY-III.NFO,22/07/2024,09:37:53,24734.95,24731.35,500,24732,25,0,446200
NIFTY-III.NFO,22/07/2024,09:37:54,24734.95,24727.4,125,24730.45,25,0,446200
NIFTY-III.NFO,22/07/2024,09:37:56,24734.95,24726.4,125,24730.45,25,0,446200
NIFTY-III.NFO,22/07/2024,09:37:58,24734.95,24727.35,125,24730.45,25,0,446200
NIFTY-III.NFO,22/07/2024,09:37:59,24734.95,24726.95,125,24730.45,25,0,446200
NIFTY-III.NFO,22/07/2024,09:38:01,24734.95,24728.7,500,24730.45,25,0,446200
NIFTY-III.NFO,22/07/2024,09:38:02,24734.95,24727.2,125,24730.45,25,0,446200
NIFTY-III.NFO,22/07/2024,09:38:04,24730.45,24727,125,24730,25,25,446200
NIFTY-III.NFO,22/07/2024,09:38:06,24730.45,24727.85,125,24730,50,0,446200
NIFTY-III.NFO,22/07/2024,09:38:07,24730.45,24726.5,125,24730,50,0,446200
NIFTY-III.NFO,22/07/2024,09:38:09,24730.45,24726.7,125,24730,50,0,446200
NIFTY-III.NFO,22/07/2024,09:38:11,24730.45,24726.35,25,24729.95,275,0,446200
NIFTY-III.NFO,22/07/2024,09:38:14,24730.45,24727.65,125,24730,50,0,446200
NIFTY-III.NFO,22/07/2024,09:38:16,24730.45,24727.85,125,24730,50,0,446200
NIFTY-III.NFO,22/07/2024,09:38:17,24730.45,24726.6,25,24730,50,0,446200
NIFTY-III.NFO,22/07/2024,09:38:19,24730.45,24727.85,125,24730,50,0,446200
NIFTY-III.NFO,22/07/2024,09:38:20,24730,24729,125,24734,50,50,446200
NIFTY-III.NFO,22/07/2024,09:38:22,24730.05,24730.05,425,24734.9,200,50,446200
NIFTY-III.NFO,22/07/2024,09:38:24,24730.55,24730.8,50,24734.95,500,25,446200
NIFTY-III.NFO,22/07/2024,09:38:25,24730.55,24730.25,50,24734.95,500,0,446200
NIFTY-III.NFO,22/07/2024,09:38:27,24733.15,24733.9,350,24734.95,500,25,446200
NIFTY-III.NFO,22/07/2024,09:38:29,24733.15,24733.95,350,24734.95,500,0,446200
NIFTY-III.NFO,22/07/2024,09:38:30,24733.15,24734.1,350,24734.95,500,0,446200
NIFTY-III.NFO,22/07/2024,09:38:32,24733.15,24734.7,350,24734.95,500,0,446200
NIFTY-III.NFO,22/07/2024,09:38:33,24741.05,24735.4,100,24742.45,275,650,446200
NIFTY-III.NFO,22/07/2024,09:38:35,24741.05,24736.95,175,24744.2,200,0,446200
NIFTY-III.NFO,22/07/2024,09:38:37,24741.05,24738.1,100,24744.95,275,0,446200
NIFTY-III.NFO,22/07/2024,09:38:38,24741.05,24738.15,100,24744.95,275,0,446200
NIFTY-III.NFO,22/07/2024,09:38:40,24741.05,24738.3,100,24744.95,275,0,446200
NIFTY-III.NFO,22/07/2024,09:38:42,24741.05,24736.45,175,24744.95,275,0,446200
NIFTY-III.NFO,22/07/2024,09:38:43,24741.05,24738,175,24744.95,275,0,446200
NIFTY-III.NFO,22/07/2024,09:38:45,24741.05,24739,100,24744.95,275,0,446200
NIFTY-III.NFO,22/07/2024,09:38:47,24741.05,24739.65,100,24744.95,200,0,446200
NIFTY-III.NFO,22/07/2024,09:38:48,24741.05,24740.25,100,24745,250,0,446200
NIFTY-III.NFO,22/07/2024,09:38:50,24740.55,24740.4,75,24745,250,25,446200
NIFTY-III.NFO,22/07/2024,09:38:51,24740.55,24741.05,50,24744.95,275,0,446200
NIFTY-III.NFO,22/07/2024,09:38:53,24740.55,24741.05,50,24744.95,200,0,446200
NIFTY-III.NFO,22/07/2024,09:38:55,24740.55,24741.1,75,24745,250,0,446200
NIFTY-III.NFO,22/07/2024,09:38:56,24740.55,24742.3,75,24745,250,0,446200
NIFTY-III.NFO,22/07/2024,09:38:58,24740.55,24741.45,75,24745,250,0,446200
NIFTY-III.NFO,22/07/2024,09:39:00,24742.1,24740.65,450,24745,250,650,446200
NIFTY-III.NFO,22/07/2024,09:39:01,24740.95,24742,25,24745,250,25,446200
NIFTY-III.NFO,22/07/2024,09:39:03,24740.95,24742,25,24745,250,0,446200
NIFTY-III.NFO,22/07/2024,09:39:05,24740.95,24742.75,175,24745,250,0,446200
NIFTY-III.NFO,22/07/2024,09:39:06,24750,24744.2,450,24750,325,450,446200
NIFTY-III.NFO,22/07/2024,09:39:08,24744.2,24743.9,250,24749.95,275,200,446200
NIFTY-III.NFO,22/07/2024,09:39:10,24744.2,24743.9,250,24749.95,275,0,446200
NIFTY-III.NFO,22/07/2024,09:39:11,24744.2,24744.35,25,24749.95,200,0,446200
NIFTY-III.NFO,22/07/2024,09:39:13,24744.2,24745.45,250,24750,350,0,446200
NIFTY-III.NFO,22/07/2024,09:39:15,24744.2,24745.6,175,24750,350,0,446200
NIFTY-III.NFO,22/07/2024,09:39:16,24744.2,24744.65,25,24749.95,275,0,446200
NIFTY-III.NFO,22/07/2024,09:39:18,24744.2,24746,175,24750,350,0,446200
NIFTY-III.NFO,22/07/2024,09:39:20,24750,24750.2,125,24751,25,350,446200
NIFTY-III.NFO,22/07/2024,09:39:21,24750,24747.9,275,24751,25,0,446200
NIFTY-III.NFO,22/07/2024,09:39:23,24747.25,24746.3,150,24751,25,25,446200
NIFTY-III.NFO,22/07/2024,09:39:25,24747.25,24744.75,250,24750.95,275,0,446200
NIFTY-III.NFO,22/07/2024,09:39:26,24747.25,24744.2,25,24750.95,275,0,446200
NIFTY-III.NFO,22/07/2024,09:39:28,24747.25,24744.15,25,24749.95,200,0,446200
NIFTY-III.NFO,22/07/2024,09:39:35,24747.25,24744.15,25,24749.95,275,0,446200
NIFTY-III.NFO,22/07/2024,09:39:36,24747.25,24746,150,24750,25,0,446200
NIFTY-III.NFO,22/07/2024,09:39:38,24747.25,24745.05,250,24750,25,0,446200
NIFTY-III.NFO,22/07/2024,09:39:40,24747.25,24745,25,24749.95,275,0,446200
NIFTY-III.NFO,22/07/2024,09:39:41,24747.25,24747.25,25,24749.95,275,0,446200
NIFTY-III.NFO,22/07/2024,09:39:43,24747.25,24748,50,24749.95,200,0,446200
NIFTY-III.NFO,22/07/2024,09:39:45,24747.25,24748,50,24749.95,275,0,446200
NIFTY-III.NFO,22/07/2024,09:39:48,24747.25,24748,50,24749.95,200,0,446200
NIFTY-III.NFO,22/07/2024,09:39:49,24747.25,24748,50,24749.95,275,0,446200
NIFTY-III.NFO,22/07/2024,09:39:53,24747.25,24748,50,24749.95,200,0,446200
NIFTY-III.NFO,22/07/2024,09:39:56,24749.95,24748,50,24750,25,25,445600
NIFTY-III.NFO,22/07/2024,09:39:58,24749.95,24748,50,24749.95,200,0,445600
NIFTY-III.NFO,22/07/2024,09:39:59,24749.95,24748,50,24750,25,0,445600
NIFTY-III.NFO,22/07/2024,09:40:01,24749.95,24748,50,24749.95,200,0,445600
NIFTY-III.NFO,22/07/2024,09:40:03,24748,24749,25,24749.95,200,25,445600
NIFTY-III.NFO,22/07/2024,09:40:04,24749.95,24749,25,24749.95,250,450,445600
NIFTY-III.NFO,22/07/2024,09:40:06,24749.95,24749,25,24749.95,175,0,445600
NIFTY-III.NFO,22/07/2024,09:40:09,24749.95,24749,25,24750,50,0,445600
NIFTY-III.NFO,22/07/2024,09:40:11,24749.95,24749,25,24749.95,175,0,445600
NIFTY-III.NFO,22/07/2024,09:40:13,24749.95,24749,25,24749.95,250,0,445600
NIFTY-III.NFO,22/07/2024,09:40:14,24749,24748,75,24749.95,250,25,445600
NIFTY-III.NFO,22/07/2024,09:40:16,24748,24747.25,25,24749.05,125,125,445600
NIFTY-III.NFO,22/07/2024,09:40:18,24747.25,24745,25,24747.3,175,50,445600
NIFTY-III.NFO,22/07/2024,09:40:19,24747.25,24745,25,24748.65,100,0,445600
NIFTY-III.NFO,22/07/2024,09:40:21,24747.25,24745,25,24748.8,100,0,445600
NIFTY-III.NFO,22/07/2024,09:40:23,24747.25,24745,100,24749.95,100,0,445600
NIFTY-III.NFO,22/07/2024,09:40:24,24747.25,24745.05,275,24747.25,25,0,445600
NIFTY-III.NFO,22/07/2024,09:40:28,24747.25,24745,25,24747.25,25,0,445600
NIFTY-III.NFO,22/07/2024,09:40:29,24747.25,24745,50,24747.25,25,0,445600
NIFTY-III.NFO,22/07/2024,09:40:34,24747.25,24747.25,25,24748.95,100,25,445600
NIFTY-III.NFO,22/07/2024,09:40:36,24747.25,24745.05,275,24749,25,25,445600
NIFTY-III.NFO,22/07/2024,09:40:38,24747.25,24747.25,25,24749,25,0,445600
NIFTY-III.NFO,22/07/2024,09:40:43,24749,24745.05,200,24749.95,75,50,445600
NIFTY-III.NFO,22/07/2024,09:40:44,24749,24745.05,200,24750,150,0,445600
NIFTY-III.NFO,22/07/2024,09:40:48,24745,24743.5,75,24745.8,25,350,445600
NIFTY-III.NFO,22/07/2024,09:40:49,24745,24744.05,125,24745.8,25,0,445600
NIFTY-III.NFO,22/07/2024,09:40:53,24745,24744.05,125,24745.85,25,0,445600
NIFTY-III.NFO,22/07/2024,09:40:54,24745,24743.95,125,24745.85,50,0,445600
NIFTY-III.NFO,22/07/2024,09:40:56,24745,24743.95,150,24745.85,50,0,445600
NIFTY-III.NFO,22/07/2024,09:40:58,24745,24743.95,150,24745.85,25,0,445600
NIFTY-III.NFO,22/07/2024,09:40:59,24745,24743.95,100,24745.9,50,25,445600
NIFTY-III.NFO,22/07/2024,09:41:01,24745,24743.95,225,24745.9,50,0,445600
NIFTY-III.NFO,22/07/2024,09:41:03,24745.9,24745.2,75,24745.85,50,75,445600
NIFTY-III.NFO,22/07/2024,09:41:04,24746.15,24745.4,125,24749,25,725,445600
NIFTY-III.NFO,22/07/2024,09:41:06,24746.15,24744.65,125,24749,25,0,445600
NIFTY-III.NFO,22/07/2024,09:41:08,24746.15,24743.65,25,24749,100,0,445600
NIFTY-III.NFO,22/07/2024,09:41:09,24746.15,24743.95,150,24748.95,200,0,445600
NIFTY-III.NFO,22/07/2024,09:41:11,24748.95,24744,125,24749,100,125,445600
NIFTY-III.NFO,22/07/2024,09:41:12,24748.95,24744,125,24749,25,0,445600
NIFTY-III.NFO,22/07/2024,09:41:14,24748.95,24744.9,125,24749,25,0,445600
NIFTY-III.NFO,22/07/2024,09:41:16,24748.95,24746.5,125,24749,25,0,445600
NIFTY-III.NFO,22/07/2024,09:41:17,24749.25,24748.8,100,24749.25,75,75,445600
NIFTY-III.NFO,22/07/2024,09:41:19,24751,24750.6,100,24751,25,225,445600
NIFTY-III.NFO,22/07/2024,09:41:21,24751,24750.6,100,24751,25,0,445600
NIFTY-III.NFO,22/07/2024,09:41:22,24751,24745.9,100,24752,100,25,445600
NIFTY-III.NFO,22/07/2024,09:41:24,24744.8,24746.75,250,24752,25,750,445600
NIFTY-III.NFO,22/07/2024,09:41:25,24744.8,24747.55,250,24752,25,0,445600
NIFTY-III.NFO,22/07/2024,09:41:27,24752,24749.65,350,24755,25,25,445600
NIFTY-III.NFO,22/07/2024,09:41:29,24755,24748.1,25,24754.95,200,50,445600
NIFTY-III.NFO,22/07/2024,09:41:30,24750,24748.1,25,24754.95,200,25,445600
NIFTY-III.NFO,22/07/2024,09:41:32,24754.95,24747.55,125,24755.25,200,150,445600
NIFTY-III.NFO,22/07/2024,09:41:34,24746.5,24746.45,125,24754.95,200,150,445600
NIFTY-III.NFO,22/07/2024,09:41:35,24746.5,24747.4,250,24754.95,200,0,445600
NIFTY-III.NFO,22/07/2024,09:41:37,24746.5,24749.1,25,24756,200,0,445600
NIFTY-III.NFO,22/07/2024,09:41:40,24746.5,24747.2,125,24755,200,0,445600
NIFTY-III.NFO,22/07/2024,09:41:42,24746.5,24746.55,125,24755,200,0,445600
NIFTY-III.NFO,22/07/2024,09:41:44,24746.5,24747.2,250,24755,200,0,445600
NIFTY-III.NFO,22/07/2024,09:41:45,24746.5,24748.2,375,24755.8,200,0,445600
NIFTY-III.NFO,22/07/2024,09:41:47,24746.5,24754.95,25,24756.95,200,0,445600
NIFTY-III.NFO,22/07/2024,09:41:50,24746.5,24754.95,25,24757,25,0,445600
NIFTY-III.NFO,22/07/2024,09:41:51,24756.95,24754.95,25,24757,25,125,445600
NIFTY-III.NFO,22/07/2024,09:41:53,24756.95,24754.95,25,24756.95,200,0,445600
NIFTY-III.NFO,22/07/2024,09:41:55,24754,24751,50,24757,25,125,445600
NIFTY-III.NFO,22/07/2024,09:41:56,24751.95,24753.4,25,24756.95,50,25,445600
NIFTY-III.NFO,22/07/2024,09:41:58,24760,24759.05,25,24760,300,925,445600
NIFTY-III.NFO,22/07/2024,09:41:58,24760,24759.05,25,24760,300,0,445600
NIFTY-III.NFO,22/07/2024,09:42:00,24769.5,24759.35,50,24769.5,200,350,445600
NIFTY-III.NFO,22/07/2024,09:42:00,24769.5,24759.35,50,24769.5,200,0,445600
NIFTY-III.NFO,22/07/2024,09:42:01,24756.95,24758.15,100,24768.55,200,50,445600
NIFTY-III.NFO,22/07/2024,09:42:03,24756.95,24758.15,100,24767.85,200,0,445600
NIFTY-III.NFO,22/07/2024,09:42:05,24756.95,24756.2,375,24766.4,200,0,445600
NIFTY-III.NFO,22/07/2024,09:42:06,24756.95,24755.9,50,24765.5,200,0,445600
NIFTY-III.NFO,22/07/2024,09:42:08,24756.95,24755.85,125,24765.5,200,0,445600
NIFTY-III.NFO,22/07/2024,09:42:10,24756.95,24756.25,375,24765.5,200,0,445600
NIFTY-III.NFO,22/07/2024,09:42:11,24756.95,24756.95,50,24765.5,200,0,445600
NIFTY-III.NFO,22/07/2024,09:42:13,24756.95,24756.5,125,24762.65,200,0,445600
NIFTY-III.NFO,22/07/2024,09:42:16,24756.95,24756.5,125,24762.3,200,0,445600
NIFTY-III.NFO,22/07/2024,09:42:20,24756.95,24758.5,125,24762,200,0,445600
NIFTY-III.NFO,22/07/2024,09:42:21,24759.85,24756.45,125,24758.3,200,200,445600
NIFTY-III.NFO,22/07/2024,09:42:23,24759.85,24756.45,125,24760.25,275,0,445600
NIFTY-III.NFO,22/07/2024,09:42:25,24759.85,24756.45,125,24760.9,275,0,445600
NIFTY-III.NFO,22/07/2024,09:42:26,24760.9,24756.45,125,24761.7,200,75,445600
NIFTY-III.NFO,22/07/2024,09:42:28,24760.9,24756.45,125,24760.7,125,0,445600
NIFTY-III.NFO,22/07/2024,09:42:29,24760.9,24756.45,125,24760.1,125,0,445600
NIFTY-III.NFO,22/07/2024,09:42:31,24758,24750.1,200,24759.2,175,50,445600
NIFTY-III.NFO,22/07/2024,09:42:33,24756.5,24756.3,25,24758.5,100,25,445600
NIFTY-III.NFO,22/07/2024,09:42:34,24756.5,24750.55,200,24757.65,100,0,445600
NIFTY-III.NFO,22/07/2024,09:42:36,24757.55,24750.55,200,24757.55,150,25,445600
NIFTY-III.NFO,22/07/2024,09:42:38,24757.55,24756.3,25,24760.2,150,0,444400
NIFTY-III.NFO,22/07/2024,09:42:39,24756.3,24756.3,25,24756.7,150,50,444400
NIFTY-III.NFO,22/07/2024,09:42:41,24756.7,24750,75,24755.25,50,25,444400
NIFTY-III.NFO,22/07/2024,09:42:43,24756.7,24750,175,24755.25,50,0,444400
NIFTY-III.NFO,22/07/2024,09:42:44,24756.7,24750.05,200,24756.65,50,0,444400
NIFTY-III.NFO,22/07/2024,09:42:46,24756.65,24750.05,200,24756.65,25,25,444400
NIFTY-III.NFO,22/07/2024,09:42:48,24756.65,24750.8,200,24759.35,25,0,444400
NIFTY-III.NFO,22/07/2024,09:42:49,24750.25,24750.6,200,24758.95,125,100,444400
NIFTY-III.NFO,22/07/2024,09:42:51,24758.95,24750.1,200,24758.95,100,25,444400
NIFTY-III.NFO,22/07/2024,09:42:53,24758.95,24756,25,24758.95,100,0,444400
NIFTY-III.NFO,22/07/2024,09:42:58,24762.3,24751.4,200,24762.3,100,425,444400
NIFTY-III.NFO,22/07/2024,09:43:00,24762.3,24750.45,200,24759.25,175,0,444400
NIFTY-III.NFO,22/07/2024,09:43:01,24762.3,24750.05,200,24758.1,100,0,444400
NIFTY-III.NFO,22/07/2024,09:43:03,24762.3,24750,150,24756.55,100,0,444400
NIFTY-III.NFO,22/07/2024,09:43:05,24750.05,24750,225,24756.8,100,300,444400
NIFTY-III.NFO,22/07/2024,09:43:06,24750.05,24750,150,24756.35,100,0,444400
NIFTY-III.NFO,22/07/2024,09:43:08,24750,24750,100,24754.85,100,50,444400
NIFTY-III.NFO,22/07/2024,09:43:10,24750,24750,100,24751.8,25,0,444400
NIFTY-III.NFO,22/07/2024,09:43:11,24750,24750,125,24753.45,25,0,444400
NIFTY-III.NFO,22/07/2024,09:43:13,24750,24750,125,24753.4,25,0,444400
NIFTY-III.NFO,22/07/2024,09:43:15,24750,24750,125,24754.65,100,0,444400
NIFTY-III.NFO,22/07/2024,09:43:16,24750,24750,125,24754.4,150,0,444400
NIFTY-III.NFO,22/07/2024,09:43:18,24750,24750,125,24754.35,25,0,444400
NIFTY-III.NFO,22/07/2024,09:43:20,24750,24750,125,24755.15,25,0,444400
NIFTY-III.NFO,22/07/2024,09:43:21,24750,24750,150,24754.4,225,0,444400
NIFTY-III.NFO,22/07/2024,09:43:23,24750,24750,150,24752.85,100,0,444400
NIFTY-III.NFO,22/07/2024,09:43:25,24750,24750,150,24752.6,25,0,444400
NIFTY-III.NFO,22/07/2024,09:43:26,24750,24750,150,24752.15,25,0,444400
NIFTY-III.NFO,22/07/2024,09:43:28,24750,24750,150,24752.6,100,0,444400
NIFTY-III.NFO,22/07/2024,09:43:30,24750,24745,50,24750.1,100,150,444400
NIFTY-III.NFO,22/07/2024,09:43:31,24750,24745,50,24748.3,25,25,444400
NIFTY-III.NFO,22/07/2024,09:43:33,24750,24745,50,24747.35,25,0,444400
NIFTY-III.NFO,22/07/2024,09:43:35,24744.8,24742,25,24746.8,25,75,444400
NIFTY-III.NFO,22/07/2024,09:43:36,24746.8,24742,25,24747.55,100,25,444400
NIFTY-III.NFO,22/07/2024,09:43:38,24746.8,24742,100,24747.55,100,0,444400
NIFTY-III.NFO,22/07/2024,09:43:40,24746.8,24742.05,275,24748.45,50,0,444400
NIFTY-III.NFO,22/07/2024,09:43:41,24746.8,24742,25,24746.65,125,0,444400
NIFTY-III.NFO,22/07/2024,09:43:43,24746.8,24742,25,24746.2,25,0,444400
NIFTY-III.NFO,22/07/2024,09:43:45,24746.8,24742,100,24747.7,75,0,444400
NIFTY-III.NFO,22/07/2024,09:43:46,24746.8,24742,25,24745.9,100,0,444400
NIFTY-III.NFO,22/07/2024,09:43:48,24746.8,24742,25,24745.75,75,0,444400
NIFTY-III.NFO,22/07/2024,09:43:50,24746.8,24742,25,24744.6,200,0,444400
NIFTY-III.NFO,22/07/2024,09:43:51,24746.8,24742,25,24744.45,25,0,444400
NIFTY-III.NFO,22/07/2024,09:43:53,24746.8,24742,25,24744.7,25,0,444400
NIFTY-III.NFO,22/07/2024,09:43:54,24746.8,24742,25,24745.45,75,0,444400
NIFTY-III.NFO,22/07/2024,09:43:56,24746.8,24742,25,24743.95,75,0,444400
NIFTY-III.NFO,22/07/2024,09:43:58,24746.8,24740,25,24743.9,200,0,444400
NIFTY-III.NFO,22/07/2024,09:43:59,24740,24732.6,200,24739.8,75,25,444400
NIFTY-III.NFO,22/07/2024,09:44:01,24740,24733.3,200,24741.75,75,0,444400
NIFTY-III.NFO,22/07/2024,09:44:02,24733.3,24736.05,200,24743.8,150,150,444400
NIFTY-III.NFO,22/07/2024,09:44:04,24744,24736.15,275,24744,125,25,444400
NIFTY-III.NFO,22/07/2024,09:44:06,24745.7,24736.15,275,24746.1,125,25,444400
NIFTY-III.NFO,22/07/2024,09:44:07,24745.7,24736.15,275,24745.4,125,0,444400
NIFTY-III.NFO,22/07/2024,09:44:11,24745.7,24736.25,200,24745.5,125,0,444400
NIFTY-III.NFO,22/07/2024,09:44:12,24745.7,24736.45,275,24745.5,125,0,444400
NIFTY-III.NFO,22/07/2024,09:44:14,24745.7,24740,25,24743.75,125,0,444400
NIFTY-III.NFO,22/07/2024,09:44:16,24745.7,24740,25,24741.6,200,0,444400
NIFTY-III.NFO,22/07/2024,09:44:17,24740,24736,25,24739.05,125,25,444400
NIFTY-III.NFO,22/07/2024,09:44:19,24740,24736,25,24739.3,175,25,444400
NIFTY-III.NFO,22/07/2024,09:44:21,24738.85,24732.45,200,24740.5,200,75,444400
NIFTY-III.NFO,22/07/2024,09:44:22,24738.85,24732,200,24739.1,125,0,444400
NIFTY-III.NFO,22/07/2024,09:44:24,24738.85,24730.45,200,24738.85,125,0,444400
NIFTY-III.NFO,22/07/2024,09:44:26,24738.85,24731.15,275,24739.75,125,0,444400
NIFTY-III.NFO,22/07/2024,09:44:27,24738.85,24732.65,200,24739.95,125,0,444400
NIFTY-III.NFO,22/07/2024,09:44:29,24738.85,24734.5,200,24738.85,25,0,444400
NIFTY-III.NFO,22/07/2024,09:44:31,24740,24737.15,275,24743.4,100,50,444400
NIFTY-III.NFO,22/07/2024,09:44:32,24740,24737.2,200,24743.4,175,0,444400
NIFTY-III.NFO,22/07/2024,09:44:34,24740,24740.45,200,24743.4,100,0,444400
NIFTY-III.NFO,22/07/2024,09:44:36,24740,24740.6,200,24743.4,100,0,444400
NIFTY-III.NFO,22/07/2024,09:44:37,24740,24740.7,275,24743.4,100,0,444400
NIFTY-III.NFO,22/07/2024,09:44:39,24740,24741.6,200,24743.4,100,0,444400
NIFTY-III.NFO,22/07/2024,09:44:41,24740,24740.7,200,24743.4,100,0,444400
NIFTY-III.NFO,22/07/2024,09:44:42,24740,24741.5,200,24743.4,100,0,444400
NIFTY-III.NFO,22/07/2024,09:44:44,24749.95,24743.45,200,24749.85,125,225,444400
NIFTY-III.NFO,22/07/2024,09:44:46,24749.95,24745.1,275,24749.9,25,0,444400
NIFTY-III.NFO,22/07/2024,09:44:47,24749.95,24745,200,24749.9,25,0,444400
NIFTY-III.NFO,22/07/2024,09:44:49,24749.95,24746.4,275,24749.95,25,0,444400
NIFTY-III.NFO,22/07/2024,09:44:51,24749.95,24743.35,225,24749.9,125,0,444400
NIFTY-III.NFO,22/07/2024,09:44:52,24749.95,24747.7,275,24750,125,0,444400
NIFTY-III.NFO,22/07/2024,09:44:54,24749.95,24749.95,25,24750,125,0,444400
NIFTY-III.NFO,22/07/2024,09:44:59,24750,24750,275,24755,25,125,444400
NIFTY-III.NFO,22/07/2024,09:45:00,24750,24750,250,24754.95,200,50,444400
NIFTY-III.NFO,22/07/2024,09:45:02,24750,24750,25,24753.65,200,0,444400
NIFTY-III.NFO,22/07/2024,09:45:04,24750,24750,25,24754.85,275,0,444400
NIFTY-III.NFO,22/07/2024,09:45:05,24750,24750.05,250,24754.85,200,0,444400
NIFTY-III.NFO,22/07/2024,09:45:07,24754.85,24750.05,275,24755,25,25,444400
NIFTY-III.NFO,22/07/2024,09:45:09,24754.85,24751.5,200,24755,25,0,444400
NIFTY-III.NFO,22/07/2024,09:45:10,24754.85,24753.05,200,24755,25,0,444400
NIFTY-III.NFO,22/07/2024,09:45:12,24754.85,24752.15,200,24755,25,0,444400
NIFTY-III.NFO,22/07/2024,09:45:14,24754.85,24751.1,200,24755,25,0,444400
NIFTY-III.NFO,22/07/2024,09:45:15,24754.85,24751.6,275,24755,25,0,444400
NIFTY-III.NFO,22/07/2024,09:45:17,24757.2,24752.95,200,24759.95,100,200,444400
NIFTY-III.NFO,22/07/2024,09:45:19,24757.2,24753.1,200,24759.85,100,0,444400
NIFTY-III.NFO,22/07/2024,09:45:20,24759.85,24753.2,275,24759.9,100,25,444400
NIFTY-III.NFO,22/07/2024,09:45:22,24753.25,24753.9,200,24759.85,25,25,444400
NIFTY-III.NFO,22/07/2024,09:45:24,24753.25,24754,275,24759.85,100,0,444400
NIFTY-III.NFO,22/07/2024,09:45:25,24753.25,24752.95,200,24759.85,100,0,444400
NIFTY-III.NFO,22/07/2024,09:45:27,24753.25,24750.8,200,24758.55,100,0,444400
NIFTY-III.NFO,22/07/2024,09:45:29,24753.25,24750,25,24754.15,25,0,444400
NIFTY-III.NFO,22/07/2024,09:45:31,24753.25,24750,25,24753.55,100,0,444400
NIFTY-III.NFO,22/07/2024,09:45:32,24753.25,24750,25,24754.15,100,0,444400
NIFTY-III.NFO,22/07/2024,09:45:34,24753.25,24750,25,24754.95,100,0,444400
NIFTY-III.NFO,22/07/2024,09:45:36,24753.25,24750.05,275,24754.95,25,0,444400
NIFTY-III.NFO,22/07/2024,09:45:37,24753.25,24750,25,24754.95,100,0,444400
NIFTY-III.NFO,22/07/2024,09:45:39,24753.25,24750,25,24754.45,100,0,444400
NIFTY-III.NFO,22/07/2024,09:45:41,24753.25,24750,25,24753.25,25,0,444400
NIFTY-III.NFO,22/07/2024,09:45:42,24753.25,24750.05,275,24753.25,25,0,444400
NIFTY-III.NFO,22/07/2024,09:45:44,24753.25,24750.05,200,24753.25,25,0,444400
NIFTY-III.NFO,22/07/2024,09:45:45,24753.25,24750.05,275,24753.25,25,0,444400
NIFTY-III.NFO,22/07/2024,09:45:47,24753.25,24750,25,24754.95,100,25,443975
NIFTY-III.NFO,22/07/2024,09:45:49,24753.25,24750.05,275,24755,25,0,443975
NIFTY-III.NFO,22/07/2024,09:45:50,24753.25,24751.85,275,24755,25,0,443975
NIFTY-III.NFO,22/07/2024,09:45:52,24753.25,24750.15,200,24755,25,0,443975
NIFTY-III.NFO,22/07/2024,09:45:54,24753.25,24751.5,275,24755,25,0,443975
NIFTY-III.NFO,22/07/2024,09:45:55,24755,24751.35,200,24757.95,100,25,443975
NIFTY-III.NFO,22/07/2024,09:45:57,24755,24751.35,200,24757.95,100,0,443975
NIFTY-III.NFO,22/07/2024,09:45:59,24755,24750.85,200,24755,25,0,443975
NIFTY-III.NFO,22/07/2024,09:46:00,24751.75,24752.1,275,24755,25,100,443975
NIFTY-III.NFO,22/07/2024,09:46:02,24751.75,24750.85,200,24755,25,0,443975
NIFTY-III.NFO,22/07/2024,09:46:03,24750.85,24750.1,175,24755,100,100,443975
NIFTY-III.NFO,22/07/2024,09:46:05,24750.85,24750.1,175,24755,100,0,443975
NIFTY-III.NFO,22/07/2024,09:46:07,24750.85,24751.3,250,24755,25,0,443975
NIFTY-III.NFO,22/07/2024,09:46:08,24750.85,24750.7,175,24755,75,0,443975
NIFTY-III.NFO,22/07/2024,09:46:10,24750.85,24752.1,175,24755,75,0,443975
NIFTY-III.NFO,22/07/2024,09:46:12,24750.85,24751.15,250,24755,75,0,443975
NIFTY-III.NFO,22/07/2024,09:46:13,24750.85,24751.4,250,24755,75,0,443975
NIFTY-III.NFO,22/07/2024,09:46:15,24755,24751.25,175,24755,50,25,443975
NIFTY-III.NFO,22/07/2024,09:46:17,24751.25,24750.45,150,24755,50,25,443975
NIFTY-III.NFO,22/07/2024,09:46:18,24751.25,24753.05,150,24755,50,0,443975
NIFTY-III.NFO,22/07/2024,09:46:20,24753.15,24752.8,125,24755,50,25,443975
NIFTY-III.NFO,22/07/2024,09:46:22,24753.15,24751.7,125,24755,50,0,443975
NIFTY-III.NFO,22/07/2024,09:46:23,24753.15,24752.3,125,24755,50,0,443975
NIFTY-III.NFO,22/07/2024,09:46:25,24753.15,24753.3,125,24755,50,0,443975
NIFTY-III.NFO,22/07/2024,09:46:26,24753.15,24753.7,125,24755,50,0,443975
NIFTY-III.NFO,22/07/2024,09:46:28,24755,24754.6,125,24760,25,50,443975
NIFTY-III.NFO,22/07/2024,09:46:30,24755,24756.3,125,24760,25,0,443975
NIFTY-III.NFO,22/07/2024,09:46:31,24754.55,24752.55,125,24759.95,275,150,443975
NIFTY-III.NFO,22/07/2024,09:46:33,24754.55,24752.55,125,24759.85,200,0,443975
NIFTY-III.NFO,22/07/2024,09:46:35,24754.55,24752.55,200,24759.15,275,0,443975
NIFTY-III.NFO,22/07/2024,09:46:36,24754.55,24752.55,200,24759.75,200,0,443975
NIFTY-III.NFO,22/07/2024,09:46:39,24754.55,24753.25,200,24760,25,50,443975
NIFTY-III.NFO,22/07/2024,09:46:41,24754.55,24753.3,125,24759.95,275,0,443975
NIFTY-III.NFO,22/07/2024,09:46:43,24754.55,24752,125,24759.95,525,0,443975
NIFTY-III.NFO,22/07/2024,09:46:44,24754.55,24750.15,75,24758.5,200,0,443975
NIFTY-III.NFO,22/07/2024,09:46:48,24754.55,24754.55,25,24758.5,200,0,443975
NIFTY-III.NFO,22/07/2024,09:46:49,24754.55,24754.55,100,24759.95,200,0,443975
NIFTY-III.NFO,22/07/2024,09:46:52,24754.55,24754.55,100,24759.95,275,0,443975
NIFTY-III.NFO,22/07/2024,09:46:54,24754.55,24754.55,25,24759.95,275,0,443975
NIFTY-III.NFO,22/07/2024,09:46:56,24754.55,24754.55,100,24759.95,275,0,443975
NIFTY-III.NFO,22/07/2024,09:46:57,24754.55,24754.55,100,24760,25,0,443975
NIFTY-III.NFO,22/07/2024,09:47:01,24754.55,24754.55,25,24759.95,275,0,443975
NIFTY-III.NFO,22/07/2024,09:47:02,24754.55,24750.4,175,24754.55,25,25,443975
NIFTY-III.NFO,22/07/2024,09:47:04,24754.55,24750,50,24754.5,275,0,443975
NIFTY-III.NFO,22/07/2024,09:47:07,24754.55,24750,25,24754.5,275,0,443975
NIFTY-III.NFO,22/07/2024,09:47:14,24750,24749.95,25,24753.55,200,25,443975
NIFTY-III.NFO,22/07/2024,09:47:16,24750,24749.95,25,24753.55,200,0,443975
NIFTY-III.NFO,22/07/2024,09:47:17,24749.95,24746.4,75,24754.15,200,50,443975
NIFTY-III.NFO,22/07/2024,09:47:19,24749.95,24745.05,100,24751.1,200,0,443975
NIFTY-III.NFO,22/07/2024,09:47:21,24749.95,24745,75,24750.75,200,0,443975
NIFTY-III.NFO,22/07/2024,09:47:22,24745.05,24745,75,24750.75,200,25,443975
NIFTY-III.NFO,22/07/2024,09:47:24,24745.05,24745,75,24750.75,200,0,443975
NIFTY-III.NFO,22/07/2024,09:47:26,24745.05,24745,125,24750.75,200,0,443975
NIFTY-III.NFO,22/07/2024,09:47:27,24745.05,24745,50,24750.35,275,0,443975
NIFTY-III.NFO,22/07/2024,09:47:29,24745.05,24745,50,24749.65,200,0,443975
NIFTY-III.NFO,22/07/2024,09:47:31,24745,24745,25,24749.65,200,25,443975
NIFTY-III.NFO,22/07/2024,09:47:32,24745,24745,25,24749.35,200,0,443975
NIFTY-III.NFO,22/07/2024,09:47:34,24745,24745,100,24751.25,200,0,443975
NIFTY-III.NFO,22/07/2024,09:47:36,24745,24745,25,24750.7,200,0,443975
NIFTY-III.NFO,22/07/2024,09:47:37,24750.25,24745,25,24750.25,200,125,443975
NIFTY-III.NFO,22/07/2024,09:47:39,24745.05,24745,100,24750.25,200,50,443975
NIFTY-III.NFO,22/07/2024,09:47:41,24745.05,24745,100,24751.45,200,0,443975
NIFTY-III.NFO,22/07/2024,09:47:42,24745.05,24745.05,100,24751.45,200,0,443975
NIFTY-III.NFO,22/07/2024,09:47:44,24745.05,24745.05,100,24750,25,0,443975
NIFTY-III.NFO,22/07/2024,09:47:46,24745.05,24745.75,75,24750,25,0,443975
NIFTY-III.NFO,22/07/2024,09:47:47,24759.45,24749,25,24758.85,200,175,443975
NIFTY-III.NFO,22/07/2024,09:47:49,24759.45,24749.8,25,24757.75,200,0,443975
NIFTY-III.NFO,22/07/2024,09:47:51,24759.45,24751.1,25,24758.85,200,0,443975
NIFTY-III.NFO,22/07/2024,09:47:52,24759.45,24747.5,25,24756.3,275,0,443975
NIFTY-III.NFO,22/07/2024,09:47:54,24759.45,24747.65,25,24755.5,200,0,443975
NIFTY-III.NFO,22/07/2024,09:47:56,24759.45,24746.3,25,24754.7,200,0,443975
NIFTY-III.NFO,22/07/2024,09:47:57,24759.45,24745.4,25,24753.6,200,0,443975
NIFTY-III.NFO,22/07/2024,09:47:59,24759.45,24746.7,25,24753.5,200,0,443975
NIFTY-III.NFO,22/07/2024,09:48:02,24759.45,24747.65,25,24753.65,25,0,443975
NIFTY-III.NFO,22/07/2024,09:48:04,24759.45,24746.45,25,24753.45,200,0,443975
NIFTY-III.NFO,22/07/2024,09:48:06,24746.45,24745.35,75,24753.45,200,25,443975
NIFTY-III.NFO,22/07/2024,09:48:07,24746.45,24745.35,200,24753.45,200,0,443975
NIFTY-III.NFO,22/07/2024,09:48:09,24746.45,24746.9,200,24753.5,25,0,443975
NIFTY-III.NFO,22/07/2024,09:48:11,24746.45,24748.4,75,24753.5,25,0,443975
NIFTY-III.NFO,22/07/2024,09:48:12,24746.45,24746.9,75,24753.45,200,0,443975
NIFTY-III.NFO,22/07/2024,09:48:14,24746.45,24747.9,175,24753.5,100,0,443975
NIFTY-III.NFO,22/07/2024,09:48:16,24747.15,24747.75,175,24753.55,100,25,443975
NIFTY-III.NFO,22/07/2024,09:48:17,24747.15,24748.45,75,24755.1,200,0,443975
NIFTY-III.NFO,22/07/2024,09:48:19,24747.15,24750.8,175,24757.4,200,0,443975
NIFTY-III.NFO,22/07/2024,09:48:20,24747.15,24750.8,75,24757.85,200,0,443975
NIFTY-III.NFO,22/07/2024,09:48:22,24747.8,24747.15,50,24755.05,200,100,443975
NIFTY-III.NFO,22/07/2024,09:48:24,24747.15,24747.15,100,24755.05,200,50,443975
NIFTY-III.NFO,22/07/2024,09:48:25,24747.15,24750.25,175,24757.1,200,0,443975
NIFTY-III.NFO,22/07/2024,09:48:27,24747.15,24751.55,75,24755,25,0,443975
NIFTY-III.NFO,22/07/2024,09:48:29,24747.15,24750.9,75,24755,25,0,443975
NIFTY-III.NFO,22/07/2024,09:48:30,24747.15,24751.85,100,24755,25,0,443975
NIFTY-III.NFO,22/07/2024,09:48:32,24747.15,24751.4,175,24755,25,0,443975
NIFTY-III.NFO,22/07/2024,09:48:34,24747.15,24748.6,75,24754.95,275,0,443975
NIFTY-III.NFO,22/07/2024,09:48:35,24747.15,24749.55,25,24750,25,0,443975
NIFTY-III.NFO,22/07/2024,09:48:37,24750,24750,150,24755,25,25,443975
NIFTY-III.NFO,22/07/2024,09:48:39,24750,24751.05,150,24755,25,0,443975
NIFTY-III.NFO,22/07/2024,09:48:40,24750,24752.3,150,24755,25,0,443975
NIFTY-III.NFO,22/07/2024,09:48:42,24750,24753.3,150,24755,25,0,443975
NIFTY-III.NFO,22/07/2024,09:48:44,24755,24754.7,75,24757.85,25,25,443975
NIFTY-III.NFO,22/07/2024,09:48:45,24755,24753.5,75,24758.15,125,0,443975
NIFTY-III.NFO,22/07/2024,09:48:47,24755,24751.25,150,24756.9,200,0,443975
NIFTY-III.NFO,22/07/2024,09:48:49,24755,24752.05,150,24757.45,200,0,443975
NIFTY-III.NFO,22/07/2024,09:48:50,24755,24752.7,150,24758.4,275,0,443975
NIFTY-III.NFO,22/07/2024,09:48:52,24755,24753.7,75,24755,75,0,443975
NIFTY-III.NFO,22/07/2024,09:48:54,24755,24753.5,75,24755,75,0,443975
NIFTY-III.NFO,22/07/2024,09:48:55,24755,24753.1,75,24755,75,0,443975
NIFTY-III.NFO,22/07/2024,09:48:57,24755,24753.8,75,24755,75,0,443975
NIFTY-III.NFO,22/07/2024,09:48:59,24755,24753.75,75,24755,100,0,443975
NIFTY-III.NFO,22/07/2024,09:49:00,24753.75,24753.15,75,24755,100,25,443975
NIFTY-III.NFO,22/07/2024,09:49:02,24753.75,24751.85,75,24755,100,0,443975
NIFTY-III.NFO,22/07/2024,09:49:04,24755,24751.85,175,24755,75,25,443975
NIFTY-III.NFO,22/07/2024,09:49:05,24751.7,24754.15,175,24755,75,200,443975
NIFTY-III.NFO,22/07/2024,09:49:07,24751.7,24754.15,100,24755,75,0,443975
NIFTY-III.NFO,22/07/2024,09:49:09,24755,24754.25,100,24755,25,50,443975
NIFTY-III.NFO,22/07/2024,09:49:10,24755,24755.15,75,24759,50,25,443975
NIFTY-III.NFO,22/07/2024,09:49:12,24755,24754.9,175,24759,50,0,443975
NIFTY-III.NFO,22/07/2024,09:49:14,24755,24755.1,175,24759,50,0,443975
NIFTY-III.NFO,22/07/2024,09:49:15,24755,24756.55,375,24759,50,0,443975
NIFTY-III.NFO,22/07/2024,09:49:17,24758.3,24758.25,200,24759,50,150,443975
NIFTY-III.NFO,22/07/2024,09:49:18,24759.45,24758.9,200,24764.95,275,75,443975
NIFTY-III.NFO,22/07/2024,09:49:20,24759.45,24757,50,24764,200,0,443975
NIFTY-III.NFO,22/07/2024,09:49:22,24759.45,24757.75,75,24764.9,200,0,443975
NIFTY-III.NFO,22/07/2024,09:49:23,24759.45,24756.95,75,24764.25,200,0,443975
NIFTY-III.NFO,22/07/2024,09:49:25,24759.45,24755,100,24762.95,200,0,443975
NIFTY-III.NFO,22/07/2024,09:49:27,24759.45,24755,25,24760.7,200,0,443975
NIFTY-III.NFO,22/07/2024,09:49:28,24759.45,24755,25,24759.25,200,0,443975
NIFTY-III.NFO,22/07/2024,09:49:32,24759.25,24755,25,24756.95,200,25,443975
NIFTY-III.NFO,22/07/2024,09:49:33,24759.25,24755,25,24757.1,200,0,443975
NIFTY-III.NFO,22/07/2024,09:49:35,24759.25,24755,25,24757.45,200,0,443975
NIFTY-III.NFO,22/07/2024,09:49:37,24759.25,24756,25,24758.65,200,0,443975
NIFTY-III.NFO,22/07/2024,09:49:38,24759.25,24756,25,24757.95,275,0,443975
NIFTY-III.NFO,22/07/2024,09:49:42,24759.25,24752,100,24758.95,275,0,443975
NIFTY-III.NFO,22/07/2024,09:49:43,24759.25,24752,25,24757.6,200,0,443975
NIFTY-III.NFO,22/07/2024,09:49:45,24759.25,24752,25,24757,200,0,443975
NIFTY-III.NFO,22/07/2024,09:49:49,24759.25,24752.05,100,24756,25,0,443975
NIFTY-III.NFO,22/07/2024,09:49:50,24759.25,24752.05,25,24756,25,0,443975
NIFTY-III.NFO,22/07/2024,09:49:52,24759.25,24752,25,24756,25,0,443975
NIFTY-III.NFO,22/07/2024,09:49:55,24759.25,24752.05,25,24756,25,0,443975
NIFTY-III.NFO,22/07/2024,09:49:57,24759.25,24752.05,100,24756,25,0,443975
NIFTY-III.NFO,22/07/2024,09:50:02,24759.25,24754.35,100,24756,25,0,443975
NIFTY-III.NFO,22/07/2024,09:50:03,24759.25,24752.85,25,24756,25,0,443975
NIFTY-III.NFO,22/07/2024,09:50:05,24759.25,24752.65,25,24756,25,0,443975
NIFTY-III.NFO,22/07/2024,09:50:06,24759.25,24753.95,25,24756,25,0,443975
NIFTY-III.NFO,22/07/2024,09:50:08,24759.25,24752.95,25,24756,25,0,443975
NIFTY-III.NFO,22/07/2024,09:50:10,24759.25,24753.75,125,24756,25,0,443975
NIFTY-III.NFO,22/07/2024,09:50:11,24759.25,24753.9,25,24756,25,0,443975
NIFTY-III.NFO,22/07/2024,09:50:13,24759.25,24752.9,100,24756,25,0,443975
NIFTY-III.NFO,22/07/2024,09:50:15,24759.25,24752,25,24755.95,200,0,443975
NIFTY-III.NFO,22/07/2024,09:50:16,24759.25,24752,25,24755.35,200,0,443975
NIFTY-III.NFO,22/07/2024,09:50:20,24759.25,24752,25,24753.1,200,0,443975
NIFTY-III.NFO,22/07/2024,09:50:21,24753.75,24752,25,24752.55,50,25,443975
NIFTY-III.NFO,22/07/2024,09:50:23,24753.75,24752,25,24753.3,200,0,443975
NIFTY-III.NFO,22/07/2024,09:50:25,24753.75,24752,25,24754,50,0,443975
NIFTY-III.NFO,22/07/2024,09:50:26,24753.75,24752,25,24753.95,275,0,443975
NIFTY-III.NFO,22/07/2024,09:50:28,24753.75,24752,25,24753,275,0,443975
NIFTY-III.NFO,22/07/2024,09:50:29,24752,24751.35,25,24752.55,275,25,443975
NIFTY-III.NFO,22/07/2024,09:50:31,24752.35,24750,25,24750.7,200,75,443975
NIFTY-III.NFO,22/07/2024,09:50:33,24752.35,24750,25,24751.95,200,0,443975
NIFTY-III.NFO,22/07/2024,09:50:38,24752.35,24750,25,24752,100,0,443975
NIFTY-III.NFO,22/07/2024,09:50:41,24752.35,24750.05,100,24752,100,0,443975
NIFTY-III.NFO,22/07/2024,09:50:42,24752.35,24750,25,24752,100,0,443975
NIFTY-III.NFO,22/07/2024,09:50:44,24752.35,24750.05,175,24752,100,0,443975
NIFTY-III.NFO,22/07/2024,09:50:46,24752.35,24751.2,150,24752,100,0,443975
NIFTY-III.NFO,22/07/2024,09:50:47,24752.35,24750.2,100,24752,100,0,443975
NIFTY-III.NFO,22/07/2024,09:50:49,24752.35,24750.9,100,24752,100,0,443975
NIFTY-III.NFO,22/07/2024,09:50:51,24752,24751.55,100,24752,50,50,443975
NIFTY-III.NFO,22/07/2024,09:50:52,24752,24751.3,50,24753.75,50,50,443975
NIFTY-III.NFO,22/07/2024,09:50:54,24752,24751.45,50,24753.75,50,0,443975
NIFTY-III.NFO,22/07/2024,09:50:55,24752,24750.05,50,24753.75,50,0,443975
NIFTY-III.NFO,22/07/2024,09:50:57,24752,24750,25,24753.7,275,0,443975
NIFTY-III.NFO,22/07/2024,09:50:59,24752,24753.5,50,24753.75,50,0,443975
NIFTY-III.NFO,22/07/2024,09:51:00,24753.75,24754.35,50,24756,25,50,443975
NIFTY-III.NFO,22/07/2024,09:51:02,24753.75,24754.95,50,24756,25,0,443975
NIFTY-III.NFO,22/07/2024,09:51:04,24757.25,24757.25,25,24759.25,25,50,443975
NIFTY-III.NFO,22/07/2024,09:51:05,24757.3,24757.25,75,24759.25,25,25,443975
NIFTY-III.NFO,22/07/2024,09:51:07,24757.3,24756.45,75,24759.25,25,0,443975
NIFTY-III.NFO,22/07/2024,09:51:09,24756.85,24756.4,450,24759.25,25,275,443975
NIFTY-III.NFO,22/07/2024,09:51:10,24756.85,24757.35,375,24759.25,25,0,443975
NIFTY-III.NFO,22/07/2024,09:51:12,24756.85,24756,375,24759.25,25,0,443975
NIFTY-III.NFO,22/07/2024,09:51:14,24756.85,24755.2,375,24759.25,25,0,443975
NIFTY-III.NFO,22/07/2024,09:51:15,24756.85,24756.15,575,24759.25,25,0,443975
NIFTY-III.NFO,22/07/2024,09:51:17,24756.85,24756.95,375,24759.25,25,0,443975
NIFTY-III.NFO,22/07/2024,09:51:19,24756.85,24757.2,375,24759.25,25,0,443975
NIFTY-III.NFO,22/07/2024,09:51:20,24756.85,24756.4,450,24759.25,25,0,443975
NIFTY-III.NFO,22/07/2024,09:51:22,24756.85,24756.2,375,24759.25,25,0,443975
NIFTY-III.NFO,22/07/2024,09:51:24,24756.85,24756.2,450,24759.25,25,0,443975
NIFTY-III.NFO,22/07/2024,09:51:27,24756.85,24757.4,375,24759.25,25,0,443975
NIFTY-III.NFO,22/07/2024,09:51:29,24757.9,24757.75,375,24759.25,25,250,443975
NIFTY-III.NFO,22/07/2024,09:51:30,24757.9,24757.1,125,24759.25,25,0,443975
NIFTY-III.NFO,22/07/2024,09:51:32,24757.9,24757.25,375,24759.25,25,0,443975
NIFTY-III.NFO,22/07/2024,09:51:33,24759.25,24758.35,375,24759.9,25,25,443975
NIFTY-III.NFO,22/07/2024,09:51:35,24759.45,24759.4,375,24759.9,25,25,443975
NIFTY-III.NFO,22/07/2024,09:51:37,24759.45,24759.4,375,24759.9,25,0,443975
NIFTY-III.NFO,22/07/2024,09:51:38,24759.45,24758.65,375,24759.9,25,0,443975
NIFTY-III.NFO,22/07/2024,09:51:40,24759.45,24759.25,50,24759.9,25,0,443975
NIFTY-III.NFO,22/07/2024,09:51:43,24759.45,24759.45,25,24759.95,200,0,443975
NIFTY-III.NFO,22/07/2024,09:51:45,24759.9,24753.95,275,24759.85,200,325,443600
NIFTY-III.NFO,22/07/2024,09:51:48,24759.9,24753.7,275,24759.9,275,0,443600
NIFTY-III.NFO,22/07/2024,09:51:50,24759.9,24754.5,275,24759.9,275,0,443600
NIFTY-III.NFO,22/07/2024,09:51:51,24759.9,24753.45,75,24759.9,275,0,443600
NIFTY-III.NFO,22/07/2024,09:51:53,24759.4,24754.25,275,24759.7,200,125,443600
NIFTY-III.NFO,22/07/2024,09:51:55,24759.7,24753.5,275,24759.7,175,25,443600
NIFTY-III.NFO,22/07/2024,09:51:56,24759.7,24753.55,200,24759.9,250,0,443600
NIFTY-III.NFO,22/07/2024,09:51:58,24759.7,24753.5,375,24759.9,250,0,443600
NIFTY-III.NFO,22/07/2024,09:52:00,24759.7,24752.35,175,24759.25,175,0,443600
NIFTY-III.NFO,22/07/2024,09:52:01,24759.7,24752.35,100,24757.9,175,0,443600
NIFTY-III.NFO,22/07/2024,09:52:07,24759.7,24752.35,175,24758.6,175,0,443600
NIFTY-III.NFO,22/07/2024,09:52:08,24759.7,24752.35,175,24758.25,175,0,443600
NIFTY-III.NFO,22/07/2024,09:52:10,24759.7,24752.35,100,24757.7,175,0,443600
NIFTY-III.NFO,22/07/2024,09:52:12,24759.7,24752.4,200,24758.6,175,0,443600
NIFTY-III.NFO,22/07/2024,09:52:13,24759.7,24752.35,100,24757.6,175,0,443600
NIFTY-III.NFO,22/07/2024,09:52:15,24759.7,24752.4,200,24758.75,175,0,443600
NIFTY-III.NFO,22/07/2024,09:52:17,24759.7,24752.35,175,24757.75,175,0,443600
NIFTY-III.NFO,22/07/2024,09:52:18,24759.7,24752.55,275,24759.25,175,0,443600
NIFTY-III.NFO,22/07/2024,09:52:20,24759.7,24752.35,100,24758.2,175,0,443600
NIFTY-III.NFO,22/07/2024,09:52:22,24759.7,24752.4,275,24758.2,175,0,443600
NIFTY-III.NFO,22/07/2024,09:52:23,24758.5,24752.8,275,24759.45,175,75,443600
NIFTY-III.NFO,22/07/2024,09:52:25,24758.5,24757.25,200,24758,25,0,443600
NIFTY-III.NFO,22/07/2024,09:52:27,24758,24758.15,200,24759.5,25,25,443600
NIFTY-III.NFO,22/07/2024,09:52:28,24759.5,24759.55,200,24759.95,200,25,443600
NIFTY-III.NFO,22/07/2024,09:52:30,24760,24759.9,200,24762,50,225,443600
NIFTY-III.NFO,22/07/2024,09:52:32,24762,24761.6,200,24765,100,50,443600
NIFTY-III.NFO,22/07/2024,09:52:33,24762,24761.75,200,24765,100,0,443600
NIFTY-III.NFO,22/07/2024,09:52:35,24762,24763.25,200,24765,100,0,443600
NIFTY-III.NFO,22/07/2024,09:52:37,24762,24762.55,200,24765,75,0,443600
NIFTY-III.NFO,22/07/2024,09:52:38,24765,24764.15,200,24765,25,50,443600
NIFTY-III.NFO,22/07/2024,09:52:40,24765,24764,275,24768.45,75,25,443600
NIFTY-III.NFO,22/07/2024,09:52:42,24765,24760.75,275,24767.55,100,0,443600
NIFTY-III.NFO,22/07/2024,09:52:43,24765,24761.65,200,24767.6,75,0,443600
NIFTY-III.NFO,22/07/2024,09:52:45,24765,24761.65,200,24767.6,150,0,443600
NIFTY-III.NFO,22/07/2024,09:52:47,24765,24760.95,200,24767.5,100,0,443600
NIFTY-III.NFO,22/07/2024,09:52:48,24765,24760.05,275,24767.5,100,0,443600
NIFTY-III.NFO,22/07/2024,09:52:50,24765,24760.85,200,24766.95,150,0,443600
NIFTY-III.NFO,22/07/2024,09:52:52,24765,24765,25,24767.5,75,0,443600
NIFTY-III.NFO,22/07/2024,09:52:53,24765,24765,25,24767.45,100,0,443600
NIFTY-III.NFO,22/07/2024,09:52:55,24765,24765,25,24767.5,75,0,443600
NIFTY-III.NFO,22/07/2024,09:52:56,24765,24765,25,24767.45,175,0,443600
NIFTY-III.NFO,22/07/2024,09:52:58,24765,24765,25,24766.05,100,0,443600
