Ticker,Date,Time,LTP,BuyPrice,BuyQty,SellPrice,SellQty,LTQ,OpenInterest
BANKNIFTY-II.NFO,26/08/2024,09:15:00,51390,51342.4,60,51389.95,60,195,777315
BANKNIFTY-II.NFO,26/08/2024,09:15:00,51390,51342.4,60,51389.95,60,0,777315
BANKNIFTY-II.NFO,26/08/2024,09:15:00,51390,51342.4,60,51389.95,60,0,777315
BANKNIFTY-II.NFO,26/08/2024,09:15:00,51389.95,51342.4,60,51389.95,60,0,777315
BANKNIFTY-II.NFO,26/08/2024,09:15:01,51372,51356.35,60,51388.3,60,210,777315
BANKNIFTY-II.NFO,26/08/2024,09:15:01,51356.4,51356.35,60,51388.3,60,0,777315
BANKNIFTY-II.NFO,26/08/2024,09:15:02,51354,51341.2,60,51360,15,150,777315
BANKNIFTY-II.NFO,26/08/2024,09:15:02,51354,51341.2,60,51360,15,0,777315
BANKNIFTY-II.NFO,26/08/2024,09:15:04,51352.7,51352.7,30,51371.3,105,360,777315
BANKNIFTY-II.NFO,26/08/2024,09:15:04,51336,51352.7,30,51371.3,105,0,777315
BANKNIFTY-II.NFO,26/08/2024,09:15:05,51371.8,51357,60,51389.95,15,1125,777315
BANKNIFTY-II.NFO,26/08/2024,09:15:07,51375.65,51375.65,15,51389.95,60,165,777315
BANKNIFTY-II.NFO,26/08/2024,09:15:08,51387.75,51364.95,15,51391.35,60,840,777315
BANKNIFTY-II.NFO,26/08/2024,09:15:08,51400,51364.95,15,51391.35,60,0,777315
BANKNIFTY-II.NFO,26/08/2024,09:15:10,51367.85,51371.3,15,51376.9,15,30,777315
BANKNIFTY-II.NFO,26/08/2024,09:15:12,51395.55,51379.25,15,51399.95,60,120,777315
BANKNIFTY-II.NFO,26/08/2024,09:15:13,51375.65,51376.8,15,51385,45,150,777315
BANKNIFTY-II.NFO,26/08/2024,09:15:15,51389.9,51389.1,15,51394.95,60,180,777315
BANKNIFTY-II.NFO,26/08/2024,09:15:16,51375.65,51375.45,15,51394.95,60,150,777315
BANKNIFTY-II.NFO,26/08/2024,09:15:18,51394.95,51374.4,15,51389.7,60,225,777315
BANKNIFTY-II.NFO,26/08/2024,09:15:20,51391.15,51378.1,15,51392,60,495,777315
BANKNIFTY-II.NFO,26/08/2024,09:15:21,51384.25,51379.1,30,51381.15,15,375,777315
BANKNIFTY-II.NFO,26/08/2024,09:15:23,51374.9,51374.9,15,51382.35,15,180,777315
BANKNIFTY-II.NFO,26/08/2024,09:15:24,51385,51370.3,30,51385.7,15,60,777315
BANKNIFTY-II.NFO,26/08/2024,09:15:26,51368.15,51368.05,15,51379.95,60,90,777315
BANKNIFTY-II.NFO,26/08/2024,09:15:28,51364.1,51364.05,15,51368.1,15,210,777315
BANKNIFTY-II.NFO,26/08/2024,09:15:29,51352.85,51368.1,900,51374.9,15,345,777315
BANKNIFTY-II.NFO,26/08/2024,09:15:31,51368.1,51368.1,870,51380,75,150,777315
BANKNIFTY-II.NFO,26/08/2024,09:15:32,51379.95,51379.95,420,51387.85,150,645,777315
BANKNIFTY-II.NFO,26/08/2024,09:15:34,51371.95,51375.35,45,51389.95,60,540,777315
BANKNIFTY-II.NFO,26/08/2024,09:15:36,51384.95,51368.2,45,51384.95,60,30,777315
BANKNIFTY-II.NFO,26/08/2024,09:15:37,51384.95,51374.6,60,51384.95,15,30,777315
BANKNIFTY-II.NFO,26/08/2024,09:15:39,51372.9,51372.2,60,51379,45,135,777315
BANKNIFTY-II.NFO,26/08/2024,09:15:41,51378.9,51378.9,900,51378.95,15,15,777315
BANKNIFTY-II.NFO,26/08/2024,09:15:42,51379,51379,15,51384.7,15,120,777315
BANKNIFTY-II.NFO,26/08/2024,09:15:44,51384.8,51384.8,885,51384.95,75,150,777315
BANKNIFTY-II.NFO,26/08/2024,09:15:45,51384.95,51384.85,30,51384.95,60,1110,777900
BANKNIFTY-II.NFO,26/08/2024,09:15:47,51384,51380,15,51385,90,105,777900
BANKNIFTY-II.NFO,26/08/2024,09:15:49,51378.05,51378.05,75,51389.6,15,435,777900
BANKNIFTY-II.NFO,26/08/2024,09:15:50,51385,51385,15,51388.3,60,180,777900
BANKNIFTY-II.NFO,26/08/2024,09:15:52,51386.35,51380,120,51386.4,15,135,777900
BANKNIFTY-II.NFO,26/08/2024,09:15:54,51386.35,51377.2,75,51390,765,1245,777900
BANKNIFTY-II.NFO,26/08/2024,09:15:55,51386.4,51386.4,60,51390,600,210,777900
BANKNIFTY-II.NFO,26/08/2024,09:15:57,51390,51388.2,15,51390,495,120,777900
BANKNIFTY-II.NFO,26/08/2024,09:15:58,51395,51376,60,51394.95,30,735,777900
BANKNIFTY-II.NFO,26/08/2024,09:16:00,51385.6,51380,15,51385.6,60,90,777900
BANKNIFTY-II.NFO,26/08/2024,09:16:02,51377.7,51375.05,75,51385.35,15,105,777900
BANKNIFTY-II.NFO,26/08/2024,09:16:03,51377.7,51380.2,15,51385.3,75,0,777900
BANKNIFTY-II.NFO,26/08/2024,09:16:05,51380.2,51375.7,60,51377.7,15,15,777900
BANKNIFTY-II.NFO,26/08/2024,09:16:07,51386.4,51387.25,75,51390,60,195,777900
BANKNIFTY-II.NFO,26/08/2024,09:16:08,51390,51387.25,15,51390,30,30,777900
BANKNIFTY-II.NFO,26/08/2024,09:16:10,51388.65,51385.5,15,51390,15,60,777900
BANKNIFTY-II.NFO,26/08/2024,09:16:12,51385.55,51385.6,45,51388.65,345,225,777900
BANKNIFTY-II.NFO,26/08/2024,09:16:13,51386.4,51385.55,60,51387.4,30,45,777900
BANKNIFTY-II.NFO,26/08/2024,09:16:15,51387.4,51384.5,15,51387.4,15,375,777900
BANKNIFTY-II.NFO,26/08/2024,09:16:16,51388.1,51390,135,51395,90,465,777900
BANKNIFTY-II.NFO,26/08/2024,09:16:18,51398,51394.75,15,51399,120,195,777900
BANKNIFTY-II.NFO,26/08/2024,09:16:20,51391.55,51391.5,75,51399,120,30,777900
BANKNIFTY-II.NFO,26/08/2024,09:16:21,51399,51395.25,15,51399,15,105,777900
BANKNIFTY-II.NFO,26/08/2024,09:16:23,51400,51391.65,75,51400,1005,210,777900
BANKNIFTY-II.NFO,26/08/2024,09:16:25,51392.05,51392.05,75,51400,1005,45,777900
BANKNIFTY-II.NFO,26/08/2024,09:16:26,51392.05,51395,15,51399,15,45,777900
BANKNIFTY-II.NFO,26/08/2024,09:16:28,51392.05,51390.45,135,51399,15,75,777900
BANKNIFTY-II.NFO,26/08/2024,09:16:30,51400,51394.45,15,51399,15,285,777900
BANKNIFTY-II.NFO,26/08/2024,09:16:31,51400,51389.7,75,51400,915,135,777900
BANKNIFTY-II.NFO,26/08/2024,09:16:33,51393.95,51388.8,30,51399.95,75,135,777900
BANKNIFTY-II.NFO,26/08/2024,09:16:34,51392.25,51392.55,75,51400,915,15,777900
BANKNIFTY-II.NFO,26/08/2024,09:16:36,51398.75,51390,15,51399.95,75,75,777900
BANKNIFTY-II.NFO,26/08/2024,09:16:38,51395,51392,90,51399.95,15,285,777900
BANKNIFTY-II.NFO,26/08/2024,09:16:39,51396,51393.9,75,51400,825,90,777900
BANKNIFTY-II.NFO,26/08/2024,09:16:41,51393.8,51392.05,15,51399,15,15,777900
BANKNIFTY-II.NFO,26/08/2024,09:16:43,51396.05,51393.3,75,51400,825,30,777900
BANKNIFTY-II.NFO,26/08/2024,09:16:44,51396.05,51395.5,75,51400,825,0,777900
BANKNIFTY-II.NFO,26/08/2024,09:16:46,51393.8,51394,75,51400,810,105,777900
BANKNIFTY-II.NFO,26/08/2024,09:16:47,51390,51387.45,45,51399.85,30,300,777900
BANKNIFTY-II.NFO,26/08/2024,09:16:49,51396.6,51386.5,15,51396.6,870,150,777900
BANKNIFTY-II.NFO,26/08/2024,09:16:51,51393.3,51386.55,75,51396.4,30,120,777900
BANKNIFTY-II.NFO,26/08/2024,09:16:52,51380,51380,315,51385,615,360,777900
BANKNIFTY-II.NFO,26/08/2024,09:16:54,51382.5,51375,15,51384.95,30,420,777900
BANKNIFTY-II.NFO,26/08/2024,09:16:56,51380,51375.1,15,51381,15,75,777900
BANKNIFTY-II.NFO,26/08/2024,09:16:57,51382.5,51380,15,51384.95,30,90,777900
BANKNIFTY-II.NFO,26/08/2024,09:16:59,51375.1,51375.1,30,51384.95,30,75,777900
BANKNIFTY-II.NFO,26/08/2024,09:17:01,51375.15,51375.1,30,51384.25,15,90,777900
BANKNIFTY-II.NFO,26/08/2024,09:17:02,51375.1,51375.1,15,51385,555,60,777900
BANKNIFTY-II.NFO,26/08/2024,09:17:04,51385,51375.1,15,51384.65,45,90,777900
BANKNIFTY-II.NFO,26/08/2024,09:17:05,51370,51368.6,75,51384.3,15,60,777900
BANKNIFTY-II.NFO,26/08/2024,09:17:07,51374.9,51361.65,30,51376.35,15,150,777900
BANKNIFTY-II.NFO,26/08/2024,09:17:09,51370,51365.5,15,51370,195,135,777900
BANKNIFTY-II.NFO,26/08/2024,09:17:10,51369.95,51362.5,30,51369.95,60,150,777900
BANKNIFTY-II.NFO,26/08/2024,09:17:12,51370,51366.2,30,51369.95,45,60,777900
BANKNIFTY-II.NFO,26/08/2024,09:17:14,51374.95,51362.9,75,51374.95,15,1365,777900
BANKNIFTY-II.NFO,26/08/2024,09:17:15,51369.5,51361.4,30,51370,60,15,777900
BANKNIFTY-II.NFO,26/08/2024,09:17:17,51369.5,51362.75,30,51370,60,0,777900
BANKNIFTY-II.NFO,26/08/2024,09:17:19,51370,51366.35,15,51370,15,45,777900
BANKNIFTY-II.NFO,26/08/2024,09:17:20,51370,51360,15,51371.9,30,120,777900
BANKNIFTY-II.NFO,26/08/2024,09:17:22,51356,51355,15,51366.45,30,360,777900
BANKNIFTY-II.NFO,26/08/2024,09:17:23,51355.05,51355,15,51365.3,15,105,777900
BANKNIFTY-II.NFO,26/08/2024,09:17:25,51366.35,51356.5,30,51366.35,30,30,777900
BANKNIFTY-II.NFO,26/08/2024,09:17:27,51363.45,51355,15,51362.8,210,330,777900
BANKNIFTY-II.NFO,26/08/2024,09:17:28,51355,51353.75,30,51364.9,195,30,777900
BANKNIFTY-II.NFO,26/08/2024,09:17:30,51361.2,51358.15,15,51358.95,60,30,777900
BANKNIFTY-II.NFO,26/08/2024,09:17:32,51358.95,51358.15,15,51358.95,30,30,777900
BANKNIFTY-II.NFO,26/08/2024,09:17:33,51357,51355,60,51359,75,45,777900
BANKNIFTY-II.NFO,26/08/2024,09:17:35,51359,51357.3,90,51359,15,180,777900
BANKNIFTY-II.NFO,26/08/2024,09:17:37,51359.8,51363.15,30,51366.35,15,150,777900
BANKNIFTY-II.NFO,26/08/2024,09:17:38,51363.4,51359.35,90,51370,135,945,777900
BANKNIFTY-II.NFO,26/08/2024,09:17:40,51364.5,51361.75,15,51370.1,120,840,777900
BANKNIFTY-II.NFO,26/08/2024,09:17:42,51372.05,51359.35,135,51370,15,795,777900
BANKNIFTY-II.NFO,26/08/2024,09:17:43,51358.35,51358.35,135,51369.75,45,75,777900
BANKNIFTY-II.NFO,26/08/2024,09:17:45,51358.35,51364.75,30,51369.85,30,0,777900
BANKNIFTY-II.NFO,26/08/2024,09:17:46,51364.75,51359.8,15,51369.95,45,30,777900
BANKNIFTY-II.NFO,26/08/2024,09:17:48,51363.6,51359.8,15,51365.45,15,30,777900
BANKNIFTY-II.NFO,26/08/2024,09:17:50,51359.8,51358.35,30,51365.45,30,15,777900
BANKNIFTY-II.NFO,26/08/2024,09:17:51,51361.9,51360,15,51364.85,15,15,777900
BANKNIFTY-II.NFO,26/08/2024,09:17:53,51363.6,51360,15,51366.15,15,15,777900
BANKNIFTY-II.NFO,26/08/2024,09:17:55,51362.4,51357,15,51363.15,150,90,777900
BANKNIFTY-II.NFO,26/08/2024,09:17:56,51363.15,51360,15,51363.15,135,30,777900
BANKNIFTY-II.NFO,26/08/2024,09:17:58,51360,51360.05,15,51363.15,120,15,777900
BANKNIFTY-II.NFO,26/08/2024,09:18:00,51351.15,51355.55,30,51360.05,15,345,777900
BANKNIFTY-II.NFO,26/08/2024,09:18:01,51360.05,51357.9,15,51363.15,120,15,777900
BANKNIFTY-II.NFO,26/08/2024,09:18:03,51363.15,51360.95,15,51363.15,90,30,777900
BANKNIFTY-II.NFO,26/08/2024,09:18:04,51356.7,51358.05,30,51365,630,450,777900
BANKNIFTY-II.NFO,26/08/2024,09:18:06,51363.15,51362.4,30,51365,495,195,777900
BANKNIFTY-II.NFO,26/08/2024,09:18:08,51370.75,51366.9,30,51372,15,615,777900
BANKNIFTY-II.NFO,26/08/2024,09:18:09,51366.9,51368.35,30,51372,15,30,777900
BANKNIFTY-II.NFO,26/08/2024,09:18:11,51367.85,51367.55,90,51374.9,180,30,777900
BANKNIFTY-II.NFO,26/08/2024,09:18:13,51367.85,51373.45,15,51374.9,180,0,777900
BANKNIFTY-II.NFO,26/08/2024,09:18:14,51373.45,51372,30,51374.9,180,15,777900
BANKNIFTY-II.NFO,26/08/2024,09:18:16,51373.45,51373.45,15,51374.9,180,0,777900
BANKNIFTY-II.NFO,26/08/2024,09:18:18,51374.9,51365.4,75,51373.45,15,75,777900
BANKNIFTY-II.NFO,26/08/2024,09:18:19,51372.5,51361.5,75,51372.4,120,90,777900
BANKNIFTY-II.NFO,26/08/2024,09:18:21,51376.65,51368.1,15,51378.25,120,210,777900
BANKNIFTY-II.NFO,26/08/2024,09:18:22,51376.65,51368.25,75,51379.95,150,0,777900
BANKNIFTY-II.NFO,26/08/2024,09:18:24,51368.65,51369.15,15,51380,90,150,777900
BANKNIFTY-II.NFO,26/08/2024,09:18:26,51368.65,51365.65,75,51376.35,120,0,777900
BANKNIFTY-II.NFO,26/08/2024,09:18:27,51368.65,51370.65,15,51377.45,135,0,777900
BANKNIFTY-II.NFO,26/08/2024,09:18:29,51370.65,51368.9,30,51379.95,135,15,777900
BANKNIFTY-II.NFO,26/08/2024,09:18:31,51368.85,51374.45,15,51379.95,135,45,777900
BANKNIFTY-II.NFO,26/08/2024,09:18:32,51370.85,51370.8,75,51380,150,75,777900
BANKNIFTY-II.NFO,26/08/2024,09:18:34,51369.55,51370.8,75,51380,180,45,777900
BANKNIFTY-II.NFO,26/08/2024,09:18:35,51369.55,51371.5,75,51380,180,0,777900
BANKNIFTY-II.NFO,26/08/2024,09:18:37,51380,51375.75,15,51380,165,15,777900
BANKNIFTY-II.NFO,26/08/2024,09:18:39,51375.75,51375.8,15,51380,150,30,777900
BANKNIFTY-II.NFO,26/08/2024,09:18:40,51375.8,51376.05,30,51379.95,15,15,777900
BANKNIFTY-II.NFO,26/08/2024,09:18:42,51380,51377.5,15,51379.95,15,45,777900
BANKNIFTY-II.NFO,26/08/2024,09:18:44,51380,51377.5,15,51380,165,30,777900
BANKNIFTY-II.NFO,26/08/2024,09:18:45,51378.75,51375.8,30,51380,135,45,778155
BANKNIFTY-II.NFO,26/08/2024,09:18:47,51380,51378.1,135,51380,135,30,778155
BANKNIFTY-II.NFO,26/08/2024,09:18:49,51385,51380,15,51385,15,195,778155
BANKNIFTY-II.NFO,26/08/2024,09:18:50,51385,51380,15,51385,15,0,778155
BANKNIFTY-II.NFO,26/08/2024,09:18:52,51380,51377.05,135,51379.9,15,45,778155
BANKNIFTY-II.NFO,26/08/2024,09:18:53,51377,51375.75,30,51377,15,60,778155
BANKNIFTY-II.NFO,26/08/2024,09:18:55,51371.7,51371.7,75,51379.95,30,75,778155
BANKNIFTY-II.NFO,26/08/2024,09:18:57,51379.95,51378.15,15,51382.5,15,15,778155
BANKNIFTY-II.NFO,26/08/2024,09:18:58,51382.5,51379.4,30,51385,90,15,778155
BANKNIFTY-II.NFO,26/08/2024,09:19:00,51381.8,51376.4,75,51384.95,120,45,778155
BANKNIFTY-II.NFO,26/08/2024,09:19:01,51381.8,51377.05,75,51385,75,0,778155
BANKNIFTY-II.NFO,26/08/2024,09:19:03,51381.05,51377.1,45,51385,90,15,778155
BANKNIFTY-II.NFO,26/08/2024,09:19:05,51381.05,51378.3,15,51381.8,75,0,778155
BANKNIFTY-II.NFO,26/08/2024,09:19:06,51385,51382.35,15,51385,75,90,778155
BANKNIFTY-II.NFO,26/08/2024,09:19:08,51380.1,51378.3,15,51380.1,30,120,778155
BANKNIFTY-II.NFO,26/08/2024,09:19:10,51376.4,51376.4,45,51385,885,75,778155
BANKNIFTY-II.NFO,26/08/2024,09:19:11,51383.35,51376.35,300,51382.4,165,75,778155
BANKNIFTY-II.NFO,26/08/2024,09:19:13,51376.4,51376.35,255,51381.3,150,105,778155
BANKNIFTY-II.NFO,26/08/2024,09:19:14,51381.8,51376.35,75,51380.85,120,240,778155
BANKNIFTY-II.NFO,26/08/2024,09:19:16,51376.35,51376.35,60,51382,105,45,778155
BANKNIFTY-II.NFO,26/08/2024,09:19:18,51376.35,51376.35,30,51378.3,195,165,778155
BANKNIFTY-II.NFO,26/08/2024,09:19:19,51378.3,51378.85,105,51382,105,240,778155
BANKNIFTY-II.NFO,26/08/2024,09:19:21,51376.35,51375.65,360,51376.35,855,60,778155
BANKNIFTY-II.NFO,26/08/2024,09:19:22,51376.35,51375.6,45,51376.35,480,375,778155
BANKNIFTY-II.NFO,26/08/2024,09:19:24,51374.45,51374.45,15,51376.35,465,285,778155
BANKNIFTY-II.NFO,26/08/2024,09:19:26,51376.35,51374.25,45,51376.35,405,75,778155
BANKNIFTY-II.NFO,26/08/2024,09:19:28,51376.35,51375.3,15,51376.35,375,45,778155
BANKNIFTY-II.NFO,26/08/2024,09:19:29,51380,51377.55,30,51382,120,480,778155
BANKNIFTY-II.NFO,26/08/2024,09:19:31,51376.35,51376.4,15,51382,120,45,778155
BANKNIFTY-II.NFO,26/08/2024,09:19:33,51379.15,51377.65,30,51381.95,15,30,778155
BANKNIFTY-II.NFO,26/08/2024,09:19:34,51382,51376.35,15,51382,105,30,778155
BANKNIFTY-II.NFO,26/08/2024,09:19:36,51381.35,51380.6,210,51382,105,90,778155
BANKNIFTY-II.NFO,26/08/2024,09:19:38,51382,51379.2,45,51380,15,30,778155
BANKNIFTY-II.NFO,26/08/2024,09:19:39,51380.6,51380,15,51382,90,120,778155
BANKNIFTY-II.NFO,26/08/2024,09:19:41,51382,51380,15,51381.95,15,30,778155
BANKNIFTY-II.NFO,26/08/2024,09:19:43,51382,51380.95,15,51382,45,30,778155
BANKNIFTY-II.NFO,26/08/2024,09:19:44,51382,51380,15,51382,30,30,778155
BANKNIFTY-II.NFO,26/08/2024,09:19:46,51380,51377.35,300,51382,45,30,778155
BANKNIFTY-II.NFO,26/08/2024,09:19:48,51380,51380.4,15,51382,45,0,778155
BANKNIFTY-II.NFO,26/08/2024,09:19:49,51380.4,51378.9,15,51382,45,15,778155
BANKNIFTY-II.NFO,26/08/2024,09:19:51,51382,51380.45,15,51382,30,15,778155
BANKNIFTY-II.NFO,26/08/2024,09:19:53,51380.45,51378.9,15,51380,195,30,778155
BANKNIFTY-II.NFO,26/08/2024,09:19:54,51380,51379.45,15,51380,180,15,778155
BANKNIFTY-II.NFO,26/08/2024,09:19:56,51379.45,51378.9,15,51379.95,120,15,778155
BANKNIFTY-II.NFO,26/08/2024,09:19:58,51379.85,51378.9,15,51379.35,120,45,778155
BANKNIFTY-II.NFO,26/08/2024,09:19:59,51379.35,51379.35,15,51380,180,195,778155
BANKNIFTY-II.NFO,26/08/2024,09:20:01,51379.95,51375,150,51379.95,45,75,778155
BANKNIFTY-II.NFO,26/08/2024,09:20:03,51375,51375,120,51379.9,30,75,778155
BANKNIFTY-II.NFO,26/08/2024,09:20:04,51380,51375,120,51380,15,165,778155
BANKNIFTY-II.NFO,26/08/2024,09:20:06,51370,51370,420,51376.8,30,180,778155
BANKNIFTY-II.NFO,26/08/2024,09:20:08,51368.85,51362,75,51373.5,30,465,778155
BANKNIFTY-II.NFO,26/08/2024,09:20:09,51381.3,51362,75,51370.8,15,900,778155
BANKNIFTY-II.NFO,26/08/2024,09:20:11,51368.65,51361.95,15,51368.65,15,45,778155
BANKNIFTY-II.NFO,26/08/2024,09:20:13,51360,51360.2,90,51370.75,15,45,778155
BANKNIFTY-II.NFO,26/08/2024,09:20:14,51367.45,51362.8,30,51372.5,15,945,778155
BANKNIFTY-II.NFO,26/08/2024,09:20:16,51372,51363.15,90,51375,150,405,778155
BANKNIFTY-II.NFO,26/08/2024,09:20:18,51376.5,51368.55,75,51376.5,105,30,778155
BANKNIFTY-II.NFO,26/08/2024,09:20:19,51379.65,51372.9,105,51381,15,195,778155
BANKNIFTY-II.NFO,26/08/2024,09:20:21,51381.95,51369.9,75,51379.75,15,105,778155
BANKNIFTY-II.NFO,26/08/2024,09:20:23,51381.95,51365.5,75,51374.95,15,0,778155
BANKNIFTY-II.NFO,26/08/2024,09:20:24,51363,51364.35,45,51374.05,15,30,778155
BANKNIFTY-II.NFO,26/08/2024,09:20:26,51373.05,51362.75,45,51372.65,30,90,778155
BANKNIFTY-II.NFO,26/08/2024,09:20:28,51373.05,51365,45,51371,15,0,778155
BANKNIFTY-II.NFO,26/08/2024,09:20:29,51365,51360.1,60,51369.95,15,300,778155
BANKNIFTY-II.NFO,26/08/2024,09:20:31,51369.95,51361.9,120,51375.85,15,240,778155
BANKNIFTY-II.NFO,26/08/2024,09:20:33,51369.95,51365,15,51373.15,15,0,778155
BANKNIFTY-II.NFO,26/08/2024,09:20:34,51373.15,51363.6,120,51376.4,15,180,778155
BANKNIFTY-II.NFO,26/08/2024,09:20:36,51373.15,51364.45,150,51373.45,30,0,778155
BANKNIFTY-II.NFO,26/08/2024,09:20:38,51373.15,51364.5,150,51373.65,30,0,778155
BANKNIFTY-II.NFO,26/08/2024,09:20:39,51361.5,51362.15,45,51372.85,30,60,778155
BANKNIFTY-II.NFO,26/08/2024,09:20:41,51361.5,51361.9,135,51373.85,30,0,778155
BANKNIFTY-II.NFO,26/08/2024,09:20:43,51361.5,51360.65,120,51372,30,0,778155
BANKNIFTY-II.NFO,26/08/2024,09:20:44,51361.5,51361.85,135,51372.7,30,0,778155
BANKNIFTY-II.NFO,26/08/2024,09:20:46,51361.05,51361.05,60,51370,30,45,778155
BANKNIFTY-II.NFO,26/08/2024,09:20:48,51370,51361.5,15,51371.25,15,60,778155
BANKNIFTY-II.NFO,26/08/2024,09:20:49,51373.25,51360.35,120,51371.5,30,30,778155
BANKNIFTY-II.NFO,26/08/2024,09:20:51,51360,51360.1,60,51368.1,30,30,778155
BANKNIFTY-II.NFO,26/08/2024,09:20:53,51360,51360.25,120,51369.25,30,0,778155
BANKNIFTY-II.NFO,26/08/2024,09:20:54,51361.5,51360.05,120,51370,30,15,778155
BANKNIFTY-II.NFO,26/08/2024,09:20:56,51356,51354,15,51360,795,135,778155
BANKNIFTY-II.NFO,26/08/2024,09:20:58,51350,51345.05,135,51355.8,30,210,778155
BANKNIFTY-II.NFO,26/08/2024,09:20:59,51345,51345.85,30,51355.9,30,75,778155
BANKNIFTY-II.NFO,26/08/2024,09:21:01,51344.05,51344.05,120,51355.7,75,240,778155
BANKNIFTY-II.NFO,26/08/2024,09:21:03,51350.85,51342,15,51351.25,75,30,778155
BANKNIFTY-II.NFO,26/08/2024,09:21:04,51340,51342,15,51348.7,15,165,778155
BANKNIFTY-II.NFO,26/08/2024,09:21:06,51341.05,51335.45,30,51341.05,30,360,778155
BANKNIFTY-II.NFO,26/08/2024,09:21:08,51335.45,51331.95,120,51340,60,30,778155
BANKNIFTY-II.NFO,26/08/2024,09:21:08,51335.45,51331.95,120,51340,60,0,778155
BANKNIFTY-II.NFO,26/08/2024,09:21:09,51330.15,51332.45,45,51340,60,90,778155
BANKNIFTY-II.NFO,26/08/2024,09:21:09,51330.15,51332.45,45,51340,60,0,778155
BANKNIFTY-II.NFO,26/08/2024,09:21:11,51335.45,51336.05,60,51340,60,15,778155
BANKNIFTY-II.NFO,26/08/2024,09:21:13,51335.45,51333.6,45,51340,60,0,778155
BANKNIFTY-II.NFO,26/08/2024,09:21:14,51335.7,51333.2,60,51340,60,165,778155
BANKNIFTY-II.NFO,26/08/2024,09:21:16,51335.7,51335.3,15,51335.7,75,0,778155
BANKNIFTY-II.NFO,26/08/2024,09:21:18,51340,51331.05,45,51340,60,150,778155
BANKNIFTY-II.NFO,26/08/2024,09:21:19,51342,51340,30,51348.85,120,90,778155
BANKNIFTY-II.NFO,26/08/2024,09:21:21,51336.65,51336.45,90,51348.55,120,45,778155
BANKNIFTY-II.NFO,26/08/2024,09:21:23,51337.35,51342.75,30,51350,60,75,778155
BANKNIFTY-II.NFO,26/08/2024,09:21:24,51350,51346.35,15,51359.25,150,30,778155
BANKNIFTY-II.NFO,26/08/2024,09:21:26,51346.35,51344.5,120,51358.35,150,30,778155
BANKNIFTY-II.NFO,26/08/2024,09:21:28,51344.5,51340.8,75,51353.4,120,15,778155
BANKNIFTY-II.NFO,26/08/2024,09:21:29,51339.35,51337.85,30,51349.95,135,15,778155
BANKNIFTY-II.NFO,26/08/2024,09:21:31,51349.65,51338.15,15,51349.3,120,165,778155
BANKNIFTY-II.NFO,26/08/2024,09:21:33,51338.1,51339.65,30,51350.8,30,30,778155
BANKNIFTY-II.NFO,26/08/2024,09:21:34,51339.65,51341.35,30,51350,15,30,778155
BANKNIFTY-II.NFO,26/08/2024,09:21:36,51356.7,51350.8,15,51356.7,45,30,778155
BANKNIFTY-II.NFO,26/08/2024,09:21:38,51350.8,51344.65,30,51355.7,30,15,778155
BANKNIFTY-II.NFO,26/08/2024,09:21:39,51345.7,51345.7,30,51357.2,30,105,778155
BANKNIFTY-II.NFO,26/08/2024,09:21:41,51345.7,51346.8,45,51357.5,45,0,778155
BANKNIFTY-II.NFO,26/08/2024,09:21:43,51346.8,51346.75,90,51357.5,30,30,778155
BANKNIFTY-II.NFO,26/08/2024,09:21:44,51346.9,51349.3,30,51360,810,30,778155
BANKNIFTY-II.NFO,26/08/2024,09:21:46,51360,51355.05,45,51360,765,30,781845
BANKNIFTY-II.NFO,26/08/2024,09:21:48,51360,51354.6,15,51360,765,0,781845
BANKNIFTY-II.NFO,26/08/2024,09:21:49,51360,51356.7,15,51360,765,0,781845
BANKNIFTY-II.NFO,26/08/2024,09:21:51,51360,51358.1,300,51360,705,60,781845
BANKNIFTY-II.NFO,26/08/2024,09:21:53,51358.6,51358.35,270,51358.6,15,60,781845
BANKNIFTY-II.NFO,26/08/2024,09:21:54,51357.6,51356.7,15,51360,690,285,781845
BANKNIFTY-II.NFO,26/08/2024,09:21:56,51354.9,51352.25,45,51360,720,60,781845
BANKNIFTY-II.NFO,26/08/2024,09:21:57,51355.95,51351.8,30,51360,720,30,781845
BANKNIFTY-II.NFO,26/08/2024,09:21:59,51354.25,51351.95,15,51360,705,45,781845
BANKNIFTY-II.NFO,26/08/2024,09:22:01,51360,51355.05,30,51360,690,45,781845
BANKNIFTY-II.NFO,26/08/2024,09:22:02,51360,51356.45,30,51360,690,15,781845
BANKNIFTY-II.NFO,26/08/2024,09:22:04,51360,51359.5,30,51371.05,120,690,781845
BANKNIFTY-II.NFO,26/08/2024,09:22:06,51360.65,51363.55,30,51375,15,150,781845
BANKNIFTY-II.NFO,26/08/2024,09:22:07,51360.65,51369.15,30,51375,15,0,781845
BANKNIFTY-II.NFO,26/08/2024,09:22:09,51375,51372.95,150,51380,30,30,781845
BANKNIFTY-II.NFO,26/08/2024,09:22:11,51370.7,51369.95,135,51379.75,30,15,781845
BANKNIFTY-II.NFO,26/08/2024,09:22:12,51370.7,51375,15,51380,30,0,781845
BANKNIFTY-II.NFO,26/08/2024,09:22:14,51380,51378,135,51380,30,15,781845
BANKNIFTY-II.NFO,26/08/2024,09:22:16,51385,51379.3,105,51385,105,75,781845
BANKNIFTY-II.NFO,26/08/2024,09:22:17,51385,51378.85,75,51385,75,480,781845
BANKNIFTY-II.NFO,26/08/2024,09:22:19,51385,51375.95,60,51385,45,45,781845
BANKNIFTY-II.NFO,26/08/2024,09:22:21,51385,51380.1,30,51386.55,45,45,781845
BANKNIFTY-II.NFO,26/08/2024,09:22:22,51389.95,51386.1,30,51389.95,75,150,781845
BANKNIFTY-II.NFO,26/08/2024,09:22:24,51389.95,51384.45,30,51389.95,30,45,781845
BANKNIFTY-II.NFO,26/08/2024,09:22:26,51390,51385,15,51389.95,45,480,781845
BANKNIFTY-II.NFO,26/08/2024,09:22:27,51389,51381.3,75,51390,60,360,781845
BANKNIFTY-II.NFO,26/08/2024,09:22:29,51390,51381.05,30,51385,15,45,781845
BANKNIFTY-II.NFO,26/08/2024,09:22:31,51390,51380,15,51385,15,0,781845
BANKNIFTY-II.NFO,26/08/2024,09:22:32,51380.1,51380.05,45,51385,15,60,781845
BANKNIFTY-II.NFO,26/08/2024,09:22:34,51385,51384.5,30,51390,45,15,781845
BANKNIFTY-II.NFO,26/08/2024,09:22:36,51390,51381.65,300,51390,15,90,781845
BANKNIFTY-II.NFO,26/08/2024,09:22:37,51390,51381.5,75,51393.6,165,75,781845
BANKNIFTY-II.NFO,26/08/2024,09:22:39,51380.15,51380.15,105,51390.35,30,30,781845
BANKNIFTY-II.NFO,26/08/2024,09:22:41,51380.15,51381.45,330,51391.35,30,0,781845
BANKNIFTY-II.NFO,26/08/2024,09:22:42,51380.15,51381.55,15,51391.05,30,0,781845
BANKNIFTY-II.NFO,26/08/2024,09:22:44,51389,51381.6,15,51390.35,30,30,781845
BANKNIFTY-II.NFO,26/08/2024,09:22:46,51381.6,51381.55,15,51381.6,75,120,781845
BANKNIFTY-II.NFO,26/08/2024,09:22:47,51381.55,51381.5,15,51381.6,75,15,781845
BANKNIFTY-II.NFO,26/08/2024,09:22:49,51388.1,51381.6,30,51388.15,15,90,781845
BANKNIFTY-II.NFO,26/08/2024,09:22:51,51389.35,51381.65,15,51389.3,120,60,781845
BANKNIFTY-II.NFO,26/08/2024,09:22:52,51381.6,51381.55,45,51387.8,120,60,781845
BANKNIFTY-II.NFO,26/08/2024,09:22:54,51380,51375.05,75,51386.35,120,255,781845
BANKNIFTY-II.NFO,26/08/2024,09:22:56,51384.35,51375.05,75,51384.25,120,30,781845
BANKNIFTY-II.NFO,26/08/2024,09:22:57,51380,51375.05,75,51383.3,105,75,781845
BANKNIFTY-II.NFO,26/08/2024,09:22:59,51383.3,51375.05,75,51385.7,90,30,781845
BANKNIFTY-II.NFO,26/08/2024,09:23:01,51389.95,51379.2,75,51389.85,90,15,781845
BANKNIFTY-II.NFO,26/08/2024,09:23:02,51383.3,51382.8,75,51389.95,75,45,781845
BANKNIFTY-II.NFO,26/08/2024,09:23:04,51392.2,51382.8,75,51392.65,30,75,781845
BANKNIFTY-II.NFO,26/08/2024,09:23:06,51382.8,51382.8,75,51392.55,30,75,781845
BANKNIFTY-II.NFO,26/08/2024,09:23:07,51382.8,51383.3,15,51392.1,30,0,781845
BANKNIFTY-II.NFO,26/08/2024,09:23:09,51392.1,51383.4,150,51395,165,60,781845
BANKNIFTY-II.NFO,26/08/2024,09:23:11,51395,51388.2,120,51395,150,15,781845
BANKNIFTY-II.NFO,26/08/2024,09:23:12,51399.75,51398.95,120,51399.85,75,660,781845
BANKNIFTY-II.NFO,26/08/2024,09:23:14,51408.55,51399.55,15,51410,255,1830,781845
BANKNIFTY-II.NFO,26/08/2024,09:23:14,51408.55,51399.55,15,51410,255,0,781845
BANKNIFTY-II.NFO,26/08/2024,09:23:16,51410,51404,15,51410,150,150,781845
BANKNIFTY-II.NFO,26/08/2024,09:23:16,51410,51404,15,51410,150,0,781845
BANKNIFTY-II.NFO,26/08/2024,09:23:17,51400.6,51396.1,75,51405.15,15,165,781845
BANKNIFTY-II.NFO,26/08/2024,09:23:19,51397.75,51399.9,45,51407.8,15,105,781845
BANKNIFTY-II.NFO,26/08/2024,09:23:21,51400,51400.05,15,51408.2,30,240,781845
BANKNIFTY-II.NFO,26/08/2024,09:23:22,51398.65,51399.1,45,51400,15,30,781845
BANKNIFTY-II.NFO,26/08/2024,09:23:24,51400.2,51396.85,150,51409.85,15,45,781845
BANKNIFTY-II.NFO,26/08/2024,09:23:25,51400.05,51400,30,51400.05,15,75,781845
BANKNIFTY-II.NFO,26/08/2024,09:23:27,51400,51398,15,51408.4,30,120,781845
BANKNIFTY-II.NFO,26/08/2024,09:23:27,51410.5,51398,15,51408.4,30,0,781845
BANKNIFTY-II.NFO,26/08/2024,09:23:29,51400.3,51395.4,30,51408.35,120,60,781845
BANKNIFTY-II.NFO,26/08/2024,09:23:30,51400,51396.1,60,51408.65,120,60,781845
BANKNIFTY-II.NFO,26/08/2024,09:23:32,51392.3,51396.1,15,51406.75,120,165,781845
BANKNIFTY-II.NFO,26/08/2024,09:23:34,51405,51397.4,90,51409,60,915,781845
BANKNIFTY-II.NFO,26/08/2024,09:23:35,51405,51404.55,90,51409,30,0,781845
BANKNIFTY-II.NFO,26/08/2024,09:23:37,51415.65,51413.6,60,51419.95,15,210,781845
BANKNIFTY-II.NFO,26/08/2024,09:23:37,51415.65,51413.6,60,51419.95,15,0,781845
BANKNIFTY-II.NFO,26/08/2024,09:23:39,51420,51419.7,150,51420,45,240,781845
BANKNIFTY-II.NFO,26/08/2024,09:23:39,51420,51419.7,150,51420,45,0,781845
BANKNIFTY-II.NFO,26/08/2024,09:23:40,51418,51415.85,150,51420,15,330,781845
BANKNIFTY-II.NFO,26/08/2024,09:23:42,51420.05,51415.05,150,51425,75,675,781845
BANKNIFTY-II.NFO,26/08/2024,09:23:42,51421.5,51415.05,150,51425,75,0,781845
BANKNIFTY-II.NFO,26/08/2024,09:23:44,51425,51415.65,150,51422.9,15,150,781845
BANKNIFTY-II.NFO,26/08/2024,09:23:44,51425,51415.65,150,51422.9,15,0,781845
BANKNIFTY-II.NFO,26/08/2024,09:23:45,51422.9,51413.5,150,51420,15,60,781845
BANKNIFTY-II.NFO,26/08/2024,09:23:47,51425,51415.7,15,51421.4,15,180,781845
BANKNIFTY-II.NFO,26/08/2024,09:23:49,51419.85,51413.05,75,51419.9,15,150,781845
BANKNIFTY-II.NFO,26/08/2024,09:23:50,51411.4,51411.35,15,51419.95,15,120,781845
BANKNIFTY-II.NFO,26/08/2024,09:23:52,51411.4,51414.25,150,51420,15,45,781845
BANKNIFTY-II.NFO,26/08/2024,09:23:54,51420,51411.2,165,51420.05,15,360,781845
BANKNIFTY-II.NFO,26/08/2024,09:23:55,51420,51412.35,15,51420.05,15,0,781845
BANKNIFTY-II.NFO,26/08/2024,09:23:57,51420,51414.45,15,51420,15,0,781845
BANKNIFTY-II.NFO,26/08/2024,09:23:59,51419.85,51412,15,51420.05,15,360,781845
BANKNIFTY-II.NFO,26/08/2024,09:24:00,51420,51415,90,51420.05,15,30,781845
BANKNIFTY-II.NFO,26/08/2024,09:24:02,51420,51412.2,30,51413.4,15,15,781845
BANKNIFTY-II.NFO,26/08/2024,09:24:04,51422.45,51412.2,15,51422.45,120,60,781845
BANKNIFTY-II.NFO,26/08/2024,09:24:05,51417.05,51414.35,15,51422.5,15,30,781845
BANKNIFTY-II.NFO,26/08/2024,09:24:07,51417.05,51412.05,30,51420,15,0,781845
BANKNIFTY-II.NFO,26/08/2024,09:24:09,51418.4,51410,60,51420,90,180,781845
BANKNIFTY-II.NFO,26/08/2024,09:24:10,51420,51410.35,75,51418.4,15,15,781845
BANKNIFTY-II.NFO,26/08/2024,09:24:12,51418.4,51410.45,105,51414.15,15,60,781845
BANKNIFTY-II.NFO,26/08/2024,09:24:14,51414.15,51410.4,75,51412.3,15,15,781845
BANKNIFTY-II.NFO,26/08/2024,09:24:16,51412.3,51413.2,90,51420,120,30,781845
BANKNIFTY-II.NFO,26/08/2024,09:24:17,51420,51414.95,75,51419,90,60,781845
BANKNIFTY-II.NFO,26/08/2024,09:24:19,51411.6,51411.6,45,51419,90,75,781845
BANKNIFTY-II.NFO,26/08/2024,09:24:21,51411.6,51411.5,75,51419,90,0,781845
BANKNIFTY-II.NFO,26/08/2024,09:24:22,51415,51411.55,30,51415,60,45,781845
BANKNIFTY-II.NFO,26/08/2024,09:24:24,51415,51412.6,45,51415,30,45,781845
BANKNIFTY-II.NFO,26/08/2024,09:24:26,51415,51412.4,15,51418.95,120,30,781845
BANKNIFTY-II.NFO,26/08/2024,09:24:27,51419,51412.15,30,51419,165,30,781845
BANKNIFTY-II.NFO,26/08/2024,09:24:29,51419.85,51410.7,75,51419.95,120,540,781845
BANKNIFTY-II.NFO,26/08/2024,09:24:31,51419.85,51410.7,75,51419.35,120,0,781845
BANKNIFTY-II.NFO,26/08/2024,09:24:32,51410.7,51409.5,15,51414.15,30,15,781845
BANKNIFTY-II.NFO,26/08/2024,09:24:34,51409.55,51407.3,15,51414.15,30,30,781845
BANKNIFTY-II.NFO,26/08/2024,09:24:36,51407.8,51407.35,90,51414.15,30,45,781845
BANKNIFTY-II.NFO,26/08/2024,09:24:37,51414.15,51405.7,15,51415,105,75,781845
BANKNIFTY-II.NFO,26/08/2024,09:24:39,51414.15,51404.1,120,51414.95,120,0,781845
BANKNIFTY-II.NFO,26/08/2024,09:24:41,51415,51404.6,45,51414.95,135,60,781845
BANKNIFTY-II.NFO,26/08/2024,09:24:42,51414.95,51403.3,150,51414.95,135,45,781845
BANKNIFTY-II.NFO,26/08/2024,09:24:44,51414.3,51403.35,75,51413.9,120,30,781845
BANKNIFTY-II.NFO,26/08/2024,09:24:46,51416.75,51404.1,120,51416.75,30,345,782760
BANKNIFTY-II.NFO,26/08/2024,09:24:47,51416,51414.65,120,51419,15,90,782760
BANKNIFTY-II.NFO,26/08/2024,09:24:49,51415.55,51416.45,120,51421.5,600,300,782760
BANKNIFTY-II.NFO,26/08/2024,09:24:51,51415.6,51415.55,15,51421.5,585,75,782760
BANKNIFTY-II.NFO,26/08/2024,09:24:52,51421.5,51413.45,120,51421.5,555,120,782760
BANKNIFTY-II.NFO,26/08/2024,09:24:54,51421.5,51414.7,120,51421.5,555,0,782760
BANKNIFTY-II.NFO,26/08/2024,09:24:56,51410.9,51409.2,105,51419.8,120,300,782760
BANKNIFTY-II.NFO,26/08/2024,09:24:57,51420.3,51410.05,135,51421.25,120,15,782760
BANKNIFTY-II.NFO,26/08/2024,09:24:59,51421.5,51416.15,120,51420,30,150,782760
BANKNIFTY-II.NFO,26/08/2024,09:25:01,51420,51417.6,120,51420,15,15,782760
BANKNIFTY-II.NFO,26/08/2024,09:25:02,51422,51420.85,120,51422,30,660,782760
BANKNIFTY-II.NFO,26/08/2024,09:25:04,51424.95,51421.9,120,51424.95,120,240,782760
BANKNIFTY-II.NFO,26/08/2024,09:25:06,51430,51426.95,15,51430,105,690,782760
BANKNIFTY-II.NFO,26/08/2024,09:25:06,51430,51426.95,15,51430,105,0,782760
BANKNIFTY-II.NFO,26/08/2024,09:25:07,51429.8,51427.55,150,51433.5,15,780,782760
BANKNIFTY-II.NFO,26/08/2024,09:25:07,51431.1,51427.55,150,51433.5,15,0,782760
BANKNIFTY-II.NFO,26/08/2024,09:25:09,51427.25,51426.1,120,51432.45,15,975,782760
BANKNIFTY-II.NFO,26/08/2024,09:25:09,51440,51426.1,120,51432.45,15,0,782760
BANKNIFTY-II.NFO,26/08/2024,09:25:11,51430.95,51427.6,105,51441.4,135,75,782760
BANKNIFTY-II.NFO,26/08/2024,09:25:12,51439.55,51428.1,30,51440.75,135,420,782760
BANKNIFTY-II.NFO,26/08/2024,09:25:14,51431.35,51428.5,15,51440.35,30,135,782760
BANKNIFTY-II.NFO,26/08/2024,09:25:14,51440.75,51428.5,15,51440.35,30,0,782760
BANKNIFTY-II.NFO,26/08/2024,09:25:16,51439.35,51427.4,90,51439.95,15,45,782760
BANKNIFTY-II.NFO,26/08/2024,09:25:17,51428.45,51428.4,15,51435.95,15,330,782760
BANKNIFTY-II.NFO,26/08/2024,09:25:19,51435.95,51426.55,15,51434.45,15,15,782760
BANKNIFTY-II.NFO,26/08/2024,09:25:21,51427.4,51425.65,45,51435.6,15,45,782760
BANKNIFTY-II.NFO,26/08/2024,09:25:22,51433.25,51426.75,15,51433.25,15,195,782760
BANKNIFTY-II.NFO,26/08/2024,09:25:24,51434.35,51430.6,15,51435,105,75,782760
BANKNIFTY-II.NFO,26/08/2024,09:25:25,51435,51429.95,30,51435,45,60,782760
BANKNIFTY-II.NFO,26/08/2024,09:25:27,51435,51430.2,30,51435,45,0,782760
BANKNIFTY-II.NFO,26/08/2024,09:25:29,51435.9,51426.3,15,51435.85,15,135,782760
BANKNIFTY-II.NFO,26/08/2024,09:25:30,51436.35,51427.2,15,51436.35,15,15,782760
BANKNIFTY-II.NFO,26/08/2024,09:25:32,51428.05,51427.75,15,51428,30,45,782760
BANKNIFTY-II.NFO,26/08/2024,09:25:34,51428,51431.6,15,51438.4,15,45,782760
BANKNIFTY-II.NFO,26/08/2024,09:25:35,51428,51430.45,15,51435,15,0,782760
BANKNIFTY-II.NFO,26/08/2024,09:25:37,51435,51429.5,15,51438.4,15,15,782760
BANKNIFTY-II.NFO,26/08/2024,09:25:39,51431.85,51431.15,45,51435,15,30,782760
BANKNIFTY-II.NFO,26/08/2024,09:25:40,51429.05,51429.5,15,51435,15,15,782760
BANKNIFTY-II.NFO,26/08/2024,09:25:42,51435,51430.3,15,51438,15,60,782760
BANKNIFTY-II.NFO,26/08/2024,09:25:44,51439.95,51433.35,30,51438.9,15,60,782760
BANKNIFTY-II.NFO,26/08/2024,09:25:45,51438.9,51431.35,30,51438.6,15,30,782760
BANKNIFTY-II.NFO,26/08/2024,09:25:47,51438.6,51436.25,30,51440,105,30,782760
BANKNIFTY-II.NFO,26/08/2024,09:25:49,51440,51441.05,75,51442,120,105,782760
BANKNIFTY-II.NFO,26/08/2024,09:25:50,51449.7,51443.35,150,51449.95,15,1020,782760
BANKNIFTY-II.NFO,26/08/2024,09:25:50,51449.7,51443.35,150,51449.95,15,0,782760
BANKNIFTY-II.NFO,26/08/2024,09:25:52,51449.7,51441.35,15,51449.7,15,270,782760
BANKNIFTY-II.NFO,26/08/2024,09:25:52,51449.95,51441.35,15,51449.7,15,0,782760
BANKNIFTY-II.NFO,26/08/2024,09:25:54,51449.4,51447.7,15,51449.7,15,60,782760
BANKNIFTY-II.NFO,26/08/2024,09:25:55,51450,51448.35,15,51449.95,15,285,782760
BANKNIFTY-II.NFO,26/08/2024,09:25:55,51450,51448.35,15,51449.95,15,0,782760
BANKNIFTY-II.NFO,26/08/2024,09:25:57,51446.1,51445.15,150,51450,1395,105,782760
BANKNIFTY-II.NFO,26/08/2024,09:25:59,51447.6,51446.1,150,51450,1290,135,782760
BANKNIFTY-II.NFO,26/08/2024,09:26:00,51450,51449.6,15,51450,615,720,782760
BANKNIFTY-II.NFO,26/08/2024,09:26:02,51448.7,51445.35,150,51449.6,15,720,782760
BANKNIFTY-II.NFO,26/08/2024,09:26:02,51450.3,51445.35,150,51449.6,15,0,782760
BANKNIFTY-II.NFO,26/08/2024,09:26:04,51443.25,51444.9,15,51450,30,180,782760
BANKNIFTY-II.NFO,26/08/2024,09:26:05,51449.6,51444.1,15,51450,45,15,782760
BANKNIFTY-II.NFO,26/08/2024,09:26:07,51445.15,51443.75,120,51451.15,15,465,782760
BANKNIFTY-II.NFO,26/08/2024,09:26:07,51455.95,51443.75,120,51451.15,15,0,782760
BANKNIFTY-II.NFO,26/08/2024,09:26:09,51444.5,51443.5,165,51451.85,30,150,782760
BANKNIFTY-II.NFO,26/08/2024,09:26:10,51444.5,51443.3,150,51450,15,0,782760
BANKNIFTY-II.NFO,26/08/2024,09:26:12,51450,51443.85,15,51451.8,30,15,782760
BANKNIFTY-II.NFO,26/08/2024,09:26:14,51439.95,51435.4,15,51440,15,75,782760
BANKNIFTY-II.NFO,26/08/2024,09:26:15,51440,51433.2,150,51443.85,15,30,782760
BANKNIFTY-II.NFO,26/08/2024,09:26:17,51443.85,51436.5,105,51444.3,15,15,782760
BANKNIFTY-II.NFO,26/08/2024,09:26:19,51447.45,51434.1,30,51447.45,135,75,782760
BANKNIFTY-II.NFO,26/08/2024,09:26:20,51443.85,51436,30,51445.25,30,45,782760
BANKNIFTY-II.NFO,26/08/2024,09:26:22,51436,51438.5,15,51445.7,15,15,782760
BANKNIFTY-II.NFO,26/08/2024,09:26:24,51447.3,51437.95,75,51448,15,75,782760
BANKNIFTY-II.NFO,26/08/2024,09:26:25,51447.8,51436.85,120,51447.85,15,330,782760
BANKNIFTY-II.NFO,26/08/2024,09:26:27,51434.9,51435.4,15,51447.35,165,45,782760
BANKNIFTY-II.NFO,26/08/2024,09:26:29,51446.75,51439.35,15,51446.35,15,30,782760
BANKNIFTY-II.NFO,26/08/2024,09:26:30,51436.65,51442,15,51448.7,135,15,782760
BANKNIFTY-II.NFO,26/08/2024,09:26:32,51439.9,51433.15,90,51444.3,135,675,782760
BANKNIFTY-II.NFO,26/08/2024,09:26:34,51439.9,51433,15,51442.5,135,45,782760
BANKNIFTY-II.NFO,26/08/2024,09:26:35,51433,51430,180,51438.6,120,90,782760
BANKNIFTY-II.NFO,26/08/2024,09:26:37,51430,51430,105,51440.95,135,60,782760
BANKNIFTY-II.NFO,26/08/2024,09:26:38,51430,51436.8,30,51446,15,0,782760
BANKNIFTY-II.NFO,26/08/2024,09:26:40,51440,51436.65,30,51440,15,15,782760
BANKNIFTY-II.NFO,26/08/2024,09:26:42,51438.2,51438.2,15,51449.95,135,285,782760
BANKNIFTY-II.NFO,26/08/2024,09:26:43,51439.9,51436.05,120,51439.9,60,225,782760
BANKNIFTY-II.NFO,26/08/2024,09:26:45,51436.1,51436,15,51436.05,15,135,782760
BANKNIFTY-II.NFO,26/08/2024,09:26:46,51433.1,51436.05,195,51445.3,90,45,782760
BANKNIFTY-II.NFO,26/08/2024,09:26:48,51436.05,51436.05,135,51444.5,60,150,782760
BANKNIFTY-II.NFO,26/08/2024,09:26:50,51442.35,51430.05,135,51442.35,30,180,782760
BANKNIFTY-II.NFO,26/08/2024,09:26:51,51440.85,51430.1,150,51441.05,30,75,782760
BANKNIFTY-II.NFO,26/08/2024,09:26:53,51430.15,51432.1,135,51443.45,60,60,782760
BANKNIFTY-II.NFO,26/08/2024,09:26:54,51449.95,51436.15,120,51444.45,15,240,782760
BANKNIFTY-II.NFO,26/08/2024,09:26:56,51436.1,51434.45,120,51443.1,15,120,782760
BANKNIFTY-II.NFO,26/08/2024,09:26:58,51436.1,51434.4,15,51443.05,15,0,782760
BANKNIFTY-II.NFO,26/08/2024,09:26:59,51432.1,51432.1,135,51440,15,60,782760
BANKNIFTY-II.NFO,26/08/2024,09:27:01,51436.1,51430.6,15,51439.55,60,15,782760
BANKNIFTY-II.NFO,26/08/2024,09:27:02,51436.1,51430,105,51438.75,45,0,782760
BANKNIFTY-II.NFO,26/08/2024,09:27:04,51435.95,51430,90,51435.7,15,210,782760
BANKNIFTY-II.NFO,26/08/2024,09:27:06,51431.4,51425,45,51431.4,15,210,782760
BANKNIFTY-II.NFO,26/08/2024,09:27:07,51425,51422.5,30,51431.95,300,210,782760
BANKNIFTY-II.NFO,26/08/2024,09:27:09,51425,51422.5,30,51430.95,15,45,782760
BANKNIFTY-II.NFO,26/08/2024,09:27:10,51422.8,51426.3,15,51430.95,15,45,782760
BANKNIFTY-II.NFO,26/08/2024,09:27:12,51435.15,51426.55,135,51438.2,315,165,782760
BANKNIFTY-II.NFO,26/08/2024,09:27:14,51435.5,51425,15,51433.35,60,90,782760
BANKNIFTY-II.NFO,26/08/2024,09:27:15,51435.5,51426.4,135,51439.5,75,0,782760
BANKNIFTY-II.NFO,26/08/2024,09:27:17,51427.85,51427.85,135,51440.45,15,135,782760
BANKNIFTY-II.NFO,26/08/2024,09:27:18,51427.8,51426.45,30,51438.85,15,45,782760
BANKNIFTY-II.NFO,26/08/2024,09:27:20,51427.4,51425,15,51435.95,30,30,782760
BANKNIFTY-II.NFO,26/08/2024,09:27:22,51427.4,51427.8,15,51434.95,30,0,782760
BANKNIFTY-II.NFO,26/08/2024,09:27:23,51435.85,51427.8,15,51434.95,30,15,782760
BANKNIFTY-II.NFO,26/08/2024,09:27:25,51435.5,51427.8,15,51436,15,30,782760
BANKNIFTY-II.NFO,26/08/2024,09:27:27,51435.5,51427.8,15,51433.85,15,0,782760
BANKNIFTY-II.NFO,26/08/2024,09:27:28,51433.85,51427.8,15,51433.9,15,30,782760
BANKNIFTY-II.NFO,26/08/2024,09:27:30,51421.7,51421.05,120,51432.3,90,150,782760
BANKNIFTY-II.NFO,26/08/2024,09:27:32,51422.1,51422.1,135,51432.9,105,45,782760
BANKNIFTY-II.NFO,26/08/2024,09:27:33,51422.1,51430,15,51433,105,0,782760
BANKNIFTY-II.NFO,26/08/2024,09:27:35,51421,51421,15,51430.15,90,75,782760
BANKNIFTY-II.NFO,26/08/2024,09:27:37,51420,51420,75,51430.65,75,120,782760
BANKNIFTY-II.NFO,26/08/2024,09:27:38,51420,51420.1,135,51432.2,75,0,782760
BANKNIFTY-II.NFO,26/08/2024,09:27:40,51420.25,51427.05,120,51433.9,15,45,782760
BANKNIFTY-II.NFO,26/08/2024,09:27:42,51433.9,51423.65,135,51433.9,15,15,782760
BANKNIFTY-II.NFO,26/08/2024,09:27:43,51423.7,51425.15,90,51433.9,15,30,782760
BANKNIFTY-II.NFO,26/08/2024,09:27:45,51424.8,51424.75,45,51433.55,120,90,782760
BANKNIFTY-II.NFO,26/08/2024,09:27:47,51424.8,51423.35,105,51433.6,15,0,782175
BANKNIFTY-II.NFO,26/08/2024,09:27:50,51433.6,51422.25,90,51430,15,15,782175
BANKNIFTY-II.NFO,26/08/2024,09:27:52,51433.6,51423.1,90,51430,15,240,782175
BANKNIFTY-II.NFO,26/08/2024,09:27:53,51430,51424.75,45,51433,30,60,782175
BANKNIFTY-II.NFO,26/08/2024,09:27:55,51433,51424.85,45,51433,45,15,782175
BANKNIFTY-II.NFO,26/08/2024,09:27:56,51424.85,51424.8,15,51433,45,60,782175
BANKNIFTY-II.NFO,26/08/2024,09:27:58,51424.05,51424.05,120,51433.1,60,600,782175
BANKNIFTY-II.NFO,26/08/2024,09:28:00,51424.05,51432.45,15,51435,15,15,782175
BANKNIFTY-II.NFO,26/08/2024,09:28:01,51429.75,51429.6,90,51434,15,120,782175
BANKNIFTY-II.NFO,26/08/2024,09:28:03,51428.75,51433,15,51434,15,45,782175
BANKNIFTY-II.NFO,26/08/2024,09:28:05,51431.7,51431.7,60,51434,15,945,782175
BANKNIFTY-II.NFO,26/08/2024,09:28:06,51436.15,51431.4,90,51439,15,45,782175
BANKNIFTY-II.NFO,26/08/2024,09:28:08,51436.15,51432.35,75,51439,15,0,782175
BANKNIFTY-II.NFO,26/08/2024,09:28:10,51439,51434.35,15,51442,15,15,782175
BANKNIFTY-II.NFO,26/08/2024,09:28:11,51437.8,51437.3,15,51442,15,60,782175
BANKNIFTY-II.NFO,26/08/2024,09:28:13,51434.15,51431.45,15,51442,15,45,782175
BANKNIFTY-II.NFO,26/08/2024,09:28:15,51434.1,51437.75,15,51442,15,315,782175
BANKNIFTY-II.NFO,26/08/2024,09:28:16,51443.75,51433.1,15,51441.65,60,225,782175
BANKNIFTY-II.NFO,26/08/2024,09:28:18,51443.75,51435.4,15,51441.65,60,0,782175
BANKNIFTY-II.NFO,26/08/2024,09:28:20,51436.3,51437.1,15,51441.65,60,60,782175
BANKNIFTY-II.NFO,26/08/2024,09:28:21,51445,51438.5,15,51446.45,60,90,782175
BANKNIFTY-II.NFO,26/08/2024,09:28:23,51450,51450,15,51451,15,750,782175
BANKNIFTY-II.NFO,26/08/2024,09:28:25,51446.35,51446.65,15,51452,30,60,782175
BANKNIFTY-II.NFO,26/08/2024,09:28:26,51451.7,51451.95,15,51453.95,15,210,782175
BANKNIFTY-II.NFO,26/08/2024,09:28:28,51449.75,51449.65,15,51455,30,195,782175
BANKNIFTY-II.NFO,26/08/2024,09:28:30,51455,51447.4,15,51455,15,15,782175
BANKNIFTY-II.NFO,26/08/2024,09:28:31,51453.65,51448.8,150,51453.5,60,90,782175
BANKNIFTY-II.NFO,26/08/2024,09:28:33,51455,51454.1,30,51457.95,60,690,782175
BANKNIFTY-II.NFO,26/08/2024,09:28:33,51456.65,51454.1,30,51457.95,60,0,782175
BANKNIFTY-II.NFO,26/08/2024,09:28:35,51455,51449.1,30,51455,15,210,782175
BANKNIFTY-II.NFO,26/08/2024,09:28:35,51457.95,51449.1,30,51455,15,0,782175
BANKNIFTY-II.NFO,26/08/2024,09:28:36,51455.85,51447.75,75,51454.75,60,75,782175
BANKNIFTY-II.NFO,26/08/2024,09:28:38,51447.55,51450.55,30,51455,15,60,782175
BANKNIFTY-II.NFO,26/08/2024,09:28:40,51455.4,51454.1,30,51455,15,30,782175
BANKNIFTY-II.NFO,26/08/2024,09:28:41,51458.2,51448.85,30,51455.85,15,570,782175
BANKNIFTY-II.NFO,26/08/2024,09:28:41,51459,51448.85,30,51455.85,15,0,782175
BANKNIFTY-II.NFO,26/08/2024,09:28:43,51450,51448.8,15,51456.85,15,30,782175
BANKNIFTY-II.NFO,26/08/2024,09:28:45,51450,51450.05,120,51457.4,15,0,782175
BANKNIFTY-II.NFO,26/08/2024,09:28:46,51460,51450.1,105,51457.5,15,270,782175
BANKNIFTY-II.NFO,26/08/2024,09:28:46,51460,51450.1,105,51457.5,15,0,782175
BANKNIFTY-II.NFO,26/08/2024,09:28:48,51460,51450.9,105,51457.15,15,150,782175
BANKNIFTY-II.NFO,26/08/2024,09:28:50,51460,51452.35,60,51458.55,15,0,782175
BANKNIFTY-II.NFO,26/08/2024,09:28:51,51460,51454.05,60,51460.45,60,975,782175
BANKNIFTY-II.NFO,26/08/2024,09:28:53,51457.05,51453.05,75,51459.95,60,2325,782175
BANKNIFTY-II.NFO,26/08/2024,09:28:53,51461.25,51453.05,75,51459.95,60,0,782175
BANKNIFTY-II.NFO,26/08/2024,09:28:55,51450,51450,15,51457.4,15,75,782175
BANKNIFTY-II.NFO,26/08/2024,09:28:56,51451.55,51451,15,51457.05,15,90,782175
BANKNIFTY-II.NFO,26/08/2024,09:28:58,51458.65,51452.4,15,51457.9,60,45,782175
BANKNIFTY-II.NFO,26/08/2024,09:29:00,51447.4,51444.8,30,51453.45,15,165,782175
BANKNIFTY-II.NFO,26/08/2024,09:29:01,51457.1,51447.75,30,51456.5,45,60,782175
BANKNIFTY-II.NFO,26/08/2024,09:29:03,51447.6,51448.5,15,51456.95,15,75,782175
BANKNIFTY-II.NFO,26/08/2024,09:29:05,51447.6,51448.3,30,51454.6,15,0,782175
BANKNIFTY-II.NFO,26/08/2024,09:29:06,51448.45,51448.7,30,51450.5,60,15,782175
BANKNIFTY-II.NFO,26/08/2024,09:29:08,51447.75,51447.9,15,51450.45,45,210,782175
BANKNIFTY-II.NFO,26/08/2024,09:29:10,51442.4,51439.5,75,51448.15,15,90,782175
BANKNIFTY-II.NFO,26/08/2024,09:29:11,51445.85,51436.9,15,51445.85,15,105,782175
BANKNIFTY-II.NFO,26/08/2024,09:29:13,51446.05,51436.5,75,51446.05,135,45,782175
BANKNIFTY-II.NFO,26/08/2024,09:29:15,51436.55,51438.3,75,51447.55,15,210,782175
BANKNIFTY-II.NFO,26/08/2024,09:29:16,51447.8,51438.55,30,51447.85,15,60,782175
BANKNIFTY-II.NFO,26/08/2024,09:29:18,51438.75,51436.85,75,51447.25,135,30,782175
BANKNIFTY-II.NFO,26/08/2024,09:29:20,51438.75,51437.15,75,51446.65,120,0,782175
BANKNIFTY-II.NFO,26/08/2024,09:29:21,51448.1,51436.95,75,51445.95,120,45,782175
BANKNIFTY-II.NFO,26/08/2024,09:29:23,51447.7,51440.6,30,51447.55,15,15,782175
BANKNIFTY-II.NFO,26/08/2024,09:29:25,51441.5,51440.45,30,51448.15,15,15,782175
BANKNIFTY-II.NFO,26/08/2024,09:29:26,51442.3,51441.75,75,51448.75,15,45,782175
BANKNIFTY-II.NFO,26/08/2024,09:29:28,51450,51442.85,75,51448.75,15,150,782175
BANKNIFTY-II.NFO,26/08/2024,09:29:30,51447.5,51439.4,15,51448.65,15,75,782175
BANKNIFTY-II.NFO,26/08/2024,09:29:31,51447.5,51442,15,51449.4,15,0,782175
BANKNIFTY-II.NFO,26/08/2024,09:29:33,51449.4,51443.1,15,51450.55,60,15,782175
BANKNIFTY-II.NFO,26/08/2024,09:29:34,51449.8,51442.45,60,51450,60,45,782175
BANKNIFTY-II.NFO,26/08/2024,09:29:36,51450,51442.75,15,51450.2,60,45,782175
BANKNIFTY-II.NFO,26/08/2024,09:29:38,51449.8,51441.2,30,51450.25,120,300,782175
BANKNIFTY-II.NFO,26/08/2024,09:29:39,51445.5,51441.25,15,51446.5,60,165,782175
BANKNIFTY-II.NFO,26/08/2024,09:29:41,51447.8,51443.15,15,51447.95,60,75,782175
BANKNIFTY-II.NFO,26/08/2024,09:29:42,51443.6,51443.2,75,51447.95,45,30,782175
BANKNIFTY-II.NFO,26/08/2024,09:29:44,51448.95,51444.25,60,51448.8,60,75,782175
BANKNIFTY-II.NFO,26/08/2024,09:29:46,51449.35,51445.6,75,51449.35,30,60,782175
BANKNIFTY-II.NFO,26/08/2024,09:29:47,51449.35,51443.45,45,51446.75,15,0,782175
BANKNIFTY-II.NFO,26/08/2024,09:29:49,51456,51448.25,45,51456.8,15,210,782175
BANKNIFTY-II.NFO,26/08/2024,09:29:51,51456,51447.35,45,51452.95,60,0,782175
BANKNIFTY-II.NFO,26/08/2024,09:29:52,51452.1,51449,15,51452.1,45,30,782175
BANKNIFTY-II.NFO,26/08/2024,09:29:54,51450,51449,15,51450,15,15,782175
BANKNIFTY-II.NFO,26/08/2024,09:29:55,51449.55,51449.75,30,51455,15,45,782175
BANKNIFTY-II.NFO,26/08/2024,09:29:57,51455.35,51451.55,15,51455.15,60,135,782175
BANKNIFTY-II.NFO,26/08/2024,09:29:59,51452.95,51450,135,51455.45,75,150,782175
BANKNIFTY-II.NFO,26/08/2024,09:30:00,51450.05,51450.1,15,51457.45,60,135,782175
BANKNIFTY-II.NFO,26/08/2024,09:30:02,51455.65,51450.45,30,51457.95,75,180,782175
BANKNIFTY-II.NFO,26/08/2024,09:30:03,51457.45,51452.4,150,51456.05,15,420,782175
BANKNIFTY-II.NFO,26/08/2024,09:30:05,51459.75,51455.9,75,51460,435,135,782175
BANKNIFTY-II.NFO,26/08/2024,09:30:07,51455.65,51454.45,75,51460,300,150,782175
BANKNIFTY-II.NFO,26/08/2024,09:30:08,51460,51456.3,30,51460,210,165,782175
BANKNIFTY-II.NFO,26/08/2024,09:30:10,51458.45,51458.2,150,51465,195,675,782175
BANKNIFTY-II.NFO,26/08/2024,09:30:10,51465,51458.2,150,51465,195,0,782175
BANKNIFTY-II.NFO,26/08/2024,09:30:12,51465.4,51464.55,150,51465.65,15,435,782175
BANKNIFTY-II.NFO,26/08/2024,09:30:12,51465.55,51464.55,150,51465.65,15,0,782175
BANKNIFTY-II.NFO,26/08/2024,09:30:13,51466.25,51466.05,75,51473.6,60,555,782175
BANKNIFTY-II.NFO,26/08/2024,09:30:13,51475,51466.05,75,51473.6,60,0,782175
BANKNIFTY-II.NFO,26/08/2024,09:30:15,51460.25,51462.75,150,51472.75,30,270,782175
BANKNIFTY-II.NFO,26/08/2024,09:30:16,51461.4,51462.4,60,51471.1,15,1275,782175
BANKNIFTY-II.NFO,26/08/2024,09:30:16,51476.35,51462.4,60,51471.1,15,0,782175
BANKNIFTY-II.NFO,26/08/2024,09:30:18,51460.75,51460.95,15,51469.7,150,120,782175
BANKNIFTY-II.NFO,26/08/2024,09:30:20,51469.5,51463.5,105,51470.2,60,75,782175
BANKNIFTY-II.NFO,26/08/2024,09:30:21,51472.65,51463.55,150,51470.35,60,30,782175
BANKNIFTY-II.NFO,26/08/2024,09:30:23,51461.8,51465.55,60,51475.8,120,90,782175
BANKNIFTY-II.NFO,26/08/2024,09:30:24,51467.3,51464.8,30,51475.6,120,270,782175
BANKNIFTY-II.NFO,26/08/2024,09:30:26,51464.8,51461.9,75,51470,30,45,782175
BANKNIFTY-II.NFO,26/08/2024,09:30:28,51464.8,51460.9,105,51464.8,15,30,782175
BANKNIFTY-II.NFO,26/08/2024,09:30:29,51464.75,51457.95,15,51464.8,15,30,782175
BANKNIFTY-II.NFO,26/08/2024,09:30:31,51464.75,51455.45,15,51464.75,15,165,782175
BANKNIFTY-II.NFO,26/08/2024,09:30:33,51459.8,51450.05,15,51455.45,15,45,782175
BANKNIFTY-II.NFO,26/08/2024,09:30:34,51447.95,51444,15,51455.9,45,720,782175
BANKNIFTY-II.NFO,26/08/2024,09:30:36,51455,51448.05,150,51457.95,30,30,782175
BANKNIFTY-II.NFO,26/08/2024,09:30:38,51456.65,51445.1,150,51456.9,15,60,782175
BANKNIFTY-II.NFO,26/08/2024,09:30:39,51445.15,51448.1,135,51459.9,30,15,782175
BANKNIFTY-II.NFO,26/08/2024,09:30:41,51445.15,51445.3,120,51458.1,45,0,782175
BANKNIFTY-II.NFO,26/08/2024,09:30:43,51459.95,51449.05,120,51460.25,300,45,782175
BANKNIFTY-II.NFO,26/08/2024,09:30:45,51450.6,51448.9,120,51461.45,15,150,782175
BANKNIFTY-II.NFO,26/08/2024,09:30:46,51461.1,51451.75,120,51461.25,120,210,777450
BANKNIFTY-II.NFO,26/08/2024,09:30:48,51461.1,51450.15,120,51462.75,150,0,777450
BANKNIFTY-II.NFO,26/08/2024,09:30:50,51459.2,51450.8,150,51459.25,60,30,777450
BANKNIFTY-II.NFO,26/08/2024,09:30:51,51459.25,51451.6,150,51459.95,45,15,777450
BANKNIFTY-II.NFO,26/08/2024,09:30:53,51446.1,51445.15,15,51455.1,120,150,777450
BANKNIFTY-II.NFO,26/08/2024,09:30:55,51455,51444.55,150,51455.1,105,150,777450
BANKNIFTY-II.NFO,26/08/2024,09:30:56,51455.1,51444.65,150,51455.15,60,135,777450
BANKNIFTY-II.NFO,26/08/2024,09:30:58,51453,51445.25,120,51455.75,30,180,777450
BANKNIFTY-II.NFO,26/08/2024,09:31:00,51453,51447.5,15,51456.25,60,0,777450
BANKNIFTY-II.NFO,26/08/2024,09:31:01,51455.75,51446.9,15,51456.25,75,15,777450
BANKNIFTY-II.NFO,26/08/2024,09:31:03,51446.9,51445,15,51453.55,90,150,777450
BANKNIFTY-II.NFO,26/08/2024,09:31:05,51430.1,51431.55,90,51446.5,150,1185,777450
BANKNIFTY-II.NFO,26/08/2024,09:31:06,51442.95,51430.95,30,51441.9,135,45,777450
BANKNIFTY-II.NFO,26/08/2024,09:31:08,51425,51425,15,51437.1,150,300,777450
BANKNIFTY-II.NFO,26/08/2024,09:31:10,51426.2,51426.6,150,51439.4,120,45,777450
BANKNIFTY-II.NFO,26/08/2024,09:31:11,51443.9,51434.65,75,51443.9,30,90,777450
BANKNIFTY-II.NFO,26/08/2024,09:31:13,51445.3,51435,30,51445.3,45,30,777450
BANKNIFTY-II.NFO,26/08/2024,09:31:15,51445.3,51435,30,51444.45,75,0,777450
BANKNIFTY-II.NFO,26/08/2024,09:31:16,51441.25,51435,30,51441.25,15,60,777450
BANKNIFTY-II.NFO,26/08/2024,09:31:18,51435,51428.05,15,51435,15,30,777450
BANKNIFTY-II.NFO,26/08/2024,09:31:20,51425.25,51425,600,51435.65,45,45,777450
BANKNIFTY-II.NFO,26/08/2024,09:31:21,51426.65,51427.7,105,51438.7,300,120,777450
BANKNIFTY-II.NFO,26/08/2024,09:31:23,51438.95,51429.75,105,51439.4,270,30,777450
BANKNIFTY-II.NFO,26/08/2024,09:31:25,51438.95,51432.8,105,51441.45,300,0,777450
BANKNIFTY-II.NFO,26/08/2024,09:31:26,51445,51438.75,105,51445.3,15,30,777450
BANKNIFTY-II.NFO,26/08/2024,09:31:28,51441.3,51432.25,15,51441.25,15,75,777450
BANKNIFTY-II.NFO,26/08/2024,09:31:30,51435,51433.9,105,51435,15,135,777450
BANKNIFTY-II.NFO,26/08/2024,09:31:31,51441.3,51433.55,135,51442.25,15,45,777450
BANKNIFTY-II.NFO,26/08/2024,09:31:33,51444.1,51435.4,30,51444.1,15,150,777450
BANKNIFTY-II.NFO,26/08/2024,09:31:35,51444.1,51434.9,60,51444.1,15,0,777450
BANKNIFTY-II.NFO,26/08/2024,09:31:36,51444.1,51433.7,75,51443.65,15,0,777450
BANKNIFTY-II.NFO,26/08/2024,09:31:38,51433,51433.05,15,51442.45,15,120,777450
BANKNIFTY-II.NFO,26/08/2024,09:31:40,51442.1,51429,30,51440.8,150,180,777450
BANKNIFTY-II.NFO,26/08/2024,09:31:41,51440.8,51430.95,135,51440.8,15,45,777450
BANKNIFTY-II.NFO,26/08/2024,09:31:43,51432,51432,30,51442.7,15,30,777450
BANKNIFTY-II.NFO,26/08/2024,09:31:45,51435,51428.8,135,51439.65,15,30,777450
BANKNIFTY-II.NFO,26/08/2024,09:31:46,51431.05,51431.05,135,51442.85,15,75,777450
BANKNIFTY-II.NFO,26/08/2024,09:31:48,51442.9,51430.7,135,51442.4,15,45,777450
BANKNIFTY-II.NFO,26/08/2024,09:31:50,51442.9,51435,30,51441.25,15,0,777450
BANKNIFTY-II.NFO,26/08/2024,09:31:51,51431.1,51429.8,135,51440.9,15,90,777450
BANKNIFTY-II.NFO,26/08/2024,09:31:53,51442.7,51435,15,51443.5,15,90,777450
BANKNIFTY-II.NFO,26/08/2024,09:31:54,51444,51435.05,120,51442,15,120,777450
BANKNIFTY-II.NFO,26/08/2024,09:31:56,51442,51435,30,51444.05,15,90,777450
BANKNIFTY-II.NFO,26/08/2024,09:31:58,51444.1,51444.25,120,51445,15,60,777450
BANKNIFTY-II.NFO,26/08/2024,09:31:59,51444.15,51442.65,15,51446.9,15,30,777450
BANKNIFTY-II.NFO,26/08/2024,09:32:01,51442.65,51437.1,120,51442.65,45,60,777450
BANKNIFTY-II.NFO,26/08/2024,09:32:03,51448.9,51439.75,120,51449.95,15,75,777450
BANKNIFTY-II.NFO,26/08/2024,09:32:04,51449.25,51439.55,135,51449.95,30,15,777450
BANKNIFTY-II.NFO,26/08/2024,09:32:06,51449.25,51439.2,120,51448.85,30,0,777450
BANKNIFTY-II.NFO,26/08/2024,09:32:08,51437.05,51437.5,120,51447.95,75,120,777450
BANKNIFTY-II.NFO,26/08/2024,09:32:09,51448.85,51437.15,120,51446.05,45,15,777450
BANKNIFTY-II.NFO,26/08/2024,09:32:11,51448.9,51439,135,51449,105,75,777450
BANKNIFTY-II.NFO,26/08/2024,09:32:13,51448,51440.45,120,51448,75,45,777450
BANKNIFTY-II.NFO,26/08/2024,09:32:14,51448,51440.7,105,51448,15,60,777450
BANKNIFTY-II.NFO,26/08/2024,09:32:16,51439.75,51442.5,120,51449,90,60,777450
BANKNIFTY-II.NFO,26/08/2024,09:32:18,51449,51447.75,120,51449,45,45,777450
BANKNIFTY-II.NFO,26/08/2024,09:32:19,51449,51443.2,120,51448.8,15,15,777450
BANKNIFTY-II.NFO,26/08/2024,09:32:21,51449,51444,120,51449.25,150,45,777450
BANKNIFTY-II.NFO,26/08/2024,09:32:23,51444,51448.9,15,51449.25,150,15,777450
BANKNIFTY-II.NFO,26/08/2024,09:32:24,51449.25,51448.9,15,51449.25,135,15,777450
BANKNIFTY-II.NFO,26/08/2024,09:32:26,51448.9,51442.5,45,51448.9,420,165,777450
BANKNIFTY-II.NFO,26/08/2024,09:32:27,51448.9,51443.6,60,51448.9,345,75,777450
BANKNIFTY-II.NFO,26/08/2024,09:32:29,51448.9,51442.9,15,51448.9,345,0,777450
BANKNIFTY-II.NFO,26/08/2024,09:32:31,51445,51442.45,105,51445,480,60,777450
BANKNIFTY-II.NFO,26/08/2024,09:32:32,51445,51443.1,15,51445,375,120,777450
BANKNIFTY-II.NFO,26/08/2024,09:32:34,51445,51443.35,60,51445,135,255,777450
BANKNIFTY-II.NFO,26/08/2024,09:32:36,51448.9,51447.45,60,51448.9,270,240,777450
BANKNIFTY-II.NFO,26/08/2024,09:32:37,51449.25,51449.05,90,51449.25,105,360,777450
BANKNIFTY-II.NFO,26/08/2024,09:32:39,51455,51449.25,510,51455,390,315,777450
BANKNIFTY-II.NFO,26/08/2024,09:32:41,51455,51449.25,465,51455,360,60,777450
BANKNIFTY-II.NFO,26/08/2024,09:32:42,51455,51449.3,30,51455,330,90,777450
BANKNIFTY-II.NFO,26/08/2024,09:32:44,51455,51452.85,45,51455,240,150,777450
BANKNIFTY-II.NFO,26/08/2024,09:32:46,51455,51455.2,15,51458,15,240,777450
BANKNIFTY-II.NFO,26/08/2024,09:32:47,51453.4,51454.45,30,51459.25,15,45,777450
BANKNIFTY-II.NFO,26/08/2024,09:32:49,51455.45,51452.85,15,51455.45,30,30,777450
BANKNIFTY-II.NFO,26/08/2024,09:32:51,51452.25,51453.55,135,51459.25,15,45,777450
BANKNIFTY-II.NFO,26/08/2024,09:32:53,51459.25,51453.6,150,51464.75,120,15,777450
BANKNIFTY-II.NFO,26/08/2024,09:32:54,51464.8,51455.65,150,51464.8,555,90,777450
BANKNIFTY-II.NFO,26/08/2024,09:32:56,51464.8,51454.65,135,51464.75,120,15,777450
BANKNIFTY-II.NFO,26/08/2024,09:32:58,51464.8,51455.35,30,51464.8,540,15,777450
BANKNIFTY-II.NFO,26/08/2024,09:32:59,51464.8,51457.95,15,51464.8,420,135,777450
BANKNIFTY-II.NFO,26/08/2024,09:33:01,51466.7,51455,15,51466.7,135,660,777450
BANKNIFTY-II.NFO,26/08/2024,09:33:03,51463.95,51455,15,51463.9,120,30,777450
BANKNIFTY-II.NFO,26/08/2024,09:33:04,51463.95,51455.85,135,51464,135,90,777450
BANKNIFTY-II.NFO,26/08/2024,09:33:06,51464,51456.6,90,51464,75,75,777450
BANKNIFTY-II.NFO,26/08/2024,09:33:08,51458.2,51460.3,30,51464,75,15,777450
BANKNIFTY-II.NFO,26/08/2024,09:33:09,51460.7,51460.7,135,51464,45,45,777450
BANKNIFTY-II.NFO,26/08/2024,09:33:11,51466.7,51463.05,30,51468.95,15,105,777450
BANKNIFTY-II.NFO,26/08/2024,09:33:13,51465.05,51463,165,51470,120,60,777450
BANKNIFTY-II.NFO,26/08/2024,09:33:14,51465.05,51464,15,51470,120,0,777450
BANKNIFTY-II.NFO,26/08/2024,09:33:16,51463.6,51463.65,45,51470,105,90,777450
BANKNIFTY-II.NFO,26/08/2024,09:33:18,51470,51466.1,75,51470,60,75,777450
BANKNIFTY-II.NFO,26/08/2024,09:33:19,51472.35,51470.25,45,51474.4,30,210,777450
BANKNIFTY-II.NFO,26/08/2024,09:33:21,51475,51474.35,75,51476,30,90,777450
BANKNIFTY-II.NFO,26/08/2024,09:33:23,51478,51472.65,75,51478.9,15,315,777450
BANKNIFTY-II.NFO,26/08/2024,09:33:23,51478,51472.65,75,51478.9,15,0,777450
BANKNIFTY-II.NFO,26/08/2024,09:33:24,51471.6,51470.5,30,51474.4,15,60,777450
BANKNIFTY-II.NFO,26/08/2024,09:33:24,51478.85,51470.5,30,51474.4,15,0,777450
BANKNIFTY-II.NFO,26/08/2024,09:33:26,51479.7,51466.45,120,51479.45,45,705,777450
BANKNIFTY-II.NFO,26/08/2024,09:33:26,51480.35,51466.45,120,51479.45,45,0,777450
BANKNIFTY-II.NFO,26/08/2024,09:33:28,51470.45,51471.2,120,51480,45,60,777450
BANKNIFTY-II.NFO,26/08/2024,09:33:29,51488,51481.15,120,51488,180,255,777450
BANKNIFTY-II.NFO,26/08/2024,09:33:29,51488,51481.15,120,51488,180,0,777450
BANKNIFTY-II.NFO,26/08/2024,09:33:31,51488,51477.25,120,51481.15,15,150,777450
BANKNIFTY-II.NFO,26/08/2024,09:33:33,51487.95,51477.85,120,51487.95,120,45,777450
BANKNIFTY-II.NFO,26/08/2024,09:33:34,51487,51482.4,120,51488,75,375,777450
BANKNIFTY-II.NFO,26/08/2024,09:33:36,51481.15,51479.95,60,51488,60,45,777450
BANKNIFTY-II.NFO,26/08/2024,09:33:38,51480.65,51482.65,30,51488,15,435,777450
BANKNIFTY-II.NFO,26/08/2024,09:33:39,51490,51480.3,120,51490,465,990,777450
BANKNIFTY-II.NFO,26/08/2024,09:33:39,51490,51480.3,120,51490,465,0,777450
BANKNIFTY-II.NFO,26/08/2024,09:33:41,51487,51481.4,120,51490,60,495,777450
BANKNIFTY-II.NFO,26/08/2024,09:33:43,51489.95,51479.1,135,51490,60,75,777450
BANKNIFTY-II.NFO,26/08/2024,09:33:44,51489.95,51481.2,135,51489.95,30,75,777450
BANKNIFTY-II.NFO,26/08/2024,09:33:46,51489.95,51480.65,30,51489.95,75,30,779385
BANKNIFTY-II.NFO,26/08/2024,09:33:48,51489.95,51479.9,135,51489.95,30,135,779385
BANKNIFTY-II.NFO,26/08/2024,09:33:49,51477.7,51481,15,51489.85,30,165,779385
BANKNIFTY-II.NFO,26/08/2024,09:33:51,51490,51482.5,45,51489.95,15,90,779385
BANKNIFTY-II.NFO,26/08/2024,09:33:53,51490.1,51485.3,30,51489.95,15,345,779385
BANKNIFTY-II.NFO,26/08/2024,09:33:53,51490.1,51485.3,30,51489.95,15,0,779385
BANKNIFTY-II.NFO,26/08/2024,09:33:54,51482.55,51482.55,30,51484.2,15,135,779385
BANKNIFTY-II.NFO,26/08/2024,09:33:56,51490.1,51481.95,30,51490.1,180,45,779385
BANKNIFTY-II.NFO,26/08/2024,09:33:58,51490.1,51485.8,30,51490.1,120,135,779385
BANKNIFTY-II.NFO,26/08/2024,09:33:59,51490.1,51482.5,30,51490.1,60,60,779385
BANKNIFTY-II.NFO,26/08/2024,09:34:01,51480,51475.75,30,51482.15,15,90,779385
BANKNIFTY-II.NFO,26/08/2024,09:34:03,51482.6,51471.05,120,51481.9,90,135,779385
BANKNIFTY-II.NFO,26/08/2024,09:34:04,51485.25,51475.25,30,51485.25,45,135,779385
BANKNIFTY-II.NFO,26/08/2024,09:34:06,51488.85,51475.1,30,51488.55,60,30,779385
BANKNIFTY-II.NFO,26/08/2024,09:34:08,51476.75,51476.1,30,51487.9,30,15,779385
BANKNIFTY-II.NFO,26/08/2024,09:34:09,51487.1,51473.3,150,51485.7,15,30,779385
BANKNIFTY-II.NFO,26/08/2024,09:34:11,51488.85,51479.95,30,51490,15,15,779385
BANKNIFTY-II.NFO,26/08/2024,09:34:13,51479.5,51480.45,30,51489.55,15,15,779385
BANKNIFTY-II.NFO,26/08/2024,09:34:14,51490.1,51480.55,120,51490.1,105,255,779385
BANKNIFTY-II.NFO,26/08/2024,09:34:16,51490.1,51481.45,120,51490.1,75,30,779385
BANKNIFTY-II.NFO,26/08/2024,09:34:18,51487.1,51480.05,120,51490.1,75,45,779385
BANKNIFTY-II.NFO,26/08/2024,09:34:19,51493.9,51488.85,30,51494.95,15,855,779385
BANKNIFTY-II.NFO,26/08/2024,09:34:19,51498.95,51488.85,30,51494.95,15,0,779385
BANKNIFTY-II.NFO,26/08/2024,09:34:21,51482.5,51486.75,120,51492,15,720,779385
BANKNIFTY-II.NFO,26/08/2024,09:34:23,51495.8,51486.8,120,51495.65,15,150,779385
BANKNIFTY-II.NFO,26/08/2024,09:34:24,51495.65,51493.6,60,51499,180,270,779385
BANKNIFTY-II.NFO,26/08/2024,09:34:24,51499,51493.6,60,51499,180,0,779385
BANKNIFTY-II.NFO,26/08/2024,09:34:26,51490,51484.6,45,51490,15,195,779385
BANKNIFTY-II.NFO,26/08/2024,09:34:28,51488.6,51487.45,45,51495.8,15,30,779385
BANKNIFTY-II.NFO,26/08/2024,09:34:29,51495.8,51488.15,30,51498.95,135,45,779385
BANKNIFTY-II.NFO,26/08/2024,09:34:31,51498.95,51488.85,45,51498.95,135,15,779385
BANKNIFTY-II.NFO,26/08/2024,09:34:33,51491.2,51487.55,45,51491.2,30,90,779385
BANKNIFTY-II.NFO,26/08/2024,09:34:34,51498.95,51488.25,90,51498.9,135,165,779385
BANKNIFTY-II.NFO,26/08/2024,09:34:36,51498.9,51490,765,51498.85,120,15,779385
BANKNIFTY-II.NFO,26/08/2024,09:34:38,51490,51490,540,51498.55,75,300,779385
BANKNIFTY-II.NFO,26/08/2024,09:34:39,51492.15,51492.15,120,51498.95,75,135,779385
BANKNIFTY-II.NFO,26/08/2024,09:34:41,51498.95,51491.05,135,51499,180,105,779385
BANKNIFTY-II.NFO,26/08/2024,09:34:43,51498,51494.05,135,51499,75,180,779385
BANKNIFTY-II.NFO,26/08/2024,09:34:44,51498,51491.9,135,51498.95,15,0,779385
BANKNIFTY-II.NFO,26/08/2024,09:34:46,51491.9,51492.2,105,51499,45,105,779385
BANKNIFTY-II.NFO,26/08/2024,09:34:48,51495,51491.05,90,51498.95,15,120,779385
BANKNIFTY-II.NFO,26/08/2024,09:34:49,51499.7,51492,75,51499,15,75,779385
BANKNIFTY-II.NFO,26/08/2024,09:34:49,51499.7,51492,75,51499,15,0,779385
BANKNIFTY-II.NFO,26/08/2024,09:34:51,51495,51491.05,60,51495,30,105,779385
BANKNIFTY-II.NFO,26/08/2024,09:34:53,51490,51485.65,60,51496.8,120,690,779385
BANKNIFTY-II.NFO,26/08/2024,09:34:54,51497.8,51487.85,135,51497.7,30,255,779385
BANKNIFTY-II.NFO,26/08/2024,09:34:56,51498,51490.35,120,51498,105,30,779385
BANKNIFTY-II.NFO,26/08/2024,09:34:58,51497.85,51497.6,15,51499.9,15,255,779385
BANKNIFTY-II.NFO,26/08/2024,09:34:58,51499.9,51497.6,15,51499.9,15,0,779385
BANKNIFTY-II.NFO,26/08/2024,09:35:00,51500,51497.2,15,51500,1905,615,779385
BANKNIFTY-II.NFO,26/08/2024,09:35:00,51500,51497.2,15,51500,1905,0,779385
BANKNIFTY-II.NFO,26/08/2024,09:35:01,51500,51497.25,30,51500,690,1320,779385
BANKNIFTY-II.NFO,26/08/2024,09:35:03,51502.2,51497.8,120,51501.2,15,1065,779385
BANKNIFTY-II.NFO,26/08/2024,09:35:03,51502.2,51497.8,120,51501.2,15,0,779385
BANKNIFTY-II.NFO,26/08/2024,09:35:05,51500,51500,795,51505.3,30,360,779385
BANKNIFTY-II.NFO,26/08/2024,09:35:05,51505.05,51500,795,51505.3,30,0,779385
BANKNIFTY-II.NFO,26/08/2024,09:35:06,51495.85,51495.85,75,51504.95,30,1035,779385
BANKNIFTY-II.NFO,26/08/2024,09:35:06,51505.3,51495.85,75,51504.95,30,0,779385
BANKNIFTY-II.NFO,26/08/2024,09:35:08,51495.05,51495,30,51500,15,150,779385
BANKNIFTY-II.NFO,26/08/2024,09:35:10,51493,51495.1,120,51505,15,135,779385
BANKNIFTY-II.NFO,26/08/2024,09:35:11,51504.4,51493.4,135,51504.4,45,195,779385
BANKNIFTY-II.NFO,26/08/2024,09:35:11,51505.55,51493.4,135,51504.4,45,0,779385
BANKNIFTY-II.NFO,26/08/2024,09:35:13,51494.85,51494.75,75,51505.95,15,1875,779385
BANKNIFTY-II.NFO,26/08/2024,09:35:13,51506,51494.75,75,51505.95,15,0,779385
BANKNIFTY-II.NFO,26/08/2024,09:35:15,51494.85,51495,45,51505.65,45,0,779385
BANKNIFTY-II.NFO,26/08/2024,09:35:16,51495,51495,30,51505.2,15,15,779385
BANKNIFTY-II.NFO,26/08/2024,09:35:18,51503.95,51495.5,135,51505.3,60,195,779385
BANKNIFTY-II.NFO,26/08/2024,09:35:18,51507,51495.5,135,51505.3,60,0,779385
BANKNIFTY-II.NFO,26/08/2024,09:35:20,51500.1,51498.2,120,51506.95,60,735,779385
BANKNIFTY-II.NFO,26/08/2024,09:35:20,51511.25,51498.2,120,51506.95,60,0,779385
BANKNIFTY-II.NFO,26/08/2024,09:35:21,51500,51498.75,150,51500,15,120,779385
BANKNIFTY-II.NFO,26/08/2024,09:35:23,51498.95,51500.1,15,51507.95,60,45,779385
BANKNIFTY-II.NFO,26/08/2024,09:35:26,51501.5,51500.05,30,51501.5,15,960,779385
BANKNIFTY-II.NFO,26/08/2024,09:35:26,51515,51500.05,30,51501.5,15,0,779385
BANKNIFTY-II.NFO,26/08/2024,09:35:28,51506.6,51496.35,30,51508.25,30,285,779385
BANKNIFTY-II.NFO,26/08/2024,09:35:29,51510,51497.85,30,51509.3,30,930,779385
BANKNIFTY-II.NFO,26/08/2024,09:35:31,51507.7,51501.35,45,51510.8,60,45,779385
BANKNIFTY-II.NFO,26/08/2024,09:35:33,51501.55,51500.45,120,51511.4,60,90,779385
BANKNIFTY-II.NFO,26/08/2024,09:35:34,51501.6,51498.8,15,51501.6,15,90,779385
BANKNIFTY-II.NFO,26/08/2024,09:35:36,51509.65,51500,15,51509.65,30,120,779385
BANKNIFTY-II.NFO,26/08/2024,09:35:38,51509.65,51499.2,30,51509.7,60,45,779385
BANKNIFTY-II.NFO,26/08/2024,09:35:39,51498,51495.15,120,51506.25,30,120,779385
BANKNIFTY-II.NFO,26/08/2024,09:35:41,51509.5,51499.05,45,51509.7,60,45,779385
BANKNIFTY-II.NFO,26/08/2024,09:35:43,51515,51501.8,75,51510.4,60,555,779385
BANKNIFTY-II.NFO,26/08/2024,09:35:44,51510.4,51500,15,51502.4,15,45,779385
BANKNIFTY-II.NFO,26/08/2024,09:35:46,51509,51499.65,30,51509.65,15,75,779385
BANKNIFTY-II.NFO,26/08/2024,09:35:48,51500.05,51500.1,30,51510.15,15,75,779385
BANKNIFTY-II.NFO,26/08/2024,09:35:49,51500.1,51500,15,51509.25,30,45,779385
BANKNIFTY-II.NFO,26/08/2024,09:35:51,51498.3,51498.3,90,51508.25,15,105,779385
BANKNIFTY-II.NFO,26/08/2024,09:35:53,51495,51493.35,75,51500.1,60,345,779385
BANKNIFTY-II.NFO,26/08/2024,09:35:54,51480.05,51480.05,75,51489.7,15,1650,779385
BANKNIFTY-II.NFO,26/08/2024,09:35:56,51484.75,51480,120,51485.65,45,600,779385
BANKNIFTY-II.NFO,26/08/2024,09:35:58,51490,51480.05,30,51491.7,15,60,779385
BANKNIFTY-II.NFO,26/08/2024,09:35:59,51490,51486.75,45,51497.2,15,0,779385
BANKNIFTY-II.NFO,26/08/2024,09:36:01,51493.15,51481.5,30,51491.5,30,975,779385
BANKNIFTY-II.NFO,26/08/2024,09:36:03,51493.4,51481.2,45,51493.9,30,60,779385
BANKNIFTY-II.NFO,26/08/2024,09:36:04,51493.4,51480.5,30,51490,15,0,779385
BANKNIFTY-II.NFO,26/08/2024,09:36:06,51489.95,51480.05,30,51490,15,90,779385
BANKNIFTY-II.NFO,26/08/2024,09:36:08,51490,51482.65,45,51494.6,60,15,779385
BANKNIFTY-II.NFO,26/08/2024,09:36:09,51489.9,51481.65,30,51489.95,15,90,779385
BANKNIFTY-II.NFO,26/08/2024,09:36:11,51482.65,51480.5,15,51481.65,240,150,779385
BANKNIFTY-II.NFO,26/08/2024,09:36:13,51481.65,51481,30,51481.65,165,105,779385
BANKNIFTY-II.NFO,26/08/2024,09:36:14,51480,51480,165,51481.65,165,60,779385
BANKNIFTY-II.NFO,26/08/2024,09:36:16,51481.65,51480,165,51481.65,135,30,779385
BANKNIFTY-II.NFO,26/08/2024,09:36:18,51481.65,51480.05,45,51481.65,75,90,779385
BANKNIFTY-II.NFO,26/08/2024,09:36:19,51490.8,51480.05,30,51486.9,30,120,779385
BANKNIFTY-II.NFO,26/08/2024,09:36:21,51489.9,51480.1,30,51489.95,15,135,779385
BANKNIFTY-II.NFO,26/08/2024,09:36:23,51480,51480,135,51488.4,300,45,779385
BANKNIFTY-II.NFO,26/08/2024,09:36:24,51480,51480,120,51487.95,45,15,779385
BANKNIFTY-II.NFO,26/08/2024,09:36:26,51480,51480,165,51487.85,60,0,779385
BANKNIFTY-II.NFO,26/08/2024,09:36:28,51488.35,51480,75,51488.35,60,105,779385
BANKNIFTY-II.NFO,26/08/2024,09:36:29,51477.1,51475,15,51482.6,60,90,779385
BANKNIFTY-II.NFO,26/08/2024,09:36:31,51474.8,51463.1,30,51475.2,15,690,779385
BANKNIFTY-II.NFO,26/08/2024,09:36:33,51475.2,51463.7,75,51476.2,45,30,779385
BANKNIFTY-II.NFO,26/08/2024,09:36:34,51476.9,51465.8,30,51477.5,15,1050,779385
BANKNIFTY-II.NFO,26/08/2024,09:36:36,51467.2,51467.2,30,51479.1,60,300,779385
BANKNIFTY-II.NFO,26/08/2024,09:36:38,51467.2,51466.4,120,51470,15,0,779385
BANKNIFTY-II.NFO,26/08/2024,09:36:39,51467.2,51466.85,150,51470,15,0,779385
BANKNIFTY-II.NFO,26/08/2024,09:36:41,51477.85,51469.05,135,51479.9,60,30,779385
BANKNIFTY-II.NFO,26/08/2024,09:36:43,51471.6,51471.4,135,51480,15,105,779385
BANKNIFTY-II.NFO,26/08/2024,09:36:44,51471.45,51470.4,165,51480,15,15,779385
BANKNIFTY-II.NFO,26/08/2024,09:36:46,51472.7,51472.7,120,51480,15,15,779385
BANKNIFTY-II.NFO,26/08/2024,09:36:48,51472.15,51472.1,15,51480,15,30,779295
BANKNIFTY-II.NFO,26/08/2024,09:36:49,51471.5,51471.45,15,51480.55,90,75,779295
BANKNIFTY-II.NFO,26/08/2024,09:36:51,51476.5,51476.55,30,51477.75,195,150,779295
BANKNIFTY-II.NFO,26/08/2024,09:36:53,51470.3,51469,120,51470.3,45,60,779295
BANKNIFTY-II.NFO,26/08/2024,09:36:54,51467,51464.25,120,51467,45,90,779295
BANKNIFTY-II.NFO,26/08/2024,09:36:56,51467.1,51467.15,30,51477.05,285,210,779295
BANKNIFTY-II.NFO,26/08/2024,09:36:58,51468.25,51467.7,45,51478.6,30,30,779295
BANKNIFTY-II.NFO,26/08/2024,09:36:59,51478.75,51469.3,30,51478.75,30,105,779295
BANKNIFTY-II.NFO,26/08/2024,09:37:01,51483,51479.9,15,51484.55,300,705,779295
BANKNIFTY-II.NFO,26/08/2024,09:37:03,51479.9,51479.85,15,51485.5,30,30,779295
BANKNIFTY-II.NFO,26/08/2024,09:37:04,51479.85,51474.1,30,51485.05,300,15,779295
BANKNIFTY-II.NFO,26/08/2024,09:37:06,51474.1,51474.9,30,51486.1,30,15,779295
BANKNIFTY-II.NFO,26/08/2024,09:37:08,51474.1,51480,30,51490,60,0,779295
BANKNIFTY-II.NFO,26/08/2024,09:37:09,51479.9,51479.9,15,51490,60,30,779295
BANKNIFTY-II.NFO,26/08/2024,09:37:11,51488.55,51488.55,15,51490,60,15,779295
BANKNIFTY-II.NFO,26/08/2024,09:37:13,51480.2,51480.2,30,51490,60,45,779295
BANKNIFTY-II.NFO,26/08/2024,09:37:14,51481.35,51481.7,30,51490,60,15,779295
BANKNIFTY-II.NFO,26/08/2024,09:37:16,51490,51485.95,15,51490,30,30,779295
BANKNIFTY-II.NFO,26/08/2024,09:37:18,51490,51486.45,30,51490,15,75,779295
BANKNIFTY-II.NFO,26/08/2024,09:37:19,51488.65,51490.05,15,51491.6,30,30,779295
BANKNIFTY-II.NFO,26/08/2024,09:37:21,51490.05,51490,30,51490.05,15,60,779295
BANKNIFTY-II.NFO,26/08/2024,09:37:23,51495.65,51484.9,15,51490,15,75,779295
BANKNIFTY-II.NFO,26/08/2024,09:37:24,51495.65,51483.65,45,51490,15,0,779295
BANKNIFTY-II.NFO,26/08/2024,09:37:26,51487.7,51487.1,45,51497.9,15,30,779295
BANKNIFTY-II.NFO,26/08/2024,09:37:28,51497.9,51488.65,75,51497.9,30,45,779295
BANKNIFTY-II.NFO,26/08/2024,09:37:29,51497.9,51488.1,45,51497.9,30,0,779295
BANKNIFTY-II.NFO,26/08/2024,09:37:31,51497.9,51490.4,60,51497.9,15,15,779295
BANKNIFTY-II.NFO,26/08/2024,09:37:33,51495.65,51495.65,15,51500,405,105,779295
BANKNIFTY-II.NFO,26/08/2024,09:37:34,51495.7,51495.65,15,51497,15,15,779295
BANKNIFTY-II.NFO,26/08/2024,09:37:36,51497,51495.65,15,51500,405,15,779295
BANKNIFTY-II.NFO,26/08/2024,09:37:38,51495.65,51492.15,30,51495.65,15,30,779295
BANKNIFTY-II.NFO,26/08/2024,09:37:39,51499.95,51492.7,30,51500,435,30,779295
BANKNIFTY-II.NFO,26/08/2024,09:37:41,51492.85,51490,15,51492.85,270,150,779295
BANKNIFTY-II.NFO,26/08/2024,09:37:43,51492.85,51490,15,51492.85,225,60,779295
BANKNIFTY-II.NFO,26/08/2024,09:37:44,51490,51485.05,30,51487.75,15,150,779295
BANKNIFTY-II.NFO,26/08/2024,09:37:46,51485.05,51485.15,15,51490,90,15,779295
BANKNIFTY-II.NFO,26/08/2024,09:37:48,51490,51485.15,15,51490,180,90,779295
BANKNIFTY-II.NFO,26/08/2024,09:37:49,51485.05,51486.2,15,51490,180,30,779295
BANKNIFTY-II.NFO,26/08/2024,09:37:51,51485.2,51485.05,60,51490,135,75,779295
BANKNIFTY-II.NFO,26/08/2024,09:37:52,51485.05,51485,30,51485.05,375,60,779295
BANKNIFTY-II.NFO,26/08/2024,09:37:54,51485,51485,15,51485.05,255,135,779295
BANKNIFTY-II.NFO,26/08/2024,09:37:56,51490,51490,75,51496.65,120,840,779295
BANKNIFTY-II.NFO,26/08/2024,09:37:57,51494.5,51486.7,15,51496.65,120,75,779295
BANKNIFTY-II.NFO,26/08/2024,09:37:59,51490,51490,15,51497.45,120,45,779295
BANKNIFTY-II.NFO,26/08/2024,09:38:01,51490,51484.5,45,51490,15,15,779295
BANKNIFTY-II.NFO,26/08/2024,09:38:02,51497.05,51486.05,60,51495.95,105,60,779295
BANKNIFTY-II.NFO,26/08/2024,09:38:04,51497.05,51490,30,51495.95,105,0,779295
BANKNIFTY-II.NFO,26/08/2024,09:38:06,51499.9,51490,45,51498.9,60,75,779295
BANKNIFTY-II.NFO,26/08/2024,09:38:07,51499.9,51490,45,51498.45,60,0,779295
BANKNIFTY-II.NFO,26/08/2024,09:38:09,51499.9,51490.05,120,51497.05,15,0,779295
BANKNIFTY-II.NFO,26/08/2024,09:38:11,51499.9,51490,45,51497.05,15,0,779295
BANKNIFTY-II.NFO,26/08/2024,09:38:12,51491.3,51491.3,120,51499.9,90,45,779295
BANKNIFTY-II.NFO,26/08/2024,09:38:14,51499.9,51490.2,135,51499.9,30,60,779295
BANKNIFTY-II.NFO,26/08/2024,09:38:16,51499.9,51491.3,120,51498.8,15,45,779295
BANKNIFTY-II.NFO,26/08/2024,09:38:17,51500,51492.6,120,51500,360,105,779295
BANKNIFTY-II.NFO,26/08/2024,09:38:19,51492.7,51492.8,30,51499.9,60,30,779295
BANKNIFTY-II.NFO,26/08/2024,09:38:21,51493.4,51493.45,30,51505.2,30,930,779295
BANKNIFTY-II.NFO,26/08/2024,09:38:22,51493.4,51495.3,30,51500,15,0,779295
BANKNIFTY-II.NFO,26/08/2024,09:38:24,51509.95,51499.05,15,51499.9,15,45,779295
BANKNIFTY-II.NFO,26/08/2024,09:38:26,51499.8,51499.85,120,51510,105,45,779295
BANKNIFTY-II.NFO,26/08/2024,09:38:27,51501.45,51499.4,120,51509.95,30,630,779295
BANKNIFTY-II.NFO,26/08/2024,09:38:29,51510.5,51499.65,30,51510.6,30,165,779295
BANKNIFTY-II.NFO,26/08/2024,09:38:31,51510.5,51500.85,120,51511.9,30,0,779295
BANKNIFTY-II.NFO,26/08/2024,09:38:32,51510,51501.05,120,51510,15,15,779295
BANKNIFTY-II.NFO,26/08/2024,09:38:34,51511.1,51500.5,45,51511.6,30,45,779295
BANKNIFTY-II.NFO,26/08/2024,09:38:36,51511.1,51501.45,60,51511.55,15,0,779295
BANKNIFTY-II.NFO,26/08/2024,09:38:37,51510,51503.1,60,51511.45,15,30,779295
BANKNIFTY-II.NFO,26/08/2024,09:38:39,51510,51503.1,60,51510.45,15,60,779295
BANKNIFTY-II.NFO,26/08/2024,09:38:41,51510.45,51503.2,30,51510.5,15,15,779295
BANKNIFTY-II.NFO,26/08/2024,09:38:42,51510.4,51503.9,120,51510.4,15,15,779295
BANKNIFTY-II.NFO,26/08/2024,09:38:44,51509.5,51502.2,135,51509.5,120,135,779295
BANKNIFTY-II.NFO,26/08/2024,09:38:46,51501.4,51501.9,120,51509.5,120,15,779295
BANKNIFTY-II.NFO,26/08/2024,09:38:47,51509.5,51501.3,135,51509.5,105,45,779295
BANKNIFTY-II.NFO,26/08/2024,09:38:49,51509.45,51501.8,135,51509.35,15,30,779295
BANKNIFTY-II.NFO,26/08/2024,09:38:51,51501.1,51501.1,30,51503.9,15,30,779295
BANKNIFTY-II.NFO,26/08/2024,09:38:52,51503.9,51501.15,45,51508.15,105,15,779295
BANKNIFTY-II.NFO,26/08/2024,09:38:54,51507.5,51501,15,51507.7,75,90,779295
BANKNIFTY-II.NFO,26/08/2024,09:38:56,51504.1,51501,15,51504.95,105,990,779295
BANKNIFTY-II.NFO,26/08/2024,09:38:57,51501,51500,45,51503.7,75,90,779295
BANKNIFTY-II.NFO,26/08/2024,09:38:59,51493.5,51493.45,30,51495,15,105,779295
BANKNIFTY-II.NFO,26/08/2024,09:39:01,51493.4,51486.15,60,51496.9,30,45,779295
BANKNIFTY-II.NFO,26/08/2024,09:39:02,51500,51490.3,60,51499.9,30,135,779295
BANKNIFTY-II.NFO,26/08/2024,09:39:04,51500,51491.15,45,51500,45,0,779295
BANKNIFTY-II.NFO,26/08/2024,09:39:06,51491.65,51491.65,15,51500,45,120,779295
BANKNIFTY-II.NFO,26/08/2024,09:39:07,51499.6,51490.9,45,51499.95,15,90,779295
BANKNIFTY-II.NFO,26/08/2024,09:39:09,51490.95,51489.8,60,51499.95,30,30,779295
BANKNIFTY-II.NFO,26/08/2024,09:39:11,51500.45,51489.8,45,51498.6,30,195,779295
BANKNIFTY-II.NFO,26/08/2024,09:39:12,51500.45,51489.8,45,51500,30,0,779295
BANKNIFTY-II.NFO,26/08/2024,09:39:14,51500.2,51490.15,75,51500.3,30,75,779295
BANKNIFTY-II.NFO,26/08/2024,09:39:16,51500.2,51490.15,75,51500,300,0,779295
BANKNIFTY-II.NFO,26/08/2024,09:39:17,51491.65,51492.7,45,51500.2,15,15,779295
BANKNIFTY-II.NFO,26/08/2024,09:39:19,51491.65,51493.15,75,51500.2,15,0,779295
BANKNIFTY-II.NFO,26/08/2024,09:39:21,51491.65,51496.95,75,51500.2,15,0,779295
BANKNIFTY-II.NFO,26/08/2024,09:39:22,51500.45,51498.3,120,51500.45,15,150,779295
BANKNIFTY-II.NFO,26/08/2024,09:39:24,51507.95,51499.55,120,51507.95,15,90,779295
BANKNIFTY-II.NFO,26/08/2024,09:39:26,51501,51499.15,45,51507.85,15,15,779295
BANKNIFTY-II.NFO,26/08/2024,09:39:27,51501,51495.65,135,51500,15,0,779295
BANKNIFTY-II.NFO,26/08/2024,09:39:29,51501,51496.35,180,51500,15,0,779295
BANKNIFTY-II.NFO,26/08/2024,09:39:31,51507.95,51498.15,45,51507.4,15,30,779295
BANKNIFTY-II.NFO,26/08/2024,09:39:32,51499.05,51499.05,15,51508,15,105,779295
BANKNIFTY-II.NFO,26/08/2024,09:39:34,51500.2,51498.55,15,51500.2,45,15,779295
BANKNIFTY-II.NFO,26/08/2024,09:39:36,51500.2,51499.25,135,51508,15,45,779295
BANKNIFTY-II.NFO,26/08/2024,09:39:37,51499.5,51499.5,90,51507,15,180,779295
BANKNIFTY-II.NFO,26/08/2024,09:39:39,51500.05,51500.05,60,51510,105,60,779295
BANKNIFTY-II.NFO,26/08/2024,09:39:41,51500.05,51497.75,60,51507,30,15,779295
BANKNIFTY-II.NFO,26/08/2024,09:39:42,51507,51498.95,45,51509.85,120,30,779295
BANKNIFTY-II.NFO,26/08/2024,09:39:44,51509.9,51504.8,120,51509.9,15,105,779295
BANKNIFTY-II.NFO,26/08/2024,09:39:46,51511.1,51511.1,60,51514.95,15,150,779295
BANKNIFTY-II.NFO,26/08/2024,09:39:47,51515,51512.6,60,51515,675,135,780360
BANKNIFTY-II.NFO,26/08/2024,09:39:49,51515,51512.6,75,51515,600,75,780360
BANKNIFTY-II.NFO,26/08/2024,09:39:51,51515,51512.6,60,51515,555,60,780360
BANKNIFTY-II.NFO,26/08/2024,09:39:52,51512.6,51509.4,30,51515,390,195,780360
BANKNIFTY-II.NFO,26/08/2024,09:39:54,51515,51509.45,45,51515,375,15,780360
BANKNIFTY-II.NFO,26/08/2024,09:39:56,51515,51511.65,15,51515,330,75,780360
BANKNIFTY-II.NFO,26/08/2024,09:39:57,51518,51515.15,15,51520,240,1065,780360
BANKNIFTY-II.NFO,26/08/2024,09:39:57,51520,51515.15,15,51520,240,0,780360
BANKNIFTY-II.NFO,26/08/2024,09:39:59,51519.55,51512.05,30,51517.3,15,555,780360
BANKNIFTY-II.NFO,26/08/2024,09:40:01,51512,51507.15,15,51516,15,30,780360
BANKNIFTY-II.NFO,26/08/2024,09:40:02,51512,51507.95,30,51514.2,15,0,780360
BANKNIFTY-II.NFO,26/08/2024,09:40:04,51508,51505.2,15,51510,30,45,780360
BANKNIFTY-II.NFO,26/08/2024,09:40:06,51516.7,51512,15,51520,165,120,780360
BANKNIFTY-II.NFO,26/08/2024,09:40:07,51516.7,51512,30,51518.9,30,0,780360
BANKNIFTY-II.NFO,26/08/2024,09:40:09,51508,51507.3,75,51516.65,30,60,780360
BANKNIFTY-II.NFO,26/08/2024,09:40:11,51508,51505.15,75,51514.25,135,0,780360
BANKNIFTY-II.NFO,26/08/2024,09:40:12,51508,51506.35,90,51516.3,60,90,780360
BANKNIFTY-II.NFO,26/08/2024,09:40:14,51508,51505.6,15,51510,15,15,780360
BANKNIFTY-II.NFO,26/08/2024,09:40:16,51510,51505.65,75,51515.15,120,15,780360
BANKNIFTY-II.NFO,26/08/2024,09:40:17,51515.55,51506.85,90,51516.2,30,105,780360
BANKNIFTY-II.NFO,26/08/2024,09:40:19,51510,51508.2,90,51515,15,15,780360
BANKNIFTY-II.NFO,26/08/2024,09:40:21,51510,51505.6,120,51514.9,120,0,780360
BANKNIFTY-II.NFO,26/08/2024,09:40:22,51508.15,51508.25,60,51515,30,75,780360
BANKNIFTY-II.NFO,26/08/2024,09:40:24,51520,51512.9,30,51520,90,135,780360
BANKNIFTY-II.NFO,26/08/2024,09:40:25,51517.8,51507.6,15,51512.9,15,45,780360
BANKNIFTY-II.NFO,26/08/2024,09:40:27,51517.8,51505.8,15,51512.9,15,0,780360
BANKNIFTY-II.NFO,26/08/2024,09:40:29,51505.8,51505,15,51512.9,15,15,780360
BANKNIFTY-II.NFO,26/08/2024,09:40:30,51500,51500.05,15,51508.85,120,60,780360
BANKNIFTY-II.NFO,26/08/2024,09:40:32,51506.45,51500.2,45,51510.35,120,30,780360
BANKNIFTY-II.NFO,26/08/2024,09:40:34,51506.85,51500.1,15,51506.85,105,150,780360
BANKNIFTY-II.NFO,26/08/2024,09:40:35,51506.85,51500.1,15,51506.3,90,15,780360
BANKNIFTY-II.NFO,26/08/2024,09:40:37,51500,51500,105,51506.2,90,30,780360
BANKNIFTY-II.NFO,26/08/2024,09:40:39,51497,51493.2,120,51503.6,90,135,780360
BANKNIFTY-II.NFO,26/08/2024,09:40:40,51504.15,51494.15,120,51504.2,75,15,780360
BANKNIFTY-II.NFO,26/08/2024,09:40:42,51504.2,51496.5,120,51505.65,45,45,780360
BANKNIFTY-II.NFO,26/08/2024,09:40:44,51505.7,51497.75,120,51508.1,45,15,780360
BANKNIFTY-II.NFO,26/08/2024,09:40:45,51505.7,51498.95,120,51500.1,15,0,780360
BANKNIFTY-II.NFO,26/08/2024,09:40:47,51500.35,51501.4,120,51510.65,60,75,780360
BANKNIFTY-II.NFO,26/08/2024,09:40:49,51509.45,51502.15,90,51510.4,75,60,780360
BANKNIFTY-II.NFO,26/08/2024,09:40:50,51502.35,51502.35,75,51510.05,45,75,780360
BANKNIFTY-II.NFO,26/08/2024,09:40:52,51502.35,51500.8,120,51502.35,480,135,780360
BANKNIFTY-II.NFO,26/08/2024,09:40:54,51500.75,51499.65,15,51502.35,435,60,780360
BANKNIFTY-II.NFO,26/08/2024,09:40:55,51499.75,51499.7,15,51502.35,420,30,780360
BANKNIFTY-II.NFO,26/08/2024,09:40:57,51499.75,51499.8,135,51502.35,420,45,780360
BANKNIFTY-II.NFO,26/08/2024,09:40:59,51499.75,51499.95,15,51502.35,420,15,780360
BANKNIFTY-II.NFO,26/08/2024,09:41:00,51496.1,51493.35,75,51502.2,135,225,780360
BANKNIFTY-II.NFO,26/08/2024,09:41:02,51495,51491,15,51496.55,120,105,780360
BANKNIFTY-II.NFO,26/08/2024,09:41:04,51490.1,51490.1,795,51497.75,135,120,780360
BANKNIFTY-II.NFO,26/08/2024,09:41:05,51490,51483,75,51491.8,120,870,780360
BANKNIFTY-II.NFO,26/08/2024,09:41:07,51489.95,51488,15,51493.8,120,60,780360
BANKNIFTY-II.NFO,26/08/2024,09:41:09,51484.25,51482.35,45,51491.9,120,90,780360
BANKNIFTY-II.NFO,26/08/2024,09:41:10,51482.1,51482.1,870,51490.05,120,15,780360
BANKNIFTY-II.NFO,26/08/2024,09:41:12,51486.75,51482.1,705,51487.6,90,210,780360
BANKNIFTY-II.NFO,26/08/2024,09:41:14,51482.1,51478,15,51483.75,75,750,780360
BANKNIFTY-II.NFO,26/08/2024,09:41:15,51482.1,51478,15,51486.85,75,0,780360
BANKNIFTY-II.NFO,26/08/2024,09:41:17,51482.9,51478,15,51485.9,45,45,780360
BANKNIFTY-II.NFO,26/08/2024,09:41:19,51482.9,51478,15,51486.3,45,0,780360
BANKNIFTY-II.NFO,26/08/2024,09:41:20,51486.35,51482.1,15,51486.65,30,60,780360
BANKNIFTY-II.NFO,26/08/2024,09:41:22,51478,51477.95,120,51486.75,150,300,780360
BANKNIFTY-II.NFO,26/08/2024,09:41:24,51478,51478,105,51486.75,135,30,780360
BANKNIFTY-II.NFO,26/08/2024,09:41:25,51478,51479.7,105,51486.75,135,0,780360
BANKNIFTY-II.NFO,26/08/2024,09:41:27,51482.55,51481.85,45,51486.75,120,120,780360
BANKNIFTY-II.NFO,26/08/2024,09:41:29,51479.75,51479.6,75,51486.7,300,90,780360
BANKNIFTY-II.NFO,26/08/2024,09:41:30,51481.85,51480.05,75,51481.85,45,30,780360
BANKNIFTY-II.NFO,26/08/2024,09:41:32,51481.85,51482.4,120,51486.7,300,120,780360
BANKNIFTY-II.NFO,26/08/2024,09:41:34,51482.95,51480.85,30,51492.25,30,495,780360
BANKNIFTY-II.NFO,26/08/2024,09:41:35,51482.95,51481.45,30,51492.2,45,0,780360
BANKNIFTY-II.NFO,26/08/2024,09:41:37,51482.95,51482.75,75,51493.9,45,0,780360
BANKNIFTY-II.NFO,26/08/2024,09:41:39,51482.95,51483,30,51490,15,0,780360
BANKNIFTY-II.NFO,26/08/2024,09:41:40,51488.1,51488.1,30,51498.95,30,45,780360
BANKNIFTY-II.NFO,26/08/2024,09:41:42,51500,51488.95,30,51500,15,30,780360
BANKNIFTY-II.NFO,26/08/2024,09:41:44,51491.85,51493.3,30,51500,30,30,780360
BANKNIFTY-II.NFO,26/08/2024,09:41:45,51494.7,51496.2,60,51500,30,15,780360
BANKNIFTY-II.NFO,26/08/2024,09:41:47,51499.95,51492.15,30,51499.95,285,45,780360
BANKNIFTY-II.NFO,26/08/2024,09:41:49,51499.95,51494.05,60,51499.95,255,30,780360
BANKNIFTY-II.NFO,26/08/2024,09:41:50,51499.95,51490.6,45,51499.95,225,60,780360
BANKNIFTY-II.NFO,26/08/2024,09:41:52,51499.95,51488.15,75,51499.5,120,60,780360
BANKNIFTY-II.NFO,26/08/2024,09:41:54,51488.4,51488.4,15,51499.1,30,15,780360
BANKNIFTY-II.NFO,26/08/2024,09:41:55,51488.35,51486.4,30,51496.75,30,60,780360
BANKNIFTY-II.NFO,26/08/2024,09:41:57,51488.35,51487.3,45,51498.7,45,0,780360
BANKNIFTY-II.NFO,26/08/2024,09:41:59,51495,51489.4,75,51495,120,45,780360
BANKNIFTY-II.NFO,26/08/2024,09:42:00,51495,51491.75,15,51495,60,60,780360
BANKNIFTY-II.NFO,26/08/2024,09:42:02,51499.2,51489.75,45,51500.35,120,180,780360
BANKNIFTY-II.NFO,26/08/2024,09:42:04,51500,51494.7,45,51500.5,15,30,780360
BANKNIFTY-II.NFO,26/08/2024,09:42:05,51495,51492.5,30,51500.5,15,315,780360
BANKNIFTY-II.NFO,26/08/2024,09:42:07,51490.6,51493.45,75,51500.5,15,345,780360
BANKNIFTY-II.NFO,26/08/2024,09:42:09,51500.5,51494.45,15,51502,15,75,780360
BANKNIFTY-II.NFO,26/08/2024,09:42:10,51500.5,51494.75,30,51501.7,120,0,780360
BANKNIFTY-II.NFO,26/08/2024,09:42:12,51500.5,51494.75,30,51502,15,0,780360
BANKNIFTY-II.NFO,26/08/2024,09:42:14,51500.5,51494.8,15,51502,15,0,780360
BANKNIFTY-II.NFO,26/08/2024,09:42:15,51500.5,51495,15,51502,15,0,780360
BANKNIFTY-II.NFO,26/08/2024,09:42:17,51493.4,51492.55,15,51502.25,30,135,780360
BANKNIFTY-II.NFO,26/08/2024,09:42:19,51493.4,51491.3,45,51502.1,120,15,780360
BANKNIFTY-II.NFO,26/08/2024,09:42:20,51502.3,51493.15,45,51502.35,390,75,780360
BANKNIFTY-II.NFO,26/08/2024,09:42:22,51501.2,51491.35,30,51501.1,120,75,780360
BANKNIFTY-II.NFO,26/08/2024,09:42:24,51491.35,51488.65,75,51491.35,180,540,780360
BANKNIFTY-II.NFO,26/08/2024,09:42:25,51491.35,51487.7,195,51491.35,135,75,780360
BANKNIFTY-II.NFO,26/08/2024,09:42:27,51491.35,51486.3,15,51491.35,75,90,780360
BANKNIFTY-II.NFO,26/08/2024,09:42:29,51491.35,51487.15,30,51491.35,75,0,780360
BANKNIFTY-II.NFO,26/08/2024,09:42:30,51491.35,51484.75,15,51491.35,75,0,780360
BANKNIFTY-II.NFO,26/08/2024,09:42:34,51482.25,51483,75,51491.1,120,15,780360
BANKNIFTY-II.NFO,26/08/2024,09:42:35,51490,51483,75,51491.15,105,165,780360
BANKNIFTY-II.NFO,26/08/2024,09:42:37,51483,51481.25,45,51491.3,120,45,780360
BANKNIFTY-II.NFO,26/08/2024,09:42:39,51489.4,51481,15,51487.9,90,15,780360
BANKNIFTY-II.NFO,26/08/2024,09:42:40,51489.4,51481.05,45,51490.05,105,60,780360
BANKNIFTY-II.NFO,26/08/2024,09:42:42,51491.3,51481.1,45,51491.35,75,165,780360
BANKNIFTY-II.NFO,26/08/2024,09:42:44,51491.35,51481.65,45,51491.35,60,15,780360
BANKNIFTY-II.NFO,26/08/2024,09:42:45,51491.35,51481.15,15,51485,15,0,780360
BANKNIFTY-II.NFO,26/08/2024,09:42:49,51481.55,51483.1,120,51491.3,15,60,781065
BANKNIFTY-II.NFO,26/08/2024,09:42:50,51491.3,51482.75,15,51485,15,15,781065
BANKNIFTY-II.NFO,26/08/2024,09:42:52,51491.3,51482.95,150,51491.35,75,30,781065
BANKNIFTY-II.NFO,26/08/2024,09:42:54,51491.3,51484.6,150,51491.35,75,0,781065
BANKNIFTY-II.NFO,26/08/2024,09:42:55,51484.7,51483.4,120,51491.35,60,45,781065
BANKNIFTY-II.NFO,26/08/2024,09:42:57,51484.7,51483.05,135,51491.35,60,0,781065
BANKNIFTY-II.NFO,26/08/2024,09:42:59,51494.8,51485.1,135,51495.9,15,105,781065
BANKNIFTY-II.NFO,26/08/2024,09:43:00,51485.95,51490.5,120,51500.35,15,15,781065
BANKNIFTY-II.NFO,26/08/2024,09:43:02,51489.8,51490.6,120,51500.3,90,75,781065
BANKNIFTY-II.NFO,26/08/2024,09:43:04,51489.85,51488.75,45,51499.8,105,15,781065
BANKNIFTY-II.NFO,26/08/2024,09:43:05,51489.85,51487.35,120,51498.45,105,0,781065
BANKNIFTY-II.NFO,26/08/2024,09:43:07,51489.2,51489.2,120,51500.3,120,75,781065
BANKNIFTY-II.NFO,26/08/2024,09:43:09,51489.2,51490.1,15,51500.3,120,0,781065
BANKNIFTY-II.NFO,26/08/2024,09:43:10,51489.2,51490.2,15,51499.6,105,0,781065
BANKNIFTY-II.NFO,26/08/2024,09:43:12,51489.2,51491.15,120,51500.35,15,45,781065
BANKNIFTY-II.NFO,26/08/2024,09:43:14,51500,51492.7,120,51500,285,30,781065
BANKNIFTY-II.NFO,26/08/2024,09:43:15,51500,51492.85,120,51500,285,15,781065
BANKNIFTY-II.NFO,26/08/2024,09:43:17,51500,51494,120,51500,240,60,781065
BANKNIFTY-II.NFO,26/08/2024,09:43:19,51500,51494.45,120,51500,195,45,781065
BANKNIFTY-II.NFO,26/08/2024,09:43:20,51500,51493.75,120,51500,165,45,781065
BANKNIFTY-II.NFO,26/08/2024,09:43:22,51502.35,51496.5,120,51500,15,210,781065
BANKNIFTY-II.NFO,26/08/2024,09:43:24,51496.8,51496.5,105,51502.35,375,30,781065
BANKNIFTY-II.NFO,26/08/2024,09:43:25,51496.8,51495,105,51502.35,375,0,781065
BANKNIFTY-II.NFO,26/08/2024,09:43:27,51502.35,51494.6,105,51502.35,360,15,781065
BANKNIFTY-II.NFO,26/08/2024,09:43:29,51502.35,51494.6,105,51502.35,345,15,781065
BANKNIFTY-II.NFO,26/08/2024,09:43:30,51502.35,51494.5,135,51502.35,330,15,781065
BANKNIFTY-II.NFO,26/08/2024,09:43:32,51502.35,51494,45,51502.35,300,45,781065
BANKNIFTY-II.NFO,26/08/2024,09:43:34,51502.3,51500.5,30,51502.35,300,15,781065
BANKNIFTY-II.NFO,26/08/2024,09:43:35,51502.35,51500.5,15,51502.35,210,105,781065
BANKNIFTY-II.NFO,26/08/2024,09:43:37,51502.35,51499.45,120,51505,15,255,781065
BANKNIFTY-II.NFO,26/08/2024,09:43:39,51498.55,51499.25,15,51505,15,360,781065
BANKNIFTY-II.NFO,26/08/2024,09:43:40,51510,51501.6,15,51511,15,60,781065
BANKNIFTY-II.NFO,26/08/2024,09:43:42,51510,51501.2,15,51510.85,120,0,781065
BANKNIFTY-II.NFO,26/08/2024,09:43:44,51501.85,51502.15,45,51511.75,120,60,781065
BANKNIFTY-II.NFO,26/08/2024,09:43:45,51501.85,51503.55,15,51512,15,0,781065
BANKNIFTY-II.NFO,26/08/2024,09:43:47,51501.85,51504.95,75,51511.95,120,0,781065
BANKNIFTY-II.NFO,26/08/2024,09:43:49,51504.95,51504.95,60,51510.9,120,15,781065
BANKNIFTY-II.NFO,26/08/2024,09:43:50,51504.95,51504.95,60,51511.6,120,0,781065
BANKNIFTY-II.NFO,26/08/2024,09:43:52,51504.95,51504.95,60,51512,15,0,781065
BANKNIFTY-II.NFO,26/08/2024,09:43:54,51504.95,51504.95,45,51511.95,120,15,781065
BANKNIFTY-II.NFO,26/08/2024,09:43:55,51504.95,51504.95,45,51510,15,0,781065
BANKNIFTY-II.NFO,26/08/2024,09:43:57,51510,51510,15,51511.95,120,30,781065
BANKNIFTY-II.NFO,26/08/2024,09:43:59,51510,51504.95,30,51510.1,120,15,781065
BANKNIFTY-II.NFO,26/08/2024,09:44:00,51511.95,51504.95,30,51511.95,120,30,781065
BANKNIFTY-II.NFO,26/08/2024,09:44:02,51511.95,51504.95,30,51512,15,0,781065
BANKNIFTY-II.NFO,26/08/2024,09:44:04,51511.95,51504.95,30,51511.95,120,0,781065
BANKNIFTY-II.NFO,26/08/2024,09:44:05,51512,51506.15,45,51512.9,15,60,781065
BANKNIFTY-II.NFO,26/08/2024,09:44:07,51512.9,51512.9,30,51515,15,45,781065
BANKNIFTY-II.NFO,26/08/2024,09:44:09,51507.05,51510,30,51515,15,60,781065
BANKNIFTY-II.NFO,26/08/2024,09:44:10,51515,51510.35,15,51512.9,15,15,781065
BANKNIFTY-II.NFO,26/08/2024,09:44:12,51519.5,51514.35,15,51520,360,390,781065
BANKNIFTY-II.NFO,26/08/2024,09:44:14,51520,51514.6,150,51520,270,180,781065
BANKNIFTY-II.NFO,26/08/2024,09:44:15,51520,51511.75,30,51520,270,0,781065
BANKNIFTY-II.NFO,26/08/2024,09:44:17,51520,51515.85,150,51520,270,0,781065
BANKNIFTY-II.NFO,26/08/2024,09:44:19,51520,51518.6,15,51520,105,240,781065
BANKNIFTY-II.NFO,26/08/2024,09:44:20,51520,51515.1,30,51520,75,75,781065
BANKNIFTY-II.NFO,26/08/2024,09:44:22,51520,51518.85,15,51520,15,165,781065
BANKNIFTY-II.NFO,26/08/2024,09:44:24,51521,51523.55,15,51524.5,15,75,781065
BANKNIFTY-II.NFO,26/08/2024,09:44:24,51521,51523.55,15,51524.5,15,0,781065
BANKNIFTY-II.NFO,26/08/2024,09:44:25,51520,51520,60,51525.2,60,945,781065
BANKNIFTY-II.NFO,26/08/2024,09:44:25,51530,51520,60,51525.2,60,0,781065
BANKNIFTY-II.NFO,26/08/2024,09:44:27,51524.9,51520,60,51527.35,105,30,781065
BANKNIFTY-II.NFO,26/08/2024,09:44:29,51520,51520,30,51523.35,105,60,781065
BANKNIFTY-II.NFO,26/08/2024,09:44:30,51520,51518,30,51525.35,120,75,781065
BANKNIFTY-II.NFO,26/08/2024,09:44:32,51520,51515.8,150,51526.9,120,45,781065
BANKNIFTY-II.NFO,26/08/2024,09:44:34,51527.45,51519.1,120,51527.5,15,45,781065
BANKNIFTY-II.NFO,26/08/2024,09:44:35,51518.45,51520.05,15,51527.5,15,15,781065
BANKNIFTY-II.NFO,26/08/2024,09:44:37,51526.95,51520.05,15,51526.95,30,45,781065
BANKNIFTY-II.NFO,26/08/2024,09:44:39,51520.05,51520,30,51527.5,15,15,781065
BANKNIFTY-II.NFO,26/08/2024,09:44:40,51523.1,51522.8,75,51527.5,15,15,781065
BANKNIFTY-II.NFO,26/08/2024,09:44:42,51520.4,51523.1,15,51527.5,15,210,781065
BANKNIFTY-II.NFO,26/08/2024,09:44:44,51527.5,51523.1,15,51526.95,30,15,781065
BANKNIFTY-II.NFO,26/08/2024,09:44:45,51528.25,51520.05,45,51528.25,45,240,781065
BANKNIFTY-II.NFO,26/08/2024,09:44:47,51527.4,51520.25,120,51529.55,45,15,781065
BANKNIFTY-II.NFO,26/08/2024,09:44:49,51527.4,51520,90,51527.85,45,0,781065
BANKNIFTY-II.NFO,26/08/2024,09:44:50,51520.25,51520,90,51527.25,45,15,781065
BANKNIFTY-II.NFO,26/08/2024,09:44:52,51520.25,51520.55,30,51528.85,45,30,781065
BANKNIFTY-II.NFO,26/08/2024,09:44:54,51520.25,51520.55,30,51527.55,45,0,781065
BANKNIFTY-II.NFO,26/08/2024,09:44:55,51520.25,51521,15,51527.4,15,0,781065
BANKNIFTY-II.NFO,26/08/2024,09:44:59,51520,51520,30,51527.8,45,105,781065
BANKNIFTY-II.NFO,26/08/2024,09:45:00,51520,51518.45,30,51524.95,45,60,781065
BANKNIFTY-II.NFO,26/08/2024,09:45:02,51520,51518.45,30,51527.3,60,15,781065
BANKNIFTY-II.NFO,26/08/2024,09:45:04,51520,51520.05,30,51527.3,45,15,781065
BANKNIFTY-II.NFO,26/08/2024,09:45:05,51520,51520,105,51526.85,30,30,781065
BANKNIFTY-II.NFO,26/08/2024,09:45:07,51520,51510.1,45,51518.1,30,105,781065
BANKNIFTY-II.NFO,26/08/2024,09:45:09,51510,51501.85,75,51507.4,30,15,781065
BANKNIFTY-II.NFO,26/08/2024,09:45:10,51501.85,51501.85,60,51508.65,45,30,781065
BANKNIFTY-II.NFO,26/08/2024,09:45:12,51501.85,51501.85,60,51510.2,30,0,781065
BANKNIFTY-II.NFO,26/08/2024,09:45:14,51501.85,51501.95,30,51512.95,30,15,781065
BANKNIFTY-II.NFO,26/08/2024,09:45:15,51510.95,51501.9,15,51512.4,30,45,781065
BANKNIFTY-II.NFO,26/08/2024,09:45:17,51512.4,51501.9,15,51510.45,15,15,781065
BANKNIFTY-II.NFO,26/08/2024,09:45:19,51512.4,51501.9,15,51510.7,45,0,781065
BANKNIFTY-II.NFO,26/08/2024,09:45:20,51512.4,51501.9,15,51507.65,30,0,781065
BANKNIFTY-II.NFO,26/08/2024,09:45:22,51512.4,51501.9,15,51507.55,15,0,781065
BANKNIFTY-II.NFO,26/08/2024,09:45:24,51501.9,51501.85,45,51509.5,30,30,781065
BANKNIFTY-II.NFO,26/08/2024,09:45:25,51501.85,51501,15,51501.85,30,90,781065
BANKNIFTY-II.NFO,26/08/2024,09:45:27,51510.7,51501.05,120,51510.15,45,120,781065
BANKNIFTY-II.NFO,26/08/2024,09:45:28,51510.7,51502.5,135,51512.25,300,0,781065
BANKNIFTY-II.NFO,26/08/2024,09:45:30,51504.45,51506.15,120,51510.7,15,30,781065
BANKNIFTY-II.NFO,26/08/2024,09:45:32,51510.7,51506.15,135,51516.05,30,15,781065
BANKNIFTY-II.NFO,26/08/2024,09:45:33,51516.55,51506.15,105,51515,45,150,781065
BANKNIFTY-II.NFO,26/08/2024,09:45:35,51516.55,51507.25,105,51510,15,0,781065
BANKNIFTY-II.NFO,26/08/2024,09:45:37,51516.55,51504.5,105,51510,15,0,781065
BANKNIFTY-II.NFO,26/08/2024,09:45:38,51510.7,51504.5,15,51512.95,120,120,781065
BANKNIFTY-II.NFO,26/08/2024,09:45:40,51510.7,51502.5,105,51511.65,15,0,781065
BANKNIFTY-II.NFO,26/08/2024,09:45:42,51510.7,51504.15,105,51513.2,15,0,781065
BANKNIFTY-II.NFO,26/08/2024,09:45:43,51510.7,51502,105,51510.8,300,0,781065
BANKNIFTY-II.NFO,26/08/2024,09:45:45,51510.7,51501.95,15,51509.7,45,0,781065
BANKNIFTY-II.NFO,26/08/2024,09:45:47,51510.7,51501.95,15,51506.8,45,0,781065
BANKNIFTY-II.NFO,26/08/2024,09:45:48,51506.8,51505,15,51507.3,150,60,782880
BANKNIFTY-II.NFO,26/08/2024,09:45:50,51505,51501.85,15,51505.15,30,15,782880
BANKNIFTY-II.NFO,26/08/2024,09:45:52,51506.85,51505,15,51507.1,90,45,782880
BANKNIFTY-II.NFO,26/08/2024,09:45:53,51505,51501.85,15,51506.4,75,30,782880
BANKNIFTY-II.NFO,26/08/2024,09:45:55,51498.55,51492.7,15,51498.15,15,525,782880
BANKNIFTY-II.NFO,26/08/2024,09:45:57,51492.7,51490,90,51491,15,60,782880
BANKNIFTY-II.NFO,26/08/2024,09:45:58,51494.8,51491,15,51497.35,105,60,782880
BANKNIFTY-II.NFO,26/08/2024,09:46:00,51500.4,51491.7,120,51502.65,105,30,782880
BANKNIFTY-II.NFO,26/08/2024,09:46:02,51500.4,51492.4,135,51503.95,45,0,782880
BANKNIFTY-II.NFO,26/08/2024,09:46:03,51501.6,51490,90,51500.6,30,15,782880
BANKNIFTY-II.NFO,26/08/2024,09:46:05,51503.4,51493.1,120,51504.15,105,30,782880
BANKNIFTY-II.NFO,26/08/2024,09:46:07,51493.85,51494.3,30,51504.5,15,15,782880
BANKNIFTY-II.NFO,26/08/2024,09:46:08,51490.25,51490.4,120,51501.05,105,105,782880
BANKNIFTY-II.NFO,26/08/2024,09:46:10,51490.25,51492.1,120,51501.9,300,0,782880
BANKNIFTY-II.NFO,26/08/2024,09:46:12,51492.6,51494.5,120,51504.05,105,15,782880
BANKNIFTY-II.NFO,26/08/2024,09:46:13,51492.6,51492.75,120,51500.85,300,0,782880
BANKNIFTY-II.NFO,26/08/2024,09:46:15,51492.6,51498.05,120,51508.5,105,0,782880
BANKNIFTY-II.NFO,26/08/2024,09:46:17,51492.6,51500.5,120,51509,15,0,782880
BANKNIFTY-II.NFO,26/08/2024,09:46:18,51500.5,51497.7,165,51508,30,15,782880
BANKNIFTY-II.NFO,26/08/2024,09:46:20,51499.35,51501.75,120,51509,15,15,782880
BANKNIFTY-II.NFO,26/08/2024,09:46:22,51510.7,51500.2,120,51510.7,75,120,782880
BANKNIFTY-II.NFO,26/08/2024,09:46:23,51500.95,51501.25,120,51510.7,30,60,782880
BANKNIFTY-II.NFO,26/08/2024,09:46:25,51512.35,51501.55,135,51512.4,45,120,782880
BANKNIFTY-II.NFO,26/08/2024,09:46:27,51514.35,51504.7,120,51515.95,30,165,782880
BANKNIFTY-II.NFO,26/08/2024,09:46:28,51503.9,51502.75,135,51514.5,45,30,782880
BANKNIFTY-II.NFO,26/08/2024,09:46:30,51503.9,51504.45,135,51515.7,45,75,782880
BANKNIFTY-II.NFO,26/08/2024,09:46:32,51503.9,51504.9,135,51515.8,30,0,782880
BANKNIFTY-II.NFO,26/08/2024,09:46:33,51503.9,51501.45,135,51510,15,15,782880
BANKNIFTY-II.NFO,26/08/2024,09:46:35,51510,51502.35,135,51513.05,75,30,782880
BANKNIFTY-II.NFO,26/08/2024,09:46:36,51513.6,51505.55,135,51515.6,30,135,782880
BANKNIFTY-II.NFO,26/08/2024,09:46:38,51513.6,51504.8,120,51515.8,30,15,782880
BANKNIFTY-II.NFO,26/08/2024,09:46:40,51503.7,51500.85,135,51506.2,15,30,782880
BANKNIFTY-II.NFO,26/08/2024,09:46:41,51506.2,51502.3,135,51511.9,30,90,782880
BANKNIFTY-II.NFO,26/08/2024,09:46:43,51506.2,51504.05,135,51511.95,15,0,782880
BANKNIFTY-II.NFO,26/08/2024,09:46:45,51511.95,51511.95,30,51512.55,15,15,782880
BANKNIFTY-II.NFO,26/08/2024,09:46:46,51512.55,51505.6,135,51515.8,30,30,782880
BANKNIFTY-II.NFO,26/08/2024,09:46:48,51508.05,51506.2,45,51515.6,30,60,782880
BANKNIFTY-II.NFO,26/08/2024,09:46:50,51515.6,51506.2,30,51515.6,30,15,782880
BANKNIFTY-II.NFO,26/08/2024,09:46:51,51515.6,51506.2,30,51515.3,30,0,782880
BANKNIFTY-II.NFO,26/08/2024,09:46:53,51515.6,51510,30,51515.2,30,75,782880
BANKNIFTY-II.NFO,26/08/2024,09:46:55,51515.6,51510,30,51515.5,30,15,782880
BANKNIFTY-II.NFO,26/08/2024,09:46:56,51515,51505.65,30,51515.5,45,45,782880
BANKNIFTY-II.NFO,26/08/2024,09:46:58,51515,51507.1,135,51515.55,15,0,782880
BANKNIFTY-II.NFO,26/08/2024,09:47:00,51503.9,51503.9,15,51507.65,30,30,782880
BANKNIFTY-II.NFO,26/08/2024,09:47:01,51503.9,51502.15,135,51507.65,30,45,782880
BANKNIFTY-II.NFO,26/08/2024,09:47:03,51505.5,51502.65,135,51510,30,45,782880
BANKNIFTY-II.NFO,26/08/2024,09:47:05,51505.5,51503.45,120,51510,30,75,782880
BANKNIFTY-II.NFO,26/08/2024,09:47:06,51510,51504.1,120,51510,15,15,782880
BANKNIFTY-II.NFO,26/08/2024,09:47:08,51510,51507.25,120,51515.6,45,15,782880
BANKNIFTY-II.NFO,26/08/2024,09:47:09,51510,51504.55,120,51515.55,15,0,782880
BANKNIFTY-II.NFO,26/08/2024,09:47:11,51510,51506.3,120,51515.6,45,0,782880
BANKNIFTY-II.NFO,26/08/2024,09:47:13,51510,51508.4,120,51515.6,45,0,782880
BANKNIFTY-II.NFO,26/08/2024,09:47:14,51510,51507.95,120,51515.6,45,0,782880
BANKNIFTY-II.NFO,26/08/2024,09:47:16,51510.2,51511.35,120,51515.6,45,45,782880
BANKNIFTY-II.NFO,26/08/2024,09:47:18,51519,51510.9,120,51519,285,75,782880
BANKNIFTY-II.NFO,26/08/2024,09:47:19,51512.95,51512.95,120,51519,135,180,782880
BANKNIFTY-II.NFO,26/08/2024,09:47:21,51516.9,51515.85,120,51519,135,90,782880
BANKNIFTY-II.NFO,26/08/2024,09:47:23,51520,51519.85,105,51520,15,285,782880
BANKNIFTY-II.NFO,26/08/2024,09:47:24,51525.95,51525.95,30,51527.4,45,660,782880
BANKNIFTY-II.NFO,26/08/2024,09:47:26,51526.05,51518.4,75,51526.05,15,315,782880
BANKNIFTY-II.NFO,26/08/2024,09:47:28,51520,51523.25,75,51529.85,15,30,782880
BANKNIFTY-II.NFO,26/08/2024,09:47:29,51520,51523.95,75,51529.85,15,45,782880
BANKNIFTY-II.NFO,26/08/2024,09:47:31,51525,51525.25,75,51530,450,75,782880
BANKNIFTY-II.NFO,26/08/2024,09:47:33,51525,51522.85,75,51525.25,15,15,782880
BANKNIFTY-II.NFO,26/08/2024,09:47:34,51525.25,51527.05,150,51530,450,30,782880
BANKNIFTY-II.NFO,26/08/2024,09:47:36,51540,51534.85,30,51540,90,735,782880
BANKNIFTY-II.NFO,26/08/2024,09:47:36,51540,51534.85,30,51540,90,0,782880
BANKNIFTY-II.NFO,26/08/2024,09:47:38,51540,51537.3,150,51540,45,180,782880
BANKNIFTY-II.NFO,26/08/2024,09:47:39,51547,51546.8,150,51548,165,780,782880
BANKNIFTY-II.NFO,26/08/2024,09:47:39,51547,51546.8,150,51548,165,0,782880
BANKNIFTY-II.NFO,26/08/2024,09:47:41,51546.05,51545.85,45,51550,255,1425,782880
BANKNIFTY-II.NFO,26/08/2024,09:47:41,51550,51545.85,45,51550,255,0,782880
BANKNIFTY-II.NFO,26/08/2024,09:47:43,51554,51553.5,60,51555,255,405,782880
BANKNIFTY-II.NFO,26/08/2024,09:47:43,51554,51553.5,60,51555,255,0,782880
BANKNIFTY-II.NFO,26/08/2024,09:47:44,51551.35,51549.1,15,51556,150,405,782880
BANKNIFTY-II.NFO,26/08/2024,09:47:44,51556,51549.1,15,51556,150,0,782880
BANKNIFTY-II.NFO,26/08/2024,09:47:46,51550.45,51554.45,15,51555,15,240,782880
BANKNIFTY-II.NFO,26/08/2024,09:47:48,51555,51551.35,15,51555,15,120,782880
BANKNIFTY-II.NFO,26/08/2024,09:47:49,51555,51551.4,15,51555,45,75,782880
BANKNIFTY-II.NFO,26/08/2024,09:47:51,51551.35,51536.75,15,51548.35,45,60,782880
BANKNIFTY-II.NFO,26/08/2024,09:47:53,51545,51533.15,15,51544.5,30,90,782880
BANKNIFTY-II.NFO,26/08/2024,09:47:54,51545,51539.95,60,51551.8,120,0,782880
BANKNIFTY-II.NFO,26/08/2024,09:47:56,51540.05,51545,15,51551.85,15,90,782880
BANKNIFTY-II.NFO,26/08/2024,09:47:58,51551.85,51541,15,51545,15,30,782880
BANKNIFTY-II.NFO,26/08/2024,09:48:00,51535.7,51534.95,105,51545,15,90,782880
BANKNIFTY-II.NFO,26/08/2024,09:48:01,51545,51545,840,51551.8,60,255,782880
BANKNIFTY-II.NFO,26/08/2024,09:48:03,51551.8,51545,810,51549.2,45,45,782880
BANKNIFTY-II.NFO,26/08/2024,09:48:05,51545,51545,765,51552.7,45,75,782880
BANKNIFTY-II.NFO,26/08/2024,09:48:06,51545,51545,735,51554.85,15,555,782880
BANKNIFTY-II.NFO,26/08/2024,09:48:08,51545,51545,750,51550.95,15,0,782880
BANKNIFTY-II.NFO,26/08/2024,09:48:10,51545,51545,765,51551,45,0,782880
BANKNIFTY-II.NFO,26/08/2024,09:48:11,51545.15,51545.15,135,51551,45,60,782880
BANKNIFTY-II.NFO,26/08/2024,09:48:13,51545.15,51545,720,51551,45,0,782880
BANKNIFTY-II.NFO,26/08/2024,09:48:15,51552,51545,690,51554.05,30,135,782880
BANKNIFTY-II.NFO,26/08/2024,09:48:16,51545,51535.65,30,51547.05,30,690,782880
BANKNIFTY-II.NFO,26/08/2024,09:48:18,51540.9,51537.85,30,51549.95,60,1020,782880
BANKNIFTY-II.NFO,26/08/2024,09:48:18,51556.75,51537.85,30,51549.95,60,0,782880
BANKNIFTY-II.NFO,26/08/2024,09:48:20,51552.35,51540.55,30,51552.8,30,615,782880
BANKNIFTY-II.NFO,26/08/2024,09:48:21,51538.8,51543,30,51550,75,45,782880
BANKNIFTY-II.NFO,26/08/2024,09:48:23,51538.8,51542.1,30,51549.95,15,0,782880
BANKNIFTY-II.NFO,26/08/2024,09:48:26,51538.35,51536.3,120,51549.85,90,150,782880
BANKNIFTY-II.NFO,26/08/2024,09:48:28,51532.6,51532.3,45,51544.05,45,810,782880
BANKNIFTY-II.NFO,26/08/2024,09:48:29,51532.6,51532,465,51541.75,45,0,782880
BANKNIFTY-II.NFO,26/08/2024,09:48:31,51532.6,51532,465,51540.5,45,0,782880
BANKNIFTY-II.NFO,26/08/2024,09:48:33,51532,51532,450,51538.55,120,30,782880
BANKNIFTY-II.NFO,26/08/2024,09:48:34,51537.2,51532.6,15,51538.85,90,165,782880
BANKNIFTY-II.NFO,26/08/2024,09:48:36,51538.1,51532.6,15,51539.5,75,15,782880
BANKNIFTY-II.NFO,26/08/2024,09:48:38,51538.95,51532,450,51538.95,60,60,782880
BANKNIFTY-II.NFO,26/08/2024,09:48:39,51536,51532,450,51536,30,30,782880
BANKNIFTY-II.NFO,26/08/2024,09:48:41,51528,51525.25,15,51531.8,45,495,782880
BANKNIFTY-II.NFO,26/08/2024,09:48:43,51530,51515,150,51526.1,45,90,782880
BANKNIFTY-II.NFO,26/08/2024,09:48:44,51515,51515,45,51525.3,45,120,782880
BANKNIFTY-II.NFO,26/08/2024,09:48:46,51515,51517.45,135,51531.3,30,45,782880
BANKNIFTY-II.NFO,26/08/2024,09:48:48,51522.2,51521.75,135,51534.45,30,105,782880
BANKNIFTY-II.NFO,26/08/2024,09:48:49,51521.65,51518.3,135,51531.85,30,15,787095
BANKNIFTY-II.NFO,26/08/2024,09:48:51,51521.65,51515.5,120,51531.7,30,0,787095
BANKNIFTY-II.NFO,26/08/2024,09:48:53,51520.7,51518.25,135,51530.9,120,150,787095
BANKNIFTY-II.NFO,26/08/2024,09:48:54,51522.05,51522.05,15,51532.25,15,120,787095
BANKNIFTY-II.NFO,26/08/2024,09:48:56,51522.05,51522.05,30,51532.15,30,0,787095
BANKNIFTY-II.NFO,26/08/2024,09:48:58,51522.05,51522.05,15,51530.15,30,0,787095
BANKNIFTY-II.NFO,26/08/2024,09:48:59,51531.65,51523.05,45,51530.6,45,60,787095
BANKNIFTY-II.NFO,26/08/2024,09:49:01,51530.2,51523.1,15,51530,15,45,787095
