Ticker,Date,Time,LTP,BuyPrice,BuyQty,SellPrice,SellQty,LTQ,OpenInterest
NIFTY-I.NFO,26/08/2024,09:15:00,24901.65,24913.2,250,24919.2,25,625,0
NIFTY-I.NFO,26/08/2024,09:15:00,24901.65,24913.2,250,24919.2,25,0,0
NIFTY-I.NFO,26/08/2024,09:15:00,24917.05,24913.2,250,24919.2,25,0,0
NIFTY-I.NFO,26/08/2024,09:15:00,24899.9,24913.2,250,24919.2,25,0,0
NIFTY-I.NFO,26/08/2024,09:15:01,24912.8,24912.9,125,24917.95,25,2300,10926300
NIFTY-I.NFO,26/08/2024,09:15:01,24920,24912.9,125,24917.95,25,0,10926300
NIFTY-I.NFO,26/08/2024,09:15:02,24912.9,24911.9,175,24917,25,3625,10926300
NIFTY-I.NFO,26/08/2024,09:15:04,24919,24914.65,25,24919,100,3325,10926300
NIFTY-I.NFO,26/08/2024,09:15:05,24919,24919.05,25,24923.95,100,7875,10926300
NIFTY-I.NFO,26/08/2024,09:15:05,24924,24919.05,25,24923.95,100,0,10926300
NIFTY-I.NFO,26/08/2024,09:15:07,24918.5,24915,50,24918.4,50,4450,10926300
NIFTY-I.NFO,26/08/2024,09:15:08,24914.8,24914.7,100,24918.9,50,4475,10926300
NIFTY-I.NFO,26/08/2024,09:15:10,24919.15,24914.05,50,24919.1,100,3325,10926300
NIFTY-I.NFO,26/08/2024,09:15:11,24912,24912,950,24914.7,25,1200,10926300
NIFTY-I.NFO,26/08/2024,09:15:13,24912.05,24912,125,24914.75,25,1300,10926300
NIFTY-I.NFO,26/08/2024,09:15:14,24907.75,24908.45,25,24912,150,500,10926300
NIFTY-I.NFO,26/08/2024,09:15:16,24907.8,24907.8,75,24913.5,100,2800,10926300
NIFTY-I.NFO,26/08/2024,09:15:18,24910,24906.7,125,24910,175,2775,10926300
NIFTY-I.NFO,26/08/2024,09:15:19,24910,24909.8,125,24915,25,7750,10926300
NIFTY-I.NFO,26/08/2024,09:15:21,24914.3,24908.45,100,24913.8,50,7050,10926300
NIFTY-I.NFO,26/08/2024,09:15:22,24910,24910,675,24913.95,50,750,10926300
NIFTY-I.NFO,26/08/2024,09:15:24,24919,24912.8,100,24918.3,100,1800,10926300
NIFTY-I.NFO,26/08/2024,09:15:26,24913,24913,1000,24915.45,100,3050,10926300
NIFTY-I.NFO,26/08/2024,09:15:27,24909.5,24909.65,150,24915.6,100,1650,10926300
NIFTY-I.NFO,26/08/2024,09:15:29,24911,24909.5,225,24912.75,50,1225,10926300
NIFTY-I.NFO,26/08/2024,09:15:30,24912.8,24910.8,150,24912.75,50,1150,10926300
NIFTY-I.NFO,26/08/2024,09:15:32,24914.15,24912.05,125,24917.75,100,3025,10926300
NIFTY-I.NFO,26/08/2024,09:15:33,24916.05,24911.2,25,24916.85,100,2600,10926300
NIFTY-I.NFO,26/08/2024,09:15:35,24912.8,24912.8,100,24914.9,50,2375,10926300
NIFTY-I.NFO,26/08/2024,09:15:37,24913,24911,150,24912.65,25,2875,10926300
NIFTY-I.NFO,26/08/2024,09:15:38,24912.95,24912.95,75,24914.65,25,1350,10926300
NIFTY-I.NFO,26/08/2024,09:15:40,24908.45,24908.45,75,24912.6,50,700,10926300
NIFTY-I.NFO,26/08/2024,09:15:41,24912,24908.5,25,24912,25,475,10926300
NIFTY-I.NFO,26/08/2024,09:15:43,24908.45,24910,750,24912.8,100,600,10926300
NIFTY-I.NFO,26/08/2024,09:15:44,24908.6,24908.2,25,24909.9,25,3700,10926300
NIFTY-I.NFO,26/08/2024,09:15:46,24912.8,24909.9,50,24912.85,25,3800,10926300
NIFTY-I.NFO,26/08/2024,09:15:48,24909.7,24909.7,50,24912.95,675,1850,10929325
NIFTY-I.NFO,26/08/2024,09:15:49,24912,24909.45,50,24911.95,50,325,10929325
NIFTY-I.NFO,26/08/2024,09:15:51,24911.8,24911.8,500,24912,25,1275,10929325
NIFTY-I.NFO,26/08/2024,09:15:52,24910.65,24910.65,75,24912.8,175,725,10929325
NIFTY-I.NFO,26/08/2024,09:15:54,24912.9,24911,25,24913.35,50,1500,10929325
NIFTY-I.NFO,26/08/2024,09:15:56,24910,24909.75,200,24912,25,1600,10929325
NIFTY-I.NFO,26/08/2024,09:15:57,24913,24911,150,24912.95,50,600,10929325
NIFTY-I.NFO,26/08/2024,09:15:59,24913.8,24909.25,125,24913.8,25,875,10929325
NIFTY-I.NFO,26/08/2024,09:16:00,24909.55,24910,25,24912.7,25,375,10929325
NIFTY-I.NFO,26/08/2024,09:16:02,24908,24907.5,25,24909.4,150,900,10929325
NIFTY-I.NFO,26/08/2024,09:16:04,24907.5,24907.4,125,24908.95,50,625,10929325
NIFTY-I.NFO,26/08/2024,09:16:05,24911.6,24906.7,125,24911.5,100,5525,10929325
NIFTY-I.NFO,26/08/2024,09:16:07,24912,24909.8,25,24911.45,50,1400,10929325
NIFTY-I.NFO,26/08/2024,09:16:08,24911.6,24908.45,150,24910.55,50,1300,10929325
NIFTY-I.NFO,26/08/2024,09:16:10,24910,24909.3,25,24910,400,450,10929325
NIFTY-I.NFO,26/08/2024,09:16:12,24909.1,24908.6,50,24910,350,150,10929325
NIFTY-I.NFO,26/08/2024,09:16:13,24910,24907,75,24911.5,50,1000,10929325
NIFTY-I.NFO,26/08/2024,09:16:15,24908.45,24907.85,125,24908.45,2475,350,10929325
NIFTY-I.NFO,26/08/2024,09:16:16,24908.45,24908.4,25,24908.45,725,1850,10929325
NIFTY-I.NFO,26/08/2024,09:16:18,24910,24907.85,100,24912.7,75,1975,10929325
NIFTY-I.NFO,26/08/2024,09:16:19,24910,24909,50,24911.95,100,600,10929325
NIFTY-I.NFO,26/08/2024,09:16:21,24907.25,24907.5,25,24910,25,2975,10929325
NIFTY-I.NFO,26/08/2024,09:16:23,24906.65,24906.8,25,24910,150,500,10929325
NIFTY-I.NFO,26/08/2024,09:16:24,24907.65,24907.55,25,24911.95,25,450,10929325
NIFTY-I.NFO,26/08/2024,09:16:26,24909,24907.25,200,24909,50,1225,10929325
NIFTY-I.NFO,26/08/2024,09:16:27,24906.85,24907.8,25,24910.1,125,900,10929325
NIFTY-I.NFO,26/08/2024,09:16:29,24909,24907.25,100,24910.7,50,475,10929325
NIFTY-I.NFO,26/08/2024,09:16:30,24910.9,24909,25,24911.15,125,300,10929325
NIFTY-I.NFO,26/08/2024,09:16:32,24908,24909,25,24911.25,100,425,10929325
NIFTY-I.NFO,26/08/2024,09:16:34,24909,24907.75,25,24909.85,25,200,10929325
NIFTY-I.NFO,26/08/2024,09:16:35,24909.85,24905.45,75,24910.65,50,2300,10929325
NIFTY-I.NFO,26/08/2024,09:16:37,24904.65,24904.65,75,24909,25,925,10929325
NIFTY-I.NFO,26/08/2024,09:16:38,24908.6,24905.85,175,24909,25,300,10929325
NIFTY-I.NFO,26/08/2024,09:16:40,24910,24906,25,24910.75,100,125,10929325
NIFTY-I.NFO,26/08/2024,09:16:42,24906.05,24906,25,24910,25,750,10929325
NIFTY-I.NFO,26/08/2024,09:16:43,24905.45,24905.5,25,24906,300,2775,10929325
NIFTY-I.NFO,26/08/2024,09:16:45,24909,24906,25,24909.4,100,3525,10929325
NIFTY-I.NFO,26/08/2024,09:16:46,24908.4,24904.15,100,24909.05,25,325,10929325
NIFTY-I.NFO,26/08/2024,09:16:48,24908.35,24903.6,100,24908.35,175,275,10929325
NIFTY-I.NFO,26/08/2024,09:16:50,24908.4,24908.35,100,24910,275,1975,10929325
NIFTY-I.NFO,26/08/2024,09:16:51,24909,24903.9,50,24908.6,200,225,10929325
NIFTY-I.NFO,26/08/2024,09:16:53,24906.85,24905,75,24907.7,275,1925,10929325
NIFTY-I.NFO,26/08/2024,09:16:54,24905,24905,50,24907.25,125,175,10929325
NIFTY-I.NFO,26/08/2024,09:16:56,24905,24903.35,25,24906.05,225,375,10929325
NIFTY-I.NFO,26/08/2024,09:16:58,24906.4,24903.35,100,24905,5100,400,10929325
NIFTY-I.NFO,26/08/2024,09:16:59,24905,24903.35,50,24905,4775,425,10929325
NIFTY-I.NFO,26/08/2024,09:17:01,24905,24903.35,50,24905,4300,500,10929325
NIFTY-I.NFO,26/08/2024,09:17:02,24903.5,24903.5,925,24905,3975,325,10929325
NIFTY-I.NFO,26/08/2024,09:17:04,24905,24903.5,550,24905,3875,525,10929325
NIFTY-I.NFO,26/08/2024,09:17:06,24905,24904.2,25,24905,3550,1200,10929325
NIFTY-I.NFO,26/08/2024,09:17:07,24904.9,24901.2,125,24904.9,225,1425,10929325
NIFTY-I.NFO,26/08/2024,09:17:09,24904.45,24901.2,150,24904.3,200,325,10929325
NIFTY-I.NFO,26/08/2024,09:17:10,24903.85,24901.15,25,24904.05,200,275,10929325
NIFTY-I.NFO,26/08/2024,09:17:12,24903.6,24901,450,24903.6,175,500,10929325
NIFTY-I.NFO,26/08/2024,09:17:14,24901,24900.8,25,24903.85,125,850,10929325
NIFTY-I.NFO,26/08/2024,09:17:15,24900.85,24900.8,25,24903.45,375,275,10929325
NIFTY-I.NFO,26/08/2024,09:17:17,24900.25,24900.1,25,24903,225,325,10929325
NIFTY-I.NFO,26/08/2024,09:17:18,24902.9,24900.1,25,24902.9,75,75,10929325
NIFTY-I.NFO,26/08/2024,09:17:20,24903,24900,3475,24902.8,225,350,10929325
NIFTY-I.NFO,26/08/2024,09:17:22,24900.25,24900,3450,24903,325,700,10929325
NIFTY-I.NFO,26/08/2024,09:17:23,24900,24900,3200,24903,125,400,10929325
NIFTY-I.NFO,26/08/2024,09:17:25,24903,24901.05,100,24904.7,175,1225,10929325
NIFTY-I.NFO,26/08/2024,09:17:26,24902.7,24901.05,75,24904.15,150,200,10929325
NIFTY-I.NFO,26/08/2024,09:17:28,24903.5,24900,4525,24904.15,200,1050,10929325
NIFTY-I.NFO,26/08/2024,09:17:30,24900.25,24900.35,125,24904.55,200,275,10929325
NIFTY-I.NFO,26/08/2024,09:17:31,24905,24903.05,25,24905,1975,1100,10929325
NIFTY-I.NFO,26/08/2024,09:17:33,24905,24903.05,25,24905,1550,325,10929325
NIFTY-I.NFO,26/08/2024,09:17:34,24905,24901.45,225,24905,1275,350,10929325
NIFTY-I.NFO,26/08/2024,09:17:36,24901.7,24901.8,225,24905,1175,200,10929325
NIFTY-I.NFO,26/08/2024,09:17:38,24905,24902.8,225,24905,1125,275,10929325
NIFTY-I.NFO,26/08/2024,09:17:39,24905,24903.5,300,24905,1625,100,10929325
NIFTY-I.NFO,26/08/2024,09:17:41,24905,24902.55,25,24905,1725,300,10929325
NIFTY-I.NFO,26/08/2024,09:17:42,24901.2,24901.2,25,24903.05,125,150,10929325
NIFTY-I.NFO,26/08/2024,09:17:44,24903,24901.4,50,24901.45,25,25,10929325
NIFTY-I.NFO,26/08/2024,09:17:45,24903.9,24901.05,150,24904.25,225,275,10929325
NIFTY-I.NFO,26/08/2024,09:17:47,24901.05,24901.1,50,24904,225,350,10929325
NIFTY-I.NFO,26/08/2024,09:17:49,24901.1,24901.1,125,24904.55,150,175,10929325
NIFTY-I.NFO,26/08/2024,09:17:50,24903.35,24901.5,100,24903.25,225,675,10929325
NIFTY-I.NFO,26/08/2024,09:17:52,24902,24901.45,25,24902.35,250,600,10929325
NIFTY-I.NFO,26/08/2024,09:17:53,24903,24901.2,50,24902.3,125,350,10929325
NIFTY-I.NFO,26/08/2024,09:17:55,24900.3,24900.3,25,24901.7,150,700,10929325
NIFTY-I.NFO,26/08/2024,09:17:57,24901.65,24897.9,200,24901.65,275,7050,10929325
NIFTY-I.NFO,26/08/2024,09:17:57,24896.05,24897.9,200,24901.65,275,0,10929325
NIFTY-I.NFO,26/08/2024,09:17:58,24896.85,24900,50,24901.55,225,250,10929325
NIFTY-I.NFO,26/08/2024,09:18:00,24900,24898.35,100,24901.6,250,275,10929325
NIFTY-I.NFO,26/08/2024,09:18:01,24901.5,24898.4,25,24901.85,25,1625,10929325
NIFTY-I.NFO,26/08/2024,09:18:03,24903,24899.8,175,24903,475,475,10929325
NIFTY-I.NFO,26/08/2024,09:18:05,24900.55,24900.55,75,24901.8,1200,400,10929325
NIFTY-I.NFO,26/08/2024,09:18:06,24903,24901.9,100,24903,825,1250,10929325
NIFTY-I.NFO,26/08/2024,09:18:08,24903,24901.9,75,24903,475,450,10929325
NIFTY-I.NFO,26/08/2024,09:18:09,24901.9,24901.85,25,24903,475,150,10929325
NIFTY-I.NFO,26/08/2024,09:18:11,24901.9,24901.9,50,24903,350,175,10929325
NIFTY-I.NFO,26/08/2024,09:18:13,24903.05,24903.05,25,24904.65,150,875,10929325
NIFTY-I.NFO,26/08/2024,09:18:14,24903.05,24903.1,25,24904.35,50,100,10929325
NIFTY-I.NFO,26/08/2024,09:18:16,24903,24903,150,24904.1,150,225,10929325
NIFTY-I.NFO,26/08/2024,09:18:17,24901.9,24901.85,25,24903,250,250,10929325
NIFTY-I.NFO,26/08/2024,09:18:19,24900.05,24900.05,75,24903,100,175,10929325
NIFTY-I.NFO,26/08/2024,09:18:21,24903.05,24900.05,175,24903.1,25,425,10929325
NIFTY-I.NFO,26/08/2024,09:18:22,24901.95,24901.95,75,24903.45,150,175,10929325
NIFTY-I.NFO,26/08/2024,09:18:24,24900.25,24900.25,100,24901.95,25,1200,10929325
NIFTY-I.NFO,26/08/2024,09:18:25,24901.05,24901.1,100,24903,25,350,10929325
NIFTY-I.NFO,26/08/2024,09:18:27,24901.1,24901.1,100,24903.45,400,400,10929325
NIFTY-I.NFO,26/08/2024,09:18:28,24903,24901.1,100,24902.5,125,150,10929325
NIFTY-I.NFO,26/08/2024,09:18:30,24901.1,24901.05,100,24901.75,150,100,10929325
NIFTY-I.NFO,26/08/2024,09:18:32,24903,24901.05,125,24904.35,25,225,10929325
NIFTY-I.NFO,26/08/2024,09:18:33,24903.05,24903.05,50,24904.4,225,150,10929325
NIFTY-I.NFO,26/08/2024,09:18:35,24903.7,24903.05,50,24903.7,50,125,10929325
NIFTY-I.NFO,26/08/2024,09:18:36,24903.05,24903.05,75,24904.05,150,350,10929325
NIFTY-I.NFO,26/08/2024,09:18:38,24901.4,24901.4,75,24903,975,425,10929325
NIFTY-I.NFO,26/08/2024,09:18:39,24900.05,24900.05,100,24902.95,25,975,10929325
NIFTY-I.NFO,26/08/2024,09:18:41,24902.9,24901.15,25,24902.95,25,125,10929325
NIFTY-I.NFO,26/08/2024,09:18:43,24903,24901.05,100,24903,1100,2450,10929325
NIFTY-I.NFO,26/08/2024,09:18:44,24903,24901.15,100,24903,975,200,10929325
NIFTY-I.NFO,26/08/2024,09:18:46,24903.05,24902.2,25,24904.15,250,1050,10929325
NIFTY-I.NFO,26/08/2024,09:18:47,24905,24903.05,75,24905,1550,875,10929325
NIFTY-I.NFO,26/08/2024,09:18:49,24905,24904.75,125,24905,725,900,10932100
NIFTY-I.NFO,26/08/2024,09:18:50,24904.85,24904.85,50,24906.4,225,875,10932100
NIFTY-I.NFO,26/08/2024,09:18:52,24905,24903.75,100,24905,175,2550,10932100
NIFTY-I.NFO,26/08/2024,09:18:54,24904.85,24903.7,25,24905.35,325,875,10932100
NIFTY-I.NFO,26/08/2024,09:18:55,24903.75,24903.75,75,24904.6,225,50,10932100
NIFTY-I.NFO,26/08/2024,09:18:57,24904.65,24903.8,25,24904.9,25,300,10932100
NIFTY-I.NFO,26/08/2024,09:18:58,24905.75,24905.95,100,24906.4,25,350,10932100
NIFTY-I.NFO,26/08/2024,09:19:00,24905.55,24904.15,25,24907.8,650,225,10932100
NIFTY-I.NFO,26/08/2024,09:19:01,24905.35,24905.05,75,24907.8,650,200,10932100
NIFTY-I.NFO,26/08/2024,09:19:03,24907.8,24905.2,25,24907.8,325,250,10932100
NIFTY-I.NFO,26/08/2024,09:19:05,24907.8,24906.05,100,24907.8,250,400,10932100
NIFTY-I.NFO,26/08/2024,09:19:06,24905.35,24905.6,25,24907.8,25,1750,10932100
NIFTY-I.NFO,26/08/2024,09:19:08,24909,24906.55,100,24908.95,275,150,10932100
NIFTY-I.NFO,26/08/2024,09:19:09,24907.8,24905.3,75,24907.6,175,75,10932100
NIFTY-I.NFO,26/08/2024,09:19:11,24906,24904.05,100,24906,50,3275,10932100
NIFTY-I.NFO,26/08/2024,09:19:12,24905.8,24905.55,25,24905.75,75,350,10932100
NIFTY-I.NFO,26/08/2024,09:19:14,24906.3,24905.95,25,24906.3,50,700,10932100
NIFTY-I.NFO,26/08/2024,09:19:16,24905.9,24904.15,100,24905.55,75,1175,10932100
NIFTY-I.NFO,26/08/2024,09:19:17,24904.15,24904.15,100,24904.5,100,250,10932100
NIFTY-I.NFO,26/08/2024,09:19:19,24904.5,24904.15,100,24904.5,50,250,10932100
NIFTY-I.NFO,26/08/2024,09:19:20,24903.15,24903.15,75,24905.1,50,375,10932100
NIFTY-I.NFO,26/08/2024,09:19:22,24904.25,24902.95,75,24904.4,175,375,10932100
NIFTY-I.NFO,26/08/2024,09:19:24,24904.4,24902.95,75,24904,75,75,10932100
NIFTY-I.NFO,26/08/2024,09:19:25,24903.2,24903.2,50,24904.3,150,600,10932100
NIFTY-I.NFO,26/08/2024,09:19:27,24902.25,24902.25,75,24902.95,4750,3150,10932100
NIFTY-I.NFO,26/08/2024,09:19:28,24902.45,24901.05,100,24902.75,75,1500,10932100
NIFTY-I.NFO,26/08/2024,09:19:30,24901.1,24901.1,75,24902.95,4500,475,10932100
NIFTY-I.NFO,26/08/2024,09:19:32,24902.9,24902.05,100,24902.9,50,25,10932100
NIFTY-I.NFO,26/08/2024,09:19:33,24902.85,24902.05,75,24902.85,175,75,10932100
NIFTY-I.NFO,26/08/2024,09:19:35,24900,24900.15,100,24902.05,25,4425,10932100
NIFTY-I.NFO,26/08/2024,09:19:37,24902.4,24900.15,100,24902.05,75,550,10932100
NIFTY-I.NFO,26/08/2024,09:19:38,24901.6,24900.15,50,24901.4,100,275,10932100
NIFTY-I.NFO,26/08/2024,09:19:40,24900.05,24898.4,100,24900.15,50,1675,10932100
NIFTY-I.NFO,26/08/2024,09:19:42,24901.2,24897.35,100,24901.4,125,975,10932100
NIFTY-I.NFO,26/08/2024,09:19:43,24896.3,24896.3,175,24900,25,575,10932100
NIFTY-I.NFO,26/08/2024,09:19:45,24900.35,24896.05,125,24900.2,25,900,10932100
NIFTY-I.NFO,26/08/2024,09:19:46,24900.1,24896.05,125,24900,25,350,10932100
NIFTY-I.NFO,26/08/2024,09:19:48,24896.45,24896.45,50,24900,25,50,10932100
NIFTY-I.NFO,26/08/2024,09:19:50,24896.45,24896.45,125,24899.75,125,50,10932100
NIFTY-I.NFO,26/08/2024,09:19:51,24899.4,24898.15,100,24899.7,200,300,10932100
NIFTY-I.NFO,26/08/2024,09:19:53,24899.7,24898.25,50,24899.7,50,150,10932100
NIFTY-I.NFO,26/08/2024,09:19:54,24898.15,24898.15,75,24899.95,100,150,10932100
NIFTY-I.NFO,26/08/2024,09:19:56,24898.1,24897.05,100,24899.15,175,1200,10932100
NIFTY-I.NFO,26/08/2024,09:19:58,24897.05,24897.05,75,24899.15,175,25,10932100
NIFTY-I.NFO,26/08/2024,09:19:59,24897.05,24897.05,75,24899.6,300,375,10932100
NIFTY-I.NFO,26/08/2024,09:20:01,24897.65,24894.15,100,24897.65,25,18125,10932100
NIFTY-I.NFO,26/08/2024,09:20:01,24891.3,24894.15,100,24897.65,25,0,10932100
NIFTY-I.NFO,26/08/2024,09:20:02,24892.3,24892.3,100,24896.65,125,1875,10932100
NIFTY-I.NFO,26/08/2024,09:20:04,24893.35,24893,75,24896.55,425,350,10932100
NIFTY-I.NFO,26/08/2024,09:20:06,24896.1,24893.1,75,24896.15,125,675,10932100
NIFTY-I.NFO,26/08/2024,09:20:07,24893.1,24893.25,100,24895.95,125,775,10932100
NIFTY-I.NFO,26/08/2024,09:20:09,24891.05,24891.05,50,24894.2,25,9025,10932100
NIFTY-I.NFO,26/08/2024,09:20:09,24888.75,24891.05,50,24894.2,25,0,10932100
NIFTY-I.NFO,26/08/2024,09:20:11,24891.05,24891.05,25,24893.4,275,125,10932100
NIFTY-I.NFO,26/08/2024,09:20:12,24892.85,24891.05,25,24892.85,75,125,10932100
NIFTY-I.NFO,26/08/2024,09:20:14,24893.2,24889.95,100,24893.15,200,1125,10932100
NIFTY-I.NFO,26/08/2024,09:20:14,24888,24889.95,100,24893.15,200,0,10932100
NIFTY-I.NFO,26/08/2024,09:20:16,24893.15,24892.05,25,24893.15,175,525,10932100
NIFTY-I.NFO,26/08/2024,09:20:17,24894.05,24888.95,25,24894.05,125,2175,10932100
NIFTY-I.NFO,26/08/2024,09:20:17,24887.9,24888.95,25,24894.05,125,0,10932100
NIFTY-I.NFO,26/08/2024,09:20:19,24890,24890.75,50,24895,150,775,10932100
NIFTY-I.NFO,26/08/2024,09:20:21,24893.25,24893.25,25,24894.9,225,225,10932100
NIFTY-I.NFO,26/08/2024,09:20:22,24890.8,24890.8,25,24893.05,50,175,10932100
NIFTY-I.NFO,26/08/2024,09:20:24,24892.55,24890.8,100,24891.75,50,175,10932100
NIFTY-I.NFO,26/08/2024,09:20:25,24891.65,24890.05,100,24891.3,50,600,10932100
NIFTY-I.NFO,26/08/2024,09:20:27,24886.55,24886.55,75,24890.1,100,1450,10932100
NIFTY-I.NFO,26/08/2024,09:20:27,24886.55,24886.55,75,24890.1,100,0,10932100
NIFTY-I.NFO,26/08/2024,09:20:29,24888.9,24888.9,75,24889.7,225,800,10932100
NIFTY-I.NFO,26/08/2024,09:20:29,24885.55,24888.9,75,24889.7,225,0,10932100
NIFTY-I.NFO,26/08/2024,09:20:30,24888,24888,25,24890.1,125,650,10932100
NIFTY-I.NFO,26/08/2024,09:20:30,24885,24888,25,24890.1,125,0,10932100
NIFTY-I.NFO,26/08/2024,09:20:32,24891.45,24890.85,75,24891.45,25,750,10932100
NIFTY-I.NFO,26/08/2024,09:20:34,24890,24888.8,100,24890.95,100,925,10932100
NIFTY-I.NFO,26/08/2024,09:20:35,24888.8,24888.8,75,24890.95,100,525,10932100
NIFTY-I.NFO,26/08/2024,09:20:37,24890.1,24888.8,75,24890.1,925,150,10932100
NIFTY-I.NFO,26/08/2024,09:20:39,24890,24888.8,25,24890,175,650,10932100
NIFTY-I.NFO,26/08/2024,09:20:40,24888.65,24888.65,100,24888.75,25,3075,10932100
NIFTY-I.NFO,26/08/2024,09:20:42,24888.75,24888.65,100,24888.75,325,150,10932100
NIFTY-I.NFO,26/08/2024,09:20:43,24888.65,24888.65,100,24888.75,300,150,10932100
NIFTY-I.NFO,26/08/2024,09:20:45,24888.65,24888.1,100,24888.65,675,500,10932100
NIFTY-I.NFO,26/08/2024,09:20:47,24888.65,24886.1,100,24888.8,1425,1500,10932100
NIFTY-I.NFO,26/08/2024,09:20:48,24888.8,24888.7,50,24888.8,1300,275,10932100
NIFTY-I.NFO,26/08/2024,09:20:50,24888.7,24888.7,50,24888.8,1300,25,10932100
NIFTY-I.NFO,26/08/2024,09:20:51,24888.8,24888.75,75,24888.8,975,350,10932100
NIFTY-I.NFO,26/08/2024,09:20:53,24888,24886.05,100,24888,25,1550,10932100
NIFTY-I.NFO,26/08/2024,09:20:55,24889.05,24889.05,100,24890.1,725,425,10932100
NIFTY-I.NFO,26/08/2024,09:20:56,24889,24888.45,100,24889.3,75,175,10932100
NIFTY-I.NFO,26/08/2024,09:20:58,24889.3,24888.55,100,24889.3,50,200,10932100
NIFTY-I.NFO,26/08/2024,09:20:59,24889.3,24888.3,50,24889.25,125,275,10932100
NIFTY-I.NFO,26/08/2024,09:21:01,24888.3,24888.2,100,24888.3,75,950,10932100
NIFTY-I.NFO,26/08/2024,09:21:03,24888.2,24888.2,200,24889.25,100,900,10932100
NIFTY-I.NFO,26/08/2024,09:21:04,24888.2,24888.2,25,24888.8,25,225,10932100
NIFTY-I.NFO,26/08/2024,09:21:06,24888.2,24887.8,100,24888.2,1425,950,10932100
NIFTY-I.NFO,26/08/2024,09:21:08,24888.2,24888.05,25,24888.2,2275,1275,10932100
NIFTY-I.NFO,26/08/2024,09:21:09,24888.3,24888.45,50,24890,50,2600,10932100
NIFTY-I.NFO,26/08/2024,09:21:11,24890.1,24889.9,25,24893,200,2600,10932100
NIFTY-I.NFO,26/08/2024,09:21:13,24893.75,24890.45,25,24893.8,225,5200,10932100
NIFTY-I.NFO,26/08/2024,09:21:14,24890.55,24890.55,25,24893,25,325,10932100
NIFTY-I.NFO,26/08/2024,09:21:16,24893.9,24890.65,25,24893.95,175,1375,10932100
NIFTY-I.NFO,26/08/2024,09:21:17,24893.3,24890.25,100,24893.3,125,1650,10932100
NIFTY-I.NFO,26/08/2024,09:21:19,24890.3,24890.25,150,24893.4,125,125,10932100
NIFTY-I.NFO,26/08/2024,09:21:21,24893.35,24893.3,25,24893.5,150,700,10932100
NIFTY-I.NFO,26/08/2024,09:21:22,24892.05,24892.05,75,24894.9,25,225,10932100
NIFTY-I.NFO,26/08/2024,09:21:24,24895,24893.5,25,24895,250,150,10932100
NIFTY-I.NFO,26/08/2024,09:21:26,24895,24893.5,75,24895,225,25,10932100
NIFTY-I.NFO,26/08/2024,09:21:27,24896.8,24895.05,100,24896.8,975,1525,10932100
NIFTY-I.NFO,26/08/2024,09:21:29,24895,24894,250,24895.65,150,975,10932100
NIFTY-I.NFO,26/08/2024,09:21:31,24894.5,24894.05,75,24894.6,200,200,10932100
NIFTY-I.NFO,26/08/2024,09:21:32,24894.05,24894.1,100,24895.1,25,100,10932100
NIFTY-I.NFO,26/08/2024,09:21:34,24894,24894,75,24895.6,200,450,10932100
NIFTY-I.NFO,26/08/2024,09:21:36,24894.1,24894.05,100,24895.6,100,1075,10932100
NIFTY-I.NFO,26/08/2024,09:21:37,24895.25,24895.25,75,24896,925,150,10932100
NIFTY-I.NFO,26/08/2024,09:21:39,24895.25,24895.25,100,24896,925,50,10932100
NIFTY-I.NFO,26/08/2024,09:21:41,24896,24895.25,225,24896,850,200,10932100
NIFTY-I.NFO,26/08/2024,09:21:42,24896,24895.25,175,24896,650,250,10932100
NIFTY-I.NFO,26/08/2024,09:21:44,24895.25,24895.25,150,24896,625,125,10932100
NIFTY-I.NFO,26/08/2024,09:21:46,24896.9,24896.5,100,24898,1050,750,10932100
NIFTY-I.NFO,26/08/2024,09:21:47,24898,24896.75,25,24898,775,1425,10932100
NIFTY-I.NFO,26/08/2024,09:21:49,24896.85,24896.85,75,24898,750,75,10932500
NIFTY-I.NFO,26/08/2024,09:21:51,24899.85,24897.6,75,24899.9,100,1800,10932500
NIFTY-I.NFO,26/08/2024,09:21:52,24899.7,24899.7,100,24899.95,350,350,10932500
NIFTY-I.NFO,26/08/2024,09:21:54,24899.7,24897.55,100,24900,1300,500,10932500
NIFTY-I.NFO,26/08/2024,09:21:55,24898.85,24898.85,100,24899.85,200,25,10932500
NIFTY-I.NFO,26/08/2024,09:21:57,24899.85,24899.75,75,24899.95,50,150,10932500
NIFTY-I.NFO,26/08/2024,09:21:59,24900.1,24900.1,50,24902,250,1550,10932500
NIFTY-I.NFO,26/08/2024,09:22:00,24902,24901.1,25,24902.55,750,275,10932500
NIFTY-I.NFO,26/08/2024,09:22:02,24899.8,24899.8,25,24899.85,450,675,10932500
NIFTY-I.NFO,26/08/2024,09:22:04,24899.85,24899.8,275,24899.85,275,250,10932500
NIFTY-I.NFO,26/08/2024,09:22:05,24903,24902.6,100,24903.15,125,450,10932500
NIFTY-I.NFO,26/08/2024,09:22:07,24903.65,24903.25,75,24903.7,100,475,10932500
NIFTY-I.NFO,26/08/2024,09:22:09,24904.15,24903.95,75,24904.15,75,850,10932500
NIFTY-I.NFO,26/08/2024,09:22:10,24901.75,24900.75,100,24903.95,50,550,10932500
NIFTY-I.NFO,26/08/2024,09:22:12,24903.05,24903.05,75,24904.25,225,1350,10932500
NIFTY-I.NFO,26/08/2024,09:22:14,24903.1,24903.1,75,24904.3,125,425,10932500
NIFTY-I.NFO,26/08/2024,09:22:15,24901.4,24901.3,100,24901.4,3400,625,10932500
NIFTY-I.NFO,26/08/2024,09:22:17,24901.4,24901.3,100,24901.4,2900,650,10932500
NIFTY-I.NFO,26/08/2024,09:22:18,24901.75,24901.75,125,24904.3,25,3000,10932500
NIFTY-I.NFO,26/08/2024,09:22:20,24905,24904.5,100,24905.95,25,150,10932500
NIFTY-I.NFO,26/08/2024,09:22:22,24908.35,24906.1,25,24908.35,275,250,10932500
NIFTY-I.NFO,26/08/2024,09:22:23,24908.95,24906.1,25,24908.95,250,25,10932500
NIFTY-I.NFO,26/08/2024,09:22:25,24906.1,24906.05,50,24908.65,250,50,10932500
NIFTY-I.NFO,26/08/2024,09:22:27,24908.2,24906.25,100,24909,300,750,10932500
NIFTY-I.NFO,26/08/2024,09:22:28,24908.75,24906.25,100,24908,25,175,10932500
NIFTY-I.NFO,26/08/2024,09:22:30,24908.05,24908.05,100,24908.95,225,275,10932500
NIFTY-I.NFO,26/08/2024,09:22:31,24908.05,24908,150,24908.2,125,150,10932500
NIFTY-I.NFO,26/08/2024,09:22:33,24908.05,24908.05,25,24908.2,25,275,10932500
NIFTY-I.NFO,26/08/2024,09:22:35,24908.05,24908.05,100,24908.95,50,100,10932500
NIFTY-I.NFO,26/08/2024,09:22:36,24908.3,24907.25,100,24908.3,150,300,10932500
NIFTY-I.NFO,26/08/2024,09:22:38,24905,24903.35,125,24907.5,250,1525,10932500
NIFTY-I.NFO,26/08/2024,09:22:39,24908.05,24904.4,150,24908.05,275,225,10932500
NIFTY-I.NFO,26/08/2024,09:22:41,24905.05,24907.3,50,24908.2,275,1200,10932500
NIFTY-I.NFO,26/08/2024,09:22:43,24907.8,24907.3,50,24907.65,200,75,10932500
NIFTY-I.NFO,26/08/2024,09:22:44,24907.2,24905.2,100,24906.9,125,350,10932500
NIFTY-I.NFO,26/08/2024,09:22:46,24906.2,24905.2,50,24906.05,225,175,10932500
NIFTY-I.NFO,26/08/2024,09:22:47,24901.4,24901.5,50,24904.75,25,900,10932500
NIFTY-I.NFO,26/08/2024,09:22:49,24904.85,24901.7,75,24904.85,300,125,10932500
NIFTY-I.NFO,26/08/2024,09:22:50,24905.65,24901.85,100,24905.7,25,1175,10932500
NIFTY-I.NFO,26/08/2024,09:22:52,24905.95,24902.6,100,24906,925,1400,10932500
NIFTY-I.NFO,26/08/2024,09:22:54,24906.65,24905.3,75,24906.8,50,575,10932500
NIFTY-I.NFO,26/08/2024,09:22:55,24905.95,24905.4,50,24907.35,200,125,10932500
NIFTY-I.NFO,26/08/2024,09:22:57,24903.9,24904.1,25,24907.25,200,1550,10932500
NIFTY-I.NFO,26/08/2024,09:22:58,24906.05,24906.05,50,24907.05,100,525,10932500
NIFTY-I.NFO,26/08/2024,09:23:00,24905.35,24905.45,50,24908,25,1375,10932500
NIFTY-I.NFO,26/08/2024,09:23:02,24909.85,24907.45,100,24909.9,200,325,10932500
NIFTY-I.NFO,26/08/2024,09:23:03,24906.15,24906.15,50,24909.25,150,2675,10932500
NIFTY-I.NFO,26/08/2024,09:23:05,24909.3,24907.3,25,24909.35,125,775,10932500
NIFTY-I.NFO,26/08/2024,09:23:06,24908.75,24907.3,100,24908.85,100,125,10932500
NIFTY-I.NFO,26/08/2024,09:23:08,24907.8,24907.35,75,24907.95,150,175,10932500
NIFTY-I.NFO,26/08/2024,09:23:10,24907.6,24907.05,100,24908.55,125,1125,10932500
NIFTY-I.NFO,26/08/2024,09:23:11,24908.25,24907.05,150,24908.5,50,250,10932500
NIFTY-I.NFO,26/08/2024,09:23:13,24907.05,24907.05,125,24908.9,75,75,10932500
NIFTY-I.NFO,26/08/2024,09:23:14,24908.8,24907.05,150,24908.8,75,100,10932500
NIFTY-I.NFO,26/08/2024,09:23:16,24908.8,24907.05,100,24908.8,300,225,10932500
NIFTY-I.NFO,26/08/2024,09:23:18,24907.3,24907.3,25,24908.2,250,450,10932500
NIFTY-I.NFO,26/08/2024,09:23:19,24908.95,24908.6,100,24909,25,450,10932500
NIFTY-I.NFO,26/08/2024,09:23:21,24909.15,24908.6,100,24909.9,75,125,10932500
NIFTY-I.NFO,26/08/2024,09:23:22,24908.6,24908.6,75,24910,1900,75,10932500
NIFTY-I.NFO,26/08/2024,09:23:24,24909.25,24909.2,100,24909.6,225,1275,10932500
NIFTY-I.NFO,26/08/2024,09:23:26,24909.2,24908.6,100,24909,125,625,10932500
NIFTY-I.NFO,26/08/2024,09:23:27,24908.5,24907.3,100,24908.55,150,1300,10932500
NIFTY-I.NFO,26/08/2024,09:23:29,24907.65,24904.05,100,24907.7,675,675,10932500
NIFTY-I.NFO,26/08/2024,09:23:31,24904.05,24906.25,75,24908.15,150,25,10932500
NIFTY-I.NFO,26/08/2024,09:23:32,24904.15,24904.15,25,24907.5,25,300,10932500
NIFTY-I.NFO,26/08/2024,09:23:34,24906.25,24906.15,150,24907.45,25,50,10932500
NIFTY-I.NFO,26/08/2024,09:23:35,24906.2,24906.35,100,24907.55,50,125,10932500
NIFTY-I.NFO,26/08/2024,09:23:37,24909.15,24908.85,75,24909.5,50,450,10932500
NIFTY-I.NFO,26/08/2024,09:23:39,24907.6,24907.6,25,24909.6,675,525,10932500
NIFTY-I.NFO,26/08/2024,09:23:40,24909.05,24909.05,50,24909.6,650,650,10932500
NIFTY-I.NFO,26/08/2024,09:23:42,24909.1,24909.4,50,24910,975,225,10932500
NIFTY-I.NFO,26/08/2024,09:23:44,24909.4,24909.4,125,24910,950,50,10932500
NIFTY-I.NFO,26/08/2024,09:23:45,24910,24909.5,100,24909.95,100,150,10932500
NIFTY-I.NFO,26/08/2024,09:23:47,24909.7,24907.6,100,24909.7,300,350,10932500
NIFTY-I.NFO,26/08/2024,09:23:48,24909.7,24907.6,100,24909.75,200,100,10932500
NIFTY-I.NFO,26/08/2024,09:23:50,24909.75,24907.6,125,24908.65,50,200,10932500
NIFTY-I.NFO,26/08/2024,09:23:52,24910,24907.75,150,24910,400,775,10932500
NIFTY-I.NFO,26/08/2024,09:23:53,24910.3,24907.1,50,24909.9,25,1900,10932500
NIFTY-I.NFO,26/08/2024,09:23:55,24906.6,24906.6,100,24909.8,150,250,10932500
NIFTY-I.NFO,26/08/2024,09:23:57,24903.9,24906.45,100,24909.6,300,425,10932500
NIFTY-I.NFO,26/08/2024,09:23:58,24909,24905.5,25,24909.7,25,600,10932500
NIFTY-I.NFO,26/08/2024,09:24:00,24909.9,24909.85,100,24909.95,50,175,10932500
NIFTY-I.NFO,26/08/2024,09:24:02,24910.15,24909.85,125,24910.3,50,125,10932500
NIFTY-I.NFO,26/08/2024,09:24:03,24910.25,24909.85,100,24910.25,125,50,10932500
NIFTY-I.NFO,26/08/2024,09:24:05,24910.05,24910.05,75,24911,1275,925,10932500
NIFTY-I.NFO,26/08/2024,09:24:07,24909.85,24909.75,75,24910.05,25,550,10932500
NIFTY-I.NFO,26/08/2024,09:24:08,24910.15,24910.2,75,24910.65,50,100,10932500
NIFTY-I.NFO,26/08/2024,09:24:10,24909.75,24909.75,75,24909.85,225,500,10932500
NIFTY-I.NFO,26/08/2024,09:24:11,24909.1,24907.65,100,24909.05,300,675,10932500
NIFTY-I.NFO,26/08/2024,09:24:13,24907.65,24907.65,100,24908.8,300,25,10932500
NIFTY-I.NFO,26/08/2024,09:24:15,24908.1,24908.1,25,24909.2,300,125,10932500
NIFTY-I.NFO,26/08/2024,09:24:16,24909.3,24909.2,25,24909.85,200,250,10932500
NIFTY-I.NFO,26/08/2024,09:24:18,24909.15,24909.2,100,24911,1250,300,10932500
NIFTY-I.NFO,26/08/2024,09:24:20,24909.3,24909.15,1375,24910.45,25,2300,10932500
NIFTY-I.NFO,26/08/2024,09:24:21,24909.15,24907.95,250,24909.15,75,2025,10932500
NIFTY-I.NFO,26/08/2024,09:24:23,24906.25,24906.25,75,24907.95,400,1475,10932500
NIFTY-I.NFO,26/08/2024,09:24:25,24907.95,24906.95,75,24907.95,50,350,10932500
NIFTY-I.NFO,26/08/2024,09:24:26,24906.95,24906.95,25,24907.95,275,250,10932500
NIFTY-I.NFO,26/08/2024,09:24:28,24906.6,24905.3,50,24907.9,225,900,10932500
NIFTY-I.NFO,26/08/2024,09:24:30,24907.9,24905.1,125,24907.45,250,375,10932500
NIFTY-I.NFO,26/08/2024,09:24:31,24907.45,24906.35,75,24907.45,75,75,10932500
NIFTY-I.NFO,26/08/2024,09:24:33,24907.45,24906.35,100,24907.65,275,25,10932500
NIFTY-I.NFO,26/08/2024,09:24:34,24906.65,24905.05,100,24906.7,200,600,10932500
NIFTY-I.NFO,26/08/2024,09:24:36,24906,24905,100,24906.35,25,150,10932500
NIFTY-I.NFO,26/08/2024,09:24:38,24906.35,24905.1,75,24906.35,125,200,10932500
NIFTY-I.NFO,26/08/2024,09:24:39,24906.6,24906.35,100,24906.85,475,350,10932500
NIFTY-I.NFO,26/08/2024,09:24:41,24905.8,24904.5,150,24905.8,50,325,10932500
NIFTY-I.NFO,26/08/2024,09:24:42,24905.8,24903.45,75,24905.75,400,125,10932500
NIFTY-I.NFO,26/08/2024,09:24:44,24905.75,24903.95,25,24905,2500,100,10932500
NIFTY-I.NFO,26/08/2024,09:24:46,24903.55,24903.8,25,24905,2450,150,10932500
NIFTY-I.NFO,26/08/2024,09:24:47,24903.45,24903,225,24905,625,2500,10932500
NIFTY-I.NFO,26/08/2024,09:24:49,24903.2,24903.2,100,24906,50,775,10932500
NIFTY-I.NFO,26/08/2024,09:24:51,24906,24903.85,100,24906,25,75,10922725
NIFTY-I.NFO,26/08/2024,09:24:52,24903.85,24903.85,75,24906.6,100,50,10922725
NIFTY-I.NFO,26/08/2024,09:24:54,24906.6,24905.05,50,24906.6,75,50,10922725
NIFTY-I.NFO,26/08/2024,09:24:56,24905.05,24906.05,100,24906.6,100,700,10922725
NIFTY-I.NFO,26/08/2024,09:24:57,24906.55,24906.05,100,24906.55,175,75,10922725
NIFTY-I.NFO,26/08/2024,09:24:59,24906.55,24906.05,50,24906.55,150,75,10922725
NIFTY-I.NFO,26/08/2024,09:25:01,24906.6,24906.65,75,24908,25,750,10922725
NIFTY-I.NFO,26/08/2024,09:25:02,24907.25,24907.2,50,24910,2100,650,10922725
NIFTY-I.NFO,26/08/2024,09:25:04,24907.5,24907.05,100,24910,2075,175,10922725
NIFTY-I.NFO,26/08/2024,09:25:05,24910,24907.65,25,24910,1875,550,10922725
NIFTY-I.NFO,26/08/2024,09:25:07,24910.6,24910.55,75,24913.1,25,3200,10922725
NIFTY-I.NFO,26/08/2024,09:25:09,24912.95,24910.75,100,24912.5,100,175,10922725
NIFTY-I.NFO,26/08/2024,09:25:10,24912.85,24910.7,50,24913.25,125,425,10922725
NIFTY-I.NFO,26/08/2024,09:25:12,24912.05,24912.05,75,24913.95,25,575,10922725
NIFTY-I.NFO,26/08/2024,09:25:14,24912.05,24912.2,25,24914,925,2550,10922725
NIFTY-I.NFO,26/08/2024,09:25:15,24914,24912.75,100,24914,775,150,10922725
NIFTY-I.NFO,26/08/2024,09:25:17,24914,24913.2,75,24914,675,675,10922725
NIFTY-I.NFO,26/08/2024,09:25:19,24912.65,24912.4,100,24915,1850,2325,10922725
NIFTY-I.NFO,26/08/2024,09:25:20,24913.1,24913.1,25,24914,25,250,10922725
NIFTY-I.NFO,26/08/2024,09:25:22,24915,24914.45,100,24914.9,125,350,10922725
NIFTY-I.NFO,26/08/2024,09:25:23,24914.05,24914.05,25,24914.3,100,350,10922725
NIFTY-I.NFO,26/08/2024,09:25:25,24913.7,24911.65,125,24913.7,25,675,10922725
NIFTY-I.NFO,26/08/2024,09:25:27,24913.5,24913.45,25,24914.75,125,325,10922725
NIFTY-I.NFO,26/08/2024,09:25:28,24913.5,24913.5,75,24914.55,75,75,10922725
NIFTY-I.NFO,26/08/2024,09:25:30,24914.1,24913.75,25,24914.1,75,50,10922725
NIFTY-I.NFO,26/08/2024,09:25:32,24914.7,24913.55,25,24914.65,300,625,10922725
NIFTY-I.NFO,26/08/2024,09:25:33,24915,24914.75,100,24915,1050,875,10922725
NIFTY-I.NFO,26/08/2024,09:25:35,24914.75,24914.75,50,24916.7,125,5750,10922725
NIFTY-I.NFO,26/08/2024,09:25:37,24915.9,24915.05,50,24915.9,25,1325,10922725
NIFTY-I.NFO,26/08/2024,09:25:38,24916.05,24914.75,100,24916.15,50,425,10922725
NIFTY-I.NFO,26/08/2024,09:25:40,24916.05,24914.75,100,24915.8,25,25,10922725
NIFTY-I.NFO,26/08/2024,09:25:42,24915.5,24914.75,100,24915.6,125,125,10922725
NIFTY-I.NFO,26/08/2024,09:25:43,24914.75,24914.75,75,24915.7,25,125,10922725
NIFTY-I.NFO,26/08/2024,09:25:45,24914.75,24915.85,75,24916.25,25,125,10922725
NIFTY-I.NFO,26/08/2024,09:25:46,24915.75,24915.5,125,24915.75,200,375,10922725
NIFTY-I.NFO,26/08/2024,09:25:48,24915.75,24916.4,100,24917.85,25,200,10922725
NIFTY-I.NFO,26/08/2024,09:25:49,24918,24917.8,75,24918,475,50,10922725
NIFTY-I.NFO,26/08/2024,09:25:51,24919.3,24916.2,25,24918.65,25,1600,10922725
NIFTY-I.NFO,26/08/2024,09:25:53,24918.15,24915.8,200,24918.15,25,675,10922725
NIFTY-I.NFO,26/08/2024,09:25:54,24915.5,24915.5,200,24918.8,75,4700,10922725
NIFTY-I.NFO,26/08/2024,09:25:56,24918.9,24918.4,100,24918.95,75,300,10922725
NIFTY-I.NFO,26/08/2024,09:25:57,24918.4,24918.4,75,24918.9,25,25,10922725
NIFTY-I.NFO,26/08/2024,09:25:59,24918.4,24918.4,75,24919.75,25,400,10922725
NIFTY-I.NFO,26/08/2024,09:26:01,24918.4,24918.55,125,24919.75,25,50,10922725
NIFTY-I.NFO,26/08/2024,09:26:02,24920,24918.4,50,24920,50,1425,10922725
NIFTY-I.NFO,26/08/2024,09:26:04,24918.4,24918.4,75,24919.65,25,375,10922725
NIFTY-I.NFO,26/08/2024,09:26:05,24920,24918.4,150,24920,225,300,10922725
NIFTY-I.NFO,26/08/2024,09:26:07,24920,24918.4,50,24920,175,825,10922725
NIFTY-I.NFO,26/08/2024,09:26:09,24920.25,24918.05,125,24920.4,25,700,10922725
NIFTY-I.NFO,26/08/2024,09:26:10,24919.5,24918.05,100,24919.55,325,50,10922725
NIFTY-I.NFO,26/08/2024,09:26:12,24919,24918.15,25,24919,150,500,10922725
NIFTY-I.NFO,26/08/2024,09:26:13,24919,24918.15,25,24919,150,0,10922725
NIFTY-I.NFO,26/08/2024,09:26:15,24918.05,24915.1,100,24918.1,25,2350,10922725
NIFTY-I.NFO,26/08/2024,09:26:16,24918.15,24918.15,100,24918.3,150,350,10922725
NIFTY-I.NFO,26/08/2024,09:26:18,24918.05,24917.45,50,24918.05,3875,525,10922725
NIFTY-I.NFO,26/08/2024,09:26:20,24918.05,24917.45,50,24918.05,3650,225,10922725
NIFTY-I.NFO,26/08/2024,09:26:21,24917.4,24915.8,150,24917.5,100,1425,10922725
NIFTY-I.NFO,26/08/2024,09:26:23,24917.4,24917.4,25,24917.65,125,2675,10922725
NIFTY-I.NFO,26/08/2024,09:26:24,24917.95,24917.9,250,24918,50,1825,10922725
NIFTY-I.NFO,26/08/2024,09:26:26,24917.75,24915.85,200,24917.85,400,3575,10922725
NIFTY-I.NFO,26/08/2024,09:26:28,24915.1,24915.1,50,24917.7,50,275,10922725
NIFTY-I.NFO,26/08/2024,09:26:29,24917.8,24917.75,25,24918,50,150,10922725
NIFTY-I.NFO,26/08/2024,09:26:31,24917.8,24917.8,100,24917.9,75,125,10922725
NIFTY-I.NFO,26/08/2024,09:26:32,24917.75,24915.65,100,24917.8,50,1150,10922725
NIFTY-I.NFO,26/08/2024,09:26:34,24917.5,24915.25,100,24917.1,25,300,10922725
NIFTY-I.NFO,26/08/2024,09:26:36,24915.65,24915.15,100,24915.65,1950,75,10922725
NIFTY-I.NFO,26/08/2024,09:26:37,24915.15,24915.15,25,24915.65,1950,100,10922725
NIFTY-I.NFO,26/08/2024,09:26:39,24915.65,24915.05,200,24915.65,1625,675,10922725
NIFTY-I.NFO,26/08/2024,09:26:41,24915.65,24915.05,200,24915.55,25,0,10922725
NIFTY-I.NFO,26/08/2024,09:26:42,24914.05,24914.05,75,24915,450,1175,10922725
NIFTY-I.NFO,26/08/2024,09:26:44,24915,24914.05,75,24915,400,50,10922725
NIFTY-I.NFO,26/08/2024,09:26:46,24915,24914.35,100,24915,350,175,10922725
NIFTY-I.NFO,26/08/2024,09:26:47,24914,24914.1,100,24915,350,375,10922725
NIFTY-I.NFO,26/08/2024,09:26:49,24915,24914.1,100,24915,300,50,10922725
NIFTY-I.NFO,26/08/2024,09:26:50,24914.3,24914.3,75,24915,175,175,10922725
NIFTY-I.NFO,26/08/2024,09:26:52,24915.45,24915.6,50,24916.8,500,400,10922725
NIFTY-I.NFO,26/08/2024,09:26:54,24918.85,24919.3,50,24920,1325,775,10922725
NIFTY-I.NFO,26/08/2024,09:26:55,24920.85,24919.7,25,24921,225,1700,10922725
NIFTY-I.NFO,26/08/2024,09:26:57,24920.25,24920.25,100,24922,275,375,10922725
NIFTY-I.NFO,26/08/2024,09:26:59,24917.3,24919,25,24922,275,5075,10922725
NIFTY-I.NFO,26/08/2024,09:27:00,24921.95,24918.4,100,24922.05,50,2875,10922725
NIFTY-I.NFO,26/08/2024,09:27:02,24919.05,24919.8,25,24923.2,50,150,10922725
NIFTY-I.NFO,26/08/2024,09:27:04,24922.9,24921.05,25,24923.2,25,675,10922725
NIFTY-I.NFO,26/08/2024,09:27:05,24921,24919.1,100,24921.95,25,50,10922725
NIFTY-I.NFO,26/08/2024,09:27:07,24921.6,24919.1,100,24921.6,25,100,10922725
NIFTY-I.NFO,26/08/2024,09:27:09,24920.05,24920.05,75,24921.1,25,75,10922725
NIFTY-I.NFO,26/08/2024,09:27:10,24921.1,24919.1,100,24920.05,150,325,10922725
NIFTY-I.NFO,26/08/2024,09:27:12,24920.05,24919.1,200,24920.05,25,125,10922725
NIFTY-I.NFO,26/08/2024,09:27:14,24920.05,24919.1,100,24921.25,25,25,10922725
NIFTY-I.NFO,26/08/2024,09:27:15,24921.25,24919.1,100,24921.25,50,175,10922725
NIFTY-I.NFO,26/08/2024,09:27:17,24919.1,24919.1,75,24921.1,25,25,10922725
NIFTY-I.NFO,26/08/2024,09:27:19,24919.1,24917.35,100,24919.1,2225,7250,10922725
NIFTY-I.NFO,26/08/2024,09:27:20,24917.35,24917.35,75,24919.1,2125,250,10922725
NIFTY-I.NFO,26/08/2024,09:27:22,24919,24917.55,100,24919,350,25,10922725
NIFTY-I.NFO,26/08/2024,09:27:24,24919,24917.55,100,24919,300,75,10922725
NIFTY-I.NFO,26/08/2024,09:27:25,24919,24917.55,200,24919,300,0,10922725
NIFTY-I.NFO,26/08/2024,09:27:27,24916.35,24916.35,175,24919.1,25,2625,10922725
NIFTY-I.NFO,26/08/2024,09:27:29,24916.6,24917.5,100,24918.75,100,100,10922725
NIFTY-I.NFO,26/08/2024,09:27:30,24918.75,24916.65,150,24918.75,25,375,10922725
NIFTY-I.NFO,26/08/2024,09:27:32,24920,24917.35,100,24919.85,25,700,10922725
NIFTY-I.NFO,26/08/2024,09:27:33,24917.05,24918.65,75,24919.2,25,75,10922725
NIFTY-I.NFO,26/08/2024,09:27:35,24918.6,24917.05,100,24918.05,25,325,10922725
NIFTY-I.NFO,26/08/2024,09:27:37,24917.05,24917.05,25,24917.7,25,75,10922725
NIFTY-I.NFO,26/08/2024,09:27:38,24916.2,24915.05,100,24916.9,750,175,10922725
NIFTY-I.NFO,26/08/2024,09:27:40,24917.65,24915.35,200,24917.45,750,175,10922725
NIFTY-I.NFO,26/08/2024,09:27:42,24916.1,24916.1,75,24917.55,750,25,10922725
NIFTY-I.NFO,26/08/2024,09:27:43,24916.05,24916.05,100,24917.6,750,100,10922725
NIFTY-I.NFO,26/08/2024,09:27:45,24916.95,24915.25,75,24916.7,750,75,10922725
NIFTY-I.NFO,26/08/2024,09:27:47,24916.7,24915.05,75,24916,75,50,10922725
NIFTY-I.NFO,26/08/2024,09:27:48,24915.05,24915.05,75,24916,75,100,10922725
NIFTY-I.NFO,26/08/2024,09:27:50,24915.05,24915.05,50,24915.2,750,25,10918150
NIFTY-I.NFO,26/08/2024,09:27:51,24915,24914.5,175,24915,475,2875,10918150
NIFTY-I.NFO,26/08/2024,09:27:53,24914.5,24914.5,175,24915,575,100,10918150
NIFTY-I.NFO,26/08/2024,09:27:55,24914.3,24914.3,75,24915,450,300,10918150
NIFTY-I.NFO,26/08/2024,09:27:56,24914.3,24914.45,75,24914.9,100,25,10918150
NIFTY-I.NFO,26/08/2024,09:27:58,24914.45,24914.45,50,24914.9,75,50,10918150
NIFTY-I.NFO,26/08/2024,09:27:59,24914.6,24915.4,50,24916,75,875,10918150
NIFTY-I.NFO,26/08/2024,09:28:01,24916.95,24916.15,100,24917,75,250,10918150
NIFTY-I.NFO,26/08/2024,09:28:03,24917,24915.65,75,24917,25,275,10918150
NIFTY-I.NFO,26/08/2024,09:28:04,24915.65,24917,100,24917.65,50,150,10918150
NIFTY-I.NFO,26/08/2024,09:28:06,24917.95,24917.5,50,24919.6,25,75,10918150
NIFTY-I.NFO,26/08/2024,09:28:08,24917.95,24917.75,150,24919.6,25,25,10918150
NIFTY-I.NFO,26/08/2024,09:28:09,24920,24919.25,75,24919.95,25,150,10918150
NIFTY-I.NFO,26/08/2024,09:28:11,24919.9,24919.9,50,24921,125,200,10918150
NIFTY-I.NFO,26/08/2024,09:28:13,24919.9,24919.9,25,24920.5,750,25,10918150
NIFTY-I.NFO,26/08/2024,09:28:14,24920.55,24920.3,150,24921.55,50,1050,10918150
NIFTY-I.NFO,26/08/2024,09:28:16,24919.65,24919.65,25,24920,25,775,10918150
NIFTY-I.NFO,26/08/2024,09:28:18,24919.7,24918.1,125,24918.95,25,250,10918150
NIFTY-I.NFO,26/08/2024,09:28:19,24917,24917,75,24919.85,100,350,10918150
NIFTY-I.NFO,26/08/2024,09:28:21,24919.05,24919.05,50,24919.35,75,25,10918150
NIFTY-I.NFO,26/08/2024,09:28:22,24917.05,24918,50,24919.2,50,200,10918150
NIFTY-I.NFO,26/08/2024,09:28:24,24918,24917.45,100,24919.9,25,50,10918150
NIFTY-I.NFO,26/08/2024,09:28:26,24918,24918.1,100,24919.9,25,0,10918150
NIFTY-I.NFO,26/08/2024,09:28:27,24920,24918.1,175,24920.25,50,125,10918150
NIFTY-I.NFO,26/08/2024,09:28:29,24918.1,24918.1,75,24919.75,25,25,10918150
NIFTY-I.NFO,26/08/2024,09:28:31,24920.3,24920.3,75,24920.75,100,425,10918150
NIFTY-I.NFO,26/08/2024,09:28:32,24920.2,24917.3,250,24920.7,125,975,10918150
NIFTY-I.NFO,26/08/2024,09:28:34,24917.65,24917.65,50,24920.75,125,50,10918150
NIFTY-I.NFO,26/08/2024,09:28:36,24917.75,24917.35,250,24919.65,75,100,10918150
NIFTY-I.NFO,26/08/2024,09:28:37,24919.45,24917.35,225,24919.45,25,175,10918150
NIFTY-I.NFO,26/08/2024,09:28:39,24918.45,24918.4,25,24919.8,25,225,10918150
NIFTY-I.NFO,26/08/2024,09:28:41,24919.55,24918.45,175,24919.6,75,125,10918150
NIFTY-I.NFO,26/08/2024,09:28:42,24918.45,24918.45,25,24919.45,150,75,10918150
NIFTY-I.NFO,26/08/2024,09:28:44,24918.45,24919,25,24919.2,100,0,10918150
NIFTY-I.NFO,26/08/2024,09:28:46,24919.8,24917.2,75,24920,125,475,10918150
NIFTY-I.NFO,26/08/2024,09:28:47,24919.55,24917.2,25,24919.55,2425,400,10918150
NIFTY-I.NFO,26/08/2024,09:28:49,24919.55,24917.1,25,24919.55,2375,50,10918150
NIFTY-I.NFO,26/08/2024,09:28:51,24919.35,24916.8,25,24919.35,100,600,10918150
NIFTY-I.NFO,26/08/2024,09:28:52,24919.55,24917.65,25,24919.55,2175,175,10918150
NIFTY-I.NFO,26/08/2024,09:28:54,24919.5,24917.65,25,24919.55,2150,75,10918150
NIFTY-I.NFO,26/08/2024,09:28:56,24919.55,24919.05,25,24919.55,2125,25,10918150
NIFTY-I.NFO,26/08/2024,09:28:57,24919.55,24919.05,25,24919.5,150,175,10918150
NIFTY-I.NFO,26/08/2024,09:28:59,24919.55,24919.05,25,24919.3,150,0,10918150
NIFTY-I.NFO,26/08/2024,09:29:00,24919.55,24919.05,25,24919.45,75,0,10918150
NIFTY-I.NFO,26/08/2024,09:29:02,24919.05,24919.05,75,24919.3,500,225,10918150
NIFTY-I.NFO,26/08/2024,09:29:04,24919.05,24919.05,50,24919.3,425,100,10918150
NIFTY-I.NFO,26/08/2024,09:29:05,24919.05,24919.05,75,24919.3,425,275,10918150
NIFTY-I.NFO,26/08/2024,09:29:07,24919.05,24919.05,75,24919.3,325,150,10918150
NIFTY-I.NFO,26/08/2024,09:29:09,24919.05,24919.05,50,24919.3,325,25,10918150
NIFTY-I.NFO,26/08/2024,09:29:10,24919.3,24919.1,75,24919.3,50,325,10918150
NIFTY-I.NFO,26/08/2024,09:29:12,24918,24917.7,100,24918,275,1575,10918150
NIFTY-I.NFO,26/08/2024,09:29:14,24917.7,24917.7,75,24918,275,50,10918150
NIFTY-I.NFO,26/08/2024,09:29:15,24918,24918.05,75,24919.05,25,275,10918150
NIFTY-I.NFO,26/08/2024,09:29:17,24920,24919.55,125,24920,2475,400,10918150
NIFTY-I.NFO,26/08/2024,09:29:18,24917.05,24917.35,100,24920,2475,1175,10918150
NIFTY-I.NFO,26/08/2024,09:29:20,24916.55,24917.45,100,24920,2475,350,10918150
NIFTY-I.NFO,26/08/2024,09:29:22,24916.55,24917.55,100,24920,2475,25,10918150
NIFTY-I.NFO,26/08/2024,09:29:24,24920,24918.75,50,24920,3475,1000,10918150
NIFTY-I.NFO,26/08/2024,09:29:25,24920,24919.2,100,24920,3425,50,10918150
NIFTY-I.NFO,26/08/2024,09:29:27,24920,24919.2,100,24920,3425,0,10918150
NIFTY-I.NFO,26/08/2024,09:29:28,24921,24920.65,100,24921.95,25,3850,10918150
NIFTY-I.NFO,26/08/2024,09:29:30,24923.45,24922.25,75,24923.45,125,250,10918150
NIFTY-I.NFO,26/08/2024,09:29:32,24924,24923.7,1000,24924,3675,1425,10918150
NIFTY-I.NFO,26/08/2024,09:29:33,24924,24922.4,100,24924,2250,1475,10918150
NIFTY-I.NFO,26/08/2024,09:29:35,24924,24922.5,175,24924,1625,625,10918150
NIFTY-I.NFO,26/08/2024,09:29:36,24922.5,24921.1,25,24924,1950,250,10918150
NIFTY-I.NFO,26/08/2024,09:29:38,24924,24921.6,75,24924,1875,250,10918150
NIFTY-I.NFO,26/08/2024,09:29:40,24924,24921.6,75,24924,1825,75,10918150
NIFTY-I.NFO,26/08/2024,09:29:41,24924,24921.7,75,24924,1775,75,10918150
NIFTY-I.NFO,26/08/2024,09:29:43,24921.7,24921.7,100,24924,1800,200,10918150
NIFTY-I.NFO,26/08/2024,09:29:45,24924.05,24924.05,75,24924.7,425,1950,10918150
NIFTY-I.NFO,26/08/2024,09:29:45,24924.7,24924.05,75,24924.7,425,0,10918150
NIFTY-I.NFO,26/08/2024,09:29:46,24925,24924.95,200,24925,3050,2325,10918150
NIFTY-I.NFO,26/08/2024,09:29:46,24925,24924.95,200,24925,3050,0,10918150
NIFTY-I.NFO,26/08/2024,09:29:48,24924.95,24924.05,75,24925,2450,1150,10918150
NIFTY-I.NFO,26/08/2024,09:29:49,24925,24924.05,25,24925,1950,400,10918150
NIFTY-I.NFO,26/08/2024,09:29:51,24925,24924.05,25,24924.95,25,150,10918150
NIFTY-I.NFO,26/08/2024,09:29:53,24924.95,24924.05,75,24925,1875,1625,10918150
NIFTY-I.NFO,26/08/2024,09:29:54,24925,24924.05,75,24925,1400,500,10918150
NIFTY-I.NFO,26/08/2024,09:29:56,24925,24924.05,100,24925,1175,300,10918150
NIFTY-I.NFO,26/08/2024,09:29:58,24924.15,24924.25,75,24924.55,125,350,10918150
NIFTY-I.NFO,26/08/2024,09:29:59,24925.45,24922.65,100,24925,25,2875,10918150
NIFTY-I.NFO,26/08/2024,09:29:59,24925.45,24922.65,100,24925,25,0,10918150
NIFTY-I.NFO,26/08/2024,09:30:01,24921.3,24922.45,25,24924.35,175,725,10918150
NIFTY-I.NFO,26/08/2024,09:30:02,24922.05,24921.8,50,24923.65,25,225,10918150
NIFTY-I.NFO,26/08/2024,09:30:04,24923,24922.55,100,24923.05,25,175,10918150
NIFTY-I.NFO,26/08/2024,09:30:06,24923.15,24923.25,75,24923.95,25,50,10918150
NIFTY-I.NFO,26/08/2024,09:30:07,24924.5,24924.4,200,24924.5,900,325,10918150
NIFTY-I.NFO,26/08/2024,09:30:09,24924.5,24922.55,175,24924.5,525,375,10918150
NIFTY-I.NFO,26/08/2024,09:30:11,24924.5,24922.2,25,24924.5,325,550,10918150
NIFTY-I.NFO,26/08/2024,09:30:12,24927.35,24925,100,24927.45,100,1350,10918150
NIFTY-I.NFO,26/08/2024,09:30:12,24927.4,24925,100,24927.45,100,0,10918150
NIFTY-I.NFO,26/08/2024,09:30:14,24927.7,24924.7,25,24927.7,525,650,10918150
NIFTY-I.NFO,26/08/2024,09:30:14,24927.7,24924.7,25,24927.7,525,0,10918150
NIFTY-I.NFO,26/08/2024,09:30:15,24924.55,24924.55,75,24928.1,25,4800,10918150
NIFTY-I.NFO,26/08/2024,09:30:15,24928.9,24924.55,75,24928.1,25,0,10918150
NIFTY-I.NFO,26/08/2024,09:30:17,24927,24926.1,175,24929,150,125,10918150
NIFTY-I.NFO,26/08/2024,09:30:19,24929,24928.15,75,24929,25,225,10918150
NIFTY-I.NFO,26/08/2024,09:30:19,24929,24928.15,75,24929,25,0,10918150
NIFTY-I.NFO,26/08/2024,09:30:20,24928.2,24928.2,25,24929.45,25,300,10918150
NIFTY-I.NFO,26/08/2024,09:30:20,24929.4,24928.2,25,24929.45,25,0,10918150
NIFTY-I.NFO,26/08/2024,09:30:22,24930.05,24926.25,100,24929.4,200,4750,10918150
NIFTY-I.NFO,26/08/2024,09:30:22,24930.2,24926.25,100,24929.4,200,0,10918150
NIFTY-I.NFO,26/08/2024,09:30:24,24928.3,24927.05,150,24927.6,25,1125,10918150
NIFTY-I.NFO,26/08/2024,09:30:25,24927.2,24927,150,24927.2,25,975,10918150
NIFTY-I.NFO,26/08/2024,09:30:27,24926.05,24925.6,450,24926.5,225,1250,10918150
NIFTY-I.NFO,26/08/2024,09:30:29,24926,24921.6,25,24926.05,100,6525,10918150
NIFTY-I.NFO,26/08/2024,09:30:30,24926.05,24924,25,24925.65,5000,2500,10918150
NIFTY-I.NFO,26/08/2024,09:30:32,24925.05,24924.1,450,24925.05,200,2825,10918150
NIFTY-I.NFO,26/08/2024,09:30:34,24924.1,24924.1,325,24924.35,50,1000,10918150
NIFTY-I.NFO,26/08/2024,09:30:35,24920.6,24920.65,100,24923.55,150,925,10918150
NIFTY-I.NFO,26/08/2024,09:30:37,24922,24920.75,250,24922,2800,150,10918150
NIFTY-I.NFO,26/08/2024,09:30:39,24920.6,24920.6,225,24921.95,25,475,10918150
NIFTY-I.NFO,26/08/2024,09:30:40,24922,24920.7,225,24922,2450,100,10918150
NIFTY-I.NFO,26/08/2024,09:30:42,24920.6,24920.6,100,24922,2225,375,10918150
NIFTY-I.NFO,26/08/2024,09:30:44,24921.95,24921.5,250,24921.95,75,1025,10918150
NIFTY-I.NFO,26/08/2024,09:30:45,24919.35,24919.35,200,24921.9,100,1275,10918150
NIFTY-I.NFO,26/08/2024,09:30:47,24919.45,24920.05,200,24921.9,100,125,10918150
NIFTY-I.NFO,26/08/2024,09:30:48,24922,24921.9,200,24922,800,700,10918150
NIFTY-I.NFO,26/08/2024,09:30:50,24922,24921.9,100,24922,700,400,10909150
NIFTY-I.NFO,26/08/2024,09:30:52,24921.9,24921.9,50,24922,75,725,10909150
NIFTY-I.NFO,26/08/2024,09:30:53,24924.1,24922.05,225,24923.65,25,175,10909150
NIFTY-I.NFO,26/08/2024,09:30:55,24921.9,24921.9,25,24923.6,25,300,10909150
NIFTY-I.NFO,26/08/2024,09:30:57,24923.85,24922,25,24923.9,175,125,10909150
NIFTY-I.NFO,26/08/2024,09:30:58,24923.9,24922,175,24923.9,250,125,10909150
NIFTY-I.NFO,26/08/2024,09:31:00,24924.55,24922,175,24924.55,125,350,10909150
NIFTY-I.NFO,26/08/2024,09:31:02,24922,24922,125,24924.45,225,375,10909150
NIFTY-I.NFO,26/08/2024,09:31:03,24922.05,24922.1,75,24922.9,25,25,10909150
NIFTY-I.NFO,26/08/2024,09:31:05,24921.9,24921.9,25,24922.75,50,425,10909150
NIFTY-I.NFO,26/08/2024,09:31:07,24921.9,24920.25,1800,24922.5,25,225,10909150
NIFTY-I.NFO,26/08/2024,09:31:08,24920.25,24920.25,1750,24922.05,125,175,10909150
NIFTY-I.NFO,26/08/2024,09:31:10,24921.85,24920.25,1575,24921.9,250,300,10909150
NIFTY-I.NFO,26/08/2024,09:31:12,24920.3,24920.25,1100,24920.3,4800,725,10909150
NIFTY-I.NFO,26/08/2024,09:31:13,24920.3,24920.25,900,24920.3,4450,550,10909150
NIFTY-I.NFO,26/08/2024,09:31:15,24920.25,24920.25,150,24920.3,4650,900,10909150
NIFTY-I.NFO,26/08/2024,09:31:17,24920,24919.3,25,24920.2,150,775,10909150
NIFTY-I.NFO,26/08/2024,09:31:18,24919.3,24919.2,25,24919.95,25,375,10909150
NIFTY-I.NFO,26/08/2024,09:31:20,24919.2,24919.2,25,24919.6,75,175,10909150
NIFTY-I.NFO,26/08/2024,09:31:22,24920,24918,1800,24920,225,300,10909150
NIFTY-I.NFO,26/08/2024,09:31:23,24918,24917.55,50,24918,7050,1900,10909150
NIFTY-I.NFO,26/08/2024,09:31:25,24917.55,24917.5,50,24918,6050,1050,10909150
NIFTY-I.NFO,26/08/2024,09:31:26,24920,24920,50,24920.25,75,6550,10909150
NIFTY-I.NFO,26/08/2024,09:31:28,24920.05,24920.15,175,24921.15,25,200,10909150
NIFTY-I.NFO,26/08/2024,09:31:30,24921,24921,150,24922,125,300,10909150
NIFTY-I.NFO,26/08/2024,09:31:31,24921,24921.15,150,24921.95,25,0,10909150
NIFTY-I.NFO,26/08/2024,09:31:33,24923,24922.1,75,24923.9,75,325,10909150
NIFTY-I.NFO,26/08/2024,09:31:35,24923.2,24923.15,2425,24923.85,25,75,10909150
NIFTY-I.NFO,26/08/2024,09:31:36,24923.9,24923.3,2375,24923.9,25,150,10909150
NIFTY-I.NFO,26/08/2024,09:31:38,24924,24924.05,2425,24925,1100,275,10909150
NIFTY-I.NFO,26/08/2024,09:31:40,24924.2,24924.25,375,24925,1100,50,10909150
NIFTY-I.NFO,26/08/2024,09:31:41,24924.3,24924.35,375,24925,1100,25,10909150
NIFTY-I.NFO,26/08/2024,09:31:43,24924.45,24924.45,100,24925,1100,225,10909150
NIFTY-I.NFO,26/08/2024,09:31:45,24925,24924.35,75,24925,900,200,10909150
NIFTY-I.NFO,26/08/2024,09:31:46,24925,24925.45,125,24927,50,975,10909150
NIFTY-I.NFO,26/08/2024,09:31:48,24928,24928.05,350,24928.75,25,200,10909150
NIFTY-I.NFO,26/08/2024,09:31:50,24928.2,24928.2,325,24928.5,75,125,10909150
NIFTY-I.NFO,26/08/2024,09:31:51,24927.6,24924.35,100,24928.1,100,425,10909150
NIFTY-I.NFO,26/08/2024,09:31:53,24928.3,24925.25,25,24928.5,125,775,10909150
NIFTY-I.NFO,26/08/2024,09:31:55,24929.05,24929.05,225,24929.2,75,150,10909150
NIFTY-I.NFO,26/08/2024,09:31:56,24929.1,24929.1,250,24929.4,125,25,10909150
NIFTY-I.NFO,26/08/2024,09:31:58,24929.15,24926.9,175,24929.7,75,350,10909150
NIFTY-I.NFO,26/08/2024,09:32:00,24927.05,24927,150,24929.6,25,150,10909150
NIFTY-I.NFO,26/08/2024,09:32:01,24925.1,24925.1,2800,24928.35,25,75,10909150
NIFTY-I.NFO,26/08/2024,09:32:03,24925.1,24925.15,25,24927.8,50,25,10909150
NIFTY-I.NFO,26/08/2024,09:32:04,24927.05,24925.1,2875,24927.05,25,100,10909150
NIFTY-I.NFO,26/08/2024,09:32:06,24927.55,24925.1,2800,24927.05,50,150,10909150
NIFTY-I.NFO,26/08/2024,09:32:08,24927.8,24925.15,25,24927.45,25,2250,10909150
NIFTY-I.NFO,26/08/2024,09:32:09,24927.05,24925.1,2575,24927.7,275,1025,10909150
NIFTY-I.NFO,26/08/2024,09:32:11,24927.6,24927.65,325,24927.7,350,50,10909150
NIFTY-I.NFO,26/08/2024,09:32:13,24925.1,24925.1,2550,24927.7,100,400,10909150
NIFTY-I.NFO,26/08/2024,09:32:14,24925.1,24925.15,150,24927.2,175,0,10909150
NIFTY-I.NFO,26/08/2024,09:32:16,24927.2,24925.1,2800,24927.2,50,300,10909150
NIFTY-I.NFO,26/08/2024,09:32:18,24927.2,24927.25,100,24927.7,75,100,10909150
NIFTY-I.NFO,26/08/2024,09:32:19,24927.25,24925.15,25,24927.6,25,125,10909150
NIFTY-I.NFO,26/08/2024,09:32:21,24927.7,24925.4,225,24927.7,50,75,10909150
NIFTY-I.NFO,26/08/2024,09:32:22,24928,24925.6,25,24928,150,175,10909150
NIFTY-I.NFO,26/08/2024,09:32:24,24929.45,24928,25,24929.6,25,475,10909150
NIFTY-I.NFO,26/08/2024,09:32:26,24929.6,24928,50,24929.4,175,175,10909150
NIFTY-I.NFO,26/08/2024,09:32:27,24929.05,24928,50,24929.3,300,100,10909150
NIFTY-I.NFO,26/08/2024,09:32:29,24929.3,24928,75,24929.3,150,100,10909150
NIFTY-I.NFO,26/08/2024,09:32:31,24929.3,24928.65,25,24928.8,25,175,10909150
NIFTY-I.NFO,26/08/2024,09:32:32,24928.7,24928.75,25,24928.95,25,125,10909150
NIFTY-I.NFO,26/08/2024,09:32:34,24929,24928.65,25,24928.95,25,175,10909150
NIFTY-I.NFO,26/08/2024,09:32:35,24928,24927.3,25,24929.35,50,200,10909150
NIFTY-I.NFO,26/08/2024,09:32:37,24926.25,24926.75,25,24929,50,625,10909150
NIFTY-I.NFO,26/08/2024,09:32:39,24929.7,24926.1,150,24929.45,50,375,10909150
NIFTY-I.NFO,26/08/2024,09:32:40,24926.4,24926.4,50,24927.35,25,150,10909150
NIFTY-I.NFO,26/08/2024,09:32:42,24926.45,24926.5,175,24927.35,25,100,10909150
NIFTY-I.NFO,26/08/2024,09:32:43,24926.5,24925.7,200,24927.35,25,200,10909150
NIFTY-I.NFO,26/08/2024,09:32:45,24929,24927,150,24929,1925,175,10909150
NIFTY-I.NFO,26/08/2024,09:32:47,24929,24927.85,25,24929,2125,200,10909150
NIFTY-I.NFO,26/08/2024,09:32:48,24930,24929.7,25,24930.05,75,3425,10909150
NIFTY-I.NFO,26/08/2024,09:32:50,24930,24930.1,25,24932.25,50,2125,10909150
NIFTY-I.NFO,26/08/2024,09:32:50,24932.25,24930.1,25,24932.25,50,0,10909150
NIFTY-I.NFO,26/08/2024,09:32:52,24930,24930.15,125,24932.25,25,200,10909150
NIFTY-I.NFO,26/08/2024,09:32:53,24930.05,24930.65,25,24933,50,575,10909150
NIFTY-I.NFO,26/08/2024,09:32:53,24933,24930.65,25,24933,50,0,10909150
NIFTY-I.NFO,26/08/2024,09:32:55,24931.6,24931.65,150,24934,50,175,10909150
NIFTY-I.NFO,26/08/2024,09:32:55,24934,24931.65,150,24934,50,0,10909150
NIFTY-I.NFO,26/08/2024,09:32:57,24934.05,24934.05,75,24935,650,975,10909150
NIFTY-I.NFO,26/08/2024,09:32:57,24935,24934.05,75,24935,650,0,10909150
NIFTY-I.NFO,26/08/2024,09:32:58,24936.85,24937.4,100,24937.85,25,14925,10909150
NIFTY-I.NFO,26/08/2024,09:32:58,24941.1,24937.4,100,24937.85,25,0,10909150
NIFTY-I.NFO,26/08/2024,09:33:00,24937.4,24938.2,200,24941.6,25,250,10909150
NIFTY-I.NFO,26/08/2024,09:33:02,24940.45,24935.95,25,24940.25,25,1400,10909150
NIFTY-I.NFO,26/08/2024,09:33:02,24943.5,24935.95,25,24940.25,25,0,10909150
NIFTY-I.NFO,26/08/2024,09:33:03,24941.1,24938.1,25,24941.15,75,250,10909150
NIFTY-I.NFO,26/08/2024,09:33:05,24942.35,24939.5,50,24941,25,200,10909150
NIFTY-I.NFO,26/08/2024,09:33:06,24942.3,24939.15,25,24942.5,25,325,10909150
NIFTY-I.NFO,26/08/2024,09:33:08,24938.35,24938.15,25,24940.2,125,2325,10909150
NIFTY-I.NFO,26/08/2024,09:33:10,24942,24940.2,350,24942,25,325,10909150
NIFTY-I.NFO,26/08/2024,09:33:11,24942,24941.4,25,24942.5,25,25,10909150
NIFTY-I.NFO,26/08/2024,09:33:13,24945,24941.4,25,24943.5,25,5125,10909150
NIFTY-I.NFO,26/08/2024,09:33:13,24945,24941.4,25,24943.5,25,0,10909150
NIFTY-I.NFO,26/08/2024,09:33:15,24941.4,24940.2,250,24941.4,25,325,10909150
NIFTY-I.NFO,26/08/2024,09:33:16,24942,24940.5,75,24944,25,350,10909150
NIFTY-I.NFO,26/08/2024,09:33:18,24945,24942.5,250,24945,1500,175,10909150
NIFTY-I.NFO,26/08/2024,09:33:20,24945,24941.45,50,24945,1075,1075,10909150
NIFTY-I.NFO,26/08/2024,09:33:21,24945,24943.4,25,24945,975,175,10909150
NIFTY-I.NFO,26/08/2024,09:33:23,24942.65,24943.4,25,24945,975,325,10909150
NIFTY-I.NFO,26/08/2024,09:33:25,24945,24943.4,150,24945,500,700,10909150
NIFTY-I.NFO,26/08/2024,09:33:26,24945,24943.55,25,24945,900,450,10909150
NIFTY-I.NFO,26/08/2024,09:33:28,24945.95,24943.95,50,24947.5,25,10625,10909150
NIFTY-I.NFO,26/08/2024,09:33:28,24950,24943.95,50,24947.5,25,0,10909150
NIFTY-I.NFO,26/08/2024,09:33:30,24949.95,24947.05,25,24950,7500,475,10909150
NIFTY-I.NFO,26/08/2024,09:33:31,24945.05,24945,100,24947.5,25,250,10909150
NIFTY-I.NFO,26/08/2024,09:33:33,24949.35,24948,50,24949.95,25,225,10909150
NIFTY-I.NFO,26/08/2024,09:33:35,24950,24947.5,200,24949,25,1000,10909150
NIFTY-I.NFO,26/08/2024,09:33:36,24950,24947.55,25,24950,6125,800,10909150
NIFTY-I.NFO,26/08/2024,09:33:38,24950,24949.45,25,24950,4800,1825,10909150
NIFTY-I.NFO,26/08/2024,09:33:40,24947.9,24947.9,150,24950,4250,850,10909150
NIFTY-I.NFO,26/08/2024,09:33:41,24950,24948.6,200,24950,3525,950,10909150
NIFTY-I.NFO,26/08/2024,09:33:43,24947.9,24947.9,50,24950,3300,300,10909150
NIFTY-I.NFO,26/08/2024,09:33:45,24947.9,24947.9,150,24949.9,50,225,10909150
NIFTY-I.NFO,26/08/2024,09:33:46,24947.35,24947.1,75,24950,3075,750,10909150
NIFTY-I.NFO,26/08/2024,09:33:48,24946.95,24947.05,25,24947.9,50,200,10909150
NIFTY-I.NFO,26/08/2024,09:33:49,24947.35,24947.25,25,24949.05,25,1350,10909150
NIFTY-I.NFO,26/08/2024,09:33:51,24946.75,24946.35,25,24947.35,125,350,10878500
NIFTY-I.NFO,26/08/2024,09:33:53,24947.15,24945.35,150,24947.35,325,150,10878500
NIFTY-I.NFO,26/08/2024,09:33:55,24949.9,24946,50,24949.9,25,525,10878500
NIFTY-I.NFO,26/08/2024,09:33:56,24949.9,24945.95,675,24949.95,3300,450,10878500
NIFTY-I.NFO,26/08/2024,09:33:58,24946.35,24946.35,225,24949.95,3250,375,10878500
NIFTY-I.NFO,26/08/2024,09:34:00,24946.1,24948.25,100,24949.95,3250,1525,10878500
NIFTY-I.NFO,26/08/2024,09:34:01,24947.15,24945.65,25,24949.45,25,400,10878500
NIFTY-I.NFO,26/08/2024,09:34:03,24948.25,24945.3,25,24948.2,25,75,10878500
NIFTY-I.NFO,26/08/2024,09:34:05,24946,24945.3,125,24947.9,25,150,10878500
NIFTY-I.NFO,26/08/2024,09:34:06,24944.8,24945.15,150,24948.05,75,2200,10878500
NIFTY-I.NFO,26/08/2024,09:34:08,24948.3,24944,25,24947.55,50,25200,10878500
NIFTY-I.NFO,26/08/2024,09:34:10,24944.8,24944.85,150,24946,250,125,10878500
NIFTY-I.NFO,26/08/2024,09:34:11,24946,24947.1,25,24947.15,50,275,10878500
NIFTY-I.NFO,26/08/2024,09:34:13,24946.55,24946.8,25,24947.95,25,375,10878500
NIFTY-I.NFO,26/08/2024,09:34:15,24947.4,24948.2,25,24949,325,850,10878500
NIFTY-I.NFO,26/08/2024,09:34:16,24949.35,24949.7,125,24949.95,3050,475,10878500
NIFTY-I.NFO,26/08/2024,09:34:18,24949,24949.05,175,24949.95,2900,375,10878500
NIFTY-I.NFO,26/08/2024,09:34:20,24949.95,24948.55,150,24949.95,2775,1275,10878500
NIFTY-I.NFO,26/08/2024,09:34:21,24950.05,24950.05,25,24951,175,8025,10878500
NIFTY-I.NFO,26/08/2024,09:34:21,24951,24950.05,25,24951,175,0,10878500
NIFTY-I.NFO,26/08/2024,09:34:23,24951.5,24951.5,150,24952,75,1175,10878500
NIFTY-I.NFO,26/08/2024,09:34:23,24952,24951.5,150,24952,75,0,10878500
NIFTY-I.NFO,26/08/2024,09:34:25,24954.25,24954.1,50,24956.3,175,4150,10878500
NIFTY-I.NFO,26/08/2024,09:34:25,24956.3,24954.1,50,24956.3,175,0,10878500
NIFTY-I.NFO,26/08/2024,09:34:26,24953.3,24951.6,25,24955.2,25,150,10878500
NIFTY-I.NFO,26/08/2024,09:34:28,24953.3,24951.55,25,24954,50,25,10878500
NIFTY-I.NFO,26/08/2024,09:34:30,24954,24952.2,125,24954,450,1425,10878500
NIFTY-I.NFO,26/08/2024,09:34:31,24954,24952.25,125,24954,950,1650,10878500
NIFTY-I.NFO,26/08/2024,09:34:33,24954,24952.45,125,24954,1975,675,10878500
NIFTY-I.NFO,26/08/2024,09:34:35,24954,24954,700,24954.8,25,3325,10878500
NIFTY-I.NFO,26/08/2024,09:34:36,24954,24952.2,1800,24952.85,500,925,10878500
NIFTY-I.NFO,26/08/2024,09:34:38,24952.85,24952.2,1625,24952.85,500,250,10878500
NIFTY-I.NFO,26/08/2024,09:34:40,24955,24955,1400,24956.3,175,1250,10878500
NIFTY-I.NFO,26/08/2024,09:34:41,24957.55,24955,1325,24957.85,25,3175,10878500
NIFTY-I.NFO,26/08/2024,09:34:41,24958.35,24955,1325,24957.85,25,0,10878500
NIFTY-I.NFO,26/08/2024,09:34:43,24953.9,24954.35,50,24958.25,100,2125,10878500
NIFTY-I.NFO,26/08/2024,09:34:45,24957.75,24953.95,25,24957.85,25,450,10878500
NIFTY-I.NFO,26/08/2024,09:34:45,24958.55,24953.95,25,24957.85,25,0,10878500
NIFTY-I.NFO,26/08/2024,09:34:46,24955,24954.9,50,24957.55,25,125,10878500
NIFTY-I.NFO,26/08/2024,09:34:48,24958.75,24954.25,400,24958.25,50,2150,10878500
NIFTY-I.NFO,26/08/2024,09:34:48,24958.8,24954.25,400,24958.25,50,0,10878500
NIFTY-I.NFO,26/08/2024,09:34:50,24959.95,24958,2900,24959.95,25,3325,10878500
NIFTY-I.NFO,26/08/2024,09:34:50,24960,24958,2900,24959.95,25,0,10878500
NIFTY-I.NFO,26/08/2024,09:34:51,24958,24958,2775,24959.25,25,125,10878500
NIFTY-I.NFO,26/08/2024,09:34:53,24958,24958,2425,24958.65,25,550,10878500
NIFTY-I.NFO,26/08/2024,09:34:55,24958,24958,1925,24959.4,25,900,10878500
NIFTY-I.NFO,26/08/2024,09:34:56,24958,24955.15,125,24958,25,3725,10878500
NIFTY-I.NFO,26/08/2024,09:34:58,24958,24956.4,25,24958,1050,500,10878500
NIFTY-I.NFO,26/08/2024,09:34:59,24957.6,24957.55,125,24958.75,125,1550,10878500
NIFTY-I.NFO,26/08/2024,09:35:01,24958.05,24958.4,25,24960,400,375,10878500
NIFTY-I.NFO,26/08/2024,09:35:03,24958.7,24959.35,125,24962.4,25,5300,10878500
NIFTY-I.NFO,26/08/2024,09:35:03,24965,24959.35,125,24962.4,25,0,10878500
NIFTY-I.NFO,26/08/2024,09:35:04,24960.05,24960.05,225,24961.55,25,450,10878500
NIFTY-I.NFO,26/08/2024,09:35:06,24959.85,24958.6,50,24962.25,50,1075,10878500
NIFTY-I.NFO,26/08/2024,09:35:08,24960.5,24958,250,24959,25,1725,10878500
NIFTY-I.NFO,26/08/2024,09:35:09,24960.9,24958,125,24960.8,25,1650,10878500
NIFTY-I.NFO,26/08/2024,09:35:11,24960.95,24958,250,24961,25,250,10878500
NIFTY-I.NFO,26/08/2024,09:35:13,24963.8,24959.35,125,24963.2,50,650,10878500
NIFTY-I.NFO,26/08/2024,09:35:14,24964.05,24959.55,50,24963.9,25,675,10878500
NIFTY-I.NFO,26/08/2024,09:35:16,24960.4,24960.65,25,24964.45,100,200,10878500
NIFTY-I.NFO,26/08/2024,09:35:18,24964.9,24962.55,25,24965,800,525,10878500
NIFTY-I.NFO,26/08/2024,09:35:19,24968,24966.75,25,24968,1525,1900,10878500
NIFTY-I.NFO,26/08/2024,09:35:19,24968,24966.75,25,24968,1525,0,10878500
NIFTY-I.NFO,26/08/2024,09:35:21,24967.65,24965.9,25,24968,1500,600,10878500
NIFTY-I.NFO,26/08/2024,09:35:23,24968,24965.2,75,24968,1350,225,10878500
NIFTY-I.NFO,26/08/2024,09:35:24,24968,24968.05,100,24968.8,400,1525,10878500
NIFTY-I.NFO,26/08/2024,09:35:26,24969,24968.9,25,24969,325,650,10878500
NIFTY-I.NFO,26/08/2024,09:35:26,24969,24968.9,25,24969,325,0,10878500
NIFTY-I.NFO,26/08/2024,09:35:28,24968.95,24968.95,125,24970,25,6075,10878500
NIFTY-I.NFO,26/08/2024,09:35:28,24974,24968.95,125,24970,25,0,10878500
NIFTY-I.NFO,26/08/2024,09:35:29,24969.15,24969.15,25,24970,350,300,10878500
NIFTY-I.NFO,26/08/2024,09:35:31,24973.3,24969.3,2050,24973.15,25,1075,10878500
NIFTY-I.NFO,26/08/2024,09:35:32,24970.35,24970.45,25,24973,75,100,10878500
NIFTY-I.NFO,26/08/2024,09:35:34,24972.05,24972.05,25,24972.9,25,375,10878500
NIFTY-I.NFO,26/08/2024,09:35:36,24972.1,24972.1,125,24974.75,25,3350,10878500
NIFTY-I.NFO,26/08/2024,09:35:36,24975,24972.1,125,24974.75,25,0,10878500
NIFTY-I.NFO,26/08/2024,09:35:37,24972.1,24970.75,50,24974.75,25,325,10878500
NIFTY-I.NFO,26/08/2024,09:35:39,24974.75,24970.6,250,24974.65,25,2475,10878500
NIFTY-I.NFO,26/08/2024,09:35:41,24974.45,24971.4,25,24972,50,375,10878500
NIFTY-I.NFO,26/08/2024,09:35:42,24974.95,24971.95,250,24974.95,75,300,10878500
NIFTY-I.NFO,26/08/2024,09:35:44,24972,24972.05,25,24974.4,100,675,10878500
NIFTY-I.NFO,26/08/2024,09:35:46,24972.05,24972,1200,24974.4,100,250,10878500
NIFTY-I.NFO,26/08/2024,09:35:47,24974.45,24972.3,25,24974.7,100,200,10878500
NIFTY-I.NFO,26/08/2024,09:35:49,24974.7,24974.45,25,24974.75,50,650,10878500
NIFTY-I.NFO,26/08/2024,09:35:51,24976,24976.25,25,24976.7,50,1975,10878500
NIFTY-I.NFO,26/08/2024,09:35:51,24976,24976.25,25,24976.7,50,0,10878500
NIFTY-I.NFO,26/08/2024,09:35:52,24976.85,24976.9,175,24977.95,75,1025,10878500
NIFTY-I.NFO,26/08/2024,09:35:52,24977,24976.9,175,24977.95,75,0,10878500
NIFTY-I.NFO,26/08/2024,09:35:54,24973.2,24973.35,200,24974.7,50,2000,10878500
NIFTY-I.NFO,26/08/2024,09:35:56,24972.25,24972.15,125,24973.45,25,425,10878500
NIFTY-I.NFO,26/08/2024,09:35:57,24973.4,24973.6,25,24974.25,100,150,10878500
NIFTY-I.NFO,26/08/2024,09:35:59,24974.4,24974.2,100,24974.4,850,1175,10878500
NIFTY-I.NFO,26/08/2024,09:36:01,24972,24974.4,200,24975.3,100,1875,10878500
NIFTY-I.NFO,26/08/2024,09:36:02,24974.4,24972,1225,24974.4,1050,775,10878500
NIFTY-I.NFO,26/08/2024,09:36:04,24970,24970,750,24971.7,25,1425,10878500
NIFTY-I.NFO,26/08/2024,09:36:06,24967.2,24967.25,25,24970.15,75,900,10878500
NIFTY-I.NFO,26/08/2024,09:36:07,24968.45,24968.7,125,24971.15,50,675,10878500
NIFTY-I.NFO,26/08/2024,09:36:09,24973.9,24970.5,150,24973.8,25,825,10878500
NIFTY-I.NFO,26/08/2024,09:36:11,24971,24971,225,24973.75,100,200,10878500
NIFTY-I.NFO,26/08/2024,09:36:12,24974,24970.85,250,24973.2,25,500,10878500
NIFTY-I.NFO,26/08/2024,09:36:14,24970.2,24970.2,50,24972.3,25,375,10878500
NIFTY-I.NFO,26/08/2024,09:36:15,24970,24968.95,225,24972.65,50,175,10878500
NIFTY-I.NFO,26/08/2024,09:36:17,24972.4,24969.2,425,24972.35,100,425,10878500
NIFTY-I.NFO,26/08/2024,09:36:19,24970,24968.8,250,24970,150,675,10878500
NIFTY-I.NFO,26/08/2024,09:36:20,24970.2,24967.75,150,24970.2,25,200,10878500
NIFTY-I.NFO,26/08/2024,09:36:22,24968.2,24968.25,50,24970,25,175,10878500
NIFTY-I.NFO,26/08/2024,09:36:24,24968.55,24967,25,24969.75,50,300,10878500
NIFTY-I.NFO,26/08/2024,09:36:25,24966,24966,1225,24968.85,50,225,10878500
NIFTY-I.NFO,26/08/2024,09:36:27,24966,24966.1,200,24966.95,50,125,10878500
NIFTY-I.NFO,26/08/2024,09:36:28,24966.85,24967.15,125,24969.95,100,500,10878500
NIFTY-I.NFO,26/08/2024,09:36:30,24967.05,24966.35,225,24969.4,100,325,10878500
NIFTY-I.NFO,26/08/2024,09:36:32,24967.05,24967.1,75,24969.15,50,50,10878500
NIFTY-I.NFO,26/08/2024,09:36:33,24965.55,24965.55,275,24968.8,100,1725,10878500
NIFTY-I.NFO,26/08/2024,09:36:35,24967,24967,150,24969.05,100,600,10878500
NIFTY-I.NFO,26/08/2024,09:36:37,24967.05,24967.1,150,24967.95,75,150,10878500
NIFTY-I.NFO,26/08/2024,09:36:38,24969.45,24967.2,125,24969.4,75,475,10878500
NIFTY-I.NFO,26/08/2024,09:36:40,24965.55,24965.55,50,24966.95,100,725,10878500
NIFTY-I.NFO,26/08/2024,09:36:42,24965.1,24965.75,150,24967,525,225,10878500
NIFTY-I.NFO,26/08/2024,09:36:43,24966,24966.15,25,24967,500,225,10878500
NIFTY-I.NFO,26/08/2024,09:36:45,24967.15,24967.15,175,24968,25,1200,10878500
NIFTY-I.NFO,26/08/2024,09:36:47,24967.95,24967.05,125,24968,25,50,10878500
NIFTY-I.NFO,26/08/2024,09:36:48,24968,24968,125,24968.95,75,200,10878500
NIFTY-I.NFO,26/08/2024,09:36:50,24967.05,24966.85,375,24968.95,75,225,10878500
NIFTY-I.NFO,26/08/2024,09:36:52,24967.9,24967.25,25,24967.95,25,175,10923925
NIFTY-I.NFO,26/08/2024,09:36:53,24967.1,24967.1,125,24967.95,100,375,10923925
NIFTY-I.NFO,26/08/2024,09:36:55,24964.7,24965,125,24967.95,100,200,10923925
NIFTY-I.NFO,26/08/2024,09:36:57,24967.95,24966.95,25,24967.95,25,350,10923925
NIFTY-I.NFO,26/08/2024,09:36:58,24968.95,24968.45,25,24968.95,25,450,10923925
NIFTY-I.NFO,26/08/2024,09:37:00,24967.9,24968.55,250,24968.95,25,150,10923925
NIFTY-I.NFO,26/08/2024,09:37:02,24968.9,24969.2,50,24969.9,100,1300,10923925
NIFTY-I.NFO,26/08/2024,09:37:03,24969.45,24969.45,175,24970,2550,575,10923925
NIFTY-I.NFO,26/08/2024,09:37:05,24970,24969.95,275,24970,1550,1025,10923925
NIFTY-I.NFO,26/08/2024,09:37:07,24972.65,24973.55,25,24973.6,75,5350,10923925
NIFTY-I.NFO,26/08/2024,09:37:08,24974.35,24973.4,25,24974.35,50,825,10923925
NIFTY-I.NFO,26/08/2024,09:37:10,24974.95,24974.35,100,24974.95,50,675,10923925
NIFTY-I.NFO,26/08/2024,09:37:12,24973.15,24973.25,25,24974.85,75,675,10923925
NIFTY-I.NFO,26/08/2024,09:37:13,24974.85,24974.35,100,24974.85,75,325,10923925
NIFTY-I.NFO,26/08/2024,09:37:15,24974.6,24974.45,25,24974.6,50,200,10923925
NIFTY-I.NFO,26/08/2024,09:37:17,24974.6,24974.35,250,24975,1100,300,10923925
NIFTY-I.NFO,26/08/2024,09:37:18,24974.45,24974.2,125,24974.45,400,2400,10923925
NIFTY-I.NFO,26/08/2024,09:37:20,24974.45,24974.45,25,24974.6,25,575,10923925
NIFTY-I.NFO,26/08/2024,09:37:22,24973.95,24972.9,25,24975,1250,400,10923925
NIFTY-I.NFO,26/08/2024,09:37:23,24974.3,24971.75,50,24974.15,100,325,10923925
NIFTY-I.NFO,26/08/2024,09:37:25,24971.9,24971.7,275,24972.6,25,875,10923925
NIFTY-I.NFO,26/08/2024,09:37:27,24972.7,24972.95,25,24974.9,75,3200,10923925
NIFTY-I.NFO,26/08/2024,09:37:28,24973.2,24973.3,25,24974.2,50,275,10923925
NIFTY-I.NFO,26/08/2024,09:37:30,24972.75,24972.7,200,24974.3,50,150,10923925
NIFTY-I.NFO,26/08/2024,09:37:32,24973.5,24974.05,75,24974.3,100,150,10923925
NIFTY-I.NFO,26/08/2024,09:37:33,24974.9,24974.7,25,24974.9,50,800,10923925
NIFTY-I.NFO,26/08/2024,09:37:35,24975,24974.55,25,24974.9,625,1050,10923925
NIFTY-I.NFO,26/08/2024,09:37:37,24975.8,24975.95,25,24976.2,100,3600,10923925
NIFTY-I.NFO,26/08/2024,09:37:38,24976.95,24977,25,24977.4,125,1000,10923925
NIFTY-I.NFO,26/08/2024,09:37:38,24977.55,24977,25,24977.4,125,0,10923925
NIFTY-I.NFO,26/08/2024,09:37:40,24977.95,24975.75,125,24977,25,2425,10923925
NIFTY-I.NFO,26/08/2024,09:37:40,24978,24975.75,125,24977,25,0,10923925
NIFTY-I.NFO,26/08/2024,09:37:42,24975.95,24975.25,25,24976.6,25,350,10923925
NIFTY-I.NFO,26/08/2024,09:37:43,24974.85,24974.9,100,24975.95,25,100,10923925
NIFTY-I.NFO,26/08/2024,09:37:45,24975.75,24975.8,150,24975.95,125,1150,10923925
NIFTY-I.NFO,26/08/2024,09:37:47,24976.9,24976.75,75,24976.9,75,950,10923925
NIFTY-I.NFO,26/08/2024,09:37:48,24977.25,24977.2,125,24977.25,100,1100,10923925
NIFTY-I.NFO,26/08/2024,09:37:50,24978.05,24978.05,225,24978.1,25,2075,10923925
NIFTY-I.NFO,26/08/2024,09:37:50,24978.75,24978.05,225,24978.1,25,0,10923925
NIFTY-I.NFO,26/08/2024,09:37:51,24978.55,24978.55,25,24978.95,50,1100,10923925
NIFTY-I.NFO,26/08/2024,09:37:51,24979,24978.55,25,24978.95,50,0,10923925
NIFTY-I.NFO,26/08/2024,09:37:53,24978.8,24977.3,25,24978.5,50,425,10923925
NIFTY-I.NFO,26/08/2024,09:37:55,24976,24976,100,24977.15,25,250,10923925
NIFTY-I.NFO,26/08/2024,09:37:56,24976.65,24976.7,150,24977.2,25,250,10923925
NIFTY-I.NFO,26/08/2024,09:37:58,24977.4,24977.4,500,24977.5,25,1175,10923925
NIFTY-I.NFO,26/08/2024,09:38:00,24978.85,24977.4,300,24978.95,75,800,10923925
NIFTY-I.NFO,26/08/2024,09:38:01,24978.95,24978.5,25,24978.95,25,275,10923925
NIFTY-I.NFO,26/08/2024,09:38:03,24977.45,24977.45,400,24978.5,50,750,10923925
NIFTY-I.NFO,26/08/2024,09:38:05,24977.4,24977,175,24977.4,25,600,10923925
NIFTY-I.NFO,26/08/2024,09:38:06,24978.8,24978.05,150,24978.8,50,825,10923925
NIFTY-I.NFO,26/08/2024,09:38:08,24979.1,24979.4,125,24979.75,25,525,10923925
NIFTY-I.NFO,26/08/2024,09:38:08,24979.1,24979.4,125,24979.75,25,0,10923925
NIFTY-I.NFO,26/08/2024,09:38:10,24978.8,24978.8,300,24980,1250,2400,10923925
NIFTY-I.NFO,26/08/2024,09:38:10,24980,24978.8,300,24980,1250,0,10923925
NIFTY-I.NFO,26/08/2024,09:38:11,24980.15,24980.05,150,24980.25,50,1800,10923925
NIFTY-I.NFO,26/08/2024,09:38:11,24980.25,24980.05,150,24980.25,50,0,10923925
NIFTY-I.NFO,26/08/2024,09:38:13,24981.25,24981.25,250,24981.75,100,1350,10923925
NIFTY-I.NFO,26/08/2024,09:38:13,24981.8,24981.25,250,24981.75,100,0,10923925
NIFTY-I.NFO,26/08/2024,09:38:15,24981.3,24981.3,50,24981.75,50,500,10923925
NIFTY-I.NFO,26/08/2024,09:38:16,24981.8,24981.75,125,24981.8,275,1250,10923925
NIFTY-I.NFO,26/08/2024,09:38:18,24983.55,24981.8,125,24983.55,100,1050,10923925
NIFTY-I.NFO,26/08/2024,09:38:18,24983.55,24981.8,125,24983.55,100,0,10923925
NIFTY-I.NFO,26/08/2024,09:38:20,24983,24983,125,24983.6,50,1675,10923925
NIFTY-I.NFO,26/08/2024,09:38:21,24983.65,24984.1,125,24984.35,100,2125,10923925
NIFTY-I.NFO,26/08/2024,09:38:21,24984.35,24984.1,125,24984.35,100,0,10923925
NIFTY-I.NFO,26/08/2024,09:38:23,24984.95,24984.95,100,24985.95,100,1700,10923925
NIFTY-I.NFO,26/08/2024,09:38:23,24985.45,24984.95,100,24985.95,100,0,10923925
NIFTY-I.NFO,26/08/2024,09:38:25,24985.95,24985.35,550,24985.95,100,325,10923925
NIFTY-I.NFO,26/08/2024,09:38:25,24985.95,24985.35,550,24985.95,100,0,10923925
NIFTY-I.NFO,26/08/2024,09:38:26,24985.95,24985.85,50,24986,325,1250,10923925
NIFTY-I.NFO,26/08/2024,09:38:26,24986,24985.85,50,24986,325,0,10923925
NIFTY-I.NFO,26/08/2024,09:38:28,24986.55,24986.3,275,24986.95,150,1025,10923925
NIFTY-I.NFO,26/08/2024,09:38:28,24987,24986.3,275,24986.95,150,0,10923925
NIFTY-I.NFO,26/08/2024,09:38:30,24986.95,24986.15,25,24986.95,100,1425,10923925
NIFTY-I.NFO,26/08/2024,09:38:31,24985.35,24985.35,350,24987.35,25,1050,10923925
NIFTY-I.NFO,26/08/2024,09:38:31,24987.55,24985.35,350,24987.35,25,0,10923925
NIFTY-I.NFO,26/08/2024,09:38:33,24987.25,24986.25,975,24987.3,25,1900,10923925
NIFTY-I.NFO,26/08/2024,09:38:33,24988,24986.25,975,24987.3,25,0,10923925
NIFTY-I.NFO,26/08/2024,09:38:35,24986.35,24986.25,25,24986.35,25,1025,10923925
NIFTY-I.NFO,26/08/2024,09:38:36,24987.95,24987.3,175,24987.95,150,1150,10923925
NIFTY-I.NFO,26/08/2024,09:38:36,24988.45,24987.3,175,24987.95,150,0,10923925
NIFTY-I.NFO,26/08/2024,09:38:38,24989.95,24989.9,400,24990,3200,5050,10923925
NIFTY-I.NFO,26/08/2024,09:38:38,24990,24989.9,400,24990,3200,0,10923925
NIFTY-I.NFO,26/08/2024,09:38:40,24989.95,24989.95,25,24990,2400,2700,10923925
NIFTY-I.NFO,26/08/2024,09:38:41,24990,24989.3,25,24990,525,1025,10923925
NIFTY-I.NFO,26/08/2024,09:38:43,24990.8,24990.8,100,24991,300,2050,10923925
NIFTY-I.NFO,26/08/2024,09:38:43,24991,24990.8,100,24991,300,0,10923925
NIFTY-I.NFO,26/08/2024,09:38:45,24990.7,24990.7,25,24990.85,100,1200,10923925
NIFTY-I.NFO,26/08/2024,09:38:45,24992,24990.7,25,24990.85,100,0,10923925
NIFTY-I.NFO,26/08/2024,09:38:46,24990.85,24990.85,250,24990.95,100,1150,10923925
NIFTY-I.NFO,26/08/2024,09:38:46,24993,24990.85,250,24990.95,100,0,10923925
NIFTY-I.NFO,26/08/2024,09:38:48,24992.1,24991.95,150,24992.95,100,3000,10923925
NIFTY-I.NFO,26/08/2024,09:38:50,24990.8,24990.6,125,24992.45,100,26125,10923925
NIFTY-I.NFO,26/08/2024,09:38:51,24988.65,24988.65,50,24990.55,25,850,10923925
NIFTY-I.NFO,26/08/2024,09:38:53,24988,24988,2925,24989.8,100,150,10923925
NIFTY-I.NFO,26/08/2024,09:38:55,24988,24988,1950,24989.8,25,1700,10923925
NIFTY-I.NFO,26/08/2024,09:38:56,24988,24988,1375,24989.85,75,1350,10923925
NIFTY-I.NFO,26/08/2024,09:38:58,24989.45,24988,1325,24989.45,50,775,10923925
NIFTY-I.NFO,26/08/2024,09:39:00,24988,24988,1025,24989.4,150,1100,10923925
NIFTY-I.NFO,26/08/2024,09:39:01,24988,24988,125,24989,1000,1625,10923925
NIFTY-I.NFO,26/08/2024,09:39:03,24987.9,24987.9,175,24988,150,1625,10923925
NIFTY-I.NFO,26/08/2024,09:39:05,24988.35,24988.15,125,24988.95,50,750,10923925
NIFTY-I.NFO,26/08/2024,09:39:06,24988.2,24987.4,250,24988.95,75,1350,10923925
NIFTY-I.NFO,26/08/2024,09:39:08,24988.05,24988,125,24988.95,125,950,10923925
NIFTY-I.NFO,26/08/2024,09:39:10,24987.3,24987.3,150,24988.2,100,1625,10923925
NIFTY-I.NFO,26/08/2024,09:39:11,24988.2,24988.2,375,24988.9,50,2300,10923925
NIFTY-I.NFO,26/08/2024,09:39:13,24988.65,24988.6,50,24988.85,100,1150,10923925
NIFTY-I.NFO,26/08/2024,09:39:15,24988.85,24988.85,250,24988.9,75,450,10923925
NIFTY-I.NFO,26/08/2024,09:39:16,24989.95,24989.95,25,24990,1150,2850,10923925
NIFTY-I.NFO,26/08/2024,09:39:18,24990.3,24990.3,75,24990.35,100,2325,10923925
NIFTY-I.NFO,26/08/2024,09:39:20,24991.4,24991,25,24991.85,100,3000,10923925
NIFTY-I.NFO,26/08/2024,09:39:21,24992.4,24992.35,50,24992.8,25,1150,10923925
NIFTY-I.NFO,26/08/2024,09:39:23,24994.1,24994.2,25,24994.9,75,8825,10923925
NIFTY-I.NFO,26/08/2024,09:39:23,24994.95,24994.2,25,24994.9,75,0,10923925
NIFTY-I.NFO,26/08/2024,09:39:25,24996.25,24996.25,125,24996.3,25,6625,10923925
NIFTY-I.NFO,26/08/2024,09:39:25,24996.35,24996.25,125,24996.3,25,0,10923925
NIFTY-I.NFO,26/08/2024,09:39:26,24993.9,24995,300,24995.45,50,2075,10923925
NIFTY-I.NFO,26/08/2024,09:39:26,24997,24995,300,24995.45,50,0,10923925
NIFTY-I.NFO,26/08/2024,09:39:28,24994.1,24994,50,24994.1,925,450,10923925
NIFTY-I.NFO,26/08/2024,09:39:29,24993.85,24993.85,250,24994.1,75,1325,10923925
NIFTY-I.NFO,26/08/2024,09:39:31,24994.3,24994.25,100,24994.35,25,2575,10923925
NIFTY-I.NFO,26/08/2024,09:39:33,24993.7,24993.7,325,24995.15,25,850,10923925
NIFTY-I.NFO,26/08/2024,09:39:34,24995.5,24995.5,25,24997.3,25,3225,10923925
NIFTY-I.NFO,26/08/2024,09:39:34,24997.3,24995.5,25,24997.3,25,0,10923925
NIFTY-I.NFO,26/08/2024,09:39:36,24995.8,24996,25,24997.3,25,1175,10923925
NIFTY-I.NFO,26/08/2024,09:39:38,24996.85,24996.85,25,24997.25,25,2300,10923925
NIFTY-I.NFO,26/08/2024,09:39:38,24997.9,24996.85,25,24997.25,25,0,10923925
NIFTY-I.NFO,26/08/2024,09:39:39,24997.45,24997.25,175,24998,1225,1650,10923925
NIFTY-I.NFO,26/08/2024,09:39:41,24997,24996.75,400,24997.25,50,975,10923925
NIFTY-I.NFO,26/08/2024,09:39:43,24998.8,24998.4,100,24998.8,425,2075,10923925
NIFTY-I.NFO,26/08/2024,09:39:43,24998.8,24998.4,100,24998.8,425,0,10923925
NIFTY-I.NFO,26/08/2024,09:39:44,25000,24999.95,75,25000,4050,7575,10923925
NIFTY-I.NFO,26/08/2024,09:39:44,25000,24999.95,75,25000,4050,0,10923925
NIFTY-I.NFO,26/08/2024,09:39:46,25001.7,25001.65,25,25001.85,25,7000,10923925
NIFTY-I.NFO,26/08/2024,09:39:46,25002,25001.65,25,25001.85,25,0,10923925
NIFTY-I.NFO,26/08/2024,09:39:48,25001.55,25001.55,150,25002.2,25,2900,10923925
NIFTY-I.NFO,26/08/2024,09:39:48,25002.4,25001.55,150,25002.2,25,0,10923925
NIFTY-I.NFO,26/08/2024,09:39:49,25001.35,25001.1,125,25001.35,25,1575,10923925
NIFTY-I.NFO,26/08/2024,09:39:49,25004.35,25001.1,125,25001.35,25,0,10923925
NIFTY-I.NFO,26/08/2024,09:39:51,25003.9,25001,25,25003.25,25,1775,10923925
NIFTY-I.NFO,26/08/2024,09:39:51,25004.8,25001,25,25003.25,25,0,10923925
NIFTY-I.NFO,26/08/2024,09:39:53,25001.55,25001.8,125,25003.2,25,1700,11007150
NIFTY-I.NFO,26/08/2024,09:39:54,25003.7,25003.75,25,25003.8,150,1325,11007150
NIFTY-I.NFO,26/08/2024,09:39:54,25005,25003.75,25,25003.8,150,0,11007150
NIFTY-I.NFO,26/08/2024,09:39:56,25004.5,25004.45,25,25004.6,50,1725,11007150
NIFTY-I.NFO,26/08/2024,09:39:56,25005.65,25004.45,25,25004.6,50,0,11007150
NIFTY-I.NFO,26/08/2024,09:39:58,25003.65,25003.65,100,25004.1,75,1325,11007150
NIFTY-I.NFO,26/08/2024,09:39:59,25001.8,25001.55,900,25002.6,350,600,11007150
NIFTY-I.NFO,26/08/2024,09:40:01,25001,25000,300,25001.4,50,1500,11007150
NIFTY-I.NFO,26/08/2024,09:40:03,25000.15,25000.15,100,25001.1,25,550,11007150
NIFTY-I.NFO,26/08/2024,09:40:04,25000.6,25000.7,25,25001.55,100,2500,11007150
NIFTY-I.NFO,26/08/2024,09:40:06,25002.7,25002.6,25,25002.95,125,4650,11007150
NIFTY-I.NFO,26/08/2024,09:40:08,25001,25000.65,225,25000.85,25,1325,11007150
NIFTY-I.NFO,26/08/2024,09:40:09,25000.6,25000.8,100,25000.9,75,1075,11007150
NIFTY-I.NFO,26/08/2024,09:40:11,24999.7,24999.6,25,24999.95,75,2125,11007150
NIFTY-I.NFO,26/08/2024,09:40:13,25002.25,25002.3,25,25002.6,125,5625,11007150
NIFTY-I.NFO,26/08/2024,09:40:14,25002.45,25002.6,100,25003.65,25,1450,11007150
NIFTY-I.NFO,26/08/2024,09:40:16,25002.4,25002.6,50,25003.6,250,4000,11007150
NIFTY-I.NFO,26/08/2024,09:40:18,25003.95,25004.35,300,25004.5,100,1500,11007150
NIFTY-I.NFO,26/08/2024,09:40:19,25005.25,25005.35,75,25005.65,75,3225,11007150
NIFTY-I.NFO,26/08/2024,09:40:21,25005.4,25005.35,400,25005.4,25,2525,11007150
NIFTY-I.NFO,26/08/2024,09:40:21,25008,25005.35,400,25005.4,25,0,11007150
NIFTY-I.NFO,26/08/2024,09:40:23,25007.05,25007.05,200,25007.85,25,3575,11007150
NIFTY-I.NFO,26/08/2024,09:40:24,25009.85,25009.65,50,25009.9,4375,1850,11007150
NIFTY-I.NFO,26/08/2024,09:40:24,25009.9,25009.65,50,25009.9,4375,0,11007150
NIFTY-I.NFO,26/08/2024,09:40:26,25009.4,25009.4,100,25009.65,25,9025,11007150
NIFTY-I.NFO,26/08/2024,09:40:26,25010.8,25009.4,100,25009.65,25,0,11007150
NIFTY-I.NFO,26/08/2024,09:40:27,25007.85,25006.25,50,25009.65,25,1725,11007150
NIFTY-I.NFO,26/08/2024,09:40:29,25006.2,25006.25,25,25008.6,25,175,11007150
NIFTY-I.NFO,26/08/2024,09:40:31,25005.1,25003.45,25,25005.05,250,1800,11007150
NIFTY-I.NFO,26/08/2024,09:40:32,25005,25004.9,125,25005,50,350,11007150
NIFTY-I.NFO,26/08/2024,09:40:34,25005,25005,750,25005.45,25,1275,11007150
NIFTY-I.NFO,26/08/2024,09:40:36,25004.25,25002.2,275,25004.1,25,1850,11007150
NIFTY-I.NFO,26/08/2024,09:40:37,25004.25,25004.25,50,25005,25,675,11007150
NIFTY-I.NFO,26/08/2024,09:40:39,25003.55,25003.25,125,25005.4,50,1075,11007150
NIFTY-I.NFO,26/08/2024,09:40:41,25006.7,25006.9,25,25007.85,25,1625,11007150
NIFTY-I.NFO,26/08/2024,09:40:43,25008.35,25008.4,50,25009.35,25,475,11007150
NIFTY-I.NFO,26/08/2024,09:40:44,25009.65,25009.6,150,25009.95,25,1425,11007150
NIFTY-I.NFO,26/08/2024,09:40:46,25010.05,25010,25,25010.2,25,825,11007150
NIFTY-I.NFO,26/08/2024,09:40:47,25011.3,25011.45,125,25011.9,25,2525,11007150
NIFTY-I.NFO,26/08/2024,09:40:47,25012,25011.45,125,25011.9,25,0,11007150
NIFTY-I.NFO,26/08/2024,09:40:49,25012.3,25012.3,200,25012.8,25,3150,11007150
NIFTY-I.NFO,26/08/2024,09:40:49,25012.4,25012.3,200,25012.8,25,0,11007150
NIFTY-I.NFO,26/08/2024,09:40:51,25013.8,25012.35,25,25013.8,250,1500,11007150
NIFTY-I.NFO,26/08/2024,09:40:51,25014.4,25012.35,25,25013.8,250,0,11007150
NIFTY-I.NFO,26/08/2024,09:40:52,25013.85,25013.55,25,25014.25,25,675,11007150
NIFTY-I.NFO,26/08/2024,09:40:54,25013.1,25013.05,75,25014.2,25,3400,11007150
NIFTY-I.NFO,26/08/2024,09:40:54,25014.9,25013.05,75,25014.2,25,0,11007150
NIFTY-I.NFO,26/08/2024,09:40:56,25015.2,25015.15,125,25015.25,25,7325,11007150
NIFTY-I.NFO,26/08/2024,09:40:56,25015.8,25015.15,125,25015.25,25,0,11007150
NIFTY-I.NFO,26/08/2024,09:40:57,25015.55,25015.8,250,25016.05,50,2125,11007150
NIFTY-I.NFO,26/08/2024,09:40:57,25017.2,25015.8,250,25016.05,50,0,11007150
NIFTY-I.NFO,26/08/2024,09:40:59,25017.15,25017.15,250,25017.2,25,4525,11007150
NIFTY-I.NFO,26/08/2024,09:40:59,25018.9,25017.15,250,25017.2,25,0,11007150
NIFTY-I.NFO,26/08/2024,09:41:01,25013.55,25014.05,50,25014.95,25,4450,11007150
NIFTY-I.NFO,26/08/2024,09:41:02,25013.3,25012.3,200,25013.75,25,1750,11007150
NIFTY-I.NFO,26/08/2024,09:41:04,25011.65,25011.65,125,25013.1,25,1350,11007150
NIFTY-I.NFO,26/08/2024,09:41:06,25010.8,25010.8,50,25012.3,25,675,11007150
NIFTY-I.NFO,26/08/2024,09:41:07,25009.7,25010.4,75,25010.85,100,1125,11007150
NIFTY-I.NFO,26/08/2024,09:41:09,25010.75,25010.75,25,25012.25,75,1075,11007150
NIFTY-I.NFO,26/08/2024,09:41:10,25010.8,25010.55,50,25012.25,100,2050,11007150
NIFTY-I.NFO,26/08/2024,09:41:12,25008.75,25009.1,25,25011.45,100,2600,11007150
NIFTY-I.NFO,26/08/2024,09:41:14,25007.9,25005.55,250,25007.9,25,850,11007150
NIFTY-I.NFO,26/08/2024,09:41:15,25008.45,25005.4,25,25007.35,100,825,11007150
NIFTY-I.NFO,26/08/2024,09:41:17,25002,25001,25,25003.05,100,325,11007150
NIFTY-I.NFO,26/08/2024,09:41:19,25001.95,25002,25,25003.2,100,6025,11007150
NIFTY-I.NFO,26/08/2024,09:41:20,25001,25001.65,75,25003.75,25,2650,11007150
NIFTY-I.NFO,26/08/2024,09:41:22,25003.95,25003.05,275,25004.95,100,600,11007150
NIFTY-I.NFO,26/08/2024,09:41:23,25004.4,25004.7,300,25007,75,2175,11007150
NIFTY-I.NFO,26/08/2024,09:41:25,25003.9,25003.85,25,25006.45,100,4475,11007150
NIFTY-I.NFO,26/08/2024,09:41:27,25005.2,25005.5,75,25007.2,100,625,11007150
NIFTY-I.NFO,26/08/2024,09:41:28,25004.35,25004.35,100,25006.6,100,950,11007150
NIFTY-I.NFO,26/08/2024,09:41:30,25006.55,25006.6,2350,25006.65,25,1475,11007150
NIFTY-I.NFO,26/08/2024,09:41:31,25007.2,25006.65,2550,25007.2,75,450,11007150
NIFTY-I.NFO,26/08/2024,09:41:33,25008.6,25007.8,350,25008.6,50,2175,11007150
NIFTY-I.NFO,26/08/2024,09:41:35,25008.5,25006.65,2325,25008.5,25,175,11007150
NIFTY-I.NFO,26/08/2024,09:41:36,25007.2,25006.65,2200,25006.95,50,300,11007150
NIFTY-I.NFO,26/08/2024,09:41:38,25006.9,25006.65,2075,25007,50,325,11007150
NIFTY-I.NFO,26/08/2024,09:41:40,25007,25006.65,1900,25007,50,375,11007150
NIFTY-I.NFO,26/08/2024,09:41:41,25006.65,25006.65,1500,25007.2,100,1250,11007150
NIFTY-I.NFO,26/08/2024,09:41:43,25007.2,25007.5,100,25010,475,2225,11007150
NIFTY-I.NFO,26/08/2024,09:41:45,25009.95,25009.5,125,25009.95,75,425,11007150
NIFTY-I.NFO,26/08/2024,09:41:46,25010.15,25010.15,150,25010.7,75,2125,11007150
NIFTY-I.NFO,26/08/2024,09:41:48,25010,25009.6,250,25010,50,550,11007150
NIFTY-I.NFO,26/08/2024,09:41:49,25010,25009.6,25,25010.6,75,2150,11007150
NIFTY-I.NFO,26/08/2024,09:41:51,25009.65,25009.6,200,25010.7,100,775,11007150
NIFTY-I.NFO,26/08/2024,09:41:53,25007,25007,5000,25009.25,50,1100,11007150
NIFTY-I.NFO,26/08/2024,09:41:54,25007.05,25007,4900,25009,25,175,11007150
NIFTY-I.NFO,26/08/2024,09:41:56,25007,25007,4825,25007.65,50,150,11007150
NIFTY-I.NFO,26/08/2024,09:41:58,25007.8,25007.05,200,25008.75,100,250,11007150
NIFTY-I.NFO,26/08/2024,09:41:59,25007.85,25007.85,25,25008.2,100,200,11007150
NIFTY-I.NFO,26/08/2024,09:42:01,25007.25,25007.05,25,25007.2,25,750,11007150
NIFTY-I.NFO,26/08/2024,09:42:03,25009.95,25007.25,150,25009.95,25,650,11007150
NIFTY-I.NFO,26/08/2024,09:42:04,25008.9,25008.4,200,25008.9,25,375,11007150
NIFTY-I.NFO,26/08/2024,09:42:06,25009.4,25009.4,375,25009.85,75,1225,11007150
NIFTY-I.NFO,26/08/2024,09:42:07,25009.75,25009.75,325,25010.5,100,525,11007150
NIFTY-I.NFO,26/08/2024,09:42:09,25009.95,25009.9,250,25010,100,625,11007150
NIFTY-I.NFO,26/08/2024,09:42:11,25010,25010,1950,25010.6,100,1100,11007150
NIFTY-I.NFO,26/08/2024,09:42:12,25010.4,25010,1475,25010.4,50,1350,11007150
NIFTY-I.NFO,26/08/2024,09:42:14,25010,25010,800,25010.9,75,875,11007150
NIFTY-I.NFO,26/08/2024,09:42:16,25010,25010,1100,25011.2,75,200,11007150
NIFTY-I.NFO,26/08/2024,09:42:17,25010,25010,975,25010.75,75,150,11007150
NIFTY-I.NFO,26/08/2024,09:42:19,25010,25010,975,25010.75,75,25,11007150
NIFTY-I.NFO,26/08/2024,09:42:21,25010,25010,1125,25010.2,75,500,11007150
NIFTY-I.NFO,26/08/2024,09:42:22,25009,25009,25,25010,125,1325,11007150
NIFTY-I.NFO,26/08/2024,09:42:24,25009,25008.65,25,25009.6,25,25,11007150
NIFTY-I.NFO,26/08/2024,09:42:25,25007,25007,3950,25007.05,25,1125,11007150
NIFTY-I.NFO,26/08/2024,09:42:27,25007,25007,25,25008.15,25,4400,11007150
NIFTY-I.NFO,26/08/2024,09:42:29,25004,25004,300,25006.85,100,900,11007150
NIFTY-I.NFO,26/08/2024,09:42:30,25002.5,25002.5,50,25003.85,75,625,11007150
NIFTY-I.NFO,26/08/2024,09:42:32,25003,25003.2,25,25005.25,25,875,11007150
NIFTY-I.NFO,26/08/2024,09:42:34,25003.8,25003.7,25,25003.95,100,650,11007150
NIFTY-I.NFO,26/08/2024,09:42:35,25002.75,25002.7,50,25003.65,75,175,11007150
NIFTY-I.NFO,26/08/2024,09:42:37,25002.6,25002.6,175,25003.2,50,7325,11007150
NIFTY-I.NFO,26/08/2024,09:42:38,25002.2,25002.2,4825,25002.7,100,900,11007150
NIFTY-I.NFO,26/08/2024,09:42:40,25003.2,25002.95,250,25003.95,100,550,11007150
NIFTY-I.NFO,26/08/2024,09:42:42,25002.2,25002.2,4075,25002.85,100,950,11007150
NIFTY-I.NFO,26/08/2024,09:42:43,25004.75,25003,100,25004.7,75,1525,11007150
NIFTY-I.NFO,26/08/2024,09:42:45,25002.5,25002.2,4075,25004.95,75,1250,11007150
NIFTY-I.NFO,26/08/2024,09:42:47,25002.9,25002.2,3675,25002.95,25,475,11007150
NIFTY-I.NFO,26/08/2024,09:42:48,25002.8,25002.2,3300,25002.75,100,775,11007150
NIFTY-I.NFO,26/08/2024,09:42:50,25002.2,25002.2,2975,25002.75,100,425,11007150
NIFTY-I.NFO,26/08/2024,09:42:52,25002.2,25002.2,2400,25002.75,100,775,11007150
NIFTY-I.NFO,26/08/2024,09:42:53,25002.2,25002.2,1700,25002.75,75,800,11068300
NIFTY-I.NFO,26/08/2024,09:42:55,25005,25002.5,25,25004.15,25,675,11068300
NIFTY-I.NFO,26/08/2024,09:42:57,25002.3,25002.4,50,25004.1,125,175,11068300
NIFTY-I.NFO,26/08/2024,09:42:59,25002.35,25002.45,50,25004.2,100,675,11068300
NIFTY-I.NFO,26/08/2024,09:43:00,25003.95,25003.95,50,25004.2,150,1800,11068300
NIFTY-I.NFO,26/08/2024,09:43:02,25006.6,25003.95,50,25006.4,200,1875,11068300
NIFTY-I.NFO,26/08/2024,09:43:03,25006.95,25004.2,2550,25004.9,75,1025,11068300
NIFTY-I.NFO,26/08/2024,09:43:05,25004.95,25004.85,100,25004.9,100,475,11068300
NIFTY-I.NFO,26/08/2024,09:43:07,25005.45,25004.95,125,25005.45,75,1025,11068300
NIFTY-I.NFO,26/08/2024,09:43:08,25005.6,25005.5,225,25005.95,75,325,11068300
NIFTY-I.NFO,26/08/2024,09:43:10,25004.95,25004.95,25,25005.55,175,125,11068300
NIFTY-I.NFO,26/08/2024,09:43:12,25005.2,25005.1,150,25005.2,225,150,11068300
NIFTY-I.NFO,26/08/2024,09:43:13,25005,25005.05,100,25005.25,100,2650,11068300
NIFTY-I.NFO,26/08/2024,09:43:15,25006.25,25006.55,50,25007.25,25,2075,11068300
NIFTY-I.NFO,26/08/2024,09:43:17,25006.35,25006.45,25,25007.1,100,250,11068300
NIFTY-I.NFO,26/08/2024,09:43:18,25007.3,25007.4,50,25008.2,175,300,11068300
NIFTY-I.NFO,26/08/2024,09:43:20,25007.2,25007.2,100,25008.1,75,300,11068300
NIFTY-I.NFO,26/08/2024,09:43:22,25009.4,25009.2,350,25009.9,100,600,11068300
NIFTY-I.NFO,26/08/2024,09:43:23,25009.1,25009.4,25,25009.9,75,600,11068300
NIFTY-I.NFO,26/08/2024,09:43:25,25010,25010,400,25010.1,150,1600,11068300
NIFTY-I.NFO,26/08/2024,09:43:27,25010.45,25010.35,125,25010.85,100,2000,11068300
NIFTY-I.NFO,26/08/2024,09:43:28,25010,25010.15,100,25010.9,25,700,11068300
NIFTY-I.NFO,26/08/2024,09:43:30,25010.85,25010.7,175,25010.95,25,425,11068300
NIFTY-I.NFO,26/08/2024,09:43:32,25010.25,25010.25,125,25011.2,75,750,11068300
NIFTY-I.NFO,26/08/2024,09:43:33,25010.1,25010.1,200,25011.2,150,125,11068300
NIFTY-I.NFO,26/08/2024,09:43:35,25010.05,25010.2,50,25010.3,100,375,11068300
NIFTY-I.NFO,26/08/2024,09:43:37,25011.95,25011.9,750,25012.15,50,2000,11068300
NIFTY-I.NFO,26/08/2024,09:43:38,25013.2,25013.05,275,25013.25,25,1150,11068300
NIFTY-I.NFO,26/08/2024,09:43:40,25012.3,25011.95,50,25013.1,50,200,11068300
NIFTY-I.NFO,26/08/2024,09:43:42,25013.1,25013,125,25013.15,50,725,11068300
NIFTY-I.NFO,26/08/2024,09:43:43,25013,25013,2075,25014,100,1425,11068300
NIFTY-I.NFO,26/08/2024,09:43:45,25013.1,25013.15,250,25014.85,100,200,11068300
NIFTY-I.NFO,26/08/2024,09:43:47,25013,25013,1925,25014.75,175,475,11068300
NIFTY-I.NFO,26/08/2024,09:43:48,25012,25012,350,25012.05,50,2050,11068300
NIFTY-I.NFO,26/08/2024,09:43:50,25009.3,25009.2,50,25012.4,100,2150,11068300
NIFTY-I.NFO,26/08/2024,09:43:52,25010.5,25011,225,25013.1,100,225,11068300
NIFTY-I.NFO,26/08/2024,09:43:53,25012.65,25010.25,25,25013.1,200,675,11068300
NIFTY-I.NFO,26/08/2024,09:43:55,25012.4,25012.4,25,25013.1,200,275,11068300
NIFTY-I.NFO,26/08/2024,09:43:57,25012.3,25011.8,25,25012.3,75,225,11068300
NIFTY-I.NFO,26/08/2024,09:43:58,25012.2,25011.8,200,25012.2,175,1175,11068300
NIFTY-I.NFO,26/08/2024,09:44:00,25009.3,25009.05,175,25011.75,75,475,11068300
NIFTY-I.NFO,26/08/2024,09:44:02,25010.1,25010.5,25,25012.35,200,300,11068300
NIFTY-I.NFO,26/08/2024,09:44:03,25010.9,25010.9,125,25012.35,100,325,11068300
NIFTY-I.NFO,26/08/2024,09:44:05,25012,25012,100,25012.35,25,550,11068300
NIFTY-I.NFO,26/08/2024,09:44:07,25012.45,25011.8,25,25012.15,25,975,11068300
NIFTY-I.NFO,26/08/2024,09:44:08,25013.25,25013.35,125,25014,25,175,11068300
NIFTY-I.NFO,26/08/2024,09:44:10,25013.85,25013.85,125,25014.9,25,200,11068300
NIFTY-I.NFO,26/08/2024,09:44:12,25013.85,25014.25,125,25014.9,25,300,11068300
NIFTY-I.NFO,26/08/2024,09:44:13,25014.85,25014.6,225,25014.95,25,300,11068300
NIFTY-I.NFO,26/08/2024,09:44:15,25016.2,25015.3,25,25017,125,1825,11068300
NIFTY-I.NFO,26/08/2024,09:44:17,25014.95,25014.05,325,25015,50,200,11068300
NIFTY-I.NFO,26/08/2024,09:44:18,25014.3,25014.3,75,25016,250,900,11068300
NIFTY-I.NFO,26/08/2024,09:44:20,25013.95,25013.65,25,25014.85,100,450,11068300
NIFTY-I.NFO,26/08/2024,09:44:22,25014.85,25013.65,25,25014.85,100,200,11068300
NIFTY-I.NFO,26/08/2024,09:44:23,25014,25014,125,25014.7,25,200,11068300
NIFTY-I.NFO,26/08/2024,09:44:25,25012.6,25012.55,125,25013.6,50,225,11068300
NIFTY-I.NFO,26/08/2024,09:44:26,25011.2,25011.2,200,25012.95,100,1300,11068300
NIFTY-I.NFO,26/08/2024,09:44:28,25011.55,25011.35,225,25012.9,75,325,11068300
NIFTY-I.NFO,26/08/2024,09:44:30,25011.35,25012.4,25,25013.95,75,50,11068300
NIFTY-I.NFO,26/08/2024,09:44:31,25012.95,25012.95,125,25014.85,100,300,11068300
NIFTY-I.NFO,26/08/2024,09:44:33,25013.75,25013.75,100,25014.95,50,400,11068300
NIFTY-I.NFO,26/08/2024,09:44:35,25014.95,25014.9,225,25014.95,125,1000,11068300
NIFTY-I.NFO,26/08/2024,09:44:36,25015.2,25014.95,25,25016.55,375,2550,11068300
NIFTY-I.NFO,26/08/2024,09:44:38,25014.95,25014.95,150,25015,100,275,11068300
NIFTY-I.NFO,26/08/2024,09:44:39,25015.5,25015.5,250,25016.15,75,450,11068300
NIFTY-I.NFO,26/08/2024,09:44:41,25016.2,25015.9,125,25016.5,125,600,11068300
NIFTY-I.NFO,26/08/2024,09:44:43,25014.95,25014.9,125,25015.15,100,3175,11068300
NIFTY-I.NFO,26/08/2024,09:44:44,25015.4,25013.85,225,25015.35,200,2125,11068300
NIFTY-I.NFO,26/08/2024,09:44:46,25014.95,25013.85,125,25014.9,25,2425,11068300
NIFTY-I.NFO,26/08/2024,09:44:48,25015.05,25015,225,25015.35,50,625,11068300
NIFTY-I.NFO,26/08/2024,09:44:49,25015.35,25015.2,125,25015.35,75,1850,11068300
NIFTY-I.NFO,26/08/2024,09:44:51,25015.95,25015.2,100,25015.95,125,325,11068300
NIFTY-I.NFO,26/08/2024,09:44:52,25015.7,25015.65,250,25015.95,100,400,11068300
NIFTY-I.NFO,26/08/2024,09:44:54,25015.95,25015.85,225,25015.95,75,275,11068300
NIFTY-I.NFO,26/08/2024,09:44:56,25015.65,25015.65,25,25015.8,125,1500,11068300
NIFTY-I.NFO,26/08/2024,09:44:57,25015.7,25015.55,175,25015.95,75,50,11068300
NIFTY-I.NFO,26/08/2024,09:44:59,25015.75,25015.65,250,25015.8,50,350,11068300
NIFTY-I.NFO,26/08/2024,09:45:00,25015.65,25015.65,75,25016.05,100,550,11068300
NIFTY-I.NFO,26/08/2024,09:45:02,25015.65,25015.65,25,25015.8,100,1475,11068300
NIFTY-I.NFO,26/08/2024,09:45:04,25019.05,25017.8,25,25019.05,25,8250,11068300
NIFTY-I.NFO,26/08/2024,09:45:04,25023.2,25017.8,25,25019.05,25,0,11068300
NIFTY-I.NFO,26/08/2024,09:45:05,25017.95,25017.95,350,25020.1,25,1425,11068300
NIFTY-I.NFO,26/08/2024,09:45:05,25023.6,25017.95,350,25020.1,25,0,11068300
NIFTY-I.NFO,26/08/2024,09:45:07,25017.9,25017.9,450,25018.85,150,900,11068300
NIFTY-I.NFO,26/08/2024,09:45:09,25014,25013.75,25,25014.05,100,975,11068300
NIFTY-I.NFO,26/08/2024,09:45:11,25012.75,25012.3,25,25013.95,100,275,11068300
NIFTY-I.NFO,26/08/2024,09:45:12,25013.95,25011.95,125,25013.85,75,200,11068300
NIFTY-I.NFO,26/08/2024,09:45:14,25013.85,25012.6,125,25013.8,25,75,11068300
NIFTY-I.NFO,26/08/2024,09:45:15,25012.25,25013.8,100,25015.15,25,1150,11068300
NIFTY-I.NFO,26/08/2024,09:45:17,25012.15,25012.1,50,25013.1,25,325,11068300
NIFTY-I.NFO,26/08/2024,09:45:19,25015,25015,125,25017.05,25,625,11068300
NIFTY-I.NFO,26/08/2024,09:45:20,25012.95,25012.95,250,25014.95,25,200,11068300
NIFTY-I.NFO,26/08/2024,09:45:22,25015,25012.2,100,25014.2,25,625,11068300
NIFTY-I.NFO,26/08/2024,09:45:24,25014.15,25013.3,25,25014.15,25,550,11068300
NIFTY-I.NFO,26/08/2024,09:45:25,25013.95,25013.95,50,25014.15,25,475,11068300
NIFTY-I.NFO,26/08/2024,09:45:27,25013.15,25013.1,25,25013.95,25,150,11068300
NIFTY-I.NFO,26/08/2024,09:45:28,25014.15,25013.3,50,25014.1,25,2175,11068300
NIFTY-I.NFO,26/08/2024,09:45:30,25013.6,25013.6,125,25014.2,25,100,11068300
NIFTY-I.NFO,26/08/2024,09:45:32,25013.6,25013.55,75,25014.2,25,175,11068300
NIFTY-I.NFO,26/08/2024,09:45:33,25012.45,25012.4,125,25014.05,25,450,11068300
NIFTY-I.NFO,26/08/2024,09:45:35,25012,25012,100,25013.6,25,625,11068300
NIFTY-I.NFO,26/08/2024,09:45:37,25010.6,25010.6,100,25012,675,275,11068300
NIFTY-I.NFO,26/08/2024,09:45:38,25009.15,25009.15,75,25010,150,1350,11068300
NIFTY-I.NFO,26/08/2024,09:45:40,25008,25008,25,25009.8,350,250,11068300
NIFTY-I.NFO,26/08/2024,09:45:41,25012,25007.35,25,25009.4,25,500,11068300
NIFTY-I.NFO,26/08/2024,09:45:43,25007.3,25007.3,725,25009.05,125,925,11068300
NIFTY-I.NFO,26/08/2024,09:45:45,25007.15,25006.9,75,25007.2,25,300,11068300
NIFTY-I.NFO,26/08/2024,09:45:46,25005.75,25005.5,100,25007.6,25,2150,11068300
NIFTY-I.NFO,26/08/2024,09:45:48,25004.8,25004.7,50,25006.8,25,750,11068300
NIFTY-I.NFO,26/08/2024,09:45:50,25009,25004,125,25006.1,25,1475,11068300
NIFTY-I.NFO,26/08/2024,09:45:51,25003.2,25003.4,50,25005,25,4125,11068300
NIFTY-I.NFO,26/08/2024,09:45:53,25003.95,25003.3,100,25005,100,225,11097650
NIFTY-I.NFO,26/08/2024,09:45:55,25002.2,25002.2,725,25004.95,50,3875,11097650
NIFTY-I.NFO,26/08/2024,09:45:56,25001.5,25001.5,50,25004.45,25,3625,11097650
NIFTY-I.NFO,26/08/2024,09:45:58,25004.2,25000.25,25,25002.2,125,1150,11097650
NIFTY-I.NFO,26/08/2024,09:46:00,25004.45,25004.45,1900,25005,225,850,11097650
NIFTY-I.NFO,26/08/2024,09:46:01,25004.45,25004.45,1750,25005.7,50,375,11097650
NIFTY-I.NFO,26/08/2024,09:46:03,25004.45,25004.45,950,25005,50,850,11097650
NIFTY-I.NFO,26/08/2024,09:46:05,25002,25003.5,25,25004.95,100,4200,11097650
NIFTY-I.NFO,26/08/2024,09:46:06,25004.45,25001.4,25,25003.55,25,375,11097650
NIFTY-I.NFO,26/08/2024,09:46:08,25002,25000.25,25,25003.4,25,300,11097650
NIFTY-I.NFO,26/08/2024,09:46:10,25003.4,25000.85,25,25003.35,25,850,11097650
NIFTY-I.NFO,26/08/2024,09:46:11,25000.85,25000,50,25002.65,25,125,11097650
NIFTY-I.NFO,26/08/2024,09:46:13,25004.4,25000,25,25002.05,25,325,11097650
NIFTY-I.NFO,26/08/2024,09:46:15,25006.55,25001.6,100,25005,25,3900,11097650
NIFTY-I.NFO,26/08/2024,09:46:16,25002.75,25002.75,100,25005,25,250,11097650
NIFTY-I.NFO,26/08/2024,09:46:18,25002.85,25002.8,25,25005,25,550,11097650
NIFTY-I.NFO,26/08/2024,09:46:20,25003.3,25003.3,25,25005.1,250,125,11097650
NIFTY-I.NFO,26/08/2024,09:46:21,25002.75,25002.8,25,25006.6,25,725,11097650
NIFTY-I.NFO,26/08/2024,09:46:23,25005,25002.45,25,25006.1,25,1125,11097650
NIFTY-I.NFO,26/08/2024,09:46:25,25003,25002.75,125,25005.75,25,225,11097650
NIFTY-I.NFO,26/08/2024,09:46:26,25003.05,25003.15,25,25005,25,2050,11097650
NIFTY-I.NFO,26/08/2024,09:46:28,25003.55,25003.6,125,25007.75,200,275,11097650
NIFTY-I.NFO,26/08/2024,09:46:30,25005,25003.45,50,25005.15,250,275,11097650
NIFTY-I.NFO,26/08/2024,09:46:31,25003.45,25003.45,25,25003.6,25,325,11097650
NIFTY-I.NFO,26/08/2024,09:46:33,25003.45,25003.2,50,25005,25,225,11097650
NIFTY-I.NFO,26/08/2024,09:46:35,25005,25003,400,25006.55,25,50,11097650
NIFTY-I.NFO,26/08/2024,09:46:36,25003.95,25003.95,75,25006.45,50,325,11097650
NIFTY-I.NFO,26/08/2024,09:46:38,25003.95,25003.95,150,25005.4,75,200,11097650
NIFTY-I.NFO,26/08/2024,09:46:40,25003.95,25003.05,50,25004.75,50,200,11097650
NIFTY-I.NFO,26/08/2024,09:46:41,25002.65,25002.5,400,25003.8,25,225,11097650
NIFTY-I.NFO,26/08/2024,09:46:43,25002,25002,1650,25003.5,50,675,11097650
NIFTY-I.NFO,26/08/2024,09:46:45,25003,25002,1625,25003.4,25,450,11097650
NIFTY-I.NFO,26/08/2024,09:46:46,25002,25002.1,50,25003.95,125,425,11097650
NIFTY-I.NFO,26/08/2024,09:46:48,25002,25002,1175,25003,25,200,11097650
NIFTY-I.NFO,26/08/2024,09:46:49,25002,25002,1075,25002.6,25,175,11097650
NIFTY-I.NFO,26/08/2024,09:46:51,25003.15,25002,1100,25002.15,50,50,11097650
NIFTY-I.NFO,26/08/2024,09:46:53,25002,25002,1075,25002.2,50,375,11097650
NIFTY-I.NFO,26/08/2024,09:46:54,25002,25002,975,25002.15,25,350,11097650
NIFTY-I.NFO,26/08/2024,09:46:56,25002,25001,50,25002.15,25,1275,11097650
NIFTY-I.NFO,26/08/2024,09:46:58,25001.45,25001.4,25,25002,950,275,11097650
NIFTY-I.NFO,26/08/2024,09:46:59,25000.75,25000,125,25001.75,350,1325,11097650
NIFTY-I.NFO,26/08/2024,09:47:01,25000.25,25000.3,25,25001.4,25,100,11097650
NIFTY-I.NFO,26/08/2024,09:47:03,25001.45,25001.3,50,25002.5,100,550,11097650
NIFTY-I.NFO,26/08/2024,09:47:04,25000.9,25000.9,25,25002.5,50,275,11097650
NIFTY-I.NFO,26/08/2024,09:47:06,25002.5,25001.3,50,25002.5,275,100,11097650
NIFTY-I.NFO,26/08/2024,09:47:08,25005,25005,1775,25006,75,1375,11097650
NIFTY-I.NFO,26/08/2024,09:47:09,25005,25005,1175,25006,50,625,11097650
NIFTY-I.NFO,26/08/2024,09:47:11,25005,25005.05,25,25006,150,100,11097650
NIFTY-I.NFO,26/08/2024,09:47:13,25006.3,25006.45,75,25007,275,700,11097650
NIFTY-I.NFO,26/08/2024,09:47:14,25007,25006.85,75,25007.25,25,375,11097650
NIFTY-I.NFO,26/08/2024,09:47:16,25010,25009.8,25,25012,425,1750,11097650
NIFTY-I.NFO,26/08/2024,09:47:18,25009.9,25008.35,50,25011.75,150,125,11097650
NIFTY-I.NFO,26/08/2024,09:47:19,25010.55,25010.45,50,25011.75,50,125,11097650
NIFTY-I.NFO,26/08/2024,09:47:21,25011.5,25011.5,50,25012,425,225,11097650
NIFTY-I.NFO,26/08/2024,09:47:23,25011.8,25011.45,50,25012,400,175,11097650
NIFTY-I.NFO,26/08/2024,09:47:25,25012.9,25013.4,50,25014,50,825,11097650
NIFTY-I.NFO,26/08/2024,09:47:26,25012.05,25012.05,50,25014,50,275,11097650
NIFTY-I.NFO,26/08/2024,09:47:28,25013.15,25013.45,25,25015,1075,575,11097650
NIFTY-I.NFO,26/08/2024,09:47:30,25015,25013.05,25,25014.95,50,600,11097650
NIFTY-I.NFO,26/08/2024,09:47:31,25013.9,25013.9,125,25014.95,50,1975,11097650
NIFTY-I.NFO,26/08/2024,09:47:33,25014.9,25014.9,25,25015,75,425,11097650
NIFTY-I.NFO,26/08/2024,09:47:34,25016.35,25016.25,50,25016.4,25,1275,11097650
NIFTY-I.NFO,26/08/2024,09:47:36,25023,25018.05,50,25021.5,125,5650,11097650
NIFTY-I.NFO,26/08/2024,09:47:38,25017.95,25018.3,50,25020.9,25,800,11097650
NIFTY-I.NFO,26/08/2024,09:47:39,25018.7,25017.9,50,25022.45,50,1400,11097650
NIFTY-I.NFO,26/08/2024,09:47:39,25024,25017.9,50,25022.45,50,0,11097650
NIFTY-I.NFO,26/08/2024,09:47:41,25021.95,25017.25,25,25022,125,1975,11097650
NIFTY-I.NFO,26/08/2024,09:47:43,25019.95,25019.9,125,25022.85,25,1175,11097650
NIFTY-I.NFO,26/08/2024,09:47:44,25020,25019.1,50,25020,25,1500,11097650
NIFTY-I.NFO,26/08/2024,09:47:44,25024.45,25019.1,50,25020,25,0,11097650
NIFTY-I.NFO,26/08/2024,09:47:46,25021.2,25021.2,150,25024.35,25,875,11097650
NIFTY-I.NFO,26/08/2024,09:47:46,25024.8,25021.2,150,25024.35,25,0,11097650
NIFTY-I.NFO,26/08/2024,09:47:48,25025,25021.15,50,25024.9,25,4300,11097650
NIFTY-I.NFO,26/08/2024,09:47:48,25025,25021.15,50,25024.9,25,0,11097650
NIFTY-I.NFO,26/08/2024,09:47:49,25025,25021.85,50,25025,25,1175,11097650
NIFTY-I.NFO,26/08/2024,09:47:51,25025,25020.85,25,25024.45,150,975,11097650
NIFTY-I.NFO,26/08/2024,09:47:52,25018,25017.1,50,25021.65,25,1675,11097650
NIFTY-I.NFO,26/08/2024,09:47:52,25025.1,25017.1,50,25021.65,25,0,11097650
NIFTY-I.NFO,26/08/2024,09:47:54,25016.85,25017.5,50,25021.85,50,725,11097650
NIFTY-I.NFO,26/08/2024,09:47:55,25023.95,25019.55,25,25023.95,25,1425,11097650
NIFTY-I.NFO,26/08/2024,09:47:57,25023.75,25018.35,50,25019.95,25,250,11097650
NIFTY-I.NFO,26/08/2024,09:47:59,25022.25,25018,25,25022.15,50,775,11097650
NIFTY-I.NFO,26/08/2024,09:48:00,25020.7,25015.2,125,25020.7,25,1050,11097650
