Ticker,Date,Time,LTP,BuyPrice,BuyQty,SellPrice,SellQty,LTQ,OpenInterest
NIFTY-III.NFO,02/05/2025,09:15:01,24621.1,24630,150,24690.6,75,525,169125
NIFTY-III.NFO,02/05/2025,09:15:01,24690.6,24630,150,24690.6,75,0,169125
NIFTY-III.NFO,02/05/2025,09:15:01,24690.6,24630,150,24690.6,75,0,169125
NIFTY-III.NFO,02/05/2025,09:15:01,24621.1,24630,150,24690.6,75,0,169125
NIFTY-III.NFO,02/05/2025,09:15:02,24690.6,24640.8,150,24682.4,150,0,169125
NIFTY-III.NFO,02/05/2025,09:15:03,24660,24644.6,150,24687.5,150,75,169125
NIFTY-III.NFO,02/05/2025,09:15:05,24683.9,24649.1,150,24683.9,75,75,169125
NIFTY-III.NFO,02/05/2025,09:15:06,24660.7,24660.7,75,24698.9,150,300,169125
NIFTY-III.NFO,02/05/2025,09:15:07,24660.7,24680.6,75,24698.9,150,0,169125
NIFTY-III.NFO,02/05/2025,09:15:08,24696.2,24698.2,375,24700,75,375,169125
NIFTY-III.NFO,02/05/2025,09:15:08,24699.9,24698.2,375,24700,75,0,169125
NIFTY-III.NFO,02/05/2025,09:15:10,24705.9,24702,75,24707,75,300,169125
NIFTY-III.NFO,02/05/2025,09:15:10,24705.9,24702,75,24707,75,0,169125
NIFTY-III.NFO,02/05/2025,09:15:11,24707,24687.6,150,24709.9,150,75,169125
NIFTY-III.NFO,02/05/2025,09:15:11,24707,24687.6,150,24709.9,150,0,169125
NIFTY-III.NFO,02/05/2025,09:15:13,24707,24704.2,150,24709.9,150,0,169125
NIFTY-III.NFO,02/05/2025,09:15:14,24716.9,24717,150,24717.9,75,525,169125
NIFTY-III.NFO,02/05/2025,09:15:14,24716.9,24717,150,24717.9,75,0,169125
NIFTY-III.NFO,02/05/2025,09:15:16,24739,24717.2,150,24745.9,75,300,169125
NIFTY-III.NFO,02/05/2025,09:15:16,24739,24717.2,150,24745.9,75,0,169125
NIFTY-III.NFO,02/05/2025,09:15:17,24739,24713.5,150,24742.7,75,0,169125
NIFTY-III.NFO,02/05/2025,09:15:19,24739,24718.6,150,24746.7,75,0,169125
NIFTY-III.NFO,02/05/2025,09:15:20,24739,24724.6,150,24751.3,75,0,169125
NIFTY-III.NFO,02/05/2025,09:15:22,24739,24724.3,150,24749.6,75,0,169125
NIFTY-III.NFO,02/05/2025,09:15:23,24749,24726.2,150,24749,75,150,169800
NIFTY-III.NFO,02/05/2025,09:15:23,24749,24726.2,150,24749,75,0,169800
NIFTY-III.NFO,02/05/2025,09:15:25,24749,24726.2,150,24745.4,375,75,169800
NIFTY-III.NFO,02/05/2025,09:15:26,24749,24727.1,150,24746.9,375,0,169800
NIFTY-III.NFO,02/05/2025,09:15:28,24749,24728,150,24748.1,375,0,169800
NIFTY-III.NFO,02/05/2025,09:15:30,24749,24732,150,24750.8,75,0,169800
NIFTY-III.NFO,02/05/2025,09:15:31,24749,24732.7,150,24749,600,0,169800
NIFTY-III.NFO,02/05/2025,09:15:33,24733.5,24733.6,150,24748.9,150,300,169800
NIFTY-III.NFO,02/05/2025,09:15:34,24733.5,24734.9,150,24748.9,225,0,169800
NIFTY-III.NFO,02/05/2025,09:15:36,24732.7,24736.3,150,24747.7,150,75,169800
NIFTY-III.NFO,02/05/2025,09:15:38,24732.7,24738.6,150,24748.8,150,0,169800
NIFTY-III.NFO,02/05/2025,09:15:39,24738.5,24739.3,75,24748.9,150,225,169800
NIFTY-III.NFO,02/05/2025,09:15:41,24738.5,24737.4,75,24748.9,150,0,169800
NIFTY-III.NFO,02/05/2025,09:15:42,24748.9,24744.9,75,24749,600,75,169800
NIFTY-III.NFO,02/05/2025,09:15:44,24749,24749,75,24750,75,600,169800
NIFTY-III.NFO,02/05/2025,09:15:46,24749,24749,75,24750,150,0,169800
NIFTY-III.NFO,02/05/2025,09:15:47,24749,24741.4,75,24749.9,75,75,169800
NIFTY-III.NFO,02/05/2025,09:15:49,24749,24745.9,225,24750,150,0,169800
NIFTY-III.NFO,02/05/2025,09:15:50,24750,24743.5,75,24750,150,75,169800
NIFTY-III.NFO,02/05/2025,09:15:50,24750,24743.5,75,24750,150,0,169800
NIFTY-III.NFO,02/05/2025,09:15:52,24750,24742.8,75,24750,150,0,169800
NIFTY-III.NFO,02/05/2025,09:15:54,24750,24737.8,75,24749.9,75,0,169800
NIFTY-III.NFO,02/05/2025,09:15:55,24750,24737.5,150,24749.9,75,0,169800
NIFTY-III.NFO,02/05/2025,09:15:57,24750,24734,75,24748.9,75,0,169800
NIFTY-III.NFO,02/05/2025,09:15:58,24750,24736.5,150,24748.9,75,0,169800
NIFTY-III.NFO,02/05/2025,09:16:00,24750,24742.3,300,24749,75,0,169800
NIFTY-III.NFO,02/05/2025,09:16:02,24750,24744.4,225,24749,75,0,169800
NIFTY-III.NFO,02/05/2025,09:16:03,24750,24733.4,150,24748.9,75,0,169800
NIFTY-III.NFO,02/05/2025,09:16:05,24750,24730,150,24738,150,0,169800
NIFTY-III.NFO,02/05/2025,09:16:07,24750,24730,150,24737.9,75,0,169800
NIFTY-III.NFO,02/05/2025,09:16:08,24750,24730,150,24736.9,75,0,169800
NIFTY-III.NFO,02/05/2025,09:16:10,24730,24724,150,24734.5,75,150,169800
NIFTY-III.NFO,02/05/2025,09:16:12,24724,24722.7,150,24735.2,75,150,169800
NIFTY-III.NFO,02/05/2025,09:16:13,24724,24724,150,24735.2,75,0,169800
NIFTY-III.NFO,02/05/2025,09:16:15,24724,24727.2,150,24735.2,75,0,169800
NIFTY-III.NFO,02/05/2025,09:16:17,24724,24722.5,150,24734,75,0,169800
NIFTY-III.NFO,02/05/2025,09:16:18,24724,24719.7,225,24729.9,75,0,169800
NIFTY-III.NFO,02/05/2025,09:16:20,24724,24725.2,75,24730,75,0,169800
NIFTY-III.NFO,02/05/2025,09:16:22,24730,24733,150,24742.1,75,75,169800
NIFTY-III.NFO,02/05/2025,09:16:23,24730,24729.9,150,24742.1,75,0,169800
NIFTY-III.NFO,02/05/2025,09:16:25,24730,24730.1,150,24742.1,450,0,169800
NIFTY-III.NFO,02/05/2025,09:16:27,24730,24730,75,24736.4,75,0,169800
NIFTY-III.NFO,02/05/2025,09:16:28,24730,24730,75,24736.1,75,0,169800
NIFTY-III.NFO,02/05/2025,09:16:32,24730,24730,75,24737.3,75,0,169800
NIFTY-III.NFO,02/05/2025,09:16:33,24730,24725.1,150,24735.9,75,75,169800
NIFTY-III.NFO,02/05/2025,09:16:35,24735.6,24725.5,75,24735.9,75,75,169800
NIFTY-III.NFO,02/05/2025,09:16:37,24735.6,24727.4,150,24736,150,0,169800
NIFTY-III.NFO,02/05/2025,09:16:38,24730,24732,150,24736,75,75,169800
NIFTY-III.NFO,02/05/2025,09:16:40,24730,24730.7,150,24736,75,0,169800
NIFTY-III.NFO,02/05/2025,09:16:43,24730,24729.8,75,24736,150,0,169800
NIFTY-III.NFO,02/05/2025,09:16:45,24730,24730.4,75,24736,150,0,169800
NIFTY-III.NFO,02/05/2025,09:16:47,24730,24730.3,75,24736,150,0,169800
NIFTY-III.NFO,02/05/2025,09:16:48,24730,24731.5,75,24736,150,0,169800
NIFTY-III.NFO,02/05/2025,09:16:50,24730,24732.3,150,24736,150,0,169800
NIFTY-III.NFO,02/05/2025,09:16:52,24732.9,24733.7,75,24736,150,75,169800
NIFTY-III.NFO,02/05/2025,09:16:53,24737,24735.5,75,24746.2,75,225,169800
NIFTY-III.NFO,02/05/2025,09:16:55,24737,24738.4,225,24748,150,0,169800
NIFTY-III.NFO,02/05/2025,09:16:57,24737,24737.4,450,24747.9,150,0,169800
NIFTY-III.NFO,02/05/2025,09:16:58,24737,24737.8,75,24747.9,150,0,169800
NIFTY-III.NFO,02/05/2025,09:17:00,24737,24734,150,24742.8,75,0,169800
NIFTY-III.NFO,02/05/2025,09:17:02,24737.6,24736.8,525,24747.2,75,75,169800
NIFTY-III.NFO,02/05/2025,09:17:03,24737.6,24739,75,24747.8,75,0,169800
NIFTY-III.NFO,02/05/2025,09:17:05,24737.6,24740.3,75,24748,75,0,169800
NIFTY-III.NFO,02/05/2025,09:17:07,24748,24745.2,75,24749,225,75,169800
NIFTY-III.NFO,02/05/2025,09:17:08,24748,24744.2,375,24749,225,0,169800
NIFTY-III.NFO,02/05/2025,09:17:10,24748,24742.9,75,24749,225,0,169800
NIFTY-III.NFO,02/05/2025,09:17:12,24748,24744,75,24749,225,0,169800
NIFTY-III.NFO,02/05/2025,09:17:13,24748,24746.2,150,24749,225,0,169800
NIFTY-III.NFO,02/05/2025,09:17:15,24750,24751.6,150,24759.9,150,1575,169800
NIFTY-III.NFO,02/05/2025,09:17:17,24750,24755.4,225,24760,75,0,169800
NIFTY-III.NFO,02/05/2025,09:17:18,24750,24752,75,24760,150,0,169800
NIFTY-III.NFO,02/05/2025,09:17:20,24750,24755.4,225,24760,75,0,169800
NIFTY-III.NFO,02/05/2025,09:17:22,24755,24754.2,375,24760,75,75,169800
NIFTY-III.NFO,02/05/2025,09:17:22,24755,24754.2,375,24760,75,0,169800
NIFTY-III.NFO,02/05/2025,09:17:23,24755,24751.3,375,24759.9,150,0,169800
NIFTY-III.NFO,02/05/2025,09:17:25,24755,24753.8,150,24760,75,0,169800
NIFTY-III.NFO,02/05/2025,09:17:27,24755,24755.3,375,24760,75,75,169800
NIFTY-III.NFO,02/05/2025,09:17:28,24755,24755.6,75,24760,75,0,169800
NIFTY-III.NFO,02/05/2025,09:17:30,24756.3,24754.7,75,24760,75,150,169800
NIFTY-III.NFO,02/05/2025,09:17:30,24756.3,24754.7,75,24760,75,0,169800
NIFTY-III.NFO,02/05/2025,09:17:32,24756.3,24752.2,150,24760,150,0,169800
NIFTY-III.NFO,02/05/2025,09:17:33,24756.3,24754.5,225,24760,75,0,169800
NIFTY-III.NFO,02/05/2025,09:17:35,24755,24754.8,375,24760,75,300,169800
NIFTY-III.NFO,02/05/2025,09:17:37,24755,24755.1,75,24760,150,0,169800
NIFTY-III.NFO,02/05/2025,09:17:38,24755,24751.1,75,24755,150,0,169800
NIFTY-III.NFO,02/05/2025,09:17:40,24755,24752.2,375,24759.9,150,150,169800
NIFTY-III.NFO,02/05/2025,09:17:41,24755,24750.9,450,24759.9,150,0,169800
NIFTY-III.NFO,02/05/2025,09:17:43,24755,24750.1,450,24759.9,150,0,169800
NIFTY-III.NFO,02/05/2025,09:17:45,24755,24751.9,375,24759.9,150,0,169800
NIFTY-III.NFO,02/05/2025,09:17:46,24755,24751.1,75,24759.9,150,0,169800
NIFTY-III.NFO,02/05/2025,09:17:48,24755,24750.2,75,24759.9,150,0,169800
NIFTY-III.NFO,02/05/2025,09:17:50,24755,24750.5,75,24759.9,150,0,169800
NIFTY-III.NFO,02/05/2025,09:17:51,24755,24749.6,75,24759.9,150,0,169800
NIFTY-III.NFO,02/05/2025,09:17:53,24755,24745.4,75,24759.7,75,0,169800
NIFTY-III.NFO,02/05/2025,09:17:55,24755,24747.3,75,24759.8,75,0,169800
NIFTY-III.NFO,02/05/2025,09:17:56,24755,24748,450,24755,75,0,169800
NIFTY-III.NFO,02/05/2025,09:17:58,24749.1,24750.9,375,24755,75,75,169800
NIFTY-III.NFO,02/05/2025,09:18:00,24749.1,24751.9,375,24755,75,0,169800
NIFTY-III.NFO,02/05/2025,09:18:01,24749.1,24750.1,75,24755,75,0,169800
NIFTY-III.NFO,02/05/2025,09:18:03,24749.1,24753.6,375,24755,75,0,169800
NIFTY-III.NFO,02/05/2025,09:18:05,24753.7,24755,75,24759.9,150,150,169800
NIFTY-III.NFO,02/05/2025,09:18:06,24753.7,24755,75,24759.9,150,0,169800
NIFTY-III.NFO,02/05/2025,09:18:10,24753.7,24755,150,24759.9,150,0,169800
NIFTY-III.NFO,02/05/2025,09:18:11,24755,24755,75,24759.9,150,75,169800
NIFTY-III.NFO,02/05/2025,09:18:13,24755,24746.2,75,24753.6,150,75,169800
NIFTY-III.NFO,02/05/2025,09:18:15,24755,24748.6,375,24753.7,75,0,169800
NIFTY-III.NFO,02/05/2025,09:18:16,24755,24748.1,300,24753.7,75,0,169800
NIFTY-III.NFO,02/05/2025,09:18:18,24755,24747.6,300,24753.7,150,0,169800
NIFTY-III.NFO,02/05/2025,09:18:20,24755,24748.5,375,24753.7,75,0,169800
NIFTY-III.NFO,02/05/2025,09:18:21,24755,24747.3,75,24753.6,150,0,169800
NIFTY-III.NFO,02/05/2025,09:18:23,24755,24745.9,375,24753.6,150,0,169800
NIFTY-III.NFO,02/05/2025,09:18:25,24742.8,24744.2,450,24753.6,150,75,170475
NIFTY-III.NFO,02/05/2025,09:18:26,24742.8,24745,375,24753.6,150,0,170475
NIFTY-III.NFO,02/05/2025,09:18:28,24742.8,24744.9,375,24753.6,150,0,170475
NIFTY-III.NFO,02/05/2025,09:18:30,24742.8,24743.6,450,24753.6,150,0,170475
NIFTY-III.NFO,02/05/2025,09:18:31,24742.8,24744.1,150,24753.6,150,0,170475
NIFTY-III.NFO,02/05/2025,09:18:33,24742.8,24748.6,375,24753.7,75,0,170475
NIFTY-III.NFO,02/05/2025,09:18:35,24742.8,24746.4,75,24753.6,75,0,170475
NIFTY-III.NFO,02/05/2025,09:18:36,24742.8,24743.7,150,24753.6,75,0,170475
NIFTY-III.NFO,02/05/2025,09:18:38,24742.8,24744.2,75,24753.6,75,0,170475
NIFTY-III.NFO,02/05/2025,09:18:41,24742.8,24744.4,75,24753.6,75,0,170475
NIFTY-III.NFO,02/05/2025,09:18:45,24742.8,24743,150,24753.6,75,0,170475
NIFTY-III.NFO,02/05/2025,09:18:46,24742.8,24744.4,75,24753.6,75,0,170475
NIFTY-III.NFO,02/05/2025,09:18:48,24742.8,24749.4,375,24753.7,75,0,170475
NIFTY-III.NFO,02/05/2025,09:18:50,24748.2,24747.2,75,24753.7,75,75,170475
NIFTY-III.NFO,02/05/2025,09:18:53,24748.2,24744.6,300,24748,75,0,170475
NIFTY-III.NFO,02/05/2025,09:18:55,24748.2,24744.5,450,24748,75,0,170475
NIFTY-III.NFO,02/05/2025,09:18:56,24748.2,24744.1,75,24748,75,0,170475
NIFTY-III.NFO,02/05/2025,09:19:00,24748.2,24742.8,75,24748,75,0,170475
NIFTY-III.NFO,02/05/2025,09:19:01,24748.2,24742.8,75,24747.9,150,0,170475
NIFTY-III.NFO,02/05/2025,09:19:03,24748.2,24742.8,75,24747.9,75,0,170475
NIFTY-III.NFO,02/05/2025,09:19:05,24748.2,24742.8,75,24748,75,0,170475
NIFTY-III.NFO,02/05/2025,09:19:06,24748.2,24742.8,75,24747.8,75,0,170475
NIFTY-III.NFO,02/05/2025,09:19:11,24748.2,24742.8,75,24747.9,150,0,170475
NIFTY-III.NFO,02/05/2025,09:19:15,24742.8,24744.5,375,24748.2,150,75,170475
NIFTY-III.NFO,02/05/2025,09:19:16,24742.8,24742.7,75,24748.2,150,0,170475
NIFTY-III.NFO,02/05/2025,09:19:18,24742.8,24743,75,24745,75,0,170475
NIFTY-III.NFO,02/05/2025,09:19:20,24745,24742.2,75,24748.2,150,75,170475
NIFTY-III.NFO,02/05/2025,09:19:21,24745,24740.2,450,24748.2,225,0,170475
NIFTY-III.NFO,02/05/2025,09:19:23,24745,24740.2,75,24748.2,150,0,170475
NIFTY-III.NFO,02/05/2025,09:19:25,24745,24739,150,24748.1,150,0,170475
NIFTY-III.NFO,02/05/2025,09:19:26,24745,24740.1,150,24748,75,0,170475
NIFTY-III.NFO,02/05/2025,09:19:28,24745,24740.4,75,24748,75,0,170475
NIFTY-III.NFO,02/05/2025,09:19:30,24745,24740.9,150,24748.2,225,0,170475
NIFTY-III.NFO,02/05/2025,09:19:31,24745,24741.2,150,24748.2,150,0,170475
NIFTY-III.NFO,02/05/2025,09:19:33,24745,24743.2,150,24748.2,150,0,170475
NIFTY-III.NFO,02/05/2025,09:19:35,24745,24744.8,150,24748.2,150,375,170475
NIFTY-III.NFO,02/05/2025,09:19:36,24745,24745.8,300,24748.2,150,0,170475
NIFTY-III.NFO,02/05/2025,09:19:38,24745,24745.6,75,24748.2,150,0,170475
NIFTY-III.NFO,02/05/2025,09:19:40,24748.2,24743.9,150,24748.2,75,75,170475
NIFTY-III.NFO,02/05/2025,09:19:41,24748.2,24747,75,24748.2,75,0,170475
NIFTY-III.NFO,02/05/2025,09:19:45,24748.2,24745.7,75,24750,225,75,170475
NIFTY-III.NFO,02/05/2025,09:19:48,24748.2,24745.7,75,24750,225,0,170475
NIFTY-III.NFO,02/05/2025,09:19:50,24748.2,24745.5,75,24745.7,75,0,170475
NIFTY-III.NFO,02/05/2025,09:19:51,24748.2,24739.7,75,24745.7,75,0,170475
NIFTY-III.NFO,02/05/2025,09:19:53,24748.2,24738.5,75,24745.7,75,0,170475
NIFTY-III.NFO,02/05/2025,09:19:55,24748.2,24737.1,75,24745.6,150,0,170475
NIFTY-III.NFO,02/05/2025,09:19:56,24748.2,24736.7,150,24745.6,150,0,170475
NIFTY-III.NFO,02/05/2025,09:19:58,24748.2,24734.8,150,24745.6,150,0,170475
NIFTY-III.NFO,02/05/2025,09:20:00,24748.2,24735,450,24745.2,75,0,170475
NIFTY-III.NFO,02/05/2025,09:20:01,24748.2,24737.2,450,24745.6,150,0,170475
NIFTY-III.NFO,02/05/2025,09:20:03,24748.2,24741.7,375,24745.7,75,0,170475
NIFTY-III.NFO,02/05/2025,09:20:05,24745.7,24746.8,375,24750,225,75,170475
NIFTY-III.NFO,02/05/2025,09:20:06,24745.7,24749.8,75,24750,225,0,170475
NIFTY-III.NFO,02/05/2025,09:20:08,24745.7,24748.6,150,24750,225,0,170475
NIFTY-III.NFO,02/05/2025,09:20:10,24745.7,24749.8,75,24750,225,0,170475
NIFTY-III.NFO,02/05/2025,09:20:11,24745.7,24745.8,150,24750,225,0,170475
NIFTY-III.NFO,02/05/2025,09:20:13,24745.7,24744.9,450,24750,225,0,170475
NIFTY-III.NFO,02/05/2025,09:20:15,24745.7,24740.5,75,24749.9,150,0,170475
NIFTY-III.NFO,02/05/2025,09:20:16,24745.7,24740.5,75,24749.8,75,0,170475
NIFTY-III.NFO,02/05/2025,09:20:18,24745.7,24741.6,375,24749.8,75,0,170475
NIFTY-III.NFO,02/05/2025,09:20:20,24745.7,24740.5,375,24745.7,75,0,170475
NIFTY-III.NFO,02/05/2025,09:20:21,24745.7,24736.8,375,24745.6,150,0,170475
NIFTY-III.NFO,02/05/2025,09:20:23,24745.7,24742.7,375,24745.7,75,0,170475
NIFTY-III.NFO,02/05/2025,09:20:25,24745.7,24742.9,75,24749.9,150,150,170475
NIFTY-III.NFO,02/05/2025,09:20:26,24745.7,24742.9,75,24749.9,150,0,170475
NIFTY-III.NFO,02/05/2025,09:20:28,24745.7,24743,375,24749.9,75,0,170475
NIFTY-III.NFO,02/05/2025,09:20:31,24745.7,24741.2,75,24749.9,75,0,170475
NIFTY-III.NFO,02/05/2025,09:20:33,24745.7,24742.8,225,24750,375,0,170475
NIFTY-III.NFO,02/05/2025,09:20:35,24745.7,24742.8,375,24750,450,0,170475
NIFTY-III.NFO,02/05/2025,09:20:36,24745.7,24740.8,75,24749.9,75,0,170475
NIFTY-III.NFO,02/05/2025,09:20:38,24745.7,24737.3,75,24748.8,75,0,170475
NIFTY-III.NFO,02/05/2025,09:20:40,24745.7,24738.4,450,24748.8,75,0,170475
NIFTY-III.NFO,02/05/2025,09:20:41,24745.7,24736.9,75,24744.9,75,0,170475
NIFTY-III.NFO,02/05/2025,09:20:43,24745.7,24735,450,24744.9,75,0,170475
NIFTY-III.NFO,02/05/2025,09:20:45,24745.7,24735.1,75,24743.6,75,0,170475
NIFTY-III.NFO,02/05/2025,09:20:46,24745.7,24735.4,75,24740,75,0,170475
NIFTY-III.NFO,02/05/2025,09:20:48,24745.7,24736.1,75,24744.1,75,0,170475
NIFTY-III.NFO,02/05/2025,09:20:50,24745.7,24737.9,375,24740,75,0,170475
NIFTY-III.NFO,02/05/2025,09:20:51,24745.7,24736.1,75,24740,75,0,170475
NIFTY-III.NFO,02/05/2025,09:20:53,24738.7,24739.2,675,24740,75,75,170475
NIFTY-III.NFO,02/05/2025,09:20:55,24740,24739.9,75,24749.3,75,75,170475
NIFTY-III.NFO,02/05/2025,09:20:56,24740,24737.4,150,24747.6,75,0,170475
NIFTY-III.NFO,02/05/2025,09:20:58,24740,24739.4,75,24748.6,75,0,170475
NIFTY-III.NFO,02/05/2025,09:21:00,24740,24739.5,450,24748.6,75,0,170475
NIFTY-III.NFO,02/05/2025,09:21:01,24740,24743.6,150,24750,375,0,170475
NIFTY-III.NFO,02/05/2025,09:21:03,24740,24743.5,375,24750,600,0,170475
NIFTY-III.NFO,02/05/2025,09:21:05,24740,24743.5,300,24750,525,0,170475
NIFTY-III.NFO,02/05/2025,09:21:06,24740,24744.2,375,24750,1200,0,170475
NIFTY-III.NFO,02/05/2025,09:21:10,24740,24742.9,375,24750,1425,0,170475
NIFTY-III.NFO,02/05/2025,09:21:11,24755,24753.4,75,24756,225,1575,170475
NIFTY-III.NFO,02/05/2025,09:21:13,24755,24750.9,75,24756,225,0,170475
NIFTY-III.NFO,02/05/2025,09:21:15,24755,24746.6,450,24755.7,75,0,170475
NIFTY-III.NFO,02/05/2025,09:21:17,24755,24748.4,450,24756,300,0,170475
NIFTY-III.NFO,02/05/2025,09:21:18,24755,24749.1,375,24756,300,0,170475
NIFTY-III.NFO,02/05/2025,09:21:20,24755,24748.7,150,24756,225,0,170475
NIFTY-III.NFO,02/05/2025,09:21:22,24755,24750,375,24756,225,0,170475
NIFTY-III.NFO,02/05/2025,09:21:23,24755,24749.1,75,24755.9,75,75,172200
NIFTY-III.NFO,02/05/2025,09:21:25,24755,24746.1,75,24754.9,75,0,172200
NIFTY-III.NFO,02/05/2025,09:21:27,24755,24746.1,75,24754.3,75,0,172200
NIFTY-III.NFO,02/05/2025,09:21:28,24754.3,24746,150,24754.3,75,75,172200
NIFTY-III.NFO,02/05/2025,09:21:30,24754.3,24748,75,24755,150,0,172200
NIFTY-III.NFO,02/05/2025,09:21:32,24754.3,24748.1,75,24755,150,0,172200
NIFTY-III.NFO,02/05/2025,09:21:33,24754.3,24748.3,75,24755,150,0,172200
NIFTY-III.NFO,02/05/2025,09:21:37,24754.3,24745.7,150,24754.9,75,0,172200
NIFTY-III.NFO,02/05/2025,09:21:38,24754.3,24742.1,75,24753.3,150,0,172200
NIFTY-III.NFO,02/05/2025,09:21:40,24754.3,24738.6,150,24749.8,450,0,172200
NIFTY-III.NFO,02/05/2025,09:21:42,24754.3,24736,450,24746.2,75,0,172200
NIFTY-III.NFO,02/05/2025,09:21:43,24754.3,24736,375,24741.4,75,0,172200
NIFTY-III.NFO,02/05/2025,09:21:45,24754.3,24736,375,24741,75,0,172200
NIFTY-III.NFO,02/05/2025,09:21:47,24754.3,24736,375,24739.9,75,0,172200
NIFTY-III.NFO,02/05/2025,09:21:48,24736,24728.8,450,24739,75,375,172200
NIFTY-III.NFO,02/05/2025,09:21:50,24736,24727.9,150,24736.5,75,0,172200
NIFTY-III.NFO,02/05/2025,09:21:52,24736,24725.3,450,24736.5,75,0,172200
NIFTY-III.NFO,02/05/2025,09:21:53,24736,24728.1,150,24737.3,75,0,172200
NIFTY-III.NFO,02/05/2025,09:21:55,24736,24728.9,75,24738.3,75,0,172200
NIFTY-III.NFO,02/05/2025,09:21:57,24736,24732.9,75,24741.9,75,0,172200
NIFTY-III.NFO,02/05/2025,09:21:58,24736,24737,75,24745.7,75,0,172200
NIFTY-III.NFO,02/05/2025,09:22:00,24736,24731.1,150,24743.9,75,0,172200
NIFTY-III.NFO,02/05/2025,09:22:02,24736,24728.5,75,24739.1,75,0,172200
NIFTY-III.NFO,02/05/2025,09:22:03,24736,24726.1,150,24735.9,150,0,172200
NIFTY-III.NFO,02/05/2025,09:22:05,24736,24724.2,75,24734.4,75,0,172200
NIFTY-III.NFO,02/05/2025,09:22:07,24736,24724.5,75,24735.4,75,0,172200
NIFTY-III.NFO,02/05/2025,09:22:08,24736,24725.2,150,24735.1,75,0,172200
NIFTY-III.NFO,02/05/2025,09:22:10,24736,24722.7,150,24734.2,75,0,172200
NIFTY-III.NFO,02/05/2025,09:22:12,24736,24724.6,150,24734.2,75,0,172200
NIFTY-III.NFO,02/05/2025,09:22:13,24736,24724.9,150,24734.8,75,0,172200
NIFTY-III.NFO,02/05/2025,09:22:15,24736,24723,150,24733.5,150,0,172200
NIFTY-III.NFO,02/05/2025,09:22:17,24736,24723.3,150,24732.5,75,0,172200
NIFTY-III.NFO,02/05/2025,09:22:18,24736,24727.7,150,24735.8,75,0,172200
NIFTY-III.NFO,02/05/2025,09:22:20,24736,24731,75,24736,225,0,172200
NIFTY-III.NFO,02/05/2025,09:22:22,24736,24732.1,75,24736,225,0,172200
NIFTY-III.NFO,02/05/2025,09:22:23,24736,24734.5,150,24736,225,0,172200
NIFTY-III.NFO,02/05/2025,09:22:25,24736,24733.5,150,24744.6,75,225,172200
NIFTY-III.NFO,02/05/2025,09:22:27,24736,24732.3,75,24743.4,150,0,172200
NIFTY-III.NFO,02/05/2025,09:22:28,24736,24736.1,75,24743.4,75,0,172200
NIFTY-III.NFO,02/05/2025,09:22:30,24736,24736.1,75,24744.2,450,0,172200
NIFTY-III.NFO,02/05/2025,09:22:31,24736,24736,75,24741.1,525,0,172200
NIFTY-III.NFO,02/05/2025,09:22:33,24736,24736,75,24739.5,75,0,172200
NIFTY-III.NFO,02/05/2025,09:22:35,24736,24728.8,150,24730,75,75,172200
NIFTY-III.NFO,02/05/2025,09:22:36,24730,24729.9,450,24739.5,75,75,172200
NIFTY-III.NFO,02/05/2025,09:22:38,24730,24732.1,450,24736,75,0,172200
NIFTY-III.NFO,02/05/2025,09:22:40,24736,24736,450,24744,75,75,172200
NIFTY-III.NFO,02/05/2025,09:22:41,24736,24734.4,75,24743.9,75,0,172200
NIFTY-III.NFO,02/05/2025,09:22:43,24736,24734.2,75,24743.7,75,0,172200
NIFTY-III.NFO,02/05/2025,09:22:45,24736,24733.2,600,24743.7,75,0,172200
NIFTY-III.NFO,02/05/2025,09:22:46,24736,24736.9,450,24744,150,0,172200
NIFTY-III.NFO,02/05/2025,09:22:48,24736,24734.9,450,24744,150,0,172200
NIFTY-III.NFO,02/05/2025,09:22:50,24736,24735.1,450,24744,75,0,172200
NIFTY-III.NFO,02/05/2025,09:22:51,24736,24740.3,450,24744,75,0,172200
NIFTY-III.NFO,02/05/2025,09:22:53,24736,24737.2,450,24744,75,0,172200
NIFTY-III.NFO,02/05/2025,09:22:55,24736,24738.3,450,24744,75,0,172200
NIFTY-III.NFO,02/05/2025,09:22:56,24736,24738.4,450,24744,75,0,172200
NIFTY-III.NFO,02/05/2025,09:22:58,24736,24735.4,75,24743.9,75,0,172200
NIFTY-III.NFO,02/05/2025,09:23:00,24736,24728.5,75,24739.4,75,0,172200
NIFTY-III.NFO,02/05/2025,09:23:01,24736,24726.4,75,24738,450,0,172200
NIFTY-III.NFO,02/05/2025,09:23:03,24736,24725.6,75,24736.5,75,0,172200
NIFTY-III.NFO,02/05/2025,09:23:05,24736,24724.4,450,24734,75,0,172200
NIFTY-III.NFO,02/05/2025,09:23:06,24736,24723.8,450,24733.2,75,0,172200
NIFTY-III.NFO,02/05/2025,09:23:08,24736,24722.6,450,24733.2,75,0,172200
NIFTY-III.NFO,02/05/2025,09:23:10,24723.8,24724.6,450,24733.2,75,75,172200
NIFTY-III.NFO,02/05/2025,09:23:11,24723.8,24723.7,450,24733.2,75,0,172200
NIFTY-III.NFO,02/05/2025,09:23:13,24723.8,24723.7,450,24731.6,75,0,172200
NIFTY-III.NFO,02/05/2025,09:23:14,24723.8,24722.4,75,24732.7,75,0,172200
NIFTY-III.NFO,02/05/2025,09:23:16,24723.8,24720.8,150,24730,75,0,172200
NIFTY-III.NFO,02/05/2025,09:23:18,24723.8,24722.7,75,24731,75,0,172200
NIFTY-III.NFO,02/05/2025,09:23:19,24723.8,24720.9,75,24730.4,450,0,172200
NIFTY-III.NFO,02/05/2025,09:23:21,24723.8,24720.2,450,24728.9,75,0,172200
NIFTY-III.NFO,02/05/2025,09:23:23,24723.8,24719.4,75,24728.9,75,0,172200
NIFTY-III.NFO,02/05/2025,09:23:24,24723.8,24718.8,150,24728.9,75,0,172200
NIFTY-III.NFO,02/05/2025,09:23:26,24723.8,24719,150,24728.9,75,0,172200
NIFTY-III.NFO,02/05/2025,09:23:28,24728.9,24723,75,24729.7,75,75,172200
NIFTY-III.NFO,02/05/2025,09:23:29,24728.9,24726,75,24735,75,0,172200
NIFTY-III.NFO,02/05/2025,09:23:31,24728.9,24726,75,24736,75,0,172200
NIFTY-III.NFO,02/05/2025,09:23:33,24728.9,24724.8,75,24735,75,0,172200
NIFTY-III.NFO,02/05/2025,09:23:34,24728.9,24723.5,75,24733.6,75,0,172200
NIFTY-III.NFO,02/05/2025,09:23:36,24728.9,24723.3,75,24729,75,0,172200
NIFTY-III.NFO,02/05/2025,09:23:38,24728.9,24725.4,150,24729,75,0,172200
NIFTY-III.NFO,02/05/2025,09:23:40,24728.9,24726.8,150,24729,75,0,172200
NIFTY-III.NFO,02/05/2025,09:23:41,24729,24732.4,75,24741.6,75,75,172200
NIFTY-III.NFO,02/05/2025,09:23:43,24729,24732.9,150,24742.9,150,0,172200
NIFTY-III.NFO,02/05/2025,09:23:45,24732.9,24731,150,24741.6,75,75,172200
NIFTY-III.NFO,02/05/2025,09:23:46,24732.9,24732.9,75,24742.8,75,0,172200
NIFTY-III.NFO,02/05/2025,09:23:48,24732.9,24734,375,24742.9,75,0,172200
NIFTY-III.NFO,02/05/2025,09:23:50,24732.9,24735.5,375,24743,150,0,172200
NIFTY-III.NFO,02/05/2025,09:23:51,24732.9,24735.8,150,24743,150,0,172200
NIFTY-III.NFO,02/05/2025,09:23:53,24732.9,24738,375,24743,75,0,172200
NIFTY-III.NFO,02/05/2025,09:23:55,24732.9,24739.1,300,24743,75,0,172200
NIFTY-III.NFO,02/05/2025,09:23:56,24732.9,24742.7,300,24743,75,0,172200
NIFTY-III.NFO,02/05/2025,09:23:58,24743,24740.9,75,24744,75,75,172200
NIFTY-III.NFO,02/05/2025,09:24:00,24743,24742.6,225,24744,75,0,172200
NIFTY-III.NFO,02/05/2025,09:24:01,24744,24741.1,75,24745.7,75,75,172200
NIFTY-III.NFO,02/05/2025,09:24:03,24744,24741.8,150,24745.7,75,0,172200
NIFTY-III.NFO,02/05/2025,09:24:05,24744,24741.6,150,24745.7,75,0,172200
NIFTY-III.NFO,02/05/2025,09:24:06,24744,24740.6,150,24745.7,150,0,172200
NIFTY-III.NFO,02/05/2025,09:24:08,24744,24741.1,75,24745.7,150,0,172200
NIFTY-III.NFO,02/05/2025,09:24:13,24744,24741.7,75,24745.7,150,0,172200
NIFTY-III.NFO,02/05/2025,09:24:14,24744,24739.3,75,24745.6,150,0,172200
NIFTY-III.NFO,02/05/2025,09:24:16,24744,24735.3,75,24743.1,75,0,172200
NIFTY-III.NFO,02/05/2025,09:24:18,24744,24731.1,150,24742.2,75,0,172200
NIFTY-III.NFO,02/05/2025,09:24:19,24744,24732.8,225,24742.2,75,0,172200
NIFTY-III.NFO,02/05/2025,09:24:21,24744,24735.2,300,24744.9,75,0,172200
NIFTY-III.NFO,02/05/2025,09:24:23,24744,24739.3,225,24745.7,150,0,172200
NIFTY-III.NFO,02/05/2025,09:24:24,24744,24740.6,225,24745.7,150,0,172200
NIFTY-III.NFO,02/05/2025,09:24:26,24744,24738.6,150,24745.7,150,0,172200
NIFTY-III.NFO,02/05/2025,09:24:28,24744,24739.2,300,24745.7,150,0,172200
NIFTY-III.NFO,02/05/2025,09:24:29,24744,24739.7,225,24745.7,150,0,172200
NIFTY-III.NFO,02/05/2025,09:24:31,24744,24741.9,225,24745.7,150,0,172200
NIFTY-III.NFO,02/05/2025,09:24:33,24744,24741.2,75,24745.7,150,0,172200
NIFTY-III.NFO,02/05/2025,09:24:36,24744,24739.6,75,24745.7,225,0,172200
NIFTY-III.NFO,02/05/2025,09:24:38,24744,24738.2,75,24745.6,150,0,172200
NIFTY-III.NFO,02/05/2025,09:24:39,24745.7,24739.7,150,24745.7,75,75,172125
NIFTY-III.NFO,02/05/2025,09:24:41,24745.7,24736.2,150,24745.3,75,0,172125
NIFTY-III.NFO,02/05/2025,09:24:43,24745.7,24738.2,75,24745.7,150,0,172125
NIFTY-III.NFO,02/05/2025,09:24:44,24745.7,24737.3,150,24745.7,150,0,172125
NIFTY-III.NFO,02/05/2025,09:24:46,24745.7,24739.1,150,24745.7,75,0,172125
NIFTY-III.NFO,02/05/2025,09:24:48,24745.7,24739.9,150,24745.7,75,0,172125
NIFTY-III.NFO,02/05/2025,09:24:49,24745.7,24739.9,75,24745.7,75,0,172125
NIFTY-III.NFO,02/05/2025,09:24:51,24745.7,24735.3,75,24744.5,75,0,172125
NIFTY-III.NFO,02/05/2025,09:24:53,24745.7,24735.3,75,24743.2,150,0,172125
NIFTY-III.NFO,02/05/2025,09:24:54,24745.7,24731,75,24738.5,75,0,172125
NIFTY-III.NFO,02/05/2025,09:24:56,24745.7,24727.2,450,24737.2,75,0,172125
NIFTY-III.NFO,02/05/2025,09:24:58,24745.7,24728.7,450,24738.5,75,0,172125
NIFTY-III.NFO,02/05/2025,09:24:59,24745.7,24726.2,75,24736.7,75,0,172125
NIFTY-III.NFO,02/05/2025,09:25:01,24745.7,24728.7,450,24736.7,75,0,172125
NIFTY-III.NFO,02/05/2025,09:25:03,24745.7,24728.8,75,24736.5,75,0,172125
NIFTY-III.NFO,02/05/2025,09:25:04,24745.7,24729.5,450,24738.6,75,0,172125
NIFTY-III.NFO,02/05/2025,09:25:06,24745.7,24729.6,150,24738.4,75,0,172125
NIFTY-III.NFO,02/05/2025,09:25:08,24745.7,24729,150,24738.4,75,0,172125
NIFTY-III.NFO,02/05/2025,09:25:09,24745.7,24731.4,75,24740.2,75,0,172125
NIFTY-III.NFO,02/05/2025,09:25:11,24745.7,24730.9,75,24739.2,75,0,172125
NIFTY-III.NFO,02/05/2025,09:25:13,24745.7,24730.9,75,24737.8,75,0,172125
NIFTY-III.NFO,02/05/2025,09:25:15,24745.7,24730.9,75,24738.1,75,0,172125
NIFTY-III.NFO,02/05/2025,09:25:16,24745.7,24725.8,150,24735.9,75,0,172125
NIFTY-III.NFO,02/05/2025,09:25:18,24745.7,24726.8,75,24736.3,75,0,172125
NIFTY-III.NFO,02/05/2025,09:25:20,24737.3,24729.4,75,24738.5,75,75,172125
NIFTY-III.NFO,02/05/2025,09:25:21,24737.3,24730.4,75,24737.8,450,0,172125
NIFTY-III.NFO,02/05/2025,09:25:23,24737.3,24726,75,24733.1,75,0,172125
NIFTY-III.NFO,02/05/2025,09:25:25,24737.3,24728.8,75,24737.8,75,0,172125
NIFTY-III.NFO,02/05/2025,09:25:26,24737.3,24731,75,24740.7,75,0,172125
NIFTY-III.NFO,02/05/2025,09:25:28,24737.3,24734.3,75,24743.9,75,0,172125
NIFTY-III.NFO,02/05/2025,09:25:30,24737.3,24734.6,75,24743.3,75,0,172125
NIFTY-III.NFO,02/05/2025,09:25:31,24737.3,24734.2,75,24744.2,75,0,172125
NIFTY-III.NFO,02/05/2025,09:25:33,24737.3,24730.7,150,24740.4,75,0,172125
NIFTY-III.NFO,02/05/2025,09:25:35,24737.3,24734,75,24743.3,75,0,172125
NIFTY-III.NFO,02/05/2025,09:25:36,24737.3,24739.3,150,24745.7,225,0,172125
NIFTY-III.NFO,02/05/2025,09:25:38,24737.3,24738.9,150,24745.7,225,0,172125
NIFTY-III.NFO,02/05/2025,09:25:40,24737.3,24740.6,225,24745.7,225,0,172125
NIFTY-III.NFO,02/05/2025,09:25:41,24737.3,24745.5,75,24745.7,225,0,172125
NIFTY-III.NFO,02/05/2025,09:25:43,24745.5,24745.5,75,24745.7,225,75,172125
NIFTY-III.NFO,02/05/2025,09:25:45,24745.5,24745.5,75,24745.7,225,0,172125
NIFTY-III.NFO,02/05/2025,09:25:46,24745.7,24743,75,24745.7,150,75,172125
NIFTY-III.NFO,02/05/2025,09:25:48,24745.7,24743.4,75,24745.7,150,0,172125
NIFTY-III.NFO,02/05/2025,09:25:50,24745.7,24745,150,24750,75,150,172125
NIFTY-III.NFO,02/05/2025,09:25:51,24745.7,24745.2,75,24750,75,0,172125
NIFTY-III.NFO,02/05/2025,09:25:53,24745.7,24744.9,75,24750,75,0,172125
NIFTY-III.NFO,02/05/2025,09:25:55,24745.7,24744.8,150,24750,75,0,172125
NIFTY-III.NFO,02/05/2025,09:25:56,24745.7,24744.2,75,24750,75,0,172125
NIFTY-III.NFO,02/05/2025,09:25:58,24745.7,24743.5,75,24750,75,0,172125
NIFTY-III.NFO,02/05/2025,09:26:00,24745.7,24744.4,150,24750,75,0,172125
NIFTY-III.NFO,02/05/2025,09:26:01,24745.7,24746,75,24750,75,0,172125
NIFTY-III.NFO,02/05/2025,09:26:03,24745.7,24746.4,150,24750,75,0,172125
NIFTY-III.NFO,02/05/2025,09:26:05,24745.7,24748.8,150,24750,75,0,172125
NIFTY-III.NFO,02/05/2025,09:26:06,24750,24748.6,150,24755,75,75,172125
NIFTY-III.NFO,02/05/2025,09:26:08,24750,24752.1,150,24755,75,0,172125
NIFTY-III.NFO,02/05/2025,09:26:10,24750,24747.2,150,24755,150,0,172125
NIFTY-III.NFO,02/05/2025,09:26:11,24750,24750.6,75,24755,75,0,172125
NIFTY-III.NFO,02/05/2025,09:26:13,24750,24750.4,150,24755,75,0,172125
NIFTY-III.NFO,02/05/2025,09:26:16,24756,24757.2,150,24760,300,375,172125
NIFTY-III.NFO,02/05/2025,09:26:18,24756,24757.6,75,24760,300,0,172125
NIFTY-III.NFO,02/05/2025,09:26:19,24756,24756.6,75,24760,300,0,172125
NIFTY-III.NFO,02/05/2025,09:26:21,24756,24756.7,375,24760,225,0,172125
NIFTY-III.NFO,02/05/2025,09:26:24,24764.7,24760.2,75,24765,75,300,172125
NIFTY-III.NFO,02/05/2025,09:26:24,24764.7,24760.2,75,24765,75,0,172125
NIFTY-III.NFO,02/05/2025,09:26:26,24764.7,24760,450,24764.9,150,0,172125
NIFTY-III.NFO,02/05/2025,09:26:28,24767,24761.5,150,24769,75,450,172125
NIFTY-III.NFO,02/05/2025,09:26:28,24767,24761.5,150,24769,75,0,172125
NIFTY-III.NFO,02/05/2025,09:26:29,24767,24763,75,24769,75,0,172125
NIFTY-III.NFO,02/05/2025,09:26:31,24767,24762.2,225,24769,75,0,172125
NIFTY-III.NFO,02/05/2025,09:26:33,24770,24768.9,150,24777,75,225,172125
NIFTY-III.NFO,02/05/2025,09:26:33,24770,24768.9,150,24777,75,0,172125
NIFTY-III.NFO,02/05/2025,09:26:34,24770,24774.9,150,24777,75,0,172125
NIFTY-III.NFO,02/05/2025,09:26:36,24780,24771.7,150,24779.9,150,150,172125
NIFTY-III.NFO,02/05/2025,09:26:36,24780,24771.7,150,24779.9,150,0,172125
NIFTY-III.NFO,02/05/2025,09:26:38,24780,24774.8,150,24783.7,150,225,172125
NIFTY-III.NFO,02/05/2025,09:26:39,24780,24775,225,24783.9,150,0,172125
NIFTY-III.NFO,02/05/2025,09:26:41,24783.9,24778.6,75,24783.9,150,75,172125
NIFTY-III.NFO,02/05/2025,09:26:41,24783.9,24778.6,75,24783.9,150,0,172125
NIFTY-III.NFO,02/05/2025,09:26:43,24783.9,24775.2,75,24783.9,150,0,172125
NIFTY-III.NFO,02/05/2025,09:26:44,24783.9,24778.1,75,24783.9,150,0,172125
NIFTY-III.NFO,02/05/2025,09:26:46,24783.9,24776.7,225,24783.9,150,0,172125
NIFTY-III.NFO,02/05/2025,09:26:48,24783.6,24776.9,75,24783.6,375,150,172125
NIFTY-III.NFO,02/05/2025,09:26:49,24782.9,24771.3,150,24782.7,75,75,172125
NIFTY-III.NFO,02/05/2025,09:26:51,24782.9,24773.9,150,24783.9,150,0,172125
NIFTY-III.NFO,02/05/2025,09:26:53,24782.9,24776.1,150,24783.9,75,0,172125
NIFTY-III.NFO,02/05/2025,09:26:54,24782.9,24777.7,150,24783.9,75,0,172125
NIFTY-III.NFO,02/05/2025,09:26:56,24782.9,24776.2,75,24783,150,0,172125
NIFTY-III.NFO,02/05/2025,09:26:58,24782.9,24779.9,75,24783,150,0,172125
NIFTY-III.NFO,02/05/2025,09:26:59,24782.9,24778.1,225,24783,150,0,172125
NIFTY-III.NFO,02/05/2025,09:27:01,24778.1,24778.2,225,24783,150,75,172125
NIFTY-III.NFO,02/05/2025,09:27:03,24778.1,24778.2,225,24783,150,0,172125
NIFTY-III.NFO,02/05/2025,09:27:04,24780,24778.5,300,24783,150,75,172125
NIFTY-III.NFO,02/05/2025,09:27:06,24780,24778.1,75,24782.9,150,0,172125
NIFTY-III.NFO,02/05/2025,09:27:09,24780,24778.1,75,24783,150,0,172125
NIFTY-III.NFO,02/05/2025,09:27:11,24780,24778.1,75,24782.9,150,0,172125
NIFTY-III.NFO,02/05/2025,09:27:12,24780,24778.1,75,24782.9,75,0,172125
NIFTY-III.NFO,02/05/2025,09:27:14,24780,24779.7,75,24783,150,0,172125
NIFTY-III.NFO,02/05/2025,09:27:16,24780,24782.9,75,24783,150,0,172125
NIFTY-III.NFO,02/05/2025,09:27:17,24782.9,24778.1,75,24783,300,75,172125
NIFTY-III.NFO,02/05/2025,09:27:19,24782.9,24778.1,75,24783,225,0,172125
NIFTY-III.NFO,02/05/2025,09:27:21,24782.9,24778.3,150,24783,225,0,172125
NIFTY-III.NFO,02/05/2025,09:27:22,24782.9,24780,75,24783,300,0,172125
NIFTY-III.NFO,02/05/2025,09:27:24,24780,24778.1,75,24783,225,75,173325
NIFTY-III.NFO,02/05/2025,09:27:26,24783,24778.1,75,24782.2,75,75,173325
NIFTY-III.NFO,02/05/2025,09:27:27,24783,24778.1,75,24783,150,0,173325
NIFTY-III.NFO,02/05/2025,09:27:29,24783,24778.1,75,24782.8,375,0,173325
NIFTY-III.NFO,02/05/2025,09:27:31,24778,24768.5,150,24776.4,450,225,173325
NIFTY-III.NFO,02/05/2025,09:27:32,24778,24769.1,150,24779.9,75,0,173325
NIFTY-III.NFO,02/05/2025,09:27:34,24778,24771.9,75,24781.4,450,0,173325
NIFTY-III.NFO,02/05/2025,09:27:36,24778,24772.6,75,24782.2,450,0,173325
NIFTY-III.NFO,02/05/2025,09:27:37,24778,24772.6,75,24782.4,375,0,173325
NIFTY-III.NFO,02/05/2025,09:27:39,24778,24774.7,225,24783,150,0,173325
NIFTY-III.NFO,02/05/2025,09:27:41,24778,24773.3,150,24783,225,0,173325
NIFTY-III.NFO,02/05/2025,09:27:42,24778,24781.1,225,24783,150,0,173325
NIFTY-III.NFO,02/05/2025,09:27:44,24781.7,24780,225,24783,225,75,173325
NIFTY-III.NFO,02/05/2025,09:27:46,24781.7,24781.1,75,24783,225,0,173325
NIFTY-III.NFO,02/05/2025,09:27:47,24781.7,24779.8,150,24783,150,0,173325
NIFTY-III.NFO,02/05/2025,09:27:49,24781.7,24780.9,225,24783,150,0,173325
NIFTY-III.NFO,02/05/2025,09:27:51,24783,24781,225,24783,75,75,173325
NIFTY-III.NFO,02/05/2025,09:27:53,24783,24781.7,150,24783,75,0,173325
NIFTY-III.NFO,02/05/2025,09:27:54,24783,24778.3,150,24784,75,75,173325
NIFTY-III.NFO,02/05/2025,09:27:56,24783,24779,225,24784,75,0,173325
NIFTY-III.NFO,02/05/2025,09:27:58,24783,24781.6,75,24784,75,0,173325
NIFTY-III.NFO,02/05/2025,09:27:59,24783,24781.1,225,24784,75,0,173325
NIFTY-III.NFO,02/05/2025,09:28:01,24785,24780.9,225,24785,750,150,173325
NIFTY-III.NFO,02/05/2025,09:28:01,24785,24780.9,225,24785,750,0,173325
NIFTY-III.NFO,02/05/2025,09:28:03,24785,24781,150,24785,750,0,173325
NIFTY-III.NFO,02/05/2025,09:28:04,24785,24782,150,24785,750,0,173325
NIFTY-III.NFO,02/05/2025,09:28:06,24785,24780.7,150,24785,750,0,173325
NIFTY-III.NFO,02/05/2025,09:28:08,24785,24781.9,150,24785,750,0,173325
NIFTY-III.NFO,02/05/2025,09:28:09,24785,24781.6,225,24785,750,0,173325
NIFTY-III.NFO,02/05/2025,09:28:11,24785,24783.8,375,24785,750,0,173325
NIFTY-III.NFO,02/05/2025,09:28:13,24785,24781.1,150,24785,750,0,173325
NIFTY-III.NFO,02/05/2025,09:28:14,24785,24782.2,225,24785,750,0,173325
NIFTY-III.NFO,02/05/2025,09:28:16,24785,24781.2,225,24785,750,0,173325
NIFTY-III.NFO,02/05/2025,09:28:18,24785,24782.4,150,24785,750,0,173325
NIFTY-III.NFO,02/05/2025,09:28:19,24785,24783.9,150,24785,750,0,173325
NIFTY-III.NFO,02/05/2025,09:28:21,24785,24785.7,225,24787.9,150,750,173325
NIFTY-III.NFO,02/05/2025,09:28:23,24787.9,24787,75,24787.9,75,75,173325
NIFTY-III.NFO,02/05/2025,09:28:23,24787.9,24787,75,24787.9,75,0,173325
NIFTY-III.NFO,02/05/2025,09:28:24,24790,24785,150,24790,225,225,173325
NIFTY-III.NFO,02/05/2025,09:28:24,24790,24785,150,24790,225,0,173325
NIFTY-III.NFO,02/05/2025,09:28:26,24790,24784.9,75,24790,225,0,173325
NIFTY-III.NFO,02/05/2025,09:28:28,24790,24784.3,225,24790,225,0,173325
NIFTY-III.NFO,02/05/2025,09:28:29,24790,24786,225,24790,225,75,173325
NIFTY-III.NFO,02/05/2025,09:28:31,24790,24786.2,150,24793.9,150,225,173325
NIFTY-III.NFO,02/05/2025,09:28:33,24790,24790.6,225,24794,75,0,173325
NIFTY-III.NFO,02/05/2025,09:28:34,24794,24797.6,225,24799,150,75,173325
NIFTY-III.NFO,02/05/2025,09:28:34,24794,24797.6,225,24799,150,0,173325
NIFTY-III.NFO,02/05/2025,09:28:36,24799.7,24797.7,225,24799.7,75,225,173325
NIFTY-III.NFO,02/05/2025,09:28:36,24799.7,24797.7,225,24799.7,75,0,173325
NIFTY-III.NFO,02/05/2025,09:28:38,24800,24797.9,225,24800,375,825,173325
NIFTY-III.NFO,02/05/2025,09:28:38,24800,24797.9,225,24800,375,0,173325
NIFTY-III.NFO,02/05/2025,09:28:39,24800,24799,225,24800,75,300,173325
NIFTY-III.NFO,02/05/2025,09:28:41,24800,24798.2,150,24803,75,75,173325
NIFTY-III.NFO,02/05/2025,09:28:43,24800.4,24802.8,75,24803,75,525,173325
NIFTY-III.NFO,02/05/2025,09:28:43,24802.8,24802.8,75,24803,75,0,173325
NIFTY-III.NFO,02/05/2025,09:28:44,24803,24797.6,150,24804.9,150,75,173325
NIFTY-III.NFO,02/05/2025,09:28:44,24803,24797.6,150,24804.9,150,0,173325
NIFTY-III.NFO,02/05/2025,09:28:46,24803,24798.2,75,24804.9,150,0,173325
NIFTY-III.NFO,02/05/2025,09:28:48,24803,24800,75,24805,75,75,173325
NIFTY-III.NFO,02/05/2025,09:28:49,24803,24803,75,24805,75,0,173325
NIFTY-III.NFO,02/05/2025,09:28:51,24803,24800.1,150,24805,75,75,173325
NIFTY-III.NFO,02/05/2025,09:28:53,24803,24801.7,75,24805,75,0,173325
NIFTY-III.NFO,02/05/2025,09:28:54,24803,24801.6,75,24803,75,0,173325
NIFTY-III.NFO,02/05/2025,09:28:56,24803,24802.6,150,24805,75,75,173325
NIFTY-III.NFO,02/05/2025,09:28:58,24805,24807.3,150,24808,75,75,173325
NIFTY-III.NFO,02/05/2025,09:28:58,24805,24807.3,150,24808,75,0,173325
NIFTY-III.NFO,02/05/2025,09:28:59,24810,24811,150,24817,75,600,173325
NIFTY-III.NFO,02/05/2025,09:28:59,24810,24811,150,24817,75,0,173325
NIFTY-III.NFO,02/05/2025,09:29:01,24810,24811.9,225,24817,75,0,173325
NIFTY-III.NFO,02/05/2025,09:29:03,24811.5,24813.2,225,24817,75,75,173325
NIFTY-III.NFO,02/05/2025,09:29:03,24811.5,24813.2,225,24817,75,0,173325
NIFTY-III.NFO,02/05/2025,09:29:04,24811.5,24814.7,150,24817,75,0,173325
NIFTY-III.NFO,02/05/2025,09:29:06,24811.5,24815.6,225,24817,75,0,173325
NIFTY-III.NFO,02/05/2025,09:29:08,24820,24818.1,300,24825,75,150,173325
NIFTY-III.NFO,02/05/2025,09:29:08,24820,24818.1,300,24825,75,0,173325
NIFTY-III.NFO,02/05/2025,09:29:09,24820,24819.7,225,24825,75,0,173325
NIFTY-III.NFO,02/05/2025,09:29:11,24820,24816.6,150,24824.9,150,0,173325
NIFTY-III.NFO,02/05/2025,09:29:13,24816.6,24818.1,75,24824.8,75,75,173325
NIFTY-III.NFO,02/05/2025,09:29:14,24816.6,24818.1,75,24824.9,150,0,173325
NIFTY-III.NFO,02/05/2025,09:29:16,24824.9,24817.1,150,24825,150,75,173325
NIFTY-III.NFO,02/05/2025,09:29:16,24824.9,24817.1,150,24825,150,0,173325
NIFTY-III.NFO,02/05/2025,09:29:17,24824.9,24819.8,75,24825,75,0,173325
NIFTY-III.NFO,02/05/2025,09:29:19,24824.9,24813.6,75,24824.9,525,75,173325
NIFTY-III.NFO,02/05/2025,09:29:21,24824.9,24812.7,150,24823.4,75,0,173325
NIFTY-III.NFO,02/05/2025,09:29:22,24824.9,24820,75,24824.9,150,0,173325
NIFTY-III.NFO,02/05/2025,09:29:24,24824.9,24820,75,24824.8,75,0,173325
NIFTY-III.NFO,02/05/2025,09:29:26,24824.8,24820,75,24825,225,75,173325
NIFTY-III.NFO,02/05/2025,09:29:27,24824.8,24820,75,24824.8,75,0,173325
NIFTY-III.NFO,02/05/2025,09:29:29,24824.8,24820.9,150,24824.8,75,0,173325
NIFTY-III.NFO,02/05/2025,09:29:31,24824.8,24820.4,225,24825,150,75,173325
NIFTY-III.NFO,02/05/2025,09:29:32,24824.8,24822.8,150,24825,150,0,173325
NIFTY-III.NFO,02/05/2025,09:29:34,24825,24825.3,75,24835.5,75,150,173325
NIFTY-III.NFO,02/05/2025,09:29:34,24825,24825.3,75,24835.5,75,0,173325
NIFTY-III.NFO,02/05/2025,09:29:36,24825,24826.9,150,24835.8,75,0,173325
NIFTY-III.NFO,02/05/2025,09:29:37,24826.8,24823,75,24825,75,75,173325
NIFTY-III.NFO,02/05/2025,09:29:37,24826.8,24823,75,24825,75,0,173325
NIFTY-III.NFO,02/05/2025,09:29:39,24826.8,24823.3,150,24825,75,0,173325
NIFTY-III.NFO,02/05/2025,09:29:41,24826.8,24821.1,75,24825,75,0,173325
NIFTY-III.NFO,02/05/2025,09:29:42,24824.1,24823.7,75,24827,75,300,173325
NIFTY-III.NFO,02/05/2025,09:29:44,24835.3,24827.3,150,24837.7,75,150,173325
NIFTY-III.NFO,02/05/2025,09:29:44,24835.3,24827.3,150,24837.7,75,0,173325
NIFTY-III.NFO,02/05/2025,09:29:46,24827.3,24826.3,150,24837.6,75,75,173325
NIFTY-III.NFO,02/05/2025,09:29:47,24827.3,24826.5,75,24837.6,75,0,173325
NIFTY-III.NFO,02/05/2025,09:29:49,24827.3,24826.7,150,24837.6,75,0,173325
NIFTY-III.NFO,02/05/2025,09:29:51,24827.3,24827.8,150,24837.6,75,0,173325
NIFTY-III.NFO,02/05/2025,09:29:54,24837.6,24835,75,24837.7,75,75,173325
NIFTY-III.NFO,02/05/2025,09:29:54,24837.6,24835,75,24837.7,75,0,173325
NIFTY-III.NFO,02/05/2025,09:29:56,24835,24826.8,75,24837.7,75,75,173325
NIFTY-III.NFO,02/05/2025,09:29:57,24837.6,24827.1,75,24837.7,75,75,173325
NIFTY-III.NFO,02/05/2025,09:29:59,24837.6,24828.9,75,24837,150,0,173325
NIFTY-III.NFO,02/05/2025,09:30:01,24837.6,24827.9,150,24837,150,0,173325
NIFTY-III.NFO,02/05/2025,09:30:02,24837.6,24825.5,75,24837,150,0,173325
NIFTY-III.NFO,02/05/2025,09:30:04,24826.3,24830,75,24836.9,75,75,173325
NIFTY-III.NFO,02/05/2025,09:30:06,24826.3,24830,75,24836.9,75,0,173325
NIFTY-III.NFO,02/05/2025,09:30:07,24826.3,24830,150,24836.9,150,0,173325
NIFTY-III.NFO,02/05/2025,09:30:09,24836.9,24833.4,75,24837,75,75,173325
NIFTY-III.NFO,02/05/2025,09:30:11,24837,24830.2,75,24839.1,75,150,173325
NIFTY-III.NFO,02/05/2025,09:30:13,24837,24831.1,75,24840,975,0,173325
NIFTY-III.NFO,02/05/2025,09:30:14,24837,24832.9,150,24840,975,0,173325
NIFTY-III.NFO,02/05/2025,09:30:16,24840,24833.2,225,24840,900,75,173325
NIFTY-III.NFO,02/05/2025,09:30:16,24840,24833.2,225,24840,900,0,173325
NIFTY-III.NFO,02/05/2025,09:30:18,24840,24837.1,75,24840,900,0,173325
NIFTY-III.NFO,02/05/2025,09:30:19,24840,24837,150,24840,900,0,173325
NIFTY-III.NFO,02/05/2025,09:30:23,24833.7,24832.3,225,24840,900,300,174825
NIFTY-III.NFO,02/05/2025,09:30:24,24833.7,24835.7,75,24840,900,0,174825
NIFTY-III.NFO,02/05/2025,09:30:26,24840,24838.9,75,24840,825,75,174825
NIFTY-III.NFO,02/05/2025,09:30:28,24840,24837.3,150,24840,825,0,174825
NIFTY-III.NFO,02/05/2025,09:30:29,24837.3,24838.7,150,24840,900,225,174825
NIFTY-III.NFO,02/05/2025,09:30:31,24840,24838.8,375,24840,300,600,174825
NIFTY-III.NFO,02/05/2025,09:30:33,24840,24842.2,150,24845,75,300,174825
NIFTY-III.NFO,02/05/2025,09:30:34,24840,24842.1,75,24845,75,0,174825
NIFTY-III.NFO,02/05/2025,09:30:36,24840,24840.7,225,24845,75,0,174825
NIFTY-III.NFO,02/05/2025,09:30:38,24845,24846.8,75,24847,75,75,174825
NIFTY-III.NFO,02/05/2025,09:30:38,24845,24846.8,75,24847,75,0,174825
NIFTY-III.NFO,02/05/2025,09:30:39,24845,24842.8,75,24847,75,0,174825
NIFTY-III.NFO,02/05/2025,09:30:41,24845,24844.3,225,24847,75,0,174825
NIFTY-III.NFO,02/05/2025,09:30:43,24845,24846.2,150,24847,75,0,174825
NIFTY-III.NFO,02/05/2025,09:30:44,24850.2,24850.4,75,24863,75,1950,174825
NIFTY-III.NFO,02/05/2025,09:30:44,24860,24850.4,75,24863,75,0,174825
NIFTY-III.NFO,02/05/2025,09:30:46,24850.3,24851,75,24866.2,450,75,174825
NIFTY-III.NFO,02/05/2025,09:30:48,24850.3,24860,75,24865.6,75,0,174825
NIFTY-III.NFO,02/05/2025,09:30:49,24850.3,24860,75,24866.5,75,0,174825
NIFTY-III.NFO,02/05/2025,09:30:51,24865.1,24860,75,24867.1,375,75,174825
NIFTY-III.NFO,02/05/2025,09:30:51,24865.1,24860,75,24867.1,375,0,174825
NIFTY-III.NFO,02/05/2025,09:30:53,24860,24857.1,75,24868.2,375,150,174825
NIFTY-III.NFO,02/05/2025,09:30:54,24860,24858.7,225,24871.2,375,0,174825
NIFTY-III.NFO,02/05/2025,09:30:56,24868.6,24854.7,75,24868.6,300,150,174825
NIFTY-III.NFO,02/05/2025,09:30:56,24868.6,24854.7,75,24868.6,300,0,174825
NIFTY-III.NFO,02/05/2025,09:30:58,24868.6,24857.5,75,24869.6,375,0,174825
NIFTY-III.NFO,02/05/2025,09:30:59,24868.6,24859.1,150,24873.5,375,0,174825
NIFTY-III.NFO,02/05/2025,09:31:01,24868.6,24864.7,75,24875,150,0,174825
NIFTY-III.NFO,02/05/2025,09:31:03,24868.6,24870.1,150,24875,150,0,174825
NIFTY-III.NFO,02/05/2025,09:31:04,24875,24870.2,150,24882.7,75,225,174825
NIFTY-III.NFO,02/05/2025,09:31:04,24875,24870.2,150,24882.7,75,0,174825
NIFTY-III.NFO,02/05/2025,09:31:06,24875,24870.1,150,24875,75,0,174825
NIFTY-III.NFO,02/05/2025,09:31:09,24875,24870.1,150,24882.8,75,75,174825
NIFTY-III.NFO,02/05/2025,09:31:11,24875,24870.5,75,24875,75,0,174825
NIFTY-III.NFO,02/05/2025,09:31:13,24875,24880.6,975,24885.7,75,75,174825
NIFTY-III.NFO,02/05/2025,09:31:14,24880.6,24880.6,900,24885.9,75,75,174825
NIFTY-III.NFO,02/05/2025,09:31:14,24880.6,24880.6,900,24885.9,75,0,174825
NIFTY-III.NFO,02/05/2025,09:31:16,24880.6,24870,150,24882.2,75,900,174825
NIFTY-III.NFO,02/05/2025,09:31:18,24880.6,24870,75,24874.7,75,0,174825
NIFTY-III.NFO,02/05/2025,09:31:19,24880.6,24870,75,24875.1,75,0,174825
NIFTY-III.NFO,02/05/2025,09:31:21,24868.3,24860,75,24866.9,75,150,174825
NIFTY-III.NFO,02/05/2025,09:31:23,24863.9,24860,75,24862.8,375,75,174825
NIFTY-III.NFO,02/05/2025,09:31:24,24860,24850.3,150,24859.4,375,75,174825
NIFTY-III.NFO,02/05/2025,09:31:26,24860,24850.4,75,24864.4,375,0,174825
NIFTY-III.NFO,02/05/2025,09:31:28,24860,24851.9,75,24868.4,375,0,174825
NIFTY-III.NFO,02/05/2025,09:31:29,24866.3,24860,75,24866.6,375,75,174825
NIFTY-III.NFO,02/05/2025,09:31:31,24864.5,24855.4,75,24867.1,375,75,174825
NIFTY-III.NFO,02/05/2025,09:31:33,24864.5,24855.4,75,24868.1,375,0,174825
NIFTY-III.NFO,02/05/2025,09:31:34,24864.5,24855.4,75,24866,75,0,174825
NIFTY-III.NFO,02/05/2025,09:31:36,24865.4,24853.8,75,24866,75,150,174825
NIFTY-III.NFO,02/05/2025,09:31:38,24865.4,24853.5,75,24866,75,0,174825
NIFTY-III.NFO,02/05/2025,09:31:39,24865.4,24851.3,75,24863.4,375,0,174825
NIFTY-III.NFO,02/05/2025,09:31:41,24865.4,24851.3,75,24864.8,375,0,174825
NIFTY-III.NFO,02/05/2025,09:31:43,24865.4,24851.3,75,24863.2,375,0,174825
NIFTY-III.NFO,02/05/2025,09:31:44,24865.4,24851.3,75,24862.7,375,0,174825
NIFTY-III.NFO,02/05/2025,09:31:46,24865.4,24850.1,150,24860,75,0,174825
NIFTY-III.NFO,02/05/2025,09:31:53,24865.4,24852.2,150,24860,75,0,174825
NIFTY-III.NFO,02/05/2025,09:31:54,24865.4,24852.5,150,24860,75,0,174825
NIFTY-III.NFO,02/05/2025,09:31:56,24865.4,24852.5,75,24858,75,0,174825
NIFTY-III.NFO,02/05/2025,09:31:58,24865.4,24850.1,150,24858,75,0,174825
NIFTY-III.NFO,02/05/2025,09:32:04,24865.4,24850.2,75,24858,75,0,174825
NIFTY-III.NFO,02/05/2025,09:32:06,24850.1,24850.1,150,24859.9,75,150,174825
NIFTY-III.NFO,02/05/2025,09:32:08,24850.1,24850,150,24859.3,75,0,174825
NIFTY-III.NFO,02/05/2025,09:32:09,24850.1,24850.2,75,24859.9,75,0,174825
NIFTY-III.NFO,02/05/2025,09:32:11,24850.1,24850,75,24857.2,75,0,174825
NIFTY-III.NFO,02/05/2025,09:32:13,24850.1,24850,75,24856.4,75,0,174825
NIFTY-III.NFO,02/05/2025,09:32:14,24850.1,24850,75,24856,450,0,174825
NIFTY-III.NFO,02/05/2025,09:32:16,24850.1,24850,75,24856.2,75,0,174825
NIFTY-III.NFO,02/05/2025,09:32:18,24850.1,24850,75,24856.5,75,75,174825
NIFTY-III.NFO,02/05/2025,09:32:19,24850.1,24850.1,75,24858.2,450,0,174825
NIFTY-III.NFO,02/05/2025,09:32:21,24850.1,24850,75,24856.8,75,75,174825
NIFTY-III.NFO,02/05/2025,09:32:23,24850.1,24850.1,75,24859.9,75,0,174825
NIFTY-III.NFO,02/05/2025,09:32:26,24850.1,24850.1,150,24859.9,75,0,174825
NIFTY-III.NFO,02/05/2025,09:32:28,24850.1,24850,75,24858.4,75,0,174825
NIFTY-III.NFO,02/05/2025,09:32:29,24850.1,24850,75,24856.1,75,0,174825
NIFTY-III.NFO,02/05/2025,09:32:31,24850.1,24850,75,24857.5,75,0,174825
NIFTY-III.NFO,02/05/2025,09:32:33,24850.1,24850.1,75,24857.9,75,0,174825
NIFTY-III.NFO,02/05/2025,09:32:34,24850.1,24850.1,150,24858,75,0,174825
NIFTY-III.NFO,02/05/2025,09:32:36,24850.1,24850.2,75,24858,75,0,174825
NIFTY-III.NFO,02/05/2025,09:32:41,24850.1,24852.4,75,24858,75,0,174825
NIFTY-III.NFO,02/05/2025,09:32:43,24850.1,24853.5,75,24858,75,0,174825
NIFTY-III.NFO,02/05/2025,09:32:44,24850.1,24852.4,150,24858,75,0,174825
NIFTY-III.NFO,02/05/2025,09:32:46,24850.2,24850.1,150,24858,75,75,174825
NIFTY-III.NFO,02/05/2025,09:32:48,24850.2,24850.3,75,24858,75,0,174825
NIFTY-III.NFO,02/05/2025,09:32:49,24850.2,24850.1,150,24858,75,0,174825
NIFTY-III.NFO,02/05/2025,09:32:51,24850.2,24850.1,75,24857.9,75,0,174825
NIFTY-III.NFO,02/05/2025,09:32:53,24850.1,24851,75,24856.1,75,75,174825
NIFTY-III.NFO,02/05/2025,09:32:54,24851,24850.1,75,24857.9,75,75,174825
NIFTY-III.NFO,02/05/2025,09:32:56,24851,24850.1,75,24857.9,75,0,174825
NIFTY-III.NFO,02/05/2025,09:32:58,24851,24850.1,75,24851,150,0,174825
NIFTY-III.NFO,02/05/2025,09:32:59,24851,24850.1,150,24854.1,75,150,174825
NIFTY-III.NFO,02/05/2025,09:33:01,24851,24850.1,225,24854.1,75,0,174825
NIFTY-III.NFO,02/05/2025,09:33:03,24851,24850.8,150,24854.1,75,0,174825
NIFTY-III.NFO,02/05/2025,09:33:04,24850.1,24850.1,75,24854.1,75,150,174825
NIFTY-III.NFO,02/05/2025,09:33:06,24850.1,24851.3,150,24853,75,0,174825
NIFTY-III.NFO,02/05/2025,09:33:08,24853,24853.5,150,24854.1,75,75,174825
NIFTY-III.NFO,02/05/2025,09:33:09,24854.1,24851,75,24858,75,75,174825
NIFTY-III.NFO,02/05/2025,09:33:11,24854.1,24855,225,24858,150,0,174825
NIFTY-III.NFO,02/05/2025,09:33:13,24854.1,24855,225,24857.7,75,0,174825
NIFTY-III.NFO,02/05/2025,09:33:16,24855,24850,225,24857.4,75,225,174825
NIFTY-III.NFO,02/05/2025,09:33:18,24855,24850,225,24857.4,75,0,174825
NIFTY-III.NFO,02/05/2025,09:33:19,24855,24854.1,75,24857.9,75,0,174825
NIFTY-III.NFO,02/05/2025,09:33:21,24855,24854.1,75,24858,150,0,174825
NIFTY-III.NFO,02/05/2025,09:33:22,24855,24854.1,75,24857.9,225,0,174825
NIFTY-III.NFO,02/05/2025,09:33:26,24855,24854.1,75,24857.9,150,0,174825
NIFTY-III.NFO,02/05/2025,09:33:27,24855,24854.1,75,24855,150,0,174825
NIFTY-III.NFO,02/05/2025,09:33:29,24855,24854.1,150,24858,75,150,174600
NIFTY-III.NFO,02/05/2025,09:33:31,24858,24856.9,150,24859.8,75,75,174600
NIFTY-III.NFO,02/05/2025,09:33:32,24858,24856.9,150,24859.8,75,0,174600
NIFTY-III.NFO,02/05/2025,09:33:34,24860,24856.2,75,24865,150,225,174600
NIFTY-III.NFO,02/05/2025,09:33:36,24860,24856.7,75,24865,150,0,174600
NIFTY-III.NFO,02/05/2025,09:33:37,24860,24855,150,24864.2,225,0,174600
NIFTY-III.NFO,02/05/2025,09:33:39,24860,24855,75,24860,75,0,174600
NIFTY-III.NFO,02/05/2025,09:33:41,24860,24855,75,24859.8,75,0,174600
NIFTY-III.NFO,02/05/2025,09:33:42,24860,24855,75,24859.9,75,0,174600
NIFTY-III.NFO,02/05/2025,09:33:44,24860,24855,75,24859.8,75,0,174600
NIFTY-III.NFO,02/05/2025,09:33:46,24860,24857,75,24860,150,0,174600
NIFTY-III.NFO,02/05/2025,09:33:54,24860,24857,150,24860,150,0,174600
NIFTY-III.NFO,02/05/2025,09:33:56,24860,24857,75,24860,150,0,174600
NIFTY-III.NFO,02/05/2025,09:33:59,24857,24855,225,24860,75,75,174600
NIFTY-III.NFO,02/05/2025,09:34:01,24862.1,24855,225,24863.2,75,300,174600
NIFTY-III.NFO,02/05/2025,09:34:02,24862.1,24855,225,24863.7,150,0,174600
NIFTY-III.NFO,02/05/2025,09:34:04,24862.1,24855,225,24864.9,75,0,174600
NIFTY-III.NFO,02/05/2025,09:34:05,24862.1,24855.5,75,24864.9,75,0,174600
NIFTY-III.NFO,02/05/2025,09:34:07,24862.1,24856.9,150,24865,150,0,174600
NIFTY-III.NFO,02/05/2025,09:34:09,24862.1,24860.1,75,24865,75,0,174600
NIFTY-III.NFO,02/05/2025,09:34:10,24868,24866.1,150,24870,75,300,174600
NIFTY-III.NFO,02/05/2025,09:34:12,24870,24868.7,150,24875,150,75,174600
NIFTY-III.NFO,02/05/2025,09:34:14,24870,24872.8,150,24875,150,0,174600
NIFTY-III.NFO,02/05/2025,09:34:15,24875,24870.8,150,24875,75,75,174600
NIFTY-III.NFO,02/05/2025,09:34:17,24875,24872.6,150,24875,75,0,174600
NIFTY-III.NFO,02/05/2025,09:34:19,24875,24873.8,150,24880,300,75,174600
NIFTY-III.NFO,02/05/2025,09:34:20,24875,24873.6,150,24880,150,0,174600
NIFTY-III.NFO,02/05/2025,09:34:22,24875,24870.2,150,24879.9,75,0,174600
NIFTY-III.NFO,02/05/2025,09:34:24,24875,24871.4,75,24875,75,0,174600
NIFTY-III.NFO,02/05/2025,09:34:26,24875,24866.3,150,24874.9,150,0,174600
NIFTY-III.NFO,02/05/2025,09:34:27,24875,24869.5,75,24871.4,75,0,174600
NIFTY-III.NFO,02/05/2025,09:34:29,24871.4,24871.8,150,24875,75,75,174600
NIFTY-III.NFO,02/05/2025,09:34:31,24871.4,24871.3,75,24875,75,0,174600
NIFTY-III.NFO,02/05/2025,09:34:32,24871.4,24871.3,150,24875,75,0,174600
NIFTY-III.NFO,02/05/2025,09:34:34,24875,24872.1,75,24879.9,150,75,174600
NIFTY-III.NFO,02/05/2025,09:34:36,24872.4,24871.4,150,24879.9,150,150,174600
NIFTY-III.NFO,02/05/2025,09:34:37,24872.4,24868.7,75,24879.9,150,0,174600
NIFTY-III.NFO,02/05/2025,09:34:39,24872.4,24870,150,24879.9,150,0,174600
NIFTY-III.NFO,02/05/2025,09:34:41,24872.4,24870,150,24879.9,150,75,174600
NIFTY-III.NFO,02/05/2025,09:34:42,24872.4,24868.1,150,24879.5,450,0,174600
NIFTY-III.NFO,02/05/2025,09:34:44,24870,24869.5,75,24879.5,75,75,174600
NIFTY-III.NFO,02/05/2025,09:34:46,24870,24870.7,75,24879.9,150,0,174600
NIFTY-III.NFO,02/05/2025,09:34:47,24870,24871.1,75,24879.9,150,0,174600
NIFTY-III.NFO,02/05/2025,09:34:49,24870,24870.3,75,24879.9,150,0,174600
NIFTY-III.NFO,02/05/2025,09:34:51,24871.9,24872.5,375,24880,150,75,174600
NIFTY-III.NFO,02/05/2025,09:34:52,24871.9,24871.3,75,24879.9,150,0,174600
NIFTY-III.NFO,02/05/2025,09:34:56,24879.9,24872.2,150,24879.8,75,75,174600
NIFTY-III.NFO,02/05/2025,09:34:57,24879.9,24870,150,24879.8,75,0,174600
NIFTY-III.NFO,02/05/2025,09:34:59,24879.9,24867.6,75,24870,75,0,174600
NIFTY-III.NFO,02/05/2025,09:35:01,24879.9,24866.6,150,24870,75,0,174600
NIFTY-III.NFO,02/05/2025,09:35:02,24879.9,24866.3,75,24870,75,0,174600
NIFTY-III.NFO,02/05/2025,09:35:04,24879.9,24861.8,75,24869.9,75,0,174600
NIFTY-III.NFO,02/05/2025,09:35:06,24869.9,24860.4,150,24869.9,75,75,174600
NIFTY-III.NFO,02/05/2025,09:35:07,24862.9,24862.5,150,24869.9,75,75,174600
NIFTY-III.NFO,02/05/2025,09:35:09,24869.9,24861.4,150,24869.9,150,150,174600
NIFTY-III.NFO,02/05/2025,09:35:11,24869.9,24862.8,75,24869.9,75,0,174600
NIFTY-III.NFO,02/05/2025,09:35:12,24869.9,24861.4,75,24869.9,150,0,174600
NIFTY-III.NFO,02/05/2025,09:35:14,24869.9,24860.1,150,24869.9,150,0,174600
NIFTY-III.NFO,02/05/2025,09:35:15,24869.9,24860,375,24865.2,75,0,174600
NIFTY-III.NFO,02/05/2025,09:35:19,24869.9,24860,450,24867.8,75,0,174600
NIFTY-III.NFO,02/05/2025,09:35:22,24869.9,24864.4,150,24869,75,0,174600
NIFTY-III.NFO,02/05/2025,09:35:24,24869.9,24864.5,150,24869,75,0,174600
NIFTY-III.NFO,02/05/2025,09:35:25,24866.1,24866.1,150,24870,75,75,174600
NIFTY-III.NFO,02/05/2025,09:35:27,24866.1,24865.2,300,24870,150,0,174600
NIFTY-III.NFO,02/05/2025,09:35:29,24866.1,24861.4,150,24869.8,75,0,174600
NIFTY-III.NFO,02/05/2025,09:35:30,24866.1,24860.2,150,24869.8,75,0,174600
NIFTY-III.NFO,02/05/2025,09:35:32,24866.1,24861.3,150,24869.8,75,0,174600
NIFTY-III.NFO,02/05/2025,09:35:35,24866.1,24860.8,150,24869.8,75,0,174600
NIFTY-III.NFO,02/05/2025,09:35:37,24866.1,24860.1,150,24869.8,75,0,174600
NIFTY-III.NFO,02/05/2025,09:35:39,24866.1,24863.6,150,24870,150,0,174600
NIFTY-III.NFO,02/05/2025,09:35:40,24866.1,24864.8,150,24870,150,0,174600
NIFTY-III.NFO,02/05/2025,09:35:42,24866.1,24868.7,150,24870,150,0,174600
NIFTY-III.NFO,02/05/2025,09:35:44,24870,24870.5,75,24879.9,75,150,174600
NIFTY-III.NFO,02/05/2025,09:35:45,24870,24868.1,150,24877.6,75,0,174600
NIFTY-III.NFO,02/05/2025,09:35:47,24870,24867.5,75,24877.3,75,0,174600
NIFTY-III.NFO,02/05/2025,09:35:49,24870,24862.3,75,24872.3,75,0,174600
NIFTY-III.NFO,02/05/2025,09:35:50,24870,24860.8,75,24871.3,75,0,174600
NIFTY-III.NFO,02/05/2025,09:35:52,24870,24860.8,150,24871,75,0,174600
NIFTY-III.NFO,02/05/2025,09:35:54,24870,24860.1,75,24869,75,0,174600
NIFTY-III.NFO,02/05/2025,09:35:55,24870,24860.1,150,24868,75,0,174600
NIFTY-III.NFO,02/05/2025,09:35:59,24870,24865,75,24870.3,75,0,174600
NIFTY-III.NFO,02/05/2025,09:36:00,24870,24865,75,24870,150,0,174600
NIFTY-III.NFO,02/05/2025,09:36:02,24870,24865,75,24870.3,75,150,174600
NIFTY-III.NFO,02/05/2025,09:36:04,24870,24865,75,24870.1,75,0,174600
NIFTY-III.NFO,02/05/2025,09:36:05,24870,24865,75,24871.1,150,0,174600
NIFTY-III.NFO,02/05/2025,09:36:07,24870,24865,75,24869.3,75,0,174600
NIFTY-III.NFO,02/05/2025,09:36:09,24870,24865,75,24871.8,75,0,174600
NIFTY-III.NFO,02/05/2025,09:36:10,24870,24865.1,150,24873.6,75,0,174600
NIFTY-III.NFO,02/05/2025,09:36:12,24870,24866,75,24875.6,75,0,174600
NIFTY-III.NFO,02/05/2025,09:36:14,24870,24867.2,75,24876,75,0,174600
NIFTY-III.NFO,02/05/2025,09:36:15,24867.2,24868.1,75,24877.6,75,75,174600
NIFTY-III.NFO,02/05/2025,09:36:17,24867.2,24868.1,75,24877.6,75,0,174600
NIFTY-III.NFO,02/05/2025,09:36:19,24867.2,24869.2,75,24878.4,75,0,174600
NIFTY-III.NFO,02/05/2025,09:36:20,24867.2,24867.2,75,24877.5,75,0,174600
NIFTY-III.NFO,02/05/2025,09:36:22,24867.2,24869,75,24878.6,75,0,174600
NIFTY-III.NFO,02/05/2025,09:36:24,24870.3,24869,375,24879.5,75,75,174825
NIFTY-III.NFO,02/05/2025,09:36:25,24870.3,24866.2,150,24876.3,75,0,174825
NIFTY-III.NFO,02/05/2025,09:36:27,24870.3,24866.2,150,24875.2,75,0,174825
NIFTY-III.NFO,02/05/2025,09:36:29,24870.3,24865.1,150,24873.8,150,0,174825
NIFTY-III.NFO,02/05/2025,09:36:30,24870.3,24865,75,24874.7,450,0,174825
NIFTY-III.NFO,02/05/2025,09:36:32,24870.3,24865,75,24873.5,75,0,174825
NIFTY-III.NFO,02/05/2025,09:36:34,24870.3,24865,75,24870.2,75,0,174825
NIFTY-III.NFO,02/05/2025,09:36:35,24865.1,24865,75,24870.3,75,75,174825
NIFTY-III.NFO,02/05/2025,09:36:37,24865.1,24865,75,24870.3,75,0,174825
NIFTY-III.NFO,02/05/2025,09:36:39,24865.1,24865,75,24870.3,150,0,174825
NIFTY-III.NFO,02/05/2025,09:36:40,24865.1,24865,75,24870.2,150,0,174825
NIFTY-III.NFO,02/05/2025,09:36:42,24865.1,24865.9,300,24868,75,0,174825
NIFTY-III.NFO,02/05/2025,09:36:44,24865.1,24865,75,24868,75,0,174825
NIFTY-III.NFO,02/05/2025,09:36:46,24865.1,24865,450,24868,75,0,174825
NIFTY-III.NFO,02/05/2025,09:36:49,24865.1,24866.1,375,24868,75,0,174825
NIFTY-III.NFO,02/05/2025,09:36:51,24868,24866.7,225,24870.3,75,150,174825
NIFTY-III.NFO,02/05/2025,09:36:52,24868,24866,150,24870.3,75,0,174825
NIFTY-III.NFO,02/05/2025,09:36:54,24868,24866,225,24870.3,75,0,174825
NIFTY-III.NFO,02/05/2025,09:36:56,24868,24868.3,225,24870.3,75,0,174825
NIFTY-III.NFO,02/05/2025,09:36:57,24868,24866,225,24870.3,75,0,174825
NIFTY-III.NFO,02/05/2025,09:36:59,24868,24868,75,24870.3,75,0,174825
NIFTY-III.NFO,02/05/2025,09:37:01,24865.2,24865.3,225,24870.3,75,150,174825
NIFTY-III.NFO,02/05/2025,09:37:02,24865.2,24865,75,24870.3,75,0,174825
NIFTY-III.NFO,02/05/2025,09:37:04,24865.2,24865,75,24870.2,75,0,174825
NIFTY-III.NFO,02/05/2025,09:37:06,24865.2,24870,225,24870.2,75,0,174825
NIFTY-III.NFO,02/05/2025,09:37:07,24870,24865,75,24870.3,150,225,174825
NIFTY-III.NFO,02/05/2025,09:37:09,24870,24865,75,24870.2,150,0,174825
NIFTY-III.NFO,02/05/2025,09:37:11,24870,24865,75,24870.3,75,0,174825
NIFTY-III.NFO,02/05/2025,09:37:12,24870,24865,75,24870.2,150,0,174825
NIFTY-III.NFO,02/05/2025,09:37:16,24865,24860.4,75,24870.2,150,75,174825
NIFTY-III.NFO,02/05/2025,09:37:17,24865,24860,150,24870.2,150,0,174825
NIFTY-III.NFO,02/05/2025,09:37:19,24865,24860.1,150,24870.2,150,0,174825
NIFTY-III.NFO,02/05/2025,09:37:21,24865,24860,75,24869.1,75,0,174825
NIFTY-III.NFO,02/05/2025,09:37:22,24865,24860,75,24864.2,75,0,174825
NIFTY-III.NFO,02/05/2025,09:37:24,24860,24855,150,24861.4,150,75,174825
NIFTY-III.NFO,02/05/2025,09:37:26,24860,24855,150,24858.9,75,0,174825
NIFTY-III.NFO,02/05/2025,09:37:27,24860,24855,150,24860.5,75,0,174825
NIFTY-III.NFO,02/05/2025,09:37:29,24860,24855,225,24863.1,75,0,174825
NIFTY-III.NFO,02/05/2025,09:37:31,24860,24855.2,150,24863.9,75,0,174825
NIFTY-III.NFO,02/05/2025,09:37:32,24860,24857.8,225,24866.2,75,0,174825
NIFTY-III.NFO,02/05/2025,09:37:34,24860,24860.1,225,24869.4,75,0,174825
NIFTY-III.NFO,02/05/2025,09:37:36,24860,24856.6,300,24868,75,0,174825
NIFTY-III.NFO,02/05/2025,09:37:37,24860,24855.5,75,24865.8,75,0,174825
NIFTY-III.NFO,02/05/2025,09:37:39,24860,24855.6,150,24865.8,75,0,174825
NIFTY-III.NFO,02/05/2025,09:37:41,24860,24856.7,75,24866.9,75,0,174825
NIFTY-III.NFO,02/05/2025,09:37:42,24860,24855,225,24866,75,0,174825
NIFTY-III.NFO,02/05/2025,09:37:44,24860,24856.5,225,24866,75,0,174825
NIFTY-III.NFO,02/05/2025,09:37:46,24860,24855,225,24864.8,75,0,174825
NIFTY-III.NFO,02/05/2025,09:37:47,24860,24857.1,225,24866,75,0,174825
NIFTY-III.NFO,02/05/2025,09:37:49,24860,24860,75,24867.1,150,0,174825
NIFTY-III.NFO,02/05/2025,09:37:51,24860,24860,150,24869.7,75,0,174825
NIFTY-III.NFO,02/05/2025,09:37:52,24860,24860.5,225,24869.7,75,0,174825
NIFTY-III.NFO,02/05/2025,09:37:54,24860,24864.6,75,24869.9,150,0,174825
NIFTY-III.NFO,02/05/2025,09:37:56,24860,24865.2,225,24869.7,75,0,174825
NIFTY-III.NFO,02/05/2025,09:37:57,24860,24865.4,150,24869.7,75,0,174825
NIFTY-III.NFO,02/05/2025,09:37:59,24860,24863.6,150,24869.7,75,0,174825
NIFTY-III.NFO,02/05/2025,09:38:01,24860,24863.7,300,24869.7,75,0,174825
NIFTY-III.NFO,02/05/2025,09:38:02,24860,24865.9,375,24869.7,75,0,174825
NIFTY-III.NFO,02/05/2025,09:38:04,24860,24869.5,150,24869.7,75,0,174825
NIFTY-III.NFO,02/05/2025,09:38:06,24869.5,24866.3,150,24869.7,75,150,174825
NIFTY-III.NFO,02/05/2025,09:38:07,24869.5,24869.5,75,24869.7,75,0,174825
NIFTY-III.NFO,02/05/2025,09:38:09,24869.5,24862,300,24869.6,150,75,174825
NIFTY-III.NFO,02/05/2025,09:38:11,24869.5,24862,300,24869.5,75,0,174825
NIFTY-III.NFO,02/05/2025,09:38:14,24869.6,24862,300,24869.4,150,150,174825
NIFTY-III.NFO,02/05/2025,09:38:16,24869.6,24863.8,150,24869.5,75,0,174825
NIFTY-III.NFO,02/05/2025,09:38:17,24869.6,24862.2,150,24869.5,75,0,174825
NIFTY-III.NFO,02/05/2025,09:38:19,24869.6,24862.8,75,24869.4,150,0,174825
NIFTY-III.NFO,02/05/2025,09:38:21,24869.6,24862,300,24868,75,0,174825
NIFTY-III.NFO,02/05/2025,09:38:24,24862,24860,150,24865,450,300,174825
NIFTY-III.NFO,02/05/2025,09:38:26,24862,24860,150,24863.9,75,0,174825
NIFTY-III.NFO,02/05/2025,09:38:27,24862,24860,150,24866.1,75,0,174825
NIFTY-III.NFO,02/05/2025,09:38:29,24860,24860,75,24866.1,75,75,174825
NIFTY-III.NFO,02/05/2025,09:38:31,24860,24860,75,24867.3,75,0,174825
NIFTY-III.NFO,02/05/2025,09:38:32,24860,24860.1,150,24868.8,75,0,174825
NIFTY-III.NFO,02/05/2025,09:38:34,24860,24861.7,150,24869.3,75,0,174825
NIFTY-III.NFO,02/05/2025,09:38:36,24860,24864,75,24869.5,75,0,174825
NIFTY-III.NFO,02/05/2025,09:38:37,24860,24864.1,150,24869.7,75,0,174825
NIFTY-III.NFO,02/05/2025,09:38:39,24860,24866,75,24869.7,75,0,174825
NIFTY-III.NFO,02/05/2025,09:38:41,24860,24863.2,150,24869.7,75,0,174825
NIFTY-III.NFO,02/05/2025,09:38:42,24860,24865.3,75,24869.7,75,0,174825
NIFTY-III.NFO,02/05/2025,09:38:44,24860,24860,75,24868.9,75,0,174825
NIFTY-III.NFO,02/05/2025,09:38:46,24860,24860,150,24868.7,150,0,174825
NIFTY-III.NFO,02/05/2025,09:38:47,24860,24860.3,150,24869.5,75,0,174825
NIFTY-III.NFO,02/05/2025,09:38:49,24860,24860.8,150,24865,75,0,174825
NIFTY-III.NFO,02/05/2025,09:38:51,24860,24863.1,75,24865,75,0,174825
NIFTY-III.NFO,02/05/2025,09:38:52,24860,24864.7,75,24865,75,0,174825
NIFTY-III.NFO,02/05/2025,09:38:54,24865,24864.6,75,24869.7,75,150,174825
NIFTY-III.NFO,02/05/2025,09:38:56,24865,24865.8,75,24869.7,75,0,174825
NIFTY-III.NFO,02/05/2025,09:38:59,24865,24864.9,75,24869.7,75,0,174825
NIFTY-III.NFO,02/05/2025,09:39:01,24865,24865,75,24869.7,75,0,174825
NIFTY-III.NFO,02/05/2025,09:39:02,24865,24860,150,24869.2,75,0,174825
NIFTY-III.NFO,02/05/2025,09:39:04,24865,24862.7,75,24869.5,75,0,174825
NIFTY-III.NFO,02/05/2025,09:39:06,24865,24861.8,150,24869.6,150,0,174825
NIFTY-III.NFO,02/05/2025,09:39:07,24865,24860,450,24868.8,150,0,174825
NIFTY-III.NFO,02/05/2025,09:39:09,24865,24860.1,75,24868.8,150,0,174825
NIFTY-III.NFO,02/05/2025,09:39:11,24865,24860.1,150,24868.7,75,0,174825
NIFTY-III.NFO,02/05/2025,09:39:12,24865,24860.1,150,24869.5,75,0,174825
NIFTY-III.NFO,02/05/2025,09:39:14,24865,24861.4,75,24865,75,0,174825
NIFTY-III.NFO,02/05/2025,09:39:16,24865,24862.6,75,24865,150,0,174825
NIFTY-III.NFO,02/05/2025,09:39:17,24865,24862.1,75,24865,75,75,174825
NIFTY-III.NFO,02/05/2025,09:39:19,24865,24864.6,75,24865,75,0,174825
NIFTY-III.NFO,02/05/2025,09:39:21,24865,24861.5,75,24865,75,0,174825
NIFTY-III.NFO,02/05/2025,09:39:22,24865,24861.6,225,24865,75,0,174825
NIFTY-III.NFO,02/05/2025,09:39:24,24865,24862.8,75,24865,75,0,174825
NIFTY-III.NFO,02/05/2025,09:39:31,24865,24860.5,75,24865,75,0,174825
NIFTY-III.NFO,02/05/2025,09:39:32,24865,24862.7,75,24865,75,0,174825
NIFTY-III.NFO,02/05/2025,09:39:34,24865,24865.8,150,24869.7,75,75,175275
NIFTY-III.NFO,02/05/2025,09:39:36,24865,24867.9,150,24869.7,75,0,175275
NIFTY-III.NFO,02/05/2025,09:39:37,24870.3,24870.2,150,24872,75,300,175275
NIFTY-III.NFO,02/05/2025,09:39:39,24870.3,24867,75,24872,75,0,175275
NIFTY-III.NFO,02/05/2025,09:39:41,24870.3,24867.9,150,24872,75,0,175275
NIFTY-III.NFO,02/05/2025,09:39:42,24870.3,24867.9,75,24872,75,0,175275
NIFTY-III.NFO,02/05/2025,09:39:44,24870.3,24867,150,24872,75,0,175275
NIFTY-III.NFO,02/05/2025,09:39:46,24870.3,24868.1,150,24872,75,0,175275
NIFTY-III.NFO,02/05/2025,09:39:47,24870.3,24870.3,75,24872,75,0,175275
NIFTY-III.NFO,02/05/2025,09:39:49,24870.3,24868,75,24870.3,375,75,175275
NIFTY-III.NFO,02/05/2025,09:39:51,24870.3,24866.9,150,24870.3,300,75,175275
NIFTY-III.NFO,02/05/2025,09:39:52,24870.3,24868.7,150,24872,75,300,175275
NIFTY-III.NFO,02/05/2025,09:39:54,24872,24870.4,150,24878.5,75,75,175275
NIFTY-III.NFO,02/05/2025,09:39:56,24872,24871.6,75,24878.5,75,0,175275
NIFTY-III.NFO,02/05/2025,09:39:57,24872,24872.9,75,24878.5,75,0,175275
NIFTY-III.NFO,02/05/2025,09:39:59,24886,24886.4,150,24888,150,525,175275
NIFTY-III.NFO,02/05/2025,09:39:59,24886,24886.4,150,24888,150,0,175275
NIFTY-III.NFO,02/05/2025,09:40:01,24886,24884.3,225,24888,150,0,175275
NIFTY-III.NFO,02/05/2025,09:40:02,24886,24886.7,150,24888,150,0,175275
NIFTY-III.NFO,02/05/2025,09:40:04,24886,24885.7,150,24888,150,0,175275
NIFTY-III.NFO,02/05/2025,09:40:06,24888,24887.4,75,24890,225,150,175275
NIFTY-III.NFO,02/05/2025,09:40:06,24888,24887.4,75,24890,225,0,175275
NIFTY-III.NFO,02/05/2025,09:40:07,24888,24887.7,300,24890,225,0,175275
NIFTY-III.NFO,02/05/2025,09:40:09,24890,24890.8,75,24894,75,225,175275
NIFTY-III.NFO,02/05/2025,09:40:09,24890,24890.8,75,24894,75,0,175275
NIFTY-III.NFO,02/05/2025,09:40:11,24890,24891.1,150,24894,75,0,175275
NIFTY-III.NFO,02/05/2025,09:40:12,24894,24895.7,75,24897,375,75,175275
NIFTY-III.NFO,02/05/2025,09:40:12,24894,24895.7,75,24897,375,0,175275
NIFTY-III.NFO,02/05/2025,09:40:14,24894,24896.6,150,24897,375,0,175275
NIFTY-III.NFO,02/05/2025,09:40:15,24897,24897.7,75,24898.9,75,375,175275
NIFTY-III.NFO,02/05/2025,09:40:15,24897,24897.7,75,24898.9,75,0,175275
NIFTY-III.NFO,02/05/2025,09:40:17,24898.9,24896.3,150,24899.7,75,75,175275
NIFTY-III.NFO,02/05/2025,09:40:17,24898.9,24896.3,150,24899.7,75,0,175275
NIFTY-III.NFO,02/05/2025,09:40:19,24898.9,24893.5,150,24899.7,75,0,175275
NIFTY-III.NFO,02/05/2025,09:40:20,24899.6,24893.8,75,24899.6,75,75,175275
NIFTY-III.NFO,02/05/2025,09:40:20,24899.6,24893.8,75,24899.6,75,0,175275
NIFTY-III.NFO,02/05/2025,09:40:22,24899.6,24894,75,24899.7,75,0,175275
NIFTY-III.NFO,02/05/2025,09:40:24,24899.6,24891.3,75,24899.6,150,0,175275
NIFTY-III.NFO,02/05/2025,09:40:25,24899.6,24890.7,75,24899.6,150,0,175275
NIFTY-III.NFO,02/05/2025,09:40:27,24899.6,24891.2,150,24899.6,150,0,175275
NIFTY-III.NFO,02/05/2025,09:40:29,24899.6,24887.7,75,24899.6,150,0,175275
NIFTY-III.NFO,02/05/2025,09:40:30,24899.6,24888.2,150,24899.5,75,75,175275
NIFTY-III.NFO,02/05/2025,09:40:32,24899.6,24888.2,75,24899.5,75,0,175275
NIFTY-III.NFO,02/05/2025,09:40:34,24899,24887.3,75,24899.5,75,150,175275
NIFTY-III.NFO,02/05/2025,09:40:35,24899.5,24888.2,150,24899.5,75,75,175275
NIFTY-III.NFO,02/05/2025,09:40:37,24899.5,24888.2,75,24899.6,75,75,175275
NIFTY-III.NFO,02/05/2025,09:40:39,24899.5,24890.9,150,24899.7,150,0,175275
NIFTY-III.NFO,02/05/2025,09:40:47,24899.5,24890.3,75,24899.7,150,0,175275
NIFTY-III.NFO,02/05/2025,09:40:49,24899.7,24889.6,75,24899.7,75,75,175275
NIFTY-III.NFO,02/05/2025,09:40:49,24899.7,24889.6,75,24899.7,75,0,175275
NIFTY-III.NFO,02/05/2025,09:40:51,24899.7,24890.1,150,24899.8,150,75,175275
NIFTY-III.NFO,02/05/2025,09:40:52,24899.7,24890.5,150,24899.8,150,0,175275
NIFTY-III.NFO,02/05/2025,09:40:54,24888.2,24887.7,150,24899.8,150,225,175275
NIFTY-III.NFO,02/05/2025,09:40:56,24889,24889.4,150,24899.7,75,150,175275
NIFTY-III.NFO,02/05/2025,09:40:57,24889,24886.4,75,24898.4,150,0,175275
NIFTY-III.NFO,02/05/2025,09:40:59,24889,24886.6,75,24897.7,75,0,175275
NIFTY-III.NFO,02/05/2025,09:41:01,24889,24888.5,75,24898.3,75,0,175275
NIFTY-III.NFO,02/05/2025,09:41:02,24889,24890.7,150,24899.7,75,0,175275
NIFTY-III.NFO,02/05/2025,09:41:04,24889,24887.7,75,24899.2,150,0,175275
NIFTY-III.NFO,02/05/2025,09:41:06,24889,24886.6,75,24898.4,75,0,175275
NIFTY-III.NFO,02/05/2025,09:41:07,24889,24886.6,150,24898.2,150,0,175275
NIFTY-III.NFO,02/05/2025,09:41:09,24896.1,24884.4,75,24896.1,75,300,175275
NIFTY-III.NFO,02/05/2025,09:41:11,24896.1,24881.9,75,24893,225,0,175275
NIFTY-III.NFO,02/05/2025,09:41:12,24896.1,24880.8,150,24889,225,0,175275
NIFTY-III.NFO,02/05/2025,09:41:14,24896.1,24883.3,75,24889,150,0,175275
NIFTY-III.NFO,02/05/2025,09:41:16,24896.1,24878.5,75,24889,225,0,175275
NIFTY-III.NFO,02/05/2025,09:41:18,24896.1,24878.8,75,24889,225,0,175275
NIFTY-III.NFO,02/05/2025,09:41:19,24896.1,24880.1,75,24889,225,0,175275
NIFTY-III.NFO,02/05/2025,09:41:21,24880.1,24880.7,150,24889,225,75,175275
NIFTY-III.NFO,02/05/2025,09:41:23,24880.1,24881.1,150,24889,225,0,175275
NIFTY-III.NFO,02/05/2025,09:41:24,24880.1,24878.8,75,24888.9,75,0,175275
NIFTY-III.NFO,02/05/2025,09:41:26,24880.1,24880,150,24889,225,0,175275
NIFTY-III.NFO,02/05/2025,09:41:28,24879.2,24877.9,75,24888.9,75,150,175275
NIFTY-III.NFO,02/05/2025,09:41:29,24879.2,24877.4,75,24888.4,75,0,175275
NIFTY-III.NFO,02/05/2025,09:41:31,24879.2,24877.4,75,24879.2,75,0,175275
NIFTY-III.NFO,02/05/2025,09:41:33,24879.2,24879.6,150,24888.4,75,75,175275
NIFTY-III.NFO,02/05/2025,09:41:34,24879.2,24881.9,150,24889,225,0,175275
NIFTY-III.NFO,02/05/2025,09:41:36,24881.9,24882,150,24891.3,75,75,175275
NIFTY-III.NFO,02/05/2025,09:41:38,24882,24884.4,150,24894,75,75,175275
NIFTY-III.NFO,02/05/2025,09:41:39,24884.8,24884.8,75,24896.4,75,75,175275
NIFTY-III.NFO,02/05/2025,09:41:41,24884.8,24882,75,24893.9,75,0,175275
NIFTY-III.NFO,02/05/2025,09:41:44,24884.8,24880,75,24893.1,75,0,175275
NIFTY-III.NFO,02/05/2025,09:41:46,24884.8,24879.6,75,24892.3,225,0,175275
NIFTY-III.NFO,02/05/2025,09:41:48,24884.8,24879.9,75,24892.4,75,0,175275
NIFTY-III.NFO,02/05/2025,09:41:49,24884.8,24879.9,75,24891.2,300,0,175275
NIFTY-III.NFO,02/05/2025,09:41:51,24884.8,24879.2,75,24891.1,75,0,175275
NIFTY-III.NFO,02/05/2025,09:41:53,24884.8,24881.6,375,24891.2,75,0,175275
NIFTY-III.NFO,02/05/2025,09:41:54,24884.8,24881.4,75,24891.1,75,0,175275
NIFTY-III.NFO,02/05/2025,09:41:56,24884.8,24883.3,225,24893.7,75,0,175275
NIFTY-III.NFO,02/05/2025,09:41:58,24884.8,24886.4,150,24896.4,75,0,175275
NIFTY-III.NFO,02/05/2025,09:41:59,24884.8,24887,75,24897.6,75,0,175275
NIFTY-III.NFO,02/05/2025,09:42:01,24890,24889.6,375,24899,300,75,175275
NIFTY-III.NFO,02/05/2025,09:42:03,24890,24886.5,225,24890,75,0,175275
NIFTY-III.NFO,02/05/2025,09:42:04,24890,24888.6,450,24890,75,0,175275
NIFTY-III.NFO,02/05/2025,09:42:06,24890,24890,150,24898.9,75,75,175275
NIFTY-III.NFO,02/05/2025,09:42:08,24890,24890,75,24898.9,75,0,175275
NIFTY-III.NFO,02/05/2025,09:42:09,24890,24890,150,24898.9,75,0,175275
NIFTY-III.NFO,02/05/2025,09:42:11,24890,24890,150,24897.8,150,0,175275
NIFTY-III.NFO,02/05/2025,09:42:13,24890,24890,150,24897.7,75,0,175275
NIFTY-III.NFO,02/05/2025,09:42:16,24890,24892,75,24897.7,75,0,175275
NIFTY-III.NFO,02/05/2025,09:42:19,24890,24892,75,24898.9,75,0,175275
NIFTY-III.NFO,02/05/2025,09:42:24,24890,24895,75,24898.9,75,0,175275
NIFTY-III.NFO,02/05/2025,09:42:26,24890,24895,75,24898.9,150,0,175275
NIFTY-III.NFO,02/05/2025,09:42:28,24898.8,24890,150,24898.8,75,150,176625
NIFTY-III.NFO,02/05/2025,09:42:29,24898.8,24890.1,75,24898.8,75,0,176625
NIFTY-III.NFO,02/05/2025,09:42:31,24898.8,24890.1,150,24899,300,0,176625
NIFTY-III.NFO,02/05/2025,09:42:33,24898.8,24890.8,75,24899,300,0,176625
NIFTY-III.NFO,02/05/2025,09:42:36,24898.8,24890.1,150,24898.9,75,0,176625
NIFTY-III.NFO,02/05/2025,09:42:39,24898.8,24890.6,75,24899,300,0,176625
NIFTY-III.NFO,02/05/2025,09:42:41,24898.8,24891.6,75,24899,300,0,176625
NIFTY-III.NFO,02/05/2025,09:42:43,24898.8,24893.1,225,24899,225,0,176625
NIFTY-III.NFO,02/05/2025,09:42:44,24898.8,24893.5,75,24899,225,0,176625
NIFTY-III.NFO,02/05/2025,09:42:46,24898.8,24894,225,24899,225,0,176625
NIFTY-III.NFO,02/05/2025,09:42:48,24898.8,24895,150,24899,225,0,176625
NIFTY-III.NFO,02/05/2025,09:42:49,24898.8,24894.5,150,24899,225,0,176625
NIFTY-III.NFO,02/05/2025,09:42:51,24898.8,24896,225,24899,225,0,176625
NIFTY-III.NFO,02/05/2025,09:42:53,24898.8,24894.6,225,24899,225,0,176625
NIFTY-III.NFO,02/05/2025,09:42:54,24899,24894.4,150,24899.8,75,225,176625
NIFTY-III.NFO,02/05/2025,09:42:56,24899,24894.2,150,24899.8,75,0,176625
NIFTY-III.NFO,02/05/2025,09:42:58,24899,24894.4,225,24899.8,75,0,176625
NIFTY-III.NFO,02/05/2025,09:42:59,24899,24891.6,75,24899.7,150,0,176625
NIFTY-III.NFO,02/05/2025,09:43:01,24899,24890.1,150,24899.7,150,0,176625
NIFTY-III.NFO,02/05/2025,09:43:03,24899,24890.7,75,24899.7,150,0,176625
NIFTY-III.NFO,02/05/2025,09:43:04,24899.8,24890.6,75,24899.7,75,225,176625
NIFTY-III.NFO,02/05/2025,09:43:04,24899.8,24890.6,75,24899.7,75,0,176625
NIFTY-III.NFO,02/05/2025,09:43:06,24899.8,24890.1,75,24899.7,75,0,176625
NIFTY-III.NFO,02/05/2025,09:43:08,24899.8,24890,225,24897.9,150,0,176625
NIFTY-III.NFO,02/05/2025,09:43:09,24897.9,24890,150,24897.9,150,150,176625
NIFTY-III.NFO,02/05/2025,09:43:11,24897.9,24890,150,24897.8,225,0,176625
NIFTY-III.NFO,02/05/2025,09:43:13,24897.9,24890,150,24896,75,0,176625
NIFTY-III.NFO,02/05/2025,09:43:14,24892.6,24880.7,75,24892.5,150,375,176625
NIFTY-III.NFO,02/05/2025,09:43:16,24892.6,24879.2,75,24891,150,0,176625
NIFTY-III.NFO,02/05/2025,09:43:18,24891,24879.1,75,24890.6,75,75,176625
NIFTY-III.NFO,02/05/2025,09:43:19,24891,24880,75,24886.7,225,0,176625
NIFTY-III.NFO,02/05/2025,09:43:21,24891,24880,75,24885.1,75,0,176625
NIFTY-III.NFO,02/05/2025,09:43:23,24891,24880,75,24885.5,150,0,176625
NIFTY-III.NFO,02/05/2025,09:43:24,24891,24880,75,24887.2,75,0,176625
NIFTY-III.NFO,02/05/2025,09:43:31,24891,24880,75,24885.7,75,0,176625
NIFTY-III.NFO,02/05/2025,09:43:33,24885.7,24880,75,24886,75,75,176625
NIFTY-III.NFO,02/05/2025,09:43:34,24885.7,24880,75,24884.9,75,0,176625
NIFTY-III.NFO,02/05/2025,09:43:36,24876,24873.6,75,24884.9,75,150,176625
NIFTY-III.NFO,02/05/2025,09:43:38,24876,24873.6,75,24884.9,75,0,176625
NIFTY-III.NFO,02/05/2025,09:43:39,24876,24874.1,75,24884.9,75,0,176625
NIFTY-III.NFO,02/05/2025,09:43:41,24876,24873.3,75,24884.6,75,0,176625
NIFTY-III.NFO,02/05/2025,09:43:42,24876,24870.3,75,24882.2,75,0,176625
NIFTY-III.NFO,02/05/2025,09:43:44,24876,24860.5,75,24871.8,150,0,176625
NIFTY-III.NFO,02/05/2025,09:43:46,24876,24860.9,75,24871.8,75,0,176625
NIFTY-III.NFO,02/05/2025,09:43:47,24876,24863.6,150,24874.2,75,0,176625
NIFTY-III.NFO,02/05/2025,09:43:49,24876,24868.3,150,24879.9,75,0,176625
NIFTY-III.NFO,02/05/2025,09:43:51,24868.3,24869.3,150,24879.9,75,150,176625
NIFTY-III.NFO,02/05/2025,09:43:52,24868.3,24869.3,150,24879.9,75,0,176625
NIFTY-III.NFO,02/05/2025,09:43:54,24868.3,24868.5,75,24879.3,75,0,176625
NIFTY-III.NFO,02/05/2025,09:43:56,24868.3,24867.5,75,24878.2,75,0,176625
NIFTY-III.NFO,02/05/2025,09:44:01,24868.3,24870.6,75,24880.7,75,0,176625
NIFTY-III.NFO,02/05/2025,09:44:02,24868.3,24872.7,75,24882.5,75,0,176625
NIFTY-III.NFO,02/05/2025,09:44:04,24868.3,24874.4,150,24880,75,0,176625
NIFTY-III.NFO,02/05/2025,09:44:06,24868.3,24873,150,24880,75,0,176625
NIFTY-III.NFO,02/05/2025,09:44:07,24868.3,24873.9,75,24880,75,0,176625
NIFTY-III.NFO,02/05/2025,09:44:09,24868.3,24872.4,75,24880,150,0,176625
NIFTY-III.NFO,02/05/2025,09:44:11,24868.3,24875.5,150,24880,75,0,176625
NIFTY-III.NFO,02/05/2025,09:44:12,24868.3,24875.1,225,24880,75,0,176625
NIFTY-III.NFO,02/05/2025,09:44:14,24868.3,24874.4,150,24880,75,0,176625
NIFTY-III.NFO,02/05/2025,09:44:16,24868.3,24872,150,24880,150,0,176625
NIFTY-III.NFO,02/05/2025,09:44:18,24868.3,24873.5,225,24880,75,0,176625
NIFTY-III.NFO,02/05/2025,09:44:19,24868.3,24871.8,225,24879.9,150,0,176625
NIFTY-III.NFO,02/05/2025,09:44:21,24868.3,24871.8,150,24879.9,150,0,176625
NIFTY-III.NFO,02/05/2025,09:44:23,24868.3,24872.6,225,24880,150,0,176625
NIFTY-III.NFO,02/05/2025,09:44:24,24868.3,24872.6,225,24880,75,0,176625
NIFTY-III.NFO,02/05/2025,09:44:26,24868.3,24872.4,225,24880,75,0,176625
NIFTY-III.NFO,02/05/2025,09:44:28,24868.3,24876.5,225,24880,75,0,176625
NIFTY-III.NFO,02/05/2025,09:44:29,24880,24881.3,75,24889.9,150,75,176625
NIFTY-III.NFO,02/05/2025,09:44:31,24880,24882.4,150,24889.9,150,0,176625
NIFTY-III.NFO,02/05/2025,09:44:33,24880,24879.8,75,24889.9,150,0,176625
NIFTY-III.NFO,02/05/2025,09:44:34,24880,24877.8,150,24888.5,75,0,176625
NIFTY-III.NFO,02/05/2025,09:44:36,24880,24877.7,75,24888.5,75,0,176625
NIFTY-III.NFO,02/05/2025,09:44:39,24880,24880.1,150,24889.9,150,75,176625
NIFTY-III.NFO,02/05/2025,09:44:41,24880,24880.1,150,24889.9,150,0,176625
NIFTY-III.NFO,02/05/2025,09:44:43,24880,24881,75,24889.9,150,0,176625
NIFTY-III.NFO,02/05/2025,09:44:44,24880,24878.8,75,24889.9,150,0,176625
NIFTY-III.NFO,02/05/2025,09:44:46,24880,24878.8,75,24889.6,150,0,176625
NIFTY-III.NFO,02/05/2025,09:44:48,24880,24880.5,150,24889.9,150,0,176625
NIFTY-III.NFO,02/05/2025,09:44:49,24880,24877,150,24884.8,75,0,176625
NIFTY-III.NFO,02/05/2025,09:44:51,24880,24876.6,75,24884.7,150,0,176625
NIFTY-III.NFO,02/05/2025,09:44:53,24880,24880.1,225,24884.8,75,0,176625
NIFTY-III.NFO,02/05/2025,09:44:54,24880,24879.6,150,24884.8,75,0,176625
NIFTY-III.NFO,02/05/2025,09:44:56,24880,24881.9,150,24884.8,75,0,176625
NIFTY-III.NFO,02/05/2025,09:44:58,24880,24881.9,75,24884.8,75,0,176625
NIFTY-III.NFO,02/05/2025,09:44:59,24881.9,24883.6,150,24884.8,75,75,176625
NIFTY-III.NFO,02/05/2025,09:45:01,24881.9,24884,225,24884.8,75,0,176625
NIFTY-III.NFO,02/05/2025,09:45:03,24882.3,24884,225,24890,150,75,176625
NIFTY-III.NFO,02/05/2025,09:45:04,24882.3,24883,225,24890,150,0,176625
NIFTY-III.NFO,02/05/2025,09:45:06,24882.3,24884.7,150,24890,150,0,176625
NIFTY-III.NFO,02/05/2025,09:45:08,24882.3,24886.3,75,24890,150,0,176625
NIFTY-III.NFO,02/05/2025,09:45:09,24882.3,24886.7,75,24890,150,0,176625
NIFTY-III.NFO,02/05/2025,09:45:11,24882.3,24887.5,450,24890,150,0,176625
NIFTY-III.NFO,02/05/2025,09:45:13,24891,24890.1,75,24897.9,150,225,176625
NIFTY-III.NFO,02/05/2025,09:45:14,24891,24888.1,75,24897.9,150,0,176625
NIFTY-III.NFO,02/05/2025,09:45:16,24897.9,24889.5,150,24897.8,75,75,176625
NIFTY-III.NFO,02/05/2025,09:45:17,24897.9,24888,75,24897.9,150,0,176625
NIFTY-III.NFO,02/05/2025,09:45:19,24897.9,24884.8,75,24896.3,75,0,176625
NIFTY-III.NFO,02/05/2025,09:45:21,24897.9,24883.6,75,24895.1,75,0,176625
NIFTY-III.NFO,02/05/2025,09:45:22,24897.9,24886.2,75,24896.3,75,0,176625
NIFTY-III.NFO,02/05/2025,09:45:24,24897.9,24888.5,225,24897.2,75,0,176625
NIFTY-III.NFO,02/05/2025,09:45:26,24897.9,24884.6,75,24895.8,75,0,176625
NIFTY-III.NFO,02/05/2025,09:45:27,24897.9,24883.2,75,24894.5,150,0,176625
NIFTY-III.NFO,02/05/2025,09:45:31,24897.9,24882.6,75,24893.9,150,0,176625
NIFTY-III.NFO,02/05/2025,09:45:32,24897.9,24881.4,75,24893.2,75,0,176625
NIFTY-III.NFO,02/05/2025,09:45:34,24897.9,24879.4,75,24890.9,150,0,176625
NIFTY-III.NFO,02/05/2025,09:45:36,24879.4,24877.5,75,24889.1,75,75,177075
NIFTY-III.NFO,02/05/2025,09:45:37,24879.4,24877.5,75,24889.1,75,0,177075
NIFTY-III.NFO,02/05/2025,09:45:39,24879.4,24879.3,75,24889.1,75,0,177075
NIFTY-III.NFO,02/05/2025,09:45:41,24879.4,24877.7,75,24888.8,75,0,177075
NIFTY-III.NFO,02/05/2025,09:45:42,24879.4,24877.8,75,24888.8,75,0,177075
NIFTY-III.NFO,02/05/2025,09:45:44,24888.8,24877.8,75,24888.8,75,75,177075
NIFTY-III.NFO,02/05/2025,09:45:46,24888.8,24882.1,150,24891.1,75,0,177075
NIFTY-III.NFO,02/05/2025,09:45:47,24888.8,24882.4,150,24892.3,75,0,177075
NIFTY-III.NFO,02/05/2025,09:45:49,24888.8,24882.5,75,24893.2,75,0,177075
NIFTY-III.NFO,02/05/2025,09:45:51,24888.8,24882.8,75,24893.2,75,0,177075
NIFTY-III.NFO,02/05/2025,09:45:56,24882.8,24882.5,75,24893.2,75,75,177075
NIFTY-III.NFO,02/05/2025,09:45:57,24882.8,24882.5,225,24893.2,75,0,177075
NIFTY-III.NFO,02/05/2025,09:45:59,24882.8,24883.8,75,24892.9,75,0,177075
NIFTY-III.NFO,02/05/2025,09:46:01,24882.8,24881,75,24892.4,150,0,177075
NIFTY-III.NFO,02/05/2025,09:46:02,24882.8,24878.3,75,24890.1,150,0,177075
NIFTY-III.NFO,02/05/2025,09:46:04,24882.8,24880.3,150,24890.1,150,0,177075
NIFTY-III.NFO,02/05/2025,09:46:07,24882.8,24877.2,75,24880,75,0,177075
NIFTY-III.NFO,02/05/2025,09:46:09,24882.8,24876.8,150,24880,75,0,177075
NIFTY-III.NFO,02/05/2025,09:46:11,24882.8,24876.2,150,24880,75,0,177075
NIFTY-III.NFO,02/05/2025,09:46:12,24882.8,24875.8,150,24880,75,0,177075
NIFTY-III.NFO,02/05/2025,09:46:14,24876,24878.6,450,24880,75,75,177075
NIFTY-III.NFO,02/05/2025,09:46:16,24876,24877.3,225,24880,75,0,177075
NIFTY-III.NFO,02/05/2025,09:46:18,24878.5,24878.5,75,24880,75,75,177075
NIFTY-III.NFO,02/05/2025,09:46:19,24877.9,24878.9,75,24880,75,750,177075
NIFTY-III.NFO,02/05/2025,09:46:21,24877.9,24877.8,75,24880,75,0,177075
NIFTY-III.NFO,02/05/2025,09:46:23,24877.9,24875.4,75,24880,75,0,177075
NIFTY-III.NFO,02/05/2025,09:46:24,24877.9,24874.1,75,24880,75,0,177075
NIFTY-III.NFO,02/05/2025,09:46:26,24877.9,24876.1,150,24880,75,0,177075
NIFTY-III.NFO,02/05/2025,09:46:28,24877.9,24873,75,24880,75,0,177075
NIFTY-III.NFO,02/05/2025,09:46:29,24877.9,24873.6,375,24879.9,75,0,177075
NIFTY-III.NFO,02/05/2025,09:46:31,24877.9,24873.1,150,24880,75,0,177075
NIFTY-III.NFO,02/05/2025,09:46:33,24877.9,24877.9,75,24880,75,0,177075
NIFTY-III.NFO,02/05/2025,09:46:34,24877.9,24877.8,75,24880,75,0,177075
NIFTY-III.NFO,02/05/2025,09:46:36,24876.7,24876.7,150,24880,150,75,177075
NIFTY-III.NFO,02/05/2025,09:46:38,24876.7,24877.6,75,24880,150,0,177075
NIFTY-III.NFO,02/05/2025,09:46:39,24876.7,24876.6,375,24880,150,0,177075
NIFTY-III.NFO,02/05/2025,09:46:41,24876.7,24874.2,150,24880,150,0,177075
NIFTY-III.NFO,02/05/2025,09:46:43,24876.7,24874.2,75,24880,150,0,177075
NIFTY-III.NFO,02/05/2025,09:46:44,24876.7,24871.7,75,24879.9,75,0,177075
NIFTY-III.NFO,02/05/2025,09:46:46,24876.7,24872.8,525,24879.9,75,0,177075
NIFTY-III.NFO,02/05/2025,09:46:48,24876.7,24874.6,375,24880,150,0,177075
NIFTY-III.NFO,02/05/2025,09:46:49,24876.7,24874.4,75,24880,150,0,177075
NIFTY-III.NFO,02/05/2025,09:46:51,24876.7,24874.5,75,24880,150,0,177075
NIFTY-III.NFO,02/05/2025,09:46:53,24876.7,24874.5,150,24880,150,0,177075
NIFTY-III.NFO,02/05/2025,09:46:54,24876.7,24872.6,225,24879.9,150,0,177075
NIFTY-III.NFO,02/05/2025,09:46:56,24876.7,24872.2,75,24879.9,150,0,177075
NIFTY-III.NFO,02/05/2025,09:46:58,24876.7,24870,900,24879.9,150,0,177075
NIFTY-III.NFO,02/05/2025,09:46:59,24876.7,24870,900,24879.3,75,0,177075
NIFTY-III.NFO,02/05/2025,09:47:01,24876.7,24870.8,150,24879.8,75,0,177075
NIFTY-III.NFO,02/05/2025,09:47:03,24876.7,24874.1,150,24880,150,0,177075
NIFTY-III.NFO,02/05/2025,09:47:04,24876.7,24872.5,150,24879.9,150,0,177075
NIFTY-III.NFO,02/05/2025,09:47:06,24874.1,24873.2,75,24880,150,150,177075
NIFTY-III.NFO,02/05/2025,09:47:08,24874.1,24872.5,525,24879.9,75,0,177075
NIFTY-III.NFO,02/05/2025,09:47:09,24874.1,24872.7,300,24880,150,0,177075
NIFTY-III.NFO,02/05/2025,09:47:11,24874.1,24873.6,150,24880,150,0,177075
NIFTY-III.NFO,02/05/2025,09:47:13,24880,24878.9,225,24888.9,75,225,177075
NIFTY-III.NFO,02/05/2025,09:47:16,24880,24883,75,24892.9,75,0,177075
NIFTY-III.NFO,02/05/2025,09:47:18,24880,24881.9,75,24892.9,75,0,177075
NIFTY-III.NFO,02/05/2025,09:47:19,24880,24880.3,75,24892.2,150,0,177075
NIFTY-III.NFO,02/05/2025,09:47:21,24880,24876.2,75,24887.6,75,0,177075
NIFTY-III.NFO,02/05/2025,09:47:23,24880,24875.2,75,24886.9,75,0,177075
NIFTY-III.NFO,02/05/2025,09:47:24,24880,24878.6,150,24888.3,75,0,177075
NIFTY-III.NFO,02/05/2025,09:47:26,24880,24878.2,75,24888.3,75,0,177075
NIFTY-III.NFO,02/05/2025,09:47:33,24880,24878.8,450,24888.3,75,0,177075
NIFTY-III.NFO,02/05/2025,09:47:34,24880,24878.8,450,24888.4,75,0,177075
NIFTY-III.NFO,02/05/2025,09:47:36,24880,24878.9,75,24889.2,75,0,177075
NIFTY-III.NFO,02/05/2025,09:47:38,24880,24876.8,75,24887.5,75,0,177075
NIFTY-III.NFO,02/05/2025,09:47:41,24880,24876.9,225,24886.9,75,0,177075
NIFTY-III.NFO,02/05/2025,09:47:43,24880,24876.4,450,24886.9,75,0,177075
NIFTY-III.NFO,02/05/2025,09:47:44,24880,24875.1,75,24886.9,75,0,177075
NIFTY-III.NFO,02/05/2025,09:47:46,24880,24885,150,24888.6,75,0,177075
NIFTY-III.NFO,02/05/2025,09:47:48,24885,24875.1,75,24888,75,150,177075
NIFTY-III.NFO,02/05/2025,09:47:49,24885,24875.9,450,24887.6,75,0,177075
NIFTY-III.NFO,02/05/2025,09:47:51,24885,24877.1,300,24887.6,75,0,177075
NIFTY-III.NFO,02/05/2025,09:47:53,24885,24878.1,75,24888,75,0,177075
NIFTY-III.NFO,02/05/2025,09:47:56,24885,24875,150,24886.5,150,0,177075
NIFTY-III.NFO,02/05/2025,09:47:58,24885,24877,750,24885,150,0,177075
NIFTY-III.NFO,02/05/2025,09:47:59,24885,24877,750,24885.2,75,0,177075
NIFTY-III.NFO,02/05/2025,09:48:01,24885,24877,825,24886.5,75,0,177075
NIFTY-III.NFO,02/05/2025,09:48:03,24885,24880.6,225,24890.6,75,0,177075
NIFTY-III.NFO,02/05/2025,09:48:04,24885,24882.2,450,24891.5,75,0,177075
NIFTY-III.NFO,02/05/2025,09:48:06,24885,24881.4,75,24891.4,75,0,177075
NIFTY-III.NFO,02/05/2025,09:48:08,24884.3,24884.3,75,24894.7,75,75,177075
NIFTY-III.NFO,02/05/2025,09:48:09,24884.3,24887,450,24896.7,75,0,177075
NIFTY-III.NFO,02/05/2025,09:48:11,24884.3,24887.6,225,24897.9,150,0,177075
NIFTY-III.NFO,02/05/2025,09:48:13,24884.3,24887.6,75,24897.8,150,0,177075
NIFTY-III.NFO,02/05/2025,09:48:14,24884.3,24883.5,75,24894.2,75,0,177075
NIFTY-III.NFO,02/05/2025,09:48:18,24895.1,24883.6,75,24894.1,75,225,177075
NIFTY-III.NFO,02/05/2025,09:48:20,24895.1,24883.8,150,24894.1,75,0,177075
NIFTY-III.NFO,02/05/2025,09:48:21,24895.1,24886,75,24894.1,75,0,177075
NIFTY-III.NFO,02/05/2025,09:48:23,24895.1,24886,75,24890,150,0,177075
NIFTY-III.NFO,02/05/2025,09:48:25,24895.1,24886,75,24890,75,0,177075
NIFTY-III.NFO,02/05/2025,09:48:28,24895.1,24886,75,24890,150,0,177075
NIFTY-III.NFO,02/05/2025,09:48:30,24895.1,24886,75,24890,75,0,177075
NIFTY-III.NFO,02/05/2025,09:48:31,24895.1,24886,75,24890,150,0,177075
NIFTY-III.NFO,02/05/2025,09:48:33,24895.1,24886,75,24890,75,0,177075
NIFTY-III.NFO,02/05/2025,09:48:40,24895.1,24886,150,24890,75,0,177075
NIFTY-III.NFO,02/05/2025,09:48:41,24886,24885,750,24888.7,225,150,177450
NIFTY-III.NFO,02/05/2025,09:48:43,24886,24885,750,24888.3,150,0,177450
NIFTY-III.NFO,02/05/2025,09:48:45,24885,24875.3,75,24886.9,75,750,177450
NIFTY-III.NFO,02/05/2025,09:48:46,24885,24876.9,225,24887.3,75,0,177450
NIFTY-III.NFO,02/05/2025,09:48:48,24885,24878.6,75,24888,75,0,177450
NIFTY-III.NFO,02/05/2025,09:48:53,24885,24885,150,24889.4,75,0,177450
NIFTY-III.NFO,02/05/2025,09:48:56,24885,24885,75,24889.9,75,75,177450
NIFTY-III.NFO,02/05/2025,09:48:58,24885,24885,75,24889.9,75,0,177450
NIFTY-III.NFO,02/05/2025,09:49:00,24889.9,24885,75,24889.1,150,75,177450
NIFTY-III.NFO,02/05/2025,09:49:01,24889.9,24885,75,24890,75,0,177450
NIFTY-III.NFO,02/05/2025,09:49:03,24889.9,24885,75,24889.9,150,0,177450
NIFTY-III.NFO,02/05/2025,09:49:05,24889.9,24885,75,24890,75,0,177450
NIFTY-III.NFO,02/05/2025,09:49:06,24889.9,24885.1,150,24890,75,0,177450
NIFTY-III.NFO,02/05/2025,09:49:08,24889.9,24885.1,75,24890,75,0,177450
NIFTY-III.NFO,02/05/2025,09:49:11,24889.9,24885,75,24889.9,75,0,177450
NIFTY-III.NFO,02/05/2025,09:49:13,24889.9,24885,75,24890,150,0,177450
NIFTY-III.NFO,02/05/2025,09:49:15,24889.9,24885,75,24890,75,0,177450
NIFTY-III.NFO,02/05/2025,09:49:16,24889.9,24885,75,24890,150,0,177450
NIFTY-III.NFO,02/05/2025,09:49:18,24889.9,24885,75,24889.9,225,0,177450
NIFTY-III.NFO,02/05/2025,09:49:20,24889.9,24885,75,24889.8,75,0,177450
NIFTY-III.NFO,02/05/2025,09:49:21,24889.9,24885,75,24889.9,75,0,177450
NIFTY-III.NFO,02/05/2025,09:49:23,24889.9,24885,75,24889.8,75,0,177450
NIFTY-III.NFO,02/05/2025,09:49:25,24889.9,24885,75,24889.9,75,0,177450
NIFTY-III.NFO,02/05/2025,09:49:26,24889.9,24885.1,75,24889.9,75,0,177450
NIFTY-III.NFO,02/05/2025,09:49:30,24889.9,24885.2,75,24889.9,75,0,177450
NIFTY-III.NFO,02/05/2025,09:49:35,24889.9,24885.1,150,24889.9,75,0,177450
NIFTY-III.NFO,02/05/2025,09:49:36,24889.9,24886.1,75,24890,75,75,177450
NIFTY-III.NFO,02/05/2025,09:49:38,24889.9,24887.8,150,24890,75,0,177450
NIFTY-III.NFO,02/05/2025,09:49:40,24895,24892.4,150,24895,150,150,177450
NIFTY-III.NFO,02/05/2025,09:49:41,24910,24910.1,75,24919.9,150,3675,177450
NIFTY-III.NFO,02/05/2025,09:49:41,24910,24910.1,75,24919.9,150,0,177450
NIFTY-III.NFO,02/05/2025,09:49:43,24910,24910.1,75,24919.9,75,0,177450
NIFTY-III.NFO,02/05/2025,09:49:45,24910,24910,750,24918.9,75,0,177450
NIFTY-III.NFO,02/05/2025,09:49:46,24919.9,24910.3,150,24919.9,150,225,177450
NIFTY-III.NFO,02/05/2025,09:49:46,24919.9,24910.3,150,24919.9,150,0,177450
NIFTY-III.NFO,02/05/2025,09:49:48,24910.7,24910.7,75,24919.9,150,150,177450
NIFTY-III.NFO,02/05/2025,09:49:50,24910,24910,600,24919.8,75,75,177450
NIFTY-III.NFO,02/05/2025,09:49:51,24910,24910,525,24917,75,0,177450
NIFTY-III.NFO,02/05/2025,09:49:53,24910,24910,525,24916.6,75,0,177450
NIFTY-III.NFO,02/05/2025,09:49:55,24910,24901.3,75,24914.7,150,600,177450
NIFTY-III.NFO,02/05/2025,09:49:56,24897.7,24895.9,150,24905.9,75,300,177450
NIFTY-III.NFO,02/05/2025,09:49:58,24897.7,24896,150,24905.7,150,0,177450
NIFTY-III.NFO,02/05/2025,09:50:00,24897.7,24898.9,75,24907.4,75,0,177450
NIFTY-III.NFO,02/05/2025,09:50:01,24897,24897.3,75,24906.5,75,75,177450
NIFTY-III.NFO,02/05/2025,09:50:03,24897,24893.5,75,24905,75,0,177450
NIFTY-III.NFO,02/05/2025,09:50:05,24897,24894.5,150,24905,75,0,177450
NIFTY-III.NFO,02/05/2025,09:50:06,24897,24897.1,75,24907.9,75,0,177450
NIFTY-III.NFO,02/05/2025,09:50:10,24897,24896.3,375,24907.9,75,0,177450
NIFTY-III.NFO,02/05/2025,09:50:11,24897,24896.7,75,24907.9,75,0,177450
NIFTY-III.NFO,02/05/2025,09:50:13,24897,24896.8,375,24907.9,75,0,177450
NIFTY-III.NFO,02/05/2025,09:50:15,24897,24896.7,75,24907.9,75,0,177450
NIFTY-III.NFO,02/05/2025,09:50:16,24897,24894.3,450,24900,75,0,177450
NIFTY-III.NFO,02/05/2025,09:50:18,24897,24893.5,450,24900,75,0,177450
NIFTY-III.NFO,02/05/2025,09:50:20,24897,24893.5,525,24900,75,0,177450
NIFTY-III.NFO,02/05/2025,09:50:21,24900,24900.1,375,24909.7,75,75,177450
NIFTY-III.NFO,02/05/2025,09:50:23,24900,24900.1,75,24910.1,75,0,177450
NIFTY-III.NFO,02/05/2025,09:50:25,24900,24900.3,375,24910.1,75,0,177450
NIFTY-III.NFO,02/05/2025,09:50:26,24900,24902.6,375,24911.6,75,0,177450
NIFTY-III.NFO,02/05/2025,09:50:28,24900,24902.9,375,24912.7,75,0,177450
NIFTY-III.NFO,02/05/2025,09:50:30,24900,24902,75,24912.9,75,0,177450
NIFTY-III.NFO,02/05/2025,09:50:31,24900,24900.8,75,24912.9,75,0,177450
NIFTY-III.NFO,02/05/2025,09:50:33,24900,24900,375,24910,150,0,177450
NIFTY-III.NFO,02/05/2025,09:50:35,24900,24900.3,75,24909.9,75,0,177450
NIFTY-III.NFO,02/05/2025,09:50:36,24900,24903.8,375,24910,75,0,177450
NIFTY-III.NFO,02/05/2025,09:50:38,24900,24902,75,24910,150,0,177450
NIFTY-III.NFO,02/05/2025,09:50:40,24900,24901.3,150,24909.9,75,0,177450
NIFTY-III.NFO,02/05/2025,09:50:41,24900,24900,375,24909.9,75,0,177450
NIFTY-III.NFO,02/05/2025,09:50:43,24900,24900,375,24907.8,75,0,177450
NIFTY-III.NFO,02/05/2025,09:50:45,24900,24900,375,24906.4,75,0,177450
NIFTY-III.NFO,02/05/2025,09:50:46,24900,24891,150,24902.4,150,375,177450
NIFTY-III.NFO,02/05/2025,09:50:48,24900,24891,150,24902.3,75,0,177450
NIFTY-III.NFO,02/05/2025,09:50:50,24900,24897,1050,24902.3,75,0,177450
NIFTY-III.NFO,02/05/2025,09:50:51,24900,24897,1050,24900.2,75,0,177450
NIFTY-III.NFO,02/05/2025,09:50:53,24897,24891,150,24898.5,75,1050,177450
NIFTY-III.NFO,02/05/2025,09:50:55,24897,24891,150,24899.5,75,0,177450
NIFTY-III.NFO,02/05/2025,09:50:56,24897,24891.9,375,24900.9,75,0,177450
NIFTY-III.NFO,02/05/2025,09:50:58,24897,24891,150,24900.9,75,0,177450
NIFTY-III.NFO,02/05/2025,09:51:00,24897,24892.4,75,24902.3,75,0,177450
NIFTY-III.NFO,02/05/2025,09:51:01,24897,24891.3,75,24902.3,75,0,177450
NIFTY-III.NFO,02/05/2025,09:51:03,24897,24891.9,375,24902.3,75,0,177450
NIFTY-III.NFO,02/05/2025,09:51:05,24897,24893,375,24900,75,0,177450
NIFTY-III.NFO,02/05/2025,09:51:10,24897,24891,150,24899.9,75,0,177450
NIFTY-III.NFO,02/05/2025,09:51:11,24897,24891.2,75,24899.8,75,0,177450
NIFTY-III.NFO,02/05/2025,09:51:13,24897,24891.5,150,24899.9,150,0,177450
NIFTY-III.NFO,02/05/2025,09:51:15,24897,24891,150,24899.9,150,0,177450
NIFTY-III.NFO,02/05/2025,09:51:19,24897,24891,75,24898.5,75,0,177450
NIFTY-III.NFO,02/05/2025,09:51:21,24890,24888,75,24898.5,75,300,177450
NIFTY-III.NFO,02/05/2025,09:51:23,24890,24888.1,300,24898.5,75,0,177450
NIFTY-III.NFO,02/05/2025,09:51:24,24888.1,24889.1,75,24898.5,75,75,179250
NIFTY-III.NFO,02/05/2025,09:51:26,24888.1,24889.9,450,24899.9,75,0,179250
NIFTY-III.NFO,02/05/2025,09:51:28,24888.1,24890.5,300,24899.9,75,0,179250
NIFTY-III.NFO,02/05/2025,09:51:29,24888.1,24890.5,75,24900,225,0,179250
NIFTY-III.NFO,02/05/2025,09:51:31,24888.1,24890.9,75,24899.9,75,0,179250
NIFTY-III.NFO,02/05/2025,09:51:34,24888.1,24891.1,375,24899.5,150,0,179250
NIFTY-III.NFO,02/05/2025,09:51:36,24888.1,24892.4,75,24899.5,75,0,179250
NIFTY-III.NFO,02/05/2025,09:51:38,24888.1,24891.4,450,24899.5,150,0,179250
NIFTY-III.NFO,02/05/2025,09:51:39,24891.4,24890.8,150,24899.7,75,375,179250
NIFTY-III.NFO,02/05/2025,09:51:41,24891.4,24888.8,75,24899.7,75,0,179250
NIFTY-III.NFO,02/05/2025,09:51:44,24891.4,24889.8,75,24899.7,75,0,179250
NIFTY-III.NFO,02/05/2025,09:51:46,24891.4,24890.9,450,24900,300,0,179250
NIFTY-III.NFO,02/05/2025,09:51:48,24891.4,24894.7,450,24900,225,0,179250
NIFTY-III.NFO,02/05/2025,09:51:50,24891.4,24894.7,375,24900,225,0,179250
NIFTY-III.NFO,02/05/2025,09:51:51,24891.4,24892.4,150,24900,300,0,179250
NIFTY-III.NFO,02/05/2025,09:51:53,24891.4,24892.1,525,24900,300,0,179250
NIFTY-III.NFO,02/05/2025,09:51:55,24891.4,24892.2,750,24900,225,0,179250
NIFTY-III.NFO,02/05/2025,09:51:56,24891.4,24894.5,825,24900,225,0,179250
NIFTY-III.NFO,02/05/2025,09:51:58,24891.4,24893.6,825,24899,75,0,179250
NIFTY-III.NFO,02/05/2025,09:52:01,24891.4,24896.2,75,24899,75,0,179250
NIFTY-III.NFO,02/05/2025,09:52:06,24891.4,24894.7,225,24899,75,0,179250
NIFTY-III.NFO,02/05/2025,09:52:08,24891.4,24896.3,75,24899,75,0,179250
NIFTY-III.NFO,02/05/2025,09:52:09,24899,24896.9,150,24900,75,75,179250
NIFTY-III.NFO,02/05/2025,09:52:11,24899,24892.5,75,24900,150,0,179250
NIFTY-III.NFO,02/05/2025,09:52:13,24899,24892.5,75,24899.9,150,0,179250
NIFTY-III.NFO,02/05/2025,09:52:14,24899,24892.5,450,24899.9,150,0,179250
NIFTY-III.NFO,02/05/2025,09:52:16,24899,24890.3,450,24899.9,150,0,179250
NIFTY-III.NFO,02/05/2025,09:52:18,24899,24890,150,24898.7,75,0,179250
NIFTY-III.NFO,02/05/2025,09:52:19,24892.5,24892.5,375,24899.9,150,75,179250
NIFTY-III.NFO,02/05/2025,09:52:21,24892.5,24891,375,24899.9,150,0,179250
NIFTY-III.NFO,02/05/2025,09:52:24,24892.5,24891,75,24899.9,150,0,179250
NIFTY-III.NFO,02/05/2025,09:52:26,24890,24890,150,24899.9,150,75,179250
NIFTY-III.NFO,02/05/2025,09:52:28,24890,24890,150,24899.9,150,0,179250
NIFTY-III.NFO,02/05/2025,09:52:29,24890,24890,75,24896,75,0,179250
NIFTY-III.NFO,02/05/2025,09:52:34,24890,24890,150,24896,75,0,179250
NIFTY-III.NFO,02/05/2025,09:52:36,24890,24890,75,24892,300,0,179250
NIFTY-III.NFO,02/05/2025,09:52:38,24890,24890.1,300,24892,300,0,179250
NIFTY-III.NFO,02/05/2025,09:52:39,24890,24890.4,300,24892,300,0,179250
NIFTY-III.NFO,02/05/2025,09:52:41,24891.5,24891.7,225,24892,300,75,179250
NIFTY-III.NFO,02/05/2025,09:52:43,24892,24893.7,225,24899,75,300,179250
NIFTY-III.NFO,02/05/2025,09:52:44,24892,24893.4,300,24899,75,0,179250
NIFTY-III.NFO,02/05/2025,09:52:46,24892,24890.8,300,24898.9,150,0,179250
NIFTY-III.NFO,02/05/2025,09:52:48,24892,24890,225,24898.3,150,0,179250
NIFTY-III.NFO,02/05/2025,09:52:49,24892,24890,225,24891.7,75,0,179250
NIFTY-III.NFO,02/05/2025,09:52:51,24892,24890,225,24890.8,75,0,179250
NIFTY-III.NFO,02/05/2025,09:52:53,24890,24885,75,24890.8,75,225,179250
NIFTY-III.NFO,02/05/2025,09:52:54,24890,24885.2,225,24890.8,75,0,179250
NIFTY-III.NFO,02/05/2025,09:52:58,24890,24885,75,24890.8,75,0,179250
NIFTY-III.NFO,02/05/2025,09:52:59,24885.2,24885.8,150,24890.8,75,75,179250
NIFTY-III.NFO,02/05/2025,09:53:01,24885.8,24885,75,24890.7,150,75,179250
NIFTY-III.NFO,02/05/2025,09:53:03,24885.8,24885,75,24890.7,150,0,179250
NIFTY-III.NFO,02/05/2025,09:53:06,24890.8,24885.6,75,24891,75,75,179250
NIFTY-III.NFO,02/05/2025,09:53:09,24885.6,24887.1,75,24891,75,75,179250
NIFTY-III.NFO,02/05/2025,09:53:11,24885.6,24887.3,150,24891,75,0,179250
NIFTY-III.NFO,02/05/2025,09:53:13,24885.6,24889.4,150,24891,75,0,179250
NIFTY-III.NFO,02/05/2025,09:53:14,24885.6,24885,150,24891,75,0,179250
NIFTY-III.NFO,02/05/2025,09:53:16,24885.6,24885,75,24890.9,75,0,179250
NIFTY-III.NFO,02/05/2025,09:53:17,24885.6,24885,75,24885.6,75,0,179250
NIFTY-III.NFO,02/05/2025,09:53:21,24885.6,24886.6,225,24890,75,75,179250
NIFTY-III.NFO,02/05/2025,09:53:22,24885.6,24889.3,75,24890,75,0,179250
NIFTY-III.NFO,02/05/2025,09:53:24,24885.6,24888.1,150,24890,75,0,179250
NIFTY-III.NFO,02/05/2025,09:53:26,24885.6,24887.3,75,24890,75,0,179250
NIFTY-III.NFO,02/05/2025,09:53:27,24885.6,24888,225,24890,75,0,179250
NIFTY-III.NFO,02/05/2025,09:53:29,24888,24888.5,150,24890,75,75,179250
NIFTY-III.NFO,02/05/2025,09:53:31,24888,24888.9,75,24890,75,0,179250
NIFTY-III.NFO,02/05/2025,09:53:32,24890,24888.6,150,24892,75,75,179250
NIFTY-III.NFO,02/05/2025,09:53:34,24890,24886.4,150,24892,75,0,179250
NIFTY-III.NFO,02/05/2025,09:53:36,24890,24887.3,150,24892,75,0,179250
NIFTY-III.NFO,02/05/2025,09:53:37,24890,24890.1,225,24892,75,0,179250
NIFTY-III.NFO,02/05/2025,09:53:39,24895,24898.3,150,24899,75,825,179250
NIFTY-III.NFO,02/05/2025,09:53:41,24895,24897.6,375,24899,75,0,179250
NIFTY-III.NFO,02/05/2025,09:53:42,24900,24900.7,75,24908.1,150,225,179250
NIFTY-III.NFO,02/05/2025,09:53:44,24900,24899.2,75,24908.1,150,0,179250
NIFTY-III.NFO,02/05/2025,09:53:46,24900,24899.6,75,24908.1,150,0,179250
NIFTY-III.NFO,02/05/2025,09:53:47,24900,24898.2,75,24908.1,150,0,179250
NIFTY-III.NFO,02/05/2025,09:53:49,24900,24896.4,225,24897,75,0,179250
NIFTY-III.NFO,02/05/2025,09:53:51,24900,24896.6,150,24897,75,0,179250
NIFTY-III.NFO,02/05/2025,09:53:53,24897,24898.2,75,24908,75,75,179250
NIFTY-III.NFO,02/05/2025,09:53:54,24898.2,24898.1,75,24908,75,75,179250
NIFTY-III.NFO,02/05/2025,09:53:56,24898.2,24898.3,525,24908,75,0,179250
NIFTY-III.NFO,02/05/2025,09:53:58,24898.2,24898.4,75,24908,75,0,179250
NIFTY-III.NFO,02/05/2025,09:53:59,24898.2,24896.2,150,24908,75,0,179250
NIFTY-III.NFO,02/05/2025,09:54:01,24898.2,24897.4,150,24908,75,0,179250
NIFTY-III.NFO,02/05/2025,09:54:03,24898.2,24895.8,75,24907.6,75,0,179250
NIFTY-III.NFO,02/05/2025,09:54:04,24898.2,24895.6,150,24905.6,75,0,179250
NIFTY-III.NFO,02/05/2025,09:54:06,24898.2,24896,450,24905.6,75,0,179250
NIFTY-III.NFO,02/05/2025,09:54:08,24898.2,24896.6,75,24906.4,75,0,179250
NIFTY-III.NFO,02/05/2025,09:54:09,24898.2,24897.2,75,24906.4,75,0,179250
NIFTY-III.NFO,02/05/2025,09:54:11,24898.2,24893.3,450,24900,75,0,179250
NIFTY-III.NFO,02/05/2025,09:54:13,24898.2,24893.1,75,24899.9,150,0,179250
NIFTY-III.NFO,02/05/2025,09:54:14,24898.2,24892.6,450,24899.9,150,0,179250
NIFTY-III.NFO,02/05/2025,09:54:16,24898.2,24894.1,75,24899,75,0,179250
NIFTY-III.NFO,02/05/2025,09:54:18,24898.2,24895.2,75,24899,75,0,179250
NIFTY-III.NFO,02/05/2025,09:54:19,24898.5,24898.7,150,24899,75,75,179250
NIFTY-III.NFO,02/05/2025,09:54:21,24899,24898.4,150,24908.1,150,75,179250
NIFTY-III.NFO,02/05/2025,09:54:23,24899,24900.4,150,24908.1,150,0,179250
NIFTY-III.NFO,02/05/2025,09:54:24,24899,24899,150,24908.1,150,0,179250
NIFTY-III.NFO,02/05/2025,09:54:28,24899,24899.6,150,24908.1,150,0,179250
NIFTY-III.NFO,02/05/2025,09:54:29,24899,24900.8,150,24908.2,75,0,179250
NIFTY-III.NFO,02/05/2025,09:54:31,24899,24901.3,75,24908.2,75,0,179250
NIFTY-III.NFO,02/05/2025,09:54:33,24899,24900.8,75,24908.1,150,0,179250
NIFTY-III.NFO,02/05/2025,09:54:34,24899,24899.1,150,24908,75,0,179250
NIFTY-III.NFO,02/05/2025,09:54:38,24900,24899,375,24908,75,75,179250
NIFTY-III.NFO,02/05/2025,09:54:39,24900,24900.7,75,24908.2,150,0,179850
NIFTY-III.NFO,02/05/2025,09:54:41,24900,24901.3,150,24908.2,75,0,179850
NIFTY-III.NFO,02/05/2025,09:54:43,24900,24902.1,525,24908.2,75,0,179850
NIFTY-III.NFO,02/05/2025,09:54:44,24902.2,24903.2,375,24908.2,75,75,179850
NIFTY-III.NFO,02/05/2025,09:54:46,24908.2,24902.1,150,24910,75,75,179850
NIFTY-III.NFO,02/05/2025,09:54:48,24908.2,24902.5,75,24910,75,0,179850
NIFTY-III.NFO,02/05/2025,09:54:49,24908.2,24905.7,225,24910,75,0,179850
NIFTY-III.NFO,02/05/2025,09:54:51,24908.2,24905.9,75,24910,75,0,179850
NIFTY-III.NFO,02/05/2025,09:54:53,24908.2,24906.9,75,24910,75,0,179850
NIFTY-III.NFO,02/05/2025,09:54:54,24908.2,24902.7,300,24910,75,0,179850
NIFTY-III.NFO,02/05/2025,09:54:56,24908.2,24902,450,24909.9,150,0,179850
NIFTY-III.NFO,02/05/2025,09:54:58,24909.9,24901.9,150,24909.9,150,75,179850
NIFTY-III.NFO,02/05/2025,09:54:59,24909.9,24905.3,150,24910,75,0,179850
NIFTY-III.NFO,02/05/2025,09:55:01,24909.9,24905.9,150,24910,75,0,179850
NIFTY-III.NFO,02/05/2025,09:55:03,24909.9,24906.6,75,24910,75,0,179850
NIFTY-III.NFO,02/05/2025,09:55:04,24909.9,24903.1,150,24909.9,75,0,179850
