Ticker,Date,Time,LTP,BuyPrice,BuyQty,SellPrice,SellQty,LTQ,OpenInterest
NIFTY-I.NFO,02/05/2025,09:15:00,24399.9,24419,375,24424.8,300,525,0
NIFTY-I.NFO,02/05/2025,09:15:00,24399.9,24419,375,24424.8,300,0,0
NIFTY-I.NFO,02/05/2025,09:15:00,24419,24419,375,24424.8,300,0,0
NIFTY-I.NFO,02/05/2025,09:15:00,24399.9,24419,375,24424.8,300,0,0
NIFTY-I.NFO,02/05/2025,09:15:01,24423.9,24423.9,75,24432.2,150,7575,13347750
NIFTY-I.NFO,02/05/2025,09:15:01,24450,24423.9,75,24432.2,150,0,13347750
NIFTY-I.NFO,02/05/2025,09:15:02,24427.7,24427.7,300,24433.4,300,7125,13347750
NIFTY-I.NFO,02/05/2025,09:15:03,24445.9,24438,300,24445.1,300,5925,13347750
NIFTY-I.NFO,02/05/2025,09:15:04,24447.9,24439.5,300,24447.9,300,5250,13347750
NIFTY-I.NFO,02/05/2025,09:15:05,24450,24449.5,75,24450,1500,9450,13347750
NIFTY-I.NFO,02/05/2025,09:15:07,24468.3,24466.1,150,24468.4,75,6600,13347750
NIFTY-I.NFO,02/05/2025,09:15:07,24468.3,24466.1,150,24468.4,75,0,13347750
NIFTY-I.NFO,02/05/2025,09:15:08,24471.7,24471.7,75,24474,225,2775,13347750
NIFTY-I.NFO,02/05/2025,09:15:08,24473,24471.7,75,24474,225,0,13347750
NIFTY-I.NFO,02/05/2025,09:15:09,24479.8,24479.6,300,24480,1125,7725,13347750
NIFTY-I.NFO,02/05/2025,09:15:09,24479.8,24479.6,300,24480,1125,0,13347750
NIFTY-I.NFO,02/05/2025,09:15:11,24484,24480.3,300,24486.3,75,3675,13347750
NIFTY-I.NFO,02/05/2025,09:15:11,24488.3,24480.3,300,24486.3,75,0,13347750
NIFTY-I.NFO,02/05/2025,09:15:12,24488.7,24482.5,75,24488.5,150,12075,13347750
NIFTY-I.NFO,02/05/2025,09:15:12,24488.9,24482.5,75,24488.5,150,0,13347750
NIFTY-I.NFO,02/05/2025,09:15:14,24492,24493,375,24495,3075,9300,13347750
NIFTY-I.NFO,02/05/2025,09:15:14,24495,24493,375,24495,3075,0,13347750
NIFTY-I.NFO,02/05/2025,09:15:15,24502.7,24502.7,150,24503.2,150,15600,13347750
NIFTY-I.NFO,02/05/2025,09:15:15,24503.2,24502.7,150,24503.2,150,0,13347750
NIFTY-I.NFO,02/05/2025,09:15:16,24498,24491,300,24498,225,7125,13347750
NIFTY-I.NFO,02/05/2025,09:15:16,24503.3,24491,300,24498,225,0,13347750
NIFTY-I.NFO,02/05/2025,09:15:18,24501.7,24497.6,375,24500,600,6750,13368375
NIFTY-I.NFO,02/05/2025,09:15:20,24503.4,24502.4,75,24503.4,225,10200,13368375
NIFTY-I.NFO,02/05/2025,09:15:20,24503.4,24502.4,75,24503.4,225,0,13368375
NIFTY-I.NFO,02/05/2025,09:15:21,24504.4,24503.6,375,24504.4,825,12600,13368375
NIFTY-I.NFO,02/05/2025,09:15:21,24504.4,24503.6,375,24504.4,825,0,13368375
NIFTY-I.NFO,02/05/2025,09:15:23,24504.7,24503.7,1050,24504.7,450,4200,13368375
NIFTY-I.NFO,02/05/2025,09:15:23,24504.7,24503.7,1050,24504.7,450,0,13368375
NIFTY-I.NFO,02/05/2025,09:15:24,24504.7,24504.4,1650,24505.2,675,6975,13368375
NIFTY-I.NFO,02/05/2025,09:15:24,24505.2,24504.4,1650,24505.2,675,0,13368375
NIFTY-I.NFO,02/05/2025,09:15:26,24503.7,24504.7,225,24504.9,375,3525,13368375
NIFTY-I.NFO,02/05/2025,09:15:26,24505.3,24504.7,225,24504.9,375,0,13368375
NIFTY-I.NFO,02/05/2025,09:15:28,24506.5,24506.2,75,24506.6,900,18375,13368375
NIFTY-I.NFO,02/05/2025,09:15:28,24506.5,24506.2,75,24506.6,900,0,13368375
NIFTY-I.NFO,02/05/2025,09:15:29,24507.6,24507.4,375,24507.6,300,12375,13368375
NIFTY-I.NFO,02/05/2025,09:15:29,24507.6,24507.4,375,24507.6,300,0,13368375
NIFTY-I.NFO,02/05/2025,09:15:31,24509.6,24509.1,75,24509.6,225,21750,13368375
NIFTY-I.NFO,02/05/2025,09:15:31,24509.6,24509.1,75,24509.6,225,0,13368375
NIFTY-I.NFO,02/05/2025,09:15:32,24510,24510.1,75,24510.4,525,9750,13368375
NIFTY-I.NFO,02/05/2025,09:15:32,24510.4,24510.1,75,24510.4,525,0,13368375
NIFTY-I.NFO,02/05/2025,09:15:34,24510.9,24510.7,75,24511,225,9975,13368375
NIFTY-I.NFO,02/05/2025,09:15:34,24510.9,24510.7,75,24511,225,0,13368375
NIFTY-I.NFO,02/05/2025,09:15:35,24508,24509.7,225,24511.2,225,4575,13368375
NIFTY-I.NFO,02/05/2025,09:15:35,24511.2,24509.7,225,24511.2,225,0,13368375
NIFTY-I.NFO,02/05/2025,09:15:37,24513.1,24513,150,24513.1,150,20700,13368375
NIFTY-I.NFO,02/05/2025,09:15:37,24513.1,24513,150,24513.1,150,0,13368375
NIFTY-I.NFO,02/05/2025,09:15:39,24513.9,24513.3,750,24513.9,375,9375,13368375
NIFTY-I.NFO,02/05/2025,09:15:39,24513.9,24513.3,750,24513.9,375,0,13368375
NIFTY-I.NFO,02/05/2025,09:15:40,24512.5,24513.7,75,24514.2,750,4425,13368375
NIFTY-I.NFO,02/05/2025,09:15:40,24514.2,24513.7,75,24514.2,750,0,13368375
NIFTY-I.NFO,02/05/2025,09:15:42,24519.9,24517.2,75,24520,525,12600,13368375
NIFTY-I.NFO,02/05/2025,09:15:42,24519.9,24517.2,75,24520,525,0,13368375
NIFTY-I.NFO,02/05/2025,09:15:43,24524.1,24524.2,150,24525,975,4275,13368375
NIFTY-I.NFO,02/05/2025,09:15:43,24525,24524.2,150,24525,975,0,13368375
NIFTY-I.NFO,02/05/2025,09:15:45,24522.8,24524.2,300,24529.8,300,3825,13368375
NIFTY-I.NFO,02/05/2025,09:15:45,24528.4,24524.2,300,24529.8,300,0,13368375
NIFTY-I.NFO,02/05/2025,09:15:47,24522.2,24521,75,24527.7,525,3525,13368375
NIFTY-I.NFO,02/05/2025,09:15:47,24530,24521,75,24527.7,525,0,13368375
NIFTY-I.NFO,02/05/2025,09:15:48,24529.8,24522.8,600,24529.8,150,1950,13368375
NIFTY-I.NFO,02/05/2025,09:15:50,24523.2,24519.3,600,24523.6,75,4350,13368375
NIFTY-I.NFO,02/05/2025,09:15:51,24520.2,24518.8,600,24523.5,600,2475,13368375
NIFTY-I.NFO,02/05/2025,09:15:53,24514.7,24515.1,75,24518.4,375,3375,13368375
NIFTY-I.NFO,02/05/2025,09:15:55,24515.5,24514.2,75,24516.5,600,1125,13368375
NIFTY-I.NFO,02/05/2025,09:15:56,24511.2,24512.3,75,24515.1,75,2475,13368375
NIFTY-I.NFO,02/05/2025,09:15:58,24515.5,24515.3,75,24517.1,75,4200,13368375
NIFTY-I.NFO,02/05/2025,09:15:59,24516.9,24517.3,375,24519.3,225,2925,13368375
NIFTY-I.NFO,02/05/2025,09:16:01,24523,24523.1,75,24523.2,1800,3675,13368375
NIFTY-I.NFO,02/05/2025,09:16:03,24518.7,24516,300,24520,75,9375,13368375
NIFTY-I.NFO,02/05/2025,09:16:04,24507.9,24506.2,75,24510.4,75,4725,13368375
NIFTY-I.NFO,02/05/2025,09:16:06,24504.6,24504.6,75,24510.9,75,3900,13368375
NIFTY-I.NFO,02/05/2025,09:16:08,24500.7,24500.4,75,24507,150,1275,13368375
NIFTY-I.NFO,02/05/2025,09:16:09,24504.6,24498.6,75,24504.9,75,1650,13368375
NIFTY-I.NFO,02/05/2025,09:16:11,24508.9,24504.6,150,24508.9,150,3600,13368375
NIFTY-I.NFO,02/05/2025,09:16:13,24507.3,24500.8,225,24504.8,75,4200,13368375
NIFTY-I.NFO,02/05/2025,09:16:14,24502.1,24500.9,150,24507.7,225,3075,13368375
NIFTY-I.NFO,02/05/2025,09:16:16,24504,24498.9,225,24503.5,300,1650,13368375
NIFTY-I.NFO,02/05/2025,09:16:18,24497.1,24497.1,75,24503.7,150,5925,13368375
NIFTY-I.NFO,02/05/2025,09:16:19,24500.7,24500.7,150,24502.1,675,975,13368375
NIFTY-I.NFO,02/05/2025,09:16:21,24510.1,24508.1,450,24511,1500,6300,13368375
NIFTY-I.NFO,02/05/2025,09:16:23,24512.8,24508,150,24512.9,600,4275,13368375
NIFTY-I.NFO,02/05/2025,09:16:24,24513,24505.3,450,24513,75,2625,13368375
NIFTY-I.NFO,02/05/2025,09:16:26,24502.5,24503.5,75,24507.9,75,900,13368375
NIFTY-I.NFO,02/05/2025,09:16:28,24505,24502.9,75,24505,225,3750,13368375
NIFTY-I.NFO,02/05/2025,09:16:29,24502.6,24501.1,75,24502.6,1050,1875,13368375
NIFTY-I.NFO,02/05/2025,09:16:31,24503.8,24501,375,24504.9,150,1725,13368375
NIFTY-I.NFO,02/05/2025,09:16:33,24501.1,24500.7,75,24505.7,75,1950,13368375
NIFTY-I.NFO,02/05/2025,09:16:34,24506.8,24504.4,75,24506.7,225,3600,13368375
NIFTY-I.NFO,02/05/2025,09:16:36,24507.5,24504.9,75,24507.2,75,1725,13368375
NIFTY-I.NFO,02/05/2025,09:16:38,24509,24509.2,225,24510,675,3975,13368375
NIFTY-I.NFO,02/05/2025,09:16:39,24512.9,24506.3,975,24512.5,225,4575,13368375
NIFTY-I.NFO,02/05/2025,09:16:41,24508.6,24508.2,150,24509.2,150,3975,13368375
NIFTY-I.NFO,02/05/2025,09:16:43,24512.1,24506.3,525,24512.2,75,5175,13368375
NIFTY-I.NFO,02/05/2025,09:16:44,24511,24506,825,24511,150,3375,13368375
NIFTY-I.NFO,02/05/2025,09:16:46,24509,24507.8,75,24509,150,1425,13368375
NIFTY-I.NFO,02/05/2025,09:16:48,24506,24507.3,300,24509.5,225,2025,13368375
NIFTY-I.NFO,02/05/2025,09:16:49,24511,24510,2100,24513.9,225,2700,13368375
NIFTY-I.NFO,02/05/2025,09:16:51,24510,24511,825,24512,150,1725,13368375
NIFTY-I.NFO,02/05/2025,09:16:53,24515,24512.1,225,24515,375,4875,13368375
NIFTY-I.NFO,02/05/2025,09:16:54,24513,24512.1,450,24517,150,2925,13368375
NIFTY-I.NFO,02/05/2025,09:16:56,24513,24513.7,75,24515,75,1425,13368375
NIFTY-I.NFO,02/05/2025,09:16:58,24515.1,24513,825,24515,375,1650,13368375
NIFTY-I.NFO,02/05/2025,09:17:00,24509,24509,450,24514.1,75,3900,13368375
NIFTY-I.NFO,02/05/2025,09:17:01,24512.5,24512.5,75,24515,525,4875,13368375
NIFTY-I.NFO,02/05/2025,09:17:03,24517.8,24517.7,300,24518,375,2550,13368375
NIFTY-I.NFO,02/05/2025,09:17:04,24518,24517.5,375,24519.7,75,4050,13368375
NIFTY-I.NFO,02/05/2025,09:17:06,24527.6,24526,225,24528,300,8475,13368375
NIFTY-I.NFO,02/05/2025,09:17:08,24524,24520,900,24524,1950,1650,13368375
NIFTY-I.NFO,02/05/2025,09:17:09,24524,24521.5,75,24524,1500,1275,13368375
NIFTY-I.NFO,02/05/2025,09:17:11,24526.4,24521,375,24523.9,225,2025,13368375
NIFTY-I.NFO,02/05/2025,09:17:13,24524,24524,1125,24526.4,75,2100,13368375
NIFTY-I.NFO,02/05/2025,09:17:14,24528,24528.2,75,24529,600,1575,13368375
NIFTY-I.NFO,02/05/2025,09:17:16,24529.5,24529.5,525,24530,2700,1725,13368375
NIFTY-I.NFO,02/05/2025,09:17:18,24528,24528,375,24533,75,7275,13368375
NIFTY-I.NFO,02/05/2025,09:17:18,24536.7,24528,375,24533,75,0,13368375
NIFTY-I.NFO,02/05/2025,09:17:19,24530.1,24531.2,75,24534.1,75,4950,13368375
NIFTY-I.NFO,02/05/2025,09:17:21,24534.7,24532.4,375,24534.7,300,2700,13368375
NIFTY-I.NFO,02/05/2025,09:17:21,24538.9,24532.4,375,24534.7,300,0,13368375
NIFTY-I.NFO,02/05/2025,09:17:23,24539,24534.7,975,24537.6,600,3825,13368375
NIFTY-I.NFO,02/05/2025,09:17:23,24539,24534.7,975,24537.6,600,0,13368375
NIFTY-I.NFO,02/05/2025,09:17:24,24536.4,24534.8,375,24535.9,600,3675,13368375
NIFTY-I.NFO,02/05/2025,09:17:26,24535,24535,675,24537.8,75,1875,13368375
NIFTY-I.NFO,02/05/2025,09:17:28,24536.4,24536.4,975,24537,975,2475,13368375
NIFTY-I.NFO,02/05/2025,09:17:29,24537,24537,150,24539.8,600,3075,13368375
NIFTY-I.NFO,02/05/2025,09:17:29,24539.8,24537,150,24539.8,600,0,13368375
NIFTY-I.NFO,02/05/2025,09:17:31,24537.1,24537.1,225,24539.6,375,4350,13368375
NIFTY-I.NFO,02/05/2025,09:17:31,24539.9,24537.1,225,24539.6,375,0,13368375
NIFTY-I.NFO,02/05/2025,09:17:33,24537,24537,300,24539.2,375,3825,13368375
NIFTY-I.NFO,02/05/2025,09:17:34,24537.1,24535,2250,24538.8,75,3300,13368375
NIFTY-I.NFO,02/05/2025,09:17:36,24536.4,24535,2475,24536.4,75,1575,13368375
NIFTY-I.NFO,02/05/2025,09:17:38,24535,24534.5,525,24535,300,5175,13368375
NIFTY-I.NFO,02/05/2025,09:17:39,24532.1,24532.1,450,24535.7,225,6300,13368375
NIFTY-I.NFO,02/05/2025,09:17:41,24534.6,24530.1,75,24532.9,450,3450,13368375
NIFTY-I.NFO,02/05/2025,09:17:43,24529.6,24530,75,24531.7,75,3375,13368375
NIFTY-I.NFO,02/05/2025,09:17:44,24532.1,24530,525,24532.1,825,1800,13368375
NIFTY-I.NFO,02/05/2025,09:17:46,24532.1,24530,450,24532.1,675,11700,13368375
NIFTY-I.NFO,02/05/2025,09:17:48,24533.5,24528.9,675,24533.5,375,6975,13368375
NIFTY-I.NFO,02/05/2025,09:17:49,24530.4,24529.6,375,24532.1,75,975,13368375
NIFTY-I.NFO,02/05/2025,09:17:51,24533.8,24529.5,75,24533.8,375,1050,13368375
NIFTY-I.NFO,02/05/2025,09:17:52,24531.9,24525,225,24529.5,75,2400,13368375
NIFTY-I.NFO,02/05/2025,09:17:54,24526.4,24526.5,75,24531.3,450,1650,13368375
NIFTY-I.NFO,02/05/2025,09:17:56,24529.5,24528.7,375,24530,225,525,13368375
NIFTY-I.NFO,02/05/2025,09:17:57,24529.5,24529.5,750,24532,75,3675,13368375
NIFTY-I.NFO,02/05/2025,09:17:59,24535,24532.6,375,24535,675,975,13368375
NIFTY-I.NFO,02/05/2025,09:18:01,24532.6,24532,1125,24535,525,900,13368375
NIFTY-I.NFO,02/05/2025,09:18:02,24531.9,24531,375,24531.9,75,3225,13368375
NIFTY-I.NFO,02/05/2025,09:18:04,24536,24534,225,24535.5,75,4800,13368375
NIFTY-I.NFO,02/05/2025,09:18:06,24529,24529,75,24529.5,600,1425,13368375
NIFTY-I.NFO,02/05/2025,09:18:07,24529.5,24528,75,24529.5,375,375,13368375
NIFTY-I.NFO,02/05/2025,09:18:09,24529.5,24529.5,1125,24531.3,75,2325,13368375
NIFTY-I.NFO,02/05/2025,09:18:11,24529.5,24529.5,600,24531.5,225,900,13368375
NIFTY-I.NFO,02/05/2025,09:18:12,24530,24529.5,375,24530,375,600,13368375
NIFTY-I.NFO,02/05/2025,09:18:14,24530,24530,150,24531.3,75,1125,13368375
NIFTY-I.NFO,02/05/2025,09:18:16,24527.1,24527.1,675,24530.6,375,900,13368375
NIFTY-I.NFO,02/05/2025,09:18:17,24527.5,24526.6,75,24529.8,375,900,13368375
NIFTY-I.NFO,02/05/2025,09:18:19,24528,24526.9,75,24529.5,75,450,13413225
NIFTY-I.NFO,02/05/2025,09:18:21,24527.1,24527.6,75,24529.9,75,225,13413225
NIFTY-I.NFO,02/05/2025,09:18:22,24527.1,24527.1,600,24527.5,75,1500,13413225
NIFTY-I.NFO,02/05/2025,09:18:24,24524,24522,75,24525.4,375,3300,13413225
NIFTY-I.NFO,02/05/2025,09:18:26,24522,24520.9,75,24524.9,375,300,13413225
NIFTY-I.NFO,02/05/2025,09:18:27,24524,24523.5,375,24526,75,825,13413225
NIFTY-I.NFO,02/05/2025,09:18:29,24526.6,24522.9,75,24526.8,300,675,13413225
NIFTY-I.NFO,02/05/2025,09:18:31,24528.4,24521.3,150,24525.9,450,3675,13413225
NIFTY-I.NFO,02/05/2025,09:18:32,24525.9,24525.8,75,24529.8,300,675,13413225
NIFTY-I.NFO,02/05/2025,09:18:34,24529.8,24525.6,300,24527.8,75,2250,13413225
NIFTY-I.NFO,02/05/2025,09:18:36,24525,24525,1125,24526.3,75,675,13413225
NIFTY-I.NFO,02/05/2025,09:18:37,24525,24525,825,24526.6,75,675,13413225
NIFTY-I.NFO,02/05/2025,09:18:39,24525,24525,1575,24526.8,75,825,13413225
NIFTY-I.NFO,02/05/2025,09:18:41,24525.1,24525,1050,24528,75,1500,13413225
NIFTY-I.NFO,02/05/2025,09:18:42,24525,24524.3,525,24525,1275,1575,13413225
NIFTY-I.NFO,02/05/2025,09:18:44,24525,24524.3,75,24525,1275,525,13413225
NIFTY-I.NFO,02/05/2025,09:18:46,24525,24522.3,600,24525,1125,525,13413225
NIFTY-I.NFO,02/05/2025,09:18:47,24527.4,24527.3,75,24529,450,3225,13413225
NIFTY-I.NFO,02/05/2025,09:18:49,24527.1,24526.5,600,24530,2850,2025,13413225
NIFTY-I.NFO,02/05/2025,09:18:51,24529.8,24526.1,450,24530,2700,1425,13413225
NIFTY-I.NFO,02/05/2025,09:18:52,24527.4,24525.2,75,24528,75,900,13413225
NIFTY-I.NFO,02/05/2025,09:18:54,24527,24523,450,24524.3,1500,1275,13413225
NIFTY-I.NFO,02/05/2025,09:18:56,24524.3,24523,300,24523.1,75,1200,13413225
NIFTY-I.NFO,02/05/2025,09:18:57,24523,24523,150,24523.1,450,600,13413225
NIFTY-I.NFO,02/05/2025,09:18:59,24522,24522,225,24522.7,75,750,13413225
NIFTY-I.NFO,02/05/2025,09:19:01,24520.1,24520.1,1425,24521.3,375,825,13413225
NIFTY-I.NFO,02/05/2025,09:19:02,24520.1,24520.1,1350,24523,150,375,13413225
NIFTY-I.NFO,02/05/2025,09:19:04,24521.3,24521.3,75,24522,75,900,13413225
NIFTY-I.NFO,02/05/2025,09:19:06,24520.1,24520.1,150,24522,225,900,13413225
NIFTY-I.NFO,02/05/2025,09:19:07,24520,24520,3750,24520.1,75,3300,13413225
NIFTY-I.NFO,02/05/2025,09:19:09,24520.1,24518.1,75,24519.9,1050,4875,13413225
NIFTY-I.NFO,02/05/2025,09:19:11,24517.4,24517.4,375,24520,75,3375,13413225
NIFTY-I.NFO,02/05/2025,09:19:12,24520.1,24520.1,825,24522,75,450,13413225
NIFTY-I.NFO,02/05/2025,09:19:14,24520.2,24520.2,75,24523,825,1425,13413225
NIFTY-I.NFO,02/05/2025,09:19:16,24520.1,24519.8,225,24524.3,75,4875,13413225
NIFTY-I.NFO,02/05/2025,09:19:17,24521.9,24521.9,750,24524.2,75,2100,13413225
NIFTY-I.NFO,02/05/2025,09:19:19,24520.2,24520,75,24522,300,1425,13413225
NIFTY-I.NFO,02/05/2025,09:19:21,24522,24517.7,150,24521.9,75,825,13413225
NIFTY-I.NFO,02/05/2025,09:19:22,24520.3,24518.2,75,24521.9,75,450,13413225
NIFTY-I.NFO,02/05/2025,09:19:24,24522,24522,675,24522.6,150,450,13413225
NIFTY-I.NFO,02/05/2025,09:19:26,24521.9,24521.9,2550,24522,75,4125,13413225
NIFTY-I.NFO,02/05/2025,09:19:27,24521.9,24521.9,2775,24522.6,75,1050,13413225
NIFTY-I.NFO,02/05/2025,09:19:29,24521.9,24522.6,375,24523,150,2325,13413225
NIFTY-I.NFO,02/05/2025,09:19:31,24521.9,24520.3,600,24521.9,150,2625,13413225
NIFTY-I.NFO,02/05/2025,09:19:32,24524.3,24524.1,75,24525,4950,1500,13413225
NIFTY-I.NFO,02/05/2025,09:19:34,24524.1,24524.1,150,24528.2,75,9000,13413225
NIFTY-I.NFO,02/05/2025,09:19:36,24525,24525.2,300,24528.8,1275,1275,13413225
NIFTY-I.NFO,02/05/2025,09:19:37,24525.2,24525.2,1500,24528.8,600,3000,13413225
NIFTY-I.NFO,02/05/2025,09:19:39,24523,24524.1,75,24527.2,600,4800,13413225
NIFTY-I.NFO,02/05/2025,09:19:41,24526.2,24526.2,1125,24530,1875,225,13413225
NIFTY-I.NFO,02/05/2025,09:19:42,24526.2,24526.2,900,24530,1875,300,13413225
NIFTY-I.NFO,02/05/2025,09:19:44,24529.9,24529.2,750,24530,1875,975,13413225
NIFTY-I.NFO,02/05/2025,09:19:46,24526.2,24525.4,75,24529.3,75,1125,13413225
NIFTY-I.NFO,02/05/2025,09:19:47,24525.4,24525.4,225,24526.2,75,150,13413225
NIFTY-I.NFO,02/05/2025,09:19:49,24525,24525,675,24526.7,150,1125,13413225
NIFTY-I.NFO,02/05/2025,09:19:51,24523,24521,150,24523.9,150,6150,13413225
NIFTY-I.NFO,02/05/2025,09:19:52,24518,24517,75,24523,75,2775,13413225
NIFTY-I.NFO,02/05/2025,09:19:54,24517,24515.1,75,24520.6,450,1275,13413225
NIFTY-I.NFO,02/05/2025,09:19:56,24515,24514,75,24519.7,450,1200,13413225
NIFTY-I.NFO,02/05/2025,09:19:57,24514,24515,75,24518.1,450,525,13413225
NIFTY-I.NFO,02/05/2025,09:19:59,24512.6,24513.1,150,24515,1125,1050,13413225
NIFTY-I.NFO,02/05/2025,09:20:01,24511.2,24512.8,825,24514.8,75,5400,13413225
NIFTY-I.NFO,02/05/2025,09:20:02,24522.9,24521,525,24523,75,3975,13413225
NIFTY-I.NFO,02/05/2025,09:20:04,24521.5,24521.5,1200,24525,1575,1125,13413225
NIFTY-I.NFO,02/05/2025,09:20:06,24529.6,24529.6,750,24530,3450,3375,13413225
NIFTY-I.NFO,02/05/2025,09:20:07,24530,24525.5,75,24530,2100,3825,13413225
NIFTY-I.NFO,02/05/2025,09:20:09,24530,24528.9,75,24530,375,2625,13413225
NIFTY-I.NFO,02/05/2025,09:20:11,24521.9,24521.9,300,24528,75,1875,13413225
NIFTY-I.NFO,02/05/2025,09:20:12,24527.1,24522,75,24527.2,75,2925,13413225
NIFTY-I.NFO,02/05/2025,09:20:14,24517.9,24517.7,300,24523.9,150,300,13413225
NIFTY-I.NFO,02/05/2025,09:20:16,24525.1,24521.5,450,24527.4,75,450,13413225
NIFTY-I.NFO,02/05/2025,09:20:17,24519.6,24520,75,24521.9,75,2250,13413225
NIFTY-I.NFO,02/05/2025,09:20:19,24520,24520,150,24525,600,525,13413225
NIFTY-I.NFO,02/05/2025,09:20:21,24515.3,24519.6,75,24521.7,600,3000,13413225
NIFTY-I.NFO,02/05/2025,09:20:22,24519.8,24515.9,450,24519.8,150,600,13413225
NIFTY-I.NFO,02/05/2025,09:20:24,24522,24522.6,150,24525,150,2550,13413225
NIFTY-I.NFO,02/05/2025,09:20:26,24525,24522.1,75,24524.4,75,450,13413225
NIFTY-I.NFO,02/05/2025,09:20:27,24523.6,24519.7,75,24523.7,75,675,13413225
NIFTY-I.NFO,02/05/2025,09:20:29,24521.2,24522,75,24525,1725,2400,13413225
NIFTY-I.NFO,02/05/2025,09:20:31,24520.9,24520.9,150,24523.6,75,225,13413225
NIFTY-I.NFO,02/05/2025,09:20:32,24521,24521,75,24525,750,2025,13413225
NIFTY-I.NFO,02/05/2025,09:20:34,24521,24521,450,24525,150,2475,13413225
NIFTY-I.NFO,02/05/2025,09:20:36,24525,24520,600,24525.5,75,1275,13413225
NIFTY-I.NFO,02/05/2025,09:20:37,24514.7,24514.3,225,24520.8,750,1875,13413225
NIFTY-I.NFO,02/05/2025,09:20:39,24520.1,24520.1,75,24521,75,450,13413225
NIFTY-I.NFO,02/05/2025,09:20:41,24516.1,24516.1,375,24518.5,75,750,13413225
NIFTY-I.NFO,02/05/2025,09:20:42,24511.1,24511.2,75,24517.9,675,3900,13413225
NIFTY-I.NFO,02/05/2025,09:20:44,24511,24511,225,24516.1,75,1125,13413225
NIFTY-I.NFO,02/05/2025,09:20:46,24515,24516.7,75,24517.6,375,1350,13413225
NIFTY-I.NFO,02/05/2025,09:20:47,24516.7,24515,6000,24517.3,75,600,13413225
NIFTY-I.NFO,02/05/2025,09:20:49,24520,24515.1,75,24520,150,7050,13413225
NIFTY-I.NFO,02/05/2025,09:20:51,24520,24515,600,24520,75,1200,13413225
NIFTY-I.NFO,02/05/2025,09:20:52,24520,24515.1,600,24520,75,375,13413225
NIFTY-I.NFO,02/05/2025,09:20:54,24518,24518,75,24520.9,300,450,13413225
NIFTY-I.NFO,02/05/2025,09:20:56,24520.9,24517.6,75,24520,225,150,13413225
NIFTY-I.NFO,02/05/2025,09:20:57,24518.4,24517.3,975,24520,150,300,13413225
NIFTY-I.NFO,02/05/2025,09:20:59,24518,24518,225,24520,975,600,13413225
NIFTY-I.NFO,02/05/2025,09:21:01,24520.1,24520.1,225,24525,2700,1275,13413225
NIFTY-I.NFO,02/05/2025,09:21:02,24525,24523.1,75,24525,2400,450,13413225
NIFTY-I.NFO,02/05/2025,09:21:04,24525,24525,225,24527,150,3900,13413225
NIFTY-I.NFO,02/05/2025,09:21:06,24527.5,24522.1,600,24527.8,225,1050,13413225
NIFTY-I.NFO,02/05/2025,09:21:07,24523.1,24522.7,75,24527.7,75,75,13413225
NIFTY-I.NFO,02/05/2025,09:21:09,24522.4,24522.4,75,24523.5,75,975,13413225
NIFTY-I.NFO,02/05/2025,09:21:11,24534.4,24534.4,150,24536,1875,9300,13413225
NIFTY-I.NFO,02/05/2025,09:21:12,24534.1,24530.3,375,24534.3,75,2475,13413225
NIFTY-I.NFO,02/05/2025,09:21:14,24530.1,24526.3,75,24529.8,75,1050,13413225
NIFTY-I.NFO,02/05/2025,09:21:16,24529.9,24525,525,24527.5,75,2250,13413225
NIFTY-I.NFO,02/05/2025,09:21:18,24527,24528.2,75,24530.3,75,600,13413225
NIFTY-I.NFO,02/05/2025,09:21:19,24528,24526.5,525,24530,1575,3450,13450425
NIFTY-I.NFO,02/05/2025,09:21:21,24528.2,24527.7,600,24528.2,600,750,13450425
NIFTY-I.NFO,02/05/2025,09:21:23,24527.4,24528.6,525,24530,1650,825,13450425
NIFTY-I.NFO,02/05/2025,09:21:24,24528,24525.2,300,24529,75,1425,13450425
NIFTY-I.NFO,02/05/2025,09:21:26,24529,24525,1050,24529.4,600,375,13450425
NIFTY-I.NFO,02/05/2025,09:21:28,24529.2,24525,750,24529,150,600,13450425
NIFTY-I.NFO,02/05/2025,09:21:29,24527,24525.1,225,24528.5,75,525,13450425
NIFTY-I.NFO,02/05/2025,09:21:31,24525.9,24526.5,150,24529.9,75,525,13450425
NIFTY-I.NFO,02/05/2025,09:21:33,24522,24522.4,75,24527,75,2475,13450425
NIFTY-I.NFO,02/05/2025,09:21:34,24526.4,24525.9,300,24527,300,300,13450425
NIFTY-I.NFO,02/05/2025,09:21:36,24525.5,24525.5,450,24527,300,150,13450425
NIFTY-I.NFO,02/05/2025,09:21:38,24521.1,24521.1,300,24527.6,675,1275,13450425
NIFTY-I.NFO,02/05/2025,09:21:39,24521,24521,75,24524.2,450,1275,13450425
NIFTY-I.NFO,02/05/2025,09:21:41,24518.3,24514.1,375,24518.7,750,2775,13450425
NIFTY-I.NFO,02/05/2025,09:21:43,24514,24512,75,24514.5,600,525,13450425
NIFTY-I.NFO,02/05/2025,09:21:44,24510.2,24510.2,1350,24514.4,150,1050,13450425
NIFTY-I.NFO,02/05/2025,09:21:46,24514.3,24510.2,1125,24514.3,525,1275,13450425
NIFTY-I.NFO,02/05/2025,09:21:48,24507,24506.6,525,24510,75,2700,13450425
NIFTY-I.NFO,02/05/2025,09:21:49,24505,24505,150,24506.6,75,1350,13450425
NIFTY-I.NFO,02/05/2025,09:21:51,24503.5,24503.4,375,24506.6,75,2475,13450425
NIFTY-I.NFO,02/05/2025,09:21:53,24504.6,24506.1,75,24510,225,1575,13450425
NIFTY-I.NFO,02/05/2025,09:21:54,24506.4,24507.1,525,24510,2175,1875,13450425
NIFTY-I.NFO,02/05/2025,09:21:56,24505,24506.7,75,24510,2700,2175,13450425
NIFTY-I.NFO,02/05/2025,09:21:58,24515.3,24516.3,75,24520,300,5175,13450425
NIFTY-I.NFO,02/05/2025,09:21:59,24512.8,24512.6,75,24518,300,525,13450425
NIFTY-I.NFO,02/05/2025,09:22:01,24512,24506.5,525,24512,150,2625,13450425
NIFTY-I.NFO,02/05/2025,09:22:03,24508.7,24506.5,375,24508.7,375,225,13450425
NIFTY-I.NFO,02/05/2025,09:22:04,24505,24505,300,24506.8,525,750,13450425
NIFTY-I.NFO,02/05/2025,09:22:06,24506.5,24502.8,75,24506.5,150,1350,13450425
NIFTY-I.NFO,02/05/2025,09:22:08,24503,24504.4,75,24505,75,150,13450425
NIFTY-I.NFO,02/05/2025,09:22:09,24502,24502,75,24505,375,900,13450425
NIFTY-I.NFO,02/05/2025,09:22:11,24504.9,24501,1275,24502,75,1350,13450425
NIFTY-I.NFO,02/05/2025,09:22:13,24502.4,24502.6,75,24504.4,225,900,13450425
NIFTY-I.NFO,02/05/2025,09:22:14,24505.8,24502.3,75,24506.4,75,2100,13450425
NIFTY-I.NFO,02/05/2025,09:22:16,24502.5,24502.5,150,24503.7,75,675,13450425
NIFTY-I.NFO,02/05/2025,09:22:17,24501,24500.8,1800,24504,150,750,13450425
NIFTY-I.NFO,02/05/2025,09:22:19,24510.2,24506.9,300,24511,75,1125,13450425
NIFTY-I.NFO,02/05/2025,09:22:21,24511.5,24511.5,150,24514.4,150,600,13450425
NIFTY-I.NFO,02/05/2025,09:22:22,24509.1,24508.3,525,24509.9,150,1425,13450425
NIFTY-I.NFO,02/05/2025,09:22:24,24515,24513.3,75,24515,75,1350,13450425
NIFTY-I.NFO,02/05/2025,09:22:26,24515,24515,1050,24517.2,75,525,13450425
NIFTY-I.NFO,02/05/2025,09:22:27,24510.1,24511.5,75,24516.9,225,1500,13450425
NIFTY-I.NFO,02/05/2025,09:22:29,24511,24511.3,75,24512,75,975,13450425
NIFTY-I.NFO,02/05/2025,09:22:31,24510,24508.6,75,24514.4,75,750,13450425
NIFTY-I.NFO,02/05/2025,09:22:32,24511.5,24508.8,300,24511.5,150,225,13450425
NIFTY-I.NFO,02/05/2025,09:22:34,24509.8,24506.6,300,24511.5,150,825,13450425
NIFTY-I.NFO,02/05/2025,09:22:36,24510,24507.8,300,24510,975,825,13450425
NIFTY-I.NFO,02/05/2025,09:22:37,24509.8,24508.3,75,24509.8,225,75,13450425
NIFTY-I.NFO,02/05/2025,09:22:39,24512,24511.4,600,24514,300,3600,13450425
NIFTY-I.NFO,02/05/2025,09:22:40,24515.4,24515.4,75,24518,75,2550,13450425
NIFTY-I.NFO,02/05/2025,09:22:42,24515,24512.1,300,24514,750,450,13450425
NIFTY-I.NFO,02/05/2025,09:22:44,24511.3,24511.1,300,24514,150,1275,13450425
NIFTY-I.NFO,02/05/2025,09:22:45,24515,24515.3,300,24519,225,450,13450425
NIFTY-I.NFO,02/05/2025,09:22:47,24515,24515.7,150,24519,225,2700,13450425
NIFTY-I.NFO,02/05/2025,09:22:49,24512.3,24512.5,300,24514,75,600,13450425
NIFTY-I.NFO,02/05/2025,09:22:50,24517,24517,300,24519,150,2775,13450425
NIFTY-I.NFO,02/05/2025,09:22:52,24517.1,24516.8,375,24520,600,1125,13450425
NIFTY-I.NFO,02/05/2025,09:22:54,24514,24513.7,300,24518.9,525,1725,13450425
NIFTY-I.NFO,02/05/2025,09:22:55,24518.9,24514.8,150,24518.9,375,450,13450425
NIFTY-I.NFO,02/05/2025,09:22:57,24518,24515.3,150,24518,525,750,13450425
NIFTY-I.NFO,02/05/2025,09:22:59,24512.5,24511,75,24512.2,75,225,13450425
NIFTY-I.NFO,02/05/2025,09:23:00,24507,24507,75,24509,75,225,13450425
NIFTY-I.NFO,02/05/2025,09:23:02,24505,24503,225,24506.4,75,525,13450425
NIFTY-I.NFO,02/05/2025,09:23:04,24506.5,24502,150,24505,75,2475,13450425
NIFTY-I.NFO,02/05/2025,09:23:05,24501,24501,900,24504.9,225,975,13450425
NIFTY-I.NFO,02/05/2025,09:23:07,24501,24501.3,75,24505,75,1650,13450425
NIFTY-I.NFO,02/05/2025,09:23:09,24506.6,24501.3,150,24504.9,75,300,13450425
NIFTY-I.NFO,02/05/2025,09:23:10,24505,24501.8,150,24505,600,450,13450425
NIFTY-I.NFO,02/05/2025,09:23:12,24501,24501,825,24505,675,1350,13450425
NIFTY-I.NFO,02/05/2025,09:23:14,24504.7,24502.9,75,24505,1200,750,13450425
NIFTY-I.NFO,02/05/2025,09:23:15,24500.2,24501,300,24502.4,75,4350,13450425
NIFTY-I.NFO,02/05/2025,09:23:17,24501,24500.3,300,24503.8,75,525,13450425
NIFTY-I.NFO,02/05/2025,09:23:19,24503.8,24500.2,300,24504.2,75,1050,13450425
NIFTY-I.NFO,02/05/2025,09:23:20,24500,24498.4,75,24500,300,4275,13450425
NIFTY-I.NFO,02/05/2025,09:23:22,24498.4,24498,600,24500,1500,1875,13450425
NIFTY-I.NFO,02/05/2025,09:23:24,24500,24498,450,24500,4950,450,13450425
NIFTY-I.NFO,02/05/2025,09:23:25,24498,24498.3,75,24500,4800,675,13450425
NIFTY-I.NFO,02/05/2025,09:23:27,24500,24496.1,375,24500,4725,975,13450425
NIFTY-I.NFO,02/05/2025,09:23:29,24500,24499.1,150,24500,3225,2250,13450425
NIFTY-I.NFO,02/05/2025,09:23:30,24505,24504.7,675,24505,600,4500,13450425
NIFTY-I.NFO,02/05/2025,09:23:32,24501.1,24501.1,75,24505,450,2550,13450425
NIFTY-I.NFO,02/05/2025,09:23:34,24505,24501.1,525,24505,150,1050,13450425
NIFTY-I.NFO,02/05/2025,09:23:35,24501.1,24502.3,75,24505,150,825,13450425
NIFTY-I.NFO,02/05/2025,09:23:37,24502.3,24502.3,75,24507.3,75,1500,13450425
NIFTY-I.NFO,02/05/2025,09:23:39,24503.5,24503,150,24509,75,300,13450425
NIFTY-I.NFO,02/05/2025,09:23:40,24504.9,24505.7,150,24508.8,1350,150,13450425
NIFTY-I.NFO,02/05/2025,09:23:42,24511.4,24511.4,225,24515,75,2850,13450425
NIFTY-I.NFO,02/05/2025,09:23:44,24510.6,24509.9,300,24511.9,75,1275,13450425
NIFTY-I.NFO,02/05/2025,09:23:45,24509.9,24509.9,150,24511.9,300,225,13450425
NIFTY-I.NFO,02/05/2025,09:23:47,24510.2,24510.3,225,24511.4,75,450,13450425
NIFTY-I.NFO,02/05/2025,09:23:49,24511.3,24511.2,225,24511.4,225,825,13450425
NIFTY-I.NFO,02/05/2025,09:23:50,24513.1,24512.8,300,24514,75,600,13450425
NIFTY-I.NFO,02/05/2025,09:23:52,24515.2,24515.1,375,24515.8,375,1050,13450425
NIFTY-I.NFO,02/05/2025,09:23:54,24515.8,24515.4,450,24515.8,75,675,13450425
NIFTY-I.NFO,02/05/2025,09:23:55,24518,24517.7,375,24518,750,1050,13450425
NIFTY-I.NFO,02/05/2025,09:23:57,24520.8,24520.7,75,24522,75,5925,13450425
NIFTY-I.NFO,02/05/2025,09:23:59,24522.5,24518.3,75,24522.8,75,900,13450425
NIFTY-I.NFO,02/05/2025,09:24:00,24522.5,24518.4,75,24524,150,1050,13450425
NIFTY-I.NFO,02/05/2025,09:24:02,24524.3,24522.5,150,24524.9,75,1125,13450425
NIFTY-I.NFO,02/05/2025,09:24:04,24522.5,24522.5,225,24523.3,150,1575,13450425
NIFTY-I.NFO,02/05/2025,09:24:05,24522.5,24522.5,300,24523.5,75,2175,13450425
NIFTY-I.NFO,02/05/2025,09:24:07,24522.4,24520.1,525,24522.4,75,1125,13450425
NIFTY-I.NFO,02/05/2025,09:24:09,24520.1,24520.1,300,24522.5,150,300,13450425
NIFTY-I.NFO,02/05/2025,09:24:10,24520,24520,1275,24522.3,375,675,13450425
NIFTY-I.NFO,02/05/2025,09:24:12,24522.5,24522.5,300,24523.4,375,1500,13450425
NIFTY-I.NFO,02/05/2025,09:24:14,24520,24518.3,450,24519.2,375,4425,13450425
NIFTY-I.NFO,02/05/2025,09:24:15,24515.8,24514.8,75,24517.2,900,1875,13450425
NIFTY-I.NFO,02/05/2025,09:24:17,24514,24511.2,150,24517.4,375,450,13450425
NIFTY-I.NFO,02/05/2025,09:24:19,24516.8,24510.3,75,24516.8,375,450,13493400
NIFTY-I.NFO,02/05/2025,09:24:20,24516.2,24512.7,150,24518.2,75,300,13493400
NIFTY-I.NFO,02/05/2025,09:24:22,24520,24515.6,150,24520.1,75,525,13493400
NIFTY-I.NFO,02/05/2025,09:24:24,24519.2,24517.3,450,24522.1,75,900,13493400
NIFTY-I.NFO,02/05/2025,09:24:25,24522.5,24517.2,150,24521.9,75,375,13493400
NIFTY-I.NFO,02/05/2025,09:24:27,24519.2,24519.2,75,24521.9,75,375,13493400
NIFTY-I.NFO,02/05/2025,09:24:29,24517.2,24517.7,150,24521,75,450,13493400
NIFTY-I.NFO,02/05/2025,09:24:30,24517.8,24519.3,75,24522.5,375,600,13493400
NIFTY-I.NFO,02/05/2025,09:24:32,24520.1,24520.1,900,24522.5,300,150,13493400
NIFTY-I.NFO,02/05/2025,09:24:34,24522.5,24520.1,525,24522.5,225,450,13493400
NIFTY-I.NFO,02/05/2025,09:24:35,24521,24520,150,24523.5,525,825,13493400
NIFTY-I.NFO,02/05/2025,09:24:37,24520,24515.3,300,24520.5,75,375,13493400
NIFTY-I.NFO,02/05/2025,09:24:39,24517.8,24515.8,300,24520.1,75,2700,13493400
NIFTY-I.NFO,02/05/2025,09:24:40,24520,24516,300,24520.6,75,600,13493400
NIFTY-I.NFO,02/05/2025,09:24:42,24519.9,24519.5,75,24520,75,150,13493400
NIFTY-I.NFO,02/05/2025,09:24:44,24523.4,24518.2,300,24523,450,300,13493400
NIFTY-I.NFO,02/05/2025,09:24:45,24523.2,24517.7,75,24522.8,75,1425,13493400
NIFTY-I.NFO,02/05/2025,09:24:47,24520.1,24518.8,150,24524,450,600,13493400
NIFTY-I.NFO,02/05/2025,09:24:49,24520,24520,150,24523.1,450,150,13493400
NIFTY-I.NFO,02/05/2025,09:24:50,24519.9,24519.9,1500,24520.3,75,1125,13493400
NIFTY-I.NFO,02/05/2025,09:24:52,24515.5,24515,300,24517.2,150,2025,13493400
NIFTY-I.NFO,02/05/2025,09:24:54,24510,24510,1875,24512.8,300,1050,13493400
NIFTY-I.NFO,02/05/2025,09:24:55,24509,24505.1,1050,24510.3,300,2025,13493400
NIFTY-I.NFO,02/05/2025,09:24:57,24510.4,24505.8,150,24510.9,75,75,13493400
NIFTY-I.NFO,02/05/2025,09:24:59,24506.5,24506.8,225,24512.7,300,2700,13493400
NIFTY-I.NFO,02/05/2025,09:25:00,24509.9,24505.2,75,24510,525,600,13493400
NIFTY-I.NFO,02/05/2025,09:25:02,24510.4,24507.8,75,24510.1,225,225,13493400
NIFTY-I.NFO,02/05/2025,09:25:04,24510.4,24509.9,150,24510.4,75,300,13493400
NIFTY-I.NFO,02/05/2025,09:25:05,24510,24509.6,75,24513.5,450,1050,13493400
NIFTY-I.NFO,02/05/2025,09:25:07,24509.6,24506,1650,24509.6,75,75,13493400
NIFTY-I.NFO,02/05/2025,09:25:09,24510.3,24510.5,75,24515,225,600,13493400
NIFTY-I.NFO,02/05/2025,09:25:10,24510.4,24511.2,450,24516.5,375,1050,13493400
NIFTY-I.NFO,02/05/2025,09:25:12,24510,24510,1800,24513.4,600,450,13493400
NIFTY-I.NFO,02/05/2025,09:25:14,24512,24510.3,150,24512,225,150,13493400
NIFTY-I.NFO,02/05/2025,09:25:15,24509,24506,1500,24510.3,300,2325,13493400
NIFTY-I.NFO,02/05/2025,09:25:17,24506,24506,1425,24510,75,450,13493400
NIFTY-I.NFO,02/05/2025,09:25:19,24512,24507.6,225,24512,75,300,13493400
NIFTY-I.NFO,02/05/2025,09:25:20,24510.1,24510.1,975,24513.3,300,300,13493400
NIFTY-I.NFO,02/05/2025,09:25:22,24505.1,24505,825,24505.9,300,4050,13493400
NIFTY-I.NFO,02/05/2025,09:25:24,24506,24505.1,150,24508.1,75,150,13493400
NIFTY-I.NFO,02/05/2025,09:25:25,24510,24507.6,75,24513.4,600,900,13493400
NIFTY-I.NFO,02/05/2025,09:25:27,24513.4,24512.1,150,24513.4,450,300,13493400
NIFTY-I.NFO,02/05/2025,09:25:29,24513.8,24510.6,75,24515,150,975,13493400
NIFTY-I.NFO,02/05/2025,09:25:30,24515,24515,225,24519.6,525,600,13493400
NIFTY-I.NFO,02/05/2025,09:25:32,24512.4,24510,150,24515,75,825,13493400
NIFTY-I.NFO,02/05/2025,09:25:34,24512.8,24510,150,24512.8,600,225,13493400
NIFTY-I.NFO,02/05/2025,09:25:35,24515,24513.8,75,24517,150,675,13493400
NIFTY-I.NFO,02/05/2025,09:25:37,24520,24518.4,600,24522,75,750,13493400
NIFTY-I.NFO,02/05/2025,09:25:39,24524.6,24519.5,300,24524.8,75,825,13493400
NIFTY-I.NFO,02/05/2025,09:25:41,24520,24517.9,75,24520,825,2325,13493400
NIFTY-I.NFO,02/05/2025,09:25:42,24524.8,24520.8,300,24525,1200,4575,13493400
NIFTY-I.NFO,02/05/2025,09:25:44,24522.2,24521.3,600,24525.8,75,1350,13493400
NIFTY-I.NFO,02/05/2025,09:25:46,24522.9,24523.2,300,24526.9,75,825,13493400
NIFTY-I.NFO,02/05/2025,09:25:47,24522.9,24523,150,24525.8,375,1575,13493400
NIFTY-I.NFO,02/05/2025,09:25:49,24525,24525,75,24527,750,375,13493400
NIFTY-I.NFO,02/05/2025,09:25:51,24525,24524.1,300,24527,600,2625,13493400
NIFTY-I.NFO,02/05/2025,09:25:52,24524.5,24524,225,24527,525,450,13493400
NIFTY-I.NFO,02/05/2025,09:25:54,24527.9,24527,375,24527.9,450,1275,13493400
NIFTY-I.NFO,02/05/2025,09:25:56,24524,24523,75,24527,75,1425,13493400
NIFTY-I.NFO,02/05/2025,09:25:57,24522.8,24521.5,300,24525,75,525,13493400
NIFTY-I.NFO,02/05/2025,09:25:59,24528,24524.5,300,24528,375,600,13493400
NIFTY-I.NFO,02/05/2025,09:26:01,24528,24525,150,24528,225,225,13493400
NIFTY-I.NFO,02/05/2025,09:26:02,24525.6,24525.8,75,24528.9,75,525,13493400
NIFTY-I.NFO,02/05/2025,09:26:04,24530,24527.8,300,24530,600,3225,13493400
NIFTY-I.NFO,02/05/2025,09:26:06,24529.8,24529.7,225,24532,150,1575,13493400
NIFTY-I.NFO,02/05/2025,09:26:07,24532,24529.7,225,24532.2,375,750,13493400
NIFTY-I.NFO,02/05/2025,09:26:09,24529.9,24529.9,300,24533.3,300,1275,13493400
NIFTY-I.NFO,02/05/2025,09:26:11,24529.5,24529,75,24529.5,1275,1200,13493400
NIFTY-I.NFO,02/05/2025,09:26:12,24533,24530.5,300,24533,75,1800,13493400
NIFTY-I.NFO,02/05/2025,09:26:14,24536.3,24535.6,75,24536.7,75,4350,13493400
NIFTY-I.NFO,02/05/2025,09:26:16,24538,24536.5,225,24538,225,675,13493400
NIFTY-I.NFO,02/05/2025,09:26:17,24538.1,24538.1,150,24539,450,1200,13493400
NIFTY-I.NFO,02/05/2025,09:26:19,24539,24538,2925,24539.3,75,675,13493400
NIFTY-I.NFO,02/05/2025,09:26:21,24538,24536.4,150,24538,975,3825,13493400
NIFTY-I.NFO,02/05/2025,09:26:22,24539.9,24536.7,75,24539.9,150,900,13493400
NIFTY-I.NFO,02/05/2025,09:26:24,24540,24538,75,24540,300,3375,13493400
NIFTY-I.NFO,02/05/2025,09:26:24,24540,24538,75,24540,300,0,13493400
NIFTY-I.NFO,02/05/2025,09:26:25,24542.4,24542.4,450,24544.4,75,4875,13493400
NIFTY-I.NFO,02/05/2025,09:26:25,24544.8,24542.4,450,24544.4,75,0,13493400
NIFTY-I.NFO,02/05/2025,09:26:27,24544.1,24540.3,300,24544.5,75,3600,13493400
NIFTY-I.NFO,02/05/2025,09:26:29,24546.3,24543.2,75,24546.9,75,3825,13493400
NIFTY-I.NFO,02/05/2025,09:26:29,24547,24543.2,75,24546.9,75,0,13493400
NIFTY-I.NFO,02/05/2025,09:26:30,24547.7,24543.3,75,24547.9,225,2400,13493400
NIFTY-I.NFO,02/05/2025,09:26:30,24548,24543.3,75,24547.9,225,0,13493400
NIFTY-I.NFO,02/05/2025,09:26:32,24548,24548,300,24549,3450,2475,13493400
NIFTY-I.NFO,02/05/2025,09:26:32,24549,24548,300,24549,3450,0,13493400
NIFTY-I.NFO,02/05/2025,09:26:34,24551,24550,7875,24555.3,75,42375,13493400
NIFTY-I.NFO,02/05/2025,09:26:34,24558.9,24550,7875,24555.3,75,0,13493400
NIFTY-I.NFO,02/05/2025,09:26:35,24555,24555,75,24556,75,3300,13493400
NIFTY-I.NFO,02/05/2025,09:26:35,24559.8,24555,75,24556,75,0,13493400
NIFTY-I.NFO,02/05/2025,09:26:37,24555,24555,150,24559.7,75,2925,13493400
NIFTY-I.NFO,02/05/2025,09:26:37,24560,24555,150,24559.7,75,0,13493400
NIFTY-I.NFO,02/05/2025,09:26:39,24560,24555.4,75,24560,1350,1425,13493400
NIFTY-I.NFO,02/05/2025,09:26:40,24560,24560,600,24560.1,75,2550,13493400
NIFTY-I.NFO,02/05/2025,09:26:42,24558,24557,75,24560,150,1500,13493400
NIFTY-I.NFO,02/05/2025,09:26:42,24561,24557,75,24560,150,0,13493400
NIFTY-I.NFO,02/05/2025,09:26:44,24560,24560,225,24560.7,300,8550,13493400
NIFTY-I.NFO,02/05/2025,09:26:45,24564.3,24559.9,75,24564.3,375,4725,13493400
NIFTY-I.NFO,02/05/2025,09:26:45,24564.3,24559.9,75,24564.3,375,0,13493400
NIFTY-I.NFO,02/05/2025,09:26:47,24559.6,24558,3000,24558.3,75,4275,13493400
NIFTY-I.NFO,02/05/2025,09:26:47,24564.7,24558,3000,24558.3,75,0,13493400
NIFTY-I.NFO,02/05/2025,09:26:49,24559.1,24551.9,375,24557.8,75,6750,13493400
NIFTY-I.NFO,02/05/2025,09:26:50,24560,24554.4,75,24560.1,75,1050,13493400
NIFTY-I.NFO,02/05/2025,09:26:52,24560,24558.1,75,24560,375,900,13493400
NIFTY-I.NFO,02/05/2025,09:26:54,24562,24559,75,24562,2325,2100,13493400
NIFTY-I.NFO,02/05/2025,09:26:55,24560,24559.6,75,24560.8,75,1050,13493400
NIFTY-I.NFO,02/05/2025,09:26:57,24560,24558,3825,24562,2175,675,13493400
NIFTY-I.NFO,02/05/2025,09:26:59,24560,24558,3750,24560,1425,1950,13493400
NIFTY-I.NFO,02/05/2025,09:27:00,24560,24559.1,150,24560,150,2025,13493400
NIFTY-I.NFO,02/05/2025,09:27:02,24559.1,24558.1,300,24562,1425,1950,13493400
NIFTY-I.NFO,02/05/2025,09:27:04,24560,24560,6300,24562,1200,975,13493400
NIFTY-I.NFO,02/05/2025,09:27:05,24560,24555.4,150,24560.7,75,7350,13493400
NIFTY-I.NFO,02/05/2025,09:27:07,24560.1,24555.4,150,24558.9,75,300,13493400
NIFTY-I.NFO,02/05/2025,09:27:09,24555,24554.3,75,24560,675,1275,13493400
NIFTY-I.NFO,02/05/2025,09:27:10,24554.4,24554.2,150,24560,75,1725,13493400
NIFTY-I.NFO,02/05/2025,09:27:12,24562,24556.1,450,24562,1050,1725,13493400
NIFTY-I.NFO,02/05/2025,09:27:13,24564.7,24563.1,825,24564.8,75,1800,13493400
NIFTY-I.NFO,02/05/2025,09:27:15,24560,24560,75,24561,375,1875,13493400
NIFTY-I.NFO,02/05/2025,09:27:17,24556.1,24556.1,75,24560.1,75,825,13493400
NIFTY-I.NFO,02/05/2025,09:27:18,24561.1,24556.1,75,24560.3,75,1725,13493400
NIFTY-I.NFO,02/05/2025,09:27:20,24560,24560,900,24560.1,75,900,13506225
NIFTY-I.NFO,02/05/2025,09:27:22,24560.4,24560,525,24560.5,450,2325,13506225
NIFTY-I.NFO,02/05/2025,09:27:23,24557.9,24555.3,450,24558.6,75,2250,13506225
NIFTY-I.NFO,02/05/2025,09:27:25,24557.3,24555.6,1725,24557,375,825,13506225
NIFTY-I.NFO,02/05/2025,09:27:27,24558.3,24555,675,24558.5,75,3150,13506225
NIFTY-I.NFO,02/05/2025,09:27:28,24555.2,24558.5,225,24558.8,150,1125,13506225
NIFTY-I.NFO,02/05/2025,09:27:30,24552.4,24552.4,75,24553.4,450,2925,13506225
NIFTY-I.NFO,02/05/2025,09:27:32,24550,24550,4350,24552.4,75,5175,13506225
NIFTY-I.NFO,02/05/2025,09:27:33,24552.4,24553.6,75,24554.7,375,1050,13506225
NIFTY-I.NFO,02/05/2025,09:27:35,24555,24553.4,450,24554.6,75,1125,13506225
NIFTY-I.NFO,02/05/2025,09:27:37,24553.4,24553.4,375,24554.8,225,1725,13506225
NIFTY-I.NFO,02/05/2025,09:27:38,24555,24554.7,75,24555,675,1875,13506225
NIFTY-I.NFO,02/05/2025,09:27:40,24559,24555,525,24558.5,75,1650,13506225
NIFTY-I.NFO,02/05/2025,09:27:42,24554.5,24554.5,375,24559.7,225,975,13506225
NIFTY-I.NFO,02/05/2025,09:27:43,24561.9,24561.1,75,24562,225,3150,13506225
NIFTY-I.NFO,02/05/2025,09:27:45,24559.9,24562,150,24562.8,225,900,13506225
NIFTY-I.NFO,02/05/2025,09:27:47,24556.6,24556.8,450,24559.9,1350,825,13506225
NIFTY-I.NFO,02/05/2025,09:27:48,24559.3,24557.4,225,24559.9,1200,450,13506225
NIFTY-I.NFO,02/05/2025,09:27:50,24562,24561.6,75,24564.5,75,3450,13506225
NIFTY-I.NFO,02/05/2025,09:27:52,24560.3,24560.3,450,24564.3,75,1125,13506225
NIFTY-I.NFO,02/05/2025,09:27:54,24562,24560,300,24564.3,75,600,13506225
NIFTY-I.NFO,02/05/2025,09:27:55,24561.8,24559.8,75,24562,75,1200,13506225
NIFTY-I.NFO,02/05/2025,09:27:57,24562,24562,225,24563.3,75,2625,13506225
NIFTY-I.NFO,02/05/2025,09:27:57,24564.9,24562,225,24563.3,75,0,13506225
NIFTY-I.NFO,02/05/2025,09:27:59,24563.3,24563.3,150,24563.8,75,450,13506225
NIFTY-I.NFO,02/05/2025,09:28:00,24565,24561.9,150,24563.7,150,1800,13506225
NIFTY-I.NFO,02/05/2025,09:28:00,24565,24561.9,150,24563.7,150,0,13506225
NIFTY-I.NFO,02/05/2025,09:28:02,24564.1,24561.8,75,24563.3,300,675,13506225
NIFTY-I.NFO,02/05/2025,09:28:04,24563.3,24563.1,150,24565,5700,300,13506225
NIFTY-I.NFO,02/05/2025,09:28:05,24563.3,24563,75,24563.9,75,375,13506225
NIFTY-I.NFO,02/05/2025,09:28:07,24565,24561.8,75,24565,5400,675,13506225
NIFTY-I.NFO,02/05/2025,09:28:09,24565,24561.3,975,24563,75,600,13506225
NIFTY-I.NFO,02/05/2025,09:28:10,24561.1,24562.4,75,24565,4875,1050,13506225
NIFTY-I.NFO,02/05/2025,09:28:12,24565,24561,75,24565,4875,525,13506225
NIFTY-I.NFO,02/05/2025,09:28:14,24560,24560.1,450,24565,4275,1350,13506225
NIFTY-I.NFO,02/05/2025,09:28:15,24565,24561,600,24565,3750,525,13506225
NIFTY-I.NFO,02/05/2025,09:28:17,24564.9,24561,75,24564.9,75,2475,13506225
NIFTY-I.NFO,02/05/2025,09:28:19,24561.8,24561.8,825,24564.9,75,2025,13506225
NIFTY-I.NFO,02/05/2025,09:28:20,24565.8,24562.6,600,24566,225,3000,13506225
NIFTY-I.NFO,02/05/2025,09:28:20,24565.8,24562.6,600,24566,225,0,13506225
NIFTY-I.NFO,02/05/2025,09:28:22,24569.3,24568.4,1050,24569.2,75,14250,13506225
NIFTY-I.NFO,02/05/2025,09:28:22,24570.1,24568.4,1050,24569.2,75,0,13506225
NIFTY-I.NFO,02/05/2025,09:28:24,24567.1,24567.1,75,24570.3,75,2325,13506225
NIFTY-I.NFO,02/05/2025,09:28:24,24571.2,24567.1,75,24570.3,75,0,13506225
NIFTY-I.NFO,02/05/2025,09:28:25,24565.8,24565.8,75,24568.4,75,150,13506225
NIFTY-I.NFO,02/05/2025,09:28:27,24565,24565,12225,24565.7,75,675,13506225
NIFTY-I.NFO,02/05/2025,09:28:29,24569.9,24569.9,225,24571.7,150,1125,13506225
NIFTY-I.NFO,02/05/2025,09:28:30,24572.9,24568.3,600,24572.9,75,1875,13506225
NIFTY-I.NFO,02/05/2025,09:28:30,24572.9,24568.3,600,24572.9,75,0,13506225
NIFTY-I.NFO,02/05/2025,09:28:32,24574,24570.1,150,24574,300,1425,13506225
NIFTY-I.NFO,02/05/2025,09:28:32,24574,24570.1,150,24574,300,0,13506225
NIFTY-I.NFO,02/05/2025,09:28:34,24580,24578,150,24580,1500,12900,13506225
NIFTY-I.NFO,02/05/2025,09:28:34,24580,24578,150,24580,1500,0,13506225
NIFTY-I.NFO,02/05/2025,09:28:35,24583.4,24579,600,24583.6,75,4650,13506225
NIFTY-I.NFO,02/05/2025,09:28:35,24584,24579,600,24583.6,75,0,13506225
NIFTY-I.NFO,02/05/2025,09:28:37,24584.9,24580,150,24584.9,75,1875,13506225
NIFTY-I.NFO,02/05/2025,09:28:37,24584.9,24580,150,24584.9,75,0,13506225
NIFTY-I.NFO,02/05/2025,09:28:39,24584.9,24580.1,600,24585,75,5325,13506225
NIFTY-I.NFO,02/05/2025,09:28:39,24585.1,24580.1,600,24585,75,0,13506225
NIFTY-I.NFO,02/05/2025,09:28:40,24580.2,24580.2,75,24583,75,1425,13506225
NIFTY-I.NFO,02/05/2025,09:28:40,24586.1,24580.2,75,24583,75,0,13506225
NIFTY-I.NFO,02/05/2025,09:28:42,24582.6,24583.3,75,24584.9,75,1650,13506225
NIFTY-I.NFO,02/05/2025,09:28:44,24580.1,24580,750,24582.2,75,13575,13506225
NIFTY-I.NFO,02/05/2025,09:28:44,24586.7,24580,750,24582.2,75,0,13506225
NIFTY-I.NFO,02/05/2025,09:28:45,24581,24580,450,24582.5,225,1350,13506225
NIFTY-I.NFO,02/05/2025,09:28:47,24580,24580,150,24580.2,750,2850,13506225
NIFTY-I.NFO,02/05/2025,09:28:49,24580.1,24579.9,75,24580,150,600,13506225
NIFTY-I.NFO,02/05/2025,09:28:50,24584,24580.1,150,24584,1050,2700,13506225
NIFTY-I.NFO,02/05/2025,09:28:52,24585,24581.6,900,24585,75,1500,13506225
NIFTY-I.NFO,02/05/2025,09:28:54,24587.2,24584,75,24587.9,75,3525,13506225
NIFTY-I.NFO,02/05/2025,09:28:54,24588.2,24584,75,24587.9,75,0,13506225
NIFTY-I.NFO,02/05/2025,09:28:55,24584,24584,75,24586,75,1050,13506225
NIFTY-I.NFO,02/05/2025,09:28:57,24588.1,24588.1,600,24588.8,75,1500,13506225
NIFTY-I.NFO,02/05/2025,09:28:59,24590,24590.6,225,24594,1050,5400,13506225
NIFTY-I.NFO,02/05/2025,09:28:59,24593,24590.6,225,24594,1050,0,13506225
NIFTY-I.NFO,02/05/2025,09:29:00,24595,24591.1,75,24595,1950,2700,13506225
NIFTY-I.NFO,02/05/2025,09:29:00,24595,24591.1,75,24595,1950,0,13506225
NIFTY-I.NFO,02/05/2025,09:29:02,24598,24594.5,1275,24598,975,5400,13506225
NIFTY-I.NFO,02/05/2025,09:29:02,24598,24594.5,1275,24598,975,0,13506225
NIFTY-I.NFO,02/05/2025,09:29:04,24592.8,24595.1,150,24597.9,150,2625,13506225
NIFTY-I.NFO,02/05/2025,09:29:05,24599,24594.8,75,24599,375,4650,13506225
NIFTY-I.NFO,02/05/2025,09:29:05,24599,24594.8,75,24599,375,0,13506225
NIFTY-I.NFO,02/05/2025,09:29:07,24600,24598.4,75,24600,4200,5850,13506225
NIFTY-I.NFO,02/05/2025,09:29:07,24600,24598.4,75,24600,4200,0,13506225
NIFTY-I.NFO,02/05/2025,09:29:09,24602,24601,75,24603.1,375,8775,13506225
NIFTY-I.NFO,02/05/2025,09:29:09,24603.1,24601,75,24603.1,375,0,13506225
NIFTY-I.NFO,02/05/2025,09:29:10,24603.2,24600,3225,24603,75,4050,13506225
NIFTY-I.NFO,02/05/2025,09:29:10,24603.3,24600,3225,24603,75,0,13506225
NIFTY-I.NFO,02/05/2025,09:29:12,24600,24600,2100,24603.4,900,1875,13506225
NIFTY-I.NFO,02/05/2025,09:29:14,24602.8,24600,900,24602.4,150,2700,13506225
NIFTY-I.NFO,02/05/2025,09:29:14,24603.4,24600,900,24602.4,150,0,13506225
NIFTY-I.NFO,02/05/2025,09:29:15,24600,24597.2,75,24603,150,2925,13506225
NIFTY-I.NFO,02/05/2025,09:29:17,24600,24598.4,75,24600,12675,3075,13506225
NIFTY-I.NFO,02/05/2025,09:29:19,24594,24592.8,75,24598.8,375,9750,13506225
NIFTY-I.NFO,02/05/2025,09:29:20,24597.6,24592.3,150,24597.6,150,375,13506225
NIFTY-I.NFO,02/05/2025,09:29:22,24599.9,24597.6,525,24599.9,600,5775,13506225
NIFTY-I.NFO,02/05/2025,09:29:24,24597.7,24597.7,675,24600,4125,1725,13506225
NIFTY-I.NFO,02/05/2025,09:29:25,24597.8,24597.8,450,24600,4125,600,13506225
NIFTY-I.NFO,02/05/2025,09:29:27,24597.7,24597.6,675,24600,4125,1050,13506225
NIFTY-I.NFO,02/05/2025,09:29:29,24603.1,24599.5,750,24603.2,150,6900,13506225
NIFTY-I.NFO,02/05/2025,09:29:30,24599.3,24598.3,675,24600.7,150,1350,13506225
NIFTY-I.NFO,02/05/2025,09:29:32,24600.6,24600.1,675,24603.4,375,1425,13506225
NIFTY-I.NFO,02/05/2025,09:29:34,24603.8,24603,450,24604.8,675,13050,13506225
NIFTY-I.NFO,02/05/2025,09:29:34,24604.8,24603,450,24604.8,675,0,13506225
NIFTY-I.NFO,02/05/2025,09:29:35,24603.2,24603.9,75,24605,2325,2325,13506225
NIFTY-I.NFO,02/05/2025,09:29:35,24605,24603.9,75,24605,2325,0,13506225
NIFTY-I.NFO,02/05/2025,09:29:37,24600.8,24600.7,225,24603,2325,5625,13506225
NIFTY-I.NFO,02/05/2025,09:29:37,24605.2,24600.7,225,24603,2325,0,13506225
NIFTY-I.NFO,02/05/2025,09:29:39,24600.8,24600.8,675,24603,1875,1125,13506225
NIFTY-I.NFO,02/05/2025,09:29:40,24600,24600,675,24603.8,75,4050,13506225
NIFTY-I.NFO,02/05/2025,09:29:40,24605.4,24600,675,24603.8,75,0,13506225
NIFTY-I.NFO,02/05/2025,09:29:42,24605.4,24605.1,1425,24605.4,600,750,13506225
NIFTY-I.NFO,02/05/2025,09:29:44,24605.8,24605.6,675,24605.9,900,5100,13506225
NIFTY-I.NFO,02/05/2025,09:29:44,24605.8,24605.6,675,24605.9,900,0,13506225
NIFTY-I.NFO,02/05/2025,09:29:45,24605.1,24605.1,750,24606.6,750,8025,13506225
NIFTY-I.NFO,02/05/2025,09:29:45,24606.6,24605.1,750,24606.6,750,0,13506225
NIFTY-I.NFO,02/05/2025,09:29:47,24605.2,24605.5,675,24606.9,750,5625,13506225
NIFTY-I.NFO,02/05/2025,09:29:47,24606.9,24605.5,675,24606.9,750,0,13506225
NIFTY-I.NFO,02/05/2025,09:29:49,24604,24604.8,75,24605.7,150,13950,13506225
NIFTY-I.NFO,02/05/2025,09:29:49,24607.2,24604.8,75,24605.7,150,0,13506225
NIFTY-I.NFO,02/05/2025,09:29:50,24607,24607,225,24607.5,150,8925,13506225
NIFTY-I.NFO,02/05/2025,09:29:50,24607.5,24607,225,24607.5,150,0,13506225
NIFTY-I.NFO,02/05/2025,09:29:52,24607.4,24607.4,1650,24607.8,525,5025,13506225
NIFTY-I.NFO,02/05/2025,09:29:52,24607.8,24607.4,1650,24607.8,525,0,13506225
NIFTY-I.NFO,02/05/2025,09:29:54,24603.5,24607,375,24607.4,75,4800,13506225
NIFTY-I.NFO,02/05/2025,09:29:54,24608,24607,375,24607.4,75,0,13506225
NIFTY-I.NFO,02/05/2025,09:29:55,24608.2,24607.1,75,24608.2,750,3450,13506225
NIFTY-I.NFO,02/05/2025,09:29:55,24608.2,24607.1,75,24608.2,750,0,13506225
NIFTY-I.NFO,02/05/2025,09:29:57,24607,24606,150,24607,75,750,13506225
NIFTY-I.NFO,02/05/2025,09:29:59,24608.3,24607.6,225,24608.3,825,3300,13506225
NIFTY-I.NFO,02/05/2025,09:29:59,24608.3,24607.6,225,24608.3,825,0,13506225
NIFTY-I.NFO,02/05/2025,09:30:00,24607,24606.6,150,24607,225,3825,13506225
NIFTY-I.NFO,02/05/2025,09:30:00,24608.5,24606.6,150,24607,225,0,13506225
NIFTY-I.NFO,02/05/2025,09:30:02,24609,24605,75,24609,450,5625,13506225
NIFTY-I.NFO,02/05/2025,09:30:02,24609,24605,75,24609,450,0,13506225
NIFTY-I.NFO,02/05/2025,09:30:04,24608.4,24604,75,24607.6,75,2925,13506225
NIFTY-I.NFO,02/05/2025,09:30:04,24609.1,24604,75,24607.6,75,0,13506225
NIFTY-I.NFO,02/05/2025,09:30:05,24604.2,24603.8,75,24609.4,675,4500,13506225
NIFTY-I.NFO,02/05/2025,09:30:05,24609.4,24603.8,75,24609.4,675,0,13506225
NIFTY-I.NFO,02/05/2025,09:30:07,24607.8,24607.8,225,24609.6,300,5700,13506225
NIFTY-I.NFO,02/05/2025,09:30:07,24609.6,24607.8,225,24609.6,300,0,13506225
NIFTY-I.NFO,02/05/2025,09:30:09,24609.7,24607.8,300,24609,75,975,13506225
NIFTY-I.NFO,02/05/2025,09:30:09,24609.7,24607.8,300,24609,75,0,13506225
NIFTY-I.NFO,02/05/2025,09:30:10,24610.7,24607.5,75,24610.7,675,13725,13506225
NIFTY-I.NFO,02/05/2025,09:30:10,24610.7,24607.5,75,24610.7,675,0,13506225
NIFTY-I.NFO,02/05/2025,09:30:12,24608.5,24608.7,225,24610.8,300,2250,13506225
NIFTY-I.NFO,02/05/2025,09:30:12,24610.8,24608.7,225,24610.8,300,0,13506225
NIFTY-I.NFO,02/05/2025,09:30:14,24611.5,24610.8,150,24611.6,900,6750,13506225
NIFTY-I.NFO,02/05/2025,09:30:14,24611.5,24610.8,150,24611.6,900,0,13506225
NIFTY-I.NFO,02/05/2025,09:30:15,24611.7,24611,75,24611.7,750,1575,13506225
NIFTY-I.NFO,02/05/2025,09:30:15,24611.7,24611,75,24611.7,750,0,13506225
NIFTY-I.NFO,02/05/2025,09:30:17,24612.4,24612.3,300,24612.9,450,11025,13506225
NIFTY-I.NFO,02/05/2025,09:30:17,24612.9,24612.3,300,24612.9,450,0,13506225
NIFTY-I.NFO,02/05/2025,09:30:19,24612.9,24612.9,75,24614,150,11775,13506225
NIFTY-I.NFO,02/05/2025,09:30:19,24614,24612.9,75,24614,150,0,13506225
NIFTY-I.NFO,02/05/2025,09:30:20,24614.2,24611.7,75,24611.9,75,1800,13669575
NIFTY-I.NFO,02/05/2025,09:30:20,24614.2,24611.7,75,24611.9,75,0,13669575
NIFTY-I.NFO,02/05/2025,09:30:22,24610,24610,225,24614,75,3375,13669575
NIFTY-I.NFO,02/05/2025,09:30:22,24614.4,24610,225,24614,75,0,13669575
NIFTY-I.NFO,02/05/2025,09:30:24,24614.5,24613.3,150,24614.5,1200,1875,13669575
NIFTY-I.NFO,02/05/2025,09:30:24,24614.5,24613.3,150,24614.5,1200,0,13669575
NIFTY-I.NFO,02/05/2025,09:30:25,24615.8,24615.7,150,24616,450,10800,13669575
NIFTY-I.NFO,02/05/2025,09:30:25,24615.8,24615.7,150,24616,450,0,13669575
NIFTY-I.NFO,02/05/2025,09:30:27,24619.9,24615.3,525,24620,4125,3825,13669575
NIFTY-I.NFO,02/05/2025,09:30:27,24620,24615.3,525,24620,4125,0,13669575
NIFTY-I.NFO,02/05/2025,09:30:29,24620,24615.5,150,24620,3450,1500,13669575
NIFTY-I.NFO,02/05/2025,09:30:30,24622.4,24618,300,24623.7,75,5700,13669575
NIFTY-I.NFO,02/05/2025,09:30:30,24622.4,24618,300,24623.7,75,0,13669575
NIFTY-I.NFO,02/05/2025,09:30:32,24624,24620,900,24624,150,2175,13669575
NIFTY-I.NFO,02/05/2025,09:30:32,24624,24620,900,24624,150,0,13669575
NIFTY-I.NFO,02/05/2025,09:30:34,24622.7,24622.7,450,24625,1725,2550,13669575
NIFTY-I.NFO,02/05/2025,09:30:34,24625,24622.7,450,24625,1725,0,13669575
NIFTY-I.NFO,02/05/2025,09:30:35,24624.2,24622.7,75,24624.2,750,2400,13669575
NIFTY-I.NFO,02/05/2025,09:30:37,24625,24623.1,150,24625,3000,4800,13669575
NIFTY-I.NFO,02/05/2025,09:30:37,24629.2,24623.1,150,24625,3000,0,13669575
NIFTY-I.NFO,02/05/2025,09:30:39,24629.6,24629.6,450,24630.9,600,5625,13669575
NIFTY-I.NFO,02/05/2025,09:30:39,24633,24629.6,450,24630.9,600,0,13669575
NIFTY-I.NFO,02/05/2025,09:30:40,24628.6,24625,225,24629,75,4200,13669575
NIFTY-I.NFO,02/05/2025,09:30:42,24629,24625.9,75,24629.6,150,1425,13669575
NIFTY-I.NFO,02/05/2025,09:30:44,24629.6,24629.6,225,24629.9,75,1725,13669575
NIFTY-I.NFO,02/05/2025,09:30:45,24630,24626.6,75,24630,225,1575,13669575
NIFTY-I.NFO,02/05/2025,09:30:47,24629.6,24629.3,75,24633,225,1875,13669575
NIFTY-I.NFO,02/05/2025,09:30:49,24630,24629.5,375,24630,225,8775,13669575
NIFTY-I.NFO,02/05/2025,09:30:49,24638.7,24629.5,375,24630,225,0,13669575
NIFTY-I.NFO,02/05/2025,09:30:50,24630,24629.6,75,24636.1,75,4125,13669575
NIFTY-I.NFO,02/05/2025,09:30:50,24639.1,24629.6,75,24636.1,75,0,13669575
NIFTY-I.NFO,02/05/2025,09:30:52,24636,24632.3,150,24638.8,300,1050,13669575
NIFTY-I.NFO,02/05/2025,09:30:54,24637,24635.3,75,24639.4,225,1125,13669575
NIFTY-I.NFO,02/05/2025,09:30:54,24639.4,24635.3,75,24639.4,225,0,13669575
NIFTY-I.NFO,02/05/2025,09:30:55,24633.2,24631.8,375,24636,600,2250,13669575
NIFTY-I.NFO,02/05/2025,09:30:55,24639.6,24631.8,375,24636,600,0,13669575
NIFTY-I.NFO,02/05/2025,09:30:57,24636,24633.5,150,24635,150,1650,13669575
NIFTY-I.NFO,02/05/2025,09:30:59,24640,24637.1,450,24639.4,75,5850,13669575
NIFTY-I.NFO,02/05/2025,09:30:59,24640,24637.1,450,24639.4,75,0,13669575
NIFTY-I.NFO,02/05/2025,09:31:00,24639.4,24639.2,75,24643,75,7200,13669575
NIFTY-I.NFO,02/05/2025,09:31:00,24642.8,24639.2,75,24643,75,0,13669575
NIFTY-I.NFO,02/05/2025,09:31:02,24652.9,24650,26175,24652.7,975,14400,13669575
NIFTY-I.NFO,02/05/2025,09:31:02,24653.3,24650,26175,24652.7,975,0,13669575
NIFTY-I.NFO,02/05/2025,09:31:04,24650,24650,21525,24654.1,975,6000,13669575
NIFTY-I.NFO,02/05/2025,09:31:04,24654.1,24650,21525,24654.1,975,0,13669575
NIFTY-I.NFO,02/05/2025,09:31:05,24651.5,24651.5,300,24653.9,1425,22425,13669575
NIFTY-I.NFO,02/05/2025,09:31:07,24649.9,24648.6,150,24652,450,6225,13669575
NIFTY-I.NFO,02/05/2025,09:31:07,24655,24648.6,150,24652,450,0,13669575
NIFTY-I.NFO,02/05/2025,09:31:09,24654,24650,225,24654,2025,1275,13669575
NIFTY-I.NFO,02/05/2025,09:31:10,24648.2,24647.7,150,24650,375,2925,13669575
NIFTY-I.NFO,02/05/2025,09:31:12,24650,24650,375,24652.8,1425,2250,13669575
NIFTY-I.NFO,02/05/2025,09:31:14,24652.8,24650,1200,24652.8,600,2175,13669575
NIFTY-I.NFO,02/05/2025,09:31:15,24652.3,24650,1650,24652.3,975,1125,13669575
NIFTY-I.NFO,02/05/2025,09:31:17,24643.3,24643,675,24645.4,975,2925,13669575
NIFTY-I.NFO,02/05/2025,09:31:19,24639.8,24639.8,225,24641.9,900,2325,13669575
NIFTY-I.NFO,02/05/2025,09:31:20,24639.7,24637.8,75,24639.1,900,1725,13669575
NIFTY-I.NFO,02/05/2025,09:31:22,24630.1,24630.1,375,24631.9,75,2250,13669575
NIFTY-I.NFO,02/05/2025,09:31:24,24628.9,24624,225,24625.1,150,6000,13669575
NIFTY-I.NFO,02/05/2025,09:31:25,24625.1,24624.9,150,24630,75,675,13669575
NIFTY-I.NFO,02/05/2025,09:31:27,24630.2,24630.6,225,24633.8,75,6375,13669575
NIFTY-I.NFO,02/05/2025,09:31:29,24629.7,24630.3,300,24634,525,3225,13669575
NIFTY-I.NFO,02/05/2025,09:31:30,24628.9,24629.3,75,24634,375,1725,13669575
NIFTY-I.NFO,02/05/2025,09:31:32,24629.6,24631.1,75,24635.9,300,5175,13669575
NIFTY-I.NFO,02/05/2025,09:31:34,24633.2,24631,75,24634,1200,1050,13669575
NIFTY-I.NFO,02/05/2025,09:31:35,24634,24631.4,75,24635.6,300,2175,13669575
NIFTY-I.NFO,02/05/2025,09:31:37,24630,24630,1125,24631,300,1200,13669575
NIFTY-I.NFO,02/05/2025,09:31:39,24634,24634,9750,24635,300,3975,13669575
NIFTY-I.NFO,02/05/2025,09:31:40,24631.3,24631.3,375,24633.1,75,10575,13669575
NIFTY-I.NFO,02/05/2025,09:31:42,24635,24631,750,24632.3,675,4350,13669575
NIFTY-I.NFO,02/05/2025,09:31:44,24628.9,24628.9,150,24632,675,2250,13669575
NIFTY-I.NFO,02/05/2025,09:31:45,24631,24624.9,300,24631.3,150,5700,13669575
NIFTY-I.NFO,02/05/2025,09:31:47,24630.8,24625.1,375,24628,75,1875,13669575
NIFTY-I.NFO,02/05/2025,09:31:49,24627.7,24629.6,75,24630,75,1425,13669575
NIFTY-I.NFO,02/05/2025,09:31:50,24631.8,24630,75,24631.9,75,1425,13669575
NIFTY-I.NFO,02/05/2025,09:31:52,24630.2,24630.2,375,24632.8,75,825,13669575
NIFTY-I.NFO,02/05/2025,09:31:54,24632.8,24632.8,825,24634,150,2625,13669575
NIFTY-I.NFO,02/05/2025,09:31:55,24635,24634,675,24635.7,150,2100,13669575
NIFTY-I.NFO,02/05/2025,09:31:57,24632.8,24630,75,24633.3,525,3900,13669575
NIFTY-I.NFO,02/05/2025,09:31:59,24628.2,24628,1950,24632.3,525,1425,13669575
NIFTY-I.NFO,02/05/2025,09:32:00,24631.9,24628,1350,24630,225,2550,13669575
NIFTY-I.NFO,02/05/2025,09:32:02,24631.6,24628,1275,24631.6,450,2550,13669575
NIFTY-I.NFO,02/05/2025,09:32:04,24629.8,24628,825,24631.2,525,600,13669575
NIFTY-I.NFO,02/05/2025,09:32:05,24628,24628,525,24629.7,675,675,13669575
NIFTY-I.NFO,02/05/2025,09:32:07,24628.3,24626.5,75,24627.7,525,750,13669575
NIFTY-I.NFO,02/05/2025,09:32:09,24629.1,24627.1,75,24629,150,975,13669575
NIFTY-I.NFO,02/05/2025,09:32:10,24626.9,24625,6525,24627.2,525,825,13669575
NIFTY-I.NFO,02/05/2025,09:32:12,24622,24622,1050,24625.2,150,9075,13669575
NIFTY-I.NFO,02/05/2025,09:32:14,24620.1,24620.8,75,24624.3,300,3075,13669575
NIFTY-I.NFO,02/05/2025,09:32:15,24625,24620.7,375,24621.4,150,1275,13669575
NIFTY-I.NFO,02/05/2025,09:32:17,24621.1,24621.5,75,24623,300,3150,13669575
NIFTY-I.NFO,02/05/2025,09:32:19,24622.2,24622.4,150,24624.9,150,3525,13669575
NIFTY-I.NFO,02/05/2025,09:32:20,24625.1,24625.1,525,24626,150,2775,13669575
NIFTY-I.NFO,02/05/2025,09:32:22,24625.8,24625,1500,24625.9,75,2700,13669575
NIFTY-I.NFO,02/05/2025,09:32:24,24629,24625,1350,24625.6,75,1575,13669575
NIFTY-I.NFO,02/05/2025,09:32:25,24626,24625.9,300,24629.8,75,4200,13669575
NIFTY-I.NFO,02/05/2025,09:32:27,24626.4,24626.4,375,24630,2025,1425,13669575
NIFTY-I.NFO,02/05/2025,09:32:29,24629,24625.6,375,24629.2,150,1200,13669575
NIFTY-I.NFO,02/05/2025,09:32:30,24627.9,24625.5,75,24625.6,75,1050,13669575
NIFTY-I.NFO,02/05/2025,09:32:32,24626.6,24626.6,1200,24627.2,75,1050,13669575
NIFTY-I.NFO,02/05/2025,09:32:34,24628,24626.3,300,24626.6,150,2850,13669575
NIFTY-I.NFO,02/05/2025,09:32:35,24630,24627.5,75,24630,1425,2175,13669575
NIFTY-I.NFO,02/05/2025,09:32:37,24626,24626,375,24628,75,675,13669575
NIFTY-I.NFO,02/05/2025,09:32:39,24629.3,24625.9,150,24629.3,75,975,13669575
NIFTY-I.NFO,02/05/2025,09:32:40,24628.1,24628.7,75,24630,975,2550,13669575
NIFTY-I.NFO,02/05/2025,09:32:42,24633.9,24630.1,675,24633.9,75,3600,13669575
NIFTY-I.NFO,02/05/2025,09:32:44,24630.1,24630.2,300,24634.9,75,1500,13669575
NIFTY-I.NFO,02/05/2025,09:32:45,24630.1,24630.1,225,24634,150,900,13669575
NIFTY-I.NFO,02/05/2025,09:32:47,24627,24627.1,300,24630.1,75,750,13669575
NIFTY-I.NFO,02/05/2025,09:32:49,24630.1,24626,300,24630,150,1350,13669575
NIFTY-I.NFO,02/05/2025,09:32:50,24625.1,24625.1,225,24628.9,225,825,13669575
NIFTY-I.NFO,02/05/2025,09:32:52,24628.3,24625.1,150,24626.8,75,375,13669575
NIFTY-I.NFO,02/05/2025,09:32:54,24627,24625.1,150,24627,300,6225,13669575
NIFTY-I.NFO,02/05/2025,09:32:55,24625.2,24625.2,450,24627,225,1050,13669575
NIFTY-I.NFO,02/05/2025,09:32:57,24625.9,24625.5,75,24625.9,75,375,13669575
NIFTY-I.NFO,02/05/2025,09:32:59,24625.8,24626,75,24628.9,150,1650,13669575
NIFTY-I.NFO,02/05/2025,09:33:00,24627.3,24627.3,75,24630,750,1725,13669575
NIFTY-I.NFO,02/05/2025,09:33:02,24634.1,24628.3,225,24634.4,300,3375,13669575
NIFTY-I.NFO,02/05/2025,09:33:04,24627.7,24627.2,150,24633.2,300,525,13669575
NIFTY-I.NFO,02/05/2025,09:33:05,24628.1,24628.5,150,24634.1,150,900,13669575
NIFTY-I.NFO,02/05/2025,09:33:07,24630.1,24629.4,150,24633,75,2250,13669575
NIFTY-I.NFO,02/05/2025,09:33:09,24634.9,24629,375,24635,2175,1350,13669575
NIFTY-I.NFO,02/05/2025,09:33:10,24632.7,24628.9,75,24633.5,375,600,13669575
NIFTY-I.NFO,02/05/2025,09:33:12,24626,24626,150,24630,150,525,13669575
NIFTY-I.NFO,02/05/2025,09:33:14,24632,24631.1,750,24632.9,150,2325,13669575
NIFTY-I.NFO,02/05/2025,09:33:15,24625.6,24625.2,300,24630.2,150,1650,13669575
NIFTY-I.NFO,02/05/2025,09:33:17,24625.2,24625.2,225,24631,75,675,13669575
NIFTY-I.NFO,02/05/2025,09:33:19,24630.2,24630.2,1725,24631,150,600,13669575
NIFTY-I.NFO,02/05/2025,09:33:20,24630.2,24626.9,75,24631,150,2025,13718550
NIFTY-I.NFO,02/05/2025,09:33:22,24628,24628.7,75,24629.9,150,225,13718550
NIFTY-I.NFO,02/05/2025,09:33:23,24628.6,24628.6,75,24629.9,225,1500,13718550
NIFTY-I.NFO,02/05/2025,09:33:25,24629.9,24628,300,24629.8,150,375,13718550
NIFTY-I.NFO,02/05/2025,09:33:27,24629.8,24628.5,75,24629.8,75,600,13718550
NIFTY-I.NFO,02/05/2025,09:33:28,24630.2,24630.4,150,24632.9,75,1650,13718550
NIFTY-I.NFO,02/05/2025,09:33:30,24636,24634.7,225,24638,750,3375,13718550
NIFTY-I.NFO,02/05/2025,09:33:32,24635.6,24636,300,24639,300,2700,13718550
NIFTY-I.NFO,02/05/2025,09:33:33,24636,24636,300,24640,1050,1800,13718550
NIFTY-I.NFO,02/05/2025,09:33:35,24640,24635.3,75,24641,75,1800,13718550
NIFTY-I.NFO,02/05/2025,09:33:37,24635,24633.9,75,24639.8,225,1650,13718550
NIFTY-I.NFO,02/05/2025,09:33:38,24639.8,24634,150,24636.9,75,225,13718550
NIFTY-I.NFO,02/05/2025,09:33:40,24630,24632,75,24635.6,75,300,13718550
NIFTY-I.NFO,02/05/2025,09:33:42,24634.1,24630,75,24634,225,375,13718550
NIFTY-I.NFO,02/05/2025,09:33:43,24634,24629.8,2925,24634,225,600,13718550
NIFTY-I.NFO,02/05/2025,09:33:45,24630,24630,150,24635.6,225,1200,13718550
NIFTY-I.NFO,02/05/2025,09:33:47,24630.8,24630.1,900,24635.6,75,750,13718550
NIFTY-I.NFO,02/05/2025,09:33:48,24638.4,24631.3,750,24637.6,150,675,13718550
NIFTY-I.NFO,02/05/2025,09:33:50,24638.5,24638.5,1200,24638.8,150,1350,13718550
NIFTY-I.NFO,02/05/2025,09:33:52,24631.4,24633.6,150,24639,75,2250,13718550
NIFTY-I.NFO,02/05/2025,09:33:53,24639,24634,150,24639.6,150,600,13718550
NIFTY-I.NFO,02/05/2025,09:33:55,24640,24633.7,150,24639.9,300,1350,13718550
NIFTY-I.NFO,02/05/2025,09:33:57,24638.1,24632.6,75,24637.8,300,150,13718550
NIFTY-I.NFO,02/05/2025,09:33:58,24637.6,24631.9,75,24637.6,75,1125,13718550
NIFTY-I.NFO,02/05/2025,09:34:00,24633.4,24631.7,150,24638.3,150,750,13718550
NIFTY-I.NFO,02/05/2025,09:34:01,24638.7,24633.1,150,24638.9,75,675,13718550
NIFTY-I.NFO,02/05/2025,09:34:03,24635,24633.9,75,24637,75,300,13718550
NIFTY-I.NFO,02/05/2025,09:34:05,24637,24634.6,150,24640.1,150,3675,13718550
NIFTY-I.NFO,02/05/2025,09:34:06,24635,24635,75,24638.6,150,1650,13718550
NIFTY-I.NFO,02/05/2025,09:34:08,24640,24639.3,225,24640,675,2400,13718550
NIFTY-I.NFO,02/05/2025,09:34:10,24645.6,24645.6,750,24649.8,75,4575,13718550
NIFTY-I.NFO,02/05/2025,09:34:11,24650.2,24649.6,75,24651,150,10650,13718550
NIFTY-I.NFO,02/05/2025,09:34:13,24654.9,24651,225,24655,675,4050,13718550
NIFTY-I.NFO,02/05/2025,09:34:15,24651.6,24649.3,225,24655,75,1800,13718550
NIFTY-I.NFO,02/05/2025,09:34:15,24655.5,24649.3,225,24655,75,0,13718550
NIFTY-I.NFO,02/05/2025,09:34:16,24650,24649,75,24655.4,150,1650,13718550
NIFTY-I.NFO,02/05/2025,09:34:18,24659,24658,75,24659,450,2025,13718550
NIFTY-I.NFO,02/05/2025,09:34:18,24659,24658,75,24659,450,0,13718550
NIFTY-I.NFO,02/05/2025,09:34:20,24658.9,24651,75,24657.5,225,600,13718550
NIFTY-I.NFO,02/05/2025,09:34:21,24655.7,24650,3150,24655.4,150,1125,13718550
NIFTY-I.NFO,02/05/2025,09:34:23,24650.4,24650,1725,24655.9,150,2325,13718550
NIFTY-I.NFO,02/05/2025,09:34:25,24655.9,24650,1725,24650.2,75,2025,13718550
NIFTY-I.NFO,02/05/2025,09:34:26,24654,24651.6,75,24653.9,375,1950,13718550
NIFTY-I.NFO,02/05/2025,09:34:28,24653.9,24653.9,75,24655,150,2100,13718550
NIFTY-I.NFO,02/05/2025,09:34:30,24657.6,24654,75,24657.6,75,1275,13718550
NIFTY-I.NFO,02/05/2025,09:34:31,24655.8,24650.2,75,24655.1,375,1200,13718550
NIFTY-I.NFO,02/05/2025,09:34:33,24657.4,24655,1500,24657.1,150,2775,13718550
NIFTY-I.NFO,02/05/2025,09:34:35,24657.6,24655.1,3075,24657.6,75,3000,13718550
NIFTY-I.NFO,02/05/2025,09:34:36,24655.1,24655.1,2175,24656.3,375,1500,13718550
NIFTY-I.NFO,02/05/2025,09:34:38,24655,24650.3,150,24656.1,75,4125,13718550
NIFTY-I.NFO,02/05/2025,09:34:40,24655.4,24650,3225,24655.4,75,450,13718550
NIFTY-I.NFO,02/05/2025,09:34:41,24654,24650,2850,24654,375,600,13718550
NIFTY-I.NFO,02/05/2025,09:34:43,24650,24650,2625,24652,150,375,13718550
NIFTY-I.NFO,02/05/2025,09:34:45,24655,24650.8,450,24654.9,150,1725,13718550
NIFTY-I.NFO,02/05/2025,09:34:46,24654,24650.2,450,24654.9,150,675,13718550
NIFTY-I.NFO,02/05/2025,09:34:48,24650.1,24650,2475,24654.9,150,1200,13718550
NIFTY-I.NFO,02/05/2025,09:34:50,24652,24652,150,24657.3,375,2400,13718550
NIFTY-I.NFO,02/05/2025,09:34:51,24655,24655,1425,24657.1,150,10200,13718550
NIFTY-I.NFO,02/05/2025,09:34:51,24660,24655,1425,24657.1,150,0,13718550
NIFTY-I.NFO,02/05/2025,09:34:53,24655,24655,1200,24657.3,150,225,13718550
NIFTY-I.NFO,02/05/2025,09:34:55,24653.7,24653,150,24654.9,150,1425,13718550
NIFTY-I.NFO,02/05/2025,09:34:56,24655,24650,2175,24655,15525,1650,13718550
NIFTY-I.NFO,02/05/2025,09:34:58,24650,24650,1725,24654.5,225,1425,13718550
NIFTY-I.NFO,02/05/2025,09:35:00,24650.8,24650,1875,24653.6,150,1575,13718550
NIFTY-I.NFO,02/05/2025,09:35:01,24654,24650,975,24654.3,75,2175,13718550
NIFTY-I.NFO,02/05/2025,09:35:03,24650,24650,75,24651.5,150,1350,13718550
NIFTY-I.NFO,02/05/2025,09:35:05,24647.3,24645,75,24647.6,525,2325,13718550
NIFTY-I.NFO,02/05/2025,09:35:06,24645.6,24644,450,24645.6,150,3000,13718550
NIFTY-I.NFO,02/05/2025,09:35:08,24648.6,24645,75,24648.6,525,450,13718550
NIFTY-I.NFO,02/05/2025,09:35:10,24642.2,24640.2,150,24644,150,975,13718550
NIFTY-I.NFO,02/05/2025,09:35:11,24647.1,24645.5,75,24647.9,450,900,13718550
NIFTY-I.NFO,02/05/2025,09:35:13,24645.1,24645.1,3900,24646,450,1800,13718550
NIFTY-I.NFO,02/05/2025,09:35:15,24634,24634,75,24634.7,75,9975,13718550
NIFTY-I.NFO,02/05/2025,09:35:16,24639.2,24633,375,24639.6,450,525,13718550
NIFTY-I.NFO,02/05/2025,09:35:18,24634.7,24640.6,375,24642.1,150,375,13718550
NIFTY-I.NFO,02/05/2025,09:35:20,24643.1,24636.2,375,24643.1,375,900,13718550
NIFTY-I.NFO,02/05/2025,09:35:21,24641.8,24641.9,300,24644,75,600,13718550
NIFTY-I.NFO,02/05/2025,09:35:23,24646,24644.6,375,24649.9,150,1500,13718550
NIFTY-I.NFO,02/05/2025,09:35:25,24644.9,24644.4,975,24648.9,150,525,13718550
NIFTY-I.NFO,02/05/2025,09:35:26,24644.8,24645.9,75,24648.9,150,3150,13718550
NIFTY-I.NFO,02/05/2025,09:35:28,24643.1,24643.1,525,24644.6,1050,900,13718550
NIFTY-I.NFO,02/05/2025,09:35:30,24643.1,24643.1,75,24643.7,2775,675,13718550
NIFTY-I.NFO,02/05/2025,09:35:31,24640,24640,150,24643.7,2700,375,13718550
NIFTY-I.NFO,02/05/2025,09:35:33,24640.3,24643,75,24643.1,2175,75,13718550
NIFTY-I.NFO,02/05/2025,09:35:35,24640,24640,150,24643.1,4275,825,13718550
NIFTY-I.NFO,02/05/2025,09:35:36,24639.6,24639.6,825,24640,3075,1725,13718550
NIFTY-I.NFO,02/05/2025,09:35:38,24641.4,24641,450,24643.1,2700,6975,13718550
NIFTY-I.NFO,02/05/2025,09:35:40,24643.7,24643.3,375,24644.6,1050,4725,13718550
NIFTY-I.NFO,02/05/2025,09:35:41,24650,24648.3,225,24649.9,150,3900,13718550
NIFTY-I.NFO,02/05/2025,09:35:43,24653.9,24649.6,750,24654,75,2850,13718550
NIFTY-I.NFO,02/05/2025,09:35:45,24649.4,24647.3,75,24652.1,375,675,13718550
NIFTY-I.NFO,02/05/2025,09:35:46,24646.4,24646.1,525,24649.4,5775,1050,13718550
NIFTY-I.NFO,02/05/2025,09:35:48,24645.3,24645,150,24645.7,75,600,13718550
NIFTY-I.NFO,02/05/2025,09:35:50,24645.1,24645.1,150,24645.8,375,1050,13718550
NIFTY-I.NFO,02/05/2025,09:35:51,24645.7,24643.1,150,24645,900,375,13718550
NIFTY-I.NFO,02/05/2025,09:35:53,24640,24640,300,24644.9,75,525,13718550
NIFTY-I.NFO,02/05/2025,09:35:55,24644.2,24640,150,24643.7,975,300,13718550
NIFTY-I.NFO,02/05/2025,09:35:56,24640,24639.6,525,24640,4875,1950,13718550
NIFTY-I.NFO,02/05/2025,09:35:58,24640,24640,675,24645,2175,5325,13718550
NIFTY-I.NFO,02/05/2025,09:36:00,24642,24642,975,24645,1800,1050,13718550
NIFTY-I.NFO,02/05/2025,09:36:01,24642,24642,225,24643.1,75,1425,13718550
NIFTY-I.NFO,02/05/2025,09:36:03,24642,24640.1,75,24642,2550,2400,13718550
NIFTY-I.NFO,02/05/2025,09:36:05,24645.6,24645.6,150,24646.1,150,3075,13718550
NIFTY-I.NFO,02/05/2025,09:36:06,24643.1,24643.1,1350,24644.9,300,975,13718550
NIFTY-I.NFO,02/05/2025,09:36:08,24644.9,24643.1,900,24644.9,75,675,13718550
NIFTY-I.NFO,02/05/2025,09:36:10,24644.9,24642,75,24645,300,10125,13718550
NIFTY-I.NFO,02/05/2025,09:36:11,24644.1,24643.6,75,24645,1575,975,13718550
NIFTY-I.NFO,02/05/2025,09:36:13,24644.4,24644.4,600,24650,75,3750,13718550
NIFTY-I.NFO,02/05/2025,09:36:15,24646.3,24645.9,675,24651.9,150,975,13718550
NIFTY-I.NFO,02/05/2025,09:36:16,24646.6,24646.1,75,24650,225,300,13718550
NIFTY-I.NFO,02/05/2025,09:36:18,24647.7,24647.4,525,24650,150,675,13718550
NIFTY-I.NFO,02/05/2025,09:36:20,24649.1,24648.3,525,24653.6,75,1725,13718550
NIFTY-I.NFO,02/05/2025,09:36:21,24651.8,24647.1,450,24652.7,150,2400,13768950
NIFTY-I.NFO,02/05/2025,09:36:23,24650.1,24650.1,975,24651,75,225,13768950
NIFTY-I.NFO,02/05/2025,09:36:25,24650.1,24650.1,675,24651.8,75,450,13768950
NIFTY-I.NFO,02/05/2025,09:36:26,24650,24650,5325,24650.1,225,1875,13768950
NIFTY-I.NFO,02/05/2025,09:36:28,24647.5,24645,150,24647.2,150,5625,13768950
NIFTY-I.NFO,02/05/2025,09:36:30,24648.6,24643.4,75,24651.5,600,2700,13768950
NIFTY-I.NFO,02/05/2025,09:36:31,24642.6,24645,150,24649,150,600,13768950
NIFTY-I.NFO,02/05/2025,09:36:33,24642,24642,675,24646.8,225,300,13768950
NIFTY-I.NFO,02/05/2025,09:36:35,24648.1,24643.5,75,24649.7,150,1950,13768950
NIFTY-I.NFO,02/05/2025,09:36:36,24642.6,24643,300,24649.2,300,450,13768950
NIFTY-I.NFO,02/05/2025,09:36:38,24643,24643.1,75,24648.7,225,150,13768950
NIFTY-I.NFO,02/05/2025,09:36:40,24643.1,24643,150,24649.1,150,4575,13768950
NIFTY-I.NFO,02/05/2025,09:36:41,24642,24643.5,75,24644.9,150,300,13768950
NIFTY-I.NFO,02/05/2025,09:36:43,24647.6,24642.4,675,24649,150,600,13768950
NIFTY-I.NFO,02/05/2025,09:36:45,24648.1,24642.5,600,24649.2,150,375,13768950
NIFTY-I.NFO,02/05/2025,09:36:47,24643.1,24642.5,675,24649.1,75,750,13768950
NIFTY-I.NFO,02/05/2025,09:36:48,24647.6,24644.9,75,24647.5,75,375,13768950
NIFTY-I.NFO,02/05/2025,09:36:50,24649.8,24647.5,75,24649.8,375,825,13768950
NIFTY-I.NFO,02/05/2025,09:36:52,24646.2,24645.6,600,24650,1950,1200,13768950
NIFTY-I.NFO,02/05/2025,09:36:53,24650,24643.5,975,24649.9,150,1500,13768950
NIFTY-I.NFO,02/05/2025,09:36:55,24644,24645.8,675,24649.2,75,225,13768950
NIFTY-I.NFO,02/05/2025,09:36:57,24646.4,24644.8,375,24649.9,150,975,13768950
NIFTY-I.NFO,02/05/2025,09:36:58,24644.4,24644,600,24649.9,75,1200,13768950
NIFTY-I.NFO,02/05/2025,09:37:00,24644.4,24644.4,75,24645.6,150,2475,13768950
NIFTY-I.NFO,02/05/2025,09:37:02,24644.4,24643.1,75,24644.1,75,75,13768950
NIFTY-I.NFO,02/05/2025,09:37:03,24643,24642,900,24646.5,150,1800,13768950
NIFTY-I.NFO,02/05/2025,09:37:05,24642,24642,600,24646.5,150,2100,13768950
NIFTY-I.NFO,02/05/2025,09:37:07,24642,24642,525,24647.5,525,1725,13768950
NIFTY-I.NFO,02/05/2025,09:37:08,24648,24644,75,24648.9,150,300,13768950
NIFTY-I.NFO,02/05/2025,09:37:10,24642.9,24642.8,75,24647.7,150,1950,13768950
NIFTY-I.NFO,02/05/2025,09:37:12,24650,24645,1800,24648.3,75,3975,13768950
NIFTY-I.NFO,02/05/2025,09:37:13,24650,24645,1200,24649.8,150,3900,13768950
NIFTY-I.NFO,02/05/2025,09:37:15,24649.1,24645,900,24648.5,75,750,13768950
NIFTY-I.NFO,02/05/2025,09:37:16,24643,24643,225,24644.9,150,2475,13768950
NIFTY-I.NFO,02/05/2025,09:37:18,24642,24641,75,24644.8,150,2175,13768950
NIFTY-I.NFO,02/05/2025,09:37:20,24641,24640.1,75,24642.8,150,2775,13768950
NIFTY-I.NFO,02/05/2025,09:37:21,24642,24640.1,75,24641,225,675,13768950
NIFTY-I.NFO,02/05/2025,09:37:23,24638.5,24636.6,75,24638.6,150,1950,13768950
NIFTY-I.NFO,02/05/2025,09:37:25,24627.7,24626.9,600,24633.6,150,4800,13768950
NIFTY-I.NFO,02/05/2025,09:37:26,24627.1,24628.2,225,24633.5,75,525,13768950
NIFTY-I.NFO,02/05/2025,09:37:28,24630,24633.5,75,24634.7,150,2175,13768950
NIFTY-I.NFO,02/05/2025,09:37:30,24633.6,24633.6,1800,24637.9,300,675,13768950
NIFTY-I.NFO,02/05/2025,09:37:31,24634.7,24634.9,150,24637.8,75,3450,13768950
NIFTY-I.NFO,02/05/2025,09:37:33,24636.6,24635.7,600,24642.6,450,1650,13768950
NIFTY-I.NFO,02/05/2025,09:37:35,24638,24634.7,75,24641.4,225,375,13768950
NIFTY-I.NFO,02/05/2025,09:37:36,24633.6,24633.6,1575,24635.2,75,1350,13768950
NIFTY-I.NFO,02/05/2025,09:37:38,24635.2,24633.6,825,24635.8,150,1050,13768950
NIFTY-I.NFO,02/05/2025,09:37:40,24640,24640,825,24642.2,150,2250,13768950
NIFTY-I.NFO,02/05/2025,09:37:41,24640.1,24633.7,525,24640.8,600,2925,13768950
NIFTY-I.NFO,02/05/2025,09:37:43,24634,24633.9,75,24635.2,75,225,13768950
NIFTY-I.NFO,02/05/2025,09:37:45,24634.3,24635,600,24635.2,75,225,13768950
NIFTY-I.NFO,02/05/2025,09:37:46,24637.5,24633.7,525,24637.9,75,2475,13768950
NIFTY-I.NFO,02/05/2025,09:37:48,24637.9,24634.9,375,24637.9,150,1125,13768950
NIFTY-I.NFO,02/05/2025,09:37:50,24635.9,24638.3,150,24639.9,75,900,13768950
NIFTY-I.NFO,02/05/2025,09:37:51,24637.9,24637.3,150,24637.6,75,225,13768950
NIFTY-I.NFO,02/05/2025,09:37:53,24640,24640,1875,24641,75,2475,13768950
NIFTY-I.NFO,02/05/2025,09:37:55,24642.5,24643,150,24645,75,975,13768950
NIFTY-I.NFO,02/05/2025,09:37:56,24643,24642.6,150,24648.1,75,3225,13768950
NIFTY-I.NFO,02/05/2025,09:37:58,24642.5,24641.8,75,24642.5,75,2700,13768950
NIFTY-I.NFO,02/05/2025,09:38:00,24642.4,24642.2,300,24645,75,3825,13768950
NIFTY-I.NFO,02/05/2025,09:38:01,24645.1,24645.1,975,24648.1,600,675,13768950
NIFTY-I.NFO,02/05/2025,09:38:03,24645.8,24646,75,24650.5,150,2550,13768950
NIFTY-I.NFO,02/05/2025,09:38:05,24649,24648,75,24651.9,300,300,13768950
NIFTY-I.NFO,02/05/2025,09:38:06,24650,24647.2,75,24651.5,300,825,13768950
NIFTY-I.NFO,02/05/2025,09:38:08,24642,24642,150,24646.3,600,3375,13768950
NIFTY-I.NFO,02/05/2025,09:38:10,24638.6,24638.5,75,24645,75,1500,13768950
NIFTY-I.NFO,02/05/2025,09:38:11,24645.6,24638.6,75,24645.4,450,1650,13768950
NIFTY-I.NFO,02/05/2025,09:38:13,24644.2,24640,1875,24644.9,375,75,13768950
NIFTY-I.NFO,02/05/2025,09:38:15,24646.8,24643.3,75,24647.2,150,4425,13768950
NIFTY-I.NFO,02/05/2025,09:38:16,24647.8,24641.2,150,24647.8,300,675,13768950
NIFTY-I.NFO,02/05/2025,09:38:18,24647.5,24645.2,75,24647.5,300,1500,13768950
NIFTY-I.NFO,02/05/2025,09:38:20,24640,24640,1650,24644.2,75,2175,13768950
NIFTY-I.NFO,02/05/2025,09:38:21,24642.6,24640.1,75,24642.8,300,750,13768950
NIFTY-I.NFO,02/05/2025,09:38:23,24640.1,24638,75,24639.9,300,2850,13768950
NIFTY-I.NFO,02/05/2025,09:38:25,24638.1,24634,75,24638.1,225,1800,13768950
NIFTY-I.NFO,02/05/2025,09:38:26,24631.7,24631.5,75,24637.6,150,525,13768950
NIFTY-I.NFO,02/05/2025,09:38:28,24638.4,24634.5,150,24639.9,75,150,13768950
NIFTY-I.NFO,02/05/2025,09:38:30,24638,24633.8,225,24639.9,375,750,13768950
NIFTY-I.NFO,02/05/2025,09:38:31,24639.7,24635.2,150,24640,225,900,13768950
NIFTY-I.NFO,02/05/2025,09:38:33,24640,24640,450,24641.9,150,300,13768950
NIFTY-I.NFO,02/05/2025,09:38:35,24645.1,24640,225,24645.1,150,2475,13768950
NIFTY-I.NFO,02/05/2025,09:38:36,24641.3,24641.3,525,24645.1,150,225,13768950
NIFTY-I.NFO,02/05/2025,09:38:38,24643.2,24643.2,525,24646.7,75,450,13768950
NIFTY-I.NFO,02/05/2025,09:38:40,24640.1,24640.1,675,24643.2,75,525,13768950
NIFTY-I.NFO,02/05/2025,09:38:41,24645,24645,450,24646.9,150,1500,13768950
NIFTY-I.NFO,02/05/2025,09:38:43,24643.2,24641,75,24643.8,75,675,13768950
NIFTY-I.NFO,02/05/2025,09:38:45,24641.5,24636,75,24641.6,375,1875,13768950
NIFTY-I.NFO,02/05/2025,09:38:47,24635.1,24637.7,600,24643.3,150,300,13768950
NIFTY-I.NFO,02/05/2025,09:38:48,24637.2,24637.2,525,24642.3,150,1275,13768950
NIFTY-I.NFO,02/05/2025,09:38:50,24642,24640.6,75,24642.4,75,300,13768950
NIFTY-I.NFO,02/05/2025,09:38:52,24640.2,24640.1,825,24643.2,150,975,13768950
NIFTY-I.NFO,02/05/2025,09:38:53,24640.2,24640.1,150,24640.6,75,450,13768950
NIFTY-I.NFO,02/05/2025,09:38:55,24640,24640,1275,24640.2,75,975,13768950
NIFTY-I.NFO,02/05/2025,09:38:57,24640.3,24640.3,825,24641.5,375,300,13768950
NIFTY-I.NFO,02/05/2025,09:38:58,24640.7,24641.3,75,24641.5,375,300,13768950
NIFTY-I.NFO,02/05/2025,09:39:00,24640.9,24641,600,24644.8,150,3075,13768950
NIFTY-I.NFO,02/05/2025,09:39:02,24643.8,24640.2,300,24643.3,75,300,13768950
NIFTY-I.NFO,02/05/2025,09:39:03,24640.2,24641,150,24641.2,75,450,13768950
NIFTY-I.NFO,02/05/2025,09:39:05,24642,24642,600,24643.7,150,975,13768950
NIFTY-I.NFO,02/05/2025,09:39:07,24642,24641,75,24641.6,150,600,13768950
NIFTY-I.NFO,02/05/2025,09:39:08,24636,24635.2,675,24640.1,150,450,13768950
NIFTY-I.NFO,02/05/2025,09:39:10,24634.3,24633.9,150,24639.9,150,825,13768950
NIFTY-I.NFO,02/05/2025,09:39:12,24633.1,24633.7,675,24639.9,75,675,13768950
NIFTY-I.NFO,02/05/2025,09:39:13,24639.9,24637.8,75,24639.9,150,1200,13768950
NIFTY-I.NFO,02/05/2025,09:39:15,24637.8,24637.6,75,24639.8,75,525,13768950
NIFTY-I.NFO,02/05/2025,09:39:17,24637.6,24637.6,75,24640,750,450,13768950
NIFTY-I.NFO,02/05/2025,09:39:18,24640,24638.6,150,24640,975,825,13768950
NIFTY-I.NFO,02/05/2025,09:39:20,24639.3,24638.1,75,24640,675,675,13768950
NIFTY-I.NFO,02/05/2025,09:39:22,24641,24637.7,150,24641.2,150,1275,13775250
NIFTY-I.NFO,02/05/2025,09:39:23,24639.8,24640,225,24641,75,1500,13775250
NIFTY-I.NFO,02/05/2025,09:39:25,24641,24639.9,75,24641,75,75,13775250
NIFTY-I.NFO,02/05/2025,09:39:27,24641,24640.1,75,24641,150,225,13775250
NIFTY-I.NFO,02/05/2025,09:39:28,24640,24640,3600,24641,225,225,13775250
NIFTY-I.NFO,02/05/2025,09:39:30,24640,24640,3225,24640.9,150,525,13775250
NIFTY-I.NFO,02/05/2025,09:39:32,24641,24640.1,75,24641.1,375,5250,13775250
NIFTY-I.NFO,02/05/2025,09:39:33,24643.8,24642.3,75,24645,675,975,13775250
NIFTY-I.NFO,02/05/2025,09:39:35,24644.1,24644.3,75,24645,75,825,13775250
NIFTY-I.NFO,02/05/2025,09:39:37,24644,24645,675,24648.8,150,450,13775250
NIFTY-I.NFO,02/05/2025,09:39:38,24645.7,24645.6,75,24648,300,825,13775250
NIFTY-I.NFO,02/05/2025,09:39:40,24644.9,24644.6,300,24648,225,300,13775250
NIFTY-I.NFO,02/05/2025,09:39:42,24643,24643,150,24645.7,225,900,13775250
NIFTY-I.NFO,02/05/2025,09:39:43,24643.1,24642.4,150,24643.9,150,225,13775250
NIFTY-I.NFO,02/05/2025,09:39:45,24647.9,24644,75,24647.9,75,825,13775250
NIFTY-I.NFO,02/05/2025,09:39:47,24649.9,24644.5,600,24649.8,450,1425,13775250
NIFTY-I.NFO,02/05/2025,09:39:48,24644.9,24644.3,225,24649.8,450,525,13775250
NIFTY-I.NFO,02/05/2025,09:39:50,24645.7,24645.7,75,24647.9,150,450,13775250
NIFTY-I.NFO,02/05/2025,09:39:52,24648,24647.9,75,24649.8,150,600,13775250
NIFTY-I.NFO,02/05/2025,09:39:53,24649.8,24648.8,300,24649.9,300,375,13775250
NIFTY-I.NFO,02/05/2025,09:39:55,24651,24649.8,75,24652.9,150,4425,13775250
NIFTY-I.NFO,02/05/2025,09:39:57,24649.8,24650.5,225,24653,225,975,13775250
NIFTY-I.NFO,02/05/2025,09:39:58,24669.9,24665.4,75,24669.9,375,19875,13775250
NIFTY-I.NFO,02/05/2025,09:39:58,24670,24665.4,75,24669.9,375,0,13775250
NIFTY-I.NFO,02/05/2025,09:40:00,24665.3,24665.3,75,24670.3,75,3675,13775250
NIFTY-I.NFO,02/05/2025,09:40:00,24671.5,24665.3,75,24670.3,75,0,13775250
NIFTY-I.NFO,02/05/2025,09:40:02,24670,24670,975,24671.8,75,5100,13775250
NIFTY-I.NFO,02/05/2025,09:40:02,24672.8,24670,975,24671.8,75,0,13775250
NIFTY-I.NFO,02/05/2025,09:40:03,24670.3,24670.3,75,24672.2,75,825,13775250
NIFTY-I.NFO,02/05/2025,09:40:05,24666.1,24666.1,150,24669.9,75,1050,13775250
NIFTY-I.NFO,02/05/2025,09:40:07,24666.5,24666.6,675,24670.3,900,3525,13775250
NIFTY-I.NFO,02/05/2025,09:40:07,24673,24666.6,675,24670.3,900,0,13775250
NIFTY-I.NFO,02/05/2025,09:40:08,24673.4,24671.2,300,24673.4,975,7425,13775250
NIFTY-I.NFO,02/05/2025,09:40:08,24673.4,24671.2,300,24673.4,975,0,13775250
NIFTY-I.NFO,02/05/2025,09:40:10,24673.4,24670.5,300,24672,525,750,13775250
NIFTY-I.NFO,02/05/2025,09:40:12,24673.4,24671,300,24673.4,525,1425,13775250
NIFTY-I.NFO,02/05/2025,09:40:13,24676.4,24676,75,24677.5,75,6750,13775250
NIFTY-I.NFO,02/05/2025,09:40:13,24677.4,24676,75,24677.5,75,0,13775250
NIFTY-I.NFO,02/05/2025,09:40:15,24679.9,24676.5,300,24680,4050,2250,13775250
NIFTY-I.NFO,02/05/2025,09:40:15,24680,24676.5,300,24680,4050,0,13775250
NIFTY-I.NFO,02/05/2025,09:40:16,24678,24676.8,375,24678.2,600,1125,13775250
NIFTY-I.NFO,02/05/2025,09:40:18,24677.5,24677.5,5175,24680,825,3825,13775250
NIFTY-I.NFO,02/05/2025,09:40:20,24677.8,24677.5,4425,24677.9,75,3075,13775250
NIFTY-I.NFO,02/05/2025,09:40:21,24678.8,24677.5,3600,24678.7,150,5325,13775250
NIFTY-I.NFO,02/05/2025,09:40:21,24680.4,24677.5,3600,24678.7,150,0,13775250
NIFTY-I.NFO,02/05/2025,09:40:23,24676.6,24675,975,24677.2,150,5550,13775250
NIFTY-I.NFO,02/05/2025,09:40:23,24681.2,24675,975,24677.2,150,0,13775250
NIFTY-I.NFO,02/05/2025,09:40:25,24676,24672.9,525,24676,600,1725,13775250
NIFTY-I.NFO,02/05/2025,09:40:26,24672.9,24672.9,300,24675.9,150,1050,13775250
NIFTY-I.NFO,02/05/2025,09:40:28,24672.9,24671,75,24674.2,150,975,13775250
NIFTY-I.NFO,02/05/2025,09:40:30,24665.4,24666.3,525,24671.7,450,2700,13775250
NIFTY-I.NFO,02/05/2025,09:40:31,24670.9,24667,375,24673,450,2400,13775250
NIFTY-I.NFO,02/05/2025,09:40:33,24667.5,24667.9,900,24669.9,75,2400,13775250
NIFTY-I.NFO,02/05/2025,09:40:35,24667.3,24667.4,75,24669.9,150,825,13775250
NIFTY-I.NFO,02/05/2025,09:40:36,24669.9,24667.3,75,24669.9,75,450,13775250
NIFTY-I.NFO,02/05/2025,09:40:38,24670,24669.6,75,24669.7,75,1650,13775250
NIFTY-I.NFO,02/05/2025,09:40:40,24670,24669.2,75,24670,225,1725,13775250
NIFTY-I.NFO,02/05/2025,09:40:41,24672.8,24670.4,825,24672.8,75,600,13775250
NIFTY-I.NFO,02/05/2025,09:40:43,24670.1,24670.1,525,24671.7,225,1500,13775250
NIFTY-I.NFO,02/05/2025,09:40:45,24667.7,24667.6,450,24671.7,150,1725,13775250
NIFTY-I.NFO,02/05/2025,09:40:46,24672.9,24668.6,450,24672.9,525,750,13775250
NIFTY-I.NFO,02/05/2025,09:40:48,24672.9,24668.7,225,24673.5,75,1050,13775250
NIFTY-I.NFO,02/05/2025,09:40:50,24668.5,24668.5,300,24672.7,150,450,13775250
NIFTY-I.NFO,02/05/2025,09:40:52,24668.5,24669.3,450,24670.8,75,525,13775250
NIFTY-I.NFO,02/05/2025,09:40:53,24666.5,24665.7,525,24670,150,1275,13775250
NIFTY-I.NFO,02/05/2025,09:40:55,24666.8,24666.7,450,24670,75,900,13775250
NIFTY-I.NFO,02/05/2025,09:40:57,24668,24665.3,225,24665.4,75,300,13775250
NIFTY-I.NFO,02/05/2025,09:40:58,24665,24665,1425,24667.9,75,675,13775250
NIFTY-I.NFO,02/05/2025,09:41:00,24668.5,24668.5,75,24671.9,150,1275,13775250
NIFTY-I.NFO,02/05/2025,09:41:02,24669.6,24669.7,450,24671.9,150,2850,13775250
NIFTY-I.NFO,02/05/2025,09:41:03,24665.5,24665.5,600,24670,75,1350,13775250
NIFTY-I.NFO,02/05/2025,09:41:05,24669.9,24665.1,600,24669.9,75,2475,13775250
NIFTY-I.NFO,02/05/2025,09:41:07,24665.1,24665.1,600,24669.9,75,450,13775250
NIFTY-I.NFO,02/05/2025,09:41:08,24662.7,24662.5,600,24668.4,150,3150,13775250
NIFTY-I.NFO,02/05/2025,09:41:10,24662,24662,150,24665.2,150,225,13775250
NIFTY-I.NFO,02/05/2025,09:41:12,24660.2,24660.1,600,24662.6,150,750,13775250
NIFTY-I.NFO,02/05/2025,09:41:13,24660.2,24660.2,675,24662,75,2700,13775250
NIFTY-I.NFO,02/05/2025,09:41:15,24661.4,24661.3,75,24664.9,375,1050,13775250
NIFTY-I.NFO,02/05/2025,09:41:17,24660.1,24660.1,150,24663,75,225,13775250
NIFTY-I.NFO,02/05/2025,09:41:18,24663.1,24660,75,24664.9,75,825,13775250
NIFTY-I.NFO,02/05/2025,09:41:20,24661.4,24663,450,24664.9,75,525,13775250
NIFTY-I.NFO,02/05/2025,09:41:22,24661.3,24662.6,600,24664.9,75,600,13775250
NIFTY-I.NFO,02/05/2025,09:41:23,24660.1,24660.1,75,24663,375,1650,13775250
NIFTY-I.NFO,02/05/2025,09:41:25,24660.1,24660,150,24661.3,75,750,13775250
NIFTY-I.NFO,02/05/2025,09:41:27,24661.3,24657.2,750,24661.3,75,1050,13775250
NIFTY-I.NFO,02/05/2025,09:41:28,24660,24655.4,600,24661.4,75,1200,13775250
NIFTY-I.NFO,02/05/2025,09:41:30,24661.3,24655.2,600,24661.7,225,375,13775250
NIFTY-I.NFO,02/05/2025,09:41:32,24656,24656.3,600,24660.9,150,75,13775250
NIFTY-I.NFO,02/05/2025,09:41:33,24658.8,24658.5,1125,24660.9,75,375,13775250
NIFTY-I.NFO,02/05/2025,09:41:35,24660.7,24660.7,300,24661.3,75,2850,13775250
NIFTY-I.NFO,02/05/2025,09:41:37,24662.4,24662.4,75,24663,450,4725,13775250
NIFTY-I.NFO,02/05/2025,09:41:38,24667.6,24666.3,450,24667.6,75,2550,13775250
NIFTY-I.NFO,02/05/2025,09:41:40,24664.2,24662.8,150,24668.6,600,825,13775250
NIFTY-I.NFO,02/05/2025,09:41:42,24662.2,24662.2,75,24667.5,75,750,13775250
NIFTY-I.NFO,02/05/2025,09:41:43,24662.1,24662.1,750,24666.2,150,225,13775250
NIFTY-I.NFO,02/05/2025,09:41:45,24662.1,24660,75,24665.2,75,1575,13775250
NIFTY-I.NFO,02/05/2025,09:41:47,24662,24660.3,1425,24662,75,300,13775250
NIFTY-I.NFO,02/05/2025,09:41:48,24659.1,24659,225,24662.1,225,675,13775250
NIFTY-I.NFO,02/05/2025,09:41:50,24662.1,24660,525,24663.5,75,750,13775250
NIFTY-I.NFO,02/05/2025,09:41:52,24662,24662,75,24664.9,75,675,13775250
NIFTY-I.NFO,02/05/2025,09:41:53,24663.5,24660.8,300,24662,75,600,13775250
NIFTY-I.NFO,02/05/2025,09:41:55,24665.1,24665.1,150,24665.9,150,1050,13775250
NIFTY-I.NFO,02/05/2025,09:41:57,24665.9,24665.7,75,24668.9,150,3975,13775250
NIFTY-I.NFO,02/05/2025,09:41:58,24667.4,24667.2,300,24668.9,75,1050,13775250
NIFTY-I.NFO,02/05/2025,09:42:00,24667.2,24667,75,24669.9,150,1200,13775250
NIFTY-I.NFO,02/05/2025,09:42:02,24668.8,24669,600,24670.6,75,2475,13775250
NIFTY-I.NFO,02/05/2025,09:42:03,24672,24668.5,300,24672,1050,1350,13775250
NIFTY-I.NFO,02/05/2025,09:42:05,24672.9,24667,150,24673,75,2475,13775250
NIFTY-I.NFO,02/05/2025,09:42:07,24672.1,24666.8,75,24672.9,600,675,13775250
NIFTY-I.NFO,02/05/2025,09:42:08,24670,24670,1650,24670.5,75,1050,13775250
NIFTY-I.NFO,02/05/2025,09:42:10,24670.9,24670,1500,24670.9,525,600,13775250
NIFTY-I.NFO,02/05/2025,09:42:12,24664.3,24664,300,24669.8,600,3000,13775250
NIFTY-I.NFO,02/05/2025,09:42:13,24665.6,24669.8,75,24669.9,150,300,13775250
NIFTY-I.NFO,02/05/2025,09:42:15,24665.6,24666.2,150,24669.9,75,375,13775250
NIFTY-I.NFO,02/05/2025,09:42:17,24668.9,24665.2,225,24668.9,75,600,13775250
NIFTY-I.NFO,02/05/2025,09:42:18,24665.3,24665.3,150,24668.7,150,750,13775250
NIFTY-I.NFO,02/05/2025,09:42:20,24668.7,24667.2,75,24668.9,75,375,13775250
NIFTY-I.NFO,02/05/2025,09:42:22,24666.3,24666.4,150,24668.8,150,150,13802850
NIFTY-I.NFO,02/05/2025,09:42:23,24666.4,24666.3,225,24668.8,150,300,13802850
NIFTY-I.NFO,02/05/2025,09:42:25,24668.8,24667.2,300,24668.9,75,1275,13802850
NIFTY-I.NFO,02/05/2025,09:42:27,24668.1,24667.8,1275,24670,225,750,13802850
NIFTY-I.NFO,02/05/2025,09:42:28,24674,24668.4,675,24673.9,150,4050,13802850
NIFTY-I.NFO,02/05/2025,09:42:30,24666.9,24666.9,450,24669.9,75,525,13802850
NIFTY-I.NFO,02/05/2025,09:42:32,24670.6,24670,75,24673.9,150,1500,13802850
NIFTY-I.NFO,02/05/2025,09:42:33,24670.9,24670.6,300,24673.9,75,375,13802850
NIFTY-I.NFO,02/05/2025,09:42:35,24670.6,24670.1,900,24673.7,75,225,13802850
NIFTY-I.NFO,02/05/2025,09:42:37,24670.1,24670.1,75,24673.9,150,1125,13802850
NIFTY-I.NFO,02/05/2025,09:42:38,24673.7,24671.6,75,24673.7,150,675,13802850
NIFTY-I.NFO,02/05/2025,09:42:40,24673.9,24673.7,525,24674,150,975,13802850
NIFTY-I.NFO,02/05/2025,09:42:42,24674,24674,300,24674.5,150,525,13802850
NIFTY-I.NFO,02/05/2025,09:42:43,24674.1,24674.1,975,24674.8,375,225,13802850
NIFTY-I.NFO,02/05/2025,09:42:45,24674.1,24674.1,675,24674.8,375,300,13802850
NIFTY-I.NFO,02/05/2025,09:42:47,24674.5,24674.5,375,24674.7,150,225,13802850
NIFTY-I.NFO,02/05/2025,09:42:48,24673.9,24673.7,825,24674.8,225,1800,13802850
NIFTY-I.NFO,02/05/2025,09:42:50,24673.7,24674.4,375,24674.9,375,2175,13802850
NIFTY-I.NFO,02/05/2025,09:42:52,24674.9,24674.4,300,24675,1725,975,13802850
NIFTY-I.NFO,02/05/2025,09:42:53,24673.7,24673.7,300,24674.1,300,1425,13802850
NIFTY-I.NFO,02/05/2025,09:42:55,24673.7,24673.7,150,24674,225,1875,13802850
NIFTY-I.NFO,02/05/2025,09:42:57,24674,24673.1,150,24674.9,375,1275,13802850
NIFTY-I.NFO,02/05/2025,09:42:58,24674.8,24672.5,75,24674.9,150,1350,13802850
NIFTY-I.NFO,02/05/2025,09:43:00,24670,24668.9,825,24672,375,1125,13802850
NIFTY-I.NFO,02/05/2025,09:43:02,24668.3,24669.1,225,24673.9,150,5025,13802850
NIFTY-I.NFO,02/05/2025,09:43:03,24670,24670,75,24672.9,150,975,13802850
NIFTY-I.NFO,02/05/2025,09:43:05,24667.1,24667.1,750,24672.9,75,975,13802850
NIFTY-I.NFO,02/05/2025,09:43:07,24670.1,24670.1,750,24672.9,75,375,13802850
NIFTY-I.NFO,02/05/2025,09:43:08,24670.1,24670.1,600,24672.9,150,225,13802850
NIFTY-I.NFO,02/05/2025,09:43:10,24671.1,24666.3,150,24670,300,1200,13802850
NIFTY-I.NFO,02/05/2025,09:43:12,24666.3,24666.3,75,24669.4,75,150,13802850
NIFTY-I.NFO,02/05/2025,09:43:13,24665.3,24662,75,24665.3,75,3375,13802850
NIFTY-I.NFO,02/05/2025,09:43:15,24662,24660.1,75,24662.3,150,150,13802850
NIFTY-I.NFO,02/05/2025,09:43:17,24660,24660,450,24662.2,75,2400,13802850
NIFTY-I.NFO,02/05/2025,09:43:18,24660,24660,375,24661,150,75,13802850
NIFTY-I.NFO,02/05/2025,09:43:20,24657.1,24657,300,24658.1,150,1500,13802850
NIFTY-I.NFO,02/05/2025,09:43:22,24659.2,24655.3,75,24659.5,300,1800,13802850
NIFTY-I.NFO,02/05/2025,09:43:23,24652,24652.4,600,24658,150,4200,13802850
NIFTY-I.NFO,02/05/2025,09:43:25,24654.2,24653.8,600,24658.9,150,375,13802850
NIFTY-I.NFO,02/05/2025,09:43:27,24654.7,24654.7,900,24658,75,1500,13802850
NIFTY-I.NFO,02/05/2025,09:43:28,24660,24660,600,24660.7,150,1875,13802850
NIFTY-I.NFO,02/05/2025,09:43:30,24652.1,24652.7,600,24659.2,150,2175,13802850
NIFTY-I.NFO,02/05/2025,09:43:32,24653,24652.1,600,24658,150,375,13802850
NIFTY-I.NFO,02/05/2025,09:43:33,24652.6,24652.5,375,24658.1,150,2325,13802850
NIFTY-I.NFO,02/05/2025,09:43:35,24652.5,24653,150,24657.1,150,375,13802850
NIFTY-I.NFO,02/05/2025,09:43:37,24652,24652.6,75,24654.9,75,2175,13802850
NIFTY-I.NFO,02/05/2025,09:43:38,24653.9,24652.7,600,24654.8,75,450,13802850
NIFTY-I.NFO,02/05/2025,09:43:40,24653.5,24653.5,75,24654.8,150,3000,13802850
NIFTY-I.NFO,02/05/2025,09:43:42,24648.9,24649.2,375,24654.1,75,4950,13802850
NIFTY-I.NFO,02/05/2025,09:43:43,24647,24645,75,24647.5,675,975,13802850
NIFTY-I.NFO,02/05/2025,09:43:45,24642,24640.1,150,24644.9,150,2550,13802850
NIFTY-I.NFO,02/05/2025,09:43:47,24641.9,24641.9,600,24644.9,150,675,13802850
NIFTY-I.NFO,02/05/2025,09:43:48,24644.1,24646.3,600,24649.8,150,1125,13802850
NIFTY-I.NFO,02/05/2025,09:43:50,24652,24650,2025,24653.5,525,3525,13802850
NIFTY-I.NFO,02/05/2025,09:43:52,24653.4,24651,150,24653.4,75,375,13802850
NIFTY-I.NFO,02/05/2025,09:43:53,24650,24650,1425,24652.4,150,975,13802850
NIFTY-I.NFO,02/05/2025,09:43:55,24651.6,24650.1,150,24651.5,150,825,13802850
NIFTY-I.NFO,02/05/2025,09:43:57,24650.1,24650.1,75,24652.4,150,150,13802850
NIFTY-I.NFO,02/05/2025,09:43:58,24651.6,24650,600,24652.5,225,525,13802850
NIFTY-I.NFO,02/05/2025,09:44:00,24651,24651,375,24651.6,75,975,13802850
NIFTY-I.NFO,02/05/2025,09:44:02,24651.5,24651.6,225,24653.3,75,900,13802850
NIFTY-I.NFO,02/05/2025,09:44:03,24652,24652,300,24654.9,150,600,13802850
NIFTY-I.NFO,02/05/2025,09:44:05,24653.1,24653,150,24654.9,75,375,13802850
NIFTY-I.NFO,02/05/2025,09:44:07,24655,24652.5,450,24655,300,1050,13802850
NIFTY-I.NFO,02/05/2025,09:44:08,24654.9,24654.5,375,24654.9,75,150,13802850
NIFTY-I.NFO,02/05/2025,09:44:10,24655,24655,1050,24656.8,75,1350,13802850
NIFTY-I.NFO,02/05/2025,09:44:12,24658.1,24658.1,75,24661,300,5475,13802850
NIFTY-I.NFO,02/05/2025,09:44:13,24660,24655.8,75,24660.6,225,450,13802850
NIFTY-I.NFO,02/05/2025,09:44:15,24655.7,24655.1,1050,24658.6,75,750,13802850
NIFTY-I.NFO,02/05/2025,09:44:17,24658.9,24655.2,150,24658.8,150,225,13802850
NIFTY-I.NFO,02/05/2025,09:44:18,24655.2,24655.2,75,24657.6,150,75,13802850
NIFTY-I.NFO,02/05/2025,09:44:20,24655.1,24651.7,450,24655.1,150,1350,13802850
NIFTY-I.NFO,02/05/2025,09:44:22,24652.7,24651.6,150,24656.8,300,1950,13802850
NIFTY-I.NFO,02/05/2025,09:44:23,24652.5,24652.5,75,24657.1,150,375,13802850
NIFTY-I.NFO,02/05/2025,09:44:25,24652.5,24652.6,150,24656.9,150,150,13802850
NIFTY-I.NFO,02/05/2025,09:44:27,24652.6,24653,300,24657.5,150,1200,13802850
NIFTY-I.NFO,02/05/2025,09:44:28,24660,24660,375,24662,150,2775,13802850
NIFTY-I.NFO,02/05/2025,09:44:30,24665.6,24665.6,75,24666.2,150,2775,13802850
NIFTY-I.NFO,02/05/2025,09:44:32,24662,24662,150,24664.9,150,150,13802850
NIFTY-I.NFO,02/05/2025,09:44:33,24662,24657.1,600,24662.5,150,1275,13802850
NIFTY-I.NFO,02/05/2025,09:44:35,24657.5,24657.5,150,24661.9,150,750,13802850
NIFTY-I.NFO,02/05/2025,09:44:37,24661.9,24660,1800,24661.9,150,150,13802850
NIFTY-I.NFO,02/05/2025,09:44:38,24663.1,24660,1500,24664.5,300,750,13802850
NIFTY-I.NFO,02/05/2025,09:44:40,24660.3,24660.3,525,24662,150,375,13802850
NIFTY-I.NFO,02/05/2025,09:44:42,24662.1,24661.1,150,24661.8,150,525,13802850
NIFTY-I.NFO,02/05/2025,09:44:43,24661.9,24661.5,150,24664.8,150,450,13802850
NIFTY-I.NFO,02/05/2025,09:44:45,24657.5,24658.6,75,24660.2,150,2250,13802850
NIFTY-I.NFO,02/05/2025,09:44:47,24660.2,24660.2,75,24660.3,750,75,13802850
NIFTY-I.NFO,02/05/2025,09:44:48,24660.5,24660.4,150,24663.2,225,1650,13802850
NIFTY-I.NFO,02/05/2025,09:44:50,24660,24657.7,450,24660.3,150,525,13802850
NIFTY-I.NFO,02/05/2025,09:44:52,24654.9,24655.8,600,24660.3,75,2700,13802850
NIFTY-I.NFO,02/05/2025,09:44:53,24657.6,24660,300,24660.4,150,900,13802850
NIFTY-I.NFO,02/05/2025,09:44:55,24660.5,24660.8,375,24661.7,150,2100,13802850
NIFTY-I.NFO,02/05/2025,09:44:57,24661.5,24661.5,375,24661.7,150,1275,13802850
NIFTY-I.NFO,02/05/2025,09:44:58,24664.9,24661.5,375,24664.9,75,600,13802850
NIFTY-I.NFO,02/05/2025,09:45:00,24664.9,24662.2,150,24664.9,150,450,13802850
NIFTY-I.NFO,02/05/2025,09:45:02,24662.8,24662.8,300,24666.6,150,2550,13802850
NIFTY-I.NFO,02/05/2025,09:45:03,24670,24665,525,24669.7,225,1200,13802850
NIFTY-I.NFO,02/05/2025,09:45:05,24665,24665,225,24667.6,150,1425,13802850
NIFTY-I.NFO,02/05/2025,09:45:07,24665.5,24668.6,150,24668.9,150,675,13802850
NIFTY-I.NFO,02/05/2025,09:45:08,24668.9,24668.7,225,24669,225,225,13802850
NIFTY-I.NFO,02/05/2025,09:45:10,24668.6,24668.6,150,24669,225,300,13802850
NIFTY-I.NFO,02/05/2025,09:45:12,24668.6,24668.3,150,24669,75,900,13802850
NIFTY-I.NFO,02/05/2025,09:45:13,24671.9,24669,75,24671.9,675,3375,13802850
NIFTY-I.NFO,02/05/2025,09:45:15,24669,24669,1350,24673.4,150,2175,13802850
NIFTY-I.NFO,02/05/2025,09:45:17,24670,24669.1,150,24674.9,150,1200,13802850
NIFTY-I.NFO,02/05/2025,09:45:18,24662.5,24662.4,75,24665,375,825,13802850
NIFTY-I.NFO,02/05/2025,09:45:20,24664,24666,600,24668.4,75,900,13802850
NIFTY-I.NFO,02/05/2025,09:45:22,24667.9,24666.9,75,24667.9,75,375,13802850
NIFTY-I.NFO,02/05/2025,09:45:23,24668,24667.3,600,24669.9,150,825,13791075
NIFTY-I.NFO,02/05/2025,09:45:25,24668,24668,150,24669.9,150,150,13791075
NIFTY-I.NFO,02/05/2025,09:45:27,24663.6,24662.1,75,24667.6,225,1725,13791075
NIFTY-I.NFO,02/05/2025,09:45:28,24662,24661.8,150,24667.7,75,975,13791075
NIFTY-I.NFO,02/05/2025,09:45:30,24664,24661.8,75,24666.5,75,375,13791075
NIFTY-I.NFO,02/05/2025,09:45:32,24664,24661.8,375,24665,75,0,13791075
NIFTY-I.NFO,02/05/2025,09:45:33,24663.2,24657.1,150,24663,75,750,13791075
NIFTY-I.NFO,02/05/2025,09:45:35,24657.7,24657.7,300,24663.3,375,150,13791075
NIFTY-I.NFO,02/05/2025,09:45:37,24660,24656.9,600,24663,225,975,13791075
NIFTY-I.NFO,02/05/2025,09:45:38,24657.9,24657.9,375,24662.3,75,1275,13791075
NIFTY-I.NFO,02/05/2025,09:45:40,24655.7,24655.8,150,24661.6,75,450,13791075
NIFTY-I.NFO,02/05/2025,09:45:42,24660,24655.2,75,24660,600,225,13791075
NIFTY-I.NFO,02/05/2025,09:45:43,24660,24656.5,300,24660,375,900,13791075
NIFTY-I.NFO,02/05/2025,09:45:45,24656.9,24657,675,24660,450,975,13791075
NIFTY-I.NFO,02/05/2025,09:45:47,24661,24661.2,75,24663,75,2325,13791075
NIFTY-I.NFO,02/05/2025,09:45:48,24661,24661.4,75,24663,75,600,13791075
NIFTY-I.NFO,02/05/2025,09:45:50,24662,24662,375,24664.7,75,1650,13791075
NIFTY-I.NFO,02/05/2025,09:45:52,24664.8,24661,375,24664.9,150,1425,13791075
NIFTY-I.NFO,02/05/2025,09:45:53,24664.9,24662.2,75,24665,75,300,13791075
NIFTY-I.NFO,02/05/2025,09:45:55,24665.9,24665,75,24665.9,150,750,13791075
NIFTY-I.NFO,02/05/2025,09:45:57,24662.2,24662.2,300,24667.8,75,525,13791075
NIFTY-I.NFO,02/05/2025,09:45:58,24662.4,24663,675,24667.8,75,75,13791075
NIFTY-I.NFO,02/05/2025,09:46:00,24665,24663,75,24664.4,375,600,13791075
NIFTY-I.NFO,02/05/2025,09:46:02,24662.1,24662.1,600,24663.8,75,375,13791075
NIFTY-I.NFO,02/05/2025,09:46:03,24662.1,24660.1,375,24662.1,75,1125,13791075
NIFTY-I.NFO,02/05/2025,09:46:05,24662.1,24660.1,150,24662,150,0,13791075
NIFTY-I.NFO,02/05/2025,09:46:07,24660.1,24660,450,24662,375,225,13791075
NIFTY-I.NFO,02/05/2025,09:46:08,24659,24659,75,24660.8,450,900,13791075
NIFTY-I.NFO,02/05/2025,09:46:10,24659.1,24659.1,75,24661.6,825,300,13791075
NIFTY-I.NFO,02/05/2025,09:46:12,24660,24657,150,24660.5,150,300,13791075
NIFTY-I.NFO,02/05/2025,09:46:13,24659.1,24659.1,75,24662,150,450,13791075
NIFTY-I.NFO,02/05/2025,09:46:15,24662,24660.1,1125,24661.4,75,150,13791075
NIFTY-I.NFO,02/05/2025,09:46:17,24659.9,24658,300,24659.9,75,1500,13791075
NIFTY-I.NFO,02/05/2025,09:46:18,24658,24658,75,24659.9,75,225,13791075
NIFTY-I.NFO,02/05/2025,09:46:20,24661.1,24656.1,525,24658.5,150,675,13791075
NIFTY-I.NFO,02/05/2025,09:46:22,24661.9,24656.3,975,24659.9,75,300,13791075
NIFTY-I.NFO,02/05/2025,09:46:23,24656.9,24655.7,75,24656.9,150,300,13791075
NIFTY-I.NFO,02/05/2025,09:46:25,24656.9,24655.7,75,24656.9,150,0,13791075
NIFTY-I.NFO,02/05/2025,09:46:27,24656.9,24655,75,24656.9,75,375,13791075
NIFTY-I.NFO,02/05/2025,09:46:28,24656.9,24652.3,75,24656.9,450,1425,13791075
NIFTY-I.NFO,02/05/2025,09:46:30,24656.9,24656,150,24656.8,150,150,13791075
NIFTY-I.NFO,02/05/2025,09:46:32,24656,24653.2,300,24656.8,150,150,13791075
NIFTY-I.NFO,02/05/2025,09:46:33,24656.9,24655,375,24657,150,1200,13791075
NIFTY-I.NFO,02/05/2025,09:46:35,24656.9,24657,75,24658.4,150,600,13791075
NIFTY-I.NFO,02/05/2025,09:46:37,24657.5,24657.5,300,24659,75,450,13791075
NIFTY-I.NFO,02/05/2025,09:46:38,24657,24655.6,300,24658,600,75,13791075
NIFTY-I.NFO,02/05/2025,09:46:40,24655.6,24655.3,75,24657.5,225,225,13791075
NIFTY-I.NFO,02/05/2025,09:46:42,24656,24656,600,24657.5,75,600,13791075
NIFTY-I.NFO,02/05/2025,09:46:43,24655,24653,150,24655.3,225,900,13791075
NIFTY-I.NFO,02/05/2025,09:46:45,24655.4,24655.3,225,24657.4,150,225,13791075
NIFTY-I.NFO,02/05/2025,09:46:47,24655.3,24655.3,150,24655.9,150,75,13791075
NIFTY-I.NFO,02/05/2025,09:46:48,24655.9,24655.9,75,24656,75,150,13791075
NIFTY-I.NFO,02/05/2025,09:46:50,24652.1,24652,75,24655,150,750,13791075
NIFTY-I.NFO,02/05/2025,09:46:52,24653,24653,150,24655.3,1200,750,13791075
NIFTY-I.NFO,02/05/2025,09:46:53,24653,24652.8,300,24655.3,375,1275,13791075
NIFTY-I.NFO,02/05/2025,09:46:55,24655.3,24655,900,24655.3,525,225,13791075
NIFTY-I.NFO,02/05/2025,09:46:57,24653,24652.1,75,24654.3,600,1050,13791075
NIFTY-I.NFO,02/05/2025,09:46:58,24653.6,24650.1,75,24651.8,150,150,13791075
NIFTY-I.NFO,02/05/2025,09:47:00,24652.2,24649.6,225,24652.9,150,2475,13791075
NIFTY-I.NFO,02/05/2025,09:47:02,24656,24655,75,24656,375,1200,13791075
NIFTY-I.NFO,02/05/2025,09:47:03,24654.9,24653.5,75,24654.6,150,225,13791075
NIFTY-I.NFO,02/05/2025,09:47:05,24655.6,24655.6,75,24655.9,150,450,13791075
NIFTY-I.NFO,02/05/2025,09:47:07,24655.6,24655.6,225,24655.9,75,300,13791075
NIFTY-I.NFO,02/05/2025,09:47:08,24655.6,24655.6,75,24655.9,75,150,13791075
NIFTY-I.NFO,02/05/2025,09:47:10,24658.8,24655.9,300,24659.5,900,1650,13791075
NIFTY-I.NFO,02/05/2025,09:47:12,24664,24660.6,225,24663.9,225,8925,13791075
NIFTY-I.NFO,02/05/2025,09:47:14,24661.1,24661.1,75,24664.9,150,375,13791075
NIFTY-I.NFO,02/05/2025,09:47:15,24665,24663.9,75,24666,75,450,13791075
NIFTY-I.NFO,02/05/2025,09:47:17,24664,24662.2,75,24668.2,150,1500,13791075
NIFTY-I.NFO,02/05/2025,09:47:19,24662.2,24662.2,150,24666.5,150,150,13791075
NIFTY-I.NFO,02/05/2025,09:47:20,24662.2,24658,150,24662.3,75,975,13791075
NIFTY-I.NFO,02/05/2025,09:47:22,24652.7,24654.1,450,24660.8,750,10050,13791075
NIFTY-I.NFO,02/05/2025,09:47:24,24658,24659.5,75,24662.8,150,600,13791075
NIFTY-I.NFO,02/05/2025,09:47:25,24662.1,24658.2,150,24662.9,75,300,13791075
NIFTY-I.NFO,02/05/2025,09:47:27,24658.5,24658.5,450,24662.2,225,150,13791075
NIFTY-I.NFO,02/05/2025,09:47:29,24660,24660,75,24662.2,225,225,13791075
NIFTY-I.NFO,02/05/2025,09:47:30,24660,24660,225,24662.2,225,0,13791075
NIFTY-I.NFO,02/05/2025,09:47:32,24662.2,24660,375,24662.9,150,600,13791075
NIFTY-I.NFO,02/05/2025,09:47:34,24660,24660.2,225,24662.8,150,600,13791075
NIFTY-I.NFO,02/05/2025,09:47:35,24660.3,24660.2,375,24662.2,75,450,13791075
NIFTY-I.NFO,02/05/2025,09:47:37,24658,24658,300,24662,225,1425,13791075
NIFTY-I.NFO,02/05/2025,09:47:39,24658.2,24658,300,24662.1,225,150,13791075
NIFTY-I.NFO,02/05/2025,09:47:40,24658,24657,150,24662.1,150,375,13791075
NIFTY-I.NFO,02/05/2025,09:47:42,24658.4,24658.4,225,24662.1,150,225,13791075
NIFTY-I.NFO,02/05/2025,09:47:44,24660.8,24655,225,24660.8,150,75,13791075
NIFTY-I.NFO,02/05/2025,09:47:45,24661.1,24657.4,375,24662.2,75,75,13791075
NIFTY-I.NFO,02/05/2025,09:47:47,24657.6,24655.8,375,24660,300,225,13791075
NIFTY-I.NFO,02/05/2025,09:47:49,24660,24656,150,24660,150,150,13791075
NIFTY-I.NFO,02/05/2025,09:47:50,24660.9,24657.5,300,24658,75,375,13791075
NIFTY-I.NFO,02/05/2025,09:47:52,24662.1,24660.8,225,24662.2,75,225,13791075
NIFTY-I.NFO,02/05/2025,09:47:54,24658,24658,975,24662,150,300,13791075
NIFTY-I.NFO,02/05/2025,09:47:55,24662,24658,900,24661.1,600,375,13791075
NIFTY-I.NFO,02/05/2025,09:47:57,24655,24655,600,24658.8,75,1050,13791075
NIFTY-I.NFO,02/05/2025,09:47:59,24658,24657,150,24661.2,75,225,13791075
NIFTY-I.NFO,02/05/2025,09:48:00,24658,24657,525,24661.6,75,0,13791075
NIFTY-I.NFO,02/05/2025,09:48:02,24662.2,24659.4,450,24663.9,150,225,13791075
NIFTY-I.NFO,02/05/2025,09:48:04,24668.8,24662.5,375,24666.7,225,1950,13791075
NIFTY-I.NFO,02/05/2025,09:48:05,24662.5,24662.6,75,24668.3,225,1650,13791075
NIFTY-I.NFO,02/05/2025,09:48:07,24664.8,24664.7,300,24668.9,150,3525,13791075
NIFTY-I.NFO,02/05/2025,09:48:09,24669,24668.3,75,24669.4,150,525,13791075
NIFTY-I.NFO,02/05/2025,09:48:10,24665.7,24668.4,450,24669.5,75,1350,13791075
NIFTY-I.NFO,02/05/2025,09:48:12,24669.6,24669.5,450,24671.4,150,1650,13791075
NIFTY-I.NFO,02/05/2025,09:48:14,24669.5,24665.7,75,24669.3,225,1500,13791075
NIFTY-I.NFO,02/05/2025,09:48:15,24668.7,24662.3,75,24667.9,75,1650,13791075
NIFTY-I.NFO,02/05/2025,09:48:17,24668,24662.7,150,24669,1125,300,13791075
NIFTY-I.NFO,02/05/2025,09:48:19,24663.8,24663.7,75,24669,1125,75,13791075
NIFTY-I.NFO,02/05/2025,09:48:20,24669,24664,75,24669,975,225,13791075
NIFTY-I.NFO,02/05/2025,09:48:22,24668,24660.6,150,24667.3,375,300,13791075
NIFTY-I.NFO,02/05/2025,09:48:24,24667.8,24665.1,900,24667.9,75,750,13807800
NIFTY-I.NFO,02/05/2025,09:48:25,24665.1,24665.1,750,24668,1200,150,13807800
