Ticker,Date,Time,LTP,BuyPrice,BuyQty,SellPrice,SellQty,LTQ,OpenInterest
BANKNIFTY-I.NFO,11/09/2024,09:15:01,51300,51288,15,51322.7,75,480,2345655
BANKNIFTY-I.NFO,11/09/2024,09:15:01,51322.8,51288,15,51322.7,75,0,2345655
BANKNIFTY-I.NFO,11/09/2024,09:15:01,51327.35,51288,15,51322.7,75,0,2345655
BANKNIFTY-I.NFO,11/09/2024,09:15:01,51250,51288,15,51322.7,75,0,2345655
BANKNIFTY-I.NFO,11/09/2024,09:15:02,51299.95,51274.8,45,51299.95,60,1110,2345655
BANKNIFTY-I.NFO,11/09/2024,09:15:03,51283.2,51283.3,60,51299.9,30,450,2345655
BANKNIFTY-I.NFO,11/09/2024,09:15:04,51269.05,51268.05,45,51299,75,750,2345655
BANKNIFTY-I.NFO,11/09/2024,09:15:06,51268.1,51268.1,45,51284.8,60,780,2345655
BANKNIFTY-I.NFO,11/09/2024,09:15:07,51258.1,51258.05,75,51277.05,60,255,2345655
BANKNIFTY-I.NFO,11/09/2024,09:15:09,51270.95,51258.1,60,51268.1,15,330,2345655
BANKNIFTY-I.NFO,11/09/2024,09:15:10,51255,51252,150,51255,4050,3195,2345655
BANKNIFTY-I.NFO,11/09/2024,09:15:12,51252,51250,60,51255,1950,2925,2345655
BANKNIFTY-I.NFO,11/09/2024,09:15:14,51255,51254.25,30,51255,630,1815,2345655
BANKNIFTY-I.NFO,11/09/2024,09:15:14,51247.2,51254.25,30,51255,630,0,2345655
BANKNIFTY-I.NFO,11/09/2024,09:15:15,51258.5,51259.45,150,51270.9,60,1155,2345655
BANKNIFTY-I.NFO,11/09/2024,09:15:17,51260.55,51260,105,51273.85,75,525,2345655
BANKNIFTY-I.NFO,11/09/2024,09:15:18,51270.9,51270.9,105,51273.9,75,120,2345655
BANKNIFTY-I.NFO,11/09/2024,09:15:20,51270.4,51260.6,60,51270.6,60,240,2345655
BANKNIFTY-I.NFO,11/09/2024,09:15:21,51261.6,51258.5,90,51261.1,15,405,2345655
BANKNIFTY-I.NFO,11/09/2024,09:15:23,51259.75,51255,195,51255.5,15,1335,2345655
BANKNIFTY-I.NFO,11/09/2024,09:15:24,51259.75,51255.05,30,51263.25,135,585,2345655
BANKNIFTY-I.NFO,11/09/2024,09:15:26,51268,51259.75,60,51264.2,30,390,2345655
BANKNIFTY-I.NFO,11/09/2024,09:15:27,51255,51255,90,51261.8,150,630,2345655
BANKNIFTY-I.NFO,11/09/2024,09:15:29,51265.2,51255.05,15,51257,15,225,2345655
BANKNIFTY-I.NFO,11/09/2024,09:15:30,51265.2,51251.9,120,51268.35,60,1815,2345655
BANKNIFTY-I.NFO,11/09/2024,09:15:32,51260,51259.75,150,51260,660,360,2345655
BANKNIFTY-I.NFO,11/09/2024,09:15:33,51260,51252.65,30,51260,195,750,2351670
BANKNIFTY-I.NFO,11/09/2024,09:15:35,51263.65,51250.1,75,51260,75,1185,2351670
BANKNIFTY-I.NFO,11/09/2024,09:15:36,51262.8,51250.15,90,51262.4,45,1065,2351670
BANKNIFTY-I.NFO,11/09/2024,09:15:36,51245.75,51250.15,90,51262.4,45,0,2351670
BANKNIFTY-I.NFO,11/09/2024,09:15:38,51250.3,51260,15,51264.95,60,1065,2351670
BANKNIFTY-I.NFO,11/09/2024,09:15:39,51260,51252.8,60,51262.75,15,300,2351670
BANKNIFTY-I.NFO,11/09/2024,09:15:41,51246.45,51246.8,90,51261.1,15,285,2351670
BANKNIFTY-I.NFO,11/09/2024,09:15:42,51257,51243.35,75,51256.25,75,1515,2351670
BANKNIFTY-I.NFO,11/09/2024,09:15:42,51241.05,51243.35,75,51256.25,75,0,2351670
BANKNIFTY-I.NFO,11/09/2024,09:15:44,51256.6,51250.55,240,51256.6,15,285,2351670
BANKNIFTY-I.NFO,11/09/2024,09:15:45,51250.55,51250.55,225,51255.2,15,90,2351670
BANKNIFTY-I.NFO,11/09/2024,09:15:47,51260,51250.6,60,51261.25,15,585,2351670
BANKNIFTY-I.NFO,11/09/2024,09:15:48,51262.8,51256.25,30,51262.75,15,360,2351670
BANKNIFTY-I.NFO,11/09/2024,09:15:50,51250.6,51250.65,15,51259.9,15,135,2351670
BANKNIFTY-I.NFO,11/09/2024,09:15:51,51253.05,51251.7,90,51260,15,2490,2351670
BANKNIFTY-I.NFO,11/09/2024,09:15:53,51260.95,51250.9,60,51261,45,225,2351670
BANKNIFTY-I.NFO,11/09/2024,09:15:54,51261,51253.15,15,51262,15,90,2351670
BANKNIFTY-I.NFO,11/09/2024,09:15:56,51266.15,51252.2,75,51264.75,15,285,2351670
BANKNIFTY-I.NFO,11/09/2024,09:15:58,51266.55,51253.05,15,51263.45,15,945,2351670
BANKNIFTY-I.NFO,11/09/2024,09:15:59,51260,51260,90,51267.7,30,390,2351670
BANKNIFTY-I.NFO,11/09/2024,09:16:01,51263.75,51253.05,30,51264.05,15,315,2351670
BANKNIFTY-I.NFO,11/09/2024,09:16:02,51262.4,51251.25,15,51261.7,30,420,2351670
BANKNIFTY-I.NFO,11/09/2024,09:16:04,51267.95,51256.2,15,51267.9,75,555,2351670
BANKNIFTY-I.NFO,11/09/2024,09:16:05,51257.65,51257.65,15,51267.95,60,510,2351670
BANKNIFTY-I.NFO,11/09/2024,09:16:07,51264.85,51258.7,30,51267.9,15,240,2351670
BANKNIFTY-I.NFO,11/09/2024,09:16:08,51266.55,51266.55,30,51268,30,165,2351670
BANKNIFTY-I.NFO,11/09/2024,09:16:10,51258.7,51257.65,15,51258.7,180,480,2351670
BANKNIFTY-I.NFO,11/09/2024,09:16:11,51258.7,51255.35,75,51258.7,45,150,2351670
BANKNIFTY-I.NFO,11/09/2024,09:16:13,51269.75,51258.75,75,51269.75,15,405,2351670
BANKNIFTY-I.NFO,11/09/2024,09:16:14,51269.9,51260.05,75,51272.4,30,825,2351670
BANKNIFTY-I.NFO,11/09/2024,09:16:16,51271.6,51260.1,75,51272.05,15,105,2351670
BANKNIFTY-I.NFO,11/09/2024,09:16:17,51269.9,51262.05,60,51272.2,15,195,2351670
BANKNIFTY-I.NFO,11/09/2024,09:16:19,51261.05,51261.05,45,51272.6,60,435,2351670
BANKNIFTY-I.NFO,11/09/2024,09:16:20,51272.4,51261.1,60,51272.85,15,135,2351670
BANKNIFTY-I.NFO,11/09/2024,09:16:22,51265.15,51265.15,60,51274.75,45,165,2351670
BANKNIFTY-I.NFO,11/09/2024,09:16:23,51277,51269.75,30,51280.05,15,1050,2351670
BANKNIFTY-I.NFO,11/09/2024,09:16:25,51279,51269.75,30,51278.05,30,210,2351670
BANKNIFTY-I.NFO,11/09/2024,09:16:27,51273.95,51265,15,51274.4,15,690,2351670
BANKNIFTY-I.NFO,11/09/2024,09:16:28,51279.8,51268.3,15,51279.85,75,1635,2351670
BANKNIFTY-I.NFO,11/09/2024,09:16:30,51275.75,51268.35,75,51279.1,60,465,2351670
BANKNIFTY-I.NFO,11/09/2024,09:16:31,51273,51270,15,51276.55,75,255,2351670
BANKNIFTY-I.NFO,11/09/2024,09:16:33,51279.75,51267.2,75,51279.25,75,630,2351670
BANKNIFTY-I.NFO,11/09/2024,09:16:34,51280.65,51270,30,51280.35,75,480,2351670
BANKNIFTY-I.NFO,11/09/2024,09:16:36,51278.6,51267.25,60,51278.95,75,465,2351670
BANKNIFTY-I.NFO,11/09/2024,09:16:37,51270.05,51270,15,51278.8,60,480,2351670
BANKNIFTY-I.NFO,11/09/2024,09:16:39,51279.1,51270,75,51279.2,60,345,2351670
BANKNIFTY-I.NFO,11/09/2024,09:16:40,51270,51269.5,15,51280.05,60,165,2351670
BANKNIFTY-I.NFO,11/09/2024,09:16:42,51275.9,51265.05,60,51275.95,15,345,2351670
BANKNIFTY-I.NFO,11/09/2024,09:16:43,51276.3,51265.05,60,51275.95,90,270,2351670
BANKNIFTY-I.NFO,11/09/2024,09:16:45,51275.6,51267,30,51276.55,30,60,2351670
BANKNIFTY-I.NFO,11/09/2024,09:16:47,51270,51270.05,60,51279.95,30,45,2351670
BANKNIFTY-I.NFO,11/09/2024,09:16:48,51280.2,51270.85,15,51280.2,30,90,2351670
BANKNIFTY-I.NFO,11/09/2024,09:16:50,51275.6,51270.85,75,51279.55,60,195,2351670
BANKNIFTY-I.NFO,11/09/2024,09:16:51,51270.85,51270.85,105,51280,30,120,2351670
BANKNIFTY-I.NFO,11/09/2024,09:16:53,51275.95,51270.85,30,51278.85,75,540,2351670
BANKNIFTY-I.NFO,11/09/2024,09:16:54,51270.85,51267.05,60,51276.25,150,90,2351670
BANKNIFTY-I.NFO,11/09/2024,09:16:56,51278.55,51270,15,51278.95,270,330,2351670
BANKNIFTY-I.NFO,11/09/2024,09:16:57,51275,51271.15,30,51279.85,45,240,2351670
BANKNIFTY-I.NFO,11/09/2024,09:16:59,51280.9,51271.05,15,51275.85,300,720,2351670
BANKNIFTY-I.NFO,11/09/2024,09:17:00,51281.85,51271.55,15,51282.25,15,795,2351670
BANKNIFTY-I.NFO,11/09/2024,09:17:02,51277.9,51268,15,51276.4,60,1725,2351670
BANKNIFTY-I.NFO,11/09/2024,09:17:04,51281.15,51273.25,45,51282,300,555,2351670
BANKNIFTY-I.NFO,11/09/2024,09:17:05,51276.75,51276.75,60,51286.25,60,495,2351670
BANKNIFTY-I.NFO,11/09/2024,09:17:07,51276.75,51275,30,51279.6,60,150,2351670
BANKNIFTY-I.NFO,11/09/2024,09:17:08,51287.4,51275.05,75,51284.55,300,465,2351670
BANKNIFTY-I.NFO,11/09/2024,09:17:10,51279.6,51279.6,15,51284.55,300,480,2351670
BANKNIFTY-I.NFO,11/09/2024,09:17:11,51284.55,51279.6,15,51284.7,300,15,2351670
BANKNIFTY-I.NFO,11/09/2024,09:17:13,51276.75,51275,15,51284.5,60,120,2351670
BANKNIFTY-I.NFO,11/09/2024,09:17:14,51282.35,51273.05,30,51284.95,60,120,2351670
BANKNIFTY-I.NFO,11/09/2024,09:17:16,51275,51270.95,60,51279.6,135,480,2351670
BANKNIFTY-I.NFO,11/09/2024,09:17:17,51279.5,51270.05,75,51279.6,30,465,2351670
BANKNIFTY-I.NFO,11/09/2024,09:17:19,51274.9,51265.05,60,51274.95,15,1050,2351670
BANKNIFTY-I.NFO,11/09/2024,09:17:20,51268,51267.35,15,51278.15,75,630,2351670
BANKNIFTY-I.NFO,11/09/2024,09:17:22,51268,51267.05,15,51277.75,150,255,2351670
BANKNIFTY-I.NFO,11/09/2024,09:17:23,51278.05,51266.85,15,51278.1,75,750,2351670
BANKNIFTY-I.NFO,11/09/2024,09:17:25,51274.95,51265.1,15,51274.95,30,225,2351670
BANKNIFTY-I.NFO,11/09/2024,09:17:27,51274.7,51265,135,51274.6,75,345,2351670
BANKNIFTY-I.NFO,11/09/2024,09:17:28,51263.65,51263,15,51273.65,15,900,2351670
BANKNIFTY-I.NFO,11/09/2024,09:17:30,51262.75,51261.1,60,51273.35,15,705,2351670
BANKNIFTY-I.NFO,11/09/2024,09:17:31,51273.6,51262.35,15,51273.75,15,465,2351670
BANKNIFTY-I.NFO,11/09/2024,09:17:33,51275,51262.8,15,51273.4,15,1035,2351670
BANKNIFTY-I.NFO,11/09/2024,09:17:34,51273.8,51263.5,15,51273.7,15,540,2351670
BANKNIFTY-I.NFO,11/09/2024,09:17:36,51262.65,51263.5,30,51273.7,45,315,2351670
BANKNIFTY-I.NFO,11/09/2024,09:17:37,51262.45,51265.3,15,51273.65,45,240,2351670
BANKNIFTY-I.NFO,11/09/2024,09:17:39,51265.5,51264.1,60,51274,15,120,2351670
BANKNIFTY-I.NFO,11/09/2024,09:17:40,51262,51263,45,51274,60,450,2351670
BANKNIFTY-I.NFO,11/09/2024,09:17:42,51262.75,51262,30,51273.85,60,90,2351670
BANKNIFTY-I.NFO,11/09/2024,09:17:43,51273.85,51267.1,15,51274.05,120,270,2351670
BANKNIFTY-I.NFO,11/09/2024,09:17:45,51267.05,51268.5,15,51274,45,30,2351670
BANKNIFTY-I.NFO,11/09/2024,09:17:46,51268.5,51267.1,15,51274,75,165,2351670
BANKNIFTY-I.NFO,11/09/2024,09:17:48,51265,51264,150,51272.15,45,465,2351670
BANKNIFTY-I.NFO,11/09/2024,09:17:49,51272.4,51265,15,51272.1,45,90,2351670
BANKNIFTY-I.NFO,11/09/2024,09:17:51,51271.25,51261.85,15,51271.3,60,360,2351670
BANKNIFTY-I.NFO,11/09/2024,09:17:52,51265,51261.8,135,51269.85,60,75,2351670
BANKNIFTY-I.NFO,11/09/2024,09:17:54,51270,51262,15,51273,30,1050,2351670
BANKNIFTY-I.NFO,11/09/2024,09:17:55,51265,51262.05,15,51272.55,300,60,2351670
BANKNIFTY-I.NFO,11/09/2024,09:17:57,51274.25,51263.9,15,51274.65,60,2115,2351670
BANKNIFTY-I.NFO,11/09/2024,09:17:58,51264.5,51264.9,15,51274.65,60,15,2351670
BANKNIFTY-I.NFO,11/09/2024,09:18:00,51264.5,51265.2,15,51274.65,60,0,2351670
BANKNIFTY-I.NFO,11/09/2024,09:18:01,51266.8,51266.75,30,51274.65,60,15,2351670
BANKNIFTY-I.NFO,11/09/2024,09:18:03,51274.65,51265.95,15,51274.65,30,60,2351670
BANKNIFTY-I.NFO,11/09/2024,09:18:04,51273.6,51261.55,15,51273.65,30,210,2351670
BANKNIFTY-I.NFO,11/09/2024,09:18:06,51260.85,51260.85,75,51269.7,30,195,2351670
BANKNIFTY-I.NFO,11/09/2024,09:18:07,51265,51260,135,51267.6,15,1620,2351670
BANKNIFTY-I.NFO,11/09/2024,09:18:09,51264.85,51252.65,60,51261.3,15,1800,2351670
BANKNIFTY-I.NFO,11/09/2024,09:18:10,51256.25,51250.8,15,51259.6,15,435,2351670
BANKNIFTY-I.NFO,11/09/2024,09:18:12,51254.3,51250.8,45,51258.6,45,315,2351670
BANKNIFTY-I.NFO,11/09/2024,09:18:13,51250.8,51250,1005,51258.95,15,75,2351670
BANKNIFTY-I.NFO,11/09/2024,09:18:14,51263.9,51252.55,15,51263.35,30,585,2351670
BANKNIFTY-I.NFO,11/09/2024,09:18:16,51258,51254,15,51263.85,60,240,2351670
BANKNIFTY-I.NFO,11/09/2024,09:18:18,51254,51254.05,75,51264.1,60,60,2351670
BANKNIFTY-I.NFO,11/09/2024,09:18:19,51264,51254.45,15,51264,60,60,2351670
BANKNIFTY-I.NFO,11/09/2024,09:18:21,51258.95,51258.95,30,51264.2,30,120,2351670
BANKNIFTY-I.NFO,11/09/2024,09:18:22,51264.1,51255.2,15,51264.15,45,60,2351670
BANKNIFTY-I.NFO,11/09/2024,09:18:24,51255.15,51254.45,15,51263.55,15,30,2351670
BANKNIFTY-I.NFO,11/09/2024,09:18:26,51256,51248,15,51256.05,45,1935,2351670
BANKNIFTY-I.NFO,11/09/2024,09:18:27,51253.05,51244.55,60,51253.8,60,450,2351670
BANKNIFTY-I.NFO,11/09/2024,09:18:29,51245.1,51245.1,15,51249.95,15,60,2351670
BANKNIFTY-I.NFO,11/09/2024,09:18:31,51250,51245.1,15,51250,885,135,2351670
BANKNIFTY-I.NFO,11/09/2024,09:18:32,51243.05,51243.1,15,51250,810,390,2351670
BANKNIFTY-I.NFO,11/09/2024,09:18:34,51245.1,51244.35,15,51250,510,345,2354550
BANKNIFTY-I.NFO,11/09/2024,09:18:36,51250,51242,15,51249.9,45,630,2354550
BANKNIFTY-I.NFO,11/09/2024,09:18:37,51249.95,51241.4,15,51250,225,300,2354550
BANKNIFTY-I.NFO,11/09/2024,09:18:37,51241,51241.4,15,51250,225,0,2354550
BANKNIFTY-I.NFO,11/09/2024,09:18:39,51249.95,51241,15,51250,225,195,2354550
BANKNIFTY-I.NFO,11/09/2024,09:18:39,51240.8,51241,15,51250,225,0,2354550
BANKNIFTY-I.NFO,11/09/2024,09:18:41,51240,51242.3,15,51249.9,45,405,2354550
BANKNIFTY-I.NFO,11/09/2024,09:18:41,51240,51242.3,15,51249.9,45,0,2354550
BANKNIFTY-I.NFO,11/09/2024,09:18:42,51240.1,51240,840,51249.9,15,150,2354550
BANKNIFTY-I.NFO,11/09/2024,09:18:44,51240,51240,450,51249.85,30,450,2354550
BANKNIFTY-I.NFO,11/09/2024,09:18:46,51239.3,51242,15,51248.9,60,870,2354550
BANKNIFTY-I.NFO,11/09/2024,09:18:46,51238.35,51242,15,51248.9,60,0,2354550
BANKNIFTY-I.NFO,11/09/2024,09:18:47,51247.9,51240,15,51247.9,30,180,2354550
BANKNIFTY-I.NFO,11/09/2024,09:18:49,51236,51236,45,51245,60,315,2354550
BANKNIFTY-I.NFO,11/09/2024,09:18:49,51236,51236,45,51245,60,0,2354550
BANKNIFTY-I.NFO,11/09/2024,09:18:51,51243.35,51233,15,51243.35,15,1020,2354550
BANKNIFTY-I.NFO,11/09/2024,09:18:51,51235,51233,15,51243.35,15,0,2354550
BANKNIFTY-I.NFO,11/09/2024,09:18:52,51235.15,51235.15,15,51242,15,165,2354550
BANKNIFTY-I.NFO,11/09/2024,09:18:52,51233,51235.15,15,51242,15,0,2354550
BANKNIFTY-I.NFO,11/09/2024,09:18:54,51233.25,51233.35,60,51242,15,90,2354550
BANKNIFTY-I.NFO,11/09/2024,09:18:56,51233.4,51232.15,60,51242,15,15,2354550
BANKNIFTY-I.NFO,11/09/2024,09:18:57,51240,51235,15,51240,180,255,2354550
BANKNIFTY-I.NFO,11/09/2024,09:18:57,51232.05,51235,15,51240,180,0,2354550
BANKNIFTY-I.NFO,11/09/2024,09:18:59,51232.5,51235,15,51240,180,30,2354550
BANKNIFTY-I.NFO,11/09/2024,09:19:01,51232.05,51232.05,15,51240,150,300,2354550
BANKNIFTY-I.NFO,11/09/2024,09:19:01,51230,51232.05,15,51240,150,0,2354550
BANKNIFTY-I.NFO,11/09/2024,09:19:02,51239.9,51232.5,15,51241.9,45,645,2354550
BANKNIFTY-I.NFO,11/09/2024,09:19:04,51236,51230.15,120,51240,60,120,2354550
BANKNIFTY-I.NFO,11/09/2024,09:19:06,51231.15,51230.3,75,51240,465,210,2354550
BANKNIFTY-I.NFO,11/09/2024,09:19:08,51240,51230.05,30,51240,315,315,2354550
BANKNIFTY-I.NFO,11/09/2024,09:19:09,51240,51232.85,15,51240,300,45,2354550
BANKNIFTY-I.NFO,11/09/2024,09:19:11,51240,51233.4,15,51240,60,270,2354550
BANKNIFTY-I.NFO,11/09/2024,09:19:13,51230.3,51230.3,45,51235,570,270,2354550
BANKNIFTY-I.NFO,11/09/2024,09:19:14,51235,51230.25,15,51235,540,90,2354550
BANKNIFTY-I.NFO,11/09/2024,09:19:16,51235,51230,1050,51235,375,180,2354550
BANKNIFTY-I.NFO,11/09/2024,09:19:18,51230,51230,75,51235,330,1155,2354550
BANKNIFTY-I.NFO,11/09/2024,09:19:19,51230.2,51230,45,51235,300,135,2354550
BANKNIFTY-I.NFO,11/09/2024,09:19:21,51231.25,51231.25,150,51235,240,180,2354550
BANKNIFTY-I.NFO,11/09/2024,09:19:23,51230.05,51230.85,150,51235,795,105,2354550
BANKNIFTY-I.NFO,11/09/2024,09:19:24,51233.25,51235,15,51240.5,450,945,2354550
BANKNIFTY-I.NFO,11/09/2024,09:19:26,51235,51230.3,15,51239.25,15,15,2354550
BANKNIFTY-I.NFO,11/09/2024,09:19:28,51237.8,51230.3,15,51237.8,60,330,2354550
BANKNIFTY-I.NFO,11/09/2024,09:19:29,51237.25,51230.3,15,51237.25,30,45,2354550
BANKNIFTY-I.NFO,11/09/2024,09:19:31,51238.95,51235,15,51239,105,330,2354550
BANKNIFTY-I.NFO,11/09/2024,09:19:33,51235,51231,60,51235,15,60,2354550
BANKNIFTY-I.NFO,11/09/2024,09:19:34,51231.05,51231,15,51239,45,135,2354550
BANKNIFTY-I.NFO,11/09/2024,09:19:36,51238.95,51235,15,51239,60,105,2354550
BANKNIFTY-I.NFO,11/09/2024,09:19:38,51235,51235,15,51239,60,30,2354550
BANKNIFTY-I.NFO,11/09/2024,09:19:39,51232.95,51232.95,120,51239,60,105,2354550
BANKNIFTY-I.NFO,11/09/2024,09:19:41,51241.85,51233.45,15,51241.9,15,675,2354550
BANKNIFTY-I.NFO,11/09/2024,09:19:43,51233.5,51233.5,60,51239,15,30,2354550
BANKNIFTY-I.NFO,11/09/2024,09:19:44,51232,51232,345,51241.05,60,330,2354550
BANKNIFTY-I.NFO,11/09/2024,09:19:46,51241.45,51232,345,51241.5,15,75,2354550
BANKNIFTY-I.NFO,11/09/2024,09:19:48,51243.85,51235,15,51244.7,15,225,2354550
BANKNIFTY-I.NFO,11/09/2024,09:19:49,51232.75,51232,330,51240.7,75,240,2354550
BANKNIFTY-I.NFO,11/09/2024,09:19:51,51233.5,51235,15,51241,225,105,2354550
BANKNIFTY-I.NFO,11/09/2024,09:19:53,51241,51235,15,51241,180,105,2354550
BANKNIFTY-I.NFO,11/09/2024,09:19:54,51245.75,51235.55,15,51244.75,45,210,2354550
BANKNIFTY-I.NFO,11/09/2024,09:19:56,51243.5,51235.05,15,51244.55,120,255,2354550
BANKNIFTY-I.NFO,11/09/2024,09:19:58,51233.85,51233.85,60,51240.95,135,75,2354550
BANKNIFTY-I.NFO,11/09/2024,09:19:59,51232.4,51232.4,15,51240.95,135,630,2354550
BANKNIFTY-I.NFO,11/09/2024,09:20:01,51231.85,51231.1,15,51231.9,45,180,2354550
BANKNIFTY-I.NFO,11/09/2024,09:20:03,51230,51229.95,105,51231.1,30,930,2354550
BANKNIFTY-I.NFO,11/09/2024,09:20:04,51225.5,51225.6,150,51233,15,2025,2354550
BANKNIFTY-I.NFO,11/09/2024,09:20:04,51225.15,51225.6,150,51233,15,0,2354550
BANKNIFTY-I.NFO,11/09/2024,09:20:06,51236.4,51226.2,15,51236.3,120,375,2354550
BANKNIFTY-I.NFO,11/09/2024,09:20:08,51231.1,51230,15,51233.6,120,45,2354550
BANKNIFTY-I.NFO,11/09/2024,09:20:09,51230,51229,15,51232.3,15,375,2354550
BANKNIFTY-I.NFO,11/09/2024,09:20:09,51225,51229,15,51232.3,15,0,2354550
BANKNIFTY-I.NFO,11/09/2024,09:20:11,51229,51225,30,51234.25,105,30,2354550
BANKNIFTY-I.NFO,11/09/2024,09:20:13,51225.6,51225.7,120,51235.8,45,225,2354550
BANKNIFTY-I.NFO,11/09/2024,09:20:14,51228.2,51228.05,15,51237.35,120,240,2354550
BANKNIFTY-I.NFO,11/09/2024,09:20:16,51230,51230,15,51239.3,120,105,2354550
BANKNIFTY-I.NFO,11/09/2024,09:20:18,51232.3,51237,15,51239.95,120,465,2354550
BANKNIFTY-I.NFO,11/09/2024,09:20:19,51232,51233.5,60,51240,30,165,2354550
BANKNIFTY-I.NFO,11/09/2024,09:20:21,51234.25,51234.2,15,51240.95,120,75,2354550
BANKNIFTY-I.NFO,11/09/2024,09:20:23,51240.95,51240,30,51240.95,105,60,2354550
BANKNIFTY-I.NFO,11/09/2024,09:20:24,51245.2,51240.95,60,51246.75,120,195,2354550
BANKNIFTY-I.NFO,11/09/2024,09:20:26,51247,51240.95,15,51246.6,270,120,2354550
BANKNIFTY-I.NFO,11/09/2024,09:20:28,51246.5,51240.95,15,51247.4,45,180,2354550
BANKNIFTY-I.NFO,11/09/2024,09:20:29,51247,51243.4,45,51249.7,15,135,2354550
BANKNIFTY-I.NFO,11/09/2024,09:20:31,51251,51248.55,120,51255,15,210,2354550
BANKNIFTY-I.NFO,11/09/2024,09:20:33,51250.05,51250,60,51251.75,15,105,2354550
BANKNIFTY-I.NFO,11/09/2024,09:20:34,51250.9,51254.05,105,51260,960,90,2354550
BANKNIFTY-I.NFO,11/09/2024,09:20:36,51260,51254.35,90,51260,900,90,2354550
BANKNIFTY-I.NFO,11/09/2024,09:20:38,51251,51251,60,51254.35,45,45,2354550
BANKNIFTY-I.NFO,11/09/2024,09:20:39,51254.35,51250,45,51258.5,120,120,2354550
BANKNIFTY-I.NFO,11/09/2024,09:20:41,51255,51251.9,15,51258.6,30,225,2354550
BANKNIFTY-I.NFO,11/09/2024,09:20:43,51259.95,51251.9,60,51259.95,90,135,2354550
BANKNIFTY-I.NFO,11/09/2024,09:20:44,51242.95,51243.75,120,51253.5,120,570,2354550
BANKNIFTY-I.NFO,11/09/2024,09:20:46,51252.2,51241.8,105,51251.8,120,120,2354550
BANKNIFTY-I.NFO,11/09/2024,09:20:48,51251.2,51243.1,120,51252.9,15,225,2354550
BANKNIFTY-I.NFO,11/09/2024,09:20:49,51243.35,51243.15,15,51252.1,15,120,2354550
BANKNIFTY-I.NFO,11/09/2024,09:20:51,51246.85,51240.95,15,51246.95,120,60,2354550
BANKNIFTY-I.NFO,11/09/2024,09:20:53,51240,51240,345,51245.5,75,225,2354550
BANKNIFTY-I.NFO,11/09/2024,09:20:54,51245,51240,345,51245.35,90,150,2354550
BANKNIFTY-I.NFO,11/09/2024,09:20:56,51248.15,51240,345,51248.7,60,105,2354550
BANKNIFTY-I.NFO,11/09/2024,09:20:58,51245.9,51240.3,15,51247.6,45,135,2354550
BANKNIFTY-I.NFO,11/09/2024,09:20:59,51246.1,51240.3,15,51246.6,45,45,2354550
BANKNIFTY-I.NFO,11/09/2024,09:21:01,51246.2,51237.55,15,51248.05,30,630,2354550
BANKNIFTY-I.NFO,11/09/2024,09:21:03,51237.15,51236.4,30,51244.95,15,150,2354550
BANKNIFTY-I.NFO,11/09/2024,09:21:04,51243.5,51236.4,30,51244.45,15,30,2354550
BANKNIFTY-I.NFO,11/09/2024,09:21:06,51235.8,51236.2,60,51244.7,15,330,2354550
BANKNIFTY-I.NFO,11/09/2024,09:21:08,51238,51239.35,60,51248.35,120,30,2354550
BANKNIFTY-I.NFO,11/09/2024,09:21:09,51251.4,51239.25,15,51247,15,315,2354550
BANKNIFTY-I.NFO,11/09/2024,09:21:11,51247,51240.55,15,51250.2,90,30,2354550
BANKNIFTY-I.NFO,11/09/2024,09:21:13,51247,51240,180,51247.65,90,45,2354550
BANKNIFTY-I.NFO,11/09/2024,09:21:14,51247,51240,180,51247.35,30,0,2354550
BANKNIFTY-I.NFO,11/09/2024,09:21:16,51247,51240,180,51247,15,0,2354550
BANKNIFTY-I.NFO,11/09/2024,09:21:18,51250,51240.5,15,51250,105,390,2354550
BANKNIFTY-I.NFO,11/09/2024,09:21:19,51248.85,51240,150,51249.75,15,150,2354550
BANKNIFTY-I.NFO,11/09/2024,09:21:21,51246,51240,150,51246.85,15,15,2354550
BANKNIFTY-I.NFO,11/09/2024,09:21:23,51240,51238,15,51245.85,15,150,2354550
BANKNIFTY-I.NFO,11/09/2024,09:21:24,51240,51240.85,15,51246.7,15,45,2354550
BANKNIFTY-I.NFO,11/09/2024,09:21:26,51243.8,51237,15,51243.85,15,60,2354550
BANKNIFTY-I.NFO,11/09/2024,09:21:28,51244.3,51236.65,15,51246.55,165,75,2354550
BANKNIFTY-I.NFO,11/09/2024,09:21:29,51244.55,51236.55,450,51244.45,15,15,2354550
BANKNIFTY-I.NFO,11/09/2024,09:21:31,51243.85,51236.55,270,51243.85,15,345,2354550
BANKNIFTY-I.NFO,11/09/2024,09:21:33,51245.05,51236.55,240,51245.3,30,150,2354550
BANKNIFTY-I.NFO,11/09/2024,09:21:34,51236.65,51238.1,15,51244.8,15,45,2360955
BANKNIFTY-I.NFO,11/09/2024,09:21:36,51237.6,51237.55,120,51247,15,105,2360955
BANKNIFTY-I.NFO,11/09/2024,09:21:38,51241,51239.25,15,51247,15,315,2360955
BANKNIFTY-I.NFO,11/09/2024,09:21:39,51239.25,51236.65,90,51246.25,15,45,2360955
BANKNIFTY-I.NFO,11/09/2024,09:21:41,51240,51240,15,51248.45,15,135,2360955
BANKNIFTY-I.NFO,11/09/2024,09:21:43,51241,51240,15,51248.55,15,15,2360955
BANKNIFTY-I.NFO,11/09/2024,09:21:44,51240.4,51240.7,15,51249.95,15,15,2360955
BANKNIFTY-I.NFO,11/09/2024,09:21:46,51249.2,51240.3,15,51249.3,15,15,2360955
BANKNIFTY-I.NFO,11/09/2024,09:21:48,51240.75,51241.05,120,51249.85,15,165,2360955
BANKNIFTY-I.NFO,11/09/2024,09:21:49,51249.95,51241.8,120,51249.95,15,75,2360955
BANKNIFTY-I.NFO,11/09/2024,09:21:51,51249.95,51243.35,120,51249.95,15,0,2360955
BANKNIFTY-I.NFO,11/09/2024,09:21:53,51244.95,51244.55,135,51250,90,90,2360955
BANKNIFTY-I.NFO,11/09/2024,09:21:54,51244.85,51244.85,75,51250,60,90,2360955
BANKNIFTY-I.NFO,11/09/2024,09:21:56,51250,51243.3,15,51252.1,90,240,2360955
BANKNIFTY-I.NFO,11/09/2024,09:21:58,51250,51243.3,30,51250.55,15,0,2360955
BANKNIFTY-I.NFO,11/09/2024,09:21:59,51250,51243.3,30,51251.05,15,45,2360955
BANKNIFTY-I.NFO,11/09/2024,09:22:01,51250,51241.6,120,51251.4,15,120,2360955
BANKNIFTY-I.NFO,11/09/2024,09:22:03,51243.35,51242.3,15,51251.55,150,165,2360955
BANKNIFTY-I.NFO,11/09/2024,09:22:04,51241.55,51241.55,105,51248.5,150,75,2360955
BANKNIFTY-I.NFO,11/09/2024,09:22:06,51247.8,51241.55,105,51248.1,150,30,2360955
BANKNIFTY-I.NFO,11/09/2024,09:22:08,51241,51241.55,30,51247.5,135,150,2360955
BANKNIFTY-I.NFO,11/09/2024,09:22:09,51247.9,51241.55,30,51248,75,45,2360955
BANKNIFTY-I.NFO,11/09/2024,09:22:11,51248,51243.35,15,51248,60,15,2360955
BANKNIFTY-I.NFO,11/09/2024,09:22:13,51243.35,51241,60,51248,45,75,2360955
BANKNIFTY-I.NFO,11/09/2024,09:22:14,51243.3,51241,60,51247.85,135,30,2360955
BANKNIFTY-I.NFO,11/09/2024,09:22:16,51246.95,51241,60,51247.35,120,15,2360955
BANKNIFTY-I.NFO,11/09/2024,09:22:18,51246.95,51240.75,90,51247.35,120,150,2360955
BANKNIFTY-I.NFO,11/09/2024,09:22:19,51242.3,51240,15,51243.3,75,570,2360955
BANKNIFTY-I.NFO,11/09/2024,09:22:21,51236.85,51236,60,51242.6,165,270,2360955
BANKNIFTY-I.NFO,11/09/2024,09:22:23,51242.7,51237.65,15,51242.7,15,75,2360955
BANKNIFTY-I.NFO,11/09/2024,09:22:24,51245.25,51237.65,90,51244.8,15,555,2360955
BANKNIFTY-I.NFO,11/09/2024,09:22:26,51236.05,51236.05,45,51243.55,150,120,2360955
BANKNIFTY-I.NFO,11/09/2024,09:22:28,51243.5,51236.05,45,51244.9,45,45,2360955
BANKNIFTY-I.NFO,11/09/2024,09:22:29,51245,51236.05,105,51245,135,15,2360955
BANKNIFTY-I.NFO,11/09/2024,09:22:31,51245,51236.05,60,51244.85,120,60,2360955
BANKNIFTY-I.NFO,11/09/2024,09:22:33,51236.1,51236.05,45,51244.05,30,90,2360955
BANKNIFTY-I.NFO,11/09/2024,09:22:34,51236.75,51231.2,15,51236.85,15,675,2360955
BANKNIFTY-I.NFO,11/09/2024,09:22:36,51236,51230.6,15,51239.3,75,390,2360955
BANKNIFTY-I.NFO,11/09/2024,09:22:38,51230.3,51232.65,15,51237.65,15,15,2360955
BANKNIFTY-I.NFO,11/09/2024,09:22:39,51240.5,51231.1,15,51241.25,15,45,2360955
BANKNIFTY-I.NFO,11/09/2024,09:22:41,51231.1,51236.1,15,51241.05,75,15,2360955
BANKNIFTY-I.NFO,11/09/2024,09:22:43,51231,51230.2,840,51237.7,60,450,2360955
BANKNIFTY-I.NFO,11/09/2024,09:22:44,51230,51230,825,51235.6,45,1020,2360955
BANKNIFTY-I.NFO,11/09/2024,09:22:46,51230,51230,105,51235.7,15,735,2360955
BANKNIFTY-I.NFO,11/09/2024,09:22:48,51225,51223.05,60,51228.55,135,585,2360955
BANKNIFTY-I.NFO,11/09/2024,09:22:49,51222,51221.3,15,51230.3,30,315,2360955
BANKNIFTY-I.NFO,11/09/2024,09:22:49,51222,51221.3,15,51230.3,30,0,2360955
BANKNIFTY-I.NFO,11/09/2024,09:22:51,51221,51221.3,30,51226.4,105,165,2360955
BANKNIFTY-I.NFO,11/09/2024,09:22:51,51221,51221.3,30,51226.4,105,0,2360955
BANKNIFTY-I.NFO,11/09/2024,09:22:53,51228.65,51220.3,15,51227.75,15,495,2360955
BANKNIFTY-I.NFO,11/09/2024,09:22:53,51220.85,51220.3,15,51227.75,15,0,2360955
BANKNIFTY-I.NFO,11/09/2024,09:22:54,51220,51220,195,51227.65,150,645,2360955
BANKNIFTY-I.NFO,11/09/2024,09:22:54,51220,51220,195,51227.65,150,0,2360955
BANKNIFTY-I.NFO,11/09/2024,09:22:56,51225,51221.3,15,51228.35,15,135,2360955
BANKNIFTY-I.NFO,11/09/2024,09:22:58,51220,51220,75,51228.35,15,75,2360955
BANKNIFTY-I.NFO,11/09/2024,09:22:59,51222,51220,90,51227.85,15,45,2360955
BANKNIFTY-I.NFO,11/09/2024,09:23:01,51215,51215,30,51219,90,345,2360955
BANKNIFTY-I.NFO,11/09/2024,09:23:01,51215,51215,30,51219,90,0,2360955
BANKNIFTY-I.NFO,11/09/2024,09:23:03,51216.75,51216.7,135,51219,60,255,2360955
BANKNIFTY-I.NFO,11/09/2024,09:23:04,51218.65,51219.5,30,51228.9,15,240,2360955
BANKNIFTY-I.NFO,11/09/2024,09:23:06,51222.75,51223.85,15,51228.9,15,165,2360955
BANKNIFTY-I.NFO,11/09/2024,09:23:08,51236.05,51226.5,15,51229.95,15,150,2360955
BANKNIFTY-I.NFO,11/09/2024,09:23:09,51226.5,51228.9,15,51229.95,15,15,2360955
BANKNIFTY-I.NFO,11/09/2024,09:23:11,51228.9,51220,15,51229.9,15,15,2360955
BANKNIFTY-I.NFO,11/09/2024,09:23:13,51229.9,51220.05,75,51229.9,15,15,2360955
BANKNIFTY-I.NFO,11/09/2024,09:23:14,51229.7,51220.65,45,51229.75,15,120,2360955
BANKNIFTY-I.NFO,11/09/2024,09:23:16,51228,51220.75,75,51228,45,60,2360955
BANKNIFTY-I.NFO,11/09/2024,09:23:18,51227.05,51217.25,15,51227.1,45,150,2360955
BANKNIFTY-I.NFO,11/09/2024,09:23:19,51226.55,51217.45,15,51227,15,90,2360955
BANKNIFTY-I.NFO,11/09/2024,09:23:21,51227,51220.1,15,51227,45,45,2360955
BANKNIFTY-I.NFO,11/09/2024,09:23:23,51227,51225,15,51227,30,225,2360955
BANKNIFTY-I.NFO,11/09/2024,09:23:24,51217.1,51220.05,15,51226.95,15,1620,2360955
BANKNIFTY-I.NFO,11/09/2024,09:23:26,51217.1,51222,30,51225,15,0,2360955
BANKNIFTY-I.NFO,11/09/2024,09:23:28,51225,51222,945,51226.9,90,60,2360955
BANKNIFTY-I.NFO,11/09/2024,09:23:30,51222,51222,930,51225,30,30,2360955
BANKNIFTY-I.NFO,11/09/2024,09:23:31,51225,51222.05,30,51227,30,30,2360955
BANKNIFTY-I.NFO,11/09/2024,09:23:33,51222,51220,30,51222.05,30,960,2360955
BANKNIFTY-I.NFO,11/09/2024,09:23:35,51218,51217.35,15,51222.1,15,90,2360955
BANKNIFTY-I.NFO,11/09/2024,09:23:36,51218.05,51217.9,15,51227,30,45,2360955
BANKNIFTY-I.NFO,11/09/2024,09:23:38,51220,51222,15,51225.8,120,60,2360955
BANKNIFTY-I.NFO,11/09/2024,09:23:40,51212,51212,120,51219.6,45,885,2360955
BANKNIFTY-I.NFO,11/09/2024,09:23:40,51212,51212,120,51219.6,45,0,2360955
BANKNIFTY-I.NFO,11/09/2024,09:23:41,51223.5,51214.25,15,51218.15,15,180,2360955
BANKNIFTY-I.NFO,11/09/2024,09:23:43,51219.35,51219.35,30,51223.1,15,180,2360955
BANKNIFTY-I.NFO,11/09/2024,09:23:45,51221.35,51218.15,60,51222.9,75,150,2360955
BANKNIFTY-I.NFO,11/09/2024,09:23:46,51220,51218.15,30,51220.45,60,420,2360955
BANKNIFTY-I.NFO,11/09/2024,09:23:48,51212.55,51211.05,120,51218.1,45,90,2360955
BANKNIFTY-I.NFO,11/09/2024,09:23:50,51218.15,51212.55,120,51218.15,45,75,2360955
BANKNIFTY-I.NFO,11/09/2024,09:23:50,51211.05,51212.55,120,51218.15,45,0,2360955
BANKNIFTY-I.NFO,11/09/2024,09:23:51,51218.15,51214.35,120,51218.1,15,0,2360955
BANKNIFTY-I.NFO,11/09/2024,09:23:53,51214.65,51212.55,45,51218.1,15,150,2360955
BANKNIFTY-I.NFO,11/09/2024,09:23:55,51218.1,51214.45,30,51218,15,30,2360955
BANKNIFTY-I.NFO,11/09/2024,09:23:56,51218.1,51218.1,45,51218.15,30,75,2360955
BANKNIFTY-I.NFO,11/09/2024,09:23:58,51218.1,51218.1,15,51219.35,15,75,2360955
BANKNIFTY-I.NFO,11/09/2024,09:24:00,51218.1,51218,60,51219.95,30,90,2360955
BANKNIFTY-I.NFO,11/09/2024,09:24:01,51218.9,51218,75,51226.05,30,135,2360955
BANKNIFTY-I.NFO,11/09/2024,09:24:03,51219.95,51218.15,30,51223.05,120,90,2360955
BANKNIFTY-I.NFO,11/09/2024,09:24:05,51219.55,51219.55,105,51228.4,45,675,2360955
BANKNIFTY-I.NFO,11/09/2024,09:24:06,51219.95,51219.95,30,51225,15,45,2360955
BANKNIFTY-I.NFO,11/09/2024,09:24:08,51227.35,51218.8,15,51227.35,90,300,2360955
BANKNIFTY-I.NFO,11/09/2024,09:24:10,51229.6,51220,60,51222.25,15,180,2360955
BANKNIFTY-I.NFO,11/09/2024,09:24:11,51219.15,51219.15,15,51222.25,30,120,2360955
BANKNIFTY-I.NFO,11/09/2024,09:24:13,51227.3,51219.15,15,51227.3,120,225,2360955
BANKNIFTY-I.NFO,11/09/2024,09:24:15,51229.1,51219.15,45,51228.75,15,285,2360955
BANKNIFTY-I.NFO,11/09/2024,09:24:16,51228,51217.15,120,51227.1,15,240,2360955
BANKNIFTY-I.NFO,11/09/2024,09:24:18,51219.35,51219.3,15,51229.1,15,45,2360955
BANKNIFTY-I.NFO,11/09/2024,09:24:20,51229.55,51219.4,135,51229.55,15,75,2360955
BANKNIFTY-I.NFO,11/09/2024,09:24:21,51220,51219.35,15,51228.3,15,15,2360955
BANKNIFTY-I.NFO,11/09/2024,09:24:23,51228.95,51219.45,60,51229,75,30,2360955
BANKNIFTY-I.NFO,11/09/2024,09:24:25,51229,51221,15,51228.95,15,15,2360955
BANKNIFTY-I.NFO,11/09/2024,09:24:26,51229,51221,15,51228.05,15,0,2360955
BANKNIFTY-I.NFO,11/09/2024,09:24:28,51220,51219.5,15,51228.65,15,105,2360955
BANKNIFTY-I.NFO,11/09/2024,09:24:29,51228.7,51219,30,51219.5,45,180,2360955
BANKNIFTY-I.NFO,11/09/2024,09:24:31,51227.75,51219,30,51227.45,15,105,2360955
BANKNIFTY-I.NFO,11/09/2024,09:24:33,51220,51220,855,51224.95,30,60,2360955
BANKNIFTY-I.NFO,11/09/2024,09:24:34,51220,51220,855,51224.95,30,0,2360955
BANKNIFTY-I.NFO,11/09/2024,09:24:36,51220,51221.4,15,51224.95,30,0,2360955
BANKNIFTY-I.NFO,11/09/2024,09:24:38,51230,51226.9,120,51234.65,15,480,2361840
BANKNIFTY-I.NFO,11/09/2024,09:24:39,51226.65,51225.15,15,51233.55,15,105,2361840
BANKNIFTY-I.NFO,11/09/2024,09:24:41,51224.95,51224.15,15,51233.15,120,45,2361840
BANKNIFTY-I.NFO,11/09/2024,09:24:43,51230,51224.95,75,51230,15,30,2361840
BANKNIFTY-I.NFO,11/09/2024,09:24:44,51233.7,51223.05,90,51233.4,15,1125,2361840
BANKNIFTY-I.NFO,11/09/2024,09:24:46,51220.05,51220,825,51220.05,75,420,2361840
BANKNIFTY-I.NFO,11/09/2024,09:24:48,51220,51220,600,51228.4,15,330,2361840
BANKNIFTY-I.NFO,11/09/2024,09:24:49,51228.2,51219.5,45,51228.85,15,615,2361840
BANKNIFTY-I.NFO,11/09/2024,09:24:51,51219,51218.5,15,51219,45,150,2361840
BANKNIFTY-I.NFO,11/09/2024,09:24:53,51214.7,51216.7,15,51225.1,45,1080,2361840
BANKNIFTY-I.NFO,11/09/2024,09:24:54,51224.4,51220,15,51224.4,30,105,2361840
BANKNIFTY-I.NFO,11/09/2024,09:24:56,51214.9,51214.9,15,51225.8,15,1470,2361840
BANKNIFTY-I.NFO,11/09/2024,09:24:58,51214.95,51214.95,150,51224.2,15,180,2361840
BANKNIFTY-I.NFO,11/09/2024,09:24:59,51214.2,51214.05,75,51223.65,30,675,2361840
BANKNIFTY-I.NFO,11/09/2024,09:25:01,51214.95,51216.05,15,51224.25,30,1260,2361840
BANKNIFTY-I.NFO,11/09/2024,09:25:03,51216.1,51216.55,45,51224.25,30,45,2361840
BANKNIFTY-I.NFO,11/09/2024,09:25:04,51217.05,51217.05,15,51224.45,15,1140,2361840
BANKNIFTY-I.NFO,11/09/2024,09:25:06,51219.2,51218.5,255,51224.4,30,75,2361840
BANKNIFTY-I.NFO,11/09/2024,09:25:08,51218.5,51217.7,90,51224.4,15,120,2361840
BANKNIFTY-I.NFO,11/09/2024,09:25:09,51224.4,51217.25,90,51224.45,15,150,2361840
BANKNIFTY-I.NFO,11/09/2024,09:25:11,51217.35,51216.55,15,51217.25,15,90,2361840
BANKNIFTY-I.NFO,11/09/2024,09:25:13,51216.55,51216.3,150,51224.45,15,150,2361840
BANKNIFTY-I.NFO,11/09/2024,09:25:14,51220,51217.2,15,51227.55,30,135,2361840
BANKNIFTY-I.NFO,11/09/2024,09:25:16,51216.45,51217.85,30,51228.25,45,165,2361840
BANKNIFTY-I.NFO,11/09/2024,09:25:17,51217.85,51217.4,45,51226.5,45,60,2361840
BANKNIFTY-I.NFO,11/09/2024,09:25:19,51218.7,51218.95,15,51229.7,75,105,2361840
BANKNIFTY-I.NFO,11/09/2024,09:25:21,51217.3,51220,900,51225,15,570,2361840
BANKNIFTY-I.NFO,11/09/2024,09:25:22,51220.05,51220.7,150,51229.65,30,120,2361840
BANKNIFTY-I.NFO,11/09/2024,09:25:24,51221.5,51221.5,120,51229.7,180,285,2361840
BANKNIFTY-I.NFO,11/09/2024,09:25:26,51228.85,51220,900,51228.85,105,180,2361840
BANKNIFTY-I.NFO,11/09/2024,09:25:27,51228.2,51220,900,51228.2,90,15,2361840
BANKNIFTY-I.NFO,11/09/2024,09:25:29,51225,51221.5,15,51225,45,780,2361840
BANKNIFTY-I.NFO,11/09/2024,09:25:31,51220.1,51220,210,51225,195,45,2361840
BANKNIFTY-I.NFO,11/09/2024,09:25:32,51218,51217.1,45,51218,30,315,2361840
BANKNIFTY-I.NFO,11/09/2024,09:25:34,51220,51217.1,15,51222.4,105,270,2361840
BANKNIFTY-I.NFO,11/09/2024,09:25:36,51219.75,51217,30,51217.05,15,210,2361840
BANKNIFTY-I.NFO,11/09/2024,09:25:37,51225.85,51215.55,60,51225.55,120,285,2361840
BANKNIFTY-I.NFO,11/09/2024,09:25:39,51215.55,51215.55,45,51225.3,15,30,2361840
BANKNIFTY-I.NFO,11/09/2024,09:25:41,51217.1,51220,15,51224.8,15,45,2361840
BANKNIFTY-I.NFO,11/09/2024,09:25:43,51217,51215.5,15,51217,15,90,2361840
BANKNIFTY-I.NFO,11/09/2024,09:25:44,51224.4,51215.5,15,51224.9,15,30,2361840
BANKNIFTY-I.NFO,11/09/2024,09:25:46,51216.25,51215.45,15,51224.9,15,45,2361840
BANKNIFTY-I.NFO,11/09/2024,09:25:48,51215.05,51215.05,15,51217,75,75,2361840
BANKNIFTY-I.NFO,11/09/2024,09:25:49,51215.1,51215.05,45,51224.25,15,180,2361840
BANKNIFTY-I.NFO,11/09/2024,09:25:51,51215.1,51218.9,15,51225.3,15,0,2361840
BANKNIFTY-I.NFO,11/09/2024,09:25:53,51225.3,51218.2,15,51224.2,15,165,2361840
BANKNIFTY-I.NFO,11/09/2024,09:25:54,51225.3,51225.3,630,51226,15,270,2361840
BANKNIFTY-I.NFO,11/09/2024,09:25:56,51227.1,51225.3,540,51227.1,15,120,2361840
BANKNIFTY-I.NFO,11/09/2024,09:25:58,51227.1,51225.3,540,51228.5,120,15,2361840
BANKNIFTY-I.NFO,11/09/2024,09:25:59,51228.55,51228.5,30,51228.55,15,90,2361840
BANKNIFTY-I.NFO,11/09/2024,09:26:01,51229.55,51225.3,525,51229.55,45,105,2361840
BANKNIFTY-I.NFO,11/09/2024,09:26:03,51228.6,51228.55,15,51233.75,60,255,2361840
BANKNIFTY-I.NFO,11/09/2024,09:26:04,51233.75,51228.2,15,51233.8,15,45,2361840
BANKNIFTY-I.NFO,11/09/2024,09:26:06,51228.2,51228.25,15,51234.95,45,30,2361840
BANKNIFTY-I.NFO,11/09/2024,09:26:08,51235,51230.15,15,51235,120,90,2361840
BANKNIFTY-I.NFO,11/09/2024,09:26:09,51237.05,51230.2,15,51235,900,225,2361840
BANKNIFTY-I.NFO,11/09/2024,09:26:11,51234.85,51228.25,15,51234.65,30,105,2361840
BANKNIFTY-I.NFO,11/09/2024,09:26:13,51227.5,51228.25,30,51235,870,195,2361840
BANKNIFTY-I.NFO,11/09/2024,09:26:14,51228.25,51228.25,15,51235,855,45,2361840
BANKNIFTY-I.NFO,11/09/2024,09:26:16,51228.25,51228.25,30,51234.85,150,60,2361840
BANKNIFTY-I.NFO,11/09/2024,09:26:18,51234.65,51227.1,15,51234.75,15,225,2361840
BANKNIFTY-I.NFO,11/09/2024,09:26:19,51233.1,51225.4,15,51233.15,30,90,2361840
BANKNIFTY-I.NFO,11/09/2024,09:26:21,51225.3,51225.3,435,51232.1,15,135,2361840
BANKNIFTY-I.NFO,11/09/2024,09:26:23,51232.35,51225.3,435,51231.5,15,60,2361840
BANKNIFTY-I.NFO,11/09/2024,09:26:24,51228.75,51220,45,51226.45,30,675,2361840
BANKNIFTY-I.NFO,11/09/2024,09:26:26,51219,51215.9,15,51223.15,30,75,2361840
BANKNIFTY-I.NFO,11/09/2024,09:26:28,51223.3,51215.2,15,51222.5,75,45,2361840
BANKNIFTY-I.NFO,11/09/2024,09:26:29,51217.55,51218.25,120,51225.3,30,75,2361840
BANKNIFTY-I.NFO,11/09/2024,09:26:31,51225.4,51220.05,120,51229.7,15,105,2361840
BANKNIFTY-I.NFO,11/09/2024,09:26:33,51220.05,51220,15,51225.65,45,45,2361840
BANKNIFTY-I.NFO,11/09/2024,09:26:34,51224.85,51217.5,195,51224.1,60,165,2361840
BANKNIFTY-I.NFO,11/09/2024,09:26:36,51223.5,51216.05,15,51224.85,15,120,2361840
BANKNIFTY-I.NFO,11/09/2024,09:26:38,51223.45,51215.1,105,51222.3,15,45,2361840
BANKNIFTY-I.NFO,11/09/2024,09:26:39,51215.1,51215.1,90,51220,495,45,2361840
BANKNIFTY-I.NFO,11/09/2024,09:26:41,51220,51215.15,15,51220,465,30,2361840
BANKNIFTY-I.NFO,11/09/2024,09:26:43,51219.95,51215.1,90,51220,480,45,2361840
BANKNIFTY-I.NFO,11/09/2024,09:26:44,51219.95,51215.1,60,51220,480,60,2361840
BANKNIFTY-I.NFO,11/09/2024,09:26:46,51215.1,51215.1,30,51220,450,60,2361840
BANKNIFTY-I.NFO,11/09/2024,09:26:48,51220,51215,510,51220,345,255,2361840
BANKNIFTY-I.NFO,11/09/2024,09:26:49,51220,51215.1,15,51220,300,120,2361840
BANKNIFTY-I.NFO,11/09/2024,09:26:51,51220,51215,525,51220,285,15,2361840
BANKNIFTY-I.NFO,11/09/2024,09:26:53,51220,51215,525,51220,255,30,2361840
BANKNIFTY-I.NFO,11/09/2024,09:26:54,51204.9,51204,90,51207,15,3495,2361840
BANKNIFTY-I.NFO,11/09/2024,09:26:54,51201,51204,90,51207,15,0,2361840
BANKNIFTY-I.NFO,11/09/2024,09:26:56,51209,51201.2,60,51204.95,15,165,2361840
BANKNIFTY-I.NFO,11/09/2024,09:26:56,51200.65,51201.2,60,51204.95,15,0,2361840
BANKNIFTY-I.NFO,11/09/2024,09:26:58,51200,51200,3510,51207.65,15,825,2361840
BANKNIFTY-I.NFO,11/09/2024,09:26:58,51200,51200,3510,51207.65,15,0,2361840
BANKNIFTY-I.NFO,11/09/2024,09:26:59,51200,51200,3495,51207.45,15,45,2361840
BANKNIFTY-I.NFO,11/09/2024,09:27:01,51200.7,51201,30,51209.95,15,285,2361840
BANKNIFTY-I.NFO,11/09/2024,09:27:03,51200,51200,2235,51203.65,15,1440,2361840
BANKNIFTY-I.NFO,11/09/2024,09:27:04,51200.7,51200,1980,51208,15,510,2361840
BANKNIFTY-I.NFO,11/09/2024,09:27:06,51200,51200,1935,51205.65,15,90,2361840
BANKNIFTY-I.NFO,11/09/2024,09:27:08,51209.85,51200.1,105,51209.25,15,255,2361840
BANKNIFTY-I.NFO,11/09/2024,09:27:09,51209.15,51201.1,15,51208.4,15,30,2361840
BANKNIFTY-I.NFO,11/09/2024,09:27:11,51201,51201,15,51205.05,15,45,2361840
BANKNIFTY-I.NFO,11/09/2024,09:27:13,51205,51201,15,51205,45,180,2361840
BANKNIFTY-I.NFO,11/09/2024,09:27:14,51200.05,51200.05,15,51204.95,30,150,2361840
BANKNIFTY-I.NFO,11/09/2024,09:27:16,51201,51200.15,15,51205,60,75,2361840
BANKNIFTY-I.NFO,11/09/2024,09:27:18,51201,51204.95,45,51205,30,60,2361840
BANKNIFTY-I.NFO,11/09/2024,09:27:19,51204.95,51200.95,15,51204.95,105,960,2361840
BANKNIFTY-I.NFO,11/09/2024,09:27:21,51200.85,51201.05,15,51204.95,60,105,2361840
BANKNIFTY-I.NFO,11/09/2024,09:27:23,51202.05,51200.3,15,51204.95,90,330,2361840
BANKNIFTY-I.NFO,11/09/2024,09:27:24,51200.9,51201.2,15,51205,15,615,2361840
BANKNIFTY-I.NFO,11/09/2024,09:27:26,51210,51201.2,15,51204.95,120,210,2361840
BANKNIFTY-I.NFO,11/09/2024,09:27:28,51205.25,51206.15,30,51209,120,585,2361840
BANKNIFTY-I.NFO,11/09/2024,09:27:29,51205.05,51205.2,75,51209,75,780,2361840
BANKNIFTY-I.NFO,11/09/2024,09:27:31,51209,51204.2,75,51209,375,135,2361840
BANKNIFTY-I.NFO,11/09/2024,09:27:33,51209,51201.4,15,51209,330,120,2361840
BANKNIFTY-I.NFO,11/09/2024,09:27:34,51209,51204,75,51209,315,60,2361840
BANKNIFTY-I.NFO,11/09/2024,09:27:36,51207.05,51206.6,30,51209,300,60,2363460
BANKNIFTY-I.NFO,11/09/2024,09:27:38,51210.6,51209,15,51217.2,15,360,2363460
BANKNIFTY-I.NFO,11/09/2024,09:27:39,51209,51206.65,15,51216.05,15,30,2363460
BANKNIFTY-I.NFO,11/09/2024,09:27:41,51209,51205.35,15,51209,45,15,2363460
BANKNIFTY-I.NFO,11/09/2024,09:27:43,51216.85,51206.85,15,51216.9,15,180,2363460
BANKNIFTY-I.NFO,11/09/2024,09:27:44,51207.5,51207.45,15,51210,15,30,2363460
BANKNIFTY-I.NFO,11/09/2024,09:27:46,51210,51205.35,15,51215.2,15,60,2363460
BANKNIFTY-I.NFO,11/09/2024,09:27:48,51214.05,51206.1,15,51214.25,15,45,2363460
BANKNIFTY-I.NFO,11/09/2024,09:27:49,51215.95,51214.05,90,51215,15,120,2363460
BANKNIFTY-I.NFO,11/09/2024,09:27:51,51206.05,51206.25,15,51215,15,225,2363460
BANKNIFTY-I.NFO,11/09/2024,09:27:53,51215,51210.05,15,51215.95,15,45,2363460
BANKNIFTY-I.NFO,11/09/2024,09:27:54,51215,51214.05,15,51215.95,15,0,2363460
BANKNIFTY-I.NFO,11/09/2024,09:27:56,51215,51214.05,75,51220,135,90,2363460
BANKNIFTY-I.NFO,11/09/2024,09:27:58,51220,51217.5,45,51220,30,120,2363460
BANKNIFTY-I.NFO,11/09/2024,09:27:59,51220,51217.5,45,51221,15,30,2363460
BANKNIFTY-I.NFO,11/09/2024,09:28:01,51222,51220,360,51225.5,120,255,2363460
BANKNIFTY-I.NFO,11/09/2024,09:28:03,51224.55,51221,195,51224.55,15,870,2363460
BANKNIFTY-I.NFO,11/09/2024,09:28:04,51224.55,51221,195,51227.2,15,90,2363460
BANKNIFTY-I.NFO,11/09/2024,09:28:06,51225,51220,30,51225.5,15,735,2363460
BANKNIFTY-I.NFO,11/09/2024,09:28:08,51221,51220,30,51224,450,45,2363460
BANKNIFTY-I.NFO,11/09/2024,09:28:09,51224,51220,15,51223.95,15,120,2363460
BANKNIFTY-I.NFO,11/09/2024,09:28:11,51220,51215,15,51223.9,15,75,2363460
BANKNIFTY-I.NFO,11/09/2024,09:28:13,51223.1,51215,15,51220.45,15,60,2363460
BANKNIFTY-I.NFO,11/09/2024,09:28:14,51210.05,51210.15,15,51219.3,15,150,2363460
BANKNIFTY-I.NFO,11/09/2024,09:28:16,51221.3,51210.35,15,51220.3,15,90,2363460
BANKNIFTY-I.NFO,11/09/2024,09:28:18,51219,51210.05,30,51218.45,15,195,2363460
BANKNIFTY-I.NFO,11/09/2024,09:28:19,51218.45,51210.1,15,51220.05,45,15,2363460
BANKNIFTY-I.NFO,11/09/2024,09:28:21,51210.35,51210.25,15,51219.75,15,105,2363460
BANKNIFTY-I.NFO,11/09/2024,09:28:23,51219.25,51211.05,15,51219.75,15,15,2363460
BANKNIFTY-I.NFO,11/09/2024,09:28:24,51219.25,51211.05,15,51219.75,15,0,2363460
BANKNIFTY-I.NFO,11/09/2024,09:28:26,51211,51210.55,15,51219.05,15,15,2363460
BANKNIFTY-I.NFO,11/09/2024,09:28:28,51219.05,51210.55,30,51219.05,15,30,2363460
BANKNIFTY-I.NFO,11/09/2024,09:28:29,51219.05,51210.6,15,51217.3,15,0,2363460
BANKNIFTY-I.NFO,11/09/2024,09:28:31,51210.6,51210.6,15,51216.2,15,60,2363460
BANKNIFTY-I.NFO,11/09/2024,09:28:33,51207,51207,45,51216.4,15,450,2363460
BANKNIFTY-I.NFO,11/09/2024,09:28:34,51215.95,51207.6,15,51217.5,15,75,2363460
BANKNIFTY-I.NFO,11/09/2024,09:28:36,51217.5,51207,30,51215.75,15,60,2363460
BANKNIFTY-I.NFO,11/09/2024,09:28:38,51216.4,51206.4,15,51214.85,15,150,2363460
BANKNIFTY-I.NFO,11/09/2024,09:28:39,51208.15,51207.55,15,51218.1,15,150,2363460
BANKNIFTY-I.NFO,11/09/2024,09:28:41,51219.15,51210,60,51219.15,60,735,2363460
BANKNIFTY-I.NFO,11/09/2024,09:28:43,51210.05,51210.2,15,51220.15,60,210,2363460
BANKNIFTY-I.NFO,11/09/2024,09:28:44,51220.6,51210.2,45,51219.9,75,135,2363460
BANKNIFTY-I.NFO,11/09/2024,09:28:46,51218.4,51210.2,45,51218.75,60,30,2363460
BANKNIFTY-I.NFO,11/09/2024,09:28:48,51210.2,51210.2,15,51218.3,30,75,2363460
BANKNIFTY-I.NFO,11/09/2024,09:28:49,51216.05,51210.25,120,51218,15,1050,2363460
BANKNIFTY-I.NFO,11/09/2024,09:28:51,51219,51210.25,15,51218.45,75,105,2363460
BANKNIFTY-I.NFO,11/09/2024,09:28:53,51210.2,51210.05,30,51216.15,75,975,2363460
BANKNIFTY-I.NFO,11/09/2024,09:28:54,51206,51205,75,51210.55,60,330,2363460
BANKNIFTY-I.NFO,11/09/2024,09:28:56,51211.9,51205.05,15,51211.85,30,270,2363460
BANKNIFTY-I.NFO,11/09/2024,09:28:58,51211,51203.55,120,51214.05,75,1035,2363460
BANKNIFTY-I.NFO,11/09/2024,09:28:59,51212.2,51203.4,15,51212.05,150,435,2363460
BANKNIFTY-I.NFO,11/09/2024,09:29:01,51211.75,51203.4,30,51211.75,135,390,2363460
BANKNIFTY-I.NFO,11/09/2024,09:29:03,51201.35,51201,405,51209.35,75,375,2363460
BANKNIFTY-I.NFO,11/09/2024,09:29:04,51210.5,51201.05,120,51210.05,150,15,2363460
BANKNIFTY-I.NFO,11/09/2024,09:29:06,51209.65,51201.05,30,51208.45,285,90,2363460
BANKNIFTY-I.NFO,11/09/2024,09:29:08,51208.4,51201.05,15,51208.4,135,105,2363460
BANKNIFTY-I.NFO,11/09/2024,09:29:09,51208.8,51201.05,15,51209.35,75,60,2363460
BANKNIFTY-I.NFO,11/09/2024,09:29:11,51201,51201,330,51207.1,75,30,2363460
BANKNIFTY-I.NFO,11/09/2024,09:29:13,51200.85,51200.1,45,51205.95,75,450,2363460
BANKNIFTY-I.NFO,11/09/2024,09:29:14,51209.5,51201,15,51210.1,60,150,2363460
BANKNIFTY-I.NFO,11/09/2024,09:29:16,51212.25,51201.7,120,51211.85,30,120,2363460
BANKNIFTY-I.NFO,11/09/2024,09:29:18,51211.55,51205.45,120,51212.3,900,45,2363460
BANKNIFTY-I.NFO,11/09/2024,09:29:19,51205.25,51204.75,120,51212.25,15,45,2363460
BANKNIFTY-I.NFO,11/09/2024,09:29:21,51212.25,51205.65,120,51212.3,900,15,2363460
BANKNIFTY-I.NFO,11/09/2024,09:29:22,51212.3,51207.9,120,51212.3,855,90,2363460
BANKNIFTY-I.NFO,11/09/2024,09:29:24,51212.3,51211.15,45,51212.3,300,570,2363460
BANKNIFTY-I.NFO,11/09/2024,09:29:26,51212.65,51213.55,45,51219,105,390,2363460
BANKNIFTY-I.NFO,11/09/2024,09:29:27,51219,51211.2,15,51219,90,105,2363460
BANKNIFTY-I.NFO,11/09/2024,09:29:29,51211.2,51210.15,120,51219,60,45,2363460
BANKNIFTY-I.NFO,11/09/2024,09:29:31,51212,51211.3,120,51219,60,45,2363460
BANKNIFTY-I.NFO,11/09/2024,09:29:32,51213.2,51213.9,45,51220,195,195,2363460
BANKNIFTY-I.NFO,11/09/2024,09:29:34,51220,51218.95,15,51220,180,90,2363460
BANKNIFTY-I.NFO,11/09/2024,09:29:36,51218.95,51217.35,45,51220,180,15,2363460
BANKNIFTY-I.NFO,11/09/2024,09:29:37,51217.4,51217.35,15,51218.95,15,15,2363460
BANKNIFTY-I.NFO,11/09/2024,09:29:39,51217.35,51217.25,45,51218,15,30,2363460
BANKNIFTY-I.NFO,11/09/2024,09:29:41,51220,51217.3,15,51220,135,45,2363460
BANKNIFTY-I.NFO,11/09/2024,09:29:42,51220,51218.95,45,51220,30,270,2363460
BANKNIFTY-I.NFO,11/09/2024,09:29:44,51224,51218.9,15,51224,75,375,2363460
BANKNIFTY-I.NFO,11/09/2024,09:29:46,51224,51218.7,15,51224,60,90,2363460
BANKNIFTY-I.NFO,11/09/2024,09:29:47,51225,51224.05,15,51225,195,75,2363460
BANKNIFTY-I.NFO,11/09/2024,09:29:49,51224,51224,90,51225,165,90,2363460
BANKNIFTY-I.NFO,11/09/2024,09:29:51,51225,51224,90,51225,120,45,2363460
BANKNIFTY-I.NFO,11/09/2024,09:29:52,51224,51224,90,51228.4,15,150,2363460
BANKNIFTY-I.NFO,11/09/2024,09:29:54,51224,51228,15,51228.4,30,0,2363460
BANKNIFTY-I.NFO,11/09/2024,09:29:56,51224.05,51224,60,51225,120,45,2363460
BANKNIFTY-I.NFO,11/09/2024,09:29:58,51223,51220.8,30,51225,120,60,2363460
BANKNIFTY-I.NFO,11/09/2024,09:29:59,51220.5,51220.6,15,51228.9,15,1035,2363460
BANKNIFTY-I.NFO,11/09/2024,09:30:01,51225.85,51224.8,30,51228.9,15,405,2363460
BANKNIFTY-I.NFO,11/09/2024,09:30:03,51230,51224.9,15,51230,630,510,2363460
BANKNIFTY-I.NFO,11/09/2024,09:30:04,51225.95,51225.9,30,51230,630,240,2363460
BANKNIFTY-I.NFO,11/09/2024,09:30:06,51221.15,51223,15,51225.9,30,255,2363460
BANKNIFTY-I.NFO,11/09/2024,09:30:08,51225.9,51221.3,15,51225.9,15,105,2363460
BANKNIFTY-I.NFO,11/09/2024,09:30:09,51230,51225.9,15,51229.95,120,330,2363460
BANKNIFTY-I.NFO,11/09/2024,09:30:11,51225.9,51225,45,51228,45,75,2363460
BANKNIFTY-I.NFO,11/09/2024,09:30:13,51230,51221.25,15,51227.95,105,345,2363460
BANKNIFTY-I.NFO,11/09/2024,09:30:14,51227.95,51220.1,15,51227.45,90,45,2363460
BANKNIFTY-I.NFO,11/09/2024,09:30:16,51230,51227.95,30,51229.95,15,165,2363460
BANKNIFTY-I.NFO,11/09/2024,09:30:18,51235.6,51243.9,15,51246.1,15,1080,2363460
BANKNIFTY-I.NFO,11/09/2024,09:30:19,51244.1,51236.1,15,51244.1,75,135,2363460
BANKNIFTY-I.NFO,11/09/2024,09:30:21,51235,51231.5,15,51235,165,135,2363460
BANKNIFTY-I.NFO,11/09/2024,09:30:23,51235,51233.2,120,51235,15,150,2363460
BANKNIFTY-I.NFO,11/09/2024,09:30:24,51244.5,51235,15,51244.45,15,60,2363460
BANKNIFTY-I.NFO,11/09/2024,09:30:26,51244.45,51235.5,15,51244.35,15,165,2363460
BANKNIFTY-I.NFO,11/09/2024,09:30:28,51248,51244.1,120,51248,150,255,2363460
BANKNIFTY-I.NFO,11/09/2024,09:30:29,51286,51283.3,120,51286,30,2085,2363460
BANKNIFTY-I.NFO,11/09/2024,09:30:31,51295.75,51287.5,15,51295.25,30,555,2363460
BANKNIFTY-I.NFO,11/09/2024,09:30:33,51283.25,51280.7,120,51283.25,15,300,2363460
BANKNIFTY-I.NFO,11/09/2024,09:30:34,51294.65,51287.5,15,51294.4,15,1395,2363460
BANKNIFTY-I.NFO,11/09/2024,09:30:36,51293.65,51293.65,705,51296,330,1245,2364090
BANKNIFTY-I.NFO,11/09/2024,09:30:38,51291.35,51281.25,15,51291,30,900,2364090
BANKNIFTY-I.NFO,11/09/2024,09:30:39,51280.1,51279,75,51287.05,15,420,2364090
BANKNIFTY-I.NFO,11/09/2024,09:30:41,51283.3,51280,45,51289.65,30,1215,2364090
BANKNIFTY-I.NFO,11/09/2024,09:30:43,51280,51280,30,51280.15,150,150,2364090
BANKNIFTY-I.NFO,11/09/2024,09:30:44,51274.65,51271.3,30,51278.75,45,300,2364090
BANKNIFTY-I.NFO,11/09/2024,09:30:46,51280.15,51280,300,51280.15,285,690,2364090
BANKNIFTY-I.NFO,11/09/2024,09:30:48,51277.75,51269.85,15,51277.75,180,585,2364090
BANKNIFTY-I.NFO,11/09/2024,09:30:49,51251.65,51251.65,30,51260.35,225,300,2364090
BANKNIFTY-I.NFO,11/09/2024,09:30:51,51261.85,51252.15,30,51261.8,75,135,2364090
BANKNIFTY-I.NFO,11/09/2024,09:30:53,51256.85,51249.1,15,51257.1,225,270,2364090
BANKNIFTY-I.NFO,11/09/2024,09:30:54,51257.3,51250.6,15,51257.3,105,75,2364090
BANKNIFTY-I.NFO,11/09/2024,09:30:56,51241.55,51241.8,15,51248.2,60,300,2364090
BANKNIFTY-I.NFO,11/09/2024,09:30:58,51252.25,51249.45,900,51252.25,45,945,2364090
BANKNIFTY-I.NFO,11/09/2024,09:30:59,51252.25,51255.7,15,51261.3,150,375,2364090
BANKNIFTY-I.NFO,11/09/2024,09:31:01,51263.95,51257.1,15,51263.6,135,960,2364090
BANKNIFTY-I.NFO,11/09/2024,09:31:03,51264.05,51255.3,15,51263.7,150,1935,2364090
BANKNIFTY-I.NFO,11/09/2024,09:31:04,51266,51263.8,735,51265.05,105,240,2364090
BANKNIFTY-I.NFO,11/09/2024,09:31:06,51255,51261.3,15,51262.35,150,855,2364090
BANKNIFTY-I.NFO,11/09/2024,09:31:08,51265,51265,585,51268.85,15,3060,2364090
BANKNIFTY-I.NFO,11/09/2024,09:31:09,51268.85,51265,450,51269.6,30,195,2364090
BANKNIFTY-I.NFO,11/09/2024,09:31:11,51268.85,51265.95,15,51271.3,15,0,2364090
BANKNIFTY-I.NFO,11/09/2024,09:31:13,51270.35,51268.85,15,51272.05,30,300,2364090
BANKNIFTY-I.NFO,11/09/2024,09:31:14,51269.85,51265.1,45,51269.9,120,150,2364090
BANKNIFTY-I.NFO,11/09/2024,09:31:16,51270,51270,270,51270.15,15,690,2364090
BANKNIFTY-I.NFO,11/09/2024,09:31:18,51276.65,51273,15,51280,60,195,2364090
BANKNIFTY-I.NFO,11/09/2024,09:31:19,51271,51270.1,45,51278.45,150,120,2364090
BANKNIFTY-I.NFO,11/09/2024,09:31:21,51270,51270,90,51272.55,45,45,2364090
BANKNIFTY-I.NFO,11/09/2024,09:31:23,51277.75,51277.65,45,51279.5,30,210,2364090
BANKNIFTY-I.NFO,11/09/2024,09:31:24,51277.65,51271.95,45,51280,75,60,2364090
BANKNIFTY-I.NFO,11/09/2024,09:31:26,51278.65,51270,150,51278.65,60,810,2364090
BANKNIFTY-I.NFO,11/09/2024,09:31:28,51268.85,51268.85,60,51277.05,15,1905,2364090
BANKNIFTY-I.NFO,11/09/2024,09:31:29,51277.05,51268.9,30,51273.45,15,225,2364090
BANKNIFTY-I.NFO,11/09/2024,09:31:31,51268.5,51266,30,51267.1,75,165,2364090
BANKNIFTY-I.NFO,11/09/2024,09:31:33,51265,51262.35,15,51265.45,150,870,2364090
BANKNIFTY-I.NFO,11/09/2024,09:31:34,51262.35,51262.35,30,51267.2,90,30,2364090
BANKNIFTY-I.NFO,11/09/2024,09:31:36,51260,51255.2,120,51265.45,75,210,2364090
BANKNIFTY-I.NFO,11/09/2024,09:31:38,51254.5,51252.25,15,51259.05,30,345,2364090
BANKNIFTY-I.NFO,11/09/2024,09:31:39,51250,51250,45,51257.9,30,930,2364090
BANKNIFTY-I.NFO,11/09/2024,09:31:41,51257.9,51250,45,51259.05,15,30,2364090
BANKNIFTY-I.NFO,11/09/2024,09:31:43,51257.9,51250,60,51258.95,15,0,2364090
BANKNIFTY-I.NFO,11/09/2024,09:31:44,51261.2,51253.45,120,51262.35,45,1125,2364090
BANKNIFTY-I.NFO,11/09/2024,09:31:46,51253.45,51251.15,120,51260,30,30,2364090
BANKNIFTY-I.NFO,11/09/2024,09:31:48,51251.2,51251.2,15,51257.85,150,225,2364090
BANKNIFTY-I.NFO,11/09/2024,09:31:49,51250,51245.15,75,51251.4,30,525,2364090
BANKNIFTY-I.NFO,11/09/2024,09:31:51,51245.15,51244,15,51248.75,150,210,2364090
BANKNIFTY-I.NFO,11/09/2024,09:31:53,51244,51242.05,120,51250.65,150,45,2364090
BANKNIFTY-I.NFO,11/09/2024,09:31:54,51253.4,51244.75,120,51252.95,150,45,2364090
BANKNIFTY-I.NFO,11/09/2024,09:31:56,51257.85,51250,105,51257.6,105,450,2364090
BANKNIFTY-I.NFO,11/09/2024,09:31:58,51257.85,51250,135,51255.75,150,0,2364090
BANKNIFTY-I.NFO,11/09/2024,09:31:59,51250,51250,120,51253.15,150,15,2364090
BANKNIFTY-I.NFO,11/09/2024,09:32:01,51250,51250,30,51254.25,165,90,2364090
BANKNIFTY-I.NFO,11/09/2024,09:32:03,51250,51246.9,45,51250,810,165,2364090
BANKNIFTY-I.NFO,11/09/2024,09:32:04,51250,51243.1,120,51250,795,60,2364090
BANKNIFTY-I.NFO,11/09/2024,09:32:06,51246.9,51244.05,120,51250,795,15,2364090
BANKNIFTY-I.NFO,11/09/2024,09:32:08,51244.05,51244.05,120,51250,795,45,2364090
BANKNIFTY-I.NFO,11/09/2024,09:32:09,51244.05,51245.2,120,51249.95,60,0,2364090
BANKNIFTY-I.NFO,11/09/2024,09:32:11,51249.95,51245.2,120,51249.95,15,45,2364090
BANKNIFTY-I.NFO,11/09/2024,09:32:13,51250,51245.7,135,51250,750,90,2364090
BANKNIFTY-I.NFO,11/09/2024,09:32:14,51245.15,51245.15,45,51250,750,210,2364090
BANKNIFTY-I.NFO,11/09/2024,09:32:16,51250,51245.15,30,51250,720,45,2364090
BANKNIFTY-I.NFO,11/09/2024,09:32:18,51245.15,51245.25,30,51250,705,75,2364090
BANKNIFTY-I.NFO,11/09/2024,09:32:19,51243.35,51243.75,15,51250,705,30,2364090
BANKNIFTY-I.NFO,11/09/2024,09:32:21,51250,51246.7,15,51249.9,45,30,2364090
BANKNIFTY-I.NFO,11/09/2024,09:32:23,51249.9,51245,15,51249.9,15,45,2364090
BANKNIFTY-I.NFO,11/09/2024,09:32:24,51249.9,51246.25,15,51249.9,15,0,2364090
BANKNIFTY-I.NFO,11/09/2024,09:32:26,51249.9,51246.35,15,51249.9,15,0,2364090
BANKNIFTY-I.NFO,11/09/2024,09:32:28,51250,51247.1,15,51250,795,45,2364090
BANKNIFTY-I.NFO,11/09/2024,09:32:29,51251,51252.35,15,51259.25,60,810,2364090
BANKNIFTY-I.NFO,11/09/2024,09:32:31,51259.25,51252.75,45,51259.05,120,15,2364090
BANKNIFTY-I.NFO,11/09/2024,09:32:33,51252.75,51252.75,30,51257.75,120,15,2364090
BANKNIFTY-I.NFO,11/09/2024,09:32:34,51252.75,51252.75,15,51254.45,105,30,2364090
BANKNIFTY-I.NFO,11/09/2024,09:32:36,51250,51249.9,150,51254.85,120,45,2364090
BANKNIFTY-I.NFO,11/09/2024,09:32:38,51249.9,51249.9,30,51253.95,120,255,2364090
BANKNIFTY-I.NFO,11/09/2024,09:32:39,51249.6,51245,60,51249.75,30,45,2364090
BANKNIFTY-I.NFO,11/09/2024,09:32:41,51249.75,51245,60,51249.7,120,15,2364090
BANKNIFTY-I.NFO,11/09/2024,09:32:43,51247.8,51245.15,15,51249.7,90,150,2364090
BANKNIFTY-I.NFO,11/09/2024,09:32:44,51245.15,51245,45,51249.7,75,45,2364090
BANKNIFTY-I.NFO,11/09/2024,09:32:46,51248.85,51245,45,51248.7,60,15,2364090
BANKNIFTY-I.NFO,11/09/2024,09:32:48,51245.15,51245,45,51247.35,30,45,2364090
BANKNIFTY-I.NFO,11/09/2024,09:32:49,51247.75,51243.35,15,51246.85,30,75,2364090
BANKNIFTY-I.NFO,11/09/2024,09:32:51,51247.8,51245,15,51246.95,15,90,2364090
BANKNIFTY-I.NFO,11/09/2024,09:32:53,51245,51245,30,51247.8,30,30,2364090
BANKNIFTY-I.NFO,11/09/2024,09:32:54,51245,51245.05,30,51247.8,30,0,2364090
BANKNIFTY-I.NFO,11/09/2024,09:32:56,51247.8,51245.05,30,51247.8,15,15,2364090
BANKNIFTY-I.NFO,11/09/2024,09:32:58,51245,51245,15,51246.95,15,405,2364090
BANKNIFTY-I.NFO,11/09/2024,09:32:59,51245,51243.35,15,51248.6,15,30,2364090
BANKNIFTY-I.NFO,11/09/2024,09:33:01,51249.75,51244.65,45,51249.8,15,120,2364090
BANKNIFTY-I.NFO,11/09/2024,09:33:03,51242.1,51243.2,15,51249.8,15,210,2364090
BANKNIFTY-I.NFO,11/09/2024,09:33:04,51245,51240,435,51245,15,45,2364090
BANKNIFTY-I.NFO,11/09/2024,09:33:06,51245,51240,435,51245,15,15,2364090
BANKNIFTY-I.NFO,11/09/2024,09:33:08,51242.1,51240,375,51242.1,195,75,2364090
BANKNIFTY-I.NFO,11/09/2024,09:33:09,51242.1,51240,390,51242.1,165,135,2364090
BANKNIFTY-I.NFO,11/09/2024,09:33:11,51242.1,51243.4,15,51250,45,165,2364090
BANKNIFTY-I.NFO,11/09/2024,09:33:13,51242.1,51245,45,51250,45,0,2364090
BANKNIFTY-I.NFO,11/09/2024,09:33:14,51242.1,51245,45,51249.95,15,0,2364090
BANKNIFTY-I.NFO,11/09/2024,09:33:16,51242.1,51245,45,51249.15,15,0,2364090
BANKNIFTY-I.NFO,11/09/2024,09:33:17,51240,51239.1,15,51245,30,960,2364090
BANKNIFTY-I.NFO,11/09/2024,09:33:19,51249,51239.45,15,51248.8,15,75,2364090
BANKNIFTY-I.NFO,11/09/2024,09:33:21,51249,51239.45,15,51248.8,15,0,2364090
BANKNIFTY-I.NFO,11/09/2024,09:33:22,51252.35,51248.8,1800,51252.35,120,105,2364090
BANKNIFTY-I.NFO,11/09/2024,09:33:24,51248.8,51250,30,51254.8,120,900,2364090
BANKNIFTY-I.NFO,11/09/2024,09:33:26,51250,51248.8,900,51255.05,30,45,2364090
BANKNIFTY-I.NFO,11/09/2024,09:33:27,51256.45,51255.05,450,51258,15,15,2364090
BANKNIFTY-I.NFO,11/09/2024,09:33:29,51255.2,51255.85,15,51260,30,405,2364090
BANKNIFTY-I.NFO,11/09/2024,09:33:31,51255.2,51255.05,345,51260,30,0,2364090
BANKNIFTY-I.NFO,11/09/2024,09:33:32,51255.05,51255.05,330,51260,30,15,2364090
BANKNIFTY-I.NFO,11/09/2024,09:33:34,51260,51255.8,15,51260,30,15,2364090
BANKNIFTY-I.NFO,11/09/2024,09:33:36,51275,51268.95,120,51277,15,390,2364090
BANKNIFTY-I.NFO,11/09/2024,09:33:37,51276,51275,450,51277.75,60,525,2360520
BANKNIFTY-I.NFO,11/09/2024,09:33:39,51280,51275,450,51280.25,15,1005,2360520
BANKNIFTY-I.NFO,11/09/2024,09:33:40,51275,51275,285,51282.85,90,600,2360520
BANKNIFTY-I.NFO,11/09/2024,09:33:42,51278,51275,225,51278.85,75,285,2360520
BANKNIFTY-I.NFO,11/09/2024,09:33:44,51271.35,51259,120,51268.05,30,1185,2360520
BANKNIFTY-I.NFO,11/09/2024,09:33:45,51270.05,51261.15,120,51270.1,15,90,2360520
BANKNIFTY-I.NFO,11/09/2024,09:33:47,51271.1,51261.85,120,51271.85,30,30,2360520
BANKNIFTY-I.NFO,11/09/2024,09:33:49,51273.95,51262.1,15,51270,150,870,2360520
BANKNIFTY-I.NFO,11/09/2024,09:33:50,51265.65,51259.45,120,51269.2,15,30,2360520
BANKNIFTY-I.NFO,11/09/2024,09:33:52,51258.9,51258.9,120,51267.2,15,30,2360520
BANKNIFTY-I.NFO,11/09/2024,09:33:54,51269.15,51258.9,150,51268.6,105,15,2360520
BANKNIFTY-I.NFO,11/09/2024,09:33:55,51258.9,51258.9,135,51268.95,105,15,2360520
BANKNIFTY-I.NFO,11/09/2024,09:33:57,51258.9,51260.65,15,51269.15,15,75,2360520
BANKNIFTY-I.NFO,11/09/2024,09:33:59,51258.85,51260.65,15,51269.95,120,330,2360520
BANKNIFTY-I.NFO,11/09/2024,09:34:00,51269.5,51260.65,15,51269.5,105,15,2360520
BANKNIFTY-I.NFO,11/09/2024,09:34:02,51260.65,51258.2,120,51268.65,90,30,2360520
BANKNIFTY-I.NFO,11/09/2024,09:34:04,51260.45,51258.5,120,51268.05,150,15,2360520
BANKNIFTY-I.NFO,11/09/2024,09:34:05,51260.45,51257.9,120,51265.15,30,0,2360520
BANKNIFTY-I.NFO,11/09/2024,09:34:07,51261.45,51259.8,105,51265.25,15,60,2360520
BANKNIFTY-I.NFO,11/09/2024,09:34:09,51260.1,51260.4,75,51265,30,90,2360520
BANKNIFTY-I.NFO,11/09/2024,09:34:10,51260.1,51260.9,75,51265,30,0,2360520
BANKNIFTY-I.NFO,11/09/2024,09:34:12,51265,51260,15,51265,15,15,2360520
BANKNIFTY-I.NFO,11/09/2024,09:34:14,51255.6,51260,15,51265,15,240,2360520
BANKNIFTY-I.NFO,11/09/2024,09:34:15,51269.75,51265,15,51269.8,60,45,2360520
BANKNIFTY-I.NFO,11/09/2024,09:34:17,51265,51263,15,51265,15,15,2360520
BANKNIFTY-I.NFO,11/09/2024,09:34:19,51262.6,51260.45,15,51269.05,90,15,2360520
BANKNIFTY-I.NFO,11/09/2024,09:34:20,51268.6,51260.15,15,51268.65,30,60,2360520
BANKNIFTY-I.NFO,11/09/2024,09:34:22,51266.9,51260.1,75,51267.4,15,75,2360520
BANKNIFTY-I.NFO,11/09/2024,09:34:24,51260.1,51260.1,60,51267.4,120,30,2360520
BANKNIFTY-I.NFO,11/09/2024,09:34:25,51268.6,51260.1,60,51268.2,75,300,2360520
BANKNIFTY-I.NFO,11/09/2024,09:34:27,51267.55,51260.1,60,51266.7,60,15,2360520
BANKNIFTY-I.NFO,11/09/2024,09:34:29,51260.1,51260.1,45,51264.85,75,15,2360520
BANKNIFTY-I.NFO,11/09/2024,09:34:31,51260.35,51255.2,15,51261.15,150,315,2360520
BANKNIFTY-I.NFO,11/09/2024,09:34:32,51255.2,51255.05,345,51260.3,105,15,2360520
BANKNIFTY-I.NFO,11/09/2024,09:34:34,51255.05,51255.55,45,51260.3,30,15,2360520
BANKNIFTY-I.NFO,11/09/2024,09:34:36,51261.65,51255.05,300,51261.8,180,60,2360520
BANKNIFTY-I.NFO,11/09/2024,09:34:37,51255.05,51255.05,240,51259.3,150,60,2360520
BANKNIFTY-I.NFO,11/09/2024,09:34:39,51255.05,51255.05,225,51260,150,90,2360520
BANKNIFTY-I.NFO,11/09/2024,09:34:41,51252.35,51252,15,51255.95,225,255,2360520
BANKNIFTY-I.NFO,11/09/2024,09:34:42,51255.05,51251.05,45,51255.05,135,45,2360520
BANKNIFTY-I.NFO,11/09/2024,09:34:44,51255.05,51251,15,51255.05,135,0,2360520
BANKNIFTY-I.NFO,11/09/2024,09:34:46,51255.05,51250,270,51255.05,90,60,2360520
BANKNIFTY-I.NFO,11/09/2024,09:34:47,51255.05,51251,15,51255.05,60,45,2360520
BANKNIFTY-I.NFO,11/09/2024,09:34:49,51255.05,51251,45,51255,60,0,2360520
BANKNIFTY-I.NFO,11/09/2024,09:34:50,51250.15,51250,120,51251,105,60,2360520
BANKNIFTY-I.NFO,11/09/2024,09:34:52,51250,51250,90,51251,135,30,2360520
BANKNIFTY-I.NFO,11/09/2024,09:34:54,51250,51250,45,51251,120,60,2360520
BANKNIFTY-I.NFO,11/09/2024,09:34:55,51250,51250,60,51251,120,0,2360520
BANKNIFTY-I.NFO,11/09/2024,09:34:57,51251,51250,60,51251,105,15,2360520
BANKNIFTY-I.NFO,11/09/2024,09:34:59,51250,51249,60,51251,105,75,2360520
BANKNIFTY-I.NFO,11/09/2024,09:35:00,51250,51250,90,51251,105,0,2360520
BANKNIFTY-I.NFO,11/09/2024,09:35:02,51250,51249,60,51250,75,105,2360520
BANKNIFTY-I.NFO,11/09/2024,09:35:04,51250,51249,60,51250,150,0,2360520
BANKNIFTY-I.NFO,11/09/2024,09:35:05,51249,51249,15,51250,150,45,2360520
BANKNIFTY-I.NFO,11/09/2024,09:35:07,51250,51249,15,51249.9,30,45,2360520
BANKNIFTY-I.NFO,11/09/2024,09:35:09,51250,51249.05,120,51249.85,105,0,2360520
BANKNIFTY-I.NFO,11/09/2024,09:35:10,51255.05,51257.45,120,51260,30,570,2360520
BANKNIFTY-I.NFO,11/09/2024,09:35:12,51273.35,51261.55,120,51271.15,15,960,2360520
BANKNIFTY-I.NFO,11/09/2024,09:35:14,51261.1,51259.35,15,51268.9,15,15,2360520
BANKNIFTY-I.NFO,11/09/2024,09:35:15,51270.15,51259.7,120,51270.15,15,15,2360520
BANKNIFTY-I.NFO,11/09/2024,09:35:17,51259.75,51259.75,120,51270.05,15,45,2360520
BANKNIFTY-I.NFO,11/09/2024,09:35:19,51265,51259.45,120,51265,30,15,2360520
BANKNIFTY-I.NFO,11/09/2024,09:35:20,51265,51259.75,15,51265,30,0,2360520
BANKNIFTY-I.NFO,11/09/2024,09:35:22,51259.75,51259.4,15,51269.7,15,105,2360520
BANKNIFTY-I.NFO,11/09/2024,09:35:24,51259.45,51260.05,15,51268.15,30,30,2360520
BANKNIFTY-I.NFO,11/09/2024,09:35:25,51254.15,51255.55,120,51260,4485,90,2360520
BANKNIFTY-I.NFO,11/09/2024,09:35:27,51260,51257.5,120,51260,3570,1005,2360520
BANKNIFTY-I.NFO,11/09/2024,09:35:29,51265,51266.4,15,51275,15,3780,2360520
BANKNIFTY-I.NFO,11/09/2024,09:35:30,51266.25,51268.8,15,51275,15,150,2360520
BANKNIFTY-I.NFO,11/09/2024,09:35:32,51262.45,51263.25,15,51268.8,15,195,2360520
BANKNIFTY-I.NFO,11/09/2024,09:35:34,51263.25,51255.55,45,51265.65,15,15,2360520
BANKNIFTY-I.NFO,11/09/2024,09:35:35,51265.65,51260.95,30,51271.15,15,15,2360520
BANKNIFTY-I.NFO,11/09/2024,09:35:37,51260,51260.1,15,51270.05,15,210,2360520
BANKNIFTY-I.NFO,11/09/2024,09:35:39,51260.45,51263.25,30,51265,240,15,2360520
BANKNIFTY-I.NFO,11/09/2024,09:35:40,51263.25,51263.25,15,51265,255,15,2360520
BANKNIFTY-I.NFO,11/09/2024,09:35:42,51263.25,51263.25,15,51264.8,15,0,2360520
BANKNIFTY-I.NFO,11/09/2024,09:35:43,51263.25,51263.25,15,51264.8,30,0,2360520
BANKNIFTY-I.NFO,11/09/2024,09:35:45,51263.25,51263.25,15,51264.75,30,0,2360520
BANKNIFTY-I.NFO,11/09/2024,09:35:47,51263.25,51262.45,15,51265,210,105,2360520
BANKNIFTY-I.NFO,11/09/2024,09:35:48,51265,51257.45,15,51264.9,75,60,2360520
BANKNIFTY-I.NFO,11/09/2024,09:35:50,51265,51261.4,15,51264.9,135,0,2360520
BANKNIFTY-I.NFO,11/09/2024,09:35:52,51265,51262.15,75,51264.85,60,0,2360520
BANKNIFTY-I.NFO,11/09/2024,09:35:53,51264.85,51261.95,75,51264.8,45,15,2360520
BANKNIFTY-I.NFO,11/09/2024,09:35:55,51263.1,51263.6,75,51264,15,15,2360520
BANKNIFTY-I.NFO,11/09/2024,09:35:57,51264,51262.05,60,51264,30,165,2360520
BANKNIFTY-I.NFO,11/09/2024,09:35:58,51263.05,51261.55,60,51263.05,15,15,2360520
BANKNIFTY-I.NFO,11/09/2024,09:36:00,51263.15,51263.6,75,51264.9,75,120,2360520
BANKNIFTY-I.NFO,11/09/2024,09:36:02,51270,51263.05,60,51263.6,15,285,2360520
BANKNIFTY-I.NFO,11/09/2024,09:36:03,51270,51264.75,45,51270,105,45,2360520
BANKNIFTY-I.NFO,11/09/2024,09:36:05,51275,51272.75,30,51276,15,240,2360520
BANKNIFTY-I.NFO,11/09/2024,09:36:07,51267.2,51266.85,75,51274.45,45,30,2360520
BANKNIFTY-I.NFO,11/09/2024,09:36:08,51264.65,51266.35,60,51274,75,60,2360520
BANKNIFTY-I.NFO,11/09/2024,09:36:10,51274,51273.05,75,51274,15,75,2360520
BANKNIFTY-I.NFO,11/09/2024,09:36:12,51280,51273.85,90,51280,90,285,2360520
BANKNIFTY-I.NFO,11/09/2024,09:36:13,51276.45,51278.55,75,51280,90,15,2360520
BANKNIFTY-I.NFO,11/09/2024,09:36:15,51288,51281.3,75,51288.95,120,660,2360520
BANKNIFTY-I.NFO,11/09/2024,09:36:17,51281.95,51282.25,90,51289,30,45,2360520
BANKNIFTY-I.NFO,11/09/2024,09:36:18,51277.7,51271.15,15,51280.75,120,135,2360520
BANKNIFTY-I.NFO,11/09/2024,09:36:20,51281.15,51273.05,15,51281.15,120,135,2360520
BANKNIFTY-I.NFO,11/09/2024,09:36:22,51281.15,51271.45,15,51281.05,120,30,2360520
BANKNIFTY-I.NFO,11/09/2024,09:36:23,51278.55,51268.45,75,51277.85,120,120,2360520
BANKNIFTY-I.NFO,11/09/2024,09:36:25,51273.9,51265.7,105,51275.95,120,45,2360520
BANKNIFTY-I.NFO,11/09/2024,09:36:27,51275.4,51270,120,51276.45,15,120,2360520
BANKNIFTY-I.NFO,11/09/2024,09:36:28,51273.1,51270,105,51273,15,60,2360520
BANKNIFTY-I.NFO,11/09/2024,09:36:30,51270,51270,45,51273.05,75,75,2360520
BANKNIFTY-I.NFO,11/09/2024,09:36:32,51270,51266.65,60,51270,15,45,2360520
BANKNIFTY-I.NFO,11/09/2024,09:36:33,51266.65,51266.65,45,51272.25,15,15,2360520
BANKNIFTY-I.NFO,11/09/2024,09:36:35,51273.05,51264.4,135,51273.05,60,165,2360520
BANKNIFTY-I.NFO,11/09/2024,09:36:37,51273.05,51265,15,51266.65,45,0,2360520
BANKNIFTY-I.NFO,11/09/2024,09:36:38,51273.05,51267.1,120,51273.05,45,75,2362365
BANKNIFTY-I.NFO,11/09/2024,09:36:40,51270,51266,120,51273.05,45,30,2362365
BANKNIFTY-I.NFO,11/09/2024,09:36:42,51275.8,51275,15,51282.05,15,525,2362365
BANKNIFTY-I.NFO,11/09/2024,09:36:43,51274.25,51274.05,105,51284.05,120,330,2362365
BANKNIFTY-I.NFO,11/09/2024,09:36:45,51274.25,51275.4,15,51283.1,15,0,2362365
BANKNIFTY-I.NFO,11/09/2024,09:36:47,51274.25,51275.4,15,51283.45,15,0,2362365
BANKNIFTY-I.NFO,11/09/2024,09:36:48,51280,51276.95,120,51284.95,105,150,2362365
BANKNIFTY-I.NFO,11/09/2024,09:36:50,51280,51281.85,45,51284.95,105,1500,2362365
BANKNIFTY-I.NFO,11/09/2024,09:36:52,51283.35,51283.05,75,51286,150,195,2362365
BANKNIFTY-I.NFO,11/09/2024,09:36:53,51285.25,51285.05,90,51290,60,225,2362365
BANKNIFTY-I.NFO,11/09/2024,09:36:55,51286.75,51286.3,150,51289.95,30,15,2362365
BANKNIFTY-I.NFO,11/09/2024,09:36:57,51289.55,51280.95,75,51289,15,195,2362365
BANKNIFTY-I.NFO,11/09/2024,09:36:58,51284.95,51286.75,15,51289,30,15,2362365
BANKNIFTY-I.NFO,11/09/2024,09:37:00,51284.95,51288.3,150,51289,30,0,2362365
BANKNIFTY-I.NFO,11/09/2024,09:37:02,51290,51290,75,51296,330,165,2362365
BANKNIFTY-I.NFO,11/09/2024,09:37:03,51295.2,51289,45,51294.6,90,90,2362365
BANKNIFTY-I.NFO,11/09/2024,09:37:05,51286.75,51286.05,150,51289,1065,90,2362365
BANKNIFTY-I.NFO,11/09/2024,09:37:07,51285.65,51284.95,15,51289,840,255,2362365
BANKNIFTY-I.NFO,11/09/2024,09:37:08,51289,51288.55,150,51289,120,825,2362365
BANKNIFTY-I.NFO,11/09/2024,09:37:10,51290,51287.7,60,51296.85,15,720,2362365
BANKNIFTY-I.NFO,11/09/2024,09:37:12,51289,51285.65,75,51289,90,210,2362365
BANKNIFTY-I.NFO,11/09/2024,09:37:13,51289,51285.65,90,51289,45,45,2362365
BANKNIFTY-I.NFO,11/09/2024,09:37:15,51295.7,51285.8,15,51294.6,15,75,2362365
BANKNIFTY-I.NFO,11/09/2024,09:37:16,51292.05,51285.65,90,51291.6,45,30,2362365
BANKNIFTY-I.NFO,11/09/2024,09:37:18,51284.95,51283,60,51288.95,90,330,2362365
BANKNIFTY-I.NFO,11/09/2024,09:37:20,51293.25,51282.05,15,51288.95,15,285,2362365
BANKNIFTY-I.NFO,11/09/2024,09:37:21,51288.95,51288.95,90,51290,15,120,2362365
BANKNIFTY-I.NFO,11/09/2024,09:37:23,51296.95,51289,15,51296.95,15,210,2362365
BANKNIFTY-I.NFO,11/09/2024,09:37:25,51296.95,51293.3,210,51298.35,15,210,2362365
BANKNIFTY-I.NFO,11/09/2024,09:37:26,51295,51293.3,195,51296,15,30,2362365
BANKNIFTY-I.NFO,11/09/2024,09:37:28,51296,51293.3,180,51298,15,90,2362365
BANKNIFTY-I.NFO,11/09/2024,09:37:30,51299,51293.3,150,51299,345,135,2362365
BANKNIFTY-I.NFO,11/09/2024,09:37:31,51299,51293.3,150,51299,315,30,2362365
BANKNIFTY-I.NFO,11/09/2024,09:37:33,51299,51293.3,150,51299,285,45,2362365
BANKNIFTY-I.NFO,11/09/2024,09:37:35,51299,51291.75,150,51299,45,420,2362365
BANKNIFTY-I.NFO,11/09/2024,09:37:36,51296.35,51290,195,51298.65,45,45,2362365
BANKNIFTY-I.NFO,11/09/2024,09:37:38,51297.3,51290,195,51298.65,30,120,2362365
BANKNIFTY-I.NFO,11/09/2024,09:37:40,51298.3,51290,195,51296.5,15,60,2362365
BANKNIFTY-I.NFO,11/09/2024,09:37:41,51290,51290,150,51296.5,15,90,2362365
BANKNIFTY-I.NFO,11/09/2024,09:37:43,51293.3,51290,15,51295.7,30,240,2362365
BANKNIFTY-I.NFO,11/09/2024,09:37:45,51282,51283.95,45,51292.3,30,1200,2362365
BANKNIFTY-I.NFO,11/09/2024,09:37:46,51282,51285.6,45,51290,15,0,2362365
BANKNIFTY-I.NFO,11/09/2024,09:37:48,51297.9,51288.15,45,51298,45,45,2362365
BANKNIFTY-I.NFO,11/09/2024,09:37:50,51298,51290.4,45,51298,30,45,2362365
BANKNIFTY-I.NFO,11/09/2024,09:37:51,51297.85,51288.45,15,51297.85,15,195,2362365
BANKNIFTY-I.NFO,11/09/2024,09:37:53,51288.75,51289.1,15,51297.4,15,30,2362365
BANKNIFTY-I.NFO,11/09/2024,09:37:55,51290.45,51289.05,120,51297.4,15,150,2362365
BANKNIFTY-I.NFO,11/09/2024,09:37:56,51297.4,51291.7,150,51296,30,15,2362365
BANKNIFTY-I.NFO,11/09/2024,09:37:58,51297.35,51297.25,15,51297.9,60,285,2362365
BANKNIFTY-I.NFO,11/09/2024,09:38:00,51314,51310,45,51316,45,4875,2362365
BANKNIFTY-I.NFO,11/09/2024,09:38:01,51310.1,51310.1,135,51317.6,15,165,2362365
BANKNIFTY-I.NFO,11/09/2024,09:38:03,51310.8,51310.2,180,51316.6,15,15,2362365
BANKNIFTY-I.NFO,11/09/2024,09:38:05,51310.2,51310.2,60,51317.95,15,165,2362365
BANKNIFTY-I.NFO,11/09/2024,09:38:06,51310.2,51310.2,30,51314,15,45,2362365
BANKNIFTY-I.NFO,11/09/2024,09:38:08,51302.2,51303.95,60,51310.8,15,285,2362365
BANKNIFTY-I.NFO,11/09/2024,09:38:10,51308.9,51301.6,120,51310,75,930,2362365
BANKNIFTY-I.NFO,11/09/2024,09:38:11,51301.15,51301,15,51307.95,15,60,2362365
BANKNIFTY-I.NFO,11/09/2024,09:38:13,51308.2,51300,165,51309.3,15,180,2362365
BANKNIFTY-I.NFO,11/09/2024,09:38:15,51307.35,51300,165,51307.15,15,45,2362365
BANKNIFTY-I.NFO,11/09/2024,09:38:16,51307.35,51301.15,15,51305.7,15,0,2362365
BANKNIFTY-I.NFO,11/09/2024,09:38:18,51305.7,51300.15,45,51307.1,15,375,2362365
BANKNIFTY-I.NFO,11/09/2024,09:38:20,51300.85,51302.8,45,51310.9,15,1110,2362365
BANKNIFTY-I.NFO,11/09/2024,09:38:21,51310,51303.15,105,51312.4,15,195,2362365
BANKNIFTY-I.NFO,11/09/2024,09:38:23,51305,51304.45,105,51313.35,15,60,2362365
BANKNIFTY-I.NFO,11/09/2024,09:38:25,51304.45,51302.8,45,51313.15,15,120,2362365
BANKNIFTY-I.NFO,11/09/2024,09:38:26,51314.45,51302.45,15,51313.05,15,105,2362365
BANKNIFTY-I.NFO,11/09/2024,09:38:28,51312.35,51303,15,51312.85,45,195,2362365
BANKNIFTY-I.NFO,11/09/2024,09:38:29,51303.15,51303.75,90,51310,15,30,2362365
BANKNIFTY-I.NFO,11/09/2024,09:38:31,51311.05,51300.85,15,51311.1,15,1035,2362365
BANKNIFTY-I.NFO,11/09/2024,09:38:33,51312.05,51305,30,51312.05,435,915,2362365
BANKNIFTY-I.NFO,11/09/2024,09:38:34,51308,51305,45,51312.05,420,45,2362365
BANKNIFTY-I.NFO,11/09/2024,09:38:36,51310.95,51305,45,51310.95,60,15,2362365
BANKNIFTY-I.NFO,11/09/2024,09:38:38,51312,51305,15,51308,15,480,2362365
BANKNIFTY-I.NFO,11/09/2024,09:38:39,51304.45,51305,15,51308,15,135,2362365
BANKNIFTY-I.NFO,11/09/2024,09:38:41,51307.5,51300.5,15,51307.4,45,180,2362365
BANKNIFTY-I.NFO,11/09/2024,09:38:42,51307.85,51300,90,51309,75,135,2362365
BANKNIFTY-I.NFO,11/09/2024,09:38:44,51311.65,51301.75,45,51311.75,105,315,2362365
BANKNIFTY-I.NFO,11/09/2024,09:38:46,51312.05,51302.7,45,51312.05,30,915,2362365
BANKNIFTY-I.NFO,11/09/2024,09:38:48,51312.05,51304.3,45,51310,15,0,2362365
BANKNIFTY-I.NFO,11/09/2024,09:38:49,51311.75,51304.6,15,51311.75,75,30,2362365
BANKNIFTY-I.NFO,11/09/2024,09:38:51,51305.25,51304.6,15,51311.75,75,15,2362365
BANKNIFTY-I.NFO,11/09/2024,09:38:52,51309,51310.95,60,51311.75,60,105,2362365
BANKNIFTY-I.NFO,11/09/2024,09:38:54,51322,51321.25,15,51322,165,4440,2362365
BANKNIFTY-I.NFO,11/09/2024,09:38:56,51325,51324.5,15,51325,105,1065,2362365
BANKNIFTY-I.NFO,11/09/2024,09:38:57,51336,51333.8,45,51336,60,2280,2362365
BANKNIFTY-I.NFO,11/09/2024,09:38:57,51336,51333.8,45,51336,60,0,2362365
BANKNIFTY-I.NFO,11/09/2024,09:38:59,51349,51349.15,15,51350,1275,1890,2362365
BANKNIFTY-I.NFO,11/09/2024,09:38:59,51349,51349.15,15,51350,1275,0,2362365
BANKNIFTY-I.NFO,11/09/2024,09:39:01,51353.45,51354,30,51355,300,1665,2362365
BANKNIFTY-I.NFO,11/09/2024,09:39:01,51355,51354,30,51355,300,0,2362365
BANKNIFTY-I.NFO,11/09/2024,09:39:02,51368,51365.95,135,51368,15,3105,2362365
BANKNIFTY-I.NFO,11/09/2024,09:39:02,51368,51365.95,135,51368,15,0,2362365
BANKNIFTY-I.NFO,11/09/2024,09:39:04,51369.15,51360.05,15,51369,15,1095,2362365
BANKNIFTY-I.NFO,11/09/2024,09:39:04,51369.9,51360.05,15,51369,15,0,2362365
BANKNIFTY-I.NFO,11/09/2024,09:39:06,51349.15,51343,15,51354.9,120,555,2362365
BANKNIFTY-I.NFO,11/09/2024,09:39:07,51343,51343.35,15,51353.25,60,660,2362365
BANKNIFTY-I.NFO,11/09/2024,09:39:09,51342.95,51342.95,75,51349,15,255,2362365
BANKNIFTY-I.NFO,11/09/2024,09:39:11,51351.45,51342.95,60,51350.85,15,270,2362365
BANKNIFTY-I.NFO,11/09/2024,09:39:12,51348.45,51335.45,15,51348.4,30,420,2362365
BANKNIFTY-I.NFO,11/09/2024,09:39:14,51341,51335.1,15,51345.4,15,1095,2362365
BANKNIFTY-I.NFO,11/09/2024,09:39:16,51340.5,51332.1,15,51340.5,225,75,2362365
BANKNIFTY-I.NFO,11/09/2024,09:39:17,51339.9,51332.95,45,51340,60,210,2362365
BANKNIFTY-I.NFO,11/09/2024,09:39:19,51350,51346.35,45,51350,225,255,2362365
BANKNIFTY-I.NFO,11/09/2024,09:39:21,51349.95,51342.25,45,51350,180,135,2362365
BANKNIFTY-I.NFO,11/09/2024,09:39:22,51343.65,51344.2,120,51350,195,30,2362365
BANKNIFTY-I.NFO,11/09/2024,09:39:24,51349.95,51342.3,120,51349.95,195,30,2362365
BANKNIFTY-I.NFO,11/09/2024,09:39:26,51353.45,51351,15,51353.45,60,1035,2362365
BANKNIFTY-I.NFO,11/09/2024,09:39:27,51356.05,51347.55,30,51356.15,15,855,2362365
BANKNIFTY-I.NFO,11/09/2024,09:39:29,51359.35,51355.1,45,51360,195,210,2362365
BANKNIFTY-I.NFO,11/09/2024,09:39:31,51359.9,51356.15,15,51357.45,15,255,2362365
BANKNIFTY-I.NFO,11/09/2024,09:39:32,51358.9,51351,15,51352.6,15,165,2362365
BANKNIFTY-I.NFO,11/09/2024,09:39:34,51350,51346.95,15,51355.4,15,30,2362365
BANKNIFTY-I.NFO,11/09/2024,09:39:36,51357.4,51354,60,51357.4,30,120,2362365
BANKNIFTY-I.NFO,11/09/2024,09:39:37,51350,51348.2,15,51350,4110,465,2362365
BANKNIFTY-I.NFO,11/09/2024,09:39:39,51350,51348.2,15,51350,4065,45,2361945
BANKNIFTY-I.NFO,11/09/2024,09:39:41,51350,51343.9,120,51350,2925,1275,2361945
BANKNIFTY-I.NFO,11/09/2024,09:39:42,51350,51347.7,225,51350,2880,60,2361945
BANKNIFTY-I.NFO,11/09/2024,09:39:44,51350,51348.85,120,51350,1980,990,2361945
BANKNIFTY-I.NFO,11/09/2024,09:39:46,51359,51355.3,150,51359,60,2265,2361945
BANKNIFTY-I.NFO,11/09/2024,09:39:47,51365,51361.95,75,51365,390,1965,2361945
BANKNIFTY-I.NFO,11/09/2024,09:39:49,51363.1,51363.1,30,51366,15,495,2361945
BANKNIFTY-I.NFO,11/09/2024,09:39:51,51367,51365.05,75,51368,15,180,2361945
BANKNIFTY-I.NFO,11/09/2024,09:39:52,51375,51372.85,15,51375,330,1500,2361945
BANKNIFTY-I.NFO,11/09/2024,09:39:52,51375,51372.85,15,51375,330,0,2361945
BANKNIFTY-I.NFO,11/09/2024,09:39:54,51380,51379.05,75,51380,1035,1140,2361945
BANKNIFTY-I.NFO,11/09/2024,09:39:54,51380,51379.05,75,51380,1035,0,2361945
BANKNIFTY-I.NFO,11/09/2024,09:39:56,51375,51367,30,51375,15,495,2361945
BANKNIFTY-I.NFO,11/09/2024,09:39:57,51375,51367.05,15,51375.45,15,150,2361945
BANKNIFTY-I.NFO,11/09/2024,09:39:59,51373,51367.05,15,51370.4,15,195,2361945
BANKNIFTY-I.NFO,11/09/2024,09:40:01,51366.95,51365.85,30,51367.05,450,720,2361945
BANKNIFTY-I.NFO,11/09/2024,09:40:02,51367.05,51360,30,51366.75,15,405,2361945
BANKNIFTY-I.NFO,11/09/2024,09:40:04,51363.35,51362.25,15,51367.6,15,855,2361945
BANKNIFTY-I.NFO,11/09/2024,09:40:06,51370,51363.35,15,51370.75,15,660,2361945
BANKNIFTY-I.NFO,11/09/2024,09:40:07,51371,51367,15,51374,15,210,2361945
BANKNIFTY-I.NFO,11/09/2024,09:40:09,51372.85,51368.85,45,51373,45,90,2361945
BANKNIFTY-I.NFO,11/09/2024,09:40:11,51366.1,51364,15,51370,15,765,2361945
BANKNIFTY-I.NFO,11/09/2024,09:40:12,51370,51375,105,51380,885,30,2361945
BANKNIFTY-I.NFO,11/09/2024,09:40:14,51372.5,51371.05,15,51375.05,30,75,2361945
BANKNIFTY-I.NFO,11/09/2024,09:40:16,51375.1,51375.65,60,51380,915,360,2361945
BANKNIFTY-I.NFO,11/09/2024,09:40:17,51374.05,51375,15,51377.75,15,405,2361945
BANKNIFTY-I.NFO,11/09/2024,09:40:19,51380,51379.7,30,51380,450,255,2361945
BANKNIFTY-I.NFO,11/09/2024,09:40:20,51385,51381.55,75,51386,15,735,2361945
BANKNIFTY-I.NFO,11/09/2024,09:40:20,51385,51381.55,75,51386,15,0,2361945
BANKNIFTY-I.NFO,11/09/2024,09:40:22,51381.55,51386,150,51388.75,15,210,2361945
BANKNIFTY-I.NFO,11/09/2024,09:40:22,51386.7,51386,150,51388.75,15,0,2361945
BANKNIFTY-I.NFO,11/09/2024,09:40:24,51386,51386,45,51387.95,15,150,2361945
BANKNIFTY-I.NFO,11/09/2024,09:40:24,51389.9,51386,45,51387.95,15,0,2361945
BANKNIFTY-I.NFO,11/09/2024,09:40:25,51386,51381.55,15,51386,45,495,2361945
BANKNIFTY-I.NFO,11/09/2024,09:40:25,51390,51381.55,15,51386,45,0,2361945
BANKNIFTY-I.NFO,11/09/2024,09:40:27,51389.9,51389.9,45,51390,180,360,2361945
BANKNIFTY-I.NFO,11/09/2024,09:40:29,51386,51381.85,15,51391.65,30,435,2361945
BANKNIFTY-I.NFO,11/09/2024,09:40:29,51394,51381.85,15,51391.65,30,0,2361945
BANKNIFTY-I.NFO,11/09/2024,09:40:30,51386,51375.3,15,51385.95,15,795,2361945
BANKNIFTY-I.NFO,11/09/2024,09:40:32,51380.6,51375,720,51382.8,15,270,2361945
BANKNIFTY-I.NFO,11/09/2024,09:40:34,51375,51373,15,51377.8,15,780,2361945
BANKNIFTY-I.NFO,11/09/2024,09:40:35,51376.7,51370.05,15,51379.9,45,180,2361945
BANKNIFTY-I.NFO,11/09/2024,09:40:37,51375,51370.8,15,51380,90,15,2361945
BANKNIFTY-I.NFO,11/09/2024,09:40:39,51380,51370,135,51376.1,45,225,2361945
BANKNIFTY-I.NFO,11/09/2024,09:40:40,51370,51362.65,60,51370,255,285,2361945
BANKNIFTY-I.NFO,11/09/2024,09:40:42,51363.25,51362.65,45,51370,165,165,2361945
BANKNIFTY-I.NFO,11/09/2024,09:40:44,51361.85,51360,135,51369.7,15,225,2361945
BANKNIFTY-I.NFO,11/09/2024,09:40:45,51360,51360,60,51361.3,15,105,2361945
BANKNIFTY-I.NFO,11/09/2024,09:40:47,51356.65,51356.65,15,51363.3,60,135,2361945
BANKNIFTY-I.NFO,11/09/2024,09:40:49,51360,51350.55,45,51361.25,120,1365,2361945
BANKNIFTY-I.NFO,11/09/2024,09:40:50,51363.3,51360,885,51363.3,90,585,2361945
BANKNIFTY-I.NFO,11/09/2024,09:40:52,51364.95,51360,765,51364.25,300,225,2361945
BANKNIFTY-I.NFO,11/09/2024,09:40:54,51361.45,51352.5,15,51361.5,30,840,2361945
BANKNIFTY-I.NFO,11/09/2024,09:40:55,51361.45,51351.55,15,51360,135,0,2361945
BANKNIFTY-I.NFO,11/09/2024,09:40:57,51359.9,51350.5,15,51359.3,300,105,2361945
BANKNIFTY-I.NFO,11/09/2024,09:40:59,51350,51352.7,45,51360,105,90,2361945
BANKNIFTY-I.NFO,11/09/2024,09:41:01,51358.5,51356.55,45,51360,75,135,2361945
BANKNIFTY-I.NFO,11/09/2024,09:41:02,51365.95,51358.6,15,51366,105,165,2361945
BANKNIFTY-I.NFO,11/09/2024,09:41:04,51360,51353.05,15,51360.85,120,345,2361945
BANKNIFTY-I.NFO,11/09/2024,09:41:06,51354,51350,60,51356.65,120,135,2361945
BANKNIFTY-I.NFO,11/09/2024,09:41:07,51357.4,51350,45,51357.4,120,30,2361945
BANKNIFTY-I.NFO,11/09/2024,09:41:09,51350,51350,105,51354.65,15,15,2361945
BANKNIFTY-I.NFO,11/09/2024,09:41:11,51354.65,51352.3,90,51355,15,30,2361945
BANKNIFTY-I.NFO,11/09/2024,09:41:12,51355,51354.05,15,51357.4,15,165,2361945
BANKNIFTY-I.NFO,11/09/2024,09:41:14,51355.55,51352.45,15,51355,30,105,2361945
BANKNIFTY-I.NFO,11/09/2024,09:41:16,51354,51353.5,15,51358.2,15,90,2361945
BANKNIFTY-I.NFO,11/09/2024,09:41:17,51352.7,51352.6,15,51355,105,165,2361945
BANKNIFTY-I.NFO,11/09/2024,09:41:19,51350,51350,15,51355,105,150,2361945
BANKNIFTY-I.NFO,11/09/2024,09:41:20,51350.65,51350.6,15,51355,45,195,2361945
BANKNIFTY-I.NFO,11/09/2024,09:41:22,51355,51352.55,15,51355,30,75,2361945
BANKNIFTY-I.NFO,11/09/2024,09:41:24,51352.8,51353.05,15,51355,30,60,2361945
BANKNIFTY-I.NFO,11/09/2024,09:41:25,51353.05,51352.95,15,51353,90,30,2361945
BANKNIFTY-I.NFO,11/09/2024,09:41:27,51355,51355,15,51360,15,270,2361945
BANKNIFTY-I.NFO,11/09/2024,09:41:29,51353.05,51353.05,45,51360,15,45,2361945
BANKNIFTY-I.NFO,11/09/2024,09:41:30,51362,51363.45,15,51365,15,465,2361945
BANKNIFTY-I.NFO,11/09/2024,09:41:32,51368,51359.65,15,51369.4,15,150,2361945
BANKNIFTY-I.NFO,11/09/2024,09:41:33,51364,51355.05,15,51364.95,15,30,2361945
BANKNIFTY-I.NFO,11/09/2024,09:41:35,51363.9,51355.1,30,51364.3,45,180,2361945
BANKNIFTY-I.NFO,11/09/2024,09:41:37,51365.75,51356.35,45,51365.1,15,90,2361945
BANKNIFTY-I.NFO,11/09/2024,09:41:38,51365.75,51365.1,15,51368,15,0,2361945
BANKNIFTY-I.NFO,11/09/2024,09:41:40,51365.2,51367.95,15,51370,90,120,2361945
BANKNIFTY-I.NFO,11/09/2024,09:41:42,51371.1,51370.75,75,51375.1,15,225,2361945
BANKNIFTY-I.NFO,11/09/2024,09:41:43,51370.45,51368.65,45,51378.1,15,135,2361945
BANKNIFTY-I.NFO,11/09/2024,09:41:45,51374.05,51374.2,15,51375,15,285,2361945
BANKNIFTY-I.NFO,11/09/2024,09:41:47,51375.3,51375.2,15,51380,510,60,2361945
BANKNIFTY-I.NFO,11/09/2024,09:41:48,51376.25,51378.5,75,51380,450,90,2361945
BANKNIFTY-I.NFO,11/09/2024,09:41:50,51384,51381.7,30,51384,795,630,2361945
BANKNIFTY-I.NFO,11/09/2024,09:41:52,51386,51380.6,15,51387.75,15,990,2361945
BANKNIFTY-I.NFO,11/09/2024,09:41:53,51389.95,51381.65,15,51388.55,15,510,2361945
BANKNIFTY-I.NFO,11/09/2024,09:41:55,51385.6,51380,255,51385,45,60,2361945
BANKNIFTY-I.NFO,11/09/2024,09:41:57,51380,51376.25,15,51383.45,120,360,2361945
BANKNIFTY-I.NFO,11/09/2024,09:41:58,51377.75,51370.8,15,51376.25,90,255,2361945
BANKNIFTY-I.NFO,11/09/2024,09:42:00,51370.5,51368.1,15,51376.25,15,225,2361945
BANKNIFTY-I.NFO,11/09/2024,09:42:02,51381.7,51370.2,15,51380.75,15,240,2361945
BANKNIFTY-I.NFO,11/09/2024,09:42:03,51382.05,51377.75,15,51381.8,45,105,2361945
BANKNIFTY-I.NFO,11/09/2024,09:42:05,51384.75,51375,60,51380,105,195,2361945
BANKNIFTY-I.NFO,11/09/2024,09:42:07,51379.6,51375,30,51378.75,15,45,2361945
BANKNIFTY-I.NFO,11/09/2024,09:42:08,51370,51370,90,51375.8,15,210,2361945
BANKNIFTY-I.NFO,11/09/2024,09:42:10,51375.5,51370,75,51375.4,60,195,2361945
BANKNIFTY-I.NFO,11/09/2024,09:42:12,51370,51369.95,15,51374.95,15,135,2361945
BANKNIFTY-I.NFO,11/09/2024,09:42:13,51357.2,51358.4,45,51369.1,120,825,2361945
BANKNIFTY-I.NFO,11/09/2024,09:42:15,51360.6,51361.2,45,51371.85,75,195,2361945
BANKNIFTY-I.NFO,11/09/2024,09:42:16,51360.8,51362.6,15,51372.15,90,15,2361945
BANKNIFTY-I.NFO,11/09/2024,09:42:18,51364.35,51362.95,15,51373.75,45,60,2361945
BANKNIFTY-I.NFO,11/09/2024,09:42:20,51357.85,51357.9,15,51367.65,60,135,2361945
BANKNIFTY-I.NFO,11/09/2024,09:42:21,51363,51360.3,120,51369.95,75,30,2361945
BANKNIFTY-I.NFO,11/09/2024,09:42:23,51368.6,51360.3,30,51368.6,45,15,2361945
BANKNIFTY-I.NFO,11/09/2024,09:42:25,51355.15,51355,225,51358.85,15,60,2361945
BANKNIFTY-I.NFO,11/09/2024,09:42:26,51355,51355,210,51357.3,45,60,2361945
BANKNIFTY-I.NFO,11/09/2024,09:42:28,51355,51354.65,15,51358.85,90,225,2361945
BANKNIFTY-I.NFO,11/09/2024,09:42:30,51358.85,51355,15,51358.9,75,30,2361945
BANKNIFTY-I.NFO,11/09/2024,09:42:31,51356.3,51351.85,45,51354.65,90,75,2361945
BANKNIFTY-I.NFO,11/09/2024,09:42:33,51354.65,51352.5,90,51358.9,60,225,2361945
BANKNIFTY-I.NFO,11/09/2024,09:42:35,51360,51357.85,135,51360,45,165,2361945
BANKNIFTY-I.NFO,11/09/2024,09:42:36,51355.1,51358.6,45,51359,15,30,2361945
BANKNIFTY-I.NFO,11/09/2024,09:42:38,51360.6,51359.25,15,51359.35,15,75,2366850
BANKNIFTY-I.NFO,11/09/2024,09:42:40,51360.1,51360.4,135,51364,75,90,2366850
BANKNIFTY-I.NFO,11/09/2024,09:42:41,51366.25,51366.5,15,51372.65,15,465,2366850
BANKNIFTY-I.NFO,11/09/2024,09:42:43,51375,51366.75,75,51375,135,30,2366850
BANKNIFTY-I.NFO,11/09/2024,09:42:45,51375,51362.6,15,51371.85,15,0,2366850
BANKNIFTY-I.NFO,11/09/2024,09:42:46,51367,51368.35,15,51375,135,75,2366850
BANKNIFTY-I.NFO,11/09/2024,09:42:48,51367,51366.55,15,51368.45,15,0,2366850
BANKNIFTY-I.NFO,11/09/2024,09:42:50,51368.35,51368.95,15,51375,210,210,2366850
BANKNIFTY-I.NFO,11/09/2024,09:42:51,51368.45,51367.55,15,51368.95,75,90,2366850
BANKNIFTY-I.NFO,11/09/2024,09:42:53,51375,51368.75,15,51375,390,120,2366850
BANKNIFTY-I.NFO,11/09/2024,09:42:55,51375,51372.4,15,51375,405,0,2366850
BANKNIFTY-I.NFO,11/09/2024,09:42:56,51372.65,51373.45,15,51378.6,15,4080,2366850
BANKNIFTY-I.NFO,11/09/2024,09:42:58,51380.35,51380.5,15,51384,15,555,2366850
BANKNIFTY-I.NFO,11/09/2024,09:43:00,51390,51388.95,60,51392,105,1860,2366850
BANKNIFTY-I.NFO,11/09/2024,09:43:01,51397.15,51393,150,51395.8,15,2010,2366850
BANKNIFTY-I.NFO,11/09/2024,09:43:01,51399,51393,150,51395.8,15,0,2366850
BANKNIFTY-I.NFO,11/09/2024,09:43:03,51390.05,51384.35,120,51394.05,15,510,2366850
BANKNIFTY-I.NFO,11/09/2024,09:43:05,51398.95,51394.05,15,51398.55,30,360,2366850
BANKNIFTY-I.NFO,11/09/2024,09:43:06,51398.95,51397.05,15,51399,45,330,2366850
BANKNIFTY-I.NFO,11/09/2024,09:43:08,51392.45,51392.8,15,51399.05,15,1230,2366850
BANKNIFTY-I.NFO,11/09/2024,09:43:10,51389.95,51390.35,15,51393.05,15,15,2366850
BANKNIFTY-I.NFO,11/09/2024,09:43:11,51391.3,51392.7,15,51397.05,120,1245,2366850
BANKNIFTY-I.NFO,11/09/2024,09:43:13,51395.7,51395.5,90,51397.05,120,75,2366850
BANKNIFTY-I.NFO,11/09/2024,09:43:15,51397.05,51394.3,15,51397.05,30,135,2366850
BANKNIFTY-I.NFO,11/09/2024,09:43:16,51398.95,51394.3,30,51399.05,15,45,2366850
BANKNIFTY-I.NFO,11/09/2024,09:43:18,51389.8,51391.45,15,51399.25,120,330,2366850
BANKNIFTY-I.NFO,11/09/2024,09:43:18,51399.5,51391.45,15,51399.25,120,0,2366850
BANKNIFTY-I.NFO,11/09/2024,09:43:20,51399.25,51389.95,300,51398.3,15,165,2366850
BANKNIFTY-I.NFO,11/09/2024,09:43:21,51390.8,51393,75,51399,15,3915,2366850
BANKNIFTY-I.NFO,11/09/2024,09:43:23,51399,51392.2,15,51399.3,15,60,2366850
BANKNIFTY-I.NFO,11/09/2024,09:43:25,51398,51392.25,240,51398,120,90,2366850
BANKNIFTY-I.NFO,11/09/2024,09:43:26,51398,51394.35,225,51398,45,75,2366850
BANKNIFTY-I.NFO,11/09/2024,09:43:28,51404.2,51404.2,120,51405,90,2610,2366850
BANKNIFTY-I.NFO,11/09/2024,09:43:28,51405,51404.2,120,51405,90,0,2366850
BANKNIFTY-I.NFO,11/09/2024,09:43:30,51404.25,51404.25,105,51405,15,210,2366850
BANKNIFTY-I.NFO,11/09/2024,09:43:31,51415,51415,45,51420.4,75,3705,2366850
BANKNIFTY-I.NFO,11/09/2024,09:43:31,51425.25,51415,45,51420.4,75,0,2366850
BANKNIFTY-I.NFO,11/09/2024,09:43:33,51404.2,51404.2,180,51409.75,15,510,2366850
BANKNIFTY-I.NFO,11/09/2024,09:43:35,51403.15,51400,30,51404.15,15,240,2366850
BANKNIFTY-I.NFO,11/09/2024,09:43:36,51394.7,51395.75,60,51399,240,495,2366850
BANKNIFTY-I.NFO,11/09/2024,09:43:38,51396.65,51390.7,15,51394.65,60,120,2366850
BANKNIFTY-I.NFO,11/09/2024,09:43:40,51388.2,51391.7,75,51397.15,15,750,2366850
BANKNIFTY-I.NFO,11/09/2024,09:43:41,51395.45,51389.6,30,51395.45,90,180,2366850
BANKNIFTY-I.NFO,11/09/2024,09:43:43,51390.9,51389.45,15,51395.4,45,60,2366850
BANKNIFTY-I.NFO,11/09/2024,09:43:45,51389.45,51385.75,45,51391.3,30,375,2366850
BANKNIFTY-I.NFO,11/09/2024,09:43:46,51380.1,51381.1,45,51389.75,15,105,2366850
BANKNIFTY-I.NFO,11/09/2024,09:43:48,51385.8,51385.15,15,51390.2,105,90,2366850
BANKNIFTY-I.NFO,11/09/2024,09:43:50,51386.5,51382.6,120,51390,90,15,2366850
BANKNIFTY-I.NFO,11/09/2024,09:43:51,51380.9,51382.7,75,51390,90,135,2366850
BANKNIFTY-I.NFO,11/09/2024,09:43:53,51390,51385.85,15,51390,75,45,2366850
BANKNIFTY-I.NFO,11/09/2024,09:43:55,51393.1,51394.3,90,51395,165,615,2366850
BANKNIFTY-I.NFO,11/09/2024,09:43:56,51400,51396.55,15,51400,60,285,2366850
BANKNIFTY-I.NFO,11/09/2024,09:43:58,51396.55,51396.55,45,51400,60,60,2366850
BANKNIFTY-I.NFO,11/09/2024,09:44:00,51400,51396.55,30,51400,60,120,2366850
BANKNIFTY-I.NFO,11/09/2024,09:44:01,51399.5,51396.55,30,51397.25,15,480,2366850
BANKNIFTY-I.NFO,11/09/2024,09:44:03,51393.3,51394.15,15,51400,15,480,2366850
BANKNIFTY-I.NFO,11/09/2024,09:44:05,51392.05,51394.65,15,51402.4,15,30,2366850
BANKNIFTY-I.NFO,11/09/2024,09:44:06,51400,51394.55,15,51400,45,105,2366850
BANKNIFTY-I.NFO,11/09/2024,09:44:08,51401.85,51397.25,30,51401.9,15,225,2366850
BANKNIFTY-I.NFO,11/09/2024,09:44:10,51397.25,51397.25,15,51401.6,15,60,2366850
BANKNIFTY-I.NFO,11/09/2024,09:44:11,51400.75,51394.3,15,51400.85,15,135,2366850
BANKNIFTY-I.NFO,11/09/2024,09:44:13,51395.65,51395.65,15,51404.2,15,120,2366850
BANKNIFTY-I.NFO,11/09/2024,09:44:15,51394,51393.65,15,51394.7,15,30,2366850
BANKNIFTY-I.NFO,11/09/2024,09:44:16,51400.25,51401.45,15,51404.25,105,180,2366850
BANKNIFTY-I.NFO,11/09/2024,09:44:18,51397.05,51393.95,135,51403.55,15,60,2366850
BANKNIFTY-I.NFO,11/09/2024,09:44:20,51400.1,51395.55,15,51400.55,15,195,2366850
BANKNIFTY-I.NFO,11/09/2024,09:44:21,51403.55,51400.25,15,51403.85,45,90,2366850
BANKNIFTY-I.NFO,11/09/2024,09:44:23,51400.55,51395,405,51400.35,15,45,2366850
BANKNIFTY-I.NFO,11/09/2024,09:44:25,51395,51395,240,51400.25,120,180,2366850
BANKNIFTY-I.NFO,11/09/2024,09:44:26,51403.4,51395,270,51402.9,120,45,2366850
BANKNIFTY-I.NFO,11/09/2024,09:44:28,51395.5,51396.45,60,51404.25,15,30,2366850
BANKNIFTY-I.NFO,11/09/2024,09:44:30,51400,51398.25,15,51400,420,75,2366850
BANKNIFTY-I.NFO,11/09/2024,09:44:31,51400,51401.2,75,51403.4,15,495,2366850
BANKNIFTY-I.NFO,11/09/2024,09:44:33,51405.05,51404.7,30,51410,60,225,2366850
BANKNIFTY-I.NFO,11/09/2024,09:44:35,51400.25,51404.7,30,51410,15,135,2366850
BANKNIFTY-I.NFO,11/09/2024,09:44:36,51405.05,51403.4,15,51405.05,45,300,2366850
BANKNIFTY-I.NFO,11/09/2024,09:44:38,51400,51400,60,51405.05,15,240,2366850
BANKNIFTY-I.NFO,11/09/2024,09:44:40,51409.15,51400.25,15,51405.05,15,135,2366850
BANKNIFTY-I.NFO,11/09/2024,09:44:41,51410,51400.95,120,51411.05,15,225,2366850
BANKNIFTY-I.NFO,11/09/2024,09:44:43,51400.05,51400.9,120,51406,15,90,2366850
BANKNIFTY-I.NFO,11/09/2024,09:44:45,51400,51400,30,51407.1,15,570,2366850
BANKNIFTY-I.NFO,11/09/2024,09:44:46,51400,51405.05,90,51410.6,15,0,2366850
BANKNIFTY-I.NFO,11/09/2024,09:44:48,51405.05,51402.6,15,51413.35,15,90,2366850
BANKNIFTY-I.NFO,11/09/2024,09:44:50,51408.75,51412.05,120,51420,240,90,2366850
BANKNIFTY-I.NFO,11/09/2024,09:44:51,51408.8,51408.3,15,51418.1,15,165,2366850
BANKNIFTY-I.NFO,11/09/2024,09:44:53,51407.5,51407,15,51416.8,15,45,2366850
BANKNIFTY-I.NFO,11/09/2024,09:44:55,51400.15,51403.95,45,51408.75,30,675,2366850
BANKNIFTY-I.NFO,11/09/2024,09:44:56,51419.1,51409.25,45,51419.1,15,330,2366850
BANKNIFTY-I.NFO,11/09/2024,09:44:58,51420,51410.2,15,51419.85,15,360,2366850
BANKNIFTY-I.NFO,11/09/2024,09:45:00,51411.5,51410.55,15,51419.95,15,270,2366850
BANKNIFTY-I.NFO,11/09/2024,09:45:01,51417.45,51414.6,15,51425.65,15,705,2366850
BANKNIFTY-I.NFO,11/09/2024,09:45:03,51419.75,51419.05,30,51420,15,240,2366850
BANKNIFTY-I.NFO,11/09/2024,09:45:05,51411.5,51412.4,15,51420,15,585,2366850
BANKNIFTY-I.NFO,11/09/2024,09:45:06,51420,51414.6,90,51421.35,45,165,2366850
BANKNIFTY-I.NFO,11/09/2024,09:45:08,51411.55,51411.55,15,51415,45,165,2366850
BANKNIFTY-I.NFO,11/09/2024,09:45:10,51408.4,51407.35,120,51417.65,60,480,2366850
BANKNIFTY-I.NFO,11/09/2024,09:45:11,51422.35,51413.4,15,51419,15,900,2366850
BANKNIFTY-I.NFO,11/09/2024,09:45:13,51413.4,51415.05,120,51419,15,180,2366850
BANKNIFTY-I.NFO,11/09/2024,09:45:15,51424.95,51417.1,15,51424.95,45,10230,2366850
BANKNIFTY-I.NFO,11/09/2024,09:45:16,51421.1,51418.7,45,51424.95,45,375,2366850
BANKNIFTY-I.NFO,11/09/2024,09:45:18,51431,51431,120,51435.15,45,2835,2366850
BANKNIFTY-I.NFO,11/09/2024,09:45:18,51438.6,51431,120,51435.15,45,0,2366850
BANKNIFTY-I.NFO,11/09/2024,09:45:20,51424,51425.8,15,51435,15,405,2366850
BANKNIFTY-I.NFO,11/09/2024,09:45:21,51437.45,51425.4,45,51435.85,15,480,2366850
BANKNIFTY-I.NFO,11/09/2024,09:45:23,51425.4,51425.4,15,51435.15,15,450,2366850
BANKNIFTY-I.NFO,11/09/2024,09:45:25,51425,51424,15,51433.85,45,315,2366850
BANKNIFTY-I.NFO,11/09/2024,09:45:26,51428.95,51424,30,51431.25,15,90,2366850
BANKNIFTY-I.NFO,11/09/2024,09:45:28,51430,51424,30,51429.35,150,195,2366850
BANKNIFTY-I.NFO,11/09/2024,09:45:30,51430.9,51424,15,51428.95,15,135,2366850
BANKNIFTY-I.NFO,11/09/2024,09:45:31,51429.7,51424,30,51432.25,15,120,2366850
BANKNIFTY-I.NFO,11/09/2024,09:45:33,51413.55,51414.2,30,51416.8,15,855,2366850
BANKNIFTY-I.NFO,11/09/2024,09:45:35,51418.5,51410,60,51417.85,45,60,2366850
BANKNIFTY-I.NFO,11/09/2024,09:45:36,51415.55,51411,60,51413.55,15,30,2366850
BANKNIFTY-I.NFO,11/09/2024,09:45:38,51410,51410,30,51418.4,120,150,2369415
BANKNIFTY-I.NFO,11/09/2024,09:45:40,51410,51410.8,90,51420,45,75,2369415
BANKNIFTY-I.NFO,11/09/2024,09:45:41,51414.45,51410.8,75,51415,45,90,2369415
BANKNIFTY-I.NFO,11/09/2024,09:45:43,51410.8,51410.8,60,51418.35,120,135,2369415
BANKNIFTY-I.NFO,11/09/2024,09:45:45,51410.8,51410.8,75,51417.35,120,45,2369415
BANKNIFTY-I.NFO,11/09/2024,09:45:46,51410.8,51410.8,45,51416.1,120,30,2369415
BANKNIFTY-I.NFO,11/09/2024,09:45:48,51407.45,51403.95,15,51407.35,45,345,2369415
BANKNIFTY-I.NFO,11/09/2024,09:45:50,51403.95,51403.95,15,51410.5,120,330,2369415
BANKNIFTY-I.NFO,11/09/2024,09:45:51,51408.4,51397.3,15,51407.9,120,315,2369415
BANKNIFTY-I.NFO,11/09/2024,09:45:53,51404.6,51395,885,51402.05,45,90,2369415
BANKNIFTY-I.NFO,11/09/2024,09:45:55,51401.1,51395,885,51402.35,120,15,2369415
BANKNIFTY-I.NFO,11/09/2024,09:45:56,51402.2,51395.15,15,51404.65,120,30,2369415
BANKNIFTY-I.NFO,11/09/2024,09:45:58,51395,51395,765,51399,60,240,2369415
BANKNIFTY-I.NFO,11/09/2024,09:46:00,51401.8,51400,15,51402.55,120,330,2369415
BANKNIFTY-I.NFO,11/09/2024,09:46:01,51401.2,51395,585,51400.35,150,150,2369415
BANKNIFTY-I.NFO,11/09/2024,09:46:03,51395.2,51390.1,15,51395.5,15,855,2369415
BANKNIFTY-I.NFO,11/09/2024,09:46:05,51390,51390,60,51396.75,150,420,2369415
BANKNIFTY-I.NFO,11/09/2024,09:46:06,51390.45,51390,45,51395.55,45,30,2369415
BANKNIFTY-I.NFO,11/09/2024,09:46:08,51390,51388.85,120,51390,270,255,2369415
BANKNIFTY-I.NFO,11/09/2024,09:46:10,51390.55,51391.1,120,51400,45,300,2369415
BANKNIFTY-I.NFO,11/09/2024,09:46:11,51391,51388.35,60,51397.8,150,90,2369415
BANKNIFTY-I.NFO,11/09/2024,09:46:13,51391,51391,15,51399.85,120,105,2369415
BANKNIFTY-I.NFO,11/09/2024,09:46:15,51391,51395.45,15,51400,135,0,2369415
BANKNIFTY-I.NFO,11/09/2024,09:46:16,51391.4,51391.4,90,51400.85,15,195,2369415
BANKNIFTY-I.NFO,11/09/2024,09:46:18,51401.25,51401.35,15,51407.45,120,75,2369415
BANKNIFTY-I.NFO,11/09/2024,09:46:20,51400,51396.9,15,51406.95,15,240,2369415
BANKNIFTY-I.NFO,11/09/2024,09:46:21,51398.75,51400,15,51406.95,15,45,2369415
BANKNIFTY-I.NFO,11/09/2024,09:46:23,51402.45,51404.6,15,51406.95,15,30,2369415
BANKNIFTY-I.NFO,11/09/2024,09:46:25,51402.85,51398.95,15,51402.85,15,75,2369415
BANKNIFTY-I.NFO,11/09/2024,09:46:26,51410.8,51400.8,15,51410.8,135,180,2369415
BANKNIFTY-I.NFO,11/09/2024,09:46:28,51404.6,51400.65,15,51404.6,90,135,2369415
BANKNIFTY-I.NFO,11/09/2024,09:46:30,51412.4,51404.65,120,51413.7,15,345,2369415
BANKNIFTY-I.NFO,11/09/2024,09:46:31,51409.65,51409.65,105,51413.3,15,15,2369415
BANKNIFTY-I.NFO,11/09/2024,09:46:33,51408.25,51408.2,15,51417.6,120,255,2369415
BANKNIFTY-I.NFO,11/09/2024,09:46:35,51416.25,51407.1,15,51417.3,45,315,2369415
BANKNIFTY-I.NFO,11/09/2024,09:46:36,51413.35,51410,1650,51418.3,60,75,2369415
BANKNIFTY-I.NFO,11/09/2024,09:46:38,51416.7,51414.2,75,51416.2,105,750,2369415
BANKNIFTY-I.NFO,11/09/2024,09:46:40,51415.65,51410,1365,51414.3,15,300,2369415
BANKNIFTY-I.NFO,11/09/2024,09:46:41,51404.6,51402.95,15,51404.45,15,1830,2369415
BANKNIFTY-I.NFO,11/09/2024,09:46:43,51408.45,51400,30,51407.55,15,930,2369415
BANKNIFTY-I.NFO,11/09/2024,09:46:45,51407.75,51400.2,45,51408.2,60,30,2369415
BANKNIFTY-I.NFO,11/09/2024,09:46:46,51408.2,51404.25,45,51408.25,15,60,2369415
BANKNIFTY-I.NFO,11/09/2024,09:46:48,51407.9,51401,30,51406.5,15,450,2369415
BANKNIFTY-I.NFO,11/09/2024,09:46:50,51399.2,51396.55,15,51400.45,15,150,2369415
BANKNIFTY-I.NFO,11/09/2024,09:46:51,51399,51396.55,30,51398.85,105,90,2369415
BANKNIFTY-I.NFO,11/09/2024,09:46:53,51400.3,51396,45,51401,30,90,2369415
BANKNIFTY-I.NFO,11/09/2024,09:46:55,51400.75,51400,300,51401,30,15,2369415
BANKNIFTY-I.NFO,11/09/2024,09:46:56,51395.45,51395,315,51395.45,225,555,2369415
BANKNIFTY-I.NFO,11/09/2024,09:46:58,51395.45,51395,240,51395.45,75,255,2369415
BANKNIFTY-I.NFO,11/09/2024,09:47:00,51395,51395.25,45,51396.25,15,165,2369415
BANKNIFTY-I.NFO,11/09/2024,09:47:01,51400,51397.7,15,51400,495,330,2369415
BANKNIFTY-I.NFO,11/09/2024,09:47:03,51400,51399.5,120,51406,45,600,2369415
BANKNIFTY-I.NFO,11/09/2024,09:47:05,51400.4,51397.65,120,51401.6,30,75,2369415
BANKNIFTY-I.NFO,11/09/2024,09:47:06,51397.7,51398.2,120,51401.6,15,180,2369415
BANKNIFTY-I.NFO,11/09/2024,09:47:08,51401.55,51401.55,120,51406,15,75,2369415
BANKNIFTY-I.NFO,11/09/2024,09:47:10,51408,51404.4,120,51409.3,15,90,2369415
BANKNIFTY-I.NFO,11/09/2024,09:47:11,51410,51410,1890,51414.85,15,330,2369415
BANKNIFTY-I.NFO,11/09/2024,09:47:13,51410,51410,1710,51414,15,180,2369415
BANKNIFTY-I.NFO,11/09/2024,09:47:15,51412.45,51412.45,30,51414,15,30,2369415
BANKNIFTY-I.NFO,11/09/2024,09:47:16,51410.1,51412.45,15,51417.4,15,1950,2369415
BANKNIFTY-I.NFO,11/09/2024,09:47:18,51418.85,51411.9,45,51419.95,15,135,2369415
BANKNIFTY-I.NFO,11/09/2024,09:47:20,51417.4,51414,15,51415,15,15,2369415
BANKNIFTY-I.NFO,11/09/2024,09:47:21,51414.6,51414.55,30,51415,15,45,2369415
BANKNIFTY-I.NFO,11/09/2024,09:47:23,51419,51415.05,15,51419,90,30,2369415
BANKNIFTY-I.NFO,11/09/2024,09:47:25,51414.6,51413.2,30,51418.85,15,105,2369415
BANKNIFTY-I.NFO,11/09/2024,09:47:26,51412.45,51412.45,120,51417.1,15,60,2369415
BANKNIFTY-I.NFO,11/09/2024,09:47:28,51417.9,51412.45,120,51417.4,15,30,2369415
BANKNIFTY-I.NFO,11/09/2024,09:47:30,51419,51414.8,135,51419,60,30,2369415
BANKNIFTY-I.NFO,11/09/2024,09:47:31,51418.95,51416.8,15,51419,60,15,2369415
BANKNIFTY-I.NFO,11/09/2024,09:47:33,51418.95,51416.85,15,51419,60,0,2369415
BANKNIFTY-I.NFO,11/09/2024,09:47:34,51418.1,51417.9,120,51420.15,15,1410,2369415
BANKNIFTY-I.NFO,11/09/2024,09:47:36,51419.65,51416.7,15,51418.25,15,150,2369415
BANKNIFTY-I.NFO,11/09/2024,09:47:38,51416.7,51416.65,45,51416.8,15,30,2369415
BANKNIFTY-I.NFO,11/09/2024,09:47:39,51412.45,51412.45,90,51415,15,120,2369415
BANKNIFTY-I.NFO,11/09/2024,09:47:41,51408.6,51402.3,15,51408.4,15,285,2369415
BANKNIFTY-I.NFO,11/09/2024,09:47:43,51401.55,51400,90,51403.3,15,60,2369415
BANKNIFTY-I.NFO,11/09/2024,09:47:44,51395,51395,120,51402.65,15,210,2369415
BANKNIFTY-I.NFO,11/09/2024,09:47:46,51404.45,51397.6,15,51405.4,15,60,2369415
BANKNIFTY-I.NFO,11/09/2024,09:47:48,51395,51391.65,30,51395,30,240,2369415
BANKNIFTY-I.NFO,11/09/2024,09:47:50,51393.35,51391.65,30,51395,30,30,2369415
BANKNIFTY-I.NFO,11/09/2024,09:47:51,51390.55,51387,30,51392.65,45,285,2369415
BANKNIFTY-I.NFO,11/09/2024,09:47:53,51387.05,51387,45,51392.6,15,135,2369415
BANKNIFTY-I.NFO,11/09/2024,09:47:55,51385,51385,285,51390,30,120,2369415
BANKNIFTY-I.NFO,11/09/2024,09:47:56,51385,51385.45,15,51387,120,75,2369415
BANKNIFTY-I.NFO,11/09/2024,09:47:58,51387.5,51387.6,120,51390,30,300,2369415
BANKNIFTY-I.NFO,11/09/2024,09:48:00,51387.65,51389.1,15,51390,30,15,2369415
BANKNIFTY-I.NFO,11/09/2024,09:48:01,51393.35,51389.1,15,51393.4,15,90,2369415
BANKNIFTY-I.NFO,11/09/2024,09:48:03,51389.8,51395,15,51395.75,15,300,2369415
BANKNIFTY-I.NFO,11/09/2024,09:48:05,51389.8,51395.05,30,51395.75,15,0,2369415
BANKNIFTY-I.NFO,11/09/2024,09:48:06,51389.8,51395.05,60,51395.75,90,0,2369415
BANKNIFTY-I.NFO,11/09/2024,09:48:08,51389.85,51389.3,15,51395.05,60,135,2369415
BANKNIFTY-I.NFO,11/09/2024,09:48:10,51388.5,51389.5,45,51395.05,45,75,2369415
BANKNIFTY-I.NFO,11/09/2024,09:48:11,51397.55,51390.6,15,51398.65,15,195,2369415
BANKNIFTY-I.NFO,11/09/2024,09:48:13,51394.65,51390.6,75,51398.3,30,15,2369415
BANKNIFTY-I.NFO,11/09/2024,09:48:15,51390.6,51390.55,30,51397.45,15,450,2369415
BANKNIFTY-I.NFO,11/09/2024,09:48:16,51395.4,51390.55,30,51393.75,165,90,2369415
BANKNIFTY-I.NFO,11/09/2024,09:48:18,51398.45,51390.7,15,51396.75,90,600,2369415
BANKNIFTY-I.NFO,11/09/2024,09:48:20,51394,51393.35,120,51395,105,15,2369415
BANKNIFTY-I.NFO,11/09/2024,09:48:21,51394.25,51394.7,15,51395.4,15,135,2369415
BANKNIFTY-I.NFO,11/09/2024,09:48:23,51395.4,51395.9,15,51399,15,15,2369415
BANKNIFTY-I.NFO,11/09/2024,09:48:25,51391.4,51391.8,120,51394.7,150,165,2369415
BANKNIFTY-I.NFO,11/09/2024,09:48:26,51394.7,51391.8,15,51394.7,165,30,2369415
BANKNIFTY-I.NFO,11/09/2024,09:48:28,51393.35,51393.25,15,51394.7,135,45,2369415
BANKNIFTY-I.NFO,11/09/2024,09:48:30,51394,51392,15,51394.7,135,30,2369415
BANKNIFTY-I.NFO,11/09/2024,09:48:31,51394.7,51392,15,51394.7,60,90,2369415
BANKNIFTY-I.NFO,11/09/2024,09:48:33,51392,51391.25,45,51393.35,300,15,2369415
BANKNIFTY-I.NFO,11/09/2024,09:48:35,51393.35,51388.55,45,51393.35,285,105,2369415
BANKNIFTY-I.NFO,11/09/2024,09:48:36,51400,51398.95,15,51404,15,750,2369415
BANKNIFTY-I.NFO,11/09/2024,09:48:38,51400.15,51394.65,15,51402.95,120,45,2369415
BANKNIFTY-I.NFO,11/09/2024,09:48:40,51388.75,51396.25,30,51404,15,735,2370630
BANKNIFTY-I.NFO,11/09/2024,09:48:41,51397.7,51395.7,150,51404,15,60,2370630
BANKNIFTY-I.NFO,11/09/2024,09:48:43,51405.3,51397,45,51406.3,15,120,2370630
BANKNIFTY-I.NFO,11/09/2024,09:48:45,51396.45,51397.05,15,51400,45,30,2370630
BANKNIFTY-I.NFO,11/09/2024,09:48:46,51398,51398,15,51405,45,75,2370630
BANKNIFTY-I.NFO,11/09/2024,09:48:48,51401.55,51398,45,51405,45,30,2370630
BANKNIFTY-I.NFO,11/09/2024,09:48:50,51396.35,51398,15,51400,75,255,2370630
BANKNIFTY-I.NFO,11/09/2024,09:48:51,51396.35,51398.1,30,51400,75,0,2370630
BANKNIFTY-I.NFO,11/09/2024,09:48:53,51396.35,51398.15,15,51400,75,0,2370630
BANKNIFTY-I.NFO,11/09/2024,09:48:55,51400,51398.3,30,51400,60,15,2370630
BANKNIFTY-I.NFO,11/09/2024,09:48:56,51403.65,51403.65,15,51409.95,15,180,2370630
BANKNIFTY-I.NFO,11/09/2024,09:48:58,51403.65,51403.65,15,51410,75,60,2370630
BANKNIFTY-I.NFO,11/09/2024,09:49:00,51410,51408.8,15,51410,15,60,2370630
BANKNIFTY-I.NFO,11/09/2024,09:49:01,51408.8,51408.8,30,51410,15,15,2370630
BANKNIFTY-I.NFO,11/09/2024,09:49:03,51403.65,51402.9,15,51406.6,15,90,2370630
BANKNIFTY-I.NFO,11/09/2024,09:49:05,51406.5,51399,15,51406.6,120,75,2370630
BANKNIFTY-I.NFO,11/09/2024,09:49:06,51404.55,51399,15,51404.55,105,30,2370630
BANKNIFTY-I.NFO,11/09/2024,09:49:08,51398.1,51398.15,15,51403.65,105,105,2370630
BANKNIFTY-I.NFO,11/09/2024,09:49:10,51401.5,51398.1,15,51401.1,75,45,2370630
BANKNIFTY-I.NFO,11/09/2024,09:49:11,51401.5,51398.1,15,51400.1,15,0,2370630
BANKNIFTY-I.NFO,11/09/2024,09:49:13,51401.5,51397,15,51401.5,75,330,2370630
