Ticker,Date,Time,LTP,BuyPrice,BuyQty,SellPrice,SellQty,LTQ,OpenInterest
NIFTY-III.NFO,19/05/2025,09:15:02,25310.1,25281.9,75,25298.5,150,675,434100
NIFTY-III.NFO,19/05/2025,09:15:02,25300,25281.9,75,25298.5,150,0,434100
NIFTY-III.NFO,19/05/2025,09:15:02,25310.1,25281.9,75,25298.5,150,0,434100
NIFTY-III.NFO,19/05/2025,09:15:02,25300,25281.9,75,25298.5,150,0,434100
NIFTY-III.NFO,19/05/2025,09:15:03,25296.8,25280.1,75,25295.5,150,75,434100
NIFTY-III.NFO,19/05/2025,09:15:03,25296.8,25280.1,75,25295.5,150,0,434100
NIFTY-III.NFO,19/05/2025,09:15:05,25296.4,25280.1,75,25293.6,75,375,434100
NIFTY-III.NFO,19/05/2025,09:15:05,25295.5,25280.1,75,25293.6,75,0,434100
NIFTY-III.NFO,19/05/2025,09:15:06,25296,25283.6,75,25291.9,75,75,434100
NIFTY-III.NFO,19/05/2025,09:15:08,25290.2,25280.1,75,25287.7,75,75,434100
NIFTY-III.NFO,19/05/2025,09:15:08,25290.2,25280.1,75,25287.7,75,0,434100
NIFTY-III.NFO,19/05/2025,09:15:09,25280,25268,75,25282.7,75,375,434100
NIFTY-III.NFO,19/05/2025,09:15:09,25280,25268,75,25282.7,75,0,434100
NIFTY-III.NFO,19/05/2025,09:15:11,25286.4,25267.2,75,25278.4,75,1650,434100
NIFTY-III.NFO,19/05/2025,09:15:11,25279.8,25267.2,75,25278.4,75,0,434100
NIFTY-III.NFO,19/05/2025,09:15:12,25286.4,25275,75,25279.3,75,0,434100
NIFTY-III.NFO,19/05/2025,09:15:14,25286.4,25275,75,25282.1,75,0,434100
NIFTY-III.NFO,19/05/2025,09:15:15,25281.3,25275,75,25280.3,375,75,434100
NIFTY-III.NFO,19/05/2025,09:15:17,25281.3,25275,75,25281.2,375,0,434100
NIFTY-III.NFO,19/05/2025,09:15:18,25281.3,25275.5,75,25287.4,375,0,434100
NIFTY-III.NFO,19/05/2025,09:15:20,25281.3,25275.1,75,25283.5,375,0,434100
NIFTY-III.NFO,19/05/2025,09:15:22,25281.3,25275.1,75,25284.4,375,0,434100
NIFTY-III.NFO,19/05/2025,09:15:23,25281.3,25275,75,25282.8,75,0,434100
NIFTY-III.NFO,19/05/2025,09:15:25,25281.3,25275,75,25283.6,75,0,434100
NIFTY-III.NFO,19/05/2025,09:15:26,25286.4,25275.1,75,25283.5,75,150,434100
NIFTY-III.NFO,19/05/2025,09:15:28,25286.4,25275.1,75,25284.2,75,0,434100
NIFTY-III.NFO,19/05/2025,09:15:30,25286.4,25275.1,75,25282.9,75,0,434100
NIFTY-III.NFO,19/05/2025,09:15:31,25286.4,25275.1,75,25283.9,150,0,434100
NIFTY-III.NFO,19/05/2025,09:15:33,25283.9,25275.1,75,25283.1,75,150,435225
NIFTY-III.NFO,19/05/2025,09:15:35,25283.9,25275.1,75,25284.3,75,0,435225
NIFTY-III.NFO,19/05/2025,09:15:36,25283.9,25276.9,75,25286.7,75,0,435225
NIFTY-III.NFO,19/05/2025,09:15:38,25283.9,25276.3,75,25285.6,150,0,435225
NIFTY-III.NFO,19/05/2025,09:15:39,25283.7,25276.1,150,25283.4,75,150,435225
NIFTY-III.NFO,19/05/2025,09:15:41,25283.7,25276,150,25280.2,75,0,435225
NIFTY-III.NFO,19/05/2025,09:15:43,25283.7,25276,150,25279,150,0,435225
NIFTY-III.NFO,19/05/2025,09:15:44,25283.7,25276,150,25279.9,75,0,435225
NIFTY-III.NFO,19/05/2025,09:15:46,25276,25276,75,25277.8,75,375,435225
NIFTY-III.NFO,19/05/2025,09:15:46,25276,25276,75,25277.8,75,0,435225
NIFTY-III.NFO,19/05/2025,09:15:48,25275,25266.2,150,25273.6,75,225,435225
NIFTY-III.NFO,19/05/2025,09:15:48,25275,25266.2,150,25273.6,75,0,435225
NIFTY-III.NFO,19/05/2025,09:15:49,25274.8,25264.8,525,25272.8,75,150,435225
NIFTY-III.NFO,19/05/2025,09:15:49,25274.4,25264.8,525,25272.8,75,0,435225
NIFTY-III.NFO,19/05/2025,09:15:51,25274.8,25267.3,450,25276.5,75,0,435225
NIFTY-III.NFO,19/05/2025,09:15:52,25274.8,25266.5,75,25275.7,75,0,435225
NIFTY-III.NFO,19/05/2025,09:15:54,25274.8,25265.4,525,25274.5,150,0,435225
NIFTY-III.NFO,19/05/2025,09:15:56,25274.8,25268.9,75,25278.2,225,0,435225
NIFTY-III.NFO,19/05/2025,09:15:57,25274.8,25273.7,75,25283.1,75,0,435225
NIFTY-III.NFO,19/05/2025,09:15:59,25274.8,25274.8,75,25281.6,225,0,435225
NIFTY-III.NFO,19/05/2025,09:16:01,25274.8,25279.3,75,25290,150,0,435225
NIFTY-III.NFO,19/05/2025,09:16:02,25274.8,25287.1,75,25297.8,225,0,435225
NIFTY-III.NFO,19/05/2025,09:16:04,25287.3,25287.9,75,25296.5,75,75,435225
NIFTY-III.NFO,19/05/2025,09:16:06,25287.3,25287.8,75,25298.7,150,0,435225
NIFTY-III.NFO,19/05/2025,09:16:07,25288.6,25290.8,75,25299.5,150,150,435225
NIFTY-III.NFO,19/05/2025,09:16:09,25288.6,25289.7,450,25299.7,150,0,435225
NIFTY-III.NFO,19/05/2025,09:16:10,25288.6,25292.1,75,25300,600,0,435225
NIFTY-III.NFO,19/05/2025,09:16:12,25288.6,25288,75,25297.1,525,0,435225
NIFTY-III.NFO,19/05/2025,09:16:14,25288.6,25288.8,75,25298.2,525,0,435225
NIFTY-III.NFO,19/05/2025,09:16:15,25295.7,25286.5,75,25295.5,150,150,435225
NIFTY-III.NFO,19/05/2025,09:16:17,25294.6,25285.7,75,25295.1,150,750,435225
NIFTY-III.NFO,19/05/2025,09:16:19,25294.6,25284.1,75,25294.5,150,0,435225
NIFTY-III.NFO,19/05/2025,09:16:20,25297.8,25287.9,75,25296.8,375,75,435225
NIFTY-III.NFO,19/05/2025,09:16:22,25297.8,25288.9,75,25298.4,150,0,435225
NIFTY-III.NFO,19/05/2025,09:16:23,25297.8,25287.2,75,25296.3,375,0,435225
NIFTY-III.NFO,19/05/2025,09:16:25,25297.8,25289.6,75,25297.7,75,0,435225
NIFTY-III.NFO,19/05/2025,09:16:27,25297.8,25290.1,150,25298.9,150,0,435225
NIFTY-III.NFO,19/05/2025,09:16:28,25297.8,25289.4,150,25298.1,150,75,435225
NIFTY-III.NFO,19/05/2025,09:16:30,25297.8,25289.9,75,25298.6,150,0,435225
NIFTY-III.NFO,19/05/2025,09:16:32,25297.8,25287.2,150,25295,150,0,435225
NIFTY-III.NFO,19/05/2025,09:16:33,25297.8,25288.2,450,25297.7,75,0,435225
NIFTY-III.NFO,19/05/2025,09:16:35,25297.8,25297,525,25297.7,75,0,435225
NIFTY-III.NFO,19/05/2025,09:16:36,25297.8,25297,525,25299,75,0,435225
NIFTY-III.NFO,19/05/2025,09:16:38,25297,25297,450,25299,75,75,435225
NIFTY-III.NFO,19/05/2025,09:16:40,25297,25297,375,25299,75,75,435225
NIFTY-III.NFO,19/05/2025,09:16:41,25300,25292.6,75,25300,600,375,435225
NIFTY-III.NFO,19/05/2025,09:16:43,25300,25285.8,150,25294.4,300,0,435225
NIFTY-III.NFO,19/05/2025,09:16:45,25300,25286,75,25295.7,300,0,435225
NIFTY-III.NFO,19/05/2025,09:16:46,25300,25285.6,75,25295.4,300,0,435225
NIFTY-III.NFO,19/05/2025,09:16:48,25300,25284.8,150,25293.4,300,0,435225
NIFTY-III.NFO,19/05/2025,09:16:50,25300,25289,75,25297.4,150,0,435225
NIFTY-III.NFO,19/05/2025,09:16:51,25300,25289.6,75,25298.6,300,0,435225
NIFTY-III.NFO,19/05/2025,09:16:53,25300,25288.1,75,25298.4,300,0,435225
NIFTY-III.NFO,19/05/2025,09:16:54,25300,25291.1,150,25298.8,300,0,435225
NIFTY-III.NFO,19/05/2025,09:16:56,25299.4,25290.2,150,25299.5,300,75,435225
NIFTY-III.NFO,19/05/2025,09:16:58,25299,25290.2,150,25299.4,300,75,435225
NIFTY-III.NFO,19/05/2025,09:16:59,25299,25290.7,75,25299.5,150,0,435225
NIFTY-III.NFO,19/05/2025,09:17:01,25299,25299,75,25300,525,0,435225
NIFTY-III.NFO,19/05/2025,09:17:03,25299,25295.1,75,25300,525,75,435225
NIFTY-III.NFO,19/05/2025,09:17:06,25300,25300.1,150,25309.5,75,525,435225
NIFTY-III.NFO,19/05/2025,09:17:08,25300,25302.3,75,25305,75,0,435225
NIFTY-III.NFO,19/05/2025,09:17:09,25300,25300.3,150,25305,75,0,435225
NIFTY-III.NFO,19/05/2025,09:17:11,25300,25300.7,150,25305,75,0,435225
NIFTY-III.NFO,19/05/2025,09:17:13,25305,25304.7,150,25311,75,75,435225
NIFTY-III.NFO,19/05/2025,09:17:14,25305,25303.7,75,25311,75,0,435225
NIFTY-III.NFO,19/05/2025,09:17:16,25305,25303.8,75,25311,75,0,435225
NIFTY-III.NFO,19/05/2025,09:17:18,25305,25306.9,150,25311,75,0,435225
NIFTY-III.NFO,19/05/2025,09:17:19,25311,25306.8,75,25315.6,300,75,435225
NIFTY-III.NFO,19/05/2025,09:17:19,25311,25306.8,75,25315.6,300,0,435225
NIFTY-III.NFO,19/05/2025,09:17:21,25309.6,25309.7,75,25318.3,150,150,435225
NIFTY-III.NFO,19/05/2025,09:17:22,25309.6,25307.5,75,25311,300,0,435225
NIFTY-III.NFO,19/05/2025,09:17:24,25309.6,25309.7,75,25311,300,0,435225
NIFTY-III.NFO,19/05/2025,09:17:27,25311,25309.7,75,25317.2,75,300,435225
NIFTY-III.NFO,19/05/2025,09:17:29,25311,25310.6,75,25320.1,150,0,435225
NIFTY-III.NFO,19/05/2025,09:17:31,25311,25310.4,150,25318.1,150,0,435225
NIFTY-III.NFO,19/05/2025,09:17:32,25311,25311.1,75,25320.5,225,0,435225
NIFTY-III.NFO,19/05/2025,09:17:34,25311,25311.6,75,25320.6,150,0,435225
NIFTY-III.NFO,19/05/2025,09:17:35,25311,25309.8,75,25319.2,75,0,435225
NIFTY-III.NFO,19/05/2025,09:17:37,25311,25311,300,25320,300,0,435225
NIFTY-III.NFO,19/05/2025,09:17:39,25311,25311.1,150,25318.9,75,0,435225
NIFTY-III.NFO,19/05/2025,09:17:40,25311,25312.6,75,25320.5,150,0,435225
NIFTY-III.NFO,19/05/2025,09:17:44,25311,25311,300,25319,75,0,435225
NIFTY-III.NFO,19/05/2025,09:17:45,25311,25311.2,75,25320.5,150,0,435225
NIFTY-III.NFO,19/05/2025,09:17:47,25320.7,25311.5,150,25320.6,225,450,435225
NIFTY-III.NFO,19/05/2025,09:17:47,25320.7,25311.5,150,25320.6,225,0,435225
NIFTY-III.NFO,19/05/2025,09:17:49,25320.7,25312.6,150,25321.5,75,0,435225
NIFTY-III.NFO,19/05/2025,09:17:50,25320.7,25315.8,450,25325.9,75,0,435225
NIFTY-III.NFO,19/05/2025,09:17:52,25324,25312.2,150,25319.9,150,150,435225
NIFTY-III.NFO,19/05/2025,09:17:52,25324,25312.2,150,25319.9,150,0,435225
NIFTY-III.NFO,19/05/2025,09:17:53,25324,25317.3,150,25324.3,75,0,435225
NIFTY-III.NFO,19/05/2025,09:17:55,25324,25316.5,150,25324.3,150,0,435225
NIFTY-III.NFO,19/05/2025,09:17:57,25324.3,25315.6,150,25323,75,75,435225
NIFTY-III.NFO,19/05/2025,09:17:57,25324.3,25315.6,150,25323,75,0,435225
NIFTY-III.NFO,19/05/2025,09:17:58,25324.3,25312.3,75,25322,150,0,435225
NIFTY-III.NFO,19/05/2025,09:18:00,25324.3,25311,300,25319.1,150,0,435225
NIFTY-III.NFO,19/05/2025,09:18:02,25324.3,25313.3,75,25323,75,0,435225
NIFTY-III.NFO,19/05/2025,09:18:03,25324.3,25311,300,25319.6,75,0,435225
NIFTY-III.NFO,19/05/2025,09:18:05,25324.3,25313.4,150,25322.2,150,0,435225
NIFTY-III.NFO,19/05/2025,09:18:06,25324.3,25313.9,75,25321.5,75,0,435225
NIFTY-III.NFO,19/05/2025,09:18:08,25324.3,25312.6,150,25320.7,150,0,435225
NIFTY-III.NFO,19/05/2025,09:18:10,25324.3,25313.2,150,25320.7,75,0,435225
NIFTY-III.NFO,19/05/2025,09:18:11,25324.3,25314.4,150,25322.1,75,0,435225
NIFTY-III.NFO,19/05/2025,09:18:13,25324.3,25314.4,150,25324,75,0,435225
NIFTY-III.NFO,19/05/2025,09:18:15,25324.3,25317.2,150,25324,75,0,435225
NIFTY-III.NFO,19/05/2025,09:18:16,25324.3,25320,150,25324,75,0,435225
NIFTY-III.NFO,19/05/2025,09:18:18,25324.3,25324.4,75,25330,150,150,435225
NIFTY-III.NFO,19/05/2025,09:18:19,25324.3,25324.3,75,25330,150,0,435225
NIFTY-III.NFO,19/05/2025,09:18:21,25324.3,25324.4,75,25330,150,0,435225
NIFTY-III.NFO,19/05/2025,09:18:23,25324.3,25324.3,75,25329.8,150,0,435225
NIFTY-III.NFO,19/05/2025,09:18:24,25324.3,25324.4,150,25330,150,0,435225
NIFTY-III.NFO,19/05/2025,09:18:26,25324.3,25324.4,75,25330,150,0,435225
NIFTY-III.NFO,19/05/2025,09:18:28,25324.3,25325.4,75,25330,150,0,435225
NIFTY-III.NFO,19/05/2025,09:18:29,25324.3,25327.2,75,25330,150,0,435225
NIFTY-III.NFO,19/05/2025,09:18:34,25330,25327.2,150,25334,75,150,437625
NIFTY-III.NFO,19/05/2025,09:18:34,25330,25327.2,150,25334,75,0,437625
NIFTY-III.NFO,19/05/2025,09:18:36,25330,25331.3,150,25334,75,0,437625
NIFTY-III.NFO,19/05/2025,09:18:38,25330,25331.3,75,25334,75,0,437625
NIFTY-III.NFO,19/05/2025,09:18:39,25334,25334.3,75,25343.4,75,75,437625
NIFTY-III.NFO,19/05/2025,09:18:39,25334,25334.3,75,25343.4,75,0,437625
NIFTY-III.NFO,19/05/2025,09:18:41,25334,25335.3,150,25345.8,150,0,437625
NIFTY-III.NFO,19/05/2025,09:18:44,25334,25334.4,150,25345.6,375,0,437625
NIFTY-III.NFO,19/05/2025,09:18:46,25334,25336.7,75,25346.1,75,0,437625
NIFTY-III.NFO,19/05/2025,09:18:48,25347.8,25337.6,75,25349.2,75,75,437625
NIFTY-III.NFO,19/05/2025,09:18:48,25347.8,25337.6,75,25349.2,75,0,437625
NIFTY-III.NFO,19/05/2025,09:18:49,25347.8,25339.7,75,25349,150,0,437625
NIFTY-III.NFO,19/05/2025,09:18:51,25347.8,25338.5,75,25348.2,75,75,437625
NIFTY-III.NFO,19/05/2025,09:18:53,25337.7,25337.7,75,25346.6,75,75,437625
NIFTY-III.NFO,19/05/2025,09:18:54,25347.7,25338.1,150,25348.3,75,75,437625
NIFTY-III.NFO,19/05/2025,09:18:56,25347.7,25338.2,150,25349.1,150,0,437625
NIFTY-III.NFO,19/05/2025,09:18:58,25347.8,25336.6,150,25347.9,75,75,437625
NIFTY-III.NFO,19/05/2025,09:18:59,25347.8,25335,75,25344.5,150,0,437625
NIFTY-III.NFO,19/05/2025,09:19:01,25347.8,25335,75,25340.7,150,0,437625
NIFTY-III.NFO,19/05/2025,09:19:03,25347.8,25335,75,25341.2,150,0,437625
NIFTY-III.NFO,19/05/2025,09:19:04,25347.8,25335,75,25339.9,150,0,437625
NIFTY-III.NFO,19/05/2025,09:19:06,25335,25326.9,75,25336.5,75,75,437625
NIFTY-III.NFO,19/05/2025,09:19:08,25335,25325.2,150,25334.9,150,0,437625
NIFTY-III.NFO,19/05/2025,09:19:09,25335,25324.5,75,25334.8,150,0,437625
NIFTY-III.NFO,19/05/2025,09:19:11,25335,25326.8,150,25333.3,75,0,437625
NIFTY-III.NFO,19/05/2025,09:19:13,25335,25326.8,525,25342.2,375,0,437625
NIFTY-III.NFO,19/05/2025,09:19:14,25335,25328.6,150,25338.6,150,0,437625
NIFTY-III.NFO,19/05/2025,09:19:16,25335,25329.7,75,25338,75,0,437625
NIFTY-III.NFO,19/05/2025,09:19:18,25335,25328.6,150,25339.9,75,0,437625
NIFTY-III.NFO,19/05/2025,09:19:19,25335,25328.6,150,25338.2,150,0,437625
NIFTY-III.NFO,19/05/2025,09:19:21,25335,25338,75,25339.1,375,0,437625
NIFTY-III.NFO,19/05/2025,09:19:23,25338,25327.8,150,25336.7,75,75,437625
NIFTY-III.NFO,19/05/2025,09:19:25,25338,25325.2,75,25334.9,75,0,437625
NIFTY-III.NFO,19/05/2025,09:19:26,25338,25325.2,75,25333.5,75,0,437625
NIFTY-III.NFO,19/05/2025,09:19:28,25338,25324.4,75,25333.5,375,0,437625
NIFTY-III.NFO,19/05/2025,09:19:30,25338,25324.4,150,25333.1,75,0,437625
NIFTY-III.NFO,19/05/2025,09:19:31,25334.3,25324.6,150,25334.3,375,75,437625
NIFTY-III.NFO,19/05/2025,09:19:33,25334.3,25324.6,150,25333.8,75,0,437625
NIFTY-III.NFO,19/05/2025,09:19:35,25334.3,25324.3,75,25332.7,150,0,437625
NIFTY-III.NFO,19/05/2025,09:19:36,25334.3,25325,75,25332,375,0,437625
NIFTY-III.NFO,19/05/2025,09:19:38,25334.3,25325,75,25330.9,450,0,437625
NIFTY-III.NFO,19/05/2025,09:19:40,25325,25324.3,75,25329.8,450,75,437625
NIFTY-III.NFO,19/05/2025,09:19:41,25324.3,25320.8,150,25330.3,75,75,437625
NIFTY-III.NFO,19/05/2025,09:19:43,25324.3,25319.1,150,25328.4,525,0,437625
NIFTY-III.NFO,19/05/2025,09:19:45,25324.3,25315.8,150,25326.2,150,0,437625
NIFTY-III.NFO,19/05/2025,09:19:46,25324.3,25315.9,75,25326.8,75,0,437625
NIFTY-III.NFO,19/05/2025,09:19:48,25324.3,25318.1,150,25326.8,75,0,437625
NIFTY-III.NFO,19/05/2025,09:19:50,25324.3,25318,150,25326.4,150,0,437625
NIFTY-III.NFO,19/05/2025,09:19:51,25324.3,25316.4,150,25326.5,150,0,437625
NIFTY-III.NFO,19/05/2025,09:19:53,25325.4,25316.4,150,25326.8,75,75,437625
NIFTY-III.NFO,19/05/2025,09:19:55,25325.4,25317.8,150,25324.3,75,0,437625
NIFTY-III.NFO,19/05/2025,09:19:56,25325.4,25318.2,75,25324.3,75,0,437625
NIFTY-III.NFO,19/05/2025,09:19:58,25325.4,25316.5,150,25324.3,75,0,437625
NIFTY-III.NFO,19/05/2025,09:20:01,25325.4,25316.6,75,25324.3,75,0,437625
NIFTY-III.NFO,19/05/2025,09:20:03,25324.3,25323.8,150,25325.4,75,75,437625
NIFTY-III.NFO,19/05/2025,09:20:05,25325.4,25326.7,150,25333.4,75,75,437625
NIFTY-III.NFO,19/05/2025,09:20:06,25325.4,25324.6,150,25334.3,150,0,437625
NIFTY-III.NFO,19/05/2025,09:20:08,25325.4,25322.7,75,25333.1,75,0,437625
NIFTY-III.NFO,19/05/2025,09:20:10,25325.4,25324.8,150,25334.2,300,0,437625
NIFTY-III.NFO,19/05/2025,09:20:11,25325.4,25324.8,150,25334.2,150,0,437625
NIFTY-III.NFO,19/05/2025,09:20:13,25325.4,25323.5,150,25334.2,225,0,437625
NIFTY-III.NFO,19/05/2025,09:20:15,25334.2,25321.9,75,25334.3,75,150,437625
NIFTY-III.NFO,19/05/2025,09:20:16,25334.2,25323.4,75,25334.2,75,0,437625
NIFTY-III.NFO,19/05/2025,09:20:18,25334.2,25323,75,25334.2,75,0,437625
NIFTY-III.NFO,19/05/2025,09:20:19,25334.2,25326.8,75,25335.3,75,0,437625
NIFTY-III.NFO,19/05/2025,09:20:21,25334.2,25327.6,75,25336.3,75,0,437625
NIFTY-III.NFO,19/05/2025,09:20:23,25334.2,25326.1,150,25336.3,75,0,437625
NIFTY-III.NFO,19/05/2025,09:20:24,25334.2,25334.2,75,25336.2,75,0,437625
NIFTY-III.NFO,19/05/2025,09:20:26,25334.2,25326.6,150,25336.2,75,75,437625
NIFTY-III.NFO,19/05/2025,09:20:28,25334.2,25334.2,75,25338.4,75,0,437625
NIFTY-III.NFO,19/05/2025,09:20:29,25334.2,25334.3,75,25340,75,0,437625
NIFTY-III.NFO,19/05/2025,09:20:31,25334.2,25334.2,75,25340,75,0,437625
NIFTY-III.NFO,19/05/2025,09:20:41,25334.2,25331.7,75,25334.2,75,75,437625
NIFTY-III.NFO,19/05/2025,09:20:43,25334.2,25330.8,150,25334.2,75,0,437625
NIFTY-III.NFO,19/05/2025,09:20:44,25334.2,25328.7,75,25334.2,75,0,437625
NIFTY-III.NFO,19/05/2025,09:20:46,25334.2,25325.6,150,25334.2,75,0,437625
NIFTY-III.NFO,19/05/2025,09:20:48,25334.2,25325.6,75,25334.2,75,0,437625
NIFTY-III.NFO,19/05/2025,09:20:49,25334.2,25323.7,150,25334.2,75,0,437625
NIFTY-III.NFO,19/05/2025,09:20:51,25323.8,25324,75,25335.4,75,75,437625
NIFTY-III.NFO,19/05/2025,09:20:53,25323.8,25321.9,150,25332.9,75,0,437625
NIFTY-III.NFO,19/05/2025,09:20:54,25323.8,25310.5,75,25322.3,75,0,437625
NIFTY-III.NFO,19/05/2025,09:20:56,25323.8,25309.6,150,25319,75,0,437625
NIFTY-III.NFO,19/05/2025,09:20:58,25323.8,25309.7,150,25321.1,75,0,437625
NIFTY-III.NFO,19/05/2025,09:20:59,25323.8,25309.8,75,25320,75,0,437625
NIFTY-III.NFO,19/05/2025,09:21:01,25323.8,25309.8,75,25321.5,75,0,437625
NIFTY-III.NFO,19/05/2025,09:21:03,25323.8,25311.2,150,25321.5,75,0,437625
NIFTY-III.NFO,19/05/2025,09:21:06,25323.8,25309.6,75,25318.2,75,0,437625
NIFTY-III.NFO,19/05/2025,09:21:08,25323.8,25309.6,75,25315.2,75,0,437625
NIFTY-III.NFO,19/05/2025,09:21:09,25323.8,25309.6,75,25315,75,0,437625
NIFTY-III.NFO,19/05/2025,09:21:11,25309.6,25301,75,25311.6,75,75,437625
NIFTY-III.NFO,19/05/2025,09:21:13,25309.6,25300,525,25307.9,75,0,437625
NIFTY-III.NFO,19/05/2025,09:21:14,25309.6,25300.8,75,25314.3,75,0,437625
NIFTY-III.NFO,19/05/2025,09:21:16,25309.6,25304.7,75,25316.6,150,0,437625
NIFTY-III.NFO,19/05/2025,09:21:18,25309.6,25306.9,75,25316.8,75,0,437625
NIFTY-III.NFO,19/05/2025,09:21:19,25309.6,25306.9,75,25318.8,75,0,437625
NIFTY-III.NFO,19/05/2025,09:21:21,25309.6,25306.9,75,25318.8,450,0,437625
NIFTY-III.NFO,19/05/2025,09:21:23,25308.5,25309.7,75,25319.7,75,75,437625
NIFTY-III.NFO,19/05/2025,09:21:24,25308.5,25309.7,75,25319.6,75,0,437625
NIFTY-III.NFO,19/05/2025,09:21:26,25308.5,25310,75,25319.6,75,0,437625
NIFTY-III.NFO,19/05/2025,09:21:28,25308.5,25308.9,75,25318.3,75,0,437625
NIFTY-III.NFO,19/05/2025,09:21:29,25308.5,25306.9,75,25317.3,225,0,437625
NIFTY-III.NFO,19/05/2025,09:21:31,25308.5,25307.1,75,25318.3,75,0,437625
NIFTY-III.NFO,19/05/2025,09:21:33,25308.5,25308.8,75,25319.6,600,0,437625
NIFTY-III.NFO,19/05/2025,09:21:34,25308.6,25308.3,75,25318.1,75,75,437625
NIFTY-III.NFO,19/05/2025,09:21:36,25308.6,25311.6,75,25321,150,0,437850
NIFTY-III.NFO,19/05/2025,09:21:39,25308.6,25311,75,25319.4,225,0,437850
NIFTY-III.NFO,19/05/2025,09:21:41,25308.6,25311,75,25315.9,75,0,437850
NIFTY-III.NFO,19/05/2025,09:21:43,25308.6,25311,75,25318.1,525,0,437850
NIFTY-III.NFO,19/05/2025,09:21:44,25311,25309.1,75,25318,75,75,437850
NIFTY-III.NFO,19/05/2025,09:21:46,25311,25308.6,150,25317.3,150,0,437850
NIFTY-III.NFO,19/05/2025,09:21:48,25311,25308.6,75,25315.6,150,0,437850
NIFTY-III.NFO,19/05/2025,09:21:49,25311,25314.1,150,25322.1,75,0,437850
NIFTY-III.NFO,19/05/2025,09:21:51,25314.1,25317,75,25323.8,75,75,437850
NIFTY-III.NFO,19/05/2025,09:21:53,25314.1,25319.4,150,25328.3,150,0,437850
NIFTY-III.NFO,19/05/2025,09:21:54,25314.1,25319.4,150,25328.9,75,0,437850
NIFTY-III.NFO,19/05/2025,09:21:56,25314.1,25317,75,25328.6,150,0,437850
NIFTY-III.NFO,19/05/2025,09:21:58,25314.1,25316.1,150,25326.3,150,0,437850
NIFTY-III.NFO,19/05/2025,09:21:59,25314.1,25318.6,150,25328.2,150,0,437850
NIFTY-III.NFO,19/05/2025,09:22:01,25314.1,25320.2,150,25329.5,75,0,437850
NIFTY-III.NFO,19/05/2025,09:22:03,25314.1,25323.5,150,25332.7,75,0,437850
NIFTY-III.NFO,19/05/2025,09:22:04,25314.1,25323.5,150,25333,150,0,437850
NIFTY-III.NFO,19/05/2025,09:22:06,25314.1,25324.9,75,25334.1,150,0,437850
NIFTY-III.NFO,19/05/2025,09:22:08,25314.1,25324.5,75,25333.4,150,0,437850
NIFTY-III.NFO,19/05/2025,09:22:09,25314.1,25322.4,150,25331.3,150,0,437850
NIFTY-III.NFO,19/05/2025,09:22:11,25314.1,25321.4,150,25332.5,75,0,437850
NIFTY-III.NFO,19/05/2025,09:22:13,25314.1,25320.1,150,25330.7,75,0,437850
NIFTY-III.NFO,19/05/2025,09:22:14,25314.1,25326.3,150,25335.6,75,0,437850
NIFTY-III.NFO,19/05/2025,09:22:16,25314.1,25324.9,75,25333.6,150,0,437850
NIFTY-III.NFO,19/05/2025,09:22:18,25314.1,25325.7,150,25333.8,75,0,437850
NIFTY-III.NFO,19/05/2025,09:22:19,25333.6,25326.8,75,25335.3,75,150,437850
NIFTY-III.NFO,19/05/2025,09:22:21,25333.6,25326.4,300,25336.1,75,0,437850
NIFTY-III.NFO,19/05/2025,09:22:23,25333.6,25330.7,150,25338.2,75,0,437850
NIFTY-III.NFO,19/05/2025,09:22:24,25333.6,25332.9,150,25340,75,0,437850
NIFTY-III.NFO,19/05/2025,09:22:26,25333.6,25332.2,150,25340,75,0,437850
NIFTY-III.NFO,19/05/2025,09:22:28,25333.6,25334,150,25340,75,0,437850
NIFTY-III.NFO,19/05/2025,09:22:29,25333.6,25335.5,150,25340,75,0,437850
NIFTY-III.NFO,19/05/2025,09:22:33,25340,25333.3,75,25340,75,75,437850
NIFTY-III.NFO,19/05/2025,09:22:34,25340,25333.2,150,25340,75,0,437850
NIFTY-III.NFO,19/05/2025,09:22:36,25340,25332.1,150,25340,75,0,437850
NIFTY-III.NFO,19/05/2025,09:22:38,25340,25332.3,150,25340,75,0,437850
NIFTY-III.NFO,19/05/2025,09:22:39,25333,25332.9,225,25340,75,75,437850
NIFTY-III.NFO,19/05/2025,09:22:41,25333,25334.1,150,25340,75,0,437850
NIFTY-III.NFO,19/05/2025,09:22:43,25333,25329.7,75,25339.9,75,0,437850
NIFTY-III.NFO,19/05/2025,09:22:44,25340,25331.8,225,25342.8,75,75,437850
NIFTY-III.NFO,19/05/2025,09:22:46,25340,25332.9,225,25342.6,450,0,437850
NIFTY-III.NFO,19/05/2025,09:22:48,25340,25333,150,25341.6,75,0,437850
NIFTY-III.NFO,19/05/2025,09:22:49,25340,25333,150,25341.4,75,0,437850
NIFTY-III.NFO,19/05/2025,09:22:51,25340,25333.6,225,25343.2,75,0,437850
NIFTY-III.NFO,19/05/2025,09:22:53,25340,25333.6,75,25343.1,75,0,437850
NIFTY-III.NFO,19/05/2025,09:22:54,25340,25333,150,25342.2,75,0,437850
NIFTY-III.NFO,19/05/2025,09:22:56,25340,25333,75,25341.6,75,0,437850
NIFTY-III.NFO,19/05/2025,09:22:58,25340,25333,150,25342.9,75,0,437850
NIFTY-III.NFO,19/05/2025,09:22:59,25340,25333.9,225,25343.6,75,0,437850
NIFTY-III.NFO,19/05/2025,09:23:01,25340,25333,150,25342.5,75,0,437850
NIFTY-III.NFO,19/05/2025,09:23:03,25340,25333,75,25339.8,75,0,437850
NIFTY-III.NFO,19/05/2025,09:23:04,25340,25333,75,25340.9,75,0,437850
NIFTY-III.NFO,19/05/2025,09:23:06,25340,25333,75,25339.8,75,0,437850
NIFTY-III.NFO,19/05/2025,09:23:08,25340,25333,75,25337.7,75,0,437850
NIFTY-III.NFO,19/05/2025,09:23:09,25340,25333,75,25338.4,75,0,437850
NIFTY-III.NFO,19/05/2025,09:23:11,25340,25333,75,25338.1,75,0,437850
NIFTY-III.NFO,19/05/2025,09:23:13,25340,25333,75,25337,75,0,437850
NIFTY-III.NFO,19/05/2025,09:23:14,25340,25333,75,25337.4,75,0,437850
NIFTY-III.NFO,19/05/2025,09:23:16,25340,25333,75,25337.9,75,0,437850
NIFTY-III.NFO,19/05/2025,09:23:18,25340,25333,75,25338.9,75,0,437850
NIFTY-III.NFO,19/05/2025,09:23:19,25340,25333,75,25337.3,75,0,437850
NIFTY-III.NFO,19/05/2025,09:23:21,25333,25324,225,25334.6,75,75,437850
NIFTY-III.NFO,19/05/2025,09:23:23,25333,25323,225,25334,75,0,437850
NIFTY-III.NFO,19/05/2025,09:23:24,25333,25326.7,225,25335.4,75,0,437850
NIFTY-III.NFO,19/05/2025,09:23:26,25333,25326.7,225,25336.5,75,0,437850
NIFTY-III.NFO,19/05/2025,09:23:28,25333,25327.9,225,25340.4,75,0,437850
NIFTY-III.NFO,19/05/2025,09:23:29,25330,25333,150,25342.2,150,75,437850
NIFTY-III.NFO,19/05/2025,09:23:31,25330,25333,75,25341.4,225,0,437850
NIFTY-III.NFO,19/05/2025,09:23:33,25330,25333,75,25339.6,150,0,437850
NIFTY-III.NFO,19/05/2025,09:23:34,25330,25333,75,25338.3,150,0,437850
NIFTY-III.NFO,19/05/2025,09:23:36,25330,25333,75,25338.1,150,0,437850
NIFTY-III.NFO,19/05/2025,09:23:38,25330,25333,75,25336.2,150,0,437850
NIFTY-III.NFO,19/05/2025,09:23:40,25336.8,25333,75,25336.3,75,75,437850
NIFTY-III.NFO,19/05/2025,09:23:41,25336.8,25333,75,25335.1,75,0,437850
NIFTY-III.NFO,19/05/2025,09:23:43,25336.8,25333,75,25337.4,75,0,437850
NIFTY-III.NFO,19/05/2025,09:23:45,25336.8,25333,75,25338.6,75,0,437850
NIFTY-III.NFO,19/05/2025,09:23:48,25336.8,25333.1,75,25339.8,75,0,437850
NIFTY-III.NFO,19/05/2025,09:23:50,25336.8,25333.1,150,25339.8,75,0,437850
NIFTY-III.NFO,19/05/2025,09:23:51,25336.8,25333.1,75,25339.8,75,0,437850
NIFTY-III.NFO,19/05/2025,09:23:53,25338.4,25333,75,25338.3,75,75,437850
NIFTY-III.NFO,19/05/2025,09:23:55,25338.4,25333,75,25338,75,0,437850
NIFTY-III.NFO,19/05/2025,09:23:56,25338.4,25333.1,75,25339.8,75,0,437850
NIFTY-III.NFO,19/05/2025,09:23:58,25338.4,25333.1,150,25339.8,75,0,437850
NIFTY-III.NFO,19/05/2025,09:24:00,25338.4,25333.1,75,25339.8,75,0,437850
NIFTY-III.NFO,19/05/2025,09:24:01,25338.4,25333.1,150,25339.8,75,0,437850
NIFTY-III.NFO,19/05/2025,09:24:03,25338.4,25334.6,150,25339.8,75,0,437850
NIFTY-III.NFO,19/05/2025,09:24:05,25339.8,25335.7,75,25343.2,75,75,437850
NIFTY-III.NFO,19/05/2025,09:24:06,25339.8,25336.9,150,25345,75,0,437850
NIFTY-III.NFO,19/05/2025,09:24:08,25339.8,25338.6,150,25345,75,0,437850
NIFTY-III.NFO,19/05/2025,09:24:10,25339.8,25339.2,150,25345,75,0,437850
NIFTY-III.NFO,19/05/2025,09:24:11,25339.8,25338.2,150,25345,75,0,437850
NIFTY-III.NFO,19/05/2025,09:24:13,25339.8,25339.8,75,25345,75,0,437850
NIFTY-III.NFO,19/05/2025,09:24:15,25339.8,25339.8,75,25344.9,150,0,437850
NIFTY-III.NFO,19/05/2025,09:24:16,25339.8,25339.8,75,25344.9,75,0,437850
NIFTY-III.NFO,19/05/2025,09:24:18,25339.8,25339.8,75,25344.9,150,0,437850
NIFTY-III.NFO,19/05/2025,09:24:19,25339.8,25339.8,75,25345,150,0,437850
NIFTY-III.NFO,19/05/2025,09:24:21,25339.8,25339.8,75,25344.9,75,0,437850
NIFTY-III.NFO,19/05/2025,09:24:23,25339.8,25339.8,225,25344,75,0,437850
NIFTY-III.NFO,19/05/2025,09:24:26,25339.8,25339.9,75,25343,75,0,437850
NIFTY-III.NFO,19/05/2025,09:24:28,25339.8,25339.8,225,25343,75,0,437850
NIFTY-III.NFO,19/05/2025,09:24:29,25339.8,25339.8,225,25340,75,0,437850
NIFTY-III.NFO,19/05/2025,09:24:38,25344.4,25339.8,225,25344.9,75,450,437700
NIFTY-III.NFO,19/05/2025,09:24:39,25344.4,25339.8,150,25345,75,0,437700
NIFTY-III.NFO,19/05/2025,09:24:41,25344.4,25339.9,75,25344.4,75,0,437700
NIFTY-III.NFO,19/05/2025,09:24:43,25344.4,25339.9,150,25344.4,75,0,437700
NIFTY-III.NFO,19/05/2025,09:24:44,25344.4,25340.5,150,25344.4,75,0,437700
NIFTY-III.NFO,19/05/2025,09:24:48,25344.4,25342.1,75,25349,75,75,437700
NIFTY-III.NFO,19/05/2025,09:24:49,25344.4,25342,150,25348.3,75,0,437700
NIFTY-III.NFO,19/05/2025,09:24:51,25344.4,25342,150,25344.4,75,0,437700
NIFTY-III.NFO,19/05/2025,09:24:59,25344.4,25342,150,25344.3,75,0,437700
NIFTY-III.NFO,19/05/2025,09:25:01,25342,25338,75,25344.3,75,150,437700
NIFTY-III.NFO,19/05/2025,09:25:03,25344.4,25338.1,75,25346.6,75,150,437700
NIFTY-III.NFO,19/05/2025,09:25:04,25344.4,25338,75,25344.7,75,0,437700
NIFTY-III.NFO,19/05/2025,09:25:06,25344.4,25340,75,25343,75,0,437700
NIFTY-III.NFO,19/05/2025,09:25:08,25344.4,25340,75,25341,75,0,437700
NIFTY-III.NFO,19/05/2025,09:25:09,25338,25327.6,150,25336.4,75,150,437700
NIFTY-III.NFO,19/05/2025,09:25:11,25338,25326.4,150,25336.1,75,0,437700
NIFTY-III.NFO,19/05/2025,09:25:13,25337.4,25327,75,25336.8,75,75,437700
NIFTY-III.NFO,19/05/2025,09:25:14,25337.4,25326.1,150,25336,150,0,437700
NIFTY-III.NFO,19/05/2025,09:25:16,25337.4,25325.8,75,25335.4,75,0,437700
NIFTY-III.NFO,19/05/2025,09:25:18,25337.4,25322.3,75,25332.3,525,0,437700
NIFTY-III.NFO,19/05/2025,09:25:19,25337.4,25323.1,75,25332.8,375,0,437700
NIFTY-III.NFO,19/05/2025,09:25:21,25337.4,25320.8,150,25328.3,75,0,437700
NIFTY-III.NFO,19/05/2025,09:25:23,25337.4,25322.1,75,25331.2,75,0,437700
NIFTY-III.NFO,19/05/2025,09:25:24,25337.4,25322.1,75,25332.1,75,0,437700
NIFTY-III.NFO,19/05/2025,09:25:26,25337.4,25322.5,75,25332.1,75,0,437700
NIFTY-III.NFO,19/05/2025,09:25:28,25337.4,25318.8,75,25328.8,375,0,437700
NIFTY-III.NFO,19/05/2025,09:25:29,25337.4,25318.1,75,25328.3,75,0,437700
NIFTY-III.NFO,19/05/2025,09:25:31,25337.4,25317.3,75,25326.4,375,0,437700
NIFTY-III.NFO,19/05/2025,09:25:33,25337.4,25318.6,75,25328.2,75,0,437700
NIFTY-III.NFO,19/05/2025,09:25:34,25337.4,25318.6,75,25328.4,75,0,437700
NIFTY-III.NFO,19/05/2025,09:25:36,25337.4,25317.8,150,25326.3,75,0,437700
NIFTY-III.NFO,19/05/2025,09:25:38,25337.4,25316.8,75,25326.3,75,0,437700
NIFTY-III.NFO,19/05/2025,09:25:39,25317.8,25317,75,25328.4,75,300,437700
NIFTY-III.NFO,19/05/2025,09:25:41,25317.8,25320.2,75,25330,375,0,437700
NIFTY-III.NFO,19/05/2025,09:25:43,25317.8,25320.2,75,25329.8,75,0,437700
NIFTY-III.NFO,19/05/2025,09:25:44,25317.8,25317,75,25326.5,375,0,437700
NIFTY-III.NFO,19/05/2025,09:25:46,25317.8,25318.5,150,25325.6,75,0,437700
NIFTY-III.NFO,19/05/2025,09:25:48,25317.8,25317.2,150,25327.1,75,0,437700
NIFTY-III.NFO,19/05/2025,09:25:49,25317.8,25317.7,150,25326.9,75,0,437700
NIFTY-III.NFO,19/05/2025,09:25:51,25317.6,25316.4,150,25325.7,75,225,437700
NIFTY-III.NFO,19/05/2025,09:25:53,25317.6,25317.5,75,25328.7,75,0,437700
NIFTY-III.NFO,19/05/2025,09:25:55,25317.6,25317.5,150,25326.6,150,0,437700
NIFTY-III.NFO,19/05/2025,09:25:56,25317.6,25319.8,75,25327.6,75,0,437700
NIFTY-III.NFO,19/05/2025,09:25:58,25317.6,25320.8,150,25328.8,75,0,437700
NIFTY-III.NFO,19/05/2025,09:26:00,25317.6,25319.7,150,25328.8,150,0,437700
NIFTY-III.NFO,19/05/2025,09:26:01,25317.6,25320.8,150,25329.9,375,0,437700
NIFTY-III.NFO,19/05/2025,09:26:03,25317.6,25323.8,150,25333.5,75,0,437700
NIFTY-III.NFO,19/05/2025,09:26:05,25317.6,25324.9,150,25333.7,150,0,437700
NIFTY-III.NFO,19/05/2025,09:26:06,25317.6,25320.9,75,25331.1,75,0,437700
NIFTY-III.NFO,19/05/2025,09:26:08,25317.6,25320.6,150,25328.9,75,0,437700
NIFTY-III.NFO,19/05/2025,09:26:10,25317.6,25319.5,150,25328.9,75,0,437700
NIFTY-III.NFO,19/05/2025,09:26:11,25317.6,25320.8,75,25329.9,75,0,437700
NIFTY-III.NFO,19/05/2025,09:26:13,25317.6,25318,150,25327.9,75,0,437700
NIFTY-III.NFO,19/05/2025,09:26:15,25317.6,25316,150,25325.3,75,0,437700
NIFTY-III.NFO,19/05/2025,09:26:16,25317.6,25314,150,25320,75,0,437700
NIFTY-III.NFO,19/05/2025,09:26:18,25317.6,25314,75,25320,75,0,437700
NIFTY-III.NFO,19/05/2025,09:26:21,25317.6,25314.1,75,25320,75,0,437700
NIFTY-III.NFO,19/05/2025,09:26:23,25317.6,25314,75,25319.9,75,0,437700
NIFTY-III.NFO,19/05/2025,09:26:25,25317.6,25314,75,25320,75,0,437700
NIFTY-III.NFO,19/05/2025,09:26:26,25317.6,25314.1,150,25320,75,0,437700
NIFTY-III.NFO,19/05/2025,09:26:28,25317.6,25314.7,75,25320,75,0,437700
NIFTY-III.NFO,19/05/2025,09:26:30,25317.6,25314.9,75,25320,75,0,437700
NIFTY-III.NFO,19/05/2025,09:26:31,25317.6,25314.5,150,25320,75,0,437700
NIFTY-III.NFO,19/05/2025,09:26:35,25317.6,25314,75,25320,75,0,437700
NIFTY-III.NFO,19/05/2025,09:26:36,25314,25313.5,75,25320,75,75,437700
NIFTY-III.NFO,19/05/2025,09:26:38,25314,25310.1,150,25319.9,75,0,437700
NIFTY-III.NFO,19/05/2025,09:26:40,25314,25312.8,150,25320,75,0,437700
NIFTY-III.NFO,19/05/2025,09:26:41,25312.8,25313.9,150,25320,75,75,437700
NIFTY-III.NFO,19/05/2025,09:26:43,25312.8,25313.9,150,25320,75,0,437700
NIFTY-III.NFO,19/05/2025,09:26:44,25312.8,25313.9,75,25320,75,0,437700
NIFTY-III.NFO,19/05/2025,09:26:46,25312.8,25313.9,150,25320,75,0,437700
NIFTY-III.NFO,19/05/2025,09:26:48,25312.8,25313.8,75,25320,75,0,437700
NIFTY-III.NFO,19/05/2025,09:26:49,25312.8,25312.2,75,25319.9,75,0,437700
NIFTY-III.NFO,19/05/2025,09:26:51,25312.8,25313.3,75,25320,75,0,437700
NIFTY-III.NFO,19/05/2025,09:26:53,25312.8,25314.9,75,25320,75,0,437700
NIFTY-III.NFO,19/05/2025,09:26:54,25312.8,25313.9,75,25320,75,0,437700
NIFTY-III.NFO,19/05/2025,09:26:56,25312.8,25312.5,75,25320,75,0,437700
NIFTY-III.NFO,19/05/2025,09:26:58,25312.8,25310.1,75,25313,75,0,437700
NIFTY-III.NFO,19/05/2025,09:26:59,25312.8,25311.1,75,25313,75,0,437700
NIFTY-III.NFO,19/05/2025,09:27:01,25313,25312.3,75,25320,75,75,437700
NIFTY-III.NFO,19/05/2025,09:27:03,25313,25314.1,150,25320,75,0,437700
NIFTY-III.NFO,19/05/2025,09:27:04,25313,25317.5,75,25320,75,0,437700
NIFTY-III.NFO,19/05/2025,09:27:08,25313,25316.6,75,25320,75,0,437700
NIFTY-III.NFO,19/05/2025,09:27:09,25313,25316.6,150,25320,75,0,437700
NIFTY-III.NFO,19/05/2025,09:27:11,25313,25313.1,150,25320,75,0,437700
NIFTY-III.NFO,19/05/2025,09:27:13,25313,25316,75,25320,75,0,437700
NIFTY-III.NFO,19/05/2025,09:27:14,25315.2,25315.6,75,25320,75,225,437700
NIFTY-III.NFO,19/05/2025,09:27:16,25315.2,25316.9,150,25320,75,0,437700
NIFTY-III.NFO,19/05/2025,09:27:18,25320,25319.7,225,25325,75,75,437700
NIFTY-III.NFO,19/05/2025,09:27:19,25320,25321.1,225,25325,75,0,437700
NIFTY-III.NFO,19/05/2025,09:27:21,25320,25321.4,150,25325,75,0,437700
NIFTY-III.NFO,19/05/2025,09:27:23,25320,25322.4,225,25325,75,0,437700
NIFTY-III.NFO,19/05/2025,09:27:24,25320,25321.2,225,25325,75,0,437700
NIFTY-III.NFO,19/05/2025,09:27:26,25320,25322.1,75,25325,75,0,437700
NIFTY-III.NFO,19/05/2025,09:27:28,25320,25321.3,150,25325,75,0,437700
NIFTY-III.NFO,19/05/2025,09:27:29,25320,25321.3,75,25325,75,0,437700
NIFTY-III.NFO,19/05/2025,09:27:31,25320,25316.6,150,25320,75,0,437700
NIFTY-III.NFO,19/05/2025,09:27:33,25320,25316.5,75,25320,75,0,437700
NIFTY-III.NFO,19/05/2025,09:27:34,25320,25315.2,75,25320,75,0,437700
NIFTY-III.NFO,19/05/2025,09:27:36,25320,25315.2,75,25319.9,75,0,437700
NIFTY-III.NFO,19/05/2025,09:27:38,25320,25315.2,75,25320,75,0,437700
NIFTY-III.NFO,19/05/2025,09:27:39,25320,25315.2,225,25320,75,0,437700
NIFTY-III.NFO,19/05/2025,09:27:41,25320,25316.6,150,25320,75,0,437700
NIFTY-III.NFO,19/05/2025,09:27:43,25320,25316.6,75,25320,75,0,437700
NIFTY-III.NFO,19/05/2025,09:27:44,25320,25318.4,75,25320,75,0,437700
NIFTY-III.NFO,19/05/2025,09:27:46,25320,25315.2,150,25320,75,0,437700
NIFTY-III.NFO,19/05/2025,09:27:48,25320,25315.2,75,25323.9,75,75,438000
NIFTY-III.NFO,19/05/2025,09:27:49,25320,25315.2,75,25322.3,75,0,438000
NIFTY-III.NFO,19/05/2025,09:27:51,25320,25315.2,150,25323.8,75,0,438000
NIFTY-III.NFO,19/05/2025,09:27:53,25320,25315.2,150,25323.5,75,0,438000
NIFTY-III.NFO,19/05/2025,09:27:54,25320,25315.2,75,25321.9,75,0,438000
NIFTY-III.NFO,19/05/2025,09:27:56,25320,25315.2,75,25320.8,75,0,438000
NIFTY-III.NFO,19/05/2025,09:27:58,25320,25315.2,75,25318.6,75,0,438000
NIFTY-III.NFO,19/05/2025,09:27:59,25318.4,25315.2,75,25318,75,375,438000
NIFTY-III.NFO,19/05/2025,09:28:01,25318.4,25315.2,75,25319.8,75,0,438000
NIFTY-III.NFO,19/05/2025,09:28:05,25318.4,25315.2,75,25320.1,75,0,438000
NIFTY-III.NFO,19/05/2025,09:28:06,25315.2,25310,150,25318.6,75,75,438000
NIFTY-III.NFO,19/05/2025,09:28:08,25315.2,25310,150,25317,75,0,438000
NIFTY-III.NFO,19/05/2025,09:28:10,25315.2,25310,75,25317,75,0,438000
NIFTY-III.NFO,19/05/2025,09:28:11,25315.2,25310,75,25317.3,225,0,438000
NIFTY-III.NFO,19/05/2025,09:28:13,25315.2,25310,75,25316.6,75,0,438000
NIFTY-III.NFO,19/05/2025,09:28:15,25315.2,25310,75,25316.2,75,0,438000
NIFTY-III.NFO,19/05/2025,09:28:16,25315.2,25310,75,25314.3,150,0,438000
NIFTY-III.NFO,19/05/2025,09:28:20,25315.2,25310,75,25314.4,75,0,438000
NIFTY-III.NFO,19/05/2025,09:28:21,25315.2,25310,75,25316,75,0,438000
NIFTY-III.NFO,19/05/2025,09:28:25,25315.2,25310,75,25314.7,75,0,438000
NIFTY-III.NFO,19/05/2025,09:28:26,25315.2,25310,75,25315.2,75,0,438000
NIFTY-III.NFO,19/05/2025,09:28:28,25310,25303.1,150,25313.6,75,75,438000
NIFTY-III.NFO,19/05/2025,09:28:30,25310,25303.1,75,25311.9,75,0,438000
NIFTY-III.NFO,19/05/2025,09:28:31,25310,25304,75,25316,75,0,438000
NIFTY-III.NFO,19/05/2025,09:28:33,25310,25304,75,25315.5,75,0,438000
NIFTY-III.NFO,19/05/2025,09:28:35,25310,25305.6,75,25317.7,75,0,438000
NIFTY-III.NFO,19/05/2025,09:28:36,25310,25308.4,75,25318.3,75,0,438000
NIFTY-III.NFO,19/05/2025,09:28:38,25310,25306.1,150,25315.9,75,0,438000
NIFTY-III.NFO,19/05/2025,09:28:40,25310,25306.6,75,25316.4,75,0,438000
NIFTY-III.NFO,19/05/2025,09:28:41,25310,25306.6,75,25316.5,75,0,438000
NIFTY-III.NFO,19/05/2025,09:28:43,25310,25306.9,75,25316.9,75,0,438000
NIFTY-III.NFO,19/05/2025,09:28:45,25310,25307.3,75,25316.9,75,0,438000
NIFTY-III.NFO,19/05/2025,09:28:46,25310,25305.9,75,25315.4,75,0,438000
NIFTY-III.NFO,19/05/2025,09:28:48,25310,25306.7,75,25317,75,0,438000
NIFTY-III.NFO,19/05/2025,09:28:50,25310,25307.5,75,25317,75,0,438000
NIFTY-III.NFO,19/05/2025,09:28:51,25310,25313.1,150,25317,75,0,438000
NIFTY-III.NFO,19/05/2025,09:28:53,25310,25312.1,150,25317,75,0,438000
NIFTY-III.NFO,19/05/2025,09:28:55,25310,25309.7,150,25317,75,0,438000
NIFTY-III.NFO,19/05/2025,09:28:56,25310,25308.4,225,25316.7,150,0,438000
NIFTY-III.NFO,19/05/2025,09:28:58,25310,25308.4,150,25316.7,75,0,438000
NIFTY-III.NFO,19/05/2025,09:29:00,25310,25307.3,150,25317,75,0,438000
NIFTY-III.NFO,19/05/2025,09:29:01,25316.9,25307.7,150,25316.9,75,75,438000
NIFTY-III.NFO,19/05/2025,09:29:03,25316.9,25306.7,150,25316.4,75,0,438000
NIFTY-III.NFO,19/05/2025,09:29:05,25316.9,25305.3,150,25314.6,75,0,438000
NIFTY-III.NFO,19/05/2025,09:29:06,25312,25303.2,75,25312.1,225,75,438000
NIFTY-III.NFO,19/05/2025,09:29:08,25312,25303.2,75,25312.7,75,0,438000
NIFTY-III.NFO,19/05/2025,09:29:10,25312,25303,75,25310.6,75,0,438000
NIFTY-III.NFO,19/05/2025,09:29:11,25312,25303,75,25310.6,150,0,438000
NIFTY-III.NFO,19/05/2025,09:29:15,25312,25304.4,150,25313.5,75,0,438000
NIFTY-III.NFO,19/05/2025,09:29:16,25312,25303.1,150,25312.5,300,0,438000
NIFTY-III.NFO,19/05/2025,09:29:18,25312,25303.5,75,25312.5,225,0,438000
NIFTY-III.NFO,19/05/2025,09:29:19,25312,25304.9,75,25317,75,0,438000
NIFTY-III.NFO,19/05/2025,09:29:21,25312,25306.2,75,25316.1,150,0,438000
NIFTY-III.NFO,19/05/2025,09:29:23,25312,25305.3,150,25316,225,0,438000
NIFTY-III.NFO,19/05/2025,09:29:24,25312,25305.3,150,25315.1,75,0,438000
NIFTY-III.NFO,19/05/2025,09:29:26,25312,25305.3,150,25314.2,225,0,438000
NIFTY-III.NFO,19/05/2025,09:29:28,25312,25307.5,75,25316.1,75,0,438000
NIFTY-III.NFO,19/05/2025,09:29:29,25312,25306.6,75,25315.7,75,0,438000
NIFTY-III.NFO,19/05/2025,09:29:31,25312,25304.7,75,25315,225,0,438000
NIFTY-III.NFO,19/05/2025,09:29:33,25312,25305.4,75,25315,150,0,438000
NIFTY-III.NFO,19/05/2025,09:29:34,25312,25306,150,25315,75,0,438000
NIFTY-III.NFO,19/05/2025,09:29:38,25312,25307.1,75,25317,300,0,438000
NIFTY-III.NFO,19/05/2025,09:29:39,25312,25305.7,150,25316.2,225,0,438000
NIFTY-III.NFO,19/05/2025,09:29:41,25312,25303.5,75,25312.6,75,0,438000
NIFTY-III.NFO,19/05/2025,09:29:43,25312,25304.5,75,25314.8,75,0,438000
NIFTY-III.NFO,19/05/2025,09:29:44,25312,25306.4,75,25317,75,0,438000
NIFTY-III.NFO,19/05/2025,09:29:46,25312,25308,150,25316.4,75,0,438000
NIFTY-III.NFO,19/05/2025,09:29:48,25312,25308.2,75,25317,75,0,438000
NIFTY-III.NFO,19/05/2025,09:29:49,25312,25310,150,25317,75,0,438000
NIFTY-III.NFO,19/05/2025,09:29:51,25312,25310.1,300,25317,75,0,438000
NIFTY-III.NFO,19/05/2025,09:29:54,25312,25310.1,150,25317,75,0,438000
NIFTY-III.NFO,19/05/2025,09:29:56,25312,25310.1,75,25317,75,0,438000
NIFTY-III.NFO,19/05/2025,09:29:58,25312,25310,150,25316,225,0,438000
NIFTY-III.NFO,19/05/2025,09:29:59,25312,25310,150,25315.5,75,0,438000
NIFTY-III.NFO,19/05/2025,09:30:01,25312,25310,150,25314.9,300,0,438000
NIFTY-III.NFO,19/05/2025,09:30:03,25312,25310,150,25316.9,75,0,438000
NIFTY-III.NFO,19/05/2025,09:30:04,25312,25310.1,150,25317,75,0,438000
NIFTY-III.NFO,19/05/2025,09:30:08,25317,25313.4,75,25323.2,150,75,438000
NIFTY-III.NFO,19/05/2025,09:30:10,25317,25314.3,75,25324.2,75,0,438000
NIFTY-III.NFO,19/05/2025,09:30:11,25317,25314.8,75,25324.7,225,0,438000
NIFTY-III.NFO,19/05/2025,09:30:13,25317,25315.8,75,25325,75,0,438000
NIFTY-III.NFO,19/05/2025,09:30:15,25317,25318,150,25325,75,0,438000
NIFTY-III.NFO,19/05/2025,09:30:16,25317,25322.2,75,25325,75,0,438000
NIFTY-III.NFO,19/05/2025,09:30:18,25325,25322.6,75,25333.2,150,75,438000
NIFTY-III.NFO,19/05/2025,09:30:20,25325,25321.1,150,25329.9,75,0,438000
NIFTY-III.NFO,19/05/2025,09:30:21,25325,25320.4,150,25328.5,150,0,438000
NIFTY-III.NFO,19/05/2025,09:30:23,25325,25317.4,75,25327.9,450,0,438000
NIFTY-III.NFO,19/05/2025,09:30:25,25325,25316.6,75,25325.5,375,0,438000
NIFTY-III.NFO,19/05/2025,09:30:26,25325,25317.4,150,25326.5,300,0,438000
NIFTY-III.NFO,19/05/2025,09:30:28,25325,25318.7,150,25330.2,225,0,438000
NIFTY-III.NFO,19/05/2025,09:30:30,25325,25319.1,75,25325,75,0,438000
NIFTY-III.NFO,19/05/2025,09:30:31,25329.8,25323.5,150,25332.6,450,300,438000
NIFTY-III.NFO,19/05/2025,09:30:33,25329.8,25322.3,150,25331.5,75,0,438000
NIFTY-III.NFO,19/05/2025,09:30:35,25329.8,25323.5,150,25331,225,0,438000
NIFTY-III.NFO,19/05/2025,09:30:36,25329.8,25320.3,150,25329.2,75,0,438000
NIFTY-III.NFO,19/05/2025,09:30:38,25330.4,25323,150,25331.5,225,75,438300
NIFTY-III.NFO,19/05/2025,09:30:40,25330.4,25321.8,150,25331.6,75,0,438300
NIFTY-III.NFO,19/05/2025,09:30:41,25330.4,25323.1,75,25331.4,75,0,438300
NIFTY-III.NFO,19/05/2025,09:30:43,25330.4,25323.6,150,25331.1,75,0,438300
NIFTY-III.NFO,19/05/2025,09:30:45,25330.4,25323.6,150,25331.5,75,0,438300
NIFTY-III.NFO,19/05/2025,09:30:46,25330.4,25319.6,75,25330.6,375,0,438300
NIFTY-III.NFO,19/05/2025,09:30:48,25330.4,25320.7,75,25330.2,225,0,438300
NIFTY-III.NFO,19/05/2025,09:30:50,25330,25319.6,75,25330.2,225,75,438300
NIFTY-III.NFO,19/05/2025,09:30:51,25330,25317.5,75,25326.3,225,0,438300
NIFTY-III.NFO,19/05/2025,09:30:53,25330,25320.3,75,25328.8,225,0,438300
NIFTY-III.NFO,19/05/2025,09:30:55,25330,25324,75,25332,75,0,438300
NIFTY-III.NFO,19/05/2025,09:30:58,25330,25322.9,75,25332.3,225,0,438300
NIFTY-III.NFO,19/05/2025,09:31:00,25330,25325.3,75,25334.1,75,0,438300
NIFTY-III.NFO,19/05/2025,09:31:01,25330,25325.9,75,25334.9,75,0,438300
NIFTY-III.NFO,19/05/2025,09:31:03,25330,25325.8,225,25335,150,0,438300
NIFTY-III.NFO,19/05/2025,09:31:05,25330,25326.7,75,25335,150,0,438300
NIFTY-III.NFO,19/05/2025,09:31:06,25330,25327,75,25335,150,0,438300
NIFTY-III.NFO,19/05/2025,09:31:08,25330,25329.2,150,25335,150,0,438300
NIFTY-III.NFO,19/05/2025,09:31:10,25330,25330.5,300,25335,150,0,438300
NIFTY-III.NFO,19/05/2025,09:31:11,25335,25333.9,75,25339.8,75,150,438300
NIFTY-III.NFO,19/05/2025,09:31:13,25335,25336.3,150,25339.8,75,0,438300
NIFTY-III.NFO,19/05/2025,09:31:15,25340,25338.9,150,25345,75,300,438300
NIFTY-III.NFO,19/05/2025,09:31:16,25340,25337.6,150,25345,75,0,438300
NIFTY-III.NFO,19/05/2025,09:31:18,25340,25338.9,75,25345,75,0,438300
NIFTY-III.NFO,19/05/2025,09:31:20,25340,25337.7,150,25346.7,75,0,438300
NIFTY-III.NFO,19/05/2025,09:31:21,25340,25337,150,25346.7,75,0,438300
NIFTY-III.NFO,19/05/2025,09:31:23,25340,25337,150,25346.5,75,0,438300
NIFTY-III.NFO,19/05/2025,09:31:25,25340,25337.9,150,25347.6,75,0,438300
NIFTY-III.NFO,19/05/2025,09:31:26,25340,25337.4,150,25346.6,225,0,438300
NIFTY-III.NFO,19/05/2025,09:31:28,25340,25339.7,75,25349,75,0,438300
NIFTY-III.NFO,19/05/2025,09:31:30,25340,25341.5,150,25349,75,0,438300
NIFTY-III.NFO,19/05/2025,09:31:31,25340,25342,150,25349,75,0,438300
NIFTY-III.NFO,19/05/2025,09:31:33,25340,25342.4,150,25349,75,0,438300
NIFTY-III.NFO,19/05/2025,09:31:35,25350,25348.8,75,25356,150,1125,438300
NIFTY-III.NFO,19/05/2025,09:31:35,25350,25348.8,75,25356,150,0,438300
NIFTY-III.NFO,19/05/2025,09:31:36,25350,25348.4,150,25356,150,0,438300
NIFTY-III.NFO,19/05/2025,09:31:38,25350,25350.2,75,25356,150,0,438300
NIFTY-III.NFO,19/05/2025,09:31:40,25350,25350.7,75,25356,150,0,438300
NIFTY-III.NFO,19/05/2025,09:31:41,25350,25350.5,75,25356,150,0,438300
NIFTY-III.NFO,19/05/2025,09:31:43,25350,25350.4,75,25356,150,0,438300
NIFTY-III.NFO,19/05/2025,09:31:45,25350,25347.9,150,25356,225,0,438300
NIFTY-III.NFO,19/05/2025,09:31:46,25350,25350,75,25356,300,0,438300
NIFTY-III.NFO,19/05/2025,09:31:48,25350,25350.1,150,25356,225,0,438300
NIFTY-III.NFO,19/05/2025,09:31:50,25350,25350,75,25356,225,0,438300
NIFTY-III.NFO,19/05/2025,09:31:51,25350,25350,75,25352.6,300,0,438300
NIFTY-III.NFO,19/05/2025,09:31:53,25352.6,25342,75,25352.1,225,150,438300
NIFTY-III.NFO,19/05/2025,09:31:53,25352.6,25342,75,25352.1,225,0,438300
NIFTY-III.NFO,19/05/2025,09:31:55,25352.6,25340,150,25349.6,150,0,438300
NIFTY-III.NFO,19/05/2025,09:31:56,25352.6,25338.5,75,25348.6,225,0,438300
NIFTY-III.NFO,19/05/2025,09:31:58,25352.6,25337.5,75,25347.6,150,0,438300
NIFTY-III.NFO,19/05/2025,09:32:00,25352.6,25337.5,75,25349,225,0,438300
NIFTY-III.NFO,19/05/2025,09:32:01,25352.6,25338.5,75,25347.4,75,0,438300
NIFTY-III.NFO,19/05/2025,09:32:03,25352.6,25338.5,75,25348,75,0,438300
NIFTY-III.NFO,19/05/2025,09:32:05,25352.6,25335.6,150,25344.8,75,0,438300
NIFTY-III.NFO,19/05/2025,09:32:06,25345.8,25334.1,225,25345.4,225,75,438300
NIFTY-III.NFO,19/05/2025,09:32:08,25345.8,25332.3,75,25341.3,225,0,438300
NIFTY-III.NFO,19/05/2025,09:32:10,25345.8,25329.7,75,25341.2,225,0,438300
NIFTY-III.NFO,19/05/2025,09:32:11,25345.8,25328.4,75,25340.1,225,0,438300
NIFTY-III.NFO,19/05/2025,09:32:13,25345.8,25329.4,75,25338.9,150,0,438300
NIFTY-III.NFO,19/05/2025,09:32:15,25345.8,25329,150,25338.9,150,0,438300
NIFTY-III.NFO,19/05/2025,09:32:16,25345.8,25326.9,150,25336.1,225,0,438300
NIFTY-III.NFO,19/05/2025,09:32:18,25345.8,25326.9,150,25336.6,150,0,438300
NIFTY-III.NFO,19/05/2025,09:32:20,25345.8,25324.2,150,25333.3,150,0,438300
NIFTY-III.NFO,19/05/2025,09:32:21,25345.8,25321.4,150,25331.6,75,0,438300
NIFTY-III.NFO,19/05/2025,09:32:23,25345.8,25323.5,75,25333.1,75,0,438300
NIFTY-III.NFO,19/05/2025,09:32:25,25345.8,25324.4,75,25333.6,225,0,438300
NIFTY-III.NFO,19/05/2025,09:32:26,25345.8,25329,75,25338.9,150,0,438300
NIFTY-III.NFO,19/05/2025,09:32:28,25345.8,25325.6,150,25335.4,225,0,438300
NIFTY-III.NFO,19/05/2025,09:32:30,25345.8,25325.6,150,25335.4,75,0,438300
NIFTY-III.NFO,19/05/2025,09:32:31,25345.8,25325.1,150,25334.5,225,0,438300
NIFTY-III.NFO,19/05/2025,09:32:33,25345.8,25329.2,75,25338.5,150,0,438300
NIFTY-III.NFO,19/05/2025,09:32:35,25345.8,25329.1,75,25337.9,75,0,438300
NIFTY-III.NFO,19/05/2025,09:32:38,25345.8,25326.5,75,25336.7,225,0,438300
NIFTY-III.NFO,19/05/2025,09:32:40,25345.8,25327.5,225,25336.2,75,0,438300
NIFTY-III.NFO,19/05/2025,09:32:41,25345.8,25328.9,75,25338,75,0,438300
NIFTY-III.NFO,19/05/2025,09:32:43,25345.8,25326.5,75,25336.5,225,0,438300
NIFTY-III.NFO,19/05/2025,09:32:45,25345.8,25324.1,75,25334.8,375,0,438300
NIFTY-III.NFO,19/05/2025,09:32:46,25345.8,25324,75,25334.2,225,0,438300
NIFTY-III.NFO,19/05/2025,09:32:48,25345.8,25324.8,75,25335.2,75,0,438300
NIFTY-III.NFO,19/05/2025,09:32:50,25345.8,25325.4,150,25335.8,150,0,438300
NIFTY-III.NFO,19/05/2025,09:32:51,25345.8,25327.1,150,25337,150,0,438300
NIFTY-III.NFO,19/05/2025,09:32:53,25345.8,25324.7,150,25333.6,225,0,438300
NIFTY-III.NFO,19/05/2025,09:32:55,25345.8,25321.5,150,25330.5,75,0,438300
NIFTY-III.NFO,19/05/2025,09:32:56,25345.8,25320.7,150,25330.3,150,0,438300
NIFTY-III.NFO,19/05/2025,09:32:58,25345.8,25320.7,150,25329.8,75,0,438300
NIFTY-III.NFO,19/05/2025,09:33:00,25345.8,25319.9,150,25329.1,75,0,438300
NIFTY-III.NFO,19/05/2025,09:33:01,25345.8,25321.3,75,25330.7,75,0,438300
NIFTY-III.NFO,19/05/2025,09:33:03,25345.8,25323.1,75,25332.1,150,0,438300
NIFTY-III.NFO,19/05/2025,09:33:05,25345.8,25324.4,75,25333.9,225,0,438300
NIFTY-III.NFO,19/05/2025,09:33:06,25345.8,25325.5,150,25334.4,150,0,438300
NIFTY-III.NFO,19/05/2025,09:33:08,25345.8,25324.4,75,25333.3,150,0,438300
NIFTY-III.NFO,19/05/2025,09:33:10,25345.8,25323.7,150,25332.7,150,0,438300
NIFTY-III.NFO,19/05/2025,09:33:11,25345.8,25321.4,150,25331.1,225,0,438300
NIFTY-III.NFO,19/05/2025,09:33:13,25345.8,25321.4,150,25330.7,75,0,438300
NIFTY-III.NFO,19/05/2025,09:33:15,25345.8,25322.6,150,25332.4,75,0,438300
NIFTY-III.NFO,19/05/2025,09:33:16,25345.8,25324.1,150,25332.4,150,0,438300
NIFTY-III.NFO,19/05/2025,09:33:18,25345.8,25322.1,75,25331.1,150,0,438300
NIFTY-III.NFO,19/05/2025,09:33:20,25345.8,25320,225,25328.9,150,0,438300
NIFTY-III.NFO,19/05/2025,09:33:21,25345.8,25320,150,25327.9,75,0,438300
NIFTY-III.NFO,19/05/2025,09:33:23,25328.9,25321.1,150,25330.8,75,225,438300
NIFTY-III.NFO,19/05/2025,09:33:25,25328.9,25322.6,150,25330.8,150,0,438300
NIFTY-III.NFO,19/05/2025,09:33:26,25328.9,25322.7,150,25332.2,150,0,438300
NIFTY-III.NFO,19/05/2025,09:33:28,25328.9,25323,75,25332.2,150,0,438300
NIFTY-III.NFO,19/05/2025,09:33:30,25328.9,25327,75,25332.2,150,0,438300
NIFTY-III.NFO,19/05/2025,09:33:31,25328.9,25327,75,25331.5,150,0,438300
NIFTY-III.NFO,19/05/2025,09:33:33,25328.9,25327,75,25332.2,75,0,438300
NIFTY-III.NFO,19/05/2025,09:33:35,25328.9,25327,75,25332.6,150,0,438300
NIFTY-III.NFO,19/05/2025,09:33:36,25328.9,25327,75,25332.1,150,0,438300
NIFTY-III.NFO,19/05/2025,09:33:38,25328.9,25327,75,25330.7,150,0,438300
NIFTY-III.NFO,19/05/2025,09:33:40,25328.9,25327,75,25329.8,75,0,438300
NIFTY-III.NFO,19/05/2025,09:33:41,25328.9,25327,75,25333.3,150,0,438300
NIFTY-III.NFO,19/05/2025,09:33:43,25328.9,25327.1,150,25333.3,75,0,438300
NIFTY-III.NFO,19/05/2025,09:33:45,25328.9,25327,75,25332,75,0,438300
NIFTY-III.NFO,19/05/2025,09:33:46,25332,25326.4,150,25333.2,75,75,437550
NIFTY-III.NFO,19/05/2025,09:33:48,25332,25326.8,150,25334.3,75,0,437550
NIFTY-III.NFO,19/05/2025,09:33:50,25332,25327.6,75,25334.3,75,0,437550
NIFTY-III.NFO,19/05/2025,09:33:51,25332,25327.1,225,25334.3,75,0,437550
NIFTY-III.NFO,19/05/2025,09:33:53,25332,25327.1,150,25334.3,75,0,437550
NIFTY-III.NFO,19/05/2025,09:33:55,25332,25324.1,75,25334.3,150,0,437550
NIFTY-III.NFO,19/05/2025,09:33:56,25332,25323.5,75,25333.1,150,0,437550
NIFTY-III.NFO,19/05/2025,09:33:58,25332,25323.9,150,25332.1,225,0,437550
NIFTY-III.NFO,19/05/2025,09:34:00,25332,25323.9,150,25334.2,150,0,437550
NIFTY-III.NFO,19/05/2025,09:34:01,25332,25324.9,150,25333.5,150,0,437550
NIFTY-III.NFO,19/05/2025,09:34:03,25332,25325,150,25334,150,0,437550
NIFTY-III.NFO,19/05/2025,09:34:05,25332,25324.2,150,25333,150,0,437550
NIFTY-III.NFO,19/05/2025,09:34:06,25332,25324.3,150,25333.7,225,0,437550
NIFTY-III.NFO,19/05/2025,09:34:08,25332.7,25323.1,150,25332.6,150,75,437550
NIFTY-III.NFO,19/05/2025,09:34:10,25332.7,25323.7,150,25333.7,75,0,437550
NIFTY-III.NFO,19/05/2025,09:34:11,25332.7,25326.6,150,25334.3,75,0,437550
NIFTY-III.NFO,19/05/2025,09:34:13,25332.7,25330.4,75,25339.8,150,0,437550
NIFTY-III.NFO,19/05/2025,09:34:15,25332.7,25327.3,225,25337.4,225,0,437550
NIFTY-III.NFO,19/05/2025,09:34:16,25332.7,25323.7,150,25332.8,225,0,437550
NIFTY-III.NFO,19/05/2025,09:34:18,25332.7,25325.7,150,25334.2,75,0,437550
NIFTY-III.NFO,19/05/2025,09:34:19,25332.7,25325.8,150,25334.3,225,0,437550
NIFTY-III.NFO,19/05/2025,09:34:21,25332.7,25326.6,150,25335.7,150,0,437550
NIFTY-III.NFO,19/05/2025,09:34:23,25332.7,25324.6,75,25332.7,75,0,437550
NIFTY-III.NFO,19/05/2025,09:34:24,25332.7,25327.7,150,25332.7,75,0,437550
NIFTY-III.NFO,19/05/2025,09:34:26,25332.7,25328.1,75,25332.7,75,0,437550
NIFTY-III.NFO,19/05/2025,09:34:28,25332.7,25327.7,150,25332.7,75,0,437550
NIFTY-III.NFO,19/05/2025,09:34:31,25332.7,25327.6,75,25332.7,75,0,437550
NIFTY-III.NFO,19/05/2025,09:34:33,25332.7,25328.7,75,25332.7,75,0,437550
NIFTY-III.NFO,19/05/2025,09:34:35,25332.7,25327.7,75,25332.7,75,0,437550
NIFTY-III.NFO,19/05/2025,09:34:36,25332.7,25331.2,150,25340,150,75,437550
NIFTY-III.NFO,19/05/2025,09:34:38,25332.7,25332,75,25340,75,0,437550
NIFTY-III.NFO,19/05/2025,09:34:40,25332.7,25330.6,150,25340,150,0,437550
NIFTY-III.NFO,19/05/2025,09:34:41,25330.6,25328.7,75,25338.1,75,75,437550
NIFTY-III.NFO,19/05/2025,09:34:43,25330.6,25327.9,75,25337,150,0,437550
NIFTY-III.NFO,19/05/2025,09:34:45,25330.6,25328.9,75,25337.8,150,0,437550
NIFTY-III.NFO,19/05/2025,09:34:46,25330.6,25330.5,75,25337.3,75,0,437550
NIFTY-III.NFO,19/05/2025,09:34:48,25330.6,25331.1,150,25337.3,75,0,437550
NIFTY-III.NFO,19/05/2025,09:34:50,25330.6,25331.8,150,25340,150,0,437550
NIFTY-III.NFO,19/05/2025,09:34:53,25330.6,25330.9,150,25339.6,150,0,437550
NIFTY-III.NFO,19/05/2025,09:34:55,25330.6,25328.4,150,25337.7,75,0,437550
NIFTY-III.NFO,19/05/2025,09:34:56,25330.6,25326.8,75,25336.6,75,0,437550
NIFTY-III.NFO,19/05/2025,09:34:58,25330.6,25329.5,75,25338.7,150,0,437550
NIFTY-III.NFO,19/05/2025,09:35:00,25330.6,25329.5,150,25338.3,150,0,437550
NIFTY-III.NFO,19/05/2025,09:35:01,25330.6,25329.8,75,25338.8,300,0,437550
NIFTY-III.NFO,19/05/2025,09:35:03,25330.6,25327.9,75,25338.7,75,0,437550
NIFTY-III.NFO,19/05/2025,09:35:05,25330.6,25329.6,150,25338,150,0,437550
NIFTY-III.NFO,19/05/2025,09:35:06,25330.6,25329.9,150,25339,150,0,437550
NIFTY-III.NFO,19/05/2025,09:35:08,25330.6,25330.7,75,25339.9,150,0,437550
NIFTY-III.NFO,19/05/2025,09:35:10,25330.6,25332.7,75,25339.9,75,0,437550
NIFTY-III.NFO,19/05/2025,09:35:11,25330.6,25329,150,25339.4,75,0,437550
NIFTY-III.NFO,19/05/2025,09:35:13,25330.6,25329.8,150,25339.5,75,0,437550
NIFTY-III.NFO,19/05/2025,09:35:15,25330.6,25329.2,150,25339,150,0,437550
NIFTY-III.NFO,19/05/2025,09:35:16,25330.6,25326.8,75,25336.4,150,0,437550
NIFTY-III.NFO,19/05/2025,09:35:18,25330.6,25327.4,75,25336.4,150,0,437550
NIFTY-III.NFO,19/05/2025,09:35:20,25330.6,25328.8,150,25337.6,150,0,437550
NIFTY-III.NFO,19/05/2025,09:35:21,25330.6,25329.1,150,25337.6,75,0,437550
NIFTY-III.NFO,19/05/2025,09:35:23,25330.6,25326.3,150,25334.8,150,0,437550
NIFTY-III.NFO,19/05/2025,09:35:25,25330.6,25323.8,75,25334.1,225,0,437550
NIFTY-III.NFO,19/05/2025,09:35:26,25330.6,25322.7,150,25332,150,0,437550
NIFTY-III.NFO,19/05/2025,09:35:28,25330.6,25322.6,300,25331.1,150,0,437550
NIFTY-III.NFO,19/05/2025,09:35:30,25330.6,25320.1,150,25328.5,150,0,437550
NIFTY-III.NFO,19/05/2025,09:35:31,25330.6,25320,300,25328.5,150,0,437550
NIFTY-III.NFO,19/05/2025,09:35:33,25330.6,25320,225,25328.3,150,0,437550
NIFTY-III.NFO,19/05/2025,09:35:35,25330.6,25320.3,150,25329.5,150,0,437550
NIFTY-III.NFO,19/05/2025,09:35:36,25330.6,25321.7,150,25330.5,150,0,437550
NIFTY-III.NFO,19/05/2025,09:35:38,25330.6,25322.1,150,25331.3,150,0,437550
NIFTY-III.NFO,19/05/2025,09:35:40,25330.6,25320,300,25330,300,0,437550
NIFTY-III.NFO,19/05/2025,09:35:41,25330.6,25320.1,150,25329.2,75,0,437550
NIFTY-III.NFO,19/05/2025,09:35:43,25330.6,25323.3,150,25331.8,150,0,437550
NIFTY-III.NFO,19/05/2025,09:35:45,25330.6,25321.2,75,25331.8,150,0,437550
NIFTY-III.NFO,19/05/2025,09:35:46,25330.6,25321.1,225,25330.5,150,0,437550
NIFTY-III.NFO,19/05/2025,09:35:48,25330.6,25321.5,150,25329.2,75,0,437550
NIFTY-III.NFO,19/05/2025,09:35:50,25330.6,25330,75,25331.4,75,0,437550
NIFTY-III.NFO,19/05/2025,09:35:51,25330,25320.2,75,25328.3,225,75,437550
NIFTY-III.NFO,19/05/2025,09:35:53,25330,25320.5,150,25329.3,150,0,437550
NIFTY-III.NFO,19/05/2025,09:35:55,25330,25320,300,25327.9,150,0,437550
NIFTY-III.NFO,19/05/2025,09:35:56,25328,25320,225,25327.1,225,225,437550
NIFTY-III.NFO,19/05/2025,09:35:58,25328,25320,225,25325.9,150,0,437550
NIFTY-III.NFO,19/05/2025,09:36:00,25328,25320.1,150,25329.2,150,0,437550
NIFTY-III.NFO,19/05/2025,09:36:01,25328,25320,300,25328.7,150,0,437550
NIFTY-III.NFO,19/05/2025,09:36:03,25328,25320,225,25326,225,0,437550
NIFTY-III.NFO,19/05/2025,09:36:05,25320,25314,150,25322.2,225,225,437550
NIFTY-III.NFO,19/05/2025,09:36:06,25320,25314.1,75,25322.2,225,0,437550
NIFTY-III.NFO,19/05/2025,09:36:08,25320,25314,75,25322.2,225,0,437550
NIFTY-III.NFO,19/05/2025,09:36:10,25320,25314.2,75,25324.2,225,0,437550
NIFTY-III.NFO,19/05/2025,09:36:11,25320,25315.1,75,25324.2,225,0,437550
NIFTY-III.NFO,19/05/2025,09:36:13,25320,25315.7,75,25326.8,225,0,437550
NIFTY-III.NFO,19/05/2025,09:36:15,25320,25315.4,75,25325.6,150,0,437550
NIFTY-III.NFO,19/05/2025,09:36:16,25320,25314.1,75,25324.1,225,0,437550
NIFTY-III.NFO,19/05/2025,09:36:18,25320,25314.1,150,25322.9,225,0,437550
NIFTY-III.NFO,19/05/2025,09:36:19,25320,25314.1,150,25322.8,225,0,437550
NIFTY-III.NFO,19/05/2025,09:36:21,25320,25314.5,150,25323.8,225,0,437550
NIFTY-III.NFO,19/05/2025,09:36:24,25320,25314,75,25317.5,225,0,437550
NIFTY-III.NFO,19/05/2025,09:36:26,25320,25314,75,25317.9,225,0,437550
NIFTY-III.NFO,19/05/2025,09:36:28,25314,25310,75,25314.1,225,75,437550
NIFTY-III.NFO,19/05/2025,09:36:30,25310,25308,75,25311.3,375,75,437550
NIFTY-III.NFO,19/05/2025,09:36:31,25310,25308,75,25313.6,150,0,437550
NIFTY-III.NFO,19/05/2025,09:36:33,25310,25308.2,75,25318,150,0,437550
NIFTY-III.NFO,19/05/2025,09:36:35,25310,25308.2,75,25310,75,0,437550
NIFTY-III.NFO,19/05/2025,09:36:36,25310,25308.5,150,25319.5,225,75,437850
NIFTY-III.NFO,19/05/2025,09:36:38,25310,25309.7,150,25318.5,225,0,437850
NIFTY-III.NFO,19/05/2025,09:36:40,25310,25308.1,150,25317.1,225,0,437850
NIFTY-III.NFO,19/05/2025,09:36:41,25310,25308,150,25315.7,225,0,437850
NIFTY-III.NFO,19/05/2025,09:36:43,25310,25308.1,150,25316.8,150,0,437850
NIFTY-III.NFO,19/05/2025,09:36:45,25310,25308.2,75,25316.8,225,0,437850
NIFTY-III.NFO,19/05/2025,09:36:46,25310,25308.2,150,25317.6,150,0,437850
NIFTY-III.NFO,19/05/2025,09:36:48,25310,25308,75,25314.4,225,0,437850
NIFTY-III.NFO,19/05/2025,09:36:50,25310,25308,75,25314.7,150,0,437850
NIFTY-III.NFO,19/05/2025,09:36:51,25310,25308,75,25315.5,150,0,437850
NIFTY-III.NFO,19/05/2025,09:36:53,25310,25308,75,25315.1,225,0,437850
NIFTY-III.NFO,19/05/2025,09:36:55,25310,25308,75,25315,75,0,437850
NIFTY-III.NFO,19/05/2025,09:36:56,25310,25308,75,25315,150,0,437850
NIFTY-III.NFO,19/05/2025,09:36:58,25310,25308,75,25314.8,225,0,437850
NIFTY-III.NFO,19/05/2025,09:37:00,25310,25308,75,25314.1,225,0,437850
NIFTY-III.NFO,19/05/2025,09:37:01,25310,25308.1,150,25316.9,150,0,437850
NIFTY-III.NFO,19/05/2025,09:37:03,25310,25309.2,75,25317.9,150,0,437850
NIFTY-III.NFO,19/05/2025,09:37:05,25310,25308.2,75,25316.2,225,0,437850
NIFTY-III.NFO,19/05/2025,09:37:06,25310,25308.1,75,25316.2,225,0,437850
NIFTY-III.NFO,19/05/2025,09:37:08,25310,25308.1,150,25317.4,225,0,437850
NIFTY-III.NFO,19/05/2025,09:37:11,25310,25308.2,75,25316.3,225,0,437850
NIFTY-III.NFO,19/05/2025,09:37:13,25310,25308.2,75,25315,75,0,437850
NIFTY-III.NFO,19/05/2025,09:37:15,25310,25308.1,75,25315,75,0,437850
NIFTY-III.NFO,19/05/2025,09:37:16,25310,25308.7,150,25315,75,0,437850
NIFTY-III.NFO,19/05/2025,09:37:18,25315,25313.6,150,25325.1,75,225,437850
NIFTY-III.NFO,19/05/2025,09:37:20,25315,25311.5,75,25322.2,75,0,437850
NIFTY-III.NFO,19/05/2025,09:37:21,25315,25312.9,75,25323.3,225,0,437850
NIFTY-III.NFO,19/05/2025,09:37:23,25315,25313,75,25322.6,75,0,437850
NIFTY-III.NFO,19/05/2025,09:37:25,25315,25315.8,150,25324.1,75,0,437850
NIFTY-III.NFO,19/05/2025,09:37:26,25315,25316,150,25324.1,150,0,437850
NIFTY-III.NFO,19/05/2025,09:37:28,25315,25315.6,75,25324.1,150,0,437850
NIFTY-III.NFO,19/05/2025,09:37:30,25315,25316,150,25324.1,75,0,437850
NIFTY-III.NFO,19/05/2025,09:37:31,25315,25315.5,225,25324.1,150,0,437850
NIFTY-III.NFO,19/05/2025,09:37:33,25315,25317.1,150,25324.1,75,0,437850
NIFTY-III.NFO,19/05/2025,09:37:35,25315,25319,150,25327.9,225,0,437850
NIFTY-III.NFO,19/05/2025,09:37:36,25315,25318.1,75,25327.9,225,0,437850
NIFTY-III.NFO,19/05/2025,09:37:38,25315,25318,75,25324.8,75,0,437850
NIFTY-III.NFO,19/05/2025,09:37:40,25315,25318,75,25322.7,225,0,437850
NIFTY-III.NFO,19/05/2025,09:37:41,25315,25318,75,25318.8,150,0,437850
NIFTY-III.NFO,19/05/2025,09:37:43,25315,25318,75,25322.7,150,0,437850
NIFTY-III.NFO,19/05/2025,09:37:45,25318,25315,75,25320.4,150,75,437850
NIFTY-III.NFO,19/05/2025,09:37:46,25318,25315,75,25320.3,75,0,437850
NIFTY-III.NFO,19/05/2025,09:37:48,25314.6,25312.9,150,25321.7,150,225,437850
NIFTY-III.NFO,19/05/2025,09:37:50,25314.6,25314.1,75,25323.5,150,0,437850
NIFTY-III.NFO,19/05/2025,09:37:51,25314.6,25311.6,150,25320.9,75,0,437850
NIFTY-III.NFO,19/05/2025,09:37:53,25314.6,25310.9,150,25319.8,75,0,437850
NIFTY-III.NFO,19/05/2025,09:37:55,25314.6,25309.5,75,25317.8,150,0,437850
NIFTY-III.NFO,19/05/2025,09:37:56,25314.6,25308.2,75,25316.7,150,0,437850
NIFTY-III.NFO,19/05/2025,09:37:58,25314.6,25308.1,150,25317.5,75,0,437850
NIFTY-III.NFO,19/05/2025,09:38:00,25314.6,25308,75,25316,150,0,437850
NIFTY-III.NFO,19/05/2025,09:38:01,25314.6,25308.1,75,25316.2,150,0,437850
NIFTY-III.NFO,19/05/2025,09:38:03,25314.6,25308.1,150,25317.1,150,0,437850
NIFTY-III.NFO,19/05/2025,09:38:05,25314.6,25311,150,25320,75,0,437850
NIFTY-III.NFO,19/05/2025,09:38:06,25314.6,25309.3,150,25318.4,150,0,437850
NIFTY-III.NFO,19/05/2025,09:38:08,25314.6,25308.8,150,25318.1,450,0,437850
NIFTY-III.NFO,19/05/2025,09:38:10,25314.6,25308.2,150,25317.1,150,0,437850
NIFTY-III.NFO,19/05/2025,09:38:11,25314.6,25308,75,25315.9,150,0,437850
NIFTY-III.NFO,19/05/2025,09:38:13,25314.6,25308.1,75,25315.9,150,0,437850
NIFTY-III.NFO,19/05/2025,09:38:15,25314.6,25308.1,225,25316.8,75,0,437850
NIFTY-III.NFO,19/05/2025,09:38:16,25314.6,25308.2,75,25317.4,150,0,437850
NIFTY-III.NFO,19/05/2025,09:38:18,25314.6,25308,150,25315.3,225,0,437850
NIFTY-III.NFO,19/05/2025,09:38:20,25314.6,25308.1,150,25317,75,0,437850
NIFTY-III.NFO,19/05/2025,09:38:21,25314.6,25308,75,25315,75,0,437850
NIFTY-III.NFO,19/05/2025,09:38:23,25314.6,25308,75,25312,75,0,437850
NIFTY-III.NFO,19/05/2025,09:38:25,25308,25305,75,25310.5,150,75,437850
NIFTY-III.NFO,19/05/2025,09:38:26,25308,25305,75,25312,150,0,437850
NIFTY-III.NFO,19/05/2025,09:38:28,25308,25303.7,150,25311.9,75,0,437850
NIFTY-III.NFO,19/05/2025,09:38:30,25308,25304,75,25313,150,0,437850
NIFTY-III.NFO,19/05/2025,09:38:31,25308,25302.7,75,25310.8,150,0,437850
NIFTY-III.NFO,19/05/2025,09:38:33,25308,25301,75,25308.2,150,0,437850
NIFTY-III.NFO,19/05/2025,09:38:35,25308,25301,75,25304.1,75,0,437850
NIFTY-III.NFO,19/05/2025,09:38:36,25308,25301,75,25305.4,75,0,437850
NIFTY-III.NFO,19/05/2025,09:38:38,25308,25301,75,25306.4,75,0,437850
NIFTY-III.NFO,19/05/2025,09:38:40,25308,25301,75,25307.6,150,0,437850
NIFTY-III.NFO,19/05/2025,09:38:41,25308,25301,75,25306,150,0,437850
NIFTY-III.NFO,19/05/2025,09:38:43,25308,25301,75,25304.3,150,0,437850
NIFTY-III.NFO,19/05/2025,09:38:46,25308,25301,75,25304.2,150,0,437850
NIFTY-III.NFO,19/05/2025,09:38:48,25301,25300.1,75,25301.8,75,75,437850
NIFTY-III.NFO,19/05/2025,09:38:50,25301,25300.1,75,25303.8,75,0,437850
NIFTY-III.NFO,19/05/2025,09:38:51,25301,25300.1,75,25303.9,150,0,437850
NIFTY-III.NFO,19/05/2025,09:38:53,25301,25300.1,75,25302.4,75,0,437850
NIFTY-III.NFO,19/05/2025,09:38:55,25301,25300.1,75,25301,75,0,437850
NIFTY-III.NFO,19/05/2025,09:39:00,25301,25300.2,75,25301,75,0,437850
NIFTY-III.NFO,19/05/2025,09:39:03,25301,25300.1,75,25301,75,0,437850
NIFTY-III.NFO,19/05/2025,09:39:06,25300.1,25300,675,25304.2,75,75,437850
NIFTY-III.NFO,19/05/2025,09:39:08,25300.1,25300,675,25305.6,75,0,437850
NIFTY-III.NFO,19/05/2025,09:39:10,25300.1,25300.1,75,25307.1,75,0,437850
NIFTY-III.NFO,19/05/2025,09:39:11,25300.1,25300.1,150,25311.5,150,0,437850
NIFTY-III.NFO,19/05/2025,09:39:13,25300.1,25300.3,150,25308.8,150,0,437850
NIFTY-III.NFO,19/05/2025,09:39:15,25300.1,25300.1,75,25306.8,75,0,437850
NIFTY-III.NFO,19/05/2025,09:39:16,25300.1,25300.2,75,25307.8,75,0,437850
NIFTY-III.NFO,19/05/2025,09:39:18,25300.1,25300.2,75,25309.1,225,0,437850
NIFTY-III.NFO,19/05/2025,09:39:20,25300.1,25300.1,75,25307.4,150,0,437850
NIFTY-III.NFO,19/05/2025,09:39:21,25300.1,25301,75,25305,150,0,437850
NIFTY-III.NFO,19/05/2025,09:39:23,25300.1,25301,75,25305.5,75,0,437850
NIFTY-III.NFO,19/05/2025,09:39:25,25300.1,25301,75,25305.9,75,0,437850
NIFTY-III.NFO,19/05/2025,09:39:26,25300.1,25301,75,25305.9,150,0,437850
NIFTY-III.NFO,19/05/2025,09:39:28,25300.1,25301,75,25304.7,75,0,437850
NIFTY-III.NFO,19/05/2025,09:39:30,25300.1,25301,75,25303.5,75,0,437850
NIFTY-III.NFO,19/05/2025,09:39:31,25300.1,25301,75,25305.9,75,0,437850
NIFTY-III.NFO,19/05/2025,09:39:33,25300.1,25301,75,25305.6,75,0,437850
NIFTY-III.NFO,19/05/2025,09:39:35,25300.1,25301,75,25304.5,75,0,437850
NIFTY-III.NFO,19/05/2025,09:39:36,25300.1,25301,75,25304.1,75,0,437850
NIFTY-III.NFO,19/05/2025,09:39:38,25300.1,25301,75,25303.9,75,0,437850
NIFTY-III.NFO,19/05/2025,09:39:40,25300.1,25301,75,25306,75,0,437850
NIFTY-III.NFO,19/05/2025,09:39:41,25305.2,25301,75,25304.9,75,150,437775
NIFTY-III.NFO,19/05/2025,09:39:43,25305.2,25301,75,25304.9,75,0,437775
NIFTY-III.NFO,19/05/2025,09:39:45,25305.2,25301,75,25305.6,75,0,437775
NIFTY-III.NFO,19/05/2025,09:39:46,25305.2,25301,75,25304.4,75,0,437775
NIFTY-III.NFO,19/05/2025,09:39:48,25301,25300,600,25306.3,150,75,437775
NIFTY-III.NFO,19/05/2025,09:39:50,25301,25300,600,25305,75,0,437775
NIFTY-III.NFO,19/05/2025,09:39:51,25300,25290,150,25293,75,600,437775
NIFTY-III.NFO,19/05/2025,09:39:53,25300,25290,150,25296.2,150,0,437775
NIFTY-III.NFO,19/05/2025,09:39:55,25300,25290.1,75,25296.3,75,0,437775
NIFTY-III.NFO,19/05/2025,09:39:56,25300,25290.1,150,25298.2,150,0,437775
NIFTY-III.NFO,19/05/2025,09:39:58,25300,25290.1,150,25298.3,150,0,437775
NIFTY-III.NFO,19/05/2025,09:40:00,25300,25290.1,150,25298.2,150,0,437775
NIFTY-III.NFO,19/05/2025,09:40:01,25300,25290.1,75,25297.1,75,0,437775
NIFTY-III.NFO,19/05/2025,09:40:03,25300,25290,150,25295.3,75,0,437775
NIFTY-III.NFO,19/05/2025,09:40:05,25300,25290.1,75,25296.7,75,0,437775
NIFTY-III.NFO,19/05/2025,09:40:06,25300,25290,150,25296.2,150,0,437775
NIFTY-III.NFO,19/05/2025,09:40:08,25300,25290,150,25290.1,75,0,437775
NIFTY-III.NFO,19/05/2025,09:40:11,25290,25285.1,75,25290.1,75,150,437775
NIFTY-III.NFO,19/05/2025,09:40:13,25290,25285,150,25290.1,75,0,437775
NIFTY-III.NFO,19/05/2025,09:40:16,25290,25285.1,75,25290,75,0,437775
NIFTY-III.NFO,19/05/2025,09:40:18,25290,25287.6,150,25290,75,0,437775
NIFTY-III.NFO,19/05/2025,09:40:20,25290,25285.1,150,25290,150,0,437775
NIFTY-III.NFO,19/05/2025,09:40:21,25290,25287.4,150,25298.6,150,150,437775
NIFTY-III.NFO,19/05/2025,09:40:23,25290,25292.9,150,25300,75,0,437775
NIFTY-III.NFO,19/05/2025,09:40:25,25290,25292.1,150,25299.9,150,0,437775
NIFTY-III.NFO,19/05/2025,09:40:26,25290,25291.6,150,25299.7,75,0,437775
NIFTY-III.NFO,19/05/2025,09:40:28,25290,25292.1,75,25299.8,75,0,437775
NIFTY-III.NFO,19/05/2025,09:40:30,25290,25291,75,25300,225,0,437775
NIFTY-III.NFO,19/05/2025,09:40:31,25292.3,25292.5,75,25300,225,150,437775
NIFTY-III.NFO,19/05/2025,09:40:33,25292.3,25291.6,150,25299.7,75,0,437775
NIFTY-III.NFO,19/05/2025,09:40:35,25292.3,25292.3,75,25300,300,0,437775
NIFTY-III.NFO,19/05/2025,09:40:36,25291.6,25292.4,150,25300,225,150,437775
NIFTY-III.NFO,19/05/2025,09:40:38,25291.6,25292.3,75,25297.8,75,0,437775
NIFTY-III.NFO,19/05/2025,09:40:40,25291.6,25292.3,75,25296.1,75,0,437775
NIFTY-III.NFO,19/05/2025,09:40:41,25291.6,25292.3,75,25296.7,150,0,437775
NIFTY-III.NFO,19/05/2025,09:40:43,25292.3,25285.2,75,25296,75,75,437775
NIFTY-III.NFO,19/05/2025,09:40:45,25292.3,25285.3,150,25294.6,150,0,437775
NIFTY-III.NFO,19/05/2025,09:40:46,25292.3,25285.4,75,25294.4,75,0,437775
NIFTY-III.NFO,19/05/2025,09:40:48,25292.3,25285.3,150,25293.4,150,0,437775
NIFTY-III.NFO,19/05/2025,09:40:50,25292.3,25285.3,150,25293.4,75,0,437775
NIFTY-III.NFO,19/05/2025,09:40:51,25292.3,25285.9,75,25294.6,225,0,437775
NIFTY-III.NFO,19/05/2025,09:40:53,25292.3,25289,150,25297.1,75,0,437775
NIFTY-III.NFO,19/05/2025,09:40:55,25292.3,25292,150,25300,225,0,437775
NIFTY-III.NFO,19/05/2025,09:40:56,25292.3,25291.3,150,25299.9,75,0,437775
NIFTY-III.NFO,19/05/2025,09:40:58,25292.3,25291.8,150,25299.9,75,0,437775
NIFTY-III.NFO,19/05/2025,09:41:00,25292.3,25292.1,75,25300,225,0,437775
NIFTY-III.NFO,19/05/2025,09:41:01,25292.3,25297,150,25300,225,0,437775
NIFTY-III.NFO,19/05/2025,09:41:03,25292.3,25297,225,25300,75,0,437775
NIFTY-III.NFO,19/05/2025,09:41:05,25292.3,25296,75,25300,75,0,437775
NIFTY-III.NFO,19/05/2025,09:41:06,25292.3,25292.9,225,25300,75,0,437775
NIFTY-III.NFO,19/05/2025,09:41:08,25292.3,25291.8,75,25300,75,0,437775
NIFTY-III.NFO,19/05/2025,09:41:10,25292.3,25292.5,150,25300,75,0,437775
NIFTY-III.NFO,19/05/2025,09:41:11,25300,25295,150,25303.2,75,75,437775
NIFTY-III.NFO,19/05/2025,09:41:13,25300,25293.3,75,25302.2,150,0,437775
NIFTY-III.NFO,19/05/2025,09:41:15,25300,25291.6,375,25300.6,75,0,437775
NIFTY-III.NFO,19/05/2025,09:41:16,25300,25291.7,150,25300,75,0,437775
NIFTY-III.NFO,19/05/2025,09:41:20,25300,25291.9,150,25300,75,0,437775
NIFTY-III.NFO,19/05/2025,09:41:22,25300,25291.7,150,25299.7,150,0,437775
NIFTY-III.NFO,19/05/2025,09:41:23,25300,25292.5,150,25300,75,0,437775
NIFTY-III.NFO,19/05/2025,09:41:25,25300,25293.5,75,25300,75,0,437775
NIFTY-III.NFO,19/05/2025,09:41:27,25300,25292.8,150,25300,75,0,437775
NIFTY-III.NFO,19/05/2025,09:41:28,25300,25293.5,150,25300,75,0,437775
NIFTY-III.NFO,19/05/2025,09:41:30,25300,25295.3,150,25300,225,0,437775
NIFTY-III.NFO,19/05/2025,09:41:32,25300,25292.7,150,25300,225,0,437775
NIFTY-III.NFO,19/05/2025,09:41:35,25293.4,25292.8,150,25300,225,75,437775
NIFTY-III.NFO,19/05/2025,09:41:37,25293.4,25292.9,150,25300,225,0,437775
NIFTY-III.NFO,19/05/2025,09:41:38,25293.4,25292.1,150,25299.9,150,0,437775
NIFTY-III.NFO,19/05/2025,09:41:40,25293.4,25291.6,375,25299.8,150,0,437775
NIFTY-III.NFO,19/05/2025,09:41:42,25293.4,25291.6,300,25297.7,150,0,437775
NIFTY-III.NFO,19/05/2025,09:41:43,25293.4,25291.6,300,25298.3,150,0,437775
NIFTY-III.NFO,19/05/2025,09:41:45,25293.4,25295,300,25299.7,75,0,437775
NIFTY-III.NFO,19/05/2025,09:41:47,25293.4,25295,300,25298.5,75,0,437775
NIFTY-III.NFO,19/05/2025,09:41:48,25293.4,25295,300,25299.9,75,0,437775
NIFTY-III.NFO,19/05/2025,09:41:50,25293.4,25295,300,25300,1050,0,437775
NIFTY-III.NFO,19/05/2025,09:41:52,25293.4,25297.1,150,25300,1050,0,437775
NIFTY-III.NFO,19/05/2025,09:41:53,25300,25299.1,150,25308.7,75,1050,437775
NIFTY-III.NFO,19/05/2025,09:41:55,25300,25300.2,75,25308.6,150,0,437775
NIFTY-III.NFO,19/05/2025,09:41:57,25300,25299.4,150,25308.6,150,0,437775
NIFTY-III.NFO,19/05/2025,09:41:58,25300,25299.7,150,25308.6,75,0,437775
NIFTY-III.NFO,19/05/2025,09:42:00,25300,25300.3,75,25309.3,150,0,437775
NIFTY-III.NFO,19/05/2025,09:42:02,25300,25300.3,150,25311.9,75,0,437775
NIFTY-III.NFO,19/05/2025,09:42:03,25300,25304.2,75,25312.2,75,0,437775
NIFTY-III.NFO,19/05/2025,09:42:05,25300,25304.6,75,25313.2,75,0,437775
NIFTY-III.NFO,19/05/2025,09:42:07,25300,25302.6,75,25313,150,0,437775
NIFTY-III.NFO,19/05/2025,09:42:08,25300,25303.2,150,25311.5,150,0,437775
NIFTY-III.NFO,19/05/2025,09:42:10,25300,25301.8,150,25311.4,75,0,437775
NIFTY-III.NFO,19/05/2025,09:42:12,25300,25298.3,150,25307.5,150,0,437775
NIFTY-III.NFO,19/05/2025,09:42:13,25307.5,25298.3,75,25307.6,75,75,437775
NIFTY-III.NFO,19/05/2025,09:42:15,25307.5,25299.4,75,25308.6,75,0,437775
NIFTY-III.NFO,19/05/2025,09:42:17,25307.5,25297.5,75,25306.3,150,0,437775
NIFTY-III.NFO,19/05/2025,09:42:18,25307.5,25305,300,25306.6,75,0,437775
NIFTY-III.NFO,19/05/2025,09:42:20,25305,25305,225,25308.3,75,75,437775
NIFTY-III.NFO,19/05/2025,09:42:21,25305,25305,75,25307.1,150,150,437775
NIFTY-III.NFO,19/05/2025,09:42:23,25305,25305,75,25307.8,75,0,437775
NIFTY-III.NFO,19/05/2025,09:42:25,25305,25305,75,25307.5,150,0,437775
NIFTY-III.NFO,19/05/2025,09:42:26,25305,25297.9,150,25306.6,75,75,437775
NIFTY-III.NFO,19/05/2025,09:42:28,25305,25299.3,150,25305,75,0,437775
NIFTY-III.NFO,19/05/2025,09:42:30,25305,25302.2,75,25305,75,0,437775
NIFTY-III.NFO,19/05/2025,09:42:31,25305,25302,75,25305,75,0,437775
NIFTY-III.NFO,19/05/2025,09:42:33,25305,25302.5,75,25305,75,0,437775
NIFTY-III.NFO,19/05/2025,09:42:35,25305,25303.6,75,25305,75,0,437775
NIFTY-III.NFO,19/05/2025,09:42:36,25305,25301.2,300,25305,75,0,437775
NIFTY-III.NFO,19/05/2025,09:42:38,25305,25300,75,25305,75,0,437775
NIFTY-III.NFO,19/05/2025,09:42:40,25305,25300.9,150,25305,75,0,437775
NIFTY-III.NFO,19/05/2025,09:42:41,25305,25301.6,150,25305,75,0,437775
NIFTY-III.NFO,19/05/2025,09:42:43,25301,25301.7,75,25305,75,75,437925
NIFTY-III.NFO,19/05/2025,09:42:45,25301,25300.8,75,25305,75,0,437925
NIFTY-III.NFO,19/05/2025,09:42:46,25301,25300.7,150,25305,75,0,437925
NIFTY-III.NFO,19/05/2025,09:42:48,25301,25300,75,25305,75,0,437925
NIFTY-III.NFO,19/05/2025,09:42:51,25301,25301.1,75,25305,75,0,437925
NIFTY-III.NFO,19/05/2025,09:42:53,25301,25301.6,150,25305,75,0,437925
NIFTY-III.NFO,19/05/2025,09:42:55,25301,25300,75,25305,75,0,437925
NIFTY-III.NFO,19/05/2025,09:42:56,25301,25300,75,25301.1,75,0,437925
NIFTY-III.NFO,19/05/2025,09:43:00,25301,25300.1,75,25301.1,75,0,437925
NIFTY-III.NFO,19/05/2025,09:43:02,25301,25300,75,25301.1,75,0,437925
NIFTY-III.NFO,19/05/2025,09:43:07,25301,25301,75,25301.1,75,0,437925
NIFTY-III.NFO,19/05/2025,09:43:08,25301.1,25301,75,25305,75,75,437925
NIFTY-III.NFO,19/05/2025,09:43:10,25301.1,25302.2,75,25305,75,0,437925
NIFTY-III.NFO,19/05/2025,09:43:12,25301.1,25301.2,75,25305,75,0,437925
NIFTY-III.NFO,19/05/2025,09:43:13,25301.1,25301,75,25305,75,0,437925
NIFTY-III.NFO,19/05/2025,09:43:15,25301.1,25301.5,150,25305,75,0,437925
NIFTY-III.NFO,19/05/2025,09:43:17,25301.1,25302.6,150,25305,75,0,437925
NIFTY-III.NFO,19/05/2025,09:43:18,25301.1,25301.1,150,25305,75,0,437925
NIFTY-III.NFO,19/05/2025,09:43:20,25301.1,25301,75,25305,75,0,437925
NIFTY-III.NFO,19/05/2025,09:43:21,25301.1,25303.3,150,25305,75,0,437925
NIFTY-III.NFO,19/05/2025,09:43:23,25301.1,25304.3,150,25305,75,0,437925
NIFTY-III.NFO,19/05/2025,09:43:25,25305,25306.1,150,25314.7,150,75,437925
NIFTY-III.NFO,19/05/2025,09:43:26,25305,25306.2,150,25316.4,75,0,437925
NIFTY-III.NFO,19/05/2025,09:43:28,25305,25309.7,75,25319.7,75,0,437925
NIFTY-III.NFO,19/05/2025,09:43:30,25305,25308.9,300,25318.8,75,0,437925
NIFTY-III.NFO,19/05/2025,09:43:31,25305,25306.6,150,25315.5,150,0,437925
NIFTY-III.NFO,19/05/2025,09:43:33,25305,25306.5,75,25315.5,150,0,437925
NIFTY-III.NFO,19/05/2025,09:43:35,25305,25307.6,75,25316.6,150,0,437925
NIFTY-III.NFO,19/05/2025,09:43:36,25305,25308.9,75,25317.7,150,0,437925
NIFTY-III.NFO,19/05/2025,09:43:38,25305,25308.7,150,25317.7,150,0,437925
NIFTY-III.NFO,19/05/2025,09:43:40,25305,25306.8,75,25317.2,75,0,437925
NIFTY-III.NFO,19/05/2025,09:43:41,25305,25310.6,150,25319.9,150,0,437925
NIFTY-III.NFO,19/05/2025,09:43:43,25305,25311.3,150,25319.8,75,0,437925
NIFTY-III.NFO,19/05/2025,09:43:45,25305,25310.7,150,25319.9,150,0,437925
NIFTY-III.NFO,19/05/2025,09:43:46,25305,25311,150,25319.9,150,0,437925
NIFTY-III.NFO,19/05/2025,09:43:48,25305,25310.9,150,25319.8,75,0,437925
NIFTY-III.NFO,19/05/2025,09:43:50,25305,25309.6,75,25318.9,75,0,437925
NIFTY-III.NFO,19/05/2025,09:43:51,25305,25309.7,150,25319.2,150,0,437925
NIFTY-III.NFO,19/05/2025,09:43:53,25309.7,25310.7,225,25319.4,150,75,437925
NIFTY-III.NFO,19/05/2025,09:43:55,25309.7,25310.9,225,25319.9,75,0,437925
NIFTY-III.NFO,19/05/2025,09:43:56,25309.7,25315.1,150,25320,75,0,437925
NIFTY-III.NFO,19/05/2025,09:43:58,25309.7,25312.5,225,25320,75,0,437925
NIFTY-III.NFO,19/05/2025,09:44:00,25309.7,25313.7,225,25320,75,0,437925
NIFTY-III.NFO,19/05/2025,09:44:01,25309.7,25314.8,225,25320,75,0,437925
NIFTY-III.NFO,19/05/2025,09:44:03,25309.7,25319.2,150,25320,75,0,437925
NIFTY-III.NFO,19/05/2025,09:44:05,25320,25319.4,75,25330.2,75,75,437925
NIFTY-III.NFO,19/05/2025,09:44:06,25320,25318.2,225,25327.3,75,0,437925
NIFTY-III.NFO,19/05/2025,09:44:08,25320,25320,75,25325,150,0,437925
NIFTY-III.NFO,19/05/2025,09:44:10,25320,25320,75,25324.9,75,0,437925
NIFTY-III.NFO,19/05/2025,09:44:11,25320,25320,75,25323.9,150,0,437925
NIFTY-III.NFO,19/05/2025,09:44:13,25320,25312.8,225,25323.7,150,75,437925
NIFTY-III.NFO,19/05/2025,09:44:15,25320,25313.4,225,25322.8,75,0,437925
NIFTY-III.NFO,19/05/2025,09:44:16,25320,25313.4,150,25321.8,75,0,437925
NIFTY-III.NFO,19/05/2025,09:44:18,25320,25311.5,150,25320.8,75,0,437925
NIFTY-III.NFO,19/05/2025,09:44:20,25320,25311.5,150,25319.2,150,0,437925
NIFTY-III.NFO,19/05/2025,09:44:21,25320,25310.4,225,25319.2,150,0,437925
NIFTY-III.NFO,19/05/2025,09:44:23,25320,25309.4,225,25318.8,75,0,437925
NIFTY-III.NFO,19/05/2025,09:44:25,25320,25308.4,150,25317.2,75,0,437925
NIFTY-III.NFO,19/05/2025,09:44:26,25320,25309.7,225,25318.7,150,0,437925
NIFTY-III.NFO,19/05/2025,09:44:30,25320,25306.5,375,25316.5,75,0,437925
NIFTY-III.NFO,19/05/2025,09:44:31,25320,25304.2,225,25313.6,75,0,437925
NIFTY-III.NFO,19/05/2025,09:44:33,25313.6,25304.3,150,25313.4,75,75,437925
NIFTY-III.NFO,19/05/2025,09:44:35,25313.6,25306.2,75,25315,150,0,437925
NIFTY-III.NFO,19/05/2025,09:44:36,25313.6,25306.2,75,25315,75,0,437925
NIFTY-III.NFO,19/05/2025,09:44:38,25313.6,25305.7,75,25315.2,150,0,437925
NIFTY-III.NFO,19/05/2025,09:44:40,25313.6,25306.6,75,25317.1,75,0,437925
NIFTY-III.NFO,19/05/2025,09:44:41,25313.6,25308,150,25316.5,150,0,437925
NIFTY-III.NFO,19/05/2025,09:44:43,25313.6,25304.8,75,25315.5,150,0,437925
NIFTY-III.NFO,19/05/2025,09:44:45,25313.6,25302.8,75,25312.1,75,0,437925
NIFTY-III.NFO,19/05/2025,09:44:46,25313.6,25301.9,150,25310.8,75,0,437925
NIFTY-III.NFO,19/05/2025,09:44:48,25313.6,25301.1,150,25310.6,150,0,437925
NIFTY-III.NFO,19/05/2025,09:44:50,25313.6,25301.4,150,25310.7,150,0,437925
NIFTY-III.NFO,19/05/2025,09:44:51,25313.6,25302.6,75,25313.1,75,0,437925
NIFTY-III.NFO,19/05/2025,09:44:53,25313.6,25303.9,150,25312.7,75,0,437925
NIFTY-III.NFO,19/05/2025,09:44:55,25313.6,25304.8,75,25314.1,75,0,437925
NIFTY-III.NFO,19/05/2025,09:44:56,25313.6,25305.6,150,25314.1,150,0,437925
NIFTY-III.NFO,19/05/2025,09:44:58,25313.6,25304.5,150,25314,150,0,437925
NIFTY-III.NFO,19/05/2025,09:45:00,25313.6,25303.7,150,25313.7,75,0,437925
NIFTY-III.NFO,19/05/2025,09:45:02,25312.4,25304.2,75,25313.3,150,75,437925
NIFTY-III.NFO,19/05/2025,09:45:03,25312.4,25304,75,25312.5,75,0,437925
NIFTY-III.NFO,19/05/2025,09:45:05,25312.4,25304.9,75,25314.2,150,0,437925
NIFTY-III.NFO,19/05/2025,09:45:07,25312.4,25303.5,150,25311.7,150,0,437925
NIFTY-III.NFO,19/05/2025,09:45:08,25312.4,25302.3,75,25311.4,75,0,437925
NIFTY-III.NFO,19/05/2025,09:45:10,25312.4,25300.3,150,25310.2,150,0,437925
NIFTY-III.NFO,19/05/2025,09:45:12,25312.4,25300.2,75,25308.8,150,0,437925
NIFTY-III.NFO,19/05/2025,09:45:13,25307.5,25300,150,25305.9,75,75,437925
NIFTY-III.NFO,19/05/2025,09:45:17,25307.5,25300,150,25306.2,150,0,437925
NIFTY-III.NFO,19/05/2025,09:45:18,25307.5,25300,150,25307.9,150,0,437925
NIFTY-III.NFO,19/05/2025,09:45:20,25307.5,25300,150,25306.5,150,0,437925
NIFTY-III.NFO,19/05/2025,09:45:22,25305.3,25300,150,25304,150,75,437925
NIFTY-III.NFO,19/05/2025,09:45:23,25300,25291.6,300,25299.1,150,150,437925
NIFTY-III.NFO,19/05/2025,09:45:25,25300,25291.6,300,25296.7,75,0,437925
NIFTY-III.NFO,19/05/2025,09:45:27,25300.2,25291.6,300,25297.4,150,75,437925
NIFTY-III.NFO,19/05/2025,09:45:28,25300.2,25291.7,75,25299.6,150,0,437925
NIFTY-III.NFO,19/05/2025,09:45:30,25300.2,25291.7,150,25301.1,375,0,437925
NIFTY-III.NFO,19/05/2025,09:45:32,25300.2,25291.7,150,25301.6,150,0,437925
NIFTY-III.NFO,19/05/2025,09:45:33,25300.2,25292.5,75,25301.4,150,0,437925
NIFTY-III.NFO,19/05/2025,09:45:35,25300.2,25291.9,150,25300,75,0,437925
NIFTY-III.NFO,19/05/2025,09:45:37,25300.2,25292.7,150,25300,75,0,437925
NIFTY-III.NFO,19/05/2025,09:45:38,25300.2,25291.7,150,25300,150,0,437925
NIFTY-III.NFO,19/05/2025,09:45:40,25300.2,25292.3,150,25300,75,0,437925
NIFTY-III.NFO,19/05/2025,09:45:42,25300.2,25295.2,150,25300,75,0,437925
NIFTY-III.NFO,19/05/2025,09:45:43,25300.2,25295.1,75,25300,75,0,437925
NIFTY-III.NFO,19/05/2025,09:45:45,25300.2,25296.4,150,25300,75,0,437925
NIFTY-III.NFO,19/05/2025,09:45:47,25300.2,25297.9,75,25300,75,0,437925
NIFTY-III.NFO,19/05/2025,09:45:48,25300.2,25295.9,75,25300,75,0,437925
NIFTY-III.NFO,19/05/2025,09:45:52,25300.2,25296,75,25300,75,0,437925
NIFTY-III.NFO,19/05/2025,09:45:53,25300.2,25297.6,75,25300,75,0,437925
NIFTY-III.NFO,19/05/2025,09:45:55,25300.2,25297.6,150,25308.4,150,150,438300
NIFTY-III.NFO,19/05/2025,09:45:57,25300.2,25303.7,150,25312.1,75,0,438300
NIFTY-III.NFO,19/05/2025,09:45:58,25300.2,25302.5,75,25311.4,150,0,438300
NIFTY-III.NFO,19/05/2025,09:46:00,25300.2,25300.1,75,25309.1,150,0,438300
NIFTY-III.NFO,19/05/2025,09:46:02,25300.2,25298.6,75,25307.6,150,0,438300
NIFTY-III.NFO,19/05/2025,09:46:03,25300.2,25298.1,150,25307.4,150,0,438300
NIFTY-III.NFO,19/05/2025,09:46:05,25300.2,25297.3,150,25306.3,150,0,438300
NIFTY-III.NFO,19/05/2025,09:46:07,25300.2,25296,75,25306.2,75,0,438300
NIFTY-III.NFO,19/05/2025,09:46:08,25300.2,25294.6,150,25303.5,150,0,438300
NIFTY-III.NFO,19/05/2025,09:46:10,25300.2,25297,150,25305.6,150,0,438300
NIFTY-III.NFO,19/05/2025,09:46:12,25300.2,25295.4,75,25305.6,150,0,438300
NIFTY-III.NFO,19/05/2025,09:46:13,25300.2,25296.8,150,25305.6,150,0,438300
NIFTY-III.NFO,19/05/2025,09:46:15,25300.2,25297.9,75,25307.3,150,0,438300
NIFTY-III.NFO,19/05/2025,09:46:17,25300.2,25296.6,150,25305.7,150,0,438300
NIFTY-III.NFO,19/05/2025,09:46:18,25300.2,25294.7,75,25303.8,150,0,438300
NIFTY-III.NFO,19/05/2025,09:46:20,25300.2,25293.5,150,25302.7,150,0,438300
NIFTY-III.NFO,19/05/2025,09:46:22,25300.2,25295,150,25300.2,75,0,438300
NIFTY-III.NFO,19/05/2025,09:46:23,25300.2,25294.9,150,25300.2,75,0,438300
NIFTY-III.NFO,19/05/2025,09:46:25,25300.2,25300,75,25300.2,75,0,438300
NIFTY-III.NFO,19/05/2025,09:46:33,25300.2,25297.9,75,25300.2,75,0,438300
NIFTY-III.NFO,19/05/2025,09:46:35,25300.2,25299.4,75,25300,75,0,438300
NIFTY-III.NFO,19/05/2025,09:46:37,25300.2,25297.8,150,25300,75,0,438300
NIFTY-III.NFO,19/05/2025,09:46:38,25300.2,25296.9,150,25300,75,0,438300
NIFTY-III.NFO,19/05/2025,09:46:40,25300.2,25298.7,75,25300,75,0,438300
NIFTY-III.NFO,19/05/2025,09:46:42,25300.2,25299.8,75,25300,75,0,438300
NIFTY-III.NFO,19/05/2025,09:46:43,25300.2,25298.8,150,25300,75,0,438300
NIFTY-III.NFO,19/05/2025,09:46:45,25300,25298.3,150,25306,75,75,438300
NIFTY-III.NFO,19/05/2025,09:46:47,25300,25297.5,150,25306,150,0,438300
NIFTY-III.NFO,19/05/2025,09:46:48,25300,25300,75,25306,75,0,438300
NIFTY-III.NFO,19/05/2025,09:46:50,25300,25300.3,75,25306,75,0,438300
NIFTY-III.NFO,19/05/2025,09:46:53,25300,25302.8,75,25306,75,0,438300
NIFTY-III.NFO,19/05/2025,09:46:55,25306,25302.1,75,25310.8,150,75,438300
NIFTY-III.NFO,19/05/2025,09:46:57,25306,25300.2,75,25309.4,150,0,438300
NIFTY-III.NFO,19/05/2025,09:46:58,25306,25300.1,150,25309.3,150,0,438300
NIFTY-III.NFO,19/05/2025,09:47:00,25306,25300.1,150,25309.8,75,0,438300
NIFTY-III.NFO,19/05/2025,09:47:02,25306,25300.1,150,25310.8,150,0,438300
NIFTY-III.NFO,19/05/2025,09:47:03,25306,25301.1,75,25311.4,75,0,438300
NIFTY-III.NFO,19/05/2025,09:47:05,25306,25305.4,150,25313,75,0,438300
NIFTY-III.NFO,19/05/2025,09:47:07,25306,25303.4,150,25312.5,75,0,438300
NIFTY-III.NFO,19/05/2025,09:47:08,25312.4,25304.3,150,25313.4,375,75,438300
NIFTY-III.NFO,19/05/2025,09:47:10,25312.4,25304.3,150,25313.4,375,0,438300
NIFTY-III.NFO,19/05/2025,09:47:12,25312.4,25304.5,75,25313.4,375,0,438300
NIFTY-III.NFO,19/05/2025,09:47:13,25312.4,25306.7,75,25315.5,150,0,438300
NIFTY-III.NFO,19/05/2025,09:47:15,25312.4,25309.5,75,25318.2,150,0,438300
NIFTY-III.NFO,19/05/2025,09:47:17,25312.4,25309.7,150,25318.2,150,0,438300
NIFTY-III.NFO,19/05/2025,09:47:18,25312.4,25308.3,150,25318.2,150,0,438300
NIFTY-III.NFO,19/05/2025,09:47:20,25312.4,25308.8,300,25318.2,150,0,438300
NIFTY-III.NFO,19/05/2025,09:47:22,25312.4,25308.9,150,25318.2,225,0,438300
NIFTY-III.NFO,19/05/2025,09:47:23,25312.4,25310.5,150,25318.2,75,0,438300
NIFTY-III.NFO,19/05/2025,09:47:25,25312.4,25313.3,75,25320,75,0,438300
NIFTY-III.NFO,19/05/2025,09:47:27,25312.4,25313,150,25320,75,0,438300
NIFTY-III.NFO,19/05/2025,09:47:28,25312.4,25311.6,150,25320,150,0,438300
NIFTY-III.NFO,19/05/2025,09:47:30,25312.4,25312.4,75,25320,150,0,438300
NIFTY-III.NFO,19/05/2025,09:47:32,25312.4,25312.4,75,25318.1,75,0,438300
NIFTY-III.NFO,19/05/2025,09:47:33,25312.4,25312.5,75,25315,75,0,438300
NIFTY-III.NFO,19/05/2025,09:47:35,25312.4,25312.4,75,25315,75,0,438300
NIFTY-III.NFO,19/05/2025,09:47:43,25312.4,25312.4,150,25315,75,0,438300
NIFTY-III.NFO,19/05/2025,09:47:45,25312.4,25313.3,75,25315,75,0,438300
NIFTY-III.NFO,19/05/2025,09:47:47,25312.4,25312.5,75,25315,75,0,438300
NIFTY-III.NFO,19/05/2025,09:47:53,25312.4,25313.3,150,25315,75,0,438300
NIFTY-III.NFO,19/05/2025,09:47:55,25315,25313.5,75,25320,75,75,438300
NIFTY-III.NFO,19/05/2025,09:47:58,25315,25312.4,150,25319.9,150,0,438300
NIFTY-III.NFO,19/05/2025,09:48:00,25315,25312.4,150,25316.5,150,0,438300
NIFTY-III.NFO,19/05/2025,09:48:02,25315,25312.4,150,25317.6,75,0,438300
NIFTY-III.NFO,19/05/2025,09:48:03,25315,25312.4,150,25319.3,150,0,438300
NIFTY-III.NFO,19/05/2025,09:48:08,25315,25312.4,150,25318.2,150,0,438300
NIFTY-III.NFO,19/05/2025,09:48:10,25318,25312.4,150,25317.2,150,75,438300
NIFTY-III.NFO,19/05/2025,09:48:12,25318,25312.4,150,25314.9,75,0,438300
NIFTY-III.NFO,19/05/2025,09:48:13,25312.4,25312,75,25313.8,75,150,438300
NIFTY-III.NFO,19/05/2025,09:48:15,25312,25303.5,150,25312.4,150,75,438300
NIFTY-III.NFO,19/05/2025,09:48:17,25312,25303.4,225,25312.3,75,0,438300
NIFTY-III.NFO,19/05/2025,09:48:18,25312,25303.4,225,25312.1,450,0,438300
NIFTY-III.NFO,19/05/2025,09:48:20,25312,25301.4,75,25311.5,150,0,438300
NIFTY-III.NFO,19/05/2025,09:48:22,25312,25298.5,75,25308.8,150,0,438300
NIFTY-III.NFO,19/05/2025,09:48:23,25312,25299.3,75,25308.7,75,0,438300
NIFTY-III.NFO,19/05/2025,09:48:25,25312,25297.4,150,25307,150,0,438300
NIFTY-III.NFO,19/05/2025,09:48:28,25312,25298.5,75,25307,150,0,438300
NIFTY-III.NFO,19/05/2025,09:48:32,25312,25296.8,150,25306.1,150,0,438300
NIFTY-III.NFO,19/05/2025,09:48:33,25312,25296.8,150,25307,150,0,438300
NIFTY-III.NFO,19/05/2025,09:48:35,25312,25299.4,75,25308.5,150,0,438300
NIFTY-III.NFO,19/05/2025,09:48:37,25312,25299.3,75,25308,150,0,438300
NIFTY-III.NFO,19/05/2025,09:48:38,25312,25299.4,75,25308,150,0,438300
NIFTY-III.NFO,19/05/2025,09:48:40,25312,25299.4,75,25309.2,525,0,438300
NIFTY-III.NFO,19/05/2025,09:48:42,25312,25299.4,75,25310.4,150,0,438300
NIFTY-III.NFO,19/05/2025,09:48:43,25312,25300.5,75,25309.6,150,0,438300
NIFTY-III.NFO,19/05/2025,09:48:45,25312,25300.5,150,25309.6,150,0,438300
NIFTY-III.NFO,19/05/2025,09:48:47,25312,25300.1,150,25308.5,150,0,438300
NIFTY-III.NFO,19/05/2025,09:48:48,25312,25300.1,150,25308.3,75,0,438300
NIFTY-III.NFO,19/05/2025,09:48:50,25312,25300.9,75,25310.4,150,0,438300
NIFTY-III.NFO,19/05/2025,09:48:52,25312,25305.3,75,25314.6,150,0,438300
NIFTY-III.NFO,19/05/2025,09:48:53,25312,25302.4,75,25313.5,150,0,438300
NIFTY-III.NFO,19/05/2025,09:48:55,25312,25302.4,75,25311.3,150,0,438300
NIFTY-III.NFO,19/05/2025,09:48:57,25312,25302.4,75,25311.9,150,0,438300
NIFTY-III.NFO,19/05/2025,09:48:58,25312,25302.4,150,25311.8,75,0,438300
NIFTY-III.NFO,19/05/2025,09:49:00,25312,25303,450,25312.6,150,0,438300
NIFTY-III.NFO,19/05/2025,09:49:02,25312,25306.1,150,25312.6,150,0,438300
NIFTY-III.NFO,19/05/2025,09:49:03,25312,25306,150,25312.6,150,0,438300
NIFTY-III.NFO,19/05/2025,09:49:05,25312,25304.8,150,25312.6,225,0,438300
NIFTY-III.NFO,19/05/2025,09:49:07,25312,25306,150,25312.6,150,0,438300
NIFTY-III.NFO,19/05/2025,09:49:08,25312,25306.4,150,25312.6,150,0,438300
NIFTY-III.NFO,19/05/2025,09:49:10,25312.6,25309.6,75,25315,75,150,438300
NIFTY-III.NFO,19/05/2025,09:49:12,25307.2,25307.4,150,25315,75,450,438300
NIFTY-III.NFO,19/05/2025,09:49:14,25307.2,25305.6,225,25314.9,150,0,438300
NIFTY-III.NFO,19/05/2025,09:49:15,25307.2,25306.3,150,25314.9,150,0,438300
NIFTY-III.NFO,19/05/2025,09:49:17,25307.2,25305.4,150,25314.9,150,0,438300
NIFTY-III.NFO,19/05/2025,09:49:19,25307.2,25304.3,75,25314.4,75,0,438300
NIFTY-III.NFO,19/05/2025,09:49:20,25307.2,25305.9,75,25314.8,75,0,438300
NIFTY-III.NFO,19/05/2025,09:49:22,25307.2,25306.6,150,25315,75,0,438300
NIFTY-III.NFO,19/05/2025,09:49:24,25307.2,25309.2,75,25315,75,0,438300
NIFTY-III.NFO,19/05/2025,09:49:25,25307.2,25310.2,75,25315,75,0,438300
NIFTY-III.NFO,19/05/2025,09:49:27,25307.2,25308.8,75,25315,75,0,438300
NIFTY-III.NFO,19/05/2025,09:49:29,25307.2,25309.9,75,25315,75,0,438300
NIFTY-III.NFO,19/05/2025,09:49:30,25307.2,25311.6,75,25315,75,0,438300
NIFTY-III.NFO,19/05/2025,09:49:32,25307.2,25309.1,150,25315,75,0,438300
NIFTY-III.NFO,19/05/2025,09:49:34,25307.2,25308.3,150,25315,75,0,438300
NIFTY-III.NFO,19/05/2025,09:49:37,25307.2,25308.2,150,25315,75,0,438300
NIFTY-III.NFO,19/05/2025,09:49:39,25307.2,25310.5,150,25315,75,0,438300
NIFTY-III.NFO,19/05/2025,09:49:40,25307.2,25311.2,75,25315,75,0,438300
NIFTY-III.NFO,19/05/2025,09:49:42,25307.2,25312.2,150,25315,75,0,438300
NIFTY-III.NFO,19/05/2025,09:49:44,25307.2,25312.3,75,25315,75,0,438300
NIFTY-III.NFO,19/05/2025,09:49:45,25307.2,25311.2,150,25315,75,0,438300
NIFTY-III.NFO,19/05/2025,09:49:47,25307.2,25310.2,75,25315,75,0,438300
NIFTY-III.NFO,19/05/2025,09:49:49,25307.2,25311.3,150,25315,75,0,438300
NIFTY-III.NFO,19/05/2025,09:49:50,25307.2,25311,150,25315,75,0,438300
NIFTY-III.NFO,19/05/2025,09:49:52,25307.2,25313,150,25315,75,0,438300
NIFTY-III.NFO,19/05/2025,09:49:54,25307.2,25310,75,25315,75,0,438300
NIFTY-III.NFO,19/05/2025,09:49:59,25307.2,25310.1,75,25315,75,0,438300
NIFTY-III.NFO,19/05/2025,09:50:00,25315,25312.3,75,25319.9,75,75,438300
NIFTY-III.NFO,19/05/2025,09:50:02,25315,25311,75,25319.9,150,0,438300
NIFTY-III.NFO,19/05/2025,09:50:03,25315,25310,150,25318.9,150,0,438300
NIFTY-III.NFO,19/05/2025,09:50:05,25315,25310,150,25318.7,150,0,438300
NIFTY-III.NFO,19/05/2025,09:50:07,25315,25310,150,25318.1,75,0,438300
NIFTY-III.NFO,19/05/2025,09:50:08,25315,25310,75,25318,75,0,438300
NIFTY-III.NFO,19/05/2025,09:50:10,25315,25310,75,25316.8,150,0,438300
NIFTY-III.NFO,19/05/2025,09:50:12,25315,25310,75,25316.3,150,0,438300
NIFTY-III.NFO,19/05/2025,09:50:13,25315,25310,75,25317.7,150,0,438300
NIFTY-III.NFO,19/05/2025,09:50:17,25315,25310,150,25318.2,150,0,438300
NIFTY-III.NFO,19/05/2025,09:50:18,25315,25310,150,25318.4,150,0,438300
NIFTY-III.NFO,19/05/2025,09:50:20,25315,25310,150,25317.3,75,0,438300
NIFTY-III.NFO,19/05/2025,09:50:22,25315,25310.1,150,25319.4,150,0,438300
NIFTY-III.NFO,19/05/2025,09:50:23,25315,25311.1,150,25319.7,75,0,438300
NIFTY-III.NFO,19/05/2025,09:50:25,25315,25312.3,75,25319.9,75,0,438300
NIFTY-III.NFO,19/05/2025,09:50:27,25315,25311,75,25319.9,150,0,438300
NIFTY-III.NFO,19/05/2025,09:50:28,25315,25310.8,150,25319.9,150,0,438300
NIFTY-III.NFO,19/05/2025,09:50:32,25315,25310,75,25317.7,150,0,438300
NIFTY-III.NFO,19/05/2025,09:50:33,25315,25310.2,75,25318.9,150,0,438300
NIFTY-III.NFO,19/05/2025,09:50:35,25315,25312.1,150,25319.9,75,0,438300
NIFTY-III.NFO,19/05/2025,09:50:37,25315,25312.2,75,25320,75,0,438300
NIFTY-III.NFO,19/05/2025,09:50:38,25315,25313.2,150,25320,75,0,438300
NIFTY-III.NFO,19/05/2025,09:50:40,25315,25314.8,75,25320,75,0,438300
NIFTY-III.NFO,19/05/2025,09:50:42,25315,25316.9,150,25320,75,0,438300
NIFTY-III.NFO,19/05/2025,09:50:43,25315,25315.9,75,25320,75,0,438300
NIFTY-III.NFO,19/05/2025,09:50:45,25315,25316.5,150,25320,75,0,438300
NIFTY-III.NFO,19/05/2025,09:50:47,25315,25315.5,150,25320,75,0,438300
NIFTY-III.NFO,19/05/2025,09:50:48,25315,25314.6,150,25320,75,0,438300
NIFTY-III.NFO,19/05/2025,09:50:50,25315,25315.7,75,25320,75,0,438300
NIFTY-III.NFO,19/05/2025,09:50:52,25320,25318.1,150,25323,75,75,438300
NIFTY-III.NFO,19/05/2025,09:50:53,25320,25316.7,150,25323,75,0,438300
NIFTY-III.NFO,19/05/2025,09:50:55,25320,25318,150,25323,75,0,438300
NIFTY-III.NFO,19/05/2025,09:50:57,25320,25316.7,150,25323,75,0,438300
NIFTY-III.NFO,19/05/2025,09:50:58,25320,25316.7,225,25323,75,0,438300
NIFTY-III.NFO,19/05/2025,09:51:00,25320,25316.9,150,25323,75,0,438300
NIFTY-III.NFO,19/05/2025,09:51:03,25320,25318.2,150,25323,75,0,438300
NIFTY-III.NFO,19/05/2025,09:51:05,25320,25318.4,150,25323,75,0,438300
NIFTY-III.NFO,19/05/2025,09:51:07,25320,25317.7,75,25323,75,0,438300
NIFTY-III.NFO,19/05/2025,09:51:08,25320,25315.3,225,25322.9,75,0,438300
NIFTY-III.NFO,19/05/2025,09:51:10,25320,25315.4,150,25323,75,0,438300
NIFTY-III.NFO,19/05/2025,09:51:12,25320,25317.5,150,25323,75,0,438300
NIFTY-III.NFO,19/05/2025,09:51:13,25320,25320.7,75,25323,75,0,438300
NIFTY-III.NFO,19/05/2025,09:51:15,25320,25319.2,75,25323,75,0,438300
NIFTY-III.NFO,19/05/2025,09:51:17,25320,25318.6,75,25323,75,0,438300
NIFTY-III.NFO,19/05/2025,09:51:18,25318.6,25318.6,75,25323,75,75,438300
NIFTY-III.NFO,19/05/2025,09:51:20,25318.6,25318.6,75,25323,75,0,438300
NIFTY-III.NFO,19/05/2025,09:51:22,25318.6,25318.5,150,25323,75,0,438300
NIFTY-III.NFO,19/05/2025,09:51:25,25318.6,25317.6,75,25323,75,0,438300
NIFTY-III.NFO,19/05/2025,09:51:27,25318.6,25318,75,25323,75,0,438300
NIFTY-III.NFO,19/05/2025,09:51:28,25320,25321.3,150,25323,75,150,438300
NIFTY-III.NFO,19/05/2025,09:51:30,25320,25319.2,150,25323,75,0,438300
NIFTY-III.NFO,19/05/2025,09:51:32,25320,25319.3,75,25323,75,0,438300
NIFTY-III.NFO,19/05/2025,09:51:33,25320,25320.3,150,25323,75,0,438300
NIFTY-III.NFO,19/05/2025,09:51:37,25323,25320,150,25327.5,75,75,438075
NIFTY-III.NFO,19/05/2025,09:51:39,25323,25320,150,25328.4,75,0,438075
NIFTY-III.NFO,19/05/2025,09:51:40,25323,25320,75,25327,150,0,438075
NIFTY-III.NFO,19/05/2025,09:51:42,25323,25320,75,25324.9,75,0,438075
NIFTY-III.NFO,19/05/2025,09:51:45,25323,25320,75,25325.5,150,0,438075
NIFTY-III.NFO,19/05/2025,09:51:47,25323,25320,150,25324.5,75,0,438075
NIFTY-III.NFO,19/05/2025,09:51:49,25323,25320,150,25325.4,150,0,438075
NIFTY-III.NFO,19/05/2025,09:51:50,25323,25323,75,25325.4,75,0,438075
NIFTY-III.NFO,19/05/2025,09:51:52,25323,25323,150,25327.7,150,0,438075
NIFTY-III.NFO,19/05/2025,09:51:54,25323,25323,150,25326.6,75,0,438075
NIFTY-III.NFO,19/05/2025,09:51:55,25323,25320,75,25325.5,150,150,438075
NIFTY-III.NFO,19/05/2025,09:51:57,25320,25315,75,25321.5,75,75,438075
NIFTY-III.NFO,19/05/2025,09:51:59,25320,25311,75,25317.8,225,0,438075
NIFTY-III.NFO,19/05/2025,09:52:00,25320,25311,150,25319.3,150,0,438075
NIFTY-III.NFO,19/05/2025,09:52:02,25320,25311,150,25319.1,150,0,438075
NIFTY-III.NFO,19/05/2025,09:52:04,25320,25311,150,25319.1,75,0,438075
NIFTY-III.NFO,19/05/2025,09:52:05,25320,25311.1,75,25321.7,75,0,438075
NIFTY-III.NFO,19/05/2025,09:52:07,25320,25311.9,150,25321.5,150,0,438075
NIFTY-III.NFO,19/05/2025,09:52:09,25320,25311.1,150,25320.4,75,0,438075
NIFTY-III.NFO,19/05/2025,09:52:10,25320,25312.5,150,25322.2,75,0,438075
NIFTY-III.NFO,19/05/2025,09:52:12,25320,25312.4,75,25321.8,75,0,438075
NIFTY-III.NFO,19/05/2025,09:52:14,25320,25311.1,75,25320.8,150,0,438075
NIFTY-III.NFO,19/05/2025,09:52:15,25320,25311,75,25318.8,150,0,438075
NIFTY-III.NFO,19/05/2025,09:52:17,25320,25311,75,25317.7,150,0,438075
NIFTY-III.NFO,19/05/2025,09:52:22,25320,25311,75,25314.8,75,0,438075
NIFTY-III.NFO,19/05/2025,09:52:23,25320,25311,75,25313.4,75,0,438075
NIFTY-III.NFO,19/05/2025,09:52:25,25320,25311,75,25312.3,75,0,438075
NIFTY-III.NFO,19/05/2025,09:52:27,25320,25311,75,25314.4,150,0,438075
NIFTY-III.NFO,19/05/2025,09:52:28,25320,25311,75,25314.5,75,0,438075
NIFTY-III.NFO,19/05/2025,09:52:30,25320,25311,75,25314.9,150,0,438075
NIFTY-III.NFO,19/05/2025,09:52:32,25320,25311,75,25312.1,75,0,438075
NIFTY-III.NFO,19/05/2025,09:52:33,25320,25311,75,25311.7,75,0,438075
NIFTY-III.NFO,19/05/2025,09:52:35,25311,25307.2,75,25312.9,150,75,438075
NIFTY-III.NFO,19/05/2025,09:52:37,25311,25304.5,75,25313.3,75,0,438075
NIFTY-III.NFO,19/05/2025,09:52:38,25311,25304,75,25313.3,150,0,438075
NIFTY-III.NFO,19/05/2025,09:52:40,25311,25303.7,75,25312.8,150,0,438075
NIFTY-III.NFO,19/05/2025,09:52:42,25311,25302.6,150,25312.6,150,0,438075
NIFTY-III.NFO,19/05/2025,09:52:43,25311,25301.3,150,25311.1,75,0,438075
NIFTY-III.NFO,19/05/2025,09:52:45,25311,25301.5,150,25310.5,75,0,438075
NIFTY-III.NFO,19/05/2025,09:52:47,25311,25301.9,75,25311.6,75,0,438075
NIFTY-III.NFO,19/05/2025,09:52:48,25311,25302.3,150,25311.6,150,0,438075
NIFTY-III.NFO,19/05/2025,09:52:50,25311,25302.3,150,25310,75,0,438075
NIFTY-III.NFO,19/05/2025,09:52:52,25311,25302.6,75,25310,75,0,438075
NIFTY-III.NFO,19/05/2025,09:52:53,25302.6,25302.3,75,25310,75,75,438075
NIFTY-III.NFO,19/05/2025,09:52:55,25302.3,25301.1,225,25309.9,75,225,438075
NIFTY-III.NFO,19/05/2025,09:52:57,25302.3,25299.7,225,25308.9,75,0,438075
NIFTY-III.NFO,19/05/2025,09:52:58,25302.3,25298.8,225,25307.9,75,0,438075
NIFTY-III.NFO,19/05/2025,09:53:00,25302.3,25297.9,150,25307.9,75,0,438075
NIFTY-III.NFO,19/05/2025,09:53:02,25302.3,25301,75,25309.9,150,0,438075
NIFTY-III.NFO,19/05/2025,09:53:03,25302.3,25299.8,75,25309,150,0,438075
NIFTY-III.NFO,19/05/2025,09:53:05,25302.3,25301.3,75,25309.9,150,0,438075
NIFTY-III.NFO,19/05/2025,09:53:07,25302.3,25303.1,225,25310,150,0,438075
NIFTY-III.NFO,19/05/2025,09:53:08,25302.3,25300.8,225,25309.9,75,0,438075
NIFTY-III.NFO,19/05/2025,09:53:10,25302.4,25299.8,150,25308.9,75,75,438075
NIFTY-III.NFO,19/05/2025,09:53:12,25302.4,25298.7,150,25307.6,75,0,438075
NIFTY-III.NFO,19/05/2025,09:53:13,25302.4,25299.8,150,25308.8,150,0,438075
NIFTY-III.NFO,19/05/2025,09:53:15,25302.4,25299.8,150,25308.5,75,0,438075
NIFTY-III.NFO,19/05/2025,09:53:18,25300.6,25303.3,150,25310,75,75,438075
NIFTY-III.NFO,19/05/2025,09:53:20,25300.6,25300.9,75,25309.9,150,0,438075
NIFTY-III.NFO,19/05/2025,09:53:22,25300.6,25299.5,150,25309.2,150,0,438075
NIFTY-III.NFO,19/05/2025,09:53:23,25300.6,25299.5,75,25300,75,0,438075
NIFTY-III.NFO,19/05/2025,09:53:25,25300.6,25297.4,75,25300,75,0,438075
NIFTY-III.NFO,19/05/2025,09:53:27,25300,25299.5,225,25309.1,75,75,438075
NIFTY-III.NFO,19/05/2025,09:53:28,25300,25299.5,75,25308.8,75,0,438075
NIFTY-III.NFO,19/05/2025,09:53:30,25300,25300.6,150,25308.2,75,0,438075
NIFTY-III.NFO,19/05/2025,09:53:32,25300,25300.6,75,25308.2,75,0,438075
NIFTY-III.NFO,19/05/2025,09:53:33,25300,25300.6,150,25309.8,75,0,438075
NIFTY-III.NFO,19/05/2025,09:53:35,25300,25301.7,225,25311.1,75,0,438075
NIFTY-III.NFO,19/05/2025,09:53:37,25300,25305.3,225,25314.5,75,0,438075
NIFTY-III.NFO,19/05/2025,09:53:38,25300,25304.4,300,25313.2,150,0,438075
NIFTY-III.NFO,19/05/2025,09:53:40,25300,25303.1,225,25313.1,75,0,438075
NIFTY-III.NFO,19/05/2025,09:53:42,25300,25304.6,300,25313.5,300,0,438075
NIFTY-III.NFO,19/05/2025,09:53:43,25313.5,25304.6,150,25313.3,300,75,438075
NIFTY-III.NFO,19/05/2025,09:53:45,25313.5,25304.2,150,25313.1,150,0,438075
NIFTY-III.NFO,19/05/2025,09:53:47,25313.5,25304.9,75,25314.3,150,0,438075
NIFTY-III.NFO,19/05/2025,09:53:49,25313.5,25305.4,150,25314.3,150,0,438075
NIFTY-III.NFO,19/05/2025,09:53:50,25313.5,25307.7,150,25317.1,75,0,438075
NIFTY-III.NFO,19/05/2025,09:53:52,25313.5,25309.5,75,25319.3,75,0,438075
NIFTY-III.NFO,19/05/2025,09:53:54,25313.5,25307.8,75,25318.3,75,0,438075
NIFTY-III.NFO,19/05/2025,09:53:55,25313.5,25307.5,150,25316.6,150,0,438075
NIFTY-III.NFO,19/05/2025,09:53:57,25313.5,25306.6,300,25316.6,150,0,438075
NIFTY-III.NFO,19/05/2025,09:54:00,25313.5,25307.4,150,25316.6,150,0,438075
NIFTY-III.NFO,19/05/2025,09:54:02,25313.5,25306.8,75,25316.6,150,0,438075
NIFTY-III.NFO,19/05/2025,09:54:04,25313.5,25307,150,25316.6,150,0,438075
NIFTY-III.NFO,19/05/2025,09:54:05,25313.5,25307.4,75,25316.6,150,0,438075
NIFTY-III.NFO,19/05/2025,09:54:07,25313.5,25308.1,75,25318.2,150,0,438075
NIFTY-III.NFO,19/05/2025,09:54:09,25313.5,25308.8,75,25318.2,150,0,438075
NIFTY-III.NFO,19/05/2025,09:54:12,25313.5,25309.1,75,25318.2,150,0,438075
NIFTY-III.NFO,19/05/2025,09:54:14,25313.5,25305.9,75,25315.8,75,0,438075
NIFTY-III.NFO,19/05/2025,09:54:15,25313.5,25307.4,150,25316.6,75,0,438075
NIFTY-III.NFO,19/05/2025,09:54:17,25313.5,25306.4,150,25315.7,75,0,438075
NIFTY-III.NFO,19/05/2025,09:54:20,25313.5,25308.8,150,25317,150,0,438075
NIFTY-III.NFO,19/05/2025,09:54:22,25313.5,25311.3,150,25320.4,150,0,438075
NIFTY-III.NFO,19/05/2025,09:54:24,25313.5,25310.6,150,25320.4,150,0,438075
NIFTY-III.NFO,19/05/2025,09:54:25,25313.5,25309.2,75,25318.9,75,0,438075
NIFTY-III.NFO,19/05/2025,09:54:29,25313.5,25309.3,150,25319.2,150,0,438075
NIFTY-III.NFO,19/05/2025,09:54:30,25313.5,25310.7,75,25320.1,150,0,438075
NIFTY-III.NFO,19/05/2025,09:54:32,25313.5,25309.1,75,25318.7,150,0,438075
NIFTY-III.NFO,19/05/2025,09:54:34,25313.5,25307.3,150,25316.6,150,0,438075
NIFTY-III.NFO,19/05/2025,09:54:35,25313.5,25306.6,150,25315.5,75,0,438075
NIFTY-III.NFO,19/05/2025,09:54:37,25313.5,25303.9,150,25313.3,75,0,438075
NIFTY-III.NFO,19/05/2025,09:54:39,25313.5,25303.5,150,25313.3,150,0,438075
NIFTY-III.NFO,19/05/2025,09:54:40,25313.5,25301.9,150,25311.5,75,0,438075
NIFTY-III.NFO,19/05/2025,09:54:42,25313.5,25303.9,150,25312.8,150,0,438075
NIFTY-III.NFO,19/05/2025,09:54:44,25313.5,25304.6,150,25314.2,150,0,438075
NIFTY-III.NFO,19/05/2025,09:54:45,25313.5,25306.8,75,25316.1,150,0,438075
NIFTY-III.NFO,19/05/2025,09:54:47,25313.5,25307.7,150,25317.2,75,0,438075
NIFTY-III.NFO,19/05/2025,09:54:49,25313.5,25308.4,150,25317.2,75,0,438075
NIFTY-III.NFO,19/05/2025,09:54:50,25313.5,25306.7,150,25316.6,75,0,438075
NIFTY-III.NFO,19/05/2025,09:54:52,25313.5,25307.3,75,25316.6,150,0,438075
NIFTY-III.NFO,19/05/2025,09:54:54,25313.5,25306.8,150,25316.5,75,0,438075
NIFTY-III.NFO,19/05/2025,09:54:55,25313.5,25311.4,150,25320,150,0,438075
NIFTY-III.NFO,19/05/2025,09:54:57,25313.5,25312.3,150,25320,150,0,438075
NIFTY-III.NFO,19/05/2025,09:54:59,25313.5,25313,150,25320,150,0,438075
NIFTY-III.NFO,19/05/2025,09:55:00,25313.5,25312.9,150,25320,150,0,438075
NIFTY-III.NFO,19/05/2025,09:55:02,25313.5,25310.3,150,25319.9,150,0,438075
NIFTY-III.NFO,19/05/2025,09:55:04,25313.5,25311,150,25319.6,150,0,438075
NIFTY-III.NFO,19/05/2025,09:55:05,25313.5,25311.7,150,25319.9,150,0,438075
NIFTY-III.NFO,19/05/2025,09:55:07,25313.5,25312,75,25319.9,150,0,438075
NIFTY-III.NFO,19/05/2025,09:55:09,25313.5,25312,150,25320,150,0,438075
NIFTY-III.NFO,19/05/2025,09:55:10,25313.5,25309,75,25319.5,75,0,438075
NIFTY-III.NFO,19/05/2025,09:55:12,25313.5,25308.7,150,25318,75,0,438075
NIFTY-III.NFO,19/05/2025,09:55:14,25313.5,25308.2,75,25308.7,75,0,438075
NIFTY-III.NFO,19/05/2025,09:55:15,25308.7,25308.3,150,25317.5,75,75,437775
NIFTY-III.NFO,19/05/2025,09:55:17,25308.7,25311.5,150,25319.9,150,0,437775
NIFTY-III.NFO,19/05/2025,09:55:19,25308.7,25310.6,150,25319.9,150,0,437775
NIFTY-III.NFO,19/05/2025,09:55:20,25308.7,25313.5,75,25319.2,150,0,437775
NIFTY-III.NFO,19/05/2025,09:55:22,25308.7,25313.5,75,25317.6,150,0,437775
