Ticker,Date,Time,LTP,BuyPrice,BuyQty,SellPrice,SellQty,LTQ,OpenInterest
NIFTY-II.NFO,19/05/2025,09:15:00,25194.5,25158.1,300,25179.8,300,300,3611400
NIFTY-II.NFO,19/05/2025,09:15:00,25194.5,25158.1,300,25179.8,300,0,3611400
NIFTY-II.NFO,19/05/2025,09:15:00,25194.5,25158.1,300,25179.8,300,0,3611400
NIFTY-II.NFO,19/05/2025,09:15:00,25177,25158.1,300,25179.8,300,0,3611400
NIFTY-II.NFO,19/05/2025,09:15:01,25169,25151.9,300,25167.9,225,825,3611400
NIFTY-II.NFO,19/05/2025,09:15:01,25162.7,25151.9,300,25167.9,225,0,3611400
NIFTY-II.NFO,19/05/2025,09:15:03,25158.6,25151.3,300,25161.7,150,300,3611400
NIFTY-II.NFO,19/05/2025,09:15:03,25158,25151.3,300,25161.7,150,0,3611400
NIFTY-II.NFO,19/05/2025,09:15:04,25155.6,25143.9,300,25158.3,225,225,3611400
NIFTY-II.NFO,19/05/2025,09:15:04,25151,25143.9,300,25158.3,225,0,3611400
NIFTY-II.NFO,19/05/2025,09:15:06,25147.1,25149.8,300,25159.9,75,150,3611400
NIFTY-II.NFO,19/05/2025,09:15:06,25147.1,25149.8,300,25159.9,75,0,3611400
NIFTY-II.NFO,19/05/2025,09:15:07,25157.2,25144.2,300,25158,75,525,3611400
NIFTY-II.NFO,19/05/2025,09:15:07,25142.6,25144.2,300,25158,75,0,3611400
NIFTY-II.NFO,19/05/2025,09:15:09,25148.5,25143,75,25150,150,300,3611400
NIFTY-II.NFO,19/05/2025,09:15:10,25145.2,25136.4,75,25142.4,750,450,3611400
NIFTY-II.NFO,19/05/2025,09:15:10,25140,25136.4,75,25142.4,750,0,3611400
NIFTY-II.NFO,19/05/2025,09:15:12,25147.1,25135.1,375,25144.5,75,450,3611400
NIFTY-II.NFO,19/05/2025,09:15:14,25150,25136.9,300,25148.9,750,1200,3611400
NIFTY-II.NFO,19/05/2025,09:15:15,25144.4,25133.6,300,25147.1,150,75,3611400
NIFTY-II.NFO,19/05/2025,09:15:17,25147,25133.6,300,25144.9,225,300,3611400
NIFTY-II.NFO,19/05/2025,09:15:18,25141.3,25138.6,675,25151,225,150,3611400
NIFTY-II.NFO,19/05/2025,09:15:20,25141.3,25140.7,300,25147,75,0,3611400
NIFTY-II.NFO,19/05/2025,09:15:21,25147,25138.1,300,25149.6,75,150,3611400
NIFTY-II.NFO,19/05/2025,09:15:21,25137.4,25138.1,300,25149.6,75,0,3611400
NIFTY-II.NFO,19/05/2025,09:15:23,25137.7,25140.4,300,25149.1,75,75,3611400
NIFTY-II.NFO,19/05/2025,09:15:24,25149.1,25137.5,300,25147.1,75,75,3611400
NIFTY-II.NFO,19/05/2025,09:15:26,25140.4,25139.4,300,25149.1,825,225,3611400
NIFTY-II.NFO,19/05/2025,09:15:26,25137,25139.4,300,25149.1,825,0,3611400
NIFTY-II.NFO,19/05/2025,09:15:28,25140.4,25138.5,300,25147.3,75,0,3611400
NIFTY-II.NFO,19/05/2025,09:15:29,25140.4,25138.8,300,25145.3,75,225,3611700
NIFTY-II.NFO,19/05/2025,09:15:31,25147.3,25139,375,25147.7,750,150,3611700
NIFTY-II.NFO,19/05/2025,09:15:33,25138.2,25139.4,150,25143,900,225,3611700
NIFTY-II.NFO,19/05/2025,09:15:34,25143,25140.3,225,25143,675,225,3611700
NIFTY-II.NFO,19/05/2025,09:15:36,25143,25143,75,25147,150,675,3611700
NIFTY-II.NFO,19/05/2025,09:15:37,25147,25142.4,375,25147,75,75,3611700
NIFTY-II.NFO,19/05/2025,09:15:39,25147,25143,75,25146.9,150,75,3611700
NIFTY-II.NFO,19/05/2025,09:15:41,25143,25140.1,75,25143.6,375,150,3611700
NIFTY-II.NFO,19/05/2025,09:15:42,25143.4,25140.1,75,25142.7,375,75,3611700
NIFTY-II.NFO,19/05/2025,09:15:44,25141.5,25143,150,25143.2,525,600,3611700
NIFTY-II.NFO,19/05/2025,09:15:46,25143,25137.4,75,25141.9,150,750,3611700
NIFTY-II.NFO,19/05/2025,09:15:47,25137.7,25135,450,25139.3,150,675,3611700
NIFTY-II.NFO,19/05/2025,09:15:49,25138.4,25135,450,25139.1,375,1350,3611700
NIFTY-II.NFO,19/05/2025,09:15:50,25139.5,25135,450,25139.5,150,75,3611700
NIFTY-II.NFO,19/05/2025,09:15:52,25139.3,25137.7,75,25139.3,75,150,3611700
NIFTY-II.NFO,19/05/2025,09:15:52,25135,25137.7,75,25139.3,75,0,3611700
NIFTY-II.NFO,19/05/2025,09:15:54,25135,25135,300,25137.3,525,225,3611700
NIFTY-II.NFO,19/05/2025,09:15:55,25140,25135,150,25141.2,525,225,3611700
NIFTY-II.NFO,19/05/2025,09:15:57,25140,25137.8,375,25143,75,0,3611700
NIFTY-II.NFO,19/05/2025,09:15:59,25143,25140,75,25143.4,150,150,3611700
NIFTY-II.NFO,19/05/2025,09:16:00,25143.4,25144.4,300,25147,75,150,3611700
NIFTY-II.NFO,19/05/2025,09:16:02,25150,25150.8,375,25157.2,75,1125,3611700
NIFTY-II.NFO,19/05/2025,09:16:04,25152.4,25150.9,300,25160,825,150,3611700
NIFTY-II.NFO,19/05/2025,09:16:05,25152.4,25150.4,300,25158.7,75,0,3611700
NIFTY-II.NFO,19/05/2025,09:16:07,25152.4,25155.1,300,25160,825,0,3611700
NIFTY-II.NFO,19/05/2025,09:16:08,25152.5,25152.5,225,25160,675,150,3611700
NIFTY-II.NFO,19/05/2025,09:16:10,25160,25160.3,300,25168.7,75,750,3611700
NIFTY-II.NFO,19/05/2025,09:16:12,25153.1,25154.3,300,25156,75,300,3611700
NIFTY-II.NFO,19/05/2025,09:16:13,25163.5,25154.8,300,25162.4,75,150,3611700
NIFTY-II.NFO,19/05/2025,09:16:15,25163.5,25154,300,25160.6,300,0,3611700
NIFTY-II.NFO,19/05/2025,09:16:17,25163.5,25154.1,75,25158.3,75,0,3611700
NIFTY-II.NFO,19/05/2025,09:16:18,25160.6,25154,75,25161.4,300,150,3611700
NIFTY-II.NFO,19/05/2025,09:16:20,25162.3,25154.5,300,25162.3,75,300,3611700
NIFTY-II.NFO,19/05/2025,09:16:21,25160.1,25154.5,300,25160.2,225,375,3611700
NIFTY-II.NFO,19/05/2025,09:16:23,25161.3,25154.6,75,25161.3,75,150,3611700
NIFTY-II.NFO,19/05/2025,09:16:25,25161.3,25155,675,25161.9,225,0,3611700
NIFTY-II.NFO,19/05/2025,09:16:26,25161.3,25160.2,300,25162.3,225,0,3611700
NIFTY-II.NFO,19/05/2025,09:16:28,25161.4,25161.3,225,25163.3,150,75,3611700
NIFTY-II.NFO,19/05/2025,09:16:30,25161.3,25161.3,225,25162.7,75,600,3611700
NIFTY-II.NFO,19/05/2025,09:16:31,25160.7,25156.3,75,25160.7,75,375,3611700
NIFTY-II.NFO,19/05/2025,09:16:33,25160.7,25156.3,75,25159.6,75,0,3611700
NIFTY-II.NFO,19/05/2025,09:16:34,25156.3,25156.1,75,25161.2,75,75,3611700
NIFTY-II.NFO,19/05/2025,09:16:36,25161.2,25156.7,300,25161.3,75,75,3611700
NIFTY-II.NFO,19/05/2025,09:16:38,25161.2,25159.6,75,25161.2,75,0,3611700
NIFTY-II.NFO,19/05/2025,09:16:39,25161.2,25159.7,75,25161.2,75,0,3611700
NIFTY-II.NFO,19/05/2025,09:16:41,25161.3,25159.7,75,25164.6,150,150,3611700
NIFTY-II.NFO,19/05/2025,09:16:43,25164.6,25161,75,25161.6,300,75,3611700
NIFTY-II.NFO,19/05/2025,09:16:44,25159.6,25157,75,25160.3,300,150,3611700
NIFTY-II.NFO,19/05/2025,09:16:46,25160.3,25157,75,25158.9,150,75,3611700
NIFTY-II.NFO,19/05/2025,09:16:48,25157,25156.1,75,25156.8,375,225,3611700
NIFTY-II.NFO,19/05/2025,09:16:49,25159.6,25156,75,25162,375,150,3611700
NIFTY-II.NFO,19/05/2025,09:16:51,25159.6,25160.3,75,25162.2,75,0,3611700
NIFTY-II.NFO,19/05/2025,09:16:52,25159.6,25160.4,75,25162.2,75,0,3611700
NIFTY-II.NFO,19/05/2025,09:16:56,25160,25156.3,300,25162.2,75,300,3611700
NIFTY-II.NFO,19/05/2025,09:16:57,25160,25156.8,375,25162.2,75,0,3611700
NIFTY-II.NFO,19/05/2025,09:16:59,25156.1,25156,450,25162.2,75,75,3611700
NIFTY-II.NFO,19/05/2025,09:17:01,25162.2,25157.4,375,25163,75,75,3611700
NIFTY-II.NFO,19/05/2025,09:17:02,25163,25157.1,375,25163.8,375,75,3611700
NIFTY-II.NFO,19/05/2025,09:17:04,25163.9,25162.2,75,25169,75,75,3611700
NIFTY-II.NFO,19/05/2025,09:17:05,25164.4,25165.3,300,25169,75,75,3611700
NIFTY-II.NFO,19/05/2025,09:17:07,25170,25167.9,450,25175,75,975,3611700
NIFTY-II.NFO,19/05/2025,09:17:09,25176.5,25165.7,450,25172.3,375,1050,3611700
NIFTY-II.NFO,19/05/2025,09:17:11,25176.5,25170,75,25174.2,375,0,3611700
NIFTY-II.NFO,19/05/2025,09:17:12,25174.9,25170,75,25175,375,225,3611700
NIFTY-II.NFO,19/05/2025,09:17:14,25176,25170.1,150,25176,75,225,3611700
NIFTY-II.NFO,19/05/2025,09:17:15,25176,25170.2,300,25177.6,750,75,3611700
NIFTY-II.NFO,19/05/2025,09:17:17,25176,25175.3,300,25180,825,0,3611700
NIFTY-II.NFO,19/05/2025,09:17:19,25180,25176.2,750,25180,675,150,3611700
NIFTY-II.NFO,19/05/2025,09:17:20,25180,25178,75,25179,75,0,3611700
NIFTY-II.NFO,19/05/2025,09:17:22,25179,25179,75,25180,675,75,3611700
NIFTY-II.NFO,19/05/2025,09:17:24,25179,25178,75,25180,750,75,3611700
NIFTY-II.NFO,19/05/2025,09:17:25,25179,25178,75,25180,750,0,3611700
NIFTY-II.NFO,19/05/2025,09:17:29,25176,25176.3,225,25180,450,450,3611700
NIFTY-II.NFO,19/05/2025,09:17:30,25176,25177.6,75,25180,450,0,3611700
NIFTY-II.NFO,19/05/2025,09:17:32,25176.1,25178,75,25180,450,75,3611700
NIFTY-II.NFO,19/05/2025,09:17:33,25176.1,25178,75,25180,450,0,3611700
NIFTY-II.NFO,19/05/2025,09:17:37,25176.1,25178.1,150,25180,450,0,3611700
NIFTY-II.NFO,19/05/2025,09:17:38,25176.1,25178,75,25180,450,0,3611700
NIFTY-II.NFO,19/05/2025,09:17:40,25180,25178.1,150,25180,375,75,3611700
NIFTY-II.NFO,19/05/2025,09:17:42,25180,25178,75,25180,225,150,3611700
NIFTY-II.NFO,19/05/2025,09:17:43,25176.1,25176.1,300,25180,150,225,3611700
NIFTY-II.NFO,19/05/2025,09:17:45,25180,25178.7,75,25183,75,150,3611700
NIFTY-II.NFO,19/05/2025,09:17:46,25180,25177.6,75,25183,75,0,3611700
NIFTY-II.NFO,19/05/2025,09:17:48,25179.2,25178,75,25183,75,75,3611700
NIFTY-II.NFO,19/05/2025,09:17:50,25180.4,25180.2,150,25183,75,75,3611700
NIFTY-II.NFO,19/05/2025,09:17:51,25183,25183,75,25184,375,75,3611700
NIFTY-II.NFO,19/05/2025,09:17:53,25183,25180.5,600,25184,375,75,3611700
NIFTY-II.NFO,19/05/2025,09:17:55,25183,25181.1,150,25184,375,0,3611700
NIFTY-II.NFO,19/05/2025,09:17:56,25184,25181,75,25184,300,75,3611700
NIFTY-II.NFO,19/05/2025,09:17:58,25184,25180.4,75,25184,375,0,3611700
NIFTY-II.NFO,19/05/2025,09:18:00,25184,25180.4,75,25184,300,75,3611700
NIFTY-II.NFO,19/05/2025,09:18:01,25181.6,25176.1,225,25182.7,150,450,3611700
NIFTY-II.NFO,19/05/2025,09:18:03,25181.6,25177.4,75,25182.6,150,0,3611700
NIFTY-II.NFO,19/05/2025,09:18:04,25181.6,25181.6,75,25184,375,0,3611700
NIFTY-II.NFO,19/05/2025,09:18:06,25181.6,25177.9,150,25184,375,75,3611700
NIFTY-II.NFO,19/05/2025,09:18:08,25181.6,25182.6,75,25183.4,150,0,3611700
NIFTY-II.NFO,19/05/2025,09:18:09,25181.6,25182.6,75,25183.5,375,0,3611700
NIFTY-II.NFO,19/05/2025,09:18:11,25181.6,25183,75,25184,375,0,3611700
NIFTY-II.NFO,19/05/2025,09:18:13,25184,25183.4,75,25184,225,150,3611700
NIFTY-II.NFO,19/05/2025,09:18:14,25184,25183.4,75,25184,150,75,3611700
NIFTY-II.NFO,19/05/2025,09:18:16,25183.5,25184.1,150,25186,75,225,3611700
NIFTY-II.NFO,19/05/2025,09:18:18,25190,25187.7,300,25190,750,825,3611700
NIFTY-II.NFO,19/05/2025,09:18:19,25186.7,25186.8,150,25190,750,300,3611700
NIFTY-II.NFO,19/05/2025,09:18:21,25190,25187.6,300,25190,600,150,3611700
NIFTY-II.NFO,19/05/2025,09:18:22,25190,25186.7,75,25190,150,450,3611700
NIFTY-II.NFO,19/05/2025,09:18:24,25190,25187,525,25190,150,0,3611700
NIFTY-II.NFO,19/05/2025,09:18:26,25190,25186.9,525,25190,150,0,3611700
NIFTY-II.NFO,19/05/2025,09:18:27,25190,25189,300,25191,75,300,3611700
NIFTY-II.NFO,19/05/2025,09:18:29,25191.6,25191.6,75,25195,75,150,3611700
NIFTY-II.NFO,19/05/2025,09:18:31,25191.6,25192.1,300,25195,75,0,3611700
NIFTY-II.NFO,19/05/2025,09:18:32,25199.8,25193.3,300,25200,1050,300,3616050
NIFTY-II.NFO,19/05/2025,09:18:32,25199.8,25193.3,300,25200,1050,0,3616050
NIFTY-II.NFO,19/05/2025,09:18:34,25196,25194,150,25196,75,300,3616050
NIFTY-II.NFO,19/05/2025,09:18:36,25196,25194.8,300,25198,300,75,3616050
NIFTY-II.NFO,19/05/2025,09:18:37,25198,25194.7,150,25198,225,225,3616050
NIFTY-II.NFO,19/05/2025,09:18:39,25198,25198.4,300,25200,1050,225,3616050
NIFTY-II.NFO,19/05/2025,09:18:41,25200,25199.6,675,25202,75,1050,3616050
NIFTY-II.NFO,19/05/2025,09:18:41,25200,25199.6,675,25202,75,0,3616050
NIFTY-II.NFO,19/05/2025,09:18:42,25205,25200.1,300,25205,75,150,3616050
NIFTY-II.NFO,19/05/2025,09:18:42,25205,25200.1,300,25205,75,0,3616050
NIFTY-II.NFO,19/05/2025,09:18:44,25203,25200,75,25203,225,75,3616050
NIFTY-II.NFO,19/05/2025,09:18:46,25205,25200.2,150,25205,225,375,3616050
NIFTY-II.NFO,19/05/2025,09:18:47,25209.5,25205,150,25209.6,2250,300,3616050
NIFTY-II.NFO,19/05/2025,09:18:47,25209.5,25205,150,25209.6,2250,0,3616050
NIFTY-II.NFO,19/05/2025,09:18:49,25209.5,25205.1,150,25209,300,0,3616050
NIFTY-II.NFO,19/05/2025,09:18:51,25205,25205,75,25209,300,75,3616050
NIFTY-II.NFO,19/05/2025,09:18:52,25205,25200.6,375,25208.9,375,150,3616050
NIFTY-II.NFO,19/05/2025,09:18:54,25208.9,25205,300,25209,225,225,3616050
NIFTY-II.NFO,19/05/2025,09:18:56,25208.9,25205,300,25209,225,0,3616050
NIFTY-II.NFO,19/05/2025,09:18:57,25205,25205,225,25208.9,150,225,3616050
NIFTY-II.NFO,19/05/2025,09:18:59,25205,25200,150,25205.7,525,375,3616050
NIFTY-II.NFO,19/05/2025,09:19:01,25200,25200,75,25201.8,150,75,3616050
NIFTY-II.NFO,19/05/2025,09:19:02,25203,25200,75,25201.8,150,75,3616050
NIFTY-II.NFO,19/05/2025,09:19:04,25202.5,25200,75,25200.5,75,75,3616050
NIFTY-II.NFO,19/05/2025,09:19:06,25191.6,25189.6,600,25198,150,300,3616050
NIFTY-II.NFO,19/05/2025,09:19:07,25197.8,25187.4,375,25195.6,225,75,3616050
NIFTY-II.NFO,19/05/2025,09:19:09,25195.5,25187,750,25195.7,150,300,3616050
NIFTY-II.NFO,19/05/2025,09:19:11,25189.6,25189.6,300,25190,150,75,3616050
NIFTY-II.NFO,19/05/2025,09:19:12,25190,25191.3,375,25199.9,150,150,3616050
NIFTY-II.NFO,19/05/2025,09:19:14,25190,25191.1,450,25199.9,75,0,3616050
NIFTY-II.NFO,19/05/2025,09:19:16,25190,25192.3,300,25200,150,0,3616050
NIFTY-II.NFO,19/05/2025,09:19:17,25191.7,25192.9,300,25200,150,75,3616050
NIFTY-II.NFO,19/05/2025,09:19:19,25191.7,25190.9,450,25199.3,75,0,3616050
NIFTY-II.NFO,19/05/2025,09:19:21,25191.7,25192.3,300,25200,150,0,3616050
NIFTY-II.NFO,19/05/2025,09:19:22,25191.7,25190.8,300,25199.1,75,0,3616050
NIFTY-II.NFO,19/05/2025,09:19:24,25191.7,25190.2,450,25199.6,375,0,3616050
NIFTY-II.NFO,19/05/2025,09:19:26,25191.7,25189,75,25191.7,75,0,3616050
NIFTY-II.NFO,19/05/2025,09:19:27,25191.7,25189,75,25191,75,0,3616050
NIFTY-II.NFO,19/05/2025,09:19:29,25191.7,25190,225,25191,75,0,3616050
NIFTY-II.NFO,19/05/2025,09:19:31,25191.7,25190.1,300,25191,75,0,3616050
NIFTY-II.NFO,19/05/2025,09:19:32,25191.7,25191,75,25196.4,75,150,3616050
NIFTY-II.NFO,19/05/2025,09:19:34,25191,25190,225,25195.5,75,75,3616050
NIFTY-II.NFO,19/05/2025,09:19:36,25190,25190,150,25194.2,75,150,3616050
NIFTY-II.NFO,19/05/2025,09:19:37,25190,25190,150,25193.8,75,0,3616050
NIFTY-II.NFO,19/05/2025,09:19:39,25190,25190,150,25192.7,75,0,3616050
NIFTY-II.NFO,19/05/2025,09:19:41,25190,25190,75,25191,75,75,3616050
NIFTY-II.NFO,19/05/2025,09:19:42,25190,25185,225,25190.5,75,300,3616050
NIFTY-II.NFO,19/05/2025,09:19:44,25185,25185,75,25188.4,375,150,3616050
NIFTY-II.NFO,19/05/2025,09:19:46,25188.8,25185,75,25189.3,75,150,3616050
NIFTY-II.NFO,19/05/2025,09:19:47,25188.8,25185,75,25188.2,300,0,3616050
NIFTY-II.NFO,19/05/2025,09:19:49,25188.8,25185,75,25188.4,75,0,3616050
NIFTY-II.NFO,19/05/2025,09:19:51,25185,25183.4,75,25188.4,75,75,3616050
NIFTY-II.NFO,19/05/2025,09:19:52,25185,25185,75,25187.4,375,0,3616050
NIFTY-II.NFO,19/05/2025,09:19:54,25187.4,25185,75,25189.4,75,75,3616050
NIFTY-II.NFO,19/05/2025,09:19:56,25189.4,25188.8,75,25190,450,75,3616050
NIFTY-II.NFO,19/05/2025,09:19:57,25188.8,25185,75,25188.9,75,75,3616050
NIFTY-II.NFO,19/05/2025,09:19:59,25185,25183.4,75,25188.4,300,75,3616050
NIFTY-II.NFO,19/05/2025,09:20:01,25185,25183.5,300,25189,75,0,3616050
NIFTY-II.NFO,19/05/2025,09:20:02,25185,25187.2,300,25189,75,0,3616050
NIFTY-II.NFO,19/05/2025,09:20:04,25189.4,25188.4,375,25190,450,225,3616050
NIFTY-II.NFO,19/05/2025,09:20:06,25190,25188.8,300,25191,75,450,3616050
NIFTY-II.NFO,19/05/2025,09:20:07,25190,25186.3,300,25191,75,0,3616050
NIFTY-II.NFO,19/05/2025,09:20:09,25190,25187.7,300,25191,75,0,3616050
NIFTY-II.NFO,19/05/2025,09:20:11,25190,25188,300,25191,75,0,3616050
NIFTY-II.NFO,19/05/2025,09:20:12,25191,25186.3,300,25191,300,75,3616050
NIFTY-II.NFO,19/05/2025,09:20:14,25191,25185.6,300,25191,225,75,3616050
NIFTY-II.NFO,19/05/2025,09:20:16,25191,25186.9,300,25191,225,0,3616050
NIFTY-II.NFO,19/05/2025,09:20:17,25190,25187.1,300,25191,225,75,3616050
NIFTY-II.NFO,19/05/2025,09:20:19,25191,25191,300,25192,75,300,3616050
NIFTY-II.NFO,19/05/2025,09:20:21,25192,25191.7,300,25193,75,75,3616050
NIFTY-II.NFO,19/05/2025,09:20:22,25191.2,25190.6,300,25193,75,75,3616050
NIFTY-II.NFO,19/05/2025,09:20:24,25191.2,25190.5,75,25193,75,0,3616050
NIFTY-II.NFO,19/05/2025,09:20:26,25191.2,25190.1,300,25193,75,0,3616050
NIFTY-II.NFO,19/05/2025,09:20:27,25192.3,25191.3,300,25193,75,150,3616050
NIFTY-II.NFO,19/05/2025,09:20:29,25193,25194.8,300,25195,75,150,3616050
NIFTY-II.NFO,19/05/2025,09:20:31,25195,25195.6,300,25200,150,75,3616050
NIFTY-II.NFO,19/05/2025,09:20:32,25195,25194.5,300,25200,150,0,3616050
NIFTY-II.NFO,19/05/2025,09:20:34,25193.8,25195,150,25200,150,150,3616050
NIFTY-II.NFO,19/05/2025,09:20:36,25193.8,25195,150,25200,150,0,3616050
NIFTY-II.NFO,19/05/2025,09:20:39,25200,25195,150,25200,75,75,3616050
NIFTY-II.NFO,19/05/2025,09:20:41,25200,25197,75,25200,75,0,3616050
NIFTY-II.NFO,19/05/2025,09:20:42,25197,25195,75,25200,75,75,3616050
NIFTY-II.NFO,19/05/2025,09:20:44,25195,25194.9,300,25200,150,75,3616050
NIFTY-II.NFO,19/05/2025,09:20:46,25195,25193.8,75,25198.2,300,0,3616050
NIFTY-II.NFO,19/05/2025,09:20:47,25195,25193.8,75,25197.9,300,0,3616050
NIFTY-II.NFO,19/05/2025,09:20:49,25195,25193.8,75,25195.9,150,0,3616050
NIFTY-II.NFO,19/05/2025,09:20:51,25193.8,25190,150,25195.7,375,75,3616050
NIFTY-II.NFO,19/05/2025,09:20:52,25193.8,25190,150,25193.7,450,0,3616050
NIFTY-II.NFO,19/05/2025,09:20:54,25183.4,25180,525,25182.9,150,300,3616050
NIFTY-II.NFO,19/05/2025,09:20:56,25176.1,25175,75,25179.9,300,600,3616050
NIFTY-II.NFO,19/05/2025,09:20:57,25176.1,25175,75,25180.2,150,0,3616050
NIFTY-II.NFO,19/05/2025,09:20:59,25176.1,25175,75,25180.7,300,75,3616050
NIFTY-II.NFO,19/05/2025,09:21:01,25171.9,25171.8,375,25179.7,150,450,3616050
NIFTY-II.NFO,19/05/2025,09:21:02,25171.9,25176.1,75,25183.2,375,0,3616050
NIFTY-II.NFO,19/05/2025,09:21:04,25171.9,25176.1,75,25183.7,225,0,3616050
NIFTY-II.NFO,19/05/2025,09:21:06,25171.9,25176.1,75,25182,300,0,3616050
NIFTY-II.NFO,19/05/2025,09:21:07,25176.1,25171,75,25175.6,300,75,3616050
NIFTY-II.NFO,19/05/2025,09:21:09,25176.1,25171,75,25171.9,75,0,3616050
NIFTY-II.NFO,19/05/2025,09:21:11,25171,25171,75,25171.9,75,75,3616050
NIFTY-II.NFO,19/05/2025,09:21:12,25170,25164,300,25167.1,75,375,3616050
NIFTY-II.NFO,19/05/2025,09:21:14,25170.7,25164.8,300,25171.9,75,75,3616050
NIFTY-II.NFO,19/05/2025,09:21:16,25176.4,25167.8,300,25176.7,150,300,3616050
NIFTY-II.NFO,19/05/2025,09:21:17,25176.4,25169.9,300,25179.2,150,0,3616050
NIFTY-II.NFO,19/05/2025,09:21:19,25175,25170,300,25175,75,75,3616050
NIFTY-II.NFO,19/05/2025,09:21:21,25170.1,25170.8,300,25179.8,75,225,3616050
NIFTY-II.NFO,19/05/2025,09:21:22,25181,25172.4,300,25181.5,750,75,3616050
NIFTY-II.NFO,19/05/2025,09:21:24,25181,25174.3,300,25182.4,225,0,3616050
NIFTY-II.NFO,19/05/2025,09:21:26,25181,25172.1,300,25176.4,300,0,3616050
NIFTY-II.NFO,19/05/2025,09:21:27,25172.1,25172.5,300,25176.4,300,525,3616050
NIFTY-II.NFO,19/05/2025,09:21:29,25172.1,25169.7,300,25175.5,750,0,3616050
NIFTY-II.NFO,19/05/2025,09:21:31,25172.1,25171,300,25176.4,300,0,3616050
NIFTY-II.NFO,19/05/2025,09:21:32,25176.4,25172.5,300,25176.4,225,75,3616050
NIFTY-II.NFO,19/05/2025,09:21:34,25176.4,25172.1,75,25176.4,225,0,3620025
NIFTY-II.NFO,19/05/2025,09:21:36,25176.4,25174.7,375,25183.3,375,225,3620025
NIFTY-II.NFO,19/05/2025,09:21:37,25174.7,25174.7,225,25183.7,375,75,3620025
NIFTY-II.NFO,19/05/2025,09:21:39,25173,25173.2,225,25181.1,300,150,3620025
NIFTY-II.NFO,19/05/2025,09:21:41,25173,25172.1,75,25176.1,300,0,3620025
NIFTY-II.NFO,19/05/2025,09:21:42,25173,25172.1,75,25179.2,300,0,3620025
NIFTY-II.NFO,19/05/2025,09:21:44,25173,25172.2,300,25180,75,0,3620025
NIFTY-II.NFO,19/05/2025,09:21:46,25173,25172.1,75,25179.7,300,0,3620025
NIFTY-II.NFO,19/05/2025,09:21:47,25173,25172.1,75,25178.2,300,0,3620025
NIFTY-II.NFO,19/05/2025,09:21:49,25173,25175.4,300,25180,75,0,3620025
NIFTY-II.NFO,19/05/2025,09:21:51,25181,25181.5,300,25191,375,1125,3620025
NIFTY-II.NFO,19/05/2025,09:21:52,25191,25182.2,300,25191.6,375,75,3620025
NIFTY-II.NFO,19/05/2025,09:21:54,25191,25184.7,300,25193,75,0,3620025
NIFTY-II.NFO,19/05/2025,09:21:56,25191,25182.6,300,25191.3,300,0,3620025
NIFTY-II.NFO,19/05/2025,09:21:57,25178.1,25178.1,300,25185.3,750,150,3620025
NIFTY-II.NFO,19/05/2025,09:21:59,25181.4,25181.7,300,25189.9,375,75,3620025
NIFTY-II.NFO,19/05/2025,09:22:01,25189.4,25190.3,150,25191.8,1050,150,3620025
NIFTY-II.NFO,19/05/2025,09:22:02,25189.4,25190.3,150,25193,75,0,3620025
NIFTY-II.NFO,19/05/2025,09:22:06,25193,25190.3,150,25195,75,75,3620025
NIFTY-II.NFO,19/05/2025,09:22:07,25193,25190.3,150,25194.9,300,0,3620025
NIFTY-II.NFO,19/05/2025,09:22:09,25193,25190.3,150,25193.9,150,0,3620025
NIFTY-II.NFO,19/05/2025,09:22:11,25193,25190.3,150,25194.9,300,0,3620025
NIFTY-II.NFO,19/05/2025,09:22:12,25190.3,25182.3,375,25189.5,750,150,3620025
NIFTY-II.NFO,19/05/2025,09:22:14,25190.3,25186.8,225,25195,825,0,3620025
NIFTY-II.NFO,19/05/2025,09:22:16,25190.3,25188.8,300,25190.3,375,0,3620025
NIFTY-II.NFO,19/05/2025,09:22:17,25190.3,25189,300,25190.3,375,0,3620025
NIFTY-II.NFO,19/05/2025,09:22:19,25190.3,25188.8,1725,25190.3,150,225,3620025
NIFTY-II.NFO,19/05/2025,09:22:21,25188.5,25190.6,225,25195,75,225,3620025
NIFTY-II.NFO,19/05/2025,09:22:22,25188.5,25192.9,150,25195,75,0,3620025
NIFTY-II.NFO,19/05/2025,09:22:24,25199,25198.1,225,25199.9,75,375,3620025
NIFTY-II.NFO,19/05/2025,09:22:26,25199,25196.8,150,25199.9,75,0,3620025
NIFTY-II.NFO,19/05/2025,09:22:27,25199,25198.1,150,25199.9,75,0,3620025
NIFTY-II.NFO,19/05/2025,09:22:29,25198.8,25198.8,150,25199.9,75,225,3620025
NIFTY-II.NFO,19/05/2025,09:22:31,25203,25198.7,300,25203,75,450,3620025
NIFTY-II.NFO,19/05/2025,09:22:32,25207.7,25198.6,150,25207,300,300,3620025
NIFTY-II.NFO,19/05/2025,09:22:34,25207.7,25199.9,75,25205.1,75,0,3620025
NIFTY-II.NFO,19/05/2025,09:22:36,25207.7,25199.9,150,25202.6,75,0,3620025
NIFTY-II.NFO,19/05/2025,09:22:37,25204.4,25199.9,150,25204.1,75,75,3620025
NIFTY-II.NFO,19/05/2025,09:22:39,25204.4,25199.9,150,25205.2,375,0,3620025
NIFTY-II.NFO,19/05/2025,09:22:41,25204.4,25199.9,150,25205.5,300,0,3620025
NIFTY-II.NFO,19/05/2025,09:22:42,25203.1,25199.9,150,25201.7,150,150,3620025
NIFTY-II.NFO,19/05/2025,09:22:44,25203.1,25199.9,150,25204.4,300,0,3620025
NIFTY-II.NFO,19/05/2025,09:22:46,25203.1,25199.9,150,25203.8,300,0,3620025
NIFTY-II.NFO,19/05/2025,09:22:47,25204.7,25199.9,150,25203.8,300,150,3620025
NIFTY-II.NFO,19/05/2025,09:22:49,25199.9,25195.5,225,25203.7,375,150,3620025
NIFTY-II.NFO,19/05/2025,09:22:51,25199.9,25197.5,150,25205,225,0,3620025
NIFTY-II.NFO,19/05/2025,09:22:52,25199.9,25197.4,300,25200,150,0,3620025
NIFTY-II.NFO,19/05/2025,09:22:54,25199.9,25196.3,300,25200,150,0,3620025
NIFTY-II.NFO,19/05/2025,09:22:56,25199.9,25194.6,300,25200,150,0,3620025
NIFTY-II.NFO,19/05/2025,09:22:57,25200,25195.8,150,25203,300,150,3620025
NIFTY-II.NFO,19/05/2025,09:22:59,25203.1,25197.1,150,25203.1,375,75,3620025
NIFTY-II.NFO,19/05/2025,09:23:01,25203.1,25200,150,25203.1,375,0,3620025
NIFTY-II.NFO,19/05/2025,09:23:02,25203.1,25200,150,25203,300,0,3620025
NIFTY-II.NFO,19/05/2025,09:23:04,25200,25193.7,300,25201.7,375,525,3620025
NIFTY-II.NFO,19/05/2025,09:23:06,25201.5,25192.4,150,25200.5,300,450,3620025
NIFTY-II.NFO,19/05/2025,09:23:07,25201.5,25191.3,300,25198.8,375,0,3620025
NIFTY-II.NFO,19/05/2025,09:23:09,25201.5,25190.9,900,25199.1,300,0,3620025
NIFTY-II.NFO,19/05/2025,09:23:11,25199.9,25191.2,375,25199.9,375,75,3620025
NIFTY-II.NFO,19/05/2025,09:23:12,25198.3,25190.4,300,25198.3,300,75,3620025
NIFTY-II.NFO,19/05/2025,09:23:14,25198.3,25191.7,300,25199.6,375,0,3620025
NIFTY-II.NFO,19/05/2025,09:23:16,25198.3,25192.2,75,25199.9,300,0,3620025
NIFTY-II.NFO,19/05/2025,09:23:17,25198.3,25192.5,225,25200,150,0,3620025
NIFTY-II.NFO,19/05/2025,09:23:19,25192.3,25192.2,75,25199.9,300,225,3620025
NIFTY-II.NFO,19/05/2025,09:23:21,25192.3,25190,75,25197.2,600,0,3620025
NIFTY-II.NFO,19/05/2025,09:23:22,25192.3,25190,75,25195.6,375,0,3620025
NIFTY-II.NFO,19/05/2025,09:23:24,25197,25190,75,25197.4,300,75,3620025
NIFTY-II.NFO,19/05/2025,09:23:26,25197,25190.1,150,25198.2,300,0,3620025
NIFTY-II.NFO,19/05/2025,09:23:27,25190.1,25191.2,225,25198.3,75,75,3620025
NIFTY-II.NFO,19/05/2025,09:23:29,25190.1,25196,1125,25197,75,0,3620025
NIFTY-II.NFO,19/05/2025,09:23:31,25197,25194,75,25199,75,75,3620025
NIFTY-II.NFO,19/05/2025,09:23:32,25197,25197,75,25199,75,0,3620025
NIFTY-II.NFO,19/05/2025,09:23:36,25197,25191.6,300,25199,150,75,3620025
NIFTY-II.NFO,19/05/2025,09:23:38,25197,25190,75,25197.3,525,0,3620025
NIFTY-II.NFO,19/05/2025,09:23:39,25197,25190.1,375,25198.5,375,0,3620025
NIFTY-II.NFO,19/05/2025,09:23:41,25197,25190,75,25197.4,375,0,3620025
NIFTY-II.NFO,19/05/2025,09:23:43,25197,25190,75,25197.8,375,0,3620025
NIFTY-II.NFO,19/05/2025,09:23:44,25197,25191.5,300,25198.9,375,0,3620025
NIFTY-II.NFO,19/05/2025,09:23:46,25197,25193.3,300,25197,75,0,3620025
NIFTY-II.NFO,19/05/2025,09:23:48,25197,25194.4,300,25199,75,75,3620025
NIFTY-II.NFO,19/05/2025,09:23:49,25194.4,25195,225,25199,75,75,3620025
NIFTY-II.NFO,19/05/2025,09:23:51,25194.4,25195.1,225,25199,75,0,3620025
NIFTY-II.NFO,19/05/2025,09:23:53,25194.4,25197,75,25199,75,0,3620025
NIFTY-II.NFO,19/05/2025,09:23:54,25199,25197,150,25199.9,300,75,3620025
NIFTY-II.NFO,19/05/2025,09:23:56,25199,25199,75,25200,750,0,3620025
NIFTY-II.NFO,19/05/2025,09:23:58,25200,25199,75,25200,2250,375,3620025
NIFTY-II.NFO,19/05/2025,09:23:59,25200,25197,150,25200,2175,75,3620025
NIFTY-II.NFO,19/05/2025,09:24:01,25200,25197,150,25200,2175,0,3620025
NIFTY-II.NFO,19/05/2025,09:24:03,25200,25197.8,300,25200,2175,0,3620025
NIFTY-II.NFO,19/05/2025,09:24:04,25200,25198.5,75,25200,2175,0,3620025
NIFTY-II.NFO,19/05/2025,09:24:06,25203.1,25201.8,225,25205,375,2625,3620025
NIFTY-II.NFO,19/05/2025,09:24:08,25201.6,25201.7,75,25205,375,225,3620025
NIFTY-II.NFO,19/05/2025,09:24:09,25201.6,25202.3,75,25205,375,0,3620025
NIFTY-II.NFO,19/05/2025,09:24:11,25201.6,25201.8,450,25205,375,0,3620025
NIFTY-II.NFO,19/05/2025,09:24:13,25205,25201.6,75,25205,225,225,3620025
NIFTY-II.NFO,19/05/2025,09:24:14,25205,25201.6,75,25206.5,375,225,3620025
NIFTY-II.NFO,19/05/2025,09:24:16,25205,25201.6,75,25207.9,300,0,3620025
NIFTY-II.NFO,19/05/2025,09:24:18,25205,25205,150,25207,300,0,3620025
NIFTY-II.NFO,19/05/2025,09:24:19,25205,25205,150,25207.9,300,0,3620025
NIFTY-II.NFO,19/05/2025,09:24:21,25207.8,25205,150,25207.7,375,75,3620025
NIFTY-II.NFO,19/05/2025,09:24:23,25207.8,25205,150,25206.9,75,0,3620025
NIFTY-II.NFO,19/05/2025,09:24:26,25206.9,25205,150,25208,75,75,3620025
NIFTY-II.NFO,19/05/2025,09:24:28,25206.9,25207.8,75,25207.9,300,0,3620025
NIFTY-II.NFO,19/05/2025,09:24:29,25199.1,25200,75,25204.3,300,675,3620025
NIFTY-II.NFO,19/05/2025,09:24:31,25205.9,25205,75,25207.9,300,75,3622650
NIFTY-II.NFO,19/05/2025,09:24:33,25205,25200,75,25207.2,300,75,3622650
NIFTY-II.NFO,19/05/2025,09:24:34,25205,25200,75,25207.1,300,0,3622650
NIFTY-II.NFO,19/05/2025,09:24:36,25205,25200,75,25207.2,375,0,3622650
NIFTY-II.NFO,19/05/2025,09:24:38,25200,25198.9,300,25206.8,375,75,3622650
NIFTY-II.NFO,19/05/2025,09:24:39,25205.4,25197.8,150,25205.4,225,75,3622650
NIFTY-II.NFO,19/05/2025,09:24:41,25205.4,25201.2,225,25207,75,0,3622650
NIFTY-II.NFO,19/05/2025,09:24:43,25205.4,25202.4,375,25207,75,0,3622650
NIFTY-II.NFO,19/05/2025,09:24:44,25208,25203.5,300,25209,300,150,3622650
NIFTY-II.NFO,19/05/2025,09:24:46,25208,25204.2,300,25209,300,0,3622650
NIFTY-II.NFO,19/05/2025,09:24:48,25208,25206.9,75,25209,300,0,3622650
NIFTY-II.NFO,19/05/2025,09:24:49,25204.7,25204.3,225,25205,75,75,3622650
NIFTY-II.NFO,19/05/2025,09:24:51,25209,25203.1,75,25209,225,375,3622650
NIFTY-II.NFO,19/05/2025,09:24:53,25209,25201.1,225,25208,450,0,3622650
NIFTY-II.NFO,19/05/2025,09:24:54,25208,25201,225,25208,375,75,3622650
NIFTY-II.NFO,19/05/2025,09:24:56,25208,25200.3,375,25208,300,75,3622650
NIFTY-II.NFO,19/05/2025,09:24:58,25208,25200,225,25207.7,375,0,3622650
NIFTY-II.NFO,19/05/2025,09:24:59,25208,25200,150,25206.8,375,0,3622650
NIFTY-II.NFO,19/05/2025,09:25:01,25205.4,25200,150,25205.4,300,75,3622650
NIFTY-II.NFO,19/05/2025,09:25:03,25206.2,25205,75,25206.2,300,75,3622650
NIFTY-II.NFO,19/05/2025,09:25:04,25206.2,25205,75,25207.9,1050,0,3622650
NIFTY-II.NFO,19/05/2025,09:25:06,25205,25200,150,25204.5,300,75,3622650
NIFTY-II.NFO,19/05/2025,09:25:08,25205,25200,150,25201.2,300,0,3622650
NIFTY-II.NFO,19/05/2025,09:25:09,25197,25190.3,225,25197.9,300,300,3622650
NIFTY-II.NFO,19/05/2025,09:25:11,25198.1,25190.3,225,25197.7,225,150,3622650
NIFTY-II.NFO,19/05/2025,09:25:13,25198.5,25190.1,300,25198.6,75,225,3622650
NIFTY-II.NFO,19/05/2025,09:25:14,25198.1,25190,225,25197.2,450,75,3622650
NIFTY-II.NFO,19/05/2025,09:25:16,25190,25190,75,25197.1,525,75,3622650
NIFTY-II.NFO,19/05/2025,09:25:18,25190,25185,75,25192.4,150,150,3622650
NIFTY-II.NFO,19/05/2025,09:25:19,25190,25185.9,225,25193.2,75,0,3622650
NIFTY-II.NFO,19/05/2025,09:25:21,25185.1,25183.7,225,25185,75,75,3622650
NIFTY-II.NFO,19/05/2025,09:25:22,25185,25185,225,25192.8,225,225,3622650
NIFTY-II.NFO,19/05/2025,09:25:24,25185,25185.1,375,25192.7,150,0,3622650
NIFTY-II.NFO,19/05/2025,09:25:26,25185.4,25185.4,300,25193.2,225,75,3622650
NIFTY-II.NFO,19/05/2025,09:25:27,25185,25180.6,675,25189.4,750,75,3622650
NIFTY-II.NFO,19/05/2025,09:25:29,25185,25180.7,675,25185,75,0,3622650
NIFTY-II.NFO,19/05/2025,09:25:31,25185,25180,900,25186.6,150,75,3622650
NIFTY-II.NFO,19/05/2025,09:25:32,25185,25181.7,150,25188.9,300,0,3622650
NIFTY-II.NFO,19/05/2025,09:25:34,25185,25181.7,300,25190,150,0,3622650
NIFTY-II.NFO,19/05/2025,09:25:36,25185,25180,1050,25187.5,300,0,3622650
NIFTY-II.NFO,19/05/2025,09:25:37,25185,25185,75,25187,600,0,3622650
NIFTY-II.NFO,19/05/2025,09:25:39,25189.9,25185,75,25190.7,225,75,3622650
NIFTY-II.NFO,19/05/2025,09:25:41,25189.9,25185,75,25192.4,375,0,3622650
NIFTY-II.NFO,19/05/2025,09:25:42,25189.9,25185,75,25192.1,300,0,3622650
NIFTY-II.NFO,19/05/2025,09:25:44,25189.9,25185,75,25189,750,0,3622650
NIFTY-II.NFO,19/05/2025,09:25:46,25189.9,25185,75,25188.9,225,0,3622650
NIFTY-II.NFO,19/05/2025,09:25:47,25189.9,25185,75,25189.3,750,0,3622650
NIFTY-II.NFO,19/05/2025,09:25:49,25189.9,25185,75,25188.8,750,0,3622650
NIFTY-II.NFO,19/05/2025,09:25:51,25189.9,25185,75,25187.6,300,0,3622650
NIFTY-II.NFO,19/05/2025,09:25:53,25185,25180.1,675,25189,150,75,3622650
NIFTY-II.NFO,19/05/2025,09:25:54,25180.1,25180.1,300,25188.2,300,150,3622650
NIFTY-II.NFO,19/05/2025,09:25:56,25180.1,25181,375,25189.2,75,0,3622650
NIFTY-II.NFO,19/05/2025,09:25:58,25180.1,25182.2,225,25189.1,75,0,3622650
NIFTY-II.NFO,19/05/2025,09:25:59,25180.1,25182.3,375,25190,75,0,3622650
NIFTY-II.NFO,19/05/2025,09:26:01,25190.2,25182.3,1125,25190.4,75,75,3622650
NIFTY-II.NFO,19/05/2025,09:26:03,25190.2,25185.6,375,25194.3,825,0,3622650
NIFTY-II.NFO,19/05/2025,09:26:04,25186.7,25186.7,300,25195,825,150,3622650
NIFTY-II.NFO,19/05/2025,09:26:06,25186.7,25185.2,300,25190,75,75,3622650
NIFTY-II.NFO,19/05/2025,09:26:08,25186.7,25182.5,300,25190,150,0,3622650
NIFTY-II.NFO,19/05/2025,09:26:09,25186.7,25182.1,150,25189.2,75,0,3622650
NIFTY-II.NFO,19/05/2025,09:26:11,25186.7,25183.6,375,25190,75,0,3622650
NIFTY-II.NFO,19/05/2025,09:26:13,25186.7,25180.4,375,25188.3,375,0,3622650
NIFTY-II.NFO,19/05/2025,09:26:14,25186.4,25180,1200,25186.4,675,75,3622650
NIFTY-II.NFO,19/05/2025,09:26:16,25186.4,25180,1200,25182.9,300,0,3622650
NIFTY-II.NFO,19/05/2025,09:26:18,25186.4,25180,1200,25181.3,300,0,3622650
NIFTY-II.NFO,19/05/2025,09:26:19,25186.4,25180,1200,25183.5,450,0,3622650
NIFTY-II.NFO,19/05/2025,09:26:21,25180,25180,1125,25183.7,300,75,3622650
NIFTY-II.NFO,19/05/2025,09:26:23,25184.5,25180.1,75,25182.2,225,150,3622650
NIFTY-II.NFO,19/05/2025,09:26:24,25180.1,25180,1125,25182.5,750,150,3622650
NIFTY-II.NFO,19/05/2025,09:26:26,25180.1,25180,1125,25184.8,225,0,3622650
NIFTY-II.NFO,19/05/2025,09:26:28,25180.1,25180,1125,25185,300,0,3622650
NIFTY-II.NFO,19/05/2025,09:26:29,25180.1,25180,1125,25182,300,0,3622650
NIFTY-II.NFO,19/05/2025,09:26:31,25180.1,25180,1425,25180.1,75,0,3622650
NIFTY-II.NFO,19/05/2025,09:26:33,25180.1,25180,1350,25182,300,150,3622650
NIFTY-II.NFO,19/05/2025,09:26:34,25180.1,25180,1350,25180.1,150,0,3622650
NIFTY-II.NFO,19/05/2025,09:26:38,25180,25175,75,25180.1,150,1350,3622650
NIFTY-II.NFO,19/05/2025,09:26:39,25180,25180,450,25180.1,150,75,3622650
NIFTY-II.NFO,19/05/2025,09:26:41,25180,25180,150,25180.1,150,300,3622650
NIFTY-II.NFO,19/05/2025,09:26:43,25180.1,25180,150,25180.1,75,75,3622650
NIFTY-II.NFO,19/05/2025,09:26:44,25180.1,25180,150,25185.8,1050,75,3622650
NIFTY-II.NFO,19/05/2025,09:26:46,25180.1,25180,150,25184.6,525,0,3622650
NIFTY-II.NFO,19/05/2025,09:26:48,25180.1,25180,150,25180.1,75,0,3622650
NIFTY-II.NFO,19/05/2025,09:26:56,25180,25175.8,225,25180,150,150,3622650
NIFTY-II.NFO,19/05/2025,09:26:58,25180,25175,75,25180,75,375,3622650
NIFTY-II.NFO,19/05/2025,09:26:59,25180,25175,75,25180.1,75,75,3622650
NIFTY-II.NFO,19/05/2025,09:27:01,25180,25176,225,25180.1,75,0,3622650
NIFTY-II.NFO,19/05/2025,09:27:03,25180.1,25179.9,225,25186,75,150,3622650
NIFTY-II.NFO,19/05/2025,09:27:04,25186,25180.3,300,25188.5,450,75,3622650
NIFTY-II.NFO,19/05/2025,09:27:06,25186,25180.6,300,25188.5,450,0,3622650
NIFTY-II.NFO,19/05/2025,09:27:08,25180.6,25179.3,150,25188.1,150,75,3622650
NIFTY-II.NFO,19/05/2025,09:27:11,25180.8,25178.4,150,25186.5,300,150,3622650
NIFTY-II.NFO,19/05/2025,09:27:13,25180.8,25178.5,450,25187.3,300,0,3622650
NIFTY-II.NFO,19/05/2025,09:27:14,25180.8,25180.2,450,25188.8,75,0,3622650
NIFTY-II.NFO,19/05/2025,09:27:16,25180.8,25181.3,375,25189.9,300,0,3622650
NIFTY-II.NFO,19/05/2025,09:27:18,25183.4,25184,225,25191,375,75,3622650
NIFTY-II.NFO,19/05/2025,09:27:19,25183.4,25185.6,225,25193.3,450,0,3622650
NIFTY-II.NFO,19/05/2025,09:27:21,25183.4,25185.8,225,25194.2,375,0,3622650
NIFTY-II.NFO,19/05/2025,09:27:22,25183.4,25186.3,225,25195.2,375,0,3622650
NIFTY-II.NFO,19/05/2025,09:27:24,25183.4,25187.3,225,25195.3,525,0,3622650
NIFTY-II.NFO,19/05/2025,09:27:26,25194.8,25186.5,150,25194.9,300,75,3622650
NIFTY-II.NFO,19/05/2025,09:27:27,25194.8,25186.1,375,25194.5,300,0,3622650
NIFTY-II.NFO,19/05/2025,09:27:29,25192.8,25185.3,150,25192.8,375,75,3622650
NIFTY-II.NFO,19/05/2025,09:27:31,25192.8,25181.9,150,25189.9,300,0,3622650
NIFTY-II.NFO,19/05/2025,09:27:32,25192.8,25180.8,150,25188.6,300,0,3622650
NIFTY-II.NFO,19/05/2025,09:27:34,25192.8,25178.5,75,25184.8,300,0,3622650
NIFTY-II.NFO,19/05/2025,09:27:36,25192.8,25178.5,75,25183,300,0,3622650
NIFTY-II.NFO,19/05/2025,09:27:37,25192.8,25178.5,75,25184.6,300,0,3622650
NIFTY-II.NFO,19/05/2025,09:27:39,25186.7,25179,225,25187.6,375,225,3624000
NIFTY-II.NFO,19/05/2025,09:27:41,25186.7,25180.4,75,25188.9,375,0,3624000
NIFTY-II.NFO,19/05/2025,09:27:42,25186.7,25180.6,225,25189.4,300,0,3624000
NIFTY-II.NFO,19/05/2025,09:27:44,25186.7,25181.6,150,25189.8,300,0,3624000
NIFTY-II.NFO,19/05/2025,09:27:46,25186.7,25179.4,150,25188.3,300,0,3624000
NIFTY-II.NFO,19/05/2025,09:27:47,25186.7,25178.7,75,25185.9,375,0,3624000
NIFTY-II.NFO,19/05/2025,09:27:49,25186.7,25178.5,75,25185,600,0,3624000
NIFTY-II.NFO,19/05/2025,09:27:51,25186.7,25178.5,75,25184.6,375,0,3624000
NIFTY-II.NFO,19/05/2025,09:27:52,25186.7,25180,75,25187,300,0,3624000
NIFTY-II.NFO,19/05/2025,09:27:54,25184.1,25180,75,25184,300,75,3624000
NIFTY-II.NFO,19/05/2025,09:27:56,25184.1,25180,75,25183.1,300,0,3624000
NIFTY-II.NFO,19/05/2025,09:27:57,25180,25178.5,75,25180.7,300,75,3624000
NIFTY-II.NFO,19/05/2025,09:27:59,25180,25178.5,75,25179.9,300,150,3624000
NIFTY-II.NFO,19/05/2025,09:28:01,25180,25178.5,75,25180,300,0,3624000
NIFTY-II.NFO,19/05/2025,09:28:04,25178.5,25174.3,225,25180,300,75,3624000
NIFTY-II.NFO,19/05/2025,09:28:06,25178.5,25173.2,150,25179.9,375,0,3624000
NIFTY-II.NFO,19/05/2025,09:28:08,25178.5,25173,75,25179.1,300,0,3624000
NIFTY-II.NFO,19/05/2025,09:28:09,25179.1,25173,75,25177.2,300,75,3624000
NIFTY-II.NFO,19/05/2025,09:28:11,25179.1,25173,75,25179.1,300,0,3624000
NIFTY-II.NFO,19/05/2025,09:28:13,25174,25172,150,25175,300,450,3624000
NIFTY-II.NFO,19/05/2025,09:28:14,25175,25172,150,25175,150,150,3624000
NIFTY-II.NFO,19/05/2025,09:28:16,25175,25172,150,25175,150,0,3624000
NIFTY-II.NFO,19/05/2025,09:28:21,25175,25172,150,25177.6,300,150,3624000
NIFTY-II.NFO,19/05/2025,09:28:23,25175,25172,150,25178.1,525,0,3624000
NIFTY-II.NFO,19/05/2025,09:28:24,25177.6,25172,150,25176.1,225,75,3624000
NIFTY-II.NFO,19/05/2025,09:28:26,25177.6,25172,150,25177.6,300,0,3624000
NIFTY-II.NFO,19/05/2025,09:28:28,25172,25170,225,25174.1,300,225,3624000
NIFTY-II.NFO,19/05/2025,09:28:29,25174.4,25170,225,25173.4,300,150,3624000
NIFTY-II.NFO,19/05/2025,09:28:31,25174.4,25171.6,75,25178.8,300,0,3624000
NIFTY-II.NFO,19/05/2025,09:28:33,25174.4,25170.1,150,25177.4,300,0,3624000
NIFTY-II.NFO,19/05/2025,09:28:34,25174.4,25171.3,600,25181.1,375,0,3624000
NIFTY-II.NFO,19/05/2025,09:28:36,25174.4,25172.1,150,25181,375,0,3624000
NIFTY-II.NFO,19/05/2025,09:28:38,25174.4,25170.6,300,25178.5,375,0,3624000
NIFTY-II.NFO,19/05/2025,09:28:39,25174.4,25171.2,225,25176,75,0,3624000
NIFTY-II.NFO,19/05/2025,09:28:41,25174.4,25171.2,75,25174.4,1050,0,3624000
NIFTY-II.NFO,19/05/2025,09:28:43,25174.4,25170.3,300,25174.4,1050,0,3624000
NIFTY-II.NFO,19/05/2025,09:28:44,25174.4,25170,225,25174.4,1050,0,3624000
NIFTY-II.NFO,19/05/2025,09:28:46,25170,25170,225,25174.4,1050,75,3624000
NIFTY-II.NFO,19/05/2025,09:28:48,25170,25170,75,25174.4,1050,75,3624000
NIFTY-II.NFO,19/05/2025,09:28:49,25170,25171.5,75,25174.4,1050,0,3624000
NIFTY-II.NFO,19/05/2025,09:28:51,25176,25174.9,525,25182.9,75,1125,3624000
NIFTY-II.NFO,19/05/2025,09:28:53,25176.4,25175,300,25182.9,300,225,3624000
NIFTY-II.NFO,19/05/2025,09:28:54,25176.4,25172.7,750,25182.3,300,0,3624000
NIFTY-II.NFO,19/05/2025,09:28:56,25176.4,25171.4,150,25180.3,300,0,3624000
NIFTY-II.NFO,19/05/2025,09:28:58,25178.2,25170.5,750,25179.3,375,75,3624000
NIFTY-II.NFO,19/05/2025,09:28:59,25178.2,25175.5,75,25178.8,300,0,3624000
NIFTY-II.NFO,19/05/2025,09:29:01,25178.2,25175.5,75,25179.7,300,0,3624000
NIFTY-II.NFO,19/05/2025,09:29:03,25178.2,25175.5,75,25177.9,300,0,3624000
NIFTY-II.NFO,19/05/2025,09:29:04,25175.5,25170,75,25176.1,300,75,3624000
NIFTY-II.NFO,19/05/2025,09:29:06,25175.5,25170,75,25174.1,300,0,3624000
NIFTY-II.NFO,19/05/2025,09:29:08,25175.5,25170,150,25174.9,750,0,3624000
NIFTY-II.NFO,19/05/2025,09:29:09,25173.9,25170,150,25173.3,300,75,3624000
NIFTY-II.NFO,19/05/2025,09:29:11,25173.9,25170,150,25172.2,300,0,3624000
NIFTY-II.NFO,19/05/2025,09:29:13,25172.8,25170,150,25173.2,300,75,3624000
NIFTY-II.NFO,19/05/2025,09:29:14,25172.8,25170,150,25176.2,1200,0,3624000
NIFTY-II.NFO,19/05/2025,09:29:16,25172.8,25170,225,25175.3,300,0,3624000
NIFTY-II.NFO,19/05/2025,09:29:18,25172.8,25170,225,25174.9,300,0,3624000
NIFTY-II.NFO,19/05/2025,09:29:19,25172.8,25170,225,25177.8,300,0,3624000
NIFTY-II.NFO,19/05/2025,09:29:21,25170,25170,225,25177.8,300,150,3624000
NIFTY-II.NFO,19/05/2025,09:29:22,25170,25170,150,25177.8,675,0,3624000
NIFTY-II.NFO,19/05/2025,09:29:24,25170,25170,75,25176.8,675,75,3624000
NIFTY-II.NFO,19/05/2025,09:29:26,25172.8,25170,75,25176.7,375,75,3624000
NIFTY-II.NFO,19/05/2025,09:29:27,25170,25170.3,300,25178,75,75,3624000
NIFTY-II.NFO,19/05/2025,09:29:29,25170,25170.2,75,25177.9,300,0,3624000
NIFTY-II.NFO,19/05/2025,09:29:31,25170,25168.6,225,25177,825,0,3624000
NIFTY-II.NFO,19/05/2025,09:29:32,25176.3,25168.8,150,25176.6,375,150,3624000
NIFTY-II.NFO,19/05/2025,09:29:34,25170,25170.1,375,25177.9,375,75,3624000
NIFTY-II.NFO,19/05/2025,09:29:36,25170.1,25170.1,150,25177.9,300,75,3624000
NIFTY-II.NFO,19/05/2025,09:29:37,25170.1,25171.2,375,25178,75,0,3624000
NIFTY-II.NFO,19/05/2025,09:29:39,25178.5,25170.1,375,25178.5,75,150,3624000
NIFTY-II.NFO,19/05/2025,09:29:41,25178.5,25170,300,25175.6,375,0,3624000
NIFTY-II.NFO,19/05/2025,09:29:42,25170,25170,225,25177,375,75,3624000
NIFTY-II.NFO,19/05/2025,09:29:44,25170,25170.1,450,25178.2,375,75,3624000
NIFTY-II.NFO,19/05/2025,09:29:46,25171.4,25171.4,375,25179.4,375,75,3624000
NIFTY-II.NFO,19/05/2025,09:29:47,25171.4,25171.7,375,25180,375,0,3624000
NIFTY-II.NFO,19/05/2025,09:29:49,25171.4,25171.2,450,25179,375,0,3624000
NIFTY-II.NFO,19/05/2025,09:29:51,25171.4,25173.4,375,25181.8,375,0,3624000
NIFTY-II.NFO,19/05/2025,09:29:52,25171.4,25174.2,375,25182.2,375,0,3624000
NIFTY-II.NFO,19/05/2025,09:29:54,25181,25172.6,450,25181.1,450,75,3624000
NIFTY-II.NFO,19/05/2025,09:29:56,25181,25172.9,300,25180.9,300,0,3624000
NIFTY-II.NFO,19/05/2025,09:29:57,25181,25170,150,25177.2,300,0,3624000
NIFTY-II.NFO,19/05/2025,09:29:59,25181,25170.3,375,25178.3,375,0,3624000
NIFTY-II.NFO,19/05/2025,09:30:01,25181,25170.1,75,25178.3,300,0,3624000
NIFTY-II.NFO,19/05/2025,09:30:02,25181,25170.2,300,25179,375,0,3624000
NIFTY-II.NFO,19/05/2025,09:30:04,25181,25172.6,150,25180.8,375,0,3624000
NIFTY-II.NFO,19/05/2025,09:30:06,25181,25173.8,375,25181.9,450,0,3624000
NIFTY-II.NFO,19/05/2025,09:30:08,25181,25176.9,300,25185,75,0,3624000
NIFTY-II.NFO,19/05/2025,09:30:09,25181,25177.9,300,25185,75,0,3624000
NIFTY-II.NFO,19/05/2025,09:30:11,25181,25178.7,375,25185,75,0,3624000
NIFTY-II.NFO,19/05/2025,09:30:13,25181,25178.7,525,25185,75,0,3624000
NIFTY-II.NFO,19/05/2025,09:30:14,25178.9,25181.1,675,25185,75,75,3624000
NIFTY-II.NFO,19/05/2025,09:30:16,25185,25187.1,300,25190,75,75,3624000
NIFTY-II.NFO,19/05/2025,09:30:18,25185,25188.1,300,25190,75,0,3624000
NIFTY-II.NFO,19/05/2025,09:30:19,25185,25185.6,300,25190,75,0,3624000
NIFTY-II.NFO,19/05/2025,09:30:21,25185,25183,300,25190,75,0,3624000
NIFTY-II.NFO,19/05/2025,09:30:23,25185,25181.8,675,25190,150,0,3624000
NIFTY-II.NFO,19/05/2025,09:30:24,25185,25181.1,300,25188.2,375,0,3624000
NIFTY-II.NFO,19/05/2025,09:30:26,25188.2,25181.2,600,25189.3,375,75,3624000
NIFTY-II.NFO,19/05/2025,09:30:28,25188.2,25183.2,300,25190,75,0,3624000
NIFTY-II.NFO,19/05/2025,09:30:29,25188.2,25183.8,300,25190,150,0,3624000
NIFTY-II.NFO,19/05/2025,09:30:31,25188.2,25186.4,300,25190,150,0,3624000
NIFTY-II.NFO,19/05/2025,09:30:33,25188.2,25187.4,675,25190,150,0,3624000
NIFTY-II.NFO,19/05/2025,09:30:34,25188.2,25187,300,25190,150,0,3624000
NIFTY-II.NFO,19/05/2025,09:30:36,25188.2,25183.8,600,25190,150,0,3624000
NIFTY-II.NFO,19/05/2025,09:30:38,25188.2,25187.7,300,25190,150,0,3624000
NIFTY-II.NFO,19/05/2025,09:30:39,25188.2,25186,300,25190,150,0,3624000
NIFTY-II.NFO,19/05/2025,09:30:41,25190,25185.8,1650,25190,75,75,3625275
NIFTY-II.NFO,19/05/2025,09:30:43,25190,25186.6,300,25188.2,75,0,3625275
NIFTY-II.NFO,19/05/2025,09:30:44,25190,25187.6,300,25188.2,75,0,3625275
NIFTY-II.NFO,19/05/2025,09:30:46,25190,25183.2,75,25188.2,75,0,3625275
NIFTY-II.NFO,19/05/2025,09:30:48,25190,25183.6,375,25188.2,75,0,3625275
NIFTY-II.NFO,19/05/2025,09:30:49,25190,25182.7,450,25188.2,75,0,3625275
NIFTY-II.NFO,19/05/2025,09:30:51,25190,25182,75,25188.5,375,0,3625275
NIFTY-II.NFO,19/05/2025,09:30:53,25190,25182.9,375,25190,75,0,3625275
NIFTY-II.NFO,19/05/2025,09:30:54,25190,25186.3,300,25190,75,0,3625275
NIFTY-II.NFO,19/05/2025,09:30:56,25190,25186.7,300,25190,75,0,3625275
NIFTY-II.NFO,19/05/2025,09:30:58,25190,25186.4,300,25190,75,0,3625275
NIFTY-II.NFO,19/05/2025,09:30:59,25197.3,25187.6,900,25196.6,375,150,3625275
NIFTY-II.NFO,19/05/2025,09:31:01,25197.3,25189.4,300,25197.7,450,0,3625275
NIFTY-II.NFO,19/05/2025,09:31:03,25197.3,25189.9,150,25197.9,525,75,3625275
NIFTY-II.NFO,19/05/2025,09:31:04,25190.2,25190.6,225,25198,150,75,3625275
NIFTY-II.NFO,19/05/2025,09:31:06,25197.9,25190.2,225,25197.9,300,225,3625275
NIFTY-II.NFO,19/05/2025,09:31:08,25197.9,25192.6,375,25198,150,0,3625275
NIFTY-II.NFO,19/05/2025,09:31:09,25198,25194.5,300,25198,75,75,3625275
NIFTY-II.NFO,19/05/2025,09:31:11,25198,25199,300,25200,150,150,3625275
NIFTY-II.NFO,19/05/2025,09:31:13,25206,25199.3,1050,25206.4,375,225,3625275
NIFTY-II.NFO,19/05/2025,09:31:14,25206,25203.2,300,25208,375,0,3625275
NIFTY-II.NFO,19/05/2025,09:31:16,25206,25200.5,75,25205,75,0,3625275
NIFTY-II.NFO,19/05/2025,09:31:18,25206,25201.9,75,25205,75,0,3625275
NIFTY-II.NFO,19/05/2025,09:31:19,25205,25201.2,375,25208,375,75,3625275
NIFTY-II.NFO,19/05/2025,09:31:21,25208,25199.9,75,25207.9,450,75,3625275
NIFTY-II.NFO,19/05/2025,09:31:22,25208,25200.2,300,25207.9,375,0,3625275
NIFTY-II.NFO,19/05/2025,09:31:24,25208,25200.9,1125,25208,225,75,3625275
NIFTY-II.NFO,19/05/2025,09:31:26,25208,25202,300,25208,225,75,3625275
NIFTY-II.NFO,19/05/2025,09:31:27,25208,25202.6,525,25208,225,0,3625275
NIFTY-II.NFO,19/05/2025,09:31:29,25208,25204.8,225,25208,150,150,3625275
NIFTY-II.NFO,19/05/2025,09:31:31,25208,25206.1,1575,25208,75,75,3625275
NIFTY-II.NFO,19/05/2025,09:31:32,25208,25207,1125,25209,375,75,3625275
NIFTY-II.NFO,19/05/2025,09:31:34,25210,25208.1,300,25210.6,75,3525,3625275
NIFTY-II.NFO,19/05/2025,09:31:34,25210,25208.1,300,25210.6,75,0,3625275
NIFTY-II.NFO,19/05/2025,09:31:36,25215,25213,75,25217.8,75,750,3625275
NIFTY-II.NFO,19/05/2025,09:31:36,25215,25213,75,25217.8,75,0,3625275
NIFTY-II.NFO,19/05/2025,09:31:37,25212.8,25213.5,75,25217.8,75,150,3625275
NIFTY-II.NFO,19/05/2025,09:31:39,25212.8,25215.4,75,25217.8,75,0,3625275
NIFTY-II.NFO,19/05/2025,09:31:41,25212.8,25213.1,75,25217.8,75,0,3625275
NIFTY-II.NFO,19/05/2025,09:31:42,25212.8,25213.7,75,25217.8,75,0,3625275
NIFTY-II.NFO,19/05/2025,09:31:44,25212.8,25211.4,75,25214.9,75,0,3625275
NIFTY-II.NFO,19/05/2025,09:31:46,25212.8,25212,75,25214.9,75,0,3625275
NIFTY-II.NFO,19/05/2025,09:31:47,25212,25210.9,225,25214.9,75,75,3625275
NIFTY-II.NFO,19/05/2025,09:31:49,25214.9,25210.6,75,25217.7,300,75,3625275
NIFTY-II.NFO,19/05/2025,09:31:51,25214.9,25213,300,25215.8,300,0,3625275
NIFTY-II.NFO,19/05/2025,09:31:52,25215.5,25208,150,25213.9,300,450,3625275
NIFTY-II.NFO,19/05/2025,09:31:52,25215.8,25208,150,25213.9,300,0,3625275
NIFTY-II.NFO,19/05/2025,09:31:54,25214,25208,150,25212.4,225,300,3625275
NIFTY-II.NFO,19/05/2025,09:31:56,25214,25208,150,25211,225,0,3625275
NIFTY-II.NFO,19/05/2025,09:31:57,25214,25208,150,25210.7,225,0,3625275
NIFTY-II.NFO,19/05/2025,09:31:59,25214,25208,150,25211.5,300,0,3625275
NIFTY-II.NFO,19/05/2025,09:32:01,25208,25208,75,25209,300,225,3625275
NIFTY-II.NFO,19/05/2025,09:32:02,25208,25202.1,150,25209,300,75,3625275
NIFTY-II.NFO,19/05/2025,09:32:04,25208,25200.2,75,25207,150,0,3625275
NIFTY-II.NFO,19/05/2025,09:32:06,25207.4,25200.2,75,25207.4,225,75,3625275
NIFTY-II.NFO,19/05/2025,09:32:07,25207.4,25200.2,75,25203.5,150,0,3625275
NIFTY-II.NFO,19/05/2025,09:32:09,25200.2,25200,75,25204.2,150,75,3625275
NIFTY-II.NFO,19/05/2025,09:32:11,25200.2,25200,75,25201.7,300,0,3625275
NIFTY-II.NFO,19/05/2025,09:32:12,25200,25193.6,75,25201.2,150,150,3625275
NIFTY-II.NFO,19/05/2025,09:32:14,25200,25192.1,300,25201,300,0,3625275
NIFTY-II.NFO,19/05/2025,09:32:16,25200,25190,75,25199.1,150,0,3625275
NIFTY-II.NFO,19/05/2025,09:32:18,25199.1,25190.5,150,25198.6,150,150,3625275
NIFTY-II.NFO,19/05/2025,09:32:19,25190.1,25189,75,25192,75,225,3625275
NIFTY-II.NFO,19/05/2025,09:32:21,25189,25185,75,25191.9,75,75,3625275
NIFTY-II.NFO,19/05/2025,09:32:23,25189,25187,75,25192,75,0,3625275
NIFTY-II.NFO,19/05/2025,09:32:24,25187.1,25186.7,300,25194.8,225,75,3625275
NIFTY-II.NFO,19/05/2025,09:32:26,25187.1,25192.7,300,25200,75,0,3625275
NIFTY-II.NFO,19/05/2025,09:32:28,25187.1,25188.8,300,25197.2,150,0,3625275
NIFTY-II.NFO,19/05/2025,09:32:29,25187.1,25190.1,300,25199.1,75,0,3625275
NIFTY-II.NFO,19/05/2025,09:32:31,25187.1,25189.1,300,25197,300,0,3625275
NIFTY-II.NFO,19/05/2025,09:32:33,25187.1,25191.7,300,25200,75,0,3625275
NIFTY-II.NFO,19/05/2025,09:32:34,25187.1,25192.5,375,25200,150,0,3625275
NIFTY-II.NFO,19/05/2025,09:32:36,25191.7,25191.8,300,25200,75,75,3625275
NIFTY-II.NFO,19/05/2025,09:32:38,25198.8,25189.6,300,25198.8,75,375,3625275
NIFTY-II.NFO,19/05/2025,09:32:39,25198.8,25190.8,450,25198.9,225,0,3625275
NIFTY-II.NFO,19/05/2025,09:32:41,25198.8,25191.5,375,25200.4,75,0,3625275
NIFTY-II.NFO,19/05/2025,09:32:43,25198.8,25191.4,450,25201,450,0,3625275
NIFTY-II.NFO,19/05/2025,09:32:44,25189.5,25185.8,300,25194.8,150,75,3625275
NIFTY-II.NFO,19/05/2025,09:32:46,25189.5,25187.1,750,25196,150,0,3625275
NIFTY-II.NFO,19/05/2025,09:32:48,25189.5,25190.5,750,25199.3,150,0,3625275
NIFTY-II.NFO,19/05/2025,09:32:49,25189.5,25189.7,375,25198.3,150,0,3625275
NIFTY-II.NFO,19/05/2025,09:32:51,25198.3,25190.9,300,25199.4,300,75,3625275
NIFTY-II.NFO,19/05/2025,09:32:53,25198.3,25190,75,25196,225,0,3625275
NIFTY-II.NFO,19/05/2025,09:32:54,25189,25185,75,25192.1,150,150,3625275
NIFTY-II.NFO,19/05/2025,09:32:56,25185,25183.5,300,25191.6,1050,75,3625275
NIFTY-II.NFO,19/05/2025,09:32:58,25185,25184,300,25191.4,75,0,3625275
NIFTY-II.NFO,19/05/2025,09:32:59,25185,25183.8,75,25190.8,225,0,3625275
NIFTY-II.NFO,19/05/2025,09:33:01,25185,25184,750,25192.7,150,0,3625275
NIFTY-II.NFO,19/05/2025,09:33:03,25185,25185.8,300,25194.5,150,0,3625275
NIFTY-II.NFO,19/05/2025,09:33:04,25185,25187.6,375,25196.2,150,0,3625275
NIFTY-II.NFO,19/05/2025,09:33:06,25185,25188.8,375,25197.3,150,0,3625275
NIFTY-II.NFO,19/05/2025,09:33:08,25185,25186.6,375,25194.6,300,0,3625275
NIFTY-II.NFO,19/05/2025,09:33:09,25185,25186.5,300,25195,375,0,3625275
NIFTY-II.NFO,19/05/2025,09:33:11,25185,25185,375,25193.6,150,0,3625275
NIFTY-II.NFO,19/05/2025,09:33:13,25185,25184.2,75,25192,375,0,3625275
NIFTY-II.NFO,19/05/2025,09:33:14,25185,25185.6,675,25193.3,150,0,3625275
NIFTY-II.NFO,19/05/2025,09:33:16,25185,25186.6,375,25194.6,225,0,3625275
NIFTY-II.NFO,19/05/2025,09:33:18,25185,25184.4,375,25192.5,375,0,3625275
NIFTY-II.NFO,19/05/2025,09:33:19,25191,25184,75,25190.4,300,75,3625275
NIFTY-II.NFO,19/05/2025,09:33:21,25191,25182.1,375,25189.8,300,0,3625275
NIFTY-II.NFO,19/05/2025,09:33:22,25191,25182.7,750,25190.7,225,0,3625275
NIFTY-II.NFO,19/05/2025,09:33:24,25191,25184.1,300,25190,450,0,3625275
NIFTY-II.NFO,19/05/2025,09:33:26,25191,25184.8,300,25190,450,0,3625275
NIFTY-II.NFO,19/05/2025,09:33:27,25191,25184.9,300,25190,450,0,3625275
NIFTY-II.NFO,19/05/2025,09:33:29,25191,25185.1,375,25190,450,0,3625275
NIFTY-II.NFO,19/05/2025,09:33:31,25191,25185.2,375,25190,450,0,3625275
NIFTY-II.NFO,19/05/2025,09:33:32,25190,25184.2,300,25190,300,150,3627750
NIFTY-II.NFO,19/05/2025,09:33:34,25190,25185.6,675,25190,300,0,3627750
NIFTY-II.NFO,19/05/2025,09:33:36,25190,25185.6,375,25190,300,0,3627750
NIFTY-II.NFO,19/05/2025,09:33:37,25190,25184.1,300,25190,300,0,3627750
NIFTY-II.NFO,19/05/2025,09:33:39,25190,25184,75,25190,300,0,3627750
NIFTY-II.NFO,19/05/2025,09:33:41,25190,25184.2,300,25190,300,0,3627750
NIFTY-II.NFO,19/05/2025,09:33:42,25190,25189.6,300,25190,300,0,3627750
NIFTY-II.NFO,19/05/2025,09:33:44,25190,25189,975,25190,300,0,3627750
NIFTY-II.NFO,19/05/2025,09:33:46,25190,25188,300,25190,300,0,3627750
NIFTY-II.NFO,19/05/2025,09:33:47,25191,25190.5,300,25191,225,525,3627750
NIFTY-II.NFO,19/05/2025,09:33:49,25191,25190,375,25191,225,0,3627750
NIFTY-II.NFO,19/05/2025,09:33:51,25191,25189.5,375,25191,225,0,3627750
NIFTY-II.NFO,19/05/2025,09:33:52,25191,25189.4,375,25191,225,0,3627750
NIFTY-II.NFO,19/05/2025,09:33:56,25191,25188.8,75,25191,225,0,3627750
NIFTY-II.NFO,19/05/2025,09:33:59,25187.4,25188.8,150,25191,225,150,3627750
NIFTY-II.NFO,19/05/2025,09:34:01,25187.4,25188.4,150,25191,225,0,3627750
NIFTY-II.NFO,19/05/2025,09:34:02,25187.4,25187.9,375,25191,225,0,3627750
NIFTY-II.NFO,19/05/2025,09:34:04,25187.4,25185.9,75,25191,225,0,3627750
NIFTY-II.NFO,19/05/2025,09:34:06,25187.4,25186.2,150,25191,225,0,3627750
NIFTY-II.NFO,19/05/2025,09:34:07,25187.4,25185.9,150,25191,225,0,3627750
NIFTY-II.NFO,19/05/2025,09:34:09,25187.4,25185.2,375,25191,225,0,3627750
NIFTY-II.NFO,19/05/2025,09:34:11,25187.4,25188.8,375,25191,225,0,3627750
NIFTY-II.NFO,19/05/2025,09:34:12,25191,25192.4,375,25200,300,225,3627750
NIFTY-II.NFO,19/05/2025,09:34:14,25191,25189.7,75,25197.8,75,0,3627750
NIFTY-II.NFO,19/05/2025,09:34:16,25191,25185.6,975,25194.7,225,0,3627750
NIFTY-II.NFO,19/05/2025,09:34:17,25191,25187.9,450,25196.4,225,0,3627750
NIFTY-II.NFO,19/05/2025,09:34:19,25191,25187.8,450,25196,300,0,3627750
NIFTY-II.NFO,19/05/2025,09:34:21,25191,25187.8,375,25196.5,300,0,3627750
NIFTY-II.NFO,19/05/2025,09:34:23,25191,25191,75,25197.2,525,0,3627750
NIFTY-II.NFO,19/05/2025,09:34:24,25191,25189.7,750,25198.9,225,75,3627750
NIFTY-II.NFO,19/05/2025,09:34:26,25191,25190.3,375,25198.9,300,0,3627750
NIFTY-II.NFO,19/05/2025,09:34:28,25191,25190.7,75,25199,375,0,3627750
NIFTY-II.NFO,19/05/2025,09:34:29,25191,25191,75,25198.5,150,0,3627750
NIFTY-II.NFO,19/05/2025,09:34:31,25191,25190.1,375,25198.3,375,75,3627750
NIFTY-II.NFO,19/05/2025,09:34:33,25191,25190.6,300,25199.6,225,0,3627750
NIFTY-II.NFO,19/05/2025,09:34:34,25191,25188.8,375,25195,75,0,3627750
NIFTY-II.NFO,19/05/2025,09:34:36,25195,25193.6,375,25201.4,75,75,3627750
NIFTY-II.NFO,19/05/2025,09:34:38,25195,25195,300,25203.5,225,0,3627750
NIFTY-II.NFO,19/05/2025,09:34:39,25195,25193.4,300,25202,75,0,3627750
NIFTY-II.NFO,19/05/2025,09:34:41,25195,25191.1,375,25199.3,300,0,3627750
NIFTY-II.NFO,19/05/2025,09:34:43,25195,25190.1,300,25199.1,75,0,3627750
NIFTY-II.NFO,19/05/2025,09:34:44,25195,25191.3,675,25200.2,975,0,3627750
NIFTY-II.NFO,19/05/2025,09:34:46,25191.3,25192.2,375,25194,1500,150,3627750
NIFTY-II.NFO,19/05/2025,09:34:48,25191.3,25193.6,750,25194,1500,0,3627750
NIFTY-II.NFO,19/05/2025,09:34:49,25201.4,25194.4,300,25203,300,1575,3627750
NIFTY-II.NFO,19/05/2025,09:34:51,25201.4,25194,300,25202.7,150,0,3627750
NIFTY-II.NFO,19/05/2025,09:34:53,25201.4,25193.1,300,25201.5,150,0,3627750
NIFTY-II.NFO,19/05/2025,09:34:54,25201.4,25190.8,300,25199.8,300,0,3627750
NIFTY-II.NFO,19/05/2025,09:34:56,25201.4,25189.3,675,25198.3,300,0,3627750
NIFTY-II.NFO,19/05/2025,09:34:58,25201.4,25191.4,300,25200,300,0,3627750
NIFTY-II.NFO,19/05/2025,09:34:59,25201.4,25191.7,375,25200.4,375,0,3627750
NIFTY-II.NFO,19/05/2025,09:35:01,25201.4,25192.5,300,25200.1,300,0,3627750
NIFTY-II.NFO,19/05/2025,09:35:03,25201.4,25190.2,300,25199.3,300,0,3627750
NIFTY-II.NFO,19/05/2025,09:35:04,25200.2,25191.7,375,25200.5,300,75,3627750
NIFTY-II.NFO,19/05/2025,09:35:06,25200.5,25192.2,375,25201,375,75,3627750
NIFTY-II.NFO,19/05/2025,09:35:08,25200.5,25192.8,300,25200.8,150,0,3627750
NIFTY-II.NFO,19/05/2025,09:35:09,25200.5,25200,75,25204,750,0,3627750
NIFTY-II.NFO,19/05/2025,09:35:11,25200,25192.9,675,25201.2,150,75,3627750
NIFTY-II.NFO,19/05/2025,09:35:13,25200,25191.7,225,25200.3,375,0,3627750
NIFTY-II.NFO,19/05/2025,09:35:14,25200,25191.2,300,25199.7,300,0,3627750
NIFTY-II.NFO,19/05/2025,09:35:16,25200,25190.1,300,25193.2,150,0,3627750
NIFTY-II.NFO,19/05/2025,09:35:18,25200,25189.3,600,25193.2,150,0,3627750
NIFTY-II.NFO,19/05/2025,09:35:19,25190.8,25190.8,525,25198.5,375,150,3627750
NIFTY-II.NFO,19/05/2025,09:35:21,25190.8,25191.1,675,25199.2,375,0,3627750
NIFTY-II.NFO,19/05/2025,09:35:23,25190.8,25188.3,225,25196.7,375,0,3627750
NIFTY-II.NFO,19/05/2025,09:35:24,25190.8,25186.5,225,25195.5,375,0,3627750
NIFTY-II.NFO,19/05/2025,09:35:26,25190.8,25185.1,150,25193.6,300,0,3627750
NIFTY-II.NFO,19/05/2025,09:35:28,25190.8,25185,75,25192.5,375,0,3627750
NIFTY-II.NFO,19/05/2025,09:35:29,25190.8,25183,525,25190.5,375,0,3627750
NIFTY-II.NFO,19/05/2025,09:35:31,25190.8,25181.7,375,25189.4,525,0,3627750
NIFTY-II.NFO,19/05/2025,09:35:33,25190.8,25181.6,450,25189.4,600,0,3627750
NIFTY-II.NFO,19/05/2025,09:35:34,25189.4,25183.2,225,25190.7,300,75,3627750
NIFTY-II.NFO,19/05/2025,09:35:36,25183.2,25185.7,300,25190.8,1800,75,3627750
NIFTY-II.NFO,19/05/2025,09:35:38,25183.2,25186,75,25190.8,1800,0,3627750
NIFTY-II.NFO,19/05/2025,09:35:39,25183.2,25186,75,25190.7,300,0,3627750
NIFTY-II.NFO,19/05/2025,09:35:41,25183.2,25186,75,25189.4,75,0,3627750
NIFTY-II.NFO,19/05/2025,09:35:49,25189.4,25186,75,25190,750,75,3627750
NIFTY-II.NFO,19/05/2025,09:35:51,25189.4,25186,75,25190,750,0,3627750
NIFTY-II.NFO,19/05/2025,09:35:53,25189.4,25186,75,25189.9,300,0,3627750
NIFTY-II.NFO,19/05/2025,09:35:54,25189.4,25186,75,25189.8,300,0,3627750
NIFTY-II.NFO,19/05/2025,09:35:56,25186,25184,75,25188.3,300,75,3627750
NIFTY-II.NFO,19/05/2025,09:35:58,25186,25184,75,25186.7,300,0,3627750
NIFTY-II.NFO,19/05/2025,09:35:59,25186,25184,75,25186,75,0,3627750
NIFTY-II.NFO,19/05/2025,09:36:04,25175,25175.7,300,25182.5,300,975,3627750
NIFTY-II.NFO,19/05/2025,09:36:06,25175,25175.9,300,25183,675,0,3627750
NIFTY-II.NFO,19/05/2025,09:36:08,25181,25178,75,25182.5,675,75,3627750
NIFTY-II.NFO,19/05/2025,09:36:09,25182.1,25176,75,25183.7,675,150,3627750
NIFTY-II.NFO,19/05/2025,09:36:11,25182.1,25177,300,25184.1,300,0,3627750
NIFTY-II.NFO,19/05/2025,09:36:13,25182.1,25180.4,300,25186,75,0,3627750
NIFTY-II.NFO,19/05/2025,09:36:14,25182.1,25177.7,75,25184.9,300,0,3627750
NIFTY-II.NFO,19/05/2025,09:36:16,25182.1,25177,300,25183.7,300,0,3627750
NIFTY-II.NFO,19/05/2025,09:36:18,25182.1,25176,75,25182.8,300,0,3627750
NIFTY-II.NFO,19/05/2025,09:36:19,25182.1,25178,150,25180.8,75,0,3627750
NIFTY-II.NFO,19/05/2025,09:36:23,25178,25178,75,25180.8,75,75,3627750
NIFTY-II.NFO,19/05/2025,09:36:24,25178,25176,75,25177.8,300,75,3627750
NIFTY-II.NFO,19/05/2025,09:36:26,25175,25171,75,25176.9,300,300,3627750
NIFTY-II.NFO,19/05/2025,09:36:28,25175,25171,75,25174.5,375,0,3627750
NIFTY-II.NFO,19/05/2025,09:36:29,25170,25165,975,25169.6,675,300,3627750
NIFTY-II.NFO,19/05/2025,09:36:31,25172.9,25166.2,450,25173.7,300,75,3627750
NIFTY-II.NFO,19/05/2025,09:36:33,25173,25170.8,300,25178,75,75,3627600
NIFTY-II.NFO,19/05/2025,09:36:34,25170.1,25170.7,225,25178,75,150,3627600
NIFTY-II.NFO,19/05/2025,09:36:36,25170.1,25171.6,300,25178,75,0,3627600
NIFTY-II.NFO,19/05/2025,09:36:38,25170.1,25172.1,150,25177.9,150,0,3627600
NIFTY-II.NFO,19/05/2025,09:36:39,25170.8,25170.3,300,25177.2,375,150,3627600
NIFTY-II.NFO,19/05/2025,09:36:41,25170.3,25170,75,25174.2,225,75,3627600
NIFTY-II.NFO,19/05/2025,09:36:43,25177.2,25170.2,300,25177.6,150,75,3627600
NIFTY-II.NFO,19/05/2025,09:36:44,25170.3,25170.3,225,25177.2,150,300,3627600
NIFTY-II.NFO,19/05/2025,09:36:46,25170.3,25170.9,375,25178,150,0,3627600
NIFTY-II.NFO,19/05/2025,09:36:48,25170.3,25170.8,75,25175.6,150,0,3627600
NIFTY-II.NFO,19/05/2025,09:36:49,25170.8,25170.1,75,25175.4,300,75,3627600
NIFTY-II.NFO,19/05/2025,09:36:51,25170.8,25170.3,75,25173,75,0,3627600
NIFTY-II.NFO,19/05/2025,09:36:54,25170.3,25170.1,75,25173,75,75,3627600
NIFTY-II.NFO,19/05/2025,09:36:56,25173,25170.1,75,25175.1,450,75,3627600
NIFTY-II.NFO,19/05/2025,09:36:58,25173,25170.1,75,25174.4,450,0,3627600
NIFTY-II.NFO,19/05/2025,09:36:59,25174.9,25170.1,75,25172.4,150,75,3627600
NIFTY-II.NFO,19/05/2025,09:37:01,25174.9,25170.2,300,25177.5,375,0,3627600
NIFTY-II.NFO,19/05/2025,09:37:03,25174.9,25171.8,300,25179,150,0,3627600
NIFTY-II.NFO,19/05/2025,09:37:04,25170,25170,150,25176.8,150,150,3627600
NIFTY-II.NFO,19/05/2025,09:37:06,25170,25170,150,25175.7,150,0,3627600
NIFTY-II.NFO,19/05/2025,09:37:08,25170,25170,150,25176.7,150,0,3627600
NIFTY-II.NFO,19/05/2025,09:37:09,25170,25171.6,150,25178.6,150,0,3627600
NIFTY-II.NFO,19/05/2025,09:37:11,25170,25170.1,525,25177.6,150,0,3627600
NIFTY-II.NFO,19/05/2025,09:37:13,25170,25170.3,150,25177.8,150,0,3627600
NIFTY-II.NFO,19/05/2025,09:37:14,25170,25170,225,25175.9,150,0,3627600
NIFTY-II.NFO,19/05/2025,09:37:16,25170,25170.8,300,25178.4,150,0,3627600
NIFTY-II.NFO,19/05/2025,09:37:18,25173.4,25175.7,225,25180,75,75,3627600
NIFTY-II.NFO,19/05/2025,09:37:19,25176,25176.1,75,25180,75,150,3627600
NIFTY-II.NFO,19/05/2025,09:37:21,25180,25176.1,150,25180.8,75,75,3627600
NIFTY-II.NFO,19/05/2025,09:37:23,25180,25175.4,150,25180.8,75,0,3627600
NIFTY-II.NFO,19/05/2025,09:37:24,25175.4,25178.5,75,25180.8,75,150,3627600
NIFTY-II.NFO,19/05/2025,09:37:26,25175.4,25177.8,300,25180.8,75,0,3627600
NIFTY-II.NFO,19/05/2025,09:37:28,25175.4,25178.2,75,25180.8,75,0,3627600
NIFTY-II.NFO,19/05/2025,09:37:29,25175.4,25178.1,225,25180.8,75,0,3627600
NIFTY-II.NFO,19/05/2025,09:37:31,25177.9,25178,225,25180.8,75,150,3627600
NIFTY-II.NFO,19/05/2025,09:37:33,25177.9,25179.6,225,25180.8,75,0,3627600
NIFTY-II.NFO,19/05/2025,09:37:34,25180.8,25180.9,225,25185,75,75,3627600
NIFTY-II.NFO,19/05/2025,09:37:36,25180.8,25179.9,225,25185,75,0,3627600
NIFTY-II.NFO,19/05/2025,09:37:38,25177.5,25176.7,225,25184.1,375,150,3627600
NIFTY-II.NFO,19/05/2025,09:37:39,25177.5,25175.8,225,25182.5,300,0,3627600
NIFTY-II.NFO,19/05/2025,09:37:41,25177.5,25175,75,25179,450,0,3627600
NIFTY-II.NFO,19/05/2025,09:37:43,25177.5,25173.5,675,25180.9,525,0,3627600
NIFTY-II.NFO,19/05/2025,09:37:44,25174.6,25173.4,75,25180.8,600,75,3627600
NIFTY-II.NFO,19/05/2025,09:37:46,25179.9,25173.5,75,25180.8,300,75,3627600
NIFTY-II.NFO,19/05/2025,09:37:48,25179.9,25177.5,75,25183.2,450,0,3627600
NIFTY-II.NFO,19/05/2025,09:37:49,25179.9,25178,75,25183.1,300,0,3627600
NIFTY-II.NFO,19/05/2025,09:37:51,25174,25173.4,225,25181.2,300,225,3627600
NIFTY-II.NFO,19/05/2025,09:37:53,25181,25173.4,75,25180.8,225,75,3627600
NIFTY-II.NFO,19/05/2025,09:37:54,25181,25173.4,75,25179,300,0,3627600
NIFTY-II.NFO,19/05/2025,09:37:56,25173.4,25170,1050,25176.4,300,75,3627600
NIFTY-II.NFO,19/05/2025,09:37:58,25173.4,25170.5,225,25177.5,150,0,3627600
NIFTY-II.NFO,19/05/2025,09:37:59,25173.4,25170,1050,25175.5,300,0,3627600
NIFTY-II.NFO,19/05/2025,09:38:01,25173.4,25175,75,25176.4,300,0,3627600
NIFTY-II.NFO,19/05/2025,09:38:03,25173.4,25175,75,25177.3,150,0,3627600
NIFTY-II.NFO,19/05/2025,09:38:04,25175,25172.9,225,25180.1,300,75,3627600
NIFTY-II.NFO,19/05/2025,09:38:06,25175,25171.2,150,25178.9,525,0,3627600
NIFTY-II.NFO,19/05/2025,09:38:08,25175,25170.9,225,25178,300,0,3627600
NIFTY-II.NFO,19/05/2025,09:38:09,25175,25175,75,25177.4,150,0,3627600
NIFTY-II.NFO,19/05/2025,09:38:11,25175,25170,1050,25175.2,450,75,3627600
NIFTY-II.NFO,19/05/2025,09:38:13,25175,25170,1050,25175.8,225,0,3627600
NIFTY-II.NFO,19/05/2025,09:38:14,25175,25170.8,75,25178.3,300,0,3627600
NIFTY-II.NFO,19/05/2025,09:38:16,25175,25170.5,75,25177.8,300,0,3627600
NIFTY-II.NFO,19/05/2025,09:38:18,25175,25170,1050,25177.1,300,0,3627600
NIFTY-II.NFO,19/05/2025,09:38:19,25175,25170,1050,25176.7,300,0,3627600
NIFTY-II.NFO,19/05/2025,09:38:21,25175,25170,1050,25175,75,0,3627600
NIFTY-II.NFO,19/05/2025,09:38:23,25170,25165.5,75,25171.5,450,1050,3627600
NIFTY-II.NFO,19/05/2025,09:38:24,25170,25165.5,75,25170.6,150,0,3627600
NIFTY-II.NFO,19/05/2025,09:38:26,25170,25165.3,75,25173.1,525,0,3627600
NIFTY-II.NFO,19/05/2025,09:38:28,25170,25165.8,300,25172.8,150,0,3627600
NIFTY-II.NFO,19/05/2025,09:38:29,25170,25166.7,375,25173.9,675,0,3627600
NIFTY-II.NFO,19/05/2025,09:38:31,25170,25165.4,75,25172.5,150,0,3627600
NIFTY-II.NFO,19/05/2025,09:38:33,25170,25165,300,25167.2,225,0,3627600
NIFTY-II.NFO,19/05/2025,09:38:34,25162.2,25160,375,25163.2,300,675,3627600
NIFTY-II.NFO,19/05/2025,09:38:36,25162.2,25160,375,25165,75,0,3627600
NIFTY-II.NFO,19/05/2025,09:38:39,25162.2,25161,75,25165,75,0,3627600
NIFTY-II.NFO,19/05/2025,09:38:41,25162.2,25160,375,25164.9,300,0,3627600
NIFTY-II.NFO,19/05/2025,09:38:43,25162.2,25160,375,25165,75,0,3627600
NIFTY-II.NFO,19/05/2025,09:38:44,25160,25160,300,25165,75,1125,3627600
NIFTY-II.NFO,19/05/2025,09:38:46,25160,25161,75,25163.6,375,0,3627600
NIFTY-II.NFO,19/05/2025,09:38:48,25161,25160,225,25163.2,150,75,3627600
NIFTY-II.NFO,19/05/2025,09:38:49,25161,25160,225,25164.5,375,0,3627600
NIFTY-II.NFO,19/05/2025,09:38:51,25161,25160,225,25161,75,0,3627600
NIFTY-II.NFO,19/05/2025,09:38:56,25161,25160,150,25165.9,375,150,3627600
NIFTY-II.NFO,19/05/2025,09:38:58,25160,25159,225,25164.9,300,150,3627600
NIFTY-II.NFO,19/05/2025,09:38:59,25160,25159.8,75,25167.8,150,0,3627600
NIFTY-II.NFO,19/05/2025,09:39:01,25168.3,25164,75,25169,300,75,3627600
NIFTY-II.NFO,19/05/2025,09:39:03,25168.3,25164,75,25167.5,150,0,3627600
NIFTY-II.NFO,19/05/2025,09:39:04,25164,25159.1,75,25166.3,150,75,3627600
NIFTY-II.NFO,19/05/2025,09:39:06,25164,25160,75,25165.5,300,0,3627600
NIFTY-II.NFO,19/05/2025,09:39:08,25164,25160,75,25166.8,300,0,3627600
NIFTY-II.NFO,19/05/2025,09:39:09,25158.7,25159.4,300,25166.4,225,375,3627600
NIFTY-II.NFO,19/05/2025,09:39:11,25167.3,25160,75,25167.5,150,75,3627600
NIFTY-II.NFO,19/05/2025,09:39:13,25162.6,25162.5,150,25169.4,150,75,3627600
NIFTY-II.NFO,19/05/2025,09:39:14,25162.6,25161.1,75,25167.9,150,0,3627600
NIFTY-II.NFO,19/05/2025,09:39:16,25162.6,25161.2,75,25167.6,150,0,3627600
NIFTY-II.NFO,19/05/2025,09:39:18,25162.6,25161.5,225,25169.6,150,0,3627600
NIFTY-II.NFO,19/05/2025,09:39:19,25162.6,25161.3,75,25167.2,150,0,3627600
NIFTY-II.NFO,19/05/2025,09:39:21,25162.6,25161.3,75,25165.5,150,0,3627600
NIFTY-II.NFO,19/05/2025,09:39:23,25162.6,25161.4,75,25165,150,0,3627600
NIFTY-II.NFO,19/05/2025,09:39:24,25162.6,25161.5,75,25167,150,0,3627600
NIFTY-II.NFO,19/05/2025,09:39:26,25162.6,25161.5,75,25166.1,150,0,3627600
NIFTY-II.NFO,19/05/2025,09:39:28,25162.6,25161.5,75,25164.2,150,0,3627600
NIFTY-II.NFO,19/05/2025,09:39:29,25162.9,25161.7,75,25164,75,75,3627600
NIFTY-II.NFO,19/05/2025,09:39:31,25162.9,25161.7,75,25165.9,75,0,3627600
NIFTY-II.NFO,19/05/2025,09:39:33,25162.6,25161.7,75,25165,75,75,3627600
NIFTY-II.NFO,19/05/2025,09:39:34,25165.6,25161.8,75,25165.2,150,75,3628425
NIFTY-II.NFO,19/05/2025,09:39:36,25161.8,25161.6,75,25164.3,675,75,3628425
NIFTY-II.NFO,19/05/2025,09:39:38,25161.8,25161.6,75,25163.8,375,75,3628425
NIFTY-II.NFO,19/05/2025,09:39:39,25157.6,25159.1,225,25165,75,300,3628425
NIFTY-II.NFO,19/05/2025,09:39:41,25165,25158.5,150,25165.6,675,75,3628425
NIFTY-II.NFO,19/05/2025,09:39:43,25165,25158.6,300,25166.9,300,0,3628425
NIFTY-II.NFO,19/05/2025,09:39:44,25165,25165.1,75,25165.5,300,0,3628425
NIFTY-II.NFO,19/05/2025,09:39:46,25165,25158.6,75,25165.5,300,150,3628425
NIFTY-II.NFO,19/05/2025,09:39:48,25165,25158.6,75,25165,300,0,3628425
NIFTY-II.NFO,19/05/2025,09:39:49,25165,25158.6,75,25164.9,675,0,3628425
NIFTY-II.NFO,19/05/2025,09:39:51,25154.5,25152.7,75,25155,675,1200,3628425
NIFTY-II.NFO,19/05/2025,09:39:53,25156.1,25152.8,75,25156.9,225,75,3628425
NIFTY-II.NFO,19/05/2025,09:39:54,25157.1,25152.7,75,25158.4,375,750,3628425
NIFTY-II.NFO,19/05/2025,09:39:56,25157.1,25152.7,75,25158.4,375,0,3628425
NIFTY-II.NFO,19/05/2025,09:39:58,25152.6,25152.5,75,25159.5,300,225,3628425
NIFTY-II.NFO,19/05/2025,09:39:59,25152.5,25152.4,225,25159.1,150,75,3628425
NIFTY-II.NFO,19/05/2025,09:40:01,25152.5,25154,75,25157.1,375,0,3628425
NIFTY-II.NFO,19/05/2025,09:40:03,25152.5,25154,75,25155.7,375,0,3628425
NIFTY-II.NFO,19/05/2025,09:40:04,25152.5,25154,75,25156.9,375,0,3628425
NIFTY-II.NFO,19/05/2025,09:40:06,25154,25152.4,225,25155.8,375,75,3628425
NIFTY-II.NFO,19/05/2025,09:40:08,25154,25152.4,225,25153.8,375,0,3628425
NIFTY-II.NFO,19/05/2025,09:40:09,25150,25150,1350,25152.9,225,1050,3628425
NIFTY-II.NFO,19/05/2025,09:40:11,25150,25150,75,25151.8,375,1350,3628425
NIFTY-II.NFO,19/05/2025,09:40:13,25150,25149,75,25151.6,300,150,3628425
NIFTY-II.NFO,19/05/2025,09:40:14,25149,25147,75,25150,75,75,3628425
NIFTY-II.NFO,19/05/2025,09:40:16,25151.9,25147.1,75,25152,75,150,3628425
NIFTY-II.NFO,19/05/2025,09:40:18,25157,25151.1,225,25157.1,75,150,3628425
NIFTY-II.NFO,19/05/2025,09:40:19,25157,25148.5,75,25156,300,0,3628425
NIFTY-II.NFO,19/05/2025,09:40:21,25150,25150.4,300,25157.1,75,75,3628425
NIFTY-II.NFO,19/05/2025,09:40:23,25157.1,25154.9,225,25161.6,75,375,3628425
NIFTY-II.NFO,19/05/2025,09:40:24,25154.9,25153.9,75,25157,75,150,3628425
NIFTY-II.NFO,19/05/2025,09:40:26,25154.9,25153.1,150,25157,75,0,3628425
NIFTY-II.NFO,19/05/2025,09:40:28,25154.9,25153.3,150,25157,75,0,3628425
NIFTY-II.NFO,19/05/2025,09:40:29,25153.7,25153.3,150,25160.2,150,150,3628425
NIFTY-II.NFO,19/05/2025,09:40:31,25160.2,25154.9,150,25162.5,75,75,3628425
NIFTY-II.NFO,19/05/2025,09:40:33,25160.2,25153.7,150,25161.8,300,0,3628425
NIFTY-II.NFO,19/05/2025,09:40:34,25162.6,25154.4,225,25161.5,150,75,3628425
NIFTY-II.NFO,19/05/2025,09:40:36,25162.6,25154.1,150,25162.6,75,0,3628425
NIFTY-II.NFO,19/05/2025,09:40:38,25153.8,25152.4,75,25160.1,150,75,3628425
NIFTY-II.NFO,19/05/2025,09:40:39,25157.4,25150,300,25155.4,75,75,3628425
NIFTY-II.NFO,19/05/2025,09:40:41,25157.4,25150.9,225,25157,150,0,3628425
NIFTY-II.NFO,19/05/2025,09:40:43,25155.9,25150.1,75,25156.6,300,75,3628425
NIFTY-II.NFO,19/05/2025,09:40:44,25150,25150,150,25156.4,300,225,3628425
NIFTY-II.NFO,19/05/2025,09:40:46,25150,25152.6,75,25156.7,300,0,3628425
NIFTY-II.NFO,19/05/2025,09:40:48,25155.3,25150.1,75,25155.1,150,150,3628425
NIFTY-II.NFO,19/05/2025,09:40:49,25150.1,25150,150,25155.5,300,75,3628425
NIFTY-II.NFO,19/05/2025,09:40:51,25150.1,25150,225,25155.8,75,0,3628425
NIFTY-II.NFO,19/05/2025,09:40:53,25150.1,25151.4,150,25155.8,75,0,3628425
NIFTY-II.NFO,19/05/2025,09:40:54,25150.1,25154.3,75,25157.5,75,0,3628425
NIFTY-II.NFO,19/05/2025,09:40:56,25150.1,25154.1,525,25162.3,375,0,3628425
NIFTY-II.NFO,19/05/2025,09:40:58,25150.1,25153.8,75,25162.3,375,0,3628425
NIFTY-II.NFO,19/05/2025,09:40:59,25150.1,25156.4,150,25162.5,75,0,3628425
NIFTY-II.NFO,19/05/2025,09:41:01,25162.5,25160.1,75,25166,750,75,3628425
NIFTY-II.NFO,19/05/2025,09:41:03,25166,25159.4,75,25166,675,75,3628425
NIFTY-II.NFO,19/05/2025,09:41:04,25160,25158.6,150,25160,300,450,3628425
NIFTY-II.NFO,19/05/2025,09:41:06,25160,25154.3,150,25160,300,0,3628425
NIFTY-II.NFO,19/05/2025,09:41:08,25160,25153.7,75,25160,300,0,3628425
NIFTY-II.NFO,19/05/2025,09:41:09,25160,25154.7,375,25160,300,0,3628425
NIFTY-II.NFO,19/05/2025,09:41:11,25160,25157.1,450,25160,300,0,3628425
NIFTY-II.NFO,19/05/2025,09:41:13,25160,25154.6,450,25160,225,75,3628425
NIFTY-II.NFO,19/05/2025,09:41:14,25160,25154,75,25160,225,0,3628425
NIFTY-II.NFO,19/05/2025,09:41:16,25159.9,25153,150,25160,225,75,3628425
NIFTY-II.NFO,19/05/2025,09:41:18,25159.9,25152.7,525,25160,225,0,3628425
NIFTY-II.NFO,19/05/2025,09:41:19,25159.9,25154.7,150,25160,225,0,3628425
NIFTY-II.NFO,19/05/2025,09:41:21,25154.7,25151.3,150,25159.3,375,75,3628425
NIFTY-II.NFO,19/05/2025,09:41:23,25154.7,25153.8,525,25160,225,0,3628425
NIFTY-II.NFO,19/05/2025,09:41:24,25154.7,25154.9,75,25160,225,0,3628425
NIFTY-II.NFO,19/05/2025,09:41:26,25160,25154.2,675,25160,150,75,3628425
NIFTY-II.NFO,19/05/2025,09:41:28,25160,25160,375,25164.5,300,150,3628425
NIFTY-II.NFO,19/05/2025,09:41:29,25160,25160,375,25166.2,300,0,3628425
NIFTY-II.NFO,19/05/2025,09:41:31,25160,25160,300,25163.9,300,75,3628425
NIFTY-II.NFO,19/05/2025,09:41:33,25160,25160,300,25164.4,600,0,3628425
NIFTY-II.NFO,19/05/2025,09:41:34,25160,25160,300,25164.2,300,0,3628425
NIFTY-II.NFO,19/05/2025,09:41:36,25160,25160,300,25163.9,300,0,3628425
NIFTY-II.NFO,19/05/2025,09:41:38,25160,25160,300,25161.9,150,0,3628425
NIFTY-II.NFO,19/05/2025,09:41:39,25154,25153.2,150,25161.3,375,450,3628425
NIFTY-II.NFO,19/05/2025,09:41:41,25154,25153.2,150,25160.2,300,0,3628425
NIFTY-II.NFO,19/05/2025,09:41:43,25154,25153.1,150,25160.1,300,0,3628425
NIFTY-II.NFO,19/05/2025,09:41:44,25154,25154,300,25161.2,300,0,3628425
NIFTY-II.NFO,19/05/2025,09:41:46,25154,25153.2,225,25159.4,300,0,3628425
NIFTY-II.NFO,19/05/2025,09:41:48,25162.8,25153.8,75,25163.3,600,75,3628425
NIFTY-II.NFO,19/05/2025,09:41:49,25162.8,25155.4,150,25163.9,375,0,3628425
NIFTY-II.NFO,19/05/2025,09:41:51,25158.7,25158.7,75,25166.9,375,75,3628425
NIFTY-II.NFO,19/05/2025,09:41:53,25158.7,25161.4,450,25167,75,0,3628425
NIFTY-II.NFO,19/05/2025,09:41:54,25158.7,25161.7,150,25167,75,0,3628425
NIFTY-II.NFO,19/05/2025,09:41:58,25158.7,25161.5,450,25167,75,0,3628425
NIFTY-II.NFO,19/05/2025,09:41:59,25158.7,25162.2,375,25167,75,0,3628425
NIFTY-II.NFO,19/05/2025,09:42:01,25158.7,25162.7,450,25167,75,0,3628425
NIFTY-II.NFO,19/05/2025,09:42:03,25170,25165,150,25170,75,150,3628425
NIFTY-II.NFO,19/05/2025,09:42:04,25170,25166.2,375,25170,75,0,3628425
NIFTY-II.NFO,19/05/2025,09:42:06,25170,25164.8,75,25170,75,0,3628425
NIFTY-II.NFO,19/05/2025,09:42:08,25170,25164.6,375,25170,75,0,3628425
NIFTY-II.NFO,19/05/2025,09:42:09,25170,25164,75,25170,75,0,3628425
NIFTY-II.NFO,19/05/2025,09:42:11,25170,25161,75,25169.8,450,0,3628425
NIFTY-II.NFO,19/05/2025,09:42:13,25160.2,25160,450,25168.7,375,75,3628425
NIFTY-II.NFO,19/05/2025,09:42:14,25160.2,25160.6,375,25169.8,300,0,3628425
NIFTY-II.NFO,19/05/2025,09:42:16,25169.8,25160.1,150,25168.1,375,75,3628425
NIFTY-II.NFO,19/05/2025,09:42:18,25169.8,25160.8,375,25167.3,300,0,3628425
NIFTY-II.NFO,19/05/2025,09:42:19,25169.8,25161.9,150,25169.9,300,0,3628425
NIFTY-II.NFO,19/05/2025,09:42:21,25169.8,25161.8,75,25169,675,0,3628425
NIFTY-II.NFO,19/05/2025,09:42:23,25169.8,25165,150,25169.9,300,0,3628425
NIFTY-II.NFO,19/05/2025,09:42:24,25169.8,25165,150,25168.8,300,0,3628425
NIFTY-II.NFO,19/05/2025,09:42:26,25169.8,25165,150,25167.7,300,0,3628425
NIFTY-II.NFO,19/05/2025,09:42:28,25169.8,25165,150,25169.9,300,0,3628425
NIFTY-II.NFO,19/05/2025,09:42:29,25169.8,25165,150,25170,300,0,3628425
NIFTY-II.NFO,19/05/2025,09:42:33,25169.8,25166.5,150,25170,300,0,3628425
NIFTY-II.NFO,19/05/2025,09:42:34,25169.8,25165.2,75,25170,300,0,3628425
NIFTY-II.NFO,19/05/2025,09:42:36,25169.8,25165,150,25170,300,0,3628425
NIFTY-II.NFO,19/05/2025,09:42:38,25169.8,25165,150,25169,300,0,3628425
NIFTY-II.NFO,19/05/2025,09:42:39,25169.8,25165,150,25169.8,75,0,3628425
NIFTY-II.NFO,19/05/2025,09:42:41,25169.8,25165,150,25170,300,75,3629250
NIFTY-II.NFO,19/05/2025,09:42:43,25169.8,25165,150,25170,300,0,3629250
NIFTY-II.NFO,19/05/2025,09:42:46,25169.9,25165,150,25170,300,75,3629250
NIFTY-II.NFO,19/05/2025,09:42:48,25169.9,25165,150,25169.8,300,0,3629250
NIFTY-II.NFO,19/05/2025,09:42:49,25169.9,25165,150,25169.9,300,0,3629250
NIFTY-II.NFO,19/05/2025,09:42:51,25169.9,25165,150,25170,450,0,3629250
NIFTY-II.NFO,19/05/2025,09:42:53,25170,25165,150,25170,375,75,3629250
NIFTY-II.NFO,19/05/2025,09:42:54,25170,25165,150,25169.9,75,0,3629250
NIFTY-II.NFO,19/05/2025,09:42:56,25170,25165,150,25168.6,300,0,3629250
NIFTY-II.NFO,19/05/2025,09:42:58,25168.6,25165,150,25169.1,300,75,3629250
NIFTY-II.NFO,19/05/2025,09:42:59,25168.6,25165,150,25169.5,300,0,3629250
NIFTY-II.NFO,19/05/2025,09:43:01,25169,25165,225,25169.4,300,75,3629250
NIFTY-II.NFO,19/05/2025,09:43:03,25169,25165,225,25169,300,0,3629250
NIFTY-II.NFO,19/05/2025,09:43:05,25169,25165,225,25169.8,675,0,3629250
NIFTY-II.NFO,19/05/2025,09:43:06,25169,25169,75,25169.9,75,0,3629250
NIFTY-II.NFO,19/05/2025,09:43:08,25169,25165,225,25169.9,75,75,3629250
NIFTY-II.NFO,19/05/2025,09:43:10,25169,25165.6,75,25169.9,75,0,3629250
NIFTY-II.NFO,19/05/2025,09:43:11,25169,25165,225,25169.9,75,0,3629250
NIFTY-II.NFO,19/05/2025,09:43:21,25169,25166.6,150,25169.9,75,75,3629250
NIFTY-II.NFO,19/05/2025,09:43:23,25169.9,25166.2,75,25170,300,75,3629250
NIFTY-II.NFO,19/05/2025,09:43:25,25170,25168,150,25177,375,300,3629250
NIFTY-II.NFO,19/05/2025,09:43:26,25170,25168.7,150,25177.5,375,0,3629250
NIFTY-II.NFO,19/05/2025,09:43:28,25170,25172.1,150,25179.9,75,0,3629250
NIFTY-II.NFO,19/05/2025,09:43:30,25179.9,25171.7,150,25180,975,75,3629250
NIFTY-II.NFO,19/05/2025,09:43:31,25179.9,25170,75,25177.4,300,0,3629250
NIFTY-II.NFO,19/05/2025,09:43:33,25178,25170,75,25177.3,300,75,3629250
NIFTY-II.NFO,19/05/2025,09:43:35,25178,25170.1,225,25178.9,375,0,3629250
NIFTY-II.NFO,19/05/2025,09:43:36,25178,25170.8,75,25179.5,375,0,3629250
NIFTY-II.NFO,19/05/2025,09:43:38,25178,25170.9,150,25179.4,375,0,3629250
NIFTY-II.NFO,19/05/2025,09:43:40,25178,25171,150,25178.4,300,0,3629250
NIFTY-II.NFO,19/05/2025,09:43:41,25178,25173.1,150,25180,750,0,3629250
NIFTY-II.NFO,19/05/2025,09:43:43,25178,25173.9,150,25180,750,0,3629250
NIFTY-II.NFO,19/05/2025,09:43:45,25178,25172.4,225,25180,750,0,3629250
NIFTY-II.NFO,19/05/2025,09:43:46,25178,25173.4,225,25180,750,0,3629250
NIFTY-II.NFO,19/05/2025,09:43:48,25178,25173.3,225,25180,750,0,3629250
NIFTY-II.NFO,19/05/2025,09:43:50,25179.7,25171.8,300,25179.9,75,75,3629250
NIFTY-II.NFO,19/05/2025,09:43:51,25179.7,25178,75,25179.5,75,0,3629250
NIFTY-II.NFO,19/05/2025,09:43:53,25179.5,25178,75,25180,750,75,3629250
NIFTY-II.NFO,19/05/2025,09:43:55,25179.5,25178,75,25180,750,0,3629250
NIFTY-II.NFO,19/05/2025,09:43:56,25178,25178.1,825,25180,750,75,3629250
NIFTY-II.NFO,19/05/2025,09:43:58,25178,25175.5,150,25180,750,0,3629250
NIFTY-II.NFO,19/05/2025,09:44:00,25174.8,25177.6,75,25180,750,75,3629250
NIFTY-II.NFO,19/05/2025,09:44:01,25180,25177.8,2100,25180,600,150,3629250
NIFTY-II.NFO,19/05/2025,09:44:03,25180,25181.3,75,25183.6,1800,600,3629250
NIFTY-II.NFO,19/05/2025,09:44:05,25185,25185.1,450,25190,2100,2700,3629250
NIFTY-II.NFO,19/05/2025,09:44:06,25185,25180.4,150,25189.2,300,0,3629250
NIFTY-II.NFO,19/05/2025,09:44:08,25185,25177.8,75,25187.1,300,0,3629250
NIFTY-II.NFO,19/05/2025,09:44:10,25185,25177.4,225,25183.5,75,0,3629250
NIFTY-II.NFO,19/05/2025,09:44:11,25186.1,25177.4,150,25185.7,375,300,3629250
NIFTY-II.NFO,19/05/2025,09:44:13,25176.9,25177,75,25185.7,375,75,3629250
NIFTY-II.NFO,19/05/2025,09:44:15,25176.9,25176.6,75,25183.7,300,0,3629250
NIFTY-II.NFO,19/05/2025,09:44:16,25176.9,25175.8,150,25183.9,375,0,3629250
NIFTY-II.NFO,19/05/2025,09:44:18,25183.9,25174.3,225,25182.6,375,75,3629250
NIFTY-II.NFO,19/05/2025,09:44:19,25183.9,25173.6,150,25182.1,375,0,3629250
NIFTY-II.NFO,19/05/2025,09:44:21,25183.9,25172.4,75,25180.6,300,0,3629250
NIFTY-II.NFO,19/05/2025,09:44:23,25180.8,25171.9,375,25181.2,300,825,3629250
NIFTY-II.NFO,19/05/2025,09:44:24,25179.8,25170.8,75,25179.8,300,525,3629250
NIFTY-II.NFO,19/05/2025,09:44:26,25179.8,25172.4,375,25180.8,375,0,3629250
NIFTY-II.NFO,19/05/2025,09:44:28,25179.8,25172.4,375,25179.5,75,0,3629250
NIFTY-II.NFO,19/05/2025,09:44:29,25179.8,25170,825,25177.9,375,0,3629250
NIFTY-II.NFO,19/05/2025,09:44:31,25175,25170,675,25175.3,150,75,3629250
NIFTY-II.NFO,19/05/2025,09:44:33,25175,25170,675,25175.3,525,0,3629250
NIFTY-II.NFO,19/05/2025,09:44:34,25177.1,25170,675,25177.1,450,975,3629250
NIFTY-II.NFO,19/05/2025,09:44:36,25177.1,25170,675,25177.2,150,0,3629250
NIFTY-II.NFO,19/05/2025,09:44:38,25175,25170,675,25176.6,150,225,3629250
NIFTY-II.NFO,19/05/2025,09:44:39,25175,25170.3,375,25177.3,75,0,3629250
NIFTY-II.NFO,19/05/2025,09:44:41,25175,25175,75,25177.3,75,0,3629250
NIFTY-II.NFO,19/05/2025,09:44:43,25175,25175,75,25177,150,0,3629250
NIFTY-II.NFO,19/05/2025,09:44:44,25175,25170,600,25174.4,450,75,3629250
NIFTY-II.NFO,19/05/2025,09:44:46,25172.7,25170,600,25173.2,1200,150,3629250
NIFTY-II.NFO,19/05/2025,09:44:48,25172.7,25170,600,25173.3,150,0,3629250
NIFTY-II.NFO,19/05/2025,09:44:49,25172.7,25170,600,25172,75,0,3629250
NIFTY-II.NFO,19/05/2025,09:44:53,25172.7,25170,600,25175,675,0,3629250
NIFTY-II.NFO,19/05/2025,09:44:54,25172.7,25170,600,25172,75,0,3629250
NIFTY-II.NFO,19/05/2025,09:45:10,25169,25165,300,25171.2,150,675,3629250
NIFTY-II.NFO,19/05/2025,09:45:11,25169,25165,300,25170.2,150,0,3629250
NIFTY-II.NFO,19/05/2025,09:45:13,25169,25165,300,25167,375,0,3629250
NIFTY-II.NFO,19/05/2025,09:45:15,25165,25165,225,25167,525,75,3629250
NIFTY-II.NFO,19/05/2025,09:45:16,25165,25165,225,25168.2,375,0,3629250
NIFTY-II.NFO,19/05/2025,09:45:18,25165,25165,150,25169,150,75,3629250
NIFTY-II.NFO,19/05/2025,09:45:20,25165,25165,150,25168.3,150,0,3629250
NIFTY-II.NFO,19/05/2025,09:45:21,25165,25160,375,25164.2,525,150,3629250
NIFTY-II.NFO,19/05/2025,09:45:23,25160,25158.7,75,25159.3,225,375,3629250
NIFTY-II.NFO,19/05/2025,09:45:25,25160.9,25152.4,75,25158.2,225,450,3629250
NIFTY-II.NFO,19/05/2025,09:45:26,25160.9,25152.4,75,25158.5,225,0,3629250
NIFTY-II.NFO,19/05/2025,09:45:28,25152.5,25152.7,300,25160.4,225,75,3629250
NIFTY-II.NFO,19/05/2025,09:45:30,25152.5,25154,75,25160.7,225,0,3629250
NIFTY-II.NFO,19/05/2025,09:45:31,25154.5,25154.6,300,25162.3,300,75,3629250
NIFTY-II.NFO,19/05/2025,09:45:33,25154.5,25154.7,375,25162.7,75,0,3629250
NIFTY-II.NFO,19/05/2025,09:45:35,25154.5,25154.7,375,25161.6,75,0,3629250
NIFTY-II.NFO,19/05/2025,09:45:36,25154.5,25156.2,375,25164.2,225,0,3629250
NIFTY-II.NFO,19/05/2025,09:45:38,25154.5,25154.5,75,25161.1,225,0,3629250
NIFTY-II.NFO,19/05/2025,09:45:40,25154.5,25154.6,375,25162.1,225,0,3629250
NIFTY-II.NFO,19/05/2025,09:45:41,25154.5,25158,375,25166.1,75,0,3629250
NIFTY-II.NFO,19/05/2025,09:45:43,25154.5,25158,375,25165.4,75,0,3629250
NIFTY-II.NFO,19/05/2025,09:45:45,25154.5,25158.1,675,25166.9,150,0,3629250
NIFTY-II.NFO,19/05/2025,09:45:46,25160.3,25160.3,300,25167,75,75,3632775
NIFTY-II.NFO,19/05/2025,09:45:48,25160.3,25158.4,375,25166.5,150,75,3632775
NIFTY-II.NFO,19/05/2025,09:45:50,25160.3,25158.4,375,25166.5,150,0,3632775
NIFTY-II.NFO,19/05/2025,09:45:51,25158,25158.3,375,25166,75,75,3632775
NIFTY-II.NFO,19/05/2025,09:45:53,25160,25159,375,25167.7,75,75,3632775
NIFTY-II.NFO,19/05/2025,09:45:55,25168.5,25161.2,300,25165,150,75,3632775
NIFTY-II.NFO,19/05/2025,09:45:56,25165,25165.9,300,25172,75,150,3632775
NIFTY-II.NFO,19/05/2025,09:45:58,25165,25165.8,300,25173.9,225,0,3632775
NIFTY-II.NFO,19/05/2025,09:46:00,25165,25162.2,675,25172,75,0,3632775
NIFTY-II.NFO,19/05/2025,09:46:01,25165,25161.3,300,25170.3,150,0,3632775
NIFTY-II.NFO,19/05/2025,09:46:03,25165,25160.5,300,25168.8,150,0,3632775
NIFTY-II.NFO,19/05/2025,09:46:05,25169.7,25160.7,300,25168.2,75,75,3632775
NIFTY-II.NFO,19/05/2025,09:46:06,25169.7,25158.7,300,25166.9,225,0,3632775
NIFTY-II.NFO,19/05/2025,09:46:08,25169.7,25158.5,75,25165.6,150,0,3632775
NIFTY-II.NFO,19/05/2025,09:46:10,25169.7,25160.1,300,25167.7,75,0,3632775
NIFTY-II.NFO,19/05/2025,09:46:11,25169.7,25159.2,300,25166.6,75,0,3632775
NIFTY-II.NFO,19/05/2025,09:46:13,25169.7,25159.6,375,25167,75,0,3632775
NIFTY-II.NFO,19/05/2025,09:46:15,25169.7,25160.8,450,25168.8,300,0,3632775
NIFTY-II.NFO,19/05/2025,09:46:16,25169.7,25159,375,25166.8,75,0,3632775
NIFTY-II.NFO,19/05/2025,09:46:18,25169.7,25157.7,300,25165.4,300,0,3632775
NIFTY-II.NFO,19/05/2025,09:46:20,25169.7,25156.8,75,25163.8,375,0,3632775
NIFTY-II.NFO,19/05/2025,09:46:21,25169.7,25157,375,25165.1,300,0,3632775
NIFTY-II.NFO,19/05/2025,09:46:23,25157.6,25157.2,525,25165,150,75,3632775
NIFTY-II.NFO,19/05/2025,09:46:25,25157.3,25157,150,25164.7,375,75,3632775
NIFTY-II.NFO,19/05/2025,09:46:26,25157.3,25157.1,375,25165.2,150,0,3632775
NIFTY-II.NFO,19/05/2025,09:46:28,25157.3,25158.4,300,25166,225,0,3632775
NIFTY-II.NFO,19/05/2025,09:46:30,25157.3,25160.1,300,25167.8,225,0,3632775
NIFTY-II.NFO,19/05/2025,09:46:31,25157.3,25158.7,375,25166.7,525,0,3632775
NIFTY-II.NFO,19/05/2025,09:46:33,25157.3,25162.2,300,25169.6,225,0,3632775
NIFTY-II.NFO,19/05/2025,09:46:35,25162.3,25161.1,375,25169.6,300,75,3632775
NIFTY-II.NFO,19/05/2025,09:46:36,25162.3,25160.3,375,25168.3,225,0,3632775
NIFTY-II.NFO,19/05/2025,09:46:38,25167.4,25159.1,375,25167,300,150,3632775
NIFTY-II.NFO,19/05/2025,09:46:40,25169,25162.3,300,25169,75,75,3632775
NIFTY-II.NFO,19/05/2025,09:46:41,25169,25161.9,300,25169.5,450,0,3632775
NIFTY-II.NFO,19/05/2025,09:46:43,25169,25161.9,375,25169.7,300,0,3632775
NIFTY-II.NFO,19/05/2025,09:46:45,25169,25160.9,375,25169.1,225,0,3632775
NIFTY-II.NFO,19/05/2025,09:46:46,25169,25160,300,25168.1,75,0,3632775
NIFTY-II.NFO,19/05/2025,09:46:48,25169,25159.9,300,25169,225,0,3632775
NIFTY-II.NFO,19/05/2025,09:46:50,25169,25163.2,300,25169.7,225,0,3632775
NIFTY-II.NFO,19/05/2025,09:46:51,25169,25162.5,375,25169.7,225,0,3632775
NIFTY-II.NFO,19/05/2025,09:46:53,25169,25165.1,300,25169.7,225,0,3632775
NIFTY-II.NFO,19/05/2025,09:46:55,25169,25164.4,300,25169.7,225,0,3632775
NIFTY-II.NFO,19/05/2025,09:46:56,25169,25162.3,375,25169.7,225,0,3632775
NIFTY-II.NFO,19/05/2025,09:46:58,25169,25163,300,25169.6,150,0,3632775
NIFTY-II.NFO,19/05/2025,09:47:00,25169,25162.4,300,25169.7,225,0,3632775
NIFTY-II.NFO,19/05/2025,09:47:01,25169,25164,300,25169.7,225,0,3632775
NIFTY-II.NFO,19/05/2025,09:47:03,25169,25163,300,25169.7,225,0,3632775
NIFTY-II.NFO,19/05/2025,09:47:05,25169,25167.9,300,25169.7,225,0,3632775
NIFTY-II.NFO,19/05/2025,09:47:06,25169,25166.3,300,25169.7,225,0,3632775
NIFTY-II.NFO,19/05/2025,09:47:08,25169.7,25167.6,300,25170,75,300,3632775
NIFTY-II.NFO,19/05/2025,09:47:10,25169.7,25168,300,25170,75,0,3632775
NIFTY-II.NFO,19/05/2025,09:47:11,25169.7,25166.4,750,25170,75,0,3632775
NIFTY-II.NFO,19/05/2025,09:47:13,25174.3,25169.2,450,25175,750,150,3632775
NIFTY-II.NFO,19/05/2025,09:47:15,25174.3,25171.5,300,25175,750,0,3632775
NIFTY-II.NFO,19/05/2025,09:47:16,25174.3,25173.2,150,25175,750,0,3632775
NIFTY-II.NFO,19/05/2025,09:47:18,25174.3,25172,225,25175,750,0,3632775
NIFTY-II.NFO,19/05/2025,09:47:20,25174.3,25170.8,1050,25175,750,0,3632775
NIFTY-II.NFO,19/05/2025,09:47:21,25174.3,25171,300,25175,750,0,3632775
NIFTY-II.NFO,19/05/2025,09:47:23,25174.3,25173.1,300,25175,750,0,3632775
NIFTY-II.NFO,19/05/2025,09:47:25,25175,25176.2,375,25184.2,375,750,3632775
NIFTY-II.NFO,19/05/2025,09:47:26,25175,25176.4,300,25184.9,300,0,3632775
NIFTY-II.NFO,19/05/2025,09:47:28,25175,25174.5,300,25183.2,450,0,3632775
NIFTY-II.NFO,19/05/2025,09:47:30,25172.5,25172.3,300,25181,225,75,3632775
NIFTY-II.NFO,19/05/2025,09:47:31,25172.5,25170.8,225,25179.1,375,0,3632775
NIFTY-II.NFO,19/05/2025,09:47:33,25172.5,25173.3,375,25181.1,300,0,3632775
NIFTY-II.NFO,19/05/2025,09:47:35,25174.4,25174.2,225,25182.1,300,75,3632775
NIFTY-II.NFO,19/05/2025,09:47:36,25174.4,25173.2,75,25179,75,0,3632775
NIFTY-II.NFO,19/05/2025,09:47:38,25174.4,25172.6,450,25180.7,300,0,3632775
NIFTY-II.NFO,19/05/2025,09:47:40,25174.4,25173.2,150,25180.9,225,0,3632775
NIFTY-II.NFO,19/05/2025,09:47:41,25174.4,25173.6,225,25180.9,225,0,3632775
NIFTY-II.NFO,19/05/2025,09:47:43,25174.4,25173.3,75,25179.9,375,0,3632775
NIFTY-II.NFO,19/05/2025,09:47:45,25174.4,25174,750,25181,75,0,3632775
NIFTY-II.NFO,19/05/2025,09:47:46,25174.4,25175.7,75,25181,75,0,3632775
NIFTY-II.NFO,19/05/2025,09:47:48,25181,25175.7,75,25182.9,300,75,3632775
NIFTY-II.NFO,19/05/2025,09:47:50,25181,25175.7,150,25183.7,300,0,3632775
NIFTY-II.NFO,19/05/2025,09:47:51,25181,25175.9,150,25183.3,375,0,3632775
NIFTY-II.NFO,19/05/2025,09:47:53,25181,25176.2,375,25183.9,300,0,3632775
NIFTY-II.NFO,19/05/2025,09:47:55,25181,25175.6,300,25183.9,375,0,3632775
NIFTY-II.NFO,19/05/2025,09:47:56,25176.1,25177.2,75,25184,75,75,3632775
NIFTY-II.NFO,19/05/2025,09:47:58,25176.1,25173.6,375,25182.2,525,0,3632775
NIFTY-II.NFO,19/05/2025,09:48:00,25176.1,25169.4,225,25177.2,225,0,3632775
NIFTY-II.NFO,19/05/2025,09:48:01,25176.1,25170.1,375,25177.9,150,0,3632775
NIFTY-II.NFO,19/05/2025,09:48:03,25176.1,25172.1,225,25179.4,225,0,3632775
NIFTY-II.NFO,19/05/2025,09:48:05,25179.8,25172.7,375,25180.6,375,75,3632775
NIFTY-II.NFO,19/05/2025,09:48:06,25179.8,25172.1,75,25180,300,0,3632775
NIFTY-II.NFO,19/05/2025,09:48:08,25179.8,25171.3,225,25179.6,375,0,3632775
NIFTY-II.NFO,19/05/2025,09:48:10,25179.8,25170.4,225,25178.8,225,0,3632775
NIFTY-II.NFO,19/05/2025,09:48:11,25179.8,25169.1,75,25176.2,300,0,3632775
NIFTY-II.NFO,19/05/2025,09:48:13,25179.8,25168.7,75,25174.6,600,0,3632775
NIFTY-II.NFO,19/05/2025,09:48:15,25179.8,25168,75,25173.9,750,0,3632775
NIFTY-II.NFO,19/05/2025,09:48:16,25179.8,25168,75,25173.2,225,0,3632775
NIFTY-II.NFO,19/05/2025,09:48:18,25179.8,25168,75,25172.9,225,0,3632775
NIFTY-II.NFO,19/05/2025,09:48:20,25179.8,25168,75,25172.5,600,0,3632775
NIFTY-II.NFO,19/05/2025,09:48:21,25168,25160.9,75,25169,300,75,3632775
NIFTY-II.NFO,19/05/2025,09:48:23,25168,25161.5,525,25169.6,450,0,3632775
NIFTY-II.NFO,19/05/2025,09:48:25,25168,25160.1,75,25168,300,0,3632775
NIFTY-II.NFO,19/05/2025,09:48:26,25160.2,25160,150,25167.8,525,75,3632775
NIFTY-II.NFO,19/05/2025,09:48:28,25160.2,25160.3,375,25168.3,375,0,3632775
NIFTY-II.NFO,19/05/2025,09:48:30,25160.2,25160.5,300,25168.5,225,0,3632775
NIFTY-II.NFO,19/05/2025,09:48:31,25160.2,25160,75,25167.4,675,0,3632775
NIFTY-II.NFO,19/05/2025,09:48:33,25167.3,25160.5,375,25168.4,75,1425,3632775
NIFTY-II.NFO,19/05/2025,09:48:35,25167.3,25161.3,375,25169.8,600,0,3632775
NIFTY-II.NFO,19/05/2025,09:48:36,25167.3,25160.7,300,25168.8,450,0,3632775
NIFTY-II.NFO,19/05/2025,09:48:38,25167.3,25162.1,375,25169.8,450,0,3632775
NIFTY-II.NFO,19/05/2025,09:48:40,25167.3,25162.6,375,25170.2,225,0,3632775
NIFTY-II.NFO,19/05/2025,09:48:41,25167.3,25164,375,25171.6,75,0,3632775
NIFTY-II.NFO,19/05/2025,09:48:43,25161.8,25162.2,375,25170.7,150,75,3634725
NIFTY-II.NFO,19/05/2025,09:48:45,25161.8,25162.2,300,25170,600,0,3634725
NIFTY-II.NFO,19/05/2025,09:48:46,25161.8,25162.1,525,25170.5,150,0,3634725
NIFTY-II.NFO,19/05/2025,09:48:48,25161.8,25160.4,750,25168.8,150,0,3634725
NIFTY-II.NFO,19/05/2025,09:48:50,25161.8,25163.7,300,25171.6,75,0,3634725
NIFTY-II.NFO,19/05/2025,09:48:51,25161.8,25167.6,300,25173.9,150,0,3634725
NIFTY-II.NFO,19/05/2025,09:48:53,25175.6,25167,450,25174.4,375,75,3634725
NIFTY-II.NFO,19/05/2025,09:48:55,25175.6,25165.2,375,25173.6,75,0,3634725
NIFTY-II.NFO,19/05/2025,09:48:56,25164,25165.2,375,25173.6,300,75,3634725
NIFTY-II.NFO,19/05/2025,09:48:58,25164,25165,375,25173,150,0,3634725
NIFTY-II.NFO,19/05/2025,09:49:00,25164,25168.3,300,25173.5,150,0,3634725
NIFTY-II.NFO,19/05/2025,09:49:01,25173.5,25168.7,375,25176.8,150,75,3634725
NIFTY-II.NFO,19/05/2025,09:49:03,25173.5,25168.1,375,25176.5,150,0,3634725
NIFTY-II.NFO,19/05/2025,09:49:05,25173.5,25168.1,375,25176.7,150,0,3634725
NIFTY-II.NFO,19/05/2025,09:49:06,25173.5,25168.9,375,25176.6,150,0,3634725
NIFTY-II.NFO,19/05/2025,09:49:08,25173.5,25168.1,300,25176,75,0,3634725
NIFTY-II.NFO,19/05/2025,09:49:10,25173.5,25171.9,375,25179.9,150,75,3634725
NIFTY-II.NFO,19/05/2025,09:49:11,25173.5,25170.2,450,25177.7,150,0,3634725
NIFTY-II.NFO,19/05/2025,09:49:13,25173.5,25168.4,375,25176.8,150,0,3634725
NIFTY-II.NFO,19/05/2025,09:49:15,25173.5,25169.3,300,25177,150,0,3634725
NIFTY-II.NFO,19/05/2025,09:49:17,25173.5,25168.9,300,25176.4,150,0,3634725
NIFTY-II.NFO,19/05/2025,09:49:18,25173.5,25167.9,300,25175.5,150,0,3634725
NIFTY-II.NFO,19/05/2025,09:49:20,25173.5,25169.3,375,25177.3,150,0,3634725
NIFTY-II.NFO,19/05/2025,09:49:22,25173.5,25173.5,75,25176.8,75,0,3634725
NIFTY-II.NFO,19/05/2025,09:49:23,25173.5,25173.6,150,25179.9,150,0,3634725
NIFTY-II.NFO,19/05/2025,09:49:25,25173.5,25173.5,75,25180,450,0,3634725
NIFTY-II.NFO,19/05/2025,09:49:27,25173.5,25173.5,75,25179,75,0,3634725
NIFTY-II.NFO,19/05/2025,09:49:28,25173.5,25173.5,75,25180,450,0,3634725
NIFTY-II.NFO,19/05/2025,09:49:30,25173.5,25173.8,300,25180,450,0,3634725
NIFTY-II.NFO,19/05/2025,09:49:32,25173.5,25173.5,75,25180,450,0,3634725
NIFTY-II.NFO,19/05/2025,09:49:33,25173.5,25173.5,75,25179.9,150,0,3634725
NIFTY-II.NFO,19/05/2025,09:49:35,25173.5,25173.5,75,25178.9,75,0,3634725
NIFTY-II.NFO,19/05/2025,09:49:37,25173.5,25173.5,75,25178.7,75,0,3634725
NIFTY-II.NFO,19/05/2025,09:49:38,25173.5,25173.5,75,25179.9,75,0,3634725
NIFTY-II.NFO,19/05/2025,09:49:40,25173.5,25173.9,300,25180,450,0,3634725
NIFTY-II.NFO,19/05/2025,09:49:42,25173.5,25175.2,300,25180,450,0,3634725
NIFTY-II.NFO,19/05/2025,09:49:43,25173.5,25174.5,375,25180,450,0,3634725
NIFTY-II.NFO,19/05/2025,09:49:45,25173.5,25175,300,25180,450,0,3634725
NIFTY-II.NFO,19/05/2025,09:49:47,25173.5,25173.5,75,25180,450,0,3634725
NIFTY-II.NFO,19/05/2025,09:49:48,25173.5,25174,75,25180,450,0,3634725
NIFTY-II.NFO,19/05/2025,09:49:50,25173.5,25174.1,375,25180,450,0,3634725
NIFTY-II.NFO,19/05/2025,09:49:52,25173.5,25175,300,25180,450,0,3634725
NIFTY-II.NFO,19/05/2025,09:49:53,25173.5,25174,75,25179.9,75,0,3634725
NIFTY-II.NFO,19/05/2025,09:49:55,25173.5,25174,75,25178,75,0,3634725
NIFTY-II.NFO,19/05/2025,09:50:00,25173.5,25174.3,300,25178,75,0,3634725
NIFTY-II.NFO,19/05/2025,09:50:02,25173.5,25174.1,150,25178,75,0,3634725
NIFTY-II.NFO,19/05/2025,09:50:03,25173.5,25174,75,25178,75,0,3634725
NIFTY-II.NFO,19/05/2025,09:50:08,25173.5,25174,75,25177.9,525,0,3634725
NIFTY-II.NFO,19/05/2025,09:50:10,25173.5,25175,75,25177.7,75,0,3634725
NIFTY-II.NFO,19/05/2025,09:50:12,25175,25174,75,25176.8,375,75,3634725
NIFTY-II.NFO,19/05/2025,09:50:13,25175,25174,75,25178,75,0,3634725
NIFTY-II.NFO,19/05/2025,09:50:17,25175,25174,75,25175,75,0,3634725
NIFTY-II.NFO,19/05/2025,09:50:18,25179,25174,75,25178.8,75,150,3634725
NIFTY-II.NFO,19/05/2025,09:50:20,25179,25174,75,25179.2,75,0,3634725
NIFTY-II.NFO,19/05/2025,09:50:22,25180,25174,75,25180,450,75,3634725
NIFTY-II.NFO,19/05/2025,09:50:23,25180,25174,75,25180,450,0,3634725
NIFTY-II.NFO,19/05/2025,09:50:25,25180,25174.3,300,25180,450,0,3634725
NIFTY-II.NFO,19/05/2025,09:50:27,25180,25174.1,300,25180,450,0,3634725
NIFTY-II.NFO,19/05/2025,09:50:28,25180,25174.1,375,25180,450,0,3634725
NIFTY-II.NFO,19/05/2025,09:50:30,25180,25174,75,25180,450,0,3634725
NIFTY-II.NFO,19/05/2025,09:50:32,25180,25174,75,25179.1,375,0,3634725
NIFTY-II.NFO,19/05/2025,09:50:33,25180,25174,75,25180,450,0,3634725
NIFTY-II.NFO,19/05/2025,09:50:35,25174,25174.1,300,25180,450,75,3634725
NIFTY-II.NFO,19/05/2025,09:50:37,25174,25174.9,300,25180,450,0,3634725
NIFTY-II.NFO,19/05/2025,09:50:38,25174,25175.6,300,25180,450,0,3634725
NIFTY-II.NFO,19/05/2025,09:50:40,25180,25178.2,300,25180.8,75,450,3634725
NIFTY-II.NFO,19/05/2025,09:50:42,25180,25178.3,450,25180.8,75,0,3634725
NIFTY-II.NFO,19/05/2025,09:50:43,25180,25178.6,300,25180.8,75,0,3634725
NIFTY-II.NFO,19/05/2025,09:50:45,25180,25178.4,300,25180.8,75,0,3634725
NIFTY-II.NFO,19/05/2025,09:50:47,25180.8,25177.9,375,25185,75,75,3634725
NIFTY-II.NFO,19/05/2025,09:50:48,25180.8,25177.1,375,25184.9,150,0,3634725
NIFTY-II.NFO,19/05/2025,09:50:50,25180.8,25178,375,25185,75,0,3634725
NIFTY-II.NFO,19/05/2025,09:50:52,25188.2,25180.8,375,25189.3,150,300,3634725
NIFTY-II.NFO,19/05/2025,09:50:53,25188.2,25180.2,450,25188,75,0,3634725
NIFTY-II.NFO,19/05/2025,09:50:55,25188.2,25180.8,375,25189.4,150,0,3634725
NIFTY-II.NFO,19/05/2025,09:50:57,25189.1,25180.1,300,25188.5,375,75,3634725
NIFTY-II.NFO,19/05/2025,09:50:58,25189.1,25180.1,300,25189,375,0,3634725
NIFTY-II.NFO,19/05/2025,09:51:00,25189.1,25180.5,375,25189.5,225,0,3634725
NIFTY-II.NFO,19/05/2025,09:51:02,25189.1,25180.4,150,25188.5,1125,0,3634725
NIFTY-II.NFO,19/05/2025,09:51:03,25189.1,25180.9,300,25189.5,375,0,3634725
NIFTY-II.NFO,19/05/2025,09:51:05,25189.9,25181.7,300,25189.8,75,750,3634725
NIFTY-II.NFO,19/05/2025,09:51:06,25189.9,25180.6,375,25188.8,75,0,3634725
NIFTY-II.NFO,19/05/2025,09:51:08,25189.9,25180,75,25185.6,75,0,3634725
NIFTY-II.NFO,19/05/2025,09:51:10,25189.9,25180.1,150,25186,75,0,3634725
NIFTY-II.NFO,19/05/2025,09:51:11,25189.9,25180.2,150,25188,75,0,3634725
NIFTY-II.NFO,19/05/2025,09:51:13,25189.9,25183.3,375,25190,1650,0,3634725
NIFTY-II.NFO,19/05/2025,09:51:15,25185,25183.1,150,25190,1650,75,3634725
NIFTY-II.NFO,19/05/2025,09:51:16,25185,25181.3,375,25190,1650,0,3634725
NIFTY-II.NFO,19/05/2025,09:51:18,25185,25181.3,375,25189.9,75,0,3634725
NIFTY-II.NFO,19/05/2025,09:51:20,25185,25180.8,750,25189.4,75,0,3634725
NIFTY-II.NFO,19/05/2025,09:51:21,25182,25182.1,375,25189.9,225,150,3634725
NIFTY-II.NFO,19/05/2025,09:51:23,25182,25181,375,25189.9,225,0,3634725
NIFTY-II.NFO,19/05/2025,09:51:25,25182,25181.6,150,25189.7,225,0,3634725
NIFTY-II.NFO,19/05/2025,09:51:26,25182,25181.3,300,25189.6,150,0,3634725
NIFTY-II.NFO,19/05/2025,09:51:28,25181.2,25184.3,300,25190,1650,75,3634725
NIFTY-II.NFO,19/05/2025,09:51:30,25181.2,25185,75,25189.8,150,0,3634725
NIFTY-II.NFO,19/05/2025,09:51:31,25190,25185,75,25190,1575,75,3634725
NIFTY-II.NFO,19/05/2025,09:51:33,25190,25185,75,25190,1575,0,3634725
NIFTY-II.NFO,19/05/2025,09:51:35,25190,25185,75,25190,1650,0,3634725
NIFTY-II.NFO,19/05/2025,09:51:37,25185,25185,150,25189,225,75,3634125
NIFTY-II.NFO,19/05/2025,09:51:38,25185,25185,150,25189.9,150,0,3634125
NIFTY-II.NFO,19/05/2025,09:51:40,25185,25182,75,25186.7,150,150,3634125
NIFTY-II.NFO,19/05/2025,09:51:42,25185,25182,75,25185.9,150,0,3634125
NIFTY-II.NFO,19/05/2025,09:51:43,25185,25182,75,25187,150,0,3634125
NIFTY-II.NFO,19/05/2025,09:51:45,25185,25182,75,25185.9,150,0,3634125
NIFTY-II.NFO,19/05/2025,09:51:47,25185,25185,150,25186,150,0,3634125
NIFTY-II.NFO,19/05/2025,09:51:48,25185,25185,75,25186.6,150,75,3634125
NIFTY-II.NFO,19/05/2025,09:51:50,25185,25185,75,25186.9,150,0,3634125
NIFTY-II.NFO,19/05/2025,09:51:52,25185,25185,75,25188.9,75,0,3634125
NIFTY-II.NFO,19/05/2025,09:51:53,25185,25185,75,25187.8,225,0,3634125
NIFTY-II.NFO,19/05/2025,09:51:55,25188.1,25185,150,25187.5,225,75,3634125
NIFTY-II.NFO,19/05/2025,09:51:57,25185,25176.8,75,25182.7,150,150,3634125
NIFTY-II.NFO,19/05/2025,09:51:58,25185,25174,75,25178.4,150,0,3634125
NIFTY-II.NFO,19/05/2025,09:52:00,25185,25174,75,25181,150,0,3634125
NIFTY-II.NFO,19/05/2025,09:52:02,25185,25174,75,25181.3,150,0,3634125
NIFTY-II.NFO,19/05/2025,09:52:03,25185,25174,75,25181.4,150,0,3634125
NIFTY-II.NFO,19/05/2025,09:52:05,25185,25175.3,300,25182.8,150,0,3634125
NIFTY-II.NFO,19/05/2025,09:52:07,25185,25174.7,375,25182.7,225,0,3634125
NIFTY-II.NFO,19/05/2025,09:52:08,25185,25174.5,375,25182.7,225,0,3634125
NIFTY-II.NFO,19/05/2025,09:52:10,25184.1,25176,375,25183.8,75,75,3634125
NIFTY-II.NFO,19/05/2025,09:52:12,25184.1,25175.7,525,25183.7,150,0,3634125
NIFTY-II.NFO,19/05/2025,09:52:13,25184.1,25174.7,375,25182.8,150,0,3634125
NIFTY-II.NFO,19/05/2025,09:52:15,25184.1,25174,75,25180.6,75,0,3634125
NIFTY-II.NFO,19/05/2025,09:52:17,25184.1,25174,75,25178.7,75,0,3634125
NIFTY-II.NFO,19/05/2025,09:52:18,25184.1,25174,75,25179.5,75,0,3634125
NIFTY-II.NFO,19/05/2025,09:52:20,25184.1,25174,75,25179.7,75,0,3634125
NIFTY-II.NFO,19/05/2025,09:52:22,25184.1,25174,75,25175.5,375,0,3634125
NIFTY-II.NFO,19/05/2025,09:52:23,25172.5,25170,75,25174.9,75,150,3634125
NIFTY-II.NFO,19/05/2025,09:52:25,25172.5,25170,75,25174.4,75,0,3634125
NIFTY-II.NFO,19/05/2025,09:52:27,25168.5,25168,300,25175.8,450,150,3634125
NIFTY-II.NFO,19/05/2025,09:52:28,25168.5,25168.2,300,25175.7,75,0,3634125
NIFTY-II.NFO,19/05/2025,09:52:30,25168.5,25169,150,25176.4,600,0,3634125
NIFTY-II.NFO,19/05/2025,09:52:32,25168.5,25167.8,75,25173.6,375,0,3634125
NIFTY-II.NFO,19/05/2025,09:52:33,25168.5,25167.8,75,25172.7,75,0,3634125
NIFTY-II.NFO,19/05/2025,09:52:35,25168.5,25167,75,25173.9,75,0,3634125
NIFTY-II.NFO,19/05/2025,09:52:37,25168.5,25167.6,300,25175.5,75,0,3634125
NIFTY-II.NFO,19/05/2025,09:52:38,25168.5,25167.2,300,25174.9,150,0,3634125
NIFTY-II.NFO,19/05/2025,09:52:40,25168.5,25167.1,300,25174.9,75,0,3634125
NIFTY-II.NFO,19/05/2025,09:52:42,25168.5,25167,75,25172.5,75,0,3634125
NIFTY-II.NFO,19/05/2025,09:52:43,25168.5,25167,75,25173.1,450,0,3634125
NIFTY-II.NFO,19/05/2025,09:52:45,25168.5,25167,75,25172.3,75,0,3634125
NIFTY-II.NFO,19/05/2025,09:52:47,25168.5,25167,75,25173.2,75,0,3634125
NIFTY-II.NFO,19/05/2025,09:52:48,25168.5,25167,75,25172.9,75,0,3634125
NIFTY-II.NFO,19/05/2025,09:52:50,25168.5,25167,75,25172.8,375,0,3634125
NIFTY-II.NFO,19/05/2025,09:52:52,25168.5,25167,75,25174.3,75,0,3634125
NIFTY-II.NFO,19/05/2025,09:52:53,25168.5,25167,75,25173.4,450,0,3634125
NIFTY-II.NFO,19/05/2025,09:52:55,25168.5,25167,75,25172.6,375,0,3634125
NIFTY-II.NFO,19/05/2025,09:52:57,25168.5,25167,75,25171.3,75,0,3634125
NIFTY-II.NFO,19/05/2025,09:52:58,25168.5,25167,75,25169.4,375,0,3634125
NIFTY-II.NFO,19/05/2025,09:53:00,25168.5,25167,75,25170.9,75,0,3634125
NIFTY-II.NFO,19/05/2025,09:53:02,25168.5,25167,75,25170,225,0,3634125
NIFTY-II.NFO,19/05/2025,09:53:12,25168.5,25167,75,25169.4,375,0,3634125
NIFTY-II.NFO,19/05/2025,09:53:13,25168.5,25167,75,25170,225,0,3634125
NIFTY-II.NFO,19/05/2025,09:53:15,25168.5,25167,75,25169.5,375,0,3634125
NIFTY-II.NFO,19/05/2025,09:53:17,25168.5,25167,75,25170,225,0,3634125
NIFTY-II.NFO,19/05/2025,09:53:20,25170,25167,75,25170,150,75,3634125
NIFTY-II.NFO,19/05/2025,09:53:21,25170,25167,75,25170,150,0,3634125
NIFTY-II.NFO,19/05/2025,09:53:23,25170,25167,75,25169.5,375,0,3634125
NIFTY-II.NFO,19/05/2025,09:53:25,25170,25167,150,25168,375,0,3634125
NIFTY-II.NFO,19/05/2025,09:53:26,25170,25167,150,25170,150,0,3634125
NIFTY-II.NFO,19/05/2025,09:53:28,25170,25167,150,25169.7,375,0,3634125
NIFTY-II.NFO,19/05/2025,09:53:30,25170,25167,150,25170,150,0,3634125
NIFTY-II.NFO,19/05/2025,09:53:31,25167,25167,75,25169.3,375,75,3634125
NIFTY-II.NFO,19/05/2025,09:53:33,25167,25167,75,25170,150,0,3634125
NIFTY-II.NFO,19/05/2025,09:53:35,25167,25164.7,300,25170,150,75,3634125
NIFTY-II.NFO,19/05/2025,09:53:36,25170,25168.6,300,25174.5,75,150,3634125
NIFTY-II.NFO,19/05/2025,09:53:38,25170,25168.5,150,25170,75,0,3634125
NIFTY-II.NFO,19/05/2025,09:53:40,25170,25166.4,300,25170,150,0,3634125
NIFTY-II.NFO,19/05/2025,09:53:41,25170,25168.1,300,25170,150,0,3634125
NIFTY-II.NFO,19/05/2025,09:53:43,25170,25167.2,300,25170,150,0,3634125
NIFTY-II.NFO,19/05/2025,09:53:45,25170,25166.6,300,25170,150,0,3634125
NIFTY-II.NFO,19/05/2025,09:53:47,25170,25170,75,25175.7,450,150,3634125
NIFTY-II.NFO,19/05/2025,09:53:48,25170,25170,75,25176.2,450,0,3634125
NIFTY-II.NFO,19/05/2025,09:53:50,25170,25170.7,450,25179.3,75,0,3634125
NIFTY-II.NFO,19/05/2025,09:53:52,25170,25171.2,375,25179.6,75,0,3634125
NIFTY-II.NFO,19/05/2025,09:53:53,25170,25170.7,300,25178.4,450,0,3634125
NIFTY-II.NFO,19/05/2025,09:53:55,25170,25170.1,300,25178.3,75,0,3634125
NIFTY-II.NFO,19/05/2025,09:53:57,25170,25170.2,300,25178,150,0,3634125
NIFTY-II.NFO,19/05/2025,09:53:58,25170,25170.1,300,25178.2,450,0,3634125
NIFTY-II.NFO,19/05/2025,09:54:00,25170,25170.1,300,25177.8,150,0,3634125
NIFTY-II.NFO,19/05/2025,09:54:02,25170,25170.1,300,25177.5,75,0,3634125
NIFTY-II.NFO,19/05/2025,09:54:03,25170,25170.1,300,25177.8,75,0,3634125
NIFTY-II.NFO,19/05/2025,09:54:05,25170,25170.1,450,25178.4,75,0,3634125
