Ticker,Date,Time,LTP,BuyPrice,BuyQty,SellPrice,SellQty,LTQ,OpenInterest
BANKNIFTY-II.NFO,13/09/2024,09:15:00,52099.05,52102.7,150,52144,15,60,0
BANKNIFTY-II.NFO,13/09/2024,09:15:00,52099.05,52102.7,150,52144,15,0,0
BANKNIFTY-II.NFO,13/09/2024,09:15:00,52099.05,52102.7,150,52144,15,0,0
BANKNIFTY-II.NFO,13/09/2024,09:15:00,52099.05,52102.7,150,52144,15,0,0
BANKNIFTY-II.NFO,13/09/2024,09:15:01,52097.55,52097.65,30,52149.95,60,165,252705
BANKNIFTY-II.NFO,13/09/2024,09:15:01,52176.65,52097.65,30,52149.95,60,0,252705
BANKNIFTY-II.NFO,13/09/2024,09:15:01,52097.55,52097.65,30,52149.95,60,0,252705
BANKNIFTY-II.NFO,13/09/2024,09:15:02,52099.05,52075.05,60,52109.35,75,285,252705
BANKNIFTY-II.NFO,13/09/2024,09:15:04,52075.05,52075,15,52093.75,30,165,252705
BANKNIFTY-II.NFO,13/09/2024,09:15:04,52075.05,52075,15,52093.75,30,0,252705
BANKNIFTY-II.NFO,13/09/2024,09:15:05,52083.5,52064.05,60,52076.35,15,60,252705
BANKNIFTY-II.NFO,13/09/2024,09:15:05,52075,52064.05,60,52076.35,15,0,252705
BANKNIFTY-II.NFO,13/09/2024,09:15:07,52055.3,52056.45,45,52076.3,60,180,252705
BANKNIFTY-II.NFO,13/09/2024,09:15:07,52054.3,52056.45,45,52076.3,60,0,252705
BANKNIFTY-II.NFO,13/09/2024,09:15:08,52067.05,52077.25,30,52099.95,60,30,252705
BANKNIFTY-II.NFO,13/09/2024,09:15:10,52077.3,52080.35,15,52099.95,60,105,252705
BANKNIFTY-II.NFO,13/09/2024,09:15:11,52091.75,52091.75,15,52118.95,150,180,252705
BANKNIFTY-II.NFO,13/09/2024,09:15:13,52094.55,52096.5,75,52119.95,60,15,252705
BANKNIFTY-II.NFO,13/09/2024,09:15:14,52100.9,52097.3,30,52119.95,60,30,252705
BANKNIFTY-II.NFO,13/09/2024,09:15:16,52092.6,52093.9,60,52119.95,60,195,252705
BANKNIFTY-II.NFO,13/09/2024,09:15:18,52093.9,52095.55,15,52119.95,60,30,252705
BANKNIFTY-II.NFO,13/09/2024,09:15:19,52100.9,52091.75,15,52100.85,60,15,252705
BANKNIFTY-II.NFO,13/09/2024,09:15:21,52090.9,52070.7,15,52088.8,60,90,252705
BANKNIFTY-II.NFO,13/09/2024,09:15:22,52077.3,52059.65,30,52083,60,15,252705
BANKNIFTY-II.NFO,13/09/2024,09:15:24,52077.3,52062.6,30,52085.05,60,0,252705
BANKNIFTY-II.NFO,13/09/2024,09:15:26,52077.3,52055.45,30,52077.5,60,0,252705
BANKNIFTY-II.NFO,13/09/2024,09:15:27,52076.85,52055.35,45,52069.05,60,15,252705
BANKNIFTY-II.NFO,13/09/2024,09:15:29,52055.3,52051.3,195,52058.25,60,45,252705
BANKNIFTY-II.NFO,13/09/2024,09:15:30,52056.9,52051.3,195,52061.95,15,60,252705
BANKNIFTY-II.NFO,13/09/2024,09:15:32,52059,52051.3,195,52058.85,150,105,252705
BANKNIFTY-II.NFO,13/09/2024,09:15:34,52041.75,52048.25,60,52068.35,75,450,252705
BANKNIFTY-II.NFO,13/09/2024,09:15:34,52041.75,52048.25,60,52068.35,75,0,252705
BANKNIFTY-II.NFO,13/09/2024,09:15:35,52055,52051.55,60,52067.75,45,30,252735
BANKNIFTY-II.NFO,13/09/2024,09:15:37,52055,52047.85,60,52065.95,45,0,252735
BANKNIFTY-II.NFO,13/09/2024,09:15:38,52055,52065.5,150,52066,15,0,252735
BANKNIFTY-II.NFO,13/09/2024,09:15:40,52067,52065.55,45,52074.4,15,60,252735
BANKNIFTY-II.NFO,13/09/2024,09:15:42,52065.55,52065.55,15,52074.25,15,30,252735
BANKNIFTY-II.NFO,13/09/2024,09:15:43,52065.55,52065.95,150,52085.55,60,30,252735
BANKNIFTY-II.NFO,13/09/2024,09:15:45,52070.3,52079.9,45,52093.55,60,60,252735
BANKNIFTY-II.NFO,13/09/2024,09:15:47,52070.3,52086.15,45,52089.35,15,0,252735
BANKNIFTY-II.NFO,13/09/2024,09:15:48,52086.1,52086.15,45,52093.95,15,60,252735
BANKNIFTY-II.NFO,13/09/2024,09:15:50,52086.1,52086.15,45,52097.35,60,0,252735
BANKNIFTY-II.NFO,13/09/2024,09:15:51,52086.15,52086.2,15,52097.85,60,30,252735
BANKNIFTY-II.NFO,13/09/2024,09:15:53,52086.15,52086.15,45,52095.05,60,0,252735
BANKNIFTY-II.NFO,13/09/2024,09:15:55,52086.15,52086.15,45,52092.95,60,0,252735
BANKNIFTY-II.NFO,13/09/2024,09:15:56,52075,52075.05,45,52078.55,60,180,252735
BANKNIFTY-II.NFO,13/09/2024,09:15:58,52078.6,52075,45,52081.6,45,165,252735
BANKNIFTY-II.NFO,13/09/2024,09:16:00,52083.3,52073.1,60,52086.15,30,105,252735
BANKNIFTY-II.NFO,13/09/2024,09:16:01,52087.35,52087.4,75,52095,165,150,252735
BANKNIFTY-II.NFO,13/09/2024,09:16:03,52100.9,52109.4,45,52118.7,60,285,252735
BANKNIFTY-II.NFO,13/09/2024,09:16:04,52104.05,52104.1,60,52104.35,15,195,252735
BANKNIFTY-II.NFO,13/09/2024,09:16:06,52104.35,52111.5,45,52120,60,15,252735
BANKNIFTY-II.NFO,13/09/2024,09:16:08,52108.1,52104.7,60,52119.95,45,180,252735
BANKNIFTY-II.NFO,13/09/2024,09:16:09,52119.85,52109.7,45,52117.7,30,15,252735
BANKNIFTY-II.NFO,13/09/2024,09:16:11,52109.7,52109.75,60,52119.95,30,15,252735
BANKNIFTY-II.NFO,13/09/2024,09:16:12,52109.7,52109.7,45,52117.25,30,0,252735
BANKNIFTY-II.NFO,13/09/2024,09:16:14,52109.7,52109.7,45,52117.8,30,0,252735
BANKNIFTY-II.NFO,13/09/2024,09:16:16,52101.6,52101.75,30,52119.9,60,135,252735
BANKNIFTY-II.NFO,13/09/2024,09:16:17,52109.75,52109.75,45,52119.95,60,90,252735
BANKNIFTY-II.NFO,13/09/2024,09:16:19,52109.75,52113.85,45,52120,45,0,252735
BANKNIFTY-II.NFO,13/09/2024,09:16:21,52113.85,52113.85,45,52120,45,30,252735
BANKNIFTY-II.NFO,13/09/2024,09:16:22,52121.1,52113.85,45,52121.05,30,150,252735
BANKNIFTY-II.NFO,13/09/2024,09:16:24,52119.95,52119.95,45,52121.95,15,60,252735
BANKNIFTY-II.NFO,13/09/2024,09:16:25,52112.95,52110.65,45,52121.95,30,315,252735
BANKNIFTY-II.NFO,13/09/2024,09:16:27,52112.95,52110.65,45,52115.6,30,0,252735
BANKNIFTY-II.NFO,13/09/2024,09:16:29,52115.65,52109.75,45,52121.9,30,135,252735
BANKNIFTY-II.NFO,13/09/2024,09:16:30,52115.65,52110.9,60,52121,180,0,252735
BANKNIFTY-II.NFO,13/09/2024,09:16:32,52121,52115.1,45,52121,180,15,252735
BANKNIFTY-II.NFO,13/09/2024,09:16:34,52115.1,52115.1,45,52120,15,30,252735
BANKNIFTY-II.NFO,13/09/2024,09:16:35,52115.1,52115.1,60,52120,15,0,252735
BANKNIFTY-II.NFO,13/09/2024,09:16:37,52111.5,52109.85,60,52120,30,150,252735
BANKNIFTY-II.NFO,13/09/2024,09:16:38,52111.5,52110.35,60,52120,15,0,252735
BANKNIFTY-II.NFO,13/09/2024,09:16:40,52115.65,52116.1,45,52120,15,30,252735
BANKNIFTY-II.NFO,13/09/2024,09:16:42,52116.8,52117.35,30,52121,165,45,252735
BANKNIFTY-II.NFO,13/09/2024,09:16:43,52120.2,52120.15,60,52121,30,240,252735
BANKNIFTY-II.NFO,13/09/2024,09:16:45,52120.15,52119.15,150,52121,15,75,252735
BANKNIFTY-II.NFO,13/09/2024,09:16:46,52122.95,52121.2,45,52125,60,135,252735
BANKNIFTY-II.NFO,13/09/2024,09:16:48,52129,52121.2,45,52129,555,165,252735
BANKNIFTY-II.NFO,13/09/2024,09:16:50,52129,52121.2,45,52129,555,0,252735
BANKNIFTY-II.NFO,13/09/2024,09:16:51,52121.2,52114.8,45,52125.65,75,60,252735
BANKNIFTY-II.NFO,13/09/2024,09:16:53,52126.25,52118.15,15,52126.4,300,15,252735
BANKNIFTY-II.NFO,13/09/2024,09:16:54,52121.2,52120.45,60,52129,540,240,252735
BANKNIFTY-II.NFO,13/09/2024,09:16:56,52120.75,52120.75,30,52129,540,45,252735
BANKNIFTY-II.NFO,13/09/2024,09:16:58,52120.7,52120.7,45,52126.95,60,105,252735
BANKNIFTY-II.NFO,13/09/2024,09:16:59,52120.7,52120.7,45,52127.8,60,0,252735
BANKNIFTY-II.NFO,13/09/2024,09:17:01,52129,52121.7,45,52129,510,45,252735
BANKNIFTY-II.NFO,13/09/2024,09:17:03,52129,52127.65,45,52129,210,570,252735
BANKNIFTY-II.NFO,13/09/2024,09:17:04,52121.5,52122.05,15,52130,60,345,252735
BANKNIFTY-II.NFO,13/09/2024,09:17:06,52130,52122.1,45,52130,45,15,252735
BANKNIFTY-II.NFO,13/09/2024,09:17:08,52136.95,52123.7,30,52137.8,60,150,252735
BANKNIFTY-II.NFO,13/09/2024,09:17:09,52124.65,52126.35,45,52134.75,75,30,252735
BANKNIFTY-II.NFO,13/09/2024,09:17:11,52122,52122.05,45,52130,15,75,252735
BANKNIFTY-II.NFO,13/09/2024,09:17:12,52137.5,52125.05,15,52136.9,75,120,252735
BANKNIFTY-II.NFO,13/09/2024,09:17:14,52137.5,52125.05,15,52136.9,75,0,252735
BANKNIFTY-II.NFO,13/09/2024,09:17:16,52121.45,52125.05,45,52138.2,75,255,252735
BANKNIFTY-II.NFO,13/09/2024,09:17:17,52125.05,52127.35,30,52140,225,15,252735
BANKNIFTY-II.NFO,13/09/2024,09:17:19,52130.5,52131.7,45,52140,210,30,252735
BANKNIFTY-II.NFO,13/09/2024,09:17:20,52131.7,52131.7,45,52139.95,30,15,252735
BANKNIFTY-II.NFO,13/09/2024,09:17:22,52140,52131.8,30,52140,195,105,252735
BANKNIFTY-II.NFO,13/09/2024,09:17:24,52140,52131.8,30,52140,150,45,252735
BANKNIFTY-II.NFO,13/09/2024,09:17:25,52140,52131.75,45,52140,150,0,252735
BANKNIFTY-II.NFO,13/09/2024,09:17:27,52140,52131.8,30,52140,135,15,252735
BANKNIFTY-II.NFO,13/09/2024,09:17:28,52140,52131.75,45,52143.3,30,150,252735
BANKNIFTY-II.NFO,13/09/2024,09:17:30,52132.65,52132.65,45,52141.85,30,120,252735
BANKNIFTY-II.NFO,13/09/2024,09:17:32,52132.65,52132.6,45,52140,60,0,252735
BANKNIFTY-II.NFO,13/09/2024,09:17:33,52132.65,52135.05,45,52141.25,90,0,252735
BANKNIFTY-II.NFO,13/09/2024,09:17:35,52135.05,52135.05,45,52144.5,75,45,252735
BANKNIFTY-II.NFO,13/09/2024,09:17:36,52135.05,52135.1,45,52140,15,0,252735
BANKNIFTY-II.NFO,13/09/2024,09:17:38,52135.05,52135.05,45,52140,135,0,252735
BANKNIFTY-II.NFO,13/09/2024,09:17:40,52135.05,52135.1,45,52140,135,30,252735
BANKNIFTY-II.NFO,13/09/2024,09:17:41,52135.05,52135.05,45,52139.95,60,60,252735
BANKNIFTY-II.NFO,13/09/2024,09:17:43,52135.05,52135.05,45,52139.95,60,150,252735
BANKNIFTY-II.NFO,13/09/2024,09:17:45,52135.05,52135.05,45,52140,135,0,252735
BANKNIFTY-II.NFO,13/09/2024,09:17:46,52135,52132.75,45,52135.05,15,90,252735
BANKNIFTY-II.NFO,13/09/2024,09:17:48,52135.05,52135.05,45,52140.5,15,315,252735
BANKNIFTY-II.NFO,13/09/2024,09:17:49,52123.05,52122.15,45,52133.4,75,300,252735
BANKNIFTY-II.NFO,13/09/2024,09:17:51,52123.05,52122.1,45,52128.9,60,0,252735
BANKNIFTY-II.NFO,13/09/2024,09:17:53,52123.05,52122.1,45,52130.3,60,0,252735
BANKNIFTY-II.NFO,13/09/2024,09:17:54,52123.05,52122.1,45,52125.05,15,0,252735
BANKNIFTY-II.NFO,13/09/2024,09:17:56,52125.05,52123.95,45,52132.05,15,15,252735
BANKNIFTY-II.NFO,13/09/2024,09:17:57,52125.05,52123.9,45,52131.2,60,0,252735
BANKNIFTY-II.NFO,13/09/2024,09:17:59,52123.9,52123.9,45,52128.55,75,15,252735
BANKNIFTY-II.NFO,13/09/2024,09:18:01,52120,52110.9,45,52119.75,75,180,252735
BANKNIFTY-II.NFO,13/09/2024,09:18:02,52119.25,52110.9,45,52117.35,15,45,252735
BANKNIFTY-II.NFO,13/09/2024,09:18:04,52115,52110.9,45,52114.7,15,60,252735
BANKNIFTY-II.NFO,13/09/2024,09:18:06,52110.5,52110.55,45,52117.45,30,15,252735
BANKNIFTY-II.NFO,13/09/2024,09:18:07,52117.55,52109.75,45,52113.2,30,270,252735
BANKNIFTY-II.NFO,13/09/2024,09:18:09,52109.7,52100.15,60,52110.4,150,90,252735
BANKNIFTY-II.NFO,13/09/2024,09:18:10,52090.15,52091.85,105,52106.45,15,30,252735
BANKNIFTY-II.NFO,13/09/2024,09:18:12,52104,52096.6,60,52108.2,120,30,252735
BANKNIFTY-II.NFO,13/09/2024,09:18:14,52100.35,52100.65,60,52114.95,30,60,252735
BANKNIFTY-II.NFO,13/09/2024,09:18:15,52104.4,52104.4,45,52107.05,15,15,252735
BANKNIFTY-II.NFO,13/09/2024,09:18:17,52104.4,52099.3,60,52107.05,15,0,252735
BANKNIFTY-II.NFO,13/09/2024,09:18:19,52099.25,52099.25,45,52105.8,30,30,252735
BANKNIFTY-II.NFO,13/09/2024,09:18:21,52099.25,52100.05,60,52100.15,45,0,252735
BANKNIFTY-II.NFO,13/09/2024,09:18:22,52100.15,52102.55,60,52107.05,15,45,252735
BANKNIFTY-II.NFO,13/09/2024,09:18:24,52107.05,52104.05,60,52114.95,45,15,252735
BANKNIFTY-II.NFO,13/09/2024,09:18:26,52110.05,52110.05,45,52114.95,30,30,252735
BANKNIFTY-II.NFO,13/09/2024,09:18:27,52115,52110.35,60,52117.55,15,45,252735
BANKNIFTY-II.NFO,13/09/2024,09:18:29,52110.3,52110.35,60,52117.55,15,15,252735
BANKNIFTY-II.NFO,13/09/2024,09:18:31,52110.05,52110,15,52113,15,60,252735
BANKNIFTY-II.NFO,13/09/2024,09:18:32,52114.65,52102.1,60,52112.25,315,30,252735
BANKNIFTY-II.NFO,13/09/2024,09:18:34,52102.05,52102.05,45,52111.95,30,330,252735
BANKNIFTY-II.NFO,13/09/2024,09:18:36,52102.05,52102.05,45,52112.6,30,0,253650
BANKNIFTY-II.NFO,13/09/2024,09:18:37,52112.45,52102.05,45,52111.5,30,15,253650
BANKNIFTY-II.NFO,13/09/2024,09:18:39,52112.45,52102.1,60,52113.3,15,0,253650
BANKNIFTY-II.NFO,13/09/2024,09:18:41,52102.45,52102.45,45,52110.8,45,15,253650
BANKNIFTY-II.NFO,13/09/2024,09:18:42,52102.45,52102.45,45,52113.35,30,0,253650
BANKNIFTY-II.NFO,13/09/2024,09:18:44,52102.45,52103.05,60,52114.8,30,0,253650
BANKNIFTY-II.NFO,13/09/2024,09:18:46,52114.2,52103,45,52105.35,165,30,253650
BANKNIFTY-II.NFO,13/09/2024,09:18:47,52114.2,52100.05,45,52109.6,165,0,253650
BANKNIFTY-II.NFO,13/09/2024,09:18:49,52114.2,52101.05,45,52112.7,165,0,253650
BANKNIFTY-II.NFO,13/09/2024,09:18:51,52114.2,52103.05,45,52112.05,30,0,253650
BANKNIFTY-II.NFO,13/09/2024,09:18:52,52114.2,52103.05,45,52108.25,30,0,253650
BANKNIFTY-II.NFO,13/09/2024,09:18:54,52110.5,52103.05,45,52110.5,30,30,253650
BANKNIFTY-II.NFO,13/09/2024,09:18:56,52110.5,52103.05,45,52112.15,30,0,253650
BANKNIFTY-II.NFO,13/09/2024,09:18:57,52115.5,52103.05,45,52112.6,30,495,253650
BANKNIFTY-II.NFO,13/09/2024,09:18:59,52115.5,52103,15,52105.9,150,0,253650
BANKNIFTY-II.NFO,13/09/2024,09:19:01,52092.3,52092.3,45,52102.45,45,105,253650
BANKNIFTY-II.NFO,13/09/2024,09:19:02,52092.3,52092.3,45,52099.1,150,30,253650
BANKNIFTY-II.NFO,13/09/2024,09:19:04,52101.7,52093.45,45,52103.7,45,45,253650
BANKNIFTY-II.NFO,13/09/2024,09:19:06,52101.7,52093.45,45,52101.2,135,0,253650
BANKNIFTY-II.NFO,13/09/2024,09:19:07,52090.05,52090.05,60,52101.85,90,15,253650
BANKNIFTY-II.NFO,13/09/2024,09:19:09,52090.05,52092.3,60,52104.65,75,0,253650
BANKNIFTY-II.NFO,13/09/2024,09:19:11,52090.05,52092.3,45,52099.05,30,0,253650
BANKNIFTY-II.NFO,13/09/2024,09:19:12,52090.05,52087.45,60,52090.05,15,120,253650
BANKNIFTY-II.NFO,13/09/2024,09:19:14,52090.05,52094.4,45,52100,15,60,253650
BANKNIFTY-II.NFO,13/09/2024,09:19:16,52096.2,52096.65,45,52100,15,15,253650
BANKNIFTY-II.NFO,13/09/2024,09:19:17,52096.2,52098.35,30,52100,15,0,253650
BANKNIFTY-II.NFO,13/09/2024,09:19:19,52100,52099.45,45,52110.4,60,15,253650
BANKNIFTY-II.NFO,13/09/2024,09:19:21,52100,52102,45,52112.3,90,0,253650
BANKNIFTY-II.NFO,13/09/2024,09:19:22,52101.95,52101.95,45,52111.8,60,30,253650
BANKNIFTY-II.NFO,13/09/2024,09:19:24,52112.7,52104,45,52112.7,60,15,253650
BANKNIFTY-II.NFO,13/09/2024,09:19:26,52112.75,52104,45,52112.7,15,75,253650
BANKNIFTY-II.NFO,13/09/2024,09:19:27,52112.75,52100.05,45,52109.15,60,0,253650
BANKNIFTY-II.NFO,13/09/2024,09:19:29,52109.55,52100.05,45,52110.5,60,15,253650
BANKNIFTY-II.NFO,13/09/2024,09:19:31,52109.75,52100.05,45,52109.2,60,60,253650
BANKNIFTY-II.NFO,13/09/2024,09:19:32,52100.05,52100,60,52105.9,30,45,253650
BANKNIFTY-II.NFO,13/09/2024,09:19:34,52100.05,52100.05,45,52110.6,150,0,253650
BANKNIFTY-II.NFO,13/09/2024,09:19:36,52108.55,52100.05,45,52108,15,120,253650
BANKNIFTY-II.NFO,13/09/2024,09:19:37,52108.55,52100.05,60,52110.45,15,0,253650
BANKNIFTY-II.NFO,13/09/2024,09:19:39,52108.55,52100.05,45,52109.8,45,0,253650
BANKNIFTY-II.NFO,13/09/2024,09:19:41,52108.55,52100.6,30,52107,15,0,253650
BANKNIFTY-II.NFO,13/09/2024,09:19:42,52102,52104.85,45,52110,75,30,253650
BANKNIFTY-II.NFO,13/09/2024,09:19:44,52104.85,52104.85,45,52110,75,30,253650
BANKNIFTY-II.NFO,13/09/2024,09:19:46,52104.85,52104.85,60,52110,75,30,253650
BANKNIFTY-II.NFO,13/09/2024,09:19:47,52104.85,52105.15,60,52110,225,0,253650
BANKNIFTY-II.NFO,13/09/2024,09:19:49,52104.85,52105.15,75,52110,225,0,253650
BANKNIFTY-II.NFO,13/09/2024,09:19:51,52105.15,52106.3,60,52110,225,15,253650
BANKNIFTY-II.NFO,13/09/2024,09:19:52,52105.15,52106.35,60,52110,240,0,253650
BANKNIFTY-II.NFO,13/09/2024,09:19:54,52107,52107.9,45,52110,240,15,253650
BANKNIFTY-II.NFO,13/09/2024,09:19:56,52107,52107.9,45,52110,240,0,253650
BANKNIFTY-II.NFO,13/09/2024,09:19:57,52107,52107.9,60,52110,240,0,253650
BANKNIFTY-II.NFO,13/09/2024,09:19:59,52110,52110.65,90,52115,15,345,253650
BANKNIFTY-II.NFO,13/09/2024,09:20:01,52110.25,52109.9,45,52115,15,90,253650
BANKNIFTY-II.NFO,13/09/2024,09:20:02,52115,52115.75,45,52117.55,15,30,253650
BANKNIFTY-II.NFO,13/09/2024,09:20:04,52125,52123.95,45,52128.4,30,135,253650
BANKNIFTY-II.NFO,13/09/2024,09:20:06,52125,52124.5,45,52133.55,105,0,253650
BANKNIFTY-II.NFO,13/09/2024,09:20:07,52122.45,52126.4,75,52134.5,15,75,253650
BANKNIFTY-II.NFO,13/09/2024,09:20:09,52122.45,52128.95,45,52135,75,0,253650
BANKNIFTY-II.NFO,13/09/2024,09:20:11,52122.45,52129.4,45,52135,75,0,253650
BANKNIFTY-II.NFO,13/09/2024,09:20:12,52135,52132.4,30,52135,30,45,253650
BANKNIFTY-II.NFO,13/09/2024,09:20:14,52135,52132.4,30,52135,30,0,253650
BANKNIFTY-II.NFO,13/09/2024,09:20:16,52135,52132.4,30,52135,15,75,253650
BANKNIFTY-II.NFO,13/09/2024,09:20:17,52135,52136.55,15,52141.75,45,15,253650
BANKNIFTY-II.NFO,13/09/2024,09:20:19,52136.95,52136.95,30,52141.8,60,195,253650
BANKNIFTY-II.NFO,13/09/2024,09:20:21,52134.75,52134.8,45,52141.35,60,150,253650
BANKNIFTY-II.NFO,13/09/2024,09:20:22,52134.8,52134.8,45,52137.65,75,15,253650
BANKNIFTY-II.NFO,13/09/2024,09:20:24,52138.6,52126.15,45,52137.15,60,30,253650
BANKNIFTY-II.NFO,13/09/2024,09:20:26,52137.3,52127.65,60,52137.3,60,15,253650
BANKNIFTY-II.NFO,13/09/2024,09:20:27,52137.3,52128,45,52136.8,60,0,253650
BANKNIFTY-II.NFO,13/09/2024,09:20:29,52134.1,52128,45,52133.4,30,60,253650
BANKNIFTY-II.NFO,13/09/2024,09:20:31,52134.95,52128,45,52134.95,15,15,253650
BANKNIFTY-II.NFO,13/09/2024,09:20:32,52134.95,52128,45,52135,15,0,253650
BANKNIFTY-II.NFO,13/09/2024,09:20:34,52134.95,52131.8,45,52135,15,0,253650
BANKNIFTY-II.NFO,13/09/2024,09:20:39,52134.95,52133.7,45,52135,15,0,253650
BANKNIFTY-II.NFO,13/09/2024,09:20:41,52135,52133.7,45,52137.65,45,15,253650
BANKNIFTY-II.NFO,13/09/2024,09:20:42,52133.7,52133.7,45,52135,150,30,253650
BANKNIFTY-II.NFO,13/09/2024,09:20:44,52133.7,52133.7,45,52135,150,0,253650
BANKNIFTY-II.NFO,13/09/2024,09:20:46,52133.7,52133.7,45,52135,150,15,253650
BANKNIFTY-II.NFO,13/09/2024,09:20:47,52133.7,52124.15,60,52134.85,30,60,253650
BANKNIFTY-II.NFO,13/09/2024,09:20:49,52134.95,52133.7,30,52135,150,15,253650
BANKNIFTY-II.NFO,13/09/2024,09:20:51,52133.7,52133.7,15,52135,150,15,253650
BANKNIFTY-II.NFO,13/09/2024,09:20:52,52133.7,52133.7,15,52135,150,0,253650
BANKNIFTY-II.NFO,13/09/2024,09:20:54,52135,52134.25,45,52135,135,15,253650
BANKNIFTY-II.NFO,13/09/2024,09:20:56,52134.25,52134.25,45,52135,135,15,253650
BANKNIFTY-II.NFO,13/09/2024,09:20:57,52134.25,52133.75,45,52135,135,0,253650
BANKNIFTY-II.NFO,13/09/2024,09:20:59,52134.25,52133.7,15,52135,135,0,253650
BANKNIFTY-II.NFO,13/09/2024,09:21:01,52133.7,52125.85,75,52135,120,150,253650
BANKNIFTY-II.NFO,13/09/2024,09:21:02,52135,52125.9,30,52135,105,15,253650
BANKNIFTY-II.NFO,13/09/2024,09:21:04,52135,52126.65,45,52135,105,0,253650
BANKNIFTY-II.NFO,13/09/2024,09:21:06,52126.65,52126.65,45,52134,30,60,253650
BANKNIFTY-II.NFO,13/09/2024,09:21:07,52135,52126.65,45,52132.35,120,15,253650
BANKNIFTY-II.NFO,13/09/2024,09:21:09,52126.65,52124.05,45,52131.7,150,15,253650
BANKNIFTY-II.NFO,13/09/2024,09:21:11,52124.05,52124.1,30,52132,15,15,253650
BANKNIFTY-II.NFO,13/09/2024,09:21:12,52119.05,52123.9,75,52132.4,15,270,253650
BANKNIFTY-II.NFO,13/09/2024,09:21:14,52134.95,52125.85,45,52134.15,30,15,253650
BANKNIFTY-II.NFO,13/09/2024,09:21:16,52134.95,52128.45,45,52134.3,60,0,253650
BANKNIFTY-II.NFO,13/09/2024,09:21:18,52134.95,52128.6,45,52134.7,60,0,253650
BANKNIFTY-II.NFO,13/09/2024,09:21:19,52134.95,52129.95,45,52135,90,0,253650
BANKNIFTY-II.NFO,13/09/2024,09:21:21,52135,52130.3,30,52135,75,15,253650
BANKNIFTY-II.NFO,13/09/2024,09:21:23,52135,52131.05,45,52135,60,15,253650
BANKNIFTY-II.NFO,13/09/2024,09:21:24,52135,52131.05,45,52135,60,0,253650
BANKNIFTY-II.NFO,13/09/2024,09:21:26,52135,52130,60,52135,45,30,253650
BANKNIFTY-II.NFO,13/09/2024,09:21:28,52124.85,52126.9,105,52135,60,90,253650
BANKNIFTY-II.NFO,13/09/2024,09:21:29,52124.85,52129.65,60,52135,60,0,253650
BANKNIFTY-II.NFO,13/09/2024,09:21:31,52124.85,52129.65,60,52135,105,0,253650
BANKNIFTY-II.NFO,13/09/2024,09:21:33,52129.85,52129.85,45,52135,105,15,253650
BANKNIFTY-II.NFO,13/09/2024,09:21:34,52129.85,52131.25,45,52135,105,0,253650
BANKNIFTY-II.NFO,13/09/2024,09:21:36,52129.85,52131.2,45,52135,105,0,253650
BANKNIFTY-II.NFO,13/09/2024,09:21:39,52135.8,52131.2,45,52139.8,30,120,254115
BANKNIFTY-II.NFO,13/09/2024,09:21:41,52135.05,52135.05,45,52139.6,60,15,254115
BANKNIFTY-II.NFO,13/09/2024,09:21:43,52135.05,52135.05,45,52139.6,60,30,254115
BANKNIFTY-II.NFO,13/09/2024,09:21:44,52135.05,52135,15,52138.65,15,210,254115
BANKNIFTY-II.NFO,13/09/2024,09:21:46,52135,52128.3,45,52137.85,30,15,254115
BANKNIFTY-II.NFO,13/09/2024,09:21:48,52128.3,52128.3,45,52135.75,15,135,254115
BANKNIFTY-II.NFO,13/09/2024,09:21:49,52128.3,52128.3,45,52130.6,30,0,254115
BANKNIFTY-II.NFO,13/09/2024,09:21:51,52128.3,52124.9,45,52128.3,15,15,254115
BANKNIFTY-II.NFO,13/09/2024,09:21:53,52124.85,52124,45,52127.45,30,15,254115
BANKNIFTY-II.NFO,13/09/2024,09:21:54,52124.85,52124.05,45,52134.8,15,0,254115
BANKNIFTY-II.NFO,13/09/2024,09:21:56,52124.85,52124.05,45,52132.35,30,0,254115
BANKNIFTY-II.NFO,13/09/2024,09:21:57,52132.7,52130,45,52133.3,30,60,254115
BANKNIFTY-II.NFO,13/09/2024,09:21:59,52132.7,52130,45,52133.6,30,0,254115
BANKNIFTY-II.NFO,13/09/2024,09:22:01,52120,52115.05,60,52117.85,15,120,254115
BANKNIFTY-II.NFO,13/09/2024,09:22:02,52116.85,52115.45,90,52124.85,15,15,254115
BANKNIFTY-II.NFO,13/09/2024,09:22:04,52124.8,52115.55,45,52120.5,30,15,254115
BANKNIFTY-II.NFO,13/09/2024,09:22:06,52115,52108.85,45,52118.7,45,15,254115
BANKNIFTY-II.NFO,13/09/2024,09:22:07,52115,52108.85,45,52115.95,30,0,254115
BANKNIFTY-II.NFO,13/09/2024,09:22:09,52115,52108.85,45,52118.75,30,0,254115
BANKNIFTY-II.NFO,13/09/2024,09:22:11,52119.95,52108.85,45,52116.6,30,45,254115
BANKNIFTY-II.NFO,13/09/2024,09:22:12,52119.95,52100.1,15,52109.15,300,0,254115
BANKNIFTY-II.NFO,13/09/2024,09:22:14,52119.95,52101,45,52110.1,30,0,254115
BANKNIFTY-II.NFO,13/09/2024,09:22:16,52119.95,52101.3,45,52106.85,300,0,254115
BANKNIFTY-II.NFO,13/09/2024,09:22:17,52119.95,52101.3,45,52108.5,30,0,254115
BANKNIFTY-II.NFO,13/09/2024,09:22:19,52106.55,52100.05,45,52106.55,45,30,254115
BANKNIFTY-II.NFO,13/09/2024,09:22:20,52106.5,52100,90,52104.15,15,75,254115
BANKNIFTY-II.NFO,13/09/2024,09:22:22,52100,52094.2,105,52106.6,300,90,254115
BANKNIFTY-II.NFO,13/09/2024,09:22:24,52100,52096.15,75,52106.5,60,0,254115
BANKNIFTY-II.NFO,13/09/2024,09:22:25,52096.1,52096.15,75,52106.3,60,15,254115
BANKNIFTY-II.NFO,13/09/2024,09:22:27,52100,52100.05,45,52106.1,60,15,254115
BANKNIFTY-II.NFO,13/09/2024,09:22:29,52100.05,52100.05,45,52105.85,30,15,254115
BANKNIFTY-II.NFO,13/09/2024,09:22:30,52100.05,52100,15,52104.15,30,0,254115
BANKNIFTY-II.NFO,13/09/2024,09:22:32,52100.05,52101.6,45,52109.65,300,0,254115
BANKNIFTY-II.NFO,13/09/2024,09:22:34,52100.05,52101.65,75,52112.85,150,0,254115
BANKNIFTY-II.NFO,13/09/2024,09:22:35,52100.05,52103.7,105,52114.9,150,0,254115
BANKNIFTY-II.NFO,13/09/2024,09:22:37,52100.05,52104.75,45,52115,30,0,254115
BANKNIFTY-II.NFO,13/09/2024,09:22:39,52100.05,52104.8,60,52113.75,300,0,254115
BANKNIFTY-II.NFO,13/09/2024,09:22:40,52104.8,52104.75,45,52112,15,30,254115
BANKNIFTY-II.NFO,13/09/2024,09:22:42,52104.75,52104.75,45,52111.15,30,30,254115
BANKNIFTY-II.NFO,13/09/2024,09:22:44,52104.75,52104.75,45,52108.55,30,0,254115
BANKNIFTY-II.NFO,13/09/2024,09:22:45,52104.75,52100.1,45,52108.55,30,0,254115
BANKNIFTY-II.NFO,13/09/2024,09:22:47,52100.05,52100.05,45,52107,165,75,254115
BANKNIFTY-II.NFO,13/09/2024,09:22:49,52100.05,52100.05,45,52109.7,30,0,254115
BANKNIFTY-II.NFO,13/09/2024,09:22:50,52100.05,52100.05,45,52108.9,30,0,254115
BANKNIFTY-II.NFO,13/09/2024,09:22:52,52100.05,52100.05,45,52109.15,30,30,254115
BANKNIFTY-II.NFO,13/09/2024,09:22:54,52109.15,52100.1,60,52106.55,300,30,254115
BANKNIFTY-II.NFO,13/09/2024,09:22:55,52109.15,52100.05,45,52106.5,30,0,254115
BANKNIFTY-II.NFO,13/09/2024,09:22:57,52109.15,52100.05,45,52106.75,15,0,254115
BANKNIFTY-II.NFO,13/09/2024,09:22:59,52109.15,52100.05,45,52106.7,315,0,254115
BANKNIFTY-II.NFO,13/09/2024,09:23:00,52109.15,52100.05,45,52105.15,15,0,254115
BANKNIFTY-II.NFO,13/09/2024,09:23:02,52100,52093.15,75,52101.8,300,30,254115
BANKNIFTY-II.NFO,13/09/2024,09:23:04,52100,52095.05,105,52104.1,300,0,254115
BANKNIFTY-II.NFO,13/09/2024,09:23:05,52100,52095.05,105,52103.95,30,0,254115
BANKNIFTY-II.NFO,13/09/2024,09:23:07,52101.5,52095.05,45,52100.4,165,210,254115
BANKNIFTY-II.NFO,13/09/2024,09:23:08,52101.5,52095.05,45,52100.4,30,0,254115
BANKNIFTY-II.NFO,13/09/2024,09:23:10,52101.5,52095.05,45,52099.95,45,0,254115
BANKNIFTY-II.NFO,13/09/2024,09:23:13,52101.5,52095.05,45,52100.05,150,0,254115
BANKNIFTY-II.NFO,13/09/2024,09:23:15,52095.05,52095.1,60,52100.05,150,15,254115
BANKNIFTY-II.NFO,13/09/2024,09:23:17,52100,52100,60,52104.75,300,165,254115
BANKNIFTY-II.NFO,13/09/2024,09:23:18,52100,52100,60,52104.7,300,0,254115
BANKNIFTY-II.NFO,13/09/2024,09:23:20,52104.95,52100.65,30,52103.15,210,90,254115
BANKNIFTY-II.NFO,13/09/2024,09:23:22,52103.15,52100.6,45,52103.15,195,15,254115
BANKNIFTY-II.NFO,13/09/2024,09:23:23,52101.35,52102.5,15,52110.7,300,210,254115
BANKNIFTY-II.NFO,13/09/2024,09:23:25,52104.75,52104.85,30,52113.3,300,15,254115
BANKNIFTY-II.NFO,13/09/2024,09:23:27,52104.85,52104.85,150,52115,75,15,254115
BANKNIFTY-II.NFO,13/09/2024,09:23:28,52104.85,52106.5,30,52115,75,0,254115
BANKNIFTY-II.NFO,13/09/2024,09:23:30,52100.45,52100.75,30,52115,90,495,254115
BANKNIFTY-II.NFO,13/09/2024,09:23:32,52104.1,52104.1,60,52115,75,15,254115
BANKNIFTY-II.NFO,13/09/2024,09:23:33,52104.1,52106.2,30,52115,75,0,254115
BANKNIFTY-II.NFO,13/09/2024,09:23:35,52115,52107.55,30,52115,60,15,254115
BANKNIFTY-II.NFO,13/09/2024,09:23:37,52115,52107.55,30,52115,30,30,254115
BANKNIFTY-II.NFO,13/09/2024,09:23:38,52115,52107.55,30,52115,15,15,254115
BANKNIFTY-II.NFO,13/09/2024,09:23:40,52107.5,52107.5,45,52115,15,15,254115
BANKNIFTY-II.NFO,13/09/2024,09:23:42,52107.5,52107.5,45,52115,15,0,254115
BANKNIFTY-II.NFO,13/09/2024,09:23:43,52107.5,52107.5,45,52113.1,120,0,254115
BANKNIFTY-II.NFO,13/09/2024,09:23:45,52111.1,52107.5,45,52108.85,120,15,254115
BANKNIFTY-II.NFO,13/09/2024,09:23:47,52111.1,52104.9,45,52108.45,120,0,254115
BANKNIFTY-II.NFO,13/09/2024,09:23:48,52107.75,52104.9,45,52106.95,120,15,254115
BANKNIFTY-II.NFO,13/09/2024,09:23:50,52107.75,52104.9,45,52105.55,120,0,254115
BANKNIFTY-II.NFO,13/09/2024,09:23:52,52104.85,52104.1,15,52105.55,435,60,254115
BANKNIFTY-II.NFO,13/09/2024,09:23:53,52104.1,52100.5,45,52103.95,300,15,254115
BANKNIFTY-II.NFO,13/09/2024,09:23:55,52100.45,52100.05,45,52101.7,135,60,254115
BANKNIFTY-II.NFO,13/09/2024,09:23:57,52100,52095.1,45,52098.35,120,300,254115
BANKNIFTY-II.NFO,13/09/2024,09:23:58,52100,52095.1,45,52097.1,135,0,254115
BANKNIFTY-II.NFO,13/09/2024,09:24:00,52100,52095.1,45,52102.85,135,0,254115
BANKNIFTY-II.NFO,13/09/2024,09:24:01,52100,52095.1,45,52100,15,0,254115
BANKNIFTY-II.NFO,13/09/2024,09:24:06,52100,52095.15,60,52100,15,0,254115
BANKNIFTY-II.NFO,13/09/2024,09:24:08,52100,52095.15,60,52105.15,150,15,254115
BANKNIFTY-II.NFO,13/09/2024,09:24:10,52100,52095.15,60,52106.75,30,0,254115
BANKNIFTY-II.NFO,13/09/2024,09:24:11,52100.05,52098.2,60,52110.25,120,15,254115
BANKNIFTY-II.NFO,13/09/2024,09:24:13,52100.05,52100.1,45,52108.2,150,0,254115
BANKNIFTY-II.NFO,13/09/2024,09:24:15,52100.05,52100.1,45,52101.4,120,0,254115
BANKNIFTY-II.NFO,13/09/2024,09:24:16,52097.45,52095.1,45,52095.35,120,210,254115
BANKNIFTY-II.NFO,13/09/2024,09:24:18,52097.45,52095.1,45,52095.85,285,0,254115
BANKNIFTY-II.NFO,13/09/2024,09:24:19,52092.35,52092.3,15,52093.65,300,105,254115
BANKNIFTY-II.NFO,13/09/2024,09:24:21,52092.35,52092.35,45,52095.15,150,0,254115
BANKNIFTY-II.NFO,13/09/2024,09:24:23,52092.35,52092.35,45,52098.15,120,0,254115
BANKNIFTY-II.NFO,13/09/2024,09:24:24,52091,52090.05,45,52095,135,120,254115
BANKNIFTY-II.NFO,13/09/2024,09:24:26,52091,52090,30,52092.7,120,0,254115
BANKNIFTY-II.NFO,13/09/2024,09:24:28,52091,52090,30,52091.2,120,0,254115
BANKNIFTY-II.NFO,13/09/2024,09:24:29,52091,52090.05,45,52097.75,120,0,254115
BANKNIFTY-II.NFO,13/09/2024,09:24:31,52090.1,52090.05,45,52093.55,120,30,254115
BANKNIFTY-II.NFO,13/09/2024,09:24:33,52090.1,52090.05,45,52091.55,120,0,254115
BANKNIFTY-II.NFO,13/09/2024,09:24:34,52090,52081.15,45,52087.85,30,90,254115
BANKNIFTY-II.NFO,13/09/2024,09:24:36,52081.2,52081.15,45,52084.9,15,15,254445
BANKNIFTY-II.NFO,13/09/2024,09:24:38,52081.2,52081.15,45,52084.9,15,0,254445
BANKNIFTY-II.NFO,13/09/2024,09:24:39,52084.9,52083.05,75,52090,15,15,254445
BANKNIFTY-II.NFO,13/09/2024,09:24:41,52089.95,52084.1,45,52090,15,75,254445
BANKNIFTY-II.NFO,13/09/2024,09:24:43,52089.95,52084.1,45,52090,15,0,254445
BANKNIFTY-II.NFO,13/09/2024,09:24:46,52089.95,52084.1,45,52089.95,120,0,254445
BANKNIFTY-II.NFO,13/09/2024,09:24:48,52084.1,52084.1,45,52089.15,135,30,254445
BANKNIFTY-II.NFO,13/09/2024,09:24:49,52089.95,52084.1,45,52089.25,120,15,254445
BANKNIFTY-II.NFO,13/09/2024,09:24:51,52089.8,52084.95,45,52089.8,120,30,254445
BANKNIFTY-II.NFO,13/09/2024,09:24:53,52084.9,52080.05,45,52086.4,135,60,254445
BANKNIFTY-II.NFO,13/09/2024,09:24:54,52088.05,52080.05,45,52086.3,105,30,254445
BANKNIFTY-II.NFO,13/09/2024,09:24:56,52088.05,52080.05,45,52085.25,105,0,254445
BANKNIFTY-II.NFO,13/09/2024,09:24:58,52080,52071.05,45,52078.25,105,105,254445
BANKNIFTY-II.NFO,13/09/2024,09:24:59,52080,52073.15,120,52081.85,15,0,254445
BANKNIFTY-II.NFO,13/09/2024,09:25:01,52083.5,52074.1,45,52080.85,30,15,254445
BANKNIFTY-II.NFO,13/09/2024,09:25:03,52077.4,52070.05,45,52077.75,105,30,254445
BANKNIFTY-II.NFO,13/09/2024,09:25:04,52077.4,52072.6,45,52078.2,105,0,254445
BANKNIFTY-II.NFO,13/09/2024,09:25:06,52077.8,52072.6,45,52079.8,90,15,254445
BANKNIFTY-II.NFO,13/09/2024,09:25:08,52077.8,52072.6,45,52079.55,90,0,254445
BANKNIFTY-II.NFO,13/09/2024,09:25:09,52077.8,52072.6,45,52078.65,90,0,254445
BANKNIFTY-II.NFO,13/09/2024,09:25:11,52077.8,52072.6,45,52078.75,300,0,254445
BANKNIFTY-II.NFO,13/09/2024,09:25:12,52082.85,52072.65,135,52084.3,90,30,254445
BANKNIFTY-II.NFO,13/09/2024,09:25:14,52083.45,52072.65,135,52083.45,270,15,254445
BANKNIFTY-II.NFO,13/09/2024,09:25:16,52083.45,52076.15,120,52080,15,0,254445
BANKNIFTY-II.NFO,13/09/2024,09:25:19,52076.1,52070.05,45,52075.5,75,15,254445
BANKNIFTY-II.NFO,13/09/2024,09:25:21,52070,52062.15,120,52071.65,90,30,254445
BANKNIFTY-II.NFO,13/09/2024,09:25:22,52070,52062.1,45,52066.8,105,0,254445
BANKNIFTY-II.NFO,13/09/2024,09:25:24,52062.1,52062.1,45,52067.55,90,15,254445
BANKNIFTY-II.NFO,13/09/2024,09:25:26,52062.1,52062.1,45,52064.9,75,0,254445
BANKNIFTY-II.NFO,13/09/2024,09:25:27,52062.1,52062.1,45,52064.75,30,0,254445
BANKNIFTY-II.NFO,13/09/2024,09:25:29,52062.1,52062.15,120,52070.75,75,0,254445
BANKNIFTY-II.NFO,13/09/2024,09:25:31,52062.1,52062.1,60,52066.05,75,0,254445
BANKNIFTY-II.NFO,13/09/2024,09:25:32,52062.1,52062.1,60,52065.4,15,0,254445
BANKNIFTY-II.NFO,13/09/2024,09:25:34,52062.1,52062.1,60,52067.35,75,0,254445
BANKNIFTY-II.NFO,13/09/2024,09:25:36,52062.1,52062.1,60,52069,75,0,254445
BANKNIFTY-II.NFO,13/09/2024,09:25:37,52062.1,52062.3,45,52068.8,15,0,254445
BANKNIFTY-II.NFO,13/09/2024,09:25:39,52062.1,52062.3,45,52068.5,15,0,254445
BANKNIFTY-II.NFO,13/09/2024,09:25:41,52065.7,52065.75,120,52071.4,15,15,254445
BANKNIFTY-II.NFO,13/09/2024,09:25:42,52065.7,52065.7,45,52069.3,105,0,254445
BANKNIFTY-II.NFO,13/09/2024,09:25:44,52065.7,52065.7,45,52069.7,30,30,254445
BANKNIFTY-II.NFO,13/09/2024,09:25:46,52065.7,52065.7,45,52069.25,15,0,254445
BANKNIFTY-II.NFO,13/09/2024,09:25:47,52065.7,52065.7,45,52067.3,75,0,254445
BANKNIFTY-II.NFO,13/09/2024,09:25:49,52065.7,52065.7,45,52067.9,75,0,254445
BANKNIFTY-II.NFO,13/09/2024,09:25:51,52065.7,52062.15,45,52065.25,30,45,254445
BANKNIFTY-II.NFO,13/09/2024,09:25:52,52065.05,52062.3,45,52069.4,30,15,254445
BANKNIFTY-II.NFO,13/09/2024,09:25:54,52065,52062.3,45,52069.05,30,15,254445
BANKNIFTY-II.NFO,13/09/2024,09:25:56,52065.75,52065.7,15,52067.7,150,60,254445
BANKNIFTY-II.NFO,13/09/2024,09:25:58,52064.55,52062.15,45,52064.7,15,30,254445
BANKNIFTY-II.NFO,13/09/2024,09:25:59,52065,52062.15,45,52065.7,15,15,254445
BANKNIFTY-II.NFO,13/09/2024,09:26:01,52065.7,52062.15,45,52067.2,15,15,254445
BANKNIFTY-II.NFO,13/09/2024,09:26:03,52071.05,52071.05,45,52072.2,15,30,254445
BANKNIFTY-II.NFO,13/09/2024,09:26:04,52071.05,52071.05,45,52072.15,15,15,254445
BANKNIFTY-II.NFO,13/09/2024,09:26:06,52074.1,52074.2,120,52083.2,15,15,254445
BANKNIFTY-II.NFO,13/09/2024,09:26:08,52079.55,52074.15,45,52080.1,45,30,254445
BANKNIFTY-II.NFO,13/09/2024,09:26:09,52079.55,52074.15,45,52078.75,15,0,254445
BANKNIFTY-II.NFO,13/09/2024,09:26:11,52079.55,52074.15,60,52078.35,15,0,254445
BANKNIFTY-II.NFO,13/09/2024,09:26:12,52079.55,52074.75,135,52081.2,15,0,254445
BANKNIFTY-II.NFO,13/09/2024,09:26:14,52081.05,52074.75,135,52082.75,15,15,254445
BANKNIFTY-II.NFO,13/09/2024,09:26:16,52080,52077.15,120,52083.65,15,15,254445
BANKNIFTY-II.NFO,13/09/2024,09:26:17,52080,52077.15,135,52084.55,15,0,254445
BANKNIFTY-II.NFO,13/09/2024,09:26:19,52081.05,52080.35,135,52089.55,300,15,254445
BANKNIFTY-II.NFO,13/09/2024,09:26:21,52081.05,52080.3,45,52086.65,45,0,254445
BANKNIFTY-II.NFO,13/09/2024,09:26:22,52085.75,52080.3,45,52084.55,30,30,254445
BANKNIFTY-II.NFO,13/09/2024,09:26:24,52081.05,52071.15,120,52081.05,165,75,254445
BANKNIFTY-II.NFO,13/09/2024,09:26:26,52081.05,52071.1,45,52079.9,15,0,254445
BANKNIFTY-II.NFO,13/09/2024,09:26:27,52081.05,52071.1,45,52078.95,15,0,254445
BANKNIFTY-II.NFO,13/09/2024,09:26:29,52077.4,52071.1,45,52076.65,30,45,254445
BANKNIFTY-II.NFO,13/09/2024,09:26:31,52074.2,52071.1,45,52073.3,15,30,254445
BANKNIFTY-II.NFO,13/09/2024,09:26:32,52074.15,52070.05,45,52073.15,150,180,254445
BANKNIFTY-II.NFO,13/09/2024,09:26:34,52074.15,52070.05,45,52071.85,165,0,254445
BANKNIFTY-II.NFO,13/09/2024,09:26:36,52071.7,52070.05,45,52071.85,105,105,254445
BANKNIFTY-II.NFO,13/09/2024,09:26:37,52071.7,52070.05,45,52077.1,30,0,254445
BANKNIFTY-II.NFO,13/09/2024,09:26:39,52071.7,52070.05,45,52077.05,105,0,254445
BANKNIFTY-II.NFO,13/09/2024,09:26:41,52071.7,52072.2,120,52081.5,300,0,254445
BANKNIFTY-II.NFO,13/09/2024,09:26:42,52076.1,52076.1,60,52084.6,105,15,254445
BANKNIFTY-II.NFO,13/09/2024,09:26:44,52084.6,52076.1,45,52083.95,30,15,254445
BANKNIFTY-II.NFO,13/09/2024,09:26:46,52084.6,52076.1,45,52083.4,90,0,254445
BANKNIFTY-II.NFO,13/09/2024,09:26:47,52081.65,52076.1,45,52082.8,270,30,254445
BANKNIFTY-II.NFO,13/09/2024,09:26:49,52081.65,52076.1,45,52084,15,0,254445
BANKNIFTY-II.NFO,13/09/2024,09:26:51,52081.65,52076.1,45,52082.35,45,0,254445
BANKNIFTY-II.NFO,13/09/2024,09:26:52,52081.65,52076.1,45,52080.55,45,0,254445
BANKNIFTY-II.NFO,13/09/2024,09:26:54,52081.65,52076.1,45,52082.95,105,0,254445
BANKNIFTY-II.NFO,13/09/2024,09:26:56,52081.65,52076.1,45,52080.4,90,0,254445
BANKNIFTY-II.NFO,13/09/2024,09:26:57,52079.9,52076.1,45,52081.5,90,30,254445
BANKNIFTY-II.NFO,13/09/2024,09:26:59,52079.9,52076.1,45,52082.4,105,0,254445
BANKNIFTY-II.NFO,13/09/2024,09:27:01,52076.1,52076.1,45,52077.9,15,60,254445
BANKNIFTY-II.NFO,13/09/2024,09:27:02,52076.1,52076.1,45,52081.6,30,15,254445
BANKNIFTY-II.NFO,13/09/2024,09:27:04,52076.15,52076.15,120,52083.7,285,60,254445
BANKNIFTY-II.NFO,13/09/2024,09:27:06,52076.15,52076.15,135,52085,15,0,254445
BANKNIFTY-II.NFO,13/09/2024,09:27:07,52076.15,52076.15,135,52084.75,15,0,254445
BANKNIFTY-II.NFO,13/09/2024,09:27:09,52076.15,52076.3,135,52085,15,15,254445
BANKNIFTY-II.NFO,13/09/2024,09:27:11,52076.15,52077.15,135,52085,15,0,254445
BANKNIFTY-II.NFO,13/09/2024,09:27:12,52076.15,52077.1,45,52083.95,30,0,254445
BANKNIFTY-II.NFO,13/09/2024,09:27:14,52088.3,52077.15,120,52086.55,30,90,254445
BANKNIFTY-II.NFO,13/09/2024,09:27:16,52088.3,52077.15,120,52087.3,30,0,254445
BANKNIFTY-II.NFO,13/09/2024,09:27:17,52088.3,52077.4,120,52086.75,30,0,254445
BANKNIFTY-II.NFO,13/09/2024,09:27:19,52088.3,52082.1,135,52090,15,0,254445
BANKNIFTY-II.NFO,13/09/2024,09:27:21,52088.3,52086.3,135,52090,15,0,254445
BANKNIFTY-II.NFO,13/09/2024,09:27:22,52086.3,52086.3,135,52090,15,30,254445
BANKNIFTY-II.NFO,13/09/2024,09:27:24,52090,52087.15,120,52091.05,15,15,254445
BANKNIFTY-II.NFO,13/09/2024,09:27:26,52090,52087.1,45,52091.05,15,0,254445
BANKNIFTY-II.NFO,13/09/2024,09:27:29,52090,52090.05,45,52090.25,150,0,254445
BANKNIFTY-II.NFO,13/09/2024,09:27:31,52090,52090.05,45,52091.05,15,0,254445
BANKNIFTY-II.NFO,13/09/2024,09:27:34,52090,52090.1,120,52091.05,15,0,254445
BANKNIFTY-II.NFO,13/09/2024,09:27:36,52090,52090.05,45,52091.05,15,0,254445
BANKNIFTY-II.NFO,13/09/2024,09:27:37,52088.35,52088.35,45,52089.45,150,255,253875
BANKNIFTY-II.NFO,13/09/2024,09:27:39,52080.1,52080.1,45,52083.05,30,60,253875
BANKNIFTY-II.NFO,13/09/2024,09:27:41,52083.05,52080.1,45,52087.05,150,30,253875
BANKNIFTY-II.NFO,13/09/2024,09:27:42,52083.05,52080.1,45,52081.8,165,0,253875
BANKNIFTY-II.NFO,13/09/2024,09:27:44,52076.15,52076.15,135,52086.95,75,60,253875
BANKNIFTY-II.NFO,13/09/2024,09:27:46,52076.15,52076.15,135,52086.9,30,0,253875
BANKNIFTY-II.NFO,13/09/2024,09:27:47,52083.1,52076.1,45,52082.95,75,15,253875
BANKNIFTY-II.NFO,13/09/2024,09:27:49,52083.1,52076.1,45,52080.8,60,0,253875
BANKNIFTY-II.NFO,13/09/2024,09:27:51,52083.1,52076.1,45,52080.55,30,0,253875
BANKNIFTY-II.NFO,13/09/2024,09:27:52,52076.1,52070.05,45,52076.55,150,60,253875
BANKNIFTY-II.NFO,13/09/2024,09:27:54,52075.5,52070.05,45,52077.1,30,15,253875
BANKNIFTY-II.NFO,13/09/2024,09:27:56,52075.5,52070.05,45,52074.7,30,0,253875
BANKNIFTY-II.NFO,13/09/2024,09:27:57,52070,52065.75,45,52069,150,90,253875
BANKNIFTY-II.NFO,13/09/2024,09:27:59,52065.7,52062.15,45,52069.7,150,60,253875
BANKNIFTY-II.NFO,13/09/2024,09:28:01,52065.7,52062.15,45,52067.8,150,0,253875
BANKNIFTY-II.NFO,13/09/2024,09:28:02,52072.35,52064.45,120,52073.5,300,15,253875
BANKNIFTY-II.NFO,13/09/2024,09:28:04,52072.2,52065.55,45,52072,60,45,253875
BANKNIFTY-II.NFO,13/09/2024,09:28:06,52072.2,52067.1,45,52075.2,60,0,253875
BANKNIFTY-II.NFO,13/09/2024,09:28:07,52072.2,52067.1,45,52072.65,30,0,253875
BANKNIFTY-II.NFO,13/09/2024,09:28:09,52067.1,52067.1,45,52072.6,90,15,253875
BANKNIFTY-II.NFO,13/09/2024,09:28:11,52067.1,52067.1,45,52073.9,300,0,253875
BANKNIFTY-II.NFO,13/09/2024,09:28:13,52067.1,52072.2,15,52073.55,90,0,253875
BANKNIFTY-II.NFO,13/09/2024,09:28:14,52067.1,52072.25,45,52074.9,300,0,253875
BANKNIFTY-II.NFO,13/09/2024,09:28:16,52067.1,52072.25,45,52075.45,300,0,253875
BANKNIFTY-II.NFO,13/09/2024,09:28:17,52067.1,52072.25,45,52074.35,90,0,253875
BANKNIFTY-II.NFO,13/09/2024,09:28:19,52067.1,52072.25,45,52074.15,90,0,253875
BANKNIFTY-II.NFO,13/09/2024,09:28:21,52072.2,52067.15,45,52072.35,30,15,253875
BANKNIFTY-II.NFO,13/09/2024,09:28:22,52067.15,52067.15,45,52071.3,60,30,253875
BANKNIFTY-II.NFO,13/09/2024,09:28:24,52067.15,52067.1,15,52071.25,90,30,253875
BANKNIFTY-II.NFO,13/09/2024,09:28:26,52067.15,52067.15,45,52072.4,315,0,253875
BANKNIFTY-II.NFO,13/09/2024,09:28:27,52067.15,52067.15,45,52075.2,300,60,253875
BANKNIFTY-II.NFO,13/09/2024,09:28:29,52067.15,52067.2,120,52077.05,300,0,253875
BANKNIFTY-II.NFO,13/09/2024,09:28:31,52067.15,52068.1,60,52076.55,60,0,253875
BANKNIFTY-II.NFO,13/09/2024,09:28:32,52067.15,52068.1,60,52077.5,120,0,253875
BANKNIFTY-II.NFO,13/09/2024,09:28:34,52079.9,52070.1,60,52079.4,15,15,253875
BANKNIFTY-II.NFO,13/09/2024,09:28:35,52079.9,52070.15,135,52080.55,15,0,253875
BANKNIFTY-II.NFO,13/09/2024,09:28:37,52079.9,52074.1,120,52083.25,300,0,253875
BANKNIFTY-II.NFO,13/09/2024,09:28:39,52079.9,52082.05,60,52091,15,0,253875
BANKNIFTY-II.NFO,13/09/2024,09:28:40,52079.9,52085.1,45,52091.05,15,0,253875
BANKNIFTY-II.NFO,13/09/2024,09:28:42,52085.1,52082.1,45,52091,15,150,253875
BANKNIFTY-II.NFO,13/09/2024,09:28:44,52085.1,52083.1,45,52091.05,15,0,253875
BANKNIFTY-II.NFO,13/09/2024,09:28:45,52085.1,52083.1,60,52091.05,15,0,253875
BANKNIFTY-II.NFO,13/09/2024,09:28:47,52085.1,52084.15,120,52091.05,15,0,253875
BANKNIFTY-II.NFO,13/09/2024,09:28:49,52085.1,52085.1,120,52091.05,15,0,253875
BANKNIFTY-II.NFO,13/09/2024,09:28:50,52085.1,52086.05,60,52091.05,15,0,253875
BANKNIFTY-II.NFO,13/09/2024,09:28:53,52085.1,52086.05,45,52091.05,15,0,253875
BANKNIFTY-II.NFO,13/09/2024,09:28:55,52085.1,52086.05,45,52090.75,15,0,253875
BANKNIFTY-II.NFO,13/09/2024,09:28:57,52085.1,52086.05,45,52091,30,0,253875
BANKNIFTY-II.NFO,13/09/2024,09:28:58,52086.05,52075.1,45,52086,30,45,253875
BANKNIFTY-II.NFO,13/09/2024,09:29:00,52086.05,52076.2,120,52088.1,60,0,253875
BANKNIFTY-II.NFO,13/09/2024,09:29:02,52086.05,52080.05,15,52089.05,15,0,253875
BANKNIFTY-II.NFO,13/09/2024,09:29:03,52086.05,52082.15,135,52091.05,15,0,253875
BANKNIFTY-II.NFO,13/09/2024,09:29:05,52086.05,52083.05,120,52091.05,15,0,253875
BANKNIFTY-II.NFO,13/09/2024,09:29:06,52086.05,52084.15,135,52091.05,15,0,253875
BANKNIFTY-II.NFO,13/09/2024,09:29:08,52086.05,52084.1,45,52090.95,15,0,253875
BANKNIFTY-II.NFO,13/09/2024,09:29:10,52086.05,52084.1,45,52091,45,0,253875
BANKNIFTY-II.NFO,13/09/2024,09:29:11,52086.05,52084.1,45,52091,15,0,253875
BANKNIFTY-II.NFO,13/09/2024,09:29:13,52086.05,52084.1,45,52090.45,45,0,253875
BANKNIFTY-II.NFO,13/09/2024,09:29:15,52086.05,52086.1,45,52091,30,0,253875
BANKNIFTY-II.NFO,13/09/2024,09:29:16,52086.05,52086.1,45,52089,15,0,253875
BANKNIFTY-II.NFO,13/09/2024,09:29:18,52086.05,52075.05,45,52082.85,45,90,253875
BANKNIFTY-II.NFO,13/09/2024,09:29:20,52086.05,52075.05,45,52081.55,60,0,253875
BANKNIFTY-II.NFO,13/09/2024,09:29:21,52086.05,52075.05,45,52080.05,30,0,253875
BANKNIFTY-II.NFO,13/09/2024,09:29:23,52079.05,52075.05,45,52080.2,150,120,253875
BANKNIFTY-II.NFO,13/09/2024,09:29:24,52079.05,52075.05,45,52080.2,150,0,253875
BANKNIFTY-II.NFO,13/09/2024,09:29:26,52079.05,52075.05,45,52078.95,165,0,253875
BANKNIFTY-II.NFO,13/09/2024,09:29:28,52079.05,52075.05,45,52080.9,90,0,253875
BANKNIFTY-II.NFO,13/09/2024,09:29:29,52079.05,52075.05,45,52078.85,105,0,253875
BANKNIFTY-II.NFO,13/09/2024,09:29:31,52079.05,52075.05,45,52078.45,150,15,253875
BANKNIFTY-II.NFO,13/09/2024,09:29:32,52075.05,52067.15,45,52074.3,105,45,253875
BANKNIFTY-II.NFO,13/09/2024,09:29:34,52075.05,52067.15,45,52072.55,180,0,253875
BANKNIFTY-II.NFO,13/09/2024,09:29:36,52075.05,52067.15,45,52070.25,105,0,253875
BANKNIFTY-II.NFO,13/09/2024,09:29:37,52062.15,52062.15,45,52065.7,60,105,253875
BANKNIFTY-II.NFO,13/09/2024,09:29:39,52062.15,52062.15,45,52067.65,90,30,253875
BANKNIFTY-II.NFO,13/09/2024,09:29:41,52065.7,52062.15,45,52067,75,15,253875
BANKNIFTY-II.NFO,13/09/2024,09:29:42,52065.7,52062.15,45,52065.6,75,0,253875
BANKNIFTY-II.NFO,13/09/2024,09:29:44,52062.15,52062.15,45,52069.6,75,30,253875
BANKNIFTY-II.NFO,13/09/2024,09:29:46,52062.15,52062.15,165,52070.45,300,0,253875
BANKNIFTY-II.NFO,13/09/2024,09:29:47,52062.15,52062.2,135,52070.5,300,0,253875
BANKNIFTY-II.NFO,13/09/2024,09:29:49,52062.15,52064.15,120,52072.9,300,0,253875
BANKNIFTY-II.NFO,13/09/2024,09:29:51,52062.15,52070.1,45,52078.65,15,0,253875
BANKNIFTY-II.NFO,13/09/2024,09:29:52,52062.15,52070.1,45,52076.75,75,0,253875
BANKNIFTY-II.NFO,13/09/2024,09:29:54,52062.15,52070.1,45,52074.75,90,0,253875
BANKNIFTY-II.NFO,13/09/2024,09:29:56,52062.15,52070.1,45,52072.75,75,0,253875
BANKNIFTY-II.NFO,13/09/2024,09:29:57,52062.15,52070.1,45,52072.35,60,0,253875
BANKNIFTY-II.NFO,13/09/2024,09:29:59,52070.1,52065.05,45,52070.15,75,45,253875
BANKNIFTY-II.NFO,13/09/2024,09:30:01,52065,52065,45,52066.7,75,240,253875
BANKNIFTY-II.NFO,13/09/2024,09:30:02,52065,52062.1,45,52069.3,30,45,253875
BANKNIFTY-II.NFO,13/09/2024,09:30:04,52065,52062.15,45,52069.05,30,0,253875
BANKNIFTY-II.NFO,13/09/2024,09:30:06,52065,52066.1,135,52073.35,300,0,253875
BANKNIFTY-II.NFO,13/09/2024,09:30:07,52076.7,52070.05,45,52076.1,75,45,253875
BANKNIFTY-II.NFO,13/09/2024,09:30:09,52076.7,52062.15,60,52071.2,30,0,253875
BANKNIFTY-II.NFO,13/09/2024,09:30:11,52076.7,52062.15,45,52065,30,0,253875
BANKNIFTY-II.NFO,13/09/2024,09:30:12,52065,52064.15,120,52075.05,30,30,253875
BANKNIFTY-II.NFO,13/09/2024,09:30:14,52065,52064.1,45,52071,30,0,253875
BANKNIFTY-II.NFO,13/09/2024,09:30:16,52065,52064.1,60,52071.9,30,0,253875
BANKNIFTY-II.NFO,13/09/2024,09:30:17,52065,52064.1,45,52069.7,30,0,253875
BANKNIFTY-II.NFO,13/09/2024,09:30:19,52065,52064.1,45,52066.85,30,0,253875
BANKNIFTY-II.NFO,13/09/2024,09:30:20,52065,52064.1,45,52067.75,30,0,253875
BANKNIFTY-II.NFO,13/09/2024,09:30:22,52060,52052.05,45,52053.5,30,285,253875
BANKNIFTY-II.NFO,13/09/2024,09:30:24,52052.05,52052.05,45,52054,60,45,253875
BANKNIFTY-II.NFO,13/09/2024,09:30:25,52052.05,52052.05,45,52052.15,60,0,253875
BANKNIFTY-II.NFO,13/09/2024,09:30:27,52051,52051.05,45,52055.9,150,600,253875
BANKNIFTY-II.NFO,13/09/2024,09:30:29,52051,52051.05,45,52058.6,150,0,253875
BANKNIFTY-II.NFO,13/09/2024,09:30:30,52051,52051.05,45,52057.8,150,0,253875
BANKNIFTY-II.NFO,13/09/2024,09:30:32,52051,52051.05,45,52057.85,150,0,253875
BANKNIFTY-II.NFO,13/09/2024,09:30:34,52051,52051.05,45,52059.15,30,0,253875
BANKNIFTY-II.NFO,13/09/2024,09:30:35,52051,52051.05,45,52058.1,150,0,253875
BANKNIFTY-II.NFO,13/09/2024,09:30:37,52051,52053,120,52056.65,300,0,253875
BANKNIFTY-II.NFO,13/09/2024,09:30:38,52053,52053,105,52057.15,300,15,252720
BANKNIFTY-II.NFO,13/09/2024,09:30:40,52053,52053.05,45,52056.55,150,0,252720
BANKNIFTY-II.NFO,13/09/2024,09:30:42,52054.25,52053,60,52054.8,30,105,252720
BANKNIFTY-II.NFO,13/09/2024,09:30:43,52054.25,52053.05,45,52059.6,150,0,252720
BANKNIFTY-II.NFO,13/09/2024,09:30:45,52054.25,52058.1,60,52064.95,300,0,252720
BANKNIFTY-II.NFO,13/09/2024,09:30:47,52053.05,52053.05,45,52058.95,300,45,252720
BANKNIFTY-II.NFO,13/09/2024,09:30:48,52053.05,52053.25,45,52060.3,300,0,252720
BANKNIFTY-II.NFO,13/09/2024,09:30:50,52053.05,52058.05,45,52060.3,300,0,252720
BANKNIFTY-II.NFO,13/09/2024,09:30:52,52051,52050,225,52051.55,45,330,252720
BANKNIFTY-II.NFO,13/09/2024,09:30:53,52050,52050,75,52051.95,150,150,252720
BANKNIFTY-II.NFO,13/09/2024,09:30:55,52048,52045.05,45,52047.4,30,90,252720
BANKNIFTY-II.NFO,13/09/2024,09:30:57,52043,52041,75,52042.85,150,105,252720
BANKNIFTY-II.NFO,13/09/2024,09:30:58,52043,52042.2,60,52048,30,0,252720
BANKNIFTY-II.NFO,13/09/2024,09:31:00,52043,52041,75,52044.3,150,0,252720
BANKNIFTY-II.NFO,13/09/2024,09:31:02,52043,52043.05,165,52048,30,0,252720
BANKNIFTY-II.NFO,13/09/2024,09:31:03,52040,52043.15,45,52048,30,510,252720
BANKNIFTY-II.NFO,13/09/2024,09:31:03,52040,52043.15,45,52048,30,0,252720
BANKNIFTY-II.NFO,13/09/2024,09:31:05,52040,52045.1,165,52048,30,0,252720
BANKNIFTY-II.NFO,13/09/2024,09:31:07,52048,52045.1,45,52048,15,15,252720
BANKNIFTY-II.NFO,13/09/2024,09:31:08,52053.9,52045.15,120,52055.3,120,30,252720
BANKNIFTY-II.NFO,13/09/2024,09:31:10,52053.9,52045.25,45,52053.75,105,0,252720
BANKNIFTY-II.NFO,13/09/2024,09:31:11,52053.9,52045.25,45,52051.5,105,0,252720
BANKNIFTY-II.NFO,13/09/2024,09:31:13,52042,52040.05,45,52044.45,120,75,252720
BANKNIFTY-II.NFO,13/09/2024,09:31:15,52042,52040.05,45,52043.1,105,0,252720
BANKNIFTY-II.NFO,13/09/2024,09:31:16,52040,52030.1,45,52037.9,105,60,252720
BANKNIFTY-II.NFO,13/09/2024,09:31:18,52040,52030.1,45,52037.95,45,0,252720
BANKNIFTY-II.NFO,13/09/2024,09:31:20,52030,52030,15,52035.8,120,75,252720
BANKNIFTY-II.NFO,13/09/2024,09:31:20,52030,52030,15,52035.8,120,0,252720
BANKNIFTY-II.NFO,13/09/2024,09:31:21,52030,52030,15,52030.1,15,0,252720
BANKNIFTY-II.NFO,13/09/2024,09:31:23,52030.1,52030,15,52033.7,300,15,252720
BANKNIFTY-II.NFO,13/09/2024,09:31:25,52030,52025.3,30,52029.85,300,15,252720
BANKNIFTY-II.NFO,13/09/2024,09:31:26,52030,52025.3,15,52029.95,105,60,252720
BANKNIFTY-II.NFO,13/09/2024,09:31:26,52025.3,52025.3,15,52029.95,105,0,252720
BANKNIFTY-II.NFO,13/09/2024,09:31:28,52030,52025.3,15,52030,60,0,252720
BANKNIFTY-II.NFO,13/09/2024,09:31:30,52030,52025.3,15,52029.8,300,75,252720
BANKNIFTY-II.NFO,13/09/2024,09:31:31,52030,52025.35,45,52029.95,300,0,252720
BANKNIFTY-II.NFO,13/09/2024,09:31:33,52030,52025.35,45,52029.7,300,0,252720
BANKNIFTY-II.NFO,13/09/2024,09:31:35,52030,52025.3,15,52029.3,135,0,252720
BANKNIFTY-II.NFO,13/09/2024,09:31:36,52027.3,52025.3,15,52029.65,60,30,252720
BANKNIFTY-II.NFO,13/09/2024,09:31:38,52027.3,52025.3,15,52029.65,60,0,252720
BANKNIFTY-II.NFO,13/09/2024,09:31:40,52027.3,52025.3,15,52029.7,15,0,252720
BANKNIFTY-II.NFO,13/09/2024,09:31:41,52027.3,52025.3,15,52029.7,60,0,252720
BANKNIFTY-II.NFO,13/09/2024,09:31:43,52025.3,52025.05,45,52030,45,15,252720
BANKNIFTY-II.NFO,13/09/2024,09:31:45,52025.05,52025,90,52029.7,300,15,252720
BANKNIFTY-II.NFO,13/09/2024,09:31:45,52025.05,52025,90,52029.7,300,0,252720
BANKNIFTY-II.NFO,13/09/2024,09:31:46,52025.05,52025,30,52029.7,300,0,252720
BANKNIFTY-II.NFO,13/09/2024,09:31:48,52025.05,52025.05,45,52029.6,60,0,252720
BANKNIFTY-II.NFO,13/09/2024,09:31:49,52025.05,52025,30,52029.7,30,90,252720
BANKNIFTY-II.NFO,13/09/2024,09:31:51,52025.05,52025,45,52029.7,45,0,252720
BANKNIFTY-II.NFO,13/09/2024,09:31:53,52025.05,52025,45,52027.8,45,0,252720
BANKNIFTY-II.NFO,13/09/2024,09:31:54,52025.05,52025,45,52028,60,0,252720
BANKNIFTY-II.NFO,13/09/2024,09:31:56,52025,52024,15,52025.15,30,45,252720
BANKNIFTY-II.NFO,13/09/2024,09:31:56,52025,52024,15,52025.15,30,0,252720
BANKNIFTY-II.NFO,13/09/2024,09:31:58,52024,52020,45,52023.8,30,15,252720
BANKNIFTY-II.NFO,13/09/2024,09:31:58,52024,52020,45,52023.8,30,0,252720
BANKNIFTY-II.NFO,13/09/2024,09:31:59,52024.95,52023.25,15,52025,15,15,252720
BANKNIFTY-II.NFO,13/09/2024,09:32:01,52024.95,52023.3,60,52025,15,0,252720
BANKNIFTY-II.NFO,13/09/2024,09:32:03,52024.95,52023.25,15,52025,15,15,252720
BANKNIFTY-II.NFO,13/09/2024,09:32:04,52024.95,52023.25,15,52025,15,0,252720
BANKNIFTY-II.NFO,13/09/2024,09:32:06,52025,52022.4,45,52025,30,15,252720
BANKNIFTY-II.NFO,13/09/2024,09:32:08,52025,52025,105,52025.5,300,30,252720
BANKNIFTY-II.NFO,13/09/2024,09:32:09,52025.7,52025,90,52025.85,300,60,252720
BANKNIFTY-II.NFO,13/09/2024,09:32:11,52025.7,52025,90,52025.65,15,0,252720
BANKNIFTY-II.NFO,13/09/2024,09:32:13,52025.85,52025,90,52027.3,30,300,252720
BANKNIFTY-II.NFO,13/09/2024,09:32:14,52025.85,52025,90,52026.3,150,0,252720
BANKNIFTY-II.NFO,13/09/2024,09:32:16,52024.95,52024.95,90,52026.6,150,150,252720
BANKNIFTY-II.NFO,13/09/2024,09:32:18,52024.95,52024.95,15,52025.8,165,75,252720
BANKNIFTY-II.NFO,13/09/2024,09:32:19,52020,52013.85,120,52021.95,15,135,252720
BANKNIFTY-II.NFO,13/09/2024,09:32:19,52020,52013.85,120,52021.95,15,0,252720
BANKNIFTY-II.NFO,13/09/2024,09:32:21,52020,52014.75,135,52025.65,180,0,252720
BANKNIFTY-II.NFO,13/09/2024,09:32:23,52021.45,52014.7,45,52020.55,150,60,252720
BANKNIFTY-II.NFO,13/09/2024,09:32:24,52014.7,52020,15,52025.05,150,30,252720
BANKNIFTY-II.NFO,13/09/2024,09:32:24,52014.7,52020,15,52025.05,150,0,252720
BANKNIFTY-II.NFO,13/09/2024,09:32:26,52020,52010.8,135,52019.95,15,15,252720
BANKNIFTY-II.NFO,13/09/2024,09:32:28,52020.35,52013.6,165,52021.95,15,75,252720
BANKNIFTY-II.NFO,13/09/2024,09:32:29,52020.35,52016.65,135,52022.5,300,0,252720
BANKNIFTY-II.NFO,13/09/2024,09:32:31,52020.35,52016.65,135,52022.4,300,0,252720
BANKNIFTY-II.NFO,13/09/2024,09:32:33,52020.35,52016.6,45,52020.4,300,0,252720
BANKNIFTY-II.NFO,13/09/2024,09:32:34,52020.35,52013.6,165,52020.4,300,0,252720
BANKNIFTY-II.NFO,13/09/2024,09:32:38,52020.35,52013.6,45,52019.95,15,0,252720
BANKNIFTY-II.NFO,13/09/2024,09:32:39,52010.05,52010.1,120,52020.4,330,15,252720
BANKNIFTY-II.NFO,13/09/2024,09:32:39,52010.05,52010.1,120,52020.4,330,0,252720
BANKNIFTY-II.NFO,13/09/2024,09:32:41,52010.05,52013.3,45,52020.4,300,0,252720
BANKNIFTY-II.NFO,13/09/2024,09:32:43,52010.05,52013.3,45,52019.25,180,0,252720
BANKNIFTY-II.NFO,13/09/2024,09:32:44,52010.05,52010.05,45,52016.5,30,0,252720
BANKNIFTY-II.NFO,13/09/2024,09:32:46,52010,52005,15,52007.1,165,15,252720
BANKNIFTY-II.NFO,13/09/2024,09:32:46,52010,52005,15,52007.1,165,0,252720
BANKNIFTY-II.NFO,13/09/2024,09:32:48,52005,52000.05,45,52005.25,150,30,252720
BANKNIFTY-II.NFO,13/09/2024,09:32:48,52005,52000.05,45,52005.25,150,0,252720
BANKNIFTY-II.NFO,13/09/2024,09:32:49,52005,52000.45,135,52010.05,15,0,252720
BANKNIFTY-II.NFO,13/09/2024,09:32:51,52005,52001.1,45,52006.4,195,0,252720
BANKNIFTY-II.NFO,13/09/2024,09:32:53,52002.25,52000,285,52002.6,150,30,252720
BANKNIFTY-II.NFO,13/09/2024,09:32:53,52001.75,52000,285,52002.6,150,0,252720
BANKNIFTY-II.NFO,13/09/2024,09:32:54,52000,51989.95,120,51999.05,150,285,252720
BANKNIFTY-II.NFO,13/09/2024,09:32:54,52000,51989.95,120,51999.05,150,0,252720
BANKNIFTY-II.NFO,13/09/2024,09:32:56,52000,51989.9,45,51995.95,165,0,252720
BANKNIFTY-II.NFO,13/09/2024,09:32:58,52000,51989.95,135,51997.15,300,0,252720
BANKNIFTY-II.NFO,13/09/2024,09:32:59,51994,51994.15,120,52000,15,15,252720
BANKNIFTY-II.NFO,13/09/2024,09:32:59,51994,51994.15,120,52000,15,0,252720
BANKNIFTY-II.NFO,13/09/2024,09:33:01,52001.75,51999.95,120,52006.45,300,30,252720
BANKNIFTY-II.NFO,13/09/2024,09:33:03,52001.75,52000.4,45,52006.2,300,0,252720
BANKNIFTY-II.NFO,13/09/2024,09:33:04,52010.05,52006.8,120,52014.2,300,15,252720
BANKNIFTY-II.NFO,13/09/2024,09:33:06,52010.05,52007.1,120,52018.75,15,0,252720
BANKNIFTY-II.NFO,13/09/2024,09:33:08,52010.05,52009.25,45,52013.05,300,0,252720
BANKNIFTY-II.NFO,13/09/2024,09:33:09,52010.05,52009.3,120,52019.7,300,0,252720
BANKNIFTY-II.NFO,13/09/2024,09:33:11,52010.05,52013.95,45,52021.1,300,0,252720
BANKNIFTY-II.NFO,13/09/2024,09:33:13,52010.05,52013.95,45,52021.9,300,0,252720
BANKNIFTY-II.NFO,13/09/2024,09:33:14,52010.05,52013.95,45,52017.1,15,0,252720
BANKNIFTY-II.NFO,13/09/2024,09:33:16,52010.05,52013.95,45,52019.5,15,0,252720
BANKNIFTY-II.NFO,13/09/2024,09:33:18,52013.95,52013.95,45,52019,15,15,252720
BANKNIFTY-II.NFO,13/09/2024,09:33:19,52013.95,52011.9,60,52019.35,15,0,252720
BANKNIFTY-II.NFO,13/09/2024,09:33:21,52013.95,52016.35,30,52023.4,300,0,252720
BANKNIFTY-II.NFO,13/09/2024,09:33:23,52013.95,52016.3,60,52024.55,300,0,252720
BANKNIFTY-II.NFO,13/09/2024,09:33:24,52025,52024.7,60,52034.1,15,30,252720
BANKNIFTY-II.NFO,13/09/2024,09:33:26,52025,52024.7,45,52030.65,15,0,252720
BANKNIFTY-II.NFO,13/09/2024,09:33:28,52025,52024.7,45,52030.7,330,0,252720
BANKNIFTY-II.NFO,13/09/2024,09:33:29,52030.9,52024.7,45,52035,210,105,252720
BANKNIFTY-II.NFO,13/09/2024,09:33:31,52035,52024.85,45,52035.15,165,30,252720
BANKNIFTY-II.NFO,13/09/2024,09:33:33,52035,52028.75,45,52035.85,135,165,252720
BANKNIFTY-II.NFO,13/09/2024,09:33:34,52035,52028.75,45,52037.15,150,0,252720
BANKNIFTY-II.NFO,13/09/2024,09:33:36,52035,52029.5,60,52039.95,15,0,252720
BANKNIFTY-II.NFO,13/09/2024,09:33:38,52035,52033.4,60,52043.75,150,0,252720
BANKNIFTY-II.NFO,13/09/2024,09:33:39,52035,52033.4,45,52042.65,165,0,252720
BANKNIFTY-II.NFO,13/09/2024,09:33:41,52035,52033.4,45,52041.95,15,0,252720
BANKNIFTY-II.NFO,13/09/2024,09:33:43,52035,52036.9,60,52046.3,150,0,252720
BANKNIFTY-II.NFO,13/09/2024,09:33:44,52035,52036.9,60,52046.1,150,0,252720
BANKNIFTY-II.NFO,13/09/2024,09:33:46,52045.5,52042.15,45,52046.05,150,60,253170
BANKNIFTY-II.NFO,13/09/2024,09:33:48,52048.9,52042.15,45,52048.95,150,105,253170
BANKNIFTY-II.NFO,13/09/2024,09:33:49,52048.9,52042.15,60,52050,90,0,253170
BANKNIFTY-II.NFO,13/09/2024,09:33:51,52048.9,52043.5,60,52050,90,0,253170
BANKNIFTY-II.NFO,13/09/2024,09:33:53,52046.65,52046.65,60,52057.25,150,135,253170
BANKNIFTY-II.NFO,13/09/2024,09:33:54,52047.55,52049.2,45,52060,300,60,253170
BANKNIFTY-II.NFO,13/09/2024,09:33:56,52047.55,52049.2,45,52056.75,75,0,253170
BANKNIFTY-II.NFO,13/09/2024,09:33:58,52047.55,52049.2,45,52053.55,150,0,253170
BANKNIFTY-II.NFO,13/09/2024,09:33:59,52049.2,52048.95,45,52049.45,105,45,253170
BANKNIFTY-II.NFO,13/09/2024,09:34:01,52048.9,52045.05,45,52047.4,45,60,253170
BANKNIFTY-II.NFO,13/09/2024,09:34:03,52045,52045,45,52045.9,75,45,253170
BANKNIFTY-II.NFO,13/09/2024,09:34:04,52045,52045.05,45,52047.5,75,0,253170
BANKNIFTY-II.NFO,13/09/2024,09:34:06,52045,52042.15,45,52044.05,75,45,253170
BANKNIFTY-II.NFO,13/09/2024,09:34:08,52045,52047.35,60,52055.15,150,0,253170
BANKNIFTY-II.NFO,13/09/2024,09:34:09,52045,52051.15,45,52060.8,150,0,253170
BANKNIFTY-II.NFO,13/09/2024,09:34:11,52058.9,52052.7,45,52061,60,15,253170
BANKNIFTY-II.NFO,13/09/2024,09:34:13,52058.9,52052.7,45,52059.95,90,0,253170
BANKNIFTY-II.NFO,13/09/2024,09:34:14,52058.9,52052.7,45,52059.15,60,0,253170
BANKNIFTY-II.NFO,13/09/2024,09:34:16,52058.9,52056.65,135,52067.35,150,0,253170
BANKNIFTY-II.NFO,13/09/2024,09:34:18,52058.9,52058.85,120,52069.8,300,0,253170
BANKNIFTY-II.NFO,13/09/2024,09:34:19,52058.9,52061.45,45,52064.85,150,0,253170
BANKNIFTY-II.NFO,13/09/2024,09:34:21,52061.45,52050.55,195,52061.85,150,45,253170
BANKNIFTY-II.NFO,13/09/2024,09:34:23,52061.45,52060.05,45,52064.45,75,0,253170
BANKNIFTY-II.NFO,13/09/2024,09:34:24,52060,52052.15,120,52061.05,165,60,253170
BANKNIFTY-II.NFO,13/09/2024,09:34:26,52059.85,52052.1,45,52060.35,150,15,253170
BANKNIFTY-II.NFO,13/09/2024,09:34:28,52059.85,52060.6,60,52068.4,150,0,253170
BANKNIFTY-II.NFO,13/09/2024,09:34:29,52060.6,52060.6,45,52068.7,30,15,253170
BANKNIFTY-II.NFO,13/09/2024,09:34:31,52060.6,52060.6,60,52068.4,150,0,253170
BANKNIFTY-II.NFO,13/09/2024,09:34:33,52067.55,52060.6,45,52065.1,150,15,253170
BANKNIFTY-II.NFO,13/09/2024,09:34:34,52067.55,52060.6,45,52068.4,75,0,253170
BANKNIFTY-II.NFO,13/09/2024,09:34:36,52061,52060.75,45,52065,150,15,253170
BANKNIFTY-II.NFO,13/09/2024,09:34:38,52061,52061.2,120,52071.3,150,0,253170
BANKNIFTY-II.NFO,13/09/2024,09:34:39,52072.2,52063.65,120,52071.6,150,15,253170
BANKNIFTY-II.NFO,13/09/2024,09:34:41,52072.05,52067.25,45,52071.4,150,30,253170
BANKNIFTY-II.NFO,13/09/2024,09:34:43,52071.4,52067.55,45,52070.4,150,15,253170
BANKNIFTY-II.NFO,13/09/2024,09:34:44,52071.4,52067.55,45,52071.15,150,0,253170
BANKNIFTY-II.NFO,13/09/2024,09:34:46,52068.15,52067.55,45,52070.85,150,15,253170
BANKNIFTY-II.NFO,13/09/2024,09:34:48,52067.55,52056.35,120,52067.4,150,45,253170
BANKNIFTY-II.NFO,13/09/2024,09:34:49,52067.55,52058.2,45,52066.15,150,0,253170
BANKNIFTY-II.NFO,13/09/2024,09:34:51,52067.55,52059.35,45,52067.65,165,0,253170
BANKNIFTY-II.NFO,13/09/2024,09:34:53,52067.55,52059.35,45,52066.75,150,0,253170
BANKNIFTY-II.NFO,13/09/2024,09:34:54,52064.75,52059.35,45,52065.3,135,30,253170
BANKNIFTY-II.NFO,13/09/2024,09:34:56,52065.3,52061.8,45,52070.95,150,15,253170
BANKNIFTY-II.NFO,13/09/2024,09:34:58,52065.3,52063.65,45,52072.5,150,0,253170
BANKNIFTY-II.NFO,13/09/2024,09:34:59,52065.3,52063.85,60,52070,75,0,253170
BANKNIFTY-II.NFO,13/09/2024,09:35:01,52074.35,52073.55,45,52081.5,300,90,253170
BANKNIFTY-II.NFO,13/09/2024,09:35:03,52073.55,52073.6,135,52080.9,300,15,253170
BANKNIFTY-II.NFO,13/09/2024,09:35:04,52092.75,52084.45,60,52091.95,150,30,253170
BANKNIFTY-II.NFO,13/09/2024,09:35:06,52099.95,52096.15,180,52099.95,60,45,253170
BANKNIFTY-II.NFO,13/09/2024,09:35:08,52100,52104.6,45,52110,15,390,253170
BANKNIFTY-II.NFO,13/09/2024,09:35:09,52109.85,52104.6,45,52107.9,150,15,253170
BANKNIFTY-II.NFO,13/09/2024,09:35:11,52109.85,52096.25,45,52103.45,150,0,253170
BANKNIFTY-II.NFO,13/09/2024,09:35:13,52109.85,52101.4,45,52110,15,0,253170
BANKNIFTY-II.NFO,13/09/2024,09:35:14,52109.85,52106.15,45,52110,15,0,253170
BANKNIFTY-II.NFO,13/09/2024,09:35:16,52111,52107.95,45,52112.9,300,30,253170
BANKNIFTY-II.NFO,13/09/2024,09:35:18,52115.35,52107.95,45,52114.8,150,105,253170
BANKNIFTY-II.NFO,13/09/2024,09:35:19,52115.35,52107.95,45,52109.45,75,0,253170
BANKNIFTY-II.NFO,13/09/2024,09:35:21,52107.9,52100.05,45,52107.35,105,135,253170
BANKNIFTY-II.NFO,13/09/2024,09:35:23,52107.9,52100.05,45,52103.85,105,0,253170
BANKNIFTY-II.NFO,13/09/2024,09:35:24,52100,52092.1,45,52101.05,150,165,253170
BANKNIFTY-II.NFO,13/09/2024,09:35:26,52093.05,52093.05,45,52100.15,75,15,253170
BANKNIFTY-II.NFO,13/09/2024,09:35:28,52098.45,52093.05,45,52095.65,120,15,253170
BANKNIFTY-II.NFO,13/09/2024,09:35:29,52098.45,52093.05,45,52099.25,105,0,253170
BANKNIFTY-II.NFO,13/09/2024,09:35:31,52098.55,52093.05,45,52097.9,150,15,253170
BANKNIFTY-II.NFO,13/09/2024,09:35:33,52102.05,52097.55,45,52106.25,105,15,253170
BANKNIFTY-II.NFO,13/09/2024,09:35:34,52098.8,52102.1,45,52107,15,75,253170
BANKNIFTY-II.NFO,13/09/2024,09:35:36,52098.8,52102.25,45,52107,15,0,253170
BANKNIFTY-II.NFO,13/09/2024,09:35:38,52107,52106.5,45,52110,15,15,253170
BANKNIFTY-II.NFO,13/09/2024,09:35:39,52106.5,52106.45,45,52109.1,75,30,253170
BANKNIFTY-II.NFO,13/09/2024,09:35:41,52106.5,52098.15,30,52107.55,180,0,253170
BANKNIFTY-II.NFO,13/09/2024,09:35:43,52106.5,52104.05,45,52110,15,0,253170
BANKNIFTY-II.NFO,13/09/2024,09:35:44,52106.5,52104.05,45,52108.45,90,0,253170
BANKNIFTY-II.NFO,13/09/2024,09:35:46,52109,52104.05,45,52109.35,135,165,253170
BANKNIFTY-II.NFO,13/09/2024,09:35:48,52104.05,52104.05,45,52108,105,30,253170
BANKNIFTY-II.NFO,13/09/2024,09:35:49,52104.05,52095.45,45,52104.35,120,0,253170
BANKNIFTY-II.NFO,13/09/2024,09:35:51,52104.05,52096.5,45,52105.65,330,0,253170
BANKNIFTY-II.NFO,13/09/2024,09:35:53,52104.05,52100.05,45,52106.4,60,0,253170
BANKNIFTY-II.NFO,13/09/2024,09:35:54,52104.05,52100.05,45,52105,15,0,253170
BANKNIFTY-II.NFO,13/09/2024,09:35:56,52105,52102.5,120,52111.45,300,30,253170
BANKNIFTY-II.NFO,13/09/2024,09:35:58,52105,52103.1,45,52111.5,300,0,253170
BANKNIFTY-II.NFO,13/09/2024,09:35:59,52105,52103.15,30,52112.7,150,0,253170
BANKNIFTY-II.NFO,13/09/2024,09:36:01,52113.95,52112.2,45,52118.9,150,15,253170
BANKNIFTY-II.NFO,13/09/2024,09:36:03,52112.2,52112.35,45,52119.9,15,120,253170
BANKNIFTY-II.NFO,13/09/2024,09:36:04,52112.2,52115,45,52119.9,15,0,253170
BANKNIFTY-II.NFO,13/09/2024,09:36:06,52112.2,52115,45,52115.9,150,0,253170
BANKNIFTY-II.NFO,13/09/2024,09:36:08,52112.2,52116.15,45,52119.3,150,0,253170
BANKNIFTY-II.NFO,13/09/2024,09:36:09,52116.15,52116.15,45,52119.9,15,30,253170
BANKNIFTY-II.NFO,13/09/2024,09:36:11,52116.15,52116.15,45,52118.6,150,0,253170
BANKNIFTY-II.NFO,13/09/2024,09:36:13,52116.15,52116.15,45,52118.5,150,15,253170
BANKNIFTY-II.NFO,13/09/2024,09:36:14,52116.15,52116.15,45,52119.85,15,30,253170
BANKNIFTY-II.NFO,13/09/2024,09:36:16,52116.15,52116.3,45,52119.9,15,0,253170
BANKNIFTY-II.NFO,13/09/2024,09:36:19,52116,52115.4,120,52119.9,15,105,253170
BANKNIFTY-II.NFO,13/09/2024,09:36:21,52116,52115.55,45,52118,150,0,253170
BANKNIFTY-II.NFO,13/09/2024,09:36:23,52112.45,52112.65,45,52116,15,60,253170
BANKNIFTY-II.NFO,13/09/2024,09:36:24,52112.65,52112.65,45,52114.35,150,15,253170
BANKNIFTY-II.NFO,13/09/2024,09:36:26,52112,52106.1,45,52112.15,150,60,253170
BANKNIFTY-II.NFO,13/09/2024,09:36:28,52112.2,52106.1,45,52109.85,165,30,253170
BANKNIFTY-II.NFO,13/09/2024,09:36:29,52112.2,52106.1,45,52106.4,165,0,253170
BANKNIFTY-II.NFO,13/09/2024,09:36:31,52104,52100.05,45,52104.7,135,210,253170
BANKNIFTY-II.NFO,13/09/2024,09:36:32,52104,52100,15,52101,60,0,253170
BANKNIFTY-II.NFO,13/09/2024,09:36:34,52100.05,52100.05,45,52102.25,60,15,253170
BANKNIFTY-II.NFO,13/09/2024,09:36:36,52100.05,52101.05,45,52104.5,30,0,253170
BANKNIFTY-II.NFO,13/09/2024,09:36:37,52101,52100,15,52100.85,45,195,252285
BANKNIFTY-II.NFO,13/09/2024,09:36:39,52098.8,52098.8,375,52101.65,135,75,252285
BANKNIFTY-II.NFO,13/09/2024,09:36:41,52100.05,52098.8,375,52100,15,15,252285
BANKNIFTY-II.NFO,13/09/2024,09:36:42,52100.05,52098.8,375,52100,15,0,252285
BANKNIFTY-II.NFO,13/09/2024,09:36:44,52100,52099.8,120,52107.3,135,15,252285
BANKNIFTY-II.NFO,13/09/2024,09:36:46,52100,52099.75,45,52105.6,150,0,252285
BANKNIFTY-II.NFO,13/09/2024,09:36:47,52105.6,52099.75,45,52107.25,300,15,252285
BANKNIFTY-II.NFO,13/09/2024,09:36:49,52105.6,52099.75,45,52106,135,0,252285
BANKNIFTY-II.NFO,13/09/2024,09:36:51,52105.6,52099.75,45,52104.7,135,0,252285
BANKNIFTY-II.NFO,13/09/2024,09:36:52,52105.6,52099.75,45,52106.2,120,0,252285
BANKNIFTY-II.NFO,13/09/2024,09:36:54,52100,52100,120,52109.6,120,30,252285
BANKNIFTY-II.NFO,13/09/2024,09:36:56,52100.8,52106.15,120,52115.95,90,15,252285
BANKNIFTY-II.NFO,13/09/2024,09:36:57,52100.8,52108.35,45,52115.65,90,0,252285
BANKNIFTY-II.NFO,13/09/2024,09:36:59,52100.8,52109.3,135,52118,150,0,252285
BANKNIFTY-II.NFO,13/09/2024,09:37:01,52100.8,52110.1,120,52118,150,0,252285
BANKNIFTY-II.NFO,13/09/2024,09:37:02,52118,52110.25,45,52117.95,45,15,252285
BANKNIFTY-II.NFO,13/09/2024,09:37:04,52117.35,52110.25,45,52116.05,120,15,252285
BANKNIFTY-II.NFO,13/09/2024,09:37:06,52117.35,52110.25,45,52114.05,135,0,252285
BANKNIFTY-II.NFO,13/09/2024,09:37:07,52117.35,52110.25,45,52115.2,120,0,252285
BANKNIFTY-II.NFO,13/09/2024,09:37:09,52117.35,52110.25,45,52115.9,30,0,252285
BANKNIFTY-II.NFO,13/09/2024,09:37:11,52115.95,52111.75,45,52117,15,15,252285
BANKNIFTY-II.NFO,13/09/2024,09:37:12,52115.95,52111.75,45,52114.2,15,0,252285
BANKNIFTY-II.NFO,13/09/2024,09:37:14,52114.2,52112.35,45,52117,15,15,252285
BANKNIFTY-II.NFO,13/09/2024,09:37:16,52114.2,52112.35,45,52117,15,0,252285
BANKNIFTY-II.NFO,13/09/2024,09:37:17,52114.2,52114.2,45,52115.3,150,120,252285
BANKNIFTY-II.NFO,13/09/2024,09:37:19,52109.9,52107.4,135,52115.55,15,105,252285
BANKNIFTY-II.NFO,13/09/2024,09:37:21,52118,52110.2,45,52117.95,75,60,252285
BANKNIFTY-II.NFO,13/09/2024,09:37:22,52118,52110.65,45,52118,105,0,252285
BANKNIFTY-II.NFO,13/09/2024,09:37:24,52118,52110.65,45,52114.65,75,0,252285
BANKNIFTY-II.NFO,13/09/2024,09:37:26,52112.65,52110,150,52111.05,75,195,252285
BANKNIFTY-II.NFO,13/09/2024,09:37:27,52110,52104.05,45,52109,30,180,252285
BANKNIFTY-II.NFO,13/09/2024,09:37:29,52108.8,52104.05,45,52108.8,165,45,252285
BANKNIFTY-II.NFO,13/09/2024,09:37:31,52108.8,52104.05,45,52109.35,105,60,252285
BANKNIFTY-II.NFO,13/09/2024,09:37:32,52108.8,52106.1,60,52114.95,90,0,252285
BANKNIFTY-II.NFO,13/09/2024,09:37:34,52108.8,52106.1,45,52113.85,60,0,252285
BANKNIFTY-II.NFO,13/09/2024,09:37:35,52108.8,52106.1,45,52110.65,75,0,252285
BANKNIFTY-II.NFO,13/09/2024,09:37:37,52108.8,52106.1,45,52109.5,75,0,252285
BANKNIFTY-II.NFO,13/09/2024,09:37:39,52106.1,52104.05,45,52106.2,60,45,252285
BANKNIFTY-II.NFO,13/09/2024,09:37:40,52106.1,52104.05,45,52106.4,45,0,252285
BANKNIFTY-II.NFO,13/09/2024,09:37:42,52108.9,52104.05,45,52111.15,60,30,252285
BANKNIFTY-II.NFO,13/09/2024,09:37:44,52108.9,52108.95,45,52115,15,0,252285
BANKNIFTY-II.NFO,13/09/2024,09:37:45,52108.9,52109,45,52115,15,0,252285
BANKNIFTY-II.NFO,13/09/2024,09:37:47,52108.9,52109,45,52110.65,60,0,252285
BANKNIFTY-II.NFO,13/09/2024,09:37:49,52108.9,52109,45,52112.45,60,0,252285
BANKNIFTY-II.NFO,13/09/2024,09:37:50,52115,52109,45,52116.1,150,15,252285
BANKNIFTY-II.NFO,13/09/2024,09:37:52,52115,52111.1,60,52118,120,0,252285
BANKNIFTY-II.NFO,13/09/2024,09:37:54,52115,52111.9,45,52117.4,150,0,252285
BANKNIFTY-II.NFO,13/09/2024,09:37:55,52118,52116.1,120,52118,90,45,252285
BANKNIFTY-II.NFO,13/09/2024,09:37:57,52118,52118.85,60,52119.9,15,90,252285
BANKNIFTY-II.NFO,13/09/2024,09:37:59,52120,52119.1,120,52120,90,165,252285
BANKNIFTY-II.NFO,13/09/2024,09:38:00,52121,52119.05,45,52124.85,15,180,252285
BANKNIFTY-II.NFO,13/09/2024,09:38:02,52119.05,52119.05,45,52124.3,150,15,252285
BANKNIFTY-II.NFO,13/09/2024,09:38:04,52119.05,52119.05,45,52124.85,15,0,252285
BANKNIFTY-II.NFO,13/09/2024,09:38:05,52125,52119.05,45,52124.9,165,60,252285
BANKNIFTY-II.NFO,13/09/2024,09:38:07,52125,52119.05,45,52123.5,105,0,252285
BANKNIFTY-II.NFO,13/09/2024,09:38:09,52125,52119.05,45,52124.25,75,0,252285
BANKNIFTY-II.NFO,13/09/2024,09:38:10,52122.3,52119.05,45,52120.75,150,15,252285
BANKNIFTY-II.NFO,13/09/2024,09:38:12,52119,52109.05,120,52119.6,30,75,252285
BANKNIFTY-II.NFO,13/09/2024,09:38:14,52110.15,52110.15,45,52119.7,30,30,252285
BANKNIFTY-II.NFO,13/09/2024,09:38:15,52116.8,52110.15,45,52117.8,150,45,252285
BANKNIFTY-II.NFO,13/09/2024,09:38:17,52116.8,52112.7,45,52117.9,150,0,252285
BANKNIFTY-II.NFO,13/09/2024,09:38:19,52112.7,52108.95,45,52111.15,150,45,252285
BANKNIFTY-II.NFO,13/09/2024,09:38:20,52108.9,52106.2,30,52106.45,150,60,252285
BANKNIFTY-II.NFO,13/09/2024,09:38:22,52108.95,52106.2,30,52109.15,150,15,252285
BANKNIFTY-II.NFO,13/09/2024,09:38:24,52106.2,52100.05,45,52104.6,150,30,252285
BANKNIFTY-II.NFO,13/09/2024,09:38:25,52100,52098.8,375,52100.25,150,30,252285
BANKNIFTY-II.NFO,13/09/2024,09:38:27,52098.8,52094.25,45,52098.9,150,375,252285
BANKNIFTY-II.NFO,13/09/2024,09:38:29,52098.8,52094.25,45,52097.9,15,0,252285
BANKNIFTY-II.NFO,13/09/2024,09:38:30,52094.2,52091.1,45,52097.6,150,60,252285
BANKNIFTY-II.NFO,13/09/2024,09:38:32,52094.2,52091.1,45,52097.8,150,0,252285
BANKNIFTY-II.NFO,13/09/2024,09:38:33,52094.2,52094.1,45,52098.6,150,0,252285
BANKNIFTY-II.NFO,13/09/2024,09:38:35,52094.2,52094.1,45,52094.95,150,0,252285
BANKNIFTY-II.NFO,13/09/2024,09:38:37,52089.2,52081.95,45,52088.75,150,225,252285
BANKNIFTY-II.NFO,13/09/2024,09:38:38,52091.25,52084.05,45,52091.45,135,15,252285
BANKNIFTY-II.NFO,13/09/2024,09:38:40,52091.25,52084.2,45,52089.85,135,0,252285
BANKNIFTY-II.NFO,13/09/2024,09:38:42,52091.25,52084.2,45,52084.8,135,0,252285
BANKNIFTY-II.NFO,13/09/2024,09:38:43,52086.5,52084.2,45,52089.4,30,15,252285
BANKNIFTY-II.NFO,13/09/2024,09:38:45,52088.8,52084.7,45,52090,15,15,252285
BANKNIFTY-II.NFO,13/09/2024,09:38:47,52088.8,52085.25,45,52090,15,0,252285
BANKNIFTY-II.NFO,13/09/2024,09:38:48,52088.8,52085.25,45,52088.65,105,0,252285
BANKNIFTY-II.NFO,13/09/2024,09:38:50,52088.8,52085.25,45,52088.4,105,0,252285
BANKNIFTY-II.NFO,13/09/2024,09:38:51,52088.8,52085.25,45,52088.05,105,0,252285
BANKNIFTY-II.NFO,13/09/2024,09:38:53,52085.25,52080.05,45,52084.5,60,60,252285
BANKNIFTY-II.NFO,13/09/2024,09:38:55,52085.25,52080.05,45,52085.35,60,0,252285
BANKNIFTY-II.NFO,13/09/2024,09:38:56,52085.25,52081.2,45,52084.4,30,0,252285
BANKNIFTY-II.NFO,13/09/2024,09:38:58,52085.7,52081.2,45,52086.2,30,180,252285
BANKNIFTY-II.NFO,13/09/2024,09:39:00,52080,52074.35,15,52082.6,105,120,252285
BANKNIFTY-II.NFO,13/09/2024,09:39:01,52082.6,52067.45,120,52076.45,30,15,252285
BANKNIFTY-II.NFO,13/09/2024,09:39:03,52073.5,52067.4,45,52073.45,15,15,252285
BANKNIFTY-II.NFO,13/09/2024,09:39:05,52073.5,52067.4,45,52073.25,75,0,252285
BANKNIFTY-II.NFO,13/09/2024,09:39:06,52068.5,52060.35,45,52063.95,150,270,252285
BANKNIFTY-II.NFO,13/09/2024,09:39:08,52060,52060,135,52062.3,150,75,252285
BANKNIFTY-II.NFO,13/09/2024,09:39:10,52060,52054.1,45,52059.75,30,135,252285
BANKNIFTY-II.NFO,13/09/2024,09:39:11,52054.1,52050.05,45,52057.55,150,15,252285
BANKNIFTY-II.NFO,13/09/2024,09:39:13,52054.1,52055.75,45,52061.95,30,0,252285
BANKNIFTY-II.NFO,13/09/2024,09:39:15,52054.1,52055.75,45,52060.6,90,0,252285
BANKNIFTY-II.NFO,13/09/2024,09:39:16,52054.1,52050.05,45,52056.6,150,0,252285
BANKNIFTY-II.NFO,13/09/2024,09:39:18,52051.45,52051.9,60,52059.95,150,15,252285
BANKNIFTY-II.NFO,13/09/2024,09:39:20,52051.45,52055.5,60,52062.75,150,0,252285
BANKNIFTY-II.NFO,13/09/2024,09:39:21,52051.45,52055.5,45,52061.4,150,0,252285
BANKNIFTY-II.NFO,13/09/2024,09:39:23,52051.45,52055.5,45,52061.75,150,0,252285
BANKNIFTY-II.NFO,13/09/2024,09:39:25,52054.1,52050.05,45,52053.6,150,105,252285
BANKNIFTY-II.NFO,13/09/2024,09:39:26,52050,52045.05,45,52050.05,60,135,252285
BANKNIFTY-II.NFO,13/09/2024,09:39:28,52050,52050.05,45,52057.8,150,0,252285
BANKNIFTY-II.NFO,13/09/2024,09:39:30,52050,52052.3,45,52060,15,0,252285
BANKNIFTY-II.NFO,13/09/2024,09:39:31,52050,52052.75,45,52057.1,75,0,252285
BANKNIFTY-II.NFO,13/09/2024,09:39:33,52059.6,52052.95,45,52060,15,180,252285
BANKNIFTY-II.NFO,13/09/2024,09:39:35,52059.6,52052.95,45,52058,150,0,252285
BANKNIFTY-II.NFO,13/09/2024,09:39:36,52059.6,52052.95,45,52055,45,0,252285
BANKNIFTY-II.NFO,13/09/2024,09:39:38,52050,52045.05,45,52050.35,90,105,251985
BANKNIFTY-II.NFO,13/09/2024,09:39:40,52050,52045.05,45,52050.3,90,0,251985
BANKNIFTY-II.NFO,13/09/2024,09:39:41,52050,52045.35,120,52053.25,90,0,251985
BANKNIFTY-II.NFO,13/09/2024,09:39:43,52050,52046.45,45,52050.95,90,0,251985
BANKNIFTY-II.NFO,13/09/2024,09:39:45,52045,52042.1,30,52044.7,135,60,251985
BANKNIFTY-II.NFO,13/09/2024,09:39:46,52045,52042.15,45,52045.9,90,0,251985
BANKNIFTY-II.NFO,13/09/2024,09:39:48,52045,52044.1,45,52050.9,90,0,251985
BANKNIFTY-II.NFO,13/09/2024,09:39:50,52046.65,52046.6,45,52053.35,90,150,251985
BANKNIFTY-II.NFO,13/09/2024,09:39:51,52046.9,52049.75,45,52056.8,30,30,251985
BANKNIFTY-II.NFO,13/09/2024,09:39:53,52055.25,52049.9,45,52055.3,75,15,251985
BANKNIFTY-II.NFO,13/09/2024,09:39:55,52055.25,52049.9,60,52056.55,75,0,251985
BANKNIFTY-II.NFO,13/09/2024,09:39:56,52055.25,52053.25,120,52060,30,0,251985
BANKNIFTY-II.NFO,13/09/2024,09:39:58,52060,52059.75,45,52068.35,30,30,251985
BANKNIFTY-II.NFO,13/09/2024,09:40:00,52060,52060.3,60,52067.9,30,0,251985
BANKNIFTY-II.NFO,13/09/2024,09:40:01,52060,52064.65,45,52071.95,30,0,251985
BANKNIFTY-II.NFO,13/09/2024,09:40:03,52072.95,52066.35,45,52072.7,60,390,251985
BANKNIFTY-II.NFO,13/09/2024,09:40:05,52072.95,52066.6,45,52071.2,60,0,251985
BANKNIFTY-II.NFO,13/09/2024,09:40:06,52060.1,52060.1,60,52067.85,90,15,251985
BANKNIFTY-II.NFO,13/09/2024,09:40:08,52060.1,52060.1,45,52067.5,90,0,251985
BANKNIFTY-II.NFO,13/09/2024,09:40:10,52060.1,52060.1,45,52067.05,60,0,251985
BANKNIFTY-II.NFO,13/09/2024,09:40:11,52060.1,52053.5,45,52062.5,90,0,251985
BANKNIFTY-II.NFO,13/09/2024,09:40:13,52060.1,52053.5,45,52059.85,90,0,251985
BANKNIFTY-II.NFO,13/09/2024,09:40:15,52060.1,52053.5,45,52056.4,90,0,251985
BANKNIFTY-II.NFO,13/09/2024,09:40:16,52060.1,52053.5,45,52056.7,90,0,251985
BANKNIFTY-II.NFO,13/09/2024,09:40:18,52060.1,52048.1,45,52052.55,90,0,251985
BANKNIFTY-II.NFO,13/09/2024,09:40:19,52060.1,52048.8,60,52056.3,90,0,251985
BANKNIFTY-II.NFO,13/09/2024,09:40:21,52060.1,52049.05,165,52056.95,90,0,251985
BANKNIFTY-II.NFO,13/09/2024,09:40:23,52060.1,52051.7,60,52059.5,150,0,251985
BANKNIFTY-II.NFO,13/09/2024,09:40:24,52060.1,52052.6,45,52060.35,90,0,251985
BANKNIFTY-II.NFO,13/09/2024,09:40:26,52060.1,52052.9,60,52061.3,90,0,251985
BANKNIFTY-II.NFO,13/09/2024,09:40:28,52060.1,52058.25,45,52065.95,150,0,251985
BANKNIFTY-II.NFO,13/09/2024,09:40:29,52060.1,52059.7,60,52067.7,90,0,251985
BANKNIFTY-II.NFO,13/09/2024,09:40:31,52060.1,52060,60,52068.6,90,0,251985
BANKNIFTY-II.NFO,13/09/2024,09:40:33,52060.1,52060,60,52065.25,150,0,251985
BANKNIFTY-II.NFO,13/09/2024,09:40:34,52060.1,52060,60,52068,90,0,251985
BANKNIFTY-II.NFO,13/09/2024,09:40:36,52060.1,52064.45,45,52072.7,150,0,251985
BANKNIFTY-II.NFO,13/09/2024,09:40:38,52060.1,52068.7,45,52079.05,60,0,251985
BANKNIFTY-II.NFO,13/09/2024,09:40:39,52060.1,52069.45,120,52078.25,90,0,251985
BANKNIFTY-II.NFO,13/09/2024,09:40:41,52060.1,52071.6,45,52078.75,90,0,251985
BANKNIFTY-II.NFO,13/09/2024,09:40:43,52060.1,52071.6,45,52076.15,15,0,251985
BANKNIFTY-II.NFO,13/09/2024,09:40:44,52060.1,52068.1,45,52072.6,90,0,251985
BANKNIFTY-II.NFO,13/09/2024,09:40:46,52065.65,52060.35,45,52065.65,75,15,251985
BANKNIFTY-II.NFO,13/09/2024,09:40:48,52065.65,52060.35,45,52063.95,15,0,251985
BANKNIFTY-II.NFO,13/09/2024,09:40:49,52060,52057,120,52060.9,75,60,251985
BANKNIFTY-II.NFO,13/09/2024,09:40:51,52057,52051.2,45,52054.6,75,120,251985
BANKNIFTY-II.NFO,13/09/2024,09:40:53,52057,52051.2,45,52056.3,75,0,251985
BANKNIFTY-II.NFO,13/09/2024,09:40:54,52057,52051.6,45,52054.75,150,0,251985
BANKNIFTY-II.NFO,13/09/2024,09:40:56,52057,52052.65,45,52059.4,75,0,251985
BANKNIFTY-II.NFO,13/09/2024,09:40:58,52057,52054.2,45,52058,75,0,251985
BANKNIFTY-II.NFO,13/09/2024,09:40:59,52057,52051.45,45,52056.2,75,0,251985
BANKNIFTY-II.NFO,13/09/2024,09:41:01,52057,52054.75,75,52061.2,75,0,251985
BANKNIFTY-II.NFO,13/09/2024,09:41:03,52057,52056.95,45,52061.8,75,0,251985
BANKNIFTY-II.NFO,13/09/2024,09:41:04,52057,52060.15,60,52065.75,75,0,251985
BANKNIFTY-II.NFO,13/09/2024,09:41:06,52057,52060.15,45,52065.15,15,0,251985
BANKNIFTY-II.NFO,13/09/2024,09:41:08,52060.1,52056.55,45,52061,15,60,251985
BANKNIFTY-II.NFO,13/09/2024,09:41:09,52060.1,52057.5,45,52060.25,15,0,251985
BANKNIFTY-II.NFO,13/09/2024,09:41:11,52060.1,52053.9,45,52058.25,15,0,251985
BANKNIFTY-II.NFO,13/09/2024,09:41:13,52060.1,52053.9,45,52057.25,30,0,251985
BANKNIFTY-II.NFO,13/09/2024,09:41:15,52055.5,52052.9,60,52059.95,15,90,251985
BANKNIFTY-II.NFO,13/09/2024,09:41:16,52055.5,52057,15,52058.7,15,0,251985
BANKNIFTY-II.NFO,13/09/2024,09:41:18,52055.5,52057,15,52058.15,75,0,251985
BANKNIFTY-II.NFO,13/09/2024,09:41:19,52057,52047.2,45,52054,75,15,251985
BANKNIFTY-II.NFO,13/09/2024,09:41:21,52057,52048.6,45,52054.65,150,0,251985
BANKNIFTY-II.NFO,13/09/2024,09:41:23,52057,52048.6,45,52054.55,150,0,251985
BANKNIFTY-II.NFO,13/09/2024,09:41:24,52057,52048.6,45,52053.3,150,0,251985
BANKNIFTY-II.NFO,13/09/2024,09:41:26,52057,52048.6,45,52056.05,150,0,251985
BANKNIFTY-II.NFO,13/09/2024,09:41:28,52057,52050.95,45,52057.5,15,0,251985
BANKNIFTY-II.NFO,13/09/2024,09:41:29,52057,52054.75,15,52058.3,300,0,251985
BANKNIFTY-II.NFO,13/09/2024,09:41:31,52057,52054.75,45,52059.7,300,0,251985
BANKNIFTY-II.NFO,13/09/2024,09:41:33,52057,52054.75,45,52058.4,300,0,251985
BANKNIFTY-II.NFO,13/09/2024,09:41:34,52057,52053.15,45,52058.15,150,0,251985
BANKNIFTY-II.NFO,13/09/2024,09:41:36,52057,52053.6,45,52058.45,75,0,251985
BANKNIFTY-II.NFO,13/09/2024,09:41:38,52057,52055.9,45,52061.1,300,0,251985
BANKNIFTY-II.NFO,13/09/2024,09:41:39,52057,52059.35,15,52062.8,300,0,251985
BANKNIFTY-II.NFO,13/09/2024,09:41:41,52057,52063.05,15,52066.65,150,0,251985
BANKNIFTY-II.NFO,13/09/2024,09:41:43,52057,52055.6,45,52064.7,150,60,251985
BANKNIFTY-II.NFO,13/09/2024,09:41:44,52065.85,52057,45,52065.35,60,15,251985
BANKNIFTY-II.NFO,13/09/2024,09:41:46,52065.85,52057,45,52064.5,60,0,251985
BANKNIFTY-II.NFO,13/09/2024,09:41:47,52065.85,52057,45,52064.85,150,0,251985
BANKNIFTY-II.NFO,13/09/2024,09:41:49,52064.55,52057,45,52064.95,60,15,251985
BANKNIFTY-II.NFO,13/09/2024,09:41:51,52064.55,52057,45,52063.75,150,0,251985
BANKNIFTY-II.NFO,13/09/2024,09:41:52,52060.1,52059.25,135,52068.75,150,15,251985
BANKNIFTY-II.NFO,13/09/2024,09:41:54,52060.1,52061,45,52069.9,150,0,251985
BANKNIFTY-II.NFO,13/09/2024,09:41:55,52060.1,52061,45,52068.15,60,0,251985
BANKNIFTY-II.NFO,13/09/2024,09:41:59,52060.1,52061,45,52068.65,150,0,251985
BANKNIFTY-II.NFO,13/09/2024,09:42:00,52061.45,52061.4,45,52068.5,15,15,251985
BANKNIFTY-II.NFO,13/09/2024,09:42:02,52061.45,52061.4,45,52064.05,60,0,251985
BANKNIFTY-II.NFO,13/09/2024,09:42:03,52061.45,52061.4,45,52064.95,15,0,251985
BANKNIFTY-II.NFO,13/09/2024,09:42:05,52061.45,52061.4,45,52065.4,150,0,251985
BANKNIFTY-II.NFO,13/09/2024,09:42:07,52061.45,52061.4,45,52063.1,60,0,251985
BANKNIFTY-II.NFO,13/09/2024,09:42:08,52061.45,52061.4,45,52062.15,15,0,251985
BANKNIFTY-II.NFO,13/09/2024,09:42:10,52061.4,52059.05,45,52061.55,150,30,251985
BANKNIFTY-II.NFO,13/09/2024,09:42:11,52059,52059,45,52061.15,60,150,251985
BANKNIFTY-II.NFO,13/09/2024,09:42:13,52059,52059,45,52060.2,30,0,251985
BANKNIFTY-II.NFO,13/09/2024,09:42:15,52059,52059,45,52059.15,60,0,251985
BANKNIFTY-II.NFO,13/09/2024,09:42:16,52059,52059.05,45,52061.8,150,0,251985
BANKNIFTY-II.NFO,13/09/2024,09:42:18,52059,52059,30,52060.85,60,15,251985
BANKNIFTY-II.NFO,13/09/2024,09:42:20,52059,52059,30,52060,90,0,251985
BANKNIFTY-II.NFO,13/09/2024,09:42:21,52059,52059.05,45,52063.2,60,0,251985
BANKNIFTY-II.NFO,13/09/2024,09:42:23,52059,52066.6,45,52072.1,15,0,251985
BANKNIFTY-II.NFO,13/09/2024,09:42:25,52059,52066.6,45,52073.25,150,0,251985
BANKNIFTY-II.NFO,13/09/2024,09:42:26,52059,52069.85,45,52077.75,300,0,251985
BANKNIFTY-II.NFO,13/09/2024,09:42:28,52070,52070,45,52078,15,15,251985
BANKNIFTY-II.NFO,13/09/2024,09:42:29,52070,52071.15,45,52078.9,30,0,251985
BANKNIFTY-II.NFO,13/09/2024,09:42:31,52070,52071.15,45,52078.85,30,0,251985
BANKNIFTY-II.NFO,13/09/2024,09:42:33,52070,52071.3,45,52077.45,30,0,251985
BANKNIFTY-II.NFO,13/09/2024,09:42:34,52070,52071.3,45,52074.15,30,0,251985
BANKNIFTY-II.NFO,13/09/2024,09:42:36,52070,52067,45,52069.6,60,0,251985
BANKNIFTY-II.NFO,13/09/2024,09:42:38,52064,52060.1,45,52065,150,225,251985
BANKNIFTY-II.NFO,13/09/2024,09:42:39,52064,52060.1,45,52063.6,15,0,251820
BANKNIFTY-II.NFO,13/09/2024,09:42:41,52059,52053,45,52057.75,165,30,251820
BANKNIFTY-II.NFO,13/09/2024,09:42:43,52059,52050.05,45,52055.1,150,0,251820
BANKNIFTY-II.NFO,13/09/2024,09:42:44,52059,52050.05,45,52052.4,150,0,251820
BANKNIFTY-II.NFO,13/09/2024,09:42:46,52050,52049,15,52050.3,15,75,251820
BANKNIFTY-II.NFO,13/09/2024,09:42:48,52050,52049.05,45,52053.85,15,0,251820
BANKNIFTY-II.NFO,13/09/2024,09:42:49,52050,52049.85,120,52057.5,15,0,251820
BANKNIFTY-II.NFO,13/09/2024,09:42:51,52050,52050.45,45,52056.8,150,0,251820
BANKNIFTY-II.NFO,13/09/2024,09:42:53,52050,52050.45,45,52057.3,15,0,251820
BANKNIFTY-II.NFO,13/09/2024,09:42:54,52050,52050.45,45,52057.25,15,0,251820
BANKNIFTY-II.NFO,13/09/2024,09:42:56,52050,52051.4,45,52059,150,0,251820
BANKNIFTY-II.NFO,13/09/2024,09:42:58,52050,52052.35,45,52057.1,15,0,251820
BANKNIFTY-II.NFO,13/09/2024,09:42:59,52050,52050.05,45,52053.7,15,0,251820
BANKNIFTY-II.NFO,13/09/2024,09:43:01,52050,52050.05,45,52054.9,15,0,251820
BANKNIFTY-II.NFO,13/09/2024,09:43:03,52050,52050.05,45,52053.65,15,0,251820
BANKNIFTY-II.NFO,13/09/2024,09:43:04,52050,52050.05,45,52056,150,0,251820
BANKNIFTY-II.NFO,13/09/2024,09:43:06,52050,52050.35,120,52059.25,150,0,251820
BANKNIFTY-II.NFO,13/09/2024,09:43:07,52050,52053.35,45,52059.45,150,0,251820
BANKNIFTY-II.NFO,13/09/2024,09:43:09,52050,52053.35,45,52058.5,15,0,251820
BANKNIFTY-II.NFO,13/09/2024,09:43:11,52053.35,52050.05,45,52055.4,15,15,251820
BANKNIFTY-II.NFO,13/09/2024,09:43:12,52050.05,52050.05,45,52055.65,150,30,251820
BANKNIFTY-II.NFO,13/09/2024,09:43:14,52050.05,52050.05,45,52054.5,75,0,251820
BANKNIFTY-II.NFO,13/09/2024,09:43:16,52050.05,52050,30,52051.35,150,0,251820
BANKNIFTY-II.NFO,13/09/2024,09:43:17,52050.05,52050,75,52053,150,0,251820
BANKNIFTY-II.NFO,13/09/2024,09:43:19,52050.05,52050.05,45,52055.65,150,0,251820
BANKNIFTY-II.NFO,13/09/2024,09:43:20,52050.05,52051.8,45,52057.5,15,0,251820
BANKNIFTY-II.NFO,13/09/2024,09:43:22,52050.05,52050.05,45,52054.35,15,0,251820
BANKNIFTY-II.NFO,13/09/2024,09:43:24,52050.05,52050.05,45,52055.25,150,0,251820
BANKNIFTY-II.NFO,13/09/2024,09:43:27,52050.05,52052.85,60,52057.75,150,0,251820
BANKNIFTY-II.NFO,13/09/2024,09:43:29,52050.05,52052.85,60,52059.55,150,0,251820
BANKNIFTY-II.NFO,13/09/2024,09:43:30,52050.05,52055.2,45,52061.45,150,0,251820
BANKNIFTY-II.NFO,13/09/2024,09:43:32,52050.05,52061.45,60,52068,150,0,251820
BANKNIFTY-II.NFO,13/09/2024,09:43:34,52050.05,52062.65,45,52068.8,15,0,251820
BANKNIFTY-II.NFO,13/09/2024,09:43:35,52050.05,52062.65,45,52069.95,15,0,251820
BANKNIFTY-II.NFO,13/09/2024,09:43:37,52070.6,52065.65,45,52068.5,150,60,251820
BANKNIFTY-II.NFO,13/09/2024,09:43:39,52067.4,52067.55,60,52070.95,300,15,251820
BANKNIFTY-II.NFO,13/09/2024,09:43:40,52067.4,52063.85,15,52067.25,150,0,251820
BANKNIFTY-II.NFO,13/09/2024,09:43:42,52067.4,52059.6,60,52065.7,15,0,251820
BANKNIFTY-II.NFO,13/09/2024,09:43:44,52067.4,52062.45,15,52065.35,150,0,251820
BANKNIFTY-II.NFO,13/09/2024,09:43:45,52067.4,52062.55,45,52067.2,150,0,251820
BANKNIFTY-II.NFO,13/09/2024,09:43:47,52067.4,52061,60,52064.3,150,0,251820
BANKNIFTY-II.NFO,13/09/2024,09:43:49,52067.4,52061.8,15,52064.95,150,0,251820
BANKNIFTY-II.NFO,13/09/2024,09:43:50,52067.4,52065.05,15,52066.75,15,0,251820
BANKNIFTY-II.NFO,13/09/2024,09:43:52,52067.65,52062.6,45,52067.8,15,15,251820
BANKNIFTY-II.NFO,13/09/2024,09:43:53,52067.65,52062.6,45,52067.2,150,0,251820
BANKNIFTY-II.NFO,13/09/2024,09:43:55,52067.65,52062.6,45,52068.1,150,0,251820
BANKNIFTY-II.NFO,13/09/2024,09:43:57,52067.65,52063.75,45,52069.35,150,0,251820
BANKNIFTY-II.NFO,13/09/2024,09:43:58,52067.65,52063.75,45,52071.3,150,0,251820
BANKNIFTY-II.NFO,13/09/2024,09:44:00,52067.65,52065.2,45,52070.3,15,0,251820
BANKNIFTY-II.NFO,13/09/2024,09:44:02,52067.65,52065.2,45,52069.8,15,0,251820
BANKNIFTY-II.NFO,13/09/2024,09:44:03,52067.65,52059.2,45,52064.7,15,0,251820
BANKNIFTY-II.NFO,13/09/2024,09:44:05,52067.65,52059.2,45,52061.75,15,0,251820
BANKNIFTY-II.NFO,13/09/2024,09:44:07,52067.65,52054.3,135,52061.95,15,0,251820
BANKNIFTY-II.NFO,13/09/2024,09:44:08,52067.65,52054.35,45,52058.45,15,0,251820
BANKNIFTY-II.NFO,13/09/2024,09:44:10,52055.95,52052.05,45,52056.15,15,15,251820
BANKNIFTY-II.NFO,13/09/2024,09:44:12,52055.75,52052.05,45,52056.5,150,15,251820
BANKNIFTY-II.NFO,13/09/2024,09:44:13,52055.75,52052.05,45,52057.65,150,0,251820
BANKNIFTY-II.NFO,13/09/2024,09:44:15,52055.75,52054.8,45,52059.2,150,0,251820
BANKNIFTY-II.NFO,13/09/2024,09:44:18,52062.05,52055.7,45,52061.8,150,15,251820
BANKNIFTY-II.NFO,13/09/2024,09:44:20,52062.05,52055.7,45,52063.75,150,0,251820
BANKNIFTY-II.NFO,13/09/2024,09:44:22,52062.05,52056.55,45,52064.7,150,0,251820
BANKNIFTY-II.NFO,13/09/2024,09:44:23,52062.05,52056.55,45,52063.4,150,0,251820
BANKNIFTY-II.NFO,13/09/2024,09:44:25,52062.05,52056.55,45,52062,150,0,251820
BANKNIFTY-II.NFO,13/09/2024,09:44:27,52062.05,52062.05,15,52064.9,285,0,251820
BANKNIFTY-II.NFO,13/09/2024,09:44:28,52062.05,52062.1,45,52065.55,300,0,251820
BANKNIFTY-II.NFO,13/09/2024,09:44:30,52068.05,52062.1,45,52067.2,15,15,251820
BANKNIFTY-II.NFO,13/09/2024,09:44:32,52068.05,52062.1,45,52068.25,300,0,251820
BANKNIFTY-II.NFO,13/09/2024,09:44:33,52068.05,52062.1,45,52068.15,300,0,251820
BANKNIFTY-II.NFO,13/09/2024,09:44:35,52068.05,52063.4,30,52070.95,300,0,251820
BANKNIFTY-II.NFO,13/09/2024,09:44:37,52068.05,52063.9,45,52073.7,15,0,251820
BANKNIFTY-II.NFO,13/09/2024,09:44:38,52068.05,52070.8,120,52079.5,300,0,251820
BANKNIFTY-II.NFO,13/09/2024,09:44:40,52068.05,52072.1,45,52079.7,15,0,251820
BANKNIFTY-II.NFO,13/09/2024,09:44:42,52068.05,52072.1,45,52081.05,15,0,251820
BANKNIFTY-II.NFO,13/09/2024,09:44:43,52068.05,52074.25,45,52080.95,60,0,251820
BANKNIFTY-II.NFO,13/09/2024,09:44:45,52068.05,52074.25,45,52079.4,15,0,251820
BANKNIFTY-II.NFO,13/09/2024,09:44:47,52068.05,52074.25,45,52077.3,15,0,251820
BANKNIFTY-II.NFO,13/09/2024,09:44:48,52068.05,52068.8,45,52076.05,15,0,251820
BANKNIFTY-II.NFO,13/09/2024,09:44:50,52068.05,52069.15,45,52077.85,15,0,251820
BANKNIFTY-II.NFO,13/09/2024,09:44:52,52068.05,52071.5,45,52078.4,150,0,251820
BANKNIFTY-II.NFO,13/09/2024,09:44:53,52068.05,52071.5,45,52079.55,15,0,251820
BANKNIFTY-II.NFO,13/09/2024,09:44:55,52068.05,52071.5,45,52078.35,15,0,251820
BANKNIFTY-II.NFO,13/09/2024,09:44:56,52071.5,52071.5,45,52077.55,15,30,251820
BANKNIFTY-II.NFO,13/09/2024,09:44:58,52071.5,52073.25,45,52082.95,15,0,251820
BANKNIFTY-II.NFO,13/09/2024,09:45:00,52084,52079.05,45,52089.25,15,15,251820
BANKNIFTY-II.NFO,13/09/2024,09:45:01,52084,52079.15,45,52086.35,30,0,251820
BANKNIFTY-II.NFO,13/09/2024,09:45:03,52084,52079.15,45,52081.95,15,0,251820
BANKNIFTY-II.NFO,13/09/2024,09:45:05,52084,52079.45,60,52088.15,15,0,251820
BANKNIFTY-II.NFO,13/09/2024,09:45:06,52084,52079.65,30,52089.55,15,0,251820
BANKNIFTY-II.NFO,13/09/2024,09:45:08,52084,52088.15,150,52090.35,15,0,251820
BANKNIFTY-II.NFO,13/09/2024,09:45:10,52084,52088.2,45,52093,15,0,251820
BANKNIFTY-II.NFO,13/09/2024,09:45:11,52084,52088.2,45,52093.1,15,0,251820
BANKNIFTY-II.NFO,13/09/2024,09:45:13,52084,52088.2,45,52092.3,15,0,251820
BANKNIFTY-II.NFO,13/09/2024,09:45:15,52084,52088.2,45,52094.1,180,0,251820
BANKNIFTY-II.NFO,13/09/2024,09:45:16,52084,52088.2,45,52095.1,150,0,251820
BANKNIFTY-II.NFO,13/09/2024,09:45:18,52084,52091.15,45,52097.6,15,0,251820
BANKNIFTY-II.NFO,13/09/2024,09:45:20,52084,52091.15,45,52097.7,15,0,251820
BANKNIFTY-II.NFO,13/09/2024,09:45:21,52084,52091.15,45,52094.25,15,0,251820
BANKNIFTY-II.NFO,13/09/2024,09:45:23,52084,52088.2,45,52091.45,150,0,251820
BANKNIFTY-II.NFO,13/09/2024,09:45:24,52084,52090.05,30,52098.6,15,0,251820
BANKNIFTY-II.NFO,13/09/2024,09:45:26,52084,52090,45,52096.4,150,0,251820
BANKNIFTY-II.NFO,13/09/2024,09:45:28,52084,52090,45,52094.55,150,0,251820
BANKNIFTY-II.NFO,13/09/2024,09:45:29,52084,52090,45,52095.2,150,0,251820
BANKNIFTY-II.NFO,13/09/2024,09:45:31,52084,52090,45,52092.7,75,0,251820
BANKNIFTY-II.NFO,13/09/2024,09:45:33,52088.15,52084.05,45,52087.5,150,150,251820
BANKNIFTY-II.NFO,13/09/2024,09:45:34,52087.45,52084.05,45,52088.3,120,30,251820
BANKNIFTY-II.NFO,13/09/2024,09:45:36,52087.45,52084.1,135,52092.2,120,0,251820
BANKNIFTY-II.NFO,13/09/2024,09:45:37,52093.15,52090.05,45,52096.45,15,90,251820
BANKNIFTY-II.NFO,13/09/2024,09:45:39,52093.15,52090.05,45,52091.9,195,0,251820
BANKNIFTY-II.NFO,13/09/2024,09:45:41,52093.15,52090.05,45,52093.85,195,0,251820
BANKNIFTY-II.NFO,13/09/2024,09:45:43,52093.15,52090.05,45,52093.35,300,0,251820
BANKNIFTY-II.NFO,13/09/2024,09:45:44,52093.15,52090.05,45,52091.95,300,0,251820
BANKNIFTY-II.NFO,13/09/2024,09:45:46,52093.15,52090.65,45,52093.15,15,0,251820
BANKNIFTY-II.NFO,13/09/2024,09:45:48,52093.15,52090.65,45,52095.9,360,15,251610
BANKNIFTY-II.NFO,13/09/2024,09:45:49,52093.15,52090.65,45,52096.05,300,0,251610
BANKNIFTY-II.NFO,13/09/2024,09:45:51,52093.15,52090.7,135,52096,60,0,251610
BANKNIFTY-II.NFO,13/09/2024,09:45:52,52094.25,52094.25,45,52099.5,15,15,251610
BANKNIFTY-II.NFO,13/09/2024,09:45:54,52098.8,52094.25,45,52100,60,15,251610
BANKNIFTY-II.NFO,13/09/2024,09:45:57,52098.8,52094.25,45,52100,60,0,251610
BANKNIFTY-II.NFO,13/09/2024,09:45:59,52098.8,52094.25,45,52099.95,15,0,251610
BANKNIFTY-II.NFO,13/09/2024,09:46:02,52098.8,52094.25,45,52100,60,0,251610
BANKNIFTY-II.NFO,13/09/2024,09:46:07,52098.8,52094.25,45,52099.9,60,0,251610
BANKNIFTY-II.NFO,13/09/2024,09:46:12,52098.8,52094.25,45,52098.85,15,0,251610
BANKNIFTY-II.NFO,13/09/2024,09:46:14,52098.8,52094.25,45,52094.85,15,0,251610
BANKNIFTY-II.NFO,13/09/2024,09:46:15,52094.2,52085.5,45,52093.85,30,75,251610
BANKNIFTY-II.NFO,13/09/2024,09:46:17,52094.2,52085.5,45,52093.3,150,0,251610
BANKNIFTY-II.NFO,13/09/2024,09:46:19,52094.2,52085.5,45,52092.15,150,0,251610
BANKNIFTY-II.NFO,13/09/2024,09:46:20,52094.2,52085.5,45,52090.65,150,0,251610
BANKNIFTY-II.NFO,13/09/2024,09:46:22,52094.2,52085.5,45,52089.55,15,0,251610
BANKNIFTY-II.NFO,13/09/2024,09:46:24,52094.2,52085.5,45,52088.45,150,0,251610
BANKNIFTY-II.NFO,13/09/2024,09:46:25,52088.55,52087.2,120,52094.45,300,15,251610
BANKNIFTY-II.NFO,13/09/2024,09:46:27,52088.55,52089.65,45,52096.6,300,0,251610
BANKNIFTY-II.NFO,13/09/2024,09:46:29,52088.55,52089.65,45,52097.85,15,0,251610
BANKNIFTY-II.NFO,13/09/2024,09:46:30,52088.55,52090.3,120,52097.95,15,0,251610
BANKNIFTY-II.NFO,13/09/2024,09:46:32,52088.55,52093.7,135,52099.85,300,0,251610
BANKNIFTY-II.NFO,13/09/2024,09:46:33,52088.55,52093.65,45,52100,60,0,251610
BANKNIFTY-II.NFO,13/09/2024,09:46:35,52093.65,52093.65,45,52099.55,15,15,251610
BANKNIFTY-II.NFO,13/09/2024,09:46:37,52099.55,52093.65,45,52097.15,150,180,251610
BANKNIFTY-II.NFO,13/09/2024,09:46:38,52099.55,52085.65,45,52093.95,165,0,251610
BANKNIFTY-II.NFO,13/09/2024,09:46:40,52099.55,52085.65,45,52095.4,150,0,251610
BANKNIFTY-II.NFO,13/09/2024,09:46:41,52099.55,52086.45,120,52096.3,150,0,251610
BANKNIFTY-II.NFO,13/09/2024,09:46:43,52099.55,52086.4,45,52092.6,120,0,251610
BANKNIFTY-II.NFO,13/09/2024,09:46:44,52091.9,52086.4,45,52092.25,150,15,251610
BANKNIFTY-II.NFO,13/09/2024,09:46:46,52091.9,52086.4,45,52091.4,165,0,251610
BANKNIFTY-II.NFO,13/09/2024,09:46:48,52091.9,52084.05,45,52088.15,150,0,251610
BANKNIFTY-II.NFO,13/09/2024,09:46:49,52091.9,52084.05,45,52086.5,30,0,251610
BANKNIFTY-II.NFO,13/09/2024,09:46:51,52084,52073.45,45,52081.15,150,75,251610
BANKNIFTY-II.NFO,13/09/2024,09:46:53,52081.15,52073.45,45,52080.8,120,15,251610
BANKNIFTY-II.NFO,13/09/2024,09:46:54,52073.45,52073.45,45,52078,30,15,251610
BANKNIFTY-II.NFO,13/09/2024,09:46:56,52077.95,52073.45,45,52077.75,150,15,251610
BANKNIFTY-II.NFO,13/09/2024,09:46:57,52077.95,52073.45,45,52076.1,150,0,251610
BANKNIFTY-II.NFO,13/09/2024,09:46:59,52077.95,52073.45,45,52077.1,150,0,251610
BANKNIFTY-II.NFO,13/09/2024,09:47:01,52077.95,52065.25,45,52075.45,15,0,251610
BANKNIFTY-II.NFO,13/09/2024,09:47:02,52077.95,52069.9,45,52076.75,165,0,251610
BANKNIFTY-II.NFO,13/09/2024,09:47:04,52076.2,52062.75,45,52071.95,15,45,251610
BANKNIFTY-II.NFO,13/09/2024,09:47:05,52076.2,52071.8,15,52072.2,60,0,251610
BANKNIFTY-II.NFO,13/09/2024,09:47:07,52072.2,52064.65,45,52069.5,150,15,251610
BANKNIFTY-II.NFO,13/09/2024,09:47:09,52072.2,52064.65,45,52069.15,105,0,251610
BANKNIFTY-II.NFO,13/09/2024,09:47:10,52072.2,52065.05,45,52069.6,150,0,251610
BANKNIFTY-II.NFO,13/09/2024,09:47:12,52072.2,52067.55,45,52074.75,150,0,251610
BANKNIFTY-II.NFO,13/09/2024,09:47:13,52072.2,52069,45,52077.95,105,0,251610
BANKNIFTY-II.NFO,13/09/2024,09:47:15,52072.2,52068.95,45,52074.2,300,0,251610
BANKNIFTY-II.NFO,13/09/2024,09:47:17,52073.9,52068.95,45,52074.15,300,15,251610
BANKNIFTY-II.NFO,13/09/2024,09:47:18,52073.9,52068.95,45,52073.05,105,0,251610
BANKNIFTY-II.NFO,13/09/2024,09:47:20,52073.9,52071.2,60,52079.05,105,0,251610
BANKNIFTY-II.NFO,13/09/2024,09:47:22,52073.9,52072.8,45,52080.55,105,0,251610
BANKNIFTY-II.NFO,13/09/2024,09:47:23,52074.35,52075.7,60,52084.7,105,30,251610
BANKNIFTY-II.NFO,13/09/2024,09:47:25,52074.35,52075.8,135,52086,300,0,251610
BANKNIFTY-II.NFO,13/09/2024,09:47:27,52074.35,52079,45,52085.95,15,0,251610
BANKNIFTY-II.NFO,13/09/2024,09:47:28,52074.35,52070.1,15,52080.9,300,0,251610
BANKNIFTY-II.NFO,13/09/2024,09:47:30,52074.35,52070.8,45,52079.7,150,0,251610
BANKNIFTY-II.NFO,13/09/2024,09:47:32,52080.45,52071.7,60,52080.6,300,90,251610
BANKNIFTY-II.NFO,13/09/2024,09:47:33,52075.6,52074.35,15,52075.05,90,30,251610
BANKNIFTY-II.NFO,13/09/2024,09:47:35,52074.35,52070.05,45,52073.9,60,45,251610
BANKNIFTY-II.NFO,13/09/2024,09:47:37,52073.9,52070.05,45,52074.75,45,15,251610
BANKNIFTY-II.NFO,13/09/2024,09:47:38,52073.9,52070.05,45,52074.75,45,0,251610
BANKNIFTY-II.NFO,13/09/2024,09:47:40,52075.65,52070.05,45,52075.65,15,30,251610
BANKNIFTY-II.NFO,13/09/2024,09:47:42,52079.35,52075.7,45,52082.95,165,30,251610
BANKNIFTY-II.NFO,13/09/2024,09:47:43,52079.35,52077.6,60,52085.7,135,0,251610
BANKNIFTY-II.NFO,13/09/2024,09:47:45,52079.35,52077.85,45,52085.55,135,0,251610
BANKNIFTY-II.NFO,13/09/2024,09:47:47,52079.35,52077.85,45,52083.1,135,0,251610
BANKNIFTY-II.NFO,13/09/2024,09:47:48,52079.35,52077.85,45,52084.25,15,0,251610
BANKNIFTY-II.NFO,13/09/2024,09:47:50,52079.35,52077.85,45,52084,150,0,251610
BANKNIFTY-II.NFO,13/09/2024,09:47:52,52079.35,52077.85,45,52081.5,150,0,251610
BANKNIFTY-II.NFO,13/09/2024,09:47:53,52079.35,52079.4,45,52086.15,15,0,251610
BANKNIFTY-II.NFO,13/09/2024,09:47:55,52079.35,52079.4,45,52084.9,150,0,251610
BANKNIFTY-II.NFO,13/09/2024,09:47:57,52079.35,52079.4,45,52084.65,15,0,251610
BANKNIFTY-II.NFO,13/09/2024,09:47:58,52079.35,52079.4,45,52086.15,135,0,251610
BANKNIFTY-II.NFO,13/09/2024,09:48:00,52079.35,52079.4,45,52084.75,135,0,251610
BANKNIFTY-II.NFO,13/09/2024,09:48:02,52079.35,52079.4,45,52082.6,150,0,251610
BANKNIFTY-II.NFO,13/09/2024,09:48:04,52079.35,52079.4,45,52081.55,135,0,251610
BANKNIFTY-II.NFO,13/09/2024,09:48:05,52079.35,52079.4,45,52085.75,150,0,251610
BANKNIFTY-II.NFO,13/09/2024,09:48:07,52080.05,52080.05,45,52085.75,135,15,251610
BANKNIFTY-II.NFO,13/09/2024,09:48:09,52080.05,52086.25,30,52088.35,300,0,251610
BANKNIFTY-II.NFO,13/09/2024,09:48:10,52088.35,52081.95,45,52089.7,270,30,251610
BANKNIFTY-II.NFO,13/09/2024,09:48:12,52088.35,52081.95,45,52088.95,300,0,251610
BANKNIFTY-II.NFO,13/09/2024,09:48:13,52088.35,52082.45,45,52090.35,150,0,251610
BANKNIFTY-II.NFO,13/09/2024,09:48:15,52082.65,52082.65,120,52090.95,300,15,251610
BANKNIFTY-II.NFO,13/09/2024,09:48:17,52082.65,52082.9,45,52088.65,15,0,251610
BANKNIFTY-II.NFO,13/09/2024,09:48:18,52082.65,52082.9,45,52086.5,135,0,251610
BANKNIFTY-II.NFO,13/09/2024,09:48:20,52082.65,52080.05,45,52085.05,300,0,251610
BANKNIFTY-II.NFO,13/09/2024,09:48:22,52082.65,52080.05,45,52085.7,135,0,251610
BANKNIFTY-II.NFO,13/09/2024,09:48:25,52088.3,52085,15,52088.15,120,15,251610
BANKNIFTY-II.NFO,13/09/2024,09:48:27,52088.3,52085,15,52087.45,135,0,251610
BANKNIFTY-II.NFO,13/09/2024,09:48:28,52088.3,52085,15,52087.4,120,0,251610
BANKNIFTY-II.NFO,13/09/2024,09:48:30,52088.3,52087.05,60,52094.1,300,0,251610
BANKNIFTY-II.NFO,13/09/2024,09:48:32,52088.3,52087.5,135,52095.6,15,0,251610
BANKNIFTY-II.NFO,13/09/2024,09:48:33,52088.3,52089.85,45,52097,300,0,251610
BANKNIFTY-II.NFO,13/09/2024,09:48:35,52096.75,52090.05,45,52097.05,285,15,251610
BANKNIFTY-II.NFO,13/09/2024,09:48:37,52096.75,52093,45,52099,15,0,251610
BANKNIFTY-II.NFO,13/09/2024,09:48:38,52096.75,52093,45,52098.95,15,0,251610
BANKNIFTY-II.NFO,13/09/2024,09:48:40,52096.75,52090.05,45,52095.3,120,0,251610
BANKNIFTY-II.NFO,13/09/2024,09:48:42,52096.75,52095,15,52095.25,120,0,251610
BANKNIFTY-II.NFO,13/09/2024,09:48:43,52095,52090.05,45,52096.85,120,15,251310
BANKNIFTY-II.NFO,13/09/2024,09:48:45,52095,52090.05,45,52096.85,120,0,251310
BANKNIFTY-II.NFO,13/09/2024,09:48:47,52095.05,52090.05,45,52096,105,30,251310
BANKNIFTY-II.NFO,13/09/2024,09:48:48,52095.05,52090.05,45,52096,105,0,251310
BANKNIFTY-II.NFO,13/09/2024,09:48:50,52095.05,52090.05,45,52097.65,300,0,251310
BANKNIFTY-II.NFO,13/09/2024,09:48:52,52088.75,52087.45,135,52095,75,90,251310
BANKNIFTY-II.NFO,13/09/2024,09:48:53,52088.75,52088.15,45,52095,75,0,251310
BANKNIFTY-II.NFO,13/09/2024,09:48:55,52088.75,52088.15,45,52093.5,45,0,251310
BANKNIFTY-II.NFO,13/09/2024,09:48:57,52088.75,52088.15,45,52093,150,0,251310
BANKNIFTY-II.NFO,13/09/2024,09:48:58,52088.75,52088.15,45,52092.4,105,0,251310
BANKNIFTY-II.NFO,13/09/2024,09:49:00,52088.15,52088,90,52088.15,270,30,251310
BANKNIFTY-II.NFO,13/09/2024,09:49:02,52088.15,52088,90,52088.15,225,45,251310
BANKNIFTY-II.NFO,13/09/2024,09:49:03,52088,52084,45,52087.7,45,90,251310
BANKNIFTY-II.NFO,13/09/2024,09:49:05,52088,52079.4,45,52084.35,105,0,251310
BANKNIFTY-II.NFO,13/09/2024,09:49:07,52088,52079.4,45,52082.45,105,0,251310
BANKNIFTY-II.NFO,13/09/2024,09:49:08,52088,52079.35,15,52082,45,0,251310
BANKNIFTY-II.NFO,13/09/2024,09:49:10,52079.35,52073.15,45,52080.7,90,15,251310
BANKNIFTY-II.NFO,13/09/2024,09:49:12,52079.35,52073.15,45,52079.25,90,0,251310
BANKNIFTY-II.NFO,13/09/2024,09:49:13,52079.35,52073.15,45,52077.15,90,0,251310
BANKNIFTY-II.NFO,13/09/2024,09:49:15,52079.35,52073.15,45,52076.1,90,0,251310
BANKNIFTY-II.NFO,13/09/2024,09:49:17,52079.35,52073.15,45,52077.15,90,0,251310
BANKNIFTY-II.NFO,13/09/2024,09:49:18,52079.35,52073.15,45,52080.85,90,0,251310
BANKNIFTY-II.NFO,13/09/2024,09:49:20,52079.35,52073.15,45,52077.95,90,0,251310
BANKNIFTY-II.NFO,13/09/2024,09:49:22,52079.35,52073.15,45,52076.05,90,0,251310
BANKNIFTY-II.NFO,13/09/2024,09:49:23,52079.35,52070.05,45,52073.15,15,0,251310
BANKNIFTY-II.NFO,13/09/2024,09:49:27,52079.35,52070.05,45,52072.6,90,0,251310
BANKNIFTY-II.NFO,13/09/2024,09:49:28,52079.35,52070.05,45,52072.45,90,0,251310
BANKNIFTY-II.NFO,13/09/2024,09:49:30,52079.35,52070.05,45,52073.15,15,0,251310
BANKNIFTY-II.NFO,13/09/2024,09:49:32,52079.35,52070.05,45,52072.8,90,0,251310
BANKNIFTY-II.NFO,13/09/2024,09:49:33,52079.35,52070,150,52070.05,15,0,251310
BANKNIFTY-II.NFO,13/09/2024,09:49:35,52073.15,52074.4,45,52078.2,90,30,251310
BANKNIFTY-II.NFO,13/09/2024,09:49:37,52074.4,52074.4,45,52078,90,15,251310
BANKNIFTY-II.NFO,13/09/2024,09:49:38,52074.4,52070.05,45,52077.7,90,0,251310
BANKNIFTY-II.NFO,13/09/2024,09:49:40,52074.4,52070.05,45,52075.8,90,0,251310
BANKNIFTY-II.NFO,13/09/2024,09:49:42,52074.4,52070.05,45,52073.3,90,0,251310
BANKNIFTY-II.NFO,13/09/2024,09:49:43,52074.4,52070.05,45,52070.85,90,0,251310
BANKNIFTY-II.NFO,13/09/2024,09:49:45,52070,52068.15,45,52071.3,135,150,251310
BANKNIFTY-II.NFO,13/09/2024,09:49:47,52070,52070,15,52072.45,150,0,251310
BANKNIFTY-II.NFO,13/09/2024,09:49:48,52070,52070,15,52072.15,90,0,251310
BANKNIFTY-II.NFO,13/09/2024,09:49:50,52070,52068.15,45,52070.75,105,15,251310
BANKNIFTY-II.NFO,13/09/2024,09:49:52,52070,52068.15,45,52070.75,90,0,251310
BANKNIFTY-II.NFO,13/09/2024,09:49:53,52070,52068.15,45,52073.05,90,0,251310
BANKNIFTY-II.NFO,13/09/2024,09:49:55,52070,52068.15,45,52070.8,135,0,251310
BANKNIFTY-II.NFO,13/09/2024,09:49:57,52070,52068.15,45,52069.8,150,0,251310
BANKNIFTY-II.NFO,13/09/2024,09:49:58,52070,52068.15,45,52070.3,75,0,251310
BANKNIFTY-II.NFO,13/09/2024,09:50:00,52068.1,52065.05,45,52070.8,75,30,251310
BANKNIFTY-II.NFO,13/09/2024,09:50:02,52068.1,52065.05,45,52068.9,135,0,251310
BANKNIFTY-II.NFO,13/09/2024,09:50:03,52068.1,52065.05,45,52068.7,90,0,251310
BANKNIFTY-II.NFO,13/09/2024,09:50:05,52068.1,52070.45,120,52077.65,300,0,251310
BANKNIFTY-II.NFO,13/09/2024,09:50:07,52070.4,52070.45,135,52077.55,300,30,251310
BANKNIFTY-II.NFO,13/09/2024,09:50:08,52070.4,52070.45,135,52077.65,300,0,251310
BANKNIFTY-II.NFO,13/09/2024,09:50:10,52070.4,52070.45,135,52077.75,300,0,251310
BANKNIFTY-II.NFO,13/09/2024,09:50:12,52070.4,52074.05,45,52080.55,300,0,251310
BANKNIFTY-II.NFO,13/09/2024,09:50:13,52070.4,52074.25,45,52080.55,45,0,251310
BANKNIFTY-II.NFO,13/09/2024,09:50:15,52070.4,52074.25,45,52078.65,300,0,251310
BANKNIFTY-II.NFO,13/09/2024,09:50:16,52070.4,52074.25,45,52077.95,75,0,251310
BANKNIFTY-II.NFO,13/09/2024,09:50:18,52070.4,52074.25,45,52078,90,0,251310
BANKNIFTY-II.NFO,13/09/2024,09:50:20,52070.4,52065.1,45,52071.95,15,0,251310
BANKNIFTY-II.NFO,13/09/2024,09:50:21,52070.4,52065.3,45,52073.65,135,0,251310
BANKNIFTY-II.NFO,13/09/2024,09:50:23,52070.4,52065.3,45,52071.9,90,0,251310
BANKNIFTY-II.NFO,13/09/2024,09:50:25,52070.4,52066.7,45,52074.4,135,0,251310
BANKNIFTY-II.NFO,13/09/2024,09:50:26,52070.4,52066.7,45,52072.65,90,0,251310
BANKNIFTY-II.NFO,13/09/2024,09:50:28,52070.4,52066.7,45,52071.95,75,0,251310
BANKNIFTY-II.NFO,13/09/2024,09:50:30,52070.4,52066.7,45,52073.6,90,0,251310
