Ticker,Date,Time,LTP,BuyPrice,BuyQty,SellPrice,SellQty,LTQ,OpenInterest
BANKNIFTY-I.NFO,13/09/2024,09:15:00,51944.7,51825.2,60,51865.15,60,510,2184960
BANKNIFTY-I.NFO,13/09/2024,09:15:00,51944.7,51825.2,60,51865.15,60,0,2184960
BANKNIFTY-I.NFO,13/09/2024,09:15:00,51944.7,51825.2,60,51865.15,60,0,2184960
BANKNIFTY-I.NFO,13/09/2024,09:15:00,51805.3,51825.2,60,51865.15,60,0,2184960
BANKNIFTY-I.NFO,13/09/2024,09:15:01,51823.6,51823.5,150,51845.15,75,420,2184960
BANKNIFTY-I.NFO,13/09/2024,09:15:02,51799.2,51784.35,60,51800,75,1305,2184960
BANKNIFTY-I.NFO,13/09/2024,09:15:02,51799.2,51784.35,60,51800,75,0,2184960
BANKNIFTY-I.NFO,13/09/2024,09:15:04,51792.4,51767.2,60,51787.7,60,1275,2184960
BANKNIFTY-I.NFO,13/09/2024,09:15:04,51763.65,51767.2,60,51787.7,60,0,2184960
BANKNIFTY-I.NFO,13/09/2024,09:15:05,51787.95,51767.25,15,51787,60,1545,2184960
BANKNIFTY-I.NFO,13/09/2024,09:15:05,51761.5,51767.25,15,51787,60,0,2184960
BANKNIFTY-I.NFO,13/09/2024,09:15:06,51767.7,51767.7,60,51781.25,30,600,2184960
BANKNIFTY-I.NFO,13/09/2024,09:15:08,51783.6,51782.25,30,51799.95,120,1545,2184960
BANKNIFTY-I.NFO,13/09/2024,09:15:10,51800,51800,45,51807.7,75,1110,2184960
BANKNIFTY-I.NFO,13/09/2024,09:15:11,51807.7,51807.7,15,51817.95,45,765,2184960
BANKNIFTY-I.NFO,13/09/2024,09:15:13,51823.35,51817.95,15,51824,15,390,2184960
BANKNIFTY-I.NFO,13/09/2024,09:15:14,51811.35,51811.45,60,51828.3,45,930,2184960
BANKNIFTY-I.NFO,13/09/2024,09:15:16,51825.7,51818,285,51827.2,120,390,2184960
BANKNIFTY-I.NFO,13/09/2024,09:15:17,51818,51818,30,51825.35,15,1170,2184960
BANKNIFTY-I.NFO,13/09/2024,09:15:19,51796.7,51793.6,15,51810.85,60,2235,2184960
BANKNIFTY-I.NFO,13/09/2024,09:15:21,51778.2,51778.15,15,51794.55,60,1875,2184960
BANKNIFTY-I.NFO,13/09/2024,09:15:22,51778.2,51778.15,30,51788.85,75,1020,2184960
BANKNIFTY-I.NFO,13/09/2024,09:15:24,51788.7,51778.45,45,51788.05,15,225,2184960
BANKNIFTY-I.NFO,13/09/2024,09:15:26,51778.65,51778.55,300,51786.55,75,570,2184960
BANKNIFTY-I.NFO,13/09/2024,09:15:27,51767.45,51767.45,30,51775.4,15,570,2184960
BANKNIFTY-I.NFO,13/09/2024,09:15:29,51764.8,51760.05,45,51765.05,15,765,2184960
BANKNIFTY-I.NFO,13/09/2024,09:15:30,51763.1,51758.1,15,51760.05,15,750,2184960
BANKNIFTY-I.NFO,13/09/2024,09:15:30,51758,51758.1,15,51760.05,15,0,2184960
BANKNIFTY-I.NFO,13/09/2024,09:15:32,51755.2,51755.2,30,51760,645,750,2184960
BANKNIFTY-I.NFO,13/09/2024,09:15:32,51755.1,51755.2,30,51760,645,0,2184960
BANKNIFTY-I.NFO,13/09/2024,09:15:34,51758.25,51758.05,30,51774.55,60,1035,2184960
BANKNIFTY-I.NFO,13/09/2024,09:15:35,51773.25,51763.6,45,51775.35,135,345,2184720
BANKNIFTY-I.NFO,13/09/2024,09:15:37,51772.6,51765.7,120,51774.95,15,450,2184720
BANKNIFTY-I.NFO,13/09/2024,09:15:38,51765.7,51766.1,180,51775.6,15,210,2184720
BANKNIFTY-I.NFO,13/09/2024,09:15:40,51774.65,51774.65,30,51780,30,120,2184720
BANKNIFTY-I.NFO,13/09/2024,09:15:42,51778.25,51772.6,120,51785.05,105,225,2184720
BANKNIFTY-I.NFO,13/09/2024,09:15:43,51780.8,51780.8,90,51788.05,15,165,2184720
BANKNIFTY-I.NFO,13/09/2024,09:15:45,51788.7,51785.05,90,51790,60,345,2184720
BANKNIFTY-I.NFO,13/09/2024,09:15:47,51788.95,51789.1,120,51798.55,15,675,2184720
BANKNIFTY-I.NFO,13/09/2024,09:15:48,51790.15,51790.15,120,51798.75,15,465,2184720
BANKNIFTY-I.NFO,13/09/2024,09:15:50,51790.15,51790.05,45,51800,75,270,2184720
BANKNIFTY-I.NFO,13/09/2024,09:15:51,51800,51800.05,75,51802.3,15,210,2184720
BANKNIFTY-I.NFO,13/09/2024,09:15:53,51800,51794.25,45,51802.35,120,180,2184720
BANKNIFTY-I.NFO,13/09/2024,09:15:55,51801.55,51786.75,135,51792.55,90,990,2184720
BANKNIFTY-I.NFO,13/09/2024,09:15:56,51788.25,51778.6,15,51787.45,285,780,2184720
BANKNIFTY-I.NFO,13/09/2024,09:15:58,51784.8,51778.7,75,51788.2,75,855,2184720
BANKNIFTY-I.NFO,13/09/2024,09:16:00,51778.1,51780.45,75,51792.15,15,360,2184720
BANKNIFTY-I.NFO,13/09/2024,09:16:01,51802,51798,60,51802,585,1230,2184720
BANKNIFTY-I.NFO,13/09/2024,09:16:03,51821,51816.25,15,51822,15,1710,2184720
BANKNIFTY-I.NFO,13/09/2024,09:16:04,51810.8,51810.8,120,51822.8,30,1710,2184720
BANKNIFTY-I.NFO,13/09/2024,09:16:06,51829.5,51817.45,120,51829.55,105,675,2184720
BANKNIFTY-I.NFO,13/09/2024,09:16:08,51828.15,51821,150,51827.6,75,1380,2184720
BANKNIFTY-I.NFO,13/09/2024,09:16:09,51815.85,51815.8,165,51820,15,765,2184720
BANKNIFTY-I.NFO,13/09/2024,09:16:11,51827.1,51820,15,51827.45,15,510,2184720
BANKNIFTY-I.NFO,13/09/2024,09:16:12,51815,51813.25,120,51815,210,450,2184720
BANKNIFTY-I.NFO,13/09/2024,09:16:14,51824.75,51813.9,120,51815.8,15,765,2184720
BANKNIFTY-I.NFO,13/09/2024,09:16:16,51814.35,51812.65,75,51822.95,15,900,2184720
BANKNIFTY-I.NFO,13/09/2024,09:16:17,51823.1,51814.25,15,51823.1,45,630,2184720
BANKNIFTY-I.NFO,13/09/2024,09:16:19,51823.55,51821.3,150,51823.1,15,1155,2184720
BANKNIFTY-I.NFO,13/09/2024,09:16:21,51821.9,51825.05,30,51829.45,150,345,2184720
BANKNIFTY-I.NFO,13/09/2024,09:16:22,51823.15,51816.9,120,51823.15,15,450,2184720
BANKNIFTY-I.NFO,13/09/2024,09:16:24,51824.7,51820.3,45,51824.75,15,225,2184720
BANKNIFTY-I.NFO,13/09/2024,09:16:25,51820,51820.05,30,51826.4,30,780,2184720
BANKNIFTY-I.NFO,13/09/2024,09:16:27,51823.5,51810,15,51819.15,30,720,2184720
BANKNIFTY-I.NFO,13/09/2024,09:16:29,51814,51815.6,45,51824.95,120,315,2184720
BANKNIFTY-I.NFO,13/09/2024,09:16:30,51823.55,51823.55,60,51829.5,60,270,2184720
BANKNIFTY-I.NFO,13/09/2024,09:16:32,51820,51815.2,150,51820,45,210,2184720
BANKNIFTY-I.NFO,13/09/2024,09:16:34,51820,51816.4,120,51820.3,645,75,2184720
BANKNIFTY-I.NFO,13/09/2024,09:16:35,51820.25,51820.2,75,51820.3,435,300,2184720
BANKNIFTY-I.NFO,13/09/2024,09:16:37,51820.15,51817.95,75,51820.3,345,525,2184720
BANKNIFTY-I.NFO,13/09/2024,09:16:38,51820.3,51820.25,75,51820.3,300,315,2184720
BANKNIFTY-I.NFO,13/09/2024,09:16:40,51822.6,51824.15,75,51829,105,675,2184720
BANKNIFTY-I.NFO,13/09/2024,09:16:42,51824.3,51826.1,390,51829,60,120,2184720
BANKNIFTY-I.NFO,13/09/2024,09:16:43,51830,51827.35,135,51830,1830,465,2184720
BANKNIFTY-I.NFO,13/09/2024,09:16:45,51826.1,51827.8,15,51830,1275,705,2184720
BANKNIFTY-I.NFO,13/09/2024,09:16:46,51828.95,51830.5,45,51835,30,1860,2184720
BANKNIFTY-I.NFO,13/09/2024,09:16:48,51837,51831,45,51837.95,135,120,2184720
BANKNIFTY-I.NFO,13/09/2024,09:16:50,51831,51830,480,51830.5,15,60,2184720
BANKNIFTY-I.NFO,13/09/2024,09:16:51,51830,51821.75,75,51830.2,7830,495,2184720
BANKNIFTY-I.NFO,13/09/2024,09:16:53,51826.8,51827.3,75,51830.2,7785,105,2184720
BANKNIFTY-I.NFO,13/09/2024,09:16:54,51828.3,51828.3,15,51830,15,1260,2184720
BANKNIFTY-I.NFO,13/09/2024,09:16:56,51830.2,51830.1,60,51830.2,6540,120,2184720
BANKNIFTY-I.NFO,13/09/2024,09:16:58,51830.15,51830,60,51830.2,4515,2370,2184720
BANKNIFTY-I.NFO,13/09/2024,09:16:59,51830.2,51823.2,30,51830.2,4350,285,2184720
BANKNIFTY-I.NFO,13/09/2024,09:17:01,51830.2,51830.15,15,51830.2,2745,1755,2184720
BANKNIFTY-I.NFO,13/09/2024,09:17:03,51835,51835.9,45,51837,15,3105,2184720
BANKNIFTY-I.NFO,13/09/2024,09:17:04,51835.95,51835.95,15,51840,75,555,2184720
BANKNIFTY-I.NFO,13/09/2024,09:17:06,51841.05,51836,15,51841.1,15,195,2184720
BANKNIFTY-I.NFO,13/09/2024,09:17:08,51842.95,51837.05,15,51843,45,210,2184720
BANKNIFTY-I.NFO,13/09/2024,09:17:09,51840.55,51837.05,15,51840.55,15,285,2184720
BANKNIFTY-I.NFO,13/09/2024,09:17:11,51835,51832,15,51838.6,15,240,2184720
BANKNIFTY-I.NFO,13/09/2024,09:17:12,51833,51833,105,51843.95,135,540,2184720
BANKNIFTY-I.NFO,13/09/2024,09:17:14,51836,51833,120,51843.15,120,75,2184720
BANKNIFTY-I.NFO,13/09/2024,09:17:16,51843.75,51836.05,15,51844.95,120,375,2184720
BANKNIFTY-I.NFO,13/09/2024,09:17:17,51845,51845,75,51848,30,1095,2184720
BANKNIFTY-I.NFO,13/09/2024,09:17:19,51845,51845,45,51850,75,705,2184720
BANKNIFTY-I.NFO,13/09/2024,09:17:20,51850,51839.9,60,51850,60,510,2184720
BANKNIFTY-I.NFO,13/09/2024,09:17:22,51851,51850.1,45,51851,15,135,2184720
BANKNIFTY-I.NFO,13/09/2024,09:17:24,51847.95,51843.5,90,51848,225,150,2184720
BANKNIFTY-I.NFO,13/09/2024,09:17:25,51848,51843.5,15,51848,210,45,2184720
BANKNIFTY-I.NFO,13/09/2024,09:17:27,51850,51850.05,45,51854.95,120,315,2184720
BANKNIFTY-I.NFO,13/09/2024,09:17:28,51854.95,51845.45,45,51850,180,705,2184720
BANKNIFTY-I.NFO,13/09/2024,09:17:30,51848,51841.95,75,51850,120,270,2184720
BANKNIFTY-I.NFO,13/09/2024,09:17:32,51850.05,51841.95,30,51849.2,180,1020,2184720
BANKNIFTY-I.NFO,13/09/2024,09:17:33,51847.95,51840.2,165,51848.95,120,75,2184720
BANKNIFTY-I.NFO,13/09/2024,09:17:35,51843.15,51843.15,30,51850,75,990,2184720
BANKNIFTY-I.NFO,13/09/2024,09:17:36,51843.15,51849.45,30,51850,60,45,2184720
BANKNIFTY-I.NFO,13/09/2024,09:17:38,51850,51849.45,15,51850.1,405,150,2184720
BANKNIFTY-I.NFO,13/09/2024,09:17:40,51845,51844.85,15,51845,510,960,2184720
BANKNIFTY-I.NFO,13/09/2024,09:17:41,51842.4,51840.25,30,51843.15,15,120,2184720
BANKNIFTY-I.NFO,13/09/2024,09:17:43,51840.25,51840.25,30,51845,255,270,2184720
BANKNIFTY-I.NFO,13/09/2024,09:17:44,51843.15,51843.4,30,51845,240,165,2184720
BANKNIFTY-I.NFO,13/09/2024,09:17:46,51849.4,51841.25,45,51849.4,45,1530,2184720
BANKNIFTY-I.NFO,13/09/2024,09:17:48,51845.55,51838.05,60,51846.95,75,105,2184720
BANKNIFTY-I.NFO,13/09/2024,09:17:49,51836,51833.3,15,51840.05,30,120,2184720
BANKNIFTY-I.NFO,13/09/2024,09:17:51,51836.8,51833.3,15,51836.75,15,240,2184720
BANKNIFTY-I.NFO,13/09/2024,09:17:53,51830,51830,570,51836.6,90,285,2184720
BANKNIFTY-I.NFO,13/09/2024,09:17:54,51830,51830,525,51832.5,15,105,2184720
BANKNIFTY-I.NFO,13/09/2024,09:17:56,51830.35,51831.4,15,51841.25,30,825,2184720
BANKNIFTY-I.NFO,13/09/2024,09:17:57,51838.3,51828.05,30,51838.45,30,585,2184720
BANKNIFTY-I.NFO,13/09/2024,09:17:59,51825.65,51825.6,30,51836.5,135,120,2184720
BANKNIFTY-I.NFO,13/09/2024,09:18:01,51825.55,51822,120,51825.7,15,60,2184720
BANKNIFTY-I.NFO,13/09/2024,09:18:02,51822,51822,90,51826.1,300,195,2184720
BANKNIFTY-I.NFO,13/09/2024,09:18:04,51822.05,51822.05,30,51823.85,15,60,2184720
BANKNIFTY-I.NFO,13/09/2024,09:18:06,51820,51820,795,51824.1,300,405,2184720
BANKNIFTY-I.NFO,13/09/2024,09:18:07,51820,51820,675,51821.85,30,345,2184720
BANKNIFTY-I.NFO,13/09/2024,09:18:09,51810,51810.05,45,51811.8,105,900,2184720
BANKNIFTY-I.NFO,13/09/2024,09:18:10,51810,51810,45,51813.3,255,300,2184720
BANKNIFTY-I.NFO,13/09/2024,09:18:12,51813.05,51806.9,15,51813.05,45,345,2184720
BANKNIFTY-I.NFO,13/09/2024,09:18:14,51820.45,51812.1,15,51820.95,120,420,2184720
BANKNIFTY-I.NFO,13/09/2024,09:18:15,51810,51811.35,15,51820.7,120,180,2184720
BANKNIFTY-I.NFO,13/09/2024,09:18:17,51819.95,51811.85,30,51819.4,120,180,2184720
BANKNIFTY-I.NFO,13/09/2024,09:18:19,51807,51805.75,75,51815.75,30,645,2184720
BANKNIFTY-I.NFO,13/09/2024,09:18:20,51813.15,51805,150,51810.8,15,225,2184720
BANKNIFTY-I.NFO,13/09/2024,09:18:22,51819.95,51814.3,45,51820,135,615,2184720
BANKNIFTY-I.NFO,13/09/2024,09:18:24,51820,51816.5,30,51821,15,405,2184720
BANKNIFTY-I.NFO,13/09/2024,09:18:25,51823.25,51814.9,15,51823.15,120,255,2184720
BANKNIFTY-I.NFO,13/09/2024,09:18:27,51822.55,51822.5,30,51832.4,15,1215,2184720
BANKNIFTY-I.NFO,13/09/2024,09:18:29,51828.95,51819.35,15,51829.85,60,300,2184720
BANKNIFTY-I.NFO,13/09/2024,09:18:30,51813.35,51813.3,45,51824.2,60,120,2184720
BANKNIFTY-I.NFO,13/09/2024,09:18:32,51824.5,51813.35,15,51823.15,30,165,2184720
BANKNIFTY-I.NFO,13/09/2024,09:18:34,51820.85,51812,60,51814.85,120,225,2184720
BANKNIFTY-I.NFO,13/09/2024,09:18:35,51810.55,51810.55,120,51814.85,30,480,2192070
BANKNIFTY-I.NFO,13/09/2024,09:18:37,51809.85,51809.95,30,51812,15,60,2192070
BANKNIFTY-I.NFO,13/09/2024,09:18:39,51812,51812.5,30,51814.85,30,30,2192070
BANKNIFTY-I.NFO,13/09/2024,09:18:40,51815,51812.9,30,51815,735,360,2192070
BANKNIFTY-I.NFO,13/09/2024,09:18:42,51812,51812,45,51815,690,210,2192070
BANKNIFTY-I.NFO,13/09/2024,09:18:44,51815,51812.8,150,51815,630,60,2192070
BANKNIFTY-I.NFO,13/09/2024,09:18:45,51814.95,51806.15,15,51813.45,15,1305,2192070
BANKNIFTY-I.NFO,13/09/2024,09:18:47,51814.2,51805.1,15,51814.05,30,135,2192070
BANKNIFTY-I.NFO,13/09/2024,09:18:49,51818.45,51808.8,15,51818.45,75,1440,2192070
BANKNIFTY-I.NFO,13/09/2024,09:18:50,51819.45,51811,15,51819.45,45,30,2192070
BANKNIFTY-I.NFO,13/09/2024,09:18:52,51810.25,51810,15,51814.3,15,15,2192070
BANKNIFTY-I.NFO,13/09/2024,09:18:54,51816.35,51807.8,15,51816.6,60,780,2192070
BANKNIFTY-I.NFO,13/09/2024,09:18:55,51810,51808.85,15,51810,30,195,2192070
BANKNIFTY-I.NFO,13/09/2024,09:18:57,51821.5,51810.05,15,51819.9,30,195,2192070
BANKNIFTY-I.NFO,13/09/2024,09:18:59,51808.8,51802,30,51808.8,15,45,2192070
BANKNIFTY-I.NFO,13/09/2024,09:19:00,51800.1,51800.1,135,51808.1,15,300,2192070
BANKNIFTY-I.NFO,13/09/2024,09:19:02,51806.3,51797.7,15,51806.4,15,1080,2192070
BANKNIFTY-I.NFO,13/09/2024,09:19:04,51801.15,51799.5,15,51808.3,15,135,2192070
BANKNIFTY-I.NFO,13/09/2024,09:19:05,51798.9,51797.45,30,51804.95,75,120,2192070
BANKNIFTY-I.NFO,13/09/2024,09:19:07,51803.85,51793.75,120,51803.35,15,210,2192070
BANKNIFTY-I.NFO,13/09/2024,09:19:09,51803.35,51796.95,165,51808.15,120,960,2192070
BANKNIFTY-I.NFO,13/09/2024,09:19:10,51798.1,51798.1,30,51804.65,15,495,2192070
BANKNIFTY-I.NFO,13/09/2024,09:19:12,51801.25,51801,15,51803.65,15,45,2192070
BANKNIFTY-I.NFO,13/09/2024,09:19:14,51798.1,51797.65,15,51807.65,15,60,2192070
BANKNIFTY-I.NFO,13/09/2024,09:19:15,51810,51802.25,15,51810,45,195,2192070
BANKNIFTY-I.NFO,13/09/2024,09:19:17,51818.45,51806.2,120,51815.3,15,450,2192070
BANKNIFTY-I.NFO,13/09/2024,09:19:19,51816,51807.95,15,51815.65,120,105,2192070
BANKNIFTY-I.NFO,13/09/2024,09:19:20,51811,51810.9,15,51816,15,60,2192070
BANKNIFTY-I.NFO,13/09/2024,09:19:22,51811,51807.65,150,51811,60,360,2192070
BANKNIFTY-I.NFO,13/09/2024,09:19:24,51816,51815,420,51817.6,15,120,2192070
BANKNIFTY-I.NFO,13/09/2024,09:19:25,51815,51815,330,51818.2,15,105,2192070
BANKNIFTY-I.NFO,13/09/2024,09:19:27,51816.1,51815,105,51816.1,120,345,2192070
BANKNIFTY-I.NFO,13/09/2024,09:19:29,51804.5,51804.05,45,51814.3,150,120,2192070
BANKNIFTY-I.NFO,13/09/2024,09:19:30,51815.15,51803.4,45,51814.05,75,135,2192070
BANKNIFTY-I.NFO,13/09/2024,09:19:32,51807.2,51801.3,45,51811.45,75,15,2192070
BANKNIFTY-I.NFO,13/09/2024,09:19:34,51802.3,51802.3,30,51813,15,555,2192070
BANKNIFTY-I.NFO,13/09/2024,09:19:35,51813.5,51805.05,45,51814.95,75,15,2192070
BANKNIFTY-I.NFO,13/09/2024,09:19:37,51803.2,51805.15,120,51814.8,120,240,2192070
BANKNIFTY-I.NFO,13/09/2024,09:19:39,51801.75,51802,15,51814.35,135,510,2192070
BANKNIFTY-I.NFO,13/09/2024,09:19:40,51814.15,51806.5,15,51814.1,15,30,2192070
BANKNIFTY-I.NFO,13/09/2024,09:19:42,51814.35,51814.4,45,51814.8,15,90,2192070
BANKNIFTY-I.NFO,13/09/2024,09:19:44,51818,51817,30,51818,90,180,2192070
BANKNIFTY-I.NFO,13/09/2024,09:19:45,51817,51814.85,45,51817.95,15,45,2192070
BANKNIFTY-I.NFO,13/09/2024,09:19:47,51817.95,51817.95,30,51821,75,360,2192070
BANKNIFTY-I.NFO,13/09/2024,09:19:49,51818.05,51818.05,30,51823.9,30,390,2192070
BANKNIFTY-I.NFO,13/09/2024,09:19:50,51818,51818,60,51825,150,75,2192070
BANKNIFTY-I.NFO,13/09/2024,09:19:52,51817.95,51814.65,45,51818,15,315,2192070
BANKNIFTY-I.NFO,13/09/2024,09:19:54,51824.95,51817.1,60,51825,60,525,2192070
BANKNIFTY-I.NFO,13/09/2024,09:19:55,51823.55,51817.1,45,51823.55,60,180,2192070
BANKNIFTY-I.NFO,13/09/2024,09:19:57,51817.1,51817.2,45,51820,15,30,2192070
BANKNIFTY-I.NFO,13/09/2024,09:19:59,51824.95,51820.45,60,51824.95,105,90,2192070
BANKNIFTY-I.NFO,13/09/2024,09:20:00,51822.4,51820.45,45,51827.35,30,285,2192070
BANKNIFTY-I.NFO,13/09/2024,09:20:02,51826.25,51826.7,60,51830,135,60,2192070
BANKNIFTY-I.NFO,13/09/2024,09:20:04,51840,51840.05,30,51842.2,15,585,2192070
BANKNIFTY-I.NFO,13/09/2024,09:20:05,51830,51832,75,51840.15,120,1065,2192070
BANKNIFTY-I.NFO,13/09/2024,09:20:07,51842.35,51840.15,45,51843.15,15,405,2192070
BANKNIFTY-I.NFO,13/09/2024,09:20:09,51842.5,51842.5,2955,51845.35,90,360,2192070
BANKNIFTY-I.NFO,13/09/2024,09:20:10,51846.95,51842.5,3015,51845.8,75,60,2192070
BANKNIFTY-I.NFO,13/09/2024,09:20:12,51848.85,51842.5,3090,51848.85,60,135,2192070
BANKNIFTY-I.NFO,13/09/2024,09:20:14,51849,51844.05,30,51848.85,15,255,2192070
BANKNIFTY-I.NFO,13/09/2024,09:20:15,51849,51844.25,60,51849,15,30,2192070
BANKNIFTY-I.NFO,13/09/2024,09:20:17,51850,51848.8,90,51850,360,960,2192070
BANKNIFTY-I.NFO,13/09/2024,09:20:19,51850.65,51850.65,15,51853,15,510,2192070
BANKNIFTY-I.NFO,13/09/2024,09:20:20,51850.65,51851.15,45,51855,210,225,2192070
BANKNIFTY-I.NFO,13/09/2024,09:20:22,51853.3,51850,2745,51853.9,75,540,2192070
BANKNIFTY-I.NFO,13/09/2024,09:20:24,51846.85,51840.15,45,51846.3,15,3540,2192070
BANKNIFTY-I.NFO,13/09/2024,09:20:25,51847.3,51840.15,45,51846.9,15,1065,2192070
BANKNIFTY-I.NFO,13/09/2024,09:20:27,51848.2,51840.15,45,51843.7,15,45,2192070
BANKNIFTY-I.NFO,13/09/2024,09:20:29,51842.25,51835.85,45,51843.7,15,300,2192070
BANKNIFTY-I.NFO,13/09/2024,09:20:30,51838.35,51838.35,30,51840.25,90,495,2192070
BANKNIFTY-I.NFO,13/09/2024,09:20:32,51840.25,51840.1,45,51847.3,15,120,2192070
BANKNIFTY-I.NFO,13/09/2024,09:20:34,51843.65,51843.65,30,51847.3,15,45,2192070
BANKNIFTY-I.NFO,13/09/2024,09:20:35,51843.65,51843.6,45,51848.4,75,105,2192070
BANKNIFTY-I.NFO,13/09/2024,09:20:37,51849.1,51843.65,30,51849.95,15,60,2192070
BANKNIFTY-I.NFO,13/09/2024,09:20:39,51845.2,51845.4,60,51850,45,105,2192070
BANKNIFTY-I.NFO,13/09/2024,09:20:40,51850.4,51850.4,45,51854.6,15,75,2192070
BANKNIFTY-I.NFO,13/09/2024,09:20:42,51850.2,51844.75,45,51850.2,180,525,2192070
BANKNIFTY-I.NFO,13/09/2024,09:20:44,51850.2,51843.55,45,51849,75,165,2192070
BANKNIFTY-I.NFO,13/09/2024,09:20:45,51843.6,51843.6,30,51849,15,120,2192070
BANKNIFTY-I.NFO,13/09/2024,09:20:47,51845.95,51840.05,45,51846,75,420,2192070
BANKNIFTY-I.NFO,13/09/2024,09:20:49,51840.2,51840.05,45,51843.6,90,30,2192070
BANKNIFTY-I.NFO,13/09/2024,09:20:50,51840.2,51840,495,51844.7,15,165,2192070
BANKNIFTY-I.NFO,13/09/2024,09:20:52,51848,51844.75,15,51846.8,15,450,2192070
BANKNIFTY-I.NFO,13/09/2024,09:20:54,51849,51845.55,30,51849,60,195,2192070
BANKNIFTY-I.NFO,13/09/2024,09:20:55,51849,51846,30,51849,60,240,2192070
BANKNIFTY-I.NFO,13/09/2024,09:20:57,51843.25,51843.25,45,51849,60,195,2192070
BANKNIFTY-I.NFO,13/09/2024,09:20:59,51840,51838.75,15,51847.7,75,555,2192070
BANKNIFTY-I.NFO,13/09/2024,09:21:00,51837,51835.7,45,51837,15,885,2192070
BANKNIFTY-I.NFO,13/09/2024,09:21:02,51840,51838.4,45,51843.25,15,60,2192070
BANKNIFTY-I.NFO,13/09/2024,09:21:04,51833.85,51834.25,45,51842.6,150,525,2192070
BANKNIFTY-I.NFO,13/09/2024,09:21:05,51834.25,51834.25,45,51837.8,15,30,2192070
BANKNIFTY-I.NFO,13/09/2024,09:21:07,51825.2,51832.9,45,51841.35,15,195,2192070
BANKNIFTY-I.NFO,13/09/2024,09:21:09,51830.05,51830.15,45,51836.65,15,120,2192070
BANKNIFTY-I.NFO,13/09/2024,09:21:10,51835.45,51835.1,120,51842.4,15,75,2192070
BANKNIFTY-I.NFO,13/09/2024,09:21:12,51840,51841.95,60,51843.25,15,120,2192070
BANKNIFTY-I.NFO,13/09/2024,09:21:14,51841.95,51841.95,45,51843.25,15,15,2192070
BANKNIFTY-I.NFO,13/09/2024,09:21:15,51846,51841.95,45,51846,15,150,2192070
BANKNIFTY-I.NFO,13/09/2024,09:21:17,51847,51842,45,51847,45,90,2192070
BANKNIFTY-I.NFO,13/09/2024,09:21:19,51847,51842.1,15,51847,15,30,2192070
BANKNIFTY-I.NFO,13/09/2024,09:21:21,51847.05,51847,150,51847.3,300,45,2192070
BANKNIFTY-I.NFO,13/09/2024,09:21:22,51847,51847,135,51847.3,300,15,2192070
BANKNIFTY-I.NFO,13/09/2024,09:21:24,51842,51841.95,15,51847.05,120,690,2192070
BANKNIFTY-I.NFO,13/09/2024,09:21:25,51841.9,51841.9,690,51846,15,105,2192070
BANKNIFTY-I.NFO,13/09/2024,09:21:27,51847.05,51841.95,45,51847.05,45,60,2192070
BANKNIFTY-I.NFO,13/09/2024,09:21:29,51841.9,51843.5,15,51847.05,30,90,2192070
BANKNIFTY-I.NFO,13/09/2024,09:21:30,51847.3,51846.05,15,51847.3,45,300,2192070
BANKNIFTY-I.NFO,13/09/2024,09:21:32,51847.3,51847.35,15,51848.1,300,45,2192070
BANKNIFTY-I.NFO,13/09/2024,09:21:34,51847.3,51847.3,15,51848.1,300,45,2192070
BANKNIFTY-I.NFO,13/09/2024,09:21:35,51849,51843.65,15,51847.3,15,1305,2195235
BANKNIFTY-I.NFO,13/09/2024,09:21:37,51849.25,51841.9,60,51847.45,15,195,2195235
BANKNIFTY-I.NFO,13/09/2024,09:21:39,51848,51848.1,30,51849,75,15,2195235
BANKNIFTY-I.NFO,13/09/2024,09:21:40,51842.65,51842.6,45,51849,75,90,2195235
BANKNIFTY-I.NFO,13/09/2024,09:21:42,51849,51843.1,45,51849,30,45,2195235
BANKNIFTY-I.NFO,13/09/2024,09:21:44,51849,51842.85,45,51849,15,150,2195235
BANKNIFTY-I.NFO,13/09/2024,09:21:45,51841.9,51843.2,15,51847.05,15,15,2195235
BANKNIFTY-I.NFO,13/09/2024,09:21:47,51845.45,51841.9,75,51845.5,30,45,2195235
BANKNIFTY-I.NFO,13/09/2024,09:21:49,51840,51838.85,75,51841.65,30,735,2195235
BANKNIFTY-I.NFO,13/09/2024,09:21:50,51835,51835,15,51837.75,30,240,2195235
BANKNIFTY-I.NFO,13/09/2024,09:21:52,51835.2,51832.6,45,51837.8,15,60,2195235
BANKNIFTY-I.NFO,13/09/2024,09:21:54,51835.2,51832.6,45,51836.25,15,0,2195235
BANKNIFTY-I.NFO,13/09/2024,09:21:55,51832.6,51830.05,45,51835,75,120,2195235
BANKNIFTY-I.NFO,13/09/2024,09:21:57,51841,51833.15,45,51841.45,120,90,2195235
BANKNIFTY-I.NFO,13/09/2024,09:21:59,51833.45,51833.75,45,51841.75,120,120,2195235
BANKNIFTY-I.NFO,13/09/2024,09:22:00,51833,51830.05,45,51832.7,30,210,2195235
BANKNIFTY-I.NFO,13/09/2024,09:22:02,51820.5,51823.2,120,51829,30,300,2195235
BANKNIFTY-I.NFO,13/09/2024,09:22:04,51820.9,51822.55,45,51827,30,300,2195235
BANKNIFTY-I.NFO,13/09/2024,09:22:05,51820.05,51820.05,30,51824.6,15,105,2195235
BANKNIFTY-I.NFO,13/09/2024,09:22:07,51820.2,51815.05,45,51820.15,15,255,2195235
BANKNIFTY-I.NFO,13/09/2024,09:22:09,51815,51815.05,15,51821.35,45,90,2195235
BANKNIFTY-I.NFO,13/09/2024,09:22:10,51816.25,51816.45,45,51820.2,15,90,2195235
BANKNIFTY-I.NFO,13/09/2024,09:22:12,51815,51815.05,45,51819.2,300,165,2195235
BANKNIFTY-I.NFO,13/09/2024,09:22:13,51816.45,51810.05,45,51818.5,15,870,2195235
BANKNIFTY-I.NFO,13/09/2024,09:22:15,51809.4,51808.5,15,51815.95,105,225,2195235
BANKNIFTY-I.NFO,13/09/2024,09:22:17,51806.7,51807.15,45,51815,15,60,2195235
BANKNIFTY-I.NFO,13/09/2024,09:22:18,51802.9,51804.95,15,51810,90,330,2195235
BANKNIFTY-I.NFO,13/09/2024,09:22:20,51807.15,51801.35,45,51810,90,30,2195235
BANKNIFTY-I.NFO,13/09/2024,09:22:22,51800,51800,165,51804.95,15,300,2195235
BANKNIFTY-I.NFO,13/09/2024,09:22:23,51807,51803.65,45,51810,90,150,2195235
BANKNIFTY-I.NFO,13/09/2024,09:22:25,51804.25,51804.35,15,51813.2,15,345,2195235
BANKNIFTY-I.NFO,13/09/2024,09:22:27,51804.95,51804.95,30,51807,15,75,2195235
BANKNIFTY-I.NFO,13/09/2024,09:22:28,51804,51802.95,45,51807,15,120,2195235
BANKNIFTY-I.NFO,13/09/2024,09:22:30,51800,51800,360,51804,15,195,2195235
BANKNIFTY-I.NFO,13/09/2024,09:22:32,51817.1,51807.4,135,51816.4,15,975,2195235
BANKNIFTY-I.NFO,13/09/2024,09:22:33,51815.3,51807.85,120,51817.95,120,60,2195235
BANKNIFTY-I.NFO,13/09/2024,09:22:35,51818.35,51811.1,60,51819.95,105,15,2195235
BANKNIFTY-I.NFO,13/09/2024,09:22:37,51818.35,51815.05,45,51820,45,0,2195235
BANKNIFTY-I.NFO,13/09/2024,09:22:38,51817.7,51815,15,51817.7,15,135,2195235
BANKNIFTY-I.NFO,13/09/2024,09:22:40,51820,51812.5,45,51819,15,45,2195235
BANKNIFTY-I.NFO,13/09/2024,09:22:42,51820,51812.45,30,51817,15,0,2195235
BANKNIFTY-I.NFO,13/09/2024,09:22:43,51812.45,51812.05,15,51816.65,30,975,2195235
BANKNIFTY-I.NFO,13/09/2024,09:22:45,51813,51810,900,51815.55,30,45,2195235
BANKNIFTY-I.NFO,13/09/2024,09:22:47,51814.5,51810,900,51813.8,30,60,2195235
BANKNIFTY-I.NFO,13/09/2024,09:22:48,51812.45,51810,900,51813.5,30,180,2195235
BANKNIFTY-I.NFO,13/09/2024,09:22:50,51810.05,51810.05,15,51815.05,30,1590,2195235
BANKNIFTY-I.NFO,13/09/2024,09:22:52,51810.05,51810.05,195,51814.9,30,0,2195235
BANKNIFTY-I.NFO,13/09/2024,09:22:53,51815,51810.8,135,51814.9,30,210,2195235
BANKNIFTY-I.NFO,13/09/2024,09:22:55,51812.85,51810,1110,51812.45,210,270,2195235
BANKNIFTY-I.NFO,13/09/2024,09:22:56,51812.85,51810,1110,51812.45,240,0,2195235
BANKNIFTY-I.NFO,13/09/2024,09:22:58,51812.45,51810,1080,51812.45,210,75,2195235
BANKNIFTY-I.NFO,13/09/2024,09:23:00,51812.45,51810,1005,51812.45,195,90,2195235
BANKNIFTY-I.NFO,13/09/2024,09:23:01,51810.75,51805,30,51812.35,15,1110,2195235
BANKNIFTY-I.NFO,13/09/2024,09:23:03,51805,51805.05,45,51812.35,45,15,2195235
BANKNIFTY-I.NFO,13/09/2024,09:23:05,51812.35,51812.35,15,51812.45,165,45,2195235
BANKNIFTY-I.NFO,13/09/2024,09:23:06,51805,51804.95,15,51811.45,105,150,2195235
BANKNIFTY-I.NFO,13/09/2024,09:23:08,51799,51798.75,105,51800,195,735,2195235
BANKNIFTY-I.NFO,13/09/2024,09:23:10,51797.05,51797.05,30,51800,90,210,2195235
BANKNIFTY-I.NFO,13/09/2024,09:23:11,51797.05,51797,15,51799.95,30,0,2195235
BANKNIFTY-I.NFO,13/09/2024,09:23:13,51797,51794.75,15,51797,15,60,2195235
BANKNIFTY-I.NFO,13/09/2024,09:23:15,51801.7,51802.4,30,51811.05,15,1200,2195235
BANKNIFTY-I.NFO,13/09/2024,09:23:16,51812.35,51807.55,120,51812.35,15,300,2195235
BANKNIFTY-I.NFO,13/09/2024,09:23:18,51806.65,51805.8,15,51812.35,90,15,2195235
BANKNIFTY-I.NFO,13/09/2024,09:23:20,51808.15,51810.95,120,51812.35,90,15,2195235
BANKNIFTY-I.NFO,13/09/2024,09:23:21,51812.35,51809.5,15,51812.45,165,105,2195235
BANKNIFTY-I.NFO,13/09/2024,09:23:23,51812.05,51812.2,60,51820,75,375,2195235
BANKNIFTY-I.NFO,13/09/2024,09:23:25,51815.1,51814.7,60,51819.8,15,15,2195235
BANKNIFTY-I.NFO,13/09/2024,09:23:26,51819.8,51818.05,15,51820,75,60,2195235
BANKNIFTY-I.NFO,13/09/2024,09:23:28,51820,51820,135,51826,15,255,2195235
BANKNIFTY-I.NFO,13/09/2024,09:23:30,51825,51825,45,51825.5,120,60,2195235
BANKNIFTY-I.NFO,13/09/2024,09:23:31,51820,51820,210,51821,15,255,2195235
BANKNIFTY-I.NFO,13/09/2024,09:23:33,51820,51820,30,51829,30,480,2195235
BANKNIFTY-I.NFO,13/09/2024,09:23:35,51829,51820.6,120,51829.95,15,15,2195235
BANKNIFTY-I.NFO,13/09/2024,09:23:36,51821.75,51821.75,30,51828.8,15,15,2195235
BANKNIFTY-I.NFO,13/09/2024,09:23:38,51828.8,51820.45,45,51829.7,15,240,2195235
BANKNIFTY-I.NFO,13/09/2024,09:23:40,51828.8,51822.4,45,51830,135,0,2195235
BANKNIFTY-I.NFO,13/09/2024,09:23:41,51821.05,51820.05,45,51825,90,15,2195235
BANKNIFTY-I.NFO,13/09/2024,09:23:43,51821.75,51821,375,51822.9,15,15,2195235
BANKNIFTY-I.NFO,13/09/2024,09:23:45,51820,51811.25,45,51820.5,15,465,2195235
BANKNIFTY-I.NFO,13/09/2024,09:23:46,51817.75,51811.25,30,51817.05,150,30,2195235
BANKNIFTY-I.NFO,13/09/2024,09:23:48,51810,51810,30,51815,15,195,2195235
BANKNIFTY-I.NFO,13/09/2024,09:23:50,51815,51810,30,51814.95,165,15,2195235
BANKNIFTY-I.NFO,13/09/2024,09:23:51,51813.9,51810,30,51812.5,300,105,2195235
BANKNIFTY-I.NFO,13/09/2024,09:23:53,51812.3,51802.7,45,51812.2,15,150,2195235
BANKNIFTY-I.NFO,13/09/2024,09:23:55,51810.45,51805.05,30,51810.4,75,165,2195235
BANKNIFTY-I.NFO,13/09/2024,09:23:56,51801,51801,30,51807.15,255,150,2195235
BANKNIFTY-I.NFO,13/09/2024,09:23:58,51801,51802,15,51803.7,240,0,2195235
BANKNIFTY-I.NFO,13/09/2024,09:23:59,51807.25,51803.65,15,51808.7,75,1080,2195235
BANKNIFTY-I.NFO,13/09/2024,09:24:01,51808.7,51805.2,195,51808.65,30,15,2195235
BANKNIFTY-I.NFO,13/09/2024,09:24:03,51805.2,51805.2,135,51808.65,15,90,2195235
BANKNIFTY-I.NFO,13/09/2024,09:24:04,51805.55,51806.2,120,51808.65,30,30,2195235
BANKNIFTY-I.NFO,13/09/2024,09:24:06,51805.25,51806.15,120,51808.65,15,75,2195235
BANKNIFTY-I.NFO,13/09/2024,09:24:08,51805.2,51805.2,120,51808.7,15,30,2195235
BANKNIFTY-I.NFO,13/09/2024,09:24:09,51806.45,51807.05,120,51810,45,105,2195235
BANKNIFTY-I.NFO,13/09/2024,09:24:11,51811.15,51811.15,15,51815,45,180,2195235
BANKNIFTY-I.NFO,13/09/2024,09:24:12,51810.85,51811.4,120,51820,120,150,2195235
BANKNIFTY-I.NFO,13/09/2024,09:24:14,51810.8,51810.8,105,51811.6,30,195,2195235
BANKNIFTY-I.NFO,13/09/2024,09:24:16,51800,51800.05,45,51803.25,45,435,2195235
BANKNIFTY-I.NFO,13/09/2024,09:24:17,51804.25,51800.05,45,51803.9,30,90,2195235
BANKNIFTY-I.NFO,13/09/2024,09:24:19,51787.25,51792.3,60,51796,75,1860,2195235
BANKNIFTY-I.NFO,13/09/2024,09:24:21,51796,51792.85,45,51804.15,15,105,2195235
BANKNIFTY-I.NFO,13/09/2024,09:24:22,51795.95,51795.95,30,51804.55,30,135,2195235
BANKNIFTY-I.NFO,13/09/2024,09:24:24,51792.75,51787.8,45,51795.95,15,150,2195235
BANKNIFTY-I.NFO,13/09/2024,09:24:26,51790.1,51790.05,30,51795.95,30,255,2195235
BANKNIFTY-I.NFO,13/09/2024,09:24:27,51797.55,51790.2,15,51797.6,15,75,2195235
BANKNIFTY-I.NFO,13/09/2024,09:24:29,51797.55,51796.1,45,51803.7,30,0,2195235
BANKNIFTY-I.NFO,13/09/2024,09:24:31,51804.45,51798.7,45,51804.5,15,105,2195235
BANKNIFTY-I.NFO,13/09/2024,09:24:32,51804.45,51797.6,15,51800,90,0,2195235
BANKNIFTY-I.NFO,13/09/2024,09:24:34,51795.95,51790.2,45,51796.2,45,270,2195235
BANKNIFTY-I.NFO,13/09/2024,09:24:36,51795.95,51790.2,45,51795.7,30,0,2195235
BANKNIFTY-I.NFO,13/09/2024,09:24:37,51796.65,51790.3,45,51795.35,45,90,2199600
BANKNIFTY-I.NFO,13/09/2024,09:24:39,51795.35,51790.55,45,51797.2,30,15,2199600
BANKNIFTY-I.NFO,13/09/2024,09:24:41,51795.3,51790.3,60,51795.4,30,180,2199600
BANKNIFTY-I.NFO,13/09/2024,09:24:42,51795.35,51791,15,51796.65,75,75,2199600
BANKNIFTY-I.NFO,13/09/2024,09:24:44,51796.65,51791,15,51796.65,60,15,2199600
BANKNIFTY-I.NFO,13/09/2024,09:24:46,51796.65,51795.4,45,51796.65,60,0,2199600
BANKNIFTY-I.NFO,13/09/2024,09:24:47,51795.4,51791.05,15,51796.65,90,60,2199600
BANKNIFTY-I.NFO,13/09/2024,09:24:49,51796.5,51791.05,15,51795.7,30,45,2199600
BANKNIFTY-I.NFO,13/09/2024,09:24:51,51793,51791.1,45,51796.65,60,90,2199600
BANKNIFTY-I.NFO,13/09/2024,09:24:52,51794.2,51791.1,15,51795.15,15,135,2199600
BANKNIFTY-I.NFO,13/09/2024,09:24:54,51788.15,51788.1,15,51791.85,15,225,2199600
BANKNIFTY-I.NFO,13/09/2024,09:24:56,51787.6,51787.65,30,51790,15,90,2199600
BANKNIFTY-I.NFO,13/09/2024,09:24:57,51780.2,51780.2,30,51783.6,15,765,2199600
BANKNIFTY-I.NFO,13/09/2024,09:24:59,51782.55,51780.2,45,51783.6,15,45,2199600
BANKNIFTY-I.NFO,13/09/2024,09:25:01,51787.15,51782.55,45,51786.35,30,45,2199600
BANKNIFTY-I.NFO,13/09/2024,09:25:02,51782.05,51780,90,51782.5,15,1170,2199600
BANKNIFTY-I.NFO,13/09/2024,09:25:04,51784.8,51780.15,15,51784.65,15,240,2199600
BANKNIFTY-I.NFO,13/09/2024,09:25:06,51782.8,51780.25,15,51783.9,180,30,2199600
BANKNIFTY-I.NFO,13/09/2024,09:25:07,51780.05,51780,240,51783.6,15,60,2199600
BANKNIFTY-I.NFO,13/09/2024,09:25:09,51780.05,51781,15,51782.55,300,30,2199600
BANKNIFTY-I.NFO,13/09/2024,09:25:10,51780.05,51779,30,51780,15,480,2199600
BANKNIFTY-I.NFO,13/09/2024,09:25:12,51782.55,51782.05,165,51784.65,15,435,2199600
BANKNIFTY-I.NFO,13/09/2024,09:25:14,51782,51782,30,51784.65,30,195,2199600
BANKNIFTY-I.NFO,13/09/2024,09:25:15,51785,51784.3,90,51784.65,60,150,2199600
BANKNIFTY-I.NFO,13/09/2024,09:25:17,51793.85,51785.75,45,51794.05,75,210,2199600
BANKNIFTY-I.NFO,13/09/2024,09:25:19,51781.9,51780.05,45,51781.45,90,390,2199600
BANKNIFTY-I.NFO,13/09/2024,09:25:20,51770.4,51770.6,45,51772.8,30,720,2199600
BANKNIFTY-I.NFO,13/09/2024,09:25:22,51772.75,51772.55,45,51773.15,15,180,2199600
BANKNIFTY-I.NFO,13/09/2024,09:25:24,51770.6,51768.05,45,51770.6,120,870,2199600
BANKNIFTY-I.NFO,13/09/2024,09:25:25,51768.15,51768.15,30,51770.4,15,15,2199600
BANKNIFTY-I.NFO,13/09/2024,09:25:27,51768.15,51768.15,30,51770.4,15,30,2199600
BANKNIFTY-I.NFO,13/09/2024,09:25:29,51768.1,51768.1,30,51770.6,120,60,2199600
BANKNIFTY-I.NFO,13/09/2024,09:25:30,51768.15,51768.05,45,51770.6,105,45,2199600
BANKNIFTY-I.NFO,13/09/2024,09:25:32,51768,51768.05,15,51770.6,105,90,2199600
BANKNIFTY-I.NFO,13/09/2024,09:25:34,51768,51768.3,45,51770.6,105,0,2199600
BANKNIFTY-I.NFO,13/09/2024,09:25:35,51774.4,51769.6,60,51776.1,30,150,2199600
BANKNIFTY-I.NFO,13/09/2024,09:25:37,51770.2,51770.6,45,51775.5,30,30,2199600
BANKNIFTY-I.NFO,13/09/2024,09:25:39,51773.95,51770.6,90,51773.4,30,495,2199600
BANKNIFTY-I.NFO,13/09/2024,09:25:40,51777.45,51773.45,45,51777.65,60,75,2199600
BANKNIFTY-I.NFO,13/09/2024,09:25:42,51776.5,51774.2,75,51775,180,15,2199600
BANKNIFTY-I.NFO,13/09/2024,09:25:44,51775,51773.4,15,51775,45,465,2199600
BANKNIFTY-I.NFO,13/09/2024,09:25:45,51770.15,51770.15,30,51774.95,15,360,2199600
BANKNIFTY-I.NFO,13/09/2024,09:25:47,51770.25,51770.25,15,51773.35,30,90,2199600
BANKNIFTY-I.NFO,13/09/2024,09:25:49,51768,51767.85,15,51773.35,30,270,2199600
BANKNIFTY-I.NFO,13/09/2024,09:25:50,51772.9,51770.7,45,51772.55,75,75,2199600
BANKNIFTY-I.NFO,13/09/2024,09:25:52,51773.3,51771.15,60,51775,15,585,2199600
BANKNIFTY-I.NFO,13/09/2024,09:25:54,51771.15,51771.15,30,51775,15,30,2199600
BANKNIFTY-I.NFO,13/09/2024,09:25:55,51771.1,51770.6,15,51772.15,75,75,2199600
BANKNIFTY-I.NFO,13/09/2024,09:25:57,51766.95,51765.05,30,51767.85,15,180,2199600
BANKNIFTY-I.NFO,13/09/2024,09:25:59,51769.2,51765.4,45,51772.35,75,30,2199600
BANKNIFTY-I.NFO,13/09/2024,09:26:00,51770.6,51766.85,45,51767.85,15,75,2199600
BANKNIFTY-I.NFO,13/09/2024,09:26:02,51775,51771.75,105,51779.7,75,180,2199600
BANKNIFTY-I.NFO,13/09/2024,09:26:04,51777.8,51771.95,60,51776.35,75,15,2199600
BANKNIFTY-I.NFO,13/09/2024,09:26:05,51781.4,51781.5,45,51787.8,30,255,2199600
BANKNIFTY-I.NFO,13/09/2024,09:26:07,51781.9,51781.9,30,51786.2,15,180,2199600
BANKNIFTY-I.NFO,13/09/2024,09:26:09,51786.45,51782.05,60,51786.3,15,45,2199600
BANKNIFTY-I.NFO,13/09/2024,09:26:10,51782.05,51782.35,60,51785.8,30,45,2199600
BANKNIFTY-I.NFO,13/09/2024,09:26:12,51782.6,51782.6,30,51789.95,30,90,2199600
BANKNIFTY-I.NFO,13/09/2024,09:26:14,51782.6,51783.25,60,51789,15,0,2199600
BANKNIFTY-I.NFO,13/09/2024,09:26:15,51790,51787.15,45,51790,30,90,2199600
BANKNIFTY-I.NFO,13/09/2024,09:26:17,51780.85,51786.45,45,51790,45,495,2199600
BANKNIFTY-I.NFO,13/09/2024,09:26:19,51786.1,51785.8,60,51790,45,150,2199600
BANKNIFTY-I.NFO,13/09/2024,09:26:20,51794.3,51785.1,45,51786.45,15,360,2199600
BANKNIFTY-I.NFO,13/09/2024,09:26:22,51785.1,51785.05,60,51785.1,360,180,2199600
BANKNIFTY-I.NFO,13/09/2024,09:26:24,51785,51779.45,45,51785.1,330,180,2199600
BANKNIFTY-I.NFO,13/09/2024,09:26:25,51784.1,51779.45,45,51783.25,75,30,2199600
BANKNIFTY-I.NFO,13/09/2024,09:26:27,51783.65,51781.4,45,51783.1,30,255,2199600
BANKNIFTY-I.NFO,13/09/2024,09:26:29,51782.5,51781.6,45,51782.6,30,30,2199600
BANKNIFTY-I.NFO,13/09/2024,09:26:30,51779.95,51776,45,51778.25,15,435,2199600
BANKNIFTY-I.NFO,13/09/2024,09:26:32,51777.05,51774.2,15,51777.7,105,105,2199600
BANKNIFTY-I.NFO,13/09/2024,09:26:34,51768.05,51770.95,45,51775.75,60,375,2199600
BANKNIFTY-I.NFO,13/09/2024,09:26:35,51774.65,51770.95,45,51774.15,15,15,2199600
BANKNIFTY-I.NFO,13/09/2024,09:26:37,51774.15,51773.9,45,51780.05,15,15,2199600
BANKNIFTY-I.NFO,13/09/2024,09:26:39,51781.25,51775.55,15,51780.5,75,75,2199600
BANKNIFTY-I.NFO,13/09/2024,09:26:40,51781.25,51777.6,60,51782.6,15,0,2199600
BANKNIFTY-I.NFO,13/09/2024,09:26:42,51785.05,51785,15,51785.8,150,240,2199600
BANKNIFTY-I.NFO,13/09/2024,09:26:44,51784.95,51784.95,30,51785.8,165,45,2199600
BANKNIFTY-I.NFO,13/09/2024,09:26:45,51785.6,51784.95,15,51785.8,165,30,2199600
BANKNIFTY-I.NFO,13/09/2024,09:26:47,51780.45,51778.7,45,51785.65,60,135,2199600
BANKNIFTY-I.NFO,13/09/2024,09:26:49,51780.45,51780.7,45,51785.6,60,0,2199600
BANKNIFTY-I.NFO,13/09/2024,09:26:50,51780.7,51780.5,15,51785.55,60,45,2199600
BANKNIFTY-I.NFO,13/09/2024,09:26:52,51777,51777,30,51783.6,15,195,2199600
BANKNIFTY-I.NFO,13/09/2024,09:26:54,51784.85,51780.1,45,51783.65,15,225,2199600
BANKNIFTY-I.NFO,13/09/2024,09:26:55,51786.25,51780.1,45,51783.7,60,210,2199600
BANKNIFTY-I.NFO,13/09/2024,09:26:57,51780.05,51778.05,45,51783.35,15,255,2199600
BANKNIFTY-I.NFO,13/09/2024,09:26:59,51778.05,51778.05,45,51780.05,105,15,2199600
BANKNIFTY-I.NFO,13/09/2024,09:27:00,51778.05,51778.05,30,51783.85,30,240,2199600
BANKNIFTY-I.NFO,13/09/2024,09:27:02,51778.05,51780.1,45,51783.85,30,30,2199600
BANKNIFTY-I.NFO,13/09/2024,09:27:04,51780.1,51780.8,45,51788.55,75,30,2199600
BANKNIFTY-I.NFO,13/09/2024,09:27:05,51780.1,51783,120,51790,30,0,2199600
BANKNIFTY-I.NFO,13/09/2024,09:27:07,51780.1,51788.95,120,51790,30,0,2199600
BANKNIFTY-I.NFO,13/09/2024,09:27:09,51789.95,51783.1,45,51788.3,30,150,2199600
BANKNIFTY-I.NFO,13/09/2024,09:27:10,51780,51784.9,105,51790,30,615,2199600
BANKNIFTY-I.NFO,13/09/2024,09:27:12,51790,51784.95,15,51790,15,180,2199600
BANKNIFTY-I.NFO,13/09/2024,09:27:14,51781.05,51783,45,51790,15,150,2199600
BANKNIFTY-I.NFO,13/09/2024,09:27:15,51781.1,51783,45,51792.6,75,210,2199600
BANKNIFTY-I.NFO,13/09/2024,09:27:17,51790,51783.55,45,51792.9,75,285,2199600
BANKNIFTY-I.NFO,13/09/2024,09:27:19,51790,51787.65,90,51794,15,0,2199600
BANKNIFTY-I.NFO,13/09/2024,09:27:20,51790,51790.35,60,51794,30,0,2199600
BANKNIFTY-I.NFO,13/09/2024,09:27:22,51800,51795.15,105,51800,90,150,2199600
BANKNIFTY-I.NFO,13/09/2024,09:27:24,51795.35,51795.35,30,51800,60,75,2199600
BANKNIFTY-I.NFO,13/09/2024,09:27:25,51800.65,51800.65,30,51803.7,120,135,2199600
BANKNIFTY-I.NFO,13/09/2024,09:27:27,51799.25,51796.9,60,51799.85,75,285,2199600
BANKNIFTY-I.NFO,13/09/2024,09:27:29,51799.2,51794.5,60,51798.95,75,90,2199600
BANKNIFTY-I.NFO,13/09/2024,09:27:30,51796.35,51797.3,60,51799.65,75,105,2199600
BANKNIFTY-I.NFO,13/09/2024,09:27:32,51797.25,51797.3,30,51800.4,30,105,2199600
BANKNIFTY-I.NFO,13/09/2024,09:27:34,51797.25,51799.4,45,51802.65,75,0,2199600
BANKNIFTY-I.NFO,13/09/2024,09:27:35,51799.4,51799.35,15,51801,90,120,2199600
BANKNIFTY-I.NFO,13/09/2024,09:27:37,51797.25,51795.1,15,51796.6,90,45,2195670
BANKNIFTY-I.NFO,13/09/2024,09:27:39,51789.15,51785.15,45,51787.95,150,300,2195670
BANKNIFTY-I.NFO,13/09/2024,09:27:40,51789.15,51789.7,60,51792.1,75,0,2195670
BANKNIFTY-I.NFO,13/09/2024,09:27:42,51789.95,51783,60,51787.2,150,180,2195670
BANKNIFTY-I.NFO,13/09/2024,09:27:44,51787.45,51787.45,15,51791.35,30,90,2195670
BANKNIFTY-I.NFO,13/09/2024,09:27:45,51792.05,51787.45,45,51792.1,75,45,2195670
BANKNIFTY-I.NFO,13/09/2024,09:27:47,51788.55,51783.55,75,51787.45,15,120,2195670
BANKNIFTY-I.NFO,13/09/2024,09:27:49,51785.15,51781.55,45,51786.65,30,75,2195670
BANKNIFTY-I.NFO,13/09/2024,09:27:50,51784.1,51781.9,45,51786.35,15,150,2195670
BANKNIFTY-I.NFO,13/09/2024,09:27:52,51786.1,51782.1,60,51782.6,30,15,2195670
BANKNIFTY-I.NFO,13/09/2024,09:27:54,51780.05,51777.1,45,51780.65,75,3525,2195670
BANKNIFTY-I.NFO,13/09/2024,09:27:55,51775.45,51775.1,30,51775.95,15,390,2195670
BANKNIFTY-I.NFO,13/09/2024,09:27:57,51775,51773.2,15,51775,15,375,2195670
BANKNIFTY-I.NFO,13/09/2024,09:27:59,51770.25,51770.05,30,51770.3,15,975,2195670
BANKNIFTY-I.NFO,13/09/2024,09:28:00,51768.1,51768,30,51770.95,15,240,2195670
BANKNIFTY-I.NFO,13/09/2024,09:28:02,51773.15,51768.7,120,51772.8,15,345,2195670
BANKNIFTY-I.NFO,13/09/2024,09:28:04,51774,51771,45,51774,15,45,2195670
BANKNIFTY-I.NFO,13/09/2024,09:28:05,51773.95,51773.95,15,51778.6,15,75,2195670
BANKNIFTY-I.NFO,13/09/2024,09:28:07,51773.3,51773.3,15,51774.5,15,285,2195670
BANKNIFTY-I.NFO,13/09/2024,09:28:09,51773.4,51773.35,45,51777.4,15,30,2195670
BANKNIFTY-I.NFO,13/09/2024,09:28:10,51774.8,51774.75,15,51776.3,15,120,2195670
BANKNIFTY-I.NFO,13/09/2024,09:28:12,51775,51774.95,150,51776.4,15,45,2195670
BANKNIFTY-I.NFO,13/09/2024,09:28:14,51778.4,51774.9,45,51778.3,15,75,2195670
BANKNIFTY-I.NFO,13/09/2024,09:28:15,51774.9,51774.85,15,51778.95,15,150,2195670
BANKNIFTY-I.NFO,13/09/2024,09:28:17,51775.15,51775.15,15,51777.85,15,45,2195670
BANKNIFTY-I.NFO,13/09/2024,09:28:19,51779.05,51775.05,45,51778.55,15,405,2195670
BANKNIFTY-I.NFO,13/09/2024,09:28:20,51777.4,51775.15,45,51777.2,15,195,2195670
BANKNIFTY-I.NFO,13/09/2024,09:28:22,51770.8,51770.85,45,51773.55,15,555,2195670
BANKNIFTY-I.NFO,13/09/2024,09:28:24,51773,51770.85,45,51774.25,15,75,2195670
BANKNIFTY-I.NFO,13/09/2024,09:28:25,51775.55,51770.95,45,51775.6,15,930,2195670
BANKNIFTY-I.NFO,13/09/2024,09:28:27,51775.55,51772.5,30,51779,30,0,2195670
BANKNIFTY-I.NFO,13/09/2024,09:28:29,51770,51773.1,45,51778.45,15,615,2195670
BANKNIFTY-I.NFO,13/09/2024,09:28:30,51773.1,51774.55,60,51778.85,15,15,2195670
BANKNIFTY-I.NFO,13/09/2024,09:28:32,51773.9,51774.05,120,51779,15,285,2195670
BANKNIFTY-I.NFO,13/09/2024,09:28:33,51775.25,51775.25,45,51779,15,30,2195670
BANKNIFTY-I.NFO,13/09/2024,09:28:35,51781.4,51777.65,120,51782.9,15,60,2195670
BANKNIFTY-I.NFO,13/09/2024,09:28:37,51781.4,51778.75,45,51783.85,15,0,2195670
BANKNIFTY-I.NFO,13/09/2024,09:28:38,51791.75,51791.3,15,51794.85,15,75,2195670
BANKNIFTY-I.NFO,13/09/2024,09:28:40,51788.05,51789.35,45,51795.8,15,300,2195670
BANKNIFTY-I.NFO,13/09/2024,09:28:42,51794.8,51793.95,75,51794.4,15,45,2195670
BANKNIFTY-I.NFO,13/09/2024,09:28:43,51794.3,51790.1,45,51794.25,15,270,2195670
BANKNIFTY-I.NFO,13/09/2024,09:28:45,51787.1,51787.25,90,51794.25,15,240,2195670
BANKNIFTY-I.NFO,13/09/2024,09:28:47,51792.15,51793.05,60,51794.2,15,90,2195670
BANKNIFTY-I.NFO,13/09/2024,09:28:48,51794.45,51794.45,15,51797.95,15,300,2195670
BANKNIFTY-I.NFO,13/09/2024,09:28:50,51794.45,51794.45,45,51798.75,15,0,2195670
BANKNIFTY-I.NFO,13/09/2024,09:28:51,51796.2,51796.2,30,51797.65,15,30,2195670
BANKNIFTY-I.NFO,13/09/2024,09:28:53,51796.2,51796.25,15,51797.2,15,90,2195670
BANKNIFTY-I.NFO,13/09/2024,09:28:55,51790.15,51790.1,75,51794.4,15,150,2195670
BANKNIFTY-I.NFO,13/09/2024,09:28:56,51790.15,51793,15,51794.95,15,0,2195670
BANKNIFTY-I.NFO,13/09/2024,09:28:58,51791.7,51782.85,45,51791.65,15,735,2195670
BANKNIFTY-I.NFO,13/09/2024,09:29:00,51783.5,51783.5,30,51790.8,15,15,2195670
BANKNIFTY-I.NFO,13/09/2024,09:29:01,51788,51787.95,75,51793.9,15,105,2195670
BANKNIFTY-I.NFO,13/09/2024,09:29:03,51787.95,51787.95,75,51794.95,15,45,2195670
BANKNIFTY-I.NFO,13/09/2024,09:29:04,51790,51790,135,51796.25,15,105,2195670
BANKNIFTY-I.NFO,13/09/2024,09:29:06,51790,51790.15,120,51796.25,15,0,2195670
BANKNIFTY-I.NFO,13/09/2024,09:29:08,51790,51790,150,51790.15,15,0,2195670
BANKNIFTY-I.NFO,13/09/2024,09:29:09,51793.45,51790.05,15,51793.55,15,75,2195670
BANKNIFTY-I.NFO,13/09/2024,09:29:11,51790,51790.05,45,51795.8,15,135,2195670
BANKNIFTY-I.NFO,13/09/2024,09:29:13,51793.8,51790.05,45,51794.05,15,45,2195670
BANKNIFTY-I.NFO,13/09/2024,09:29:14,51794,51790.05,30,51795.75,15,30,2195670
BANKNIFTY-I.NFO,13/09/2024,09:29:16,51790.05,51790.05,30,51792.5,15,165,2195670
BANKNIFTY-I.NFO,13/09/2024,09:29:17,51790,51782.25,45,51788.6,15,45,2195670
BANKNIFTY-I.NFO,13/09/2024,09:29:19,51780.2,51780.2,45,51784.65,225,30,2195670
BANKNIFTY-I.NFO,13/09/2024,09:29:21,51780,51780.05,15,51785.65,30,90,2195670
BANKNIFTY-I.NFO,13/09/2024,09:29:22,51780,51780.1,45,51784.15,15,0,2195670
BANKNIFTY-I.NFO,13/09/2024,09:29:24,51780,51780.05,60,51782.9,15,0,2195670
BANKNIFTY-I.NFO,13/09/2024,09:29:26,51783.8,51780.1,45,51784.2,15,15,2195670
BANKNIFTY-I.NFO,13/09/2024,09:29:27,51780.1,51781.7,60,51784.25,30,60,2195670
BANKNIFTY-I.NFO,13/09/2024,09:29:29,51780.05,51780.05,30,51783,30,60,2195670
BANKNIFTY-I.NFO,13/09/2024,09:29:30,51780,51780,30,51780.05,75,300,2195670
BANKNIFTY-I.NFO,13/09/2024,09:29:32,51777.45,51777.4,15,51778.75,75,75,2195670
BANKNIFTY-I.NFO,13/09/2024,09:29:34,51775,51770.3,45,51775,30,195,2195670
BANKNIFTY-I.NFO,13/09/2024,09:29:35,51770,51770,15,51775,15,180,2195670
BANKNIFTY-I.NFO,13/09/2024,09:29:37,51768.15,51766.05,45,51768.95,75,525,2195670
BANKNIFTY-I.NFO,13/09/2024,09:29:39,51769.2,51763.4,45,51768.9,15,525,2195670
BANKNIFTY-I.NFO,13/09/2024,09:29:40,51763.4,51762.1,45,51768.05,30,15,2195670
BANKNIFTY-I.NFO,13/09/2024,09:29:42,51768.05,51763.95,45,51769.05,15,45,2195670
BANKNIFTY-I.NFO,13/09/2024,09:29:44,51763.9,51762.2,45,51769.05,30,105,2195670
BANKNIFTY-I.NFO,13/09/2024,09:29:45,51769.05,51765.35,45,51769.05,30,45,2195670
BANKNIFTY-I.NFO,13/09/2024,09:29:47,51769.05,51766.85,45,51769.05,15,30,2195670
BANKNIFTY-I.NFO,13/09/2024,09:29:49,51769.05,51769.15,45,51772,60,105,2195670
BANKNIFTY-I.NFO,13/09/2024,09:29:50,51773.75,51773.75,15,51777.9,30,90,2195670
BANKNIFTY-I.NFO,13/09/2024,09:29:52,51779.25,51779.25,30,51782.8,15,240,2195670
BANKNIFTY-I.NFO,13/09/2024,09:29:54,51777.9,51777.9,360,51778.65,150,195,2195670
BANKNIFTY-I.NFO,13/09/2024,09:29:55,51772.05,51772,450,51777.35,15,555,2195670
BANKNIFTY-I.NFO,13/09/2024,09:29:57,51772.05,51772,450,51776.75,150,0,2195670
BANKNIFTY-I.NFO,13/09/2024,09:29:59,51772.05,51772,255,51774.35,120,405,2195670
BANKNIFTY-I.NFO,13/09/2024,09:30:00,51761.1,51762.5,75,51770.8,120,705,2195670
BANKNIFTY-I.NFO,13/09/2024,09:30:02,51772,51765.05,45,51772,120,75,2195670
BANKNIFTY-I.NFO,13/09/2024,09:30:04,51772,51765.85,45,51771.85,30,30,2195670
BANKNIFTY-I.NFO,13/09/2024,09:30:05,51772,51766.85,45,51771.95,60,0,2195670
BANKNIFTY-I.NFO,13/09/2024,09:30:07,51776.05,51774.15,105,51777.05,15,300,2195670
BANKNIFTY-I.NFO,13/09/2024,09:30:08,51771.05,51771.05,15,51774.85,15,195,2195670
BANKNIFTY-I.NFO,13/09/2024,09:30:10,51774.7,51770,150,51771.6,15,165,2195670
BANKNIFTY-I.NFO,13/09/2024,09:30:12,51773.1,51766.85,45,51773.2,30,195,2195670
BANKNIFTY-I.NFO,13/09/2024,09:30:13,51773.2,51770.05,45,51774.85,75,30,2195670
BANKNIFTY-I.NFO,13/09/2024,09:30:15,51774.25,51770.05,45,51774.8,15,30,2195670
BANKNIFTY-I.NFO,13/09/2024,09:30:17,51770.05,51770.05,45,51773.5,15,15,2195670
BANKNIFTY-I.NFO,13/09/2024,09:30:18,51770.05,51770,180,51771.65,15,450,2195670
BANKNIFTY-I.NFO,13/09/2024,09:30:20,51768.85,51768.85,345,51770.7,30,345,2195670
BANKNIFTY-I.NFO,13/09/2024,09:30:22,51757,51757.05,45,51758.95,15,1185,2195670
BANKNIFTY-I.NFO,13/09/2024,09:30:23,51759.15,51757.05,45,51758.4,30,75,2195670
BANKNIFTY-I.NFO,13/09/2024,09:30:25,51750,51752.1,105,51754,45,1515,2195670
BANKNIFTY-I.NFO,13/09/2024,09:30:25,51750,51752.1,105,51754,45,0,2195670
BANKNIFTY-I.NFO,13/09/2024,09:30:27,51750.4,51750.95,45,51754,30,420,2195670
BANKNIFTY-I.NFO,13/09/2024,09:30:28,51754,51751.9,90,51755,225,90,2195670
BANKNIFTY-I.NFO,13/09/2024,09:30:30,51755,51754,300,51755,195,300,2195670
BANKNIFTY-I.NFO,13/09/2024,09:30:32,51755,51754,300,51755,195,0,2195670
BANKNIFTY-I.NFO,13/09/2024,09:30:33,51754,51754,285,51754.95,15,45,2195670
BANKNIFTY-I.NFO,13/09/2024,09:30:35,51756.1,51755.8,45,51758.4,30,285,2195670
BANKNIFTY-I.NFO,13/09/2024,09:30:36,51758.4,51755.9,15,51758,30,30,2195520
BANKNIFTY-I.NFO,13/09/2024,09:30:38,51758.45,51755.05,30,51758.65,15,60,2195520
BANKNIFTY-I.NFO,13/09/2024,09:30:40,51755,51755.85,45,51759.8,15,45,2195520
BANKNIFTY-I.NFO,13/09/2024,09:30:41,51754,51754,285,51755,150,210,2195520
BANKNIFTY-I.NFO,13/09/2024,09:30:43,51762.75,51759.5,45,51762.25,75,390,2195520
BANKNIFTY-I.NFO,13/09/2024,09:30:45,51767.85,51765.95,60,51767.45,15,45,2195520
BANKNIFTY-I.NFO,13/09/2024,09:30:46,51762.4,51762.4,15,51764.4,15,195,2195520
BANKNIFTY-I.NFO,13/09/2024,09:30:48,51763.65,51758.95,45,51764.4,30,60,2195520
BANKNIFTY-I.NFO,13/09/2024,09:30:50,51764.4,51762.45,45,51767.3,15,30,2195520
BANKNIFTY-I.NFO,13/09/2024,09:30:51,51747.65,51745.25,105,51747.65,75,6090,2195520
BANKNIFTY-I.NFO,13/09/2024,09:30:51,51743.6,51745.25,105,51747.65,75,0,2195520
BANKNIFTY-I.NFO,13/09/2024,09:30:53,51746.05,51746.5,60,51747.6,240,30,2195520
BANKNIFTY-I.NFO,13/09/2024,09:30:55,51747.6,51746.65,60,51747.55,30,15,2195520
BANKNIFTY-I.NFO,13/09/2024,09:30:56,51739.9,51739.05,45,51744.2,15,210,2195520
BANKNIFTY-I.NFO,13/09/2024,09:30:56,51739,51739.05,45,51744.2,15,0,2195520
BANKNIFTY-I.NFO,13/09/2024,09:30:58,51747.65,51747.6,495,51747.65,45,240,2195520
BANKNIFTY-I.NFO,13/09/2024,09:31:00,51739,51739,15,51747.45,30,930,2195520
BANKNIFTY-I.NFO,13/09/2024,09:31:01,51747.45,51741.9,45,51750,180,105,2195520
BANKNIFTY-I.NFO,13/09/2024,09:31:03,51750,51746.2,45,51750,135,60,2195520
BANKNIFTY-I.NFO,13/09/2024,09:31:05,51745.5,51747.5,45,51750.05,15,195,2195520
BANKNIFTY-I.NFO,13/09/2024,09:31:06,51750.5,51750.05,45,51755.45,120,300,2195520
BANKNIFTY-I.NFO,13/09/2024,09:31:08,51757.1,51748.35,45,51756.9,120,315,2195520
BANKNIFTY-I.NFO,13/09/2024,09:31:09,51750.55,51750.65,45,51758.2,120,45,2195520
BANKNIFTY-I.NFO,13/09/2024,09:31:11,51750.6,51750.55,15,51752,15,30,2195520
BANKNIFTY-I.NFO,13/09/2024,09:31:13,51740.1,51740,180,51745.35,120,120,2195520
BANKNIFTY-I.NFO,13/09/2024,09:31:14,51744,51740,135,51744.3,120,90,2195520
BANKNIFTY-I.NFO,13/09/2024,09:31:16,51740.05,51738,30,51739.9,75,825,2195520
BANKNIFTY-I.NFO,13/09/2024,09:31:18,51731.9,51731.95,15,51733.6,75,1110,2195520
BANKNIFTY-I.NFO,13/09/2024,09:31:18,51726.95,51731.95,15,51733.6,75,0,2195520
BANKNIFTY-I.NFO,13/09/2024,09:31:19,51729.45,51729.55,90,51733.6,60,60,2195520
BANKNIFTY-I.NFO,13/09/2024,09:31:21,51736.65,51731.95,45,51736.55,75,225,2195520
BANKNIFTY-I.NFO,13/09/2024,09:31:23,51732.05,51732.05,15,51737.85,75,30,2195520
BANKNIFTY-I.NFO,13/09/2024,09:31:24,51731.9,51729,15,51730,60,45,2195520
BANKNIFTY-I.NFO,13/09/2024,09:31:26,51728.85,51728.85,135,51730,15,75,2195520
BANKNIFTY-I.NFO,13/09/2024,09:31:28,51732.55,51730,15,51732.35,15,180,2195520
BANKNIFTY-I.NFO,13/09/2024,09:31:29,51730,51728.85,135,51734.7,15,30,2195520
BANKNIFTY-I.NFO,13/09/2024,09:31:31,51728.85,51728.85,45,51729,15,105,2195520
BANKNIFTY-I.NFO,13/09/2024,09:31:33,51734.3,51725.85,60,51734.35,15,240,2195520
BANKNIFTY-I.NFO,13/09/2024,09:31:33,51725.15,51725.85,60,51734.35,15,0,2195520
BANKNIFTY-I.NFO,13/09/2024,09:31:34,51728.85,51725.55,45,51729.45,120,60,2195520
BANKNIFTY-I.NFO,13/09/2024,09:31:36,51725.5,51725.5,15,51728.85,15,75,2195520
BANKNIFTY-I.NFO,13/09/2024,09:31:38,51727,51725,240,51729.6,15,120,2195520
BANKNIFTY-I.NFO,13/09/2024,09:31:38,51725,51725,240,51729.6,15,0,2195520
BANKNIFTY-I.NFO,13/09/2024,09:31:39,51725.05,51725.3,15,51730,15,30,2195520
BANKNIFTY-I.NFO,13/09/2024,09:31:41,51730,51725.25,15,51732.1,15,90,2195520
BANKNIFTY-I.NFO,13/09/2024,09:31:42,51725,51725.15,60,51733.95,30,120,2195520
BANKNIFTY-I.NFO,13/09/2024,09:31:44,51733.4,51727,15,51731.8,15,75,2195520
BANKNIFTY-I.NFO,13/09/2024,09:31:46,51728.4,51725.3,15,51731.1,15,240,2195520
BANKNIFTY-I.NFO,13/09/2024,09:31:47,51725.35,51725,105,51728.4,15,330,2195520
BANKNIFTY-I.NFO,13/09/2024,09:31:49,51728.4,51725,105,51728.4,150,15,2195520
BANKNIFTY-I.NFO,13/09/2024,09:31:51,51725,51725,60,51728.4,135,60,2195520
BANKNIFTY-I.NFO,13/09/2024,09:31:52,51725,51724.85,75,51726,15,195,2195520
BANKNIFTY-I.NFO,13/09/2024,09:31:54,51725,51724.85,45,51725,240,90,2195520
BANKNIFTY-I.NFO,13/09/2024,09:31:54,51724.85,51724.85,45,51725,240,0,2195520
BANKNIFTY-I.NFO,13/09/2024,09:31:56,51724.85,51724.85,30,51724.95,15,15,2195520
BANKNIFTY-I.NFO,13/09/2024,09:31:57,51721,51721,30,51723.35,15,270,2195520
BANKNIFTY-I.NFO,13/09/2024,09:31:57,51721,51721,30,51723.35,15,0,2195520
BANKNIFTY-I.NFO,13/09/2024,09:31:59,51724.85,51720.05,45,51724.15,15,435,2195520
BANKNIFTY-I.NFO,13/09/2024,09:31:59,51720,51720.05,45,51724.15,15,0,2195520
BANKNIFTY-I.NFO,13/09/2024,09:32:01,51725,51721,45,51725,180,210,2195520
BANKNIFTY-I.NFO,13/09/2024,09:32:02,51722,51722,90,51725,150,210,2195520
BANKNIFTY-I.NFO,13/09/2024,09:32:04,51720.05,51720.05,15,51724.95,15,195,2195520
BANKNIFTY-I.NFO,13/09/2024,09:32:06,51720.05,51720,900,51725,90,30,2195520
BANKNIFTY-I.NFO,13/09/2024,09:32:07,51720,51720,870,51722.85,15,45,2195520
BANKNIFTY-I.NFO,13/09/2024,09:32:09,51722,51722,90,51725,210,105,2195520
BANKNIFTY-I.NFO,13/09/2024,09:32:11,51725,51722,60,51725,150,90,2195520
BANKNIFTY-I.NFO,13/09/2024,09:32:12,51725,51722,60,51725,135,30,2195520
BANKNIFTY-I.NFO,13/09/2024,09:32:14,51725,51722,60,51725,120,45,2195520
BANKNIFTY-I.NFO,13/09/2024,09:32:15,51725,51722,60,51725,120,15,2195520
BANKNIFTY-I.NFO,13/09/2024,09:32:17,51724.9,51720.05,45,51724.85,30,210,2195520
BANKNIFTY-I.NFO,13/09/2024,09:32:19,51718,51717,30,51719.35,15,975,2195520
BANKNIFTY-I.NFO,13/09/2024,09:32:19,51718,51717,30,51719.35,15,0,2195520
BANKNIFTY-I.NFO,13/09/2024,09:32:20,51720,51717,30,51720,15,75,2195520
BANKNIFTY-I.NFO,13/09/2024,09:32:22,51713,51712.05,15,51714,15,285,2195520
BANKNIFTY-I.NFO,13/09/2024,09:32:22,51711,51712.05,15,51714,15,0,2195520
BANKNIFTY-I.NFO,13/09/2024,09:32:24,51719.95,51714.7,45,51719.95,15,300,2195520
BANKNIFTY-I.NFO,13/09/2024,09:32:25,51718,51718,105,51720,30,45,2195520
BANKNIFTY-I.NFO,13/09/2024,09:32:27,51722,51719.95,15,51724.65,75,120,2195520
BANKNIFTY-I.NFO,13/09/2024,09:32:29,51724.9,51720.3,15,51724.95,15,15,2195520
BANKNIFTY-I.NFO,13/09/2024,09:32:30,51720.35,51720,30,51724.95,60,15,2195520
BANKNIFTY-I.NFO,13/09/2024,09:32:32,51720,51720,45,51721.8,45,60,2195520
BANKNIFTY-I.NFO,13/09/2024,09:32:34,51722,51718,15,51722,30,225,2195520
BANKNIFTY-I.NFO,13/09/2024,09:32:35,51720,51718,15,51723.7,30,60,2195520
BANKNIFTY-I.NFO,13/09/2024,09:32:37,51722.9,51720,120,51724,15,75,2195520
BANKNIFTY-I.NFO,13/09/2024,09:32:39,51714,51711.05,45,51719.5,15,390,2195520
BANKNIFTY-I.NFO,13/09/2024,09:32:41,51722.6,51716,15,51720,15,90,2195520
BANKNIFTY-I.NFO,13/09/2024,09:32:42,51720,51715.35,15,51720,30,165,2195520
BANKNIFTY-I.NFO,13/09/2024,09:32:44,51717.4,51715.05,15,51717.95,15,105,2195520
BANKNIFTY-I.NFO,13/09/2024,09:32:46,51711,51710.55,15,51712.25,15,645,2195520
BANKNIFTY-I.NFO,13/09/2024,09:32:47,51701,51701,135,51705.1,15,2010,2195520
BANKNIFTY-I.NFO,13/09/2024,09:32:47,51701,51701,135,51705.1,15,0,2195520
BANKNIFTY-I.NFO,13/09/2024,09:32:49,51707.95,51705.1,15,51707.95,30,75,2195520
BANKNIFTY-I.NFO,13/09/2024,09:32:51,51710.55,51705.1,15,51708.15,150,945,2195520
BANKNIFTY-I.NFO,13/09/2024,09:32:52,51701.15,51701,135,51704.05,150,45,2195520
BANKNIFTY-I.NFO,13/09/2024,09:32:54,51692,51692,75,51695,195,3735,2195520
BANKNIFTY-I.NFO,13/09/2024,09:32:54,51692,51692,75,51695,195,0,2195520
BANKNIFTY-I.NFO,13/09/2024,09:32:56,51692.8,51692,45,51692.8,75,150,2195520
BANKNIFTY-I.NFO,13/09/2024,09:32:57,51695,51692.85,30,51695,90,75,2195520
BANKNIFTY-I.NFO,13/09/2024,09:32:59,51700.05,51700.05,45,51706.35,30,330,2195520
BANKNIFTY-I.NFO,13/09/2024,09:33:01,51704.7,51704.7,15,51711.8,15,75,2195520
BANKNIFTY-I.NFO,13/09/2024,09:33:02,51711.2,51702.25,45,51710.6,120,120,2195520
BANKNIFTY-I.NFO,13/09/2024,09:33:04,51697.7,51706.75,45,51713.95,15,540,2195520
BANKNIFTY-I.NFO,13/09/2024,09:33:06,51710.65,51710.65,30,51718.3,15,315,2195520
BANKNIFTY-I.NFO,13/09/2024,09:33:07,51711.2,51711.8,45,51720,45,60,2195520
BANKNIFTY-I.NFO,13/09/2024,09:33:09,51720,51719.95,300,51720.75,15,30,2195520
BANKNIFTY-I.NFO,13/09/2024,09:33:11,51722,51720,300,51722,15,15,2195520
BANKNIFTY-I.NFO,13/09/2024,09:33:12,51722,51720,300,51722,15,0,2195520
BANKNIFTY-I.NFO,13/09/2024,09:33:14,51720,51722,150,51723.85,135,90,2195520
BANKNIFTY-I.NFO,13/09/2024,09:33:16,51709.85,51713,45,51721.65,120,990,2195520
BANKNIFTY-I.NFO,13/09/2024,09:33:17,51710.4,51713.45,15,51720,15,120,2195520
BANKNIFTY-I.NFO,13/09/2024,09:33:19,51721.25,51713.7,45,51722,15,1215,2195520
BANKNIFTY-I.NFO,13/09/2024,09:33:21,51713.75,51714.9,15,51723.8,30,180,2195520
BANKNIFTY-I.NFO,13/09/2024,09:33:22,51717.2,51722,15,51723.85,105,480,2195520
BANKNIFTY-I.NFO,13/09/2024,09:33:24,51734,51734,15,51735.2,15,540,2195520
BANKNIFTY-I.NFO,13/09/2024,09:33:26,51726.6,51725.1,45,51730,30,30,2195520
BANKNIFTY-I.NFO,13/09/2024,09:33:27,51726.15,51725.2,45,51730,30,15,2195520
BANKNIFTY-I.NFO,13/09/2024,09:33:29,51736.65,51726.65,45,51734.2,15,375,2195520
BANKNIFTY-I.NFO,13/09/2024,09:33:31,51734.9,51727.25,15,51734.55,15,165,2195520
BANKNIFTY-I.NFO,13/09/2024,09:33:32,51736.65,51725.2,45,51734.9,60,60,2195520
BANKNIFTY-I.NFO,13/09/2024,09:33:34,51736.65,51727.85,120,51737.4,30,0,2195520
BANKNIFTY-I.NFO,13/09/2024,09:33:36,51730.55,51737.9,75,51740,15,990,2195520
BANKNIFTY-I.NFO,13/09/2024,09:33:37,51740.45,51737.95,45,51744.8,15,105,2196390
BANKNIFTY-I.NFO,13/09/2024,09:33:39,51737.95,51737.95,15,51743.3,15,15,2196390
BANKNIFTY-I.NFO,13/09/2024,09:33:41,51740,51738.65,15,51740,60,450,2196390
BANKNIFTY-I.NFO,13/09/2024,09:33:42,51740,51740.05,45,51744.8,15,105,2196390
BANKNIFTY-I.NFO,13/09/2024,09:33:44,51742.75,51740,60,51742.8,90,195,2196390
BANKNIFTY-I.NFO,13/09/2024,09:33:46,51742.8,51740,45,51742.8,15,90,2196390
BANKNIFTY-I.NFO,13/09/2024,09:33:47,51742.8,51742.85,15,51744.8,15,105,2196390
BANKNIFTY-I.NFO,13/09/2024,09:33:49,51744.1,51744.1,60,51750,255,135,2196390
BANKNIFTY-I.NFO,13/09/2024,09:33:51,51751.9,51750,120,51752.3,15,315,2196390
BANKNIFTY-I.NFO,13/09/2024,09:33:52,51755,51750.05,45,51755,165,120,2196390
BANKNIFTY-I.NFO,13/09/2024,09:33:54,51755,51750.75,45,51755,135,30,2196390
BANKNIFTY-I.NFO,13/09/2024,09:33:56,51755,51750.25,45,51755,105,30,2196390
BANKNIFTY-I.NFO,13/09/2024,09:33:57,51753.6,51750.15,45,51753.65,15,150,2196390
BANKNIFTY-I.NFO,13/09/2024,09:33:59,51744.35,51744.65,45,51752.35,15,375,2196390
BANKNIFTY-I.NFO,13/09/2024,09:34:01,51744.35,51746.05,45,51749.95,15,0,2196390
BANKNIFTY-I.NFO,13/09/2024,09:34:02,51748,51744.15,45,51748.25,45,960,2196390
BANKNIFTY-I.NFO,13/09/2024,09:34:04,51747.6,51745.6,45,51750,15,540,2196390
BANKNIFTY-I.NFO,13/09/2024,09:34:06,51746.05,51744.35,45,51745.75,135,810,2196390
BANKNIFTY-I.NFO,13/09/2024,09:34:07,51755,51754.75,75,51756,15,1080,2196390
BANKNIFTY-I.NFO,13/09/2024,09:34:09,51757.1,51757.5,15,51757.95,75,330,2196390
BANKNIFTY-I.NFO,13/09/2024,09:34:11,51757.85,51757.9,30,51760,60,735,2196390
BANKNIFTY-I.NFO,13/09/2024,09:34:12,51762.35,51760,105,51762.45,15,840,2196390
BANKNIFTY-I.NFO,13/09/2024,09:34:14,51760,51758.6,405,51760,135,615,2196390
BANKNIFTY-I.NFO,13/09/2024,09:34:16,51762,51761.9,405,51763.65,30,150,2196390
BANKNIFTY-I.NFO,13/09/2024,09:34:17,51763.75,51765.1,45,51770,180,240,2196390
BANKNIFTY-I.NFO,13/09/2024,09:34:19,51767.75,51763.7,60,51767.5,75,510,2196390
BANKNIFTY-I.NFO,13/09/2024,09:34:21,51763.7,51762.05,345,51763.7,150,600,2196390
BANKNIFTY-I.NFO,13/09/2024,09:34:22,51764.4,51762.15,45,51764.8,15,45,2196390
BANKNIFTY-I.NFO,13/09/2024,09:34:24,51762.1,51761.8,15,51763.7,15,660,2196390
BANKNIFTY-I.NFO,13/09/2024,09:34:26,51759.35,51758,45,51762.1,15,705,2196390
BANKNIFTY-I.NFO,13/09/2024,09:34:27,51763.95,51761.35,405,51765.5,15,240,2196390
BANKNIFTY-I.NFO,13/09/2024,09:34:29,51767.4,51760.2,45,51767.3,75,1485,2196390
BANKNIFTY-I.NFO,13/09/2024,09:34:31,51762.25,51763.15,45,51767,15,15,2196390
BANKNIFTY-I.NFO,13/09/2024,09:34:32,51763.05,51763.05,30,51767.1,150,300,2196390
BANKNIFTY-I.NFO,13/09/2024,09:34:34,51768.5,51765.55,45,51768.85,150,30,2196390
BANKNIFTY-I.NFO,13/09/2024,09:34:36,51770.4,51765.55,30,51771.25,60,720,2196390
BANKNIFTY-I.NFO,13/09/2024,09:34:37,51771.2,51765.65,30,51772.15,15,60,2196390
BANKNIFTY-I.NFO,13/09/2024,09:34:39,51767.75,51773.75,15,51774.95,15,60,2196390
BANKNIFTY-I.NFO,13/09/2024,09:34:41,51772.6,51766.9,15,51773.75,120,90,2196390
BANKNIFTY-I.NFO,13/09/2024,09:34:42,51773.7,51770.15,45,51773.75,45,120,2196390
BANKNIFTY-I.NFO,13/09/2024,09:34:44,51771.7,51770.2,45,51772.25,135,90,2196390
BANKNIFTY-I.NFO,13/09/2024,09:34:46,51770.35,51770.35,15,51771.8,150,210,2196390
BANKNIFTY-I.NFO,13/09/2024,09:34:47,51770,51767.25,60,51770.7,150,450,2196390
BANKNIFTY-I.NFO,13/09/2024,09:34:49,51768.75,51767.05,75,51768.6,30,330,2196390
BANKNIFTY-I.NFO,13/09/2024,09:34:51,51769.4,51767.05,15,51768.75,75,225,2196390
BANKNIFTY-I.NFO,13/09/2024,09:34:52,51769.95,51764.75,60,51769.95,15,435,2196390
BANKNIFTY-I.NFO,13/09/2024,09:34:54,51766.2,51766.25,15,51767.65,15,105,2196390
BANKNIFTY-I.NFO,13/09/2024,09:34:56,51769.4,51767.85,15,51769.4,45,1260,2196390
BANKNIFTY-I.NFO,13/09/2024,09:34:57,51768.7,51768.55,15,51769.4,30,30,2196390
BANKNIFTY-I.NFO,13/09/2024,09:34:59,51770,51769.95,15,51770,180,180,2196390
BANKNIFTY-I.NFO,13/09/2024,09:35:01,51775,51774.8,135,51775,6675,495,2196390
BANKNIFTY-I.NFO,13/09/2024,09:35:02,51774.9,51774.95,45,51775,5115,2040,2196390
BANKNIFTY-I.NFO,13/09/2024,09:35:04,51787.05,51786.7,105,51790,15,5535,2196390
BANKNIFTY-I.NFO,13/09/2024,09:35:06,51800,51799.1,30,51800,1815,585,2196390
BANKNIFTY-I.NFO,13/09/2024,09:35:07,51799.55,51801.85,75,51805,15,2340,2196390
BANKNIFTY-I.NFO,13/09/2024,09:35:09,51805.45,51805.45,30,51809.65,15,1620,2196390
BANKNIFTY-I.NFO,13/09/2024,09:35:11,51801.7,51795.05,45,51801.8,30,390,2196390
BANKNIFTY-I.NFO,13/09/2024,09:35:12,51810,51805.65,45,51811.45,15,225,2196390
BANKNIFTY-I.NFO,13/09/2024,09:35:14,51812,51809.55,45,51812,90,195,2196390
BANKNIFTY-I.NFO,13/09/2024,09:35:16,51810,51809.4,180,51812,15,135,2196390
BANKNIFTY-I.NFO,13/09/2024,09:35:17,51809.4,51809.4,30,51809.55,15,210,2196390
BANKNIFTY-I.NFO,13/09/2024,09:35:19,51806.9,51806.9,15,51809.55,15,600,2196390
BANKNIFTY-I.NFO,13/09/2024,09:35:21,51808,51802.05,45,51806.95,30,240,2196390
BANKNIFTY-I.NFO,13/09/2024,09:35:22,51804.25,51801.7,15,51803.8,30,405,2196390
BANKNIFTY-I.NFO,13/09/2024,09:35:24,51799.45,51792.95,45,51799.85,90,180,2196390
BANKNIFTY-I.NFO,13/09/2024,09:35:26,51802.55,51800.4,45,51803.5,75,525,2196390
BANKNIFTY-I.NFO,13/09/2024,09:35:27,51794.9,51792.4,45,51796.4,30,780,2196390
BANKNIFTY-I.NFO,13/09/2024,09:35:29,51793.2,51793.2,30,51797.05,30,105,2196390
BANKNIFTY-I.NFO,13/09/2024,09:35:31,51797.35,51794.75,405,51797.25,30,105,2196390
BANKNIFTY-I.NFO,13/09/2024,09:35:32,51800.05,51800.85,45,51804.8,15,120,2196390
BANKNIFTY-I.NFO,13/09/2024,09:35:34,51808,51803.55,45,51808.35,15,510,2196390
BANKNIFTY-I.NFO,13/09/2024,09:35:36,51807.2,51807.25,45,51810,30,405,2196390
BANKNIFTY-I.NFO,13/09/2024,09:35:37,51812,51808.9,45,51815,405,45,2196390
BANKNIFTY-I.NFO,13/09/2024,09:35:39,51807.2,51807.25,45,51809.8,15,165,2196390
BANKNIFTY-I.NFO,13/09/2024,09:35:41,51810.45,51805.05,45,51809,15,510,2196390
BANKNIFTY-I.NFO,13/09/2024,09:35:42,51814,51810.8,270,51814.95,15,210,2196390
BANKNIFTY-I.NFO,13/09/2024,09:35:44,51808,51807.2,30,51809.1,15,540,2196390
BANKNIFTY-I.NFO,13/09/2024,09:35:46,51807.4,51805.1,45,51810,30,750,2196390
BANKNIFTY-I.NFO,13/09/2024,09:35:47,51808.1,51803.7,45,51807.05,30,180,2196390
BANKNIFTY-I.NFO,13/09/2024,09:35:49,51803.8,51800.05,45,51806.1,15,465,2196390
BANKNIFTY-I.NFO,13/09/2024,09:35:51,51806.25,51800.1,45,51806.25,15,225,2196390
BANKNIFTY-I.NFO,13/09/2024,09:35:52,51807.4,51805,15,51807.4,15,750,2196390
BANKNIFTY-I.NFO,13/09/2024,09:35:54,51805,51803.9,405,51805,105,60,2196390
BANKNIFTY-I.NFO,13/09/2024,09:35:56,51810,51805.2,45,51810.4,15,330,2196390
BANKNIFTY-I.NFO,13/09/2024,09:35:57,51805.95,51805.95,75,51811,480,45,2196390
BANKNIFTY-I.NFO,13/09/2024,09:35:59,51810,51809.3,45,51811,480,45,2196390
BANKNIFTY-I.NFO,13/09/2024,09:36:01,51815,51814.3,15,51815,435,510,2196390
BANKNIFTY-I.NFO,13/09/2024,09:36:02,51817.1,51816.3,45,51819.7,15,1695,2196390
BANKNIFTY-I.NFO,13/09/2024,09:36:04,51820,51819.15,45,51820,225,930,2196390
BANKNIFTY-I.NFO,13/09/2024,09:36:06,51815.25,51813.35,45,51818.5,15,450,2196390
BANKNIFTY-I.NFO,13/09/2024,09:36:07,51817.05,51814.85,75,51817.7,30,210,2196390
BANKNIFTY-I.NFO,13/09/2024,09:36:09,51820,51818.05,45,51820,60,90,2196390
BANKNIFTY-I.NFO,13/09/2024,09:36:11,51818.15,51817.35,60,51819.5,90,375,2196390
BANKNIFTY-I.NFO,13/09/2024,09:36:12,51817.3,51817.25,120,51818.6,30,600,2196390
BANKNIFTY-I.NFO,13/09/2024,09:36:14,51819.05,51817.75,15,51819.5,15,1110,2196390
BANKNIFTY-I.NFO,13/09/2024,09:36:16,51820,51819.1,15,51820,75,255,2196390
BANKNIFTY-I.NFO,13/09/2024,09:36:17,51820,51818.05,45,51820,15,150,2196390
BANKNIFTY-I.NFO,13/09/2024,09:36:19,51820,51820.05,45,51820.25,195,465,2196390
BANKNIFTY-I.NFO,13/09/2024,09:36:21,51820.25,51820.05,45,51822,225,285,2196390
BANKNIFTY-I.NFO,13/09/2024,09:36:22,51818.05,51818.05,30,51820.2,15,1395,2196390
BANKNIFTY-I.NFO,13/09/2024,09:36:24,51810.5,51811.05,45,51815.25,15,645,2196390
BANKNIFTY-I.NFO,13/09/2024,09:36:26,51815.5,51811.3,45,51814.95,15,30,2196390
BANKNIFTY-I.NFO,13/09/2024,09:36:27,51813.35,51810.05,45,51813.15,75,165,2196390
BANKNIFTY-I.NFO,13/09/2024,09:36:29,51809.6,51806.15,45,51809.45,30,525,2196390
BANKNIFTY-I.NFO,13/09/2024,09:36:31,51805.05,51806.8,405,51806.85,60,345,2196390
BANKNIFTY-I.NFO,13/09/2024,09:36:32,51802,51800.4,45,51802.85,30,930,2196390
BANKNIFTY-I.NFO,13/09/2024,09:36:34,51806.8,51801.95,30,51805.6,45,120,2196390
BANKNIFTY-I.NFO,13/09/2024,09:36:35,51806.8,51804.05,45,51809.8,30,0,2196390
BANKNIFTY-I.NFO,13/09/2024,09:36:37,51803.95,51804,120,51804.45,30,45,2196840
BANKNIFTY-I.NFO,13/09/2024,09:36:39,51803.6,51800.05,45,51804.05,165,1350,2196840
BANKNIFTY-I.NFO,13/09/2024,09:36:40,51804.4,51801.85,45,51805.65,15,60,2196840
BANKNIFTY-I.NFO,13/09/2024,09:36:42,51801.65,51801.65,270,51806.4,15,180,2196840
BANKNIFTY-I.NFO,13/09/2024,09:36:44,51804.7,51803.6,15,51808.15,15,405,2196840
BANKNIFTY-I.NFO,13/09/2024,09:36:45,51801.95,51802.45,45,51807.75,15,90,2196840
BANKNIFTY-I.NFO,13/09/2024,09:36:47,51807.75,51807.75,180,51808,15,120,2196840
BANKNIFTY-I.NFO,13/09/2024,09:36:49,51807.75,51807.75,135,51808.75,15,90,2196840
BANKNIFTY-I.NFO,13/09/2024,09:36:50,51803.95,51803.95,30,51807.95,15,150,2196840
BANKNIFTY-I.NFO,13/09/2024,09:36:52,51808.7,51803.75,30,51808.95,15,75,2196840
BANKNIFTY-I.NFO,13/09/2024,09:36:54,51809.05,51809.05,60,51810,30,255,2196840
BANKNIFTY-I.NFO,13/09/2024,09:36:55,51814.1,51811.75,45,51816,15,135,2196840
BANKNIFTY-I.NFO,13/09/2024,09:36:57,51816,51812.6,45,51818,15,15,2196840
BANKNIFTY-I.NFO,13/09/2024,09:36:59,51816.85,51812.65,45,51818,15,15,2196840
BANKNIFTY-I.NFO,13/09/2024,09:37:00,51818,51815.7,45,51820,180,30,2196840
BANKNIFTY-I.NFO,13/09/2024,09:37:02,51815.7,51815.95,45,51820,180,90,2196840
BANKNIFTY-I.NFO,13/09/2024,09:37:04,51810.5,51813.9,15,51816,15,570,2196840
BANKNIFTY-I.NFO,13/09/2024,09:37:05,51816.85,51816.05,15,51817.25,15,210,2196840
BANKNIFTY-I.NFO,13/09/2024,09:37:07,51816.05,51815.1,15,51816.95,15,720,2196840
BANKNIFTY-I.NFO,13/09/2024,09:37:09,51817.85,51815.05,15,51817.95,60,810,2196840
BANKNIFTY-I.NFO,13/09/2024,09:37:10,51820.1,51820.1,90,51820.15,15,330,2196840
BANKNIFTY-I.NFO,13/09/2024,09:37:12,51820.8,51814.6,45,51820.85,15,885,2196840
BANKNIFTY-I.NFO,13/09/2024,09:37:14,51822.6,51820.85,15,51822.5,15,495,2196840
BANKNIFTY-I.NFO,13/09/2024,09:37:15,51818.35,51818.35,30,51822.7,15,165,2196840
BANKNIFTY-I.NFO,13/09/2024,09:37:17,51816.95,51815.15,45,51818.5,15,255,2196840
BANKNIFTY-I.NFO,13/09/2024,09:37:19,51816,51815.4,45,51819.25,75,195,2196840
BANKNIFTY-I.NFO,13/09/2024,09:37:20,51822.5,51819.5,15,51822,15,1035,2196840
BANKNIFTY-I.NFO,13/09/2024,09:37:22,51821.9,51820,495,51821.95,15,270,2196840
BANKNIFTY-I.NFO,13/09/2024,09:37:24,51817.15,51816.1,45,51818.95,45,690,2196840
BANKNIFTY-I.NFO,13/09/2024,09:37:25,51815.45,51815,15,51815.4,180,360,2196840
BANKNIFTY-I.NFO,13/09/2024,09:37:27,51812.15,51809.1,45,51812.6,15,105,2196840
BANKNIFTY-I.NFO,13/09/2024,09:37:29,51811.95,51809.05,15,51811.45,30,315,2196840
BANKNIFTY-I.NFO,13/09/2024,09:37:30,51811.45,51809.05,45,51811.85,90,120,2196840
BANKNIFTY-I.NFO,13/09/2024,09:37:32,51811.3,51811.2,45,51815.4,180,285,2196840
BANKNIFTY-I.NFO,13/09/2024,09:37:34,51815.4,51812.6,45,51815.4,60,120,2196840
BANKNIFTY-I.NFO,13/09/2024,09:37:35,51812.55,51812.6,30,51812.95,15,150,2196840
BANKNIFTY-I.NFO,13/09/2024,09:37:37,51812.1,51811.15,15,51811.25,30,45,2196840
BANKNIFTY-I.NFO,13/09/2024,09:37:38,51810.15,51806.25,45,51810,15,810,2196840
BANKNIFTY-I.NFO,13/09/2024,09:37:40,51810.25,51806.45,45,51809.9,60,255,2196840
BANKNIFTY-I.NFO,13/09/2024,09:37:42,51810.4,51811.25,15,51811.8,15,15,2196840
BANKNIFTY-I.NFO,13/09/2024,09:37:43,51811.8,51814.05,45,51815,15,15,2196840
BANKNIFTY-I.NFO,13/09/2024,09:37:45,51811.3,51816.25,45,51819.25,60,285,2196840
BANKNIFTY-I.NFO,13/09/2024,09:37:47,51812.3,51811.8,15,51811.95,45,150,2196840
BANKNIFTY-I.NFO,13/09/2024,09:37:48,51811.95,51811.8,15,51813.25,15,45,2196840
BANKNIFTY-I.NFO,13/09/2024,09:37:50,51816.5,51816.55,345,51817,165,60,2196840
BANKNIFTY-I.NFO,13/09/2024,09:37:52,51820,51820,255,51820.5,30,240,2196840
BANKNIFTY-I.NFO,13/09/2024,09:37:53,51819.55,51816.7,45,51820.35,15,390,2196840
BANKNIFTY-I.NFO,13/09/2024,09:37:55,51824.2,51823.9,15,51824.2,75,390,2196840
BANKNIFTY-I.NFO,13/09/2024,09:37:57,51827.15,51825.4,45,51827.85,15,1140,2196840
BANKNIFTY-I.NFO,13/09/2024,09:37:58,51830,51828,30,51830,165,60,2196840
BANKNIFTY-I.NFO,13/09/2024,09:38:00,51824.25,51824.3,45,51829.1,15,1620,2196840
BANKNIFTY-I.NFO,13/09/2024,09:38:02,51829,51825.05,30,51826.75,15,210,2196840
BANKNIFTY-I.NFO,13/09/2024,09:38:03,51828.25,51825.25,45,51828.1,30,195,2196840
BANKNIFTY-I.NFO,13/09/2024,09:38:05,51828.45,51825.4,45,51829.7,15,720,2196840
BANKNIFTY-I.NFO,13/09/2024,09:38:07,51826.3,51826.25,390,51826.6,15,975,2196840
BANKNIFTY-I.NFO,13/09/2024,09:38:08,51828.1,51828.1,255,51828.3,30,825,2196840
BANKNIFTY-I.NFO,13/09/2024,09:38:10,51825.1,51825.1,270,51825.45,15,405,2196840
BANKNIFTY-I.NFO,13/09/2024,09:38:12,51825.75,51821.7,450,51824.75,15,480,2196840
BANKNIFTY-I.NFO,13/09/2024,09:38:13,51821.3,51819.25,45,51822.35,45,45,2196840
BANKNIFTY-I.NFO,13/09/2024,09:38:15,51819.45,51818.35,45,51822.05,15,495,2196840
BANKNIFTY-I.NFO,13/09/2024,09:38:17,51822.3,51822.3,30,51825.1,15,645,2196840
BANKNIFTY-I.NFO,13/09/2024,09:38:18,51816.5,51816,390,51816.75,15,675,2196840
BANKNIFTY-I.NFO,13/09/2024,09:38:20,51811.3,51811.25,15,51811.65,15,870,2196840
BANKNIFTY-I.NFO,13/09/2024,09:38:22,51811.25,51808.5,45,51814.25,45,15,2196840
BANKNIFTY-I.NFO,13/09/2024,09:38:23,51806.25,51803.05,45,51808.25,30,120,2196840
BANKNIFTY-I.NFO,13/09/2024,09:38:25,51803,51803,375,51805.35,15,75,2196840
BANKNIFTY-I.NFO,13/09/2024,09:38:27,51803,51800,180,51800.05,30,420,2196840
BANKNIFTY-I.NFO,13/09/2024,09:38:28,51800,51801,45,51803.55,15,165,2196840
BANKNIFTY-I.NFO,13/09/2024,09:38:30,51800.9,51799.8,45,51802.15,15,105,2196840
BANKNIFTY-I.NFO,13/09/2024,09:38:31,51797.7,51798.7,405,51800.05,30,435,2196840
BANKNIFTY-I.NFO,13/09/2024,09:38:33,51804.15,51804.15,375,51805.1,15,75,2196840
BANKNIFTY-I.NFO,13/09/2024,09:38:35,51797.05,51797.05,45,51798.5,15,810,2196840
BANKNIFTY-I.NFO,13/09/2024,09:38:36,51793,51792,60,51794.05,15,525,2196840
BANKNIFTY-I.NFO,13/09/2024,09:38:38,51795,51792.05,45,51795.8,15,45,2196840
BANKNIFTY-I.NFO,13/09/2024,09:38:40,51793.65,51791,45,51794.05,120,300,2196840
BANKNIFTY-I.NFO,13/09/2024,09:38:41,51790,51790,120,51790.8,15,435,2196840
BANKNIFTY-I.NFO,13/09/2024,09:38:43,51790,51790.05,45,51793,15,60,2196840
BANKNIFTY-I.NFO,13/09/2024,09:38:45,51793,51789.05,45,51794.05,15,150,2196840
BANKNIFTY-I.NFO,13/09/2024,09:38:46,51793.3,51794.85,45,51796.75,15,855,2196840
BANKNIFTY-I.NFO,13/09/2024,09:38:48,51794.3,51791.4,45,51793.25,15,435,2196840
BANKNIFTY-I.NFO,13/09/2024,09:38:49,51793,51789.7,45,51792.95,15,150,2196840
BANKNIFTY-I.NFO,13/09/2024,09:38:51,51789,51789,30,51791.45,15,195,2196840
BANKNIFTY-I.NFO,13/09/2024,09:38:53,51791.85,51789.45,45,51790.2,15,30,2196840
BANKNIFTY-I.NFO,13/09/2024,09:38:54,51789,51786,105,51789.7,15,135,2196840
BANKNIFTY-I.NFO,13/09/2024,09:38:56,51789.85,51786.05,75,51789.4,15,60,2196840
BANKNIFTY-I.NFO,13/09/2024,09:38:58,51789.4,51786.05,75,51789.8,15,30,2196840
BANKNIFTY-I.NFO,13/09/2024,09:38:59,51783.9,51780.65,45,51784.4,15,135,2196840
BANKNIFTY-I.NFO,13/09/2024,09:39:01,51780,51780,210,51780.05,15,135,2196840
BANKNIFTY-I.NFO,13/09/2024,09:39:03,51775,51775.05,45,51779.25,45,345,2196840
BANKNIFTY-I.NFO,13/09/2024,09:39:04,51772.95,51772.95,75,51776.15,15,180,2196840
BANKNIFTY-I.NFO,13/09/2024,09:39:06,51762.05,51762.5,30,51765.95,15,645,2196840
BANKNIFTY-I.NFO,13/09/2024,09:39:08,51762.4,51762.1,15,51764.2,45,195,2196840
BANKNIFTY-I.NFO,13/09/2024,09:39:09,51760.15,51760,30,51761.45,15,225,2196840
BANKNIFTY-I.NFO,13/09/2024,09:39:11,51755.1,51755.1,30,51756.75,15,60,2196840
BANKNIFTY-I.NFO,13/09/2024,09:39:13,51763.55,51760.1,45,51764.85,15,90,2196840
BANKNIFTY-I.NFO,13/09/2024,09:39:14,51758.2,51758.5,75,51763.45,15,30,2196840
BANKNIFTY-I.NFO,13/09/2024,09:39:16,51755.15,51755.15,30,51757.75,15,15,2196840
BANKNIFTY-I.NFO,13/09/2024,09:39:18,51758.7,51758.1,15,51762.05,30,45,2196840
BANKNIFTY-I.NFO,13/09/2024,09:39:19,51766.2,51760.65,45,51763.55,15,45,2196840
BANKNIFTY-I.NFO,13/09/2024,09:39:21,51760.45,51760.5,15,51763.5,30,60,2196840
BANKNIFTY-I.NFO,13/09/2024,09:39:23,51763,51761.35,45,51764.45,60,150,2196840
BANKNIFTY-I.NFO,13/09/2024,09:39:24,51757.3,51755.15,45,51757.3,15,675,2196840
BANKNIFTY-I.NFO,13/09/2024,09:39:26,51752,51750,750,51752,45,645,2196840
BANKNIFTY-I.NFO,13/09/2024,09:39:28,51762.2,51758.15,45,51762.2,15,75,2196840
BANKNIFTY-I.NFO,13/09/2024,09:39:29,51761.5,51756.2,45,51760,15,90,2196840
BANKNIFTY-I.NFO,13/09/2024,09:39:31,51761.5,51753.55,45,51760.1,60,795,2196840
BANKNIFTY-I.NFO,13/09/2024,09:39:33,51754.35,51756.45,45,51761.45,60,15,2196840
BANKNIFTY-I.NFO,13/09/2024,09:39:34,51762.75,51759.4,45,51761.6,15,150,2196840
BANKNIFTY-I.NFO,13/09/2024,09:39:36,51753.1,51754.8,45,51758.3,15,285,2196840
BANKNIFTY-I.NFO,13/09/2024,09:39:38,51752.1,51752.1,30,51755.25,15,45,2208495
BANKNIFTY-I.NFO,13/09/2024,09:39:39,51754.05,51750.55,75,51754.35,30,45,2208495
BANKNIFTY-I.NFO,13/09/2024,09:39:41,51750,51750,465,51756.95,45,285,2208495
BANKNIFTY-I.NFO,13/09/2024,09:39:43,51752.25,51752.25,30,51754.95,45,30,2208495
BANKNIFTY-I.NFO,13/09/2024,09:39:44,51753.1,51750,480,51751.8,45,195,2208495
BANKNIFTY-I.NFO,13/09/2024,09:39:46,51747.05,51747.05,30,51751.75,30,600,2208495
BANKNIFTY-I.NFO,13/09/2024,09:39:48,51747.05,51747.95,45,51754.9,15,120,2208495
BANKNIFTY-I.NFO,13/09/2024,09:39:49,51756.1,51754.9,30,51756.7,30,60,2208495
BANKNIFTY-I.NFO,13/09/2024,09:39:51,51754.8,51756,45,51759.4,15,90,2208495
BANKNIFTY-I.NFO,13/09/2024,09:39:53,51756.1,51756.1,30,51759.4,15,15,2208495
BANKNIFTY-I.NFO,13/09/2024,09:39:54,51756.1,51756.1,15,51760.75,15,60,2208495
BANKNIFTY-I.NFO,13/09/2024,09:39:56,51756.1,51760.05,45,51763.3,15,0,2208495
BANKNIFTY-I.NFO,13/09/2024,09:39:58,51763.3,51762.45,45,51765.5,30,15,2208495
BANKNIFTY-I.NFO,13/09/2024,09:39:59,51764.1,51764.1,30,51769.7,15,150,2208495
BANKNIFTY-I.NFO,13/09/2024,09:40:01,51773.35,51768.3,45,51773.65,15,585,2208495
BANKNIFTY-I.NFO,13/09/2024,09:40:03,51770.4,51770.4,15,51774.7,15,465,2208495
BANKNIFTY-I.NFO,13/09/2024,09:40:04,51774.3,51770,60,51774.7,15,45,2208495
BANKNIFTY-I.NFO,13/09/2024,09:40:06,51771.6,51765,45,51769.7,15,225,2208495
BANKNIFTY-I.NFO,13/09/2024,09:40:08,51769.35,51763.25,60,51769.45,15,300,2208495
BANKNIFTY-I.NFO,13/09/2024,09:40:09,51769,51763.55,45,51768.95,15,75,2208495
BANKNIFTY-I.NFO,13/09/2024,09:40:11,51763.3,51757.35,45,51765.35,15,120,2208495
BANKNIFTY-I.NFO,13/09/2024,09:40:13,51761.25,51760.05,45,51762,15,30,2208495
BANKNIFTY-I.NFO,13/09/2024,09:40:14,51760,51756.75,45,51760.05,15,45,2208495
BANKNIFTY-I.NFO,13/09/2024,09:40:16,51760,51756.75,45,51759.2,15,0,2208495
BANKNIFTY-I.NFO,13/09/2024,09:40:17,51754,51753.45,15,51754.9,75,195,2208495
BANKNIFTY-I.NFO,13/09/2024,09:40:19,51754.9,51753.5,45,51760.05,15,15,2208495
BANKNIFTY-I.NFO,13/09/2024,09:40:21,51754.9,51754.25,45,51759.8,75,0,2208495
BANKNIFTY-I.NFO,13/09/2024,09:40:22,51759.8,51757.2,45,51761.9,15,15,2208495
BANKNIFTY-I.NFO,13/09/2024,09:40:24,51759.25,51759.25,30,51764.4,15,45,2208495
BANKNIFTY-I.NFO,13/09/2024,09:40:26,51763.7,51760.85,45,51764.75,75,15,2208495
BANKNIFTY-I.NFO,13/09/2024,09:40:27,51765.15,51765,60,51765.15,270,45,2208495
BANKNIFTY-I.NFO,13/09/2024,09:40:29,51765.15,51765,60,51765.15,225,45,2208495
BANKNIFTY-I.NFO,13/09/2024,09:40:31,51765.15,51764,75,51765.15,165,60,2208495
BANKNIFTY-I.NFO,13/09/2024,09:40:32,51763.65,51763.6,15,51765.15,105,120,2208495
BANKNIFTY-I.NFO,13/09/2024,09:40:34,51771,51767.85,45,51771.1,15,120,2208495
BANKNIFTY-I.NFO,13/09/2024,09:40:36,51771.95,51767.6,45,51770.5,15,180,2208495
BANKNIFTY-I.NFO,13/09/2024,09:40:37,51772.7,51767.55,45,51773.15,15,525,2208495
BANKNIFTY-I.NFO,13/09/2024,09:40:39,51775,51776.45,120,51781.2,15,45,2208495
BANKNIFTY-I.NFO,13/09/2024,09:40:41,51776.4,51776.8,45,51780.75,15,225,2208495
BANKNIFTY-I.NFO,13/09/2024,09:40:42,51778.7,51771.5,45,51776.4,15,105,2208495
BANKNIFTY-I.NFO,13/09/2024,09:40:44,51776.4,51771.8,45,51774.85,15,465,2208495
BANKNIFTY-I.NFO,13/09/2024,09:40:46,51770,51766.15,45,51770.3,15,840,2208495
BANKNIFTY-I.NFO,13/09/2024,09:40:47,51765.15,51767.6,15,51769.25,30,30,2208495
BANKNIFTY-I.NFO,13/09/2024,09:40:49,51758.55,51758.55,15,51760.85,60,690,2208495
BANKNIFTY-I.NFO,13/09/2024,09:40:51,51758.85,51758.85,360,51759.05,15,90,2208495
BANKNIFTY-I.NFO,13/09/2024,09:40:52,51760.85,51758.85,270,51760,75,135,2208495
BANKNIFTY-I.NFO,13/09/2024,09:40:54,51758.9,51758.9,255,51758.95,15,435,2208495
BANKNIFTY-I.NFO,13/09/2024,09:40:56,51760.7,51757.5,405,51761.25,15,705,2208495
BANKNIFTY-I.NFO,13/09/2024,09:40:57,51759,51760,15,51760.6,15,30,2208495
BANKNIFTY-I.NFO,13/09/2024,09:40:59,51760.45,51759,15,51760.7,15,45,2208495
BANKNIFTY-I.NFO,13/09/2024,09:41:01,51760.8,51760.8,390,51764.85,15,30,2208495
BANKNIFTY-I.NFO,13/09/2024,09:41:02,51764.8,51761.05,60,51765.95,30,30,2208495
BANKNIFTY-I.NFO,13/09/2024,09:41:04,51769.15,51763.25,45,51768.75,15,105,2208495
BANKNIFTY-I.NFO,13/09/2024,09:41:06,51769.05,51767.4,375,51768.65,30,60,2208495
BANKNIFTY-I.NFO,13/09/2024,09:41:07,51763.45,51760.45,405,51763.5,15,435,2208495
BANKNIFTY-I.NFO,13/09/2024,09:41:09,51765,51760.95,45,51764.75,30,30,2208495
BANKNIFTY-I.NFO,13/09/2024,09:41:11,51765,51760.9,15,51762.35,15,0,2208495
BANKNIFTY-I.NFO,13/09/2024,09:41:12,51760,51759,30,51759.7,15,60,2208495
BANKNIFTY-I.NFO,13/09/2024,09:41:14,51758,51755.6,45,51760.85,15,90,2208495
BANKNIFTY-I.NFO,13/09/2024,09:41:16,51763.2,51756.4,45,51762,15,525,2208495
BANKNIFTY-I.NFO,13/09/2024,09:41:18,51760,51759,15,51760.85,15,15,2208495
BANKNIFTY-I.NFO,13/09/2024,09:41:19,51755.45,51753.5,15,51755.55,15,30,2208495
BANKNIFTY-I.NFO,13/09/2024,09:41:21,51755.45,51753.5,15,51755.55,15,0,2208495
BANKNIFTY-I.NFO,13/09/2024,09:41:23,51751.05,51751.05,45,51757.2,15,135,2208495
BANKNIFTY-I.NFO,13/09/2024,09:41:24,51757.15,51751,30,51756.9,15,75,2208495
BANKNIFTY-I.NFO,13/09/2024,09:41:26,51757.15,51751.05,45,51755.75,15,0,2208495
BANKNIFTY-I.NFO,13/09/2024,09:41:27,51757.15,51753.4,120,51759.2,15,0,2208495
BANKNIFTY-I.NFO,13/09/2024,09:41:29,51751.2,51754.8,60,51760.35,30,60,2208495
BANKNIFTY-I.NFO,13/09/2024,09:41:31,51757.15,51757.15,435,51759.95,30,45,2208495
BANKNIFTY-I.NFO,13/09/2024,09:41:32,51757.15,51757.15,375,51760.35,30,90,2208495
BANKNIFTY-I.NFO,13/09/2024,09:41:34,51759.95,51757.15,375,51759.95,15,15,2208495
BANKNIFTY-I.NFO,13/09/2024,09:41:36,51759.1,51759.1,315,51760.9,15,30,2208495
BANKNIFTY-I.NFO,13/09/2024,09:41:37,51761.35,51759.1,270,51762.45,15,60,2208495
BANKNIFTY-I.NFO,13/09/2024,09:41:39,51761.35,51759.15,75,51762.2,30,0,2208495
BANKNIFTY-I.NFO,13/09/2024,09:41:41,51762.95,51762.3,45,51768.3,15,390,2208495
BANKNIFTY-I.NFO,13/09/2024,09:41:42,51765.9,51762.25,45,51766.3,15,915,2208495
BANKNIFTY-I.NFO,13/09/2024,09:41:44,51767.45,51766.3,30,51768.2,15,60,2208495
BANKNIFTY-I.NFO,13/09/2024,09:41:45,51766.3,51762.2,15,51766.15,15,30,2208495
BANKNIFTY-I.NFO,13/09/2024,09:41:47,51766.7,51762.25,45,51766.7,15,15,2208495
BANKNIFTY-I.NFO,13/09/2024,09:41:49,51766.45,51764.15,375,51766.35,15,45,2208495
BANKNIFTY-I.NFO,13/09/2024,09:41:50,51766.45,51764.15,345,51766.25,15,60,2208495
BANKNIFTY-I.NFO,13/09/2024,09:41:52,51766.7,51764.2,45,51767.7,30,45,2208495
BANKNIFTY-I.NFO,13/09/2024,09:41:53,51767.75,51767.75,45,51772.3,15,60,2208495
BANKNIFTY-I.NFO,13/09/2024,09:41:55,51767.7,51767.75,45,51770.9,15,15,2208495
BANKNIFTY-I.NFO,13/09/2024,09:41:57,51769.65,51765.45,45,51770.9,15,1185,2208495
BANKNIFTY-I.NFO,13/09/2024,09:41:58,51771,51766.95,45,51771.45,15,30,2208495
BANKNIFTY-I.NFO,13/09/2024,09:42:00,51771,51769.45,405,51771.9,30,0,2208495
BANKNIFTY-I.NFO,13/09/2024,09:42:02,51769.3,51762.75,45,51766.9,15,405,2208495
BANKNIFTY-I.NFO,13/09/2024,09:42:03,51767.3,51763.5,75,51768.85,15,60,2208495
BANKNIFTY-I.NFO,13/09/2024,09:42:05,51767.3,51763.9,75,51769.15,15,0,2208495
BANKNIFTY-I.NFO,13/09/2024,09:42:06,51767.3,51763.8,405,51767.3,15,0,2208495
BANKNIFTY-I.NFO,13/09/2024,09:42:08,51767.15,51764.2,405,51766.15,30,15,2208495
BANKNIFTY-I.NFO,13/09/2024,09:42:10,51767.15,51764.25,405,51764.8,15,0,2208495
BANKNIFTY-I.NFO,13/09/2024,09:42:11,51764.7,51762.2,15,51763.7,15,435,2208495
BANKNIFTY-I.NFO,13/09/2024,09:42:13,51763.9,51762.2,15,51764.05,30,15,2208495
BANKNIFTY-I.NFO,13/09/2024,09:42:14,51762.2,51760.5,30,51762.2,60,45,2208495
BANKNIFTY-I.NFO,13/09/2024,09:42:16,51762.2,51760.5,30,51762.2,45,15,2208495
BANKNIFTY-I.NFO,13/09/2024,09:42:18,51762.2,51760.5,30,51764.75,15,45,2208495
BANKNIFTY-I.NFO,13/09/2024,09:42:19,51763.55,51760.5,15,51764.05,15,45,2208495
BANKNIFTY-I.NFO,13/09/2024,09:42:21,51763.55,51762,15,51765,15,0,2208495
BANKNIFTY-I.NFO,13/09/2024,09:42:23,51773.35,51773.35,240,51773.7,15,375,2208495
BANKNIFTY-I.NFO,13/09/2024,09:42:24,51773.35,51773.35,240,51773.7,15,0,2208495
BANKNIFTY-I.NFO,13/09/2024,09:42:26,51773.7,51774.15,75,51780.85,15,105,2208495
BANKNIFTY-I.NFO,13/09/2024,09:42:27,51780.85,51780.55,225,51781,15,165,2208495
BANKNIFTY-I.NFO,13/09/2024,09:42:29,51780.55,51780.55,165,51781,30,60,2208495
BANKNIFTY-I.NFO,13/09/2024,09:42:31,51780.55,51780.55,165,51781,30,0,2208495
BANKNIFTY-I.NFO,13/09/2024,09:42:32,51781,51777,45,51781.55,15,360,2208495
BANKNIFTY-I.NFO,13/09/2024,09:42:34,51777.3,51775.55,405,51778.4,15,30,2208495
BANKNIFTY-I.NFO,13/09/2024,09:42:36,51773.7,51770.6,45,51774.65,45,45,2208495
BANKNIFTY-I.NFO,13/09/2024,09:42:37,51768.4,51763,135,51766.85,15,30,2208495
BANKNIFTY-I.NFO,13/09/2024,09:42:39,51768.4,51763,135,51766.95,15,0,2208495
BANKNIFTY-I.NFO,13/09/2024,09:42:41,51760.5,51760,75,51761.5,15,150,2212635
BANKNIFTY-I.NFO,13/09/2024,09:42:42,51758.7,51755,15,51758.65,15,210,2212635
BANKNIFTY-I.NFO,13/09/2024,09:42:44,51758.7,51755.05,45,51757.95,15,0,2212635
BANKNIFTY-I.NFO,13/09/2024,09:42:46,51753.25,51752.5,60,51754.05,150,180,2212635
BANKNIFTY-I.NFO,13/09/2024,09:42:47,51754.95,51752.5,60,51755.8,75,15,2212635
BANKNIFTY-I.NFO,13/09/2024,09:42:49,51755.05,51754.2,165,51761.45,60,30,2212635
BANKNIFTY-I.NFO,13/09/2024,09:42:51,51756.85,51756.85,15,51760.45,150,75,2212635
BANKNIFTY-I.NFO,13/09/2024,09:42:52,51756.85,51758.3,45,51760.45,30,0,2212635
BANKNIFTY-I.NFO,13/09/2024,09:42:54,51761.9,51757.55,45,51761.3,75,75,2212635
BANKNIFTY-I.NFO,13/09/2024,09:42:56,51761.3,51759.15,45,51762.75,75,15,2212635
BANKNIFTY-I.NFO,13/09/2024,09:42:57,51762.75,51760,45,51763.25,150,15,2212635
BANKNIFTY-I.NFO,13/09/2024,09:42:59,51763.25,51760,240,51760.8,75,30,2212635
BANKNIFTY-I.NFO,13/09/2024,09:43:01,51757.5,51752.75,15,51757.7,15,945,2212635
BANKNIFTY-I.NFO,13/09/2024,09:43:02,51757.7,51755.5,60,51757.75,60,15,2212635
BANKNIFTY-I.NFO,13/09/2024,09:43:04,51755.8,51755.8,45,51757.75,15,45,2212635
BANKNIFTY-I.NFO,13/09/2024,09:43:05,51755.8,51755.85,120,51757.75,15,0,2212635
BANKNIFTY-I.NFO,13/09/2024,09:43:07,51757.75,51759.3,45,51763.25,45,30,2212635
BANKNIFTY-I.NFO,13/09/2024,09:43:09,51762.4,51758.9,45,51762.4,15,15,2212635
BANKNIFTY-I.NFO,13/09/2024,09:43:10,51762.4,51756.05,45,51758.85,75,0,2212635
BANKNIFTY-I.NFO,13/09/2024,09:43:12,51756.3,51756.3,45,51758.9,30,90,2212635
BANKNIFTY-I.NFO,13/09/2024,09:43:14,51758.9,51756.15,45,51758.5,30,15,2212635
BANKNIFTY-I.NFO,13/09/2024,09:43:15,51758.9,51755.8,45,51756.2,15,0,2212635
BANKNIFTY-I.NFO,13/09/2024,09:43:17,51754.6,51752,15,51754.6,30,180,2212635
BANKNIFTY-I.NFO,13/09/2024,09:43:19,51754.6,51755,15,51755.5,15,75,2212635
BANKNIFTY-I.NFO,13/09/2024,09:43:20,51755.95,51755.05,45,51761.5,150,285,2212635
BANKNIFTY-I.NFO,13/09/2024,09:43:22,51755.95,51755,15,51755.25,30,0,2212635
BANKNIFTY-I.NFO,13/09/2024,09:43:23,51752,51752.05,120,51755.25,60,75,2212635
BANKNIFTY-I.NFO,13/09/2024,09:43:25,51752,51752,30,51754.85,30,0,2212635
BANKNIFTY-I.NFO,13/09/2024,09:43:27,51755.65,51755.35,120,51763.15,15,150,2212635
BANKNIFTY-I.NFO,13/09/2024,09:43:28,51754.55,51756.3,165,51763.15,15,15,2212635
BANKNIFTY-I.NFO,13/09/2024,09:43:30,51763.15,51763.15,30,51765.3,105,15,2212635
BANKNIFTY-I.NFO,13/09/2024,09:43:32,51759.3,51765.9,405,51769.95,15,165,2212635
BANKNIFTY-I.NFO,13/09/2024,09:43:33,51772.45,51769.6,45,51772.6,30,75,2212635
BANKNIFTY-I.NFO,13/09/2024,09:43:35,51772.45,51769.6,45,51769.65,30,0,2212635
BANKNIFTY-I.NFO,13/09/2024,09:43:37,51769.65,51770.95,45,51771.95,30,30,2212635
BANKNIFTY-I.NFO,13/09/2024,09:43:39,51769.65,51771,45,51771.55,30,0,2212635
BANKNIFTY-I.NFO,13/09/2024,09:43:40,51769.15,51769.15,390,51771.15,30,105,2212635
BANKNIFTY-I.NFO,13/09/2024,09:43:42,51769.15,51769.15,375,51770.1,15,15,2212635
BANKNIFTY-I.NFO,13/09/2024,09:43:43,51769.15,51769.15,195,51769.3,15,180,2212635
BANKNIFTY-I.NFO,13/09/2024,09:43:45,51770.85,51770.85,15,51771.15,30,135,2212635
BANKNIFTY-I.NFO,13/09/2024,09:43:47,51768.6,51766,15,51767.4,30,165,2212635
BANKNIFTY-I.NFO,13/09/2024,09:43:48,51766,51760.2,150,51767,30,30,2212635
BANKNIFTY-I.NFO,13/09/2024,09:43:50,51770,51770,15,51770.75,15,285,2212635
BANKNIFTY-I.NFO,13/09/2024,09:43:52,51767.35,51763.7,15,51767.35,30,675,2212635
BANKNIFTY-I.NFO,13/09/2024,09:43:53,51767.35,51762.25,15,51770.8,120,30,2212635
BANKNIFTY-I.NFO,13/09/2024,09:43:55,51770.55,51770.75,15,51770.8,105,45,2212635
BANKNIFTY-I.NFO,13/09/2024,09:43:56,51770.8,51772.05,270,51772.2,15,135,2212635
BANKNIFTY-I.NFO,13/09/2024,09:43:58,51775,51772.05,150,51775.1,30,135,2212635
BANKNIFTY-I.NFO,13/09/2024,09:44:00,51776.4,51772.05,150,51775.45,15,30,2212635
BANKNIFTY-I.NFO,13/09/2024,09:44:01,51770.8,51770.8,30,51773.65,30,180,2212635
BANKNIFTY-I.NFO,13/09/2024,09:44:03,51769.15,51769.15,15,51769.2,90,105,2212635
BANKNIFTY-I.NFO,13/09/2024,09:44:05,51766,51760.05,45,51767.1,120,285,2212635
BANKNIFTY-I.NFO,13/09/2024,09:44:06,51764.65,51760.15,45,51765.2,15,165,2212635
BANKNIFTY-I.NFO,13/09/2024,09:44:08,51761.8,51760,150,51761.5,30,75,2212635
BANKNIFTY-I.NFO,13/09/2024,09:44:10,51759.8,51760.2,15,51761.25,15,420,2212635
BANKNIFTY-I.NFO,13/09/2024,09:44:11,51760.2,51755.65,15,51760.25,165,60,2212635
BANKNIFTY-I.NFO,13/09/2024,09:44:13,51757,51755.65,15,51757,60,150,2212635
BANKNIFTY-I.NFO,13/09/2024,09:44:15,51757,51756,60,51763.3,270,60,2212635
BANKNIFTY-I.NFO,13/09/2024,09:44:16,51755.8,51760.25,45,51763.65,30,30,2212635
BANKNIFTY-I.NFO,13/09/2024,09:44:18,51767.55,51760.3,45,51767.1,30,15,2212635
BANKNIFTY-I.NFO,13/09/2024,09:44:20,51760,51760,90,51766.55,15,255,2212635
BANKNIFTY-I.NFO,13/09/2024,09:44:21,51761,51761,30,51769.45,60,120,2212635
BANKNIFTY-I.NFO,13/09/2024,09:44:23,51761,51761,30,51767.3,15,0,2212635
BANKNIFTY-I.NFO,13/09/2024,09:44:25,51761,51761,30,51767.05,15,0,2212635
BANKNIFTY-I.NFO,13/09/2024,09:44:26,51760,51767.55,15,51767.6,15,120,2212635
BANKNIFTY-I.NFO,13/09/2024,09:44:28,51761,51762.25,45,51767.6,15,75,2212635
BANKNIFTY-I.NFO,13/09/2024,09:44:30,51762,51762,30,51767.6,15,30,2212635
BANKNIFTY-I.NFO,13/09/2024,09:44:31,51762,51763.2,45,51767.55,15,0,2212635
BANKNIFTY-I.NFO,13/09/2024,09:44:33,51762,51764.15,405,51767.55,15,0,2212635
BANKNIFTY-I.NFO,13/09/2024,09:44:35,51767.6,51767.6,30,51767.65,15,30,2212635
BANKNIFTY-I.NFO,13/09/2024,09:44:36,51769.45,51767.65,45,51775,15,45,2212635
BANKNIFTY-I.NFO,13/09/2024,09:44:38,51774.95,51770.35,30,51775,15,15,2212635
BANKNIFTY-I.NFO,13/09/2024,09:44:40,51777.05,51777.05,345,51780,495,105,2212635
BANKNIFTY-I.NFO,13/09/2024,09:44:41,51777.05,51777.05,345,51780,495,0,2212635
BANKNIFTY-I.NFO,13/09/2024,09:44:45,51777.25,51775.8,45,51780,150,375,2212635
BANKNIFTY-I.NFO,13/09/2024,09:44:46,51779.95,51775,45,51780,150,45,2212635
BANKNIFTY-I.NFO,13/09/2024,09:44:48,51775,51774.95,15,51779.7,120,15,2212635
BANKNIFTY-I.NFO,13/09/2024,09:44:50,51779.95,51774.95,15,51780,150,75,2212635
BANKNIFTY-I.NFO,13/09/2024,09:44:51,51774.95,51775.85,15,51780,150,15,2212635
BANKNIFTY-I.NFO,13/09/2024,09:44:53,51774.95,51776.05,405,51779,15,0,2212635
BANKNIFTY-I.NFO,13/09/2024,09:44:54,51774.95,51775.95,405,51779,15,0,2212635
BANKNIFTY-I.NFO,13/09/2024,09:44:56,51776.05,51776.05,360,51779,15,45,2212635
BANKNIFTY-I.NFO,13/09/2024,09:44:58,51780,51779.95,30,51780.55,15,195,2212635
BANKNIFTY-I.NFO,13/09/2024,09:44:59,51784.6,51782.85,45,51787,15,150,2212635
BANKNIFTY-I.NFO,13/09/2024,09:45:01,51788,51786,45,51788.05,120,45,2212635
BANKNIFTY-I.NFO,13/09/2024,09:45:03,51786,51777.4,405,51779.95,150,405,2212635
BANKNIFTY-I.NFO,13/09/2024,09:45:04,51779.95,51781.55,45,51788.6,30,150,2212635
BANKNIFTY-I.NFO,13/09/2024,09:45:06,51782.2,51782.2,15,51789.8,30,45,2212635
BANKNIFTY-I.NFO,13/09/2024,09:45:08,51790,51785.5,405,51789.6,30,15,2212635
BANKNIFTY-I.NFO,13/09/2024,09:45:09,51790,51788.6,405,51790,285,45,2212635
BANKNIFTY-I.NFO,13/09/2024,09:45:11,51790,51789.8,345,51790,195,165,2212635
BANKNIFTY-I.NFO,13/09/2024,09:45:13,51789.8,51789.8,330,51790,180,30,2212635
BANKNIFTY-I.NFO,13/09/2024,09:45:14,51795,51790,225,51796.8,30,225,2212635
BANKNIFTY-I.NFO,13/09/2024,09:45:16,51790.05,51790.05,30,51793.8,30,15,2212635
BANKNIFTY-I.NFO,13/09/2024,09:45:18,51794,51790.65,45,51798.6,30,45,2212635
BANKNIFTY-I.NFO,13/09/2024,09:45:19,51800,51791.95,150,51800,165,240,2212635
BANKNIFTY-I.NFO,13/09/2024,09:45:21,51800,51790.75,45,51797.6,15,0,2212635
BANKNIFTY-I.NFO,13/09/2024,09:45:22,51790.7,51790.7,360,51794.65,15,150,2212635
BANKNIFTY-I.NFO,13/09/2024,09:45:24,51795.75,51790.85,45,51798.45,15,30,2212635
BANKNIFTY-I.NFO,13/09/2024,09:45:26,51800,51791.45,45,51798.7,30,15,2212635
BANKNIFTY-I.NFO,13/09/2024,09:45:27,51798.1,51798.1,330,51798.8,30,270,2212635
BANKNIFTY-I.NFO,13/09/2024,09:45:29,51799.9,51798.1,240,51800,180,570,2212635
BANKNIFTY-I.NFO,13/09/2024,09:45:31,51796.85,51792.4,45,51796.75,15,285,2212635
BANKNIFTY-I.NFO,13/09/2024,09:45:32,51790,51790,390,51790.7,30,45,2212635
BANKNIFTY-I.NFO,13/09/2024,09:45:34,51790,51790,150,51791.95,90,285,2212635
BANKNIFTY-I.NFO,13/09/2024,09:45:36,51792.9,51793.4,30,51795.1,30,15,2212635
BANKNIFTY-I.NFO,13/09/2024,09:45:37,51798.1,51798.1,105,51799.35,15,60,2212635
BANKNIFTY-I.NFO,13/09/2024,09:45:39,51793.4,51793.4,15,51795.35,60,135,2215095
BANKNIFTY-I.NFO,13/09/2024,09:45:40,51795,51793.45,90,51793.5,1290,240,2215095
BANKNIFTY-I.NFO,13/09/2024,09:45:42,51793.5,51793.4,15,51793.45,15,15,2215095
BANKNIFTY-I.NFO,13/09/2024,09:45:44,51793.5,51788.55,45,51793.5,870,495,2215095
BANKNIFTY-I.NFO,13/09/2024,09:45:46,51793.5,51790.6,120,51798.1,600,930,2215095
BANKNIFTY-I.NFO,13/09/2024,09:45:47,51793.5,51789.35,525,51793.4,30,0,2215095
BANKNIFTY-I.NFO,13/09/2024,09:45:49,51795,51790.45,165,51795,510,120,2215095
BANKNIFTY-I.NFO,13/09/2024,09:45:51,51795,51790.85,120,51794.9,30,0,2215095
BANKNIFTY-I.NFO,13/09/2024,09:45:52,51795.05,51795.05,15,51799.9,15,870,2215095
BANKNIFTY-I.NFO,13/09/2024,09:45:54,51795,51795.05,120,51800,60,60,2215095
BANKNIFTY-I.NFO,13/09/2024,09:45:55,51800,51795.5,120,51800,45,15,2215095
BANKNIFTY-I.NFO,13/09/2024,09:45:57,51795.6,51795.3,120,51800,45,30,2215095
BANKNIFTY-I.NFO,13/09/2024,09:45:59,51795.6,51795.45,45,51799.95,15,0,2215095
BANKNIFTY-I.NFO,13/09/2024,09:46:00,51795.6,51795,225,51799.8,30,0,2215095
BANKNIFTY-I.NFO,13/09/2024,09:46:02,51795.05,51795.05,30,51800,375,210,2215095
BANKNIFTY-I.NFO,13/09/2024,09:46:04,51795.05,51795.1,120,51799.95,330,0,2215095
BANKNIFTY-I.NFO,13/09/2024,09:46:05,51795.5,51795.4,120,51799.9,30,45,2215095
BANKNIFTY-I.NFO,13/09/2024,09:46:07,51798.95,51795.15,120,51798.95,30,45,2215095
BANKNIFTY-I.NFO,13/09/2024,09:46:09,51798.95,51795.8,120,51798.95,15,30,2215095
BANKNIFTY-I.NFO,13/09/2024,09:46:10,51798.9,51795.8,405,51798.9,15,15,2215095
BANKNIFTY-I.NFO,13/09/2024,09:46:12,51798.9,51795.15,45,51798.9,15,45,2215095
BANKNIFTY-I.NFO,13/09/2024,09:46:13,51797.7,51795.1,30,51797.7,15,75,2215095
BANKNIFTY-I.NFO,13/09/2024,09:46:15,51797.7,51795.1,30,51796.7,15,90,2215095
BANKNIFTY-I.NFO,13/09/2024,09:46:17,51794,51790.95,405,51794,315,330,2215095
BANKNIFTY-I.NFO,13/09/2024,09:46:18,51794,51790.05,45,51795.8,90,60,2215095
BANKNIFTY-I.NFO,13/09/2024,09:46:20,51796.35,51790,45,51793.8,15,600,2215095
BANKNIFTY-I.NFO,13/09/2024,09:46:22,51791.85,51790,45,51791.9,15,30,2215095
BANKNIFTY-I.NFO,13/09/2024,09:46:23,51790,51784.7,45,51791.3,15,45,2215095
BANKNIFTY-I.NFO,13/09/2024,09:46:25,51790,51787.65,15,51791.3,15,0,2215095
BANKNIFTY-I.NFO,13/09/2024,09:46:27,51791.8,51790.25,120,51797.85,15,75,2215095
BANKNIFTY-I.NFO,13/09/2024,09:46:28,51791.8,51790.65,30,51797.85,15,0,2215095
BANKNIFTY-I.NFO,13/09/2024,09:46:30,51791.8,51795,240,51799.85,315,0,2215095
BANKNIFTY-I.NFO,13/09/2024,09:46:32,51791.8,51796.45,15,51799.85,315,0,2215095
BANKNIFTY-I.NFO,13/09/2024,09:46:33,51795.95,51795,240,51799.85,240,195,2215095
BANKNIFTY-I.NFO,13/09/2024,09:46:35,51795.95,51795,240,51799.85,240,0,2215095
BANKNIFTY-I.NFO,13/09/2024,09:46:36,51799.85,51795,240,51798.15,15,15,2215095
BANKNIFTY-I.NFO,13/09/2024,09:46:38,51795,51795,225,51796.45,15,30,2215095
BANKNIFTY-I.NFO,13/09/2024,09:46:40,51795.35,51790,45,51795.45,15,450,2215095
BANKNIFTY-I.NFO,13/09/2024,09:46:41,51790.05,51790,45,51798.25,15,90,2215095
BANKNIFTY-I.NFO,13/09/2024,09:46:43,51790,51790,30,51795.35,45,15,2215095
BANKNIFTY-I.NFO,13/09/2024,09:46:44,51790,51790.05,30,51794.55,15,0,2215095
BANKNIFTY-I.NFO,13/09/2024,09:46:46,51784.35,51785.5,45,51793.1,15,180,2215095
BANKNIFTY-I.NFO,13/09/2024,09:46:47,51791.85,51784.2,75,51789.3,45,15,2215095
BANKNIFTY-I.NFO,13/09/2024,09:46:49,51784.2,51784.2,45,51788.6,135,30,2215095
BANKNIFTY-I.NFO,13/09/2024,09:46:51,51784.85,51780,45,51783.8,15,120,2215095
BANKNIFTY-I.NFO,13/09/2024,09:46:52,51783.6,51780,45,51783.65,165,15,2215095
BANKNIFTY-I.NFO,13/09/2024,09:46:54,51783.6,51780,45,51780.8,30,0,2215095
BANKNIFTY-I.NFO,13/09/2024,09:46:55,51770.6,51770.6,105,51778.35,15,450,2215095
BANKNIFTY-I.NFO,13/09/2024,09:46:57,51770.6,51770.6,30,51777.5,15,45,2215095
BANKNIFTY-I.NFO,13/09/2024,09:46:59,51780.45,51771.55,45,51779.7,15,30,2215095
BANKNIFTY-I.NFO,13/09/2024,09:47:00,51777.85,51770.55,15,51776.85,30,315,2215095
BANKNIFTY-I.NFO,13/09/2024,09:47:02,51777.85,51772.3,45,51780.15,15,0,2215095
BANKNIFTY-I.NFO,13/09/2024,09:47:03,51777.85,51770.55,15,51772.85,15,0,2215095
BANKNIFTY-I.NFO,13/09/2024,09:47:05,51762.75,51766.7,120,51770,15,60,2215095
BANKNIFTY-I.NFO,13/09/2024,09:47:07,51762.75,51762.5,165,51770,30,0,2215095
BANKNIFTY-I.NFO,13/09/2024,09:47:08,51762.4,51761.25,150,51770,30,120,2215095
BANKNIFTY-I.NFO,13/09/2024,09:47:10,51761.25,51761.45,90,51770,30,15,2215095
BANKNIFTY-I.NFO,13/09/2024,09:47:12,51770.95,51768.7,15,51772.9,15,45,2215095
BANKNIFTY-I.NFO,13/09/2024,09:47:13,51772.9,51771.45,15,51779.95,120,15,2215095
BANKNIFTY-I.NFO,13/09/2024,09:47:15,51772.9,51768.1,135,51776.95,15,0,2215095
BANKNIFTY-I.NFO,13/09/2024,09:47:16,51767.9,51767.9,330,51770,15,75,2215095
BANKNIFTY-I.NFO,13/09/2024,09:47:18,51767.9,51767.9,330,51769.6,15,0,2215095
BANKNIFTY-I.NFO,13/09/2024,09:47:20,51775,51772.55,45,51781.3,120,45,2215095
BANKNIFTY-I.NFO,13/09/2024,09:47:21,51780.7,51773.45,165,51782.6,30,360,2215095
BANKNIFTY-I.NFO,13/09/2024,09:47:23,51774.8,51777.1,45,51785.35,15,150,2215095
BANKNIFTY-I.NFO,13/09/2024,09:47:25,51774.8,51775.8,45,51784.4,120,0,2215095
BANKNIFTY-I.NFO,13/09/2024,09:47:26,51785,51784.95,75,51788.6,120,105,2215095
BANKNIFTY-I.NFO,13/09/2024,09:47:28,51784.95,51775.5,45,51783.7,15,105,2215095
BANKNIFTY-I.NFO,13/09/2024,09:47:30,51780.8,51772.3,120,51782,120,30,2215095
BANKNIFTY-I.NFO,13/09/2024,09:47:31,51772.3,51773.85,45,51783.2,120,15,2215095
BANKNIFTY-I.NFO,13/09/2024,09:47:33,51781.85,51769.4,45,51777.05,135,30,2215095
BANKNIFTY-I.NFO,13/09/2024,09:47:35,51781.85,51767.95,45,51775.1,105,0,2215095
BANKNIFTY-I.NFO,13/09/2024,09:47:36,51774.85,51767.8,45,51776.35,15,75,2215095
BANKNIFTY-I.NFO,13/09/2024,09:47:38,51774.85,51767.6,45,51775.9,105,0,2215095
BANKNIFTY-I.NFO,13/09/2024,09:47:40,51777.75,51768.9,45,51777.75,90,30,2215095
BANKNIFTY-I.NFO,13/09/2024,09:47:41,51777.75,51775,15,51784.8,75,0,2215095
BANKNIFTY-I.NFO,13/09/2024,09:47:43,51775,51778,45,51787.1,75,15,2215095
BANKNIFTY-I.NFO,13/09/2024,09:47:45,51779.75,51779.8,45,51787.7,60,30,2215095
BANKNIFTY-I.NFO,13/09/2024,09:47:46,51786.45,51776.55,45,51786.25,60,15,2215095
BANKNIFTY-I.NFO,13/09/2024,09:47:48,51786.45,51777,45,51785.75,45,0,2215095
BANKNIFTY-I.NFO,13/09/2024,09:47:50,51786.45,51778.2,45,51786,45,0,2215095
BANKNIFTY-I.NFO,13/09/2024,09:47:51,51786.45,51775.55,45,51783.35,60,0,2215095
BANKNIFTY-I.NFO,13/09/2024,09:47:53,51786.45,51778.75,45,51785,15,0,2215095
BANKNIFTY-I.NFO,13/09/2024,09:47:55,51785,51778.65,45,51787.75,45,15,2215095
BANKNIFTY-I.NFO,13/09/2024,09:47:56,51785,51777.7,45,51786.45,45,0,2215095
BANKNIFTY-I.NFO,13/09/2024,09:47:58,51785,51778.85,45,51786.45,45,0,2215095
BANKNIFTY-I.NFO,13/09/2024,09:48:00,51785,51777.85,15,51786.6,45,60,2215095
BANKNIFTY-I.NFO,13/09/2024,09:48:02,51785,51775.7,45,51784.2,45,0,2215095
BANKNIFTY-I.NFO,13/09/2024,09:48:03,51785,51776.4,45,51784.95,45,0,2215095
BANKNIFTY-I.NFO,13/09/2024,09:48:05,51785,51778.4,45,51785,45,0,2215095
BANKNIFTY-I.NFO,13/09/2024,09:48:07,51775.15,51777.35,120,51785,45,30,2215095
BANKNIFTY-I.NFO,13/09/2024,09:48:08,51775.15,51779.8,45,51785,45,0,2215095
BANKNIFTY-I.NFO,13/09/2024,09:48:10,51775.15,51781.2,120,51785,45,0,2215095
BANKNIFTY-I.NFO,13/09/2024,09:48:12,51781.2,51780.65,105,51785,45,90,2215095
BANKNIFTY-I.NFO,13/09/2024,09:48:13,51785,51785.05,360,51790,15,60,2215095
BANKNIFTY-I.NFO,13/09/2024,09:48:15,51785,51785.05,360,51790,15,0,2215095
BANKNIFTY-I.NFO,13/09/2024,09:48:16,51790,51785.05,360,51790.9,15,15,2215095
BANKNIFTY-I.NFO,13/09/2024,09:48:18,51788.8,51785.05,360,51788.6,120,15,2215095
BANKNIFTY-I.NFO,13/09/2024,09:48:20,51786.45,51778.55,45,51788.35,15,405,2215095
BANKNIFTY-I.NFO,13/09/2024,09:48:21,51786.45,51778.6,45,51787.45,60,0,2215095
BANKNIFTY-I.NFO,13/09/2024,09:48:23,51786.45,51778.45,45,51788,30,0,2215095
BANKNIFTY-I.NFO,13/09/2024,09:48:25,51786.45,51781.2,45,51787,30,0,2215095
BANKNIFTY-I.NFO,13/09/2024,09:48:26,51786.45,51785,45,51787,45,0,2215095
BANKNIFTY-I.NFO,13/09/2024,09:48:30,51785.25,51786.95,45,51789.95,15,90,2215095
BANKNIFTY-I.NFO,13/09/2024,09:48:31,51789.95,51787.7,405,51790,75,15,2215095
BANKNIFTY-I.NFO,13/09/2024,09:48:33,51790,51788.6,120,51797.05,15,75,2215095
BANKNIFTY-I.NFO,13/09/2024,09:48:35,51789.65,51791.4,45,51798,270,75,2215095
BANKNIFTY-I.NFO,13/09/2024,09:48:36,51798,51793.6,45,51798,255,15,2215095
BANKNIFTY-I.NFO,13/09/2024,09:48:38,51792.25,51790.05,120,51798,255,15,2215095
BANKNIFTY-I.NFO,13/09/2024,09:48:40,51792.25,51787.6,120,51796.7,15,0,2215095
BANKNIFTY-I.NFO,13/09/2024,09:48:41,51790,51790,45,51797.2,15,105,2215875
BANKNIFTY-I.NFO,13/09/2024,09:48:43,51797.2,51789.2,45,51798,240,45,2215875
BANKNIFTY-I.NFO,13/09/2024,09:48:45,51797.2,51789,120,51798,225,0,2215875
BANKNIFTY-I.NFO,13/09/2024,09:48:46,51797.2,51787.4,15,51795.7,15,0,2215875
BANKNIFTY-I.NFO,13/09/2024,09:48:48,51797.9,51788.05,120,51797.55,15,30,2215875
BANKNIFTY-I.NFO,13/09/2024,09:48:50,51798,51789.65,120,51798,135,105,2215875
BANKNIFTY-I.NFO,13/09/2024,09:48:51,51789.85,51789.95,120,51798,135,30,2215875
BANKNIFTY-I.NFO,13/09/2024,09:48:53,51786.5,51788.65,45,51798.05,120,345,2215875
BANKNIFTY-I.NFO,13/09/2024,09:48:55,51786.5,51786.45,15,51793.15,120,0,2215875
BANKNIFTY-I.NFO,13/09/2024,09:48:56,51785,51785.6,15,51793.2,15,30,2215875
BANKNIFTY-I.NFO,13/09/2024,09:48:58,51786.5,51785.45,15,51794.15,120,30,2215875
BANKNIFTY-I.NFO,13/09/2024,09:49:00,51793.15,51785.05,120,51793.85,15,30,2215875
BANKNIFTY-I.NFO,13/09/2024,09:49:01,51793.15,51785,330,51792.85,15,0,2215875
BANKNIFTY-I.NFO,13/09/2024,09:49:03,51785,51779.85,15,51789.05,60,630,2215875
BANKNIFTY-I.NFO,13/09/2024,09:49:05,51787.75,51780,15,51785.65,15,105,2215875
BANKNIFTY-I.NFO,13/09/2024,09:49:06,51775.05,51775.8,15,51780,315,75,2215875
BANKNIFTY-I.NFO,13/09/2024,09:49:08,51775.05,51775.75,30,51780,315,0,2215875
BANKNIFTY-I.NFO,13/09/2024,09:49:10,51780,51775.75,15,51780,255,75,2215875
BANKNIFTY-I.NFO,13/09/2024,09:49:11,51775.75,51776,30,51779.95,15,30,2215875
BANKNIFTY-I.NFO,13/09/2024,09:49:13,51776,51776,15,51779.65,15,15,2215875
BANKNIFTY-I.NFO,13/09/2024,09:49:15,51776,51776,15,51777.65,15,0,2215875
BANKNIFTY-I.NFO,13/09/2024,09:49:18,51776,51775,90,51777.6,15,15,2215875
BANKNIFTY-I.NFO,13/09/2024,09:49:20,51776,51775,90,51776,45,0,2215875
BANKNIFTY-I.NFO,13/09/2024,09:49:21,51776,51775,90,51775.95,15,0,2215875
BANKNIFTY-I.NFO,13/09/2024,09:49:23,51775,51775,45,51775.95,15,45,2215875
BANKNIFTY-I.NFO,13/09/2024,09:49:25,51775,51770,15,51774.85,30,45,2215875
BANKNIFTY-I.NFO,13/09/2024,09:49:26,51773.8,51770,15,51774.7,60,15,2215875
BANKNIFTY-I.NFO,13/09/2024,09:49:28,51774.7,51770,15,51773.95,15,45,2215875
BANKNIFTY-I.NFO,13/09/2024,09:49:30,51771,51771,375,51774.7,30,45,2215875
BANKNIFTY-I.NFO,13/09/2024,09:49:31,51774.65,51771,375,51774.7,45,15,2215875
BANKNIFTY-I.NFO,13/09/2024,09:49:33,51771,51771,225,51772.4,15,150,2215875
BANKNIFTY-I.NFO,13/09/2024,09:49:35,51776,51774.15,15,51782.15,15,330,2215875
BANKNIFTY-I.NFO,13/09/2024,09:49:36,51782.15,51773.05,15,51779.4,15,75,2215875
BANKNIFTY-I.NFO,13/09/2024,09:49:38,51782.15,51772.4,210,51778.55,15,0,2215875
BANKNIFTY-I.NFO,13/09/2024,09:49:40,51780.35,51769.95,120,51779,30,210,2215875
BANKNIFTY-I.NFO,13/09/2024,09:49:41,51778.3,51768.8,45,51776.4,15,30,2215875
BANKNIFTY-I.NFO,13/09/2024,09:49:43,51768.75,51768.75,390,51769.8,15,30,2215875
BANKNIFTY-I.NFO,13/09/2024,09:49:45,51768.75,51768.75,390,51769.75,15,0,2215875
BANKNIFTY-I.NFO,13/09/2024,09:49:46,51768.75,51768.75,360,51769.6,15,30,2215875
