Ticker,Date,Time,LTP,BuyPrice,BuyQty,SellPrice,SellQty,LTQ,OpenInterest
NIFTY-II.NFO,13/09/2024,09:15:00,25460.05,25487.35,75,25500,25,50,1459725
NIFTY-II.NFO,13/09/2024,09:15:00,25460.05,25487.35,75,25500,25,0,1459725
NIFTY-II.NFO,13/09/2024,09:15:00,25488.15,25487.35,75,25500,25,0,1459725
NIFTY-II.NFO,13/09/2024,09:15:00,25460.05,25487.35,75,25500,25,0,1459725
NIFTY-II.NFO,13/09/2024,09:15:00,25500,25493.35,25,25519.95,100,300,1459725
NIFTY-II.NFO,13/09/2024,09:15:00,25500,25493.35,25,25519.95,100,0,1459725
NIFTY-II.NFO,13/09/2024,09:15:01,25501.25,25501.25,50,25509.7,100,375,1459725
NIFTY-II.NFO,13/09/2024,09:15:01,25508.6,25501.25,50,25509.7,100,0,1459725
NIFTY-II.NFO,13/09/2024,09:15:02,25491.5,25491.45,50,25499.95,100,300,1459725
NIFTY-II.NFO,13/09/2024,09:15:02,25509.2,25491.45,50,25499.95,100,0,1459725
NIFTY-II.NFO,13/09/2024,09:15:03,25484.25,25484.2,25,25494.95,100,200,1459725
NIFTY-II.NFO,13/09/2024,09:15:04,25483.4,25481.95,75,25494.1,100,200,1459725
NIFTY-II.NFO,13/09/2024,09:15:05,25481.05,25481,125,25491.95,100,125,1459725
NIFTY-II.NFO,13/09/2024,09:15:06,25491.8,25481.05,25,25485.25,25,75,1459725
NIFTY-II.NFO,13/09/2024,09:15:07,25498.95,25490.3,125,25499,25,500,1459725
NIFTY-II.NFO,13/09/2024,09:15:08,25491.4,25492.1,125,25497.2,25,225,1459725
NIFTY-II.NFO,13/09/2024,09:15:09,25498,25492.25,125,25498.05,50,75,1459725
NIFTY-II.NFO,13/09/2024,09:15:10,25495,25498.05,25,25499,25,200,1459725
NIFTY-II.NFO,13/09/2024,09:15:11,25505.45,25493.55,100,25505.45,75,1825,1459725
NIFTY-II.NFO,13/09/2024,09:15:12,25493.55,25493.55,100,25503.15,50,50,1459725
NIFTY-II.NFO,13/09/2024,09:15:13,25493.45,25493.45,100,25503.4,75,50,1459725
NIFTY-II.NFO,13/09/2024,09:15:14,25493.45,25494.5,75,25501,50,75,1459725
NIFTY-II.NFO,13/09/2024,09:15:15,25495.45,25496.55,25,25502.85,100,50,1459725
NIFTY-II.NFO,13/09/2024,09:15:16,25495.35,25494.35,125,25501.65,50,125,1459725
NIFTY-II.NFO,13/09/2024,09:15:17,25488.95,25489.35,25,25499.95,100,375,1459725
NIFTY-II.NFO,13/09/2024,09:15:18,25489.15,25487.2,25,25496.85,150,100,1459725
NIFTY-II.NFO,13/09/2024,09:15:19,25488.9,25486.2,50,25496.75,100,25,1459725
NIFTY-II.NFO,13/09/2024,09:15:20,25484.25,25483.6,250,25491.6,100,325,1459725
NIFTY-II.NFO,13/09/2024,09:15:21,25485,25485,125,25494.3,100,350,1459725
NIFTY-II.NFO,13/09/2024,09:15:22,25493.35,25486.3,25,25493.35,100,100,1459725
NIFTY-II.NFO,13/09/2024,09:15:23,25485.35,25485.45,125,25494.25,100,150,1459725
NIFTY-II.NFO,13/09/2024,09:15:24,25487,25486,250,25494.25,100,25,1459725
NIFTY-II.NFO,13/09/2024,09:15:25,25492.6,25485.05,25,25492.6,100,25,1459725
NIFTY-II.NFO,13/09/2024,09:15:26,25485.05,25485,100,25492.6,100,25,1459725
NIFTY-II.NFO,13/09/2024,09:15:27,25487,25485,125,25487,25,25,1459725
NIFTY-II.NFO,13/09/2024,09:15:28,25485,25485,25,25486,25,125,1459725
NIFTY-II.NFO,13/09/2024,09:15:29,25485,25481.45,50,25486,25,25,1459725
NIFTY-II.NFO,13/09/2024,09:15:30,25481.45,25481.45,25,25487.95,100,100,1459725
NIFTY-II.NFO,13/09/2024,09:15:31,25485,25481.45,25,25488.25,100,25,1459725
NIFTY-II.NFO,13/09/2024,09:15:32,25481,25481,50,25485,25,50,1459725
NIFTY-II.NFO,13/09/2024,09:15:33,25481.45,25481.9,125,25485,25,25,1459725
NIFTY-II.NFO,13/09/2024,09:15:34,25485.05,25485,25,25490,25,1900,1459725
NIFTY-II.NFO,13/09/2024,09:15:35,25485,25485,50,25490,25,75,1459725
NIFTY-II.NFO,13/09/2024,09:15:36,25485,25482.5,75,25489.15,100,0,1459725
NIFTY-II.NFO,13/09/2024,09:15:37,25485,25485,25,25488,25,0,1462100
NIFTY-II.NFO,13/09/2024,09:15:38,25481,25480,75,25486.25,125,625,1462100
NIFTY-II.NFO,13/09/2024,09:15:39,25480,25479.65,175,25486.7,100,200,1462100
NIFTY-II.NFO,13/09/2024,09:15:40,25477.45,25478.95,125,25484.95,25,200,1462100
NIFTY-II.NFO,13/09/2024,09:15:41,25480,25479.1,250,25484.95,25,25,1462100
NIFTY-II.NFO,13/09/2024,09:15:42,25483.1,25483.15,125,25492.2,100,150,1462100
NIFTY-II.NFO,13/09/2024,09:15:43,25488,25485.1,50,25491.15,100,100,1462100
NIFTY-II.NFO,13/09/2024,09:15:44,25493.65,25484.6,100,25492.55,50,325,1462100
NIFTY-II.NFO,13/09/2024,09:15:45,25485,25491.15,125,25493.3,100,150,1462100
NIFTY-II.NFO,13/09/2024,09:15:46,25491.15,25484.95,350,25493.35,100,150,1462100
NIFTY-II.NFO,13/09/2024,09:15:47,25493.45,25486.25,100,25493.45,100,100,1462100
NIFTY-II.NFO,13/09/2024,09:15:48,25493.45,25486.3,100,25493.45,50,100,1462100
NIFTY-II.NFO,13/09/2024,09:15:49,25485,25485,100,25491.4,100,50,1462100
NIFTY-II.NFO,13/09/2024,09:15:50,25481.45,25481.55,50,25490.15,175,1300,1462100
NIFTY-II.NFO,13/09/2024,09:15:51,25489.35,25480.75,125,25489.35,100,25,1462100
NIFTY-II.NFO,13/09/2024,09:15:52,25489.35,25480.85,100,25487.7,100,25,1462100
NIFTY-II.NFO,13/09/2024,09:15:53,25489.35,25480.85,100,25487.7,175,0,1462100
NIFTY-II.NFO,13/09/2024,09:15:54,25480.8,25483.35,100,25485,75,175,1462100
NIFTY-II.NFO,13/09/2024,09:15:55,25483.35,25480,1250,25485,150,100,1462100
NIFTY-II.NFO,13/09/2024,09:15:56,25480,25480,975,25484.55,75,350,1462100
NIFTY-II.NFO,13/09/2024,09:15:57,25484.5,25480,975,25484.55,75,25,1462100
NIFTY-II.NFO,13/09/2024,09:15:58,25480,25480,950,25483.9,75,50,1462100
NIFTY-II.NFO,13/09/2024,09:15:59,25480,25480.05,100,25481.5,25,100,1462100
NIFTY-II.NFO,13/09/2024,09:16:00,25483.35,25480.85,175,25484.5,25,150,1462100
NIFTY-II.NFO,13/09/2024,09:16:01,25489.35,25485.6,100,25489.35,125,375,1462100
NIFTY-II.NFO,13/09/2024,09:16:02,25489.35,25487.75,100,25491,25,150,1462100
NIFTY-II.NFO,13/09/2024,09:16:03,25489.35,25489.35,225,25493.3,100,50,1462100
NIFTY-II.NFO,13/09/2024,09:16:04,25489.45,25489.45,75,25492.5,50,300,1462100
NIFTY-II.NFO,13/09/2024,09:16:05,25491.5,25490.3,100,25493.35,25,75,1462100
NIFTY-II.NFO,13/09/2024,09:16:06,25493.45,25492.05,25,25494,500,225,1462100
NIFTY-II.NFO,13/09/2024,09:16:07,25493.85,25492.1,25,25494,275,250,1462100
NIFTY-II.NFO,13/09/2024,09:16:08,25494,25493.2,25,25494,200,75,1462100
NIFTY-II.NFO,13/09/2024,09:16:10,25494,25493.85,25,25494,150,75,1462100
NIFTY-II.NFO,13/09/2024,09:16:11,25494,25491.75,25,25494,150,150,1462100
NIFTY-II.NFO,13/09/2024,09:16:12,25494,25493.7,75,25494.4,750,200,1462100
NIFTY-II.NFO,13/09/2024,09:16:13,25494.4,25494.05,25,25494.4,425,325,1462100
NIFTY-II.NFO,13/09/2024,09:16:14,25494.4,25494.05,25,25494.4,300,125,1462100
NIFTY-II.NFO,13/09/2024,09:16:15,25494.05,25494,25,25494.4,250,75,1462100
NIFTY-II.NFO,13/09/2024,09:16:16,25497,25494.35,25,25498,100,2150,1462100
NIFTY-II.NFO,13/09/2024,09:16:17,25495.55,25496,25,25498,75,100,1462100
NIFTY-II.NFO,13/09/2024,09:16:18,25498,25497.85,125,25498,50,25,1462100
NIFTY-II.NFO,13/09/2024,09:16:19,25497.9,25498.25,100,25500,400,125,1462100
NIFTY-II.NFO,13/09/2024,09:16:20,25498.35,25498.35,25,25500,325,200,1462100
NIFTY-II.NFO,13/09/2024,09:16:21,25500,25498.4,25,25500,300,25,1462100
NIFTY-II.NFO,13/09/2024,09:16:22,25500,25498.2,125,25500,25,375,1462100
NIFTY-II.NFO,13/09/2024,09:16:23,25498.45,25500.05,25,25502.95,100,75,1462100
NIFTY-II.NFO,13/09/2024,09:16:24,25499.15,25499.5,125,25504.95,100,75,1462100
NIFTY-II.NFO,13/09/2024,09:16:25,25503.5,25498,75,25503.2,100,25,1462100
NIFTY-II.NFO,13/09/2024,09:16:26,25500,25498.25,50,25500,1500,50,1462100
NIFTY-II.NFO,13/09/2024,09:16:27,25499,25494.05,25,25499,100,125,1462100
NIFTY-II.NFO,13/09/2024,09:16:28,25500,25496.3,25,25500,1425,75,1462100
NIFTY-II.NFO,13/09/2024,09:16:29,25500,25497.85,25,25500,1425,0,1462100
NIFTY-II.NFO,13/09/2024,09:16:30,25500,25498.8,25,25500,1400,25,1462100
NIFTY-II.NFO,13/09/2024,09:16:31,25497.45,25497.65,500,25500,1275,475,1462100
NIFTY-II.NFO,13/09/2024,09:16:32,25500,25497.65,500,25500,1075,200,1462100
NIFTY-II.NFO,13/09/2024,09:16:33,25500,25497.45,500,25500,1075,150,1462100
NIFTY-II.NFO,13/09/2024,09:16:34,25500,25496.85,250,25500,550,550,1462100
NIFTY-II.NFO,13/09/2024,09:16:35,25496,25496.65,250,25500,325,400,1462100
NIFTY-II.NFO,13/09/2024,09:16:36,25496,25496.2,250,25500,325,0,1462100
NIFTY-II.NFO,13/09/2024,09:16:37,25500,25495.65,250,25500,200,125,1462100
NIFTY-II.NFO,13/09/2024,09:16:38,25497.55,25497.3,250,25500,25,225,1462100
NIFTY-II.NFO,13/09/2024,09:16:39,25496.45,25496.4,25,25500,125,100,1462100
NIFTY-II.NFO,13/09/2024,09:16:40,25496.55,25496.5,500,25500,125,150,1462100
NIFTY-II.NFO,13/09/2024,09:16:41,25500,25496,25,25500,100,325,1462100
NIFTY-II.NFO,13/09/2024,09:16:42,25500,25497.2,25,25500,125,0,1462100
NIFTY-II.NFO,13/09/2024,09:16:43,25497.5,25497.5,975,25500,100,100,1462100
NIFTY-II.NFO,13/09/2024,09:16:44,25498.65,25498.35,250,25500,100,50,1462100
NIFTY-II.NFO,13/09/2024,09:16:45,25500,25500.05,25,25503,25,150,1462100
NIFTY-II.NFO,13/09/2024,09:16:46,25501.25,25500.1,200,25503,25,25,1462100
NIFTY-II.NFO,13/09/2024,09:16:47,25501.05,25501.05,75,25503,25,250,1462100
NIFTY-II.NFO,13/09/2024,09:16:48,25501.65,25501.4,325,25505,300,125,1462100
NIFTY-II.NFO,13/09/2024,09:16:49,25502.3,25502.1,500,25505,275,100,1462100
NIFTY-II.NFO,13/09/2024,09:16:50,25505,25503,25,25505,175,100,1462100
NIFTY-II.NFO,13/09/2024,09:16:51,25503,25500.45,125,25504.95,100,25,1462100
NIFTY-II.NFO,13/09/2024,09:16:52,25500.25,25500,25,25504.95,100,50,1462100
NIFTY-II.NFO,13/09/2024,09:16:53,25499.95,25500.5,250,25505,175,225,1462100
NIFTY-II.NFO,13/09/2024,09:16:54,25500.05,25500,25,25504.95,150,200,1462100
NIFTY-II.NFO,13/09/2024,09:16:55,25499.3,25500,25,25504.65,100,150,1462100
NIFTY-II.NFO,13/09/2024,09:16:56,25499.3,25500,25,25504.95,100,0,1462100
NIFTY-II.NFO,13/09/2024,09:16:57,25504.95,25500,25,25504.65,100,25,1462100
NIFTY-II.NFO,13/09/2024,09:16:58,25504.95,25500,25,25504.95,100,0,1462100
NIFTY-II.NFO,13/09/2024,09:16:59,25505,25500.05,100,25504.95,75,300,1462100
NIFTY-II.NFO,13/09/2024,09:17:00,25505,25501.25,100,25505,25,0,1462100
NIFTY-II.NFO,13/09/2024,09:17:01,25505,25504.95,175,25508.35,75,25,1462100
NIFTY-II.NFO,13/09/2024,09:17:02,25505,25504.95,175,25508.35,75,0,1462100
NIFTY-II.NFO,13/09/2024,09:17:03,25504.95,25504.95,150,25509.6,75,25,1462100
NIFTY-II.NFO,13/09/2024,09:17:04,25504.95,25504.95,100,25505,50,200,1462100
NIFTY-II.NFO,13/09/2024,09:17:04,25509.85,25504.95,100,25505,50,0,1462100
NIFTY-II.NFO,13/09/2024,09:17:05,25510,25504.95,100,25510,125,425,1462100
NIFTY-II.NFO,13/09/2024,09:17:05,25510,25504.95,100,25510,125,0,1462100
NIFTY-II.NFO,13/09/2024,09:17:06,25504.95,25502.65,250,25505,225,100,1462100
NIFTY-II.NFO,13/09/2024,09:17:07,25502.95,25502.55,250,25505,200,125,1462100
NIFTY-II.NFO,13/09/2024,09:17:08,25504.95,25502.3,50,25504.95,125,25,1462100
NIFTY-II.NFO,13/09/2024,09:17:09,25507.55,25502.3,25,25506.45,125,450,1462100
NIFTY-II.NFO,13/09/2024,09:17:10,25507.55,25502.35,100,25507.45,125,0,1462100
NIFTY-II.NFO,13/09/2024,09:17:11,25507.55,25502.4,100,25502.65,25,0,1462100
NIFTY-II.NFO,13/09/2024,09:17:12,25508.95,25504.85,250,25509,25,50,1462100
NIFTY-II.NFO,13/09/2024,09:17:13,25504.95,25504.2,100,25509,25,25,1462100
NIFTY-II.NFO,13/09/2024,09:17:14,25504.95,25504.75,250,25508.95,25,0,1462100
NIFTY-II.NFO,13/09/2024,09:17:15,25503.75,25503.7,275,25508.3,50,50,1462100
NIFTY-II.NFO,13/09/2024,09:17:16,25508.05,25504.5,25,25507.95,25,25,1462100
NIFTY-II.NFO,13/09/2024,09:17:17,25508.05,25504.7,100,25507.95,25,0,1462100
NIFTY-II.NFO,13/09/2024,09:17:18,25508.05,25505.4,25,25508.95,25,0,1462100
NIFTY-II.NFO,13/09/2024,09:17:19,25509.95,25505.4,25,25509.95,50,100,1462100
NIFTY-II.NFO,13/09/2024,09:17:20,25509.95,25505.4,25,25509.4,50,0,1462100
NIFTY-II.NFO,13/09/2024,09:17:21,25505.4,25505,50,25508.5,275,25,1462100
NIFTY-II.NFO,13/09/2024,09:17:22,25509.4,25508.1,50,25509.95,25,25,1462100
NIFTY-II.NFO,13/09/2024,09:17:23,25509.9,25508.1,50,25509.9,175,25,1462100
NIFTY-II.NFO,13/09/2024,09:17:24,25505.4,25504.95,25,25509.35,25,475,1462100
NIFTY-II.NFO,13/09/2024,09:17:25,25508.4,25504.95,25,25509.15,125,25,1462100
NIFTY-II.NFO,13/09/2024,09:17:26,25508.4,25504.95,25,25509.4,50,0,1462100
NIFTY-II.NFO,13/09/2024,09:17:27,25509.4,25505.45,100,25509.4,25,50,1462100
NIFTY-II.NFO,13/09/2024,09:17:28,25508.4,25508.15,50,25509.95,150,150,1462100
NIFTY-II.NFO,13/09/2024,09:17:29,25508.4,25505.4,250,25509.35,275,125,1462100
NIFTY-II.NFO,13/09/2024,09:17:30,25508.15,25504.95,25,25508.9,150,25,1462100
NIFTY-II.NFO,13/09/2024,09:17:31,25508.15,25504.95,25,25507.7,200,0,1462100
NIFTY-II.NFO,13/09/2024,09:17:32,25508.15,25504.95,25,25509.1,125,0,1462100
NIFTY-II.NFO,13/09/2024,09:17:33,25508,25505,25,25508.65,75,100,1462100
NIFTY-II.NFO,13/09/2024,09:17:34,25508.7,25505,50,25509.1,50,50,1462100
NIFTY-II.NFO,13/09/2024,09:17:35,25505,25504.95,25,25508.15,25,50,1462100
NIFTY-II.NFO,13/09/2024,09:17:36,25505,25505,100,25508.15,25,0,1462100
NIFTY-II.NFO,13/09/2024,09:17:37,25508.15,25505,100,25509.9,50,25,1462100
NIFTY-II.NFO,13/09/2024,09:17:38,25504.3,25506.5,250,25508,25,175,1462100
NIFTY-II.NFO,13/09/2024,09:17:39,25504.3,25505.45,300,25508,25,0,1462100
NIFTY-II.NFO,13/09/2024,09:17:40,25504.3,25505.2,250,25507.95,25,0,1462100
NIFTY-II.NFO,13/09/2024,09:17:41,25507.95,25504.25,250,25508,25,25,1462100
NIFTY-II.NFO,13/09/2024,09:17:42,25504.25,25504,50,25508,25,25,1462100
NIFTY-II.NFO,13/09/2024,09:17:43,25508,25504,50,25507.75,75,25,1462100
NIFTY-II.NFO,13/09/2024,09:17:44,25508,25504.15,50,25508.4,75,0,1462100
NIFTY-II.NFO,13/09/2024,09:17:45,25509,25504.5,25,25509.05,75,125,1462100
NIFTY-II.NFO,13/09/2024,09:17:47,25509.4,25505.15,250,25509.4,100,50,1462100
NIFTY-II.NFO,13/09/2024,09:17:48,25507,25502.8,250,25507.7,175,125,1462100
NIFTY-II.NFO,13/09/2024,09:17:49,25507,25502.9,25,25506.3,75,0,1462100
NIFTY-II.NFO,13/09/2024,09:17:50,25507,25502.9,25,25505.6,75,0,1462100
NIFTY-II.NFO,13/09/2024,09:17:51,25505.6,25502.9,25,25504.85,50,25,1462100
NIFTY-II.NFO,13/09/2024,09:17:52,25505.6,25503.05,25,25506.15,50,0,1462100
NIFTY-II.NFO,13/09/2024,09:17:53,25506.75,25503,25,25505.9,25,25,1462100
NIFTY-II.NFO,13/09/2024,09:17:54,25506.75,25502.55,25,25505.85,25,0,1462100
NIFTY-II.NFO,13/09/2024,09:17:55,25506.55,25503.5,25,25508.05,125,25,1462100
NIFTY-II.NFO,13/09/2024,09:17:56,25505,25504.1,175,25505,50,625,1462100
NIFTY-II.NFO,13/09/2024,09:17:57,25505,25504.1,150,25508.25,125,75,1462100
NIFTY-II.NFO,13/09/2024,09:17:58,25508.75,25504,100,25508.1,150,75,1462100
NIFTY-II.NFO,13/09/2024,09:17:59,25507.85,25504,100,25508.25,50,25,1462100
NIFTY-II.NFO,13/09/2024,09:18:00,25508.25,25504,100,25505.85,100,25,1462100
NIFTY-II.NFO,13/09/2024,09:18:01,25508.25,25504,100,25504.55,150,0,1462100
NIFTY-II.NFO,13/09/2024,09:18:01,25508.25,25504,100,25504.55,275,0,1462100
NIFTY-II.NFO,13/09/2024,09:18:02,25508.25,25504,100,25505.45,275,0,1462100
NIFTY-II.NFO,13/09/2024,09:18:03,25506.6,25504,100,25506.15,175,375,1462100
NIFTY-II.NFO,13/09/2024,09:18:04,25504,25502.3,25,25505.65,175,100,1462100
NIFTY-II.NFO,13/09/2024,09:18:05,25502.3,25500.45,250,25505.5,175,25,1462100
NIFTY-II.NFO,13/09/2024,09:18:06,25503.95,25500.05,25,25505.15,225,150,1462100
NIFTY-II.NFO,13/09/2024,09:18:07,25503.95,25500,1350,25504.05,175,0,1462100
NIFTY-II.NFO,13/09/2024,09:18:08,25504.05,25500,1350,25504.05,175,25,1462100
NIFTY-II.NFO,13/09/2024,09:18:09,25504.05,25500,1350,25504.05,175,0,1462100
NIFTY-II.NFO,13/09/2024,09:18:10,25500,25500,1300,25501.2,125,50,1462100
NIFTY-II.NFO,13/09/2024,09:18:11,25500,25500,1300,25501.85,175,0,1462100
NIFTY-II.NFO,13/09/2024,09:18:12,25500,25500,1300,25503.75,100,0,1462100
NIFTY-II.NFO,13/09/2024,09:18:13,25504.95,25500,1300,25504.5,75,75,1462100
NIFTY-II.NFO,13/09/2024,09:18:14,25504.95,25500,1375,25504.25,100,75,1462100
NIFTY-II.NFO,13/09/2024,09:18:15,25504.95,25500.05,100,25504.95,100,0,1462100
NIFTY-II.NFO,13/09/2024,09:18:17,25500,25500,1350,25504.05,50,25,1462100
NIFTY-II.NFO,13/09/2024,09:18:18,25500,25500.05,100,25504.25,25,25,1462100
NIFTY-II.NFO,13/09/2024,09:18:20,25500.05,25500.05,50,25504.25,25,50,1462100
NIFTY-II.NFO,13/09/2024,09:18:22,25503.95,25501.1,100,25504.25,25,75,1462100
NIFTY-II.NFO,13/09/2024,09:18:23,25504.95,25502,75,25505,100,125,1462100
NIFTY-II.NFO,13/09/2024,09:18:25,25504.25,25502.6,250,25505,75,75,1462100
NIFTY-II.NFO,13/09/2024,09:18:27,25502.6,25502.35,250,25504,300,100,1462100
NIFTY-II.NFO,13/09/2024,09:18:28,25502.65,25500,1450,25504,225,100,1462100
NIFTY-II.NFO,13/09/2024,09:18:30,25500.7,25500,1450,25502.6,25,50,1462100
NIFTY-II.NFO,13/09/2024,09:18:32,25504,25500,1275,25504,150,225,1462100
NIFTY-II.NFO,13/09/2024,09:18:33,25500,25500,925,25504,75,450,1462100
NIFTY-II.NFO,13/09/2024,09:18:35,25500,25500,625,25504,100,375,1462100
NIFTY-II.NFO,13/09/2024,09:18:37,25500,25500,325,25504,100,300,1467850
NIFTY-II.NFO,13/09/2024,09:18:38,25500,25500,250,25502.3,50,75,1467850
NIFTY-II.NFO,13/09/2024,09:18:40,25500,25500,250,25502.35,50,0,1467850
NIFTY-II.NFO,13/09/2024,09:18:41,25500,25500,175,25502.35,25,175,1467850
NIFTY-II.NFO,13/09/2024,09:18:43,25502.35,25500,175,25503.7,50,25,1467850
NIFTY-II.NFO,13/09/2024,09:18:45,25500,25500,100,25503.35,175,75,1467850
NIFTY-II.NFO,13/09/2024,09:18:46,25500,25500,75,25502.45,25,25,1467850
NIFTY-II.NFO,13/09/2024,09:18:48,25500,25500,25,25503.35,100,75,1467850
NIFTY-II.NFO,13/09/2024,09:18:50,25499,25499,75,25503.5,50,50,1467850
NIFTY-II.NFO,13/09/2024,09:18:51,25499,25499,50,25502.4,100,50,1467850
NIFTY-II.NFO,13/09/2024,09:18:53,25503.05,25500,25,25503.95,150,25,1467850
NIFTY-II.NFO,13/09/2024,09:18:55,25500,25496.85,25,25502.65,100,175,1467850
NIFTY-II.NFO,13/09/2024,09:18:57,25501.6,25496.6,25,25503.15,225,50,1467850
NIFTY-II.NFO,13/09/2024,09:18:58,25500,25494,25,25499.8,50,1000,1467850
NIFTY-II.NFO,13/09/2024,09:19:00,25498.45,25494,25,25498.45,75,250,1467850
NIFTY-II.NFO,13/09/2024,09:19:01,25494,25492.05,100,25497.5,150,25,1467850
NIFTY-II.NFO,13/09/2024,09:19:03,25492.05,25495,25,25499.95,100,100,1467850
NIFTY-II.NFO,13/09/2024,09:19:05,25494.3,25495.05,100,25500,125,100,1467850
NIFTY-II.NFO,13/09/2024,09:19:06,25494,25492.05,25,25498.65,175,50,1467850
NIFTY-II.NFO,13/09/2024,09:19:08,25499.15,25493.05,100,25499.45,100,100,1467850
NIFTY-II.NFO,13/09/2024,09:19:10,25499.15,25492.55,50,25498.85,225,0,1467850
NIFTY-II.NFO,13/09/2024,09:19:11,25499.15,25492.4,50,25498.9,100,0,1467850
NIFTY-II.NFO,13/09/2024,09:19:13,25493.05,25493.85,75,25499.45,100,25,1467850
NIFTY-II.NFO,13/09/2024,09:19:15,25494,25495.85,25,25499.15,25,100,1467850
NIFTY-II.NFO,13/09/2024,09:19:16,25494,25496.3,25,25499.15,25,0,1467850
NIFTY-II.NFO,13/09/2024,09:19:18,25499.15,25497.5,25,25499,50,25,1467850
NIFTY-II.NFO,13/09/2024,09:19:20,25497.55,25496.35,125,25499,50,50,1467850
NIFTY-II.NFO,13/09/2024,09:19:21,25497.55,25497.2,125,25499,75,0,1467850
NIFTY-II.NFO,13/09/2024,09:19:23,25496.55,25496.95,125,25499,50,75,1467850
NIFTY-II.NFO,13/09/2024,09:19:24,25496.55,25496.95,500,25499,50,0,1467850
NIFTY-II.NFO,13/09/2024,09:19:26,25495.35,25495.4,500,25500,200,75,1467850
NIFTY-II.NFO,13/09/2024,09:19:28,25498.65,25494,50,25498.55,100,25,1467850
NIFTY-II.NFO,13/09/2024,09:19:29,25498.65,25494,50,25498.2,100,0,1467850
NIFTY-II.NFO,13/09/2024,09:19:31,25498.4,25495,25,25497.95,100,25,1467850
NIFTY-II.NFO,13/09/2024,09:19:33,25498.95,25494,50,25498.95,100,50,1467850
NIFTY-II.NFO,13/09/2024,09:19:34,25495.15,25496.65,25,25499,50,50,1467850
NIFTY-II.NFO,13/09/2024,09:19:36,25495.15,25496.65,25,25499,50,0,1467850
NIFTY-II.NFO,13/09/2024,09:19:38,25503.35,25497.65,100,25503.95,75,500,1467850
NIFTY-II.NFO,13/09/2024,09:19:39,25503.35,25497.95,175,25503.95,75,0,1467850
NIFTY-II.NFO,13/09/2024,09:19:41,25503.95,25499.2,100,25503.8,50,25,1467850
NIFTY-II.NFO,13/09/2024,09:19:43,25499.25,25497.05,25,25503.2,50,25,1467850
NIFTY-II.NFO,13/09/2024,09:19:44,25496,25495.5,50,25503.1,100,1800,1467850
NIFTY-II.NFO,13/09/2024,09:19:46,25496.45,25496.25,550,25503.3,175,150,1467850
NIFTY-II.NFO,13/09/2024,09:19:48,25502.65,25495.8,150,25502.65,150,150,1467850
NIFTY-II.NFO,13/09/2024,09:19:49,25495.05,25495.2,125,25499.25,25,50,1467850
NIFTY-II.NFO,13/09/2024,09:19:51,25495.05,25496.05,125,25499.25,25,0,1467850
NIFTY-II.NFO,13/09/2024,09:19:53,25496.3,25496.3,175,25499.25,25,25,1467850
NIFTY-II.NFO,13/09/2024,09:19:54,25497.55,25497.1,25,25499.25,25,50,1467850
NIFTY-II.NFO,13/09/2024,09:19:56,25495,25497.1,1800,25499.25,25,50,1467850
NIFTY-II.NFO,13/09/2024,09:19:58,25495,25497.1,1800,25499.25,25,0,1467850
NIFTY-II.NFO,13/09/2024,09:19:59,25499,25497.15,150,25499,25,425,1467850
NIFTY-II.NFO,13/09/2024,09:20:01,25497.1,25497.1,1775,25499.95,100,50,1467850
NIFTY-II.NFO,13/09/2024,09:20:03,25499.95,25498,25,25500,25,25,1467850
NIFTY-II.NFO,13/09/2024,09:20:04,25497.15,25497.15,25,25500,75,125,1467850
NIFTY-II.NFO,13/09/2024,09:20:06,25497.15,25497.1,1750,25500,75,0,1467850
NIFTY-II.NFO,13/09/2024,09:20:08,25497.15,25497.1,1800,25500,75,0,1467850
NIFTY-II.NFO,13/09/2024,09:20:09,25497.1,25497.1,1650,25500,75,125,1467850
NIFTY-II.NFO,13/09/2024,09:20:11,25500,25497.1,1650,25499.95,100,25,1467850
NIFTY-II.NFO,13/09/2024,09:20:13,25500,25499,25,25500,250,0,1467850
NIFTY-II.NFO,13/09/2024,09:20:14,25500,25497.3,200,25500,250,225,1467850
NIFTY-II.NFO,13/09/2024,09:20:16,25500,25497.8,300,25500,100,400,1467850
NIFTY-II.NFO,13/09/2024,09:20:18,25500,25499,125,25502,100,150,1467850
NIFTY-II.NFO,13/09/2024,09:20:19,25500,25499.85,125,25502,100,0,1467850
NIFTY-II.NFO,13/09/2024,09:20:21,25500,25497.1,1575,25500,200,75,1467850
NIFTY-II.NFO,13/09/2024,09:20:23,25500,25497.1,1525,25500,250,50,1467850
NIFTY-II.NFO,13/09/2024,09:20:24,25499.85,25500,475,25500.95,100,425,1467850
NIFTY-II.NFO,13/09/2024,09:20:26,25500,25497.1,1425,25499.3,125,475,1467850
NIFTY-II.NFO,13/09/2024,09:20:28,25499.3,25497.1,1425,25498.95,125,50,1467850
NIFTY-II.NFO,13/09/2024,09:20:29,25499.3,25497.1,1425,25499.65,125,0,1467850
NIFTY-II.NFO,13/09/2024,09:20:31,25499.3,25497.15,100,25500,175,0,1467850
NIFTY-II.NFO,13/09/2024,09:20:33,25500,25497.1,1475,25499.85,25,225,1467850
NIFTY-II.NFO,13/09/2024,09:20:34,25497.45,25497.4,175,25499.85,25,25,1467850
NIFTY-II.NFO,13/09/2024,09:20:36,25497.45,25497.55,175,25499.85,25,0,1467850
NIFTY-II.NFO,13/09/2024,09:20:38,25497.45,25498.05,425,25499.85,25,0,1467850
NIFTY-II.NFO,13/09/2024,09:20:39,25500.25,25499.25,175,25500.9,25,175,1467850
NIFTY-II.NFO,13/09/2024,09:20:41,25502,25500.4,300,25503,50,150,1467850
NIFTY-II.NFO,13/09/2024,09:20:43,25499.85,25500.6,300,25503,50,25,1467850
NIFTY-II.NFO,13/09/2024,09:20:44,25503,25499.2,300,25503,25,50,1467850
NIFTY-II.NFO,13/09/2024,09:20:46,25503,25498.45,300,25503,25,0,1467850
NIFTY-II.NFO,13/09/2024,09:20:48,25503.3,25500,25,25503.3,100,75,1467850
NIFTY-II.NFO,13/09/2024,09:20:49,25503.3,25500,25,25503.3,100,0,1467850
NIFTY-II.NFO,13/09/2024,09:20:51,25503,25500,25,25503.3,100,25,1467850
NIFTY-II.NFO,13/09/2024,09:20:53,25503,25500,25,25503.35,25,150,1467850
NIFTY-II.NFO,13/09/2024,09:20:54,25503,25500,325,25503,25,0,1467850
NIFTY-II.NFO,13/09/2024,09:20:56,25500,25500,25,25503,50,75,1467850
NIFTY-II.NFO,13/09/2024,09:20:58,25499,25497.1,1475,25502.95,175,125,1467850
NIFTY-II.NFO,13/09/2024,09:20:59,25503.3,25500,50,25503.3,100,350,1467850
NIFTY-II.NFO,13/09/2024,09:21:01,25503.3,25500.05,100,25503.35,25,0,1467850
NIFTY-II.NFO,13/09/2024,09:21:03,25503.3,25500,650,25503.3,150,0,1467850
NIFTY-II.NFO,13/09/2024,09:21:04,25500,25500,375,25503.25,100,200,1467850
NIFTY-II.NFO,13/09/2024,09:21:06,25500,25500,375,25503.3,50,0,1467850
NIFTY-II.NFO,13/09/2024,09:21:08,25500,25500,325,25503.25,100,75,1467850
NIFTY-II.NFO,13/09/2024,09:21:09,25500,25500.45,175,25503,25,0,1467850
NIFTY-II.NFO,13/09/2024,09:21:11,25503.3,25501.8,175,25503.35,25,150,1467850
NIFTY-II.NFO,13/09/2024,09:21:13,25503.3,25500,300,25503.3,50,75,1467850
NIFTY-II.NFO,13/09/2024,09:21:14,25503.3,25500,350,25503.35,25,0,1467850
NIFTY-II.NFO,13/09/2024,09:21:16,25500.55,25501.7,300,25503.35,25,25,1467850
NIFTY-II.NFO,13/09/2024,09:21:18,25503.3,25502.25,300,25503.3,600,525,1467850
NIFTY-II.NFO,13/09/2024,09:21:19,25503.3,25503.3,175,25505,75,600,1467850
NIFTY-II.NFO,13/09/2024,09:21:21,25502.4,25502,300,25505,75,25,1467850
NIFTY-II.NFO,13/09/2024,09:21:23,25507.2,25501.15,375,25508,25,225,1467850
NIFTY-II.NFO,13/09/2024,09:21:24,25500.75,25500.55,575,25507.4,25,25,1467850
NIFTY-II.NFO,13/09/2024,09:21:26,25509.35,25500.55,575,25506.1,50,1800,1467850
NIFTY-II.NFO,13/09/2024,09:21:28,25500.55,25500.55,550,25506.9,25,50,1467850
NIFTY-II.NFO,13/09/2024,09:21:29,25506.9,25500.55,600,25506.85,25,50,1467850
NIFTY-II.NFO,13/09/2024,09:21:31,25506.85,25500.55,600,25506.85,25,25,1467850
NIFTY-II.NFO,13/09/2024,09:21:33,25500.55,25500.55,350,25506,125,175,1467850
NIFTY-II.NFO,13/09/2024,09:21:34,25506.1,25500.55,300,25505.05,50,150,1467850
NIFTY-II.NFO,13/09/2024,09:21:36,25505.05,25500.55,275,25503.55,25,100,1467850
NIFTY-II.NFO,13/09/2024,09:21:38,25503.55,25500.55,275,25503.75,25,25,1467850
NIFTY-II.NFO,13/09/2024,09:21:39,25503.8,25500.55,275,25504,25,50,1473100
NIFTY-II.NFO,13/09/2024,09:21:41,25503.55,25500.55,275,25503,25,25,1473100
NIFTY-II.NFO,13/09/2024,09:21:43,25503.55,25500.55,275,25503,25,0,1473100
NIFTY-II.NFO,13/09/2024,09:21:44,25503,25500.55,275,25501.35,75,25,1473100
NIFTY-II.NFO,13/09/2024,09:21:46,25501.7,25500,1425,25501.4,25,325,1473100
NIFTY-II.NFO,13/09/2024,09:21:48,25500,25500,1475,25500.35,175,100,1473100
NIFTY-II.NFO,13/09/2024,09:21:49,25500,25500,1025,25500.1,200,475,1473100
NIFTY-II.NFO,13/09/2024,09:21:51,25500,25500,725,25500.05,25,300,1473100
NIFTY-II.NFO,13/09/2024,09:21:53,25499,25499,325,25499.2,75,900,1473100
NIFTY-II.NFO,13/09/2024,09:21:54,25499,25499,275,25500.15,250,75,1473100
NIFTY-II.NFO,13/09/2024,09:21:56,25499,25499,275,25499.75,125,0,1473100
NIFTY-II.NFO,13/09/2024,09:21:58,25499,25499,225,25500,25,50,1473100
NIFTY-II.NFO,13/09/2024,09:21:59,25499,25499,225,25499.45,25,50,1473100
NIFTY-II.NFO,13/09/2024,09:22:01,25499.9,25499,225,25499.95,25,100,1473100
NIFTY-II.NFO,13/09/2024,09:22:03,25499,25499,200,25499.75,25,25,1473100
NIFTY-II.NFO,13/09/2024,09:22:04,25499,25497.5,25,25499.15,250,225,1473100
NIFTY-II.NFO,13/09/2024,09:22:06,25499,25497.5,25,25498.3,125,0,1473100
NIFTY-II.NFO,13/09/2024,09:22:08,25499,25497.5,25,25498.85,125,0,1473100
NIFTY-II.NFO,13/09/2024,09:22:09,25497.5,25497.1,1425,25499.05,25,25,1473100
NIFTY-II.NFO,13/09/2024,09:22:11,25499.05,25497.1,1425,25498.55,50,25,1473100
NIFTY-II.NFO,13/09/2024,09:22:13,25496,25495.05,25,25496.05,25,1475,1473100
NIFTY-II.NFO,13/09/2024,09:22:14,25495.05,25495,400,25496.3,250,25,1473100
NIFTY-II.NFO,13/09/2024,09:22:16,25494.1,25491,50,25494.15,125,425,1473100
NIFTY-II.NFO,13/09/2024,09:22:18,25491,25490.05,100,25494.35,250,50,1473100
NIFTY-II.NFO,13/09/2024,09:22:19,25491,25490,1125,25490.75,25,0,1473100
NIFTY-II.NFO,13/09/2024,09:22:21,25490.9,25485.15,100,25486.75,225,1325,1473100
NIFTY-II.NFO,13/09/2024,09:22:23,25490.9,25485.2,150,25490.05,125,0,1473100
NIFTY-II.NFO,13/09/2024,09:22:24,25485.25,25490.9,25,25491.4,250,50,1473100
NIFTY-II.NFO,13/09/2024,09:22:26,25485.5,25485.5,125,25490.4,200,100,1473100
NIFTY-II.NFO,13/09/2024,09:22:28,25485.5,25485.15,100,25488.35,25,150,1473100
NIFTY-II.NFO,13/09/2024,09:22:29,25485.5,25485.15,100,25486.05,25,0,1473100
NIFTY-II.NFO,13/09/2024,09:22:31,25485.15,25485.15,25,25485.25,25,75,1473100
NIFTY-II.NFO,13/09/2024,09:22:33,25485.15,25485.2,50,25485.25,25,0,1473100
NIFTY-II.NFO,13/09/2024,09:22:34,25485.25,25485.2,100,25489.45,25,25,1473100
NIFTY-II.NFO,13/09/2024,09:22:36,25485.2,25485.2,25,25488.35,50,25,1473100
NIFTY-II.NFO,13/09/2024,09:22:38,25485.2,25485.15,25,25485.25,25,0,1473100
NIFTY-II.NFO,13/09/2024,09:22:39,25485.25,25485.2,75,25488.35,50,50,1473100
NIFTY-II.NFO,13/09/2024,09:22:41,25485.15,25485,200,25488.25,125,50,1473100
NIFTY-II.NFO,13/09/2024,09:22:43,25488.25,25485,200,25489,50,25,1473100
NIFTY-II.NFO,13/09/2024,09:22:44,25485.15,25485,200,25485.2,25,25,1473100
NIFTY-II.NFO,13/09/2024,09:22:46,25485,25485,175,25488.25,125,300,1473100
NIFTY-II.NFO,13/09/2024,09:22:48,25488.05,25485,175,25488.15,125,25,1473100
NIFTY-II.NFO,13/09/2024,09:22:49,25488.05,25485,225,25488.1,25,0,1473100
NIFTY-II.NFO,13/09/2024,09:22:51,25485,25485,150,25488.1,25,25,1473100
NIFTY-II.NFO,13/09/2024,09:22:53,25485,25485,125,25487,250,75,1473100
NIFTY-II.NFO,13/09/2024,09:22:54,25485,25485,125,25488,125,0,1473100
NIFTY-II.NFO,13/09/2024,09:22:56,25488,25485,125,25488.1,25,25,1473100
NIFTY-II.NFO,13/09/2024,09:22:58,25485,25485,100,25487.5,100,25,1473100
NIFTY-II.NFO,13/09/2024,09:22:59,25482,25480.1,175,25486.65,25,1625,1473100
NIFTY-II.NFO,13/09/2024,09:23:01,25480,25480,875,25482.95,25,25,1473100
NIFTY-II.NFO,13/09/2024,09:23:03,25480,25480.5,250,25485.7,25,0,1473100
NIFTY-II.NFO,13/09/2024,09:23:04,25485,25485,25,25485.65,25,50,1473100
NIFTY-II.NFO,13/09/2024,09:23:06,25480,25480.1,50,25483.95,25,125,1473100
NIFTY-II.NFO,13/09/2024,09:23:08,25480,25480.1,50,25485,25,0,1473100
NIFTY-II.NFO,13/09/2024,09:23:09,25484.95,25480.15,25,25484.95,100,25,1473100
NIFTY-II.NFO,13/09/2024,09:23:11,25484.95,25480.25,75,25484.9,100,0,1473100
NIFTY-II.NFO,13/09/2024,09:23:13,25484.95,25480.2,25,25483.8,100,0,1473100
NIFTY-II.NFO,13/09/2024,09:23:15,25485,25480.25,175,25485,25,125,1473100
NIFTY-II.NFO,13/09/2024,09:23:16,25480.25,25480.25,150,25485,25,25,1473100
NIFTY-II.NFO,13/09/2024,09:23:18,25481,25480.2,75,25483.95,25,50,1473100
NIFTY-II.NFO,13/09/2024,09:23:19,25485,25481.85,175,25485,150,25,1473100
NIFTY-II.NFO,13/09/2024,09:23:21,25485,25483.25,125,25485,125,25,1473100
NIFTY-II.NFO,13/09/2024,09:23:23,25483.8,25483.8,125,25488,25,175,1473100
NIFTY-II.NFO,13/09/2024,09:23:24,25485,25483.95,125,25488,25,50,1473100
NIFTY-II.NFO,13/09/2024,09:23:26,25485,25486.35,300,25488,25,0,1473100
NIFTY-II.NFO,13/09/2024,09:23:28,25488,25486.75,150,25489.85,25,25,1473100
NIFTY-II.NFO,13/09/2024,09:23:29,25493.9,25488.35,25,25494.15,75,1850,1473100
NIFTY-II.NFO,13/09/2024,09:23:31,25493.9,25488.35,25,25491.9,75,0,1473100
NIFTY-II.NFO,13/09/2024,09:23:33,25488.4,25488.35,25,25491.9,75,25,1473100
NIFTY-II.NFO,13/09/2024,09:23:34,25488.35,25486.7,100,25490.95,25,50,1473100
NIFTY-II.NFO,13/09/2024,09:23:36,25491.75,25487.45,150,25492.8,50,25,1473100
NIFTY-II.NFO,13/09/2024,09:23:38,25491.75,25487,25,25490.9,50,0,1473100
NIFTY-II.NFO,13/09/2024,09:23:39,25487,25487.45,175,25492.55,25,50,1473100
NIFTY-II.NFO,13/09/2024,09:23:41,25495,25490.9,25,25494.55,25,475,1473100
NIFTY-II.NFO,13/09/2024,09:23:43,25491,25490.95,25,25494.1,75,25,1473100
NIFTY-II.NFO,13/09/2024,09:23:44,25494.1,25490.9,25,25493.75,50,50,1473100
NIFTY-II.NFO,13/09/2024,09:23:46,25493.2,25491,500,25492.55,175,25,1473100
NIFTY-II.NFO,13/09/2024,09:23:48,25492.6,25491,500,25492.35,25,25,1473100
NIFTY-II.NFO,13/09/2024,09:23:49,25492.75,25491,500,25492.55,250,50,1473100
NIFTY-II.NFO,13/09/2024,09:23:51,25492.75,25491,500,25491.65,250,0,1473100
NIFTY-II.NFO,13/09/2024,09:23:52,25489.7,25487,25,25489.85,25,800,1473100
NIFTY-II.NFO,13/09/2024,09:23:54,25493.35,25487.05,100,25492.55,200,1000,1473100
NIFTY-II.NFO,13/09/2024,09:23:56,25492.25,25487,75,25491.95,25,75,1473100
NIFTY-II.NFO,13/09/2024,09:23:57,25487,25485.25,225,25491,25,50,1473100
NIFTY-II.NFO,13/09/2024,09:23:59,25490,25487.8,225,25491,25,25,1473100
NIFTY-II.NFO,13/09/2024,09:24:01,25491,25489.05,100,25493.95,25,25,1473100
NIFTY-II.NFO,13/09/2024,09:24:02,25491,25489.15,50,25493.95,25,0,1473100
NIFTY-II.NFO,13/09/2024,09:24:04,25491.55,25491.15,175,25495,325,50,1473100
NIFTY-II.NFO,13/09/2024,09:24:06,25491.55,25491.5,225,25495,325,0,1473100
NIFTY-II.NFO,13/09/2024,09:24:07,25491.3,25490.2,100,25493.95,25,25,1473100
NIFTY-II.NFO,13/09/2024,09:24:09,25490.2,25490.2,100,25494.95,50,25,1473100
NIFTY-II.NFO,13/09/2024,09:24:11,25492.25,25492.25,25,25494.35,25,75,1473100
NIFTY-II.NFO,13/09/2024,09:24:12,25490.15,25490.15,50,25493.6,25,50,1473100
NIFTY-II.NFO,13/09/2024,09:24:14,25491.75,25490.15,50,25491.8,50,25,1473100
NIFTY-II.NFO,13/09/2024,09:24:16,25489.7,25487,25,25489.85,125,100,1473100
NIFTY-II.NFO,13/09/2024,09:24:17,25487,25485,350,25488.95,25,25,1473100
NIFTY-II.NFO,13/09/2024,09:24:19,25485,25485,325,25487.9,50,25,1473100
NIFTY-II.NFO,13/09/2024,09:24:20,25485,25485,325,25488.25,250,0,1473100
NIFTY-II.NFO,13/09/2024,09:24:22,25485,25485,325,25487.8,50,0,1473100
NIFTY-II.NFO,13/09/2024,09:24:24,25490,25485,375,25489.5,250,100,1473100
NIFTY-II.NFO,13/09/2024,09:24:25,25485.05,25485.05,100,25490,50,25,1473100
NIFTY-II.NFO,13/09/2024,09:24:27,25485,25485,500,25488.8,75,25,1473100
NIFTY-II.NFO,13/09/2024,09:24:29,25488,25485.45,100,25488,25,25,1473100
NIFTY-II.NFO,13/09/2024,09:24:30,25488,25485.4,25,25488.95,25,25,1473100
NIFTY-II.NFO,13/09/2024,09:24:32,25488,25485,500,25488.95,25,0,1473100
NIFTY-II.NFO,13/09/2024,09:24:34,25488,25485,500,25486.85,75,0,1473100
NIFTY-II.NFO,13/09/2024,09:24:35,25485,25485,475,25487.15,425,50,1473100
NIFTY-II.NFO,13/09/2024,09:24:37,25485,25485,475,25487.3,250,0,1473100
NIFTY-II.NFO,13/09/2024,09:24:39,25485,25485,475,25488,50,0,1473100
NIFTY-II.NFO,13/09/2024,09:24:40,25485.8,25485.8,25,25489.2,250,325,1475825
NIFTY-II.NFO,13/09/2024,09:24:42,25485.8,25485.8,25,25488.95,300,0,1475825
NIFTY-II.NFO,13/09/2024,09:24:44,25489.4,25485.8,25,25488.95,225,50,1475825
NIFTY-II.NFO,13/09/2024,09:24:45,25488.5,25485.8,25,25488.6,50,50,1475825
NIFTY-II.NFO,13/09/2024,09:24:47,25488.6,25485.8,25,25487.45,225,25,1475825
NIFTY-II.NFO,13/09/2024,09:24:49,25485,25485,475,25486.35,325,50,1475825
NIFTY-II.NFO,13/09/2024,09:24:50,25487.2,25485,450,25487.55,325,75,1475825
NIFTY-II.NFO,13/09/2024,09:24:52,25487.2,25485,450,25487.35,350,0,1475825
NIFTY-II.NFO,13/09/2024,09:24:53,25485,25485,375,25486.65,225,150,1475825
NIFTY-II.NFO,13/09/2024,09:24:55,25486.55,25485,375,25487.1,300,75,1475825
NIFTY-II.NFO,13/09/2024,09:24:57,25485,25485,175,25485.35,125,450,1475825
NIFTY-II.NFO,13/09/2024,09:24:58,25485.6,25485,175,25485.4,125,25,1475825
NIFTY-II.NFO,13/09/2024,09:25:00,25485.6,25485,175,25487.9,125,0,1475825
NIFTY-II.NFO,13/09/2024,09:25:02,25485,25485,75,25485.05,125,100,1475825
NIFTY-II.NFO,13/09/2024,09:25:03,25485,25485,50,25485.3,125,50,1475825
NIFTY-II.NFO,13/09/2024,09:25:05,25485,25481.7,1800,25482.9,200,50,1475825
NIFTY-II.NFO,13/09/2024,09:25:07,25481.7,25481.7,1775,25482.75,250,50,1475825
NIFTY-II.NFO,13/09/2024,09:25:08,25481.7,25481.7,1775,25485.25,300,0,1475825
NIFTY-II.NFO,13/09/2024,09:25:10,25481.7,25481.7,1775,25483.95,250,25,1475825
NIFTY-II.NFO,13/09/2024,09:25:12,25482.75,25481.75,25,25485.2,250,25,1475825
NIFTY-II.NFO,13/09/2024,09:25:13,25484.65,25481.7,900,25484.65,225,1050,1475825
NIFTY-II.NFO,13/09/2024,09:25:15,25484.65,25481.8,25,25485,100,0,1475825
NIFTY-II.NFO,13/09/2024,09:25:17,25484.65,25482.75,25,25485,100,0,1475825
NIFTY-II.NFO,13/09/2024,09:25:18,25481.75,25481.7,900,25484.8,50,75,1475825
NIFTY-II.NFO,13/09/2024,09:25:20,25481.7,25481.7,800,25483.25,50,100,1475825
NIFTY-II.NFO,13/09/2024,09:25:21,25482.5,25481.75,25,25482.55,225,25,1475825
NIFTY-II.NFO,13/09/2024,09:25:23,25480.7,25480.1,50,25480.95,100,950,1475825
NIFTY-II.NFO,13/09/2024,09:25:25,25480.1,25480.1,25,25480.95,100,25,1475825
NIFTY-II.NFO,13/09/2024,09:25:27,25480.8,25480.1,25,25480.5,100,25,1475825
NIFTY-II.NFO,13/09/2024,09:25:28,25480,25480,550,25480.6,250,725,1475825
NIFTY-II.NFO,13/09/2024,09:25:30,25480,25480,550,25482.4,50,0,1475825
NIFTY-II.NFO,13/09/2024,09:25:31,25480.05,25480,575,25482,50,25,1475825
NIFTY-II.NFO,13/09/2024,09:25:33,25480.05,25480.05,75,25482,50,0,1475825
NIFTY-II.NFO,13/09/2024,09:25:35,25480.05,25480.05,50,25483.75,50,25,1475825
NIFTY-II.NFO,13/09/2024,09:25:36,25480.05,25480.05,50,25483.7,250,0,1475825
NIFTY-II.NFO,13/09/2024,09:25:38,25482.4,25477.05,25,25482,225,1075,1475825
NIFTY-II.NFO,13/09/2024,09:25:40,25482.4,25477.25,25,25480.95,25,0,1475825
NIFTY-II.NFO,13/09/2024,09:25:41,25477.05,25477,100,25478.9,25,50,1475825
NIFTY-II.NFO,13/09/2024,09:25:43,25477.05,25477,100,25478.9,25,0,1475825
NIFTY-II.NFO,13/09/2024,09:25:45,25478.9,25477,100,25480.05,25,25,1475825
NIFTY-II.NFO,13/09/2024,09:25:46,25478.9,25477.45,25,25480.05,25,0,1475825
NIFTY-II.NFO,13/09/2024,09:25:48,25478.9,25477.5,25,25480.05,25,0,1475825
NIFTY-II.NFO,13/09/2024,09:25:49,25475,25476.35,25,25480.05,25,1000,1475825
NIFTY-II.NFO,13/09/2024,09:25:51,25475,25477.05,25,25480,100,0,1475825
NIFTY-II.NFO,13/09/2024,09:25:54,25476.3,25475,475,25478.85,125,1000,1475825
NIFTY-II.NFO,13/09/2024,09:25:56,25476.3,25475,475,25478.9,50,0,1475825
NIFTY-II.NFO,13/09/2024,09:25:58,25478.95,25475,475,25478.45,150,125,1475825
NIFTY-II.NFO,13/09/2024,09:25:59,25478.45,25475.2,25,25479.6,125,25,1475825
NIFTY-II.NFO,13/09/2024,09:26:01,25478.45,25478,250,25479.6,175,0,1475825
NIFTY-II.NFO,13/09/2024,09:26:03,25478,25478,225,25479.55,100,25,1475825
NIFTY-II.NFO,13/09/2024,09:26:04,25478,25475,475,25478.4,150,250,1475825
NIFTY-II.NFO,13/09/2024,09:26:06,25480,25476.2,125,25480,75,200,1475825
NIFTY-II.NFO,13/09/2024,09:26:07,25480,25475.15,25,25478.95,25,0,1475825
NIFTY-II.NFO,13/09/2024,09:26:09,25480,25476.3,25,25478.6,75,0,1475825
NIFTY-II.NFO,13/09/2024,09:26:12,25478.6,25475,500,25479.6,50,50,1475825
NIFTY-II.NFO,13/09/2024,09:26:14,25482.05,25475.75,175,25481.6,100,1875,1475825
NIFTY-II.NFO,13/09/2024,09:26:17,25482.05,25476,100,25480,75,0,1475825
NIFTY-II.NFO,13/09/2024,09:26:19,25482.05,25477.9,100,25480,75,0,1475825
NIFTY-II.NFO,13/09/2024,09:26:21,25481.9,25477.95,25,25481.9,50,75,1475825
NIFTY-II.NFO,13/09/2024,09:26:22,25481.9,25480,875,25480.65,50,0,1475825
NIFTY-II.NFO,13/09/2024,09:26:24,25480,25478.6,25,25479.7,125,875,1475825
NIFTY-II.NFO,13/09/2024,09:26:26,25478.6,25478.1,25,25480,100,50,1475825
NIFTY-II.NFO,13/09/2024,09:26:27,25480,25480,450,25480.3,125,1925,1475825
NIFTY-II.NFO,13/09/2024,09:26:29,25479.7,25478.1,25,25479.4,200,475,1475825
NIFTY-II.NFO,13/09/2024,09:26:31,25474,25474.25,25,25478.45,125,650,1475825
NIFTY-II.NFO,13/09/2024,09:26:32,25474,25474.35,25,25478.7,175,0,1475825
NIFTY-II.NFO,13/09/2024,09:26:34,25478.7,25473.65,25,25476.95,25,25,1475825
NIFTY-II.NFO,13/09/2024,09:26:36,25476.75,25473.75,25,25476.95,25,25,1475825
NIFTY-II.NFO,13/09/2024,09:26:37,25476.75,25473.75,250,25478.95,525,0,1475825
NIFTY-II.NFO,13/09/2024,09:26:39,25475,25475,25,25478.8,75,25,1475825
NIFTY-II.NFO,13/09/2024,09:26:41,25475,25475.05,100,25479.55,75,0,1475825
NIFTY-II.NFO,13/09/2024,09:26:42,25479.6,25475.05,100,25480.15,25,50,1475825
NIFTY-II.NFO,13/09/2024,09:26:44,25475.05,25475,25,25479.3,25,25,1475825
NIFTY-II.NFO,13/09/2024,09:26:46,25475.05,25475,25,25477.45,25,0,1475825
NIFTY-II.NFO,13/09/2024,09:26:47,25475.05,25475,50,25476.65,25,0,1475825
NIFTY-II.NFO,13/09/2024,09:26:49,25476.75,25475,25,25476.75,50,50,1475825
NIFTY-II.NFO,13/09/2024,09:26:51,25475.25,25475,25,25475.35,250,50,1475825
NIFTY-II.NFO,13/09/2024,09:26:52,25475,25473.35,50,25474.2,250,25,1475825
NIFTY-II.NFO,13/09/2024,09:26:54,25474.25,25473.35,50,25473.9,50,75,1475825
NIFTY-II.NFO,13/09/2024,09:26:56,25473.35,25471.25,25,25472.25,25,50,1475825
NIFTY-II.NFO,13/09/2024,09:26:57,25471.25,25470,950,25473.4,50,25,1475825
NIFTY-II.NFO,13/09/2024,09:26:59,25471.25,25470,950,25473.35,300,0,1475825
NIFTY-II.NFO,13/09/2024,09:27:01,25470,25470,850,25472.25,50,100,1475825
NIFTY-II.NFO,13/09/2024,09:27:02,25470,25470,850,25472.7,25,0,1475825
NIFTY-II.NFO,13/09/2024,09:27:04,25470,25470.35,100,25472.7,25,25,1475825
NIFTY-II.NFO,13/09/2024,09:27:06,25472.7,25471,25,25473.95,150,50,1475825
NIFTY-II.NFO,13/09/2024,09:27:07,25472.7,25471,25,25473.9,350,0,1475825
NIFTY-II.NFO,13/09/2024,09:27:09,25470,25470.4,100,25474.95,75,125,1475825
NIFTY-II.NFO,13/09/2024,09:27:11,25474.95,25470.05,100,25474.95,75,25,1475825
NIFTY-II.NFO,13/09/2024,09:27:12,25473.45,25470,750,25472.95,25,50,1475825
NIFTY-II.NFO,13/09/2024,09:27:14,25473.25,25471,25,25473.25,125,100,1475825
NIFTY-II.NFO,13/09/2024,09:27:16,25468,25468.85,100,25473.8,225,1000,1475825
NIFTY-II.NFO,13/09/2024,09:27:17,25472.7,25469.45,100,25474.4,225,25,1475825
NIFTY-II.NFO,13/09/2024,09:27:19,25472.7,25471.6,175,25475,100,0,1475825
NIFTY-II.NFO,13/09/2024,09:27:21,25473.1,25473.1,25,25475,75,200,1475825
NIFTY-II.NFO,13/09/2024,09:27:22,25475,25471.15,125,25475,50,25,1475825
NIFTY-II.NFO,13/09/2024,09:27:24,25475,25472.3,375,25478.35,100,75,1475825
NIFTY-II.NFO,13/09/2024,09:27:25,25475,25472.3,300,25477.9,100,0,1475825
NIFTY-II.NFO,13/09/2024,09:27:27,25475,25470.25,300,25474.95,25,250,1475825
NIFTY-II.NFO,13/09/2024,09:27:29,25475,25469.6,375,25475.75,100,0,1475825
NIFTY-II.NFO,13/09/2024,09:27:30,25475,25469.65,375,25475,25,0,1475825
NIFTY-II.NFO,13/09/2024,09:27:32,25474.3,25468.5,75,25474.15,100,25,1475825
NIFTY-II.NFO,13/09/2024,09:27:34,25470.55,25470.55,425,25475,25,100,1475825
NIFTY-II.NFO,13/09/2024,09:27:36,25470.55,25470.2,175,25475,25,25,1475825
NIFTY-II.NFO,13/09/2024,09:27:37,25475,25470,25,25474.45,100,25,1475825
NIFTY-II.NFO,13/09/2024,09:27:39,25475,25470,25,25472.7,100,0,1475825
NIFTY-II.NFO,13/09/2024,09:27:41,25475,25470.55,25,25472.7,100,0,1475825
NIFTY-II.NFO,13/09/2024,09:27:42,25472.4,25470.55,25,25471.8,100,500,1483050
NIFTY-II.NFO,13/09/2024,09:27:44,25472.4,25470.55,25,25470.8,150,0,1483050
NIFTY-II.NFO,13/09/2024,09:27:46,25472.4,25470.55,25,25473.05,100,0,1483050
NIFTY-II.NFO,13/09/2024,09:27:47,25470,25465.55,100,25470,50,75,1483050
NIFTY-II.NFO,13/09/2024,09:27:49,25470,25465.85,150,25470,50,0,1483050
NIFTY-II.NFO,13/09/2024,09:27:51,25470.7,25466.05,100,25470.8,125,525,1483050
NIFTY-II.NFO,13/09/2024,09:27:52,25466,25465,50,25469.6,50,125,1483050
NIFTY-II.NFO,13/09/2024,09:27:54,25468.6,25466,25,25469.45,150,50,1483050
NIFTY-II.NFO,13/09/2024,09:27:56,25466,25465.05,100,25470.05,150,25,1483050
NIFTY-II.NFO,13/09/2024,09:27:57,25471.6,25465.05,100,25470.35,250,50,1483050
NIFTY-II.NFO,13/09/2024,09:27:59,25471.6,25465.35,100,25470.7,125,0,1483050
NIFTY-II.NFO,13/09/2024,09:28:01,25469.9,25465.3,25,25470.1,125,25,1483050
NIFTY-II.NFO,13/09/2024,09:28:02,25470.5,25465.35,150,25470.3,50,25,1483050
NIFTY-II.NFO,13/09/2024,09:28:04,25465.55,25466.3,400,25471,50,25,1483050
NIFTY-II.NFO,13/09/2024,09:28:06,25465.55,25467.15,225,25471,50,0,1483050
NIFTY-II.NFO,13/09/2024,09:28:07,25465.55,25466,25,25469.95,25,0,1483050
NIFTY-II.NFO,13/09/2024,09:28:11,25469.55,25466,25,25470,125,25,1483050
NIFTY-II.NFO,13/09/2024,09:28:12,25469.55,25466,100,25469.05,50,0,1483050
NIFTY-II.NFO,13/09/2024,09:28:14,25469.55,25467.8,25,25470,125,0,1483050
NIFTY-II.NFO,13/09/2024,09:28:16,25469.55,25467.8,25,25469.45,50,0,1483050
NIFTY-II.NFO,13/09/2024,09:28:17,25470,25467.8,25,25469.75,250,100,1483050
NIFTY-II.NFO,13/09/2024,09:28:19,25462.6,25463.45,25,25468.8,175,1000,1483050
NIFTY-II.NFO,13/09/2024,09:28:20,25462.6,25465,150,25468.9,100,0,1483050
NIFTY-II.NFO,13/09/2024,09:28:22,25465,25461,100,25465.2,50,200,1483050
NIFTY-II.NFO,13/09/2024,09:28:24,25464.05,25461.05,25,25463.55,250,25,1483050
NIFTY-II.NFO,13/09/2024,09:28:25,25464.05,25461.05,25,25463,25,0,1483050
NIFTY-II.NFO,13/09/2024,09:28:27,25463,25463.05,25,25467,50,25,1483050
NIFTY-II.NFO,13/09/2024,09:28:29,25463,25462.95,150,25469.25,125,0,1483050
NIFTY-II.NFO,13/09/2024,09:28:30,25463,25463.3,100,25468.55,50,0,1483050
NIFTY-II.NFO,13/09/2024,09:28:32,25463.65,25463.65,100,25469.25,100,50,1483050
NIFTY-II.NFO,13/09/2024,09:28:34,25463.65,25463.8,150,25469.7,100,0,1483050
NIFTY-II.NFO,13/09/2024,09:28:35,25463.65,25465.55,350,25470,75,0,1483050
NIFTY-II.NFO,13/09/2024,09:28:37,25464.4,25464.5,125,25469.95,25,25,1483050
NIFTY-II.NFO,13/09/2024,09:28:39,25464.4,25465.5,125,25470,75,0,1483050
NIFTY-II.NFO,13/09/2024,09:28:40,25464.4,25467.15,125,25470,75,0,1483050
NIFTY-II.NFO,13/09/2024,09:28:42,25470.9,25465.35,150,25470,50,100,1483050
NIFTY-II.NFO,13/09/2024,09:28:44,25470,25466.55,100,25471.25,250,50,1483050
NIFTY-II.NFO,13/09/2024,09:28:45,25471.9,25466.25,100,25471.9,100,550,1483050
NIFTY-II.NFO,13/09/2024,09:28:47,25471.9,25467.55,50,25472.4,100,0,1483050
NIFTY-II.NFO,13/09/2024,09:28:49,25471.9,25467.65,50,25472.4,100,0,1483050
NIFTY-II.NFO,13/09/2024,09:28:50,25471.4,25467,25,25471.35,25,325,1483050
NIFTY-II.NFO,13/09/2024,09:28:52,25471.1,25467.15,250,25470.85,100,50,1483050
NIFTY-II.NFO,13/09/2024,09:28:54,25471.1,25466.8,25,25471,225,0,1483050
NIFTY-II.NFO,13/09/2024,09:28:55,25471.35,25466.95,250,25471.15,250,100,1483050
NIFTY-II.NFO,13/09/2024,09:28:57,25467.5,25467.1,25,25467.5,50,50,1483050
NIFTY-II.NFO,13/09/2024,09:28:59,25467.3,25466.9,25,25467.2,225,75,1483050
NIFTY-II.NFO,13/09/2024,09:29:00,25466.9,25464,25,25466.95,25,25,1483050
NIFTY-II.NFO,13/09/2024,09:29:02,25466.9,25464.95,25,25467.5,50,0,1483050
NIFTY-II.NFO,13/09/2024,09:29:04,25464.95,25465.05,125,25469.65,225,75,1483050
NIFTY-II.NFO,13/09/2024,09:29:05,25471.1,25467.05,250,25470.95,425,150,1483050
NIFTY-II.NFO,13/09/2024,09:29:07,25467,25464.15,100,25469.1,200,25,1483050
NIFTY-II.NFO,13/09/2024,09:29:09,25467,25464,25,25467.15,200,0,1483050
NIFTY-II.NFO,13/09/2024,09:29:10,25467.8,25463,50,25466.9,175,50,1483050
NIFTY-II.NFO,13/09/2024,09:29:12,25465,25463.1,25,25465,25,25,1483050
NIFTY-II.NFO,13/09/2024,09:29:14,25465,25463.2,25,25467.8,175,25,1483050
NIFTY-II.NFO,13/09/2024,09:29:15,25465,25465,25,25467.2,175,0,1483050
NIFTY-II.NFO,13/09/2024,09:29:17,25465.05,25465,25,25466.65,150,50,1483050
NIFTY-II.NFO,13/09/2024,09:29:19,25463.25,25463.2,25,25463.4,100,50,1483050
NIFTY-II.NFO,13/09/2024,09:29:20,25463,25463,25,25464.75,125,125,1483050
NIFTY-II.NFO,13/09/2024,09:29:22,25464.25,25463.05,25,25463.8,125,25,1483050
NIFTY-II.NFO,13/09/2024,09:29:24,25464.55,25463.05,25,25464.05,200,50,1483050
NIFTY-II.NFO,13/09/2024,09:29:25,25464.25,25463,25,25464.6,175,175,1483050
NIFTY-II.NFO,13/09/2024,09:29:27,25464.25,25463.05,25,25465,25,0,1483050
NIFTY-II.NFO,13/09/2024,09:29:29,25464.25,25463.05,25,25463.85,50,0,1483050
NIFTY-II.NFO,13/09/2024,09:29:30,25464.25,25463.15,50,25463.7,175,0,1483050
NIFTY-II.NFO,13/09/2024,09:29:32,25463,25462,50,25462.95,125,125,1483050
NIFTY-II.NFO,13/09/2024,09:29:34,25460,25460,75,25462,100,1100,1483050
NIFTY-II.NFO,13/09/2024,09:29:34,25460,25460,75,25462,100,0,1483050
NIFTY-II.NFO,13/09/2024,09:29:35,25460,25460,50,25463.55,100,25,1483050
NIFTY-II.NFO,13/09/2024,09:29:37,25460.05,25460,50,25460.9,100,25,1483050
NIFTY-II.NFO,13/09/2024,09:29:39,25460,25456.65,150,25462.55,100,450,1483050
NIFTY-II.NFO,13/09/2024,09:29:40,25460,25456.5,100,25461.7,100,0,1483050
NIFTY-II.NFO,13/09/2024,09:29:42,25460,25460,25,25460.4,100,0,1483050
NIFTY-II.NFO,13/09/2024,09:29:44,25460.35,25455.85,125,25460.05,50,50,1483050
NIFTY-II.NFO,13/09/2024,09:29:45,25460.35,25456.75,100,25461.6,50,0,1483050
NIFTY-II.NFO,13/09/2024,09:29:47,25460.35,25460,25,25460.35,25,0,1483050
NIFTY-II.NFO,13/09/2024,09:29:49,25460.35,25460,75,25462.15,50,25,1483050
NIFTY-II.NFO,13/09/2024,09:29:50,25460,25460,25,25464.25,25,100,1483050
NIFTY-II.NFO,13/09/2024,09:29:52,25464.25,25462.05,25,25466,25,50,1483050
NIFTY-II.NFO,13/09/2024,09:29:54,25465.65,25460,25,25463.8,25,25,1483050
NIFTY-II.NFO,13/09/2024,09:29:55,25462.25,25460,25,25463.55,250,25,1483050
NIFTY-II.NFO,13/09/2024,09:29:57,25462.25,25460.35,25,25462.65,50,0,1483050
NIFTY-II.NFO,13/09/2024,09:29:59,25462.25,25460.35,25,25461.7,300,0,1483050
NIFTY-II.NFO,13/09/2024,09:30:00,25455.15,25455.15,100,25460.35,25,100,1483050
NIFTY-II.NFO,13/09/2024,09:30:00,25455.15,25455.15,100,25460.35,25,0,1483050
NIFTY-II.NFO,13/09/2024,09:30:02,25460.9,25455.75,225,25460.95,25,25,1483050
NIFTY-II.NFO,13/09/2024,09:30:04,25461.55,25456.1,100,25461.3,250,150,1483050
NIFTY-II.NFO,13/09/2024,09:30:05,25461.55,25459.1,100,25463.75,125,0,1483050
NIFTY-II.NFO,13/09/2024,09:30:07,25462.05,25461.05,25,25464.75,250,50,1483050
NIFTY-II.NFO,13/09/2024,09:30:09,25461.55,25459.8,100,25461.55,75,25,1483050
NIFTY-II.NFO,13/09/2024,09:30:10,25461.55,25457.7,100,25461.55,75,0,1483050
NIFTY-II.NFO,13/09/2024,09:30:12,25461.55,25457.75,100,25461.55,75,0,1483050
NIFTY-II.NFO,13/09/2024,09:30:14,25457.8,25456.05,100,25459.9,25,75,1483050
NIFTY-II.NFO,13/09/2024,09:30:15,25457.8,25456.9,125,25459.9,25,0,1483050
NIFTY-II.NFO,13/09/2024,09:30:17,25459.9,25457.5,125,25460,25,25,1483050
NIFTY-II.NFO,13/09/2024,09:30:19,25457.5,25456.6,100,25460,25,75,1483050
NIFTY-II.NFO,13/09/2024,09:30:20,25457.05,25459.9,200,25460,75,50,1483050
NIFTY-II.NFO,13/09/2024,09:30:22,25457.05,25459.9,200,25460,75,0,1483050
NIFTY-II.NFO,13/09/2024,09:30:24,25462.05,25459.9,200,25462.4,75,150,1483050
NIFTY-II.NFO,13/09/2024,09:30:25,25462.05,25459.9,200,25461.5,75,0,1483050
NIFTY-II.NFO,13/09/2024,09:30:27,25462.05,25459.9,200,25461.2,75,0,1483050
NIFTY-II.NFO,13/09/2024,09:30:29,25462.05,25460,25,25461.9,75,0,1483050
NIFTY-II.NFO,13/09/2024,09:30:30,25460,25459.9,200,25461.15,150,25,1483050
NIFTY-II.NFO,13/09/2024,09:30:32,25460,25459.9,200,25462,25,0,1483050
NIFTY-II.NFO,13/09/2024,09:30:35,25460,25459.9,200,25462.5,125,75,1483050
NIFTY-II.NFO,13/09/2024,09:30:37,25463.05,25459.9,200,25463.05,50,25,1483050
NIFTY-II.NFO,13/09/2024,09:30:39,25463.05,25461,25,25463.8,50,0,1483050
NIFTY-II.NFO,13/09/2024,09:30:40,25463.05,25461,25,25464.85,50,0,1483050
NIFTY-II.NFO,13/09/2024,09:30:42,25465.5,25463.8,50,25465.65,200,500,1485200
NIFTY-II.NFO,13/09/2024,09:30:44,25463.8,25463.05,25,25467.4,300,50,1485200
NIFTY-II.NFO,13/09/2024,09:30:45,25464.05,25463.1,100,25468.3,250,25,1485200
NIFTY-II.NFO,13/09/2024,09:30:47,25464.05,25462.25,100,25467.65,250,0,1485200
NIFTY-II.NFO,13/09/2024,09:30:49,25469.35,25465.1,100,25470.8,200,25,1485200
NIFTY-II.NFO,13/09/2024,09:30:50,25466.05,25464.05,50,25468.9,50,25,1485200
NIFTY-II.NFO,13/09/2024,09:30:52,25466.05,25464.05,25,25466.1,50,0,1485200
NIFTY-II.NFO,13/09/2024,09:30:54,25466.05,25464.05,25,25466,200,0,1485200
NIFTY-II.NFO,13/09/2024,09:30:55,25464.05,25461,25,25463.55,50,25,1485200
NIFTY-II.NFO,13/09/2024,09:30:57,25462.15,25461,25,25461.8,100,350,1485200
NIFTY-II.NFO,13/09/2024,09:30:59,25462.6,25461,50,25462.05,75,50,1485200
NIFTY-II.NFO,13/09/2024,09:31:00,25461,25460.4,50,25461.2,125,125,1485200
NIFTY-II.NFO,13/09/2024,09:31:02,25461.6,25460.4,50,25463.5,125,225,1485200
NIFTY-II.NFO,13/09/2024,09:31:04,25461.85,25460.4,50,25463.55,125,25,1485200
NIFTY-II.NFO,13/09/2024,09:31:05,25461.85,25464.05,25,25468.15,125,0,1485200
NIFTY-II.NFO,13/09/2024,09:31:07,25461.85,25465,25,25467.8,250,0,1485200
NIFTY-II.NFO,13/09/2024,09:31:09,25467.9,25466.05,25,25469.85,250,25,1485200
NIFTY-II.NFO,13/09/2024,09:31:10,25467.9,25465,25,25468.45,125,0,1485200
NIFTY-II.NFO,13/09/2024,09:31:12,25468.45,25465,25,25468.25,375,25,1485200
NIFTY-II.NFO,13/09/2024,09:31:14,25468.45,25465,25,25466.65,125,0,1485200
NIFTY-II.NFO,13/09/2024,09:31:15,25468.45,25465,25,25465.7,50,0,1485200
NIFTY-II.NFO,13/09/2024,09:31:17,25465,25461.6,25,25464,50,25,1485200
NIFTY-II.NFO,13/09/2024,09:31:19,25462.05,25461.6,25,25462.15,125,75,1485200
NIFTY-II.NFO,13/09/2024,09:31:20,25462.7,25461.6,25,25462.25,250,300,1485200
NIFTY-II.NFO,13/09/2024,09:31:22,25463.1,25461,25,25464.05,75,625,1485200
NIFTY-II.NFO,13/09/2024,09:31:24,25463.1,25461,25,25462.45,125,0,1485200
NIFTY-II.NFO,13/09/2024,09:31:25,25462.95,25461,25,25462.4,250,50,1485200
NIFTY-II.NFO,13/09/2024,09:31:27,25462.95,25461,25,25461.5,125,0,1485200
NIFTY-II.NFO,13/09/2024,09:31:29,25460.7,25460.05,25,25460.7,50,50,1485200
NIFTY-II.NFO,13/09/2024,09:31:30,25460.7,25459.2,25,25461.25,125,150,1485200
NIFTY-II.NFO,13/09/2024,09:31:32,25460.3,25457,75,25460.85,250,100,1485200
NIFTY-II.NFO,13/09/2024,09:31:34,25460.3,25457,75,25459.35,250,0,1485200
NIFTY-II.NFO,13/09/2024,09:31:35,25460.3,25457,75,25459.4,250,0,1485200
NIFTY-II.NFO,13/09/2024,09:31:37,25459.2,25457,75,25458.75,50,50,1485200
NIFTY-II.NFO,13/09/2024,09:31:39,25459.2,25457,75,25457.65,250,0,1485200
NIFTY-II.NFO,13/09/2024,09:31:40,25459.2,25457,75,25457.4,500,0,1485200
NIFTY-II.NFO,13/09/2024,09:31:42,25454.55,25454.55,125,25455.85,375,275,1485200
NIFTY-II.NFO,13/09/2024,09:31:42,25454.55,25454.55,125,25455.85,375,0,1485200
NIFTY-II.NFO,13/09/2024,09:31:44,25454.55,25454.55,125,25455.75,250,0,1485200
NIFTY-II.NFO,13/09/2024,09:31:45,25455.35,25454.55,125,25455.05,250,250,1485200
NIFTY-II.NFO,13/09/2024,09:31:47,25454.55,25452.05,25,25454.15,250,125,1485200
NIFTY-II.NFO,13/09/2024,09:31:49,25454.55,25452.05,25,25455.2,250,0,1485200
NIFTY-II.NFO,13/09/2024,09:31:50,25452.05,25452,1575,25453.3,225,75,1485200
NIFTY-II.NFO,13/09/2024,09:31:50,25452.05,25452,1575,25453.3,225,0,1485200
NIFTY-II.NFO,13/09/2024,09:31:52,25452,25452,1400,25452.05,225,175,1485200
NIFTY-II.NFO,13/09/2024,09:31:52,25452,25452,1400,25452.05,225,0,1485200
NIFTY-II.NFO,13/09/2024,09:31:54,25452,25452,925,25452.3,250,475,1485200
NIFTY-II.NFO,13/09/2024,09:31:55,25452.75,25451.1,50,25452,50,950,1485200
NIFTY-II.NFO,13/09/2024,09:31:57,25452,25452,50,25452.3,175,100,1485200
NIFTY-II.NFO,13/09/2024,09:31:57,25451.1,25452,50,25452.3,175,0,1485200
NIFTY-II.NFO,13/09/2024,09:31:59,25451.7,25451,125,25452.95,225,75,1485200
NIFTY-II.NFO,13/09/2024,09:32:00,25451.7,25452,25,25454,25,0,1485200
NIFTY-II.NFO,13/09/2024,09:32:02,25450.5,25450,7150,25451.9,150,200,1485200
NIFTY-II.NFO,13/09/2024,09:32:02,25450.5,25450,7150,25451.9,150,0,1485200
NIFTY-II.NFO,13/09/2024,09:32:04,25450.5,25450,7150,25453.45,75,0,1485200
NIFTY-II.NFO,13/09/2024,09:32:05,25450.05,25450.05,25,25452.2,125,50,1485200
NIFTY-II.NFO,13/09/2024,09:32:05,25450.05,25450.05,25,25452.2,125,0,1485200
NIFTY-II.NFO,13/09/2024,09:32:07,25450.05,25450.5,25,25452.4,75,0,1485200
NIFTY-II.NFO,13/09/2024,09:32:09,25450.05,25450.5,25,25452,25,0,1485200
NIFTY-II.NFO,13/09/2024,09:32:10,25450,25450,6950,25451,50,275,1485200
NIFTY-II.NFO,13/09/2024,09:32:10,25450,25450,6950,25451,50,0,1485200
NIFTY-II.NFO,13/09/2024,09:32:12,25452.85,25450,6950,25451,825,25,1485200
NIFTY-II.NFO,13/09/2024,09:32:14,25451,25450,6975,25451,800,75,1485200
NIFTY-II.NFO,13/09/2024,09:32:15,25451,25450,6975,25450.35,250,0,1485200
NIFTY-II.NFO,13/09/2024,09:32:17,25450,25450,6975,25450.35,250,25,1485200
NIFTY-II.NFO,13/09/2024,09:32:19,25450,25450,6425,25450.1,50,575,1485200
NIFTY-II.NFO,13/09/2024,09:32:20,25445,25444.1,100,25450.35,250,6550,1485200
NIFTY-II.NFO,13/09/2024,09:32:20,25445,25444.1,100,25450.35,250,0,1485200
NIFTY-II.NFO,13/09/2024,09:32:22,25446.05,25444.05,25,25448,50,50,1485200
NIFTY-II.NFO,13/09/2024,09:32:24,25441.25,25442.55,200,25448.45,225,1000,1485200
NIFTY-II.NFO,13/09/2024,09:32:24,25441.25,25442.55,200,25448.45,225,0,1485200
NIFTY-II.NFO,13/09/2024,09:32:25,25441.25,25443.1,200,25447.9,375,0,1485200
NIFTY-II.NFO,13/09/2024,09:32:27,25441.25,25444.1,200,25448.2,450,0,1485200
NIFTY-II.NFO,13/09/2024,09:32:29,25448.2,25445.05,25,25447.75,225,300,1485200
NIFTY-II.NFO,13/09/2024,09:32:30,25447.75,25442.05,25,25446.5,125,100,1485200
NIFTY-II.NFO,13/09/2024,09:32:32,25446.5,25442,50,25444.55,50,25,1485200
NIFTY-II.NFO,13/09/2024,09:32:34,25443.95,25442,25,25444.3,25,75,1485200
NIFTY-II.NFO,13/09/2024,09:32:35,25443.95,25442,25,25443.35,100,0,1485200
NIFTY-II.NFO,13/09/2024,09:32:37,25442.4,25441.1,25,25441.95,100,275,1485200
NIFTY-II.NFO,13/09/2024,09:32:37,25441.1,25441.1,25,25441.95,100,0,1485200
NIFTY-II.NFO,13/09/2024,09:32:39,25442,25441.1,25,25441.75,225,250,1485200
NIFTY-II.NFO,13/09/2024,09:32:40,25443.9,25441.1,25,25443.1,125,25,1485200
NIFTY-II.NFO,13/09/2024,09:32:42,25442.35,25441.1,25,25443.05,100,75,1485200
NIFTY-II.NFO,13/09/2024,09:32:44,25442.15,25441,175,25441.85,25,150,1485200
NIFTY-II.NFO,13/09/2024,09:32:45,25441,25440.4,25,25441.25,50,250,1485200
NIFTY-II.NFO,13/09/2024,09:32:45,25441,25440.4,25,25441.25,50,0,1485200
NIFTY-II.NFO,13/09/2024,09:32:47,25437,25436,25,25437.1,75,1225,1485200
NIFTY-II.NFO,13/09/2024,09:32:47,25437,25436,25,25437.1,75,0,1485200
NIFTY-II.NFO,13/09/2024,09:32:49,25436,25435.1,50,25436.85,200,175,1485200
NIFTY-II.NFO,13/09/2024,09:32:49,25436,25435.1,50,25436.85,200,0,1485200
NIFTY-II.NFO,13/09/2024,09:32:50,25438.45,25437,25,25437.85,250,75,1485200
NIFTY-II.NFO,13/09/2024,09:32:52,25435,25432,1750,25434.1,125,100,1485200
NIFTY-II.NFO,13/09/2024,09:32:52,25435,25432,1750,25434.1,125,0,1485200
NIFTY-II.NFO,13/09/2024,09:32:54,25433.8,25432,1750,25434.35,125,125,1485200
NIFTY-II.NFO,13/09/2024,09:32:54,25433.8,25432,1750,25434.35,125,0,1485200
NIFTY-II.NFO,13/09/2024,09:32:55,25433.8,25432.05,25,25433.2,225,0,1485200
NIFTY-II.NFO,13/09/2024,09:32:57,25433.8,25432.05,25,25432.35,250,0,1485200
NIFTY-II.NFO,13/09/2024,09:32:59,25434.1,25432.1,25,25434.55,225,75,1485200
NIFTY-II.NFO,13/09/2024,09:32:59,25432.05,25432.1,25,25434.55,225,0,1485200
NIFTY-II.NFO,13/09/2024,09:33:00,25432.15,25432.15,100,25434.1,25,1025,1485200
NIFTY-II.NFO,13/09/2024,09:33:00,25432,25432.15,100,25434.1,25,0,1485200
NIFTY-II.NFO,13/09/2024,09:33:02,25437.5,25433.5,175,25437.6,125,225,1485200
NIFTY-II.NFO,13/09/2024,09:33:04,25437.15,25435.3,100,25439.2,125,50,1485200
NIFTY-II.NFO,13/09/2024,09:33:05,25436.45,25436.55,150,25440.15,250,25,1485200
NIFTY-II.NFO,13/09/2024,09:33:07,25436.45,25437.35,50,25440,250,0,1485200
NIFTY-II.NFO,13/09/2024,09:33:09,25440,25437.4,25,25439.7,250,50,1485200
NIFTY-II.NFO,13/09/2024,09:33:10,25437.4,25437.45,25,25440,200,25,1485200
NIFTY-II.NFO,13/09/2024,09:33:12,25439.3,25437.45,25,25439.3,125,125,1485200
NIFTY-II.NFO,13/09/2024,09:33:14,25440,25437.4,25,25439.65,125,75,1485200
NIFTY-II.NFO,13/09/2024,09:33:15,25439.45,25437.4,25,25440,200,50,1485200
NIFTY-II.NFO,13/09/2024,09:33:17,25441,25442,50,25442.3,100,300,1485200
NIFTY-II.NFO,13/09/2024,09:33:19,25442,25439.5,75,25440,25,250,1485200
NIFTY-II.NFO,13/09/2024,09:33:20,25444.45,25443.1,75,25444.35,250,50,1485200
NIFTY-II.NFO,13/09/2024,09:33:22,25445,25440.65,50,25445,850,625,1485200
NIFTY-II.NFO,13/09/2024,09:33:24,25445,25442.55,50,25450,100,850,1485200
NIFTY-II.NFO,13/09/2024,09:33:25,25450,25445.45,25,25446,25,100,1485200
NIFTY-II.NFO,13/09/2024,09:33:27,25450.25,25446.25,25,25449.5,200,50,1485200
NIFTY-II.NFO,13/09/2024,09:33:29,25447.95,25446.25,25,25447.95,300,100,1485200
NIFTY-II.NFO,13/09/2024,09:33:30,25447.95,25446.25,25,25448.45,250,0,1485200
NIFTY-II.NFO,13/09/2024,09:33:32,25448.65,25446.25,25,25448.75,200,50,1485200
NIFTY-II.NFO,13/09/2024,09:33:34,25447.7,25446.35,25,25448.45,150,100,1485200
NIFTY-II.NFO,13/09/2024,09:33:35,25447.7,25446.35,25,25448.45,150,0,1485200
NIFTY-II.NFO,13/09/2024,09:33:37,25449.2,25446.35,25,25449.25,400,75,1485200
NIFTY-II.NFO,13/09/2024,09:33:39,25446.35,25446.4,25,25449.6,125,25,1485200
NIFTY-II.NFO,13/09/2024,09:33:40,25449.65,25447.85,25,25449.8,325,75,1487725
NIFTY-II.NFO,13/09/2024,09:33:42,25449.65,25450.05,50,25451,325,0,1487725
NIFTY-II.NFO,13/09/2024,09:33:44,25449.65,25450.1,25,25451,325,0,1487725
NIFTY-II.NFO,13/09/2024,09:33:45,25450.1,25450.1,25,25451,275,75,1487725
NIFTY-II.NFO,13/09/2024,09:33:47,25450.1,25450.15,25,25451,275,0,1487725
NIFTY-II.NFO,13/09/2024,09:33:49,25455,25452.4,25,25456.15,200,350,1487725
NIFTY-II.NFO,13/09/2024,09:33:50,25456,25453.25,25,25456.95,125,425,1487725
NIFTY-II.NFO,13/09/2024,09:33:52,25456,25454.3,75,25457.05,125,0,1487725
NIFTY-II.NFO,13/09/2024,09:33:54,25456,25455.4,50,25459,50,0,1487725
NIFTY-II.NFO,13/09/2024,09:33:55,25456,25456.95,75,25459,50,0,1487725
NIFTY-II.NFO,13/09/2024,09:33:57,25455.25,25457.2,25,25459,50,200,1487725
NIFTY-II.NFO,13/09/2024,09:33:59,25459,25457.2,25,25460,350,50,1487725
NIFTY-II.NFO,13/09/2024,09:34:00,25459,25457.2,25,25460,100,0,1487725
NIFTY-II.NFO,13/09/2024,09:34:02,25460.8,25457.3,25,25460.8,75,275,1487725
NIFTY-II.NFO,13/09/2024,09:34:04,25460.8,25458.5,200,25463.5,75,0,1487725
NIFTY-II.NFO,13/09/2024,09:34:05,25460.8,25461.05,50,25464.1,250,0,1487725
NIFTY-II.NFO,13/09/2024,09:34:07,25465,25465.05,200,25468.45,25,25,1487725
NIFTY-II.NFO,13/09/2024,09:34:09,25465,25466.85,75,25468.45,25,0,1487725
NIFTY-II.NFO,13/09/2024,09:34:10,25470,25469.6,250,25475,1550,125,1487725
NIFTY-II.NFO,13/09/2024,09:34:12,25474.65,25469.55,25,25473.85,75,25,1487725
NIFTY-II.NFO,13/09/2024,09:34:14,25472.05,25470.05,75,25471.9,50,75,1487725
NIFTY-II.NFO,13/09/2024,09:34:15,25472.05,25470.05,75,25472.4,150,0,1487725
NIFTY-II.NFO,13/09/2024,09:34:17,25474.7,25472.1,75,25474.75,250,25,1487725
NIFTY-II.NFO,13/09/2024,09:34:18,25474.7,25473.2,200,25475,1550,0,1487725
NIFTY-II.NFO,13/09/2024,09:34:20,25472.05,25472.1,75,25475,1525,175,1487725
NIFTY-II.NFO,13/09/2024,09:34:22,25474.35,25472.1,75,25474.25,250,25,1487725
NIFTY-II.NFO,13/09/2024,09:34:24,25474.35,25472.1,75,25474.35,250,0,1487725
NIFTY-II.NFO,13/09/2024,09:34:25,25474.35,25472.1,75,25472.45,250,0,1487725
NIFTY-II.NFO,13/09/2024,09:34:27,25472.8,25472.15,25,25473.25,75,275,1487725
NIFTY-II.NFO,13/09/2024,09:34:29,25474.2,25472.15,25,25474.55,250,25,1487725
NIFTY-II.NFO,13/09/2024,09:34:30,25475,25474.4,25,25475,1150,475,1487725
NIFTY-II.NFO,13/09/2024,09:34:32,25474.4,25474.35,25,25474.4,25,75,1487725
NIFTY-II.NFO,13/09/2024,09:34:34,25474.5,25474.6,25,25475,1150,150,1487725
NIFTY-II.NFO,13/09/2024,09:34:35,25475,25472.05,150,25474.7,250,300,1487725
NIFTY-II.NFO,13/09/2024,09:34:37,25474.15,25472.1,125,25474.45,250,25,1487725
NIFTY-II.NFO,13/09/2024,09:34:39,25474.35,25472.1,225,25475,1300,75,1487725
NIFTY-II.NFO,13/09/2024,09:34:40,25475,25472.2,50,25475,800,275,1487725
NIFTY-II.NFO,13/09/2024,09:34:42,25474,25472.05,150,25474.35,25,150,1487725
NIFTY-II.NFO,13/09/2024,09:34:44,25474,25473.4,25,25474.35,25,0,1487725
NIFTY-II.NFO,13/09/2024,09:34:45,25474.4,25474.35,150,25475,825,75,1487725
NIFTY-II.NFO,13/09/2024,09:34:47,25475,25474.4,50,25475,800,75,1487725
NIFTY-II.NFO,13/09/2024,09:34:49,25474.4,25474.4,25,25475,800,25,1487725
NIFTY-II.NFO,13/09/2024,09:34:50,25474.4,25474.55,100,25475,900,0,1487725
NIFTY-II.NFO,13/09/2024,09:34:52,25474.35,25474.05,50,25474.55,75,275,1487725
NIFTY-II.NFO,13/09/2024,09:34:54,25474,25474,300,25474.35,25,125,1487725
NIFTY-II.NFO,13/09/2024,09:34:55,25474.05,25474.4,25,25475,900,75,1487725
NIFTY-II.NFO,13/09/2024,09:34:57,25475,25474.6,50,25475,850,50,1487725
NIFTY-II.NFO,13/09/2024,09:34:59,25475,25474.65,25,25475,800,50,1487725
NIFTY-II.NFO,13/09/2024,09:35:00,25475,25475.8,200,25476.95,25,800,1487725
NIFTY-II.NFO,13/09/2024,09:35:02,25480,25477.65,200,25480,50,125,1487725
NIFTY-II.NFO,13/09/2024,09:35:04,25480,25479.8,200,25480,25,25,1487725
NIFTY-II.NFO,13/09/2024,09:35:05,25486.2,25486.2,25,25489.7,50,850,1487725
NIFTY-II.NFO,13/09/2024,09:35:07,25483.6,25483.6,50,25488.4,50,400,1487725
NIFTY-II.NFO,13/09/2024,09:35:09,25490,25490.9,150,25491.75,250,150,1487725
NIFTY-II.NFO,13/09/2024,09:35:10,25491.35,25491.05,25,25491.65,250,525,1487725
NIFTY-II.NFO,13/09/2024,09:35:12,25483.6,25483.55,50,25488.3,50,1775,1487725
NIFTY-II.NFO,13/09/2024,09:35:14,25491.6,25488.5,25,25493.1,50,125,1487725
NIFTY-II.NFO,13/09/2024,09:35:15,25490.45,25490,25,25490.1,125,525,1487725
NIFTY-II.NFO,13/09/2024,09:35:17,25490,25486.55,200,25491.85,125,25,1487725
NIFTY-II.NFO,13/09/2024,09:35:19,25490,25491.7,125,25492.35,125,0,1487725
NIFTY-II.NFO,13/09/2024,09:35:20,25490.5,25490,25,25490.3,50,725,1487725
NIFTY-II.NFO,13/09/2024,09:35:22,25490.5,25490.1,25,25490.45,25,0,1487725
NIFTY-II.NFO,13/09/2024,09:35:23,25487.65,25486.15,200,25490.45,25,100,1487725
NIFTY-II.NFO,13/09/2024,09:35:25,25490.45,25490,25,25493.1,50,50,1487725
NIFTY-II.NFO,13/09/2024,09:35:27,25493.9,25490,25,25493,250,1000,1487725
NIFTY-II.NFO,13/09/2024,09:35:28,25490.5,25490.5,275,25492.55,300,25,1487725
NIFTY-II.NFO,13/09/2024,09:35:30,25490.65,25490.65,100,25493.2,25,175,1487725
NIFTY-II.NFO,13/09/2024,09:35:32,25490.65,25490.95,25,25492.55,350,0,1487725
NIFTY-II.NFO,13/09/2024,09:35:33,25490.65,25491.25,150,25493,50,0,1487725
NIFTY-II.NFO,13/09/2024,09:35:35,25493,25493.55,25,25494,25,75,1487725
NIFTY-II.NFO,13/09/2024,09:35:37,25494,25494,150,25494.35,175,25,1487725
NIFTY-II.NFO,13/09/2024,09:35:38,25494,25494.25,175,25494.3,175,0,1487725
NIFTY-II.NFO,13/09/2024,09:35:40,25492.55,25491,25,25492.65,125,675,1487725
NIFTY-II.NFO,13/09/2024,09:35:41,25493.95,25491.1,25,25494.7,175,50,1487725
NIFTY-II.NFO,13/09/2024,09:35:43,25494.7,25491.15,100,25491.95,150,25,1487725
NIFTY-II.NFO,13/09/2024,09:35:45,25491.95,25492.15,100,25493.85,250,150,1487725
NIFTY-II.NFO,13/09/2024,09:35:46,25492.4,25492.45,25,25494.5,250,25,1487725
NIFTY-II.NFO,13/09/2024,09:35:48,25494.5,25493.1,75,25495,550,100,1487725
NIFTY-II.NFO,13/09/2024,09:35:49,25493.65,25493,25,25493.75,250,275,1487725
NIFTY-II.NFO,13/09/2024,09:35:51,25492.55,25491,25,25493.4,275,75,1487725
NIFTY-II.NFO,13/09/2024,09:35:53,25492.55,25491.05,25,25494,25,0,1487725
NIFTY-II.NFO,13/09/2024,09:35:54,25492.55,25492.05,25,25494,50,0,1487725
NIFTY-II.NFO,13/09/2024,09:35:56,25495,25494.35,125,25495,75,300,1487725
NIFTY-II.NFO,13/09/2024,09:35:58,25495,25495.35,25,25498,100,150,1487725
NIFTY-II.NFO,13/09/2024,09:35:59,25498,25495.95,200,25498,50,100,1487725
NIFTY-II.NFO,13/09/2024,09:36:01,25498,25498.3,200,25498.95,150,175,1487725
NIFTY-II.NFO,13/09/2024,09:36:03,25502,25503.7,25,25504,25,1700,1487725
NIFTY-II.NFO,13/09/2024,09:36:04,25505,25503.85,25,25505,50,50,1487725
NIFTY-II.NFO,13/09/2024,09:36:06,25503.7,25502.05,50,25503.5,250,125,1487725
NIFTY-II.NFO,13/09/2024,09:36:08,25506,25505.05,50,25506,25,200,1487725
NIFTY-II.NFO,13/09/2024,09:36:09,25508.6,25505.1,50,25508.7,375,600,1487725
NIFTY-II.NFO,13/09/2024,09:36:11,25506.1,25502,25,25505.85,250,175,1487725
NIFTY-II.NFO,13/09/2024,09:36:12,25506.1,25503,25,25503.7,25,0,1487725
NIFTY-II.NFO,13/09/2024,09:36:14,25503.55,25499.25,200,25503.7,25,75,1487725
NIFTY-II.NFO,13/09/2024,09:36:16,25503.55,25503.35,75,25503.7,25,0,1487725
NIFTY-II.NFO,13/09/2024,09:36:17,25503.55,25502.05,75,25503,25,50,1487725
NIFTY-II.NFO,13/09/2024,09:36:19,25505,25503.2,75,25506,250,50,1487725
NIFTY-II.NFO,13/09/2024,09:36:21,25505,25503.2,75,25503.7,25,0,1487725
NIFTY-II.NFO,13/09/2024,09:36:22,25503.7,25503.5,25,25505,250,50,1487725
NIFTY-II.NFO,13/09/2024,09:36:24,25503.8,25503.75,150,25504.45,250,50,1487725
NIFTY-II.NFO,13/09/2024,09:36:26,25503.75,25503.75,25,25504.2,250,150,1487725
NIFTY-II.NFO,13/09/2024,09:36:28,25503,25500.05,25,25502.2,125,525,1487725
NIFTY-II.NFO,13/09/2024,09:36:29,25500,25499.05,25,25502.05,50,75,1487725
NIFTY-II.NFO,13/09/2024,09:36:31,25500,25499.1,25,25500.5,350,0,1487725
NIFTY-II.NFO,13/09/2024,09:36:33,25499,25495.05,25,25498.9,125,100,1487725
NIFTY-II.NFO,13/09/2024,09:36:34,25499,25496.15,75,25499.1,50,0,1487725
NIFTY-II.NFO,13/09/2024,09:36:36,25499,25496.15,75,25499,75,0,1487725
NIFTY-II.NFO,13/09/2024,09:36:38,25499.55,25496.2,25,25498.95,125,125,1487725
NIFTY-II.NFO,13/09/2024,09:36:39,25499.55,25496.35,25,25499.25,250,0,1487725
NIFTY-II.NFO,13/09/2024,09:36:41,25498.8,25496.4,100,25500,25,50,1494425
NIFTY-II.NFO,13/09/2024,09:36:42,25498.8,25496.4,100,25500,25,0,1494425
NIFTY-II.NFO,13/09/2024,09:36:44,25495,25496.15,50,25500,25,950,1494425
NIFTY-II.NFO,13/09/2024,09:36:46,25499.25,25494.9,50,25499.6,200,125,1494425
NIFTY-II.NFO,13/09/2024,09:36:47,25499.25,25495.05,25,25499.15,50,0,1494425
NIFTY-II.NFO,13/09/2024,09:36:49,25499.25,25496.1,50,25500,125,0,1494425
NIFTY-II.NFO,13/09/2024,09:36:51,25499.7,25496.15,25,25498.3,125,25,1494425
NIFTY-II.NFO,13/09/2024,09:36:52,25496.15,25496.25,100,25498.45,300,50,1494425
NIFTY-II.NFO,13/09/2024,09:36:54,25496.95,25497.1,100,25497.6,250,200,1494425
NIFTY-II.NFO,13/09/2024,09:36:56,25499.45,25497.85,125,25499.45,325,150,1494425
NIFTY-II.NFO,13/09/2024,09:36:57,25499.95,25494.15,25,25498.9,200,50,1494425
NIFTY-II.NFO,13/09/2024,09:36:59,25499.75,25496.2,25,25500,175,100,1494425
NIFTY-II.NFO,13/09/2024,09:37:01,25499.1,25499.25,125,25500,175,200,1494425
NIFTY-II.NFO,13/09/2024,09:37:02,25498.5,25500.4,125,25501.55,250,275,1494425
NIFTY-II.NFO,13/09/2024,09:37:04,25498.9,25498.5,25,25499,125,1375,1494425
NIFTY-II.NFO,13/09/2024,09:37:06,25498.9,25498.5,50,25499.9,250,0,1494425
NIFTY-II.NFO,13/09/2024,09:37:07,25498.45,25494.35,50,25498.1,125,75,1494425
NIFTY-II.NFO,13/09/2024,09:37:09,25498.9,25495.35,200,25499.05,125,25,1494425
NIFTY-II.NFO,13/09/2024,09:37:11,25498.9,25499.05,125,25500.65,250,0,1494425
NIFTY-II.NFO,13/09/2024,09:37:12,25498.9,25498.9,100,25499.7,25,0,1494425
NIFTY-II.NFO,13/09/2024,09:37:14,25501.1,25497.15,25,25500.15,125,1375,1494425
NIFTY-II.NFO,13/09/2024,09:37:16,25501.1,25496.45,25,25499.8,125,0,1494425
NIFTY-II.NFO,13/09/2024,09:37:17,25498,25494.5,200,25498,50,25,1494425
NIFTY-II.NFO,13/09/2024,09:37:19,25498,25495.1,100,25498,50,0,1494425
NIFTY-II.NFO,13/09/2024,09:37:21,25498,25498.35,100,25498.95,350,50,1494425
NIFTY-II.NFO,13/09/2024,09:37:22,25495.1,25495.1,200,25498.5,125,275,1494425
NIFTY-II.NFO,13/09/2024,09:37:24,25497.35,25494.35,100,25497.8,100,125,1494425
NIFTY-II.NFO,13/09/2024,09:37:26,25497.1,25494.3,75,25496.15,50,25,1494425
NIFTY-II.NFO,13/09/2024,09:37:27,25497.1,25494.3,75,25495.2,125,0,1494425
NIFTY-II.NFO,13/09/2024,09:37:29,25494.5,25490.2,50,25493.5,100,125,1494425
NIFTY-II.NFO,13/09/2024,09:37:31,25495.55,25491.15,100,25495,225,325,1494425
NIFTY-II.NFO,13/09/2024,09:37:32,25495,25493.15,50,25497,75,25,1494425
NIFTY-II.NFO,13/09/2024,09:37:34,25490,25491.7,200,25496.7,375,1800,1494425
NIFTY-II.NFO,13/09/2024,09:37:36,25495.3,25490.4,75,25494.85,200,75,1494425
NIFTY-II.NFO,13/09/2024,09:37:37,25494.05,25490.45,75,25494.15,50,125,1494425
NIFTY-II.NFO,13/09/2024,09:37:39,25494.05,25490.5,100,25493.3,50,0,1494425
NIFTY-II.NFO,13/09/2024,09:37:40,25494.05,25490.55,150,25493.75,50,0,1494425
NIFTY-II.NFO,13/09/2024,09:37:42,25494.05,25492.1,175,25495.85,25,0,1494425
NIFTY-II.NFO,13/09/2024,09:37:44,25494.05,25493.55,200,25497.35,25,0,1494425
NIFTY-II.NFO,13/09/2024,09:37:45,25496.95,25493.1,425,25497.35,25,50,1494425
NIFTY-II.NFO,13/09/2024,09:37:47,25497,25491.25,225,25495.95,125,250,1494425
NIFTY-II.NFO,13/09/2024,09:37:49,25497,25491.95,200,25494.05,25,0,1494425
NIFTY-II.NFO,13/09/2024,09:37:50,25497,25492.55,200,25494.05,25,0,1494425
NIFTY-II.NFO,13/09/2024,09:37:52,25497,25493.2,200,25494.05,25,0,1494425
NIFTY-II.NFO,13/09/2024,09:37:54,25498.55,25492.4,50,25497.1,125,625,1494425
NIFTY-II.NFO,13/09/2024,09:37:55,25498.55,25493.45,50,25498.15,250,0,1494425
NIFTY-II.NFO,13/09/2024,09:37:57,25498.55,25492.9,50,25497,50,0,1494425
NIFTY-II.NFO,13/09/2024,09:37:58,25498.55,25492.6,50,25496.65,125,0,1494425
NIFTY-II.NFO,13/09/2024,09:38:00,25497.8,25490.95,50,25495.85,125,75,1494425
NIFTY-II.NFO,13/09/2024,09:38:02,25497.8,25490.65,75,25495,125,0,1494425
NIFTY-II.NFO,13/09/2024,09:38:03,25497.8,25490.25,75,25495.2,250,0,1494425
NIFTY-II.NFO,13/09/2024,09:38:05,25497.8,25490.15,100,25493.65,250,0,1494425
NIFTY-II.NFO,13/09/2024,09:38:07,25493,25490.1,125,25492.85,100,25,1494425
NIFTY-II.NFO,13/09/2024,09:38:08,25492.8,25490.1,125,25493.2,250,25,1494425
NIFTY-II.NFO,13/09/2024,09:38:10,25493.2,25490.1,125,25491.75,100,150,1494425
NIFTY-II.NFO,13/09/2024,09:38:12,25490.1,25490,50,25490.2,275,125,1494425
NIFTY-II.NFO,13/09/2024,09:38:13,25488.8,25487.1,50,25489.3,125,75,1494425
NIFTY-II.NFO,13/09/2024,09:38:15,25487.15,25487.2,125,25489.85,150,100,1494425
NIFTY-II.NFO,13/09/2024,09:38:17,25487.1,25486.1,100,25489.65,225,225,1494425
NIFTY-II.NFO,13/09/2024,09:38:18,25486,25485,50,25486.05,50,50,1494425
NIFTY-II.NFO,13/09/2024,09:38:20,25483.8,25480.05,100,25483.7,325,75,1494425
NIFTY-II.NFO,13/09/2024,09:38:22,25480,25480,25,25484.65,300,150,1494425
NIFTY-II.NFO,13/09/2024,09:38:23,25480,25476.3,50,25481.4,125,25,1494425
NIFTY-II.NFO,13/09/2024,09:38:25,25475.55,25475.8,200,25480.55,175,225,1494425
NIFTY-II.NFO,13/09/2024,09:38:27,25475.55,25475,75,25479.4,225,0,1494425
NIFTY-II.NFO,13/09/2024,09:38:28,25475.55,25475,75,25479.85,175,0,1494425
NIFTY-II.NFO,13/09/2024,09:38:30,25475.55,25475.2,50,25479.85,175,0,1494425
NIFTY-II.NFO,13/09/2024,09:38:32,25476.45,25476.75,150,25480,25,75,1494425
NIFTY-II.NFO,13/09/2024,09:38:33,25476.45,25479.8,275,25480,25,0,1494425
NIFTY-II.NFO,13/09/2024,09:38:35,25480,25478.35,150,25483.35,50,25,1494425
NIFTY-II.NFO,13/09/2024,09:38:36,25482.9,25475.25,175,25479.95,150,100,1494425
NIFTY-II.NFO,13/09/2024,09:38:38,25482.9,25476.05,175,25480.4,50,0,1494425
NIFTY-II.NFO,13/09/2024,09:38:40,25482.9,25475.6,50,25479.65,125,0,1494425
NIFTY-II.NFO,13/09/2024,09:38:42,25479.5,25475.1,50,25479.7,175,25,1494425
NIFTY-II.NFO,13/09/2024,09:38:43,25476.1,25476.1,125,25478.35,25,50,1494425
NIFTY-II.NFO,13/09/2024,09:38:45,25479.35,25476.2,200,25480.25,175,50,1494425
NIFTY-II.NFO,13/09/2024,09:38:47,25481.05,25477.15,225,25480.3,50,25,1494425
NIFTY-II.NFO,13/09/2024,09:38:48,25480.3,25476.05,25,25480.7,200,250,1494425
NIFTY-II.NFO,13/09/2024,09:38:50,25480.3,25476,200,25480,25,0,1494425
NIFTY-II.NFO,13/09/2024,09:38:52,25475.05,25475.05,200,25479.5,50,125,1494425
NIFTY-II.NFO,13/09/2024,09:38:53,25479.7,25475.2,200,25479.7,175,25,1494425
NIFTY-II.NFO,13/09/2024,09:38:55,25479.7,25475.4,200,25479.95,150,0,1494425
NIFTY-II.NFO,13/09/2024,09:38:57,25475.4,25475.15,200,25479.9,50,25,1494425
NIFTY-II.NFO,13/09/2024,09:38:58,25475.55,25476.1,25,25480,25,25,1494425
NIFTY-II.NFO,13/09/2024,09:39:00,25478.1,25475.15,25,25479.75,200,50,1494425
NIFTY-II.NFO,13/09/2024,09:39:02,25475,25472.05,25,25476.1,50,150,1494425
NIFTY-II.NFO,13/09/2024,09:39:03,25475,25472.05,125,25475.55,125,0,1494425
NIFTY-II.NFO,13/09/2024,09:39:05,25472.05,25472.1,100,25472.75,50,50,1494425
NIFTY-II.NFO,13/09/2024,09:39:07,25472.2,25465.1,50,25469.45,475,675,1494425
NIFTY-II.NFO,13/09/2024,09:39:08,25465.15,25465.15,50,25468.35,175,25,1494425
NIFTY-II.NFO,13/09/2024,09:39:10,25466.8,25465.25,100,25466.7,325,125,1494425
NIFTY-II.NFO,13/09/2024,09:39:11,25463,25460.5,200,25464.95,25,250,1494425
NIFTY-II.NFO,13/09/2024,09:39:13,25464.9,25460.95,50,25464.65,75,25,1494425
NIFTY-II.NFO,13/09/2024,09:39:15,25460.05,25460.6,200,25465.25,50,125,1494425
NIFTY-II.NFO,13/09/2024,09:39:16,25455.6,25457.05,150,25462.05,75,825,1494425
NIFTY-II.NFO,13/09/2024,09:39:18,25460.05,25456.9,150,25462.6,425,25,1494425
NIFTY-II.NFO,13/09/2024,09:39:20,25460.05,25458.2,275,25464.2,200,25,1494425
NIFTY-II.NFO,13/09/2024,09:39:21,25460.05,25460.55,150,25465.65,75,0,1494425
NIFTY-II.NFO,13/09/2024,09:39:23,25460.05,25461.7,225,25467.05,200,0,1494425
NIFTY-II.NFO,13/09/2024,09:39:25,25460.05,25459.15,225,25460.05,25,25,1494425
NIFTY-II.NFO,13/09/2024,09:39:26,25460.05,25456.65,150,25460.05,50,0,1494425
NIFTY-II.NFO,13/09/2024,09:39:28,25460.05,25456.4,150,25460.05,25,25,1494425
NIFTY-II.NFO,13/09/2024,09:39:30,25460,25458.3,225,25460.05,25,25,1494425
NIFTY-II.NFO,13/09/2024,09:39:31,25458.6,25456.8,125,25460.05,25,25,1494425
NIFTY-II.NFO,13/09/2024,09:39:33,25459.05,25459.15,125,25460.05,25,25,1494425
NIFTY-II.NFO,13/09/2024,09:39:35,25460.05,25460.1,150,25463.2,50,50,1494425
NIFTY-II.NFO,13/09/2024,09:39:36,25460.05,25460.1,150,25461.85,50,0,1494425
NIFTY-II.NFO,13/09/2024,09:39:38,25462.1,25460.1,150,25460.75,425,75,1494425
NIFTY-II.NFO,13/09/2024,09:39:39,25460.1,25460.15,125,25460.55,200,75,1494425
NIFTY-II.NFO,13/09/2024,09:39:41,25460.1,25460.15,125,25462.65,225,0,1494425
NIFTY-II.NFO,13/09/2024,09:39:43,25460.1,25460.2,150,25462.25,200,0,1494425
NIFTY-II.NFO,13/09/2024,09:39:44,25460.2,25460,475,25461.85,200,150,1501050
NIFTY-II.NFO,13/09/2024,09:39:46,25461.85,25460,525,25462,100,50,1501050
NIFTY-II.NFO,13/09/2024,09:39:48,25461.85,25460.45,200,25462,100,0,1501050
NIFTY-II.NFO,13/09/2024,09:39:49,25461.85,25460.05,250,25462,100,0,1501050
NIFTY-II.NFO,13/09/2024,09:39:51,25462,25461.9,200,25465,25,100,1501050
NIFTY-II.NFO,13/09/2024,09:39:53,25462.4,25462.4,125,25465,25,75,1501050
NIFTY-II.NFO,13/09/2024,09:39:54,25462.4,25463.05,125,25465,25,0,1501050
NIFTY-II.NFO,13/09/2024,09:39:56,25462.4,25463.5,125,25465,225,0,1501050
NIFTY-II.NFO,13/09/2024,09:39:58,25465.05,25465.95,125,25469.7,250,250,1501050
NIFTY-II.NFO,13/09/2024,09:39:59,25469.7,25468.65,200,25472.8,250,250,1501050
NIFTY-II.NFO,13/09/2024,09:40:01,25469.7,25471.55,125,25476.5,250,0,1501050
NIFTY-II.NFO,13/09/2024,09:40:03,25469.7,25474.1,125,25479.15,200,0,1501050
NIFTY-II.NFO,13/09/2024,09:40:04,25473.85,25474.5,150,25479.5,200,50,1501050
NIFTY-II.NFO,13/09/2024,09:40:06,25473.85,25474.5,150,25477.65,200,0,1501050
NIFTY-II.NFO,13/09/2024,09:40:07,25473.85,25474.5,150,25477.3,200,0,1501050
NIFTY-II.NFO,13/09/2024,09:40:09,25474.5,25474.5,100,25477,200,50,1501050
NIFTY-II.NFO,13/09/2024,09:40:11,25474.5,25474.5,75,25476.55,250,50,1501050
NIFTY-II.NFO,13/09/2024,09:40:12,25473.85,25470.65,125,25474.95,25,100,1501050
NIFTY-II.NFO,13/09/2024,09:40:14,25475.95,25472.3,125,25477.45,200,50,1501050
NIFTY-II.NFO,13/09/2024,09:40:16,25475.95,25471.45,125,25476.2,200,0,1501050
NIFTY-II.NFO,13/09/2024,09:40:17,25475.95,25470.3,25,25474.4,200,0,1501050
NIFTY-II.NFO,13/09/2024,09:40:19,25475.95,25470.95,125,25474.65,50,0,1501050
NIFTY-II.NFO,13/09/2024,09:40:21,25475.95,25470.9,125,25475.9,200,0,1501050
NIFTY-II.NFO,13/09/2024,09:40:22,25475.95,25471.65,125,25475.95,25,0,1501050
NIFTY-II.NFO,13/09/2024,09:40:24,25471,25471.15,125,25475.85,250,25,1501050
NIFTY-II.NFO,13/09/2024,09:40:26,25471,25471.2,125,25475.9,200,0,1501050
NIFTY-II.NFO,13/09/2024,09:40:27,25471,25473.15,50,25475.95,75,0,1501050
NIFTY-II.NFO,13/09/2024,09:40:29,25471,25472.75,75,25475.95,75,0,1501050
NIFTY-II.NFO,13/09/2024,09:40:32,25471,25471.3,100,25475.15,200,0,1501050
NIFTY-II.NFO,13/09/2024,09:40:34,25471,25473,125,25475.95,75,0,1501050
NIFTY-II.NFO,13/09/2024,09:40:36,25475.95,25472.95,150,25475.95,50,25,1501050
NIFTY-II.NFO,13/09/2024,09:40:37,25475.95,25473.8,125,25475.95,50,0,1501050
NIFTY-II.NFO,13/09/2024,09:40:39,25475.95,25474.95,125,25475.95,25,25,1501050
NIFTY-II.NFO,13/09/2024,09:40:41,25475.95,25476.45,150,25480,25,50,1501050
NIFTY-II.NFO,13/09/2024,09:40:42,25475.95,25476.45,150,25480,25,0,1501050
NIFTY-II.NFO,13/09/2024,09:40:44,25475.95,25475.85,100,25479,50,0,1501050
NIFTY-II.NFO,13/09/2024,09:40:47,25479,25475.8,225,25480,25,50,1501050
NIFTY-II.NFO,13/09/2024,09:40:49,25479,25474.05,150,25478.45,200,0,1501050
NIFTY-II.NFO,13/09/2024,09:40:51,25476.9,25472.7,100,25477.3,200,100,1501050
NIFTY-II.NFO,13/09/2024,09:40:52,25476.9,25474.3,100,25479.65,200,0,1501050
NIFTY-II.NFO,13/09/2024,09:40:54,25476.9,25474.85,150,25479.25,200,0,1501050
NIFTY-II.NFO,13/09/2024,09:40:56,25476.9,25474.85,150,25478.65,200,0,1501050
NIFTY-II.NFO,13/09/2024,09:40:57,25476.9,25475.95,150,25480,25,0,1501050
NIFTY-II.NFO,13/09/2024,09:40:59,25476,25477,75,25480,25,25,1501050
NIFTY-II.NFO,13/09/2024,09:41:01,25483.75,25479.3,125,25483.8,200,100,1501050
NIFTY-II.NFO,13/09/2024,09:41:02,25483.75,25481.55,200,25484,1800,0,1501050
NIFTY-II.NFO,13/09/2024,09:41:04,25483.75,25481.35,125,25484,1800,0,1501050
NIFTY-II.NFO,13/09/2024,09:41:06,25483.75,25481.3,150,25484,1800,0,1501050
NIFTY-II.NFO,13/09/2024,09:41:07,25483.75,25478.45,125,25483,200,0,1501050
NIFTY-II.NFO,13/09/2024,09:41:09,25479.85,25479.05,150,25482,50,25,1501050
NIFTY-II.NFO,13/09/2024,09:41:11,25483.95,25479.05,150,25483.05,200,100,1501050
NIFTY-II.NFO,13/09/2024,09:41:13,25482.45,25479.2,100,25479.9,200,75,1501050
NIFTY-II.NFO,13/09/2024,09:41:14,25479.2,25479.2,50,25481.35,200,50,1501050
NIFTY-II.NFO,13/09/2024,09:41:16,25479.2,25476.9,25,25478.65,150,50,1501050
NIFTY-II.NFO,13/09/2024,09:41:17,25476.9,25475,1500,25476.6,125,25,1501050
NIFTY-II.NFO,13/09/2024,09:41:19,25475,25470.4,75,25474.05,25,1575,1501050
NIFTY-II.NFO,13/09/2024,09:41:21,25475,25470.4,75,25473.1,50,0,1501050
NIFTY-II.NFO,13/09/2024,09:41:22,25475,25470.3,25,25471.85,50,0,1501050
NIFTY-II.NFO,13/09/2024,09:41:24,25471.55,25470.3,25,25471.8,25,25,1501050
NIFTY-II.NFO,13/09/2024,09:41:26,25473.45,25470.35,75,25473.2,25,25,1501050
NIFTY-II.NFO,13/09/2024,09:41:27,25473.45,25470.4,125,25474.15,50,0,1501050
NIFTY-II.NFO,13/09/2024,09:41:29,25473.45,25470.3,25,25472.8,50,0,1501050
NIFTY-II.NFO,13/09/2024,09:41:31,25473.45,25470.5,50,25474.05,25,0,1501050
NIFTY-II.NFO,13/09/2024,09:41:32,25473.45,25470.35,50,25472.9,75,0,1501050
NIFTY-II.NFO,13/09/2024,09:41:34,25473.45,25470.35,50,25472.4,25,0,1501050
NIFTY-II.NFO,13/09/2024,09:41:36,25473.45,25470.35,50,25472.2,25,0,1501050
NIFTY-II.NFO,13/09/2024,09:41:37,25473.45,25470.35,50,25473.15,25,0,1501050
NIFTY-II.NFO,13/09/2024,09:41:39,25473.45,25470.35,50,25472.8,25,0,1501050
NIFTY-II.NFO,13/09/2024,09:41:41,25472.8,25470.85,50,25474.9,25,25,1501050
NIFTY-II.NFO,13/09/2024,09:41:42,25472.8,25470.4,50,25472.65,250,0,1501050
NIFTY-II.NFO,13/09/2024,09:41:44,25472.8,25470.5,125,25472.8,25,0,1501050
NIFTY-II.NFO,13/09/2024,09:41:46,25470.45,25470.4,50,25472.8,25,25,1501050
NIFTY-II.NFO,13/09/2024,09:41:47,25470.45,25470.45,300,25472.8,25,0,1501050
NIFTY-II.NFO,13/09/2024,09:41:49,25470.45,25471.3,200,25472.8,25,0,1501050
NIFTY-II.NFO,13/09/2024,09:41:50,25470.45,25471.4,300,25472.8,25,0,1501050
NIFTY-II.NFO,13/09/2024,09:41:52,25470.45,25472.3,200,25472.8,25,0,1501050
NIFTY-II.NFO,13/09/2024,09:41:55,25471.8,25471.7,50,25472.8,25,50,1501050
NIFTY-II.NFO,13/09/2024,09:41:57,25471.8,25470.45,25,25472.8,25,0,1501050
NIFTY-II.NFO,13/09/2024,09:41:59,25473.45,25470.5,150,25473.45,50,75,1501050
NIFTY-II.NFO,13/09/2024,09:42:00,25473.45,25470.65,50,25473.45,50,0,1501050
NIFTY-II.NFO,13/09/2024,09:42:02,25473.45,25470.35,50,25472.9,50,0,1501050
NIFTY-II.NFO,13/09/2024,09:42:04,25473.45,25470.5,50,25473.45,50,0,1501050
NIFTY-II.NFO,13/09/2024,09:42:05,25473.45,25470.85,50,25473.45,25,25,1501050
NIFTY-II.NFO,13/09/2024,09:42:07,25473.45,25470.35,75,25472.95,250,0,1501050
NIFTY-II.NFO,13/09/2024,09:42:09,25473.45,25470.35,75,25472.9,250,0,1501050
NIFTY-II.NFO,13/09/2024,09:42:10,25473.45,25470.35,75,25470.5,25,0,1501050
NIFTY-II.NFO,13/09/2024,09:42:12,25473.45,25470.4,25,25470.5,25,0,1501050
NIFTY-II.NFO,13/09/2024,09:42:15,25473.45,25470.4,225,25470.5,25,0,1501050
NIFTY-II.NFO,13/09/2024,09:42:19,25470.4,25470.4,200,25472.55,25,25,1501050
NIFTY-II.NFO,13/09/2024,09:42:20,25470.4,25470.4,200,25472.65,100,0,1501050
NIFTY-II.NFO,13/09/2024,09:42:22,25476.45,25473.75,75,25478.3,25,200,1501050
NIFTY-II.NFO,13/09/2024,09:42:24,25476.45,25472.95,75,25477.25,25,0,1501050
NIFTY-II.NFO,13/09/2024,09:42:25,25477.7,25474.25,50,25478.35,125,450,1501050
NIFTY-II.NFO,13/09/2024,09:42:27,25479.9,25475.45,150,25479.95,125,75,1501050
NIFTY-II.NFO,13/09/2024,09:42:29,25479.1,25477.05,125,25480,25,50,1501050
NIFTY-II.NFO,13/09/2024,09:42:30,25480,25478.3,50,25480.85,100,25,1501050
NIFTY-II.NFO,13/09/2024,09:42:32,25480,25477.8,125,25480.65,75,0,1501050
NIFTY-II.NFO,13/09/2024,09:42:34,25480,25477.75,75,25479.8,75,0,1501050
NIFTY-II.NFO,13/09/2024,09:42:35,25480.65,25477.75,125,25478,100,225,1501050
NIFTY-II.NFO,13/09/2024,09:42:37,25477.7,25474.2,125,25476.3,225,50,1501050
NIFTY-II.NFO,13/09/2024,09:42:39,25477.7,25473.55,150,25477.35,250,0,1501050
NIFTY-II.NFO,13/09/2024,09:42:40,25476.2,25473.45,50,25475.6,50,100,1501050
NIFTY-II.NFO,13/09/2024,09:42:42,25476.2,25473.45,50,25473.8,150,0,1501050
NIFTY-II.NFO,13/09/2024,09:42:44,25473.45,25471,25,25472.8,225,50,1503175
NIFTY-II.NFO,13/09/2024,09:42:45,25472.6,25471,25,25472.65,225,50,1503175
NIFTY-II.NFO,13/09/2024,09:42:47,25473.05,25471,25,25473.2,175,500,1503175
NIFTY-II.NFO,13/09/2024,09:42:49,25473.05,25471,25,25473.65,100,0,1503175
NIFTY-II.NFO,13/09/2024,09:42:50,25474.05,25471.1,150,25474.35,100,50,1503175
NIFTY-II.NFO,13/09/2024,09:42:52,25473.05,25471.1,150,25474.65,100,25,1503175
NIFTY-II.NFO,13/09/2024,09:42:54,25473.05,25471.1,150,25474.55,75,0,1503175
NIFTY-II.NFO,13/09/2024,09:42:55,25473.05,25471.1,350,25475.6,100,0,1503175
NIFTY-II.NFO,13/09/2024,09:42:57,25473.05,25471.4,125,25476.1,50,0,1503175
NIFTY-II.NFO,13/09/2024,09:42:59,25473.05,25471.4,125,25475,50,0,1503175
NIFTY-II.NFO,13/09/2024,09:43:00,25473.05,25471.05,150,25473.7,125,0,1503175
NIFTY-II.NFO,13/09/2024,09:43:02,25473.05,25471,25,25473.2,100,0,1503175
NIFTY-II.NFO,13/09/2024,09:43:04,25473.05,25471,25,25473.15,75,0,1503175
NIFTY-II.NFO,13/09/2024,09:43:05,25471.1,25471.1,100,25474.35,75,25,1503175
NIFTY-II.NFO,13/09/2024,09:43:07,25474.75,25471.2,200,25475.75,50,25,1503175
NIFTY-II.NFO,13/09/2024,09:43:09,25474.75,25471.15,150,25475.05,75,0,1503175
NIFTY-II.NFO,13/09/2024,09:43:10,25474.95,25471.15,150,25474.05,250,600,1503175
NIFTY-II.NFO,13/09/2024,09:43:12,25474.95,25471.15,350,25475.75,50,0,1503175
NIFTY-II.NFO,13/09/2024,09:43:14,25473.95,25471.15,150,25475.65,50,25,1503175
NIFTY-II.NFO,13/09/2024,09:43:15,25473.95,25473,25,25474.2,250,0,1503175
NIFTY-II.NFO,13/09/2024,09:43:17,25473.95,25473,25,25474.45,125,0,1503175
NIFTY-II.NFO,13/09/2024,09:43:19,25473,25471.45,200,25476,100,50,1503175
NIFTY-II.NFO,13/09/2024,09:43:20,25473,25473.25,150,25476,100,0,1503175
NIFTY-II.NFO,13/09/2024,09:43:22,25473,25471.2,25,25474.6,250,0,1503175
NIFTY-II.NFO,13/09/2024,09:43:24,25473,25471.2,25,25475.4,250,0,1503175
NIFTY-II.NFO,13/09/2024,09:43:25,25475.8,25471.2,25,25475.2,250,600,1503175
NIFTY-II.NFO,13/09/2024,09:43:27,25475.8,25472.45,325,25476,100,0,1503175
NIFTY-II.NFO,13/09/2024,09:43:29,25476,25472.45,325,25477.35,250,100,1503175
NIFTY-II.NFO,13/09/2024,09:43:30,25476,25472.6,200,25477.95,250,0,1503175
NIFTY-II.NFO,13/09/2024,09:43:32,25479,25476.6,25,25480,125,25,1503175
NIFTY-II.NFO,13/09/2024,09:43:34,25476.6,25476.4,300,25480,75,75,1503175
NIFTY-II.NFO,13/09/2024,09:43:35,25480,25476.9,450,25480,50,25,1503175
NIFTY-II.NFO,13/09/2024,09:43:37,25480,25476.9,450,25480,25,25,1503175
NIFTY-II.NFO,13/09/2024,09:43:39,25480.2,25476.9,450,25480.9,250,200,1503175
NIFTY-II.NFO,13/09/2024,09:43:40,25480.2,25477.95,25,25479.25,250,0,1503175
NIFTY-II.NFO,13/09/2024,09:43:42,25477.95,25474.9,450,25478.75,50,25,1503175
NIFTY-II.NFO,13/09/2024,09:43:44,25477.95,25474.9,450,25478.85,50,0,1503175
NIFTY-II.NFO,13/09/2024,09:43:45,25480.5,25476.3,150,25480.6,250,100,1503175
NIFTY-II.NFO,13/09/2024,09:43:47,25479,25476.55,150,25480.4,50,125,1503175
NIFTY-II.NFO,13/09/2024,09:43:49,25479,25475.8,50,25480.15,100,0,1503175
NIFTY-II.NFO,13/09/2024,09:43:50,25479,25476.2,200,25481,250,0,1503175
NIFTY-II.NFO,13/09/2024,09:43:52,25479,25476.6,200,25477.95,50,0,1503175
NIFTY-II.NFO,13/09/2024,09:43:54,25477.95,25477.8,150,25482.3,50,50,1503175
NIFTY-II.NFO,13/09/2024,09:43:55,25477.95,25478.45,200,25482.3,50,0,1503175
NIFTY-II.NFO,13/09/2024,09:43:57,25477.95,25479.55,200,25482.3,50,0,1503175
NIFTY-II.NFO,13/09/2024,09:43:59,25477.95,25481.05,200,25482.3,50,0,1503175
NIFTY-II.NFO,13/09/2024,09:44:00,25477.95,25479.55,200,25482.3,50,0,1503175
NIFTY-II.NFO,13/09/2024,09:44:02,25477.95,25478.6,150,25482.3,50,0,1503175
NIFTY-II.NFO,13/09/2024,09:44:03,25477.95,25478.6,150,25481.3,50,0,1503175
NIFTY-II.NFO,13/09/2024,09:44:05,25477.95,25476.45,150,25478.6,50,0,1503175
NIFTY-II.NFO,13/09/2024,09:44:07,25478.95,25476.05,200,25480.1,25,50,1503175
NIFTY-II.NFO,13/09/2024,09:44:08,25476.15,25476.15,100,25478.4,25,50,1503175
NIFTY-II.NFO,13/09/2024,09:44:10,25476.15,25474.2,200,25479.1,25,50,1503175
NIFTY-II.NFO,13/09/2024,09:44:12,25476.15,25475.2,500,25479.75,25,0,1503175
NIFTY-II.NFO,13/09/2024,09:44:13,25480.2,25475.9,200,25480.65,25,250,1503175
NIFTY-II.NFO,13/09/2024,09:44:15,25480.2,25477.85,25,25481.9,25,0,1503175
NIFTY-II.NFO,13/09/2024,09:44:16,25480.2,25478.05,200,25482,125,0,1503175
NIFTY-II.NFO,13/09/2024,09:44:18,25480.2,25478.7,200,25482,125,0,1503175
NIFTY-II.NFO,13/09/2024,09:44:19,25478.65,25478.7,25,25482,125,25,1503175
NIFTY-II.NFO,13/09/2024,09:44:21,25482,25480.25,25,25482,75,50,1503175
NIFTY-II.NFO,13/09/2024,09:44:23,25480.25,25480.2,50,25482,75,25,1503175
NIFTY-II.NFO,13/09/2024,09:44:24,25478.75,25478.75,125,25482,50,100,1503175
NIFTY-II.NFO,13/09/2024,09:44:26,25478.75,25478.8,200,25482,50,0,1503175
NIFTY-II.NFO,13/09/2024,09:44:31,25478.75,25478.8,200,25481.9,25,0,1503175
NIFTY-II.NFO,13/09/2024,09:44:33,25478.75,25479.65,250,25481.9,25,0,1503175
NIFTY-II.NFO,13/09/2024,09:44:34,25481.9,25479.15,200,25481.95,25,25,1503175
NIFTY-II.NFO,13/09/2024,09:44:36,25481.9,25480.05,200,25482,50,0,1503175
NIFTY-II.NFO,13/09/2024,09:44:38,25482,25480.55,200,25482,25,25,1503175
NIFTY-II.NFO,13/09/2024,09:44:39,25483.45,25483.5,200,25485.9,50,125,1503175
NIFTY-II.NFO,13/09/2024,09:44:41,25490,25485.2,150,25488.9,25,525,1503175
NIFTY-II.NFO,13/09/2024,09:44:42,25490,25485.15,125,25488.9,25,0,1503175
NIFTY-II.NFO,13/09/2024,09:44:44,25490,25485.2,25,25488.7,50,0,1503175
NIFTY-II.NFO,13/09/2024,09:44:46,25490,25485.2,25,25487.35,25,0,1503175
NIFTY-II.NFO,13/09/2024,09:44:47,25487.35,25485.15,25,25486.75,175,25,1503175
NIFTY-II.NFO,13/09/2024,09:44:49,25487.35,25485.15,25,25488.3,25,0,1503175
NIFTY-II.NFO,13/09/2024,09:44:51,25487.35,25485.4,25,25490,1600,0,1503175
NIFTY-II.NFO,13/09/2024,09:44:52,25487.35,25485.2,25,25488.95,25,0,1503175
NIFTY-II.NFO,13/09/2024,09:44:54,25487.35,25485.2,25,25488.5,250,0,1503175
NIFTY-II.NFO,13/09/2024,09:44:56,25487.35,25485.2,25,25488,250,0,1503175
NIFTY-II.NFO,13/09/2024,09:44:57,25487.35,25485.2,25,25488.25,25,0,1503175
NIFTY-II.NFO,13/09/2024,09:44:59,25487.35,25486.2,50,25489.95,25,0,1503175
NIFTY-II.NFO,13/09/2024,09:45:00,25487.35,25487.45,25,25489,25,0,1503175
NIFTY-II.NFO,13/09/2024,09:45:02,25489,25487.45,25,25490,1575,25,1503175
NIFTY-II.NFO,13/09/2024,09:45:04,25489,25487.45,25,25490,1575,0,1503175
NIFTY-II.NFO,13/09/2024,09:45:07,25489,25488.6,50,25490,1575,0,1503175
NIFTY-II.NFO,13/09/2024,09:45:09,25490,25489,50,25490,1500,75,1503175
NIFTY-II.NFO,13/09/2024,09:45:10,25490,25488.7,25,25490,1500,0,1503175
NIFTY-II.NFO,13/09/2024,09:45:12,25490,25487.95,25,25490,1500,0,1503175
NIFTY-II.NFO,13/09/2024,09:45:15,25490,25488.5,25,25489.95,25,0,1503175
NIFTY-II.NFO,13/09/2024,09:45:17,25490,25492.6,25,25497.5,175,1525,1503175
NIFTY-II.NFO,13/09/2024,09:45:19,25491,25490.95,25,25494.95,25,500,1503175
NIFTY-II.NFO,13/09/2024,09:45:21,25491,25489.15,50,25493.95,25,0,1503175
NIFTY-II.NFO,13/09/2024,09:45:22,25491,25489.15,50,25494.4,200,0,1503175
NIFTY-II.NFO,13/09/2024,09:45:24,25491,25488.85,25,25492.95,25,0,1503175
NIFTY-II.NFO,13/09/2024,09:45:26,25491,25490,25,25492,25,0,1503175
NIFTY-II.NFO,13/09/2024,09:45:27,25491,25490.5,25,25492,25,0,1503175
NIFTY-II.NFO,13/09/2024,09:45:32,25491,25490.05,25,25491,25,0,1503175
NIFTY-II.NFO,13/09/2024,09:45:36,25491,25490.1,50,25492,25,25,1503175
NIFTY-II.NFO,13/09/2024,09:45:37,25491,25491.2,50,25492,25,0,1503175
NIFTY-II.NFO,13/09/2024,09:45:39,25491,25490.05,25,25491,1775,25,1503175
NIFTY-II.NFO,13/09/2024,09:45:41,25490.95,25490.6,25,25491,1775,25,1503175
NIFTY-II.NFO,13/09/2024,09:45:42,25491,25490.7,125,25491,1650,125,1502575
NIFTY-II.NFO,13/09/2024,09:45:44,25490.6,25489.7,125,25491,1650,25,1502575
NIFTY-II.NFO,13/09/2024,09:45:46,25492,25491.95,50,25495,25,1700,1502575
NIFTY-II.NFO,13/09/2024,09:45:47,25492,25492.75,125,25495,25,0,1502575
NIFTY-II.NFO,13/09/2024,09:45:49,25495,25492.85,25,25497.75,200,25,1502575
NIFTY-II.NFO,13/09/2024,09:45:51,25497.95,25494.05,125,25498,25,25,1502575
NIFTY-II.NFO,13/09/2024,09:45:52,25497.95,25494.15,25,25496.95,25,0,1502575
NIFTY-II.NFO,13/09/2024,09:45:54,25496.9,25492.25,25,25497.5,200,375,1502575
NIFTY-II.NFO,13/09/2024,09:45:56,25496.9,25493.9,25,25497.85,25,0,1502575
NIFTY-II.NFO,13/09/2024,09:45:57,25496.9,25492.8,25,25497.8,225,0,1502575
NIFTY-II.NFO,13/09/2024,09:45:59,25497.8,25495,475,25497.8,200,25,1502575
NIFTY-II.NFO,13/09/2024,09:46:01,25495,25495,425,25497.45,25,75,1502575
NIFTY-II.NFO,13/09/2024,09:46:02,25497.45,25495,400,25498,25,50,1502575
NIFTY-II.NFO,13/09/2024,09:46:04,25497.45,25495,400,25497.95,25,0,1502575
NIFTY-II.NFO,13/09/2024,09:46:07,25497.45,25495.25,25,25497.95,25,0,1502575
NIFTY-II.NFO,13/09/2024,09:46:09,25497.45,25496.9,25,25497.95,25,0,1502575
NIFTY-II.NFO,13/09/2024,09:46:12,25497.4,25496.25,125,25497.95,25,25,1502575
NIFTY-II.NFO,13/09/2024,09:46:14,25497.45,25495,400,25497.9,25,225,1502575
NIFTY-II.NFO,13/09/2024,09:46:16,25497.45,25495,400,25497.85,200,0,1502575
NIFTY-II.NFO,13/09/2024,09:46:17,25497.45,25495,400,25496.65,25,0,1502575
NIFTY-II.NFO,13/09/2024,09:46:19,25495.55,25495.05,25,25495.45,25,200,1502575
NIFTY-II.NFO,13/09/2024,09:46:20,25495,25495,225,25495.7,200,175,1502575
NIFTY-II.NFO,13/09/2024,09:46:22,25495,25495,200,25496.75,275,25,1502575
NIFTY-II.NFO,13/09/2024,09:46:24,25495,25495,200,25496.75,275,0,1502575
NIFTY-II.NFO,13/09/2024,09:46:25,25495,25495.05,25,25497.9,25,0,1502575
NIFTY-II.NFO,13/09/2024,09:46:27,25495,25495.05,25,25497.8,200,0,1502575
NIFTY-II.NFO,13/09/2024,09:46:29,25495,25495.05,25,25497.85,25,0,1502575
NIFTY-II.NFO,13/09/2024,09:46:30,25497.8,25495,200,25497.85,25,75,1502575
NIFTY-II.NFO,13/09/2024,09:46:32,25497.8,25495,200,25496.9,25,0,1502575
NIFTY-II.NFO,13/09/2024,09:46:35,25496.9,25495,200,25496.95,25,25,1502575
NIFTY-II.NFO,13/09/2024,09:46:37,25496.9,25495.8,25,25496.95,25,0,1502575
NIFTY-II.NFO,13/09/2024,09:46:40,25496.9,25495.8,25,25496.9,25,0,1502575
NIFTY-II.NFO,13/09/2024,09:46:45,25496.45,25495.8,25,25496.45,25,25,1502575
NIFTY-II.NFO,13/09/2024,09:46:47,25495,25490,625,25494.8,200,225,1502575
NIFTY-II.NFO,13/09/2024,09:46:48,25495,25490,625,25493.25,25,0,1502575
NIFTY-II.NFO,13/09/2024,09:46:50,25495,25490,625,25492.1,200,0,1502575
NIFTY-II.NFO,13/09/2024,09:46:52,25490,25490,600,25491.25,200,25,1502575
NIFTY-II.NFO,13/09/2024,09:46:53,25490,25490,600,25491.95,275,0,1502575
NIFTY-II.NFO,13/09/2024,09:46:55,25490,25490,600,25490.35,200,0,1502575
NIFTY-II.NFO,13/09/2024,09:46:57,25490,25485,25,25487.85,200,600,1502575
NIFTY-II.NFO,13/09/2024,09:46:58,25487.9,25485,25,25488.1,200,25,1502575
NIFTY-II.NFO,13/09/2024,09:47:00,25487.9,25485,25,25488.45,200,0,1502575
NIFTY-II.NFO,13/09/2024,09:47:01,25487.9,25485,25,25488.05,200,0,1502575
NIFTY-II.NFO,13/09/2024,09:47:03,25487.9,25485,25,25485.85,200,0,1502575
NIFTY-II.NFO,13/09/2024,09:47:05,25487.9,25485,25,25485.7,50,0,1502575
NIFTY-II.NFO,13/09/2024,09:47:06,25480.2,25480,25,25482.05,50,50,1502575
NIFTY-II.NFO,13/09/2024,09:47:08,25480.05,25480.05,125,25483.95,25,25,1502575
NIFTY-II.NFO,13/09/2024,09:47:10,25485.15,25480.7,125,25485.7,50,125,1502575
NIFTY-II.NFO,13/09/2024,09:47:11,25480.05,25483.5,100,25488.5,50,25,1502575
NIFTY-II.NFO,13/09/2024,09:47:13,25483.95,25484.05,50,25487.95,25,125,1502575
NIFTY-II.NFO,13/09/2024,09:47:15,25487.9,25487.9,25,25488.8,50,100,1502575
NIFTY-II.NFO,13/09/2024,09:47:16,25488.75,25487.95,25,25489.85,200,25,1502575
NIFTY-II.NFO,13/09/2024,09:47:18,25487.95,25487.9,25,25489.65,200,25,1502575
NIFTY-II.NFO,13/09/2024,09:47:19,25487.95,25487.9,25,25490.7,25,0,1502575
NIFTY-II.NFO,13/09/2024,09:47:21,25487.95,25487.9,25,25488.95,25,0,1502575
NIFTY-II.NFO,13/09/2024,09:47:23,25489,25488.95,50,25491,50,75,1502575
NIFTY-II.NFO,13/09/2024,09:47:24,25490.65,25490.5,25,25491,50,25,1502575
NIFTY-II.NFO,13/09/2024,09:47:26,25490.65,25489.75,25,25491,50,0,1502575
NIFTY-II.NFO,13/09/2024,09:47:28,25490.65,25487.9,25,25491,50,0,1502575
NIFTY-II.NFO,13/09/2024,09:47:29,25487.9,25485.15,25,25488.95,25,25,1502575
NIFTY-II.NFO,13/09/2024,09:47:31,25487.9,25486.55,50,25491,50,0,1502575
NIFTY-II.NFO,13/09/2024,09:47:33,25487.9,25485.6,50,25490.95,25,0,1502575
NIFTY-II.NFO,13/09/2024,09:47:34,25487.9,25485.95,25,25489.95,25,0,1502575
NIFTY-II.NFO,13/09/2024,09:47:36,25486.55,25485.4,50,25490,25,75,1502575
NIFTY-II.NFO,13/09/2024,09:47:38,25486.55,25487,50,25490,25,0,1502575
NIFTY-II.NFO,13/09/2024,09:47:39,25486.55,25486.95,50,25490,25,0,1502575
NIFTY-II.NFO,13/09/2024,09:47:41,25486.55,25487.6,125,25490,25,0,1502575
NIFTY-II.NFO,13/09/2024,09:47:43,25490,25489.2,50,25491,50,50,1502575
NIFTY-II.NFO,13/09/2024,09:47:44,25490,25490,25,25491,50,25,1502575
NIFTY-II.NFO,13/09/2024,09:47:46,25490,25488.75,50,25491,50,0,1502575
NIFTY-II.NFO,13/09/2024,09:47:48,25490,25489.65,50,25491,50,0,1502575
NIFTY-II.NFO,13/09/2024,09:47:49,25490,25490.1,50,25491,50,0,1502575
NIFTY-II.NFO,13/09/2024,09:47:51,25495,25491.5,100,25495,25,200,1502575
NIFTY-II.NFO,13/09/2024,09:47:52,25491.5,25490.95,50,25494.95,25,25,1502575
NIFTY-II.NFO,13/09/2024,09:47:54,25491.5,25492.9,50,25495,25,0,1502575
NIFTY-II.NFO,13/09/2024,09:47:56,25491.5,25492.35,50,25495,25,0,1502575
NIFTY-II.NFO,13/09/2024,09:47:57,25491.5,25492.6,250,25495,25,0,1502575
NIFTY-II.NFO,13/09/2024,09:47:59,25491.5,25493.25,125,25495,25,0,1502575
NIFTY-II.NFO,13/09/2024,09:48:01,25491.5,25492.55,250,25495,25,0,1502575
NIFTY-II.NFO,13/09/2024,09:48:02,25490.65,25490.8,50,25495.95,225,225,1502575
NIFTY-II.NFO,13/09/2024,09:48:04,25490.65,25490.6,125,25495.9,200,0,1502575
NIFTY-II.NFO,13/09/2024,09:48:05,25490.65,25490,75,25494.1,200,0,1502575
NIFTY-II.NFO,13/09/2024,09:48:07,25490.65,25490,75,25495.2,200,0,1502575
NIFTY-II.NFO,13/09/2024,09:48:09,25490.65,25491.45,50,25496,275,0,1502575
NIFTY-II.NFO,13/09/2024,09:48:10,25490.65,25491.4,50,25495.95,200,0,1502575
NIFTY-II.NFO,13/09/2024,09:48:12,25490.65,25491.65,50,25496,275,0,1502575
NIFTY-II.NFO,13/09/2024,09:48:14,25490.65,25492.1,50,25496,275,0,1502575
NIFTY-II.NFO,13/09/2024,09:48:15,25490.65,25491.15,100,25496,275,0,1502575
NIFTY-II.NFO,13/09/2024,09:48:17,25491.15,25490,75,25494,25,25,1502575
NIFTY-II.NFO,13/09/2024,09:48:19,25494,25490.95,250,25495.95,200,25,1502575
NIFTY-II.NFO,13/09/2024,09:48:20,25495.95,25491.15,100,25495.95,200,100,1502575
NIFTY-II.NFO,13/09/2024,09:48:22,25495.95,25491.95,75,25496,275,0,1502575
NIFTY-II.NFO,13/09/2024,09:48:24,25495.95,25492.85,25,25496,275,0,1502575
NIFTY-II.NFO,13/09/2024,09:48:25,25496,25493,125,25496,250,25,1502575
NIFTY-II.NFO,13/09/2024,09:48:27,25496,25492.3,50,25496,200,50,1502575
NIFTY-II.NFO,13/09/2024,09:48:29,25496,25493.3,125,25496,175,25,1502575
NIFTY-II.NFO,13/09/2024,09:48:30,25496,25494.3,25,25496,150,25,1502575
NIFTY-II.NFO,13/09/2024,09:48:32,25496,25494.3,25,25496,150,0,1502575
NIFTY-II.NFO,13/09/2024,09:48:34,25496,25494.8,25,25496,150,0,1502575
NIFTY-II.NFO,13/09/2024,09:48:35,25496,25495.5,125,25496,100,50,1502575
NIFTY-II.NFO,13/09/2024,09:48:37,25496,25496.2,25,25497,100,100,1502575
NIFTY-II.NFO,13/09/2024,09:48:39,25496,25496.2,25,25497,100,0,1502575
NIFTY-II.NFO,13/09/2024,09:48:40,25496,25493.25,25,25496.95,200,0,1502575
NIFTY-II.NFO,13/09/2024,09:48:44,25496,25492.95,25,25497,100,0,1502575
NIFTY-II.NFO,13/09/2024,09:48:45,25496,25493,25,25495.95,200,0,1502575
NIFTY-II.NFO,13/09/2024,09:48:47,25496,25492.05,50,25496,50,0,1502575
NIFTY-II.NFO,13/09/2024,09:48:49,25496,25492.25,25,25495.95,200,0,1502575
NIFTY-II.NFO,13/09/2024,09:48:50,25496,25491.3,100,25495.95,200,0,1502575
NIFTY-II.NFO,13/09/2024,09:48:52,25496,25491.4,100,25495.95,200,0,1502575
NIFTY-II.NFO,13/09/2024,09:48:54,25495.95,25491.85,125,25496,50,25,1501625
NIFTY-II.NFO,13/09/2024,09:48:55,25495.95,25491.2,25,25495.6,200,0,1501625
NIFTY-II.NFO,13/09/2024,09:48:57,25495.95,25492.1,25,25495.9,75,0,1501625
NIFTY-II.NFO,13/09/2024,09:48:59,25495.95,25493.1,25,25495.9,75,0,1501625
NIFTY-II.NFO,13/09/2024,09:49:00,25495.9,25493.1,150,25495.9,50,25,1501625
NIFTY-II.NFO,13/09/2024,09:49:02,25495.9,25493.1,25,25495.9,50,0,1501625
NIFTY-II.NFO,13/09/2024,09:49:04,25495.9,25491.95,25,25495.85,200,0,1501625
NIFTY-II.NFO,13/09/2024,09:49:05,25495.9,25491.2,25,25494.85,200,0,1501625
NIFTY-II.NFO,13/09/2024,09:49:07,25495.2,25491.15,25,25495.85,200,50,1501625
NIFTY-II.NFO,13/09/2024,09:49:09,25495,25490.1,125,25493.65,200,175,1501625
NIFTY-II.NFO,13/09/2024,09:49:10,25495,25490.1,125,25493.95,200,0,1501625
NIFTY-II.NFO,13/09/2024,09:49:12,25493.95,25490.25,200,25495.85,200,25,1501625
NIFTY-II.NFO,13/09/2024,09:49:14,25493.95,25490.25,200,25495.45,200,0,1501625
NIFTY-II.NFO,13/09/2024,09:49:15,25493.95,25490.5,200,25494.95,25,0,1501625
NIFTY-II.NFO,13/09/2024,09:49:17,25493.95,25494,25,25495.9,50,0,1501625
NIFTY-II.NFO,13/09/2024,09:49:22,25495.95,25494,25,25496,700,100,1501625
NIFTY-II.NFO,13/09/2024,09:49:24,25495.95,25494,25,25496,700,0,1501625
NIFTY-II.NFO,13/09/2024,09:49:34,25494,25493.85,125,25494,75,25,1501625
NIFTY-II.NFO,13/09/2024,09:49:35,25494,25495.5,50,25496,600,75,1501625
NIFTY-II.NFO,13/09/2024,09:49:37,25496,25495.15,125,25496,100,500,1501625
NIFTY-II.NFO,13/09/2024,09:49:38,25496,25496.5,125,25497,25,150,1501625
NIFTY-II.NFO,13/09/2024,09:49:40,25496.25,25494.35,425,25497.9,25,100,1501625
NIFTY-II.NFO,13/09/2024,09:49:42,25494.3,25494,25,25497.9,25,150,1501625
NIFTY-II.NFO,13/09/2024,09:49:43,25494.3,25494,25,25496,25,0,1501625
NIFTY-II.NFO,13/09/2024,09:49:45,25494.3,25494,25,25496,50,0,1501625
NIFTY-II.NFO,13/09/2024,09:49:48,25494,25492.25,25,25494.3,25,25,1501625
NIFTY-II.NFO,13/09/2024,09:49:50,25494.3,25491.95,125,25496,50,25,1501625
NIFTY-II.NFO,13/09/2024,09:49:52,25494.3,25493.25,25,25496,50,0,1501625
NIFTY-II.NFO,13/09/2024,09:49:53,25494.3,25494.8,125,25496,50,0,1501625
NIFTY-II.NFO,13/09/2024,09:49:55,25494.3,25494,25,25496,50,0,1501625
NIFTY-II.NFO,13/09/2024,09:49:56,25494,25492.65,325,25496,25,25,1501625
NIFTY-II.NFO,13/09/2024,09:49:58,25494,25492.6,25,25496,25,0,1501625
