Ticker,Date,Time,LTP,BuyPrice,BuyQty,SellPrice,SellQty,LTQ,OpenInterest
NIFTY-III.NFO,13/09/2024,09:15:00,25536.7,25608.75,75,25628.95,100,25,355875
NIFTY-III.NFO,13/09/2024,09:15:00,25536.7,25608.75,75,25628.95,100,0,355875
NIFTY-III.NFO,13/09/2024,09:15:00,25536.7,25608.75,75,25628.95,100,0,355875
NIFTY-III.NFO,13/09/2024,09:15:00,25536.7,25608.75,75,25628.95,100,0,355875
NIFTY-III.NFO,13/09/2024,09:15:01,25610.15,25605.15,25,25618.25,100,50,355875
NIFTY-III.NFO,13/09/2024,09:15:01,25610.15,25605.15,25,25618.25,100,0,355875
NIFTY-III.NFO,13/09/2024,09:15:02,25616.8,25598.95,100,25617.85,75,150,355875
NIFTY-III.NFO,13/09/2024,09:15:02,25616.8,25598.95,100,25617.85,75,0,355875
NIFTY-III.NFO,13/09/2024,09:15:03,25600,25594.2,100,25613.3,75,25,355875
NIFTY-III.NFO,13/09/2024,09:15:04,25600,25597,100,25615.65,75,0,355875
NIFTY-III.NFO,13/09/2024,09:15:05,25600,25594.2,100,25608.9,125,0,355875
NIFTY-III.NFO,13/09/2024,09:15:06,25600,25594.2,75,25612,100,175,355875
NIFTY-III.NFO,13/09/2024,09:15:07,25617.55,25597.05,100,25617.55,100,25,355875
NIFTY-III.NFO,13/09/2024,09:15:07,25617.55,25597.05,100,25617.55,100,0,355875
NIFTY-III.NFO,13/09/2024,09:15:08,25617.15,25602.55,100,25617.15,75,25,355875
NIFTY-III.NFO,13/09/2024,09:15:09,25617.55,25602.2,75,25617.55,100,600,355875
NIFTY-III.NFO,13/09/2024,09:15:09,25618.35,25602.2,75,25617.55,100,0,355875
NIFTY-III.NFO,13/09/2024,09:15:10,25617.55,25604.1,75,25618.95,100,0,355875
NIFTY-III.NFO,13/09/2024,09:15:11,25618.3,25602.55,100,25620.95,100,900,355875
NIFTY-III.NFO,13/09/2024,09:15:12,25615.95,25604.05,100,25615.95,75,25,355875
NIFTY-III.NFO,13/09/2024,09:15:13,25615.95,25604.45,100,25615.95,75,0,355875
NIFTY-III.NFO,13/09/2024,09:15:14,25605.6,25605.7,75,25615.95,100,50,355875
NIFTY-III.NFO,13/09/2024,09:15:15,25606.6,25606.9,50,25615.95,100,25,355875
NIFTY-III.NFO,13/09/2024,09:15:16,25602.3,25603.7,250,25615.95,100,550,355875
NIFTY-III.NFO,13/09/2024,09:15:17,25603.2,25599.05,25,25614.8,100,50,355875
NIFTY-III.NFO,13/09/2024,09:15:18,25603.2,25599.55,25,25614.8,100,0,355875
NIFTY-III.NFO,13/09/2024,09:15:19,25603.2,25600.05,25,25613,100,0,355875
NIFTY-III.NFO,13/09/2024,09:15:20,25603.2,25599.05,25,25607.65,100,0,355875
NIFTY-III.NFO,13/09/2024,09:15:21,25603.2,25599.05,25,25607.95,100,0,355875
NIFTY-III.NFO,13/09/2024,09:15:22,25603.2,25599.1,50,25611.1,100,0,355875
NIFTY-III.NFO,13/09/2024,09:15:23,25603.2,25594.45,50,25609.75,100,75,355875
NIFTY-III.NFO,13/09/2024,09:15:24,25603.2,25603.2,25,25610.45,100,0,355875
NIFTY-III.NFO,13/09/2024,09:15:25,25603.2,25603.2,25,25609.95,100,0,355875
NIFTY-III.NFO,13/09/2024,09:15:26,25603,25600,1000,25602.6,150,100,355875
NIFTY-III.NFO,13/09/2024,09:15:27,25600.65,25600,1000,25600.6,100,50,355875
NIFTY-III.NFO,13/09/2024,09:15:28,25600,25600,875,25603,25,125,355875
NIFTY-III.NFO,13/09/2024,09:15:29,25600,25600,875,25603,25,0,355875
NIFTY-III.NFO,13/09/2024,09:15:30,25600,25600,875,25602.3,250,0,355875
NIFTY-III.NFO,13/09/2024,09:15:31,25600,25600,875,25602.85,250,0,355875
NIFTY-III.NFO,13/09/2024,09:15:33,25600,25600,925,25600.9,150,25,355875
NIFTY-III.NFO,13/09/2024,09:15:34,25600.6,25600.6,300,25600.9,150,25,355875
NIFTY-III.NFO,13/09/2024,09:15:35,25600.9,25600.6,300,25603,25,150,355875
NIFTY-III.NFO,13/09/2024,09:15:36,25600.6,25600.6,100,25603,25,125,355875
NIFTY-III.NFO,13/09/2024,09:15:37,25603,25600.6,150,25604.35,250,50,356275
NIFTY-III.NFO,13/09/2024,09:15:38,25600.6,25600.6,100,25604.2,25,50,356275
NIFTY-III.NFO,13/09/2024,09:15:39,25600.6,25600.6,25,25601,250,0,356275
NIFTY-III.NFO,13/09/2024,09:15:40,25600,25600,425,25604.7,25,525,356275
NIFTY-III.NFO,13/09/2024,09:15:41,25600,25603,100,25605,25,0,356275
NIFTY-III.NFO,13/09/2024,09:15:43,25603,25603,50,25605,25,125,356275
NIFTY-III.NFO,13/09/2024,09:15:44,25603,25603,50,25605,25,0,356275
NIFTY-III.NFO,13/09/2024,09:15:45,25603,25603,25,25605,25,25,356275
NIFTY-III.NFO,13/09/2024,09:15:46,25603.15,25602.85,25,25604.15,25,175,356275
NIFTY-III.NFO,13/09/2024,09:15:47,25602.85,25602.4,75,25603.95,25,25,356275
NIFTY-III.NFO,13/09/2024,09:15:48,25603.65,25602.4,25,25605,25,150,356275
NIFTY-III.NFO,13/09/2024,09:15:49,25603.65,25600,475,25605,150,0,356275
NIFTY-III.NFO,13/09/2024,09:15:50,25603.65,25600,400,25603.9,100,0,356275
NIFTY-III.NFO,13/09/2024,09:15:51,25603,25600,400,25603.9,100,25,356275
NIFTY-III.NFO,13/09/2024,09:15:52,25603,25600,400,25602.95,175,0,356275
NIFTY-III.NFO,13/09/2024,09:15:53,25602.85,25600,400,25602.95,175,100,356275
NIFTY-III.NFO,13/09/2024,09:15:54,25602.85,25600,400,25602.95,175,0,356275
NIFTY-III.NFO,13/09/2024,09:15:55,25600,25600,275,25602.9,100,150,356275
NIFTY-III.NFO,13/09/2024,09:15:56,25600,25600,275,25602.9,100,0,356275
NIFTY-III.NFO,13/09/2024,09:15:57,25600,25600,275,25601.65,100,0,356275
NIFTY-III.NFO,13/09/2024,09:15:59,25598.5,25598.5,25,25599.95,100,300,356275
NIFTY-III.NFO,13/09/2024,09:16:00,25602.95,25599.85,100,25600,25,150,356275
NIFTY-III.NFO,13/09/2024,09:16:01,25605,25602.45,75,25609.8,100,275,356275
NIFTY-III.NFO,13/09/2024,09:16:02,25605,25602.45,75,25609.95,100,0,356275
NIFTY-III.NFO,13/09/2024,09:16:03,25605,25607.95,25,25609.95,100,0,356275
NIFTY-III.NFO,13/09/2024,09:16:04,25607.95,25607.95,25,25609.95,100,25,356275
NIFTY-III.NFO,13/09/2024,09:16:05,25608.6,25608.35,75,25610,75,100,356275
NIFTY-III.NFO,13/09/2024,09:16:06,25610,25608.4,50,25610,50,25,356275
NIFTY-III.NFO,13/09/2024,09:16:07,25608.4,25608.4,25,25613,25,75,356275
NIFTY-III.NFO,13/09/2024,09:16:08,25608.4,25608.4,75,25613,25,0,356275
NIFTY-III.NFO,13/09/2024,09:16:09,25608.4,25608.35,75,25613,25,25,356275
NIFTY-III.NFO,13/09/2024,09:16:10,25608.4,25606.4,75,25612.95,100,0,356275
NIFTY-III.NFO,13/09/2024,09:16:11,25608.4,25606.45,50,25613,25,0,356275
NIFTY-III.NFO,13/09/2024,09:16:12,25608.4,25606.85,125,25613,25,0,356275
NIFTY-III.NFO,13/09/2024,09:16:13,25608.4,25607.15,125,25610,25,0,356275
NIFTY-III.NFO,13/09/2024,09:16:14,25607.15,25608.4,225,25610,25,25,356275
NIFTY-III.NFO,13/09/2024,09:16:15,25615,25615,5900,25616,75,200,356275
NIFTY-III.NFO,13/09/2024,09:16:16,25615,25615,5875,25616,50,50,356275
NIFTY-III.NFO,13/09/2024,09:16:17,25615,25615,5875,25616,50,0,356275
NIFTY-III.NFO,13/09/2024,09:16:18,25615,25615,5850,25616,50,25,356275
NIFTY-III.NFO,13/09/2024,09:16:19,25615,25615,5850,25616,50,0,356275
NIFTY-III.NFO,13/09/2024,09:16:20,25615,25615,5775,25616,50,0,356275
NIFTY-III.NFO,13/09/2024,09:16:22,25615,25615,5675,25620,75,250,356275
NIFTY-III.NFO,13/09/2024,09:16:22,25619.95,25615,5675,25620,75,0,356275
NIFTY-III.NFO,13/09/2024,09:16:23,25615,25615.05,50,25619.95,100,0,356275
NIFTY-III.NFO,13/09/2024,09:16:24,25615.05,25615,5725,25620,75,25,356275
NIFTY-III.NFO,13/09/2024,09:16:25,25615.05,25615,5725,25620,75,0,356275
NIFTY-III.NFO,13/09/2024,09:16:26,25615,25615,5700,25620,25,75,356275
NIFTY-III.NFO,13/09/2024,09:16:26,25620,25615,5700,25620,25,0,356275
NIFTY-III.NFO,13/09/2024,09:16:27,25615,25615,5700,25619.95,100,0,356275
NIFTY-III.NFO,13/09/2024,09:16:28,25619.95,25615.05,25,25619.95,100,125,356275
NIFTY-III.NFO,13/09/2024,09:16:29,25619.95,25615.05,75,25620,25,0,356275
NIFTY-III.NFO,13/09/2024,09:16:32,25615,25615,5550,25620,25,125,356275
NIFTY-III.NFO,13/09/2024,09:16:33,25615,25615,5550,25620,100,0,356275
NIFTY-III.NFO,13/09/2024,09:16:34,25619,25615,5500,25615.55,25,25,356275
NIFTY-III.NFO,13/09/2024,09:16:35,25619,25615,5500,25615.55,25,0,356275
NIFTY-III.NFO,13/09/2024,09:16:36,25619,25615,5550,25615.55,25,0,356275
NIFTY-III.NFO,13/09/2024,09:16:37,25615.55,25615,5525,25618.1,75,50,356275
NIFTY-III.NFO,13/09/2024,09:16:38,25615.55,25615,5550,25619,100,0,356275
NIFTY-III.NFO,13/09/2024,09:16:39,25615.55,25615,5550,25619,50,0,356275
NIFTY-III.NFO,13/09/2024,09:16:40,25615,25615,5300,25619,75,250,356275
NIFTY-III.NFO,13/09/2024,09:16:41,25619,25615.55,25,25619,25,50,356275
NIFTY-III.NFO,13/09/2024,09:16:42,25615.55,25615,5300,25619,325,25,356275
NIFTY-III.NFO,13/09/2024,09:16:43,25619,25615,5450,25619,300,25,356275
NIFTY-III.NFO,13/09/2024,09:16:44,25619,25615,5450,25619,300,0,356275
NIFTY-III.NFO,13/09/2024,09:16:46,25615,25615,5350,25619,300,100,356275
NIFTY-III.NFO,13/09/2024,09:16:47,25615,25615.05,75,25619,300,0,356275
NIFTY-III.NFO,13/09/2024,09:16:49,25615,25616.8,125,25619,300,0,356275
NIFTY-III.NFO,13/09/2024,09:16:50,25615,25616.85,325,25619,300,0,356275
NIFTY-III.NFO,13/09/2024,09:16:51,25619,25616.8,75,25619,150,150,356275
NIFTY-III.NFO,13/09/2024,09:16:52,25619,25616,150,25619,175,100,356275
NIFTY-III.NFO,13/09/2024,09:16:53,25616,25616,125,25619,200,25,356275
NIFTY-III.NFO,13/09/2024,09:16:54,25616,25616.8,100,25619,200,0,356275
NIFTY-III.NFO,13/09/2024,09:16:58,25619,25616.65,75,25619,125,175,356275
NIFTY-III.NFO,13/09/2024,09:16:59,25616.65,25616.65,50,25619,150,25,356275
NIFTY-III.NFO,13/09/2024,09:17:00,25620,25616.65,100,25620,25,225,356275
NIFTY-III.NFO,13/09/2024,09:17:01,25616.5,25616.35,75,25620,25,175,356275
NIFTY-III.NFO,13/09/2024,09:17:02,25619,25616.4,25,25619,25,25,356275
NIFTY-III.NFO,13/09/2024,09:17:03,25620,25616.4,25,25623.95,50,50,356275
NIFTY-III.NFO,13/09/2024,09:17:04,25618.3,25618.25,325,25623.65,25,25,356275
NIFTY-III.NFO,13/09/2024,09:17:05,25618.3,25618.25,75,25623.6,175,0,356275
NIFTY-III.NFO,13/09/2024,09:17:06,25618.3,25616.5,75,25619,100,0,356275
NIFTY-III.NFO,13/09/2024,09:17:07,25619,25616.55,25,25620,50,100,356275
NIFTY-III.NFO,13/09/2024,09:17:08,25619,25616,25,25620,50,0,356275
NIFTY-III.NFO,13/09/2024,09:17:09,25620,25615.6,100,25623.1,100,75,356275
NIFTY-III.NFO,13/09/2024,09:17:10,25615,25615.05,25,25623.55,100,375,356275
NIFTY-III.NFO,13/09/2024,09:17:11,25615,25616,100,25623.6,100,0,356275
NIFTY-III.NFO,13/09/2024,09:17:12,25616,25616.05,50,25623.6,100,25,356275
NIFTY-III.NFO,13/09/2024,09:17:13,25616,25616.85,25,25623.6,25,0,356275
NIFTY-III.NFO,13/09/2024,09:17:14,25616,25616.85,25,25619,25,0,356275
NIFTY-III.NFO,13/09/2024,09:17:15,25623.6,25616.1,25,25623.6,50,75,356275
NIFTY-III.NFO,13/09/2024,09:17:15,25623.6,25616.1,25,25623.6,50,0,356275
NIFTY-III.NFO,13/09/2024,09:17:16,25623.6,25616.9,25,25623.65,100,0,356275
NIFTY-III.NFO,13/09/2024,09:17:17,25623.6,25616.9,25,25623.65,25,0,356275
NIFTY-III.NFO,13/09/2024,09:17:18,25623.6,25618.15,325,25623.65,25,0,356275
NIFTY-III.NFO,13/09/2024,09:17:19,25623.6,25618.2,25,25623.65,25,0,356275
NIFTY-III.NFO,13/09/2024,09:17:20,25623.5,25615.35,25,25623.6,175,25,356275
NIFTY-III.NFO,13/09/2024,09:17:21,25623,25616.5,100,25624.9,175,50,356275
NIFTY-III.NFO,13/09/2024,09:17:22,25624.9,25617.85,25,25624.9,175,25,356275
NIFTY-III.NFO,13/09/2024,09:17:22,25624.9,25617.85,25,25624.9,175,0,356275
NIFTY-III.NFO,13/09/2024,09:17:23,25617.85,25617.8,75,25624.9,175,25,356275
NIFTY-III.NFO,13/09/2024,09:17:24,25617.85,25617.8,75,25624.9,175,0,356275
NIFTY-III.NFO,13/09/2024,09:17:25,25624.9,25616.55,100,25624.85,100,200,356275
NIFTY-III.NFO,13/09/2024,09:17:26,25624.9,25616.55,100,25624.85,100,0,356275
NIFTY-III.NFO,13/09/2024,09:17:27,25616.95,25617.05,150,25624.9,100,25,356275
NIFTY-III.NFO,13/09/2024,09:17:28,25616.95,25623,25,25624.9,100,0,356275
NIFTY-III.NFO,13/09/2024,09:17:29,25616.95,25623,25,25624.9,175,0,356275
NIFTY-III.NFO,13/09/2024,09:17:31,25623,25617.05,100,25620,25,50,356275
NIFTY-III.NFO,13/09/2024,09:17:32,25623,25617.05,100,25620,25,0,356275
NIFTY-III.NFO,13/09/2024,09:17:33,25623,25617.05,175,25620,25,0,356275
NIFTY-III.NFO,13/09/2024,09:17:34,25620,25617.05,175,25624.8,100,25,356275
NIFTY-III.NFO,13/09/2024,09:17:35,25620,25617.25,100,25624.8,175,0,356275
NIFTY-III.NFO,13/09/2024,09:17:36,25617.2,25617.05,75,25624.9,175,250,356275
NIFTY-III.NFO,13/09/2024,09:17:37,25617.2,25617.1,275,25624.9,100,0,356275
NIFTY-III.NFO,13/09/2024,09:17:38,25617.2,25618.1,325,25624.9,100,0,356275
NIFTY-III.NFO,13/09/2024,09:17:39,25617.2,25618.1,325,25624.9,175,0,356275
NIFTY-III.NFO,13/09/2024,09:17:40,25620,25618.1,75,25620,75,25,356275
NIFTY-III.NFO,13/09/2024,09:17:41,25620,25617.65,325,25620,75,0,356275
NIFTY-III.NFO,13/09/2024,09:17:42,25622.1,25617,100,25622.95,175,100,356275
NIFTY-III.NFO,13/09/2024,09:17:43,25622.1,25617,25,25622.95,175,0,356275
NIFTY-III.NFO,13/09/2024,09:17:44,25622.95,25617.05,125,25622.95,100,50,356275
NIFTY-III.NFO,13/09/2024,09:17:45,25622.95,25617.05,125,25622.95,100,0,356275
NIFTY-III.NFO,13/09/2024,09:17:46,25622.95,25617.05,125,25623,100,0,356275
NIFTY-III.NFO,13/09/2024,09:17:47,25622.95,25617.25,50,25623,100,0,356275
NIFTY-III.NFO,13/09/2024,09:17:48,25622.95,25620,250,25622.35,100,0,356275
NIFTY-III.NFO,13/09/2024,09:17:49,25622.95,25620,275,25622.25,175,0,356275
NIFTY-III.NFO,13/09/2024,09:17:50,25622.95,25620,275,25621.6,100,0,356275
NIFTY-III.NFO,13/09/2024,09:17:51,25620.3,25617,25,25620.3,100,300,356275
NIFTY-III.NFO,13/09/2024,09:17:51,25620.3,25617,25,25620.65,100,0,356275
NIFTY-III.NFO,13/09/2024,09:17:52,25620.3,25617,25,25622.85,100,0,356275
NIFTY-III.NFO,13/09/2024,09:17:54,25617,25615.75,100,25622.9,175,25,356275
NIFTY-III.NFO,13/09/2024,09:17:55,25615.75,25615.65,75,25622.9,175,100,356275
NIFTY-III.NFO,13/09/2024,09:17:56,25615.75,25615.7,25,25622.9,175,0,356275
NIFTY-III.NFO,13/09/2024,09:17:57,25615.75,25616.65,75,25622.95,175,0,356275
NIFTY-III.NFO,13/09/2024,09:17:58,25615.75,25615.05,100,25622.9,175,0,356275
NIFTY-III.NFO,13/09/2024,09:17:59,25615.75,25615.05,75,25622.9,175,0,356275
NIFTY-III.NFO,13/09/2024,09:18:00,25615.75,25615,5100,25622.45,100,0,356275
NIFTY-III.NFO,13/09/2024,09:18:01,25622.45,25615.05,50,25622.45,100,50,356275
NIFTY-III.NFO,13/09/2024,09:18:02,25615.05,25615.05,25,25622.45,100,25,356275
NIFTY-III.NFO,13/09/2024,09:18:03,25615.05,25615,5100,25619.95,100,0,356275
NIFTY-III.NFO,13/09/2024,09:18:05,25615.05,25615.75,25,25619.95,100,0,356275
NIFTY-III.NFO,13/09/2024,09:18:07,25615.05,25615,5100,25619.95,100,50,356275
NIFTY-III.NFO,13/09/2024,09:18:08,25615,25615,5025,25618.55,100,75,356275
NIFTY-III.NFO,13/09/2024,09:18:10,25615,25615,5000,25618.55,100,25,356275
NIFTY-III.NFO,13/09/2024,09:18:11,25615,25615,4400,25615.85,75,600,356275
NIFTY-III.NFO,13/09/2024,09:18:12,25615,25615,4400,25615.8,100,0,356275
NIFTY-III.NFO,13/09/2024,09:18:13,25615,25615,4425,25617.3,75,0,356275
NIFTY-III.NFO,13/09/2024,09:18:14,25615,25615,4400,25618.9,100,50,356275
NIFTY-III.NFO,13/09/2024,09:18:15,25615,25615,4400,25615.75,50,0,356275
NIFTY-III.NFO,13/09/2024,09:18:16,25615,25615,4325,25615.75,50,75,356275
NIFTY-III.NFO,13/09/2024,09:18:17,25615,25615,4275,25615.75,50,50,356275
NIFTY-III.NFO,13/09/2024,09:18:19,25615,25615,4275,25615.75,50,0,356275
NIFTY-III.NFO,13/09/2024,09:18:22,25615.75,25615,4325,25620,100,50,356275
NIFTY-III.NFO,13/09/2024,09:18:24,25622.2,25615.05,25,25622.9,175,150,356275
NIFTY-III.NFO,13/09/2024,09:18:25,25615.05,25616,100,25622.9,175,25,356275
NIFTY-III.NFO,13/09/2024,09:18:27,25615.05,25616,100,25622.9,100,0,356275
NIFTY-III.NFO,13/09/2024,09:18:29,25616,25615,4200,25620,25,25,356275
NIFTY-III.NFO,13/09/2024,09:18:30,25616,25615,4200,25619.95,175,0,356275
NIFTY-III.NFO,13/09/2024,09:18:34,25616,25615.05,25,25619.8,175,0,356275
NIFTY-III.NFO,13/09/2024,09:18:35,25616,25615.05,25,25619.55,75,0,356275
NIFTY-III.NFO,13/09/2024,09:18:37,25616,25616,50,25619.95,175,0,356275
NIFTY-III.NFO,13/09/2024,09:18:38,25616,25616,50,25618.7,100,0,356275
NIFTY-III.NFO,13/09/2024,09:18:40,25616,25616,50,25617.6,100,0,356275
NIFTY-III.NFO,13/09/2024,09:18:42,25616,25616,50,25618.95,75,50,358725
NIFTY-III.NFO,13/09/2024,09:18:43,25616,25616,50,25619,125,0,358725
NIFTY-III.NFO,13/09/2024,09:18:45,25616,25616,50,25617.5,100,25,358725
NIFTY-III.NFO,13/09/2024,09:18:47,25617.4,25616,50,25617.7,175,25,358725
NIFTY-III.NFO,13/09/2024,09:18:48,25616,25616,50,25618,100,25,358725
NIFTY-III.NFO,13/09/2024,09:18:50,25616,25616,25,25618.6,100,25,358725
NIFTY-III.NFO,13/09/2024,09:18:52,25616,25616,25,25617.6,100,0,358725
NIFTY-III.NFO,13/09/2024,09:18:54,25616,25615,4125,25618.25,100,25,358725
NIFTY-III.NFO,13/09/2024,09:18:55,25618,25615,4125,25617,125,25,358725
NIFTY-III.NFO,13/09/2024,09:18:57,25618,25615,4125,25617,125,0,358725
NIFTY-III.NFO,13/09/2024,09:18:58,25615,25615,4075,25615.3,100,75,358725
NIFTY-III.NFO,13/09/2024,09:19:00,25615,25615,3375,25615.6,100,750,358725
NIFTY-III.NFO,13/09/2024,09:19:02,25615,25615,1525,25615.05,100,1875,358725
NIFTY-III.NFO,13/09/2024,09:19:03,25615,25615,1475,25616,100,50,358725
NIFTY-III.NFO,13/09/2024,09:19:05,25615,25615,1475,25616,25,0,358725
NIFTY-III.NFO,13/09/2024,09:19:07,25615,25615,1200,25615.1,100,275,358725
NIFTY-III.NFO,13/09/2024,09:19:08,25615,25615,1175,25615.65,175,25,358725
NIFTY-III.NFO,13/09/2024,09:19:10,25615,25615,1175,25615.15,100,0,358725
NIFTY-III.NFO,13/09/2024,09:19:12,25615,25615,675,25615.75,75,500,358725
NIFTY-III.NFO,13/09/2024,09:19:13,25615,25615,650,25615.9,25,0,358725
NIFTY-III.NFO,13/09/2024,09:19:18,25615.05,25615,550,25615.9,25,250,358725
NIFTY-III.NFO,13/09/2024,09:19:20,25615,25615,425,25615.9,25,125,358725
NIFTY-III.NFO,13/09/2024,09:19:22,25615,25615,425,25615.9,25,0,358725
NIFTY-III.NFO,13/09/2024,09:19:23,25615,25615,475,25615.9,25,25,358725
NIFTY-III.NFO,13/09/2024,09:19:25,25615,25615,300,25615.9,25,100,358725
NIFTY-III.NFO,13/09/2024,09:19:27,25615,25615,275,25615.9,25,25,358725
NIFTY-III.NFO,13/09/2024,09:19:28,25615,25615,150,25615.05,100,125,358725
NIFTY-III.NFO,13/09/2024,09:19:30,25615,25615,150,25615.05,100,0,358725
NIFTY-III.NFO,13/09/2024,09:19:32,25615,25615,100,25615.05,25,50,358725
NIFTY-III.NFO,13/09/2024,09:19:35,25615,25615,100,25615.05,25,50,358725
NIFTY-III.NFO,13/09/2024,09:19:37,25615,25615,100,25615.05,25,0,358725
NIFTY-III.NFO,13/09/2024,09:19:38,25615.9,25615.05,100,25616,25,75,358725
NIFTY-III.NFO,13/09/2024,09:19:42,25616.15,25615.05,175,25618,25,50,358725
NIFTY-III.NFO,13/09/2024,09:19:43,25616.15,25615.1,175,25618,25,0,358725
NIFTY-III.NFO,13/09/2024,09:19:48,25615.05,25615,300,25616.15,25,25,358725
NIFTY-III.NFO,13/09/2024,09:19:50,25615,25615,250,25616.15,25,50,358725
NIFTY-III.NFO,13/09/2024,09:19:51,25615,25615,250,25616.15,25,0,358725
NIFTY-III.NFO,13/09/2024,09:19:53,25615,25615.05,175,25616.15,25,0,358725
NIFTY-III.NFO,13/09/2024,09:19:55,25616.15,25615,250,25617,25,25,358725
NIFTY-III.NFO,13/09/2024,09:19:56,25617,25615,225,25617.95,25,25,358725
NIFTY-III.NFO,13/09/2024,09:19:58,25616.15,25615.05,100,25618,25,50,358725
NIFTY-III.NFO,13/09/2024,09:20:00,25615,25615,200,25617.75,50,50,358725
NIFTY-III.NFO,13/09/2024,09:20:01,25615,25610.55,100,25617.05,125,200,358725
NIFTY-III.NFO,13/09/2024,09:20:03,25617.05,25610.05,425,25616,25,25,358725
NIFTY-III.NFO,13/09/2024,09:20:05,25617.05,25610.95,100,25615,25,0,358725
NIFTY-III.NFO,13/09/2024,09:20:06,25615,25610.15,175,25616,25,25,358725
NIFTY-III.NFO,13/09/2024,09:20:08,25615.05,25615.05,50,25616,25,50,358725
NIFTY-III.NFO,13/09/2024,09:20:10,25618.1,25615.05,50,25617.15,450,250,358725
NIFTY-III.NFO,13/09/2024,09:20:11,25615.05,25610.05,175,25615.6,100,50,358725
NIFTY-III.NFO,13/09/2024,09:20:13,25617.05,25612.4,100,25618.75,25,50,358725
NIFTY-III.NFO,13/09/2024,09:20:15,25617.05,25614.2,100,25620,225,0,358725
NIFTY-III.NFO,13/09/2024,09:20:16,25620,25614.2,350,25620,175,50,358725
NIFTY-III.NFO,13/09/2024,09:20:18,25620,25616,100,25619.1,25,0,358725
NIFTY-III.NFO,13/09/2024,09:20:20,25620,25616.4,100,25619.1,25,0,358725
NIFTY-III.NFO,13/09/2024,09:20:21,25620,25616,25,25619.05,25,0,358725
NIFTY-III.NFO,13/09/2024,09:20:23,25620,25616,25,25618.15,100,0,358725
NIFTY-III.NFO,13/09/2024,09:20:25,25620,25616,25,25617.8,25,0,358725
NIFTY-III.NFO,13/09/2024,09:20:26,25620,25616,25,25617.85,450,0,358725
NIFTY-III.NFO,13/09/2024,09:20:28,25616,25615,50,25616.9,900,25,358725
NIFTY-III.NFO,13/09/2024,09:20:30,25616,25615,50,25617.2,100,0,358725
NIFTY-III.NFO,13/09/2024,09:20:31,25616,25615,50,25618.85,25,0,358725
NIFTY-III.NFO,13/09/2024,09:20:33,25616,25615.05,175,25620,200,0,358725
NIFTY-III.NFO,13/09/2024,09:20:35,25616,25615.05,175,25619.75,25,0,358725
NIFTY-III.NFO,13/09/2024,09:20:36,25616,25615.05,175,25619.8,25,0,358725
NIFTY-III.NFO,13/09/2024,09:20:38,25616,25615.95,100,25619.75,25,0,358725
NIFTY-III.NFO,13/09/2024,09:20:40,25616,25616.85,100,25619.75,25,0,358725
NIFTY-III.NFO,13/09/2024,09:20:41,25616,25617.8,75,25619.75,25,0,358725
NIFTY-III.NFO,13/09/2024,09:20:43,25616,25617,175,25619.75,25,0,358725
NIFTY-III.NFO,13/09/2024,09:20:45,25616,25616,200,25619.75,25,350,358725
NIFTY-III.NFO,13/09/2024,09:20:46,25616,25615,175,25619.75,25,0,358725
NIFTY-III.NFO,13/09/2024,09:20:48,25615,25615,75,25616,25,25,358725
NIFTY-III.NFO,13/09/2024,09:20:50,25615,25615,150,25616,25,0,358725
NIFTY-III.NFO,13/09/2024,09:20:51,25615,25615,50,25616,25,25,358725
NIFTY-III.NFO,13/09/2024,09:20:53,25615,25615,125,25616,25,0,358725
NIFTY-III.NFO,13/09/2024,09:20:55,25619.7,25616,200,25619.95,100,50,358725
NIFTY-III.NFO,13/09/2024,09:20:56,25616.05,25615,225,25619.95,100,50,358725
NIFTY-III.NFO,13/09/2024,09:20:58,25616.05,25615,150,25619.75,100,0,358725
NIFTY-III.NFO,13/09/2024,09:21:00,25619.95,25615.05,50,25619.95,175,75,358725
NIFTY-III.NFO,13/09/2024,09:21:01,25619.95,25615.7,125,25618.4,25,0,358725
NIFTY-III.NFO,13/09/2024,09:21:03,25619.95,25617.3,125,25618.4,25,0,358725
NIFTY-III.NFO,13/09/2024,09:21:05,25619.95,25616.5,125,25619.95,100,0,358725
NIFTY-III.NFO,13/09/2024,09:21:06,25619.95,25616.55,50,25618.2,25,0,358725
NIFTY-III.NFO,13/09/2024,09:21:08,25619.95,25616.6,50,25618.2,25,0,358725
NIFTY-III.NFO,13/09/2024,09:21:10,25619.95,25619,125,25619.95,25,0,358725
NIFTY-III.NFO,13/09/2024,09:21:11,25618.95,25616.65,75,25619.95,25,75,358725
NIFTY-III.NFO,13/09/2024,09:21:13,25619.9,25615,200,25619.9,100,25,358725
NIFTY-III.NFO,13/09/2024,09:21:15,25615.05,25615.05,50,25619.95,25,25,358725
NIFTY-III.NFO,13/09/2024,09:21:16,25615.05,25615.05,50,25619.95,25,0,358725
NIFTY-III.NFO,13/09/2024,09:21:18,25615.05,25615.85,50,25619.95,25,0,358725
NIFTY-III.NFO,13/09/2024,09:21:20,25620,25616.35,50,25620,175,75,358725
NIFTY-III.NFO,13/09/2024,09:21:21,25620,25616.35,50,25620,175,0,358725
NIFTY-III.NFO,13/09/2024,09:21:23,25620,25617,100,25620,150,25,358725
NIFTY-III.NFO,13/09/2024,09:21:25,25620,25617,25,25619.95,100,0,358725
NIFTY-III.NFO,13/09/2024,09:21:26,25615.8,25615,150,25619.95,175,475,358725
NIFTY-III.NFO,13/09/2024,09:21:28,25619.95,25615,150,25619.95,150,75,358725
NIFTY-III.NFO,13/09/2024,09:21:30,25619.95,25615,150,25619.95,150,0,358725
NIFTY-III.NFO,13/09/2024,09:21:33,25618.35,25611.9,100,25618.35,125,175,358725
NIFTY-III.NFO,13/09/2024,09:21:35,25618.35,25614,25,25618.35,125,0,358725
NIFTY-III.NFO,13/09/2024,09:21:36,25617.8,25614,25,25617.8,25,25,358725
NIFTY-III.NFO,13/09/2024,09:21:38,25612.05,25615,25,25617.8,100,275,360825
NIFTY-III.NFO,13/09/2024,09:21:40,25617.85,25615.8,25,25617.75,25,175,360825
NIFTY-III.NFO,13/09/2024,09:21:41,25615.8,25615,25,25617.65,100,25,360825
NIFTY-III.NFO,13/09/2024,09:21:43,25617.65,25615,25,25615.45,100,25,360825
NIFTY-III.NFO,13/09/2024,09:21:45,25615,25610,150,25615.8,200,25,360825
NIFTY-III.NFO,13/09/2024,09:21:46,25610,25610,125,25614.9,75,25,360825
NIFTY-III.NFO,13/09/2024,09:21:48,25610,25610,125,25614.35,75,0,360825
NIFTY-III.NFO,13/09/2024,09:21:50,25610,25610,125,25613.35,200,0,360825
NIFTY-III.NFO,13/09/2024,09:21:51,25612.45,25610,125,25613.35,75,400,360825
NIFTY-III.NFO,13/09/2024,09:21:53,25610,25610,75,25613.1,250,50,360825
NIFTY-III.NFO,13/09/2024,09:21:55,25610,25610,75,25612.75,75,0,360825
NIFTY-III.NFO,13/09/2024,09:21:56,25610,25610,50,25612.75,50,50,360825
NIFTY-III.NFO,13/09/2024,09:21:58,25610,25610,25,25615.1,75,25,360825
NIFTY-III.NFO,13/09/2024,09:22:00,25610,25610,25,25615.05,450,0,360825
NIFTY-III.NFO,13/09/2024,09:22:01,25610,25610,25,25614,75,0,360825
NIFTY-III.NFO,13/09/2024,09:22:03,25610,25608.05,175,25614.6,75,25,360825
NIFTY-III.NFO,13/09/2024,09:22:05,25610,25608,25,25613.05,225,0,360825
NIFTY-III.NFO,13/09/2024,09:22:06,25610,25608,25,25610,25,0,360825
NIFTY-III.NFO,13/09/2024,09:22:11,25610,25608,25,25610,100,0,360825
NIFTY-III.NFO,13/09/2024,09:22:13,25610,25608,25,25609.7,75,0,360825
NIFTY-III.NFO,13/09/2024,09:22:15,25608,25601.05,175,25608.7,50,25,360825
NIFTY-III.NFO,13/09/2024,09:22:16,25607.05,25601.3,100,25607.05,25,50,360825
NIFTY-III.NFO,13/09/2024,09:22:18,25607.05,25601,50,25605.6,75,0,360825
NIFTY-III.NFO,13/09/2024,09:22:20,25601,25600,600,25602.75,275,50,360825
NIFTY-III.NFO,13/09/2024,09:22:21,25600.1,25600,325,25600.2,75,500,360825
NIFTY-III.NFO,13/09/2024,09:22:23,25603.3,25600.05,100,25604.95,200,25,360825
NIFTY-III.NFO,13/09/2024,09:22:25,25603.3,25600,375,25604,275,0,360825
NIFTY-III.NFO,13/09/2024,09:22:26,25603.3,25600,375,25603.3,75,0,360825
NIFTY-III.NFO,13/09/2024,09:22:28,25600,25600,350,25601.3,275,25,360825
NIFTY-III.NFO,13/09/2024,09:22:30,25600,25595,25,25599.65,100,350,360825
NIFTY-III.NFO,13/09/2024,09:22:31,25600,25596,175,25601.25,75,0,360825
NIFTY-III.NFO,13/09/2024,09:22:33,25596,25600.85,25,25603.45,25,25,360825
NIFTY-III.NFO,13/09/2024,09:22:35,25596,25600.85,25,25605.15,25,0,360825
NIFTY-III.NFO,13/09/2024,09:22:36,25600.85,25595.6,100,25603.95,25,25,360825
NIFTY-III.NFO,13/09/2024,09:22:38,25595.1,25595.05,175,25602.05,175,25,360825
NIFTY-III.NFO,13/09/2024,09:22:40,25603,25595.05,175,25603.1,75,375,360825
NIFTY-III.NFO,13/09/2024,09:22:41,25603,25595.05,175,25602.2,75,0,360825
NIFTY-III.NFO,13/09/2024,09:22:43,25603,25595.05,175,25600,25,0,360825
NIFTY-III.NFO,13/09/2024,09:22:45,25600,25600,25,25602.85,275,25,360825
NIFTY-III.NFO,13/09/2024,09:22:46,25600,25600,25,25602.85,275,0,360825
NIFTY-III.NFO,13/09/2024,09:22:48,25602.85,25600,25,25603,100,25,360825
NIFTY-III.NFO,13/09/2024,09:22:50,25603,25600,25,25603,100,25,360825
NIFTY-III.NFO,13/09/2024,09:22:51,25603,25600,25,25603,100,0,360825
NIFTY-III.NFO,13/09/2024,09:22:53,25603,25600,25,25602.45,75,0,360825
NIFTY-III.NFO,13/09/2024,09:22:55,25603,25600,25,25602.05,250,0,360825
NIFTY-III.NFO,13/09/2024,09:22:56,25603,25600,25,25602.8,100,0,360825
NIFTY-III.NFO,13/09/2024,09:22:58,25603,25600,75,25602.2,100,0,360825
NIFTY-III.NFO,13/09/2024,09:23:00,25600,25600,50,25601.3,100,25,360825
NIFTY-III.NFO,13/09/2024,09:23:01,25601,25595.05,175,25601,50,75,360825
NIFTY-III.NFO,13/09/2024,09:23:03,25601,25595.05,175,25601.65,75,0,360825
NIFTY-III.NFO,13/09/2024,09:23:05,25602.15,25595.05,175,25600,25,25,360825
NIFTY-III.NFO,13/09/2024,09:23:06,25602.15,25595,25,25599.6,100,0,360825
NIFTY-III.NFO,13/09/2024,09:23:08,25599.6,25595,100,25600,25,25,360825
NIFTY-III.NFO,13/09/2024,09:23:10,25599.6,25595,25,25599.95,50,0,360825
NIFTY-III.NFO,13/09/2024,09:23:12,25599.6,25595,100,25600,25,0,360825
NIFTY-III.NFO,13/09/2024,09:23:13,25599.2,25595,75,25599.95,300,50,360825
NIFTY-III.NFO,13/09/2024,09:23:15,25599.2,25595.05,100,25600,25,0,360825
NIFTY-III.NFO,13/09/2024,09:23:20,25600,25600,25,25601,25,25,360825
NIFTY-III.NFO,13/09/2024,09:23:22,25600,25600,25,25601,25,0,360825
NIFTY-III.NFO,13/09/2024,09:23:25,25600,25599.25,175,25601,25,25,360825
NIFTY-III.NFO,13/09/2024,09:23:27,25601,25600.8,175,25603,75,25,360825
NIFTY-III.NFO,13/09/2024,09:23:28,25601,25600.4,100,25603,75,0,360825
NIFTY-III.NFO,13/09/2024,09:23:30,25600.5,25599.05,175,25603,50,25,360825
NIFTY-III.NFO,13/09/2024,09:23:32,25600.5,25599.05,100,25600,25,0,360825
NIFTY-III.NFO,13/09/2024,09:23:33,25600,25599.05,175,25601,25,25,360825
NIFTY-III.NFO,13/09/2024,09:23:35,25601,25600.05,175,25603,25,25,360825
NIFTY-III.NFO,13/09/2024,09:23:36,25601,25600.05,175,25603,25,0,360825
NIFTY-III.NFO,13/09/2024,09:23:38,25603,25600,200,25604.3,150,25,360825
NIFTY-III.NFO,13/09/2024,09:23:40,25603,25600.05,175,25605,50,0,360825
NIFTY-III.NFO,13/09/2024,09:23:46,25600,25600.05,100,25604.8,75,100,360825
NIFTY-III.NFO,13/09/2024,09:23:48,25600,25600.05,175,25605,50,0,360825
NIFTY-III.NFO,13/09/2024,09:23:50,25600,25600,100,25604.4,25,0,360825
NIFTY-III.NFO,13/09/2024,09:23:51,25603,25600,150,25603.05,100,25,360825
NIFTY-III.NFO,13/09/2024,09:23:53,25603,25600,150,25603,25,0,360825
NIFTY-III.NFO,13/09/2024,09:23:55,25603,25600,150,25603,50,0,360825
NIFTY-III.NFO,13/09/2024,09:23:56,25603,25600,200,25602.95,125,0,360825
NIFTY-III.NFO,13/09/2024,09:23:58,25602.55,25600,200,25602.55,50,25,360825
NIFTY-III.NFO,13/09/2024,09:23:59,25602.55,25600.05,175,25603,50,0,360825
NIFTY-III.NFO,13/09/2024,09:24:04,25603,25602.6,100,25603,25,50,360825
NIFTY-III.NFO,13/09/2024,09:24:06,25603,25602.65,100,25605,50,150,360825
NIFTY-III.NFO,13/09/2024,09:24:08,25603,25602.6,75,25605,50,0,360825
NIFTY-III.NFO,13/09/2024,09:24:11,25603,25602.55,25,25605,50,0,360825
NIFTY-III.NFO,13/09/2024,09:24:13,25602.25,25600.05,175,25604.95,50,50,360825
NIFTY-III.NFO,13/09/2024,09:24:14,25602.25,25600,250,25602,100,0,360825
NIFTY-III.NFO,13/09/2024,09:24:16,25601.2,25600,250,25601.75,75,50,360825
NIFTY-III.NFO,13/09/2024,09:24:18,25601.2,25600,250,25601.25,175,0,360825
NIFTY-III.NFO,13/09/2024,09:24:19,25600,25600,175,25600.35,125,75,360825
NIFTY-III.NFO,13/09/2024,09:24:21,25600,25600,175,25600.15,75,0,360825
NIFTY-III.NFO,13/09/2024,09:24:23,25600,25600,150,25601.2,125,25,360825
NIFTY-III.NFO,13/09/2024,09:24:24,25600,25600,150,25601.15,175,0,360825
NIFTY-III.NFO,13/09/2024,09:24:26,25600,25600,125,25601.65,50,25,360825
NIFTY-III.NFO,13/09/2024,09:24:28,25600,25600,125,25600.9,125,0,360825
NIFTY-III.NFO,13/09/2024,09:24:29,25600,25600,125,25601.95,50,0,360825
NIFTY-III.NFO,13/09/2024,09:24:31,25600,25600,50,25601.35,50,75,360825
NIFTY-III.NFO,13/09/2024,09:24:32,25600,25595.1,100,25600,100,50,360825
NIFTY-III.NFO,13/09/2024,09:24:34,25597.8,25595.05,75,25598.3,125,25,360825
NIFTY-III.NFO,13/09/2024,09:24:36,25597.8,25595.05,75,25597.65,50,0,360825
NIFTY-III.NFO,13/09/2024,09:24:37,25597.8,25595.05,75,25598,125,0,360825
NIFTY-III.NFO,13/09/2024,09:24:39,25597.8,25595.1,175,25600,25,0,360825
NIFTY-III.NFO,13/09/2024,09:24:42,25595.1,25595.15,100,25600,25,25,360825
NIFTY-III.NFO,13/09/2024,09:24:44,25595.1,25595.1,100,25599.75,50,0,361850
NIFTY-III.NFO,13/09/2024,09:24:46,25595.1,25595.1,175,25600,25,0,361850
NIFTY-III.NFO,13/09/2024,09:24:47,25599.15,25595.05,75,25599.1,175,25,361850
NIFTY-III.NFO,13/09/2024,09:24:49,25597,25595.1,25,25599.1,50,25,361850
NIFTY-III.NFO,13/09/2024,09:24:51,25597,25595.1,100,25599.95,50,0,361850
NIFTY-III.NFO,13/09/2024,09:24:52,25597,25595.1,125,25599.75,100,0,361850
NIFTY-III.NFO,13/09/2024,09:24:54,25595.1,25595.1,100,25598.75,125,25,361850
NIFTY-III.NFO,13/09/2024,09:24:56,25595.1,25595.1,100,25599.2,125,0,361850
NIFTY-III.NFO,13/09/2024,09:24:57,25595.1,25595.1,125,25597.45,125,0,361850
NIFTY-III.NFO,13/09/2024,09:24:59,25595.1,25595.1,100,25599.1,125,25,361850
NIFTY-III.NFO,13/09/2024,09:25:00,25595.1,25595.1,100,25598.5,125,0,361850
NIFTY-III.NFO,13/09/2024,09:25:02,25595.1,25595.1,100,25598.35,175,0,361850
NIFTY-III.NFO,13/09/2024,09:25:04,25595.1,25595.1,125,25597.5,175,0,361850
NIFTY-III.NFO,13/09/2024,09:25:05,25596,25595.1,125,25595.6,25,25,361850
NIFTY-III.NFO,13/09/2024,09:25:07,25595.1,25595.1,75,25595.15,150,50,361850
NIFTY-III.NFO,13/09/2024,09:25:09,25595.1,25595.1,75,25595.15,150,0,361850
NIFTY-III.NFO,13/09/2024,09:25:10,25595.15,25595.1,75,25595.15,100,50,361850
NIFTY-III.NFO,13/09/2024,09:25:14,25595.1,25595.1,75,25595.15,100,50,361850
NIFTY-III.NFO,13/09/2024,09:25:15,25595.1,25595.1,75,25595.15,100,0,361850
NIFTY-III.NFO,13/09/2024,09:25:17,25595.15,25595.1,75,25598.85,100,100,361850
NIFTY-III.NFO,13/09/2024,09:25:18,25595.1,25595.1,25,25597.6,100,50,361850
NIFTY-III.NFO,13/09/2024,09:25:20,25595.1,25595.1,50,25595.95,100,0,361850
NIFTY-III.NFO,13/09/2024,09:25:22,25595.1,25595.1,25,25595.3,175,25,361850
NIFTY-III.NFO,13/09/2024,09:25:23,25595,25590,225,25593.7,175,300,361850
NIFTY-III.NFO,13/09/2024,09:25:25,25595,25590,225,25593.95,125,0,361850
NIFTY-III.NFO,13/09/2024,09:25:27,25595,25590,225,25593.4,225,0,361850
NIFTY-III.NFO,13/09/2024,09:25:28,25595,25590,225,25593.55,25,0,361850
NIFTY-III.NFO,13/09/2024,09:25:30,25590.05,25590.05,25,25594.55,50,50,361850
NIFTY-III.NFO,13/09/2024,09:25:32,25590.05,25590.05,100,25595.05,50,0,361850
NIFTY-III.NFO,13/09/2024,09:25:33,25590.05,25590.05,100,25595.1,25,0,361850
NIFTY-III.NFO,13/09/2024,09:25:37,25590.05,25590,225,25595.1,100,25,361850
NIFTY-III.NFO,13/09/2024,09:25:38,25590.05,25590,225,25594.55,50,25,361850
NIFTY-III.NFO,13/09/2024,09:25:40,25590.05,25590.05,50,25595.05,125,0,361850
NIFTY-III.NFO,13/09/2024,09:25:41,25590.05,25590.05,75,25594.85,125,0,361850
NIFTY-III.NFO,13/09/2024,09:25:43,25590.05,25590.05,75,25593.2,50,0,361850
NIFTY-III.NFO,13/09/2024,09:25:45,25590.05,25590.05,75,25594.15,125,0,361850
NIFTY-III.NFO,13/09/2024,09:25:46,25590.05,25590.05,50,25594.35,50,25,361850
NIFTY-III.NFO,13/09/2024,09:25:48,25590.05,25590.05,50,25594.95,125,0,361850
NIFTY-III.NFO,13/09/2024,09:25:50,25590.05,25590.05,50,25593.95,50,0,361850
NIFTY-III.NFO,13/09/2024,09:25:51,25590.05,25590.05,50,25594.6,125,0,361850
NIFTY-III.NFO,13/09/2024,09:25:53,25590.05,25590.05,25,25594.4,125,25,361850
NIFTY-III.NFO,13/09/2024,09:25:55,25590.05,25590.05,25,25591.75,50,0,361850
NIFTY-III.NFO,13/09/2024,09:25:56,25590.05,25590.05,25,25592.55,50,0,361850
NIFTY-III.NFO,13/09/2024,09:25:58,25590.05,25590.05,25,25592,50,0,361850
NIFTY-III.NFO,13/09/2024,09:26:00,25590.05,25590.05,25,25592.9,50,0,361850
NIFTY-III.NFO,13/09/2024,09:26:01,25590.05,25590.05,25,25593.15,100,0,361850
NIFTY-III.NFO,13/09/2024,09:26:03,25590.05,25590.05,25,25592.35,100,0,361850
NIFTY-III.NFO,13/09/2024,09:26:04,25591.55,25590.05,25,25591.55,50,25,361850
NIFTY-III.NFO,13/09/2024,09:26:06,25590.05,25590,250,25594.45,100,25,361850
NIFTY-III.NFO,13/09/2024,09:26:08,25593.15,25590,250,25592.25,100,50,361850
NIFTY-III.NFO,13/09/2024,09:26:09,25592.75,25590,250,25592.75,100,25,361850
NIFTY-III.NFO,13/09/2024,09:26:11,25592.75,25590,250,25592.95,100,0,361850
NIFTY-III.NFO,13/09/2024,09:26:13,25592.75,25590,225,25593.3,100,0,361850
NIFTY-III.NFO,13/09/2024,09:26:14,25592.75,25590,350,25594.6,100,0,361850
NIFTY-III.NFO,13/09/2024,09:26:16,25592.75,25590,275,25593,25,0,361850
NIFTY-III.NFO,13/09/2024,09:26:19,25592.75,25590.85,75,25593,25,50,361850
NIFTY-III.NFO,13/09/2024,09:26:21,25590,25590,250,25593,25,25,361850
NIFTY-III.NFO,13/09/2024,09:26:23,25590,25590,250,25592,100,0,361850
NIFTY-III.NFO,13/09/2024,09:26:26,25590,25590,225,25591.95,100,25,361850
NIFTY-III.NFO,13/09/2024,09:26:28,25592,25590,225,25592,75,25,361850
NIFTY-III.NFO,13/09/2024,09:26:29,25592,25590,225,25591.95,175,0,361850
NIFTY-III.NFO,13/09/2024,09:26:31,25592,25590,250,25592,75,0,361850
NIFTY-III.NFO,13/09/2024,09:26:33,25592,25590,250,25591.4,150,0,361850
NIFTY-III.NFO,13/09/2024,09:26:34,25592,25590,250,25590.35,25,0,361850
NIFTY-III.NFO,13/09/2024,09:26:36,25590.35,25590,250,25590.9,125,25,361850
NIFTY-III.NFO,13/09/2024,09:26:38,25590.35,25590,250,25591.75,175,0,361850
NIFTY-III.NFO,13/09/2024,09:26:39,25590.35,25590,250,25591.5,125,0,361850
NIFTY-III.NFO,13/09/2024,09:26:41,25590.35,25590,250,25592,75,0,361850
NIFTY-III.NFO,13/09/2024,09:26:44,25590.35,25590,250,25591.85,125,0,361850
NIFTY-III.NFO,13/09/2024,09:26:46,25590.35,25590.35,25,25590.45,125,0,361850
NIFTY-III.NFO,13/09/2024,09:26:48,25590,25590,125,25590.4,175,150,361850
NIFTY-III.NFO,13/09/2024,09:26:49,25590,25590,125,25590.4,175,0,361850
NIFTY-III.NFO,13/09/2024,09:26:51,25590,25587,25,25588.3,50,125,361850
NIFTY-III.NFO,13/09/2024,09:26:53,25587.8,25587,25,25587.4,25,25,361850
NIFTY-III.NFO,13/09/2024,09:26:54,25588.15,25587,25,25587.3,25,50,361850
NIFTY-III.NFO,13/09/2024,09:26:56,25586.45,25586,25,25586.05,50,100,361850
NIFTY-III.NFO,13/09/2024,09:26:58,25586,25585.1,100,25586.85,100,25,361850
NIFTY-III.NFO,13/09/2024,09:26:59,25585.1,25585.1,75,25588,50,25,361850
NIFTY-III.NFO,13/09/2024,09:27:01,25585.1,25585.1,75,25586.1,125,0,361850
NIFTY-III.NFO,13/09/2024,09:27:03,25585.1,25585.1,75,25587.35,50,0,361850
NIFTY-III.NFO,13/09/2024,09:27:04,25585.1,25585.1,75,25589,50,0,361850
NIFTY-III.NFO,13/09/2024,09:27:06,25588.4,25586,25,25587.5,100,75,361850
NIFTY-III.NFO,13/09/2024,09:27:08,25588.4,25586,25,25587.55,25,0,361850
NIFTY-III.NFO,13/09/2024,09:27:09,25585.1,25585.1,25,25589.2,25,25,361850
NIFTY-III.NFO,13/09/2024,09:27:11,25585.1,25585.1,25,25588.35,25,0,361850
NIFTY-III.NFO,13/09/2024,09:27:13,25585.1,25585.1,25,25587.55,50,0,361850
NIFTY-III.NFO,13/09/2024,09:27:14,25585.1,25586,25,25587.15,25,0,361850
NIFTY-III.NFO,13/09/2024,09:27:16,25585.1,25585.1,50,25587.55,25,0,361850
NIFTY-III.NFO,13/09/2024,09:27:18,25587.6,25585.45,25,25588,25,25,361850
NIFTY-III.NFO,13/09/2024,09:27:19,25587.6,25586.75,175,25588,25,0,361850
NIFTY-III.NFO,13/09/2024,09:27:21,25588,25588.1,100,25590,50,25,361850
NIFTY-III.NFO,13/09/2024,09:27:23,25588,25585.15,175,25590,50,0,361850
NIFTY-III.NFO,13/09/2024,09:27:24,25588,25587.35,175,25590,50,0,361850
NIFTY-III.NFO,13/09/2024,09:27:26,25590,25585.15,100,25589.75,125,25,361850
NIFTY-III.NFO,13/09/2024,09:27:27,25588.85,25585.1,50,25587.05,25,25,361850
NIFTY-III.NFO,13/09/2024,09:27:29,25588.85,25585.1,125,25587.05,25,0,361850
NIFTY-III.NFO,13/09/2024,09:27:34,25585.15,25585.15,100,25588,50,75,361850
NIFTY-III.NFO,13/09/2024,09:27:36,25585.15,25585.1,125,25588,50,0,361850
NIFTY-III.NFO,13/09/2024,09:27:38,25585.15,25585.15,25,25587.1,250,0,361850
NIFTY-III.NFO,13/09/2024,09:27:39,25585.1,25585.1,100,25586,50,50,361775
NIFTY-III.NFO,13/09/2024,09:27:41,25585.1,25585.1,100,25586.2,125,0,361775
NIFTY-III.NFO,13/09/2024,09:27:43,25585.15,25585.1,100,25585.15,75,100,361775
NIFTY-III.NFO,13/09/2024,09:27:44,25585,25580.05,225,25585.3,25,175,361775
NIFTY-III.NFO,13/09/2024,09:27:46,25585,25580.05,225,25586.35,100,0,361775
NIFTY-III.NFO,13/09/2024,09:27:48,25585,25580.05,100,25584.25,25,0,361775
NIFTY-III.NFO,13/09/2024,09:27:49,25584.2,25580.05,100,25584.6,200,50,361775
NIFTY-III.NFO,13/09/2024,09:27:51,25584.2,25580,150,25584.6,175,0,361775
NIFTY-III.NFO,13/09/2024,09:27:53,25584.2,25580,150,25583.5,50,0,361775
NIFTY-III.NFO,13/09/2024,09:27:54,25584.2,25580,150,25583.7,125,0,361775
NIFTY-III.NFO,13/09/2024,09:27:56,25583.7,25580.05,100,25584.5,50,25,361775
NIFTY-III.NFO,13/09/2024,09:27:58,25580,25580,100,25584.55,125,50,361775
NIFTY-III.NFO,13/09/2024,09:27:59,25580,25580,100,25583.8,50,0,361775
NIFTY-III.NFO,13/09/2024,09:28:01,25580,25580,100,25583.7,50,0,361775
NIFTY-III.NFO,13/09/2024,09:28:03,25580,25580.25,175,25585.4,125,0,361775
NIFTY-III.NFO,13/09/2024,09:28:04,25580,25580.15,100,25585.4,125,0,361775
NIFTY-III.NFO,13/09/2024,09:28:06,25580,25580.5,175,25585.95,125,0,361775
NIFTY-III.NFO,13/09/2024,09:28:08,25580,25580,125,25583.9,125,0,361775
NIFTY-III.NFO,13/09/2024,09:28:09,25583.9,25580,125,25583.95,125,75,361775
NIFTY-III.NFO,13/09/2024,09:28:11,25583.9,25580,125,25583.95,175,0,361775
NIFTY-III.NFO,13/09/2024,09:28:13,25583.9,25580,125,25582.9,200,0,361775
NIFTY-III.NFO,13/09/2024,09:28:14,25583.9,25580,125,25583.75,250,0,361775
NIFTY-III.NFO,13/09/2024,09:28:16,25583.9,25580,125,25583.7,175,0,361775
NIFTY-III.NFO,13/09/2024,09:28:18,25583.9,25580,125,25582.85,125,0,361775
NIFTY-III.NFO,13/09/2024,09:28:19,25582,25580,125,25582.4,200,25,361775
NIFTY-III.NFO,13/09/2024,09:28:21,25580,25575.4,75,25579.5,225,125,361775
NIFTY-III.NFO,13/09/2024,09:28:23,25580,25575.2,50,25578.65,200,0,361775
NIFTY-III.NFO,13/09/2024,09:28:24,25577.45,25575.2,50,25578.2,1525,400,361775
NIFTY-III.NFO,13/09/2024,09:28:26,25577.45,25575.25,100,25580.15,75,0,361775
NIFTY-III.NFO,13/09/2024,09:28:28,25577.45,25575.95,175,25581.55,50,0,361775
NIFTY-III.NFO,13/09/2024,09:28:29,25577.45,25577.3,175,25580,25,0,361775
NIFTY-III.NFO,13/09/2024,09:28:31,25577.45,25576.95,175,25580,25,0,361775
NIFTY-III.NFO,13/09/2024,09:28:33,25577.45,25577.55,175,25580,25,0,361775
NIFTY-III.NFO,13/09/2024,09:28:34,25577.45,25578,150,25580,25,0,361775
NIFTY-III.NFO,13/09/2024,09:28:36,25577.45,25577.7,175,25580,25,0,361775
NIFTY-III.NFO,13/09/2024,09:28:38,25577.45,25578.4,175,25580,25,0,361775
NIFTY-III.NFO,13/09/2024,09:28:39,25580,25579.55,175,25584.5,25,25,361775
NIFTY-III.NFO,13/09/2024,09:28:41,25580,25579.85,225,25585.8,50,0,361775
NIFTY-III.NFO,13/09/2024,09:28:43,25580,25579.3,225,25585.35,125,0,361775
NIFTY-III.NFO,13/09/2024,09:28:44,25579.7,25580,13500,25584.55,100,25,361775
NIFTY-III.NFO,13/09/2024,09:28:46,25581.45,25581.45,75,25585.7,75,125,361775
NIFTY-III.NFO,13/09/2024,09:28:48,25581.45,25580.8,225,25585.7,75,0,361775
NIFTY-III.NFO,13/09/2024,09:28:49,25581.45,25580.8,225,25586.05,75,0,361775
NIFTY-III.NFO,13/09/2024,09:28:51,25581.35,25581.35,200,25585.95,75,25,361775
NIFTY-III.NFO,13/09/2024,09:28:53,25581.35,25581.45,25,25584.55,25,0,361775
NIFTY-III.NFO,13/09/2024,09:28:54,25581.45,25580.1,125,25581.35,75,25,361775
NIFTY-III.NFO,13/09/2024,09:28:56,25581.45,25580.05,50,25581.35,75,0,361775
NIFTY-III.NFO,13/09/2024,09:28:59,25581.45,25580.05,50,25581.35,150,0,361775
NIFTY-III.NFO,13/09/2024,09:29:01,25580,25580,15650,25581.35,75,200,361775
NIFTY-III.NFO,13/09/2024,09:29:03,25581.35,25580,15650,25581.35,50,25,361775
NIFTY-III.NFO,13/09/2024,09:29:04,25581.35,25580,15650,25581.35,50,0,361775
NIFTY-III.NFO,13/09/2024,09:29:06,25580.05,25580,15650,25581.35,50,25,361775
NIFTY-III.NFO,13/09/2024,09:29:08,25580.05,25580,15650,25581.35,50,0,361775
NIFTY-III.NFO,13/09/2024,09:29:09,25580.05,25580,15675,25581.35,125,0,361775
NIFTY-III.NFO,13/09/2024,09:29:11,25580.05,25580,15675,25581.35,50,0,361775
NIFTY-III.NFO,13/09/2024,09:29:13,25580,25580,15300,25580.05,825,375,361775
NIFTY-III.NFO,13/09/2024,09:29:14,25580,25580,15150,25581.35,50,150,361775
NIFTY-III.NFO,13/09/2024,09:29:16,25580,25580,15150,25580.7,200,0,361775
NIFTY-III.NFO,13/09/2024,09:29:17,25580,25580,15175,25580.05,125,0,361775
NIFTY-III.NFO,13/09/2024,09:29:19,25580,25580,10700,25580.05,50,4550,361775
NIFTY-III.NFO,13/09/2024,09:29:21,25580,25580,9450,25580.15,325,1250,361775
NIFTY-III.NFO,13/09/2024,09:29:22,25580,25580,5125,25580.15,75,4325,361775
NIFTY-III.NFO,13/09/2024,09:29:24,25580,25580,4225,25580.1,175,900,361775
NIFTY-III.NFO,13/09/2024,09:29:26,25580,25580,3725,25580.3,175,550,361775
NIFTY-III.NFO,13/09/2024,09:29:27,25580,25580,3475,25581.2,200,250,361775
NIFTY-III.NFO,13/09/2024,09:29:29,25580,25580,3275,25580.1,75,200,361775
NIFTY-III.NFO,13/09/2024,09:29:31,25580.1,25580,3250,25580.1,50,25,361775
NIFTY-III.NFO,13/09/2024,09:29:32,25580,25580,700,25580.05,325,2550,361775
NIFTY-III.NFO,13/09/2024,09:29:34,25580,25577.45,25,25579.05,50,700,361775
NIFTY-III.NFO,13/09/2024,09:29:36,25578,25577.45,25,25578.75,50,125,361775
NIFTY-III.NFO,13/09/2024,09:29:37,25578.4,25575,25,25578.4,25,50,361775
NIFTY-III.NFO,13/09/2024,09:29:39,25578.4,25575,25,25579.1,625,0,361775
NIFTY-III.NFO,13/09/2024,09:29:41,25578.4,25575,25,25578.8,125,0,361775
NIFTY-III.NFO,13/09/2024,09:29:42,25578.4,25575,25,25577.4,50,0,361775
NIFTY-III.NFO,13/09/2024,09:29:44,25578.4,25575,25,25577.95,50,0,361775
NIFTY-III.NFO,13/09/2024,09:29:48,25578.4,25575,25,25578,25,0,361775
NIFTY-III.NFO,13/09/2024,09:29:51,25578,25578.25,100,25580,25,25,361775
NIFTY-III.NFO,13/09/2024,09:29:53,25578,25578.05,100,25580,25,0,361775
NIFTY-III.NFO,13/09/2024,09:29:54,25576.6,25575.05,175,25579.95,50,50,361775
NIFTY-III.NFO,13/09/2024,09:29:56,25576.6,25575,25,25579.9,125,0,361775
NIFTY-III.NFO,13/09/2024,09:29:58,25576.6,25575,25,25578.75,125,0,361775
NIFTY-III.NFO,13/09/2024,09:29:59,25576.6,25575,25,25577.95,125,0,361775
NIFTY-III.NFO,13/09/2024,09:30:01,25575,25571.05,175,25576.35,50,25,361775
NIFTY-III.NFO,13/09/2024,09:30:03,25575,25573.15,175,25578.8,125,0,361775
NIFTY-III.NFO,13/09/2024,09:30:04,25575,25572.25,175,25576.6,25,0,361775
NIFTY-III.NFO,13/09/2024,09:30:06,25576.6,25577.8,100,25580,25,25,361775
NIFTY-III.NFO,13/09/2024,09:30:08,25576.6,25575.6,100,25580,25,0,361775
NIFTY-III.NFO,13/09/2024,09:30:09,25576.6,25574.9,100,25579.9,50,0,361775
NIFTY-III.NFO,13/09/2024,09:30:11,25576.6,25576.6,50,25577.9,25,0,361775
NIFTY-III.NFO,13/09/2024,09:30:13,25576.6,25576.6,50,25579.2,50,0,361775
NIFTY-III.NFO,13/09/2024,09:30:14,25576.6,25576.6,50,25576.85,125,0,361775
NIFTY-III.NFO,13/09/2024,09:30:16,25577.4,25573,175,25578.2,575,50,361775
NIFTY-III.NFO,13/09/2024,09:30:17,25577.4,25572.45,225,25577.55,250,0,361775
NIFTY-III.NFO,13/09/2024,09:30:19,25576,25572.55,175,25576,25,25,361775
NIFTY-III.NFO,13/09/2024,09:30:21,25576,25571.15,150,25576,100,0,361775
NIFTY-III.NFO,13/09/2024,09:30:22,25576.15,25572.6,150,25577.5,50,125,361775
NIFTY-III.NFO,13/09/2024,09:30:24,25576.15,25572.9,225,25578.15,50,0,361775
NIFTY-III.NFO,13/09/2024,09:30:26,25576.15,25571.25,100,25576.35,50,0,361775
NIFTY-III.NFO,13/09/2024,09:30:27,25576.15,25571.5,225,25576.75,50,0,361775
NIFTY-III.NFO,13/09/2024,09:30:29,25576.15,25571.95,100,25577.05,50,0,361775
NIFTY-III.NFO,13/09/2024,09:30:31,25576.15,25571.6,225,25576.8,50,0,361775
NIFTY-III.NFO,13/09/2024,09:30:32,25576.15,25572.7,175,25578.45,175,0,361775
NIFTY-III.NFO,13/09/2024,09:30:34,25575,25573.6,225,25578.95,50,25,361775
NIFTY-III.NFO,13/09/2024,09:30:36,25575,25572.5,150,25578.25,50,0,361775
NIFTY-III.NFO,13/09/2024,09:30:37,25575,25576.15,100,25578.3,125,0,361775
NIFTY-III.NFO,13/09/2024,09:30:39,25575,25576.15,100,25579.9,175,0,361775
NIFTY-III.NFO,13/09/2024,09:30:41,25575,25576.15,100,25580,50,0,361775
NIFTY-III.NFO,13/09/2024,09:30:42,25575,25577.3,175,25580,50,0,361775
NIFTY-III.NFO,13/09/2024,09:30:44,25580,25579.4,175,25580,25,25,347050
NIFTY-III.NFO,13/09/2024,09:30:46,25580,25578.6,175,25583.6,300,25,347050
NIFTY-III.NFO,13/09/2024,09:30:47,25580,25579.35,225,25580,100,0,347050
NIFTY-III.NFO,13/09/2024,09:30:49,25580,25581.95,125,25587.2,50,100,347050
NIFTY-III.NFO,13/09/2024,09:30:51,25580,25577.9,175,25583.95,50,0,347050
NIFTY-III.NFO,13/09/2024,09:30:52,25580,25580,25,25581.5,300,0,347050
NIFTY-III.NFO,13/09/2024,09:30:54,25580,25580,25,25581.4,50,0,347050
NIFTY-III.NFO,13/09/2024,09:30:56,25579.85,25576.15,100,25578.2,50,350,347050
NIFTY-III.NFO,13/09/2024,09:30:57,25579.85,25576.15,100,25577.5,50,0,347050
NIFTY-III.NFO,13/09/2024,09:30:59,25579.85,25576.15,100,25577.3,250,0,347050
NIFTY-III.NFO,13/09/2024,09:31:01,25576.15,25575,125,25576.9,50,100,347050
NIFTY-III.NFO,13/09/2024,09:31:02,25576.15,25575,125,25578.95,50,0,347050
NIFTY-III.NFO,13/09/2024,09:31:04,25576.15,25575.05,175,25579.55,50,0,347050
NIFTY-III.NFO,13/09/2024,09:31:06,25576.15,25577.45,175,25582.95,50,0,347050
NIFTY-III.NFO,13/09/2024,09:31:07,25576.15,25577.5,150,25582.95,325,0,347050
NIFTY-III.NFO,13/09/2024,09:31:09,25576.15,25579.15,175,25580,25,0,347050
NIFTY-III.NFO,13/09/2024,09:31:11,25577.85,25577.85,175,25583.25,50,50,347050
NIFTY-III.NFO,13/09/2024,09:31:12,25577.85,25577.2,175,25582.5,50,0,347050
NIFTY-III.NFO,13/09/2024,09:31:14,25577.85,25575.9,225,25581.4,50,0,347050
NIFTY-III.NFO,13/09/2024,09:31:16,25577.85,25577,25,25579.3,50,0,347050
NIFTY-III.NFO,13/09/2024,09:31:17,25577.85,25577,25,25578.45,25,0,347050
NIFTY-III.NFO,13/09/2024,09:31:19,25578,25577,25,25577.35,125,25,347050
NIFTY-III.NFO,13/09/2024,09:31:21,25577,25575,150,25576.65,50,75,347050
NIFTY-III.NFO,13/09/2024,09:31:22,25577.85,25575,150,25578.7,50,25,347050
NIFTY-III.NFO,13/09/2024,09:31:24,25577.85,25575,150,25577.25,50,0,347050
NIFTY-III.NFO,13/09/2024,09:31:26,25577.25,25575,150,25576.45,275,50,347050
NIFTY-III.NFO,13/09/2024,09:31:27,25577.25,25575,150,25575.65,275,0,347050
NIFTY-III.NFO,13/09/2024,09:31:29,25575,25575,50,25575.15,125,100,347050
NIFTY-III.NFO,13/09/2024,09:31:31,25575,25571.4,25,25574.85,250,175,347050
NIFTY-III.NFO,13/09/2024,09:31:32,25574.85,25571.4,25,25575.15,125,150,347050
NIFTY-III.NFO,13/09/2024,09:31:34,25572.9,25571.4,25,25573.35,250,150,347050
NIFTY-III.NFO,13/09/2024,09:31:36,25572.9,25571.4,25,25574.1,250,0,347050
NIFTY-III.NFO,13/09/2024,09:31:37,25573.5,25571.4,25,25572.85,125,250,347050
NIFTY-III.NFO,13/09/2024,09:31:39,25571.4,25570.2,50,25572.3,250,125,347050
NIFTY-III.NFO,13/09/2024,09:31:41,25571.95,25570.2,50,25570.7,250,75,347050
NIFTY-III.NFO,13/09/2024,09:31:42,25570,25568,25,25571,100,250,347050
NIFTY-III.NFO,13/09/2024,09:31:44,25568,25566,75,25570.2,125,50,347050
NIFTY-III.NFO,13/09/2024,09:31:46,25568.95,25562.65,175,25568.3,50,25,347050
NIFTY-III.NFO,13/09/2024,09:31:47,25567.2,25562.25,50,25567.4,25,50,347050
NIFTY-III.NFO,13/09/2024,09:31:49,25567.2,25563.25,50,25567.9,250,0,347050
NIFTY-III.NFO,13/09/2024,09:31:51,25566.25,25562.05,50,25566.5,250,200,347050
NIFTY-III.NFO,13/09/2024,09:31:52,25566.25,25562,25,25566.3,750,0,347050
NIFTY-III.NFO,13/09/2024,09:31:54,25567.1,25562,25,25565.55,250,25,347050
NIFTY-III.NFO,13/09/2024,09:31:56,25567.1,25562.2,150,25567.1,250,0,347050
NIFTY-III.NFO,13/09/2024,09:31:57,25567.1,25562,25,25565.9,250,0,347050
NIFTY-III.NFO,13/09/2024,09:31:59,25565.9,25562.6,175,25567.4,250,25,347050
NIFTY-III.NFO,13/09/2024,09:32:01,25565.9,25563.95,225,25569.05,250,0,347050
NIFTY-III.NFO,13/09/2024,09:32:02,25565.9,25562,50,25564.45,250,0,347050
NIFTY-III.NFO,13/09/2024,09:32:04,25565.9,25562.35,225,25567.5,250,0,347050
NIFTY-III.NFO,13/09/2024,09:32:06,25565.9,25562.05,100,25566.6,250,0,347050
NIFTY-III.NFO,13/09/2024,09:32:07,25565,25562,50,25565,25,25,347050
NIFTY-III.NFO,13/09/2024,09:32:09,25565,25562,50,25565,25,0,347050
NIFTY-III.NFO,13/09/2024,09:32:13,25565,25562.05,100,25565,25,0,347050
NIFTY-III.NFO,13/09/2024,09:32:14,25565,25562,50,25565,25,0,347050
NIFTY-III.NFO,13/09/2024,09:32:17,25564.95,25562,25,25565,25,50,347050
NIFTY-III.NFO,13/09/2024,09:32:19,25562,25560.05,25,25563.45,250,25,347050
NIFTY-III.NFO,13/09/2024,09:32:21,25564.2,25560.1,75,25564.25,250,25,347050
NIFTY-III.NFO,13/09/2024,09:32:22,25564.2,25560.05,25,25561.9,275,0,347050
NIFTY-III.NFO,13/09/2024,09:32:24,25562.6,25560.05,25,25562.55,250,50,347050
NIFTY-III.NFO,13/09/2024,09:32:26,25562.6,25560.05,25,25560.95,250,0,347050
NIFTY-III.NFO,13/09/2024,09:32:27,25560.15,25560.05,25,25562.6,250,25,347050
NIFTY-III.NFO,13/09/2024,09:32:29,25560.15,25560.05,25,25561.7,250,0,347050
NIFTY-III.NFO,13/09/2024,09:32:31,25560.15,25560.15,25,25560.9,250,0,347050
NIFTY-III.NFO,13/09/2024,09:32:32,25557,25555,100,25557.75,250,500,347050
NIFTY-III.NFO,13/09/2024,09:32:34,25556.65,25555,100,25557.9,250,25,347050
NIFTY-III.NFO,13/09/2024,09:32:36,25556.3,25555,25,25556,250,50,347050
NIFTY-III.NFO,13/09/2024,09:32:37,25556.3,25555,25,25556,250,0,347050
NIFTY-III.NFO,13/09/2024,09:32:39,25555,25554,25,25556.1,250,25,347050
NIFTY-III.NFO,13/09/2024,09:32:41,25555,25554,25,25556.7,150,0,347050
NIFTY-III.NFO,13/09/2024,09:32:42,25555,25555,50,25556.65,250,0,347050
NIFTY-III.NFO,13/09/2024,09:32:44,25555.05,25555,125,25555.1,250,50,347050
NIFTY-III.NFO,13/09/2024,09:32:46,25553.05,25552,25,25552.2,25,225,347050
NIFTY-III.NFO,13/09/2024,09:32:47,25551.1,25550,1450,25551.2,150,650,347050
NIFTY-III.NFO,13/09/2024,09:32:49,25551.1,25550,1475,25552.15,25,0,347050
NIFTY-III.NFO,13/09/2024,09:32:51,25551,25550,925,25550.95,125,600,347050
NIFTY-III.NFO,13/09/2024,09:32:52,25549.35,25548.1,50,25548.9,475,950,347050
NIFTY-III.NFO,13/09/2024,09:32:54,25548.1,25543.5,150,25548.55,375,100,347050
NIFTY-III.NFO,13/09/2024,09:32:56,25548.1,25542.25,100,25547.05,375,25,347050
NIFTY-III.NFO,13/09/2024,09:32:57,25545.45,25542.2,25,25546.15,375,50,347050
NIFTY-III.NFO,13/09/2024,09:32:59,25546.9,25544.35,175,25548.6,350,25,347050
NIFTY-III.NFO,13/09/2024,09:33:01,25546.9,25547.2,225,25551.85,350,0,347050
NIFTY-III.NFO,13/09/2024,09:33:02,25546.9,25546.75,175,25551.9,350,0,347050
NIFTY-III.NFO,13/09/2024,09:33:04,25546.9,25550.45,175,25554.95,50,0,347050
NIFTY-III.NFO,13/09/2024,09:33:06,25554.15,25550.85,150,25555.65,325,125,347050
NIFTY-III.NFO,13/09/2024,09:33:07,25554.15,25550.55,100,25554.3,75,0,347050
NIFTY-III.NFO,13/09/2024,09:33:09,25554.15,25550.05,175,25554.1,325,0,347050
NIFTY-III.NFO,13/09/2024,09:33:11,25554.15,25550,50,25553.8,250,0,347050
NIFTY-III.NFO,13/09/2024,09:33:12,25554.15,25550.05,175,25553.8,250,0,347050
NIFTY-III.NFO,13/09/2024,09:33:14,25554.15,25550,50,25553.8,325,0,347050
NIFTY-III.NFO,13/09/2024,09:33:16,25554.15,25551.5,175,25555.55,400,0,347050
NIFTY-III.NFO,13/09/2024,09:33:17,25554.15,25551.7,100,25555.4,325,0,347050
NIFTY-III.NFO,13/09/2024,09:33:19,25554.15,25553.35,100,25556.9,325,0,347050
NIFTY-III.NFO,13/09/2024,09:33:21,25554.15,25554.55,125,25558.3,75,0,347050
NIFTY-III.NFO,13/09/2024,09:33:22,25554.15,25556.55,175,25560.4,250,0,347050
NIFTY-III.NFO,13/09/2024,09:33:24,25560.45,25561.7,50,25564.9,75,25,347050
NIFTY-III.NFO,13/09/2024,09:33:26,25560.45,25560.25,50,25564.75,325,0,347050
NIFTY-III.NFO,13/09/2024,09:33:27,25560.45,25560,25,25562.6,325,0,347050
NIFTY-III.NFO,13/09/2024,09:33:29,25560,25558.15,100,25562.25,250,25,347050
NIFTY-III.NFO,13/09/2024,09:33:31,25560,25559.05,50,25563.1,250,0,347050
NIFTY-III.NFO,13/09/2024,09:33:32,25560,25560,50,25561.7,100,50,347050
NIFTY-III.NFO,13/09/2024,09:33:34,25562.55,25560,100,25562.45,275,25,347050
NIFTY-III.NFO,13/09/2024,09:33:36,25562.55,25560,175,25563.35,275,0,347050
NIFTY-III.NFO,13/09/2024,09:33:37,25562.55,25561,50,25564.15,275,0,347050
NIFTY-III.NFO,13/09/2024,09:33:39,25564.15,25560.25,125,25563.85,250,25,347050
NIFTY-III.NFO,13/09/2024,09:33:41,25564.15,25560.25,50,25563.8,250,0,347050
NIFTY-III.NFO,13/09/2024,09:33:42,25564.15,25562.2,75,25565.9,25,0,347050
NIFTY-III.NFO,13/09/2024,09:33:44,25564.15,25561.95,125,25565.9,25,0,347050
NIFTY-III.NFO,13/09/2024,09:33:46,25564.15,25563.05,125,25565.9,25,0,347050
NIFTY-III.NFO,13/09/2024,09:33:47,25564.15,25564.9,225,25565.9,25,0,347050
NIFTY-III.NFO,13/09/2024,09:33:49,25565.9,25565.95,175,25569.15,75,25,344050
NIFTY-III.NFO,13/09/2024,09:33:51,25565.9,25567.75,50,25571.7,250,0,344050
NIFTY-III.NFO,13/09/2024,09:33:52,25571.75,25571.55,25,25572.65,225,25,344050
NIFTY-III.NFO,13/09/2024,09:33:54,25571.75,25571.55,25,25574.75,75,0,344050
NIFTY-III.NFO,13/09/2024,09:33:56,25571.75,25571.55,25,25574.45,225,0,344050
NIFTY-III.NFO,13/09/2024,09:33:57,25571.75,25571.55,25,25574.15,125,0,344050
NIFTY-III.NFO,13/09/2024,09:33:59,25571.75,25571.55,25,25571.75,25,25,344050
NIFTY-III.NFO,13/09/2024,09:34:01,25570,25568.9,175,25569.9,75,100,344050
NIFTY-III.NFO,13/09/2024,09:34:02,25571.75,25570.4,225,25575.05,25,250,344050
NIFTY-III.NFO,13/09/2024,09:34:04,25571.75,25573.75,125,25577.65,125,0,344050
NIFTY-III.NFO,13/09/2024,09:34:06,25571.75,25573.8,225,25578.55,475,0,344050
NIFTY-III.NFO,13/09/2024,09:34:07,25580,25580.2,75,25584.3,125,25,344050
NIFTY-III.NFO,13/09/2024,09:34:09,25580,25581.45,175,25587.25,50,0,344050
NIFTY-III.NFO,13/09/2024,09:34:11,25580,25583.3,150,25588.95,100,0,344050
NIFTY-III.NFO,13/09/2024,09:34:12,25580,25580.7,175,25586.3,225,0,344050
NIFTY-III.NFO,13/09/2024,09:34:14,25580,25581.1,225,25586.25,500,0,344050
NIFTY-III.NFO,13/09/2024,09:34:16,25580,25581.55,100,25586.9,25,0,344050
NIFTY-III.NFO,13/09/2024,09:34:17,25580,25584.45,175,25589.55,25,0,344050
NIFTY-III.NFO,13/09/2024,09:34:19,25587.5,25585,175,25590,25,25,344050
NIFTY-III.NFO,13/09/2024,09:34:21,25587.5,25583.6,225,25588.55,500,0,344050
NIFTY-III.NFO,13/09/2024,09:34:22,25587.5,25583.9,175,25588.55,500,0,344050
NIFTY-III.NFO,13/09/2024,09:34:24,25589.6,25582.75,150,25587.8,500,25,344050
NIFTY-III.NFO,13/09/2024,09:34:26,25586.8,25581.4,225,25586.3,500,275,344050
NIFTY-III.NFO,13/09/2024,09:34:27,25586.8,25583.05,150,25587.9,500,0,344050
NIFTY-III.NFO,13/09/2024,09:34:29,25584.05,25584.5,225,25589.25,25,25,344050
NIFTY-III.NFO,13/09/2024,09:34:31,25587.5,25586.25,225,25590,25,50,344050
NIFTY-III.NFO,13/09/2024,09:34:32,25587.5,25584,100,25589.05,25,0,344050
NIFTY-III.NFO,13/09/2024,09:34:34,25587.5,25583.8,225,25589,25,0,344050
NIFTY-III.NFO,13/09/2024,09:34:36,25587.5,25583.2,225,25588.2,500,0,344050
NIFTY-III.NFO,13/09/2024,09:34:37,25587.5,25583.2,175,25588.05,25,0,344050
NIFTY-III.NFO,13/09/2024,09:34:39,25589.05,25584,225,25589.1,500,25,344050
NIFTY-III.NFO,13/09/2024,09:34:41,25589.05,25584.6,100,25589.65,500,0,344050
NIFTY-III.NFO,13/09/2024,09:34:42,25589.05,25585.15,225,25590,25,0,344050
NIFTY-III.NFO,13/09/2024,09:34:44,25588.9,25583.85,175,25589,500,25,344050
NIFTY-III.NFO,13/09/2024,09:34:46,25589.8,25584.2,100,25588.85,500,25,344050
NIFTY-III.NFO,13/09/2024,09:34:47,25589.8,25585.5,100,25590,25,0,344050
NIFTY-III.NFO,13/09/2024,09:34:49,25589.85,25588.9,25,25589.9,500,25,344050
NIFTY-III.NFO,13/09/2024,09:34:51,25589.85,25588.9,25,25590,25,0,344050
NIFTY-III.NFO,13/09/2024,09:34:52,25588.9,25584.8,175,25588,100,25,344050
NIFTY-III.NFO,13/09/2024,09:34:54,25588.9,25583.05,100,25588,100,0,344050
NIFTY-III.NFO,13/09/2024,09:34:56,25588.9,25585.65,175,25588,100,0,344050
NIFTY-III.NFO,13/09/2024,09:34:57,25588.9,25586.15,175,25588,100,0,344050
NIFTY-III.NFO,13/09/2024,09:34:59,25588,25585.3,225,25588,50,50,344050
NIFTY-III.NFO,13/09/2024,09:35:01,25590,25590.45,100,25592,300,75,344050
NIFTY-III.NFO,13/09/2024,09:35:02,25593,25591.7,175,25596.9,75,325,344050
NIFTY-III.NFO,13/09/2024,09:35:04,25593,25596.45,100,25600,325,0,344050
NIFTY-III.NFO,13/09/2024,09:35:06,25593,25597.55,225,25600,325,0,344050
NIFTY-III.NFO,13/09/2024,09:35:07,25600,25599.55,225,25605,25,325,344050
NIFTY-III.NFO,13/09/2024,09:35:09,25600,25602.5,100,25605,25,0,344050
NIFTY-III.NFO,13/09/2024,09:35:11,25605,25598.95,100,25606.35,50,25,344050
NIFTY-III.NFO,13/09/2024,09:35:12,25605,25599.1,100,25604.8,50,0,344050
NIFTY-III.NFO,13/09/2024,09:35:14,25604.05,25602.5,50,25604.3,125,25,344050
NIFTY-III.NFO,13/09/2024,09:35:16,25604.05,25597.65,100,25603,200,0,344050
NIFTY-III.NFO,13/09/2024,09:35:17,25604.05,25600.5,175,25605.5,125,0,344050
NIFTY-III.NFO,13/09/2024,09:35:19,25600.5,25600.05,100,25604.8,175,575,344050
NIFTY-III.NFO,13/09/2024,09:35:20,25600.5,25600,75,25604.4,175,0,344050
NIFTY-III.NFO,13/09/2024,09:35:22,25600.5,25600,75,25603.8,200,0,344050
NIFTY-III.NFO,13/09/2024,09:35:24,25600.5,25600.05,100,25605,200,0,344050
NIFTY-III.NFO,13/09/2024,09:35:25,25600.95,25600.95,25,25606.55,100,200,344050
NIFTY-III.NFO,13/09/2024,09:35:27,25600.95,25600.05,50,25606.2,100,0,344050
NIFTY-III.NFO,13/09/2024,09:35:29,25600.95,25600.05,125,25606.05,175,0,344050
NIFTY-III.NFO,13/09/2024,09:35:30,25600.05,25600.05,25,25605.15,175,50,344050
NIFTY-III.NFO,13/09/2024,09:35:32,25605.75,25600.65,100,25606.7,175,25,344050
NIFTY-III.NFO,13/09/2024,09:35:34,25605.75,25600.45,25,25606.1,100,0,344050
NIFTY-III.NFO,13/09/2024,09:35:35,25605.75,25603.8,75,25607.9,100,0,344050
NIFTY-III.NFO,13/09/2024,09:35:37,25605.75,25600.95,25,25607.05,150,0,344050
NIFTY-III.NFO,13/09/2024,09:35:39,25605.75,25600.55,25,25606.6,100,0,344050
NIFTY-III.NFO,13/09/2024,09:35:40,25605.75,25600.75,75,25606.9,100,0,344050
NIFTY-III.NFO,13/09/2024,09:35:42,25601.25,25600.4,50,25607.75,125,25,344050
NIFTY-III.NFO,13/09/2024,09:35:43,25606,25600.4,50,25606.1,50,50,344050
NIFTY-III.NFO,13/09/2024,09:35:45,25606,25600.4,125,25606.45,175,25,344050
NIFTY-III.NFO,13/09/2024,09:35:47,25606,25600.8,50,25606.95,175,0,344050
NIFTY-III.NFO,13/09/2024,09:35:48,25606,25601.2,50,25607,100,0,344050
NIFTY-III.NFO,13/09/2024,09:35:50,25606,25600,225,25605.55,100,0,344050
NIFTY-III.NFO,13/09/2024,09:35:51,25605.55,25600.05,25,25605.55,150,25,344050
NIFTY-III.NFO,13/09/2024,09:35:53,25605.55,25602,25,25607.95,100,0,344050
NIFTY-III.NFO,13/09/2024,09:35:55,25605.55,25602.1,25,25607.95,100,0,344050
NIFTY-III.NFO,13/09/2024,09:35:56,25606,25605.1,25,25610,25,150,344050
NIFTY-III.NFO,13/09/2024,09:35:58,25606,25607.95,250,25610,25,0,344050
NIFTY-III.NFO,13/09/2024,09:36:00,25607.95,25607.95,225,25610,25,25,344050
NIFTY-III.NFO,13/09/2024,09:36:01,25610.7,25610.7,125,25616.95,125,50,344050
NIFTY-III.NFO,13/09/2024,09:36:03,25610.7,25610.4,150,25617.05,175,0,344050
NIFTY-III.NFO,13/09/2024,09:36:05,25610.7,25609.85,125,25616.2,75,0,344050
NIFTY-III.NFO,13/09/2024,09:36:06,25610.7,25608.9,50,25614.95,50,0,344050
NIFTY-III.NFO,13/09/2024,09:36:08,25611.65,25613.4,125,25618,25,50,344050
NIFTY-III.NFO,13/09/2024,09:36:09,25611.65,25612.95,175,25618,25,0,344050
NIFTY-III.NFO,13/09/2024,09:36:11,25613.1,25613,50,25618,100,125,344050
NIFTY-III.NFO,13/09/2024,09:36:13,25613.1,25611.5,50,25616.4,125,0,344050
NIFTY-III.NFO,13/09/2024,09:36:14,25613.1,25611.45,125,25616.3,50,0,344050
NIFTY-III.NFO,13/09/2024,09:36:16,25613.1,25615,25,25616.25,50,0,344050
NIFTY-III.NFO,13/09/2024,09:36:18,25615,25610.7,150,25617.1,125,25,344050
NIFTY-III.NFO,13/09/2024,09:36:19,25615,25612.5,125,25617.6,125,0,344050
NIFTY-III.NFO,13/09/2024,09:36:21,25615,25611.3,175,25617.1,125,0,344050
NIFTY-III.NFO,13/09/2024,09:36:23,25617.1,25611.45,50,25616.35,125,25,344050
NIFTY-III.NFO,13/09/2024,09:36:24,25617.1,25611.8,50,25616.85,100,0,344050
NIFTY-III.NFO,13/09/2024,09:36:26,25617.1,25611.35,50,25615.95,175,0,344050
NIFTY-III.NFO,13/09/2024,09:36:28,25617.1,25610.7,25,25613.4,50,0,344050
NIFTY-III.NFO,13/09/2024,09:36:30,25613.6,25610.7,25,25614,100,225,344050
NIFTY-III.NFO,13/09/2024,09:36:31,25613.6,25610.7,25,25612.4,100,0,344050
NIFTY-III.NFO,13/09/2024,09:36:33,25610.7,25610,25,25610.15,75,25,344050
NIFTY-III.NFO,13/09/2024,09:36:35,25610.7,25610,25,25612.95,100,0,344050
NIFTY-III.NFO,13/09/2024,09:36:36,25613,25610,25,25612.25,175,25,344050
NIFTY-III.NFO,13/09/2024,09:36:38,25613,25610,25,25611.25,50,0,344050
NIFTY-III.NFO,13/09/2024,09:36:39,25613,25610,25,25611.55,100,0,344050
NIFTY-III.NFO,13/09/2024,09:36:41,25610,25607.4,100,25612.4,50,25,344375
NIFTY-III.NFO,13/09/2024,09:36:43,25610,25607.05,100,25611.95,150,0,344375
NIFTY-III.NFO,13/09/2024,09:36:44,25610,25609.15,50,25613.55,100,0,344375
NIFTY-III.NFO,13/09/2024,09:36:46,25606.3,25606.5,50,25611.65,150,250,344375
NIFTY-III.NFO,13/09/2024,09:36:48,25606.3,25606.9,50,25611.8,100,0,344375
NIFTY-III.NFO,13/09/2024,09:36:49,25606.3,25606.9,50,25612.4,100,0,344375
NIFTY-III.NFO,13/09/2024,09:36:51,25606.3,25605.4,175,25610,25,0,344375
NIFTY-III.NFO,13/09/2024,09:36:53,25606.3,25605.2,50,25610,25,0,344375
NIFTY-III.NFO,13/09/2024,09:36:54,25606.3,25607,150,25610,25,0,344375
NIFTY-III.NFO,13/09/2024,09:36:56,25606.3,25607,225,25610,25,0,344375
NIFTY-III.NFO,13/09/2024,09:36:58,25606.3,25607,150,25610,25,0,344375
NIFTY-III.NFO,13/09/2024,09:36:59,25606.3,25607.9,100,25610,25,0,344375
NIFTY-III.NFO,13/09/2024,09:37:01,25610,25608.05,175,25613.55,225,25,344375
NIFTY-III.NFO,13/09/2024,09:37:03,25610,25607.15,100,25612.35,175,0,344375
NIFTY-III.NFO,13/09/2024,09:37:04,25610,25607,225,25612.45,100,0,344375
NIFTY-III.NFO,13/09/2024,09:37:06,25611.85,25610,25,25611.8,100,50,344375
NIFTY-III.NFO,13/09/2024,09:37:08,25611.85,25610,25,25611.25,225,0,344375
NIFTY-III.NFO,13/09/2024,09:37:09,25611.85,25610,25,25612.55,175,0,344375
NIFTY-III.NFO,13/09/2024,09:37:11,25611.85,25610,25,25613.55,100,0,344375
NIFTY-III.NFO,13/09/2024,09:37:13,25611.85,25610,25,25611.75,150,0,344375
NIFTY-III.NFO,13/09/2024,09:37:14,25611.85,25610,25,25612.95,175,0,344375
NIFTY-III.NFO,13/09/2024,09:37:16,25611.85,25610,25,25612.15,225,0,344375
NIFTY-III.NFO,13/09/2024,09:37:18,25611,25610,25,25610.65,75,150,344375
NIFTY-III.NFO,13/09/2024,09:37:19,25611,25610,25,25610.95,100,0,344375
NIFTY-III.NFO,13/09/2024,09:37:21,25611,25610,25,25610.95,175,0,344375
NIFTY-III.NFO,13/09/2024,09:37:24,25610,25603.1,100,25609.25,50,25,344375
NIFTY-III.NFO,13/09/2024,09:37:26,25602.2,25602.2,150,25608.1,125,25,344375
NIFTY-III.NFO,13/09/2024,09:37:28,25602.2,25600.05,100,25605.95,50,0,344375
NIFTY-III.NFO,13/09/2024,09:37:29,25602.2,25601.25,75,25605.45,125,0,344375
NIFTY-III.NFO,13/09/2024,09:37:31,25602.2,25601.45,25,25607.5,100,0,344375
NIFTY-III.NFO,13/09/2024,09:37:33,25602.2,25602.2,75,25608.6,50,0,344375
NIFTY-III.NFO,13/09/2024,09:37:34,25602.2,25602.8,150,25608.95,50,0,344375
NIFTY-III.NFO,13/09/2024,09:37:36,25602.2,25601.1,25,25607.55,175,0,344375
NIFTY-III.NFO,13/09/2024,09:37:37,25602.2,25600.9,100,25606.45,225,0,344375
NIFTY-III.NFO,13/09/2024,09:37:39,25602.2,25605,100,25606.25,50,0,344375
NIFTY-III.NFO,13/09/2024,09:37:41,25602.2,25605,100,25606.55,150,0,344375
NIFTY-III.NFO,13/09/2024,09:37:42,25602.2,25605,100,25608,25,0,344375
NIFTY-III.NFO,13/09/2024,09:37:44,25602.2,25605.05,100,25608,25,0,344375
NIFTY-III.NFO,13/09/2024,09:37:46,25605,25605,25,25608,25,75,344375
NIFTY-III.NFO,13/09/2024,09:37:47,25605,25601.85,25,25607.2,50,25,344375
NIFTY-III.NFO,13/09/2024,09:37:49,25605,25602.05,150,25608,25,0,344375
NIFTY-III.NFO,13/09/2024,09:37:51,25605,25603.85,150,25608,25,0,344375
NIFTY-III.NFO,13/09/2024,09:37:52,25608,25604.7,150,25610,50,25,344375
NIFTY-III.NFO,13/09/2024,09:37:54,25608,25603.55,25,25609.15,150,0,344375
NIFTY-III.NFO,13/09/2024,09:37:55,25608,25605.05,25,25609.95,100,0,344375
NIFTY-III.NFO,13/09/2024,09:37:57,25608,25605,25,25608.55,100,0,344375
NIFTY-III.NFO,13/09/2024,09:37:59,25608,25605,25,25609.85,100,0,344375
NIFTY-III.NFO,13/09/2024,09:38:00,25608,25605,25,25607.15,175,0,344375
NIFTY-III.NFO,13/09/2024,09:38:02,25608,25605,25,25607.35,175,0,344375
NIFTY-III.NFO,13/09/2024,09:38:04,25608,25605,25,25606.15,175,0,344375
NIFTY-III.NFO,13/09/2024,09:38:05,25605,25602.2,50,25605.05,100,25,344375
NIFTY-III.NFO,13/09/2024,09:38:07,25605,25602.2,50,25605.35,150,0,344375
NIFTY-III.NFO,13/09/2024,09:38:09,25605,25602.2,50,25605.65,225,0,344375
NIFTY-III.NFO,13/09/2024,09:38:10,25605,25602.2,50,25603.95,175,0,344375
NIFTY-III.NFO,13/09/2024,09:38:12,25603.8,25600,275,25602.1,175,50,344375
NIFTY-III.NFO,13/09/2024,09:38:14,25603.8,25600,275,25602.45,175,0,344375
NIFTY-III.NFO,13/09/2024,09:38:17,25600,25600,100,25600.15,100,175,344375
NIFTY-III.NFO,13/09/2024,09:38:19,25600,25592.25,75,25597.15,150,100,344375
NIFTY-III.NFO,13/09/2024,09:38:20,25596.6,25591.55,75,25595.65,225,50,344375
NIFTY-III.NFO,13/09/2024,09:38:22,25596.6,25592.1,75,25596.4,100,0,344375
NIFTY-III.NFO,13/09/2024,09:38:24,25596.6,25590,50,25593.7,100,0,344375
NIFTY-III.NFO,13/09/2024,09:38:27,25596.6,25590,50,25591.5,100,0,344375
NIFTY-III.NFO,13/09/2024,09:38:29,25590,25588,25,25590.45,100,50,344375
NIFTY-III.NFO,13/09/2024,09:38:30,25590,25588,100,25592.6,100,0,344375
NIFTY-III.NFO,13/09/2024,09:38:32,25588.45,25589.4,25,25595.3,225,50,344375
NIFTY-III.NFO,13/09/2024,09:38:33,25588.45,25591.45,50,25596.45,100,0,344375
NIFTY-III.NFO,13/09/2024,09:38:35,25588.45,25590.45,75,25596.35,150,0,344375
NIFTY-III.NFO,13/09/2024,09:38:37,25588.45,25588,25,25592.35,150,0,344375
NIFTY-III.NFO,13/09/2024,09:38:38,25588.45,25588,25,25592.75,150,0,344375
NIFTY-III.NFO,13/09/2024,09:38:40,25588.45,25588.45,25,25592.85,175,0,344375
NIFTY-III.NFO,13/09/2024,09:38:42,25588.45,25588.45,50,25591.8,225,0,344375
NIFTY-III.NFO,13/09/2024,09:38:44,25588.45,25588.45,50,25592.5,225,0,344375
NIFTY-III.NFO,13/09/2024,09:38:45,25588.45,25588.8,100,25594.3,100,0,344375
NIFTY-III.NFO,13/09/2024,09:38:47,25590,25588.5,25,25593.55,150,25,344375
NIFTY-III.NFO,13/09/2024,09:38:48,25590,25588.45,50,25593.2,150,0,344375
NIFTY-III.NFO,13/09/2024,09:38:50,25590,25588.45,50,25592.65,100,0,344375
NIFTY-III.NFO,13/09/2024,09:38:52,25590,25588.45,50,25591.55,125,0,344375
NIFTY-III.NFO,13/09/2024,09:38:53,25590,25588.45,50,25592.15,200,0,344375
NIFTY-III.NFO,13/09/2024,09:38:55,25590,25588.85,25,25594.2,100,0,344375
NIFTY-III.NFO,13/09/2024,09:38:57,25590,25588.45,50,25592.65,125,0,344375
NIFTY-III.NFO,13/09/2024,09:38:58,25590,25588.45,50,25592.55,150,0,344375
NIFTY-III.NFO,13/09/2024,09:39:00,25590,25590,25,25592.4,225,0,344375
NIFTY-III.NFO,13/09/2024,09:39:02,25588.45,25588,25,25588.65,250,50,344375
NIFTY-III.NFO,13/09/2024,09:39:03,25588,25582.85,25,25588.5,150,25,344375
NIFTY-III.NFO,13/09/2024,09:39:05,25588,25580.25,75,25586.3,225,0,344375
NIFTY-III.NFO,13/09/2024,09:39:07,25584.85,25580,125,25582.1,225,50,344375
NIFTY-III.NFO,13/09/2024,09:39:08,25580,25576.8,25,25581.2,50,125,344375
NIFTY-III.NFO,13/09/2024,09:39:10,25580,25575.15,25,25579.7,100,0,344375
NIFTY-III.NFO,13/09/2024,09:39:12,25580,25575.1,200,25577.75,125,0,344375
NIFTY-III.NFO,13/09/2024,09:39:13,25580,25575.1,200,25576.85,125,0,344375
NIFTY-III.NFO,13/09/2024,09:39:15,25580,25575.1,200,25577.55,200,0,344375
NIFTY-III.NFO,13/09/2024,09:39:17,25574.95,25575,275,25575.8,200,475,344375
NIFTY-III.NFO,13/09/2024,09:39:18,25576.15,25572.55,50,25577.5,50,550,344375
NIFTY-III.NFO,13/09/2024,09:39:20,25576.15,25574.75,225,25579.95,50,0,344375
NIFTY-III.NFO,13/09/2024,09:39:22,25576.15,25575.35,125,25580.6,250,0,344375
NIFTY-III.NFO,13/09/2024,09:39:23,25576.15,25574.65,100,25580.8,175,0,344375
NIFTY-III.NFO,13/09/2024,09:39:25,25576.15,25571.65,100,25579.8,375,0,344375
NIFTY-III.NFO,13/09/2024,09:39:27,25577.95,25571.85,125,25577.45,50,75,344375
NIFTY-III.NFO,13/09/2024,09:39:28,25577.95,25570,625,25575.95,375,0,344375
NIFTY-III.NFO,13/09/2024,09:39:30,25577.95,25572.7,175,25578,25,0,344375
NIFTY-III.NFO,13/09/2024,09:39:32,25577.95,25571.75,175,25576.95,50,0,344375
NIFTY-III.NFO,13/09/2024,09:39:33,25577.95,25576.15,125,25577.95,25,0,344375
NIFTY-III.NFO,13/09/2024,09:39:35,25577.95,25576.15,125,25577.95,100,0,344375
NIFTY-III.NFO,13/09/2024,09:39:37,25577.95,25576.15,125,25576.6,125,0,344375
NIFTY-III.NFO,13/09/2024,09:39:38,25576.15,25570.05,50,25575.65,50,125,344375
NIFTY-III.NFO,13/09/2024,09:39:40,25576.15,25570.95,50,25576.05,250,0,344375
NIFTY-III.NFO,13/09/2024,09:39:41,25576.15,25572.7,175,25577.9,50,0,344375
NIFTY-III.NFO,13/09/2024,09:39:43,25576.15,25571,125,25574,25,0,344375
NIFTY-III.NFO,13/09/2024,09:39:45,25574,25570.75,175,25577.05,125,25,344275
NIFTY-III.NFO,13/09/2024,09:39:46,25574,25573.15,125,25576,25,0,344275
NIFTY-III.NFO,13/09/2024,09:39:48,25574,25574.7,150,25576,25,0,344275
NIFTY-III.NFO,13/09/2024,09:39:50,25574,25574.9,150,25576,25,0,344275
NIFTY-III.NFO,13/09/2024,09:39:51,25576.2,25575.35,150,25580,500,50,344275
NIFTY-III.NFO,13/09/2024,09:39:53,25576.2,25576.15,100,25580,500,0,344275
NIFTY-III.NFO,13/09/2024,09:39:55,25576.2,25577.05,100,25580,500,0,344275
NIFTY-III.NFO,13/09/2024,09:39:56,25576.2,25578.3,100,25580,500,0,344275
NIFTY-III.NFO,13/09/2024,09:39:58,25580,25581.2,100,25586.7,25,500,344275
NIFTY-III.NFO,13/09/2024,09:40:00,25580,25582.7,150,25587.6,75,0,344275
NIFTY-III.NFO,13/09/2024,09:40:01,25580,25585.25,175,25590.95,75,0,344275
NIFTY-III.NFO,13/09/2024,09:40:03,25580,25586.7,150,25592.55,25,0,344275
NIFTY-III.NFO,13/09/2024,09:40:05,25580,25585.25,100,25591,25,0,344275
NIFTY-III.NFO,13/09/2024,09:40:06,25585.25,25586.8,100,25592.75,50,50,344275
NIFTY-III.NFO,13/09/2024,09:40:08,25585.25,25585.55,150,25591.65,150,0,344275
NIFTY-III.NFO,13/09/2024,09:40:10,25590.55,25585.5,225,25591.6,150,250,344275
NIFTY-III.NFO,13/09/2024,09:40:11,25590.55,25585.5,175,25592.1,125,0,344275
NIFTY-III.NFO,13/09/2024,09:40:13,25590.55,25584.4,175,25591.5,375,0,344275
NIFTY-III.NFO,13/09/2024,09:40:14,25590.55,25586,175,25592,225,0,344275
NIFTY-III.NFO,13/09/2024,09:40:16,25590.55,25585.55,100,25592,150,0,344275
NIFTY-III.NFO,13/09/2024,09:40:18,25591.65,25585,375,25590.25,375,25,344275
NIFTY-III.NFO,13/09/2024,09:40:19,25591.65,25585.05,100,25591.15,175,0,344275
NIFTY-III.NFO,13/09/2024,09:40:21,25591.65,25585.85,175,25590,50,0,344275
NIFTY-III.NFO,13/09/2024,09:40:23,25591.65,25585.95,100,25590,50,0,344275
NIFTY-III.NFO,13/09/2024,09:40:24,25591.65,25585.8,100,25590,50,0,344275
NIFTY-III.NFO,13/09/2024,09:40:26,25590,25585.8,100,25590,25,25,344275
NIFTY-III.NFO,13/09/2024,09:40:28,25590,25586.85,75,25590,25,0,344275
NIFTY-III.NFO,13/09/2024,09:40:29,25590,25585.5,225,25590,25,0,344275
NIFTY-III.NFO,13/09/2024,09:40:31,25590,25586.3,100,25590,25,0,344275
NIFTY-III.NFO,13/09/2024,09:40:33,25590,25584.75,75,25589.95,125,0,344275
NIFTY-III.NFO,13/09/2024,09:40:34,25590,25586.5,100,25590,75,0,344275
NIFTY-III.NFO,13/09/2024,09:40:36,25590,25587.35,175,25590,75,0,344275
NIFTY-III.NFO,13/09/2024,09:40:38,25590,25589,175,25590,75,0,344275
NIFTY-III.NFO,13/09/2024,09:40:39,25590,25589.65,175,25592,100,75,344275
NIFTY-III.NFO,13/09/2024,09:40:41,25590,25589.75,100,25592,100,0,344275
NIFTY-III.NFO,13/09/2024,09:40:43,25590,25590.15,100,25592,100,0,344275
NIFTY-III.NFO,13/09/2024,09:40:44,25590,25590.05,225,25592,100,0,344275
NIFTY-III.NFO,13/09/2024,09:40:46,25590,25589.35,100,25590,25,0,344275
NIFTY-III.NFO,13/09/2024,09:40:48,25590,25589.3,100,25590,25,0,344275
NIFTY-III.NFO,13/09/2024,09:40:49,25590,25586.8,100,25590,25,0,344275
NIFTY-III.NFO,13/09/2024,09:40:51,25590,25586.2,250,25590,25,0,344275
NIFTY-III.NFO,13/09/2024,09:40:53,25590,25588.2,175,25590,25,0,344275
NIFTY-III.NFO,13/09/2024,09:40:54,25590,25587.6,100,25589,100,0,344275
NIFTY-III.NFO,13/09/2024,09:40:56,25590,25588.6,175,25589,100,0,344275
NIFTY-III.NFO,13/09/2024,09:40:58,25590,25589.4,175,25595.5,375,125,344275
NIFTY-III.NFO,13/09/2024,09:40:59,25590,25589.8,100,25595.65,200,0,344275
NIFTY-III.NFO,13/09/2024,09:41:01,25590,25592.9,175,25598.05,150,0,344275
NIFTY-III.NFO,13/09/2024,09:41:03,25590,25596.15,75,25600,50,0,344275
NIFTY-III.NFO,13/09/2024,09:41:04,25590,25595.2,100,25600,50,0,344275
NIFTY-III.NFO,13/09/2024,09:41:06,25590,25592.45,175,25599.65,125,0,344275
NIFTY-III.NFO,13/09/2024,09:41:08,25590,25592.75,175,25599.15,375,0,344275
NIFTY-III.NFO,13/09/2024,09:41:09,25590,25592.65,175,25598.85,175,0,344275
NIFTY-III.NFO,13/09/2024,09:41:11,25590,25591.9,225,25597.55,125,0,344275
NIFTY-III.NFO,13/09/2024,09:41:13,25590,25590,100,25597.1,550,0,344275
NIFTY-III.NFO,13/09/2024,09:41:14,25590,25590.55,175,25595.35,75,0,344275
NIFTY-III.NFO,13/09/2024,09:41:16,25590,25590,25,25593.9,175,0,344275
NIFTY-III.NFO,13/09/2024,09:41:18,25590,25590,25,25591.75,175,0,344275
NIFTY-III.NFO,13/09/2024,09:41:19,25590,25583.5,175,25590.35,125,25,344275
NIFTY-III.NFO,13/09/2024,09:41:21,25590,25582.35,100,25588,200,0,344275
NIFTY-III.NFO,13/09/2024,09:41:23,25590,25582.3,25,25587.2,100,0,344275
NIFTY-III.NFO,13/09/2024,09:41:24,25590,25582.3,25,25586.8,75,0,344275
NIFTY-III.NFO,13/09/2024,09:41:26,25590,25584,75,25588.6,50,0,344275
NIFTY-III.NFO,13/09/2024,09:41:28,25590,25585,25,25589.55,375,0,344275
NIFTY-III.NFO,13/09/2024,09:41:29,25590,25585,25,25589.25,375,0,344275
NIFTY-III.NFO,13/09/2024,09:41:31,25590,25585,25,25589.4,175,0,344275
NIFTY-III.NFO,13/09/2024,09:41:33,25590,25585,25,25587.45,250,0,344275
NIFTY-III.NFO,13/09/2024,09:41:34,25590,25585,25,25587.4,325,0,344275
NIFTY-III.NFO,13/09/2024,09:41:36,25590,25585,25,25587.4,250,0,344275
NIFTY-III.NFO,13/09/2024,09:41:38,25590,25585,25,25588.65,75,0,344275
NIFTY-III.NFO,13/09/2024,09:41:39,25590,25585.05,175,25590.1,50,0,344275
NIFTY-III.NFO,13/09/2024,09:41:41,25590,25585,25,25589.8,300,0,344275
NIFTY-III.NFO,13/09/2024,09:41:43,25590,25585,25,25588.45,250,0,344275
NIFTY-III.NFO,13/09/2024,09:41:44,25590,25585,25,25589.15,325,0,344275
NIFTY-III.NFO,13/09/2024,09:41:46,25590,25585,25,25589,175,0,344275
NIFTY-III.NFO,13/09/2024,09:41:48,25590.45,25585.25,100,25590.55,250,25,344275
NIFTY-III.NFO,13/09/2024,09:41:49,25590.45,25586.1,100,25591.25,325,0,344275
NIFTY-III.NFO,13/09/2024,09:41:51,25590.45,25590,25,25591.2,250,0,344275
NIFTY-III.NFO,13/09/2024,09:41:53,25590.45,25590,25,25592,250,0,344275
NIFTY-III.NFO,13/09/2024,09:41:54,25590.45,25590,25,25591.25,325,0,344275
NIFTY-III.NFO,13/09/2024,09:41:56,25590.45,25590,25,25590.5,325,0,344275
NIFTY-III.NFO,13/09/2024,09:41:58,25589.2,25585,25,25589.1,250,125,344275
NIFTY-III.NFO,13/09/2024,09:41:59,25589.2,25585.05,175,25590.35,250,0,344275
NIFTY-III.NFO,13/09/2024,09:42:01,25589.2,25585,25,25589.2,125,0,344275
NIFTY-III.NFO,13/09/2024,09:42:03,25589.2,25585,25,25587.95,250,0,344275
NIFTY-III.NFO,13/09/2024,09:42:04,25589.2,25585.05,175,25590.05,250,0,344275
NIFTY-III.NFO,13/09/2024,09:42:06,25589.2,25585.05,100,25589.3,250,0,344275
NIFTY-III.NFO,13/09/2024,09:42:08,25589.2,25585,25,25588.15,250,0,344275
NIFTY-III.NFO,13/09/2024,09:42:11,25589.2,25585,25,25586.65,250,0,344275
NIFTY-III.NFO,13/09/2024,09:42:14,25589.2,25585,25,25588.1,250,0,344275
NIFTY-III.NFO,13/09/2024,09:42:16,25589.2,25585,25,25588.1,300,0,344275
NIFTY-III.NFO,13/09/2024,09:42:18,25589.2,25588,25,25588.8,250,0,344275
NIFTY-III.NFO,13/09/2024,09:42:19,25588,25585,25,25587.9,300,25,344275
NIFTY-III.NFO,13/09/2024,09:42:21,25588,25585,100,25589.8,50,0,344275
NIFTY-III.NFO,13/09/2024,09:42:23,25588,25586.4,175,25592.15,325,0,344275
NIFTY-III.NFO,13/09/2024,09:42:24,25588,25587.6,325,25592.15,250,0,344275
NIFTY-III.NFO,13/09/2024,09:42:26,25588,25588.4,175,25593.65,250,0,344275
NIFTY-III.NFO,13/09/2024,09:42:28,25589.45,25589.25,175,25593.9,25,25,344275
NIFTY-III.NFO,13/09/2024,09:42:29,25589.45,25590.8,175,25596.05,100,0,344275
NIFTY-III.NFO,13/09/2024,09:42:31,25589.45,25591.4,175,25596.6,100,0,344275
NIFTY-III.NFO,13/09/2024,09:42:33,25589.45,25589.35,225,25594.95,100,0,344275
NIFTY-III.NFO,13/09/2024,09:42:34,25589.45,25590.35,150,25594.95,25,0,344275
NIFTY-III.NFO,13/09/2024,09:42:36,25589.45,25588.3,175,25593.4,100,0,344275
NIFTY-III.NFO,13/09/2024,09:42:38,25589.45,25585.05,175,25590.45,25,0,344275
NIFTY-III.NFO,13/09/2024,09:42:39,25589.45,25585.05,100,25589.45,50,0,344275
NIFTY-III.NFO,13/09/2024,09:42:41,25589.4,25585,25,25589.25,325,50,344275
NIFTY-III.NFO,13/09/2024,09:42:43,25589.4,25587,25,25587.35,250,0,344275
NIFTY-III.NFO,13/09/2024,09:42:44,25587,25585,25,25586.25,125,25,344700
NIFTY-III.NFO,13/09/2024,09:42:46,25587,25585,25,25586.25,50,0,344700
NIFTY-III.NFO,13/09/2024,09:42:48,25587,25585,25,25588.3,150,0,344700
NIFTY-III.NFO,13/09/2024,09:42:49,25587,25585,25,25588.15,325,0,344700
NIFTY-III.NFO,13/09/2024,09:42:51,25587,25585,25,25587.75,50,0,344700
NIFTY-III.NFO,13/09/2024,09:42:53,25588.05,25585,25,25588.1,250,25,344700
NIFTY-III.NFO,13/09/2024,09:42:54,25588.05,25585,25,25588.75,250,0,344700
NIFTY-III.NFO,13/09/2024,09:42:56,25588.05,25585,25,25589.45,50,0,344700
NIFTY-III.NFO,13/09/2024,09:42:58,25588.05,25585,25,25589.4,325,0,344700
NIFTY-III.NFO,13/09/2024,09:42:59,25588.05,25585,25,25587.9,325,0,344700
NIFTY-III.NFO,13/09/2024,09:43:01,25587.4,25585,25,25587.9,325,25,344700
NIFTY-III.NFO,13/09/2024,09:43:03,25587.4,25585,25,25586.25,325,0,344700
NIFTY-III.NFO,13/09/2024,09:43:04,25587.4,25585,25,25587.5,250,0,344700
NIFTY-III.NFO,13/09/2024,09:43:06,25587.4,25585,25,25588.9,125,0,344700
NIFTY-III.NFO,13/09/2024,09:43:08,25587.4,25585,25,25588.7,175,0,344700
NIFTY-III.NFO,13/09/2024,09:43:11,25587.4,25586,25,25588.7,300,0,344700
NIFTY-III.NFO,13/09/2024,09:43:13,25587.4,25586,25,25588.6,325,0,344700
NIFTY-III.NFO,13/09/2024,09:43:14,25587.4,25586,25,25588.55,325,0,344700
NIFTY-III.NFO,13/09/2024,09:43:16,25587.4,25586,25,25587.8,325,0,344700
NIFTY-III.NFO,13/09/2024,09:43:17,25587.4,25586,25,25588.5,250,0,344700
NIFTY-III.NFO,13/09/2024,09:43:19,25587.4,25586.65,100,25589.45,50,0,344700
NIFTY-III.NFO,13/09/2024,09:43:21,25587.4,25586,25,25589.45,50,0,344700
NIFTY-III.NFO,13/09/2024,09:43:22,25587.4,25586,25,25589,250,0,344700
NIFTY-III.NFO,13/09/2024,09:43:24,25587.4,25586,25,25589.15,250,0,344700
NIFTY-III.NFO,13/09/2024,09:43:26,25587.4,25586,25,25588,250,0,344700
NIFTY-III.NFO,13/09/2024,09:43:27,25587.4,25586,100,25588,250,0,344700
NIFTY-III.NFO,13/09/2024,09:43:29,25587.4,25587,25,25588,250,0,344700
NIFTY-III.NFO,13/09/2024,09:43:31,25587.4,25587.4,25,25588,250,0,344700
NIFTY-III.NFO,13/09/2024,09:43:32,25587.4,25587.65,100,25588,250,0,344700
NIFTY-III.NFO,13/09/2024,09:43:34,25588,25587.5,125,25589.45,50,250,344700
NIFTY-III.NFO,13/09/2024,09:43:36,25588,25588.05,125,25589.45,50,0,344700
NIFTY-III.NFO,13/09/2024,09:43:37,25588,25587.5,125,25589.45,50,0,344700
NIFTY-III.NFO,13/09/2024,09:43:39,25588,25588,375,25589.45,50,0,344700
NIFTY-III.NFO,13/09/2024,09:43:41,25588,25587.5,125,25589.45,50,0,344700
NIFTY-III.NFO,13/09/2024,09:43:42,25588,25587.4,25,25589.45,50,0,344700
NIFTY-III.NFO,13/09/2024,09:43:44,25588,25587.4,150,25589.45,50,0,344700
NIFTY-III.NFO,13/09/2024,09:43:46,25588,25587.6,50,25589.45,50,0,344700
NIFTY-III.NFO,13/09/2024,09:43:47,25589.45,25587.7,50,25589.45,25,25,344700
NIFTY-III.NFO,13/09/2024,09:43:49,25589.45,25588,25,25589.45,25,0,344700
NIFTY-III.NFO,13/09/2024,09:43:51,25588.05,25588.05,125,25590,100,75,344700
NIFTY-III.NFO,13/09/2024,09:43:52,25588.05,25589.45,125,25590,100,0,344700
NIFTY-III.NFO,13/09/2024,09:43:54,25590,25589.45,125,25595.3,175,100,344700
NIFTY-III.NFO,13/09/2024,09:43:56,25590,25591,50,25597.95,175,0,344700
NIFTY-III.NFO,13/09/2024,09:43:57,25590,25591.85,125,25597.55,100,0,344700
NIFTY-III.NFO,13/09/2024,09:43:59,25590,25593,125,25598.15,100,0,344700
NIFTY-III.NFO,13/09/2024,09:44:01,25590,25592.2,325,25597.55,150,0,344700
NIFTY-III.NFO,13/09/2024,09:44:02,25590,25589.9,125,25595.85,100,0,344700
NIFTY-III.NFO,13/09/2024,09:44:04,25590,25588.25,50,25594.45,100,0,344700
NIFTY-III.NFO,13/09/2024,09:44:05,25590,25588,50,25592.75,225,0,344700
NIFTY-III.NFO,13/09/2024,09:44:07,25592.8,25588.45,175,25594.1,100,100,344700
NIFTY-III.NFO,13/09/2024,09:44:09,25592.8,25588,50,25592.1,175,0,344700
NIFTY-III.NFO,13/09/2024,09:44:10,25592.8,25588,125,25593.4,175,0,344700
NIFTY-III.NFO,13/09/2024,09:44:12,25592.8,25588,50,25593.35,100,0,344700
NIFTY-III.NFO,13/09/2024,09:44:14,25592.8,25590.35,150,25595.1,100,0,344700
NIFTY-III.NFO,13/09/2024,09:44:15,25592.8,25589.6,225,25594.85,100,0,344700
NIFTY-III.NFO,13/09/2024,09:44:17,25592.8,25590.35,175,25594.9,50,0,344700
NIFTY-III.NFO,13/09/2024,09:44:18,25591.45,25591.45,150,25597.15,175,25,344700
NIFTY-III.NFO,13/09/2024,09:44:20,25591.45,25591.15,75,25596.8,175,0,344700
NIFTY-III.NFO,13/09/2024,09:44:22,25591.45,25591.85,200,25597.7,175,0,344700
NIFTY-III.NFO,13/09/2024,09:44:23,25591.45,25591.25,75,25596.85,100,0,344700
NIFTY-III.NFO,13/09/2024,09:44:25,25591.45,25590.85,200,25596.7,225,0,344700
NIFTY-III.NFO,13/09/2024,09:44:27,25591.45,25591.45,125,25597,225,0,344700
NIFTY-III.NFO,13/09/2024,09:44:28,25591.45,25591.85,100,25596.6,100,50,344700
NIFTY-III.NFO,13/09/2024,09:44:30,25591.45,25591.85,100,25596.65,25,0,344700
NIFTY-III.NFO,13/09/2024,09:44:32,25591.45,25592.95,150,25598,25,0,344700
NIFTY-III.NFO,13/09/2024,09:44:33,25591.45,25592.75,100,25597.9,75,0,344700
NIFTY-III.NFO,13/09/2024,09:44:35,25591.45,25593.45,100,25597.8,50,0,344700
NIFTY-III.NFO,13/09/2024,09:44:36,25591.45,25594.4,25,25598.1,25,0,344700
NIFTY-III.NFO,13/09/2024,09:44:38,25591.45,25595.3,150,25599.65,75,0,344700
NIFTY-III.NFO,13/09/2024,09:44:40,25591.45,25596.15,25,25600,75,0,344700
NIFTY-III.NFO,13/09/2024,09:44:41,25591.45,25596.45,25,25600,75,0,344700
NIFTY-III.NFO,13/09/2024,09:44:43,25591.45,25597.6,50,25600,75,0,344700
NIFTY-III.NFO,13/09/2024,09:44:45,25591.45,25596.8,50,25599.95,100,0,344700
NIFTY-III.NFO,13/09/2024,09:44:48,25591.45,25596.8,50,25600,75,0,344700
NIFTY-III.NFO,13/09/2024,09:44:50,25591.45,25596.85,25,25600,75,0,344700
NIFTY-III.NFO,13/09/2024,09:44:51,25591.45,25596.85,100,25600,75,0,344700
NIFTY-III.NFO,13/09/2024,09:44:53,25591.45,25597.05,250,25600,75,0,344700
NIFTY-III.NFO,13/09/2024,09:44:54,25591.45,25597.1,25,25600,75,0,344700
NIFTY-III.NFO,13/09/2024,09:44:56,25600,25596.8,50,25600,50,25,344700
NIFTY-III.NFO,13/09/2024,09:44:58,25600,25596.8,50,25600,50,0,344700
NIFTY-III.NFO,13/09/2024,09:44:59,25600,25599.6,100,25600,50,0,344700
NIFTY-III.NFO,13/09/2024,09:45:01,25600,25599.15,200,25603.8,175,50,344700
NIFTY-III.NFO,13/09/2024,09:45:03,25600,25597.9,200,25603.05,175,0,344700
NIFTY-III.NFO,13/09/2024,09:45:04,25600,25600,25,25603.65,75,0,344700
NIFTY-III.NFO,13/09/2024,09:45:06,25600,25600.05,25,25603.65,50,0,344700
NIFTY-III.NFO,13/09/2024,09:45:08,25601.1,25601.2,125,25604.65,25,25,344700
NIFTY-III.NFO,13/09/2024,09:45:09,25601.1,25601.9,175,25604.65,25,0,344700
NIFTY-III.NFO,13/09/2024,09:45:11,25601.1,25601.1,225,25604.65,25,0,344700
NIFTY-III.NFO,13/09/2024,09:45:13,25601.1,25600.2,75,25604.6,100,0,344700
NIFTY-III.NFO,13/09/2024,09:45:14,25601.1,25602.05,100,25604.65,25,0,344700
NIFTY-III.NFO,13/09/2024,09:45:16,25601.1,25601.45,100,25604.65,25,0,344700
NIFTY-III.NFO,13/09/2024,09:45:18,25604.65,25603.65,100,25608,100,25,344700
NIFTY-III.NFO,13/09/2024,09:45:19,25604.65,25604.35,50,25608,25,0,344700
NIFTY-III.NFO,13/09/2024,09:45:21,25603.65,25602.95,200,25607.65,100,25,344700
NIFTY-III.NFO,13/09/2024,09:45:23,25603.65,25601.8,125,25607.9,150,0,344700
NIFTY-III.NFO,13/09/2024,09:45:24,25603.65,25605,25,25607.7,175,0,344700
NIFTY-III.NFO,13/09/2024,09:45:26,25603.65,25605,25,25608,25,0,344700
NIFTY-III.NFO,13/09/2024,09:45:28,25603.65,25605,25,25607.4,50,0,344700
NIFTY-III.NFO,13/09/2024,09:45:29,25605,25602.7,100,25604.3,25,25,344700
NIFTY-III.NFO,13/09/2024,09:45:31,25605,25601.65,100,25604.3,25,0,344700
NIFTY-III.NFO,13/09/2024,09:45:33,25605,25602.5,100,25603.65,25,0,344700
NIFTY-III.NFO,13/09/2024,09:45:34,25605,25602.05,200,25603.65,25,0,344700
NIFTY-III.NFO,13/09/2024,09:45:36,25603.65,25604.05,175,25604.3,25,25,344700
NIFTY-III.NFO,13/09/2024,09:45:38,25604.3,25603.65,100,25608,25,25,344700
NIFTY-III.NFO,13/09/2024,09:45:39,25604.3,25603.65,100,25607.95,175,0,344700
NIFTY-III.NFO,13/09/2024,09:45:41,25604.3,25605.15,100,25608,25,0,344700
NIFTY-III.NFO,13/09/2024,09:45:43,25608,25604.15,175,25609.2,100,25,344700
NIFTY-III.NFO,13/09/2024,09:45:44,25608,25604.25,175,25609.15,25,0,345025
NIFTY-III.NFO,13/09/2024,09:45:46,25608,25606.95,100,25610,75,0,345025
NIFTY-III.NFO,13/09/2024,09:45:48,25608,25607,175,25610,75,0,345025
NIFTY-III.NFO,13/09/2024,09:45:49,25608,25607.05,225,25610,75,0,345025
NIFTY-III.NFO,13/09/2024,09:45:51,25608.5,25608.3,100,25610,75,50,345025
NIFTY-III.NFO,13/09/2024,09:45:53,25610,25608,25,25610,50,25,345025
NIFTY-III.NFO,13/09/2024,09:45:54,25610,25608,25,25610,50,0,345025
NIFTY-III.NFO,13/09/2024,09:45:56,25610,25608.45,100,25610,50,0,345025
NIFTY-III.NFO,13/09/2024,09:45:58,25610,25608,25,25610,50,0,345025
NIFTY-III.NFO,13/09/2024,09:45:59,25610,25607.4,125,25613.15,175,50,345025
NIFTY-III.NFO,13/09/2024,09:46:01,25610,25608.5,225,25613.85,100,0,345025
NIFTY-III.NFO,13/09/2024,09:46:03,25610,25608.55,225,25610,25,0,345025
NIFTY-III.NFO,13/09/2024,09:46:04,25610,25609.25,50,25610,50,0,345025
NIFTY-III.NFO,13/09/2024,09:46:06,25610,25609.05,200,25610,50,0,345025
NIFTY-III.NFO,13/09/2024,09:46:08,25610,25610,175,25614,25,50,345025
NIFTY-III.NFO,13/09/2024,09:46:09,25610,25611.1,25,25614,25,0,345025
NIFTY-III.NFO,13/09/2024,09:46:13,25614.85,25610,75,25614.3,175,50,345025
NIFTY-III.NFO,13/09/2024,09:46:14,25610,25610,50,25614.55,100,25,345025
NIFTY-III.NFO,13/09/2024,09:46:16,25610,25610,50,25612.45,175,0,345025
NIFTY-III.NFO,13/09/2024,09:46:18,25610,25610,50,25612.2,100,0,345025
NIFTY-III.NFO,13/09/2024,09:46:19,25610,25610.65,25,25612.4,225,0,345025
NIFTY-III.NFO,13/09/2024,09:46:21,25610,25610.65,25,25611.05,100,0,345025
NIFTY-III.NFO,13/09/2024,09:46:23,25610.65,25610,75,25611.05,100,25,345025
NIFTY-III.NFO,13/09/2024,09:46:24,25611.25,25610,75,25611.25,100,50,345025
NIFTY-III.NFO,13/09/2024,09:46:26,25610.65,25610,75,25612.75,175,25,345025
NIFTY-III.NFO,13/09/2024,09:46:28,25610.65,25610,75,25612.25,100,0,345025
NIFTY-III.NFO,13/09/2024,09:46:29,25610.65,25610,75,25612.3,50,0,345025
NIFTY-III.NFO,13/09/2024,09:46:31,25610.65,25610.05,150,25614.4,25,0,345025
NIFTY-III.NFO,13/09/2024,09:46:33,25610.65,25610,75,25614.25,100,0,345025
NIFTY-III.NFO,13/09/2024,09:46:34,25610.65,25610,75,25614.7,100,0,345025
NIFTY-III.NFO,13/09/2024,09:46:36,25610.65,25610,75,25614.95,175,0,345025
NIFTY-III.NFO,13/09/2024,09:46:38,25610.65,25610,75,25610.05,100,0,345025
NIFTY-III.NFO,13/09/2024,09:46:42,25610.65,25610,100,25610.05,100,0,345025
NIFTY-III.NFO,13/09/2024,09:46:44,25610.05,25610,75,25610.05,75,25,345025
NIFTY-III.NFO,13/09/2024,09:46:46,25610.05,25610,25,25610.05,50,75,345025
NIFTY-III.NFO,13/09/2024,09:46:47,25610,25608,25,25608.95,150,25,345025
NIFTY-III.NFO,13/09/2024,09:46:49,25610,25608,25,25608.5,175,0,345025
NIFTY-III.NFO,13/09/2024,09:46:50,25608,25605,25,25607.25,100,25,345025
NIFTY-III.NFO,13/09/2024,09:46:52,25608,25605,25,25606.5,100,0,345025
NIFTY-III.NFO,13/09/2024,09:46:54,25608,25605,25,25605.75,150,0,345025
NIFTY-III.NFO,13/09/2024,09:46:55,25605,25600.9,25,25603.2,175,25,345025
NIFTY-III.NFO,13/09/2024,09:46:57,25605,25600.9,25,25603.05,100,0,345025
NIFTY-III.NFO,13/09/2024,09:46:59,25605,25600.9,25,25603,100,0,345025
NIFTY-III.NFO,13/09/2024,09:47:00,25605,25600.9,25,25602.15,175,0,345025
NIFTY-III.NFO,13/09/2024,09:47:02,25605,25600.9,25,25602.75,100,0,345025
NIFTY-III.NFO,13/09/2024,09:47:04,25600.9,25600,125,25601.3,175,25,345025
NIFTY-III.NFO,13/09/2024,09:47:05,25600.9,25600,150,25601.75,175,0,345025
NIFTY-III.NFO,13/09/2024,09:47:07,25600,25595.05,100,25599.65,350,150,345025
NIFTY-III.NFO,13/09/2024,09:47:09,25600,25595.05,175,25600.15,50,0,345025
NIFTY-III.NFO,13/09/2024,09:47:10,25600,25595.65,100,25601.25,50,0,345025
NIFTY-III.NFO,13/09/2024,09:47:12,25600,25598.45,175,25604.1,175,0,345025
NIFTY-III.NFO,13/09/2024,09:47:14,25600,25599,175,25600,25,0,345025
NIFTY-III.NFO,13/09/2024,09:47:15,25599,25598.45,75,25600,25,25,345025
NIFTY-III.NFO,13/09/2024,09:47:17,25600,25599.6,200,25605.25,175,25,345025
NIFTY-III.NFO,13/09/2024,09:47:18,25600,25600.9,25,25604.6,175,0,345025
NIFTY-III.NFO,13/09/2024,09:47:20,25600,25601.75,125,25607.05,175,0,345025
NIFTY-III.NFO,13/09/2024,09:47:21,25600,25602.1,150,25608.2,150,0,345025
NIFTY-III.NFO,13/09/2024,09:47:23,25603.15,25604.65,25,25609.65,125,50,345025
NIFTY-III.NFO,13/09/2024,09:47:25,25603.15,25603.75,25,25609.45,175,0,345025
NIFTY-III.NFO,13/09/2024,09:47:26,25603.15,25604.3,25,25609.65,225,0,345025
NIFTY-III.NFO,13/09/2024,09:47:28,25608.2,25601.7,25,25606.9,150,25,345025
NIFTY-III.NFO,13/09/2024,09:47:30,25608.2,25600.95,100,25606.6,100,0,345025
NIFTY-III.NFO,13/09/2024,09:47:31,25608.2,25602.15,150,25607.2,50,0,345025
NIFTY-III.NFO,13/09/2024,09:47:33,25608.2,25601.15,125,25606.55,225,0,345025
NIFTY-III.NFO,13/09/2024,09:47:35,25608.2,25600.9,25,25605.15,175,0,345025
NIFTY-III.NFO,13/09/2024,09:47:36,25608.2,25602.05,100,25606.8,50,0,345025
NIFTY-III.NFO,13/09/2024,09:47:38,25608.2,25602.75,100,25608.45,225,0,345025
NIFTY-III.NFO,13/09/2024,09:47:40,25608.2,25603.15,25,25608.55,100,0,345025
NIFTY-III.NFO,13/09/2024,09:47:41,25603.6,25603.85,50,25609.8,175,100,345025
NIFTY-III.NFO,13/09/2024,09:47:43,25603.6,25606.55,25,25610,25,0,345025
NIFTY-III.NFO,13/09/2024,09:47:45,25609,25606.55,100,25610,25,25,345025
NIFTY-III.NFO,13/09/2024,09:47:46,25609,25606.55,25,25610,25,0,345025
NIFTY-III.NFO,13/09/2024,09:47:48,25609,25606.55,100,25610,25,0,345025
NIFTY-III.NFO,13/09/2024,09:47:50,25609,25607.25,100,25610,25,0,345025
NIFTY-III.NFO,13/09/2024,09:47:51,25610,25607,50,25610.05,50,25,345025
NIFTY-III.NFO,13/09/2024,09:47:53,25610,25607.15,50,25610.05,50,0,345025
NIFTY-III.NFO,13/09/2024,09:47:54,25610,25608.95,100,25610.05,50,0,345025
NIFTY-III.NFO,13/09/2024,09:47:56,25609.45,25609,25,25610.05,50,25,345025
NIFTY-III.NFO,13/09/2024,09:47:58,25608.85,25608.55,100,25610.05,50,100,345025
NIFTY-III.NFO,13/09/2024,09:47:59,25608.85,25609.25,150,25610.05,50,0,345025
NIFTY-III.NFO,13/09/2024,09:48:01,25608.85,25608.45,100,25610.05,50,0,345025
NIFTY-III.NFO,13/09/2024,09:48:03,25610.05,25606.7,50,25610.05,25,25,345025
NIFTY-III.NFO,13/09/2024,09:48:04,25610.05,25610,25,25610.05,25,0,345025
NIFTY-III.NFO,13/09/2024,09:48:06,25610,25606.55,25,25609.2,100,25,345025
NIFTY-III.NFO,13/09/2024,09:48:08,25610,25606.55,25,25610.05,25,0,345025
NIFTY-III.NFO,13/09/2024,09:48:09,25610,25606.95,150,25610.05,25,0,345025
NIFTY-III.NFO,13/09/2024,09:48:11,25610,25606.6,150,25610.05,25,0,345025
NIFTY-III.NFO,13/09/2024,09:48:13,25610,25607.55,100,25610.05,25,0,345025
NIFTY-III.NFO,13/09/2024,09:48:14,25610,25607.65,100,25610.05,25,0,345025
NIFTY-III.NFO,13/09/2024,09:48:16,25610,25606.85,25,25610.05,25,0,345025
NIFTY-III.NFO,13/09/2024,09:48:17,25610,25609.8,25,25610.05,25,0,345025
NIFTY-III.NFO,13/09/2024,09:48:31,25610.05,25609.85,25,25613,25,25,345025
NIFTY-III.NFO,13/09/2024,09:48:32,25610.05,25609.8,25,25613,25,0,345025
NIFTY-III.NFO,13/09/2024,09:48:34,25610,25609.85,100,25613,25,25,345025
NIFTY-III.NFO,13/09/2024,09:48:36,25610,25610.55,100,25613,25,0,345025
NIFTY-III.NFO,13/09/2024,09:48:37,25610,25610.7,25,25613,25,0,345025
NIFTY-III.NFO,13/09/2024,09:48:39,25610,25610.05,25,25613,25,0,345025
NIFTY-III.NFO,13/09/2024,09:48:41,25610,25612,25,25612.95,175,0,345025
NIFTY-III.NFO,13/09/2024,09:48:44,25610,25612,25,25613,25,0,345025
NIFTY-III.NFO,13/09/2024,09:48:46,25610,25612,25,25612.4,175,0,345025
NIFTY-III.NFO,13/09/2024,09:48:47,25612,25609.8,25,25612.45,100,25,345450
NIFTY-III.NFO,13/09/2024,09:48:49,25612,25609.8,25,25612.95,100,0,345450
NIFTY-III.NFO,13/09/2024,09:48:51,25612,25609.8,25,25612.4,175,0,345450
NIFTY-III.NFO,13/09/2024,09:48:52,25612,25609.8,25,25612.4,100,0,345450
NIFTY-III.NFO,13/09/2024,09:48:54,25612,25609.8,25,25612.15,225,0,345450
NIFTY-III.NFO,13/09/2024,09:48:56,25612,25609.8,25,25611.9,50,0,345450
NIFTY-III.NFO,13/09/2024,09:48:57,25612,25609.8,25,25613,25,0,345450
NIFTY-III.NFO,13/09/2024,09:49:02,25612,25609.8,25,25612,25,0,345450
NIFTY-III.NFO,13/09/2024,09:49:04,25612,25609.8,25,25611.2,150,0,345450
NIFTY-III.NFO,13/09/2024,09:49:06,25612,25609.8,25,25610.25,225,0,345450
NIFTY-III.NFO,13/09/2024,09:49:07,25612,25609.8,25,25611.95,175,0,345450
NIFTY-III.NFO,13/09/2024,09:49:09,25609.8,25603.45,50,25608.55,100,25,345450
NIFTY-III.NFO,13/09/2024,09:49:11,25609.8,25604.1,100,25609.65,175,0,345450
NIFTY-III.NFO,13/09/2024,09:49:12,25609.8,25605.3,125,25610.85,175,0,345450
NIFTY-III.NFO,13/09/2024,09:49:14,25609.8,25605.5,125,25610.85,100,0,345450
NIFTY-III.NFO,13/09/2024,09:49:16,25609.8,25606,125,25611.45,175,0,345450
NIFTY-III.NFO,13/09/2024,09:49:17,25606.2,25606.85,175,25611.7,50,100,345450
NIFTY-III.NFO,13/09/2024,09:49:19,25606.2,25608.9,50,25612,25,0,345450
NIFTY-III.NFO,13/09/2024,09:49:21,25606.2,25608.1,100,25612,25,0,345450
NIFTY-III.NFO,13/09/2024,09:49:22,25606.2,25606.9,175,25612,25,0,345450
NIFTY-III.NFO,13/09/2024,09:49:24,25606.2,25607.15,50,25611.9,75,0,345450
NIFTY-III.NFO,13/09/2024,09:49:26,25606.2,25605.95,50,25608.9,25,0,345450
NIFTY-III.NFO,13/09/2024,09:49:27,25606.2,25606.4,50,25608.9,25,0,345450
NIFTY-III.NFO,13/09/2024,09:49:29,25606.2,25607.7,100,25608.9,25,0,345450
NIFTY-III.NFO,13/09/2024,09:49:31,25608.35,25608.05,75,25608.9,25,50,345450
NIFTY-III.NFO,13/09/2024,09:49:32,25608.35,25607.95,200,25608.9,25,0,345450
NIFTY-III.NFO,13/09/2024,09:49:34,25608.9,25609,50,25610,100,25,345450
NIFTY-III.NFO,13/09/2024,09:49:36,25610,25611,25,25611.5,25,100,345450
NIFTY-III.NFO,13/09/2024,09:49:37,25610,25609.8,25,25611.5,25,0,345450
NIFTY-III.NFO,13/09/2024,09:49:39,25611.5,25610.9,325,25612,25,25,345450
NIFTY-III.NFO,13/09/2024,09:49:40,25612,25609.8,125,25613.15,25,25,345450
NIFTY-III.NFO,13/09/2024,09:49:42,25612,25609.2,125,25613.15,25,0,345450
NIFTY-III.NFO,13/09/2024,09:49:44,25608.75,25608.1,50,25613.1,100,200,345450
NIFTY-III.NFO,13/09/2024,09:49:45,25608.75,25607.6,50,25612,50,0,345450
NIFTY-III.NFO,13/09/2024,09:49:47,25608.75,25607.7,50,25612,50,0,345450
NIFTY-III.NFO,13/09/2024,09:49:49,25608.75,25608,100,25611.95,100,0,345450
NIFTY-III.NFO,13/09/2024,09:49:52,25608.75,25608,175,25612,50,0,345450
NIFTY-III.NFO,13/09/2024,09:49:53,25608.75,25608.95,125,25612,50,0,345450
NIFTY-III.NFO,13/09/2024,09:49:55,25608.95,25608,100,25612,50,100,345450
NIFTY-III.NFO,13/09/2024,09:49:57,25608.95,25608,100,25611.95,100,0,345450
NIFTY-III.NFO,13/09/2024,09:49:58,25608.95,25608.05,125,25612,50,0,345450
NIFTY-III.NFO,13/09/2024,09:50:02,25608.95,25608,150,25608.75,25,0,345450
NIFTY-III.NFO,13/09/2024,09:50:03,25608.95,25608.05,50,25608.75,25,0,345450
NIFTY-III.NFO,13/09/2024,09:50:05,25610.95,25609.8,125,25612,50,50,345450
NIFTY-III.NFO,13/09/2024,09:50:06,25609.8,25609.7,125,25612,50,25,345450
NIFTY-III.NFO,13/09/2024,09:50:08,25609.8,25609.75,250,25612,50,0,345450
NIFTY-III.NFO,13/09/2024,09:50:10,25609.8,25610.3,125,25612,75,0,345450
NIFTY-III.NFO,13/09/2024,09:50:11,25609.8,25610.3,175,25612,75,0,345450
NIFTY-III.NFO,13/09/2024,09:50:13,25609.8,25609.8,50,25612,75,0,345450
NIFTY-III.NFO,13/09/2024,09:50:15,25609.8,25610,250,25612,75,0,345450
NIFTY-III.NFO,13/09/2024,09:50:17,25609.8,25610.65,125,25612,75,0,345450
NIFTY-III.NFO,13/09/2024,09:50:18,25609.8,25609.8,125,25612,75,0,345450
NIFTY-III.NFO,13/09/2024,09:50:20,25609.8,25608.05,200,25612,75,0,345450
NIFTY-III.NFO,13/09/2024,09:50:22,25609.8,25608.55,125,25612,75,0,345450
NIFTY-III.NFO,13/09/2024,09:50:23,25609.8,25608.5,125,25612,75,0,345450
NIFTY-III.NFO,13/09/2024,09:50:25,25609.8,25609.45,250,25609.8,50,0,345450
NIFTY-III.NFO,13/09/2024,09:50:27,25609.8,25609.45,125,25609.8,50,0,345450
NIFTY-III.NFO,13/09/2024,09:50:28,25609.8,25609.6,325,25609.8,50,0,345450
NIFTY-III.NFO,13/09/2024,09:50:30,25612,25612,150,25615,175,125,345450
NIFTY-III.NFO,13/09/2024,09:50:32,25612,25612,150,25614.2,175,0,345450
NIFTY-III.NFO,13/09/2024,09:50:33,25612,25612,150,25613.35,175,0,345450
NIFTY-III.NFO,13/09/2024,09:50:35,25612,25612,150,25613.65,50,0,345450
NIFTY-III.NFO,13/09/2024,09:50:37,25612,25612,150,25613.35,225,0,345450
NIFTY-III.NFO,13/09/2024,09:50:38,25612,25612,150,25612.45,150,0,345450
NIFTY-III.NFO,13/09/2024,09:50:40,25612,25608,100,25610.45,100,150,345450
NIFTY-III.NFO,13/09/2024,09:50:42,25612,25608,100,25610.7,150,0,345450
NIFTY-III.NFO,13/09/2024,09:50:43,25612,25608,100,25611.65,100,0,345450
NIFTY-III.NFO,13/09/2024,09:50:45,25612,25608,100,25611.55,225,0,345450
NIFTY-III.NFO,13/09/2024,09:50:46,25612,25608,100,25612.3,100,0,345450
NIFTY-III.NFO,13/09/2024,09:50:48,25612,25608,175,25613.15,150,0,345450
NIFTY-III.NFO,13/09/2024,09:50:50,25612.65,25608,100,25613.1,225,100,345450
NIFTY-III.NFO,13/09/2024,09:50:51,25612.65,25608,100,25612.35,175,0,345450
NIFTY-III.NFO,13/09/2024,09:50:53,25612.65,25608,100,25612.05,175,0,345450
NIFTY-III.NFO,13/09/2024,09:50:55,25612.65,25608,100,25612.9,100,0,345450
NIFTY-III.NFO,13/09/2024,09:50:56,25612.65,25608,100,25611.85,225,0,345450
NIFTY-III.NFO,13/09/2024,09:50:58,25612.65,25608,100,25612.45,175,0,345450
NIFTY-III.NFO,13/09/2024,09:50:59,25612.65,25608.05,175,25613.2,100,0,345450
NIFTY-III.NFO,13/09/2024,09:51:01,25612.65,25608.85,175,25614.3,100,0,345450
NIFTY-III.NFO,13/09/2024,09:51:03,25612.65,25608,175,25612.85,150,0,345450
NIFTY-III.NFO,13/09/2024,09:51:04,25612.65,25608,100,25612.2,150,0,345450
NIFTY-III.NFO,13/09/2024,09:51:06,25612.65,25608.95,150,25614.3,100,0,345450
NIFTY-III.NFO,13/09/2024,09:51:08,25612.65,25608,100,25611.65,100,0,345450
NIFTY-III.NFO,13/09/2024,09:51:09,25612.2,25612.2,75,25612.6,50,375,345450
NIFTY-III.NFO,13/09/2024,09:51:11,25612.2,25608,100,25611.75,50,75,345450
NIFTY-III.NFO,13/09/2024,09:51:13,25612.2,25608,100,25609.7,50,0,345450
NIFTY-III.NFO,13/09/2024,09:51:14,25608,25601.6,125,25607.6,50,100,345450
NIFTY-III.NFO,13/09/2024,09:51:16,25608,25601,25,25606.85,50,0,345450
NIFTY-III.NFO,13/09/2024,09:51:17,25608,25601,25,25606,50,0,345450
NIFTY-III.NFO,13/09/2024,09:51:19,25608,25601.9,175,25608.3,225,0,345450
NIFTY-III.NFO,13/09/2024,09:51:21,25608,25608,75,25608.95,125,0,345450
NIFTY-III.NFO,13/09/2024,09:51:22,25608,25601,25,25606.85,375,75,345450
NIFTY-III.NFO,13/09/2024,09:51:24,25608,25601.7,175,25607.45,375,0,345450
NIFTY-III.NFO,13/09/2024,09:51:26,25608,25601.05,125,25606.7,375,0,345450
NIFTY-III.NFO,13/09/2024,09:51:27,25608,25601.05,125,25606.6,325,0,345450
NIFTY-III.NFO,13/09/2024,09:51:29,25608,25601.4,125,25607.2,375,0,345450
NIFTY-III.NFO,13/09/2024,09:51:31,25608,25601.45,125,25607.45,375,0,345450
NIFTY-III.NFO,13/09/2024,09:51:32,25608,25601,25,25605.45,300,0,345450
NIFTY-III.NFO,13/09/2024,09:51:34,25605.45,25601,25,25605.65,300,25,345450
NIFTY-III.NFO,13/09/2024,09:51:36,25605.45,25601,25,25603.75,300,0,345450
NIFTY-III.NFO,13/09/2024,09:51:37,25605.45,25601,25,25604.45,300,0,345450
NIFTY-III.NFO,13/09/2024,09:51:39,25605.45,25601,25,25604.2,300,0,345450
NIFTY-III.NFO,13/09/2024,09:51:41,25605.45,25601,25,25602.85,300,0,345450
NIFTY-III.NFO,13/09/2024,09:51:42,25605.45,25601,25,25602.15,225,0,345450
NIFTY-III.NFO,13/09/2024,09:51:46,25605.45,25601,25,25603.35,225,0,345450
NIFTY-III.NFO,13/09/2024,09:51:47,25605.45,25602.15,25,25604.8,50,0,345450
NIFTY-III.NFO,13/09/2024,09:51:49,25605.45,25602.15,25,25606.1,300,0,345450
NIFTY-III.NFO,13/09/2024,09:51:51,25605.45,25602.15,25,25605.4,350,0,345450
NIFTY-III.NFO,13/09/2024,09:51:52,25605.45,25602.15,25,25605.4,225,0,345450
NIFTY-III.NFO,13/09/2024,09:51:54,25605.45,25602.15,25,25603.95,300,0,345450
NIFTY-III.NFO,13/09/2024,09:51:56,25605.45,25602.15,25,25603.95,225,0,345450
NIFTY-III.NFO,13/09/2024,09:51:57,25604.6,25600,75,25604.6,225,125,345750
