Ticker,Date,Time,LTP,BuyPrice,BuyQty,SellPrice,SellQty,LTQ,OpenInterest
BANKNIFTY-III.NFO,21/02/2025,09:15:01,50247.25,49908.25,60,49960.2,90,90,75420
BANKNIFTY-III.NFO,21/02/2025,09:15:01,50247.25,49908.25,60,49960.2,90,0,75420
BANKNIFTY-III.NFO,21/02/2025,09:15:01,50247.25,49908.25,60,49960.2,90,0,75420
BANKNIFTY-III.NFO,21/02/2025,09:15:01,49969.95,49908.25,60,49960.2,90,0,75420
BANKNIFTY-III.NFO,21/02/2025,09:15:02,49969.95,49915,60,49963,30,0,75420
BANKNIFTY-III.NFO,21/02/2025,09:15:04,49969.95,49940.45,60,49983.45,60,0,75420
BANKNIFTY-III.NFO,21/02/2025,09:15:05,49910.15,49923.15,60,49963.4,60,480,75420
BANKNIFTY-III.NFO,21/02/2025,09:15:05,49910.15,49923.15,60,49963.4,60,0,75420
BANKNIFTY-III.NFO,21/02/2025,09:15:07,49959.25,49925.55,60,49959.75,150,60,75420
BANKNIFTY-III.NFO,21/02/2025,09:15:09,49959.25,49916.05,60,49948.9,30,0,75420
BANKNIFTY-III.NFO,21/02/2025,09:15:10,49959.25,49910,30,49931.45,30,0,75420
BANKNIFTY-III.NFO,21/02/2025,09:15:12,49959.25,49910,30,49930.45,30,0,75420
BANKNIFTY-III.NFO,21/02/2025,09:15:13,49959.25,49910.05,60,49937.05,30,0,75420
BANKNIFTY-III.NFO,21/02/2025,09:15:15,49959.25,49916.6,60,49942,150,0,75420
BANKNIFTY-III.NFO,21/02/2025,09:15:17,49959.25,49918.6,60,49951.6,150,0,75420
BANKNIFTY-III.NFO,21/02/2025,09:15:18,49959.25,49921,60,49952.35,150,0,75420
BANKNIFTY-III.NFO,21/02/2025,09:15:20,49959.25,49915.25,60,49950.15,150,0,75420
BANKNIFTY-III.NFO,21/02/2025,09:15:21,49959.25,49925.9,60,49955.1,30,0,75420
BANKNIFTY-III.NFO,21/02/2025,09:15:23,49959.25,49924.45,60,49957.45,30,0,75420
BANKNIFTY-III.NFO,21/02/2025,09:15:25,49959.25,49926.9,60,49955.8,90,0,75420
BANKNIFTY-III.NFO,21/02/2025,09:15:26,49942.35,49910.15,300,49927,210,1920,75900
BANKNIFTY-III.NFO,21/02/2025,09:15:28,49942.35,49910,90,49930.3,60,0,75900
BANKNIFTY-III.NFO,21/02/2025,09:15:30,49942.35,49918.9,300,49945.85,60,0,75900
BANKNIFTY-III.NFO,21/02/2025,09:15:31,49942.35,49919.5,300,49946.9,60,0,75900
BANKNIFTY-III.NFO,21/02/2025,09:15:33,49942.35,49924.6,150,49949.1,60,0,75900
BANKNIFTY-III.NFO,21/02/2025,09:15:35,49942.35,49924.85,300,49947.85,60,0,75900
BANKNIFTY-III.NFO,21/02/2025,09:15:36,49942.35,49928.75,300,49951.7,60,0,75900
BANKNIFTY-III.NFO,21/02/2025,09:15:38,49942.35,49928.75,30,49949.15,60,0,75900
BANKNIFTY-III.NFO,21/02/2025,09:15:39,49954.5,49932.15,30,49954.5,60,30,75900
BANKNIFTY-III.NFO,21/02/2025,09:15:41,49954.5,49942.4,30,49961.75,90,0,75900
BANKNIFTY-III.NFO,21/02/2025,09:15:43,49954.5,49943.9,30,49963.6,90,0,75900
BANKNIFTY-III.NFO,21/02/2025,09:15:44,49954.5,49947.05,30,49967.65,90,0,75900
BANKNIFTY-III.NFO,21/02/2025,09:15:46,49954.5,49949.6,30,49970.9,90,0,75900
BANKNIFTY-III.NFO,21/02/2025,09:15:48,49971.75,49942.35,60,49953.9,90,30,75900
BANKNIFTY-III.NFO,21/02/2025,09:15:49,49971.75,49949.15,30,49958.1,60,0,75900
BANKNIFTY-III.NFO,21/02/2025,09:15:51,49971.75,49949.15,30,49953.7,60,0,75900
BANKNIFTY-III.NFO,21/02/2025,09:15:53,49971.75,49949.15,60,49962.1,60,0,75900
BANKNIFTY-III.NFO,21/02/2025,09:15:54,49960.9,49949.15,60,49962.1,30,30,75900
BANKNIFTY-III.NFO,21/02/2025,09:15:56,49960.9,49949.15,30,49958.25,30,0,75900
BANKNIFTY-III.NFO,21/02/2025,09:15:57,49960.9,49949.15,30,49957.15,30,0,75900
BANKNIFTY-III.NFO,21/02/2025,09:15:59,49960.9,49949.15,60,49963.6,60,0,75900
BANKNIFTY-III.NFO,21/02/2025,09:16:01,49960.9,49949.15,60,49964.5,30,0,75900
BANKNIFTY-III.NFO,21/02/2025,09:16:02,49960.9,49949.15,60,49965.7,60,0,75900
BANKNIFTY-III.NFO,21/02/2025,09:16:04,49960.9,49949.2,90,49965.75,60,0,75900
BANKNIFTY-III.NFO,21/02/2025,09:16:06,49960.9,49949.2,60,49964.7,30,0,75900
BANKNIFTY-III.NFO,21/02/2025,09:16:07,49960.9,49949.2,90,49964.7,30,0,75900
BANKNIFTY-III.NFO,21/02/2025,09:16:09,49960.9,49949.2,90,49967.7,30,0,75900
BANKNIFTY-III.NFO,21/02/2025,09:16:10,49960.9,49949.2,90,49967.3,30,0,75900
BANKNIFTY-III.NFO,21/02/2025,09:16:12,49960.9,49949.6,60,49965.75,60,0,75900
BANKNIFTY-III.NFO,21/02/2025,09:16:14,49960.9,49949.15,30,49962.2,60,30,75900
BANKNIFTY-III.NFO,21/02/2025,09:16:15,49960.9,49960.9,90,49964.6,30,0,75900
BANKNIFTY-III.NFO,21/02/2025,09:16:17,49960.9,49960.9,90,49967.05,60,0,75900
BANKNIFTY-III.NFO,21/02/2025,09:16:19,49960.9,49960.9,90,49966.45,60,0,75900
BANKNIFTY-III.NFO,21/02/2025,09:16:20,49960.9,49960.9,90,49968.15,60,0,75900
BANKNIFTY-III.NFO,21/02/2025,09:16:22,49960.9,49960.9,90,49970.45,60,0,75900
BANKNIFTY-III.NFO,21/02/2025,09:16:24,49960.9,49960.9,90,49973.4,60,0,75900
BANKNIFTY-III.NFO,21/02/2025,09:16:25,49960.9,49960.95,90,49977.95,60,0,75900
BANKNIFTY-III.NFO,21/02/2025,09:16:27,49960.9,49960.95,90,49979.9,30,0,75900
BANKNIFTY-III.NFO,21/02/2025,09:16:29,49960.9,49960.95,90,49979.75,30,0,75900
BANKNIFTY-III.NFO,21/02/2025,09:16:30,49960.9,49961,60,49980.05,30,0,75900
BANKNIFTY-III.NFO,21/02/2025,09:16:32,49981,49961,60,49980.25,150,30,75900
BANKNIFTY-III.NFO,21/02/2025,09:16:33,49981,49961,60,49983.9,30,0,75900
BANKNIFTY-III.NFO,21/02/2025,09:16:35,49981,49961,60,49980.4,90,0,75900
BANKNIFTY-III.NFO,21/02/2025,09:16:37,49981,49961,60,49985.1,60,0,75900
BANKNIFTY-III.NFO,21/02/2025,09:16:38,49981,49964.9,60,49990.5,30,0,75900
BANKNIFTY-III.NFO,21/02/2025,09:16:40,49981,49967.6,60,49981,30,0,75900
BANKNIFTY-III.NFO,21/02/2025,09:16:43,49981,49974.4,60,49981,30,0,75900
BANKNIFTY-III.NFO,21/02/2025,09:16:45,49981,49975.8,60,49981,30,0,75900
BANKNIFTY-III.NFO,21/02/2025,09:16:46,49981,49980.7,60,50006,90,30,75900
BANKNIFTY-III.NFO,21/02/2025,09:16:48,49981,49980.15,60,50006.75,30,0,75900
BANKNIFTY-III.NFO,21/02/2025,09:16:50,49981,49984.7,60,50008.3,30,0,75900
BANKNIFTY-III.NFO,21/02/2025,09:16:51,49981,49985.1,60,50003.75,120,0,75900
BANKNIFTY-III.NFO,21/02/2025,09:16:53,49981,49983.35,60,50002.6,30,0,75900
BANKNIFTY-III.NFO,21/02/2025,09:16:55,49981,49985.8,60,50008.3,30,0,75900
BANKNIFTY-III.NFO,21/02/2025,09:16:56,49981,49989.8,90,50014,30,0,75900
BANKNIFTY-III.NFO,21/02/2025,09:16:58,49981,49992.1,60,50010.65,120,0,75900
BANKNIFTY-III.NFO,21/02/2025,09:16:59,49981,49992.2,60,50011.3,30,0,75900
BANKNIFTY-III.NFO,21/02/2025,09:17:03,49981,49992.2,60,50010.35,30,0,75900
BANKNIFTY-III.NFO,21/02/2025,09:17:04,49981,49987.8,60,50007.05,180,0,75900
BANKNIFTY-III.NFO,21/02/2025,09:17:06,49981,49987.3,60,50007.85,30,0,75900
BANKNIFTY-III.NFO,21/02/2025,09:17:07,49981,49986.95,60,50005.75,120,0,75900
BANKNIFTY-III.NFO,21/02/2025,09:17:09,49981,49984.85,60,50004.25,30,0,75900
BANKNIFTY-III.NFO,21/02/2025,09:17:11,49981,49981.65,60,50001.05,30,0,75900
BANKNIFTY-III.NFO,21/02/2025,09:17:12,49981,49981.05,90,49998.85,30,0,75900
BANKNIFTY-III.NFO,21/02/2025,09:17:14,49981,49981,30,49995.85,300,0,75900
BANKNIFTY-III.NFO,21/02/2025,09:17:16,49981,49981,30,49996.75,330,0,75900
BANKNIFTY-III.NFO,21/02/2025,09:17:17,49981,49981,30,49995.05,30,0,75900
BANKNIFTY-III.NFO,21/02/2025,09:17:19,49981,49981,30,49991.5,120,0,75900
BANKNIFTY-III.NFO,21/02/2025,09:17:21,49970,49968.8,60,49970,120,780,75900
BANKNIFTY-III.NFO,21/02/2025,09:17:22,49970,49970.35,150,49994.5,60,120,75900
BANKNIFTY-III.NFO,21/02/2025,09:17:24,49970,49972.35,150,49994.5,60,0,75900
BANKNIFTY-III.NFO,21/02/2025,09:17:25,49970,49979.45,150,49999.4,60,0,75900
BANKNIFTY-III.NFO,21/02/2025,09:17:27,49970,49981.55,150,49999.95,90,0,75900
BANKNIFTY-III.NFO,21/02/2025,09:17:29,49970,49982.2,150,50000,30,0,75900
BANKNIFTY-III.NFO,21/02/2025,09:17:30,49970,49982.75,150,50000,60,0,75900
BANKNIFTY-III.NFO,21/02/2025,09:17:32,49970,49978.3,150,49999.95,60,0,75900
BANKNIFTY-III.NFO,21/02/2025,09:17:33,49970,49979.1,150,49999.75,60,0,75900
BANKNIFTY-III.NFO,21/02/2025,09:17:35,49970,49982.3,150,50000,30,0,75900
BANKNIFTY-III.NFO,21/02/2025,09:17:37,49970,49982.45,60,50000,30,0,75900
BANKNIFTY-III.NFO,21/02/2025,09:17:38,49970,49978.95,150,49999.95,30,0,75900
BANKNIFTY-III.NFO,21/02/2025,09:17:40,49970,49982.05,150,50000,60,0,75900
BANKNIFTY-III.NFO,21/02/2025,09:17:41,49970,49979.6,150,49999.85,60,0,75900
BANKNIFTY-III.NFO,21/02/2025,09:17:43,49970,49976.45,150,49999.95,90,0,75900
BANKNIFTY-III.NFO,21/02/2025,09:17:45,49977.1,49979.1,150,49999.95,90,360,75900
BANKNIFTY-III.NFO,21/02/2025,09:17:46,49977.1,49977.7,210,49999.95,90,0,75900
BANKNIFTY-III.NFO,21/02/2025,09:17:48,49977.1,49976.45,150,49999.95,90,0,75900
BANKNIFTY-III.NFO,21/02/2025,09:17:49,49977.1,49974.85,30,49997.3,60,0,75900
BANKNIFTY-III.NFO,21/02/2025,09:17:51,49977.1,49981.75,180,50000,60,0,75900
BANKNIFTY-III.NFO,21/02/2025,09:17:53,49977.1,49983.4,150,50000,30,0,75900
BANKNIFTY-III.NFO,21/02/2025,09:17:54,49977.1,49984.4,150,50000,30,0,75900
BANKNIFTY-III.NFO,21/02/2025,09:17:56,49977.1,49981.85,30,49999.95,90,0,75900
BANKNIFTY-III.NFO,21/02/2025,09:17:57,49981.85,49983.45,150,50000,60,30,75900
BANKNIFTY-III.NFO,21/02/2025,09:17:59,49981.85,49983.6,150,50000,30,0,75900
BANKNIFTY-III.NFO,21/02/2025,09:18:01,49981.85,49982.75,60,49999.95,60,0,75900
BANKNIFTY-III.NFO,21/02/2025,09:18:02,49981.85,49983.15,60,49999.95,90,0,75900
BANKNIFTY-III.NFO,21/02/2025,09:18:04,49981.85,49980.7,150,49999.95,90,0,75900
BANKNIFTY-III.NFO,21/02/2025,09:18:05,49981.85,49982.85,150,50000,60,0,75900
BANKNIFTY-III.NFO,21/02/2025,09:18:07,49981.85,49981.85,150,49999.95,90,0,75900
BANKNIFTY-III.NFO,21/02/2025,09:18:09,49981.85,49983.6,150,49999.95,60,0,75900
BANKNIFTY-III.NFO,21/02/2025,09:18:10,49981.85,49985.95,150,50000,30,0,75900
BANKNIFTY-III.NFO,21/02/2025,09:18:12,49981.85,49986.5,150,50000,30,0,75900
BANKNIFTY-III.NFO,21/02/2025,09:18:13,49981.85,49987.05,150,50000,30,0,75900
BANKNIFTY-III.NFO,21/02/2025,09:18:15,49981.85,49986.25,60,50000,30,0,75900
BANKNIFTY-III.NFO,21/02/2025,09:18:16,49981.85,49988.3,150,50000,30,0,75900
BANKNIFTY-III.NFO,21/02/2025,09:18:18,49981.85,49995.55,150,50000,30,0,75900
BANKNIFTY-III.NFO,21/02/2025,09:18:20,49981.85,49989.9,60,50000,30,0,75900
BANKNIFTY-III.NFO,21/02/2025,09:18:21,49981.85,49990.45,180,50000,30,0,75900
BANKNIFTY-III.NFO,21/02/2025,09:18:23,49981.85,49987.45,60,50000,30,0,75900
BANKNIFTY-III.NFO,21/02/2025,09:18:24,49981.85,49987.25,60,50000,30,0,75900
BANKNIFTY-III.NFO,21/02/2025,09:18:26,49981.85,49984.9,150,50000,30,0,75900
BANKNIFTY-III.NFO,21/02/2025,09:18:28,49981.85,49983.55,150,49999.95,90,0,75900
BANKNIFTY-III.NFO,21/02/2025,09:18:29,49981.85,49995,30,50000,30,0,75900
BANKNIFTY-III.NFO,21/02/2025,09:18:32,49981.85,49995.35,150,50000,30,0,75900
BANKNIFTY-III.NFO,21/02/2025,09:18:34,49981.85,49999.45,60,50000,30,0,75900
BANKNIFTY-III.NFO,21/02/2025,09:18:36,49981.85,49996.65,60,50000,30,0,75900
BANKNIFTY-III.NFO,21/02/2025,09:18:37,49981.85,49997.1,150,50000,60,0,75900
BANKNIFTY-III.NFO,21/02/2025,09:18:39,49981.85,49994.15,60,50000,60,0,75900
BANKNIFTY-III.NFO,21/02/2025,09:18:40,49981.85,49995.75,60,50000,60,0,75900
BANKNIFTY-III.NFO,21/02/2025,09:18:42,49981.85,49993.45,60,50000,60,0,75900
BANKNIFTY-III.NFO,21/02/2025,09:18:44,50006.95,49995.25,30,50016.4,60,120,76680
BANKNIFTY-III.NFO,21/02/2025,09:18:45,50006.95,49992.45,30,50016.4,60,0,76680
BANKNIFTY-III.NFO,21/02/2025,09:18:47,50006.95,49990.05,30,50014.7,90,0,76680
BANKNIFTY-III.NFO,21/02/2025,09:18:48,50006.95,49990.4,30,50014.7,240,0,76680
BANKNIFTY-III.NFO,21/02/2025,09:18:50,50006.95,49990,30,50009.6,60,0,76680
BANKNIFTY-III.NFO,21/02/2025,09:18:52,49990,49985.75,30,50008.65,60,30,76680
BANKNIFTY-III.NFO,21/02/2025,09:18:53,49990,49987.65,30,50008.6,60,0,76680
BANKNIFTY-III.NFO,21/02/2025,09:18:55,49990,50000,30,50013.5,60,0,76680
BANKNIFTY-III.NFO,21/02/2025,09:18:56,49990,50006.95,30,50015.35,90,0,76680
BANKNIFTY-III.NFO,21/02/2025,09:18:58,49990,50006.95,30,50018.8,90,0,76680
BANKNIFTY-III.NFO,21/02/2025,09:19:00,49990,50006.95,30,50016,60,0,76680
BANKNIFTY-III.NFO,21/02/2025,09:19:01,49990,50006.95,30,50016.35,60,0,76680
BANKNIFTY-III.NFO,21/02/2025,09:19:03,49990,50006.95,30,50019.1,60,0,76680
BANKNIFTY-III.NFO,21/02/2025,09:19:06,49990,50006.95,30,50022,60,0,76680
BANKNIFTY-III.NFO,21/02/2025,09:19:07,49990,50006.95,30,50021.55,60,0,76680
BANKNIFTY-III.NFO,21/02/2025,09:19:10,50021.55,50000,30,50017.55,30,60,76680
BANKNIFTY-III.NFO,21/02/2025,09:19:12,50021.55,50000,30,50015.8,30,0,76680
BANKNIFTY-III.NFO,21/02/2025,09:19:13,50021.55,50000,30,50017.55,30,0,76680
BANKNIFTY-III.NFO,21/02/2025,09:19:15,50021.55,50000,30,50017.35,30,0,76680
BANKNIFTY-III.NFO,21/02/2025,09:19:17,50021.55,50000,30,50012.6,30,0,76680
BANKNIFTY-III.NFO,21/02/2025,09:19:18,50021.55,50000,30,50010.6,30,0,76680
BANKNIFTY-III.NFO,21/02/2025,09:19:20,50021.55,50000,30,50009.55,30,0,76680
BANKNIFTY-III.NFO,21/02/2025,09:19:21,50000,49988.6,60,50009.55,30,30,76680
BANKNIFTY-III.NFO,21/02/2025,09:19:23,50000,49992.6,60,50012.8,30,0,76680
BANKNIFTY-III.NFO,21/02/2025,09:19:25,50000,49994,60,50014.55,30,0,76680
BANKNIFTY-III.NFO,21/02/2025,09:19:26,50000,50000,30,50016.7,30,0,76680
BANKNIFTY-III.NFO,21/02/2025,09:19:28,50000,50000,30,50014.1,30,0,76680
BANKNIFTY-III.NFO,21/02/2025,09:19:29,50000,50000,30,50013,30,0,76680
BANKNIFTY-III.NFO,21/02/2025,09:19:34,50000,50000.05,60,50016.1,30,0,76680
BANKNIFTY-III.NFO,21/02/2025,09:19:36,50000,50000.05,60,50018.85,30,0,76680
BANKNIFTY-III.NFO,21/02/2025,09:19:37,50000,50000.05,60,50021.55,30,0,76680
BANKNIFTY-III.NFO,21/02/2025,09:19:39,50000,50000.05,60,50021.2,30,0,76680
BANKNIFTY-III.NFO,21/02/2025,09:19:42,50000,50000.25,60,50021.2,30,0,76680
BANKNIFTY-III.NFO,21/02/2025,09:19:44,50000,50000.05,60,50022,30,0,76680
BANKNIFTY-III.NFO,21/02/2025,09:19:45,50000,50001.15,60,50022,30,0,76680
BANKNIFTY-III.NFO,21/02/2025,09:19:47,50000,50000.3,60,50022,30,0,76680
BANKNIFTY-III.NFO,21/02/2025,09:19:48,50000,50000.45,60,50022,30,0,76680
BANKNIFTY-III.NFO,21/02/2025,09:19:50,50000,50000.05,60,50022,30,0,76680
BANKNIFTY-III.NFO,21/02/2025,09:19:51,50000,50000.05,60,50021.55,30,0,76680
BANKNIFTY-III.NFO,21/02/2025,09:19:53,50000,50000.4,60,50021.55,30,0,76680
BANKNIFTY-III.NFO,21/02/2025,09:19:54,50000,50000.05,60,50022.55,30,0,76680
BANKNIFTY-III.NFO,21/02/2025,09:19:56,50000,50000.05,60,50021.65,30,0,76680
BANKNIFTY-III.NFO,21/02/2025,09:19:58,50000,50000.05,60,50018.85,30,0,76680
BANKNIFTY-III.NFO,21/02/2025,09:19:59,50000,50000,30,50014.8,30,0,76680
BANKNIFTY-III.NFO,21/02/2025,09:20:01,50000,50000,30,50013.45,30,0,76680
BANKNIFTY-III.NFO,21/02/2025,09:20:02,50000,50000,30,50009.6,30,0,76680
BANKNIFTY-III.NFO,21/02/2025,09:20:04,50000,50000,30,50008,60,0,76680
BANKNIFTY-III.NFO,21/02/2025,09:20:06,50000,50000,30,50013.55,30,0,76680
BANKNIFTY-III.NFO,21/02/2025,09:20:07,50000,50000,30,50011.95,30,0,76680
BANKNIFTY-III.NFO,21/02/2025,09:20:09,50000,50000,90,50011.05,30,0,76680
BANKNIFTY-III.NFO,21/02/2025,09:20:11,50000,50000,90,50007.2,30,0,76680
BANKNIFTY-III.NFO,21/02/2025,09:20:12,50000,50000,90,50004.15,30,0,76680
BANKNIFTY-III.NFO,21/02/2025,09:20:14,50000,49981.9,60,50001.8,30,90,76680
BANKNIFTY-III.NFO,21/02/2025,09:20:16,50000,49981.9,60,50001.8,30,0,76680
BANKNIFTY-III.NFO,21/02/2025,09:20:19,50000,49981.85,30,49999.3,30,0,76680
BANKNIFTY-III.NFO,21/02/2025,09:20:21,50000,49981.9,60,50000.7,30,0,76680
BANKNIFTY-III.NFO,21/02/2025,09:20:22,50000,49981.9,60,50001,30,0,76680
BANKNIFTY-III.NFO,21/02/2025,09:20:24,50000,49981.85,30,49999.5,30,0,76680
BANKNIFTY-III.NFO,21/02/2025,09:20:26,50000,49981.85,30,49998.35,30,0,76680
BANKNIFTY-III.NFO,21/02/2025,09:20:27,50000,49981.85,30,49995.9,30,0,76680
BANKNIFTY-III.NFO,21/02/2025,09:20:29,50000,49981.85,30,49995.45,30,0,76680
BANKNIFTY-III.NFO,21/02/2025,09:20:31,50000,49981.85,30,49993.75,30,0,76680
BANKNIFTY-III.NFO,21/02/2025,09:20:32,50000,49981.85,30,49989.05,30,0,76680
BANKNIFTY-III.NFO,21/02/2025,09:20:34,50000,49981.85,30,49989.95,60,0,76680
BANKNIFTY-III.NFO,21/02/2025,09:20:36,50000,49981.85,30,49993.4,60,0,76680
BANKNIFTY-III.NFO,21/02/2025,09:20:37,50000,49981.85,30,49998.35,30,0,76680
BANKNIFTY-III.NFO,21/02/2025,09:20:39,50000,49984.6,60,50006.35,30,0,76680
BANKNIFTY-III.NFO,21/02/2025,09:20:41,50000,49988.25,60,50010.4,30,0,76680
BANKNIFTY-III.NFO,21/02/2025,09:20:42,50000,49984.25,60,50009.75,30,0,76680
BANKNIFTY-III.NFO,21/02/2025,09:20:44,50000,49987.15,60,50009.75,30,0,76680
BANKNIFTY-III.NFO,21/02/2025,09:20:45,50000,49993.25,60,50015.15,30,0,76680
BANKNIFTY-III.NFO,21/02/2025,09:20:47,50000,49997.55,60,50019.25,30,0,76680
BANKNIFTY-III.NFO,21/02/2025,09:20:49,50000,49990.35,60,50014.05,30,0,76680
BANKNIFTY-III.NFO,21/02/2025,09:20:50,50000,49990.75,60,50013.75,60,0,76680
BANKNIFTY-III.NFO,21/02/2025,09:20:52,50000,49996.8,60,50019.25,30,0,76680
BANKNIFTY-III.NFO,21/02/2025,09:20:54,50000,49996.7,60,50019.25,30,0,76680
BANKNIFTY-III.NFO,21/02/2025,09:20:55,50000,50003,60,50025.15,30,0,76680
BANKNIFTY-III.NFO,21/02/2025,09:20:57,50000,50004.8,60,50026.4,30,0,76680
BANKNIFTY-III.NFO,21/02/2025,09:20:58,50000,50000.05,60,50026.65,30,0,76680
BANKNIFTY-III.NFO,21/02/2025,09:21:00,50000,50000.05,60,50021.3,30,0,76680
BANKNIFTY-III.NFO,21/02/2025,09:21:02,50000,50000.05,60,50018,30,0,76680
BANKNIFTY-III.NFO,21/02/2025,09:21:03,50000,50000.05,60,50016.85,30,0,76680
BANKNIFTY-III.NFO,21/02/2025,09:21:05,50000,50000.05,60,50021.3,30,0,76680
BANKNIFTY-III.NFO,21/02/2025,09:21:07,50000,50001.85,60,50024.05,30,0,76680
BANKNIFTY-III.NFO,21/02/2025,09:21:08,50000,50001.85,60,50022.85,30,0,76680
BANKNIFTY-III.NFO,21/02/2025,09:21:10,50000,50003.9,60,50025,60,0,76680
BANKNIFTY-III.NFO,21/02/2025,09:21:11,50000,50002.95,60,50025,60,0,76680
BANKNIFTY-III.NFO,21/02/2025,09:21:13,50000,50000.05,60,50021.95,30,0,76680
BANKNIFTY-III.NFO,21/02/2025,09:21:15,50000,50000.05,60,50019.15,60,0,76680
BANKNIFTY-III.NFO,21/02/2025,09:21:16,50000,50000,60,50015.15,30,0,76680
BANKNIFTY-III.NFO,21/02/2025,09:21:18,50000,50000,60,50012.1,30,0,76680
BANKNIFTY-III.NFO,21/02/2025,09:21:19,50000,50000,60,50011,30,0,76680
BANKNIFTY-III.NFO,21/02/2025,09:21:23,50000,50000,60,50008.4,30,0,76680
BANKNIFTY-III.NFO,21/02/2025,09:21:24,50000,50000,60,50010.65,60,0,76680
BANKNIFTY-III.NFO,21/02/2025,09:21:27,50000,50000,60,50014.25,30,0,76680
BANKNIFTY-III.NFO,21/02/2025,09:21:29,50000,50000,120,50008.95,30,0,76680
BANKNIFTY-III.NFO,21/02/2025,09:21:31,50000,50000,120,50008.6,30,0,76680
BANKNIFTY-III.NFO,21/02/2025,09:21:32,50000,50000,120,50006.55,60,0,76680
BANKNIFTY-III.NFO,21/02/2025,09:21:34,50006.55,50000,120,50004.7,180,30,76770
BANKNIFTY-III.NFO,21/02/2025,09:21:35,50006.55,50000,120,50002.4,30,0,76770
BANKNIFTY-III.NFO,21/02/2025,09:21:37,50000,49981.85,30,49996.9,180,120,76770
BANKNIFTY-III.NFO,21/02/2025,09:21:39,50000,49981.85,30,49993,30,0,76770
BANKNIFTY-III.NFO,21/02/2025,09:21:40,50000,49981.85,30,49997.05,60,0,76770
BANKNIFTY-III.NFO,21/02/2025,09:21:42,49997.05,49981.85,30,49996.85,30,30,76770
BANKNIFTY-III.NFO,21/02/2025,09:21:44,49997.05,49981.85,30,49998.3,30,0,76770
BANKNIFTY-III.NFO,21/02/2025,09:21:45,49997.05,49981.9,60,50001.35,30,0,76770
BANKNIFTY-III.NFO,21/02/2025,09:21:47,49997.05,49983.85,60,50005.5,30,0,76770
BANKNIFTY-III.NFO,21/02/2025,09:21:49,49997.05,49981.9,60,50002.45,60,0,76770
BANKNIFTY-III.NFO,21/02/2025,09:21:50,49997.05,49981.9,60,50005.45,30,0,76770
BANKNIFTY-III.NFO,21/02/2025,09:21:52,49997.05,49981.9,60,50003.45,180,0,76770
BANKNIFTY-III.NFO,21/02/2025,09:21:53,49997.05,49981.9,60,50001.6,30,0,76770
BANKNIFTY-III.NFO,21/02/2025,09:21:55,49997.05,49981.85,30,49998.55,30,0,76770
BANKNIFTY-III.NFO,21/02/2025,09:21:57,49997.05,49981.9,60,49999.65,30,0,76770
BANKNIFTY-III.NFO,21/02/2025,09:21:58,49997.05,49981.9,60,50002.45,30,0,76770
BANKNIFTY-III.NFO,21/02/2025,09:22:00,49997.05,49981.9,60,50002.8,180,0,76770
BANKNIFTY-III.NFO,21/02/2025,09:22:02,49997.05,49981.85,30,49997.5,180,0,76770
BANKNIFTY-III.NFO,21/02/2025,09:22:03,49992.7,49981.85,30,49992.7,60,30,76770
BANKNIFTY-III.NFO,21/02/2025,09:22:05,49992.7,49981.85,30,49993.8,60,0,76770
BANKNIFTY-III.NFO,21/02/2025,09:22:07,49992.7,49981.85,30,49997.5,30,0,76770
BANKNIFTY-III.NFO,21/02/2025,09:22:08,49992.7,49981.85,30,49997.9,180,0,76770
BANKNIFTY-III.NFO,21/02/2025,09:22:10,49992.7,49981.85,30,49992.75,30,0,76770
BANKNIFTY-III.NFO,21/02/2025,09:22:11,49992.7,49981.85,30,49992.2,150,0,76770
BANKNIFTY-III.NFO,21/02/2025,09:22:13,49992.7,49981.85,30,49990.3,30,0,76770
BANKNIFTY-III.NFO,21/02/2025,09:22:15,49992.7,49981.85,30,49991,60,0,76770
BANKNIFTY-III.NFO,21/02/2025,09:22:16,49992.7,49981.85,30,49995.95,30,0,76770
BANKNIFTY-III.NFO,21/02/2025,09:22:18,49992.7,49981.85,30,49994.55,30,0,76770
BANKNIFTY-III.NFO,21/02/2025,09:22:20,49992.7,49981.9,60,49990,30,0,76770
BANKNIFTY-III.NFO,21/02/2025,09:22:21,49992.7,49981.85,30,49990,30,0,76770
BANKNIFTY-III.NFO,21/02/2025,09:22:23,49992.7,49981.9,60,49990,30,0,76770
BANKNIFTY-III.NFO,21/02/2025,09:22:25,49992.7,49981.85,30,49990,30,0,76770
BANKNIFTY-III.NFO,21/02/2025,09:22:26,49992.7,49981.9,60,49990,30,0,76770
BANKNIFTY-III.NFO,21/02/2025,09:22:28,49990,49980.05,60,49998.35,30,30,76770
BANKNIFTY-III.NFO,21/02/2025,09:22:29,49990,49980.05,60,50000,60,0,76770
BANKNIFTY-III.NFO,21/02/2025,09:22:31,49990,49980.05,60,50003.25,60,0,76770
BANKNIFTY-III.NFO,21/02/2025,09:22:33,49990,49992.75,60,50010.6,30,0,76770
BANKNIFTY-III.NFO,21/02/2025,09:22:34,49990,49992.75,60,50011.3,30,0,76770
BANKNIFTY-III.NFO,21/02/2025,09:22:36,49990,49992.75,60,50014,30,0,76770
BANKNIFTY-III.NFO,21/02/2025,09:22:38,49990,49994.2,60,50016.95,30,0,76770
BANKNIFTY-III.NFO,21/02/2025,09:22:39,49990,49993,60,50014.9,30,0,76770
BANKNIFTY-III.NFO,21/02/2025,09:22:41,49990,49992.75,60,50013.7,30,0,76770
BANKNIFTY-III.NFO,21/02/2025,09:22:43,49990,49992.75,60,50013.1,30,0,76770
BANKNIFTY-III.NFO,21/02/2025,09:22:44,49990,49992.75,60,50012.4,30,0,76770
BANKNIFTY-III.NFO,21/02/2025,09:22:46,49990,49996,60,50016.95,30,0,76770
BANKNIFTY-III.NFO,21/02/2025,09:22:48,49990,49996.1,60,50020,30,0,76770
BANKNIFTY-III.NFO,21/02/2025,09:22:49,49990,49992.75,60,50013.25,60,0,76770
BANKNIFTY-III.NFO,21/02/2025,09:22:51,49990,49992.7,30,50005.3,30,0,76770
BANKNIFTY-III.NFO,21/02/2025,09:22:53,49990,49992.7,30,50002.35,30,0,76770
BANKNIFTY-III.NFO,21/02/2025,09:22:54,49990,49992.7,30,50008.8,30,0,76770
BANKNIFTY-III.NFO,21/02/2025,09:22:56,49990,49992.7,30,50006.4,30,0,76770
BANKNIFTY-III.NFO,21/02/2025,09:22:58,49990,49992.7,30,50002.5,60,0,76770
BANKNIFTY-III.NFO,21/02/2025,09:22:59,49990,49992.7,30,49996.35,180,0,76770
BANKNIFTY-III.NFO,21/02/2025,09:23:01,49990,49992.7,30,49993.55,30,0,76770
BANKNIFTY-III.NFO,21/02/2025,09:23:03,49992.7,49991.7,30,49993.75,60,30,76770
BANKNIFTY-III.NFO,21/02/2025,09:23:04,49992.7,49991.7,30,49997.1,60,0,76770
BANKNIFTY-III.NFO,21/02/2025,09:23:06,49990.7,49990,150,49990.1,30,60,76770
BANKNIFTY-III.NFO,21/02/2025,09:23:08,49989.7,49988.7,30,49992.85,30,180,76770
BANKNIFTY-III.NFO,21/02/2025,09:23:09,49989.7,49988.7,30,49990.6,60,0,76770
BANKNIFTY-III.NFO,21/02/2025,09:23:11,49988.7,49980,30,49989.65,60,30,76770
BANKNIFTY-III.NFO,21/02/2025,09:23:13,49988.7,49980,30,49994.2,180,0,76770
BANKNIFTY-III.NFO,21/02/2025,09:23:14,49988.7,49980,30,49993.4,150,0,76770
BANKNIFTY-III.NFO,21/02/2025,09:23:16,49988.7,49980,30,49994.3,30,0,76770
BANKNIFTY-III.NFO,21/02/2025,09:23:18,49988.7,49980,30,49997,180,0,76770
BANKNIFTY-III.NFO,21/02/2025,09:23:19,49988.7,49980.05,60,49997.9,180,0,76770
BANKNIFTY-III.NFO,21/02/2025,09:23:21,49988.7,49980.05,60,49998.35,30,0,76770
BANKNIFTY-III.NFO,21/02/2025,09:23:23,49988.7,49980,30,49995.5,180,0,76770
BANKNIFTY-III.NFO,21/02/2025,09:23:24,49988.7,49980,30,49994.5,180,0,76770
BANKNIFTY-III.NFO,21/02/2025,09:23:26,49988.7,49980.05,60,49996.8,180,0,76770
BANKNIFTY-III.NFO,21/02/2025,09:23:28,49988.7,49980.05,60,49996.05,30,0,76770
BANKNIFTY-III.NFO,21/02/2025,09:23:29,49988.7,49980.05,60,49996.7,150,0,76770
BANKNIFTY-III.NFO,21/02/2025,09:23:31,49988.7,49980.05,60,49996.2,30,0,76770
BANKNIFTY-III.NFO,21/02/2025,09:23:33,50001.15,49980.05,60,50001.15,30,30,76770
BANKNIFTY-III.NFO,21/02/2025,09:23:34,50001.15,49980.05,60,50001.15,30,0,76770
BANKNIFTY-III.NFO,21/02/2025,09:23:36,50001.15,49980.25,60,50003.05,180,0,76770
BANKNIFTY-III.NFO,21/02/2025,09:23:38,50001.15,49980.05,60,50000.3,30,0,76770
BANKNIFTY-III.NFO,21/02/2025,09:23:39,50001.15,49980.2,60,50002.6,30,0,76770
BANKNIFTY-III.NFO,21/02/2025,09:23:41,50001.15,49980.05,60,50002.6,30,0,76770
BANKNIFTY-III.NFO,21/02/2025,09:23:43,50001.15,49981.55,60,50003.05,30,0,76770
BANKNIFTY-III.NFO,21/02/2025,09:23:44,50001.15,49980.05,60,49997.5,30,0,76770
BANKNIFTY-III.NFO,21/02/2025,09:23:46,50001.15,49980.05,60,50000.3,30,0,76770
BANKNIFTY-III.NFO,21/02/2025,09:23:48,50001.15,49980.05,60,49990,30,0,76770
BANKNIFTY-III.NFO,21/02/2025,09:23:49,50001.15,49980,30,49990,30,0,76770
BANKNIFTY-III.NFO,21/02/2025,09:23:51,49994.2,49980.05,60,49996.65,180,60,76770
BANKNIFTY-III.NFO,21/02/2025,09:23:53,49994.2,49980.05,60,49999.7,30,0,76770
BANKNIFTY-III.NFO,21/02/2025,09:23:54,49994.2,49981.1,60,50003.05,30,0,76770
BANKNIFTY-III.NFO,21/02/2025,09:23:56,49994.2,49982.85,60,50004,30,0,76770
BANKNIFTY-III.NFO,21/02/2025,09:23:58,49994.2,49981.75,60,50004.95,30,0,76770
BANKNIFTY-III.NFO,21/02/2025,09:23:59,49994.2,49994.2,60,50006.6,30,0,76770
BANKNIFTY-III.NFO,21/02/2025,09:24:01,49994.2,49994.2,60,50006,30,0,76770
BANKNIFTY-III.NFO,21/02/2025,09:24:03,49994.2,49994.2,30,50006.85,30,30,76770
BANKNIFTY-III.NFO,21/02/2025,09:24:04,49994.2,49994.2,30,50005.85,180,0,76770
BANKNIFTY-III.NFO,21/02/2025,09:24:06,49994.2,49994.2,30,50001.6,30,0,76770
BANKNIFTY-III.NFO,21/02/2025,09:24:08,49994.2,49994.2,30,50000.95,330,0,76770
BANKNIFTY-III.NFO,21/02/2025,09:24:09,49994.2,49977.15,60,49999.1,30,30,76770
BANKNIFTY-III.NFO,21/02/2025,09:24:11,49994.2,49977,30,49994.8,180,0,76770
BANKNIFTY-III.NFO,21/02/2025,09:24:13,49994.2,49977.05,60,49995.25,30,0,76770
BANKNIFTY-III.NFO,21/02/2025,09:24:14,49994.2,49979,60,49998.55,30,0,76770
BANKNIFTY-III.NFO,21/02/2025,09:24:16,49994.2,49977.5,60,49997.45,30,0,76770
BANKNIFTY-III.NFO,21/02/2025,09:24:18,49994.2,49977.05,60,49996.65,180,0,76770
BANKNIFTY-III.NFO,21/02/2025,09:24:19,49994.2,49977.05,60,49995.85,180,0,76770
BANKNIFTY-III.NFO,21/02/2025,09:24:21,49994.2,49977,30,49992.7,30,0,76770
BANKNIFTY-III.NFO,21/02/2025,09:24:23,49994.2,49977.05,60,49997.45,30,0,76770
BANKNIFTY-III.NFO,21/02/2025,09:24:24,49994.2,49993.85,60,50014.8,30,0,76770
BANKNIFTY-III.NFO,21/02/2025,09:24:26,49994.2,49997,60,50019.25,30,0,76770
BANKNIFTY-III.NFO,21/02/2025,09:24:28,49994.2,49996.8,60,50019.25,30,0,76770
BANKNIFTY-III.NFO,21/02/2025,09:24:29,49994.2,49993.1,60,50016.8,30,0,76770
BANKNIFTY-III.NFO,21/02/2025,09:24:31,49994.2,49991.1,60,50016.8,30,0,76770
BANKNIFTY-III.NFO,21/02/2025,09:24:33,49994.2,49989.7,60,50012.85,30,0,76770
BANKNIFTY-III.NFO,21/02/2025,09:24:34,49994.2,49995.45,60,50015.5,30,0,76770
BANKNIFTY-III.NFO,21/02/2025,09:24:36,49992.3,49990.95,60,50014.5,30,60,76680
BANKNIFTY-III.NFO,21/02/2025,09:24:38,49992.3,49979.3,60,50002.8,30,0,76680
BANKNIFTY-III.NFO,21/02/2025,09:24:39,49992.3,49976.35,60,49998.3,30,0,76680
BANKNIFTY-III.NFO,21/02/2025,09:24:41,49992.3,49975.35,60,49996,30,0,76680
BANKNIFTY-III.NFO,21/02/2025,09:24:43,49992.3,49976.15,60,49997.75,30,0,76680
BANKNIFTY-III.NFO,21/02/2025,09:24:44,49992.3,49972.35,60,49994.15,30,0,76680
BANKNIFTY-III.NFO,21/02/2025,09:24:46,49992.3,49971.05,60,49990.6,30,0,76680
BANKNIFTY-III.NFO,21/02/2025,09:24:48,49992.3,49971.05,60,49988.45,30,0,76680
BANKNIFTY-III.NFO,21/02/2025,09:24:51,49992.3,49973.1,60,49993.15,30,0,76680
BANKNIFTY-III.NFO,21/02/2025,09:24:53,49992.3,49977.9,60,49997.3,30,0,76680
BANKNIFTY-III.NFO,21/02/2025,09:24:54,49992.3,49975.65,60,49998.85,30,0,76680
BANKNIFTY-III.NFO,21/02/2025,09:24:56,49998.5,49976.45,60,49998.55,30,30,76680
BANKNIFTY-III.NFO,21/02/2025,09:24:58,49998.5,49976.5,60,49999.45,150,0,76680
BANKNIFTY-III.NFO,21/02/2025,09:24:59,49998.5,49973.65,60,49996.35,30,0,76680
BANKNIFTY-III.NFO,21/02/2025,09:25:01,49998.5,49971.05,60,49992.5,30,0,76680
BANKNIFTY-III.NFO,21/02/2025,09:25:03,49998.5,49971.05,60,49991.35,150,0,76680
BANKNIFTY-III.NFO,21/02/2025,09:25:04,49998.5,49971,30,49989.35,30,0,76680
BANKNIFTY-III.NFO,21/02/2025,09:25:06,49998.5,49971,30,49984.4,30,0,76680
BANKNIFTY-III.NFO,21/02/2025,09:25:08,49998.5,49971,30,49986.6,30,0,76680
BANKNIFTY-III.NFO,21/02/2025,09:25:09,49998.5,49971,30,49982.25,180,0,76680
BANKNIFTY-III.NFO,21/02/2025,09:25:11,49998.5,49971,30,49980.55,60,0,76680
BANKNIFTY-III.NFO,21/02/2025,09:25:13,49998.5,49971,30,49980.5,60,0,76680
BANKNIFTY-III.NFO,21/02/2025,09:25:14,49998.5,49971,30,49983.1,30,0,76680
BANKNIFTY-III.NFO,21/02/2025,09:25:16,49998.5,49971,30,49984.75,180,0,76680
BANKNIFTY-III.NFO,21/02/2025,09:25:18,49998.5,49971,30,49982.75,30,0,76680
BANKNIFTY-III.NFO,21/02/2025,09:25:19,49998.5,49971,30,49982.9,180,0,76680
BANKNIFTY-III.NFO,21/02/2025,09:25:21,49998.5,49971,30,49982.55,60,0,76680
BANKNIFTY-III.NFO,21/02/2025,09:25:23,49998.5,49971,30,49984.25,30,0,76680
BANKNIFTY-III.NFO,21/02/2025,09:25:24,49998.5,49971,30,49983.3,180,0,76680
BANKNIFTY-III.NFO,21/02/2025,09:25:26,49998.5,49971,30,49980.6,30,0,76680
BANKNIFTY-III.NFO,21/02/2025,09:25:28,49998.5,49971,30,49977.35,150,0,76680
BANKNIFTY-III.NFO,21/02/2025,09:25:29,49998.5,49971,30,49976.55,150,0,76680
BANKNIFTY-III.NFO,21/02/2025,09:25:31,49998.5,49971,30,49976.85,30,0,76680
BANKNIFTY-III.NFO,21/02/2025,09:25:33,49998.5,49971,30,49974.15,30,0,76680
BANKNIFTY-III.NFO,21/02/2025,09:25:34,49998.5,49971,30,49974.95,30,0,76680
BANKNIFTY-III.NFO,21/02/2025,09:25:36,49998.5,49971,30,49976.4,30,0,76680
BANKNIFTY-III.NFO,21/02/2025,09:25:38,49998.5,49971,30,49977.55,30,0,76680
BANKNIFTY-III.NFO,21/02/2025,09:25:39,49998.5,49971,30,49978.7,60,0,76680
BANKNIFTY-III.NFO,21/02/2025,09:25:41,49998.5,49971,30,49979.55,30,0,76680
BANKNIFTY-III.NFO,21/02/2025,09:25:43,49998.5,49971,30,49978.45,150,0,76680
BANKNIFTY-III.NFO,21/02/2025,09:25:44,49998.5,49971,30,49979.1,150,0,76680
BANKNIFTY-III.NFO,21/02/2025,09:25:46,49998.5,49971,30,49974.05,150,0,76680
BANKNIFTY-III.NFO,21/02/2025,09:25:48,49971,49960,30,49967.75,60,30,76680
BANKNIFTY-III.NFO,21/02/2025,09:25:49,49971,49960,30,49970,30,0,76680
BANKNIFTY-III.NFO,21/02/2025,09:25:51,49971,49960,30,49966.6,30,0,76680
BANKNIFTY-III.NFO,21/02/2025,09:25:53,49971,49960,30,49971.7,180,0,76680
BANKNIFTY-III.NFO,21/02/2025,09:25:54,49971,49960,30,49969.95,150,0,76680
BANKNIFTY-III.NFO,21/02/2025,09:25:56,49971,49960,30,49970.8,30,0,76680
BANKNIFTY-III.NFO,21/02/2025,09:25:58,49960,49950.05,60,49970.8,30,30,76680
BANKNIFTY-III.NFO,21/02/2025,09:25:59,49960,49950.05,60,49970.75,150,0,76680
BANKNIFTY-III.NFO,21/02/2025,09:26:01,49960,49952.7,60,49974.05,30,0,76680
BANKNIFTY-III.NFO,21/02/2025,09:26:02,49960,49953.5,60,49975.6,30,0,76680
BANKNIFTY-III.NFO,21/02/2025,09:26:04,49960,49950.05,60,49969.45,180,0,76680
BANKNIFTY-III.NFO,21/02/2025,09:26:06,49960,49952.75,60,49975.15,30,0,76680
BANKNIFTY-III.NFO,21/02/2025,09:26:07,49960,49950.7,60,49973.55,60,0,76680
BANKNIFTY-III.NFO,21/02/2025,09:26:09,49960,49954.65,60,49975.15,30,0,76680
BANKNIFTY-III.NFO,21/02/2025,09:26:10,49960,49951.55,60,49975.15,30,0,76680
BANKNIFTY-III.NFO,21/02/2025,09:26:12,49960,49953.4,60,49975.15,30,0,76680
BANKNIFTY-III.NFO,21/02/2025,09:26:13,49960,49955.65,60,49976.15,30,0,76680
BANKNIFTY-III.NFO,21/02/2025,09:26:15,49960,49959.5,60,49980.8,30,0,76680
BANKNIFTY-III.NFO,21/02/2025,09:26:17,49960,49955.4,60,49980.8,180,0,76680
BANKNIFTY-III.NFO,21/02/2025,09:26:18,49960,49954.3,60,49977.75,60,0,76680
BANKNIFTY-III.NFO,21/02/2025,09:26:20,49960,49950.05,60,49970.95,150,0,76680
BANKNIFTY-III.NFO,21/02/2025,09:26:22,49960,49950.05,60,49970.15,30,0,76680
BANKNIFTY-III.NFO,21/02/2025,09:26:23,49960,49955,60,49976,30,0,76680
BANKNIFTY-III.NFO,21/02/2025,09:26:25,49960,49957.95,60,49979.6,30,0,76680
BANKNIFTY-III.NFO,21/02/2025,09:26:27,49960,49950.05,60,49978.55,180,0,76680
BANKNIFTY-III.NFO,21/02/2025,09:26:28,49960,49950.05,60,49969.6,30,0,76680
BANKNIFTY-III.NFO,21/02/2025,09:26:30,49960,49950.05,60,49969.55,180,0,76680
BANKNIFTY-III.NFO,21/02/2025,09:26:31,49960,49950,270,49963.9,30,0,76680
BANKNIFTY-III.NFO,21/02/2025,09:26:33,49960,49950,270,49962.95,30,0,76680
BANKNIFTY-III.NFO,21/02/2025,09:26:35,49960,49950,270,49960.95,30,0,76680
BANKNIFTY-III.NFO,21/02/2025,09:26:36,49960,49950,270,49957.3,30,0,76680
BANKNIFTY-III.NFO,21/02/2025,09:26:38,49960,49950,270,49958.8,30,0,76680
BANKNIFTY-III.NFO,21/02/2025,09:26:40,49960,49950,270,49955.45,180,0,76680
BANKNIFTY-III.NFO,21/02/2025,09:26:41,49950,49942.35,30,49951.25,30,270,76680
BANKNIFTY-III.NFO,21/02/2025,09:26:43,49950,49942.35,30,49949.7,150,0,76680
BANKNIFTY-III.NFO,21/02/2025,09:26:45,49950,49942.35,30,49947.25,180,0,76680
BANKNIFTY-III.NFO,21/02/2025,09:26:46,49950,49942.35,30,49956.85,30,0,76680
BANKNIFTY-III.NFO,21/02/2025,09:26:48,49950,49942.4,60,49962.2,30,0,76680
BANKNIFTY-III.NFO,21/02/2025,09:26:50,49950,49942.4,60,49961.6,30,0,76680
BANKNIFTY-III.NFO,21/02/2025,09:26:51,49950,49942.4,60,49961.4,30,0,76680
BANKNIFTY-III.NFO,21/02/2025,09:26:53,49950,49943.1,60,49960.45,180,0,76680
BANKNIFTY-III.NFO,21/02/2025,09:26:55,49950,49942.35,30,49954.7,150,0,76680
BANKNIFTY-III.NFO,21/02/2025,09:26:56,49950,49942.35,30,49955.55,150,0,76680
BANKNIFTY-III.NFO,21/02/2025,09:26:58,49950,49942.35,60,49957.05,60,0,76680
BANKNIFTY-III.NFO,21/02/2025,09:27:00,49950,49942.35,30,49953.6,150,0,76680
BANKNIFTY-III.NFO,21/02/2025,09:27:01,49950,49942.35,60,49957.4,180,0,76680
BANKNIFTY-III.NFO,21/02/2025,09:27:03,49950,49942.35,30,49955.2,30,0,76680
BANKNIFTY-III.NFO,21/02/2025,09:27:05,49950,49942.35,30,49955.55,30,0,76680
BANKNIFTY-III.NFO,21/02/2025,09:27:06,49950,49942.35,60,49956.75,180,0,76680
BANKNIFTY-III.NFO,21/02/2025,09:27:08,49950,49942.4,90,49957.6,30,0,76680
BANKNIFTY-III.NFO,21/02/2025,09:27:10,49950,49942.35,60,49958.35,180,0,76680
BANKNIFTY-III.NFO,21/02/2025,09:27:11,49950,49942.35,30,49950,30,0,76680
BANKNIFTY-III.NFO,21/02/2025,09:27:16,49950,49942.4,60,49951,30,30,76680
BANKNIFTY-III.NFO,21/02/2025,09:27:23,49950,49942.35,30,49951,30,0,76680
BANKNIFTY-III.NFO,21/02/2025,09:27:33,49942.4,49942.4,90,49951,30,30,76530
BANKNIFTY-III.NFO,21/02/2025,09:27:34,49942.4,49942.4,30,49951,30,0,76530
BANKNIFTY-III.NFO,21/02/2025,09:27:36,49942.4,49942.35,30,49951,30,0,76530
BANKNIFTY-III.NFO,21/02/2025,09:27:39,49942.4,49942.35,30,49950.95,30,0,76530
BANKNIFTY-III.NFO,21/02/2025,09:27:41,49942.4,49942.35,30,49947.25,60,0,76530
BANKNIFTY-III.NFO,21/02/2025,09:27:43,49942.35,49940,30,49950.95,60,30,76530
BANKNIFTY-III.NFO,21/02/2025,09:27:44,49942.35,49940,30,49949.5,30,0,76530
BANKNIFTY-III.NFO,21/02/2025,09:27:46,49942.35,49940,30,49951,60,0,76530
BANKNIFTY-III.NFO,21/02/2025,09:27:48,49952,49940.05,90,49952.95,30,60,76530
BANKNIFTY-III.NFO,21/02/2025,09:27:49,49952,49940,30,49946.65,30,0,76530
BANKNIFTY-III.NFO,21/02/2025,09:27:51,49952,49940,30,49951.5,60,0,76530
BANKNIFTY-III.NFO,21/02/2025,09:27:53,49952,49940,30,49952.9,30,0,76530
BANKNIFTY-III.NFO,21/02/2025,09:27:54,49952,49940,30,49950.45,30,0,76530
BANKNIFTY-III.NFO,21/02/2025,09:27:56,49952,49940,30,49952.8,60,0,76530
BANKNIFTY-III.NFO,21/02/2025,09:27:57,49952,49940.05,60,49952.95,30,0,76530
BANKNIFTY-III.NFO,21/02/2025,09:27:59,49952,49940.05,90,49953,30,0,76530
BANKNIFTY-III.NFO,21/02/2025,09:28:07,49952,49940.85,150,49953,30,0,76530
BANKNIFTY-III.NFO,21/02/2025,09:28:09,49952,49945.35,60,49953,30,0,76530
BANKNIFTY-III.NFO,21/02/2025,09:28:10,49952,49940,30,49952.95,30,0,76530
BANKNIFTY-III.NFO,21/02/2025,09:28:12,49952.95,49940.1,60,49953,30,30,76530
BANKNIFTY-III.NFO,21/02/2025,09:28:14,49952.95,49943.1,60,49953,30,0,76530
BANKNIFTY-III.NFO,21/02/2025,09:28:15,49953,49947.5,60,49954,30,30,76530
BANKNIFTY-III.NFO,21/02/2025,09:28:17,49954,49951.1,60,49970,60,30,76530
BANKNIFTY-III.NFO,21/02/2025,09:28:18,49954,49951.1,60,49973.15,30,0,76530
BANKNIFTY-III.NFO,21/02/2025,09:28:20,49954,49952.6,60,49974,30,0,76530
BANKNIFTY-III.NFO,21/02/2025,09:28:22,49954,49952.6,60,49972.1,30,0,76530
BANKNIFTY-III.NFO,21/02/2025,09:28:25,49954,49954,60,49975.75,30,0,76530
BANKNIFTY-III.NFO,21/02/2025,09:28:27,49954,49958.5,210,49979,30,0,76530
BANKNIFTY-III.NFO,21/02/2025,09:28:28,49954,49959.45,60,49979.15,180,0,76530
BANKNIFTY-III.NFO,21/02/2025,09:28:30,49954,49955.3,60,49972.6,60,0,76530
BANKNIFTY-III.NFO,21/02/2025,09:28:31,49954,49954.1,60,49971,210,0,76530
BANKNIFTY-III.NFO,21/02/2025,09:28:33,49965.7,49950,600,49959.85,180,30,76530
BANKNIFTY-III.NFO,21/02/2025,09:28:35,49965.7,49950,600,49958.1,150,0,76530
BANKNIFTY-III.NFO,21/02/2025,09:28:36,49965.7,49950,600,49957.75,210,0,76530
BANKNIFTY-III.NFO,21/02/2025,09:28:38,49965.7,49950,600,49962.35,120,0,76530
BANKNIFTY-III.NFO,21/02/2025,09:28:40,49965.7,49950,600,49957,30,0,76530
BANKNIFTY-III.NFO,21/02/2025,09:28:41,49950,49950,450,49950.95,150,150,76530
BANKNIFTY-III.NFO,21/02/2025,09:28:43,49950,49950,450,49954.3,30,0,76530
BANKNIFTY-III.NFO,21/02/2025,09:28:45,49950,49950,450,49959.05,30,0,76530
BANKNIFTY-III.NFO,21/02/2025,09:28:46,49950,49950,480,49955.3,30,0,76530
BANKNIFTY-III.NFO,21/02/2025,09:28:48,49950,49950,480,49960.05,150,0,76530
BANKNIFTY-III.NFO,21/02/2025,09:28:49,49950,49950,510,49963.6,30,0,76530
BANKNIFTY-III.NFO,21/02/2025,09:28:51,49950,49950.05,90,49967.7,60,0,76530
BANKNIFTY-III.NFO,21/02/2025,09:28:53,49950,49950.05,30,49965.5,180,0,76530
BANKNIFTY-III.NFO,21/02/2025,09:28:54,49950,49950.05,90,49964.35,30,0,76530
BANKNIFTY-III.NFO,21/02/2025,09:28:56,49950,49950.05,90,49966.3,60,0,76530
BANKNIFTY-III.NFO,21/02/2025,09:28:58,49950,49950.05,90,49968.55,30,0,76530
BANKNIFTY-III.NFO,21/02/2025,09:28:59,49950,49950,480,49959.45,150,0,76530
BANKNIFTY-III.NFO,21/02/2025,09:29:01,49950,49950,480,49958.7,30,0,76530
BANKNIFTY-III.NFO,21/02/2025,09:29:03,49950,49950,480,49963.35,60,0,76530
BANKNIFTY-III.NFO,21/02/2025,09:29:04,49950,49950.05,90,49966,180,0,76530
BANKNIFTY-III.NFO,21/02/2025,09:29:06,49950,49950.05,90,49966.9,30,0,76530
BANKNIFTY-III.NFO,21/02/2025,09:29:08,49950,49950.05,90,49964.05,60,0,76530
BANKNIFTY-III.NFO,21/02/2025,09:29:09,49950,49950.05,90,49966,60,0,76530
BANKNIFTY-III.NFO,21/02/2025,09:29:11,49950,49950,540,49962.6,30,0,76530
BANKNIFTY-III.NFO,21/02/2025,09:29:13,49950,49950.05,90,49964.8,60,0,76530
BANKNIFTY-III.NFO,21/02/2025,09:29:14,49950,49950.05,90,49965.3,30,0,76530
BANKNIFTY-III.NFO,21/02/2025,09:29:16,49950,49950,540,49960.25,150,0,76530
BANKNIFTY-III.NFO,21/02/2025,09:29:17,49950,49950,540,49960.15,60,0,76530
BANKNIFTY-III.NFO,21/02/2025,09:29:19,49950,49950,540,49960.75,30,0,76530
BANKNIFTY-III.NFO,21/02/2025,09:29:21,49950,49950.05,60,49962.2,30,0,76530
BANKNIFTY-III.NFO,21/02/2025,09:29:22,49950,49950,540,49961.25,180,0,76530
BANKNIFTY-III.NFO,21/02/2025,09:29:24,49965.7,49950.05,90,49966.1,60,60,76530
BANKNIFTY-III.NFO,21/02/2025,09:29:26,49965.7,49950.05,90,49964.05,30,0,76530
BANKNIFTY-III.NFO,21/02/2025,09:29:27,49965.7,49950.05,90,49963.55,30,0,76530
BANKNIFTY-III.NFO,21/02/2025,09:29:29,49965.7,49950.05,60,49965.55,180,0,76530
BANKNIFTY-III.NFO,21/02/2025,09:29:30,49965.7,49950.05,60,49962.75,180,0,76530
BANKNIFTY-III.NFO,21/02/2025,09:29:32,49965.7,49950,510,49960.45,30,0,76530
BANKNIFTY-III.NFO,21/02/2025,09:29:34,49965.7,49950,510,49957.35,150,0,76530
BANKNIFTY-III.NFO,21/02/2025,09:29:35,49965.7,49950,510,49957.9,150,0,76530
BANKNIFTY-III.NFO,21/02/2025,09:29:37,49965.7,49950.05,60,49963.1,30,0,76530
BANKNIFTY-III.NFO,21/02/2025,09:29:39,49965.7,49950.05,60,49963.85,60,0,76530
BANKNIFTY-III.NFO,21/02/2025,09:29:40,49965.7,49950,510,49960.6,150,0,76530
BANKNIFTY-III.NFO,21/02/2025,09:29:42,49959.2,49950,510,49957.3,30,30,76530
BANKNIFTY-III.NFO,21/02/2025,09:29:44,49959.2,49950,510,49960.95,150,0,76530
BANKNIFTY-III.NFO,21/02/2025,09:29:45,49959.2,49950,510,49961.55,120,0,76530
BANKNIFTY-III.NFO,21/02/2025,09:29:47,49959.2,49950,510,49959.2,60,0,76530
BANKNIFTY-III.NFO,21/02/2025,09:29:48,49959.2,49950.05,60,49959.2,60,0,76530
BANKNIFTY-III.NFO,21/02/2025,09:29:52,49959.2,49950,510,49959.2,30,30,76530
BANKNIFTY-III.NFO,21/02/2025,09:29:53,49959.2,49950,510,49959.2,30,0,76530
BANKNIFTY-III.NFO,21/02/2025,09:29:57,49959.2,49950,510,49957.35,90,0,76530
BANKNIFTY-III.NFO,21/02/2025,09:29:58,49959.2,49950,510,49958.65,210,0,76530
BANKNIFTY-III.NFO,21/02/2025,09:30:00,49959.2,49950,600,49956.45,180,0,76530
BANKNIFTY-III.NFO,21/02/2025,09:30:02,49950,49950,540,49950.05,30,60,76530
BANKNIFTY-III.NFO,21/02/2025,09:30:03,49950,49950,540,49950.6,30,0,76530
BANKNIFTY-III.NFO,21/02/2025,09:30:05,49950,49950,510,49953.05,30,30,76530
BANKNIFTY-III.NFO,21/02/2025,09:30:07,49950,49940,240,49948.35,330,540,76530
BANKNIFTY-III.NFO,21/02/2025,09:30:08,49950,49940,240,49949.25,150,0,76530
BANKNIFTY-III.NFO,21/02/2025,09:30:10,49950,49940.05,90,49950,30,0,76530
BANKNIFTY-III.NFO,21/02/2025,09:30:12,49950,49940,60,49950,30,0,76530
BANKNIFTY-III.NFO,21/02/2025,09:30:13,49950,49940,60,49949.05,120,30,76530
BANKNIFTY-III.NFO,21/02/2025,09:30:15,49950,49940,60,49950,30,0,76530
BANKNIFTY-III.NFO,21/02/2025,09:30:17,49950,49940,60,49944.3,120,0,76530
BANKNIFTY-III.NFO,21/02/2025,09:30:18,49950,49940,60,49946.35,30,0,76530
BANKNIFTY-III.NFO,21/02/2025,09:30:20,49950,49940.05,60,49950,300,0,76530
BANKNIFTY-III.NFO,21/02/2025,09:30:22,49950,49940.2,30,49950,300,0,76530
BANKNIFTY-III.NFO,21/02/2025,09:30:23,49950,49946,30,49950,300,0,76530
BANKNIFTY-III.NFO,21/02/2025,09:30:25,49948.75,49946,30,49949.75,120,30,76530
BANKNIFTY-III.NFO,21/02/2025,09:30:27,49948.75,49946,30,49950,300,0,76530
BANKNIFTY-III.NFO,21/02/2025,09:30:28,49950,49946,30,49950,240,60,76530
BANKNIFTY-III.NFO,21/02/2025,09:30:30,49950,49946,30,49950,240,0,76530
BANKNIFTY-III.NFO,21/02/2025,09:30:31,49950,49948,30,49950,240,0,76530
BANKNIFTY-III.NFO,21/02/2025,09:30:41,49948,49940.2,30,49948.15,180,30,76020
BANKNIFTY-III.NFO,21/02/2025,09:30:43,49946.25,49940,30,49946.3,270,30,76020
BANKNIFTY-III.NFO,21/02/2025,09:30:44,49946.25,49940,30,49946.9,150,0,76020
BANKNIFTY-III.NFO,21/02/2025,09:30:46,49946.25,49940,30,49942.7,150,0,76020
BANKNIFTY-III.NFO,21/02/2025,09:30:48,49946.25,49940,30,49944.3,120,0,76020
BANKNIFTY-III.NFO,21/02/2025,09:30:49,49946.25,49940,30,49942.9,150,0,76020
BANKNIFTY-III.NFO,21/02/2025,09:30:51,49935,49920,120,49930.6,180,90,76020
BANKNIFTY-III.NFO,21/02/2025,09:30:53,49935,49920,120,49928.55,150,0,76020
BANKNIFTY-III.NFO,21/02/2025,09:30:54,49935,49920,120,49927.65,150,0,76020
BANKNIFTY-III.NFO,21/02/2025,09:30:56,49927.3,49920,120,49929.65,120,30,76020
BANKNIFTY-III.NFO,21/02/2025,09:30:58,49927.3,49920,120,49928.65,150,0,76020
BANKNIFTY-III.NFO,21/02/2025,09:30:59,49927.3,49920,120,49926.7,150,0,76020
BANKNIFTY-III.NFO,21/02/2025,09:31:01,49920,49911,30,49920.15,180,120,76020
BANKNIFTY-III.NFO,21/02/2025,09:31:03,49920,49911,30,49924.8,180,0,76020
BANKNIFTY-III.NFO,21/02/2025,09:31:04,49920,49911,60,49924.6,150,0,76020
BANKNIFTY-III.NFO,21/02/2025,09:31:08,49920,49911.05,90,49928.65,180,0,76020
BANKNIFTY-III.NFO,21/02/2025,09:31:09,49920,49911,60,49925.3,150,0,76020
BANKNIFTY-III.NFO,21/02/2025,09:31:11,49920,49911.05,60,49928.7,180,0,76020
BANKNIFTY-III.NFO,21/02/2025,09:31:13,49920,49912.3,60,49930,240,0,76020
BANKNIFTY-III.NFO,21/02/2025,09:31:14,49920,49913.2,60,49930,240,0,76020
BANKNIFTY-III.NFO,21/02/2025,09:31:16,49920,49916.15,60,49930,240,0,76020
BANKNIFTY-III.NFO,21/02/2025,09:31:17,49920,49916.95,60,49930,240,0,76020
BANKNIFTY-III.NFO,21/02/2025,09:31:19,49930,49919.15,60,49930,210,30,76020
BANKNIFTY-III.NFO,21/02/2025,09:31:21,49915.45,49916.95,120,49937.05,150,210,76020
BANKNIFTY-III.NFO,21/02/2025,09:31:22,49915.45,49921.1,120,49942.85,120,0,76020
BANKNIFTY-III.NFO,21/02/2025,09:31:24,49915.45,49922.8,120,49943.45,120,0,76020
BANKNIFTY-III.NFO,21/02/2025,09:31:26,49915.45,49923.05,120,49944.65,150,0,76020
BANKNIFTY-III.NFO,21/02/2025,09:31:27,49915.45,49923.85,120,49945.15,150,0,76020
BANKNIFTY-III.NFO,21/02/2025,09:31:29,49915.45,49924.45,120,49941.45,120,0,76020
BANKNIFTY-III.NFO,21/02/2025,09:31:31,49924.45,49923.85,90,49942.4,150,30,76020
BANKNIFTY-III.NFO,21/02/2025,09:31:32,49924.45,49922,90,49941.55,120,0,76020
BANKNIFTY-III.NFO,21/02/2025,09:31:34,49924.45,49926.2,90,49948.25,150,0,76020
BANKNIFTY-III.NFO,21/02/2025,09:31:35,49924.45,49928.75,90,49949.85,120,0,76020
BANKNIFTY-III.NFO,21/02/2025,09:31:37,49924.45,49934.6,90,49956.45,120,0,76020
BANKNIFTY-III.NFO,21/02/2025,09:31:39,49924.45,49936.45,90,49959.6,120,0,76020
BANKNIFTY-III.NFO,21/02/2025,09:31:40,49924.45,49939.15,90,49958.5,120,0,76020
BANKNIFTY-III.NFO,21/02/2025,09:31:42,49924.45,49938.3,90,49957.35,120,0,76020
BANKNIFTY-III.NFO,21/02/2025,09:31:44,49924.45,49936.3,90,49957.35,120,0,76020
BANKNIFTY-III.NFO,21/02/2025,09:31:45,49924.45,49940,90,49962.15,120,0,76020
BANKNIFTY-III.NFO,21/02/2025,09:31:47,49924.45,49941.8,90,49963.7,120,0,76020
BANKNIFTY-III.NFO,21/02/2025,09:31:49,49924.45,49946.45,90,49967.75,420,0,76020
BANKNIFTY-III.NFO,21/02/2025,09:31:51,49924.45,49944.85,90,49963.3,120,0,76020
BANKNIFTY-III.NFO,21/02/2025,09:31:52,49924.45,49947.5,90,49967.25,120,0,76020
BANKNIFTY-III.NFO,21/02/2025,09:31:54,49924.45,49947.9,90,49967.35,120,0,76020
BANKNIFTY-III.NFO,21/02/2025,09:31:55,49924.45,49947.9,90,49968.05,120,0,76020
BANKNIFTY-III.NFO,21/02/2025,09:31:57,49924.45,49945.65,90,49963.2,120,0,76020
BANKNIFTY-III.NFO,21/02/2025,09:31:59,49924.45,49946.05,90,49967.25,150,0,76020
BANKNIFTY-III.NFO,21/02/2025,09:32:00,49924.45,49946.95,90,49966,120,0,76020
BANKNIFTY-III.NFO,21/02/2025,09:32:02,49924.45,49943.5,90,49962.9,120,0,76020
BANKNIFTY-III.NFO,21/02/2025,09:32:04,49924.45,49943.5,90,49962.5,120,0,76020
BANKNIFTY-III.NFO,21/02/2025,09:32:05,49924.45,49947.65,90,49968.15,120,0,76020
BANKNIFTY-III.NFO,21/02/2025,09:32:07,49924.45,49941.8,90,49962.15,120,0,76020
BANKNIFTY-III.NFO,21/02/2025,09:32:10,49924.45,49944.55,90,49964.95,120,0,76020
BANKNIFTY-III.NFO,21/02/2025,09:32:12,49944.55,49944.55,60,49963.1,120,30,76020
BANKNIFTY-III.NFO,21/02/2025,09:32:13,49944.55,49944.6,60,49963.8,150,0,76020
BANKNIFTY-III.NFO,21/02/2025,09:32:15,49944.55,49945.75,60,49967.05,120,0,76020
BANKNIFTY-III.NFO,21/02/2025,09:32:17,49944.55,49947.35,60,49966.3,120,0,76020
BANKNIFTY-III.NFO,21/02/2025,09:32:18,49944.55,49948.65,60,49969.3,120,0,76020
BANKNIFTY-III.NFO,21/02/2025,09:32:20,49944.55,49949.8,60,49969.9,120,0,76020
BANKNIFTY-III.NFO,21/02/2025,09:32:22,49944.55,49949.8,60,49969.8,120,0,76020
BANKNIFTY-III.NFO,21/02/2025,09:32:23,49944.55,49947.35,60,49966.35,120,0,76020
BANKNIFTY-III.NFO,21/02/2025,09:32:25,49944.55,49944.6,60,49961.7,150,0,76020
BANKNIFTY-III.NFO,21/02/2025,09:32:26,49944.55,49944.6,60,49963.9,150,0,76020
BANKNIFTY-III.NFO,21/02/2025,09:32:28,49944.55,49944.6,60,49964.2,150,0,76020
BANKNIFTY-III.NFO,21/02/2025,09:32:30,49944.55,49943.75,60,49962.05,120,0,76020
BANKNIFTY-III.NFO,21/02/2025,09:32:31,49944.55,49944.8,60,49966,120,0,76020
BANKNIFTY-III.NFO,21/02/2025,09:32:33,49944.55,49945.65,60,49965.65,120,0,76020
BANKNIFTY-III.NFO,21/02/2025,09:32:35,49944.55,49944.6,90,49962.1,120,0,76020
BANKNIFTY-III.NFO,21/02/2025,09:32:36,49944.55,49944.55,30,49956.8,150,0,76020
BANKNIFTY-III.NFO,21/02/2025,09:32:38,49944.55,49944.55,30,49958.05,150,0,76020
BANKNIFTY-III.NFO,21/02/2025,09:32:40,49944.55,49944.55,60,49960.05,150,0,76020
BANKNIFTY-III.NFO,21/02/2025,09:32:41,49944.55,49944.6,60,49963.5,300,0,76020
BANKNIFTY-III.NFO,21/02/2025,09:32:43,49944.55,49944.6,60,49963.6,150,0,76020
BANKNIFTY-III.NFO,21/02/2025,09:32:45,49944.55,49944.55,30,49955.9,150,0,76020
BANKNIFTY-III.NFO,21/02/2025,09:32:46,49944.55,49944.55,30,49947.6,120,0,76020
BANKNIFTY-III.NFO,21/02/2025,09:32:48,49944.55,49940,30,49943.7,120,30,76020
BANKNIFTY-III.NFO,21/02/2025,09:32:50,49944.55,49940,30,49942.3,120,0,76020
BANKNIFTY-III.NFO,21/02/2025,09:32:51,49944.55,49940,30,49945.05,120,0,76020
BANKNIFTY-III.NFO,21/02/2025,09:32:53,49944.55,49940,30,49945.8,120,0,76020
BANKNIFTY-III.NFO,21/02/2025,09:32:54,49940,49924.45,360,49937.9,120,30,76020
BANKNIFTY-III.NFO,21/02/2025,09:32:56,49940,49924.45,360,49934.65,120,0,76020
BANKNIFTY-III.NFO,21/02/2025,09:32:58,49940,49924.45,360,49934.3,120,0,76020
BANKNIFTY-III.NFO,21/02/2025,09:32:59,49937.5,49924.45,390,49938.3,90,90,76020
BANKNIFTY-III.NFO,21/02/2025,09:33:01,49937.5,49924.45,360,49933.45,90,0,76020
BANKNIFTY-III.NFO,21/02/2025,09:33:03,49937.5,49924.45,360,49932.65,90,0,76020
BANKNIFTY-III.NFO,21/02/2025,09:33:04,49937.5,49924.45,360,49931.75,90,0,76020
BANKNIFTY-III.NFO,21/02/2025,09:33:06,49937.5,49924.45,360,49931.15,240,0,76020
BANKNIFTY-III.NFO,21/02/2025,09:33:07,49937.5,49924.5,30,49940.35,120,0,76020
BANKNIFTY-III.NFO,21/02/2025,09:33:09,49937.5,49924.5,150,49943.35,120,0,76020
BANKNIFTY-III.NFO,21/02/2025,09:33:11,49937.5,49929.5,120,49951.5,90,0,76020
BANKNIFTY-III.NFO,21/02/2025,09:33:12,49937.5,49931.9,120,49953.25,240,0,76020
BANKNIFTY-III.NFO,21/02/2025,09:33:14,49937.5,49931.9,120,49951.25,90,0,76020
BANKNIFTY-III.NFO,21/02/2025,09:33:16,49937.5,49933.85,120,49955.3,90,0,76020
BANKNIFTY-III.NFO,21/02/2025,09:33:17,49937.5,49935.65,120,49957.25,90,0,76020
BANKNIFTY-III.NFO,21/02/2025,09:33:19,49937.5,49935.4,120,49953.25,90,0,76020
BANKNIFTY-III.NFO,21/02/2025,09:33:21,49937.5,49935.4,120,49954.65,90,0,76020
BANKNIFTY-III.NFO,21/02/2025,09:33:22,49937.5,49931.9,120,49951.45,120,0,76020
BANKNIFTY-III.NFO,21/02/2025,09:33:24,49937.5,49928.6,120,49946,120,0,76020
BANKNIFTY-III.NFO,21/02/2025,09:33:25,49937.5,49934.1,120,49955.85,90,0,76020
BANKNIFTY-III.NFO,21/02/2025,09:33:27,49937.5,49934.9,120,49954.25,90,0,76020
BANKNIFTY-III.NFO,21/02/2025,09:33:29,49937.5,49934.9,120,49952.75,90,0,76020
BANKNIFTY-III.NFO,21/02/2025,09:33:30,49937.5,49934.1,120,49951.8,90,0,76020
BANKNIFTY-III.NFO,21/02/2025,09:33:32,49937.5,49931.95,120,49950.65,90,0,76020
BANKNIFTY-III.NFO,21/02/2025,09:33:34,49937.5,49929.2,120,49947.05,120,0,76020
BANKNIFTY-III.NFO,21/02/2025,09:33:35,49937.5,49929.2,120,49951.1,90,0,76020
BANKNIFTY-III.NFO,21/02/2025,09:33:37,49937.5,49932.25,120,49952.25,120,0,76020
BANKNIFTY-III.NFO,21/02/2025,09:33:39,49937.5,49932.25,120,49950.9,90,0,76020
BANKNIFTY-III.NFO,21/02/2025,09:33:40,49937.5,49932.25,120,49952.2,90,0,76020
BANKNIFTY-III.NFO,21/02/2025,09:33:42,49937.5,49932.25,120,49951.9,90,0,76020
BANKNIFTY-III.NFO,21/02/2025,09:33:43,49937.5,49929.2,120,49949.4,90,0,76020
BANKNIFTY-III.NFO,21/02/2025,09:33:45,49937.5,49924.45,360,49939.7,90,0,76020
BANKNIFTY-III.NFO,21/02/2025,09:33:47,49937.5,49924.45,360,49935.95,270,0,76020
BANKNIFTY-III.NFO,21/02/2025,09:33:48,49937.5,49924.45,360,49935.9,120,0,76020
BANKNIFTY-III.NFO,21/02/2025,09:33:50,49924.45,49911,30,49922.5,120,360,76020
BANKNIFTY-III.NFO,21/02/2025,09:33:52,49924.45,49911,30,49922.7,90,0,76020
BANKNIFTY-III.NFO,21/02/2025,09:33:53,49924.45,49911,30,49921.05,90,0,76020
BANKNIFTY-III.NFO,21/02/2025,09:33:55,49924.45,49911.05,120,49927.3,120,0,76020
BANKNIFTY-III.NFO,21/02/2025,09:33:57,49924.45,49911,30,49923.5,90,0,76020
BANKNIFTY-III.NFO,21/02/2025,09:33:58,49924.45,49911,30,49917.05,90,0,76020
BANKNIFTY-III.NFO,21/02/2025,09:34:00,49911,49910,30,49910.8,90,30,76020
BANKNIFTY-III.NFO,21/02/2025,09:34:02,49910,49900.7,120,49920.45,90,30,76020
BANKNIFTY-III.NFO,21/02/2025,09:34:02,49910,49900.7,120,49920.45,90,0,76020
BANKNIFTY-III.NFO,21/02/2025,09:34:03,49910,49900,510,49911.7,270,0,76020
BANKNIFTY-III.NFO,21/02/2025,09:34:05,49910,49900.05,150,49913.8,90,0,76020
BANKNIFTY-III.NFO,21/02/2025,09:34:07,49910,49900.05,150,49917.1,120,0,76020
BANKNIFTY-III.NFO,21/02/2025,09:34:08,49910,49900.05,150,49920.2,120,0,76020
BANKNIFTY-III.NFO,21/02/2025,09:34:10,49910,49900.8,270,49921.25,90,0,76020
BANKNIFTY-III.NFO,21/02/2025,09:34:12,49910,49901.8,120,49921.25,90,0,76020
BANKNIFTY-III.NFO,21/02/2025,09:34:13,49910,49904.6,120,49926.25,120,0,76020
BANKNIFTY-III.NFO,21/02/2025,09:34:15,49910,49907.8,120,49925.45,120,0,76020
BANKNIFTY-III.NFO,21/02/2025,09:34:17,49910,49906.2,120,49926.75,120,0,76020
BANKNIFTY-III.NFO,21/02/2025,09:34:18,49910,49906.2,120,49924.75,270,0,76020
BANKNIFTY-III.NFO,21/02/2025,09:34:20,49910,49906.2,120,49923.45,120,0,76020
BANKNIFTY-III.NFO,21/02/2025,09:34:22,49910,49904.6,120,49921.35,120,0,76020
BANKNIFTY-III.NFO,21/02/2025,09:34:23,49910,49904.6,120,49923.3,90,0,76020
BANKNIFTY-III.NFO,21/02/2025,09:34:25,49910,49900.2,150,49916.1,120,0,76020
BANKNIFTY-III.NFO,21/02/2025,09:34:27,49910,49900.2,150,49916.4,120,0,76020
BANKNIFTY-III.NFO,21/02/2025,09:34:28,49910,49900.2,150,49919.4,120,0,76020
BANKNIFTY-III.NFO,21/02/2025,09:34:30,49910,49900.15,30,49915.05,120,0,76020
BANKNIFTY-III.NFO,21/02/2025,09:34:32,49910,49900.15,30,49913.25,120,0,76020
BANKNIFTY-III.NFO,21/02/2025,09:34:33,49910,49900.2,150,49918.35,90,0,76020
BANKNIFTY-III.NFO,21/02/2025,09:34:35,49910,49900.2,150,49919.1,90,0,76020
BANKNIFTY-III.NFO,21/02/2025,09:34:37,49910,49900.15,60,49915.15,120,0,76020
BANKNIFTY-III.NFO,21/02/2025,09:34:38,49910,49900.2,150,49914.35,90,0,76020
BANKNIFTY-III.NFO,21/02/2025,09:34:40,49910,49900.2,150,49917.3,120,0,76020
BANKNIFTY-III.NFO,21/02/2025,09:34:42,49910,49900.2,150,49915.9,120,0,76020
BANKNIFTY-III.NFO,21/02/2025,09:34:43,49910,49900.2,150,49918.15,90,0,76020
BANKNIFTY-III.NFO,21/02/2025,09:34:45,49910,49900.15,30,49913.5,120,0,76020
BANKNIFTY-III.NFO,21/02/2025,09:34:47,49910,49900.15,30,49913.7,90,0,76020
BANKNIFTY-III.NFO,21/02/2025,09:34:49,49910,49900.2,150,49915.9,120,0,76020
BANKNIFTY-III.NFO,21/02/2025,09:34:50,49910,49910,30,49916.8,90,0,76020
BANKNIFTY-III.NFO,21/02/2025,09:34:52,49910,49910,30,49919.95,90,0,76020
BANKNIFTY-III.NFO,21/02/2025,09:34:53,49910,49910,30,49923.45,120,0,76020
BANKNIFTY-III.NFO,21/02/2025,09:34:55,49910,49902.75,120,49921.55,120,0,76020
BANKNIFTY-III.NFO,21/02/2025,09:34:57,49910,49902.75,120,49920.95,120,0,76020
BANKNIFTY-III.NFO,21/02/2025,09:34:58,49910,49900.2,150,49917.25,120,0,76020
BANKNIFTY-III.NFO,21/02/2025,09:35:00,49910,49900.15,60,49913.3,90,0,76020
BANKNIFTY-III.NFO,21/02/2025,09:35:02,49910,49900.15,90,49917.2,90,0,76020
BANKNIFTY-III.NFO,21/02/2025,09:35:03,49910,49900.15,60,49909.65,120,0,76020
BANKNIFTY-III.NFO,21/02/2025,09:35:05,49910,49900.15,60,49911.85,90,0,76020
BANKNIFTY-III.NFO,21/02/2025,09:35:07,49910,49900.15,60,49908.4,90,0,76020
BANKNIFTY-III.NFO,21/02/2025,09:35:08,49910,49900.15,60,49902.7,90,0,76020
BANKNIFTY-III.NFO,21/02/2025,09:35:10,49910,49900.15,60,49908.4,150,0,76020
BANKNIFTY-III.NFO,21/02/2025,09:35:11,49910,49900.15,60,49911.45,90,0,76020
BANKNIFTY-III.NFO,21/02/2025,09:35:13,49900.15,49900,480,49904.6,150,60,76020
BANKNIFTY-III.NFO,21/02/2025,09:35:13,49900.15,49900,480,49904.6,150,0,76020
BANKNIFTY-III.NFO,21/02/2025,09:35:15,49900.15,49900,480,49904.75,150,0,76020
BANKNIFTY-III.NFO,21/02/2025,09:35:16,49900.15,49900,480,49902.6,150,0,76020
BANKNIFTY-III.NFO,21/02/2025,09:35:18,49904.25,49900,480,49910.6,90,30,76020
BANKNIFTY-III.NFO,21/02/2025,09:35:20,49904.25,49900,480,49905.6,120,0,76020
BANKNIFTY-III.NFO,21/02/2025,09:35:21,49904.25,49900,480,49905.7,150,0,76020
BANKNIFTY-III.NFO,21/02/2025,09:35:23,49904.25,49900,480,49904.9,150,0,76020
BANKNIFTY-III.NFO,21/02/2025,09:35:24,49904.25,49900,480,49907.65,120,0,76020
BANKNIFTY-III.NFO,21/02/2025,09:35:26,49904.25,49900,480,49909.75,90,0,76020
BANKNIFTY-III.NFO,21/02/2025,09:35:28,49904.25,49900,480,49908.95,120,0,76020
BANKNIFTY-III.NFO,21/02/2025,09:35:29,49904.25,49900,480,49907.5,150,0,76020
BANKNIFTY-III.NFO,21/02/2025,09:35:31,49904.25,49900,480,49907.05,120,0,76020
BANKNIFTY-III.NFO,21/02/2025,09:35:33,49904.25,49900,480,49903.9,150,0,76020
BANKNIFTY-III.NFO,21/02/2025,09:35:34,49911.55,49900.05,120,49914.2,30,360,76020
BANKNIFTY-III.NFO,21/02/2025,09:35:36,49911.55,49900.05,150,49917.05,150,0,76020
BANKNIFTY-III.NFO,21/02/2025,09:35:38,49911.55,49900.05,150,49916.2,30,0,76020
BANKNIFTY-III.NFO,21/02/2025,09:35:39,49911.55,49900.05,150,49918.75,180,0,76020
BANKNIFTY-III.NFO,21/02/2025,09:35:41,49911.55,49900.05,150,49919.75,330,0,76020
BANKNIFTY-III.NFO,21/02/2025,09:35:42,49911.55,49900.05,150,49919.95,60,0,76020
BANKNIFTY-III.NFO,21/02/2025,09:35:44,49911.55,49900.05,120,49912.5,300,0,76020
BANKNIFTY-III.NFO,21/02/2025,09:35:46,49911.55,49900.05,150,49912.9,150,0,76020
BANKNIFTY-III.NFO,21/02/2025,09:35:47,49911.7,49900,480,49911.25,30,60,76020
BANKNIFTY-III.NFO,21/02/2025,09:35:49,49911.7,49900.05,150,49914.75,150,0,76020
BANKNIFTY-III.NFO,21/02/2025,09:35:51,49911.7,49900.05,150,49915.95,480,0,76020
BANKNIFTY-III.NFO,21/02/2025,09:35:52,49915,49900.1,120,49917.8,180,30,76020
BANKNIFTY-III.NFO,21/02/2025,09:35:54,49915,49900.1,120,49916.85,30,0,76020
BANKNIFTY-III.NFO,21/02/2025,09:35:56,49915,49900.1,120,49918.7,60,0,76020
BANKNIFTY-III.NFO,21/02/2025,09:35:57,49915,49915.95,30,49920.45,30,0,76020
BANKNIFTY-III.NFO,21/02/2025,09:35:59,49915,49915.95,30,49920,30,0,76020
BANKNIFTY-III.NFO,21/02/2025,09:36:02,49915,49915.95,30,49924.1,300,0,76020
BANKNIFTY-III.NFO,21/02/2025,09:36:04,49915,49916,150,49932.75,330,0,76020
BANKNIFTY-III.NFO,21/02/2025,09:36:06,49915,49925,30,49931.7,60,0,76020
BANKNIFTY-III.NFO,21/02/2025,09:36:07,49915,49925,30,49934,30,0,76020
BANKNIFTY-III.NFO,21/02/2025,09:36:09,49915,49925,30,49933.4,150,0,76020
BANKNIFTY-III.NFO,21/02/2025,09:36:11,49915,49925,30,49929.75,150,0,76020
BANKNIFTY-III.NFO,21/02/2025,09:36:12,49925,49915,30,49924.65,120,30,76020
BANKNIFTY-III.NFO,21/02/2025,09:36:14,49925,49915.05,150,49932.7,150,0,76020
BANKNIFTY-III.NFO,21/02/2025,09:36:16,49925,49915.05,150,49931.3,330,0,76020
BANKNIFTY-III.NFO,21/02/2025,09:36:17,49925,49915.05,150,49932.3,150,0,76020
BANKNIFTY-III.NFO,21/02/2025,09:36:19,49925,49915.05,150,49932.95,30,0,76020
BANKNIFTY-III.NFO,21/02/2025,09:36:21,49925,49915.1,120,49933.45,300,0,76020
BANKNIFTY-III.NFO,21/02/2025,09:36:22,49925,49915.1,120,49935.6,150,0,76020
BANKNIFTY-III.NFO,21/02/2025,09:36:24,49925,49915.1,120,49934.8,30,0,76020
BANKNIFTY-III.NFO,21/02/2025,09:36:26,49935.15,49915.2,120,49935.85,30,60,76020
BANKNIFTY-III.NFO,21/02/2025,09:36:27,49935.15,49927,30,49936.25,120,0,76020
BANKNIFTY-III.NFO,21/02/2025,09:36:29,49935.15,49927,30,49939.7,300,0,76020
BANKNIFTY-III.NFO,21/02/2025,09:36:31,49935.15,49927,30,49935.6,120,0,76020
BANKNIFTY-III.NFO,21/02/2025,09:36:32,49935.15,49927,30,49936,300,0,76020
BANKNIFTY-III.NFO,21/02/2025,09:36:34,49935.15,49927,30,49936.6,300,0,76020
BANKNIFTY-III.NFO,21/02/2025,09:36:36,49935.15,49927,30,49938.25,300,0,76020
BANKNIFTY-III.NFO,21/02/2025,09:36:37,49935.15,49927,30,49938.2,300,0,76020
BANKNIFTY-III.NFO,21/02/2025,09:36:39,49935.15,49927,30,49933.7,300,0,76020
BANKNIFTY-III.NFO,21/02/2025,09:36:41,49935.15,49927,30,49931.55,300,0,76020
BANKNIFTY-III.NFO,21/02/2025,09:36:42,49927,49915.05,150,49931.55,330,30,75300
BANKNIFTY-III.NFO,21/02/2025,09:36:44,49927,49915,30,49927.6,120,0,75300
BANKNIFTY-III.NFO,21/02/2025,09:36:46,49927,49915,30,49925.6,120,0,75300
BANKNIFTY-III.NFO,21/02/2025,09:36:47,49927,49915,30,49919.45,120,0,75300
BANKNIFTY-III.NFO,21/02/2025,09:36:49,49927,49915,30,49920.95,120,0,75300
BANKNIFTY-III.NFO,21/02/2025,09:36:51,49927,49915,30,49928.4,180,0,75300
BANKNIFTY-III.NFO,21/02/2025,09:36:52,49927,49915,60,49928.25,120,0,75300
BANKNIFTY-III.NFO,21/02/2025,09:36:54,49927,49927,30,49932.25,120,0,75300
BANKNIFTY-III.NFO,21/02/2025,09:36:56,49927,49927,30,49934.75,120,0,75300
BANKNIFTY-III.NFO,21/02/2025,09:36:57,49927,49927,30,49935.75,300,0,75300
BANKNIFTY-III.NFO,21/02/2025,09:36:59,49927,49927,30,49937.7,150,0,75300
BANKNIFTY-III.NFO,21/02/2025,09:37:01,49927,49927,30,49937.4,120,0,75300
BANKNIFTY-III.NFO,21/02/2025,09:37:02,49927,49927,30,49935.6,180,0,75300
BANKNIFTY-III.NFO,21/02/2025,09:37:04,49927,49927,30,49931.6,300,0,75300
BANKNIFTY-III.NFO,21/02/2025,09:37:06,49927,49927,30,49928.65,180,0,75300
BANKNIFTY-III.NFO,21/02/2025,09:37:07,49927,49915,30,49927.2,120,30,75300
BANKNIFTY-III.NFO,21/02/2025,09:37:09,49927,49915,30,49927.65,300,0,75300
BANKNIFTY-III.NFO,21/02/2025,09:37:11,49927,49915,30,49922.65,90,0,75300
BANKNIFTY-III.NFO,21/02/2025,09:37:12,49925.15,49915,30,49923.4,150,240,75300
BANKNIFTY-III.NFO,21/02/2025,09:37:14,49915,49907.35,120,49924.7,330,30,75300
BANKNIFTY-III.NFO,21/02/2025,09:37:16,49915,49906.3,120,49923.8,300,0,75300
BANKNIFTY-III.NFO,21/02/2025,09:37:17,49915,49902.15,120,49920.8,30,0,75300
BANKNIFTY-III.NFO,21/02/2025,09:37:19,49915,49902.15,150,49917.85,30,0,75300
BANKNIFTY-III.NFO,21/02/2025,09:37:21,49915,49902.1,150,49915.35,330,0,75300
BANKNIFTY-III.NFO,21/02/2025,09:37:22,49915,49902.1,150,49915.8,330,0,75300
BANKNIFTY-III.NFO,21/02/2025,09:37:24,49915,49902.15,150,49918.1,330,0,75300
BANKNIFTY-III.NFO,21/02/2025,09:37:26,49915,49902.15,150,49920.5,330,0,75300
BANKNIFTY-III.NFO,21/02/2025,09:37:27,49915,49902.15,150,49919.85,330,0,75300
BANKNIFTY-III.NFO,21/02/2025,09:37:29,49915,49902.15,150,49918.55,30,0,75300
BANKNIFTY-III.NFO,21/02/2025,09:37:31,49915,49902.1,150,49915.05,330,0,75300
BANKNIFTY-III.NFO,21/02/2025,09:37:32,49915,49902.1,150,49914.05,300,0,75300
BANKNIFTY-III.NFO,21/02/2025,09:37:34,49915,49902.1,150,49913.9,300,0,75300
BANKNIFTY-III.NFO,21/02/2025,09:37:36,49915,49902.1,150,49913.1,330,0,75300
BANKNIFTY-III.NFO,21/02/2025,09:37:37,49915,49902.15,150,49917.5,180,0,75300
BANKNIFTY-III.NFO,21/02/2025,09:37:39,49915,49902.15,150,49920.4,330,0,75300
BANKNIFTY-III.NFO,21/02/2025,09:37:41,49915,49902.15,150,49919.1,330,0,75300
BANKNIFTY-III.NFO,21/02/2025,09:37:42,49915,49902.15,150,49918.95,30,0,75300
BANKNIFTY-III.NFO,21/02/2025,09:37:44,49915,49902.15,150,49920.65,330,0,75300
BANKNIFTY-III.NFO,21/02/2025,09:37:46,49915,49902.15,150,49918.75,30,0,75300
BANKNIFTY-III.NFO,21/02/2025,09:37:47,49915,49902.15,150,49917.4,330,0,75300
BANKNIFTY-III.NFO,21/02/2025,09:37:49,49915,49902.15,150,49919.15,30,0,75300
BANKNIFTY-III.NFO,21/02/2025,09:37:51,49915,49902.15,150,49921.35,30,0,75300
BANKNIFTY-III.NFO,21/02/2025,09:37:52,49915,49902.15,150,49916.8,330,0,75300
BANKNIFTY-III.NFO,21/02/2025,09:37:54,49915,49902.15,150,49916.5,300,0,75300
BANKNIFTY-III.NFO,21/02/2025,09:37:56,49915,49902.15,150,49918,330,0,75300
BANKNIFTY-III.NFO,21/02/2025,09:37:57,49915,49902.15,150,49920.8,300,0,75300
BANKNIFTY-III.NFO,21/02/2025,09:37:59,49915,49902.15,150,49921.1,180,0,75300
BANKNIFTY-III.NFO,21/02/2025,09:38:01,49915,49902.15,30,49916.95,330,0,75300
BANKNIFTY-III.NFO,21/02/2025,09:38:02,49915,49902.15,150,49919.05,30,0,75300
BANKNIFTY-III.NFO,21/02/2025,09:38:04,49915,49902.15,150,49919,30,0,75300
BANKNIFTY-III.NFO,21/02/2025,09:38:06,49915,49902.15,120,49917.05,330,0,75300
BANKNIFTY-III.NFO,21/02/2025,09:38:07,49915,49902.1,150,49915.4,330,0,75300
BANKNIFTY-III.NFO,21/02/2025,09:38:09,49915,49902.15,150,49919.3,330,0,75300
BANKNIFTY-III.NFO,21/02/2025,09:38:11,49915,49902.1,150,49916.55,180,0,75300
BANKNIFTY-III.NFO,21/02/2025,09:38:12,49915,49902.1,150,49915.1,300,0,75300
BANKNIFTY-III.NFO,21/02/2025,09:38:14,49915,49902.15,150,49917.9,330,0,75300
BANKNIFTY-III.NFO,21/02/2025,09:38:16,49915,49902.15,150,49919.4,180,0,75300
BANKNIFTY-III.NFO,21/02/2025,09:38:17,49915,49902.15,150,49917.9,330,0,75300
BANKNIFTY-III.NFO,21/02/2025,09:38:19,49915,49902.15,150,49919.55,30,0,75300
BANKNIFTY-III.NFO,21/02/2025,09:38:21,49915,49902.15,150,49917.25,330,0,75300
BANKNIFTY-III.NFO,21/02/2025,09:38:22,49915,49915,30,49919.1,300,0,75300
BANKNIFTY-III.NFO,21/02/2025,09:38:24,49915,49915,30,49917.3,300,0,75300
BANKNIFTY-III.NFO,21/02/2025,09:38:26,49915,49915,30,49918.5,300,0,75300
BANKNIFTY-III.NFO,21/02/2025,09:38:27,49915,49915,30,49922.3,300,0,75300
BANKNIFTY-III.NFO,21/02/2025,09:38:29,49915,49915,30,49916.25,300,0,75300
BANKNIFTY-III.NFO,21/02/2025,09:38:31,49915,49915,30,49915.1,30,0,75300
BANKNIFTY-III.NFO,21/02/2025,09:38:32,49915,49915,30,49917.9,150,0,75300
BANKNIFTY-III.NFO,21/02/2025,09:38:34,49915,49915,30,49921.15,300,0,75300
BANKNIFTY-III.NFO,21/02/2025,09:38:36,49915,49915,30,49923.9,300,0,75300
BANKNIFTY-III.NFO,21/02/2025,09:38:37,49915,49915,30,49925.2,30,0,75300
BANKNIFTY-III.NFO,21/02/2025,09:38:39,49915,49915,30,49925.05,30,0,75300
BANKNIFTY-III.NFO,21/02/2025,09:38:41,49915,49915,30,49924.55,300,0,75300
BANKNIFTY-III.NFO,21/02/2025,09:38:42,49915,49902.1,150,49913.55,330,30,75300
BANKNIFTY-III.NFO,21/02/2025,09:38:44,49915,49902.1,150,49913.4,300,0,75300
BANKNIFTY-III.NFO,21/02/2025,09:38:46,49915,49902.15,150,49919.2,330,0,75300
BANKNIFTY-III.NFO,21/02/2025,09:38:47,49915,49902.1,150,49915.95,330,0,75300
BANKNIFTY-III.NFO,21/02/2025,09:38:49,49915,49902.15,150,49915.85,300,0,75300
BANKNIFTY-III.NFO,21/02/2025,09:38:51,49915,49902.15,150,49917.8,330,0,75300
BANKNIFTY-III.NFO,21/02/2025,09:38:53,49915,49905.1,150,49915.8,300,0,75300
BANKNIFTY-III.NFO,21/02/2025,09:38:54,49915,49905.15,150,49921.5,330,0,75300
BANKNIFTY-III.NFO,21/02/2025,09:38:56,49905.15,49905.15,150,49922.05,30,30,75300
BANKNIFTY-III.NFO,21/02/2025,09:38:58,49905.15,49905.15,150,49923.95,60,0,75300
BANKNIFTY-III.NFO,21/02/2025,09:38:59,49905.15,49905.15,150,49921.65,60,0,75300
BANKNIFTY-III.NFO,21/02/2025,09:39:01,49905.15,49905.15,150,49924.1,60,0,75300
BANKNIFTY-III.NFO,21/02/2025,09:39:03,49905.15,49905.1,180,49918.65,30,0,75300
BANKNIFTY-III.NFO,21/02/2025,09:39:04,49905.15,49905.1,180,49918.45,30,0,75300
BANKNIFTY-III.NFO,21/02/2025,09:39:06,49905.15,49905.1,150,49916.7,30,0,75300
BANKNIFTY-III.NFO,21/02/2025,09:39:08,49905.15,49905.15,120,49919.2,30,0,75300
BANKNIFTY-III.NFO,21/02/2025,09:39:09,49905.15,49905.1,150,49915.5,30,0,75300
BANKNIFTY-III.NFO,21/02/2025,09:39:11,49905.15,49905.1,150,49911.3,30,0,75300
BANKNIFTY-III.NFO,21/02/2025,09:39:13,49905.15,49905.1,150,49906.25,300,0,75300
BANKNIFTY-III.NFO,21/02/2025,09:39:14,49905,49900,450,49904.55,210,180,75300
BANKNIFTY-III.NFO,21/02/2025,09:39:16,49900,49895,30,49898,60,600,75300
BANKNIFTY-III.NFO,21/02/2025,09:39:16,49900,49895,30,49898,60,0,75300
BANKNIFTY-III.NFO,21/02/2025,09:39:18,49900,49895,30,49899.05,30,0,75300
BANKNIFTY-III.NFO,21/02/2025,09:39:19,49900,49895,30,49900.2,60,0,75300
BANKNIFTY-III.NFO,21/02/2025,09:39:21,49900,49895,30,49901.2,30,0,75300
BANKNIFTY-III.NFO,21/02/2025,09:39:23,49900,49895,30,49898.5,30,0,75300
BANKNIFTY-III.NFO,21/02/2025,09:39:24,49895,49872.05,120,49891.9,30,30,75300
BANKNIFTY-III.NFO,21/02/2025,09:39:24,49895,49872.05,120,49891.9,30,0,75300
BANKNIFTY-III.NFO,21/02/2025,09:39:26,49895,49870.65,120,49889.95,30,0,75300
BANKNIFTY-III.NFO,21/02/2025,09:39:28,49895,49870.05,150,49887,30,0,75300
BANKNIFTY-III.NFO,21/02/2025,09:39:29,49895,49870.05,150,49890.8,30,0,75300
BANKNIFTY-III.NFO,21/02/2025,09:39:31,49892,49870.75,120,49890.25,30,600,75300
BANKNIFTY-III.NFO,21/02/2025,09:39:31,49890.05,49870.75,120,49890.25,30,0,75300
BANKNIFTY-III.NFO,21/02/2025,09:39:33,49892,49871.25,120,49889.65,90,0,74490
BANKNIFTY-III.NFO,21/02/2025,09:39:34,49892,49871.25,120,49892.15,30,0,74490
BANKNIFTY-III.NFO,21/02/2025,09:39:36,49892,49872.3,120,49892.55,30,0,74490
BANKNIFTY-III.NFO,21/02/2025,09:39:38,49892,49873,120,49893.45,30,0,74490
BANKNIFTY-III.NFO,21/02/2025,09:39:39,49892,49873,120,49892.35,30,0,74490
BANKNIFTY-III.NFO,21/02/2025,09:39:41,49892,49873,120,49894.2,90,0,74490
BANKNIFTY-III.NFO,21/02/2025,09:39:43,49892,49875.45,120,49894.8,60,0,74490
BANKNIFTY-III.NFO,21/02/2025,09:39:44,49892,49875.45,120,49891.65,90,0,74490
BANKNIFTY-III.NFO,21/02/2025,09:39:46,49892,49871.25,120,49888.5,30,0,74490
BANKNIFTY-III.NFO,21/02/2025,09:39:47,49892,49871.25,120,49890.35,30,0,74490
BANKNIFTY-III.NFO,21/02/2025,09:39:49,49892,49871.25,120,49890.9,90,0,74490
BANKNIFTY-III.NFO,21/02/2025,09:39:51,49892,49874.05,120,49895.75,30,0,74490
BANKNIFTY-III.NFO,21/02/2025,09:39:52,49892,49876.1,120,49896.8,90,0,74490
BANKNIFTY-III.NFO,21/02/2025,09:39:54,49892,49880.95,120,49899.25,90,0,74490
BANKNIFTY-III.NFO,21/02/2025,09:39:56,49892,49880.95,120,49900.55,30,0,74490
BANKNIFTY-III.NFO,21/02/2025,09:39:57,49892,49876.85,120,49893.45,90,0,74490
BANKNIFTY-III.NFO,21/02/2025,09:39:59,49892,49876.85,120,49894.1,30,0,74490
BANKNIFTY-III.NFO,21/02/2025,09:40:01,49892,49874.85,120,49891.55,90,0,74490
BANKNIFTY-III.NFO,21/02/2025,09:40:02,49892,49872,120,49891.2,30,0,74490
BANKNIFTY-III.NFO,21/02/2025,09:40:04,49892,49872,120,49891.15,30,0,74490
BANKNIFTY-III.NFO,21/02/2025,09:40:06,49892,49870.05,150,49886.6,90,0,74490
BANKNIFTY-III.NFO,21/02/2025,09:40:07,49892,49870.05,150,49887.7,90,0,74490
BANKNIFTY-III.NFO,21/02/2025,09:40:09,49892,49870,60,49885.45,90,0,74490
BANKNIFTY-III.NFO,21/02/2025,09:40:11,49892,49880,30,49884.05,120,0,74490
BANKNIFTY-III.NFO,21/02/2025,09:40:12,49884.05,49887.5,30,49891.8,30,30,74490
BANKNIFTY-III.NFO,21/02/2025,09:40:12,49884.05,49887.5,30,49891.8,30,0,74490
BANKNIFTY-III.NFO,21/02/2025,09:40:14,49884.05,49887.5,30,49891.5,510,0,74490
BANKNIFTY-III.NFO,21/02/2025,09:40:16,49887.5,49880,30,49887.95,150,30,74490
BANKNIFTY-III.NFO,21/02/2025,09:40:17,49887.5,49880,30,49892.6,150,0,74490
BANKNIFTY-III.NFO,21/02/2025,09:40:19,49887.5,49880,30,49892.2,150,0,74490
BANKNIFTY-III.NFO,21/02/2025,09:40:21,49887.5,49880,60,49893.65,600,0,74490
BANKNIFTY-III.NFO,21/02/2025,09:40:22,49887.5,49880,60,49894.5,90,0,74490
BANKNIFTY-III.NFO,21/02/2025,09:40:24,49887.5,49880,30,49891.3,300,0,74490
BANKNIFTY-III.NFO,21/02/2025,09:40:26,49887.5,49880,30,49891.5,30,0,74490
BANKNIFTY-III.NFO,21/02/2025,09:40:27,49887.5,49880,30,49888.6,30,0,74490
BANKNIFTY-III.NFO,21/02/2025,09:40:29,49887.5,49880,30,49887.95,30,0,74490
BANKNIFTY-III.NFO,21/02/2025,09:40:31,49887.5,49880,30,49887.45,30,0,74490
BANKNIFTY-III.NFO,21/02/2025,09:40:32,49887.5,49880,30,49889.75,60,0,74490
BANKNIFTY-III.NFO,21/02/2025,09:40:34,49887.5,49880,30,49891.85,150,0,74490
BANKNIFTY-III.NFO,21/02/2025,09:40:36,49887.5,49874,30,49885.25,150,0,74490
BANKNIFTY-III.NFO,21/02/2025,09:40:37,49887.5,49874,30,49886.15,150,0,74490
BANKNIFTY-III.NFO,21/02/2025,09:40:39,49887.5,49874,60,49887.6,30,0,74490
BANKNIFTY-III.NFO,21/02/2025,09:40:41,49887.5,49874,30,49884.9,150,0,74490
BANKNIFTY-III.NFO,21/02/2025,09:40:42,49887.5,49874,30,49884.4,60,0,74490
BANKNIFTY-III.NFO,21/02/2025,09:40:44,49887.5,49874.05,30,49885.5,60,0,74490
BANKNIFTY-III.NFO,21/02/2025,09:40:46,49887.5,49874.05,150,49889.35,150,0,74490
BANKNIFTY-III.NFO,21/02/2025,09:40:47,49887.5,49874,30,49882.95,150,0,74490
BANKNIFTY-III.NFO,21/02/2025,09:40:49,49887.5,49874,30,49876.6,150,0,74490
BANKNIFTY-III.NFO,21/02/2025,09:40:51,49874,49855.15,120,49874.8,30,30,74490
BANKNIFTY-III.NFO,21/02/2025,09:40:51,49874,49855.15,120,49874.8,30,0,74490
BANKNIFTY-III.NFO,21/02/2025,09:40:52,49874,49855.15,120,49874.8,30,0,74490
BANKNIFTY-III.NFO,21/02/2025,09:40:54,49874,49860.8,120,49882.45,30,0,74490
BANKNIFTY-III.NFO,21/02/2025,09:40:56,49874,49870,30,49883.7,150,0,74490
BANKNIFTY-III.NFO,21/02/2025,09:40:57,49874,49870,30,49881.05,30,0,74490
BANKNIFTY-III.NFO,21/02/2025,09:40:59,49874,49870,30,49871.6,150,0,74490
BANKNIFTY-III.NFO,21/02/2025,09:41:00,49870,49852.5,30,49865.55,150,30,74490
BANKNIFTY-III.NFO,21/02/2025,09:41:00,49870,49852.5,30,49865.55,150,0,74490
BANKNIFTY-III.NFO,21/02/2025,09:41:02,49870,49852.55,120,49870.7,60,0,74490
BANKNIFTY-III.NFO,21/02/2025,09:41:04,49870,49852.55,120,49871.05,150,0,74490
BANKNIFTY-III.NFO,21/02/2025,09:41:05,49870,49852.5,30,49860.9,150,0,74490
BANKNIFTY-III.NFO,21/02/2025,09:41:07,49870,49852.5,30,49866.3,600,0,74490
BANKNIFTY-III.NFO,21/02/2025,09:41:09,49868.4,49852.5,30,49865.05,300,210,74490
BANKNIFTY-III.NFO,21/02/2025,09:41:09,49863.05,49852.5,30,49865.05,300,0,74490
BANKNIFTY-III.NFO,21/02/2025,09:41:11,49868.4,49852.5,30,49864.9,180,0,74490
BANKNIFTY-III.NFO,21/02/2025,09:41:12,49868.4,49852.55,30,49866.95,150,0,74490
BANKNIFTY-III.NFO,21/02/2025,09:41:14,49868.4,49860,30,49867.95,30,0,74490
BANKNIFTY-III.NFO,21/02/2025,09:41:16,49868.4,49860,30,49868.85,60,0,74490
BANKNIFTY-III.NFO,21/02/2025,09:41:17,49868.4,49860,30,49873.35,60,0,74490
BANKNIFTY-III.NFO,21/02/2025,09:41:19,49868.4,49860,30,49872.8,150,0,74490
BANKNIFTY-III.NFO,21/02/2025,09:41:21,49868.4,49860,30,49869.35,180,0,74490
BANKNIFTY-III.NFO,21/02/2025,09:41:22,49868.4,49860,30,49868.6,150,0,74490
BANKNIFTY-III.NFO,21/02/2025,09:41:24,49868.4,49860,30,49869.1,150,0,74490
BANKNIFTY-III.NFO,21/02/2025,09:41:26,49868.4,49860,30,49870,60,0,74490
BANKNIFTY-III.NFO,21/02/2025,09:41:27,49868.4,49860,30,49870.15,150,0,74490
BANKNIFTY-III.NFO,21/02/2025,09:41:29,49868.4,49860,30,49869.85,30,0,74490
BANKNIFTY-III.NFO,21/02/2025,09:41:31,49868.4,49860.05,150,49876.45,150,0,74490
BANKNIFTY-III.NFO,21/02/2025,09:41:32,49868.4,49860.05,150,49875.4,180,0,74490
BANKNIFTY-III.NFO,21/02/2025,09:41:34,49868.4,49860.05,150,49873.85,450,0,74490
BANKNIFTY-III.NFO,21/02/2025,09:41:36,49868.4,49860.05,150,49874.5,30,0,74490
BANKNIFTY-III.NFO,21/02/2025,09:41:37,49868.4,49860,30,49871.85,150,0,74490
BANKNIFTY-III.NFO,21/02/2025,09:41:39,49868.4,49860.05,150,49874,30,0,74490
BANKNIFTY-III.NFO,21/02/2025,09:41:41,49868.4,49860.05,150,49876.1,30,0,74490
BANKNIFTY-III.NFO,21/02/2025,09:41:42,49868.4,49860.05,150,49874.95,30,0,74490
BANKNIFTY-III.NFO,21/02/2025,09:41:44,49868.4,49860.05,150,49874.25,30,0,74490
BANKNIFTY-III.NFO,21/02/2025,09:41:46,49868.4,49860.05,150,49877.3,180,0,74490
BANKNIFTY-III.NFO,21/02/2025,09:41:47,49868.4,49860.05,150,49881.35,180,0,74490
BANKNIFTY-III.NFO,21/02/2025,09:41:49,49868.4,49860.05,150,49879.05,30,0,74490
BANKNIFTY-III.NFO,21/02/2025,09:41:51,49868.4,49870,30,49876.95,300,0,74490
BANKNIFTY-III.NFO,21/02/2025,09:41:52,49877.8,49870,30,49877.9,600,30,74490
BANKNIFTY-III.NFO,21/02/2025,09:41:54,49877.8,49870.05,30,49883.9,60,0,74490
BANKNIFTY-III.NFO,21/02/2025,09:41:55,49877.8,49870.05,30,49882.95,30,0,74490
BANKNIFTY-III.NFO,21/02/2025,09:41:57,49877.8,49870.05,30,49882.65,30,0,74490
BANKNIFTY-III.NFO,21/02/2025,09:41:59,49877.8,49870.05,150,49889,180,0,74490
BANKNIFTY-III.NFO,21/02/2025,09:42:00,49877.8,49870.05,150,49889.9,60,0,74490
BANKNIFTY-III.NFO,21/02/2025,09:42:02,49889.9,49870.05,150,49889.9,180,30,74490
BANKNIFTY-III.NFO,21/02/2025,09:42:04,49889.9,49870.05,150,49889.5,30,0,74490
BANKNIFTY-III.NFO,21/02/2025,09:42:05,49888.65,49870,60,49884.1,150,30,74490
BANKNIFTY-III.NFO,21/02/2025,09:42:07,49888.65,49870,30,49878.1,150,0,74490
BANKNIFTY-III.NFO,21/02/2025,09:42:09,49888.65,49870,30,49876.8,450,0,74490
BANKNIFTY-III.NFO,21/02/2025,09:42:10,49888.65,49870,30,49876.1,60,0,74490
BANKNIFTY-III.NFO,21/02/2025,09:42:12,49888.65,49870,30,49876,450,0,74490
BANKNIFTY-III.NFO,21/02/2025,09:42:13,49888.65,49870,30,49874,240,0,74490
BANKNIFTY-III.NFO,21/02/2025,09:42:15,49888.65,49870,30,49880.7,30,0,74490
BANKNIFTY-III.NFO,21/02/2025,09:42:17,49888.65,49880,30,49882.5,150,0,74490
BANKNIFTY-III.NFO,21/02/2025,09:42:18,49888.65,49880,30,49882.5,60,0,74490
BANKNIFTY-III.NFO,21/02/2025,09:42:20,49880,49870,30,49881.15,30,30,74490
BANKNIFTY-III.NFO,21/02/2025,09:42:22,49880,49870,30,49879.2,150,0,74490
BANKNIFTY-III.NFO,21/02/2025,09:42:23,49880,49870,30,49878.85,150,0,74490
BANKNIFTY-III.NFO,21/02/2025,09:42:25,49880,49870,60,49883.6,150,0,74490
BANKNIFTY-III.NFO,21/02/2025,09:42:27,49880,49870.05,120,49885.35,150,0,74490
BANKNIFTY-III.NFO,21/02/2025,09:42:28,49880,49870.05,120,49887.45,60,0,74490
BANKNIFTY-III.NFO,21/02/2025,09:42:30,49880,49870.05,120,49888.1,90,0,74490
BANKNIFTY-III.NFO,21/02/2025,09:42:32,49880,49870.05,150,49885.4,90,0,74490
BANKNIFTY-III.NFO,21/02/2025,09:42:33,49880,49870,30,49874.45,60,0,74490
BANKNIFTY-III.NFO,21/02/2025,09:42:35,49880,49870,30,49871.95,150,0,74490
BANKNIFTY-III.NFO,21/02/2025,09:42:37,49880,49870,30,49870.85,60,0,74490
BANKNIFTY-III.NFO,21/02/2025,09:42:38,49880,49870,30,49871.65,60,0,74490
BANKNIFTY-III.NFO,21/02/2025,09:42:40,49880,49870,60,49879.1,150,0,74490
BANKNIFTY-III.NFO,21/02/2025,09:42:42,49880,49870,60,49874.5,60,0,74490
BANKNIFTY-III.NFO,21/02/2025,09:42:43,49880,49870,60,49872.65,60,0,74490
BANKNIFTY-III.NFO,21/02/2025,09:42:45,49880,49870,60,49871.35,150,0,74490
BANKNIFTY-III.NFO,21/02/2025,09:42:47,49870,49856.85,90,49870.25,150,60,74280
BANKNIFTY-III.NFO,21/02/2025,09:42:48,49870,49856.85,60,49868.95,150,0,74280
BANKNIFTY-III.NFO,21/02/2025,09:42:50,49870,49856.85,60,49870.95,180,0,74280
BANKNIFTY-III.NFO,21/02/2025,09:42:51,49870,49856.9,150,49872.8,240,0,74280
BANKNIFTY-III.NFO,21/02/2025,09:42:53,49870,49856.9,150,49871.55,150,0,74280
BANKNIFTY-III.NFO,21/02/2025,09:42:55,49870,49856.85,60,49868.4,30,0,74280
BANKNIFTY-III.NFO,21/02/2025,09:42:56,49870,49860,30,49868.35,60,0,74280
BANKNIFTY-III.NFO,21/02/2025,09:42:58,49870,49860,30,49868.25,30,0,74280
BANKNIFTY-III.NFO,21/02/2025,09:43:00,49870,49860,30,49868.2,30,0,74280
BANKNIFTY-III.NFO,21/02/2025,09:43:01,49870,49860,30,49864.05,150,0,74280
BANKNIFTY-III.NFO,21/02/2025,09:43:03,49870,49860,30,49865.95,150,0,74280
BANKNIFTY-III.NFO,21/02/2025,09:43:05,49870,49860,30,49862.9,150,0,74280
BANKNIFTY-III.NFO,21/02/2025,09:43:06,49860,49856.85,60,49858.8,150,30,74280
BANKNIFTY-III.NFO,21/02/2025,09:43:06,49860,49856.85,60,49858.8,150,0,74280
BANKNIFTY-III.NFO,21/02/2025,09:43:08,49860,49856.85,60,49861.05,60,0,74280
BANKNIFTY-III.NFO,21/02/2025,09:43:10,49860,49856.85,60,49861.4,30,0,74280
BANKNIFTY-III.NFO,21/02/2025,09:43:11,49856.85,49855,30,49857.05,30,60,74280
BANKNIFTY-III.NFO,21/02/2025,09:43:11,49856.85,49855,30,49857.05,30,0,74280
BANKNIFTY-III.NFO,21/02/2025,09:43:13,49856.85,49855,30,49862.7,60,0,74280
BANKNIFTY-III.NFO,21/02/2025,09:43:15,49856.85,49855,30,49858.55,150,0,74280
BANKNIFTY-III.NFO,21/02/2025,09:43:16,49850,49833,30,49841.8,30,120,74280
BANKNIFTY-III.NFO,21/02/2025,09:43:16,49850,49833,30,49841.8,30,0,74280
BANKNIFTY-III.NFO,21/02/2025,09:43:18,49850,49833.05,150,49845.4,30,0,74280
BANKNIFTY-III.NFO,21/02/2025,09:43:20,49833,49830,30,49836.6,120,60,74280
BANKNIFTY-III.NFO,21/02/2025,09:43:20,49833,49830,30,49836.6,120,0,74280
BANKNIFTY-III.NFO,21/02/2025,09:43:21,49833,49830,30,49839.2,30,0,74280
BANKNIFTY-III.NFO,21/02/2025,09:43:23,49833,49830,30,49839.85,150,0,74280
BANKNIFTY-III.NFO,21/02/2025,09:43:25,49833,49830,30,49833.3,30,0,74280
BANKNIFTY-III.NFO,21/02/2025,09:43:27,49826.65,49825.1,30,49826.9,120,60,74280
BANKNIFTY-III.NFO,21/02/2025,09:43:27,49826.65,49825.1,30,49826.9,120,0,74280
BANKNIFTY-III.NFO,21/02/2025,09:43:28,49825,49821,300,49824.25,150,60,74280
BANKNIFTY-III.NFO,21/02/2025,09:43:28,49825,49821,300,49824.25,150,0,74280
BANKNIFTY-III.NFO,21/02/2025,09:43:30,49825,49821,300,49824.45,120,0,74280
BANKNIFTY-III.NFO,21/02/2025,09:43:32,49810,49801.1,30,49815.75,150,330,74280
BANKNIFTY-III.NFO,21/02/2025,09:43:32,49810,49801.1,30,49815.75,150,0,74280
BANKNIFTY-III.NFO,21/02/2025,09:43:33,49810,49801.15,150,49818.75,30,0,74280
BANKNIFTY-III.NFO,21/02/2025,09:43:35,49810,49801.1,30,49811.2,420,0,74280
BANKNIFTY-III.NFO,21/02/2025,09:43:37,49810,49801.1,30,49808,150,0,74280
BANKNIFTY-III.NFO,21/02/2025,09:43:38,49800,49800,330,49802.3,120,60,74280
BANKNIFTY-III.NFO,21/02/2025,09:43:38,49800,49800,330,49802.3,120,0,74280
BANKNIFTY-III.NFO,21/02/2025,09:43:40,49799,49777.05,120,49802,30,360,74280
BANKNIFTY-III.NFO,21/02/2025,09:43:40,49799,49777.05,120,49802,30,0,74280
BANKNIFTY-III.NFO,21/02/2025,09:43:42,49799,49782.25,120,49803.1,180,0,74280
BANKNIFTY-III.NFO,21/02/2025,09:43:43,49799,49782.25,120,49801,30,0,74280
BANKNIFTY-III.NFO,21/02/2025,09:43:45,49799,49776.3,120,49794.6,180,0,74280
BANKNIFTY-III.NFO,21/02/2025,09:43:47,49799,49776.3,120,49795.9,30,0,74280
BANKNIFTY-III.NFO,21/02/2025,09:43:48,49799,49777.05,120,49796.6,330,0,74280
BANKNIFTY-III.NFO,21/02/2025,09:43:50,49799,49778.75,120,49800,60,0,74280
BANKNIFTY-III.NFO,21/02/2025,09:43:52,49799,49798,30,49800,30,0,74280
BANKNIFTY-III.NFO,21/02/2025,09:43:53,49800,49798,30,49806.15,300,30,74280
BANKNIFTY-III.NFO,21/02/2025,09:43:55,49800,49798,30,49799,30,0,74280
BANKNIFTY-III.NFO,21/02/2025,09:44:00,49798,49778.5,120,49797.1,30,30,74280
BANKNIFTY-III.NFO,21/02/2025,09:44:00,49798,49778.5,120,49797.1,30,0,74280
BANKNIFTY-III.NFO,21/02/2025,09:44:02,49798,49777.15,150,49793,330,0,74280
BANKNIFTY-III.NFO,21/02/2025,09:44:03,49798,49777.1,30,49788.1,30,0,74280
BANKNIFTY-III.NFO,21/02/2025,09:44:05,49798,49777.1,30,49784.35,300,0,74280
BANKNIFTY-III.NFO,21/02/2025,09:44:07,49784.35,49777.1,30,49786.15,60,30,74280
BANKNIFTY-III.NFO,21/02/2025,09:44:07,49784.35,49777.1,30,49786.15,60,0,74280
BANKNIFTY-III.NFO,21/02/2025,09:44:08,49784.35,49777.1,30,49784.2,150,0,74280
BANKNIFTY-III.NFO,21/02/2025,09:44:10,49777.1,49777,30,49788,150,30,74280
BANKNIFTY-III.NFO,21/02/2025,09:44:10,49777.1,49777,30,49788,150,0,74280
BANKNIFTY-III.NFO,21/02/2025,09:44:12,49777.1,49777,30,49786.15,120,0,74280
BANKNIFTY-III.NFO,21/02/2025,09:44:13,49777.1,49777,30,49784.95,30,0,74280
BANKNIFTY-III.NFO,21/02/2025,09:44:16,49777.1,49777.05,150,49791.85,60,0,74280
BANKNIFTY-III.NFO,21/02/2025,09:44:18,49777.1,49777.05,150,49795.35,150,0,74280
BANKNIFTY-III.NFO,21/02/2025,09:44:20,49777.1,49780.05,120,49799,150,0,74280
BANKNIFTY-III.NFO,21/02/2025,09:44:21,49780.05,49780.05,120,49798.95,30,30,74280
BANKNIFTY-III.NFO,21/02/2025,09:44:23,49796.6,49780.05,120,49799,60,90,74280
BANKNIFTY-III.NFO,21/02/2025,09:44:25,49796.6,49780,90,49792.3,150,0,74280
BANKNIFTY-III.NFO,21/02/2025,09:44:26,49796.6,49780,90,49797.6,180,0,74280
BANKNIFTY-III.NFO,21/02/2025,09:44:28,49796.6,49780.05,150,49791.5,60,0,74280
BANKNIFTY-III.NFO,21/02/2025,09:44:30,49796.6,49780.05,30,49791.5,60,0,74280
BANKNIFTY-III.NFO,21/02/2025,09:44:31,49791.45,49780,60,49791.45,30,60,74280
BANKNIFTY-III.NFO,21/02/2025,09:44:33,49791.45,49780,30,49787.85,300,0,74280
BANKNIFTY-III.NFO,21/02/2025,09:44:35,49791.45,49780,30,49788.3,300,0,74280
BANKNIFTY-III.NFO,21/02/2025,09:44:36,49780,49770,30,49778.95,150,30,74280
BANKNIFTY-III.NFO,21/02/2025,09:44:38,49780,49770,60,49784.45,150,0,74280
BANKNIFTY-III.NFO,21/02/2025,09:44:40,49780,49770,30,49778.95,300,0,74280
BANKNIFTY-III.NFO,21/02/2025,09:44:41,49780,49770,30,49779.7,300,0,74280
BANKNIFTY-III.NFO,21/02/2025,09:44:43,49770,49766.05,150,49784.15,180,30,74280
BANKNIFTY-III.NFO,21/02/2025,09:44:43,49770,49766.05,150,49784.15,180,0,74280
BANKNIFTY-III.NFO,21/02/2025,09:44:45,49770,49767.5,150,49789.55,150,0,74280
BANKNIFTY-III.NFO,21/02/2025,09:44:46,49770,49767.55,120,49783.55,150,0,74280
BANKNIFTY-III.NFO,21/02/2025,09:44:48,49770,49767.55,120,49787.3,300,0,74280
BANKNIFTY-III.NFO,21/02/2025,09:44:50,49770,49767.55,120,49790.05,150,0,74280
BANKNIFTY-III.NFO,21/02/2025,09:44:51,49790.3,49769.75,120,49790.3,30,30,74280
BANKNIFTY-III.NFO,21/02/2025,09:44:53,49790.3,49770.05,150,49790.1,30,0,74280
BANKNIFTY-III.NFO,21/02/2025,09:44:55,49790.3,49770.05,150,49790.15,30,0,74280
BANKNIFTY-III.NFO,21/02/2025,09:44:56,49790.3,49770,90,49784.4,300,0,74280
BANKNIFTY-III.NFO,21/02/2025,09:44:58,49790.3,49770.05,30,49784.9,300,0,74280
BANKNIFTY-III.NFO,21/02/2025,09:45:00,49790.3,49770,60,49775.05,240,0,74280
BANKNIFTY-III.NFO,21/02/2025,09:45:01,49770,49766.9,30,49769.35,90,60,74280
BANKNIFTY-III.NFO,21/02/2025,09:45:03,49768.3,49766,30,49766.7,90,60,74280
BANKNIFTY-III.NFO,21/02/2025,09:45:03,49766.9,49766,30,49766.7,90,0,74280
BANKNIFTY-III.NFO,21/02/2025,09:45:05,49766,49755,30,49767.65,60,30,74280
BANKNIFTY-III.NFO,21/02/2025,09:45:05,49766,49755,30,49767.65,60,0,74280
BANKNIFTY-III.NFO,21/02/2025,09:45:06,49766,49755,30,49765.15,30,0,74280
BANKNIFTY-III.NFO,21/02/2025,09:45:08,49766,49755,30,49761.8,300,0,74280
BANKNIFTY-III.NFO,21/02/2025,09:45:10,49766,49755.05,30,49766,60,0,74280
BANKNIFTY-III.NFO,21/02/2025,09:45:11,49766,49755,30,49766,60,0,74280
BANKNIFTY-III.NFO,21/02/2025,09:45:13,49766,49755,30,49768,60,150,74280
BANKNIFTY-III.NFO,21/02/2025,09:45:13,49765.05,49755,30,49768,60,0,74280
BANKNIFTY-III.NFO,21/02/2025,09:45:15,49766,49755.05,150,49765.75,30,0,74280
BANKNIFTY-III.NFO,21/02/2025,09:45:16,49766,49755.05,120,49765.25,30,0,74280
BANKNIFTY-III.NFO,21/02/2025,09:45:18,49766,49755.05,120,49765,30,0,74280
BANKNIFTY-III.NFO,21/02/2025,09:45:20,49765,49755.05,120,49776.4,150,30,74280
BANKNIFTY-III.NFO,21/02/2025,09:45:20,49765,49755.05,120,49776.4,150,0,74280
BANKNIFTY-III.NFO,21/02/2025,09:45:21,49765,49755,60,49767.95,300,0,74280
BANKNIFTY-III.NFO,21/02/2025,09:45:23,49765,49755,30,49764.8,90,0,74280
BANKNIFTY-III.NFO,21/02/2025,09:45:25,49765,49755,30,49767.55,300,0,74280
BANKNIFTY-III.NFO,21/02/2025,09:45:26,49765,49755,60,49772.35,180,0,74280
BANKNIFTY-III.NFO,21/02/2025,09:45:28,49765,49755,30,49762.45,150,0,74280
BANKNIFTY-III.NFO,21/02/2025,09:45:30,49765,49755,30,49763.65,150,0,74280
BANKNIFTY-III.NFO,21/02/2025,09:45:31,49765,49755,30,49764.95,30,0,74280
BANKNIFTY-III.NFO,21/02/2025,09:45:33,49765,49755.05,120,49768.8,30,0,74280
BANKNIFTY-III.NFO,21/02/2025,09:45:35,49765,49755.05,120,49770.55,60,0,74280
BANKNIFTY-III.NFO,21/02/2025,09:45:37,49765,49755,60,49768.85,360,0,74280
BANKNIFTY-III.NFO,21/02/2025,09:45:38,49765,49755,30,49765.5,360,0,74280
BANKNIFTY-III.NFO,21/02/2025,09:45:40,49765,49755,30,49764.6,360,0,74280
BANKNIFTY-III.NFO,21/02/2025,09:45:42,49765,49755,30,49765.5,30,0,74280
BANKNIFTY-III.NFO,21/02/2025,09:45:43,49765,49755,30,49756.75,150,30,73650
BANKNIFTY-III.NFO,21/02/2025,09:45:45,49751.15,49750,180,49754.35,120,60,73650
BANKNIFTY-III.NFO,21/02/2025,09:45:45,49751.15,49750,180,49754.35,120,0,73650
BANKNIFTY-III.NFO,21/02/2025,09:45:47,49751.15,49750,180,49761.2,30,0,73650
BANKNIFTY-III.NFO,21/02/2025,09:45:48,49751.15,49750,180,49758.35,360,0,73650
BANKNIFTY-III.NFO,21/02/2025,09:45:50,49751.15,49750,180,49751.85,150,0,73650
BANKNIFTY-III.NFO,21/02/2025,09:45:51,49751.15,49750,180,49753.6,150,0,73650
BANKNIFTY-III.NFO,21/02/2025,09:45:53,49751.15,49750,180,49755.45,360,0,73650
BANKNIFTY-III.NFO,21/02/2025,09:45:55,49751.15,49750,180,49756.25,60,0,73650
BANKNIFTY-III.NFO,21/02/2025,09:45:56,49750.9,49750,180,49751.05,150,60,73650
BANKNIFTY-III.NFO,21/02/2025,09:45:56,49750.9,49750,180,49751.05,150,0,73650
BANKNIFTY-III.NFO,21/02/2025,09:45:58,49750.9,49750,180,49754.65,90,0,73650
BANKNIFTY-III.NFO,21/02/2025,09:46:00,49750.9,49750,240,49752.9,240,0,73650
BANKNIFTY-III.NFO,21/02/2025,09:46:01,49750,49750,150,49750.1,150,90,73650
BANKNIFTY-III.NFO,21/02/2025,09:46:01,49750,49750,150,49750.1,150,0,73650
BANKNIFTY-III.NFO,21/02/2025,09:46:03,49750,49734.05,150,49748.7,240,150,73650
BANKNIFTY-III.NFO,21/02/2025,09:46:05,49750,49734.05,150,49749.95,30,0,73650
BANKNIFTY-III.NFO,21/02/2025,09:46:06,49750,49734.05,150,49750.3,240,0,73650
BANKNIFTY-III.NFO,21/02/2025,09:46:08,49750,49734.05,150,49752.75,180,0,73650
BANKNIFTY-III.NFO,21/02/2025,09:46:10,49750,49734.05,150,49750.9,30,0,73650
BANKNIFTY-III.NFO,21/02/2025,09:46:11,49750,49737.15,150,49750.9,30,0,73650
BANKNIFTY-III.NFO,21/02/2025,09:46:15,49750,49739.4,120,49750.9,30,0,73650
BANKNIFTY-III.NFO,21/02/2025,09:46:16,49750,49734.1,120,49750.9,60,0,73650
BANKNIFTY-III.NFO,21/02/2025,09:46:18,49750,49734.1,120,49750.9,30,0,73650
BANKNIFTY-III.NFO,21/02/2025,09:46:20,49750,49734.05,150,49750.6,240,0,73650
BANKNIFTY-III.NFO,21/02/2025,09:46:21,49750,49734.15,120,49750.9,30,0,73650
BANKNIFTY-III.NFO,21/02/2025,09:46:23,49750,49735.45,120,49750.9,30,0,73650
BANKNIFTY-III.NFO,21/02/2025,09:46:25,49750,49739.95,120,49750.9,30,0,73650
BANKNIFTY-III.NFO,21/02/2025,09:46:26,49750.9,49745.05,120,49765.85,90,60,73650
BANKNIFTY-III.NFO,21/02/2025,09:46:28,49750.9,49750.3,120,49770,60,0,73650
BANKNIFTY-III.NFO,21/02/2025,09:46:30,49750.9,49750.3,120,49774.2,60,0,73650
BANKNIFTY-III.NFO,21/02/2025,09:46:31,49750.9,49755,120,49773.5,240,0,73650
BANKNIFTY-III.NFO,21/02/2025,09:46:33,49750.9,49756.2,120,49774.15,30,0,73650
BANKNIFTY-III.NFO,21/02/2025,09:46:35,49750.9,49759.9,120,49781.3,360,0,73650
BANKNIFTY-III.NFO,21/02/2025,09:46:36,49750.9,49763.2,120,49781.7,30,0,73650
BANKNIFTY-III.NFO,21/02/2025,09:46:38,49750.9,49766.3,120,49787.8,30,0,73650
BANKNIFTY-III.NFO,21/02/2025,09:46:40,49750.9,49770.4,120,49790.3,390,0,73650
BANKNIFTY-III.NFO,21/02/2025,09:46:41,49750.9,49772.35,120,49792.2,390,0,73650
BANKNIFTY-III.NFO,21/02/2025,09:46:43,49773.15,49768.45,120,49786.8,30,30,73650
BANKNIFTY-III.NFO,21/02/2025,09:46:45,49773.15,49766.3,120,49785.75,60,0,73650
BANKNIFTY-III.NFO,21/02/2025,09:46:46,49773.15,49762.6,120,49779.65,60,0,73650
BANKNIFTY-III.NFO,21/02/2025,09:46:48,49773.15,49761.95,120,49785.7,30,0,73650
BANKNIFTY-III.NFO,21/02/2025,09:46:50,49785.95,49767.25,120,49785.95,30,30,73650
BANKNIFTY-III.NFO,21/02/2025,09:46:51,49785.95,49771.65,120,49792.15,330,0,73650
BANKNIFTY-III.NFO,21/02/2025,09:46:53,49785.95,49771.65,120,49791.35,240,0,73650
BANKNIFTY-III.NFO,21/02/2025,09:46:55,49785.95,49771.65,120,49790.1,390,0,73650
BANKNIFTY-III.NFO,21/02/2025,09:46:56,49785.95,49770.05,150,49786.9,180,0,73650
BANKNIFTY-III.NFO,21/02/2025,09:46:58,49785.95,49770.05,120,49787.9,390,0,73650
BANKNIFTY-III.NFO,21/02/2025,09:46:59,49785.95,49770,60,49786.55,300,0,73650
BANKNIFTY-III.NFO,21/02/2025,09:47:01,49785.95,49770.9,30,49783.15,60,0,73650
BANKNIFTY-III.NFO,21/02/2025,09:47:03,49785.95,49770.9,30,49782.9,150,0,73650
BANKNIFTY-III.NFO,21/02/2025,09:47:04,49785.95,49770.9,30,49779.75,360,0,73650
BANKNIFTY-III.NFO,21/02/2025,09:47:06,49785.95,49770.9,30,49782.2,150,0,73650
BANKNIFTY-III.NFO,21/02/2025,09:47:08,49785.95,49770.9,30,49782.6,60,0,73650
BANKNIFTY-III.NFO,21/02/2025,09:47:09,49785.95,49770.9,60,49785.6,360,0,73650
BANKNIFTY-III.NFO,21/02/2025,09:47:11,49785.95,49784,60,49785.95,60,0,73650
BANKNIFTY-III.NFO,21/02/2025,09:47:13,49784,49770.9,30,49782.75,90,60,73650
BANKNIFTY-III.NFO,21/02/2025,09:47:14,49784,49770.9,60,49786.4,240,0,73650
BANKNIFTY-III.NFO,21/02/2025,09:47:16,49784,49770.95,150,49790.95,90,0,73650
BANKNIFTY-III.NFO,21/02/2025,09:47:18,49784,49770.95,300,49792.25,180,0,73650
BANKNIFTY-III.NFO,21/02/2025,09:47:19,49784,49774.95,120,49794.85,240,0,73650
BANKNIFTY-III.NFO,21/02/2025,09:47:21,49784,49778.6,120,49795.75,90,0,73650
BANKNIFTY-III.NFO,21/02/2025,09:47:23,49784,49771,120,49784.05,30,0,73650
BANKNIFTY-III.NFO,21/02/2025,09:47:24,49784,49784,30,49784.05,30,0,73650
BANKNIFTY-III.NFO,21/02/2025,09:47:26,49784.05,49784.05,120,49799,30,30,73650
BANKNIFTY-III.NFO,21/02/2025,09:47:28,49784.05,49784,30,49798.85,300,0,73650
BANKNIFTY-III.NFO,21/02/2025,09:47:29,49784.05,49784,30,49796.95,90,0,73650
BANKNIFTY-III.NFO,21/02/2025,09:47:31,49784.05,49790,30,49798.75,360,0,73650
BANKNIFTY-III.NFO,21/02/2025,09:47:32,49784.05,49790,30,49795.85,60,0,73650
BANKNIFTY-III.NFO,21/02/2025,09:47:34,49784.05,49790,30,49794.8,60,0,73650
BANKNIFTY-III.NFO,21/02/2025,09:47:36,49784.05,49790,30,49792.05,390,0,73650
BANKNIFTY-III.NFO,21/02/2025,09:47:37,49790,49784,30,49786.2,360,30,73650
BANKNIFTY-III.NFO,21/02/2025,09:47:39,49790,49784,30,49788.7,30,0,73650
BANKNIFTY-III.NFO,21/02/2025,09:47:41,49790,49784,30,49789.25,60,0,73650
BANKNIFTY-III.NFO,21/02/2025,09:47:42,49789.25,49784,30,49789.75,210,90,73650
BANKNIFTY-III.NFO,21/02/2025,09:47:44,49789.25,49784,30,49794.15,30,0,73650
BANKNIFTY-III.NFO,21/02/2025,09:47:46,49789.25,49784,30,49791.4,60,0,73650
BANKNIFTY-III.NFO,21/02/2025,09:47:47,49789.25,49784,30,49791.3,150,0,73650
BANKNIFTY-III.NFO,21/02/2025,09:47:49,49789.25,49784,30,49793.65,90,0,73650
BANKNIFTY-III.NFO,21/02/2025,09:47:50,49789.25,49784,30,49795.2,300,0,73650
BANKNIFTY-III.NFO,21/02/2025,09:47:52,49789.25,49784,60,49796.6,30,0,73650
BANKNIFTY-III.NFO,21/02/2025,09:47:54,49789.25,49784,30,49794.6,300,0,73650
BANKNIFTY-III.NFO,21/02/2025,09:47:55,49789.25,49784,30,49791.7,300,0,73650
BANKNIFTY-III.NFO,21/02/2025,09:47:58,49789.25,49784,30,49794.7,120,0,73650
BANKNIFTY-III.NFO,21/02/2025,09:48:00,49789.25,49784,30,49792.65,300,0,73650
BANKNIFTY-III.NFO,21/02/2025,09:48:02,49787.15,49784,30,49787.9,240,30,73650
BANKNIFTY-III.NFO,21/02/2025,09:48:03,49787.15,49784,30,49790.25,270,0,73650
BANKNIFTY-III.NFO,21/02/2025,09:48:05,49787.15,49784,30,49791.5,180,0,73650
BANKNIFTY-III.NFO,21/02/2025,09:48:07,49787.15,49784,30,49788.45,270,0,73650
BANKNIFTY-III.NFO,21/02/2025,09:48:08,49788.6,49780.9,30,49787.45,240,30,73650
BANKNIFTY-III.NFO,21/02/2025,09:48:10,49788.6,49780.9,30,49793.2,120,0,73650
BANKNIFTY-III.NFO,21/02/2025,09:48:12,49788.6,49780.9,30,49792.7,150,0,73650
BANKNIFTY-III.NFO,21/02/2025,09:48:13,49788.6,49780.95,150,49796.5,30,0,73650
BANKNIFTY-III.NFO,21/02/2025,09:48:16,49788.6,49781.85,120,49797.65,240,0,73650
BANKNIFTY-III.NFO,21/02/2025,09:48:18,49788.6,49780.9,30,49794.25,90,0,73650
BANKNIFTY-III.NFO,21/02/2025,09:48:20,49788.6,49780.9,30,49791.5,240,0,73650
BANKNIFTY-III.NFO,21/02/2025,09:48:21,49788.6,49780.9,30,49792.35,150,0,73650
BANKNIFTY-III.NFO,21/02/2025,09:48:23,49788.6,49780.9,30,49792.85,240,0,73650
BANKNIFTY-III.NFO,21/02/2025,09:48:25,49788.6,49780.9,30,49791.9,240,0,73650
BANKNIFTY-III.NFO,21/02/2025,09:48:26,49788.6,49780.9,30,49786.3,90,0,73650
BANKNIFTY-III.NFO,21/02/2025,09:48:28,49788.6,49780.9,30,49789.25,240,0,73650
BANKNIFTY-III.NFO,21/02/2025,09:48:29,49788.6,49780.9,30,49792,150,0,73650
BANKNIFTY-III.NFO,21/02/2025,09:48:31,49788.6,49780.95,150,49795.35,30,0,73650
BANKNIFTY-III.NFO,21/02/2025,09:48:33,49788.6,49780.95,150,49798.7,30,0,73650
BANKNIFTY-III.NFO,21/02/2025,09:48:34,49799,49783.2,120,49803,240,30,73230
BANKNIFTY-III.NFO,21/02/2025,09:48:36,49799,49784.05,120,49803.3,30,0,73230
BANKNIFTY-III.NFO,21/02/2025,09:48:38,49799,49784.05,120,49803.15,30,0,73230
BANKNIFTY-III.NFO,21/02/2025,09:48:39,49799,49788.9,120,49805.25,60,0,73230
BANKNIFTY-III.NFO,21/02/2025,09:48:41,49799,49788.9,120,49805.25,30,0,73230
BANKNIFTY-III.NFO,21/02/2025,09:48:43,49799,49787.45,120,49804.05,420,0,73230
BANKNIFTY-III.NFO,21/02/2025,09:48:44,49799,49784.95,150,49802.4,270,0,73230
BANKNIFTY-III.NFO,21/02/2025,09:48:46,49799,49784.95,150,49801.65,270,0,73230
BANKNIFTY-III.NFO,21/02/2025,09:48:47,49799,49784.9,30,49797.45,120,0,73230
BANKNIFTY-III.NFO,21/02/2025,09:48:49,49799,49784.9,30,49796.4,150,0,73230
BANKNIFTY-III.NFO,21/02/2025,09:48:51,49797.25,49784.9,30,49791.75,240,30,73230
BANKNIFTY-III.NFO,21/02/2025,09:48:52,49797.25,49784.9,30,49795.7,90,0,73230
BANKNIFTY-III.NFO,21/02/2025,09:48:54,49797.25,49784.9,30,49794.4,120,0,73230
BANKNIFTY-III.NFO,21/02/2025,09:48:56,49797.25,49784.9,30,49792.4,150,0,73230
BANKNIFTY-III.NFO,21/02/2025,09:48:57,49797.25,49784.9,30,49790.75,240,0,73230
BANKNIFTY-III.NFO,21/02/2025,09:48:59,49784.9,49770.05,150,49784.7,30,30,73230
BANKNIFTY-III.NFO,21/02/2025,09:49:01,49784.9,49770.05,150,49787.55,180,0,73230
BANKNIFTY-III.NFO,21/02/2025,09:49:02,49784.9,49770.05,150,49787,180,0,73230
BANKNIFTY-III.NFO,21/02/2025,09:49:04,49784.9,49770.05,150,49791.45,30,0,73230
BANKNIFTY-III.NFO,21/02/2025,09:49:06,49784.9,49770.05,150,49786.75,330,0,73230
BANKNIFTY-III.NFO,21/02/2025,09:49:07,49784.9,49770.05,150,49789.7,120,0,73230
BANKNIFTY-III.NFO,21/02/2025,09:49:09,49784.9,49770,30,49785.35,150,0,73230
BANKNIFTY-III.NFO,21/02/2025,09:49:11,49784.9,49770,60,49784.2,150,0,73230
BANKNIFTY-III.NFO,21/02/2025,09:49:12,49784.9,49770,30,49783.15,150,0,73230
BANKNIFTY-III.NFO,21/02/2025,09:49:14,49784.9,49770,30,49781.8,240,0,73230
BANKNIFTY-III.NFO,21/02/2025,09:49:16,49784.9,49770,30,49779.55,30,0,73230
BANKNIFTY-III.NFO,21/02/2025,09:49:17,49777.85,49770.05,150,49784.9,30,90,73230
BANKNIFTY-III.NFO,21/02/2025,09:49:19,49777.85,49770,30,49779.8,150,0,73230
BANKNIFTY-III.NFO,21/02/2025,09:49:21,49777.85,49770,30,49779.25,150,0,73230
BANKNIFTY-III.NFO,21/02/2025,09:49:22,49777.85,49770,30,49776.15,150,0,73230
BANKNIFTY-III.NFO,21/02/2025,09:49:24,49777.85,49770,30,49778.9,150,0,73230
BANKNIFTY-III.NFO,21/02/2025,09:49:26,49777.85,49770,30,49776.8,180,0,73230
BANKNIFTY-III.NFO,21/02/2025,09:49:27,49770,49753.4,150,49768.7,210,30,73230
BANKNIFTY-III.NFO,21/02/2025,09:49:29,49770,49753.35,180,49766.25,30,0,73230
BANKNIFTY-III.NFO,21/02/2025,09:49:31,49770,49753.4,150,49769.25,210,0,73230
BANKNIFTY-III.NFO,21/02/2025,09:49:32,49770,49753.4,150,49775.35,30,0,73230
BANKNIFTY-III.NFO,21/02/2025,09:49:34,49770,49756.5,120,49778.45,150,0,73230
BANKNIFTY-III.NFO,21/02/2025,09:49:35,49770,49766,30,49770,30,0,73230
BANKNIFTY-III.NFO,21/02/2025,09:49:37,49766,49753.35,180,49765.15,180,30,73230
BANKNIFTY-III.NFO,21/02/2025,09:49:39,49766,49753.35,180,49763.1,150,0,73230
BANKNIFTY-III.NFO,21/02/2025,09:49:40,49753.35,49753.35,150,49763.95,180,30,73230
BANKNIFTY-III.NFO,21/02/2025,09:49:42,49753.35,49753.4,150,49767.35,150,0,73230
BANKNIFTY-III.NFO,21/02/2025,09:49:44,49753.35,49753.4,150,49768.25,210,0,73230
BANKNIFTY-III.NFO,21/02/2025,09:49:45,49753.35,49753.35,150,49764.2,180,0,73230
BANKNIFTY-III.NFO,21/02/2025,09:49:47,49753.35,49753.35,150,49758.35,180,0,73230
BANKNIFTY-III.NFO,21/02/2025,09:49:49,49753.35,49753.35,150,49760.55,30,0,73230
BANKNIFTY-III.NFO,21/02/2025,09:49:51,49753.35,49753.35,150,49763.05,180,0,73230
BANKNIFTY-III.NFO,21/02/2025,09:49:52,49753.35,49753.35,150,49761.05,300,0,73230
BANKNIFTY-III.NFO,21/02/2025,09:49:54,49753.35,49753.35,150,49760.8,120,0,73230
BANKNIFTY-III.NFO,21/02/2025,09:49:56,49753.35,49753.35,150,49759.2,150,0,73230
BANKNIFTY-III.NFO,21/02/2025,09:49:57,49753.35,49753.35,150,49759.35,150,0,73230
BANKNIFTY-III.NFO,21/02/2025,09:49:59,49753.35,49753.35,150,49765.6,60,0,73230
BANKNIFTY-III.NFO,21/02/2025,09:50:01,49753.35,49753.35,150,49762.85,150,0,73230
BANKNIFTY-III.NFO,21/02/2025,09:50:02,49753.35,49753.35,150,49764.75,30,0,73230
BANKNIFTY-III.NFO,21/02/2025,09:50:04,49753.35,49753.4,150,49769.75,30,0,73230
BANKNIFTY-III.NFO,21/02/2025,09:50:05,49753.35,49753.4,150,49772.7,30,0,73230
BANKNIFTY-III.NFO,21/02/2025,09:50:07,49753.35,49753.4,120,49768.6,90,0,73230
BANKNIFTY-III.NFO,21/02/2025,09:50:09,49753.35,49753.35,150,49767.15,150,0,73230
BANKNIFTY-III.NFO,21/02/2025,09:50:10,49753.35,49753.35,150,49763.15,30,0,73230
BANKNIFTY-III.NFO,21/02/2025,09:50:12,49753.35,49753.35,120,49762.85,180,30,73230
BANKNIFTY-III.NFO,21/02/2025,09:50:14,49753.35,49753.35,120,49764.05,150,0,73230
BANKNIFTY-III.NFO,21/02/2025,09:50:15,49753.35,49753.35,120,49762.2,150,0,73230
BANKNIFTY-III.NFO,21/02/2025,09:50:17,49753.35,49753.35,120,49761.95,30,0,73230
BANKNIFTY-III.NFO,21/02/2025,09:50:19,49753.35,49753.35,150,49765.85,150,0,73230
BANKNIFTY-III.NFO,21/02/2025,09:50:20,49753.35,49753.35,150,49765.65,150,0,73230
BANKNIFTY-III.NFO,21/02/2025,09:50:22,49753.35,49753.35,150,49765.35,90,0,73230
BANKNIFTY-III.NFO,21/02/2025,09:50:23,49753.35,49753.35,180,49762.65,150,0,73230
BANKNIFTY-III.NFO,21/02/2025,09:50:25,49753.35,49753.35,180,49759.45,180,0,73230
BANKNIFTY-III.NFO,21/02/2025,09:50:27,49753.35,49750,180,49750.85,180,180,73230
BANKNIFTY-III.NFO,21/02/2025,09:50:28,49750,49750,150,49754.05,120,30,73230
BANKNIFTY-III.NFO,21/02/2025,09:50:30,49750,49750,150,49753.2,30,0,73230
BANKNIFTY-III.NFO,21/02/2025,09:50:32,49750,49750,150,49753.9,330,0,73230
BANKNIFTY-III.NFO,21/02/2025,09:50:33,49750,49750,150,49753.85,180,0,73230
BANKNIFTY-III.NFO,21/02/2025,09:50:35,49750,49750,150,49755.35,450,0,73230
BANKNIFTY-III.NFO,21/02/2025,09:50:37,49754.5,49750,450,49755.2,150,30,73230
BANKNIFTY-III.NFO,21/02/2025,09:50:38,49755.2,49750,450,49758.3,150,120,73230
BANKNIFTY-III.NFO,21/02/2025,09:50:40,49755.2,49750,450,49751.95,120,0,73230
BANKNIFTY-III.NFO,21/02/2025,09:50:42,49755.2,49750,450,49750.4,150,0,73230
BANKNIFTY-III.NFO,21/02/2025,09:50:43,49755.2,49750,450,49755,270,0,73230
BANKNIFTY-III.NFO,21/02/2025,09:50:45,49755.2,49750,450,49751.7,300,0,73230
BANKNIFTY-III.NFO,21/02/2025,09:50:47,49750,49734.15,150,49751.35,180,450,73230
BANKNIFTY-III.NFO,21/02/2025,09:50:48,49750,49736.85,120,49754.5,150,0,73230
BANKNIFTY-III.NFO,21/02/2025,09:50:50,49750,49736.85,120,49753.2,60,0,73230
BANKNIFTY-III.NFO,21/02/2025,09:50:52,49750,49738,120,49757.35,30,0,73230
BANKNIFTY-III.NFO,21/02/2025,09:50:53,49750,49740.7,120,49760.3,270,0,73230
BANKNIFTY-III.NFO,21/02/2025,09:50:55,49743.65,49744.65,120,49764.8,30,30,73230
BANKNIFTY-III.NFO,21/02/2025,09:50:55,49743.65,49744.65,120,49764.8,30,0,73230
BANKNIFTY-III.NFO,21/02/2025,09:50:57,49743.65,49744.65,120,49764.95,60,0,73230
BANKNIFTY-III.NFO,21/02/2025,09:50:58,49743.65,49741.3,120,49758.7,60,0,73230
BANKNIFTY-III.NFO,21/02/2025,09:51:00,49743.65,49743.7,120,49760.25,60,0,73230
BANKNIFTY-III.NFO,21/02/2025,09:51:02,49743.65,49743.7,120,49760.65,60,0,73230
BANKNIFTY-III.NFO,21/02/2025,09:51:03,49743.65,49744.05,120,49759.95,60,0,73230
BANKNIFTY-III.NFO,21/02/2025,09:51:05,49743.65,49743.7,150,49759.4,60,0,73230
BANKNIFTY-III.NFO,21/02/2025,09:51:07,49743.65,49744,300,49747.75,30,0,73230
BANKNIFTY-III.NFO,21/02/2025,09:51:08,49743.65,49744,300,49747.95,120,0,73230
BANKNIFTY-III.NFO,21/02/2025,09:51:10,49743.65,49744,300,49748.05,30,0,73230
BANKNIFTY-III.NFO,21/02/2025,09:51:12,49743.65,49734.1,60,49746,30,630,73230
BANKNIFTY-III.NFO,21/02/2025,09:51:13,49734.1,49734.15,150,49747.1,150,30,73230
