Ticker,Date,Time,LTP,BuyPrice,BuyQty,SellPrice,SellQty,LTQ,OpenInterest
NIFTY-I.NFO,14/11/2024,09:15:00,23649,23660.1,25,23673,100,1225,0
NIFTY-I.NFO,14/11/2024,09:15:00,23649,23660.1,25,23673,100,0,0
NIFTY-I.NFO,14/11/2024,09:15:00,23675,23660.1,25,23673,100,0,0
NIFTY-I.NFO,14/11/2024,09:15:00,23640.05,23660.1,25,23673,100,0,0
NIFTY-I.NFO,14/11/2024,09:15:01,23653.95,23650,75,23656,25,2800,12011200
NIFTY-I.NFO,14/11/2024,09:15:03,23668,23668,525,23669.45,125,12575,12011200
NIFTY-I.NFO,14/11/2024,09:15:03,23676.3,23668,525,23669.45,125,0,12011200
NIFTY-I.NFO,14/11/2024,09:15:04,23662.3,23662.25,50,23674.3,100,6675,12011200
NIFTY-I.NFO,14/11/2024,09:15:04,23677.1,23662.25,50,23674.3,100,0,12011200
NIFTY-I.NFO,14/11/2024,09:15:06,23686.45,23675.4,100,23686.45,100,5575,12011200
NIFTY-I.NFO,14/11/2024,09:15:06,23686.45,23675.4,100,23686.45,100,0,12011200
NIFTY-I.NFO,14/11/2024,09:15:07,23674.3,23687.55,25,23689.3,25,11750,12011200
NIFTY-I.NFO,14/11/2024,09:15:07,23691.25,23687.55,25,23689.3,25,0,12011200
NIFTY-I.NFO,14/11/2024,09:15:09,23687.55,23687.55,1400,23692.6,75,3475,12011200
NIFTY-I.NFO,14/11/2024,09:15:09,23694.55,23687.55,1400,23692.6,75,0,12011200
NIFTY-I.NFO,14/11/2024,09:15:10,23694.95,23687.6,100,23694.95,100,3250,12011200
NIFTY-I.NFO,14/11/2024,09:15:10,23695,23687.6,100,23694.95,100,0,12011200
NIFTY-I.NFO,14/11/2024,09:15:12,23698,23691.45,75,23698,725,2925,12011200
NIFTY-I.NFO,14/11/2024,09:15:12,23698,23691.45,75,23698,725,0,12011200
NIFTY-I.NFO,14/11/2024,09:15:14,23697.8,23690.9,25,23698.85,100,2775,12011200
NIFTY-I.NFO,14/11/2024,09:15:14,23704.7,23690.9,25,23698.85,100,0,12011200
NIFTY-I.NFO,14/11/2024,09:15:15,23702.4,23703.55,100,23712.8,100,4775,12011200
NIFTY-I.NFO,14/11/2024,09:15:15,23713.5,23703.55,100,23712.8,100,0,12011200
NIFTY-I.NFO,14/11/2024,09:15:17,23715,23708.75,100,23715,25,2175,12011200
NIFTY-I.NFO,14/11/2024,09:15:17,23715,23708.75,100,23715,25,0,12011200
NIFTY-I.NFO,14/11/2024,09:15:18,23711.45,23703.6,200,23711.85,200,4350,12011200
NIFTY-I.NFO,14/11/2024,09:15:18,23718.8,23703.6,200,23711.85,200,0,12011200
NIFTY-I.NFO,14/11/2024,09:15:20,23708.95,23701.3,200,23708.95,100,2225,12011200
NIFTY-I.NFO,14/11/2024,09:15:21,23706.2,23698.05,200,23706.25,25,2900,12011200
NIFTY-I.NFO,14/11/2024,09:15:23,23698.05,23692.9,200,23698.05,100,1950,12011200
NIFTY-I.NFO,14/11/2024,09:15:25,23689.3,23687,475,23689.3,75,3525,12011200
NIFTY-I.NFO,14/11/2024,09:15:26,23684.7,23680.95,200,23689.2,175,1675,12011200
NIFTY-I.NFO,14/11/2024,09:15:28,23683.7,23684.95,50,23694.7,200,3575,12011200
NIFTY-I.NFO,14/11/2024,09:15:29,23694.95,23691.25,25,23694.95,25,3950,12011200
NIFTY-I.NFO,14/11/2024,09:15:31,23694.9,23689.75,25,23697.4,300,2525,12011200
NIFTY-I.NFO,14/11/2024,09:15:32,23699.9,23693.45,100,23699.45,25,1950,12011200
NIFTY-I.NFO,14/11/2024,09:15:34,23683.8,23683.8,150,23689.85,25,5425,12011200
NIFTY-I.NFO,14/11/2024,09:15:36,23683.55,23683.55,200,23691.2,225,2225,12011200
NIFTY-I.NFO,14/11/2024,09:15:37,23689.95,23687.45,250,23689.95,25,2075,12011200
NIFTY-I.NFO,14/11/2024,09:15:39,23689.95,23690.95,250,23693.05,25,1650,12011200
NIFTY-I.NFO,14/11/2024,09:15:40,23690.4,23689.95,275,23694.95,1550,1500,12011200
NIFTY-I.NFO,14/11/2024,09:15:42,23694.95,23690,50,23694.95,825,1375,12011200
NIFTY-I.NFO,14/11/2024,09:15:43,23696.2,23690.6,50,23695.4,25,3875,12011200
NIFTY-I.NFO,14/11/2024,09:15:45,23696.5,23690.5,50,23695.45,25,2075,12011200
NIFTY-I.NFO,14/11/2024,09:15:47,23694.8,23688.65,25,23695,700,1400,12011200
NIFTY-I.NFO,14/11/2024,09:15:48,23696.3,23690,175,23696.45,25,2525,12006850
NIFTY-I.NFO,14/11/2024,09:15:50,23697.2,23699.45,25,23702.4,25,7225,12006850
NIFTY-I.NFO,14/11/2024,09:15:51,23701.1,23701.1,75,23703.75,200,3500,12006850
NIFTY-I.NFO,14/11/2024,09:15:53,23695,23691.1,150,23696.5,75,2425,12006850
NIFTY-I.NFO,14/11/2024,09:15:54,23697.25,23697.25,325,23699.45,25,800,12006850
NIFTY-I.NFO,14/11/2024,09:15:56,23690,23690.05,25,23692.3,250,1500,12006850
NIFTY-I.NFO,14/11/2024,09:15:57,23689.45,23686.85,100,23689.45,25,3000,12006850
NIFTY-I.NFO,14/11/2024,09:15:59,23680,23680,900,23684.3,1475,450,12006850
NIFTY-I.NFO,14/11/2024,09:16:01,23676.55,23676,25,23677.95,25,2575,12006850
NIFTY-I.NFO,14/11/2024,09:16:02,23680.05,23677.95,50,23680.1,25,300,12006850
NIFTY-I.NFO,14/11/2024,09:16:04,23674.45,23670.35,550,23674.15,100,2050,12006850
NIFTY-I.NFO,14/11/2024,09:16:05,23671.5,23666.65,25,23671.5,50,900,12006850
NIFTY-I.NFO,14/11/2024,09:16:07,23671.6,23671.4,100,23671.6,250,1575,12006850
NIFTY-I.NFO,14/11/2024,09:16:09,23677.8,23670.3,25,23677.9,25,3975,12006850
NIFTY-I.NFO,14/11/2024,09:16:10,23674.2,23674.2,25,23680,100,2300,12006850
NIFTY-I.NFO,14/11/2024,09:16:12,23672.75,23672.7,25,23681.05,25,900,12006850
NIFTY-I.NFO,14/11/2024,09:16:13,23676.95,23672.15,25,23676.95,25,1050,12006850
NIFTY-I.NFO,14/11/2024,09:16:15,23672.1,23672.1,200,23675.95,25,2975,12006850
NIFTY-I.NFO,14/11/2024,09:16:17,23678,23672.3,25,23678,75,2850,12006850
NIFTY-I.NFO,14/11/2024,09:16:18,23678.45,23674.65,25,23678.45,25,3900,12006850
NIFTY-I.NFO,14/11/2024,09:16:20,23674.65,23674.75,25,23682.55,275,2325,12006850
NIFTY-I.NFO,14/11/2024,09:16:21,23680,23675,125,23680,75,2300,12006850
NIFTY-I.NFO,14/11/2024,09:16:23,23674.8,23680,25,23682.95,25,3025,12006850
NIFTY-I.NFO,14/11/2024,09:16:25,23675.15,23676.45,50,23685,25,1725,12006850
NIFTY-I.NFO,14/11/2024,09:16:26,23681,23678.05,200,23684.3,25,775,12006850
NIFTY-I.NFO,14/11/2024,09:16:28,23677.1,23676.35,50,23685.4,25,1775,12006850
NIFTY-I.NFO,14/11/2024,09:16:29,23679.05,23675.6,25,23679.05,100,3150,12006850
NIFTY-I.NFO,14/11/2024,09:16:31,23681,23679.05,75,23684.1,100,625,12006850
NIFTY-I.NFO,14/11/2024,09:16:33,23680,23676,200,23681,175,2025,12006850
NIFTY-I.NFO,14/11/2024,09:16:34,23676.75,23676.75,150,23682.1,175,3775,12006850
NIFTY-I.NFO,14/11/2024,09:16:36,23677.45,23675.05,100,23677.45,25,325,12006850
NIFTY-I.NFO,14/11/2024,09:16:37,23679.05,23675,1450,23681.85,125,450,12006850
NIFTY-I.NFO,14/11/2024,09:16:39,23684.55,23676.7,250,23684.5,300,3475,12006850
NIFTY-I.NFO,14/11/2024,09:16:41,23675.65,23673.65,25,23681.3,300,1950,12006850
NIFTY-I.NFO,14/11/2024,09:16:42,23682,23675.85,175,23683.2,300,650,12006850
NIFTY-I.NFO,14/11/2024,09:16:44,23679,23679,100,23685,25,675,12006850
NIFTY-I.NFO,14/11/2024,09:16:46,23679.8,23679.8,150,23687,50,425,12006850
NIFTY-I.NFO,14/11/2024,09:16:47,23678.5,23677.95,100,23686.05,200,1175,12006850
NIFTY-I.NFO,14/11/2024,09:16:49,23679.25,23679.5,100,23683.95,50,100,12006850
NIFTY-I.NFO,14/11/2024,09:16:50,23685,23683.95,125,23685.5,100,250,12006850
NIFTY-I.NFO,14/11/2024,09:16:52,23686.55,23680.05,150,23685,25,200,12006850
NIFTY-I.NFO,14/11/2024,09:16:54,23680,23677.05,250,23683.9,375,475,12006850
NIFTY-I.NFO,14/11/2024,09:16:55,23678.55,23677,675,23678.55,25,825,12006850
NIFTY-I.NFO,14/11/2024,09:16:57,23679.6,23679.6,125,23688.05,200,12850,12006850
NIFTY-I.NFO,14/11/2024,09:16:58,23680.05,23680,275,23685,50,725,12006850
NIFTY-I.NFO,14/11/2024,09:17:00,23680,23677.05,25,23684.35,50,375,12006850
NIFTY-I.NFO,14/11/2024,09:17:02,23675.15,23673.55,375,23682,175,2825,12006850
NIFTY-I.NFO,14/11/2024,09:17:03,23680,23677,25,23680,175,3300,12006850
NIFTY-I.NFO,14/11/2024,09:17:05,23675.05,23675,75,23682.15,275,475,12006850
NIFTY-I.NFO,14/11/2024,09:17:06,23678.7,23671.15,25,23674,50,2400,12006850
NIFTY-I.NFO,14/11/2024,09:17:08,23677.05,23675,175,23680,25,1125,12006850
NIFTY-I.NFO,14/11/2024,09:17:10,23677.05,23672.95,125,23680.95,200,975,12006850
NIFTY-I.NFO,14/11/2024,09:17:11,23673.8,23673.95,25,23680.65,25,350,12006850
NIFTY-I.NFO,14/11/2024,09:17:13,23670.35,23670.45,25,23674.5,25,250,12006850
NIFTY-I.NFO,14/11/2024,09:17:14,23677.8,23670.55,50,23677.55,200,275,12006850
NIFTY-I.NFO,14/11/2024,09:17:16,23675,23671.35,200,23678.95,150,800,12006850
NIFTY-I.NFO,14/11/2024,09:17:18,23670,23670.05,200,23676.6,25,1000,12006850
NIFTY-I.NFO,14/11/2024,09:17:19,23668.9,23668.95,200,23676.8,250,1525,12006850
NIFTY-I.NFO,14/11/2024,09:17:21,23671.85,23665.05,50,23669.2,25,2100,12006850
NIFTY-I.NFO,14/11/2024,09:17:23,23671.25,23664,25,23670.6,200,775,12006850
NIFTY-I.NFO,14/11/2024,09:17:24,23672.6,23665.35,200,23672.5,175,1300,12006850
NIFTY-I.NFO,14/11/2024,09:17:26,23664.5,23664.5,50,23671.15,25,225,12006850
NIFTY-I.NFO,14/11/2024,09:17:27,23670,23670,3225,23674.05,25,725,12006850
NIFTY-I.NFO,14/11/2024,09:17:29,23671.15,23671.7,25,23674.05,25,2925,12006850
NIFTY-I.NFO,14/11/2024,09:17:31,23672.4,23672.2,175,23679.75,200,1800,12006850
NIFTY-I.NFO,14/11/2024,09:17:32,23675.8,23669.8,150,23675.8,25,2050,12006850
NIFTY-I.NFO,14/11/2024,09:17:34,23676.2,23676.2,25,23681.3,25,600,12006850
NIFTY-I.NFO,14/11/2024,09:17:36,23678.25,23675.8,25,23681.95,25,350,12006850
NIFTY-I.NFO,14/11/2024,09:17:37,23678,23677.2,75,23684.65,200,4800,12006850
NIFTY-I.NFO,14/11/2024,09:17:39,23675.8,23674.5,25,23680.9,275,600,12006850
NIFTY-I.NFO,14/11/2024,09:17:40,23684.45,23676.25,200,23684.35,125,425,12006850
NIFTY-I.NFO,14/11/2024,09:17:42,23675.2,23676.5,125,23683.7,25,825,12006850
NIFTY-I.NFO,14/11/2024,09:17:44,23680.95,23676.3,200,23684,25,800,12006850
NIFTY-I.NFO,14/11/2024,09:17:45,23679.65,23679.8,125,23684.6,25,700,12006850
NIFTY-I.NFO,14/11/2024,09:17:47,23685,23678.1,325,23686.4,200,1200,12006850
NIFTY-I.NFO,14/11/2024,09:17:49,23684.6,23684.6,50,23684.95,25,1950,12006850
NIFTY-I.NFO,14/11/2024,09:17:50,23684.25,23685,1000,23688.15,25,1150,12006850
NIFTY-I.NFO,14/11/2024,09:17:52,23685,23685,1125,23688.45,200,200,12006850
NIFTY-I.NFO,14/11/2024,09:17:53,23687.35,23685,975,23688.4,25,350,12006850
NIFTY-I.NFO,14/11/2024,09:17:55,23687.95,23685,925,23688.4,25,1775,12006850
NIFTY-I.NFO,14/11/2024,09:17:57,23685,23685,725,23688.35,25,400,12006850
NIFTY-I.NFO,14/11/2024,09:17:58,23688.35,23685,575,23688.35,25,300,12006850
NIFTY-I.NFO,14/11/2024,09:18:00,23680,23676.6,25,23683.05,25,1075,12006850
NIFTY-I.NFO,14/11/2024,09:18:02,23677.6,23677.6,200,23683,150,2400,12006850
NIFTY-I.NFO,14/11/2024,09:18:03,23677.7,23675.05,25,23681.45,175,425,12006850
NIFTY-I.NFO,14/11/2024,09:18:05,23681.3,23675,300,23681.25,50,325,12006850
NIFTY-I.NFO,14/11/2024,09:18:06,23674.55,23674.55,25,23677.65,25,375,12006850
NIFTY-I.NFO,14/11/2024,09:18:08,23677.65,23676.65,50,23683.85,25,1375,12006850
NIFTY-I.NFO,14/11/2024,09:18:10,23677,23677.05,25,23684.8,25,350,12006850
NIFTY-I.NFO,14/11/2024,09:18:11,23679.45,23679.4,150,23679.95,25,125,12006850
NIFTY-I.NFO,14/11/2024,09:18:13,23678.05,23678.6,25,23680.4,25,425,12006850
NIFTY-I.NFO,14/11/2024,09:18:15,23676.2,23676.15,25,23683.75,75,750,12006850
NIFTY-I.NFO,14/11/2024,09:18:16,23679.4,23678.05,25,23679.4,75,125,12006850
NIFTY-I.NFO,14/11/2024,09:18:18,23685,23679.4,75,23685,1300,300,12006850
NIFTY-I.NFO,14/11/2024,09:18:19,23685,23678.9,125,23685,1125,300,12006850
NIFTY-I.NFO,14/11/2024,09:18:21,23683,23683.25,175,23685,1100,525,12006850
NIFTY-I.NFO,14/11/2024,09:18:23,23685,23680.9,150,23685,1075,175,12006850
NIFTY-I.NFO,14/11/2024,09:18:24,23680,23680,25,23684.9,25,1000,12006850
NIFTY-I.NFO,14/11/2024,09:18:26,23683.5,23683.2,50,23683.45,25,125,12006850
NIFTY-I.NFO,14/11/2024,09:18:28,23685,23683.7,25,23685.3,25,1125,12006850
NIFTY-I.NFO,14/11/2024,09:18:29,23685,23685,25,23687,125,100,12006850
NIFTY-I.NFO,14/11/2024,09:18:31,23687.15,23680.9,25,23687.75,100,575,12006850
NIFTY-I.NFO,14/11/2024,09:18:32,23684,23680,500,23687.5,25,525,12006850
NIFTY-I.NFO,14/11/2024,09:18:34,23684.1,23680,525,23687,175,275,12006850
NIFTY-I.NFO,14/11/2024,09:18:36,23687,23681.35,150,23683.95,25,350,12006850
NIFTY-I.NFO,14/11/2024,09:18:37,23680,23680,25,23684.45,25,800,12006850
NIFTY-I.NFO,14/11/2024,09:18:39,23675.3,23675.3,25,23683.4,125,775,12006850
NIFTY-I.NFO,14/11/2024,09:18:41,23677.85,23677.85,200,23683.7,50,825,12006850
NIFTY-I.NFO,14/11/2024,09:18:42,23685,23681.35,25,23685,100,1775,12006850
NIFTY-I.NFO,14/11/2024,09:18:44,23681.25,23678,25,23683.45,25,275,12006850
NIFTY-I.NFO,14/11/2024,09:18:45,23683.45,23680.05,25,23683.15,200,750,12006850
NIFTY-I.NFO,14/11/2024,09:18:47,23675,23674.9,125,23681.5,200,975,12006850
NIFTY-I.NFO,14/11/2024,09:18:49,23680.15,23675,25,23678.4,25,250,12033125
NIFTY-I.NFO,14/11/2024,09:18:50,23672.65,23673.35,125,23679.95,200,725,12033125
NIFTY-I.NFO,14/11/2024,09:18:52,23672.35,23672.55,200,23679.25,25,3775,12033125
NIFTY-I.NFO,14/11/2024,09:18:54,23674.1,23672.35,575,23676.9,25,225,12033125
NIFTY-I.NFO,14/11/2024,09:18:55,23674.85,23672.35,475,23674.85,25,75,12033125
NIFTY-I.NFO,14/11/2024,09:18:57,23672.35,23672.7,25,23674.85,25,75,12033125
NIFTY-I.NFO,14/11/2024,09:18:59,23675.55,23675.55,125,23677.95,25,3350,12033125
NIFTY-I.NFO,14/11/2024,09:19:00,23681.95,23678.7,150,23684,25,400,12033125
NIFTY-I.NFO,14/11/2024,09:19:02,23683.75,23678.6,125,23683.85,25,2450,12033125
NIFTY-I.NFO,14/11/2024,09:19:04,23675.6,23678.1,125,23682.6,25,375,12033125
NIFTY-I.NFO,14/11/2024,09:19:05,23683.95,23682.6,25,23684,50,725,12033125
NIFTY-I.NFO,14/11/2024,09:19:07,23685,23683.85,350,23685.95,25,250,12033125
NIFTY-I.NFO,14/11/2024,09:19:09,23680.65,23680.65,25,23685.55,125,675,12033125
NIFTY-I.NFO,14/11/2024,09:19:10,23685.95,23683.45,125,23686.95,25,2900,12033125
NIFTY-I.NFO,14/11/2024,09:19:12,23687,23683.35,125,23686.95,25,1600,12033125
NIFTY-I.NFO,14/11/2024,09:19:13,23687.45,23687.45,25,23687.95,25,775,12033125
NIFTY-I.NFO,14/11/2024,09:19:15,23688.35,23688.1,25,23689,125,1275,12033125
NIFTY-I.NFO,14/11/2024,09:19:17,23683.65,23686,25,23688.95,25,675,12033125
NIFTY-I.NFO,14/11/2024,09:19:18,23688,23688,75,23688.95,25,175,12033125
NIFTY-I.NFO,14/11/2024,09:19:20,23689.95,23688.35,25,23689.95,25,550,12033125
NIFTY-I.NFO,14/11/2024,09:19:22,23688,23689.5,25,23694.45,125,1075,12033125
NIFTY-I.NFO,14/11/2024,09:19:23,23694.45,23690.4,50,23694.9,25,375,12033125
NIFTY-I.NFO,14/11/2024,09:19:25,23694.45,23691.7,25,23694.35,25,725,12033125
NIFTY-I.NFO,14/11/2024,09:19:26,23690.2,23688,150,23691.7,475,800,12033125
NIFTY-I.NFO,14/11/2024,09:19:28,23691.7,23687.95,25,23691.7,725,750,12033125
NIFTY-I.NFO,14/11/2024,09:19:30,23691.65,23687.45,100,23691.65,250,400,12033125
NIFTY-I.NFO,14/11/2024,09:19:31,23689.35,23683.65,25,23689.4,150,375,12033125
NIFTY-I.NFO,14/11/2024,09:19:33,23688.35,23683.7,25,23688.35,25,400,12033125
NIFTY-I.NFO,14/11/2024,09:19:35,23685.95,23681.15,275,23685.95,25,11250,12033125
NIFTY-I.NFO,14/11/2024,09:19:36,23684.15,23684.05,125,23688.3,25,275,12033125
NIFTY-I.NFO,14/11/2024,09:19:38,23685.55,23685.5,25,23691.6,125,500,12033125
NIFTY-I.NFO,14/11/2024,09:19:39,23696.6,23690.75,200,23696.95,125,1225,12033125
NIFTY-I.NFO,14/11/2024,09:19:41,23697.75,23690.6,25,23697.75,250,600,12033125
NIFTY-I.NFO,14/11/2024,09:19:43,23700,23693.15,25,23700,2125,2100,12033125
NIFTY-I.NFO,14/11/2024,09:19:44,23688.4,23688.35,25,23695.45,100,550,12033125
NIFTY-I.NFO,14/11/2024,09:19:46,23692.85,23685.7,25,23693.05,225,325,12033125
NIFTY-I.NFO,14/11/2024,09:19:48,23695.45,23689.65,25,23696.6,250,300,12033125
NIFTY-I.NFO,14/11/2024,09:19:49,23684.15,23685.9,25,23692.9,375,1900,12033125
NIFTY-I.NFO,14/11/2024,09:19:51,23691.25,23685.5,25,23691.2,100,250,12033125
NIFTY-I.NFO,14/11/2024,09:19:52,23689.45,23684.05,75,23689.45,50,975,12033125
NIFTY-I.NFO,14/11/2024,09:19:54,23690.05,23689.25,425,23691.9,175,250,12033125
NIFTY-I.NFO,14/11/2024,09:19:56,23689.25,23689.25,350,23691.4,225,550,12033125
NIFTY-I.NFO,14/11/2024,09:19:57,23690,23689.25,350,23691.95,200,150,12033125
NIFTY-I.NFO,14/11/2024,09:19:59,23691.95,23691.25,50,23691.95,125,925,12033125
NIFTY-I.NFO,14/11/2024,09:20:01,23691.2,23690.05,25,23696.35,375,3450,12033125
NIFTY-I.NFO,14/11/2024,09:20:02,23685.8,23685.35,25,23693.7,300,575,12033125
NIFTY-I.NFO,14/11/2024,09:20:04,23689.85,23681.7,200,23689.55,100,7700,12033125
NIFTY-I.NFO,14/11/2024,09:20:06,23688.85,23681.05,200,23688.6,75,75,12033125
NIFTY-I.NFO,14/11/2024,09:20:07,23687.4,23680,850,23687.35,25,150,12033125
NIFTY-I.NFO,14/11/2024,09:20:09,23687.3,23681,225,23685.95,25,150,12033125
NIFTY-I.NFO,14/11/2024,09:20:11,23684.8,23677.2,200,23684.6,150,1575,12033125
NIFTY-I.NFO,14/11/2024,09:20:12,23674,23673,25,23680.4,200,1475,12033125
NIFTY-I.NFO,14/11/2024,09:20:14,23677.05,23677.55,150,23684.35,25,275,12033125
NIFTY-I.NFO,14/11/2024,09:20:16,23680,23676.1,25,23680,950,600,12033125
NIFTY-I.NFO,14/11/2024,09:20:17,23675,23671.85,250,23675,100,3200,12033125
NIFTY-I.NFO,14/11/2024,09:20:19,23675.4,23675,75,23680,925,200,12033125
NIFTY-I.NFO,14/11/2024,09:20:21,23673.75,23674.05,275,23680,925,400,12033125
NIFTY-I.NFO,14/11/2024,09:20:22,23671.1,23671.05,225,23678.65,200,2275,12033125
NIFTY-I.NFO,14/11/2024,09:20:24,23675,23671.6,25,23678.3,200,650,12033125
NIFTY-I.NFO,14/11/2024,09:20:26,23670,23670,175,23677.1,25,925,12033125
NIFTY-I.NFO,14/11/2024,09:20:27,23678.3,23671.25,75,23679.1,200,350,12033125
NIFTY-I.NFO,14/11/2024,09:20:29,23673.75,23671.55,200,23678.95,25,375,12033125
NIFTY-I.NFO,14/11/2024,09:20:31,23670.8,23670.9,75,23678.35,200,1900,12033125
NIFTY-I.NFO,14/11/2024,09:20:32,23673.75,23670,575,23675.6,25,625,12033125
NIFTY-I.NFO,14/11/2024,09:20:34,23676.85,23670.05,175,23676.9,25,500,12033125
NIFTY-I.NFO,14/11/2024,09:20:36,23671.1,23671,25,23676.9,25,875,12033125
NIFTY-I.NFO,14/11/2024,09:20:37,23671.9,23671.8,50,23676.9,25,75,12033125
NIFTY-I.NFO,14/11/2024,09:20:39,23671.8,23671.8,150,23676.9,25,325,12033125
NIFTY-I.NFO,14/11/2024,09:20:41,23674.55,23672.85,50,23675,800,375,12033125
NIFTY-I.NFO,14/11/2024,09:20:42,23671.9,23671.1,25,23675,775,250,12033125
NIFTY-I.NFO,14/11/2024,09:20:44,23675,23671,25,23675,225,825,12033125
NIFTY-I.NFO,14/11/2024,09:20:46,23675,23670.8,25,23675,125,175,12033125
NIFTY-I.NFO,14/11/2024,09:20:47,23675,23670.95,125,23674.95,25,900,12033125
NIFTY-I.NFO,14/11/2024,09:20:49,23669.6,23669.55,200,23675,1750,1300,12033125
NIFTY-I.NFO,14/11/2024,09:20:51,23670.65,23670,25,23675,1500,675,12033125
NIFTY-I.NFO,14/11/2024,09:20:54,23674.9,23670,25,23674.3,25,450,12033125
NIFTY-I.NFO,14/11/2024,09:20:56,23670.1,23671.15,25,23673.95,25,100,12033125
NIFTY-I.NFO,14/11/2024,09:20:57,23668.45,23668.6,625,23673.95,25,500,12033125
NIFTY-I.NFO,14/11/2024,09:20:59,23667.95,23668.05,250,23673.95,25,475,12033125
NIFTY-I.NFO,14/11/2024,09:21:01,23668.6,23669.15,25,23675,200,1700,12033125
NIFTY-I.NFO,14/11/2024,09:21:02,23670.65,23667.4,50,23674.65,75,125,12033125
NIFTY-I.NFO,14/11/2024,09:21:04,23669.45,23668.9,225,23670.65,50,225,12033125
NIFTY-I.NFO,14/11/2024,09:21:06,23675,23670.4,25,23675,750,1975,12033125
NIFTY-I.NFO,14/11/2024,09:21:08,23674.95,23669,75,23674.95,200,625,12033125
NIFTY-I.NFO,14/11/2024,09:21:09,23669,23668.05,25,23674.75,200,275,12033125
NIFTY-I.NFO,14/11/2024,09:21:11,23672,23669.15,200,23675,675,350,12033125
NIFTY-I.NFO,14/11/2024,09:21:13,23673.7,23668,25,23673.75,200,4775,12033125
NIFTY-I.NFO,14/11/2024,09:21:14,23674.75,23670,175,23674.75,200,975,12033125
NIFTY-I.NFO,14/11/2024,09:21:16,23664.05,23665.15,25,23672.35,275,10150,12033125
NIFTY-I.NFO,14/11/2024,09:21:18,23664.55,23666,1200,23670,500,2800,12033125
NIFTY-I.NFO,14/11/2024,09:21:19,23666,23666,1100,23669.95,200,100,12033125
NIFTY-I.NFO,14/11/2024,09:21:21,23668.65,23666,1150,23669.85,225,75,12033125
NIFTY-I.NFO,14/11/2024,09:21:23,23666,23666,1175,23669.25,225,75,12033125
NIFTY-I.NFO,14/11/2024,09:21:24,23665.9,23662,25,23666.3,175,1450,12033125
NIFTY-I.NFO,14/11/2024,09:21:26,23662.05,23662,25,23666.2,275,75,12033125
NIFTY-I.NFO,14/11/2024,09:21:28,23654,23652.75,125,23659.35,250,6350,12033125
NIFTY-I.NFO,14/11/2024,09:21:29,23650.5,23650.5,200,23656.2,200,725,12033125
NIFTY-I.NFO,14/11/2024,09:21:31,23650.65,23650.65,25,23654,25,3375,12033125
NIFTY-I.NFO,14/11/2024,09:21:33,23661.9,23655.15,200,23661.85,25,1175,12033125
NIFTY-I.NFO,14/11/2024,09:21:34,23656.7,23656.35,450,23663.5,200,1125,12033125
NIFTY-I.NFO,14/11/2024,09:21:36,23659,23659.35,25,23663.5,25,1175,12033125
NIFTY-I.NFO,14/11/2024,09:21:38,23658.6,23659.3,25,23661.9,225,625,12033125
NIFTY-I.NFO,14/11/2024,09:21:39,23658.5,23659.05,25,23665.4,25,450,12033125
NIFTY-I.NFO,14/11/2024,09:21:41,23658.5,23659.1,50,23665.4,25,2725,12033125
NIFTY-I.NFO,14/11/2024,09:21:43,23660.8,23660.8,25,23665.3,25,1225,12033125
NIFTY-I.NFO,14/11/2024,09:21:44,23666,23660,100,23666,225,625,12033125
NIFTY-I.NFO,14/11/2024,09:21:46,23666,23660,125,23666,150,300,12033125
NIFTY-I.NFO,14/11/2024,09:21:48,23662.3,23661.95,100,23666,125,225,12033125
NIFTY-I.NFO,14/11/2024,09:21:49,23662,23660.45,250,23665,175,275,12073400
NIFTY-I.NFO,14/11/2024,09:21:51,23660.85,23660.05,50,23665,250,300,12073400
NIFTY-I.NFO,14/11/2024,09:21:53,23662.3,23660,100,23665,150,175,12073400
NIFTY-I.NFO,14/11/2024,09:21:54,23659.3,23658.35,25,23662,25,425,12073400
NIFTY-I.NFO,14/11/2024,09:21:56,23657.95,23656.2,100,23663.05,325,1450,12073400
NIFTY-I.NFO,14/11/2024,09:21:58,23655,23655,25,23661.35,375,700,12073400
NIFTY-I.NFO,14/11/2024,09:21:59,23652.8,23652.8,125,23659.5,275,300,12073400
NIFTY-I.NFO,14/11/2024,09:22:01,23650.55,23650.5,25,23655,300,325,12073400
NIFTY-I.NFO,14/11/2024,09:22:03,23657.3,23650.7,250,23657.05,25,1075,12073400
NIFTY-I.NFO,14/11/2024,09:22:04,23659.35,23656.8,200,23660,1925,650,12073400
NIFTY-I.NFO,14/11/2024,09:22:06,23659.15,23658.95,250,23660,1925,50,12073400
NIFTY-I.NFO,14/11/2024,09:22:08,23662,23661.3,300,23662,275,2725,12073400
NIFTY-I.NFO,14/11/2024,09:22:09,23664.95,23662.5,25,23665,150,725,12073400
NIFTY-I.NFO,14/11/2024,09:22:11,23666,23664.7,175,23666,175,550,12073400
NIFTY-I.NFO,14/11/2024,09:22:13,23663.75,23665,50,23666,175,200,12073400
NIFTY-I.NFO,14/11/2024,09:22:14,23660.25,23661.95,125,23663.65,25,1750,12073400
NIFTY-I.NFO,14/11/2024,09:22:16,23663.65,23661.1,100,23663.7,25,700,12073400
NIFTY-I.NFO,14/11/2024,09:22:18,23669.85,23664.05,75,23669.85,325,400,12073400
NIFTY-I.NFO,14/11/2024,09:22:19,23665,23663.65,100,23669.45,100,775,12073400
NIFTY-I.NFO,14/11/2024,09:22:21,23663.65,23662.05,25,23667.65,25,200,12073400
NIFTY-I.NFO,14/11/2024,09:22:23,23662.1,23662.9,200,23664.95,75,375,12073400
NIFTY-I.NFO,14/11/2024,09:22:24,23664.95,23663.7,600,23665,200,300,12073400
NIFTY-I.NFO,14/11/2024,09:22:26,23663.7,23663.7,25,23669.8,275,925,12073400
NIFTY-I.NFO,14/11/2024,09:22:28,23665,23662,75,23668.4,100,200,12073400
NIFTY-I.NFO,14/11/2024,09:22:29,23662.55,23663.85,400,23669.85,325,225,12073400
NIFTY-I.NFO,14/11/2024,09:22:31,23665,23665.4,400,23668.95,150,225,12073400
NIFTY-I.NFO,14/11/2024,09:22:33,23667.55,23666.3,200,23670,750,1550,12073400
NIFTY-I.NFO,14/11/2024,09:22:34,23669.85,23666.35,200,23669.85,50,125,12073400
NIFTY-I.NFO,14/11/2024,09:22:36,23665.6,23666.95,200,23669.85,175,125,12073400
NIFTY-I.NFO,14/11/2024,09:22:38,23669.85,23665.2,75,23669.95,25,875,12073400
NIFTY-I.NFO,14/11/2024,09:22:39,23667.35,23667.75,175,23669.85,50,125,12073400
NIFTY-I.NFO,14/11/2024,09:22:41,23669.85,23669.65,750,23669.85,25,100,12073400
NIFTY-I.NFO,14/11/2024,09:22:43,23671.6,23668.25,50,23674,375,325,12073400
NIFTY-I.NFO,14/11/2024,09:22:44,23674,23673.4,200,23674.95,250,375,12073400
NIFTY-I.NFO,14/11/2024,09:22:46,23674.75,23674.8,25,23674.9,125,150,12073400
NIFTY-I.NFO,14/11/2024,09:22:48,23672.95,23672.9,725,23674.9,25,100,12073400
NIFTY-I.NFO,14/11/2024,09:22:49,23675,23672.75,25,23676.9,25,425,12073400
NIFTY-I.NFO,14/11/2024,09:22:51,23676.95,23675.1,100,23678.3,150,675,12073400
NIFTY-I.NFO,14/11/2024,09:22:53,23679.95,23676.65,200,23679.95,800,1225,12073400
NIFTY-I.NFO,14/11/2024,09:22:54,23685.2,23683.05,275,23687.3,50,2675,12073400
NIFTY-I.NFO,14/11/2024,09:22:56,23684.05,23682.05,125,23687.1,350,250,12073400
NIFTY-I.NFO,14/11/2024,09:22:57,23688.85,23684.95,200,23689.3,300,650,12073400
NIFTY-I.NFO,14/11/2024,09:22:59,23689.7,23685.6,200,23689.7,125,500,12073400
NIFTY-I.NFO,14/11/2024,09:23:01,23689.7,23687.55,200,23689.7,125,275,12073400
NIFTY-I.NFO,14/11/2024,09:23:02,23694.1,23690.95,200,23695,150,2225,12073400
NIFTY-I.NFO,14/11/2024,09:23:04,23690,23689.7,50,23694.3,250,250,12073400
NIFTY-I.NFO,14/11/2024,09:23:06,23690,23689.2,50,23694.95,25,175,12073400
NIFTY-I.NFO,14/11/2024,09:23:07,23693.8,23687.3,500,23693.75,300,375,12073400
NIFTY-I.NFO,14/11/2024,09:23:09,23690,23687.85,25,23694.65,175,5275,12073400
NIFTY-I.NFO,14/11/2024,09:23:11,23693.8,23689.05,50,23695,225,225,12073400
NIFTY-I.NFO,14/11/2024,09:23:12,23687.3,23687.25,300,23691.1,25,950,12073400
NIFTY-I.NFO,14/11/2024,09:23:14,23691.05,23690,800,23691.1,25,1150,12073400
NIFTY-I.NFO,14/11/2024,09:23:16,23690,23687.25,275,23690.6,125,825,12073400
NIFTY-I.NFO,14/11/2024,09:23:17,23690.5,23685.15,25,23690.6,25,400,12073400
NIFTY-I.NFO,14/11/2024,09:23:19,23687.25,23687.25,175,23690,25,1000,12073400
NIFTY-I.NFO,14/11/2024,09:23:21,23687.6,23687.25,175,23690,50,150,12073400
NIFTY-I.NFO,14/11/2024,09:23:22,23687.25,23687.25,75,23693.15,250,225,12073400
NIFTY-I.NFO,14/11/2024,09:23:24,23687.25,23685.1,25,23692.25,125,175,12073400
NIFTY-I.NFO,14/11/2024,09:23:26,23685.5,23685.75,25,23692.4,125,125,12073400
NIFTY-I.NFO,14/11/2024,09:23:28,23691.2,23684.15,25,23690.6,125,475,12073400
NIFTY-I.NFO,14/11/2024,09:23:29,23688.5,23682,50,23688.45,75,625,12073400
NIFTY-I.NFO,14/11/2024,09:23:31,23687,23681.05,50,23687.05,100,150,12073400
NIFTY-I.NFO,14/11/2024,09:23:33,23682,23682.85,25,23689.3,150,675,12073400
NIFTY-I.NFO,14/11/2024,09:23:34,23682.6,23680.95,200,23688.3,150,125,12073400
NIFTY-I.NFO,14/11/2024,09:23:36,23687.1,23682,25,23687.1,150,175,12073400
NIFTY-I.NFO,14/11/2024,09:23:38,23682,23680.65,50,23686.6,150,50,12073400
NIFTY-I.NFO,14/11/2024,09:23:39,23682,23683,25,23685,25,50,12073400
NIFTY-I.NFO,14/11/2024,09:23:41,23685,23681.85,75,23686.85,150,250,12073400
NIFTY-I.NFO,14/11/2024,09:23:43,23680.5,23682.15,50,23686.9,25,100,12073400
NIFTY-I.NFO,14/11/2024,09:23:44,23680.85,23680.05,50,23685.2,50,175,12073400
NIFTY-I.NFO,14/11/2024,09:23:46,23685.05,23679.2,25,23685.05,100,600,12073400
NIFTY-I.NFO,14/11/2024,09:23:48,23676.9,23676.05,50,23681.4,25,200,12073400
NIFTY-I.NFO,14/11/2024,09:23:49,23681.35,23680,50,23681.4,25,25,12073400
NIFTY-I.NFO,14/11/2024,09:23:51,23681.4,23680.4,75,23681.4,50,25,12073400
NIFTY-I.NFO,14/11/2024,09:23:53,23685,23681.4,325,23685,150,300,12073400
NIFTY-I.NFO,14/11/2024,09:23:54,23685.4,23682.8,75,23685,50,400,12073400
NIFTY-I.NFO,14/11/2024,09:23:56,23687,23683.95,75,23687,150,1075,12073400
NIFTY-I.NFO,14/11/2024,09:23:58,23686.8,23687.15,125,23690.75,75,350,12073400
NIFTY-I.NFO,14/11/2024,09:23:59,23689,23689.15,125,23690.75,75,75,12073400
NIFTY-I.NFO,14/11/2024,09:24:01,23692.45,23692.35,125,23693,25,200,12073400
NIFTY-I.NFO,14/11/2024,09:24:03,23694.7,23693,75,23695.5,175,600,12073400
NIFTY-I.NFO,14/11/2024,09:24:04,23697.9,23697.85,50,23698.85,600,1225,12073400
NIFTY-I.NFO,14/11/2024,09:24:06,23700,23698.65,50,23700,4125,3050,12073400
NIFTY-I.NFO,14/11/2024,09:24:08,23697.9,23697.85,525,23703.15,50,5725,12073400
NIFTY-I.NFO,14/11/2024,09:24:09,23698.8,23698.25,25,23703.65,50,850,12073400
NIFTY-I.NFO,14/11/2024,09:24:11,23703.35,23697.9,50,23702.4,250,2600,12073400
NIFTY-I.NFO,14/11/2024,09:24:13,23703.55,23698.65,50,23703.7,225,450,12073400
NIFTY-I.NFO,14/11/2024,09:24:14,23698,23699.8,50,23704,25,1850,12073400
NIFTY-I.NFO,14/11/2024,09:24:16,23704,23698.85,25,23704,125,1600,12073400
NIFTY-I.NFO,14/11/2024,09:24:18,23703.55,23699.3,25,23704.7,25,500,12073400
NIFTY-I.NFO,14/11/2024,09:24:19,23699,23698.7,225,23704.35,275,475,12073400
NIFTY-I.NFO,14/11/2024,09:24:21,23703.95,23699.35,100,23704.65,25,1250,12073400
NIFTY-I.NFO,14/11/2024,09:24:23,23701.35,23695.45,25,23701.35,200,1100,12073400
NIFTY-I.NFO,14/11/2024,09:24:24,23700,23694.1,50,23699.8,25,375,12073400
NIFTY-I.NFO,14/11/2024,09:24:26,23699.95,23693.3,50,23699.1,125,2225,12073400
NIFTY-I.NFO,14/11/2024,09:24:28,23698.75,23693.35,200,23699.8,100,450,12073400
NIFTY-I.NFO,14/11/2024,09:24:29,23699.8,23695.7,200,23702.2,150,375,12073400
NIFTY-I.NFO,14/11/2024,09:24:31,23699.1,23695.05,50,23701.6,25,2000,12073400
NIFTY-I.NFO,14/11/2024,09:24:33,23695.25,23695.45,200,23698.95,25,450,12073400
NIFTY-I.NFO,14/11/2024,09:24:34,23694.6,23694.6,75,23699,150,100,12073400
NIFTY-I.NFO,14/11/2024,09:24:36,23700.8,23694.55,50,23700.65,25,5200,12073400
NIFTY-I.NFO,14/11/2024,09:24:38,23696.25,23696.2,75,23700,75,475,12073400
NIFTY-I.NFO,14/11/2024,09:24:39,23699,23694.7,250,23699,1975,300,12073400
NIFTY-I.NFO,14/11/2024,09:24:41,23699,23695.55,250,23699,1750,225,12073400
NIFTY-I.NFO,14/11/2024,09:24:43,23696.8,23696.8,350,23699,1575,225,12073400
NIFTY-I.NFO,14/11/2024,09:24:44,23698.55,23698.8,200,23702.85,25,11050,12073400
NIFTY-I.NFO,14/11/2024,09:24:46,23700.2,23699.6,200,23705,25,725,12073400
NIFTY-I.NFO,14/11/2024,09:24:48,23702.85,23702.6,250,23704.95,25,200,12073400
NIFTY-I.NFO,14/11/2024,09:24:49,23709.1,23703.1,250,23708.65,25,1300,12089250
NIFTY-I.NFO,14/11/2024,09:24:51,23700.1,23699,100,23703.1,25,375,12089250
NIFTY-I.NFO,14/11/2024,09:24:53,23699,23699,25,23702.3,25,325,12089250
NIFTY-I.NFO,14/11/2024,09:24:54,23701.95,23695.45,50,23701.95,25,10525,12089250
NIFTY-I.NFO,14/11/2024,09:24:56,23698.65,23694,25,23698.65,25,225,12089250
NIFTY-I.NFO,14/11/2024,09:24:58,23694.6,23693.05,50,23699.7,25,1775,12089250
NIFTY-I.NFO,14/11/2024,09:24:59,23697.95,23691.85,75,23697.05,25,5325,12089250
NIFTY-I.NFO,14/11/2024,09:25:01,23696.45,23691.05,125,23696.45,75,750,12089250
NIFTY-I.NFO,14/11/2024,09:25:03,23688.5,23688.5,25,23694.3,25,1350,12089250
NIFTY-I.NFO,14/11/2024,09:25:04,23693.2,23687.45,50,23693.55,125,325,12089250
NIFTY-I.NFO,14/11/2024,09:25:06,23696.2,23689.45,200,23696,50,2025,12089250
NIFTY-I.NFO,14/11/2024,09:25:08,23697.95,23693.3,50,23698,1000,200,12089250
NIFTY-I.NFO,14/11/2024,09:25:09,23693.8,23690.5,25,23695.65,25,200,12089250
NIFTY-I.NFO,14/11/2024,09:25:11,23696,23690.45,50,23695.6,50,725,12089250
NIFTY-I.NFO,14/11/2024,09:25:13,23698,23693.5,200,23698,975,350,12089250
NIFTY-I.NFO,14/11/2024,09:25:14,23698,23694.25,300,23697.95,25,0,12089250
NIFTY-I.NFO,14/11/2024,09:25:16,23700,23699.7,75,23703.7,25,750,12089250
NIFTY-I.NFO,14/11/2024,09:25:18,23704.45,23701.1,50,23705,100,650,12089250
NIFTY-I.NFO,14/11/2024,09:25:19,23705,23699.55,200,23705,25,100,12089250
NIFTY-I.NFO,14/11/2024,09:25:21,23700,23700,25,23702.45,150,300,12089250
NIFTY-I.NFO,14/11/2024,09:25:23,23700,23698,200,23701.95,150,50,12089250
NIFTY-I.NFO,14/11/2024,09:25:24,23698.3,23701,500,23701.95,75,175,12089250
NIFTY-I.NFO,14/11/2024,09:25:26,23692.45,23692.35,50,23697.8,50,1275,12089250
NIFTY-I.NFO,14/11/2024,09:25:28,23699.95,23695.65,50,23699.95,25,50,12089250
NIFTY-I.NFO,14/11/2024,09:25:29,23700,23695.05,200,23700,50,125,12089250
NIFTY-I.NFO,14/11/2024,09:25:31,23702,23700.8,25,23704.2,175,375,12089250
NIFTY-I.NFO,14/11/2024,09:25:33,23700.05,23700.05,25,23704.15,150,1500,12089250
NIFTY-I.NFO,14/11/2024,09:25:35,23705,23700.25,100,23705,25,2350,12089250
NIFTY-I.NFO,14/11/2024,09:25:36,23704.45,23700.05,75,23704.45,25,1400,12089250
NIFTY-I.NFO,14/11/2024,09:25:38,23700.55,23700.55,25,23705,50,1500,12089250
NIFTY-I.NFO,14/11/2024,09:25:40,23705,23704,100,23706.3,200,675,12089250
NIFTY-I.NFO,14/11/2024,09:25:41,23706.6,23700.55,200,23706.75,50,1250,12089250
NIFTY-I.NFO,14/11/2024,09:25:43,23706.6,23700,5800,23702.95,100,0,12089250
NIFTY-I.NFO,14/11/2024,09:25:45,23703.45,23700,5800,23703.45,25,375,12089250
NIFTY-I.NFO,14/11/2024,09:25:46,23701.45,23700,3675,23700.45,25,2725,12089250
NIFTY-I.NFO,14/11/2024,09:25:48,23699.85,23700,25,23701.85,50,4150,12089250
NIFTY-I.NFO,14/11/2024,09:25:50,23701.45,23698,25,23701.45,25,425,12089250
NIFTY-I.NFO,14/11/2024,09:25:51,23703.75,23699.85,25,23703.6,150,75,12089250
NIFTY-I.NFO,14/11/2024,09:25:53,23701.45,23701.45,75,23703.55,350,150,12089250
NIFTY-I.NFO,14/11/2024,09:25:55,23703.55,23701.45,75,23704.05,125,300,12089250
NIFTY-I.NFO,14/11/2024,09:25:56,23703.35,23701.45,25,23703.75,25,175,12089250
NIFTY-I.NFO,14/11/2024,09:25:58,23700,23700,125,23702.05,25,1950,12089250
NIFTY-I.NFO,14/11/2024,09:26:00,23699.85,23695.1,200,23699.85,175,325,12089250
NIFTY-I.NFO,14/11/2024,09:26:01,23700.05,23695.05,50,23700.55,150,875,12089250
NIFTY-I.NFO,14/11/2024,09:26:03,23699.9,23695,100,23699.05,50,500,12089250
NIFTY-I.NFO,14/11/2024,09:26:05,23694.3,23694.3,200,23698.45,25,275,12089250
NIFTY-I.NFO,14/11/2024,09:26:06,23692,23691.6,200,23696.5,50,725,12089250
NIFTY-I.NFO,14/11/2024,09:26:08,23691.1,23690,250,23694,25,75,12089250
NIFTY-I.NFO,14/11/2024,09:26:10,23690,23690,125,23693.2,25,400,12089250
NIFTY-I.NFO,14/11/2024,09:26:11,23690,23691,25,23692.05,25,325,12089250
NIFTY-I.NFO,14/11/2024,09:26:13,23690,23686.25,200,23691.05,250,475,12089250
NIFTY-I.NFO,14/11/2024,09:26:15,23694.5,23690,50,23694.15,75,1600,12089250
NIFTY-I.NFO,14/11/2024,09:26:16,23694.05,23688.1,200,23694.4,25,1375,12089250
NIFTY-I.NFO,14/11/2024,09:26:18,23693.4,23686,25,23690,25,1250,12089250
NIFTY-I.NFO,14/11/2024,09:26:20,23687.55,23685.35,100,23686.05,250,800,12089250
NIFTY-I.NFO,14/11/2024,09:26:21,23685.35,23686.1,200,23690,100,575,12089250
NIFTY-I.NFO,14/11/2024,09:26:23,23688.25,23689.3,200,23692.45,25,500,12089250
NIFTY-I.NFO,14/11/2024,09:26:25,23696.4,23686.05,200,23690.25,25,325,12089250
NIFTY-I.NFO,14/11/2024,09:26:26,23690.25,23689.45,300,23691.95,50,25,12089250
NIFTY-I.NFO,14/11/2024,09:26:28,23693.55,23690.05,25,23694.55,200,75,12089250
NIFTY-I.NFO,14/11/2024,09:26:30,23686.05,23686.1,175,23692,25,850,12089250
NIFTY-I.NFO,14/11/2024,09:26:31,23691.35,23686,75,23690,25,425,12089250
NIFTY-I.NFO,14/11/2024,09:26:33,23689.45,23686,50,23687.55,250,50,12089250
NIFTY-I.NFO,14/11/2024,09:26:35,23686.55,23685,350,23687.45,25,550,12089250
NIFTY-I.NFO,14/11/2024,09:26:36,23685,23685,250,23689.95,25,1175,12089250
NIFTY-I.NFO,14/11/2024,09:26:38,23685,23685,150,23686.55,250,0,12089250
NIFTY-I.NFO,14/11/2024,09:26:40,23685,23684.35,100,23685.15,75,575,12089250
NIFTY-I.NFO,14/11/2024,09:26:41,23682.5,23682.5,300,23684.95,25,175,12089250
NIFTY-I.NFO,14/11/2024,09:26:43,23681.35,23680,750,23683.15,50,250,12089250
NIFTY-I.NFO,14/11/2024,09:26:45,23680.05,23680,750,23682.65,75,50,12089250
NIFTY-I.NFO,14/11/2024,09:26:46,23682.65,23682.65,375,23686.95,275,150,12089250
NIFTY-I.NFO,14/11/2024,09:26:48,23680,23683.5,175,23688,150,2300,12089250
NIFTY-I.NFO,14/11/2024,09:26:50,23685,23683.35,100,23688,125,325,12089250
NIFTY-I.NFO,14/11/2024,09:26:51,23685,23685.15,25,23688,175,0,12089250
NIFTY-I.NFO,14/11/2024,09:26:53,23690,23687.5,125,23690,50,350,12089250
NIFTY-I.NFO,14/11/2024,09:26:55,23685.55,23687.5,25,23690,50,1750,12089250
NIFTY-I.NFO,14/11/2024,09:26:56,23690,23687.5,25,23691,50,50,12089250
NIFTY-I.NFO,14/11/2024,09:26:58,23689.3,23685.55,125,23686,25,75,12089250
NIFTY-I.NFO,14/11/2024,09:27:00,23690.45,23685.05,200,23689.85,250,1775,12089250
NIFTY-I.NFO,14/11/2024,09:27:01,23689.3,23685.05,125,23687.5,25,525,12089250
NIFTY-I.NFO,14/11/2024,09:27:03,23687.15,23685,225,23688.45,25,100,12089250
NIFTY-I.NFO,14/11/2024,09:27:05,23687.65,23685,125,23687.65,125,125,12089250
NIFTY-I.NFO,14/11/2024,09:27:06,23685.65,23683.9,25,23685.65,200,425,12089250
NIFTY-I.NFO,14/11/2024,09:27:08,23682.05,23682.05,175,23688.1,25,475,12089250
NIFTY-I.NFO,14/11/2024,09:27:10,23688.4,23684.05,150,23687.85,25,25,12089250
NIFTY-I.NFO,14/11/2024,09:27:11,23688.45,23687.85,25,23690,50,300,12089250
NIFTY-I.NFO,14/11/2024,09:27:13,23684.45,23686.95,50,23689.95,25,250,12089250
NIFTY-I.NFO,14/11/2024,09:27:15,23688.45,23686.95,50,23692.4,200,50,12089250
NIFTY-I.NFO,14/11/2024,09:27:16,23692.5,23692.5,250,23693.15,200,250,12089250
NIFTY-I.NFO,14/11/2024,09:27:18,23692.5,23690.1,150,23693.95,125,525,12089250
NIFTY-I.NFO,14/11/2024,09:27:20,23690,23690.1,50,23693.65,200,100,12089250
NIFTY-I.NFO,14/11/2024,09:27:21,23690.15,23690.15,200,23696.2,50,275,12089250
NIFTY-I.NFO,14/11/2024,09:27:23,23690.1,23690.1,25,23693,50,25,12089250
NIFTY-I.NFO,14/11/2024,09:27:25,23692.5,23688.6,150,23695.15,450,225,12089250
NIFTY-I.NFO,14/11/2024,09:27:26,23690.1,23687.6,25,23689.85,50,50,12089250
NIFTY-I.NFO,14/11/2024,09:27:28,23684.65,23683.5,125,23684.55,125,100,12089250
NIFTY-I.NFO,14/11/2024,09:27:30,23685.2,23686.8,150,23688.4,200,175,12089250
NIFTY-I.NFO,14/11/2024,09:27:31,23686,23685,200,23687.55,75,475,12089250
NIFTY-I.NFO,14/11/2024,09:27:33,23685.2,23685,250,23687.15,200,75,12089250
NIFTY-I.NFO,14/11/2024,09:27:35,23685,23683,25,23684.65,75,750,12089250
NIFTY-I.NFO,14/11/2024,09:27:36,23685.5,23680.1,150,23685.15,250,2075,12089250
NIFTY-I.NFO,14/11/2024,09:27:38,23686.25,23681.95,200,23686.95,25,500,12089250
NIFTY-I.NFO,14/11/2024,09:27:40,23683,23682.25,200,23688.85,200,450,12089250
NIFTY-I.NFO,14/11/2024,09:27:41,23685.15,23685,125,23686.25,25,125,12089250
NIFTY-I.NFO,14/11/2024,09:27:43,23685,23685,150,23688.8,200,600,12089250
NIFTY-I.NFO,14/11/2024,09:27:45,23685,23682,50,23686.15,200,500,12089250
NIFTY-I.NFO,14/11/2024,09:27:46,23686.15,23682,250,23686.65,200,425,12089250
NIFTY-I.NFO,14/11/2024,09:27:48,23682,23680.1,50,23681.65,75,175,12089250
NIFTY-I.NFO,14/11/2024,09:27:50,23683.45,23680.15,300,23684.95,25,50,12089250
NIFTY-I.NFO,14/11/2024,09:27:51,23680.2,23680.05,100,23684.65,25,50,12099400
NIFTY-I.NFO,14/11/2024,09:27:53,23680.2,23681.65,25,23682.15,75,0,12099400
NIFTY-I.NFO,14/11/2024,09:27:56,23683.1,23683.1,200,23685,50,1100,12099400
NIFTY-I.NFO,14/11/2024,09:27:58,23683.7,23682.5,175,23686,125,75,12099400
NIFTY-I.NFO,14/11/2024,09:28:00,23686,23683.95,175,23686,75,50,12099400
NIFTY-I.NFO,14/11/2024,09:28:01,23686,23683.45,25,23685.65,250,425,12099400
NIFTY-I.NFO,14/11/2024,09:28:03,23683.65,23681,25,23683.15,125,325,12099400
NIFTY-I.NFO,14/11/2024,09:28:05,23680,23680,100,23681.15,100,1250,12099400
NIFTY-I.NFO,14/11/2024,09:28:06,23680.1,23679,50,23679.95,50,150,12099400
NIFTY-I.NFO,14/11/2024,09:28:08,23680.95,23676,50,23679.15,100,200,12099400
NIFTY-I.NFO,14/11/2024,09:28:10,23677,23675.1,250,23676.95,50,475,12099400
NIFTY-I.NFO,14/11/2024,09:28:11,23675.1,23675.1,125,23676.95,150,125,12099400
NIFTY-I.NFO,14/11/2024,09:28:13,23675,23675,725,23678.15,125,400,12099400
NIFTY-I.NFO,14/11/2024,09:28:15,23673,23673,200,23675.1,175,800,12099400
NIFTY-I.NFO,14/11/2024,09:28:16,23675.1,23673,175,23675.05,25,475,12099400
NIFTY-I.NFO,14/11/2024,09:28:18,23668,23668.05,125,23670,425,3500,12099400
NIFTY-I.NFO,14/11/2024,09:28:20,23668.05,23668.05,75,23672.65,250,625,12099400
NIFTY-I.NFO,14/11/2024,09:28:21,23670,23670,1150,23674,75,300,12099400
NIFTY-I.NFO,14/11/2024,09:28:23,23670,23670,1025,23671.15,225,375,12099400
NIFTY-I.NFO,14/11/2024,09:28:25,23670,23670,875,23673.95,25,225,12099400
NIFTY-I.NFO,14/11/2024,09:28:26,23670,23670,925,23673.65,250,0,12099400
NIFTY-I.NFO,14/11/2024,09:28:28,23674.6,23670.05,75,23674.65,200,300,12099400
NIFTY-I.NFO,14/11/2024,09:28:30,23671.15,23670,750,23675,300,150,12099400
NIFTY-I.NFO,14/11/2024,09:28:31,23670.05,23670,850,23671.3,1100,200,12099400
NIFTY-I.NFO,14/11/2024,09:28:33,23670,23668.2,150,23669.15,175,925,12099400
NIFTY-I.NFO,14/11/2024,09:28:35,23668.15,23668.15,25,23669.4,25,3275,12099400
NIFTY-I.NFO,14/11/2024,09:28:36,23669.1,23662.5,25,23669.05,25,300,12099400
NIFTY-I.NFO,14/11/2024,09:28:38,23661.25,23661.5,125,23668.2,50,275,12099400
NIFTY-I.NFO,14/11/2024,09:28:40,23663.4,23663.85,100,23668.3,25,350,12099400
NIFTY-I.NFO,14/11/2024,09:28:41,23664.1,23665.25,125,23668.3,25,325,12099400
NIFTY-I.NFO,14/11/2024,09:28:43,23664.9,23664.8,150,23668,25,275,12099400
NIFTY-I.NFO,14/11/2024,09:28:45,23664.15,23664.25,150,23669,75,200,12099400
NIFTY-I.NFO,14/11/2024,09:28:46,23664.5,23664.5,75,23669,75,75,12099400
NIFTY-I.NFO,14/11/2024,09:28:48,23664.8,23664.1,125,23664.8,175,50,12099400
NIFTY-I.NFO,14/11/2024,09:28:50,23662.35,23661.9,225,23664.8,175,75,12099400
NIFTY-I.NFO,14/11/2024,09:28:51,23661,23661,475,23664.8,150,150,12099400
NIFTY-I.NFO,14/11/2024,09:28:53,23661,23661,275,23666.55,50,600,12099400
NIFTY-I.NFO,14/11/2024,09:28:55,23660.85,23661.5,300,23668.05,50,150,12099400
NIFTY-I.NFO,14/11/2024,09:28:56,23668.35,23663.8,150,23669,75,400,12099400
NIFTY-I.NFO,14/11/2024,09:28:58,23669,23664.5,25,23669.95,50,5075,12099400
NIFTY-I.NFO,14/11/2024,09:29:00,23669.95,23666,150,23671.15,50,500,12099400
NIFTY-I.NFO,14/11/2024,09:29:01,23670.2,23666,75,23671.3,925,150,12099400
NIFTY-I.NFO,14/11/2024,09:29:03,23663.4,23662.75,125,23669.15,50,400,12099400
NIFTY-I.NFO,14/11/2024,09:29:05,23667.7,23661.25,25,23667,50,150,12099400
NIFTY-I.NFO,14/11/2024,09:29:06,23669.65,23663.1,300,23669.45,25,625,12099400
NIFTY-I.NFO,14/11/2024,09:29:08,23669.95,23668,50,23669.95,200,225,12099400
NIFTY-I.NFO,14/11/2024,09:29:10,23664.35,23664.55,125,23669.95,25,400,12099400
NIFTY-I.NFO,14/11/2024,09:29:11,23668,23665.5,25,23670,75,550,12099400
NIFTY-I.NFO,14/11/2024,09:29:13,23665.85,23666.3,25,23671.3,925,175,12099400
NIFTY-I.NFO,14/11/2024,09:29:15,23671.3,23665.85,25,23671.3,850,150,12099400
NIFTY-I.NFO,14/11/2024,09:29:16,23671.3,23667.25,25,23671.3,775,125,12099400
NIFTY-I.NFO,14/11/2024,09:29:18,23670,23667,25,23671.2,50,50,12099400
NIFTY-I.NFO,14/11/2024,09:29:20,23670.6,23670,75,23670.8,50,500,12099400
NIFTY-I.NFO,14/11/2024,09:29:21,23666.75,23666.7,25,23671.3,775,200,12099400
NIFTY-I.NFO,14/11/2024,09:29:23,23669,23664.25,25,23669,25,100,12099400
NIFTY-I.NFO,14/11/2024,09:29:25,23665.7,23664.8,150,23668,50,25,12099400
NIFTY-I.NFO,14/11/2024,09:29:26,23664.8,23663.4,275,23664.8,25,225,12099400
NIFTY-I.NFO,14/11/2024,09:29:28,23665,23665,1175,23666.8,100,375,12099400
NIFTY-I.NFO,14/11/2024,09:29:30,23665,23665,1100,23666.8,125,200,12099400
NIFTY-I.NFO,14/11/2024,09:29:31,23667.6,23665,925,23666.95,200,225,12099400
NIFTY-I.NFO,14/11/2024,09:29:33,23665,23663.4,100,23666.8,200,1075,12099400
NIFTY-I.NFO,14/11/2024,09:29:35,23661,23661,125,23665.2,50,450,12099400
NIFTY-I.NFO,14/11/2024,09:29:36,23665.75,23660.75,150,23665.8,25,800,12099400
NIFTY-I.NFO,14/11/2024,09:29:38,23660,23660,1575,23664.45,25,75,12099400
NIFTY-I.NFO,14/11/2024,09:29:40,23665,23664.5,50,23668,775,150,12099400
NIFTY-I.NFO,14/11/2024,09:29:41,23664.5,23664.45,950,23668,775,250,12099400
NIFTY-I.NFO,14/11/2024,09:29:43,23664.45,23664.45,775,23668,775,100,12099400
NIFTY-I.NFO,14/11/2024,09:29:45,23668,23666.85,200,23669,150,875,12099400
NIFTY-I.NFO,14/11/2024,09:29:46,23671.2,23671.35,200,23675,525,700,12099400
NIFTY-I.NFO,14/11/2024,09:29:48,23675,23672,150,23677.45,25,1175,12099400
NIFTY-I.NFO,14/11/2024,09:29:50,23669.1,23669.05,25,23675,25,1250,12099400
NIFTY-I.NFO,14/11/2024,09:29:51,23669.9,23669.9,25,23674.55,50,175,12099400
NIFTY-I.NFO,14/11/2024,09:29:53,23673.8,23668.25,25,23673.35,50,375,12099400
NIFTY-I.NFO,14/11/2024,09:29:55,23666.55,23666.05,25,23672.55,200,1000,12099400
NIFTY-I.NFO,14/11/2024,09:29:56,23672.7,23669.95,100,23673.3,200,125,12099400
NIFTY-I.NFO,14/11/2024,09:29:58,23667.5,23666.7,25,23672.9,175,725,12099400
NIFTY-I.NFO,14/11/2024,09:30:00,23671.9,23668.3,200,23675.05,175,25,12099400
NIFTY-I.NFO,14/11/2024,09:30:01,23672.55,23670.1,50,23676.7,125,200,12099400
NIFTY-I.NFO,14/11/2024,09:30:03,23671.9,23670,700,23675.9,200,6775,12099400
NIFTY-I.NFO,14/11/2024,09:30:05,23671.1,23671.75,50,23678.45,50,500,12099400
NIFTY-I.NFO,14/11/2024,09:30:06,23680,23678.35,25,23680.1,200,1075,12099400
NIFTY-I.NFO,14/11/2024,09:30:08,23679.2,23671.6,25,23677.95,50,875,12099400
NIFTY-I.NFO,14/11/2024,09:30:10,23676.6,23670,625,23674.75,50,1125,12099400
NIFTY-I.NFO,14/11/2024,09:30:11,23670,23670,650,23674.1,25,200,12099400
NIFTY-I.NFO,14/11/2024,09:30:13,23672.6,23670,25,23672.65,25,1125,12099400
NIFTY-I.NFO,14/11/2024,09:30:15,23673.45,23667.5,25,23673.75,25,225,12099400
NIFTY-I.NFO,14/11/2024,09:30:16,23670,23668.15,200,23673.3,25,175,12099400
NIFTY-I.NFO,14/11/2024,09:30:18,23674.55,23668.25,25,23673.4,75,425,12099400
NIFTY-I.NFO,14/11/2024,09:30:20,23667.5,23668.25,150,23673.7,25,125,12099400
NIFTY-I.NFO,14/11/2024,09:30:21,23673.45,23673.45,50,23675,50,75,12099400
NIFTY-I.NFO,14/11/2024,09:30:23,23671.7,23670.3,175,23676,1000,2650,12099400
NIFTY-I.NFO,14/11/2024,09:30:25,23673.45,23671,225,23674,100,75,12099400
NIFTY-I.NFO,14/11/2024,09:30:26,23674,23672.75,150,23676,1000,125,12099400
NIFTY-I.NFO,14/11/2024,09:30:28,23674.95,23673.35,250,23676,1000,100,12099400
NIFTY-I.NFO,14/11/2024,09:30:30,23676,23674.9,25,23678.4,75,1250,12099400
NIFTY-I.NFO,14/11/2024,09:30:31,23677.35,23677.85,100,23679.95,25,325,12099400
NIFTY-I.NFO,14/11/2024,09:30:33,23680,23677.75,25,23684.05,50,1125,12099400
NIFTY-I.NFO,14/11/2024,09:30:35,23680,23679.95,25,23684.8,100,0,12099400
NIFTY-I.NFO,14/11/2024,09:30:36,23682.85,23677.05,25,23679.95,25,200,12099400
NIFTY-I.NFO,14/11/2024,09:30:38,23680,23680,175,23683.1,100,225,12099400
NIFTY-I.NFO,14/11/2024,09:30:40,23680.8,23676,100,23679.6,100,250,12099400
NIFTY-I.NFO,14/11/2024,09:30:41,23673.7,23673.7,225,23674,25,725,12099400
NIFTY-I.NFO,14/11/2024,09:30:43,23667.5,23667,25,23670.55,50,400,12099400
NIFTY-I.NFO,14/11/2024,09:30:45,23665,23665,100,23670.75,25,1725,12099400
NIFTY-I.NFO,14/11/2024,09:30:46,23665,23665,100,23669.55,25,225,12099400
NIFTY-I.NFO,14/11/2024,09:30:48,23670.3,23665.05,25,23670.15,75,1200,12099400
NIFTY-I.NFO,14/11/2024,09:30:50,23665.05,23665.05,375,23669.9,150,100,12099400
NIFTY-I.NFO,14/11/2024,09:30:51,23669.95,23667.65,150,23671.4,25,825,12099100
NIFTY-I.NFO,14/11/2024,09:30:53,23667.6,23667.6,25,23673.65,25,750,12099100
NIFTY-I.NFO,14/11/2024,09:30:55,23665.65,23665.75,50,23668.95,25,1350,12099100
NIFTY-I.NFO,14/11/2024,09:30:56,23670.55,23665,200,23670.55,25,850,12099100
NIFTY-I.NFO,14/11/2024,09:30:58,23671.6,23665.05,25,23671.2,25,475,12099100
NIFTY-I.NFO,14/11/2024,09:31:00,23671.55,23666.35,50,23672.3,25,400,12099100
NIFTY-I.NFO,14/11/2024,09:31:01,23670,23668.1,50,23672.8,25,175,12099100
NIFTY-I.NFO,14/11/2024,09:31:03,23673.35,23669.15,150,23673.35,25,225,12099100
NIFTY-I.NFO,14/11/2024,09:31:05,23671.55,23671.15,25,23676.6,50,775,12099100
NIFTY-I.NFO,14/11/2024,09:31:06,23671.6,23672.45,50,23676.8,25,75,12099100
NIFTY-I.NFO,14/11/2024,09:31:08,23678.85,23673.65,125,23679.05,25,50,12099100
NIFTY-I.NFO,14/11/2024,09:31:10,23677.9,23673.35,100,23677.9,25,100,12099100
NIFTY-I.NFO,14/11/2024,09:31:11,23674.4,23672.75,100,23677.9,25,200,12099100
NIFTY-I.NFO,14/11/2024,09:31:13,23672.75,23672.05,125,23677.9,25,625,12099100
NIFTY-I.NFO,14/11/2024,09:31:15,23678,23674.15,25,23679.25,25,650,12099100
NIFTY-I.NFO,14/11/2024,09:31:16,23673.55,23673.7,600,23679.95,25,1175,12099100
NIFTY-I.NFO,14/11/2024,09:31:18,23674.15,23675.55,25,23679.95,25,50,12099100
NIFTY-I.NFO,14/11/2024,09:31:20,23680,23676.8,50,23679.4,25,100,12099100
NIFTY-I.NFO,14/11/2024,09:31:21,23676.8,23676.85,100,23679.45,50,50,12099100
NIFTY-I.NFO,14/11/2024,09:31:23,23676.85,23676.85,50,23679.95,25,125,12099100
NIFTY-I.NFO,14/11/2024,09:31:25,23675.4,23676.85,100,23678.95,25,250,12099100
NIFTY-I.NFO,14/11/2024,09:31:26,23676.9,23676.9,75,23678.95,25,25,12099100
NIFTY-I.NFO,14/11/2024,09:31:28,23679.35,23677,75,23679.35,25,150,12099100
NIFTY-I.NFO,14/11/2024,09:31:30,23677,23673.55,50,23678.25,25,75,12099100
NIFTY-I.NFO,14/11/2024,09:31:31,23678.85,23673.55,50,23679.35,25,200,12099100
NIFTY-I.NFO,14/11/2024,09:31:33,23678.95,23676.05,25,23679.35,25,50,12099100
NIFTY-I.NFO,14/11/2024,09:31:35,23679.35,23678.85,25,23679.35,25,100,12099100
NIFTY-I.NFO,14/11/2024,09:31:36,23679.95,23679.35,1900,23679.95,25,325,12099100
NIFTY-I.NFO,14/11/2024,09:31:38,23679.95,23679.35,1450,23679.95,25,600,12099100
NIFTY-I.NFO,14/11/2024,09:31:40,23679,23675.05,1150,23679.35,50,1975,12099100
NIFTY-I.NFO,14/11/2024,09:31:41,23673,23671,200,23675,50,1550,12099100
NIFTY-I.NFO,14/11/2024,09:31:43,23674.4,23671,200,23674.65,50,950,12099100
NIFTY-I.NFO,14/11/2024,09:31:45,23673.95,23668.05,50,23674.45,25,775,12099100
NIFTY-I.NFO,14/11/2024,09:31:46,23668.45,23667,2050,23673,50,25,12099100
NIFTY-I.NFO,14/11/2024,09:31:48,23673,23668.35,50,23673,375,75,12099100
NIFTY-I.NFO,14/11/2024,09:31:50,23668.65,23667.85,50,23673,350,50,12099100
NIFTY-I.NFO,14/11/2024,09:31:51,23667.85,23668.25,50,23673,325,150,12099100
NIFTY-I.NFO,14/11/2024,09:31:53,23669.9,23668.65,50,23670.25,25,100,12099100
NIFTY-I.NFO,14/11/2024,09:31:55,23667,23667,2025,23667.85,200,350,12099100
NIFTY-I.NFO,14/11/2024,09:31:56,23667.15,23667,2000,23667.85,200,100,12099100
NIFTY-I.NFO,14/11/2024,09:31:58,23672.9,23667,2000,23672.65,75,300,12099100
NIFTY-I.NFO,14/11/2024,09:31:59,23667.9,23667,1975,23672.65,75,75,12099100
NIFTY-I.NFO,14/11/2024,09:32:01,23673,23667.05,50,23672.65,25,575,12099100
NIFTY-I.NFO,14/11/2024,09:32:03,23668.6,23670.3,50,23674.5,25,7475,12099100
NIFTY-I.NFO,14/11/2024,09:32:04,23674.5,23670.75,25,23675.1,100,25,12099100
NIFTY-I.NFO,14/11/2024,09:32:06,23668.1,23668.05,25,23673.25,50,125,12099100
NIFTY-I.NFO,14/11/2024,09:32:08,23672.75,23670,1000,23673,75,375,12099100
NIFTY-I.NFO,14/11/2024,09:32:09,23670,23666.55,25,23671.65,100,1050,12099100
NIFTY-I.NFO,14/11/2024,09:32:11,23668.05,23667.65,100,23673.8,100,400,12099100
NIFTY-I.NFO,14/11/2024,09:32:13,23670,23666.05,50,23672.25,100,25,12099100
NIFTY-I.NFO,14/11/2024,09:32:14,23666,23666.15,50,23670,25,50,12099100
NIFTY-I.NFO,14/11/2024,09:32:16,23666.05,23666,1475,23669.5,125,550,12099100
NIFTY-I.NFO,14/11/2024,09:32:18,23666.05,23666,1475,23667.2,125,0,12099100
NIFTY-I.NFO,14/11/2024,09:32:19,23661.55,23663.5,100,23669.15,25,2625,12099100
NIFTY-I.NFO,14/11/2024,09:32:21,23663.15,23664.7,100,23670.85,25,300,12099100
NIFTY-I.NFO,14/11/2024,09:32:23,23666.15,23666.95,100,23670.15,50,100,12099100
NIFTY-I.NFO,14/11/2024,09:32:25,23669.15,23666.55,25,23669.2,25,75,12099100
NIFTY-I.NFO,14/11/2024,09:32:26,23669.9,23664,75,23669.95,150,225,12099100
NIFTY-I.NFO,14/11/2024,09:32:28,23664.4,23665,25,23669.2,25,400,12099100
NIFTY-I.NFO,14/11/2024,09:32:30,23668.6,23665,25,23667.65,125,25,12099100
NIFTY-I.NFO,14/11/2024,09:32:31,23661.5,23664.4,25,23666.95,75,100,12099100
NIFTY-I.NFO,14/11/2024,09:32:33,23661.7,23662.45,50,23668.3,25,575,12099100
NIFTY-I.NFO,14/11/2024,09:32:35,23661.5,23660.05,900,23665.35,125,775,12099100
NIFTY-I.NFO,14/11/2024,09:32:36,23660.05,23660.1,50,23666,125,50,12099100
NIFTY-I.NFO,14/11/2024,09:32:38,23660.2,23660.1,50,23666.4,25,375,12099100
NIFTY-I.NFO,14/11/2024,09:32:40,23660.05,23660.1,50,23665.8,75,50,12099100
NIFTY-I.NFO,14/11/2024,09:32:41,23661,23660.1,50,23665.45,50,50,12099100
NIFTY-I.NFO,14/11/2024,09:32:43,23660.85,23660.65,50,23665,25,150,12099100
NIFTY-I.NFO,14/11/2024,09:32:45,23667.45,23662.05,25,23667.9,50,300,12099100
NIFTY-I.NFO,14/11/2024,09:32:46,23668,23666,500,23667.95,25,100,12099100
NIFTY-I.NFO,14/11/2024,09:32:48,23670,23666.3,25,23670,225,225,12099100
NIFTY-I.NFO,14/11/2024,09:32:50,23666.2,23668.05,25,23670,250,50,12099100
NIFTY-I.NFO,14/11/2024,09:32:51,23668.05,23666.2,50,23671.95,50,475,12099100
NIFTY-I.NFO,14/11/2024,09:32:53,23673.7,23667.1,25,23672.9,50,275,12099100
NIFTY-I.NFO,14/11/2024,09:32:55,23670,23666.2,50,23669.9,500,25,12099100
NIFTY-I.NFO,14/11/2024,09:32:56,23669.9,23665.05,25,23671,50,550,12099100
NIFTY-I.NFO,14/11/2024,09:32:58,23670,23662.05,75,23668.6,50,25,12099100
NIFTY-I.NFO,14/11/2024,09:33:00,23662.5,23662.6,125,23666.8,50,300,12099100
NIFTY-I.NFO,14/11/2024,09:33:01,23668.55,23662.75,25,23668.75,100,150,12099100
NIFTY-I.NFO,14/11/2024,09:33:03,23667.3,23665,25,23666.7,50,150,12099100
NIFTY-I.NFO,14/11/2024,09:33:05,23667.3,23665.05,25,23668.15,50,0,12099100
NIFTY-I.NFO,14/11/2024,09:33:06,23665.05,23665,50,23667.8,100,75,12099100
NIFTY-I.NFO,14/11/2024,09:33:08,23664.05,23663.15,50,23667.75,25,100,12099100
NIFTY-I.NFO,14/11/2024,09:33:10,23666,23662,175,23667.15,50,350,12099100
NIFTY-I.NFO,14/11/2024,09:33:11,23662,23662.3,100,23667.15,125,50,12099100
NIFTY-I.NFO,14/11/2024,09:33:13,23665.8,23665.8,425,23667.15,75,200,12099100
NIFTY-I.NFO,14/11/2024,09:33:15,23665.8,23662,125,23665.2,125,600,12099100
NIFTY-I.NFO,14/11/2024,09:33:16,23662,23662.1,50,23665.8,50,25,12099100
NIFTY-I.NFO,14/11/2024,09:33:18,23665.85,23662,100,23664.45,25,225,12099100
NIFTY-I.NFO,14/11/2024,09:33:20,23666.35,23662.2,500,23664.95,25,125,12099100
NIFTY-I.NFO,14/11/2024,09:33:21,23667.7,23664,25,23667.75,50,1600,12099100
NIFTY-I.NFO,14/11/2024,09:33:23,23662.2,23662.2,75,23665.45,25,2325,12099100
NIFTY-I.NFO,14/11/2024,09:33:25,23662.35,23663.35,100,23664.35,25,50,12099100
NIFTY-I.NFO,14/11/2024,09:33:26,23667.7,23666.05,25,23666.35,50,500,12099100
NIFTY-I.NFO,14/11/2024,09:33:28,23660.9,23661.2,50,23666.35,75,1925,12099100
NIFTY-I.NFO,14/11/2024,09:33:30,23663.1,23663.15,25,23666.3,50,75,12099100
NIFTY-I.NFO,14/11/2024,09:33:31,23670,23666,25,23670,200,2200,12099100
NIFTY-I.NFO,14/11/2024,09:33:33,23667.5,23666.4,100,23672.15,50,300,12099100
NIFTY-I.NFO,14/11/2024,09:33:35,23669,23669.15,100,23673.7,50,325,12099100
NIFTY-I.NFO,14/11/2024,09:33:36,23673.7,23670.4,50,23673.7,25,75,12099100
NIFTY-I.NFO,14/11/2024,09:33:38,23667.15,23667.8,175,23675,175,1825,12099100
NIFTY-I.NFO,14/11/2024,09:33:40,23667.15,23673.7,25,23675,175,0,12099100
NIFTY-I.NFO,14/11/2024,09:33:41,23673.7,23671.85,25,23674.8,75,225,12099100
NIFTY-I.NFO,14/11/2024,09:33:43,23671.9,23671.1,50,23675,200,150,12099100
NIFTY-I.NFO,14/11/2024,09:33:45,23671.25,23675.15,200,23678,75,375,12099100
NIFTY-I.NFO,14/11/2024,09:33:46,23678,23675.2,50,23678,25,75,12099100
NIFTY-I.NFO,14/11/2024,09:33:48,23673.7,23671.25,50,23674.4,150,675,12099100
NIFTY-I.NFO,14/11/2024,09:33:50,23671.25,23671.25,25,23672.3,100,25,12099100
NIFTY-I.NFO,14/11/2024,09:33:51,23673.5,23671.25,25,23673.1,100,50,12093625
NIFTY-I.NFO,14/11/2024,09:33:53,23671.25,23670,50,23673.8,150,25,12093625
NIFTY-I.NFO,14/11/2024,09:33:55,23670,23667.75,50,23673.45,100,75,12093625
NIFTY-I.NFO,14/11/2024,09:33:56,23672.25,23665.05,50,23671.2,125,1950,12093625
NIFTY-I.NFO,14/11/2024,09:33:58,23667.15,23666,75,23672.1,100,50,12093625
NIFTY-I.NFO,14/11/2024,09:33:59,23663.9,23665.15,50,23672.15,50,2075,12093625
NIFTY-I.NFO,14/11/2024,09:34:01,23672.1,23669,25,23672.2,75,25,12093625
NIFTY-I.NFO,14/11/2024,09:34:03,23670,23669,25,23669.25,25,75,12093625
NIFTY-I.NFO,14/11/2024,09:34:04,23670,23669,25,23670,275,75,12093625
NIFTY-I.NFO,14/11/2024,09:34:06,23672.2,23672.2,25,23674.85,100,550,12093625
NIFTY-I.NFO,14/11/2024,09:34:08,23675.95,23669.3,25,23675.55,50,300,12093625
NIFTY-I.NFO,14/11/2024,09:34:09,23675.95,23672.2,75,23676.6,100,0,12093625
NIFTY-I.NFO,14/11/2024,09:34:11,23675.95,23672.2,75,23676.15,100,0,12093625
NIFTY-I.NFO,14/11/2024,09:34:13,23675.15,23672.2,50,23675.35,100,75,12093625
NIFTY-I.NFO,14/11/2024,09:34:14,23675.4,23675.95,225,23677.65,100,25,12093625
NIFTY-I.NFO,14/11/2024,09:34:16,23675.95,23675.95,200,23678,125,100,12093625
NIFTY-I.NFO,14/11/2024,09:34:18,23680.4,23679.5,100,23682,100,4225,12093625
NIFTY-I.NFO,14/11/2024,09:34:19,23682.35,23675.75,25,23682.5,100,1600,12093625
NIFTY-I.NFO,14/11/2024,09:34:21,23682.95,23681.15,25,23683,75,75,12093625
NIFTY-I.NFO,14/11/2024,09:34:23,23681.15,23680.3,50,23683,50,75,12093625
NIFTY-I.NFO,14/11/2024,09:34:24,23685,23679.3,100,23685,100,175,12093625
NIFTY-I.NFO,14/11/2024,09:34:26,23681.65,23678.05,100,23681.55,25,75,12093625
NIFTY-I.NFO,14/11/2024,09:34:28,23681.55,23676,25,23681.45,50,675,12093625
NIFTY-I.NFO,14/11/2024,09:34:29,23680.85,23673.6,100,23679.65,150,550,12093625
NIFTY-I.NFO,14/11/2024,09:34:31,23680.5,23674.7,100,23681.15,75,75,12093625
NIFTY-I.NFO,14/11/2024,09:34:33,23678,23674.6,25,23679.2,50,325,12093625
NIFTY-I.NFO,14/11/2024,09:34:34,23674.6,23672.3,100,23678.8,50,25,12093625
NIFTY-I.NFO,14/11/2024,09:34:36,23678,23675.2,25,23678,450,125,12093625
NIFTY-I.NFO,14/11/2024,09:34:38,23685.2,23678,25,23683.6,150,1950,12093625
NIFTY-I.NFO,14/11/2024,09:34:40,23680.5,23675.2,25,23680.5,150,1850,12093625
NIFTY-I.NFO,14/11/2024,09:34:41,23674.2,23674.65,50,23680.95,50,3475,12093625
NIFTY-I.NFO,14/11/2024,09:34:43,23674.85,23672.2,25,23678.4,50,2600,12093625
NIFTY-I.NFO,14/11/2024,09:34:45,23680.5,23680.5,25,23682.65,250,2075,12093625
NIFTY-I.NFO,14/11/2024,09:34:46,23678,23677.15,50,23683.25,100,150,12093625
NIFTY-I.NFO,14/11/2024,09:34:48,23677.8,23677.65,50,23683.55,50,75,12093625
NIFTY-I.NFO,14/11/2024,09:34:50,23676.2,23677.3,50,23682.4,25,650,12093625
NIFTY-I.NFO,14/11/2024,09:34:51,23682.8,23675,50,23680,1525,650,12093625
NIFTY-I.NFO,14/11/2024,09:34:53,23679.95,23674,50,23679.95,50,375,12093625
NIFTY-I.NFO,14/11/2024,09:34:55,23677.75,23672.3,50,23678.75,25,225,12093625
NIFTY-I.NFO,14/11/2024,09:34:56,23677.75,23672.2,25,23676.15,50,0,12093625
NIFTY-I.NFO,14/11/2024,09:34:58,23673.85,23672.2,25,23674.15,250,1575,12093625
NIFTY-I.NFO,14/11/2024,09:35:00,23670.2,23670.25,100,23674.15,250,1800,12093625
NIFTY-I.NFO,14/11/2024,09:35:01,23666.6,23665.05,25,23669.85,25,6200,12093625
NIFTY-I.NFO,14/11/2024,09:35:03,23670,23665,50,23670.45,25,2025,12093625
NIFTY-I.NFO,14/11/2024,09:35:05,23670.9,23663.2,100,23669.9,50,125,12093625
NIFTY-I.NFO,14/11/2024,09:35:06,23670.65,23664.35,50,23670.95,25,5175,12093625
NIFTY-I.NFO,14/11/2024,09:35:08,23670,23664.6,50,23670,25,175,12093625
NIFTY-I.NFO,14/11/2024,09:35:10,23664.2,23664.2,50,23669.2,100,1175,12093625
NIFTY-I.NFO,14/11/2024,09:35:11,23666.6,23666.6,250,23670,25,325,12093625
NIFTY-I.NFO,14/11/2024,09:35:13,23669.2,23669.2,150,23670,25,50,12093625
NIFTY-I.NFO,14/11/2024,09:35:15,23672.15,23670.05,25,23672.1,25,2625,12093625
NIFTY-I.NFO,14/11/2024,09:35:16,23672.15,23670.05,25,23671.95,25,0,12093625
NIFTY-I.NFO,14/11/2024,09:35:18,23669.95,23664.95,50,23670.95,25,1150,12093625
NIFTY-I.NFO,14/11/2024,09:35:20,23670,23665.05,50,23671,50,3450,12093625
NIFTY-I.NFO,14/11/2024,09:35:21,23665.5,23665.4,50,23671.35,25,825,12093625
NIFTY-I.NFO,14/11/2024,09:35:23,23665,23661.45,100,23667.25,25,125,12093625
NIFTY-I.NFO,14/11/2024,09:35:25,23663.5,23661.85,100,23666.95,25,25,12093625
NIFTY-I.NFO,14/11/2024,09:35:26,23660.75,23660.75,100,23666.15,50,125,12093625
NIFTY-I.NFO,14/11/2024,09:35:28,23660.95,23661.8,100,23665.95,25,125,12093625
NIFTY-I.NFO,14/11/2024,09:35:30,23665.9,23662.15,25,23668.75,50,2250,12093625
NIFTY-I.NFO,14/11/2024,09:35:31,23668.8,23664.25,25,23668.95,150,50,12093625
NIFTY-I.NFO,14/11/2024,09:35:33,23670.8,23663.25,25,23667.25,50,525,12093625
NIFTY-I.NFO,14/11/2024,09:35:35,23669.95,23664.4,100,23670,25,50,12093625
NIFTY-I.NFO,14/11/2024,09:35:36,23669,23665.85,100,23669,100,25,12093625
NIFTY-I.NFO,14/11/2024,09:35:38,23665.95,23666.05,50,23669,100,50,12093625
NIFTY-I.NFO,14/11/2024,09:35:40,23663.1,23662.5,100,23668.55,25,1825,12093625
NIFTY-I.NFO,14/11/2024,09:35:41,23662,23661.05,50,23667.1,50,125,12093625
NIFTY-I.NFO,14/11/2024,09:35:43,23669.85,23664.05,100,23670.1,50,775,12093625
NIFTY-I.NFO,14/11/2024,09:35:45,23670,23666.55,125,23672,200,50,12093625
NIFTY-I.NFO,14/11/2024,09:35:46,23671.95,23665.55,50,23671.85,150,1825,12093625
NIFTY-I.NFO,14/11/2024,09:35:48,23669.8,23663.3,50,23669.7,150,550,12093625
NIFTY-I.NFO,14/11/2024,09:35:50,23663.9,23665.05,100,23668.1,500,1975,12093625
NIFTY-I.NFO,14/11/2024,09:35:51,23671.15,23666.85,150,23671.6,25,800,12093625
NIFTY-I.NFO,14/11/2024,09:35:53,23672,23666.85,150,23670.85,100,175,12093625
NIFTY-I.NFO,14/11/2024,09:35:55,23671.6,23666.85,150,23672,150,25,12093625
NIFTY-I.NFO,14/11/2024,09:35:56,23671.9,23666.85,150,23670.8,50,50,12093625
NIFTY-I.NFO,14/11/2024,09:35:58,23666.85,23665,25,23666.25,25,200,12093625
NIFTY-I.NFO,14/11/2024,09:35:59,23669.75,23665,25,23666.85,25,525,12093625
NIFTY-I.NFO,14/11/2024,09:36:01,23668.75,23663.4,150,23666.85,75,100,12093625
NIFTY-I.NFO,14/11/2024,09:36:03,23666.85,23661.95,100,23666.85,50,1850,12093625
NIFTY-I.NFO,14/11/2024,09:36:04,23660.15,23660.45,125,23666,475,600,12093625
NIFTY-I.NFO,14/11/2024,09:36:06,23660,23660,25,23664.25,125,1825,12093625
NIFTY-I.NFO,14/11/2024,09:36:08,23664.2,23660.85,50,23666,475,300,12093625
NIFTY-I.NFO,14/11/2024,09:36:09,23666,23660.05,50,23665.6,50,75,12093625
NIFTY-I.NFO,14/11/2024,09:36:11,23658,23658,100,23658.8,25,375,12093625
NIFTY-I.NFO,14/11/2024,09:36:13,23659.75,23658,75,23660,1625,375,12093625
NIFTY-I.NFO,14/11/2024,09:36:14,23659.55,23659.4,150,23664.85,50,1725,12093625
NIFTY-I.NFO,14/11/2024,09:36:16,23659.4,23659.65,50,23664.9,100,125,12093625
NIFTY-I.NFO,14/11/2024,09:36:18,23666,23661,50,23666,700,1975,12093625
NIFTY-I.NFO,14/11/2024,09:36:19,23661.4,23661.4,25,23666,600,200,12093625
NIFTY-I.NFO,14/11/2024,09:36:21,23666,23663.25,50,23666,600,175,12093625
NIFTY-I.NFO,14/11/2024,09:36:23,23663.05,23664.65,50,23670,75,2450,12093625
NIFTY-I.NFO,14/11/2024,09:36:24,23666.4,23666.4,125,23670,75,275,12093625
NIFTY-I.NFO,14/11/2024,09:36:26,23668.4,23669.25,100,23671.95,275,2050,12093625
NIFTY-I.NFO,14/11/2024,09:36:28,23675,23672.5,125,23675,425,700,12093625
NIFTY-I.NFO,14/11/2024,09:36:29,23671.25,23672.85,250,23675,425,50,12093625
NIFTY-I.NFO,14/11/2024,09:36:31,23673.35,23674.35,200,23678,25,2300,12093625
NIFTY-I.NFO,14/11/2024,09:36:33,23681.95,23679.4,275,23684.3,100,1975,12093625
NIFTY-I.NFO,14/11/2024,09:36:34,23680.6,23679.35,250,23684.65,50,300,12093625
NIFTY-I.NFO,14/11/2024,09:36:36,23676.4,23675.2,50,23680.8,100,600,12093625
NIFTY-I.NFO,14/11/2024,09:36:38,23680.6,23675.05,25,23678.95,25,275,12093625
NIFTY-I.NFO,14/11/2024,09:36:39,23681.8,23676,125,23681.85,75,725,12093625
NIFTY-I.NFO,14/11/2024,09:36:41,23675,23673.35,25,23677.85,125,250,12093625
NIFTY-I.NFO,14/11/2024,09:36:43,23677,23671.3,50,23676.95,50,75,12093625
NIFTY-I.NFO,14/11/2024,09:36:45,23676.3,23672.4,50,23678.15,100,100,12093625
NIFTY-I.NFO,14/11/2024,09:36:46,23676.3,23671.8,50,23677,25,0,12093625
NIFTY-I.NFO,14/11/2024,09:36:48,23677,23673.9,50,23679.65,50,25,12093625
NIFTY-I.NFO,14/11/2024,09:36:50,23673.9,23674.55,50,23676.3,25,25,12093625
NIFTY-I.NFO,14/11/2024,09:36:51,23673.7,23672.7,50,23676.3,50,25,12093625
NIFTY-I.NFO,14/11/2024,09:36:53,23672.35,23672.1,100,23676.3,50,300,12091050
NIFTY-I.NFO,14/11/2024,09:36:55,23672.15,23672.15,75,23677.95,100,275,12091050
NIFTY-I.NFO,14/11/2024,09:36:56,23678,23672.75,100,23678.6,50,300,12091050
NIFTY-I.NFO,14/11/2024,09:36:58,23673.05,23671.35,100,23677.2,50,100,12091050
NIFTY-I.NFO,14/11/2024,09:37:00,23675.65,23670.05,150,23675.15,100,1900,12091050
NIFTY-I.NFO,14/11/2024,09:37:01,23673.9,23670.05,150,23674.85,100,100,12091050
NIFTY-I.NFO,14/11/2024,09:37:03,23673.7,23667,150,23672.6,75,300,12091050
NIFTY-I.NFO,14/11/2024,09:37:05,23674.75,23669.1,150,23674.95,50,200,12091050
NIFTY-I.NFO,14/11/2024,09:37:06,23663.85,23665.45,50,23671.6,150,1850,12091050
NIFTY-I.NFO,14/11/2024,09:37:08,23663.85,23666.05,100,23672.35,100,0,12091050
NIFTY-I.NFO,14/11/2024,09:37:10,23673,23669.85,25,23673.75,100,25,12091050
NIFTY-I.NFO,14/11/2024,09:37:11,23673.6,23667.45,100,23672.95,50,125,12091050
NIFTY-I.NFO,14/11/2024,09:37:13,23670.5,23666.25,25,23670.75,50,125,12091050
NIFTY-I.NFO,14/11/2024,09:37:15,23670.5,23666,50,23671.2,50,0,12091050
NIFTY-I.NFO,14/11/2024,09:37:16,23665.2,23665.2,25,23670,200,100,12091050
NIFTY-I.NFO,14/11/2024,09:37:18,23673,23667.85,50,23671.45,25,350,12091050
NIFTY-I.NFO,14/11/2024,09:37:20,23670,23665,100,23670.15,100,2650,12091050
NIFTY-I.NFO,14/11/2024,09:37:21,23662.15,23663.85,50,23669.65,25,400,12091050
NIFTY-I.NFO,14/11/2024,09:37:23,23669.55,23663.55,200,23669.85,150,25,12091050
NIFTY-I.NFO,14/11/2024,09:37:25,23664.25,23662.55,25,23668.9,100,50,12091050
NIFTY-I.NFO,14/11/2024,09:37:26,23664.25,23664.25,50,23670.7,150,200,12091050
NIFTY-I.NFO,14/11/2024,09:37:28,23664,23664,200,23670.15,50,50,12091050
NIFTY-I.NFO,14/11/2024,09:37:30,23664.9,23664.45,50,23670.2,50,25,12091050
NIFTY-I.NFO,14/11/2024,09:37:31,23666.3,23665.35,50,23670,25,50,12091050
NIFTY-I.NFO,14/11/2024,09:37:33,23670,23664.9,25,23670.2,25,25,12091050
NIFTY-I.NFO,14/11/2024,09:37:35,23664.9,23663.5,50,23669.2,50,75,12091050
NIFTY-I.NFO,14/11/2024,09:37:36,23669.9,23665,175,23669.65,50,125,12091050
NIFTY-I.NFO,14/11/2024,09:37:38,23669.3,23665,175,23667.8,25,550,12091050
NIFTY-I.NFO,14/11/2024,09:37:40,23665,23665,150,23668.85,125,175,12091050
NIFTY-I.NFO,14/11/2024,09:37:41,23665,23667.8,100,23667.85,25,125,12091050
NIFTY-I.NFO,14/11/2024,09:37:43,23667.8,23665,100,23669.7,50,125,12091050
NIFTY-I.NFO,14/11/2024,09:37:45,23668.8,23665,100,23669.9,100,25,12091050
NIFTY-I.NFO,14/11/2024,09:37:46,23668.8,23665,125,23669.45,50,0,12091050
NIFTY-I.NFO,14/11/2024,09:37:48,23665,23665.05,25,23669.9,400,25,12091050
NIFTY-I.NFO,14/11/2024,09:37:50,23665,23665,75,23669.7,50,25,12091050
NIFTY-I.NFO,14/11/2024,09:37:51,23665,23665,50,23669.2,100,175,12091050
NIFTY-I.NFO,14/11/2024,09:37:53,23670,23664.6,50,23670,100,175,12091050
NIFTY-I.NFO,14/11/2024,09:37:55,23665,23662.95,100,23669.45,25,75,12091050
NIFTY-I.NFO,14/11/2024,09:37:56,23668.7,23662.2,50,23667.4,250,75,12091050
NIFTY-I.NFO,14/11/2024,09:37:58,23670,23665.8,150,23670,25,150,12091050
NIFTY-I.NFO,14/11/2024,09:38:00,23669.7,23665.75,50,23670,50,250,12091050
NIFTY-I.NFO,14/11/2024,09:38:01,23670,23665,50,23669.4,50,50,12091050
NIFTY-I.NFO,14/11/2024,09:38:03,23667.5,23665.6,50,23671.45,175,125,12091050
NIFTY-I.NFO,14/11/2024,09:38:05,23667.5,23665,50,23670.95,50,0,12091050
NIFTY-I.NFO,14/11/2024,09:38:06,23668.85,23665,150,23669.9,25,25,12091050
NIFTY-I.NFO,14/11/2024,09:38:08,23668.85,23665.55,150,23669.9,100,0,12091050
NIFTY-I.NFO,14/11/2024,09:38:10,23669,23665,50,23668.85,25,75,12091050
NIFTY-I.NFO,14/11/2024,09:38:11,23663.9,23661.5,25,23663.95,25,400,12091050
NIFTY-I.NFO,14/11/2024,09:38:13,23660,23660.05,200,23663.95,75,200,12091050
NIFTY-I.NFO,14/11/2024,09:38:15,23663.95,23660.85,150,23665,25,100,12091050
NIFTY-I.NFO,14/11/2024,09:38:16,23665,23660.95,250,23665.9,25,25,12091050
NIFTY-I.NFO,14/11/2024,09:38:18,23665.7,23660.95,150,23666.25,25,125,12091050
NIFTY-I.NFO,14/11/2024,09:38:20,23661.3,23661.85,150,23667.85,50,225,12091050
NIFTY-I.NFO,14/11/2024,09:38:21,23661.6,23661.5,150,23667.05,25,25,12091050
NIFTY-I.NFO,14/11/2024,09:38:23,23663.95,23664.6,150,23665.7,25,25,12091050
NIFTY-I.NFO,14/11/2024,09:38:25,23665.7,23664.8,50,23667.05,125,25,12091050
NIFTY-I.NFO,14/11/2024,09:38:26,23667.05,23667.05,125,23669,25,200,12091050
NIFTY-I.NFO,14/11/2024,09:38:28,23668.15,23667.7,150,23670,25,1175,12091050
NIFTY-I.NFO,14/11/2024,09:38:30,23667.7,23667.7,100,23670,25,25,12091050
NIFTY-I.NFO,14/11/2024,09:38:31,23667.7,23667.5,25,23671.05,50,175,12091050
NIFTY-I.NFO,14/11/2024,09:38:33,23667.7,23665.9,25,23671.3,50,75,12091050
NIFTY-I.NFO,14/11/2024,09:38:35,23664,23661.65,25,23667.75,50,325,12091050
NIFTY-I.NFO,14/11/2024,09:38:36,23671.95,23667,25,23671,50,25,12091050
NIFTY-I.NFO,14/11/2024,09:38:38,23668,23668.2,25,23668.7,1000,50,12091050
NIFTY-I.NFO,14/11/2024,09:38:40,23666.65,23666.35,250,23671,25,1100,12091050
NIFTY-I.NFO,14/11/2024,09:38:41,23666.65,23666.45,50,23671,25,0,12091050
NIFTY-I.NFO,14/11/2024,09:38:43,23668,23668,25,23671,25,50,12091050
NIFTY-I.NFO,14/11/2024,09:38:45,23667.35,23667.35,100,23668.8,25,250,12091050
NIFTY-I.NFO,14/11/2024,09:38:46,23666.1,23666,50,23671,50,125,12091050
NIFTY-I.NFO,14/11/2024,09:38:48,23669.05,23668.45,75,23671,25,50,12091050
NIFTY-I.NFO,14/11/2024,09:38:50,23668.95,23669.5,25,23671,25,50,12091050
NIFTY-I.NFO,14/11/2024,09:38:51,23671,23671,25,23672,50,25,12091050
NIFTY-I.NFO,14/11/2024,09:38:53,23672,23672,75,23673.85,25,75,12091050
NIFTY-I.NFO,14/11/2024,09:38:55,23672.05,23672.05,50,23674.25,25,125,12091050
NIFTY-I.NFO,14/11/2024,09:38:56,23671.25,23671.8,75,23675,475,50,12091050
NIFTY-I.NFO,14/11/2024,09:38:58,23668.55,23667.6,25,23673.3,100,325,12091050
NIFTY-I.NFO,14/11/2024,09:39:00,23667.4,23667.45,100,23670.05,50,150,12091050
NIFTY-I.NFO,14/11/2024,09:39:01,23666,23665,50,23666,25,325,12091050
NIFTY-I.NFO,14/11/2024,09:39:03,23668.55,23664,125,23668.95,50,150,12091050
NIFTY-I.NFO,14/11/2024,09:39:05,23670.65,23664,50,23669,50,125,12091050
NIFTY-I.NFO,14/11/2024,09:39:07,23665,23665,150,23670.4,100,100,12091050
NIFTY-I.NFO,14/11/2024,09:39:08,23665,23665,50,23669.85,75,250,12091050
NIFTY-I.NFO,14/11/2024,09:39:10,23667.4,23664,50,23665,25,175,12091050
NIFTY-I.NFO,14/11/2024,09:39:12,23665,23662.1,50,23668.35,100,250,12091050
NIFTY-I.NFO,14/11/2024,09:39:13,23668.65,23662.65,25,23668.5,50,250,12091050
NIFTY-I.NFO,14/11/2024,09:39:15,23668.2,23663.45,50,23667.05,25,225,12091050
NIFTY-I.NFO,14/11/2024,09:39:17,23665,23663.75,50,23669,25,375,12091050
NIFTY-I.NFO,14/11/2024,09:39:18,23662,23662,50,23667.65,100,275,12091050
NIFTY-I.NFO,14/11/2024,09:39:20,23668.55,23663.2,50,23668.2,75,275,12091050
NIFTY-I.NFO,14/11/2024,09:39:22,23668.2,23666.35,25,23668.2,50,50,12091050
NIFTY-I.NFO,14/11/2024,09:39:23,23672,23666.6,100,23672,225,100,12091050
NIFTY-I.NFO,14/11/2024,09:39:25,23667,23667.7,25,23672,225,75,12091050
NIFTY-I.NFO,14/11/2024,09:39:27,23672,23671.85,250,23675,525,275,12091050
NIFTY-I.NFO,14/11/2024,09:39:28,23669.65,23668.35,250,23674.05,150,25,12091050
NIFTY-I.NFO,14/11/2024,09:39:30,23671.15,23666.35,250,23671.9,100,75,12091050
NIFTY-I.NFO,14/11/2024,09:39:32,23666.7,23665.9,150,23672.5,150,175,12091050
NIFTY-I.NFO,14/11/2024,09:39:33,23666.9,23667,150,23673.95,75,175,12091050
NIFTY-I.NFO,14/11/2024,09:39:35,23670,23666.05,100,23670.65,25,1900,12091050
NIFTY-I.NFO,14/11/2024,09:39:37,23673.2,23666.65,50,23673,25,2175,12091050
NIFTY-I.NFO,14/11/2024,09:39:38,23666.6,23665.2,50,23671.45,50,50,12091050
NIFTY-I.NFO,14/11/2024,09:39:40,23666.2,23666,600,23671.4,50,150,12091050
NIFTY-I.NFO,14/11/2024,09:39:42,23671.8,23666,525,23671.5,50,150,12091050
NIFTY-I.NFO,14/11/2024,09:39:43,23670.9,23666,475,23670.25,50,125,12091050
NIFTY-I.NFO,14/11/2024,09:39:45,23666.55,23666.05,50,23670,25,100,12091050
NIFTY-I.NFO,14/11/2024,09:39:47,23670,23666,400,23671.85,50,600,12091050
NIFTY-I.NFO,14/11/2024,09:39:48,23666.1,23666,375,23671.2,25,575,12091050
NIFTY-I.NFO,14/11/2024,09:39:50,23666,23666,375,23671.95,100,25,12091050
NIFTY-I.NFO,14/11/2024,09:39:52,23666,23667.45,50,23673,50,0,12091050
NIFTY-I.NFO,14/11/2024,09:39:53,23666.7,23666.05,200,23667.05,25,50,12088925
NIFTY-I.NFO,14/11/2024,09:39:55,23664.3,23662.95,75,23669.3,200,1125,12088925
NIFTY-I.NFO,14/11/2024,09:39:56,23663.35,23666.2,100,23672,25,575,12088925
NIFTY-I.NFO,14/11/2024,09:39:58,23669.25,23668.3,50,23673,25,100,12088925
NIFTY-I.NFO,14/11/2024,09:40:00,23672.85,23666.2,100,23672.8,75,75,12088925
NIFTY-I.NFO,14/11/2024,09:40:01,23672.8,23665,25,23669.25,75,50,12088925
NIFTY-I.NFO,14/11/2024,09:40:03,23670.8,23665.9,50,23670.95,25,800,12088925
NIFTY-I.NFO,14/11/2024,09:40:05,23670.55,23665.5,50,23671.4,50,75,12088925
NIFTY-I.NFO,14/11/2024,09:40:06,23670.55,23666,50,23671.3,100,0,12088925
NIFTY-I.NFO,14/11/2024,09:40:08,23663.95,23663.7,100,23670.15,25,100,12088925
NIFTY-I.NFO,14/11/2024,09:40:10,23663.95,23663.7,200,23669,150,0,12088925
NIFTY-I.NFO,14/11/2024,09:40:11,23663.3,23663,25,23667.2,50,350,12088925
NIFTY-I.NFO,14/11/2024,09:40:13,23667.05,23663,50,23667.85,50,25,12088925
NIFTY-I.NFO,14/11/2024,09:40:15,23666.8,23663,50,23666.5,25,50,12088925
NIFTY-I.NFO,14/11/2024,09:40:16,23665.95,23663.05,1800,23666.35,25,100,12088925
NIFTY-I.NFO,14/11/2024,09:40:18,23666.35,23663.05,1800,23664.15,25,25,12088925
NIFTY-I.NFO,14/11/2024,09:40:20,23660.05,23660.05,400,23661.8,25,2600,12088925
NIFTY-I.NFO,14/11/2024,09:40:21,23661.2,23661.3,50,23665.9,75,50,12088925
NIFTY-I.NFO,14/11/2024,09:40:23,23661.6,23660.05,375,23664.45,25,250,12088925
NIFTY-I.NFO,14/11/2024,09:40:25,23660.05,23660.05,250,23664.15,25,200,12088925
NIFTY-I.NFO,14/11/2024,09:40:26,23661.45,23660.1,125,23660.95,50,250,12088925
NIFTY-I.NFO,14/11/2024,09:40:28,23662.45,23660.15,100,23663.4,25,900,12088925
NIFTY-I.NFO,14/11/2024,09:40:30,23660.3,23660.95,25,23664.95,125,50,12088925
NIFTY-I.NFO,14/11/2024,09:40:31,23660.95,23660.95,125,23665.2,25,50,12088925
NIFTY-I.NFO,14/11/2024,09:40:33,23660.95,23660.95,125,23661.25,25,0,12088925
NIFTY-I.NFO,14/11/2024,09:40:35,23660,23660,1250,23661.7,75,1125,12088925
NIFTY-I.NFO,14/11/2024,09:40:36,23659.6,23658.05,500,23659.65,375,2250,12088925
NIFTY-I.NFO,14/11/2024,09:40:38,23659.95,23658.05,375,23660,100,275,12088925
NIFTY-I.NFO,14/11/2024,09:40:40,23660,23658.05,300,23660,50,100,12088925
NIFTY-I.NFO,14/11/2024,09:40:41,23658.05,23658.05,225,23660.95,25,225,12088925
NIFTY-I.NFO,14/11/2024,09:40:43,23660,23658.1,75,23660,25,150,12088925
NIFTY-I.NFO,14/11/2024,09:40:45,23658.05,23658.05,100,23660,50,100,12088925
NIFTY-I.NFO,14/11/2024,09:40:46,23660.95,23659.15,175,23663,50,500,12088925
NIFTY-I.NFO,14/11/2024,09:40:48,23658.2,23658.15,50,23663,50,200,12088925
NIFTY-I.NFO,14/11/2024,09:40:50,23667.85,23661.9,50,23667.9,50,125,12088925
NIFTY-I.NFO,14/11/2024,09:40:51,23669.1,23663,25,23667.65,25,1550,12088925
NIFTY-I.NFO,14/11/2024,09:40:53,23669.45,23661.6,100,23663,25,1100,12088925
NIFTY-I.NFO,14/11/2024,09:40:55,23661,23659.05,25,23663,25,375,12088925
NIFTY-I.NFO,14/11/2024,09:40:56,23668.05,23660.9,125,23667,25,625,12088925
NIFTY-I.NFO,14/11/2024,09:40:58,23661,23661,1775,23664.85,25,50,12088925
NIFTY-I.NFO,14/11/2024,09:41:00,23661.95,23662.9,50,23669,50,150,12088925
NIFTY-I.NFO,14/11/2024,09:41:01,23668.6,23662.75,50,23668.6,25,700,12088925
NIFTY-I.NFO,14/11/2024,09:41:03,23668.6,23662.1,25,23667.9,50,25,12088925
NIFTY-I.NFO,14/11/2024,09:41:05,23663,23662.2,75,23667.35,150,50,12088925
NIFTY-I.NFO,14/11/2024,09:41:06,23669,23663.15,50,23666.2,150,525,12088925
NIFTY-I.NFO,14/11/2024,09:41:08,23663.95,23661,50,23663.95,125,1525,12088925
NIFTY-I.NFO,14/11/2024,09:41:10,23663.5,23665.2,200,23669.75,25,300,12088925
NIFTY-I.NFO,14/11/2024,09:41:11,23668.85,23666.7,725,23668.75,125,425,12088925
NIFTY-I.NFO,14/11/2024,09:41:13,23666.95,23666.95,725,23669.45,125,100,12088925
NIFTY-I.NFO,14/11/2024,09:41:15,23669.75,23669.5,750,23670,100,175,12088925
NIFTY-I.NFO,14/11/2024,09:41:16,23669.75,23669.75,25,23672,375,900,12088925
NIFTY-I.NFO,14/11/2024,09:41:18,23670,23670,1400,23670.25,150,375,12088925
NIFTY-I.NFO,14/11/2024,09:41:20,23672,23670.05,150,23672,175,525,12088925
NIFTY-I.NFO,14/11/2024,09:41:21,23674.9,23670.25,25,23674.95,50,375,12088925
NIFTY-I.NFO,14/11/2024,09:41:23,23674.45,23670.25,150,23674.45,400,125,12088925
NIFTY-I.NFO,14/11/2024,09:41:25,23675,23670.95,25,23675,725,25,12088925
NIFTY-I.NFO,14/11/2024,09:41:26,23674.55,23670.95,150,23674.65,225,250,12088925
NIFTY-I.NFO,14/11/2024,09:41:28,23672.45,23670.95,25,23671.55,25,150,12088925
NIFTY-I.NFO,14/11/2024,09:41:30,23671.55,23670.95,25,23672.95,200,200,12088925
NIFTY-I.NFO,14/11/2024,09:41:31,23668.9,23662.25,25,23667.4,175,1300,12088925
NIFTY-I.NFO,14/11/2024,09:41:33,23662.25,23662.2,500,23664.8,75,225,12088925
NIFTY-I.NFO,14/11/2024,09:41:35,23662.2,23662.2,375,23663.75,75,125,12088925
NIFTY-I.NFO,14/11/2024,09:41:36,23663.75,23663,25,23664.05,175,25,12088925
NIFTY-I.NFO,14/11/2024,09:41:38,23661.6,23661,50,23662.1,25,425,12088925
NIFTY-I.NFO,14/11/2024,09:41:40,23661,23661,25,23661.9,175,50,12088925
NIFTY-I.NFO,14/11/2024,09:41:41,23659.95,23658.05,1075,23660.15,25,125,12088925
NIFTY-I.NFO,14/11/2024,09:41:43,23659.95,23658.05,1075,23660.7,125,50,12088925
NIFTY-I.NFO,14/11/2024,09:41:45,23660.7,23658.05,1075,23659.3,150,175,12088925
NIFTY-I.NFO,14/11/2024,09:41:46,23643.95,23643.95,200,23645.15,25,42225,12088925
NIFTY-I.NFO,14/11/2024,09:41:46,23635,23643.95,200,23645.15,25,0,12088925
NIFTY-I.NFO,14/11/2024,09:41:48,23635,23634.7,575,23635,175,2050,12088925
NIFTY-I.NFO,14/11/2024,09:41:48,23634.7,23634.7,575,23635,175,0,12088925
NIFTY-I.NFO,14/11/2024,09:41:50,23628.95,23628.95,150,23635.15,50,3850,12088925
NIFTY-I.NFO,14/11/2024,09:41:50,23627.7,23628.95,150,23635.15,50,0,12088925
NIFTY-I.NFO,14/11/2024,09:41:51,23629.6,23625,4525,23628.15,50,2050,12088925
NIFTY-I.NFO,14/11/2024,09:41:51,23625,23625,4525,23628.15,50,0,12088925
NIFTY-I.NFO,14/11/2024,09:41:53,23624.95,23621.55,75,23624.95,25,5375,12088925
NIFTY-I.NFO,14/11/2024,09:41:53,23621.55,23621.55,75,23624.95,25,0,12088925
NIFTY-I.NFO,14/11/2024,09:41:55,23630,23622.3,150,23629.55,25,925,12088925
NIFTY-I.NFO,14/11/2024,09:41:56,23625.7,23621,150,23625.7,25,1325,12088925
NIFTY-I.NFO,14/11/2024,09:41:56,23621.1,23621,150,23625.7,25,0,12088925
NIFTY-I.NFO,14/11/2024,09:41:58,23621.15,23615,325,23620.55,175,7400,12088925
NIFTY-I.NFO,14/11/2024,09:41:58,23615.05,23615,325,23620.55,175,0,12088925
NIFTY-I.NFO,14/11/2024,09:42:00,23608,23606.55,50,23609.4,25,5500,12088925
NIFTY-I.NFO,14/11/2024,09:42:00,23608,23606.55,50,23609.4,25,0,12088925
NIFTY-I.NFO,14/11/2024,09:42:01,23605,23605,1150,23609.95,25,4050,12088925
NIFTY-I.NFO,14/11/2024,09:42:01,23605,23605,1150,23609.95,25,0,12088925
NIFTY-I.NFO,14/11/2024,09:42:03,23600,23600,7650,23600.2,50,7100,12088925
NIFTY-I.NFO,14/11/2024,09:42:03,23600,23600,7650,23600.2,50,0,12088925
NIFTY-I.NFO,14/11/2024,09:42:05,23604.65,23604.65,150,23605.45,25,3175,12088925
NIFTY-I.NFO,14/11/2024,09:42:06,23605.7,23605.7,500,23608.95,25,3950,12088925
NIFTY-I.NFO,14/11/2024,09:42:08,23610,23610,825,23611.05,25,2925,12088925
NIFTY-I.NFO,14/11/2024,09:42:10,23614.4,23607.1,200,23614,50,3525,12088925
NIFTY-I.NFO,14/11/2024,09:42:11,23615,23611.3,50,23615,200,2300,12088925
NIFTY-I.NFO,14/11/2024,09:42:13,23620,23615.3,25,23620,150,850,12088925
NIFTY-I.NFO,14/11/2024,09:42:15,23622.3,23622.3,1825,23622.9,50,1175,12088925
NIFTY-I.NFO,14/11/2024,09:42:16,23624.95,23622.3,1175,23624.9,50,825,12088925
NIFTY-I.NFO,14/11/2024,09:42:18,23623,23623,50,23624.95,100,2600,12088925
NIFTY-I.NFO,14/11/2024,09:42:20,23622.95,23616.75,200,23623.45,25,425,12088925
NIFTY-I.NFO,14/11/2024,09:42:21,23623.6,23624.9,25,23629,25,1725,12088925
NIFTY-I.NFO,14/11/2024,09:42:23,23632.75,23627.05,100,23633.15,50,625,12088925
NIFTY-I.NFO,14/11/2024,09:42:25,23626.35,23626.55,50,23632.25,50,700,12088925
NIFTY-I.NFO,14/11/2024,09:42:26,23626.9,23626.8,150,23629.95,25,525,12088925
NIFTY-I.NFO,14/11/2024,09:42:28,23629.95,23629.95,325,23633.15,150,1050,12088925
NIFTY-I.NFO,14/11/2024,09:42:30,23625.85,23626.05,200,23630,25,1650,12088925
NIFTY-I.NFO,14/11/2024,09:42:31,23629.95,23625.75,150,23629.95,550,250,12088925
NIFTY-I.NFO,14/11/2024,09:42:33,23629.85,23624.2,125,23629.85,25,300,12088925
NIFTY-I.NFO,14/11/2024,09:42:35,23629.95,23625.6,350,23629.95,500,425,12088925
NIFTY-I.NFO,14/11/2024,09:42:36,23632.85,23626.6,1000,23632.85,150,1250,12088925
NIFTY-I.NFO,14/11/2024,09:42:38,23630,23627.45,50,23633,3475,175,12088925
NIFTY-I.NFO,14/11/2024,09:42:40,23633,23628.1,50,23633,3500,225,12088925
NIFTY-I.NFO,14/11/2024,09:42:41,23627.1,23627.7,125,23633,3350,375,12088925
NIFTY-I.NFO,14/11/2024,09:42:43,23633,23630,1800,23632,1000,150,12088925
NIFTY-I.NFO,14/11/2024,09:42:45,23630.05,23632,50,23633,2375,2575,12088925
NIFTY-I.NFO,14/11/2024,09:42:46,23630,23630,1375,23633,1875,975,12088925
NIFTY-I.NFO,14/11/2024,09:42:48,23632.25,23631.1,50,23635,200,2050,12088925
NIFTY-I.NFO,14/11/2024,09:42:50,23630,23630.2,50,23635,200,325,12088925
NIFTY-I.NFO,14/11/2024,09:42:51,23634.95,23630.2,400,23634.4,25,275,12088925
NIFTY-I.NFO,14/11/2024,09:42:53,23631.1,23631.1,75,23634.2,100,150,12086175
NIFTY-I.NFO,14/11/2024,09:42:55,23635,23631.15,100,23636,25,150,12086175
NIFTY-I.NFO,14/11/2024,09:42:56,23634.95,23634.95,175,23637.3,125,225,12086175
NIFTY-I.NFO,14/11/2024,09:42:58,23635.15,23636.85,25,23640,125,500,12086175
NIFTY-I.NFO,14/11/2024,09:42:59,23638.5,23638.45,75,23642.95,200,275,12086175
NIFTY-I.NFO,14/11/2024,09:43:01,23642.1,23640,25,23643.3,200,700,12086175
NIFTY-I.NFO,14/11/2024,09:43:03,23637.35,23636.9,50,23642.8,175,525,12086175
NIFTY-I.NFO,14/11/2024,09:43:04,23644.6,23640.1,500,23643.7,250,1000,12086175
NIFTY-I.NFO,14/11/2024,09:43:06,23648,23642.8,200,23648,125,325,12086175
NIFTY-I.NFO,14/11/2024,09:43:08,23643.45,23640.1,450,23644.05,75,325,12086175
NIFTY-I.NFO,14/11/2024,09:43:09,23642.55,23640.1,425,23642.55,100,150,12086175
NIFTY-I.NFO,14/11/2024,09:43:11,23640.3,23635.15,225,23639,150,600,12086175
NIFTY-I.NFO,14/11/2024,09:43:13,23636.5,23635.2,25,23637,350,150,12086175
NIFTY-I.NFO,14/11/2024,09:43:14,23638.45,23635.25,25,23638.45,375,100,12086175
NIFTY-I.NFO,14/11/2024,09:43:16,23638.45,23635.15,200,23638.45,75,250,12086175
NIFTY-I.NFO,14/11/2024,09:43:18,23638,23635.15,75,23637.05,450,250,12086175
NIFTY-I.NFO,14/11/2024,09:43:19,23635.35,23635.25,50,23638.45,50,150,12086175
NIFTY-I.NFO,14/11/2024,09:43:21,23642.1,23636.85,200,23642.55,25,225,12086175
NIFTY-I.NFO,14/11/2024,09:43:23,23642.8,23639.6,25,23642.8,325,200,12086175
NIFTY-I.NFO,14/11/2024,09:43:25,23642.8,23641.8,100,23645,200,850,12086175
NIFTY-I.NFO,14/11/2024,09:43:26,23645,23641.45,75,23645,50,1000,12086175
NIFTY-I.NFO,14/11/2024,09:43:28,23647.95,23643.9,25,23648,900,275,12086175
NIFTY-I.NFO,14/11/2024,09:43:30,23645.9,23646,50,23648,825,125,12086175
NIFTY-I.NFO,14/11/2024,09:43:31,23645.05,23645,25,23647.9,150,100,12086175
NIFTY-I.NFO,14/11/2024,09:43:33,23648.9,23648.05,100,23649,125,900,12086175
NIFTY-I.NFO,14/11/2024,09:43:35,23646,23645,500,23647.4,150,150,12086175
NIFTY-I.NFO,14/11/2024,09:43:36,23645,23645,100,23646.95,50,475,12086175
NIFTY-I.NFO,14/11/2024,09:43:38,23649,23645,125,23649.2,200,400,12086175
NIFTY-I.NFO,14/11/2024,09:43:40,23648,23645,100,23646,25,100,12086175
NIFTY-I.NFO,14/11/2024,09:43:41,23645,23645,25,23646.6,25,100,12086175
NIFTY-I.NFO,14/11/2024,09:43:43,23641.2,23640,175,23644.85,150,225,12086175
NIFTY-I.NFO,14/11/2024,09:43:45,23644.95,23640,100,23644.85,150,200,12086175
NIFTY-I.NFO,14/11/2024,09:43:46,23644.95,23639.1,75,23645,300,325,12086175
NIFTY-I.NFO,14/11/2024,09:43:48,23645,23638.85,75,23644.45,150,25,12086175
NIFTY-I.NFO,14/11/2024,09:43:50,23640.2,23640.2,50,23644.95,25,100,12086175
NIFTY-I.NFO,14/11/2024,09:43:51,23640.2,23640.95,50,23645,625,200,12086175
NIFTY-I.NFO,14/11/2024,09:43:53,23640.8,23640.8,25,23644.95,225,50,12086175
NIFTY-I.NFO,14/11/2024,09:43:55,23646.6,23644.55,100,23649.45,225,550,12086175
NIFTY-I.NFO,14/11/2024,09:43:56,23648.5,23643.55,250,23648.1,25,250,12086175
NIFTY-I.NFO,14/11/2024,09:43:58,23649.9,23647.1,200,23649,50,75,12086175
NIFTY-I.NFO,14/11/2024,09:43:59,23649.25,23648.45,175,23650,25,1100,12086175
NIFTY-I.NFO,14/11/2024,09:44:01,23657.65,23652.6,75,23657.6,150,1025,12086175
NIFTY-I.NFO,14/11/2024,09:44:03,23654.2,23654.25,200,23658,175,225,12086175
NIFTY-I.NFO,14/11/2024,09:44:04,23659.1,23654.2,75,23657.25,250,525,12086175
NIFTY-I.NFO,14/11/2024,09:44:06,23658.65,23654.9,175,23659.9,25,450,12086175
NIFTY-I.NFO,14/11/2024,09:44:08,23662,23656.15,100,23662,175,1000,12086175
NIFTY-I.NFO,14/11/2024,09:44:09,23660,23655.95,75,23660.4,175,200,12086175
NIFTY-I.NFO,14/11/2024,09:44:11,23661,23657.1,50,23659.1,25,800,12086175
NIFTY-I.NFO,14/11/2024,09:44:13,23659.8,23660.6,25,23664.2,150,375,12086175
NIFTY-I.NFO,14/11/2024,09:44:14,23657.2,23656.4,50,23662.4,50,375,12086175
NIFTY-I.NFO,14/11/2024,09:44:16,23656.35,23656.35,100,23658,250,125,12086175
NIFTY-I.NFO,14/11/2024,09:44:18,23655,23651.85,150,23656.35,25,850,12086175
NIFTY-I.NFO,14/11/2024,09:44:19,23653.4,23651.9,100,23653.75,25,75,12086175
NIFTY-I.NFO,14/11/2024,09:44:23,23651.8,23650,225,23652.05,350,475,12086175
NIFTY-I.NFO,14/11/2024,09:44:24,23650,23647.15,50,23650,200,1475,12086175
NIFTY-I.NFO,14/11/2024,09:44:26,23646.65,23646.65,25,23650,375,75,12086175
NIFTY-I.NFO,14/11/2024,09:44:28,23646.65,23646.6,25,23647.5,25,150,12086175
NIFTY-I.NFO,14/11/2024,09:44:29,23645,23644.55,150,23649.3,50,75,12086175
NIFTY-I.NFO,14/11/2024,09:44:31,23650,23644.95,200,23650,300,400,12086175
NIFTY-I.NFO,14/11/2024,09:44:33,23647.6,23647.35,75,23650,75,200,12086175
NIFTY-I.NFO,14/11/2024,09:44:34,23650,23647.75,50,23650,50,200,12086175
NIFTY-I.NFO,14/11/2024,09:44:36,23650.1,23650.55,25,23653.4,25,150,12086175
NIFTY-I.NFO,14/11/2024,09:44:38,23650.1,23650,450,23653.4,25,500,12086175
NIFTY-I.NFO,14/11/2024,09:44:39,23657.55,23651.3,50,23656.95,150,525,12086175
NIFTY-I.NFO,14/11/2024,09:44:41,23651.25,23651.15,100,23657.3,50,125,12086175
NIFTY-I.NFO,14/11/2024,09:44:43,23651.25,23651.6,50,23657,25,0,12086175
NIFTY-I.NFO,14/11/2024,09:44:44,23652.2,23652.45,25,23656.95,25,175,12086175
NIFTY-I.NFO,14/11/2024,09:44:46,23657.25,23653.15,50,23659,25,700,12086175
NIFTY-I.NFO,14/11/2024,09:44:48,23653,23653.95,50,23658,25,200,12086175
NIFTY-I.NFO,14/11/2024,09:44:49,23655,23653.1,50,23658.75,150,375,12086175
NIFTY-I.NFO,14/11/2024,09:44:51,23659.95,23653.1,100,23659.05,150,1175,12086175
NIFTY-I.NFO,14/11/2024,09:44:53,23652.35,23652.2,50,23657.75,50,1575,12086175
NIFTY-I.NFO,14/11/2024,09:44:54,23653.85,23653.8,125,23659.8,200,125,12086175
NIFTY-I.NFO,14/11/2024,09:44:56,23652.35,23652.25,50,23658.7,500,250,12086175
NIFTY-I.NFO,14/11/2024,09:44:58,23655,23653.8,100,23659,50,325,12086175
NIFTY-I.NFO,14/11/2024,09:44:59,23652.3,23652.15,100,23656.3,250,1725,12086175
NIFTY-I.NFO,14/11/2024,09:45:01,23653,23652.45,200,23658.85,200,1975,12086175
NIFTY-I.NFO,14/11/2024,09:45:03,23657.95,23655.05,50,23659,25,50,12086175
NIFTY-I.NFO,14/11/2024,09:45:04,23659,23655.15,50,23660,625,100,12086175
NIFTY-I.NFO,14/11/2024,09:45:06,23658.2,23655.1,225,23659.4,50,450,12086175
NIFTY-I.NFO,14/11/2024,09:45:08,23658.05,23655.1,175,23659.7,25,1625,12086175
NIFTY-I.NFO,14/11/2024,09:45:09,23656,23655.1,100,23656,50,150,12086175
NIFTY-I.NFO,14/11/2024,09:45:11,23656,23652.75,250,23657.3,50,225,12086175
NIFTY-I.NFO,14/11/2024,09:45:13,23654.8,23652.75,250,23656.65,25,1850,12086175
NIFTY-I.NFO,14/11/2024,09:45:14,23652.75,23652.75,200,23657.15,175,1300,12086175
NIFTY-I.NFO,14/11/2024,09:45:16,23650.35,23652.15,50,23657.55,200,1025,12086175
NIFTY-I.NFO,14/11/2024,09:45:18,23651.65,23652.3,125,23658.45,225,600,12086175
NIFTY-I.NFO,14/11/2024,09:45:19,23657.45,23651.8,50,23657.8,175,50,12086175
NIFTY-I.NFO,14/11/2024,09:45:21,23650.45,23650.85,50,23656.55,25,225,12086175
NIFTY-I.NFO,14/11/2024,09:45:23,23650,23650,525,23652.25,50,100,12086175
NIFTY-I.NFO,14/11/2024,09:45:24,23650,23650,475,23652,175,275,12086175
NIFTY-I.NFO,14/11/2024,09:45:26,23653.95,23648.55,50,23654.55,225,1625,12086175
NIFTY-I.NFO,14/11/2024,09:45:28,23650,23650,125,23654.7,25,2550,12086175
NIFTY-I.NFO,14/11/2024,09:45:29,23653.35,23653.3,50,23659.95,150,4125,12086175
NIFTY-I.NFO,14/11/2024,09:45:31,23654.4,23654.3,50,23660.7,25,300,12086175
NIFTY-I.NFO,14/11/2024,09:45:33,23656.7,23656.6,50,23661.8,25,150,12086175
NIFTY-I.NFO,14/11/2024,09:45:34,23661.6,23655.55,200,23661.75,275,700,12086175
NIFTY-I.NFO,14/11/2024,09:45:36,23655,23654.85,50,23661.15,150,675,12086175
NIFTY-I.NFO,14/11/2024,09:45:38,23657,23652.7,100,23658.25,150,50,12086175
NIFTY-I.NFO,14/11/2024,09:45:39,23655.85,23655.95,50,23661.75,50,75,12086175
NIFTY-I.NFO,14/11/2024,09:45:41,23653.85,23655.6,175,23662.15,250,450,12086175
NIFTY-I.NFO,14/11/2024,09:45:43,23660,23655.35,175,23662.15,150,50,12086175
NIFTY-I.NFO,14/11/2024,09:45:44,23655.5,23655.6,175,23660,700,750,12086175
NIFTY-I.NFO,14/11/2024,09:45:46,23653.05,23652.7,100,23656.7,50,525,12086175
NIFTY-I.NFO,14/11/2024,09:45:48,23653.5,23652.1,75,23658.95,50,825,12086175
NIFTY-I.NFO,14/11/2024,09:45:49,23654.45,23657,50,23659.9,50,100,12086175
NIFTY-I.NFO,14/11/2024,09:45:51,23657,23656.25,250,23660,425,300,12086175
NIFTY-I.NFO,14/11/2024,09:45:53,23656.7,23653.5,100,23658.7,25,50,12082550
NIFTY-I.NFO,14/11/2024,09:45:54,23653.5,23652,100,23653.5,800,100,12082550
NIFTY-I.NFO,14/11/2024,09:45:56,23655.1,23653.5,100,23658.45,50,825,12082550
NIFTY-I.NFO,14/11/2024,09:45:58,23658.7,23652.5,100,23657.8,50,1050,12082550
NIFTY-I.NFO,14/11/2024,09:45:59,23656.75,23650.25,250,23652,200,25,12082550
NIFTY-I.NFO,14/11/2024,09:46:01,23650.1,23650.1,25,23650.45,50,50,12082550
NIFTY-I.NFO,14/11/2024,09:46:03,23650,23650,900,23650.45,25,75,12082550
NIFTY-I.NFO,14/11/2024,09:46:04,23650.45,23650,850,23652,175,75,12082550
NIFTY-I.NFO,14/11/2024,09:46:06,23650,23650,825,23651.65,50,75,12082550
NIFTY-I.NFO,14/11/2024,09:46:08,23645,23645,325,23649.95,200,1775,12082550
NIFTY-I.NFO,14/11/2024,09:46:09,23644,23642.75,150,23649.3,200,475,12082550
NIFTY-I.NFO,14/11/2024,09:46:11,23641.55,23641.4,200,23647.6,175,675,12082550
NIFTY-I.NFO,14/11/2024,09:46:13,23645.4,23645.8,150,23650.25,25,75,12082550
NIFTY-I.NFO,14/11/2024,09:46:14,23643.1,23643.75,250,23649.75,50,175,12082550
NIFTY-I.NFO,14/11/2024,09:46:16,23645,23646.25,175,23650.25,25,125,12082550
NIFTY-I.NFO,14/11/2024,09:46:18,23650.25,23650.25,950,23652,150,250,12082550
NIFTY-I.NFO,14/11/2024,09:46:19,23650.25,23650.25,700,23655,25,425,12082550
NIFTY-I.NFO,14/11/2024,09:46:21,23657.65,23651.05,200,23657.4,150,775,12082550
NIFTY-I.NFO,14/11/2024,09:46:23,23658.7,23654.9,75,23659.75,300,150,12082550
NIFTY-I.NFO,14/11/2024,09:46:24,23654.9,23654.9,25,23659.8,300,50,12082550
NIFTY-I.NFO,14/11/2024,09:46:26,23660,23657.4,100,23660,600,2750,12082550
NIFTY-I.NFO,14/11/2024,09:46:28,23660,23657.4,100,23660,700,25,12082550
NIFTY-I.NFO,14/11/2024,09:46:29,23654.85,23654.85,1250,23658.7,25,350,12082550
NIFTY-I.NFO,14/11/2024,09:46:31,23658.7,23656.25,175,23660,600,25,12082550
NIFTY-I.NFO,14/11/2024,09:46:33,23657.4,23655.95,75,23660,675,150,12082550
NIFTY-I.NFO,14/11/2024,09:46:34,23660,23655.8,50,23660,500,75,12082550
NIFTY-I.NFO,14/11/2024,09:46:36,23660,23659,75,23660,25,550,12082550
NIFTY-I.NFO,14/11/2024,09:46:38,23672.15,23672,25,23674.05,400,1475,12082550
NIFTY-I.NFO,14/11/2024,09:46:39,23674.8,23672.8,200,23674.8,150,125,12082550
NIFTY-I.NFO,14/11/2024,09:46:41,23674.8,23673.25,150,23674.9,25,625,12082550
NIFTY-I.NFO,14/11/2024,09:46:43,23673.3,23673.3,125,23674.95,25,225,12082550
NIFTY-I.NFO,14/11/2024,09:46:44,23670.3,23671.05,25,23674.8,125,1700,12082550
NIFTY-I.NFO,14/11/2024,09:46:46,23675,23670.75,250,23672.05,250,1600,12082550
NIFTY-I.NFO,14/11/2024,09:46:48,23676.55,23674.75,25,23676.5,125,500,12082550
NIFTY-I.NFO,14/11/2024,09:46:49,23676.5,23672.1,100,23676.4,150,275,12082550
NIFTY-I.NFO,14/11/2024,09:46:51,23670.1,23670,150,23673.3,100,225,12082550
NIFTY-I.NFO,14/11/2024,09:46:53,23672.95,23670,150,23673,25,325,12082550
NIFTY-I.NFO,14/11/2024,09:46:54,23674.75,23670,200,23675.15,50,300,12082550
NIFTY-I.NFO,14/11/2024,09:46:56,23671.8,23666.6,50,23670.1,25,275,12082550
NIFTY-I.NFO,14/11/2024,09:46:58,23667.6,23667.55,25,23673.85,200,350,12082550
NIFTY-I.NFO,14/11/2024,09:46:59,23673.85,23668.9,50,23670,200,1225,12082550
NIFTY-I.NFO,14/11/2024,09:47:01,23669.9,23664.25,50,23670,175,200,12082550
NIFTY-I.NFO,14/11/2024,09:47:03,23672.95,23667.05,25,23673.4,750,200,12082550
NIFTY-I.NFO,14/11/2024,09:47:04,23673.4,23669.95,25,23672.25,25,25,12082550
NIFTY-I.NFO,14/11/2024,09:47:06,23672.2,23670,50,23672.25,850,75,12082550
NIFTY-I.NFO,14/11/2024,09:47:08,23666.2,23667.9,50,23673.95,200,1125,12082550
NIFTY-I.NFO,14/11/2024,09:47:09,23670,23666.1,400,23670,25,350,12082550
NIFTY-I.NFO,14/11/2024,09:47:11,23669.95,23667.25,100,23669.95,225,25,12082550
NIFTY-I.NFO,14/11/2024,09:47:13,23673.5,23667.55,25,23673.5,75,525,12082550
NIFTY-I.NFO,14/11/2024,09:47:14,23673.1,23667.05,25,23673.05,50,100,12082550
NIFTY-I.NFO,14/11/2024,09:47:16,23672,23666.6,150,23671.95,300,550,12082550
NIFTY-I.NFO,14/11/2024,09:47:18,23670,23668.75,25,23670,725,275,12082550
NIFTY-I.NFO,14/11/2024,09:47:19,23673,23671.95,975,23673,75,800,12082550
NIFTY-I.NFO,14/11/2024,09:47:21,23675,23671.95,925,23675,200,150,12082550
NIFTY-I.NFO,14/11/2024,09:47:23,23677.95,23672.35,50,23677.95,200,400,12082550
NIFTY-I.NFO,14/11/2024,09:47:24,23676.25,23675.1,25,23678,2200,475,12082550
NIFTY-I.NFO,14/11/2024,09:47:26,23677.3,23675,900,23677.3,675,375,12082550
NIFTY-I.NFO,14/11/2024,09:47:28,23676.35,23670.55,50,23676.35,725,1125,12082550
NIFTY-I.NFO,14/11/2024,09:47:29,23677.55,23671.65,200,23677.9,50,750,12082550
NIFTY-I.NFO,14/11/2024,09:47:31,23676.3,23670.95,50,23677.4,200,1375,12082550
NIFTY-I.NFO,14/11/2024,09:47:33,23677.05,23670.6,100,23676.35,725,200,12082550
NIFTY-I.NFO,14/11/2024,09:47:34,23671.7,23671.7,25,23677.2,25,50,12082550
NIFTY-I.NFO,14/11/2024,09:47:36,23674.95,23674.7,75,23680,2175,2350,12082550
NIFTY-I.NFO,14/11/2024,09:47:38,23678,23675.3,100,23677,25,150,12082550
NIFTY-I.NFO,14/11/2024,09:47:39,23677,23671.6,200,23677.7,625,1150,12082550
NIFTY-I.NFO,14/11/2024,09:47:41,23677,23672.65,100,23678.45,25,50,12082550
NIFTY-I.NFO,14/11/2024,09:47:43,23675,23671.3,100,23675,1725,250,12082550
NIFTY-I.NFO,14/11/2024,09:47:44,23676.9,23670.75,100,23676.15,400,2050,12082550
NIFTY-I.NFO,14/11/2024,09:47:46,23675.3,23670.5,200,23676.3,375,2625,12082550
NIFTY-I.NFO,14/11/2024,09:47:48,23675,23674.4,250,23675.75,375,100,12082550
NIFTY-I.NFO,14/11/2024,09:47:49,23670.05,23670.85,50,23675.95,25,275,12082550
NIFTY-I.NFO,14/11/2024,09:47:51,23675.95,23672.4,200,23675.95,125,100,12082550
NIFTY-I.NFO,14/11/2024,09:47:53,23675.1,23670.25,50,23676.45,75,400,12082550
NIFTY-I.NFO,14/11/2024,09:47:55,23675.35,23670.15,100,23674.7,375,1950,12082550
NIFTY-I.NFO,14/11/2024,09:47:56,23674.7,23670.65,50,23674.7,75,200,12082550
NIFTY-I.NFO,14/11/2024,09:47:58,23675,23670.15,75,23675,25,300,12082550
NIFTY-I.NFO,14/11/2024,09:48:00,23670.15,23670.1,1775,23673.45,350,25,12082550
NIFTY-I.NFO,14/11/2024,09:48:01,23674.35,23671,200,23672.2,350,200,12082550
NIFTY-I.NFO,14/11/2024,09:48:03,23675,23675,4725,23675.3,25,850,12082550
NIFTY-I.NFO,14/11/2024,09:48:05,23675,23675,4250,23675.3,25,650,12082550
NIFTY-I.NFO,14/11/2024,09:48:06,23671,23671,100,23674.05,50,5525,12082550
NIFTY-I.NFO,14/11/2024,09:48:08,23671,23671,100,23673.45,25,175,12082550
NIFTY-I.NFO,14/11/2024,09:48:10,23671,23671,100,23673.45,100,25,12082550
NIFTY-I.NFO,14/11/2024,09:48:11,23673.45,23671,50,23673.45,50,2000,12082550
NIFTY-I.NFO,14/11/2024,09:48:13,23673.45,23671,50,23672,25,0,12082550
NIFTY-I.NFO,14/11/2024,09:48:15,23676,23676,4175,23676.2,100,5825,12082550
NIFTY-I.NFO,14/11/2024,09:48:16,23675.95,23673.45,875,23677.55,125,4500,12082550
NIFTY-I.NFO,14/11/2024,09:48:18,23674.4,23674.4,25,23677.7,50,50,12082550
NIFTY-I.NFO,14/11/2024,09:48:20,23673.45,23673.45,850,23676.35,250,150,12082550
NIFTY-I.NFO,14/11/2024,09:48:21,23672.1,23672,50,23672.65,250,925,12082550
NIFTY-I.NFO,14/11/2024,09:48:23,23671,23671,25,23674.15,50,800,12082550
NIFTY-I.NFO,14/11/2024,09:48:25,23674.4,23671,25,23674.4,50,150,12082550
NIFTY-I.NFO,14/11/2024,09:48:26,23670.3,23670.3,1450,23673.2,300,125,12082550
NIFTY-I.NFO,14/11/2024,09:48:28,23670.25,23666.85,450,23670.35,25,1875,12082550
NIFTY-I.NFO,14/11/2024,09:48:30,23669.6,23666.65,50,23672.2,375,100,12082550
NIFTY-I.NFO,14/11/2024,09:48:31,23670,23667,400,23670,25,50,12082550
NIFTY-I.NFO,14/11/2024,09:48:33,23670,23667,400,23671.95,75,25,12082550
NIFTY-I.NFO,14/11/2024,09:48:35,23666,23666,475,23669,250,375,12082550
NIFTY-I.NFO,14/11/2024,09:48:36,23666,23666,425,23669,175,175,12082550
NIFTY-I.NFO,14/11/2024,09:48:38,23669,23666.15,200,23669,150,25,12082550
NIFTY-I.NFO,14/11/2024,09:48:40,23669,23666.65,200,23669,125,50,12082550
NIFTY-I.NFO,14/11/2024,09:48:41,23670,23668.85,375,23674.2,50,150,12082550
NIFTY-I.NFO,14/11/2024,09:48:43,23669.65,23669.35,200,23674.4,25,50,12082550
NIFTY-I.NFO,14/11/2024,09:48:45,23671.7,23671.8,200,23675,250,175,12082550
NIFTY-I.NFO,14/11/2024,09:48:46,23672.25,23671.8,275,23675,250,100,12082550
NIFTY-I.NFO,14/11/2024,09:48:48,23670.55,23670.3,350,23675,250,50,12082550
NIFTY-I.NFO,14/11/2024,09:48:50,23671.7,23666.6,200,23670,75,125,12082550
NIFTY-I.NFO,14/11/2024,09:48:51,23670,23667.65,300,23670.7,25,75,12082550
NIFTY-I.NFO,14/11/2024,09:48:53,23670,23667.65,300,23668.75,25,0,12082550
NIFTY-I.NFO,14/11/2024,09:48:55,23667.35,23666,275,23667.45,25,650,12083275
NIFTY-I.NFO,14/11/2024,09:48:56,23666.05,23665,350,23666.05,225,400,12083275
NIFTY-I.NFO,14/11/2024,09:48:58,23664,23661,200,23663.1,125,650,12083275
NIFTY-I.NFO,14/11/2024,09:49:00,23660.15,23660.15,100,23663.45,250,1050,12083275
NIFTY-I.NFO,14/11/2024,09:49:01,23660.05,23660,700,23660.05,250,525,12083275
NIFTY-I.NFO,14/11/2024,09:49:03,23656.25,23656.25,275,23660.55,75,1175,12083275
NIFTY-I.NFO,14/11/2024,09:49:05,23660,23657.2,50,23660.05,75,25,12083275
NIFTY-I.NFO,14/11/2024,09:49:06,23660.15,23657.75,50,23662.55,25,75,12083275
NIFTY-I.NFO,14/11/2024,09:49:08,23660.05,23660.05,50,23662.55,25,50,12083275
NIFTY-I.NFO,14/11/2024,09:49:10,23660.05,23659.95,50,23664.7,25,75,12083275
NIFTY-I.NFO,14/11/2024,09:49:11,23659.95,23659.2,275,23662.55,50,75,12083275
NIFTY-I.NFO,14/11/2024,09:49:13,23659.95,23658.6,25,23660.15,25,0,12083275
NIFTY-I.NFO,14/11/2024,09:49:15,23658.6,23657.25,125,23660,75,100,12083275
NIFTY-I.NFO,14/11/2024,09:49:16,23659.95,23657.2,25,23660,75,625,12083275
NIFTY-I.NFO,14/11/2024,09:49:18,23665,23660,325,23664.8,25,225,12083275
NIFTY-I.NFO,14/11/2024,09:49:20,23660,23660,75,23663.85,200,450,12083275
NIFTY-I.NFO,14/11/2024,09:49:21,23664.4,23660.05,50,23664.95,100,25,12083275
NIFTY-I.NFO,14/11/2024,09:49:23,23661.75,23661.75,275,23666.35,200,125,12083275
NIFTY-I.NFO,14/11/2024,09:49:25,23661.75,23661.75,225,23665.65,175,75,12083275
NIFTY-I.NFO,14/11/2024,09:49:26,23666,23661.75,225,23666,50,225,12083275
NIFTY-I.NFO,14/11/2024,09:49:28,23661,23661,1750,23663.7,150,150,12083275
NIFTY-I.NFO,14/11/2024,09:49:30,23663.65,23661.75,75,23663.2,425,625,12083275
NIFTY-I.NFO,14/11/2024,09:49:31,23660.5,23660.05,75,23660.95,125,1975,12083275
NIFTY-I.NFO,14/11/2024,09:49:33,23661,23661,50,23661.4,25,1300,12083275
NIFTY-I.NFO,14/11/2024,09:49:35,23660.7,23660,2075,23660.4,25,200,12083275
NIFTY-I.NFO,14/11/2024,09:49:36,23660,23660,1950,23661.35,25,225,12083275
NIFTY-I.NFO,14/11/2024,09:49:38,23655.3,23655.3,275,23657.55,75,2225,12083275
NIFTY-I.NFO,14/11/2024,09:49:40,23656.4,23655.65,125,23659,75,75,12083275
NIFTY-I.NFO,14/11/2024,09:49:41,23657.75,23655.3,225,23657.75,75,75,12083275
NIFTY-I.NFO,14/11/2024,09:49:43,23655.3,23655.3,300,23657.75,25,75,12083275
NIFTY-I.NFO,14/11/2024,09:49:45,23657.45,23657.65,125,23660,25,200,12083275
NIFTY-I.NFO,14/11/2024,09:49:46,23664.05,23659.75,50,23664.5,25,750,12083275
NIFTY-I.NFO,14/11/2024,09:49:48,23664.05,23659.7,200,23664.75,25,0,12083275
NIFTY-I.NFO,14/11/2024,09:49:50,23664.9,23659.7,200,23664.85,25,50,12083275
NIFTY-I.NFO,14/11/2024,09:49:51,23665.95,23662.5,50,23666.95,25,50,12083275
NIFTY-I.NFO,14/11/2024,09:49:55,23668.45,23668.6,25,23670,200,350,12083275
NIFTY-I.NFO,14/11/2024,09:49:56,23668.45,23668.45,150,23669.05,650,150,12083275
NIFTY-I.NFO,14/11/2024,09:49:58,23666.1,23666.1,25,23666.5,625,225,12083275
NIFTY-I.NFO,14/11/2024,09:50:00,23662.9,23660,1025,23660.85,25,450,12083275
NIFTY-I.NFO,14/11/2024,09:50:01,23659.7,23657.75,25,23659.95,50,1375,12083275
NIFTY-I.NFO,14/11/2024,09:50:03,23661,23657.45,150,23660.6,25,225,12083275
NIFTY-I.NFO,14/11/2024,09:50:05,23661,23657.45,275,23659.45,50,0,12083275
NIFTY-I.NFO,14/11/2024,09:50:06,23657.45,23657.45,75,23658.05,250,500,12083275
NIFTY-I.NFO,14/11/2024,09:50:08,23659.2,23657.45,175,23660.35,25,25,12083275
NIFTY-I.NFO,14/11/2024,09:50:10,23660,23660,950,23660.55,25,175,12083275
NIFTY-I.NFO,14/11/2024,09:50:11,23657.45,23655.55,50,23657.45,50,1250,12083275
NIFTY-I.NFO,14/11/2024,09:50:13,23658.45,23655.6,125,23658.45,50,175,12083275
NIFTY-I.NFO,14/11/2024,09:50:15,23655.3,23655.3,1825,23657.5,25,300,12083275
NIFTY-I.NFO,14/11/2024,09:50:16,23655.3,23655.55,25,23657.45,25,100,12083275
NIFTY-I.NFO,14/11/2024,09:50:18,23657.45,23655.6,50,23657.45,25,125,12083275
NIFTY-I.NFO,14/11/2024,09:50:20,23655.6,23655.3,1650,23656.8,25,50,12083275
NIFTY-I.NFO,14/11/2024,09:50:21,23656.65,23655.3,1625,23657.45,25,1050,12083275
NIFTY-I.NFO,14/11/2024,09:50:23,23655.55,23655.3,1600,23657.3,25,50,12083275
NIFTY-I.NFO,14/11/2024,09:50:25,23653.95,23652.65,125,23656.45,25,3425,12083275
NIFTY-I.NFO,14/11/2024,09:50:26,23656.65,23653.6,50,23659.3,250,1525,12083275
NIFTY-I.NFO,14/11/2024,09:50:28,23660.15,23654.3,50,23659.55,25,400,12083275
NIFTY-I.NFO,14/11/2024,09:50:30,23659.3,23655.8,500,23660.05,250,50,12083275
NIFTY-I.NFO,14/11/2024,09:50:31,23653.7,23654.65,50,23660.05,250,650,12083275
NIFTY-I.NFO,14/11/2024,09:50:33,23656.75,23656.85,25,23660,75,50,12083275
NIFTY-I.NFO,14/11/2024,09:50:35,23660,23660,275,23662.15,625,750,12083275
NIFTY-I.NFO,14/11/2024,09:50:36,23660,23660,1425,23663.45,25,125,12083275
NIFTY-I.NFO,14/11/2024,09:50:38,23665.35,23660,1400,23664.9,25,100,12083275
NIFTY-I.NFO,14/11/2024,09:50:40,23660.5,23660.5,25,23665.85,50,75,12083275
NIFTY-I.NFO,14/11/2024,09:50:41,23664.55,23660,1125,23664.3,225,300,12083275
NIFTY-I.NFO,14/11/2024,09:50:43,23661.05,23661.1,25,23667.05,25,325,12083275
NIFTY-I.NFO,14/11/2024,09:50:45,23660.05,23656.8,25,23661.05,25,75,12083275
NIFTY-I.NFO,14/11/2024,09:50:46,23662.25,23657.15,25,23663.15,125,100,12083275
NIFTY-I.NFO,14/11/2024,09:50:48,23656.75,23656.7,25,23660,1350,25,12083275
NIFTY-I.NFO,14/11/2024,09:50:50,23660,23657,300,23659.9,250,25,12083275
