Ticker,Date,Time,LTP,BuyPrice,BuyQty,SellPrice,SellQty,LTQ,OpenInterest
NIFTY-II.NFO,14/11/2024,09:15:00,23800,23808.6,100,23834.45,125,150,0
NIFTY-II.NFO,14/11/2024,09:15:00,23800,23808.6,100,23834.45,125,0,0
NIFTY-II.NFO,14/11/2024,09:15:00,23800,23808.6,100,23834.45,125,0,0
NIFTY-II.NFO,14/11/2024,09:15:00,23799.95,23808.6,100,23834.45,125,0,0
NIFTY-II.NFO,14/11/2024,09:15:01,23809.45,23803.9,50,23812.55,150,450,1541675
NIFTY-II.NFO,14/11/2024,09:15:01,23821.6,23803.9,50,23812.55,150,0,1541675
NIFTY-II.NFO,14/11/2024,09:15:03,23803.25,23807.95,100,23815.55,25,600,1541675
NIFTY-II.NFO,14/11/2024,09:15:04,23827.55,23811.6,100,23825.2,25,525,1541675
NIFTY-II.NFO,14/11/2024,09:15:04,23827.55,23811.6,100,23825.2,25,0,1541675
NIFTY-II.NFO,14/11/2024,09:15:06,23839.35,23823.55,100,23839.2,75,800,1541675
NIFTY-II.NFO,14/11/2024,09:15:06,23839.35,23823.55,100,23839.2,75,0,1541675
NIFTY-II.NFO,14/11/2024,09:15:07,23828.35,23828.3,50,23839.85,100,175,1541675
NIFTY-II.NFO,14/11/2024,09:15:09,23833.45,23833.35,50,23844.7,100,150,1541675
NIFTY-II.NFO,14/11/2024,09:15:09,23843.2,23833.35,50,23844.7,100,0,1541675
NIFTY-II.NFO,14/11/2024,09:15:11,23844.6,23836.05,100,23844.6,100,100,1541675
NIFTY-II.NFO,14/11/2024,09:15:11,23844.6,23836.05,100,23844.6,100,0,1541675
NIFTY-II.NFO,14/11/2024,09:15:12,23836.6,23837.2,50,23845.95,25,125,1541675
NIFTY-II.NFO,14/11/2024,09:15:14,23845.95,23836.25,50,23845.8,100,25,1541675
NIFTY-II.NFO,14/11/2024,09:15:14,23845.95,23836.25,50,23845.8,100,0,1541675
NIFTY-II.NFO,14/11/2024,09:15:15,23850.9,23848.35,50,23860.7,100,600,1541675
NIFTY-II.NFO,14/11/2024,09:15:15,23850.9,23848.35,50,23860.7,100,0,1541675
NIFTY-II.NFO,14/11/2024,09:15:17,23860.6,23855,100,23860.65,25,150,1541675
NIFTY-II.NFO,14/11/2024,09:15:17,23860.6,23855,100,23860.65,25,0,1541675
NIFTY-II.NFO,14/11/2024,09:15:18,23865.35,23855.95,50,23865.6,25,425,1541675
NIFTY-II.NFO,14/11/2024,09:15:18,23869.45,23855.95,50,23865.6,25,0,1541675
NIFTY-II.NFO,14/11/2024,09:15:20,23860.6,23848.15,100,23860.7,50,75,1541675
NIFTY-II.NFO,14/11/2024,09:15:21,23846.85,23846.85,25,23855.9,100,175,1541675
NIFTY-II.NFO,14/11/2024,09:15:23,23845.85,23845.8,175,23848.1,50,75,1541675
NIFTY-II.NFO,14/11/2024,09:15:25,23842.55,23839,25,23842.55,75,1350,1541675
NIFTY-II.NFO,14/11/2024,09:15:26,23842.35,23831.75,50,23839.85,25,150,1541675
NIFTY-II.NFO,14/11/2024,09:15:28,23842.35,23833.3,100,23839.7,25,0,1541675
NIFTY-II.NFO,14/11/2024,09:15:29,23842.35,23840.05,100,23848.15,25,75,1541675
NIFTY-II.NFO,14/11/2024,09:15:31,23840,23837.6,100,23838.95,50,75,1541675
NIFTY-II.NFO,14/11/2024,09:15:32,23839.15,23840.05,100,23848.15,25,875,1541675
NIFTY-II.NFO,14/11/2024,09:15:34,23841.85,23830.5,100,23840.85,25,100,1541675
NIFTY-II.NFO,14/11/2024,09:15:36,23840.9,23832.15,175,23843.9,175,50,1541675
NIFTY-II.NFO,14/11/2024,09:15:37,23840,23836.85,225,23844.9,50,75,1541675
NIFTY-II.NFO,14/11/2024,09:15:39,23838.55,23838.9,100,23847.5,75,75,1541675
NIFTY-II.NFO,14/11/2024,09:15:40,23838.55,23841.2,25,23846.05,75,0,1541675
NIFTY-II.NFO,14/11/2024,09:15:42,23841.3,23836.6,100,23845.75,125,25,1541675
NIFTY-II.NFO,14/11/2024,09:15:43,23836.85,23838.75,175,23846.1,75,50,1541675
NIFTY-II.NFO,14/11/2024,09:15:45,23838.85,23838.15,25,23846,100,150,1541675
NIFTY-II.NFO,14/11/2024,09:15:47,23834.9,23834.35,50,23844.3,100,25,1541675
NIFTY-II.NFO,14/11/2024,09:15:48,23846,23838.85,50,23846,100,50,1543675
NIFTY-II.NFO,14/11/2024,09:15:50,23843.55,23843.5,75,23848.1,25,100,1543675
NIFTY-II.NFO,14/11/2024,09:15:51,23843.55,23841.1,50,23848.05,25,0,1543675
NIFTY-II.NFO,14/11/2024,09:15:53,23840,23838.6,75,23846.5,100,275,1543675
NIFTY-II.NFO,14/11/2024,09:15:54,23839.35,23838.25,75,23846.5,50,25,1543675
NIFTY-II.NFO,14/11/2024,09:15:56,23842.6,23834.85,75,23846.4,50,275,1543675
NIFTY-II.NFO,14/11/2024,09:15:58,23838.35,23828.25,75,23838.35,50,425,1543675
NIFTY-II.NFO,14/11/2024,09:15:59,23840.8,23826.15,100,23839.45,125,825,1543675
NIFTY-II.NFO,14/11/2024,09:16:01,23827.5,23821.15,50,23830.55,75,150,1543675
NIFTY-II.NFO,14/11/2024,09:16:02,23830.55,23821.2,50,23830.4,75,25,1543675
NIFTY-II.NFO,14/11/2024,09:16:04,23825.3,23816.1,75,23825.3,25,25,1543675
NIFTY-II.NFO,14/11/2024,09:16:05,23825.3,23815.05,125,23824.75,25,0,1543675
NIFTY-II.NFO,14/11/2024,09:16:07,23811.4,23811.95,50,23823.05,50,50,1543675
NIFTY-II.NFO,14/11/2024,09:16:09,23811.4,23816.5,50,23823.05,50,0,1543675
NIFTY-II.NFO,14/11/2024,09:16:10,23825,23821.6,50,23829.5,400,75,1543675
NIFTY-II.NFO,14/11/2024,09:16:12,23825,23823.55,25,23825.75,300,0,1543675
NIFTY-II.NFO,14/11/2024,09:16:13,23817.7,23817.1,50,23822.95,25,125,1543675
NIFTY-II.NFO,14/11/2024,09:16:15,23816.5,23815.1,25,23820.95,25,100,1543675
NIFTY-II.NFO,14/11/2024,09:16:17,23813.6,23819.6,125,23824.9,25,1000,1543675
NIFTY-II.NFO,14/11/2024,09:16:18,23818.65,23820.2,150,23824.95,25,125,1543675
NIFTY-II.NFO,14/11/2024,09:16:20,23822.8,23825.05,50,23830.5,25,275,1543675
NIFTY-II.NFO,14/11/2024,09:16:21,23820.5,23820.05,125,23830.2,50,150,1543675
NIFTY-II.NFO,14/11/2024,09:16:23,23822.55,23823.3,75,23830.2,25,50,1543675
NIFTY-II.NFO,14/11/2024,09:16:25,23825.05,23824.05,50,23830.55,150,75,1543675
NIFTY-II.NFO,14/11/2024,09:16:26,23830.5,23824.2,125,23830.55,150,50,1543675
NIFTY-II.NFO,14/11/2024,09:16:28,23826.1,23825.05,25,23830.5,25,25,1543675
NIFTY-II.NFO,14/11/2024,09:16:29,23824.5,23824.3,25,23831,425,450,1543675
NIFTY-II.NFO,14/11/2024,09:16:31,23824.9,23824.8,50,23835.3,100,25,1543675
NIFTY-II.NFO,14/11/2024,09:16:33,23823.95,23824.5,25,23832.5,100,25,1543675
NIFTY-II.NFO,14/11/2024,09:16:34,23832.6,23828.65,25,23832.6,100,100,1543675
NIFTY-II.NFO,14/11/2024,09:16:36,23832.6,23830,75,23832.5,175,0,1543675
NIFTY-II.NFO,14/11/2024,09:16:37,23829.1,23827.95,25,23832.5,100,125,1543675
NIFTY-II.NFO,14/11/2024,09:16:39,23829.1,23825,100,23831.7,25,0,1543675
NIFTY-II.NFO,14/11/2024,09:16:41,23829.1,23824.9,25,23828.75,625,0,1543675
NIFTY-II.NFO,14/11/2024,09:16:42,23826.95,23824.55,100,23829.45,25,50,1543675
NIFTY-II.NFO,14/11/2024,09:16:44,23826.25,23826,25,23829.95,25,525,1543675
NIFTY-II.NFO,14/11/2024,09:16:46,23832.7,23828.4,125,23836.15,100,175,1543675
NIFTY-II.NFO,14/11/2024,09:16:47,23832.7,23829,50,23833.5,25,0,1543675
NIFTY-II.NFO,14/11/2024,09:16:49,23829.1,23829,25,23833.5,25,50,1543675
NIFTY-II.NFO,14/11/2024,09:16:50,23829.1,23831.1,575,23837.05,25,0,1543675
NIFTY-II.NFO,14/11/2024,09:16:52,23837.2,23829,25,23835.2,100,25,1543675
NIFTY-II.NFO,14/11/2024,09:16:54,23827.3,23826,25,23831.95,100,50,1543675
NIFTY-II.NFO,14/11/2024,09:16:55,23827.3,23829.1,25,23833.1,100,0,1543675
NIFTY-II.NFO,14/11/2024,09:16:57,23828.15,23828.2,100,23836.8,100,300,1543675
NIFTY-II.NFO,14/11/2024,09:16:58,23830,23827.3,25,23829.95,25,50,1543675
NIFTY-II.NFO,14/11/2024,09:17:00,23828.1,23827.3,25,23828.1,25,25,1543675
NIFTY-II.NFO,14/11/2024,09:17:02,23827.3,23826,25,23828.65,100,150,1543675
NIFTY-II.NFO,14/11/2024,09:17:03,23829,23828,25,23829.9,25,75,1543675
NIFTY-II.NFO,14/11/2024,09:17:05,23828,23826,25,23827.2,25,25,1543675
NIFTY-II.NFO,14/11/2024,09:17:06,23825,23820.7,75,23825.3,100,75,1543675
NIFTY-II.NFO,14/11/2024,09:17:08,23820.7,23821.65,100,23827.6,50,575,1543675
NIFTY-II.NFO,14/11/2024,09:17:10,23820.7,23821.1,100,23827.6,50,0,1543675
NIFTY-II.NFO,14/11/2024,09:17:11,23820.7,23823,100,23827.55,25,0,1543675
NIFTY-II.NFO,14/11/2024,09:17:13,23820.05,23820.8,75,23825.9,75,50,1543675
NIFTY-II.NFO,14/11/2024,09:17:14,23820.05,23820.2,75,23825.45,75,25,1543675
NIFTY-II.NFO,14/11/2024,09:17:16,23820.2,23820,125,23820.6,25,25,1543675
NIFTY-II.NFO,14/11/2024,09:17:18,23820.2,23820,125,23820.6,25,0,1543675
NIFTY-II.NFO,14/11/2024,09:17:21,23814.6,23812.6,75,23819.1,50,375,1543675
NIFTY-II.NFO,14/11/2024,09:17:23,23814.6,23810.9,125,23818.95,100,0,1543675
NIFTY-II.NFO,14/11/2024,09:17:24,23814.6,23812.95,125,23819,25,0,1543675
NIFTY-II.NFO,14/11/2024,09:17:26,23814.6,23811.8,125,23819,25,0,1543675
NIFTY-II.NFO,14/11/2024,09:17:27,23815.9,23814.65,100,23820.65,75,100,1543675
NIFTY-II.NFO,14/11/2024,09:17:29,23816.5,23818.5,125,23819.9,25,225,1543675
NIFTY-II.NFO,14/11/2024,09:17:31,23819.85,23819.8,25,23826.85,100,225,1543675
NIFTY-II.NFO,14/11/2024,09:17:32,23820.95,23820.85,25,23825.4,25,125,1543675
NIFTY-II.NFO,14/11/2024,09:17:34,23820.95,23824.95,25,23826.95,25,0,1543675
NIFTY-II.NFO,14/11/2024,09:17:36,23826.2,23824.05,475,23828.95,25,175,1543675
NIFTY-II.NFO,14/11/2024,09:17:37,23828.95,23825.8,250,23829,50,25,1543675
NIFTY-II.NFO,14/11/2024,09:17:39,23826.2,23825,25,23826.25,325,50,1543675
NIFTY-II.NFO,14/11/2024,09:17:40,23825,23824.5,250,23828.95,25,25,1543675
NIFTY-II.NFO,14/11/2024,09:17:42,23828.9,23825.5,125,23828.85,25,25,1543675
NIFTY-II.NFO,14/11/2024,09:17:44,23830,23825.95,175,23830,875,600,1543675
NIFTY-II.NFO,14/11/2024,09:17:45,23830,23828.8,225,23829.95,25,0,1543675
NIFTY-II.NFO,14/11/2024,09:17:47,23829.95,23828.9,50,23829.9,25,75,1543675
NIFTY-II.NFO,14/11/2024,09:17:49,23828.9,23828.9,25,23829.9,25,25,1543675
NIFTY-II.NFO,14/11/2024,09:17:50,23830,23829.95,175,23832,25,950,1543675
NIFTY-II.NFO,14/11/2024,09:17:52,23830.85,23830.45,250,23832,25,75,1543675
NIFTY-II.NFO,14/11/2024,09:17:53,23832,23831.2,250,23833.3,25,25,1543675
NIFTY-II.NFO,14/11/2024,09:17:55,23832,23831.25,250,23833.3,25,0,1543675
NIFTY-II.NFO,14/11/2024,09:17:57,23833.3,23832,200,23836.75,25,75,1543675
NIFTY-II.NFO,14/11/2024,09:17:58,23838.9,23830.6,200,23837.1,75,125,1543675
NIFTY-II.NFO,14/11/2024,09:18:00,23838.9,23830,25,23834.45,75,0,1543675
NIFTY-II.NFO,14/11/2024,09:18:02,23830,23828.9,25,23834.35,50,50,1543675
NIFTY-II.NFO,14/11/2024,09:18:03,23830,23822.75,125,23830.75,25,75,1543675
NIFTY-II.NFO,14/11/2024,09:18:05,23821.95,23822.75,200,23830.15,150,25,1543675
NIFTY-II.NFO,14/11/2024,09:18:07,23819.9,23820,50,23829.05,150,25,1543675
NIFTY-II.NFO,14/11/2024,09:18:08,23828.8,23824.7,125,23833.95,50,50,1543675
NIFTY-II.NFO,14/11/2024,09:18:10,23830,23832,25,23836.8,75,25,1543675
NIFTY-II.NFO,14/11/2024,09:18:11,23828.9,23827.9,50,23836.35,425,75,1543675
NIFTY-II.NFO,14/11/2024,09:18:13,23829.95,23826.1,175,23829.9,25,25,1543675
NIFTY-II.NFO,14/11/2024,09:18:15,23829.95,23823.8,50,23829.85,25,0,1543675
NIFTY-II.NFO,14/11/2024,09:18:16,23824.4,23824.7,150,23828.85,50,25,1543675
NIFTY-II.NFO,14/11/2024,09:18:18,23824.4,23825.15,150,23828.85,50,0,1543675
NIFTY-II.NFO,14/11/2024,09:18:20,23826.95,23827.9,100,23828.8,25,50,1543675
NIFTY-II.NFO,14/11/2024,09:18:21,23830,23829.1,200,23835.9,75,200,1543675
NIFTY-II.NFO,14/11/2024,09:18:23,23830,23830,25,23836.75,125,0,1543675
NIFTY-II.NFO,14/11/2024,09:18:26,23830,23830.15,150,23836.8,25,0,1543675
NIFTY-II.NFO,14/11/2024,09:18:28,23836.45,23832,50,23836.6,25,75,1543675
NIFTY-II.NFO,14/11/2024,09:18:29,23830,23829,25,23836.9,125,125,1543675
NIFTY-II.NFO,14/11/2024,09:18:31,23826.7,23826.45,50,23835.4,125,25,1543675
NIFTY-II.NFO,14/11/2024,09:18:33,23828,23827.2,50,23835.4,50,25,1543675
NIFTY-II.NFO,14/11/2024,09:18:34,23835.4,23826.55,125,23836.85,125,25,1543675
NIFTY-II.NFO,14/11/2024,09:18:36,23836.85,23827.25,50,23836.15,100,50,1543675
NIFTY-II.NFO,14/11/2024,09:18:37,23836.85,23824.6,50,23834.45,50,0,1543675
NIFTY-II.NFO,14/11/2024,09:18:39,23836.85,23824.4,25,23833.3,50,0,1543675
NIFTY-II.NFO,14/11/2024,09:18:41,23836.85,23830,25,23834.5,25,0,1543675
NIFTY-II.NFO,14/11/2024,09:18:44,23836.5,23830,25,23835.6,125,175,1543675
NIFTY-II.NFO,14/11/2024,09:18:46,23829.1,23824.4,25,23829.1,225,175,1543675
NIFTY-II.NFO,14/11/2024,09:18:47,23829.1,23824.4,25,23829.05,25,100,1543675
NIFTY-II.NFO,14/11/2024,09:18:49,23829.1,23824.4,25,23828.95,75,0,1544425
NIFTY-II.NFO,14/11/2024,09:18:50,23829.1,23824.4,25,23829.05,25,0,1544425
NIFTY-II.NFO,14/11/2024,09:18:52,23820.55,23820.05,100,23824.35,25,200,1544425
NIFTY-II.NFO,14/11/2024,09:18:54,23820.55,23820.05,100,23824.35,25,0,1544425
NIFTY-II.NFO,14/11/2024,09:18:55,23820.55,23820,300,23824.3,50,0,1544425
NIFTY-II.NFO,14/11/2024,09:18:57,23824.3,23820.6,100,23824.3,50,25,1544425
NIFTY-II.NFO,14/11/2024,09:18:59,23824.4,23824.75,275,23829.1,125,125,1544425
NIFTY-II.NFO,14/11/2024,09:19:00,23828.55,23829.5,25,23835.85,150,200,1544425
NIFTY-II.NFO,14/11/2024,09:19:02,23834.2,23827.2,125,23834.15,50,25,1544425
NIFTY-II.NFO,14/11/2024,09:19:04,23826.8,23825.7,75,23833.25,750,25,1544425
NIFTY-II.NFO,14/11/2024,09:19:05,23826.8,23831.55,250,23836.05,125,0,1544425
NIFTY-II.NFO,14/11/2024,09:19:07,23826.8,23833.5,250,23836,125,0,1544425
NIFTY-II.NFO,14/11/2024,09:19:09,23833.5,23829.35,250,23835.15,125,25,1544425
NIFTY-II.NFO,14/11/2024,09:19:10,23833.5,23832.5,75,23836.05,125,0,1544425
NIFTY-II.NFO,14/11/2024,09:19:12,23833.5,23833.3,250,23836.05,125,0,1544425
NIFTY-II.NFO,14/11/2024,09:19:13,23837,23837.25,25,23838,25,475,1544425
NIFTY-II.NFO,14/11/2024,09:19:15,23840.8,23836.45,75,23841.9,75,150,1544425
NIFTY-II.NFO,14/11/2024,09:19:17,23840.8,23834.05,200,23839,750,0,1544425
NIFTY-II.NFO,14/11/2024,09:19:18,23840.15,23834.5,75,23839.25,750,50,1544425
NIFTY-II.NFO,14/11/2024,09:19:20,23840.15,23835,200,23840.5,750,0,1544425
NIFTY-II.NFO,14/11/2024,09:19:22,23840.8,23838.35,75,23840,100,25,1544425
NIFTY-II.NFO,14/11/2024,09:19:23,23840.8,23840.4,75,23841.9,25,150,1544425
NIFTY-II.NFO,14/11/2024,09:19:25,23842.1,23840.8,25,23845,25,300,1544425
NIFTY-II.NFO,14/11/2024,09:19:26,23837.5,23835.75,50,23839.75,750,50,1544425
NIFTY-II.NFO,14/11/2024,09:19:28,23837.25,23833,50,23837.75,750,75,1544425
NIFTY-II.NFO,14/11/2024,09:19:30,23838,23832.75,50,23837.5,750,100,1544425
NIFTY-II.NFO,14/11/2024,09:19:31,23834.75,23830.05,50,23835,750,25,1544425
NIFTY-II.NFO,14/11/2024,09:19:33,23834.75,23830.05,75,23832.5,750,0,1544425
NIFTY-II.NFO,14/11/2024,09:19:35,23831.5,23828.3,75,23836.2,100,75,1544425
NIFTY-II.NFO,14/11/2024,09:19:36,23837.25,23830.75,100,23836.95,25,125,1544425
NIFTY-II.NFO,14/11/2024,09:19:38,23837.25,23832.2,100,23838.95,25,0,1544425
NIFTY-II.NFO,14/11/2024,09:19:39,23837.25,23838.3,100,23843.95,25,0,1544425
NIFTY-II.NFO,14/11/2024,09:19:41,23836.95,23839,150,23844,50,25,1544425
NIFTY-II.NFO,14/11/2024,09:19:43,23840.45,23838.9,50,23844,50,25,1544425
NIFTY-II.NFO,14/11/2024,09:19:44,23838.25,23835.5,25,23840.2,50,50,1544425
NIFTY-II.NFO,14/11/2024,09:19:46,23838.25,23835,25,23838.2,50,0,1544425
NIFTY-II.NFO,14/11/2024,09:19:48,23838.25,23835.15,50,23840.45,25,0,1544425
NIFTY-II.NFO,14/11/2024,09:19:49,23840.45,23835,25,23840,750,150,1544425
NIFTY-II.NFO,14/11/2024,09:19:51,23840.45,23838,250,23840,750,0,1544425
NIFTY-II.NFO,14/11/2024,09:19:52,23838,23835,25,23839,25,275,1544425
NIFTY-II.NFO,14/11/2024,09:19:54,23838,23835,25,23839,25,0,1544425
NIFTY-II.NFO,14/11/2024,09:19:56,23840.25,23838,25,23839.5,425,50,1544425
NIFTY-II.NFO,14/11/2024,09:19:58,23838,23835,25,23839.25,325,200,1544425
NIFTY-II.NFO,14/11/2024,09:19:59,23839,23838,25,23840,75,25,1544425
NIFTY-II.NFO,14/11/2024,09:20:01,23840,23838.3,50,23844,50,75,1544425
NIFTY-II.NFO,14/11/2024,09:20:03,23838,23835,25,23841.45,50,25,1544425
NIFTY-II.NFO,14/11/2024,09:20:04,23835,23830.1,100,23838.7,125,50,1544425
NIFTY-II.NFO,14/11/2024,09:20:06,23838.2,23830,25,23836,350,25,1544425
NIFTY-II.NFO,14/11/2024,09:20:08,23827.4,23828.4,50,23837,175,175,1544425
NIFTY-II.NFO,14/11/2024,09:20:09,23837.4,23831.6,25,23837.6,50,50,1544425
NIFTY-II.NFO,14/11/2024,09:20:11,23839.3,23825.85,75,23834.95,75,500,1544425
NIFTY-II.NFO,14/11/2024,09:20:13,23825.85,23821.8,100,23830.7,75,25,1544425
NIFTY-II.NFO,14/11/2024,09:20:14,23830.8,23825.65,125,23834.4,50,75,1544425
NIFTY-II.NFO,14/11/2024,09:20:16,23830.8,23825.3,125,23834,50,0,1544425
NIFTY-II.NFO,14/11/2024,09:20:18,23830.8,23823.1,125,23832.2,50,300,1544425
NIFTY-II.NFO,14/11/2024,09:20:19,23833.2,23825.05,25,23833.1,50,75,1544425
NIFTY-II.NFO,14/11/2024,09:20:21,23833.2,23825,75,23831.05,25,0,1544425
NIFTY-II.NFO,14/11/2024,09:20:23,23833.2,23825,75,23829.4,50,0,1544425
NIFTY-II.NFO,14/11/2024,09:20:24,23829.2,23820.55,50,23829.4,125,500,1544425
NIFTY-II.NFO,14/11/2024,09:20:26,23821.6,23820.1,100,23829.1,50,75,1544425
NIFTY-II.NFO,14/11/2024,09:20:28,23821.55,23821.6,50,23829.4,100,50,1544425
NIFTY-II.NFO,14/11/2024,09:20:29,23820.95,23822.25,150,23829.4,100,25,1544425
NIFTY-II.NFO,14/11/2024,09:20:31,23829.4,23820.55,100,23828.75,25,100,1544425
NIFTY-II.NFO,14/11/2024,09:20:33,23829.4,23820.5,25,23827.7,25,0,1544425
NIFTY-II.NFO,14/11/2024,09:20:34,23820.5,23821.5,100,23829.3,25,25,1544425
NIFTY-II.NFO,14/11/2024,09:20:36,23820.5,23821.35,100,23829.3,75,0,1544425
NIFTY-II.NFO,14/11/2024,09:20:38,23821.85,23822.05,100,23828.95,75,50,1544425
NIFTY-II.NFO,14/11/2024,09:20:39,23821.85,23822.5,100,23828.95,75,0,1544425
NIFTY-II.NFO,14/11/2024,09:20:41,23822.25,23828.95,200,23829,25,25,1544425
NIFTY-II.NFO,14/11/2024,09:20:43,23822.25,23822.25,625,23828.65,100,275,1544425
NIFTY-II.NFO,14/11/2024,09:20:44,23822,23822,450,23828.2,100,25,1544425
NIFTY-II.NFO,14/11/2024,09:20:46,23822,23820.55,100,23828.2,100,25,1544425
NIFTY-II.NFO,14/11/2024,09:20:48,23822,23821.4,100,23828.95,100,0,1544425
NIFTY-II.NFO,14/11/2024,09:20:49,23822,23821.5,375,23827.3,50,0,1544425
NIFTY-II.NFO,14/11/2024,09:20:51,23822,23821.55,100,23825,250,0,1544425
NIFTY-II.NFO,14/11/2024,09:20:53,23822,23820.5,325,23822,25,0,1544425
NIFTY-II.NFO,14/11/2024,09:20:54,23822,23820.4,100,23825,250,50,1544425
NIFTY-II.NFO,14/11/2024,09:20:56,23821.95,23820.1,100,23825,250,50,1544425
NIFTY-II.NFO,14/11/2024,09:20:58,23820.05,23820,375,23825,250,125,1544425
NIFTY-II.NFO,14/11/2024,09:20:59,23820,23821,25,23825,250,50,1544425
NIFTY-II.NFO,14/11/2024,09:21:01,23825,23821,25,23825,150,100,1544425
NIFTY-II.NFO,14/11/2024,09:21:03,23825,23821,25,23824.95,25,0,1544425
NIFTY-II.NFO,14/11/2024,09:21:06,23824.95,23821,25,23825,175,25,1544425
NIFTY-II.NFO,14/11/2024,09:21:08,23824.95,23821,25,23825,175,0,1544425
NIFTY-II.NFO,14/11/2024,09:21:09,23820,23820,275,23825,200,75,1544425
NIFTY-II.NFO,14/11/2024,09:21:11,23820,23820,300,23825,200,0,1544425
NIFTY-II.NFO,14/11/2024,09:21:13,23820,23820,300,23824.95,100,25,1544425
NIFTY-II.NFO,14/11/2024,09:21:14,23820,23820,300,23824.95,100,0,1544425
NIFTY-II.NFO,14/11/2024,09:21:16,23820,23818.05,25,23823.15,100,300,1544425
NIFTY-II.NFO,14/11/2024,09:21:18,23820,23818.05,25,23823.15,100,0,1544425
NIFTY-II.NFO,14/11/2024,09:21:19,23820,23820,25,23822.4,100,0,1544425
NIFTY-II.NFO,14/11/2024,09:21:21,23820.9,23813.6,125,23821.4,100,175,1544425
NIFTY-II.NFO,14/11/2024,09:21:23,23820.8,23812.95,50,23820.8,100,150,1544425
NIFTY-II.NFO,14/11/2024,09:21:24,23811.55,23811.55,25,23819.5,100,25,1544425
NIFTY-II.NFO,14/11/2024,09:21:26,23808.5,23806.95,50,23810.95,100,650,1544425
NIFTY-II.NFO,14/11/2024,09:21:28,23809.9,23805,25,23809.95,50,125,1544425
NIFTY-II.NFO,14/11/2024,09:21:29,23802.4,23800,150,23802.5,750,50,1544425
NIFTY-II.NFO,14/11/2024,09:21:31,23801,23803.05,100,23810.85,100,300,1544425
NIFTY-II.NFO,14/11/2024,09:21:31,23797.45,23803.05,100,23810.85,100,0,1544425
NIFTY-II.NFO,14/11/2024,09:21:33,23801,23807.65,100,23815,100,0,1544425
NIFTY-II.NFO,14/11/2024,09:21:34,23801,23809.15,100,23817.55,100,0,1544425
NIFTY-II.NFO,14/11/2024,09:21:36,23810.8,23810.8,25,23816.55,75,50,1544425
NIFTY-II.NFO,14/11/2024,09:21:38,23810.4,23811.95,25,23819.85,100,275,1544425
NIFTY-II.NFO,14/11/2024,09:21:39,23810.35,23811.4,25,23818.95,100,50,1544425
NIFTY-II.NFO,14/11/2024,09:21:41,23817.7,23812,75,23818.5,100,25,1544425
NIFTY-II.NFO,14/11/2024,09:21:43,23817.7,23812.85,25,23819.55,100,0,1544425
NIFTY-II.NFO,14/11/2024,09:21:44,23812.95,23811.55,50,23819.55,100,50,1544425
NIFTY-II.NFO,14/11/2024,09:21:46,23812.1,23812.05,50,23819.7,100,50,1544425
NIFTY-II.NFO,14/11/2024,09:21:48,23813.3,23812.55,50,23816.95,75,75,1544425
NIFTY-II.NFO,14/11/2024,09:21:49,23816.95,23811.25,50,23816.95,25,150,1545600
NIFTY-II.NFO,14/11/2024,09:21:51,23816.95,23810.8,25,23816.9,100,0,1545600
NIFTY-II.NFO,14/11/2024,09:21:53,23816.9,23811.75,50,23816.95,25,50,1545600
NIFTY-II.NFO,14/11/2024,09:21:54,23812.9,23810.8,25,23812.95,25,75,1545600
NIFTY-II.NFO,14/11/2024,09:21:56,23812.95,23810.8,25,23814.65,100,25,1545600
NIFTY-II.NFO,14/11/2024,09:21:58,23810,23804.75,50,23811.7,100,75,1545600
NIFTY-II.NFO,14/11/2024,09:21:59,23810,23803.05,50,23810.25,100,0,1545600
NIFTY-II.NFO,14/11/2024,09:22:01,23807.45,23801,75,23807.1,100,25,1545600
NIFTY-II.NFO,14/11/2024,09:22:03,23809.15,23801.95,75,23810.15,100,50,1545600
NIFTY-II.NFO,14/11/2024,09:22:04,23805.85,23806.55,25,23811.65,25,50,1545600
NIFTY-II.NFO,14/11/2024,09:22:06,23805.85,23809.25,125,23811.6,25,0,1545600
NIFTY-II.NFO,14/11/2024,09:22:08,23812.95,23812.35,75,23813,25,250,1545600
NIFTY-II.NFO,14/11/2024,09:22:09,23811.85,23813.05,50,23819.85,100,150,1545600
NIFTY-II.NFO,14/11/2024,09:22:11,23814.95,23814.75,50,23821.55,100,250,1545600
NIFTY-II.NFO,14/11/2024,09:22:13,23814.15,23813.9,50,23820.8,100,100,1545600
NIFTY-II.NFO,14/11/2024,09:22:14,23812.7,23812.55,150,23818.8,125,150,1545600
NIFTY-II.NFO,14/11/2024,09:22:16,23820.9,23813.75,150,23820.3,75,225,1545600
NIFTY-II.NFO,14/11/2024,09:22:18,23814.5,23815.5,50,23822.3,225,25,1545600
NIFTY-II.NFO,14/11/2024,09:22:19,23814.5,23814.15,150,23819.95,100,0,1545600
NIFTY-II.NFO,14/11/2024,09:22:21,23814.15,23813.4,125,23819.65,100,25,1545600
NIFTY-II.NFO,14/11/2024,09:22:23,23819.7,23812.95,100,23820,50,150,1545600
NIFTY-II.NFO,14/11/2024,09:22:24,23812.95,23815.35,125,23820,50,50,1545600
NIFTY-II.NFO,14/11/2024,09:22:26,23820,23814.8,50,23821.5,50,50,1545600
NIFTY-II.NFO,14/11/2024,09:22:28,23814.4,23815,50,23820.85,100,125,1545600
NIFTY-II.NFO,14/11/2024,09:22:29,23822.3,23815.65,100,23822.3,75,25,1545600
NIFTY-II.NFO,14/11/2024,09:22:31,23816.7,23817.3,125,23823.75,100,100,1545600
NIFTY-II.NFO,14/11/2024,09:22:33,23816.7,23819.45,125,23822.75,500,0,1545600
NIFTY-II.NFO,14/11/2024,09:22:34,23816.7,23816.6,125,23821,425,0,1545600
NIFTY-II.NFO,14/11/2024,09:22:36,23816.7,23816.9,75,23822.7,25,0,1545600
NIFTY-II.NFO,14/11/2024,09:22:38,23816.1,23818,125,23821.2,25,25,1545600
NIFTY-II.NFO,14/11/2024,09:22:39,23816.1,23818.05,50,23823.9,25,0,1545600
NIFTY-II.NFO,14/11/2024,09:22:41,23816.1,23822.55,125,23823.9,25,0,1545600
NIFTY-II.NFO,14/11/2024,09:22:43,23823.9,23821.85,125,23823.95,25,25,1545600
NIFTY-II.NFO,14/11/2024,09:22:44,23825,23824.7,50,23825,200,100,1545600
NIFTY-II.NFO,14/11/2024,09:22:46,23825,23824.7,50,23825,75,125,1545600
NIFTY-II.NFO,14/11/2024,09:22:48,23828.8,23821.45,50,23828.75,25,300,1545600
NIFTY-II.NFO,14/11/2024,09:22:49,23828.8,23822.65,50,23828.75,25,0,1545600
NIFTY-II.NFO,14/11/2024,09:22:51,23828.8,23824.25,50,23828.75,25,0,1545600
NIFTY-II.NFO,14/11/2024,09:22:53,23825.7,23825.7,25,23828.75,25,25,1545600
NIFTY-II.NFO,14/11/2024,09:22:54,23833.2,23830.3,50,23835,25,125,1545600
NIFTY-II.NFO,14/11/2024,09:22:56,23835,23830,25,23836.25,350,25,1545600
NIFTY-II.NFO,14/11/2024,09:22:58,23832.4,23830.9,50,23839,25,50,1545600
NIFTY-II.NFO,14/11/2024,09:22:59,23832.4,23832.05,125,23838.95,25,0,1545600
NIFTY-II.NFO,14/11/2024,09:23:01,23832.4,23836.1,50,23840,50,0,1545600
NIFTY-II.NFO,14/11/2024,09:23:03,23832.4,23838.5,50,23840,50,0,1545600
NIFTY-II.NFO,14/11/2024,09:23:04,23836.25,23835.4,200,23840,50,25,1545600
NIFTY-II.NFO,14/11/2024,09:23:06,23840,23836.1,50,23840,25,25,1545600
NIFTY-II.NFO,14/11/2024,09:23:08,23840,23836.05,25,23840,25,0,1545600
NIFTY-II.NFO,14/11/2024,09:23:09,23840,23837.05,25,23840,25,0,1545600
NIFTY-II.NFO,14/11/2024,09:23:11,23840,23836.45,200,23840,25,0,1545600
NIFTY-II.NFO,14/11/2024,09:23:13,23842.85,23834.1,25,23842.45,100,50,1545600
NIFTY-II.NFO,14/11/2024,09:23:14,23842.85,23839.05,25,23843.25,175,0,1545600
NIFTY-II.NFO,14/11/2024,09:23:16,23842.85,23838,50,23841,100,0,1545600
NIFTY-II.NFO,14/11/2024,09:23:18,23838,23835.05,25,23840.5,100,150,1545600
NIFTY-II.NFO,14/11/2024,09:23:19,23841.75,23838.05,25,23841.75,200,75,1545600
NIFTY-II.NFO,14/11/2024,09:23:21,23841.8,23838.05,25,23841.8,175,25,1545600
NIFTY-II.NFO,14/11/2024,09:23:23,23841.8,23835.45,50,23840,25,0,1545600
NIFTY-II.NFO,14/11/2024,09:23:25,23841.8,23833.05,200,23839.95,175,0,1545600
NIFTY-II.NFO,14/11/2024,09:23:26,23841.8,23833.9,200,23840,25,0,1545600
NIFTY-II.NFO,14/11/2024,09:23:28,23841.8,23833,750,23837,175,0,1545600
NIFTY-II.NFO,14/11/2024,09:23:30,23836.9,23833,750,23836.65,75,25,1545600
NIFTY-II.NFO,14/11/2024,09:23:31,23836.9,23833,750,23836.6,150,0,1545600
NIFTY-II.NFO,14/11/2024,09:23:33,23836.9,23833,750,23837.3,150,0,1545600
NIFTY-II.NFO,14/11/2024,09:23:35,23836.9,23833,750,23836.9,150,0,1545600
NIFTY-II.NFO,14/11/2024,09:23:38,23836.9,23833,725,23836.8,125,75,1545600
NIFTY-II.NFO,14/11/2024,09:23:40,23836.9,23833,725,23838.35,125,0,1545600
NIFTY-II.NFO,14/11/2024,09:23:41,23836.9,23833,725,23836.25,125,0,1545600
NIFTY-II.NFO,14/11/2024,09:23:43,23836.9,23833,725,23837.9,125,0,1545600
NIFTY-II.NFO,14/11/2024,09:23:45,23833,23833,700,23835.25,175,25,1545600
NIFTY-II.NFO,14/11/2024,09:23:46,23833.7,23833,375,23835.65,125,375,1545600
NIFTY-II.NFO,14/11/2024,09:23:48,23833,23833,275,23833.35,75,100,1545600
NIFTY-II.NFO,14/11/2024,09:23:50,23833,23833,200,23834.95,125,75,1545600
NIFTY-II.NFO,14/11/2024,09:23:51,23833,23833,200,23835.1,25,0,1545600
NIFTY-II.NFO,14/11/2024,09:23:53,23833,23833,200,23838.4,125,0,1545600
NIFTY-II.NFO,14/11/2024,09:23:55,23833,23833,200,23838.4,25,0,1545600
NIFTY-II.NFO,14/11/2024,09:23:56,23833.05,23833.05,200,23838.4,25,100,1545600
NIFTY-II.NFO,14/11/2024,09:23:58,23833.05,23834.45,175,23839.5,25,0,1545600
NIFTY-II.NFO,14/11/2024,09:24:00,23833.05,23836.7,175,23838,100,0,1545600
NIFTY-II.NFO,14/11/2024,09:24:01,23840,23839.9,175,23842,25,150,1545600
NIFTY-II.NFO,14/11/2024,09:24:03,23840.15,23838.1,150,23842,25,25,1545600
NIFTY-II.NFO,14/11/2024,09:24:05,23844,23842.3,150,23845,75,125,1545600
NIFTY-II.NFO,14/11/2024,09:24:06,23848.5,23848.65,150,23849,25,150,1545600
NIFTY-II.NFO,14/11/2024,09:24:08,23849,23843.15,150,23849.3,100,25,1545600
NIFTY-II.NFO,14/11/2024,09:24:10,23849,23845.1,150,23849.3,100,0,1545600
NIFTY-II.NFO,14/11/2024,09:24:11,23849.3,23845.1,150,23849,25,25,1545600
NIFTY-II.NFO,14/11/2024,09:24:13,23849.3,23846.1,150,23849,50,0,1545600
NIFTY-II.NFO,14/11/2024,09:24:15,23849.3,23844.6,150,23850,775,125,1545600
NIFTY-II.NFO,14/11/2024,09:24:16,23849.3,23846.1,150,23850,525,0,1545600
NIFTY-II.NFO,14/11/2024,09:24:18,23845.3,23846.15,75,23849,25,75,1545600
NIFTY-II.NFO,14/11/2024,09:24:20,23849,23847.15,75,23850,500,25,1545600
NIFTY-II.NFO,14/11/2024,09:24:21,23849,23846.1,75,23850,500,0,1545600
NIFTY-II.NFO,14/11/2024,09:24:23,23849,23843.15,75,23850,450,0,1545600
NIFTY-II.NFO,14/11/2024,09:24:25,23849,23846.05,25,23850,450,0,1545600
NIFTY-II.NFO,14/11/2024,09:24:26,23849,23841.1,75,23849.55,275,0,1545600
NIFTY-II.NFO,14/11/2024,09:24:28,23846.05,23845.05,25,23850,450,25,1545600
NIFTY-II.NFO,14/11/2024,09:24:30,23846.05,23843.95,75,23849,25,0,1545600
NIFTY-II.NFO,14/11/2024,09:24:31,23846.05,23840.8,75,23848.65,200,0,1545600
NIFTY-II.NFO,14/11/2024,09:24:33,23846.05,23845.05,25,23849,25,0,1545600
NIFTY-II.NFO,14/11/2024,09:24:36,23842.35,23842.6,50,23849,25,25,1545600
NIFTY-II.NFO,14/11/2024,09:24:38,23843.55,23845.05,25,23849,25,25,1545600
NIFTY-II.NFO,14/11/2024,09:24:40,23848.95,23842.6,75,23849,25,50,1545600
NIFTY-II.NFO,14/11/2024,09:24:41,23848.95,23845.05,25,23848.95,200,0,1545600
NIFTY-II.NFO,14/11/2024,09:24:43,23844.45,23844.05,25,23849,25,75,1545600
NIFTY-II.NFO,14/11/2024,09:24:45,23850,23846.1,50,23850,325,250,1545600
NIFTY-II.NFO,14/11/2024,09:24:46,23850,23847.1,50,23850,300,25,1545600
NIFTY-II.NFO,14/11/2024,09:24:48,23855,23851.05,25,23855,225,325,1545600
NIFTY-II.NFO,14/11/2024,09:24:50,23855,23849.55,75,23855,200,50,1546675
NIFTY-II.NFO,14/11/2024,09:24:51,23855,23844.2,50,23852.35,200,0,1546675
NIFTY-II.NFO,14/11/2024,09:24:53,23850.65,23844,25,23850.95,200,125,1546675
NIFTY-II.NFO,14/11/2024,09:24:55,23850.65,23844.05,25,23848.55,250,0,1546675
NIFTY-II.NFO,14/11/2024,09:24:56,23848.55,23842.05,25,23848.55,200,25,1546675
NIFTY-II.NFO,14/11/2024,09:24:58,23848.55,23845,100,23849.15,275,0,1546675
NIFTY-II.NFO,14/11/2024,09:25:00,23848.55,23845,100,23847.35,200,0,1546675
NIFTY-II.NFO,14/11/2024,09:25:01,23848,23845,100,23848.45,50,400,1546675
NIFTY-II.NFO,14/11/2024,09:25:03,23845,23840,50,23844.9,50,100,1546675
NIFTY-II.NFO,14/11/2024,09:25:05,23840,23840,25,23844.9,50,25,1546675
NIFTY-II.NFO,14/11/2024,09:25:06,23840,23841.05,25,23846.9,50,0,1546675
NIFTY-II.NFO,14/11/2024,09:25:08,23840,23844.05,25,23848.05,25,0,1546675
NIFTY-II.NFO,14/11/2024,09:25:10,23840,23840,25,23846.8,50,0,1546675
NIFTY-II.NFO,14/11/2024,09:25:11,23840,23842.05,25,23847.95,25,25,1546675
NIFTY-II.NFO,14/11/2024,09:25:13,23846.05,23845.05,25,23849.95,25,50,1546675
NIFTY-II.NFO,14/11/2024,09:25:15,23846.05,23846.05,25,23849,1800,0,1546675
NIFTY-II.NFO,14/11/2024,09:25:16,23849,23846.05,25,23849,1775,25,1546675
NIFTY-II.NFO,14/11/2024,09:25:18,23847.7,23847.8,200,23849,1750,50,1546675
NIFTY-II.NFO,14/11/2024,09:25:20,23850,23845.65,200,23851,25,1825,1546675
NIFTY-II.NFO,14/11/2024,09:25:21,23850,23844.95,75,23850.95,25,0,1546675
NIFTY-II.NFO,14/11/2024,09:25:23,23850,23847.05,25,23851,25,0,1546675
NIFTY-II.NFO,14/11/2024,09:25:25,23850.05,23847.05,25,23852.85,75,50,1546675
NIFTY-II.NFO,14/11/2024,09:25:26,23852.85,23846.05,500,23848.45,50,75,1546675
NIFTY-II.NFO,14/11/2024,09:25:28,23851.3,23847.05,25,23851.3,25,25,1546675
NIFTY-II.NFO,14/11/2024,09:25:30,23851.3,23848.05,25,23852.05,50,0,1546675
NIFTY-II.NFO,14/11/2024,09:25:32,23850,23846.1,200,23850,25,25,1546675
NIFTY-II.NFO,14/11/2024,09:25:33,23850,23846.6,200,23850,25,0,1546675
NIFTY-II.NFO,14/11/2024,09:25:35,23854.8,23849.05,25,23854.8,25,200,1546675
NIFTY-II.NFO,14/11/2024,09:25:37,23854.8,23850.05,25,23854.95,50,0,1546675
NIFTY-II.NFO,14/11/2024,09:25:38,23855,23852.85,100,23855,150,100,1546675
NIFTY-II.NFO,14/11/2024,09:25:40,23855,23852.85,50,23855,125,75,1546675
NIFTY-II.NFO,14/11/2024,09:25:42,23852.85,23850.05,25,23852.6,25,50,1546675
NIFTY-II.NFO,14/11/2024,09:25:43,23852.85,23850,50,23852.6,25,0,1546675
NIFTY-II.NFO,14/11/2024,09:25:45,23854.55,23850.05,25,23853.95,50,100,1546675
NIFTY-II.NFO,14/11/2024,09:25:47,23852.8,23850,25,23852.95,25,100,1546675
NIFTY-II.NFO,14/11/2024,09:25:48,23852.9,23850,25,23852.9,100,25,1546675
NIFTY-II.NFO,14/11/2024,09:25:50,23852.5,23848.1,200,23853.45,25,175,1546675
NIFTY-II.NFO,14/11/2024,09:25:52,23852.5,23846.1,200,23853.45,50,0,1546675
NIFTY-II.NFO,14/11/2024,09:25:53,23846.1,23846.4,200,23850,75,125,1546675
NIFTY-II.NFO,14/11/2024,09:25:55,23846.1,23846.9,250,23850,75,25,1546675
NIFTY-II.NFO,14/11/2024,09:25:57,23848.25,23846.1,200,23850,75,25,1546675
NIFTY-II.NFO,14/11/2024,09:25:58,23848.25,23846.1,200,23850,75,0,1546675
NIFTY-II.NFO,14/11/2024,09:26:00,23846.05,23846.05,325,23850,75,75,1546675
NIFTY-II.NFO,14/11/2024,09:26:02,23846.05,23846.05,325,23849.95,25,0,1546675
NIFTY-II.NFO,14/11/2024,09:26:03,23846.05,23846.05,325,23848.15,175,0,1546675
NIFTY-II.NFO,14/11/2024,09:26:05,23846.05,23846.05,300,23849.8,175,25,1546675
NIFTY-II.NFO,14/11/2024,09:26:07,23845,23841.1,200,23847.95,25,400,1546675
NIFTY-II.NFO,14/11/2024,09:26:08,23845,23837.1,200,23845.05,50,0,1546675
NIFTY-II.NFO,14/11/2024,09:26:10,23843.85,23836.1,200,23843.85,150,25,1546675
NIFTY-II.NFO,14/11/2024,09:26:12,23843.85,23840.05,25,23844.15,125,25,1546675
NIFTY-II.NFO,14/11/2024,09:26:13,23839.05,23835.55,200,23842,50,50,1546675
NIFTY-II.NFO,14/11/2024,09:26:15,23842,23835.8,200,23843,100,25,1546675
NIFTY-II.NFO,14/11/2024,09:26:17,23843,23837.1,200,23843.4,125,25,1546675
NIFTY-II.NFO,14/11/2024,09:26:18,23843,23833.3,200,23841.9,150,0,1546675
NIFTY-II.NFO,14/11/2024,09:26:20,23833,23833.1,200,23838.7,50,25,1546675
NIFTY-II.NFO,14/11/2024,09:26:22,23833,23837.1,25,23842.6,75,0,1546675
NIFTY-II.NFO,14/11/2024,09:26:23,23843.9,23838.25,200,23843.9,25,25,1546675
NIFTY-II.NFO,14/11/2024,09:26:25,23843.9,23834.8,200,23841.25,50,0,1546675
NIFTY-II.NFO,14/11/2024,09:26:27,23843.9,23837.3,200,23843.95,75,0,1546675
NIFTY-II.NFO,14/11/2024,09:26:28,23843.9,23835.4,200,23843.9,75,0,1546675
NIFTY-II.NFO,14/11/2024,09:26:30,23842.9,23835.1,200,23841.9,50,50,1546675
NIFTY-II.NFO,14/11/2024,09:26:32,23833.05,23833.05,200,23840.2,175,125,1546675
NIFTY-II.NFO,14/11/2024,09:26:33,23833.05,23833,200,23838.9,175,0,1546675
NIFTY-II.NFO,14/11/2024,09:26:35,23838.1,23833.05,225,23839.45,50,75,1546675
NIFTY-II.NFO,14/11/2024,09:26:37,23838.1,23833,200,23838.95,100,0,1546675
NIFTY-II.NFO,14/11/2024,09:26:38,23838.1,23833,200,23837.9,100,0,1546675
NIFTY-II.NFO,14/11/2024,09:26:40,23836.95,23833,200,23836.9,100,25,1546675
NIFTY-II.NFO,14/11/2024,09:26:42,23836.95,23833,200,23835.9,125,0,1546675
NIFTY-II.NFO,14/11/2024,09:26:43,23836.95,23833,200,23833.05,25,0,1546675
NIFTY-II.NFO,14/11/2024,09:26:47,23837.8,23833,200,23838.4,50,350,1546675
NIFTY-II.NFO,14/11/2024,09:26:48,23838,23838.1,25,23840.25,25,25,1546675
NIFTY-II.NFO,14/11/2024,09:26:50,23838.1,23833.7,200,23838.95,25,25,1546675
NIFTY-II.NFO,14/11/2024,09:26:52,23838.1,23835.1,200,23840.25,25,0,1546675
NIFTY-II.NFO,14/11/2024,09:26:53,23838.1,23838.1,200,23843.85,25,0,1546675
NIFTY-II.NFO,14/11/2024,09:26:55,23843.85,23835.35,200,23841.95,25,25,1546675
NIFTY-II.NFO,14/11/2024,09:26:56,23843.85,23834.1,200,23841.6,50,0,1546675
NIFTY-II.NFO,14/11/2024,09:26:58,23843.85,23833.05,200,23838.95,25,0,1546675
NIFTY-II.NFO,14/11/2024,09:27:00,23843.85,23833,200,23838.95,50,0,1546675
NIFTY-II.NFO,14/11/2024,09:27:01,23838.95,23833,200,23839.9,50,50,1546675
NIFTY-II.NFO,14/11/2024,09:27:03,23833,23833.05,25,23839.9,50,25,1546675
NIFTY-II.NFO,14/11/2024,09:27:05,23833,23833,175,23838.7,50,0,1546675
NIFTY-II.NFO,14/11/2024,09:27:06,23837.95,23833,175,23836.95,25,25,1546675
NIFTY-II.NFO,14/11/2024,09:27:08,23837.95,23833.65,200,23839.95,25,0,1546675
NIFTY-II.NFO,14/11/2024,09:27:10,23837.95,23834,250,23840.95,25,0,1546675
NIFTY-II.NFO,14/11/2024,09:27:11,23837.95,23833.3,200,23840.95,25,0,1546675
NIFTY-II.NFO,14/11/2024,09:27:13,23837.95,23836.2,200,23841.9,25,0,1546675
NIFTY-II.NFO,14/11/2024,09:27:16,23845.2,23838.25,75,23844.9,50,350,1546675
NIFTY-II.NFO,14/11/2024,09:27:18,23845.2,23838,200,23842.95,25,0,1546675
NIFTY-II.NFO,14/11/2024,09:27:21,23845.2,23838.1,200,23845,25,0,1546675
NIFTY-II.NFO,14/11/2024,09:27:23,23845.2,23839.75,200,23845,25,0,1546675
NIFTY-II.NFO,14/11/2024,09:27:25,23845.2,23837.95,25,23842.95,25,0,1546675
NIFTY-II.NFO,14/11/2024,09:27:26,23837.95,23833.05,200,23839.9,50,25,1546675
NIFTY-II.NFO,14/11/2024,09:27:28,23837.95,23833.3,200,23838.95,25,0,1546675
NIFTY-II.NFO,14/11/2024,09:27:30,23838.95,23833.55,200,23839.9,25,25,1546675
NIFTY-II.NFO,14/11/2024,09:27:31,23838.95,23833.05,25,23837.9,25,0,1546675
NIFTY-II.NFO,14/11/2024,09:27:33,23838.95,23834.35,25,23837.9,25,0,1546675
NIFTY-II.NFO,14/11/2024,09:27:35,23838.95,23833,150,23836.9,25,0,1546675
NIFTY-II.NFO,14/11/2024,09:27:36,23838.95,23833,150,23836.85,50,0,1546675
NIFTY-II.NFO,14/11/2024,09:27:38,23838.95,23833,150,23837.75,25,0,1546675
NIFTY-II.NFO,14/11/2024,09:27:40,23838.95,23833.05,200,23839.8,25,0,1546675
NIFTY-II.NFO,14/11/2024,09:27:41,23833,23833.5,200,23839.8,25,25,1546675
NIFTY-II.NFO,14/11/2024,09:27:43,23833.35,23833,125,23836.95,25,25,1546675
NIFTY-II.NFO,14/11/2024,09:27:45,23833,23833,100,23836.9,25,25,1546675
NIFTY-II.NFO,14/11/2024,09:27:47,23833,23831.15,200,23837.8,25,225,1546675
NIFTY-II.NFO,14/11/2024,09:27:48,23833,23833,1075,23835.8,100,25,1546675
NIFTY-II.NFO,14/11/2024,09:27:50,23833,23833.05,25,23835.85,25,0,1546675
NIFTY-II.NFO,14/11/2024,09:27:52,23833,23833,1075,23837.35,25,0,1546675
NIFTY-II.NFO,14/11/2024,09:27:53,23833,23833,1075,23834.85,100,0,1546675
NIFTY-II.NFO,14/11/2024,09:27:55,23834.95,23833.6,25,23837.95,25,50,1546675
NIFTY-II.NFO,14/11/2024,09:27:57,23833.65,23834.6,200,23837.9,25,25,1549275
NIFTY-II.NFO,14/11/2024,09:27:58,23833.65,23834.55,50,23837.9,25,0,1549275
NIFTY-II.NFO,14/11/2024,09:28:00,23837.9,23835.1,50,23837.95,25,25,1549275
NIFTY-II.NFO,14/11/2024,09:28:02,23833.55,23833.7,25,23837.9,100,100,1549275
NIFTY-II.NFO,14/11/2024,09:28:03,23834.05,23834,1075,23836.15,100,25,1549275
NIFTY-II.NFO,14/11/2024,09:28:05,23834,23833.65,25,23834.2,100,1075,1549275
NIFTY-II.NFO,14/11/2024,09:28:07,23833.25,23830,225,23832.8,50,150,1549275
NIFTY-II.NFO,14/11/2024,09:28:08,23830,23830.05,25,23832.6,50,50,1549275
NIFTY-II.NFO,14/11/2024,09:28:10,23830,23830,150,23830.2,100,50,1549275
NIFTY-II.NFO,14/11/2024,09:28:12,23830.05,23830,25,23831.6,75,200,1549275
NIFTY-II.NFO,14/11/2024,09:28:13,23831.55,23830,25,23831.1,125,25,1549275
NIFTY-II.NFO,14/11/2024,09:28:15,23823.85,23823.35,25,23826.85,75,50,1549275
NIFTY-II.NFO,14/11/2024,09:28:17,23822.8,23820.05,25,23823.9,100,25,1549275
NIFTY-II.NFO,14/11/2024,09:28:18,23823.9,23820.05,50,23823.9,50,50,1549275
NIFTY-II.NFO,14/11/2024,09:28:20,23823.9,23820.1,200,23823.9,50,0,1549275
NIFTY-II.NFO,14/11/2024,09:28:22,23823.9,23822.6,25,23824.75,25,50,1549275
NIFTY-II.NFO,14/11/2024,09:28:23,23823.9,23820.1,25,23823.95,25,25,1549275
NIFTY-II.NFO,14/11/2024,09:28:25,23824.8,23820.95,25,23824.8,75,150,1549275
NIFTY-II.NFO,14/11/2024,09:28:27,23820.95,23818.95,250,23823.95,25,50,1549275
NIFTY-II.NFO,14/11/2024,09:28:28,23821.95,23821.25,25,23823.9,50,75,1549275
NIFTY-II.NFO,14/11/2024,09:28:30,23821.95,23821.25,25,23823.9,50,0,1549275
NIFTY-II.NFO,14/11/2024,09:28:32,23820.95,23817.45,25,23820.95,25,25,1549275
NIFTY-II.NFO,14/11/2024,09:28:33,23818.1,23812.2,75,23815.95,25,25,1549275
NIFTY-II.NFO,14/11/2024,09:28:35,23817.05,23816.3,25,23817.95,25,150,1549275
NIFTY-II.NFO,14/11/2024,09:28:37,23818.95,23816.5,25,23819.95,50,75,1549275
NIFTY-II.NFO,14/11/2024,09:28:38,23813.35,23815.95,25,23819.9,125,100,1549275
NIFTY-II.NFO,14/11/2024,09:28:40,23815.95,23817.45,25,23819.95,25,25,1549275
NIFTY-II.NFO,14/11/2024,09:28:42,23815.95,23819.8,25,23819.95,25,0,1549275
NIFTY-II.NFO,14/11/2024,09:28:43,23815.95,23819.8,75,23819.95,25,0,1549275
NIFTY-II.NFO,14/11/2024,09:28:45,23816.55,23816.55,200,23819.95,25,150,1549275
NIFTY-II.NFO,14/11/2024,09:28:47,23817.05,23816.05,150,23819.95,25,50,1549275
NIFTY-II.NFO,14/11/2024,09:28:48,23817.05,23815.05,150,23819.95,50,0,1549275
NIFTY-II.NFO,14/11/2024,09:28:50,23817.05,23815,75,23819.95,50,0,1549275
NIFTY-II.NFO,14/11/2024,09:28:52,23818.9,23815.05,200,23819.9,25,125,1549275
NIFTY-II.NFO,14/11/2024,09:28:53,23815,23815,25,23818.6,200,50,1549275
NIFTY-II.NFO,14/11/2024,09:28:55,23815.05,23815,25,23818.9,25,25,1549275
NIFTY-II.NFO,14/11/2024,09:28:57,23815.05,23816.25,750,23818.9,25,0,1549275
NIFTY-II.NFO,14/11/2024,09:28:58,23817.05,23817.55,150,23819.95,25,200,1549275
NIFTY-II.NFO,14/11/2024,09:29:00,23818.9,23817.8,150,23819.95,25,25,1549275
NIFTY-II.NFO,14/11/2024,09:29:02,23816.8,23817.05,125,23819.95,25,25,1549275
NIFTY-II.NFO,14/11/2024,09:29:03,23815.05,23815,100,23818.95,25,75,1549275
NIFTY-II.NFO,14/11/2024,09:29:05,23815.05,23815,100,23818.95,25,0,1549275
NIFTY-II.NFO,14/11/2024,09:29:07,23815.05,23815.05,50,23819.95,50,0,1549275
NIFTY-II.NFO,14/11/2024,09:29:08,23816.05,23816,25,23819,25,50,1549275
NIFTY-II.NFO,14/11/2024,09:29:10,23816.05,23816,25,23819,25,0,1549275
NIFTY-II.NFO,14/11/2024,09:29:12,23818.25,23817.75,750,23819.95,25,125,1549275
NIFTY-II.NFO,14/11/2024,09:29:13,23819.95,23819.3,25,23820.85,100,25,1549275
NIFTY-II.NFO,14/11/2024,09:29:15,23819.95,23819.55,25,23820.85,100,0,1549275
NIFTY-II.NFO,14/11/2024,09:29:17,23820.85,23819.8,25,23820.85,75,50,1549275
NIFTY-II.NFO,14/11/2024,09:29:18,23819.8,23816.85,25,23820.85,75,25,1549275
NIFTY-II.NFO,14/11/2024,09:29:20,23819.8,23817.25,725,23820.85,75,0,1549275
NIFTY-II.NFO,14/11/2024,09:29:22,23819.8,23819,25,23820.85,75,0,1549275
NIFTY-II.NFO,14/11/2024,09:29:23,23823.35,23815.7,25,23822.4,200,100,1549275
NIFTY-II.NFO,14/11/2024,09:29:25,23815.75,23815,75,23820.9,25,25,1549275
NIFTY-II.NFO,14/11/2024,09:29:27,23815,23815,50,23817.75,75,25,1549275
NIFTY-II.NFO,14/11/2024,09:29:28,23815,23815,25,23818.95,25,25,1549275
NIFTY-II.NFO,14/11/2024,09:29:30,23815,23815,775,23822.05,200,0,1549275
NIFTY-II.NFO,14/11/2024,09:29:32,23815,23815,25,23818.75,200,0,1549275
NIFTY-II.NFO,14/11/2024,09:29:33,23815,23811.9,125,23815.9,125,25,1549275
NIFTY-II.NFO,14/11/2024,09:29:35,23813.9,23810.75,750,23813.85,150,25,1549275
NIFTY-II.NFO,14/11/2024,09:29:37,23813.9,23811.5,750,23813.85,150,0,1549275
NIFTY-II.NFO,14/11/2024,09:29:38,23810.5,23810.5,750,23813.95,25,225,1549275
NIFTY-II.NFO,14/11/2024,09:29:40,23813.9,23813.75,750,23819.9,200,25,1549275
NIFTY-II.NFO,14/11/2024,09:29:42,23816.5,23815.75,725,23819.9,50,25,1549275
NIFTY-II.NFO,14/11/2024,09:29:43,23819.8,23814.25,675,23816.95,25,350,1549275
NIFTY-II.NFO,14/11/2024,09:29:45,23820.1,23818.5,625,23827.05,200,125,1549275
NIFTY-II.NFO,14/11/2024,09:29:47,23822.1,23820.7,25,23827.85,50,25,1549275
NIFTY-II.NFO,14/11/2024,09:29:48,23822.1,23821.05,25,23824.9,75,0,1549275
NIFTY-II.NFO,14/11/2024,09:29:50,23818.65,23819.3,175,23823.9,75,100,1549275
NIFTY-II.NFO,14/11/2024,09:29:52,23818.65,23817.5,400,23821,75,0,1549275
NIFTY-II.NFO,14/11/2024,09:29:53,23818.5,23817.75,375,23822.9,100,25,1549275
NIFTY-II.NFO,14/11/2024,09:29:55,23816.25,23816.75,25,23823.5,200,25,1549275
NIFTY-II.NFO,14/11/2024,09:29:57,23816.25,23816.75,25,23821.9,100,0,1549275
NIFTY-II.NFO,14/11/2024,09:29:58,23822.9,23815,1125,23818.9,50,75,1549275
NIFTY-II.NFO,14/11/2024,09:30:00,23822.6,23818.25,350,23825.65,25,250,1549275
NIFTY-II.NFO,14/11/2024,09:30:02,23819,23819.65,75,23825.7,50,300,1549275
NIFTY-II.NFO,14/11/2024,09:30:03,23819.85,23818.8,25,23825.7,50,25,1549275
NIFTY-II.NFO,14/11/2024,09:30:05,23819.85,23820.55,125,23825.7,125,0,1549275
NIFTY-II.NFO,14/11/2024,09:30:07,23819.85,23823.3,125,23829.9,125,0,1549275
NIFTY-II.NFO,14/11/2024,09:30:08,23819.85,23821.75,50,23825.9,125,0,1549275
NIFTY-II.NFO,14/11/2024,09:30:10,23819.85,23816.3,375,23820.9,125,0,1549275
NIFTY-II.NFO,14/11/2024,09:30:12,23820.9,23816.1,325,23819.9,75,50,1549275
NIFTY-II.NFO,14/11/2024,09:30:13,23816,23816.25,125,23819.9,75,25,1549275
NIFTY-II.NFO,14/11/2024,09:30:15,23815.55,23815.6,125,23818.95,25,125,1549275
NIFTY-II.NFO,14/11/2024,09:30:17,23816.3,23816.45,125,23822.9,50,25,1549275
NIFTY-II.NFO,14/11/2024,09:30:18,23816.3,23817,125,23821.9,150,0,1549275
NIFTY-II.NFO,14/11/2024,09:30:20,23816.3,23817.6,25,23822.8,175,0,1549275
NIFTY-II.NFO,14/11/2024,09:30:22,23821.85,23820.3,125,23824.95,25,250,1549275
NIFTY-II.NFO,14/11/2024,09:30:23,23821.35,23820.1,125,23825.95,25,50,1549275
NIFTY-II.NFO,14/11/2024,09:30:25,23820,23821.1,125,23827.55,50,25,1549275
NIFTY-II.NFO,14/11/2024,09:30:27,23821.25,23822.9,25,23829.5,200,25,1549275
NIFTY-II.NFO,14/11/2024,09:30:28,23822.85,23821.9,125,23825.95,25,25,1549275
NIFTY-II.NFO,14/11/2024,09:30:30,23822.65,23824.4,125,23829.8,75,25,1549275
NIFTY-II.NFO,14/11/2024,09:30:32,23829.8,23826.85,125,23829.8,50,25,1549275
NIFTY-II.NFO,14/11/2024,09:30:35,23829.95,23828.3,50,23834.35,50,50,1549275
NIFTY-II.NFO,14/11/2024,09:30:37,23829.95,23825.5,650,23830.9,50,0,1549275
NIFTY-II.NFO,14/11/2024,09:30:38,23829.95,23825.75,700,23831.85,200,0,1549275
NIFTY-II.NFO,14/11/2024,09:30:40,23829.95,23822.8,25,23827.8,200,0,1549275
NIFTY-II.NFO,14/11/2024,09:30:42,23829.95,23822.8,25,23825.8,200,0,1549275
NIFTY-II.NFO,14/11/2024,09:30:43,23821.45,23820,75,23821.45,200,50,1549275
NIFTY-II.NFO,14/11/2024,09:30:45,23820,23816,1075,23819.8,50,100,1549275
NIFTY-II.NFO,14/11/2024,09:30:47,23820,23816,1075,23819.2,200,0,1549275
NIFTY-II.NFO,14/11/2024,09:30:48,23820,23816,1075,23819.8,200,0,1549275
NIFTY-II.NFO,14/11/2024,09:30:50,23820,23816,1075,23819.8,250,0,1549275
NIFTY-II.NFO,14/11/2024,09:30:52,23820,23816,1075,23820.8,200,0,1549275
NIFTY-II.NFO,14/11/2024,09:30:53,23820,23816.1,100,23819.9,175,0,1549275
NIFTY-II.NFO,14/11/2024,09:30:55,23817.55,23817.2,25,23821.75,175,25,1550900
NIFTY-II.NFO,14/11/2024,09:30:57,23819.9,23816,1050,23819.9,150,75,1550900
NIFTY-II.NFO,14/11/2024,09:30:58,23819.9,23816,1050,23819.75,225,0,1550900
NIFTY-II.NFO,14/11/2024,09:31:00,23819.9,23816.8,100,23819.75,225,0,1550900
NIFTY-II.NFO,14/11/2024,09:31:02,23819.9,23817.9,25,23819.75,225,0,1550900
NIFTY-II.NFO,14/11/2024,09:31:03,23819.75,23818.95,25,23819.75,100,125,1550900
NIFTY-II.NFO,14/11/2024,09:31:05,23822.35,23822.85,50,23828.3,200,150,1550900
NIFTY-II.NFO,14/11/2024,09:31:07,23822.35,23822.3,25,23830.15,200,0,1550900
NIFTY-II.NFO,14/11/2024,09:31:08,23822.35,23823.35,25,23830.3,75,0,1550900
NIFTY-II.NFO,14/11/2024,09:31:10,23822.35,23823.4,50,23830.05,75,0,1550900
NIFTY-II.NFO,14/11/2024,09:31:12,23822.35,23821.1,25,23828.9,200,0,1550900
NIFTY-II.NFO,14/11/2024,09:31:13,23824,23821.2,50,23827.9,200,75,1550900
NIFTY-II.NFO,14/11/2024,09:31:15,23828.3,23823.1,50,23828.3,25,100,1550900
NIFTY-II.NFO,14/11/2024,09:31:17,23828.3,23824.05,25,23830.8,50,0,1550900
NIFTY-II.NFO,14/11/2024,09:31:18,23828.3,23824.1,50,23830.8,50,0,1550900
NIFTY-II.NFO,14/11/2024,09:31:20,23828.3,23824.3,50,23830.9,200,0,1550900
NIFTY-II.NFO,14/11/2024,09:31:22,23828,23826.75,50,23833.15,75,250,1550900
NIFTY-II.NFO,14/11/2024,09:31:23,23828,23823.45,50,23828.3,25,0,1550900
NIFTY-II.NFO,14/11/2024,09:31:25,23828,23824.6,25,23828.3,25,0,1550900
NIFTY-II.NFO,14/11/2024,09:31:27,23828.3,23825.45,50,23830.9,75,25,1550900
NIFTY-II.NFO,14/11/2024,09:31:28,23828.3,23828,25,23831.35,75,0,1550900
NIFTY-II.NFO,14/11/2024,09:31:30,23828.3,23828,25,23830.3,200,0,1550900
NIFTY-II.NFO,14/11/2024,09:31:32,23828.3,23828,25,23831.1,200,0,1550900
NIFTY-II.NFO,14/11/2024,09:31:33,23828.3,23828,25,23833.25,25,0,1550900
NIFTY-II.NFO,14/11/2024,09:31:35,23828.3,23829.05,25,23832.7,75,0,1550900
NIFTY-II.NFO,14/11/2024,09:31:37,23828.3,23829.05,25,23832.55,75,0,1550900
NIFTY-II.NFO,14/11/2024,09:31:38,23829.05,23829.05,25,23833.3,75,25,1550900
NIFTY-II.NFO,14/11/2024,09:31:40,23829.05,23828.45,25,23831.65,200,0,1550900
NIFTY-II.NFO,14/11/2024,09:31:42,23824,23824,1025,23827.35,200,50,1550900
NIFTY-II.NFO,14/11/2024,09:31:43,23824,23824,950,23825.4,200,75,1550900
NIFTY-II.NFO,14/11/2024,09:31:45,23824,23822.65,25,23826.1,250,950,1550900
NIFTY-II.NFO,14/11/2024,09:31:47,23822.65,23820,25,23823.5,200,225,1550900
NIFTY-II.NFO,14/11/2024,09:31:48,23822.65,23820,25,23825.9,250,0,1550900
NIFTY-II.NFO,14/11/2024,09:31:50,23822.65,23820,25,23824.9,200,0,1550900
NIFTY-II.NFO,14/11/2024,09:31:52,23822.65,23820,25,23826.3,200,0,1550900
NIFTY-II.NFO,14/11/2024,09:31:53,23822.65,23820,25,23825.45,250,0,1550900
NIFTY-II.NFO,14/11/2024,09:31:55,23821.9,23816.65,75,23821.9,75,50,1550900
NIFTY-II.NFO,14/11/2024,09:31:56,23821.9,23817,450,23821.45,75,0,1550900
NIFTY-II.NFO,14/11/2024,09:31:58,23821.9,23817.05,25,23821.45,75,0,1550900
NIFTY-II.NFO,14/11/2024,09:32:00,23821.9,23816.25,25,23821.45,75,0,1550900
NIFTY-II.NFO,14/11/2024,09:32:01,23821.9,23816.05,25,23821.45,75,0,1550900
NIFTY-II.NFO,14/11/2024,09:32:03,23821.9,23820.4,125,23821.45,75,0,1550900
NIFTY-II.NFO,14/11/2024,09:32:05,23822.65,23820.05,25,23822.65,275,100,1550900
NIFTY-II.NFO,14/11/2024,09:32:06,23822.65,23820.05,25,23822.65,125,150,1550900
NIFTY-II.NFO,14/11/2024,09:32:08,23822.65,23819.05,25,23822.65,125,0,1550900
NIFTY-II.NFO,14/11/2024,09:32:10,23822.65,23818.05,25,23822.6,25,0,1550900
NIFTY-II.NFO,14/11/2024,09:32:11,23822.65,23819.05,25,23822.6,25,0,1550900
NIFTY-II.NFO,14/11/2024,09:32:13,23818.05,23818,25,23822.55,200,25,1550900
NIFTY-II.NFO,14/11/2024,09:32:15,23818.05,23818,25,23822.55,200,0,1550900
NIFTY-II.NFO,14/11/2024,09:32:16,23818,23815,50,23820.9,200,25,1550900
NIFTY-II.NFO,14/11/2024,09:32:18,23818,23815,50,23817.9,200,0,1550900
NIFTY-II.NFO,14/11/2024,09:32:20,23818,23816.05,25,23821.95,200,0,1550900
NIFTY-II.NFO,14/11/2024,09:32:21,23818,23817.05,25,23821.95,200,0,1550900
NIFTY-II.NFO,14/11/2024,09:32:23,23818,23818.05,25,23822,25,0,1550900
NIFTY-II.NFO,14/11/2024,09:32:25,23821.95,23815,50,23818,25,25,1550900
NIFTY-II.NFO,14/11/2024,09:32:27,23821.95,23815.05,25,23818,25,0,1550900
NIFTY-II.NFO,14/11/2024,09:32:28,23821.95,23815,50,23818,25,0,1550900
NIFTY-II.NFO,14/11/2024,09:32:35,23821.95,23815,50,23817.15,200,0,1550900
NIFTY-II.NFO,14/11/2024,09:32:37,23817,23815,50,23817.7,200,100,1550900
NIFTY-II.NFO,14/11/2024,09:32:38,23815,23815,25,23817.8,200,25,1550900
NIFTY-II.NFO,14/11/2024,09:32:40,23815,23815,25,23817.95,200,0,1550900
NIFTY-II.NFO,14/11/2024,09:32:42,23815,23815,25,23817.85,200,0,1550900
NIFTY-II.NFO,14/11/2024,09:32:43,23815,23815,25,23818,50,0,1550900
NIFTY-II.NFO,14/11/2024,09:32:45,23815,23815.1,125,23818,50,0,1550900
NIFTY-II.NFO,14/11/2024,09:32:47,23816.2,23817.8,25,23818,50,25,1550900
NIFTY-II.NFO,14/11/2024,09:32:48,23817.8,23816.45,100,23818,50,25,1550900
NIFTY-II.NFO,14/11/2024,09:32:50,23817.8,23816.45,100,23818,50,0,1550900
NIFTY-II.NFO,14/11/2024,09:32:52,23818,23816.4,100,23818,25,25,1550900
NIFTY-II.NFO,14/11/2024,09:32:53,23817.25,23817.25,25,23822,25,150,1550900
NIFTY-II.NFO,14/11/2024,09:32:55,23821.95,23818.05,25,23822,25,25,1550900
NIFTY-II.NFO,14/11/2024,09:32:57,23821.95,23817.8,100,23822,25,0,1550900
NIFTY-II.NFO,14/11/2024,09:32:58,23817.8,23817.8,100,23821.6,200,25,1550900
NIFTY-II.NFO,14/11/2024,09:33:00,23817.8,23817,25,23819.4,200,100,1550900
NIFTY-II.NFO,14/11/2024,09:33:02,23817.8,23817,25,23821.8,200,0,1550900
NIFTY-II.NFO,14/11/2024,09:33:03,23815,23815,50,23819.5,200,50,1550900
NIFTY-II.NFO,14/11/2024,09:33:05,23815,23815,50,23819.9,200,0,1550900
NIFTY-II.NFO,14/11/2024,09:33:07,23815,23817.25,325,23820.8,200,0,1550900
NIFTY-II.NFO,14/11/2024,09:33:08,23817.25,23817.25,300,23821.6,200,25,1550900
NIFTY-II.NFO,14/11/2024,09:33:10,23817.25,23817.25,200,23819.35,200,100,1550900
NIFTY-II.NFO,14/11/2024,09:33:12,23819.85,23815,100,23819.95,200,225,1550900
NIFTY-II.NFO,14/11/2024,09:33:13,23819.85,23815,100,23819.9,200,0,1550900
NIFTY-II.NFO,14/11/2024,09:33:15,23815,23815,25,23817.3,225,125,1550900
NIFTY-II.NFO,14/11/2024,09:33:17,23813.05,23812.1,50,23819.75,200,125,1550900
NIFTY-II.NFO,14/11/2024,09:33:18,23810.15,23810.15,75,23816.95,25,150,1550900
NIFTY-II.NFO,14/11/2024,09:33:20,23808.55,23808.75,500,23814.95,25,125,1550900
NIFTY-II.NFO,14/11/2024,09:33:22,23812.05,23811.1,50,23817.9,200,100,1550900
NIFTY-II.NFO,14/11/2024,09:33:23,23810.2,23810.55,50,23815.95,25,50,1550900
NIFTY-II.NFO,14/11/2024,09:33:25,23814.25,23813.8,50,23820,25,150,1550900
NIFTY-II.NFO,14/11/2024,09:33:27,23819.9,23811.3,75,23817.95,25,75,1550900
NIFTY-II.NFO,14/11/2024,09:33:28,23819.9,23812.8,75,23818.95,25,0,1550900
NIFTY-II.NFO,14/11/2024,09:33:30,23819.95,23816.45,100,23820,25,25,1550900
NIFTY-II.NFO,14/11/2024,09:33:32,23819.95,23817.45,150,23820,25,0,1550900
NIFTY-II.NFO,14/11/2024,09:33:33,23820,23818.1,100,23819.9,25,25,1550900
NIFTY-II.NFO,14/11/2024,09:33:35,23819.9,23820.05,100,23821.9,25,25,1550900
NIFTY-II.NFO,14/11/2024,09:33:37,23820.2,23820.2,125,23821.9,25,25,1550900
NIFTY-II.NFO,14/11/2024,09:33:38,23821.9,23819.1,75,23821.95,300,25,1550900
NIFTY-II.NFO,14/11/2024,09:33:40,23821.95,23820,75,23821.95,275,25,1550900
NIFTY-II.NFO,14/11/2024,09:33:42,23827.75,23824.05,25,23828.25,25,375,1550900
NIFTY-II.NFO,14/11/2024,09:33:43,23827.75,23824.05,25,23828.25,25,0,1550900
NIFTY-II.NFO,14/11/2024,09:33:45,23821.9,23824.05,25,23828.25,25,275,1550900
NIFTY-II.NFO,14/11/2024,09:33:47,23821.9,23823.1,75,23828.25,25,0,1550900
NIFTY-II.NFO,14/11/2024,09:33:48,23821.9,23817.75,75,23824.45,200,0,1550900
NIFTY-II.NFO,14/11/2024,09:33:50,23823.45,23818.3,75,23824.45,225,100,1550900
NIFTY-II.NFO,14/11/2024,09:33:52,23823.45,23821.9,25,23825.25,200,0,1550900
NIFTY-II.NFO,14/11/2024,09:33:53,23823.45,23821.9,25,23824.2,200,0,1550900
NIFTY-II.NFO,14/11/2024,09:33:55,23823.45,23821.9,25,23825.45,200,0,1550900
NIFTY-II.NFO,14/11/2024,09:33:56,23821.9,23814.35,100,23821.95,25,25,1551475
NIFTY-II.NFO,14/11/2024,09:33:58,23814.35,23816.1,50,23821.95,25,50,1551475
NIFTY-II.NFO,14/11/2024,09:34:00,23814.35,23815.4,100,23821.95,25,0,1551475
NIFTY-II.NFO,14/11/2024,09:34:01,23814.35,23815.7,50,23822.9,200,0,1551475
NIFTY-II.NFO,14/11/2024,09:34:03,23814.35,23815.5,50,23822.9,200,0,1551475
NIFTY-II.NFO,14/11/2024,09:34:05,23815.2,23817.7,200,23823.45,25,275,1551475
NIFTY-II.NFO,14/11/2024,09:34:06,23825.7,23818.7,200,23826.8,175,50,1551475
NIFTY-II.NFO,14/11/2024,09:34:08,23825.7,23818.85,200,23825.9,175,0,1551475
NIFTY-II.NFO,14/11/2024,09:34:10,23825.7,23822.95,25,23826.8,175,0,1551475
NIFTY-II.NFO,14/11/2024,09:34:11,23825.7,23824.45,25,23827.45,175,0,1551475
NIFTY-II.NFO,14/11/2024,09:34:13,23827.3,23824.45,25,23827.8,50,225,1551475
NIFTY-II.NFO,14/11/2024,09:34:15,23827.3,23824.45,25,23828.3,25,0,1551475
NIFTY-II.NFO,14/11/2024,09:34:16,23822.45,23822.4,400,23829,25,300,1551475
NIFTY-II.NFO,14/11/2024,09:34:18,23829,23827.15,200,23830,300,25,1551475
NIFTY-II.NFO,14/11/2024,09:34:20,23829,23824.1,200,23829.95,25,0,1551475
NIFTY-II.NFO,14/11/2024,09:34:21,23830,23826.55,200,23830,200,125,1551475
NIFTY-II.NFO,14/11/2024,09:34:23,23830,23828.45,200,23830,200,0,1551475
NIFTY-II.NFO,14/11/2024,09:34:25,23829.2,23827.6,375,23834.4,25,225,1551475
NIFTY-II.NFO,14/11/2024,09:34:26,23829.2,23824.1,75,23830,200,0,1551475
NIFTY-II.NFO,14/11/2024,09:34:28,23825.15,23824.25,150,23831.25,200,25,1551475
NIFTY-II.NFO,14/11/2024,09:34:30,23825.15,23822,150,23829.45,200,0,1551475
NIFTY-II.NFO,14/11/2024,09:34:31,23831.65,23825.35,175,23831.65,200,25,1551475
NIFTY-II.NFO,14/11/2024,09:34:33,23831.65,23822.95,175,23830.1,200,0,1551475
NIFTY-II.NFO,14/11/2024,09:34:35,23830.95,23822.35,175,23829.6,200,50,1551475
NIFTY-II.NFO,14/11/2024,09:34:36,23830.8,23824.35,200,23831.5,175,50,1551475
NIFTY-II.NFO,14/11/2024,09:34:38,23830.8,23826.9,50,23833.7,175,0,1551475
NIFTY-II.NFO,14/11/2024,09:34:40,23830.8,23823.3,200,23830.1,175,0,1551475
NIFTY-II.NFO,14/11/2024,09:34:42,23830.8,23824.8,50,23831.7,175,0,1551475
NIFTY-II.NFO,14/11/2024,09:34:43,23830.8,23821,50,23827.7,175,0,1551475
NIFTY-II.NFO,14/11/2024,09:34:45,23825.05,23825.05,50,23829,25,25,1551475
NIFTY-II.NFO,14/11/2024,09:34:47,23825.05,23824.7,50,23829,25,0,1551475
NIFTY-II.NFO,14/11/2024,09:34:48,23825.05,23826,50,23829,25,0,1551475
NIFTY-II.NFO,14/11/2024,09:34:50,23825.05,23824.15,250,23829,25,0,1551475
NIFTY-II.NFO,14/11/2024,09:34:52,23825.05,23823.05,200,23829,25,0,1551475
NIFTY-II.NFO,14/11/2024,09:34:53,23825.05,23823.55,50,23828.95,25,0,1551475
NIFTY-II.NFO,14/11/2024,09:34:55,23825.05,23820.5,50,23826.95,175,0,1551475
NIFTY-II.NFO,14/11/2024,09:34:56,23825.05,23820,25,23825,175,0,1551475
NIFTY-II.NFO,14/11/2024,09:34:58,23825.05,23820,25,23823,175,0,1551475
NIFTY-II.NFO,14/11/2024,09:35:00,23823.9,23820,25,23823.55,150,25,1551475
NIFTY-II.NFO,14/11/2024,09:35:01,23820,23814.35,25,23820.45,150,25,1551475
NIFTY-II.NFO,14/11/2024,09:35:03,23820,23814.35,25,23819.9,150,0,1551475
NIFTY-II.NFO,14/11/2024,09:35:05,23819.4,23814.35,25,23819.9,100,50,1551475
NIFTY-II.NFO,14/11/2024,09:35:06,23819.4,23815,25,23818.55,100,0,1551475
NIFTY-II.NFO,14/11/2024,09:35:08,23819.4,23815,25,23820.9,100,0,1551475
NIFTY-II.NFO,14/11/2024,09:35:10,23814.35,23811.95,200,23818,100,50,1551475
NIFTY-II.NFO,14/11/2024,09:35:11,23814.35,23813,200,23818.95,25,0,1551475
NIFTY-II.NFO,14/11/2024,09:35:13,23814.35,23814.1,50,23819.95,100,0,1551475
NIFTY-II.NFO,14/11/2024,09:35:15,23820,23815.95,75,23821.45,100,50,1551475
NIFTY-II.NFO,14/11/2024,09:35:16,23820,23816.25,75,23821.45,100,0,1551475
NIFTY-II.NFO,14/11/2024,09:35:18,23820.25,23813.2,50,23820.05,50,125,1551475
NIFTY-II.NFO,14/11/2024,09:35:20,23820.25,23813.15,200,23820.1,50,0,1551475
NIFTY-II.NFO,14/11/2024,09:35:21,23820.25,23814.05,50,23820.75,800,0,1551475
NIFTY-II.NFO,14/11/2024,09:35:23,23812.05,23810.3,250,23816.2,50,25,1551475
NIFTY-II.NFO,14/11/2024,09:35:25,23815.85,23810.05,25,23815.85,50,50,1551475
NIFTY-II.NFO,14/11/2024,09:35:26,23815.85,23810.05,25,23814.9,50,0,1551475
NIFTY-II.NFO,14/11/2024,09:35:28,23815.85,23814.6,25,23817.75,25,0,1551475
NIFTY-II.NFO,14/11/2024,09:35:30,23815.85,23814.6,25,23819.35,25,0,1551475
NIFTY-II.NFO,14/11/2024,09:35:31,23815.85,23814.6,25,23819.6,25,0,1551475
NIFTY-II.NFO,14/11/2024,09:35:33,23815.85,23814.6,25,23817.8,25,0,1551475
NIFTY-II.NFO,14/11/2024,09:35:35,23815.85,23815.05,200,23820,50,0,1551475
NIFTY-II.NFO,14/11/2024,09:35:36,23815.85,23815.1,200,23820,50,0,1551475
NIFTY-II.NFO,14/11/2024,09:35:38,23815.4,23815.35,50,23820,50,25,1551475
NIFTY-II.NFO,14/11/2024,09:35:40,23815.4,23814.6,25,23818.95,50,0,1551475
NIFTY-II.NFO,14/11/2024,09:35:41,23819.75,23814.6,25,23818.8,25,25,1551475
NIFTY-II.NFO,14/11/2024,09:35:43,23820,23814.6,25,23820.4,50,50,1551475
NIFTY-II.NFO,14/11/2024,09:35:45,23820,23816.95,200,23824.75,750,0,1551475
NIFTY-II.NFO,14/11/2024,09:35:46,23820,23818.25,50,23822.25,50,0,1551475
NIFTY-II.NFO,14/11/2024,09:35:48,23820,23815.45,50,23820.95,25,0,1551475
NIFTY-II.NFO,14/11/2024,09:35:50,23820,23817.6,200,23825.2,25,0,1551475
NIFTY-II.NFO,14/11/2024,09:35:51,23822.8,23816.55,50,23822.95,25,25,1551475
NIFTY-II.NFO,14/11/2024,09:35:53,23822.8,23815.75,50,23821.95,50,0,1551475
NIFTY-II.NFO,14/11/2024,09:35:55,23822.8,23817,50,23824.5,600,0,1551475
NIFTY-II.NFO,14/11/2024,09:35:56,23822.8,23814.6,25,23820.5,425,0,1551475
NIFTY-II.NFO,14/11/2024,09:35:58,23819.6,23814.6,25,23815,100,50,1551475
NIFTY-II.NFO,14/11/2024,09:36:00,23819.6,23814.6,25,23815,100,0,1551475
NIFTY-II.NFO,14/11/2024,09:36:06,23814.6,23810.05,25,23815,100,25,1551475
NIFTY-II.NFO,14/11/2024,09:36:08,23814.6,23810.2,200,23815,100,0,1551475
NIFTY-II.NFO,14/11/2024,09:36:10,23814.6,23810.55,50,23815,100,0,1551475
NIFTY-II.NFO,14/11/2024,09:36:11,23814.5,23810.05,25,23813.75,50,25,1551475
NIFTY-II.NFO,14/11/2024,09:36:13,23810.05,23810,25,23814.95,50,25,1551475
NIFTY-II.NFO,14/11/2024,09:36:15,23810.05,23810.4,50,23815,100,0,1551475
NIFTY-II.NFO,14/11/2024,09:36:16,23810.05,23810.3,50,23815,100,0,1551475
NIFTY-II.NFO,14/11/2024,09:36:18,23815,23812.55,50,23815,50,50,1551475
NIFTY-II.NFO,14/11/2024,09:36:20,23815,23812.35,50,23815,25,25,1551475
NIFTY-II.NFO,14/11/2024,09:36:21,23815,23813.6,200,23819.6,75,25,1551475
NIFTY-II.NFO,14/11/2024,09:36:23,23815.55,23815.55,200,23819.6,75,50,1551475
NIFTY-II.NFO,14/11/2024,09:36:25,23816.85,23817.75,250,23819.6,75,75,1551475
NIFTY-II.NFO,14/11/2024,09:36:26,23819.6,23819.8,200,23822.8,125,100,1551475
NIFTY-II.NFO,14/11/2024,09:36:28,23819.6,23820.35,200,23822.8,125,0,1551475
NIFTY-II.NFO,14/11/2024,09:36:30,23819.55,23821.9,200,23822.8,75,50,1551475
NIFTY-II.NFO,14/11/2024,09:36:31,23823,23824.4,200,23829.95,25,100,1551475
NIFTY-II.NFO,14/11/2024,09:36:33,23823,23828.2,200,23830,75,0,1551475
NIFTY-II.NFO,14/11/2024,09:36:35,23830,23827.55,25,23834.1,175,75,1551475
NIFTY-II.NFO,14/11/2024,09:36:36,23830,23824.65,200,23831.6,175,0,1551475
NIFTY-II.NFO,14/11/2024,09:36:38,23831.2,23823.25,50,23830.2,150,25,1551475
NIFTY-II.NFO,14/11/2024,09:36:40,23823.05,23825.25,50,23831.95,150,25,1551475
NIFTY-II.NFO,14/11/2024,09:36:41,23823.05,23819.95,75,23826.7,150,0,1551475
NIFTY-II.NFO,14/11/2024,09:36:43,23823.05,23820,200,23826.9,150,0,1551475
NIFTY-II.NFO,14/11/2024,09:36:45,23819.9,23820.2,200,23827.15,150,25,1551475
NIFTY-II.NFO,14/11/2024,09:36:47,23819.9,23820,200,23825.8,25,0,1551475
NIFTY-II.NFO,14/11/2024,09:36:48,23819.9,23820.55,200,23827.75,150,0,1551475
NIFTY-II.NFO,14/11/2024,09:36:50,23819.9,23821.65,200,23828.1,150,0,1551475
NIFTY-II.NFO,14/11/2024,09:36:52,23828.2,23822.2,200,23828.55,125,25,1552050
NIFTY-II.NFO,14/11/2024,09:36:53,23828.2,23821.55,200,23828.75,125,0,1552050
NIFTY-II.NFO,14/11/2024,09:36:55,23821.25,23820.55,200,23827.75,150,25,1552050
NIFTY-II.NFO,14/11/2024,09:36:57,23821.25,23821.8,200,23828.8,150,0,1552050
NIFTY-II.NFO,14/11/2024,09:36:58,23828.55,23820,25,23825.85,125,25,1552050
NIFTY-II.NFO,14/11/2024,09:37:00,23828.55,23820,25,23825.5,125,0,1552050
NIFTY-II.NFO,14/11/2024,09:37:02,23828.55,23820,25,23820.55,25,0,1552050
NIFTY-II.NFO,14/11/2024,09:37:07,23820,23819.9,25,23821.55,125,25,1552050
NIFTY-II.NFO,14/11/2024,09:37:08,23822.7,23820.55,25,23822.85,100,25,1552050
NIFTY-II.NFO,14/11/2024,09:37:10,23824.4,23820.55,25,23823.85,75,25,1552050
NIFTY-II.NFO,14/11/2024,09:37:12,23824.4,23820.55,25,23822.7,75,0,1552050
NIFTY-II.NFO,14/11/2024,09:37:13,23820.85,23815,25,23821.75,50,175,1552050
NIFTY-II.NFO,14/11/2024,09:37:15,23822.05,23815,25,23821.45,50,125,1552050
NIFTY-II.NFO,14/11/2024,09:37:17,23819.75,23816,50,23822.95,25,25,1552050
NIFTY-II.NFO,14/11/2024,09:37:18,23820,23820,175,23823.45,50,25,1552050
NIFTY-II.NFO,14/11/2024,09:37:20,23820,23815,25,23820.2,50,200,1552050
NIFTY-II.NFO,14/11/2024,09:37:22,23815,23812.85,250,23819.9,50,25,1552050
NIFTY-II.NFO,14/11/2024,09:37:23,23819.9,23812.75,200,23819.9,50,25,1552050
NIFTY-II.NFO,14/11/2024,09:37:25,23812.05,23811.6,200,23818.4,25,25,1552050
NIFTY-II.NFO,14/11/2024,09:37:27,23820,23812.5,200,23819.9,25,250,1552050
NIFTY-II.NFO,14/11/2024,09:37:28,23813.25,23812.95,200,23819.95,25,25,1552050
NIFTY-II.NFO,14/11/2024,09:37:30,23813.3,23813.3,200,23819.95,25,25,1552050
NIFTY-II.NFO,14/11/2024,09:37:32,23813.3,23812.45,200,23819.5,50,0,1552050
NIFTY-II.NFO,14/11/2024,09:37:33,23820,23812.55,200,23820,250,200,1552050
NIFTY-II.NFO,14/11/2024,09:37:35,23811.3,23811.8,200,23818.9,25,25,1552050
NIFTY-II.NFO,14/11/2024,09:37:37,23819.9,23813.15,25,23819.75,350,25,1552050
NIFTY-II.NFO,14/11/2024,09:37:38,23819.9,23813.25,25,23818.25,350,0,1552050
NIFTY-II.NFO,14/11/2024,09:37:40,23819.9,23813.25,25,23818.95,25,0,1552050
NIFTY-II.NFO,14/11/2024,09:37:42,23819.9,23813.6,25,23818.95,25,0,1552050
NIFTY-II.NFO,14/11/2024,09:37:43,23819.9,23814.1,200,23819.95,25,0,1552050
NIFTY-II.NFO,14/11/2024,09:37:45,23819.9,23813.6,25,23820.9,50,0,1552050
NIFTY-II.NFO,14/11/2024,09:37:47,23819.9,23813.6,25,23819.25,800,0,1552050
NIFTY-II.NFO,14/11/2024,09:37:48,23819.9,23813.65,50,23819.95,25,0,1552050
NIFTY-II.NFO,14/11/2024,09:37:50,23819.9,23813.6,25,23819.95,25,0,1552050
NIFTY-II.NFO,14/11/2024,09:37:52,23819.9,23813.6,25,23819.95,25,25,1552050
NIFTY-II.NFO,14/11/2024,09:37:53,23819.9,23813.75,200,23821.5,750,0,1552050
NIFTY-II.NFO,14/11/2024,09:37:55,23819.9,23813.6,25,23818.95,25,0,1552050
NIFTY-II.NFO,14/11/2024,09:37:58,23819.9,23814.7,50,23819,25,0,1552050
NIFTY-II.NFO,14/11/2024,09:38:00,23819.9,23814.85,50,23819,25,0,1552050
NIFTY-II.NFO,14/11/2024,09:38:02,23819.9,23814.7,50,23819,25,0,1552050
NIFTY-II.NFO,14/11/2024,09:38:03,23819.9,23813.65,200,23819,25,0,1552050
NIFTY-II.NFO,14/11/2024,09:38:05,23819,23814.55,50,23820.95,25,25,1552050
NIFTY-II.NFO,14/11/2024,09:38:07,23813.6,23813.65,50,23819.95,25,25,1552050
NIFTY-II.NFO,14/11/2024,09:38:08,23815.1,23813.65,50,23820.75,25,25,1552050
NIFTY-II.NFO,14/11/2024,09:38:10,23815.1,23809.4,50,23816.55,25,0,1552050
NIFTY-II.NFO,14/11/2024,09:38:12,23815.1,23808.35,75,23812.9,25,0,1552050
NIFTY-II.NFO,14/11/2024,09:38:13,23815.1,23808.55,200,23812.9,25,0,1552050
NIFTY-II.NFO,14/11/2024,09:38:15,23816.5,23809.5,200,23812.85,25,300,1552050
NIFTY-II.NFO,14/11/2024,09:38:17,23812.85,23808.55,200,23814.9,25,25,1552050
NIFTY-II.NFO,14/11/2024,09:38:18,23812.85,23808.7,200,23814.9,25,0,1552050
NIFTY-II.NFO,14/11/2024,09:38:20,23812.85,23809.85,200,23813.9,25,0,1552050
NIFTY-II.NFO,14/11/2024,09:38:22,23813.9,23812.85,25,23819,50,25,1552050
NIFTY-II.NFO,14/11/2024,09:38:23,23813.9,23813.3,200,23818.95,25,0,1552050
NIFTY-II.NFO,14/11/2024,09:38:25,23813.9,23814.1,200,23818.95,25,0,1552050
NIFTY-II.NFO,14/11/2024,09:38:27,23813.9,23816.35,200,23818.95,25,0,1552050
NIFTY-II.NFO,14/11/2024,09:38:28,23819.1,23816.45,200,23820,25,100,1552050
NIFTY-II.NFO,14/11/2024,09:38:30,23819.1,23816.3,200,23820,25,0,1552050
NIFTY-II.NFO,14/11/2024,09:38:32,23819.1,23815,200,23819.95,25,0,1552050
NIFTY-II.NFO,14/11/2024,09:38:33,23819.1,23813.4,200,23819.95,50,0,1552050
NIFTY-II.NFO,14/11/2024,09:38:35,23819.1,23814.3,50,23818.95,25,0,1552050
NIFTY-II.NFO,14/11/2024,09:38:37,23819.1,23815.4,200,23820.95,25,0,1552050
NIFTY-II.NFO,14/11/2024,09:38:38,23823.45,23817.4,50,23823.7,50,125,1552050
NIFTY-II.NFO,14/11/2024,09:38:40,23822.95,23817.3,50,23823.45,50,25,1552050
NIFTY-II.NFO,14/11/2024,09:38:42,23822.95,23817.1,50,23823.7,50,0,1552050
NIFTY-II.NFO,14/11/2024,09:38:43,23822.95,23818.75,50,23824,1000,0,1552050
NIFTY-II.NFO,14/11/2024,09:38:45,23822.95,23817.3,50,23823.7,50,0,1552050
NIFTY-II.NFO,14/11/2024,09:38:47,23814.95,23815.75,200,23822.65,25,25,1552050
NIFTY-II.NFO,14/11/2024,09:38:48,23814.95,23818.85,50,23823.95,25,0,1552050
NIFTY-II.NFO,14/11/2024,09:38:50,23814.95,23819.3,200,23823.95,25,0,1552050
NIFTY-II.NFO,14/11/2024,09:38:52,23814.95,23818.65,200,23823.95,25,0,1552050
NIFTY-II.NFO,14/11/2024,09:38:53,23814.95,23821.75,200,23823.95,25,0,1552050
NIFTY-II.NFO,14/11/2024,09:38:55,23814.95,23819.55,200,23823.95,25,0,1552050
NIFTY-II.NFO,14/11/2024,09:38:57,23820.05,23819.55,200,23822,25,75,1552050
NIFTY-II.NFO,14/11/2024,09:38:58,23820.05,23816.85,200,23822,25,0,1552050
NIFTY-II.NFO,14/11/2024,09:39:00,23820.05,23813,75,23819.7,100,0,1552050
NIFTY-II.NFO,14/11/2024,09:39:02,23820.05,23813.25,50,23819.9,100,0,1552050
NIFTY-II.NFO,14/11/2024,09:39:03,23820.05,23813.55,50,23820.4,100,0,1552050
NIFTY-II.NFO,14/11/2024,09:39:05,23815.05,23814,100,23819.65,100,25,1552050
NIFTY-II.NFO,14/11/2024,09:39:07,23815.05,23814,100,23820.15,150,0,1552050
NIFTY-II.NFO,14/11/2024,09:39:08,23815.05,23814,100,23819.75,150,0,1552050
NIFTY-II.NFO,14/11/2024,09:39:10,23815.05,23814,100,23818.9,100,0,1552050
NIFTY-II.NFO,14/11/2024,09:39:12,23815.05,23814,100,23818,100,0,1552050
NIFTY-II.NFO,14/11/2024,09:39:13,23815.05,23814,100,23815.05,25,0,1552050
NIFTY-II.NFO,14/11/2024,09:39:15,23815.05,23814.05,200,23815.05,25,0,1552050
NIFTY-II.NFO,14/11/2024,09:39:17,23815.05,23814,100,23819.05,100,25,1552050
NIFTY-II.NFO,14/11/2024,09:39:18,23815.05,23814,100,23818.05,100,0,1552050
NIFTY-II.NFO,14/11/2024,09:39:20,23815.05,23814.15,200,23820,75,0,1552050
NIFTY-II.NFO,14/11/2024,09:39:22,23815.05,23815.75,250,23819.95,25,0,1552050
NIFTY-II.NFO,14/11/2024,09:39:23,23815.05,23815.4,200,23819.95,25,0,1552050
NIFTY-II.NFO,14/11/2024,09:39:25,23815.05,23817.25,200,23819.95,25,0,1552050
NIFTY-II.NFO,14/11/2024,09:39:27,23820,23820.5,200,23822,25,75,1552050
NIFTY-II.NFO,14/11/2024,09:39:28,23820,23816.7,200,23821.95,25,0,1552050
NIFTY-II.NFO,14/11/2024,09:39:30,23820,23814,100,23819.7,50,0,1552050
NIFTY-II.NFO,14/11/2024,09:39:32,23819.95,23814.7,200,23821.7,100,25,1552050
NIFTY-II.NFO,14/11/2024,09:39:33,23819.95,23815.9,200,23821.95,25,0,1552050
NIFTY-II.NFO,14/11/2024,09:39:35,23819.95,23815,75,23820.85,100,0,1552050
NIFTY-II.NFO,14/11/2024,09:39:37,23822.9,23815.05,200,23822,50,625,1552050
NIFTY-II.NFO,14/11/2024,09:39:38,23822.9,23815,75,23821.75,50,0,1552050
NIFTY-II.NFO,14/11/2024,09:39:40,23822.9,23815,75,23820.95,50,0,1552050
NIFTY-II.NFO,14/11/2024,09:39:42,23822.9,23820,25,23822,50,0,1552050
NIFTY-II.NFO,14/11/2024,09:39:43,23820,23815,75,23820.9,50,25,1552050
NIFTY-II.NFO,14/11/2024,09:39:45,23820,23815.05,50,23821.3,50,0,1552050
NIFTY-II.NFO,14/11/2024,09:39:47,23820,23815,150,23821.55,50,0,1552050
NIFTY-II.NFO,14/11/2024,09:39:48,23820,23815,150,23820.45,25,0,1552050
NIFTY-II.NFO,14/11/2024,09:39:50,23820,23815.75,200,23821.95,25,0,1552050
NIFTY-II.NFO,14/11/2024,09:39:52,23820,23815.05,200,23823.65,50,0,1552050
NIFTY-II.NFO,14/11/2024,09:39:53,23820,23815,150,23820.95,75,0,1552050
NIFTY-II.NFO,14/11/2024,09:39:55,23820,23815,150,23819.95,25,0,1552050
NIFTY-II.NFO,14/11/2024,09:39:57,23815,23815.35,200,23822.7,50,125,1553350
NIFTY-II.NFO,14/11/2024,09:39:58,23815,23816.55,200,23823.8,50,0,1553350
NIFTY-II.NFO,14/11/2024,09:40:00,23816.75,23815.05,200,23821.7,25,25,1553350
NIFTY-II.NFO,14/11/2024,09:40:02,23816.75,23815,25,23819.75,25,0,1553350
NIFTY-II.NFO,14/11/2024,09:40:03,23816.75,23815.05,50,23821.05,25,0,1553350
NIFTY-II.NFO,14/11/2024,09:40:05,23816.75,23815,25,23819.95,25,0,1553350
NIFTY-II.NFO,14/11/2024,09:40:07,23816.75,23815,25,23816.75,25,0,1553350
NIFTY-II.NFO,14/11/2024,09:40:12,23816.75,23815,25,23816.6,25,0,1553350
NIFTY-II.NFO,14/11/2024,09:40:13,23816.75,23815,25,23816.75,25,0,1553350
NIFTY-II.NFO,14/11/2024,09:40:15,23816.75,23815,25,23816.7,25,0,1553350
NIFTY-II.NFO,14/11/2024,09:40:17,23814,23814,75,23816.7,25,50,1553350
NIFTY-II.NFO,14/11/2024,09:40:18,23814,23814,75,23815.8,25,0,1553350
NIFTY-II.NFO,14/11/2024,09:40:20,23813,23808.1,75,23811.9,25,150,1553350
NIFTY-II.NFO,14/11/2024,09:40:22,23815,23810.35,50,23815.95,25,25,1553350
NIFTY-II.NFO,14/11/2024,09:40:23,23809.35,23809.55,200,23812.95,25,50,1553350
NIFTY-II.NFO,14/11/2024,09:40:25,23815.9,23808.4,75,23813.9,50,25,1553350
NIFTY-II.NFO,14/11/2024,09:40:27,23811.9,23808,100,23811.9,25,25,1553350
NIFTY-II.NFO,14/11/2024,09:40:28,23811.9,23808.05,50,23814.95,75,0,1553350
NIFTY-II.NFO,14/11/2024,09:40:30,23811.9,23808.8,50,23815.5,50,0,1553350
NIFTY-II.NFO,14/11/2024,09:40:32,23811.9,23810.05,50,23816.6,25,0,1553350
NIFTY-II.NFO,14/11/2024,09:40:33,23811.9,23808,100,23814.4,50,0,1553350
NIFTY-II.NFO,14/11/2024,09:40:35,23808,23808,75,23813.9,50,25,1553350
NIFTY-II.NFO,14/11/2024,09:40:37,23808,23808,50,23810.5,50,25,1553350
NIFTY-II.NFO,14/11/2024,09:40:38,23808,23808,50,23810.95,25,0,1553350
NIFTY-II.NFO,14/11/2024,09:40:40,23812.6,23808,50,23812.9,50,25,1553350
NIFTY-II.NFO,14/11/2024,09:40:42,23812.6,23808,50,23813.75,50,0,1553350
NIFTY-II.NFO,14/11/2024,09:40:43,23812.6,23808.05,50,23813.85,25,0,1553350
NIFTY-II.NFO,14/11/2024,09:40:45,23808,23808,25,23813.6,50,25,1553350
NIFTY-II.NFO,14/11/2024,09:40:47,23807.4,23808.85,200,23815.9,50,50,1553350
NIFTY-II.NFO,14/11/2024,09:40:48,23807.4,23807.75,200,23814.5,75,0,1553350
NIFTY-II.NFO,14/11/2024,09:40:50,23807.4,23811.3,200,23815.85,25,0,1553350
NIFTY-II.NFO,14/11/2024,09:40:52,23811.2,23811.05,200,23815.85,25,50,1553350
NIFTY-II.NFO,14/11/2024,09:40:53,23816,23809.4,200,23815.95,75,100,1553350
NIFTY-II.NFO,14/11/2024,09:40:55,23816,23809.1,200,23814.95,25,0,1553350
NIFTY-II.NFO,14/11/2024,09:40:56,23810.55,23809.2,200,23815.95,25,50,1553350
NIFTY-II.NFO,14/11/2024,09:40:58,23810.55,23808.5,200,23815.25,25,0,1553350
NIFTY-II.NFO,14/11/2024,09:41:00,23810.55,23812.45,200,23819.35,50,0,1553350
NIFTY-II.NFO,14/11/2024,09:41:01,23810.55,23816.7,25,23819.65,125,0,1553350
NIFTY-II.NFO,14/11/2024,09:41:03,23810.55,23816.7,25,23819.75,125,0,1553350
NIFTY-II.NFO,14/11/2024,09:41:05,23810.55,23816.7,25,23819.95,25,0,1553350
NIFTY-II.NFO,14/11/2024,09:41:07,23810.55,23816.7,25,23819.95,150,0,1553350
NIFTY-II.NFO,14/11/2024,09:41:08,23815.95,23810.4,200,23816.5,50,50,1553350
NIFTY-II.NFO,14/11/2024,09:41:10,23815.95,23815.05,200,23819.95,25,0,1553350
NIFTY-II.NFO,14/11/2024,09:41:12,23815.95,23815.2,200,23819.95,25,0,1553350
NIFTY-II.NFO,14/11/2024,09:41:13,23815.95,23815.1,200,23819.95,25,0,1553350
NIFTY-II.NFO,14/11/2024,09:41:15,23816.85,23817.05,100,23819.95,25,175,1553350
NIFTY-II.NFO,14/11/2024,09:41:17,23816.85,23817,100,23819.95,25,0,1553350
NIFTY-II.NFO,14/11/2024,09:41:18,23816.85,23816.6,75,23819.95,25,0,1553350
NIFTY-II.NFO,14/11/2024,09:41:20,23819.95,23817.05,100,23820,1125,25,1553350
NIFTY-II.NFO,14/11/2024,09:41:22,23819.95,23817.55,100,23820,1125,0,1553350
NIFTY-II.NFO,14/11/2024,09:41:23,23817.15,23817.55,100,23820,1125,25,1553350
NIFTY-II.NFO,14/11/2024,09:41:25,23817.15,23818.4,100,23820,1125,0,1553350
NIFTY-II.NFO,14/11/2024,09:41:27,23817.15,23816.85,50,23820,1125,0,1553350
NIFTY-II.NFO,14/11/2024,09:41:28,23817.15,23816.05,50,23820,1125,0,1553350
NIFTY-II.NFO,14/11/2024,09:41:30,23819.95,23812.8,150,23819.95,200,75,1553350
NIFTY-II.NFO,14/11/2024,09:41:32,23818.25,23809.95,50,23817.3,200,50,1553350
NIFTY-II.NFO,14/11/2024,09:41:33,23818.25,23807.45,50,23814.7,200,0,1553350
NIFTY-II.NFO,14/11/2024,09:41:35,23818.25,23810,25,23816.1,200,0,1553350
NIFTY-II.NFO,14/11/2024,09:41:37,23818.25,23810,25,23814.8,200,0,1553350
NIFTY-II.NFO,14/11/2024,09:41:38,23810,23806.9,50,23814,200,75,1553350
NIFTY-II.NFO,14/11/2024,09:41:40,23814,23805.9,75,23812.05,175,25,1553350
NIFTY-II.NFO,14/11/2024,09:41:42,23814,23805.55,25,23810.95,175,0,1553350
NIFTY-II.NFO,14/11/2024,09:41:43,23811.05,23804.55,50,23811.25,125,225,1553350
NIFTY-II.NFO,14/11/2024,09:41:45,23811.55,23804.05,75,23809.35,25,125,1553350
NIFTY-II.NFO,14/11/2024,09:41:47,23791,23790,100,23794.8,200,1625,1553350
NIFTY-II.NFO,14/11/2024,09:41:47,23791,23790,100,23794.8,200,0,1553350
NIFTY-II.NFO,14/11/2024,09:41:48,23789.85,23786,25,23788.45,200,150,1553350
NIFTY-II.NFO,14/11/2024,09:41:48,23789.85,23786,25,23788.45,200,0,1553350
NIFTY-II.NFO,14/11/2024,09:41:50,23786.9,23783.8,25,23786.8,200,75,1553350
NIFTY-II.NFO,14/11/2024,09:41:50,23786,23783.8,25,23786.8,200,0,1553350
NIFTY-II.NFO,14/11/2024,09:41:52,23778,23776,225,23778.95,25,275,1553350
NIFTY-II.NFO,14/11/2024,09:41:52,23778,23776,225,23778.95,25,0,1553350
NIFTY-II.NFO,14/11/2024,09:41:53,23775.95,23775.8,50,23776.95,25,850,1553350
NIFTY-II.NFO,14/11/2024,09:41:53,23773.4,23775.8,50,23776.95,25,0,1553350
NIFTY-II.NFO,14/11/2024,09:41:55,23777.95,23773.45,50,23777.95,25,75,1553350
NIFTY-II.NFO,14/11/2024,09:41:56,23777.95,23773.4,200,23776.7,200,0,1553350
NIFTY-II.NFO,14/11/2024,09:41:58,23764.9,23760.15,50,23764.9,50,575,1553350
NIFTY-II.NFO,14/11/2024,09:41:58,23760,23760.15,50,23764.9,50,0,1553350
NIFTY-II.NFO,14/11/2024,09:42:00,23753.65,23752.4,50,23756.9,200,350,1553350
NIFTY-II.NFO,14/11/2024,09:42:00,23753.65,23752.4,50,23756.9,200,0,1553350
NIFTY-II.NFO,14/11/2024,09:42:01,23755.7,23753.6,50,23756.95,25,100,1553350
NIFTY-II.NFO,14/11/2024,09:42:03,23753.1,23752.3,25,23754.7,200,75,1553350
NIFTY-II.NFO,14/11/2024,09:42:03,23753.1,23752.3,25,23754.7,200,0,1553350
NIFTY-II.NFO,14/11/2024,09:42:05,23755,23752.3,25,23755.85,200,125,1553350
NIFTY-II.NFO,14/11/2024,09:42:06,23755.95,23753.35,25,23756.9,25,400,1553350
NIFTY-II.NFO,14/11/2024,09:42:06,23750.15,23753.35,25,23756.9,25,0,1553350
NIFTY-II.NFO,14/11/2024,09:42:08,23760,23758.3,50,23761.4,50,100,1553350
NIFTY-II.NFO,14/11/2024,09:42:10,23760.75,23755.65,50,23760.7,50,50,1553350
NIFTY-II.NFO,14/11/2024,09:42:11,23757.1,23758.7,50,23765.6,50,900,1553350
NIFTY-II.NFO,14/11/2024,09:42:13,23761.55,23762.35,175,23768.75,250,50,1553350
NIFTY-II.NFO,14/11/2024,09:42:15,23766.3,23766.3,25,23770,25,125,1553350
NIFTY-II.NFO,14/11/2024,09:42:16,23766.3,23764.5,50,23769.95,50,75,1553350
NIFTY-II.NFO,14/11/2024,09:42:18,23769.15,23768.25,50,23773.15,50,75,1553350
NIFTY-II.NFO,14/11/2024,09:42:20,23763.45,23765.05,25,23768.85,50,100,1553350
NIFTY-II.NFO,14/11/2024,09:42:21,23771.45,23769.15,50,23773.4,50,100,1553350
NIFTY-II.NFO,14/11/2024,09:42:23,23772.85,23772.85,50,23777.75,50,100,1553350
NIFTY-II.NFO,14/11/2024,09:42:25,23774.55,23773.5,50,23778.95,50,50,1553350
NIFTY-II.NFO,14/11/2024,09:42:26,23775.2,23774.9,250,23778.95,50,100,1553350
NIFTY-II.NFO,14/11/2024,09:42:28,23778.95,23774.65,250,23779.25,50,75,1553350
NIFTY-II.NFO,14/11/2024,09:42:30,23773.7,23773.6,25,23777.2,50,100,1553350
NIFTY-II.NFO,14/11/2024,09:42:31,23773.6,23771,200,23774.95,50,25,1553350
NIFTY-II.NFO,14/11/2024,09:42:35,23772.3,23773.3,150,23775,50,100,1553350
NIFTY-II.NFO,14/11/2024,09:42:36,23775.75,23774.65,150,23780.65,50,175,1553350
NIFTY-II.NFO,14/11/2024,09:42:38,23774.35,23775.8,100,23781.3,50,75,1553350
NIFTY-II.NFO,14/11/2024,09:42:40,23780.85,23775.65,50,23780,25,50,1553350
NIFTY-II.NFO,14/11/2024,09:42:41,23779.85,23775,25,23780,25,50,1553350
NIFTY-II.NFO,14/11/2024,09:42:43,23776.3,23776.5,25,23780,25,25,1553350
NIFTY-II.NFO,14/11/2024,09:42:45,23780,23775.6,25,23782.1,50,25,1553350
NIFTY-II.NFO,14/11/2024,09:42:46,23776.1,23776.1,25,23779.65,25,25,1553350
NIFTY-II.NFO,14/11/2024,09:42:48,23779.65,23780,25,23783.8,25,25,1553350
NIFTY-II.NFO,14/11/2024,09:42:50,23779.65,23780,25,23783.75,200,0,1553350
NIFTY-II.NFO,14/11/2024,09:42:51,23779.65,23780,25,23783.3,200,0,1553350
NIFTY-II.NFO,14/11/2024,09:42:53,23779.95,23779.95,100,23783.8,25,50,1553975
NIFTY-II.NFO,14/11/2024,09:42:55,23784.7,23779.95,75,23784.65,200,150,1553975
NIFTY-II.NFO,14/11/2024,09:42:56,23786.1,23780.5,50,23787.85,75,325,1553975
NIFTY-II.NFO,14/11/2024,09:42:58,23786.1,23783.85,200,23787.95,25,0,1553975
NIFTY-II.NFO,14/11/2024,09:43:00,23787.95,23787.45,200,23789.9,25,125,1553975
NIFTY-II.NFO,14/11/2024,09:43:01,23792.5,23784.1,200,23790.7,50,150,1553975
NIFTY-II.NFO,14/11/2024,09:43:03,23792.5,23789.35,50,23796.2,50,0,1553975
NIFTY-II.NFO,14/11/2024,09:43:05,23792.5,23786,50,23792.6,50,0,1553975
NIFTY-II.NFO,14/11/2024,09:43:06,23792.5,23789.35,50,23797,50,0,1553975
NIFTY-II.NFO,14/11/2024,09:43:08,23792.5,23786.4,50,23793.4,25,75,1553975
NIFTY-II.NFO,14/11/2024,09:43:10,23792.5,23786,50,23789.65,50,0,1553975
NIFTY-II.NFO,14/11/2024,09:43:11,23790.65,23786,50,23788.7,50,25,1553975
NIFTY-II.NFO,14/11/2024,09:43:13,23786.5,23784.85,25,23788.65,50,75,1553975
NIFTY-II.NFO,14/11/2024,09:43:15,23782,23781.25,50,23788.9,125,50,1553975
NIFTY-II.NFO,14/11/2024,09:43:16,23790.35,23780.65,200,23789.15,50,225,1553975
NIFTY-II.NFO,14/11/2024,09:43:18,23790.35,23782.1,50,23790.35,50,0,1553975
NIFTY-II.NFO,14/11/2024,09:43:20,23782.8,23782.8,50,23789.9,50,75,1553975
NIFTY-II.NFO,14/11/2024,09:43:21,23782.8,23784.75,50,23791.45,50,0,1553975
NIFTY-II.NFO,14/11/2024,09:43:23,23787.9,23788,50,23789.95,25,25,1553975
NIFTY-II.NFO,14/11/2024,09:43:25,23788.5,23789.55,50,23796.8,75,225,1553975
NIFTY-II.NFO,14/11/2024,09:43:27,23789.75,23789.85,200,23796.7,25,150,1553975
NIFTY-II.NFO,14/11/2024,09:43:28,23792.35,23792.2,50,23798.25,200,250,1553975
NIFTY-II.NFO,14/11/2024,09:43:30,23792.35,23793,125,23798.5,25,0,1553975
NIFTY-II.NFO,14/11/2024,09:43:32,23792.35,23794,175,23799.2,75,0,1553975
NIFTY-II.NFO,14/11/2024,09:43:33,23792.35,23791.9,75,23797.15,200,0,1553975
NIFTY-II.NFO,14/11/2024,09:43:35,23789.45,23789.45,50,23795.6,50,175,1553975
NIFTY-II.NFO,14/11/2024,09:43:37,23789.45,23792.35,25,23794.8,200,0,1553975
NIFTY-II.NFO,14/11/2024,09:43:38,23789.45,23792.35,25,23796.15,200,0,1553975
NIFTY-II.NFO,14/11/2024,09:43:40,23789.45,23792.35,25,23796.2,50,0,1553975
NIFTY-II.NFO,14/11/2024,09:43:42,23789.45,23792.35,25,23795.45,250,0,1553975
NIFTY-II.NFO,14/11/2024,09:43:43,23792.35,23788,25,23793,50,25,1553975
NIFTY-II.NFO,14/11/2024,09:43:45,23788,23785.9,75,23793.5,200,25,1553975
NIFTY-II.NFO,14/11/2024,09:43:47,23793.9,23787.7,175,23795.8,200,25,1553975
NIFTY-II.NFO,14/11/2024,09:43:48,23793.9,23786.2,175,23792.85,50,0,1553975
NIFTY-II.NFO,14/11/2024,09:43:50,23793.9,23789.2,50,23796.9,200,0,1553975
NIFTY-II.NFO,14/11/2024,09:43:52,23793.9,23789.95,125,23797.25,200,0,1553975
NIFTY-II.NFO,14/11/2024,09:43:53,23793.9,23789.85,50,23797.45,50,0,1553975
NIFTY-II.NFO,14/11/2024,09:43:55,23793.9,23791.2,50,23793.9,25,0,1553975
NIFTY-II.NFO,14/11/2024,09:43:56,23789.65,23791.45,50,23793.9,25,200,1553975
NIFTY-II.NFO,14/11/2024,09:43:58,23795.2,23794.55,50,23799.9,25,350,1553975
NIFTY-II.NFO,14/11/2024,09:44:00,23795.2,23795.5,50,23799.9,25,0,1553975
NIFTY-II.NFO,14/11/2024,09:44:01,23803,23803,50,23806.85,50,225,1553975
NIFTY-II.NFO,14/11/2024,09:44:03,23809.15,23803,50,23808.5,25,50,1553975
NIFTY-II.NFO,14/11/2024,09:44:05,23809.15,23803,50,23806.3,50,0,1553975
NIFTY-II.NFO,14/11/2024,09:44:06,23806.05,23803,50,23808.5,25,25,1553975
NIFTY-II.NFO,14/11/2024,09:44:08,23803,23803.2,50,23809.95,25,150,1553975
NIFTY-II.NFO,14/11/2024,09:44:10,23799.95,23799.5,125,23808.6,200,25,1553975
NIFTY-II.NFO,14/11/2024,09:44:11,23803.15,23804.35,50,23809.95,25,25,1553975
NIFTY-II.NFO,14/11/2024,09:44:13,23811.15,23807,50,23811.15,50,100,1553975
NIFTY-II.NFO,14/11/2024,09:44:15,23811.15,23801.45,50,23809.55,200,0,1553975
NIFTY-II.NFO,14/11/2024,09:44:16,23811.15,23801.15,50,23808.45,50,0,1553975
NIFTY-II.NFO,14/11/2024,09:44:18,23811.15,23800,25,23804.45,50,0,1553975
NIFTY-II.NFO,14/11/2024,09:44:20,23800,23794.85,25,23801.3,50,25,1553975
NIFTY-II.NFO,14/11/2024,09:44:21,23800,23794,25,23800.35,200,0,1553975
NIFTY-II.NFO,14/11/2024,09:44:23,23800,23794,25,23799.95,50,0,1553975
NIFTY-II.NFO,14/11/2024,09:44:25,23800,23792.5,50,23800.1,50,0,1553975
NIFTY-II.NFO,14/11/2024,09:44:26,23800.75,23792.1,200,23799.2,50,350,1553975
NIFTY-II.NFO,14/11/2024,09:44:28,23800.75,23789.65,250,23798.15,100,0,1553975
NIFTY-II.NFO,14/11/2024,09:44:30,23796.7,23789.8,200,23796.9,50,25,1553975
NIFTY-II.NFO,14/11/2024,09:44:31,23790.65,23792.05,200,23799.35,50,100,1553975
NIFTY-II.NFO,14/11/2024,09:44:33,23790.65,23795.4,250,23799.95,25,0,1553975
NIFTY-II.NFO,14/11/2024,09:44:35,23800,23795.4,250,23802,50,25,1553975
NIFTY-II.NFO,14/11/2024,09:44:36,23803.9,23797.45,200,23805.45,125,25,1553975
NIFTY-II.NFO,14/11/2024,09:44:38,23803.9,23798.15,200,23805.55,125,0,1553975
NIFTY-II.NFO,14/11/2024,09:44:40,23798.8,23798.6,125,23805.7,200,150,1553975
NIFTY-II.NFO,14/11/2024,09:44:41,23798.8,23799.3,125,23806.1,200,0,1553975
NIFTY-II.NFO,14/11/2024,09:44:43,23798.4,23797.85,100,23804.7,50,25,1553975
NIFTY-II.NFO,14/11/2024,09:44:45,23798.4,23802.25,100,23808,25,0,1553975
NIFTY-II.NFO,14/11/2024,09:44:46,23801.35,23799.8,75,23806.5,200,25,1553975
NIFTY-II.NFO,14/11/2024,09:44:48,23801.35,23801.2,75,23808,25,0,1553975
NIFTY-II.NFO,14/11/2024,09:44:50,23801.35,23802.15,75,23808,25,0,1553975
NIFTY-II.NFO,14/11/2024,09:44:51,23801.35,23800.35,75,23806.5,200,0,1553975
NIFTY-II.NFO,14/11/2024,09:44:53,23801.35,23800.35,75,23806.4,200,0,1553975
NIFTY-II.NFO,14/11/2024,09:44:55,23801.35,23800.45,75,23807.85,200,0,1553975
NIFTY-II.NFO,14/11/2024,09:44:56,23800.4,23800.05,75,23807.25,200,25,1553975
NIFTY-II.NFO,14/11/2024,09:44:58,23800.4,23800.9,75,23807.65,200,0,1553975
NIFTY-II.NFO,14/11/2024,09:45:00,23800,23800,225,23805.65,200,50,1553975
NIFTY-II.NFO,14/11/2024,09:45:01,23800.65,23800,225,23805.15,50,25,1553975
NIFTY-II.NFO,14/11/2024,09:45:03,23800.85,23800.85,25,23808.7,200,175,1553975
NIFTY-II.NFO,14/11/2024,09:45:05,23808.7,23801.1,50,23808.25,200,100,1553975
NIFTY-II.NFO,14/11/2024,09:45:06,23801,23801,25,23807,200,125,1553975
NIFTY-II.NFO,14/11/2024,09:45:08,23806.8,23801,25,23805,25,200,1553975
NIFTY-II.NFO,14/11/2024,09:45:10,23805,23801,25,23805.1,200,25,1553975
NIFTY-II.NFO,14/11/2024,09:45:11,23801,23800,200,23803.9,200,50,1553975
NIFTY-II.NFO,14/11/2024,09:45:13,23800,23798,25,23800,25,225,1553975
NIFTY-II.NFO,14/11/2024,09:45:15,23805.45,23796.8,50,23803.15,250,300,1553975
NIFTY-II.NFO,14/11/2024,09:45:16,23803.5,23796.8,50,23803.9,50,25,1553975
NIFTY-II.NFO,14/11/2024,09:45:18,23796.7,23798.1,50,23805.15,50,25,1553975
NIFTY-II.NFO,14/11/2024,09:45:20,23800,23801,25,23804.85,50,25,1553975
NIFTY-II.NFO,14/11/2024,09:45:21,23800,23801,25,23802.65,200,0,1553975
NIFTY-II.NFO,14/11/2024,09:45:23,23801,23794,25,23799.2,200,125,1553975
NIFTY-II.NFO,14/11/2024,09:45:25,23794,23794,25,23799.35,200,25,1553975
NIFTY-II.NFO,14/11/2024,09:45:26,23794,23794.2,100,23798.25,50,50,1553975
NIFTY-II.NFO,14/11/2024,09:45:28,23794,23794.4,100,23802.65,200,0,1553975
NIFTY-II.NFO,14/11/2024,09:45:30,23799.2,23800.75,25,23803.35,25,25,1553975
NIFTY-II.NFO,14/11/2024,09:45:31,23800.75,23799.05,75,23805.7,50,25,1553975
NIFTY-II.NFO,14/11/2024,09:45:33,23806.6,23801.3,75,23805,75,50,1553975
NIFTY-II.NFO,14/11/2024,09:45:35,23801.35,23801,50,23805,75,25,1553975
NIFTY-II.NFO,14/11/2024,09:45:36,23800.4,23800.25,125,23804.95,25,50,1553975
NIFTY-II.NFO,14/11/2024,09:45:38,23800.4,23798,200,23804.7,50,0,1553975
NIFTY-II.NFO,14/11/2024,09:45:40,23800,23799.25,125,23805,75,75,1553975
NIFTY-II.NFO,14/11/2024,09:45:41,23800.6,23802.25,50,23807.95,25,225,1553975
NIFTY-II.NFO,14/11/2024,09:45:43,23800.6,23802.3,125,23805,25,0,1553975
NIFTY-II.NFO,14/11/2024,09:45:45,23800.6,23802.65,125,23804.95,25,0,1553975
NIFTY-II.NFO,14/11/2024,09:45:46,23800,23798.9,125,23804.9,50,25,1553975
NIFTY-II.NFO,14/11/2024,09:45:48,23800,23800.5,125,23805,25,0,1553975
NIFTY-II.NFO,14/11/2024,09:45:50,23799.45,23801.8,50,23805,50,225,1553975
NIFTY-II.NFO,14/11/2024,09:45:51,23805,23802.6,25,23809.25,50,50,1553975
NIFTY-II.NFO,14/11/2024,09:45:53,23809.05,23800.7,75,23808.2,200,75,1553975
NIFTY-II.NFO,14/11/2024,09:45:55,23801.25,23801.25,350,23807.5,200,100,1555025
NIFTY-II.NFO,14/11/2024,09:45:56,23800.25,23805.25,400,23810.6,50,25,1555025
NIFTY-II.NFO,14/11/2024,09:45:58,23804.25,23800.05,75,23806.3,200,100,1555025
NIFTY-II.NFO,14/11/2024,09:46:00,23804.25,23800,5025,23803.8,50,0,1555025
NIFTY-II.NFO,14/11/2024,09:46:01,23800,23800,5000,23802.75,75,25,1555025
NIFTY-II.NFO,14/11/2024,09:46:03,23800,23800,4900,23802.8,75,100,1555025
NIFTY-II.NFO,14/11/2024,09:46:05,23800,23800,4900,23802.7,200,50,1555025
NIFTY-II.NFO,14/11/2024,09:46:06,23800,23800,4225,23802.35,50,675,1555025
NIFTY-II.NFO,14/11/2024,09:46:08,23787.55,23790.65,200,23797.9,50,4425,1555025
NIFTY-II.NFO,14/11/2024,09:46:10,23797.85,23788.65,200,23795,50,75,1555025
NIFTY-II.NFO,14/11/2024,09:46:11,23797.85,23787.1,200,23792.95,50,0,1555025
NIFTY-II.NFO,14/11/2024,09:46:13,23797.85,23790.45,200,23797.85,50,0,1555025
NIFTY-II.NFO,14/11/2024,09:46:15,23790.1,23790.85,200,23798.15,50,50,1555025
NIFTY-II.NFO,14/11/2024,09:46:16,23790.1,23793,200,23800.35,50,0,1555025
NIFTY-II.NFO,14/11/2024,09:46:18,23790.1,23794.3,200,23801,50,0,1555025
NIFTY-II.NFO,14/11/2024,09:46:20,23794.4,23795.35,200,23800,25,25,1555025
NIFTY-II.NFO,14/11/2024,09:46:21,23794.4,23797.85,200,23800,25,0,1555025
NIFTY-II.NFO,14/11/2024,09:46:23,23800,23800.3,200,23806.65,50,25,1555025
NIFTY-II.NFO,14/11/2024,09:46:25,23800,23802.05,200,23809.25,200,0,1555025
NIFTY-II.NFO,14/11/2024,09:46:26,23800,23802.05,200,23808.9,200,0,1555025
NIFTY-II.NFO,14/11/2024,09:46:28,23800,23802.25,200,23808.9,50,0,1555025
NIFTY-II.NFO,14/11/2024,09:46:30,23800.65,23801.9,175,23807.95,25,50,1555025
NIFTY-II.NFO,14/11/2024,09:46:31,23800.65,23802.45,175,23809.05,50,0,1555025
NIFTY-II.NFO,14/11/2024,09:46:33,23803,23804.05,75,23809.9,50,100,1555025
NIFTY-II.NFO,14/11/2024,09:46:35,23802.6,23803.5,50,23810,50,25,1555025
NIFTY-II.NFO,14/11/2024,09:46:36,23802.6,23805.35,50,23810,50,0,1555025
NIFTY-II.NFO,14/11/2024,09:46:38,23819,23815.4,25,23820,1450,275,1555025
NIFTY-II.NFO,14/11/2024,09:46:40,23815.4,23818.35,125,23820,1450,25,1555025
NIFTY-II.NFO,14/11/2024,09:46:41,23820,23818.7,25,23820,1200,250,1555025
NIFTY-II.NFO,14/11/2024,09:46:43,23820,23819.5,25,23820,1200,0,1555025
NIFTY-II.NFO,14/11/2024,09:46:45,23822.8,23815.9,50,23822.7,200,1375,1555025
NIFTY-II.NFO,14/11/2024,09:46:46,23822.8,23817.35,50,23823.5,25,0,1555025
NIFTY-II.NFO,14/11/2024,09:46:48,23822.8,23820.05,50,23824.95,75,0,1555025
NIFTY-II.NFO,14/11/2024,09:46:50,23822.8,23820,50,23824.2,200,0,1555025
NIFTY-II.NFO,14/11/2024,09:46:51,23822.8,23820,50,23820.9,200,0,1555025
NIFTY-II.NFO,14/11/2024,09:46:53,23815.15,23814.45,100,23822.25,200,125,1555025
NIFTY-II.NFO,14/11/2024,09:46:55,23815.15,23814,25,23820.55,200,0,1555025
NIFTY-II.NFO,14/11/2024,09:46:56,23815.15,23813.35,50,23820.2,200,0,1555025
NIFTY-II.NFO,14/11/2024,09:46:58,23815.15,23815.4,50,23822.45,200,0,1555025
NIFTY-II.NFO,14/11/2024,09:47:00,23815.15,23815.05,50,23821.6,200,0,1555025
NIFTY-II.NFO,14/11/2024,09:47:01,23817.5,23811.75,75,23818.35,200,25,1555025
NIFTY-II.NFO,14/11/2024,09:47:03,23819.75,23814.65,50,23821.2,200,25,1555025
NIFTY-II.NFO,14/11/2024,09:47:05,23821.2,23816,25,23819,200,25,1555025
NIFTY-II.NFO,14/11/2024,09:47:06,23819,23816,25,23819.3,200,50,1555025
NIFTY-II.NFO,14/11/2024,09:47:08,23820.2,23816,25,23821.95,175,50,1555025
NIFTY-II.NFO,14/11/2024,09:47:10,23820.15,23816,25,23820.5,150,25,1555025
NIFTY-II.NFO,14/11/2024,09:47:11,23821.05,23816,25,23821.05,125,25,1555025
NIFTY-II.NFO,14/11/2024,09:47:13,23820.2,23816.1,50,23823.5,175,25,1555025
NIFTY-II.NFO,14/11/2024,09:47:15,23820.2,23816,25,23820.95,175,0,1555025
NIFTY-II.NFO,14/11/2024,09:47:16,23820.2,23816,25,23819.95,125,0,1555025
NIFTY-II.NFO,14/11/2024,09:47:18,23820,23816.05,50,23820,25,25,1555025
NIFTY-II.NFO,14/11/2024,09:47:20,23820,23817.3,200,23820,25,0,1555025
NIFTY-II.NFO,14/11/2024,09:47:21,23820,23816.45,200,23820,25,0,1555025
NIFTY-II.NFO,14/11/2024,09:47:23,23820,23818.55,50,23824.95,125,25,1555025
NIFTY-II.NFO,14/11/2024,09:47:25,23820,23819.35,200,23825,300,0,1555025
NIFTY-II.NFO,14/11/2024,09:47:26,23819,23819,25,23823.25,150,50,1555025
NIFTY-II.NFO,14/11/2024,09:47:28,23823.35,23818,25,23823.8,125,25,1555025
NIFTY-II.NFO,14/11/2024,09:47:30,23823.35,23816.35,250,23824.3,125,0,1555025
NIFTY-II.NFO,14/11/2024,09:47:31,23823.35,23817.95,50,23824.6,125,0,1555025
NIFTY-II.NFO,14/11/2024,09:47:33,23823.35,23815.05,200,23823.3,125,0,1555025
NIFTY-II.NFO,14/11/2024,09:47:35,23823.35,23818.95,50,23824.95,125,0,1555025
NIFTY-II.NFO,14/11/2024,09:47:36,23823.35,23820.65,200,23825,300,0,1555025
NIFTY-II.NFO,14/11/2024,09:47:38,23821.4,23820.7,200,23823.35,25,100,1555025
NIFTY-II.NFO,14/11/2024,09:47:40,23821.4,23817.5,200,23823.35,25,0,1555025
NIFTY-II.NFO,14/11/2024,09:47:41,23821.4,23817.25,200,23823.35,25,0,1555025
NIFTY-II.NFO,14/11/2024,09:47:43,23824.95,23818.15,200,23824.85,175,50,1555025
NIFTY-II.NFO,14/11/2024,09:47:45,23824.95,23820,25,23822.6,175,0,1555025
NIFTY-II.NFO,14/11/2024,09:47:46,23822.75,23820,25,23824.95,150,25,1555025
NIFTY-II.NFO,14/11/2024,09:47:48,23820,23814.55,200,23822.4,150,25,1555025
NIFTY-II.NFO,14/11/2024,09:47:50,23822.95,23817.45,200,23823.85,125,25,1555025
NIFTY-II.NFO,14/11/2024,09:47:51,23822.95,23818.9,200,23824.95,125,0,1555025
NIFTY-II.NFO,14/11/2024,09:47:53,23820,23815.55,200,23820,50,50,1555025
NIFTY-II.NFO,14/11/2024,09:47:55,23820,23814.7,200,23820,50,0,1555025
NIFTY-II.NFO,14/11/2024,09:47:56,23820,23816.1,200,23820,50,0,1555025
NIFTY-II.NFO,14/11/2024,09:47:58,23820,23815.3,200,23820,25,50,1555025
NIFTY-II.NFO,14/11/2024,09:48:00,23819.75,23814.85,200,23820,25,50,1555025
NIFTY-II.NFO,14/11/2024,09:48:01,23819.75,23815,25,23819.95,100,0,1555025
NIFTY-II.NFO,14/11/2024,09:48:03,23819.75,23817.1,25,23820,50,0,1555025
NIFTY-II.NFO,14/11/2024,09:48:06,23819.75,23815,25,23818.7,100,0,1555025
NIFTY-II.NFO,14/11/2024,09:48:08,23819.75,23815,25,23819.95,100,0,1555025
NIFTY-II.NFO,14/11/2024,09:48:10,23815,23815.65,200,23820,25,25,1555025
NIFTY-II.NFO,14/11/2024,09:48:11,23815.15,23814.8,200,23822,25,150,1555025
NIFTY-II.NFO,14/11/2024,09:48:13,23815.15,23814.95,200,23821.7,25,0,1555025
NIFTY-II.NFO,14/11/2024,09:48:15,23815.9,23817.45,25,23821.8,25,25,1555025
NIFTY-II.NFO,14/11/2024,09:48:16,23815.9,23817.45,25,23822.6,25,0,1555025
NIFTY-II.NFO,14/11/2024,09:48:18,23815.9,23817.45,25,23823.15,25,0,1555025
NIFTY-II.NFO,14/11/2024,09:48:20,23815.55,23817.45,25,23821.05,50,50,1555025
NIFTY-II.NFO,14/11/2024,09:48:21,23818.25,23815,25,23816.95,125,100,1555025
NIFTY-II.NFO,14/11/2024,09:48:23,23818.25,23815,25,23818.75,50,0,1555025
NIFTY-II.NFO,14/11/2024,09:48:25,23815.4,23814.5,25,23821.1,50,25,1555025
NIFTY-II.NFO,14/11/2024,09:48:26,23815.4,23814.5,25,23817.4,50,0,1555025
NIFTY-II.NFO,14/11/2024,09:48:28,23812,23812,4975,23814.25,125,50,1555025
NIFTY-II.NFO,14/11/2024,09:48:30,23814.1,23812,4975,23817.5,50,25,1555025
NIFTY-II.NFO,14/11/2024,09:48:31,23814.1,23812.15,200,23819.65,50,0,1555025
NIFTY-II.NFO,14/11/2024,09:48:33,23814.1,23812,4975,23817.2,100,0,1555025
NIFTY-II.NFO,14/11/2024,09:48:35,23812,23812,4900,23817.35,50,75,1555025
NIFTY-II.NFO,14/11/2024,09:48:36,23812,23812,4900,23817.9,50,0,1555025
NIFTY-II.NFO,14/11/2024,09:48:38,23812,23817,75,23817.8,75,0,1555025
NIFTY-II.NFO,14/11/2024,09:48:40,23817.8,23817,25,23817.65,75,75,1555025
NIFTY-II.NFO,14/11/2024,09:48:41,23817,23813.1,50,23819.9,50,25,1555025
NIFTY-II.NFO,14/11/2024,09:48:43,23817,23814.65,200,23820,25,0,1555025
NIFTY-II.NFO,14/11/2024,09:48:45,23815,23816.2,200,23820,125,75,1555025
NIFTY-II.NFO,14/11/2024,09:48:46,23815,23815.85,200,23820,125,0,1555025
NIFTY-II.NFO,14/11/2024,09:48:48,23815,23814.3,25,23819.45,125,0,1555025
NIFTY-II.NFO,14/11/2024,09:48:50,23815,23814.1,25,23817.05,250,0,1555025
NIFTY-II.NFO,14/11/2024,09:48:51,23814.1,23812,4925,23816.9,125,50,1555025
NIFTY-II.NFO,14/11/2024,09:48:53,23814.1,23812,4925,23816.5,125,0,1555025
NIFTY-II.NFO,14/11/2024,09:48:55,23812,23812,4700,23814.05,125,225,1558250
NIFTY-II.NFO,14/11/2024,09:48:56,23813.75,23812,4700,23813.2,100,25,1558250
NIFTY-II.NFO,14/11/2024,09:48:58,23812,23812,3550,23812.65,325,1250,1558250
NIFTY-II.NFO,14/11/2024,09:49:00,23812,23812,3525,23814.05,175,575,1558250
NIFTY-II.NFO,14/11/2024,09:49:01,23805.05,23805,25,23809.95,50,3750,1558250
NIFTY-II.NFO,14/11/2024,09:49:03,23805.05,23805,25,23809.8,50,0,1558250
NIFTY-II.NFO,14/11/2024,09:49:05,23805.05,23805.15,200,23811.65,25,0,1558250
NIFTY-II.NFO,14/11/2024,09:49:06,23811.4,23805,25,23811.4,25,25,1558250
NIFTY-II.NFO,14/11/2024,09:49:08,23811.4,23805,25,23811.4,25,0,1558250
NIFTY-II.NFO,14/11/2024,09:49:10,23811.4,23805.35,200,23812.4,50,0,1558250
NIFTY-II.NFO,14/11/2024,09:49:11,23811.4,23805,25,23811.2,50,0,1558250
NIFTY-II.NFO,14/11/2024,09:49:13,23811.4,23805,25,23811.7,50,0,1558250
NIFTY-II.NFO,14/11/2024,09:49:15,23811.4,23805,25,23811.05,75,0,1558250
NIFTY-II.NFO,14/11/2024,09:49:16,23805,23803.7,200,23809.95,25,25,1558250
NIFTY-II.NFO,14/11/2024,09:49:18,23805,23805.85,200,23811,250,0,1558250
NIFTY-II.NFO,14/11/2024,09:49:20,23805.3,23805,200,23810.85,50,50,1558250
NIFTY-II.NFO,14/11/2024,09:49:21,23805.3,23805.35,200,23811,250,0,1558250
NIFTY-II.NFO,14/11/2024,09:49:23,23807.15,23807.15,200,23811,250,25,1558250
NIFTY-II.NFO,14/11/2024,09:49:25,23807.15,23806.45,200,23811,250,0,1558250
NIFTY-II.NFO,14/11/2024,09:49:26,23805.8,23805.8,200,23811,250,50,1558250
NIFTY-II.NFO,14/11/2024,09:49:28,23805.8,23805.05,25,23810.45,50,0,1558250
NIFTY-II.NFO,14/11/2024,09:49:30,23810.45,23805.8,250,23810.9,50,225,1558250
NIFTY-II.NFO,14/11/2024,09:49:31,23805.8,23805.8,225,23809.9,50,25,1558250
NIFTY-II.NFO,14/11/2024,09:49:33,23805.8,23805.8,175,23809.95,50,50,1558250
NIFTY-II.NFO,14/11/2024,09:49:35,23805.8,23805.8,175,23809.35,50,0,1558250
NIFTY-II.NFO,14/11/2024,09:49:36,23805.8,23805.8,75,23809.9,50,100,1558250
NIFTY-II.NFO,14/11/2024,09:49:38,23805.8,23805.8,25,23809.1,50,50,1558250
NIFTY-II.NFO,14/11/2024,09:49:40,23805.8,23805,300,23805.8,25,50,1558250
NIFTY-II.NFO,14/11/2024,09:49:41,23805,23805,175,23805.8,25,125,1558250
NIFTY-II.NFO,14/11/2024,09:49:43,23805,23805,150,23805.8,25,25,1558250
NIFTY-II.NFO,14/11/2024,09:49:45,23805.8,23805.05,200,23809.9,50,25,1558250
NIFTY-II.NFO,14/11/2024,09:49:46,23810,23806.9,200,23812,25,150,1558250
NIFTY-II.NFO,14/11/2024,09:49:48,23810,23806.95,200,23812,25,0,1558250
NIFTY-II.NFO,14/11/2024,09:49:50,23810,23805.05,200,23811.8,75,0,1558250
NIFTY-II.NFO,14/11/2024,09:49:51,23809.1,23809.8,50,23812,25,25,1558250
NIFTY-II.NFO,14/11/2024,09:49:53,23812,23811.75,200,23814.9,25,25,1558250
NIFTY-II.NFO,14/11/2024,09:49:55,23816,23815.55,50,23820,150,275,1558250
NIFTY-II.NFO,14/11/2024,09:49:57,23812.45,23810.1,25,23815.9,100,75,1558250
NIFTY-II.NFO,14/11/2024,09:49:58,23812.45,23807,25,23813.35,100,0,1558250
NIFTY-II.NFO,14/11/2024,09:50:00,23805.2,23805,100,23809.9,50,200,1558250
NIFTY-II.NFO,14/11/2024,09:50:02,23809,23805,50,23809.4,100,200,1558250
NIFTY-II.NFO,14/11/2024,09:50:03,23809,23805,50,23807.75,100,0,1558250
NIFTY-II.NFO,14/11/2024,09:50:05,23805,23801.45,25,23806.7,100,50,1558250
NIFTY-II.NFO,14/11/2024,09:50:07,23805,23801.45,25,23806.95,25,0,1558250
NIFTY-II.NFO,14/11/2024,09:50:08,23805,23801.45,25,23807.65,100,0,1558250
NIFTY-II.NFO,14/11/2024,09:50:10,23801.8,23801.45,25,23807.7,125,25,1558250
NIFTY-II.NFO,14/11/2024,09:50:12,23801.8,23800,75,23806.15,125,0,1558250
NIFTY-II.NFO,14/11/2024,09:50:13,23801.8,23800.05,200,23806.9,125,0,1558250
NIFTY-II.NFO,14/11/2024,09:50:15,23801.8,23801,25,23805.95,125,0,1558250
NIFTY-II.NFO,14/11/2024,09:50:17,23801.8,23801.05,200,23807.15,125,0,1558250
NIFTY-II.NFO,14/11/2024,09:50:18,23801.8,23801,25,23806.45,125,0,1558250
NIFTY-II.NFO,14/11/2024,09:50:20,23801.8,23801,25,23806.2,125,0,1558250
NIFTY-II.NFO,14/11/2024,09:50:22,23801,23800.05,200,23806.05,125,25,1558250
NIFTY-II.NFO,14/11/2024,09:50:23,23801,23800,100,23804.65,125,0,1558250
NIFTY-II.NFO,14/11/2024,09:50:25,23801,23800,100,23804.9,50,0,1558250
NIFTY-II.NFO,14/11/2024,09:50:27,23801.05,23800.35,200,23806.9,50,25,1558250
NIFTY-II.NFO,14/11/2024,09:50:28,23801.5,23801.5,200,23806.95,25,25,1558250
NIFTY-II.NFO,14/11/2024,09:50:30,23801.5,23800.95,200,23806.95,25,25,1558250
NIFTY-II.NFO,14/11/2024,09:50:32,23801.5,23801.75,200,23805.95,25,0,1558250
NIFTY-II.NFO,14/11/2024,09:50:33,23801.5,23802.3,200,23808.9,50,0,1558250
NIFTY-II.NFO,14/11/2024,09:50:35,23801.25,23804,25,23807.95,25,50,1558250
NIFTY-II.NFO,14/11/2024,09:50:37,23801.25,23805.75,175,23810,25,0,1558250
NIFTY-II.NFO,14/11/2024,09:50:38,23801.25,23807.15,175,23810,25,0,1558250
NIFTY-II.NFO,14/11/2024,09:50:40,23807.15,23803.8,75,23810,25,100,1558250
NIFTY-II.NFO,14/11/2024,09:50:42,23807.15,23805.45,75,23810,25,0,1558250
NIFTY-II.NFO,14/11/2024,09:50:43,23807.15,23805.8,75,23810,25,0,1558250
NIFTY-II.NFO,14/11/2024,09:50:45,23807.15,23802.45,75,23808.8,100,0,1558250
NIFTY-II.NFO,14/11/2024,09:50:47,23802,23807.15,25,23808.8,100,25,1558250
NIFTY-II.NFO,14/11/2024,09:50:48,23802,23807.15,25,23808.8,100,0,1558250
NIFTY-II.NFO,14/11/2024,09:50:50,23807.15,23801.05,50,23807.35,200,25,1558250
NIFTY-II.NFO,14/11/2024,09:50:52,23807.15,23801.15,50,23807.85,50,0,1558250
NIFTY-II.NFO,14/11/2024,09:50:53,23807.15,23802.3,50,23808.8,100,0,1558250
NIFTY-II.NFO,14/11/2024,09:50:55,23807.15,23803.2,50,23808.8,100,0,1558250
NIFTY-II.NFO,14/11/2024,09:50:57,23807.15,23805.15,50,23808.8,100,0,1558250
NIFTY-II.NFO,14/11/2024,09:50:58,23807,23806,50,23808.8,75,75,1558250
NIFTY-II.NFO,14/11/2024,09:51:00,23807,23806.2,100,23808.8,75,0,1558250
NIFTY-II.NFO,14/11/2024,09:51:02,23808.8,23808.1,50,23810,25,75,1558250
NIFTY-II.NFO,14/11/2024,09:51:03,23808.8,23807.1,50,23810,25,0,1558250
NIFTY-II.NFO,14/11/2024,09:51:05,23810,23805.9,50,23812.85,75,150,1558250
NIFTY-II.NFO,14/11/2024,09:51:07,23810,23806.55,50,23812.85,75,0,1558250
NIFTY-II.NFO,14/11/2024,09:51:08,23810,23805.45,50,23811.95,25,0,1558250
NIFTY-II.NFO,14/11/2024,09:51:10,23811.95,23806,50,23813.5,250,25,1558250
NIFTY-II.NFO,14/11/2024,09:51:12,23811.95,23806.1,50,23813.1,200,0,1558250
NIFTY-II.NFO,14/11/2024,09:51:13,23811.95,23804,25,23809.8,200,0,1558250
NIFTY-II.NFO,14/11/2024,09:51:17,23811.95,23805,25,23807.35,200,0,1558250
NIFTY-II.NFO,14/11/2024,09:51:18,23811.95,23805,25,23808.85,250,0,1558250
NIFTY-II.NFO,14/11/2024,09:51:20,23806.9,23805,25,23806.9,200,25,1558250
NIFTY-II.NFO,14/11/2024,09:51:22,23806.9,23805,25,23807.15,200,0,1558250
NIFTY-II.NFO,14/11/2024,09:51:23,23806.9,23805,25,23806.5,200,0,1558250
NIFTY-II.NFO,14/11/2024,09:51:25,23805,23800,100,23805.45,200,25,1558250
NIFTY-II.NFO,14/11/2024,09:51:27,23800.05,23800,100,23805.9,200,25,1558250
NIFTY-II.NFO,14/11/2024,09:51:28,23800,23800,75,23805.2,200,25,1558250
NIFTY-II.NFO,14/11/2024,09:51:30,23800,23800,75,23804.5,200,0,1558250
NIFTY-II.NFO,14/11/2024,09:51:32,23804,23800,75,23806.45,250,25,1558250
NIFTY-II.NFO,14/11/2024,09:51:33,23800,23800,50,23803.5,200,25,1558250
NIFTY-II.NFO,14/11/2024,09:51:35,23800,23800,50,23803.7,200,0,1558250
NIFTY-II.NFO,14/11/2024,09:51:37,23800,23800,50,23804.65,200,0,1558250
NIFTY-II.NFO,14/11/2024,09:51:38,23800,23800,50,23805.9,200,0,1558250
NIFTY-II.NFO,14/11/2024,09:51:40,23800,23798.35,25,23804.95,25,50,1558250
NIFTY-II.NFO,14/11/2024,09:51:42,23799.2,23800,50,23806.85,50,25,1558250
NIFTY-II.NFO,14/11/2024,09:51:43,23799.2,23797.5,100,23803.95,25,0,1558250
NIFTY-II.NFO,14/11/2024,09:51:45,23799.2,23799.75,50,23805.85,50,0,1558250
NIFTY-II.NFO,14/11/2024,09:51:47,23799.2,23800.85,50,23806.95,25,0,1558250
NIFTY-II.NFO,14/11/2024,09:51:48,23799.2,23797.25,50,23803.95,25,0,1558250
NIFTY-II.NFO,14/11/2024,09:51:50,23799.2,23800,750,23804.95,25,0,1558250
NIFTY-II.NFO,14/11/2024,09:51:52,23799.2,23799.3,50,23805.95,25,0,1558250
NIFTY-II.NFO,14/11/2024,09:51:53,23799.2,23799.75,475,23806.75,50,0,1558250
NIFTY-II.NFO,14/11/2024,09:51:55,23798.5,23797.25,475,23804.15,50,25,1563900
NIFTY-II.NFO,14/11/2024,09:51:56,23796.3,23798,475,23803.95,25,25,1563900
NIFTY-II.NFO,14/11/2024,09:51:58,23796.3,23799.7,50,23806.85,50,0,1563900
NIFTY-II.NFO,14/11/2024,09:52:00,23796.3,23800.35,50,23805,100,0,1563900
NIFTY-II.NFO,14/11/2024,09:52:01,23800.85,23801.5,50,23805,100,75,1563900
NIFTY-II.NFO,14/11/2024,09:52:03,23805,23802.8,50,23805,25,75,1563900
NIFTY-II.NFO,14/11/2024,09:52:05,23801.7,23802.35,100,23805,25,175,1563900
NIFTY-II.NFO,14/11/2024,09:52:06,23801.7,23802.05,75,23805,25,0,1563900
