Ticker,Date,Time,LTP,BuyPrice,BuyQty,SellPrice,SellQty,LTQ,OpenInterest
BANKNIFTY-III.NFO,30/10/2024,09:15:07,52897.15,52825,60,52870.7,45,15,164655
BANKNIFTY-III.NFO,30/10/2024,09:15:07,52897.15,52825,60,52870.7,45,0,164655
BANKNIFTY-III.NFO,30/10/2024,09:15:07,52897.15,52825,60,52870.7,45,0,164655
BANKNIFTY-III.NFO,30/10/2024,09:15:07,52897.15,52825,60,52870.7,45,0,164655
BANKNIFTY-III.NFO,30/10/2024,09:15:08,52870.05,52832.4,60,52865.65,30,15,164655
BANKNIFTY-III.NFO,30/10/2024,09:15:08,52870.05,52832.4,60,52865.65,30,0,164655
BANKNIFTY-III.NFO,30/10/2024,09:15:10,52870.05,52835.6,60,52870.05,30,0,164655
BANKNIFTY-III.NFO,30/10/2024,09:15:11,52870.05,52834.7,60,52872.85,30,0,164655
BANKNIFTY-III.NFO,30/10/2024,09:15:13,52840,52843.7,60,52882.5,90,30,164655
BANKNIFTY-III.NFO,30/10/2024,09:15:13,52840,52843.7,60,52882.5,90,0,164655
BANKNIFTY-III.NFO,30/10/2024,09:15:14,52843.7,52850.15,60,52890.75,60,135,164655
BANKNIFTY-III.NFO,30/10/2024,09:15:16,52886.55,52872.85,30,52886.55,15,45,164655
BANKNIFTY-III.NFO,30/10/2024,09:15:17,52883.4,52872.85,15,52881.85,15,45,164655
BANKNIFTY-III.NFO,30/10/2024,09:15:19,52885.5,52850.05,60,52883.5,30,45,164655
BANKNIFTY-III.NFO,30/10/2024,09:15:21,52885.5,52856.55,60,52888.4,15,0,164655
BANKNIFTY-III.NFO,30/10/2024,09:15:22,52860.35,52850,15,52867,15,45,164655
BANKNIFTY-III.NFO,30/10/2024,09:15:24,52860.35,52850,45,52862.65,15,0,164655
BANKNIFTY-III.NFO,30/10/2024,09:15:25,52850,52850,30,52859.55,15,60,164655
BANKNIFTY-III.NFO,30/10/2024,09:15:27,52850,52840,15,52862.55,30,30,164655
BANKNIFTY-III.NFO,30/10/2024,09:15:29,52868.65,52840,15,52850,15,105,164655
BANKNIFTY-III.NFO,30/10/2024,09:15:30,52868.65,52840,15,52850,15,0,164655
BANKNIFTY-III.NFO,30/10/2024,09:15:32,52850,52850,15,52867.1,75,15,164655
BANKNIFTY-III.NFO,30/10/2024,09:15:33,52850,52850,30,52864.2,75,0,164655
BANKNIFTY-III.NFO,30/10/2024,09:15:35,52850,52851.9,60,52872.8,150,0,164655
BANKNIFTY-III.NFO,30/10/2024,09:15:36,52850,52856.3,75,52872.85,60,0,164655
BANKNIFTY-III.NFO,30/10/2024,09:15:38,52872.85,52861,75,52872.85,45,15,164655
BANKNIFTY-III.NFO,30/10/2024,09:15:39,52859.1,52852.65,60,52872.8,15,15,164655
BANKNIFTY-III.NFO,30/10/2024,09:15:41,52851.95,52851.95,60,52879.7,15,120,164655
BANKNIFTY-III.NFO,30/10/2024,09:15:43,52851.95,52850.15,60,52875.05,105,0,164655
BANKNIFTY-III.NFO,30/10/2024,09:15:44,52879.15,52850.15,60,52878.35,75,180,164655
BANKNIFTY-III.NFO,30/10/2024,09:15:46,52849.2,52850.25,60,52878.05,60,150,164655
BANKNIFTY-III.NFO,30/10/2024,09:15:47,52878.55,52852,60,52877.65,120,15,164655
BANKNIFTY-III.NFO,30/10/2024,09:15:49,52878.55,52853.3,105,52876.95,60,0,164655
BANKNIFTY-III.NFO,30/10/2024,09:15:50,52878.55,52852,75,52876.55,60,0,164655
BANKNIFTY-III.NFO,30/10/2024,09:15:52,52876.75,52852,75,52876.65,30,15,164655
BANKNIFTY-III.NFO,30/10/2024,09:15:53,52876.75,52852.05,60,52874.8,45,0,164655
BANKNIFTY-III.NFO,30/10/2024,09:15:55,52876.75,52852.05,60,52876.6,45,0,164655
BANKNIFTY-III.NFO,30/10/2024,09:15:56,52876.75,52858,15,52880,30,0,164655
BANKNIFTY-III.NFO,30/10/2024,09:15:58,52863.05,52858,15,52880,45,30,164655
BANKNIFTY-III.NFO,30/10/2024,09:15:59,52863.05,52863.45,60,52891.5,30,0,164655
BANKNIFTY-III.NFO,30/10/2024,09:16:01,52863.05,52852,60,52878.5,30,0,164655
BANKNIFTY-III.NFO,30/10/2024,09:16:03,52840,52840.05,75,52863.5,45,150,164580
BANKNIFTY-III.NFO,30/10/2024,09:16:04,52840.05,52840.05,30,52864.05,75,465,164580
BANKNIFTY-III.NFO,30/10/2024,09:16:06,52840,52840,240,52859.45,30,45,164580
BANKNIFTY-III.NFO,30/10/2024,09:16:07,52840,52840,240,52853.5,60,0,164580
BANKNIFTY-III.NFO,30/10/2024,09:16:09,52840,52840,225,52850.05,75,15,164580
BANKNIFTY-III.NFO,30/10/2024,09:16:10,52840,52820.75,15,52835,15,240,164580
BANKNIFTY-III.NFO,30/10/2024,09:16:12,52833,52826.5,30,52850.15,60,15,164580
BANKNIFTY-III.NFO,30/10/2024,09:16:12,52833,52826.5,30,52850.15,60,0,164580
BANKNIFTY-III.NFO,30/10/2024,09:16:13,52833,52826.9,45,52846.65,90,0,164580
BANKNIFTY-III.NFO,30/10/2024,09:16:15,52833,52826.35,15,52849.65,15,0,164580
BANKNIFTY-III.NFO,30/10/2024,09:16:16,52849.1,52827.4,15,52849.95,60,30,164580
BANKNIFTY-III.NFO,30/10/2024,09:16:16,52826.35,52827.4,15,52849.95,60,0,164580
BANKNIFTY-III.NFO,30/10/2024,09:16:18,52849.1,52813,15,52839.4,60,0,164580
BANKNIFTY-III.NFO,30/10/2024,09:16:19,52806.65,52806.6,45,52829.45,60,15,164580
BANKNIFTY-III.NFO,30/10/2024,09:16:19,52806.65,52806.6,45,52829.45,60,0,164580
BANKNIFTY-III.NFO,30/10/2024,09:16:21,52806.65,52806.6,45,52838.15,60,0,164580
BANKNIFTY-III.NFO,30/10/2024,09:16:22,52806.65,52806.65,30,52839.5,60,0,164580
BANKNIFTY-III.NFO,30/10/2024,09:16:24,52831.75,52806.65,30,52839.5,60,15,164580
BANKNIFTY-III.NFO,30/10/2024,09:16:25,52799.2,52797.1,30,52813,75,225,164580
BANKNIFTY-III.NFO,30/10/2024,09:16:25,52799.2,52797.1,30,52813,75,0,164580
BANKNIFTY-III.NFO,30/10/2024,09:16:27,52811.15,52784.45,45,52804.65,30,60,164580
BANKNIFTY-III.NFO,30/10/2024,09:16:29,52811.15,52796.05,30,52830.25,15,0,164580
BANKNIFTY-III.NFO,30/10/2024,09:16:30,52806,52798.7,30,52830.55,15,30,164580
BANKNIFTY-III.NFO,30/10/2024,09:16:32,52806,52798.7,30,52827.5,60,0,164580
BANKNIFTY-III.NFO,30/10/2024,09:16:33,52798.7,52798.7,45,52810.7,150,15,164580
BANKNIFTY-III.NFO,30/10/2024,09:16:33,52798.7,52798.7,45,52810.7,150,0,164580
BANKNIFTY-III.NFO,30/10/2024,09:16:35,52811.15,52791.3,30,52812.5,165,60,164580
BANKNIFTY-III.NFO,30/10/2024,09:16:36,52811.15,52799,15,52813.9,150,0,164580
BANKNIFTY-III.NFO,30/10/2024,09:16:38,52814.95,52799,15,52812.25,150,15,164580
BANKNIFTY-III.NFO,30/10/2024,09:16:39,52814.95,52801,15,52810.8,150,0,164580
BANKNIFTY-III.NFO,30/10/2024,09:16:41,52814.95,52801,30,52817.15,150,0,164580
BANKNIFTY-III.NFO,30/10/2024,09:16:42,52814.95,52801.05,30,52819.45,150,0,164580
BANKNIFTY-III.NFO,30/10/2024,09:16:44,52801.05,52801.05,30,52824.1,15,60,164580
BANKNIFTY-III.NFO,30/10/2024,09:16:45,52800.7,52800,15,52818.8,15,75,164580
BANKNIFTY-III.NFO,30/10/2024,09:16:47,52800.7,52800,15,52813.7,165,0,164580
BANKNIFTY-III.NFO,30/10/2024,09:16:48,52799,52791.25,45,52810.75,15,45,164580
BANKNIFTY-III.NFO,30/10/2024,09:16:50,52799,52800.7,90,52814.55,165,0,164580
BANKNIFTY-III.NFO,30/10/2024,09:16:51,52799,52800.7,90,52810.45,150,0,164580
BANKNIFTY-III.NFO,30/10/2024,09:16:53,52799,52800.7,90,52809.6,150,0,164580
BANKNIFTY-III.NFO,30/10/2024,09:16:55,52808.1,52800.7,90,52806.65,150,15,164580
BANKNIFTY-III.NFO,30/10/2024,09:16:56,52800,52790,45,52802.75,90,105,164580
BANKNIFTY-III.NFO,30/10/2024,09:16:58,52800,52790,45,52801.6,75,15,164580
BANKNIFTY-III.NFO,30/10/2024,09:16:59,52803.4,52790.05,15,52803.45,75,15,164580
BANKNIFTY-III.NFO,30/10/2024,09:17:01,52803.4,52790,45,52807.6,60,0,164580
BANKNIFTY-III.NFO,30/10/2024,09:17:03,52803.4,52790,45,52800.2,75,0,164580
BANKNIFTY-III.NFO,30/10/2024,09:17:04,52798.9,52790.05,15,52804.1,45,30,164580
BANKNIFTY-III.NFO,30/10/2024,09:17:06,52798.9,52790.05,60,52807.6,45,0,164580
BANKNIFTY-III.NFO,30/10/2024,09:17:07,52814.55,52810.1,15,52829,60,60,164580
BANKNIFTY-III.NFO,30/10/2024,09:17:09,52810.1,52800.85,60,52822.95,75,15,164580
BANKNIFTY-III.NFO,30/10/2024,09:17:10,52799.9,52799.3,45,52825.15,60,150,164580
BANKNIFTY-III.NFO,30/10/2024,09:17:12,52799.9,52799.3,45,52823.05,60,0,164580
BANKNIFTY-III.NFO,30/10/2024,09:17:14,52800,52799,30,52818.1,60,120,164580
BANKNIFTY-III.NFO,30/10/2024,09:17:15,52800,52799,30,52814.65,75,0,164580
BANKNIFTY-III.NFO,30/10/2024,09:17:17,52799.9,52799,30,52813.4,75,15,164580
BANKNIFTY-III.NFO,30/10/2024,09:17:18,52799.9,52799,30,52808.2,75,0,164580
BANKNIFTY-III.NFO,30/10/2024,09:17:20,52799.9,52799,30,52800,15,0,164580
BANKNIFTY-III.NFO,30/10/2024,09:17:21,52800,52799.9,90,52808.15,60,30,164580
BANKNIFTY-III.NFO,30/10/2024,09:17:23,52800,52799.9,90,52807.7,75,0,164580
BANKNIFTY-III.NFO,30/10/2024,09:17:25,52800,52799.9,90,52805,60,0,164580
BANKNIFTY-III.NFO,30/10/2024,09:17:26,52800,52799.9,90,52807.25,75,0,164580
BANKNIFTY-III.NFO,30/10/2024,09:17:28,52800,52807.7,75,52809.25,60,0,164580
BANKNIFTY-III.NFO,30/10/2024,09:17:29,52800,52807.7,75,52809.95,60,0,164580
BANKNIFTY-III.NFO,30/10/2024,09:17:31,52807.7,52807.7,60,52809.95,60,15,164580
BANKNIFTY-III.NFO,30/10/2024,09:17:32,52809.95,52807.7,60,52809.95,60,15,164580
BANKNIFTY-III.NFO,30/10/2024,09:17:34,52809.95,52807.7,60,52809.95,60,0,164580
BANKNIFTY-III.NFO,30/10/2024,09:17:37,52809.95,52800,15,52807.65,45,60,164580
BANKNIFTY-III.NFO,30/10/2024,09:17:38,52807.65,52800,15,52807.65,30,30,164580
BANKNIFTY-III.NFO,30/10/2024,09:17:40,52800,52800,15,52807.7,30,15,164580
BANKNIFTY-III.NFO,30/10/2024,09:17:41,52807.7,52800,15,52807.7,15,15,164580
BANKNIFTY-III.NFO,30/10/2024,09:17:43,52807.7,52800,15,52807.7,15,0,164580
BANKNIFTY-III.NFO,30/10/2024,09:17:48,52800.05,52800.1,75,52809.95,15,15,164580
BANKNIFTY-III.NFO,30/10/2024,09:17:49,52810,52800.2,90,52825.25,30,30,164580
BANKNIFTY-III.NFO,30/10/2024,09:17:51,52810,52803.45,90,52826.75,30,0,164580
BANKNIFTY-III.NFO,30/10/2024,09:17:52,52810,52810,75,52829.75,30,0,164580
BANKNIFTY-III.NFO,30/10/2024,09:17:54,52810,52810,75,52827.75,60,15,164580
BANKNIFTY-III.NFO,30/10/2024,09:17:56,52810,52810.05,75,52829.45,75,30,164580
BANKNIFTY-III.NFO,30/10/2024,09:17:57,52810,52810.05,75,52830.5,45,0,164580
BANKNIFTY-III.NFO,30/10/2024,09:17:59,52825,52810,90,52829.95,90,15,164580
BANKNIFTY-III.NFO,30/10/2024,09:18:00,52810,52820,15,52829.6,75,15,164580
BANKNIFTY-III.NFO,30/10/2024,09:18:02,52810,52820,15,52825.4,105,0,164580
BANKNIFTY-III.NFO,30/10/2024,09:18:03,52820,52811,15,52824.65,105,15,164580
BANKNIFTY-III.NFO,30/10/2024,09:18:05,52822.85,52811,15,52822.85,75,15,164580
BANKNIFTY-III.NFO,30/10/2024,09:18:06,52822.85,52811,15,52825,60,0,164580
BANKNIFTY-III.NFO,30/10/2024,09:18:08,52822.85,52811,15,52820.3,60,0,164580
BANKNIFTY-III.NFO,30/10/2024,09:18:10,52822.85,52811,15,52820.35,60,0,164580
BANKNIFTY-III.NFO,30/10/2024,09:18:11,52810,52803,90,52818.7,60,30,164580
BANKNIFTY-III.NFO,30/10/2024,09:18:13,52810,52803,90,52816.4,60,0,164580
BANKNIFTY-III.NFO,30/10/2024,09:18:14,52803,52803,30,52816.4,60,60,164580
BANKNIFTY-III.NFO,30/10/2024,09:18:16,52803,52803,30,52817.45,60,0,164580
BANKNIFTY-III.NFO,30/10/2024,09:18:18,52816.4,52803,15,52817.25,60,30,164580
BANKNIFTY-III.NFO,30/10/2024,09:18:19,52816.4,52803.05,75,52820.45,105,0,164580
BANKNIFTY-III.NFO,30/10/2024,09:18:21,52816.4,52803.05,60,52818.1,75,0,164580
BANKNIFTY-III.NFO,30/10/2024,09:18:22,52816.4,52803.05,75,52820,75,0,164580
BANKNIFTY-III.NFO,30/10/2024,09:18:24,52816.4,52803.05,105,52822,75,0,164580
BANKNIFTY-III.NFO,30/10/2024,09:18:26,52816.4,52820,15,52824.85,75,0,164580
BANKNIFTY-III.NFO,30/10/2024,09:18:27,52816.4,52822,15,52831.35,75,0,164580
BANKNIFTY-III.NFO,30/10/2024,09:18:29,52816.4,52822,15,52830.9,105,0,164580
BANKNIFTY-III.NFO,30/10/2024,09:18:31,52816.4,52822,15,52830.9,75,0,164580
BANKNIFTY-III.NFO,30/10/2024,09:18:32,52816.4,52822,15,52832.9,105,0,164580
BANKNIFTY-III.NFO,30/10/2024,09:18:34,52816.4,52822.05,75,52842.9,45,0,164580
BANKNIFTY-III.NFO,30/10/2024,09:18:36,52822,52826.8,45,52848.6,30,120,164580
BANKNIFTY-III.NFO,30/10/2024,09:18:37,52822,52820,30,52839.65,30,0,164580
BANKNIFTY-III.NFO,30/10/2024,09:18:39,52822,52820,15,52835.35,30,0,164580
BANKNIFTY-III.NFO,30/10/2024,09:18:41,52832,52816.4,180,52834.95,30,15,164580
BANKNIFTY-III.NFO,30/10/2024,09:18:42,52832,52816.4,165,52830.75,30,0,164580
BANKNIFTY-III.NFO,30/10/2024,09:18:44,52832,52816.4,165,52825,15,0,164580
BANKNIFTY-III.NFO,30/10/2024,09:18:46,52816.4,52816.4,150,52825,15,15,164580
BANKNIFTY-III.NFO,30/10/2024,09:18:47,52835.05,52822,120,52836.75,45,45,164580
BANKNIFTY-III.NFO,30/10/2024,09:18:49,52835.05,52822,120,52835.45,45,0,164580
BANKNIFTY-III.NFO,30/10/2024,09:18:51,52838.15,52822,120,52835.85,30,15,164580
BANKNIFTY-III.NFO,30/10/2024,09:18:52,52838.15,52822,120,52838.4,15,0,164580
BANKNIFTY-III.NFO,30/10/2024,09:18:54,52838.9,52819.05,90,52837.5,15,120,164580
BANKNIFTY-III.NFO,30/10/2024,09:18:56,52838.9,52818.55,60,52837.4,45,0,164580
BANKNIFTY-III.NFO,30/10/2024,09:18:57,52845.8,52822.3,60,52846.95,15,465,164580
BANKNIFTY-III.NFO,30/10/2024,09:18:59,52845.8,52828.5,60,52846.95,15,0,164580
BANKNIFTY-III.NFO,30/10/2024,09:19:01,52845.8,52837.35,60,52847,15,0,164580
BANKNIFTY-III.NFO,30/10/2024,09:19:02,52846.95,52829.25,90,52847,15,15,166155
BANKNIFTY-III.NFO,30/10/2024,09:19:04,52846.95,52822.95,45,52844.25,30,0,166155
BANKNIFTY-III.NFO,30/10/2024,09:19:06,52820.05,52820.05,45,52838.95,30,15,166155
BANKNIFTY-III.NFO,30/10/2024,09:19:07,52836.7,52820,30,52836.9,60,15,166155
BANKNIFTY-III.NFO,30/10/2024,09:19:09,52836.7,52820.05,15,52838.95,30,0,166155
BANKNIFTY-III.NFO,30/10/2024,09:19:11,52836.7,52821.15,30,52846.25,30,0,166155
BANKNIFTY-III.NFO,30/10/2024,09:19:12,52836.7,52823.6,30,52843.55,30,0,166155
BANKNIFTY-III.NFO,30/10/2024,09:19:14,52836.7,52820.05,45,52839,75,0,166155
BANKNIFTY-III.NFO,30/10/2024,09:19:16,52838.85,52820.05,45,52839,75,45,166155
BANKNIFTY-III.NFO,30/10/2024,09:19:17,52838.85,52824.65,60,52846.25,30,0,166155
BANKNIFTY-III.NFO,30/10/2024,09:19:19,52838.85,52820.65,45,52838.85,15,0,166155
BANKNIFTY-III.NFO,30/10/2024,09:19:20,52838.85,52820,30,52834.9,15,0,166155
BANKNIFTY-III.NFO,30/10/2024,09:19:22,52838.85,52820,15,52835.75,30,0,166155
BANKNIFTY-III.NFO,30/10/2024,09:19:24,52820,52819.1,75,52838,15,15,166155
BANKNIFTY-III.NFO,30/10/2024,09:19:25,52819.85,52818.5,45,52837.75,75,15,166155
BANKNIFTY-III.NFO,30/10/2024,09:19:27,52819.85,52816.45,45,52833.55,75,0,166155
BANKNIFTY-III.NFO,30/10/2024,09:19:29,52819.85,52819.85,15,52832.5,75,0,166155
BANKNIFTY-III.NFO,30/10/2024,09:19:30,52819.85,52819.85,15,52831.95,75,0,166155
BANKNIFTY-III.NFO,30/10/2024,09:19:32,52816.4,52816.4,150,52833.25,75,30,166155
BANKNIFTY-III.NFO,30/10/2024,09:19:34,52816.4,52821.45,30,52838.85,15,0,166155
BANKNIFTY-III.NFO,30/10/2024,09:19:35,52819.85,52816.4,150,52834.15,75,15,166155
BANKNIFTY-III.NFO,30/10/2024,09:19:37,52816.4,52816.4,120,52829.2,75,15,166155
BANKNIFTY-III.NFO,30/10/2024,09:19:39,52816.4,52816.4,120,52825.55,75,0,166155
BANKNIFTY-III.NFO,30/10/2024,09:19:40,52816.4,52810,30,52820.2,75,120,166155
BANKNIFTY-III.NFO,30/10/2024,09:19:42,52816.4,52810,30,52821.2,75,0,166155
BANKNIFTY-III.NFO,30/10/2024,09:19:44,52816.4,52810,45,52824.7,75,0,166155
BANKNIFTY-III.NFO,30/10/2024,09:19:45,52810,52810.05,75,52827.05,75,15,166155
BANKNIFTY-III.NFO,30/10/2024,09:19:47,52810,52810,30,52825.15,75,0,166155
BANKNIFTY-III.NFO,30/10/2024,09:19:49,52810,52812.85,60,52829.4,75,0,166155
BANKNIFTY-III.NFO,30/10/2024,09:19:50,52830,52812.85,60,52828.4,60,15,166155
BANKNIFTY-III.NFO,30/10/2024,09:19:52,52830,52815.65,90,52832.4,60,0,166155
BANKNIFTY-III.NFO,30/10/2024,09:19:54,52830,52817.65,60,52833.8,60,0,166155
BANKNIFTY-III.NFO,30/10/2024,09:19:55,52830,52819.1,60,52838.8,30,0,166155
BANKNIFTY-III.NFO,30/10/2024,09:19:57,52822.4,52820.4,60,52836.25,60,30,166155
BANKNIFTY-III.NFO,30/10/2024,09:19:58,52822.4,52815.25,60,52835.65,30,0,166155
BANKNIFTY-III.NFO,30/10/2024,09:20:00,52822.4,52810,15,52824.35,30,0,166155
BANKNIFTY-III.NFO,30/10/2024,09:20:02,52810,52804.3,60,52822.5,30,15,166155
BANKNIFTY-III.NFO,30/10/2024,09:20:03,52810,52803,45,52818.25,30,0,166155
BANKNIFTY-III.NFO,30/10/2024,09:20:05,52810,52803,30,52815.75,30,0,166155
BANKNIFTY-III.NFO,30/10/2024,09:20:07,52813.75,52803,30,52818.85,45,180,166155
BANKNIFTY-III.NFO,30/10/2024,09:20:08,52813.75,52803,45,52819.2,30,0,166155
BANKNIFTY-III.NFO,30/10/2024,09:20:10,52816.6,52803,30,52812.95,15,15,166155
BANKNIFTY-III.NFO,30/10/2024,09:20:12,52803,52803,15,52811,30,15,166155
BANKNIFTY-III.NFO,30/10/2024,09:20:13,52803,52803,15,52814.65,180,0,166155
BANKNIFTY-III.NFO,30/10/2024,09:20:15,52803,52803,15,52810.25,30,0,166155
BANKNIFTY-III.NFO,30/10/2024,09:20:17,52802,52800,45,52805.8,45,45,166155
BANKNIFTY-III.NFO,30/10/2024,09:20:18,52802,52800,45,52809.25,105,0,166155
BANKNIFTY-III.NFO,30/10/2024,09:20:20,52802,52800,45,52810.35,105,0,166155
BANKNIFTY-III.NFO,30/10/2024,09:20:22,52802,52800,45,52814.2,75,0,166155
BANKNIFTY-III.NFO,30/10/2024,09:20:23,52800,52800,30,52810.75,150,15,166155
BANKNIFTY-III.NFO,30/10/2024,09:20:25,52800,52800,45,52816.25,150,0,166155
BANKNIFTY-III.NFO,30/10/2024,09:20:27,52800,52800,30,52814.7,30,0,166155
BANKNIFTY-III.NFO,30/10/2024,09:20:28,52800,52800,45,52814.75,75,0,166155
BANKNIFTY-III.NFO,30/10/2024,09:20:30,52800,52800.05,30,52818.6,30,0,166155
BANKNIFTY-III.NFO,30/10/2024,09:20:32,52800,52800,45,52819,30,0,166155
BANKNIFTY-III.NFO,30/10/2024,09:20:33,52800,52801,45,52818.65,30,15,166155
BANKNIFTY-III.NFO,30/10/2024,09:20:35,52800,52801,45,52818.3,30,0,166155
BANKNIFTY-III.NFO,30/10/2024,09:20:37,52800,52801,45,52818.15,150,0,166155
BANKNIFTY-III.NFO,30/10/2024,09:20:38,52800,52801,45,52816.65,150,0,166155
BANKNIFTY-III.NFO,30/10/2024,09:20:40,52800,52801,30,52814.7,105,0,166155
BANKNIFTY-III.NFO,30/10/2024,09:20:42,52800,52801.35,30,52815.55,150,0,166155
BANKNIFTY-III.NFO,30/10/2024,09:20:43,52805.25,52805.25,60,52815.55,150,30,166155
BANKNIFTY-III.NFO,30/10/2024,09:20:45,52815.55,52814.7,15,52821.7,15,30,166155
BANKNIFTY-III.NFO,30/10/2024,09:20:47,52814.7,52802.55,75,52820.3,120,15,166155
BANKNIFTY-III.NFO,30/10/2024,09:20:48,52814.7,52801.05,75,52816.9,15,0,166155
BANKNIFTY-III.NFO,30/10/2024,09:20:50,52814.7,52803.05,60,52816.85,105,0,166155
BANKNIFTY-III.NFO,30/10/2024,09:20:52,52814.7,52806.65,105,52816.85,105,0,166155
BANKNIFTY-III.NFO,30/10/2024,09:20:53,52821.6,52804,75,52821.2,105,30,166155
BANKNIFTY-III.NFO,30/10/2024,09:20:55,52821.6,52803.6,60,52821.15,90,0,166155
BANKNIFTY-III.NFO,30/10/2024,09:20:57,52821.6,52801.05,60,52804,15,0,166155
BANKNIFTY-III.NFO,30/10/2024,09:20:58,52821.6,52801,30,52804,15,0,166155
BANKNIFTY-III.NFO,30/10/2024,09:21:03,52804,52801,30,52806.7,105,15,166155
BANKNIFTY-III.NFO,30/10/2024,09:21:05,52804,52801,30,52801.75,30,0,166155
BANKNIFTY-III.NFO,30/10/2024,09:21:07,52799.9,52800,15,52800.25,150,180,166155
BANKNIFTY-III.NFO,30/10/2024,09:21:08,52799.9,52799.9,30,52800.85,15,45,166155
BANKNIFTY-III.NFO,30/10/2024,09:21:10,52806.25,52799.9,30,52803.35,15,15,166155
BANKNIFTY-III.NFO,30/10/2024,09:21:12,52799.9,52799.9,15,52801.9,150,15,166155
BANKNIFTY-III.NFO,30/10/2024,09:21:13,52799.9,52799.9,15,52806.8,15,0,166155
BANKNIFTY-III.NFO,30/10/2024,09:21:15,52799.9,52799.9,15,52809.35,150,0,166155
BANKNIFTY-III.NFO,30/10/2024,09:21:17,52799.9,52801.8,15,52807.8,150,0,166155
BANKNIFTY-III.NFO,30/10/2024,09:21:18,52799.9,52801.8,15,52804.9,150,0,166155
BANKNIFTY-III.NFO,30/10/2024,09:21:20,52804.95,52799.9,15,52805.25,135,15,166155
BANKNIFTY-III.NFO,30/10/2024,09:21:21,52804.95,52799.9,15,52805.45,75,0,166155
BANKNIFTY-III.NFO,30/10/2024,09:21:23,52804.95,52799.9,15,52806.95,75,0,166155
BANKNIFTY-III.NFO,30/10/2024,09:21:25,52804.95,52801,15,52807.75,75,0,166155
BANKNIFTY-III.NFO,30/10/2024,09:21:26,52807.75,52801,15,52808.15,60,15,166155
BANKNIFTY-III.NFO,30/10/2024,09:21:28,52801.05,52801.35,45,52814.6,60,15,166155
BANKNIFTY-III.NFO,30/10/2024,09:21:30,52814.6,52802.8,30,52816.65,135,60,166155
BANKNIFTY-III.NFO,30/10/2024,09:21:31,52814.6,52806.05,15,52820.45,135,0,166155
BANKNIFTY-III.NFO,30/10/2024,09:21:33,52814.6,52805.5,30,52818.85,135,0,166155
BANKNIFTY-III.NFO,30/10/2024,09:21:35,52806.3,52816.6,15,52817.05,135,45,166155
BANKNIFTY-III.NFO,30/10/2024,09:21:36,52816.6,52801,15,52811.95,120,15,166155
BANKNIFTY-III.NFO,30/10/2024,09:21:38,52816.6,52802.85,15,52814.7,120,0,166155
BANKNIFTY-III.NFO,30/10/2024,09:21:40,52814.7,52805.15,60,52818,105,15,166155
BANKNIFTY-III.NFO,30/10/2024,09:21:41,52814.7,52808.65,75,52821.45,105,0,166155
BANKNIFTY-III.NFO,30/10/2024,09:21:43,52814.7,52809.8,60,52821.6,15,0,166155
BANKNIFTY-III.NFO,30/10/2024,09:21:45,52814.7,52812.15,75,52821.6,15,0,166155
BANKNIFTY-III.NFO,30/10/2024,09:21:47,52821.6,52816.9,30,52845,15,15,166155
BANKNIFTY-III.NFO,30/10/2024,09:21:48,52830,52825,60,52845,15,15,166155
BANKNIFTY-III.NFO,30/10/2024,09:21:50,52830,52825.5,60,52844.55,30,0,166155
BANKNIFTY-III.NFO,30/10/2024,09:21:52,52830,52817.1,60,52836.1,105,0,166155
BANKNIFTY-III.NFO,30/10/2024,09:21:53,52830,52820.65,60,52838.55,30,0,166155
BANKNIFTY-III.NFO,30/10/2024,09:21:55,52830,52817.85,90,52836.3,30,0,166155
BANKNIFTY-III.NFO,30/10/2024,09:21:57,52837.7,52821.35,75,52839.35,30,15,166155
BANKNIFTY-III.NFO,30/10/2024,09:21:58,52837.7,52825.2,60,52843.55,90,0,166155
BANKNIFTY-III.NFO,30/10/2024,09:22:00,52837.7,52822.1,60,52841.2,30,0,166155
BANKNIFTY-III.NFO,30/10/2024,09:22:02,52836.3,52816.45,105,52836.3,15,15,166155
BANKNIFTY-III.NFO,30/10/2024,09:22:03,52836.3,52820.45,60,52838.85,30,0,166155
BANKNIFTY-III.NFO,30/10/2024,09:22:05,52838.75,52818,105,52836.55,60,60,166365
BANKNIFTY-III.NFO,30/10/2024,09:22:07,52838.75,52824.3,105,52841.2,60,0,166365
BANKNIFTY-III.NFO,30/10/2024,09:22:08,52838.75,52821.55,60,52839.95,60,0,166365
BANKNIFTY-III.NFO,30/10/2024,09:22:10,52838.75,52821.1,60,52838.75,30,0,166365
BANKNIFTY-III.NFO,30/10/2024,09:22:12,52838.75,52819.1,60,52838.25,60,0,166365
BANKNIFTY-III.NFO,30/10/2024,09:22:13,52838.75,52818.3,75,52833.75,60,0,166365
BANKNIFTY-III.NFO,30/10/2024,09:22:15,52838.75,52819.85,75,52834.5,60,0,166365
BANKNIFTY-III.NFO,30/10/2024,09:22:17,52837.8,52821,90,52838.75,45,90,166365
BANKNIFTY-III.NFO,30/10/2024,09:22:18,52837.8,52819.55,60,52837,15,0,166365
BANKNIFTY-III.NFO,30/10/2024,09:22:20,52837.8,52819.95,75,52837,15,0,166365
BANKNIFTY-III.NFO,30/10/2024,09:22:22,52837.8,52827.35,60,52838,15,0,166365
BANKNIFTY-III.NFO,30/10/2024,09:22:23,52837.8,52830.3,60,52838,15,0,166365
BANKNIFTY-III.NFO,30/10/2024,09:22:25,52838,52833,60,52838.75,15,15,166365
BANKNIFTY-III.NFO,30/10/2024,09:22:27,52838,52828.65,60,52838.75,15,0,166365
BANKNIFTY-III.NFO,30/10/2024,09:22:28,52838,52830.55,60,52838,15,0,166365
BANKNIFTY-III.NFO,30/10/2024,09:22:30,52838,52830.65,90,52840,15,15,166365
BANKNIFTY-III.NFO,30/10/2024,09:22:32,52838,52838,15,52840,15,0,166365
BANKNIFTY-III.NFO,30/10/2024,09:22:38,52840,52838.05,75,52845,15,15,166365
BANKNIFTY-III.NFO,30/10/2024,09:22:40,52840,52839.5,60,52845,15,0,166365
BANKNIFTY-III.NFO,30/10/2024,09:22:42,52850,52851.25,90,52860,15,90,166365
BANKNIFTY-III.NFO,30/10/2024,09:22:43,52850,52840.85,75,52859.95,30,0,166365
BANKNIFTY-III.NFO,30/10/2024,09:22:45,52850,52840.05,75,52857.95,30,0,166365
BANKNIFTY-III.NFO,30/10/2024,09:22:47,52856.15,52840.05,60,52856.15,15,15,166365
BANKNIFTY-III.NFO,30/10/2024,09:22:48,52856.3,52840.05,75,52858.5,105,45,166365
BANKNIFTY-III.NFO,30/10/2024,09:22:50,52856.3,52840,15,52854.45,45,0,166365
BANKNIFTY-III.NFO,30/10/2024,09:22:52,52856.3,52840,15,52851.35,105,0,166365
BANKNIFTY-III.NFO,30/10/2024,09:22:53,52856.3,52840,15,52849.85,15,0,166365
BANKNIFTY-III.NFO,30/10/2024,09:22:55,52855.6,52840,15,52856.15,45,15,166365
BANKNIFTY-III.NFO,30/10/2024,09:22:57,52837.85,52837.9,60,52856.1,30,75,166365
BANKNIFTY-III.NFO,30/10/2024,09:22:58,52856.15,52843,60,52859.95,15,15,166365
BANKNIFTY-III.NFO,30/10/2024,09:23:00,52860,52849.1,60,52868.45,45,15,166365
BANKNIFTY-III.NFO,30/10/2024,09:23:02,52860,52853.55,60,52872.25,15,0,166365
BANKNIFTY-III.NFO,30/10/2024,09:23:03,52860,52853.8,60,52873.45,45,0,166365
BANKNIFTY-III.NFO,30/10/2024,09:23:05,52860,52850,30,52866.8,15,0,166365
BANKNIFTY-III.NFO,30/10/2024,09:23:07,52860,52850,15,52858.95,15,0,166365
BANKNIFTY-III.NFO,30/10/2024,09:23:08,52860,52850,15,52857.1,15,0,166365
BANKNIFTY-III.NFO,30/10/2024,09:23:10,52860,52850,15,52854.95,15,0,166365
BANKNIFTY-III.NFO,30/10/2024,09:23:12,52860,52850,15,52858.3,15,0,166365
BANKNIFTY-III.NFO,30/10/2024,09:23:13,52860,52850,30,52864.65,15,0,166365
BANKNIFTY-III.NFO,30/10/2024,09:23:15,52860,52851.25,60,52869.7,60,0,166365
BANKNIFTY-III.NFO,30/10/2024,09:23:17,52860,52850,15,52860.65,15,0,166365
BANKNIFTY-III.NFO,30/10/2024,09:23:18,52858.65,52850,15,52858.3,15,15,166365
BANKNIFTY-III.NFO,30/10/2024,09:23:20,52858.65,52850,15,52859.75,15,0,166365
BANKNIFTY-III.NFO,30/10/2024,09:23:22,52850,52847.8,60,52866.85,30,15,166365
BANKNIFTY-III.NFO,30/10/2024,09:23:23,52850,52847.95,60,52866.25,60,0,166365
BANKNIFTY-III.NFO,30/10/2024,09:23:25,52850,52840.7,75,52858.6,30,0,166365
BANKNIFTY-III.NFO,30/10/2024,09:23:27,52850,52840.05,75,52858.65,30,0,166365
BANKNIFTY-III.NFO,30/10/2024,09:23:28,52850,52840.55,60,52857.4,15,0,166365
BANKNIFTY-III.NFO,30/10/2024,09:23:30,52850,52840.7,60,52858.7,15,0,166365
BANKNIFTY-III.NFO,30/10/2024,09:23:32,52857.4,52840.4,60,52860.9,45,30,166365
BANKNIFTY-III.NFO,30/10/2024,09:23:33,52857.4,52840.4,60,52860.9,45,0,166365
BANKNIFTY-III.NFO,30/10/2024,09:23:35,52858.75,52840.1,60,52860.45,60,15,166365
BANKNIFTY-III.NFO,30/10/2024,09:23:37,52858.75,52840.4,60,52860.05,60,0,166365
BANKNIFTY-III.NFO,30/10/2024,09:23:38,52858.75,52840,30,52855.9,60,0,166365
BANKNIFTY-III.NFO,30/10/2024,09:23:40,52858.75,52840,30,52854.35,60,0,166365
BANKNIFTY-III.NFO,30/10/2024,09:23:41,52850,52850,30,52852,15,75,166365
BANKNIFTY-III.NFO,30/10/2024,09:23:43,52850,52840,30,52850,15,30,166365
BANKNIFTY-III.NFO,30/10/2024,09:23:45,52850,52840,30,52850,15,0,166365
BANKNIFTY-III.NFO,30/10/2024,09:23:48,52850,52841.4,60,52850,15,0,166365
BANKNIFTY-III.NFO,30/10/2024,09:23:50,52850,52840.05,15,52850,15,0,166365
BANKNIFTY-III.NFO,30/10/2024,09:23:51,52850,52840,75,52850,15,0,166365
BANKNIFTY-III.NFO,30/10/2024,09:23:53,52850,52840,60,52850,15,0,166365
BANKNIFTY-III.NFO,30/10/2024,09:23:58,52840,52840,45,52845.55,75,15,166365
BANKNIFTY-III.NFO,30/10/2024,09:24:00,52840,52838.75,90,52838.85,45,45,166365
BANKNIFTY-III.NFO,30/10/2024,09:24:01,52833.9,52817.6,45,52834.6,60,135,166365
BANKNIFTY-III.NFO,30/10/2024,09:24:03,52833.9,52820.3,15,52839.85,60,0,166365
BANKNIFTY-III.NFO,30/10/2024,09:24:05,52833.9,52817.1,30,52837.45,120,0,166365
BANKNIFTY-III.NFO,30/10/2024,09:24:06,52833.9,52815,45,52830.1,120,0,166365
BANKNIFTY-III.NFO,30/10/2024,09:24:08,52815,52815,15,52829.6,120,15,166365
BANKNIFTY-III.NFO,30/10/2024,09:24:10,52829.2,52815,15,52828.5,45,15,166365
BANKNIFTY-III.NFO,30/10/2024,09:24:11,52829.2,52815,15,52829.9,45,0,166365
BANKNIFTY-III.NFO,30/10/2024,09:24:13,52829.2,52815,30,52830.05,45,0,166365
BANKNIFTY-III.NFO,30/10/2024,09:24:15,52829.2,52815,30,52829.65,45,0,166365
BANKNIFTY-III.NFO,30/10/2024,09:24:16,52829.2,52815,30,52831.1,45,0,166365
BANKNIFTY-III.NFO,30/10/2024,09:24:18,52829.2,52815,30,52829.05,45,0,166365
BANKNIFTY-III.NFO,30/10/2024,09:24:20,52829.2,52815,30,52827.65,45,0,166365
BANKNIFTY-III.NFO,30/10/2024,09:24:21,52829.2,52817.9,60,52831.05,15,0,166365
BANKNIFTY-III.NFO,30/10/2024,09:24:23,52829.2,52815,30,52829.35,45,0,166365
BANKNIFTY-III.NFO,30/10/2024,09:24:24,52829.2,52815,90,52827.85,45,0,166365
BANKNIFTY-III.NFO,30/10/2024,09:24:26,52829.2,52815,90,52827.5,45,0,166365
BANKNIFTY-III.NFO,30/10/2024,09:24:28,52829.2,52815,90,52827.45,15,0,166365
BANKNIFTY-III.NFO,30/10/2024,09:24:29,52825.75,52815,60,52828.1,15,30,166365
BANKNIFTY-III.NFO,30/10/2024,09:24:31,52815,52815,30,52815.1,15,30,166365
BANKNIFTY-III.NFO,30/10/2024,09:24:33,52815,52815,30,52825.8,15,0,166365
BANKNIFTY-III.NFO,30/10/2024,09:24:34,52815,52815,30,52815.1,15,0,166365
BANKNIFTY-III.NFO,30/10/2024,09:24:38,52815,52815,45,52815.1,15,0,166365
BANKNIFTY-III.NFO,30/10/2024,09:24:46,52815.1,52815,30,52815.1,15,30,166365
BANKNIFTY-III.NFO,30/10/2024,09:24:47,52815.1,52815,30,52815.1,15,15,166365
BANKNIFTY-III.NFO,30/10/2024,09:24:49,52815.05,52815.05,75,52827.55,15,15,166365
BANKNIFTY-III.NFO,30/10/2024,09:24:51,52815.05,52815.1,60,52832.05,15,0,166365
BANKNIFTY-III.NFO,30/10/2024,09:24:52,52815.05,52815.05,75,52832,15,0,166365
BANKNIFTY-III.NFO,30/10/2024,09:24:54,52815.05,52815.1,60,52831.85,15,30,166365
BANKNIFTY-III.NFO,30/10/2024,09:24:56,52815.1,52815.05,60,52831.4,60,30,166365
BANKNIFTY-III.NFO,30/10/2024,09:24:57,52815.1,52815,45,52825.05,60,0,166365
BANKNIFTY-III.NFO,30/10/2024,09:24:59,52815.1,52815.05,150,52815.15,15,0,166365
BANKNIFTY-III.NFO,30/10/2024,09:25:01,52815.05,52815.05,120,52815.15,15,30,166365
BANKNIFTY-III.NFO,30/10/2024,09:25:02,52815.05,52815.05,120,52815.1,60,0,166365
BANKNIFTY-III.NFO,30/10/2024,09:25:04,52810,52810,105,52810.05,60,180,166740
BANKNIFTY-III.NFO,30/10/2024,09:25:06,52810,52810,105,52810.1,15,0,166740
BANKNIFTY-III.NFO,30/10/2024,09:25:07,52810,52810,90,52810.1,15,15,166740
BANKNIFTY-III.NFO,30/10/2024,09:25:09,52810,52810,90,52810.1,15,0,166740
BANKNIFTY-III.NFO,30/10/2024,09:25:12,52810,52810.05,45,52810.1,15,0,166740
BANKNIFTY-III.NFO,30/10/2024,09:25:14,52810.15,52810.05,15,52830.95,75,75,166740
BANKNIFTY-III.NFO,30/10/2024,09:25:16,52810.1,52810.1,30,52831.35,75,15,166740
BANKNIFTY-III.NFO,30/10/2024,09:25:17,52810.1,52810.1,30,52831.3,15,0,166740
BANKNIFTY-III.NFO,30/10/2024,09:25:19,52810.1,52810.1,30,52831.3,15,15,166740
BANKNIFTY-III.NFO,30/10/2024,09:25:21,52810.1,52810.1,30,52831.1,45,15,166740
BANKNIFTY-III.NFO,30/10/2024,09:25:22,52810,52810,90,52830.75,90,15,166740
BANKNIFTY-III.NFO,30/10/2024,09:25:24,52810,52810,90,52830.25,105,0,166740
BANKNIFTY-III.NFO,30/10/2024,09:25:26,52810,52810,90,52829.85,105,0,166740
BANKNIFTY-III.NFO,30/10/2024,09:25:27,52810,52810,60,52829.1,90,15,166740
BANKNIFTY-III.NFO,30/10/2024,09:25:29,52810,52810,75,52810.1,15,0,166740
BANKNIFTY-III.NFO,30/10/2024,09:25:37,52810,52810,75,52818.35,105,0,166740
BANKNIFTY-III.NFO,30/10/2024,09:25:39,52810,52810,75,52817.95,60,0,166740
BANKNIFTY-III.NFO,30/10/2024,09:25:40,52810,52810,75,52816.5,60,0,166740
BANKNIFTY-III.NFO,30/10/2024,09:25:42,52810,52810,45,52815.45,15,30,166740
BANKNIFTY-III.NFO,30/10/2024,09:25:44,52810,52810,45,52810.1,15,0,166740
BANKNIFTY-III.NFO,30/10/2024,09:25:45,52810,52810,30,52810.05,60,15,166740
BANKNIFTY-III.NFO,30/10/2024,09:25:47,52810,52810,30,52810.1,15,0,166740
BANKNIFTY-III.NFO,30/10/2024,09:25:50,52810.1,52810,30,52821.15,60,45,166740
BANKNIFTY-III.NFO,30/10/2024,09:25:52,52810.1,52810,45,52821.2,15,0,166740
BANKNIFTY-III.NFO,30/10/2024,09:25:54,52810.1,52810.1,15,52821.2,15,0,166740
BANKNIFTY-III.NFO,30/10/2024,09:25:55,52810.1,52810.1,15,52815.8,15,0,166740
BANKNIFTY-III.NFO,30/10/2024,09:25:57,52810.1,52810.1,15,52813.1,60,0,166740
BANKNIFTY-III.NFO,30/10/2024,09:25:59,52810,52805,30,52805.1,15,45,166740
BANKNIFTY-III.NFO,30/10/2024,09:26:00,52810,52805,30,52805.1,15,0,166740
BANKNIFTY-III.NFO,30/10/2024,09:26:02,52810,52805,30,52816.45,60,0,166740
BANKNIFTY-III.NFO,30/10/2024,09:26:04,52810,52805,45,52820.6,90,0,166740
BANKNIFTY-III.NFO,30/10/2024,09:26:05,52810,52805,30,52815.55,60,0,166740
BANKNIFTY-III.NFO,30/10/2024,09:26:07,52810,52805,30,52815.6,75,0,166740
BANKNIFTY-III.NFO,30/10/2024,09:26:09,52815.6,52805,30,52815.45,60,15,166740
BANKNIFTY-III.NFO,30/10/2024,09:26:10,52815.6,52805,30,52817.6,60,0,166740
BANKNIFTY-III.NFO,30/10/2024,09:26:12,52815.6,52805,30,52805.1,15,0,166740
BANKNIFTY-III.NFO,30/10/2024,09:26:16,52805.1,52805,30,52805.1,15,45,166740
BANKNIFTY-III.NFO,30/10/2024,09:26:17,52805.1,52805,30,52805.1,15,30,166740
BANKNIFTY-III.NFO,30/10/2024,09:26:19,52805.1,52805,30,52805.1,15,0,166740
BANKNIFTY-III.NFO,30/10/2024,09:26:29,52805,52801,15,52801.1,15,30,166740
BANKNIFTY-III.NFO,30/10/2024,09:26:30,52805,52801,15,52801.1,15,0,166740
BANKNIFTY-III.NFO,30/10/2024,09:26:35,52808.8,52801,15,52801.1,15,45,166740
BANKNIFTY-III.NFO,30/10/2024,09:26:37,52808.8,52801,15,52801.1,15,0,166740
BANKNIFTY-III.NFO,30/10/2024,09:26:42,52808.8,52801,15,52804.3,15,0,166740
BANKNIFTY-III.NFO,30/10/2024,09:26:44,52801,52800,120,52804.3,15,15,166740
BANKNIFTY-III.NFO,30/10/2024,09:26:45,52801,52800.05,15,52804.3,15,0,166740
BANKNIFTY-III.NFO,30/10/2024,09:26:47,52801,52800.35,60,52812.55,15,0,166740
BANKNIFTY-III.NFO,30/10/2024,09:26:49,52801,52800.05,15,52809.2,15,0,166740
BANKNIFTY-III.NFO,30/10/2024,09:26:50,52801,52801.45,30,52814,150,0,166740
BANKNIFTY-III.NFO,30/10/2024,09:26:52,52801,52809.2,15,52813.4,150,0,166740
BANKNIFTY-III.NFO,30/10/2024,09:26:54,52809.2,52801.05,15,52811.95,150,15,166740
BANKNIFTY-III.NFO,30/10/2024,09:26:55,52801.05,52801,15,52806,15,15,166740
BANKNIFTY-III.NFO,30/10/2024,09:26:57,52801.05,52801,15,52804.5,165,0,166740
BANKNIFTY-III.NFO,30/10/2024,09:26:59,52801,52800,120,52802.85,255,15,166740
BANKNIFTY-III.NFO,30/10/2024,09:27:00,52802.85,52800,120,52800.1,15,30,166740
BANKNIFTY-III.NFO,30/10/2024,09:27:02,52802.85,52800,120,52800.1,15,0,166740
BANKNIFTY-III.NFO,30/10/2024,09:27:04,52802.85,52800,135,52800.1,15,0,166740
BANKNIFTY-III.NFO,30/10/2024,09:27:12,52802.85,52800,135,52806.3,15,0,166740
BANKNIFTY-III.NFO,30/10/2024,09:27:14,52802.85,52800,135,52809.85,15,0,166740
BANKNIFTY-III.NFO,30/10/2024,09:27:15,52800,52800.05,45,52812.6,240,45,166740
BANKNIFTY-III.NFO,30/10/2024,09:27:17,52800,52800,90,52812.75,135,0,166740
BANKNIFTY-III.NFO,30/10/2024,09:27:18,52800,52800,90,52810.85,15,0,166740
BANKNIFTY-III.NFO,30/10/2024,09:27:20,52800,52800,90,52808.35,135,0,166740
BANKNIFTY-III.NFO,30/10/2024,09:27:22,52800,52800,90,52804.65,15,0,166740
BANKNIFTY-III.NFO,30/10/2024,09:27:23,52800,52800,90,52802.55,15,0,166740
BANKNIFTY-III.NFO,30/10/2024,09:27:25,52800,52800,90,52800.1,15,0,166740
BANKNIFTY-III.NFO,30/10/2024,09:27:27,52800,52800,75,52800.1,15,15,166740
BANKNIFTY-III.NFO,30/10/2024,09:27:28,52800,52800,75,52800.1,15,0,166740
BANKNIFTY-III.NFO,30/10/2024,09:27:30,52800,52800,45,52800.1,15,30,166740
BANKNIFTY-III.NFO,30/10/2024,09:27:32,52800,52800,45,52800.1,15,0,166740
BANKNIFTY-III.NFO,30/10/2024,09:27:37,52800,52800,15,52800.1,15,30,166740
BANKNIFTY-III.NFO,30/10/2024,09:27:38,52800,52800,15,52800.1,15,0,166740
BANKNIFTY-III.NFO,30/10/2024,09:27:40,52807.15,52800,15,52809.85,240,30,166740
BANKNIFTY-III.NFO,30/10/2024,09:27:42,52807.15,52800,15,52809.3,15,0,166740
BANKNIFTY-III.NFO,30/10/2024,09:27:43,52807.15,52800.05,15,52810.9,150,0,166740
BANKNIFTY-III.NFO,30/10/2024,09:27:45,52807.15,52800.95,15,52812.3,240,0,166740
BANKNIFTY-III.NFO,30/10/2024,09:27:47,52800.05,52800,15,52808.85,150,15,166740
BANKNIFTY-III.NFO,30/10/2024,09:27:48,52813.95,52800.05,45,52813.4,135,15,166740
BANKNIFTY-III.NFO,30/10/2024,09:27:50,52813.95,52800.05,45,52813.9,240,0,166740
BANKNIFTY-III.NFO,30/10/2024,09:27:52,52813.95,52800.05,45,52815.5,135,0,166740
BANKNIFTY-III.NFO,30/10/2024,09:27:53,52800.05,52800.05,45,52817.6,15,15,166740
BANKNIFTY-III.NFO,30/10/2024,09:27:55,52800.05,52800.05,45,52817.9,60,0,166740
BANKNIFTY-III.NFO,30/10/2024,09:27:57,52800.05,52800.05,45,52814.85,15,0,166740
BANKNIFTY-III.NFO,30/10/2024,09:27:58,52800.05,52800,15,52811.05,135,0,166740
BANKNIFTY-III.NFO,30/10/2024,09:28:00,52817.75,52800.85,75,52816.5,60,150,166740
BANKNIFTY-III.NFO,30/10/2024,09:28:02,52817.75,52800,15,52810.3,60,0,166740
BANKNIFTY-III.NFO,30/10/2024,09:28:03,52817.75,52800,15,52809.6,75,0,166740
BANKNIFTY-III.NFO,30/10/2024,09:28:05,52817.75,52800,30,52808.5,75,0,166740
BANKNIFTY-III.NFO,30/10/2024,09:28:07,52817.75,52800,30,52809.95,60,0,166740
BANKNIFTY-III.NFO,30/10/2024,09:28:08,52817.75,52800,75,52809.95,60,0,166740
BANKNIFTY-III.NFO,30/10/2024,09:28:10,52809.85,52800,75,52810,15,345,167025
BANKNIFTY-III.NFO,30/10/2024,09:28:12,52809.85,52800,75,52809.95,45,0,167025
BANKNIFTY-III.NFO,30/10/2024,09:28:13,52813.75,52800.3,60,52817.05,60,30,167025
BANKNIFTY-III.NFO,30/10/2024,09:28:15,52813.75,52803.05,60,52817.45,90,0,167025
BANKNIFTY-III.NFO,30/10/2024,09:28:17,52813.75,52809.25,75,52824.25,15,0,167025
BANKNIFTY-III.NFO,30/10/2024,09:28:18,52813.75,52804.55,60,52820.1,150,0,167025
BANKNIFTY-III.NFO,30/10/2024,09:28:20,52800.05,52800.05,60,52813.8,150,30,167025
BANKNIFTY-III.NFO,30/10/2024,09:28:21,52800.05,52800,60,52808.3,90,0,167025
BANKNIFTY-III.NFO,30/10/2024,09:28:23,52800.05,52800,60,52807.35,30,0,167025
BANKNIFTY-III.NFO,30/10/2024,09:28:25,52798,52790,45,52797.25,30,105,167025
BANKNIFTY-III.NFO,30/10/2024,09:28:25,52798,52790,45,52797.25,30,0,167025
BANKNIFTY-III.NFO,30/10/2024,09:28:26,52798,52790,45,52800.9,30,0,167025
BANKNIFTY-III.NFO,30/10/2024,09:28:28,52798,52800.05,15,52800.85,45,0,167025
BANKNIFTY-III.NFO,30/10/2024,09:28:30,52804.35,52800.05,15,52806,150,15,167025
BANKNIFTY-III.NFO,30/10/2024,09:28:31,52804.35,52800.1,60,52810,150,0,167025
BANKNIFTY-III.NFO,30/10/2024,09:28:33,52804.35,52804.25,75,52810,150,0,167025
BANKNIFTY-III.NFO,30/10/2024,09:28:35,52810,52805.7,60,52821.45,150,150,167025
BANKNIFTY-III.NFO,30/10/2024,09:28:36,52810,52810.85,75,52826.25,150,0,167025
BANKNIFTY-III.NFO,30/10/2024,09:28:38,52810,52811.95,60,52825.65,150,0,167025
BANKNIFTY-III.NFO,30/10/2024,09:28:40,52829,52811.15,75,52828.45,180,75,167025
BANKNIFTY-III.NFO,30/10/2024,09:28:41,52829,52815.15,30,52827.95,150,0,167025
BANKNIFTY-III.NFO,30/10/2024,09:28:43,52829,52804.55,75,52820.9,150,0,167025
BANKNIFTY-III.NFO,30/10/2024,09:28:45,52825.45,52809.35,60,52824.25,150,15,167025
BANKNIFTY-III.NFO,30/10/2024,09:28:46,52825.45,52804.95,90,52820.7,150,0,167025
BANKNIFTY-III.NFO,30/10/2024,09:28:48,52821.85,52807.05,60,52824.95,15,15,167025
BANKNIFTY-III.NFO,30/10/2024,09:28:50,52821.85,52807.05,90,52821.9,150,0,167025
BANKNIFTY-III.NFO,30/10/2024,09:28:51,52821.85,52808.6,90,52823.3,150,0,167025
BANKNIFTY-III.NFO,30/10/2024,09:28:53,52821.85,52806.2,60,52821.4,150,0,167025
BANKNIFTY-III.NFO,30/10/2024,09:28:55,52820.25,52805.9,60,52823.35,150,15,167025
BANKNIFTY-III.NFO,30/10/2024,09:28:56,52820.25,52807.35,75,52826.7,30,0,167025
BANKNIFTY-III.NFO,30/10/2024,09:28:58,52820.25,52820.25,15,52826.75,150,0,167025
BANKNIFTY-III.NFO,30/10/2024,09:29:00,52820.25,52804.1,60,52818.8,150,15,167025
BANKNIFTY-III.NFO,30/10/2024,09:29:01,52820.25,52800.05,15,52813.6,150,0,167025
BANKNIFTY-III.NFO,30/10/2024,09:29:03,52820.25,52800.05,15,52811.25,150,0,167025
BANKNIFTY-III.NFO,30/10/2024,09:29:04,52820.25,52800.05,15,52812.25,150,0,167025
BANKNIFTY-III.NFO,30/10/2024,09:29:06,52820.25,52800.05,15,52809.95,150,0,167025
BANKNIFTY-III.NFO,30/10/2024,09:29:08,52800.05,52793.3,75,52812.15,150,15,167025
BANKNIFTY-III.NFO,30/10/2024,09:29:09,52800.05,52796.55,30,52813.35,150,0,167025
BANKNIFTY-III.NFO,30/10/2024,09:29:11,52800.05,52791.85,60,52812.15,15,0,167025
BANKNIFTY-III.NFO,30/10/2024,09:29:13,52800.05,52790,60,52799.75,15,0,167025
BANKNIFTY-III.NFO,30/10/2024,09:29:14,52800.05,52790,60,52795.9,15,0,167025
BANKNIFTY-III.NFO,30/10/2024,09:29:16,52796.65,52790,60,52799.3,150,15,167025
BANKNIFTY-III.NFO,30/10/2024,09:29:16,52796.65,52790,60,52799.3,150,0,167025
BANKNIFTY-III.NFO,30/10/2024,09:29:18,52796.65,52790,60,52801,150,0,167025
BANKNIFTY-III.NFO,30/10/2024,09:29:19,52796.65,52790,60,52799.7,150,0,167025
BANKNIFTY-III.NFO,30/10/2024,09:29:21,52796.65,52790,60,52802.55,75,0,167025
BANKNIFTY-III.NFO,30/10/2024,09:29:22,52790,52790,45,52800.4,75,15,167025
BANKNIFTY-III.NFO,30/10/2024,09:29:22,52790,52790,45,52800.4,75,0,167025
BANKNIFTY-III.NFO,30/10/2024,09:29:24,52790,52790,45,52801,15,0,167025
BANKNIFTY-III.NFO,30/10/2024,09:29:26,52790,52790,45,52799.1,150,0,167025
BANKNIFTY-III.NFO,30/10/2024,09:29:27,52775,52775,45,52786.1,15,510,167025
BANKNIFTY-III.NFO,30/10/2024,09:29:27,52775,52775,45,52786.1,15,0,167025
BANKNIFTY-III.NFO,30/10/2024,09:29:29,52791.55,52776.3,30,52796.35,30,375,167025
BANKNIFTY-III.NFO,30/10/2024,09:29:31,52791.55,52775.05,30,52791.15,105,0,167025
BANKNIFTY-III.NFO,30/10/2024,09:29:32,52791.55,52775,45,52787.55,105,0,167025
BANKNIFTY-III.NFO,30/10/2024,09:29:34,52791.55,52775,45,52784.45,105,0,167025
BANKNIFTY-III.NFO,30/10/2024,09:29:36,52791.55,52775,45,52785,105,0,167025
BANKNIFTY-III.NFO,30/10/2024,09:29:37,52791.55,52775,45,52780.5,105,0,167025
BANKNIFTY-III.NFO,30/10/2024,09:29:39,52791.55,52775,45,52778.5,105,0,167025
BANKNIFTY-III.NFO,30/10/2024,09:29:41,52775,52770,30,52775.15,75,45,167025
BANKNIFTY-III.NFO,30/10/2024,09:29:42,52773.4,52770,30,52771.55,30,30,167025
BANKNIFTY-III.NFO,30/10/2024,09:29:42,52773.4,52770,30,52771.55,30,0,167025
BANKNIFTY-III.NFO,30/10/2024,09:29:44,52750,52739.05,30,52760.95,15,135,167025
BANKNIFTY-III.NFO,30/10/2024,09:29:44,52750,52739.05,30,52760.95,15,0,167025
BANKNIFTY-III.NFO,30/10/2024,09:29:46,52750,52746.05,30,52766.5,45,0,167025
BANKNIFTY-III.NFO,30/10/2024,09:29:47,52750,52749.45,15,52767.7,45,0,167025
BANKNIFTY-III.NFO,30/10/2024,09:29:49,52750,52757.35,30,52770.5,15,0,167025
BANKNIFTY-III.NFO,30/10/2024,09:29:51,52750,52755.7,45,52767.05,30,0,167025
BANKNIFTY-III.NFO,30/10/2024,09:29:52,52750,52756.8,75,52771.6,15,0,167025
BANKNIFTY-III.NFO,30/10/2024,09:29:54,52750,52757.55,60,52770.7,15,0,167025
BANKNIFTY-III.NFO,30/10/2024,09:29:56,52750,52750.55,15,52760,15,0,167025
BANKNIFTY-III.NFO,30/10/2024,09:29:57,52750,52750.55,15,52751.35,15,0,167025
BANKNIFTY-III.NFO,30/10/2024,09:29:59,52750,52741.6,30,52752.95,15,30,167025
BANKNIFTY-III.NFO,30/10/2024,09:30:01,52750,52741.55,15,52748.75,15,0,167025
BANKNIFTY-III.NFO,30/10/2024,09:30:02,52750,52741.55,15,52748.65,15,0,167025
BANKNIFTY-III.NFO,30/10/2024,09:30:04,52739,52730,15,52736.65,75,30,167025
BANKNIFTY-III.NFO,30/10/2024,09:30:04,52739,52730,15,52736.65,75,0,167025
BANKNIFTY-III.NFO,30/10/2024,09:30:06,52739,52730,15,52732.35,75,0,167025
BANKNIFTY-III.NFO,30/10/2024,09:30:07,52730,52715.05,30,52735.65,90,15,167025
BANKNIFTY-III.NFO,30/10/2024,09:30:07,52730,52715.05,30,52735.65,90,0,167025
BANKNIFTY-III.NFO,30/10/2024,09:30:09,52714,52710.05,30,52726.95,15,90,167025
BANKNIFTY-III.NFO,30/10/2024,09:30:09,52710.9,52710.05,30,52726.95,15,0,167025
BANKNIFTY-III.NFO,30/10/2024,09:30:11,52714,52713.15,45,52735.65,15,0,167025
BANKNIFTY-III.NFO,30/10/2024,09:30:12,52715.05,52715.35,30,52733.25,90,150,167025
BANKNIFTY-III.NFO,30/10/2024,09:30:14,52715.05,52718.95,60,52734.95,75,0,167025
BANKNIFTY-III.NFO,30/10/2024,09:30:16,52715.05,52724.95,75,52738,15,0,167025
BANKNIFTY-III.NFO,30/10/2024,09:30:18,52715.05,52725.4,30,52738,15,0,167025
BANKNIFTY-III.NFO,30/10/2024,09:30:19,52738,52729.95,15,52742.75,15,30,167025
BANKNIFTY-III.NFO,30/10/2024,09:30:21,52738,52725.25,60,52738.85,15,0,167025
BANKNIFTY-III.NFO,30/10/2024,09:30:22,52738,52720,15,52733,15,0,167025
BANKNIFTY-III.NFO,30/10/2024,09:30:24,52720,52716.7,30,52731.95,15,15,167025
BANKNIFTY-III.NFO,30/10/2024,09:30:26,52720,52716,15,52727.35,15,0,167025
BANKNIFTY-III.NFO,30/10/2024,09:30:27,52720,52716,15,52723.75,150,0,167025
BANKNIFTY-III.NFO,30/10/2024,09:30:29,52720,52716,15,52723.7,150,0,167025
BANKNIFTY-III.NFO,30/10/2024,09:30:31,52720,52716,15,52722.7,30,0,167025
BANKNIFTY-III.NFO,30/10/2024,09:30:32,52720,52719.55,30,52724.8,120,0,167025
BANKNIFTY-III.NFO,30/10/2024,09:30:34,52720,52716,15,52727.85,15,0,167025
BANKNIFTY-III.NFO,30/10/2024,09:30:36,52720,52716,15,52719.7,15,0,167025
BANKNIFTY-III.NFO,30/10/2024,09:30:38,52716,52715,15,52717.15,105,30,167025
BANKNIFTY-III.NFO,30/10/2024,09:30:39,52716,52715,15,52721.8,30,0,167025
BANKNIFTY-III.NFO,30/10/2024,09:30:41,52716,52715,15,52719.1,15,0,167025
BANKNIFTY-III.NFO,30/10/2024,09:30:43,52715,52714,15,52722.55,150,45,167025
BANKNIFTY-III.NFO,30/10/2024,09:30:44,52715,52714,15,52720.2,15,0,167025
BANKNIFTY-III.NFO,30/10/2024,09:30:46,52715,52714,15,52717.4,150,0,167025
BANKNIFTY-III.NFO,30/10/2024,09:30:48,52715,52714,15,52720.05,150,0,167025
BANKNIFTY-III.NFO,30/10/2024,09:30:49,52715,52715,15,52721.65,30,0,167025
BANKNIFTY-III.NFO,30/10/2024,09:30:51,52715,52710,30,52715,90,15,167025
BANKNIFTY-III.NFO,30/10/2024,09:30:53,52715,52710,30,52715,90,0,167025
BANKNIFTY-III.NFO,30/10/2024,09:30:54,52715,52710,30,52714.3,150,0,167025
BANKNIFTY-III.NFO,30/10/2024,09:30:56,52715,52710,30,52715,105,0,167025
BANKNIFTY-III.NFO,30/10/2024,09:30:58,52715,52710,30,52715,90,15,167025
BANKNIFTY-III.NFO,30/10/2024,09:30:59,52715,52710,30,52715,90,0,167025
BANKNIFTY-III.NFO,30/10/2024,09:31:01,52710,52707,150,52709.05,75,30,167025
BANKNIFTY-III.NFO,30/10/2024,09:31:01,52710,52707,150,52709.05,75,0,167025
BANKNIFTY-III.NFO,30/10/2024,09:31:03,52701,52701,345,52701.2,15,285,167025
BANKNIFTY-III.NFO,30/10/2024,09:31:03,52701,52701,345,52701.2,15,0,167025
BANKNIFTY-III.NFO,30/10/2024,09:31:04,52701,52701,330,52706.3,15,15,167025
BANKNIFTY-III.NFO,30/10/2024,09:31:06,52703.5,52701,330,52702.15,135,15,167415
BANKNIFTY-III.NFO,30/10/2024,09:31:08,52701,52701,300,52701.2,135,30,167415
BANKNIFTY-III.NFO,30/10/2024,09:31:09,52701,52701,45,52701.2,135,255,167415
BANKNIFTY-III.NFO,30/10/2024,09:31:11,52700,52700,285,52705.15,150,210,167415
BANKNIFTY-III.NFO,30/10/2024,09:31:11,52700,52700,285,52705.15,150,0,167415
BANKNIFTY-III.NFO,30/10/2024,09:31:13,52700,52700,270,52702.85,15,15,167415
BANKNIFTY-III.NFO,30/10/2024,09:31:14,52700,52700,210,52702.85,15,75,167415
BANKNIFTY-III.NFO,30/10/2024,09:31:16,52705.9,52700,180,52708.8,15,60,167415
BANKNIFTY-III.NFO,30/10/2024,09:31:18,52705.9,52700,180,52708.8,15,0,167415
BANKNIFTY-III.NFO,30/10/2024,09:31:19,52700,52700,75,52708.8,15,105,167415
BANKNIFTY-III.NFO,30/10/2024,09:31:21,52700,52700,75,52706.3,15,0,167415
BANKNIFTY-III.NFO,30/10/2024,09:31:23,52708.8,52700,75,52715,15,15,167415
BANKNIFTY-III.NFO,30/10/2024,09:31:24,52700,52698,15,52710.9,120,75,167415
BANKNIFTY-III.NFO,30/10/2024,09:31:26,52700,52698,15,52704.2,150,0,167415
BANKNIFTY-III.NFO,30/10/2024,09:31:28,52700,52700,105,52707,15,0,167415
BANKNIFTY-III.NFO,30/10/2024,09:31:29,52700,52700,75,52715,15,45,167415
BANKNIFTY-III.NFO,30/10/2024,09:31:31,52700,52700,60,52713.35,120,0,167415
BANKNIFTY-III.NFO,30/10/2024,09:31:33,52700,52700,60,52709.8,120,0,167415
BANKNIFTY-III.NFO,30/10/2024,09:31:34,52700,52700,60,52709.9,15,0,167415
BANKNIFTY-III.NFO,30/10/2024,09:31:36,52700,52700,60,52709.9,15,15,167415
BANKNIFTY-III.NFO,30/10/2024,09:31:38,52700,52700,45,52709.9,15,15,167415
BANKNIFTY-III.NFO,30/10/2024,09:31:39,52709.9,52709.9,15,52715,15,15,167415
BANKNIFTY-III.NFO,30/10/2024,09:31:41,52709.9,52710.6,60,52715,15,0,167415
BANKNIFTY-III.NFO,30/10/2024,09:31:43,52715,52714.15,75,52726.25,15,45,167415
BANKNIFTY-III.NFO,30/10/2024,09:31:44,52715,52713.25,75,52723.45,15,0,167415
BANKNIFTY-III.NFO,30/10/2024,09:31:46,52723.45,52713.3,60,52726.25,15,15,167415
BANKNIFTY-III.NFO,30/10/2024,09:31:48,52723.45,52713.6,60,52726.25,15,0,167415
BANKNIFTY-III.NFO,30/10/2024,09:31:49,52718.75,52723.5,60,52735.75,150,15,167415
BANKNIFTY-III.NFO,30/10/2024,09:31:51,52718.75,52723.45,15,52732.6,120,0,167415
BANKNIFTY-III.NFO,30/10/2024,09:31:53,52730,52723.5,75,52732.9,150,30,167415
BANKNIFTY-III.NFO,30/10/2024,09:31:54,52730,52723.5,60,52733.55,15,0,167415
BANKNIFTY-III.NFO,30/10/2024,09:31:56,52730,52723.5,75,52733.55,15,0,167415
BANKNIFTY-III.NFO,30/10/2024,09:31:58,52730.85,52723.45,15,52732.05,15,30,167415
BANKNIFTY-III.NFO,30/10/2024,09:31:59,52723.45,52714.7,60,52729.65,45,15,167415
BANKNIFTY-III.NFO,30/10/2024,09:32:01,52730,52715.3,105,52728.95,15,15,167415
BANKNIFTY-III.NFO,30/10/2024,09:32:03,52730,52715.05,105,52729.55,15,0,167415
BANKNIFTY-III.NFO,30/10/2024,09:32:04,52730,52720.05,75,52726,45,0,167415
BANKNIFTY-III.NFO,30/10/2024,09:32:06,52730,52720,30,52726,45,0,167415
BANKNIFTY-III.NFO,30/10/2024,09:32:08,52726,52720,45,52726,30,15,167415
BANKNIFTY-III.NFO,30/10/2024,09:32:09,52720,52720,15,52726,30,15,167415
BANKNIFTY-III.NFO,30/10/2024,09:32:11,52720,52720,15,52725.95,45,0,167415
BANKNIFTY-III.NFO,30/10/2024,09:32:13,52720,52713.2,15,52723.15,60,15,167415
BANKNIFTY-III.NFO,30/10/2024,09:32:14,52713.2,52710,15,52718.85,45,15,167415
BANKNIFTY-III.NFO,30/10/2024,09:32:16,52710,52709.9,30,52713.8,45,15,167415
BANKNIFTY-III.NFO,30/10/2024,09:32:18,52709.9,52700.05,30,52717.05,45,30,167415
BANKNIFTY-III.NFO,30/10/2024,09:32:19,52709.9,52700,45,52717.05,60,0,167415
BANKNIFTY-III.NFO,30/10/2024,09:32:21,52709.9,52700,45,52710.6,45,0,167415
BANKNIFTY-III.NFO,30/10/2024,09:32:23,52710.65,52700,45,52712.65,30,15,167415
BANKNIFTY-III.NFO,30/10/2024,09:32:24,52710.65,52700,45,52708.7,30,0,167415
BANKNIFTY-III.NFO,30/10/2024,09:32:26,52710.65,52700,45,52708,30,0,167415
BANKNIFTY-III.NFO,30/10/2024,09:32:28,52710.65,52700,45,52707.3,45,0,167415
BANKNIFTY-III.NFO,30/10/2024,09:32:29,52709.1,52700,45,52706.3,15,15,167415
BANKNIFTY-III.NFO,30/10/2024,09:32:31,52709.1,52700,45,52707.65,15,0,167415
BANKNIFTY-III.NFO,30/10/2024,09:32:33,52709.1,52700,45,52704.75,15,0,167415
BANKNIFTY-III.NFO,30/10/2024,09:32:34,52705.25,52700,45,52702.1,120,15,167415
BANKNIFTY-III.NFO,30/10/2024,09:32:36,52705.25,52700,60,52703.3,120,0,167415
BANKNIFTY-III.NFO,30/10/2024,09:32:38,52698,52690,15,52700.15,150,75,167415
BANKNIFTY-III.NFO,30/10/2024,09:32:38,52698,52690,15,52700.15,150,0,167415
BANKNIFTY-III.NFO,30/10/2024,09:32:39,52690,52689,15,52696.95,150,15,167415
BANKNIFTY-III.NFO,30/10/2024,09:32:39,52690,52689,15,52696.95,150,0,167415
BANKNIFTY-III.NFO,30/10/2024,09:32:41,52690,52689,15,52701.3,60,0,167415
BANKNIFTY-III.NFO,30/10/2024,09:32:43,52704.15,52689.75,75,52704.75,15,15,167415
BANKNIFTY-III.NFO,30/10/2024,09:32:44,52704.15,52689.25,60,52704.4,45,0,167415
BANKNIFTY-III.NFO,30/10/2024,09:32:46,52704.15,52693.3,60,52707,45,0,167415
BANKNIFTY-III.NFO,30/10/2024,09:32:48,52704.15,52689,15,52697.35,45,0,167415
BANKNIFTY-III.NFO,30/10/2024,09:32:49,52697.7,52689,15,52697.55,15,30,167415
BANKNIFTY-III.NFO,30/10/2024,09:32:51,52697.7,52689,15,52695.35,15,0,167415
BANKNIFTY-III.NFO,30/10/2024,09:32:52,52690,52689,15,52692.3,150,15,167415
BANKNIFTY-III.NFO,30/10/2024,09:32:54,52693.25,52680.35,30,52689,450,120,167415
BANKNIFTY-III.NFO,30/10/2024,09:32:54,52689,52680.35,30,52689,450,0,167415
BANKNIFTY-III.NFO,30/10/2024,09:32:56,52680.2,52680.2,15,52689,420,45,167415
BANKNIFTY-III.NFO,30/10/2024,09:32:56,52680.2,52680.2,15,52689,420,0,167415
BANKNIFTY-III.NFO,30/10/2024,09:32:57,52680.95,52682.8,90,52689,420,15,167415
BANKNIFTY-III.NFO,30/10/2024,09:32:59,52689,52687.85,75,52689,405,15,167415
BANKNIFTY-III.NFO,30/10/2024,09:33:01,52689,52683.6,75,52689,405,0,167415
BANKNIFTY-III.NFO,30/10/2024,09:33:02,52689,52681.8,75,52689,405,0,167415
BANKNIFTY-III.NFO,30/10/2024,09:33:04,52680,52681.8,75,52689,405,15,167415
BANKNIFTY-III.NFO,30/10/2024,09:33:04,52680,52681.8,75,52689,405,0,167415
BANKNIFTY-III.NFO,30/10/2024,09:33:06,52680,52680,15,52689,405,0,167415
BANKNIFTY-III.NFO,30/10/2024,09:33:08,52681.1,52680.95,30,52689,405,15,167415
BANKNIFTY-III.NFO,30/10/2024,09:33:09,52681.1,52680,15,52689,405,0,167415
BANKNIFTY-III.NFO,30/10/2024,09:33:11,52689,52680,15,52685.15,30,15,167415
BANKNIFTY-III.NFO,30/10/2024,09:33:13,52689,52680,15,52686.6,15,0,167415
BANKNIFTY-III.NFO,30/10/2024,09:33:14,52689,52680,15,52684.7,15,0,167415
BANKNIFTY-III.NFO,30/10/2024,09:33:16,52683.75,52680,15,52684,150,45,167415
BANKNIFTY-III.NFO,30/10/2024,09:33:18,52680,52675,15,52676.35,135,15,167415
BANKNIFTY-III.NFO,30/10/2024,09:33:19,52675,52670.1,30,52680.95,15,30,167415
BANKNIFTY-III.NFO,30/10/2024,09:33:19,52675,52670.1,30,52680.95,15,0,167415
BANKNIFTY-III.NFO,30/10/2024,09:33:21,52675,52670.05,15,52675.5,105,0,167415
BANKNIFTY-III.NFO,30/10/2024,09:33:23,52671.75,52666,150,52672.15,75,30,167415
BANKNIFTY-III.NFO,30/10/2024,09:33:23,52670.05,52666,150,52672.15,75,0,167415
BANKNIFTY-III.NFO,30/10/2024,09:33:24,52666,52666,90,52670.1,45,75,167415
BANKNIFTY-III.NFO,30/10/2024,09:33:24,52666,52666,90,52670.1,45,0,167415
BANKNIFTY-III.NFO,30/10/2024,09:33:26,52666,52662,15,52667.1,60,90,167415
BANKNIFTY-III.NFO,30/10/2024,09:33:28,52662,52650,60,52660.15,45,15,167415
BANKNIFTY-III.NFO,30/10/2024,09:33:28,52662,52650,60,52660.15,45,0,167415
BANKNIFTY-III.NFO,30/10/2024,09:33:29,52662,52650,60,52653.6,60,0,167415
BANKNIFTY-III.NFO,30/10/2024,09:33:31,52645,52642,15,52645.85,75,75,167415
BANKNIFTY-III.NFO,30/10/2024,09:33:31,52645,52642,15,52645.85,75,0,167415
BANKNIFTY-III.NFO,30/10/2024,09:33:33,52645,52642,15,52645.85,75,0,167415
BANKNIFTY-III.NFO,30/10/2024,09:33:34,52645.85,52645.25,45,52658.85,15,75,167415
BANKNIFTY-III.NFO,30/10/2024,09:33:36,52658.1,52642.7,45,52657.7,15,15,167415
BANKNIFTY-III.NFO,30/10/2024,09:33:37,52645.75,52644.7,30,52657.7,15,15,167415
BANKNIFTY-III.NFO,30/10/2024,09:33:39,52645.7,52645.7,15,52660.95,15,30,167415
BANKNIFTY-III.NFO,30/10/2024,09:33:41,52645.7,52645.7,45,52658.7,45,0,167415
BANKNIFTY-III.NFO,30/10/2024,09:33:42,52642.15,52642.05,30,52656.8,75,300,167415
BANKNIFTY-III.NFO,30/10/2024,09:33:42,52642.15,52642.05,30,52656.8,75,0,167415
BANKNIFTY-III.NFO,30/10/2024,09:33:44,52642.15,52642,15,52653.2,60,0,167415
BANKNIFTY-III.NFO,30/10/2024,09:33:46,52642.15,52642,15,52652.8,60,0,167415
BANKNIFTY-III.NFO,30/10/2024,09:33:47,52639,52639,15,52647.6,75,75,167415
BANKNIFTY-III.NFO,30/10/2024,09:33:47,52639,52639,15,52647.6,75,0,167415
BANKNIFTY-III.NFO,30/10/2024,09:33:49,52639,52639,15,52644.95,60,0,167415
BANKNIFTY-III.NFO,30/10/2024,09:33:51,52639,52639,15,52641.15,60,0,167415
BANKNIFTY-III.NFO,30/10/2024,09:33:52,52639,52630,30,52640.85,60,15,167415
BANKNIFTY-III.NFO,30/10/2024,09:33:54,52639,52630,45,52642.8,60,0,167415
BANKNIFTY-III.NFO,30/10/2024,09:33:56,52639,52630.05,30,52644.85,60,0,167415
BANKNIFTY-III.NFO,30/10/2024,09:33:57,52639,52630,45,52644.35,75,0,167415
BANKNIFTY-III.NFO,30/10/2024,09:33:59,52638.7,52630,45,52633.55,45,15,167415
BANKNIFTY-III.NFO,30/10/2024,09:33:59,52638.7,52630,45,52633.55,45,0,167415
BANKNIFTY-III.NFO,30/10/2024,09:34:01,52628.45,52616,15,52621.95,15,180,167415
BANKNIFTY-III.NFO,30/10/2024,09:34:01,52621,52616,15,52621.95,15,0,167415
BANKNIFTY-III.NFO,30/10/2024,09:34:02,52628.45,52616,15,52621.9,15,0,167415
BANKNIFTY-III.NFO,30/10/2024,09:34:04,52600.05,52600,300,52616.35,30,150,167415
BANKNIFTY-III.NFO,30/10/2024,09:34:04,52600.05,52600,300,52616.35,30,0,167415
BANKNIFTY-III.NFO,30/10/2024,09:34:06,52600,52601.65,30,52618.35,15,150,167925
BANKNIFTY-III.NFO,30/10/2024,09:34:06,52600,52601.65,30,52618.35,15,0,167925
BANKNIFTY-III.NFO,30/10/2024,09:34:07,52615.85,52600.55,30,52614.1,15,15,167925
BANKNIFTY-III.NFO,30/10/2024,09:34:09,52601.65,52604.15,30,52619.95,105,30,167925
BANKNIFTY-III.NFO,30/10/2024,09:34:11,52607.95,52607.95,15,52619.95,15,30,167925
BANKNIFTY-III.NFO,30/10/2024,09:34:12,52612.4,52615.85,75,52632.85,105,60,167925
BANKNIFTY-III.NFO,30/10/2024,09:34:14,52624.8,52635.35,60,52653.1,30,15,167925
BANKNIFTY-III.NFO,30/10/2024,09:34:16,52624.8,52636.1,15,52652,60,0,167925
BANKNIFTY-III.NFO,30/10/2024,09:34:18,52624.8,52625.4,45,52640.1,60,0,167925
BANKNIFTY-III.NFO,30/10/2024,09:34:19,52637.55,52625.15,60,52639.8,15,75,167925
BANKNIFTY-III.NFO,30/10/2024,09:34:21,52637.55,52624.95,30,52641.45,15,0,167925
BANKNIFTY-III.NFO,30/10/2024,09:34:23,52637.55,52630,15,52638.9,15,0,167925
BANKNIFTY-III.NFO,30/10/2024,09:34:24,52637.55,52632.2,75,52643.85,105,0,167925
BANKNIFTY-III.NFO,30/10/2024,09:34:26,52637.55,52630.1,30,52643.6,15,0,167925
BANKNIFTY-III.NFO,30/10/2024,09:34:28,52637.55,52630,30,52643.3,15,0,167925
BANKNIFTY-III.NFO,30/10/2024,09:34:29,52643,52637.55,30,52643.25,15,15,167925
BANKNIFTY-III.NFO,30/10/2024,09:34:31,52643.25,52637.6,45,52650.3,15,15,167925
BANKNIFTY-III.NFO,30/10/2024,09:34:33,52643.25,52637.6,30,52651.2,90,0,167925
BANKNIFTY-III.NFO,30/10/2024,09:34:34,52637.55,52634.6,15,52650.9,60,75,167925
BANKNIFTY-III.NFO,30/10/2024,09:34:36,52637.55,52630.05,90,52645.8,45,0,167925
BANKNIFTY-III.NFO,30/10/2024,09:34:38,52650.15,52637,15,52648.2,15,75,167925
BANKNIFTY-III.NFO,30/10/2024,09:34:39,52637,52630,30,52644.9,15,30,167925
BANKNIFTY-III.NFO,30/10/2024,09:34:41,52646.95,52630,45,52642.7,15,105,167925
BANKNIFTY-III.NFO,30/10/2024,09:34:43,52630,52624.8,45,52639.65,45,30,167925
BANKNIFTY-III.NFO,30/10/2024,09:34:44,52640.35,52629.9,60,52641,15,15,167925
BANKNIFTY-III.NFO,30/10/2024,09:34:46,52640.35,52624.85,60,52639.45,15,0,167925
BANKNIFTY-III.NFO,30/10/2024,09:34:47,52640.35,52632.3,75,52639.7,15,0,167925
BANKNIFTY-III.NFO,30/10/2024,09:34:49,52632.35,52629.35,60,52642.95,45,15,167925
BANKNIFTY-III.NFO,30/10/2024,09:34:51,52616.5,52611.4,90,52635.4,45,120,167925
BANKNIFTY-III.NFO,30/10/2024,09:34:52,52635.3,52611.4,105,52634.75,30,15,167925
BANKNIFTY-III.NFO,30/10/2024,09:34:54,52635.3,52610.85,105,52631.95,30,0,167925
BANKNIFTY-III.NFO,30/10/2024,09:34:56,52631.9,52610.85,105,52633.1,45,15,167925
BANKNIFTY-III.NFO,30/10/2024,09:34:57,52610.55,52610.95,90,52633.3,75,240,167925
BANKNIFTY-III.NFO,30/10/2024,09:34:59,52610.55,52610.95,105,52630.85,90,0,167925
BANKNIFTY-III.NFO,30/10/2024,09:35:01,52631.35,52610.95,105,52631.5,45,15,167925
BANKNIFTY-III.NFO,30/10/2024,09:35:02,52632.55,52610.95,105,52633.05,90,60,167925
BANKNIFTY-III.NFO,30/10/2024,09:35:04,52632.55,52610.95,105,52630.15,15,0,167925
BANKNIFTY-III.NFO,30/10/2024,09:35:06,52632.55,52608.5,90,52626.65,15,0,167925
BANKNIFTY-III.NFO,30/10/2024,09:35:07,52632.55,52608.5,105,52630.85,45,0,167925
BANKNIFTY-III.NFO,30/10/2024,09:35:09,52632.55,52608.5,105,52630.85,15,0,167925
BANKNIFTY-III.NFO,30/10/2024,09:35:11,52632.55,52608.5,105,52632.7,30,0,167925
BANKNIFTY-III.NFO,30/10/2024,09:35:12,52632.55,52612.35,90,52636,45,0,167925
BANKNIFTY-III.NFO,30/10/2024,09:35:14,52612.35,52612.4,90,52639.75,30,90,167925
BANKNIFTY-III.NFO,30/10/2024,09:35:16,52612.35,52615.8,90,52641.3,15,0,167925
BANKNIFTY-III.NFO,30/10/2024,09:35:17,52612.35,52617.15,90,52646.8,15,0,167925
BANKNIFTY-III.NFO,30/10/2024,09:35:19,52647.3,52624.05,90,52648.1,15,30,167925
BANKNIFTY-III.NFO,30/10/2024,09:35:21,52647.3,52624.05,90,52644.75,15,0,167925
BANKNIFTY-III.NFO,30/10/2024,09:35:22,52647.3,52617.2,105,52639.6,15,0,167925
BANKNIFTY-III.NFO,30/10/2024,09:35:24,52644.4,52622.3,105,52648.55,15,15,167925
BANKNIFTY-III.NFO,30/10/2024,09:35:26,52644.4,52626.4,90,52650,15,0,167925
BANKNIFTY-III.NFO,30/10/2024,09:35:28,52650,52627.25,90,52654.9,15,15,167925
BANKNIFTY-III.NFO,30/10/2024,09:35:29,52650,52628.75,90,52654.6,15,0,167925
BANKNIFTY-III.NFO,30/10/2024,09:35:31,52650,52628.75,90,52653.45,15,0,167925
BANKNIFTY-III.NFO,30/10/2024,09:35:33,52654.5,52628.75,90,52651.95,30,15,167925
BANKNIFTY-III.NFO,30/10/2024,09:35:34,52650,52632.6,60,52651.95,15,15,167925
BANKNIFTY-III.NFO,30/10/2024,09:35:36,52650,52628.7,90,52651.75,15,0,167925
BANKNIFTY-III.NFO,30/10/2024,09:35:38,52650,52628.7,105,52649.3,15,0,167925
BANKNIFTY-III.NFO,30/10/2024,09:35:39,52628.7,52628.75,90,52650.75,15,15,167925
BANKNIFTY-III.NFO,30/10/2024,09:35:41,52628.7,52629.1,90,52654,15,0,167925
BANKNIFTY-III.NFO,30/10/2024,09:35:43,52632.85,52632.85,90,52660.8,45,45,167925
BANKNIFTY-III.NFO,30/10/2024,09:35:44,52632.85,52635.35,105,52661.5,60,15,167925
BANKNIFTY-III.NFO,30/10/2024,09:35:46,52632.85,52640.15,90,52661.3,60,0,167925
BANKNIFTY-III.NFO,30/10/2024,09:35:48,52632.85,52649.1,60,52668.95,60,0,167925
BANKNIFTY-III.NFO,30/10/2024,09:35:49,52632.85,52652.65,90,52675.85,60,0,167925
BANKNIFTY-III.NFO,30/10/2024,09:35:51,52678.7,52655.15,90,52678.7,45,15,167925
BANKNIFTY-III.NFO,30/10/2024,09:35:53,52678.7,52656.15,90,52678.85,45,0,167925
BANKNIFTY-III.NFO,30/10/2024,09:35:54,52678.7,52650.5,60,52673.25,45,0,167925
BANKNIFTY-III.NFO,30/10/2024,09:35:56,52678.7,52642.4,60,52664.6,45,0,167925
BANKNIFTY-III.NFO,30/10/2024,09:35:58,52678.7,52644,105,52667,75,0,167925
BANKNIFTY-III.NFO,30/10/2024,09:35:59,52678.7,52639.35,15,52659.35,45,0,167925
BANKNIFTY-III.NFO,30/10/2024,09:36:01,52678.7,52639.35,15,52659.15,45,0,167925
BANKNIFTY-III.NFO,30/10/2024,09:36:03,52678.7,52637.85,15,52657.65,45,0,167925
BANKNIFTY-III.NFO,30/10/2024,09:36:04,52678.7,52639.75,60,52660.55,45,0,167925
BANKNIFTY-III.NFO,30/10/2024,09:36:06,52678.7,52640.5,90,52660.25,45,0,167925
BANKNIFTY-III.NFO,30/10/2024,09:36:08,52678.7,52645.2,15,52660.05,45,0,167925
BANKNIFTY-III.NFO,30/10/2024,09:36:09,52660.05,52645.95,60,52659.95,30,15,167925
BANKNIFTY-III.NFO,30/10/2024,09:36:11,52660.05,52650,30,52659.7,30,0,167925
BANKNIFTY-III.NFO,30/10/2024,09:36:13,52660.05,52650,30,52654.2,30,0,167925
BANKNIFTY-III.NFO,30/10/2024,09:36:14,52650,52631.7,45,52649.2,30,30,167925
BANKNIFTY-III.NFO,30/10/2024,09:36:16,52650,52630,15,52643.05,30,0,167925
BANKNIFTY-III.NFO,30/10/2024,09:36:18,52650,52630.05,90,52644.8,30,0,167925
BANKNIFTY-III.NFO,30/10/2024,09:36:19,52650,52635.5,30,52644.75,75,0,167925
BANKNIFTY-III.NFO,30/10/2024,09:36:21,52650,52630,30,52644.55,30,0,167925
BANKNIFTY-III.NFO,30/10/2024,09:36:23,52650,52630,15,52642.55,30,0,167925
BANKNIFTY-III.NFO,30/10/2024,09:36:24,52650,52630,15,52639.95,30,0,167925
BANKNIFTY-III.NFO,30/10/2024,09:36:26,52639.95,52625.4,15,52639.95,15,30,167925
BANKNIFTY-III.NFO,30/10/2024,09:36:28,52639.95,52625.45,60,52639.85,15,0,167925
BANKNIFTY-III.NFO,30/10/2024,09:36:29,52638.7,52622.05,90,52639.8,15,30,167925
BANKNIFTY-III.NFO,30/10/2024,09:36:31,52641.65,52622.4,60,52642.15,60,30,167925
BANKNIFTY-III.NFO,30/10/2024,09:36:33,52635.2,52620,315,52636.35,135,15,167925
BANKNIFTY-III.NFO,30/10/2024,09:36:34,52631,52631,255,52633.6,60,45,167925
BANKNIFTY-III.NFO,30/10/2024,09:36:36,52626,52619.75,15,52631.65,150,270,167925
BANKNIFTY-III.NFO,30/10/2024,09:36:38,52610,52610,15,52624,120,45,167925
BANKNIFTY-III.NFO,30/10/2024,09:36:39,52635,52610,30,52630.25,15,315,167925
BANKNIFTY-III.NFO,30/10/2024,09:36:41,52635,52620,15,52631.3,45,0,167925
BANKNIFTY-III.NFO,30/10/2024,09:36:43,52618.5,52618.95,45,52639.95,45,45,167925
BANKNIFTY-III.NFO,30/10/2024,09:36:44,52618.5,52635.2,15,52639.35,15,0,167925
BANKNIFTY-III.NFO,30/10/2024,09:36:46,52618.5,52635.2,15,52640,30,0,167925
BANKNIFTY-III.NFO,30/10/2024,09:36:48,52618.5,52635.2,15,52640,15,0,167925
BANKNIFTY-III.NFO,30/10/2024,09:36:54,52635.2,52621.45,45,52637.75,15,165,167925
BANKNIFTY-III.NFO,30/10/2024,09:36:56,52635.2,52620.5,60,52635,390,0,167925
BANKNIFTY-III.NFO,30/10/2024,09:36:58,52635,52620.9,60,52635,375,15,167925
BANKNIFTY-III.NFO,30/10/2024,09:36:59,52635,52622.4,60,52635,375,0,167925
BANKNIFTY-III.NFO,30/10/2024,09:37:01,52635,52622.4,60,52635,345,45,167925
BANKNIFTY-III.NFO,30/10/2024,09:37:03,52619.25,52618.05,75,52634.95,30,15,167925
BANKNIFTY-III.NFO,30/10/2024,09:37:04,52618.05,52618,30,52633.6,45,15,167925
BANKNIFTY-III.NFO,30/10/2024,09:37:06,52618.05,52618,30,52632.1,45,0,167925
BANKNIFTY-III.NFO,30/10/2024,09:37:08,52618.05,52618,45,52632.05,45,0,167925
BANKNIFTY-III.NFO,30/10/2024,09:37:09,52618.05,52618.05,15,52631.95,45,15,169215
BANKNIFTY-III.NFO,30/10/2024,09:37:11,52618.05,52618.05,105,52632,15,0,169215
BANKNIFTY-III.NFO,30/10/2024,09:37:13,52618.05,52618.05,120,52631.95,120,15,169215
BANKNIFTY-III.NFO,30/10/2024,09:37:14,52618.05,52618.4,150,52635,345,0,169215
BANKNIFTY-III.NFO,30/10/2024,09:37:16,52618.05,52620.05,120,52635,345,0,169215
BANKNIFTY-III.NFO,30/10/2024,09:37:18,52620.6,52620.6,120,52634.95,120,15,169215
BANKNIFTY-III.NFO,30/10/2024,09:37:19,52620.6,52620.05,120,52634.95,120,0,169215
BANKNIFTY-III.NFO,30/10/2024,09:37:21,52620.6,52623.35,120,52635,345,0,169215
BANKNIFTY-III.NFO,30/10/2024,09:37:23,52620.6,52625.55,105,52635,345,0,169215
BANKNIFTY-III.NFO,30/10/2024,09:37:24,52620.6,52627,135,52635,345,0,169215
BANKNIFTY-III.NFO,30/10/2024,09:37:26,52620.6,52627.95,120,52635,345,0,169215
BANKNIFTY-III.NFO,30/10/2024,09:37:28,52620.6,52621.3,120,52634.95,120,0,169215
BANKNIFTY-III.NFO,30/10/2024,09:37:29,52620.6,52620,90,52634.95,120,0,169215
BANKNIFTY-III.NFO,30/10/2024,09:37:31,52631.6,52620,105,52630.9,120,15,169215
BANKNIFTY-III.NFO,30/10/2024,09:37:33,52631.6,52620,105,52629.95,120,0,169215
BANKNIFTY-III.NFO,30/10/2024,09:37:34,52631.6,52620,105,52631.3,120,0,169215
BANKNIFTY-III.NFO,30/10/2024,09:37:36,52631.6,52625,15,52629.65,120,0,169215
BANKNIFTY-III.NFO,30/10/2024,09:37:38,52625,52620.05,30,52621.2,120,15,169215
BANKNIFTY-III.NFO,30/10/2024,09:37:39,52621.2,52620.05,30,52621.2,105,15,169215
BANKNIFTY-III.NFO,30/10/2024,09:37:41,52621.2,52620.05,30,52628.1,105,0,169215
BANKNIFTY-III.NFO,30/10/2024,09:37:43,52621.2,52620.05,30,52622.65,15,0,169215
BANKNIFTY-III.NFO,30/10/2024,09:37:44,52621.2,52621.05,30,52633.95,105,0,169215
BANKNIFTY-III.NFO,30/10/2024,09:37:46,52621.2,52620.1,45,52634.95,105,0,169215
BANKNIFTY-III.NFO,30/10/2024,09:37:48,52621.2,52620.2,30,52632.65,105,0,169215
BANKNIFTY-III.NFO,30/10/2024,09:37:49,52621,52620,90,52632.45,75,105,169215
BANKNIFTY-III.NFO,30/10/2024,09:37:51,52635,52621.35,135,52635,315,30,169215
BANKNIFTY-III.NFO,30/10/2024,09:37:53,52634.95,52621.75,30,52633.75,60,15,169215
BANKNIFTY-III.NFO,30/10/2024,09:37:54,52621.2,52620,75,52625,15,15,169215
BANKNIFTY-III.NFO,30/10/2024,09:37:56,52621.2,52620,75,52622.1,60,0,169215
BANKNIFTY-III.NFO,30/10/2024,09:37:58,52620,52620,60,52621.15,75,15,169215
BANKNIFTY-III.NFO,30/10/2024,09:37:59,52622.15,52620,60,52622.05,60,15,169215
BANKNIFTY-III.NFO,30/10/2024,09:38:01,52622.15,52620,60,52625,15,0,169215
BANKNIFTY-III.NFO,30/10/2024,09:38:03,52620,52618,30,52624.45,60,60,169215
BANKNIFTY-III.NFO,30/10/2024,09:38:04,52620,52618,30,52622.4,60,0,169215
BANKNIFTY-III.NFO,30/10/2024,09:38:06,52620,52618,30,52625,15,0,169215
BANKNIFTY-III.NFO,30/10/2024,09:38:08,52620,52620,15,52628.4,15,0,169215
BANKNIFTY-III.NFO,30/10/2024,09:38:09,52620,52622.2,135,52634.95,150,0,169215
BANKNIFTY-III.NFO,30/10/2024,09:38:11,52620,52620,15,52632.9,60,0,169215
BANKNIFTY-III.NFO,30/10/2024,09:38:13,52621.2,52620,15,52630.9,75,30,169215
BANKNIFTY-III.NFO,30/10/2024,09:38:14,52628.65,52620,15,52628.95,210,15,169215
BANKNIFTY-III.NFO,30/10/2024,09:38:16,52628.65,52622,30,52627.05,15,0,169215
BANKNIFTY-III.NFO,30/10/2024,09:38:18,52616.6,52616.35,30,52629.25,60,105,169215
BANKNIFTY-III.NFO,30/10/2024,09:38:19,52616.6,52615,15,52624.95,15,0,169215
BANKNIFTY-III.NFO,30/10/2024,09:38:21,52624.95,52615,15,52625.95,60,15,169215
BANKNIFTY-III.NFO,30/10/2024,09:38:23,52624.95,52615,15,52621.3,45,0,169215
BANKNIFTY-III.NFO,30/10/2024,09:38:24,52624.95,52615,15,52619.95,15,0,169215
BANKNIFTY-III.NFO,30/10/2024,09:38:26,52624.95,52615,15,52627.85,60,0,169215
BANKNIFTY-III.NFO,30/10/2024,09:38:28,52624.95,52615,15,52622,60,0,169215
BANKNIFTY-III.NFO,30/10/2024,09:38:29,52615,52610,15,52615.2,60,15,169215
BANKNIFTY-III.NFO,30/10/2024,09:38:31,52615,52610,15,52617.95,60,0,169215
BANKNIFTY-III.NFO,30/10/2024,09:38:33,52615,52610,15,52615.75,60,0,169215
BANKNIFTY-III.NFO,30/10/2024,09:38:34,52608,52608,15,52611.3,60,150,169215
BANKNIFTY-III.NFO,30/10/2024,09:38:36,52608,52604,15,52611.35,15,15,169215
BANKNIFTY-III.NFO,30/10/2024,09:38:38,52608,52604,15,52611.35,15,0,169215
BANKNIFTY-III.NFO,30/10/2024,09:38:39,52608,52604,15,52610,15,0,169215
BANKNIFTY-III.NFO,30/10/2024,09:38:41,52608,52604,15,52609.7,60,30,169215
BANKNIFTY-III.NFO,30/10/2024,09:38:43,52608,52604,15,52608.7,60,0,169215
BANKNIFTY-III.NFO,30/10/2024,09:38:44,52604,52603,15,52607.1,60,15,169215
BANKNIFTY-III.NFO,30/10/2024,09:38:46,52604,52603,15,52606.95,60,0,169215
BANKNIFTY-III.NFO,30/10/2024,09:38:48,52604,52603,15,52606.65,15,0,169215
BANKNIFTY-III.NFO,30/10/2024,09:38:49,52606.55,52603,15,52606.35,60,15,169215
BANKNIFTY-III.NFO,30/10/2024,09:38:51,52603,52602,15,52606.15,60,15,169215
BANKNIFTY-III.NFO,30/10/2024,09:38:52,52600,52597.2,15,52601.1,15,615,169215
BANKNIFTY-III.NFO,30/10/2024,09:38:54,52600,52600,15,52601.05,15,0,169215
BANKNIFTY-III.NFO,30/10/2024,09:38:56,52601.05,52600,30,52608,15,15,169215
BANKNIFTY-III.NFO,30/10/2024,09:38:57,52601.05,52600.05,135,52608,15,0,169215
BANKNIFTY-III.NFO,30/10/2024,09:38:59,52601.05,52601.1,135,52608,15,0,169215
BANKNIFTY-III.NFO,30/10/2024,09:39:01,52608,52607.1,135,52618,15,15,169215
BANKNIFTY-III.NFO,30/10/2024,09:39:02,52608,52610.55,135,52620,15,0,169215
BANKNIFTY-III.NFO,30/10/2024,09:39:04,52611.55,52608,120,52620,15,15,169215
BANKNIFTY-III.NFO,30/10/2024,09:39:06,52620,52608.2,15,52623.75,15,15,169215
BANKNIFTY-III.NFO,30/10/2024,09:39:07,52620,52603.15,120,52618.65,15,0,169215
BANKNIFTY-III.NFO,30/10/2024,09:39:09,52605.6,52605.55,30,52620.2,30,15,169215
BANKNIFTY-III.NFO,30/10/2024,09:39:11,52605.6,52604.25,30,52614.95,15,0,169215
BANKNIFTY-III.NFO,30/10/2024,09:39:12,52614.95,52607.25,135,52624.95,15,15,169215
BANKNIFTY-III.NFO,30/10/2024,09:39:14,52614.95,52610.25,135,52624.9,30,0,169215
BANKNIFTY-III.NFO,30/10/2024,09:39:16,52624.9,52614.25,135,52624.9,15,15,169215
BANKNIFTY-III.NFO,30/10/2024,09:39:17,52624.9,52614.95,240,52624.9,15,0,169215
BANKNIFTY-III.NFO,30/10/2024,09:39:19,52624.9,52615,135,52624.95,15,0,169215
BANKNIFTY-III.NFO,30/10/2024,09:39:21,52624.95,52615.65,120,52630.7,15,15,169215
BANKNIFTY-III.NFO,30/10/2024,09:39:22,52624.95,52619.2,120,52631.75,15,0,169215
BANKNIFTY-III.NFO,30/10/2024,09:39:24,52624.95,52623,120,52635,315,0,169215
BANKNIFTY-III.NFO,30/10/2024,09:39:26,52624.95,52623.1,120,52635,315,0,169215
BANKNIFTY-III.NFO,30/10/2024,09:39:27,52624.95,52625.85,120,52635,315,0,169215
BANKNIFTY-III.NFO,30/10/2024,09:39:29,52635,52632.1,120,52649.55,15,315,169215
BANKNIFTY-III.NFO,30/10/2024,09:39:31,52635,52636.9,120,52660,15,0,169215
BANKNIFTY-III.NFO,30/10/2024,09:39:32,52635,52650,450,52660,15,0,169215
BANKNIFTY-III.NFO,30/10/2024,09:39:34,52650,52650,435,52656.9,60,15,169215
BANKNIFTY-III.NFO,30/10/2024,09:39:36,52650,52634.2,120,52652.25,30,435,169215
BANKNIFTY-III.NFO,30/10/2024,09:39:37,52650,52635.05,135,52652.25,30,15,169215
BANKNIFTY-III.NFO,30/10/2024,09:39:39,52650,52635.05,120,52651.1,15,0,169215
BANKNIFTY-III.NFO,30/10/2024,09:39:41,52650.8,52635,15,52650.8,45,15,169215
BANKNIFTY-III.NFO,30/10/2024,09:39:42,52650.8,52635,15,52646.55,15,0,169215
BANKNIFTY-III.NFO,30/10/2024,09:39:44,52648.55,52635,30,52650.4,30,15,169215
BANKNIFTY-III.NFO,30/10/2024,09:39:46,52648.55,52635.05,135,52649.95,15,0,169215
BANKNIFTY-III.NFO,30/10/2024,09:39:47,52649.85,52635,15,52649.9,30,15,169215
BANKNIFTY-III.NFO,30/10/2024,09:39:49,52649.85,52635,15,52647.5,30,0,169215
BANKNIFTY-III.NFO,30/10/2024,09:39:51,52630,52625.95,135,52648.85,15,75,169215
BANKNIFTY-III.NFO,30/10/2024,09:39:52,52649,52627.25,135,52649.9,15,15,169215
BANKNIFTY-III.NFO,30/10/2024,09:39:54,52649,52635.65,120,52654.4,30,0,169215
BANKNIFTY-III.NFO,30/10/2024,09:39:56,52649,52637.55,135,52654.35,45,0,169215
BANKNIFTY-III.NFO,30/10/2024,09:39:57,52649,52636.35,135,52654.25,45,0,169215
BANKNIFTY-III.NFO,30/10/2024,09:39:59,52654.25,52640.6,120,52659.45,30,15,169215
BANKNIFTY-III.NFO,30/10/2024,09:40:01,52654.25,52640.8,135,52658.7,45,0,169215
BANKNIFTY-III.NFO,30/10/2024,09:40:02,52659.3,52641.75,150,52659.45,45,15,169215
BANKNIFTY-III.NFO,30/10/2024,09:40:04,52659.3,52637.25,165,52655.4,45,0,169215
BANKNIFTY-III.NFO,30/10/2024,09:40:06,52659.3,52635.1,165,52652.55,165,0,169215
BANKNIFTY-III.NFO,30/10/2024,09:40:07,52659.3,52630.25,120,52649.6,45,0,169215
BANKNIFTY-III.NFO,30/10/2024,09:40:09,52647.75,52625.35,135,52643.25,15,15,169545
BANKNIFTY-III.NFO,30/10/2024,09:40:11,52647.75,52630.8,120,52650.7,60,0,169545
BANKNIFTY-III.NFO,30/10/2024,09:40:12,52647.75,52635.4,30,52650.4,15,0,169545
BANKNIFTY-III.NFO,30/10/2024,09:40:14,52647.75,52635.3,150,52655.35,15,0,169545
BANKNIFTY-III.NFO,30/10/2024,09:40:16,52647.75,52640,15,52655.6,30,0,169545
BANKNIFTY-III.NFO,30/10/2024,09:40:17,52647.75,52640,15,52652.85,150,0,169545
BANKNIFTY-III.NFO,30/10/2024,09:40:19,52647.75,52640,15,52651.95,150,0,169545
BANKNIFTY-III.NFO,30/10/2024,09:40:21,52640,52630.55,30,52646.8,150,15,169545
BANKNIFTY-III.NFO,30/10/2024,09:40:22,52640,52632.65,120,52649.9,150,0,169545
BANKNIFTY-III.NFO,30/10/2024,09:40:24,52632.65,52629.9,135,52649.85,15,15,169545
BANKNIFTY-III.NFO,30/10/2024,09:40:26,52632.65,52633.75,30,52650,15,0,169545
BANKNIFTY-III.NFO,30/10/2024,09:40:27,52632.65,52632.7,120,52647.75,15,0,169545
BANKNIFTY-III.NFO,30/10/2024,09:40:29,52646.25,52632,15,52643.55,45,30,169545
BANKNIFTY-III.NFO,30/10/2024,09:40:31,52632,52623.75,135,52641.25,15,15,169545
BANKNIFTY-III.NFO,30/10/2024,09:40:32,52638.95,52622.55,135,52630,75,15,169545
BANKNIFTY-III.NFO,30/10/2024,09:40:34,52638.95,52620.05,135,52630,75,0,169545
BANKNIFTY-III.NFO,30/10/2024,09:40:36,52620.4,52620.05,135,52630,75,120,169545
BANKNIFTY-III.NFO,30/10/2024,09:40:37,52620.4,52620,15,52630,75,0,169545
BANKNIFTY-III.NFO,30/10/2024,09:40:39,52629.95,52620,15,52629.95,60,30,169545
BANKNIFTY-III.NFO,30/10/2024,09:40:41,52629.95,52620.05,120,52630,75,0,169545
BANKNIFTY-III.NFO,30/10/2024,09:40:42,52630,52624.25,135,52630,60,15,169545
BANKNIFTY-III.NFO,30/10/2024,09:40:44,52630,52628.3,165,52646.1,75,60,169545
BANKNIFTY-III.NFO,30/10/2024,09:40:46,52630,52627.2,165,52646.05,75,0,169545
BANKNIFTY-III.NFO,30/10/2024,09:40:47,52646.3,52632.1,120,52646.35,15,30,169545
BANKNIFTY-III.NFO,30/10/2024,09:40:49,52652.6,52637.9,120,52653,30,75,169545
BANKNIFTY-III.NFO,30/10/2024,09:40:51,52652.6,52632.9,120,52649.75,15,0,169545
BANKNIFTY-III.NFO,30/10/2024,09:40:52,52652.6,52634.85,135,52649.65,15,0,169545
BANKNIFTY-III.NFO,30/10/2024,09:40:54,52652.6,52631.5,150,52651,30,0,169545
BANKNIFTY-III.NFO,30/10/2024,09:40:56,52630.05,52631.95,120,52647.05,45,15,169545
BANKNIFTY-III.NFO,30/10/2024,09:40:57,52630.05,52630,15,52641.4,45,0,169545
BANKNIFTY-III.NFO,30/10/2024,09:40:59,52630.05,52630,15,52643.75,45,0,169545
BANKNIFTY-III.NFO,30/10/2024,09:41:01,52647,52630,15,52647.2,15,30,169545
BANKNIFTY-III.NFO,30/10/2024,09:41:02,52647,52632.2,135,52650.95,15,0,169545
BANKNIFTY-III.NFO,30/10/2024,09:41:04,52647,52633.3,120,52650.3,15,0,169545
BANKNIFTY-III.NFO,30/10/2024,09:41:06,52650,52630.05,15,52645.05,120,15,169545
BANKNIFTY-III.NFO,30/10/2024,09:41:07,52650,52630.3,30,52647.1,30,0,169545
BANKNIFTY-III.NFO,30/10/2024,09:41:09,52650,52630.05,15,52642.6,15,0,169545
BANKNIFTY-III.NFO,30/10/2024,09:41:11,52637.35,52630.05,15,52637.95,15,15,169545
BANKNIFTY-III.NFO,30/10/2024,09:41:12,52630.05,52630,15,52635,15,30,169545
BANKNIFTY-III.NFO,30/10/2024,09:41:14,52630.05,52630,15,52640,120,0,169545
BANKNIFTY-III.NFO,30/10/2024,09:41:16,52630.05,52630,15,52639.15,120,0,169545
BANKNIFTY-III.NFO,30/10/2024,09:41:17,52630.05,52630,15,52637.55,15,0,169545
BANKNIFTY-III.NFO,30/10/2024,09:41:19,52630,52625,15,52636.55,150,15,169545
BANKNIFTY-III.NFO,30/10/2024,09:41:20,52630,52625,15,52636.85,15,0,169545
BANKNIFTY-III.NFO,30/10/2024,09:41:22,52630,52625,15,52630.05,45,0,169545
BANKNIFTY-III.NFO,30/10/2024,09:41:25,52630.05,52630.05,15,52636.85,15,45,169545
BANKNIFTY-III.NFO,30/10/2024,09:41:27,52640,52640,120,52641.1,15,30,169545
BANKNIFTY-III.NFO,30/10/2024,09:41:29,52640,52640,90,52641.05,15,30,169545
BANKNIFTY-III.NFO,30/10/2024,09:41:30,52640,52630.05,30,52639.4,15,90,169545
BANKNIFTY-III.NFO,30/10/2024,09:41:32,52640,52630.05,30,52637.15,150,0,169545
BANKNIFTY-III.NFO,30/10/2024,09:41:34,52636.2,52630.05,30,52641.1,15,15,169545
BANKNIFTY-III.NFO,30/10/2024,09:41:35,52636.2,52630.05,30,52640.5,15,0,169545
BANKNIFTY-III.NFO,30/10/2024,09:41:37,52636.2,52630.05,30,52640.5,30,0,169545
BANKNIFTY-III.NFO,30/10/2024,09:41:39,52639.65,52630.05,30,52639.7,15,15,169545
BANKNIFTY-III.NFO,30/10/2024,09:41:40,52639.65,52630.05,30,52636.2,360,0,169545
BANKNIFTY-III.NFO,30/10/2024,09:41:45,52630.05,52630.05,15,52636.2,360,15,169545
BANKNIFTY-III.NFO,30/10/2024,09:41:47,52630.05,52630.05,15,52636.2,360,0,169545
BANKNIFTY-III.NFO,30/10/2024,09:41:52,52636.2,52630.05,15,52636.2,345,15,169545
BANKNIFTY-III.NFO,30/10/2024,09:41:54,52636.2,52630.1,120,52636.2,345,0,169545
BANKNIFTY-III.NFO,30/10/2024,09:41:55,52636.2,52631.05,120,52636.2,345,0,169545
BANKNIFTY-III.NFO,30/10/2024,09:41:59,52636.2,52631.05,135,52636.2,315,30,169545
BANKNIFTY-III.NFO,30/10/2024,09:42:00,52639.65,52635.35,135,52648.85,135,345,169545
BANKNIFTY-III.NFO,30/10/2024,09:42:02,52639.65,52631.65,165,52636,30,0,169545
BANKNIFTY-III.NFO,30/10/2024,09:42:04,52639.65,52631.05,120,52636,30,0,169545
BANKNIFTY-III.NFO,30/10/2024,09:42:10,52639.65,52631,45,52636,30,0,169545
BANKNIFTY-III.NFO,30/10/2024,09:42:14,52631,52631,30,52636,30,15,169545
BANKNIFTY-III.NFO,30/10/2024,09:42:15,52631,52631,30,52635.95,15,0,169545
BANKNIFTY-III.NFO,30/10/2024,09:42:17,52631,52631,30,52636,30,0,169545
BANKNIFTY-III.NFO,30/10/2024,09:42:19,52631,52631,30,52635.95,15,0,169545
BANKNIFTY-III.NFO,30/10/2024,09:42:20,52631,52630.05,15,52633.2,15,30,169545
BANKNIFTY-III.NFO,30/10/2024,09:42:22,52630,52620,45,52633.25,120,90,169545
BANKNIFTY-III.NFO,30/10/2024,09:42:24,52620,52620,30,52635.55,30,15,169545
BANKNIFTY-III.NFO,30/10/2024,09:42:25,52620,52620,30,52634.55,135,0,169545
BANKNIFTY-III.NFO,30/10/2024,09:42:27,52620,52620,30,52633.2,30,0,169545
BANKNIFTY-III.NFO,30/10/2024,09:42:29,52620,52620,30,52629.95,195,0,169545
BANKNIFTY-III.NFO,30/10/2024,09:42:30,52620,52614.95,240,52629.9,30,30,169545
BANKNIFTY-III.NFO,30/10/2024,09:42:32,52620,52614.95,240,52629.9,15,0,169545
BANKNIFTY-III.NFO,30/10/2024,09:42:34,52614.95,52614.95,225,52630.85,30,15,169545
BANKNIFTY-III.NFO,30/10/2024,09:42:36,52630.6,52614.95,225,52629.4,15,45,169545
BANKNIFTY-III.NFO,30/10/2024,09:42:37,52614.95,52614.95,360,52625.45,30,15,169545
BANKNIFTY-III.NFO,30/10/2024,09:42:39,52614.95,52614.95,360,52624.3,135,0,169545
BANKNIFTY-III.NFO,30/10/2024,09:42:41,52614.95,52614.95,360,52623.85,150,0,169545
BANKNIFTY-III.NFO,30/10/2024,09:42:42,52614.95,52614.95,360,52624.9,150,0,169545
BANKNIFTY-III.NFO,30/10/2024,09:42:44,52614.95,52614.95,345,52630.75,15,15,169545
BANKNIFTY-III.NFO,30/10/2024,09:42:46,52614.95,52614.95,345,52627.45,150,0,169545
BANKNIFTY-III.NFO,30/10/2024,09:42:47,52614.95,52614.95,345,52628.5,60,0,169545
BANKNIFTY-III.NFO,30/10/2024,09:42:49,52614.95,52614.95,345,52624,90,0,169545
BANKNIFTY-III.NFO,30/10/2024,09:42:51,52614.95,52614.95,345,52622.55,45,0,169545
BANKNIFTY-III.NFO,30/10/2024,09:42:52,52614.95,52614.95,330,52621.85,150,15,169545
BANKNIFTY-III.NFO,30/10/2024,09:42:54,52614.95,52614.95,330,52622.2,150,0,169545
BANKNIFTY-III.NFO,30/10/2024,09:42:56,52614.95,52614.95,315,52619.45,15,15,169545
BANKNIFTY-III.NFO,30/10/2024,09:42:57,52614.95,52614.95,285,52618.6,150,30,169545
BANKNIFTY-III.NFO,30/10/2024,09:42:59,52614.95,52614.95,285,52622.3,45,0,169545
BANKNIFTY-III.NFO,30/10/2024,09:43:01,52614.95,52614.95,285,52625.1,30,0,169545
BANKNIFTY-III.NFO,30/10/2024,09:43:02,52614.95,52614.95,210,52617.1,120,75,169545
BANKNIFTY-III.NFO,30/10/2024,09:43:04,52614.95,52614.95,105,52617.1,120,105,169545
BANKNIFTY-III.NFO,30/10/2024,09:43:06,52614.95,52614.95,105,52615.95,150,0,169545
BANKNIFTY-III.NFO,30/10/2024,09:43:07,52617.05,52610,15,52617.1,120,120,169395
BANKNIFTY-III.NFO,30/10/2024,09:43:09,52610,52605.05,120,52617.1,120,45,169395
BANKNIFTY-III.NFO,30/10/2024,09:43:11,52617.1,52605.05,120,52613.4,105,75,169395
BANKNIFTY-III.NFO,30/10/2024,09:43:12,52615.9,52605.05,120,52619.65,105,15,169395
BANKNIFTY-III.NFO,30/10/2024,09:43:14,52615.9,52605,15,52618.55,105,0,169395
BANKNIFTY-III.NFO,30/10/2024,09:43:16,52615.9,52605,15,52615.2,105,0,169395
BANKNIFTY-III.NFO,30/10/2024,09:43:17,52615.9,52605,15,52615.15,90,0,169395
BANKNIFTY-III.NFO,30/10/2024,09:43:19,52618,52605,15,52618,45,60,169395
BANKNIFTY-III.NFO,30/10/2024,09:43:20,52618,52605.05,120,52617.05,30,0,169395
BANKNIFTY-III.NFO,30/10/2024,09:43:22,52620,52605.05,120,52620.85,30,15,169395
BANKNIFTY-III.NFO,30/10/2024,09:43:24,52620,52607.8,120,52620.85,15,0,169395
BANKNIFTY-III.NFO,30/10/2024,09:43:25,52620,52605.05,120,52607.65,15,0,169395
BANKNIFTY-III.NFO,30/10/2024,09:43:27,52620,52605,15,52607.65,15,0,169395
BANKNIFTY-III.NFO,30/10/2024,09:43:29,52620,52605.05,120,52607.65,15,0,169395
BANKNIFTY-III.NFO,30/10/2024,09:43:30,52605.05,52605.05,120,52607.65,15,15,169395
BANKNIFTY-III.NFO,30/10/2024,09:43:32,52609.35,52609.35,135,52625,15,30,169395
BANKNIFTY-III.NFO,30/10/2024,09:43:34,52609,52605.75,135,52622.35,45,15,169395
BANKNIFTY-III.NFO,30/10/2024,09:43:35,52609,52607.15,120,52625.4,30,0,169395
BANKNIFTY-III.NFO,30/10/2024,09:43:37,52609.05,52611.2,120,52629.9,30,15,169395
BANKNIFTY-III.NFO,30/10/2024,09:43:39,52609.05,52616.5,135,52632.9,45,0,169395
BANKNIFTY-III.NFO,30/10/2024,09:43:40,52619,52618.35,120,52630.45,150,15,169395
BANKNIFTY-III.NFO,30/10/2024,09:43:42,52619,52616,165,52632.15,75,0,169395
BANKNIFTY-III.NFO,30/10/2024,09:43:44,52619,52617.5,165,52630.65,150,0,169395
BANKNIFTY-III.NFO,30/10/2024,09:43:45,52615.95,52612.3,120,52631.95,75,15,169395
BANKNIFTY-III.NFO,30/10/2024,09:43:47,52615.95,52609.35,60,52620.85,75,0,169395
BANKNIFTY-III.NFO,30/10/2024,09:43:49,52615.95,52609.35,60,52616.05,90,0,169395
BANKNIFTY-III.NFO,30/10/2024,09:43:50,52612.65,52605,15,52616.65,30,105,169395
BANKNIFTY-III.NFO,30/10/2024,09:43:52,52612.65,52605.35,30,52618.25,30,0,169395
BANKNIFTY-III.NFO,30/10/2024,09:43:54,52612.65,52605,45,52618.25,45,0,169395
BANKNIFTY-III.NFO,30/10/2024,09:43:55,52612.65,52607.2,135,52625.55,30,0,169395
BANKNIFTY-III.NFO,30/10/2024,09:43:57,52612.65,52607.95,150,52615,30,0,169395
BANKNIFTY-III.NFO,30/10/2024,09:43:59,52612.65,52608.15,135,52615,30,0,169395
BANKNIFTY-III.NFO,30/10/2024,09:44:00,52612.65,52609.9,150,52615,30,0,169395
BANKNIFTY-III.NFO,30/10/2024,09:44:02,52615,52614.9,135,52627.95,15,30,169395
BANKNIFTY-III.NFO,30/10/2024,09:44:04,52615,52615.7,120,52631.3,45,0,169395
BANKNIFTY-III.NFO,30/10/2024,09:44:05,52615,52611.8,135,52630.55,45,0,169395
BANKNIFTY-III.NFO,30/10/2024,09:44:07,52615,52614.45,135,52628.25,15,0,169395
BANKNIFTY-III.NFO,30/10/2024,09:44:09,52615,52616.95,165,52628.05,15,0,169395
BANKNIFTY-III.NFO,30/10/2024,09:44:10,52615,52613.2,135,52631.05,30,0,169395
BANKNIFTY-III.NFO,30/10/2024,09:44:12,52615,52612.2,135,52629.95,45,0,169395
BANKNIFTY-III.NFO,30/10/2024,09:44:14,52615,52615.55,135,52629.55,30,0,169395
BANKNIFTY-III.NFO,30/10/2024,09:44:15,52615,52613.3,135,52627.95,15,0,169395
BANKNIFTY-III.NFO,30/10/2024,09:44:17,52615,52615.25,120,52627.85,15,0,169395
BANKNIFTY-III.NFO,30/10/2024,09:44:19,52615,52615,180,52627.6,45,0,169395
BANKNIFTY-III.NFO,30/10/2024,09:44:20,52615,52615,180,52626.6,30,0,169395
BANKNIFTY-III.NFO,30/10/2024,09:44:22,52615,52615,180,52626.2,30,0,169395
BANKNIFTY-III.NFO,30/10/2024,09:44:24,52615,52615,180,52622.75,45,0,169395
BANKNIFTY-III.NFO,30/10/2024,09:44:25,52615,52610.9,15,52611,15,180,169395
BANKNIFTY-III.NFO,30/10/2024,09:44:27,52615,52610.95,120,52621.65,15,0,169395
BANKNIFTY-III.NFO,30/10/2024,09:44:29,52615,52611.75,120,52621.65,15,0,169395
BANKNIFTY-III.NFO,30/10/2024,09:44:30,52615,52610.95,120,52621.65,15,0,169395
BANKNIFTY-III.NFO,30/10/2024,09:44:32,52615,52615,15,52615.1,15,0,169395
BANKNIFTY-III.NFO,30/10/2024,09:44:37,52615.1,52615,15,52615.1,15,15,169395
BANKNIFTY-III.NFO,30/10/2024,09:44:39,52615.1,52615,15,52615.1,15,0,169395
BANKNIFTY-III.NFO,30/10/2024,09:44:40,52615.1,52615.05,120,52615.1,15,15,169395
BANKNIFTY-III.NFO,30/10/2024,09:44:42,52615.1,52615,30,52615.1,15,0,169395
BANKNIFTY-III.NFO,30/10/2024,09:44:44,52615,52610.9,15,52615.1,15,30,169395
BANKNIFTY-III.NFO,30/10/2024,09:44:45,52615.1,52606.8,135,52620.75,15,15,169395
BANKNIFTY-III.NFO,30/10/2024,09:44:47,52615.1,52605.35,30,52620.5,30,0,169395
BANKNIFTY-III.NFO,30/10/2024,09:44:50,52615.1,52605.95,30,52619.85,30,0,169395
BANKNIFTY-III.NFO,30/10/2024,09:44:52,52615.1,52606,150,52614.3,30,0,169395
BANKNIFTY-III.NFO,30/10/2024,09:44:54,52615.1,52606,150,52606.1,15,0,169395
BANKNIFTY-III.NFO,30/10/2024,09:44:55,52606,52606,15,52606.1,15,135,169395
BANKNIFTY-III.NFO,30/10/2024,09:44:57,52606,52605,15,52605.1,15,15,169395
BANKNIFTY-III.NFO,30/10/2024,09:44:59,52601.1,52601,120,52604.8,30,45,169395
BANKNIFTY-III.NFO,30/10/2024,09:45:00,52600,52600,165,52603.95,15,300,169395
BANKNIFTY-III.NFO,30/10/2024,09:45:02,52585.05,52587.05,120,52602.2,60,225,169395
BANKNIFTY-III.NFO,30/10/2024,09:45:02,52585.05,52587.05,120,52602.2,60,0,169395
BANKNIFTY-III.NFO,30/10/2024,09:45:04,52600,52585,15,52599.85,45,15,169395
BANKNIFTY-III.NFO,30/10/2024,09:45:05,52600,52585,15,52594.15,15,0,169395
BANKNIFTY-III.NFO,30/10/2024,09:45:09,52600,52585,15,52594.05,45,0,169395
BANKNIFTY-III.NFO,30/10/2024,09:45:10,52590,52585,15,52591,15,15,169395
BANKNIFTY-III.NFO,30/10/2024,09:45:12,52590.95,52585,15,52590,15,15,169395
BANKNIFTY-III.NFO,30/10/2024,09:45:14,52590.95,52586.3,120,52599.45,15,0,169395
BANKNIFTY-III.NFO,30/10/2024,09:45:15,52590.95,52585,15,52594.55,45,0,169395
BANKNIFTY-III.NFO,30/10/2024,09:45:17,52590.95,52585,15,52594.75,45,0,169395
BANKNIFTY-III.NFO,30/10/2024,09:45:19,52580,52575,60,52583.6,15,75,169395
BANKNIFTY-III.NFO,30/10/2024,09:45:19,52580,52575,60,52583.6,15,0,169395
BANKNIFTY-III.NFO,30/10/2024,09:45:20,52580,52575,60,52580,15,15,169395
BANKNIFTY-III.NFO,30/10/2024,09:45:22,52575,52575,45,52580,15,15,169395
BANKNIFTY-III.NFO,30/10/2024,09:45:22,52575,52575,45,52580,15,0,169395
BANKNIFTY-III.NFO,30/10/2024,09:45:24,52575,52575.05,120,52580,15,0,169395
BANKNIFTY-III.NFO,30/10/2024,09:45:25,52575,52575,45,52578.75,15,0,169395
BANKNIFTY-III.NFO,30/10/2024,09:45:27,52575,52564.35,120,52575,15,45,169395
BANKNIFTY-III.NFO,30/10/2024,09:45:29,52575,52561.5,135,52575,15,0,169395
BANKNIFTY-III.NFO,30/10/2024,09:45:30,52561.5,52562.4,165,52575,15,75,169395
BANKNIFTY-III.NFO,30/10/2024,09:45:30,52561.5,52562.4,165,52575,15,0,169395
BANKNIFTY-III.NFO,30/10/2024,09:45:32,52561.5,52565.15,150,52575,15,0,169395
BANKNIFTY-III.NFO,30/10/2024,09:45:34,52565.25,52571,105,52580,30,15,169395
BANKNIFTY-III.NFO,30/10/2024,09:45:35,52565.25,52571,105,52580,30,0,169395
BANKNIFTY-III.NFO,30/10/2024,09:45:38,52565.25,52571,105,52580,15,0,169395
BANKNIFTY-III.NFO,30/10/2024,09:45:40,52571,52571.95,90,52580,15,30,169395
BANKNIFTY-III.NFO,30/10/2024,09:45:42,52571,52571.9,90,52580,15,0,169395
BANKNIFTY-III.NFO,30/10/2024,09:45:43,52580,52576.85,90,52589.95,15,15,169395
BANKNIFTY-III.NFO,30/10/2024,09:45:45,52580,52576.6,90,52590,15,0,169395
BANKNIFTY-III.NFO,30/10/2024,09:45:47,52580,52577.1,105,52589.95,15,0,169395
BANKNIFTY-III.NFO,30/10/2024,09:45:48,52580,52577.35,90,52590,15,0,169395
BANKNIFTY-III.NFO,30/10/2024,09:45:50,52580,52577.65,90,52590,15,0,169395
BANKNIFTY-III.NFO,30/10/2024,09:45:52,52580,52582.15,90,52600,30,0,169395
BANKNIFTY-III.NFO,30/10/2024,09:45:53,52580,52589.95,90,52599.95,150,0,169395
BANKNIFTY-III.NFO,30/10/2024,09:45:55,52589.95,52593.5,90,52609,15,15,169395
BANKNIFTY-III.NFO,30/10/2024,09:45:56,52589.95,52599.2,90,52615.7,150,0,169395
BANKNIFTY-III.NFO,30/10/2024,09:45:58,52599.75,52595.4,45,52617.2,15,225,169395
BANKNIFTY-III.NFO,30/10/2024,09:46:00,52616.55,52597.25,30,52617.15,15,15,169395
BANKNIFTY-III.NFO,30/10/2024,09:46:01,52616.55,52612.25,30,52620,15,0,169395
BANKNIFTY-III.NFO,30/10/2024,09:46:03,52620,52619.3,45,52630,15,15,169395
BANKNIFTY-III.NFO,30/10/2024,09:46:05,52630,52636.5,45,52659.7,15,15,169395
BANKNIFTY-III.NFO,30/10/2024,09:46:06,52636.5,52658.85,15,52660,15,30,169395
BANKNIFTY-III.NFO,30/10/2024,09:46:08,52660,52660,15,52672.7,30,15,169395
BANKNIFTY-III.NFO,30/10/2024,09:46:09,52660,52660,15,52672.95,45,0,169395
BANKNIFTY-III.NFO,30/10/2024,09:46:11,52660,52647.6,15,52664.8,120,30,169935
BANKNIFTY-III.NFO,30/10/2024,09:46:13,52660,52642.3,30,52662,135,0,169935
BANKNIFTY-III.NFO,30/10/2024,09:46:14,52660,52643.45,15,52661.3,135,0,169935
BANKNIFTY-III.NFO,30/10/2024,09:46:16,52660,52641.25,15,52661.2,135,0,169935
BANKNIFTY-III.NFO,30/10/2024,09:46:18,52660,52636.55,45,52657.1,120,0,169935
BANKNIFTY-III.NFO,30/10/2024,09:46:19,52660,52634.3,45,52654.8,150,0,169935
BANKNIFTY-III.NFO,30/10/2024,09:46:21,52660,52627.35,45,52649.05,30,0,169935
BANKNIFTY-III.NFO,30/10/2024,09:46:23,52660,52627.4,30,52647.3,165,0,169935
BANKNIFTY-III.NFO,30/10/2024,09:46:24,52660,52625.25,45,52644.15,120,0,169935
BANKNIFTY-III.NFO,30/10/2024,09:46:26,52660,52625.25,45,52643.25,135,0,169935
BANKNIFTY-III.NFO,30/10/2024,09:46:28,52660,52622.5,30,52644.5,165,0,169935
BANKNIFTY-III.NFO,30/10/2024,09:46:29,52660,52620.75,45,52639.7,165,0,169935
BANKNIFTY-III.NFO,30/10/2024,09:46:31,52660,52621.2,30,52640.7,120,0,169935
BANKNIFTY-III.NFO,30/10/2024,09:46:33,52660,52620.05,45,52639.4,120,0,169935
BANKNIFTY-III.NFO,30/10/2024,09:46:34,52660,52619.5,30,52638.6,135,0,169935
BANKNIFTY-III.NFO,30/10/2024,09:46:36,52660,52618.15,45,52636.3,135,0,169935
BANKNIFTY-III.NFO,30/10/2024,09:46:38,52660,52616.55,150,52628.8,135,0,169935
BANKNIFTY-III.NFO,30/10/2024,09:46:39,52660,52616.55,150,52626.65,120,0,169935
BANKNIFTY-III.NFO,30/10/2024,09:46:41,52616.55,52616.55,105,52617.75,120,45,169935
BANKNIFTY-III.NFO,30/10/2024,09:46:43,52607.75,52600,15,52609.3,120,195,169935
BANKNIFTY-III.NFO,30/10/2024,09:46:44,52610.35,52600,15,52606.5,120,15,169935
BANKNIFTY-III.NFO,30/10/2024,09:46:46,52610.35,52600,15,52606.9,120,0,169935
BANKNIFTY-III.NFO,30/10/2024,09:46:48,52615.15,52600,15,52612.35,120,15,169935
BANKNIFTY-III.NFO,30/10/2024,09:46:49,52615.15,52600,15,52608.5,120,0,169935
BANKNIFTY-III.NFO,30/10/2024,09:46:51,52604.7,52600,15,52610.85,105,15,169935
BANKNIFTY-III.NFO,30/10/2024,09:46:53,52604.7,52600,15,52613.05,150,0,169935
BANKNIFTY-III.NFO,30/10/2024,09:46:54,52604.7,52600,15,52613.35,120,0,169935
BANKNIFTY-III.NFO,30/10/2024,09:46:56,52604.7,52601.25,30,52614.95,105,0,169935
BANKNIFTY-III.NFO,30/10/2024,09:46:58,52614.95,52600,30,52614.95,90,15,169935
BANKNIFTY-III.NFO,30/10/2024,09:46:59,52614.95,52600.05,135,52614.95,90,0,169935
BANKNIFTY-III.NFO,30/10/2024,09:47:01,52614.95,52600.15,150,52615,90,0,169935
BANKNIFTY-III.NFO,30/10/2024,09:47:03,52614.95,52604.75,135,52615,90,0,169935
BANKNIFTY-III.NFO,30/10/2024,09:47:04,52614.95,52605.35,120,52609.85,45,0,169935
BANKNIFTY-III.NFO,30/10/2024,09:47:06,52609.85,52605.25,135,52609.85,30,15,169935
BANKNIFTY-III.NFO,30/10/2024,09:47:08,52609.85,52604.7,15,52609.85,30,0,169935
BANKNIFTY-III.NFO,30/10/2024,09:47:11,52609.85,52604.7,15,52612,90,30,169935
BANKNIFTY-III.NFO,30/10/2024,09:47:13,52609.85,52604.7,15,52611.95,90,0,169935
BANKNIFTY-III.NFO,30/10/2024,09:47:14,52609.85,52604.7,15,52612,90,0,169935
BANKNIFTY-III.NFO,30/10/2024,09:47:16,52609.85,52610,15,52612,90,0,169935
BANKNIFTY-III.NFO,30/10/2024,09:47:19,52612,52610.05,120,52612,75,15,169935
BANKNIFTY-III.NFO,30/10/2024,09:47:21,52612,52610.05,120,52612,75,0,169935
BANKNIFTY-III.NFO,30/10/2024,09:47:23,52612,52610,15,52612,75,0,169935
BANKNIFTY-III.NFO,30/10/2024,09:47:26,52610,52603.7,135,52612,75,15,169935
BANKNIFTY-III.NFO,30/10/2024,09:47:28,52612,52612,15,52625.55,105,75,169935
BANKNIFTY-III.NFO,30/10/2024,09:47:29,52612,52612.05,120,52628.55,90,0,169935
BANKNIFTY-III.NFO,30/10/2024,09:47:31,52612,52612.05,135,52628.15,15,0,169935
BANKNIFTY-III.NFO,30/10/2024,09:47:33,52612,52612.05,135,52628,45,0,169935
BANKNIFTY-III.NFO,30/10/2024,09:47:34,52612,52613.7,135,52630.8,15,0,169935
BANKNIFTY-III.NFO,30/10/2024,09:47:36,52631.65,52613.4,120,52631.9,90,15,169935
BANKNIFTY-III.NFO,30/10/2024,09:47:38,52631.65,52620.95,135,52638.9,15,0,169935
BANKNIFTY-III.NFO,30/10/2024,09:47:39,52631.65,52621.65,135,52638.7,15,0,169935
BANKNIFTY-III.NFO,30/10/2024,09:47:41,52631.65,52623.95,120,52644.3,90,0,169935
BANKNIFTY-III.NFO,30/10/2024,09:47:43,52631.65,52629.95,135,52646.7,15,0,169935
BANKNIFTY-III.NFO,30/10/2024,09:47:44,52631.65,52629.65,120,52649.15,30,0,169935
BANKNIFTY-III.NFO,30/10/2024,09:47:46,52631.65,52630.95,120,52649.4,90,0,169935
BANKNIFTY-III.NFO,30/10/2024,09:47:48,52631.65,52635.65,135,52654.45,45,0,169935
BANKNIFTY-III.NFO,30/10/2024,09:47:49,52631.65,52635.85,135,52654.45,15,0,169935
BANKNIFTY-III.NFO,30/10/2024,09:47:51,52631.65,52629.85,135,52647.5,45,0,169935
BANKNIFTY-III.NFO,30/10/2024,09:47:53,52631.65,52624.2,135,52642.4,135,0,169935
BANKNIFTY-III.NFO,30/10/2024,09:47:54,52631.65,52631.65,15,52641.95,90,0,169935
BANKNIFTY-III.NFO,30/10/2024,09:47:56,52641.95,52631.65,15,52645.45,120,15,169935
BANKNIFTY-III.NFO,30/10/2024,09:47:58,52643.95,52631.65,15,52643.3,30,45,169935
BANKNIFTY-III.NFO,30/10/2024,09:47:59,52643.95,52631.65,15,52640.5,30,0,169935
BANKNIFTY-III.NFO,30/10/2024,09:48:01,52643.95,52631.65,15,52642.05,30,0,169935
BANKNIFTY-III.NFO,30/10/2024,09:48:03,52643.95,52631.65,15,52639.7,30,0,169935
BANKNIFTY-III.NFO,30/10/2024,09:48:04,52643.95,52631.65,15,52639.35,30,0,169935
BANKNIFTY-III.NFO,30/10/2024,09:48:06,52643.95,52631.65,15,52640.55,30,0,169935
BANKNIFTY-III.NFO,30/10/2024,09:48:08,52637.65,52631.65,15,52635.5,30,15,169935
BANKNIFTY-III.NFO,30/10/2024,09:48:09,52637.65,52631.65,15,52635.45,15,0,169935
BANKNIFTY-III.NFO,30/10/2024,09:48:11,52637.65,52631.65,15,52640.3,15,0,169935
BANKNIFTY-III.NFO,30/10/2024,09:48:13,52637.65,52631.65,15,52637.25,15,0,169935
BANKNIFTY-III.NFO,30/10/2024,09:48:14,52637.65,52631.65,15,52636.5,15,0,169935
BANKNIFTY-III.NFO,30/10/2024,09:48:16,52637.65,52631.65,15,52639.45,15,0,169935
BANKNIFTY-III.NFO,30/10/2024,09:48:18,52637.65,52631.65,15,52638.85,15,0,169935
BANKNIFTY-III.NFO,30/10/2024,09:48:19,52637.65,52631.65,15,52639.95,15,0,169935
BANKNIFTY-III.NFO,30/10/2024,09:48:21,52637.65,52631.65,15,52639.75,15,0,169935
BANKNIFTY-III.NFO,30/10/2024,09:48:23,52637.65,52631.65,15,52637.55,15,0,169935
BANKNIFTY-III.NFO,30/10/2024,09:48:24,52637.65,52631.65,15,52636.45,15,0,169935
BANKNIFTY-III.NFO,30/10/2024,09:48:26,52631.65,52614.25,135,52634.45,30,15,169935
BANKNIFTY-III.NFO,30/10/2024,09:48:28,52631.65,52614.95,45,52633.35,30,0,169935
BANKNIFTY-III.NFO,30/10/2024,09:48:29,52631.65,52613.85,30,52632.65,30,0,169935
BANKNIFTY-III.NFO,30/10/2024,09:48:31,52631.65,52613.6,15,52631.95,60,0,169935
BANKNIFTY-III.NFO,30/10/2024,09:48:33,52630.35,52612.05,120,52630.35,30,30,169935
BANKNIFTY-III.NFO,30/10/2024,09:48:34,52630.35,52613.9,150,52632.75,45,135,169935
BANKNIFTY-III.NFO,30/10/2024,09:48:36,52630.35,52615.65,120,52635.1,45,0,169935
BANKNIFTY-III.NFO,30/10/2024,09:48:38,52630.35,52618.75,135,52637.15,30,0,169935
BANKNIFTY-III.NFO,30/10/2024,09:48:39,52630.35,52625.95,120,52644.5,45,0,169935
BANKNIFTY-III.NFO,30/10/2024,09:48:41,52630.35,52629.85,165,52648.8,45,0,169935
BANKNIFTY-III.NFO,30/10/2024,09:48:43,52630.35,52632.85,135,52650,30,0,169935
BANKNIFTY-III.NFO,30/10/2024,09:48:44,52630.35,52638.05,135,52655,30,0,169935
BANKNIFTY-III.NFO,30/10/2024,09:48:46,52630.35,52643.7,135,52655,15,0,169935
BANKNIFTY-III.NFO,30/10/2024,09:48:48,52630.35,52634.95,135,52653.7,45,0,169935
BANKNIFTY-III.NFO,30/10/2024,09:48:49,52638.2,52630.75,135,52649.65,15,30,169935
BANKNIFTY-III.NFO,30/10/2024,09:48:51,52638.2,52628.6,135,52649.6,45,0,169935
BANKNIFTY-III.NFO,30/10/2024,09:48:53,52638.2,52626.75,120,52647.5,30,0,169935
BANKNIFTY-III.NFO,30/10/2024,09:48:54,52638.2,52629.55,135,52649.15,30,0,169935
BANKNIFTY-III.NFO,30/10/2024,09:48:56,52638.2,52630.35,15,52645.95,30,0,169935
BANKNIFTY-III.NFO,30/10/2024,09:48:58,52638.2,52630.4,135,52649.55,45,0,169935
BANKNIFTY-III.NFO,30/10/2024,09:48:59,52638.2,52630.35,15,52646.6,45,0,169935
BANKNIFTY-III.NFO,30/10/2024,09:49:01,52638.2,52640,15,52645.55,45,0,169935
BANKNIFTY-III.NFO,30/10/2024,09:49:03,52644.8,52631,15,52645.45,45,195,169935
BANKNIFTY-III.NFO,30/10/2024,09:49:04,52644.8,52631,15,52643.05,60,0,169935
BANKNIFTY-III.NFO,30/10/2024,09:49:06,52640,52640.6,120,52641.95,15,30,169935
BANKNIFTY-III.NFO,30/10/2024,09:49:08,52640.6,52631,15,52639.15,45,120,169935
BANKNIFTY-III.NFO,30/10/2024,09:49:09,52640.6,52631,15,52635.25,75,0,169935
BANKNIFTY-III.NFO,30/10/2024,09:49:11,52631,52630.35,15,52631.6,30,15,170295
BANKNIFTY-III.NFO,30/10/2024,09:49:13,52630,52615.4,30,52632.75,75,135,170295
BANKNIFTY-III.NFO,30/10/2024,09:49:14,52632.7,52613.95,15,52634.75,105,15,170295
BANKNIFTY-III.NFO,30/10/2024,09:49:16,52632.7,52612,30,52630.95,45,0,170295
BANKNIFTY-III.NFO,30/10/2024,09:49:18,52632.7,52615,15,52625.9,135,0,170295
BANKNIFTY-III.NFO,30/10/2024,09:49:19,52632.7,52615,15,52625.7,30,0,170295
BANKNIFTY-III.NFO,30/10/2024,09:49:21,52632.7,52615,15,52625.5,150,0,170295
BANKNIFTY-III.NFO,30/10/2024,09:49:23,52632.7,52615,30,52634.6,45,0,170295
BANKNIFTY-III.NFO,30/10/2024,09:49:24,52632.7,52615,15,52625.55,15,0,170295
BANKNIFTY-III.NFO,30/10/2024,09:49:26,52615,52612,15,52625.35,60,15,170295
BANKNIFTY-III.NFO,30/10/2024,09:49:28,52615,52612,15,52625.2,60,0,170295
BANKNIFTY-III.NFO,30/10/2024,09:49:29,52612,52604.35,30,52625.15,75,15,170295
BANKNIFTY-III.NFO,30/10/2024,09:49:31,52605.05,52604.15,15,52625.1,210,15,170295
BANKNIFTY-III.NFO,30/10/2024,09:49:33,52605.05,52603.85,15,52625.05,60,0,170295
BANKNIFTY-III.NFO,30/10/2024,09:49:34,52601.9,52603.5,120,52625,180,15,170295
BANKNIFTY-III.NFO,30/10/2024,09:49:36,52601.9,52605.05,135,52619.9,30,0,170295
BANKNIFTY-III.NFO,30/10/2024,09:49:38,52601.9,52605.05,120,52619.7,150,0,170295
BANKNIFTY-III.NFO,30/10/2024,09:49:39,52605.05,52605.85,120,52619.75,30,15,170295
BANKNIFTY-III.NFO,30/10/2024,09:49:41,52605.05,52615,75,52619.6,15,0,170295
BANKNIFTY-III.NFO,30/10/2024,09:49:43,52605.05,52615,75,52619.55,15,0,170295
BANKNIFTY-III.NFO,30/10/2024,09:49:44,52605.05,52615,75,52619.4,15,0,170295
BANKNIFTY-III.NFO,30/10/2024,09:49:46,52615,52615,60,52619.35,150,15,170295
BANKNIFTY-III.NFO,30/10/2024,09:49:48,52615,52615,60,52619.2,15,0,170295
BANKNIFTY-III.NFO,30/10/2024,09:49:49,52615,52615,60,52619,15,0,170295
BANKNIFTY-III.NFO,30/10/2024,09:49:51,52615,52615,45,52618.8,15,15,170295
BANKNIFTY-III.NFO,30/10/2024,09:49:53,52615,52615,45,52618.65,150,0,170295
BANKNIFTY-III.NFO,30/10/2024,09:49:54,52615,52615,15,52618.4,15,30,170295
BANKNIFTY-III.NFO,30/10/2024,09:49:56,52615,52615,45,52618,15,0,170295
BANKNIFTY-III.NFO,30/10/2024,09:49:58,52615,52615,45,52617.9,15,0,170295
BANKNIFTY-III.NFO,30/10/2024,09:49:59,52615,52615,45,52617.85,150,0,170295
BANKNIFTY-III.NFO,30/10/2024,09:50:06,52615,52615,45,52621.95,75,0,170295
BANKNIFTY-III.NFO,30/10/2024,09:50:08,52615,52615,45,52618.15,15,0,170295
BANKNIFTY-III.NFO,30/10/2024,09:50:09,52615,52615,30,52618.05,15,0,170295
BANKNIFTY-III.NFO,30/10/2024,09:50:11,52616.7,52610,15,52617.15,150,45,170295
BANKNIFTY-III.NFO,30/10/2024,09:50:13,52616.7,52610,15,52615.4,15,0,170295
BANKNIFTY-III.NFO,30/10/2024,09:50:14,52616.7,52610,15,52615.15,15,0,170295
BANKNIFTY-III.NFO,30/10/2024,09:50:16,52614.8,52610,75,52612.55,30,15,170295
BANKNIFTY-III.NFO,30/10/2024,09:50:18,52614.8,52610,75,52617.3,150,0,170295
BANKNIFTY-III.NFO,30/10/2024,09:50:21,52614.8,52610,75,52622.15,180,0,170295
BANKNIFTY-III.NFO,30/10/2024,09:50:23,52614.8,52610.05,120,52621.15,15,0,170295
BANKNIFTY-III.NFO,30/10/2024,09:50:24,52610.05,52610.15,120,52621.65,150,45,170295
BANKNIFTY-III.NFO,30/10/2024,09:50:26,52610.05,52610.05,120,52621.65,150,0,170295
BANKNIFTY-III.NFO,30/10/2024,09:50:29,52610.05,52610.05,135,52621.65,150,0,170295
BANKNIFTY-III.NFO,30/10/2024,09:50:31,52610.05,52615.6,120,52628.9,15,30,170295
BANKNIFTY-III.NFO,30/10/2024,09:50:33,52610.05,52616.95,120,52634.65,150,0,170295
BANKNIFTY-III.NFO,30/10/2024,09:50:34,52610.05,52621.05,120,52637.5,105,0,170295
BANKNIFTY-III.NFO,30/10/2024,09:50:36,52610.05,52621,15,52634.25,75,0,170295
BANKNIFTY-III.NFO,30/10/2024,09:50:38,52610.05,52621.3,120,52638.1,150,0,170295
BANKNIFTY-III.NFO,30/10/2024,09:50:39,52610.05,52626.25,135,52639.85,30,0,170295
BANKNIFTY-III.NFO,30/10/2024,09:50:41,52610.05,52630.3,135,52649.6,30,0,170295
BANKNIFTY-III.NFO,30/10/2024,09:50:43,52610.05,52630.55,135,52648.4,15,0,170295
BANKNIFTY-III.NFO,30/10/2024,09:50:44,52610.05,52628.55,165,52646.4,90,0,170295
BANKNIFTY-III.NFO,30/10/2024,09:50:46,52610.05,52628.5,120,52645.7,75,0,170295
BANKNIFTY-III.NFO,30/10/2024,09:50:48,52610.05,52625.95,165,52644.8,75,0,170295
BANKNIFTY-III.NFO,30/10/2024,09:50:49,52610.05,52621.05,120,52637.25,90,0,170295
BANKNIFTY-III.NFO,30/10/2024,09:50:51,52610.05,52621.6,135,52638.25,90,0,170295
BANKNIFTY-III.NFO,30/10/2024,09:50:53,52610.05,52621,15,52637.3,90,0,170295
BANKNIFTY-III.NFO,30/10/2024,09:50:54,52610.05,52621.05,120,52635.85,75,0,170295
BANKNIFTY-III.NFO,30/10/2024,09:50:56,52610.05,52620.95,120,52637.45,75,0,170295
BANKNIFTY-III.NFO,30/10/2024,09:50:58,52610.05,52619.6,135,52636.75,90,0,170295
BANKNIFTY-III.NFO,30/10/2024,09:50:59,52610.05,52621.95,135,52637.65,15,0,170295
BANKNIFTY-III.NFO,30/10/2024,09:51:01,52610.05,52623.95,165,52637.65,15,0,170295
BANKNIFTY-III.NFO,30/10/2024,09:51:03,52610.05,52626.1,150,52644.45,120,0,170295
BANKNIFTY-III.NFO,30/10/2024,09:51:04,52610.05,52632,135,52645,15,0,170295
BANKNIFTY-III.NFO,30/10/2024,09:51:06,52610.05,52633.45,135,52650,15,0,170295
BANKNIFTY-III.NFO,30/10/2024,09:51:08,52610.05,52633.8,135,52651.15,120,0,170295
BANKNIFTY-III.NFO,30/10/2024,09:51:09,52610.05,52629.55,120,52647.85,90,0,170295
BANKNIFTY-III.NFO,30/10/2024,09:51:11,52645.15,52627.6,165,52645.15,60,15,170295
BANKNIFTY-III.NFO,30/10/2024,09:51:13,52648,52631.05,135,52647.95,165,150,170295
BANKNIFTY-III.NFO,30/10/2024,09:51:14,52648,52631.05,135,52648.7,195,0,170295
BANKNIFTY-III.NFO,30/10/2024,09:51:16,52648,52631,15,52644.35,30,0,170295
BANKNIFTY-III.NFO,30/10/2024,09:51:18,52647.5,52631,15,52646.65,60,15,170295
BANKNIFTY-III.NFO,30/10/2024,09:51:19,52647.5,52631,15,52643.65,45,0,170295
BANKNIFTY-III.NFO,30/10/2024,09:51:21,52647.5,52631,15,52641.2,15,0,170295
