Ticker,Date,Time,LTP,BuyPrice,BuyQty,SellPrice,SellQty,LTQ,OpenInterest
NIFTY-II.NFO,30/10/2024,09:15:00,24595,24550.05,100,24566.75,50,75,0
NIFTY-II.NFO,30/10/2024,09:15:00,24595,24550.05,100,24566.75,50,0,0
NIFTY-II.NFO,30/10/2024,09:15:00,24595,24550.05,100,24566.75,50,0,0
NIFTY-II.NFO,30/10/2024,09:15:00,24566.75,24550.05,100,24566.75,50,0,0
NIFTY-II.NFO,30/10/2024,09:15:01,24558.25,24552.45,75,24558.3,50,1000,5643625
NIFTY-II.NFO,30/10/2024,09:15:01,24551.05,24552.45,75,24558.3,50,0,5643625
NIFTY-II.NFO,30/10/2024,09:15:02,24560.25,24560.25,75,24564.95,50,550,5643625
NIFTY-II.NFO,30/10/2024,09:15:04,24573.75,24565.05,100,24573.75,25,650,5643625
NIFTY-II.NFO,30/10/2024,09:15:06,24564.95,24561.05,100,24568.65,75,75,5643625
NIFTY-II.NFO,30/10/2024,09:15:07,24570.45,24561.05,100,24570.55,50,575,5643625
NIFTY-II.NFO,30/10/2024,09:15:09,24571.25,24564.95,200,24571.9,250,3450,5643625
NIFTY-II.NFO,30/10/2024,09:15:10,24564.95,24560,475,24567.1,50,1775,5643625
NIFTY-II.NFO,30/10/2024,09:15:12,24566.6,24560,225,24566.6,25,1175,5643625
NIFTY-II.NFO,30/10/2024,09:15:13,24563.5,24560.3,100,24564.4,25,500,5643625
NIFTY-II.NFO,30/10/2024,09:15:15,24560.3,24560.25,150,24567.15,100,750,5643625
NIFTY-II.NFO,30/10/2024,09:15:17,24556.15,24554.9,50,24565.4,100,1500,5643625
NIFTY-II.NFO,30/10/2024,09:15:18,24560,24553.05,25,24561.15,100,450,5643625
NIFTY-II.NFO,30/10/2024,09:15:20,24562,24554.35,100,24562.05,50,1775,5643625
NIFTY-II.NFO,30/10/2024,09:15:22,24554.9,24551,150,24554.75,25,475,5643625
NIFTY-II.NFO,30/10/2024,09:15:23,24554.8,24551.05,50,24554.7,25,450,5643625
NIFTY-II.NFO,30/10/2024,09:15:25,24555.45,24550.3,75,24555.45,25,2075,5643625
NIFTY-II.NFO,30/10/2024,09:15:25,24550,24550.3,75,24555.45,25,0,5643625
NIFTY-II.NFO,30/10/2024,09:15:26,24550,24550,1000,24553.9,25,600,5643625
NIFTY-II.NFO,30/10/2024,09:15:28,24554.8,24549.65,100,24553.95,25,2900,5643625
NIFTY-II.NFO,30/10/2024,09:15:28,24546.4,24549.65,100,24553.95,25,0,5643625
NIFTY-II.NFO,30/10/2024,09:15:30,24552.45,24547.7,100,24552.45,25,700,5643625
NIFTY-II.NFO,30/10/2024,09:15:31,24553.6,24552,500,24552.45,25,625,5643625
NIFTY-II.NFO,30/10/2024,09:15:31,24546.35,24552,500,24552.45,25,0,5643625
NIFTY-II.NFO,30/10/2024,09:15:33,24547.1,24550,25,24551.95,25,975,5643625
NIFTY-II.NFO,30/10/2024,09:15:35,24551.95,24550,25,24551.95,25,300,5643625
NIFTY-II.NFO,30/10/2024,09:15:36,24552,24550.05,150,24551.95,25,825,5643625
NIFTY-II.NFO,30/10/2024,09:15:38,24552,24551.95,575,24554.95,25,650,5643625
NIFTY-II.NFO,30/10/2024,09:15:40,24551.95,24550.55,100,24551.95,25,2575,5643625
NIFTY-II.NFO,30/10/2024,09:15:41,24557.5,24552,125,24553.45,25,125,5643625
NIFTY-II.NFO,30/10/2024,09:15:43,24551.95,24552,25,24552.95,25,375,5643625
NIFTY-II.NFO,30/10/2024,09:15:45,24553.45,24551.95,1100,24553.5,25,2450,5643625
NIFTY-II.NFO,30/10/2024,09:15:46,24551.95,24550,425,24551.95,25,1500,5643625
NIFTY-II.NFO,30/10/2024,09:15:48,24551.45,24550,150,24551.45,25,2550,5643625
NIFTY-II.NFO,30/10/2024,09:15:50,24550,24548.65,125,24550,1850,2325,5643625
NIFTY-II.NFO,30/10/2024,09:15:51,24548.65,24547.8,25,24548.65,75,1150,5643625
NIFTY-II.NFO,30/10/2024,09:15:53,24548.25,24547.3,25,24548.2,25,3825,5643625
NIFTY-II.NFO,30/10/2024,09:15:55,24548.15,24547.55,25,24548.15,75,750,5643625
NIFTY-II.NFO,30/10/2024,09:15:56,24546.75,24546,50,24547.3,375,2025,5643625
NIFTY-II.NFO,30/10/2024,09:15:56,24546.15,24546,50,24547.3,375,0,5643625
NIFTY-II.NFO,30/10/2024,09:15:58,24546.2,24546,25,24546.2,200,725,5643625
NIFTY-II.NFO,30/10/2024,09:15:58,24546,24546,25,24546.2,200,0,5643625
NIFTY-II.NFO,30/10/2024,09:16:00,24546.2,24545.05,25,24546.2,1350,425,5643625
NIFTY-II.NFO,30/10/2024,09:16:00,24545.5,24545.05,25,24546.2,1350,0,5643625
NIFTY-II.NFO,30/10/2024,09:16:01,24545.05,24542.25,25,24545.05,600,1900,5645450
NIFTY-II.NFO,30/10/2024,09:16:01,24540,24542.25,25,24545.05,600,0,5645450
NIFTY-II.NFO,30/10/2024,09:16:03,24539.45,24535.55,50,24539.45,25,1775,5645450
NIFTY-II.NFO,30/10/2024,09:16:03,24536.55,24535.55,50,24539.45,25,0,5645450
NIFTY-II.NFO,30/10/2024,09:16:05,24533.2,24533.25,25,24535.85,75,1075,5645450
NIFTY-II.NFO,30/10/2024,09:16:05,24532.65,24533.25,25,24535.85,75,0,5645450
NIFTY-II.NFO,30/10/2024,09:16:06,24530.55,24530.5,325,24534.45,100,2050,5645450
NIFTY-II.NFO,30/10/2024,09:16:06,24530.55,24530.5,325,24534.45,100,0,5645450
NIFTY-II.NFO,30/10/2024,09:16:08,24530,24530,150,24530.55,50,1675,5645450
NIFTY-II.NFO,30/10/2024,09:16:08,24530,24530,150,24530.55,50,0,5645450
NIFTY-II.NFO,30/10/2024,09:16:10,24528.4,24529.5,25,24530.55,50,4000,5645450
NIFTY-II.NFO,30/10/2024,09:16:10,24528,24529.5,25,24530.55,50,0,5645450
NIFTY-II.NFO,30/10/2024,09:16:11,24530.55,24529,25,24530.45,25,500,5645450
NIFTY-II.NFO,30/10/2024,09:16:11,24526.9,24529,25,24530.45,25,0,5645450
NIFTY-II.NFO,30/10/2024,09:16:13,24530.6,24526.7,125,24530.45,25,2575,5645450
NIFTY-II.NFO,30/10/2024,09:16:15,24526.8,24526.25,25,24526.8,75,575,5645450
NIFTY-II.NFO,30/10/2024,09:16:15,24526.55,24526.25,25,24526.8,75,0,5645450
NIFTY-II.NFO,30/10/2024,09:16:16,24525.05,24525.05,200,24526.4,250,1950,5645450
NIFTY-II.NFO,30/10/2024,09:16:16,24525.05,24525.05,200,24526.4,250,0,5645450
NIFTY-II.NFO,30/10/2024,09:16:18,24525.95,24525,1025,24525.95,25,800,5645450
NIFTY-II.NFO,30/10/2024,09:16:18,24525,24525,1025,24525.95,25,0,5645450
NIFTY-II.NFO,30/10/2024,09:16:20,24525.95,24521.4,25,24524.45,25,5800,5645450
NIFTY-II.NFO,30/10/2024,09:16:20,24521,24521.4,25,24524.45,25,0,5645450
NIFTY-II.NFO,30/10/2024,09:16:21,24529.35,24522.4,50,24524.45,25,875,5645450
NIFTY-II.NFO,30/10/2024,09:16:23,24524.45,24523.25,25,24524.45,25,775,5645450
NIFTY-II.NFO,30/10/2024,09:16:25,24524.45,24524.45,75,24524.95,25,3325,5645450
NIFTY-II.NFO,30/10/2024,09:16:26,24524.45,24522.2,25,24524.45,675,300,5645450
NIFTY-II.NFO,30/10/2024,09:16:28,24524,24521.65,150,24524.45,25,3750,5645450
NIFTY-II.NFO,30/10/2024,09:16:30,24531.75,24525.55,175,24531.75,25,1050,5645450
NIFTY-II.NFO,30/10/2024,09:16:31,24532.95,24526.2,150,24533.2,100,500,5645450
NIFTY-II.NFO,30/10/2024,09:16:33,24528.5,24527.25,50,24533.2,25,425,5645450
NIFTY-II.NFO,30/10/2024,09:16:35,24532.95,24528.5,100,24532,100,125,5645450
NIFTY-II.NFO,30/10/2024,09:16:36,24532.5,24530.25,175,24532.5,100,2300,5645450
NIFTY-II.NFO,30/10/2024,09:16:38,24530,24531,25,24532.95,25,2900,5645450
NIFTY-II.NFO,30/10/2024,09:16:40,24534,24530.15,175,24534,50,275,5645450
NIFTY-II.NFO,30/10/2024,09:16:41,24537,24535,25,24537.95,100,675,5645450
NIFTY-II.NFO,30/10/2024,09:16:43,24538.65,24531.15,100,24538.65,75,325,5645450
NIFTY-II.NFO,30/10/2024,09:16:45,24537.8,24537,25,24537.75,25,875,5645450
NIFTY-II.NFO,30/10/2024,09:16:46,24534,24530.55,50,24536.7,75,1000,5645450
NIFTY-II.NFO,30/10/2024,09:16:48,24535,24530.45,100,24536.9,25,1050,5645450
NIFTY-II.NFO,30/10/2024,09:16:50,24538.75,24534,25,24537.05,50,2750,5645450
NIFTY-II.NFO,30/10/2024,09:16:51,24530.6,24530.35,125,24535,175,500,5645450
NIFTY-II.NFO,30/10/2024,09:16:53,24538.35,24536,25,24538.15,50,950,5645450
NIFTY-II.NFO,30/10/2024,09:16:55,24537.7,24531,125,24537.7,125,2325,5645450
NIFTY-II.NFO,30/10/2024,09:16:56,24535.9,24530.05,350,24535.6,250,1525,5645450
NIFTY-II.NFO,30/10/2024,09:16:58,24530.95,24530,2725,24530.45,150,850,5645450
NIFTY-II.NFO,30/10/2024,09:17:00,24530,24530,1225,24530.9,25,1925,5645450
NIFTY-II.NFO,30/10/2024,09:17:01,24530,24528,50,24529.9,225,2150,5645450
NIFTY-II.NFO,30/10/2024,09:17:03,24530.95,24530.45,50,24530.95,300,200,5645450
NIFTY-II.NFO,30/10/2024,09:17:05,24532.65,24530.95,75,24532.05,225,750,5645450
NIFTY-II.NFO,30/10/2024,09:17:06,24528,24528,375,24532.05,75,2300,5645450
NIFTY-II.NFO,30/10/2024,09:17:08,24532.05,24532.05,350,24532.8,250,1075,5645450
NIFTY-II.NFO,30/10/2024,09:17:10,24530.45,24530,150,24530.45,250,1225,5645450
NIFTY-II.NFO,30/10/2024,09:17:11,24532.75,24532,300,24532.75,50,625,5645450
NIFTY-II.NFO,30/10/2024,09:17:13,24532,24532,175,24532.05,200,125,5645450
NIFTY-II.NFO,30/10/2024,09:17:15,24532,24530.05,475,24532,550,2425,5645450
NIFTY-II.NFO,30/10/2024,09:17:16,24531.65,24530.95,100,24531.9,50,75,5645450
NIFTY-II.NFO,30/10/2024,09:17:18,24531.9,24530.95,100,24532,750,25,5645450
NIFTY-II.NFO,30/10/2024,09:17:20,24530.05,24530,275,24530.05,250,1775,5645450
NIFTY-II.NFO,30/10/2024,09:17:21,24530,24528.4,50,24530,150,700,5645450
NIFTY-II.NFO,30/10/2024,09:17:23,24532,24529,75,24532,425,400,5645450
NIFTY-II.NFO,30/10/2024,09:17:25,24531.95,24529,50,24531.95,225,275,5645450
NIFTY-II.NFO,30/10/2024,09:17:26,24530.45,24530.05,50,24530.45,25,550,5645450
NIFTY-II.NFO,30/10/2024,09:17:28,24531.95,24530.05,25,24532,200,350,5645450
NIFTY-II.NFO,30/10/2024,09:17:30,24530,24528,375,24531.85,75,325,5645450
NIFTY-II.NFO,30/10/2024,09:17:31,24533.7,24530,625,24532.45,100,1175,5645450
NIFTY-II.NFO,30/10/2024,09:17:33,24531.95,24530,450,24532.1,75,500,5645450
NIFTY-II.NFO,30/10/2024,09:17:35,24530,24530,325,24532.1,200,200,5645450
NIFTY-II.NFO,30/10/2024,09:17:36,24532.1,24530,425,24532.1,75,275,5645450
NIFTY-II.NFO,30/10/2024,09:17:38,24532.1,24530.7,50,24531.7,25,1050,5645450
NIFTY-II.NFO,30/10/2024,09:17:40,24531.7,24532.15,150,24533.6,125,75,5645450
NIFTY-II.NFO,30/10/2024,09:17:41,24532.6,24530,1075,24532.6,75,200,5645450
NIFTY-II.NFO,30/10/2024,09:17:43,24533.65,24532.15,25,24533.85,125,275,5645450
NIFTY-II.NFO,30/10/2024,09:17:45,24530.1,24530.7,25,24534.1,125,650,5645450
NIFTY-II.NFO,30/10/2024,09:17:46,24532.15,24530.7,25,24532.55,200,375,5645450
NIFTY-II.NFO,30/10/2024,09:17:48,24533.6,24532.45,50,24533.55,150,300,5645450
NIFTY-II.NFO,30/10/2024,09:17:50,24534,24533.6,25,24534.45,175,375,5645450
NIFTY-II.NFO,30/10/2024,09:17:51,24533.55,24533.3,25,24533.55,100,125,5645450
NIFTY-II.NFO,30/10/2024,09:17:53,24533.55,24533.3,25,24533.55,1025,100,5645450
NIFTY-II.NFO,30/10/2024,09:17:55,24532.1,24532,25,24533.55,1175,375,5645450
NIFTY-II.NFO,30/10/2024,09:17:56,24533.55,24531.5,150,24533.55,1150,150,5645450
NIFTY-II.NFO,30/10/2024,09:17:58,24533.1,24533.1,50,24533.55,950,550,5645450
NIFTY-II.NFO,30/10/2024,09:18:00,24533.55,24533,225,24533.5,200,275,5645450
NIFTY-II.NFO,30/10/2024,09:18:01,24533.05,24533,50,24533.5,275,275,5645450
NIFTY-II.NFO,30/10/2024,09:18:03,24530,24531.5,25,24533.4,25,575,5645450
NIFTY-II.NFO,30/10/2024,09:18:05,24533.55,24530.05,250,24533.5,125,1000,5645450
NIFTY-II.NFO,30/10/2024,09:18:06,24533.55,24530,1200,24533.55,625,625,5645450
NIFTY-II.NFO,30/10/2024,09:18:08,24532.1,24530,1200,24532.95,100,250,5645450
NIFTY-II.NFO,30/10/2024,09:18:10,24533.2,24530.05,25,24533.2,50,1100,5645450
NIFTY-II.NFO,30/10/2024,09:18:11,24533.55,24530.1,50,24533.5,225,300,5645450
NIFTY-II.NFO,30/10/2024,09:18:13,24532.5,24530,1525,24532.65,200,450,5645450
NIFTY-II.NFO,30/10/2024,09:18:15,24532.65,24530.05,25,24533.2,200,525,5645450
NIFTY-II.NFO,30/10/2024,09:18:16,24532.55,24530.05,25,24533,25,225,5645450
NIFTY-II.NFO,30/10/2024,09:18:18,24532,24532,175,24532.15,100,100,5645450
NIFTY-II.NFO,30/10/2024,09:18:20,24532,24530.05,25,24534.45,100,1125,5645450
NIFTY-II.NFO,30/10/2024,09:18:21,24530.05,24530,1650,24530.05,175,150,5645450
NIFTY-II.NFO,30/10/2024,09:18:23,24534.45,24530,1650,24534.45,75,325,5645450
NIFTY-II.NFO,30/10/2024,09:18:25,24534.15,24532.55,1000,24534.45,175,375,5645450
NIFTY-II.NFO,30/10/2024,09:18:26,24533,24532.55,600,24533,25,525,5645450
NIFTY-II.NFO,30/10/2024,09:18:28,24532.55,24530.45,25,24533.6,25,950,5645450
NIFTY-II.NFO,30/10/2024,09:18:30,24530,24530.05,25,24533.45,25,700,5645450
NIFTY-II.NFO,30/10/2024,09:18:31,24533,24533,175,24533.45,50,75,5645450
NIFTY-II.NFO,30/10/2024,09:18:33,24530,24530,1600,24532.55,400,550,5645450
NIFTY-II.NFO,30/10/2024,09:18:35,24532.55,24532.2,225,24537.45,25,425,5645450
NIFTY-II.NFO,30/10/2024,09:18:36,24539.1,24532.1,175,24538.65,125,275,5645450
NIFTY-II.NFO,30/10/2024,09:18:38,24532,24532.05,175,24538.65,25,350,5645450
NIFTY-II.NFO,30/10/2024,09:18:40,24538.5,24531.45,175,24538.5,50,100,5645450
NIFTY-II.NFO,30/10/2024,09:18:41,24537.95,24535,200,24537.75,125,150,5645450
NIFTY-II.NFO,30/10/2024,09:18:43,24536.6,24535,200,24536.85,50,100,5645450
NIFTY-II.NFO,30/10/2024,09:18:45,24535.65,24535,150,24536.4,25,100,5645450
NIFTY-II.NFO,30/10/2024,09:18:46,24536.35,24536.35,25,24536.4,150,100,5645450
NIFTY-II.NFO,30/10/2024,09:18:48,24536.85,24535,225,24536.9,625,300,5645450
NIFTY-II.NFO,30/10/2024,09:18:50,24535,24535,175,24536.6,125,150,5645450
NIFTY-II.NFO,30/10/2024,09:18:51,24535.3,24533.05,50,24535.3,125,400,5645450
NIFTY-II.NFO,30/10/2024,09:18:53,24535.65,24533,200,24536.4,125,725,5645450
NIFTY-II.NFO,30/10/2024,09:18:55,24538,24536.6,125,24538,25,50,5645450
NIFTY-II.NFO,30/10/2024,09:18:56,24536,24536,50,24538.4,25,450,5645450
NIFTY-II.NFO,30/10/2024,09:18:58,24536.05,24536.05,350,24539.95,25,200,5645450
NIFTY-II.NFO,30/10/2024,09:19:00,24543.6,24538.1,425,24543.5,125,500,5645450
NIFTY-II.NFO,30/10/2024,09:19:01,24540.05,24538.5,50,24540.9,25,225,5664575
NIFTY-II.NFO,30/10/2024,09:19:03,24536.6,24533,125,24536.15,125,2150,5664575
NIFTY-II.NFO,30/10/2024,09:19:05,24536.8,24533,125,24536.85,125,300,5664575
NIFTY-II.NFO,30/10/2024,09:19:06,24535.25,24533,125,24535.9,250,650,5664575
NIFTY-II.NFO,30/10/2024,09:19:08,24536.05,24535,100,24536.05,150,350,5664575
NIFTY-II.NFO,30/10/2024,09:19:10,24535,24533,100,24535.4,125,350,5664575
NIFTY-II.NFO,30/10/2024,09:19:11,24535.8,24535.05,100,24535.95,25,250,5664575
NIFTY-II.NFO,30/10/2024,09:19:13,24533,24533.05,25,24536.05,100,825,5664575
NIFTY-II.NFO,30/10/2024,09:19:15,24536.05,24535,25,24536.05,125,200,5664575
NIFTY-II.NFO,30/10/2024,09:19:16,24536.05,24535,50,24535.95,25,100,5664575
NIFTY-II.NFO,30/10/2024,09:19:18,24535.95,24535,50,24535.95,25,175,5664575
NIFTY-II.NFO,30/10/2024,09:19:20,24535.95,24533,625,24535.95,250,475,5664575
NIFTY-II.NFO,30/10/2024,09:19:21,24535.05,24535,25,24535.85,25,75,5664575
NIFTY-II.NFO,30/10/2024,09:19:23,24535.95,24533,600,24535,25,2050,5664575
NIFTY-II.NFO,30/10/2024,09:19:25,24536.05,24535.85,25,24537.15,125,800,5664575
NIFTY-II.NFO,30/10/2024,09:19:26,24535,24535,25,24536.3,125,175,5664575
NIFTY-II.NFO,30/10/2024,09:19:28,24536.4,24533,650,24536.3,125,600,5664575
NIFTY-II.NFO,30/10/2024,09:19:30,24536.4,24533,675,24536.3,25,0,5664575
NIFTY-II.NFO,30/10/2024,09:19:31,24536.3,24536.3,225,24537.45,25,675,5664575
NIFTY-II.NFO,30/10/2024,09:19:33,24537.45,24535.05,50,24536.3,325,575,5664575
NIFTY-II.NFO,30/10/2024,09:19:35,24536.3,24533,850,24536.3,75,350,5664575
NIFTY-II.NFO,30/10/2024,09:19:36,24536.3,24535,75,24536.3,150,75,5664575
NIFTY-II.NFO,30/10/2024,09:19:38,24535,24533,50,24536.4,125,3425,5664575
NIFTY-II.NFO,30/10/2024,09:19:40,24536.4,24535,50,24536.3,50,475,5664575
NIFTY-II.NFO,30/10/2024,09:19:41,24535,24535,25,24535.75,75,325,5664575
NIFTY-II.NFO,30/10/2024,09:19:43,24536.3,24535,25,24536.6,125,400,5664575
NIFTY-II.NFO,30/10/2024,09:19:45,24537.6,24536.55,400,24536.6,175,400,5664575
NIFTY-II.NFO,30/10/2024,09:19:46,24538.35,24535,50,24537,625,1525,5664575
NIFTY-II.NFO,30/10/2024,09:19:48,24534.5,24533,25,24534.5,75,275,5664575
NIFTY-II.NFO,30/10/2024,09:19:50,24538.25,24533.05,350,24537.45,25,800,5664575
NIFTY-II.NFO,30/10/2024,09:19:51,24533.05,24533.05,50,24537.45,100,275,5664575
NIFTY-II.NFO,30/10/2024,09:19:53,24533.05,24535.15,100,24537.45,100,50,5664575
NIFTY-II.NFO,30/10/2024,09:19:55,24537.5,24537.5,100,24539.2,25,1975,5664575
NIFTY-II.NFO,30/10/2024,09:19:56,24537.6,24537.6,25,24539.2,250,325,5664575
NIFTY-II.NFO,30/10/2024,09:19:58,24534.95,24533.05,25,24534.95,125,1100,5664575
NIFTY-II.NFO,30/10/2024,09:20:00,24528.5,24527.25,50,24534.6,125,6550,5664575
NIFTY-II.NFO,30/10/2024,09:20:01,24530.2,24522.75,50,24531.35,125,5350,5664575
NIFTY-II.NFO,30/10/2024,09:20:03,24528.25,24519.2,50,24528.25,350,2975,5664575
NIFTY-II.NFO,30/10/2024,09:20:03,24520,24519.2,50,24528.25,350,0,5664575
NIFTY-II.NFO,30/10/2024,09:20:05,24516.1,24516.05,125,24524.2,50,1925,5664575
NIFTY-II.NFO,30/10/2024,09:20:05,24516.1,24516.05,125,24524.2,50,0,5664575
NIFTY-II.NFO,30/10/2024,09:20:06,24524.15,24517.3,25,24524.15,25,75,5664575
NIFTY-II.NFO,30/10/2024,09:20:08,24527.35,24522,300,24527.35,25,550,5664575
NIFTY-II.NFO,30/10/2024,09:20:10,24520.45,24521,25,24527.15,125,350,5664575
NIFTY-II.NFO,30/10/2024,09:20:11,24526.95,24519.65,25,24526.95,100,100,5664575
NIFTY-II.NFO,30/10/2024,09:20:13,24517.65,24517.65,25,24526.05,50,300,5664575
NIFTY-II.NFO,30/10/2024,09:20:15,24526.05,24522,200,24526.05,300,150,5664575
NIFTY-II.NFO,30/10/2024,09:20:16,24526.05,24522.05,350,24526.05,250,75,5664575
NIFTY-II.NFO,30/10/2024,09:20:18,24526,24522.05,350,24526.05,200,125,5664575
NIFTY-II.NFO,30/10/2024,09:20:20,24522.05,24522,500,24525,250,100,5664575
NIFTY-II.NFO,30/10/2024,09:20:21,24525,24520.05,350,24525,125,400,5664575
NIFTY-II.NFO,30/10/2024,09:20:23,24520.65,24520,150,24520.65,125,425,5664575
NIFTY-II.NFO,30/10/2024,09:20:25,24525,24520.05,350,24524.65,250,600,5664575
NIFTY-II.NFO,30/10/2024,09:20:26,24523.75,24517.65,25,24523.75,125,850,5664575
NIFTY-II.NFO,30/10/2024,09:20:28,24524.1,24518.25,300,24523.95,25,700,5664575
NIFTY-II.NFO,30/10/2024,09:20:28,24516,24518.25,300,24523.95,25,0,5664575
NIFTY-II.NFO,30/10/2024,09:20:30,24518,24517.05,100,24523.3,25,150,5664575
NIFTY-II.NFO,30/10/2024,09:20:31,24522.7,24517,25,24522.85,25,100,5664575
NIFTY-II.NFO,30/10/2024,09:20:33,24522.35,24520.65,25,24522.85,25,1625,5664575
NIFTY-II.NFO,30/10/2024,09:20:35,24516,24516,25,24520,25,600,5664575
NIFTY-II.NFO,30/10/2024,09:20:36,24520,24515.9,50,24520,75,350,5664575
NIFTY-II.NFO,30/10/2024,09:20:38,24515.95,24516.05,100,24522.1,25,600,5664575
NIFTY-II.NFO,30/10/2024,09:20:38,24515.95,24516.05,100,24522.1,25,0,5664575
NIFTY-II.NFO,30/10/2024,09:20:40,24516,24517.45,25,24520.45,25,75,5664575
NIFTY-II.NFO,30/10/2024,09:20:41,24520,24517.45,50,24520,50,275,5664575
NIFTY-II.NFO,30/10/2024,09:20:43,24518,24518.15,175,24525.65,25,1400,5664575
NIFTY-II.NFO,30/10/2024,09:20:45,24524.8,24520.05,500,24525.4,25,125,5664575
NIFTY-II.NFO,30/10/2024,09:20:46,24520,24520,550,24524.1,25,600,5664575
NIFTY-II.NFO,30/10/2024,09:20:48,24520,24517,50,24523.15,150,600,5664575
NIFTY-II.NFO,30/10/2024,09:20:50,24524.95,24520,25,24524.95,25,475,5664575
NIFTY-II.NFO,30/10/2024,09:20:52,24522.05,24522.05,50,24524.45,25,600,5664575
NIFTY-II.NFO,30/10/2024,09:20:53,24524.45,24523.15,325,24524.45,300,300,5664575
NIFTY-II.NFO,30/10/2024,09:20:55,24523.15,24523.15,325,24525.95,25,375,5664575
NIFTY-II.NFO,30/10/2024,09:20:57,24524.95,24520.25,50,24524.45,75,400,5664575
NIFTY-II.NFO,30/10/2024,09:20:58,24524.45,24520.4,75,24524,25,75,5664575
NIFTY-II.NFO,30/10/2024,09:21:00,24524,24520.75,75,24524,75,25,5664575
NIFTY-II.NFO,30/10/2024,09:21:02,24526.35,24522.6,50,24527.15,25,150,5664575
NIFTY-II.NFO,30/10/2024,09:21:03,24522.45,24523,50,24527.15,25,275,5664575
NIFTY-II.NFO,30/10/2024,09:21:05,24530,24526.8,25,24530,75,375,5664575
NIFTY-II.NFO,30/10/2024,09:21:07,24533.95,24530.05,350,24533.95,25,350,5664575
NIFTY-II.NFO,30/10/2024,09:21:08,24533.95,24530.05,425,24533.95,75,275,5664575
NIFTY-II.NFO,30/10/2024,09:21:10,24533.95,24531.9,50,24535.95,25,575,5664575
NIFTY-II.NFO,30/10/2024,09:21:12,24535.9,24531.05,350,24535.95,100,150,5664575
NIFTY-II.NFO,30/10/2024,09:21:13,24535.95,24533.95,50,24535.95,50,25,5664575
NIFTY-II.NFO,30/10/2024,09:21:15,24535.95,24535.95,25,24538,150,150,5664575
NIFTY-II.NFO,30/10/2024,09:21:17,24537.95,24535.95,100,24537.95,125,150,5664575
NIFTY-II.NFO,30/10/2024,09:21:18,24539,24536.85,450,24541.95,25,725,5664575
NIFTY-II.NFO,30/10/2024,09:21:20,24541.95,24539.05,50,24542,25,100,5664575
NIFTY-II.NFO,30/10/2024,09:21:22,24538.05,24535.65,350,24541.25,25,875,5664575
NIFTY-II.NFO,30/10/2024,09:21:23,24540.8,24540,25,24541.25,50,50,5664575
NIFTY-II.NFO,30/10/2024,09:21:25,24540,24540,50,24541.9,100,175,5664575
NIFTY-II.NFO,30/10/2024,09:21:27,24539.1,24539.1,50,24542.95,25,675,5664575
NIFTY-II.NFO,30/10/2024,09:21:28,24545,24539.7,100,24545.8,25,800,5664575
NIFTY-II.NFO,30/10/2024,09:21:30,24540.05,24540.05,25,24545.45,25,275,5664575
NIFTY-II.NFO,30/10/2024,09:21:32,24541.9,24542.95,100,24546.45,25,275,5664575
NIFTY-II.NFO,30/10/2024,09:21:33,24542.95,24541.5,100,24546.45,25,250,5664575
NIFTY-II.NFO,30/10/2024,09:21:35,24548.45,24542.05,25,24547.45,25,475,5664575
NIFTY-II.NFO,30/10/2024,09:21:37,24542.05,24542.05,100,24545.95,25,500,5664575
NIFTY-II.NFO,30/10/2024,09:21:38,24548.45,24545,25,24549.45,25,125,5664575
NIFTY-II.NFO,30/10/2024,09:21:40,24549.45,24546.15,125,24549.9,3325,175,5664575
NIFTY-II.NFO,30/10/2024,09:21:42,24549.9,24546.95,50,24549.9,3100,225,5664575
NIFTY-II.NFO,30/10/2024,09:21:43,24549.9,24548.5,50,24549.9,1250,1850,5664575
NIFTY-II.NFO,30/10/2024,09:21:45,24552,24546.4,400,24552,725,1925,5664575
NIFTY-II.NFO,30/10/2024,09:21:47,24552,24548,350,24552,725,25,5664575
NIFTY-II.NFO,30/10/2024,09:21:48,24550.65,24550.8,125,24556.95,25,1500,5664575
NIFTY-II.NFO,30/10/2024,09:21:50,24550.05,24550.05,75,24555.45,25,100,5664575
NIFTY-II.NFO,30/10/2024,09:21:52,24550,24550,150,24551.95,125,975,5664575
NIFTY-II.NFO,30/10/2024,09:21:53,24550.15,24550.1,25,24551.95,25,150,5664575
NIFTY-II.NFO,30/10/2024,09:21:55,24553,24550.05,25,24552.05,175,1575,5664575
NIFTY-II.NFO,30/10/2024,09:21:57,24552,24552,775,24552.05,150,875,5664575
NIFTY-II.NFO,30/10/2024,09:21:58,24552.05,24550,75,24552.05,150,925,5664575
NIFTY-II.NFO,30/10/2024,09:22:00,24545,24544,400,24549.55,100,650,5664575
NIFTY-II.NFO,30/10/2024,09:22:02,24545.6,24545,250,24548.55,50,150,5664575
NIFTY-II.NFO,30/10/2024,09:22:03,24551.05,24545,75,24553.2,50,275,5702675
NIFTY-II.NFO,30/10/2024,09:22:05,24550,24545.05,25,24549.5,300,350,5702675
NIFTY-II.NFO,30/10/2024,09:22:07,24545.05,24545.1,175,24549.5,250,75,5702675
NIFTY-II.NFO,30/10/2024,09:22:08,24549.5,24545.6,100,24549.5,225,125,5702675
NIFTY-II.NFO,30/10/2024,09:22:10,24549.5,24545.9,100,24549.5,125,100,5702675
NIFTY-II.NFO,30/10/2024,09:22:12,24545.95,24545.95,100,24549.5,275,75,5702675
NIFTY-II.NFO,30/10/2024,09:22:13,24549.5,24546,100,24549.5,250,25,5702675
NIFTY-II.NFO,30/10/2024,09:22:15,24549.5,24546,25,24550,75,325,5702675
NIFTY-II.NFO,30/10/2024,09:22:17,24552.55,24549.5,50,24552.9,50,375,5702675
NIFTY-II.NFO,30/10/2024,09:22:18,24552.05,24550,25,24552.05,125,550,5702675
NIFTY-II.NFO,30/10/2024,09:22:20,24552.05,24550,75,24552.05,100,50,5702675
NIFTY-II.NFO,30/10/2024,09:22:22,24553.55,24553.3,100,24557.45,25,525,5702675
NIFTY-II.NFO,30/10/2024,09:22:23,24559,24555.3,125,24559,50,100,5702675
NIFTY-II.NFO,30/10/2024,09:22:25,24560,24557.85,100,24560,550,325,5702675
NIFTY-II.NFO,30/10/2024,09:22:27,24563.05,24557.9,100,24562.55,150,625,5702675
NIFTY-II.NFO,30/10/2024,09:22:28,24565.05,24559.35,75,24563.95,25,450,5702675
NIFTY-II.NFO,30/10/2024,09:22:30,24560,24559,25,24563.95,100,175,5702675
NIFTY-II.NFO,30/10/2024,09:22:32,24564.45,24561,25,24564.45,25,850,5702675
NIFTY-II.NFO,30/10/2024,09:22:33,24562.95,24561.1,75,24563,25,275,5702675
NIFTY-II.NFO,30/10/2024,09:22:35,24565,24564.45,25,24565.9,250,375,5702675
NIFTY-II.NFO,30/10/2024,09:22:37,24565.1,24562.55,25,24563.65,50,425,5702675
NIFTY-II.NFO,30/10/2024,09:22:38,24565.9,24565,1575,24565.4,150,650,5702675
NIFTY-II.NFO,30/10/2024,09:22:40,24565,24565,1425,24565.4,150,475,5702675
NIFTY-II.NFO,30/10/2024,09:22:42,24565.4,24565,1800,24565.4,400,2925,5702675
NIFTY-II.NFO,30/10/2024,09:22:43,24562.05,24558,350,24561.55,75,3550,5702675
NIFTY-II.NFO,30/10/2024,09:22:45,24558,24560,100,24561.05,200,250,5702675
NIFTY-II.NFO,30/10/2024,09:22:47,24561.05,24560,200,24561.05,375,75,5702675
NIFTY-II.NFO,30/10/2024,09:22:48,24561.05,24555.05,75,24560,50,775,5702675
NIFTY-II.NFO,30/10/2024,09:22:50,24560,24555.05,50,24560,75,50,5702675
NIFTY-II.NFO,30/10/2024,09:22:52,24558.45,24552.25,50,24558.5,275,1000,5702675
NIFTY-II.NFO,30/10/2024,09:22:53,24558.5,24551.9,100,24558.4,75,450,5702675
NIFTY-II.NFO,30/10/2024,09:22:55,24559.5,24553.35,100,24559.5,450,1150,5702675
NIFTY-II.NFO,30/10/2024,09:22:57,24559.5,24554.65,175,24559.5,325,125,5702675
NIFTY-II.NFO,30/10/2024,09:22:58,24559.5,24558.1,100,24560,50,925,5702675
NIFTY-II.NFO,30/10/2024,09:23:00,24559.2,24559.25,100,24562.05,50,300,5702675
NIFTY-II.NFO,30/10/2024,09:23:02,24566.4,24563.1,100,24566.45,25,375,5702675
NIFTY-II.NFO,30/10/2024,09:23:03,24566.4,24563.2,100,24566.25,75,0,5702675
NIFTY-II.NFO,30/10/2024,09:23:05,24566.05,24565,1000,24566.05,200,25,5702675
NIFTY-II.NFO,30/10/2024,09:23:07,24565,24561.05,350,24565,850,1725,5702675
NIFTY-II.NFO,30/10/2024,09:23:08,24560.15,24562,300,24564.95,425,300,5702675
NIFTY-II.NFO,30/10/2024,09:23:10,24562.05,24562,325,24563.15,400,50,5702675
NIFTY-II.NFO,30/10/2024,09:23:12,24563.15,24562,125,24563.15,250,500,5702675
NIFTY-II.NFO,30/10/2024,09:23:13,24565,24562.1,50,24563.15,125,450,5702675
NIFTY-II.NFO,30/10/2024,09:23:15,24565,24563.15,50,24564.55,175,450,5702675
NIFTY-II.NFO,30/10/2024,09:23:17,24561.05,24560,100,24560.55,100,325,5702675
NIFTY-II.NFO,30/10/2024,09:23:18,24560.55,24560,125,24560.55,100,25,5702675
NIFTY-II.NFO,30/10/2024,09:23:20,24560,24560,75,24560.55,150,225,5702675
NIFTY-II.NFO,30/10/2024,09:23:22,24561.95,24560.05,400,24564.45,50,325,5702675
NIFTY-II.NFO,30/10/2024,09:23:23,24563.05,24561.95,100,24563.55,525,450,5702675
NIFTY-II.NFO,30/10/2024,09:23:25,24561.95,24560.05,50,24561,375,200,5702675
NIFTY-II.NFO,30/10/2024,09:23:27,24561,24560.05,25,24561,250,275,5702675
NIFTY-II.NFO,30/10/2024,09:23:28,24560,24560,1025,24561,100,400,5702675
NIFTY-II.NFO,30/10/2024,09:23:30,24561.95,24561,300,24561.45,325,3550,5702675
NIFTY-II.NFO,30/10/2024,09:23:32,24561.45,24560.5,200,24561.45,50,575,5702675
NIFTY-II.NFO,30/10/2024,09:23:33,24560,24556.1,350,24560,175,775,5702675
NIFTY-II.NFO,30/10/2024,09:23:35,24558,24556.1,350,24560.95,25,400,5702675
NIFTY-II.NFO,30/10/2024,09:23:37,24561.85,24560,125,24561.15,25,300,5702675
NIFTY-II.NFO,30/10/2024,09:23:38,24559.15,24555.25,100,24559.15,125,300,5702675
NIFTY-II.NFO,30/10/2024,09:23:40,24558.15,24553.1,100,24558.15,75,425,5702675
NIFTY-II.NFO,30/10/2024,09:23:42,24557.75,24555.05,25,24556.15,200,275,5702675
NIFTY-II.NFO,30/10/2024,09:23:43,24551.15,24551,150,24555.05,100,725,5702675
NIFTY-II.NFO,30/10/2024,09:23:45,24556.65,24552.05,25,24556.65,175,450,5702675
NIFTY-II.NFO,30/10/2024,09:23:47,24555,24555,400,24556.95,25,450,5702675
NIFTY-II.NFO,30/10/2024,09:23:48,24556.95,24555,300,24557.65,25,125,5702675
NIFTY-II.NFO,30/10/2024,09:23:50,24557.65,24555,800,24557,25,25,5702675
NIFTY-II.NFO,30/10/2024,09:23:52,24555,24555,325,24556.35,250,575,5702675
NIFTY-II.NFO,30/10/2024,09:23:53,24552.1,24552.1,200,24554.1,250,500,5702675
NIFTY-II.NFO,30/10/2024,09:23:55,24551,24550.3,100,24550.95,25,425,5702675
NIFTY-II.NFO,30/10/2024,09:23:57,24550.35,24550.3,100,24554.45,25,225,5702675
NIFTY-II.NFO,30/10/2024,09:23:58,24550.35,24550.3,100,24553.15,300,25,5702675
NIFTY-II.NFO,30/10/2024,09:24:00,24550.35,24550.3,100,24551.15,50,0,5702675
NIFTY-II.NFO,30/10/2024,09:24:02,24550,24550,250,24550.15,200,975,5702675
NIFTY-II.NFO,30/10/2024,09:24:03,24550,24545.1,350,24549.5,300,475,5702675
NIFTY-II.NFO,30/10/2024,09:24:05,24545,24545,25,24548.9,250,650,5702675
NIFTY-II.NFO,30/10/2024,09:24:07,24548.8,24545,50,24548.8,150,100,5702675
NIFTY-II.NFO,30/10/2024,09:24:08,24548.8,24545,25,24548.8,200,400,5702675
NIFTY-II.NFO,30/10/2024,09:24:10,24548.75,24545,25,24548.75,75,350,5702675
NIFTY-II.NFO,30/10/2024,09:24:12,24545,24544.45,25,24548.65,25,300,5702675
NIFTY-II.NFO,30/10/2024,09:24:13,24545,24545.05,25,24548.65,175,75,5702675
NIFTY-II.NFO,30/10/2024,09:24:15,24548.6,24545.4,100,24548.6,50,175,5702675
NIFTY-II.NFO,30/10/2024,09:24:17,24548.6,24548.05,25,24548.6,225,200,5702675
NIFTY-II.NFO,30/10/2024,09:24:18,24548,24548.1,25,24548.6,100,200,5702675
NIFTY-II.NFO,30/10/2024,09:24:20,24550,24549.2,100,24553.55,175,250,5702675
NIFTY-II.NFO,30/10/2024,09:24:22,24550.1,24550.1,25,24553.55,25,25,5702675
NIFTY-II.NFO,30/10/2024,09:24:23,24548.6,24548.65,25,24553.55,200,250,5702675
NIFTY-II.NFO,30/10/2024,09:24:25,24548.6,24548.7,75,24552.35,175,0,5702675
NIFTY-II.NFO,30/10/2024,09:24:27,24552.85,24549.05,25,24552.85,75,700,5702675
NIFTY-II.NFO,30/10/2024,09:24:28,24549.3,24549.1,25,24552.85,75,25,5702675
NIFTY-II.NFO,30/10/2024,09:24:30,24550.85,24549.15,25,24550.85,25,600,5702675
NIFTY-II.NFO,30/10/2024,09:24:32,24549.05,24548.65,25,24549.05,375,300,5702675
NIFTY-II.NFO,30/10/2024,09:24:33,24548.8,24548.75,25,24548.8,75,1025,5702675
NIFTY-II.NFO,30/10/2024,09:24:35,24546.4,24542.1,75,24546.4,50,1450,5702675
NIFTY-II.NFO,30/10/2024,09:24:37,24542.15,24542.1,50,24546.3,50,50,5702675
NIFTY-II.NFO,30/10/2024,09:24:38,24542.05,24542.15,25,24544.45,25,450,5702675
NIFTY-II.NFO,30/10/2024,09:24:40,24542.1,24542.05,25,24542.1,75,125,5702675
NIFTY-II.NFO,30/10/2024,09:24:42,24541,24540.1,25,24542.1,175,500,5702675
NIFTY-II.NFO,30/10/2024,09:24:43,24542.05,24540.4,25,24542.05,125,25,5702675
NIFTY-II.NFO,30/10/2024,09:24:45,24542.1,24540.1,100,24542.1,100,1150,5702675
NIFTY-II.NFO,30/10/2024,09:24:47,24542.1,24541.1,125,24544.85,200,125,5702675
NIFTY-II.NFO,30/10/2024,09:24:48,24545,24542.95,100,24546.4,25,50,5702675
NIFTY-II.NFO,30/10/2024,09:24:50,24543.25,24543.25,75,24545.35,200,25,5702675
NIFTY-II.NFO,30/10/2024,09:24:52,24546.4,24545.05,25,24546.85,200,425,5702675
NIFTY-II.NFO,30/10/2024,09:24:53,24543.65,24543.55,25,24544.85,200,525,5702675
NIFTY-II.NFO,30/10/2024,09:24:55,24543.65,24544.9,25,24545.35,200,0,5702675
NIFTY-II.NFO,30/10/2024,09:24:57,24543.65,24544.9,75,24545.35,200,75,5702675
NIFTY-II.NFO,30/10/2024,09:24:58,24541.15,24541,50,24543.35,200,500,5702675
NIFTY-II.NFO,30/10/2024,09:25:00,24540.95,24540,1550,24541.85,200,425,5702675
NIFTY-II.NFO,30/10/2024,09:25:02,24540,24535.05,350,24539.5,25,2225,5702675
NIFTY-II.NFO,30/10/2024,09:25:03,24535.05,24535.05,350,24539.45,75,75,5735400
NIFTY-II.NFO,30/10/2024,09:25:05,24534.95,24534.45,25,24534.95,75,150,5735400
NIFTY-II.NFO,30/10/2024,09:25:07,24534.45,24534,25,24534.95,175,75,5735400
NIFTY-II.NFO,30/10/2024,09:25:08,24534,24534,25,24535,50,425,5735400
NIFTY-II.NFO,30/10/2024,09:25:10,24534,24534.45,25,24535,50,50,5735400
NIFTY-II.NFO,30/10/2024,09:25:12,24535,24533,50,24535,25,175,5735400
NIFTY-II.NFO,30/10/2024,09:25:13,24535,24533,50,24534,1000,50,5735400
NIFTY-II.NFO,30/10/2024,09:25:15,24534.2,24535.15,25,24539.35,200,1250,5735400
NIFTY-II.NFO,30/10/2024,09:25:17,24539.95,24536.95,75,24539.95,25,25,5735400
NIFTY-II.NFO,30/10/2024,09:25:18,24537.5,24536.3,100,24539.95,25,550,5735400
NIFTY-II.NFO,30/10/2024,09:25:20,24539.95,24536.4,100,24539.95,25,50,5735400
NIFTY-II.NFO,30/10/2024,09:25:22,24536.4,24535.1,75,24538.85,100,25,5735400
NIFTY-II.NFO,30/10/2024,09:25:23,24537.85,24535.1,100,24537.35,75,75,5735400
NIFTY-II.NFO,30/10/2024,09:25:25,24536.35,24535.1,25,24537.35,500,100,5735400
NIFTY-II.NFO,30/10/2024,09:25:27,24535.05,24535,50,24536.95,25,275,5735400
NIFTY-II.NFO,30/10/2024,09:25:28,24536.35,24535.15,25,24535.2,25,100,5735400
NIFTY-II.NFO,30/10/2024,09:25:30,24535,24535,100,24535.1,75,225,5735400
NIFTY-II.NFO,30/10/2024,09:25:32,24535,24533.2,50,24535.1,575,175,5735400
NIFTY-II.NFO,30/10/2024,09:25:33,24535.05,24533.2,75,24535.05,275,75,5735400
NIFTY-II.NFO,30/10/2024,09:25:35,24535.05,24533.2,75,24535.05,600,100,5735400
NIFTY-II.NFO,30/10/2024,09:25:37,24530.85,24530.85,75,24535,200,925,5735400
NIFTY-II.NFO,30/10/2024,09:25:38,24534.95,24531,75,24535,525,75,5735400
NIFTY-II.NFO,30/10/2024,09:25:40,24530.2,24530.7,25,24534.95,300,175,5735400
NIFTY-II.NFO,30/10/2024,09:25:42,24534.85,24531,100,24534.85,75,250,5735400
NIFTY-II.NFO,30/10/2024,09:25:43,24531,24530.05,25,24531.2,25,275,5735400
NIFTY-II.NFO,30/10/2024,09:25:45,24535,24530.05,25,24531.35,200,2400,5735400
NIFTY-II.NFO,30/10/2024,09:25:47,24526.75,24526.5,50,24531.3,175,150,5735400
NIFTY-II.NFO,30/10/2024,09:25:48,24526.15,24526.35,150,24531.3,150,325,5735400
NIFTY-II.NFO,30/10/2024,09:25:50,24527.05,24526.65,100,24527.05,1175,1475,5735400
NIFTY-II.NFO,30/10/2024,09:25:52,24527,24529.1,100,24533.2,25,2125,5735400
NIFTY-II.NFO,30/10/2024,09:25:53,24528.15,24528,75,24533.35,100,225,5735400
NIFTY-II.NFO,30/10/2024,09:25:55,24532.3,24526.1,100,24529.65,100,275,5735400
NIFTY-II.NFO,30/10/2024,09:25:57,24526,24525.05,75,24530.3,75,325,5735400
NIFTY-II.NFO,30/10/2024,09:25:58,24529.95,24525,300,24530,25,275,5735400
NIFTY-II.NFO,30/10/2024,09:26:00,24525,24525.05,100,24529.8,50,150,5735400
NIFTY-II.NFO,30/10/2024,09:26:02,24526.15,24526.15,350,24529.8,125,200,5735400
NIFTY-II.NFO,30/10/2024,09:26:03,24526.95,24527,150,24529.8,25,1925,5735400
NIFTY-II.NFO,30/10/2024,09:26:05,24528.95,24528.15,50,24531.95,25,500,5735400
NIFTY-II.NFO,30/10/2024,09:26:07,24531.95,24529.8,100,24531.95,25,175,5735400
NIFTY-II.NFO,30/10/2024,09:26:08,24532.45,24529.95,250,24532.45,25,100,5735400
NIFTY-II.NFO,30/10/2024,09:26:10,24530.05,24530,25,24532.45,25,50,5735400
NIFTY-II.NFO,30/10/2024,09:26:12,24530.4,24530.35,75,24533.95,25,200,5735400
NIFTY-II.NFO,30/10/2024,09:26:13,24529.95,24530,150,24533.95,25,400,5735400
NIFTY-II.NFO,30/10/2024,09:26:15,24537.45,24533.05,375,24537.45,175,150,5735400
NIFTY-II.NFO,30/10/2024,09:26:17,24537.45,24532.55,100,24537.45,25,2300,5735400
NIFTY-II.NFO,30/10/2024,09:26:18,24532.6,24532.6,125,24536.95,25,300,5735400
NIFTY-II.NFO,30/10/2024,09:26:20,24536.45,24534,25,24535.95,200,275,5735400
NIFTY-II.NFO,30/10/2024,09:26:22,24536.45,24534.8,100,24536.45,25,525,5735400
NIFTY-II.NFO,30/10/2024,09:26:23,24534.8,24534.35,50,24536.45,25,50,5735400
NIFTY-II.NFO,30/10/2024,09:26:25,24538.45,24535.05,50,24537.95,100,175,5735400
NIFTY-II.NFO,30/10/2024,09:26:27,24539.95,24535.05,50,24536.45,200,225,5735400
NIFTY-II.NFO,30/10/2024,09:26:28,24534.45,24530.3,100,24532.95,150,325,5735400
NIFTY-II.NFO,30/10/2024,09:26:30,24531.9,24530,25,24531.9,25,200,5735400
NIFTY-II.NFO,30/10/2024,09:26:32,24528.95,24528,50,24531.45,150,175,5735400
NIFTY-II.NFO,30/10/2024,09:26:33,24530,24528.85,100,24531.45,50,300,5735400
NIFTY-II.NFO,30/10/2024,09:26:35,24538.25,24529.2,100,24531.45,25,1825,5735400
NIFTY-II.NFO,30/10/2024,09:26:37,24531.45,24529.45,25,24531.45,225,25,5735400
NIFTY-II.NFO,30/10/2024,09:26:38,24531.45,24529.85,350,24533.95,25,250,5735400
NIFTY-II.NFO,30/10/2024,09:26:40,24530,24528.85,100,24532.45,25,950,5735400
NIFTY-II.NFO,30/10/2024,09:26:42,24532.5,24528.6,25,24531.95,25,400,5735400
NIFTY-II.NFO,30/10/2024,09:26:43,24531.45,24531.45,200,24531.9,425,325,5735400
NIFTY-II.NFO,30/10/2024,09:26:45,24531.9,24531.9,25,24533.4,25,525,5735400
NIFTY-II.NFO,30/10/2024,09:26:47,24532.2,24533,100,24534.9,25,150,5735400
NIFTY-II.NFO,30/10/2024,09:26:48,24532.15,24532.9,25,24534.85,75,200,5735400
NIFTY-II.NFO,30/10/2024,09:26:50,24535,24533.3,25,24536.95,125,225,5735400
NIFTY-II.NFO,30/10/2024,09:26:52,24536.95,24533.75,25,24536.9,25,50,5735400
NIFTY-II.NFO,30/10/2024,09:26:53,24533.35,24533.3,100,24536.85,100,25,5735400
NIFTY-II.NFO,30/10/2024,09:26:55,24533.25,24531.45,25,24533.25,25,250,5735400
NIFTY-II.NFO,30/10/2024,09:26:57,24533.25,24531.45,25,24533.25,250,125,5735400
NIFTY-II.NFO,30/10/2024,09:26:58,24531.45,24531,25,24532.55,150,50,5735400
NIFTY-II.NFO,30/10/2024,09:27:00,24532.55,24531,25,24532.55,125,25,5735400
NIFTY-II.NFO,30/10/2024,09:27:02,24530.2,24530,300,24532.5,200,50,5735400
NIFTY-II.NFO,30/10/2024,09:27:03,24532.5,24532,25,24533.2,25,750,5735400
NIFTY-II.NFO,30/10/2024,09:27:05,24533.15,24532.6,50,24535.45,125,275,5735400
NIFTY-II.NFO,30/10/2024,09:27:07,24533.4,24533.6,25,24536.95,75,300,5735400
NIFTY-II.NFO,30/10/2024,09:27:08,24538,24536.1,75,24539.9,25,625,5735400
NIFTY-II.NFO,30/10/2024,09:27:10,24536.15,24536.15,100,24539.95,25,200,5735400
NIFTY-II.NFO,30/10/2024,09:27:12,24537.45,24537.45,25,24539.95,200,75,5735400
NIFTY-II.NFO,30/10/2024,09:27:13,24539.95,24536.9,100,24539.95,150,150,5735400
NIFTY-II.NFO,30/10/2024,09:27:15,24539.95,24537.25,25,24539.45,75,0,5735400
NIFTY-II.NFO,30/10/2024,09:27:17,24539.45,24537.2,100,24539.95,75,25,5735400
NIFTY-II.NFO,30/10/2024,09:27:18,24544.95,24537.4,100,24540,25,425,5735400
NIFTY-II.NFO,30/10/2024,09:27:20,24540,24539,100,24540.45,200,400,5735400
NIFTY-II.NFO,30/10/2024,09:27:21,24539,24536.95,25,24540.45,175,125,5735400
NIFTY-II.NFO,30/10/2024,09:27:23,24536.95,24535,50,24536.9,150,75,5735400
NIFTY-II.NFO,30/10/2024,09:27:25,24536.9,24534.85,25,24536.9,25,350,5735400
NIFTY-II.NFO,30/10/2024,09:27:26,24536.95,24537,25,24539.45,150,200,5735400
NIFTY-II.NFO,30/10/2024,09:27:28,24539.4,24539.1,350,24543.45,125,150,5735400
NIFTY-II.NFO,30/10/2024,09:27:30,24539.4,24539.1,375,24542.95,125,0,5735400
NIFTY-II.NFO,30/10/2024,09:27:31,24539.4,24539.55,50,24542.95,25,0,5735400
NIFTY-II.NFO,30/10/2024,09:27:33,24542.45,24540.75,25,24542.45,75,175,5735400
NIFTY-II.NFO,30/10/2024,09:27:35,24540.7,24540.85,25,24542.45,75,50,5735400
NIFTY-II.NFO,30/10/2024,09:27:37,24542.4,24541.8,25,24544.45,125,100,5735400
NIFTY-II.NFO,30/10/2024,09:27:38,24544.95,24542.05,25,24544.95,50,200,5735400
NIFTY-II.NFO,30/10/2024,09:27:40,24545.95,24542.7,25,24545.95,100,400,5735400
NIFTY-II.NFO,30/10/2024,09:27:42,24545.95,24543.05,25,24546.45,50,75,5735400
NIFTY-II.NFO,30/10/2024,09:27:43,24544.05,24543.6,25,24547.45,25,2725,5735400
NIFTY-II.NFO,30/10/2024,09:27:45,24548.95,24546.65,25,24549,125,450,5735400
NIFTY-II.NFO,30/10/2024,09:27:47,24547.25,24547.15,25,24549,125,325,5735400
NIFTY-II.NFO,30/10/2024,09:27:48,24547.35,24547.25,125,24549,75,950,5735400
NIFTY-II.NFO,30/10/2024,09:27:50,24548.15,24548.15,25,24549.45,75,1325,5735400
NIFTY-II.NFO,30/10/2024,09:27:52,24549.45,24547.65,150,24549.95,25,1250,5735400
NIFTY-II.NFO,30/10/2024,09:27:53,24547.6,24547.55,25,24549.45,150,975,5735400
NIFTY-II.NFO,30/10/2024,09:27:55,24547.65,24547.6,75,24547.85,25,825,5735400
NIFTY-II.NFO,30/10/2024,09:27:57,24547.3,24547.5,25,24547.85,200,375,5735400
NIFTY-II.NFO,30/10/2024,09:27:58,24546.45,24546,25,24546.1,25,1225,5735400
NIFTY-II.NFO,30/10/2024,09:28:00,24546.75,24546.15,25,24549.05,200,600,5735400
NIFTY-II.NFO,30/10/2024,09:28:02,24545.8,24544.75,25,24545.75,200,900,5735400
NIFTY-II.NFO,30/10/2024,09:28:03,24544.8,24544.8,25,24544.85,25,675,5735400
NIFTY-II.NFO,30/10/2024,09:28:05,24544.1,24544.25,75,24544.7,25,150,5758950
NIFTY-II.NFO,30/10/2024,09:28:07,24544.1,24544.1,300,24544.7,50,325,5758950
NIFTY-II.NFO,30/10/2024,09:28:08,24544.5,24544.4,25,24545.8,75,1400,5758950
NIFTY-II.NFO,30/10/2024,09:28:10,24544.6,24545.1,25,24547.05,175,500,5758950
NIFTY-II.NFO,30/10/2024,09:28:12,24545.5,24544.2,25,24545.5,100,275,5758950
NIFTY-II.NFO,30/10/2024,09:28:13,24546.55,24544.25,50,24546.55,150,750,5758950
NIFTY-II.NFO,30/10/2024,09:28:15,24545.05,24545.2,25,24548.05,150,375,5758950
NIFTY-II.NFO,30/10/2024,09:28:17,24547.25,24547.3,125,24550,150,575,5758950
NIFTY-II.NFO,30/10/2024,09:28:18,24549.95,24547.35,50,24549.9,25,525,5758950
NIFTY-II.NFO,30/10/2024,09:28:20,24549.9,24548.55,25,24551.05,200,725,5758950
NIFTY-II.NFO,30/10/2024,09:28:21,24549.9,24548.55,100,24551,25,0,5758950
NIFTY-II.NFO,30/10/2024,09:28:23,24548.55,24548.55,25,24550.05,200,650,5758950
NIFTY-II.NFO,30/10/2024,09:28:25,24544.1,24544.1,150,24545.05,100,1375,5758950
NIFTY-II.NFO,30/10/2024,09:28:26,24542.7,24542,25,24544.55,100,975,5758950
NIFTY-II.NFO,30/10/2024,09:28:28,24544.55,24543.3,75,24544.55,25,400,5758950
NIFTY-II.NFO,30/10/2024,09:28:30,24544.55,24543.3,75,24544.55,75,225,5758950
NIFTY-II.NFO,30/10/2024,09:28:31,24543.7,24543.65,150,24548,25,150,5758950
NIFTY-II.NFO,30/10/2024,09:28:33,24548.95,24548,25,24548.2,25,725,5758950
NIFTY-II.NFO,30/10/2024,09:28:35,24548.95,24548,50,24549.9,25,125,5758950
NIFTY-II.NFO,30/10/2024,09:28:36,24551,24548.25,25,24551.05,50,125,5758950
NIFTY-II.NFO,30/10/2024,09:28:38,24548.1,24548.2,25,24551.4,25,600,5758950
NIFTY-II.NFO,30/10/2024,09:28:40,24553.9,24548.5,100,24551.4,75,325,5758950
NIFTY-II.NFO,30/10/2024,09:28:41,24548.65,24548.65,100,24551.4,200,50,5758950
NIFTY-II.NFO,30/10/2024,09:28:43,24548.65,24546.45,25,24550.05,200,775,5758950
NIFTY-II.NFO,30/10/2024,09:28:45,24551.05,24548.2,25,24551.05,175,700,5758950
NIFTY-II.NFO,30/10/2024,09:28:46,24549.5,24547.35,350,24550.55,175,575,5758950
NIFTY-II.NFO,30/10/2024,09:28:48,24550.55,24548.2,125,24550.55,25,575,5758950
NIFTY-II.NFO,30/10/2024,09:28:50,24549.8,24548.15,25,24549.95,25,450,5758950
NIFTY-II.NFO,30/10/2024,09:28:51,24547.7,24548,75,24550.05,75,225,5758950
NIFTY-II.NFO,30/10/2024,09:28:53,24547.95,24547.95,50,24549.05,75,650,5758950
NIFTY-II.NFO,30/10/2024,09:28:55,24549.95,24547.9,50,24549.95,25,600,5758950
NIFTY-II.NFO,30/10/2024,09:28:56,24551,24550.55,350,24553.95,25,1050,5758950
NIFTY-II.NFO,30/10/2024,09:28:58,24550.35,24550.4,25,24551.55,200,700,5758950
NIFTY-II.NFO,30/10/2024,09:29:00,24548.65,24547.2,25,24550.55,100,225,5758950
NIFTY-II.NFO,30/10/2024,09:29:01,24550.5,24546.8,350,24549.55,75,400,5758950
NIFTY-II.NFO,30/10/2024,09:29:03,24548.55,24546.7,50,24548.05,200,825,5758950
NIFTY-II.NFO,30/10/2024,09:29:05,24545.95,24546.2,125,24548.05,150,175,5758950
NIFTY-II.NFO,30/10/2024,09:29:06,24546.25,24545.65,150,24548.05,75,450,5758950
NIFTY-II.NFO,30/10/2024,09:29:08,24548.05,24546.9,25,24549.5,25,650,5758950
NIFTY-II.NFO,30/10/2024,09:29:10,24549.5,24547.15,75,24550,100,300,5758950
NIFTY-II.NFO,30/10/2024,09:29:11,24550.45,24547.2,350,24550.45,25,275,5758950
NIFTY-II.NFO,30/10/2024,09:29:13,24546.7,24545.7,25,24546.7,200,1000,5758950
NIFTY-II.NFO,30/10/2024,09:29:15,24546.7,24545.05,25,24548.05,125,825,5758950
NIFTY-II.NFO,30/10/2024,09:29:16,24547.55,24546.7,50,24547.55,25,150,5758950
NIFTY-II.NFO,30/10/2024,09:29:18,24546.65,24545.05,25,24546.65,100,750,5758950
NIFTY-II.NFO,30/10/2024,09:29:19,24546.65,24546.65,25,24547.55,200,100,5758950
NIFTY-II.NFO,30/10/2024,09:29:21,24546.6,24546.3,25,24549.05,200,225,5758950
NIFTY-II.NFO,30/10/2024,09:29:23,24549.05,24546.6,25,24549.05,175,650,5758950
NIFTY-II.NFO,30/10/2024,09:29:24,24544.75,24544,75,24546.55,125,500,5758950
NIFTY-II.NFO,30/10/2024,09:29:26,24544,24543.3,75,24544.55,50,200,5758950
NIFTY-II.NFO,30/10/2024,09:29:28,24541,24540,1150,24541.45,25,725,5758950
NIFTY-II.NFO,30/10/2024,09:29:29,24540.2,24540,1075,24540.2,25,350,5758950
NIFTY-II.NFO,30/10/2024,09:29:31,24541,24541,50,24541.45,25,2350,5758950
NIFTY-II.NFO,30/10/2024,09:29:33,24541.8,24537.95,25,24540.45,25,1225,5758950
NIFTY-II.NFO,30/10/2024,09:29:34,24538.25,24537.95,25,24540.4,25,150,5758950
NIFTY-II.NFO,30/10/2024,09:29:36,24537.95,24536,350,24539.45,25,300,5758950
NIFTY-II.NFO,30/10/2024,09:29:38,24538.05,24534.9,25,24538.3,75,1350,5758950
NIFTY-II.NFO,30/10/2024,09:29:40,24537.65,24534.85,25,24538.1,50,150,5758950
NIFTY-II.NFO,30/10/2024,09:29:41,24534.75,24533.3,25,24536.55,200,225,5758950
NIFTY-II.NFO,30/10/2024,09:29:43,24535.75,24532.65,75,24536.55,50,825,5758950
NIFTY-II.NFO,30/10/2024,09:29:45,24532,24532,25,24533.65,50,425,5758950
NIFTY-II.NFO,30/10/2024,09:29:46,24534.05,24531.75,25,24533.65,100,575,5758950
NIFTY-II.NFO,30/10/2024,09:29:48,24533.6,24532,100,24533.6,50,525,5758950
NIFTY-II.NFO,30/10/2024,09:29:50,24533.6,24533.05,25,24533.6,250,275,5758950
NIFTY-II.NFO,30/10/2024,09:29:51,24532.05,24532.75,25,24533.5,100,650,5758950
NIFTY-II.NFO,30/10/2024,09:29:53,24533,24532.5,75,24533.4,75,675,5758950
NIFTY-II.NFO,30/10/2024,09:29:55,24533.2,24533.65,350,24539.85,25,325,5758950
NIFTY-II.NFO,30/10/2024,09:29:56,24533.2,24534.5,400,24539.85,150,0,5758950
NIFTY-II.NFO,30/10/2024,09:29:58,24534.3,24534.3,25,24539,175,725,5758950
NIFTY-II.NFO,30/10/2024,09:30:00,24540,24535.65,25,24540,275,1925,5758950
NIFTY-II.NFO,30/10/2024,09:30:01,24535.65,24534.95,25,24537.05,175,375,5758950
NIFTY-II.NFO,30/10/2024,09:30:03,24534.3,24535.75,25,24538.5,25,900,5758950
NIFTY-II.NFO,30/10/2024,09:30:05,24535.1,24534.95,50,24537.55,175,25,5758950
NIFTY-II.NFO,30/10/2024,09:30:06,24538.95,24535,75,24537.05,200,825,5758950
NIFTY-II.NFO,30/10/2024,09:30:08,24534.55,24531.85,25,24535,25,1025,5758950
NIFTY-II.NFO,30/10/2024,09:30:10,24531,24531,650,24534,25,525,5758950
NIFTY-II.NFO,30/10/2024,09:30:11,24531.75,24531.3,25,24535.05,175,550,5758950
NIFTY-II.NFO,30/10/2024,09:30:13,24531,24531.2,25,24533.55,150,675,5758950
NIFTY-II.NFO,30/10/2024,09:30:15,24531.35,24530.95,25,24533.05,200,1325,5758950
NIFTY-II.NFO,30/10/2024,09:30:16,24534.55,24532.1,250,24534.55,100,325,5758950
NIFTY-II.NFO,30/10/2024,09:30:18,24533.55,24531.2,100,24533.15,25,450,5758950
NIFTY-II.NFO,30/10/2024,09:30:20,24534.55,24533.55,25,24535.05,175,150,5758950
NIFTY-II.NFO,30/10/2024,09:30:21,24531.3,24532.75,25,24533.25,25,300,5758950
NIFTY-II.NFO,30/10/2024,09:30:23,24530,24530,400,24531.25,25,525,5758950
NIFTY-II.NFO,30/10/2024,09:30:25,24531.25,24530,125,24531.1,25,350,5758950
NIFTY-II.NFO,30/10/2024,09:30:26,24531.05,24529.45,675,24531.05,100,500,5758950
NIFTY-II.NFO,30/10/2024,09:30:28,24531,24529.45,375,24531.05,175,1050,5758950
NIFTY-II.NFO,30/10/2024,09:30:30,24531.05,24529.45,125,24531.05,125,500,5758950
NIFTY-II.NFO,30/10/2024,09:30:31,24530.5,24527.75,100,24531.05,100,475,5758950
NIFTY-II.NFO,30/10/2024,09:30:33,24531.05,24527.75,75,24529.45,25,625,5758950
NIFTY-II.NFO,30/10/2024,09:30:35,24528.1,24527.75,75,24528.1,25,200,5758950
NIFTY-II.NFO,30/10/2024,09:30:36,24525.25,24525,800,24525.2,300,650,5758950
NIFTY-II.NFO,30/10/2024,09:30:38,24525,24525,275,24525.1,125,1375,5758950
NIFTY-II.NFO,30/10/2024,09:30:40,24522.95,24522.1,250,24523.15,25,825,5758950
NIFTY-II.NFO,30/10/2024,09:30:41,24523.15,24522.5,25,24523.15,25,300,5758950
NIFTY-II.NFO,30/10/2024,09:30:43,24523.15,24522.95,25,24524.6,625,975,5758950
NIFTY-II.NFO,30/10/2024,09:30:45,24524,24524,75,24524.5,50,200,5758950
NIFTY-II.NFO,30/10/2024,09:30:46,24524,24523.2,25,24523.95,100,275,5758950
NIFTY-II.NFO,30/10/2024,09:30:48,24522.35,24522.45,25,24525.7,25,2100,5758950
NIFTY-II.NFO,30/10/2024,09:30:50,24522.05,24521,1075,24522.05,25,300,5758950
NIFTY-II.NFO,30/10/2024,09:30:51,24521.6,24522.05,25,24525.6,25,250,5758950
NIFTY-II.NFO,30/10/2024,09:30:53,24521,24521,1000,24524.85,125,800,5758950
NIFTY-II.NFO,30/10/2024,09:30:55,24524.85,24521.25,25,24522.45,25,125,5758950
NIFTY-II.NFO,30/10/2024,09:30:56,24521,24521.45,25,24522.45,125,450,5758950
NIFTY-II.NFO,30/10/2024,09:30:58,24521.1,24521.8,25,24522.45,150,825,5758950
NIFTY-II.NFO,30/10/2024,09:31:00,24522.4,24521,700,24522.4,75,125,5758950
NIFTY-II.NFO,30/10/2024,09:31:01,24520,24520,3125,24520.8,25,1525,5758950
NIFTY-II.NFO,30/10/2024,09:31:03,24520,24520,1275,24520.75,75,2700,5758950
NIFTY-II.NFO,30/10/2024,09:31:05,24517.35,24515.75,25,24516.55,25,14100,5798625
NIFTY-II.NFO,30/10/2024,09:31:05,24515,24515.75,25,24516.55,25,0,5798625
NIFTY-II.NFO,30/10/2024,09:31:06,24515.2,24515.15,25,24516.4,25,275,5798625
NIFTY-II.NFO,30/10/2024,09:31:08,24515,24515,8500,24515.5,50,6650,5798625
NIFTY-II.NFO,30/10/2024,09:31:10,24515,24515,7950,24515.1,50,750,5798625
NIFTY-II.NFO,30/10/2024,09:31:11,24515.05,24515,7775,24515.05,50,950,5798625
NIFTY-II.NFO,30/10/2024,09:31:13,24515,24515,6800,24515.1,25,1475,5798625
NIFTY-II.NFO,30/10/2024,09:31:15,24515,24515,6375,24515.15,50,700,5798625
NIFTY-II.NFO,30/10/2024,09:31:16,24515.1,24515.05,175,24515.15,250,175,5798625
NIFTY-II.NFO,30/10/2024,09:31:18,24515,24515,6100,24515.15,225,1200,5798625
NIFTY-II.NFO,30/10/2024,09:31:20,24517.95,24515,4725,24518,100,2275,5798625
NIFTY-II.NFO,30/10/2024,09:31:21,24515.2,24515.15,75,24517.95,75,200,5798625
NIFTY-II.NFO,30/10/2024,09:31:23,24517.95,24515.25,25,24517.95,275,525,5798625
NIFTY-II.NFO,30/10/2024,09:31:25,24515,24515,4575,24517,75,625,5798625
NIFTY-II.NFO,30/10/2024,09:31:26,24516.7,24515.05,50,24516.9,50,250,5798625
NIFTY-II.NFO,30/10/2024,09:31:28,24516.9,24515,4550,24516.9,300,700,5798625
NIFTY-II.NFO,30/10/2024,09:31:30,24515.5,24515.65,25,24516.85,50,300,5798625
NIFTY-II.NFO,30/10/2024,09:31:31,24521.1,24517.05,25,24520.5,50,775,5798625
NIFTY-II.NFO,30/10/2024,09:31:33,24517.05,24517,25,24518,25,500,5798625
NIFTY-II.NFO,30/10/2024,09:31:35,24520.55,24517.05,25,24520.4,100,250,5798625
NIFTY-II.NFO,30/10/2024,09:31:36,24517,24516.7,25,24517,25,200,5798625
NIFTY-II.NFO,30/10/2024,09:31:38,24517.35,24516.7,50,24517.3,25,775,5798625
NIFTY-II.NFO,30/10/2024,09:31:40,24515.05,24515.05,75,24517.95,100,450,5798625
NIFTY-II.NFO,30/10/2024,09:31:41,24516.65,24515.6,50,24516.7,125,150,5798625
NIFTY-II.NFO,30/10/2024,09:31:43,24517.9,24515.95,50,24517.95,100,675,5798625
NIFTY-II.NFO,30/10/2024,09:31:45,24517.95,24516.8,75,24517.9,150,150,5798625
NIFTY-II.NFO,30/10/2024,09:31:46,24517.95,24517.7,250,24519.9,25,950,5798625
NIFTY-II.NFO,30/10/2024,09:31:48,24519.9,24517.55,500,24519.9,225,800,5798625
NIFTY-II.NFO,30/10/2024,09:31:50,24518.15,24518.3,175,24519.85,100,275,5798625
NIFTY-II.NFO,30/10/2024,09:31:51,24519.8,24519,175,24519.75,50,125,5798625
NIFTY-II.NFO,30/10/2024,09:31:53,24518.9,24518.9,25,24519.95,25,1375,5798625
NIFTY-II.NFO,30/10/2024,09:31:55,24518.9,24519.15,125,24519.95,100,0,5798625
NIFTY-II.NFO,30/10/2024,09:31:56,24520,24519.4,25,24520.95,25,1400,5798625
NIFTY-II.NFO,30/10/2024,09:31:58,24520.9,24520,100,24520.9,25,825,5798625
NIFTY-II.NFO,30/10/2024,09:32:00,24524.75,24520.1,100,24523.3,25,275,5798625
NIFTY-II.NFO,30/10/2024,09:32:01,24523.25,24520.1,100,24523.3,25,275,5798625
NIFTY-II.NFO,30/10/2024,09:32:03,24523.3,24521.4,100,24524.8,25,575,5798625
NIFTY-II.NFO,30/10/2024,09:32:05,24524.85,24524.2,600,24524.85,350,1050,5798625
NIFTY-II.NFO,30/10/2024,09:32:06,24524.85,24524.25,100,24524.85,300,250,5798625
NIFTY-II.NFO,30/10/2024,09:32:08,24525.25,24524.95,100,24529.25,75,1450,5798625
NIFTY-II.NFO,30/10/2024,09:32:10,24529.25,24525,100,24529.95,25,200,5798625
NIFTY-II.NFO,30/10/2024,09:32:11,24525.25,24524.85,100,24529.9,25,50,5798625
NIFTY-II.NFO,30/10/2024,09:32:13,24524.85,24525.05,25,24528.4,25,600,5798625
NIFTY-II.NFO,30/10/2024,09:32:15,24524.85,24525.25,100,24527.65,100,0,5798625
NIFTY-II.NFO,30/10/2024,09:32:16,24524.05,24521.1,25,24524.05,125,675,5798625
NIFTY-II.NFO,30/10/2024,09:32:18,24525.2,24520.7,25,24524.05,25,1325,5798625
NIFTY-II.NFO,30/10/2024,09:32:20,24527.55,24520.15,350,24524.05,225,1300,5798625
NIFTY-II.NFO,30/10/2024,09:32:21,24527.55,24520.15,50,24522.05,200,0,5798625
NIFTY-II.NFO,30/10/2024,09:32:23,24522.55,24520.15,50,24522.55,75,425,5798625
NIFTY-II.NFO,30/10/2024,09:32:25,24522.55,24520.15,50,24522.5,25,1075,5798625
NIFTY-II.NFO,30/10/2024,09:32:26,24522.5,24520.15,50,24522.45,25,225,5798625
NIFTY-II.NFO,30/10/2024,09:32:28,24522.5,24522,25,24522.45,75,300,5798625
NIFTY-II.NFO,30/10/2024,09:32:30,24522.4,24522.05,50,24522.4,50,275,5798625
NIFTY-II.NFO,30/10/2024,09:32:31,24522.05,24522.05,75,24522.4,175,50,5798625
NIFTY-II.NFO,30/10/2024,09:32:33,24520,24522.05,50,24522.4,150,550,5798625
NIFTY-II.NFO,30/10/2024,09:32:35,24522,24520.05,100,24521.55,200,200,5798625
NIFTY-II.NFO,30/10/2024,09:32:36,24521.05,24520,700,24520.55,175,350,5798625
NIFTY-II.NFO,30/10/2024,09:32:38,24518,24518,475,24520.55,50,1250,5798625
NIFTY-II.NFO,30/10/2024,09:32:40,24516.35,24515.35,350,24518.55,150,750,5798625
NIFTY-II.NFO,30/10/2024,09:32:41,24519.05,24515.15,350,24519.5,25,275,5798625
NIFTY-II.NFO,30/10/2024,09:32:43,24515.15,24515.2,100,24518,25,575,5798625
NIFTY-II.NFO,30/10/2024,09:32:45,24518,24516,25,24518.05,125,100,5798625
NIFTY-II.NFO,30/10/2024,09:32:46,24516.05,24516.1,75,24519.5,25,200,5798625
NIFTY-II.NFO,30/10/2024,09:32:48,24519.4,24518,25,24519.4,50,700,5798625
NIFTY-II.NFO,30/10/2024,09:32:50,24519.05,24515.25,25,24519.05,100,350,5798625
NIFTY-II.NFO,30/10/2024,09:32:51,24515.35,24515.25,25,24518.55,75,125,5798625
NIFTY-II.NFO,30/10/2024,09:32:53,24515,24515.25,25,24518.55,125,850,5798625
NIFTY-II.NFO,30/10/2024,09:32:55,24515,24515.25,25,24517.05,50,175,5798625
NIFTY-II.NFO,30/10/2024,09:32:56,24515,24515,5300,24515.2,100,100,5798625
NIFTY-II.NFO,30/10/2024,09:32:58,24517.05,24515,5300,24516.2,50,925,5798625
NIFTY-II.NFO,30/10/2024,09:33:00,24516.2,24515,5300,24516.2,225,175,5798625
NIFTY-II.NFO,30/10/2024,09:33:01,24516.2,24515,5300,24516.2,200,350,5798625
NIFTY-II.NFO,30/10/2024,09:33:03,24516,24515,5300,24516.2,175,450,5798625
NIFTY-II.NFO,30/10/2024,09:33:05,24516.2,24516.7,125,24518,150,475,5798625
NIFTY-II.NFO,30/10/2024,09:33:06,24516.7,24516.35,125,24518,200,200,5798625
NIFTY-II.NFO,30/10/2024,09:33:08,24518,24516.35,50,24519,50,1075,5798625
NIFTY-II.NFO,30/10/2024,09:33:10,24515.1,24515,5625,24517.05,100,600,5798625
NIFTY-II.NFO,30/10/2024,09:33:11,24517.05,24517.05,50,24518.4,25,150,5798625
NIFTY-II.NFO,30/10/2024,09:33:13,24517.05,24517.1,25,24518.35,100,350,5798625
NIFTY-II.NFO,30/10/2024,09:33:15,24517.05,24517.1,75,24518.2,50,0,5798625
NIFTY-II.NFO,30/10/2024,09:33:16,24517.1,24517.1,50,24517.55,50,125,5798625
NIFTY-II.NFO,30/10/2024,09:33:18,24517.55,24517.05,50,24517.55,125,875,5798625
NIFTY-II.NFO,30/10/2024,09:33:20,24517,24516.2,25,24517.55,225,200,5798625
NIFTY-II.NFO,30/10/2024,09:33:21,24515,24515,5450,24517.05,125,450,5798625
NIFTY-II.NFO,30/10/2024,09:33:23,24515,24515,4700,24516.85,50,1575,5798625
NIFTY-II.NFO,30/10/2024,09:33:25,24515,24515,1675,24516.25,50,3075,5798625
NIFTY-II.NFO,30/10/2024,09:33:26,24512.85,24512.3,25,24512.55,125,2425,5798625
NIFTY-II.NFO,30/10/2024,09:33:26,24512.85,24512.3,25,24512.55,125,0,5798625
NIFTY-II.NFO,30/10/2024,09:33:28,24512,24512,150,24512.5,25,1400,5798625
NIFTY-II.NFO,30/10/2024,09:33:28,24512,24512,150,24512.5,25,0,5798625
NIFTY-II.NFO,30/10/2024,09:33:30,24505,24505,175,24505.45,25,4050,5798625
NIFTY-II.NFO,30/10/2024,09:33:30,24505,24505,175,24505.45,25,0,5798625
NIFTY-II.NFO,30/10/2024,09:33:31,24508.95,24504.25,100,24509.95,25,925,5798625
NIFTY-II.NFO,30/10/2024,09:33:31,24504.15,24504.25,100,24509.95,25,0,5798625
NIFTY-II.NFO,30/10/2024,09:33:33,24509.85,24505.4,425,24509.9,25,625,5798625
NIFTY-II.NFO,30/10/2024,09:33:35,24506.15,24506,1025,24509.9,250,700,5798625
NIFTY-II.NFO,30/10/2024,09:33:36,24506.45,24507.55,250,24509.85,25,425,5798625
NIFTY-II.NFO,30/10/2024,09:33:38,24510,24509.9,25,24510,25,1175,5798625
NIFTY-II.NFO,30/10/2024,09:33:40,24509.95,24509.95,25,24510,200,450,5798625
NIFTY-II.NFO,30/10/2024,09:33:41,24509.95,24510.35,25,24514.9,25,675,5798625
NIFTY-II.NFO,30/10/2024,09:33:43,24509.9,24509.45,250,24513.95,25,625,5798625
NIFTY-II.NFO,30/10/2024,09:33:45,24513.95,24509.7,25,24513.9,25,375,5798625
NIFTY-II.NFO,30/10/2024,09:33:46,24510,24509.95,25,24513.85,25,325,5798625
NIFTY-II.NFO,30/10/2024,09:33:48,24515,24509.95,25,24513.75,50,1825,5798625
NIFTY-II.NFO,30/10/2024,09:33:50,24513.75,24510.95,25,24513.7,25,550,5798625
NIFTY-II.NFO,30/10/2024,09:33:51,24510.35,24510.15,100,24511.05,25,400,5798625
NIFTY-II.NFO,30/10/2024,09:33:53,24511.05,24510.35,25,24511.95,25,700,5798625
NIFTY-II.NFO,30/10/2024,09:33:55,24510.35,24510.2,25,24513.75,25,650,5798625
NIFTY-II.NFO,30/10/2024,09:33:56,24511.25,24510.3,25,24511.2,25,225,5798625
NIFTY-II.NFO,30/10/2024,09:33:58,24510.65,24510.65,450,24511.15,25,600,5798625
NIFTY-II.NFO,30/10/2024,09:34:00,24510.55,24510,425,24510.55,100,1075,5798625
NIFTY-II.NFO,30/10/2024,09:34:01,24507.95,24507.6,50,24507.95,75,700,5798625
NIFTY-II.NFO,30/10/2024,09:34:03,24507.95,24506,250,24508.5,25,1725,5798625
NIFTY-II.NFO,30/10/2024,09:34:05,24506,24506,50,24507.4,25,250,5838050
NIFTY-II.NFO,30/10/2024,09:34:06,24503.55,24503.2,25,24503.55,100,1575,5838050
NIFTY-II.NFO,30/10/2024,09:34:06,24503.2,24503.2,25,24503.55,100,0,5838050
NIFTY-II.NFO,30/10/2024,09:34:08,24502.1,24502.1,100,24503.45,25,625,5838050
NIFTY-II.NFO,30/10/2024,09:34:08,24502.1,24502.1,100,24503.45,25,0,5838050
NIFTY-II.NFO,30/10/2024,09:34:10,24502.95,24502.5,300,24503.45,225,600,5838050
NIFTY-II.NFO,30/10/2024,09:34:10,24502,24502.5,300,24503.45,225,0,5838050
NIFTY-II.NFO,30/10/2024,09:34:11,24502.95,24502.9,25,24505,225,625,5838050
NIFTY-II.NFO,30/10/2024,09:34:13,24510.15,24509.65,75,24510.95,25,725,5838050
NIFTY-II.NFO,30/10/2024,09:34:15,24512.5,24511.75,100,24514.95,50,275,5838050
NIFTY-II.NFO,30/10/2024,09:34:17,24511.25,24511.35,100,24514.95,100,200,5838050
NIFTY-II.NFO,30/10/2024,09:34:18,24511.75,24511.25,25,24514.95,50,700,5838050
NIFTY-II.NFO,30/10/2024,09:34:20,24511.75,24512.2,25,24514.95,50,0,5838050
NIFTY-II.NFO,30/10/2024,09:34:21,24515,24511.6,25,24515,150,75,5838050
NIFTY-II.NFO,30/10/2024,09:34:23,24511,24510.9,25,24515,150,675,5838050
NIFTY-II.NFO,30/10/2024,09:34:25,24514.5,24513.65,25,24516,25,275,5838050
NIFTY-II.NFO,30/10/2024,09:34:26,24515,24515,100,24516,50,175,5838050
NIFTY-II.NFO,30/10/2024,09:34:28,24515,24515.25,25,24516,50,375,5838050
NIFTY-II.NFO,30/10/2024,09:34:30,24516,24515.5,25,24516,50,425,5838050
NIFTY-II.NFO,30/10/2024,09:34:31,24516,24517.05,125,24519.95,25,250,5838050
NIFTY-II.NFO,30/10/2024,09:34:33,24519.95,24516.95,75,24520,150,550,5838050
NIFTY-II.NFO,30/10/2024,09:34:35,24516.85,24516.8,25,24520,25,175,5838050
NIFTY-II.NFO,30/10/2024,09:34:36,24520,24517.6,100,24520,25,25,5838050
NIFTY-II.NFO,30/10/2024,09:34:38,24525.75,24519.15,100,24525.8,100,2475,5838050
NIFTY-II.NFO,30/10/2024,09:34:40,24524.85,24519.1,350,24524.9,25,100,5838050
NIFTY-II.NFO,30/10/2024,09:34:41,24521.15,24516.85,25,24521.15,175,950,5838050
NIFTY-II.NFO,30/10/2024,09:34:43,24520.65,24516.45,100,24520.65,100,900,5838050
NIFTY-II.NFO,30/10/2024,09:34:45,24518.2,24518.15,25,24521.65,100,150,5838050
NIFTY-II.NFO,30/10/2024,09:34:46,24517.45,24520.7,25,24523.5,25,200,5838050
NIFTY-II.NFO,30/10/2024,09:34:48,24524.15,24520.65,25,24523.55,50,650,5838050
NIFTY-II.NFO,30/10/2024,09:34:50,24517.3,24517.3,25,24520.6,150,225,5838050
NIFTY-II.NFO,30/10/2024,09:34:51,24520.6,24517.45,25,24519.15,50,75,5838050
NIFTY-II.NFO,30/10/2024,09:34:53,24515,24512.5,50,24514.95,125,1225,5838050
NIFTY-II.NFO,30/10/2024,09:34:55,24514.95,24512.5,50,24514.95,125,75,5838050
NIFTY-II.NFO,30/10/2024,09:34:56,24512.5,24512.7,25,24514.9,25,225,5838050
NIFTY-II.NFO,30/10/2024,09:34:58,24514.9,24513.8,175,24514.9,125,775,5838050
NIFTY-II.NFO,30/10/2024,09:35:00,24514.9,24513.75,25,24514.9,125,250,5838050
NIFTY-II.NFO,30/10/2024,09:35:01,24515.05,24515.1,100,24519.95,25,300,5838050
NIFTY-II.NFO,30/10/2024,09:35:03,24519.95,24517.15,25,24519.95,50,725,5838050
NIFTY-II.NFO,30/10/2024,09:35:05,24520,24517.9,150,24520.6,250,75,5838050
NIFTY-II.NFO,30/10/2024,09:35:06,24519.95,24519.95,75,24520.55,25,200,5838050
NIFTY-II.NFO,30/10/2024,09:35:08,24520.7,24520.7,100,24522,25,725,5838050
NIFTY-II.NFO,30/10/2024,09:35:10,24520.15,24519.95,125,24521.95,25,475,5838050
NIFTY-II.NFO,30/10/2024,09:35:11,24521.95,24520.55,125,24521.95,50,100,5838050
NIFTY-II.NFO,30/10/2024,09:35:13,24522.1,24521.2,50,24524.9,50,525,5838050
NIFTY-II.NFO,30/10/2024,09:35:15,24522.3,24522.1,125,24524.85,25,125,5838050
NIFTY-II.NFO,30/10/2024,09:35:16,24522.8,24523,100,24524.85,200,150,5838050
NIFTY-II.NFO,30/10/2024,09:35:18,24524.85,24523.7,25,24524.85,75,550,5838050
NIFTY-II.NFO,30/10/2024,09:35:20,24524.85,24523.7,25,24524.85,250,25,5838050
NIFTY-II.NFO,30/10/2024,09:35:21,24521.15,24520.7,125,24523.7,250,500,5838050
NIFTY-II.NFO,30/10/2024,09:35:23,24524.9,24522.4,100,24524.9,25,1075,5838050
NIFTY-II.NFO,30/10/2024,09:35:25,24524.9,24523.9,100,24524.9,100,25,5838050
NIFTY-II.NFO,30/10/2024,09:35:26,24524.9,24524.85,50,24524.9,100,125,5838050
NIFTY-II.NFO,30/10/2024,09:35:28,24525,24524.9,25,24524.95,25,725,5838050
NIFTY-II.NFO,30/10/2024,09:35:30,24525,24524.95,25,24527,25,400,5838050
NIFTY-II.NFO,30/10/2024,09:35:31,24527,24524.95,50,24527,25,50,5838050
NIFTY-II.NFO,30/10/2024,09:35:33,24524.85,24523,100,24524.8,150,475,5838050
NIFTY-II.NFO,30/10/2024,09:35:35,24521.2,24521.2,25,24524.8,200,275,5838050
NIFTY-II.NFO,30/10/2024,09:35:36,24524.75,24521.2,25,24524.75,75,175,5838050
NIFTY-II.NFO,30/10/2024,09:35:38,24524,24521.2,50,24524.1,100,475,5838050
NIFTY-II.NFO,30/10/2024,09:35:40,24521.2,24521.25,25,24524.15,75,100,5838050
NIFTY-II.NFO,30/10/2024,09:35:41,24524.8,24521.7,25,24524.8,125,325,5838050
NIFTY-II.NFO,30/10/2024,09:35:43,24524.75,24524,375,24527.55,250,575,5838050
NIFTY-II.NFO,30/10/2024,09:35:45,24524,24524,25,24527.1,100,50,5838050
NIFTY-II.NFO,30/10/2024,09:35:46,24524,24524,50,24526,25,100,5838050
NIFTY-II.NFO,30/10/2024,09:35:48,24523.3,24524.35,125,24526,75,450,5838050
NIFTY-II.NFO,30/10/2024,09:35:50,24526,24526.1,25,24527.55,225,375,5838050
NIFTY-II.NFO,30/10/2024,09:35:51,24528.2,24527.35,25,24531.6,25,675,5838050
NIFTY-II.NFO,30/10/2024,09:35:53,24526,24524,50,24525.9,75,525,5838050
NIFTY-II.NFO,30/10/2024,09:35:55,24525.95,24524.75,25,24526.25,25,475,5838050
NIFTY-II.NFO,30/10/2024,09:35:56,24528.2,24525.95,25,24526.2,25,225,5838050
NIFTY-II.NFO,30/10/2024,09:35:58,24528.2,24525.95,75,24526.2,50,400,5838050
NIFTY-II.NFO,30/10/2024,09:36:00,24525.95,24525.95,50,24526.2,100,125,5838050
NIFTY-II.NFO,30/10/2024,09:36:01,24525.95,24525.95,50,24526.2,100,25,5838050
NIFTY-II.NFO,30/10/2024,09:36:03,24526.2,24525.95,75,24526,50,475,5838050
NIFTY-II.NFO,30/10/2024,09:36:05,24526.25,24526.55,250,24528.15,25,200,5838050
NIFTY-II.NFO,30/10/2024,09:36:06,24528.3,24528.2,75,24530.65,25,275,5838050
NIFTY-II.NFO,30/10/2024,09:36:08,24530.8,24530.8,25,24531.95,25,450,5838050
NIFTY-II.NFO,30/10/2024,09:36:10,24531.95,24530.8,50,24531.95,25,125,5838050
NIFTY-II.NFO,30/10/2024,09:36:11,24530.75,24528.3,25,24530.75,100,75,5838050
NIFTY-II.NFO,30/10/2024,09:36:13,24526.3,24526.25,25,24529.65,200,625,5838050
NIFTY-II.NFO,30/10/2024,09:36:15,24524.75,24521.05,350,24524.35,25,400,5838050
NIFTY-II.NFO,30/10/2024,09:36:16,24524.45,24521,375,24525.9,25,200,5838050
NIFTY-II.NFO,30/10/2024,09:36:18,24525.9,24523.35,125,24525.9,25,375,5838050
NIFTY-II.NFO,30/10/2024,09:36:20,24525.9,24524.05,25,24525.9,50,100,5838050
NIFTY-II.NFO,30/10/2024,09:36:21,24526.2,24525.9,75,24526.15,25,300,5838050
NIFTY-II.NFO,30/10/2024,09:36:23,24525.9,24525.9,50,24526.15,50,175,5838050
NIFTY-II.NFO,30/10/2024,09:36:25,24525.9,24525.9,50,24526.15,50,100,5838050
NIFTY-II.NFO,30/10/2024,09:36:26,24526.1,24525.9,25,24526.15,25,600,5838050
NIFTY-II.NFO,30/10/2024,09:36:28,24523.1,24525.9,25,24526.15,25,225,5838050
NIFTY-II.NFO,30/10/2024,09:36:30,24526.15,24526.15,175,24528,100,550,5838050
NIFTY-II.NFO,30/10/2024,09:36:31,24526.15,24526.15,125,24527.6,25,325,5838050
NIFTY-II.NFO,30/10/2024,09:36:33,24525,24526.1,25,24526.2,50,350,5838050
NIFTY-II.NFO,30/10/2024,09:36:35,24525,24525,125,24526.2,225,275,5838050
NIFTY-II.NFO,30/10/2024,09:36:36,24520.95,24520.65,25,24520.95,275,550,5838050
NIFTY-II.NFO,30/10/2024,09:36:38,24520.95,24520.65,75,24520.85,25,425,5838050
NIFTY-II.NFO,30/10/2024,09:36:40,24520.15,24520,275,24520.1,150,125,5838050
NIFTY-II.NFO,30/10/2024,09:36:41,24520.05,24520,300,24520.05,100,500,5838050
NIFTY-II.NFO,30/10/2024,09:36:43,24520,24520,275,24520.05,275,175,5838050
NIFTY-II.NFO,30/10/2024,09:36:45,24520.05,24520.05,175,24520.1,150,500,5838050
NIFTY-II.NFO,30/10/2024,09:36:46,24520.1,24520.05,25,24520.65,150,675,5838050
NIFTY-II.NFO,30/10/2024,09:36:48,24523.45,24521.5,75,24525,25,500,5838050
NIFTY-II.NFO,30/10/2024,09:36:50,24522.1,24522.4,25,24524.95,25,125,5838050
NIFTY-II.NFO,30/10/2024,09:36:51,24522.1,24524.05,125,24524.95,50,325,5838050
NIFTY-II.NFO,30/10/2024,09:36:53,24522.1,24522.2,125,24524.05,25,0,5838050
NIFTY-II.NFO,30/10/2024,09:36:55,24521.15,24521.15,350,24525.9,50,325,5838050
NIFTY-II.NFO,30/10/2024,09:36:56,24522.1,24521.7,100,24523.35,25,625,5838050
NIFTY-II.NFO,30/10/2024,09:36:58,24523.35,24521.9,125,24523.35,25,200,5838050
NIFTY-II.NFO,30/10/2024,09:37:00,24523.35,24521.25,50,24523.4,150,4550,5838050
NIFTY-II.NFO,30/10/2024,09:37:01,24522.2,24521.25,50,24522.2,25,600,5838050
NIFTY-II.NFO,30/10/2024,09:37:03,24521.2,24522.1,450,24523.4,100,325,5838050
NIFTY-II.NFO,30/10/2024,09:37:05,24522.1,24522.1,325,24523.15,175,375,5838050
NIFTY-II.NFO,30/10/2024,09:37:06,24522.2,24522.2,75,24523.15,125,725,5860950
NIFTY-II.NFO,30/10/2024,09:37:08,24522.2,24522.1,100,24523.15,25,125,5860950
NIFTY-II.NFO,30/10/2024,09:37:10,24523.15,24522.1,100,24525,50,250,5860950
NIFTY-II.NFO,30/10/2024,09:37:11,24523.15,24524,25,24525,75,375,5860950
NIFTY-II.NFO,30/10/2024,09:37:13,24523.15,24524,75,24525,75,0,5860950
NIFTY-II.NFO,30/10/2024,09:37:15,24523.15,24524.15,250,24525,75,100,5860950
NIFTY-II.NFO,30/10/2024,09:37:16,24528,24524.15,375,24525,25,875,5860950
NIFTY-II.NFO,30/10/2024,09:37:18,24528,24523.15,25,24524.95,25,125,5860950
NIFTY-II.NFO,30/10/2024,09:37:19,24528,24523.4,250,24524.5,25,0,5860950
NIFTY-II.NFO,30/10/2024,09:37:21,24524.5,24528.5,200,24529,25,2775,5860950
NIFTY-II.NFO,30/10/2024,09:37:23,24526.95,24526.9,250,24528.95,225,275,5860950
NIFTY-II.NFO,30/10/2024,09:37:24,24528.5,24528.75,250,24528.9,200,300,5860950
NIFTY-II.NFO,30/10/2024,09:37:26,24530,24528.25,250,24529.95,25,1700,5860950
NIFTY-II.NFO,30/10/2024,09:37:28,24529.95,24527.55,125,24530,75,50,5860950
NIFTY-II.NFO,30/10/2024,09:37:29,24530,24528.5,250,24530,75,25,5860950
NIFTY-II.NFO,30/10/2024,09:37:31,24530,24527.85,250,24530,75,825,5860950
NIFTY-II.NFO,30/10/2024,09:37:33,24530,24528.6,175,24530,75,0,5860950
NIFTY-II.NFO,30/10/2024,09:37:34,24528.75,24529.05,250,24529.95,25,300,5860950
NIFTY-II.NFO,30/10/2024,09:37:36,24527.75,24528.25,250,24529.95,25,400,5860950
NIFTY-II.NFO,30/10/2024,09:37:38,24526.55,24526.55,350,24529.95,25,175,5860950
NIFTY-II.NFO,30/10/2024,09:37:39,24526.55,24526.55,350,24529.95,25,25,5860950
NIFTY-II.NFO,30/10/2024,09:37:41,24527.4,24527.35,50,24529.95,25,150,5860950
NIFTY-II.NFO,30/10/2024,09:37:43,24529.95,24529.55,250,24529.95,225,225,5860950
NIFTY-II.NFO,30/10/2024,09:37:44,24536,24536.9,225,24539,50,900,5860950
NIFTY-II.NFO,30/10/2024,09:37:46,24539,24536.3,250,24539,150,50,5860950
NIFTY-II.NFO,30/10/2024,09:37:48,24537.05,24536.8,250,24539,150,25,5860950
NIFTY-II.NFO,30/10/2024,09:37:49,24539.65,24537.75,50,24539.65,50,1475,5860950
NIFTY-II.NFO,30/10/2024,09:37:51,24539.65,24537.95,125,24539.65,25,50,5860950
NIFTY-II.NFO,30/10/2024,09:37:53,24544.95,24540.35,350,24544.45,75,575,5860950
NIFTY-II.NFO,30/10/2024,09:37:54,24543.9,24540.3,50,24544,100,150,5860950
NIFTY-II.NFO,30/10/2024,09:37:56,24537.65,24539.65,50,24541.5,100,175,5860950
NIFTY-II.NFO,30/10/2024,09:37:58,24539.6,24537.05,50,24539.6,75,250,5860950
NIFTY-II.NFO,30/10/2024,09:37:59,24539.6,24538.35,250,24539.6,25,75,5860950
NIFTY-II.NFO,30/10/2024,09:38:01,24537.9,24537.05,50,24539.6,25,125,5860950
NIFTY-II.NFO,30/10/2024,09:38:03,24537.05,24537,100,24537.05,100,75,5860950
NIFTY-II.NFO,30/10/2024,09:38:04,24536.95,24535.2,75,24537.05,250,425,5860950
NIFTY-II.NFO,30/10/2024,09:38:06,24540.3,24536.3,350,24540.3,25,1375,5860950
NIFTY-II.NFO,30/10/2024,09:38:08,24540.3,24539.6,25,24540.3,75,150,5860950
NIFTY-II.NFO,30/10/2024,09:38:09,24544.95,24542.05,225,24544.95,100,175,5860950
NIFTY-II.NFO,30/10/2024,09:38:11,24541.6,24540.85,50,24544.95,25,500,5860950
NIFTY-II.NFO,30/10/2024,09:38:13,24546.95,24541.9,250,24546.95,25,125,5860950
NIFTY-II.NFO,30/10/2024,09:38:14,24547,24544.95,25,24547.95,75,50,5860950
NIFTY-II.NFO,30/10/2024,09:38:16,24549,24545.05,350,24549.65,100,125,5860950
NIFTY-II.NFO,30/10/2024,09:38:18,24548.1,24548.05,25,24549.4,50,175,5860950
NIFTY-II.NFO,30/10/2024,09:38:19,24546.85,24541.35,125,24544.85,25,550,5860950
NIFTY-II.NFO,30/10/2024,09:38:21,24550,24543.05,50,24549.95,25,1100,5860950
NIFTY-II.NFO,30/10/2024,09:38:23,24550,24544.7,350,24550,625,350,5860950
NIFTY-II.NFO,30/10/2024,09:38:24,24549.95,24544.7,25,24547.95,25,125,5860950
NIFTY-II.NFO,30/10/2024,09:38:26,24544.7,24542.35,50,24549.95,50,725,5860950
NIFTY-II.NFO,30/10/2024,09:38:28,24547.5,24540.35,50,24547.7,25,300,5860950
NIFTY-II.NFO,30/10/2024,09:38:29,24547.7,24542,25,24545.95,25,375,5860950
NIFTY-II.NFO,30/10/2024,09:38:31,24546.9,24542.7,25,24546.9,25,750,5860950
NIFTY-II.NFO,30/10/2024,09:38:33,24546.35,24544,25,24546.35,100,225,5860950
NIFTY-II.NFO,30/10/2024,09:38:34,24546.35,24541.95,50,24546.95,25,325,5860950
NIFTY-II.NFO,30/10/2024,09:38:36,24550,24549.95,25,24550,450,400,5860950
NIFTY-II.NFO,30/10/2024,09:38:38,24550,24545.05,50,24550,475,275,5860950
NIFTY-II.NFO,30/10/2024,09:38:39,24544.3,24544.3,25,24549.95,25,450,5860950
NIFTY-II.NFO,30/10/2024,09:38:41,24549.9,24543.35,50,24549.95,25,400,5860950
NIFTY-II.NFO,30/10/2024,09:38:43,24549.95,24542,100,24549.8,50,300,5860950
NIFTY-II.NFO,30/10/2024,09:38:44,24549.8,24541.95,50,24548.95,25,225,5860950
NIFTY-II.NFO,30/10/2024,09:38:46,24548.95,24544,25,24549.75,50,250,5860950
NIFTY-II.NFO,30/10/2024,09:38:48,24547.95,24541.9,25,24544.7,50,125,5860950
NIFTY-II.NFO,30/10/2024,09:38:49,24549.75,24540.55,50,24544.7,125,250,5860950
NIFTY-II.NFO,30/10/2024,09:38:51,24546.15,24540,50,24546.35,50,1625,5860950
NIFTY-II.NFO,30/10/2024,09:38:53,24545.65,24538.25,100,24545.65,50,275,5860950
NIFTY-II.NFO,30/10/2024,09:38:54,24542,24542.05,100,24546.15,25,775,5860950
NIFTY-II.NFO,30/10/2024,09:38:56,24548.9,24542.55,100,24548.95,25,375,5860950
NIFTY-II.NFO,30/10/2024,09:38:58,24549.8,24543.15,125,24548.95,100,100,5860950
NIFTY-II.NFO,30/10/2024,09:38:59,24549.55,24549.55,250,24549.85,175,375,5860950
NIFTY-II.NFO,30/10/2024,09:39:01,24550,24549.55,75,24550,275,300,5860950
NIFTY-II.NFO,30/10/2024,09:39:03,24552,24550,25,24552,25,375,5860950
NIFTY-II.NFO,30/10/2024,09:39:04,24553.45,24550,50,24553.45,25,200,5860950
NIFTY-II.NFO,30/10/2024,09:39:06,24551.8,24551.4,125,24554,50,925,5860950
NIFTY-II.NFO,30/10/2024,09:39:08,24555,24550.95,125,24555,50,950,5860950
NIFTY-II.NFO,30/10/2024,09:39:09,24551.8,24551,125,24555,150,150,5860950
NIFTY-II.NFO,30/10/2024,09:39:11,24551,24550.9,125,24555,75,175,5860950
NIFTY-II.NFO,30/10/2024,09:39:13,24555,24553.5,125,24555.2,50,225,5860950
NIFTY-II.NFO,30/10/2024,09:39:14,24553.45,24553.45,100,24555.2,150,225,5860950
NIFTY-II.NFO,30/10/2024,09:39:16,24553.95,24553.8,50,24555.2,150,25,5860950
NIFTY-II.NFO,30/10/2024,09:39:18,24553.45,24553.45,75,24555,25,50,5860950
NIFTY-II.NFO,30/10/2024,09:39:19,24555,24555,150,24555.2,125,1325,5860950
NIFTY-II.NFO,30/10/2024,09:39:21,24555.15,24552.5,125,24555.15,75,300,5860950
NIFTY-II.NFO,30/10/2024,09:39:23,24555.15,24552.5,25,24555.15,75,325,5860950
NIFTY-II.NFO,30/10/2024,09:39:24,24554,24552.5,50,24555.15,75,25,5860950
NIFTY-II.NFO,30/10/2024,09:39:26,24555.15,24552.5,50,24555,100,100,5860950
NIFTY-II.NFO,30/10/2024,09:39:28,24555.15,24555.15,50,24555.2,25,125,5860950
NIFTY-II.NFO,30/10/2024,09:39:29,24555.5,24555.35,125,24556,50,250,5860950
NIFTY-II.NFO,30/10/2024,09:39:31,24557.65,24557.65,150,24559,150,600,5860950
NIFTY-II.NFO,30/10/2024,09:39:33,24559,24557.65,200,24559,25,250,5860950
NIFTY-II.NFO,30/10/2024,09:39:34,24557.65,24555.15,50,24559,25,125,5860950
NIFTY-II.NFO,30/10/2024,09:39:36,24558.8,24552.5,150,24558.5,100,225,5860950
NIFTY-II.NFO,30/10/2024,09:39:38,24557.8,24552.5,50,24558.2,100,50,5860950
NIFTY-II.NFO,30/10/2024,09:39:39,24551.35,24552.5,50,24557.15,100,200,5860950
NIFTY-II.NFO,30/10/2024,09:39:41,24557.15,24555,25,24556.8,75,25,5860950
NIFTY-II.NFO,30/10/2024,09:39:43,24555.7,24551,25,24556.7,100,225,5860950
NIFTY-II.NFO,30/10/2024,09:39:44,24551,24551,25,24555.15,100,500,5860950
NIFTY-II.NFO,30/10/2024,09:39:46,24551,24555,25,24555.15,300,100,5860950
NIFTY-II.NFO,30/10/2024,09:39:48,24555.1,24551.35,100,24554.7,125,125,5860950
NIFTY-II.NFO,30/10/2024,09:39:49,24553.7,24549.55,25,24554.65,25,275,5860950
NIFTY-II.NFO,30/10/2024,09:39:51,24553.7,24550.15,25,24554.65,200,75,5860950
NIFTY-II.NFO,30/10/2024,09:39:53,24554.65,24552.7,50,24554.65,50,1000,5860950
NIFTY-II.NFO,30/10/2024,09:39:54,24554.6,24553.7,25,24554.65,50,350,5860950
NIFTY-II.NFO,30/10/2024,09:39:56,24554.65,24553.7,75,24555,100,50,5860950
NIFTY-II.NFO,30/10/2024,09:39:58,24554.65,24553.7,75,24555,150,25,5860950
NIFTY-II.NFO,30/10/2024,09:39:59,24554,24553.85,125,24554.65,25,75,5860950
NIFTY-II.NFO,30/10/2024,09:40:01,24552.8,24552.2,50,24554.65,25,200,5860950
NIFTY-II.NFO,30/10/2024,09:40:03,24557.65,24551.75,125,24557.7,75,275,5860950
NIFTY-II.NFO,30/10/2024,09:40:04,24557.65,24554.65,25,24556.65,50,0,5860950
NIFTY-II.NFO,30/10/2024,09:40:06,24549.95,24549.55,25,24549.95,125,150,5873950
NIFTY-II.NFO,30/10/2024,09:40:08,24549.95,24548.95,100,24549.95,75,325,5873950
NIFTY-II.NFO,30/10/2024,09:40:09,24549.95,24548.95,25,24549.95,25,225,5873950
NIFTY-II.NFO,30/10/2024,09:40:11,24549.95,24551.55,125,24554.6,100,250,5873950
NIFTY-II.NFO,30/10/2024,09:40:13,24551.55,24548.35,425,24554.5,50,50,5873950
NIFTY-II.NFO,30/10/2024,09:40:14,24554.6,24552.45,50,24554.6,25,200,5873950
NIFTY-II.NFO,30/10/2024,09:40:16,24553.25,24551.95,50,24554.6,25,150,5873950
NIFTY-II.NFO,30/10/2024,09:40:18,24552.2,24551.15,50,24554.6,25,25,5873950
NIFTY-II.NFO,30/10/2024,09:40:19,24554.6,24551.1,350,24554.6,25,50,5873950
NIFTY-II.NFO,30/10/2024,09:40:21,24554.6,24553.25,125,24554.6,25,50,5873950
NIFTY-II.NFO,30/10/2024,09:40:23,24555,24552.95,250,24555,100,125,5873950
NIFTY-II.NFO,30/10/2024,09:40:24,24555,24554.6,25,24555,200,0,5873950
NIFTY-II.NFO,30/10/2024,09:40:26,24552.25,24551.2,50,24555,200,150,5873950
NIFTY-II.NFO,30/10/2024,09:40:28,24555,24552.05,25,24555,175,25,5873950
NIFTY-II.NFO,30/10/2024,09:40:29,24554.95,24552.05,50,24555,50,125,5873950
NIFTY-II.NFO,30/10/2024,09:40:31,24552.1,24552.05,50,24556.9,50,425,5873950
NIFTY-II.NFO,30/10/2024,09:40:33,24552.05,24552.05,25,24552.7,175,100,5873950
NIFTY-II.NFO,30/10/2024,09:40:34,24555,24555,400,24556,250,500,5873950
NIFTY-II.NFO,30/10/2024,09:40:36,24552,24552.05,375,24556,275,525,5873950
NIFTY-II.NFO,30/10/2024,09:40:38,24554.95,24554.95,100,24555,25,25,5873950
NIFTY-II.NFO,30/10/2024,09:40:39,24555,24555,550,24555.35,125,475,5873950
NIFTY-II.NFO,30/10/2024,09:40:41,24555,24555,325,24555.15,25,250,5873950
NIFTY-II.NFO,30/10/2024,09:40:43,24555.15,24555.35,25,24556,250,375,5873950
NIFTY-II.NFO,30/10/2024,09:40:44,24554.05,24554.5,25,24556,250,650,5873950
NIFTY-II.NFO,30/10/2024,09:40:46,24554.05,24555.75,125,24555.95,75,100,5873950
NIFTY-II.NFO,30/10/2024,09:40:48,24569,24566.25,250,24569,175,2775,5873950
NIFTY-II.NFO,30/10/2024,09:40:49,24571,24570,25,24571,25,1075,5873950
NIFTY-II.NFO,30/10/2024,09:40:51,24566.65,24567.9,250,24570.5,25,200,5873950
NIFTY-II.NFO,30/10/2024,09:40:53,24568.85,24568.6,25,24571,25,100,5873950
NIFTY-II.NFO,30/10/2024,09:40:54,24566.95,24567.8,50,24573.95,25,2025,5873950
NIFTY-II.NFO,30/10/2024,09:40:56,24574.15,24568.2,100,24574.15,100,900,5873950
NIFTY-II.NFO,30/10/2024,09:40:58,24574.15,24568.8,250,24573.65,100,0,5873950
NIFTY-II.NFO,30/10/2024,09:40:59,24575,24570.1,50,24575,275,225,5873950
NIFTY-II.NFO,30/10/2024,09:41:01,24574,24570.3,50,24575,25,400,5873950
NIFTY-II.NFO,30/10/2024,09:41:03,24576.9,24575,875,24579,50,900,5873950
NIFTY-II.NFO,30/10/2024,09:41:04,24578.8,24578.8,375,24580,200,475,5873950
NIFTY-II.NFO,30/10/2024,09:41:06,24582.35,24582,25,24583,50,500,5873950
NIFTY-II.NFO,30/10/2024,09:41:08,24583.35,24580,775,24584.95,50,300,5873950
NIFTY-II.NFO,30/10/2024,09:41:09,24583,24580,50,24583.85,100,2500,5873950
NIFTY-II.NFO,30/10/2024,09:41:11,24582.9,24575.35,100,24582.9,100,1200,5873950
NIFTY-II.NFO,30/10/2024,09:41:13,24575.15,24575.15,100,24581.75,200,350,5873950
NIFTY-II.NFO,30/10/2024,09:41:14,24582.9,24575.45,50,24582.9,25,450,5873950
NIFTY-II.NFO,30/10/2024,09:41:16,24585.4,24575.7,100,24583.8,50,1350,5873950
NIFTY-II.NFO,30/10/2024,09:41:18,24583,24576,25,24582.5,25,25,5873950
NIFTY-II.NFO,30/10/2024,09:41:19,24576.5,24575.1,25,24577.5,125,1075,5873950
NIFTY-II.NFO,30/10/2024,09:41:21,24575.5,24570.7,100,24576,125,175,5873950
NIFTY-II.NFO,30/10/2024,09:41:23,24576,24575,50,24576.9,25,225,5873950
NIFTY-II.NFO,30/10/2024,09:41:24,24575,24570.2,25,24574,50,300,5873950
NIFTY-II.NFO,30/10/2024,09:41:26,24572,24570.2,25,24574.2,200,225,5873950
NIFTY-II.NFO,30/10/2024,09:41:28,24570,24568.5,125,24572.7,50,475,5873950
NIFTY-II.NFO,30/10/2024,09:41:29,24568.15,24568.2,25,24572.7,25,125,5873950
NIFTY-II.NFO,30/10/2024,09:41:31,24567.05,24567.7,50,24572.7,25,250,5873950
NIFTY-II.NFO,30/10/2024,09:41:33,24572.7,24568.15,50,24575.15,100,100,5873950
NIFTY-II.NFO,30/10/2024,09:41:34,24570,24569.4,75,24575.15,100,400,5873950
NIFTY-II.NFO,30/10/2024,09:41:36,24574.9,24568.1,25,24574.8,75,100,5873950
NIFTY-II.NFO,30/10/2024,09:41:38,24569.7,24565.05,50,24567.7,150,175,5873950
NIFTY-II.NFO,30/10/2024,09:41:39,24568.5,24564.45,75,24567.5,50,825,5873950
NIFTY-II.NFO,30/10/2024,09:41:41,24564,24564,50,24564.5,75,50,5873950
NIFTY-II.NFO,30/10/2024,09:41:43,24564.5,24564.5,75,24567.65,300,900,5873950
NIFTY-II.NFO,30/10/2024,09:41:44,24567.65,24565,25,24567.65,200,250,5873950
NIFTY-II.NFO,30/10/2024,09:41:46,24562.85,24563.3,75,24567.65,175,150,5873950
NIFTY-II.NFO,30/10/2024,09:41:48,24569.3,24565,25,24570.85,50,250,5873950
NIFTY-II.NFO,30/10/2024,09:41:49,24567.2,24562.85,50,24566.7,125,325,5873950
NIFTY-II.NFO,30/10/2024,09:41:51,24560.35,24562.1,100,24566.7,100,1975,5873950
NIFTY-II.NFO,30/10/2024,09:41:53,24570.05,24563.05,25,24570.5,75,1075,5873950
NIFTY-II.NFO,30/10/2024,09:41:54,24564,24561.05,100,24565.7,200,25,5873950
NIFTY-II.NFO,30/10/2024,09:41:56,24560.7,24561,100,24567.6,100,500,5873950
NIFTY-II.NFO,30/10/2024,09:41:58,24567.6,24563.05,25,24567.65,50,50,5873950
NIFTY-II.NFO,30/10/2024,09:41:59,24567.65,24563.05,25,24567.5,125,75,5873950
NIFTY-II.NFO,30/10/2024,09:42:01,24564,24563.25,100,24568,125,75,5873950
NIFTY-II.NFO,30/10/2024,09:42:03,24562,24562,100,24567,125,175,5873950
NIFTY-II.NFO,30/10/2024,09:42:04,24565.5,24560.2,50,24564,100,25,5873950
NIFTY-II.NFO,30/10/2024,09:42:06,24565.4,24560.1,25,24565.3,75,275,5873950
NIFTY-II.NFO,30/10/2024,09:42:08,24563.2,24562,25,24562.7,125,100,5873950
NIFTY-II.NFO,30/10/2024,09:42:09,24562.2,24560,425,24564.95,75,125,5873950
NIFTY-II.NFO,30/10/2024,09:42:11,24560,24560,200,24562,175,325,5873950
NIFTY-II.NFO,30/10/2024,09:42:13,24560,24560,150,24561.7,25,50,5873950
NIFTY-II.NFO,30/10/2024,09:42:14,24559.5,24555.85,25,24559.5,75,325,5873950
NIFTY-II.NFO,30/10/2024,09:42:16,24559.5,24555.45,25,24559.5,25,325,5873950
NIFTY-II.NFO,30/10/2024,09:42:18,24559.5,24555.5,50,24560,175,125,5873950
NIFTY-II.NFO,30/10/2024,09:42:19,24555,24554.2,325,24559.5,25,1675,5873950
NIFTY-II.NFO,30/10/2024,09:42:21,24555.85,24553.8,75,24555.85,50,100,5873950
NIFTY-II.NFO,30/10/2024,09:42:23,24559.5,24554.05,25,24559.95,50,100,5873950
NIFTY-II.NFO,30/10/2024,09:42:24,24559.5,24553.8,100,24560,150,0,5873950
NIFTY-II.NFO,30/10/2024,09:42:26,24559.5,24555.85,25,24559.95,50,0,5873950
NIFTY-II.NFO,30/10/2024,09:42:28,24553,24552.15,75,24555,75,100,5873950
NIFTY-II.NFO,30/10/2024,09:42:29,24555,24552,25,24555,75,25,5873950
NIFTY-II.NFO,30/10/2024,09:42:31,24551,24550.7,100,24556,75,300,5873950
NIFTY-II.NFO,30/10/2024,09:42:33,24550.65,24551.1,75,24552,75,300,5873950
NIFTY-II.NFO,30/10/2024,09:42:34,24551.2,24552.25,125,24557.5,75,425,5873950
NIFTY-II.NFO,30/10/2024,09:42:36,24550.65,24550.75,75,24555,100,200,5873950
NIFTY-II.NFO,30/10/2024,09:42:38,24555,24550.05,25,24554,75,75,5873950
NIFTY-II.NFO,30/10/2024,09:42:39,24552,24550.05,25,24553,125,200,5873950
NIFTY-II.NFO,30/10/2024,09:42:41,24550.05,24550.05,25,24553.2,200,75,5873950
NIFTY-II.NFO,30/10/2024,09:42:43,24550.05,24551,25,24552.7,200,25,5873950
NIFTY-II.NFO,30/10/2024,09:42:44,24551.7,24550.05,25,24552.7,150,600,5873950
NIFTY-II.NFO,30/10/2024,09:42:46,24551,24550.05,50,24553.7,150,75,5873950
NIFTY-II.NFO,30/10/2024,09:42:48,24554.2,24550.05,75,24555,100,150,5873950
NIFTY-II.NFO,30/10/2024,09:42:49,24554.2,24550.05,75,24552.2,200,0,5873950
NIFTY-II.NFO,30/10/2024,09:42:51,24553.2,24552,100,24553.2,175,475,5873950
NIFTY-II.NFO,30/10/2024,09:42:53,24552,24548.05,75,24551.5,25,150,5873950
NIFTY-II.NFO,30/10/2024,09:42:54,24551.5,24547.85,25,24551.7,125,225,5873950
NIFTY-II.NFO,30/10/2024,09:42:56,24551.2,24547.85,25,24552.9,50,125,5873950
NIFTY-II.NFO,30/10/2024,09:42:58,24553.2,24547.9,50,24551.7,200,50,5873950
NIFTY-II.NFO,30/10/2024,09:42:59,24553.2,24550.7,50,24555,275,0,5873950
NIFTY-II.NFO,30/10/2024,09:43:01,24553.2,24550.7,25,24555,525,75,5873950
NIFTY-II.NFO,30/10/2024,09:43:03,24550.7,24549.1,50,24555,525,50,5873950
NIFTY-II.NFO,30/10/2024,09:43:04,24553.2,24550,50,24553.2,350,75,5873950
NIFTY-II.NFO,30/10/2024,09:43:06,24553.2,24550,50,24553.2,250,500,5885275
NIFTY-II.NFO,30/10/2024,09:43:08,24553.2,24550.3,250,24553.2,200,75,5885275
NIFTY-II.NFO,30/10/2024,09:43:09,24553.2,24550.3,50,24553.2,200,300,5885275
NIFTY-II.NFO,30/10/2024,09:43:11,24551.5,24552.1,75,24553.2,150,200,5885275
NIFTY-II.NFO,30/10/2024,09:43:13,24554,24552.1,50,24554,100,250,5885275
NIFTY-II.NFO,30/10/2024,09:43:14,24555,24552.4,350,24558.1,200,600,5885275
NIFTY-II.NFO,30/10/2024,09:43:16,24557.6,24553.1,350,24557.6,175,75,5885275
NIFTY-II.NFO,30/10/2024,09:43:18,24553.1,24554.05,25,24557.6,25,225,5885275
NIFTY-II.NFO,30/10/2024,09:43:19,24557.6,24554.35,50,24557.6,125,25,5885275
NIFTY-II.NFO,30/10/2024,09:43:21,24554.8,24555.55,250,24557.55,75,25,5885275
NIFTY-II.NFO,30/10/2024,09:43:23,24557.55,24556.55,75,24557.55,125,75,5885275
NIFTY-II.NFO,30/10/2024,09:43:24,24559,24558.6,25,24559.5,25,200,5885275
NIFTY-II.NFO,30/10/2024,09:43:26,24558.6,24558.6,25,24559.5,25,50,5885275
NIFTY-II.NFO,30/10/2024,09:43:28,24558.35,24558.45,250,24559.5,25,375,5885275
NIFTY-II.NFO,30/10/2024,09:43:29,24562,24560,25,24564,250,225,5885275
NIFTY-II.NFO,30/10/2024,09:43:31,24562,24560.5,50,24564,250,0,5885275
NIFTY-II.NFO,30/10/2024,09:43:33,24564,24560.5,50,24563.95,25,125,5885275
NIFTY-II.NFO,30/10/2024,09:43:34,24560.55,24560.5,50,24563.6,175,25,5885275
NIFTY-II.NFO,30/10/2024,09:43:36,24564,24560.5,50,24564,75,50,5885275
NIFTY-II.NFO,30/10/2024,09:43:38,24560.65,24561.15,50,24564,75,50,5885275
NIFTY-II.NFO,30/10/2024,09:43:39,24564,24562.85,25,24564,25,100,5885275
NIFTY-II.NFO,30/10/2024,09:43:41,24564,24562.85,50,24563,25,0,5885275
NIFTY-II.NFO,30/10/2024,09:43:43,24563.6,24563.6,200,24565,75,50,5885275
NIFTY-II.NFO,30/10/2024,09:43:44,24563.6,24563.6,200,24564,100,50,5885275
NIFTY-II.NFO,30/10/2024,09:43:46,24564,24560.1,75,24564,50,375,5885275
NIFTY-II.NFO,30/10/2024,09:43:48,24564,24560.25,75,24564,25,50,5885275
NIFTY-II.NFO,30/10/2024,09:43:49,24560.5,24555.4,350,24559.5,25,275,5885275
NIFTY-II.NFO,30/10/2024,09:43:51,24556.25,24555.35,100,24561.95,150,350,5885275
NIFTY-II.NFO,30/10/2024,09:43:53,24556.25,24555.35,50,24559.95,100,0,5885275
NIFTY-II.NFO,30/10/2024,09:43:54,24559.95,24555.35,50,24559.95,100,25,5885275
NIFTY-II.NFO,30/10/2024,09:43:56,24559.95,24555.35,50,24559.95,100,25,5885275
NIFTY-II.NFO,30/10/2024,09:43:58,24559.9,24557,75,24559.9,100,75,5885275
NIFTY-II.NFO,30/10/2024,09:43:59,24559.9,24558.4,75,24559.9,175,75,5885275
NIFTY-II.NFO,30/10/2024,09:44:01,24559.9,24559.95,125,24560,1825,650,5885275
NIFTY-II.NFO,30/10/2024,09:44:03,24563,24562.65,200,24565,50,2200,5885275
NIFTY-II.NFO,30/10/2024,09:44:04,24563.05,24563.1,75,24565,50,950,5885275
NIFTY-II.NFO,30/10/2024,09:44:06,24565,24563.1,50,24565,25,75,5885275
NIFTY-II.NFO,30/10/2024,09:44:08,24563.45,24563.4,50,24565,125,325,5885275
NIFTY-II.NFO,30/10/2024,09:44:09,24569,24568.05,50,24569,25,250,5885275
NIFTY-II.NFO,30/10/2024,09:44:11,24565.5,24565.55,50,24570,100,425,5885275
NIFTY-II.NFO,30/10/2024,09:44:13,24570,24567.15,75,24570,75,25,5885275
NIFTY-II.NFO,30/10/2024,09:44:14,24570,24565.8,75,24570,50,475,5885275
NIFTY-II.NFO,30/10/2024,09:44:16,24566.3,24567.55,75,24570,50,25,5885275
NIFTY-II.NFO,30/10/2024,09:44:18,24566.3,24568,75,24570,50,0,5885275
NIFTY-II.NFO,30/10/2024,09:44:19,24566.05,24565.65,25,24570.05,25,725,5885275
NIFTY-II.NFO,30/10/2024,09:44:21,24566.05,24565.7,100,24569,25,0,5885275
NIFTY-II.NFO,30/10/2024,09:44:23,24561.5,24561.75,100,24568.1,100,1525,5885275
NIFTY-II.NFO,30/10/2024,09:44:24,24561.5,24561.75,50,24567.7,100,0,5885275
NIFTY-II.NFO,30/10/2024,09:44:26,24561.5,24561.75,50,24565.55,100,0,5885275
NIFTY-II.NFO,30/10/2024,09:44:28,24568,24565.8,50,24568,225,200,5885275
NIFTY-II.NFO,30/10/2024,09:44:29,24567.65,24567.4,100,24569,25,575,5885275
NIFTY-II.NFO,30/10/2024,09:44:31,24566.2,24566.15,125,24569,50,75,5885275
NIFTY-II.NFO,30/10/2024,09:44:33,24569,24566.35,75,24569,25,75,5885275
NIFTY-II.NFO,30/10/2024,09:44:34,24570,24565.4,75,24570,50,125,5885275
NIFTY-II.NFO,30/10/2024,09:44:36,24568,24568,225,24570,25,200,5885275
NIFTY-II.NFO,30/10/2024,09:44:38,24570,24568,200,24569.9,150,175,5885275
NIFTY-II.NFO,30/10/2024,09:44:39,24565.95,24566.4,50,24569.9,125,750,5885275
NIFTY-II.NFO,30/10/2024,09:44:41,24568,24566.65,75,24568,75,250,5885275
NIFTY-II.NFO,30/10/2024,09:44:43,24568,24564.9,175,24568,75,1675,5885275
NIFTY-II.NFO,30/10/2024,09:44:44,24568,24565.3,250,24567.15,75,300,5885275
NIFTY-II.NFO,30/10/2024,09:44:46,24567.55,24567.25,50,24569.9,100,500,5885275
NIFTY-II.NFO,30/10/2024,09:44:48,24567.3,24567.25,50,24569.9,100,100,5885275
NIFTY-II.NFO,30/10/2024,09:44:49,24568,24569.65,250,24575,2350,675,5885275
NIFTY-II.NFO,30/10/2024,09:44:51,24570,24569.65,50,24573.2,100,100,5885275
NIFTY-II.NFO,30/10/2024,09:44:53,24569.65,24569.65,50,24572.75,100,25,5885275
NIFTY-II.NFO,30/10/2024,09:44:54,24569.65,24569,75,24569.05,25,200,5885275
NIFTY-II.NFO,30/10/2024,09:44:56,24568,24568,150,24569.05,100,625,5885275
NIFTY-II.NFO,30/10/2024,09:44:58,24563.95,24563.1,100,24563.9,25,2575,5885275
NIFTY-II.NFO,30/10/2024,09:44:59,24563.95,24560,50,24563.9,50,475,5885275
NIFTY-II.NFO,30/10/2024,09:45:01,24563.9,24560,100,24563.9,125,100,5885275
NIFTY-II.NFO,30/10/2024,09:45:03,24565.4,24560,50,24565.4,50,1125,5885275
NIFTY-II.NFO,30/10/2024,09:45:04,24557.55,24556.9,75,24563.6,50,325,5885275
NIFTY-II.NFO,30/10/2024,09:45:06,24556.6,24556.5,25,24561.35,50,275,5885275
NIFTY-II.NFO,30/10/2024,09:45:08,24556.6,24557.5,75,24562.7,50,25,5885275
NIFTY-II.NFO,30/10/2024,09:45:09,24557.5,24557.2,100,24563.3,50,400,5885275
NIFTY-II.NFO,30/10/2024,09:45:11,24557.05,24557.3,75,24563.3,50,325,5885275
NIFTY-II.NFO,30/10/2024,09:45:13,24557.05,24558.75,75,24564.8,50,275,5885275
NIFTY-II.NFO,30/10/2024,09:45:14,24559.6,24558.75,275,24564.9,50,500,5885275
NIFTY-II.NFO,30/10/2024,09:45:16,24565.8,24558.75,25,24565.1,100,1050,5885275
NIFTY-II.NFO,30/10/2024,09:45:18,24557.05,24558.75,25,24563.55,100,75,5885275
NIFTY-II.NFO,30/10/2024,09:45:19,24558.75,24556.6,25,24562.65,150,275,5885275
NIFTY-II.NFO,30/10/2024,09:45:21,24558.75,24556.6,50,24561.25,100,0,5885275
NIFTY-II.NFO,30/10/2024,09:45:23,24556.6,24556.6,25,24561.25,250,50,5885275
NIFTY-II.NFO,30/10/2024,09:45:24,24556.6,24557.2,100,24558.75,50,75,5885275
NIFTY-II.NFO,30/10/2024,09:45:26,24556.1,24556.4,125,24558.75,200,600,5885275
NIFTY-II.NFO,30/10/2024,09:45:28,24557.05,24557.2,25,24558.75,300,150,5885275
NIFTY-II.NFO,30/10/2024,09:45:29,24558.75,24558.05,50,24560,150,300,5885275
NIFTY-II.NFO,30/10/2024,09:45:31,24558.3,24559,25,24560,150,325,5885275
NIFTY-II.NFO,30/10/2024,09:45:32,24557.15,24556.95,250,24560,100,225,5885275
NIFTY-II.NFO,30/10/2024,09:45:34,24560,24556.6,1000,24560,50,50,5885275
NIFTY-II.NFO,30/10/2024,09:45:36,24560,24556.6,1150,24559.65,50,0,5885275
NIFTY-II.NFO,30/10/2024,09:45:38,24560,24556.6,1150,24560,50,0,5885275
NIFTY-II.NFO,30/10/2024,09:45:39,24556.6,24556.6,1075,24559.3,50,75,5885275
NIFTY-II.NFO,30/10/2024,09:45:41,24556.6,24556.6,1025,24559.6,100,125,5885275
NIFTY-II.NFO,30/10/2024,09:45:43,24556.6,24556.6,950,24559.55,100,75,5885275
NIFTY-II.NFO,30/10/2024,09:45:44,24556.6,24556.6,850,24559.35,100,150,5885275
NIFTY-II.NFO,30/10/2024,09:45:46,24556.6,24556.6,175,24556.7,75,675,5885275
NIFTY-II.NFO,30/10/2024,09:45:48,24554.95,24552.1,25,24554.9,100,500,5885275
NIFTY-II.NFO,30/10/2024,09:45:49,24552,24552,175,24554.95,50,175,5885275
NIFTY-II.NFO,30/10/2024,09:45:51,24552,24552,125,24552.05,25,50,5885275
NIFTY-II.NFO,30/10/2024,09:45:53,24551,24550,825,24552.05,225,225,5885275
NIFTY-II.NFO,30/10/2024,09:45:54,24552.05,24550,825,24552.05,175,25,5885275
NIFTY-II.NFO,30/10/2024,09:45:56,24552.05,24552.3,50,24554.95,50,200,5885275
NIFTY-II.NFO,30/10/2024,09:45:58,24552.6,24553.15,50,24555.65,25,175,5885275
NIFTY-II.NFO,30/10/2024,09:45:59,24555,24554.85,50,24560,450,75,5885275
NIFTY-II.NFO,30/10/2024,09:46:01,24555.15,24556.15,50,24560,425,100,5885275
NIFTY-II.NFO,30/10/2024,09:46:03,24559.15,24558.65,125,24560,50,550,5885275
NIFTY-II.NFO,30/10/2024,09:46:04,24560,24560.7,25,24565,25,150,5885275
NIFTY-II.NFO,30/10/2024,09:46:06,24560.8,24561.45,75,24565,25,225,5885275
NIFTY-II.NFO,30/10/2024,09:46:08,24563.05,24563.1,50,24566.9,200,550,5895425
NIFTY-II.NFO,30/10/2024,09:46:09,24566.35,24562.05,25,24566.35,100,600,5895425
NIFTY-II.NFO,30/10/2024,09:46:11,24564.4,24560.8,25,24563.4,100,275,5895425
NIFTY-II.NFO,30/10/2024,09:46:13,24561.4,24560,600,24560.9,75,75,5895425
NIFTY-II.NFO,30/10/2024,09:46:14,24560.9,24555.1,75,24560.85,100,775,5895425
NIFTY-II.NFO,30/10/2024,09:46:16,24560.85,24556.1,75,24560,25,75,5895425
NIFTY-II.NFO,30/10/2024,09:46:17,24560,24556,825,24560,125,25,5895425
NIFTY-II.NFO,30/10/2024,09:46:19,24560,24556.2,50,24560,200,75,5895425
NIFTY-II.NFO,30/10/2024,09:46:21,24560,24553.95,25,24559.8,100,0,5895425
NIFTY-II.NFO,30/10/2024,09:46:22,24559.7,24554.2,50,24559.7,75,100,5895425
NIFTY-II.NFO,30/10/2024,09:46:24,24559.7,24554,50,24558.8,75,75,5895425
NIFTY-II.NFO,30/10/2024,09:46:26,24555.5,24555.5,50,24557.4,25,100,5895425
NIFTY-II.NFO,30/10/2024,09:46:27,24555.55,24556,25,24557.4,75,75,5895425
NIFTY-II.NFO,30/10/2024,09:46:29,24556,24556,25,24557.4,75,50,5895425
NIFTY-II.NFO,30/10/2024,09:46:31,24556,24555.5,25,24557.4,100,100,5895425
NIFTY-II.NFO,30/10/2024,09:46:32,24556,24555.5,50,24556,525,25,5895425
NIFTY-II.NFO,30/10/2024,09:46:34,24555.5,24555.5,25,24555.95,100,50,5895425
NIFTY-II.NFO,30/10/2024,09:46:36,24555.5,24555.5,25,24555.95,75,50,5895425
NIFTY-II.NFO,30/10/2024,09:46:37,24555.95,24555,25,24555.05,25,75,5895425
NIFTY-II.NFO,30/10/2024,09:46:39,24552,24552,125,24552.05,25,275,5895425
NIFTY-II.NFO,30/10/2024,09:46:41,24550.05,24550,1050,24550.4,175,150,5895425
NIFTY-II.NFO,30/10/2024,09:46:42,24543.4,24539.65,100,24544.3,100,3175,5895425
NIFTY-II.NFO,30/10/2024,09:46:44,24540.4,24539.65,25,24543.15,100,75,5895425
NIFTY-II.NFO,30/10/2024,09:46:46,24543.1,24539.65,25,24542.4,200,1025,5895425
NIFTY-II.NFO,30/10/2024,09:46:47,24542.35,24539.7,50,24542.35,75,100,5895425
NIFTY-II.NFO,30/10/2024,09:46:49,24542.35,24539.75,50,24541.4,200,25,5895425
NIFTY-II.NFO,30/10/2024,09:46:51,24536.9,24536.6,125,24538.15,25,325,5895425
NIFTY-II.NFO,30/10/2024,09:46:52,24536.9,24536.55,50,24536.9,25,25,5895425
NIFTY-II.NFO,30/10/2024,09:46:54,24536.65,24536.35,25,24536.9,475,200,5895425
NIFTY-II.NFO,30/10/2024,09:46:56,24536.9,24536.4,25,24539.9,175,500,5895425
NIFTY-II.NFO,30/10/2024,09:46:57,24536.3,24537.15,125,24539.85,100,175,5895425
NIFTY-II.NFO,30/10/2024,09:46:59,24537.15,24538.2,125,24539.85,100,50,5895425
NIFTY-II.NFO,30/10/2024,09:47:01,24537.6,24540,25,24542.35,50,675,5895425
NIFTY-II.NFO,30/10/2024,09:47:02,24545,24542.35,25,24544.9,150,150,5895425
NIFTY-II.NFO,30/10/2024,09:47:04,24543.9,24542.35,425,24545,125,50,5895425
NIFTY-II.NFO,30/10/2024,09:47:06,24543.9,24544.05,75,24545,125,0,5895425
NIFTY-II.NFO,30/10/2024,09:47:07,24544.05,24544.1,25,24544.15,25,25,5895425
NIFTY-II.NFO,30/10/2024,09:47:09,24544.1,24544.1,25,24544.15,25,125,5895425
NIFTY-II.NFO,30/10/2024,09:47:11,24545,24544.1,75,24544.15,200,300,5895425
NIFTY-II.NFO,30/10/2024,09:47:12,24542.35,24542.35,250,24543.9,125,400,5895425
NIFTY-II.NFO,30/10/2024,09:47:14,24542.65,24541.1,125,24543.9,175,325,5895425
NIFTY-II.NFO,30/10/2024,09:47:16,24542.35,24541.3,25,24542.35,25,25,5895425
NIFTY-II.NFO,30/10/2024,09:47:17,24545,24544.3,125,24545,150,275,5895425
NIFTY-II.NFO,30/10/2024,09:47:19,24545,24545,150,24547.4,125,150,5895425
NIFTY-II.NFO,30/10/2024,09:47:21,24547.15,24546.5,125,24548.15,25,50,5895425
NIFTY-II.NFO,30/10/2024,09:47:22,24547.15,24546.65,175,24549.9,125,325,5895425
NIFTY-II.NFO,30/10/2024,09:47:24,24550.45,24546.65,100,24550.6,25,225,5895425
NIFTY-II.NFO,30/10/2024,09:47:26,24546.65,24546.65,100,24548.4,150,150,5895425
NIFTY-II.NFO,30/10/2024,09:47:27,24544.85,24547.9,50,24548.4,225,300,5895425
NIFTY-II.NFO,30/10/2024,09:47:29,24547.9,24546.1,25,24548.3,75,375,5895425
NIFTY-II.NFO,30/10/2024,09:47:31,24547.9,24546.1,25,24548.3,75,325,5895425
NIFTY-II.NFO,30/10/2024,09:47:32,24548.3,24546.75,125,24548.3,250,275,5895425
NIFTY-II.NFO,30/10/2024,09:47:34,24548.3,24547.05,100,24548.3,225,375,5895425
NIFTY-II.NFO,30/10/2024,09:47:36,24550,24548.4,75,24551.4,75,650,5895425
NIFTY-II.NFO,30/10/2024,09:47:37,24551.9,24549.1,100,24552.4,50,250,5895425
NIFTY-II.NFO,30/10/2024,09:47:39,24551.9,24549.1,100,24551.9,50,50,5895425
NIFTY-II.NFO,30/10/2024,09:47:41,24550.05,24550.2,50,24554.95,25,50,5895425
NIFTY-II.NFO,30/10/2024,09:47:42,24550.05,24549.65,25,24551,25,250,5895425
NIFTY-II.NFO,30/10/2024,09:47:44,24551,24550.45,100,24553,25,275,5895425
NIFTY-II.NFO,30/10/2024,09:47:46,24551,24550.15,100,24551.9,25,275,5895425
NIFTY-II.NFO,30/10/2024,09:47:47,24551.9,24551.95,50,24552.95,25,475,5895425
NIFTY-II.NFO,30/10/2024,09:47:49,24551.95,24551.05,100,24551.95,25,400,5895425
NIFTY-II.NFO,30/10/2024,09:47:51,24551.95,24551.15,125,24553,25,125,5895425
NIFTY-II.NFO,30/10/2024,09:47:52,24550.05,24550,50,24550.9,25,25,5895425
NIFTY-II.NFO,30/10/2024,09:47:54,24547.9,24544.55,350,24548.4,125,1150,5895425
NIFTY-II.NFO,30/10/2024,09:47:56,24544.6,24545.55,350,24550.4,125,25,5895425
NIFTY-II.NFO,30/10/2024,09:47:57,24550.9,24545.5,25,24547.15,25,525,5895425
NIFTY-II.NFO,30/10/2024,09:47:59,24550.9,24545.9,125,24548.4,200,300,5895425
NIFTY-II.NFO,30/10/2024,09:48:01,24550.9,24545.9,150,24548.9,200,350,5895425
NIFTY-II.NFO,30/10/2024,09:48:02,24545.9,24545.9,25,24548.9,200,275,5895425
NIFTY-II.NFO,30/10/2024,09:48:04,24548.4,24545.9,25,24548.9,150,400,5895425
NIFTY-II.NFO,30/10/2024,09:48:06,24548.4,24545.9,25,24547.9,125,100,5895425
NIFTY-II.NFO,30/10/2024,09:48:07,24547.9,24545.9,25,24546.9,75,125,5895425
NIFTY-II.NFO,30/10/2024,09:48:09,24545,24544.05,25,24547,50,175,5895425
NIFTY-II.NFO,30/10/2024,09:48:11,24545,24544.05,50,24548.7,25,25,5895425
NIFTY-II.NFO,30/10/2024,09:48:12,24545,24544.05,50,24548.25,25,0,5895425
NIFTY-II.NFO,30/10/2024,09:48:14,24541.7,24546,50,24548,50,250,5895425
NIFTY-II.NFO,30/10/2024,09:48:16,24548,24547.95,250,24548.25,25,150,5895425
NIFTY-II.NFO,30/10/2024,09:48:17,24547.95,24547.95,100,24549.95,25,325,5895425
NIFTY-II.NFO,30/10/2024,09:48:19,24549.15,24547.95,100,24549.95,25,75,5895425
NIFTY-II.NFO,30/10/2024,09:48:21,24549.15,24547.95,100,24549.9,25,0,5895425
NIFTY-II.NFO,30/10/2024,09:48:22,24547.95,24547.95,50,24549.95,25,350,5895425
NIFTY-II.NFO,30/10/2024,09:48:24,24545.95,24541.05,25,24545,50,500,5895425
NIFTY-II.NFO,30/10/2024,09:48:26,24541.05,24541,25,24544.85,50,75,5895425
NIFTY-II.NFO,30/10/2024,09:48:27,24540.95,24540,150,24544.75,25,100,5895425
NIFTY-II.NFO,30/10/2024,09:48:29,24544.7,24540,150,24544.45,50,150,5895425
NIFTY-II.NFO,30/10/2024,09:48:31,24540,24540,375,24541.05,25,200,5895425
NIFTY-II.NFO,30/10/2024,09:48:32,24540,24537.65,500,24540.95,75,475,5895425
NIFTY-II.NFO,30/10/2024,09:48:34,24540,24537.6,25,24540.9,25,125,5895425
NIFTY-II.NFO,30/10/2024,09:48:36,24540,24537.6,50,24537.65,25,0,5895425
NIFTY-II.NFO,30/10/2024,09:48:37,24539.9,24537.6,50,24539.9,25,50,5895425
NIFTY-II.NFO,30/10/2024,09:48:39,24540.9,24539.55,100,24540.95,75,50,5895425
NIFTY-II.NFO,30/10/2024,09:48:41,24540.9,24539.95,100,24544.75,25,0,5895425
NIFTY-II.NFO,30/10/2024,09:48:42,24540.9,24540.5,25,24544.75,25,75,5895425
NIFTY-II.NFO,30/10/2024,09:48:44,24544.8,24542.15,450,24546.8,25,400,5895425
NIFTY-II.NFO,30/10/2024,09:48:46,24544.8,24543.7,125,24548.25,300,0,5895425
NIFTY-II.NFO,30/10/2024,09:48:47,24544.8,24543.85,75,24544.65,25,25,5895425
NIFTY-II.NFO,30/10/2024,09:48:49,24544.8,24541.7,250,24544.65,150,0,5895425
NIFTY-II.NFO,30/10/2024,09:48:51,24544.8,24541.7,25,24544.65,150,50,5895425
NIFTY-II.NFO,30/10/2024,09:48:52,24544.65,24542.3,350,24544.65,125,25,5895425
NIFTY-II.NFO,30/10/2024,09:48:54,24544.65,24541.8,350,24544.65,75,50,5895425
NIFTY-II.NFO,30/10/2024,09:48:56,24542.15,24540.6,25,24544.5,75,250,5895425
NIFTY-II.NFO,30/10/2024,09:48:57,24545.7,24540.6,25,24544.95,25,150,5895425
NIFTY-II.NFO,30/10/2024,09:48:59,24541.15,24541.05,350,24546.1,25,75,5895425
NIFTY-II.NFO,30/10/2024,09:49:01,24538.5,24539,125,24543.25,25,25,5895425
NIFTY-II.NFO,30/10/2024,09:49:02,24542.65,24538.1,50,24543.1,50,25,5895425
NIFTY-II.NFO,30/10/2024,09:49:04,24538.1,24538,50,24540.5,200,100,5895425
NIFTY-II.NFO,30/10/2024,09:49:06,24538,24538,50,24540,175,100,5895425
NIFTY-II.NFO,30/10/2024,09:49:07,24540,24538,75,24540.5,200,275,5908450
NIFTY-II.NFO,30/10/2024,09:49:09,24540.5,24538,50,24540.5,125,125,5908450
NIFTY-II.NFO,30/10/2024,09:49:11,24538.15,24538,25,24540.5,125,125,5908450
NIFTY-II.NFO,30/10/2024,09:49:12,24538.15,24538,25,24540,125,25,5908450
NIFTY-II.NFO,30/10/2024,09:49:14,24538,24537.6,25,24539,100,300,5908450
NIFTY-II.NFO,30/10/2024,09:49:16,24536,24536,3175,24536.8,25,150,5908450
NIFTY-II.NFO,30/10/2024,09:49:17,24531.15,24531.25,25,24534,250,6875,5908450
NIFTY-II.NFO,30/10/2024,09:49:19,24532.05,24532.75,50,24535,75,150,5908450
NIFTY-II.NFO,30/10/2024,09:49:21,24535,24532.75,75,24535,50,75,5908450
NIFTY-II.NFO,30/10/2024,09:49:22,24532.85,24532.2,125,24535,50,25,5908450
NIFTY-II.NFO,30/10/2024,09:49:24,24535,24530.55,75,24535,225,275,5908450
NIFTY-II.NFO,30/10/2024,09:49:26,24535,24524.55,50,24528,200,0,5908450
NIFTY-II.NFO,30/10/2024,09:49:27,24525.7,24525.15,400,24529.5,175,400,5908450
NIFTY-II.NFO,30/10/2024,09:49:29,24530,24526.55,25,24530,125,75,5908450
NIFTY-II.NFO,30/10/2024,09:49:31,24526.65,24526.05,25,24530,100,625,5908450
NIFTY-II.NFO,30/10/2024,09:49:32,24531,24526.6,125,24529.85,75,475,5908450
NIFTY-II.NFO,30/10/2024,09:49:34,24526.3,24526.3,125,24529.95,25,275,5908450
NIFTY-II.NFO,30/10/2024,09:49:36,24529.9,24526.2,50,24529.9,25,500,5908450
NIFTY-II.NFO,30/10/2024,09:49:37,24526.85,24527.9,25,24530,75,475,5908450
NIFTY-II.NFO,30/10/2024,09:49:39,24534.3,24528.3,125,24533.8,50,400,5908450
NIFTY-II.NFO,30/10/2024,09:49:41,24535,24530.55,125,24535,125,150,5908450
NIFTY-II.NFO,30/10/2024,09:49:42,24535,24529.45,25,24534.95,325,0,5908450
NIFTY-II.NFO,30/10/2024,09:49:44,24535,24528.35,125,24533.05,25,0,5908450
NIFTY-II.NFO,30/10/2024,09:49:46,24535,24530.2,125,24533.05,25,0,5908450
NIFTY-II.NFO,30/10/2024,09:49:47,24531.1,24531.1,125,24533.05,25,400,5908450
NIFTY-II.NFO,30/10/2024,09:49:49,24531.1,24530.35,125,24534,25,450,5908450
NIFTY-II.NFO,30/10/2024,09:49:51,24531.1,24529.25,25,24533.9,25,425,5908450
NIFTY-II.NFO,30/10/2024,09:49:52,24530.25,24530.4,25,24534.9,25,350,5908450
NIFTY-II.NFO,30/10/2024,09:49:54,24530.1,24530.05,50,24534.9,25,325,5908450
NIFTY-II.NFO,30/10/2024,09:49:56,24530.1,24531,750,24531.8,50,125,5908450
NIFTY-II.NFO,30/10/2024,09:49:57,24531,24530.05,25,24534.5,200,100,5908450
NIFTY-II.NFO,30/10/2024,09:49:59,24530.15,24530.15,25,24534.15,50,525,5908450
NIFTY-II.NFO,30/10/2024,09:50:01,24530.15,24530.7,25,24532.65,25,500,5908450
NIFTY-II.NFO,30/10/2024,09:50:02,24532,24530.6,150,24532.65,25,350,5908450
NIFTY-II.NFO,30/10/2024,09:50:04,24530.15,24530.15,25,24532.65,25,425,5908450
NIFTY-II.NFO,30/10/2024,09:50:06,24530.15,24531.1,25,24532.65,25,50,5908450
NIFTY-II.NFO,30/10/2024,09:50:07,24532.65,24530.1,75,24533.2,75,250,5908450
NIFTY-II.NFO,30/10/2024,09:50:09,24532,24531,25,24532,50,550,5908450
NIFTY-II.NFO,30/10/2024,09:50:11,24532,24531,50,24532.05,25,700,5908450
NIFTY-II.NFO,30/10/2024,09:50:12,24531,24531,25,24532,25,300,5908450
NIFTY-II.NFO,30/10/2024,09:50:14,24531,24531,25,24532,25,150,5908450
NIFTY-II.NFO,30/10/2024,09:50:16,24531,24530.1,75,24532,25,150,5908450
NIFTY-II.NFO,30/10/2024,09:50:17,24530.05,24530,325,24532,25,375,5908450
NIFTY-II.NFO,30/10/2024,09:50:19,24530.05,24531,25,24532,25,225,5908450
NIFTY-II.NFO,30/10/2024,09:50:21,24531.1,24531.1,75,24534,25,125,5908450
NIFTY-II.NFO,30/10/2024,09:50:22,24531.45,24531.2,125,24535,175,550,5908450
NIFTY-II.NFO,30/10/2024,09:50:24,24532,24531.2,175,24535,175,450,5908450
NIFTY-II.NFO,30/10/2024,09:50:26,24530.9,24531.2,25,24535,175,375,5908450
NIFTY-II.NFO,30/10/2024,09:50:27,24535,24532.9,125,24535,50,475,5908450
NIFTY-II.NFO,30/10/2024,09:50:29,24532.5,24533.05,75,24535,50,75,5908450
NIFTY-II.NFO,30/10/2024,09:50:31,24535.05,24535,350,24539.5,200,150,5908450
NIFTY-II.NFO,30/10/2024,09:50:32,24535.15,24535.15,350,24539.95,25,350,5908450
NIFTY-II.NFO,30/10/2024,09:50:34,24535.15,24535.15,350,24539.9,100,275,5908450
NIFTY-II.NFO,30/10/2024,09:50:36,24537,24535,50,24536.5,150,75,5908450
NIFTY-II.NFO,30/10/2024,09:50:37,24535,24535,75,24537.45,25,25,5908450
