Ticker,Date,Time,LTP,BuyPrice,BuyQty,SellPrice,SellQty,LTQ,OpenInterest
NIFTY-II.NFO,09/08/2024,09:15:00,24550,24473.8,50,24499.1,100,1225,1435450
NIFTY-II.NFO,09/08/2024,09:15:00,24550,24473.8,50,24499.1,100,0,1435450
NIFTY-II.NFO,09/08/2024,09:15:00,24550,24473.8,50,24499.1,100,0,1435450
NIFTY-II.NFO,09/08/2024,09:15:00,24473.75,24473.8,50,24499.1,100,0,1435450
NIFTY-II.NFO,09/08/2024,09:15:01,24488.1,24481.35,125,24490,125,825,1435450
NIFTY-II.NFO,09/08/2024,09:15:02,24477.15,24477.65,225,24489.3,100,800,1435450
NIFTY-II.NFO,09/08/2024,09:15:03,24474.45,24474.6,125,24479,50,1625,1435450
NIFTY-II.NFO,09/08/2024,09:15:03,24470.75,24474.6,125,24479,50,0,1435450
NIFTY-II.NFO,09/08/2024,09:15:04,24474.85,24470.65,25,24483.5,50,450,1435450
NIFTY-II.NFO,09/08/2024,09:15:04,24469.7,24470.65,25,24483.5,50,0,1435450
NIFTY-II.NFO,09/08/2024,09:15:05,24470,24471.3,75,24475.5,25,1875,1435450
NIFTY-II.NFO,09/08/2024,09:15:05,24466.7,24471.3,75,24475.5,25,0,1435450
NIFTY-II.NFO,09/08/2024,09:15:06,24472.2,24476.3,50,24479.95,50,1250,1435450
NIFTY-II.NFO,09/08/2024,09:15:06,24466.55,24476.3,50,24479.95,50,0,1435450
NIFTY-II.NFO,09/08/2024,09:15:07,24467.9,24467.9,225,24478.7,50,1075,1435450
NIFTY-II.NFO,09/08/2024,09:15:07,24465.35,24467.9,225,24478.7,50,0,1435450
NIFTY-II.NFO,09/08/2024,09:15:08,24472,24469.9,250,24472.2,25,200,1435450
NIFTY-II.NFO,09/08/2024,09:15:09,24468.2,24467.7,125,24472,25,175,1435450
NIFTY-II.NFO,09/08/2024,09:15:10,24470,24469.05,25,24472.15,100,300,1435450
NIFTY-II.NFO,09/08/2024,09:15:11,24467.9,24467.45,125,24474.4,100,1250,1435450
NIFTY-II.NFO,09/08/2024,09:15:12,24470,24468.9,100,24470,50,600,1435450
NIFTY-II.NFO,09/08/2024,09:15:13,24469.5,24469.35,350,24474.6,50,600,1435450
NIFTY-II.NFO,09/08/2024,09:15:14,24470,24468.35,50,24474.45,100,300,1435450
NIFTY-II.NFO,09/08/2024,09:15:15,24468.8,24471,50,24476.15,25,1300,1435450
NIFTY-II.NFO,09/08/2024,09:15:16,24471.25,24471.7,25,24474.95,100,600,1435450
NIFTY-II.NFO,09/08/2024,09:15:17,24478,24478,25,24479.55,100,600,1435450
NIFTY-II.NFO,09/08/2024,09:15:18,24478.05,24478.05,25,24478.9,100,500,1435450
NIFTY-II.NFO,09/08/2024,09:15:19,24470.4,24470.45,250,24474.95,25,650,1435450
NIFTY-II.NFO,09/08/2024,09:15:20,24470.1,24470,25,24476.65,50,250,1435450
NIFTY-II.NFO,09/08/2024,09:15:21,24470,24469.7,50,24470,100,300,1435450
NIFTY-II.NFO,09/08/2024,09:15:22,24470,24466.95,125,24469.7,300,350,1435450
NIFTY-II.NFO,09/08/2024,09:15:24,24469.7,24469.65,25,24469.7,250,150,1435450
NIFTY-II.NFO,09/08/2024,09:15:25,24468.3,24466.85,75,24469.7,250,50,1435450
NIFTY-II.NFO,09/08/2024,09:15:26,24471,24466.2,75,24470.7,50,600,1435450
NIFTY-II.NFO,09/08/2024,09:15:27,24465.25,24464.9,50,24468.3,25,125,1425650
NIFTY-II.NFO,09/08/2024,09:15:27,24465.25,24464.9,50,24468.3,25,0,1425650
NIFTY-II.NFO,09/08/2024,09:15:28,24469.55,24465.85,25,24469.55,100,175,1425650
NIFTY-II.NFO,09/08/2024,09:15:28,24464.9,24465.85,25,24469.55,100,0,1425650
NIFTY-II.NFO,09/08/2024,09:15:29,24465.15,24464.2,50,24469.55,100,25,1425650
NIFTY-II.NFO,09/08/2024,09:15:30,24468.3,24468.3,25,24469.55,100,75,1425650
NIFTY-II.NFO,09/08/2024,09:15:30,24464.2,24468.3,25,24469.55,100,0,1425650
NIFTY-II.NFO,09/08/2024,09:15:31,24468.3,24465,25,24466.15,25,50,1425650
NIFTY-II.NFO,09/08/2024,09:15:32,24472,24472,350,24474,125,650,1425650
NIFTY-II.NFO,09/08/2024,09:15:33,24470,24469.95,125,24474,125,450,1425650
NIFTY-II.NFO,09/08/2024,09:15:34,24468,24467.95,125,24473.8,100,150,1425650
NIFTY-II.NFO,09/08/2024,09:15:35,24473.8,24472.35,100,24473.85,50,50,1425650
NIFTY-II.NFO,09/08/2024,09:15:36,24472.15,24472.15,100,24472.45,25,225,1425650
NIFTY-II.NFO,09/08/2024,09:15:37,24472.7,24472.7,175,24475,325,575,1425650
NIFTY-II.NFO,09/08/2024,09:15:38,24478,24475,75,24478,50,375,1425650
NIFTY-II.NFO,09/08/2024,09:15:39,24474.6,24474.45,75,24475,200,150,1425650
NIFTY-II.NFO,09/08/2024,09:15:40,24474.45,24474.4,125,24475,200,100,1425650
NIFTY-II.NFO,09/08/2024,09:15:42,24473.4,24473.5,25,24475,125,300,1425650
NIFTY-II.NFO,09/08/2024,09:15:43,24478,24474.35,100,24479.65,100,800,1425650
NIFTY-II.NFO,09/08/2024,09:15:44,24475,24475,25,24479.65,150,75,1425650
NIFTY-II.NFO,09/08/2024,09:15:45,24475,24474.85,250,24475,25,425,1425650
NIFTY-II.NFO,09/08/2024,09:15:46,24475.3,24475.5,250,24478,25,275,1425650
NIFTY-II.NFO,09/08/2024,09:15:47,24475.05,24475,175,24479.95,100,525,1425650
NIFTY-II.NFO,09/08/2024,09:15:48,24475,24476.1,250,24480,825,350,1425650
NIFTY-II.NFO,09/08/2024,09:15:49,24476.1,24475.85,250,24480,825,25,1425650
NIFTY-II.NFO,09/08/2024,09:15:50,24476.25,24476.3,200,24480,825,125,1425650
NIFTY-II.NFO,09/08/2024,09:15:51,24476.55,24476.4,250,24479.95,25,50,1425650
NIFTY-II.NFO,09/08/2024,09:15:52,24477.45,24477.9,125,24479.95,25,50,1425650
NIFTY-II.NFO,09/08/2024,09:15:53,24480,24477.5,100,24482.5,25,1400,1425650
NIFTY-II.NFO,09/08/2024,09:15:54,24478.8,24478.5,50,24484,25,125,1425650
NIFTY-II.NFO,09/08/2024,09:15:55,24478.3,24479.2,50,24484.95,100,300,1425650
NIFTY-II.NFO,09/08/2024,09:15:56,24478.3,24479.45,225,24483.95,75,0,1425650
NIFTY-II.NFO,09/08/2024,09:15:57,24480.15,24480.05,100,24483.95,75,625,1425650
NIFTY-II.NFO,09/08/2024,09:15:58,24480.8,24480.15,125,24485,25,350,1425650
NIFTY-II.NFO,09/08/2024,09:15:59,24481.35,24481.8,125,24484.3,25,200,1425650
NIFTY-II.NFO,09/08/2024,09:16:00,24485,24485.75,250,24490,375,125,1425650
NIFTY-II.NFO,09/08/2024,09:16:01,24490.9,24489.1,125,24492,75,825,1425650
NIFTY-II.NFO,09/08/2024,09:16:03,24495,24494.6,250,24498,50,575,1425650
NIFTY-II.NFO,09/08/2024,09:16:04,24495.1,24495.35,50,24498,50,175,1425650
NIFTY-II.NFO,09/08/2024,09:16:05,24498.05,24498.05,75,24499,200,100,1425650
NIFTY-II.NFO,09/08/2024,09:16:06,24500,24499.65,50,24500,2250,1425,1425650
NIFTY-II.NFO,09/08/2024,09:16:07,24501,24501.25,425,24502.95,25,2875,1425650
NIFTY-II.NFO,09/08/2024,09:16:08,24499.1,24500,25,24504.3,150,375,1425650
NIFTY-II.NFO,09/08/2024,09:16:09,24499.1,24499.3,75,24500,925,225,1425650
NIFTY-II.NFO,09/08/2024,09:16:10,24502,24502.5,525,24504.55,50,1125,1425650
NIFTY-II.NFO,09/08/2024,09:16:11,24501.75,24502,425,24505.85,100,225,1425650
NIFTY-II.NFO,09/08/2024,09:16:12,24501.75,24500.55,75,24505.85,100,300,1425650
NIFTY-II.NFO,09/08/2024,09:16:13,24500,24500.45,50,24502.25,25,475,1425650
NIFTY-II.NFO,09/08/2024,09:16:15,24501.7,24501.35,225,24501.75,25,100,1425650
NIFTY-II.NFO,09/08/2024,09:16:16,24500.45,24500.45,425,24501.75,25,50,1425650
NIFTY-II.NFO,09/08/2024,09:16:17,24499.75,24500.55,250,24501.75,75,1125,1425650
NIFTY-II.NFO,09/08/2024,09:16:18,24501.25,24500.95,200,24501.5,25,125,1425650
NIFTY-II.NFO,09/08/2024,09:16:19,24501.5,24501.5,150,24503,25,975,1425650
NIFTY-II.NFO,09/08/2024,09:16:20,24501.6,24496.4,250,24501.6,25,900,1425650
NIFTY-II.NFO,09/08/2024,09:16:21,24495.75,24496.15,75,24500,375,50,1425650
NIFTY-II.NFO,09/08/2024,09:16:22,24496.55,24496.55,75,24500.55,25,1200,1425650
NIFTY-II.NFO,09/08/2024,09:16:23,24500,24495.8,75,24500.4,250,150,1425650
NIFTY-II.NFO,09/08/2024,09:16:24,24496.85,24498.6,75,24500.55,25,25,1425650
NIFTY-II.NFO,09/08/2024,09:16:25,24498.45,24497.7,75,24499,75,100,1425650
NIFTY-II.NFO,09/08/2024,09:16:26,24497,24497.7,75,24499,50,250,1425650
NIFTY-II.NFO,09/08/2024,09:16:27,24499.1,24498.8,75,24500,250,175,1425650
NIFTY-II.NFO,09/08/2024,09:16:28,24499.5,24499.2,500,24500,250,125,1425650
NIFTY-II.NFO,09/08/2024,09:16:29,24501,24500.5,75,24501,75,400,1425650
NIFTY-II.NFO,09/08/2024,09:16:31,24502,24500.75,100,24503,25,950,1425650
NIFTY-II.NFO,09/08/2024,09:16:32,24501.45,24501.45,200,24503,25,125,1425650
NIFTY-II.NFO,09/08/2024,09:16:33,24501.55,24500.85,250,24503,50,75,1425650
NIFTY-II.NFO,09/08/2024,09:16:34,24501.7,24501.7,100,24503,50,350,1425650
NIFTY-II.NFO,09/08/2024,09:16:35,24501.7,24500.75,25,24501.95,75,125,1425650
NIFTY-II.NFO,09/08/2024,09:16:36,24500.75,24500,25,24501.05,25,50,1425650
NIFTY-II.NFO,09/08/2024,09:16:37,24499.95,24499.7,300,24501.05,25,100,1425650
NIFTY-II.NFO,09/08/2024,09:16:38,24499.1,24499.1,150,24501,25,275,1425650
NIFTY-II.NFO,09/08/2024,09:16:39,24499.1,24499.1,175,24500,50,175,1425650
NIFTY-II.NFO,09/08/2024,09:16:40,24499.1,24499.6,25,24500,50,0,1425650
NIFTY-II.NFO,09/08/2024,09:16:41,24500,24499.35,125,24500,1450,150,1425650
NIFTY-II.NFO,09/08/2024,09:16:42,24500,24499.6,150,24500,1425,75,1425650
NIFTY-II.NFO,09/08/2024,09:16:43,24499.55,24499.45,25,24500,1425,50,1425650
NIFTY-II.NFO,09/08/2024,09:16:44,24500,24499.45,25,24500,1250,250,1425650
NIFTY-II.NFO,09/08/2024,09:16:45,24500,24499.8,300,24500,475,825,1425650
NIFTY-II.NFO,09/08/2024,09:16:46,24500.75,24500.45,25,24500.75,1100,1275,1425650
NIFTY-II.NFO,09/08/2024,09:16:47,24500.3,24500.3,75,24500.75,950,400,1425650
NIFTY-II.NFO,09/08/2024,09:16:48,24500.75,24500.5,250,24500.75,450,1025,1425650
NIFTY-II.NFO,09/08/2024,09:16:49,24500.75,24500.5,500,24500.75,300,150,1425650
NIFTY-II.NFO,09/08/2024,09:16:50,24501,24500.75,125,24501,250,625,1425650
NIFTY-II.NFO,09/08/2024,09:16:51,24500.75,24500.5,250,24501,200,175,1425650
NIFTY-II.NFO,09/08/2024,09:16:52,24501,24500.35,75,24501.05,25,1300,1425650
NIFTY-II.NFO,09/08/2024,09:16:53,24500.8,24501,250,24501.7,225,150,1425650
NIFTY-II.NFO,09/08/2024,09:16:54,24500,24499.95,125,24500,375,200,1425650
NIFTY-II.NFO,09/08/2024,09:16:56,24499.8,24499.8,450,24500.75,50,500,1425650
NIFTY-II.NFO,09/08/2024,09:16:57,24500.5,24500.6,125,24500.75,50,150,1425650
NIFTY-II.NFO,09/08/2024,09:16:58,24500.5,24500.55,250,24501.7,225,200,1425650
NIFTY-II.NFO,09/08/2024,09:16:59,24499.85,24499.55,275,24500,50,375,1425650
NIFTY-II.NFO,09/08/2024,09:17:00,24500.8,24500.5,250,24500.8,350,525,1425650
NIFTY-II.NFO,09/08/2024,09:17:01,24500.9,24500.85,250,24502.95,25,1025,1425650
NIFTY-II.NFO,09/08/2024,09:17:02,24501.25,24500.95,250,24502.95,25,75,1425650
NIFTY-II.NFO,09/08/2024,09:17:03,24501.1,24502.25,250,24502.95,25,25,1425650
NIFTY-II.NFO,09/08/2024,09:17:04,24499.5,24499.8,250,24502.95,25,275,1425650
NIFTY-II.NFO,09/08/2024,09:17:05,24499.8,24500.3,250,24501,250,25,1425650
NIFTY-II.NFO,09/08/2024,09:17:06,24500,24500.45,225,24501,125,725,1425650
NIFTY-II.NFO,09/08/2024,09:17:07,24501,24501.05,100,24501.25,500,150,1425650
NIFTY-II.NFO,09/08/2024,09:17:08,24500.85,24500.65,250,24501.25,275,300,1425650
NIFTY-II.NFO,09/08/2024,09:17:09,24501.8,24501,25,24502.05,25,450,1425650
NIFTY-II.NFO,09/08/2024,09:17:10,24501.1,24501,25,24502,25,25,1425650
NIFTY-II.NFO,09/08/2024,09:17:11,24500.95,24500.85,250,24502,25,100,1425650
NIFTY-II.NFO,09/08/2024,09:17:12,24500.7,24500.7,200,24501,25,75,1425650
NIFTY-II.NFO,09/08/2024,09:17:14,24501.55,24501.25,50,24501.55,175,75,1425650
NIFTY-II.NFO,09/08/2024,09:17:15,24501.25,24501.25,25,24501.55,175,25,1425650
NIFTY-II.NFO,09/08/2024,09:17:16,24501.05,24501.2,325,24501.55,175,50,1425650
NIFTY-II.NFO,09/08/2024,09:17:17,24500.6,24500.5,125,24501.55,350,125,1425650
NIFTY-II.NFO,09/08/2024,09:17:18,24499.25,24499.25,50,24501,50,650,1425650
NIFTY-II.NFO,09/08/2024,09:17:19,24500.85,24500.8,125,24501,25,125,1425650
NIFTY-II.NFO,09/08/2024,09:17:20,24499.3,24499.25,25,24501,75,600,1425650
NIFTY-II.NFO,09/08/2024,09:17:21,24499.3,24499.7,125,24500.5,25,0,1425650
NIFTY-II.NFO,09/08/2024,09:17:22,24499.65,24499.25,25,24500.5,25,275,1425650
NIFTY-II.NFO,09/08/2024,09:17:23,24501.05,24501.25,350,24501.55,350,200,1425650
NIFTY-II.NFO,09/08/2024,09:17:24,24501.25,24499.1,100,24501,175,350,1425650
NIFTY-II.NFO,09/08/2024,09:17:26,24498.05,24497.8,50,24499.05,50,250,1425650
NIFTY-II.NFO,09/08/2024,09:17:27,24498,24498.55,250,24499.65,25,600,1425650
NIFTY-II.NFO,09/08/2024,09:17:28,24499.2,24500.25,100,24500.8,75,275,1425650
NIFTY-II.NFO,09/08/2024,09:17:29,24501,24500.15,50,24501,50,225,1425650
NIFTY-II.NFO,09/08/2024,09:17:30,24500.9,24500.05,225,24501,100,100,1425650
NIFTY-II.NFO,09/08/2024,09:17:31,24501,24500.3,125,24501,125,75,1425650
NIFTY-II.NFO,09/08/2024,09:17:32,24500.65,24500.65,150,24502,100,875,1425650
NIFTY-II.NFO,09/08/2024,09:17:33,24500.65,24500.65,350,24502,75,75,1425650
NIFTY-II.NFO,09/08/2024,09:17:34,24500.8,24500.8,100,24502,75,50,1425650
NIFTY-II.NFO,09/08/2024,09:17:35,24500.7,24499.9,200,24500.9,300,50,1425650
NIFTY-II.NFO,09/08/2024,09:17:36,24499.9,24499.95,225,24500.9,275,350,1425650
NIFTY-II.NFO,09/08/2024,09:17:37,24500.5,24500.45,200,24500.65,25,50,1425650
NIFTY-II.NFO,09/08/2024,09:17:39,24500.65,24500.3,125,24500.9,275,150,1425650
NIFTY-II.NFO,09/08/2024,09:17:40,24500.6,24500.45,250,24500.9,225,100,1425650
NIFTY-II.NFO,09/08/2024,09:17:41,24500.25,24500.25,250,24500.8,25,425,1425650
NIFTY-II.NFO,09/08/2024,09:17:42,24500.65,24501.75,25,24501.8,250,475,1425650
NIFTY-II.NFO,09/08/2024,09:17:43,24500.45,24500.05,850,24500.8,75,1300,1425650
NIFTY-II.NFO,09/08/2024,09:17:44,24500.2,24500.15,250,24500.8,75,200,1425650
NIFTY-II.NFO,09/08/2024,09:17:45,24501,24501.45,250,24502,150,250,1425650
NIFTY-II.NFO,09/08/2024,09:17:46,24502,24501.45,125,24503,75,175,1425650
NIFTY-II.NFO,09/08/2024,09:17:47,24501.9,24501.9,75,24503,75,50,1425650
NIFTY-II.NFO,09/08/2024,09:17:48,24502.05,24501.9,75,24503,50,25,1425650
NIFTY-II.NFO,09/08/2024,09:17:50,24501.5,24501.5,100,24501.9,25,250,1425650
NIFTY-II.NFO,09/08/2024,09:17:51,24501.45,24501.35,75,24501.9,25,25,1425650
NIFTY-II.NFO,09/08/2024,09:17:52,24502,24501.55,225,24501.9,25,50,1425650
NIFTY-II.NFO,09/08/2024,09:17:53,24501.9,24501.9,75,24503,50,75,1425650
NIFTY-II.NFO,09/08/2024,09:17:54,24501.9,24502.05,125,24503,50,0,1425650
NIFTY-II.NFO,09/08/2024,09:17:55,24502.2,24502.25,125,24503.85,125,200,1425650
NIFTY-II.NFO,09/08/2024,09:17:56,24504,24503.8,250,24504.5,50,250,1425650
NIFTY-II.NFO,09/08/2024,09:17:57,24504.55,24504.6,200,24505,325,100,1425650
NIFTY-II.NFO,09/08/2024,09:17:58,24504.4,24504.4,25,24505,125,325,1425650
NIFTY-II.NFO,09/08/2024,09:17:59,24505,24504.55,250,24505.9,75,250,1425650
NIFTY-II.NFO,09/08/2024,09:18:00,24504.55,24504.85,75,24505.9,75,50,1425650
NIFTY-II.NFO,09/08/2024,09:18:01,24505.9,24506.2,225,24507.65,100,75,1425650
NIFTY-II.NFO,09/08/2024,09:18:02,24506.2,24506.1,125,24507.65,100,50,1425650
NIFTY-II.NFO,09/08/2024,09:18:03,24506.2,24506.3,175,24507.65,100,0,1425650
NIFTY-II.NFO,09/08/2024,09:18:05,24509,24507.6,250,24509.85,25,225,1425650
NIFTY-II.NFO,09/08/2024,09:18:06,24506.15,24506.05,25,24509.8,100,25,1425650
NIFTY-II.NFO,09/08/2024,09:18:07,24506.2,24505.3,250,24509.8,100,25,1425650
NIFTY-II.NFO,09/08/2024,09:18:08,24509.8,24504.95,250,24508.95,100,550,1425650
NIFTY-II.NFO,09/08/2024,09:18:09,24504.7,24505.55,300,24509,25,75,1425650
NIFTY-II.NFO,09/08/2024,09:18:10,24504.7,24506.45,125,24509,25,0,1425650
NIFTY-II.NFO,09/08/2024,09:18:11,24507.15,24507.8,250,24509,25,75,1425650
NIFTY-II.NFO,09/08/2024,09:18:12,24507.25,24508.1,125,24509,25,200,1425650
NIFTY-II.NFO,09/08/2024,09:18:13,24509,24508.9,250,24509,75,75,1425650
NIFTY-II.NFO,09/08/2024,09:18:14,24508.65,24508.1,250,24509,50,100,1425650
NIFTY-II.NFO,09/08/2024,09:18:15,24506.4,24506.75,25,24509,25,75,1425650
NIFTY-II.NFO,09/08/2024,09:18:17,24507.4,24507.7,250,24508,225,200,1425650
NIFTY-II.NFO,09/08/2024,09:18:19,24507.7,24507.95,175,24509.8,50,325,1425650
NIFTY-II.NFO,09/08/2024,09:18:20,24506.95,24507.75,250,24509.8,50,75,1425650
NIFTY-II.NFO,09/08/2024,09:18:22,24507.95,24507.9,175,24509.8,150,50,1425650
NIFTY-II.NFO,09/08/2024,09:18:24,24507.75,24507.6,150,24509.8,150,150,1425650
NIFTY-II.NFO,09/08/2024,09:18:25,24509.25,24509.15,250,24510,1350,550,1425650
NIFTY-II.NFO,09/08/2024,09:18:27,24510.95,24511.4,25,24512.15,50,1425,1425650
NIFTY-II.NFO,09/08/2024,09:18:29,24509.95,24511,25,24512.15,50,100,1402925
NIFTY-II.NFO,09/08/2024,09:18:30,24510.95,24509.15,125,24512,300,150,1402925
NIFTY-II.NFO,09/08/2024,09:18:32,24510.95,24509.15,125,24509.8,25,0,1402925
NIFTY-II.NFO,09/08/2024,09:18:34,24509.15,24508.9,125,24512.15,50,100,1402925
NIFTY-II.NFO,09/08/2024,09:18:35,24509.15,24509.85,50,24512.15,50,0,1402925
NIFTY-II.NFO,09/08/2024,09:18:37,24514.6,24509.3,200,24510,25,500,1402925
NIFTY-II.NFO,09/08/2024,09:18:39,24509,24508.9,250,24510.95,50,150,1402925
NIFTY-II.NFO,09/08/2024,09:18:40,24508.9,24508.6,100,24510,75,225,1402925
NIFTY-II.NFO,09/08/2024,09:18:42,24510.15,24510.15,125,24510.95,25,100,1402925
NIFTY-II.NFO,09/08/2024,09:18:44,24512,24510.2,250,24512,25,50,1402925
NIFTY-II.NFO,09/08/2024,09:18:45,24510.4,24510.4,275,24512,50,125,1402925
NIFTY-II.NFO,09/08/2024,09:18:47,24510.15,24509.4,50,24510.15,25,325,1402925
NIFTY-II.NFO,09/08/2024,09:18:49,24512,24510.1,50,24513.8,50,75,1402925
NIFTY-II.NFO,09/08/2024,09:18:50,24510.4,24510.15,50,24512,25,100,1402925
NIFTY-II.NFO,09/08/2024,09:18:52,24511.5,24511.15,250,24512,25,125,1402925
NIFTY-II.NFO,09/08/2024,09:18:54,24512,24509.25,25,24513.75,25,50,1402925
NIFTY-II.NFO,09/08/2024,09:18:55,24509.25,24509.8,100,24514,125,25,1402925
NIFTY-II.NFO,09/08/2024,09:18:57,24510.15,24510.5,500,24512,25,50,1402925
NIFTY-II.NFO,09/08/2024,09:18:59,24510.15,24510.35,125,24511.15,25,0,1402925
NIFTY-II.NFO,09/08/2024,09:19:00,24510.4,24508.6,25,24511.15,25,100,1402925
NIFTY-II.NFO,09/08/2024,09:19:02,24512,24509.95,125,24512,75,575,1402925
NIFTY-II.NFO,09/08/2024,09:19:04,24508.65,24508.5,250,24510.4,450,50,1402925
NIFTY-II.NFO,09/08/2024,09:19:05,24510,24505,50,24509.35,50,425,1402925
NIFTY-II.NFO,09/08/2024,09:19:07,24505,24505,25,24507.95,125,25,1402925
NIFTY-II.NFO,09/08/2024,09:19:09,24507.95,24505,25,24508,25,125,1402925
NIFTY-II.NFO,09/08/2024,09:19:10,24503.8,24504.2,50,24508.65,150,125,1402925
NIFTY-II.NFO,09/08/2024,09:19:12,24508.65,24506.35,125,24508.65,25,75,1402925
NIFTY-II.NFO,09/08/2024,09:19:14,24506.35,24506.6,125,24508,25,125,1402925
NIFTY-II.NFO,09/08/2024,09:19:15,24507.45,24507.35,250,24508,25,125,1402925
NIFTY-II.NFO,09/08/2024,09:19:17,24506.2,24506.45,250,24507.15,25,50,1402925
NIFTY-II.NFO,09/08/2024,09:19:19,24507.15,24507.1,250,24508,50,25,1402925
NIFTY-II.NFO,09/08/2024,09:19:20,24507.45,24506.95,250,24507,25,200,1402925
NIFTY-II.NFO,09/08/2024,09:19:22,24507.75,24507.3,300,24510,75,575,1402925
NIFTY-II.NFO,09/08/2024,09:19:24,24507.3,24508.45,75,24508.65,25,25,1402925
NIFTY-II.NFO,09/08/2024,09:19:25,24508.65,24507.1,125,24510,100,125,1402925
NIFTY-II.NFO,09/08/2024,09:19:27,24507.85,24507.9,125,24510,75,50,1402925
NIFTY-II.NFO,09/08/2024,09:19:29,24508.3,24507.9,250,24508,75,175,1402925
NIFTY-II.NFO,09/08/2024,09:19:30,24508.3,24506.8,250,24507.3,25,0,1402925
NIFTY-II.NFO,09/08/2024,09:19:32,24508,24506.9,250,24510,150,125,1402925
NIFTY-II.NFO,09/08/2024,09:19:34,24508,24508,25,24510,225,75,1402925
NIFTY-II.NFO,09/08/2024,09:19:35,24505.95,24505.95,50,24507.15,50,175,1402925
NIFTY-II.NFO,09/08/2024,09:19:37,24506.7,24505.95,50,24507.85,375,150,1402925
NIFTY-II.NFO,09/08/2024,09:19:39,24505.95,24505.4,250,24507.85,150,325,1402925
NIFTY-II.NFO,09/08/2024,09:19:40,24505.95,24505,25,24505.4,25,0,1402925
NIFTY-II.NFO,09/08/2024,09:19:42,24505.4,24502.9,250,24506.7,150,50,1402925
NIFTY-II.NFO,09/08/2024,09:19:44,24506.65,24502.15,250,24506.65,175,25,1402925
NIFTY-II.NFO,09/08/2024,09:19:45,24500.9,24499,25,24501.75,75,150,1402925
NIFTY-II.NFO,09/08/2024,09:19:47,24498.85,24498.85,175,24500.9,50,350,1402925
NIFTY-II.NFO,09/08/2024,09:19:49,24498.8,24498.65,250,24500.9,50,400,1402925
NIFTY-II.NFO,09/08/2024,09:19:50,24499.05,24498.7,500,24500.9,50,300,1402925
NIFTY-II.NFO,09/08/2024,09:19:52,24499.05,24498.8,25,24500.9,50,0,1402925
NIFTY-II.NFO,09/08/2024,09:19:54,24498.8,24498.95,250,24500.9,50,25,1402925
NIFTY-II.NFO,09/08/2024,09:19:55,24500.9,24500.1,250,24504,25,150,1402925
NIFTY-II.NFO,09/08/2024,09:19:57,24501.85,24502.15,125,24504,25,1525,1402925
NIFTY-II.NFO,09/08/2024,09:19:59,24502.2,24502.85,225,24504,25,100,1402925
NIFTY-II.NFO,09/08/2024,09:20:00,24502.9,24503,75,24505,350,75,1402925
NIFTY-II.NFO,09/08/2024,09:20:02,24505.55,24505.1,75,24506.7,75,450,1402925
NIFTY-II.NFO,09/08/2024,09:20:04,24506.5,24507.1,125,24508,75,650,1402925
NIFTY-II.NFO,09/08/2024,09:20:05,24510,24509.95,125,24510,150,475,1402925
NIFTY-II.NFO,09/08/2024,09:20:07,24511.15,24511.25,200,24512,250,725,1402925
NIFTY-II.NFO,09/08/2024,09:20:09,24512,24511.1,250,24512,100,150,1402925
NIFTY-II.NFO,09/08/2024,09:20:10,24511.1,24511.9,250,24512,100,50,1402925
NIFTY-II.NFO,09/08/2024,09:20:12,24513,24512.6,200,24513.9,25,175,1402925
NIFTY-II.NFO,09/08/2024,09:20:14,24510.05,24510.55,250,24513.9,25,50,1402925
NIFTY-II.NFO,09/08/2024,09:20:15,24512.35,24512.5,50,24513,25,50,1402925
NIFTY-II.NFO,09/08/2024,09:20:17,24512,24512.1,375,24514,125,100,1402925
NIFTY-II.NFO,09/08/2024,09:20:19,24515,24514.8,250,24515.55,100,900,1402925
NIFTY-II.NFO,09/08/2024,09:20:20,24514.95,24514.35,250,24514.95,25,425,1402925
NIFTY-II.NFO,09/08/2024,09:20:22,24516.8,24516.95,225,24518,25,275,1402925
NIFTY-II.NFO,09/08/2024,09:20:24,24516.6,24516.35,150,24519.9,25,225,1402925
NIFTY-II.NFO,09/08/2024,09:20:25,24517.7,24518.35,150,24518.85,25,100,1402925
NIFTY-II.NFO,09/08/2024,09:20:27,24521.15,24521.1,250,24522,50,800,1402925
NIFTY-II.NFO,09/08/2024,09:20:29,24518,24518.2,50,24520,25,825,1402925
NIFTY-II.NFO,09/08/2024,09:20:30,24517.85,24518.6,250,24519.95,25,375,1402925
NIFTY-II.NFO,09/08/2024,09:20:32,24520,24520.65,150,24524,25,75,1402925
NIFTY-II.NFO,09/08/2024,09:20:34,24518.95,24519.05,100,24524.95,100,150,1402925
NIFTY-II.NFO,09/08/2024,09:20:35,24520.7,24521.9,250,24524.95,25,175,1402925
NIFTY-II.NFO,09/08/2024,09:20:37,24521.15,24521.95,250,24524.85,25,25,1402925
NIFTY-II.NFO,09/08/2024,09:20:39,24524.95,24522.95,250,24525,825,25,1402925
NIFTY-II.NFO,09/08/2024,09:20:40,24519.7,24519.9,125,24524.8,100,225,1402925
NIFTY-II.NFO,09/08/2024,09:20:42,24521.15,24521.55,125,24524.9,100,25,1402925
NIFTY-II.NFO,09/08/2024,09:20:44,24524.85,24521.6,125,24524.75,100,125,1402925
NIFTY-II.NFO,09/08/2024,09:20:45,24522.45,24522.6,125,24524.75,50,50,1402925
NIFTY-II.NFO,09/08/2024,09:20:47,24523.5,24523.3,250,24524.7,25,250,1402925
NIFTY-II.NFO,09/08/2024,09:20:49,24524.8,24524.5,125,24524.9,75,100,1402925
NIFTY-II.NFO,09/08/2024,09:20:50,24524.75,24524.5,125,24524.95,25,225,1402925
NIFTY-II.NFO,09/08/2024,09:20:52,24524.85,24524.5,125,24524.95,25,25,1402925
NIFTY-II.NFO,09/08/2024,09:20:54,24524.8,24524.6,50,24524.95,50,175,1402925
NIFTY-II.NFO,09/08/2024,09:20:55,24525,24524.6,175,24525,400,650,1402925
NIFTY-II.NFO,09/08/2024,09:20:57,24525,24525.25,125,24527.7,25,450,1402925
NIFTY-II.NFO,09/08/2024,09:20:59,24524.75,24525.3,125,24527.7,25,250,1402925
NIFTY-II.NFO,09/08/2024,09:21:00,24524.5,24525,100,24525.3,200,825,1402925
NIFTY-II.NFO,09/08/2024,09:21:02,24526.75,24527.45,125,24527.55,50,225,1402925
NIFTY-II.NFO,09/08/2024,09:21:04,24526.4,24526.45,125,24527.55,50,125,1402925
NIFTY-II.NFO,09/08/2024,09:21:05,24524.75,24524.75,75,24527.55,50,250,1402925
NIFTY-II.NFO,09/08/2024,09:21:07,24525.3,24526.95,25,24527.55,50,125,1402925
NIFTY-II.NFO,09/08/2024,09:21:09,24526.25,24525.2,50,24527.55,50,100,1402925
NIFTY-II.NFO,09/08/2024,09:21:10,24525.3,24524.75,100,24525.3,25,50,1402925
NIFTY-II.NFO,09/08/2024,09:21:12,24525.3,24524.95,100,24527.6,50,50,1402925
NIFTY-II.NFO,09/08/2024,09:21:13,24526.7,24525.4,150,24527,50,100,1402925
NIFTY-II.NFO,09/08/2024,09:21:15,24527.5,24525.9,250,24527.55,50,925,1402925
NIFTY-II.NFO,09/08/2024,09:21:17,24532.35,24532.35,100,24539.75,125,2275,1402925
NIFTY-II.NFO,09/08/2024,09:21:18,24532.95,24532.95,50,24539.9,100,325,1402925
NIFTY-II.NFO,09/08/2024,09:21:20,24533.05,24532.15,75,24536.75,250,50,1402925
NIFTY-II.NFO,09/08/2024,09:21:22,24532.4,24533.05,50,24539.2,175,375,1402925
NIFTY-II.NFO,09/08/2024,09:21:23,24538.55,24533.5,50,24535,25,200,1402925
NIFTY-II.NFO,09/08/2024,09:21:25,24532.05,24531.75,50,24532.15,25,50,1402925
NIFTY-II.NFO,09/08/2024,09:21:27,24534.5,24534.45,50,24538,75,150,1402925
NIFTY-II.NFO,09/08/2024,09:21:28,24535.05,24534.3,50,24537.95,100,500,1393750
NIFTY-II.NFO,09/08/2024,09:21:30,24533.85,24534.4,150,24537.95,25,50,1393750
NIFTY-II.NFO,09/08/2024,09:21:32,24533.85,24534.7,150,24537.95,25,0,1393750
NIFTY-II.NFO,09/08/2024,09:21:33,24537.95,24536.4,550,24538,75,250,1393750
NIFTY-II.NFO,09/08/2024,09:21:35,24537.9,24538.1,125,24538.9,25,175,1393750
NIFTY-II.NFO,09/08/2024,09:21:37,24536.95,24537.15,250,24538.5,25,100,1393750
NIFTY-II.NFO,09/08/2024,09:21:38,24538.3,24538.15,125,24540,1425,275,1393750
NIFTY-II.NFO,09/08/2024,09:21:40,24538.45,24538.9,125,24540,1425,250,1393750
NIFTY-II.NFO,09/08/2024,09:21:42,24540,24539.35,375,24540,1325,100,1393750
NIFTY-II.NFO,09/08/2024,09:21:43,24542,24539.95,50,24542,50,1575,1393750
NIFTY-II.NFO,09/08/2024,09:21:45,24539.35,24539.8,100,24540,25,50,1393750
NIFTY-II.NFO,09/08/2024,09:21:47,24541,24538.9,25,24542,50,175,1393750
NIFTY-II.NFO,09/08/2024,09:21:48,24534.3,24536.2,50,24539,25,225,1393750
NIFTY-II.NFO,09/08/2024,09:21:50,24537.2,24538.05,125,24539,25,25,1393750
NIFTY-II.NFO,09/08/2024,09:21:52,24537.25,24538.25,125,24539.3,25,100,1393750
NIFTY-II.NFO,09/08/2024,09:21:53,24537.6,24537.4,125,24539.3,25,25,1393750
NIFTY-II.NFO,09/08/2024,09:21:55,24539.35,24536.95,125,24539.35,25,200,1393750
NIFTY-II.NFO,09/08/2024,09:21:57,24538.25,24538.3,125,24540,575,150,1393750
NIFTY-II.NFO,09/08/2024,09:21:58,24538.25,24539.65,125,24540,600,0,1393750
NIFTY-II.NFO,09/08/2024,09:22:00,24535.9,24535.65,125,24539.35,25,3200,1393750
NIFTY-II.NFO,09/08/2024,09:22:02,24535.65,24535.35,125,24539.3,175,125,1393750
NIFTY-II.NFO,09/08/2024,09:22:03,24537.55,24537.65,125,24539,50,25,1393750
NIFTY-II.NFO,09/08/2024,09:22:05,24538.95,24535.4,125,24535.65,25,75,1393750
NIFTY-II.NFO,09/08/2024,09:22:07,24535,24535,25,24535.65,25,50,1393750
NIFTY-II.NFO,09/08/2024,09:22:08,24535.65,24535,275,24535.9,100,50,1393750
NIFTY-II.NFO,09/08/2024,09:22:10,24535.65,24535,25,24535.9,100,0,1393750
NIFTY-II.NFO,09/08/2024,09:22:12,24535,24533.3,250,24535,25,50,1393750
NIFTY-II.NFO,09/08/2024,09:22:13,24533.85,24533.7,350,24535,525,75,1393750
NIFTY-II.NFO,09/08/2024,09:22:15,24533.35,24534.15,225,24535,525,100,1393750
NIFTY-II.NFO,09/08/2024,09:22:16,24535,24534.85,225,24535,325,225,1393750
NIFTY-II.NFO,09/08/2024,09:22:18,24535.5,24535.55,125,24535.9,100,2375,1393750
NIFTY-II.NFO,09/08/2024,09:22:20,24537.6,24537.25,75,24537.6,25,400,1393750
NIFTY-II.NFO,09/08/2024,09:22:22,24538.3,24537.85,50,24539,75,50,1393750
NIFTY-II.NFO,09/08/2024,09:22:23,24539,24536.8,25,24539,50,50,1393750
NIFTY-II.NFO,09/08/2024,09:22:25,24536.8,24536.85,125,24539,50,25,1393750
NIFTY-II.NFO,09/08/2024,09:22:27,24537.6,24537.35,250,24539,75,1125,1393750
NIFTY-II.NFO,09/08/2024,09:22:28,24537.65,24537.6,125,24539,75,125,1393750
NIFTY-II.NFO,09/08/2024,09:22:30,24537.6,24537.6,125,24539,50,75,1393750
NIFTY-II.NFO,09/08/2024,09:22:32,24538.25,24537.45,125,24539,25,50,1393750
NIFTY-II.NFO,09/08/2024,09:22:33,24537.8,24538.3,125,24539,25,75,1393750
NIFTY-II.NFO,09/08/2024,09:22:35,24537.95,24537.55,125,24539.35,25,150,1393750
NIFTY-II.NFO,09/08/2024,09:22:37,24538.2,24538.05,250,24540,775,550,1393750
NIFTY-II.NFO,09/08/2024,09:22:38,24539.35,24537.35,125,24538.3,125,25,1393750
NIFTY-II.NFO,09/08/2024,09:22:40,24538.2,24535.25,250,24538.05,50,75,1393750
NIFTY-II.NFO,09/08/2024,09:22:42,24537.85,24534.55,250,24538.05,125,475,1393750
NIFTY-II.NFO,09/08/2024,09:22:43,24537.85,24535.35,250,24537.35,50,0,1393750
NIFTY-II.NFO,09/08/2024,09:22:45,24537.85,24536.1,100,24537.35,50,0,1393750
NIFTY-II.NFO,09/08/2024,09:22:47,24537.85,24534.45,250,24537.35,50,0,1393750
NIFTY-II.NFO,09/08/2024,09:22:48,24538.2,24534.4,200,24536.4,25,275,1393750
NIFTY-II.NFO,09/08/2024,09:22:50,24536.4,24534.35,250,24538.15,100,25,1393750
NIFTY-II.NFO,09/08/2024,09:22:52,24536.4,24533.3,250,24537.8,175,0,1393750
NIFTY-II.NFO,09/08/2024,09:22:53,24536.4,24533.3,250,24536.4,25,0,1393750
NIFTY-II.NFO,09/08/2024,09:22:55,24536.35,24532.05,125,24536.35,175,50,1393750
NIFTY-II.NFO,09/08/2024,09:22:57,24530.2,24530.2,75,24534.95,175,1025,1393750
NIFTY-II.NFO,09/08/2024,09:22:58,24530.2,24527.6,250,24531.7,75,0,1393750
NIFTY-II.NFO,09/08/2024,09:23:00,24530.2,24528.2,250,24533.25,225,0,1393750
NIFTY-II.NFO,09/08/2024,09:23:02,24533.25,24528.6,250,24533.25,175,50,1393750
NIFTY-II.NFO,09/08/2024,09:23:03,24533.25,24528.6,250,24533.25,175,0,1393750
NIFTY-II.NFO,09/08/2024,09:23:05,24533.3,24529.4,475,24534.75,100,1350,1393750
NIFTY-II.NFO,09/08/2024,09:23:07,24533.35,24529.3,100,24534.95,175,50,1393750
NIFTY-II.NFO,09/08/2024,09:23:08,24530.3,24530.4,300,24534.55,100,50,1393750
NIFTY-II.NFO,09/08/2024,09:23:10,24533.25,24533.25,1975,24534.4,50,1100,1393750
NIFTY-II.NFO,09/08/2024,09:23:12,24533.25,24533.25,1850,24534.4,50,125,1393750
NIFTY-II.NFO,09/08/2024,09:23:13,24533.25,24533.25,1425,24534.4,50,425,1393750
NIFTY-II.NFO,09/08/2024,09:23:15,24533.25,24533.25,1125,24534.4,50,300,1393750
NIFTY-II.NFO,09/08/2024,09:23:17,24533.25,24533.25,925,24534.4,125,200,1393750
NIFTY-II.NFO,09/08/2024,09:23:18,24533.25,24533.25,725,24534.4,50,200,1393750
NIFTY-II.NFO,09/08/2024,09:23:20,24533.25,24533.25,700,24533.8,25,25,1393750
NIFTY-II.NFO,09/08/2024,09:23:22,24533.25,24533.25,675,24533.35,25,25,1393750
NIFTY-II.NFO,09/08/2024,09:23:23,24533.25,24533.25,600,24533.8,25,100,1393750
NIFTY-II.NFO,09/08/2024,09:23:25,24534.4,24533.25,600,24534.4,25,200,1393750
NIFTY-II.NFO,09/08/2024,09:23:27,24535.8,24533.25,450,24535,25,350,1393750
NIFTY-II.NFO,09/08/2024,09:23:28,24533.25,24533.25,350,24535,25,125,1393750
NIFTY-II.NFO,09/08/2024,09:23:30,24533.25,24533.25,250,24535,25,125,1393750
NIFTY-II.NFO,09/08/2024,09:23:32,24533.25,24533.25,175,24535,25,75,1393750
NIFTY-II.NFO,09/08/2024,09:23:33,24530.3,24530.3,175,24534.15,75,250,1393750
NIFTY-II.NFO,09/08/2024,09:23:35,24530.3,24530,200,24531.7,150,175,1393750
NIFTY-II.NFO,09/08/2024,09:23:37,24530,24527.75,100,24532.85,150,200,1393750
NIFTY-II.NFO,09/08/2024,09:23:38,24528.6,24528.75,250,24533,50,200,1393750
NIFTY-II.NFO,09/08/2024,09:23:40,24528.6,24528.25,250,24530,25,0,1393750
NIFTY-II.NFO,09/08/2024,09:23:42,24529.3,24529.3,150,24532.35,25,175,1393750
NIFTY-II.NFO,09/08/2024,09:23:43,24530,24530,250,24532.95,25,25,1393750
NIFTY-II.NFO,09/08/2024,09:23:45,24530,24528.7,250,24532.95,100,0,1393750
NIFTY-II.NFO,09/08/2024,09:23:46,24528.6,24528.6,275,24529.3,25,75,1393750
NIFTY-II.NFO,09/08/2024,09:23:48,24528.6,24529.25,250,24529.3,25,0,1393750
NIFTY-II.NFO,09/08/2024,09:23:50,24528.6,24528.6,275,24529.3,25,0,1393750
NIFTY-II.NFO,09/08/2024,09:23:53,24528.6,24525.75,250,24529.25,100,275,1393750
NIFTY-II.NFO,09/08/2024,09:23:55,24526.5,24526.45,250,24529.25,25,175,1393750
NIFTY-II.NFO,09/08/2024,09:23:56,24526.45,24525.3,250,24528.6,275,25,1393750
NIFTY-II.NFO,09/08/2024,09:23:58,24524.05,24522.35,250,24526.85,150,50,1393750
NIFTY-II.NFO,09/08/2024,09:24:00,24525,24521.2,75,24524.55,100,75,1393750
NIFTY-II.NFO,09/08/2024,09:24:01,24520,24519.15,50,24520,275,50,1393750
NIFTY-II.NFO,09/08/2024,09:24:03,24520,24521.05,50,24526.4,175,275,1393750
NIFTY-II.NFO,09/08/2024,09:24:05,24521,24522.75,175,24528.45,175,325,1393750
NIFTY-II.NFO,09/08/2024,09:24:06,24524.7,24524.9,125,24525.95,25,225,1393750
NIFTY-II.NFO,09/08/2024,09:24:08,24524.7,24524.3,125,24525.95,25,0,1393750
NIFTY-II.NFO,09/08/2024,09:24:10,24529.25,24524.5,600,24529.8,125,650,1393750
NIFTY-II.NFO,09/08/2024,09:24:11,24529.25,24525.6,225,24529.65,25,0,1393750
NIFTY-II.NFO,09/08/2024,09:24:13,24523.7,24523.8,175,24528.25,25,50,1393750
NIFTY-II.NFO,09/08/2024,09:24:15,24523.7,24523.7,125,24528.9,100,0,1393750
NIFTY-II.NFO,09/08/2024,09:24:16,24524.5,24522.3,300,24525.2,25,25,1393750
NIFTY-II.NFO,09/08/2024,09:24:18,24524.5,24521,250,24524.95,125,0,1393750
NIFTY-II.NFO,09/08/2024,09:24:20,24521,24521,125,24524.85,175,125,1393750
NIFTY-II.NFO,09/08/2024,09:24:21,24521.25,24521.4,300,24523.7,25,25,1393750
NIFTY-II.NFO,09/08/2024,09:24:23,24523.7,24521.5,250,24525,100,25,1393750
NIFTY-II.NFO,09/08/2024,09:24:25,24523.7,24521.5,250,24523.7,25,0,1393750
NIFTY-II.NFO,09/08/2024,09:24:26,24523.7,24521,125,24524.5,25,100,1393750
NIFTY-II.NFO,09/08/2024,09:24:28,24521,24520,25,24522.95,100,125,1393750
NIFTY-II.NFO,09/08/2024,09:24:30,24520,24518.15,250,24522,175,25,1390750
NIFTY-II.NFO,09/08/2024,09:24:31,24518.15,24518.05,250,24521.55,25,250,1390750
NIFTY-II.NFO,09/08/2024,09:24:33,24519.45,24519.45,25,24521,25,150,1390750
NIFTY-II.NFO,09/08/2024,09:24:35,24521,24518.85,150,24523.3,175,25,1390750
NIFTY-II.NFO,09/08/2024,09:24:36,24518.85,24518.55,250,24522.8,175,25,1390750
NIFTY-II.NFO,09/08/2024,09:24:38,24522.45,24518.2,100,24518.75,25,250,1390750
NIFTY-II.NFO,09/08/2024,09:24:40,24518.8,24518.8,175,24519.45,25,50,1390750
NIFTY-II.NFO,09/08/2024,09:24:41,24519.45,24518.65,100,24520,275,25,1390750
NIFTY-II.NFO,09/08/2024,09:24:43,24518.6,24519.3,125,24520,300,25,1390750
NIFTY-II.NFO,09/08/2024,09:24:45,24518.6,24519.35,100,24520,300,0,1390750
NIFTY-II.NFO,09/08/2024,09:24:46,24521.3,24521.25,125,24522.45,25,475,1390750
NIFTY-II.NFO,09/08/2024,09:24:48,24522.45,24522.4,125,24523.6,50,75,1390750
NIFTY-II.NFO,09/08/2024,09:24:50,24522.45,24522.45,25,24523.6,50,0,1390750
NIFTY-II.NFO,09/08/2024,09:24:51,24522.45,24522.55,225,24523.6,50,25,1390750
NIFTY-II.NFO,09/08/2024,09:24:53,24522.45,24521.4,175,24523.7,50,50,1390750
NIFTY-II.NFO,09/08/2024,09:24:54,24522.45,24520.15,125,24523.7,50,25,1390750
NIFTY-II.NFO,09/08/2024,09:24:56,24520.1,24520.4,125,24522.35,25,250,1390750
NIFTY-II.NFO,09/08/2024,09:24:58,24520.1,24521.1,25,24522.35,25,0,1390750
NIFTY-II.NFO,09/08/2024,09:24:59,24522.2,24522.1,125,24524,25,150,1390750
NIFTY-II.NFO,09/08/2024,09:25:01,24522.65,24523.25,100,24524,25,25,1390750
NIFTY-II.NFO,09/08/2024,09:25:02,24522.65,24523.25,100,24524,25,0,1390750
NIFTY-II.NFO,09/08/2024,09:25:04,24521.95,24522.3,75,24524,25,75,1390750
NIFTY-II.NFO,09/08/2024,09:25:06,24521.95,24519.8,25,24524,25,0,1390750
NIFTY-II.NFO,09/08/2024,09:25:07,24521.5,24521.25,175,24524,25,75,1390750
NIFTY-II.NFO,09/08/2024,09:25:09,24521.25,24520.85,200,24524,25,75,1390750
NIFTY-II.NFO,09/08/2024,09:25:11,24520.75,24520,175,24524,25,100,1390750
NIFTY-II.NFO,09/08/2024,09:25:12,24520.75,24519.7,125,24523.95,175,0,1390750
NIFTY-II.NFO,09/08/2024,09:25:14,24520.75,24519.45,50,24521.5,25,0,1390750
NIFTY-II.NFO,09/08/2024,09:25:15,24520.75,24519.45,50,24520,25,0,1390750
NIFTY-II.NFO,09/08/2024,09:25:17,24519.1,24519.2,175,24520,25,150,1390750
NIFTY-II.NFO,09/08/2024,09:25:19,24518.7,24518.85,250,24519.45,25,1900,1390750
NIFTY-II.NFO,09/08/2024,09:25:20,24518.9,24518.85,350,24519.45,25,25,1390750
NIFTY-II.NFO,09/08/2024,09:25:22,24520,24520.45,250,24520.75,50,75,1390750
NIFTY-II.NFO,09/08/2024,09:25:23,24520.75,24520.5,325,24521,450,250,1390750
NIFTY-II.NFO,09/08/2024,09:25:25,24521,24521.1,75,24521.5,25,450,1390750
NIFTY-II.NFO,09/08/2024,09:25:27,24521.5,24521.6,75,24522.65,25,75,1390750
NIFTY-II.NFO,09/08/2024,09:25:28,24521,24520.8,250,24524.95,100,125,1390750
NIFTY-II.NFO,09/08/2024,09:25:30,24521,24521.3,175,24525,250,0,1390750
NIFTY-II.NFO,09/08/2024,09:25:32,24522.05,24522.7,125,24525,250,25,1390750
NIFTY-II.NFO,09/08/2024,09:25:33,24522.05,24522.7,125,24525,250,0,1390750
NIFTY-II.NFO,09/08/2024,09:25:35,24525,24522.7,125,24525,75,200,1390750
NIFTY-II.NFO,09/08/2024,09:25:36,24522.05,24522,50,24525,75,175,1390750
NIFTY-II.NFO,09/08/2024,09:25:38,24522.05,24522,50,24525,75,0,1390750
NIFTY-II.NFO,09/08/2024,09:25:40,24525,24522,175,24523.3,25,25,1390750
NIFTY-II.NFO,09/08/2024,09:25:41,24523.3,24522,50,24525,50,25,1390750
NIFTY-II.NFO,09/08/2024,09:25:43,24523.3,24522.55,25,24525,50,0,1390750
NIFTY-II.NFO,09/08/2024,09:25:45,24522.6,24522.5,75,24525,50,25,1390750
NIFTY-II.NFO,09/08/2024,09:25:46,24522.6,24523.3,125,24525,50,0,1390750
NIFTY-II.NFO,09/08/2024,09:25:48,24523.1,24522.9,125,24525,25,100,1390750
NIFTY-II.NFO,09/08/2024,09:25:49,24523.85,24523.8,225,24525,375,25,1390750
NIFTY-II.NFO,09/08/2024,09:25:51,24523.3,24523.05,150,24525,400,75,1390750
NIFTY-II.NFO,09/08/2024,09:25:53,24523.3,24522.95,150,24523.75,25,0,1390750
NIFTY-II.NFO,09/08/2024,09:25:54,24523.3,24523.6,25,24523.75,25,0,1390750
NIFTY-II.NFO,09/08/2024,09:25:56,24524.2,24524.1,75,24525,525,250,1390750
NIFTY-II.NFO,09/08/2024,09:25:58,24525.85,24525.45,75,24526,25,650,1390750
NIFTY-II.NFO,09/08/2024,09:25:59,24525.75,24526.15,125,24527,150,100,1390750
NIFTY-II.NFO,09/08/2024,09:26:01,24527,24527.7,125,24529.25,50,150,1390750
NIFTY-II.NFO,09/08/2024,09:26:03,24530,24528.45,125,24530,350,200,1390750
NIFTY-II.NFO,09/08/2024,09:26:04,24527.25,24527.3,125,24530,300,200,1390750
NIFTY-II.NFO,09/08/2024,09:26:06,24530,24527.95,125,24530,275,25,1390750
NIFTY-II.NFO,09/08/2024,09:26:08,24525.8,24527.25,50,24529.95,100,50,1390750
NIFTY-II.NFO,09/08/2024,09:26:09,24527.7,24527.7,125,24530,200,75,1390750
NIFTY-II.NFO,09/08/2024,09:26:11,24527.2,24527.25,125,24530,225,100,1390750
NIFTY-II.NFO,09/08/2024,09:26:13,24527.2,24527.25,125,24530,225,0,1390750
NIFTY-II.NFO,09/08/2024,09:26:14,24527.2,24527.9,125,24530,275,0,1390750
NIFTY-II.NFO,09/08/2024,09:26:16,24527.2,24528.85,125,24530,300,0,1390750
NIFTY-II.NFO,09/08/2024,09:26:18,24527.2,24529.75,100,24530,475,0,1390750
NIFTY-II.NFO,09/08/2024,09:26:19,24529.55,24529.6,50,24530,475,75,1390750
NIFTY-II.NFO,09/08/2024,09:26:21,24529.55,24527.75,75,24530,475,0,1390750
NIFTY-II.NFO,09/08/2024,09:26:23,24528,24529.2,50,24530,475,25,1390750
NIFTY-II.NFO,09/08/2024,09:26:24,24529.2,24529.25,125,24530,475,50,1390750
NIFTY-II.NFO,09/08/2024,09:26:26,24529.2,24529.65,250,24530,475,125,1390750
NIFTY-II.NFO,09/08/2024,09:26:28,24530,24529.65,125,24530,1850,125,1390750
NIFTY-II.NFO,09/08/2024,09:26:29,24530,24530.55,125,24533,50,1850,1390750
NIFTY-II.NFO,09/08/2024,09:26:31,24530,24529.9,25,24533,50,0,1390750
NIFTY-II.NFO,09/08/2024,09:26:32,24530.1,24530,250,24533,50,125,1390750
NIFTY-II.NFO,09/08/2024,09:26:34,24530.1,24531.2,125,24533,50,0,1390750
NIFTY-II.NFO,09/08/2024,09:26:36,24535,24530.5,200,24534.7,100,425,1390750
NIFTY-II.NFO,09/08/2024,09:26:37,24531.05,24529.1,200,24533.45,100,25,1390750
NIFTY-II.NFO,09/08/2024,09:26:39,24529.1,24529.6,125,24534.65,100,25,1390750
NIFTY-II.NFO,09/08/2024,09:26:41,24529.65,24530.6,125,24534.5,125,325,1390750
NIFTY-II.NFO,09/08/2024,09:26:42,24530.5,24530.45,125,24534,125,25,1390750
NIFTY-II.NFO,09/08/2024,09:26:44,24534.95,24531.9,100,24535,2550,25,1390750
NIFTY-II.NFO,09/08/2024,09:26:46,24534.95,24531.3,125,24534.2,125,0,1390750
NIFTY-II.NFO,09/08/2024,09:26:47,24531.3,24532.3,75,24535,2550,25,1390750
NIFTY-II.NFO,09/08/2024,09:26:49,24535,24533,100,24535,2500,50,1390750
NIFTY-II.NFO,09/08/2024,09:26:51,24535,24534.65,250,24535,2300,225,1390750
NIFTY-II.NFO,09/08/2024,09:26:52,24535,24534.45,250,24535,1975,325,1390750
NIFTY-II.NFO,09/08/2024,09:26:54,24536,24536.45,250,24537,25,3800,1390750
NIFTY-II.NFO,09/08/2024,09:26:56,24538.8,24538.75,250,24539,25,400,1390750
NIFTY-II.NFO,09/08/2024,09:26:57,24539.85,24539.45,325,24539.85,25,650,1390750
NIFTY-II.NFO,09/08/2024,09:26:59,24542,24540.4,500,24542,1550,725,1390750
NIFTY-II.NFO,09/08/2024,09:27:00,24542,24541.45,250,24542,1550,0,1390750
NIFTY-II.NFO,09/08/2024,09:27:02,24542,24541.25,25,24542,800,975,1390750
NIFTY-II.NFO,09/08/2024,09:27:04,24542,24541.35,25,24542,725,75,1390750
NIFTY-II.NFO,09/08/2024,09:27:05,24542,24541.95,225,24542,350,400,1390750
NIFTY-II.NFO,09/08/2024,09:27:07,24545,24541.05,100,24545,1225,800,1390750
NIFTY-II.NFO,09/08/2024,09:27:09,24542.35,24542.4,25,24545,1175,150,1390750
NIFTY-II.NFO,09/08/2024,09:27:10,24542.4,24543.95,100,24545,1175,25,1390750
NIFTY-II.NFO,09/08/2024,09:27:12,24545,24544.95,250,24545,1075,125,1390750
NIFTY-II.NFO,09/08/2024,09:27:13,24545,24544.8,250,24545,950,125,1390750
NIFTY-II.NFO,09/08/2024,09:27:17,24543.15,24542.9,250,24545,1025,500,1390750
NIFTY-II.NFO,09/08/2024,09:27:18,24543.15,24543.9,250,24545,1025,0,1390750
NIFTY-II.NFO,09/08/2024,09:27:20,24546,24544.95,225,24548,175,1050,1390750
NIFTY-II.NFO,09/08/2024,09:27:22,24545.2,24545.15,25,24548,175,275,1390750
NIFTY-II.NFO,09/08/2024,09:27:23,24544,24545.25,375,24548,175,100,1390750
NIFTY-II.NFO,09/08/2024,09:27:25,24545.5,24545.25,150,24548,175,25,1390750
NIFTY-II.NFO,09/08/2024,09:27:27,24545.25,24545.5,250,24547,25,25,1390750
NIFTY-II.NFO,09/08/2024,09:27:28,24545.25,24546,25,24547,25,0,1390750
NIFTY-II.NFO,09/08/2024,09:27:30,24545.25,24546.25,25,24547,25,0,1390750
NIFTY-II.NFO,09/08/2024,09:27:32,24550,24548.4,125,24550,2375,1550,1384725
NIFTY-II.NFO,09/08/2024,09:27:33,24553,24553.35,25,24553.65,25,2725,1384725
NIFTY-II.NFO,09/08/2024,09:27:33,24553,24553.35,25,24553.65,25,0,1384725
NIFTY-II.NFO,09/08/2024,09:27:35,24555,24556.45,25,24557.35,250,575,1384725
NIFTY-II.NFO,09/08/2024,09:27:35,24555,24556.45,25,24557.35,250,0,1384725
NIFTY-II.NFO,09/08/2024,09:27:37,24562.95,24560.05,25,24565.9,25,2100,1384725
NIFTY-II.NFO,09/08/2024,09:27:37,24565.2,24560.05,25,24565.9,25,0,1384725
NIFTY-II.NFO,09/08/2024,09:27:38,24561.2,24561.2,25,24565.3,25,225,1384725
NIFTY-II.NFO,09/08/2024,09:27:38,24566.6,24561.2,25,24565.3,25,0,1384725
NIFTY-II.NFO,09/08/2024,09:27:40,24561.2,24562.1,50,24567.2,25,0,1384725
NIFTY-II.NFO,09/08/2024,09:27:42,24563.05,24562.15,25,24565.3,25,25,1384725
NIFTY-II.NFO,09/08/2024,09:27:43,24561.4,24557.95,100,24560,25,125,1384725
NIFTY-II.NFO,09/08/2024,09:27:45,24560,24559.35,25,24562.95,450,25,1384725
NIFTY-II.NFO,09/08/2024,09:27:47,24562.95,24558.7,600,24562.95,400,50,1384725
NIFTY-II.NFO,09/08/2024,09:27:48,24557.45,24557.6,100,24561.55,75,75,1384725
NIFTY-II.NFO,09/08/2024,09:27:50,24560.85,24554.6,325,24559.45,75,50,1384725
NIFTY-II.NFO,09/08/2024,09:27:52,24561.4,24556.05,50,24560.15,150,1025,1384725
NIFTY-II.NFO,09/08/2024,09:27:53,24559.45,24556.15,25,24558.5,50,75,1384725
NIFTY-II.NFO,09/08/2024,09:27:55,24556.15,24556.1,25,24557.9,150,25,1384725
NIFTY-II.NFO,09/08/2024,09:27:57,24558.1,24556.05,25,24558.1,100,75,1384725
NIFTY-II.NFO,09/08/2024,09:27:58,24554.1,24554.1,100,24556.05,25,150,1384725
NIFTY-II.NFO,09/08/2024,09:28:00,24556.05,24556.65,150,24557.6,100,325,1384725
NIFTY-II.NFO,09/08/2024,09:28:02,24555.1,24553.75,75,24556.15,25,125,1384725
NIFTY-II.NFO,09/08/2024,09:28:03,24556.15,24555,25,24558.2,100,50,1384725
NIFTY-II.NFO,09/08/2024,09:28:05,24558.25,24553.65,175,24558.5,25,150,1384725
NIFTY-II.NFO,09/08/2024,09:28:07,24558.25,24554.7,300,24558.95,25,0,1384725
NIFTY-II.NFO,09/08/2024,09:28:08,24559.95,24554.4,250,24558.65,50,25,1384725
NIFTY-II.NFO,09/08/2024,09:28:10,24559.95,24555.55,250,24558,25,0,1384725
NIFTY-II.NFO,09/08/2024,09:28:12,24559.95,24554.75,125,24558,25,0,1384725
NIFTY-II.NFO,09/08/2024,09:28:13,24558,24554.7,125,24559.15,50,75,1384725
NIFTY-II.NFO,09/08/2024,09:28:15,24556.35,24554,25,24558.3,50,50,1384725
NIFTY-II.NFO,09/08/2024,09:28:17,24557.1,24554,25,24557.75,125,75,1384725
NIFTY-II.NFO,09/08/2024,09:28:18,24552.55,24553.2,75,24558.2,100,1300,1384725
NIFTY-II.NFO,09/08/2024,09:28:20,24552.65,24553.5,250,24558.35,225,25,1384725
NIFTY-II.NFO,09/08/2024,09:28:22,24552.65,24553.95,125,24556,25,0,1384725
NIFTY-II.NFO,09/08/2024,09:28:23,24556,24554.2,350,24558,25,50,1384725
NIFTY-II.NFO,09/08/2024,09:28:25,24554.15,24553,25,24555,50,50,1384725
NIFTY-II.NFO,09/08/2024,09:28:27,24553,24552.55,250,24552.65,25,25,1384725
NIFTY-II.NFO,09/08/2024,09:28:28,24551.95,24551.55,550,24555,50,50,1384725
NIFTY-II.NFO,09/08/2024,09:28:30,24554.15,24554.15,25,24555,50,25,1384725
NIFTY-II.NFO,09/08/2024,09:28:32,24554.15,24554.15,25,24555,50,0,1384725
NIFTY-II.NFO,09/08/2024,09:28:33,24553.2,24553,25,24555,50,50,1384725
NIFTY-II.NFO,09/08/2024,09:28:35,24555,24554.15,325,24558,25,75,1384725
NIFTY-II.NFO,09/08/2024,09:28:37,24555,24554.9,325,24558,25,0,1384725
NIFTY-II.NFO,09/08/2024,09:28:38,24555,24555.35,325,24558,25,0,1384725
NIFTY-II.NFO,09/08/2024,09:28:40,24555.35,24556,300,24558,25,25,1384725
NIFTY-II.NFO,09/08/2024,09:28:42,24554.8,24554.8,150,24555,25,50,1384725
NIFTY-II.NFO,09/08/2024,09:28:43,24555,24556.7,250,24558,25,25,1384725
NIFTY-II.NFO,09/08/2024,09:28:45,24556.15,24555.3,325,24558.5,100,50,1384725
NIFTY-II.NFO,09/08/2024,09:28:46,24556.35,24556.35,300,24557.3,25,25,1384725
NIFTY-II.NFO,09/08/2024,09:28:48,24557.3,24556.35,250,24557.3,25,25,1384725
NIFTY-II.NFO,09/08/2024,09:28:50,24557.3,24556.2,100,24558.5,100,50,1384725
NIFTY-II.NFO,09/08/2024,09:28:51,24557,24556.6,200,24558.5,100,25,1384725
NIFTY-II.NFO,09/08/2024,09:28:53,24558.5,24555.35,225,24558.5,75,50,1384725
NIFTY-II.NFO,09/08/2024,09:28:55,24558.5,24554.45,325,24557.3,25,0,1384725
NIFTY-II.NFO,09/08/2024,09:28:56,24558.5,24554.45,250,24557.3,25,0,1384725
NIFTY-II.NFO,09/08/2024,09:28:58,24552.3,24551.9,250,24555.35,25,500,1384725
NIFTY-II.NFO,09/08/2024,09:29:00,24552.3,24552.5,325,24555.35,25,0,1384725
NIFTY-II.NFO,09/08/2024,09:29:01,24556.4,24553.05,150,24557.3,25,100,1384725
NIFTY-II.NFO,09/08/2024,09:29:03,24558,24556.4,25,24558.45,175,50,1384725
NIFTY-II.NFO,09/08/2024,09:29:05,24553.05,24552.9,300,24558.45,175,175,1384725
NIFTY-II.NFO,09/08/2024,09:29:06,24553.05,24552.1,250,24557.25,100,0,1384725
NIFTY-II.NFO,09/08/2024,09:29:08,24553.05,24552,75,24553.05,50,0,1384725
NIFTY-II.NFO,09/08/2024,09:29:10,24553.05,24549.85,25,24553.05,25,125,1384725
NIFTY-II.NFO,09/08/2024,09:29:11,24553.05,24550.25,250,24552,25,0,1384725
NIFTY-II.NFO,09/08/2024,09:29:13,24553.05,24549.85,25,24552,25,0,1384725
NIFTY-II.NFO,09/08/2024,09:29:15,24549.85,24548.15,25,24550,25,25,1384725
NIFTY-II.NFO,09/08/2024,09:29:16,24546,24545.35,50,24549.75,150,75,1384725
NIFTY-II.NFO,09/08/2024,09:29:18,24545.25,24545.5,50,24549.95,100,50,1384725
NIFTY-II.NFO,09/08/2024,09:29:20,24545.25,24546.35,50,24550,50,0,1384725
NIFTY-II.NFO,09/08/2024,09:29:21,24550,24545.25,175,24550.5,50,1000,1384725
NIFTY-II.NFO,09/08/2024,09:29:23,24550,24545.2,250,24549.65,50,0,1384725
NIFTY-II.NFO,09/08/2024,09:29:25,24545.25,24545.25,50,24550.35,100,200,1384725
NIFTY-II.NFO,09/08/2024,09:29:26,24545.25,24546.6,125,24551.35,100,0,1384725
NIFTY-II.NFO,09/08/2024,09:29:28,24545.95,24545.95,100,24551.35,100,25,1384725
NIFTY-II.NFO,09/08/2024,09:29:30,24545.95,24546.05,25,24550.2,100,0,1384725
NIFTY-II.NFO,09/08/2024,09:29:31,24545.95,24546.1,150,24551.3,100,25,1384725
NIFTY-II.NFO,09/08/2024,09:29:33,24551.3,24546.3,125,24551.3,100,25,1384725
NIFTY-II.NFO,09/08/2024,09:29:35,24550,24550,475,24551.35,100,600,1384725
NIFTY-II.NFO,09/08/2024,09:29:36,24550,24550,100,24551.35,100,375,1384725
NIFTY-II.NFO,09/08/2024,09:29:38,24551.35,24550,100,24551.4,50,25,1384725
NIFTY-II.NFO,09/08/2024,09:29:40,24550,24550,75,24551.4,50,25,1384725
NIFTY-II.NFO,09/08/2024,09:29:41,24553.05,24550,75,24553.05,200,175,1384725
NIFTY-II.NFO,09/08/2024,09:29:43,24549.95,24548.9,325,24550,325,125,1384725
NIFTY-II.NFO,09/08/2024,09:29:45,24550,24548.9,250,24550,300,25,1384725
NIFTY-II.NFO,09/08/2024,09:29:46,24550.15,24550.15,75,24553.05,200,325,1384725
NIFTY-II.NFO,09/08/2024,09:29:48,24550.15,24550.4,325,24552,25,0,1384725
NIFTY-II.NFO,09/08/2024,09:29:50,24550.15,24548.15,225,24550,25,0,1384725
NIFTY-II.NFO,09/08/2024,09:29:51,24553.05,24548.15,175,24553,100,300,1384725
NIFTY-II.NFO,09/08/2024,09:29:53,24550,24548.95,225,24550,75,25,1384725
NIFTY-II.NFO,09/08/2024,09:29:55,24550,24549.6,175,24550,50,325,1384725
NIFTY-II.NFO,09/08/2024,09:29:56,24550.15,24551.2,150,24553.05,75,125,1384725
NIFTY-II.NFO,09/08/2024,09:29:58,24553.05,24552.2,75,24553.05,25,50,1384725
NIFTY-II.NFO,09/08/2024,09:30:00,24551.3,24550.9,100,24553.05,25,125,1384725
NIFTY-II.NFO,09/08/2024,09:30:01,24550.15,24550.6,25,24553.05,25,50,1384725
NIFTY-II.NFO,09/08/2024,09:30:03,24555,24553.3,75,24555.55,25,75,1384725
NIFTY-II.NFO,09/08/2024,09:30:05,24553.25,24552.2,100,24555,25,75,1384725
NIFTY-II.NFO,09/08/2024,09:30:06,24555.55,24553.1,200,24556.6,75,75,1384725
NIFTY-II.NFO,09/08/2024,09:30:08,24558,24554.95,75,24558,350,25,1384725
NIFTY-II.NFO,09/08/2024,09:30:10,24558,24556.75,100,24558,300,75,1384725
NIFTY-II.NFO,09/08/2024,09:30:11,24552.55,24553.15,100,24557.15,75,1050,1384725
NIFTY-II.NFO,09/08/2024,09:30:13,24553.65,24554.2,250,24559,125,25,1384725
NIFTY-II.NFO,09/08/2024,09:30:15,24553.65,24553.7,25,24557.8,75,0,1384725
NIFTY-II.NFO,09/08/2024,09:30:16,24554,24553.45,125,24554,1350,450,1384725
NIFTY-II.NFO,09/08/2024,09:30:18,24554,24553.9,375,24554,200,1150,1384725
NIFTY-II.NFO,09/08/2024,09:30:20,24558.45,24553,25,24554,25,250,1384725
NIFTY-II.NFO,09/08/2024,09:30:21,24558.45,24553,25,24554,25,0,1384725
NIFTY-II.NFO,09/08/2024,09:30:23,24554,24554.85,25,24555,150,25,1384725
NIFTY-II.NFO,09/08/2024,09:30:25,24559,24557.85,25,24559,50,225,1384725
NIFTY-II.NFO,09/08/2024,09:30:26,24559,24555.7,100,24558.95,100,25,1384725
NIFTY-II.NFO,09/08/2024,09:30:28,24559,24555.7,100,24559,25,0,1384725
NIFTY-II.NFO,09/08/2024,09:30:30,24559,24555.3,100,24559.1,125,50,1379775
NIFTY-II.NFO,09/08/2024,09:30:31,24555.3,24554.75,50,24559.1,125,50,1379775
NIFTY-II.NFO,09/08/2024,09:30:33,24553.9,24553.25,50,24557.95,150,75,1379775
NIFTY-II.NFO,09/08/2024,09:30:35,24551.85,24550.45,50,24555.2,250,100,1379775
NIFTY-II.NFO,09/08/2024,09:30:36,24555.2,24550.45,75,24554.75,75,25,1379775
NIFTY-II.NFO,09/08/2024,09:30:38,24555.2,24550.3,100,24553.75,75,0,1379775
NIFTY-II.NFO,09/08/2024,09:30:40,24555.2,24550,350,24552.35,50,0,1379775
NIFTY-II.NFO,09/08/2024,09:30:41,24550,24546.4,75,24550.4,100,350,1379775
NIFTY-II.NFO,09/08/2024,09:30:43,24550,24546.45,250,24551.35,225,0,1379775
NIFTY-II.NFO,09/08/2024,09:30:45,24550,24548.05,25,24552.35,100,0,1379775
NIFTY-II.NFO,09/08/2024,09:30:46,24550,24548.05,25,24551.7,175,0,1379775
NIFTY-II.NFO,09/08/2024,09:30:48,24550,24546.15,250,24550.9,100,0,1379775
NIFTY-II.NFO,09/08/2024,09:30:49,24550,24545.25,300,24547.85,100,0,1379775
NIFTY-II.NFO,09/08/2024,09:30:51,24544.4,24541.75,125,24545,50,600,1379775
NIFTY-II.NFO,09/08/2024,09:30:53,24545,24541.9,75,24545.7,75,100,1379775
NIFTY-II.NFO,09/08/2024,09:30:54,24542.1,24542.95,50,24545,50,50,1379775
NIFTY-II.NFO,09/08/2024,09:30:56,24542.1,24542.15,25,24544.45,250,0,1379775
NIFTY-II.NFO,09/08/2024,09:30:58,24542.15,24540.05,25,24544.4,100,25,1379775
NIFTY-II.NFO,09/08/2024,09:30:59,24541.8,24542.05,25,24545,50,150,1379775
NIFTY-II.NFO,09/08/2024,09:31:01,24541.8,24541.8,25,24545,50,25,1379775
NIFTY-II.NFO,09/08/2024,09:31:03,24548.2,24545.05,25,24548.3,75,475,1379775
NIFTY-II.NFO,09/08/2024,09:31:04,24548.2,24543.15,100,24547.7,75,0,1379775
NIFTY-II.NFO,09/08/2024,09:31:06,24548.2,24543.85,500,24548.4,150,0,1379775
NIFTY-II.NFO,09/08/2024,09:31:08,24544.4,24546.05,25,24549.9,100,125,1379775
NIFTY-II.NFO,09/08/2024,09:31:09,24546.25,24543.9,25,24547.65,175,50,1379775
NIFTY-II.NFO,09/08/2024,09:31:11,24546.95,24543.85,25,24547.4,75,25,1379775
NIFTY-II.NFO,09/08/2024,09:31:13,24544.85,24545.8,25,24546.95,25,150,1379775
NIFTY-II.NFO,09/08/2024,09:31:14,24546.25,24544.25,325,24546.95,25,25,1379775
NIFTY-II.NFO,09/08/2024,09:31:16,24546.95,24544.9,125,24546.95,25,125,1379775
NIFTY-II.NFO,09/08/2024,09:31:18,24543.45,24544.75,125,24546.25,25,1800,1379775
NIFTY-II.NFO,09/08/2024,09:31:19,24546.95,24543.4,25,24546.9,75,50,1379775
NIFTY-II.NFO,09/08/2024,09:31:21,24546.95,24543.4,275,24546.95,25,0,1379775
NIFTY-II.NFO,09/08/2024,09:31:24,24546.95,24544.05,25,24546.95,25,0,1379775
NIFTY-II.NFO,09/08/2024,09:31:26,24546.95,24541.85,25,24546.5,150,75,1379775
NIFTY-II.NFO,09/08/2024,09:31:28,24546.95,24543.05,25,24547.15,75,0,1379775
NIFTY-II.NFO,09/08/2024,09:31:29,24546.95,24541.85,25,24545.85,175,0,1379775
NIFTY-II.NFO,09/08/2024,09:31:31,24546.95,24540,125,24542,250,0,1379775
NIFTY-II.NFO,09/08/2024,09:31:33,24540,24540,50,24542,250,75,1379775
NIFTY-II.NFO,09/08/2024,09:31:34,24540,24540,50,24542,250,0,1379775
NIFTY-II.NFO,09/08/2024,09:31:36,24539.55,24540.5,250,24542,250,100,1379775
NIFTY-II.NFO,09/08/2024,09:31:38,24540,24541.05,25,24544.4,75,525,1379775
NIFTY-II.NFO,09/08/2024,09:31:39,24540,24540.05,25,24543.75,125,0,1379775
NIFTY-II.NFO,09/08/2024,09:31:41,24543.7,24540.5,300,24543.75,125,50,1379775
NIFTY-II.NFO,09/08/2024,09:31:43,24540.95,24540.95,50,24544.95,125,100,1379775
NIFTY-II.NFO,09/08/2024,09:31:44,24540.15,24540.1,250,24544.9,100,500,1379775
NIFTY-II.NFO,09/08/2024,09:31:46,24539.05,24538.55,125,24543.15,175,50,1379775
NIFTY-II.NFO,09/08/2024,09:31:48,24538.55,24539.3,125,24544,25,100,1379775
NIFTY-II.NFO,09/08/2024,09:31:49,24538.55,24539.05,25,24543.15,250,0,1379775
NIFTY-II.NFO,09/08/2024,09:31:51,24538.55,24538.05,25,24542.35,175,0,1379775
NIFTY-II.NFO,09/08/2024,09:31:53,24538.55,24538,25,24542.35,175,0,1379775
NIFTY-II.NFO,09/08/2024,09:31:54,24536.3,24535.6,125,24538.55,500,125,1379775
NIFTY-II.NFO,09/08/2024,09:31:56,24538.55,24535.65,25,24538.55,175,325,1379775
NIFTY-II.NFO,09/08/2024,09:31:58,24538.55,24536.45,125,24538.55,25,175,1379775
NIFTY-II.NFO,09/08/2024,09:31:59,24536.85,24537.05,25,24540,25,100,1379775
NIFTY-II.NFO,09/08/2024,09:32:01,24541.75,24540.05,25,24543.85,100,50,1379775
NIFTY-II.NFO,09/08/2024,09:32:03,24541.75,24537.25,250,24542.15,175,0,1379775
NIFTY-II.NFO,09/08/2024,09:32:04,24536.85,24536.85,125,24541.95,225,75,1379775
NIFTY-II.NFO,09/08/2024,09:32:06,24536.85,24538,25,24541.5,100,0,1379775
NIFTY-II.NFO,09/08/2024,09:32:08,24536.85,24538,25,24541.3,175,0,1379775
NIFTY-II.NFO,09/08/2024,09:32:09,24541.75,24537.65,125,24541.05,25,150,1379775
NIFTY-II.NFO,09/08/2024,09:32:11,24541.75,24541.75,25,24542.75,25,0,1379775
NIFTY-II.NFO,09/08/2024,09:32:13,24536.85,24536.85,25,24540,25,275,1379775
NIFTY-II.NFO,09/08/2024,09:32:14,24540,24536.85,25,24540,125,25,1379775
NIFTY-II.NFO,09/08/2024,09:32:16,24540,24536.3,25,24540.25,175,50,1379775
NIFTY-II.NFO,09/08/2024,09:32:18,24540,24536.3,25,24539.95,200,0,1379775
NIFTY-II.NFO,09/08/2024,09:32:19,24535.45,24535.1,125,24538.9,100,50,1379775
NIFTY-II.NFO,09/08/2024,09:32:21,24535.15,24536.6,125,24539.65,125,25,1379775
NIFTY-II.NFO,09/08/2024,09:32:23,24536.6,24535.1,25,24539.6,175,25,1379775
NIFTY-II.NFO,09/08/2024,09:32:24,24535,24535.15,250,24539.6,175,100,1379775
NIFTY-II.NFO,09/08/2024,09:32:26,24535.15,24535,150,24539,100,75,1379775
NIFTY-II.NFO,09/08/2024,09:32:27,24535.15,24535,25,24538.65,100,0,1379775
NIFTY-II.NFO,09/08/2024,09:32:29,24533.05,24533.05,25,24537.8,175,75,1379775
NIFTY-II.NFO,09/08/2024,09:32:31,24534.05,24533.85,125,24535,150,100,1379775
NIFTY-II.NFO,09/08/2024,09:32:32,24533.85,24533.5,600,24535,150,25,1379775
NIFTY-II.NFO,09/08/2024,09:32:34,24534.7,24533.8,125,24535,150,50,1379775
NIFTY-II.NFO,09/08/2024,09:32:36,24534.7,24534.85,300,24535,150,0,1379775
NIFTY-II.NFO,09/08/2024,09:32:37,24535,24534.75,550,24535,50,275,1379775
NIFTY-II.NFO,09/08/2024,09:32:39,24534.25,24534,25,24536.85,25,175,1379775
NIFTY-II.NFO,09/08/2024,09:32:41,24534,24534.05,25,24536.85,25,25,1379775
NIFTY-II.NFO,09/08/2024,09:32:42,24534,24534.5,125,24536.85,25,0,1379775
NIFTY-II.NFO,09/08/2024,09:32:45,24534.5,24534,25,24536.85,25,50,1379775
NIFTY-II.NFO,09/08/2024,09:32:47,24534.5,24535.85,75,24536.85,25,0,1379775
NIFTY-II.NFO,09/08/2024,09:32:49,24536.85,24536.35,250,24540,325,25,1379775
NIFTY-II.NFO,09/08/2024,09:32:50,24535.9,24535.9,75,24540,325,50,1379775
NIFTY-II.NFO,09/08/2024,09:32:52,24535.9,24537.25,225,24540,325,0,1379775
NIFTY-II.NFO,09/08/2024,09:32:54,24537.25,24538.05,75,24540,325,25,1379775
NIFTY-II.NFO,09/08/2024,09:32:55,24541.75,24541.05,25,24544.9,75,400,1379775
NIFTY-II.NFO,09/08/2024,09:32:57,24540.7,24540.2,250,24544.95,100,575,1379775
NIFTY-II.NFO,09/08/2024,09:32:59,24538.6,24538.35,25,24543.85,100,100,1379775
NIFTY-II.NFO,09/08/2024,09:33:00,24538.6,24537.5,250,24542.1,200,0,1379775
NIFTY-II.NFO,09/08/2024,09:33:02,24538.6,24539.05,25,24543.8,75,0,1379775
NIFTY-II.NFO,09/08/2024,09:33:04,24540.4,24540.65,50,24545,75,25,1379775
NIFTY-II.NFO,09/08/2024,09:33:05,24540.4,24540.1,25,24544.55,125,0,1379775
NIFTY-II.NFO,09/08/2024,09:33:07,24540.4,24540.75,275,24544,25,0,1379775
NIFTY-II.NFO,09/08/2024,09:33:09,24540.4,24539.35,25,24544,100,0,1379775
NIFTY-II.NFO,09/08/2024,09:33:10,24539.65,24540.4,25,24544,25,25,1379775
NIFTY-II.NFO,09/08/2024,09:33:12,24539.65,24540.4,25,24543.95,175,0,1379775
NIFTY-II.NFO,09/08/2024,09:33:14,24540,24539.05,225,24540,25,50,1379775
NIFTY-II.NFO,09/08/2024,09:33:15,24540,24536.85,300,24540,25,0,1379775
NIFTY-II.NFO,09/08/2024,09:33:17,24536.85,24536.85,25,24540,25,25,1379775
NIFTY-II.NFO,09/08/2024,09:33:19,24536.85,24535.4,250,24539.95,175,0,1379775
NIFTY-II.NFO,09/08/2024,09:33:20,24539.45,24535.4,250,24539.45,175,25,1379775
NIFTY-II.NFO,09/08/2024,09:33:22,24535.4,24534.25,25,24538.05,175,25,1379775
NIFTY-II.NFO,09/08/2024,09:33:24,24535.4,24534.25,25,24538,175,0,1379775
NIFTY-II.NFO,09/08/2024,09:33:25,24538,24533.05,25,24538,175,50,1379775
NIFTY-II.NFO,09/08/2024,09:33:27,24538,24532.2,50,24534.7,300,0,1379775
NIFTY-II.NFO,09/08/2024,09:33:29,24532.2,24530,50,24533.05,175,75,1379775
NIFTY-II.NFO,09/08/2024,09:33:30,24532.2,24531.05,25,24535,175,0,1379775
NIFTY-II.NFO,09/08/2024,09:33:32,24530,24529.65,100,24533.9,175,75,1378325
NIFTY-II.NFO,09/08/2024,09:33:34,24529.65,24532.2,25,24533.2,75,125,1378325
NIFTY-II.NFO,09/08/2024,09:33:35,24529.65,24530.05,25,24533.9,25,150,1378325
NIFTY-II.NFO,09/08/2024,09:33:37,24530.45,24530.45,100,24533.65,125,400,1378325
NIFTY-II.NFO,09/08/2024,09:33:39,24530.45,24530.2,350,24532.2,200,0,1378325
NIFTY-II.NFO,09/08/2024,09:33:40,24532.2,24531.9,25,24532.2,125,75,1378325
NIFTY-II.NFO,09/08/2024,09:33:42,24532.2,24533.4,50,24537.45,200,125,1378325
NIFTY-II.NFO,09/08/2024,09:33:44,24532.2,24532.7,125,24535,100,0,1378325
NIFTY-II.NFO,09/08/2024,09:33:47,24532.7,24532.25,375,24535,100,25,1378325
NIFTY-II.NFO,09/08/2024,09:33:48,24531.45,24531.25,50,24535,100,250,1378325
NIFTY-II.NFO,09/08/2024,09:33:50,24531.45,24530.85,125,24534.95,300,0,1378325
NIFTY-II.NFO,09/08/2024,09:33:52,24534.95,24531.1,50,24534.9,125,25,1378325
NIFTY-II.NFO,09/08/2024,09:33:53,24534.95,24531.25,50,24535,125,0,1378325
NIFTY-II.NFO,09/08/2024,09:33:57,24532.15,24532.15,25,24535,125,25,1378325
NIFTY-II.NFO,09/08/2024,09:33:58,24532.1,24532.1,25,24535,125,25,1378325
NIFTY-II.NFO,09/08/2024,09:34:00,24532.1,24532.05,250,24535,125,0,1378325
NIFTY-II.NFO,09/08/2024,09:34:01,24532.1,24532.05,25,24534.95,175,0,1378325
NIFTY-II.NFO,09/08/2024,09:34:03,24534.9,24530.85,250,24534.9,175,25,1378325
NIFTY-II.NFO,09/08/2024,09:34:05,24534.9,24530.55,125,24534.35,175,0,1378325
NIFTY-II.NFO,09/08/2024,09:34:10,24530.55,24530.55,100,24532.95,150,25,1378325
NIFTY-II.NFO,09/08/2024,09:34:11,24530.55,24530.55,75,24533.6,175,25,1378325
NIFTY-II.NFO,09/08/2024,09:34:13,24530.55,24530.55,75,24532.85,100,0,1378325
NIFTY-II.NFO,09/08/2024,09:34:15,24530.55,24530.55,75,24532.85,75,0,1378325
NIFTY-II.NFO,09/08/2024,09:34:16,24530.55,24530.55,50,24532.9,75,25,1378325
NIFTY-II.NFO,09/08/2024,09:34:18,24530.55,24530.55,50,24532.7,75,0,1378325
NIFTY-II.NFO,09/08/2024,09:34:20,24530.55,24530.55,50,24533.95,175,0,1378325
NIFTY-II.NFO,09/08/2024,09:34:21,24530.55,24530.55,50,24533.75,175,0,1378325
NIFTY-II.NFO,09/08/2024,09:34:23,24530.55,24530.05,25,24533.75,100,50,1378325
NIFTY-II.NFO,09/08/2024,09:34:25,24530.55,24530.55,400,24534,25,50,1378325
NIFTY-II.NFO,09/08/2024,09:34:26,24530.55,24533,25,24534,25,0,1378325
NIFTY-II.NFO,09/08/2024,09:34:28,24533,24530.55,400,24534.3,150,125,1378325
NIFTY-II.NFO,09/08/2024,09:34:30,24530.55,24530.55,350,24533.25,175,50,1378325
NIFTY-II.NFO,09/08/2024,09:34:31,24530.55,24530.55,350,24533,200,0,1378325
NIFTY-II.NFO,09/08/2024,09:34:33,24532.6,24530.55,225,24532.6,175,150,1378325
NIFTY-II.NFO,09/08/2024,09:34:35,24530.55,24530.55,25,24530.9,75,225,1378325
NIFTY-II.NFO,09/08/2024,09:34:36,24530.55,24530.55,25,24530.65,75,0,1378325
NIFTY-II.NFO,09/08/2024,09:34:38,24530.05,24530,25,24530.25,100,50,1378325
NIFTY-II.NFO,09/08/2024,09:34:39,24530.05,24530,25,24531.3,125,0,1378325
NIFTY-II.NFO,09/08/2024,09:34:41,24530.05,24530,25,24530.55,25,0,1378325
NIFTY-II.NFO,09/08/2024,09:34:44,24530.05,24530,25,24530.45,25,0,1378325
NIFTY-II.NFO,09/08/2024,09:34:46,24530,24528.1,75,24530,50,25,1378325
NIFTY-II.NFO,09/08/2024,09:34:48,24530,24528.1,150,24530,50,0,1378325
NIFTY-II.NFO,09/08/2024,09:34:49,24530,24529.25,75,24530,50,0,1378325
NIFTY-II.NFO,09/08/2024,09:34:51,24530,24529.9,100,24530.55,25,50,1378325
NIFTY-II.NFO,09/08/2024,09:34:53,24530,24529.9,100,24530.55,25,0,1378325
NIFTY-II.NFO,09/08/2024,09:34:54,24530.55,24530.6,75,24533,50,25,1378325
NIFTY-II.NFO,09/08/2024,09:34:56,24530.55,24530.6,150,24533,50,0,1378325
NIFTY-II.NFO,09/08/2024,09:34:58,24530.55,24530.2,150,24533,50,0,1378325
NIFTY-II.NFO,09/08/2024,09:34:59,24529.9,24529.05,25,24533,25,125,1378325
NIFTY-II.NFO,09/08/2024,09:35:01,24529.9,24529.75,75,24533,25,0,1378325
NIFTY-II.NFO,09/08/2024,09:35:02,24529.9,24530.2,75,24532.65,25,0,1378325
NIFTY-II.NFO,09/08/2024,09:35:04,24529.9,24530.35,150,24533,25,0,1378325
NIFTY-II.NFO,09/08/2024,09:35:06,24529.9,24530,75,24532.8,25,0,1378325
NIFTY-II.NFO,09/08/2024,09:35:07,24530.2,24531,25,24532.8,25,100,1378325
NIFTY-II.NFO,09/08/2024,09:35:09,24531,24530.35,25,24532.8,25,25,1378325
NIFTY-II.NFO,09/08/2024,09:35:10,24530.35,24530.2,250,24532.8,25,25,1378325
NIFTY-II.NFO,09/08/2024,09:35:12,24530.35,24529.95,125,24532.8,25,0,1378325
NIFTY-II.NFO,09/08/2024,09:35:14,24530.35,24531.05,125,24532.8,25,0,1378325
NIFTY-II.NFO,09/08/2024,09:35:15,24530.35,24531.35,250,24532,25,0,1378325
NIFTY-II.NFO,09/08/2024,09:35:17,24533,24532.7,250,24534,25,175,1378325
NIFTY-II.NFO,09/08/2024,09:35:19,24532.3,24532.55,250,24534,25,525,1378325
NIFTY-II.NFO,09/08/2024,09:35:20,24532.3,24532.75,250,24534,25,0,1378325
NIFTY-II.NFO,09/08/2024,09:35:22,24532.3,24533.5,25,24534,25,0,1378325
NIFTY-II.NFO,09/08/2024,09:35:24,24535,24534.95,125,24535,125,225,1378325
NIFTY-II.NFO,09/08/2024,09:35:25,24535.3,24535.35,250,24537.45,250,150,1378325
NIFTY-II.NFO,09/08/2024,09:35:27,24535.3,24535.35,250,24537.45,250,0,1378325
NIFTY-II.NFO,09/08/2024,09:35:29,24535.3,24535.5,50,24537.45,250,0,1378325
NIFTY-II.NFO,09/08/2024,09:35:30,24535.3,24535.85,250,24537.45,250,0,1378325
NIFTY-II.NFO,09/08/2024,09:35:32,24534.95,24534.6,500,24537.45,250,25,1378325
NIFTY-II.NFO,09/08/2024,09:35:34,24537.45,24534.5,25,24537.45,200,50,1378325
NIFTY-II.NFO,09/08/2024,09:35:35,24537.45,24533.7,25,24536.9,100,0,1378325
NIFTY-II.NFO,09/08/2024,09:35:37,24537.45,24532.3,100,24536.4,100,0,1378325
NIFTY-II.NFO,09/08/2024,09:35:39,24532.4,24532.05,25,24536.4,100,50,1378325
NIFTY-II.NFO,09/08/2024,09:35:40,24532.4,24529.05,25,24533.6,175,0,1378325
NIFTY-II.NFO,09/08/2024,09:35:42,24532.4,24529.05,25,24533.15,175,0,1378325
NIFTY-II.NFO,09/08/2024,09:35:44,24528.5,24528.5,250,24532.65,75,400,1378325
NIFTY-II.NFO,09/08/2024,09:35:45,24528.5,24532,25,24533.55,100,0,1378325
NIFTY-II.NFO,09/08/2024,09:35:47,24528.5,24528.4,125,24532.3,175,100,1378325
NIFTY-II.NFO,09/08/2024,09:35:49,24528.5,24527.75,25,24531.4,75,0,1378325
NIFTY-II.NFO,09/08/2024,09:35:50,24528.5,24527.75,25,24531,175,0,1378325
NIFTY-II.NFO,09/08/2024,09:35:52,24528.4,24527.4,25,24528.4,25,50,1378325
NIFTY-II.NFO,09/08/2024,09:35:54,24528.4,24527.25,250,24528.4,25,0,1378325
NIFTY-II.NFO,09/08/2024,09:35:55,24528.4,24528,425,24531.2,75,25,1378325
NIFTY-II.NFO,09/08/2024,09:35:57,24528.4,24530.05,25,24533.65,100,0,1378325
NIFTY-II.NFO,09/08/2024,09:35:59,24531.05,24531.05,50,24534.95,25,50,1378325
NIFTY-II.NFO,09/08/2024,09:36:00,24536.4,24533.4,25,24536.95,100,100,1378325
NIFTY-II.NFO,09/08/2024,09:36:02,24536.4,24536.85,25,24537,25,0,1378325
NIFTY-II.NFO,09/08/2024,09:36:04,24537.95,24538.15,250,24539,50,325,1378325
NIFTY-II.NFO,09/08/2024,09:36:05,24537.95,24534.5,25,24537.4,25,0,1378325
NIFTY-II.NFO,09/08/2024,09:36:07,24537.95,24536.7,25,24537.4,25,0,1378325
NIFTY-II.NFO,09/08/2024,09:36:09,24537.95,24535.35,25,24537.4,25,0,1378325
NIFTY-II.NFO,09/08/2024,09:36:10,24536.1,24536.1,250,24537.4,25,25,1378325
NIFTY-II.NFO,09/08/2024,09:36:12,24536.1,24536.65,125,24537.4,25,0,1378325
NIFTY-II.NFO,09/08/2024,09:36:14,24536.1,24535.35,125,24537.4,25,0,1378325
NIFTY-II.NFO,09/08/2024,09:36:15,24536.1,24536.45,500,24537.4,25,0,1378325
NIFTY-II.NFO,09/08/2024,09:36:17,24537.4,24537.65,125,24539,75,25,1378325
NIFTY-II.NFO,09/08/2024,09:36:19,24537.4,24538.1,250,24539,75,0,1378325
NIFTY-II.NFO,09/08/2024,09:36:20,24537.4,24538.15,500,24539,75,0,1378325
NIFTY-II.NFO,09/08/2024,09:36:22,24537.4,24537.9,250,24539,75,0,1378325
NIFTY-II.NFO,09/08/2024,09:36:23,24537.9,24537.85,25,24539,75,150,1378325
NIFTY-II.NFO,09/08/2024,09:36:25,24537.9,24537.85,25,24539,75,0,1378325
NIFTY-II.NFO,09/08/2024,09:36:27,24537.9,24537.9,25,24538.1,250,0,1378325
NIFTY-II.NFO,09/08/2024,09:36:28,24538.1,24538.5,250,24539,75,250,1378325
NIFTY-II.NFO,09/08/2024,09:36:30,24540,24538.8,250,24540,600,100,1377275
NIFTY-II.NFO,09/08/2024,09:36:32,24540,24539.6,550,24540,350,250,1377275
NIFTY-II.NFO,09/08/2024,09:36:33,24540,24539.15,250,24540,350,0,1377275
NIFTY-II.NFO,09/08/2024,09:36:35,24539.7,24539.65,75,24540,350,25,1377275
NIFTY-II.NFO,09/08/2024,09:36:37,24540,24540,225,24542.5,125,675,1377275
NIFTY-II.NFO,09/08/2024,09:36:38,24540,24540,175,24542.45,100,50,1377275
NIFTY-II.NFO,09/08/2024,09:36:40,24540,24540,175,24542.45,100,0,1377275
NIFTY-II.NFO,09/08/2024,09:36:42,24542.45,24540,175,24542.45,100,25,1377275
NIFTY-II.NFO,09/08/2024,09:36:43,24542.45,24540,175,24542.3,100,0,1377275
NIFTY-II.NFO,09/08/2024,09:36:45,24542.45,24540,175,24543.15,100,0,1377275
NIFTY-II.NFO,09/08/2024,09:36:47,24542.45,24540.15,75,24543.9,125,0,1377275
NIFTY-II.NFO,09/08/2024,09:36:48,24543.9,24540,50,24544.15,100,25,1377275
NIFTY-II.NFO,09/08/2024,09:36:50,24544.15,24540,50,24544.15,75,25,1377275
NIFTY-II.NFO,09/08/2024,09:36:51,24542.35,24540,50,24542.1,75,25,1377275
NIFTY-II.NFO,09/08/2024,09:36:53,24542.35,24540,50,24542.25,125,0,1377275
NIFTY-II.NFO,09/08/2024,09:36:55,24540,24540,25,24542.25,125,25,1377275
NIFTY-II.NFO,09/08/2024,09:36:56,24540,24540,25,24543.8,75,0,1377275
NIFTY-II.NFO,09/08/2024,09:36:58,24540,24540,25,24542.7,125,0,1377275
NIFTY-II.NFO,09/08/2024,09:37:00,24540,24540,50,24541.15,75,0,1377275
NIFTY-II.NFO,09/08/2024,09:37:01,24537.9,24537.4,50,24540.4,150,75,1377275
NIFTY-II.NFO,09/08/2024,09:37:03,24537.9,24537.4,50,24540.2,75,0,1377275
NIFTY-II.NFO,09/08/2024,09:37:05,24537.9,24537.4,50,24540.4,150,0,1377275
NIFTY-II.NFO,09/08/2024,09:37:06,24540.4,24537.4,50,24539.95,50,25,1377275
NIFTY-II.NFO,09/08/2024,09:37:08,24540.4,24537.4,50,24539.3,125,0,1377275
NIFTY-II.NFO,09/08/2024,09:37:10,24534.65,24537.45,25,24538.95,125,100,1377275
NIFTY-II.NFO,09/08/2024,09:37:11,24537.45,24534.75,250,24539.05,150,25,1377275
NIFTY-II.NFO,09/08/2024,09:37:13,24537.45,24534.8,100,24539.75,150,0,1377275
NIFTY-II.NFO,09/08/2024,09:37:14,24537.45,24535.05,50,24539.25,200,0,1377275
NIFTY-II.NFO,09/08/2024,09:37:16,24541.35,24536.5,100,24541.4,50,25,1377275
NIFTY-II.NFO,09/08/2024,09:37:18,24541.35,24536.05,50,24540.45,50,0,1377275
NIFTY-II.NFO,09/08/2024,09:37:19,24541.35,24536.75,50,24540,75,0,1377275
NIFTY-II.NFO,09/08/2024,09:37:23,24541.35,24536.9,250,24540,75,0,1377275
NIFTY-II.NFO,09/08/2024,09:37:24,24541.35,24538.55,125,24540,75,0,1377275
NIFTY-II.NFO,09/08/2024,09:37:26,24540,24539.2,125,24540,50,25,1377275
NIFTY-II.NFO,09/08/2024,09:37:27,24540,24536.95,125,24539.85,125,50,1377275
NIFTY-II.NFO,09/08/2024,09:37:29,24540,24537,125,24539.95,125,0,1377275
NIFTY-II.NFO,09/08/2024,09:37:31,24540,24537.35,250,24540,50,0,1377275
NIFTY-II.NFO,09/08/2024,09:37:34,24540,24539.1,250,24540,50,0,1377275
NIFTY-II.NFO,09/08/2024,09:37:36,24538.55,24538,50,24540,50,50,1377275
NIFTY-II.NFO,09/08/2024,09:37:37,24538.65,24538.95,250,24540,50,25,1377275
NIFTY-II.NFO,09/08/2024,09:37:39,24539.15,24538.55,50,24540,50,25,1377275
NIFTY-II.NFO,09/08/2024,09:37:41,24539.15,24538,125,24540,300,0,1377275
NIFTY-II.NFO,09/08/2024,09:37:42,24539.15,24536.75,125,24540,300,0,1377275
NIFTY-II.NFO,09/08/2024,09:37:44,24539.15,24537,250,24540,300,0,1377275
NIFTY-II.NFO,09/08/2024,09:37:46,24539.15,24539.4,125,24540,300,0,1377275
NIFTY-II.NFO,09/08/2024,09:37:47,24541,24542.55,50,24544,25,325,1377275
NIFTY-II.NFO,09/08/2024,09:37:49,24542.1,24543.35,250,24544,25,125,1377275
NIFTY-II.NFO,09/08/2024,09:37:51,24544,24540.8,125,24544.95,75,25,1377275
NIFTY-II.NFO,09/08/2024,09:37:52,24544,24540.65,250,24544.65,75,0,1377275
NIFTY-II.NFO,09/08/2024,09:37:54,24544,24540.7,250,24544.1,75,0,1377275
NIFTY-II.NFO,09/08/2024,09:37:56,24544,24538.8,375,24542.6,125,0,1377275
NIFTY-II.NFO,09/08/2024,09:37:57,24544,24540.1,375,24540.25,25,0,1377275
NIFTY-II.NFO,09/08/2024,09:37:59,24540.25,24540.8,250,24543.6,125,25,1377275
NIFTY-II.NFO,09/08/2024,09:38:01,24541.9,24541.8,250,24544,25,25,1377275
NIFTY-II.NFO,09/08/2024,09:38:02,24541.9,24541.8,250,24544,25,0,1377275
NIFTY-II.NFO,09/08/2024,09:38:04,24544,24541.05,250,24544.45,75,25,1377275
NIFTY-II.NFO,09/08/2024,09:38:05,24541.75,24541.75,250,24541.9,25,25,1377275
NIFTY-II.NFO,09/08/2024,09:38:07,24541.75,24541,325,24541.9,25,0,1377275
NIFTY-II.NFO,09/08/2024,09:38:11,24540,24539.1,275,24541.9,25,75,1377275
NIFTY-II.NFO,09/08/2024,09:38:12,24540,24539.15,25,24541.9,25,0,1377275
NIFTY-II.NFO,09/08/2024,09:38:14,24540,24539.15,275,24541.2,125,0,1377275
NIFTY-II.NFO,09/08/2024,09:38:15,24540,24538.55,250,24541.2,125,0,1377275
NIFTY-II.NFO,09/08/2024,09:38:17,24540,24537.05,275,24540.3,50,0,1377275
NIFTY-II.NFO,09/08/2024,09:38:19,24540,24537.05,25,24539.6,125,0,1377275
NIFTY-II.NFO,09/08/2024,09:38:20,24540,24537.1,250,24540,50,0,1377275
NIFTY-II.NFO,09/08/2024,09:38:22,24540,24537.1,250,24540,175,0,1377275
NIFTY-II.NFO,09/08/2024,09:38:24,24540,24536.3,25,24539.45,125,0,1377275
NIFTY-II.NFO,09/08/2024,09:38:25,24539.1,24536.3,25,24539.6,125,25,1377275
NIFTY-II.NFO,09/08/2024,09:38:27,24539.1,24536.3,25,24539.45,125,0,1377275
NIFTY-II.NFO,09/08/2024,09:38:29,24539.1,24536.3,25,24539.25,125,0,1377275
NIFTY-II.NFO,09/08/2024,09:38:30,24539.1,24536.15,250,24539.55,125,0,1377275
NIFTY-II.NFO,09/08/2024,09:38:32,24536.8,24536.25,250,24539,125,50,1377275
NIFTY-II.NFO,09/08/2024,09:38:34,24536.8,24536.25,250,24538.95,50,0,1377275
NIFTY-II.NFO,09/08/2024,09:38:35,24536.8,24535.5,250,24538.7,75,0,1377275
NIFTY-II.NFO,09/08/2024,09:38:37,24536.8,24534.55,250,24538.05,50,0,1377275
NIFTY-II.NFO,09/08/2024,09:38:39,24536.8,24534.55,250,24537.9,125,0,1377275
NIFTY-II.NFO,09/08/2024,09:38:40,24536.8,24535.6,250,24536.8,25,0,1377275
NIFTY-II.NFO,09/08/2024,09:38:42,24536.8,24536.8,225,24537.9,125,25,1377275
NIFTY-II.NFO,09/08/2024,09:38:43,24536.8,24536.8,250,24539.95,50,0,1377275
NIFTY-II.NFO,09/08/2024,09:38:45,24537,24539.4,250,24540,625,25,1377275
NIFTY-II.NFO,09/08/2024,09:38:47,24537,24538.2,250,24540,625,0,1377275
NIFTY-II.NFO,09/08/2024,09:38:48,24537,24538.9,250,24540,650,0,1377275
NIFTY-II.NFO,09/08/2024,09:38:50,24537,24539.55,250,24540,1200,0,1377275
NIFTY-II.NFO,09/08/2024,09:38:53,24540,24539.95,250,24540,175,1050,1377275
NIFTY-II.NFO,09/08/2024,09:38:55,24540,24539.3,250,24540,175,0,1377275
NIFTY-II.NFO,09/08/2024,09:38:57,24539.3,24539.95,250,24540,175,25,1377275
NIFTY-II.NFO,09/08/2024,09:38:58,24541.9,24542.2,50,24545,100,225,1377275
NIFTY-II.NFO,09/08/2024,09:39:00,24543.5,24543.55,100,24545,100,25,1377275
NIFTY-II.NFO,09/08/2024,09:39:02,24545,24543.35,50,24545,75,75,1377275
NIFTY-II.NFO,09/08/2024,09:39:03,24549.65,24544.1,50,24545,25,1000,1377275
NIFTY-II.NFO,09/08/2024,09:39:05,24544.9,24544.65,125,24546.65,125,900,1377275
NIFTY-II.NFO,09/08/2024,09:39:07,24544.9,24545,25,24547.35,125,0,1377275
NIFTY-II.NFO,09/08/2024,09:39:08,24544.9,24545.25,125,24547.35,125,0,1377275
NIFTY-II.NFO,09/08/2024,09:39:10,24545.65,24545.35,125,24548.35,25,25,1377275
NIFTY-II.NFO,09/08/2024,09:39:12,24545.15,24545,25,24547.35,125,50,1377275
NIFTY-II.NFO,09/08/2024,09:39:13,24545.15,24546.4,125,24548.65,75,0,1377275
NIFTY-II.NFO,09/08/2024,09:39:15,24545.15,24545.05,125,24547.9,75,0,1377275
NIFTY-II.NFO,09/08/2024,09:39:16,24545.15,24545.7,100,24547.85,125,0,1377275
NIFTY-II.NFO,09/08/2024,09:39:18,24546.15,24545.7,175,24548.65,75,25,1377275
NIFTY-II.NFO,09/08/2024,09:39:20,24546.15,24545.75,125,24548.65,75,0,1377275
NIFTY-II.NFO,09/08/2024,09:39:21,24545.05,24545.05,25,24548.1,75,50,1377275
NIFTY-II.NFO,09/08/2024,09:39:23,24543.3,24543.15,50,24546.8,75,125,1377275
NIFTY-II.NFO,09/08/2024,09:39:25,24543.3,24543.65,50,24547.4,75,0,1377275
NIFTY-II.NFO,09/08/2024,09:39:26,24543.3,24543.3,50,24547.4,75,0,1377275
NIFTY-II.NFO,09/08/2024,09:39:28,24543.3,24544.9,50,24547.5,125,0,1377275
NIFTY-II.NFO,09/08/2024,09:39:30,24547.5,24543.05,50,24545.25,125,125,1377275
NIFTY-II.NFO,09/08/2024,09:39:31,24547.5,24541.65,50,24545.25,125,0,1376850
NIFTY-II.NFO,09/08/2024,09:39:33,24547.5,24542.3,50,24545.25,125,0,1376850
NIFTY-II.NFO,09/08/2024,09:39:35,24543.3,24543.7,50,24546.05,125,25,1376850
NIFTY-II.NFO,09/08/2024,09:39:36,24547,24545.3,50,24548.5,125,25,1376850
NIFTY-II.NFO,09/08/2024,09:39:38,24547,24546.05,25,24547.5,25,0,1376850
NIFTY-II.NFO,09/08/2024,09:39:40,24547.55,24547.55,125,24550,775,50,1376850
NIFTY-II.NFO,09/08/2024,09:39:41,24547.05,24547.3,175,24547.5,25,25,1376850
NIFTY-II.NFO,09/08/2024,09:39:43,24547.05,24546.8,175,24547.5,100,0,1376850
NIFTY-II.NFO,09/08/2024,09:39:45,24547.35,24547.35,100,24547.5,125,50,1376850
NIFTY-II.NFO,09/08/2024,09:39:46,24547.35,24546.9,250,24547,50,0,1376850
NIFTY-II.NFO,09/08/2024,09:39:48,24547,24545.7,100,24547,25,25,1376850
NIFTY-II.NFO,09/08/2024,09:39:49,24547,24546.35,100,24547,25,0,1376850
NIFTY-II.NFO,09/08/2024,09:39:51,24547,24545.95,50,24547.5,125,25,1376850
NIFTY-II.NFO,09/08/2024,09:39:53,24547,24545.95,50,24547.5,125,0,1376850
NIFTY-II.NFO,09/08/2024,09:39:54,24547,24545.05,100,24547.5,125,0,1376850
NIFTY-II.NFO,09/08/2024,09:39:56,24545.3,24545.45,50,24547.5,125,275,1376850
NIFTY-II.NFO,09/08/2024,09:39:57,24550,24546.2,50,24550,450,475,1376850
NIFTY-II.NFO,09/08/2024,09:39:59,24550,24546.25,50,24547.95,25,0,1376850
NIFTY-II.NFO,09/08/2024,09:40:01,24550,24546.7,125,24547.95,25,0,1376850
NIFTY-II.NFO,09/08/2024,09:40:02,24547.95,24547.95,125,24550,450,25,1376850
NIFTY-II.NFO,09/08/2024,09:40:04,24547.95,24548,125,24550,450,0,1376850
NIFTY-II.NFO,09/08/2024,09:40:06,24548,24547.95,125,24550,475,50,1376850
NIFTY-II.NFO,09/08/2024,09:40:07,24548.1,24547.95,50,24550,475,50,1376850
NIFTY-II.NFO,09/08/2024,09:40:09,24548.1,24547.95,50,24550,475,0,1376850
NIFTY-II.NFO,09/08/2024,09:40:10,24550,24547.95,50,24550,450,25,1376850
NIFTY-II.NFO,09/08/2024,09:40:12,24547.25,24546.35,350,24550,450,250,1376850
NIFTY-II.NFO,09/08/2024,09:40:14,24547.25,24546.5,125,24550,625,0,1376850
NIFTY-II.NFO,09/08/2024,09:40:15,24549.95,24548,25,24550,625,25,1376850
NIFTY-II.NFO,09/08/2024,09:40:17,24547.2,24547.2,550,24550,500,125,1376850
NIFTY-II.NFO,09/08/2024,09:40:19,24547.2,24547.2,675,24550,525,0,1376850
NIFTY-II.NFO,09/08/2024,09:40:20,24547.2,24547.3,125,24550,550,0,1376850
NIFTY-II.NFO,09/08/2024,09:40:22,24547.2,24547.15,125,24548.1,25,0,1376850
NIFTY-II.NFO,09/08/2024,09:40:25,24547.2,24547.2,75,24548.1,25,0,1376850
NIFTY-II.NFO,09/08/2024,09:40:27,24547.2,24547.2,100,24548.1,25,0,1376850
NIFTY-II.NFO,09/08/2024,09:40:29,24548.55,24548.3,25,24549.95,50,175,1376850
NIFTY-II.NFO,09/08/2024,09:40:30,24548.55,24548.7,125,24549.95,50,0,1376850
NIFTY-II.NFO,09/08/2024,09:40:32,24550,24547.5,25,24550,625,100,1376850
NIFTY-II.NFO,09/08/2024,09:40:34,24550,24547.25,150,24550,625,0,1376850
NIFTY-II.NFO,09/08/2024,09:40:35,24550,24547.25,150,24550,650,0,1376850
NIFTY-II.NFO,09/08/2024,09:40:37,24550,24547.2,25,24548,25,0,1376850
NIFTY-II.NFO,09/08/2024,09:40:39,24548,24547.2,25,24550,650,25,1376850
NIFTY-II.NFO,09/08/2024,09:40:40,24548,24547.2,75,24550,650,0,1376850
NIFTY-II.NFO,09/08/2024,09:40:42,24548,24547.3,175,24550,775,0,1376850
NIFTY-II.NFO,09/08/2024,09:40:44,24548,24547.45,200,24550,775,0,1376850
NIFTY-II.NFO,09/08/2024,09:40:45,24548,24547.55,200,24550,775,0,1376850
NIFTY-II.NFO,09/08/2024,09:40:47,24548.3,24548.4,125,24550,650,25,1376850
NIFTY-II.NFO,09/08/2024,09:40:49,24548.3,24549.05,200,24550,650,0,1376850
NIFTY-II.NFO,09/08/2024,09:40:50,24553,24553.5,25,24555,200,1050,1376850
NIFTY-II.NFO,09/08/2024,09:40:52,24553.4,24553.45,100,24555,200,475,1376850
NIFTY-II.NFO,09/08/2024,09:40:54,24555.2,24555.1,350,24556,100,225,1376850
NIFTY-II.NFO,09/08/2024,09:40:55,24556,24555.7,250,24556,75,25,1376850
NIFTY-II.NFO,09/08/2024,09:40:57,24558,24554.35,100,24555.2,25,100,1376850
NIFTY-II.NFO,09/08/2024,09:40:59,24558,24555.7,100,24558.9,100,100,1376850
NIFTY-II.NFO,09/08/2024,09:41:00,24558,24555.05,100,24558.9,100,0,1376850
NIFTY-II.NFO,09/08/2024,09:41:02,24558.9,24556.2,100,24558.9,75,50,1376850
NIFTY-II.NFO,09/08/2024,09:41:04,24557.15,24557.15,75,24558.9,75,25,1376850
NIFTY-II.NFO,09/08/2024,09:41:05,24559.25,24555.25,25,24559.3,150,100,1376850
NIFTY-II.NFO,09/08/2024,09:41:07,24559.3,24556.3,75,24557.15,25,275,1376850
NIFTY-II.NFO,09/08/2024,09:41:08,24557.15,24556.1,125,24558.9,1800,50,1376850
NIFTY-II.NFO,09/08/2024,09:41:10,24557.15,24556.85,250,24558.9,1800,0,1376850
NIFTY-II.NFO,09/08/2024,09:41:12,24558.9,24558.2,225,24558.9,1775,25,1376850
NIFTY-II.NFO,09/08/2024,09:41:13,24558.9,24557.4,25,24558.9,1775,0,1376850
NIFTY-II.NFO,09/08/2024,09:41:15,24558.9,24554.6,125,24558.3,50,0,1376850
NIFTY-II.NFO,09/08/2024,09:41:17,24558.9,24555.7,425,24558.9,1750,25,1376850
NIFTY-II.NFO,09/08/2024,09:41:18,24558.9,24556.95,125,24558.9,1750,0,1376850
NIFTY-II.NFO,09/08/2024,09:41:22,24558.9,24556.7,225,24558.9,1725,325,1376850
NIFTY-II.NFO,09/08/2024,09:41:23,24558.9,24555.65,100,24558.9,1725,0,1376850
NIFTY-II.NFO,09/08/2024,09:41:25,24558.85,24554.75,250,24558.5,100,25,1376850
NIFTY-II.NFO,09/08/2024,09:41:27,24558.85,24555.6,225,24558.85,100,0,1376850
NIFTY-II.NFO,09/08/2024,09:41:28,24558.85,24554.25,100,24557.15,125,0,1376850
NIFTY-II.NFO,09/08/2024,09:41:30,24558.85,24553.5,100,24556.9,100,0,1376850
NIFTY-II.NFO,09/08/2024,09:41:32,24554.85,24552.1,75,24556.45,100,50,1376850
NIFTY-II.NFO,09/08/2024,09:41:33,24554.75,24551.25,250,24554.75,250,25,1376850
NIFTY-II.NFO,09/08/2024,09:41:35,24554.3,24551.65,100,24554.75,175,25,1376850
NIFTY-II.NFO,09/08/2024,09:41:37,24554.3,24554,25,24554.45,125,0,1376850
NIFTY-II.NFO,09/08/2024,09:41:38,24550.55,24550,50,24552.25,100,175,1376850
NIFTY-II.NFO,09/08/2024,09:41:40,24550,24547.2,25,24550.5,100,50,1376850
NIFTY-II.NFO,09/08/2024,09:41:42,24550,24547.25,100,24551.6,25,0,1376850
NIFTY-II.NFO,09/08/2024,09:41:43,24550,24548.6,275,24550,100,0,1376850
NIFTY-II.NFO,09/08/2024,09:41:45,24550,24548.25,125,24550,75,25,1376850
NIFTY-II.NFO,09/08/2024,09:41:47,24550,24547.65,125,24550,75,0,1376850
NIFTY-II.NFO,09/08/2024,09:41:48,24550,24548.7,125,24550,25,50,1376850
NIFTY-II.NFO,09/08/2024,09:41:50,24548.1,24547.2,25,24550,25,25,1376850
NIFTY-II.NFO,09/08/2024,09:41:52,24548.1,24547.2,25,24550,75,0,1376850
NIFTY-II.NFO,09/08/2024,09:41:55,24548.1,24547.2,25,24549.75,50,0,1376850
NIFTY-II.NFO,09/08/2024,09:41:56,24544.6,24544.6,50,24547.3,50,50,1376850
NIFTY-II.NFO,09/08/2024,09:41:58,24542.5,24543.65,225,24547.75,50,1725,1376850
NIFTY-II.NFO,09/08/2024,09:42:00,24544.7,24546.05,150,24550,75,175,1376850
NIFTY-II.NFO,09/08/2024,09:42:01,24544.7,24548,125,24550,75,0,1376850
NIFTY-II.NFO,09/08/2024,09:42:03,24547,24546.95,275,24550,75,125,1376850
NIFTY-II.NFO,09/08/2024,09:42:05,24546.25,24545.85,25,24548.95,100,25,1376850
NIFTY-II.NFO,09/08/2024,09:42:06,24546.25,24544.55,175,24548.55,50,0,1376850
NIFTY-II.NFO,09/08/2024,09:42:08,24544.1,24546.05,75,24549.95,50,200,1376850
NIFTY-II.NFO,09/08/2024,09:42:10,24545.6,24545.9,25,24548.85,125,25,1376850
NIFTY-II.NFO,09/08/2024,09:42:11,24546.05,24546.05,75,24548.85,125,50,1376850
NIFTY-II.NFO,09/08/2024,09:42:13,24546.05,24545.85,25,24548.85,125,0,1376850
NIFTY-II.NFO,09/08/2024,09:42:14,24546.05,24544.45,75,24549.2,50,0,1376850
NIFTY-II.NFO,09/08/2024,09:42:16,24545.9,24544.45,25,24548.15,50,25,1376850
NIFTY-II.NFO,09/08/2024,09:42:17,24545.9,24544.6,125,24548.45,50,0,1376850
NIFTY-II.NFO,09/08/2024,09:42:19,24545.9,24543.1,75,24546.8,50,0,1376850
NIFTY-II.NFO,09/08/2024,09:42:21,24545.9,24542.7,75,24546.85,50,0,1376850
NIFTY-II.NFO,09/08/2024,09:42:22,24545.9,24542.7,25,24545.7,50,0,1376850
NIFTY-II.NFO,09/08/2024,09:42:24,24541.9,24541.4,25,24544.5,50,25,1376850
NIFTY-II.NFO,09/08/2024,09:42:26,24541.9,24541.9,150,24546.7,50,0,1376850
NIFTY-II.NFO,09/08/2024,09:42:27,24545.4,24541.45,150,24545.35,125,25,1376850
NIFTY-II.NFO,09/08/2024,09:42:29,24545.4,24541.25,275,24545.65,125,0,1376850
NIFTY-II.NFO,09/08/2024,09:42:31,24545.4,24540.95,75,24545,50,0,1376850
NIFTY-II.NFO,09/08/2024,09:42:32,24545.4,24542.9,75,24545,50,0,1376850
NIFTY-II.NFO,09/08/2024,09:42:34,24542.3,24543.8,550,24545,25,75,1374825
NIFTY-II.NFO,09/08/2024,09:42:36,24545,24545.05,25,24548.4,125,25,1374825
NIFTY-II.NFO,09/08/2024,09:42:37,24545,24545.05,150,24549.6,100,0,1374825
NIFTY-II.NFO,09/08/2024,09:42:39,24545.05,24542.75,325,24547.1,50,25,1374825
NIFTY-II.NFO,09/08/2024,09:42:41,24545.05,24542.75,75,24546.55,50,0,1374825
NIFTY-II.NFO,09/08/2024,09:42:42,24545.05,24541.9,75,24546.45,175,0,1374825
NIFTY-II.NFO,09/08/2024,09:42:44,24546.05,24543.05,25,24547.4,175,50,1374825
NIFTY-II.NFO,09/08/2024,09:42:46,24546.05,24542.25,100,24546.75,100,0,1374825
NIFTY-II.NFO,09/08/2024,09:42:47,24546.35,24542.3,125,24546.8,100,25,1374825
NIFTY-II.NFO,09/08/2024,09:42:49,24546.35,24541.9,25,24545,25,0,1374825
NIFTY-II.NFO,09/08/2024,09:42:51,24546.35,24542.15,25,24542.3,25,0,1374825
NIFTY-II.NFO,09/08/2024,09:42:52,24542.3,24542.1,75,24545,25,25,1374825
NIFTY-II.NFO,09/08/2024,09:42:54,24542.3,24542.1,25,24545,25,0,1374825
NIFTY-II.NFO,09/08/2024,09:42:56,24542.15,24541.9,25,24542.15,50,50,1374825
NIFTY-II.NFO,09/08/2024,09:42:57,24542.15,24542.95,25,24545,25,75,1374825
NIFTY-II.NFO,09/08/2024,09:42:59,24542.95,24542.15,25,24546.25,100,25,1374825
NIFTY-II.NFO,09/08/2024,09:43:00,24542.15,24541.85,25,24544.3,50,25,1374825
NIFTY-II.NFO,09/08/2024,09:43:02,24540.7,24540.65,25,24544.65,125,25,1374825
NIFTY-II.NFO,09/08/2024,09:43:04,24540.7,24540,75,24543.2,100,0,1374825
NIFTY-II.NFO,09/08/2024,09:43:05,24540.7,24540,75,24541.85,50,0,1374825
NIFTY-II.NFO,09/08/2024,09:43:07,24540,24540,50,24541.85,50,25,1374825
NIFTY-II.NFO,09/08/2024,09:43:09,24542.35,24540,50,24541.9,125,300,1374825
NIFTY-II.NFO,09/08/2024,09:43:10,24540,24538.75,50,24540,25,75,1374825
NIFTY-II.NFO,09/08/2024,09:43:12,24540,24541.05,75,24544.75,25,25,1374825
NIFTY-II.NFO,09/08/2024,09:43:13,24542.35,24540.3,75,24544.65,175,25,1374825
NIFTY-II.NFO,09/08/2024,09:43:15,24542.35,24542.1,175,24546.35,50,0,1374825
NIFTY-II.NFO,09/08/2024,09:43:17,24542.35,24542.5,175,24546.35,50,0,1374825
NIFTY-II.NFO,09/08/2024,09:43:18,24543.9,24543.9,75,24546.35,50,50,1374825
NIFTY-II.NFO,09/08/2024,09:43:20,24546.35,24544.2,25,24546.35,25,25,1374825
NIFTY-II.NFO,09/08/2024,09:43:22,24547.55,24544.1,375,24547.85,25,50,1374825
NIFTY-II.NFO,09/08/2024,09:43:23,24547.55,24545.85,100,24547.85,25,0,1374825
NIFTY-II.NFO,09/08/2024,09:43:25,24546.6,24546.95,50,24549,25,50,1374825
NIFTY-II.NFO,09/08/2024,09:43:27,24546.6,24545.1,25,24549,25,0,1374825
NIFTY-II.NFO,09/08/2024,09:43:28,24546.6,24542.35,75,24546.85,175,0,1374825
NIFTY-II.NFO,09/08/2024,09:43:30,24546.05,24541.9,25,24545.85,100,75,1374825
NIFTY-II.NFO,09/08/2024,09:43:32,24546.05,24539.05,25,24543.6,100,0,1374825
NIFTY-II.NFO,09/08/2024,09:43:33,24546.05,24541.1,50,24545.4,175,0,1374825
NIFTY-II.NFO,09/08/2024,09:43:35,24546.05,24542.6,100,24546.05,25,0,1374825
NIFTY-II.NFO,09/08/2024,09:43:37,24546.05,24544.4,200,24546.05,25,25,1374825
NIFTY-II.NFO,09/08/2024,09:43:38,24546.05,24544.4,25,24547,25,50,1374825
NIFTY-II.NFO,09/08/2024,09:43:40,24546.05,24542.35,125,24547,25,0,1374825
NIFTY-II.NFO,09/08/2024,09:43:42,24546.05,24542.25,75,24546.85,125,0,1374825
NIFTY-II.NFO,09/08/2024,09:43:43,24546.05,24542.45,100,24546.85,125,0,1374825
NIFTY-II.NFO,09/08/2024,09:43:45,24546.05,24542.6,125,24547,25,0,1374825
NIFTY-II.NFO,09/08/2024,09:43:47,24546.05,24543.2,125,24545,25,0,1374825
NIFTY-II.NFO,09/08/2024,09:43:48,24545,24545,275,24545.6,100,50,1374825
NIFTY-II.NFO,09/08/2024,09:43:50,24545.6,24545,275,24545.6,75,25,1374825
NIFTY-II.NFO,09/08/2024,09:43:52,24545.6,24545,275,24545.6,75,0,1374825
NIFTY-II.NFO,09/08/2024,09:43:53,24545.6,24545,275,24545.6,50,25,1374825
NIFTY-II.NFO,09/08/2024,09:43:55,24545,24545,225,24545.6,75,75,1374825
NIFTY-II.NFO,09/08/2024,09:43:56,24545.6,24545,225,24545.6,50,25,1374825
NIFTY-II.NFO,09/08/2024,09:43:58,24542.1,24543.1,25,24545.6,50,250,1374825
NIFTY-II.NFO,09/08/2024,09:44:00,24545.6,24543.1,25,24546.35,125,50,1374825
NIFTY-II.NFO,09/08/2024,09:44:01,24545.6,24543.15,25,24545.6,25,0,1374825
NIFTY-II.NFO,09/08/2024,09:44:05,24545.6,24542.65,25,24545,100,0,1374825
NIFTY-II.NFO,09/08/2024,09:44:06,24545,24543.15,25,24545,75,25,1374825
NIFTY-II.NFO,09/08/2024,09:44:08,24545,24542.6,225,24545,50,25,1374825
NIFTY-II.NFO,09/08/2024,09:44:10,24542.6,24542.55,25,24545,50,25,1374825
NIFTY-II.NFO,09/08/2024,09:44:11,24542.2,24542.5,25,24545,50,150,1374825
NIFTY-II.NFO,09/08/2024,09:44:13,24545,24542.5,25,24545,25,25,1374825
NIFTY-II.NFO,09/08/2024,09:44:15,24542.6,24542.5,25,24545,25,100,1374825
NIFTY-II.NFO,09/08/2024,09:44:16,24545,24542.7,25,24545.6,50,25,1374825
NIFTY-II.NFO,09/08/2024,09:44:18,24542.55,24544.45,25,24545.6,50,100,1374825
NIFTY-II.NFO,09/08/2024,09:44:19,24542.55,24544.45,100,24545.6,50,0,1374825
NIFTY-II.NFO,09/08/2024,09:44:21,24545.2,24545.5,25,24545.6,50,25,1374825
NIFTY-II.NFO,09/08/2024,09:44:23,24545.55,24545.5,25,24546,25,100,1374825
NIFTY-II.NFO,09/08/2024,09:44:24,24545.55,24544.9,25,24546,25,0,1374825
NIFTY-II.NFO,09/08/2024,09:44:26,24545.55,24545.55,275,24546,25,0,1374825
NIFTY-II.NFO,09/08/2024,09:44:28,24545.55,24545.2,75,24546,25,0,1374825
NIFTY-II.NFO,09/08/2024,09:44:29,24545.2,24545.8,225,24546,25,300,1374825
NIFTY-II.NFO,09/08/2024,09:44:31,24546,24547.2,100,24549,25,25,1374825
NIFTY-II.NFO,09/08/2024,09:44:33,24546,24547.4,325,24549,25,0,1374825
NIFTY-II.NFO,09/08/2024,09:44:34,24546,24546.55,100,24549,25,0,1374825
NIFTY-II.NFO,09/08/2024,09:44:36,24546,24547.15,300,24549,25,0,1374825
NIFTY-II.NFO,09/08/2024,09:44:38,24546,24546.3,25,24549,25,0,1374825
NIFTY-II.NFO,09/08/2024,09:44:39,24549,24546.6,25,24549.8,100,25,1374825
NIFTY-II.NFO,09/08/2024,09:44:41,24549,24547.05,25,24549.85,125,0,1374825
NIFTY-II.NFO,09/08/2024,09:44:43,24549,24546.55,25,24549.85,125,0,1374825
NIFTY-II.NFO,09/08/2024,09:44:44,24546.6,24546.65,225,24550,625,50,1374825
NIFTY-II.NFO,09/08/2024,09:44:46,24549,24549,825,24550,625,25,1374825
NIFTY-II.NFO,09/08/2024,09:44:48,24549,24549,800,24550,625,25,1374825
NIFTY-II.NFO,09/08/2024,09:44:49,24549,24549,425,24550,625,375,1374825
NIFTY-II.NFO,09/08/2024,09:44:51,24549,24549,450,24550,725,0,1374825
NIFTY-II.NFO,09/08/2024,09:44:52,24549,24549,450,24550,600,0,1374825
NIFTY-II.NFO,09/08/2024,09:44:54,24549,24549,425,24550,600,25,1374825
NIFTY-II.NFO,09/08/2024,09:44:56,24549,24549,300,24550,600,125,1374825
NIFTY-II.NFO,09/08/2024,09:44:57,24549,24549,300,24550,600,0,1374825
NIFTY-II.NFO,09/08/2024,09:45:01,24549,24546.5,25,24549.8,50,300,1374825
NIFTY-II.NFO,09/08/2024,09:45:02,24549,24547.3,25,24550,600,0,1374825
NIFTY-II.NFO,09/08/2024,09:45:04,24550,24548.85,25,24550,300,300,1374825
NIFTY-II.NFO,09/08/2024,09:45:06,24548,24548.25,100,24550,50,325,1374825
NIFTY-II.NFO,09/08/2024,09:45:07,24550,24550,1500,24550.6,50,50,1374825
NIFTY-II.NFO,09/08/2024,09:45:09,24550.6,24550,1500,24551,225,50,1374825
NIFTY-II.NFO,09/08/2024,09:45:11,24550.6,24550,1500,24551,225,0,1374825
NIFTY-II.NFO,09/08/2024,09:45:12,24550,24550,1375,24550.95,100,125,1374825
NIFTY-II.NFO,09/08/2024,09:45:14,24550,24550,1375,24551,225,0,1374825
NIFTY-II.NFO,09/08/2024,09:45:16,24550,24550,1300,24551,200,100,1374825
NIFTY-II.NFO,09/08/2024,09:45:17,24550,24550,1075,24550.6,125,225,1374825
NIFTY-II.NFO,09/08/2024,09:45:19,24550,24549,75,24549.5,100,1075,1374825
NIFTY-II.NFO,09/08/2024,09:45:21,24550,24549,75,24549.3,100,0,1374825
NIFTY-II.NFO,09/08/2024,09:45:22,24549,24549,25,24549.35,125,50,1374825
NIFTY-II.NFO,09/08/2024,09:45:24,24549,24549,25,24550,100,0,1374825
NIFTY-II.NFO,09/08/2024,09:45:26,24550,24548,25,24549.85,125,100,1374825
NIFTY-II.NFO,09/08/2024,09:45:27,24549.8,24548,25,24549.85,150,25,1374825
NIFTY-II.NFO,09/08/2024,09:45:29,24549.8,24548,50,24549.8,175,0,1374825
NIFTY-II.NFO,09/08/2024,09:45:30,24544.25,24545.25,25,24548.6,50,250,1374825
NIFTY-II.NFO,09/08/2024,09:45:32,24549.45,24544,25,24548.6,50,25,1375375
NIFTY-II.NFO,09/08/2024,09:45:34,24549.45,24544.3,350,24548.85,25,0,1375375
NIFTY-II.NFO,09/08/2024,09:45:35,24544.7,24545.2,25,24548.95,125,175,1375375
NIFTY-II.NFO,09/08/2024,09:45:37,24544.7,24544.2,250,24548.05,125,0,1375375
NIFTY-II.NFO,09/08/2024,09:45:39,24544.7,24544,25,24548.1,125,0,1375375
NIFTY-II.NFO,09/08/2024,09:45:40,24544.7,24544,25,24547.2,125,0,1375375
NIFTY-II.NFO,09/08/2024,09:45:42,24544.7,24544.1,25,24548.95,50,0,1375375
NIFTY-II.NFO,09/08/2024,09:45:44,24549,24546.15,525,24549,825,50,1375375
NIFTY-II.NFO,09/08/2024,09:45:45,24549,24546.15,225,24550,100,0,1375375
NIFTY-II.NFO,09/08/2024,09:45:47,24549,24546.1,225,24550,100,0,1375375
NIFTY-II.NFO,09/08/2024,09:45:49,24549,24549,1500,24550,100,0,1375375
NIFTY-II.NFO,09/08/2024,09:45:50,24549,24549,1375,24550,100,125,1375375
NIFTY-II.NFO,09/08/2024,09:45:52,24549,24549.05,25,24549.95,100,250,1375375
NIFTY-II.NFO,09/08/2024,09:45:54,24549.55,24549,775,24549.8,125,450,1375375
NIFTY-II.NFO,09/08/2024,09:45:55,24549.55,24549.05,25,24550,100,0,1375375
NIFTY-II.NFO,09/08/2024,09:45:57,24550,24549.05,25,24550,75,25,1375375
NIFTY-II.NFO,09/08/2024,09:45:58,24549,24549,750,24550,75,50,1375375
NIFTY-II.NFO,09/08/2024,09:46:00,24549,24549.05,25,24549.9,25,0,1375375
NIFTY-II.NFO,09/08/2024,09:46:02,24550,24549.05,25,24550.6,125,100,1375375
NIFTY-II.NFO,09/08/2024,09:46:03,24549.05,24549,750,24550.6,125,125,1375375
NIFTY-II.NFO,09/08/2024,09:46:05,24549.05,24549,750,24550.6,125,0,1375375
NIFTY-II.NFO,09/08/2024,09:46:08,24550.6,24549,750,24550.6,50,75,1375375
NIFTY-II.NFO,09/08/2024,09:46:10,24549.05,24549,750,24551,200,100,1375375
NIFTY-II.NFO,09/08/2024,09:46:12,24549.05,24550,650,24551,200,225,1375375
NIFTY-II.NFO,09/08/2024,09:46:13,24550,24550,625,24551,200,25,1375375
NIFTY-II.NFO,09/08/2024,09:46:15,24551,24550,625,24551,175,25,1375375
NIFTY-II.NFO,09/08/2024,09:46:16,24551,24550,625,24551,175,100,1375375
NIFTY-II.NFO,09/08/2024,09:46:18,24551,24550,625,24551,75,100,1375375
NIFTY-II.NFO,09/08/2024,09:46:20,24551,24550,625,24551,75,0,1375375
NIFTY-II.NFO,09/08/2024,09:46:23,24551,24550,650,24551,50,25,1375375
NIFTY-II.NFO,09/08/2024,09:46:25,24551,24550.05,25,24551,50,0,1375375
NIFTY-II.NFO,09/08/2024,09:46:26,24551,24550.05,25,24551,50,175,1375375
NIFTY-II.NFO,09/08/2024,09:46:28,24551,24550.05,25,24551,25,25,1375375
NIFTY-II.NFO,09/08/2024,09:46:30,24550.05,24550,650,24551,25,25,1375375
NIFTY-II.NFO,09/08/2024,09:46:31,24550.05,24550,650,24551,850,0,1375375
NIFTY-II.NFO,09/08/2024,09:46:33,24550,24550,575,24551,850,75,1375375
NIFTY-II.NFO,09/08/2024,09:46:35,24551,24550,550,24551,800,75,1375375
NIFTY-II.NFO,09/08/2024,09:46:36,24551,24550,550,24551,800,0,1375375
NIFTY-II.NFO,09/08/2024,09:46:38,24551,24550.15,25,24551,775,50,1375375
NIFTY-II.NFO,09/08/2024,09:46:40,24551,24550.4,25,24551,725,50,1375375
NIFTY-II.NFO,09/08/2024,09:46:41,24552,24551.75,50,24554,125,825,1375375
NIFTY-II.NFO,09/08/2024,09:46:43,24552.2,24552.55,50,24554,125,25,1375375
NIFTY-II.NFO,09/08/2024,09:46:45,24551.85,24552.35,25,24554,125,50,1375375
NIFTY-II.NFO,09/08/2024,09:46:46,24554,24552.35,25,24554,25,100,1375375
NIFTY-II.NFO,09/08/2024,09:46:48,24554,24552.4,25,24554,25,0,1375375
NIFTY-II.NFO,09/08/2024,09:46:49,24552.4,24551.65,25,24554,25,25,1375375
NIFTY-II.NFO,09/08/2024,09:46:51,24555,24552.05,50,24555.1,25,100,1375375
NIFTY-II.NFO,09/08/2024,09:46:53,24555.1,24552.05,75,24556,50,50,1375375
NIFTY-II.NFO,09/08/2024,09:46:54,24555.1,24553.25,50,24556,50,0,1375375
NIFTY-II.NFO,09/08/2024,09:46:56,24553.25,24552.05,25,24555.95,25,25,1375375
NIFTY-II.NFO,09/08/2024,09:46:58,24553.25,24553.05,50,24556,50,0,1375375
NIFTY-II.NFO,09/08/2024,09:46:59,24553.05,24555.5,25,24556,50,25,1375375
NIFTY-II.NFO,09/08/2024,09:47:01,24553.05,24554.55,25,24555.95,25,0,1375375
NIFTY-II.NFO,09/08/2024,09:47:03,24556,24555.6,25,24556,25,50,1375375
NIFTY-II.NFO,09/08/2024,09:47:04,24556,24554,25,24556,25,0,1375375
NIFTY-II.NFO,09/08/2024,09:47:06,24556,24555.05,25,24558.95,100,25,1375375
NIFTY-II.NFO,09/08/2024,09:47:08,24556,24554.15,50,24558,125,25,1375375
NIFTY-II.NFO,09/08/2024,09:47:10,24558,24556,50,24558.5,150,25,1375375
NIFTY-II.NFO,09/08/2024,09:47:11,24557.5,24556,75,24557.5,100,75,1375375
NIFTY-II.NFO,09/08/2024,09:47:13,24557.5,24556.6,25,24558.5,125,0,1375375
NIFTY-II.NFO,09/08/2024,09:47:15,24558.5,24557.05,25,24560,2450,50,1375375
NIFTY-II.NFO,09/08/2024,09:47:16,24560,24557.7,25,24560,2425,25,1375375
NIFTY-II.NFO,09/08/2024,09:47:18,24560,24559.35,250,24560,1550,875,1375375
NIFTY-II.NFO,09/08/2024,09:47:19,24560,24559.5,25,24560,1550,0,1375375
NIFTY-II.NFO,09/08/2024,09:47:21,24560,24559.5,25,24560,500,1050,1375375
NIFTY-II.NFO,09/08/2024,09:47:23,24564.1,24564.15,25,24568.25,25,3775,1375375
NIFTY-II.NFO,09/08/2024,09:47:23,24569,24564.15,25,24568.25,25,0,1375375
NIFTY-II.NFO,09/08/2024,09:47:24,24568.25,24562.7,100,24567.6,25,25,1375375
NIFTY-II.NFO,09/08/2024,09:47:26,24562.7,24563.05,75,24567.6,25,25,1375375
NIFTY-II.NFO,09/08/2024,09:47:28,24562.7,24563.5,25,24566.5,25,0,1375375
NIFTY-II.NFO,09/08/2024,09:47:29,24562.7,24563.4,25,24566.5,25,0,1375375
NIFTY-II.NFO,09/08/2024,09:47:31,24568.5,24564.05,100,24567.5,25,75,1375375
NIFTY-II.NFO,09/08/2024,09:47:33,24567.5,24565.1,25,24567.7,25,25,1375375
NIFTY-II.NFO,09/08/2024,09:47:34,24565.1,24563.5,75,24567.65,125,25,1375375
NIFTY-II.NFO,09/08/2024,09:47:36,24567.35,24563.55,350,24567.35,25,50,1375375
NIFTY-II.NFO,09/08/2024,09:47:38,24563.5,24563.5,50,24567.35,325,75,1375375
NIFTY-II.NFO,09/08/2024,09:47:39,24563.5,24563.6,25,24566.8,125,0,1375375
NIFTY-II.NFO,09/08/2024,09:47:41,24568.45,24563.6,25,24567.2,25,100,1375375
NIFTY-II.NFO,09/08/2024,09:47:42,24568.45,24563.6,25,24567.2,25,0,1375375
NIFTY-II.NFO,09/08/2024,09:47:44,24567.45,24563.65,350,24567.1,50,50,1375375
NIFTY-II.NFO,09/08/2024,09:47:46,24563.65,24563.6,25,24567.1,25,175,1375375
NIFTY-II.NFO,09/08/2024,09:47:47,24564.05,24564.05,350,24567.05,50,75,1375375
NIFTY-II.NFO,09/08/2024,09:47:49,24564.05,24565,25,24567.1,25,250,1375375
NIFTY-II.NFO,09/08/2024,09:47:50,24564.05,24565,25,24567.1,25,0,1375375
NIFTY-II.NFO,09/08/2024,09:47:52,24565,24564,25,24565,50,25,1375375
NIFTY-II.NFO,09/08/2024,09:47:54,24565,24564,25,24564.05,25,25,1375375
NIFTY-II.NFO,09/08/2024,09:47:55,24562.25,24562.05,100,24564.05,25,250,1375375
NIFTY-II.NFO,09/08/2024,09:47:57,24562,24560.8,225,24564.05,25,75,1375375
NIFTY-II.NFO,09/08/2024,09:47:59,24562,24560.65,275,24564.05,25,0,1375375
NIFTY-II.NFO,09/08/2024,09:48:00,24560.9,24560.9,275,24564.05,25,25,1375375
NIFTY-II.NFO,09/08/2024,09:48:02,24564.05,24562.35,100,24565,25,150,1375375
NIFTY-II.NFO,09/08/2024,09:48:03,24562.35,24562,325,24566.25,50,50,1375375
NIFTY-II.NFO,09/08/2024,09:48:05,24562,24562,75,24564.35,125,25,1375375
NIFTY-II.NFO,09/08/2024,09:48:07,24562.05,24562.05,75,24565.35,125,550,1375375
NIFTY-II.NFO,09/08/2024,09:48:08,24562,24561.75,25,24562,50,150,1375375
NIFTY-II.NFO,09/08/2024,09:48:10,24561.6,24561.8,25,24562,25,75,1375375
NIFTY-II.NFO,09/08/2024,09:48:11,24565.35,24561.8,100,24564.9,125,75,1375375
NIFTY-II.NFO,09/08/2024,09:48:13,24564.9,24561.8,25,24565,125,25,1375375
NIFTY-II.NFO,09/08/2024,09:48:15,24561.8,24561.4,300,24565,125,25,1375375
NIFTY-II.NFO,09/08/2024,09:48:16,24561.45,24561,75,24562.35,25,625,1375375
NIFTY-II.NFO,09/08/2024,09:48:18,24561.45,24560.15,75,24562.35,25,0,1375375
NIFTY-II.NFO,09/08/2024,09:48:20,24562.35,24562.35,375,24564.1,25,75,1375375
NIFTY-II.NFO,09/08/2024,09:48:21,24562.35,24562.35,275,24563.05,250,100,1375375
NIFTY-II.NFO,09/08/2024,09:48:23,24557.4,24557.6,25,24559.9,75,525,1375375
NIFTY-II.NFO,09/08/2024,09:48:25,24559.9,24557.55,25,24559.9,50,25,1375375
NIFTY-II.NFO,09/08/2024,09:48:26,24562.5,24558.3,25,24561.2,125,225,1375375
NIFTY-II.NFO,09/08/2024,09:48:28,24561.2,24556.95,75,24560.85,125,75,1375375
NIFTY-II.NFO,09/08/2024,09:48:30,24561.2,24556.55,75,24561,50,0,1375375
NIFTY-II.NFO,09/08/2024,09:48:31,24561.2,24560,25,24561.45,125,0,1375375
NIFTY-II.NFO,09/08/2024,09:48:33,24561.2,24560,25,24561.5,125,0,1375375
NIFTY-II.NFO,09/08/2024,09:48:35,24561.2,24560,25,24562.3,25,0,1375375
NIFTY-II.NFO,09/08/2024,09:48:36,24558.4,24558.4,50,24562.3,25,75,1373625
NIFTY-II.NFO,09/08/2024,09:48:38,24558.4,24558.45,25,24561.15,25,0,1373625
NIFTY-II.NFO,09/08/2024,09:48:40,24558.4,24558.55,25,24561.15,25,0,1373625
NIFTY-II.NFO,09/08/2024,09:48:41,24558.4,24560.05,75,24561.2,25,0,1373625
NIFTY-II.NFO,09/08/2024,09:48:43,24559.95,24560.2,125,24561.2,25,100,1373625
NIFTY-II.NFO,09/08/2024,09:48:45,24560.5,24560.5,50,24561.2,25,25,1373625
NIFTY-II.NFO,09/08/2024,09:48:46,24561.2,24560.9,300,24561.2,25,25,1373625
NIFTY-II.NFO,09/08/2024,09:48:48,24562.5,24562.5,100,24565,50,175,1373625
NIFTY-II.NFO,09/08/2024,09:48:50,24562.15,24562.15,100,24565,50,75,1373625
NIFTY-II.NFO,09/08/2024,09:48:51,24565,24562.2,50,24565,25,25,1373625
NIFTY-II.NFO,09/08/2024,09:48:53,24565,24562.25,25,24565,50,0,1373625
NIFTY-II.NFO,09/08/2024,09:48:55,24565,24562.25,100,24565,25,25,1373625
NIFTY-II.NFO,09/08/2024,09:48:56,24566,24562.25,25,24565.05,125,75,1373625
NIFTY-II.NFO,09/08/2024,09:48:58,24562.25,24562.2,350,24565.05,125,225,1373625
NIFTY-II.NFO,09/08/2024,09:48:59,24565.05,24562.25,125,24566,125,50,1373625
NIFTY-II.NFO,09/08/2024,09:49:01,24565,24562.6,350,24565.95,25,25,1373625
NIFTY-II.NFO,09/08/2024,09:49:03,24565,24563.15,350,24565.55,125,0,1373625
NIFTY-II.NFO,09/08/2024,09:49:04,24561.6,24561.55,250,24565.55,125,350,1373625
NIFTY-II.NFO,09/08/2024,09:49:06,24561.6,24561.95,50,24565.05,25,75,1373625
NIFTY-II.NFO,09/08/2024,09:49:08,24565.05,24562.4,350,24565.6,125,25,1373625
NIFTY-II.NFO,09/08/2024,09:49:09,24565.05,24562.45,50,24565.6,125,0,1373625
NIFTY-II.NFO,09/08/2024,09:49:13,24562.4,24562.4,350,24565.6,125,25,1373625
NIFTY-II.NFO,09/08/2024,09:49:14,24562.4,24561.55,350,24564.6,125,0,1373625
NIFTY-II.NFO,09/08/2024,09:49:16,24561.85,24561.85,425,24565.55,25,25,1373625
NIFTY-II.NFO,09/08/2024,09:49:17,24561.85,24562.75,150,24565.5,50,0,1373625
NIFTY-II.NFO,09/08/2024,09:49:19,24565.5,24563.6,75,24565,25,50,1373625
NIFTY-II.NFO,09/08/2024,09:49:21,24563.6,24562.8,300,24565,25,50,1373625
NIFTY-II.NFO,09/08/2024,09:49:22,24562.8,24561.9,275,24564.55,25,125,1373625
NIFTY-II.NFO,09/08/2024,09:49:24,24562.8,24561.4,300,24564.55,25,0,1373625
NIFTY-II.NFO,09/08/2024,09:49:26,24563.4,24563.4,125,24565.05,50,25,1373625
NIFTY-II.NFO,09/08/2024,09:49:27,24564.85,24563.4,75,24565,300,100,1373625
NIFTY-II.NFO,09/08/2024,09:49:29,24563.4,24563.4,50,24564.8,75,25,1373625
NIFTY-II.NFO,09/08/2024,09:49:31,24563.4,24563.45,25,24565,300,25,1373625
NIFTY-II.NFO,09/08/2024,09:49:32,24563.45,24563.4,25,24563.45,25,50,1373625
NIFTY-II.NFO,09/08/2024,09:49:34,24563.4,24560.85,250,24565,275,25,1373625
NIFTY-II.NFO,09/08/2024,09:49:36,24563.4,24560.85,250,24564.85,75,0,1373625
NIFTY-II.NFO,09/08/2024,09:49:37,24560.85,24561.45,500,24564.85,75,25,1373625
NIFTY-II.NFO,09/08/2024,09:49:39,24560.85,24561.45,200,24564.85,75,0,1373625
NIFTY-II.NFO,09/08/2024,09:49:41,24560.85,24560.65,250,24564.35,125,0,1373625
NIFTY-II.NFO,09/08/2024,09:49:42,24559,24559,300,24563.7,175,75,1373625
NIFTY-II.NFO,09/08/2024,09:49:44,24559,24559.05,375,24562.95,125,0,1373625
NIFTY-II.NFO,09/08/2024,09:49:45,24561.3,24557.4,200,24561.25,175,25,1373625
NIFTY-II.NFO,09/08/2024,09:49:47,24561.3,24558,300,24560,25,0,1373625
NIFTY-II.NFO,09/08/2024,09:49:49,24558,24558,300,24560,25,50,1373625
NIFTY-II.NFO,09/08/2024,09:49:50,24558,24558,300,24560,25,0,1373625
NIFTY-II.NFO,09/08/2024,09:49:52,24558,24558.1,75,24560,25,0,1373625
NIFTY-II.NFO,09/08/2024,09:49:54,24558,24558,300,24560,25,0,1373625
NIFTY-II.NFO,09/08/2024,09:49:55,24558,24557.8,200,24560,25,0,1373625
NIFTY-II.NFO,09/08/2024,09:49:57,24558,24557.8,200,24560,25,25,1373625
NIFTY-II.NFO,09/08/2024,09:49:59,24557.85,24557.85,300,24560,25,25,1373625
NIFTY-II.NFO,09/08/2024,09:50:00,24558.2,24557.8,200,24560,25,25,1373625
NIFTY-II.NFO,09/08/2024,09:50:02,24557.8,24557.7,900,24560,75,25,1373625
NIFTY-II.NFO,09/08/2024,09:50:04,24560,24558.05,25,24560,50,25,1373625
NIFTY-II.NFO,09/08/2024,09:50:05,24558.05,24557.65,175,24560,50,25,1373625
