Ticker,Date,Time,LTP,BuyPrice,BuyQty,SellPrice,SellQty,LTQ,OpenInterest
NIFTY-I.NFO,24/01/2025,09:15:00,23275.1,23275.25,25,23279.75,200,4575,13637050
NIFTY-I.NFO,24/01/2025,09:15:00,23275.1,23275.25,25,23279.75,200,0,13637050
NIFTY-I.NFO,24/01/2025,09:15:00,23321,23275.25,25,23279.75,200,0,13637050
NIFTY-I.NFO,24/01/2025,09:15:00,23275.1,23275.25,25,23279.75,200,0,13637050
NIFTY-I.NFO,24/01/2025,09:15:01,23270.8,23278.1,25,23284.1,100,4125,13637050
NIFTY-I.NFO,24/01/2025,09:15:01,23270.25,23278.1,25,23284.1,100,0,13637050
NIFTY-I.NFO,24/01/2025,09:15:03,23284.4,23278.55,50,23284.45,125,9350,13637050
NIFTY-I.NFO,24/01/2025,09:15:03,23269.05,23278.55,50,23284.45,125,0,13637050
NIFTY-I.NFO,24/01/2025,09:15:04,23267.25,23268.4,875,23274.75,50,3650,13637050
NIFTY-I.NFO,24/01/2025,09:15:04,23267.25,23268.4,875,23274.75,50,0,13637050
NIFTY-I.NFO,24/01/2025,09:15:06,23274.9,23267.45,50,23272.25,25,4225,13637050
NIFTY-I.NFO,24/01/2025,09:15:08,23276.35,23268.1,75,23275.55,150,3025,13637050
NIFTY-I.NFO,24/01/2025,09:15:08,23266.3,23268.1,75,23275.55,150,0,13637050
NIFTY-I.NFO,24/01/2025,09:15:09,23272.25,23272.25,100,23275.15,25,3450,13637050
NIFTY-I.NFO,24/01/2025,09:15:11,23277.65,23272.25,25,23277.6,25,1275,13637050
NIFTY-I.NFO,24/01/2025,09:15:13,23269.5,23266.55,25,23268.5,25,1775,13637050
NIFTY-I.NFO,24/01/2025,09:15:14,23269.15,23261.1,175,23268.1,100,10250,13637050
NIFTY-I.NFO,24/01/2025,09:15:14,23260.05,23261.1,175,23268.1,100,0,13637050
NIFTY-I.NFO,24/01/2025,09:15:16,23279.6,23273.95,125,23279.65,125,1950,13637050
NIFTY-I.NFO,24/01/2025,09:15:18,23277.95,23274.95,75,23277.45,25,2550,13637050
NIFTY-I.NFO,24/01/2025,09:15:19,23273.65,23273.65,25,23278.15,250,4825,13637050
NIFTY-I.NFO,24/01/2025,09:15:21,23285.5,23279.6,75,23285.9,500,1800,13637050
NIFTY-I.NFO,24/01/2025,09:15:23,23284.6,23277.95,25,23283.5,100,2775,13637050
NIFTY-I.NFO,24/01/2025,09:15:24,23274.5,23270.25,25,23274.65,25,2425,13637050
NIFTY-I.NFO,24/01/2025,09:15:26,23270,23268.7,400,23270,350,5350,13637050
NIFTY-I.NFO,24/01/2025,09:15:27,23278.5,23272.45,100,23278.5,50,15950,13637050
NIFTY-I.NFO,24/01/2025,09:15:29,23283.35,23277.45,25,23278.5,25,400,13637050
NIFTY-I.NFO,24/01/2025,09:15:31,23278.2,23277.45,250,23278.6,625,825,13637050
NIFTY-I.NFO,24/01/2025,09:15:32,23274.5,23271.4,350,23275.2,50,1175,13637050
NIFTY-I.NFO,24/01/2025,09:15:34,23280.45,23278.55,375,23281.05,25,300,13637050
NIFTY-I.NFO,24/01/2025,09:15:36,23281.65,23276.4,475,23280.9,25,1875,13637050
NIFTY-I.NFO,24/01/2025,09:15:37,23276.45,23276.45,50,23280.1,25,350,13637050
NIFTY-I.NFO,24/01/2025,09:15:39,23278.45,23277.15,75,23278.1,25,1225,13637050
NIFTY-I.NFO,24/01/2025,09:15:41,23276.4,23275.2,225,23277.1,425,700,13637050
NIFTY-I.NFO,24/01/2025,09:15:42,23278.35,23276,75,23278.6,75,1700,13637050
NIFTY-I.NFO,24/01/2025,09:15:44,23276.4,23275.2,225,23276.4,75,675,13637050
NIFTY-I.NFO,24/01/2025,09:15:46,23271.45,23271.4,200,23276.3,75,1350,13637050
NIFTY-I.NFO,24/01/2025,09:15:47,23276.4,23273.65,50,23276.45,100,475,13637050
NIFTY-I.NFO,24/01/2025,09:15:49,23272.65,23272.65,125,23279.45,75,1350,13637050
NIFTY-I.NFO,24/01/2025,09:15:51,23281.25,23276.4,25,23280.7,25,375,13655500
NIFTY-I.NFO,24/01/2025,09:15:52,23275,23275,325,23280.7,50,575,13655500
NIFTY-I.NFO,24/01/2025,09:15:54,23275.05,23275,325,23280.85,25,200,13655500
NIFTY-I.NFO,24/01/2025,09:15:56,23281.8,23275.05,100,23281.4,25,700,13655500
NIFTY-I.NFO,24/01/2025,09:15:57,23278.4,23276.35,75,23281.85,125,750,13655500
NIFTY-I.NFO,24/01/2025,09:15:59,23277.1,23277.1,50,23281.9,25,550,13655500
NIFTY-I.NFO,24/01/2025,09:16:01,23274.65,23273.9,175,23279.6,25,2875,13655500
NIFTY-I.NFO,24/01/2025,09:16:02,23276.75,23271.45,125,23278.4,25,3525,13655500
NIFTY-I.NFO,24/01/2025,09:16:04,23278.65,23276.7,25,23280.55,50,675,13655500
NIFTY-I.NFO,24/01/2025,09:16:06,23279.6,23276.65,75,23280.15,100,550,13655500
NIFTY-I.NFO,24/01/2025,09:16:07,23279.6,23276.5,350,23279.6,25,550,13655500
NIFTY-I.NFO,24/01/2025,09:16:09,23278.75,23276.6,25,23279.2,25,725,13655500
NIFTY-I.NFO,24/01/2025,09:16:11,23279.5,23276.45,25,23279.95,50,4075,13655500
NIFTY-I.NFO,24/01/2025,09:16:12,23279,23276.5,50,23279.15,25,825,13655500
NIFTY-I.NFO,24/01/2025,09:16:14,23280.6,23277.7,50,23280.8,25,375,13655500
NIFTY-I.NFO,24/01/2025,09:16:16,23281.35,23280.8,75,23281.6,25,750,13655500
NIFTY-I.NFO,24/01/2025,09:16:17,23280.85,23278,25,23281.75,100,1125,13655500
NIFTY-I.NFO,24/01/2025,09:16:19,23281.45,23275.1,100,23281.8,550,1700,13655500
NIFTY-I.NFO,24/01/2025,09:16:21,23283.55,23280,375,23283.5,100,450,13655500
NIFTY-I.NFO,24/01/2025,09:16:22,23285,23283.05,25,23285.7,25,375,13655500
NIFTY-I.NFO,24/01/2025,09:16:24,23285.35,23282.95,150,23286.05,25,25525,13655500
NIFTY-I.NFO,24/01/2025,09:16:26,23278.65,23279.45,125,23286.4,50,400,13655500
NIFTY-I.NFO,24/01/2025,09:16:27,23283,23282.9,75,23289.75,50,250,13655500
NIFTY-I.NFO,24/01/2025,09:16:29,23289.95,23285.05,175,23290,25,550,13655500
NIFTY-I.NFO,24/01/2025,09:16:31,23288.75,23286.25,75,23290.9,25,875,13655500
NIFTY-I.NFO,24/01/2025,09:16:32,23290.9,23290.2,75,23292.8,50,2500,13655500
NIFTY-I.NFO,24/01/2025,09:16:34,23289.75,23285.7,25,23292.4,550,3400,13655500
NIFTY-I.NFO,24/01/2025,09:16:36,23290.9,23286.05,100,23293.15,275,2750,13655500
NIFTY-I.NFO,24/01/2025,09:16:37,23296.9,23290.55,100,23297,75,800,13655500
NIFTY-I.NFO,24/01/2025,09:16:39,23296.6,23294.15,25,23296.6,625,525,13655500
NIFTY-I.NFO,24/01/2025,09:16:41,23293.6,23290.9,400,23293.6,25,650,13655500
NIFTY-I.NFO,24/01/2025,09:16:42,23293.6,23290.9,350,23293.6,25,400,13655500
NIFTY-I.NFO,24/01/2025,09:16:44,23297.05,23293.6,25,23297.55,75,2675,13655500
NIFTY-I.NFO,24/01/2025,09:16:46,23295.95,23293.6,25,23297.45,25,4175,13655500
NIFTY-I.NFO,24/01/2025,09:16:47,23295,23293.75,25,23295,150,4600,13655500
NIFTY-I.NFO,24/01/2025,09:16:49,23297.85,23292.95,175,23299.8,25,2100,13655500
NIFTY-I.NFO,24/01/2025,09:16:51,23295.95,23292.1,100,23295.95,25,275,13655500
NIFTY-I.NFO,24/01/2025,09:16:52,23297.75,23293.95,50,23298.9,25,850,13655500
NIFTY-I.NFO,24/01/2025,09:16:54,23298.65,23293.35,100,23299.5,75,900,13655500
NIFTY-I.NFO,24/01/2025,09:16:56,23299,23296,25,23299.45,100,950,13655500
NIFTY-I.NFO,24/01/2025,09:16:57,23300,23298.9,550,23299.75,25,2500,13655500
NIFTY-I.NFO,24/01/2025,09:16:59,23293.6,23294,25,23295,25,2250,13655500
NIFTY-I.NFO,24/01/2025,09:17:01,23300.65,23294.05,100,23300,25,350,13655500
NIFTY-I.NFO,24/01/2025,09:17:02,23296.25,23293.6,25,23296.3,50,675,13655500
NIFTY-I.NFO,24/01/2025,09:17:04,23295.45,23292,75,23293.4,25,150,13655500
NIFTY-I.NFO,24/01/2025,09:17:06,23293,23290,525,23292.75,25,1350,13655500
NIFTY-I.NFO,24/01/2025,09:17:07,23293.9,23290,400,23294.15,50,2050,13655500
NIFTY-I.NFO,24/01/2025,09:17:09,23291.75,23286.05,200,23292.45,250,750,13655500
NIFTY-I.NFO,24/01/2025,09:17:11,23292.5,23286,25,23291.9,500,1850,13655500
NIFTY-I.NFO,24/01/2025,09:17:12,23291.4,23286,125,23291.5,25,150,13655500
NIFTY-I.NFO,24/01/2025,09:17:14,23294.55,23290,100,23291.4,25,1350,13655500
NIFTY-I.NFO,24/01/2025,09:17:16,23289.9,23289.9,50,23295.55,500,1400,13655500
NIFTY-I.NFO,24/01/2025,09:17:17,23291.25,23293,1475,23294.2,50,2175,13655500
NIFTY-I.NFO,24/01/2025,09:17:19,23294.4,23293.75,25,23294.25,500,4100,13655500
NIFTY-I.NFO,24/01/2025,09:17:21,23293.75,23293.75,1450,23294.1,25,2275,13655500
NIFTY-I.NFO,24/01/2025,09:17:22,23293.1,23290,50,23293.05,475,2000,13655500
NIFTY-I.NFO,24/01/2025,09:17:24,23291,23291,300,23293.05,25,2150,13655500
NIFTY-I.NFO,24/01/2025,09:17:26,23291,23290,50,23294,50,750,13655500
NIFTY-I.NFO,24/01/2025,09:17:27,23287.25,23288.45,25,23295.15,100,6175,13655500
NIFTY-I.NFO,24/01/2025,09:17:29,23296.2,23289.4,250,23296.15,100,1125,13655500
NIFTY-I.NFO,24/01/2025,09:17:31,23289.45,23289.45,275,23295,25,1075,13655500
NIFTY-I.NFO,24/01/2025,09:17:32,23296.1,23295.15,100,23296.1,50,1050,13655500
NIFTY-I.NFO,24/01/2025,09:17:34,23295.15,23293.25,25,23296,400,650,13655500
NIFTY-I.NFO,24/01/2025,09:17:36,23295.95,23293.25,200,23296,375,225,13655500
NIFTY-I.NFO,24/01/2025,09:17:37,23299,23292.65,300,23299,150,575,13655500
NIFTY-I.NFO,24/01/2025,09:17:39,23299,23293.95,275,23299,50,625,13655500
NIFTY-I.NFO,24/01/2025,09:17:41,23299.9,23294.45,200,23299,25,150,13655500
NIFTY-I.NFO,24/01/2025,09:17:42,23300,23294.8,100,23300,3475,475,13655500
NIFTY-I.NFO,24/01/2025,09:17:44,23299,23299,50,23299.9,25,675,13655500
NIFTY-I.NFO,24/01/2025,09:17:46,23300,23295.1,175,23300,2400,2150,13655500
NIFTY-I.NFO,24/01/2025,09:17:47,23298.75,23295.15,25,23297.5,50,75,13655500
NIFTY-I.NFO,24/01/2025,09:17:49,23298.45,23296.3,125,23299,50,575,13655500
NIFTY-I.NFO,24/01/2025,09:17:50,23295.1,23295.05,125,23295.1,22125,3050,13655500
NIFTY-I.NFO,24/01/2025,09:17:52,23295.1,23295.05,175,23295.1,21875,725,13655500
NIFTY-I.NFO,24/01/2025,09:17:54,23295.1,23294,25,23295.1,21700,475,13655500
NIFTY-I.NFO,24/01/2025,09:17:55,23295.1,23293,125,23295.1,21325,525,13655500
NIFTY-I.NFO,24/01/2025,09:17:57,23295,23292,75,23295,1450,600,13655500
NIFTY-I.NFO,24/01/2025,09:17:59,23295,23292.05,25,23295,1300,150,13655500
NIFTY-I.NFO,24/01/2025,09:18:00,23294.7,23292,50,23294.85,225,525,13655500
NIFTY-I.NFO,24/01/2025,09:18:02,23293.2,23289,150,23293.35,250,2825,13655500
NIFTY-I.NFO,24/01/2025,09:18:04,23288.4,23288.4,125,23289,1825,800,13655500
NIFTY-I.NFO,24/01/2025,09:18:05,23289,23287.6,200,23292.55,50,3675,13655500
NIFTY-I.NFO,24/01/2025,09:18:07,23295,23291.05,200,23295,1125,575,13655500
NIFTY-I.NFO,24/01/2025,09:18:09,23295,23294.7,125,23295.1,17450,1575,13655500
NIFTY-I.NFO,24/01/2025,09:18:10,23295,23290.35,125,23294.9,25,350,13655500
NIFTY-I.NFO,24/01/2025,09:18:12,23290.25,23290.25,25,23294.7,75,125,13655500
NIFTY-I.NFO,24/01/2025,09:18:14,23294.7,23290.55,200,23294.7,100,50,13655500
NIFTY-I.NFO,24/01/2025,09:18:15,23295,23290.45,125,23294.8,25,250,13655500
NIFTY-I.NFO,24/01/2025,09:18:17,23290.65,23290.65,125,23295.1,3825,13900,13655500
NIFTY-I.NFO,24/01/2025,09:18:19,23291.15,23290.7,1550,23295,50,1175,13655500
NIFTY-I.NFO,24/01/2025,09:18:20,23295.1,23295.1,150,23296.25,25,3125,13655500
NIFTY-I.NFO,24/01/2025,09:18:22,23295.2,23290.95,175,23295.35,25,175,13655500
NIFTY-I.NFO,24/01/2025,09:18:23,23295.35,23291.2,325,23295.45,25,175,13655500
NIFTY-I.NFO,24/01/2025,09:18:25,23296.25,23295.6,175,23298,25,425,13655500
NIFTY-I.NFO,24/01/2025,09:18:27,23298.05,23295.4,175,23298.65,25,325,13655500
NIFTY-I.NFO,24/01/2025,09:18:28,23298.35,23298,75,23298.35,25,300,13655500
NIFTY-I.NFO,24/01/2025,09:18:30,23298.5,23297,2050,23298.5,50,150,13655500
NIFTY-I.NFO,24/01/2025,09:18:32,23297.95,23297,1850,23299,450,50,13655500
NIFTY-I.NFO,24/01/2025,09:18:33,23298.7,23296.9,25,23298.7,100,100,13655500
NIFTY-I.NFO,24/01/2025,09:18:35,23298.5,23298.5,3550,23298.7,525,1575,13655500
NIFTY-I.NFO,24/01/2025,09:18:37,23298.5,23298.5,3250,23298.7,25,2425,13655500
NIFTY-I.NFO,24/01/2025,09:18:38,23300,23298.5,2900,23300,2375,1600,13655500
NIFTY-I.NFO,24/01/2025,09:18:40,23299,23298.5,2050,23299.25,50,900,13655500
NIFTY-I.NFO,24/01/2025,09:18:42,23298.5,23298.5,1950,23299.25,100,175,13655500
NIFTY-I.NFO,24/01/2025,09:18:43,23299.25,23296.3,125,23299.25,75,2250,13655500
NIFTY-I.NFO,24/01/2025,09:18:45,23299,23299,1025,23299.5,725,475,13655500
NIFTY-I.NFO,24/01/2025,09:18:47,23300,23299.25,175,23300,2275,2475,13655500
NIFTY-I.NFO,24/01/2025,09:18:48,23299.65,23296.55,200,23299.7,25,250,13655500
NIFTY-I.NFO,24/01/2025,09:18:50,23298.45,23297.05,125,23301.1,25,3150,13655500
NIFTY-I.NFO,24/01/2025,09:18:51,23299.45,23297,225,23299.45,25,225,13627950
NIFTY-I.NFO,24/01/2025,09:18:53,23297.2,23297.2,375,23298.2,625,150,13627950
NIFTY-I.NFO,24/01/2025,09:18:55,23297.35,23297.2,300,23298.45,625,425,13627950
NIFTY-I.NFO,24/01/2025,09:18:56,23295.5,23295.5,125,23297.3,600,600,13627950
NIFTY-I.NFO,24/01/2025,09:18:58,23296.15,23295,150,23296.2,25,750,13627950
NIFTY-I.NFO,24/01/2025,09:19:00,23296.15,23293.55,100,23297.45,250,125,13627950
NIFTY-I.NFO,24/01/2025,09:19:01,23293.05,23291.15,125,23292.6,25,400,13627950
NIFTY-I.NFO,24/01/2025,09:19:03,23290.05,23290.05,100,23291.9,25,325,13627950
NIFTY-I.NFO,24/01/2025,09:19:05,23294.7,23291.1,200,23294.75,500,500,13627950
NIFTY-I.NFO,24/01/2025,09:19:06,23291.9,23291.95,200,23296.45,500,50,13627950
NIFTY-I.NFO,24/01/2025,09:19:08,23294.75,23294.75,550,23295.3,25,550,13627950
NIFTY-I.NFO,24/01/2025,09:19:09,23294.85,23292.1,200,23295,125,700,13627950
NIFTY-I.NFO,24/01/2025,09:19:11,23294.25,23292,750,23294.2,750,750,13627950
NIFTY-I.NFO,24/01/2025,09:19:13,23292,23292,700,23293.6,450,50,13627950
NIFTY-I.NFO,24/01/2025,09:19:14,23293,23292,650,23293.4,25,350,13627950
NIFTY-I.NFO,24/01/2025,09:19:16,23292.2,23292.05,200,23293.95,450,150,13627950
NIFTY-I.NFO,24/01/2025,09:19:18,23292.05,23292,650,23293.95,25,200,13627950
NIFTY-I.NFO,24/01/2025,09:19:19,23294.45,23292.05,200,23294.55,400,375,13627950
NIFTY-I.NFO,24/01/2025,09:19:21,23292.05,23292.05,150,23293.8,400,475,13627950
NIFTY-I.NFO,24/01/2025,09:19:22,23291.9,23291.9,275,23293.3,25,1550,13627950
NIFTY-I.NFO,24/01/2025,09:19:24,23293.15,23291.05,150,23294,650,2800,13627950
NIFTY-I.NFO,24/01/2025,09:19:26,23292,23290.15,150,23292.5,375,1200,13627950
NIFTY-I.NFO,24/01/2025,09:19:27,23290.75,23288.25,150,23292.1,75,2650,13627950
NIFTY-I.NFO,24/01/2025,09:19:29,23290.8,23290,1650,23290.75,375,1100,13627950
NIFTY-I.NFO,24/01/2025,09:19:31,23290.05,23290.05,175,23290.55,125,1925,13627950
NIFTY-I.NFO,24/01/2025,09:19:32,23290.05,23288.05,200,23290.75,100,4000,13627950
NIFTY-I.NFO,24/01/2025,09:19:34,23289.55,23288.05,200,23290.45,25,25,13627950
NIFTY-I.NFO,24/01/2025,09:19:36,23290,23288.1,175,23291,200,475,13627950
NIFTY-I.NFO,24/01/2025,09:19:37,23290.5,23290.5,200,23292,325,475,13627950
NIFTY-I.NFO,24/01/2025,09:19:39,23290.5,23290.5,175,23292.35,25,125,13627950
NIFTY-I.NFO,24/01/2025,09:19:41,23292.75,23290.5,250,23293.3,125,425,13627950
NIFTY-I.NFO,24/01/2025,09:19:42,23290.5,23290.5,100,23292.9,125,600,13627950
NIFTY-I.NFO,24/01/2025,09:19:44,23289,23288.85,100,23292.3,100,2850,13627950
NIFTY-I.NFO,24/01/2025,09:19:46,23288.05,23288.05,175,23291.6,125,1025,13627950
NIFTY-I.NFO,24/01/2025,09:19:47,23290.8,23290.8,125,23293.35,25,450,13627950
NIFTY-I.NFO,24/01/2025,09:19:49,23293.8,23290.4,250,23293.75,25,1950,13627950
NIFTY-I.NFO,24/01/2025,09:19:51,23291.5,23291.45,125,23292,25,125,13627950
NIFTY-I.NFO,24/01/2025,09:19:52,23291.45,23291.1,125,23293.8,25,150,13627950
NIFTY-I.NFO,24/01/2025,09:19:54,23291.15,23291.15,200,23293.8,200,50,13627950
NIFTY-I.NFO,24/01/2025,09:19:56,23296.6,23293.7,200,23297,75,900,13627950
NIFTY-I.NFO,24/01/2025,09:19:57,23296.05,23292.55,175,23296,75,75,13627950
NIFTY-I.NFO,24/01/2025,09:19:59,23295,23292.45,125,23295.05,75,225,13627950
NIFTY-I.NFO,24/01/2025,09:20:01,23290.05,23289.5,75,23295.3,175,5100,13627950
NIFTY-I.NFO,24/01/2025,09:20:02,23291.05,23291.05,175,23295.2,25,2925,13627950
NIFTY-I.NFO,24/01/2025,09:20:04,23293.4,23291.05,200,23293.4,50,550,13627950
NIFTY-I.NFO,24/01/2025,09:20:06,23292.25,23292.2,50,23292.45,25,675,13627950
NIFTY-I.NFO,24/01/2025,09:20:07,23292.1,23291.05,200,23292.3,25,575,13627950
NIFTY-I.NFO,24/01/2025,09:20:09,23294.55,23291.25,150,23294.7,25,450,13627950
NIFTY-I.NFO,24/01/2025,09:20:11,23296.2,23293.2,100,23296.6,100,1000,13627950
NIFTY-I.NFO,24/01/2025,09:20:12,23297.3,23292.45,175,23297.3,100,1300,13627950
NIFTY-I.NFO,24/01/2025,09:20:14,23294.75,23292.3,25,23294.8,50,100,13627950
NIFTY-I.NFO,24/01/2025,09:20:16,23297.3,23294.85,150,23297.15,125,100,13627950
NIFTY-I.NFO,24/01/2025,09:20:17,23298,23296.05,150,23298,50,250,13627950
NIFTY-I.NFO,24/01/2025,09:20:19,23299.45,23299.45,200,23301,25,3525,13627950
NIFTY-I.NFO,24/01/2025,09:20:21,23301.3,23297.1,100,23299,25,2125,13627950
NIFTY-I.NFO,24/01/2025,09:20:22,23300.1,23296.45,200,23299.55,25,350,13627950
NIFTY-I.NFO,24/01/2025,09:20:24,23300.7,23296.45,200,23300.7,75,500,13627950
NIFTY-I.NFO,24/01/2025,09:20:26,23301.3,23296.6,50,23301.65,25,1900,13627950
NIFTY-I.NFO,24/01/2025,09:20:27,23301.4,23296.6,200,23301.5,25,300,13627950
NIFTY-I.NFO,24/01/2025,09:20:29,23297.05,23297.05,150,23299.65,25,125,13627950
NIFTY-I.NFO,24/01/2025,09:20:31,23296.3,23296.6,400,23297.8,50,325,13627950
NIFTY-I.NFO,24/01/2025,09:20:32,23296,23294.8,200,23297.25,50,375,13627950
NIFTY-I.NFO,24/01/2025,09:20:34,23297.05,23294.8,200,23297.1,75,300,13627950
NIFTY-I.NFO,24/01/2025,09:20:36,23297.2,23294.8,175,23297.05,25,50,13627950
NIFTY-I.NFO,24/01/2025,09:20:37,23296.85,23296.75,225,23297,50,225,13627950
NIFTY-I.NFO,24/01/2025,09:20:39,23297.4,23294.05,200,23297.55,50,6850,13627950
NIFTY-I.NFO,24/01/2025,09:20:41,23298,23297.35,150,23298,300,1850,13627950
NIFTY-I.NFO,24/01/2025,09:20:42,23297,23294.95,125,23298,500,325,13627950
NIFTY-I.NFO,24/01/2025,09:20:44,23296.75,23294.9,350,23296.75,3300,850,13627950
NIFTY-I.NFO,24/01/2025,09:20:46,23295.6,23294.95,25,23296.7,150,125,13627950
NIFTY-I.NFO,24/01/2025,09:20:47,23296.7,23295,350,23296.7,50,100,13627950
NIFTY-I.NFO,24/01/2025,09:20:49,23295,23295,125,23296.7,100,575,13627950
NIFTY-I.NFO,24/01/2025,09:20:51,23295,23294.95,625,23295,3325,1825,13627950
NIFTY-I.NFO,24/01/2025,09:20:52,23295,23294.9,500,23295,2850,650,13627950
NIFTY-I.NFO,24/01/2025,09:20:54,23294.4,23294,25,23295,2925,325,13627950
NIFTY-I.NFO,24/01/2025,09:20:56,23294.85,23294,25,23294.85,75,250,13627950
NIFTY-I.NFO,24/01/2025,09:20:57,23295,23294,125,23294.85,50,800,13627950
NIFTY-I.NFO,24/01/2025,09:20:59,23293,23292,150,23293,1275,1950,13627950
NIFTY-I.NFO,24/01/2025,09:21:01,23292.95,23292,50,23292.95,175,200,13627950
NIFTY-I.NFO,24/01/2025,09:21:02,23293,23292,250,23294,100,1550,13627950
NIFTY-I.NFO,24/01/2025,09:21:04,23293.9,23292,50,23293.85,25,1750,13627950
NIFTY-I.NFO,24/01/2025,09:21:06,23293.5,23292,50,23293.55,25,900,13627950
NIFTY-I.NFO,24/01/2025,09:21:07,23293.55,23292.05,200,23293.5,25,475,13627950
NIFTY-I.NFO,24/01/2025,09:21:09,23292.05,23292.05,150,23293.5,325,75,13627950
NIFTY-I.NFO,24/01/2025,09:21:11,23293,23292.05,200,23293.5,75,450,13627950
NIFTY-I.NFO,24/01/2025,09:21:12,23294.9,23293.15,100,23294.9,75,675,13627950
NIFTY-I.NFO,24/01/2025,09:21:14,23293.15,23293.15,175,23295,1200,600,13627950
NIFTY-I.NFO,24/01/2025,09:21:16,23294.1,23293.15,200,23295,950,250,13627950
NIFTY-I.NFO,24/01/2025,09:21:17,23295,23293.25,175,23295,775,175,13627950
NIFTY-I.NFO,24/01/2025,09:21:19,23295,23295,350,23295.05,25,775,13627950
NIFTY-I.NFO,24/01/2025,09:21:21,23296,23295,300,23296,25,225,13627950
NIFTY-I.NFO,24/01/2025,09:21:22,23295.8,23292.45,150,23295.85,25,475,13627950
NIFTY-I.NFO,24/01/2025,09:21:24,23294,23292.45,150,23293.15,100,1000,13627950
NIFTY-I.NFO,24/01/2025,09:21:26,23293.95,23292,150,23294,800,275,13627950
NIFTY-I.NFO,24/01/2025,09:21:27,23294.5,23293.2,200,23294.5,25,1975,13627950
NIFTY-I.NFO,24/01/2025,09:21:29,23294.55,23293.2,75,23293.7,75,275,13627950
NIFTY-I.NFO,24/01/2025,09:21:31,23293.2,23292.05,150,23294.5,25,200,13627950
NIFTY-I.NFO,24/01/2025,09:21:32,23294.05,23294.05,50,23294.9,225,775,13627950
NIFTY-I.NFO,24/01/2025,09:21:34,23292.05,23292.05,50,23293.5,300,800,13627950
NIFTY-I.NFO,24/01/2025,09:21:36,23293.2,23292.05,100,23292.75,25,275,13627950
NIFTY-I.NFO,24/01/2025,09:21:37,23296.7,23293.95,200,23296.75,25,2000,13627950
NIFTY-I.NFO,24/01/2025,09:21:39,23296.8,23296.8,25,23298,975,475,13627950
NIFTY-I.NFO,24/01/2025,09:21:41,23296.9,23296.9,100,23298,950,50,13627950
NIFTY-I.NFO,24/01/2025,09:21:42,23298,23297.15,200,23297.95,100,50,13627950
NIFTY-I.NFO,24/01/2025,09:21:44,23297.95,23297.35,200,23297.95,50,50,13627950
NIFTY-I.NFO,24/01/2025,09:21:46,23300.1,23299.45,100,23300.1,25,3725,13627950
NIFTY-I.NFO,24/01/2025,09:21:47,23298.8,23297.45,175,23300.5,25,375,13627950
NIFTY-I.NFO,24/01/2025,09:21:49,23300.95,23300,75,23301.3,50,250,13627950
NIFTY-I.NFO,24/01/2025,09:21:51,23303.2,23300.1,25,23302.75,25,200,13627950
NIFTY-I.NFO,24/01/2025,09:21:53,23301.75,23300,1675,23301.2,25,700,13603050
NIFTY-I.NFO,24/01/2025,09:21:54,23300,23300.95,25,23301,25,1275,13603050
NIFTY-I.NFO,24/01/2025,09:21:56,23300,23300.05,100,23300.65,50,3425,13603050
NIFTY-I.NFO,24/01/2025,09:21:58,23298.05,23298.05,100,23299.95,25,1125,13603050
NIFTY-I.NFO,24/01/2025,09:21:59,23296.6,23296.05,75,23297.75,25,1475,13603050
NIFTY-I.NFO,24/01/2025,09:22:01,23297.75,23296.05,125,23297.75,75,150,13603050
NIFTY-I.NFO,24/01/2025,09:22:03,23300,23296.4,200,23300,125,1000,13603050
NIFTY-I.NFO,24/01/2025,09:22:04,23298.3,23298.3,75,23300,50,275,13603050
NIFTY-I.NFO,24/01/2025,09:22:06,23295,23293.95,100,23295,16225,8775,13603050
NIFTY-I.NFO,24/01/2025,09:22:08,23294.95,23294.7,175,23294.95,75,450,13603050
NIFTY-I.NFO,24/01/2025,09:22:09,23295,23293.95,200,23295,13550,2450,13603050
NIFTY-I.NFO,24/01/2025,09:22:11,23293.9,23293.95,200,23295,13525,200,13603050
NIFTY-I.NFO,24/01/2025,09:22:13,23294.95,23293.95,200,23295,13525,225,13603050
NIFTY-I.NFO,24/01/2025,09:22:14,23295,23293.95,200,23295,11650,1900,13603050
NIFTY-I.NFO,24/01/2025,09:22:16,23295,23294.65,50,23295,11375,400,13603050
NIFTY-I.NFO,24/01/2025,09:22:18,23294.95,23294.65,100,23295,9675,1725,13603050
NIFTY-I.NFO,24/01/2025,09:22:19,23294.65,23294.6,25,23294.9,50,25,13603050
NIFTY-I.NFO,24/01/2025,09:22:21,23295,23294.6,125,23295,2575,150,13603050
NIFTY-I.NFO,24/01/2025,09:22:23,23294.5,23294.5,50,23295,2575,75,13603050
NIFTY-I.NFO,24/01/2025,09:22:24,23293.9,23292.05,50,23294.35,50,450,13603050
NIFTY-I.NFO,24/01/2025,09:22:26,23294.95,23292.05,150,23295,2500,50,13603050
NIFTY-I.NFO,24/01/2025,09:22:27,23293.05,23293.05,25,23295,2500,50,13603050
NIFTY-I.NFO,24/01/2025,09:22:29,23295,23294.95,25,23295,1325,1200,13603050
NIFTY-I.NFO,24/01/2025,09:22:31,23295,23295,375,23295.5,1300,1875,13603050
NIFTY-I.NFO,24/01/2025,09:22:32,23298.7,23297.1,275,23300,175,7050,13603050
NIFTY-I.NFO,24/01/2025,09:22:34,23299.95,23297.8,125,23299.95,25,100,13603050
NIFTY-I.NFO,24/01/2025,09:22:36,23298,23298,150,23299,25,75,13603050
NIFTY-I.NFO,24/01/2025,09:22:37,23298.1,23298.1,100,23298.7,25,75,13603050
NIFTY-I.NFO,24/01/2025,09:22:39,23300,23298.2,100,23299.95,25,50,13603050
NIFTY-I.NFO,24/01/2025,09:22:41,23299.95,23298.6,125,23299.95,25,150,13603050
NIFTY-I.NFO,24/01/2025,09:22:42,23300,23300,250,23300.8,25,200,13603050
NIFTY-I.NFO,24/01/2025,09:22:44,23298.6,23298.05,100,23300.05,25,400,13603050
NIFTY-I.NFO,24/01/2025,09:22:46,23299.55,23299.05,50,23300,25,100,13603050
NIFTY-I.NFO,24/01/2025,09:22:47,23299.05,23299.05,25,23301,925,250,13603050
NIFTY-I.NFO,24/01/2025,09:22:49,23300,23300.35,25,23301,925,100,13603050
NIFTY-I.NFO,24/01/2025,09:22:51,23305,23303.35,75,23305,550,3075,13603050
NIFTY-I.NFO,24/01/2025,09:22:52,23308.75,23305.3,25,23308.95,25,1925,13603050
NIFTY-I.NFO,24/01/2025,09:22:54,23307.55,23303.1,150,23307.5,25,475,13603050
NIFTY-I.NFO,24/01/2025,09:22:56,23307.3,23303,250,23307.3,25,625,13603050
NIFTY-I.NFO,24/01/2025,09:22:57,23307.85,23303.4,75,23305.35,250,1500,13603050
NIFTY-I.NFO,24/01/2025,09:22:59,23306.5,23303.65,50,23306.6,50,450,13603050
NIFTY-I.NFO,24/01/2025,09:23:01,23306.2,23303.75,50,23305.75,25,875,13603050
NIFTY-I.NFO,24/01/2025,09:23:02,23306.3,23303.65,200,23306.35,25,1225,13603050
NIFTY-I.NFO,24/01/2025,09:23:04,23303.65,23303.65,75,23305.9,25,525,13603050
NIFTY-I.NFO,24/01/2025,09:23:06,23305.9,23305.9,400,23307.2,550,350,13603050
NIFTY-I.NFO,24/01/2025,09:23:07,23300.4,23300.4,150,23303.95,500,3125,13603050
NIFTY-I.NFO,24/01/2025,09:23:09,23300,23300,575,23301.5,50,3100,13603050
NIFTY-I.NFO,24/01/2025,09:23:11,23299.55,23296.8,75,23299.85,25,2925,13603050
NIFTY-I.NFO,24/01/2025,09:23:12,23299.8,23296.05,325,23300.55,25,200,13603050
NIFTY-I.NFO,24/01/2025,09:23:14,23299.55,23297.05,75,23299.65,600,50,13603050
NIFTY-I.NFO,24/01/2025,09:23:16,23298.35,23297.05,100,23298.15,25,175,13603050
NIFTY-I.NFO,24/01/2025,09:23:17,23295,23294.7,25,23295,575,1000,13603050
NIFTY-I.NFO,24/01/2025,09:23:19,23295,23294.7,100,23295,300,1975,13603050
NIFTY-I.NFO,24/01/2025,09:23:21,23299.5,23296.15,200,23299.25,25,600,13603050
NIFTY-I.NFO,24/01/2025,09:23:22,23298.25,23296.2,25,23298.25,50,225,13603050
NIFTY-I.NFO,24/01/2025,09:23:24,23298.25,23295.9,75,23297.45,25,75,13603050
NIFTY-I.NFO,24/01/2025,09:23:26,23295.9,23295.9,25,23296.85,25,125,13603050
NIFTY-I.NFO,24/01/2025,09:23:27,23293.15,23293.15,250,23296.15,200,875,13603050
NIFTY-I.NFO,24/01/2025,09:23:29,23296.85,23293.35,200,23296.6,100,625,13603050
NIFTY-I.NFO,24/01/2025,09:23:31,23296,23292.8,100,23296.1,675,425,13603050
NIFTY-I.NFO,24/01/2025,09:23:32,23294.45,23292.25,100,23293.95,25,50,13603050
NIFTY-I.NFO,24/01/2025,09:23:34,23293.45,23291.85,100,23292.35,25,400,13603050
NIFTY-I.NFO,24/01/2025,09:23:36,23294.2,23291.85,50,23293.1,25,425,13603050
NIFTY-I.NFO,24/01/2025,09:23:37,23294,23291.85,50,23293.45,25,200,13603050
NIFTY-I.NFO,24/01/2025,09:23:39,23291.8,23291.85,100,23293.1,25,75,13603050
NIFTY-I.NFO,24/01/2025,09:23:41,23290,23290,325,23291.15,50,475,13603050
NIFTY-I.NFO,24/01/2025,09:23:42,23289.95,23289.05,200,23290,25,750,13603050
NIFTY-I.NFO,24/01/2025,09:23:44,23293.25,23290.2,200,23293.15,25,725,13603050
NIFTY-I.NFO,24/01/2025,09:23:46,23291.6,23290.3,25,23291.5,25,375,13603050
NIFTY-I.NFO,24/01/2025,09:23:47,23291.5,23290.05,200,23292.65,25,200,13603050
NIFTY-I.NFO,24/01/2025,09:23:49,23290.05,23290.05,75,23293.1,50,350,13603050
NIFTY-I.NFO,24/01/2025,09:23:51,23296.35,23292.45,75,23295.6,125,800,13603050
NIFTY-I.NFO,24/01/2025,09:23:52,23293.2,23293.2,75,23294.85,550,100,13603050
NIFTY-I.NFO,24/01/2025,09:23:54,23293.2,23293.2,175,23294.8,25,150,13603050
NIFTY-I.NFO,24/01/2025,09:23:56,23299.25,23296,100,23299.25,25,400,13603050
NIFTY-I.NFO,24/01/2025,09:23:58,23296,23296,100,23298.9,25,100,13603050
NIFTY-I.NFO,24/01/2025,09:23:59,23299.25,23296,225,23299.2,500,100,13603050
NIFTY-I.NFO,24/01/2025,09:24:01,23299.25,23296.2,200,23298.9,50,0,13603050
NIFTY-I.NFO,24/01/2025,09:24:03,23299.35,23296.2,100,23299.35,475,75,13603050
NIFTY-I.NFO,24/01/2025,09:24:04,23297.85,23297.85,50,23299,25,75,13603050
NIFTY-I.NFO,24/01/2025,09:24:06,23297.85,23297.8,25,23298.4,25,175,13603050
NIFTY-I.NFO,24/01/2025,09:24:08,23296.05,23296.05,75,23297.85,525,200,13603050
NIFTY-I.NFO,24/01/2025,09:24:09,23296,23296.05,100,23296.5,125,275,13603050
NIFTY-I.NFO,24/01/2025,09:24:11,23296,23296,450,23296.25,100,4325,13603050
NIFTY-I.NFO,24/01/2025,09:24:13,23295.05,23296.05,50,23296.35,100,525,13603050
NIFTY-I.NFO,24/01/2025,09:24:14,23296,23296,1450,23296.25,50,3475,13603050
NIFTY-I.NFO,24/01/2025,09:24:16,23296.55,23296.5,150,23297,25,450,13603050
NIFTY-I.NFO,24/01/2025,09:24:18,23297,23296.55,150,23297,50,75,13603050
NIFTY-I.NFO,24/01/2025,09:24:19,23296.55,23296.5,175,23296.95,25,150,13603050
NIFTY-I.NFO,24/01/2025,09:24:21,23297.85,23296.55,50,23298.65,25,150,13603050
NIFTY-I.NFO,24/01/2025,09:24:23,23299.85,23297,50,23299.45,25,975,13603050
NIFTY-I.NFO,24/01/2025,09:24:24,23296.55,23296.55,25,23298.95,25,25,13603050
NIFTY-I.NFO,24/01/2025,09:24:26,23296.55,23296.55,75,23297.7,25,75,13603050
NIFTY-I.NFO,24/01/2025,09:24:28,23297.25,23296.05,100,23297.25,25,400,13603050
NIFTY-I.NFO,24/01/2025,09:24:29,23296.05,23296.05,50,23296.55,25,475,13603050
NIFTY-I.NFO,24/01/2025,09:24:31,23297,23296.05,75,23297.8,25,225,13603050
NIFTY-I.NFO,24/01/2025,09:24:33,23298.3,23296.05,75,23297.9,25,225,13603050
NIFTY-I.NFO,24/01/2025,09:24:34,23296.4,23296.1,50,23297.8,50,325,13603050
NIFTY-I.NFO,24/01/2025,09:24:36,23296.95,23296.95,225,23297.8,25,400,13603050
NIFTY-I.NFO,24/01/2025,09:24:38,23296.95,23296.9,75,23297.7,125,300,13603050
NIFTY-I.NFO,24/01/2025,09:24:39,23292.5,23294.25,200,23297,25,1400,13603050
NIFTY-I.NFO,24/01/2025,09:24:41,23297,23294,50,23296.95,75,500,13603050
NIFTY-I.NFO,24/01/2025,09:24:43,23295.9,23292.75,150,23295.65,25,1400,13603050
NIFTY-I.NFO,24/01/2025,09:24:44,23294.4,23291.25,125,23294.5,75,150,13603050
NIFTY-I.NFO,24/01/2025,09:24:46,23291.4,23290.7,250,23293.65,125,25,13603050
NIFTY-I.NFO,24/01/2025,09:24:48,23292.4,23290.7,250,23293.75,250,150,13603050
NIFTY-I.NFO,24/01/2025,09:24:49,23292.45,23289.55,100,23292.4,250,1275,13603050
NIFTY-I.NFO,24/01/2025,09:24:51,23294.3,23291.2,325,23294.4,50,200,13577625
NIFTY-I.NFO,24/01/2025,09:24:53,23293.6,23293.6,150,23295.95,25,275,13577625
NIFTY-I.NFO,24/01/2025,09:24:54,23293.6,23292.15,350,23295.95,50,0,13577625
NIFTY-I.NFO,24/01/2025,09:24:56,23292.15,23292.15,150,23294.05,25,75,13577625
NIFTY-I.NFO,24/01/2025,09:24:58,23295.2,23292.45,50,23295.05,275,475,13577625
NIFTY-I.NFO,24/01/2025,09:24:59,23293.6,23291.45,100,23293.6,200,375,13577625
NIFTY-I.NFO,24/01/2025,09:25:01,23291.9,23290.05,200,23291.9,25,525,13577625
NIFTY-I.NFO,24/01/2025,09:25:03,23292.15,23290.75,200,23293.5,25,275,13577625
NIFTY-I.NFO,24/01/2025,09:25:04,23291.5,23288.6,250,23291.95,25,250,13577625
NIFTY-I.NFO,24/01/2025,09:25:06,23291.9,23289.15,175,23292.15,25,75,13577625
NIFTY-I.NFO,24/01/2025,09:25:08,23288.6,23288.1,25,23290.2,250,150,13577625
NIFTY-I.NFO,24/01/2025,09:25:09,23288.05,23288.05,100,23289.35,25,150,13577625
NIFTY-I.NFO,24/01/2025,09:25:11,23289.4,23287.05,75,23288.8,125,400,13577625
NIFTY-I.NFO,24/01/2025,09:25:13,23286.05,23286.05,200,23288.85,700,100,13577625
NIFTY-I.NFO,24/01/2025,09:25:14,23286.95,23287.05,25,23287.1,25,325,13577625
NIFTY-I.NFO,24/01/2025,09:25:16,23287.05,23287.05,75,23289.45,200,75,13577625
NIFTY-I.NFO,24/01/2025,09:25:18,23285.65,23285.65,50,23287.3,25,475,13577625
NIFTY-I.NFO,24/01/2025,09:25:19,23285.15,23285.15,25,23286,25,2150,13577625
NIFTY-I.NFO,24/01/2025,09:25:21,23285.15,23285.1,3250,23285.6,25,625,13577625
NIFTY-I.NFO,24/01/2025,09:25:23,23285.1,23285.15,100,23285.6,75,850,13577625
NIFTY-I.NFO,24/01/2025,09:25:24,23285.15,23285.15,50,23285.6,50,200,13577625
NIFTY-I.NFO,24/01/2025,09:25:26,23282.05,23282.05,200,23285.4,25,3875,13577625
NIFTY-I.NFO,24/01/2025,09:25:28,23282.15,23281.85,150,23285,25,200,13577625
NIFTY-I.NFO,24/01/2025,09:25:29,23281.85,23281.85,200,23283.85,250,125,13577625
NIFTY-I.NFO,24/01/2025,09:25:31,23281.05,23282.05,225,23283.7,250,250,13577625
NIFTY-I.NFO,24/01/2025,09:25:33,23282.05,23281.05,200,23283.65,175,200,13577625
NIFTY-I.NFO,24/01/2025,09:25:34,23283.65,23283.05,100,23285,50,625,13577625
NIFTY-I.NFO,24/01/2025,09:25:36,23290.7,23285.65,200,23290.8,25,1550,13577625
NIFTY-I.NFO,24/01/2025,09:25:38,23285.75,23285.75,25,23288.65,275,200,13577625
NIFTY-I.NFO,24/01/2025,09:25:39,23285.05,23285.05,25,23287.3,75,1225,13577625
NIFTY-I.NFO,24/01/2025,09:25:41,23287.3,23287.35,25,23289.05,25,400,13577625
NIFTY-I.NFO,24/01/2025,09:25:43,23288.55,23287.3,125,23289.55,25,425,13577625
NIFTY-I.NFO,24/01/2025,09:25:44,23289.85,23285.05,150,23288.95,25,775,13577625
NIFTY-I.NFO,24/01/2025,09:25:46,23285.6,23285.6,100,23288.95,300,650,13577625
NIFTY-I.NFO,24/01/2025,09:25:48,23286.1,23286.1,25,23289.35,25,475,13577625
NIFTY-I.NFO,24/01/2025,09:25:49,23289.15,23285.6,200,23289.15,50,775,13577625
NIFTY-I.NFO,24/01/2025,09:25:51,23285.8,23285.25,200,23288.9,25,350,13577625
NIFTY-I.NFO,24/01/2025,09:25:53,23285.25,23285.45,200,23288.9,125,300,13577625
NIFTY-I.NFO,24/01/2025,09:25:54,23288.9,23288.2,175,23290,250,500,13577625
NIFTY-I.NFO,24/01/2025,09:25:56,23297.45,23292.55,200,23297.55,25,1400,13577625
NIFTY-I.NFO,24/01/2025,09:25:58,23291.45,23291.45,225,23295.6,75,825,13577625
NIFTY-I.NFO,24/01/2025,09:25:59,23296,23291.45,300,23296.15,75,375,13577625
NIFTY-I.NFO,24/01/2025,09:26:01,23293.2,23293.2,200,23295.1,50,175,13577625
NIFTY-I.NFO,24/01/2025,09:26:03,23295.1,23294.1,200,23297,150,50,13577625
NIFTY-I.NFO,24/01/2025,09:26:04,23294.2,23294.2,25,23295.05,25,75,13577625
NIFTY-I.NFO,24/01/2025,09:26:06,23295.05,23294.3,125,23295.65,25,25,13577625
NIFTY-I.NFO,24/01/2025,09:26:08,23297.35,23291.45,350,23295.1,25,375,13577625
NIFTY-I.NFO,24/01/2025,09:26:09,23291.45,23291.45,250,23295.15,50,225,13577625
NIFTY-I.NFO,24/01/2025,09:26:11,23291.7,23292.35,100,23295,50,150,13577625
NIFTY-I.NFO,24/01/2025,09:26:13,23291.45,23291.45,50,23294.05,75,175,13577625
NIFTY-I.NFO,24/01/2025,09:26:14,23291.4,23291,75,23292.15,50,275,13577625
NIFTY-I.NFO,24/01/2025,09:26:16,23290.25,23290.2,25,23290.75,50,350,13577625
NIFTY-I.NFO,24/01/2025,09:26:18,23290,23290,225,23290.7,50,325,13577625
NIFTY-I.NFO,24/01/2025,09:26:19,23289.65,23286.05,200,23289.55,50,625,13577625
NIFTY-I.NFO,24/01/2025,09:26:21,23289.5,23286.05,100,23289.3,50,200,13577625
NIFTY-I.NFO,24/01/2025,09:26:23,23289.55,23286.25,175,23290,50,150,13577625
NIFTY-I.NFO,24/01/2025,09:26:24,23292.2,23289.05,50,23290.25,25,125,13577625
NIFTY-I.NFO,24/01/2025,09:26:26,23290.25,23289.05,150,23290.7,25,25,13577625
NIFTY-I.NFO,24/01/2025,09:26:28,23292.65,23290.3,50,23291.85,50,75,13577625
NIFTY-I.NFO,24/01/2025,09:26:29,23290.25,23290.25,875,23291.7,100,125,13577625
NIFTY-I.NFO,24/01/2025,09:26:31,23290.25,23290.25,875,23291.6,25,75,13577625
NIFTY-I.NFO,24/01/2025,09:26:33,23290.3,23290.3,50,23292.45,250,75,13577625
NIFTY-I.NFO,24/01/2025,09:26:34,23290.3,23290.25,875,23290.3,25,50,13577625
NIFTY-I.NFO,24/01/2025,09:26:36,23290.3,23290.3,50,23292.65,25,125,13577625
NIFTY-I.NFO,24/01/2025,09:26:38,23290.3,23290.3,25,23292.25,25,75,13577625
NIFTY-I.NFO,24/01/2025,09:26:39,23290.3,23290.3,100,23291.75,125,50,13577625
NIFTY-I.NFO,24/01/2025,09:26:41,23290.3,23290.3,50,23290.65,25,125,13577625
NIFTY-I.NFO,24/01/2025,09:26:43,23290.25,23290.25,550,23290.3,75,5275,13577625
NIFTY-I.NFO,24/01/2025,09:26:44,23290.25,23287.05,100,23287.8,25,6000,13577625
NIFTY-I.NFO,24/01/2025,09:26:46,23289.4,23287.8,1625,23289.05,75,275,13577625
NIFTY-I.NFO,24/01/2025,09:26:48,23286,23286,50,23286.25,25,1950,13577625
NIFTY-I.NFO,24/01/2025,09:26:49,23282.6,23281.95,250,23285.7,25,1550,13577625
NIFTY-I.NFO,24/01/2025,09:26:51,23281.1,23281.05,150,23284.65,750,1575,13577625
NIFTY-I.NFO,24/01/2025,09:26:53,23280,23280,525,23282,25,925,13577625
NIFTY-I.NFO,24/01/2025,09:26:54,23282.2,23280,525,23281,25,450,13577625
NIFTY-I.NFO,24/01/2025,09:26:56,23281.35,23280,375,23281.15,25,450,13577625
NIFTY-I.NFO,24/01/2025,09:26:58,23280,23278.05,50,23279.65,425,575,13577625
NIFTY-I.NFO,24/01/2025,09:26:59,23275.55,23275.1,200,23278.65,25,1000,13577625
NIFTY-I.NFO,24/01/2025,09:27:01,23275.95,23275.95,175,23279.25,225,525,13577625
NIFTY-I.NFO,24/01/2025,09:27:03,23279.65,23276.45,150,23280,475,225,13577625
NIFTY-I.NFO,24/01/2025,09:27:04,23278.75,23275.15,250,23278.55,50,2000,13577625
NIFTY-I.NFO,24/01/2025,09:27:06,23275.1,23275.05,25,23276.1,50,775,13577625
NIFTY-I.NFO,24/01/2025,09:27:08,23275.15,23275.5,150,23276.05,75,3125,13577625
NIFTY-I.NFO,24/01/2025,09:27:09,23276.8,23276.8,175,23276.85,25,225,13577625
NIFTY-I.NFO,24/01/2025,09:27:11,23275.5,23272.65,25,23275.7,125,1275,13577625
NIFTY-I.NFO,24/01/2025,09:27:13,23272.15,23268.7,200,23273.4,25,1525,13577625
NIFTY-I.NFO,24/01/2025,09:27:14,23273.4,23273.4,50,23274.65,25,425,13577625
NIFTY-I.NFO,24/01/2025,09:27:16,23273.85,23270.75,200,23275,25,350,13577625
NIFTY-I.NFO,24/01/2025,09:27:18,23273,23271.05,75,23273,425,175,13577625
NIFTY-I.NFO,24/01/2025,09:27:19,23276,23271.05,100,23276.05,25,600,13577625
NIFTY-I.NFO,24/01/2025,09:27:21,23276.05,23271.05,150,23276.7,25,175,13577625
NIFTY-I.NFO,24/01/2025,09:27:23,23271.55,23269.9,375,23274.65,25,500,13577625
NIFTY-I.NFO,24/01/2025,09:27:24,23273,23272,25,23274.9,25,225,13577625
NIFTY-I.NFO,24/01/2025,09:27:26,23273.4,23271.95,100,23274.9,25,400,13577625
NIFTY-I.NFO,24/01/2025,09:27:28,23275,23275,25,23275.6,25,100,13577625
NIFTY-I.NFO,24/01/2025,09:27:29,23275.7,23274.9,150,23276.7,25,200,13577625
NIFTY-I.NFO,24/01/2025,09:27:31,23277.35,23276.7,1200,23277.35,25,200,13577625
NIFTY-I.NFO,24/01/2025,09:27:33,23276.7,23276.7,875,23277.4,50,400,13577625
NIFTY-I.NFO,24/01/2025,09:27:34,23276.7,23276.7,850,23277.55,75,200,13577625
NIFTY-I.NFO,24/01/2025,09:27:36,23279.6,23275,350,23276.7,25,925,13577625
NIFTY-I.NFO,24/01/2025,09:27:38,23277.4,23276.7,150,23277.4,125,300,13577625
NIFTY-I.NFO,24/01/2025,09:27:39,23276.7,23276.7,125,23278.9,125,175,13577625
NIFTY-I.NFO,24/01/2025,09:27:41,23276.95,23275.7,725,23277,450,250,13577625
NIFTY-I.NFO,24/01/2025,09:27:43,23275.7,23275.7,600,23276.45,125,350,13577625
NIFTY-I.NFO,24/01/2025,09:27:44,23275.15,23273,100,23274.95,125,1100,13577625
NIFTY-I.NFO,24/01/2025,09:27:46,23273,23267.9,700,23273.15,25,2875,13577625
NIFTY-I.NFO,24/01/2025,09:27:48,23267.9,23267.4,625,23272.85,250,875,13577625
NIFTY-I.NFO,24/01/2025,09:27:49,23270,23270,600,23272,25,425,13577625
NIFTY-I.NFO,24/01/2025,09:27:51,23270,23270,575,23272,75,175,13577625
NIFTY-I.NFO,24/01/2025,09:27:53,23271,23270.4,25,23271,200,425,13566175
NIFTY-I.NFO,24/01/2025,09:27:54,23270,23270,425,23274.2,25,525,13566175
NIFTY-I.NFO,24/01/2025,09:27:56,23272.1,23271.65,150,23275.15,25,225,13566175
NIFTY-I.NFO,24/01/2025,09:27:58,23271.6,23271.45,50,23276.45,25,175,13566175
NIFTY-I.NFO,24/01/2025,09:27:59,23271.45,23272.1,25,23276.4,25,75,13566175
NIFTY-I.NFO,24/01/2025,09:28:01,23272.85,23272.55,125,23274,25,75,13566175
NIFTY-I.NFO,24/01/2025,09:28:03,23280,23275.95,50,23280,450,875,13566175
NIFTY-I.NFO,24/01/2025,09:28:04,23280,23276.95,50,23280,200,275,13566175
NIFTY-I.NFO,24/01/2025,09:28:06,23280.15,23281.4,175,23285,25,850,13566175
NIFTY-I.NFO,24/01/2025,09:28:08,23285,23281.45,50,23284.75,25,300,13566175
NIFTY-I.NFO,24/01/2025,09:28:09,23281.45,23281.4,175,23284.8,25,200,13566175
NIFTY-I.NFO,24/01/2025,09:28:11,23286.85,23282.25,50,23288.4,25,675,13566175
NIFTY-I.NFO,24/01/2025,09:28:13,23283,23285,50,23289,25,250,13566175
NIFTY-I.NFO,24/01/2025,09:28:14,23290,23285,50,23289.9,50,150,13566175
NIFTY-I.NFO,24/01/2025,09:28:16,23285,23285,25,23287.8,25,50,13566175
NIFTY-I.NFO,24/01/2025,09:28:18,23285,23280.5,125,23282.1,50,100,13566175
NIFTY-I.NFO,24/01/2025,09:28:19,23286.65,23280.6,150,23286.95,50,950,13566175
NIFTY-I.NFO,24/01/2025,09:28:21,23280.6,23280.6,200,23284.75,100,375,13566175
NIFTY-I.NFO,24/01/2025,09:28:23,23280.6,23280,550,23283.4,100,300,13566175
NIFTY-I.NFO,24/01/2025,09:28:24,23280,23280,500,23282.45,25,175,13566175
NIFTY-I.NFO,24/01/2025,09:28:26,23280,23280,450,23282.75,175,100,13566175
NIFTY-I.NFO,24/01/2025,09:28:28,23284.9,23280,425,23285.3,25,225,13566175
NIFTY-I.NFO,24/01/2025,09:28:29,23284.9,23282.65,25,23286.3,25,0,13566175
NIFTY-I.NFO,24/01/2025,09:28:31,23280.4,23281.9,375,23286.45,25,850,13566175
NIFTY-I.NFO,24/01/2025,09:28:33,23281.95,23281.95,50,23287.25,125,75,13566175
NIFTY-I.NFO,24/01/2025,09:28:34,23280,23281.9,200,23287.35,25,525,13566175
NIFTY-I.NFO,24/01/2025,09:28:36,23287.9,23281.85,100,23287.9,75,275,13566175
NIFTY-I.NFO,24/01/2025,09:28:38,23283,23281.95,275,23288.3,50,1900,13566175
NIFTY-I.NFO,24/01/2025,09:28:39,23283,23281.9,200,23287.4,25,0,13566175
NIFTY-I.NFO,24/01/2025,09:28:41,23287.55,23281.4,100,23286.85,250,25,13566175
NIFTY-I.NFO,24/01/2025,09:28:43,23287.85,23281.6,300,23287.95,200,25,13566175
NIFTY-I.NFO,24/01/2025,09:28:44,23281.45,23281,25,23286.05,200,50,13566175
NIFTY-I.NFO,24/01/2025,09:28:46,23281,23280.15,25,23282.95,50,100,13566175
NIFTY-I.NFO,24/01/2025,09:28:48,23280.1,23280.1,350,23283,25,75,13566175
NIFTY-I.NFO,24/01/2025,09:28:49,23280.1,23280.15,175,23282,25,50,13566175
NIFTY-I.NFO,24/01/2025,09:28:51,23280.15,23280.1,300,23283,25,100,13566175
NIFTY-I.NFO,24/01/2025,09:28:53,23282,23280.15,25,23282.8,100,25,13566175
NIFTY-I.NFO,24/01/2025,09:28:54,23280.15,23280.1,200,23283,50,50,13566175
NIFTY-I.NFO,24/01/2025,09:28:56,23281.4,23280.15,50,23281.6,100,100,13566175
NIFTY-I.NFO,24/01/2025,09:28:58,23280.1,23280,1000,23281.35,100,300,13566175
NIFTY-I.NFO,24/01/2025,09:28:59,23280.15,23277.25,50,23279.1,50,1050,13566175
NIFTY-I.NFO,24/01/2025,09:29:01,23278.6,23275,375,23278.5,150,400,13566175
NIFTY-I.NFO,24/01/2025,09:29:03,23275,23275,275,23277.65,175,375,13566175
NIFTY-I.NFO,24/01/2025,09:29:04,23275.2,23271.5,125,23275.4,25,800,13566175
NIFTY-I.NFO,24/01/2025,09:29:06,23271,23271,25,23271.45,250,125,13566175
NIFTY-I.NFO,24/01/2025,09:29:08,23271.45,23270,25,23271.45,175,250,13566175
NIFTY-I.NFO,24/01/2025,09:29:09,23270.1,23267.4,350,23270.55,25,2825,13566175
NIFTY-I.NFO,24/01/2025,09:29:11,23267.4,23267,125,23271.45,175,650,13566175
NIFTY-I.NFO,24/01/2025,09:29:13,23267.55,23267.45,25,23270,225,75,13566175
NIFTY-I.NFO,24/01/2025,09:29:14,23267.45,23266.05,125,23267.55,25,50,13566175
NIFTY-I.NFO,24/01/2025,09:29:16,23270,23266.45,25,23270,150,225,13566175
NIFTY-I.NFO,24/01/2025,09:29:18,23265,23265.4,275,23270.45,50,1950,13566175
NIFTY-I.NFO,24/01/2025,09:29:19,23265,23269.95,25,23272.6,50,0,13566175
NIFTY-I.NFO,24/01/2025,09:29:21,23267.4,23267.1,325,23273.1,200,775,13566175
NIFTY-I.NFO,24/01/2025,09:29:23,23266.7,23267.05,225,23273.3,50,1075,13566175
NIFTY-I.NFO,24/01/2025,09:29:24,23266.9,23267,25,23272.5,50,350,13566175
NIFTY-I.NFO,24/01/2025,09:29:26,23266.95,23267,50,23269.85,25,425,13566175
NIFTY-I.NFO,24/01/2025,09:29:28,23267,23266.95,25,23272.65,50,1275,13566175
NIFTY-I.NFO,24/01/2025,09:29:29,23272.3,23267.45,125,23269.85,25,125,13566175
NIFTY-I.NFO,24/01/2025,09:29:31,23269.85,23267.4,275,23269.85,25,550,13566175
NIFTY-I.NFO,24/01/2025,09:29:33,23269.85,23267.35,175,23271.8,25,400,13566175
NIFTY-I.NFO,24/01/2025,09:29:34,23271.8,23266.9,175,23269.85,375,250,13566175
NIFTY-I.NFO,24/01/2025,09:29:36,23266,23266,25,23268.35,100,150,13566175
NIFTY-I.NFO,24/01/2025,09:29:38,23266,23266,75,23269.55,75,75,13566175
NIFTY-I.NFO,24/01/2025,09:29:39,23266,23266,75,23267.6,125,950,13566175
NIFTY-I.NFO,24/01/2025,09:29:41,23266,23265,250,23266.05,25,275,13566175
NIFTY-I.NFO,24/01/2025,09:29:43,23265,23265,150,23266.9,575,925,13566175
NIFTY-I.NFO,24/01/2025,09:29:44,23266.9,23263.4,350,23266.9,125,600,13566175
NIFTY-I.NFO,24/01/2025,09:29:46,23265.15,23264.9,25,23266.9,100,50,13566175
NIFTY-I.NFO,24/01/2025,09:29:48,23267.9,23266.9,175,23269.75,50,1325,13566175
NIFTY-I.NFO,24/01/2025,09:29:49,23267.95,23265,25,23267.3,200,375,13566175
NIFTY-I.NFO,24/01/2025,09:29:51,23265,23262,1025,23262.9,25,75,13566175
NIFTY-I.NFO,24/01/2025,09:29:53,23265,23263.4,25,23265,50,75,13566175
NIFTY-I.NFO,24/01/2025,09:29:54,23262,23262,925,23263.85,25,225,13566175
NIFTY-I.NFO,24/01/2025,09:29:56,23263.5,23263.5,125,23264.1,125,1475,13566175
NIFTY-I.NFO,24/01/2025,09:29:58,23262,23262,150,23265.15,50,1625,13566175
NIFTY-I.NFO,24/01/2025,09:29:58,23260,23262,150,23265.15,50,0,13566175
NIFTY-I.NFO,24/01/2025,09:30:00,23265.4,23265.4,50,23265.7,25,300,13566175
NIFTY-I.NFO,24/01/2025,09:30:01,23262.3,23261,100,23262.35,250,250,13566175
NIFTY-I.NFO,24/01/2025,09:30:03,23260,23260,75,23262,50,400,13566175
NIFTY-I.NFO,24/01/2025,09:30:05,23265.4,23263.5,25,23265.4,50,300,13566175
NIFTY-I.NFO,24/01/2025,09:30:06,23267.95,23265.4,25,23267.95,800,350,13566175
NIFTY-I.NFO,24/01/2025,09:30:08,23269,23267.95,75,23269.85,325,800,13566175
NIFTY-I.NFO,24/01/2025,09:30:10,23269.85,23267.95,25,23269.85,175,400,13566175
NIFTY-I.NFO,24/01/2025,09:30:11,23266,23264.65,200,23269.85,75,425,13566175
NIFTY-I.NFO,24/01/2025,09:30:13,23266.2,23264.9,200,23268,125,175,13566175
NIFTY-I.NFO,24/01/2025,09:30:15,23265.4,23266.55,25,23267.95,25,175,13566175
NIFTY-I.NFO,24/01/2025,09:30:16,23266.4,23266.4,350,23267.95,25,125,13566175
NIFTY-I.NFO,24/01/2025,09:30:18,23266.35,23266.4,25,23271.45,150,925,13566175
NIFTY-I.NFO,24/01/2025,09:30:20,23265.45,23265.9,300,23271.45,125,300,13566175
NIFTY-I.NFO,24/01/2025,09:30:21,23272.05,23265.9,300,23271.45,50,200,13566175
NIFTY-I.NFO,24/01/2025,09:30:23,23265.95,23265.9,275,23265.95,1025,275,13566175
NIFTY-I.NFO,24/01/2025,09:30:25,23265.4,23265,25,23265.95,850,300,13566175
NIFTY-I.NFO,24/01/2025,09:30:26,23265.95,23265,25,23265.95,625,675,13566175
NIFTY-I.NFO,24/01/2025,09:30:28,23265.95,23263.9,150,23265.95,250,400,13566175
NIFTY-I.NFO,24/01/2025,09:30:30,23265,23263.45,75,23265,150,475,13566175
NIFTY-I.NFO,24/01/2025,09:30:31,23266.85,23265,125,23269.25,50,175,13566175
NIFTY-I.NFO,24/01/2025,09:30:33,23269.25,23266,75,23268.85,300,50,13566175
NIFTY-I.NFO,24/01/2025,09:30:35,23266.05,23266.05,75,23269.15,25,50,13566175
NIFTY-I.NFO,24/01/2025,09:30:36,23269,23266,75,23269.25,350,75,13566175
NIFTY-I.NFO,24/01/2025,09:30:38,23268.5,23266,75,23268.05,25,100,13566175
NIFTY-I.NFO,24/01/2025,09:30:40,23268,23266,100,23268.05,275,100,13566175
NIFTY-I.NFO,24/01/2025,09:30:41,23268,23266,100,23268,450,50,13566175
NIFTY-I.NFO,24/01/2025,09:30:43,23266,23266,75,23268,350,25,13566175
NIFTY-I.NFO,24/01/2025,09:30:45,23266,23266,100,23268,750,200,13566175
NIFTY-I.NFO,24/01/2025,09:30:46,23266,23266,75,23267,25,100,13566175
NIFTY-I.NFO,24/01/2025,09:30:48,23266,23267,25,23268,300,1075,13566175
NIFTY-I.NFO,24/01/2025,09:30:50,23267,23266,25,23267,300,2200,13566175
NIFTY-I.NFO,24/01/2025,09:30:51,23266,23264,75,23265.8,50,1575,13566175
NIFTY-I.NFO,24/01/2025,09:30:53,23264,23262.05,75,23264,350,175,13561425
NIFTY-I.NFO,24/01/2025,09:30:55,23262,23262,75,23262.05,50,350,13561425
NIFTY-I.NFO,24/01/2025,09:30:56,23261,23262,25,23263.25,125,725,13561425
NIFTY-I.NFO,24/01/2025,09:30:58,23259.9,23258.9,25,23262,200,525,13561425
NIFTY-I.NFO,24/01/2025,09:30:58,23259.9,23258.9,25,23262,200,0,13561425
NIFTY-I.NFO,24/01/2025,09:31:00,23258.85,23258.9,175,23262,100,475,13561425
NIFTY-I.NFO,24/01/2025,09:31:00,23258.05,23258.9,175,23262,100,0,13561425
NIFTY-I.NFO,24/01/2025,09:31:01,23263.8,23258.95,125,23263.8,150,1125,13561425
NIFTY-I.NFO,24/01/2025,09:31:01,23256.8,23258.95,125,23263.8,150,0,13561425
NIFTY-I.NFO,24/01/2025,09:31:03,23256.6,23257.4,350,23262.4,175,700,13561425
NIFTY-I.NFO,24/01/2025,09:31:03,23256.6,23257.4,350,23262.4,175,0,13561425
NIFTY-I.NFO,24/01/2025,09:31:05,23256.9,23256,75,23261,150,625,13561425
NIFTY-I.NFO,24/01/2025,09:31:06,23260.75,23255.85,25,23261.15,75,475,13561425
NIFTY-I.NFO,24/01/2025,09:31:06,23255.9,23255.85,25,23261.15,75,0,13561425
NIFTY-I.NFO,24/01/2025,09:31:08,23261,23260.6,25,23261,50,325,13561425
NIFTY-I.NFO,24/01/2025,09:31:08,23255.8,23260.6,25,23261,50,0,13561425
NIFTY-I.NFO,24/01/2025,09:31:10,23256,23256,50,23260.35,50,700,13561425
NIFTY-I.NFO,24/01/2025,09:31:11,23255.95,23256.55,250,23260.6,75,225,13561425
NIFTY-I.NFO,24/01/2025,09:31:13,23259,23259,75,23260.6,50,175,13561425
NIFTY-I.NFO,24/01/2025,09:31:15,23261,23256.55,200,23261,25,200,13561425
NIFTY-I.NFO,24/01/2025,09:31:16,23258.85,23256.65,200,23262,25,75,13561425
NIFTY-I.NFO,24/01/2025,09:31:18,23260,23261,150,23262.6,50,250,13561425
NIFTY-I.NFO,24/01/2025,09:31:20,23260.6,23256,575,23258,25,175,13561425
NIFTY-I.NFO,24/01/2025,09:31:21,23260.8,23256.65,25,23259.6,150,725,13561425
NIFTY-I.NFO,24/01/2025,09:31:23,23256.65,23256,600,23261.8,50,225,13561425
NIFTY-I.NFO,24/01/2025,09:31:25,23256.85,23257.2,175,23260,1650,100,13561425
NIFTY-I.NFO,24/01/2025,09:31:26,23257.15,23258.1,25,23260,1625,175,13561425
NIFTY-I.NFO,24/01/2025,09:31:28,23257.4,23258,50,23260,1525,175,13561425
NIFTY-I.NFO,24/01/2025,09:31:29,23257.4,23256.65,250,23260,1200,800,13561425
NIFTY-I.NFO,24/01/2025,09:31:31,23258,23257.4,25,23260,1200,325,13561425
NIFTY-I.NFO,24/01/2025,09:31:33,23257.35,23257.4,200,23260,1200,825,13561425
NIFTY-I.NFO,24/01/2025,09:31:34,23257.4,23257.45,200,23260,1100,400,13561425
NIFTY-I.NFO,24/01/2025,09:31:36,23260,23259.75,25,23260,1325,1800,13561425
NIFTY-I.NFO,24/01/2025,09:31:38,23259.4,23258.9,525,23259.75,225,450,13561425
NIFTY-I.NFO,24/01/2025,09:31:39,23258.4,23259.35,25,23259.75,150,250,13561425
NIFTY-I.NFO,24/01/2025,09:31:41,23259.35,23257.5,100,23259.35,50,25,13561425
NIFTY-I.NFO,24/01/2025,09:31:43,23259.35,23257.85,200,23259.35,650,575,13561425
NIFTY-I.NFO,24/01/2025,09:31:44,23259.35,23257.85,175,23259.35,650,175,13561425
NIFTY-I.NFO,24/01/2025,09:31:46,23259,23257.8,350,23259,50,825,13561425
NIFTY-I.NFO,24/01/2025,09:31:48,23257.85,23257.4,400,23259,25,1775,13561425
NIFTY-I.NFO,24/01/2025,09:31:49,23257,23256.65,25,23257.75,25,2550,13561425
NIFTY-I.NFO,24/01/2025,09:31:51,23256.6,23256.6,975,23256.65,200,575,13561425
NIFTY-I.NFO,24/01/2025,09:31:53,23256.65,23255,425,23256.9,75,2725,13561425
NIFTY-I.NFO,24/01/2025,09:31:53,23255,23255,425,23256.9,75,0,13561425
NIFTY-I.NFO,24/01/2025,09:31:54,23253.45,23252.9,325,23253.45,200,1775,13561425
NIFTY-I.NFO,24/01/2025,09:31:54,23252.1,23252.9,325,23253.45,200,0,13561425
NIFTY-I.NFO,24/01/2025,09:31:56,23250,23250,650,23251.6,50,6025,13561425
NIFTY-I.NFO,24/01/2025,09:31:56,23250,23250,650,23251.6,50,0,13561425
NIFTY-I.NFO,24/01/2025,09:31:58,23249.9,23249.4,350,23250,1450,3975,13561425
NIFTY-I.NFO,24/01/2025,09:31:58,23246,23249.4,350,23250,1450,0,13561425
NIFTY-I.NFO,24/01/2025,09:31:59,23249.4,23249.35,350,23252.9,25,3225,13561425
NIFTY-I.NFO,24/01/2025,09:32:01,23250.35,23250.35,250,23255,75,825,13561425
NIFTY-I.NFO,24/01/2025,09:32:03,23250.45,23252.05,25,23253,150,300,13561425
NIFTY-I.NFO,24/01/2025,09:32:04,23256.8,23254.4,50,23257.2,50,1125,13561425
NIFTY-I.NFO,24/01/2025,09:32:06,23250,23250,150,23251.2,250,2625,13561425
NIFTY-I.NFO,24/01/2025,09:32:08,23251.2,23250.7,250,23252.5,150,1200,13561425
NIFTY-I.NFO,24/01/2025,09:32:10,23253.2,23253.2,50,23259.3,200,1150,13561425
NIFTY-I.NFO,24/01/2025,09:32:11,23257.25,23254,150,23257.25,200,400,13561425
NIFTY-I.NFO,24/01/2025,09:32:13,23252.9,23252,150,23257.1,250,225,13561425
NIFTY-I.NFO,24/01/2025,09:32:15,23257,23252,75,23257.75,200,125,13561425
NIFTY-I.NFO,24/01/2025,09:32:16,23251.2,23251,75,23252.25,200,100,13561425
NIFTY-I.NFO,24/01/2025,09:32:18,23251,23250.35,75,23254.95,200,75,13561425
NIFTY-I.NFO,24/01/2025,09:32:20,23255,23250.35,50,23254.95,200,50,13561425
NIFTY-I.NFO,24/01/2025,09:32:21,23250.3,23252.25,25,23255,775,100,13561425
NIFTY-I.NFO,24/01/2025,09:32:23,23251.4,23250.9,75,23255,775,800,13561425
NIFTY-I.NFO,24/01/2025,09:32:25,23250.9,23250.9,225,23252,300,1125,13561425
NIFTY-I.NFO,24/01/2025,09:32:26,23250,23248.2,200,23250,250,325,13561425
NIFTY-I.NFO,24/01/2025,09:32:28,23250.9,23247.9,275,23250.9,250,3175,13561425
NIFTY-I.NFO,24/01/2025,09:32:30,23247.9,23247.4,175,23250,250,950,13561425
NIFTY-I.NFO,24/01/2025,09:32:31,23246.4,23246.25,75,23250,475,500,13561425
NIFTY-I.NFO,24/01/2025,09:32:33,23245,23246.2,175,23249.95,100,4925,13561425
NIFTY-I.NFO,24/01/2025,09:32:33,23244.65,23246.2,175,23249.95,100,0,13561425
NIFTY-I.NFO,24/01/2025,09:32:35,23248,23248,100,23249.95,300,1600,13561425
NIFTY-I.NFO,24/01/2025,09:32:36,23248,23247,75,23248,300,325,13561425
NIFTY-I.NFO,24/01/2025,09:32:38,23248,23246.4,175,23248,475,425,13561425
NIFTY-I.NFO,24/01/2025,09:32:40,23245,23246.4,700,23248,500,250,13561425
NIFTY-I.NFO,24/01/2025,09:32:41,23248,23245,475,23248,175,425,13561425
NIFTY-I.NFO,24/01/2025,09:32:43,23245,23244.4,175,23245,175,725,13561425
NIFTY-I.NFO,24/01/2025,09:32:45,23243.4,23243.9,175,23248.35,25,1050,13561425
NIFTY-I.NFO,24/01/2025,09:32:45,23243.4,23243.9,175,23248.35,25,0,13561425
NIFTY-I.NFO,24/01/2025,09:32:46,23248,23245.4,25,23249.7,200,125,13561425
NIFTY-I.NFO,24/01/2025,09:32:48,23249.05,23245,25,23249.05,150,225,13561425
NIFTY-I.NFO,24/01/2025,09:32:50,23243.05,23244.95,350,23250,400,600,13561425
NIFTY-I.NFO,24/01/2025,09:32:50,23243.05,23244.95,350,23250,400,0,13561425
NIFTY-I.NFO,24/01/2025,09:32:51,23244.95,23245.4,225,23247,75,5900,13561425
NIFTY-I.NFO,24/01/2025,09:32:51,23241.9,23245.4,225,23247,75,0,13561425
NIFTY-I.NFO,24/01/2025,09:32:53,23247,23245.4,225,23246.95,25,50,13561425
NIFTY-I.NFO,24/01/2025,09:32:55,23249,23248.5,200,23249,225,1775,13561425
NIFTY-I.NFO,24/01/2025,09:32:56,23249,23248.4,150,23249,150,375,13561425
NIFTY-I.NFO,24/01/2025,09:32:58,23250.35,23249,25,23250.35,25,925,13561425
NIFTY-I.NFO,24/01/2025,09:33:00,23248,23247,50,23249.5,225,675,13561425
NIFTY-I.NFO,24/01/2025,09:33:01,23247,23246.25,25,23249.4,50,50,13561425
NIFTY-I.NFO,24/01/2025,09:33:03,23246.25,23246,15000,23249.25,25,200,13561425
NIFTY-I.NFO,24/01/2025,09:33:05,23247.35,23246,14925,23247.1,100,200,13561425
NIFTY-I.NFO,24/01/2025,09:33:06,23247.05,23246,14925,23249.95,50,200,13561425
NIFTY-I.NFO,24/01/2025,09:33:08,23246,23247,25,23251,25,150,13561425
NIFTY-I.NFO,24/01/2025,09:33:09,23249.95,23247.1,50,23249.45,25,50,13561425
NIFTY-I.NFO,24/01/2025,09:33:11,23244.7,23241.25,100,23244.65,50,15925,13561425
NIFTY-I.NFO,24/01/2025,09:33:13,23240.7,23242.65,50,23247.9,25,3250,13561425
NIFTY-I.NFO,24/01/2025,09:33:13,23238.25,23242.65,50,23247.9,25,0,13561425
NIFTY-I.NFO,24/01/2025,09:33:14,23247.65,23242.85,675,23247.7,25,275,13561425
NIFTY-I.NFO,24/01/2025,09:33:16,23248.7,23243.9,675,23248.4,150,125,13561425
NIFTY-I.NFO,24/01/2025,09:33:18,23248.4,23244.85,50,23248.4,125,300,13561425
NIFTY-I.NFO,24/01/2025,09:33:19,23251.2,23249.8,25,23251.4,25,275,13561425
NIFTY-I.NFO,24/01/2025,09:33:21,23252.4,23251.4,25,23252.5,50,475,13561425
NIFTY-I.NFO,24/01/2025,09:33:23,23253.9,23252.9,25,23254.85,50,275,13561425
NIFTY-I.NFO,24/01/2025,09:33:24,23255.95,23250.6,50,23256.45,100,700,13561425
NIFTY-I.NFO,24/01/2025,09:33:26,23252.9,23251.35,150,23256.75,50,125,13561425
NIFTY-I.NFO,24/01/2025,09:33:28,23252.85,23250,25,23252.2,50,475,13561425
NIFTY-I.NFO,24/01/2025,09:33:29,23248,23248,75,23252.45,50,500,13561425
NIFTY-I.NFO,24/01/2025,09:33:31,23251,23246.15,25,23251.15,150,250,13561425
NIFTY-I.NFO,24/01/2025,09:33:33,23250.8,23245.15,125,23250.15,100,300,13561425
NIFTY-I.NFO,24/01/2025,09:33:34,23249.65,23248,50,23250.6,500,100,13561425
NIFTY-I.NFO,24/01/2025,09:33:36,23250,23248,50,23250.55,50,200,13561425
NIFTY-I.NFO,24/01/2025,09:33:38,23251.65,23249,100,23251.75,100,100,13561425
NIFTY-I.NFO,24/01/2025,09:33:39,23248,23246.5,25,23248.2,50,525,13561425
NIFTY-I.NFO,24/01/2025,09:33:41,23248.15,23246.5,25,23248.15,75,75,13561425
NIFTY-I.NFO,24/01/2025,09:33:43,23247,23248,25,23248.15,75,50,13561425
NIFTY-I.NFO,24/01/2025,09:33:44,23250.85,23250,25,23250.9,50,475,13561425
NIFTY-I.NFO,24/01/2025,09:33:46,23247.5,23247.5,50,23248.1,50,850,13561425
NIFTY-I.NFO,24/01/2025,09:33:48,23250.2,23247,25,23250,100,100,13561425
NIFTY-I.NFO,24/01/2025,09:33:49,23250.05,23246.15,25,23250.05,175,75,13561425
NIFTY-I.NFO,24/01/2025,09:33:51,23250.05,23250,125,23250.05,75,150,13561425
NIFTY-I.NFO,24/01/2025,09:33:53,23250.05,23246.25,100,23250.05,25,175,13561425
NIFTY-I.NFO,24/01/2025,09:33:54,23250.05,23247,25,23250.05,50,0,13561425
NIFTY-I.NFO,24/01/2025,09:33:56,23250,23247,25,23250,1775,75,13557375
NIFTY-I.NFO,24/01/2025,09:33:58,23250,23247,25,23250,1675,100,13557375
NIFTY-I.NFO,24/01/2025,09:33:59,23247,23246.85,25,23247,500,625,13557375
NIFTY-I.NFO,24/01/2025,09:34:01,23250,23247.15,275,23250,1650,650,13557375
NIFTY-I.NFO,24/01/2025,09:34:03,23250,23248.4,1100,23250,1550,600,13557375
NIFTY-I.NFO,24/01/2025,09:34:04,23250,23248.45,100,23250,1575,25,13557375
NIFTY-I.NFO,24/01/2025,09:34:06,23248.45,23248.45,25,23249.7,50,275,13557375
NIFTY-I.NFO,24/01/2025,09:34:08,23248.45,23246.1,50,23248.5,25,1275,13557375
NIFTY-I.NFO,24/01/2025,09:34:10,23245.5,23245.5,475,23247.15,50,650,13557375
NIFTY-I.NFO,24/01/2025,09:34:11,23246.6,23243,75,23247.1,50,850,13557375
NIFTY-I.NFO,24/01/2025,09:34:13,23246.6,23243,75,23247.1,50,0,13557375
NIFTY-I.NFO,24/01/2025,09:34:15,23247.05,23245.5,25,23247,25,25,13557375
NIFTY-I.NFO,24/01/2025,09:34:16,23245,23243,75,23246.8,25,150,13557375
NIFTY-I.NFO,24/01/2025,09:34:18,23246.6,23243,75,23246.6,925,425,13557375
NIFTY-I.NFO,24/01/2025,09:34:20,23246.55,23243,75,23246.55,125,125,13557375
NIFTY-I.NFO,24/01/2025,09:34:21,23246.55,23245,100,23246.55,125,100,13557375
NIFTY-I.NFO,24/01/2025,09:34:23,23245,23245,100,23245.95,100,25,13557375
NIFTY-I.NFO,24/01/2025,09:34:25,23246.5,23245.05,25,23246.5,50,175,13557375
NIFTY-I.NFO,24/01/2025,09:34:26,23246.45,23245,150,23246.6,900,200,13557375
NIFTY-I.NFO,24/01/2025,09:34:28,23245.05,23245,150,23246.5,25,25,13557375
NIFTY-I.NFO,24/01/2025,09:34:30,23245.05,23245,150,23246.5,25,0,13557375
NIFTY-I.NFO,24/01/2025,09:34:31,23246.5,23245,525,23246.55,25,25,13557375
NIFTY-I.NFO,24/01/2025,09:34:33,23246.5,23245,525,23248,250,1025,13557375
NIFTY-I.NFO,24/01/2025,09:34:35,23246,23245,350,23246,25,250,13557375
NIFTY-I.NFO,24/01/2025,09:34:36,23245,23245,300,23246.5,25,75,13557375
NIFTY-I.NFO,24/01/2025,09:34:38,23245,23245,300,23246.5,25,0,13557375
NIFTY-I.NFO,24/01/2025,09:34:40,23247.8,23246.5,100,23248.4,100,125,13557375
NIFTY-I.NFO,24/01/2025,09:34:41,23246.5,23246.5,425,23247.2,125,75,13557375
NIFTY-I.NFO,24/01/2025,09:34:43,23246.5,23246.5,275,23247,25,150,13557375
NIFTY-I.NFO,24/01/2025,09:34:45,23245.4,23245,175,23247,50,800,13557375
NIFTY-I.NFO,24/01/2025,09:34:46,23245,23245,75,23246.35,50,175,13557375
NIFTY-I.NFO,24/01/2025,09:34:48,23246.95,23246,50,23247.15,75,100,13557375
NIFTY-I.NFO,24/01/2025,09:34:50,23246,23246,25,23249.2,25,25,13557375
NIFTY-I.NFO,24/01/2025,09:34:51,23248.95,23246.45,75,23249,50,25,13557375
NIFTY-I.NFO,24/01/2025,09:34:53,23246,23245.55,75,23247.55,50,125,13557375
NIFTY-I.NFO,24/01/2025,09:34:55,23248.3,23245,50,23249.2,100,575,13557375
NIFTY-I.NFO,24/01/2025,09:34:56,23245.55,23245.55,200,23248.3,50,250,13557375
NIFTY-I.NFO,24/01/2025,09:34:58,23246.4,23245.5,50,23248.3,50,150,13557375
NIFTY-I.NFO,24/01/2025,09:35:00,23250,23247.05,500,23250,1275,275,13557375
NIFTY-I.NFO,24/01/2025,09:35:01,23250,23247.9,50,23250,1100,500,13557375
NIFTY-I.NFO,24/01/2025,09:35:03,23250,23248.1,25,23250,925,300,13557375
NIFTY-I.NFO,24/01/2025,09:35:05,23250,23248.1,25,23250,325,525,13557375
NIFTY-I.NFO,24/01/2025,09:35:06,23249.75,23248.2,50,23249.9,125,550,13557375
NIFTY-I.NFO,24/01/2025,09:35:08,23250,23248.2,25,23250.05,25,50,13557375
NIFTY-I.NFO,24/01/2025,09:35:10,23245.8,23245.15,25,23249.95,500,475,13557375
NIFTY-I.NFO,24/01/2025,09:35:11,23249.95,23247,300,23249.95,475,25,13557375
NIFTY-I.NFO,24/01/2025,09:35:13,23249.95,23247,300,23249.95,400,125,13557375
NIFTY-I.NFO,24/01/2025,09:35:15,23249.95,23247,300,23249.9,50,25,13557375
NIFTY-I.NFO,24/01/2025,09:35:16,23249.95,23249.4,25,23249.95,275,175,13557375
NIFTY-I.NFO,24/01/2025,09:35:18,23254.15,23250.5,25,23254.2,150,700,13557375
NIFTY-I.NFO,24/01/2025,09:35:20,23255.1,23250,25,23255.15,200,400,13557375
NIFTY-I.NFO,24/01/2025,09:35:21,23250.75,23250.65,50,23255.6,25,250,13557375
NIFTY-I.NFO,24/01/2025,09:35:23,23256.65,23250.85,25,23256.1,150,150,13557375
NIFTY-I.NFO,24/01/2025,09:35:25,23256.45,23250.65,25,23256.15,100,175,13557375
NIFTY-I.NFO,24/01/2025,09:35:26,23256.75,23250.7,50,23256.3,150,550,13557375
NIFTY-I.NFO,24/01/2025,09:35:28,23255,23250,175,23255.25,50,400,13557375
NIFTY-I.NFO,24/01/2025,09:35:30,23255,23250.25,50,23256.15,150,225,13557375
NIFTY-I.NFO,24/01/2025,09:35:31,23250.05,23250.05,50,23255.7,25,300,13557375
NIFTY-I.NFO,24/01/2025,09:35:33,23251.1,23251,125,23256.2,150,350,13557375
NIFTY-I.NFO,24/01/2025,09:35:34,23251.15,23251.05,50,23255,50,50,13557375
NIFTY-I.NFO,24/01/2025,09:35:36,23251,23251,100,23256.65,100,350,13557375
NIFTY-I.NFO,24/01/2025,09:35:38,23250.2,23247.4,25,23248.75,100,525,13557375
NIFTY-I.NFO,24/01/2025,09:35:39,23246,23246,25,23249.9,50,225,13557375
NIFTY-I.NFO,24/01/2025,09:35:41,23249.6,23245,100,23246.5,250,300,13557375
NIFTY-I.NFO,24/01/2025,09:35:43,23248.55,23244,25,23248.65,50,700,13557375
NIFTY-I.NFO,24/01/2025,09:35:44,23249.75,23244.7,50,23248.7,75,5150,13557375
NIFTY-I.NFO,24/01/2025,09:35:46,23248.75,23248.65,300,23250,25,175,13557375
NIFTY-I.NFO,24/01/2025,09:35:48,23250,23250.35,25,23250.8,50,100,13557375
NIFTY-I.NFO,24/01/2025,09:35:49,23250.8,23250.35,25,23252.55,125,25,13557375
NIFTY-I.NFO,24/01/2025,09:35:51,23250.35,23250,25,23253,25,25,13557375
NIFTY-I.NFO,24/01/2025,09:35:53,23253,23249.1,50,23254.75,125,250,13557375
NIFTY-I.NFO,24/01/2025,09:35:54,23250,23249.75,50,23254.5,25,25,13557375
NIFTY-I.NFO,24/01/2025,09:35:56,23254.75,23251,50,23255.15,25,225,13557375
NIFTY-I.NFO,24/01/2025,09:35:58,23255.55,23255.15,50,23256,25,50,13557375
NIFTY-I.NFO,24/01/2025,09:35:59,23255.15,23252.35,200,23258.75,25,50,13557375
NIFTY-I.NFO,24/01/2025,09:36:01,23255.15,23252.9,200,23258.65,400,0,13557375
NIFTY-I.NFO,24/01/2025,09:36:03,23252.55,23252.55,200,23258.1,75,675,13557375
NIFTY-I.NFO,24/01/2025,09:36:04,23257,23252.35,25,23257.55,75,325,13557375
NIFTY-I.NFO,24/01/2025,09:36:06,23252.05,23252.95,250,23258.5,25,125,13557375
NIFTY-I.NFO,24/01/2025,09:36:08,23259.55,23255,25,23259.55,100,275,13557375
NIFTY-I.NFO,24/01/2025,09:36:09,23259.55,23255,25,23258.5,150,0,13557375
NIFTY-I.NFO,24/01/2025,09:36:11,23258.05,23255,25,23258.5,150,50,13557375
NIFTY-I.NFO,24/01/2025,09:36:13,23259.1,23255,25,23258.9,350,1000,13557375
NIFTY-I.NFO,24/01/2025,09:36:14,23259.1,23254,25,23259.45,75,50,13557375
NIFTY-I.NFO,24/01/2025,09:36:16,23259.55,23255,25,23259.95,100,75,13557375
NIFTY-I.NFO,24/01/2025,09:36:18,23259.65,23255,25,23259.65,75,200,13557375
NIFTY-I.NFO,24/01/2025,09:36:19,23259.3,23255,50,23259.2,200,150,13557375
NIFTY-I.NFO,24/01/2025,09:36:21,23258.75,23255,50,23257.25,50,100,13557375
NIFTY-I.NFO,24/01/2025,09:36:23,23257.95,23255,125,23258,175,375,13557375
NIFTY-I.NFO,24/01/2025,09:36:25,23256,23255,75,23258,125,200,13557375
NIFTY-I.NFO,24/01/2025,09:36:26,23255,23255,50,23256,50,250,13557375
NIFTY-I.NFO,24/01/2025,09:36:28,23254,23254,75,23255.35,125,125,13557375
NIFTY-I.NFO,24/01/2025,09:36:29,23252,23251.4,75,23252.9,50,250,13557375
NIFTY-I.NFO,24/01/2025,09:36:31,23250,23247,25,23249.9,150,575,13557375
NIFTY-I.NFO,24/01/2025,09:36:33,23242,23242,100,23243.15,175,725,13557375
NIFTY-I.NFO,24/01/2025,09:36:34,23244.85,23242.05,25,23244.9,225,125,13557375
NIFTY-I.NFO,24/01/2025,09:36:36,23242.05,23242.05,100,23246.25,350,200,13557375
NIFTY-I.NFO,24/01/2025,09:36:38,23242.1,23242.1,50,23247.5,25,250,13557375
NIFTY-I.NFO,24/01/2025,09:36:39,23242.15,23242.15,50,23247.6,225,150,13557375
NIFTY-I.NFO,24/01/2025,09:36:41,23243.7,23247.65,175,23249.2,200,225,13557375
NIFTY-I.NFO,24/01/2025,09:36:43,23242.15,23242.2,100,23247.45,25,275,13557375
NIFTY-I.NFO,24/01/2025,09:36:44,23243.95,23243.95,75,23247.45,25,25,13557375
NIFTY-I.NFO,24/01/2025,09:36:46,23252.55,23247.5,50,23252.65,250,175,13557375
NIFTY-I.NFO,24/01/2025,09:36:48,23248.05,23248.05,200,23253.05,175,100,13557375
NIFTY-I.NFO,24/01/2025,09:36:49,23253.05,23248.95,200,23253.05,150,25,13557375
NIFTY-I.NFO,24/01/2025,09:36:51,23249.4,23249,100,23254.7,100,575,13557375
NIFTY-I.NFO,24/01/2025,09:36:53,23249.4,23248.3,200,23254.3,100,0,13557375
NIFTY-I.NFO,24/01/2025,09:36:54,23254.3,23248.7,100,23254.15,50,125,13547400
NIFTY-I.NFO,24/01/2025,09:36:56,23254.75,23247.8,100,23253.35,100,625,13547400
NIFTY-I.NFO,24/01/2025,09:36:58,23253.35,23250,25,23254.25,25,150,13547400
NIFTY-I.NFO,24/01/2025,09:36:59,23253.35,23250,25,23254.3,300,0,13547400
NIFTY-I.NFO,24/01/2025,09:37:01,23250,23249,25,23251.35,50,100,13547400
NIFTY-I.NFO,24/01/2025,09:37:03,23250,23249,25,23250.95,150,0,13547400
NIFTY-I.NFO,24/01/2025,09:37:04,23247.55,23247.45,275,23249,25,75,13547400
NIFTY-I.NFO,24/01/2025,09:37:06,23250.95,23249,25,23250.75,50,225,13547400
NIFTY-I.NFO,24/01/2025,09:37:08,23251.3,23248,50,23250.6,125,275,13547400
NIFTY-I.NFO,24/01/2025,09:37:09,23250,23248,50,23250.05,150,250,13547400
NIFTY-I.NFO,24/01/2025,09:37:11,23246.1,23246.1,25,23248.1,25,400,13547400
NIFTY-I.NFO,24/01/2025,09:37:13,23246.1,23246,50,23247.25,25,50,13547400
NIFTY-I.NFO,24/01/2025,09:37:14,23245,23245,375,23245.55,25,400,13547400
NIFTY-I.NFO,24/01/2025,09:37:16,23243.95,23245,25,23245.4,25,600,13547400
NIFTY-I.NFO,24/01/2025,09:37:18,23242.15,23242.05,100,23245.35,50,275,13547400
NIFTY-I.NFO,24/01/2025,09:37:19,23242.05,23242.05,25,23246.15,25,100,13547400
NIFTY-I.NFO,24/01/2025,09:37:21,23246.15,23242.05,25,23242.15,25,175,13547400
NIFTY-I.NFO,24/01/2025,09:37:23,23246.8,23242.45,25,23246.25,50,175,13547400
NIFTY-I.NFO,24/01/2025,09:37:24,23241,23240.3,25,23242,25,1125,13547400
NIFTY-I.NFO,24/01/2025,09:37:26,23241.1,23240,1875,23240.7,250,925,13547400
NIFTY-I.NFO,24/01/2025,09:37:28,23237,23236.35,25,23237,475,2475,13547400
NIFTY-I.NFO,24/01/2025,09:37:28,23236.15,23236.35,25,23237,475,0,13547400
NIFTY-I.NFO,24/01/2025,09:37:29,23237.55,23237.55,75,23243.85,25,3175,13547400
NIFTY-I.NFO,24/01/2025,09:37:29,23235.5,23237.55,75,23243.85,25,0,13547400
NIFTY-I.NFO,24/01/2025,09:37:31,23243.1,23237.65,100,23243.1,125,550,13547400
NIFTY-I.NFO,24/01/2025,09:37:33,23237.75,23237.75,100,23242.3,50,125,13547400
NIFTY-I.NFO,24/01/2025,09:37:34,23237.85,23237.85,75,23242.25,75,175,13547400
NIFTY-I.NFO,24/01/2025,09:37:36,23242.2,23241.5,50,23242.25,200,75,13547400
NIFTY-I.NFO,24/01/2025,09:37:38,23240,23237.9,100,23240,1325,275,13547400
NIFTY-I.NFO,24/01/2025,09:37:39,23240,23239.05,50,23239.9,50,350,13547400
NIFTY-I.NFO,24/01/2025,09:37:41,23240,23239.45,25,23240,900,350,13547400
NIFTY-I.NFO,24/01/2025,09:37:43,23242,23240.2,100,23242,25,1250,13547400
NIFTY-I.NFO,24/01/2025,09:37:44,23240.3,23240.3,50,23242,50,50,13547400
NIFTY-I.NFO,24/01/2025,09:37:46,23245,23245,25,23245.8,50,200,13547400
NIFTY-I.NFO,24/01/2025,09:37:48,23245.1,23245.05,25,23246.1,100,100,13547400
NIFTY-I.NFO,24/01/2025,09:37:49,23246.1,23246.1,125,23247.25,75,150,13547400
NIFTY-I.NFO,24/01/2025,09:37:51,23243.05,23243,100,23247.25,75,875,13547400
NIFTY-I.NFO,24/01/2025,09:37:53,23243.1,23242.95,75,23247.95,50,75,13547400
NIFTY-I.NFO,24/01/2025,09:37:54,23247.25,23243,175,23247.1,50,75,13547400
NIFTY-I.NFO,24/01/2025,09:37:56,23247.55,23247.3,100,23247.5,50,400,13547400
NIFTY-I.NFO,24/01/2025,09:37:58,23247.25,23245.15,25,23247.55,25,175,13547400
NIFTY-I.NFO,24/01/2025,09:37:59,23245.1,23244.05,100,23244.95,50,550,13547400
NIFTY-I.NFO,24/01/2025,09:38:01,23241.85,23240.05,25,23241.05,50,225,13547400
NIFTY-I.NFO,24/01/2025,09:38:03,23239.95,23239.2,100,23239.95,50,175,13547400
NIFTY-I.NFO,24/01/2025,09:38:04,23239.05,23239.05,25,23241.05,50,250,13547400
NIFTY-I.NFO,24/01/2025,09:38:06,23240.1,23240.1,75,23241.25,25,350,13547400
NIFTY-I.NFO,24/01/2025,09:38:08,23240,23238.25,100,23241.3,50,225,13547400
NIFTY-I.NFO,24/01/2025,09:38:09,23238.2,23238.15,100,23241.2,25,150,13547400
NIFTY-I.NFO,24/01/2025,09:38:11,23238.15,23238.15,100,23242.95,125,1975,13547400
NIFTY-I.NFO,24/01/2025,09:38:13,23238.15,23238.25,100,23242.05,25,0,13547400
NIFTY-I.NFO,24/01/2025,09:38:14,23242.35,23238.25,25,23242.35,25,300,13547400
NIFTY-I.NFO,24/01/2025,09:38:16,23238.25,23238.25,100,23242.25,25,1900,13547400
NIFTY-I.NFO,24/01/2025,09:38:18,23238.3,23239.05,50,23243.55,25,50,13547400
NIFTY-I.NFO,24/01/2025,09:38:19,23239.45,23239.05,25,23244.9,75,25,13547400
NIFTY-I.NFO,24/01/2025,09:38:21,23240.05,23240.05,100,23243.9,50,25,13547400
NIFTY-I.NFO,24/01/2025,09:38:23,23243.2,23242.4,100,23243,25,100,13547400
NIFTY-I.NFO,24/01/2025,09:38:24,23241.4,23241.4,75,23242.55,50,250,13547400
NIFTY-I.NFO,24/01/2025,09:38:26,23240.05,23240.05,50,23241,25,75,13547400
NIFTY-I.NFO,24/01/2025,09:38:28,23242.2,23240.05,50,23241.55,50,250,13547400
NIFTY-I.NFO,24/01/2025,09:38:29,23241.05,23241.05,75,23241.3,50,2075,13547400
NIFTY-I.NFO,24/01/2025,09:38:31,23239.5,23239.5,100,23240.25,150,2175,13547400
NIFTY-I.NFO,24/01/2025,09:38:33,23239.5,23239.5,75,23240.2,25,225,13547400
NIFTY-I.NFO,24/01/2025,09:38:34,23239.5,23239.5,100,23240,25,1925,13547400
NIFTY-I.NFO,24/01/2025,09:38:36,23239.5,23239.45,50,23240.5,50,100,13547400
NIFTY-I.NFO,24/01/2025,09:38:38,23232,23230,2425,23232,550,8500,13547400
NIFTY-I.NFO,24/01/2025,09:38:38,23230,23230,2425,23232,550,0,13547400
NIFTY-I.NFO,24/01/2025,09:38:40,23230,23229.7,25,23231.35,25,2850,13547400
NIFTY-I.NFO,24/01/2025,09:38:41,23227.95,23227.95,25,23228.9,125,750,13547400
NIFTY-I.NFO,24/01/2025,09:38:41,23227.95,23227.95,25,23228.9,125,0,13547400
NIFTY-I.NFO,24/01/2025,09:38:43,23225.1,23225.1,925,23228.35,25,3375,13547400
NIFTY-I.NFO,24/01/2025,09:38:43,23225.1,23225.1,925,23228.35,25,0,13547400
NIFTY-I.NFO,24/01/2025,09:38:45,23223.35,23221.9,25,23223.35,125,7350,13547400
NIFTY-I.NFO,24/01/2025,09:38:45,23221.15,23221.9,25,23223.35,125,0,13547400
NIFTY-I.NFO,24/01/2025,09:38:46,23221.2,23221.2,25,23225,100,400,13547400
NIFTY-I.NFO,24/01/2025,09:38:48,23225,23221.65,200,23228.05,50,3125,13547400
NIFTY-I.NFO,24/01/2025,09:38:48,23220.1,23221.65,200,23228.05,50,0,13547400
NIFTY-I.NFO,24/01/2025,09:38:50,23225,23220.45,225,23227.2,50,1375,13547400
NIFTY-I.NFO,24/01/2025,09:38:50,23220,23220.45,225,23227.2,50,0,13547400
NIFTY-I.NFO,24/01/2025,09:38:51,23220.55,23220.55,75,23225,50,325,13547400
NIFTY-I.NFO,24/01/2025,09:38:53,23223.65,23220.05,75,23224.05,25,675,13547400
NIFTY-I.NFO,24/01/2025,09:38:55,23225.4,23220.05,75,23224.7,50,3050,13547400
NIFTY-I.NFO,24/01/2025,09:38:56,23219.55,23219.55,225,23224.7,25,2850,13547400
NIFTY-I.NFO,24/01/2025,09:38:56,23219.55,23219.55,225,23224.7,25,0,13547400
NIFTY-I.NFO,24/01/2025,09:38:58,23223.05,23221.05,75,23223.75,100,5025,13547400
NIFTY-I.NFO,24/01/2025,09:38:58,23217.2,23221.05,75,23223.75,100,0,13547400
NIFTY-I.NFO,24/01/2025,09:39:00,23221,23221,150,23224.6,25,2075,13547400
NIFTY-I.NFO,24/01/2025,09:39:01,23220.65,23220.95,225,23224.65,75,275,13547400
NIFTY-I.NFO,24/01/2025,09:39:03,23222.35,23222.35,50,23223.75,475,950,13547400
NIFTY-I.NFO,24/01/2025,09:39:05,23220.35,23220.35,50,23221,25,2275,13547400
NIFTY-I.NFO,24/01/2025,09:39:06,23220,23217.55,200,23220.85,25,200,13547400
NIFTY-I.NFO,24/01/2025,09:39:08,23218.75,23219.05,25,23220.35,275,475,13547400
NIFTY-I.NFO,24/01/2025,09:39:10,23221.05,23221.05,25,23223.65,225,2325,13547400
NIFTY-I.NFO,24/01/2025,09:39:11,23223.6,23220.4,100,23223.55,25,150,13547400
NIFTY-I.NFO,24/01/2025,09:39:13,23222,23221,400,23225.45,100,525,13547400
NIFTY-I.NFO,24/01/2025,09:39:15,23221,23221.05,50,23224.1,25,250,13547400
NIFTY-I.NFO,24/01/2025,09:39:16,23224.85,23221,575,23225,375,2250,13547400
NIFTY-I.NFO,24/01/2025,09:39:18,23221.05,23220.9,25,23224.35,50,750,13547400
NIFTY-I.NFO,24/01/2025,09:39:20,23224.7,23220.9,25,23224.4,125,575,13547400
NIFTY-I.NFO,24/01/2025,09:39:21,23217.05,23217.05,50,23217.85,25,525,13547400
NIFTY-I.NFO,24/01/2025,09:39:21,23217.05,23217.05,50,23217.85,25,0,13547400
NIFTY-I.NFO,24/01/2025,09:39:23,23217.85,23217.05,25,23217.85,125,325,13547400
NIFTY-I.NFO,24/01/2025,09:39:25,23220.8,23217.05,50,23221.1,25,600,13547400
NIFTY-I.NFO,24/01/2025,09:39:26,23221,23218.15,50,23221,75,25,13547400
NIFTY-I.NFO,24/01/2025,09:39:28,23223.75,23220.9,100,23224,25,425,13547400
NIFTY-I.NFO,24/01/2025,09:39:30,23220.8,23219.95,100,23223.9,225,725,13547400
NIFTY-I.NFO,24/01/2025,09:39:31,23218.4,23218.05,25,23223.8,50,2425,13547400
NIFTY-I.NFO,24/01/2025,09:39:31,23215.2,23218.05,25,23223.8,50,0,13547400
NIFTY-I.NFO,24/01/2025,09:39:33,23217.05,23216.45,100,23218.05,25,3875,13547400
NIFTY-I.NFO,24/01/2025,09:39:33,23212.75,23216.45,100,23218.05,25,0,13547400
NIFTY-I.NFO,24/01/2025,09:39:35,23220.65,23219.4,25,23221.9,200,550,13547400
NIFTY-I.NFO,24/01/2025,09:39:36,23216.95,23217.35,100,23222.95,50,650,13547400
NIFTY-I.NFO,24/01/2025,09:39:38,23217.4,23217.8,75,23223.9,75,1400,13547400
NIFTY-I.NFO,24/01/2025,09:39:40,23223.9,23221.05,50,23223.9,75,150,13547400
NIFTY-I.NFO,24/01/2025,09:39:41,23221.6,23221.05,100,23224,50,1600,13547400
NIFTY-I.NFO,24/01/2025,09:39:43,23218.4,23218.45,100,23224,50,1000,13547400
NIFTY-I.NFO,24/01/2025,09:39:45,23218.45,23217.35,100,23220.25,50,250,13547400
NIFTY-I.NFO,24/01/2025,09:39:46,23218.6,23218.6,75,23224.45,150,575,13547400
NIFTY-I.NFO,24/01/2025,09:39:48,23220.3,23220.3,100,23223.65,325,125,13547400
NIFTY-I.NFO,24/01/2025,09:39:50,23222.15,23218.65,100,23222.8,200,425,13547400
NIFTY-I.NFO,24/01/2025,09:39:51,23217.95,23217.9,150,23222.7,50,375,13547400
NIFTY-I.NFO,24/01/2025,09:39:53,23218.3,23218.6,50,23223,50,575,13547400
NIFTY-I.NFO,24/01/2025,09:39:55,23219.1,23218.6,50,23220.45,25,100,13532350
NIFTY-I.NFO,24/01/2025,09:39:56,23221.4,23218.65,100,23220.6,50,225,13532350
NIFTY-I.NFO,24/01/2025,09:39:58,23220.1,23219.2,75,23220.2,50,250,13532350
NIFTY-I.NFO,24/01/2025,09:40:00,23217.6,23216,25,23217.4,75,1025,13532350
NIFTY-I.NFO,24/01/2025,09:40:01,23218.05,23214.35,25,23218.3,50,700,13532350
NIFTY-I.NFO,24/01/2025,09:40:03,23214.3,23214.3,150,23217.25,75,350,13532350
NIFTY-I.NFO,24/01/2025,09:40:05,23217.8,23217.25,25,23217.3,75,475,13532350
NIFTY-I.NFO,24/01/2025,09:40:06,23214.3,23212.9,100,23214.3,575,4775,13532350
NIFTY-I.NFO,24/01/2025,09:40:06,23212.2,23212.9,100,23214.3,575,0,13532350
NIFTY-I.NFO,24/01/2025,09:40:08,23214.45,23214.45,200,23220.65,150,1575,13532350
NIFTY-I.NFO,24/01/2025,09:40:10,23214.9,23214.8,150,23220.65,175,225,13532350
NIFTY-I.NFO,24/01/2025,09:40:11,23215.75,23215.75,175,23221.2,375,100,13532350
NIFTY-I.NFO,24/01/2025,09:40:13,23221.2,23215.95,100,23221.2,375,75,13532350
NIFTY-I.NFO,24/01/2025,09:40:15,23215.95,23215.95,75,23218.65,25,100,13532350
NIFTY-I.NFO,24/01/2025,09:40:16,23215.45,23215.95,75,23221.4,125,200,13532350
NIFTY-I.NFO,24/01/2025,09:40:18,23217.55,23217.55,25,23222.35,200,200,13532350
NIFTY-I.NFO,24/01/2025,09:40:20,23218.05,23218.15,100,23220.9,25,150,13532350
NIFTY-I.NFO,24/01/2025,09:40:21,23218.15,23218.15,25,23221.15,350,100,13532350
NIFTY-I.NFO,24/01/2025,09:40:23,23225,23223.1,25,23225,225,525,13532350
NIFTY-I.NFO,24/01/2025,09:40:25,23225,23226.4,175,23228.65,325,150,13532350
NIFTY-I.NFO,24/01/2025,09:40:26,23226.8,23226.8,100,23228.65,175,100,13532350
NIFTY-I.NFO,24/01/2025,09:40:28,23226.9,23226.85,25,23228.65,275,75,13532350
NIFTY-I.NFO,24/01/2025,09:40:30,23226.4,23226.4,150,23228.65,400,175,13532350
NIFTY-I.NFO,24/01/2025,09:40:31,23226.4,23227.55,25,23228.9,125,650,13532350
NIFTY-I.NFO,24/01/2025,09:40:33,23227.55,23227.55,25,23230,425,275,13532350
NIFTY-I.NFO,24/01/2025,09:40:35,23230,23227.25,100,23232,400,400,13532350
NIFTY-I.NFO,24/01/2025,09:40:36,23228.05,23226.4,75,23229.55,150,1125,13532350
NIFTY-I.NFO,24/01/2025,09:40:38,23229.35,23226.4,50,23229.9,225,200,13532350
NIFTY-I.NFO,24/01/2025,09:40:40,23229.6,23229,275,23229.6,50,250,13532350
NIFTY-I.NFO,24/01/2025,09:40:41,23229.95,23229,275,23230,25,75,13532350
NIFTY-I.NFO,24/01/2025,09:40:43,23226.4,23229.6,25,23231.15,125,650,13532350
NIFTY-I.NFO,24/01/2025,09:40:45,23231.3,23230,100,23231.3,250,150,13532350
NIFTY-I.NFO,24/01/2025,09:40:46,23231.3,23230,125,23232,400,50,13532350
NIFTY-I.NFO,24/01/2025,09:40:48,23232,23231.3,25,23232,350,500,13532350
NIFTY-I.NFO,24/01/2025,09:40:50,23232,23231.3,25,23232,200,50,13532350
NIFTY-I.NFO,24/01/2025,09:40:51,23233,23232,650,23234,1100,675,13532350
NIFTY-I.NFO,24/01/2025,09:40:53,23232,23232,225,23232.7,150,600,13532350
NIFTY-I.NFO,24/01/2025,09:40:55,23232,23232,125,23234,1125,175,13532350
NIFTY-I.NFO,24/01/2025,09:40:56,23231.75,23230,25,23232,1025,325,13532350
NIFTY-I.NFO,24/01/2025,09:40:58,23231.8,23230.8,25,23231.55,200,325,13532350
NIFTY-I.NFO,24/01/2025,09:41:00,23230,23230,100,23230.75,75,200,13532350
NIFTY-I.NFO,24/01/2025,09:41:01,23232,23231.55,25,23232,900,525,13532350
NIFTY-I.NFO,24/01/2025,09:41:03,23230.55,23230.55,25,23232,800,275,13532350
NIFTY-I.NFO,24/01/2025,09:41:05,23228.05,23228.05,75,23231.8,225,525,13532350
NIFTY-I.NFO,24/01/2025,09:41:06,23228.05,23228.05,50,23230,25,125,13532350
NIFTY-I.NFO,24/01/2025,09:41:08,23231.05,23230,50,23231.05,325,650,13532350
NIFTY-I.NFO,24/01/2025,09:41:10,23231.45,23228.05,150,23230,25,475,13532350
NIFTY-I.NFO,24/01/2025,09:41:11,23231,23230,50,23231.65,100,350,13532350
NIFTY-I.NFO,24/01/2025,09:41:13,23230,23228.1,50,23229.4,150,325,13532350
NIFTY-I.NFO,24/01/2025,09:41:15,23231.05,23229.4,50,23231.65,225,325,13532350
NIFTY-I.NFO,24/01/2025,09:41:16,23231.4,23229.4,50,23231.65,325,150,13532350
NIFTY-I.NFO,24/01/2025,09:41:18,23231.05,23231.05,100,23231.6,75,200,13532350
NIFTY-I.NFO,24/01/2025,09:41:20,23233.2,23231.15,25,23231.6,200,1325,13532350
NIFTY-I.NFO,24/01/2025,09:41:21,23231.6,23231.25,25,23231.6,150,275,13532350
NIFTY-I.NFO,24/01/2025,09:41:23,23230.6,23230,25,23231.55,300,1250,13532350
NIFTY-I.NFO,24/01/2025,09:41:25,23228.45,23231.05,25,23231.5,300,100,13532350
NIFTY-I.NFO,24/01/2025,09:41:26,23232.65,23231.55,25,23232.65,25,1550,13532350
NIFTY-I.NFO,24/01/2025,09:41:28,23231.75,23231.6,50,23231.75,25,100,13532350
NIFTY-I.NFO,24/01/2025,09:41:30,23231.6,23231.55,75,23233.9,200,200,13532350
NIFTY-I.NFO,24/01/2025,09:41:31,23233.7,23231.6,50,23233.9,200,1075,13532350
NIFTY-I.NFO,24/01/2025,09:41:33,23233.9,23231.6,300,23233.9,50,50,13532350
NIFTY-I.NFO,24/01/2025,09:41:35,23235,23233.75,25,23233.9,300,800,13532350
NIFTY-I.NFO,24/01/2025,09:41:36,23233.85,23231.65,100,23233.85,175,100,13532350
NIFTY-I.NFO,24/01/2025,09:41:38,23233.85,23231.65,100,23233.85,100,75,13532350
NIFTY-I.NFO,24/01/2025,09:41:40,23233,23231.65,100,23233,75,200,13532350
NIFTY-I.NFO,24/01/2025,09:41:41,23233,23232.7,100,23233,175,0,13532350
NIFTY-I.NFO,24/01/2025,09:41:43,23233.8,23232.9,175,23233.8,125,475,13532350
NIFTY-I.NFO,24/01/2025,09:41:45,23233.05,23233.25,25,23233.55,25,275,13532350
NIFTY-I.NFO,24/01/2025,09:41:46,23237.75,23233.05,75,23237.8,250,175,13532350
NIFTY-I.NFO,24/01/2025,09:41:48,23230.5,23230.5,75,23231.7,125,750,13532350
NIFTY-I.NFO,24/01/2025,09:41:50,23227.25,23226.4,25,23227.25,25,1000,13532350
NIFTY-I.NFO,24/01/2025,09:41:51,23228.65,23227.25,25,23230.05,225,350,13532350
NIFTY-I.NFO,24/01/2025,09:41:53,23228.15,23224.05,100,23226.95,50,825,13532350
NIFTY-I.NFO,24/01/2025,09:41:55,23222.35,23222.35,50,23226.7,25,475,13532350
NIFTY-I.NFO,24/01/2025,09:41:56,23224,23224,50,23226.2,125,175,13532350
NIFTY-I.NFO,24/01/2025,09:41:58,23219.4,23220.7,50,23226.2,25,1700,13532350
NIFTY-I.NFO,24/01/2025,09:42:00,23220.9,23221,100,23226.15,25,25,13532350
NIFTY-I.NFO,24/01/2025,09:42:01,23222,23222.4,100,23226.15,50,225,13532350
NIFTY-I.NFO,24/01/2025,09:42:03,23225.35,23223.15,150,23227.25,25,100,13532350
NIFTY-I.NFO,24/01/2025,09:42:05,23227.25,23224.35,50,23226.15,150,150,13532350
NIFTY-I.NFO,24/01/2025,09:42:06,23222.2,23222.1,100,23226.7,25,450,13532350
NIFTY-I.NFO,24/01/2025,09:42:08,23223.05,23223.05,50,23226.7,300,75,13532350
NIFTY-I.NFO,24/01/2025,09:42:10,23222.3,23222.3,75,23226.65,150,100,13532350
NIFTY-I.NFO,24/01/2025,09:42:11,23227.4,23222.75,75,23227.8,150,1025,13532350
NIFTY-I.NFO,24/01/2025,09:42:13,23223,23222.65,25,23227.4,50,50,13532350
NIFTY-I.NFO,24/01/2025,09:42:15,23226.15,23224.35,100,23226.65,225,50,13532350
NIFTY-I.NFO,24/01/2025,09:42:16,23227.45,23223.05,150,23228,500,1325,13532350
NIFTY-I.NFO,24/01/2025,09:42:18,23226.35,23222.3,100,23227.3,50,350,13532350
NIFTY-I.NFO,24/01/2025,09:42:20,23222.3,23222.75,100,23227.3,25,25,13532350
NIFTY-I.NFO,24/01/2025,09:42:21,23227.3,23225,75,23227.45,25,25,13532350
NIFTY-I.NFO,24/01/2025,09:42:23,23223.05,23225,75,23228,775,150,13532350
NIFTY-I.NFO,24/01/2025,09:42:25,23227.8,23222.8,25,23227.8,25,75,13532350
NIFTY-I.NFO,24/01/2025,09:42:26,23226.9,23222.35,25,23226.9,125,100,13532350
NIFTY-I.NFO,24/01/2025,09:42:28,23225,23225,25,23226,50,125,13532350
NIFTY-I.NFO,24/01/2025,09:42:30,23227.35,23226,100,23227.35,25,1550,13532350
NIFTY-I.NFO,24/01/2025,09:42:31,23225,23222.9,550,23226,125,150,13532350
NIFTY-I.NFO,24/01/2025,09:42:33,23228,23227.45,100,23228,575,275,13532350
NIFTY-I.NFO,24/01/2025,09:42:35,23228,23227.9,75,23228,250,350,13532350
NIFTY-I.NFO,24/01/2025,09:42:36,23228,23228,225,23229.95,25,550,13532350
NIFTY-I.NFO,24/01/2025,09:42:38,23230,23225.45,100,23228,25,550,13532350
NIFTY-I.NFO,24/01/2025,09:42:40,23228,23225.5,100,23230,50,25,13532350
NIFTY-I.NFO,24/01/2025,09:42:41,23230,23228.05,100,23230.4,25,150,13532350
NIFTY-I.NFO,24/01/2025,09:42:43,23228.05,23228.05,25,23232.15,125,150,13532350
NIFTY-I.NFO,24/01/2025,09:42:45,23232.15,23230.4,25,23231.85,200,50,13532350
NIFTY-I.NFO,24/01/2025,09:42:46,23228.05,23230.05,100,23232.45,300,50,13532350
NIFTY-I.NFO,24/01/2025,09:42:48,23232,23230.05,100,23233.2,50,50,13532350
NIFTY-I.NFO,24/01/2025,09:42:50,23230.05,23230,25,23232,50,50,13532350
NIFTY-I.NFO,24/01/2025,09:42:51,23232.3,23230,100,23232.3,25,25,13532350
NIFTY-I.NFO,24/01/2025,09:42:53,23230,23229.6,150,23234.6,150,75,13532350
NIFTY-I.NFO,24/01/2025,09:42:55,23230,23232,25,23235,150,175,13528925
NIFTY-I.NFO,24/01/2025,09:42:56,23232.3,23232,25,23234.4,100,325,13528925
NIFTY-I.NFO,24/01/2025,09:42:58,23229.75,23226.4,25,23228.8,125,600,13528925
NIFTY-I.NFO,24/01/2025,09:43:00,23229.4,23230,25,23231.5,50,25,13528925
NIFTY-I.NFO,24/01/2025,09:43:01,23230,23226.8,100,23231.95,50,25,13528925
NIFTY-I.NFO,24/01/2025,09:43:03,23230,23227.1,175,23232,50,25,13528925
NIFTY-I.NFO,24/01/2025,09:43:05,23232,23228.7,175,23232,50,75,13528925
NIFTY-I.NFO,24/01/2025,09:43:06,23232,23230.1,175,23233,25,50,13528925
NIFTY-I.NFO,24/01/2025,09:43:08,23233,23232.05,100,23232.95,50,50,13528925
NIFTY-I.NFO,24/01/2025,09:43:10,23235,23232.15,200,23235.15,25,175,13528925
NIFTY-I.NFO,24/01/2025,09:43:11,23235,23232.15,100,23235,25,0,13528925
NIFTY-I.NFO,24/01/2025,09:43:13,23236,23233.15,100,23236,925,450,13528925
NIFTY-I.NFO,24/01/2025,09:43:15,23236,23233.05,100,23235.6,25,50,13528925
NIFTY-I.NFO,24/01/2025,09:43:16,23235.55,23233.05,100,23235.8,200,175,13528925
NIFTY-I.NFO,24/01/2025,09:43:18,23233,23233.05,100,23235.85,25,350,13528925
NIFTY-I.NFO,24/01/2025,09:43:20,23235.15,23233.05,75,23235.2,75,50,13528925
NIFTY-I.NFO,24/01/2025,09:43:21,23233.05,23233.05,25,23235,300,275,13528925
NIFTY-I.NFO,24/01/2025,09:43:23,23239,23235.05,25,23238.85,200,1375,13528925
NIFTY-I.NFO,24/01/2025,09:43:25,23237.45,23235.15,25,23236.3,25,100,13528925
NIFTY-I.NFO,24/01/2025,09:43:26,23238.35,23235.25,25,23238.1,250,50,13528925
NIFTY-I.NFO,24/01/2025,09:43:28,23237.8,23235.25,25,23237.95,100,25,13528925
NIFTY-I.NFO,24/01/2025,09:43:30,23237.5,23235.25,100,23237.35,100,675,13528925
NIFTY-I.NFO,24/01/2025,09:43:31,23238.35,23235.25,100,23237,125,375,13528925
NIFTY-I.NFO,24/01/2025,09:43:33,23238.35,23235.35,100,23237,125,0,13528925
NIFTY-I.NFO,24/01/2025,09:43:35,23235.35,23236.05,75,23236.55,25,25,13528925
NIFTY-I.NFO,24/01/2025,09:43:36,23236.05,23236.05,50,23239,400,375,13528925
NIFTY-I.NFO,24/01/2025,09:43:38,23239,23238.4,100,23239,375,125,13528925
NIFTY-I.NFO,24/01/2025,09:43:40,23238.65,23238.4,100,23239,375,125,13528925
NIFTY-I.NFO,24/01/2025,09:43:41,23239,23238.75,25,23239,150,525,13528925
NIFTY-I.NFO,24/01/2025,09:43:43,23238.75,23238.7,25,23239,125,50,13528925
NIFTY-I.NFO,24/01/2025,09:43:45,23240,23238.7,100,23241.2,25,700,13528925
NIFTY-I.NFO,24/01/2025,09:43:46,23241.2,23239.05,100,23242,50,150,13528925
NIFTY-I.NFO,24/01/2025,09:43:48,23243.7,23238.1,100,23242.4,25,100,13528925
NIFTY-I.NFO,24/01/2025,09:43:50,23242.7,23237.95,350,23242.4,25,150,13528925
NIFTY-I.NFO,24/01/2025,09:43:51,23240.05,23240.05,25,23242.4,25,125,13528925
NIFTY-I.NFO,24/01/2025,09:43:53,23243.7,23239.6,250,23243.7,100,625,13528925
NIFTY-I.NFO,24/01/2025,09:43:55,23243.7,23240.25,100,23242,1000,50,13528925
NIFTY-I.NFO,24/01/2025,09:43:56,23241.95,23240.25,100,23241.95,75,25,13528925
NIFTY-I.NFO,24/01/2025,09:43:58,23242,23240.4,100,23242,850,375,13528925
NIFTY-I.NFO,24/01/2025,09:44:00,23242,23240.45,50,23242.7,300,875,13528925
NIFTY-I.NFO,24/01/2025,09:44:01,23242.7,23242.05,50,23242.7,275,25,13528925
NIFTY-I.NFO,24/01/2025,09:44:03,23242.75,23242.75,50,23244,75,800,13528925
NIFTY-I.NFO,24/01/2025,09:44:05,23239.85,23237.35,100,23238.6,25,1675,13528925
NIFTY-I.NFO,24/01/2025,09:44:06,23235,23233,100,23234.7,125,875,13528925
NIFTY-I.NFO,24/01/2025,09:44:08,23237.05,23233.5,100,23238.45,50,375,13528925
NIFTY-I.NFO,24/01/2025,09:44:10,23238.1,23233.95,250,23238.45,600,50,13528925
NIFTY-I.NFO,24/01/2025,09:44:11,23238.1,23233.1,100,23237.4,50,0,13528925
NIFTY-I.NFO,24/01/2025,09:44:13,23238.1,23234.35,100,23237.4,500,0,13528925
NIFTY-I.NFO,24/01/2025,09:44:15,23237.45,23236.05,150,23239.7,25,550,13528925
NIFTY-I.NFO,24/01/2025,09:44:16,23237.45,23235.9,100,23239,25,0,13528925
NIFTY-I.NFO,24/01/2025,09:44:18,23235,23235,200,23239,25,50,13528925
NIFTY-I.NFO,24/01/2025,09:44:20,23237.05,23237.05,75,23238,150,100,13528925
NIFTY-I.NFO,24/01/2025,09:44:21,23239.15,23237.05,75,23239.3,50,1925,13528925
NIFTY-I.NFO,24/01/2025,09:44:23,23237.05,23237.05,50,23238.75,1000,25,13528925
NIFTY-I.NFO,24/01/2025,09:44:25,23237.95,23237.95,25,23238.7,25,75,13528925
NIFTY-I.NFO,24/01/2025,09:44:26,23238.05,23238.05,75,23238.75,725,300,13528925
NIFTY-I.NFO,24/01/2025,09:44:28,23240,23238.05,100,23238.75,675,1225,13528925
NIFTY-I.NFO,24/01/2025,09:44:30,23238.75,23235.1,100,23238.7,50,775,13528925
NIFTY-I.NFO,24/01/2025,09:44:31,23240.6,23236.95,250,23241.2,25,700,13528925
NIFTY-I.NFO,24/01/2025,09:44:33,23240.6,23236.95,250,23240.7,25,0,13528925
NIFTY-I.NFO,24/01/2025,09:44:35,23241.1,23238.55,50,23241.35,25,450,13528925
NIFTY-I.NFO,24/01/2025,09:44:36,23240.65,23240.65,50,23243,75,100,13528925
NIFTY-I.NFO,24/01/2025,09:44:38,23243,23242,100,23244,25,175,13528925
NIFTY-I.NFO,24/01/2025,09:44:40,23240.65,23240.7,100,23243.9,50,175,13528925
NIFTY-I.NFO,24/01/2025,09:44:41,23243.25,23240.7,100,23242,100,100,13528925
NIFTY-I.NFO,24/01/2025,09:44:43,23242,23240.6,25,23241.95,125,275,13528925
NIFTY-I.NFO,24/01/2025,09:44:45,23241.4,23240.65,100,23242.35,25,450,13528925
NIFTY-I.NFO,24/01/2025,09:44:46,23242,23240.65,75,23242,275,125,13528925
NIFTY-I.NFO,24/01/2025,09:44:48,23242,23240.65,75,23242,150,175,13528925
NIFTY-I.NFO,24/01/2025,09:44:50,23242,23240.65,25,23241.9,125,275,13528925
NIFTY-I.NFO,24/01/2025,09:44:51,23241.8,23240.05,100,23241.75,125,275,13528925
NIFTY-I.NFO,24/01/2025,09:44:53,23241.9,23240.05,125,23242.3,125,25,13528925
NIFTY-I.NFO,24/01/2025,09:44:55,23241.9,23240.05,125,23241.8,50,0,13528925
NIFTY-I.NFO,24/01/2025,09:44:56,23242,23240.1,100,23242,75,400,13528925
NIFTY-I.NFO,24/01/2025,09:44:58,23242,23241.15,100,23243.2,25,200,13528925
NIFTY-I.NFO,24/01/2025,09:45:00,23243.2,23241.15,25,23243.2,100,100,13528925
NIFTY-I.NFO,24/01/2025,09:45:02,23242.05,23242.05,50,23243.2,100,850,13528925
NIFTY-I.NFO,24/01/2025,09:45:03,23242.05,23239.05,150,23243.2,100,2225,13528925
NIFTY-I.NFO,24/01/2025,09:45:05,23243.65,23239.7,100,23243.75,225,225,13528925
NIFTY-I.NFO,24/01/2025,09:45:07,23243.65,23240.85,100,23241.7,25,0,13528925
NIFTY-I.NFO,24/01/2025,09:45:08,23240.2,23236.95,100,23240.05,250,675,13528925
NIFTY-I.NFO,24/01/2025,09:45:10,23240.05,23236.75,100,23240.7,25,275,13528925
NIFTY-I.NFO,24/01/2025,09:45:12,23235.65,23235.65,75,23237.7,25,175,13528925
NIFTY-I.NFO,24/01/2025,09:45:13,23237.8,23236.05,75,23237.8,100,700,13528925
NIFTY-I.NFO,24/01/2025,09:45:15,23237.2,23236.05,50,23237.4,100,50,13528925
NIFTY-I.NFO,24/01/2025,09:45:17,23236.05,23235.65,100,23236.05,225,250,13528925
NIFTY-I.NFO,24/01/2025,09:45:18,23238,23236.1,75,23238,25,400,13528925
NIFTY-I.NFO,24/01/2025,09:45:20,23237,23236.3,25,23240.15,125,200,13528925
NIFTY-I.NFO,24/01/2025,09:45:22,23237,23238,100,23242.05,25,25,13528925
NIFTY-I.NFO,24/01/2025,09:45:23,23243.9,23242.1,75,23244,150,125,13528925
NIFTY-I.NFO,24/01/2025,09:45:25,23246.2,23246.25,100,23249.95,25,1550,13528925
NIFTY-I.NFO,24/01/2025,09:45:27,23250,23247.5,50,23251,625,500,13528925
NIFTY-I.NFO,24/01/2025,09:45:28,23253.7,23252.65,50,23253.7,350,750,13528925
NIFTY-I.NFO,24/01/2025,09:45:30,23253,23251.85,100,23253.85,125,175,13528925
NIFTY-I.NFO,24/01/2025,09:45:31,23253.75,23253.7,25,23253.85,175,1550,13528925
NIFTY-I.NFO,24/01/2025,09:45:33,23255.5,23253.8,100,23255.9,50,650,13528925
NIFTY-I.NFO,24/01/2025,09:45:35,23254,23253.8,100,23254,575,625,13528925
NIFTY-I.NFO,24/01/2025,09:45:36,23258,23257.05,100,23258,175,1025,13528925
NIFTY-I.NFO,24/01/2025,09:45:38,23255.5,23253.95,75,23255.4,125,1975,13528925
NIFTY-I.NFO,24/01/2025,09:45:40,23253.95,23254.7,100,23257.45,225,150,13528925
NIFTY-I.NFO,24/01/2025,09:45:41,23257.95,23252.65,100,23257.95,225,350,13528925
NIFTY-I.NFO,24/01/2025,09:45:43,23257.05,23255.05,100,23256.95,175,50,13528925
NIFTY-I.NFO,24/01/2025,09:45:45,23257.85,23256.95,25,23257.95,125,350,13528925
NIFTY-I.NFO,24/01/2025,09:45:46,23259,23257.7,75,23259.75,25,2025,13528925
NIFTY-I.NFO,24/01/2025,09:45:48,23260,23255.8,50,23260,100,500,13528925
NIFTY-I.NFO,24/01/2025,09:45:50,23256.2,23255.55,150,23260.85,50,900,13528925
NIFTY-I.NFO,24/01/2025,09:45:51,23259,23254,75,23259,175,125,13528925
NIFTY-I.NFO,24/01/2025,09:45:53,23258.9,23256.85,25,23258.85,50,50,13528925
NIFTY-I.NFO,24/01/2025,09:45:55,23258.15,23256.85,25,23258.85,75,100,13521050
NIFTY-I.NFO,24/01/2025,09:45:56,23257.85,23256.85,25,23258.55,100,25,13521050
NIFTY-I.NFO,24/01/2025,09:45:58,23257.9,23255.05,75,23255.55,25,150,13521050
NIFTY-I.NFO,24/01/2025,09:46:00,23258.65,23255.05,25,23257.9,25,675,13521050
NIFTY-I.NFO,24/01/2025,09:46:01,23255.05,23255.05,75,23258.15,25,150,13521050
NIFTY-I.NFO,24/01/2025,09:46:03,23263.4,23258.95,100,23262.65,75,525,13521050
NIFTY-I.NFO,24/01/2025,09:46:05,23259.05,23259.05,75,23259.6,125,75,13521050
NIFTY-I.NFO,24/01/2025,09:46:06,23260,23255.15,75,23259,250,200,13521050
NIFTY-I.NFO,24/01/2025,09:46:08,23259,23256.55,75,23259,200,50,13521050
NIFTY-I.NFO,24/01/2025,09:46:10,23259,23256.55,75,23259.05,225,75,13521050
NIFTY-I.NFO,24/01/2025,09:46:11,23259.05,23256.55,75,23259.05,75,150,13521050
NIFTY-I.NFO,24/01/2025,09:46:13,23260,23259.05,125,23260,125,375,13521050
NIFTY-I.NFO,24/01/2025,09:46:15,23257.4,23255.05,100,23256.95,100,600,13521050
NIFTY-I.NFO,24/01/2025,09:46:16,23252.9,23250.05,100,23254.15,200,700,13521050
NIFTY-I.NFO,24/01/2025,09:46:18,23253,23250.05,100,23253.05,75,100,13521050
NIFTY-I.NFO,24/01/2025,09:46:20,23250.05,23250.05,50,23252.45,50,50,13521050
NIFTY-I.NFO,24/01/2025,09:46:21,23252.3,23250.05,300,23252.95,275,650,13521050
NIFTY-I.NFO,24/01/2025,09:46:23,23252.95,23250.2,100,23252.95,225,75,13521050
NIFTY-I.NFO,24/01/2025,09:46:25,23252.9,23251.05,100,23255.05,50,150,13521050
NIFTY-I.NFO,24/01/2025,09:46:26,23250,23252.05,100,23253.05,25,400,13521050
NIFTY-I.NFO,24/01/2025,09:46:28,23257,23255.1,25,23257.2,25,575,13521050
NIFTY-I.NFO,24/01/2025,09:46:30,23257.4,23255.1,75,23257.75,75,300,13521050
NIFTY-I.NFO,24/01/2025,09:46:31,23256.05,23255.1,100,23256.9,50,100,13521050
NIFTY-I.NFO,24/01/2025,09:46:33,23255.05,23253.15,100,23255.85,125,475,13521050
NIFTY-I.NFO,24/01/2025,09:46:35,23254.55,23253.15,100,23254.55,100,75,13521050
NIFTY-I.NFO,24/01/2025,09:46:36,23255.1,23253.15,100,23254.25,250,200,13521050
NIFTY-I.NFO,24/01/2025,09:46:38,23254.75,23253.15,100,23255.1,100,250,13521050
NIFTY-I.NFO,24/01/2025,09:46:40,23246.8,23247.3,75,23249.8,50,725,13521050
NIFTY-I.NFO,24/01/2025,09:46:41,23249.25,23246.1,100,23247.35,25,100,13521050
NIFTY-I.NFO,24/01/2025,09:46:43,23243.15,23243.15,25,23245,25,575,13521050
NIFTY-I.NFO,24/01/2025,09:46:45,23246.7,23243.15,100,23245.95,125,275,13521050
NIFTY-I.NFO,24/01/2025,09:46:46,23243.15,23243.15,50,23244.6,250,125,13521050
NIFTY-I.NFO,24/01/2025,09:46:48,23244.6,23243.15,50,23244.6,150,100,13521050
NIFTY-I.NFO,24/01/2025,09:46:50,23242.65,23242.65,75,23243.6,125,1500,13521050
NIFTY-I.NFO,24/01/2025,09:46:51,23243.55,23242.65,75,23243.9,25,475,13521050
NIFTY-I.NFO,24/01/2025,09:46:53,23243.55,23242.65,75,23244.35,25,0,13521050
NIFTY-I.NFO,24/01/2025,09:46:55,23243.2,23243.15,25,23243.35,25,175,13521050
NIFTY-I.NFO,24/01/2025,09:46:56,23242.95,23240.35,100,23242.95,200,1000,13521050
NIFTY-I.NFO,24/01/2025,09:46:58,23240.3,23240.3,300,23242.65,25,900,13521050
NIFTY-I.NFO,24/01/2025,09:47:00,23240.35,23240.35,100,23242.25,150,100,13521050
NIFTY-I.NFO,24/01/2025,09:47:01,23241.85,23240.35,50,23241.85,25,450,13521050
NIFTY-I.NFO,24/01/2025,09:47:03,23240.1,23240.05,100,23240.1,25,650,13521050
NIFTY-I.NFO,24/01/2025,09:47:05,23238.25,23235.5,50,23238.3,50,1050,13521050
NIFTY-I.NFO,24/01/2025,09:47:06,23235,23234.85,100,23238.1,50,800,13521050
NIFTY-I.NFO,24/01/2025,09:47:08,23236.5,23236.05,75,23236.45,25,325,13521050
NIFTY-I.NFO,24/01/2025,09:47:10,23236.45,23235.05,25,23236.7,25,300,13521050
NIFTY-I.NFO,24/01/2025,09:47:11,23238,23235.75,325,23238.05,25,125,13521050
NIFTY-I.NFO,24/01/2025,09:47:13,23236.95,23236.95,75,23239.65,50,350,13521050
NIFTY-I.NFO,24/01/2025,09:47:15,23237.4,23237.45,75,23239.65,75,150,13521050
NIFTY-I.NFO,24/01/2025,09:47:16,23244.6,23242.6,100,23245,25,325,13521050
NIFTY-I.NFO,24/01/2025,09:47:18,23246.45,23246.45,50,23246.95,100,325,13521050
NIFTY-I.NFO,24/01/2025,09:47:20,23244.45,23243.85,75,23246.9,150,300,13521050
NIFTY-I.NFO,24/01/2025,09:47:21,23246.95,23246.25,100,23250,50,350,13521050
NIFTY-I.NFO,24/01/2025,09:47:23,23246.25,23244.85,75,23248,500,150,13521050
NIFTY-I.NFO,24/01/2025,09:47:25,23246.95,23245.1,100,23248,550,100,13521050
NIFTY-I.NFO,24/01/2025,09:47:26,23252.1,23249.15,25,23250,25,675,13521050
NIFTY-I.NFO,24/01/2025,09:47:28,23246.85,23246.85,50,23250.65,50,900,13521050
NIFTY-I.NFO,24/01/2025,09:47:30,23244.9,23244.9,175,23246.85,175,100,13521050
NIFTY-I.NFO,24/01/2025,09:47:31,23247.15,23247.85,50,23250.65,50,275,13521050
NIFTY-I.NFO,24/01/2025,09:47:33,23250,23246.4,150,23249.75,100,450,13521050
NIFTY-I.NFO,24/01/2025,09:47:35,23246.4,23246.65,100,23249.85,25,125,13521050
NIFTY-I.NFO,24/01/2025,09:47:36,23246.65,23245.3,25,23248.35,100,125,13521050
NIFTY-I.NFO,24/01/2025,09:47:38,23242.8,23242.9,100,23245.3,25,525,13521050
NIFTY-I.NFO,24/01/2025,09:47:40,23242.6,23242.6,75,23246.3,150,425,13521050
NIFTY-I.NFO,24/01/2025,09:47:41,23245.05,23242.6,25,23244.8,25,450,13521050
NIFTY-I.NFO,24/01/2025,09:47:43,23242.25,23241.05,100,23241.95,25,525,13521050
NIFTY-I.NFO,24/01/2025,09:47:45,23242.6,23239.15,100,23242.6,25,550,13521050
NIFTY-I.NFO,24/01/2025,09:47:46,23242.6,23236.15,100,23239.45,25,200,13521050
NIFTY-I.NFO,24/01/2025,09:47:48,23236.15,23238.35,50,23241.95,25,50,13521050
NIFTY-I.NFO,24/01/2025,09:47:50,23238.35,23238.65,25,23241.95,25,25,13521050
NIFTY-I.NFO,24/01/2025,09:47:51,23240,23239.65,350,23244.15,25,125,13521050
NIFTY-I.NFO,24/01/2025,09:47:53,23239.65,23240.8,100,23243.95,200,125,13521050
NIFTY-I.NFO,24/01/2025,09:47:55,23240.5,23240.15,150,23243.35,25,50,13521050
NIFTY-I.NFO,24/01/2025,09:47:56,23243.35,23239.8,50,23243.3,50,225,13521050
NIFTY-I.NFO,24/01/2025,09:47:58,23243.35,23240.7,100,23243.55,25,125,13521050
NIFTY-I.NFO,24/01/2025,09:48:00,23243.55,23240.7,100,23243.45,175,250,13521050
NIFTY-I.NFO,24/01/2025,09:48:01,23243.05,23240.25,25,23242.85,200,550,13521050
NIFTY-I.NFO,24/01/2025,09:48:03,23243,23240.3,100,23244.15,100,575,13521050
NIFTY-I.NFO,24/01/2025,09:48:05,23240.3,23240.3,125,23243,125,425,13521050
NIFTY-I.NFO,24/01/2025,09:48:06,23240,23238.65,100,23239.9,25,350,13521050
NIFTY-I.NFO,24/01/2025,09:48:08,23240.85,23238.65,100,23241,75,400,13521050
NIFTY-I.NFO,24/01/2025,09:48:10,23241,23238.65,25,23241.25,25,300,13521050
NIFTY-I.NFO,24/01/2025,09:48:11,23241.25,23240.2,150,23243.25,25,125,13521050
NIFTY-I.NFO,24/01/2025,09:48:13,23242.9,23239.8,100,23242.65,25,175,13521050
NIFTY-I.NFO,24/01/2025,09:48:15,23242.65,23238.85,50,23242,25,250,13521050
NIFTY-I.NFO,24/01/2025,09:48:16,23242,23240,150,23243.2,25,100,13521050
NIFTY-I.NFO,24/01/2025,09:48:18,23240,23239.65,100,23242.3,200,25,13521050
NIFTY-I.NFO,24/01/2025,09:48:20,23242.3,23239.55,75,23242.3,125,150,13521050
NIFTY-I.NFO,24/01/2025,09:48:21,23242.25,23241.05,100,23242.6,25,825,13521050
NIFTY-I.NFO,24/01/2025,09:48:23,23242.5,23238.65,100,23242,25,325,13521050
NIFTY-I.NFO,24/01/2025,09:48:25,23242,23238.75,350,23242.6,25,175,13521050
NIFTY-I.NFO,24/01/2025,09:48:26,23238.75,23240.05,25,23241.65,150,75,13521050
NIFTY-I.NFO,24/01/2025,09:48:28,23242,23240.05,100,23242.6,25,75,13521050
NIFTY-I.NFO,24/01/2025,09:48:30,23240.05,23240.05,25,23242.2,125,175,13521050
NIFTY-I.NFO,24/01/2025,09:48:31,23238.1,23237.05,100,23237.95,75,2625,13521050
NIFTY-I.NFO,24/01/2025,09:48:33,23234.75,23232.05,25,23235.45,125,2150,13521050
NIFTY-I.NFO,24/01/2025,09:48:35,23236.9,23232.7,100,23237.05,325,1000,13521050
NIFTY-I.NFO,24/01/2025,09:48:36,23237.05,23232.75,25,23236.2,150,950,13521050
NIFTY-I.NFO,24/01/2025,09:48:38,23234.55,23234.55,50,23238.5,125,550,13521050
NIFTY-I.NFO,24/01/2025,09:48:40,23234.55,23234.9,100,23237,300,150,13521050
NIFTY-I.NFO,24/01/2025,09:48:41,23232,23232.05,100,23234.5,100,850,13521050
NIFTY-I.NFO,24/01/2025,09:48:43,23236.1,23232.65,200,23236.65,50,425,13521050
NIFTY-I.NFO,24/01/2025,09:48:45,23233.15,23233.15,75,23236.7,75,400,13521050
NIFTY-I.NFO,24/01/2025,09:48:46,23236,23232.4,150,23236.4,275,300,13521050
NIFTY-I.NFO,24/01/2025,09:48:48,23236.25,23232.2,100,23236.4,400,600,13521050
NIFTY-I.NFO,24/01/2025,09:48:50,23236.4,23232.05,75,23235.75,275,300,13521050
NIFTY-I.NFO,24/01/2025,09:48:51,23231,23230.05,75,23231.6,50,675,13521050
NIFTY-I.NFO,24/01/2025,09:48:53,23231.5,23230.05,100,23231.6,25,625,13521050
NIFTY-I.NFO,24/01/2025,09:48:55,23230.05,23230.05,50,23231.65,50,450,13521050
NIFTY-I.NFO,24/01/2025,09:48:56,23230.4,23230,250,23230.4,150,300,13511125
NIFTY-I.NFO,24/01/2025,09:48:58,23226,23225.9,150,23230,25,600,13511125
NIFTY-I.NFO,24/01/2025,09:49:00,23229.95,23225.6,75,23229.95,100,50,13511125
NIFTY-I.NFO,24/01/2025,09:49:01,23225.95,23225.95,175,23229.95,100,100,13511125
NIFTY-I.NFO,24/01/2025,09:49:03,23230,23226.3,175,23230,25,150,13511125
NIFTY-I.NFO,24/01/2025,09:49:05,23225.5,23225.55,250,23230,100,150,13511125
NIFTY-I.NFO,24/01/2025,09:49:06,23225.55,23225.55,175,23230,50,350,13511125
NIFTY-I.NFO,24/01/2025,09:49:08,23225.7,23225.6,50,23229.95,50,25,13511125
NIFTY-I.NFO,24/01/2025,09:49:10,23225.55,23225.25,100,23229.55,25,350,13511125
NIFTY-I.NFO,24/01/2025,09:49:11,23225.25,23225.7,150,23229.55,75,50,13511125
NIFTY-I.NFO,24/01/2025,09:49:13,23226,23226,125,23229.5,25,75,13511125
NIFTY-I.NFO,24/01/2025,09:49:15,23226,23226,75,23229.5,100,50,13511125
NIFTY-I.NFO,24/01/2025,09:49:16,23229.8,23229.55,100,23230,75,350,13511125
NIFTY-I.NFO,24/01/2025,09:49:18,23228.7,23226.05,100,23228.8,25,225,13511125
NIFTY-I.NFO,24/01/2025,09:49:20,23226.05,23226.05,75,23228.2,250,25,13511125
NIFTY-I.NFO,24/01/2025,09:49:21,23225.05,23225.05,50,23225.45,50,1800,13511125
NIFTY-I.NFO,24/01/2025,09:49:23,23225,23225,500,23225.35,300,1500,13511125
NIFTY-I.NFO,24/01/2025,09:49:25,23223.05,23223.05,75,23223.5,25,775,13511125
NIFTY-I.NFO,24/01/2025,09:49:26,23225,23223.55,100,23225,400,900,13511125
NIFTY-I.NFO,24/01/2025,09:49:28,23223.65,23222.75,100,23223.05,25,300,13511125
NIFTY-I.NFO,24/01/2025,09:49:30,23223.5,23223.1,100,23223.6,75,525,13511125
NIFTY-I.NFO,24/01/2025,09:49:31,23220.55,23217,150,23221.05,50,6300,13511125
NIFTY-I.NFO,24/01/2025,09:49:33,23220.7,23217.15,25,23221.3,275,250,13511125
NIFTY-I.NFO,24/01/2025,09:49:35,23213.1,23213,250,23215,75,1150,13511125
NIFTY-I.NFO,24/01/2025,09:49:36,23204.15,23202.95,150,23205.8,25,34200,13511125
NIFTY-I.NFO,24/01/2025,09:49:36,23200,23202.95,150,23205.8,25,0,13511125
NIFTY-I.NFO,24/01/2025,09:49:38,23204.8,23200.7,100,23204.85,25,1325,13511125
NIFTY-I.NFO,24/01/2025,09:49:40,23205.9,23205.95,100,23208.7,250,500,13511125
NIFTY-I.NFO,24/01/2025,09:49:41,23198.5,23198.4,25,23199,25,6450,13511125
NIFTY-I.NFO,24/01/2025,09:49:41,23198.5,23198.4,25,23199,25,0,13511125
NIFTY-I.NFO,24/01/2025,09:49:43,23196.15,23195.8,100,23199.95,175,7725,13511125
NIFTY-I.NFO,24/01/2025,09:49:43,23191,23195.8,100,23199.95,175,0,13511125
NIFTY-I.NFO,24/01/2025,09:49:45,23196.2,23196.3,25,23200,400,1425,13511125
NIFTY-I.NFO,24/01/2025,09:49:46,23197.4,23196.25,75,23197.4,50,1200,13511125
NIFTY-I.NFO,24/01/2025,09:49:48,23199.9,23197.45,100,23199.4,25,775,13511125
NIFTY-I.NFO,24/01/2025,09:49:50,23195.2,23195.2,50,23198.9,150,2150,13511125
NIFTY-I.NFO,24/01/2025,09:49:51,23191.75,23191.7,100,23194.95,175,675,13511125
NIFTY-I.NFO,24/01/2025,09:49:53,23190,23190.6,150,23194.5,50,2725,13511125
NIFTY-I.NFO,24/01/2025,09:49:53,23188.4,23190.6,150,23194.5,50,0,13511125
NIFTY-I.NFO,24/01/2025,09:49:55,23192.1,23191.9,150,23195.85,175,1400,13511125
NIFTY-I.NFO,24/01/2025,09:49:56,23193.05,23188.05,100,23192.8,250,1350,13511125
NIFTY-I.NFO,24/01/2025,09:49:56,23188.05,23188.05,100,23192.8,250,0,13511125
NIFTY-I.NFO,24/01/2025,09:49:58,23192.05,23192.05,75,23194.35,50,275,13511125
NIFTY-I.NFO,24/01/2025,09:50:00,23187,23187.05,100,23190.35,125,1425,13511125
NIFTY-I.NFO,24/01/2025,09:50:00,23187,23187.05,100,23190.35,125,0,13511125
NIFTY-I.NFO,24/01/2025,09:50:01,23187.05,23187.05,75,23187.95,125,1050,13511125
NIFTY-I.NFO,24/01/2025,09:50:03,23186.85,23186.4,50,23188.9,25,1375,13511125
NIFTY-I.NFO,24/01/2025,09:50:03,23186.6,23186.4,50,23188.9,25,0,13511125
NIFTY-I.NFO,24/01/2025,09:50:05,23185.5,23187.1,100,23188.9,175,4550,13511125
NIFTY-I.NFO,24/01/2025,09:50:05,23185.5,23187.1,100,23188.9,175,0,13511125
NIFTY-I.NFO,24/01/2025,09:50:06,23193.4,23188.95,100,23194,425,1000,13511125
NIFTY-I.NFO,24/01/2025,09:50:08,23188.1,23189.15,100,23191.15,50,1975,13511125
NIFTY-I.NFO,24/01/2025,09:50:08,23185.1,23189.15,100,23191.15,50,0,13511125
