Ticker,Date,Time,LTP,BuyPrice,BuyQty,SellPrice,SellQty,LTQ,OpenInterest
BANKNIFTY-I.NFO,25/03/2025,09:15:01,51950.1,51899,120,51908.5,120,4050,2114370
BANKNIFTY-I.NFO,25/03/2025,09:15:01,51899,51899,120,51908.5,120,0,2114370
BANKNIFTY-I.NFO,25/03/2025,09:15:01,51980.9,51899,120,51908.5,120,0,2114370
BANKNIFTY-I.NFO,25/03/2025,09:15:01,51866.3,51899,120,51908.5,120,0,2114370
BANKNIFTY-I.NFO,25/03/2025,09:15:03,51905,51900,1170,51906.2,120,2160,2114370
BANKNIFTY-I.NFO,25/03/2025,09:15:04,51900.1,51900.1,60,51915.75,60,1710,2114370
BANKNIFTY-I.NFO,25/03/2025,09:15:06,51915.75,51915.75,30,51918.7,60,300,2114370
BANKNIFTY-I.NFO,25/03/2025,09:15:08,51918.8,51928.55,30,51933.1,30,1320,2114370
BANKNIFTY-I.NFO,25/03/2025,09:15:09,51919.15,51919.15,120,51940.45,60,600,2114370
BANKNIFTY-I.NFO,25/03/2025,09:15:11,51949,51933.75,150,51949,660,300,2114370
BANKNIFTY-I.NFO,25/03/2025,09:15:12,51944.3,51944.3,120,51964.55,30,930,2114370
BANKNIFTY-I.NFO,25/03/2025,09:15:14,51949,51949,90,51961,60,330,2114370
BANKNIFTY-I.NFO,25/03/2025,09:15:16,51949,51949,30,51958.6,60,1050,2114370
BANKNIFTY-I.NFO,25/03/2025,09:15:17,51931.85,51940,30,51948.25,60,420,2114370
BANKNIFTY-I.NFO,25/03/2025,09:15:19,51942.2,51934,90,51944.15,30,390,2114370
BANKNIFTY-I.NFO,25/03/2025,09:15:21,51930,51930,30,51940,30,780,2114370
BANKNIFTY-I.NFO,25/03/2025,09:15:22,51932.2,51931.35,90,51944.15,60,390,2114370
BANKNIFTY-I.NFO,25/03/2025,09:15:24,51939,51931.35,60,51939,240,120,2114370
BANKNIFTY-I.NFO,25/03/2025,09:15:26,51942.2,51931.35,30,51943.4,30,1020,2114370
BANKNIFTY-I.NFO,25/03/2025,09:15:27,51931.35,51931.35,30,51936.3,30,180,2114370
BANKNIFTY-I.NFO,25/03/2025,09:15:29,51931.35,51931.35,30,51936.3,510,480,2114370
BANKNIFTY-I.NFO,25/03/2025,09:15:31,51934,51932,60,51934,330,240,2114370
BANKNIFTY-I.NFO,25/03/2025,09:15:32,51934,51932.4,30,51934,60,1170,2114370
BANKNIFTY-I.NFO,25/03/2025,09:15:34,51940,51940,90,51943.4,360,390,2114370
BANKNIFTY-I.NFO,25/03/2025,09:15:35,51949.95,51949.3,30,51950,150,3840,2114370
BANKNIFTY-I.NFO,25/03/2025,09:15:37,51975,51975,90,51980,30,1050,2114370
BANKNIFTY-I.NFO,25/03/2025,09:15:39,51987.5,51975,30,51987.5,30,3330,2114370
BANKNIFTY-I.NFO,25/03/2025,09:15:39,51987.5,51975,30,51987.5,30,0,2114370
BANKNIFTY-I.NFO,25/03/2025,09:15:40,51975,51973.3,30,51975,60,3870,2114370
BANKNIFTY-I.NFO,25/03/2025,09:15:40,51988.05,51973.3,30,51975,60,0,2114370
BANKNIFTY-I.NFO,25/03/2025,09:15:42,51973.85,51973.85,30,51979.95,30,930,2114370
BANKNIFTY-I.NFO,25/03/2025,09:15:44,51973.85,51973.85,30,51979.95,30,120,2124750
BANKNIFTY-I.NFO,25/03/2025,09:15:45,51978.3,51975.65,60,51980,690,570,2124750
BANKNIFTY-I.NFO,25/03/2025,09:15:47,51980,51976.85,60,51980,90,1200,2124750
BANKNIFTY-I.NFO,25/03/2025,09:15:49,51979.25,51973.2,30,51979.25,60,510,2124750
BANKNIFTY-I.NFO,25/03/2025,09:15:50,51974.1,51974.1,30,51985.35,90,240,2124750
BANKNIFTY-I.NFO,25/03/2025,09:15:52,51975,51975,270,51985.35,90,390,2124750
BANKNIFTY-I.NFO,25/03/2025,09:15:54,51975.05,51975.05,30,51982,90,300,2124750
BANKNIFTY-I.NFO,25/03/2025,09:15:55,51975.05,51975,90,51981.5,90,300,2124750
BANKNIFTY-I.NFO,25/03/2025,09:15:57,51961.6,51961.75,30,51970.9,90,390,2124750
BANKNIFTY-I.NFO,25/03/2025,09:15:58,51971.45,51961.1,30,51970.5,90,180,2124750
BANKNIFTY-I.NFO,25/03/2025,09:16:00,51961.05,51961,30,51969.65,90,300,2124750
BANKNIFTY-I.NFO,25/03/2025,09:16:02,51981.35,51977.75,30,51983,30,1290,2124750
BANKNIFTY-I.NFO,25/03/2025,09:16:03,51985.3,51979.55,30,51985.35,90,750,2124750
BANKNIFTY-I.NFO,25/03/2025,09:16:05,51976.05,51976,90,51981.95,30,600,2124750
BANKNIFTY-I.NFO,25/03/2025,09:16:07,51970,51965.95,30,51975,90,540,2124750
BANKNIFTY-I.NFO,25/03/2025,09:16:08,51969.95,51965.95,30,51970,30,150,2124750
BANKNIFTY-I.NFO,25/03/2025,09:16:10,51971.85,51967.5,30,51974.9,90,300,2124750
BANKNIFTY-I.NFO,25/03/2025,09:16:11,51968.55,51962.6,30,51968.55,90,120,2124750
BANKNIFTY-I.NFO,25/03/2025,09:16:13,51967.75,51963.75,30,51967.75,90,180,2124750
BANKNIFTY-I.NFO,25/03/2025,09:16:15,51954.9,51954.95,90,51966.4,90,1800,2124750
BANKNIFTY-I.NFO,25/03/2025,09:16:16,51953.65,51959.15,30,51966.35,90,1260,2124750
BANKNIFTY-I.NFO,25/03/2025,09:16:18,51966.35,51961.6,30,51966.35,30,300,2124750
BANKNIFTY-I.NFO,25/03/2025,09:16:20,51960.5,51967.2,30,51969.35,30,1110,2124750
BANKNIFTY-I.NFO,25/03/2025,09:16:21,51961.6,51958.95,30,51968.6,90,180,2124750
BANKNIFTY-I.NFO,25/03/2025,09:16:23,51950,51948,30,51950,510,570,2124750
BANKNIFTY-I.NFO,25/03/2025,09:16:25,51950,51945,30,51950,90,600,2124750
BANKNIFTY-I.NFO,25/03/2025,09:16:26,51950.85,51951.85,150,51959.1,90,420,2124750
BANKNIFTY-I.NFO,25/03/2025,09:16:28,51953.95,51955.6,30,51959.1,30,150,2124750
BANKNIFTY-I.NFO,25/03/2025,09:16:29,51966.3,51960,30,51966,120,1080,2124750
BANKNIFTY-I.NFO,25/03/2025,09:16:31,51950,51954.35,30,51961.4,90,900,2124750
BANKNIFTY-I.NFO,25/03/2025,09:16:33,51959.15,51959.15,90,51961.3,30,90,2124750
BANKNIFTY-I.NFO,25/03/2025,09:16:34,51953.95,51954.15,30,51959.5,90,1080,2124750
BANKNIFTY-I.NFO,25/03/2025,09:16:36,51950,51949.4,150,51950,840,1080,2124750
BANKNIFTY-I.NFO,25/03/2025,09:16:38,51954.75,51954.7,30,51958.9,90,2340,2124750
BANKNIFTY-I.NFO,25/03/2025,09:16:39,51954.8,51955,30,51958.85,120,120,2124750
BANKNIFTY-I.NFO,25/03/2025,09:16:41,51958.8,51952.05,30,51958.8,150,60,2124750
BANKNIFTY-I.NFO,25/03/2025,09:16:43,51950.4,51949.9,30,51958.75,90,1230,2124750
BANKNIFTY-I.NFO,25/03/2025,09:16:44,51955.75,51954.6,30,51958.65,30,300,2124750
BANKNIFTY-I.NFO,25/03/2025,09:16:46,51950,51948.95,30,51950,210,990,2124750
BANKNIFTY-I.NFO,25/03/2025,09:16:47,51950,51945.9,30,51950,3450,660,2124750
BANKNIFTY-I.NFO,25/03/2025,09:16:49,51945.8,51945,30,51949.9,150,60,2124750
BANKNIFTY-I.NFO,25/03/2025,09:16:51,51932.4,51932.4,30,51939.95,120,1230,2124750
BANKNIFTY-I.NFO,25/03/2025,09:16:52,51929.5,51925,60,51936.05,60,780,2124750
BANKNIFTY-I.NFO,25/03/2025,09:16:54,51915.75,51915.75,1230,51925.2,120,750,2124750
BANKNIFTY-I.NFO,25/03/2025,09:16:56,51923.25,51915.75,1170,51923.25,60,120,2124750
BANKNIFTY-I.NFO,25/03/2025,09:16:58,51901.35,51901.15,120,51907.55,60,1620,2124750
BANKNIFTY-I.NFO,25/03/2025,09:16:59,51880,51878.6,30,51887.95,30,1350,2124750
BANKNIFTY-I.NFO,25/03/2025,09:17:01,51887.85,51875,60,51882.9,90,210,2124750
BANKNIFTY-I.NFO,25/03/2025,09:17:02,51870,51877.95,300,51882.75,60,960,2124750
BANKNIFTY-I.NFO,25/03/2025,09:17:04,51870.65,51871.15,150,51882.65,60,540,2124750
BANKNIFTY-I.NFO,25/03/2025,09:17:06,51876.3,51876.7,30,51882.6,60,1140,2124750
BANKNIFTY-I.NFO,25/03/2025,09:17:07,51882.65,51880.35,30,51882.5,30,210,2124750
BANKNIFTY-I.NFO,25/03/2025,09:17:09,51882.5,51871.45,90,51882.5,30,630,2124750
BANKNIFTY-I.NFO,25/03/2025,09:17:11,51875.65,51876.5,30,51882.55,30,300,2124750
BANKNIFTY-I.NFO,25/03/2025,09:17:12,51885.3,51883.45,150,51890,90,210,2124750
BANKNIFTY-I.NFO,25/03/2025,09:17:14,51879.5,51876.3,30,51886.1,60,360,2124750
BANKNIFTY-I.NFO,25/03/2025,09:17:16,51877.95,51882.5,60,51885.7,60,90,2124750
BANKNIFTY-I.NFO,25/03/2025,09:17:17,51875.05,51879.35,210,51885.6,60,240,2124750
BANKNIFTY-I.NFO,25/03/2025,09:17:19,51879.9,51879.85,270,51884.85,60,60,2124750
BANKNIFTY-I.NFO,25/03/2025,09:17:20,51877.6,51872,90,51876.1,120,780,2124750
BANKNIFTY-I.NFO,25/03/2025,09:17:22,51870.7,51870,1350,51874.1,30,120,2124750
BANKNIFTY-I.NFO,25/03/2025,09:17:24,51874.1,51870,630,51874.1,330,900,2124750
BANKNIFTY-I.NFO,25/03/2025,09:17:25,51880,51874.1,210,51880,330,750,2124750
BANKNIFTY-I.NFO,25/03/2025,09:17:27,51880,51876.15,30,51880,270,150,2124750
BANKNIFTY-I.NFO,25/03/2025,09:17:29,51880,51877.15,240,51880,270,180,2124750
BANKNIFTY-I.NFO,25/03/2025,09:17:30,51876.95,51876.1,30,51880,180,150,2124750
BANKNIFTY-I.NFO,25/03/2025,09:17:32,51875.05,51872.6,60,51874.1,90,60,2124750
BANKNIFTY-I.NFO,25/03/2025,09:17:34,51872.6,51872.6,30,51874.1,150,30,2124750
BANKNIFTY-I.NFO,25/03/2025,09:17:35,51882.6,51882.35,60,51890,30,570,2124750
BANKNIFTY-I.NFO,25/03/2025,09:17:37,51883.1,51882.9,30,51885,30,90,2124750
BANKNIFTY-I.NFO,25/03/2025,09:17:39,51885,51882.85,30,51885,120,360,2124750
BANKNIFTY-I.NFO,25/03/2025,09:17:40,51882.7,51882.05,30,51885,240,660,2124750
BANKNIFTY-I.NFO,25/03/2025,09:17:42,51885,51884.45,30,51884.95,60,120,2124750
BANKNIFTY-I.NFO,25/03/2025,09:17:44,51884.95,51880.7,30,51884.9,60,360,2124750
BANKNIFTY-I.NFO,25/03/2025,09:17:45,51884.9,51880.3,30,51884.9,30,300,2124750
BANKNIFTY-I.NFO,25/03/2025,09:17:47,51884.4,51880,30,51884.9,30,60,2124750
BANKNIFTY-I.NFO,25/03/2025,09:17:48,51880,51877,30,51884.9,30,30,2124750
BANKNIFTY-I.NFO,25/03/2025,09:17:50,51877.3,51877,30,51880,30,90,2124750
BANKNIFTY-I.NFO,25/03/2025,09:17:52,51880,51877,30,51880,150,30,2124750
BANKNIFTY-I.NFO,25/03/2025,09:17:53,51877,51875.05,30,51879.8,60,120,2124750
BANKNIFTY-I.NFO,25/03/2025,09:17:55,51878.2,51866.05,30,51878.9,30,3000,2124750
BANKNIFTY-I.NFO,25/03/2025,09:17:57,51877,51867,270,51877.55,30,180,2124750
BANKNIFTY-I.NFO,25/03/2025,09:17:58,51870,51866,90,51873,60,90,2124750
BANKNIFTY-I.NFO,25/03/2025,09:18:00,51872.4,51866,30,51873,300,120,2124750
BANKNIFTY-I.NFO,25/03/2025,09:18:00,51866,51866,30,51873,300,0,2124750
BANKNIFTY-I.NFO,25/03/2025,09:18:02,51862.4,51860.3,30,51871.4,150,240,2124750
BANKNIFTY-I.NFO,25/03/2025,09:18:02,51862.4,51860.3,30,51871.4,150,0,2124750
BANKNIFTY-I.NFO,25/03/2025,09:18:03,51853.7,51856.05,30,51866,60,3480,2124750
BANKNIFTY-I.NFO,25/03/2025,09:18:03,51842.9,51856.05,30,51866,60,0,2124750
BANKNIFTY-I.NFO,25/03/2025,09:18:05,51860,51855,30,51860,60,1860,2124750
BANKNIFTY-I.NFO,25/03/2025,09:18:07,51860,51851.4,30,51860,360,1950,2124750
BANKNIFTY-I.NFO,25/03/2025,09:18:08,51849.15,51850.55,30,51859.95,120,330,2124750
BANKNIFTY-I.NFO,25/03/2025,09:18:10,51855,51853.9,30,51857.4,60,30,2124750
BANKNIFTY-I.NFO,25/03/2025,09:18:11,51860.7,51860.7,30,51871.75,30,1080,2124750
BANKNIFTY-I.NFO,25/03/2025,09:18:13,51861.75,51862.4,30,51871.7,30,1200,2124750
BANKNIFTY-I.NFO,25/03/2025,09:18:15,51861.75,51857.4,30,51861.5,60,0,2124750
BANKNIFTY-I.NFO,25/03/2025,09:18:16,51857.4,51858.75,30,51861.4,30,30,2124750
BANKNIFTY-I.NFO,25/03/2025,09:18:18,51858.7,51858.55,150,51870,30,750,2124750
BANKNIFTY-I.NFO,25/03/2025,09:18:20,51870,51861.5,60,51870,30,150,2124750
BANKNIFTY-I.NFO,25/03/2025,09:18:21,51863,51864.4,30,51870,30,120,2124750
BANKNIFTY-I.NFO,25/03/2025,09:18:23,51869.95,51866.2,30,51879.95,30,150,2124750
BANKNIFTY-I.NFO,25/03/2025,09:18:25,51880,51873.15,30,51885,30,150,2124750
BANKNIFTY-I.NFO,25/03/2025,09:18:26,51885,51883.5,60,51885,60,120,2124750
BANKNIFTY-I.NFO,25/03/2025,09:18:28,51885,51885.3,30,51891.35,30,270,2124750
BANKNIFTY-I.NFO,25/03/2025,09:18:29,51883.1,51879.15,30,51885.9,30,90,2124750
BANKNIFTY-I.NFO,25/03/2025,09:18:31,51876.65,51875.1,30,51884.4,60,420,2124750
BANKNIFTY-I.NFO,25/03/2025,09:18:33,51884.35,51875.1,30,51884.35,90,60,2124750
BANKNIFTY-I.NFO,25/03/2025,09:18:34,51884.35,51875.1,30,51884.35,150,210,2124750
BANKNIFTY-I.NFO,25/03/2025,09:18:36,51876.35,51880,60,51884.35,150,60,2124750
BANKNIFTY-I.NFO,25/03/2025,09:18:38,51895.55,51879.45,30,51884.35,120,420,2124750
BANKNIFTY-I.NFO,25/03/2025,09:18:39,51884.35,51877.4,30,51884.3,60,120,2124750
BANKNIFTY-I.NFO,25/03/2025,09:18:41,51884.3,51883.55,30,51884.3,90,30,2124750
BANKNIFTY-I.NFO,25/03/2025,09:18:43,51885,51882.25,60,51884.3,30,210,2124750
BANKNIFTY-I.NFO,25/03/2025,09:18:44,51884.3,51880.7,30,51891.95,90,30,2135310
BANKNIFTY-I.NFO,25/03/2025,09:18:46,51880,51880,30,51890.4,90,30,2135310
BANKNIFTY-I.NFO,25/03/2025,09:18:47,51882.05,51884.6,30,51890.35,30,30,2135310
BANKNIFTY-I.NFO,25/03/2025,09:18:49,51882.05,51885,30,51890.25,30,0,2135310
BANKNIFTY-I.NFO,25/03/2025,09:18:51,51890.2,51884.05,30,51890.25,180,90,2135310
BANKNIFTY-I.NFO,25/03/2025,09:18:52,51890.2,51880,30,51886,30,0,2135310
BANKNIFTY-I.NFO,25/03/2025,09:18:54,51880,51875.1,30,51884.55,90,30,2135310
BANKNIFTY-I.NFO,25/03/2025,09:18:56,51884.55,51870,60,51884.45,90,150,2135310
BANKNIFTY-I.NFO,25/03/2025,09:18:57,51880,51870,60,51882.3,60,90,2135310
BANKNIFTY-I.NFO,25/03/2025,09:18:59,51870,51870,30,51877.15,150,30,2135310
BANKNIFTY-I.NFO,25/03/2025,09:19:01,51862.35,51853,30,51861.5,60,480,2135310
BANKNIFTY-I.NFO,25/03/2025,09:19:02,51846.1,51843,30,51853.35,300,690,2135310
BANKNIFTY-I.NFO,25/03/2025,09:19:04,51843,51842.9,90,51847.8,180,60,2135310
BANKNIFTY-I.NFO,25/03/2025,09:19:06,51842.9,51842.9,30,51843,90,390,2135310
BANKNIFTY-I.NFO,25/03/2025,09:19:07,51837,51837.6,30,51842.9,90,270,2135310
BANKNIFTY-I.NFO,25/03/2025,09:19:07,51837,51837.6,30,51842.9,90,0,2135310
BANKNIFTY-I.NFO,25/03/2025,09:19:09,51846.1,51846.1,630,51847.9,30,570,2135310
BANKNIFTY-I.NFO,25/03/2025,09:19:11,51841.65,51840.5,30,51847.9,120,720,2135310
BANKNIFTY-I.NFO,25/03/2025,09:19:13,51837,51837,30,51844.2,90,120,2135310
BANKNIFTY-I.NFO,25/03/2025,09:19:14,51835,51831,30,51840.85,120,150,2135310
BANKNIFTY-I.NFO,25/03/2025,09:19:14,51835,51831,30,51840.85,120,0,2135310
BANKNIFTY-I.NFO,25/03/2025,09:19:16,51835.9,51831,30,51835,30,120,2135310
BANKNIFTY-I.NFO,25/03/2025,09:19:18,51824.95,51820,210,51825,120,360,2135310
BANKNIFTY-I.NFO,25/03/2025,09:19:18,51820,51820,210,51825,120,0,2135310
BANKNIFTY-I.NFO,25/03/2025,09:19:19,51826.8,51826.55,60,51834.95,90,390,2135310
BANKNIFTY-I.NFO,25/03/2025,09:19:21,51825.75,51824.55,30,51834.85,90,120,2135310
BANKNIFTY-I.NFO,25/03/2025,09:19:22,51820,51820,150,51827.45,60,150,2135310
BANKNIFTY-I.NFO,25/03/2025,09:19:24,51827.45,51820,90,51827.45,240,120,2135310
BANKNIFTY-I.NFO,25/03/2025,09:19:26,51820,51811.1,30,51824,90,90,2135310
BANKNIFTY-I.NFO,25/03/2025,09:19:27,51808.65,51808.55,30,51820,240,300,2135310
BANKNIFTY-I.NFO,25/03/2025,09:19:27,51806.45,51808.55,30,51820,240,0,2135310
BANKNIFTY-I.NFO,25/03/2025,09:19:29,51809.55,51809.9,30,51819.9,150,210,2135310
BANKNIFTY-I.NFO,25/03/2025,09:19:31,51806.55,51815.1,30,51819.7,30,150,2135310
BANKNIFTY-I.NFO,25/03/2025,09:19:32,51811,51806,30,51811,30,90,2135310
BANKNIFTY-I.NFO,25/03/2025,09:19:34,51806,51802,30,51805,570,60,2135310
BANKNIFTY-I.NFO,25/03/2025,09:19:34,51806,51802,30,51805,570,0,2135310
BANKNIFTY-I.NFO,25/03/2025,09:19:36,51812,51807.15,30,51820,210,1500,2135310
BANKNIFTY-I.NFO,25/03/2025,09:19:36,51801,51807.15,30,51820,210,0,2135310
BANKNIFTY-I.NFO,25/03/2025,09:19:37,51814.4,51815.65,30,51820,210,60,2135310
BANKNIFTY-I.NFO,25/03/2025,09:19:39,51811,51812.9,30,51819.95,30,210,2135310
BANKNIFTY-I.NFO,25/03/2025,09:19:41,51819.95,51812.45,30,51820,240,60,2135310
BANKNIFTY-I.NFO,25/03/2025,09:19:42,51819.95,51811,30,51820,330,0,2135310
BANKNIFTY-I.NFO,25/03/2025,09:19:44,51819.95,51811.8,30,51819.95,90,90,2135310
BANKNIFTY-I.NFO,25/03/2025,09:19:46,51819.25,51811,30,51819.9,60,120,2135310
BANKNIFTY-I.NFO,25/03/2025,09:19:47,51819.9,51812.9,90,51819.85,30,90,2135310
BANKNIFTY-I.NFO,25/03/2025,09:19:49,51819.85,51811,30,51816.35,30,30,2135310
BANKNIFTY-I.NFO,25/03/2025,09:19:51,51805,51802.55,30,51811,30,150,2135310
BANKNIFTY-I.NFO,25/03/2025,09:19:52,51811,51810.1,30,51811,210,330,2135310
BANKNIFTY-I.NFO,25/03/2025,09:19:54,51808.6,51811.65,30,51819.4,180,480,2135310
BANKNIFTY-I.NFO,25/03/2025,09:19:56,51811.85,51817.9,30,51819.4,180,30,2135310
BANKNIFTY-I.NFO,25/03/2025,09:19:57,51819.35,51819.7,30,51820,90,210,2135310
BANKNIFTY-I.NFO,25/03/2025,09:19:59,51819.35,51819.35,30,51819.8,90,0,2135310
BANKNIFTY-I.NFO,25/03/2025,09:20:01,51819.8,51811,30,51820,60,120,2135310
BANKNIFTY-I.NFO,25/03/2025,09:20:02,51819.95,51812.85,30,51815.45,60,240,2135310
BANKNIFTY-I.NFO,25/03/2025,09:20:04,51816.4,51810.85,30,51827.7,30,210,2135310
BANKNIFTY-I.NFO,25/03/2025,09:20:06,51833.2,51817.1,30,51834.05,60,1020,2135310
BANKNIFTY-I.NFO,25/03/2025,09:20:07,51828.8,51814.1,30,51830.4,60,90,2135310
BANKNIFTY-I.NFO,25/03/2025,09:20:09,51835,51829.75,30,51835,120,270,2135310
BANKNIFTY-I.NFO,25/03/2025,09:20:11,51836,51831.6,30,51848.05,60,150,2135310
BANKNIFTY-I.NFO,25/03/2025,09:20:12,51840.55,51841.45,30,51848.05,30,90,2135310
BANKNIFTY-I.NFO,25/03/2025,09:20:14,51860,51843.35,30,51848,60,1080,2135310
BANKNIFTY-I.NFO,25/03/2025,09:20:16,51847.95,51836.55,30,51845.65,60,30,2135310
BANKNIFTY-I.NFO,25/03/2025,09:20:17,51845.65,51835.3,30,51841.05,30,60,2135310
BANKNIFTY-I.NFO,25/03/2025,09:20:19,51841.05,51830,30,51833.2,30,30,2135310
BANKNIFTY-I.NFO,25/03/2025,09:20:21,51831.8,51830.75,60,51847.75,30,750,2135310
BANKNIFTY-I.NFO,25/03/2025,09:20:22,51834.15,51835.6,30,51847.75,90,60,2135310
BANKNIFTY-I.NFO,25/03/2025,09:20:24,51847.75,51832.85,300,51847.5,90,300,2135310
BANKNIFTY-I.NFO,25/03/2025,09:20:25,51840.15,51841.05,840,51845,90,120,2135310
BANKNIFTY-I.NFO,25/03/2025,09:20:27,51841.05,51841,30,51843,30,1050,2135310
BANKNIFTY-I.NFO,25/03/2025,09:20:29,51835,51834.35,30,51841,30,60,2135310
BANKNIFTY-I.NFO,25/03/2025,09:20:30,51841,51838.6,30,51841,90,420,2135310
BANKNIFTY-I.NFO,25/03/2025,09:20:32,51829.65,51828.9,30,51845.05,30,930,2135310
BANKNIFTY-I.NFO,25/03/2025,09:20:34,51829.65,51828,60,51836.95,30,0,2135310
BANKNIFTY-I.NFO,25/03/2025,09:20:35,51849.95,51837.2,30,51849.5,90,300,2135310
BANKNIFTY-I.NFO,25/03/2025,09:20:37,51835,51838.45,30,51843.3,60,30,2135310
BANKNIFTY-I.NFO,25/03/2025,09:20:39,51840,51830.75,30,51838.4,30,240,2135310
BANKNIFTY-I.NFO,25/03/2025,09:20:40,51831.55,51831.65,30,51837.95,30,300,2135310
BANKNIFTY-I.NFO,25/03/2025,09:20:42,51835,51832.35,30,51837.9,60,150,2135310
BANKNIFTY-I.NFO,25/03/2025,09:20:44,51835,51832.65,30,51835.1,30,150,2135310
BANKNIFTY-I.NFO,25/03/2025,09:20:45,51835.2,51838.05,30,51849.95,90,780,2135310
BANKNIFTY-I.NFO,25/03/2025,09:20:47,51835.2,51837.9,30,51843.95,90,0,2135310
BANKNIFTY-I.NFO,25/03/2025,09:20:49,51843.9,51840.9,30,51843.9,90,120,2135310
BANKNIFTY-I.NFO,25/03/2025,09:20:50,51843.9,51839.9,30,51843.9,60,330,2135310
BANKNIFTY-I.NFO,25/03/2025,09:20:52,51839.9,51837.15,30,51841.85,30,30,2135310
BANKNIFTY-I.NFO,25/03/2025,09:20:54,51837.45,51835,30,51837.1,30,30,2135310
BANKNIFTY-I.NFO,25/03/2025,09:20:55,51837.1,51829,330,51837.1,150,120,2135310
BANKNIFTY-I.NFO,25/03/2025,09:20:57,51837.1,51830,30,51837.1,120,1140,2135310
BANKNIFTY-I.NFO,25/03/2025,09:21:00,51827.85,51823.3,30,51831.75,30,510,2135310
BANKNIFTY-I.NFO,25/03/2025,09:21:02,51823.65,51825.65,30,51831.7,30,240,2135310
BANKNIFTY-I.NFO,25/03/2025,09:21:04,51820,51816.4,30,51825.15,30,90,2135310
BANKNIFTY-I.NFO,25/03/2025,09:21:05,51811.35,51810,60,51816.4,30,90,2135310
BANKNIFTY-I.NFO,25/03/2025,09:21:07,51809.95,51807.9,30,51816.4,210,150,2135310
BANKNIFTY-I.NFO,25/03/2025,09:21:09,51816,51805.8,300,51812.1,30,60,2135310
BANKNIFTY-I.NFO,25/03/2025,09:21:10,51805,51802.55,60,51805.3,30,360,2135310
BANKNIFTY-I.NFO,25/03/2025,09:21:12,51805,51800.5,300,51805.3,240,450,2135310
BANKNIFTY-I.NFO,25/03/2025,09:21:12,51800.65,51800.5,300,51805.3,240,0,2135310
BANKNIFTY-I.NFO,25/03/2025,09:21:14,51800.45,51796.3,30,51802.85,60,2400,2135310
BANKNIFTY-I.NFO,25/03/2025,09:21:14,51791.75,51796.3,30,51802.85,60,0,2135310
BANKNIFTY-I.NFO,25/03/2025,09:21:15,51797.05,51796.45,30,51800,90,60,2135310
BANKNIFTY-I.NFO,25/03/2025,09:21:17,51793.4,51792.8,30,51798.2,30,1620,2135310
BANKNIFTY-I.NFO,25/03/2025,09:21:19,51795.45,51794.4,30,51798.2,30,1110,2135310
BANKNIFTY-I.NFO,25/03/2025,09:21:20,51794.35,51793.35,30,51796.25,30,30,2135310
BANKNIFTY-I.NFO,25/03/2025,09:21:22,51796.2,51795.35,30,51810,90,570,2135310
BANKNIFTY-I.NFO,25/03/2025,09:21:24,51790,51789.5,30,51799.95,60,240,2135310
BANKNIFTY-I.NFO,25/03/2025,09:21:24,51790,51789.5,30,51799.95,60,0,2135310
BANKNIFTY-I.NFO,25/03/2025,09:21:26,51794.35,51794.45,30,51799.95,60,150,2135310
BANKNIFTY-I.NFO,25/03/2025,09:21:26,51789.5,51794.45,30,51799.95,60,0,2135310
BANKNIFTY-I.NFO,25/03/2025,09:21:27,51794.3,51791.1,270,51797.15,60,690,2135310
BANKNIFTY-I.NFO,25/03/2025,09:21:29,51791,51789.15,30,51791,90,540,2135310
BANKNIFTY-I.NFO,25/03/2025,09:21:31,51787.1,51781,30,51787.05,30,60,2135310
BANKNIFTY-I.NFO,25/03/2025,09:21:31,51787.1,51781,30,51787.05,30,0,2135310
BANKNIFTY-I.NFO,25/03/2025,09:21:32,51780,51780,90,51781,30,120,2135310
BANKNIFTY-I.NFO,25/03/2025,09:21:32,51780,51780,90,51781,30,0,2135310
BANKNIFTY-I.NFO,25/03/2025,09:21:34,51779.95,51771.15,30,51779.95,30,480,2135310
BANKNIFTY-I.NFO,25/03/2025,09:21:34,51772.55,51771.15,30,51779.95,30,0,2135310
BANKNIFTY-I.NFO,25/03/2025,09:21:36,51779.95,51776.95,30,51779.95,30,270,2135310
BANKNIFTY-I.NFO,25/03/2025,09:21:36,51770.85,51776.95,30,51779.95,30,0,2135310
BANKNIFTY-I.NFO,25/03/2025,09:21:37,51780.95,51782.5,30,51791,30,300,2135310
BANKNIFTY-I.NFO,25/03/2025,09:21:39,51778.4,51776.9,30,51788.4,30,90,2135310
BANKNIFTY-I.NFO,25/03/2025,09:21:41,51791,51787.65,30,51793.45,150,240,2135310
BANKNIFTY-I.NFO,25/03/2025,09:21:42,51793.45,51790.8,30,51793.45,30,330,2135310
BANKNIFTY-I.NFO,25/03/2025,09:21:44,51799.95,51799.95,30,51810.95,30,750,2135310
BANKNIFTY-I.NFO,25/03/2025,09:21:46,51811,51812.1,30,51824.95,30,480,2139450
BANKNIFTY-I.NFO,25/03/2025,09:21:47,51815,51811.85,30,51818.5,30,180,2139450
BANKNIFTY-I.NFO,25/03/2025,09:21:49,51810.75,51806.3,30,51818.5,60,90,2139450
BANKNIFTY-I.NFO,25/03/2025,09:21:51,51804.35,51801,60,51810.6,30,60,2139450
BANKNIFTY-I.NFO,25/03/2025,09:21:52,51805.75,51803.65,30,51810.6,90,60,2139450
BANKNIFTY-I.NFO,25/03/2025,09:21:54,51822,51806.55,30,51810.55,30,660,2139450
BANKNIFTY-I.NFO,25/03/2025,09:21:56,51806.5,51803.4,30,51809.95,30,390,2139450
BANKNIFTY-I.NFO,25/03/2025,09:21:57,51798.4,51796.85,30,51803.35,30,120,2139450
BANKNIFTY-I.NFO,25/03/2025,09:21:59,51790,51785.55,30,51799.6,60,120,2139450
BANKNIFTY-I.NFO,25/03/2025,09:22:01,51785.55,51782,30,51794.65,90,30,2139450
BANKNIFTY-I.NFO,25/03/2025,09:22:02,51800.2,51781.45,30,51794.45,30,930,2139450
BANKNIFTY-I.NFO,25/03/2025,09:22:04,51783.2,51781.75,60,51793.5,150,60,2139450
BANKNIFTY-I.NFO,25/03/2025,09:22:06,51781.95,51777.45,30,51782.65,30,300,2139450
BANKNIFTY-I.NFO,25/03/2025,09:22:07,51765.25,51763,60,51773.9,30,300,2139450
BANKNIFTY-I.NFO,25/03/2025,09:22:07,51765.25,51763,60,51773.9,30,0,2139450
BANKNIFTY-I.NFO,25/03/2025,09:22:09,51765.25,51763.15,30,51773.75,90,180,2139450
BANKNIFTY-I.NFO,25/03/2025,09:22:09,51763,51763.15,30,51773.75,90,0,2139450
BANKNIFTY-I.NFO,25/03/2025,09:22:11,51761.95,51761,60,51762.2,30,60,2139450
BANKNIFTY-I.NFO,25/03/2025,09:22:11,51761.95,51761,60,51762.2,30,0,2139450
BANKNIFTY-I.NFO,25/03/2025,09:22:12,51761,51760.3,300,51762.15,30,150,2139450
BANKNIFTY-I.NFO,25/03/2025,09:22:12,51761,51760.3,300,51762.15,30,0,2139450
BANKNIFTY-I.NFO,25/03/2025,09:22:14,51760.1,51760.1,180,51760.3,30,360,2139450
BANKNIFTY-I.NFO,25/03/2025,09:22:14,51760.1,51760.1,180,51760.3,30,0,2139450
BANKNIFTY-I.NFO,25/03/2025,09:22:16,51760.1,51760.1,120,51760.3,600,90,2139450
BANKNIFTY-I.NFO,25/03/2025,09:22:17,51760.3,51760.1,30,51760.3,150,720,2139450
BANKNIFTY-I.NFO,25/03/2025,09:22:19,51762.75,51763.65,30,51771.95,30,450,2139450
BANKNIFTY-I.NFO,25/03/2025,09:22:21,51767.6,51774.5,90,51779.95,30,210,2139450
BANKNIFTY-I.NFO,25/03/2025,09:22:22,51780,51777.75,30,51781.75,30,300,2139450
BANKNIFTY-I.NFO,25/03/2025,09:22:24,51781.75,51779.05,30,51781.7,150,30,2139450
BANKNIFTY-I.NFO,25/03/2025,09:22:26,51773.3,51767.6,30,51779.5,120,480,2139450
BANKNIFTY-I.NFO,25/03/2025,09:22:27,51772,51772.7,60,51777.4,30,330,2139450
BANKNIFTY-I.NFO,25/03/2025,09:22:29,51779.95,51779.7,30,51789.2,30,750,2139450
BANKNIFTY-I.NFO,25/03/2025,09:22:31,51786,51785.9,60,51788.9,30,60,2139450
BANKNIFTY-I.NFO,25/03/2025,09:22:32,51791.65,51791.65,30,51799.95,30,240,2139450
BANKNIFTY-I.NFO,25/03/2025,09:22:34,51800,51797.3,30,51799.95,30,60,2139450
BANKNIFTY-I.NFO,25/03/2025,09:22:36,51799.95,51797.3,30,51799.9,30,30,2139450
BANKNIFTY-I.NFO,25/03/2025,09:22:37,51789.85,51781.1,90,51795.05,60,330,2139450
BANKNIFTY-I.NFO,25/03/2025,09:22:39,51793.05,51781,30,51790.9,30,90,2139450
BANKNIFTY-I.NFO,25/03/2025,09:22:41,51787.6,51781,30,51785.15,30,30,2139450
BANKNIFTY-I.NFO,25/03/2025,09:22:42,51779.5,51777.4,30,51785.1,30,60,2139450
BANKNIFTY-I.NFO,25/03/2025,09:22:44,51785.1,51785.05,90,51789.85,30,360,2139450
BANKNIFTY-I.NFO,25/03/2025,09:22:46,51779.15,51779.1,30,51783.5,30,300,2139450
BANKNIFTY-I.NFO,25/03/2025,09:22:47,51798.7,51777.15,60,51793.7,60,330,2139450
BANKNIFTY-I.NFO,25/03/2025,09:22:49,51777.5,51788.55,30,51793.6,30,300,2139450
BANKNIFTY-I.NFO,25/03/2025,09:22:51,51793.55,51792.65,30,51798.5,30,210,2139450
BANKNIFTY-I.NFO,25/03/2025,09:22:52,51798.5,51795.35,30,51804.95,30,330,2139450
BANKNIFTY-I.NFO,25/03/2025,09:22:54,51805,51794.3,60,51805,30,120,2139450
BANKNIFTY-I.NFO,25/03/2025,09:22:56,51799.95,51795.75,60,51804.95,30,150,2139450
BANKNIFTY-I.NFO,25/03/2025,09:22:57,51796.85,51797,30,51804.9,30,180,2139450
BANKNIFTY-I.NFO,25/03/2025,09:22:59,51783.3,51782.1,30,51796.2,90,270,2139450
BANKNIFTY-I.NFO,25/03/2025,09:23:01,51784.4,51777.65,30,51792.25,30,150,2139450
BANKNIFTY-I.NFO,25/03/2025,09:23:02,51791.85,51782.9,30,51792.2,30,30,2139450
BANKNIFTY-I.NFO,25/03/2025,09:23:04,51792.25,51787.45,30,51794.95,30,60,2139450
BANKNIFTY-I.NFO,25/03/2025,09:23:06,51786.95,51786.8,30,51794.9,30,180,2139450
BANKNIFTY-I.NFO,25/03/2025,09:23:07,51792.35,51792.45,30,51800.4,30,1530,2139450
BANKNIFTY-I.NFO,25/03/2025,09:23:09,51790.15,51795.7,90,51800.4,30,30,2139450
BANKNIFTY-I.NFO,25/03/2025,09:23:11,51800.35,51792.45,30,51800.35,30,60,2139450
BANKNIFTY-I.NFO,25/03/2025,09:23:12,51790,51785.65,30,51796.3,30,900,2139450
BANKNIFTY-I.NFO,25/03/2025,09:23:14,51790,51793.55,30,51796.25,30,90,2139450
BANKNIFTY-I.NFO,25/03/2025,09:23:16,51793.55,51793.3,30,51794.95,30,60,2139450
BANKNIFTY-I.NFO,25/03/2025,09:23:17,51790,51786,60,51789.9,30,90,2139450
BANKNIFTY-I.NFO,25/03/2025,09:23:19,51780.05,51780,90,51788.45,30,210,2139450
BANKNIFTY-I.NFO,25/03/2025,09:23:21,51777.15,51777.75,30,51779.95,30,810,2139450
BANKNIFTY-I.NFO,25/03/2025,09:23:22,51775,51775,90,51779.85,30,420,2139450
BANKNIFTY-I.NFO,25/03/2025,09:23:24,51773,51767.75,30,51779.45,30,300,2139450
BANKNIFTY-I.NFO,25/03/2025,09:23:26,51779.45,51774.25,60,51779.4,30,180,2139450
BANKNIFTY-I.NFO,25/03/2025,09:23:27,51779.45,51770.65,30,51779.35,30,0,2139450
BANKNIFTY-I.NFO,25/03/2025,09:23:29,51769.05,51767.9,60,51774.75,30,270,2139450
BANKNIFTY-I.NFO,25/03/2025,09:23:31,51769.5,51771.7,30,51774.75,30,240,2139450
BANKNIFTY-I.NFO,25/03/2025,09:23:32,51774.75,51768.2,30,51774.7,30,150,2139450
BANKNIFTY-I.NFO,25/03/2025,09:23:34,51767.65,51767.65,30,51772.75,30,30,2139450
BANKNIFTY-I.NFO,25/03/2025,09:23:36,51763.15,51763.4,30,51770,60,90,2139450
BANKNIFTY-I.NFO,25/03/2025,09:23:37,51769.95,51764.2,30,51769.95,30,30,2139450
BANKNIFTY-I.NFO,25/03/2025,09:23:39,51764.25,51764.2,60,51769.95,270,120,2139450
BANKNIFTY-I.NFO,25/03/2025,09:23:41,51769.8,51767.15,180,51769.8,30,90,2139450
BANKNIFTY-I.NFO,25/03/2025,09:23:42,51769.75,51767.7,30,51769.75,90,90,2139450
BANKNIFTY-I.NFO,25/03/2025,09:23:44,51769.15,51768.9,30,51769.7,120,120,2139450
BANKNIFTY-I.NFO,25/03/2025,09:23:46,51769.15,51765.25,30,51769.65,30,420,2139450
BANKNIFTY-I.NFO,25/03/2025,09:23:47,51769.65,51766.9,30,51769.65,60,60,2139450
BANKNIFTY-I.NFO,25/03/2025,09:23:49,51770,51771.55,30,51774.95,30,1050,2139450
BANKNIFTY-I.NFO,25/03/2025,09:23:51,51768.3,51769.8,30,51774.85,30,90,2139450
BANKNIFTY-I.NFO,25/03/2025,09:23:52,51775,51778.8,30,51789.7,30,1140,2139450
BANKNIFTY-I.NFO,25/03/2025,09:23:54,51789.95,51782.75,30,51789.6,30,60,2139450
BANKNIFTY-I.NFO,25/03/2025,09:23:56,51789.35,51772.6,30,51787.5,60,60,2139450
BANKNIFTY-I.NFO,25/03/2025,09:23:57,51782.4,51770.15,60,51782.15,30,90,2139450
BANKNIFTY-I.NFO,25/03/2025,09:23:59,51782.4,51770.9,30,51782.1,30,0,2139450
BANKNIFTY-I.NFO,25/03/2025,09:24:01,51770,51769.15,900,51776.45,30,900,2139450
BANKNIFTY-I.NFO,25/03/2025,09:24:02,51770,51769,30,51774.75,90,990,2139450
BANKNIFTY-I.NFO,25/03/2025,09:24:04,51770,51760,240,51773.45,30,150,2139450
BANKNIFTY-I.NFO,25/03/2025,09:24:06,51769.95,51760,240,51769.9,60,60,2139450
BANKNIFTY-I.NFO,25/03/2025,09:24:07,51770,51760,240,51767.2,30,120,2139450
BANKNIFTY-I.NFO,25/03/2025,09:24:09,51760,51759,300,51763.1,30,240,2139450
BANKNIFTY-I.NFO,25/03/2025,09:24:09,51760,51759,300,51763.1,30,0,2139450
BANKNIFTY-I.NFO,25/03/2025,09:24:11,51759,51757,600,51762.8,30,300,2139450
BANKNIFTY-I.NFO,25/03/2025,09:24:11,51759,51757,600,51762.8,30,0,2139450
BANKNIFTY-I.NFO,25/03/2025,09:24:12,51753.05,51751,240,51756.65,30,1110,2139450
BANKNIFTY-I.NFO,25/03/2025,09:24:12,51753.05,51751,240,51756.65,30,0,2139450
BANKNIFTY-I.NFO,25/03/2025,09:24:14,51751,51750,390,51755,900,300,2139450
BANKNIFTY-I.NFO,25/03/2025,09:24:14,51751,51750,390,51755,900,0,2139450
BANKNIFTY-I.NFO,25/03/2025,09:24:16,51755,51750,120,51755,1320,330,2139450
BANKNIFTY-I.NFO,25/03/2025,09:24:16,51750,51750,120,51755,1320,0,2139450
BANKNIFTY-I.NFO,25/03/2025,09:24:17,51754.95,51748.2,150,51754.8,30,240,2139450
BANKNIFTY-I.NFO,25/03/2025,09:24:17,51749.35,51748.2,150,51754.8,30,0,2139450
BANKNIFTY-I.NFO,25/03/2025,09:24:19,51750,51748.2,150,51750,870,60,2139450
BANKNIFTY-I.NFO,25/03/2025,09:24:21,51748.2,51747.55,180,51749.95,30,570,2139450
BANKNIFTY-I.NFO,25/03/2025,09:24:21,51748.2,51747.55,180,51749.95,30,0,2139450
BANKNIFTY-I.NFO,25/03/2025,09:24:22,51747.55,51747.55,150,51749.95,360,60,2139450
BANKNIFTY-I.NFO,25/03/2025,09:24:22,51747.55,51747.55,150,51749.95,360,0,2139450
BANKNIFTY-I.NFO,25/03/2025,09:24:24,51747.55,51746.6,30,51749.95,390,180,2139450
BANKNIFTY-I.NFO,25/03/2025,09:24:26,51749.95,51746.3,30,51749.9,30,390,2139450
BANKNIFTY-I.NFO,25/03/2025,09:24:26,51746.3,51746.3,30,51749.9,30,0,2139450
BANKNIFTY-I.NFO,25/03/2025,09:24:27,51749.9,51746.3,30,51749.9,150,30,2139450
BANKNIFTY-I.NFO,25/03/2025,09:24:29,51749.9,51748.4,30,51749.9,30,1260,2139450
BANKNIFTY-I.NFO,25/03/2025,09:24:30,51750,51752.15,150,51754.9,30,1770,2139450
BANKNIFTY-I.NFO,25/03/2025,09:24:32,51762.25,51761.15,30,51769.7,30,1140,2139450
BANKNIFTY-I.NFO,25/03/2025,09:24:34,51760.1,51759.9,30,51769.85,30,150,2139450
BANKNIFTY-I.NFO,25/03/2025,09:24:35,51758.85,51759.7,30,51769.85,90,90,2139450
BANKNIFTY-I.NFO,25/03/2025,09:24:37,51758.85,51762,30,51768,30,0,2139450
BANKNIFTY-I.NFO,25/03/2025,09:24:39,51763,51764.95,30,51767.95,30,30,2139450
BANKNIFTY-I.NFO,25/03/2025,09:24:40,51769.7,51770.25,30,51776,30,330,2139450
BANKNIFTY-I.NFO,25/03/2025,09:24:42,51761.85,51756.85,30,51768.55,30,510,2139450
BANKNIFTY-I.NFO,25/03/2025,09:24:44,51770,51759.9,30,51768.55,30,60,2139450
BANKNIFTY-I.NFO,25/03/2025,09:24:45,51770,51758.05,60,51768.55,90,0,2139450
BANKNIFTY-I.NFO,25/03/2025,09:24:47,51755.8,51754.6,30,51766.4,30,30,2145450
BANKNIFTY-I.NFO,25/03/2025,09:24:49,51763.8,51752,30,51766.25,30,90,2145450
BANKNIFTY-I.NFO,25/03/2025,09:24:50,51761.25,51756,30,51761.25,30,90,2145450
BANKNIFTY-I.NFO,25/03/2025,09:24:52,51756,51750,120,51757.35,30,120,2145450
BANKNIFTY-I.NFO,25/03/2025,09:24:54,51742,51740,30,51752.1,60,330,2145450
BANKNIFTY-I.NFO,25/03/2025,09:24:54,51740,51740,30,51752.1,60,0,2145450
BANKNIFTY-I.NFO,25/03/2025,09:24:55,51750,51740,30,51751.65,60,510,2145450
BANKNIFTY-I.NFO,25/03/2025,09:24:57,51751.65,51740.15,30,51751.65,90,1020,2145450
BANKNIFTY-I.NFO,25/03/2025,09:24:57,51738.45,51740.15,30,51751.65,90,0,2145450
BANKNIFTY-I.NFO,25/03/2025,09:24:59,51740.2,51739.95,30,51751.65,90,450,2145450
BANKNIFTY-I.NFO,25/03/2025,09:25:00,51750,51742,120,51748.85,30,30,2145450
BANKNIFTY-I.NFO,25/03/2025,09:25:02,51748.8,51745.4,30,51748.85,150,210,2145450
BANKNIFTY-I.NFO,25/03/2025,09:25:04,51751.65,51749.4,30,51761.15,30,360,2145450
BANKNIFTY-I.NFO,25/03/2025,09:25:05,51748.75,51748.85,30,51751.6,30,60,2145450
BANKNIFTY-I.NFO,25/03/2025,09:25:07,51749.85,51746.15,30,51748.85,30,90,2145450
BANKNIFTY-I.NFO,25/03/2025,09:25:09,51750.45,51750.2,30,51751.65,30,570,2145450
BANKNIFTY-I.NFO,25/03/2025,09:25:10,51750.45,51748.3,90,51751.65,90,0,2145450
BANKNIFTY-I.NFO,25/03/2025,09:25:12,51750.6,51748.15,60,51751.65,120,60,2145450
BANKNIFTY-I.NFO,25/03/2025,09:25:14,51746.15,51742,30,51751.65,150,60,2145450
BANKNIFTY-I.NFO,25/03/2025,09:25:15,51751.65,51744.9,30,51751.45,30,120,2145450
BANKNIFTY-I.NFO,25/03/2025,09:25:17,51753.5,51753.1,60,51769.25,60,630,2145450
BANKNIFTY-I.NFO,25/03/2025,09:25:19,51755.1,51755.05,30,51769.95,30,210,2145450
BANKNIFTY-I.NFO,25/03/2025,09:25:20,51756.9,51756.95,30,51767.85,30,210,2145450
BANKNIFTY-I.NFO,25/03/2025,09:25:22,51778.95,51776.7,30,51786.4,30,360,2145450
BANKNIFTY-I.NFO,25/03/2025,09:25:24,51778.95,51768.8,60,51780.95,30,0,2145450
BANKNIFTY-I.NFO,25/03/2025,09:25:25,51778.95,51775,60,51780.95,90,0,2145450
BANKNIFTY-I.NFO,25/03/2025,09:25:27,51775,51770.1,60,51780.15,30,60,2145450
BANKNIFTY-I.NFO,25/03/2025,09:25:29,51779.95,51768.05,30,51774.7,510,30,2145450
BANKNIFTY-I.NFO,25/03/2025,09:25:30,51774.7,51768.1,30,51774.65,90,30,2145450
BANKNIFTY-I.NFO,25/03/2025,09:25:32,51770.65,51768.1,30,51770.65,90,30,2145450
BANKNIFTY-I.NFO,25/03/2025,09:25:34,51770.6,51768.1,60,51770,90,30,2145450
BANKNIFTY-I.NFO,25/03/2025,09:25:35,51770,51769,30,51771.6,30,1290,2145450
BANKNIFTY-I.NFO,25/03/2025,09:25:37,51765.1,51764.5,30,51770.6,30,30,2145450
BANKNIFTY-I.NFO,25/03/2025,09:25:39,51764.65,51760.5,30,51768.1,60,30,2145450
BANKNIFTY-I.NFO,25/03/2025,09:25:40,51762.7,51757.3,30,51768.05,60,30,2145450
BANKNIFTY-I.NFO,25/03/2025,09:25:42,51762.7,51752.5,30,51764.1,30,0,2145450
BANKNIFTY-I.NFO,25/03/2025,09:25:44,51762.7,51750,90,51761.5,30,180,2145450
BANKNIFTY-I.NFO,25/03/2025,09:25:46,51750,51750,30,51760,480,30,2145450
BANKNIFTY-I.NFO,25/03/2025,09:25:47,51750,51746.2,60,51758.75,30,30,2145450
BANKNIFTY-I.NFO,25/03/2025,09:25:49,51752,51740,90,51750.25,30,300,2145450
BANKNIFTY-I.NFO,25/03/2025,09:25:51,51750.2,51745,30,51750.2,30,30,2145450
BANKNIFTY-I.NFO,25/03/2025,09:25:52,51740,51740,30,51744.8,30,90,2145450
BANKNIFTY-I.NFO,25/03/2025,09:25:54,51740,51740,30,51744.65,30,0,2145450
BANKNIFTY-I.NFO,25/03/2025,09:25:56,51740,51738.45,90,51744.65,330,30,2145450
BANKNIFTY-I.NFO,25/03/2025,09:25:57,51744.5,51742,30,51744.6,240,30,2145450
BANKNIFTY-I.NFO,25/03/2025,09:25:59,51744.55,51742,30,51744.5,150,60,2145450
BANKNIFTY-I.NFO,25/03/2025,09:26:01,51732.05,51732,30,51738.2,30,600,2145450
BANKNIFTY-I.NFO,25/03/2025,09:26:01,51732.05,51732,30,51738.2,30,0,2145450
BANKNIFTY-I.NFO,25/03/2025,09:26:02,51735.8,51729.6,30,51735.8,30,150,2145450
BANKNIFTY-I.NFO,25/03/2025,09:26:02,51730,51729.6,30,51735.8,30,0,2145450
BANKNIFTY-I.NFO,25/03/2025,09:26:04,51734.75,51725,30,51735.05,60,450,2145450
BANKNIFTY-I.NFO,25/03/2025,09:26:04,51725,51725,30,51735.05,60,0,2145450
BANKNIFTY-I.NFO,25/03/2025,09:26:06,51725,51722,60,51734.9,30,30,2145450
BANKNIFTY-I.NFO,25/03/2025,09:26:07,51722,51723.6,120,51734.9,210,60,2145450
BANKNIFTY-I.NFO,25/03/2025,09:26:07,51722,51723.6,120,51734.9,210,0,2145450
BANKNIFTY-I.NFO,25/03/2025,09:26:09,51722,51721,30,51722,60,60,2145450
BANKNIFTY-I.NFO,25/03/2025,09:26:11,51718,51717.6,30,51721.9,30,150,2145450
BANKNIFTY-I.NFO,25/03/2025,09:26:11,51718,51717.6,30,51721.9,30,0,2145450
BANKNIFTY-I.NFO,25/03/2025,09:26:12,51721.85,51717.8,30,51721.85,90,60,2145450
BANKNIFTY-I.NFO,25/03/2025,09:26:14,51725,51724.85,30,51732.9,30,2250,2145450
BANKNIFTY-I.NFO,25/03/2025,09:26:14,51716.7,51724.85,30,51732.9,30,0,2145450
BANKNIFTY-I.NFO,25/03/2025,09:26:16,51723.6,51722.1,30,51734,90,90,2145450
BANKNIFTY-I.NFO,25/03/2025,09:26:17,51723.6,51719.2,30,51733.85,30,0,2145450
BANKNIFTY-I.NFO,25/03/2025,09:26:19,51718,51712.95,30,51729.75,30,930,2145450
BANKNIFTY-I.NFO,25/03/2025,09:26:21,51722.55,51712.95,60,51724.65,30,570,2145450
BANKNIFTY-I.NFO,25/03/2025,09:26:22,51712.95,51711,60,51724.2,30,240,2145450
BANKNIFTY-I.NFO,25/03/2025,09:26:22,51712.95,51711,60,51724.2,30,0,2145450
BANKNIFTY-I.NFO,25/03/2025,09:26:24,51708,51705,30,51712.95,330,180,2145450
BANKNIFTY-I.NFO,25/03/2025,09:26:24,51708,51705,30,51712.95,330,0,2145450
BANKNIFTY-I.NFO,25/03/2025,09:26:26,51708,51710.45,30,51712.85,60,0,2145450
BANKNIFTY-I.NFO,25/03/2025,09:26:27,51710.2,51705,60,51712.8,60,150,2145450
BANKNIFTY-I.NFO,25/03/2025,09:26:29,51705,51704.6,30,51712.7,60,120,2145450
BANKNIFTY-I.NFO,25/03/2025,09:26:29,51705,51704.6,30,51712.7,60,0,2145450
BANKNIFTY-I.NFO,25/03/2025,09:26:31,51704.6,51703.6,30,51704.6,30,60,2145450
BANKNIFTY-I.NFO,25/03/2025,09:26:31,51704.6,51703.6,30,51704.6,30,0,2145450
BANKNIFTY-I.NFO,25/03/2025,09:26:32,51702,51702,270,51704.6,150,150,2145450
BANKNIFTY-I.NFO,25/03/2025,09:26:32,51702,51702,270,51704.6,150,0,2145450
BANKNIFTY-I.NFO,25/03/2025,09:26:34,51712.95,51704.6,30,51712.95,210,300,2145450
BANKNIFTY-I.NFO,25/03/2025,09:26:36,51724.45,51712.95,30,51721.8,60,630,2145450
BANKNIFTY-I.NFO,25/03/2025,09:26:37,51725,51725,30,51728.95,120,870,2145450
BANKNIFTY-I.NFO,25/03/2025,09:26:39,51723.2,51723.2,30,51728.4,60,450,2145450
BANKNIFTY-I.NFO,25/03/2025,09:26:41,51729.2,51725,60,51729.2,30,360,2145450
BANKNIFTY-I.NFO,25/03/2025,09:26:42,51718,51718,690,51724.15,120,360,2145450
BANKNIFTY-I.NFO,25/03/2025,09:26:44,51710,51704.6,30,51709.95,30,1020,2145450
BANKNIFTY-I.NFO,25/03/2025,09:26:46,51704.6,51704.6,30,51709.95,60,60,2145450
BANKNIFTY-I.NFO,25/03/2025,09:26:47,51709.95,51702,330,51709.95,30,30,2145450
BANKNIFTY-I.NFO,25/03/2025,09:26:49,51704.6,51702,300,51704.35,60,90,2145450
BANKNIFTY-I.NFO,25/03/2025,09:26:51,51702,51702,180,51704.35,60,180,2145450
BANKNIFTY-I.NFO,25/03/2025,09:26:52,51684,51684,30,51695,60,2580,2145450
BANKNIFTY-I.NFO,25/03/2025,09:26:52,51682.3,51684,30,51695,60,0,2145450
BANKNIFTY-I.NFO,25/03/2025,09:26:54,51695,51683.7,90,51699.25,30,330,2145450
BANKNIFTY-I.NFO,25/03/2025,09:26:56,51698.5,51683.75,30,51699.7,30,180,2145450
BANKNIFTY-I.NFO,25/03/2025,09:26:57,51687.55,51684.85,60,51701.85,30,150,2145450
BANKNIFTY-I.NFO,25/03/2025,09:26:59,51687.55,51683.65,30,51695,30,0,2145450
BANKNIFTY-I.NFO,25/03/2025,09:27:00,51678,51673.65,30,51678,30,300,2145450
BANKNIFTY-I.NFO,25/03/2025,09:27:00,51675,51673.65,30,51678,30,0,2145450
BANKNIFTY-I.NFO,25/03/2025,09:27:02,51683.85,51695,30,51700,60,450,2145450
BANKNIFTY-I.NFO,25/03/2025,09:27:02,51672.4,51695,30,51700,60,0,2145450
BANKNIFTY-I.NFO,25/03/2025,09:27:04,51702,51702,60,51704,60,270,2145450
BANKNIFTY-I.NFO,25/03/2025,09:27:05,51690.9,51691.7,60,51709.35,30,330,2145450
BANKNIFTY-I.NFO,25/03/2025,09:27:07,51706.3,51695,30,51706.3,60,120,2145450
BANKNIFTY-I.NFO,25/03/2025,09:27:09,51715.55,51703.7,30,51709.95,30,690,2145450
BANKNIFTY-I.NFO,25/03/2025,09:27:10,51709.95,51709.95,60,51715.15,60,240,2145450
BANKNIFTY-I.NFO,25/03/2025,09:27:12,51697.05,51695,30,51710.6,240,150,2145450
BANKNIFTY-I.NFO,25/03/2025,09:27:14,51707.3,51695,30,51706.45,180,30,2145450
BANKNIFTY-I.NFO,25/03/2025,09:27:15,51697.05,51695,30,51706.4,30,300,2145450
BANKNIFTY-I.NFO,25/03/2025,09:27:17,51706.4,51688.45,30,51700,30,210,2145450
BANKNIFTY-I.NFO,25/03/2025,09:27:19,51695.15,51695.1,30,51700,30,120,2145450
BANKNIFTY-I.NFO,25/03/2025,09:27:20,51691.6,51689.95,30,51699.95,60,210,2145450
BANKNIFTY-I.NFO,25/03/2025,09:27:22,51699.05,51687.55,30,51698.7,30,90,2145450
BANKNIFTY-I.NFO,25/03/2025,09:27:24,51690.55,51690.25,60,51699.9,60,450,2145450
BANKNIFTY-I.NFO,25/03/2025,09:27:25,51699.85,51690.25,60,51698.9,30,240,2145450
BANKNIFTY-I.NFO,25/03/2025,09:27:27,51690.25,51690.25,30,51698.9,60,30,2145450
BANKNIFTY-I.NFO,25/03/2025,09:27:29,51698.9,51691.55,30,51700,150,120,2145450
BANKNIFTY-I.NFO,25/03/2025,09:27:30,51690,51690,30,51698.8,60,600,2145450
BANKNIFTY-I.NFO,25/03/2025,09:27:32,51697.3,51688,30,51697.25,90,120,2145450
BANKNIFTY-I.NFO,25/03/2025,09:27:34,51695.85,51688,30,51698.8,60,30,2145450
BANKNIFTY-I.NFO,25/03/2025,09:27:35,51690,51685,30,51690,60,390,2145450
BANKNIFTY-I.NFO,25/03/2025,09:27:37,51690,51685,30,51688,90,0,2145450
BANKNIFTY-I.NFO,25/03/2025,09:27:39,51685,51683.05,30,51687.95,120,150,2145450
BANKNIFTY-I.NFO,25/03/2025,09:27:40,51687.85,51680,90,51687.8,60,270,2145450
BANKNIFTY-I.NFO,25/03/2025,09:27:42,51689.3,51687.9,30,51690,60,330,2145450
BANKNIFTY-I.NFO,25/03/2025,09:27:44,51688,51680.05,30,51686.9,30,240,2145450
BANKNIFTY-I.NFO,25/03/2025,09:27:45,51680,51671,30,51680,30,90,2145450
BANKNIFTY-I.NFO,25/03/2025,09:27:47,51680.8,51671,30,51681.3,60,270,2147370
BANKNIFTY-I.NFO,25/03/2025,09:27:49,51670,51666,690,51671,30,1080,2147370
BANKNIFTY-I.NFO,25/03/2025,09:27:49,51670,51666,690,51671,30,0,2147370
BANKNIFTY-I.NFO,25/03/2025,09:27:50,51671,51666,660,51674.5,30,180,2147370
BANKNIFTY-I.NFO,25/03/2025,09:27:50,51666,51666,660,51674.5,30,0,2147370
BANKNIFTY-I.NFO,25/03/2025,09:27:52,51671,51671,210,51674.5,90,90,2147370
BANKNIFTY-I.NFO,25/03/2025,09:27:54,51671,51671,120,51685.15,60,570,2147370
BANKNIFTY-I.NFO,25/03/2025,09:27:56,51685.15,51671.05,30,51685.25,90,480,2147370
BANKNIFTY-I.NFO,25/03/2025,09:27:57,51673.75,51673.8,30,51683.85,180,90,2147370
BANKNIFTY-I.NFO,25/03/2025,09:27:59,51699.95,51688.85,30,51700,420,960,2147370
BANKNIFTY-I.NFO,25/03/2025,09:28:00,51700,51692.55,30,51706.25,60,600,2147370
BANKNIFTY-I.NFO,25/03/2025,09:28:02,51700,51700.05,30,51707.15,90,0,2147370
BANKNIFTY-I.NFO,25/03/2025,09:28:04,51707.15,51700.2,30,51709.05,90,180,2147370
BANKNIFTY-I.NFO,25/03/2025,09:28:05,51708.8,51700.8,60,51709.05,120,120,2147370
BANKNIFTY-I.NFO,25/03/2025,09:28:07,51709.95,51708.55,60,51714.95,30,690,2147370
BANKNIFTY-I.NFO,25/03/2025,09:28:09,51714.95,51715,90,51724.95,30,360,2147370
BANKNIFTY-I.NFO,25/03/2025,09:28:10,51716,51716,450,51725,30,210,2147370
BANKNIFTY-I.NFO,25/03/2025,09:28:12,51725,51716,420,51727.25,60,330,2147370
BANKNIFTY-I.NFO,25/03/2025,09:28:14,51724.3,51716.05,30,51724.95,30,90,2147370
BANKNIFTY-I.NFO,25/03/2025,09:28:15,51724.4,51716,390,51723.95,30,1050,2147370
BANKNIFTY-I.NFO,25/03/2025,09:28:17,51716.55,51716.55,60,51723.95,60,150,2147370
BANKNIFTY-I.NFO,25/03/2025,09:28:19,51727,51720,90,51728,300,150,2147370
BANKNIFTY-I.NFO,25/03/2025,09:28:20,51716,51716,300,51721.6,30,150,2147370
BANKNIFTY-I.NFO,25/03/2025,09:28:22,51700.05,51702.3,60,51714.7,30,480,2147370
BANKNIFTY-I.NFO,25/03/2025,09:28:24,51725.4,51712.55,30,51723,30,540,2147370
BANKNIFTY-I.NFO,25/03/2025,09:28:25,51721.85,51700.55,30,51718.05,60,930,2147370
BANKNIFTY-I.NFO,25/03/2025,09:28:27,51718.45,51706.55,30,51711.95,30,330,2147370
BANKNIFTY-I.NFO,25/03/2025,09:28:29,51711.95,51712,30,51725.25,30,510,2147370
BANKNIFTY-I.NFO,25/03/2025,09:28:30,51723.8,51702.85,30,51721.95,60,150,2147370
BANKNIFTY-I.NFO,25/03/2025,09:28:32,51701,51701,30,51712,60,120,2147370
BANKNIFTY-I.NFO,25/03/2025,09:28:34,51701,51705,180,51712,60,540,2147370
BANKNIFTY-I.NFO,25/03/2025,09:28:35,51712,51705,180,51711.95,30,60,2147370
BANKNIFTY-I.NFO,25/03/2025,09:28:37,51712,51705.05,30,51711.95,90,0,2147370
BANKNIFTY-I.NFO,25/03/2025,09:28:39,51712,51705,180,51711.9,90,30,2147370
BANKNIFTY-I.NFO,25/03/2025,09:28:40,51712,51705.05,30,51711.9,120,0,2147370
BANKNIFTY-I.NFO,25/03/2025,09:28:42,51711.9,51705.1,30,51712,30,120,2147370
BANKNIFTY-I.NFO,25/03/2025,09:28:44,51720.9,51723.2,30,51725,30,240,2147370
BANKNIFTY-I.NFO,25/03/2025,09:28:45,51724.95,51723.1,30,51728,270,480,2147370
BANKNIFTY-I.NFO,25/03/2025,09:28:47,51724.95,51711.3,30,51725.9,30,0,2147370
BANKNIFTY-I.NFO,25/03/2025,09:28:49,51725.85,51714.65,30,51725.8,90,150,2147370
BANKNIFTY-I.NFO,25/03/2025,09:28:50,51716.05,51715.05,30,51720.7,120,60,2147370
BANKNIFTY-I.NFO,25/03/2025,09:28:52,51720,51720,120,51720.65,90,60,2147370
BANKNIFTY-I.NFO,25/03/2025,09:28:54,51720.6,51716.75,120,51720.65,90,270,2147370
BANKNIFTY-I.NFO,25/03/2025,09:28:55,51720.6,51718.1,30,51720.65,210,0,2147370
BANKNIFTY-I.NFO,25/03/2025,09:28:57,51726.7,51724.1,30,51727.95,30,810,2147370
BANKNIFTY-I.NFO,25/03/2025,09:28:59,51720,51720.7,150,51727.95,30,60,2147370
BANKNIFTY-I.NFO,25/03/2025,09:29:00,51720.7,51726.8,30,51727.9,60,60,2147370
BANKNIFTY-I.NFO,25/03/2025,09:29:02,51727.9,51720.7,120,51727.85,30,60,2147370
BANKNIFTY-I.NFO,25/03/2025,09:29:04,51727.85,51722.1,30,51727.85,60,60,2147370
BANKNIFTY-I.NFO,25/03/2025,09:29:05,51735.25,51735.25,30,51746.25,30,660,2147370
BANKNIFTY-I.NFO,25/03/2025,09:29:07,51750,51738.7,30,51747.2,30,210,2147370
BANKNIFTY-I.NFO,25/03/2025,09:29:09,51750,51734.1,60,51751.65,90,600,2147370
BANKNIFTY-I.NFO,25/03/2025,09:29:10,51747.2,51735.9,60,51749.7,30,30,2147370
BANKNIFTY-I.NFO,25/03/2025,09:29:12,51750.3,51729.8,30,51745.75,60,90,2147370
BANKNIFTY-I.NFO,25/03/2025,09:29:14,51740.7,51729.35,30,51743.7,120,240,2147370
BANKNIFTY-I.NFO,25/03/2025,09:29:15,51729.8,51729.35,30,51741.75,30,30,2147370
BANKNIFTY-I.NFO,25/03/2025,09:29:17,51729.8,51720.7,120,51730,90,0,2147370
BANKNIFTY-I.NFO,25/03/2025,09:29:19,51730,51720.75,30,51728.25,30,30,2147370
BANKNIFTY-I.NFO,25/03/2025,09:29:20,51720.7,51720.7,30,51727.7,30,120,2147370
BANKNIFTY-I.NFO,25/03/2025,09:29:22,51720.75,51720.7,30,51725.5,120,30,2147370
BANKNIFTY-I.NFO,25/03/2025,09:29:24,51720.7,51720.7,30,51726.55,90,30,2147370
BANKNIFTY-I.NFO,25/03/2025,09:29:25,51720.75,51720.75,30,51722.7,60,60,2147370
BANKNIFTY-I.NFO,25/03/2025,09:29:27,51720.6,51716,30,51720.65,60,90,2147370
BANKNIFTY-I.NFO,25/03/2025,09:29:29,51717.2,51716.1,30,51728.35,30,30,2147370
BANKNIFTY-I.NFO,25/03/2025,09:29:30,51727.15,51716.1,30,51719.25,30,30,2147370
BANKNIFTY-I.NFO,25/03/2025,09:29:32,51727.15,51716.1,30,51716.6,30,0,2147370
BANKNIFTY-I.NFO,25/03/2025,09:29:34,51719.3,51716.65,30,51717.2,30,120,2147370
BANKNIFTY-I.NFO,25/03/2025,09:29:35,51727.15,51729.2,30,51730.5,450,90,2147370
BANKNIFTY-I.NFO,25/03/2025,09:29:37,51736.1,51735.7,30,51739,60,600,2147370
BANKNIFTY-I.NFO,25/03/2025,09:29:39,51749,51736.75,60,51750,90,150,2147370
BANKNIFTY-I.NFO,25/03/2025,09:29:40,51738.05,51736.75,30,51749,30,210,2147370
BANKNIFTY-I.NFO,25/03/2025,09:29:42,51749.95,51742.15,30,51750,60,90,2147370
BANKNIFTY-I.NFO,25/03/2025,09:29:44,51749.85,51741.85,30,51750,90,120,2147370
BANKNIFTY-I.NFO,25/03/2025,09:29:45,51750,51743.35,60,51749.95,30,60,2147370
BANKNIFTY-I.NFO,25/03/2025,09:29:47,51762.75,51755.6,30,51762.75,60,240,2147370
BANKNIFTY-I.NFO,25/03/2025,09:29:49,51762.75,51752.6,30,51762.75,90,60,2147370
BANKNIFTY-I.NFO,25/03/2025,09:29:50,51762.75,51752.55,30,51762.75,90,0,2147370
BANKNIFTY-I.NFO,25/03/2025,09:29:52,51771.8,51752.9,60,51769.75,60,1260,2147370
BANKNIFTY-I.NFO,25/03/2025,09:29:54,51762.75,51762.75,30,51767,60,150,2147370
BANKNIFTY-I.NFO,25/03/2025,09:29:55,51766,51766,150,51770,30,270,2147370
BANKNIFTY-I.NFO,25/03/2025,09:29:57,51771.8,51770.1,60,51773.95,180,270,2147370
BANKNIFTY-I.NFO,25/03/2025,09:29:59,51773.95,51766,90,51773.95,60,300,2147370
BANKNIFTY-I.NFO,25/03/2025,09:30:01,51773.95,51770,60,51773.95,60,90,2147370
BANKNIFTY-I.NFO,25/03/2025,09:30:02,51770,51770,30,51775,540,150,2147370
BANKNIFTY-I.NFO,25/03/2025,09:30:04,51775,51770.1,30,51774.95,30,60,2147370
BANKNIFTY-I.NFO,25/03/2025,09:30:06,51774.95,51773.95,60,51774.95,30,120,2147370
BANKNIFTY-I.NFO,25/03/2025,09:30:07,51776.3,51776.5,30,51777,150,690,2147370
BANKNIFTY-I.NFO,25/03/2025,09:30:09,51795,51790,30,51795,180,840,2147370
BANKNIFTY-I.NFO,25/03/2025,09:30:11,51815,51810,570,51814.95,60,900,2147370
BANKNIFTY-I.NFO,25/03/2025,09:30:12,51810,51810,570,51815.85,30,570,2147370
BANKNIFTY-I.NFO,25/03/2025,09:30:14,51815.3,51810,420,51819.85,30,420,2147370
BANKNIFTY-I.NFO,25/03/2025,09:30:16,51819.8,51810,360,51819.8,30,210,2147370
BANKNIFTY-I.NFO,25/03/2025,09:30:17,51829.6,51813.8,30,51821.55,30,1080,2147370
BANKNIFTY-I.NFO,25/03/2025,09:30:19,51810,51798.25,60,51804.95,30,1320,2147370
BANKNIFTY-I.NFO,25/03/2025,09:30:21,51813.6,51800.1,60,51811.7,30,180,2147370
BANKNIFTY-I.NFO,25/03/2025,09:30:22,51813.35,51802.65,30,51820.6,90,390,2147370
BANKNIFTY-I.NFO,25/03/2025,09:30:24,51803.25,51805.35,60,51819.55,30,90,2147370
BANKNIFTY-I.NFO,25/03/2025,09:30:26,51809.15,51807.5,30,51821.4,30,60,2147370
BANKNIFTY-I.NFO,25/03/2025,09:30:27,51809.6,51808.3,30,51821.4,30,420,2147370
BANKNIFTY-I.NFO,25/03/2025,09:30:29,51809.6,51812.8,30,51820.3,30,0,2147370
BANKNIFTY-I.NFO,25/03/2025,09:30:31,51821.35,51821.2,30,51824.95,30,330,2147370
BANKNIFTY-I.NFO,25/03/2025,09:30:32,51830,51822.8,30,51830,180,480,2147370
BANKNIFTY-I.NFO,25/03/2025,09:30:34,51824.6,51819.95,30,51829.9,30,150,2147370
BANKNIFTY-I.NFO,25/03/2025,09:30:36,51824.6,51828.35,30,51829.8,30,0,2147370
BANKNIFTY-I.NFO,25/03/2025,09:30:37,51840,51839.45,30,51844,30,2550,2147370
BANKNIFTY-I.NFO,25/03/2025,09:30:39,51837.7,51837.85,30,51850,2070,450,2147370
BANKNIFTY-I.NFO,25/03/2025,09:30:41,51835.75,51829.3,120,51837.8,30,300,2147370
BANKNIFTY-I.NFO,25/03/2025,09:30:42,51837.75,51830.55,30,51837.8,90,90,2147370
BANKNIFTY-I.NFO,25/03/2025,09:30:44,51837.75,51830,60,51833.95,30,0,2147370
BANKNIFTY-I.NFO,25/03/2025,09:30:46,51833.6,51825,30,51833.4,60,150,2147370
BANKNIFTY-I.NFO,25/03/2025,09:30:47,51824.6,51825,30,51829.3,60,90,2150490
BANKNIFTY-I.NFO,25/03/2025,09:30:49,51829.25,51825,30,51829.25,30,30,2150490
BANKNIFTY-I.NFO,25/03/2025,09:30:51,51824.6,51821,30,51827.1,30,90,2150490
BANKNIFTY-I.NFO,25/03/2025,09:30:52,51824.6,51823,30,51827.1,150,30,2150490
BANKNIFTY-I.NFO,25/03/2025,09:30:54,51830,51831.2,30,51834.15,30,570,2150490
BANKNIFTY-I.NFO,25/03/2025,09:30:56,51837.85,51833.4,60,51837.85,390,930,2150490
BANKNIFTY-I.NFO,25/03/2025,09:30:57,51830,51830,210,51837.85,390,150,2150490
BANKNIFTY-I.NFO,25/03/2025,09:30:59,51837.85,51835.75,90,51837.85,270,180,2150490
BANKNIFTY-I.NFO,25/03/2025,09:31:01,51842.7,51844.6,30,51850,2280,660,2150490
BANKNIFTY-I.NFO,25/03/2025,09:31:02,51840,51840,30,51848.95,30,90,2150490
BANKNIFTY-I.NFO,25/03/2025,09:31:04,51846.6,51845.8,60,51848.85,30,300,2150490
BANKNIFTY-I.NFO,25/03/2025,09:31:06,51849,51845.8,30,51849,60,90,2150490
BANKNIFTY-I.NFO,25/03/2025,09:31:07,51850,51845,30,51848,30,180,2150490
BANKNIFTY-I.NFO,25/03/2025,09:31:09,51855,51856.2,30,51856.5,600,2640,2150490
BANKNIFTY-I.NFO,25/03/2025,09:31:11,51870,51863.35,30,51870,30,1650,2150490
BANKNIFTY-I.NFO,25/03/2025,09:31:12,51875,51866.65,30,51877.55,60,330,2150490
BANKNIFTY-I.NFO,25/03/2025,09:31:14,51875.45,51863.9,30,51874.75,30,780,2150490
BANKNIFTY-I.NFO,25/03/2025,09:31:16,51863.1,51864.25,30,51870,30,90,2150490
BANKNIFTY-I.NFO,25/03/2025,09:31:17,51879,51857.45,30,51863.05,210,420,2150490
BANKNIFTY-I.NFO,25/03/2025,09:31:19,51863.85,51856.4,30,51866.2,30,570,2150490
BANKNIFTY-I.NFO,25/03/2025,09:31:21,51853.4,51852.35,30,51861.2,30,480,2150490
BANKNIFTY-I.NFO,25/03/2025,09:31:22,51850.85,51846.3,30,51851.35,30,180,2150490
BANKNIFTY-I.NFO,25/03/2025,09:31:24,51851.35,51844.2,30,51851.4,270,330,2150490
BANKNIFTY-I.NFO,25/03/2025,09:31:26,51852.8,51853,120,51863.85,30,450,2150490
BANKNIFTY-I.NFO,25/03/2025,09:31:27,51853.25,51855.45,30,51863.8,30,30,2150490
BANKNIFTY-I.NFO,25/03/2025,09:31:29,51862.55,51855,30,51863,30,120,2150490
BANKNIFTY-I.NFO,25/03/2025,09:31:31,51861.55,51853.15,30,51862.45,30,210,2150490
BANKNIFTY-I.NFO,25/03/2025,09:31:32,51852.9,51853.85,30,51862.4,30,210,2150490
BANKNIFTY-I.NFO,25/03/2025,09:31:34,51857.5,51856.6,30,51860,30,60,2150490
BANKNIFTY-I.NFO,25/03/2025,09:31:36,51879.9,51862.9,300,51875.95,90,1170,2150490
BANKNIFTY-I.NFO,25/03/2025,09:31:37,51860.3,51857.5,30,51860,30,30,2150490
BANKNIFTY-I.NFO,25/03/2025,09:31:39,51860.2,51859.65,30,51874.8,60,150,2150490
BANKNIFTY-I.NFO,25/03/2025,09:31:41,51866.05,51860.95,30,51874.7,30,180,2150490
BANKNIFTY-I.NFO,25/03/2025,09:31:42,51864.3,51864.7,30,51874.7,30,60,2150490
BANKNIFTY-I.NFO,25/03/2025,09:31:44,51880.15,51865.7,30,51870,30,930,2150490
BANKNIFTY-I.NFO,25/03/2025,09:31:46,51871.6,51872,30,51876.75,30,210,2150490
BANKNIFTY-I.NFO,25/03/2025,09:31:47,51876.7,51869.9,30,51876.7,30,120,2150490
BANKNIFTY-I.NFO,25/03/2025,09:31:49,51871.6,51871.45,30,51876.65,30,210,2150490
BANKNIFTY-I.NFO,25/03/2025,09:31:51,51875,51867.6,60,51874.95,30,30,2150490
BANKNIFTY-I.NFO,25/03/2025,09:31:52,51867.25,51867.65,30,51874.95,30,90,2150490
BANKNIFTY-I.NFO,25/03/2025,09:31:54,51865.8,51865.1,30,51871.45,30,90,2150490
BANKNIFTY-I.NFO,25/03/2025,09:31:56,51860,51860.4,30,51869.6,30,480,2150490
BANKNIFTY-I.NFO,25/03/2025,09:31:57,51852.9,51852,30,51852.9,30,30,2150490
BANKNIFTY-I.NFO,25/03/2025,09:31:59,51869.55,51851.2,120,51852.9,30,1050,2150490
BANKNIFTY-I.NFO,25/03/2025,09:32:00,51857,51853.7,30,51869.7,60,90,2150490
BANKNIFTY-I.NFO,25/03/2025,09:32:02,51851,51850,450,51860.1,30,480,2150490
BANKNIFTY-I.NFO,25/03/2025,09:32:04,51856.7,51840.3,30,51849.25,30,750,2150490
BANKNIFTY-I.NFO,25/03/2025,09:32:05,51850,51838.2,30,51850,330,90,2150490
BANKNIFTY-I.NFO,25/03/2025,09:32:07,51827.8,51827,30,51837.7,30,420,2150490
BANKNIFTY-I.NFO,25/03/2025,09:32:09,51825,51825,30,51833.7,30,150,2150490
BANKNIFTY-I.NFO,25/03/2025,09:32:10,51810,51806,30,51814.8,30,1260,2150490
BANKNIFTY-I.NFO,25/03/2025,09:32:12,51806,51806.85,30,51810.35,30,540,2150490
BANKNIFTY-I.NFO,25/03/2025,09:32:14,51810.3,51809.2,30,51810.3,30,30,2150490
BANKNIFTY-I.NFO,25/03/2025,09:32:15,51805.55,51807.6,30,51810.3,120,90,2150490
BANKNIFTY-I.NFO,25/03/2025,09:32:17,51808.9,51808.05,30,51810,240,120,2150490
BANKNIFTY-I.NFO,25/03/2025,09:32:19,51816.2,51815.65,30,51827.8,30,420,2150490
BANKNIFTY-I.NFO,25/03/2025,09:32:21,51806.85,51805,30,51806.85,60,120,2150490
BANKNIFTY-I.NFO,25/03/2025,09:32:22,51810,51805,30,51810,2160,360,2150490
BANKNIFTY-I.NFO,25/03/2025,09:32:24,51807.45,51807.8,30,51810,2250,150,2150490
BANKNIFTY-I.NFO,25/03/2025,09:32:26,51807.45,51809.65,60,51815,30,4170,2150490
BANKNIFTY-I.NFO,25/03/2025,09:32:27,51815,51817.85,30,51820,30,90,2150490
BANKNIFTY-I.NFO,25/03/2025,09:32:29,51815.6,51815.1,30,51820,30,30,2150490
BANKNIFTY-I.NFO,25/03/2025,09:32:31,51818.9,51819.3,30,51820,30,1050,2150490
BANKNIFTY-I.NFO,25/03/2025,09:32:32,51837.6,51822.35,120,51837.15,180,660,2150490
BANKNIFTY-I.NFO,25/03/2025,09:32:34,51829.7,51832.4,30,51839,300,30,2150490
BANKNIFTY-I.NFO,25/03/2025,09:32:36,51838.8,51824.55,30,51838.75,150,60,2150490
BANKNIFTY-I.NFO,25/03/2025,09:32:37,51843,51826.95,30,51831.6,90,930,2150490
BANKNIFTY-I.NFO,25/03/2025,09:32:39,51846.1,51830.25,120,51846.45,30,480,2150490
BANKNIFTY-I.NFO,25/03/2025,09:32:41,51847.95,51837.7,30,51848,30,120,2150490
BANKNIFTY-I.NFO,25/03/2025,09:32:42,51842.8,51834.2,120,51848,30,90,2150490
BANKNIFTY-I.NFO,25/03/2025,09:32:44,51850,51837.4,180,51848.1,30,150,2150490
BANKNIFTY-I.NFO,25/03/2025,09:32:46,51834,51834.6,180,51848.1,30,240,2150490
BANKNIFTY-I.NFO,25/03/2025,09:32:47,51860.95,51849.15,120,51861,60,390,2150490
BANKNIFTY-I.NFO,25/03/2025,09:32:49,51851.5,51851.25,30,51860,30,30,2150490
BANKNIFTY-I.NFO,25/03/2025,09:32:51,51864.05,51856.45,30,51864.35,30,210,2150490
BANKNIFTY-I.NFO,25/03/2025,09:32:52,51874.95,51861.5,30,51874.95,30,1020,2150490
BANKNIFTY-I.NFO,25/03/2025,09:32:54,51871.2,51859.15,120,51868.2,30,180,2150490
BANKNIFTY-I.NFO,25/03/2025,09:32:56,51856.25,51860,90,51872.75,30,150,2150490
BANKNIFTY-I.NFO,25/03/2025,09:32:57,51860,51860,60,51863.15,30,30,2150490
BANKNIFTY-I.NFO,25/03/2025,09:32:59,51863.15,51858.65,120,51863.15,60,90,2150490
BANKNIFTY-I.NFO,25/03/2025,09:33:01,51875,51863.15,120,51875,480,900,2150490
BANKNIFTY-I.NFO,25/03/2025,09:33:02,51875,51864.95,30,51869.05,90,0,2150490
BANKNIFTY-I.NFO,25/03/2025,09:33:04,51886,51886,60,51888,60,1350,2150490
BANKNIFTY-I.NFO,25/03/2025,09:33:06,51888,51883.4,30,51889.05,30,240,2150490
BANKNIFTY-I.NFO,25/03/2025,09:33:07,51886.2,51885.6,30,51889.05,60,90,2150490
BANKNIFTY-I.NFO,25/03/2025,09:33:09,51884.3,51884.35,150,51889.05,30,150,2150490
BANKNIFTY-I.NFO,25/03/2025,09:33:11,51889.05,51883.75,150,51890,30,390,2150490
BANKNIFTY-I.NFO,25/03/2025,09:33:12,51897.05,51889.05,30,51897.5,30,210,2150490
BANKNIFTY-I.NFO,25/03/2025,09:33:14,51897.5,51892.1,30,51896.3,30,390,2150490
BANKNIFTY-I.NFO,25/03/2025,09:33:16,51896.3,51884.1,30,51897.95,120,570,2150490
BANKNIFTY-I.NFO,25/03/2025,09:33:17,51887.6,51887.85,30,51894.15,30,270,2150490
BANKNIFTY-I.NFO,25/03/2025,09:33:19,51884.3,51883.7,30,51890.7,30,300,2150490
BANKNIFTY-I.NFO,25/03/2025,09:33:21,51878,51877.45,30,51889.9,30,390,2150490
BANKNIFTY-I.NFO,25/03/2025,09:33:22,51878.9,51883.05,60,51896.35,30,1170,2150490
BANKNIFTY-I.NFO,25/03/2025,09:33:24,51885,51884.85,60,51889.65,30,270,2150490
BANKNIFTY-I.NFO,25/03/2025,09:33:26,51880.6,51879.4,30,51891.3,30,540,2150490
BANKNIFTY-I.NFO,25/03/2025,09:33:27,51877.1,51876.6,30,51883.95,30,390,2150490
BANKNIFTY-I.NFO,25/03/2025,09:33:29,51879.45,51872.05,30,51880,30,780,2150490
BANKNIFTY-I.NFO,25/03/2025,09:33:31,51879.45,51867.5,30,51876.6,30,0,2150490
BANKNIFTY-I.NFO,25/03/2025,09:33:32,51879.45,51867.45,30,51875,30,0,2150490
BANKNIFTY-I.NFO,25/03/2025,09:33:34,51875,51865,150,51875,60,60,2150490
BANKNIFTY-I.NFO,25/03/2025,09:33:36,51875,51866.95,30,51875,180,30,2150490
BANKNIFTY-I.NFO,25/03/2025,09:33:37,51870.95,51865.05,30,51874.9,60,90,2150490
BANKNIFTY-I.NFO,25/03/2025,09:33:39,51871.2,51865,120,51871.2,30,90,2150490
BANKNIFTY-I.NFO,25/03/2025,09:33:41,51865,51865,90,51866.95,60,30,2150490
BANKNIFTY-I.NFO,25/03/2025,09:33:42,51866.95,51865,90,51866.95,180,90,2150490
BANKNIFTY-I.NFO,25/03/2025,09:33:44,51865.05,51865,90,51866.95,120,150,2150490
BANKNIFTY-I.NFO,25/03/2025,09:33:46,51867,51864.8,60,51880.8,30,810,2150490
BANKNIFTY-I.NFO,25/03/2025,09:33:47,51871.95,51871.9,30,51883,60,90,2161440
BANKNIFTY-I.NFO,25/03/2025,09:33:49,51870.7,51870.1,30,51880,30,150,2161440
BANKNIFTY-I.NFO,25/03/2025,09:33:51,51870.95,51870.7,60,51875,30,90,2161440
BANKNIFTY-I.NFO,25/03/2025,09:33:52,51867.8,51867.8,30,51870,30,240,2161440
BANKNIFTY-I.NFO,25/03/2025,09:33:54,51871.05,51867.7,30,51879.45,60,90,2161440
BANKNIFTY-I.NFO,25/03/2025,09:33:56,51868.8,51875.45,30,51879.45,30,1050,2161440
BANKNIFTY-I.NFO,25/03/2025,09:33:57,51875.5,51875,30,51879.4,30,60,2161440
BANKNIFTY-I.NFO,25/03/2025,09:33:59,51866.85,51866.65,60,51873.05,30,300,2161440
BANKNIFTY-I.NFO,25/03/2025,09:34:01,51863.8,51866.2,30,51873,60,60,2161440
BANKNIFTY-I.NFO,25/03/2025,09:34:02,51873.2,51872.65,30,51882.2,30,1020,2161440
BANKNIFTY-I.NFO,25/03/2025,09:34:04,51875.25,51873.6,60,51882.2,30,180,2161440
BANKNIFTY-I.NFO,25/03/2025,09:34:06,51876.75,51876.7,30,51883.15,30,90,2161440
BANKNIFTY-I.NFO,25/03/2025,09:34:07,51878.5,51877.6,30,51879.9,30,990,2161440
BANKNIFTY-I.NFO,25/03/2025,09:34:09,51882.45,51881.8,30,51885,30,750,2161440
BANKNIFTY-I.NFO,25/03/2025,09:34:11,51883.7,51883.65,30,51884.95,30,420,2161440
BANKNIFTY-I.NFO,25/03/2025,09:34:12,51888,51886.95,30,51890.75,30,210,2161440
BANKNIFTY-I.NFO,25/03/2025,09:34:14,51888.3,51887.2,30,51890.7,30,270,2161440
BANKNIFTY-I.NFO,25/03/2025,09:34:16,51894.25,51896.25,90,51896.95,30,180,2161440
BANKNIFTY-I.NFO,25/03/2025,09:34:17,51899,51892.7,30,51899,30,960,2161440
BANKNIFTY-I.NFO,25/03/2025,09:34:19,51899,51896.75,30,51899.05,30,120,2161440
BANKNIFTY-I.NFO,25/03/2025,09:34:21,51893.25,51895.2,60,51898.65,30,330,2161440
BANKNIFTY-I.NFO,25/03/2025,09:34:22,51897.85,51896.75,30,51898.6,60,30,2161440
BANKNIFTY-I.NFO,25/03/2025,09:34:24,51893.45,51895,30,51898.6,60,300,2161440
BANKNIFTY-I.NFO,25/03/2025,09:34:26,51895,51893.55,30,51898.55,60,60,2161440
BANKNIFTY-I.NFO,25/03/2025,09:34:27,51892.7,51891.8,30,51898.55,120,150,2161440
BANKNIFTY-I.NFO,25/03/2025,09:34:29,51898.55,51898.6,210,51899.25,90,180,2161440
BANKNIFTY-I.NFO,25/03/2025,09:34:31,51898.6,51888.3,30,51898.55,60,450,2161440
BANKNIFTY-I.NFO,25/03/2025,09:34:32,51888.3,51886.65,30,51896.65,30,120,2161440
BANKNIFTY-I.NFO,25/03/2025,09:34:34,51885,51883.7,30,51894.95,30,60,2161440
BANKNIFTY-I.NFO,25/03/2025,09:34:36,51894.95,51884.45,30,51894.45,30,120,2161440
BANKNIFTY-I.NFO,25/03/2025,09:34:38,51885.35,51884.7,30,51888.3,120,120,2161440
BANKNIFTY-I.NFO,25/03/2025,09:34:39,51887.95,51887.15,60,51894.9,30,600,2161440
BANKNIFTY-I.NFO,25/03/2025,09:34:41,51885.95,51890.1,30,51894.85,30,90,2161440
BANKNIFTY-I.NFO,25/03/2025,09:34:43,51895,51894.45,30,51895,270,270,2161440
BANKNIFTY-I.NFO,25/03/2025,09:34:44,51890.05,51886.8,90,51895,570,210,2161440
BANKNIFTY-I.NFO,25/03/2025,09:34:46,51895,51890.15,150,51895,30,540,2161440
BANKNIFTY-I.NFO,25/03/2025,09:34:48,51899.8,51899.35,180,51900,540,1080,2161440
BANKNIFTY-I.NFO,25/03/2025,09:34:49,51899.65,51895,30,51899.65,60,870,2161440
BANKNIFTY-I.NFO,25/03/2025,09:34:51,51893.25,51893.25,90,51899.65,60,90,2161440
BANKNIFTY-I.NFO,25/03/2025,09:34:53,51899.65,51895,30,51899.65,60,60,2161440
BANKNIFTY-I.NFO,25/03/2025,09:34:54,51893.25,51893.25,30,51896.4,90,60,2161440
BANKNIFTY-I.NFO,25/03/2025,09:34:56,51895,51895.05,30,51899.8,60,150,2161440
BANKNIFTY-I.NFO,25/03/2025,09:34:58,51900,51900,330,51908.4,30,330,2161440
BANKNIFTY-I.NFO,25/03/2025,09:34:59,51900,51900.8,30,51903,180,60,2161440
BANKNIFTY-I.NFO,25/03/2025,09:35:01,51908.4,51900,390,51909.95,180,210,2161440
BANKNIFTY-I.NFO,25/03/2025,09:35:02,51900,51900,300,51901.5,30,420,2161440
BANKNIFTY-I.NFO,25/03/2025,09:35:04,51897.75,51897.55,30,51899.65,90,720,2161440
BANKNIFTY-I.NFO,25/03/2025,09:35:06,51904.4,51895.05,30,51904.45,30,240,2161440
BANKNIFTY-I.NFO,25/03/2025,09:35:07,51890.3,51889.85,30,51904.45,90,90,2161440
BANKNIFTY-I.NFO,25/03/2025,09:35:09,51899.65,51890.9,30,51900,60,30,2161440
BANKNIFTY-I.NFO,25/03/2025,09:35:11,51886.5,51885.35,30,51898.05,60,120,2161440
BANKNIFTY-I.NFO,25/03/2025,09:35:12,51895.4,51889.5,30,51900,30,60,2161440
BANKNIFTY-I.NFO,25/03/2025,09:35:14,51887.95,51888.45,30,51899,30,180,2161440
BANKNIFTY-I.NFO,25/03/2025,09:35:16,51894.35,51895.55,150,51899,30,30,2161440
BANKNIFTY-I.NFO,25/03/2025,09:35:17,51901,51902.25,30,51904.8,30,90,2161440
BANKNIFTY-I.NFO,25/03/2025,09:35:19,51903.8,51901.6,30,51908.8,30,90,2161440
BANKNIFTY-I.NFO,25/03/2025,09:35:21,51897.1,51896,30,51902.25,30,60,2161440
BANKNIFTY-I.NFO,25/03/2025,09:35:22,51898.2,51895,30,51902.2,90,30,2161440
BANKNIFTY-I.NFO,25/03/2025,09:35:24,51880,51880,60,51884,30,180,2161440
BANKNIFTY-I.NFO,25/03/2025,09:35:26,51884,51880,60,51883.95,60,30,2161440
BANKNIFTY-I.NFO,25/03/2025,09:35:27,51880,51876.55,30,51883.95,30,90,2161440
BANKNIFTY-I.NFO,25/03/2025,09:35:29,51879.7,51879.7,30,51883.95,1110,30,2161440
BANKNIFTY-I.NFO,25/03/2025,09:35:31,51879.7,51880,30,51883.95,1620,630,2161440
BANKNIFTY-I.NFO,25/03/2025,09:35:32,51883.95,51888.55,30,51900.65,30,1800,2161440
BANKNIFTY-I.NFO,25/03/2025,09:35:34,51886.8,51883.3,60,51889.6,30,30,2161440
BANKNIFTY-I.NFO,25/03/2025,09:35:36,51886.8,51884.2,30,51889.55,30,0,2161440
BANKNIFTY-I.NFO,25/03/2025,09:35:37,51889.55,51886.8,30,51889.6,30,90,2161440
BANKNIFTY-I.NFO,25/03/2025,09:35:39,51889.55,51886.8,30,51889.6,30,0,2161440
BANKNIFTY-I.NFO,25/03/2025,09:35:44,51880,51880,270,51889.35,60,120,2161440
BANKNIFTY-I.NFO,25/03/2025,09:35:46,51880,51880,150,51889.3,30,120,2161440
BANKNIFTY-I.NFO,25/03/2025,09:35:47,51889.25,51880,150,51889.3,90,30,2161440
BANKNIFTY-I.NFO,25/03/2025,09:35:49,51880,51884.25,120,51889.3,90,60,2161440
BANKNIFTY-I.NFO,25/03/2025,09:35:51,51889.25,51884.25,30,51889.25,30,60,2161440
BANKNIFTY-I.NFO,25/03/2025,09:35:52,51880,51880,90,51889.25,30,90,2161440
BANKNIFTY-I.NFO,25/03/2025,09:35:54,51880,51880,60,51889.2,30,60,2161440
BANKNIFTY-I.NFO,25/03/2025,09:35:56,51889.2,51880.3,30,51889.2,60,180,2161440
BANKNIFTY-I.NFO,25/03/2025,09:35:57,51884,51883.9,30,51889.2,60,30,2161440
BANKNIFTY-I.NFO,25/03/2025,09:35:59,51884,51885.6,30,51889.2,60,0,2161440
BANKNIFTY-I.NFO,25/03/2025,09:36:01,51888.75,51889.9,30,51895,90,240,2161440
BANKNIFTY-I.NFO,25/03/2025,09:36:02,51896.4,51896,30,51899.9,30,120,2161440
BANKNIFTY-I.NFO,25/03/2025,09:36:04,51900,51899.4,30,51900,60,90,2161440
BANKNIFTY-I.NFO,25/03/2025,09:36:05,51899.3,51898.7,30,51902.25,30,120,2161440
BANKNIFTY-I.NFO,25/03/2025,09:36:07,51903,51888.35,60,51901.85,30,120,2161440
BANKNIFTY-I.NFO,25/03/2025,09:36:09,51902.25,51897.95,30,51908,60,60,2161440
BANKNIFTY-I.NFO,25/03/2025,09:36:10,51902.25,51903,30,51908,60,0,2161440
BANKNIFTY-I.NFO,25/03/2025,09:36:12,51908,51898.4,30,51908,30,60,2161440
BANKNIFTY-I.NFO,25/03/2025,09:36:14,51908,51896.2,120,51908,30,0,2161440
BANKNIFTY-I.NFO,25/03/2025,09:36:15,51908,51901.8,30,51908,30,90,2161440
BANKNIFTY-I.NFO,25/03/2025,09:36:17,51901.55,51901.7,30,51908,60,30,2161440
BANKNIFTY-I.NFO,25/03/2025,09:36:19,51901.55,51903.6,30,51908,90,0,2161440
BANKNIFTY-I.NFO,25/03/2025,09:36:20,51901.55,51905.6,30,51907.95,30,0,2161440
BANKNIFTY-I.NFO,25/03/2025,09:36:22,51908,51906.25,60,51908,30,60,2161440
BANKNIFTY-I.NFO,25/03/2025,09:36:24,51908,51902.9,60,51910,30,180,2161440
BANKNIFTY-I.NFO,25/03/2025,09:36:25,51910,51908.05,30,51915.2,30,30,2161440
BANKNIFTY-I.NFO,25/03/2025,09:36:27,51915.2,51915.2,60,51920,420,150,2161440
BANKNIFTY-I.NFO,25/03/2025,09:36:29,51910,51908,30,51920,150,330,2161440
BANKNIFTY-I.NFO,25/03/2025,09:36:30,51910,51908,30,51920,180,0,2161440
BANKNIFTY-I.NFO,25/03/2025,09:36:32,51910,51908.1,30,51915.95,120,0,2161440
BANKNIFTY-I.NFO,25/03/2025,09:36:34,51914.65,51910,30,51914.95,30,60,2161440
BANKNIFTY-I.NFO,25/03/2025,09:36:35,51915,51910,30,51915,30,90,2161440
BANKNIFTY-I.NFO,25/03/2025,09:36:37,51915,51910,30,51914.25,30,1620,2161440
BANKNIFTY-I.NFO,25/03/2025,09:36:39,51910,51908.2,30,51910,30,90,2161440
BANKNIFTY-I.NFO,25/03/2025,09:36:40,51910,51908.3,30,51910,30,30,2161440
BANKNIFTY-I.NFO,25/03/2025,09:36:42,51910,51908.3,30,51917.3,60,60,2161440
BANKNIFTY-I.NFO,25/03/2025,09:36:44,51908.25,51908.15,30,51915,600,60,2161440
BANKNIFTY-I.NFO,25/03/2025,09:36:46,51914.95,51914.4,60,51915,600,60,2161440
BANKNIFTY-I.NFO,25/03/2025,09:36:47,51915,51914.4,30,51920,120,600,2162280
BANKNIFTY-I.NFO,25/03/2025,09:36:49,51911.25,51911.9,30,51920,120,90,2162280
BANKNIFTY-I.NFO,25/03/2025,09:36:51,51913.9,51913.15,150,51920,120,30,2162280
BANKNIFTY-I.NFO,25/03/2025,09:36:52,51920,51913.2,30,51920,90,30,2162280
BANKNIFTY-I.NFO,25/03/2025,09:36:54,51921,51920.25,30,51925,150,360,2162280
BANKNIFTY-I.NFO,25/03/2025,09:36:56,51919,51919.3,30,51925,150,30,2162280
BANKNIFTY-I.NFO,25/03/2025,09:36:57,51920.1,51918.1,30,51925,90,120,2162280
BANKNIFTY-I.NFO,25/03/2025,09:36:59,51920,51919.3,30,51925,30,90,2162280
BANKNIFTY-I.NFO,25/03/2025,09:37:01,51929,51922.7,30,51929.45,90,150,2162280
BANKNIFTY-I.NFO,25/03/2025,09:37:02,51929.95,51920.6,30,51930,90,180,2162280
BANKNIFTY-I.NFO,25/03/2025,09:37:04,51930,51920.55,60,51921,30,60,2162280
BANKNIFTY-I.NFO,25/03/2025,09:37:06,51922.2,51922.4,30,51925,90,120,2162280
BANKNIFTY-I.NFO,25/03/2025,09:37:07,51922.1,51923.4,30,51925,60,120,2162280
BANKNIFTY-I.NFO,25/03/2025,09:37:09,51924.6,51922,30,51925,90,30,2162280
BANKNIFTY-I.NFO,25/03/2025,09:37:11,51925,51922.1,150,51925,30,120,2162280
BANKNIFTY-I.NFO,25/03/2025,09:37:12,51925,51922.15,30,51925,60,0,2162280
BANKNIFTY-I.NFO,25/03/2025,09:37:14,51925,51922.35,30,51930,180,180,2162280
BANKNIFTY-I.NFO,25/03/2025,09:37:16,51929.95,51922.7,300,51930,180,60,2162280
BANKNIFTY-I.NFO,25/03/2025,09:37:17,51922,51920,30,51922,60,540,2162280
BANKNIFTY-I.NFO,25/03/2025,09:37:19,51922,51921.4,30,51933.25,120,60,2162280
BANKNIFTY-I.NFO,25/03/2025,09:37:21,51925,51920.05,30,51929.95,60,210,2162280
BANKNIFTY-I.NFO,25/03/2025,09:37:22,51929.95,51922,30,51929.5,30,120,2162280
BANKNIFTY-I.NFO,25/03/2025,09:37:24,51929.95,51922,30,51924,60,0,2162280
BANKNIFTY-I.NFO,25/03/2025,09:37:26,51939,51932.15,60,51939,150,1680,2162280
BANKNIFTY-I.NFO,25/03/2025,09:37:27,51940,51934.5,30,51939,30,270,2162280
BANKNIFTY-I.NFO,25/03/2025,09:37:29,51935.6,51930.5,30,51941.65,30,60,2162280
BANKNIFTY-I.NFO,25/03/2025,09:37:31,51940,51939,30,51941.65,30,90,2162280
BANKNIFTY-I.NFO,25/03/2025,09:37:32,51948.8,51940,90,51941.65,30,180,2162280
BANKNIFTY-I.NFO,25/03/2025,09:37:34,51941.65,51941.65,90,51948.85,600,30,2162280
BANKNIFTY-I.NFO,25/03/2025,09:37:36,51948.85,51938.8,30,51948.85,540,60,2162280
BANKNIFTY-I.NFO,25/03/2025,09:37:37,51948.85,51938.15,30,51948.85,390,150,2162280
BANKNIFTY-I.NFO,25/03/2025,09:37:39,51948.85,51938.2,30,51948.8,30,0,2162280
BANKNIFTY-I.NFO,25/03/2025,09:37:41,51948.75,51935.35,30,51948.8,90,120,2162280
BANKNIFTY-I.NFO,25/03/2025,09:37:42,51940.1,51935,30,51947.65,60,120,2162280
BANKNIFTY-I.NFO,25/03/2025,09:37:44,51940.1,51935,30,51947.65,90,0,2162280
BANKNIFTY-I.NFO,25/03/2025,09:37:46,51944.05,51935,30,51946.5,60,60,2162280
BANKNIFTY-I.NFO,25/03/2025,09:37:47,51948.85,51935,30,51948.85,360,390,2162280
BANKNIFTY-I.NFO,25/03/2025,09:37:49,51948.85,51935,30,51948.6,30,0,2162280
BANKNIFTY-I.NFO,25/03/2025,09:37:51,51948.85,51940.1,30,51948.75,60,0,2162280
BANKNIFTY-I.NFO,25/03/2025,09:37:52,51935,51932,240,51946.45,90,120,2162280
BANKNIFTY-I.NFO,25/03/2025,09:37:54,51932,51932,60,51945,30,360,2162280
BANKNIFTY-I.NFO,25/03/2025,09:37:56,51930,51922,60,51930,60,210,2162280
BANKNIFTY-I.NFO,25/03/2025,09:37:57,51924.6,51926.7,60,51930,150,30,2162280
BANKNIFTY-I.NFO,25/03/2025,09:37:59,51922.55,51926.8,300,51930,150,60,2162280
BANKNIFTY-I.NFO,25/03/2025,09:38:01,51929.6,51930.6,30,51935,30,240,2162280
BANKNIFTY-I.NFO,25/03/2025,09:38:02,51938.4,51939.45,30,51944,30,90,2162280
BANKNIFTY-I.NFO,25/03/2025,09:38:04,51939.45,51933.6,30,51944,30,30,2162280
BANKNIFTY-I.NFO,25/03/2025,09:38:06,51935.5,51934.8,30,51944,60,30,2162280
BANKNIFTY-I.NFO,25/03/2025,09:38:07,51935.5,51935,30,51944,60,0,2162280
BANKNIFTY-I.NFO,25/03/2025,09:38:09,51935.1,51935,30,51944,60,150,2162280
BANKNIFTY-I.NFO,25/03/2025,09:38:11,51930.1,51931.1,30,51935,30,270,2162280
BANKNIFTY-I.NFO,25/03/2025,09:38:12,51935,51935.9,30,51945,30,150,2162280
BANKNIFTY-I.NFO,25/03/2025,09:38:14,51938.2,51938.2,30,51945,1260,30,2162280
BANKNIFTY-I.NFO,25/03/2025,09:38:16,51945,51933.2,60,51945,1230,30,2162280
BANKNIFTY-I.NFO,25/03/2025,09:38:17,51935.5,51936.5,30,51944.95,60,60,2162280
BANKNIFTY-I.NFO,25/03/2025,09:38:19,51935.5,51933.7,30,51944.95,60,0,2162280
BANKNIFTY-I.NFO,25/03/2025,09:38:21,51935.5,51935.2,30,51944.95,60,0,2162280
BANKNIFTY-I.NFO,25/03/2025,09:38:22,51935.2,51936.4,30,51944.95,60,30,2162280
BANKNIFTY-I.NFO,25/03/2025,09:38:24,51935.2,51935.5,30,51944.9,60,0,2162280
BANKNIFTY-I.NFO,25/03/2025,09:38:25,51944.9,51943.7,30,51944.9,30,90,2162280
BANKNIFTY-I.NFO,25/03/2025,09:38:27,51948.85,51937.8,90,51948.85,360,1320,2162280
BANKNIFTY-I.NFO,25/03/2025,09:38:29,51948.85,51938.7,30,51948.85,210,240,2162280
BANKNIFTY-I.NFO,25/03/2025,09:38:30,51937.15,51938.95,30,51948.85,210,30,2162280
BANKNIFTY-I.NFO,25/03/2025,09:38:32,51949.05,51948,30,51949.8,30,1170,2162280
BANKNIFTY-I.NFO,25/03/2025,09:38:34,51949.8,51943.8,30,51950,2880,180,2162280
BANKNIFTY-I.NFO,25/03/2025,09:38:35,51950,51942.8,30,51950,2700,180,2162280
BANKNIFTY-I.NFO,25/03/2025,09:38:37,51950,51944.25,30,51950,2640,60,2162280
BANKNIFTY-I.NFO,25/03/2025,09:38:39,51950,51944.25,30,51950,2580,210,2162280
BANKNIFTY-I.NFO,25/03/2025,09:38:40,51949,51945.1,90,51950,2580,60,2162280
BANKNIFTY-I.NFO,25/03/2025,09:38:42,51945,51944.25,30,51945,30,60,2162280
BANKNIFTY-I.NFO,25/03/2025,09:38:44,51945,51944.25,30,51945,30,0,2162280
BANKNIFTY-I.NFO,25/03/2025,09:38:45,51950,51944.25,30,51950,2250,300,2162280
BANKNIFTY-I.NFO,25/03/2025,09:38:47,51950,51944.25,30,51950,2220,30,2162280
BANKNIFTY-I.NFO,25/03/2025,09:38:49,51944.25,51944,30,51948,30,30,2162280
BANKNIFTY-I.NFO,25/03/2025,09:38:50,51944.25,51944,30,51944.25,60,30,2162280
BANKNIFTY-I.NFO,25/03/2025,09:38:52,51944.25,51944,30,51944.25,120,60,2162280
BANKNIFTY-I.NFO,25/03/2025,09:38:54,51945.6,51945.6,120,51948,30,180,2162280
BANKNIFTY-I.NFO,25/03/2025,09:38:55,51950,51946.3,30,51950,2400,60,2162280
BANKNIFTY-I.NFO,25/03/2025,09:38:57,51944,51947,60,51949,30,30,2162280
BANKNIFTY-I.NFO,25/03/2025,09:38:59,51955,51954.2,30,51955,120,2790,2162280
BANKNIFTY-I.NFO,25/03/2025,09:39:00,51964,51964,120,51966.35,30,450,2162280
BANKNIFTY-I.NFO,25/03/2025,09:39:02,51969.95,51964,60,51970,450,300,2162280
BANKNIFTY-I.NFO,25/03/2025,09:39:04,51964,51960.3,30,51970,420,180,2162280
BANKNIFTY-I.NFO,25/03/2025,09:39:05,51969.9,51961.8,30,51970,420,30,2162280
BANKNIFTY-I.NFO,25/03/2025,09:39:07,51964.7,51961,30,51964.7,30,60,2162280
BANKNIFTY-I.NFO,25/03/2025,09:39:09,51969,51964,60,51964.8,90,180,2162280
BANKNIFTY-I.NFO,25/03/2025,09:39:10,51964,51955.55,60,51963.95,30,120,2162280
BANKNIFTY-I.NFO,25/03/2025,09:39:12,51959.6,51964,30,51970,270,120,2162280
BANKNIFTY-I.NFO,25/03/2025,09:39:14,51958.8,51958,90,51969,150,60,2162280
BANKNIFTY-I.NFO,25/03/2025,09:39:15,51969,51950.05,30,51963.85,30,30,2162280
BANKNIFTY-I.NFO,25/03/2025,09:39:17,51962,51952.1,30,51963.85,60,90,2162280
BANKNIFTY-I.NFO,25/03/2025,09:39:19,51962,51956,30,51963.85,60,60,2162280
BANKNIFTY-I.NFO,25/03/2025,09:39:20,51956,51956.15,90,51963.8,30,30,2162280
BANKNIFTY-I.NFO,25/03/2025,09:39:22,51956.3,51955,30,51956.25,60,120,2162280
BANKNIFTY-I.NFO,25/03/2025,09:39:24,51959.6,51953.6,30,51956,120,120,2162280
BANKNIFTY-I.NFO,25/03/2025,09:39:25,51954,51951.2,90,51953.7,30,90,2162280
BANKNIFTY-I.NFO,25/03/2025,09:39:27,51956.2,51954.2,30,51962,30,150,2162280
BANKNIFTY-I.NFO,25/03/2025,09:39:29,51955.1,51952.5,60,51955.75,60,600,2162280
BANKNIFTY-I.NFO,25/03/2025,09:39:30,51955.75,51951,30,51960,600,60,2162280
BANKNIFTY-I.NFO,25/03/2025,09:39:32,51955.75,51952.35,90,51960,630,60,2162280
BANKNIFTY-I.NFO,25/03/2025,09:39:34,51959.95,51953,30,51960,630,240,2162280
BANKNIFTY-I.NFO,25/03/2025,09:39:35,51951,51951.1,30,51955.7,30,90,2162280
BANKNIFTY-I.NFO,25/03/2025,09:39:37,51950,51950,30,51955.75,30,120,2162280
BANKNIFTY-I.NFO,25/03/2025,09:39:39,51950.05,51950,30,51955.75,150,30,2162280
BANKNIFTY-I.NFO,25/03/2025,09:39:40,51955.75,51948.4,30,51955.75,90,90,2162280
BANKNIFTY-I.NFO,25/03/2025,09:39:42,51948.75,51945.2,30,51955.75,90,30,2162280
BANKNIFTY-I.NFO,25/03/2025,09:39:44,51950,51949.9,30,51955.65,90,450,2162280
BANKNIFTY-I.NFO,25/03/2025,09:39:45,51953.3,51953.2,30,51959.6,780,570,2162280
BANKNIFTY-I.NFO,25/03/2025,09:39:47,51949.2,51950.7,30,51951.5,30,180,2162280
BANKNIFTY-I.NFO,25/03/2025,09:39:49,51952.7,51952.5,120,51952.7,30,480,2148270
BANKNIFTY-I.NFO,25/03/2025,09:39:50,51951.2,51948.6,30,51952.1,30,210,2148270
BANKNIFTY-I.NFO,25/03/2025,09:39:52,51955.75,51956.8,30,51959.6,720,540,2148270
BANKNIFTY-I.NFO,25/03/2025,09:39:54,51951.9,51952.6,30,51959.55,30,600,2148270
BANKNIFTY-I.NFO,25/03/2025,09:39:55,51956.05,51951.15,30,51953.8,30,420,2148270
BANKNIFTY-I.NFO,25/03/2025,09:39:57,51952.4,51950,330,51952.45,30,60,2148270
BANKNIFTY-I.NFO,25/03/2025,09:39:59,51954,51953.1,180,51955,360,330,2148270
BANKNIFTY-I.NFO,25/03/2025,09:40:00,51957,51957.1,30,51957.3,30,510,2148270
BANKNIFTY-I.NFO,25/03/2025,09:40:02,51952.35,51953.4,30,51955.15,60,120,2148270
BANKNIFTY-I.NFO,25/03/2025,09:40:04,51951.6,51951.55,30,51952.45,30,270,2148270
BANKNIFTY-I.NFO,25/03/2025,09:40:05,51959.35,51955.2,150,51958.95,30,450,2148270
BANKNIFTY-I.NFO,25/03/2025,09:40:07,51959.4,51958.7,90,51959.6,630,600,2148270
BANKNIFTY-I.NFO,25/03/2025,09:40:08,51957.15,51955.4,30,51957.1,30,120,2148270
BANKNIFTY-I.NFO,25/03/2025,09:40:10,51956.9,51956.5,30,51959.3,30,210,2148270
BANKNIFTY-I.NFO,25/03/2025,09:40:12,51958,51952.45,30,51956.4,300,720,2148270
BANKNIFTY-I.NFO,25/03/2025,09:40:13,51957,51951,30,51956.75,30,510,2148270
BANKNIFTY-I.NFO,25/03/2025,09:40:15,51957,51951.5,30,51956.7,30,0,2148270
BANKNIFTY-I.NFO,25/03/2025,09:40:17,51951.5,51952.9,30,51958,30,30,2148270
BANKNIFTY-I.NFO,25/03/2025,09:40:18,51956.15,51956.15,60,51958,30,270,2148270
BANKNIFTY-I.NFO,25/03/2025,09:40:20,51956.85,51956.05,30,51956.75,30,210,2148270
BANKNIFTY-I.NFO,25/03/2025,09:40:22,51953,51950,270,51955.55,90,420,2148270
BANKNIFTY-I.NFO,25/03/2025,09:40:23,51940,51935,30,51939.9,30,390,2148270
BANKNIFTY-I.NFO,25/03/2025,09:40:25,51937.85,51937.3,30,51951.3,90,270,2148270
BANKNIFTY-I.NFO,25/03/2025,09:40:26,51937.85,51935.05,30,51946.65,60,0,2148270
BANKNIFTY-I.NFO,25/03/2025,09:40:28,51937.85,51935.05,30,51944.8,30,0,2148270
BANKNIFTY-I.NFO,25/03/2025,09:40:30,51937.85,51935.05,30,51944.45,30,0,2148270
BANKNIFTY-I.NFO,25/03/2025,09:40:31,51943.05,51935.05,30,51944.45,30,30,2148270
BANKNIFTY-I.NFO,25/03/2025,09:40:33,51935.15,51935,30,51935.05,240,210,2148270
BANKNIFTY-I.NFO,25/03/2025,09:40:34,51935.05,51935,30,51948.6,30,240,2148270
BANKNIFTY-I.NFO,25/03/2025,09:40:36,51934.95,51934.95,120,51945.4,30,60,2148270
BANKNIFTY-I.NFO,25/03/2025,09:40:38,51934.95,51934.95,60,51935.05,30,60,2148270
BANKNIFTY-I.NFO,25/03/2025,09:40:39,51934.95,51934,60,51935.05,60,0,2148270
BANKNIFTY-I.NFO,25/03/2025,09:40:41,51934.95,51931,90,51935.05,60,0,2148270
BANKNIFTY-I.NFO,25/03/2025,09:40:43,51931,51931,60,51935.05,60,30,2148270
BANKNIFTY-I.NFO,25/03/2025,09:40:44,51935.05,51931.1,120,51935.05,60,30,2148270
BANKNIFTY-I.NFO,25/03/2025,09:40:46,51935.05,51935.05,30,51939,60,90,2148270
BANKNIFTY-I.NFO,25/03/2025,09:40:47,51939,51932.1,30,51935,30,60,2148270
BANKNIFTY-I.NFO,25/03/2025,09:40:49,51950,51939.9,30,51950,270,300,2148270
BANKNIFTY-I.NFO,25/03/2025,09:40:51,51950,51949.4,30,51950,270,0,2148270
BANKNIFTY-I.NFO,25/03/2025,09:40:52,51953,51952,30,51956,120,420,2148270
BANKNIFTY-I.NFO,25/03/2025,09:40:54,51956,51953.5,30,51955.95,30,90,2148270
BANKNIFTY-I.NFO,25/03/2025,09:40:56,51956,51953.4,30,51955.95,30,0,2148270
BANKNIFTY-I.NFO,25/03/2025,09:40:57,51959.6,51955.5,30,51959.6,540,330,2148270
BANKNIFTY-I.NFO,25/03/2025,09:40:59,51960.25,51961.2,30,51964.8,30,1200,2148270
BANKNIFTY-I.NFO,25/03/2025,09:41:01,51962.15,51964.1,30,51970,90,180,2148270
BANKNIFTY-I.NFO,25/03/2025,09:41:03,51969.95,51962.7,30,51969.7,30,30,2148270
BANKNIFTY-I.NFO,25/03/2025,09:41:04,51975,51962.7,60,51975,180,360,2148270
BANKNIFTY-I.NFO,25/03/2025,09:41:06,51970,51970,30,51974.9,30,90,2148270
BANKNIFTY-I.NFO,25/03/2025,09:41:08,51970,51965.1,30,51970,270,30,2148270
BANKNIFTY-I.NFO,25/03/2025,09:41:09,51974,51971.15,30,51974.95,30,480,2148270
BANKNIFTY-I.NFO,25/03/2025,09:41:11,51975,51970,30,51975,150,90,2148270
BANKNIFTY-I.NFO,25/03/2025,09:41:13,51975,51970,60,51977.6,30,180,2148270
BANKNIFTY-I.NFO,25/03/2025,09:41:14,51965.9,51969.1,30,51977.95,30,150,2148270
BANKNIFTY-I.NFO,25/03/2025,09:41:16,51970,51963.3,30,51977.9,60,60,2148270
BANKNIFTY-I.NFO,25/03/2025,09:41:18,51970,51962.1,30,51974.95,60,0,2148270
BANKNIFTY-I.NFO,25/03/2025,09:41:19,51970.15,51957.3,30,51971.25,30,90,2148270
BANKNIFTY-I.NFO,25/03/2025,09:41:21,51967.05,51956,30,51966.1,30,360,2148270
BANKNIFTY-I.NFO,25/03/2025,09:41:23,51967.05,51950,90,51961.15,60,0,2148270
BANKNIFTY-I.NFO,25/03/2025,09:41:24,51967.05,51950,90,51959.3,30,0,2148270
BANKNIFTY-I.NFO,25/03/2025,09:41:26,51966.5,51960,30,51966.85,30,90,2148270
BANKNIFTY-I.NFO,25/03/2025,09:41:28,51966.5,51960,30,51965.7,60,0,2148270
BANKNIFTY-I.NFO,25/03/2025,09:41:29,51960,51950,90,51965.3,60,60,2148270
BANKNIFTY-I.NFO,25/03/2025,09:41:31,51950,51950,60,51963.75,30,30,2148270
BANKNIFTY-I.NFO,25/03/2025,09:41:33,51950,51950,60,51965.7,30,0,2148270
BANKNIFTY-I.NFO,25/03/2025,09:41:34,51950.75,51952,30,51966.45,30,90,2148270
BANKNIFTY-I.NFO,25/03/2025,09:41:36,51966.5,51955.65,30,51969.25,30,60,2148270
BANKNIFTY-I.NFO,25/03/2025,09:41:38,51973.55,51957.4,30,51973.15,30,90,2148270
BANKNIFTY-I.NFO,25/03/2025,09:41:39,51957.9,51958.4,60,51974.5,30,60,2148270
BANKNIFTY-I.NFO,25/03/2025,09:41:41,51970,51964.5,30,51975,90,30,2148270
BANKNIFTY-I.NFO,25/03/2025,09:41:43,51970,51965,30,51975,90,0,2148270
BANKNIFTY-I.NFO,25/03/2025,09:41:44,51970,51960.7,30,51974.95,30,0,2148270
BANKNIFTY-I.NFO,25/03/2025,09:41:46,51970,51960,120,51973.05,30,0,2148270
BANKNIFTY-I.NFO,25/03/2025,09:41:48,51960,51960,30,51970.9,30,90,2148270
BANKNIFTY-I.NFO,25/03/2025,09:41:49,51960,51953.4,30,51969.35,60,30,2148270
BANKNIFTY-I.NFO,25/03/2025,09:41:51,51954.5,51952.65,60,51966.45,30,90,2148270
BANKNIFTY-I.NFO,25/03/2025,09:41:53,51954.5,51952.4,30,51968.1,30,0,2148270
BANKNIFTY-I.NFO,25/03/2025,09:41:54,51965.2,51952.3,30,51960,30,30,2148270
BANKNIFTY-I.NFO,25/03/2025,09:41:56,51944.3,51944.35,30,51962,90,240,2148270
BANKNIFTY-I.NFO,25/03/2025,09:41:58,51945.45,51945.7,30,51961.4,90,30,2148270
BANKNIFTY-I.NFO,25/03/2025,09:41:59,51955,51944.15,30,51957.9,30,90,2148270
BANKNIFTY-I.NFO,25/03/2025,09:42:01,51939.7,51950.05,60,51957.4,30,60,2148270
BANKNIFTY-I.NFO,25/03/2025,09:42:03,51939.7,51950.05,60,51958.95,30,0,2148270
BANKNIFTY-I.NFO,25/03/2025,09:42:04,51939.7,51950.05,60,51955.5,30,0,2148270
BANKNIFTY-I.NFO,25/03/2025,09:42:06,51950.05,51941.6,30,51958.1,60,90,2148270
BANKNIFTY-I.NFO,25/03/2025,09:42:07,51937.65,51938.25,30,51954.8,30,90,2148270
BANKNIFTY-I.NFO,25/03/2025,09:42:09,51937.65,51933.8,30,51940,30,0,2148270
BANKNIFTY-I.NFO,25/03/2025,09:42:11,51952.7,51939,120,51953.2,30,90,2148270
BANKNIFTY-I.NFO,25/03/2025,09:42:12,51950,51939,120,51952.25,90,30,2148270
BANKNIFTY-I.NFO,25/03/2025,09:42:14,51939,51939,90,51954.1,30,60,2148270
BANKNIFTY-I.NFO,25/03/2025,09:42:16,51939.95,51939.35,30,51957.35,30,30,2148270
BANKNIFTY-I.NFO,25/03/2025,09:42:17,51939.95,51941.8,30,51958.9,30,0,2148270
BANKNIFTY-I.NFO,25/03/2025,09:42:19,51943.2,51941.3,60,51958.3,30,60,2148270
BANKNIFTY-I.NFO,25/03/2025,09:42:21,51943.2,51945.75,60,51959,30,0,2148270
BANKNIFTY-I.NFO,25/03/2025,09:42:22,51943.2,51947.7,30,51959,30,0,2148270
BANKNIFTY-I.NFO,25/03/2025,09:42:24,51943.2,51947.4,60,51952.55,30,0,2148270
BANKNIFTY-I.NFO,25/03/2025,09:42:26,51952.55,51951.8,60,51959,30,270,2148270
BANKNIFTY-I.NFO,25/03/2025,09:42:27,51953.35,51952.4,60,51959,60,30,2148270
BANKNIFTY-I.NFO,25/03/2025,09:42:29,51959,51954.75,60,51960,30,120,2148270
BANKNIFTY-I.NFO,25/03/2025,09:42:31,51955.5,51956.15,30,51960,30,90,2148270
BANKNIFTY-I.NFO,25/03/2025,09:42:32,51961.25,51959.1,30,51964.65,60,90,2148270
BANKNIFTY-I.NFO,25/03/2025,09:42:34,51964.65,51954.15,60,51969.9,30,60,2148270
BANKNIFTY-I.NFO,25/03/2025,09:42:36,51955.25,51960.1,60,51965.5,30,60,2148270
BANKNIFTY-I.NFO,25/03/2025,09:42:37,51960.1,51955,30,51957.75,30,60,2148270
BANKNIFTY-I.NFO,25/03/2025,09:42:39,51955,51941,30,51945.1,60,30,2148270
BANKNIFTY-I.NFO,25/03/2025,09:42:41,51955,51941,30,51945.1,60,0,2148270
BANKNIFTY-I.NFO,25/03/2025,09:42:42,51955,51941,30,51947.1,30,0,2148270
BANKNIFTY-I.NFO,25/03/2025,09:42:44,51940,51939.9,30,51941,30,90,2148270
BANKNIFTY-I.NFO,25/03/2025,09:42:46,51940,51939.9,30,51941,30,0,2148270
BANKNIFTY-I.NFO,25/03/2025,09:42:47,51941,51939.9,30,51947.3,30,30,2148270
BANKNIFTY-I.NFO,25/03/2025,09:42:49,51950.65,51939.9,30,51951.45,30,30,2148270
BANKNIFTY-I.NFO,25/03/2025,09:42:51,51939.9,51939.75,60,51939.9,270,30,2147220
BANKNIFTY-I.NFO,25/03/2025,09:42:52,51940.15,51940,210,51950,60,300,2147220
BANKNIFTY-I.NFO,25/03/2025,09:42:54,51950,51940.65,60,51945,90,150,2147220
BANKNIFTY-I.NFO,25/03/2025,09:42:55,51942.3,51942.3,30,51945,90,30,2147220
BANKNIFTY-I.NFO,25/03/2025,09:42:57,51942.3,51940.05,60,51944,60,300,2147220
BANKNIFTY-I.NFO,25/03/2025,09:42:59,51940.1,51941.85,30,51944,60,150,2147220
BANKNIFTY-I.NFO,25/03/2025,09:43:00,51950,51947.25,60,51950,60,180,2147220
BANKNIFTY-I.NFO,25/03/2025,09:43:02,51955,51947.55,60,51960,30,90,2147220
BANKNIFTY-I.NFO,25/03/2025,09:43:04,51955,51947.45,60,51950,30,0,2147220
BANKNIFTY-I.NFO,25/03/2025,09:43:05,51950,51946.45,60,51960,30,240,2147220
BANKNIFTY-I.NFO,25/03/2025,09:43:07,51950,51948,60,51950,120,240,2147220
BANKNIFTY-I.NFO,25/03/2025,09:43:09,51950,51943.95,30,51950,120,150,2147220
BANKNIFTY-I.NFO,25/03/2025,09:43:10,51950,51944.75,30,51950,120,0,2147220
BANKNIFTY-I.NFO,25/03/2025,09:43:12,51940.75,51941.65,60,51950,120,120,2147220
BANKNIFTY-I.NFO,25/03/2025,09:43:14,51945.1,51946,30,51947.15,60,30,2147220
BANKNIFTY-I.NFO,25/03/2025,09:43:15,51947.15,51942.25,60,51945.1,30,60,2147220
BANKNIFTY-I.NFO,25/03/2025,09:43:17,51945.1,51940.05,60,51946.4,60,30,2147220
BANKNIFTY-I.NFO,25/03/2025,09:43:19,51945.1,51940,180,51946.4,60,0,2147220
BANKNIFTY-I.NFO,25/03/2025,09:43:20,51946.4,51946.05,60,51947.15,90,60,2147220
BANKNIFTY-I.NFO,25/03/2025,09:43:22,51947.15,51947.35,60,51950,630,90,2147220
BANKNIFTY-I.NFO,25/03/2025,09:43:24,51950,51950.6,90,51955,60,510,2147220
BANKNIFTY-I.NFO,25/03/2025,09:43:25,51950,51949.7,30,51955,60,0,2147220
BANKNIFTY-I.NFO,25/03/2025,09:43:27,51950.2,51950.7,30,51955,60,60,2147220
BANKNIFTY-I.NFO,25/03/2025,09:43:29,51950.2,51952.3,60,51955,90,0,2147220
BANKNIFTY-I.NFO,25/03/2025,09:43:30,51955,51953.45,30,51955,30,60,2147220
BANKNIFTY-I.NFO,25/03/2025,09:43:32,51955,51954.4,60,51955,30,0,2147220
BANKNIFTY-I.NFO,25/03/2025,09:43:34,51955,51954.9,60,51959.15,30,30,2147220
BANKNIFTY-I.NFO,25/03/2025,09:43:35,51955,51949.75,30,51959.15,30,0,2147220
BANKNIFTY-I.NFO,25/03/2025,09:43:37,51950,51949.15,60,51959.15,30,60,2147220
BANKNIFTY-I.NFO,25/03/2025,09:43:39,51959.15,51947.25,30,51957.75,90,60,2147220
BANKNIFTY-I.NFO,25/03/2025,09:43:40,51959.15,51945.05,60,51955,180,0,2147220
BANKNIFTY-I.NFO,25/03/2025,09:43:42,51959.15,51945,30,51950,30,0,2147220
BANKNIFTY-I.NFO,25/03/2025,09:43:44,51950,51945,30,51953,30,30,2147220
BANKNIFTY-I.NFO,25/03/2025,09:43:45,51950,51945,30,51955,180,0,2147220
BANKNIFTY-I.NFO,25/03/2025,09:43:47,51950,51950,90,51953,30,0,2147220
BANKNIFTY-I.NFO,25/03/2025,09:43:49,51950,51950,90,51953.95,30,0,2147220
BANKNIFTY-I.NFO,25/03/2025,09:43:50,51950,51945,30,51950,30,120,2147220
BANKNIFTY-I.NFO,25/03/2025,09:43:52,51950,51944.1,30,51954,30,60,2147220
BANKNIFTY-I.NFO,25/03/2025,09:43:53,51950,51943.75,60,51945,210,0,2147220
BANKNIFTY-I.NFO,25/03/2025,09:43:55,51945,51944.85,60,51953.95,30,240,2147220
BANKNIFTY-I.NFO,25/03/2025,09:43:57,51945,51944.65,30,51953.95,30,30,2147220
BANKNIFTY-I.NFO,25/03/2025,09:43:58,51950,51946.85,60,51950,30,210,2147220
BANKNIFTY-I.NFO,25/03/2025,09:44:00,51947.2,51948.5,30,51950,30,120,2147220
BANKNIFTY-I.NFO,25/03/2025,09:44:02,51955,51950.15,30,51955,180,120,2147220
BANKNIFTY-I.NFO,25/03/2025,09:44:03,51955,51947.2,30,51950,30,0,2147220
BANKNIFTY-I.NFO,25/03/2025,09:44:05,51955,51948.6,30,51955,150,60,2147220
BANKNIFTY-I.NFO,25/03/2025,09:44:07,51955,51946.9,30,51954.95,30,0,2147220
BANKNIFTY-I.NFO,25/03/2025,09:44:08,51955,51946.6,30,51955,180,0,2147220
BANKNIFTY-I.NFO,25/03/2025,09:44:10,51948.65,51948.65,30,51955,180,90,2147220
BANKNIFTY-I.NFO,25/03/2025,09:44:12,51948.65,51947.45,60,51955,180,0,2147220
BANKNIFTY-I.NFO,25/03/2025,09:44:13,51948.65,51949.45,60,51950,30,150,2147220
BANKNIFTY-I.NFO,25/03/2025,09:44:15,51950,51954.6,60,51955,180,30,2147220
BANKNIFTY-I.NFO,25/03/2025,09:44:17,51955,51952.7,30,51955,90,150,2147220
BANKNIFTY-I.NFO,25/03/2025,09:44:18,51955,51949.4,30,51953,30,0,2147220
BANKNIFTY-I.NFO,25/03/2025,09:44:20,51949.5,51948.65,30,51949.45,30,30,2147220
BANKNIFTY-I.NFO,25/03/2025,09:44:22,51948.65,51940,120,51949.45,30,30,2147220
BANKNIFTY-I.NFO,25/03/2025,09:44:23,51940,51941.3,60,51952.95,30,60,2147220
BANKNIFTY-I.NFO,25/03/2025,09:44:25,51940,51940,60,51947.25,30,60,2147220
BANKNIFTY-I.NFO,25/03/2025,09:44:27,51949.35,51940,60,51951.9,60,30,2147220
BANKNIFTY-I.NFO,25/03/2025,09:44:28,51940,51938.7,60,51951.9,30,60,2147220
BANKNIFTY-I.NFO,25/03/2025,09:44:30,51946.1,51938.5,30,51952.95,90,30,2147220
BANKNIFTY-I.NFO,25/03/2025,09:44:32,51946.1,51943,60,51953,30,210,2147220
BANKNIFTY-I.NFO,25/03/2025,09:44:33,51946.1,51938.6,30,51947.8,30,0,2147220
BANKNIFTY-I.NFO,25/03/2025,09:44:35,51946.1,51940,30,51947.8,30,0,2147220
BANKNIFTY-I.NFO,25/03/2025,09:44:36,51946.1,51940,30,51946.05,30,0,2147220
BANKNIFTY-I.NFO,25/03/2025,09:44:38,51935,51933.7,30,51943.95,90,60,2147220
BANKNIFTY-I.NFO,25/03/2025,09:44:40,51933.65,51934.9,30,51946.1,30,60,2147220
BANKNIFTY-I.NFO,25/03/2025,09:44:41,51933.65,51933.05,60,51946.1,30,0,2147220
BANKNIFTY-I.NFO,25/03/2025,09:44:43,51933.65,51936.4,60,51946.1,30,0,2147220
BANKNIFTY-I.NFO,25/03/2025,09:44:45,51939.25,51938.05,60,51949.6,30,330,2147220
BANKNIFTY-I.NFO,25/03/2025,09:44:46,51939.25,51937.85,30,51949.55,30,0,2147220
BANKNIFTY-I.NFO,25/03/2025,09:44:48,51939.25,51936.5,30,51949.5,30,0,2147220
BANKNIFTY-I.NFO,25/03/2025,09:44:50,51939.25,51946.1,30,51949.3,30,0,2147220
BANKNIFTY-I.NFO,25/03/2025,09:44:53,51946.1,51939.2,30,51949.15,30,30,2147220
BANKNIFTY-I.NFO,25/03/2025,09:44:55,51946.1,51940,150,51947.8,30,0,2147220
BANKNIFTY-I.NFO,25/03/2025,09:44:56,51947.8,51940,150,51945.75,30,90,2147220
BANKNIFTY-I.NFO,25/03/2025,09:44:58,51947.8,51940,150,51946.1,30,0,2147220
BANKNIFTY-I.NFO,25/03/2025,09:44:59,51940,51940,90,51946.1,60,60,2147220
BANKNIFTY-I.NFO,25/03/2025,09:45:01,51940,51940,30,51943.75,30,60,2147220
BANKNIFTY-I.NFO,25/03/2025,09:45:03,51940,51940,30,51943.75,60,90,2147220
BANKNIFTY-I.NFO,25/03/2025,09:45:04,51940,51940.45,30,51943.75,60,510,2147220
BANKNIFTY-I.NFO,25/03/2025,09:45:06,51940,51941.05,30,51943.7,60,0,2147220
BANKNIFTY-I.NFO,25/03/2025,09:45:07,51940,51938.9,30,51943.7,30,180,2147220
BANKNIFTY-I.NFO,25/03/2025,09:45:09,51933.8,51933,30,51941.95,90,60,2147220
BANKNIFTY-I.NFO,25/03/2025,09:45:11,51930,51930,240,51941.2,60,120,2147220
BANKNIFTY-I.NFO,25/03/2025,09:45:12,51932.55,51925,210,51933.85,30,450,2147220
BANKNIFTY-I.NFO,25/03/2025,09:45:14,51905.7,51907.15,30,51922.4,30,1020,2147220
BANKNIFTY-I.NFO,25/03/2025,09:45:16,51923.3,51906.4,30,51923.5,30,270,2147220
BANKNIFTY-I.NFO,25/03/2025,09:45:17,51907.2,51910.2,60,51926.85,60,30,2147220
BANKNIFTY-I.NFO,25/03/2025,09:45:19,51903.05,51901.25,30,51918.75,180,120,2147220
BANKNIFTY-I.NFO,25/03/2025,09:45:21,51903.15,51903,30,51916.35,30,60,2147220
BANKNIFTY-I.NFO,25/03/2025,09:45:22,51901.1,51901.2,30,51909.15,60,60,2147220
BANKNIFTY-I.NFO,25/03/2025,09:45:24,51909.15,51912.4,30,51928.3,30,90,2147220
BANKNIFTY-I.NFO,25/03/2025,09:45:26,51917,51915.5,30,51923,30,90,2147220
BANKNIFTY-I.NFO,25/03/2025,09:45:27,51917,51914.1,30,51923,30,0,2147220
BANKNIFTY-I.NFO,25/03/2025,09:45:29,51910,51910,90,51923.5,30,90,2147220
BANKNIFTY-I.NFO,25/03/2025,09:45:31,51910,51910,60,51921.75,60,0,2147220
BANKNIFTY-I.NFO,25/03/2025,09:45:32,51910,51910,60,51914.7,30,420,2147220
BANKNIFTY-I.NFO,25/03/2025,09:45:34,51910,51908.3,30,51914.7,30,60,2147220
BANKNIFTY-I.NFO,25/03/2025,09:45:35,51915,51913.2,60,51929,30,390,2147220
BANKNIFTY-I.NFO,25/03/2025,09:45:37,51915,51911.9,60,51926.95,60,0,2147220
BANKNIFTY-I.NFO,25/03/2025,09:45:39,51911.9,51911.8,30,51927.35,30,90,2147220
BANKNIFTY-I.NFO,25/03/2025,09:45:40,51911.8,51911.8,60,51927.45,30,30,2147220
BANKNIFTY-I.NFO,25/03/2025,09:45:42,51911.8,51911.75,30,51925.6,90,30,2147220
BANKNIFTY-I.NFO,25/03/2025,09:45:43,51911.8,51915,60,51915.15,90,0,2147220
BANKNIFTY-I.NFO,25/03/2025,09:45:45,51920.2,51920.1,30,51929.95,30,150,2147220
BANKNIFTY-I.NFO,25/03/2025,09:45:47,51919.1,51921.25,30,51930,30,60,2147220
BANKNIFTY-I.NFO,25/03/2025,09:45:48,51919.1,51919.6,30,51930,30,0,2147220
BANKNIFTY-I.NFO,25/03/2025,09:45:50,51919.1,51919.65,60,51930,150,0,2147220
BANKNIFTY-I.NFO,25/03/2025,09:45:52,51919.6,51920.15,60,51930,150,30,2146500
BANKNIFTY-I.NFO,25/03/2025,09:45:53,51920.2,51920.3,60,51930,120,90,2146500
BANKNIFTY-I.NFO,25/03/2025,09:45:55,51920.25,51920.9,30,51930,120,420,2146500
BANKNIFTY-I.NFO,25/03/2025,09:45:57,51924.65,51915,60,51924.65,60,60,2146500
BANKNIFTY-I.NFO,25/03/2025,09:45:58,51924.65,51915,60,51920.25,120,0,2146500
BANKNIFTY-I.NFO,25/03/2025,09:46:00,51917.65,51915,60,51917.6,210,30,2146500
BANKNIFTY-I.NFO,25/03/2025,09:46:01,51917.65,51916,30,51916.25,210,0,2146500
BANKNIFTY-I.NFO,25/03/2025,09:46:03,51917.65,51916,30,51916.1,210,0,2146500
BANKNIFTY-I.NFO,25/03/2025,09:46:05,51913.8,51911.65,60,51913.8,210,330,2146500
BANKNIFTY-I.NFO,25/03/2025,09:46:06,51920.25,51917.9,30,51931.6,90,780,2146500
BANKNIFTY-I.NFO,25/03/2025,09:46:08,51920.25,51916.85,60,51917.65,30,0,2146500
BANKNIFTY-I.NFO,25/03/2025,09:46:10,51920.25,51920.05,60,51931.95,30,120,2146500
BANKNIFTY-I.NFO,25/03/2025,09:46:11,51917.8,51917.4,60,51929.95,30,60,2146500
BANKNIFTY-I.NFO,25/03/2025,09:46:13,51917.8,51913.3,60,51928.5,30,0,2146500
BANKNIFTY-I.NFO,25/03/2025,09:46:15,51917.8,51912.95,60,51925.6,30,0,2146500
BANKNIFTY-I.NFO,25/03/2025,09:46:16,51916.4,51912.9,30,51920,30,30,2146500
BANKNIFTY-I.NFO,25/03/2025,09:46:18,51914.6,51918.7,60,51920,30,60,2146500
BANKNIFTY-I.NFO,25/03/2025,09:46:20,51920,51921.55,60,51922.2,60,150,2146500
BANKNIFTY-I.NFO,25/03/2025,09:46:21,51924.8,51922.4,60,51927.8,30,240,2146500
BANKNIFTY-I.NFO,25/03/2025,09:46:23,51931.55,51926.85,60,51931.8,30,60,2146500
BANKNIFTY-I.NFO,25/03/2025,09:46:25,51931.55,51926.8,30,51931.8,30,0,2146500
BANKNIFTY-I.NFO,25/03/2025,09:46:26,51926.15,51925.2,60,51932,30,30,2146500
BANKNIFTY-I.NFO,25/03/2025,09:46:28,51926.15,51925.95,60,51932,30,0,2146500
BANKNIFTY-I.NFO,25/03/2025,09:46:30,51926.25,51925.15,30,51925.75,30,30,2146500
BANKNIFTY-I.NFO,25/03/2025,09:46:31,51926.25,51920,60,51925.75,30,0,2146500
BANKNIFTY-I.NFO,25/03/2025,09:46:33,51926.25,51924.75,60,51925.75,30,0,2146500
BANKNIFTY-I.NFO,25/03/2025,09:46:35,51926.25,51920.5,30,51925.75,30,0,2146500
BANKNIFTY-I.NFO,25/03/2025,09:46:36,51925.75,51925.55,60,51931,30,150,2146500
BANKNIFTY-I.NFO,25/03/2025,09:46:38,51925.75,51922,60,51926.25,30,0,2146500
BANKNIFTY-I.NFO,25/03/2025,09:46:40,51935,51929.05,30,51935,120,120,2146500
BANKNIFTY-I.NFO,25/03/2025,09:46:41,51939,51937.55,60,51939,30,240,2146500
BANKNIFTY-I.NFO,25/03/2025,09:46:43,51939,51937.75,30,51940,30,240,2146500
BANKNIFTY-I.NFO,25/03/2025,09:46:45,51939,51937.8,30,51940,30,330,2146500
BANKNIFTY-I.NFO,25/03/2025,09:46:46,51939,51937.9,30,51940,30,0,2146500
BANKNIFTY-I.NFO,25/03/2025,09:46:48,51939,51938.25,60,51940,30,0,2146500
BANKNIFTY-I.NFO,25/03/2025,09:46:50,51940,51937.9,30,51940.05,30,60,2146500
BANKNIFTY-I.NFO,25/03/2025,09:46:51,51940.1,51937.9,30,51944.65,360,30,2146500
BANKNIFTY-I.NFO,25/03/2025,09:46:53,51940.1,51937.95,30,51944.65,360,0,2146500
BANKNIFTY-I.NFO,25/03/2025,09:46:55,51937.95,51940.15,60,51944.65,360,30,2146500
BANKNIFTY-I.NFO,25/03/2025,09:46:56,51937.95,51939.25,60,51940,30,0,2146500
BANKNIFTY-I.NFO,25/03/2025,09:46:58,51944.65,51942.85,60,51944.65,300,810,2146500
BANKNIFTY-I.NFO,25/03/2025,09:46:59,51950,51946.7,30,51950,120,780,2146500
BANKNIFTY-I.NFO,25/03/2025,09:47:01,51950,51946.65,60,51950,150,0,2146500
BANKNIFTY-I.NFO,25/03/2025,09:47:03,51950,51946.85,60,51950,120,30,2146500
BANKNIFTY-I.NFO,25/03/2025,09:47:04,51950,51944.15,60,51950,90,90,2146500
BANKNIFTY-I.NFO,25/03/2025,09:47:06,51950,51945.25,30,51950,120,60,2146500
BANKNIFTY-I.NFO,25/03/2025,09:47:08,51950,51947.45,60,51950,90,30,2146500
BANKNIFTY-I.NFO,25/03/2025,09:47:09,51950,51947.4,30,51950,60,0,2146500
BANKNIFTY-I.NFO,25/03/2025,09:47:11,51948.8,51943.8,60,51946.8,60,60,2146500
BANKNIFTY-I.NFO,25/03/2025,09:47:13,51943.6,51941.2,60,51943.6,60,90,2146500
BANKNIFTY-I.NFO,25/03/2025,09:47:14,51945,51941.45,60,51946.8,30,90,2146500
BANKNIFTY-I.NFO,25/03/2025,09:47:16,51946.8,51940,60,51940.05,60,210,2146500
BANKNIFTY-I.NFO,25/03/2025,09:47:17,51938.4,51937.55,30,51938.4,90,360,2146500
BANKNIFTY-I.NFO,25/03/2025,09:47:19,51935.5,51928.5,60,51943.05,60,150,2146500
BANKNIFTY-I.NFO,25/03/2025,09:47:21,51939.85,51931.65,60,51945.75,30,90,2146500
BANKNIFTY-I.NFO,25/03/2025,09:47:22,51939.85,51937.5,30,51946.75,30,0,2146500
BANKNIFTY-I.NFO,25/03/2025,09:47:24,51939.85,51939.85,60,51946.75,60,90,2146500
BANKNIFTY-I.NFO,25/03/2025,09:47:26,51945.8,51939.35,30,51946.8,60,390,2146500
BANKNIFTY-I.NFO,25/03/2025,09:47:27,51947.4,51942.2,30,51947.4,90,120,2146500
BANKNIFTY-I.NFO,25/03/2025,09:47:29,51941.6,51944.15,60,51946.8,60,900,2146500
BANKNIFTY-I.NFO,25/03/2025,09:47:31,51942.2,51943.8,30,51946.8,60,990,2146500
BANKNIFTY-I.NFO,25/03/2025,09:47:33,51944.8,51943.2,30,51946.8,60,90,2146500
BANKNIFTY-I.NFO,25/03/2025,09:47:34,51946.8,51946.9,30,51947.4,60,180,2146500
BANKNIFTY-I.NFO,25/03/2025,09:47:36,51950.25,51952.5,30,51955,150,510,2146500
BANKNIFTY-I.NFO,25/03/2025,09:47:38,51960,51957.45,60,51964,90,450,2146500
BANKNIFTY-I.NFO,25/03/2025,09:47:39,51960,51951.95,60,51961.8,30,0,2146500
BANKNIFTY-I.NFO,25/03/2025,09:47:41,51952.7,51953.6,30,51961.8,30,150,2146500
BANKNIFTY-I.NFO,25/03/2025,09:47:43,51952.7,51953.45,30,51961.8,30,0,2146500
BANKNIFTY-I.NFO,25/03/2025,09:47:44,51961.75,51950.4,30,51963.8,30,90,2146500
BANKNIFTY-I.NFO,25/03/2025,09:47:46,51958,51949.7,30,51958,120,30,2146500
BANKNIFTY-I.NFO,25/03/2025,09:47:48,51958,51949.6,30,51958,120,0,2146500
BANKNIFTY-I.NFO,25/03/2025,09:47:49,51949.9,51950.8,30,51957.95,30,120,2146500
BANKNIFTY-I.NFO,25/03/2025,09:47:51,51949.9,51952.7,30,51958,120,60,2146500
BANKNIFTY-I.NFO,25/03/2025,09:47:53,51958,51955.1,30,51958,90,30,2146500
BANKNIFTY-I.NFO,25/03/2025,09:47:54,51952.3,51952.8,30,51958,90,120,2146500
BANKNIFTY-I.NFO,25/03/2025,09:47:56,51952.3,51955.5,30,51958,90,0,2146500
BANKNIFTY-I.NFO,25/03/2025,09:47:58,51952.3,51956.5,30,51958,90,0,2146500
BANKNIFTY-I.NFO,25/03/2025,09:47:59,51958,51958.8,60,51964,90,90,2146500
BANKNIFTY-I.NFO,25/03/2025,09:48:01,51964,51961.9,60,51964,60,30,2146500
BANKNIFTY-I.NFO,25/03/2025,09:48:03,51964,51961.3,30,51964.9,30,60,2146500
BANKNIFTY-I.NFO,25/03/2025,09:48:04,51964.9,51960.45,30,51965,60,30,2146500
BANKNIFTY-I.NFO,25/03/2025,09:48:06,51965,51960.9,30,51965,30,30,2146500
BANKNIFTY-I.NFO,25/03/2025,09:48:07,51960.5,51961,60,51964,30,90,2146500
BANKNIFTY-I.NFO,25/03/2025,09:48:09,51964,51961,30,51964,30,90,2146500
BANKNIFTY-I.NFO,25/03/2025,09:48:11,51964,51963.9,30,51966,120,180,2146500
BANKNIFTY-I.NFO,25/03/2025,09:48:12,51964,51964.2,30,51966,120,0,2146500
BANKNIFTY-I.NFO,25/03/2025,09:48:14,51966,51964.1,30,51965,300,30,2146500
BANKNIFTY-I.NFO,25/03/2025,09:48:16,51966,51963.05,60,51965,300,0,2146500
BANKNIFTY-I.NFO,25/03/2025,09:48:17,51975,51969.25,30,51974.4,30,540,2146500
BANKNIFTY-I.NFO,25/03/2025,09:48:19,51969.25,51963.05,60,51971.6,30,30,2146500
BANKNIFTY-I.NFO,25/03/2025,09:48:21,51969.25,51969.1,30,51975,210,0,2146500
BANKNIFTY-I.NFO,25/03/2025,09:48:22,51969.25,51966.3,30,51975,210,0,2146500
BANKNIFTY-I.NFO,25/03/2025,09:48:24,51969.25,51963.1,30,51974.95,30,0,2146500
BANKNIFTY-I.NFO,25/03/2025,09:48:26,51969.25,51965.6,30,51975,210,0,2146500
BANKNIFTY-I.NFO,25/03/2025,09:48:27,51969.25,51969.25,120,51970,30,90,2146500
BANKNIFTY-I.NFO,25/03/2025,09:48:29,51969.25,51969.25,120,51970,30,0,2146500
BANKNIFTY-I.NFO,25/03/2025,09:48:31,51969.25,51969.25,30,51973.95,30,210,2146500
BANKNIFTY-I.NFO,25/03/2025,09:48:32,51969.25,51966,300,51974.5,90,60,2146500
BANKNIFTY-I.NFO,25/03/2025,09:48:34,51969.25,51966,300,51971,90,90,2146500
BANKNIFTY-I.NFO,25/03/2025,09:48:36,51969.25,51960,60,51968.9,120,930,2146500
BANKNIFTY-I.NFO,25/03/2025,09:48:37,51968.6,51960,60,51968.55,30,30,2146500
BANKNIFTY-I.NFO,25/03/2025,09:48:39,51968.6,51960.05,60,51968.55,30,0,2146500
BANKNIFTY-I.NFO,25/03/2025,09:48:41,51968.6,51960.1,60,51968.55,30,0,2146500
BANKNIFTY-I.NFO,25/03/2025,09:48:42,51964.3,51960.1,60,51968.6,30,30,2146500
BANKNIFTY-I.NFO,25/03/2025,09:48:44,51960,51960.15,30,51968.55,30,600,2146500
BANKNIFTY-I.NFO,25/03/2025,09:48:45,51960.15,51960.2,30,51962,60,60,2146500
BANKNIFTY-I.NFO,25/03/2025,09:48:47,51962,51960.25,30,51968.55,30,60,2146500
BANKNIFTY-I.NFO,25/03/2025,09:48:49,51962,51962.05,30,51968.55,30,0,2146500
BANKNIFTY-I.NFO,25/03/2025,09:48:50,51962,51960.25,30,51964.05,30,210,2146500
BANKNIFTY-I.NFO,25/03/2025,09:48:52,51965.85,51960.3,30,51964.05,30,30,2145660
BANKNIFTY-I.NFO,25/03/2025,09:48:54,51960.25,51956.05,30,51958.6,540,60,2145660
BANKNIFTY-I.NFO,25/03/2025,09:48:55,51958.6,51956.15,30,51958.6,420,270,2145660
BANKNIFTY-I.NFO,25/03/2025,09:48:57,51958.6,51956.15,30,51958.6,420,0,2145660
BANKNIFTY-I.NFO,25/03/2025,09:48:59,51956.15,51956.1,30,51958.6,420,30,2145660
BANKNIFTY-I.NFO,25/03/2025,09:49:00,51956.1,51956.05,30,51958.6,450,540,2145660
BANKNIFTY-I.NFO,25/03/2025,09:49:02,51956.05,51955.2,60,51958.6,450,30,2145660
BANKNIFTY-I.NFO,25/03/2025,09:49:03,51956.05,51954,30,51958.6,450,30,2145660
BANKNIFTY-I.NFO,25/03/2025,09:49:05,51954.05,51954,30,51955.8,510,60,2145660
BANKNIFTY-I.NFO,25/03/2025,09:49:07,51954.05,51954,30,51955.8,510,0,2145660
BANKNIFTY-I.NFO,25/03/2025,09:49:08,51952.7,51950,30,51955.8,510,120,2145660
BANKNIFTY-I.NFO,25/03/2025,09:49:10,51952.7,51950,30,51955.8,510,0,2145660
BANKNIFTY-I.NFO,25/03/2025,09:49:12,51950,51942.85,30,51955.3,30,30,2145660
BANKNIFTY-I.NFO,25/03/2025,09:49:13,51950,51943.1,30,51955.3,30,0,2145660
BANKNIFTY-I.NFO,25/03/2025,09:49:15,51950,51941.2,30,51950,930,0,2145660
BANKNIFTY-I.NFO,25/03/2025,09:49:17,51950,51942.3,30,51950,930,0,2145660
BANKNIFTY-I.NFO,25/03/2025,09:49:18,51950,51945.4,30,51950,930,300,2145660
BANKNIFTY-I.NFO,25/03/2025,09:49:20,51959.95,51952.25,30,51960,30,1140,2145660
BANKNIFTY-I.NFO,25/03/2025,09:49:22,51950.65,51951.05,30,51960,30,90,2145660
BANKNIFTY-I.NFO,25/03/2025,09:49:23,51955,51950.9,30,51960,30,30,2145660
BANKNIFTY-I.NFO,25/03/2025,09:49:25,51952,51954.35,30,51960,30,180,2145660
BANKNIFTY-I.NFO,25/03/2025,09:49:27,51952,51955,30,51960,30,0,2145660
BANKNIFTY-I.NFO,25/03/2025,09:49:30,51960.5,51960.9,30,51964.95,30,120,2145660
