Ticker,Date,Time,LTP,BuyPrice,BuyQty,SellPrice,SellQty,LTQ,OpenInterest
BANKNIFTY-III.NFO,19/08/2024,09:15:00,51100,51285.15,60,51343.95,60,30,73170
BANKNIFTY-III.NFO,19/08/2024,09:15:00,51100,51285.15,60,51343.95,60,0,73170
BANKNIFTY-III.NFO,19/08/2024,09:15:00,51289,51285.15,60,51343.95,60,0,73170
BANKNIFTY-III.NFO,19/08/2024,09:15:00,51100,51285.15,60,51343.95,60,0,73170
BANKNIFTY-III.NFO,19/08/2024,09:15:02,51299.95,51292.7,15,51299.95,30,120,73170
BANKNIFTY-III.NFO,19/08/2024,09:15:02,51299.95,51292.7,15,51299.95,30,0,73170
BANKNIFTY-III.NFO,19/08/2024,09:15:03,51300,51305.7,60,51350,15,495,73170
BANKNIFTY-III.NFO,19/08/2024,09:15:03,51300,51305.7,60,51350,15,0,73170
BANKNIFTY-III.NFO,19/08/2024,09:15:05,51309.3,51310.7,60,51349.95,45,45,73170
BANKNIFTY-III.NFO,19/08/2024,09:15:05,51309.3,51310.7,60,51349.95,45,0,73170
BANKNIFTY-III.NFO,19/08/2024,09:15:06,51275.35,51276.3,60,51351.85,15,105,73170
BANKNIFTY-III.NFO,19/08/2024,09:15:06,51350,51276.3,60,51351.85,15,0,73170
BANKNIFTY-III.NFO,19/08/2024,09:15:08,51275.35,51278.4,60,51346.3,15,0,73170
BANKNIFTY-III.NFO,19/08/2024,09:15:09,51292,51306,60,51352.95,30,15,73170
BANKNIFTY-III.NFO,19/08/2024,09:15:11,51292,51309.35,60,51345.9,30,0,73170
BANKNIFTY-III.NFO,19/08/2024,09:15:13,51309.35,51309.55,60,51342.3,45,15,73170
BANKNIFTY-III.NFO,19/08/2024,09:15:14,51309.35,51309.3,30,51328.55,45,0,73170
BANKNIFTY-III.NFO,19/08/2024,09:15:16,51309.35,51309.3,30,51327.65,45,0,73170
BANKNIFTY-III.NFO,19/08/2024,09:15:17,51309.35,51309.35,60,51327.35,45,0,73170
BANKNIFTY-III.NFO,19/08/2024,09:15:19,51309.35,51327.35,15,51340.2,45,0,73170
BANKNIFTY-III.NFO,19/08/2024,09:15:21,51327.35,51309.35,60,51340,45,15,73170
BANKNIFTY-III.NFO,19/08/2024,09:15:22,51310.25,51310.25,60,51353.2,60,15,73170
BANKNIFTY-III.NFO,19/08/2024,09:15:24,51310.25,51321.7,60,51353.2,60,0,73170
BANKNIFTY-III.NFO,19/08/2024,09:15:26,51310.25,51340,15,51357.55,60,0,73170
BANKNIFTY-III.NFO,19/08/2024,09:15:27,51340,51312.3,60,51352.45,60,15,73170
BANKNIFTY-III.NFO,19/08/2024,09:15:29,51314.1,51315.4,60,51353,45,75,72975
BANKNIFTY-III.NFO,19/08/2024,09:15:31,51314.1,51317.35,60,51353.1,45,0,72975
BANKNIFTY-III.NFO,19/08/2024,09:15:32,51314.1,51311.9,60,51347.9,45,0,72975
BANKNIFTY-III.NFO,19/08/2024,09:15:34,51346.4,51309.45,60,51342.65,30,15,72975
BANKNIFTY-III.NFO,19/08/2024,09:15:36,51346.4,51309.95,60,51347.15,30,0,72975
BANKNIFTY-III.NFO,19/08/2024,09:15:37,51339,51312.15,60,51339.2,30,915,72975
BANKNIFTY-III.NFO,19/08/2024,09:15:37,51353.9,51312.15,60,51339.2,30,0,72975
BANKNIFTY-III.NFO,19/08/2024,09:15:39,51339,51312.65,60,51339.4,30,0,72975
BANKNIFTY-III.NFO,19/08/2024,09:15:41,51339,51313.95,60,51343.95,15,0,72975
BANKNIFTY-III.NFO,19/08/2024,09:15:42,51339,51320.6,60,51343.95,30,0,72975
BANKNIFTY-III.NFO,19/08/2024,09:15:44,51339,51322.7,60,51343.95,15,0,72975
BANKNIFTY-III.NFO,19/08/2024,09:15:46,51339,51339.05,60,51343.95,15,15,72975
BANKNIFTY-III.NFO,19/08/2024,09:15:47,51339,51339,30,51343.95,15,0,72975
BANKNIFTY-III.NFO,19/08/2024,09:15:49,51339,51339.05,75,51349.95,15,0,72975
BANKNIFTY-III.NFO,19/08/2024,09:15:51,51339,51339.05,15,51349.95,15,0,72975
BANKNIFTY-III.NFO,19/08/2024,09:15:52,51339,51339.1,60,51350,15,0,72975
BANKNIFTY-III.NFO,19/08/2024,09:15:54,51339,51339.1,60,51350,30,0,72975
BANKNIFTY-III.NFO,19/08/2024,09:15:56,51339,51339.1,60,51350,150,0,72975
BANKNIFTY-III.NFO,19/08/2024,09:15:57,51340.4,51341.3,60,51350,150,15,72975
BANKNIFTY-III.NFO,19/08/2024,09:15:59,51341.3,51341.3,60,51350,150,45,72975
BANKNIFTY-III.NFO,19/08/2024,09:16:01,51351,51344.75,45,51374.95,60,195,72975
BANKNIFTY-III.NFO,19/08/2024,09:16:02,51351,51355.8,45,51374.95,60,0,72975
BANKNIFTY-III.NFO,19/08/2024,09:16:04,51351,51363.25,15,51375,15,600,72975
BANKNIFTY-III.NFO,19/08/2024,09:16:04,51356,51363.25,15,51375,15,0,72975
BANKNIFTY-III.NFO,19/08/2024,09:16:06,51351,51369.65,30,51375,15,0,72975
BANKNIFTY-III.NFO,19/08/2024,09:16:07,51369.65,51369.65,15,51375,15,15,72975
BANKNIFTY-III.NFO,19/08/2024,09:16:07,51369.65,51369.65,15,51375,15,0,72975
BANKNIFTY-III.NFO,19/08/2024,09:16:09,51369.65,51363.4,15,51375,15,0,72975
BANKNIFTY-III.NFO,19/08/2024,09:16:11,51375,51365.4,15,51393.95,60,30,72975
BANKNIFTY-III.NFO,19/08/2024,09:16:11,51375,51365.4,15,51393.95,60,0,72975
BANKNIFTY-III.NFO,19/08/2024,09:16:12,51375,51367,165,51389.95,75,15,72975
BANKNIFTY-III.NFO,19/08/2024,09:16:14,51375,51369.75,15,51389.85,75,0,72975
BANKNIFTY-III.NFO,19/08/2024,09:16:16,51375,51363.85,15,51375,15,0,72975
BANKNIFTY-III.NFO,19/08/2024,09:16:17,51374.95,51356.2,30,51375,30,30,72975
BANKNIFTY-III.NFO,19/08/2024,09:16:19,51375,51353,30,51374.95,60,15,72975
BANKNIFTY-III.NFO,19/08/2024,09:16:21,51375,51359.45,30,51378.55,60,0,72975
BANKNIFTY-III.NFO,19/08/2024,09:16:22,51359.55,51364.85,15,51375,15,15,72975
BANKNIFTY-III.NFO,19/08/2024,09:16:24,51359.55,51365.05,15,51375,15,0,72975
BANKNIFTY-III.NFO,19/08/2024,09:16:26,51359.55,51365.2,30,51375,30,0,72975
BANKNIFTY-III.NFO,19/08/2024,09:16:27,51359.55,51362.15,15,51375,30,0,72975
BANKNIFTY-III.NFO,19/08/2024,09:16:29,51359.55,51363.9,30,51375,45,0,72975
BANKNIFTY-III.NFO,19/08/2024,09:16:31,51359.55,51358.95,15,51374.95,75,0,72975
BANKNIFTY-III.NFO,19/08/2024,09:16:32,51375,51363.15,15,51389.2,60,30,72975
BANKNIFTY-III.NFO,19/08/2024,09:16:34,51375,51371.8,15,51389.05,60,0,72975
BANKNIFTY-III.NFO,19/08/2024,09:16:36,51375,51374.5,15,51389.95,75,0,72975
BANKNIFTY-III.NFO,19/08/2024,09:16:37,51375,51366.35,15,51389.8,60,0,72975
BANKNIFTY-III.NFO,19/08/2024,09:16:39,51375,51369.05,15,51389.6,60,0,72975
BANKNIFTY-III.NFO,19/08/2024,09:16:41,51370.8,51365.9,30,51384.95,60,30,72975
BANKNIFTY-III.NFO,19/08/2024,09:16:42,51370.8,51370.05,60,51385,300,0,72975
BANKNIFTY-III.NFO,19/08/2024,09:16:44,51375.15,51374.15,15,51385,300,15,72975
BANKNIFTY-III.NFO,19/08/2024,09:16:44,51375.15,51374.15,15,51385,300,0,72975
BANKNIFTY-III.NFO,19/08/2024,09:16:46,51375.15,51375.2,60,51385,300,0,72975
BANKNIFTY-III.NFO,19/08/2024,09:16:48,51376,51380.45,15,51385,300,15,72975
BANKNIFTY-III.NFO,19/08/2024,09:16:48,51376,51380.45,15,51385,300,0,72975
BANKNIFTY-III.NFO,19/08/2024,09:16:49,51380.45,51379.2,15,51385,300,15,72975
BANKNIFTY-III.NFO,19/08/2024,09:16:49,51380.45,51379.2,15,51385,300,0,72975
BANKNIFTY-III.NFO,19/08/2024,09:16:51,51385,51384.9,15,51385,270,30,72975
BANKNIFTY-III.NFO,19/08/2024,09:16:51,51385,51384.9,15,51385,270,0,72975
BANKNIFTY-III.NFO,19/08/2024,09:16:53,51385,51384.9,15,51385,240,30,72975
BANKNIFTY-III.NFO,19/08/2024,09:16:54,51385,51384.95,60,51390,15,240,72975
BANKNIFTY-III.NFO,19/08/2024,09:16:56,51385,51382.2,60,51390,15,0,72975
BANKNIFTY-III.NFO,19/08/2024,09:16:58,51390,51387.15,15,51399.95,60,15,72975
BANKNIFTY-III.NFO,19/08/2024,09:16:58,51390,51387.15,15,51399.95,60,0,72975
BANKNIFTY-III.NFO,19/08/2024,09:16:59,51390,51387.2,60,51399.95,75,0,72975
BANKNIFTY-III.NFO,19/08/2024,09:17:01,51390,51385,45,51397.3,60,0,72975
BANKNIFTY-III.NFO,19/08/2024,09:17:03,51390,51385.05,15,51399.95,75,15,72975
BANKNIFTY-III.NFO,19/08/2024,09:17:04,51388.9,51388.45,15,51399.95,60,15,72975
BANKNIFTY-III.NFO,19/08/2024,09:17:06,51399.95,51385.55,30,51400,75,30,72975
BANKNIFTY-III.NFO,19/08/2024,09:17:06,51399.95,51385.55,30,51400,75,0,72975
BANKNIFTY-III.NFO,19/08/2024,09:17:08,51399.95,51390,45,51399.95,75,30,72975
BANKNIFTY-III.NFO,19/08/2024,09:17:09,51399.35,51390,45,51395.2,15,60,72975
BANKNIFTY-III.NFO,19/08/2024,09:17:11,51390,51385,30,51386.35,30,45,72975
BANKNIFTY-III.NFO,19/08/2024,09:17:13,51385,51379,15,51389.95,30,30,72975
BANKNIFTY-III.NFO,19/08/2024,09:17:14,51385,51379,15,51384.1,15,0,72975
BANKNIFTY-III.NFO,19/08/2024,09:17:16,51376.95,51370.8,15,51376.95,30,90,72975
BANKNIFTY-III.NFO,19/08/2024,09:17:18,51359.45,51361.15,60,51374.8,45,30,72975
BANKNIFTY-III.NFO,19/08/2024,09:17:19,51363.6,51351.05,75,51365.55,15,75,72975
BANKNIFTY-III.NFO,19/08/2024,09:17:21,51363.65,51367.75,60,51381.3,60,15,72975
BANKNIFTY-III.NFO,19/08/2024,09:17:23,51363.65,51372.15,60,51385.6,60,0,72975
BANKNIFTY-III.NFO,19/08/2024,09:17:24,51363.65,51370.6,60,51385.15,75,0,72975
BANKNIFTY-III.NFO,19/08/2024,09:17:26,51370.55,51370.4,15,51383.6,60,165,72975
BANKNIFTY-III.NFO,19/08/2024,09:17:28,51365.8,51365.75,60,51378.8,60,15,72975
BANKNIFTY-III.NFO,19/08/2024,09:17:29,51365.8,51361.25,60,51375.05,60,0,72975
BANKNIFTY-III.NFO,19/08/2024,09:17:31,51375.05,51360,45,51372.65,15,30,72975
BANKNIFTY-III.NFO,19/08/2024,09:17:33,51375.05,51363.35,45,51375.05,15,0,72975
BANKNIFTY-III.NFO,19/08/2024,09:17:34,51375.05,51363.75,30,51378.8,60,0,72975
BANKNIFTY-III.NFO,19/08/2024,09:17:36,51375.05,51363.7,45,51378.7,60,0,72975
BANKNIFTY-III.NFO,19/08/2024,09:17:38,51375.05,51367.05,45,51379.95,75,0,72975
BANKNIFTY-III.NFO,19/08/2024,09:17:39,51375.05,51375.05,30,51380,75,0,72975
BANKNIFTY-III.NFO,19/08/2024,09:17:41,51379.95,51375.05,15,51379.95,45,75,72975
BANKNIFTY-III.NFO,19/08/2024,09:17:43,51375.05,51363.7,60,51375.55,30,15,72975
BANKNIFTY-III.NFO,19/08/2024,09:17:44,51375.05,51363.65,15,51371.2,30,0,72975
BANKNIFTY-III.NFO,19/08/2024,09:17:46,51375.05,51363.65,15,51370.55,30,0,72975
BANKNIFTY-III.NFO,19/08/2024,09:17:48,51375.05,51363.65,15,51373.35,30,0,72975
BANKNIFTY-III.NFO,19/08/2024,09:17:49,51375.05,51363.7,75,51375.55,30,0,72975
BANKNIFTY-III.NFO,19/08/2024,09:17:51,51375.05,51366.55,60,51379.95,30,0,72975
BANKNIFTY-III.NFO,19/08/2024,09:17:53,51375.05,51367,120,51379.95,30,0,72975
BANKNIFTY-III.NFO,19/08/2024,09:17:54,51375.05,51368.7,60,51379.95,45,0,72975
BANKNIFTY-III.NFO,19/08/2024,09:17:56,51375.05,51364.75,60,51379.95,45,0,72975
BANKNIFTY-III.NFO,19/08/2024,09:17:58,51375.05,51365.8,60,51379,30,0,72975
BANKNIFTY-III.NFO,19/08/2024,09:17:59,51375.05,51363.65,15,51375.45,30,0,72975
BANKNIFTY-III.NFO,19/08/2024,09:18:01,51375.05,51363.65,15,51369.25,30,0,72975
BANKNIFTY-III.NFO,19/08/2024,09:18:03,51355.05,51352.9,60,51366.9,45,30,72975
BANKNIFTY-III.NFO,19/08/2024,09:18:04,51355.05,51353.7,60,51367.85,45,0,72975
BANKNIFTY-III.NFO,19/08/2024,09:18:06,51355.05,51351.05,75,51365.8,45,0,72975
BANKNIFTY-III.NFO,19/08/2024,09:18:08,51355.05,51351.05,75,51364.5,45,0,72975
BANKNIFTY-III.NFO,19/08/2024,09:18:09,51355.05,51351.65,75,51364.8,45,0,72975
BANKNIFTY-III.NFO,19/08/2024,09:18:11,51351.2,51351.2,60,51364.8,60,15,72975
BANKNIFTY-III.NFO,19/08/2024,09:18:13,51351.2,51351.05,60,51362.35,60,0,72975
BANKNIFTY-III.NFO,19/08/2024,09:18:14,51351.05,51351,15,51363.85,60,15,72975
BANKNIFTY-III.NFO,19/08/2024,09:18:16,51355,51351,15,51355.6,75,15,72975
BANKNIFTY-III.NFO,19/08/2024,09:18:18,51351,51342.95,45,51352.65,60,15,72975
BANKNIFTY-III.NFO,19/08/2024,09:18:19,51352.65,51339,15,51349.95,60,30,72975
BANKNIFTY-III.NFO,19/08/2024,09:18:21,51341.8,51339,15,51343.8,45,15,72975
BANKNIFTY-III.NFO,19/08/2024,09:18:23,51341.45,51339,15,51341.95,135,30,72975
BANKNIFTY-III.NFO,19/08/2024,09:18:24,51340.25,51340.55,75,51351,75,150,72975
BANKNIFTY-III.NFO,19/08/2024,09:18:26,51351,51338.55,15,51354.4,60,990,72975
BANKNIFTY-III.NFO,19/08/2024,09:18:28,51351,51340.8,15,51355.55,60,0,72975
BANKNIFTY-III.NFO,19/08/2024,09:18:29,51351,51339.95,15,51355.55,60,0,72975
BANKNIFTY-III.NFO,19/08/2024,09:18:31,51356.75,51340.8,45,51356.75,60,30,72705
BANKNIFTY-III.NFO,19/08/2024,09:18:33,51356.75,51342.35,45,51356.7,75,0,72705
BANKNIFTY-III.NFO,19/08/2024,09:18:34,51356.75,51335.05,45,51355.7,60,0,72705
BANKNIFTY-III.NFO,19/08/2024,09:18:36,51356.75,51334.8,45,51349.85,60,0,72705
BANKNIFTY-III.NFO,19/08/2024,09:18:38,51356.75,51334.1,45,51346.8,15,0,72705
BANKNIFTY-III.NFO,19/08/2024,09:18:39,51349.9,51334.05,45,51347.85,165,15,72705
BANKNIFTY-III.NFO,19/08/2024,09:18:41,51349.9,51331,45,51347.8,60,0,72705
BANKNIFTY-III.NFO,19/08/2024,09:18:43,51340.9,51325.05,45,51339,15,135,72705
BANKNIFTY-III.NFO,19/08/2024,09:18:44,51340.9,51325,15,51336.2,60,0,72705
BANKNIFTY-III.NFO,19/08/2024,09:18:46,51335,51325.2,60,51332.35,15,15,72705
BANKNIFTY-III.NFO,19/08/2024,09:18:47,51335,51330,45,51335.6,15,0,72705
BANKNIFTY-III.NFO,19/08/2024,09:18:49,51316.4,51320.05,60,51336.4,15,345,72705
BANKNIFTY-III.NFO,19/08/2024,09:18:51,51316.4,51320.8,60,51335.6,15,0,72705
BANKNIFTY-III.NFO,19/08/2024,09:18:53,51316.4,51318.5,60,51336.85,15,0,72705
BANKNIFTY-III.NFO,19/08/2024,09:18:54,51319.7,51318.75,15,51336.85,15,15,72705
BANKNIFTY-III.NFO,19/08/2024,09:18:56,51319.7,51322.1,15,51340.8,60,0,72705
BANKNIFTY-III.NFO,19/08/2024,09:18:57,51319.7,51322.35,60,51337.75,60,0,72705
BANKNIFTY-III.NFO,19/08/2024,09:18:59,51319.7,51322.5,60,51337.8,15,0,72705
BANKNIFTY-III.NFO,19/08/2024,09:19:01,51319.7,51323.95,60,51339.6,15,0,72705
BANKNIFTY-III.NFO,19/08/2024,09:19:02,51319.7,51323.3,60,51339.55,60,0,72705
BANKNIFTY-III.NFO,19/08/2024,09:19:04,51319.7,51322.75,15,51337.75,60,0,72705
BANKNIFTY-III.NFO,19/08/2024,09:19:07,51337.75,51325.5,15,51342.55,60,15,72705
BANKNIFTY-III.NFO,19/08/2024,09:19:09,51337.75,51323.25,15,51341,60,0,72705
BANKNIFTY-III.NFO,19/08/2024,09:19:11,51324.85,51324.8,15,51334.6,60,15,72705
BANKNIFTY-III.NFO,19/08/2024,09:19:12,51324.85,51324.85,60,51335.15,60,0,72705
BANKNIFTY-III.NFO,19/08/2024,09:19:14,51324.85,51320.05,15,51331.2,60,0,72705
BANKNIFTY-III.NFO,19/08/2024,09:19:16,51320.9,51302.55,30,51320.9,60,105,72705
BANKNIFTY-III.NFO,19/08/2024,09:19:17,51320.9,51309.35,30,51321.95,60,0,72705
BANKNIFTY-III.NFO,19/08/2024,09:19:19,51320.9,51311.35,30,51324.55,15,0,72705
BANKNIFTY-III.NFO,19/08/2024,09:19:20,51320.9,51318,30,51333.9,60,0,72705
BANKNIFTY-III.NFO,19/08/2024,09:19:22,51320.9,51323.5,30,51335,15,60,72705
BANKNIFTY-III.NFO,19/08/2024,09:19:24,51320.9,51319.7,30,51334.95,75,0,72705
BANKNIFTY-III.NFO,19/08/2024,09:19:25,51320.9,51323.1,90,51334.95,75,0,72705
BANKNIFTY-III.NFO,19/08/2024,09:19:27,51320.9,51323.6,30,51335,15,0,72705
BANKNIFTY-III.NFO,19/08/2024,09:19:29,51320.9,51331.35,30,51335,15,0,72705
BANKNIFTY-III.NFO,19/08/2024,09:19:30,51320.9,51329.9,90,51335,15,0,72705
BANKNIFTY-III.NFO,19/08/2024,09:19:32,51320.9,51330.7,30,51335,15,0,72705
BANKNIFTY-III.NFO,19/08/2024,09:19:34,51320.9,51331,30,51335,15,0,72705
BANKNIFTY-III.NFO,19/08/2024,09:19:35,51320.9,51331.5,30,51335,15,0,72705
BANKNIFTY-III.NFO,19/08/2024,09:19:37,51320.9,51331.55,15,51335,15,0,72705
BANKNIFTY-III.NFO,19/08/2024,09:19:42,51335,51331.55,15,51339.95,75,15,72705
BANKNIFTY-III.NFO,19/08/2024,09:19:44,51335,51331.55,15,51339.95,75,0,72705
BANKNIFTY-III.NFO,19/08/2024,09:19:47,51335,51317.65,30,51334.25,60,0,72705
BANKNIFTY-III.NFO,19/08/2024,09:19:49,51335,51310.8,30,51329.9,60,0,72705
BANKNIFTY-III.NFO,19/08/2024,09:19:50,51335,51313.8,15,51325.9,60,0,72705
BANKNIFTY-III.NFO,19/08/2024,09:19:52,51335,51313.8,15,51325.3,60,0,72705
BANKNIFTY-III.NFO,19/08/2024,09:19:54,51335,51300.2,30,51322,60,0,72705
BANKNIFTY-III.NFO,19/08/2024,09:19:55,51335,51306,30,51318.5,60,0,72705
BANKNIFTY-III.NFO,19/08/2024,09:19:57,51335,51308.9,30,51322.1,60,0,72705
BANKNIFTY-III.NFO,19/08/2024,09:19:59,51335,51311.15,15,51320.65,60,0,72705
BANKNIFTY-III.NFO,19/08/2024,09:20:00,51335,51300.1,15,51310.3,60,0,72705
BANKNIFTY-III.NFO,19/08/2024,09:20:02,51298.75,51290.7,60,51303.05,60,90,72705
BANKNIFTY-III.NFO,19/08/2024,09:20:04,51295.9,51279.65,60,51294.85,60,30,72705
BANKNIFTY-III.NFO,19/08/2024,09:20:05,51295.9,51275.05,15,51285.8,60,0,72705
BANKNIFTY-III.NFO,19/08/2024,09:20:07,51289.3,51281.2,60,51294.75,60,15,72705
BANKNIFTY-III.NFO,19/08/2024,09:20:09,51289.3,51285,60,51301.45,45,0,72705
BANKNIFTY-III.NFO,19/08/2024,09:20:10,51289.3,51285.05,15,51298.85,45,0,72705
BANKNIFTY-III.NFO,19/08/2024,09:20:12,51289.3,51275.35,60,51291.4,45,0,72705
BANKNIFTY-III.NFO,19/08/2024,09:20:13,51289.3,51280.05,60,51295.7,45,0,72705
BANKNIFTY-III.NFO,19/08/2024,09:20:15,51290.6,51275.1,15,51285.7,45,15,72705
BANKNIFTY-III.NFO,19/08/2024,09:20:17,51280,51275.05,15,51285.85,60,15,72705
BANKNIFTY-III.NFO,19/08/2024,09:20:18,51280,51275,15,51281.4,45,0,72705
BANKNIFTY-III.NFO,19/08/2024,09:20:20,51280,51275.1,60,51284.45,30,0,72705
BANKNIFTY-III.NFO,19/08/2024,09:20:22,51275.2,51276.1,60,51289.7,45,15,72705
BANKNIFTY-III.NFO,19/08/2024,09:20:23,51275.2,51280,15,51290.5,60,0,72705
BANKNIFTY-III.NFO,19/08/2024,09:20:25,51275.2,51280.05,60,51294.35,60,0,72705
BANKNIFTY-III.NFO,19/08/2024,09:20:27,51275.2,51280.95,60,51294.3,45,0,72705
BANKNIFTY-III.NFO,19/08/2024,09:20:28,51275.2,51282.85,60,51293.6,60,0,72705
BANKNIFTY-III.NFO,19/08/2024,09:20:30,51275.2,51284.75,60,51295.45,60,0,72705
BANKNIFTY-III.NFO,19/08/2024,09:20:32,51275.2,51280.05,60,51293.1,45,0,72705
BANKNIFTY-III.NFO,19/08/2024,09:20:33,51325.35,51282.85,60,51309.05,45,930,72705
BANKNIFTY-III.NFO,19/08/2024,09:20:35,51325.35,51289.75,60,51316.55,45,0,72705
BANKNIFTY-III.NFO,19/08/2024,09:20:37,51325.35,51292.85,60,51319.55,15,0,72705
BANKNIFTY-III.NFO,19/08/2024,09:20:38,51325.35,51300.9,60,51325.55,45,0,72705
BANKNIFTY-III.NFO,19/08/2024,09:20:40,51325.35,51302.95,75,51327.15,15,0,72705
BANKNIFTY-III.NFO,19/08/2024,09:20:42,51325.35,51309.25,75,51325.6,45,0,72705
BANKNIFTY-III.NFO,19/08/2024,09:20:43,51325.35,51310.15,75,51325,30,0,72705
BANKNIFTY-III.NFO,19/08/2024,09:20:45,51325.35,51312.55,60,51325,30,0,72705
BANKNIFTY-III.NFO,19/08/2024,09:20:47,51325.35,51315.15,60,51325,30,0,72705
BANKNIFTY-III.NFO,19/08/2024,09:20:48,51325,51318.15,120,51330,15,30,72705
BANKNIFTY-III.NFO,19/08/2024,09:20:50,51330,51327.6,60,51334,15,15,72705
BANKNIFTY-III.NFO,19/08/2024,09:20:52,51330,51323.9,60,51334,15,0,72705
BANKNIFTY-III.NFO,19/08/2024,09:20:53,51330,51325.25,15,51334,15,0,72705
BANKNIFTY-III.NFO,19/08/2024,09:20:55,51330,51320.55,60,51334,15,0,72705
BANKNIFTY-III.NFO,19/08/2024,09:20:57,51330,51320.5,15,51333.4,15,0,72705
BANKNIFTY-III.NFO,19/08/2024,09:20:59,51330,51312.9,60,51329.6,15,0,72705
BANKNIFTY-III.NFO,19/08/2024,09:21:00,51330,51311.05,75,51324.7,15,0,72705
BANKNIFTY-III.NFO,19/08/2024,09:21:02,51330,51311.2,30,51321.8,15,0,72705
BANKNIFTY-III.NFO,19/08/2024,09:21:04,51330,51311.45,60,51323.5,15,0,72705
BANKNIFTY-III.NFO,19/08/2024,09:21:05,51309.85,51311.6,60,51325.9,60,135,72705
BANKNIFTY-III.NFO,19/08/2024,09:21:07,51309.85,51310.3,60,51321.6,60,0,72705
BANKNIFTY-III.NFO,19/08/2024,09:21:09,51309.85,51310.25,15,51317.3,60,0,72705
BANKNIFTY-III.NFO,19/08/2024,09:21:10,51309.85,51305.4,75,51316.6,60,0,72705
BANKNIFTY-III.NFO,19/08/2024,09:21:12,51309.85,51305.55,30,51321.1,60,0,72705
BANKNIFTY-III.NFO,19/08/2024,09:21:14,51309.85,51309.85,15,51312.95,60,0,72705
BANKNIFTY-III.NFO,19/08/2024,09:21:15,51309.85,51295.4,75,51309.35,60,15,72705
BANKNIFTY-III.NFO,19/08/2024,09:21:17,51309.85,51297.5,75,51307.45,60,0,72705
BANKNIFTY-III.NFO,19/08/2024,09:21:19,51309.85,51295.4,75,51306.9,60,0,72705
BANKNIFTY-III.NFO,19/08/2024,09:21:20,51295.4,51295.4,45,51305.55,60,15,72705
BANKNIFTY-III.NFO,19/08/2024,09:21:22,51295.4,51295.4,45,51303.25,60,0,72705
BANKNIFTY-III.NFO,19/08/2024,09:21:24,51295.4,51295.4,45,51302.45,60,0,72705
BANKNIFTY-III.NFO,19/08/2024,09:21:25,51295.4,51297.9,60,51311.25,60,0,72705
BANKNIFTY-III.NFO,19/08/2024,09:21:27,51296.4,51296.4,30,51311.5,60,30,72705
BANKNIFTY-III.NFO,19/08/2024,09:21:29,51296.4,51295.45,30,51309.15,60,0,72705
BANKNIFTY-III.NFO,19/08/2024,09:21:30,51296.4,51295.45,30,51300,15,0,72705
BANKNIFTY-III.NFO,19/08/2024,09:21:32,51296.4,51295.45,45,51300,15,0,72705
BANKNIFTY-III.NFO,19/08/2024,09:21:35,51299.95,51295.4,45,51300,30,15,72840
BANKNIFTY-III.NFO,19/08/2024,09:21:37,51299.95,51295.45,45,51300,30,0,72840
BANKNIFTY-III.NFO,19/08/2024,09:21:39,51299.95,51295.4,45,51300,30,0,72840
BANKNIFTY-III.NFO,19/08/2024,09:21:40,51295.4,51295.4,15,51300,30,30,72840
BANKNIFTY-III.NFO,19/08/2024,09:21:42,51295.4,51295.4,15,51300,30,0,72840
BANKNIFTY-III.NFO,19/08/2024,09:21:47,51295.4,51295.45,60,51300,30,0,72840
BANKNIFTY-III.NFO,19/08/2024,09:21:49,51295.4,51295.4,15,51300,30,0,72840
BANKNIFTY-III.NFO,19/08/2024,09:21:50,51300,51295.4,15,51303.05,60,30,72840
BANKNIFTY-III.NFO,19/08/2024,09:21:52,51300,51295.45,60,51314.9,60,0,72840
BANKNIFTY-III.NFO,19/08/2024,09:21:54,51300,51295.4,15,51299.05,60,0,72840
BANKNIFTY-III.NFO,19/08/2024,09:21:55,51295.4,51276,45,51295.95,60,15,72840
BANKNIFTY-III.NFO,19/08/2024,09:21:57,51295.4,51276.2,45,51300.75,60,0,72840
BANKNIFTY-III.NFO,19/08/2024,09:21:59,51276.4,51276.5,15,51302.1,60,30,72840
BANKNIFTY-III.NFO,19/08/2024,09:22:00,51276.4,51276.8,15,51301.8,60,0,72840
BANKNIFTY-III.NFO,19/08/2024,09:22:02,51276.4,51277.3,30,51300.65,60,0,72840
BANKNIFTY-III.NFO,19/08/2024,09:22:04,51276.4,51277.3,30,51297.6,60,0,72840
BANKNIFTY-III.NFO,19/08/2024,09:22:05,51276.4,51279.65,15,51307.65,60,0,72840
BANKNIFTY-III.NFO,19/08/2024,09:22:07,51276.4,51280.1,15,51308.1,60,0,72840
BANKNIFTY-III.NFO,19/08/2024,09:22:08,51276.4,51283.35,15,51309.45,60,0,72840
BANKNIFTY-III.NFO,19/08/2024,09:22:10,51276.4,51283.55,15,51310.1,60,0,72840
BANKNIFTY-III.NFO,19/08/2024,09:22:12,51276.4,51283.6,15,51310.95,60,0,72840
BANKNIFTY-III.NFO,19/08/2024,09:22:13,51276.4,51283.5,15,51309.2,60,0,72840
BANKNIFTY-III.NFO,19/08/2024,09:22:15,51276.4,51283.5,15,51309.75,60,0,72840
BANKNIFTY-III.NFO,19/08/2024,09:22:17,51276.4,51283.5,15,51308.05,60,0,72840
BANKNIFTY-III.NFO,19/08/2024,09:22:18,51276.4,51283.5,15,51306.8,60,0,72840
BANKNIFTY-III.NFO,19/08/2024,09:22:20,51276.4,51283.5,15,51305,60,0,72840
BANKNIFTY-III.NFO,19/08/2024,09:22:22,51276.4,51283.5,15,51308.1,60,0,72840
BANKNIFTY-III.NFO,19/08/2024,09:22:23,51276.4,51283.5,15,51310.55,60,0,72840
BANKNIFTY-III.NFO,19/08/2024,09:22:25,51276.4,51289.25,15,51316.3,75,0,72840
BANKNIFTY-III.NFO,19/08/2024,09:22:27,51316.55,51290.55,30,51316.45,60,15,72840
BANKNIFTY-III.NFO,19/08/2024,09:22:28,51316.55,51293.6,30,51320.35,60,0,72840
BANKNIFTY-III.NFO,19/08/2024,09:22:30,51316.55,51292.9,30,51320,60,0,72840
BANKNIFTY-III.NFO,19/08/2024,09:22:31,51316.55,51292.9,30,51318,60,0,72840
BANKNIFTY-III.NFO,19/08/2024,09:22:33,51316.55,51292.9,30,51311.35,60,0,72840
BANKNIFTY-III.NFO,19/08/2024,09:22:35,51316.55,51292.9,30,51300,15,0,72840
BANKNIFTY-III.NFO,19/08/2024,09:22:36,51316.55,51285.1,90,51300,15,0,72840
BANKNIFTY-III.NFO,19/08/2024,09:22:38,51316.55,51288.25,30,51300,15,0,72840
BANKNIFTY-III.NFO,19/08/2024,09:22:40,51316.55,51290.1,105,51300,15,0,72840
BANKNIFTY-III.NFO,19/08/2024,09:22:41,51316.55,51291,30,51300,15,0,72840
BANKNIFTY-III.NFO,19/08/2024,09:22:43,51316.55,51291.5,30,51300,15,0,72840
BANKNIFTY-III.NFO,19/08/2024,09:22:45,51316.55,51291.6,30,51300,15,0,72840
BANKNIFTY-III.NFO,19/08/2024,09:22:46,51316.55,51291.25,30,51300,15,0,72840
BANKNIFTY-III.NFO,19/08/2024,09:22:50,51316.55,51289.65,30,51300,15,0,72840
BANKNIFTY-III.NFO,19/08/2024,09:22:51,51316.55,51287.4,30,51299.95,60,0,72840
BANKNIFTY-III.NFO,19/08/2024,09:22:56,51316.55,51283.95,30,51299.95,60,0,72840
BANKNIFTY-III.NFO,19/08/2024,09:22:58,51316.55,51283.6,30,51299.95,60,0,72840
BANKNIFTY-III.NFO,19/08/2024,09:23:01,51316.55,51277.35,30,51293,60,0,72840
BANKNIFTY-III.NFO,19/08/2024,09:23:03,51316.55,51277.35,30,51294.25,60,0,72840
BANKNIFTY-III.NFO,19/08/2024,09:23:05,51316.55,51277.35,30,51299.35,60,0,72840
BANKNIFTY-III.NFO,19/08/2024,09:23:06,51316.55,51280.4,30,51300,15,0,72840
BANKNIFTY-III.NFO,19/08/2024,09:23:08,51316.55,51281.15,30,51300,15,0,72840
BANKNIFTY-III.NFO,19/08/2024,09:23:10,51316.55,51283.85,30,51300,15,0,72840
BANKNIFTY-III.NFO,19/08/2024,09:23:11,51316.55,51284.35,30,51300,15,0,72840
BANKNIFTY-III.NFO,19/08/2024,09:23:13,51316.55,51284.4,30,51316.4,60,0,72840
BANKNIFTY-III.NFO,19/08/2024,09:23:15,51290.15,51288.9,15,51316.3,60,15,72840
BANKNIFTY-III.NFO,19/08/2024,09:23:16,51290.15,51289,15,51315.05,60,0,72840
BANKNIFTY-III.NFO,19/08/2024,09:23:18,51290.15,51291.2,15,51315.1,60,0,72840
BANKNIFTY-III.NFO,19/08/2024,09:23:20,51290.15,51291.2,15,51314.9,60,0,72840
BANKNIFTY-III.NFO,19/08/2024,09:23:21,51290.15,51291.55,15,51314.7,60,0,72840
BANKNIFTY-III.NFO,19/08/2024,09:23:23,51290.15,51291.65,15,51313.65,60,0,72840
BANKNIFTY-III.NFO,19/08/2024,09:23:25,51290.15,51291.65,15,51314.5,60,0,72840
BANKNIFTY-III.NFO,19/08/2024,09:23:26,51290.15,51292.5,15,51316.3,60,0,72840
BANKNIFTY-III.NFO,19/08/2024,09:23:28,51316.55,51297.1,15,51329.85,60,15,72840
BANKNIFTY-III.NFO,19/08/2024,09:23:30,51316.55,51297.1,15,51321.4,60,0,72840
BANKNIFTY-III.NFO,19/08/2024,09:23:31,51316.55,51297.1,15,51320.65,60,0,72840
BANKNIFTY-III.NFO,19/08/2024,09:23:33,51297.1,51300,30,51322.5,60,15,72840
BANKNIFTY-III.NFO,19/08/2024,09:23:35,51297.1,51300,30,51323.5,60,0,72840
BANKNIFTY-III.NFO,19/08/2024,09:23:36,51297.1,51303.45,30,51329.95,60,0,72840
BANKNIFTY-III.NFO,19/08/2024,09:23:38,51297.1,51307.6,15,51329.95,60,0,72840
BANKNIFTY-III.NFO,19/08/2024,09:23:40,51329.95,51310.1,30,51330,15,15,72840
BANKNIFTY-III.NFO,19/08/2024,09:23:41,51329.95,51312.2,15,51330,15,0,72840
BANKNIFTY-III.NFO,19/08/2024,09:23:43,51312.2,51316.8,15,51330,15,15,72840
BANKNIFTY-III.NFO,19/08/2024,09:23:45,51323,51318.25,15,51330,15,45,72840
BANKNIFTY-III.NFO,19/08/2024,09:23:46,51323,51322,15,51330,15,0,72840
BANKNIFTY-III.NFO,19/08/2024,09:23:56,51323,51319.5,15,51330,15,0,72840
BANKNIFTY-III.NFO,19/08/2024,09:23:58,51330,51319.5,15,51334,15,15,72840
BANKNIFTY-III.NFO,19/08/2024,09:24:00,51330,51319.5,15,51334,15,0,72840
BANKNIFTY-III.NFO,19/08/2024,09:24:05,51330,51322.85,15,51334,15,0,72840
BANKNIFTY-III.NFO,19/08/2024,09:24:06,51330,51326.8,45,51334,15,0,72840
BANKNIFTY-III.NFO,19/08/2024,09:24:08,51330,51327.75,15,51334,15,0,72840
BANKNIFTY-III.NFO,19/08/2024,09:24:10,51334,51327.75,15,51344.95,60,15,72840
BANKNIFTY-III.NFO,19/08/2024,09:24:11,51334,51324.8,15,51340.2,60,0,72840
BANKNIFTY-III.NFO,19/08/2024,09:24:13,51334,51324.8,15,51341.25,60,0,72840
BANKNIFTY-III.NFO,19/08/2024,09:24:15,51334,51321.8,15,51337.9,60,0,72840
BANKNIFTY-III.NFO,19/08/2024,09:24:16,51334,51321.8,15,51340.9,60,0,72840
BANKNIFTY-III.NFO,19/08/2024,09:24:18,51346.35,51321.85,15,51346.35,60,15,72840
BANKNIFTY-III.NFO,19/08/2024,09:24:20,51346.35,51321.85,15,51341.15,60,0,72840
BANKNIFTY-III.NFO,19/08/2024,09:24:21,51346.35,51321.85,15,51339.05,60,0,72840
BANKNIFTY-III.NFO,19/08/2024,09:24:23,51346.35,51313.45,15,51330.1,60,0,72840
BANKNIFTY-III.NFO,19/08/2024,09:24:25,51346.35,51313,15,51329.8,60,0,72840
BANKNIFTY-III.NFO,19/08/2024,09:24:26,51331.05,51312.2,45,51331.05,60,30,72840
BANKNIFTY-III.NFO,19/08/2024,09:24:28,51331.05,51310.05,60,51324.75,60,0,72840
BANKNIFTY-III.NFO,19/08/2024,09:24:30,51331.05,51310,150,51321.7,60,0,72840
BANKNIFTY-III.NFO,19/08/2024,09:24:31,51331.05,51310,150,51319.2,60,0,72840
BANKNIFTY-III.NFO,19/08/2024,09:24:33,51310,51310,135,51316.85,60,15,72855
BANKNIFTY-III.NFO,19/08/2024,09:24:35,51310,51310,135,51310.65,60,0,72855
BANKNIFTY-III.NFO,19/08/2024,09:24:36,51310,51310,60,51311.3,30,75,72855
BANKNIFTY-III.NFO,19/08/2024,09:24:38,51310,51310,30,51315.65,15,30,72855
BANKNIFTY-III.NFO,19/08/2024,09:24:39,51310,51310,30,51321,15,0,72855
BANKNIFTY-III.NFO,19/08/2024,09:24:41,51310,51310,15,51319.6,15,15,72855
BANKNIFTY-III.NFO,19/08/2024,09:24:43,51310,51310,15,51313.6,15,0,72855
BANKNIFTY-III.NFO,19/08/2024,09:24:44,51310,51310,15,51313.85,15,0,72855
BANKNIFTY-III.NFO,19/08/2024,09:24:46,51310,51310,15,51313.3,15,0,72855
BANKNIFTY-III.NFO,19/08/2024,09:24:48,51310,51296.55,60,51314.1,150,15,72855
BANKNIFTY-III.NFO,19/08/2024,09:24:49,51310,51300,30,51311.45,150,0,72855
BANKNIFTY-III.NFO,19/08/2024,09:24:51,51308.55,51300,15,51310.55,150,15,72855
BANKNIFTY-III.NFO,19/08/2024,09:24:53,51308.55,51300,30,51312.7,135,0,72855
BANKNIFTY-III.NFO,19/08/2024,09:24:54,51307.45,51300,15,51306.5,15,15,72855
BANKNIFTY-III.NFO,19/08/2024,09:24:56,51300,51286.2,60,51303.45,120,15,72855
BANKNIFTY-III.NFO,19/08/2024,09:24:58,51300,51286.2,60,51300,15,0,72855
BANKNIFTY-III.NFO,19/08/2024,09:25:04,51284.85,51281.25,60,51299.85,15,15,72855
BANKNIFTY-III.NFO,19/08/2024,09:25:06,51284.85,51280.35,60,51299.3,15,0,72855
BANKNIFTY-III.NFO,19/08/2024,09:25:08,51284.85,51280.35,60,51299.95,15,0,72855
BANKNIFTY-III.NFO,19/08/2024,09:25:18,51284.85,51280.35,60,51295.9,15,0,72855
BANKNIFTY-III.NFO,19/08/2024,09:25:19,51284.85,51280.05,75,51294.75,15,0,72855
BANKNIFTY-III.NFO,19/08/2024,09:25:21,51276.7,51260.05,60,51279.05,90,150,72855
BANKNIFTY-III.NFO,19/08/2024,09:25:23,51285.95,51260.05,60,51280,15,30,72855
BANKNIFTY-III.NFO,19/08/2024,09:25:24,51285.95,51260.05,60,51280,15,0,72855
BANKNIFTY-III.NFO,19/08/2024,09:25:26,51285.95,51260.05,60,51272.6,60,0,72855
BANKNIFTY-III.NFO,19/08/2024,09:25:28,51285.95,51260,300,51269.4,30,0,72855
BANKNIFTY-III.NFO,19/08/2024,09:25:29,51285.95,51260.05,75,51269.1,60,0,72855
BANKNIFTY-III.NFO,19/08/2024,09:25:31,51285.95,51260,300,51267.8,60,0,72855
BANKNIFTY-III.NFO,19/08/2024,09:25:33,51285.95,51260.05,75,51268.15,60,0,72855
BANKNIFTY-III.NFO,19/08/2024,09:25:34,51285.95,51260.05,75,51274.3,60,0,72855
BANKNIFTY-III.NFO,19/08/2024,09:25:36,51285.95,51260.05,75,51279.5,60,0,72855
BANKNIFTY-III.NFO,19/08/2024,09:25:38,51285.95,51260.05,75,51280,15,0,72855
BANKNIFTY-III.NFO,19/08/2024,09:25:41,51285.95,51269.75,60,51280,15,0,72855
BANKNIFTY-III.NFO,19/08/2024,09:25:43,51285.95,51270.15,75,51280,15,0,72855
BANKNIFTY-III.NFO,19/08/2024,09:25:46,51285.95,51274.45,60,51280,15,0,72855
BANKNIFTY-III.NFO,19/08/2024,09:25:48,51280,51279.55,60,51295,15,15,72855
BANKNIFTY-III.NFO,19/08/2024,09:25:49,51280,51283.4,60,51295,15,0,72855
BANKNIFTY-III.NFO,19/08/2024,09:25:53,51280,51280.6,60,51295,15,0,72855
BANKNIFTY-III.NFO,19/08/2024,09:25:54,51280,51282.5,60,51295,15,0,72855
BANKNIFTY-III.NFO,19/08/2024,09:25:56,51280,51283.25,60,51295,15,0,72855
BANKNIFTY-III.NFO,19/08/2024,09:25:58,51280,51285.7,60,51295,15,0,72855
BANKNIFTY-III.NFO,19/08/2024,09:25:59,51295,51292,60,51317.7,15,15,72855
BANKNIFTY-III.NFO,19/08/2024,09:26:01,51295,51295.4,60,51309.55,60,0,72855
BANKNIFTY-III.NFO,19/08/2024,09:26:03,51295,51294.25,60,51312.95,15,0,72855
BANKNIFTY-III.NFO,19/08/2024,09:26:04,51295,51296.7,60,51309.55,15,0,72855
BANKNIFTY-III.NFO,19/08/2024,09:26:09,51295,51300,30,51309.55,15,0,72855
BANKNIFTY-III.NFO,19/08/2024,09:26:11,51295,51300,15,51305,15,0,72855
BANKNIFTY-III.NFO,19/08/2024,09:26:14,51295,51300.05,75,51305,15,0,72855
BANKNIFTY-III.NFO,19/08/2024,09:26:19,51300,51295.05,75,51305,15,15,72855
BANKNIFTY-III.NFO,19/08/2024,09:26:21,51300,51295,15,51302.25,60,0,72855
BANKNIFTY-III.NFO,19/08/2024,09:26:23,51305,51295.05,75,51309.55,15,15,72855
BANKNIFTY-III.NFO,19/08/2024,09:26:24,51305,51294.65,60,51309.55,15,0,72855
BANKNIFTY-III.NFO,19/08/2024,09:26:26,51305,51293.25,60,51309.55,15,0,72855
BANKNIFTY-III.NFO,19/08/2024,09:26:29,51305,51297.4,60,51315.2,15,0,72855
BANKNIFTY-III.NFO,19/08/2024,09:26:31,51305,51299.15,75,51315.2,15,0,72855
BANKNIFTY-III.NFO,19/08/2024,09:26:33,51305,51301.3,60,51315.2,15,0,72855
BANKNIFTY-III.NFO,19/08/2024,09:26:34,51305,51306.3,60,51322.5,60,0,72855
BANKNIFTY-III.NFO,19/08/2024,09:26:36,51305,51308.15,60,51325.45,15,0,72855
BANKNIFTY-III.NFO,19/08/2024,09:26:38,51305,51308.1,15,51324.05,60,0,72855
BANKNIFTY-III.NFO,19/08/2024,09:26:39,51305,51305.05,60,51324,15,0,72855
BANKNIFTY-III.NFO,19/08/2024,09:26:41,51305,51305.05,60,51320.55,60,0,72855
BANKNIFTY-III.NFO,19/08/2024,09:26:43,51322.2,51308.05,60,51323.05,45,15,72855
BANKNIFTY-III.NFO,19/08/2024,09:26:44,51322.2,51308.05,60,51323.8,45,0,72855
BANKNIFTY-III.NFO,19/08/2024,09:26:46,51322.2,51308.05,60,51325.4,45,0,72855
BANKNIFTY-III.NFO,19/08/2024,09:26:48,51322.2,51308.05,60,51324.9,45,0,72855
BANKNIFTY-III.NFO,19/08/2024,09:26:49,51322.2,51308.05,60,51324.85,15,0,72855
BANKNIFTY-III.NFO,19/08/2024,09:26:51,51322.2,51308,15,51316.3,45,0,72855
BANKNIFTY-III.NFO,19/08/2024,09:26:53,51322.2,51308,30,51317.2,45,0,72855
BANKNIFTY-III.NFO,19/08/2024,09:26:54,51322.2,51308,30,51319.25,45,0,72855
BANKNIFTY-III.NFO,19/08/2024,09:26:58,51322.2,51308,15,51309.05,45,0,72855
BANKNIFTY-III.NFO,19/08/2024,09:26:59,51322.2,51308,15,51311.05,45,0,72855
BANKNIFTY-III.NFO,19/08/2024,09:27:01,51322.2,51308,15,51309.2,45,0,72855
BANKNIFTY-III.NFO,19/08/2024,09:27:03,51308,51289.8,60,51305.95,30,15,72855
BANKNIFTY-III.NFO,19/08/2024,09:27:04,51308,51289.8,60,51307.75,30,0,72855
BANKNIFTY-III.NFO,19/08/2024,09:27:06,51308,51289.8,60,51304.75,30,0,72855
BANKNIFTY-III.NFO,19/08/2024,09:27:08,51308,51287.85,60,51300.55,30,0,72855
BANKNIFTY-III.NFO,19/08/2024,09:27:09,51308,51281.7,60,51297.8,30,0,72855
BANKNIFTY-III.NFO,19/08/2024,09:27:11,51308,51281.7,60,51297.75,30,0,72855
BANKNIFTY-III.NFO,19/08/2024,09:27:13,51308,51277.05,60,51293.05,30,0,72855
BANKNIFTY-III.NFO,19/08/2024,09:27:14,51308,51277.05,60,51294.1,30,0,72855
BANKNIFTY-III.NFO,19/08/2024,09:27:16,51308,51279.95,60,51297.3,30,0,72855
BANKNIFTY-III.NFO,19/08/2024,09:27:18,51279.95,51279.95,60,51293.65,15,15,72855
BANKNIFTY-III.NFO,19/08/2024,09:27:19,51279.95,51277.05,60,51292.6,15,0,72855
BANKNIFTY-III.NFO,19/08/2024,09:27:21,51279.95,51275.05,75,51289.3,15,0,72855
BANKNIFTY-III.NFO,19/08/2024,09:27:23,51279.95,51275.05,75,51288.7,15,0,72855
BANKNIFTY-III.NFO,19/08/2024,09:27:24,51279.95,51275.05,75,51293.15,15,0,72855
BANKNIFTY-III.NFO,19/08/2024,09:27:26,51279.95,51275.05,75,51279.95,15,0,72855
BANKNIFTY-III.NFO,19/08/2024,09:27:28,51279.95,51276.1,60,51295.6,15,15,72855
BANKNIFTY-III.NFO,19/08/2024,09:27:29,51279.95,51275.1,60,51291.15,15,0,72855
BANKNIFTY-III.NFO,19/08/2024,09:27:31,51279.95,51275,300,51282.35,15,0,72855
BANKNIFTY-III.NFO,19/08/2024,09:27:33,51279.95,51275,300,51285.35,15,0,72855
BANKNIFTY-III.NFO,19/08/2024,09:27:34,51279.95,51275,300,51282.2,15,0,72855
BANKNIFTY-III.NFO,19/08/2024,09:27:36,51279.95,51275.05,60,51282.75,30,0,72855
BANKNIFTY-III.NFO,19/08/2024,09:27:38,51279.95,51275.05,60,51285.1,30,0,72855
BANKNIFTY-III.NFO,19/08/2024,09:27:39,51279.95,51275,300,51277.8,30,0,72855
BANKNIFTY-III.NFO,19/08/2024,09:27:42,51279.95,51275.05,75,51280.65,30,0,72855
BANKNIFTY-III.NFO,19/08/2024,09:27:44,51279.95,51275.05,60,51283.9,30,0,72855
BANKNIFTY-III.NFO,19/08/2024,09:27:46,51279.95,51275.05,75,51285.2,30,0,72855
BANKNIFTY-III.NFO,19/08/2024,09:27:47,51275.05,51275,300,51275.05,30,120,72930
BANKNIFTY-III.NFO,19/08/2024,09:27:49,51275.05,51275,315,51290.8,60,30,72930
BANKNIFTY-III.NFO,19/08/2024,09:27:51,51275.05,51277.25,15,51295.65,45,0,72930
BANKNIFTY-III.NFO,19/08/2024,09:27:52,51275.05,51277.6,15,51294.4,60,0,72930
BANKNIFTY-III.NFO,19/08/2024,09:27:54,51275.05,51277.6,15,51291.6,15,0,72930
BANKNIFTY-III.NFO,19/08/2024,09:27:56,51275.05,51275,315,51288.65,45,0,72930
BANKNIFTY-III.NFO,19/08/2024,09:27:57,51275.05,51275,315,51287.5,45,0,72930
BANKNIFTY-III.NFO,19/08/2024,09:27:59,51275.05,51275,315,51288.65,30,0,72930
BANKNIFTY-III.NFO,19/08/2024,09:28:01,51275.05,51275,315,51289.55,60,0,72930
BANKNIFTY-III.NFO,19/08/2024,09:28:02,51275.05,51275,300,51286.25,60,0,72930
BANKNIFTY-III.NFO,19/08/2024,09:28:04,51275.05,51275,315,51283.9,30,0,72930
BANKNIFTY-III.NFO,19/08/2024,09:28:06,51275.05,51275,315,51290.45,60,0,72930
BANKNIFTY-III.NFO,19/08/2024,09:28:07,51275.05,51275,315,51292.1,75,0,72930
BANKNIFTY-III.NFO,19/08/2024,09:28:09,51275.05,51275,315,51289.95,75,0,72930
BANKNIFTY-III.NFO,19/08/2024,09:28:11,51275.05,51275,315,51289.15,75,0,72930
BANKNIFTY-III.NFO,19/08/2024,09:28:12,51275.05,51275,300,51283.85,75,0,72930
BANKNIFTY-III.NFO,19/08/2024,09:28:14,51275.05,51275,300,51285.3,75,0,72930
BANKNIFTY-III.NFO,19/08/2024,09:28:16,51275.05,51275,300,51281.6,45,0,72930
BANKNIFTY-III.NFO,19/08/2024,09:28:17,51275.05,51275,300,51280.25,60,0,72930
BANKNIFTY-III.NFO,19/08/2024,09:28:19,51275,51275,225,51276.05,60,75,72930
BANKNIFTY-III.NFO,19/08/2024,09:28:21,51275,51275,195,51278.3,60,30,72930
BANKNIFTY-III.NFO,19/08/2024,09:28:22,51275,51255.7,15,51274.55,60,195,72930
BANKNIFTY-III.NFO,19/08/2024,09:28:24,51275,51253.2,15,51272.25,60,0,72930
BANKNIFTY-III.NFO,19/08/2024,09:28:26,51275,51257.1,30,51272.25,60,0,72930
BANKNIFTY-III.NFO,19/08/2024,09:28:27,51275,51257.4,15,51274.6,15,0,72930
BANKNIFTY-III.NFO,19/08/2024,09:28:29,51257.1,51256.65,15,51274.6,15,30,72930
BANKNIFTY-III.NFO,19/08/2024,09:28:31,51257.1,51256.65,15,51274.55,60,0,72930
BANKNIFTY-III.NFO,19/08/2024,09:28:32,51257.1,51257.5,15,51274.6,15,0,72930
BANKNIFTY-III.NFO,19/08/2024,09:28:34,51257.1,51262.95,15,51278.3,60,0,72930
BANKNIFTY-III.NFO,19/08/2024,09:28:36,51257.1,51257.5,15,51277.4,60,0,72930
BANKNIFTY-III.NFO,19/08/2024,09:28:37,51277.4,51254.8,15,51274.35,60,15,72930
BANKNIFTY-III.NFO,19/08/2024,09:28:39,51277.4,51264.85,15,51282.45,60,0,72930
BANKNIFTY-III.NFO,19/08/2024,09:28:41,51277.4,51271.3,15,51288.9,60,0,72930
BANKNIFTY-III.NFO,19/08/2024,09:28:42,51277.4,51271.3,15,51289.45,60,0,72930
BANKNIFTY-III.NFO,19/08/2024,09:28:44,51277.4,51272.1,15,51289.95,75,0,72930
BANKNIFTY-III.NFO,19/08/2024,09:28:46,51289.95,51274.25,60,51289.95,75,30,72930
BANKNIFTY-III.NFO,19/08/2024,09:28:47,51289.95,51277.45,45,51290,15,0,72930
BANKNIFTY-III.NFO,19/08/2024,09:28:49,51289.95,51279.2,45,51290,15,0,72930
BANKNIFTY-III.NFO,19/08/2024,09:28:51,51289.95,51283.3,45,51290,15,0,72930
BANKNIFTY-III.NFO,19/08/2024,09:28:52,51290,51288.1,45,51304.9,75,15,72930
BANKNIFTY-III.NFO,19/08/2024,09:28:54,51290,51288.05,15,51303.5,60,0,72930
BANKNIFTY-III.NFO,19/08/2024,09:28:56,51290,51288.05,15,51302.85,60,0,72930
BANKNIFTY-III.NFO,19/08/2024,09:28:57,51290,51279.2,45,51297.25,60,0,72930
BANKNIFTY-III.NFO,19/08/2024,09:28:59,51290,51277.4,30,51291.85,60,0,72930
BANKNIFTY-III.NFO,19/08/2024,09:29:01,51277.45,51277.4,15,51290.2,60,15,72930
BANKNIFTY-III.NFO,19/08/2024,09:29:02,51277.45,51277.4,30,51293.4,60,0,72930
BANKNIFTY-III.NFO,19/08/2024,09:29:04,51277.45,51277.4,30,51292.35,60,0,72930
BANKNIFTY-III.NFO,19/08/2024,09:29:06,51277.45,51277.4,15,51286.8,60,0,72930
BANKNIFTY-III.NFO,19/08/2024,09:29:07,51277.45,51277.4,15,51280.35,60,0,72930
BANKNIFTY-III.NFO,19/08/2024,09:29:09,51258.15,51258.95,15,51274.45,60,30,72930
BANKNIFTY-III.NFO,19/08/2024,09:29:11,51258.15,51259.85,15,51276.15,60,0,72930
BANKNIFTY-III.NFO,19/08/2024,09:29:12,51258.15,51260.3,15,51276.15,60,0,72930
BANKNIFTY-III.NFO,19/08/2024,09:29:14,51258.15,51261.75,15,51277,75,0,72930
BANKNIFTY-III.NFO,19/08/2024,09:29:16,51258.15,51258.05,15,51272,60,0,72930
BANKNIFTY-III.NFO,19/08/2024,09:29:17,51258.15,51258,90,51266.3,75,0,72930
BANKNIFTY-III.NFO,19/08/2024,09:29:19,51258.15,51258.05,30,51270.3,60,0,72930
BANKNIFTY-III.NFO,19/08/2024,09:29:21,51258.15,51259.1,15,51273.6,60,0,72930
BANKNIFTY-III.NFO,19/08/2024,09:29:22,51258.15,51258.05,30,51271.65,60,0,72930
BANKNIFTY-III.NFO,19/08/2024,09:29:24,51258.15,51258,105,51270.75,60,0,72930
BANKNIFTY-III.NFO,19/08/2024,09:29:26,51258.15,51258.05,15,51271.2,75,0,72930
BANKNIFTY-III.NFO,19/08/2024,09:29:27,51258.15,51264.5,15,51280.4,60,0,72930
BANKNIFTY-III.NFO,19/08/2024,09:29:29,51258.15,51266.65,15,51281.55,60,0,72930
BANKNIFTY-III.NFO,19/08/2024,09:29:31,51258.15,51263.65,15,51278.1,60,0,72930
BANKNIFTY-III.NFO,19/08/2024,09:29:32,51258.15,51259.8,15,51274.65,60,0,72930
BANKNIFTY-III.NFO,19/08/2024,09:29:34,51258.15,51258.65,15,51272.7,60,0,72930
BANKNIFTY-III.NFO,19/08/2024,09:29:36,51258.15,51259.65,15,51275.95,60,0,72930
BANKNIFTY-III.NFO,19/08/2024,09:29:37,51258.15,51258.05,30,51271.3,60,0,72930
BANKNIFTY-III.NFO,19/08/2024,09:29:39,51258.15,51258.05,30,51273.8,60,0,72930
BANKNIFTY-III.NFO,19/08/2024,09:29:41,51258.15,51259.9,15,51274.05,60,0,72930
BANKNIFTY-III.NFO,19/08/2024,09:29:42,51258.15,51259.9,15,51274.9,60,0,72930
BANKNIFTY-III.NFO,19/08/2024,09:29:44,51258.15,51258.05,30,51274.15,150,0,72930
BANKNIFTY-III.NFO,19/08/2024,09:29:46,51258.15,51258.05,15,51269.75,60,0,72930
BANKNIFTY-III.NFO,19/08/2024,09:29:47,51258.15,51258.05,30,51271.8,60,0,72930
BANKNIFTY-III.NFO,19/08/2024,09:29:49,51258.15,51258,90,51268.25,75,0,72930
BANKNIFTY-III.NFO,19/08/2024,09:29:51,51258.15,51258,105,51268,60,0,72930
BANKNIFTY-III.NFO,19/08/2024,09:29:52,51258.15,51258,90,51264.6,75,0,72930
BANKNIFTY-III.NFO,19/08/2024,09:29:54,51258.15,51258,90,51261.85,60,0,72930
BANKNIFTY-III.NFO,19/08/2024,09:29:56,51258.15,51258,90,51266.05,75,0,72930
BANKNIFTY-III.NFO,19/08/2024,09:29:57,51258.15,51258,90,51265.5,75,0,72930
BANKNIFTY-III.NFO,19/08/2024,09:29:59,51258.15,51258,90,51265.2,60,0,72930
BANKNIFTY-III.NFO,19/08/2024,09:30:01,51258.15,51258.05,30,51272.95,60,0,72930
BANKNIFTY-III.NFO,19/08/2024,09:30:02,51258.15,51258.05,15,51271.35,60,0,72930
BANKNIFTY-III.NFO,19/08/2024,09:30:04,51258.15,51258.05,30,51258.15,15,0,72930
BANKNIFTY-III.NFO,19/08/2024,09:30:06,51258.15,51264.15,15,51276.2,15,15,72930
BANKNIFTY-III.NFO,19/08/2024,09:30:07,51258.15,51264.65,15,51276.2,15,0,72930
BANKNIFTY-III.NFO,19/08/2024,09:30:09,51258.15,51266.2,15,51276.15,60,0,72930
BANKNIFTY-III.NFO,19/08/2024,09:30:11,51258.15,51265.2,15,51276.15,60,0,72930
BANKNIFTY-III.NFO,19/08/2024,09:30:12,51258.15,51258.15,30,51266.8,60,0,72930
BANKNIFTY-III.NFO,19/08/2024,09:30:14,51258.15,51258.15,45,51266.9,60,0,72930
BANKNIFTY-III.NFO,19/08/2024,09:30:16,51258.15,51258.15,45,51268.8,75,0,72930
BANKNIFTY-III.NFO,19/08/2024,09:30:17,51258.15,51258.2,30,51268.85,15,0,72930
BANKNIFTY-III.NFO,19/08/2024,09:30:19,51258.15,51258.15,45,51268.05,60,0,72930
BANKNIFTY-III.NFO,19/08/2024,09:30:21,51258.15,51258.2,30,51268.05,60,0,72930
BANKNIFTY-III.NFO,19/08/2024,09:30:22,51258.15,51258.15,30,51263.45,60,0,72930
BANKNIFTY-III.NFO,19/08/2024,09:30:24,51258,51250.95,30,51253.25,60,120,72930
BANKNIFTY-III.NFO,19/08/2024,09:30:26,51258,51251,15,51260.8,75,0,72930
BANKNIFTY-III.NFO,19/08/2024,09:30:27,51261.25,51251,75,51263.25,45,90,72930
BANKNIFTY-III.NFO,19/08/2024,09:30:29,51261.25,51258,15,51258.5,60,0,72930
BANKNIFTY-III.NFO,19/08/2024,09:30:31,51258,51251,60,51260.85,45,15,72930
BANKNIFTY-III.NFO,19/08/2024,09:30:32,51257.25,51251,75,51262.3,30,15,72930
BANKNIFTY-III.NFO,19/08/2024,09:30:34,51257.25,51251,75,51267.15,45,0,72930
BANKNIFTY-III.NFO,19/08/2024,09:30:36,51257.25,51251.05,60,51263.65,30,0,72930
BANKNIFTY-III.NFO,19/08/2024,09:30:37,51257.25,51253.2,60,51269.65,45,0,72930
BANKNIFTY-III.NFO,19/08/2024,09:30:39,51257.25,51253.2,60,51269.6,30,0,72930
BANKNIFTY-III.NFO,19/08/2024,09:30:41,51257.25,51259.85,60,51276.6,45,0,72930
BANKNIFTY-III.NFO,19/08/2024,09:30:42,51257.25,51259.75,60,51275.4,75,0,72930
BANKNIFTY-III.NFO,19/08/2024,09:30:44,51257.25,51262.9,60,51279.3,45,0,72930
BANKNIFTY-III.NFO,19/08/2024,09:30:46,51284.25,51269.9,75,51286.8,15,15,72930
BANKNIFTY-III.NFO,19/08/2024,09:30:47,51284.25,51268.55,60,51283.25,30,0,72930
BANKNIFTY-III.NFO,19/08/2024,09:30:49,51284.25,51268.55,60,51281.05,30,0,72930
BANKNIFTY-III.NFO,19/08/2024,09:30:51,51284.25,51261.15,60,51276.05,15,0,72930
BANKNIFTY-III.NFO,19/08/2024,09:30:52,51284.25,51263.55,60,51279.35,15,0,72930
BANKNIFTY-III.NFO,19/08/2024,09:30:54,51284.25,51264.55,60,51281.2,15,0,72930
BANKNIFTY-III.NFO,19/08/2024,09:30:56,51284.25,51264.55,60,51278.95,75,0,72930
BANKNIFTY-III.NFO,19/08/2024,09:30:57,51284.25,51264.55,60,51277.2,30,0,72930
BANKNIFTY-III.NFO,19/08/2024,09:30:59,51284.25,51264.55,60,51280.35,15,0,72930
BANKNIFTY-III.NFO,19/08/2024,09:31:01,51284.25,51268.05,60,51279.65,30,0,72930
BANKNIFTY-III.NFO,19/08/2024,09:31:02,51284.25,51268,30,51275.55,15,0,72930
BANKNIFTY-III.NFO,19/08/2024,09:31:04,51284.25,51268,45,51277,15,0,72930
BANKNIFTY-III.NFO,19/08/2024,09:31:06,51284.25,51268.05,75,51278.45,15,0,72930
BANKNIFTY-III.NFO,19/08/2024,09:31:07,51284.25,51268.05,75,51278.55,15,0,72930
BANKNIFTY-III.NFO,19/08/2024,09:31:09,51278.5,51268.05,60,51278.45,45,15,72930
BANKNIFTY-III.NFO,19/08/2024,09:31:11,51278.5,51268,45,51277.1,45,0,72930
BANKNIFTY-III.NFO,19/08/2024,09:31:12,51278.5,51268.05,60,51279.95,45,0,72930
BANKNIFTY-III.NFO,19/08/2024,09:31:14,51278.5,51271.55,60,51289.5,15,0,72930
BANKNIFTY-III.NFO,19/08/2024,09:31:16,51278.5,51276.6,60,51290.95,60,0,72930
BANKNIFTY-III.NFO,19/08/2024,09:31:17,51278.5,51277.45,60,51291.85,15,0,72930
BANKNIFTY-III.NFO,19/08/2024,09:31:19,51278.5,51275.55,60,51292.4,60,0,72930
BANKNIFTY-III.NFO,19/08/2024,09:31:21,51278.5,51278.45,60,51291.85,60,0,72930
BANKNIFTY-III.NFO,19/08/2024,09:31:22,51278.5,51278.45,60,51291.6,60,0,72930
BANKNIFTY-III.NFO,19/08/2024,09:31:24,51278.5,51275.4,60,51291.05,60,0,72930
BANKNIFTY-III.NFO,19/08/2024,09:31:25,51278.5,51270.4,60,51284.15,45,0,72930
BANKNIFTY-III.NFO,19/08/2024,09:31:27,51278.5,51270.4,60,51277,15,0,72930
BANKNIFTY-III.NFO,19/08/2024,09:31:29,51278.5,51273.35,60,51277,15,0,72930
BANKNIFTY-III.NFO,19/08/2024,09:31:30,51277,51275.8,60,51292.95,60,15,72930
BANKNIFTY-III.NFO,19/08/2024,09:31:32,51277,51276.4,60,51292.75,60,0,72930
BANKNIFTY-III.NFO,19/08/2024,09:31:34,51277,51276.4,60,51289.75,15,0,72930
BANKNIFTY-III.NFO,19/08/2024,09:31:35,51277,51273.35,60,51285.7,45,0,72930
BANKNIFTY-III.NFO,19/08/2024,09:31:37,51277,51272.85,60,51290,45,0,72930
BANKNIFTY-III.NFO,19/08/2024,09:31:39,51277,51282.15,60,51300,30,0,72930
BANKNIFTY-III.NFO,19/08/2024,09:31:40,51277,51290.9,75,51300,15,0,72930
BANKNIFTY-III.NFO,19/08/2024,09:31:42,51277,51292.1,60,51300,15,0,72930
BANKNIFTY-III.NFO,19/08/2024,09:31:44,51277,51282.15,60,51300,30,0,72930
BANKNIFTY-III.NFO,19/08/2024,09:31:47,51300,51285.1,60,51300.45,15,15,72930
BANKNIFTY-III.NFO,19/08/2024,09:31:49,51300,51293.4,60,51305.05,15,0,72930
BANKNIFTY-III.NFO,19/08/2024,09:31:51,51300,51296,60,51305.05,15,0,72930
BANKNIFTY-III.NFO,19/08/2024,09:31:54,51300,51293.4,60,51305.05,15,0,72930
BANKNIFTY-III.NFO,19/08/2024,09:31:56,51300,51297.25,60,51305.05,15,0,72930
BANKNIFTY-III.NFO,19/08/2024,09:31:57,51305.05,51305.15,60,51321.4,15,15,72930
BANKNIFTY-III.NFO,19/08/2024,09:31:59,51305.05,51305.1,15,51318.35,15,0,72930
BANKNIFTY-III.NFO,19/08/2024,09:32:01,51305.05,51298.5,60,51312.75,15,0,72930
BANKNIFTY-III.NFO,19/08/2024,09:32:02,51305.05,51293.9,60,51309,15,0,72930
BANKNIFTY-III.NFO,19/08/2024,09:32:04,51305.05,51296.8,60,51313.45,45,0,72930
BANKNIFTY-III.NFO,19/08/2024,09:32:06,51305.05,51294.65,60,51310.15,60,0,72930
BANKNIFTY-III.NFO,19/08/2024,09:32:07,51305.05,51292.65,60,51307.4,15,0,72930
BANKNIFTY-III.NFO,19/08/2024,09:32:09,51305.05,51289.35,60,51304.25,15,0,72930
BANKNIFTY-III.NFO,19/08/2024,09:32:12,51305.05,51289.8,60,51305.7,60,0,72930
BANKNIFTY-III.NFO,19/08/2024,09:32:14,51305.05,51295.55,60,51311.7,15,0,72930
BANKNIFTY-III.NFO,19/08/2024,09:32:16,51305.05,51293.6,60,51309.05,45,0,72930
BANKNIFTY-III.NFO,19/08/2024,09:32:17,51307.5,51292.25,60,51308.1,45,15,72930
BANKNIFTY-III.NFO,19/08/2024,09:32:19,51307.5,51289.8,60,51304.35,45,0,72930
BANKNIFTY-III.NFO,19/08/2024,09:32:21,51307.5,51296.35,210,51311.7,15,0,72930
BANKNIFTY-III.NFO,19/08/2024,09:32:22,51307.5,51296.65,60,51311.7,60,0,72930
BANKNIFTY-III.NFO,19/08/2024,09:32:24,51307.5,51300,15,51310.6,60,0,72930
BANKNIFTY-III.NFO,19/08/2024,09:32:26,51307.5,51300,30,51311.6,15,0,72930
BANKNIFTY-III.NFO,19/08/2024,09:32:27,51307.5,51300,30,51312.5,60,0,72930
BANKNIFTY-III.NFO,19/08/2024,09:32:29,51312.4,51296.45,60,51311.2,15,15,72930
BANKNIFTY-III.NFO,19/08/2024,09:32:31,51312.4,51298.45,60,51313.6,15,0,72930
BANKNIFTY-III.NFO,19/08/2024,09:32:32,51312.4,51299.6,60,51314.4,15,0,72930
BANKNIFTY-III.NFO,19/08/2024,09:32:34,51312.4,51308.7,60,51320,165,0,72930
BANKNIFTY-III.NFO,19/08/2024,09:32:36,51320,51320.8,60,51326.35,15,165,72930
BANKNIFTY-III.NFO,19/08/2024,09:32:37,51320,51318.45,15,51326.4,15,0,72930
BANKNIFTY-III.NFO,19/08/2024,09:32:39,51320,51322.4,60,51326.4,15,0,72930
BANKNIFTY-III.NFO,19/08/2024,09:32:41,51320,51320.8,15,51326.4,15,0,72930
BANKNIFTY-III.NFO,19/08/2024,09:32:42,51326.7,51327.55,105,51331.65,15,30,72930
BANKNIFTY-III.NFO,19/08/2024,09:32:44,51326.7,51326.1,60,51331.7,15,0,72930
BANKNIFTY-III.NFO,19/08/2024,09:32:46,51326.7,51324.1,60,51331.7,15,0,72930
BANKNIFTY-III.NFO,19/08/2024,09:32:47,51333,51326.65,15,51335,15,30,72930
BANKNIFTY-III.NFO,19/08/2024,09:32:49,51335,51334.7,90,51339,30,15,72930
BANKNIFTY-III.NFO,19/08/2024,09:32:51,51335,51327.5,60,51339,30,0,72930
BANKNIFTY-III.NFO,19/08/2024,09:32:52,51335,51327.65,15,51339,30,0,72930
BANKNIFTY-III.NFO,19/08/2024,09:32:54,51335,51331.5,15,51339,30,0,72930
BANKNIFTY-III.NFO,19/08/2024,09:32:56,51335,51329.3,90,51339,30,0,72930
BANKNIFTY-III.NFO,19/08/2024,09:32:57,51335,51329.1,90,51339,30,0,72930
BANKNIFTY-III.NFO,19/08/2024,09:32:59,51335,51327.2,60,51339,30,0,72930
BANKNIFTY-III.NFO,19/08/2024,09:33:00,51323,51320.85,60,51338.15,15,15,72930
BANKNIFTY-III.NFO,19/08/2024,09:33:02,51323,51327.35,60,51339,30,0,72930
BANKNIFTY-III.NFO,19/08/2024,09:33:04,51323,51332.75,60,51339,30,0,72930
BANKNIFTY-III.NFO,19/08/2024,09:33:05,51349,51346.1,60,51349.9,15,105,72930
BANKNIFTY-III.NFO,19/08/2024,09:33:07,51350,51337.85,15,51350,180,45,72930
BANKNIFTY-III.NFO,19/08/2024,09:33:09,51350,51334.6,60,51350,165,0,72930
BANKNIFTY-III.NFO,19/08/2024,09:33:10,51350,51334.6,60,51349.95,15,0,72930
BANKNIFTY-III.NFO,19/08/2024,09:33:14,51350,51327.95,60,51345.9,15,0,72930
BANKNIFTY-III.NFO,19/08/2024,09:33:17,51345.9,51327.95,60,51347.3,15,15,72930
BANKNIFTY-III.NFO,19/08/2024,09:33:19,51345.9,51327.95,60,51347.3,15,0,72930
BANKNIFTY-III.NFO,19/08/2024,09:33:20,51345.9,51324.85,60,51345.2,150,0,72930
BANKNIFTY-III.NFO,19/08/2024,09:33:22,51342,51323.05,75,51342.35,15,15,72930
BANKNIFTY-III.NFO,19/08/2024,09:33:24,51342,51323.05,75,51341.05,15,0,72930
BANKNIFTY-III.NFO,19/08/2024,09:33:27,51342,51323.05,75,51340.5,15,0,72930
BANKNIFTY-III.NFO,19/08/2024,09:33:30,51342,51323.05,75,51337.3,15,0,72930
BANKNIFTY-III.NFO,19/08/2024,09:33:32,51342,51323,15,51335.5,15,0,72930
BANKNIFTY-III.NFO,19/08/2024,09:33:34,51342,51323,15,51334.05,15,0,72930
BANKNIFTY-III.NFO,19/08/2024,09:33:35,51323,51306.8,60,51325.8,150,15,72840
BANKNIFTY-III.NFO,19/08/2024,09:33:37,51323,51306.8,60,51326.15,15,0,72840
BANKNIFTY-III.NFO,19/08/2024,09:33:39,51323,51303.1,60,51323.05,15,0,72840
BANKNIFTY-III.NFO,19/08/2024,09:33:40,51323,51303.1,60,51323,15,0,72840
BANKNIFTY-III.NFO,19/08/2024,09:33:42,51323,51300.05,75,51318.7,165,0,72840
BANKNIFTY-III.NFO,19/08/2024,09:33:44,51323,51300.05,60,51312.6,15,0,72840
BANKNIFTY-III.NFO,19/08/2024,09:33:45,51323,51300.05,75,51312.6,15,0,72840
BANKNIFTY-III.NFO,19/08/2024,09:33:47,51323,51300.05,75,51315.55,15,0,72840
BANKNIFTY-III.NFO,19/08/2024,09:33:52,51315.55,51300.05,75,51316.75,15,15,72840
BANKNIFTY-III.NFO,19/08/2024,09:33:54,51315.55,51300.05,75,51316.75,15,0,72840
BANKNIFTY-III.NFO,19/08/2024,09:33:55,51315.55,51300.05,75,51320.6,15,0,72840
BANKNIFTY-III.NFO,19/08/2024,09:34:04,51315.55,51300.05,75,51323.05,15,0,72840
BANKNIFTY-III.NFO,19/08/2024,09:34:12,51315.55,51301.9,60,51326.15,15,0,72840
BANKNIFTY-III.NFO,19/08/2024,09:34:14,51315.55,51302.9,60,51329.75,15,0,72840
BANKNIFTY-III.NFO,19/08/2024,09:34:15,51315.55,51312.2,60,51334.8,15,0,72840
BANKNIFTY-III.NFO,19/08/2024,09:34:29,51315.55,51311.55,60,51334.8,15,0,72840
BANKNIFTY-III.NFO,19/08/2024,09:34:30,51334.8,51311.55,60,51333.25,165,15,72840
BANKNIFTY-III.NFO,19/08/2024,09:34:32,51334.8,51308.05,60,51329.55,15,0,72840
BANKNIFTY-III.NFO,19/08/2024,09:34:34,51334.8,51302.8,60,51327.5,165,0,72840
BANKNIFTY-III.NFO,19/08/2024,09:34:35,51334.8,51302.8,60,51323.8,15,0,72840
BANKNIFTY-III.NFO,19/08/2024,09:34:52,51334.8,51302.25,60,51323.75,15,0,72840
BANKNIFTY-III.NFO,19/08/2024,09:34:54,51334.8,51301.55,60,51320.9,15,0,72840
BANKNIFTY-III.NFO,19/08/2024,09:34:56,51334.8,51300.1,60,51319.65,150,0,72840
BANKNIFTY-III.NFO,19/08/2024,09:34:57,51334.8,51300.1,60,51316.9,15,0,72840
BANKNIFTY-III.NFO,19/08/2024,09:34:59,51334.8,51300,45,51316.25,165,0,72840
BANKNIFTY-III.NFO,19/08/2024,09:35:01,51334.8,51300.05,60,51316.9,15,0,72840
BANKNIFTY-III.NFO,19/08/2024,09:35:02,51334.8,51300.05,60,51315.35,15,0,72840
BANKNIFTY-III.NFO,19/08/2024,09:35:06,51334.8,51300.05,60,51319.75,15,0,72840
BANKNIFTY-III.NFO,19/08/2024,09:35:07,51334.8,51300.05,60,51323.1,15,0,72840
BANKNIFTY-III.NFO,19/08/2024,09:35:09,51334.8,51300.05,60,51322.9,150,0,72840
BANKNIFTY-III.NFO,19/08/2024,09:35:11,51334.8,51300.05,60,51321.75,15,0,72840
BANKNIFTY-III.NFO,19/08/2024,09:35:12,51321.75,51300.05,60,51321.5,15,15,72840
BANKNIFTY-III.NFO,19/08/2024,09:35:14,51321.75,51300.05,60,51321.5,15,0,72840
BANKNIFTY-III.NFO,19/08/2024,09:35:16,51321.75,51300.05,60,51323.8,15,0,72840
BANKNIFTY-III.NFO,19/08/2024,09:35:27,51321.75,51300.45,75,51324.25,15,0,72840
BANKNIFTY-III.NFO,19/08/2024,09:35:29,51321.75,51303.7,60,51329.55,15,0,72840
BANKNIFTY-III.NFO,19/08/2024,09:35:30,51321.75,51309.6,60,51332.25,15,0,72840
BANKNIFTY-III.NFO,19/08/2024,09:35:37,51321.75,51309.6,60,51331.1,165,0,72840
BANKNIFTY-III.NFO,19/08/2024,09:35:39,51321.75,51301.5,60,51329.85,150,0,72840
BANKNIFTY-III.NFO,19/08/2024,09:35:40,51321.75,51301.6,60,51329.95,15,0,72840
BANKNIFTY-III.NFO,19/08/2024,09:35:42,51321.75,51301.6,60,51329.2,150,0,72840
BANKNIFTY-III.NFO,19/08/2024,09:35:43,51321.75,51301.5,60,51323.7,15,0,72840
BANKNIFTY-III.NFO,19/08/2024,09:35:45,51321.75,51300.05,75,51317.85,165,0,72840
BANKNIFTY-III.NFO,19/08/2024,09:35:47,51321.75,51300,45,51315.1,15,0,72840
BANKNIFTY-III.NFO,19/08/2024,09:35:48,51321.75,51300,60,51314.4,15,0,72840
BANKNIFTY-III.NFO,19/08/2024,09:35:50,51321.75,51300,45,51313.25,15,0,72840
BANKNIFTY-III.NFO,19/08/2024,09:35:53,51300,51300,45,51310,30,15,72840
BANKNIFTY-III.NFO,19/08/2024,09:35:55,51300,51300,45,51310,30,0,72840
BANKNIFTY-III.NFO,19/08/2024,09:35:58,51300,51300.05,75,51310,15,0,72840
BANKNIFTY-III.NFO,19/08/2024,09:36:00,51300,51300,45,51310,30,0,72840
BANKNIFTY-III.NFO,19/08/2024,09:36:02,51300,51300.05,75,51310,15,0,72840
BANKNIFTY-III.NFO,19/08/2024,09:36:03,51300,51300.05,75,51305,15,0,72840
BANKNIFTY-III.NFO,19/08/2024,09:36:05,51300,51300.05,60,51305,15,0,72840
BANKNIFTY-III.NFO,19/08/2024,09:36:07,51305,51300.05,75,51319.85,15,15,72840
BANKNIFTY-III.NFO,19/08/2024,09:36:09,51305,51300.05,75,51319.85,15,0,72840
BANKNIFTY-III.NFO,19/08/2024,09:36:15,51319.85,51300.05,75,51320.3,15,15,72840
BANKNIFTY-III.NFO,19/08/2024,09:36:17,51319.85,51300.05,75,51320.3,15,0,72840
BANKNIFTY-III.NFO,19/08/2024,09:36:19,51319.85,51300.05,60,51317.5,165,0,72840
BANKNIFTY-III.NFO,19/08/2024,09:36:20,51319.85,51300.05,75,51317.5,15,0,72840
BANKNIFTY-III.NFO,19/08/2024,09:36:25,51319.85,51300.05,75,51314.45,15,0,72840
BANKNIFTY-III.NFO,19/08/2024,09:36:27,51319.85,51300,45,51314.1,150,0,72840
BANKNIFTY-III.NFO,19/08/2024,09:36:29,51319.85,51300,45,51312.95,15,0,72840
BANKNIFTY-III.NFO,19/08/2024,09:36:30,51319.85,51300,45,51312.5,15,0,72840
BANKNIFTY-III.NFO,19/08/2024,09:36:32,51319.85,51300,45,51311.05,15,0,72840
BANKNIFTY-III.NFO,19/08/2024,09:36:34,51319.85,51300.05,60,51312.5,15,0,72840
BANKNIFTY-III.NFO,19/08/2024,09:36:35,51319.85,51300,45,51312.1,150,0,72840
BANKNIFTY-III.NFO,19/08/2024,09:36:37,51319.85,51300,60,51312.5,15,0,72840
BANKNIFTY-III.NFO,19/08/2024,09:36:39,51319.85,51300,60,51311.7,165,0,72840
BANKNIFTY-III.NFO,19/08/2024,09:36:40,51300,51300,45,51307.35,15,15,72885
BANKNIFTY-III.NFO,19/08/2024,09:36:42,51300,51300,45,51306.35,165,0,72885
BANKNIFTY-III.NFO,19/08/2024,09:36:44,51307.9,51300,45,51307.85,165,15,72885
BANKNIFTY-III.NFO,19/08/2024,09:36:45,51300,51300,30,51300.9,165,15,72885
BANKNIFTY-III.NFO,19/08/2024,09:36:47,51300,51300,30,51301.85,15,0,72885
BANKNIFTY-III.NFO,19/08/2024,09:36:49,51300,51279.1,60,51298.6,150,30,72885
BANKNIFTY-III.NFO,19/08/2024,09:36:50,51300,51279.1,60,51295.45,15,0,72885
BANKNIFTY-III.NFO,19/08/2024,09:36:52,51295.45,51279.1,60,51297.6,15,15,72885
BANKNIFTY-III.NFO,19/08/2024,09:36:54,51295.45,51279.1,60,51297.6,15,0,72885
BANKNIFTY-III.NFO,19/08/2024,09:36:59,51277.6,51279.15,60,51297.55,60,150,72885
BANKNIFTY-III.NFO,19/08/2024,09:37:00,51277.6,51279.15,60,51297.55,60,0,72885
BANKNIFTY-III.NFO,19/08/2024,09:37:05,51277.6,51277.85,60,51297.55,60,0,72885
BANKNIFTY-III.NFO,19/08/2024,09:37:07,51277.6,51277.1,60,51295,60,0,72885
BANKNIFTY-III.NFO,19/08/2024,09:37:10,51277.6,51273.05,60,51291.85,60,0,72885
BANKNIFTY-III.NFO,19/08/2024,09:37:12,51277.6,51269.45,60,51288.4,60,0,72885
BANKNIFTY-III.NFO,19/08/2024,09:37:14,51277.6,51266.4,60,51285.75,15,0,72885
BANKNIFTY-III.NFO,19/08/2024,09:37:15,51277.6,51265.05,60,51284.35,60,0,72885
BANKNIFTY-III.NFO,19/08/2024,09:37:17,51277.6,51265.05,60,51284.4,15,0,72885
BANKNIFTY-III.NFO,19/08/2024,09:37:19,51277.6,51267,60,51288.45,15,0,72885
BANKNIFTY-III.NFO,19/08/2024,09:37:20,51277.6,51269.95,60,51290.2,60,0,72885
BANKNIFTY-III.NFO,19/08/2024,09:37:22,51277.6,51269.85,60,51290.2,60,0,72885
BANKNIFTY-III.NFO,19/08/2024,09:37:24,51277.6,51269.85,60,51289.8,15,0,72885
BANKNIFTY-III.NFO,19/08/2024,09:37:25,51277.6,51269.85,60,51289.75,60,0,72885
BANKNIFTY-III.NFO,19/08/2024,09:37:32,51277.6,51269.85,60,51289.8,15,0,72885
BANKNIFTY-III.NFO,19/08/2024,09:37:34,51277.6,51269.95,60,51291.9,15,0,72885
BANKNIFTY-III.NFO,19/08/2024,09:37:35,51277.6,51271.95,60,51291.85,60,0,72885
BANKNIFTY-III.NFO,19/08/2024,09:37:39,51271.95,51271.95,45,51291,60,15,72885
BANKNIFTY-III.NFO,19/08/2024,09:37:40,51271.95,51271.95,45,51291,60,0,72885
BANKNIFTY-III.NFO,19/08/2024,09:37:47,51271.95,51268.9,45,51286.15,60,0,72885
BANKNIFTY-III.NFO,19/08/2024,09:37:49,51271.95,51265.05,45,51282.9,60,0,72885
BANKNIFTY-III.NFO,19/08/2024,09:37:51,51271.95,51260.05,60,51280.6,60,0,72885
BANKNIFTY-III.NFO,19/08/2024,09:37:54,51271.95,51261.45,45,51282.9,60,0,72885
BANKNIFTY-III.NFO,19/08/2024,09:38:01,51271.95,51261.55,45,51284.95,60,0,72885
BANKNIFTY-III.NFO,19/08/2024,09:38:02,51271.95,51263.2,45,51284.95,60,0,72885
BANKNIFTY-III.NFO,19/08/2024,09:38:04,51284.95,51264.2,60,51284.95,45,30,72885
BANKNIFTY-III.NFO,19/08/2024,09:38:06,51284.95,51270.65,60,51289.15,45,0,72885
BANKNIFTY-III.NFO,19/08/2024,09:38:09,51270.65,51270.65,60,51289.15,60,15,72885
BANKNIFTY-III.NFO,19/08/2024,09:38:11,51270.65,51270.65,60,51291,60,0,72885
BANKNIFTY-III.NFO,19/08/2024,09:38:12,51270.65,51271.1,60,51291,60,0,72885
BANKNIFTY-III.NFO,19/08/2024,09:38:21,51270.65,51271.5,75,51291,60,0,72885
BANKNIFTY-III.NFO,19/08/2024,09:38:26,51270.65,51272.05,60,51288.55,60,0,72885
BANKNIFTY-III.NFO,19/08/2024,09:38:27,51270.65,51272,165,51288.55,60,0,72885
BANKNIFTY-III.NFO,19/08/2024,09:38:29,51270.65,51272,150,51285.35,60,0,72885
BANKNIFTY-III.NFO,19/08/2024,09:38:31,51270.65,51272,150,51284.9,60,0,72885
BANKNIFTY-III.NFO,19/08/2024,09:38:32,51270.65,51272,150,51283.65,60,0,72885
BANKNIFTY-III.NFO,19/08/2024,09:38:36,51270.65,51272,165,51286.1,60,0,72885
BANKNIFTY-III.NFO,19/08/2024,09:38:37,51270.65,51272,165,51284.45,60,0,72885
BANKNIFTY-III.NFO,19/08/2024,09:38:39,51270.65,51272,150,51284.45,210,0,72885
BANKNIFTY-III.NFO,19/08/2024,09:38:41,51270.65,51272,165,51284.4,60,0,72885
BANKNIFTY-III.NFO,19/08/2024,09:38:42,51270.65,51272.05,60,51286.1,60,0,72885
BANKNIFTY-III.NFO,19/08/2024,09:38:44,51270.65,51272,165,51286.1,60,0,72885
BANKNIFTY-III.NFO,19/08/2024,09:38:46,51270.65,51272,150,51283.65,60,0,72885
BANKNIFTY-III.NFO,19/08/2024,09:38:49,51270.65,51272,150,51283.05,60,0,72885
BANKNIFTY-III.NFO,19/08/2024,09:38:51,51270.65,51272,150,51280.4,60,0,72885
BANKNIFTY-III.NFO,19/08/2024,09:38:52,51270.65,51272,150,51278.7,75,0,72885
BANKNIFTY-III.NFO,19/08/2024,09:38:54,51272,51270,15,51272.75,60,150,72885
BANKNIFTY-III.NFO,19/08/2024,09:38:56,51272,51270,15,51273.7,60,0,72885
BANKNIFTY-III.NFO,19/08/2024,09:38:57,51272,51270,15,51278.4,75,0,72885
BANKNIFTY-III.NFO,19/08/2024,09:38:59,51272,51270,15,51275.2,60,0,72885
BANKNIFTY-III.NFO,19/08/2024,09:39:01,51270,51260,15,51268.05,60,15,72885
BANKNIFTY-III.NFO,19/08/2024,09:39:02,51270,51260.05,75,51275.8,60,0,72885
BANKNIFTY-III.NFO,19/08/2024,09:39:07,51270,51260.05,75,51273.7,60,0,72885
BANKNIFTY-III.NFO,19/08/2024,09:39:09,51270,51260.05,75,51273.3,75,0,72885
BANKNIFTY-III.NFO,19/08/2024,09:39:12,51270,51264.05,60,51280.9,60,0,72885
BANKNIFTY-III.NFO,19/08/2024,09:39:16,51270,51263.05,60,51279.5,60,0,72885
BANKNIFTY-III.NFO,19/08/2024,09:39:17,51270,51263.05,60,51280.9,60,0,72885
BANKNIFTY-III.NFO,19/08/2024,09:39:19,51270,51266.7,60,51285.65,60,0,72885
BANKNIFTY-III.NFO,19/08/2024,09:39:21,51270,51269.6,60,51287.5,60,0,72885
BANKNIFTY-III.NFO,19/08/2024,09:39:24,51270,51266.7,60,51283.55,60,0,72885
BANKNIFTY-III.NFO,19/08/2024,09:39:26,51270,51270.05,60,51286.2,60,0,72885
BANKNIFTY-III.NFO,19/08/2024,09:39:27,51270,51272.35,60,51291,60,0,72885
BANKNIFTY-III.NFO,19/08/2024,09:39:29,51270,51275.25,60,51294.05,60,0,72885
BANKNIFTY-III.NFO,19/08/2024,09:39:31,51270,51275.25,60,51292,60,0,72885
BANKNIFTY-III.NFO,19/08/2024,09:39:32,51270,51270.05,60,51286.55,60,0,72885
BANKNIFTY-III.NFO,19/08/2024,09:39:34,51270,51270.05,60,51285.3,60,0,72885
BANKNIFTY-III.NFO,19/08/2024,09:39:36,51270,51270.05,60,51284,60,0,72885
BANKNIFTY-III.NFO,19/08/2024,09:39:37,51270,51270,30,51282.95,60,0,72885
BANKNIFTY-III.NFO,19/08/2024,09:39:39,51270,51270,15,51278.5,75,0,72885
BANKNIFTY-III.NFO,19/08/2024,09:39:41,51270,51270,15,51279.65,75,0,72885
BANKNIFTY-III.NFO,19/08/2024,09:39:42,51270,51270,15,51274.2,60,0,72885
BANKNIFTY-III.NFO,19/08/2024,09:39:46,51270,51270,15,51272.2,75,0,72885
BANKNIFTY-III.NFO,19/08/2024,09:39:47,51270,51270,15,51274.4,60,0,72885
BANKNIFTY-III.NFO,19/08/2024,09:39:49,51270,51270,15,51277.4,75,0,72885
BANKNIFTY-III.NFO,19/08/2024,09:39:51,51270,51270,15,51280.1,75,0,72885
BANKNIFTY-III.NFO,19/08/2024,09:39:52,51270,51270,30,51283.95,75,0,72885
BANKNIFTY-III.NFO,19/08/2024,09:39:54,51270,51270.05,60,51284.1,75,0,72885
BANKNIFTY-III.NFO,19/08/2024,09:39:57,51270,51270.05,60,51288.7,60,0,72885
BANKNIFTY-III.NFO,19/08/2024,09:40:04,51290.55,51270.7,60,51290.55,30,30,72765
BANKNIFTY-III.NFO,19/08/2024,09:40:06,51290.55,51270.7,60,51289.45,30,0,72765
BANKNIFTY-III.NFO,19/08/2024,09:40:07,51290.55,51272.15,60,51290.55,30,0,72765
BANKNIFTY-III.NFO,19/08/2024,09:40:09,51290.55,51280.3,60,51298.6,30,0,72765
BANKNIFTY-III.NFO,19/08/2024,09:40:12,51290.55,51280.8,60,51299.2,30,0,72765
BANKNIFTY-III.NFO,19/08/2024,09:40:19,51290.55,51284.25,60,51303.2,30,0,72765
BANKNIFTY-III.NFO,19/08/2024,09:40:21,51290.55,51287.6,60,51305.55,30,0,72765
BANKNIFTY-III.NFO,19/08/2024,09:40:24,51290.55,51291.55,60,51307.8,30,0,72765
BANKNIFTY-III.NFO,19/08/2024,09:40:26,51290.55,51295.35,60,51311.8,30,0,72765
BANKNIFTY-III.NFO,19/08/2024,09:40:29,51290.55,51291.6,60,51307.9,30,0,72765
BANKNIFTY-III.NFO,19/08/2024,09:40:31,51290.55,51287.6,60,51304.45,30,0,72765
BANKNIFTY-III.NFO,19/08/2024,09:40:34,51290.55,51286.5,60,51290,15,0,72765
BANKNIFTY-III.NFO,19/08/2024,09:40:36,51290.55,51284.15,75,51290,15,0,72765
BANKNIFTY-III.NFO,19/08/2024,09:40:37,51290.55,51283.9,210,51290,15,0,72765
BANKNIFTY-III.NFO,19/08/2024,09:40:39,51290.55,51284.55,75,51290,15,0,72765
BANKNIFTY-III.NFO,19/08/2024,09:40:41,51290.55,51281.5,60,51290,15,0,72765
BANKNIFTY-III.NFO,19/08/2024,09:40:42,51290.55,51281.25,75,51290,15,0,72765
BANKNIFTY-III.NFO,19/08/2024,09:40:44,51290.55,51281.4,75,51290,15,0,72765
BANKNIFTY-III.NFO,19/08/2024,09:40:46,51290.55,51281.45,210,51290,15,0,72765
BANKNIFTY-III.NFO,19/08/2024,09:40:47,51290.55,51282.15,60,51290,15,0,72765
BANKNIFTY-III.NFO,19/08/2024,09:40:49,51290.55,51280.25,60,51290,15,0,72765
BANKNIFTY-III.NFO,19/08/2024,09:40:51,51290.55,51281.65,60,51290,15,0,72765
BANKNIFTY-III.NFO,19/08/2024,09:40:52,51290,51290.6,60,51305.05,30,15,72765
BANKNIFTY-III.NFO,19/08/2024,09:40:54,51290,51290.6,60,51305.05,30,0,72765
BANKNIFTY-III.NFO,19/08/2024,09:40:56,51290,51290.55,75,51305.05,30,0,72765
BANKNIFTY-III.NFO,19/08/2024,09:40:57,51290,51290.6,60,51305.05,30,0,72765
BANKNIFTY-III.NFO,19/08/2024,09:41:01,51290,51290.6,75,51305.05,30,0,72765
BANKNIFTY-III.NFO,19/08/2024,09:41:02,51290,51290.6,75,51306.85,30,0,72765
BANKNIFTY-III.NFO,19/08/2024,09:41:06,51290,51290.6,75,51307.9,30,0,72765
BANKNIFTY-III.NFO,19/08/2024,09:41:12,51290,51291.95,60,51309.3,30,0,72765
BANKNIFTY-III.NFO,19/08/2024,09:41:14,51290,51291.95,60,51307.8,30,0,72765
BANKNIFTY-III.NFO,19/08/2024,09:41:16,51290,51292.7,60,51310.65,30,0,72765
BANKNIFTY-III.NFO,19/08/2024,09:41:17,51290,51305.25,60,51320.55,30,0,72765
BANKNIFTY-III.NFO,19/08/2024,09:41:19,51290,51306.45,60,51323.65,30,0,72765
BANKNIFTY-III.NFO,19/08/2024,09:41:21,51290,51311.05,60,51327.25,30,0,72765
BANKNIFTY-III.NFO,19/08/2024,09:41:22,51290,51311.05,60,51328.8,30,0,72765
BANKNIFTY-III.NFO,19/08/2024,09:41:24,51290,51321.3,60,51337.55,30,0,72765
BANKNIFTY-III.NFO,19/08/2024,09:41:26,51290,51318.7,15,51335.05,30,0,72765
BANKNIFTY-III.NFO,19/08/2024,09:41:27,51290,51311,15,51328.95,30,0,72765
BANKNIFTY-III.NFO,19/08/2024,09:41:29,51290,51306.7,60,51324.55,30,0,72765
BANKNIFTY-III.NFO,19/08/2024,09:41:37,51290,51309.05,60,51327.1,30,0,72765
BANKNIFTY-III.NFO,19/08/2024,09:41:39,51290,51315.9,210,51332.95,30,0,72765
BANKNIFTY-III.NFO,19/08/2024,09:41:41,51317.75,51317.75,60,51336.4,30,30,72765
BANKNIFTY-III.NFO,19/08/2024,09:41:42,51317.75,51317.75,60,51334.75,30,0,72765
BANKNIFTY-III.NFO,19/08/2024,09:41:46,51317.75,51314.9,60,51333.1,30,0,72765
BANKNIFTY-III.NFO,19/08/2024,09:41:47,51317.75,51314.9,60,51332.9,180,0,72765
BANKNIFTY-III.NFO,19/08/2024,09:41:49,51317.75,51310.25,60,51331.9,30,0,72765
BANKNIFTY-III.NFO,19/08/2024,09:41:51,51317.75,51311.2,60,51331.9,30,0,72765
BANKNIFTY-III.NFO,19/08/2024,09:41:52,51317.75,51311.2,60,51330.8,45,0,72765
BANKNIFTY-III.NFO,19/08/2024,09:41:54,51317.75,51311.2,60,51328.5,30,0,72765
BANKNIFTY-III.NFO,19/08/2024,09:42:02,51317.75,51312.45,60,51330.75,30,0,72765
BANKNIFTY-III.NFO,19/08/2024,09:42:04,51331.8,51318.2,60,51334.65,30,15,72765
BANKNIFTY-III.NFO,19/08/2024,09:42:06,51331.8,51318.2,60,51334.6,15,0,72765
BANKNIFTY-III.NFO,19/08/2024,09:42:07,51331.8,51318.8,60,51336.95,15,0,72765
BANKNIFTY-III.NFO,19/08/2024,09:42:09,51331.8,51318.8,60,51335.4,15,0,72765
BANKNIFTY-III.NFO,19/08/2024,09:42:11,51331.8,51315.15,60,51332.4,15,0,72765
BANKNIFTY-III.NFO,19/08/2024,09:42:14,51331.8,51320.05,75,51334.75,15,0,72765
BANKNIFTY-III.NFO,19/08/2024,09:42:16,51331.8,51320,90,51334.5,15,0,72765
BANKNIFTY-III.NFO,19/08/2024,09:42:17,51331.8,51320,75,51332.05,15,0,72765
BANKNIFTY-III.NFO,19/08/2024,09:42:19,51331.8,51320.1,60,51333.55,15,0,72765
BANKNIFTY-III.NFO,19/08/2024,09:42:23,51331.8,51320,90,51333.55,15,0,72765
BANKNIFTY-III.NFO,19/08/2024,09:42:24,51331.8,51320.05,75,51333.55,15,0,72765
BANKNIFTY-III.NFO,19/08/2024,09:42:26,51331.8,51320,75,51333.55,15,0,72765
BANKNIFTY-III.NFO,19/08/2024,09:42:28,51331.8,51320.05,75,51332.7,15,0,72765
BANKNIFTY-III.NFO,19/08/2024,09:42:29,51331.8,51320,75,51332.7,15,0,72765
BANKNIFTY-III.NFO,19/08/2024,09:42:31,51331.8,51320,75,51331.3,15,0,72765
BANKNIFTY-III.NFO,19/08/2024,09:42:33,51331.8,51320,75,51327.5,165,0,72765
BANKNIFTY-III.NFO,19/08/2024,09:42:34,51331.8,51320,75,51327.1,15,0,72765
BANKNIFTY-III.NFO,19/08/2024,09:42:36,51331.8,51320,75,51325.95,15,0,72765
BANKNIFTY-III.NFO,19/08/2024,09:42:38,51320,51300.75,60,51319.15,15,75,72825
BANKNIFTY-III.NFO,19/08/2024,09:42:39,51320,51300.75,60,51318.05,30,0,72825
BANKNIFTY-III.NFO,19/08/2024,09:42:41,51320,51298.15,60,51315.95,15,0,72825
BANKNIFTY-III.NFO,19/08/2024,09:42:42,51320,51297.15,60,51315.05,15,0,72825
BANKNIFTY-III.NFO,19/08/2024,09:42:44,51320,51295.8,60,51312.55,15,0,72825
BANKNIFTY-III.NFO,19/08/2024,09:42:46,51320,51293.1,60,51311,15,0,72825
BANKNIFTY-III.NFO,19/08/2024,09:42:47,51320,51293.55,60,51311.05,15,0,72825
BANKNIFTY-III.NFO,19/08/2024,09:42:49,51320,51293.95,75,51311.05,15,0,72825
BANKNIFTY-III.NFO,19/08/2024,09:42:51,51320,51300.25,75,51316.85,15,0,72825
BANKNIFTY-III.NFO,19/08/2024,09:42:54,51320,51300.3,60,51316.85,15,0,72825
BANKNIFTY-III.NFO,19/08/2024,09:42:56,51320,51300.85,60,51318.45,15,0,72825
BANKNIFTY-III.NFO,19/08/2024,09:43:01,51320,51299.85,60,51316.5,15,0,72825
BANKNIFTY-III.NFO,19/08/2024,09:43:06,51320,51302.15,60,51320.45,15,0,72825
BANKNIFTY-III.NFO,19/08/2024,09:43:07,51320,51302.6,60,51320.9,15,0,72825
BANKNIFTY-III.NFO,19/08/2024,09:43:09,51320,51306.7,60,51323.85,15,0,72825
BANKNIFTY-III.NFO,19/08/2024,09:43:19,51320,51309.1,60,51326.3,15,0,72825
BANKNIFTY-III.NFO,19/08/2024,09:43:21,51320,51310.1,60,51327.2,15,0,72825
BANKNIFTY-III.NFO,19/08/2024,09:43:22,51320,51308.15,60,51324.7,30,0,72825
BANKNIFTY-III.NFO,19/08/2024,09:43:24,51320,51308.9,210,51325.1,15,0,72825
BANKNIFTY-III.NFO,19/08/2024,09:43:26,51320,51313.25,60,51328.75,15,0,72825
BANKNIFTY-III.NFO,19/08/2024,09:43:27,51320,51311.55,60,51328.75,15,0,72825
BANKNIFTY-III.NFO,19/08/2024,09:43:29,51320,51312.55,60,51328.75,15,0,72825
BANKNIFTY-III.NFO,19/08/2024,09:43:31,51320,51307.7,60,51319.95,30,0,72825
BANKNIFTY-III.NFO,19/08/2024,09:43:32,51320,51306.7,60,51319.95,15,0,72825
BANKNIFTY-III.NFO,19/08/2024,09:43:34,51320,51308.5,60,51320,30,0,72825
BANKNIFTY-III.NFO,19/08/2024,09:43:36,51320,51311.1,60,51320,15,0,72825
BANKNIFTY-III.NFO,19/08/2024,09:43:37,51320,51309.75,60,51320,15,0,72825
BANKNIFTY-III.NFO,19/08/2024,09:43:39,51320,51316.9,60,51320,15,0,72825
BANKNIFTY-III.NFO,19/08/2024,09:43:41,51320,51320.55,60,51329.95,15,15,72825
BANKNIFTY-III.NFO,19/08/2024,09:43:42,51320,51316.95,210,51329.95,15,0,72825
BANKNIFTY-III.NFO,19/08/2024,09:43:44,51320,51320,15,51329.95,30,0,72825
BANKNIFTY-III.NFO,19/08/2024,09:43:52,51328.3,51320,15,51328.35,15,15,72825
BANKNIFTY-III.NFO,19/08/2024,09:43:54,51328.3,51320,15,51325.2,15,0,72825
BANKNIFTY-III.NFO,19/08/2024,09:43:56,51320,51306.7,60,51325,135,15,72825
BANKNIFTY-III.NFO,19/08/2024,09:43:57,51320,51304.75,60,51324.05,135,0,72825
BANKNIFTY-III.NFO,19/08/2024,09:43:59,51320,51303.85,60,51324.15,15,0,72825
BANKNIFTY-III.NFO,19/08/2024,09:44:01,51320,51304.75,60,51324.15,15,0,72825
BANKNIFTY-III.NFO,19/08/2024,09:44:04,51320,51308.6,60,51324.15,15,0,72825
BANKNIFTY-III.NFO,19/08/2024,09:44:06,51320,51309.75,60,51326.55,15,0,72825
BANKNIFTY-III.NFO,19/08/2024,09:44:14,51320,51305.9,60,51325.45,15,0,72825
BANKNIFTY-III.NFO,19/08/2024,09:44:17,51320,51307.8,60,51325.45,15,0,72825
BANKNIFTY-III.NFO,19/08/2024,09:44:19,51320,51309.95,60,51328.35,15,0,72825
BANKNIFTY-III.NFO,19/08/2024,09:44:21,51320,51305.9,60,51322.7,150,0,72825
BANKNIFTY-III.NFO,19/08/2024,09:44:22,51320,51305.9,60,51322.5,135,0,72825
BANKNIFTY-III.NFO,19/08/2024,09:44:24,51320,51305.9,60,51322.7,15,0,72825
BANKNIFTY-III.NFO,19/08/2024,09:44:30,51320,51304.75,60,51321.95,15,0,72825
BANKNIFTY-III.NFO,19/08/2024,09:44:32,51320,51295.8,60,51312.1,15,0,72825
BANKNIFTY-III.NFO,19/08/2024,09:44:34,51320,51294,60,51311.65,15,0,72825
BANKNIFTY-III.NFO,19/08/2024,09:44:35,51320,51291.3,60,51308.25,15,0,72825
BANKNIFTY-III.NFO,19/08/2024,09:44:37,51320,51290.05,75,51306.25,15,0,72825
BANKNIFTY-III.NFO,19/08/2024,09:44:42,51320,51290.05,75,51303.3,15,0,72825
BANKNIFTY-III.NFO,19/08/2024,09:44:44,51320,51290.05,60,51301.1,15,0,72825
BANKNIFTY-III.NFO,19/08/2024,09:44:46,51320,51290,75,51299.6,150,0,72825
BANKNIFTY-III.NFO,19/08/2024,09:44:47,51320,51290,75,51300.2,135,0,72825
BANKNIFTY-III.NFO,19/08/2024,09:44:49,51320,51290.05,60,51302.4,15,0,72825
BANKNIFTY-III.NFO,19/08/2024,09:44:52,51320,51290,75,51298.45,15,0,72825
BANKNIFTY-III.NFO,19/08/2024,09:44:54,51320,51290.05,75,51302.3,120,0,72825
BANKNIFTY-III.NFO,19/08/2024,09:44:56,51320,51290,75,51299.5,150,0,72825
BANKNIFTY-III.NFO,19/08/2024,09:44:57,51320,51290,75,51300.3,15,0,72825
BANKNIFTY-III.NFO,19/08/2024,09:44:59,51320,51290,75,51300.45,150,0,72825
BANKNIFTY-III.NFO,19/08/2024,09:45:01,51320,51290,90,51302,15,0,72825
BANKNIFTY-III.NFO,19/08/2024,09:45:02,51320,51290,75,51295.95,255,0,72825
BANKNIFTY-III.NFO,19/08/2024,09:45:04,51320,51290,75,51297.1,135,0,72825
BANKNIFTY-III.NFO,19/08/2024,09:45:06,51320,51290,75,51293.75,150,0,72825
BANKNIFTY-III.NFO,19/08/2024,09:45:07,51296.65,51290,75,51297.7,75,45,72825
BANKNIFTY-III.NFO,19/08/2024,09:45:09,51296.65,51290,75,51298.75,135,0,72825
BANKNIFTY-III.NFO,19/08/2024,09:45:11,51296.65,51290,75,51297.35,15,0,72825
BANKNIFTY-III.NFO,19/08/2024,09:45:12,51296.65,51290,75,51297.6,150,0,72825
BANKNIFTY-III.NFO,19/08/2024,09:45:14,51296.65,51290,75,51294.2,150,0,72825
BANKNIFTY-III.NFO,19/08/2024,09:45:15,51296.65,51290,75,51294.85,210,0,72825
BANKNIFTY-III.NFO,19/08/2024,09:45:17,51296.65,51290,75,51299.2,135,0,72825
BANKNIFTY-III.NFO,19/08/2024,09:45:19,51296.65,51290.05,75,51305.05,150,0,72825
BANKNIFTY-III.NFO,19/08/2024,09:45:20,51296.65,51290.05,75,51303.55,15,0,72825
BANKNIFTY-III.NFO,19/08/2024,09:45:22,51296.65,51290,75,51296.25,150,0,72825
BANKNIFTY-III.NFO,19/08/2024,09:45:24,51296.65,51290,75,51295.15,135,0,72825
BANKNIFTY-III.NFO,19/08/2024,09:45:25,51296.65,51290,75,51297.4,150,0,72825
BANKNIFTY-III.NFO,19/08/2024,09:45:27,51296.65,51290,75,51296.15,75,0,72825
BANKNIFTY-III.NFO,19/08/2024,09:45:29,51296.65,51290,75,51297.45,150,0,72825
BANKNIFTY-III.NFO,19/08/2024,09:45:30,51296.65,51290,75,51299.2,150,0,72825
BANKNIFTY-III.NFO,19/08/2024,09:45:32,51296.65,51290.05,75,51306.25,15,0,72825
BANKNIFTY-III.NFO,19/08/2024,09:45:34,51296.65,51294.8,60,51313.5,15,0,72825
BANKNIFTY-III.NFO,19/08/2024,09:45:35,51296.65,51296.95,60,51312.15,90,0,72825
BANKNIFTY-III.NFO,19/08/2024,09:45:37,51296.65,51292.25,60,51306.6,150,0,72825
BANKNIFTY-III.NFO,19/08/2024,09:45:39,51296.65,51290.1,60,51304.1,15,0,72825
BANKNIFTY-III.NFO,19/08/2024,09:45:42,51296.65,51290.05,60,51302.1,15,0,72825
BANKNIFTY-III.NFO,19/08/2024,09:45:44,51296.65,51290.05,75,51302,150,0,72825
BANKNIFTY-III.NFO,19/08/2024,09:45:45,51296.65,51290.05,75,51303.1,150,0,72825
BANKNIFTY-III.NFO,19/08/2024,09:45:47,51296.65,51290,75,51297.85,15,0,72825
BANKNIFTY-III.NFO,19/08/2024,09:45:49,51296.65,51290,75,51298.5,150,0,72825
BANKNIFTY-III.NFO,19/08/2024,09:45:50,51296.65,51290,75,51298.9,75,0,72825
BANKNIFTY-III.NFO,19/08/2024,09:45:52,51296.65,51290,75,51296.95,150,0,72825
BANKNIFTY-III.NFO,19/08/2024,09:45:54,51296.65,51290,75,51295.95,135,0,72825
BANKNIFTY-III.NFO,19/08/2024,09:45:55,51296.65,51290,75,51297.05,150,0,72825
BANKNIFTY-III.NFO,19/08/2024,09:45:57,51296.65,51290,75,51297.35,15,0,72825
BANKNIFTY-III.NFO,19/08/2024,09:45:58,51296.65,51290,75,51298.15,15,0,72825
BANKNIFTY-III.NFO,19/08/2024,09:46:00,51296.65,51290.05,60,51300.9,15,0,72825
BANKNIFTY-III.NFO,19/08/2024,09:46:03,51296.65,51290.05,75,51304.45,15,0,72825
BANKNIFTY-III.NFO,19/08/2024,09:46:05,51296.65,51290.05,75,51305.85,15,0,72825
BANKNIFTY-III.NFO,19/08/2024,09:46:08,51296.65,51293.45,60,51310.95,15,0,72825
BANKNIFTY-III.NFO,19/08/2024,09:46:10,51296.65,51298.45,60,51314.35,15,0,72825
BANKNIFTY-III.NFO,19/08/2024,09:46:12,51296.65,51300.2,60,51316.55,15,0,72825
BANKNIFTY-III.NFO,19/08/2024,09:46:13,51296.65,51304.4,60,51320,60,0,72825
BANKNIFTY-III.NFO,19/08/2024,09:46:15,51296.65,51304.7,60,51320,60,0,72825
BANKNIFTY-III.NFO,19/08/2024,09:46:17,51296.65,51308,60,51320,45,0,72825
BANKNIFTY-III.NFO,19/08/2024,09:46:18,51296.65,51308.85,60,51320,75,0,72825
BANKNIFTY-III.NFO,19/08/2024,09:46:20,51296.65,51308.85,60,51320,60,0,72825
BANKNIFTY-III.NFO,19/08/2024,09:46:22,51296.65,51309.45,60,51320,75,0,72825
BANKNIFTY-III.NFO,19/08/2024,09:46:23,51296.65,51306.7,60,51320,75,0,72825
BANKNIFTY-III.NFO,19/08/2024,09:46:25,51296.65,51304.4,60,51320,75,0,72825
BANKNIFTY-III.NFO,19/08/2024,09:46:27,51296.65,51304.85,210,51320,75,0,72825
BANKNIFTY-III.NFO,19/08/2024,09:46:28,51296.65,51309,60,51320,60,0,72825
BANKNIFTY-III.NFO,19/08/2024,09:46:30,51296.65,51309,60,51320,75,0,72825
BANKNIFTY-III.NFO,19/08/2024,09:46:32,51296.65,51311.25,210,51320,60,0,72825
BANKNIFTY-III.NFO,19/08/2024,09:46:33,51296.65,51312.25,60,51320,60,0,72825
BANKNIFTY-III.NFO,19/08/2024,09:46:35,51320,51320.9,60,51330,15,60,72810
BANKNIFTY-III.NFO,19/08/2024,09:46:37,51320,51324.5,75,51330,15,0,72810
BANKNIFTY-III.NFO,19/08/2024,09:46:38,51320,51318.45,60,51330,15,0,72810
BANKNIFTY-III.NFO,19/08/2024,09:46:40,51320,51320.95,60,51330,15,0,72810
BANKNIFTY-III.NFO,19/08/2024,09:46:42,51320,51319.4,60,51330,15,0,72810
BANKNIFTY-III.NFO,19/08/2024,09:46:50,51320,51315.15,75,51330,30,0,72810
BANKNIFTY-III.NFO,19/08/2024,09:46:52,51320,51313.45,60,51330,30,0,72810
BANKNIFTY-III.NFO,19/08/2024,09:46:54,51320,51317.1,60,51330,30,0,72810
BANKNIFTY-III.NFO,19/08/2024,09:46:55,51320,51317.6,150,51330,15,0,72810
BANKNIFTY-III.NFO,19/08/2024,09:46:57,51320,51319.85,60,51330,15,0,72810
BANKNIFTY-III.NFO,19/08/2024,09:46:58,51320,51320.8,60,51330,15,0,72810
BANKNIFTY-III.NFO,19/08/2024,09:47:00,51320,51321.2,75,51330,15,0,72810
BANKNIFTY-III.NFO,19/08/2024,09:47:02,51320,51323.25,75,51330,15,0,72810
BANKNIFTY-III.NFO,19/08/2024,09:47:03,51320,51322.15,60,51330,15,0,72810
BANKNIFTY-III.NFO,19/08/2024,09:47:05,51330,51321.65,60,51337.45,15,45,72810
BANKNIFTY-III.NFO,19/08/2024,09:47:07,51330,51321.75,60,51337.45,15,0,72810
BANKNIFTY-III.NFO,19/08/2024,09:47:08,51322.4,51321.65,60,51337.4,15,15,72810
BANKNIFTY-III.NFO,19/08/2024,09:47:10,51322.4,51325.1,60,51339.05,15,0,72810
BANKNIFTY-III.NFO,19/08/2024,09:47:12,51322.4,51324.55,60,51339.45,15,0,72810
BANKNIFTY-III.NFO,19/08/2024,09:47:13,51322.4,51325.3,15,51339.95,30,0,72810
BANKNIFTY-III.NFO,19/08/2024,09:47:15,51322.4,51323.55,60,51338.45,15,0,72810
BANKNIFTY-III.NFO,19/08/2024,09:47:17,51322.4,51318.65,60,51335.05,15,0,72810
BANKNIFTY-III.NFO,19/08/2024,09:47:18,51322.4,51316.95,60,51333.1,15,0,72810
BANKNIFTY-III.NFO,19/08/2024,09:47:20,51322.4,51314.35,60,51331.05,30,0,72810
BANKNIFTY-III.NFO,19/08/2024,09:47:22,51322.4,51314.35,60,51331,15,0,72810
BANKNIFTY-III.NFO,19/08/2024,09:47:23,51322.4,51312.7,60,51329.15,15,0,72810
BANKNIFTY-III.NFO,19/08/2024,09:47:25,51322.4,51310.4,60,51327.8,15,0,72810
BANKNIFTY-III.NFO,19/08/2024,09:47:27,51322.4,51309.55,60,51326.3,15,0,72810
BANKNIFTY-III.NFO,19/08/2024,09:47:28,51322.4,51307.5,60,51323.6,15,0,72810
BANKNIFTY-III.NFO,19/08/2024,09:47:30,51322.4,51303.55,60,51319.25,15,0,72810
BANKNIFTY-III.NFO,19/08/2024,09:47:32,51322.4,51303.3,60,51319.25,15,0,72810
BANKNIFTY-III.NFO,19/08/2024,09:47:33,51322.4,51303.8,60,51319.25,15,0,72810
BANKNIFTY-III.NFO,19/08/2024,09:47:35,51322.4,51301.15,60,51318.1,15,0,72810
BANKNIFTY-III.NFO,19/08/2024,09:47:37,51322.4,51301.6,60,51318.1,15,0,72810
BANKNIFTY-III.NFO,19/08/2024,09:47:38,51322.4,51300.05,75,51316.45,15,0,72810
BANKNIFTY-III.NFO,19/08/2024,09:47:40,51322.4,51300.05,75,51315.7,15,0,72810
BANKNIFTY-III.NFO,19/08/2024,09:47:42,51322.4,51300,15,51310.95,150,0,72810
BANKNIFTY-III.NFO,19/08/2024,09:47:43,51322.4,51300,15,51310.05,150,0,72810
BANKNIFTY-III.NFO,19/08/2024,09:47:45,51322.4,51300,15,51311.2,15,0,72810
BANKNIFTY-III.NFO,19/08/2024,09:47:47,51322.4,51300,15,51307.6,30,0,72810
BANKNIFTY-III.NFO,19/08/2024,09:47:48,51322.4,51300,15,51303.75,30,0,72810
BANKNIFTY-III.NFO,19/08/2024,09:47:50,51322.4,51300,15,51301.95,30,0,72810
BANKNIFTY-III.NFO,19/08/2024,09:47:52,51300,51290.05,75,51301.7,30,15,72810
BANKNIFTY-III.NFO,19/08/2024,09:47:53,51300,51290,75,51300,15,0,72810
BANKNIFTY-III.NFO,19/08/2024,09:47:55,51301.15,51290,75,51299.35,150,30,72810
BANKNIFTY-III.NFO,19/08/2024,09:47:57,51301.15,51290,75,51297.6,135,0,72810
BANKNIFTY-III.NFO,19/08/2024,09:47:58,51301.15,51290,75,51293.5,135,0,72810
BANKNIFTY-III.NFO,19/08/2024,09:48:00,51301.15,51290,75,51295.1,135,0,72810
BANKNIFTY-III.NFO,19/08/2024,09:48:02,51301.15,51290,75,51299.55,15,0,72810
BANKNIFTY-III.NFO,19/08/2024,09:48:03,51301.15,51290.05,75,51305.25,15,0,72810
BANKNIFTY-III.NFO,19/08/2024,09:48:05,51301.15,51290,75,51298.85,150,0,72810
BANKNIFTY-III.NFO,19/08/2024,09:48:07,51301.15,51290,75,51296.3,75,0,72810
BANKNIFTY-III.NFO,19/08/2024,09:48:08,51301.15,51290,75,51296.85,90,0,72810
BANKNIFTY-III.NFO,19/08/2024,09:48:10,51301.15,51290,75,51299.15,90,0,72810
BANKNIFTY-III.NFO,19/08/2024,09:48:12,51301.15,51290,75,51296.55,150,0,72810
BANKNIFTY-III.NFO,19/08/2024,09:48:13,51301.15,51290,75,51295.2,90,0,72810
BANKNIFTY-III.NFO,19/08/2024,09:48:15,51301.15,51290,75,51297.5,90,0,72810
BANKNIFTY-III.NFO,19/08/2024,09:48:17,51301.15,51290,75,51290.05,135,0,72810
BANKNIFTY-III.NFO,19/08/2024,09:48:18,51290,51274.4,60,51289.3,15,75,72810
BANKNIFTY-III.NFO,19/08/2024,09:48:20,51270,51255.05,75,51268.4,15,45,72810
BANKNIFTY-III.NFO,19/08/2024,09:48:22,51270,51261.75,60,51278.05,15,0,72810
BANKNIFTY-III.NFO,19/08/2024,09:48:23,51277.55,51262.15,165,51278.5,15,15,72810
BANKNIFTY-III.NFO,19/08/2024,09:48:25,51277.55,51262.6,75,51278.25,15,0,72810
BANKNIFTY-III.NFO,19/08/2024,09:48:27,51277.55,51255.8,60,51269.45,30,0,72810
BANKNIFTY-III.NFO,19/08/2024,09:48:28,51255,51251.05,15,51252,15,30,72810
BANKNIFTY-III.NFO,19/08/2024,09:48:30,51249,51242.15,60,51264.45,15,105,72810
BANKNIFTY-III.NFO,19/08/2024,09:48:32,51249,51247.15,60,51263.4,15,0,72810
BANKNIFTY-III.NFO,19/08/2024,09:48:33,51249,51252.15,60,51271.95,15,0,72810
BANKNIFTY-III.NFO,19/08/2024,09:48:35,51249,51254.55,60,51271.15,15,0,72810
BANKNIFTY-III.NFO,19/08/2024,09:48:37,51249,51260.1,60,51276.9,15,0,72810
BANKNIFTY-III.NFO,19/08/2024,09:48:38,51249,51260.1,60,51274.65,15,0,72810
BANKNIFTY-III.NFO,19/08/2024,09:48:40,51249,51260.1,60,51276.1,45,0,72810
BANKNIFTY-III.NFO,19/08/2024,09:48:42,51249,51257.2,60,51272.6,15,0,72810
BANKNIFTY-III.NFO,19/08/2024,09:48:43,51249,51259.35,75,51278.5,15,0,72810
BANKNIFTY-III.NFO,19/08/2024,09:48:45,51249,51264,210,51280,195,0,72810
BANKNIFTY-III.NFO,19/08/2024,09:48:47,51279.95,51263.75,60,51278.25,30,180,72825
BANKNIFTY-III.NFO,19/08/2024,09:48:48,51279.95,51263.75,60,51279.95,30,0,72825
BANKNIFTY-III.NFO,19/08/2024,09:48:52,51279.95,51263.75,60,51279.95,45,0,72825
BANKNIFTY-III.NFO,19/08/2024,09:48:57,51279.95,51266.5,60,51280,180,0,72825
BANKNIFTY-III.NFO,19/08/2024,09:48:58,51279.95,51266.25,60,51280,180,0,72825
BANKNIFTY-III.NFO,19/08/2024,09:49:00,51279.95,51274.75,60,51280,180,0,72825
BANKNIFTY-III.NFO,19/08/2024,09:49:02,51280,51274.75,60,51280,150,30,72825
BANKNIFTY-III.NFO,19/08/2024,09:49:03,51280,51272.85,60,51280,135,15,72825
BANKNIFTY-III.NFO,19/08/2024,09:49:05,51280,51273.4,60,51280,135,0,72825
BANKNIFTY-III.NFO,19/08/2024,09:49:07,51280,51265.5,60,51279.95,45,0,72825
BANKNIFTY-III.NFO,19/08/2024,09:49:08,51280,51263.75,60,51279.95,45,0,72825
BANKNIFTY-III.NFO,19/08/2024,09:49:10,51280,51265.8,60,51279.95,45,0,72825
BANKNIFTY-III.NFO,19/08/2024,09:49:12,51280,51270,30,51279.95,45,0,72825
BANKNIFTY-III.NFO,19/08/2024,09:49:13,51280,51270,30,51278.6,30,0,72825
BANKNIFTY-III.NFO,19/08/2024,09:49:15,51280,51270,30,51275.7,45,0,72825
BANKNIFTY-III.NFO,19/08/2024,09:49:17,51280,51270,30,51271.55,45,0,72825
BANKNIFTY-III.NFO,19/08/2024,09:49:18,51280,51270,30,51273.85,45,0,72825
BANKNIFTY-III.NFO,19/08/2024,09:49:20,51280,51270,30,51276.75,45,0,72825
BANKNIFTY-III.NFO,19/08/2024,09:49:22,51280,51270,30,51278.6,45,0,72825
BANKNIFTY-III.NFO,19/08/2024,09:49:23,51278.45,51270,30,51278.5,90,30,72825
BANKNIFTY-III.NFO,19/08/2024,09:49:25,51278.45,51270,30,51280,150,0,72825
BANKNIFTY-III.NFO,19/08/2024,09:49:27,51278.45,51270,30,51280,135,0,72825
BANKNIFTY-III.NFO,19/08/2024,09:49:28,51278.45,51270,45,51280,135,0,72825
BANKNIFTY-III.NFO,19/08/2024,09:49:30,51278.45,51270,30,51279.3,75,0,72825
BANKNIFTY-III.NFO,19/08/2024,09:49:32,51278.45,51270,30,51279.35,90,0,72825
BANKNIFTY-III.NFO,19/08/2024,09:49:35,51278.45,51270,30,51279.1,90,0,72825
BANKNIFTY-III.NFO,19/08/2024,09:49:37,51278.45,51270,30,51272.65,75,0,72825
BANKNIFTY-III.NFO,19/08/2024,09:49:38,51278.45,51270,30,51273.4,75,0,72825
BANKNIFTY-III.NFO,19/08/2024,09:49:40,51270,51260,60,51270.45,45,30,72825
BANKNIFTY-III.NFO,19/08/2024,09:49:42,51270,51260.2,45,51268,60,0,72825
BANKNIFTY-III.NFO,19/08/2024,09:49:43,51270,51260.2,45,51269.75,45,0,72825
BANKNIFTY-III.NFO,19/08/2024,09:49:45,51270,51260.2,60,51269.6,45,0,72825
BANKNIFTY-III.NFO,19/08/2024,09:49:47,51270,51260.2,45,51268.5,45,0,72825
BANKNIFTY-III.NFO,19/08/2024,09:49:48,51270,51260,45,51267.35,45,0,72825
BANKNIFTY-III.NFO,19/08/2024,09:49:50,51270,51260,30,51265.4,60,0,72825
BANKNIFTY-III.NFO,19/08/2024,09:49:52,51270,51260,30,51263.45,45,0,72825
BANKNIFTY-III.NFO,19/08/2024,09:49:53,51270,51260,30,51265.95,45,0,72825
BANKNIFTY-III.NFO,19/08/2024,09:49:55,51270,51260,30,51266.7,45,0,72825
BANKNIFTY-III.NFO,19/08/2024,09:49:57,51270,51260.05,75,51271.85,45,0,72825
BANKNIFTY-III.NFO,19/08/2024,09:49:58,51270,51260.25,75,51270.85,45,0,72825
BANKNIFTY-III.NFO,19/08/2024,09:50:00,51270,51260.05,75,51268.05,45,0,72825
BANKNIFTY-III.NFO,19/08/2024,09:50:02,51270,51260.05,75,51269.15,45,0,72825
BANKNIFTY-III.NFO,19/08/2024,09:50:03,51270,51260.05,60,51268.3,45,0,72825
BANKNIFTY-III.NFO,19/08/2024,09:50:05,51270,51260.05,75,51269.7,45,0,72825
BANKNIFTY-III.NFO,19/08/2024,09:50:06,51270,51260.05,75,51270.65,60,0,72825
BANKNIFTY-III.NFO,19/08/2024,09:50:08,51270,51260.05,60,51269.45,60,0,72825
BANKNIFTY-III.NFO,19/08/2024,09:50:10,51270,51263.35,60,51277.8,15,0,72825
BANKNIFTY-III.NFO,19/08/2024,09:50:11,51270,51265.05,60,51273.5,45,0,72825
BANKNIFTY-III.NFO,19/08/2024,09:50:13,51270,51266.2,45,51273.8,45,0,72825
BANKNIFTY-III.NFO,19/08/2024,09:50:15,51270,51264.7,45,51271.25,45,0,72825
BANKNIFTY-III.NFO,19/08/2024,09:50:16,51270,51260.65,60,51273.4,60,0,72825
BANKNIFTY-III.NFO,19/08/2024,09:50:18,51270,51273.25,75,51280,135,0,72825
BANKNIFTY-III.NFO,19/08/2024,09:50:20,51270,51275.3,60,51280,135,0,72825
BANKNIFTY-III.NFO,19/08/2024,09:50:21,51270,51272.55,60,51280,135,0,72825
BANKNIFTY-III.NFO,19/08/2024,09:50:23,51270,51271.4,60,51280,135,0,72825
BANKNIFTY-III.NFO,19/08/2024,09:50:25,51270,51270.1,45,51276.45,45,0,72825
BANKNIFTY-III.NFO,19/08/2024,09:50:26,51270,51270,15,51272.8,45,0,72825
BANKNIFTY-III.NFO,19/08/2024,09:50:28,51270,51270,15,51272.6,45,0,72825
BANKNIFTY-III.NFO,19/08/2024,09:50:29,51270,51260.9,60,51271.2,30,15,72825
BANKNIFTY-III.NFO,19/08/2024,09:50:31,51270,51260.25,75,51269.65,30,0,72825
BANKNIFTY-III.NFO,19/08/2024,09:50:33,51270,51261.3,45,51268.45,45,0,72825
BANKNIFTY-III.NFO,19/08/2024,09:50:34,51270,51260.2,75,51269.55,30,0,72825
BANKNIFTY-III.NFO,19/08/2024,09:50:36,51270,51263.45,60,51273.55,30,0,72825
BANKNIFTY-III.NFO,19/08/2024,09:50:38,51270,51261.75,60,51271.3,30,0,72825
BANKNIFTY-III.NFO,19/08/2024,09:50:39,51270,51260.95,75,51270.15,30,0,72825
BANKNIFTY-III.NFO,19/08/2024,09:50:41,51270,51260,45,51265.85,30,0,72825
BANKNIFTY-III.NFO,19/08/2024,09:50:42,51270,51260,45,51265.3,30,0,72825
BANKNIFTY-III.NFO,19/08/2024,09:50:44,51270,51260,45,51268.8,45,0,72825
BANKNIFTY-III.NFO,19/08/2024,09:50:46,51270,51260,45,51262.05,30,0,72825
BANKNIFTY-III.NFO,19/08/2024,09:50:47,51260,51260,15,51260.8,150,30,72825
BANKNIFTY-III.NFO,19/08/2024,09:50:49,51260,51251.5,45,51258.45,30,15,72825
BANKNIFTY-III.NFO,19/08/2024,09:50:51,51260,51255.55,15,51267.3,165,0,72825
BANKNIFTY-III.NFO,19/08/2024,09:50:52,51260,51254.8,45,51263.05,45,0,72825
BANKNIFTY-III.NFO,19/08/2024,09:50:54,51260,51255.1,75,51264.8,30,0,72825
BANKNIFTY-III.NFO,19/08/2024,09:50:56,51260,51255.3,60,51266.1,45,0,72825
BANKNIFTY-III.NFO,19/08/2024,09:50:57,51260,51255.05,75,51266.4,45,0,72825
BANKNIFTY-III.NFO,19/08/2024,09:50:59,51260,51251.5,75,51262.4,45,0,72825
BANKNIFTY-III.NFO,19/08/2024,09:51:01,51260,51251.75,75,51263.25,30,0,72825
BANKNIFTY-III.NFO,19/08/2024,09:51:02,51260,51251.9,60,51261.95,45,0,72825
BANKNIFTY-III.NFO,19/08/2024,09:51:04,51260,51251.1,45,51260.5,45,0,72825
BANKNIFTY-III.NFO,19/08/2024,09:51:06,51260,51251.15,75,51261.8,30,0,72825
BANKNIFTY-III.NFO,19/08/2024,09:51:08,51260,51252.8,60,51263.7,45,0,72825
BANKNIFTY-III.NFO,19/08/2024,09:51:09,51260,51253.1,60,51264.5,45,0,72825
BANKNIFTY-III.NFO,19/08/2024,09:51:11,51260,51252.75,60,51265.2,45,0,72825
BANKNIFTY-III.NFO,19/08/2024,09:51:13,51260,51251.05,75,51264.25,15,0,72825
BANKNIFTY-III.NFO,19/08/2024,09:51:14,51260,51252.3,45,51258.75,30,0,72825
BANKNIFTY-III.NFO,19/08/2024,09:51:16,51242.1,51240,75,51244.8,150,45,72825
BANKNIFTY-III.NFO,19/08/2024,09:51:18,51240,51229,600,51236.55,90,75,72825
BANKNIFTY-III.NFO,19/08/2024,09:51:19,51240,51229,600,51237.75,15,0,72825
BANKNIFTY-III.NFO,19/08/2024,09:51:21,51240,51229.55,60,51240,30,0,72825
BANKNIFTY-III.NFO,19/08/2024,09:51:23,51240,51229.05,60,51240,30,0,72825
BANKNIFTY-III.NFO,19/08/2024,09:51:24,51240,51230.35,75,51240,15,0,72825
BANKNIFTY-III.NFO,19/08/2024,09:51:26,51240,51232.65,60,51240,15,0,72825
BANKNIFTY-III.NFO,19/08/2024,09:51:28,51240,51236.4,60,51250.15,15,15,72825
BANKNIFTY-III.NFO,19/08/2024,09:51:29,51240,51238.5,60,51251.9,15,0,72825
BANKNIFTY-III.NFO,19/08/2024,09:51:31,51240,51241.6,45,51254.7,15,0,72825
BANKNIFTY-III.NFO,19/08/2024,09:51:33,51240,51243.3,60,51256.75,30,0,72825
BANKNIFTY-III.NFO,19/08/2024,09:51:34,51240,51242.6,60,51254.1,15,0,72825
BANKNIFTY-III.NFO,19/08/2024,09:51:36,51240,51241.75,60,51255.3,30,0,72825
BANKNIFTY-III.NFO,19/08/2024,09:51:38,51240,51241.9,60,51256,15,0,72825
BANKNIFTY-III.NFO,19/08/2024,09:51:39,51240,51242.8,60,51258.4,15,0,72825
BANKNIFTY-III.NFO,19/08/2024,09:51:41,51240,51245.65,60,51260.15,15,0,72825
BANKNIFTY-III.NFO,19/08/2024,09:51:43,51240,51247.75,60,51263.3,15,0,72825
BANKNIFTY-III.NFO,19/08/2024,09:51:44,51240,51250.9,60,51264.65,15,0,72825
BANKNIFTY-III.NFO,19/08/2024,09:51:46,51240,51253.75,60,51267.2,15,0,72825
BANKNIFTY-III.NFO,19/08/2024,09:51:48,51240,51254.5,45,51264.35,30,0,72825
BANKNIFTY-III.NFO,19/08/2024,09:51:49,51240,51246.05,75,51258.25,15,0,72825
BANKNIFTY-III.NFO,19/08/2024,09:51:51,51240,51247.75,60,51262.3,15,0,72825
BANKNIFTY-III.NFO,19/08/2024,09:51:53,51240,51251.2,45,51262.35,30,0,72825
BANKNIFTY-III.NFO,19/08/2024,09:51:54,51240,51251,60,51264.45,30,0,72825
BANKNIFTY-III.NFO,19/08/2024,09:51:56,51240,51249.35,60,51262.1,15,0,72825
BANKNIFTY-III.NFO,19/08/2024,09:51:58,51240,51245.75,60,51258.85,15,0,72825
BANKNIFTY-III.NFO,19/08/2024,09:51:59,51240,51245.75,60,51259.05,30,0,72825
BANKNIFTY-III.NFO,19/08/2024,09:52:01,51240,51247.55,60,51260.05,15,0,72825
BANKNIFTY-III.NFO,19/08/2024,09:52:03,51240,51244.65,45,51256.45,105,0,72825
BANKNIFTY-III.NFO,19/08/2024,09:52:04,51240,51240.05,75,51253.55,30,0,72825
BANKNIFTY-III.NFO,19/08/2024,09:52:06,51240,51240.65,45,51251.5,15,0,72825
BANKNIFTY-III.NFO,19/08/2024,09:52:08,51251.5,51240.05,75,51253.3,15,15,72870
BANKNIFTY-III.NFO,19/08/2024,09:52:09,51251.5,51240,75,51244.75,105,0,72870
BANKNIFTY-III.NFO,19/08/2024,09:52:11,51240,51229,600,51234.15,45,75,72870
BANKNIFTY-III.NFO,19/08/2024,09:52:13,51240,51229,600,51231.4,45,0,72870
BANKNIFTY-III.NFO,19/08/2024,09:52:14,51229,51229,270,51234.45,30,330,72870
BANKNIFTY-III.NFO,19/08/2024,09:52:16,51229,51229,120,51232,45,150,72870
BANKNIFTY-III.NFO,19/08/2024,09:52:18,51229,51229,75,51234.9,60,45,72870
BANKNIFTY-III.NFO,19/08/2024,09:52:19,51229,51229,75,51237.7,60,0,72870
BANKNIFTY-III.NFO,19/08/2024,09:52:21,51236.3,51229.2,45,51231.55,150,45,72870
BANKNIFTY-III.NFO,19/08/2024,09:52:23,51221.9,51225.2,45,51231.2,90,915,72870
BANKNIFTY-III.NFO,19/08/2024,09:52:24,51221.9,51225,705,51232.85,60,0,72870
BANKNIFTY-III.NFO,19/08/2024,09:52:26,51221.9,51225,705,51231.3,105,0,72870
BANKNIFTY-III.NFO,19/08/2024,09:52:28,51221.9,51225,705,51230,60,0,72870
BANKNIFTY-III.NFO,19/08/2024,09:52:29,51225,51225,690,51227.8,45,15,72870
BANKNIFTY-III.NFO,19/08/2024,09:52:31,51225,51225,690,51230.7,60,0,72870
BANKNIFTY-III.NFO,19/08/2024,09:52:33,51225,51225,690,51225.85,45,0,72870
BANKNIFTY-III.NFO,19/08/2024,09:52:34,51225,51225,690,51235.75,45,0,72870
BANKNIFTY-III.NFO,19/08/2024,09:52:36,51225,51225,705,51235.65,60,0,72870
BANKNIFTY-III.NFO,19/08/2024,09:52:38,51225,51225,705,51232.75,45,0,72870
BANKNIFTY-III.NFO,19/08/2024,09:52:39,51225,51225,705,51232.15,60,0,72870
BANKNIFTY-III.NFO,19/08/2024,09:52:41,51225,51225,705,51229.15,60,0,72870
BANKNIFTY-III.NFO,19/08/2024,09:52:43,51225,51225,285,51227.4,45,420,72870
BANKNIFTY-III.NFO,19/08/2024,09:52:44,51220,51205.05,60,51218.2,45,390,72870
BANKNIFTY-III.NFO,19/08/2024,09:52:46,51223.2,51205,30,51207.25,15,150,72870
BANKNIFTY-III.NFO,19/08/2024,09:52:48,51223.2,51205.05,60,51223.15,15,0,72870
BANKNIFTY-III.NFO,19/08/2024,09:52:49,51223.2,51220,15,51223.1,15,0,72870
BANKNIFTY-III.NFO,19/08/2024,09:52:51,51220,51205,30,51214.8,90,15,72870
BANKNIFTY-III.NFO,19/08/2024,09:52:53,51220,51205,45,51216.3,150,0,72870
BANKNIFTY-III.NFO,19/08/2024,09:52:54,51220,51205,30,51212.25,90,0,72870
BANKNIFTY-III.NFO,19/08/2024,09:52:56,51220,51205,30,51210.9,120,0,72870
BANKNIFTY-III.NFO,19/08/2024,09:52:58,51220,51205,30,51210.5,120,0,72870
BANKNIFTY-III.NFO,19/08/2024,09:52:59,51220,51205,30,51208.25,120,0,72870
BANKNIFTY-III.NFO,19/08/2024,09:53:01,51220,51205.05,15,51215.35,15,0,72870
BANKNIFTY-III.NFO,19/08/2024,09:53:03,51220,51205.05,60,51220,15,0,72870
BANKNIFTY-III.NFO,19/08/2024,09:53:04,51220,51205.95,60,51219.95,15,0,72870
BANKNIFTY-III.NFO,19/08/2024,09:53:06,51220,51211.9,60,51220,15,0,72870
BANKNIFTY-III.NFO,19/08/2024,09:53:08,51220,51208.7,60,51220,15,0,72870
BANKNIFTY-III.NFO,19/08/2024,09:53:09,51220,51205.05,60,51220,30,0,72870
BANKNIFTY-III.NFO,19/08/2024,09:53:11,51220,51205.05,75,51222.7,15,15,72870
BANKNIFTY-III.NFO,19/08/2024,09:53:13,51220,51205.05,75,51220,30,0,72870
BANKNIFTY-III.NFO,19/08/2024,09:53:14,51220,51209.05,60,51220,180,0,72870
BANKNIFTY-III.NFO,19/08/2024,09:53:16,51220,51212,60,51220,150,15,72870
BANKNIFTY-III.NFO,19/08/2024,09:53:18,51220,51211.8,75,51220,90,60,72870
BANKNIFTY-III.NFO,19/08/2024,09:53:19,51220,51206.25,75,51220,105,0,72870
BANKNIFTY-III.NFO,19/08/2024,09:53:21,51220,51205.05,75,51220,105,0,72870
BANKNIFTY-III.NFO,19/08/2024,09:53:23,51220,51205.05,75,51219.95,15,0,72870
BANKNIFTY-III.NFO,19/08/2024,09:53:26,51220,51206.25,60,51220,105,0,72870
BANKNIFTY-III.NFO,19/08/2024,09:53:28,51220,51205.05,75,51220,105,0,72870
BANKNIFTY-III.NFO,19/08/2024,09:53:30,51220,51205.05,75,51219.95,30,0,72870
BANKNIFTY-III.NFO,19/08/2024,09:53:31,51220,51205.1,60,51220,90,0,72870
BANKNIFTY-III.NFO,19/08/2024,09:53:33,51220,51205.1,60,51220,105,0,72870
BANKNIFTY-III.NFO,19/08/2024,09:53:35,51220,51205.05,75,51219.5,15,0,72870
BANKNIFTY-III.NFO,19/08/2024,09:53:36,51220,51205.55,60,51220,105,0,72870
BANKNIFTY-III.NFO,19/08/2024,09:53:38,51220,51208.7,60,51220,90,0,72870
BANKNIFTY-III.NFO,19/08/2024,09:53:40,51208.7,51208.7,60,51220,90,15,72870
BANKNIFTY-III.NFO,19/08/2024,09:53:41,51208.7,51210,105,51219.9,15,0,72870
BANKNIFTY-III.NFO,19/08/2024,09:53:43,51208.7,51210,105,51215.1,15,0,72870
BANKNIFTY-III.NFO,19/08/2024,09:53:45,51214.8,51210,105,51211.7,150,15,72870
BANKNIFTY-III.NFO,19/08/2024,09:53:46,51210,51210,75,51211.65,150,30,72870
BANKNIFTY-III.NFO,19/08/2024,09:53:48,51205,51201,15,51209.35,60,105,72870
BANKNIFTY-III.NFO,19/08/2024,09:53:50,51202.85,51201,15,51202.6,105,15,72870
BANKNIFTY-III.NFO,19/08/2024,09:53:51,51190,51180.05,75,51193.45,90,240,72870
BANKNIFTY-III.NFO,19/08/2024,09:53:53,51190,51180.65,75,51192.6,15,0,72870
BANKNIFTY-III.NFO,19/08/2024,09:53:55,51190,51180.05,60,51193.6,15,0,72870
BANKNIFTY-III.NFO,19/08/2024,09:53:56,51190,51180.05,75,51193,90,0,72870
BANKNIFTY-III.NFO,19/08/2024,09:53:58,51190,51180.05,75,51195.8,15,0,72870
BANKNIFTY-III.NFO,19/08/2024,09:54:00,51190,51180.15,60,51196.85,90,0,72870
BANKNIFTY-III.NFO,19/08/2024,09:54:01,51190,51190,15,51194.75,105,0,72870
BANKNIFTY-III.NFO,19/08/2024,09:54:03,51190,51180,105,51190.2,90,15,72870
BANKNIFTY-III.NFO,19/08/2024,09:54:05,51190,51180,120,51189.9,75,0,72870
BANKNIFTY-III.NFO,19/08/2024,09:54:06,51181.4,51180,105,51182.25,45,30,72870
BANKNIFTY-III.NFO,19/08/2024,09:54:08,51181.4,51180,105,51181.5,30,0,72870
BANKNIFTY-III.NFO,19/08/2024,09:54:10,51180,51180,30,51184.25,30,75,72870
BANKNIFTY-III.NFO,19/08/2024,09:54:11,51180,51180,30,51188.75,75,0,72870
BANKNIFTY-III.NFO,19/08/2024,09:54:13,51180,51180,45,51189.45,15,0,72870
BANKNIFTY-III.NFO,19/08/2024,09:54:15,51180,51180.05,60,51194.05,75,0,72870
BANKNIFTY-III.NFO,19/08/2024,09:54:16,51180,51180,45,51191.45,15,0,72870
BANKNIFTY-III.NFO,19/08/2024,09:54:18,51180,51180.05,75,51195.55,75,0,72870
BANKNIFTY-III.NFO,19/08/2024,09:54:20,51180,51186.4,60,51200,15,0,72870
BANKNIFTY-III.NFO,19/08/2024,09:54:21,51185.9,51185.5,60,51199.95,60,90,72870
BANKNIFTY-III.NFO,19/08/2024,09:54:23,51185.9,51181.45,60,51195.15,60,0,72870
BANKNIFTY-III.NFO,19/08/2024,09:54:25,51185.9,51186.45,60,51200,15,0,72870
BANKNIFTY-III.NFO,19/08/2024,09:54:26,51185.9,51187.9,60,51200,15,0,72870
BANKNIFTY-III.NFO,19/08/2024,09:54:28,51185.9,51188.55,60,51200,15,0,72870
BANKNIFTY-III.NFO,19/08/2024,09:54:30,51185.9,51188.25,60,51200,30,0,72870
BANKNIFTY-III.NFO,19/08/2024,09:54:31,51185.9,51185.95,75,51199.85,60,0,72870
BANKNIFTY-III.NFO,19/08/2024,09:54:33,51185.9,51185.95,75,51197.95,60,0,72870
BANKNIFTY-III.NFO,19/08/2024,09:54:35,51185.9,51185.9,15,51191.2,75,0,72870
BANKNIFTY-III.NFO,19/08/2024,09:54:36,51185.9,51185.9,15,51187.05,60,0,72870
BANKNIFTY-III.NFO,19/08/2024,09:54:38,51185.9,51180,45,51186.35,60,15,71625
BANKNIFTY-III.NFO,19/08/2024,09:54:40,51185.9,51180,45,51185.55,165,0,71625
BANKNIFTY-III.NFO,19/08/2024,09:54:41,51180,51180.05,75,51195.85,60,15,71625
BANKNIFTY-III.NFO,19/08/2024,09:54:43,51180,51180.05,60,51185,30,0,71625
BANKNIFTY-III.NFO,19/08/2024,09:54:45,51180,51180,30,51185,30,0,71625
BANKNIFTY-III.NFO,19/08/2024,09:54:53,51180,51180,45,51185,30,0,71625
BANKNIFTY-III.NFO,19/08/2024,09:54:55,51180,51180,45,51180.05,60,0,71625
BANKNIFTY-III.NFO,19/08/2024,09:54:56,51175,51158.75,75,51179.55,105,90,71625
BANKNIFTY-III.NFO,19/08/2024,09:54:58,51175,51160.6,60,51177.95,60,0,71625
BANKNIFTY-III.NFO,19/08/2024,09:55:00,51175,51158.6,60,51174.55,15,0,71625
BANKNIFTY-III.NFO,19/08/2024,09:55:01,51175,51161.25,60,51175,30,0,71625
BANKNIFTY-III.NFO,19/08/2024,09:55:03,51175,51164.4,60,51175,15,0,71625
BANKNIFTY-III.NFO,19/08/2024,09:55:05,51175,51165.3,60,51182.7,60,15,71625
BANKNIFTY-III.NFO,19/08/2024,09:55:06,51175,51160.05,75,51175.95,60,0,71625
BANKNIFTY-III.NFO,19/08/2024,09:55:08,51175,51160.55,60,51180.2,60,0,71625
BANKNIFTY-III.NFO,19/08/2024,09:55:10,51175,51160.55,60,51176.45,60,0,71625
BANKNIFTY-III.NFO,19/08/2024,09:55:11,51175,51160.05,75,51177.6,60,0,71625
BANKNIFTY-III.NFO,19/08/2024,09:55:13,51175,51171,15,51172.55,60,0,71625
BANKNIFTY-III.NFO,19/08/2024,09:55:15,51171,51160.1,60,51172.3,75,15,71625
BANKNIFTY-III.NFO,19/08/2024,09:55:16,51171,51160.1,60,51175.55,75,0,71625
BANKNIFTY-III.NFO,19/08/2024,09:55:18,51173,51160.05,75,51173.05,15,45,71625
BANKNIFTY-III.NFO,19/08/2024,09:55:20,51173,51160.05,75,51175.5,15,0,71625
BANKNIFTY-III.NFO,19/08/2024,09:55:21,51173,51164.1,45,51182,15,0,71625
BANKNIFTY-III.NFO,19/08/2024,09:55:23,51173,51163.25,60,51170,150,0,71625
BANKNIFTY-III.NFO,19/08/2024,09:55:25,51173,51160.05,75,51170,150,0,71625
BANKNIFTY-III.NFO,19/08/2024,09:55:28,51173,51165.5,60,51170,150,0,71625
BANKNIFTY-III.NFO,19/08/2024,09:55:30,51170,51166.5,60,51181.6,30,150,71625
BANKNIFTY-III.NFO,19/08/2024,09:55:31,51170,51168.95,60,51184.95,30,0,71625
BANKNIFTY-III.NFO,19/08/2024,09:55:33,51170,51169.55,60,51184.95,30,0,71625
BANKNIFTY-III.NFO,19/08/2024,09:55:35,51170,51169.75,60,51184.95,15,0,71625
BANKNIFTY-III.NFO,19/08/2024,09:55:36,51185,51174.2,60,51185,30,30,71625
BANKNIFTY-III.NFO,19/08/2024,09:55:38,51185,51181.5,60,51185,30,0,71625
BANKNIFTY-III.NFO,19/08/2024,09:55:40,51181.65,51176.35,60,51185,30,15,71625
BANKNIFTY-III.NFO,19/08/2024,09:55:41,51181.65,51176.05,60,51185,30,0,71625
BANKNIFTY-III.NFO,19/08/2024,09:55:43,51181.65,51182.55,60,51185,30,0,71625
BANKNIFTY-III.NFO,19/08/2024,09:55:45,51185,51183.75,75,51185,15,15,71625
BANKNIFTY-III.NFO,19/08/2024,09:55:46,51185,51181.75,75,51185,15,0,71625
BANKNIFTY-III.NFO,19/08/2024,09:55:48,51185,51181.15,60,51185,15,0,71625
BANKNIFTY-III.NFO,19/08/2024,09:55:50,51185,51179.7,45,51185,15,0,71625
BANKNIFTY-III.NFO,19/08/2024,09:55:51,51185,51179.7,60,51185,15,0,71625
BANKNIFTY-III.NFO,19/08/2024,09:55:53,51185,51179.7,60,51190.9,60,15,71625
BANKNIFTY-III.NFO,19/08/2024,09:55:55,51185,51178.25,45,51190.55,60,0,71625
BANKNIFTY-III.NFO,19/08/2024,09:55:56,51185,51182,15,51195.05,60,0,71625
BANKNIFTY-III.NFO,19/08/2024,09:55:58,51185,51182.05,60,51197.8,60,0,71625
BANKNIFTY-III.NFO,19/08/2024,09:56:00,51185,51184.7,15,51200,30,0,71625
BANKNIFTY-III.NFO,19/08/2024,09:56:03,51185,51184.7,15,51199.6,60,0,71625
BANKNIFTY-III.NFO,19/08/2024,09:56:05,51185,51181.3,60,51192.8,60,0,71625
BANKNIFTY-III.NFO,19/08/2024,09:56:06,51185,51177.3,45,51191.75,60,0,71625
BANKNIFTY-III.NFO,19/08/2024,09:56:08,51185,51174.55,60,51190,15,0,71625
BANKNIFTY-III.NFO,19/08/2024,09:56:10,51185,51185,15,51191,60,0,71625
BANKNIFTY-III.NFO,19/08/2024,09:56:11,51185,51169.95,15,51180.15,60,15,71625
BANKNIFTY-III.NFO,19/08/2024,09:56:13,51180,51169.95,15,51174,45,30,71625
BANKNIFTY-III.NFO,19/08/2024,09:56:15,51180,51169.95,15,51181.85,60,0,71625
BANKNIFTY-III.NFO,19/08/2024,09:56:16,51180,51169.95,15,51174.75,45,0,71625
