Ticker,Date,Time,LTP,BuyPrice,BuyQty,SellPrice,SellQty,LTQ,OpenInterest
NIFTY-II.NFO,19/08/2024,09:15:00,24725,24737.8,100,24770.95,100,25,0
NIFTY-II.NFO,19/08/2024,09:15:00,24725,24737.8,100,24770.95,100,0,0
NIFTY-II.NFO,19/08/2024,09:15:00,24725,24737.8,100,24770.95,100,0,0
NIFTY-II.NFO,19/08/2024,09:15:00,24725,24737.8,100,24770.95,100,0,0
NIFTY-II.NFO,19/08/2024,09:15:01,24770,24754.9,100,24760,250,150,1511475
NIFTY-II.NFO,19/08/2024,09:15:01,24779.95,24754.9,100,24760,250,0,1511475
NIFTY-II.NFO,19/08/2024,09:15:02,24772.95,24761.6,25,24772.95,100,2025,1511475
NIFTY-II.NFO,19/08/2024,09:15:03,24774.95,24762.2,100,24774.95,100,725,1511475
NIFTY-II.NFO,19/08/2024,09:15:04,24760,24758.9,250,24770.05,100,325,1511475
NIFTY-II.NFO,19/08/2024,09:15:06,24759.2,24753.3,25,24765.55,100,225,1511475
NIFTY-II.NFO,19/08/2024,09:15:07,24764.7,24753.4,100,24764.65,100,350,1511475
NIFTY-II.NFO,19/08/2024,09:15:09,24760,24760.35,25,24767.4,100,150,1511475
NIFTY-II.NFO,19/08/2024,09:15:10,24759.5,24759.5,25,24767.55,100,1325,1511475
NIFTY-II.NFO,19/08/2024,09:15:12,24765,24765,50,24769.1,200,2800,1511475
NIFTY-II.NFO,19/08/2024,09:15:13,24760,24757.05,100,24767,50,800,1511475
NIFTY-II.NFO,19/08/2024,09:15:15,24766.2,24757.95,100,24766.2,100,125,1511475
NIFTY-II.NFO,19/08/2024,09:15:16,24765.9,24757.5,100,24765.85,250,325,1511475
NIFTY-II.NFO,19/08/2024,09:15:18,24764.95,24760.2,100,24765,25,425,1511475
NIFTY-II.NFO,19/08/2024,09:15:19,24762.6,24763.9,25,24768.45,25,550,1511475
NIFTY-II.NFO,19/08/2024,09:15:21,24770.25,24764.55,100,24770.05,25,250,1511475
NIFTY-II.NFO,19/08/2024,09:15:22,24771.55,24766.6,100,24771.8,25,125,1511475
NIFTY-II.NFO,19/08/2024,09:15:24,24766.7,24766.7,200,24773.25,100,675,1511475
NIFTY-II.NFO,19/08/2024,09:15:25,24768.7,24767.9,175,24774.4,100,650,1511475
NIFTY-II.NFO,19/08/2024,09:15:27,24772.95,24767.25,75,24772.95,100,225,1511475
NIFTY-II.NFO,19/08/2024,09:15:28,24764.85,24765.85,100,24770.75,25,350,1511475
NIFTY-II.NFO,19/08/2024,09:15:30,24772,24765.95,100,24771.35,50,650,1511475
NIFTY-II.NFO,19/08/2024,09:15:31,24764.7,24764.75,75,24769.5,100,325,1510575
NIFTY-II.NFO,19/08/2024,09:15:32,24766.35,24764.7,100,24767.05,100,50,1510575
NIFTY-II.NFO,19/08/2024,09:15:34,24760.45,24760.9,100,24768.7,100,800,1510575
NIFTY-II.NFO,19/08/2024,09:15:35,24761,24761.95,100,24769.4,100,25,1510575
NIFTY-II.NFO,19/08/2024,09:15:37,24770,24762.6,175,24770,25,400,1510575
NIFTY-II.NFO,19/08/2024,09:15:38,24770.65,24762.7,100,24770.55,125,100,1510575
NIFTY-II.NFO,19/08/2024,09:15:40,24766.35,24762.8,175,24770.5,100,125,1510575
NIFTY-II.NFO,19/08/2024,09:15:41,24773.95,24766.35,125,24771.9,25,575,1510575
NIFTY-II.NFO,19/08/2024,09:15:43,24772.55,24766.45,175,24771.8,25,275,1510575
NIFTY-II.NFO,19/08/2024,09:15:44,24764.2,24765.15,100,24771.75,75,75,1510575
NIFTY-II.NFO,19/08/2024,09:15:45,24771.65,24767.45,75,24771.75,75,50,1510575
NIFTY-II.NFO,19/08/2024,09:15:47,24771.95,24768.45,75,24771.95,25,375,1510575
NIFTY-II.NFO,19/08/2024,09:15:48,24770,24767.55,125,24770.8,25,200,1510575
NIFTY-II.NFO,19/08/2024,09:15:50,24772.1,24768.3,100,24772.1,25,300,1510575
NIFTY-II.NFO,19/08/2024,09:15:51,24773.85,24768.3,75,24773.55,25,125,1510575
NIFTY-II.NFO,19/08/2024,09:15:53,24773.55,24768.35,100,24773,25,50,1510575
NIFTY-II.NFO,19/08/2024,09:15:54,24770,24768.8,100,24773.7,25,325,1510575
NIFTY-II.NFO,19/08/2024,09:15:56,24767.65,24767.65,25,24770,25,450,1510575
NIFTY-II.NFO,19/08/2024,09:15:57,24773.45,24768.3,75,24773.8,25,175,1510575
NIFTY-II.NFO,19/08/2024,09:15:59,24773.7,24768.35,50,24773.8,25,150,1510575
NIFTY-II.NFO,19/08/2024,09:16:00,24774.7,24772.7,25,24774.25,25,600,1510575
NIFTY-II.NFO,19/08/2024,09:16:02,24776.95,24772.85,100,24777,25,600,1510575
NIFTY-II.NFO,19/08/2024,09:16:03,24772.95,24774.7,25,24777,50,50,1510575
NIFTY-II.NFO,19/08/2024,09:16:05,24778,24774.75,75,24779,150,100,1510575
NIFTY-II.NFO,19/08/2024,09:16:06,24774.75,24777,25,24779,150,25,1510575
NIFTY-II.NFO,19/08/2024,09:16:08,24778.95,24772.4,75,24777.95,100,250,1510575
NIFTY-II.NFO,19/08/2024,09:16:10,24776.95,24773,100,24777,25,50,1510575
NIFTY-II.NFO,19/08/2024,09:16:11,24777.95,24772.35,50,24777.95,100,225,1510575
NIFTY-II.NFO,19/08/2024,09:16:13,24773.15,24773.1,350,24778.95,100,100,1510575
NIFTY-II.NFO,19/08/2024,09:16:14,24772.1,24772.1,25,24778.65,100,200,1510575
NIFTY-II.NFO,19/08/2024,09:16:16,24773,24773,350,24778.9,100,275,1510575
NIFTY-II.NFO,19/08/2024,09:16:17,24773,24772.35,100,24776.75,100,200,1510575
NIFTY-II.NFO,19/08/2024,09:16:19,24771.7,24772.1,25,24777,25,575,1510575
NIFTY-II.NFO,19/08/2024,09:16:20,24772.1,24771.85,350,24777,25,50,1510575
NIFTY-II.NFO,19/08/2024,09:16:22,24775,24772.8,350,24778.45,100,200,1510575
NIFTY-II.NFO,19/08/2024,09:16:23,24773.35,24772.85,75,24777,25,250,1510575
NIFTY-II.NFO,19/08/2024,09:16:24,24777,24774,350,24778.9,100,250,1510575
NIFTY-II.NFO,19/08/2024,09:16:26,24779,24771.95,100,24777,25,500,1510575
NIFTY-II.NFO,19/08/2024,09:16:27,24775,24772,50,24775,150,150,1510575
NIFTY-II.NFO,19/08/2024,09:16:29,24771.05,24771.2,100,24775,175,125,1510575
NIFTY-II.NFO,19/08/2024,09:16:30,24774.95,24771.25,50,24775,150,50,1510575
NIFTY-II.NFO,19/08/2024,09:16:32,24771.3,24771.3,100,24775,150,25,1510575
NIFTY-II.NFO,19/08/2024,09:16:34,24775,24772.05,100,24776.95,150,75,1510575
NIFTY-II.NFO,19/08/2024,09:16:35,24771.15,24771.6,175,24776.65,100,50,1510575
NIFTY-II.NFO,19/08/2024,09:16:36,24771.6,24771.05,50,24774.95,100,25,1510575
NIFTY-II.NFO,19/08/2024,09:16:38,24771.6,24771.1,75,24775,125,0,1510575
NIFTY-II.NFO,19/08/2024,09:16:39,24776.05,24771.2,100,24776.2,100,250,1510575
NIFTY-II.NFO,19/08/2024,09:16:41,24772.05,24772,25,24776.2,225,75,1510575
NIFTY-II.NFO,19/08/2024,09:16:42,24776.2,24771.1,100,24776.15,175,300,1510575
NIFTY-II.NFO,19/08/2024,09:16:44,24772.05,24771.15,50,24775,100,50,1510575
NIFTY-II.NFO,19/08/2024,09:16:45,24771.55,24771.5,25,24775,25,75,1510575
NIFTY-II.NFO,19/08/2024,09:16:47,24771.6,24772,75,24775,25,25,1510575
NIFTY-II.NFO,19/08/2024,09:16:48,24776.05,24772,150,24776.05,75,75,1510575
NIFTY-II.NFO,19/08/2024,09:16:50,24772,24772.05,25,24774.95,25,50,1510575
NIFTY-II.NFO,19/08/2024,09:16:51,24772,24772.05,25,24774.95,25,50,1510575
NIFTY-II.NFO,19/08/2024,09:16:53,24777,24774.2,25,24777,550,325,1510575
NIFTY-II.NFO,19/08/2024,09:16:54,24777,24774.2,25,24776,200,325,1510575
NIFTY-II.NFO,19/08/2024,09:16:56,24776,24773.35,100,24776,75,350,1510575
NIFTY-II.NFO,19/08/2024,09:16:58,24773.5,24773.5,75,24776,75,25,1510575
NIFTY-II.NFO,19/08/2024,09:16:59,24772.6,24771.8,250,24776,50,50,1510575
NIFTY-II.NFO,19/08/2024,09:17:01,24775.95,24771.55,50,24775.95,175,125,1510575
NIFTY-II.NFO,19/08/2024,09:17:02,24776,24772.6,25,24776,75,75,1510575
NIFTY-II.NFO,19/08/2024,09:17:04,24776,24772.6,25,24776,75,75,1510575
NIFTY-II.NFO,19/08/2024,09:17:05,24776,24772.05,25,24776,50,25,1510575
NIFTY-II.NFO,19/08/2024,09:17:07,24777,24773.25,25,24776,1000,250,1510575
NIFTY-II.NFO,19/08/2024,09:17:08,24774.2,24774.1,25,24776,750,800,1510575
NIFTY-II.NFO,19/08/2024,09:17:10,24775,24772,25,24775.95,100,150,1510575
NIFTY-II.NFO,19/08/2024,09:17:11,24775.95,24772,50,24775.35,175,25,1510575
NIFTY-II.NFO,19/08/2024,09:17:13,24771.05,24771,25,24774.6,75,100,1510575
NIFTY-II.NFO,19/08/2024,09:17:14,24771,24770.5,25,24774.55,100,50,1510575
NIFTY-II.NFO,19/08/2024,09:17:16,24770,24770,175,24772.85,150,900,1510575
NIFTY-II.NFO,19/08/2024,09:17:18,24768,24767,150,24770.35,75,200,1510575
NIFTY-II.NFO,19/08/2024,09:17:19,24768.9,24766.05,25,24769,75,75,1510575
NIFTY-II.NFO,19/08/2024,09:17:21,24771.05,24768,100,24771.05,50,500,1510575
NIFTY-II.NFO,19/08/2024,09:17:22,24769.95,24771.5,25,24775,600,100,1510575
NIFTY-II.NFO,19/08/2024,09:17:24,24769.95,24770.35,25,24773.6,100,0,1510575
NIFTY-II.NFO,19/08/2024,09:17:25,24768.3,24768.25,25,24770,50,100,1510575
NIFTY-II.NFO,19/08/2024,09:17:27,24770,24768.6,25,24770,25,25,1510575
NIFTY-II.NFO,19/08/2024,09:17:28,24768.6,24766.1,50,24769.95,150,125,1510575
NIFTY-II.NFO,19/08/2024,09:17:29,24770,24766.1,50,24769.1,100,225,1510575
NIFTY-II.NFO,19/08/2024,09:17:31,24765.05,24765.6,25,24769.1,150,100,1510575
NIFTY-II.NFO,19/08/2024,09:17:32,24769.25,24765.6,25,24768.6,25,75,1510575
NIFTY-II.NFO,19/08/2024,09:17:34,24766.1,24765.1,25,24770,125,100,1510575
NIFTY-II.NFO,19/08/2024,09:17:35,24765,24764.65,25,24769.2,125,175,1510575
NIFTY-II.NFO,19/08/2024,09:17:37,24768.8,24763.9,350,24769.2,150,150,1510575
NIFTY-II.NFO,19/08/2024,09:17:39,24768.8,24763.55,350,24768.5,200,0,1510575
NIFTY-II.NFO,19/08/2024,09:17:40,24768.8,24763,50,24767.4,75,0,1510575
NIFTY-II.NFO,19/08/2024,09:17:41,24763.45,24763,50,24766.15,125,25,1510575
NIFTY-II.NFO,19/08/2024,09:17:43,24762.85,24761.65,25,24765.8,150,75,1510575
NIFTY-II.NFO,19/08/2024,09:17:45,24762.85,24761,50,24765.3,150,0,1510575
NIFTY-II.NFO,19/08/2024,09:17:46,24765.3,24761,50,24765.9,125,25,1510575
NIFTY-II.NFO,19/08/2024,09:17:48,24761.05,24761,25,24765.95,175,175,1510575
NIFTY-II.NFO,19/08/2024,09:17:49,24761,24760.05,350,24765.2,175,500,1510575
NIFTY-II.NFO,19/08/2024,09:17:51,24758.65,24761,25,24764.6,100,275,1510575
NIFTY-II.NFO,19/08/2024,09:17:52,24765.2,24761,25,24765.15,100,500,1510575
NIFTY-II.NFO,19/08/2024,09:17:54,24765.2,24761.9,125,24765.95,25,125,1510575
NIFTY-II.NFO,19/08/2024,09:17:55,24765.95,24761.05,175,24766.5,25,275,1510575
NIFTY-II.NFO,19/08/2024,09:17:57,24761.05,24761.05,100,24765,100,125,1510575
NIFTY-II.NFO,19/08/2024,09:17:58,24761,24760.6,150,24765,100,50,1510575
NIFTY-II.NFO,19/08/2024,09:18:00,24758.35,24758.7,50,24761,50,50,1510575
NIFTY-II.NFO,19/08/2024,09:18:01,24759.25,24761.15,25,24763,150,125,1510575
NIFTY-II.NFO,19/08/2024,09:18:03,24760.05,24760.75,25,24763,150,225,1510575
NIFTY-II.NFO,19/08/2024,09:18:04,24763,24760,125,24763,125,25,1510575
NIFTY-II.NFO,19/08/2024,09:18:06,24760,24759.05,125,24759.8,25,100,1510575
NIFTY-II.NFO,19/08/2024,09:18:07,24758.45,24758.6,25,24762.95,100,75,1510575
NIFTY-II.NFO,19/08/2024,09:18:09,24763,24758.6,25,24762.65,100,25,1510575
NIFTY-II.NFO,19/08/2024,09:18:10,24758.75,24758.6,150,24763,50,125,1510575
NIFTY-II.NFO,19/08/2024,09:18:12,24763,24758.2,25,24759.8,25,25,1510575
NIFTY-II.NFO,19/08/2024,09:18:13,24762.35,24758,75,24761.5,25,100,1510575
NIFTY-II.NFO,19/08/2024,09:18:15,24755.8,24756.05,350,24761.15,125,1025,1510575
NIFTY-II.NFO,19/08/2024,09:18:16,24762.35,24757.7,100,24762.2,100,525,1510575
NIFTY-II.NFO,19/08/2024,09:18:18,24762.35,24757.8,25,24761.35,100,0,1510575
NIFTY-II.NFO,19/08/2024,09:18:19,24760.5,24757.15,25,24760.25,75,25,1510575
NIFTY-II.NFO,19/08/2024,09:18:21,24757.15,24755.1,25,24758.7,75,25,1510575
NIFTY-II.NFO,19/08/2024,09:18:22,24752.1,24754.05,25,24758.6,175,1000,1510575
NIFTY-II.NFO,19/08/2024,09:18:24,24758.7,24754.1,25,24759.25,175,50,1510575
NIFTY-II.NFO,19/08/2024,09:18:25,24759.65,24754.75,100,24759.2,225,25,1510575
NIFTY-II.NFO,19/08/2024,09:18:27,24760,24755.85,200,24760,25,225,1510575
NIFTY-II.NFO,19/08/2024,09:18:28,24756.45,24754.25,125,24759.65,225,125,1510575
NIFTY-II.NFO,19/08/2024,09:18:30,24756.45,24754.1,200,24758.95,100,0,1510575
NIFTY-II.NFO,19/08/2024,09:18:31,24757.15,24754.5,100,24757.15,175,75,1506050
NIFTY-II.NFO,19/08/2024,09:18:33,24757.15,24755.2,100,24757.15,50,125,1506050
NIFTY-II.NFO,19/08/2024,09:18:34,24757.15,24754.15,350,24759.3,175,75,1506050
NIFTY-II.NFO,19/08/2024,09:18:36,24758.15,24754.75,25,24758.5,25,25,1506050
NIFTY-II.NFO,19/08/2024,09:18:37,24758.45,24754.3,50,24757,25,75,1506050
NIFTY-II.NFO,19/08/2024,09:18:39,24757.15,24755.05,75,24758.15,25,50,1506050
NIFTY-II.NFO,19/08/2024,09:18:40,24758.15,24755.3,125,24758.5,25,75,1506050
NIFTY-II.NFO,19/08/2024,09:18:42,24758.25,24755,25,24758.15,175,50,1506050
NIFTY-II.NFO,19/08/2024,09:18:43,24755,24754.5,25,24758.15,175,100,1506050
NIFTY-II.NFO,19/08/2024,09:18:45,24758.15,24754.5,25,24758.15,100,125,1506050
NIFTY-II.NFO,19/08/2024,09:18:46,24755,24755,125,24758.15,50,75,1506050
NIFTY-II.NFO,19/08/2024,09:18:48,24755,24756.15,25,24758.45,25,0,1506050
NIFTY-II.NFO,19/08/2024,09:18:50,24755,24755,175,24758.45,25,50,1506050
NIFTY-II.NFO,19/08/2024,09:18:51,24755,24755,25,24758.45,25,75,1506050
NIFTY-II.NFO,19/08/2024,09:18:52,24758.45,24755.2,50,24758.5,25,75,1506050
NIFTY-II.NFO,19/08/2024,09:18:54,24758.45,24754.25,175,24758.45,50,0,1506050
NIFTY-II.NFO,19/08/2024,09:18:55,24759,24754.8,100,24758.5,25,50,1506050
NIFTY-II.NFO,19/08/2024,09:18:57,24759,24754.9,175,24758.5,25,0,1506050
NIFTY-II.NFO,19/08/2024,09:18:59,24757.65,24757.55,75,24760,500,25,1506050
NIFTY-II.NFO,19/08/2024,09:19:00,24757.65,24757.95,100,24760,500,25,1506050
NIFTY-II.NFO,19/08/2024,09:19:01,24758,24757.95,25,24760,500,200,1506050
NIFTY-II.NFO,19/08/2024,09:19:03,24758,24757.5,25,24760,425,150,1506050
NIFTY-II.NFO,19/08/2024,09:19:04,24757.65,24755.7,100,24758,150,225,1506050
NIFTY-II.NFO,19/08/2024,09:19:06,24758,24757.05,100,24760,250,150,1506050
NIFTY-II.NFO,19/08/2024,09:19:07,24760,24758.7,200,24760,375,25,1506050
NIFTY-II.NFO,19/08/2024,09:19:09,24760,24756.85,100,24760,400,25,1506050
NIFTY-II.NFO,19/08/2024,09:19:10,24756.75,24756.75,25,24759.25,50,75,1506050
NIFTY-II.NFO,19/08/2024,09:19:12,24760,24757.5,25,24760,400,125,1506050
NIFTY-II.NFO,19/08/2024,09:19:14,24757.2,24756.75,25,24759,125,175,1506050
NIFTY-II.NFO,19/08/2024,09:19:15,24759,24756.75,25,24759,75,50,1506050
NIFTY-II.NFO,19/08/2024,09:19:17,24758.8,24756.75,25,24759,75,25,1506050
NIFTY-II.NFO,19/08/2024,09:19:18,24759,24757.5,25,24759,50,50,1506050
NIFTY-II.NFO,19/08/2024,09:19:20,24760,24757.5,100,24759.45,25,125,1506050
NIFTY-II.NFO,19/08/2024,09:19:21,24760,24759.95,25,24760,100,475,1506050
NIFTY-II.NFO,19/08/2024,09:19:23,24760,24759.65,75,24760,75,50,1506050
NIFTY-II.NFO,19/08/2024,09:19:24,24761.05,24759.65,50,24762.8,25,100,1506050
NIFTY-II.NFO,19/08/2024,09:19:26,24761.05,24759.65,125,24762.8,25,0,1506050
NIFTY-II.NFO,19/08/2024,09:19:27,24759.65,24759.65,75,24760,25,25,1506050
NIFTY-II.NFO,19/08/2024,09:19:29,24760,24759.7,100,24763,25,25,1506050
NIFTY-II.NFO,19/08/2024,09:19:30,24763,24759.9,100,24763.05,25,25,1506050
NIFTY-II.NFO,19/08/2024,09:19:32,24760.5,24760.6,25,24763.05,25,400,1506050
NIFTY-II.NFO,19/08/2024,09:19:33,24764.95,24760.3,50,24764.15,50,3100,1506050
NIFTY-II.NFO,19/08/2024,09:19:35,24764.15,24760.6,50,24764.15,25,50,1506050
NIFTY-II.NFO,19/08/2024,09:19:36,24762.05,24763.05,75,24765,225,100,1506050
NIFTY-II.NFO,19/08/2024,09:19:38,24765,24763.05,75,24764.95,25,25,1506050
NIFTY-II.NFO,19/08/2024,09:19:39,24763.35,24763.35,25,24765,75,125,1506050
NIFTY-II.NFO,19/08/2024,09:19:41,24766,24765,75,24767.6,25,100,1506050
NIFTY-II.NFO,19/08/2024,09:19:42,24765,24765,50,24767.75,100,50,1506050
NIFTY-II.NFO,19/08/2024,09:19:44,24765,24765,50,24767.8,50,0,1506050
NIFTY-II.NFO,19/08/2024,09:19:46,24767.1,24765,50,24767.65,25,25,1506050
NIFTY-II.NFO,19/08/2024,09:19:47,24768.4,24763.45,250,24766.95,25,150,1506050
NIFTY-II.NFO,19/08/2024,09:19:49,24766.95,24763.2,50,24766.15,25,50,1506050
NIFTY-II.NFO,19/08/2024,09:19:51,24763.2,24763.2,25,24765.95,25,25,1506050
NIFTY-II.NFO,19/08/2024,09:19:52,24766.7,24763.25,25,24766.7,175,225,1506050
NIFTY-II.NFO,19/08/2024,09:19:54,24761.65,24760,75,24761.65,200,200,1506050
NIFTY-II.NFO,19/08/2024,09:19:56,24760,24757.9,100,24762.5,75,75,1506050
NIFTY-II.NFO,19/08/2024,09:19:57,24757.35,24758.2,25,24762.85,100,525,1506050
NIFTY-II.NFO,19/08/2024,09:19:59,24757.35,24757.2,100,24761.15,100,0,1506050
NIFTY-II.NFO,19/08/2024,09:20:00,24750,24750,325,24755.4,100,850,1506050
NIFTY-II.NFO,19/08/2024,09:20:02,24749.85,24743.6,50,24748.15,50,350,1506050
NIFTY-II.NFO,19/08/2024,09:20:04,24746.9,24743.2,75,24747.5,125,75,1506050
NIFTY-II.NFO,19/08/2024,09:20:05,24747.15,24743.3,100,24747.25,25,100,1506050
NIFTY-II.NFO,19/08/2024,09:20:07,24750.35,24745.65,100,24750.35,25,350,1506050
NIFTY-II.NFO,19/08/2024,09:20:09,24752.05,24746.45,100,24751.1,100,275,1506050
NIFTY-II.NFO,19/08/2024,09:20:10,24749.6,24743.35,350,24749.6,50,125,1506050
NIFTY-II.NFO,19/08/2024,09:20:12,24747.3,24743.3,100,24748.45,225,150,1506050
NIFTY-II.NFO,19/08/2024,09:20:14,24748.5,24743.05,100,24748.05,150,225,1506050
NIFTY-II.NFO,19/08/2024,09:20:15,24749.3,24745.5,100,24750.4,75,50,1506050
NIFTY-II.NFO,19/08/2024,09:20:17,24749.9,24745,25,24749.85,150,25,1506050
NIFTY-II.NFO,19/08/2024,09:20:19,24749.2,24745,25,24749.2,125,25,1506050
NIFTY-II.NFO,19/08/2024,09:20:20,24744,24743.55,175,24748.7,25,75,1506050
NIFTY-II.NFO,19/08/2024,09:20:22,24749.75,24744.95,350,24749.7,125,125,1506050
NIFTY-II.NFO,19/08/2024,09:20:23,24745.25,24747.4,25,24749.7,75,150,1506050
NIFTY-II.NFO,19/08/2024,09:20:25,24747.4,24746.25,225,24750,250,25,1506050
NIFTY-II.NFO,19/08/2024,09:20:27,24750,24747.35,175,24750,100,150,1506050
NIFTY-II.NFO,19/08/2024,09:20:28,24753.1,24750.45,425,24755.2,150,300,1506050
NIFTY-II.NFO,19/08/2024,09:20:30,24754.25,24749.95,175,24754.4,25,125,1506050
NIFTY-II.NFO,19/08/2024,09:20:32,24750,24750,4675,24753.35,75,350,1506050
NIFTY-II.NFO,19/08/2024,09:20:33,24752.65,24750.05,175,24753.75,25,75,1506050
NIFTY-II.NFO,19/08/2024,09:20:35,24750.05,24750.1,75,24754.4,25,175,1506050
NIFTY-II.NFO,19/08/2024,09:20:36,24754.4,24750.6,150,24754,25,25,1506050
NIFTY-II.NFO,19/08/2024,09:20:38,24754,24751.8,150,24755.05,25,25,1506050
NIFTY-II.NFO,19/08/2024,09:20:40,24753.6,24752.6,25,24754,25,50,1506050
NIFTY-II.NFO,19/08/2024,09:20:41,24754.4,24753.1,475,24755,25,125,1506050
NIFTY-II.NFO,19/08/2024,09:20:43,24754,24753.05,25,24755,25,25,1506050
NIFTY-II.NFO,19/08/2024,09:20:45,24755,24754.05,325,24756,100,25,1506050
NIFTY-II.NFO,19/08/2024,09:20:46,24755,24753.05,275,24756,100,0,1506050
NIFTY-II.NFO,19/08/2024,09:20:48,24756,24753.9,325,24756,75,25,1506050
NIFTY-II.NFO,19/08/2024,09:20:50,24757,24757.9,325,24759,75,125,1506050
NIFTY-II.NFO,19/08/2024,09:20:51,24757,24757.35,25,24759,75,0,1506050
NIFTY-II.NFO,19/08/2024,09:20:53,24757.7,24757.2,300,24759,25,75,1506050
NIFTY-II.NFO,19/08/2024,09:20:55,24757.7,24757.25,75,24759,25,0,1506050
NIFTY-II.NFO,19/08/2024,09:20:56,24759,24759,25,24760,50,75,1506050
NIFTY-II.NFO,19/08/2024,09:20:58,24760,24759,100,24762,25,25,1506050
NIFTY-II.NFO,19/08/2024,09:21:00,24762,24760,350,24762.85,150,25,1506050
NIFTY-II.NFO,19/08/2024,09:21:01,24761.85,24760,50,24761.9,100,350,1506050
NIFTY-II.NFO,19/08/2024,09:21:03,24757.35,24757.35,350,24762.25,225,125,1506050
NIFTY-II.NFO,19/08/2024,09:21:05,24757.35,24757.35,350,24762,150,50,1506050
NIFTY-II.NFO,19/08/2024,09:21:06,24757.35,24757.35,350,24761.95,225,100,1506050
NIFTY-II.NFO,19/08/2024,09:21:08,24761.95,24757.4,100,24761.9,225,125,1506050
NIFTY-II.NFO,19/08/2024,09:21:10,24761.05,24757,1850,24761.95,175,100,1506050
NIFTY-II.NFO,19/08/2024,09:21:11,24761.05,24757.85,175,24762,100,0,1506050
NIFTY-II.NFO,19/08/2024,09:21:13,24757,24757,1225,24760.4,150,275,1506050
NIFTY-II.NFO,19/08/2024,09:21:15,24753.05,24753,350,24758.15,75,2775,1506050
NIFTY-II.NFO,19/08/2024,09:21:16,24753.05,24752.55,350,24758,75,0,1506050
NIFTY-II.NFO,19/08/2024,09:21:18,24753.05,24752.55,350,24757.6,175,0,1506050
NIFTY-II.NFO,19/08/2024,09:21:20,24753.05,24751,350,24756.15,75,0,1506050
NIFTY-II.NFO,19/08/2024,09:21:21,24750,24750,75,24754.15,75,25,1506050
NIFTY-II.NFO,19/08/2024,09:21:23,24754.95,24750,75,24754.9,125,400,1506050
NIFTY-II.NFO,19/08/2024,09:21:25,24754.95,24750,150,24755,50,0,1506050
NIFTY-II.NFO,19/08/2024,09:21:26,24750,24751.05,25,24754.8,100,25,1506050
NIFTY-II.NFO,19/08/2024,09:21:28,24750,24747.05,25,24750,25,125,1506050
NIFTY-II.NFO,19/08/2024,09:21:30,24754.8,24748.5,350,24752.9,25,1850,1506050
NIFTY-II.NFO,19/08/2024,09:21:31,24754.8,24748.4,175,24752.35,25,3225,1506050
NIFTY-II.NFO,19/08/2024,09:21:33,24750,24747.95,100,24752.2,25,325,1508275
NIFTY-II.NFO,19/08/2024,09:21:35,24751.15,24746.1,350,24751.45,25,50,1508275
NIFTY-II.NFO,19/08/2024,09:21:36,24745,24746.9,125,24752.2,25,50,1508275
NIFTY-II.NFO,19/08/2024,09:21:38,24745,24747.85,175,24752.95,25,0,1508275
NIFTY-II.NFO,19/08/2024,09:21:40,24750.45,24746.95,325,24750.45,25,75,1508275
NIFTY-II.NFO,19/08/2024,09:21:41,24746.95,24746.95,300,24750.2,25,25,1508275
NIFTY-II.NFO,19/08/2024,09:21:43,24746.95,24746.95,200,24749.9,25,125,1508275
NIFTY-II.NFO,19/08/2024,09:21:45,24749.9,24746.95,200,24749.95,25,25,1508275
NIFTY-II.NFO,19/08/2024,09:21:46,24749.9,24748.7,50,24750,100,0,1508275
NIFTY-II.NFO,19/08/2024,09:21:48,24748.15,24748.15,100,24750,100,150,1508275
NIFTY-II.NFO,19/08/2024,09:21:50,24748.15,24747,100,24750,150,25,1508275
NIFTY-II.NFO,19/08/2024,09:21:51,24746.95,24746.95,175,24749.95,50,25,1508275
NIFTY-II.NFO,19/08/2024,09:21:53,24746.95,24746.95,125,24749.95,50,50,1508275
NIFTY-II.NFO,19/08/2024,09:21:54,24746,24745,75,24749.5,100,175,1508275
NIFTY-II.NFO,19/08/2024,09:21:56,24750,24746.65,175,24750,150,50,1508275
NIFTY-II.NFO,19/08/2024,09:21:58,24750,24747.2,175,24749.5,25,0,1508275
NIFTY-II.NFO,19/08/2024,09:21:59,24750,24747.3,225,24750,150,25,1508275
NIFTY-II.NFO,19/08/2024,09:22:01,24750,24747,150,24750,150,0,1508275
NIFTY-II.NFO,19/08/2024,09:22:02,24750,24746.15,175,24750,150,0,1508275
NIFTY-II.NFO,19/08/2024,09:22:04,24750,24747.5,25,24749.6,25,0,1508275
NIFTY-II.NFO,19/08/2024,09:22:06,24750,24747.9,150,24750,150,0,1508275
NIFTY-II.NFO,19/08/2024,09:22:07,24747.75,24747.9,100,24750,125,150,1508275
NIFTY-II.NFO,19/08/2024,09:22:09,24748.3,24747.55,150,24750,125,25,1508275
NIFTY-II.NFO,19/08/2024,09:22:11,24748.3,24747.95,25,24750,150,0,1508275
NIFTY-II.NFO,19/08/2024,09:22:14,24750,24748.1,75,24750,100,125,1508275
NIFTY-II.NFO,19/08/2024,09:22:15,24748.9,24748.9,25,24753,100,125,1508275
NIFTY-II.NFO,19/08/2024,09:22:17,24749.5,24749.5,25,24753,75,50,1508275
NIFTY-II.NFO,19/08/2024,09:22:19,24749.5,24748.6,400,24753,75,0,1508275
NIFTY-II.NFO,19/08/2024,09:22:20,24748.55,24748.55,50,24752,25,150,1508275
NIFTY-II.NFO,19/08/2024,09:22:22,24748.55,24750.25,375,24752,25,0,1508275
NIFTY-II.NFO,19/08/2024,09:22:24,24754.15,24750.65,50,24755.05,50,150,1508275
NIFTY-II.NFO,19/08/2024,09:22:25,24750.8,24750.75,475,24755.05,50,75,1508275
NIFTY-II.NFO,19/08/2024,09:22:27,24751.15,24751.15,50,24755.05,25,75,1508275
NIFTY-II.NFO,19/08/2024,09:22:29,24755.15,24750.8,50,24754.8,25,50,1508275
NIFTY-II.NFO,19/08/2024,09:22:30,24752,24752.2,100,24754.8,25,25,1508275
NIFTY-II.NFO,19/08/2024,09:22:32,24752.25,24751.45,25,24754.85,50,50,1508275
NIFTY-II.NFO,19/08/2024,09:22:34,24751.2,24751.05,100,24754.85,50,25,1508275
NIFTY-II.NFO,19/08/2024,09:22:35,24750.5,24750.5,425,24754.85,50,75,1508275
NIFTY-II.NFO,19/08/2024,09:22:37,24754.85,24751.5,50,24754.85,50,25,1508275
NIFTY-II.NFO,19/08/2024,09:22:39,24754.85,24752.9,50,24755,300,25,1508275
NIFTY-II.NFO,19/08/2024,09:22:40,24755,24752.5,100,24755,275,75,1508275
NIFTY-II.NFO,19/08/2024,09:22:42,24755,24752.55,25,24755,225,100,1508275
NIFTY-II.NFO,19/08/2024,09:22:43,24753.2,24752.3,125,24755.7,25,250,1508275
NIFTY-II.NFO,19/08/2024,09:22:45,24753.2,24750,225,24753.55,50,0,1508275
NIFTY-II.NFO,19/08/2024,09:22:47,24753.55,24751.4,75,24753.55,50,75,1508275
NIFTY-II.NFO,19/08/2024,09:22:48,24752.1,24751.2,250,24754.7,50,75,1508275
NIFTY-II.NFO,19/08/2024,09:22:50,24750.65,24750.6,425,24754.7,50,25,1508275
NIFTY-II.NFO,19/08/2024,09:22:51,24751.6,24750.75,425,24754.7,50,25,1508275
NIFTY-II.NFO,19/08/2024,09:22:53,24755.1,24750.55,100,24753.55,25,50,1508275
NIFTY-II.NFO,19/08/2024,09:22:55,24750.8,24750.8,75,24755.05,25,225,1508275
NIFTY-II.NFO,19/08/2024,09:22:56,24755,24750.1,350,24754.5,100,75,1508275
NIFTY-II.NFO,19/08/2024,09:22:58,24755,24749.2,350,24754.75,100,0,1508275
NIFTY-II.NFO,19/08/2024,09:23:00,24755,24750.75,425,24755.05,25,0,1508275
NIFTY-II.NFO,19/08/2024,09:23:01,24749.15,24749.15,350,24753.4,75,75,1508275
NIFTY-II.NFO,19/08/2024,09:23:03,24748.05,24748.05,100,24750,25,50,1508275
NIFTY-II.NFO,19/08/2024,09:23:05,24748.05,24749.2,100,24750,25,0,1508275
NIFTY-II.NFO,19/08/2024,09:23:06,24750,24751.05,100,24754.9,25,25,1508275
NIFTY-II.NFO,19/08/2024,09:23:08,24750,24750.2,350,24754.35,100,0,1508275
NIFTY-II.NFO,19/08/2024,09:23:10,24754.4,24749.65,175,24753.7,25,25,1508275
NIFTY-II.NFO,19/08/2024,09:23:11,24754.4,24749.8,175,24753.7,25,0,1508275
NIFTY-II.NFO,19/08/2024,09:23:13,24754.4,24750.05,175,24753.4,25,0,1508275
NIFTY-II.NFO,19/08/2024,09:23:14,24750.05,24751.5,25,24753.4,25,25,1508275
NIFTY-II.NFO,19/08/2024,09:23:16,24750.05,24751.5,25,24753.4,25,0,1508275
NIFTY-II.NFO,19/08/2024,09:23:18,24750.05,24750.05,150,24753.4,25,0,1508275
NIFTY-II.NFO,19/08/2024,09:23:19,24753.4,24750.6,350,24754.5,100,25,1508275
NIFTY-II.NFO,19/08/2024,09:23:21,24754.85,24750.8,350,24754.85,100,25,1508275
NIFTY-II.NFO,19/08/2024,09:23:23,24757.65,24750.2,425,24754.15,25,450,1508275
NIFTY-II.NFO,19/08/2024,09:23:24,24753.05,24750,200,24751.55,25,25,1508275
NIFTY-II.NFO,19/08/2024,09:23:26,24750,24750,175,24754.15,25,25,1508275
NIFTY-II.NFO,19/08/2024,09:23:28,24750,24750.5,150,24752.5,25,0,1508275
NIFTY-II.NFO,19/08/2024,09:23:29,24750,24750.05,25,24752.5,25,0,1508275
NIFTY-II.NFO,19/08/2024,09:23:31,24753.35,24750.1,25,24752.35,25,50,1508275
NIFTY-II.NFO,19/08/2024,09:23:33,24752.5,24750.4,350,24754.9,50,50,1508275
NIFTY-II.NFO,19/08/2024,09:23:34,24752.5,24750.05,25,24753.65,25,0,1508275
NIFTY-II.NFO,19/08/2024,09:23:36,24752.5,24750.2,50,24753.85,25,0,1508275
NIFTY-II.NFO,19/08/2024,09:23:38,24750.2,24750.3,500,24754,250,25,1508275
NIFTY-II.NFO,19/08/2024,09:23:39,24750.35,24750.35,50,24753.75,25,25,1508275
NIFTY-II.NFO,19/08/2024,09:23:41,24750.35,24750.35,175,24752.5,50,0,1508275
NIFTY-II.NFO,19/08/2024,09:23:43,24750.35,24750.95,175,24752.5,50,0,1508275
NIFTY-II.NFO,19/08/2024,09:23:44,24750.35,24752,100,24752.5,50,0,1508275
NIFTY-II.NFO,19/08/2024,09:23:46,24751.95,24751.4,25,24751.95,300,800,1508275
NIFTY-II.NFO,19/08/2024,09:23:48,24751.95,24751.8,325,24753.75,25,300,1508275
NIFTY-II.NFO,19/08/2024,09:23:49,24753.35,24752.35,200,24753.8,25,150,1508275
NIFTY-II.NFO,19/08/2024,09:23:51,24755,24754.05,25,24757.8,125,300,1508275
NIFTY-II.NFO,19/08/2024,09:23:53,24755,24753,25,24756.4,50,0,1508275
NIFTY-II.NFO,19/08/2024,09:23:54,24755,24753.7,25,24755,50,0,1508275
NIFTY-II.NFO,19/08/2024,09:23:56,24755,24753.4,25,24755,50,0,1508275
NIFTY-II.NFO,19/08/2024,09:23:57,24755,24752.6,50,24755,50,0,1508275
NIFTY-II.NFO,19/08/2024,09:23:59,24755,24753.35,25,24755,75,0,1508275
NIFTY-II.NFO,19/08/2024,09:24:01,24755,24753.45,25,24755,50,25,1508275
NIFTY-II.NFO,19/08/2024,09:24:02,24755,24753.75,25,24755,25,50,1508275
NIFTY-II.NFO,19/08/2024,09:24:04,24755,24753.75,25,24756.3,25,25,1508275
NIFTY-II.NFO,19/08/2024,09:24:06,24753.95,24753.95,350,24757.75,100,250,1508275
NIFTY-II.NFO,19/08/2024,09:24:07,24757.55,24753.75,25,24757.25,200,150,1508275
NIFTY-II.NFO,19/08/2024,09:24:09,24757.75,24753.75,25,24757.4,75,250,1508275
NIFTY-II.NFO,19/08/2024,09:24:11,24757.15,24753.75,25,24757.2,25,25,1508275
NIFTY-II.NFO,19/08/2024,09:24:12,24756.35,24753.75,25,24756.5,25,125,1508275
NIFTY-II.NFO,19/08/2024,09:24:14,24753.35,24752.2,25,24755.35,100,50,1508275
NIFTY-II.NFO,19/08/2024,09:24:15,24755.75,24751.2,350,24755.6,25,1850,1508275
NIFTY-II.NFO,19/08/2024,09:24:17,24754.1,24754.05,25,24755.75,25,150,1508275
NIFTY-II.NFO,19/08/2024,09:24:19,24753.55,24754.1,175,24758,25,75,1508275
NIFTY-II.NFO,19/08/2024,09:24:20,24754.1,24754.05,25,24757.95,100,50,1508275
NIFTY-II.NFO,19/08/2024,09:24:22,24754.1,24752.25,350,24756.55,100,0,1508275
NIFTY-II.NFO,19/08/2024,09:24:24,24754.1,24752,25,24752.5,25,0,1508275
NIFTY-II.NFO,19/08/2024,09:24:27,24751,24750.35,50,24752.3,100,50,1508275
NIFTY-II.NFO,19/08/2024,09:24:28,24750.35,24750,525,24751.25,100,50,1508275
NIFTY-II.NFO,19/08/2024,09:24:30,24751,24750,525,24751.7,100,25,1508275
NIFTY-II.NFO,19/08/2024,09:24:32,24749.75,24748,150,24749.75,100,575,1508275
NIFTY-II.NFO,19/08/2024,09:24:33,24747.5,24746,25,24747.95,25,200,1507475
NIFTY-II.NFO,19/08/2024,09:24:35,24745,24745,25,24748.5,100,75,1507475
NIFTY-II.NFO,19/08/2024,09:24:37,24748.55,24748,25,24748.55,75,50,1507475
NIFTY-II.NFO,19/08/2024,09:24:38,24748,24747.5,50,24748.25,25,25,1507475
NIFTY-II.NFO,19/08/2024,09:24:40,24743.2,24745.05,25,24748.6,25,100,1507475
NIFTY-II.NFO,19/08/2024,09:24:41,24743.2,24744.6,25,24747.85,25,0,1507475
NIFTY-II.NFO,19/08/2024,09:24:43,24748.35,24743.8,350,24747.75,50,50,1507475
NIFTY-II.NFO,19/08/2024,09:24:45,24744.6,24744.65,100,24748.5,25,50,1507475
NIFTY-II.NFO,19/08/2024,09:24:46,24744.6,24745,100,24748.7,25,0,1507475
NIFTY-II.NFO,19/08/2024,09:24:48,24744.6,24744.95,25,24748.2,25,0,1507475
NIFTY-II.NFO,19/08/2024,09:24:49,24744.6,24744.6,25,24747.7,25,0,1507475
NIFTY-II.NFO,19/08/2024,09:24:51,24744.6,24744.6,25,24747.85,25,0,1507475
NIFTY-II.NFO,19/08/2024,09:24:53,24744.6,24744.6,25,24747.1,25,0,1507475
NIFTY-II.NFO,19/08/2024,09:24:54,24744.6,24743,25,24745.75,25,25,1507475
NIFTY-II.NFO,19/08/2024,09:24:56,24744.6,24743,25,24745,25,0,1507475
NIFTY-II.NFO,19/08/2024,09:24:58,24744.6,24743.05,100,24745,25,0,1507475
NIFTY-II.NFO,19/08/2024,09:24:59,24748.4,24744.2,100,24747.8,25,125,1507475
NIFTY-II.NFO,19/08/2024,09:25:01,24748.4,24743.6,350,24747.8,50,0,1507475
NIFTY-II.NFO,19/08/2024,09:25:03,24748.4,24743,25,24745.35,25,0,1507475
NIFTY-II.NFO,19/08/2024,09:25:04,24742.65,24741,175,24744.15,50,50,1507475
NIFTY-II.NFO,19/08/2024,09:25:06,24742.65,24741,175,24742.35,25,0,1507475
NIFTY-II.NFO,19/08/2024,09:25:08,24743.45,24741.05,100,24743.8,25,25,1507475
NIFTY-II.NFO,19/08/2024,09:25:09,24743.8,24743,25,24743.95,25,25,1507475
NIFTY-II.NFO,19/08/2024,09:25:11,24744.25,24741.05,100,24743.65,25,50,1507475
NIFTY-II.NFO,19/08/2024,09:25:13,24741.05,24741,175,24742.05,25,25,1507475
NIFTY-II.NFO,19/08/2024,09:25:14,24738.05,24737.55,100,24740.8,25,1275,1507475
NIFTY-II.NFO,19/08/2024,09:25:16,24738.05,24737.5,350,24740.8,25,0,1507475
NIFTY-II.NFO,19/08/2024,09:25:17,24738.05,24736.75,350,24740.55,75,0,1507475
NIFTY-II.NFO,19/08/2024,09:25:19,24738.05,24736.1,525,24739.8,25,0,1507475
NIFTY-II.NFO,19/08/2024,09:25:21,24736,24735,300,24735.4,25,75,1507475
NIFTY-II.NFO,19/08/2024,09:25:22,24735,24733.05,100,24735.5,25,700,1507475
NIFTY-II.NFO,19/08/2024,09:25:24,24733.45,24734.15,350,24738.6,25,75,1507475
NIFTY-II.NFO,19/08/2024,09:25:26,24733.45,24733,25,24736.95,50,0,1507475
NIFTY-II.NFO,19/08/2024,09:25:27,24735.95,24733,25,24736.1,25,50,1507475
NIFTY-II.NFO,19/08/2024,09:25:29,24733,24732.1,100,24735,25,25,1507475
NIFTY-II.NFO,19/08/2024,09:25:30,24733,24733.1,100,24735,25,0,1507475
NIFTY-II.NFO,19/08/2024,09:25:32,24736,24734.25,100,24735.7,25,50,1507475
NIFTY-II.NFO,19/08/2024,09:25:34,24737.15,24733.9,50,24737.15,25,50,1507475
NIFTY-II.NFO,19/08/2024,09:25:35,24737.9,24735.1,225,24737.85,25,50,1507475
NIFTY-II.NFO,19/08/2024,09:25:37,24737.9,24735.5,100,24737.5,25,0,1507475
NIFTY-II.NFO,19/08/2024,09:25:39,24739.4,24739.4,150,24742,225,150,1507475
NIFTY-II.NFO,19/08/2024,09:25:40,24738.8,24737.95,125,24739.7,25,75,1507475
NIFTY-II.NFO,19/08/2024,09:25:42,24740.7,24740.75,25,24742,225,250,1507475
NIFTY-II.NFO,19/08/2024,09:25:43,24742,24738.6,50,24742,200,25,1507475
NIFTY-II.NFO,19/08/2024,09:25:45,24742,24739.1,50,24742,200,0,1507475
NIFTY-II.NFO,19/08/2024,09:25:47,24742,24740.75,125,24742,250,0,1507475
NIFTY-II.NFO,19/08/2024,09:25:48,24742,24741.7,125,24744.15,25,250,1507475
NIFTY-II.NFO,19/08/2024,09:25:50,24742,24741.15,350,24744.95,25,0,1507475
NIFTY-II.NFO,19/08/2024,09:25:52,24742,24741.45,75,24744.95,50,0,1507475
NIFTY-II.NFO,19/08/2024,09:25:54,24744.95,24741.25,125,24744.65,25,25,1507475
NIFTY-II.NFO,19/08/2024,09:25:55,24745.9,24741,100,24744.8,25,275,1507475
NIFTY-II.NFO,19/08/2024,09:25:57,24744.8,24742.2,50,24745.05,25,25,1507475
NIFTY-II.NFO,19/08/2024,09:25:59,24742.05,24742.05,50,24745.55,25,25,1507475
NIFTY-II.NFO,19/08/2024,09:26:00,24745.55,24741.3,350,24744.7,25,25,1507475
NIFTY-II.NFO,19/08/2024,09:26:02,24744,24740.75,75,24743.7,25,50,1507475
NIFTY-II.NFO,19/08/2024,09:26:04,24744,24742,75,24743.7,25,0,1507475
NIFTY-II.NFO,19/08/2024,09:26:05,24742,24742,50,24743.7,25,50,1507475
NIFTY-II.NFO,19/08/2024,09:26:07,24742,24742,50,24743.6,25,0,1507475
NIFTY-II.NFO,19/08/2024,09:26:09,24744.5,24740.8,25,24744.65,100,75,1507475
NIFTY-II.NFO,19/08/2024,09:26:10,24744.5,24740.7,25,24742,650,0,1507475
NIFTY-II.NFO,19/08/2024,09:26:14,24742,24739.6,125,24742,575,125,1507475
NIFTY-II.NFO,19/08/2024,09:26:15,24742,24740.2,50,24742,575,0,1507475
NIFTY-II.NFO,19/08/2024,09:26:17,24742,24742.45,50,24745,125,600,1507475
NIFTY-II.NFO,19/08/2024,09:26:19,24742,24741.2,350,24745,125,0,1507475
NIFTY-II.NFO,19/08/2024,09:26:20,24744.95,24740.95,350,24744.95,50,125,1507475
NIFTY-II.NFO,19/08/2024,09:26:22,24744.95,24740.4,100,24743.9,25,0,1507475
NIFTY-II.NFO,19/08/2024,09:26:24,24744.95,24740.5,225,24744,25,50,1507475
NIFTY-II.NFO,19/08/2024,09:26:25,24744,24742,100,24743.95,25,25,1507475
NIFTY-II.NFO,19/08/2024,09:26:27,24744,24742,100,24742.45,25,0,1507475
NIFTY-II.NFO,19/08/2024,09:26:29,24741.5,24738.1,350,24742.45,25,150,1507475
NIFTY-II.NFO,19/08/2024,09:26:30,24741.5,24739.75,25,24742.5,25,0,1507475
NIFTY-II.NFO,19/08/2024,09:26:32,24741.5,24740,350,24743.75,25,0,1507475
NIFTY-II.NFO,19/08/2024,09:26:34,24745,24741,350,24744.9,25,100,1507475
NIFTY-II.NFO,19/08/2024,09:26:35,24745,24742.1,125,24745,75,0,1507475
NIFTY-II.NFO,19/08/2024,09:26:37,24745,24741.55,50,24745,75,0,1507475
NIFTY-II.NFO,19/08/2024,09:26:38,24745,24739.6,350,24742.8,25,0,1507475
NIFTY-II.NFO,19/08/2024,09:26:40,24745,24739.4,350,24742.8,25,0,1507475
NIFTY-II.NFO,19/08/2024,09:26:42,24745,24740,400,24743.2,25,0,1507475
NIFTY-II.NFO,19/08/2024,09:26:43,24740,24740.1,450,24744.3,50,25,1507475
NIFTY-II.NFO,19/08/2024,09:26:45,24744.3,24742.45,25,24744,25,25,1507475
NIFTY-II.NFO,19/08/2024,09:26:47,24744.3,24741.05,150,24744,25,0,1507475
NIFTY-II.NFO,19/08/2024,09:26:48,24744.3,24740.55,25,24743.75,25,0,1507475
NIFTY-II.NFO,19/08/2024,09:26:50,24744.3,24740.2,350,24743.3,25,0,1507475
NIFTY-II.NFO,19/08/2024,09:26:52,24740.2,24740.1,100,24743.3,25,25,1507475
NIFTY-II.NFO,19/08/2024,09:26:53,24740.2,24741.1,100,24744,25,0,1507475
NIFTY-II.NFO,19/08/2024,09:26:55,24740.2,24742,25,24744,25,0,1507475
NIFTY-II.NFO,19/08/2024,09:26:57,24743.4,24740.1,25,24743.1,25,25,1507475
NIFTY-II.NFO,19/08/2024,09:26:58,24743.4,24740.1,25,24743.4,25,0,1507475
NIFTY-II.NFO,19/08/2024,09:27:00,24740,24740,50,24742.25,25,50,1507475
NIFTY-II.NFO,19/08/2024,09:27:01,24740,24740,50,24743.4,50,0,1507475
NIFTY-II.NFO,19/08/2024,09:27:03,24740,24738.05,25,24741.5,25,50,1507475
NIFTY-II.NFO,19/08/2024,09:27:05,24741.5,24738.05,25,24741.05,25,25,1507475
NIFTY-II.NFO,19/08/2024,09:27:06,24740.8,24738.05,25,24740.5,25,175,1507475
NIFTY-II.NFO,19/08/2024,09:27:08,24740.2,24738.05,25,24740.5,25,25,1507475
NIFTY-II.NFO,19/08/2024,09:27:10,24736,24735,175,24738.95,25,300,1507475
NIFTY-II.NFO,19/08/2024,09:27:11,24735,24734,25,24736.9,225,175,1507475
NIFTY-II.NFO,19/08/2024,09:27:13,24734,24733,100,24735.25,225,25,1507475
NIFTY-II.NFO,19/08/2024,09:27:15,24734.45,24733,50,24735.4,25,75,1507475
NIFTY-II.NFO,19/08/2024,09:27:16,24734.45,24733,50,24737,25,0,1507475
NIFTY-II.NFO,19/08/2024,09:27:18,24733,24733,25,24737.15,25,25,1507475
NIFTY-II.NFO,19/08/2024,09:27:19,24731,24731,75,24734.45,100,150,1507475
NIFTY-II.NFO,19/08/2024,09:27:21,24734.45,24730.1,75,24734.45,75,350,1507475
NIFTY-II.NFO,19/08/2024,09:27:23,24734.45,24730.1,100,24734.45,50,50,1507475
NIFTY-II.NFO,19/08/2024,09:27:24,24730.3,24730.95,175,24734.45,25,50,1507475
NIFTY-II.NFO,19/08/2024,09:27:26,24730.7,24730.75,175,24735,25,50,1507475
NIFTY-II.NFO,19/08/2024,09:27:28,24730.7,24732.45,225,24736,100,0,1507475
NIFTY-II.NFO,19/08/2024,09:27:29,24731.6,24731.55,350,24735.6,100,125,1507475
NIFTY-II.NFO,19/08/2024,09:27:31,24734.8,24730.8,350,24734.75,25,25,1507475
NIFTY-II.NFO,19/08/2024,09:27:32,24734.75,24730.35,350,24734.25,25,50,1507475
NIFTY-II.NFO,19/08/2024,09:27:34,24730.85,24730.85,25,24734.95,50,25,1507475
NIFTY-II.NFO,19/08/2024,09:27:36,24735,24732.1,125,24735,75,50,1506350
NIFTY-II.NFO,19/08/2024,09:27:37,24731.2,24731.2,100,24735,75,75,1506350
NIFTY-II.NFO,19/08/2024,09:27:39,24731,24731.2,25,24734,25,100,1506350
NIFTY-II.NFO,19/08/2024,09:27:41,24731,24731,75,24734,25,50,1506350
NIFTY-II.NFO,19/08/2024,09:27:42,24731,24731,125,24734,25,50,1506350
NIFTY-II.NFO,19/08/2024,09:27:44,24731,24731,125,24734,25,0,1506350
NIFTY-II.NFO,19/08/2024,09:27:46,24735,24731.15,50,24735,50,50,1506350
NIFTY-II.NFO,19/08/2024,09:27:47,24735,24731.4,75,24735,50,0,1506350
NIFTY-II.NFO,19/08/2024,09:27:49,24735,24731.3,125,24735,50,0,1506350
NIFTY-II.NFO,19/08/2024,09:27:50,24736,24733.5,125,24736,50,75,1506350
NIFTY-II.NFO,19/08/2024,09:27:52,24736,24734.2,125,24736,25,25,1506350
NIFTY-II.NFO,19/08/2024,09:27:54,24736,24734.45,50,24739.5,25,25,1506350
NIFTY-II.NFO,19/08/2024,09:27:55,24740.1,24734.55,425,24738.05,25,200,1506350
NIFTY-II.NFO,19/08/2024,09:27:57,24733.95,24734.25,125,24737.3,25,250,1506350
NIFTY-II.NFO,19/08/2024,09:27:59,24736.4,24736.4,75,24740.4,25,25,1506350
NIFTY-II.NFO,19/08/2024,09:28:00,24736.4,24737.6,350,24741.5,25,0,1506350
NIFTY-II.NFO,19/08/2024,09:28:02,24735.25,24735.25,25,24739.2,25,75,1506350
NIFTY-II.NFO,19/08/2024,09:28:04,24735.35,24736,125,24740,25,75,1506350
NIFTY-II.NFO,19/08/2024,09:28:05,24735.35,24737.05,50,24740,25,0,1506350
NIFTY-II.NFO,19/08/2024,09:28:07,24735.35,24736.65,175,24740,25,0,1506350
NIFTY-II.NFO,19/08/2024,09:28:08,24735.35,24736.15,125,24740,25,0,1506350
NIFTY-II.NFO,19/08/2024,09:28:10,24735.35,24736.05,350,24740,25,0,1506350
NIFTY-II.NFO,19/08/2024,09:28:12,24735.35,24737,50,24740,25,0,1506350
NIFTY-II.NFO,19/08/2024,09:28:14,24735.35,24737,50,24737.6,150,0,1506350
NIFTY-II.NFO,19/08/2024,09:28:15,24735.2,24734.25,50,24736.95,25,75,1506350
NIFTY-II.NFO,19/08/2024,09:28:17,24735.2,24733.95,125,24736.95,25,0,1506350
NIFTY-II.NFO,19/08/2024,09:28:18,24737.6,24733.85,350,24737.6,75,100,1506350
NIFTY-II.NFO,19/08/2024,09:28:20,24732.3,24732.8,350,24737.55,100,75,1506350
NIFTY-II.NFO,19/08/2024,09:28:22,24732.8,24731.1,50,24737.1,100,50,1506350
NIFTY-II.NFO,19/08/2024,09:28:23,24736.9,24732.05,100,24737.35,100,50,1506350
NIFTY-II.NFO,19/08/2024,09:28:25,24731.9,24731.9,350,24736.9,150,50,1506350
NIFTY-II.NFO,19/08/2024,09:28:27,24733.15,24733.1,350,24737.55,125,100,1506350
NIFTY-II.NFO,19/08/2024,09:28:28,24733.55,24732.2,25,24737.5,100,25,1506350
NIFTY-II.NFO,19/08/2024,09:28:30,24733.4,24733,50,24736.9,100,25,1506350
NIFTY-II.NFO,19/08/2024,09:28:32,24733,24733.35,50,24737.6,75,25,1506350
NIFTY-II.NFO,19/08/2024,09:28:33,24733.6,24734.05,25,24737.55,100,50,1506350
NIFTY-II.NFO,19/08/2024,09:28:35,24733.6,24733,25,24736.45,100,0,1506350
NIFTY-II.NFO,19/08/2024,09:28:37,24733.6,24733,50,24736.45,100,0,1506350
NIFTY-II.NFO,19/08/2024,09:28:38,24733.6,24734,100,24737.6,50,0,1506350
NIFTY-II.NFO,19/08/2024,09:28:40,24737.6,24735.3,75,24737.6,25,75,1506350
NIFTY-II.NFO,19/08/2024,09:28:42,24737.6,24735.55,100,24737.6,25,0,1506350
NIFTY-II.NFO,19/08/2024,09:28:43,24737.6,24735.5,25,24737.6,25,0,1506350
NIFTY-II.NFO,19/08/2024,09:28:45,24737.6,24735.05,100,24739.3,25,25,1506350
NIFTY-II.NFO,19/08/2024,09:28:47,24737.6,24735.35,350,24739.15,100,0,1506350
NIFTY-II.NFO,19/08/2024,09:28:48,24737.6,24737,100,24740,25,0,1506350
NIFTY-II.NFO,19/08/2024,09:28:50,24740,24739.25,425,24743.95,100,25,1506350
NIFTY-II.NFO,19/08/2024,09:28:52,24740,24740.4,50,24744,25,0,1506350
NIFTY-II.NFO,19/08/2024,09:28:53,24740.1,24740.05,100,24743.85,100,75,1506350
NIFTY-II.NFO,19/08/2024,09:28:55,24740.1,24738.6,100,24740,50,0,1506350
NIFTY-II.NFO,19/08/2024,09:28:56,24740,24740.4,100,24744,25,50,1506350
NIFTY-II.NFO,19/08/2024,09:28:58,24740,24740,25,24742.8,100,0,1506350
NIFTY-II.NFO,19/08/2024,09:29:00,24740,24740,25,24743.9,75,625,1506350
NIFTY-II.NFO,19/08/2024,09:29:01,24739.05,24739.25,350,24743.85,75,50,1506350
NIFTY-II.NFO,19/08/2024,09:29:03,24739.85,24738.5,350,24742.9,50,75,1506350
NIFTY-II.NFO,19/08/2024,09:29:05,24740,24740,25,24741.65,125,175,1506350
NIFTY-II.NFO,19/08/2024,09:29:06,24740,24735.4,100,24739.8,50,25,1506350
NIFTY-II.NFO,19/08/2024,09:29:08,24739.8,24735,300,24738.9,75,25,1506350
NIFTY-II.NFO,19/08/2024,09:29:10,24739.8,24735.45,25,24738.65,75,0,1506350
NIFTY-II.NFO,19/08/2024,09:29:11,24735,24735,275,24737.55,300,75,1506350
NIFTY-II.NFO,19/08/2024,09:29:13,24735,24735,275,24737.85,300,0,1506350
NIFTY-II.NFO,19/08/2024,09:29:15,24735,24735,200,24735.45,25,75,1506350
NIFTY-II.NFO,19/08/2024,09:29:16,24735,24735,150,24735.45,25,50,1506350
NIFTY-II.NFO,19/08/2024,09:29:18,24735.2,24731.25,100,24735.45,25,325,1506350
NIFTY-II.NFO,19/08/2024,09:29:20,24731,24731.15,225,24734.95,25,25,1506350
NIFTY-II.NFO,19/08/2024,09:29:21,24731,24731.05,100,24734.45,25,0,1506350
NIFTY-II.NFO,19/08/2024,09:29:23,24731,24731,25,24734.25,25,0,1506350
NIFTY-II.NFO,19/08/2024,09:29:24,24731,24730,625,24733.95,25,25,1506350
NIFTY-II.NFO,19/08/2024,09:29:26,24734.25,24731.05,100,24735.45,25,75,1506350
NIFTY-II.NFO,19/08/2024,09:29:28,24734.25,24731.35,225,24735.45,50,0,1506350
NIFTY-II.NFO,19/08/2024,09:29:29,24731.7,24731.75,100,24735.45,25,25,1506350
NIFTY-II.NFO,19/08/2024,09:29:31,24731.7,24731.05,100,24735.45,50,0,1506350
NIFTY-II.NFO,19/08/2024,09:29:33,24731,24732,50,24735.3,25,25,1506350
NIFTY-II.NFO,19/08/2024,09:29:34,24731,24732,50,24734.95,25,0,1506350
NIFTY-II.NFO,19/08/2024,09:29:36,24731.05,24731,175,24732.9,225,100,1506350
NIFTY-II.NFO,19/08/2024,09:29:38,24731.05,24731,175,24732.75,25,0,1506350
NIFTY-II.NFO,19/08/2024,09:29:39,24731,24731.05,100,24735.45,50,25,1506350
NIFTY-II.NFO,19/08/2024,09:29:43,24731.05,24735.2,50,24735.45,25,25,1506350
NIFTY-II.NFO,19/08/2024,09:29:44,24735.2,24731.45,150,24735.45,25,50,1506350
NIFTY-II.NFO,19/08/2024,09:29:46,24735.2,24731.45,100,24735.45,25,0,1506350
NIFTY-II.NFO,19/08/2024,09:29:47,24735.2,24732.55,175,24735.45,25,0,1506350
NIFTY-II.NFO,19/08/2024,09:29:49,24735.2,24731.85,100,24735.45,25,0,1506350
NIFTY-II.NFO,19/08/2024,09:29:51,24732.3,24731.45,75,24735.45,25,25,1506350
NIFTY-II.NFO,19/08/2024,09:29:52,24735.4,24731.05,250,24735.25,100,25,1506350
NIFTY-II.NFO,19/08/2024,09:29:54,24731.05,24731.05,200,24733.85,25,50,1506350
NIFTY-II.NFO,19/08/2024,09:29:56,24733.85,24731,125,24734.1,25,275,1506350
NIFTY-II.NFO,19/08/2024,09:29:57,24732,24731.1,350,24735.4,100,25,1506350
NIFTY-II.NFO,19/08/2024,09:29:59,24732,24731,125,24733.95,25,0,1506350
NIFTY-II.NFO,19/08/2024,09:30:01,24735.45,24731.95,425,24736.2,25,300,1506350
NIFTY-II.NFO,19/08/2024,09:30:02,24731.95,24731.1,350,24735.3,25,25,1506350
NIFTY-II.NFO,19/08/2024,09:30:04,24731.1,24731.1,350,24735,25,25,1506350
NIFTY-II.NFO,19/08/2024,09:30:06,24736.2,24736.2,25,24738.2,25,125,1506350
NIFTY-II.NFO,19/08/2024,09:30:07,24736.2,24736.2,25,24737.2,25,0,1506350
NIFTY-II.NFO,19/08/2024,09:30:09,24740,24736.2,25,24740,200,50,1506350
NIFTY-II.NFO,19/08/2024,09:30:11,24740,24736.1,125,24740,150,200,1506350
NIFTY-II.NFO,19/08/2024,09:30:12,24734.45,24734.45,350,24738.8,25,25,1506350
NIFTY-II.NFO,19/08/2024,09:30:14,24734.45,24735.2,350,24739.75,25,0,1506350
NIFTY-II.NFO,19/08/2024,09:30:16,24734.45,24736.35,50,24740,275,0,1506350
NIFTY-II.NFO,19/08/2024,09:30:17,24734.45,24737.05,25,24740,275,0,1506350
NIFTY-II.NFO,19/08/2024,09:30:19,24737.05,24736,25,24740,275,25,1506350
NIFTY-II.NFO,19/08/2024,09:30:21,24737.05,24736.05,125,24740,275,0,1506350
NIFTY-II.NFO,19/08/2024,09:30:22,24737.05,24736,125,24737.45,25,0,1506350
NIFTY-II.NFO,19/08/2024,09:30:24,24731,24731.2,100,24737.4,150,225,1506350
NIFTY-II.NFO,19/08/2024,09:30:26,24736,24732.4,350,24736.8,25,25,1506350
NIFTY-II.NFO,19/08/2024,09:30:27,24731.8,24731.8,425,24735.85,25,25,1506350
NIFTY-II.NFO,19/08/2024,09:30:29,24731.8,24733.1,350,24737,100,0,1506350
NIFTY-II.NFO,19/08/2024,09:30:31,24733.1,24733.15,50,24737.05,25,75,1506350
NIFTY-II.NFO,19/08/2024,09:30:32,24739.1,24735.85,100,24740,275,50,1506350
NIFTY-II.NFO,19/08/2024,09:30:34,24739.1,24737.1,25,24740,275,0,1506350
NIFTY-II.NFO,19/08/2024,09:30:36,24736.3,24736.25,350,24740,275,325,1505525
NIFTY-II.NFO,19/08/2024,09:30:37,24736.25,24736.2,425,24740,275,50,1505525
NIFTY-II.NFO,19/08/2024,09:30:39,24735,24735,450,24740,250,150,1505525
NIFTY-II.NFO,19/08/2024,09:30:41,24736.65,24736.9,50,24740,225,75,1505525
NIFTY-II.NFO,19/08/2024,09:30:42,24737.7,24737.85,125,24740,200,100,1505525
NIFTY-II.NFO,19/08/2024,09:30:44,24740,24738.7,50,24740,25,175,1505525
NIFTY-II.NFO,19/08/2024,09:30:46,24741.1,24741.9,325,24744,25,50,1505525
NIFTY-II.NFO,19/08/2024,09:30:47,24741.1,24740.55,475,24744,25,0,1505525
NIFTY-II.NFO,19/08/2024,09:30:49,24742,24740.6,425,24744,25,75,1505525
NIFTY-II.NFO,19/08/2024,09:30:51,24744,24740.05,450,24744.3,50,25,1505525
NIFTY-II.NFO,19/08/2024,09:30:52,24740.05,24741.05,100,24744.3,25,375,1505525
NIFTY-II.NFO,19/08/2024,09:30:54,24740.05,24740.05,50,24742,25,0,1505525
NIFTY-II.NFO,19/08/2024,09:30:56,24745,24741.95,50,24745,75,425,1505525
NIFTY-II.NFO,19/08/2024,09:30:57,24740.05,24740.1,125,24745,50,100,1505525
NIFTY-II.NFO,19/08/2024,09:30:59,24741,24740.05,100,24745,75,50,1505525
NIFTY-II.NFO,19/08/2024,09:31:01,24738.8,24738.6,125,24743.2,25,175,1505525
NIFTY-II.NFO,19/08/2024,09:31:02,24738.8,24737.5,25,24742.2,150,0,1505525
NIFTY-II.NFO,19/08/2024,09:31:04,24738.8,24738.05,25,24742.7,150,0,1505525
NIFTY-II.NFO,19/08/2024,09:31:06,24743.4,24740,25,24743.45,225,25,1505525
NIFTY-II.NFO,19/08/2024,09:31:07,24740,24738.3,350,24743,100,50,1505525
NIFTY-II.NFO,19/08/2024,09:31:09,24740,24738.15,350,24743,175,0,1505525
NIFTY-II.NFO,19/08/2024,09:31:10,24738.15,24737.25,350,24741.85,175,50,1505525
NIFTY-II.NFO,19/08/2024,09:31:12,24738.1,24738.1,75,24743.8,225,125,1505525
NIFTY-II.NFO,19/08/2024,09:31:14,24738.1,24741.05,25,24744.9,100,0,1505525
NIFTY-II.NFO,19/08/2024,09:31:15,24741.05,24741.05,50,24744.95,25,75,1505525
NIFTY-II.NFO,19/08/2024,09:31:17,24741.05,24743.5,25,24745,75,0,1505525
NIFTY-II.NFO,19/08/2024,09:31:19,24741.3,24741.3,50,24745,75,75,1505525
NIFTY-II.NFO,19/08/2024,09:31:20,24741.3,24742.45,125,24745,75,0,1505525
NIFTY-II.NFO,19/08/2024,09:31:22,24749.9,24745.7,100,24749.95,100,625,1505525
NIFTY-II.NFO,19/08/2024,09:31:24,24749.95,24745.75,25,24749.7,50,50,1505525
NIFTY-II.NFO,19/08/2024,09:31:25,24745.05,24745,25,24749.15,175,25,1505525
NIFTY-II.NFO,19/08/2024,09:31:27,24747.75,24745.5,25,24749.5,25,25,1505525
NIFTY-II.NFO,19/08/2024,09:31:28,24745,24746.2,150,24749.9,50,100,1505525
NIFTY-II.NFO,19/08/2024,09:31:30,24745.1,24745.35,100,24749.85,25,25,1505525
NIFTY-II.NFO,19/08/2024,09:31:32,24749.9,24746.95,25,24749.95,25,100,1505525
NIFTY-II.NFO,19/08/2024,09:31:33,24745.7,24745.05,25,24750,250,100,1505525
NIFTY-II.NFO,19/08/2024,09:31:35,24750,24745,75,24750,300,25,1505525
NIFTY-II.NFO,19/08/2024,09:31:37,24745.05,24745.05,25,24750,300,50,1505525
NIFTY-II.NFO,19/08/2024,09:31:38,24746.2,24746.2,175,24750,225,75,1505525
NIFTY-II.NFO,19/08/2024,09:31:40,24746.75,24746.95,50,24750,225,50,1505525
NIFTY-II.NFO,19/08/2024,09:31:41,24750,24750,200,24752.1,100,300,1505525
NIFTY-II.NFO,19/08/2024,09:31:43,24750,24750,175,24751.9,100,25,1505525
NIFTY-II.NFO,19/08/2024,09:31:45,24750,24746.05,350,24751.4,175,175,1505525
NIFTY-II.NFO,19/08/2024,09:31:46,24747.35,24745,175,24747.95,125,75,1505525
NIFTY-II.NFO,19/08/2024,09:31:48,24745.8,24745.8,175,24751.55,125,125,1505525
NIFTY-II.NFO,19/08/2024,09:31:50,24752.55,24748.2,50,24752.95,250,225,1505525
NIFTY-II.NFO,19/08/2024,09:31:51,24747.55,24746.8,125,24751.95,25,100,1505525
NIFTY-II.NFO,19/08/2024,09:31:53,24747.55,24747.6,125,24752.45,725,0,1505525
NIFTY-II.NFO,19/08/2024,09:31:54,24747.05,24746.25,400,24750.95,100,50,1505525
NIFTY-II.NFO,19/08/2024,09:31:56,24751.15,24747.65,125,24752.3,225,275,1505525
NIFTY-II.NFO,19/08/2024,09:31:58,24747.65,24748.25,50,24750,50,50,1505525
NIFTY-II.NFO,19/08/2024,09:31:59,24747.65,24747.6,150,24750,50,0,1505525
NIFTY-II.NFO,19/08/2024,09:32:01,24750,24747.05,25,24750,25,25,1505525
NIFTY-II.NFO,19/08/2024,09:32:03,24745.8,24745.8,50,24749.35,225,75,1505525
NIFTY-II.NFO,19/08/2024,09:32:04,24751.5,24747.65,25,24751.25,325,125,1505525
NIFTY-II.NFO,19/08/2024,09:32:06,24747,24745.8,25,24749.6,300,75,1505525
NIFTY-II.NFO,19/08/2024,09:32:08,24745.8,24747,25,24749.25,475,25,1505525
NIFTY-II.NFO,19/08/2024,09:32:09,24745,24745,100,24746.25,475,100,1505525
NIFTY-II.NFO,19/08/2024,09:32:11,24742.05,24741.7,350,24746.35,225,125,1505525
NIFTY-II.NFO,19/08/2024,09:32:12,24745.05,24744.05,50,24748.95,300,25,1505525
NIFTY-II.NFO,19/08/2024,09:32:14,24745.05,24744.7,50,24748.95,225,0,1505525
NIFTY-II.NFO,19/08/2024,09:32:16,24744.4,24744.4,350,24748.9,100,100,1505525
NIFTY-II.NFO,19/08/2024,09:32:17,24744.4,24742.4,350,24747.3,100,0,1505525
NIFTY-II.NFO,19/08/2024,09:32:19,24746.85,24742,25,24746.7,475,50,1505525
NIFTY-II.NFO,19/08/2024,09:32:21,24746.85,24744.65,50,24748.9,225,0,1505525
NIFTY-II.NFO,19/08/2024,09:32:22,24746.85,24745.8,50,24749.65,225,0,1505525
NIFTY-II.NFO,19/08/2024,09:32:24,24745.95,24745.95,25,24750.05,25,225,1505525
NIFTY-II.NFO,19/08/2024,09:32:26,24745.75,24746.25,100,24750,25,25,1505525
NIFTY-II.NFO,19/08/2024,09:32:27,24745.65,24745.8,50,24750,25,100,1505525
NIFTY-II.NFO,19/08/2024,09:32:29,24745.9,24746,200,24750,25,75,1505525
NIFTY-II.NFO,19/08/2024,09:32:30,24745.9,24746,325,24750,25,0,1505525
NIFTY-II.NFO,19/08/2024,09:32:32,24746,24746,300,24750,25,25,1505525
NIFTY-II.NFO,19/08/2024,09:32:34,24746.15,24746.15,475,24751,50,125,1505525
NIFTY-II.NFO,19/08/2024,09:32:35,24746.15,24747.05,150,24751,50,0,1505525
NIFTY-II.NFO,19/08/2024,09:32:37,24747.05,24746.15,400,24750.95,175,100,1505525
NIFTY-II.NFO,19/08/2024,09:32:39,24747.05,24746.15,475,24751,50,0,1505525
NIFTY-II.NFO,19/08/2024,09:32:40,24746.15,24746,300,24750,25,25,1505525
NIFTY-II.NFO,19/08/2024,09:32:42,24747.05,24747.05,150,24751,50,100,1505525
NIFTY-II.NFO,19/08/2024,09:32:44,24751,24747.1,400,24751,25,25,1505525
NIFTY-II.NFO,19/08/2024,09:32:45,24749.55,24747.95,350,24752.8,225,175,1505525
NIFTY-II.NFO,19/08/2024,09:32:47,24747.4,24747.65,350,24752.2,175,75,1505525
NIFTY-II.NFO,19/08/2024,09:32:49,24753.25,24752,25,24755,275,125,1505525
NIFTY-II.NFO,19/08/2024,09:32:50,24750.15,24750.15,350,24754.95,250,50,1505525
NIFTY-II.NFO,19/08/2024,09:32:52,24750,24750,800,24753.5,100,200,1505525
NIFTY-II.NFO,19/08/2024,09:32:54,24750,24750,875,24754.75,25,0,1505525
NIFTY-II.NFO,19/08/2024,09:32:55,24750.4,24753.2,25,24754.95,100,100,1505525
NIFTY-II.NFO,19/08/2024,09:32:57,24750.4,24750.4,425,24755,275,100,1505525
NIFTY-II.NFO,19/08/2024,09:32:59,24755,24750.65,125,24755,250,50,1505525
NIFTY-II.NFO,19/08/2024,09:33:00,24751.05,24750.6,350,24755,175,75,1505525
NIFTY-II.NFO,19/08/2024,09:33:02,24751.05,24751,25,24755,175,0,1505525
NIFTY-II.NFO,19/08/2024,09:33:04,24755,24754.85,25,24756.15,25,200,1505525
NIFTY-II.NFO,19/08/2024,09:33:05,24758.3,24757,25,24759,25,175,1505525
NIFTY-II.NFO,19/08/2024,09:33:07,24755.8,24755,25,24760,525,175,1505525
NIFTY-II.NFO,19/08/2024,09:33:09,24754.95,24753.1,25,24759.65,175,25,1505525
NIFTY-II.NFO,19/08/2024,09:33:10,24759,24759,500,24759.95,100,325,1505525
NIFTY-II.NFO,19/08/2024,09:33:12,24759,24759,475,24760,525,25,1505525
NIFTY-II.NFO,19/08/2024,09:33:13,24759,24759,400,24759.5,175,75,1505525
NIFTY-II.NFO,19/08/2024,09:33:15,24759,24759,175,24759.9,25,225,1505525
NIFTY-II.NFO,19/08/2024,09:33:17,24760,24759,75,24760,225,425,1505525
NIFTY-II.NFO,19/08/2024,09:33:18,24756.05,24757.25,225,24760.85,25,2100,1505525
NIFTY-II.NFO,19/08/2024,09:33:20,24756.65,24756.05,25,24762.1,175,100,1505525
NIFTY-II.NFO,19/08/2024,09:33:22,24761,24754.35,100,24759.8,175,225,1505525
NIFTY-II.NFO,19/08/2024,09:33:23,24761,24753.1,100,24757.9,175,250,1505525
NIFTY-II.NFO,19/08/2024,09:33:25,24757.85,24756.05,50,24759,50,25,1505525
NIFTY-II.NFO,19/08/2024,09:33:26,24759,24759,1175,24759.45,25,75,1505525
NIFTY-II.NFO,19/08/2024,09:33:28,24759,24759.05,50,24760.65,225,150,1505525
NIFTY-II.NFO,19/08/2024,09:33:30,24759.15,24759.1,100,24760.05,175,50,1505525
NIFTY-II.NFO,19/08/2024,09:33:31,24757.65,24753.05,100,24757.6,250,1650,1505525
NIFTY-II.NFO,19/08/2024,09:33:33,24755.05,24755.05,25,24757,50,75,1505525
NIFTY-II.NFO,19/08/2024,09:33:35,24756.1,24750.05,100,24755,250,375,1507525
NIFTY-II.NFO,19/08/2024,09:33:36,24750.15,24750.25,175,24755.8,100,100,1507525
NIFTY-II.NFO,19/08/2024,09:33:38,24754.85,24751,100,24754.65,100,75,1507525
NIFTY-II.NFO,19/08/2024,09:33:39,24751.05,24751,100,24753.15,175,125,1507525
NIFTY-II.NFO,19/08/2024,09:33:41,24751.05,24751,100,24753.15,175,0,1507525
NIFTY-II.NFO,19/08/2024,09:33:43,24751,24751,25,24751.35,175,100,1507525
NIFTY-II.NFO,19/08/2024,09:33:44,24750.9,24750.25,75,24751.5,250,175,1507525
NIFTY-II.NFO,19/08/2024,09:33:46,24750.3,24750.25,25,24752.75,250,100,1507525
NIFTY-II.NFO,19/08/2024,09:33:48,24750.35,24750.3,25,24752.25,225,75,1507525
NIFTY-II.NFO,19/08/2024,09:33:49,24750.3,24750.25,25,24753.35,275,25,1507525
NIFTY-II.NFO,19/08/2024,09:33:51,24750,24750,75,24752.65,50,50,1507525
NIFTY-II.NFO,19/08/2024,09:33:53,24751.05,24750,25,24751.05,125,50,1507525
NIFTY-II.NFO,19/08/2024,09:33:54,24757.3,24753.55,150,24758.35,25,300,1507525
NIFTY-II.NFO,19/08/2024,09:33:56,24757.3,24752.95,25,24755.4,200,0,1507525
NIFTY-II.NFO,19/08/2024,09:33:58,24751.25,24751.25,175,24755.9,25,75,1507525
NIFTY-II.NFO,19/08/2024,09:33:59,24755.9,24751.35,75,24755.95,25,25,1507525
NIFTY-II.NFO,19/08/2024,09:34:01,24753.4,24753.45,100,24758.95,50,75,1507525
NIFTY-II.NFO,19/08/2024,09:34:02,24758.95,24753.35,525,24758.95,25,25,1507525
NIFTY-II.NFO,19/08/2024,09:34:04,24759,24752,425,24756.9,75,125,1507525
NIFTY-II.NFO,19/08/2024,09:34:06,24759,24753.45,25,24757.7,75,0,1507525
NIFTY-II.NFO,19/08/2024,09:34:07,24757.55,24753.45,25,24756.85,25,25,1507525
NIFTY-II.NFO,19/08/2024,09:34:09,24753.4,24753.4,75,24757.9,75,50,1507525
NIFTY-II.NFO,19/08/2024,09:34:11,24758.35,24753.45,175,24758.65,175,50,1507525
NIFTY-II.NFO,19/08/2024,09:34:12,24758.95,24753.8,350,24758.55,100,75,1507525
NIFTY-II.NFO,19/08/2024,09:34:14,24758.15,24754.3,150,24759,125,75,1507525
NIFTY-II.NFO,19/08/2024,09:34:16,24754.3,24754.3,100,24759,125,75,1507525
NIFTY-II.NFO,19/08/2024,09:34:17,24754.3,24753.45,175,24757.95,25,0,1507525
NIFTY-II.NFO,19/08/2024,09:34:19,24753.55,24754.05,75,24758.4,125,50,1507525
NIFTY-II.NFO,19/08/2024,09:34:21,24754.1,24754,25,24755.95,100,25,1507525
NIFTY-II.NFO,19/08/2024,09:34:22,24753.4,24753.4,50,24756.9,150,50,1507525
NIFTY-II.NFO,19/08/2024,09:34:24,24753.45,24753.75,50,24758.8,100,50,1507525
NIFTY-II.NFO,19/08/2024,09:34:26,24758.95,24754.05,350,24758.95,175,25,1507525
NIFTY-II.NFO,19/08/2024,09:34:27,24752.75,24752.75,350,24757.5,300,75,1507525
NIFTY-II.NFO,19/08/2024,09:34:29,24757.3,24752.05,450,24757.05,150,25,1507525
NIFTY-II.NFO,19/08/2024,09:34:31,24757.3,24753,100,24755.85,75,0,1507525
NIFTY-II.NFO,19/08/2024,09:34:32,24752,24751.6,350,24756.35,175,250,1507525
NIFTY-II.NFO,19/08/2024,09:34:34,24752,24751.05,25,24755.9,175,0,1507525
NIFTY-II.NFO,19/08/2024,09:34:36,24751,24751,25,24753.6,100,75,1507525
NIFTY-II.NFO,19/08/2024,09:34:37,24750,24750,25,24753.6,225,50,1507525
NIFTY-II.NFO,19/08/2024,09:34:39,24750.05,24750,25,24754.1,100,25,1507525
NIFTY-II.NFO,19/08/2024,09:34:40,24754.05,24748.35,100,24753.75,100,250,1507525
NIFTY-II.NFO,19/08/2024,09:34:42,24749.15,24749.15,350,24753.65,175,75,1507525
NIFTY-II.NFO,19/08/2024,09:34:44,24751,24751,25,24754,25,350,1507525
NIFTY-II.NFO,19/08/2024,09:34:45,24752.5,24748.05,25,24752.5,75,75,1507525
NIFTY-II.NFO,19/08/2024,09:34:47,24752.5,24747.25,100,24752,125,0,1507525
NIFTY-II.NFO,19/08/2024,09:34:49,24746.95,24746.05,350,24750.45,200,25,1507525
NIFTY-II.NFO,19/08/2024,09:34:50,24746.95,24746,200,24750.65,50,0,1507525
NIFTY-II.NFO,19/08/2024,09:34:52,24746.95,24746.75,100,24751.8,50,0,1507525
NIFTY-II.NFO,19/08/2024,09:34:54,24746,24746,150,24750,25,75,1507525
NIFTY-II.NFO,19/08/2024,09:34:56,24750.15,24746,125,24749.85,25,475,1507525
NIFTY-II.NFO,19/08/2024,09:34:57,24746,24746,50,24749.8,50,75,1507525
NIFTY-II.NFO,19/08/2024,09:34:59,24749.8,24748,50,24749.15,250,50,1507525
NIFTY-II.NFO,19/08/2024,09:35:01,24751.5,24746.25,175,24751.5,25,75,1507525
NIFTY-II.NFO,19/08/2024,09:35:02,24746,24746,25,24749.95,50,50,1507525
NIFTY-II.NFO,19/08/2024,09:35:04,24745.5,24745.55,100,24750,50,50,1507525
NIFTY-II.NFO,19/08/2024,09:35:06,24750,24749.9,100,24752,25,50,1507525
NIFTY-II.NFO,19/08/2024,09:35:07,24749.2,24749.3,175,24752,25,25,1507525
NIFTY-II.NFO,19/08/2024,09:35:09,24752,24747.05,100,24751,25,25,1507525
NIFTY-II.NFO,19/08/2024,09:35:11,24748.35,24747.35,175,24751,25,75,1507525
NIFTY-II.NFO,19/08/2024,09:35:12,24748.35,24748.2,150,24751,25,0,1507525
NIFTY-II.NFO,19/08/2024,09:35:14,24752,24751.15,100,24756.6,100,50,1507525
NIFTY-II.NFO,19/08/2024,09:35:15,24752.1,24752.1,50,24756.95,100,50,1507525
NIFTY-II.NFO,19/08/2024,09:35:17,24752.1,24751,100,24755.6,100,0,1507525
NIFTY-II.NFO,19/08/2024,09:35:19,24751,24749.1,50,24754.7,100,25,1507525
NIFTY-II.NFO,19/08/2024,09:35:20,24751.15,24749.2,50,24754.1,100,25,1507525
NIFTY-II.NFO,19/08/2024,09:35:22,24751.15,24749.1,125,24754.45,175,0,1507525
NIFTY-II.NFO,19/08/2024,09:35:24,24751.15,24747.85,50,24752,100,25,1507525
NIFTY-II.NFO,19/08/2024,09:35:25,24751.15,24747.85,50,24751.55,100,0,1507525
NIFTY-II.NFO,19/08/2024,09:35:27,24747.85,24747.05,525,24752.1,50,200,1507525
NIFTY-II.NFO,19/08/2024,09:35:29,24752,24748.65,175,24753.65,25,25,1507525
NIFTY-II.NFO,19/08/2024,09:35:30,24749.7,24748.9,175,24753.9,25,25,1507525
NIFTY-II.NFO,19/08/2024,09:35:32,24751.75,24747,450,24751.7,250,50,1507525
NIFTY-II.NFO,19/08/2024,09:35:34,24746.25,24746.1,350,24751.05,300,125,1507525
NIFTY-II.NFO,19/08/2024,09:35:35,24750.7,24746.05,350,24750.7,225,25,1507525
NIFTY-II.NFO,19/08/2024,09:35:37,24746,24746,25,24750.15,50,50,1507525
NIFTY-II.NFO,19/08/2024,09:35:39,24745.5,24745.55,100,24750.15,125,50,1507525
NIFTY-II.NFO,19/08/2024,09:35:40,24745.5,24745.55,100,24750.15,50,0,1507525
NIFTY-II.NFO,19/08/2024,09:35:42,24745.15,24745.15,100,24749.6,125,50,1507525
NIFTY-II.NFO,19/08/2024,09:35:44,24745.15,24745.05,100,24748.9,125,0,1507525
NIFTY-II.NFO,19/08/2024,09:35:45,24745,24744.05,100,24748.15,125,50,1507525
NIFTY-II.NFO,19/08/2024,09:35:47,24744.05,24744,25,24746.6,125,50,1507525
NIFTY-II.NFO,19/08/2024,09:35:48,24744,24742.7,450,24747.35,50,25,1507525
NIFTY-II.NFO,19/08/2024,09:35:50,24745,24745,25,24746.45,50,75,1507525
NIFTY-II.NFO,19/08/2024,09:35:52,24741.55,24741.25,100,24745.95,25,50,1507525
NIFTY-II.NFO,19/08/2024,09:35:53,24741.55,24741.05,100,24745.5,50,0,1507525
NIFTY-II.NFO,19/08/2024,09:35:55,24744.9,24741,50,24744.95,25,75,1507525
NIFTY-II.NFO,19/08/2024,09:35:57,24744.9,24741.8,75,24746.35,50,0,1507525
NIFTY-II.NFO,19/08/2024,09:35:58,24744.9,24742.3,350,24746.6,100,0,1507525
NIFTY-II.NFO,19/08/2024,09:36:00,24745,24741,50,24745,875,25,1507525
NIFTY-II.NFO,19/08/2024,09:36:02,24745,24741,50,24744.95,100,0,1507525
NIFTY-II.NFO,19/08/2024,09:36:03,24741,24740,150,24744.35,100,50,1507525
NIFTY-II.NFO,19/08/2024,09:36:05,24744.75,24740.05,100,24744.65,100,25,1507525
NIFTY-II.NFO,19/08/2024,09:36:07,24740.95,24741.95,125,24745,875,50,1507525
NIFTY-II.NFO,19/08/2024,09:36:08,24745,24741,125,24745,800,75,1507525
NIFTY-II.NFO,19/08/2024,09:36:10,24745,24740.05,350,24744.85,225,0,1507525
NIFTY-II.NFO,19/08/2024,09:36:12,24745,24740,175,24744.2,175,0,1507525
NIFTY-II.NFO,19/08/2024,09:36:13,24740,24740,100,24743.15,50,75,1507525
NIFTY-II.NFO,19/08/2024,09:36:15,24740,24740,125,24742.7,100,50,1507525
NIFTY-II.NFO,19/08/2024,09:36:17,24740,24740,225,24742.8,100,0,1507525
NIFTY-II.NFO,19/08/2024,09:36:18,24740,24739.8,50,24740.3,100,225,1507525
NIFTY-II.NFO,19/08/2024,09:36:20,24739.8,24738.35,350,24742.85,100,50,1507525
NIFTY-II.NFO,19/08/2024,09:36:22,24738.4,24739.4,425,24744.4,100,50,1507525
NIFTY-II.NFO,19/08/2024,09:36:23,24739.4,24738.55,350,24743,100,25,1507525
NIFTY-II.NFO,19/08/2024,09:36:25,24738.2,24738,25,24741.3,100,75,1507525
NIFTY-II.NFO,19/08/2024,09:36:27,24738.2,24738,100,24740,25,0,1507525
NIFTY-II.NFO,19/08/2024,09:36:28,24738,24736.15,425,24740,25,25,1507525
NIFTY-II.NFO,19/08/2024,09:36:30,24740,24737.4,350,24742.1,100,25,1507525
NIFTY-II.NFO,19/08/2024,09:36:32,24740.85,24736.05,425,24741.2,100,25,1507525
NIFTY-II.NFO,19/08/2024,09:36:33,24738.2,24738,100,24742.15,100,50,1507525
NIFTY-II.NFO,19/08/2024,09:36:35,24738.2,24738,100,24741.15,50,0,1507525
NIFTY-II.NFO,19/08/2024,09:36:36,24738,24738.4,350,24743.1,125,75,1508375
NIFTY-II.NFO,19/08/2024,09:36:38,24738.4,24738.4,350,24743.1,200,75,1508375
NIFTY-II.NFO,19/08/2024,09:36:40,24738,24737.25,350,24741.2,100,50,1508375
NIFTY-II.NFO,19/08/2024,09:36:41,24738,24737.1,425,24742.25,25,0,1508375
NIFTY-II.NFO,19/08/2024,09:36:43,24741.9,24738.4,425,24743.35,100,25,1508375
NIFTY-II.NFO,19/08/2024,09:36:45,24743.6,24739,350,24743.15,100,25,1508375
NIFTY-II.NFO,19/08/2024,09:36:46,24739,24742,25,24743.85,100,25,1508375
NIFTY-II.NFO,19/08/2024,09:36:48,24742,24738.15,350,24742.2,175,25,1508375
NIFTY-II.NFO,19/08/2024,09:36:50,24739,24736,50,24739.1,175,100,1508375
NIFTY-II.NFO,19/08/2024,09:36:51,24736.05,24736,25,24740.4,100,50,1508375
NIFTY-II.NFO,19/08/2024,09:36:53,24736.05,24736,25,24740.05,100,0,1508375
NIFTY-II.NFO,19/08/2024,09:36:54,24736,24737.15,425,24742.1,100,25,1508375
NIFTY-II.NFO,19/08/2024,09:36:56,24741.85,24736.3,425,24741.1,100,25,1508375
NIFTY-II.NFO,19/08/2024,09:36:58,24736.3,24736.4,350,24740.4,100,25,1508375
NIFTY-II.NFO,19/08/2024,09:36:59,24736.3,24735.25,375,24739.7,25,0,1508375
NIFTY-II.NFO,19/08/2024,09:37:01,24736.85,24735.25,375,24740,25,25,1508375
NIFTY-II.NFO,19/08/2024,09:37:03,24736.85,24736.5,100,24740.95,25,0,1508375
NIFTY-II.NFO,19/08/2024,09:37:04,24736.85,24736.05,25,24740.35,25,0,1508375
NIFTY-II.NFO,19/08/2024,09:37:06,24736,24736.2,350,24740,25,25,1508375
NIFTY-II.NFO,19/08/2024,09:37:08,24736.2,24736.6,25,24741,25,25,1508375
NIFTY-II.NFO,19/08/2024,09:37:09,24736.2,24735.45,350,24739.9,100,0,1508375
NIFTY-II.NFO,19/08/2024,09:37:11,24736.2,24735.2,25,24738.5,25,0,1508375
NIFTY-II.NFO,19/08/2024,09:37:13,24735,24736.2,25,24738.85,100,50,1508375
NIFTY-II.NFO,19/08/2024,09:37:14,24736.2,24735,125,24738.9,25,25,1508375
NIFTY-II.NFO,19/08/2024,09:37:16,24736.2,24736.2,25,24739.5,25,25,1508375
NIFTY-II.NFO,19/08/2024,09:37:18,24736.5,24736.95,50,24741,25,50,1508375
NIFTY-II.NFO,19/08/2024,09:37:19,24741,24737.35,425,24742,800,25,1508375
NIFTY-II.NFO,19/08/2024,09:37:21,24736.2,24735.1,350,24739.25,25,50,1508375
NIFTY-II.NFO,19/08/2024,09:37:23,24736.2,24736.25,475,24740.85,25,0,1508375
NIFTY-II.NFO,19/08/2024,09:37:24,24737.45,24737.35,350,24742,800,50,1508375
NIFTY-II.NFO,19/08/2024,09:37:26,24736.15,24736.65,350,24741.3,50,125,1508375
NIFTY-II.NFO,19/08/2024,09:37:28,24736.15,24736.7,425,24741.95,100,0,1508375
NIFTY-II.NFO,19/08/2024,09:37:29,24736.15,24736.7,425,24741.9,100,0,1508375
NIFTY-II.NFO,19/08/2024,09:37:31,24736.15,24737.35,425,24742,800,0,1508375
NIFTY-II.NFO,19/08/2024,09:37:33,24736.15,24738.15,25,24741,125,0,1508375
NIFTY-II.NFO,19/08/2024,09:37:34,24742,24741,25,24742,700,225,1508375
NIFTY-II.NFO,19/08/2024,09:37:36,24738.1,24737.75,350,24741.95,100,75,1508375
NIFTY-II.NFO,19/08/2024,09:37:38,24736.45,24736.15,350,24740.75,100,100,1508375
NIFTY-II.NFO,19/08/2024,09:37:39,24736.45,24736.15,350,24740.7,175,0,1508375
NIFTY-II.NFO,19/08/2024,09:37:41,24736.45,24737.4,25,24742,700,0,1508375
NIFTY-II.NFO,19/08/2024,09:37:42,24741.95,24737.55,50,24741.95,25,75,1508375
NIFTY-II.NFO,19/08/2024,09:37:44,24741.95,24737.45,50,24741.95,100,0,1508375
NIFTY-II.NFO,19/08/2024,09:37:46,24741.95,24738.1,50,24742,700,0,1508375
NIFTY-II.NFO,19/08/2024,09:37:47,24741.95,24737.1,350,24741,225,0,1508375
NIFTY-II.NFO,19/08/2024,09:37:49,24741.95,24735.9,350,24740.25,100,0,1508375
NIFTY-II.NFO,19/08/2024,09:37:51,24739.8,24735.85,350,24740,100,25,1508375
NIFTY-II.NFO,19/08/2024,09:37:52,24735.85,24737.35,425,24741.95,100,25,1508375
NIFTY-II.NFO,19/08/2024,09:37:54,24735.85,24737.95,350,24741.85,100,0,1508375
NIFTY-II.NFO,19/08/2024,09:37:56,24741.85,24736.8,350,24741,25,100,1508375
NIFTY-II.NFO,19/08/2024,09:37:57,24736.8,24737.2,175,24741.95,25,25,1508375
NIFTY-II.NFO,19/08/2024,09:37:59,24737.8,24737.8,350,24741.45,25,75,1508375
NIFTY-II.NFO,19/08/2024,09:38:01,24739.4,24739.05,100,24742,700,25,1508375
NIFTY-II.NFO,19/08/2024,09:38:02,24742,24739.55,100,24742,575,125,1508375
NIFTY-II.NFO,19/08/2024,09:38:04,24742,24739.55,175,24742,575,0,1508375
NIFTY-II.NFO,19/08/2024,09:38:06,24742.65,24742.15,50,24745,50,700,1508375
NIFTY-II.NFO,19/08/2024,09:38:07,24742,24740.35,125,24745,50,50,1508375
NIFTY-II.NFO,19/08/2024,09:38:09,24741.15,24741.15,350,24745,50,25,1508375
NIFTY-II.NFO,19/08/2024,09:38:11,24741.15,24741.2,125,24745,50,25,1508375
NIFTY-II.NFO,19/08/2024,09:38:12,24742.15,24742.05,25,24745,25,75,1508375
NIFTY-II.NFO,19/08/2024,09:38:14,24742.15,24741.6,350,24745,25,0,1508375
NIFTY-II.NFO,19/08/2024,09:38:16,24741.6,24741.6,350,24744.95,100,50,1508375
NIFTY-II.NFO,19/08/2024,09:38:17,24741.6,24740.85,25,24744.7,75,0,1508375
NIFTY-II.NFO,19/08/2024,09:38:19,24740.8,24740.8,425,24744.7,75,50,1508375
NIFTY-II.NFO,19/08/2024,09:38:20,24740.8,24740.8,350,24744.7,75,0,1508375
NIFTY-II.NFO,19/08/2024,09:38:22,24740.8,24740.85,125,24744.7,75,50,1508375
NIFTY-II.NFO,19/08/2024,09:38:24,24740.8,24741.15,25,24744.7,75,0,1508375
NIFTY-II.NFO,19/08/2024,09:38:25,24741.1,24740.05,25,24741.7,100,50,1508375
NIFTY-II.NFO,19/08/2024,09:38:27,24740,24737.1,350,24741.65,100,50,1508375
NIFTY-II.NFO,19/08/2024,09:38:29,24740,24737.35,350,24741.65,100,0,1508375
NIFTY-II.NFO,19/08/2024,09:38:30,24737.2,24737.2,350,24741.1,100,50,1508375
NIFTY-II.NFO,19/08/2024,09:38:32,24737.25,24737.15,25,24740.75,100,225,1508375
NIFTY-II.NFO,19/08/2024,09:38:34,24736.2,24736.4,350,24740.85,175,50,1508375
NIFTY-II.NFO,19/08/2024,09:38:35,24736.85,24736.8,350,24741.15,100,100,1508375
NIFTY-II.NFO,19/08/2024,09:38:37,24736.8,24736.05,350,24740.15,50,25,1508375
NIFTY-II.NFO,19/08/2024,09:38:39,24736.45,24736.05,25,24739.7,50,25,1508375
NIFTY-II.NFO,19/08/2024,09:38:40,24736.45,24736.4,350,24740.45,75,0,1508375
NIFTY-II.NFO,19/08/2024,09:38:42,24736.4,24736.6,100,24741,75,75,1508375
NIFTY-II.NFO,19/08/2024,09:38:43,24736.9,24736.85,50,24740.9,50,75,1508375
NIFTY-II.NFO,19/08/2024,09:38:45,24736.85,24736.85,25,24738,500,25,1508375
NIFTY-II.NFO,19/08/2024,09:38:47,24736.85,24736,50,24738,500,25,1508375
NIFTY-II.NFO,19/08/2024,09:38:48,24736.8,24736,25,24738,500,50,1508375
NIFTY-II.NFO,19/08/2024,09:38:50,24736,24735.85,25,24736,475,25,1508375
NIFTY-II.NFO,19/08/2024,09:38:52,24736,24735.8,75,24736,450,75,1508375
NIFTY-II.NFO,19/08/2024,09:38:53,24735.8,24735.8,50,24736,450,25,1508375
NIFTY-II.NFO,19/08/2024,09:38:55,24736,24735.8,25,24736,325,150,1508375
NIFTY-II.NFO,19/08/2024,09:38:57,24735.8,24735.1,25,24736,300,50,1508375
NIFTY-II.NFO,19/08/2024,09:38:58,24736,24735,125,24736,250,100,1508375
NIFTY-II.NFO,19/08/2024,09:39:00,24735,24735,100,24736,250,25,1508375
NIFTY-II.NFO,19/08/2024,09:39:02,24735,24734.05,50,24736,250,100,1508375
NIFTY-II.NFO,19/08/2024,09:39:03,24734,24732.05,425,24736,250,25,1508375
NIFTY-II.NFO,19/08/2024,09:39:05,24734,24732.05,50,24736,250,0,1508375
NIFTY-II.NFO,19/08/2024,09:39:07,24734,24732,25,24735.65,25,0,1508375
NIFTY-II.NFO,19/08/2024,09:39:08,24734,24732,25,24736,250,0,1508375
NIFTY-II.NFO,19/08/2024,09:39:10,24736,24732.25,50,24736,225,25,1508375
NIFTY-II.NFO,19/08/2024,09:39:12,24736,24734.3,175,24736,200,25,1508375
NIFTY-II.NFO,19/08/2024,09:39:13,24736,24734.05,25,24736,75,125,1508375
NIFTY-II.NFO,19/08/2024,09:39:15,24732.15,24732.15,350,24736,75,25,1508375
NIFTY-II.NFO,19/08/2024,09:39:17,24736,24735.95,25,24740,200,75,1508375
NIFTY-II.NFO,19/08/2024,09:39:18,24736,24735.55,125,24740,200,0,1508375
NIFTY-II.NFO,19/08/2024,09:39:20,24740,24736.1,125,24740,175,25,1508375
NIFTY-II.NFO,19/08/2024,09:39:22,24736.45,24736.5,50,24740,175,50,1508375
NIFTY-II.NFO,19/08/2024,09:39:23,24736.45,24736.05,350,24739.95,100,25,1508375
NIFTY-II.NFO,19/08/2024,09:39:25,24736.05,24736.35,100,24740,175,75,1508375
NIFTY-II.NFO,19/08/2024,09:39:27,24736.05,24739.95,25,24740,175,0,1508375
NIFTY-II.NFO,19/08/2024,09:39:28,24739.95,24739.9,25,24740,175,25,1508375
NIFTY-II.NFO,19/08/2024,09:39:30,24741,24740.55,25,24741,75,200,1508375
NIFTY-II.NFO,19/08/2024,09:39:32,24741,24739.25,25,24741,75,0,1508375
NIFTY-II.NFO,19/08/2024,09:39:33,24741,24738.1,50,24741,75,0,1508375
NIFTY-II.NFO,19/08/2024,09:39:35,24738.45,24737.75,25,24741,75,25,1508375
NIFTY-II.NFO,19/08/2024,09:39:37,24737.6,24738.35,225,24741,75,50,1509275
NIFTY-II.NFO,19/08/2024,09:39:38,24741,24740,25,24741,50,25,1509275
NIFTY-II.NFO,19/08/2024,09:39:40,24741,24738.1,50,24741,25,75,1509275
NIFTY-II.NFO,19/08/2024,09:39:42,24741,24739,25,24741,25,0,1509275
NIFTY-II.NFO,19/08/2024,09:39:43,24738.1,24738.05,25,24741,100,50,1509275
NIFTY-II.NFO,19/08/2024,09:39:45,24737.95,24737.95,300,24741,75,75,1509275
NIFTY-II.NFO,19/08/2024,09:39:47,24737.95,24738.6,225,24741,75,0,1509275
NIFTY-II.NFO,19/08/2024,09:39:48,24738.6,24738.65,175,24741,75,25,1509275
NIFTY-II.NFO,19/08/2024,09:39:50,24741,24740.85,125,24745,25,75,1509275
NIFTY-II.NFO,19/08/2024,09:39:51,24740.6,24740.9,175,24745,25,100,1509275
NIFTY-II.NFO,19/08/2024,09:39:53,24740.6,24742.65,125,24745,25,0,1509275
NIFTY-II.NFO,19/08/2024,09:39:55,24742.65,24742.7,125,24745,25,50,1509275
NIFTY-II.NFO,19/08/2024,09:39:56,24742.65,24742.65,125,24745,25,0,1509275
NIFTY-II.NFO,19/08/2024,09:39:58,24748.95,24745.2,125,24749,100,150,1509275
NIFTY-II.NFO,19/08/2024,09:40:00,24745.2,24745,25,24748.95,100,25,1509275
NIFTY-II.NFO,19/08/2024,09:40:01,24749,24746.15,25,24749,75,75,1509275
NIFTY-II.NFO,19/08/2024,09:40:03,24749,24745.65,50,24749,50,25,1509275
NIFTY-II.NFO,19/08/2024,09:40:05,24749,24746.85,50,24749,50,0,1509275
NIFTY-II.NFO,19/08/2024,09:40:06,24749,24745.5,100,24749,50,0,1509275
NIFTY-II.NFO,19/08/2024,09:40:08,24749,24746.15,75,24749,50,0,1509275
NIFTY-II.NFO,19/08/2024,09:40:09,24745.8,24745.55,50,24749,50,25,1509275
NIFTY-II.NFO,19/08/2024,09:40:11,24749,24748.2,250,24750,150,50,1509275
NIFTY-II.NFO,19/08/2024,09:40:13,24752.95,24748.65,125,24752.8,50,175,1509275
NIFTY-II.NFO,19/08/2024,09:40:14,24752.95,24749.4,125,24753.55,50,0,1509275
NIFTY-II.NFO,19/08/2024,09:40:16,24748.2,24749.05,125,24753.7,50,25,1509275
NIFTY-II.NFO,19/08/2024,09:40:18,24753.95,24749.55,100,24754.2,50,25,1509275
NIFTY-II.NFO,19/08/2024,09:40:19,24753.95,24752.3,100,24755,25,0,1509275
NIFTY-II.NFO,19/08/2024,09:40:21,24755,24752.45,100,24756.95,50,25,1509275
NIFTY-II.NFO,19/08/2024,09:40:23,24754,24752,50,24753.3,25,100,1509275
NIFTY-II.NFO,19/08/2024,09:40:24,24757.95,24753.65,125,24757.95,75,275,1509275
NIFTY-II.NFO,19/08/2024,09:40:26,24757.45,24753.2,350,24757.45,50,75,1509275
NIFTY-II.NFO,19/08/2024,09:40:28,24757.85,24751.2,425,24756.25,25,75,1509275
NIFTY-II.NFO,19/08/2024,09:40:29,24751,24750.45,350,24755.2,25,25,1509275
NIFTY-II.NFO,19/08/2024,09:40:31,24751.3,24750.1,350,24754.4,50,825,1509275
NIFTY-II.NFO,19/08/2024,09:40:33,24750.8,24750.8,350,24755.25,50,50,1509275
NIFTY-II.NFO,19/08/2024,09:40:34,24755.1,24750.8,350,24755.3,50,50,1509275
NIFTY-II.NFO,19/08/2024,09:40:36,24750.05,24750.8,25,24754,50,25,1509275
NIFTY-II.NFO,19/08/2024,09:40:38,24750.8,24751.15,425,24755.55,50,25,1509275
NIFTY-II.NFO,19/08/2024,09:40:39,24751.15,24751.15,350,24755.5,50,75,1509275
NIFTY-II.NFO,19/08/2024,09:40:41,24751.15,24749.5,350,24754.35,50,0,1509275
NIFTY-II.NFO,19/08/2024,09:40:42,24749.5,24749.5,350,24753.8,50,50,1509275
NIFTY-II.NFO,19/08/2024,09:40:44,24749.5,24749.5,350,24753.9,50,0,1509275
NIFTY-II.NFO,19/08/2024,09:40:46,24749.5,24749.5,25,24752.75,50,50,1509275
NIFTY-II.NFO,19/08/2024,09:40:47,24749.5,24749.05,25,24752.8,50,25,1509275
NIFTY-II.NFO,19/08/2024,09:40:49,24748.1,24748.4,350,24752.35,175,25,1509275
NIFTY-II.NFO,19/08/2024,09:40:51,24748.4,24749.05,100,24753.25,125,25,1509275
NIFTY-II.NFO,19/08/2024,09:40:52,24749.5,24748.45,25,24749.5,75,100,1509275
NIFTY-II.NFO,19/08/2024,09:40:54,24746.8,24745.95,450,24749.5,75,50,1509275
NIFTY-II.NFO,19/08/2024,09:40:56,24749.5,24746.45,100,24749.5,50,25,1509275
NIFTY-II.NFO,19/08/2024,09:40:57,24749.5,24747.5,175,24749.5,50,0,1509275
NIFTY-II.NFO,19/08/2024,09:40:59,24751.3,24751.3,325,24755,50,75,1509275
NIFTY-II.NFO,19/08/2024,09:41:01,24751.25,24749,175,24753.3,25,25,1509275
NIFTY-II.NFO,19/08/2024,09:41:02,24750.15,24750.15,75,24754.7,25,50,1509275
NIFTY-II.NFO,19/08/2024,09:41:04,24755.4,24752.05,25,24755.95,50,50,1509275
NIFTY-II.NFO,19/08/2024,09:41:06,24752.05,24751.4,350,24755.35,125,25,1509275
NIFTY-II.NFO,19/08/2024,09:41:07,24752.05,24751.1,175,24755,50,0,1509275
NIFTY-II.NFO,19/08/2024,09:41:09,24751.4,24751.2,525,24755,75,25,1509275
NIFTY-II.NFO,19/08/2024,09:41:11,24755,24751.75,100,24755,50,25,1509275
NIFTY-II.NFO,19/08/2024,09:41:12,24751.75,24751.75,100,24755,50,50,1509275
NIFTY-II.NFO,19/08/2024,09:41:14,24751.75,24752.05,175,24755,50,0,1509275
NIFTY-II.NFO,19/08/2024,09:41:16,24755,24755.1,125,24756,50,50,1509275
NIFTY-II.NFO,19/08/2024,09:41:17,24759,24756.7,100,24759,225,225,1509275
NIFTY-II.NFO,19/08/2024,09:41:19,24759,24756.05,100,24759,200,50,1509275
NIFTY-II.NFO,19/08/2024,09:41:21,24758.85,24758.6,25,24759,175,50,1509275
NIFTY-II.NFO,19/08/2024,09:41:22,24764.85,24760.35,525,24764.95,75,475,1509275
NIFTY-II.NFO,19/08/2024,09:41:24,24768.9,24766,25,24769,175,250,1509275
NIFTY-II.NFO,19/08/2024,09:41:26,24765,24764.95,75,24768.95,50,50,1509275
NIFTY-II.NFO,19/08/2024,09:41:27,24767.2,24762.85,350,24766.95,50,275,1509275
NIFTY-II.NFO,19/08/2024,09:41:29,24767.2,24763.75,175,24768.65,25,0,1509275
NIFTY-II.NFO,19/08/2024,09:41:31,24768.5,24764.35,25,24768.95,50,250,1509275
NIFTY-II.NFO,19/08/2024,09:41:32,24768.5,24763.25,350,24767.6,25,0,1509275
NIFTY-II.NFO,19/08/2024,09:41:34,24767.55,24762.85,25,24767.55,75,75,1509275
NIFTY-II.NFO,19/08/2024,09:41:36,24763.25,24763.1,350,24768,50,150,1509275
NIFTY-II.NFO,19/08/2024,09:41:37,24763.25,24763.7,100,24768.45,25,0,1509275
NIFTY-II.NFO,19/08/2024,09:41:39,24768.5,24765.35,125,24768.5,25,75,1509275
NIFTY-II.NFO,19/08/2024,09:41:41,24768,24764.6,125,24769,125,100,1509275
NIFTY-II.NFO,19/08/2024,09:41:42,24768,24764.65,25,24768.65,400,0,1509275
NIFTY-II.NFO,19/08/2024,09:41:44,24769,24764.35,125,24769,150,175,1509275
NIFTY-II.NFO,19/08/2024,09:41:45,24763.3,24764.3,350,24768.8,100,525,1509275
NIFTY-II.NFO,19/08/2024,09:41:47,24768.9,24764.4,50,24768.9,50,50,1509275
NIFTY-II.NFO,19/08/2024,09:41:49,24768.9,24764.45,350,24768.6,125,0,1509275
NIFTY-II.NFO,19/08/2024,09:41:50,24767.95,24764.45,400,24768.4,50,25,1509275
NIFTY-II.NFO,19/08/2024,09:41:52,24764.45,24764.4,25,24765,200,50,1509275
NIFTY-II.NFO,19/08/2024,09:41:54,24765,24764.35,50,24768.55,125,250,1509275
NIFTY-II.NFO,19/08/2024,09:41:56,24764.4,24764.4,350,24768.5,50,25,1509275
NIFTY-II.NFO,19/08/2024,09:41:57,24764.4,24764.4,350,24768.5,50,50,1509275
NIFTY-II.NFO,19/08/2024,09:41:59,24764.4,24764.5,50,24768.2,50,0,1509275
NIFTY-II.NFO,19/08/2024,09:42:01,24764.5,24764.65,100,24768.75,25,25,1509275
NIFTY-II.NFO,19/08/2024,09:42:02,24764.5,24765.2,350,24768.95,50,0,1509275
NIFTY-II.NFO,19/08/2024,09:42:04,24765.55,24765.15,350,24769,150,75,1509275
NIFTY-II.NFO,19/08/2024,09:42:06,24765.4,24765.2,75,24769,50,125,1509275
NIFTY-II.NFO,19/08/2024,09:42:07,24769,24766.75,75,24769,25,25,1509275
NIFTY-II.NFO,19/08/2024,09:42:09,24766.55,24765.85,75,24769.65,50,100,1509275
NIFTY-II.NFO,19/08/2024,09:42:11,24765.8,24763.65,75,24766.55,25,25,1509275
NIFTY-II.NFO,19/08/2024,09:42:12,24766.55,24765.8,25,24769.15,100,75,1509275
NIFTY-II.NFO,19/08/2024,09:42:14,24768.9,24765.8,25,24769.35,100,25,1509275
NIFTY-II.NFO,19/08/2024,09:42:16,24765.8,24764.85,350,24768.85,175,25,1509275
NIFTY-II.NFO,19/08/2024,09:42:17,24764.8,24764.8,350,24768.75,175,25,1509275
NIFTY-II.NFO,19/08/2024,09:42:19,24764.8,24764.7,350,24768.85,325,0,1509275
NIFTY-II.NFO,19/08/2024,09:42:21,24765,24765.05,25,24768.95,100,25,1509275
NIFTY-II.NFO,19/08/2024,09:42:22,24768.95,24765.15,350,24768.85,50,50,1509275
NIFTY-II.NFO,19/08/2024,09:42:24,24765.1,24765.1,350,24768.75,50,25,1509275
NIFTY-II.NFO,19/08/2024,09:42:26,24765.1,24765.15,50,24768.65,50,0,1509275
NIFTY-II.NFO,19/08/2024,09:42:27,24767.3,24765.15,50,24767.3,100,50,1509275
NIFTY-II.NFO,19/08/2024,09:42:29,24767.3,24765.15,25,24768.6,100,0,1509275
NIFTY-II.NFO,19/08/2024,09:42:30,24764.9,24764.8,25,24767.75,25,25,1509275
NIFTY-II.NFO,19/08/2024,09:42:32,24764.8,24763.9,100,24765.15,25,100,1509275
NIFTY-II.NFO,19/08/2024,09:42:34,24763.9,24763.9,50,24765.15,50,50,1509275
NIFTY-II.NFO,19/08/2024,09:42:35,24763.9,24763.9,50,24765.15,50,0,1509275
NIFTY-II.NFO,19/08/2024,09:42:37,24763.9,24760.95,350,24764.65,175,75,1510600
NIFTY-II.NFO,19/08/2024,09:42:39,24761,24761.1,350,24764.75,225,25,1510600
NIFTY-II.NFO,19/08/2024,09:42:40,24761.6,24760.25,350,24765.1,125,25,1510600
NIFTY-II.NFO,19/08/2024,09:42:42,24765.1,24760.25,350,24764.05,175,100,1510600
NIFTY-II.NFO,19/08/2024,09:42:44,24764.05,24761.5,50,24763.95,400,25,1510600
NIFTY-II.NFO,19/08/2024,09:42:45,24758.4,24758.4,350,24762.75,50,75,1510600
NIFTY-II.NFO,19/08/2024,09:42:47,24763.75,24759,350,24762.55,250,1000,1510600
NIFTY-II.NFO,19/08/2024,09:42:49,24759.05,24759,350,24763.1,50,25,1510600
NIFTY-II.NFO,19/08/2024,09:42:50,24761.05,24761.05,75,24765.15,50,25,1510600
NIFTY-II.NFO,19/08/2024,09:42:52,24760.55,24761,100,24764.45,250,25,1510600
NIFTY-II.NFO,19/08/2024,09:42:54,24761,24761,150,24764.8,25,25,1510600
NIFTY-II.NFO,19/08/2024,09:42:55,24761.15,24761.25,350,24765.15,25,50,1510600
NIFTY-II.NFO,19/08/2024,09:42:57,24761.8,24761.4,225,24765.15,25,25,1510600
NIFTY-II.NFO,19/08/2024,09:42:59,24761.4,24762.55,175,24765.15,25,25,1510600
NIFTY-II.NFO,19/08/2024,09:43:00,24761.9,24762.55,75,24765.15,25,25,1510600
NIFTY-II.NFO,19/08/2024,09:43:02,24761.9,24762.05,175,24765.15,25,0,1510600
NIFTY-II.NFO,19/08/2024,09:43:04,24763.15,24763.1,350,24766.95,25,100,1510600
NIFTY-II.NFO,19/08/2024,09:43:05,24763.15,24764.95,200,24769,50,0,1510600
NIFTY-II.NFO,19/08/2024,09:43:07,24764.4,24763.85,350,24768,100,75,1510600
NIFTY-II.NFO,19/08/2024,09:43:09,24768.75,24764.55,125,24768.75,25,25,1510600
NIFTY-II.NFO,19/08/2024,09:43:10,24768.05,24764.05,25,24767.6,25,75,1510600
NIFTY-II.NFO,19/08/2024,09:43:12,24763.3,24763.25,350,24767.25,225,25,1510600
NIFTY-II.NFO,19/08/2024,09:43:14,24763.3,24763.65,100,24767.85,225,25,1510600
NIFTY-II.NFO,19/08/2024,09:43:15,24767.85,24762.6,100,24764.55,25,25,1510600
NIFTY-II.NFO,19/08/2024,09:43:17,24761.9,24761.4,50,24764.55,25,25,1510600
NIFTY-II.NFO,19/08/2024,09:43:18,24764.55,24763.3,425,24767.85,100,25,1510600
NIFTY-II.NFO,19/08/2024,09:43:20,24763.75,24763.9,350,24767.9,25,25,1510600
NIFTY-II.NFO,19/08/2024,09:43:22,24763.9,24762.3,350,24766.45,100,50,1510600
NIFTY-II.NFO,19/08/2024,09:43:23,24767.4,24763.15,350,24767.75,325,50,1510600
NIFTY-II.NFO,19/08/2024,09:43:25,24766.35,24762.6,425,24767.2,25,75,1510600
NIFTY-II.NFO,19/08/2024,09:43:27,24765,24761.75,350,24766.15,100,125,1510600
NIFTY-II.NFO,19/08/2024,09:43:28,24762.6,24762.6,350,24766.9,100,25,1510600
NIFTY-II.NFO,19/08/2024,09:43:30,24762.6,24762.6,350,24766.85,25,50,1510600
NIFTY-II.NFO,19/08/2024,09:43:31,24766.85,24761.4,50,24765.45,200,25,1510600
NIFTY-II.NFO,19/08/2024,09:43:33,24761.4,24761.4,25,24765.4,200,25,1510600
NIFTY-II.NFO,19/08/2024,09:43:35,24761.4,24761.05,100,24766.3,50,25,1510600
NIFTY-II.NFO,19/08/2024,09:43:36,24767.7,24763.5,425,24767.9,25,25,1510600
NIFTY-II.NFO,19/08/2024,09:43:38,24767.7,24762.75,475,24766.95,25,0,1510600
NIFTY-II.NFO,19/08/2024,09:43:39,24767.7,24764.2,125,24766.95,25,0,1510600
NIFTY-II.NFO,19/08/2024,09:43:41,24766.95,24763.85,50,24767.9,25,25,1510600
NIFTY-II.NFO,19/08/2024,09:43:43,24766.95,24763.75,100,24767.45,100,0,1510600
NIFTY-II.NFO,19/08/2024,09:43:44,24767.45,24763.75,100,24766.15,100,100,1510600
NIFTY-II.NFO,19/08/2024,09:43:46,24763.75,24763.75,75,24765.5,100,25,1510600
NIFTY-II.NFO,19/08/2024,09:43:48,24763.75,24762.7,25,24765.25,225,175,1510600
NIFTY-II.NFO,19/08/2024,09:43:49,24761,24761,50,24763.9,150,100,1510600
NIFTY-II.NFO,19/08/2024,09:43:51,24761,24761,50,24763.45,100,0,1510600
NIFTY-II.NFO,19/08/2024,09:43:53,24761,24761,25,24763.3,75,25,1510600
NIFTY-II.NFO,19/08/2024,09:43:54,24760.55,24760,125,24762.45,250,50,1510600
NIFTY-II.NFO,19/08/2024,09:43:56,24760,24760,125,24762.4,275,25,1510600
NIFTY-II.NFO,19/08/2024,09:43:58,24760,24757.95,350,24761.9,125,125,1510600
NIFTY-II.NFO,19/08/2024,09:43:59,24763,24759,100,24763,25,125,1510600
NIFTY-II.NFO,19/08/2024,09:44:01,24763,24759.35,175,24763,25,0,1510600
NIFTY-II.NFO,19/08/2024,09:44:03,24763,24759.7,100,24763,25,50,1510600
NIFTY-II.NFO,19/08/2024,09:44:04,24760.3,24760.3,100,24763,25,50,1510600
NIFTY-II.NFO,19/08/2024,09:44:06,24760.3,24759.95,175,24763,650,0,1510600
NIFTY-II.NFO,19/08/2024,09:44:08,24760.05,24760.05,175,24763,650,25,1510600
NIFTY-II.NFO,19/08/2024,09:44:09,24760.05,24759.55,500,24763,650,25,1510600
NIFTY-II.NFO,19/08/2024,09:44:11,24760.05,24759.8,550,24763,650,0,1510600
NIFTY-II.NFO,19/08/2024,09:44:12,24760.05,24759.85,75,24763,650,0,1510600
NIFTY-II.NFO,19/08/2024,09:44:14,24759.25,24759.4,50,24763,625,50,1510600
NIFTY-II.NFO,19/08/2024,09:44:16,24759.25,24759.55,50,24763,625,0,1510600
NIFTY-II.NFO,19/08/2024,09:44:17,24759.25,24762.7,25,24763,625,0,1510600
NIFTY-II.NFO,19/08/2024,09:44:19,24763.95,24763.8,125,24765,50,725,1510600
NIFTY-II.NFO,19/08/2024,09:44:21,24763.95,24762.1,125,24765,50,0,1510600
NIFTY-II.NFO,19/08/2024,09:44:22,24763.95,24762.2,50,24765,50,0,1510600
NIFTY-II.NFO,19/08/2024,09:44:24,24763.95,24763.3,50,24765,50,0,1510600
NIFTY-II.NFO,19/08/2024,09:44:26,24763.95,24763.15,125,24765,50,0,1510600
NIFTY-II.NFO,19/08/2024,09:44:27,24764,24763.45,50,24765,50,25,1510600
NIFTY-II.NFO,19/08/2024,09:44:29,24764.95,24764,25,24765,50,25,1510600
NIFTY-II.NFO,19/08/2024,09:44:31,24764.95,24764.05,25,24765,50,0,1510600
NIFTY-II.NFO,19/08/2024,09:44:32,24764,24764,175,24765,50,100,1510600
NIFTY-II.NFO,19/08/2024,09:44:34,24763.95,24763.45,50,24764.95,100,200,1510600
NIFTY-II.NFO,19/08/2024,09:44:35,24763.45,24762.15,50,24764.45,150,75,1510600
NIFTY-II.NFO,19/08/2024,09:44:37,24764,24762.15,50,24763.95,50,150,1510600
NIFTY-II.NFO,19/08/2024,09:44:39,24762.15,24760.05,100,24764.35,50,75,1510600
NIFTY-II.NFO,19/08/2024,09:44:40,24760.05,24760.05,75,24763.5,50,25,1510600
NIFTY-II.NFO,19/08/2024,09:44:42,24763.55,24760.05,75,24762.55,275,275,1510600
NIFTY-II.NFO,19/08/2024,09:44:44,24763.55,24760.05,75,24762.1,125,0,1510600
NIFTY-II.NFO,19/08/2024,09:44:45,24760.05,24759.25,25,24761.95,125,75,1510600
NIFTY-II.NFO,19/08/2024,09:44:47,24760.05,24759.25,25,24761.2,225,0,1510600
NIFTY-II.NFO,19/08/2024,09:44:49,24760.05,24759.25,25,24762.5,250,0,1510600
NIFTY-II.NFO,19/08/2024,09:44:50,24760,24759.25,25,24761.85,225,50,1510600
NIFTY-II.NFO,19/08/2024,09:44:52,24759.25,24758,75,24760.65,100,25,1510600
NIFTY-II.NFO,19/08/2024,09:44:54,24759.25,24758,75,24761.05,225,0,1510600
NIFTY-II.NFO,19/08/2024,09:44:55,24759.25,24758,75,24761.65,25,0,1510600
NIFTY-II.NFO,19/08/2024,09:44:57,24761.35,24758,75,24761.4,150,75,1510600
NIFTY-II.NFO,19/08/2024,09:44:59,24761.35,24758,75,24760.65,150,0,1510600
NIFTY-II.NFO,19/08/2024,09:45:00,24761.25,24758,75,24761.55,125,100,1510600
NIFTY-II.NFO,19/08/2024,09:45:02,24758,24758,50,24760.25,50,25,1510600
NIFTY-II.NFO,19/08/2024,09:45:04,24758,24758,50,24760.65,50,0,1510600
NIFTY-II.NFO,19/08/2024,09:45:05,24758,24758,50,24759.4,125,0,1510600
NIFTY-II.NFO,19/08/2024,09:45:07,24758,24755.05,100,24759.35,50,50,1510600
NIFTY-II.NFO,19/08/2024,09:45:09,24758,24755.05,100,24759.6,50,25,1510600
NIFTY-II.NFO,19/08/2024,09:45:10,24758,24755.3,175,24760.2,50,0,1510600
NIFTY-II.NFO,19/08/2024,09:45:12,24758,24755.55,100,24760.2,50,0,1510600
NIFTY-II.NFO,19/08/2024,09:45:14,24759.5,24755,50,24759.5,250,25,1510600
NIFTY-II.NFO,19/08/2024,09:45:15,24758.75,24755.05,100,24759.55,125,50,1510600
NIFTY-II.NFO,19/08/2024,09:45:17,24756,24756,75,24760.75,100,150,1510600
NIFTY-II.NFO,19/08/2024,09:45:19,24756,24757.8,150,24761.35,25,0,1510600
NIFTY-II.NFO,19/08/2024,09:45:20,24756,24758.1,75,24761.35,25,0,1510600
NIFTY-II.NFO,19/08/2024,09:45:22,24756,24756.4,350,24760.4,100,0,1510600
NIFTY-II.NFO,19/08/2024,09:45:24,24756,24756.05,75,24760.5,100,0,1510600
NIFTY-II.NFO,19/08/2024,09:45:25,24756,24758.3,75,24761.35,25,0,1510600
NIFTY-II.NFO,19/08/2024,09:45:27,24758,24757.15,75,24761.35,25,25,1510600
NIFTY-II.NFO,19/08/2024,09:45:29,24758,24758.55,75,24761.35,25,0,1510600
NIFTY-II.NFO,19/08/2024,09:45:30,24761.35,24759,125,24763,75,400,1510600
NIFTY-II.NFO,19/08/2024,09:45:32,24761.35,24760.95,125,24763,75,0,1510600
NIFTY-II.NFO,19/08/2024,09:45:34,24763,24762.95,125,24765,375,75,1510600
NIFTY-II.NFO,19/08/2024,09:45:35,24764.75,24764.5,25,24765,375,75,1510600
NIFTY-II.NFO,19/08/2024,09:45:37,24764.75,24761.45,50,24765,375,0,1510600
NIFTY-II.NFO,19/08/2024,09:45:39,24764.75,24761,250,24765,375,0,1510600
NIFTY-II.NFO,19/08/2024,09:45:40,24761.3,24760.75,325,24765,375,50,1511650
NIFTY-II.NFO,19/08/2024,09:45:42,24761.3,24761.25,250,24765,375,0,1511650
NIFTY-II.NFO,19/08/2024,09:45:43,24761.3,24760.5,250,24765,375,0,1511650
NIFTY-II.NFO,19/08/2024,09:45:45,24765,24760.5,325,24765,350,25,1511650
NIFTY-II.NFO,19/08/2024,09:45:47,24765,24758.5,425,24763.6,100,0,1511650
NIFTY-II.NFO,19/08/2024,09:45:48,24765,24759.75,125,24765,350,0,1511650
NIFTY-II.NFO,19/08/2024,09:45:50,24765,24759.65,125,24764.95,25,0,1511650
NIFTY-II.NFO,19/08/2024,09:45:52,24765,24759.6,125,24764.9,100,0,1511650
NIFTY-II.NFO,19/08/2024,09:45:53,24765,24760,100,24764.6,100,0,1511650
NIFTY-II.NFO,19/08/2024,09:45:55,24765,24760,100,24764.8,100,0,1511650
NIFTY-II.NFO,19/08/2024,09:45:57,24764.7,24760.5,25,24764.75,100,50,1511650
NIFTY-II.NFO,19/08/2024,09:45:58,24759.4,24760.25,50,24765,325,700,1511650
NIFTY-II.NFO,19/08/2024,09:46:00,24765,24761.15,125,24765,300,25,1511650
NIFTY-II.NFO,19/08/2024,09:46:02,24765,24761.35,50,24765,300,0,1511650
NIFTY-II.NFO,19/08/2024,09:46:03,24765,24764.55,50,24765,325,0,1511650
NIFTY-II.NFO,19/08/2024,09:46:05,24764.55,24764.55,100,24767,50,375,1511650
NIFTY-II.NFO,19/08/2024,09:46:07,24767,24764.95,100,24767.65,50,75,1511650
NIFTY-II.NFO,19/08/2024,09:46:08,24766,24766.2,100,24767.65,50,25,1511650
NIFTY-II.NFO,19/08/2024,09:46:10,24767.7,24767.6,25,24767.7,75,100,1511650
NIFTY-II.NFO,19/08/2024,09:46:12,24769,24766.55,100,24770,325,275,1511650
NIFTY-II.NFO,19/08/2024,09:46:13,24770,24766.75,450,24770,250,375,1511650
NIFTY-II.NFO,19/08/2024,09:46:15,24770,24767.25,475,24770,250,0,1511650
NIFTY-II.NFO,19/08/2024,09:46:16,24766.85,24765.45,25,24769,25,25,1511650
NIFTY-II.NFO,19/08/2024,09:46:18,24765.5,24765.75,350,24769,25,25,1511650
NIFTY-II.NFO,19/08/2024,09:46:20,24765.5,24765.75,425,24769,25,0,1511650
NIFTY-II.NFO,19/08/2024,09:46:21,24769,24766.45,25,24770,250,25,1511650
NIFTY-II.NFO,19/08/2024,09:46:23,24770,24765.5,25,24769.95,100,50,1511650
NIFTY-II.NFO,19/08/2024,09:46:25,24770,24765.5,25,24768.6,175,0,1511650
NIFTY-II.NFO,19/08/2024,09:46:27,24770,24765.5,25,24769.15,100,0,1511650
NIFTY-II.NFO,19/08/2024,09:46:28,24770,24765.5,25,24769.95,100,0,1511650
NIFTY-II.NFO,19/08/2024,09:46:30,24770,24765.8,350,24769.95,175,0,1511650
NIFTY-II.NFO,19/08/2024,09:46:32,24770,24765.5,25,24769.65,175,0,1511650
NIFTY-II.NFO,19/08/2024,09:46:33,24770,24766.5,375,24770,200,0,1511650
NIFTY-II.NFO,19/08/2024,09:46:35,24770,24766.25,325,24770,150,50,1511650
NIFTY-II.NFO,19/08/2024,09:46:37,24770,24766,300,24770,150,0,1511650
NIFTY-II.NFO,19/08/2024,09:46:38,24770,24765.85,25,24769.95,175,0,1511650
NIFTY-II.NFO,19/08/2024,09:46:40,24770,24765.85,25,24769.95,100,100,1511650
NIFTY-II.NFO,19/08/2024,09:46:42,24770,24765.85,25,24770,75,0,1511650
NIFTY-II.NFO,19/08/2024,09:46:43,24770,24769.05,25,24769.95,100,0,1511650
NIFTY-II.NFO,19/08/2024,09:46:45,24770,24769.05,25,24770,75,0,1511650
NIFTY-II.NFO,19/08/2024,09:46:47,24770,24766.25,25,24770,275,125,1511650
NIFTY-II.NFO,19/08/2024,09:46:48,24770,24766.25,25,24770,500,0,1511650
NIFTY-II.NFO,19/08/2024,09:46:50,24770,24765.5,25,24769.25,225,0,1511650
NIFTY-II.NFO,19/08/2024,09:46:51,24769.75,24765.5,375,24769.85,125,50,1511650
NIFTY-II.NFO,19/08/2024,09:46:53,24769.75,24765.55,25,24769.55,100,0,1511650
NIFTY-II.NFO,19/08/2024,09:46:55,24765.55,24765.5,25,24769.65,100,25,1511650
NIFTY-II.NFO,19/08/2024,09:46:56,24765.55,24765.5,25,24769.95,100,0,1511650
NIFTY-II.NFO,19/08/2024,09:46:58,24765.55,24765.8,50,24770,525,0,1511650
NIFTY-II.NFO,19/08/2024,09:47:00,24769.95,24765.55,75,24770,500,50,1511650
NIFTY-II.NFO,19/08/2024,09:47:01,24769.95,24766.05,75,24770,500,0,1511650
NIFTY-II.NFO,19/08/2024,09:47:03,24769.05,24766.05,75,24770,500,25,1511650
NIFTY-II.NFO,19/08/2024,09:47:04,24769.95,24766,50,24769.65,175,25,1511650
NIFTY-II.NFO,19/08/2024,09:47:06,24769.95,24766,50,24769.6,175,0,1511650
NIFTY-II.NFO,19/08/2024,09:47:09,24766,24766,25,24769.55,100,25,1511650
NIFTY-II.NFO,19/08/2024,09:47:11,24766,24766,25,24769.05,175,0,1511650
NIFTY-II.NFO,19/08/2024,09:47:13,24766,24766,25,24770,525,0,1511650
NIFTY-II.NFO,19/08/2024,09:47:14,24769.95,24766,25,24769.6,150,50,1511650
NIFTY-II.NFO,19/08/2024,09:47:16,24769.95,24766,50,24768.8,150,0,1511650
NIFTY-II.NFO,19/08/2024,09:47:18,24769.95,24766,50,24768.45,150,0,1511650
NIFTY-II.NFO,19/08/2024,09:47:19,24769.95,24766,50,24768.35,75,0,1511650
NIFTY-II.NFO,19/08/2024,09:47:21,24765.55,24765.55,50,24767.3,75,125,1511650
NIFTY-II.NFO,19/08/2024,09:47:22,24765.55,24765.55,50,24767.25,150,0,1511650
NIFTY-II.NFO,19/08/2024,09:47:24,24765.55,24765.55,50,24766,25,0,1511650
NIFTY-II.NFO,19/08/2024,09:47:26,24765.5,24761.85,100,24766.4,75,100,1511650
NIFTY-II.NFO,19/08/2024,09:47:27,24765.5,24762.05,100,24766.2,125,0,1511650
NIFTY-II.NFO,19/08/2024,09:47:29,24764.9,24760.45,100,24764.85,50,25,1511650
NIFTY-II.NFO,19/08/2024,09:47:31,24761.05,24760.2,100,24764.65,125,50,1511650
NIFTY-II.NFO,19/08/2024,09:47:32,24761.05,24760.45,100,24764.65,125,0,1511650
NIFTY-II.NFO,19/08/2024,09:47:34,24761.05,24760,50,24763.3,125,0,1511650
NIFTY-II.NFO,19/08/2024,09:47:36,24761.05,24760,50,24762.8,125,0,1511650
NIFTY-II.NFO,19/08/2024,09:47:37,24761.05,24760,50,24763.4,150,0,1511650
NIFTY-II.NFO,19/08/2024,09:47:39,24760,24757.75,100,24761.05,25,50,1511650
NIFTY-II.NFO,19/08/2024,09:47:41,24761,24756.8,100,24761,100,25,1511650
NIFTY-II.NFO,19/08/2024,09:47:42,24761,24760,50,24761.05,100,0,1511650
NIFTY-II.NFO,19/08/2024,09:47:44,24761.05,24760,25,24762,125,50,1511650
NIFTY-II.NFO,19/08/2024,09:47:46,24761.05,24760,25,24760.75,125,0,1511650
NIFTY-II.NFO,19/08/2024,09:47:47,24759.5,24756,75,24759.5,100,50,1511650
NIFTY-II.NFO,19/08/2024,09:47:49,24756,24755,25,24758.35,125,75,1511650
NIFTY-II.NFO,19/08/2024,09:47:51,24756,24755.05,100,24758.35,50,0,1511650
NIFTY-II.NFO,19/08/2024,09:47:52,24756,24755.55,75,24759.35,50,0,1511650
NIFTY-II.NFO,19/08/2024,09:47:54,24759.5,24756,25,24759.5,100,25,1511650
NIFTY-II.NFO,19/08/2024,09:47:56,24759,24756,25,24758.95,125,50,1511650
NIFTY-II.NFO,19/08/2024,09:47:57,24759,24756,25,24759.65,150,0,1511650
NIFTY-II.NFO,19/08/2024,09:47:59,24759,24756,25,24758.55,150,0,1511650
NIFTY-II.NFO,19/08/2024,09:48:01,24759,24755.05,450,24760,150,50,1511650
NIFTY-II.NFO,19/08/2024,09:48:02,24759,24755.85,150,24760,75,0,1511650
NIFTY-II.NFO,19/08/2024,09:48:04,24759,24756.05,100,24760,75,0,1511650
NIFTY-II.NFO,19/08/2024,09:48:06,24759,24755,25,24758.8,150,0,1511650
NIFTY-II.NFO,19/08/2024,09:48:07,24759,24755,375,24759.65,150,0,1511650
NIFTY-II.NFO,19/08/2024,09:48:09,24759,24755,25,24758.7,125,0,1511650
NIFTY-II.NFO,19/08/2024,09:48:10,24759,24755,75,24758.45,75,0,1511650
NIFTY-II.NFO,19/08/2024,09:48:12,24759,24756,50,24758,150,0,1511650
NIFTY-II.NFO,19/08/2024,09:48:14,24755,24754,350,24758.25,75,125,1511650
NIFTY-II.NFO,19/08/2024,09:48:15,24754,24754.4,100,24758.75,125,25,1511650
NIFTY-II.NFO,19/08/2024,09:48:17,24754,24753.4,350,24757.7,150,0,1511650
NIFTY-II.NFO,19/08/2024,09:48:19,24754,24752.6,350,24756.9,150,0,1511650
NIFTY-II.NFO,19/08/2024,09:48:20,24754,24752,25,24754.15,150,0,1511650
NIFTY-II.NFO,19/08/2024,09:48:22,24754.15,24751,25,24754.15,125,50,1511650
NIFTY-II.NFO,19/08/2024,09:48:24,24754.15,24751,25,24754.15,125,0,1511650
NIFTY-II.NFO,19/08/2024,09:48:25,24754.15,24751.05,100,24754.15,125,0,1511650
NIFTY-II.NFO,19/08/2024,09:48:27,24754.15,24751.85,150,24754.15,125,0,1511650
NIFTY-II.NFO,19/08/2024,09:48:29,24754.15,24751,25,24752.8,50,0,1511650
NIFTY-II.NFO,19/08/2024,09:48:30,24750.05,24751.2,100,24754.15,125,50,1511650
NIFTY-II.NFO,19/08/2024,09:48:32,24750.05,24752.9,100,24754.15,125,0,1511650
NIFTY-II.NFO,19/08/2024,09:48:34,24754.15,24754.75,350,24759.45,75,125,1511650
NIFTY-II.NFO,19/08/2024,09:48:35,24759.95,24755.45,50,24759.95,50,25,1511650
NIFTY-II.NFO,19/08/2024,09:48:37,24756.6,24756.55,50,24760,25,25,1512400
NIFTY-II.NFO,19/08/2024,09:48:39,24756.6,24756.25,50,24760,25,0,1512400
NIFTY-II.NFO,19/08/2024,09:48:40,24756,24755.05,350,24759.65,175,50,1512400
NIFTY-II.NFO,19/08/2024,09:48:42,24755.05,24755,1800,24759.6,75,100,1512400
NIFTY-II.NFO,19/08/2024,09:48:44,24755.05,24755.05,100,24756.55,25,0,1512400
NIFTY-II.NFO,19/08/2024,09:48:45,24756.55,24756.6,50,24760,25,50,1512400
NIFTY-II.NFO,19/08/2024,09:48:47,24756.55,24756,350,24760,25,0,1512400
NIFTY-II.NFO,19/08/2024,09:48:49,24756.55,24756.45,100,24760,25,0,1512400
NIFTY-II.NFO,19/08/2024,09:48:51,24756.55,24756.15,100,24760,25,0,1512400
NIFTY-II.NFO,19/08/2024,09:48:52,24756.55,24756.35,150,24759.6,50,0,1512400
NIFTY-II.NFO,19/08/2024,09:48:54,24759,24756.05,100,24759.6,50,25,1512400
NIFTY-II.NFO,19/08/2024,09:48:56,24761,24757.25,150,24760.3,25,250,1512400
NIFTY-II.NFO,19/08/2024,09:48:57,24761,24759.3,100,24761,25,0,1512400
NIFTY-II.NFO,19/08/2024,09:48:59,24761,24759.95,50,24761,25,0,1512400
NIFTY-II.NFO,19/08/2024,09:49:00,24761,24763.35,50,24765,25,25,1512400
NIFTY-II.NFO,19/08/2024,09:49:02,24765,24763.2,50,24767.8,25,50,1512400
NIFTY-II.NFO,19/08/2024,09:49:04,24765,24763.15,50,24767.8,25,0,1512400
NIFTY-II.NFO,19/08/2024,09:49:05,24763.15,24761.6,350,24767.2,100,50,1512400
NIFTY-II.NFO,19/08/2024,09:49:07,24763.15,24760.3,350,24764.95,100,0,1512400
NIFTY-II.NFO,19/08/2024,09:49:09,24759.6,24757.25,350,24761.65,25,75,1512400
NIFTY-II.NFO,19/08/2024,09:49:10,24759.6,24757.25,350,24761.2,25,0,1512400
NIFTY-II.NFO,19/08/2024,09:49:12,24759.6,24757.1,350,24761.55,25,0,1512400
NIFTY-II.NFO,19/08/2024,09:49:14,24759.6,24756.55,125,24760.05,25,0,1512400
NIFTY-II.NFO,19/08/2024,09:49:15,24759.6,24756.55,125,24758.65,25,0,1512400
NIFTY-II.NFO,19/08/2024,09:49:17,24759.6,24756.55,125,24758.6,100,0,1512400
NIFTY-II.NFO,19/08/2024,09:49:18,24758.6,24756.55,125,24758.6,75,25,1512400
NIFTY-II.NFO,19/08/2024,09:49:20,24758.6,24756.55,125,24759.6,125,0,1512400
NIFTY-II.NFO,19/08/2024,09:49:22,24759,24757,1800,24758.75,25,100,1512400
NIFTY-II.NFO,19/08/2024,09:49:23,24759,24757,1800,24759.35,25,0,1512400
NIFTY-II.NFO,19/08/2024,09:49:25,24759,24759.6,75,24760,25,0,1512400
NIFTY-II.NFO,19/08/2024,09:49:27,24759.6,24759,25,24759.6,25,75,1512400
NIFTY-II.NFO,19/08/2024,09:49:28,24759,24758.6,25,24759.6,150,25,1512400
NIFTY-II.NFO,19/08/2024,09:49:30,24758,24757,1800,24758.9,200,50,1512400
NIFTY-II.NFO,19/08/2024,09:49:32,24758,24757,1800,24759.55,225,0,1512400
NIFTY-II.NFO,19/08/2024,09:49:33,24758,24757,1800,24759.65,100,0,1512400
NIFTY-II.NFO,19/08/2024,09:49:35,24758,24757,1800,24758.95,200,0,1512400
NIFTY-II.NFO,19/08/2024,09:49:37,24757,24757,1775,24758.2,200,25,1512400
NIFTY-II.NFO,19/08/2024,09:49:38,24758.2,24757,1775,24758.35,75,25,1512400
NIFTY-II.NFO,19/08/2024,09:49:40,24757,24757,1750,24757.85,200,25,1512400
NIFTY-II.NFO,19/08/2024,09:49:41,24756.55,24755.1,125,24756.55,175,1775,1512400
NIFTY-II.NFO,19/08/2024,09:49:43,24756.55,24755.1,125,24756.05,25,0,1512400
NIFTY-II.NFO,19/08/2024,09:49:45,24751.65,24751.8,100,24756.05,25,200,1512400
NIFTY-II.NFO,19/08/2024,09:49:46,24751.65,24751.8,100,24755.85,225,0,1512400
NIFTY-II.NFO,19/08/2024,09:49:48,24755.85,24750.4,100,24754.9,150,50,1512400
NIFTY-II.NFO,19/08/2024,09:49:50,24755.85,24750.35,350,24754.25,50,0,1512400
NIFTY-II.NFO,19/08/2024,09:49:51,24750.15,24748.3,100,24750.95,50,525,1512400
NIFTY-II.NFO,19/08/2024,09:49:53,24753.1,24748.45,100,24753.1,25,175,1512400
NIFTY-II.NFO,19/08/2024,09:49:55,24753.1,24749.4,100,24753.75,100,0,1512400
NIFTY-II.NFO,19/08/2024,09:49:56,24753.1,24749.4,100,24753.65,100,0,1512400
NIFTY-II.NFO,19/08/2024,09:49:58,24753.1,24750,100,24753.75,25,0,1512400
NIFTY-II.NFO,19/08/2024,09:49:59,24753.1,24748.4,100,24752.4,175,0,1512400
NIFTY-II.NFO,19/08/2024,09:50:01,24753.1,24748.05,100,24752.6,125,0,1512400
NIFTY-II.NFO,19/08/2024,09:50:03,24753.1,24748.2,100,24752.5,125,0,1512400
NIFTY-II.NFO,19/08/2024,09:50:04,24752.15,24748.05,100,24752.65,125,25,1512400
NIFTY-II.NFO,19/08/2024,09:50:06,24752.15,24747.4,100,24752.05,175,0,1512400
NIFTY-II.NFO,19/08/2024,09:50:07,24747.7,24747.85,225,24752.3,25,25,1512400
NIFTY-II.NFO,19/08/2024,09:50:09,24747.6,24747.6,100,24752.25,125,25,1512400
NIFTY-II.NFO,19/08/2024,09:50:11,24747.6,24748,100,24752.3,25,0,1512400
NIFTY-II.NFO,19/08/2024,09:50:12,24747.6,24747.2,100,24751.45,75,0,1512400
NIFTY-II.NFO,19/08/2024,09:50:14,24747.6,24747.4,450,24751.9,50,0,1512400
NIFTY-II.NFO,19/08/2024,09:50:16,24747.6,24747.65,450,24752.2,75,0,1512400
NIFTY-II.NFO,19/08/2024,09:50:17,24747.6,24749.7,150,24754.45,25,0,1512400
NIFTY-II.NFO,19/08/2024,09:50:19,24747.6,24749.3,100,24753.9,175,0,1512400
NIFTY-II.NFO,19/08/2024,09:50:21,24747.6,24749.05,100,24753.35,125,0,1512400
NIFTY-II.NFO,19/08/2024,09:50:22,24753.8,24748.75,450,24753.5,150,125,1512400
NIFTY-II.NFO,19/08/2024,09:50:24,24753.8,24749.3,100,24753.95,125,0,1512400
NIFTY-II.NFO,19/08/2024,09:50:25,24753.8,24748.9,100,24753.7,125,0,1512400
NIFTY-II.NFO,19/08/2024,09:50:27,24753.8,24748.9,100,24753.65,200,0,1512400
NIFTY-II.NFO,19/08/2024,09:50:29,24753.8,24747.55,100,24752.05,325,0,1512400
NIFTY-II.NFO,19/08/2024,09:50:30,24753.8,24747.7,350,24751.95,150,0,1512400
NIFTY-II.NFO,19/08/2024,09:50:32,24751.95,24747.15,100,24751.85,125,25,1512400
NIFTY-II.NFO,19/08/2024,09:50:33,24751.95,24745.95,350,24750.35,125,0,1512400
NIFTY-II.NFO,19/08/2024,09:50:35,24751.95,24745.4,350,24749.75,125,0,1512400
NIFTY-II.NFO,19/08/2024,09:50:36,24751.95,24745.65,100,24750.3,50,0,1512400
NIFTY-II.NFO,19/08/2024,09:50:38,24751.95,24745.6,100,24750.3,50,0,1512400
NIFTY-II.NFO,19/08/2024,09:50:40,24751.95,24745,100,24748.35,125,0,1512400
NIFTY-II.NFO,19/08/2024,09:50:41,24745,24743.85,175,24748.9,50,125,1512400
NIFTY-II.NFO,19/08/2024,09:50:43,24745,24743.2,100,24747.95,25,0,1512400
NIFTY-II.NFO,19/08/2024,09:50:44,24747,24743.2,25,24747,100,50,1512400
NIFTY-II.NFO,19/08/2024,09:50:46,24743.2,24743.2,25,24745.9,100,50,1512400
NIFTY-II.NFO,19/08/2024,09:50:48,24741,24740.05,100,24743.95,25,100,1512400
NIFTY-II.NFO,19/08/2024,09:50:49,24741,24741.45,175,24745.95,25,0,1512400
NIFTY-II.NFO,19/08/2024,09:50:51,24741,24743.85,175,24747,100,0,1512400
NIFTY-II.NFO,19/08/2024,09:50:53,24744.3,24745.15,150,24747,100,100,1512400
NIFTY-II.NFO,19/08/2024,09:50:54,24747,24744.35,75,24747,75,100,1512400
NIFTY-II.NFO,19/08/2024,09:50:56,24742.85,24742.75,50,24747,75,25,1512400
NIFTY-II.NFO,19/08/2024,09:50:58,24742.85,24742.1,75,24746.95,175,25,1512400
NIFTY-II.NFO,19/08/2024,09:51:00,24742.85,24740.3,25,24744.9,25,0,1512400
NIFTY-II.NFO,19/08/2024,09:51:01,24742.85,24742.9,100,24747,75,25,1512400
NIFTY-II.NFO,19/08/2024,09:51:03,24742.85,24742.9,25,24747,75,0,1512400
NIFTY-II.NFO,19/08/2024,09:51:05,24742.85,24743.1,25,24747,75,0,1512400
NIFTY-II.NFO,19/08/2024,09:51:06,24743.05,24743.8,125,24747,75,50,1512400
NIFTY-II.NFO,19/08/2024,09:51:08,24743.05,24743.95,125,24747,75,0,1512400
NIFTY-II.NFO,19/08/2024,09:51:10,24747,24745,50,24747,50,25,1512400
NIFTY-II.NFO,19/08/2024,09:51:11,24744.25,24744,50,24747,50,50,1512400
NIFTY-II.NFO,19/08/2024,09:51:13,24744.25,24744.5,100,24747,50,0,1512400
NIFTY-II.NFO,19/08/2024,09:51:15,24744.25,24743.6,250,24747,50,0,1512400
NIFTY-II.NFO,19/08/2024,09:51:16,24744.25,24740.35,350,24745.4,150,0,1512400
NIFTY-II.NFO,19/08/2024,09:51:18,24744.25,24740,50,24742.7,100,50,1512400
NIFTY-II.NFO,19/08/2024,09:51:20,24740,24735,175,24739.3,100,50,1512400
NIFTY-II.NFO,19/08/2024,09:51:21,24740.05,24737.9,50,24742.2,100,50,1512400
