Ticker,Date,Time,LTP,BuyPrice,BuyQty,SellPrice,SellQty,LTQ,OpenInterest
BANKNIFTY-II.NFO,10/01/2025,09:15:01,50150,50022.8,120,50079.8,120,30,591660
BANKNIFTY-II.NFO,10/01/2025,09:15:01,50150,50022.8,120,50079.8,120,0,591660
BANKNIFTY-II.NFO,10/01/2025,09:15:01,50150,50022.8,120,50079.8,120,0,591660
BANKNIFTY-II.NFO,10/01/2025,09:15:01,50150,50022.8,120,50079.8,120,0,591660
BANKNIFTY-II.NFO,10/01/2025,09:15:03,50025.4,50028.05,60,50075,120,60,591660
BANKNIFTY-II.NFO,10/01/2025,09:15:03,50025.4,50028.05,60,50075,120,0,591660
BANKNIFTY-II.NFO,10/01/2025,09:15:04,50025.4,50036.85,60,50063.85,120,0,591660
BANKNIFTY-II.NFO,10/01/2025,09:15:06,50025.4,50027.4,60,50046.95,120,0,591660
BANKNIFTY-II.NFO,10/01/2025,09:15:07,50028,50020.05,60,50046.85,120,180,591660
BANKNIFTY-II.NFO,10/01/2025,09:15:09,50016,50022.3,150,50046.85,120,240,591660
BANKNIFTY-II.NFO,10/01/2025,09:15:09,50016,50022.3,150,50046.85,120,0,591660
BANKNIFTY-II.NFO,10/01/2025,09:15:11,50024.25,50020.85,120,50044.45,150,30,591660
BANKNIFTY-II.NFO,10/01/2025,09:15:12,50058.9,50030.4,90,50059.75,120,150,591660
BANKNIFTY-II.NFO,10/01/2025,09:15:14,50058.9,50020.1,90,50054.1,120,0,591660
BANKNIFTY-II.NFO,10/01/2025,09:15:15,50058.9,50000.05,90,50029.65,120,0,591660
BANKNIFTY-II.NFO,10/01/2025,09:15:17,50058.9,50000.05,90,50022.5,120,0,591660
BANKNIFTY-II.NFO,10/01/2025,09:15:18,50014.5,50000.05,120,50014.5,120,30,591660
BANKNIFTY-II.NFO,10/01/2025,09:15:18,50014.5,50000.05,120,50014.5,120,0,591660
BANKNIFTY-II.NFO,10/01/2025,09:15:20,50014.5,50000,120,50009.55,120,0,591660
BANKNIFTY-II.NFO,10/01/2025,09:15:22,50009.55,49980.95,120,49999.2,60,180,591810
BANKNIFTY-II.NFO,10/01/2025,09:15:22,50000,49980.95,120,49999.2,60,0,591810
BANKNIFTY-II.NFO,10/01/2025,09:15:23,49987.75,49991.05,120,50020.6,120,150,591810
BANKNIFTY-II.NFO,10/01/2025,09:15:23,49986.55,49991.05,120,50020.6,120,0,591810
BANKNIFTY-II.NFO,10/01/2025,09:15:25,49987.75,49992.1,120,50020.05,120,0,591810
BANKNIFTY-II.NFO,10/01/2025,09:15:27,49987.75,49982.2,120,50002.05,120,0,591810
BANKNIFTY-II.NFO,10/01/2025,09:15:28,49987.75,49973.05,120,49998.15,120,0,591810
BANKNIFTY-II.NFO,10/01/2025,09:15:30,49987.75,49964.1,240,49991.2,30,120,591810
BANKNIFTY-II.NFO,10/01/2025,09:15:31,49984.85,49965.15,120,49984.8,60,60,591810
BANKNIFTY-II.NFO,10/01/2025,09:15:31,49984.85,49965.15,120,49984.8,60,0,591810
BANKNIFTY-II.NFO,10/01/2025,09:15:33,49984.8,49963,120,49985.35,30,30,591810
BANKNIFTY-II.NFO,10/01/2025,09:15:33,49984.8,49963,120,49985.35,30,0,591810
BANKNIFTY-II.NFO,10/01/2025,09:15:35,49985.35,49968.65,120,49985.2,30,30,591810
BANKNIFTY-II.NFO,10/01/2025,09:15:36,49978.2,49966.95,120,49994.4,90,120,591810
BANKNIFTY-II.NFO,10/01/2025,09:15:36,49978.2,49966.95,120,49994.4,90,0,591810
BANKNIFTY-II.NFO,10/01/2025,09:15:38,49978.2,49964.95,150,49983.35,30,0,591810
BANKNIFTY-II.NFO,10/01/2025,09:15:39,49985.45,49958.5,150,49982.85,60,60,591810
BANKNIFTY-II.NFO,10/01/2025,09:15:41,49982.85,49964.3,150,49982.9,30,30,591810
BANKNIFTY-II.NFO,10/01/2025,09:15:43,49965.15,49958.6,150,49983.6,30,30,591810
BANKNIFTY-II.NFO,10/01/2025,09:15:43,49965.15,49958.6,150,49983.6,30,0,591810
BANKNIFTY-II.NFO,10/01/2025,09:15:44,49979.05,49972.4,30,49984.7,30,180,591810
BANKNIFTY-II.NFO,10/01/2025,09:15:44,49956.95,49972.4,30,49984.7,30,0,591810
BANKNIFTY-II.NFO,10/01/2025,09:15:46,49959.35,49959.55,150,49983.25,30,150,591810
BANKNIFTY-II.NFO,10/01/2025,09:15:47,49959.35,49961.7,150,49982.05,30,0,591810
BANKNIFTY-II.NFO,10/01/2025,09:15:49,49959.35,49955.65,150,49980.15,150,0,591810
BANKNIFTY-II.NFO,10/01/2025,09:15:51,49959.35,49959.4,120,49979.95,30,0,591810
BANKNIFTY-II.NFO,10/01/2025,09:15:52,49959.35,49959.35,30,49971.4,30,0,591810
BANKNIFTY-II.NFO,10/01/2025,09:15:54,49961.1,49961.15,120,49971.4,30,30,591810
BANKNIFTY-II.NFO,10/01/2025,09:15:55,49961.15,49961.15,120,49971.4,30,30,591810
BANKNIFTY-II.NFO,10/01/2025,09:15:57,49971.55,49960.75,90,49984.35,120,150,591810
BANKNIFTY-II.NFO,10/01/2025,09:15:59,49971.55,49959.4,60,49979.4,120,0,591810
BANKNIFTY-II.NFO,10/01/2025,09:16:00,49971.55,49959.4,60,49977.55,120,0,591810
BANKNIFTY-II.NFO,10/01/2025,09:16:02,49959.35,49950,60,49970.2,120,60,591810
BANKNIFTY-II.NFO,10/01/2025,09:16:03,49950,49941.45,30,49958.4,120,60,591810
BANKNIFTY-II.NFO,10/01/2025,09:16:03,49950,49941.45,30,49958.4,120,0,591810
BANKNIFTY-II.NFO,10/01/2025,09:16:05,49949.1,49937,30,49949.1,90,120,591810
BANKNIFTY-II.NFO,10/01/2025,09:16:05,49941.45,49937,30,49949.1,90,0,591810
BANKNIFTY-II.NFO,10/01/2025,09:16:07,49945.5,49937,30,49942.7,60,150,591810
BANKNIFTY-II.NFO,10/01/2025,09:16:08,49937,49934.7,180,49962.8,60,150,591810
BANKNIFTY-II.NFO,10/01/2025,09:16:08,49937,49934.7,180,49962.8,60,0,591810
BANKNIFTY-II.NFO,10/01/2025,09:16:10,49937,49924.35,120,49950,120,0,591810
BANKNIFTY-II.NFO,10/01/2025,09:16:11,49937,49919.65,120,49945.7,60,0,591810
BANKNIFTY-II.NFO,10/01/2025,09:16:13,49937,49917,120,49940.5,60,0,591810
BANKNIFTY-II.NFO,10/01/2025,09:16:15,49939.9,49918.55,30,49924.95,120,60,591810
BANKNIFTY-II.NFO,10/01/2025,09:16:16,49916.95,49907.1,120,49931,30,60,591810
BANKNIFTY-II.NFO,10/01/2025,09:16:16,49916.95,49907.1,120,49931,30,0,591810
BANKNIFTY-II.NFO,10/01/2025,09:16:18,49916.95,49915.4,120,49934.45,30,0,591810
BANKNIFTY-II.NFO,10/01/2025,09:16:19,49913.15,49914.85,120,49938.5,60,30,591810
BANKNIFTY-II.NFO,10/01/2025,09:16:19,49913.15,49914.85,120,49938.5,60,0,591810
BANKNIFTY-II.NFO,10/01/2025,09:16:21,49905.05,49916.05,120,49933,60,60,591810
BANKNIFTY-II.NFO,10/01/2025,09:16:21,49905.05,49916.05,120,49933,60,0,591810
BANKNIFTY-II.NFO,10/01/2025,09:16:23,49936.85,49915.55,120,49936.85,30,90,591810
BANKNIFTY-II.NFO,10/01/2025,09:16:24,49915.95,49913.2,180,49936.85,30,30,591810
BANKNIFTY-II.NFO,10/01/2025,09:16:26,49936.95,49920.85,30,49936.9,30,60,591810
BANKNIFTY-II.NFO,10/01/2025,09:16:27,49937,49925.9,30,49944.9,30,60,591810
BANKNIFTY-II.NFO,10/01/2025,09:16:29,49925.7,49927.7,30,49947.8,120,30,591810
BANKNIFTY-II.NFO,10/01/2025,09:16:31,49925.7,49938.05,120,49964.95,60,0,591810
BANKNIFTY-II.NFO,10/01/2025,09:16:32,49938.05,49933.8,120,49960.15,30,30,591810
BANKNIFTY-II.NFO,10/01/2025,09:16:34,49938.05,49927.8,120,49952.35,30,0,591810
BANKNIFTY-II.NFO,10/01/2025,09:16:35,49938.05,49923.7,120,49948.05,60,0,591810
BANKNIFTY-II.NFO,10/01/2025,09:16:37,49938.05,49921.55,120,49940.85,30,0,591810
BANKNIFTY-II.NFO,10/01/2025,09:16:39,49946.45,49938.05,30,49956.85,30,30,591810
BANKNIFTY-II.NFO,10/01/2025,09:16:40,49946.45,49938.5,30,49951.3,120,0,591810
BANKNIFTY-II.NFO,10/01/2025,09:16:42,49946.45,49940.55,60,49949.45,30,30,591810
BANKNIFTY-II.NFO,10/01/2025,09:16:43,49941.5,49940,30,49947.75,30,60,591810
BANKNIFTY-II.NFO,10/01/2025,09:16:45,49938.05,49927.6,30,49944.15,30,270,591810
BANKNIFTY-II.NFO,10/01/2025,09:16:47,49926.45,49926.45,120,49943.65,30,30,591810
BANKNIFTY-II.NFO,10/01/2025,09:16:48,49926.45,49925.45,150,49944.4,30,0,591810
BANKNIFTY-II.NFO,10/01/2025,09:16:50,49942.15,49925.9,120,49945.3,30,30,591810
BANKNIFTY-II.NFO,10/01/2025,09:16:52,49942.15,49925.95,30,49943.1,150,0,591810
BANKNIFTY-II.NFO,10/01/2025,09:16:53,49942.75,49926,30,49941.2,120,90,591810
BANKNIFTY-II.NFO,10/01/2025,09:16:55,49942.75,49927.55,30,49939.7,120,0,591810
BANKNIFTY-II.NFO,10/01/2025,09:16:56,49939.25,49928.3,30,49937.85,30,30,591810
BANKNIFTY-II.NFO,10/01/2025,09:16:58,49937.9,49929.65,60,49936.6,60,90,591810
BANKNIFTY-II.NFO,10/01/2025,09:17:00,49930.8,49926.85,30,49935.25,120,30,591810
BANKNIFTY-II.NFO,10/01/2025,09:17:01,49926.75,49921.15,30,49933.2,150,30,591810
BANKNIFTY-II.NFO,10/01/2025,09:17:03,49926.75,49920,450,49926.8,90,0,591810
BANKNIFTY-II.NFO,10/01/2025,09:17:04,49920,49910,30,49918.05,30,450,591810
BANKNIFTY-II.NFO,10/01/2025,09:17:06,49902.55,49902,30,49914.9,30,150,591810
BANKNIFTY-II.NFO,10/01/2025,09:17:06,49902.55,49902,30,49914.9,30,0,591810
BANKNIFTY-II.NFO,10/01/2025,09:17:08,49924.3,49903.2,30,49914.45,120,360,591810
BANKNIFTY-II.NFO,10/01/2025,09:17:09,49904.75,49900,270,49904.3,60,150,591810
BANKNIFTY-II.NFO,10/01/2025,09:17:09,49900,49900,270,49904.3,60,0,591810
BANKNIFTY-II.NFO,10/01/2025,09:17:11,49889,49867.6,120,49887.2,90,390,591810
BANKNIFTY-II.NFO,10/01/2025,09:17:11,49889,49867.6,120,49887.2,90,0,591810
BANKNIFTY-II.NFO,10/01/2025,09:17:12,49889,49862.95,120,49882.55,30,0,591810
BANKNIFTY-II.NFO,10/01/2025,09:17:14,49897.1,49886.7,120,49909.9,120,180,591810
BANKNIFTY-II.NFO,10/01/2025,09:17:14,49882.5,49886.7,120,49909.9,120,0,591810
BANKNIFTY-II.NFO,10/01/2025,09:17:16,49884.4,49886.95,120,49899.95,60,90,591810
BANKNIFTY-II.NFO,10/01/2025,09:17:17,49884.4,49888.05,30,49896.1,90,0,591810
BANKNIFTY-II.NFO,10/01/2025,09:17:19,49893.5,49884.45,30,49893.55,60,60,591810
BANKNIFTY-II.NFO,10/01/2025,09:17:21,49893.5,49885.1,30,49893.55,60,0,591810
BANKNIFTY-II.NFO,10/01/2025,09:17:22,49893.55,49885.75,30,49899.85,30,30,591810
BANKNIFTY-II.NFO,10/01/2025,09:17:24,49893.55,49886.15,30,49896.6,30,0,591810
BANKNIFTY-II.NFO,10/01/2025,09:17:26,49884,49871,120,49891,30,90,591810
BANKNIFTY-II.NFO,10/01/2025,09:17:27,49884,49868.1,120,49888.8,30,0,591810
BANKNIFTY-II.NFO,10/01/2025,09:17:29,49888.85,49873.15,30,49886.5,120,60,591810
BANKNIFTY-II.NFO,10/01/2025,09:17:30,49888.85,49873.9,30,49883.4,120,0,591810
BANKNIFTY-II.NFO,10/01/2025,09:17:32,49882.8,49874.55,120,49888.5,30,90,591810
BANKNIFTY-II.NFO,10/01/2025,09:17:34,49875.05,49875.8,120,49891.35,30,30,591810
BANKNIFTY-II.NFO,10/01/2025,09:17:34,49875.05,49875.8,120,49891.35,30,0,591810
BANKNIFTY-II.NFO,10/01/2025,09:17:35,49891.3,49880.05,120,49899.95,30,60,591810
BANKNIFTY-II.NFO,10/01/2025,09:17:37,49900,49891.3,150,49900,30,60,591810
BANKNIFTY-II.NFO,10/01/2025,09:17:39,49891.3,49891.3,90,49900,30,90,591810
BANKNIFTY-II.NFO,10/01/2025,09:17:40,49891.3,49888.85,30,49899.05,60,90,591810
BANKNIFTY-II.NFO,10/01/2025,09:17:42,49880.05,49880.05,120,49896.4,120,300,591810
BANKNIFTY-II.NFO,10/01/2025,09:17:44,49884.35,49889.8,60,49899.75,30,30,591810
BANKNIFTY-II.NFO,10/01/2025,09:17:45,49898.65,49887.3,120,49899.95,30,30,591810
BANKNIFTY-II.NFO,10/01/2025,09:17:47,49898.65,49880.05,120,49897.15,120,0,591810
BANKNIFTY-II.NFO,10/01/2025,09:17:48,49898.65,49886.45,30,49896.3,60,0,591810
BANKNIFTY-II.NFO,10/01/2025,09:17:50,49898.65,49889,120,49896.3,60,0,591810
BANKNIFTY-II.NFO,10/01/2025,09:17:52,49891.9,49890.6,60,49899.95,60,180,591810
BANKNIFTY-II.NFO,10/01/2025,09:17:53,49891.9,49893.7,60,49899.8,60,0,591810
BANKNIFTY-II.NFO,10/01/2025,09:17:55,49891.9,49894.75,60,49899.8,60,0,591810
BANKNIFTY-II.NFO,10/01/2025,09:17:57,49894.85,49895.65,60,49899.95,60,60,591810
BANKNIFTY-II.NFO,10/01/2025,09:17:58,49900,49902.35,60,49916.6,120,90,591810
BANKNIFTY-II.NFO,10/01/2025,09:18:00,49900,49907.65,60,49921.75,120,0,591810
BANKNIFTY-II.NFO,10/01/2025,09:18:02,49933,49922.45,60,49941.95,120,30,591810
BANKNIFTY-II.NFO,10/01/2025,09:18:03,49933,49923.6,60,49938,120,0,591810
BANKNIFTY-II.NFO,10/01/2025,09:18:05,49933,49923.85,30,49937.8,120,0,591810
BANKNIFTY-II.NFO,10/01/2025,09:18:06,49924.2,49924.6,60,49938.2,30,30,591810
BANKNIFTY-II.NFO,10/01/2025,09:18:08,49924.2,49926.4,60,49940.75,30,0,591810
BANKNIFTY-II.NFO,10/01/2025,09:18:10,49924.2,49929.75,30,49940.45,30,0,591810
BANKNIFTY-II.NFO,10/01/2025,09:18:11,49924.2,49930.1,30,49939.95,60,0,591810
BANKNIFTY-II.NFO,10/01/2025,09:18:13,49925.6,49919,60,49937.3,150,90,591810
BANKNIFTY-II.NFO,10/01/2025,09:18:15,49925.6,49924.35,60,49935.25,120,0,591810
BANKNIFTY-II.NFO,10/01/2025,09:18:16,49925.6,49925.05,30,49932.4,120,0,591810
BANKNIFTY-II.NFO,10/01/2025,09:18:18,49925.6,49926.15,30,49932.4,30,0,591810
BANKNIFTY-II.NFO,10/01/2025,09:18:19,49924.2,49918.85,60,49943.9,120,150,591810
BANKNIFTY-II.NFO,10/01/2025,09:18:21,49924.2,49930.3,30,49947.25,120,0,591810
BANKNIFTY-II.NFO,10/01/2025,09:18:23,49924.2,49931.7,90,49955.6,120,0,591810
BANKNIFTY-II.NFO,10/01/2025,09:18:24,49924.2,49928.95,30,49943.85,30,0,591810
BANKNIFTY-II.NFO,10/01/2025,09:18:26,49924.2,49930.9,60,49954,120,0,591810
BANKNIFTY-II.NFO,10/01/2025,09:18:28,49931.95,49931.95,30,49946.35,120,30,592650
BANKNIFTY-II.NFO,10/01/2025,09:18:29,49931.95,49932.85,60,49942.6,120,0,592650
BANKNIFTY-II.NFO,10/01/2025,09:18:31,49931.95,49931.2,60,49948.4,120,0,592650
BANKNIFTY-II.NFO,10/01/2025,09:18:32,49931.95,49932.2,90,49946.75,120,0,592650
BANKNIFTY-II.NFO,10/01/2025,09:18:34,49951.55,49938.95,60,49955.75,120,60,592650
BANKNIFTY-II.NFO,10/01/2025,09:18:36,49955.85,49937.85,90,49954.75,120,30,592650
BANKNIFTY-II.NFO,10/01/2025,09:18:37,49955.85,49932,90,49948.15,120,0,592650
BANKNIFTY-II.NFO,10/01/2025,09:18:39,49955.85,49933.25,60,49948.6,120,0,592650
BANKNIFTY-II.NFO,10/01/2025,09:18:41,49955.85,49934.5,90,49949.5,120,0,592650
BANKNIFTY-II.NFO,10/01/2025,09:18:42,49948.4,49937.6,120,49953.95,120,30,592650
BANKNIFTY-II.NFO,10/01/2025,09:18:44,49950.7,49936.9,60,49949.7,120,30,592650
BANKNIFTY-II.NFO,10/01/2025,09:18:46,49950.7,49937.6,30,49948.35,120,0,592650
BANKNIFTY-II.NFO,10/01/2025,09:18:47,49950.7,49940.65,90,49956.15,120,0,592650
BANKNIFTY-II.NFO,10/01/2025,09:18:49,49950.7,49938.85,150,49954.65,120,0,592650
BANKNIFTY-II.NFO,10/01/2025,09:18:51,49950.7,49935.65,120,49953.05,120,0,592650
BANKNIFTY-II.NFO,10/01/2025,09:18:52,49950.7,49939.55,120,49950.65,30,0,592650
BANKNIFTY-II.NFO,10/01/2025,09:18:54,49950.7,49940.15,60,49952.7,120,0,592650
BANKNIFTY-II.NFO,10/01/2025,09:18:56,49950.65,49940.95,30,49947.2,120,30,592650
BANKNIFTY-II.NFO,10/01/2025,09:18:58,49950.65,49941.8,30,49947.2,30,0,592650
BANKNIFTY-II.NFO,10/01/2025,09:18:59,49942.3,49942.3,30,49953.55,90,120,592650
BANKNIFTY-II.NFO,10/01/2025,09:19:01,49942.3,49947.05,120,49953.6,30,0,592650
BANKNIFTY-II.NFO,10/01/2025,09:19:03,49959.45,49947.95,60,49959.35,60,90,592650
BANKNIFTY-II.NFO,10/01/2025,09:19:04,49959.45,49950.55,120,49959.4,60,0,592650
BANKNIFTY-II.NFO,10/01/2025,09:19:06,49959.45,49950.6,30,49959.4,60,0,592650
BANKNIFTY-II.NFO,10/01/2025,09:19:08,49959.45,49953,30,49959.4,60,0,592650
BANKNIFTY-II.NFO,10/01/2025,09:19:09,49959.45,49950,60,49959.05,60,0,592650
BANKNIFTY-II.NFO,10/01/2025,09:19:11,49959.45,49950,60,49957.95,60,0,592650
BANKNIFTY-II.NFO,10/01/2025,09:19:13,49959.45,49950.05,60,49957.05,60,0,592650
BANKNIFTY-II.NFO,10/01/2025,09:19:14,49948.75,49943.3,30,49953.3,60,150,592650
BANKNIFTY-II.NFO,10/01/2025,09:19:16,49948.75,49942.9,30,49954.3,60,0,592650
BANKNIFTY-II.NFO,10/01/2025,09:19:17,49942.9,49932.9,120,49942.85,30,30,592650
BANKNIFTY-II.NFO,10/01/2025,09:19:19,49941,49927,210,49942.85,60,30,592650
BANKNIFTY-II.NFO,10/01/2025,09:19:21,49938.9,49926.5,30,49938.9,30,30,592650
BANKNIFTY-II.NFO,10/01/2025,09:19:22,49942.15,49928.6,30,49942,60,420,592650
BANKNIFTY-II.NFO,10/01/2025,09:19:24,49913.75,49914.7,150,49932.05,30,600,592650
BANKNIFTY-II.NFO,10/01/2025,09:19:26,49932.05,49924.05,120,49931.9,30,60,592650
BANKNIFTY-II.NFO,10/01/2025,09:19:27,49916.75,49922.1,120,49931,60,210,592650
BANKNIFTY-II.NFO,10/01/2025,09:19:29,49922.05,49920.25,30,49930.95,30,270,592650
BANKNIFTY-II.NFO,10/01/2025,09:19:31,49920.3,49915.8,30,49931,120,660,592650
BANKNIFTY-II.NFO,10/01/2025,09:19:32,49920.3,49918.4,30,49929.95,60,0,592650
BANKNIFTY-II.NFO,10/01/2025,09:19:34,49920.3,49923.05,30,49929.95,60,0,592650
BANKNIFTY-II.NFO,10/01/2025,09:19:36,49930.05,49924.9,60,49940.8,180,120,592650
BANKNIFTY-II.NFO,10/01/2025,09:19:37,49930.05,49926.4,30,49939.4,120,0,592650
BANKNIFTY-II.NFO,10/01/2025,09:19:39,49936.4,49920.6,30,49935.65,120,30,592650
BANKNIFTY-II.NFO,10/01/2025,09:19:41,49935.7,49921.15,60,49935.4,60,60,592650
BANKNIFTY-II.NFO,10/01/2025,09:19:42,49933.85,49917.3,120,49932.55,120,30,592650
BANKNIFTY-II.NFO,10/01/2025,09:19:44,49933.85,49921,120,49932.6,30,0,592650
BANKNIFTY-II.NFO,10/01/2025,09:19:46,49932.6,49922.4,90,49932.65,30,30,592650
BANKNIFTY-II.NFO,10/01/2025,09:19:47,49932.6,49919.25,120,49932.65,30,0,592650
BANKNIFTY-II.NFO,10/01/2025,09:19:49,49932.6,49910.7,120,49927.6,120,0,592650
BANKNIFTY-II.NFO,10/01/2025,09:19:51,49932.6,49910.65,30,49922.45,120,0,592650
BANKNIFTY-II.NFO,10/01/2025,09:19:52,49932.6,49912.5,120,49922.5,120,0,592650
BANKNIFTY-II.NFO,10/01/2025,09:19:54,49932.6,49913.1,30,49922.5,120,0,592650
BANKNIFTY-II.NFO,10/01/2025,09:19:56,49932.6,49910.65,30,49920,120,0,592650
BANKNIFTY-II.NFO,10/01/2025,09:19:57,49910.65,49901.65,150,49917.25,120,60,592650
BANKNIFTY-II.NFO,10/01/2025,09:19:59,49910.65,49900.6,30,49914.7,180,0,592650
BANKNIFTY-II.NFO,10/01/2025,09:20:01,49910.65,49900.6,30,49912.45,60,0,592650
BANKNIFTY-II.NFO,10/01/2025,09:20:02,49932.5,49918.15,150,49932.6,30,300,592650
BANKNIFTY-II.NFO,10/01/2025,09:20:04,49932.5,49918.3,150,49932.55,120,0,592650
BANKNIFTY-II.NFO,10/01/2025,09:20:05,49930.9,49913.85,150,49931.4,150,390,592650
BANKNIFTY-II.NFO,10/01/2025,09:20:07,49930.9,49901.75,120,49923.65,210,0,592650
BANKNIFTY-II.NFO,10/01/2025,09:20:09,49930.9,49903.7,30,49919.45,210,0,592650
BANKNIFTY-II.NFO,10/01/2025,09:20:10,49930.9,49906.45,210,49925.65,300,0,592650
BANKNIFTY-II.NFO,10/01/2025,09:20:12,49906.45,49915.6,120,49932.6,60,30,592650
BANKNIFTY-II.NFO,10/01/2025,09:20:13,49930.9,49923.35,120,49948,30,90,592650
BANKNIFTY-II.NFO,10/01/2025,09:20:15,49930.9,49942.15,150,49950,30,0,592650
BANKNIFTY-II.NFO,10/01/2025,09:20:17,49930.9,49929.75,120,49950,240,0,592650
BANKNIFTY-II.NFO,10/01/2025,09:20:18,49945.1,49930.75,120,49945.1,30,60,592650
BANKNIFTY-II.NFO,10/01/2025,09:20:20,49945.1,49941.95,150,49958.65,30,30,592650
BANKNIFTY-II.NFO,10/01/2025,09:20:21,49945.1,49940.3,30,49947,30,0,592650
BANKNIFTY-II.NFO,10/01/2025,09:20:23,49945.1,49944.75,150,49964.05,60,0,592650
BANKNIFTY-II.NFO,10/01/2025,09:20:25,49945.1,49954.3,150,49973.7,30,0,592650
BANKNIFTY-II.NFO,10/01/2025,09:20:26,49945.1,49948.05,150,49968.95,30,0,592650
BANKNIFTY-II.NFO,10/01/2025,09:20:28,49954.85,49939.65,150,49959.2,150,30,592650
BANKNIFTY-II.NFO,10/01/2025,09:20:30,49954.85,49947.25,120,49968.1,210,0,592650
BANKNIFTY-II.NFO,10/01/2025,09:20:31,49947.25,49950.6,150,49968.7,30,30,592650
BANKNIFTY-II.NFO,10/01/2025,09:20:33,49947.25,49956.05,120,49975.15,90,0,592650
BANKNIFTY-II.NFO,10/01/2025,09:20:34,49972.75,49952.6,120,49973.5,150,30,592650
BANKNIFTY-II.NFO,10/01/2025,09:20:36,49972.75,49956.85,120,49973.35,120,0,592650
BANKNIFTY-II.NFO,10/01/2025,09:20:38,49972.75,49949.9,150,49969.85,150,0,592650
BANKNIFTY-II.NFO,10/01/2025,09:20:39,49972.75,49951.5,120,49971.65,60,0,592650
BANKNIFTY-II.NFO,10/01/2025,09:20:41,49972.75,49953.9,120,49972.25,120,0,592650
BANKNIFTY-II.NFO,10/01/2025,09:20:43,49972.75,49955.55,150,49975,210,0,592650
BANKNIFTY-II.NFO,10/01/2025,09:20:44,49972.75,49955.8,150,49972.75,30,0,592650
BANKNIFTY-II.NFO,10/01/2025,09:20:46,49972.75,49950.75,120,49969.35,450,0,592650
BANKNIFTY-II.NFO,10/01/2025,09:20:48,49947.15,49941.7,120,49961.8,30,30,592650
BANKNIFTY-II.NFO,10/01/2025,09:20:49,49947.15,49946.55,120,49965.5,60,0,592650
BANKNIFTY-II.NFO,10/01/2025,09:20:51,49947.15,49944.3,120,49964.15,30,0,592650
BANKNIFTY-II.NFO,10/01/2025,09:20:53,49947.15,49943.1,150,49958.3,30,0,592650
BANKNIFTY-II.NFO,10/01/2025,09:20:54,49958.35,49952.05,150,49971.7,30,90,592650
BANKNIFTY-II.NFO,10/01/2025,09:20:56,49958.35,49952.65,120,49970.65,30,0,592650
BANKNIFTY-II.NFO,10/01/2025,09:20:58,49958.35,49960.6,150,49970.7,30,0,592650
BANKNIFTY-II.NFO,10/01/2025,09:20:59,49970.25,49958.7,150,49972.7,30,270,592650
BANKNIFTY-II.NFO,10/01/2025,09:21:01,49977.45,49968.85,120,49992.2,90,150,592650
BANKNIFTY-II.NFO,10/01/2025,09:21:03,49977.45,49975.3,150,49989.8,30,0,592650
BANKNIFTY-II.NFO,10/01/2025,09:21:04,49970.05,49971.8,60,49986.55,60,30,592650
BANKNIFTY-II.NFO,10/01/2025,09:21:06,49970.05,49970.65,150,49988.85,60,0,592650
BANKNIFTY-II.NFO,10/01/2025,09:21:08,49970.05,49965.2,120,49984.75,60,0,592650
BANKNIFTY-II.NFO,10/01/2025,09:21:09,49970.05,49971.45,150,49984.1,60,0,592650
BANKNIFTY-II.NFO,10/01/2025,09:21:11,49951,49950.3,30,49979.15,120,2700,592650
BANKNIFTY-II.NFO,10/01/2025,09:21:13,49951,49948.7,60,49969.4,120,0,592650
BANKNIFTY-II.NFO,10/01/2025,09:21:14,49951,49955.45,30,49968.8,30,0,592650
BANKNIFTY-II.NFO,10/01/2025,09:21:16,49951,49948.9,30,49960.4,30,0,592650
BANKNIFTY-II.NFO,10/01/2025,09:21:18,49960.4,49944.15,60,49957.25,150,30,592650
BANKNIFTY-II.NFO,10/01/2025,09:21:19,49961.4,49944.25,30,49961.2,60,30,592650
BANKNIFTY-II.NFO,10/01/2025,09:21:21,49952.15,49940.05,30,49955.8,150,30,592650
BANKNIFTY-II.NFO,10/01/2025,09:21:23,49955.8,49943.05,60,49957.5,150,30,592650
BANKNIFTY-II.NFO,10/01/2025,09:21:24,49955.8,49949.9,30,49961.4,30,0,592650
BANKNIFTY-II.NFO,10/01/2025,09:21:26,49955.8,49950.2,30,49961.4,30,0,592650
BANKNIFTY-II.NFO,10/01/2025,09:21:28,49955.8,49950.05,30,49959.95,30,0,592650
BANKNIFTY-II.NFO,10/01/2025,09:21:29,49955.8,49950.75,30,49961.4,30,0,592650
BANKNIFTY-II.NFO,10/01/2025,09:21:31,49955.8,49950.05,30,49961.35,60,0,592650
BANKNIFTY-II.NFO,10/01/2025,09:21:33,49955.8,49950.1,30,49955.8,30,0,592650
BANKNIFTY-II.NFO,10/01/2025,09:21:34,49950.05,49950,180,49950.05,30,30,592650
BANKNIFTY-II.NFO,10/01/2025,09:21:36,49950,49944.1,60,49955.65,30,210,594810
BANKNIFTY-II.NFO,10/01/2025,09:21:38,49950,49942.8,30,49955.65,30,0,594810
BANKNIFTY-II.NFO,10/01/2025,09:21:39,49950,49942.85,30,49953.15,90,0,594810
BANKNIFTY-II.NFO,10/01/2025,09:21:41,49950,49942.85,30,49951.65,60,0,594810
BANKNIFTY-II.NFO,10/01/2025,09:21:43,49950,49943.05,60,49951.65,60,0,594810
BANKNIFTY-II.NFO,10/01/2025,09:21:44,49944.35,49944.3,30,49955.6,60,120,594810
BANKNIFTY-II.NFO,10/01/2025,09:21:46,49943,49942.95,30,49943,60,30,594810
BANKNIFTY-II.NFO,10/01/2025,09:21:48,49942.95,49942.85,30,49951.6,30,330,594810
BANKNIFTY-II.NFO,10/01/2025,09:21:49,49961.4,49951.6,30,49963.75,210,810,594810
BANKNIFTY-II.NFO,10/01/2025,09:21:51,49959.05,49953.1,120,49967.65,30,120,594810
BANKNIFTY-II.NFO,10/01/2025,09:21:53,49959.05,49957,120,49971.3,120,0,594810
BANKNIFTY-II.NFO,10/01/2025,09:21:54,49971.2,49962.8,120,49977.95,150,30,594810
BANKNIFTY-II.NFO,10/01/2025,09:21:56,49971.2,49963.6,120,49978.65,150,0,594810
BANKNIFTY-II.NFO,10/01/2025,09:21:58,49971.2,49963.6,30,49970.3,30,0,594810
BANKNIFTY-II.NFO,10/01/2025,09:21:59,49970.35,49965.2,120,49982.4,150,90,594810
BANKNIFTY-II.NFO,10/01/2025,09:22:01,49970.35,49965.1,120,49983.5,120,0,594810
BANKNIFTY-II.NFO,10/01/2025,09:22:03,49970.35,49964.85,30,49976.4,150,0,594810
BANKNIFTY-II.NFO,10/01/2025,09:22:04,49970.35,49964.85,30,49971.15,30,0,594810
BANKNIFTY-II.NFO,10/01/2025,09:22:06,49963.6,49963.55,30,49969.8,30,60,594810
BANKNIFTY-II.NFO,10/01/2025,09:22:08,49963.6,49963.55,30,49969.5,120,0,594810
BANKNIFTY-II.NFO,10/01/2025,09:22:09,49962.7,49945.8,120,49962.45,30,150,594810
BANKNIFTY-II.NFO,10/01/2025,09:22:11,49951.05,49946.5,30,49957.25,90,90,594810
BANKNIFTY-II.NFO,10/01/2025,09:22:13,49946.85,49939.4,120,49957.6,60,360,594810
BANKNIFTY-II.NFO,10/01/2025,09:22:14,49946.85,49942.45,30,49957.05,90,0,594810
BANKNIFTY-II.NFO,10/01/2025,09:22:16,49946.85,49941.45,30,49956.15,90,0,594810
BANKNIFTY-II.NFO,10/01/2025,09:22:18,49946.85,49943.95,120,49960.05,90,0,594810
BANKNIFTY-II.NFO,10/01/2025,09:22:19,49946.85,49943.05,30,49958.05,90,0,594810
BANKNIFTY-II.NFO,10/01/2025,09:22:21,49946.85,49938.3,120,49952.55,60,0,594810
BANKNIFTY-II.NFO,10/01/2025,09:22:23,49946.85,49935.2,30,49946.9,30,30,594810
BANKNIFTY-II.NFO,10/01/2025,09:22:24,49946.95,49939.65,180,49957.95,30,60,594810
BANKNIFTY-II.NFO,10/01/2025,09:22:26,49946.95,49940.45,30,49954.1,60,0,594810
BANKNIFTY-II.NFO,10/01/2025,09:22:28,49946.95,49930.75,120,49945.7,60,0,594810
BANKNIFTY-II.NFO,10/01/2025,09:22:29,49948.75,49935.6,30,49949.9,60,30,594810
BANKNIFTY-II.NFO,10/01/2025,09:22:31,49948.75,49935.55,30,49948.05,90,0,594810
BANKNIFTY-II.NFO,10/01/2025,09:22:33,49948.75,49935.6,30,49945.95,60,0,594810
BANKNIFTY-II.NFO,10/01/2025,09:22:34,49948.75,49935.6,30,49945,120,0,594810
BANKNIFTY-II.NFO,10/01/2025,09:22:36,49948.75,49935.6,30,49945,30,0,594810
BANKNIFTY-II.NFO,10/01/2025,09:22:38,49948.75,49935.6,30,49952.85,60,0,594810
BANKNIFTY-II.NFO,10/01/2025,09:22:39,49948.75,49931,30,49945.65,90,0,594810
BANKNIFTY-II.NFO,10/01/2025,09:22:41,49948.75,49933.2,30,49948.6,90,0,594810
BANKNIFTY-II.NFO,10/01/2025,09:22:43,49948.75,49939.3,30,49946.7,30,0,594810
BANKNIFTY-II.NFO,10/01/2025,09:22:44,49948.75,49941.5,30,49955.45,120,0,594810
BANKNIFTY-II.NFO,10/01/2025,09:22:46,49948.75,49941.8,30,49953.6,30,0,594810
BANKNIFTY-II.NFO,10/01/2025,09:22:48,49948.75,49948.55,30,49963.25,60,0,594810
BANKNIFTY-II.NFO,10/01/2025,09:22:49,49948.75,49949.2,30,49964.85,90,0,594810
BANKNIFTY-II.NFO,10/01/2025,09:22:51,49948.75,49955.1,120,49970.05,60,0,594810
BANKNIFTY-II.NFO,10/01/2025,09:22:53,49970.1,49961.05,180,49977,60,90,594810
BANKNIFTY-II.NFO,10/01/2025,09:22:54,49970.1,49952.3,120,49969.55,30,0,594810
BANKNIFTY-II.NFO,10/01/2025,09:22:56,49957.85,49944.7,120,49962.4,90,30,594810
BANKNIFTY-II.NFO,10/01/2025,09:22:58,49957.85,49950.35,30,49961.75,90,0,594810
BANKNIFTY-II.NFO,10/01/2025,09:22:59,49965.25,49945.8,120,49961.6,60,30,594810
BANKNIFTY-II.NFO,10/01/2025,09:23:01,49965.25,49942.85,30,49951.45,90,0,594810
BANKNIFTY-II.NFO,10/01/2025,09:23:03,49951.45,49945.1,30,49950.15,60,30,594810
BANKNIFTY-II.NFO,10/01/2025,09:23:04,49951.45,49945.1,30,49955.85,60,0,594810
BANKNIFTY-II.NFO,10/01/2025,09:23:06,49945.1,49942.85,30,49947,60,30,594810
BANKNIFTY-II.NFO,10/01/2025,09:23:08,49945.1,49942.85,30,49948.3,60,0,594810
BANKNIFTY-II.NFO,10/01/2025,09:23:09,49945.1,49942.85,30,49953,30,0,594810
BANKNIFTY-II.NFO,10/01/2025,09:23:11,49945.1,49942.85,30,49948.35,60,0,594810
BANKNIFTY-II.NFO,10/01/2025,09:23:13,49946.1,49945.1,30,49947.35,60,30,594810
BANKNIFTY-II.NFO,10/01/2025,09:23:14,49945.1,49930,30,49942.75,30,30,594810
BANKNIFTY-II.NFO,10/01/2025,09:23:16,49945.1,49930,30,49943.85,120,0,594810
BANKNIFTY-II.NFO,10/01/2025,09:23:18,49945.1,49930,30,49935.9,30,0,594810
BANKNIFTY-II.NFO,10/01/2025,09:23:19,49930,49926.05,30,49935.9,30,30,594810
BANKNIFTY-II.NFO,10/01/2025,09:23:21,49930,49924.45,30,49934,60,0,594810
BANKNIFTY-II.NFO,10/01/2025,09:23:23,49934,49937.05,30,49949.3,90,60,594810
BANKNIFTY-II.NFO,10/01/2025,09:23:24,49934,49933.9,30,49945.35,90,0,594810
BANKNIFTY-II.NFO,10/01/2025,09:23:26,49943.55,49925.95,30,49939.95,90,60,594810
BANKNIFTY-II.NFO,10/01/2025,09:23:28,49943.55,49932.55,120,49949.2,30,0,594810
BANKNIFTY-II.NFO,10/01/2025,09:23:29,49943.55,49935.05,30,49950.05,180,0,594810
BANKNIFTY-II.NFO,10/01/2025,09:23:31,49944.9,49932.4,30,49944.55,90,180,594810
BANKNIFTY-II.NFO,10/01/2025,09:23:33,49944.9,49925.95,30,49940.8,60,0,594810
BANKNIFTY-II.NFO,10/01/2025,09:23:34,49944.9,49935.25,30,49950,60,0,594810
BANKNIFTY-II.NFO,10/01/2025,09:23:36,49944.9,49932.55,30,49946.35,60,0,594810
BANKNIFTY-II.NFO,10/01/2025,09:23:38,49944.35,49931.35,30,49944.85,120,30,594810
BANKNIFTY-II.NFO,10/01/2025,09:23:39,49943.95,49931.5,30,49943.95,60,30,594810
BANKNIFTY-II.NFO,10/01/2025,09:23:41,49943.95,49927,30,49940.6,90,0,594810
BANKNIFTY-II.NFO,10/01/2025,09:23:43,49940.6,49927.9,120,49943.95,60,30,594810
BANKNIFTY-II.NFO,10/01/2025,09:23:44,49940.6,49944.65,30,49951,30,0,594810
BANKNIFTY-II.NFO,10/01/2025,09:23:46,49951.65,49953.05,30,49965.55,120,90,594810
BANKNIFTY-II.NFO,10/01/2025,09:23:48,49953.1,49959.05,30,49972.65,90,30,594810
BANKNIFTY-II.NFO,10/01/2025,09:23:49,49960,49959.1,120,49971.85,90,30,594810
BANKNIFTY-II.NFO,10/01/2025,09:23:51,49960,49962.05,30,49972.15,60,0,594810
BANKNIFTY-II.NFO,10/01/2025,09:23:53,49960,49968.05,30,49977,30,0,594810
BANKNIFTY-II.NFO,10/01/2025,09:23:54,49966.5,49968.9,30,49977,30,60,594810
BANKNIFTY-II.NFO,10/01/2025,09:23:56,49977,49980.05,30,49989.95,30,30,594810
BANKNIFTY-II.NFO,10/01/2025,09:23:58,49994,49990.1,30,49999.3,60,150,594810
BANKNIFTY-II.NFO,10/01/2025,09:23:59,49994,49992.05,30,49999.3,60,0,594810
BANKNIFTY-II.NFO,10/01/2025,09:24:01,49994,49990.1,30,49999.3,30,0,594810
BANKNIFTY-II.NFO,10/01/2025,09:24:03,49994,49990.1,30,49994.8,30,0,594810
BANKNIFTY-II.NFO,10/01/2025,09:24:04,49994,49990.1,30,49998.25,30,0,594810
BANKNIFTY-II.NFO,10/01/2025,09:24:06,49994,49990.1,30,49994,30,0,594810
BANKNIFTY-II.NFO,10/01/2025,09:24:09,49993.95,49976.7,30,49986.95,30,90,594810
BANKNIFTY-II.NFO,10/01/2025,09:24:11,49993.95,49975,30,49987.85,30,0,594810
BANKNIFTY-II.NFO,10/01/2025,09:24:13,49976.55,49973.5,30,49982.85,60,30,594810
BANKNIFTY-II.NFO,10/01/2025,09:24:14,49976.55,49977.5,30,49988.9,30,0,594810
BANKNIFTY-II.NFO,10/01/2025,09:24:16,49976.55,49978.25,120,49988.9,30,0,594810
BANKNIFTY-II.NFO,10/01/2025,09:24:18,49976.55,49986.25,30,49993.95,30,0,594810
BANKNIFTY-II.NFO,10/01/2025,09:24:19,49976.55,49987.7,30,49993.95,30,0,594810
BANKNIFTY-II.NFO,10/01/2025,09:24:21,50000,49997.5,120,50001,60,330,594810
BANKNIFTY-II.NFO,10/01/2025,09:24:23,50000,49999.1,30,50001,60,0,594810
BANKNIFTY-II.NFO,10/01/2025,09:24:24,49994.65,49991.25,30,49998.65,60,30,596790
BANKNIFTY-II.NFO,10/01/2025,09:24:26,49999.05,49992.65,30,49999.3,30,30,596790
BANKNIFTY-II.NFO,10/01/2025,09:24:28,49993.1,49991.75,30,50001,60,30,596790
BANKNIFTY-II.NFO,10/01/2025,09:24:29,49993.1,49993.95,30,50001,60,0,596790
BANKNIFTY-II.NFO,10/01/2025,09:24:31,49993.1,49995.5,30,50000,30,0,596790
BANKNIFTY-II.NFO,10/01/2025,09:24:33,49995.6,49986.3,30,49987.65,150,30,596790
BANKNIFTY-II.NFO,10/01/2025,09:24:34,49985.55,49979.8,30,49989.7,150,450,596790
BANKNIFTY-II.NFO,10/01/2025,09:24:36,49996.95,49989.25,30,50001,60,30,596790
BANKNIFTY-II.NFO,10/01/2025,09:24:38,49996.95,49993.15,30,50001,60,0,596790
BANKNIFTY-II.NFO,10/01/2025,09:24:39,49996.95,49989.2,30,50000.95,60,0,596790
BANKNIFTY-II.NFO,10/01/2025,09:24:41,49996.95,49988.55,30,50000.95,60,0,596790
BANKNIFTY-II.NFO,10/01/2025,09:24:43,49996.95,49983.5,30,49991.95,30,0,596790
BANKNIFTY-II.NFO,10/01/2025,09:24:44,49996.95,49983.65,120,49991.85,30,0,596790
BANKNIFTY-II.NFO,10/01/2025,09:24:46,49996.95,49985.3,30,49994.85,60,0,596790
BANKNIFTY-II.NFO,10/01/2025,09:24:48,49996.95,49985.55,30,49994.15,210,0,596790
BANKNIFTY-II.NFO,10/01/2025,09:24:49,49996.95,49976.55,240,49985.8,30,0,596790
BANKNIFTY-II.NFO,10/01/2025,09:24:51,49959.1,49957.85,120,49970.9,30,510,596790
BANKNIFTY-II.NFO,10/01/2025,09:24:53,49959.1,49963.55,30,49976.85,60,0,596790
BANKNIFTY-II.NFO,10/01/2025,09:24:54,49959.1,49966.1,120,49976.9,30,0,596790
BANKNIFTY-II.NFO,10/01/2025,09:24:56,49959.1,49969.9,30,49976.9,60,0,596790
BANKNIFTY-II.NFO,10/01/2025,09:24:59,49969.2,49969.2,120,49979.95,30,60,596790
BANKNIFTY-II.NFO,10/01/2025,09:25:01,49969.2,49969.9,120,49979.9,30,0,596790
BANKNIFTY-II.NFO,10/01/2025,09:25:03,49969.2,49977.5,120,49992.5,60,0,596790
BANKNIFTY-II.NFO,10/01/2025,09:25:04,49969.2,49977.6,120,49990.95,30,0,596790
BANKNIFTY-II.NFO,10/01/2025,09:25:06,49979.3,49976.15,120,49991.85,60,240,596790
BANKNIFTY-II.NFO,10/01/2025,09:25:08,49979.9,49978.7,120,49988.9,30,150,596790
BANKNIFTY-II.NFO,10/01/2025,09:25:09,49979.5,49982.6,30,49994.1,30,180,596790
BANKNIFTY-II.NFO,10/01/2025,09:25:11,49982.6,49971.1,30,49979.9,90,30,596790
BANKNIFTY-II.NFO,10/01/2025,09:25:13,49982.6,49956.05,30,49973.75,90,0,596790
BANKNIFTY-II.NFO,10/01/2025,09:25:14,49982.6,49964.8,30,49970.8,60,0,596790
BANKNIFTY-II.NFO,10/01/2025,09:25:16,49967.75,49973.45,30,49979.9,30,240,596790
BANKNIFTY-II.NFO,10/01/2025,09:25:18,49969.5,49965.25,30,49970.9,60,150,596790
BANKNIFTY-II.NFO,10/01/2025,09:25:19,49970.85,49965.85,30,49976.85,30,120,596790
BANKNIFTY-II.NFO,10/01/2025,09:25:21,49970.85,49956.15,30,49967.9,60,0,596790
BANKNIFTY-II.NFO,10/01/2025,09:25:23,49967.95,49961.75,30,49973.9,60,150,596790
BANKNIFTY-II.NFO,10/01/2025,09:25:24,49967.95,49957.25,30,49967.85,30,0,596790
BANKNIFTY-II.NFO,10/01/2025,09:25:26,49964.5,49957.95,30,49964.55,60,30,596790
BANKNIFTY-II.NFO,10/01/2025,09:25:28,49964.5,49950.2,30,49958.9,120,0,596790
BANKNIFTY-II.NFO,10/01/2025,09:25:29,49955.8,49956.35,30,49973.05,180,210,596790
BANKNIFTY-II.NFO,10/01/2025,09:25:31,49955.8,49956.4,30,49967.85,30,0,596790
BANKNIFTY-II.NFO,10/01/2025,09:25:33,49967.8,49962.75,30,49976.9,180,90,596790
BANKNIFTY-II.NFO,10/01/2025,09:25:34,49967.8,49960.3,30,49973.9,180,0,596790
BANKNIFTY-II.NFO,10/01/2025,09:25:36,49973.95,49971.5,30,49987,180,90,596790
BANKNIFTY-II.NFO,10/01/2025,09:25:38,49973.95,49971.55,30,49982.8,120,0,596790
BANKNIFTY-II.NFO,10/01/2025,09:25:39,49973.95,49973.4,60,49982.9,150,0,596790
BANKNIFTY-II.NFO,10/01/2025,09:25:41,49973.95,49961.25,60,49976.9,180,0,596790
BANKNIFTY-II.NFO,10/01/2025,09:25:43,49976.9,49968.4,30,49979.9,120,60,596790
BANKNIFTY-II.NFO,10/01/2025,09:25:44,49976.9,49973.85,60,49982.8,120,0,596790
BANKNIFTY-II.NFO,10/01/2025,09:25:46,49976.9,49967,30,49976.8,210,0,596790
BANKNIFTY-II.NFO,10/01/2025,09:25:48,49961.95,49950.95,30,49961.85,240,150,596790
BANKNIFTY-II.NFO,10/01/2025,09:25:49,49961.95,49951.85,30,49961.85,240,0,596790
BANKNIFTY-II.NFO,10/01/2025,09:25:51,49961.95,49951.85,30,49961.85,180,0,596790
BANKNIFTY-II.NFO,10/01/2025,09:25:53,49954.1,49954.5,30,49961.8,30,150,596790
BANKNIFTY-II.NFO,10/01/2025,09:25:54,49954.1,49950.05,30,49961.65,210,0,596790
BANKNIFTY-II.NFO,10/01/2025,09:25:56,49958.9,49951.2,60,49964.95,30,90,596790
BANKNIFTY-II.NFO,10/01/2025,09:25:58,49958.9,49961.3,30,49976.8,120,0,596790
BANKNIFTY-II.NFO,10/01/2025,09:25:59,49958.9,49962.2,30,49973.85,180,0,596790
BANKNIFTY-II.NFO,10/01/2025,09:26:01,49970.8,49959.05,30,49970.8,120,30,596790
BANKNIFTY-II.NFO,10/01/2025,09:26:03,49970.8,49957,30,49967.7,180,0,596790
BANKNIFTY-II.NFO,10/01/2025,09:26:04,49970.8,49954.1,30,49964.7,180,0,596790
BANKNIFTY-II.NFO,10/01/2025,09:26:06,49970.8,49954.1,30,49964.3,210,0,596790
BANKNIFTY-II.NFO,10/01/2025,09:26:08,49954.1,49950,60,49961.7,120,150,596790
BANKNIFTY-II.NFO,10/01/2025,09:26:09,49954.1,49950.05,30,49961.7,120,0,596790
BANKNIFTY-II.NFO,10/01/2025,09:26:11,49954.1,49950,60,49961.7,210,0,596790
BANKNIFTY-II.NFO,10/01/2025,09:26:13,49943.9,49942.7,30,49949.95,90,90,596790
BANKNIFTY-II.NFO,10/01/2025,09:26:14,49961.65,49947.65,120,49961.6,30,330,596790
BANKNIFTY-II.NFO,10/01/2025,09:26:16,49961.65,49952.05,120,49963.3,30,0,596790
BANKNIFTY-II.NFO,10/01/2025,09:26:18,49963.45,49953.1,90,49970.65,210,150,596790
BANKNIFTY-II.NFO,10/01/2025,09:26:19,49963.45,49948.5,90,49961.9,30,0,596790
BANKNIFTY-II.NFO,10/01/2025,09:26:21,49963.45,49944.2,90,49958.9,30,0,596790
BANKNIFTY-II.NFO,10/01/2025,09:26:23,49963.45,49942,30,49955.9,150,0,596790
BANKNIFTY-II.NFO,10/01/2025,09:26:24,49963.45,49938.95,30,49949.8,150,0,596790
BANKNIFTY-II.NFO,10/01/2025,09:26:26,49963.45,49940.8,90,49949.85,30,0,596790
BANKNIFTY-II.NFO,10/01/2025,09:26:28,49955.8,49943.55,30,49955.8,150,30,596790
BANKNIFTY-II.NFO,10/01/2025,09:26:29,49955.8,49940.8,30,49958.8,210,0,596790
BANKNIFTY-II.NFO,10/01/2025,09:26:31,49955.8,49940.85,30,49955.65,210,0,596790
BANKNIFTY-II.NFO,10/01/2025,09:26:33,49955.8,49940.85,30,49955.8,180,0,596790
BANKNIFTY-II.NFO,10/01/2025,09:26:34,49955.8,49947.55,120,49959.9,30,0,596790
BANKNIFTY-II.NFO,10/01/2025,09:26:36,49955.8,49950.95,120,49959.85,30,0,596790
BANKNIFTY-II.NFO,10/01/2025,09:26:38,49960,49958.2,120,49970,30,180,596790
BANKNIFTY-II.NFO,10/01/2025,09:26:39,49960,49958.45,30,49967.85,30,0,596790
BANKNIFTY-II.NFO,10/01/2025,09:26:41,49955.8,49959.45,30,49967.85,30,150,596790
BANKNIFTY-II.NFO,10/01/2025,09:26:43,49969.95,49961.65,120,49970,30,90,596790
BANKNIFTY-II.NFO,10/01/2025,09:26:44,49970.8,49971.1,120,49980,30,180,596790
BANKNIFTY-II.NFO,10/01/2025,09:26:46,49980,49980.05,30,49995.05,120,30,596790
BANKNIFTY-II.NFO,10/01/2025,09:26:48,49980,49971.05,30,49988.9,180,0,596790
BANKNIFTY-II.NFO,10/01/2025,09:26:49,49980,49963.8,120,49982.9,210,0,596790
BANKNIFTY-II.NFO,10/01/2025,09:26:51,49982.9,49965.1,120,49985.9,180,30,596790
BANKNIFTY-II.NFO,10/01/2025,09:26:53,49982.9,49974.1,120,49988.9,90,0,596790
BANKNIFTY-II.NFO,10/01/2025,09:26:54,49982.9,49971.05,30,49985.8,150,0,596790
BANKNIFTY-II.NFO,10/01/2025,09:26:56,49982.9,49971.1,120,49985.65,90,0,596790
BANKNIFTY-II.NFO,10/01/2025,09:26:58,49982.9,49974.05,30,49988.8,180,0,596790
BANKNIFTY-II.NFO,10/01/2025,09:26:59,49982.9,49974.05,30,49991.8,150,0,596790
BANKNIFTY-II.NFO,10/01/2025,09:27:01,49962.1,49962.05,30,49979.8,180,150,596790
BANKNIFTY-II.NFO,10/01/2025,09:27:03,49962.1,49960.25,120,49976.7,120,0,596790
BANKNIFTY-II.NFO,10/01/2025,09:27:04,49962.1,49971.05,30,49976.7,120,0,596790
BANKNIFTY-II.NFO,10/01/2025,09:27:06,49971.05,49953.75,30,49970.8,180,30,596790
BANKNIFTY-II.NFO,10/01/2025,09:27:08,49971.05,49955.7,60,49967.8,180,0,596790
BANKNIFTY-II.NFO,10/01/2025,09:27:09,49971.05,49956.25,30,49967.8,180,0,596790
BANKNIFTY-II.NFO,10/01/2025,09:27:11,49971.05,49947.05,30,49964.8,210,0,596790
BANKNIFTY-II.NFO,10/01/2025,09:27:13,49971.05,49944.1,120,49961.7,210,0,596790
BANKNIFTY-II.NFO,10/01/2025,09:27:14,49971.05,49941.55,30,49955.9,210,0,596790
BANKNIFTY-II.NFO,10/01/2025,09:27:16,49949.85,49943.3,120,49961.9,150,90,596790
BANKNIFTY-II.NFO,10/01/2025,09:27:18,49949.85,49950.45,30,49962.9,180,0,596790
BANKNIFTY-II.NFO,10/01/2025,09:27:19,49949.85,49950.2,120,49961.75,30,0,596790
BANKNIFTY-II.NFO,10/01/2025,09:27:21,49961.75,49953.55,120,49970.8,150,30,596790
BANKNIFTY-II.NFO,10/01/2025,09:27:23,49961.75,49956.45,120,49973.5,210,0,596790
BANKNIFTY-II.NFO,10/01/2025,09:27:24,49961.75,49953.5,30,49963.05,180,0,596790
BANKNIFTY-II.NFO,10/01/2025,09:27:26,49961.75,49943.25,120,49955.9,60,0,596790
BANKNIFTY-II.NFO,10/01/2025,09:27:28,49961.75,49947.45,120,49955.9,60,0,596790
BANKNIFTY-II.NFO,10/01/2025,09:27:29,49961.75,49947.45,30,49955.9,60,0,596790
BANKNIFTY-II.NFO,10/01/2025,09:27:31,49961.75,49947.85,30,49955.55,60,0,596790
BANKNIFTY-II.NFO,10/01/2025,09:27:33,49961.75,49940.05,30,49946.9,30,0,596790
BANKNIFTY-II.NFO,10/01/2025,09:27:34,49940,49940,30,49949.75,120,60,599760
BANKNIFTY-II.NFO,10/01/2025,09:27:36,49940,49940.05,30,49949.95,30,0,599760
BANKNIFTY-II.NFO,10/01/2025,09:27:38,49940,49940,30,49946.6,180,0,599760
BANKNIFTY-II.NFO,10/01/2025,09:27:39,49929.3,49930.35,60,49941.65,30,90,599760
BANKNIFTY-II.NFO,10/01/2025,09:27:41,49929.3,49915.2,60,49928.35,90,0,599760
BANKNIFTY-II.NFO,10/01/2025,09:27:43,49929.3,49920,60,49927.95,30,0,599760
BANKNIFTY-II.NFO,10/01/2025,09:27:44,49929.3,49919.95,30,49927.7,30,0,599760
BANKNIFTY-II.NFO,10/01/2025,09:27:46,49920,49920,30,49927.25,120,30,599760
BANKNIFTY-II.NFO,10/01/2025,09:27:48,49920,49915.35,30,49924.8,90,0,599760
BANKNIFTY-II.NFO,10/01/2025,09:27:49,49920,49915.15,90,49920.9,90,0,599760
BANKNIFTY-II.NFO,10/01/2025,09:27:51,49932.8,49915.5,60,49928.9,60,600,599760
BANKNIFTY-II.NFO,10/01/2025,09:27:53,49932.8,49920.25,120,49928.9,60,0,599760
BANKNIFTY-II.NFO,10/01/2025,09:27:54,49928.9,49926.6,30,49934.75,60,60,599760
BANKNIFTY-II.NFO,10/01/2025,09:27:56,49928.9,49920,30,49931.8,120,0,599760
BANKNIFTY-II.NFO,10/01/2025,09:27:58,49928.9,49920,30,49927.4,60,0,599760
BANKNIFTY-II.NFO,10/01/2025,09:27:59,49910.65,49910.05,120,49919.95,90,120,599760
BANKNIFTY-II.NFO,10/01/2025,09:28:01,49926.65,49912.7,120,49928.25,60,360,599760
BANKNIFTY-II.NFO,10/01/2025,09:28:03,49926.65,49918.9,120,49931.85,30,0,599760
BANKNIFTY-II.NFO,10/01/2025,09:28:04,49926.65,49911.7,30,49926.75,60,0,599760
BANKNIFTY-II.NFO,10/01/2025,09:28:06,49926.65,49914.45,30,49925.85,60,0,599760
BANKNIFTY-II.NFO,10/01/2025,09:28:08,49905,49905,120,49912.4,120,150,599760
BANKNIFTY-II.NFO,10/01/2025,09:28:09,49900,49900,510,49904.05,120,300,599760
BANKNIFTY-II.NFO,10/01/2025,09:28:11,49900,49890,30,49898.9,120,510,599760
BANKNIFTY-II.NFO,10/01/2025,09:28:13,49890,49878,60,49892.8,90,30,599760
BANKNIFTY-II.NFO,10/01/2025,09:28:14,49892.3,49885.3,60,49898.9,30,150,599760
BANKNIFTY-II.NFO,10/01/2025,09:28:16,49892.3,49895.95,120,49910.9,30,0,599760
BANKNIFTY-II.NFO,10/01/2025,09:28:18,49892.8,49888.15,120,49898.95,30,120,599760
BANKNIFTY-II.NFO,10/01/2025,09:28:19,49898.95,49886.6,60,49898.95,30,30,599760
BANKNIFTY-II.NFO,10/01/2025,09:28:21,49898.95,49888.8,120,49900,30,0,599760
BANKNIFTY-II.NFO,10/01/2025,09:28:23,49898.95,49881.55,30,49892.9,30,0,599760
BANKNIFTY-II.NFO,10/01/2025,09:28:24,49897.1,49892.8,30,49897.15,60,90,599760
BANKNIFTY-II.NFO,10/01/2025,09:28:26,49892.8,49883.55,30,49892.65,30,30,599760
BANKNIFTY-II.NFO,10/01/2025,09:28:28,49892.8,49884.8,30,49891.2,30,0,599760
BANKNIFTY-II.NFO,10/01/2025,09:28:29,49892.8,49890.5,60,49906.3,60,180,599760
BANKNIFTY-II.NFO,10/01/2025,09:28:31,49906.3,49882.8,120,49895.9,60,30,599760
BANKNIFTY-II.NFO,10/01/2025,09:28:33,49906.3,49884.75,30,49892.9,60,0,599760
BANKNIFTY-II.NFO,10/01/2025,09:28:34,49892.9,49885.5,120,49895.95,30,60,599760
BANKNIFTY-II.NFO,10/01/2025,09:28:36,49892.9,49884.3,30,49895.95,30,0,599760
BANKNIFTY-II.NFO,10/01/2025,09:28:38,49892.9,49890,30,49898.85,90,0,599760
BANKNIFTY-II.NFO,10/01/2025,09:28:39,49892.9,49890,60,49900.9,90,0,599760
BANKNIFTY-II.NFO,10/01/2025,09:28:40,49892.9,49890,60,49899.9,90,0,599760
BANKNIFTY-II.NFO,10/01/2025,09:28:41,49892.9,49890,60,49897.8,90,0,599760
BANKNIFTY-II.NFO,10/01/2025,09:28:43,49896.2,49892.3,120,49899.95,90,180,599760
BANKNIFTY-II.NFO,10/01/2025,09:28:45,49900,49900,30,49906.5,90,30,599760
BANKNIFTY-II.NFO,10/01/2025,09:28:46,49900,49894.1,120,49907,90,30,599760
BANKNIFTY-II.NFO,10/01/2025,09:28:48,49900,49890.05,120,49896.15,30,0,599760
BANKNIFTY-II.NFO,10/01/2025,09:28:50,49896.2,49890,60,49898.9,90,60,599760
BANKNIFTY-II.NFO,10/01/2025,09:28:51,49896.2,49890,60,49897.65,90,0,599760
BANKNIFTY-II.NFO,10/01/2025,09:28:53,49890,49880.05,60,49890.4,90,60,599760
BANKNIFTY-II.NFO,10/01/2025,09:28:55,49889.6,49880,90,49885.45,60,30,599760
BANKNIFTY-II.NFO,10/01/2025,09:28:56,49880,49880,60,49885.4,30,30,599760
BANKNIFTY-II.NFO,10/01/2025,09:28:58,49885.3,49880,60,49886.9,30,60,599760
BANKNIFTY-II.NFO,10/01/2025,09:29:00,49885.3,49880,60,49886.9,30,0,599760
BANKNIFTY-II.NFO,10/01/2025,09:29:01,49884.55,49876.8,180,49886.9,30,360,599760
BANKNIFTY-II.NFO,10/01/2025,09:29:03,49876.95,49879.7,120,49890.85,90,30,599760
BANKNIFTY-II.NFO,10/01/2025,09:29:05,49892.35,49878.7,120,49891.2,90,30,599760
BANKNIFTY-II.NFO,10/01/2025,09:29:06,49892.35,49878.15,120,49889.55,90,0,599760
BANKNIFTY-II.NFO,10/01/2025,09:29:08,49892.35,49880.7,30,49889.1,30,0,599760
BANKNIFTY-II.NFO,10/01/2025,09:29:10,49875.05,49875,30,49883.85,30,90,599760
BANKNIFTY-II.NFO,10/01/2025,09:29:11,49875.05,49875.6,30,49883.85,30,0,599760
BANKNIFTY-II.NFO,10/01/2025,09:29:13,49875,49881,60,49883.85,30,60,599760
BANKNIFTY-II.NFO,10/01/2025,09:29:13,49875,49881,60,49883.85,30,0,599760
BANKNIFTY-II.NFO,10/01/2025,09:29:15,49883.85,49881,60,49886.8,30,30,599760
BANKNIFTY-II.NFO,10/01/2025,09:29:16,49883.85,49881,60,49886,120,0,599760
BANKNIFTY-II.NFO,10/01/2025,09:29:18,49881,49880,30,49885.85,60,120,599760
BANKNIFTY-II.NFO,10/01/2025,09:29:20,49881,49880,30,49885.85,60,0,599760
BANKNIFTY-II.NFO,10/01/2025,09:29:21,49885.95,49880,30,49888.4,120,120,599760
BANKNIFTY-II.NFO,10/01/2025,09:29:23,49885.85,49880,30,49887.5,90,60,599760
BANKNIFTY-II.NFO,10/01/2025,09:29:25,49884.75,49876.75,30,49885,30,120,599760
BANKNIFTY-II.NFO,10/01/2025,09:29:26,49884.75,49875,30,49882.9,30,0,599760
BANKNIFTY-II.NFO,10/01/2025,09:29:30,49884.75,49875,30,49883.9,90,0,599760
BANKNIFTY-II.NFO,10/01/2025,09:29:31,49875,49871.15,30,49874.95,30,180,599760
BANKNIFTY-II.NFO,10/01/2025,09:29:33,49875,49869,30,49874.85,60,0,599760
BANKNIFTY-II.NFO,10/01/2025,09:29:36,49869,49867.55,30,49874.85,60,30,599760
BANKNIFTY-II.NFO,10/01/2025,09:29:36,49869,49867.55,30,49874.85,60,0,599760
BANKNIFTY-II.NFO,10/01/2025,09:29:38,49875,49867.55,30,49880.25,90,120,599760
BANKNIFTY-II.NFO,10/01/2025,09:29:39,49875,49866.45,30,49875.85,30,0,599760
BANKNIFTY-II.NFO,10/01/2025,09:29:41,49875,49866.6,30,49874.7,90,0,599760
BANKNIFTY-II.NFO,10/01/2025,09:29:43,49875,49866.6,30,49873.45,90,0,599760
BANKNIFTY-II.NFO,10/01/2025,09:29:44,49875,49866.6,30,49873.05,90,0,599760
BANKNIFTY-II.NFO,10/01/2025,09:29:46,49875,49862.8,30,49871.35,150,0,599760
BANKNIFTY-II.NFO,10/01/2025,09:29:48,49861,49855,60,49860.35,90,90,599760
BANKNIFTY-II.NFO,10/01/2025,09:29:48,49861,49855,60,49860.35,90,0,599760
BANKNIFTY-II.NFO,10/01/2025,09:29:49,49847.6,49841.35,120,49853.85,90,450,599760
BANKNIFTY-II.NFO,10/01/2025,09:29:49,49847.5,49841.35,120,49853.85,90,0,599760
BANKNIFTY-II.NFO,10/01/2025,09:29:51,49847.6,49852.05,30,49862.95,90,0,599760
BANKNIFTY-II.NFO,10/01/2025,09:29:53,49847.6,49841,60,49853.55,60,0,599760
BANKNIFTY-II.NFO,10/01/2025,09:29:54,49847.6,49841,60,49852.7,60,0,599760
BANKNIFTY-II.NFO,10/01/2025,09:29:56,49847.6,49841,60,49847.55,60,0,599760
BANKNIFTY-II.NFO,10/01/2025,09:29:58,49840,49836.85,120,49847.6,30,150,599760
BANKNIFTY-II.NFO,10/01/2025,09:29:58,49840,49836.85,120,49847.6,30,0,599760
BANKNIFTY-II.NFO,10/01/2025,09:29:59,49847.6,49838.65,30,49847.6,30,30,599760
BANKNIFTY-II.NFO,10/01/2025,09:30:01,49847.6,49839.65,150,49853.85,90,30,599760
BANKNIFTY-II.NFO,10/01/2025,09:30:03,49847.6,49847.55,60,49855.45,120,90,599760
BANKNIFTY-II.NFO,10/01/2025,09:30:04,49847.6,49847.6,30,49853.8,180,0,599760
BANKNIFTY-II.NFO,10/01/2025,09:30:06,49836.4,49835.65,30,49843,90,60,599760
BANKNIFTY-II.NFO,10/01/2025,09:30:06,49836.4,49835.65,30,49843,90,0,599760
BANKNIFTY-II.NFO,10/01/2025,09:30:08,49835.85,49830.15,30,49835.9,60,60,599760
BANKNIFTY-II.NFO,10/01/2025,09:30:08,49835.85,49830.15,30,49835.9,60,0,599760
BANKNIFTY-II.NFO,10/01/2025,09:30:10,49843.5,49836.75,120,49847.55,90,90,599760
BANKNIFTY-II.NFO,10/01/2025,09:30:11,49843.5,49836.4,150,49844.85,90,0,599760
BANKNIFTY-II.NFO,10/01/2025,09:30:13,49843.5,49836.5,30,49845.15,90,0,599760
BANKNIFTY-II.NFO,10/01/2025,09:30:15,49843.5,49836.4,150,49844.6,90,0,599760
BANKNIFTY-II.NFO,10/01/2025,09:30:16,49844.4,49838.95,30,49847.55,90,90,599760
BANKNIFTY-II.NFO,10/01/2025,09:30:18,49844.4,49837.05,30,49844.35,30,0,599760
BANKNIFTY-II.NFO,10/01/2025,09:30:20,49844.2,49837.7,30,49844.25,90,30,599760
BANKNIFTY-II.NFO,10/01/2025,09:30:21,49842.95,49836.4,120,49842.95,150,30,599760
BANKNIFTY-II.NFO,10/01/2025,09:30:23,49843,49836.4,120,49843.35,90,60,599760
BANKNIFTY-II.NFO,10/01/2025,09:30:25,49850,49848.2,120,49854.8,90,810,604110
BANKNIFTY-II.NFO,10/01/2025,09:30:26,49848.25,49840.65,30,49853.1,60,60,604110
BANKNIFTY-II.NFO,10/01/2025,09:30:28,49848.25,49840.65,30,49848.05,60,0,604110
BANKNIFTY-II.NFO,10/01/2025,09:30:30,49848.25,49840.75,30,49850.05,60,0,604110
BANKNIFTY-II.NFO,10/01/2025,09:30:31,49848.25,49840.8,30,49850.05,60,0,604110
BANKNIFTY-II.NFO,10/01/2025,09:30:33,49848.25,49840.75,30,49850.05,90,0,604110
BANKNIFTY-II.NFO,10/01/2025,09:30:35,49849,49840.75,30,49849.05,90,30,604110
BANKNIFTY-II.NFO,10/01/2025,09:30:36,49849,49840.8,30,49849,30,0,604110
BANKNIFTY-II.NFO,10/01/2025,09:30:38,49849,49841.1,30,49846.7,30,0,604110
BANKNIFTY-II.NFO,10/01/2025,09:30:40,49836.4,49836.4,60,49844.8,90,180,604110
BANKNIFTY-II.NFO,10/01/2025,09:30:41,49847.8,49843.75,120,49853.9,90,60,604110
BANKNIFTY-II.NFO,10/01/2025,09:30:43,49847.8,49839.6,120,49850.9,150,0,604110
BANKNIFTY-II.NFO,10/01/2025,09:30:45,49850.3,49839.05,120,49851.4,90,30,604110
BANKNIFTY-II.NFO,10/01/2025,09:30:46,49849.75,49845.5,30,49853.9,90,60,604110
BANKNIFTY-II.NFO,10/01/2025,09:30:48,49849.75,49845.5,30,49855,120,0,604110
BANKNIFTY-II.NFO,10/01/2025,09:30:50,49849.75,49847.85,30,49857.45,120,0,604110
BANKNIFTY-II.NFO,10/01/2025,09:30:51,49849.2,49849.2,120,49860.45,90,30,604110
BANKNIFTY-II.NFO,10/01/2025,09:30:53,49849.2,49855,30,49865.35,30,0,604110
BANKNIFTY-II.NFO,10/01/2025,09:30:55,49849.2,49855,30,49865.95,90,0,604110
BANKNIFTY-II.NFO,10/01/2025,09:30:56,49850.95,49852.65,30,49860.35,120,240,604110
BANKNIFTY-II.NFO,10/01/2025,09:30:58,49850.95,49852.7,30,49859.9,120,0,604110
BANKNIFTY-II.NFO,10/01/2025,09:31:00,49852.7,49852.65,30,49855.25,120,30,604110
BANKNIFTY-II.NFO,10/01/2025,09:31:01,49852.7,49852.65,30,49858.6,120,0,604110
BANKNIFTY-II.NFO,10/01/2025,09:31:03,49852.6,49850,150,49854.05,120,60,604110
BANKNIFTY-II.NFO,10/01/2025,09:31:05,49845,49839,30,49848.2,120,210,604110
BANKNIFTY-II.NFO,10/01/2025,09:31:06,49845,49839.05,30,49847.75,150,0,604110
BANKNIFTY-II.NFO,10/01/2025,09:31:08,49845,49839.05,30,49844.7,120,0,604110
BANKNIFTY-II.NFO,10/01/2025,09:31:10,49839.05,49839,30,49839.05,60,30,604110
BANKNIFTY-II.NFO,10/01/2025,09:31:11,49838.9,49830,420,49837.85,60,60,604110
BANKNIFTY-II.NFO,10/01/2025,09:31:13,49837.9,49830,420,49837.9,60,30,604110
BANKNIFTY-II.NFO,10/01/2025,09:31:15,49837.9,49830.05,120,49837.9,60,0,604110
BANKNIFTY-II.NFO,10/01/2025,09:31:16,49830.05,49830.35,120,49837.9,60,30,604110
BANKNIFTY-II.NFO,10/01/2025,09:31:16,49830.05,49830.35,120,49837.9,60,0,604110
BANKNIFTY-II.NFO,10/01/2025,09:31:18,49830.05,49830.05,120,49837.9,60,0,604110
BANKNIFTY-II.NFO,10/01/2025,09:31:20,49830.05,49830,420,49837.85,90,0,604110
BANKNIFTY-II.NFO,10/01/2025,09:31:21,49837.9,49834.5,30,49845,60,60,604110
BANKNIFTY-II.NFO,10/01/2025,09:31:23,49837.9,49831.75,120,49844.85,30,0,604110
BANKNIFTY-II.NFO,10/01/2025,09:31:25,49831.75,49830.8,120,49843.2,30,30,604110
BANKNIFTY-II.NFO,10/01/2025,09:31:26,49831.75,49839,30,49844.85,150,0,604110
BANKNIFTY-II.NFO,10/01/2025,09:31:28,49831.75,49839,30,49844.95,60,0,604110
BANKNIFTY-II.NFO,10/01/2025,09:31:31,49831.75,49839.65,120,49844.95,60,0,604110
BANKNIFTY-II.NFO,10/01/2025,09:31:33,49831.75,49839,30,49844.95,60,0,604110
BANKNIFTY-II.NFO,10/01/2025,09:31:36,49831.75,49839,30,49844.9,30,0,604110
BANKNIFTY-II.NFO,10/01/2025,09:31:38,49839,49830.4,120,49840.25,90,30,604110
BANKNIFTY-II.NFO,10/01/2025,09:31:39,49842,49833.65,30,49843.1,90,120,604110
BANKNIFTY-II.NFO,10/01/2025,09:31:41,49842,49830,420,49835.85,180,0,604110
BANKNIFTY-II.NFO,10/01/2025,09:31:43,49842,49831.75,30,49835.85,180,0,604110
BANKNIFTY-II.NFO,10/01/2025,09:31:44,49830,49830.05,30,49835.75,30,150,604110
BANKNIFTY-II.NFO,10/01/2025,09:31:44,49830,49830.05,30,49835.75,30,0,604110
BANKNIFTY-II.NFO,10/01/2025,09:31:46,49830,49830,330,49835.75,150,0,604110
BANKNIFTY-II.NFO,10/01/2025,09:31:48,49830,49830,330,49835.7,60,0,604110
BANKNIFTY-II.NFO,10/01/2025,09:31:49,49830,49830,330,49835.4,180,0,604110
BANKNIFTY-II.NFO,10/01/2025,09:31:51,49830,49830,150,49835.1,60,180,604110
BANKNIFTY-II.NFO,10/01/2025,09:31:53,49834.95,49830,30,49834.95,120,150,604110
BANKNIFTY-II.NFO,10/01/2025,09:31:54,49834.95,49830,30,49837.55,90,30,604110
BANKNIFTY-II.NFO,10/01/2025,09:31:56,49830,49827,30,49832.95,90,30,604110
BANKNIFTY-II.NFO,10/01/2025,09:31:58,49830,49826.2,30,49830,60,210,604110
BANKNIFTY-II.NFO,10/01/2025,09:31:58,49825.05,49826.2,30,49830,60,0,604110
BANKNIFTY-II.NFO,10/01/2025,09:31:59,49830,49826.2,30,49830,30,30,604110
BANKNIFTY-II.NFO,10/01/2025,09:32:01,49826.2,49825,90,49829.95,30,30,604110
BANKNIFTY-II.NFO,10/01/2025,09:32:03,49825,49821,180,49826.65,150,120,604110
BANKNIFTY-II.NFO,10/01/2025,09:32:03,49825,49821,180,49826.65,150,0,604110
BANKNIFTY-II.NFO,10/01/2025,09:32:04,49825,49821,180,49826.15,30,0,604110
BANKNIFTY-II.NFO,10/01/2025,09:32:06,49821,49821,30,49826.15,30,150,604110
BANKNIFTY-II.NFO,10/01/2025,09:32:06,49821,49821,30,49826.15,30,0,604110
BANKNIFTY-II.NFO,10/01/2025,09:32:08,49823.9,49813.2,30,49823.9,120,420,604110
BANKNIFTY-II.NFO,10/01/2025,09:32:09,49823.9,49810.65,60,49822.95,30,0,604110
BANKNIFTY-II.NFO,10/01/2025,09:32:11,49819.55,49813.25,120,49820.85,30,60,604110
BANKNIFTY-II.NFO,10/01/2025,09:32:11,49819.55,49813.25,120,49820.85,30,0,604110
BANKNIFTY-II.NFO,10/01/2025,09:32:13,49824,49817.95,180,49826.15,90,30,604110
BANKNIFTY-II.NFO,10/01/2025,09:32:14,49830,49828.05,60,49836.8,30,90,604110
BANKNIFTY-II.NFO,10/01/2025,09:32:16,49830,49820.7,30,49830.4,60,0,604110
BANKNIFTY-II.NFO,10/01/2025,09:32:18,49830,49824,120,49829.95,60,0,604110
BANKNIFTY-II.NFO,10/01/2025,09:32:19,49829.95,49822.3,120,49829.95,30,30,604110
BANKNIFTY-II.NFO,10/01/2025,09:32:21,49835.9,49826.2,120,49838.9,90,120,604110
BANKNIFTY-II.NFO,10/01/2025,09:32:23,49850,49832,120,49848.15,120,270,604110
BANKNIFTY-II.NFO,10/01/2025,09:32:25,49850,49838.4,120,49849.95,60,0,604110
BANKNIFTY-II.NFO,10/01/2025,09:32:26,49850,49841.9,120,49849.95,60,0,604110
BANKNIFTY-II.NFO,10/01/2025,09:32:28,49850,49842.15,120,49849.95,60,0,604110
BANKNIFTY-II.NFO,10/01/2025,09:32:30,49850,49840.8,120,49849.95,60,0,604110
BANKNIFTY-II.NFO,10/01/2025,09:32:31,49836.9,49831.85,60,49843.95,60,90,604110
BANKNIFTY-II.NFO,10/01/2025,09:32:33,49834.3,49836.3,60,49847.35,60,30,604110
BANKNIFTY-II.NFO,10/01/2025,09:32:35,49850,49847.6,60,49864.4,120,630,604110
BANKNIFTY-II.NFO,10/01/2025,09:32:36,49850,49844.2,30,49859.15,30,0,604110
BANKNIFTY-II.NFO,10/01/2025,09:32:38,49850,49839.85,60,49856.05,30,0,604110
BANKNIFTY-II.NFO,10/01/2025,09:32:41,49857.35,49856.3,60,49868.95,30,30,604110
BANKNIFTY-II.NFO,10/01/2025,09:32:43,49857.35,49858.55,60,49862.25,30,0,604110
BANKNIFTY-II.NFO,10/01/2025,09:32:44,49868.25,49855.3,60,49870.9,120,90,604110
BANKNIFTY-II.NFO,10/01/2025,09:32:46,49868.25,49848.1,60,49865.25,120,0,604110
BANKNIFTY-II.NFO,10/01/2025,09:32:48,49868.25,49856.1,60,49870.75,60,0,604110
BANKNIFTY-II.NFO,10/01/2025,09:32:49,49868.25,49855.55,60,49870.7,60,0,604110
BANKNIFTY-II.NFO,10/01/2025,09:32:51,49868.25,49847.15,30,49862.5,120,0,604110
BANKNIFTY-II.NFO,10/01/2025,09:32:53,49868.25,49845.15,30,49858.05,30,0,604110
BANKNIFTY-II.NFO,10/01/2025,09:32:54,49868.25,49845.4,60,49861.35,120,0,604110
BANKNIFTY-II.NFO,10/01/2025,09:32:56,49868.25,49842.2,60,49857.35,120,0,604110
BANKNIFTY-II.NFO,10/01/2025,09:32:58,49830.2,49830.05,30,49837.7,120,90,604110
BANKNIFTY-II.NFO,10/01/2025,09:32:59,49830,49820,210,49828.8,90,330,604110
BANKNIFTY-II.NFO,10/01/2025,09:33:01,49820,49814.4,120,49827.8,30,210,604110
BANKNIFTY-II.NFO,10/01/2025,09:33:03,49820,49816.35,120,49831,30,0,604110
BANKNIFTY-II.NFO,10/01/2025,09:33:04,49820,49820.6,120,49834.4,30,0,604110
BANKNIFTY-II.NFO,10/01/2025,09:33:06,49822.75,49813.5,120,49827.45,120,30,604110
BANKNIFTY-II.NFO,10/01/2025,09:33:08,49822.75,49813.35,30,49825.3,90,0,604110
BANKNIFTY-II.NFO,10/01/2025,09:33:09,49822.75,49811.05,120,49820.95,60,0,604110
BANKNIFTY-II.NFO,10/01/2025,09:33:11,49822.75,49820,30,49826.2,90,0,604110
BANKNIFTY-II.NFO,10/01/2025,09:33:13,49802,49801.3,30,49806.9,120,150,604110
BANKNIFTY-II.NFO,10/01/2025,09:33:13,49802,49801.3,30,49806.9,120,0,604110
BANKNIFTY-II.NFO,10/01/2025,09:33:14,49800,49787.15,30,49794.75,90,630,604110
BANKNIFTY-II.NFO,10/01/2025,09:33:14,49800,49787.15,30,49794.75,90,0,604110
BANKNIFTY-II.NFO,10/01/2025,09:33:16,49794.8,49787.5,30,49793.25,90,30,604110
BANKNIFTY-II.NFO,10/01/2025,09:33:16,49794.8,49787.5,30,49793.25,90,0,604110
BANKNIFTY-II.NFO,10/01/2025,09:33:18,49786,49781.4,30,49790.5,90,90,604110
BANKNIFTY-II.NFO,10/01/2025,09:33:18,49786,49781.4,30,49790.5,90,0,604110
BANKNIFTY-II.NFO,10/01/2025,09:33:19,49786,49783.45,30,49790.5,90,0,604110
BANKNIFTY-II.NFO,10/01/2025,09:33:21,49783.6,49781,60,49786.6,90,60,604110
BANKNIFTY-II.NFO,10/01/2025,09:33:21,49783.6,49781,60,49786.6,90,0,604110
BANKNIFTY-II.NFO,10/01/2025,09:33:23,49780,49775,30,49782.9,90,120,604110
BANKNIFTY-II.NFO,10/01/2025,09:33:23,49780,49775,30,49782.9,90,0,604110
BANKNIFTY-II.NFO,10/01/2025,09:33:24,49781.9,49772.4,60,49787.9,90,240,604110
BANKNIFTY-II.NFO,10/01/2025,09:33:24,49770,49772.4,60,49787.9,90,0,604110
BANKNIFTY-II.NFO,10/01/2025,09:33:26,49769.1,49768.65,30,49780.55,60,60,606390
BANKNIFTY-II.NFO,10/01/2025,09:33:26,49769.1,49768.65,30,49780.55,60,0,606390
BANKNIFTY-II.NFO,10/01/2025,09:33:28,49769.1,49766.95,90,49776.65,60,0,606390
BANKNIFTY-II.NFO,10/01/2025,09:33:29,49781.95,49767.45,90,49782.75,90,90,606390
BANKNIFTY-II.NFO,10/01/2025,09:33:31,49768.3,49766,450,49777.85,120,30,606390
BANKNIFTY-II.NFO,10/01/2025,09:33:31,49768.3,49766,450,49777.85,120,0,606390
BANKNIFTY-II.NFO,10/01/2025,09:33:33,49768.3,49769.45,60,49781.3,30,0,606390
BANKNIFTY-II.NFO,10/01/2025,09:33:34,49768.3,49766.1,30,49776.8,30,0,606390
BANKNIFTY-II.NFO,10/01/2025,09:33:36,49768.3,49766.15,60,49776.5,30,0,606390
BANKNIFTY-II.NFO,10/01/2025,09:33:38,49768.3,49767.35,60,49776.5,30,0,606390
BANKNIFTY-II.NFO,10/01/2025,09:33:39,49768.3,49770.1,30,49775.95,120,0,606390
BANKNIFTY-II.NFO,10/01/2025,09:33:41,49766,49766,450,49774.6,90,1440,606390
BANKNIFTY-II.NFO,10/01/2025,09:33:41,49761,49766,450,49774.6,90,0,606390
BANKNIFTY-II.NFO,10/01/2025,09:33:43,49766,49766,270,49771.1,540,180,606390
BANKNIFTY-II.NFO,10/01/2025,09:33:45,49766,49755.05,60,49766.65,30,720,606390
BANKNIFTY-II.NFO,10/01/2025,09:33:46,49766,49755,30,49764.85,90,0,606390
BANKNIFTY-II.NFO,10/01/2025,09:33:48,49766,49755,30,49764.4,30,0,606390
BANKNIFTY-II.NFO,10/01/2025,09:33:50,49755,49751,30,49758.2,60,30,606390
BANKNIFTY-II.NFO,10/01/2025,09:33:50,49755,49751,30,49758.2,60,0,606390
BANKNIFTY-II.NFO,10/01/2025,09:33:51,49749,49743,30,49751.6,60,450,606390
BANKNIFTY-II.NFO,10/01/2025,09:33:51,49749,49743,30,49751.6,60,0,606390
BANKNIFTY-II.NFO,10/01/2025,09:33:53,49749,49743,30,49750.95,60,0,606390
BANKNIFTY-II.NFO,10/01/2025,09:33:55,49749,49743.05,60,49750.5,60,0,606390
BANKNIFTY-II.NFO,10/01/2025,09:33:56,49749,49743.05,60,49750.95,90,0,606390
BANKNIFTY-II.NFO,10/01/2025,09:33:58,49741.05,49741.05,120,49750.95,90,180,606390
BANKNIFTY-II.NFO,10/01/2025,09:33:58,49741.05,49741.05,120,49750.95,90,0,606390
BANKNIFTY-II.NFO,10/01/2025,09:34:00,49741.05,49741.2,120,49750.95,90,0,606390
BANKNIFTY-II.NFO,10/01/2025,09:34:01,49765.4,49755.65,120,49765.45,60,150,606390
BANKNIFTY-II.NFO,10/01/2025,09:34:03,49760.5,49751,60,49766.9,30,300,606390
BANKNIFTY-II.NFO,10/01/2025,09:34:05,49760.5,49750.95,30,49758.4,270,0,606390
BANKNIFTY-II.NFO,10/01/2025,09:34:06,49760.5,49750.95,30,49757.9,90,0,606390
BANKNIFTY-II.NFO,10/01/2025,09:34:08,49742,49741,60,49750.35,60,60,606390
BANKNIFTY-II.NFO,10/01/2025,09:34:10,49742,49741,60,49747.3,150,0,606390
BANKNIFTY-II.NFO,10/01/2025,09:34:11,49742,49741,60,49747.35,90,0,606390
BANKNIFTY-II.NFO,10/01/2025,09:34:13,49742,49741,60,49746.85,90,0,606390
BANKNIFTY-II.NFO,10/01/2025,09:34:15,49738.8,49729.6,30,49739.65,150,240,606390
BANKNIFTY-II.NFO,10/01/2025,09:34:15,49738.8,49729.6,30,49739.65,150,0,606390
BANKNIFTY-II.NFO,10/01/2025,09:34:16,49721,49709.45,30,49722.45,90,360,606390
BANKNIFTY-II.NFO,10/01/2025,09:34:16,49713.6,49709.45,30,49722.45,90,0,606390
BANKNIFTY-II.NFO,10/01/2025,09:34:18,49709.3,49709,30,49721.1,210,30,606390
BANKNIFTY-II.NFO,10/01/2025,09:34:18,49709.3,49709,30,49721.1,210,0,606390
BANKNIFTY-II.NFO,10/01/2025,09:34:20,49710.25,49721.05,60,49737.25,90,90,606390
BANKNIFTY-II.NFO,10/01/2025,09:34:20,49709,49721.05,60,49737.25,90,0,606390
BANKNIFTY-II.NFO,10/01/2025,09:34:21,49710.25,49716.5,60,49729.2,90,0,606390
BANKNIFTY-II.NFO,10/01/2025,09:34:23,49710.25,49714.6,60,49726.7,90,0,606390
BANKNIFTY-II.NFO,10/01/2025,09:34:25,49716.8,49715.6,60,49730,90,30,606390
BANKNIFTY-II.NFO,10/01/2025,09:34:26,49716.8,49716.9,60,49728.75,30,0,606390
BANKNIFTY-II.NFO,10/01/2025,09:34:28,49732,49719.95,60,49732.65,30,30,606390
BANKNIFTY-II.NFO,10/01/2025,09:34:30,49732,49715.85,60,49727.35,60,0,606390
BANKNIFTY-II.NFO,10/01/2025,09:34:31,49727.35,49715.85,30,49722.25,120,30,606390
BANKNIFTY-II.NFO,10/01/2025,09:34:33,49700,49687,30,49699.9,180,630,606390
BANKNIFTY-II.NFO,10/01/2025,09:34:33,49700,49687,30,49699.9,180,0,606390
BANKNIFTY-II.NFO,10/01/2025,09:34:35,49687,49681,120,49686.55,120,30,606390
BANKNIFTY-II.NFO,10/01/2025,09:34:35,49687,49681,120,49686.55,120,0,606390
BANKNIFTY-II.NFO,10/01/2025,09:34:36,49681,49681,90,49689.45,120,30,606390
BANKNIFTY-II.NFO,10/01/2025,09:34:36,49681,49681,90,49689.45,120,0,606390
BANKNIFTY-II.NFO,10/01/2025,09:34:38,49681,49681,90,49692,180,0,606390
BANKNIFTY-II.NFO,10/01/2025,09:34:40,49681,49681,120,49689.8,120,0,606390
BANKNIFTY-II.NFO,10/01/2025,09:34:41,49681,49681.2,60,49695.1,120,0,606390
BANKNIFTY-II.NFO,10/01/2025,09:34:43,49681,49681.4,60,49693.7,120,0,606390
BANKNIFTY-II.NFO,10/01/2025,09:34:45,49683.75,49681.3,60,49695.2,120,30,606390
BANKNIFTY-II.NFO,10/01/2025,09:34:46,49683.75,49688,30,49702.65,120,0,606390
BANKNIFTY-II.NFO,10/01/2025,09:34:48,49688,49682.25,30,49695.4,120,30,606390
BANKNIFTY-II.NFO,10/01/2025,09:34:50,49688,49684.45,60,49699.45,120,90,606390
BANKNIFTY-II.NFO,10/01/2025,09:34:51,49695.75,49682.3,60,49695.75,120,30,606390
BANKNIFTY-II.NFO,10/01/2025,09:34:53,49695.75,49682.65,60,49697.35,120,0,606390
BANKNIFTY-II.NFO,10/01/2025,09:34:55,49682.3,49682.65,30,49693.3,120,210,606390
BANKNIFTY-II.NFO,10/01/2025,09:34:56,49695.75,49682.75,30,49696.35,90,60,606390
BANKNIFTY-II.NFO,10/01/2025,09:34:58,49705.95,49690.85,60,49705.6,60,30,606390
BANKNIFTY-II.NFO,10/01/2025,09:35:00,49705.95,49690,30,49700.65,60,0,606390
BANKNIFTY-II.NFO,10/01/2025,09:35:01,49690,49685.3,30,49688.4,210,30,606390
BANKNIFTY-II.NFO,10/01/2025,09:35:03,49682.3,49681,90,49686.4,60,90,606390
BANKNIFTY-II.NFO,10/01/2025,09:35:05,49681,49680,90,49685.15,60,90,606390
BANKNIFTY-II.NFO,10/01/2025,09:35:06,49671.4,49661,60,49666.4,90,120,606390
BANKNIFTY-II.NFO,10/01/2025,09:35:06,49671.4,49661,60,49666.4,90,0,606390
BANKNIFTY-II.NFO,10/01/2025,09:35:08,49652.55,49655.15,120,49669,30,180,606390
BANKNIFTY-II.NFO,10/01/2025,09:35:08,49652.55,49655.15,120,49669,30,0,606390
BANKNIFTY-II.NFO,10/01/2025,09:35:10,49679.9,49670.75,120,49685.95,30,60,606390
BANKNIFTY-II.NFO,10/01/2025,09:35:11,49673.65,49666.4,30,49673.65,60,60,606390
BANKNIFTY-II.NFO,10/01/2025,09:35:13,49673.1,49668.65,120,49682.8,30,30,606390
BANKNIFTY-II.NFO,10/01/2025,09:35:15,49673.1,49671.3,60,49685,30,0,606390
BANKNIFTY-II.NFO,10/01/2025,09:35:16,49673.1,49674.25,60,49685.9,30,0,606390
BANKNIFTY-II.NFO,10/01/2025,09:35:18,49694.7,49689.75,60,49703.5,30,30,606390
BANKNIFTY-II.NFO,10/01/2025,09:35:20,49688.7,49689.9,120,49700.9,90,60,606390
BANKNIFTY-II.NFO,10/01/2025,09:35:21,49688.7,49689.2,120,49700.9,90,0,606390
BANKNIFTY-II.NFO,10/01/2025,09:35:23,49720.1,49710.3,120,49721.4,60,300,606390
BANKNIFTY-II.NFO,10/01/2025,09:35:25,49720.1,49708.35,120,49718.1,60,0,606390
BANKNIFTY-II.NFO,10/01/2025,09:35:26,49718.1,49707.8,30,49718.55,90,30,606390
BANKNIFTY-II.NFO,10/01/2025,09:35:28,49708,49705,120,49715.55,30,90,606390
BANKNIFTY-II.NFO,10/01/2025,09:35:30,49736.95,49720.3,120,49734.15,90,180,606390
BANKNIFTY-II.NFO,10/01/2025,09:35:31,49736.95,49713.05,120,49724.85,150,0,606390
BANKNIFTY-II.NFO,10/01/2025,09:35:33,49724.85,49709,60,49718.85,60,30,606390
BANKNIFTY-II.NFO,10/01/2025,09:35:35,49724.85,49706.1,120,49715.65,90,0,606390
BANKNIFTY-II.NFO,10/01/2025,09:35:36,49718.9,49712.4,120,49721.9,90,150,606390
BANKNIFTY-II.NFO,10/01/2025,09:35:38,49703.7,49692.4,120,49703,60,120,606390
BANKNIFTY-II.NFO,10/01/2025,09:35:40,49699.6,49688.3,120,49699.55,30,90,606390
BANKNIFTY-II.NFO,10/01/2025,09:35:41,49696.4,49687.05,30,49696.45,30,30,606390
BANKNIFTY-II.NFO,10/01/2025,09:35:43,49685.65,49680,30,49685.1,60,60,606390
BANKNIFTY-II.NFO,10/01/2025,09:35:45,49666.4,49659.95,30,49671.7,60,90,606390
BANKNIFTY-II.NFO,10/01/2025,09:35:46,49673.9,49664.85,30,49673.95,30,180,606390
BANKNIFTY-II.NFO,10/01/2025,09:35:48,49671,49664.9,30,49670.75,30,60,606390
BANKNIFTY-II.NFO,10/01/2025,09:35:50,49670,49662.35,90,49676.7,120,540,606390
BANKNIFTY-II.NFO,10/01/2025,09:35:51,49675.2,49667.95,90,49682.9,120,30,606390
BANKNIFTY-II.NFO,10/01/2025,09:35:53,49668.2,49667.15,30,49678.55,120,30,606390
BANKNIFTY-II.NFO,10/01/2025,09:35:55,49668.2,49667.2,30,49675,30,0,606390
BANKNIFTY-II.NFO,10/01/2025,09:35:56,49668.2,49667.25,30,49675,30,0,606390
BANKNIFTY-II.NFO,10/01/2025,09:35:58,49668.2,49669.95,60,49675,30,0,606390
BANKNIFTY-II.NFO,10/01/2025,09:36:00,49667.2,49667.05,30,49677.75,120,120,606390
BANKNIFTY-II.NFO,10/01/2025,09:36:01,49667.2,49667.1,30,49674.55,60,0,606390
BANKNIFTY-II.NFO,10/01/2025,09:36:03,49673.9,49667.1,30,49677.65,120,150,606390
BANKNIFTY-II.NFO,10/01/2025,09:36:05,49677.85,49671.9,30,49684.8,90,30,606390
BANKNIFTY-II.NFO,10/01/2025,09:36:06,49677.85,49672.55,30,49682.95,30,0,606390
BANKNIFTY-II.NFO,10/01/2025,09:36:08,49676,49671.85,30,49674.85,120,240,606390
BANKNIFTY-II.NFO,10/01/2025,09:36:10,49674.5,49671.95,30,49679.8,120,30,606390
BANKNIFTY-II.NFO,10/01/2025,09:36:11,49671.9,49668.2,30,49678.6,60,30,606390
BANKNIFTY-II.NFO,10/01/2025,09:36:13,49671.9,49671.65,60,49678.6,60,0,606390
BANKNIFTY-II.NFO,10/01/2025,09:36:15,49672.85,49672.05,30,49682.1,60,120,606390
BANKNIFTY-II.NFO,10/01/2025,09:36:16,49681.75,49673.15,30,49681.65,60,30,606390
BANKNIFTY-II.NFO,10/01/2025,09:36:18,49685.1,49672.15,60,49679.5,270,90,606390
BANKNIFTY-II.NFO,10/01/2025,09:36:20,49677.4,49672.05,30,49677.4,30,120,606390
BANKNIFTY-II.NFO,10/01/2025,09:36:21,49671.75,49674.05,120,49685.9,60,90,606390
BANKNIFTY-II.NFO,10/01/2025,09:36:23,49671.75,49677.5,30,49688.6,60,0,606390
BANKNIFTY-II.NFO,10/01/2025,09:36:25,49688.95,49680.25,30,49691.2,120,30,606390
BANKNIFTY-II.NFO,10/01/2025,09:36:26,49666.95,49660,30,49666.85,30,420,606030
BANKNIFTY-II.NFO,10/01/2025,09:36:28,49666.25,49660,30,49666.25,30,30,606030
BANKNIFTY-II.NFO,10/01/2025,09:36:30,49666.2,49665.7,30,49671.75,30,90,606030
BANKNIFTY-II.NFO,10/01/2025,09:36:31,49665.9,49665.9,30,49671.35,60,30,606030
BANKNIFTY-II.NFO,10/01/2025,09:36:33,49665.9,49665.9,30,49671.6,60,0,606030
BANKNIFTY-II.NFO,10/01/2025,09:36:35,49660,49658.35,120,49669.7,30,120,606030
BANKNIFTY-II.NFO,10/01/2025,09:36:36,49667.05,49659.9,30,49667.1,30,30,606030
BANKNIFTY-II.NFO,10/01/2025,09:36:38,49660,49661.65,120,49669.65,30,90,606030
BANKNIFTY-II.NFO,10/01/2025,09:36:40,49669.5,49660,30,49665.95,30,30,606030
BANKNIFTY-II.NFO,10/01/2025,09:36:41,49669.5,49652.7,120,49665.9,60,0,606030
BANKNIFTY-II.NFO,10/01/2025,09:36:43,49669.5,49660,30,49665.9,60,0,606030
BANKNIFTY-II.NFO,10/01/2025,09:36:45,49669.5,49660,60,49665.85,30,0,606030
BANKNIFTY-II.NFO,10/01/2025,09:36:46,49669.6,49664.55,120,49671.75,30,300,606030
BANKNIFTY-II.NFO,10/01/2025,09:36:48,49661.3,49667.95,30,49679.9,30,300,606030
BANKNIFTY-II.NFO,10/01/2025,09:36:50,49661.3,49669.65,30,49676.85,30,0,606030
BANKNIFTY-II.NFO,10/01/2025,09:36:51,49661.3,49667.35,30,49679.35,30,0,606030
BANKNIFTY-II.NFO,10/01/2025,09:36:53,49661.3,49661.6,30,49672.35,120,0,606030
BANKNIFTY-II.NFO,10/01/2025,09:36:55,49661.3,49660,60,49667,120,0,606030
BANKNIFTY-II.NFO,10/01/2025,09:36:56,49667,49660,60,49667.05,30,30,606030
BANKNIFTY-II.NFO,10/01/2025,09:36:58,49666,49661,30,49666.1,60,30,606030
BANKNIFTY-II.NFO,10/01/2025,09:37:00,49655.05,49652.55,90,49660,60,120,606030
BANKNIFTY-II.NFO,10/01/2025,09:37:01,49670.05,49659.45,60,49670.9,90,120,606030
BANKNIFTY-II.NFO,10/01/2025,09:37:03,49662.1,49661.3,30,49670.8,90,90,606030
BANKNIFTY-II.NFO,10/01/2025,09:37:05,49670.85,49665.2,90,49676.9,90,120,606030
BANKNIFTY-II.NFO,10/01/2025,09:37:06,49670.85,49666.15,60,49678.15,90,0,606030
BANKNIFTY-II.NFO,10/01/2025,09:37:08,49670.85,49655,30,49667.75,60,0,606030
BANKNIFTY-II.NFO,10/01/2025,09:37:10,49670.85,49655,30,49666.45,90,0,606030
BANKNIFTY-II.NFO,10/01/2025,09:37:11,49666.45,49655.5,30,49660.65,90,30,606030
BANKNIFTY-II.NFO,10/01/2025,09:37:13,49655.5,49652.55,60,49663.85,90,150,606030
BANKNIFTY-II.NFO,10/01/2025,09:37:15,49664.25,49655.85,90,49671.7,90,90,606030
BANKNIFTY-II.NFO,10/01/2025,09:37:16,49670,49662.45,90,49671.55,30,30,606030
BANKNIFTY-II.NFO,10/01/2025,09:37:18,49670.85,49661.1,30,49670.95,30,30,606030
BANKNIFTY-II.NFO,10/01/2025,09:37:20,49665,49661.1,30,49669.7,60,30,606030
BANKNIFTY-II.NFO,10/01/2025,09:37:21,49670.05,49661.15,60,49671.5,60,90,606030
BANKNIFTY-II.NFO,10/01/2025,09:37:23,49661.1,49652.55,30,49664.15,30,60,606030
BANKNIFTY-II.NFO,10/01/2025,09:37:25,49661.1,49652.6,30,49659.1,60,0,606030
BANKNIFTY-II.NFO,10/01/2025,09:37:26,49673.95,49666.15,90,49682.95,30,270,606030
BANKNIFTY-II.NFO,10/01/2025,09:37:28,49679.85,49668,30,49680.2,120,30,606030
BANKNIFTY-II.NFO,10/01/2025,09:37:30,49679.85,49660,30,49665.45,120,0,606030
BANKNIFTY-II.NFO,10/01/2025,09:37:31,49652.55,49651.75,30,49652.55,90,90,606030
BANKNIFTY-II.NFO,10/01/2025,09:37:33,49652.55,49651.75,30,49663,90,150,606030
BANKNIFTY-II.NFO,10/01/2025,09:37:33,49652.5,49651.75,30,49663,90,0,606030
BANKNIFTY-II.NFO,10/01/2025,09:37:35,49652.55,49654,60,49666.55,120,0,606030
BANKNIFTY-II.NFO,10/01/2025,09:37:36,49652.55,49651.75,30,49662.95,120,0,606030
BANKNIFTY-II.NFO,10/01/2025,09:37:38,49652.55,49652.55,30,49662.25,120,0,606030
BANKNIFTY-II.NFO,10/01/2025,09:37:40,49652.55,49652.55,30,49662.5,120,0,606030
BANKNIFTY-II.NFO,10/01/2025,09:37:41,49652.55,49655,30,49661.7,30,0,606030
BANKNIFTY-II.NFO,10/01/2025,09:37:43,49655,49655,90,49664.85,90,60,606030
BANKNIFTY-II.NFO,10/01/2025,09:37:45,49667.95,49655.15,60,49670.55,120,120,606030
BANKNIFTY-II.NFO,10/01/2025,09:37:46,49653.3,49660.55,30,49670.9,60,240,606030
BANKNIFTY-II.NFO,10/01/2025,09:37:48,49661.1,49655.85,30,49665.55,120,60,606030
BANKNIFTY-II.NFO,10/01/2025,09:37:50,49666.65,49657.4,30,49666.7,90,60,606030
BANKNIFTY-II.NFO,10/01/2025,09:37:51,49652.5,49665.3,30,49670.25,120,150,606030
BANKNIFTY-II.NFO,10/01/2025,09:37:53,49665.3,49652,60,49663.45,90,30,606030
BANKNIFTY-II.NFO,10/01/2025,09:37:55,49657.05,49656.95,30,49663.35,30,30,606030
BANKNIFTY-II.NFO,10/01/2025,09:37:56,49663.35,49656.95,30,49664.6,90,30,606030
BANKNIFTY-II.NFO,10/01/2025,09:37:58,49655.05,49652,60,49658.85,120,30,606030
BANKNIFTY-II.NFO,10/01/2025,09:38:00,49655.05,49654.6,30,49662.95,60,0,606030
BANKNIFTY-II.NFO,10/01/2025,09:38:01,49665.95,49655.95,60,49670.9,90,60,606030
BANKNIFTY-II.NFO,10/01/2025,09:38:03,49671.35,49658.65,30,49671.1,90,30,606030
BANKNIFTY-II.NFO,10/01/2025,09:38:05,49671.35,49656.8,30,49668.35,30,0,606030
BANKNIFTY-II.NFO,10/01/2025,09:38:06,49654.5,49657.6,30,49665.6,60,60,606030
BANKNIFTY-II.NFO,10/01/2025,09:38:08,49662.05,49652,60,49662.15,90,30,606030
BANKNIFTY-II.NFO,10/01/2025,09:38:10,49663.45,49657.7,30,49670.2,60,90,606030
BANKNIFTY-II.NFO,10/01/2025,09:38:11,49670.15,49657.7,30,49671.25,90,30,606030
BANKNIFTY-II.NFO,10/01/2025,09:38:13,49659.05,49658.85,60,49671.2,90,30,606030
BANKNIFTY-II.NFO,10/01/2025,09:38:15,49668.6,49653,60,49666.15,90,30,606030
BANKNIFTY-II.NFO,10/01/2025,09:38:16,49670.1,49657.8,60,49670.95,30,180,606030
BANKNIFTY-II.NFO,10/01/2025,09:38:18,49670.1,49661.3,30,49674.9,60,0,606030
BANKNIFTY-II.NFO,10/01/2025,09:38:20,49670.1,49661.3,30,49673.75,60,0,606030
BANKNIFTY-II.NFO,10/01/2025,09:38:21,49677.95,49669.8,60,49684.75,90,60,606030
BANKNIFTY-II.NFO,10/01/2025,09:38:23,49677.95,49663.05,30,49677.2,90,0,606030
BANKNIFTY-II.NFO,10/01/2025,09:38:25,49677.95,49663,30,49676.8,60,0,606030
BANKNIFTY-II.NFO,10/01/2025,09:38:26,49677.95,49667.9,30,49679.15,90,0,606030
BANKNIFTY-II.NFO,10/01/2025,09:38:28,49681.35,49677.5,60,49691.95,30,120,606030
BANKNIFTY-II.NFO,10/01/2025,09:38:30,49691.95,49670.8,60,49688.2,120,60,606030
BANKNIFTY-II.NFO,10/01/2025,09:38:31,49695.45,49694.95,30,49706.45,60,120,606030
BANKNIFTY-II.NFO,10/01/2025,09:38:33,49693.2,49691,30,49698.4,60,120,606030
BANKNIFTY-II.NFO,10/01/2025,09:38:35,49693.2,49686.45,60,49699.85,60,0,606030
BANKNIFTY-II.NFO,10/01/2025,09:38:36,49693.2,49687.7,30,49699.75,60,0,606030
BANKNIFTY-II.NFO,10/01/2025,09:38:38,49696.3,49688.95,120,49703.8,120,30,606030
BANKNIFTY-II.NFO,10/01/2025,09:38:40,49700,49694.15,30,49704.8,30,60,606030
BANKNIFTY-II.NFO,10/01/2025,09:38:41,49694.35,49698.45,60,49712.9,30,60,606030
BANKNIFTY-II.NFO,10/01/2025,09:38:43,49695.05,49700.6,30,49711.9,120,60,606030
BANKNIFTY-II.NFO,10/01/2025,09:38:45,49695.05,49700.6,30,49712.95,30,0,606030
BANKNIFTY-II.NFO,10/01/2025,09:38:46,49713.55,49702.65,60,49713.65,30,30,606030
BANKNIFTY-II.NFO,10/01/2025,09:38:48,49695.3,49695.25,60,49707.65,30,30,606030
BANKNIFTY-II.NFO,10/01/2025,09:38:50,49717.6,49700.85,30,49711.35,30,150,606030
BANKNIFTY-II.NFO,10/01/2025,09:38:51,49699.95,49699.05,30,49708,30,30,606030
BANKNIFTY-II.NFO,10/01/2025,09:38:53,49699.95,49695,180,49699.45,120,0,606030
BANKNIFTY-II.NFO,10/01/2025,09:38:55,49688.7,49676.1,60,49688.55,30,210,606030
BANKNIFTY-II.NFO,10/01/2025,09:38:56,49672.8,49667,30,49672.85,90,30,606030
BANKNIFTY-II.NFO,10/01/2025,09:38:58,49672.85,49669.7,120,49679.1,30,60,606030
BANKNIFTY-II.NFO,10/01/2025,09:39:00,49679.1,49668.55,60,49680.05,90,30,606030
BANKNIFTY-II.NFO,10/01/2025,09:39:01,49679.1,49667,30,49677.45,120,0,606030
BANKNIFTY-II.NFO,10/01/2025,09:39:03,49679.1,49668.9,120,49681.85,90,0,606030
BANKNIFTY-II.NFO,10/01/2025,09:39:05,49679.1,49668.8,30,49679.85,90,0,606030
BANKNIFTY-II.NFO,10/01/2025,09:39:07,49672.1,49670.7,60,49682.7,90,60,606030
BANKNIFTY-II.NFO,10/01/2025,09:39:08,49672.1,49672.35,30,49681.75,120,0,606030
BANKNIFTY-II.NFO,10/01/2025,09:39:10,49687.85,49680.6,120,49694.9,90,90,606030
BANKNIFTY-II.NFO,10/01/2025,09:39:12,49687.85,49678.25,120,49691.85,120,0,606030
BANKNIFTY-II.NFO,10/01/2025,09:39:13,49687.85,49677.85,60,49691.75,120,0,606030
BANKNIFTY-II.NFO,10/01/2025,09:39:15,49687.85,49685.75,120,49698.8,120,0,606030
BANKNIFTY-II.NFO,10/01/2025,09:39:17,49695.25,49686.3,120,49699.95,150,30,606030
BANKNIFTY-II.NFO,10/01/2025,09:39:18,49695.25,49681.75,30,49695.95,120,0,606030
BANKNIFTY-II.NFO,10/01/2025,09:39:20,49695.95,49689.15,60,49700,30,30,606030
BANKNIFTY-II.NFO,10/01/2025,09:39:22,49695.95,49688.1,60,49700,30,0,606030
BANKNIFTY-II.NFO,10/01/2025,09:39:23,49695.95,49686.9,60,49699.3,90,0,606030
BANKNIFTY-II.NFO,10/01/2025,09:39:25,49695.95,49687.35,60,49699.1,30,0,606030
BANKNIFTY-II.NFO,10/01/2025,09:39:27,49695.95,49683.8,30,49695.2,90,0,606030
BANKNIFTY-II.NFO,10/01/2025,09:39:28,49695.9,49685.7,60,49698.5,30,120,608850
BANKNIFTY-II.NFO,10/01/2025,09:39:30,49695.9,49687.1,60,49700,30,0,608850
BANKNIFTY-II.NFO,10/01/2025,09:39:32,49695.9,49683.8,30,49695,30,0,608850
BANKNIFTY-II.NFO,10/01/2025,09:39:33,49681.75,49672.15,60,49684.05,30,30,608850
BANKNIFTY-II.NFO,10/01/2025,09:39:35,49681.75,49670.35,60,49684.55,30,0,608850
BANKNIFTY-II.NFO,10/01/2025,09:39:37,49681.75,49675.75,60,49688.45,30,0,608850
BANKNIFTY-II.NFO,10/01/2025,09:39:38,49681.75,49680,30,49691.6,60,0,608850
BANKNIFTY-II.NFO,10/01/2025,09:39:40,49668.55,49666.3,30,49672.55,60,240,608850
BANKNIFTY-II.NFO,10/01/2025,09:39:41,49659.55,49660.3,30,49669.9,60,90,608850
BANKNIFTY-II.NFO,10/01/2025,09:39:43,49670,49669.25,120,49683.45,30,90,608850
BANKNIFTY-II.NFO,10/01/2025,09:39:45,49670,49666.75,60,49680.1,30,0,608850
BANKNIFTY-II.NFO,10/01/2025,09:39:46,49670,49665.4,30,49677.65,30,0,608850
BANKNIFTY-II.NFO,10/01/2025,09:39:48,49670,49668.75,120,49683.95,30,0,608850
BANKNIFTY-II.NFO,10/01/2025,09:39:50,49670,49675.8,60,49689.5,30,0,608850
BANKNIFTY-II.NFO,10/01/2025,09:39:51,49670,49681.7,60,49695.9,30,0,608850
BANKNIFTY-II.NFO,10/01/2025,09:39:53,49670,49677.8,60,49692.7,30,0,608850
BANKNIFTY-II.NFO,10/01/2025,09:39:55,49673.8,49673.05,60,49687.25,60,30,608850
BANKNIFTY-II.NFO,10/01/2025,09:39:56,49673.8,49674.15,120,49687.65,60,0,608850
BANKNIFTY-II.NFO,10/01/2025,09:39:58,49673.8,49669.6,60,49683.85,30,0,608850
BANKNIFTY-II.NFO,10/01/2025,09:40:00,49673.8,49665.15,60,49680.55,60,0,608850
BANKNIFTY-II.NFO,10/01/2025,09:40:01,49673.8,49662.3,30,49671.7,120,0,608850
BANKNIFTY-II.NFO,10/01/2025,09:40:03,49670.75,49662.3,30,49670.75,30,30,608850
BANKNIFTY-II.NFO,10/01/2025,09:40:05,49682.25,49666.05,60,49681.2,60,300,608850
BANKNIFTY-II.NFO,10/01/2025,09:40:06,49682.25,49669.55,150,49688.85,60,0,608850
BANKNIFTY-II.NFO,10/01/2025,09:40:08,49682.25,49667.75,120,49686.65,60,0,608850
BANKNIFTY-II.NFO,10/01/2025,09:40:10,49682.25,49676.3,60,49688.9,30,0,608850
BANKNIFTY-II.NFO,10/01/2025,09:40:11,49682.25,49681.35,60,49697.9,30,0,608850
BANKNIFTY-II.NFO,10/01/2025,09:40:13,49682.25,49682.5,30,49695.1,60,0,608850
BANKNIFTY-II.NFO,10/01/2025,09:40:15,49679.45,49684.45,120,49697,30,150,608850
BANKNIFTY-II.NFO,10/01/2025,09:40:16,49700,49696,90,49708.5,60,60,608850
BANKNIFTY-II.NFO,10/01/2025,09:40:18,49725.05,49702.95,30,49713.1,120,30,608850
BANKNIFTY-II.NFO,10/01/2025,09:40:20,49710.25,49692.35,120,49708.6,90,30,608850
BANKNIFTY-II.NFO,10/01/2025,09:40:21,49710.25,49700.1,120,49714.95,90,0,608850
BANKNIFTY-II.NFO,10/01/2025,09:40:23,49700,49697.4,120,49712.55,90,60,608850
BANKNIFTY-II.NFO,10/01/2025,09:40:24,49712.1,49703.15,120,49719.95,60,30,608850
BANKNIFTY-II.NFO,10/01/2025,09:40:26,49712.1,49712.55,30,49718.25,60,0,608850
BANKNIFTY-II.NFO,10/01/2025,09:40:28,49712.1,49712.55,30,49723.85,60,0,608850
BANKNIFTY-II.NFO,10/01/2025,09:40:29,49712.1,49712.55,30,49726.95,60,0,608850
BANKNIFTY-II.NFO,10/01/2025,09:40:31,49716.5,49712.6,30,49726,60,30,608850
BANKNIFTY-II.NFO,10/01/2025,09:40:33,49716.5,49715.65,120,49732.1,60,0,608850
BANKNIFTY-II.NFO,10/01/2025,09:40:34,49728.7,49713.2,60,49728.6,30,30,608850
BANKNIFTY-II.NFO,10/01/2025,09:40:36,49728.75,49712.65,30,49727.45,150,60,608850
BANKNIFTY-II.NFO,10/01/2025,09:40:38,49718.7,49724.9,120,49743.6,150,30,608850
BANKNIFTY-II.NFO,10/01/2025,09:40:39,49718.7,49718.25,60,49729.55,60,0,608850
BANKNIFTY-II.NFO,10/01/2025,09:40:41,49718.7,49716.95,120,49731.15,60,0,608850
BANKNIFTY-II.NFO,10/01/2025,09:40:43,49733.05,49718.5,60,49733.15,150,60,608850
BANKNIFTY-II.NFO,10/01/2025,09:40:44,49733.05,49714.35,120,49729.2,60,0,608850
BANKNIFTY-II.NFO,10/01/2025,09:40:46,49733.05,49729.55,30,49734.75,150,0,608850
BANKNIFTY-II.NFO,10/01/2025,09:40:48,49731.85,49715.2,120,49730.4,30,90,608850
BANKNIFTY-II.NFO,10/01/2025,09:40:49,49731.85,49712.55,30,49727.45,60,0,608850
BANKNIFTY-II.NFO,10/01/2025,09:40:51,49727.35,49712.85,30,49725.7,90,90,608850
BANKNIFTY-II.NFO,10/01/2025,09:40:53,49727.35,49717.3,60,49730.4,30,0,608850
BANKNIFTY-II.NFO,10/01/2025,09:40:54,49727.35,49724.1,60,49731.9,30,0,608850
BANKNIFTY-II.NFO,10/01/2025,09:40:58,49729.65,49715.45,60,49730.7,60,270,608850
BANKNIFTY-II.NFO,10/01/2025,09:40:59,49729.65,49720,60,49731.8,60,0,608850
BANKNIFTY-II.NFO,10/01/2025,09:41:01,49731.8,49717.45,60,49731.85,30,60,608850
BANKNIFTY-II.NFO,10/01/2025,09:41:03,49731.85,49719.8,60,49733.95,30,30,608850
BANKNIFTY-II.NFO,10/01/2025,09:41:04,49714.2,49718.5,60,49733.85,60,30,608850
BANKNIFTY-II.NFO,10/01/2025,09:41:06,49730.05,49714.75,60,49730.8,60,30,608850
BANKNIFTY-II.NFO,10/01/2025,09:41:08,49730.05,49718.25,60,49733.9,90,0,608850
BANKNIFTY-II.NFO,10/01/2025,09:41:09,49730.05,49717.25,120,49736.55,60,0,608850
BANKNIFTY-II.NFO,10/01/2025,09:41:11,49732.1,49729.15,30,49738.3,30,30,608850
BANKNIFTY-II.NFO,10/01/2025,09:41:13,49732.1,49729.15,30,49739.95,30,0,608850
BANKNIFTY-II.NFO,10/01/2025,09:41:14,49732.1,49729.2,60,49739.95,30,0,608850
BANKNIFTY-II.NFO,10/01/2025,09:41:16,49732.1,49729.15,30,49739.85,90,0,608850
BANKNIFTY-II.NFO,10/01/2025,09:41:18,49732.1,49735.85,120,49739.9,60,0,608850
BANKNIFTY-II.NFO,10/01/2025,09:41:19,49740,49740.85,120,49750,30,90,608850
BANKNIFTY-II.NFO,10/01/2025,09:41:21,49747.95,49741.05,30,49749.95,90,30,608850
BANKNIFTY-II.NFO,10/01/2025,09:41:23,49747.95,49744.9,120,49750,30,0,608850
BANKNIFTY-II.NFO,10/01/2025,09:41:25,49750,49750.1,30,49758.45,30,30,608850
BANKNIFTY-II.NFO,10/01/2025,09:41:26,49750.1,49741.05,30,49753.1,60,30,608850
BANKNIFTY-II.NFO,10/01/2025,09:41:28,49741.05,49748,60,49762.55,150,30,608850
BANKNIFTY-II.NFO,10/01/2025,09:41:30,49741.05,49749.55,120,49764.8,60,0,608850
BANKNIFTY-II.NFO,10/01/2025,09:41:31,49759.6,49756.9,60,49772.2,300,30,608850
BANKNIFTY-II.NFO,10/01/2025,09:41:33,49756.95,49744.15,60,49760.2,30,30,608850
BANKNIFTY-II.NFO,10/01/2025,09:41:35,49755.6,49740.15,120,49755.35,60,30,608850
BANKNIFTY-II.NFO,10/01/2025,09:41:36,49733.85,49735.25,120,49754.25,30,60,608850
BANKNIFTY-II.NFO,10/01/2025,09:41:38,49733.85,49729.65,60,49742.2,30,0,608850
BANKNIFTY-II.NFO,10/01/2025,09:41:40,49733.85,49728.75,30,49738.75,30,0,608850
BANKNIFTY-II.NFO,10/01/2025,09:41:41,49740.65,49724.65,30,49739.3,150,30,608850
BANKNIFTY-II.NFO,10/01/2025,09:41:43,49740.65,49718.4,120,49732.95,60,0,608850
BANKNIFTY-II.NFO,10/01/2025,09:41:45,49740.65,49721.3,120,49736.7,60,0,608850
BANKNIFTY-II.NFO,10/01/2025,09:41:46,49732.2,49722.3,30,49736.3,60,90,608850
BANKNIFTY-II.NFO,10/01/2025,09:41:48,49732.2,49724.45,120,49739.4,60,0,608850
BANKNIFTY-II.NFO,10/01/2025,09:41:50,49723.05,49723.2,60,49737.8,60,60,608850
BANKNIFTY-II.NFO,10/01/2025,09:41:51,49723.05,49715.2,60,49732.25,60,0,608850
BANKNIFTY-II.NFO,10/01/2025,09:41:53,49723.05,49712.9,30,49726.15,60,0,608850
BANKNIFTY-II.NFO,10/01/2025,09:41:55,49723.05,49723.2,120,49737.5,60,0,608850
BANKNIFTY-II.NFO,10/01/2025,09:41:56,49719.05,49717,120,49732.4,120,60,608850
BANKNIFTY-II.NFO,10/01/2025,09:41:58,49719.05,49717.1,30,49729.25,120,0,608850
BANKNIFTY-II.NFO,10/01/2025,09:42:00,49719.05,49717.1,30,49730,150,0,608850
BANKNIFTY-II.NFO,10/01/2025,09:42:01,49735.25,49717.55,120,49733.8,90,30,608850
BANKNIFTY-II.NFO,10/01/2025,09:42:03,49735.25,49719.15,30,49728.05,90,0,608850
BANKNIFTY-II.NFO,10/01/2025,09:42:05,49735.25,49714.2,30,49722.55,60,0,608850
BANKNIFTY-II.NFO,10/01/2025,09:42:06,49706.15,49705.35,150,49717.9,60,60,608850
BANKNIFTY-II.NFO,10/01/2025,09:42:08,49696.2,49696.9,30,49707.95,90,180,608850
BANKNIFTY-II.NFO,10/01/2025,09:42:10,49695.05,49695.1,30,49706.55,60,60,608850
BANKNIFTY-II.NFO,10/01/2025,09:42:11,49703.85,49693.25,30,49703.9,60,30,608850
BANKNIFTY-II.NFO,10/01/2025,09:42:13,49703.9,49696.35,120,49711.2,90,120,608850
BANKNIFTY-II.NFO,10/01/2025,09:42:15,49703.9,49703.45,120,49718.4,90,0,608850
BANKNIFTY-II.NFO,10/01/2025,09:42:16,49705.9,49712.05,120,49726.8,120,30,608850
BANKNIFTY-II.NFO,10/01/2025,09:42:18,49723.2,49707.85,120,49722.4,90,30,608850
BANKNIFTY-II.NFO,10/01/2025,09:42:20,49723.2,49713.45,120,49727.9,90,0,608850
BANKNIFTY-II.NFO,10/01/2025,09:42:21,49723.2,49717.05,120,49733.85,90,0,608850
BANKNIFTY-II.NFO,10/01/2025,09:42:23,49723.2,49720.2,120,49735.75,90,0,608850
BANKNIFTY-II.NFO,10/01/2025,09:42:25,49723.2,49722.15,120,49736.9,90,0,608850
BANKNIFTY-II.NFO,10/01/2025,09:42:26,49723.2,49718.1,120,49733.8,150,0,608850
BANKNIFTY-II.NFO,10/01/2025,09:42:28,49723.2,49727,120,49742.35,90,0,608850
BANKNIFTY-II.NFO,10/01/2025,09:42:30,49723.2,49721.65,120,49734.9,90,0,608850
BANKNIFTY-II.NFO,10/01/2025,09:42:31,49723.2,49725.8,60,49734.85,30,0,608850
BANKNIFTY-II.NFO,10/01/2025,09:42:33,49723.2,49724.2,120,49734.85,30,0,608850
BANKNIFTY-II.NFO,10/01/2025,09:42:35,49723.2,49706.6,120,49722.05,90,0,608850
BANKNIFTY-II.NFO,10/01/2025,09:42:36,49723.2,49705.55,30,49714.25,90,0,608850
BANKNIFTY-II.NFO,10/01/2025,09:42:38,49706.65,49703.65,60,49711.8,90,30,609570
BANKNIFTY-II.NFO,10/01/2025,09:42:40,49703.7,49700,30,49704.2,90,30,609570
BANKNIFTY-II.NFO,10/01/2025,09:42:41,49700,49699.35,120,49710.95,60,30,609570
BANKNIFTY-II.NFO,10/01/2025,09:42:43,49700,49698.85,30,49711.1,90,0,609570
BANKNIFTY-II.NFO,10/01/2025,09:42:45,49700,49696.2,120,49711.05,90,0,609570
BANKNIFTY-II.NFO,10/01/2025,09:42:46,49696.2,49696.75,120,49710.35,120,30,609570
BANKNIFTY-II.NFO,10/01/2025,09:42:48,49696.2,49703,120,49716.3,120,0,609570
BANKNIFTY-II.NFO,10/01/2025,09:42:50,49696.2,49709.7,120,49716.15,60,0,609570
BANKNIFTY-II.NFO,10/01/2025,09:42:51,49711.75,49712.45,90,49727.25,60,30,609570
BANKNIFTY-II.NFO,10/01/2025,09:42:53,49711.75,49713.65,90,49731.35,120,0,609570
BANKNIFTY-II.NFO,10/01/2025,09:42:55,49711.75,49717.8,30,49730.15,120,0,609570
BANKNIFTY-II.NFO,10/01/2025,09:42:56,49734.9,49721.05,90,49735,30,60,609570
BANKNIFTY-II.NFO,10/01/2025,09:42:58,49734.9,49719.95,30,49734.4,120,0,609570
BANKNIFTY-II.NFO,10/01/2025,09:43:00,49734.9,49727.7,90,49735,30,0,609570
BANKNIFTY-II.NFO,10/01/2025,09:43:01,49733.8,49722.65,60,49734.8,120,120,609570
BANKNIFTY-II.NFO,10/01/2025,09:43:03,49733.8,49729.05,60,49735,30,0,609570
BANKNIFTY-II.NFO,10/01/2025,09:43:05,49735,49728.5,90,49743.3,120,30,609570
BANKNIFTY-II.NFO,10/01/2025,09:43:06,49735,49728.95,60,49743.7,120,0,609570
BANKNIFTY-II.NFO,10/01/2025,09:43:08,49735,49733.95,60,49751.4,120,0,609570
BANKNIFTY-II.NFO,10/01/2025,09:43:10,49735,49734.9,30,49746.95,120,0,609570
BANKNIFTY-II.NFO,10/01/2025,09:43:11,49735,49741.2,60,49756,120,0,609570
BANKNIFTY-II.NFO,10/01/2025,09:43:13,49735,49740.95,30,49751.6,120,0,609570
BANKNIFTY-II.NFO,10/01/2025,09:43:15,49735,49741.25,60,49758.55,120,0,609570
BANKNIFTY-II.NFO,10/01/2025,09:43:16,49758.55,49747.85,30,49758.55,120,30,609570
BANKNIFTY-II.NFO,10/01/2025,09:43:18,49758.55,49740.4,30,49752.2,120,0,609570
BANKNIFTY-II.NFO,10/01/2025,09:43:20,49758.55,49739.95,90,49755.9,120,0,609570
BANKNIFTY-II.NFO,10/01/2025,09:43:21,49747.35,49749.25,60,49764.65,120,30,609570
BANKNIFTY-II.NFO,10/01/2025,09:43:23,49747.35,49744.9,120,49761.25,120,0,609570
BANKNIFTY-II.NFO,10/01/2025,09:43:25,49747.35,49746.15,30,49759.55,120,0,609570
BANKNIFTY-II.NFO,10/01/2025,09:43:26,49747.35,49747.35,30,49754.35,120,0,609570
BANKNIFTY-II.NFO,10/01/2025,09:43:28,49747.35,49747.35,30,49756.65,120,0,609570
BANKNIFTY-II.NFO,10/01/2025,09:43:30,49758.45,49747.5,30,49759.1,90,90,609570
BANKNIFTY-II.NFO,10/01/2025,09:43:31,49758.45,49748,60,49758.5,90,0,609570
BANKNIFTY-II.NFO,10/01/2025,09:43:33,49758.45,49748.2,30,49758.7,90,0,609570
BANKNIFTY-II.NFO,10/01/2025,09:43:35,49758.45,49748.2,60,49761.1,90,0,609570
BANKNIFTY-II.NFO,10/01/2025,09:43:36,49758.45,49750.05,60,49762,90,0,609570
BANKNIFTY-II.NFO,10/01/2025,09:43:38,49758.45,49750.5,30,49757.4,90,0,609570
BANKNIFTY-II.NFO,10/01/2025,09:43:40,49758.45,49750.8,60,49756.95,90,0,609570
BANKNIFTY-II.NFO,10/01/2025,09:43:41,49758.45,49751.05,30,49758.45,30,0,609570
BANKNIFTY-II.NFO,10/01/2025,09:43:43,49758.45,49752.4,90,49758.45,30,0,609570
BANKNIFTY-II.NFO,10/01/2025,09:43:45,49758.45,49752.5,30,49757.4,90,0,609570
BANKNIFTY-II.NFO,10/01/2025,09:43:46,49758.45,49753.2,30,49758.45,30,0,609570
BANKNIFTY-II.NFO,10/01/2025,09:43:48,49758,49754.3,60,49758.4,30,30,609570
BANKNIFTY-II.NFO,10/01/2025,09:43:50,49758,49755.65,30,49758.45,30,0,609570
BANKNIFTY-II.NFO,10/01/2025,09:43:51,49758,49756.95,30,49758.45,30,0,609570
BANKNIFTY-II.NFO,10/01/2025,09:43:53,49758.45,49757.4,30,49767.9,90,30,609570
BANKNIFTY-II.NFO,10/01/2025,09:43:55,49758.45,49761.05,60,49773.3,90,0,609570
BANKNIFTY-II.NFO,10/01/2025,09:43:56,49758.45,49769.95,30,49778.7,30,0,609570
BANKNIFTY-II.NFO,10/01/2025,09:43:58,49758.45,49771.5,30,49778.7,30,0,609570
BANKNIFTY-II.NFO,10/01/2025,09:44:00,49771.5,49770.5,30,49778.7,30,30,609570
BANKNIFTY-II.NFO,10/01/2025,09:44:01,49771.5,49774.35,30,49778.7,30,0,609570
BANKNIFTY-II.NFO,10/01/2025,09:44:03,49771.5,49775.7,30,49778.7,30,0,609570
BANKNIFTY-II.NFO,10/01/2025,09:44:05,49775.7,49772.4,30,49777.55,300,30,609570
BANKNIFTY-II.NFO,10/01/2025,09:44:06,49771.7,49770,30,49774.4,90,30,609570
BANKNIFTY-II.NFO,10/01/2025,09:44:08,49771.7,49771.5,30,49777.95,30,0,609570
BANKNIFTY-II.NFO,10/01/2025,09:44:10,49748.35,49746,30,49749.8,90,540,609570
BANKNIFTY-II.NFO,10/01/2025,09:44:11,49746.05,49744.55,30,49751.15,90,30,609570
BANKNIFTY-II.NFO,10/01/2025,09:44:13,49746.05,49745,30,49753.8,90,0,609570
BANKNIFTY-II.NFO,10/01/2025,09:44:15,49746.05,49745.65,30,49754.4,90,0,609570
BANKNIFTY-II.NFO,10/01/2025,09:44:16,49746.05,49746.65,30,49755.7,90,0,609570
BANKNIFTY-II.NFO,10/01/2025,09:44:18,49746.05,49744.55,30,49754.85,60,0,609570
BANKNIFTY-II.NFO,10/01/2025,09:44:20,49746.05,49752.05,30,49764.7,90,0,609570
BANKNIFTY-II.NFO,10/01/2025,09:44:21,49746.05,49757.2,30,49764.85,90,0,609570
BANKNIFTY-II.NFO,10/01/2025,09:44:23,49771.85,49761.2,30,49768.55,120,60,609570
BANKNIFTY-II.NFO,10/01/2025,09:44:25,49771.85,49756.85,120,49771.75,120,0,609570
BANKNIFTY-II.NFO,10/01/2025,09:44:26,49771.85,49758.05,30,49772.25,120,0,609570
BANKNIFTY-II.NFO,10/01/2025,09:44:28,49771.85,49755.85,30,49767.3,120,0,609570
BANKNIFTY-II.NFO,10/01/2025,09:44:30,49771.85,49754.6,30,49766.8,120,0,609570
BANKNIFTY-II.NFO,10/01/2025,09:44:31,49771.85,49758.05,30,49771.65,120,0,609570
BANKNIFTY-II.NFO,10/01/2025,09:44:33,49755.8,49764.2,30,49770,120,60,609570
BANKNIFTY-II.NFO,10/01/2025,09:44:35,49755.8,49756.35,90,49769.7,120,0,609570
BANKNIFTY-II.NFO,10/01/2025,09:44:36,49768.4,49754.7,30,49767.2,120,30,609570
BANKNIFTY-II.NFO,10/01/2025,09:44:38,49768.4,49763.7,30,49775.45,120,0,609570
BANKNIFTY-II.NFO,10/01/2025,09:44:40,49768.4,49770.8,30,49777.65,120,0,609570
BANKNIFTY-II.NFO,10/01/2025,09:44:41,49768.4,49773.05,30,49778.7,30,0,609570
BANKNIFTY-II.NFO,10/01/2025,09:44:43,49770.05,49764.15,30,49772.6,120,60,609570
BANKNIFTY-II.NFO,10/01/2025,09:44:45,49770.05,49764.05,30,49778.2,120,0,609570
BANKNIFTY-II.NFO,10/01/2025,09:44:46,49770.05,49770.05,60,49776.45,120,0,609570
BANKNIFTY-II.NFO,10/01/2025,09:44:48,49764.05,49763.4,30,49764.05,30,60,609570
BANKNIFTY-II.NFO,10/01/2025,09:44:50,49764.05,49752.25,30,49762.75,120,0,609570
BANKNIFTY-II.NFO,10/01/2025,09:44:51,49764.05,49746.9,30,49755.1,120,0,609570
BANKNIFTY-II.NFO,10/01/2025,09:44:53,49749.1,49752.8,90,49764.05,30,30,609570
BANKNIFTY-II.NFO,10/01/2025,09:44:55,49746.05,49743.4,30,49749.1,120,60,609570
BANKNIFTY-II.NFO,10/01/2025,09:44:56,49746.05,49744.2,30,49749.65,120,0,609570
BANKNIFTY-II.NFO,10/01/2025,09:44:58,49746.05,49743.05,30,49757.5,120,0,609570
BANKNIFTY-II.NFO,10/01/2025,09:45:00,49752.1,49758.6,30,49764.05,30,60,609570
BANKNIFTY-II.NFO,10/01/2025,09:45:01,49764.05,49752.65,30,49767.8,60,30,609570
BANKNIFTY-II.NFO,10/01/2025,09:45:03,49764.05,49743.2,30,49757.8,120,0,609570
BANKNIFTY-II.NFO,10/01/2025,09:45:05,49764.05,49752.05,30,49762.85,120,0,609570
BANKNIFTY-II.NFO,10/01/2025,09:45:06,49764.05,49746.55,30,49760.25,120,0,609570
BANKNIFTY-II.NFO,10/01/2025,09:45:08,49764.05,49742.25,30,49752.95,60,0,609570
BANKNIFTY-II.NFO,10/01/2025,09:45:10,49764.05,49744.35,30,49760.15,120,0,609570
BANKNIFTY-II.NFO,10/01/2025,09:45:11,49764.05,49743.2,60,49756.85,60,0,609570
BANKNIFTY-II.NFO,10/01/2025,09:45:13,49764.05,49744.3,30,49755.25,120,0,609570
BANKNIFTY-II.NFO,10/01/2025,09:45:15,49743.9,49736.4,30,49745.8,120,30,609570
BANKNIFTY-II.NFO,10/01/2025,09:45:16,49743.9,49736.4,30,49745.85,30,0,609570
BANKNIFTY-II.NFO,10/01/2025,09:45:18,49736.4,49732.1,60,49744.15,150,60,609570
BANKNIFTY-II.NFO,10/01/2025,09:45:20,49737.5,49718.95,60,49733.8,120,60,609570
BANKNIFTY-II.NFO,10/01/2025,09:45:21,49737.5,49722.1,60,49729.65,120,0,609570
BANKNIFTY-II.NFO,10/01/2025,09:45:23,49737.5,49721.3,30,49728.9,60,0,609570
BANKNIFTY-II.NFO,10/01/2025,09:45:25,49727.05,49719.9,30,49732.95,120,60,609570
BANKNIFTY-II.NFO,10/01/2025,09:45:26,49712.5,49714,30,49726.8,120,90,609540
BANKNIFTY-II.NFO,10/01/2025,09:45:28,49712.5,49714.8,30,49728.6,120,0,609540
BANKNIFTY-II.NFO,10/01/2025,09:45:30,49712.5,49721.35,30,49732.15,120,0,609540
BANKNIFTY-II.NFO,10/01/2025,09:45:31,49721.35,49710.15,30,49724.6,120,30,609540
BANKNIFTY-II.NFO,10/01/2025,09:45:33,49721.35,49705,30,49711,120,0,609540
BANKNIFTY-II.NFO,10/01/2025,09:45:35,49700,49688.45,30,49695.95,120,150,609540
BANKNIFTY-II.NFO,10/01/2025,09:45:36,49675,49666.7,30,49674.95,90,390,609540
BANKNIFTY-II.NFO,10/01/2025,09:45:38,49666.85,49665.7,30,49674.8,90,30,609540
BANKNIFTY-II.NFO,10/01/2025,09:45:40,49666.85,49665.7,30,49674.8,90,0,609540
BANKNIFTY-II.NFO,10/01/2025,09:45:41,49666.85,49667.35,120,49674.8,90,0,609540
BANKNIFTY-II.NFO,10/01/2025,09:45:43,49670.35,49675.85,60,49690.85,120,150,609540
BANKNIFTY-II.NFO,10/01/2025,09:45:45,49670.35,49667.4,120,49682.8,120,0,609540
BANKNIFTY-II.NFO,10/01/2025,09:45:46,49670.35,49669.85,120,49685.75,120,0,609540
BANKNIFTY-II.NFO,10/01/2025,09:45:48,49673.4,49673.9,90,49689.55,120,30,609540
BANKNIFTY-II.NFO,10/01/2025,09:45:50,49673.4,49673.6,90,49688.15,120,0,609540
BANKNIFTY-II.NFO,10/01/2025,09:45:51,49673.4,49671.25,30,49684.2,120,0,609540
BANKNIFTY-II.NFO,10/01/2025,09:45:53,49673.4,49674.15,30,49686.1,120,0,609540
BANKNIFTY-II.NFO,10/01/2025,09:45:55,49673.4,49674.15,30,49685.45,120,0,609540
BANKNIFTY-II.NFO,10/01/2025,09:45:57,49685.45,49674.35,30,49686.15,120,30,609540
BANKNIFTY-II.NFO,10/01/2025,09:45:58,49675.85,49673.7,120,49684.6,60,30,609540
BANKNIFTY-II.NFO,10/01/2025,09:46:00,49684.6,49688.9,120,49698.7,90,60,609540
BANKNIFTY-II.NFO,10/01/2025,09:46:02,49684.6,49675.9,120,49687.45,90,0,609540
BANKNIFTY-II.NFO,10/01/2025,09:46:03,49676.2,49677.05,30,49687.45,120,30,609540
BANKNIFTY-II.NFO,10/01/2025,09:46:05,49687.45,49680.1,60,49687.35,30,30,609540
BANKNIFTY-II.NFO,10/01/2025,09:46:07,49687.45,49682.25,30,49687.3,30,0,609540
BANKNIFTY-II.NFO,10/01/2025,09:46:08,49682.4,49676.85,60,49685.9,90,60,609540
BANKNIFTY-II.NFO,10/01/2025,09:46:10,49682.4,49679.6,120,49689.95,90,0,609540
BANKNIFTY-II.NFO,10/01/2025,09:46:12,49692.4,49687.55,180,49697.9,90,30,609540
BANKNIFTY-II.NFO,10/01/2025,09:46:13,49711.8,49712.25,30,49726.5,120,180,609540
BANKNIFTY-II.NFO,10/01/2025,09:46:15,49706.75,49701.8,90,49715.7,90,60,609540
BANKNIFTY-II.NFO,10/01/2025,09:46:17,49701.95,49704.35,60,49711,30,30,609540
BANKNIFTY-II.NFO,10/01/2025,09:46:18,49706.1,49706.7,30,49715.75,60,30,609540
BANKNIFTY-II.NFO,10/01/2025,09:46:20,49706.1,49703.6,30,49711.5,60,0,609540
BANKNIFTY-II.NFO,10/01/2025,09:46:22,49706.1,49700.1,30,49708.55,60,0,609540
BANKNIFTY-II.NFO,10/01/2025,09:46:23,49706.1,49705.3,30,49712.3,60,0,609540
BANKNIFTY-II.NFO,10/01/2025,09:46:25,49706.1,49708.55,30,49713.85,30,0,609540
BANKNIFTY-II.NFO,10/01/2025,09:46:27,49713.9,49708.55,30,49713.95,90,60,609540
BANKNIFTY-II.NFO,10/01/2025,09:46:28,49711.45,49713.7,60,49726.3,90,60,609540
BANKNIFTY-II.NFO,10/01/2025,09:46:30,49713.7,49717.3,30,49727,30,30,609540
BANKNIFTY-II.NFO,10/01/2025,09:46:32,49713.7,49714.05,30,49725.35,30,0,609540
BANKNIFTY-II.NFO,10/01/2025,09:46:33,49713.7,49713.95,60,49726.95,30,0,609540
BANKNIFTY-II.NFO,10/01/2025,09:46:35,49727.05,49726.85,60,49741.35,90,120,609540
BANKNIFTY-II.NFO,10/01/2025,09:46:37,49727.05,49722.5,60,49736.2,90,0,609540
BANKNIFTY-II.NFO,10/01/2025,09:46:38,49727.05,49716.65,30,49728.65,90,0,609540
BANKNIFTY-II.NFO,10/01/2025,09:46:40,49727.05,49718.4,30,49731.65,90,0,609540
BANKNIFTY-II.NFO,10/01/2025,09:46:42,49727.05,49710.35,60,49723.75,90,0,609540
BANKNIFTY-II.NFO,10/01/2025,09:46:43,49727.05,49708.55,30,49722.25,120,0,609540
BANKNIFTY-II.NFO,10/01/2025,09:46:45,49727.05,49710.75,60,49724.15,30,0,609540
BANKNIFTY-II.NFO,10/01/2025,09:46:47,49727.05,49709.2,60,49722.75,120,0,609540
BANKNIFTY-II.NFO,10/01/2025,09:46:48,49727.05,49715.1,30,49724.55,120,0,609540
BANKNIFTY-II.NFO,10/01/2025,09:46:50,49727.05,49716.3,30,49726.8,30,0,609540
BANKNIFTY-II.NFO,10/01/2025,09:46:52,49727.05,49716.3,30,49726.1,150,0,609540
BANKNIFTY-II.NFO,10/01/2025,09:46:53,49708.9,49710.75,30,49721.4,30,120,609540
BANKNIFTY-II.NFO,10/01/2025,09:46:55,49705.1,49705.15,30,49717.05,120,180,609540
BANKNIFTY-II.NFO,10/01/2025,09:46:57,49705.1,49705.15,30,49714.85,60,0,609540
BANKNIFTY-II.NFO,10/01/2025,09:46:58,49714.85,49707.15,30,49719,30,60,609540
BANKNIFTY-II.NFO,10/01/2025,09:47:00,49714.85,49710.9,30,49719,120,0,609540
BANKNIFTY-II.NFO,10/01/2025,09:47:02,49714.85,49705.1,30,49713.25,90,0,609540
BANKNIFTY-II.NFO,10/01/2025,09:47:03,49714.75,49715.4,30,49725.55,120,180,609540
BANKNIFTY-II.NFO,10/01/2025,09:47:05,49714.75,49712,30,49719.25,90,0,609540
BANKNIFTY-II.NFO,10/01/2025,09:47:07,49714.75,49712.7,30,49720.2,90,0,609540
BANKNIFTY-II.NFO,10/01/2025,09:47:08,49715.15,49715.8,30,49721.35,90,30,609540
BANKNIFTY-II.NFO,10/01/2025,09:47:10,49715.15,49707.95,30,49715.55,90,0,609540
BANKNIFTY-II.NFO,10/01/2025,09:47:12,49715.15,49709.85,30,49716.4,90,0,609540
BANKNIFTY-II.NFO,10/01/2025,09:47:13,49715.15,49705.2,30,49714.3,90,0,609540
BANKNIFTY-II.NFO,10/01/2025,09:47:17,49709.1,49709.45,30,49716.9,90,60,609540
BANKNIFTY-II.NFO,10/01/2025,09:47:18,49709.1,49705.3,30,49710.6,60,0,609540
BANKNIFTY-II.NFO,10/01/2025,09:47:22,49709.1,49704.45,30,49709.75,30,0,609540
BANKNIFTY-II.NFO,10/01/2025,09:47:23,49708.6,49710.75,60,49717.4,60,150,609540
BANKNIFTY-II.NFO,10/01/2025,09:47:25,49708.6,49707.85,30,49715.55,60,0,609540
BANKNIFTY-II.NFO,10/01/2025,09:47:27,49708.6,49705.15,30,49715.55,60,0,609540
BANKNIFTY-II.NFO,10/01/2025,09:47:28,49705.15,49696.95,30,49709.3,120,120,609540
BANKNIFTY-II.NFO,10/01/2025,09:47:30,49709.15,49698,30,49709.9,90,30,609540
BANKNIFTY-II.NFO,10/01/2025,09:47:32,49699.15,49701.65,30,49710.6,120,90,609540
BANKNIFTY-II.NFO,10/01/2025,09:47:33,49699.15,49702.7,60,49713.7,90,0,609540
BANKNIFTY-II.NFO,10/01/2025,09:47:35,49699.15,49702.3,30,49712.55,120,0,609540
BANKNIFTY-II.NFO,10/01/2025,09:47:37,49702.7,49704.2,60,49715.9,90,30,609540
BANKNIFTY-II.NFO,10/01/2025,09:47:38,49702.7,49706.7,30,49714.95,120,0,609540
BANKNIFTY-II.NFO,10/01/2025,09:47:40,49718.7,49708.15,30,49719.05,120,60,609540
BANKNIFTY-II.NFO,10/01/2025,09:47:42,49702.55,49702.5,60,49712.6,60,30,609540
BANKNIFTY-II.NFO,10/01/2025,09:47:43,49712.6,49709.4,60,49721.9,90,90,609540
BANKNIFTY-II.NFO,10/01/2025,09:47:45,49712.6,49698.15,30,49710.7,90,0,609540
BANKNIFTY-II.NFO,10/01/2025,09:47:47,49712.6,49688.3,60,49701.5,90,0,609540
BANKNIFTY-II.NFO,10/01/2025,09:47:48,49712.6,49688.25,30,49697.2,120,0,609540
BANKNIFTY-II.NFO,10/01/2025,09:47:50,49712.6,49686.05,30,49694.8,90,0,609540
BANKNIFTY-II.NFO,10/01/2025,09:47:52,49712.6,49686.05,30,49694.3,90,0,609540
BANKNIFTY-II.NFO,10/01/2025,09:47:53,49712.6,49689.45,30,49695.35,210,0,609540
BANKNIFTY-II.NFO,10/01/2025,09:47:55,49712.6,49680.9,60,49690,150,0,609540
BANKNIFTY-II.NFO,10/01/2025,09:47:57,49689.85,49680.85,30,49689.6,60,60,609540
BANKNIFTY-II.NFO,10/01/2025,09:47:58,49689.85,49680.85,30,49689.35,120,0,609540
BANKNIFTY-II.NFO,10/01/2025,09:48:00,49689.85,49680.85,30,49688.3,180,0,609540
BANKNIFTY-II.NFO,10/01/2025,09:48:02,49689.85,49680.85,30,49687.65,120,0,609540
BANKNIFTY-II.NFO,10/01/2025,09:48:03,49689.85,49680.85,30,49687.4,120,0,609540
BANKNIFTY-II.NFO,10/01/2025,09:48:05,49689.85,49680.85,30,49686.55,120,0,609540
BANKNIFTY-II.NFO,10/01/2025,09:48:06,49689.85,49680.85,30,49686.3,120,0,609540
BANKNIFTY-II.NFO,10/01/2025,09:48:08,49680.85,49670,30,49679.35,120,30,609540
BANKNIFTY-II.NFO,10/01/2025,09:48:10,49680.85,49670,30,49678.65,120,0,609540
BANKNIFTY-II.NFO,10/01/2025,09:48:12,49678.65,49670,30,49676.4,120,60,609540
BANKNIFTY-II.NFO,10/01/2025,09:48:13,49656.65,49656.15,30,49665,120,120,609540
BANKNIFTY-II.NFO,10/01/2025,09:48:15,49665.05,49656.15,30,49667.2,90,120,609540
BANKNIFTY-II.NFO,10/01/2025,09:48:17,49665.05,49656.15,30,49665.8,120,0,609540
BANKNIFTY-II.NFO,10/01/2025,09:48:18,49665.05,49656.15,30,49663.6,120,0,609540
BANKNIFTY-II.NFO,10/01/2025,09:48:20,49662.35,49659.05,30,49670.8,90,30,609540
BANKNIFTY-II.NFO,10/01/2025,09:48:22,49662.35,49656.15,30,49667.35,90,0,609540
BANKNIFTY-II.NFO,10/01/2025,09:48:23,49662.35,49659.4,120,49669.65,90,0,609540
BANKNIFTY-II.NFO,10/01/2025,09:48:25,49662.35,49662.3,120,49669.55,30,0,609540
BANKNIFTY-II.NFO,10/01/2025,09:48:27,49662.35,49667,30,49674.65,90,0,609540
BANKNIFTY-II.NFO,10/01/2025,09:48:28,49662.35,49667,30,49673.5,90,0,609540
BANKNIFTY-II.NFO,10/01/2025,09:48:30,49662.35,49667,30,49673.55,30,0,609540
BANKNIFTY-II.NFO,10/01/2025,09:48:32,49668.6,49667,30,49674.15,90,60,611580
BANKNIFTY-II.NFO,10/01/2025,09:48:33,49668.6,49667,30,49673.6,90,0,611580
BANKNIFTY-II.NFO,10/01/2025,09:48:35,49662.35,49656.15,30,49661.3,90,90,611580
BANKNIFTY-II.NFO,10/01/2025,09:48:37,49650,49649.8,150,49654.3,150,630,611580
BANKNIFTY-II.NFO,10/01/2025,09:48:37,49650,49649.8,150,49654.3,150,0,611580
BANKNIFTY-II.NFO,10/01/2025,09:48:38,49649.8,49645,30,49652.35,150,150,611580
BANKNIFTY-II.NFO,10/01/2025,09:48:38,49649.8,49645,30,49652.35,150,0,611580
BANKNIFTY-II.NFO,10/01/2025,09:48:40,49649.8,49645.1,30,49653.2,90,0,611580
BANKNIFTY-II.NFO,10/01/2025,09:48:42,49649.8,49645,30,49652.6,90,0,611580
BANKNIFTY-II.NFO,10/01/2025,09:48:43,49650.8,49645,30,49650.7,30,30,611580
BANKNIFTY-II.NFO,10/01/2025,09:48:45,49645,49644.1,120,49650.7,30,30,611580
BANKNIFTY-II.NFO,10/01/2025,09:48:45,49645,49644.1,120,49650.7,30,0,611580
BANKNIFTY-II.NFO,10/01/2025,09:48:47,49650.8,49644.9,60,49655.4,90,90,611580
BANKNIFTY-II.NFO,10/01/2025,09:48:48,49650.8,49645.6,60,49660,90,0,611580
BANKNIFTY-II.NFO,10/01/2025,09:48:50,49650.8,49643.75,120,49656.95,30,0,611580
BANKNIFTY-II.NFO,10/01/2025,09:48:52,49650.8,49651.3,120,49664,90,0,611580
BANKNIFTY-II.NFO,10/01/2025,09:48:53,49650.8,49662.05,30,49674.45,90,0,611580
BANKNIFTY-II.NFO,10/01/2025,09:48:55,49650.8,49662.05,30,49674.45,30,0,611580
BANKNIFTY-II.NFO,10/01/2025,09:48:57,49650.8,49666.2,60,49678.05,270,0,611580
BANKNIFTY-II.NFO,10/01/2025,09:48:58,49650.8,49665.7,60,49677.8,30,0,611580
BANKNIFTY-II.NFO,10/01/2025,09:49:00,49650.8,49659.05,30,49670.1,60,0,611580
BANKNIFTY-II.NFO,10/01/2025,09:49:02,49650.8,49662.3,60,49670.05,30,0,611580
BANKNIFTY-II.NFO,10/01/2025,09:49:03,49650.8,49660.05,120,49669.7,30,0,611580
