Ticker,Date,Time,LTP,BuyPrice,BuyQty,SellPrice,SellQty,LTQ,OpenInterest
NIFTY-III.NFO,10/01/2025,09:15:06,23916,23916.05,150,23931.05,150,75,333300
NIFTY-III.NFO,10/01/2025,09:15:06,23916,23916.05,150,23931.05,150,0,333300
NIFTY-III.NFO,10/01/2025,09:15:06,23916,23916.05,150,23931.05,150,0,333300
NIFTY-III.NFO,10/01/2025,09:15:06,23916,23916.05,150,23931.05,150,0,333300
NIFTY-III.NFO,10/01/2025,09:15:08,23916,23910.7,150,23926.5,150,0,333300
NIFTY-III.NFO,10/01/2025,09:15:09,23907.25,23907.35,75,23921.6,150,75,333300
NIFTY-III.NFO,10/01/2025,09:15:09,23907.25,23907.35,75,23921.6,150,0,333300
NIFTY-III.NFO,10/01/2025,09:15:11,23907.25,23900.35,75,23917.1,150,0,333300
NIFTY-III.NFO,10/01/2025,09:15:12,23907.25,23900.05,75,23915.4,150,0,333300
NIFTY-III.NFO,10/01/2025,09:15:14,23907.25,23900.05,75,23907.25,75,0,333300
NIFTY-III.NFO,10/01/2025,09:15:16,23907.25,23900.05,75,23905,600,0,333300
NIFTY-III.NFO,10/01/2025,09:15:17,23907.25,23903.3,75,23905,600,0,333300
NIFTY-III.NFO,10/01/2025,09:15:19,23907.25,23903.6,75,23920.15,150,675,333300
NIFTY-III.NFO,10/01/2025,09:15:19,23905,23903.6,75,23920.15,150,0,333300
NIFTY-III.NFO,10/01/2025,09:15:21,23907.25,23905.35,75,23919.8,150,0,333300
NIFTY-III.NFO,10/01/2025,09:15:22,23906.75,23906.7,300,23920.9,150,75,333450
NIFTY-III.NFO,10/01/2025,09:15:24,23906.75,23911.45,375,23920.95,75,0,333450
NIFTY-III.NFO,10/01/2025,09:15:25,23906.75,23911.8,150,23927.5,150,0,333450
NIFTY-III.NFO,10/01/2025,09:15:27,23926.85,23909.65,150,23924.65,150,150,333450
NIFTY-III.NFO,10/01/2025,09:15:27,23926.85,23909.65,150,23924.65,150,0,333450
NIFTY-III.NFO,10/01/2025,09:15:29,23926.85,23908.45,150,23923.1,150,0,333450
NIFTY-III.NFO,10/01/2025,09:15:30,23926.15,23911.75,150,23926.2,375,150,333450
NIFTY-III.NFO,10/01/2025,09:15:32,23926.15,23912.15,150,23926.85,75,0,333450
NIFTY-III.NFO,10/01/2025,09:15:34,23924.85,23915.9,150,23928.25,75,75,333450
NIFTY-III.NFO,10/01/2025,09:15:35,23924.85,23915.45,150,23928.2,375,0,333450
NIFTY-III.NFO,10/01/2025,09:15:37,23924.85,23910.9,150,23923.8,150,0,333450
NIFTY-III.NFO,10/01/2025,09:15:38,23924.85,23913.8,150,23926.75,75,0,333450
NIFTY-III.NFO,10/01/2025,09:15:40,23924.85,23909.55,150,23925.55,75,0,333450
NIFTY-III.NFO,10/01/2025,09:15:42,23924.85,23910.2,150,23923.35,75,0,333450
NIFTY-III.NFO,10/01/2025,09:15:43,23924.85,23911.25,150,23922.55,75,0,333450
NIFTY-III.NFO,10/01/2025,09:15:45,23924.85,23912.45,300,23924.45,75,0,333450
NIFTY-III.NFO,10/01/2025,09:15:47,23924.85,23912.3,150,23923.4,450,0,333450
NIFTY-III.NFO,10/01/2025,09:15:48,23924.85,23910.1,150,23923,225,0,333450
NIFTY-III.NFO,10/01/2025,09:15:50,23924.85,23912.75,225,23924.85,600,0,333450
NIFTY-III.NFO,10/01/2025,09:15:52,23924.85,23912.2,150,23924.8,75,0,333450
NIFTY-III.NFO,10/01/2025,09:15:53,23924.85,23914.95,150,23924.85,675,0,333450
NIFTY-III.NFO,10/01/2025,09:15:55,23924.85,23914.95,150,23924.8,150,0,333450
NIFTY-III.NFO,10/01/2025,09:15:56,23924.85,23917.95,150,23924.8,75,0,333450
NIFTY-III.NFO,10/01/2025,09:16:00,23924.85,23917.9,150,23924.8,75,0,333450
NIFTY-III.NFO,10/01/2025,09:16:02,23926.8,23927.1,150,23937.7,150,825,333450
NIFTY-III.NFO,10/01/2025,09:16:03,23926.8,23917.8,150,23934.6,75,0,333450
NIFTY-III.NFO,10/01/2025,09:16:05,23926.8,23919.75,150,23930,75,150,333450
NIFTY-III.NFO,10/01/2025,09:16:06,23926.8,23916.4,150,23924.85,150,0,333450
NIFTY-III.NFO,10/01/2025,09:16:08,23926.8,23922.15,150,23924.85,75,0,333450
NIFTY-III.NFO,10/01/2025,09:16:10,23925,23920.65,150,23935.1,150,150,333450
NIFTY-III.NFO,10/01/2025,09:16:11,23922.95,23923.25,150,23935.85,75,75,333450
NIFTY-III.NFO,10/01/2025,09:16:13,23922.95,23920,150,23934.05,150,0,333450
NIFTY-III.NFO,10/01/2025,09:16:15,23922.95,23919.9,150,23933.5,150,0,333450
NIFTY-III.NFO,10/01/2025,09:16:16,23922.95,23920.85,150,23932.55,75,0,333450
NIFTY-III.NFO,10/01/2025,09:16:18,23922.95,23924.85,300,23934.7,75,0,333450
NIFTY-III.NFO,10/01/2025,09:16:19,23922.95,23925.05,225,23939,75,0,333450
NIFTY-III.NFO,10/01/2025,09:16:21,23922.95,23926.15,150,23936.5,150,0,333450
NIFTY-III.NFO,10/01/2025,09:16:23,23922.95,23923.85,150,23935.35,150,0,333450
NIFTY-III.NFO,10/01/2025,09:16:24,23923.85,23923.45,300,23934.65,150,75,333450
NIFTY-III.NFO,10/01/2025,09:16:26,23923.85,23925.6,150,23938.75,225,0,333450
NIFTY-III.NFO,10/01/2025,09:16:27,23923.85,23929.25,300,23940.25,150,0,333450
NIFTY-III.NFO,10/01/2025,09:16:29,23923.85,23928.1,150,23940.25,225,0,333450
NIFTY-III.NFO,10/01/2025,09:16:31,23923.85,23927.45,150,23940.5,225,0,333450
NIFTY-III.NFO,10/01/2025,09:16:32,23923.85,23924.9,150,23938.5,150,0,333450
NIFTY-III.NFO,10/01/2025,09:16:34,23923.85,23923.85,150,23935.35,150,0,333450
NIFTY-III.NFO,10/01/2025,09:16:36,23923.85,23925.5,150,23938.15,225,0,333450
NIFTY-III.NFO,10/01/2025,09:16:37,23923.85,23925.8,150,23938.05,225,0,333450
NIFTY-III.NFO,10/01/2025,09:16:39,23923.85,23925.75,150,23937.25,225,0,333450
NIFTY-III.NFO,10/01/2025,09:16:41,23923.85,23925.65,150,23937.25,225,0,333450
NIFTY-III.NFO,10/01/2025,09:16:42,23923.85,23925.9,150,23936.25,225,0,333450
NIFTY-III.NFO,10/01/2025,09:16:44,23923.85,23925.3,150,23936.25,225,0,333450
NIFTY-III.NFO,10/01/2025,09:16:45,23923.85,23925.05,150,23936.25,225,0,333450
NIFTY-III.NFO,10/01/2025,09:16:47,23923.85,23926.1,150,23936.25,225,0,333450
NIFTY-III.NFO,10/01/2025,09:16:49,23923.85,23926.1,150,23936.25,150,0,333450
NIFTY-III.NFO,10/01/2025,09:16:50,23926,23925.45,375,23937.4,150,75,333450
NIFTY-III.NFO,10/01/2025,09:16:52,23926,23927.55,225,23937.95,150,0,333450
NIFTY-III.NFO,10/01/2025,09:16:53,23926,23925.65,150,23937.6,225,0,333450
NIFTY-III.NFO,10/01/2025,09:16:55,23926,23925.65,150,23936.1,225,0,333450
NIFTY-III.NFO,10/01/2025,09:16:57,23926,23926.3,150,23937.95,150,0,333450
NIFTY-III.NFO,10/01/2025,09:16:58,23926,23926.7,150,23937.1,150,0,333450
NIFTY-III.NFO,10/01/2025,09:17:00,23926,23928.1,225,23938,75,0,333450
NIFTY-III.NFO,10/01/2025,09:17:02,23926,23926.65,150,23937.95,150,0,333450
NIFTY-III.NFO,10/01/2025,09:17:03,23926,23925.05,150,23936.65,225,0,333450
NIFTY-III.NFO,10/01/2025,09:17:05,23926,23925.05,150,23932.7,150,0,333450
NIFTY-III.NFO,10/01/2025,09:17:06,23925,23925,75,23932.75,150,75,333450
NIFTY-III.NFO,10/01/2025,09:17:08,23925,23925,75,23932.65,225,0,333450
NIFTY-III.NFO,10/01/2025,09:17:10,23925,23925,75,23930.1,225,0,333450
NIFTY-III.NFO,10/01/2025,09:17:11,23925,23921.3,150,23930.8,150,75,333450
NIFTY-III.NFO,10/01/2025,09:17:13,23925,23922.6,150,23931.55,150,0,333450
NIFTY-III.NFO,10/01/2025,09:17:15,23925,23924.5,150,23935.25,150,0,333450
NIFTY-III.NFO,10/01/2025,09:17:16,23925,23925.35,150,23935.25,150,0,333450
NIFTY-III.NFO,10/01/2025,09:17:18,23925,23926.95,150,23936.9,150,0,333450
NIFTY-III.NFO,10/01/2025,09:17:19,23925,23928.9,150,23938.4,150,0,333450
NIFTY-III.NFO,10/01/2025,09:17:21,23929.5,23927.4,75,23937.2,150,75,333450
NIFTY-III.NFO,10/01/2025,09:17:21,23929.5,23927.4,75,23937.2,150,0,333450
NIFTY-III.NFO,10/01/2025,09:17:23,23929.5,23924.35,75,23933.45,150,0,333450
NIFTY-III.NFO,10/01/2025,09:17:24,23923.7,23923.85,150,23931.9,150,75,333450
NIFTY-III.NFO,10/01/2025,09:17:26,23923.7,23923.6,375,23932.55,150,0,333450
NIFTY-III.NFO,10/01/2025,09:17:28,23923.7,23921.95,150,23932,150,0,333450
NIFTY-III.NFO,10/01/2025,09:17:29,23923.7,23922.8,150,23930,75,0,333450
NIFTY-III.NFO,10/01/2025,09:17:31,23923.7,23923.7,75,23925,525,0,333450
NIFTY-III.NFO,10/01/2025,09:17:36,23925,23925.75,150,23930,150,525,333450
NIFTY-III.NFO,10/01/2025,09:17:37,23925,23925.7,150,23930,150,0,333450
NIFTY-III.NFO,10/01/2025,09:17:39,23925,23926.6,150,23930,150,0,333450
NIFTY-III.NFO,10/01/2025,09:17:41,23925.35,23925,75,23930,150,300,333450
NIFTY-III.NFO,10/01/2025,09:17:42,23923.7,23924.5,375,23930,150,300,333450
NIFTY-III.NFO,10/01/2025,09:17:44,23923.7,23923.5,150,23930,150,0,333450
NIFTY-III.NFO,10/01/2025,09:17:46,23923.7,23918.65,750,23925,75,0,333450
NIFTY-III.NFO,10/01/2025,09:17:47,23923.7,23918.65,1125,23925,75,0,333450
NIFTY-III.NFO,10/01/2025,09:17:49,23923.7,23920.3,75,23925,75,0,333450
NIFTY-III.NFO,10/01/2025,09:17:50,23920.85,23920.6,75,23925,75,75,333450
NIFTY-III.NFO,10/01/2025,09:17:52,23921.7,23922.45,75,23923.7,75,75,333450
NIFTY-III.NFO,10/01/2025,09:17:54,23921.7,23922.65,375,23923.7,75,0,333450
NIFTY-III.NFO,10/01/2025,09:17:55,23922.85,23922.35,375,23923.7,75,75,333450
NIFTY-III.NFO,10/01/2025,09:17:57,23923.7,23924,375,23925,75,75,333450
NIFTY-III.NFO,10/01/2025,09:17:59,23925,23924.1,375,23930,75,75,333450
NIFTY-III.NFO,10/01/2025,09:18:00,23925,23922.8,150,23930,75,0,333450
NIFTY-III.NFO,10/01/2025,09:18:02,23925,23925.9,375,23930,75,0,333450
NIFTY-III.NFO,10/01/2025,09:18:03,23925,23924.5,750,23930,75,0,333450
NIFTY-III.NFO,10/01/2025,09:18:05,23925,23925.75,375,23930,75,0,333450
NIFTY-III.NFO,10/01/2025,09:18:07,23925,23927.8,375,23930,75,0,333450
NIFTY-III.NFO,10/01/2025,09:18:09,23925,23928.75,375,23930,75,0,333450
NIFTY-III.NFO,10/01/2025,09:18:10,23925,23927.15,750,23930,75,0,333450
NIFTY-III.NFO,10/01/2025,09:18:12,23927.15,23926.9,375,23930,75,300,333450
NIFTY-III.NFO,10/01/2025,09:18:13,23927.15,23925.45,375,23930,75,0,333450
NIFTY-III.NFO,10/01/2025,09:18:15,23927.15,23925.75,375,23930,75,0,333450
NIFTY-III.NFO,10/01/2025,09:18:17,23927.15,23928.7,375,23930,150,0,333450
NIFTY-III.NFO,10/01/2025,09:18:18,23927.65,23928.95,75,23930,150,75,333450
NIFTY-III.NFO,10/01/2025,09:18:20,23927.65,23929.05,75,23930,150,0,333450
NIFTY-III.NFO,10/01/2025,09:18:22,23930,23928.95,75,23937.45,150,150,334050
NIFTY-III.NFO,10/01/2025,09:18:22,23930,23928.95,75,23937.45,150,0,334050
NIFTY-III.NFO,10/01/2025,09:18:23,23930,23931.25,375,23939.6,150,0,334050
NIFTY-III.NFO,10/01/2025,09:18:25,23930,23930.05,75,23938.4,150,0,334050
NIFTY-III.NFO,10/01/2025,09:18:26,23930,23931.25,225,23940.6,150,0,334050
NIFTY-III.NFO,10/01/2025,09:18:28,23930,23932.1,525,23941.35,150,0,334050
NIFTY-III.NFO,10/01/2025,09:18:30,23930,23930.9,150,23940.45,150,0,334050
NIFTY-III.NFO,10/01/2025,09:18:31,23930,23931.65,150,23940.75,150,0,334050
NIFTY-III.NFO,10/01/2025,09:18:33,23930,23930.75,150,23939.9,150,0,334050
NIFTY-III.NFO,10/01/2025,09:18:35,23932.1,23932.2,375,23941.35,300,300,334050
NIFTY-III.NFO,10/01/2025,09:18:35,23932.15,23932.2,375,23941.35,300,0,334050
NIFTY-III.NFO,10/01/2025,09:18:36,23939.4,23929.9,975,23938.4,150,75,334050
NIFTY-III.NFO,10/01/2025,09:18:36,23939.4,23929.9,975,23938.4,150,0,334050
NIFTY-III.NFO,10/01/2025,09:18:38,23936.15,23927,75,23936.15,150,75,334050
NIFTY-III.NFO,10/01/2025,09:18:40,23936.15,23925.55,75,23935.05,150,0,334050
NIFTY-III.NFO,10/01/2025,09:18:42,23936.15,23927.9,75,23936.65,150,0,334050
NIFTY-III.NFO,10/01/2025,09:18:43,23936.15,23927.85,75,23937.35,150,0,334050
NIFTY-III.NFO,10/01/2025,09:18:45,23936.15,23927.85,75,23936.35,150,0,334050
NIFTY-III.NFO,10/01/2025,09:18:47,23936.15,23928.9,75,23937.7,300,0,334050
NIFTY-III.NFO,10/01/2025,09:18:48,23936.15,23929.3,75,23938.25,150,0,334050
NIFTY-III.NFO,10/01/2025,09:18:50,23936.15,23926.65,75,23930,75,0,334050
NIFTY-III.NFO,10/01/2025,09:18:52,23936.15,23926.35,75,23930,75,0,334050
NIFTY-III.NFO,10/01/2025,09:18:53,23936.15,23927.4,75,23930,75,0,334050
NIFTY-III.NFO,10/01/2025,09:18:55,23936.15,23926.3,75,23930,75,0,334050
NIFTY-III.NFO,10/01/2025,09:18:57,23936.15,23926.2,75,23930,75,0,334050
NIFTY-III.NFO,10/01/2025,09:18:58,23936.15,23926.7,75,23930,75,0,334050
NIFTY-III.NFO,10/01/2025,09:19:00,23928.4,23930.6,375,23935,150,225,334050
NIFTY-III.NFO,10/01/2025,09:19:02,23928.4,23932.6,150,23935,150,0,334050
NIFTY-III.NFO,10/01/2025,09:19:03,23928.4,23931.65,150,23935,150,0,334050
NIFTY-III.NFO,10/01/2025,09:19:05,23935,23932.05,375,23935,75,75,334050
NIFTY-III.NFO,10/01/2025,09:19:07,23935,23932.05,375,23935,75,0,334050
NIFTY-III.NFO,10/01/2025,09:19:08,23935,23932.05,150,23935,75,0,334050
NIFTY-III.NFO,10/01/2025,09:19:10,23935,23932.2,150,23941.45,150,75,334050
NIFTY-III.NFO,10/01/2025,09:19:12,23935,23934.1,150,23942.45,300,0,334050
NIFTY-III.NFO,10/01/2025,09:19:13,23935,23934.1,150,23943.3,225,0,334050
NIFTY-III.NFO,10/01/2025,09:19:15,23942.4,23931.95,150,23941,150,75,334050
NIFTY-III.NFO,10/01/2025,09:19:15,23942.4,23931.95,150,23941,150,0,334050
NIFTY-III.NFO,10/01/2025,09:19:17,23942.4,23935,150,23941.3,225,0,334050
NIFTY-III.NFO,10/01/2025,09:19:18,23942.4,23935,150,23941.2,225,0,334050
NIFTY-III.NFO,10/01/2025,09:19:20,23942.4,23935,150,23939.2,225,0,334050
NIFTY-III.NFO,10/01/2025,09:19:22,23942.4,23935,150,23938.4,150,0,334050
NIFTY-III.NFO,10/01/2025,09:19:23,23935,23926.9,75,23936.8,225,150,334050
NIFTY-III.NFO,10/01/2025,09:19:25,23935,23928.15,75,23936.5,150,0,334050
NIFTY-III.NFO,10/01/2025,09:19:27,23935,23928.15,75,23934.35,150,0,334050
NIFTY-III.NFO,10/01/2025,09:19:28,23935,23928.1,75,23933.2,150,0,334050
NIFTY-III.NFO,10/01/2025,09:19:30,23928.1,23928.05,75,23933.1,150,75,334050
NIFTY-III.NFO,10/01/2025,09:19:32,23928.1,23928.05,75,23933.8,300,0,334050
NIFTY-III.NFO,10/01/2025,09:19:33,23928.1,23928.1,75,23936.1,150,0,334050
NIFTY-III.NFO,10/01/2025,09:19:35,23928.1,23928.2,75,23936.55,150,0,334050
NIFTY-III.NFO,10/01/2025,09:19:37,23928.1,23935,150,23937.15,75,0,334050
NIFTY-III.NFO,10/01/2025,09:19:38,23935,23935,75,23937.25,150,75,334050
NIFTY-III.NFO,10/01/2025,09:19:40,23935,23928.1,75,23935.2,150,75,334050
NIFTY-III.NFO,10/01/2025,09:19:42,23935,23928.1,75,23935,150,0,334050
NIFTY-III.NFO,10/01/2025,09:19:43,23935,23928.15,75,23936.85,225,0,334050
NIFTY-III.NFO,10/01/2025,09:19:45,23935,23928.1,75,23934.3,150,0,334050
NIFTY-III.NFO,10/01/2025,09:19:47,23935,23925.4,75,23932.85,150,0,334050
NIFTY-III.NFO,10/01/2025,09:19:48,23935,23924.4,225,23932.1,150,0,334050
NIFTY-III.NFO,10/01/2025,09:19:50,23935,23922.2,75,23933.6,150,0,334050
NIFTY-III.NFO,10/01/2025,09:19:52,23935,23922.8,75,23932,150,0,334050
NIFTY-III.NFO,10/01/2025,09:19:53,23935,23923.8,75,23930.75,150,0,334050
NIFTY-III.NFO,10/01/2025,09:19:55,23935,23921.75,75,23928.15,150,0,334050
NIFTY-III.NFO,10/01/2025,09:19:57,23928.15,23922.5,75,23928.15,75,75,334050
NIFTY-III.NFO,10/01/2025,09:19:58,23928.15,23922.2,75,23928.15,75,0,334050
NIFTY-III.NFO,10/01/2025,09:20:00,23928.15,23921.7,75,23922.5,75,0,334050
NIFTY-III.NFO,10/01/2025,09:20:02,23922.5,23926.05,75,23928.15,75,75,334050
NIFTY-III.NFO,10/01/2025,09:20:03,23928.15,23928.65,225,23935,75,75,334050
NIFTY-III.NFO,10/01/2025,09:20:05,23928.15,23929.3,75,23935,75,0,334050
NIFTY-III.NFO,10/01/2025,09:20:07,23927.95,23927.5,375,23934.95,150,75,334050
NIFTY-III.NFO,10/01/2025,09:20:08,23927.95,23925.95,150,23934.15,150,0,334050
NIFTY-III.NFO,10/01/2025,09:20:10,23927.95,23926.45,375,23934.25,150,0,334050
NIFTY-III.NFO,10/01/2025,09:20:12,23927.95,23930.3,150,23935,150,0,334050
NIFTY-III.NFO,10/01/2025,09:20:13,23935,23934.85,225,23944,75,150,334050
NIFTY-III.NFO,10/01/2025,09:20:15,23934.85,23942.8,150,23945,75,150,334050
NIFTY-III.NFO,10/01/2025,09:20:17,23934.85,23941.1,75,23945,75,0,334050
NIFTY-III.NFO,10/01/2025,09:20:18,23934.85,23942.85,150,23945,75,0,334050
NIFTY-III.NFO,10/01/2025,09:20:20,23945,23942.8,150,23949.05,75,75,334050
NIFTY-III.NFO,10/01/2025,09:20:20,23945,23942.8,150,23949.05,75,0,334050
NIFTY-III.NFO,10/01/2025,09:20:22,23945,23940.05,150,23948.2,150,0,334050
NIFTY-III.NFO,10/01/2025,09:20:23,23945,23945.75,150,23949.05,75,0,334050
NIFTY-III.NFO,10/01/2025,09:20:25,23945,23946.3,150,23949.05,75,0,334050
NIFTY-III.NFO,10/01/2025,09:20:27,23945,23942.8,375,23949.05,75,0,334050
NIFTY-III.NFO,10/01/2025,09:20:28,23945,23944.2,75,23949.05,75,0,334050
NIFTY-III.NFO,10/01/2025,09:20:30,23945,23943.05,150,23949.05,75,0,334050
NIFTY-III.NFO,10/01/2025,09:20:32,23945,23945.6,150,23949.05,75,0,334050
NIFTY-III.NFO,10/01/2025,09:20:33,23945,23945.6,375,23949.05,75,0,334050
NIFTY-III.NFO,10/01/2025,09:20:35,23945,23942.65,375,23949.05,75,0,334050
NIFTY-III.NFO,10/01/2025,09:20:37,23945,23941.55,150,23948.7,150,0,334050
NIFTY-III.NFO,10/01/2025,09:20:38,23945,23941.4,375,23948.9,150,0,334050
NIFTY-III.NFO,10/01/2025,09:20:40,23945,23941.5,375,23949,150,0,334050
NIFTY-III.NFO,10/01/2025,09:20:42,23945,23942.05,375,23945,75,0,334050
NIFTY-III.NFO,10/01/2025,09:20:43,23945,23939.45,150,23944.2,75,0,334050
NIFTY-III.NFO,10/01/2025,09:20:45,23945,23941.8,75,23944.2,75,0,334050
NIFTY-III.NFO,10/01/2025,09:20:47,23945,23940.4,150,23944.2,75,0,334050
NIFTY-III.NFO,10/01/2025,09:20:48,23945,23939.7,225,23944.2,75,0,334050
NIFTY-III.NFO,10/01/2025,09:20:50,23945,23941.9,675,23944.2,75,0,334050
NIFTY-III.NFO,10/01/2025,09:20:52,23945,23940.75,150,23944.2,75,0,334050
NIFTY-III.NFO,10/01/2025,09:20:53,23944.2,23944.55,75,23945,75,75,334050
NIFTY-III.NFO,10/01/2025,09:20:55,23944.2,23943.35,150,23945,75,0,334050
NIFTY-III.NFO,10/01/2025,09:20:57,23944.2,23943.45,75,23945,75,0,334050
NIFTY-III.NFO,10/01/2025,09:20:58,23944.2,23944.45,150,23945,75,0,334050
NIFTY-III.NFO,10/01/2025,09:21:00,23945,23946,375,23949.05,75,75,334050
NIFTY-III.NFO,10/01/2025,09:21:02,23949.05,23947.8,150,23955,225,300,334050
NIFTY-III.NFO,10/01/2025,09:21:02,23949.05,23947.8,150,23955,225,0,334050
NIFTY-III.NFO,10/01/2025,09:21:03,23949.05,23945.4,150,23952.75,150,0,334050
NIFTY-III.NFO,10/01/2025,09:21:05,23949.05,23946.85,150,23954.95,150,0,334050
NIFTY-III.NFO,10/01/2025,09:21:07,23949.05,23946.4,450,23954.95,150,0,334050
NIFTY-III.NFO,10/01/2025,09:21:08,23949.05,23945.3,75,23949,75,0,334050
NIFTY-III.NFO,10/01/2025,09:21:10,23949.05,23945,525,23949,75,0,334050
NIFTY-III.NFO,10/01/2025,09:21:12,23949.05,23945,375,23949,75,0,334050
NIFTY-III.NFO,10/01/2025,09:21:13,23949.05,23945,375,23950.5,150,0,334050
NIFTY-III.NFO,10/01/2025,09:21:15,23949.05,23945,375,23949.1,225,0,334050
NIFTY-III.NFO,10/01/2025,09:21:17,23949.05,23945,375,23948.1,150,0,334050
NIFTY-III.NFO,10/01/2025,09:21:18,23944.2,23937,150,23946.6,225,450,334050
NIFTY-III.NFO,10/01/2025,09:21:20,23944.2,23934.55,150,23946.4,150,0,334050
NIFTY-III.NFO,10/01/2025,09:21:22,23944.2,23936.85,525,23945.65,150,0,334050
NIFTY-III.NFO,10/01/2025,09:21:23,23944.2,23938.85,150,23947.3,150,0,334050
NIFTY-III.NFO,10/01/2025,09:21:25,23944.2,23938.2,150,23947.8,225,0,334050
NIFTY-III.NFO,10/01/2025,09:21:27,23944.2,23941,150,23949.05,150,0,334050
NIFTY-III.NFO,10/01/2025,09:21:28,23944.2,23941,150,23944.2,75,0,334050
NIFTY-III.NFO,10/01/2025,09:21:30,23944.2,23940.8,375,23944.2,75,0,334050
NIFTY-III.NFO,10/01/2025,09:21:32,23944.2,23940.05,1275,23944.2,75,0,334050
NIFTY-III.NFO,10/01/2025,09:21:33,23944.2,23940,150,23944,75,0,334050
NIFTY-III.NFO,10/01/2025,09:21:35,23944.2,23937.1,375,23944,75,0,334050
NIFTY-III.NFO,10/01/2025,09:21:37,23944.2,23937.95,150,23944,75,0,334050
NIFTY-III.NFO,10/01/2025,09:21:38,23944.2,23937.3,375,23944,75,0,334050
NIFTY-III.NFO,10/01/2025,09:21:40,23944.2,23939.75,150,23944,75,0,334050
NIFTY-III.NFO,10/01/2025,09:21:42,23941.3,23941.25,450,23944.2,75,75,334800
NIFTY-III.NFO,10/01/2025,09:21:43,23941.3,23941.45,450,23944.2,75,0,334800
NIFTY-III.NFO,10/01/2025,09:21:45,23941.3,23938.75,450,23944,75,0,334800
NIFTY-III.NFO,10/01/2025,09:21:47,23941.3,23937.35,150,23944,75,0,334800
NIFTY-III.NFO,10/01/2025,09:21:48,23941.3,23938.15,300,23944,75,0,334800
NIFTY-III.NFO,10/01/2025,09:21:50,23941.3,23938.15,375,23944,75,0,334800
NIFTY-III.NFO,10/01/2025,09:21:52,23941.3,23941.85,375,23944,75,0,334800
NIFTY-III.NFO,10/01/2025,09:21:53,23941.3,23941.2,450,23944,75,0,334800
NIFTY-III.NFO,10/01/2025,09:21:55,23941.3,23942.25,450,23944,75,0,334800
NIFTY-III.NFO,10/01/2025,09:21:57,23941.3,23939.85,375,23944,75,0,334800
NIFTY-III.NFO,10/01/2025,09:21:58,23941.3,23938.35,375,23944,75,0,334800
NIFTY-III.NFO,10/01/2025,09:22:00,23941.3,23942.6,450,23944,75,0,334800
NIFTY-III.NFO,10/01/2025,09:22:02,23941.3,23943.65,375,23944,75,0,334800
NIFTY-III.NFO,10/01/2025,09:22:03,23943.75,23942.9,150,23944,75,75,334800
NIFTY-III.NFO,10/01/2025,09:22:05,23943.75,23943.75,150,23944,75,0,334800
NIFTY-III.NFO,10/01/2025,09:22:07,23943.75,23941.95,375,23944,75,0,334800
NIFTY-III.NFO,10/01/2025,09:22:08,23943.75,23940.45,150,23944,75,0,334800
NIFTY-III.NFO,10/01/2025,09:22:10,23944,23942,75,23944.2,75,75,334800
NIFTY-III.NFO,10/01/2025,09:22:12,23944,23942,75,23944.2,75,0,334800
NIFTY-III.NFO,10/01/2025,09:22:17,23944,23942,75,23943.75,75,0,334800
NIFTY-III.NFO,10/01/2025,09:22:22,23944,23942,75,23943.7,150,0,334800
NIFTY-III.NFO,10/01/2025,09:22:24,23944,23942,75,23943.75,75,0,334800
NIFTY-III.NFO,10/01/2025,09:22:29,23944,23942,75,23943.7,150,0,334800
NIFTY-III.NFO,10/01/2025,09:22:30,23935,23935,75,23942.15,150,150,334800
NIFTY-III.NFO,10/01/2025,09:22:32,23935,23937.05,300,23943.7,150,0,334800
NIFTY-III.NFO,10/01/2025,09:22:34,23935,23935,75,23942.6,225,0,334800
NIFTY-III.NFO,10/01/2025,09:22:35,23935,23935,75,23942.2,150,0,334800
NIFTY-III.NFO,10/01/2025,09:22:37,23935,23935,75,23943.05,150,0,334800
NIFTY-III.NFO,10/01/2025,09:22:39,23935,23935,75,23942.45,150,0,334800
NIFTY-III.NFO,10/01/2025,09:22:40,23935,23935,75,23940.15,225,0,334800
NIFTY-III.NFO,10/01/2025,09:22:42,23935,23935,75,23939.85,150,0,334800
NIFTY-III.NFO,10/01/2025,09:22:44,23935,23935,75,23939.9,150,0,334800
NIFTY-III.NFO,10/01/2025,09:22:45,23935,23935,75,23941.6,225,0,334800
NIFTY-III.NFO,10/01/2025,09:22:47,23935,23935,75,23942.25,300,0,334800
NIFTY-III.NFO,10/01/2025,09:22:49,23935,23935.05,150,23943.6,150,0,334800
NIFTY-III.NFO,10/01/2025,09:22:50,23935,23936.55,225,23943.75,75,0,334800
NIFTY-III.NFO,10/01/2025,09:22:52,23935,23939.5,525,23943.75,75,0,334800
NIFTY-III.NFO,10/01/2025,09:22:54,23939.55,23939.3,450,23943.75,75,75,334800
NIFTY-III.NFO,10/01/2025,09:22:55,23936.8,23935,75,23943.1,225,225,334800
NIFTY-III.NFO,10/01/2025,09:22:57,23936.8,23935,75,23941.3,150,0,334800
NIFTY-III.NFO,10/01/2025,09:22:59,23936.8,23935,75,23940.9,150,0,334800
NIFTY-III.NFO,10/01/2025,09:23:00,23936.8,23935,75,23938.45,150,0,334800
NIFTY-III.NFO,10/01/2025,09:23:02,23935,23927.55,375,23934.95,150,75,334800
NIFTY-III.NFO,10/01/2025,09:23:04,23935,23926.75,375,23935.1,150,0,334800
NIFTY-III.NFO,10/01/2025,09:23:05,23935,23927,150,23936.1,225,0,334800
NIFTY-III.NFO,10/01/2025,09:23:07,23935,23925.85,150,23936.1,225,0,334800
NIFTY-III.NFO,10/01/2025,09:23:09,23935,23924.95,150,23934.25,225,0,334800
NIFTY-III.NFO,10/01/2025,09:23:10,23935,23924.75,150,23932.85,150,0,334800
NIFTY-III.NFO,10/01/2025,09:23:12,23935,23924.55,150,23934.05,225,0,334800
NIFTY-III.NFO,10/01/2025,09:23:14,23935,23924.25,300,23933.65,225,0,334800
NIFTY-III.NFO,10/01/2025,09:23:15,23935,23924,300,23933.55,225,0,334800
NIFTY-III.NFO,10/01/2025,09:23:17,23935,23923.7,300,23933.95,225,0,334800
NIFTY-III.NFO,10/01/2025,09:23:19,23935,23924.9,300,23934.25,225,0,334800
NIFTY-III.NFO,10/01/2025,09:23:20,23935,23925.15,375,23933.95,150,0,334800
NIFTY-III.NFO,10/01/2025,09:23:22,23935,23926,375,23933.7,150,0,334800
NIFTY-III.NFO,10/01/2025,09:23:24,23935,23927.55,300,23934.3,150,0,334800
NIFTY-III.NFO,10/01/2025,09:23:25,23935,23925.85,375,23933.2,150,0,334800
NIFTY-III.NFO,10/01/2025,09:23:27,23935,23925.85,375,23934.2,300,0,334800
NIFTY-III.NFO,10/01/2025,09:23:29,23935,23929.85,300,23935,75,0,334800
NIFTY-III.NFO,10/01/2025,09:23:30,23935,23928.9,300,23935,75,0,334800
NIFTY-III.NFO,10/01/2025,09:23:32,23935,23926.65,300,23933.5,150,0,334800
NIFTY-III.NFO,10/01/2025,09:23:34,23926,23926.25,150,23934.35,150,75,334800
NIFTY-III.NFO,10/01/2025,09:23:35,23926,23927.15,375,23934.25,150,0,334800
NIFTY-III.NFO,10/01/2025,09:23:37,23926,23926.6,825,23933.7,150,0,334800
NIFTY-III.NFO,10/01/2025,09:23:39,23926,23926.95,300,23933.9,150,0,334800
NIFTY-III.NFO,10/01/2025,09:23:40,23926,23926.95,300,23933.7,150,0,334800
NIFTY-III.NFO,10/01/2025,09:23:42,23926,23926.95,300,23933.95,150,0,334800
NIFTY-III.NFO,10/01/2025,09:23:43,23926,23929.2,300,23935,75,0,334800
NIFTY-III.NFO,10/01/2025,09:23:45,23926,23930.55,150,23935,75,0,334800
NIFTY-III.NFO,10/01/2025,09:23:47,23931.4,23931.2,375,23935,75,150,334800
NIFTY-III.NFO,10/01/2025,09:23:48,23931.4,23932.15,375,23935,75,0,334800
NIFTY-III.NFO,10/01/2025,09:23:50,23933.05,23934.15,300,23935,75,150,334800
NIFTY-III.NFO,10/01/2025,09:23:52,23933.05,23933.15,300,23935,75,0,334800
NIFTY-III.NFO,10/01/2025,09:23:53,23935,23935.75,300,23940,150,75,334800
NIFTY-III.NFO,10/01/2025,09:23:55,23935.75,23936.65,300,23940,150,75,334800
NIFTY-III.NFO,10/01/2025,09:23:57,23935.75,23938.55,300,23940,150,0,334800
NIFTY-III.NFO,10/01/2025,09:23:58,23935.75,23937.25,300,23940,150,0,334800
NIFTY-III.NFO,10/01/2025,09:24:00,23935.75,23938.45,300,23940,150,0,334800
NIFTY-III.NFO,10/01/2025,09:24:02,23935.75,23939.95,300,23940,150,0,334800
NIFTY-III.NFO,10/01/2025,09:24:03,23940,23940.3,300,23943.75,75,150,334800
NIFTY-III.NFO,10/01/2025,09:24:05,23940,23939.3,300,23943.75,75,0,334800
NIFTY-III.NFO,10/01/2025,09:24:07,23940,23941.45,300,23943.75,75,0,334800
NIFTY-III.NFO,10/01/2025,09:24:08,23940,23939.15,300,23943.75,75,0,334800
NIFTY-III.NFO,10/01/2025,09:24:10,23940,23936.6,375,23943.6,150,0,334800
NIFTY-III.NFO,10/01/2025,09:24:12,23940,23935.7,300,23940,75,0,334800
NIFTY-III.NFO,10/01/2025,09:24:13,23940,23934.85,300,23940,75,0,334800
NIFTY-III.NFO,10/01/2025,09:24:15,23940,23932.45,300,23938.85,150,0,334800
NIFTY-III.NFO,10/01/2025,09:24:17,23940,23932.6,300,23939.6,150,0,334800
NIFTY-III.NFO,10/01/2025,09:24:18,23933.55,23934.15,375,23940,75,75,334800
NIFTY-III.NFO,10/01/2025,09:24:20,23933.55,23936,300,23940,75,0,334800
NIFTY-III.NFO,10/01/2025,09:24:22,23933.55,23937.7,300,23940,150,0,334800
NIFTY-III.NFO,10/01/2025,09:24:23,23933.55,23936.45,300,23940,150,0,334800
NIFTY-III.NFO,10/01/2025,09:24:25,23933.55,23939.1,375,23940,150,0,334800
NIFTY-III.NFO,10/01/2025,09:24:27,23935.8,23935.1,150,23940,150,75,334350
NIFTY-III.NFO,10/01/2025,09:24:28,23935.1,23935.9,300,23940,150,75,334350
NIFTY-III.NFO,10/01/2025,09:24:30,23935.1,23935.95,300,23940,150,0,334350
NIFTY-III.NFO,10/01/2025,09:24:32,23935.1,23933.05,300,23939.4,150,0,334350
NIFTY-III.NFO,10/01/2025,09:24:33,23935.1,23931.95,300,23938.65,150,0,334350
NIFTY-III.NFO,10/01/2025,09:24:35,23935.1,23933.05,300,23939.75,150,0,334350
NIFTY-III.NFO,10/01/2025,09:24:37,23932.85,23936,225,23940,150,150,334350
NIFTY-III.NFO,10/01/2025,09:24:38,23932.85,23935.4,225,23940,150,0,334350
NIFTY-III.NFO,10/01/2025,09:24:40,23932.85,23937.5,300,23940,150,0,334350
NIFTY-III.NFO,10/01/2025,09:24:42,23937.5,23935.95,300,23940,150,75,334350
NIFTY-III.NFO,10/01/2025,09:24:44,23937.5,23932.3,225,23939.1,150,0,334350
NIFTY-III.NFO,10/01/2025,09:24:45,23937.5,23933.6,225,23939.3,150,0,334350
NIFTY-III.NFO,10/01/2025,09:24:47,23932,23932.05,75,23939.6,150,150,334350
NIFTY-III.NFO,10/01/2025,09:24:49,23932,23932.5,75,23939.8,150,0,334350
NIFTY-III.NFO,10/01/2025,09:24:50,23932,23930.8,75,23939.3,225,0,334350
NIFTY-III.NFO,10/01/2025,09:24:52,23932,23927.8,75,23934.9,150,0,334350
NIFTY-III.NFO,10/01/2025,09:24:54,23932,23926.25,375,23934.9,225,0,334350
NIFTY-III.NFO,10/01/2025,09:24:55,23932,23926.25,375,23933.9,150,0,334350
NIFTY-III.NFO,10/01/2025,09:24:57,23932,23926.25,375,23932.9,150,0,334350
NIFTY-III.NFO,10/01/2025,09:24:59,23932,23925.5,75,23931.45,150,0,334350
NIFTY-III.NFO,10/01/2025,09:25:00,23932,23925.5,75,23930.85,150,0,334350
NIFTY-III.NFO,10/01/2025,09:25:02,23926.5,23927.85,300,23932.15,75,75,334350
NIFTY-III.NFO,10/01/2025,09:25:04,23926.5,23930.15,150,23935,75,0,334350
NIFTY-III.NFO,10/01/2025,09:25:05,23926.5,23932.15,150,23935,75,0,334350
NIFTY-III.NFO,10/01/2025,09:25:07,23926.5,23932.95,675,23935,75,0,334350
NIFTY-III.NFO,10/01/2025,09:25:09,23926.5,23933.7,75,23935,75,0,334350
NIFTY-III.NFO,10/01/2025,09:25:10,23935,23934,300,23940,150,75,334350
NIFTY-III.NFO,10/01/2025,09:25:12,23935,23930.4,300,23939.8,150,0,334350
NIFTY-III.NFO,10/01/2025,09:25:14,23935,23929.1,150,23936.7,150,0,334350
NIFTY-III.NFO,10/01/2025,09:25:15,23935,23930,300,23938.1,150,0,334350
NIFTY-III.NFO,10/01/2025,09:25:17,23935,23932.4,300,23939.65,150,0,334350
NIFTY-III.NFO,10/01/2025,09:25:19,23935,23929.65,375,23936.75,150,0,334350
NIFTY-III.NFO,10/01/2025,09:25:20,23935,23929.65,375,23937.05,150,0,334350
NIFTY-III.NFO,10/01/2025,09:25:22,23935,23926.55,375,23935.85,225,0,334350
NIFTY-III.NFO,10/01/2025,09:25:24,23935,23926,375,23932.9,150,0,334350
NIFTY-III.NFO,10/01/2025,09:25:25,23935,23925.5,75,23932.7,150,0,334350
NIFTY-III.NFO,10/01/2025,09:25:27,23935,23925.5,75,23932.9,150,0,334350
NIFTY-III.NFO,10/01/2025,09:25:29,23935,23925.5,75,23927.85,150,0,334350
NIFTY-III.NFO,10/01/2025,09:25:30,23935,23925.5,75,23930.55,225,0,334350
NIFTY-III.NFO,10/01/2025,09:25:32,23935,23925.5,75,23929.05,150,0,334350
NIFTY-III.NFO,10/01/2025,09:25:34,23935,23925.5,75,23927.4,150,0,334350
NIFTY-III.NFO,10/01/2025,09:25:35,23925.5,23920.45,150,23928.4,150,75,334350
NIFTY-III.NFO,10/01/2025,09:25:37,23925.5,23921.9,300,23931.05,150,0,334350
NIFTY-III.NFO,10/01/2025,09:25:39,23925.5,23921.9,300,23930.05,150,0,334350
NIFTY-III.NFO,10/01/2025,09:25:42,23925.5,23921.9,300,23930.6,150,0,334350
NIFTY-III.NFO,10/01/2025,09:25:43,23925.5,23922.5,150,23930.7,150,0,334350
NIFTY-III.NFO,10/01/2025,09:25:45,23925.5,23922.15,150,23932.7,225,0,334350
NIFTY-III.NFO,10/01/2025,09:25:47,23925.5,23920.7,375,23928.8,150,0,334350
NIFTY-III.NFO,10/01/2025,09:25:48,23925.5,23919.5,75,23928.8,225,0,334350
NIFTY-III.NFO,10/01/2025,09:25:50,23925.5,23917.6,675,23926.4,225,0,334350
NIFTY-III.NFO,10/01/2025,09:25:52,23925.5,23921.4,75,23928.05,150,0,334350
NIFTY-III.NFO,10/01/2025,09:25:53,23928.05,23920.3,600,23930.7,225,150,334350
NIFTY-III.NFO,10/01/2025,09:25:55,23920.3,23919.6,750,23928.55,225,75,334350
NIFTY-III.NFO,10/01/2025,09:25:57,23920.3,23919.65,300,23927.4,150,0,334350
NIFTY-III.NFO,10/01/2025,09:25:58,23920.3,23920.8,375,23927.95,150,0,334350
NIFTY-III.NFO,10/01/2025,09:26:00,23920.3,23918.8,225,23927.15,150,0,334350
NIFTY-III.NFO,10/01/2025,09:26:02,23920.3,23919.9,75,23927.4,150,0,334350
NIFTY-III.NFO,10/01/2025,09:26:03,23920.3,23917.9,150,23926.8,150,0,334350
NIFTY-III.NFO,10/01/2025,09:26:05,23920.3,23918.05,300,23926.75,150,0,334350
NIFTY-III.NFO,10/01/2025,09:26:07,23920.3,23919.1,300,23926.05,150,0,334350
NIFTY-III.NFO,10/01/2025,09:26:10,23920.3,23919.85,375,23926.05,150,0,334350
NIFTY-III.NFO,10/01/2025,09:26:12,23920.3,23920.3,75,23925.45,150,0,334350
NIFTY-III.NFO,10/01/2025,09:26:13,23920.3,23920.3,75,23926.1,75,0,334350
NIFTY-III.NFO,10/01/2025,09:26:15,23920.3,23920.3,75,23926.05,150,0,334350
NIFTY-III.NFO,10/01/2025,09:26:17,23920.3,23920.95,300,23926.1,75,0,334350
NIFTY-III.NFO,10/01/2025,09:26:18,23920.3,23920.3,225,23926.1,75,0,334350
NIFTY-III.NFO,10/01/2025,09:26:20,23920.3,23920.3,75,23925.85,150,0,334350
NIFTY-III.NFO,10/01/2025,09:26:22,23920.3,23920.3,75,23924.75,150,0,334350
NIFTY-III.NFO,10/01/2025,09:26:23,23920.3,23913.85,150,23923.75,225,75,334350
NIFTY-III.NFO,10/01/2025,09:26:25,23920.3,23912.6,375,23919.6,150,0,334350
NIFTY-III.NFO,10/01/2025,09:26:27,23920.3,23914.85,75,23923.15,150,0,334350
NIFTY-III.NFO,10/01/2025,09:26:28,23920.3,23915.45,225,23922.95,150,0,334350
NIFTY-III.NFO,10/01/2025,09:26:30,23920.3,23914.05,75,23922.65,150,0,334350
NIFTY-III.NFO,10/01/2025,09:26:34,23920.3,23913.4,300,23922.3,150,0,334350
NIFTY-III.NFO,10/01/2025,09:26:35,23920.3,23914.85,300,23922.3,150,0,334350
NIFTY-III.NFO,10/01/2025,09:26:37,23920.3,23916,75,23920,75,0,334350
NIFTY-III.NFO,10/01/2025,09:26:39,23920.3,23916.95,375,23920,75,0,334350
NIFTY-III.NFO,10/01/2025,09:26:40,23920.3,23915.4,450,23920,75,0,334350
NIFTY-III.NFO,10/01/2025,09:26:42,23920.3,23916.95,300,23920,75,0,334350
NIFTY-III.NFO,10/01/2025,09:26:44,23920.3,23918.95,75,23920,75,0,334350
NIFTY-III.NFO,10/01/2025,09:26:45,23920.3,23920.2,375,23920.3,75,225,334350
NIFTY-III.NFO,10/01/2025,09:26:47,23920.3,23920.9,150,23925,600,75,334350
NIFTY-III.NFO,10/01/2025,09:26:49,23920.3,23918.5,150,23920,75,0,334350
NIFTY-III.NFO,10/01/2025,09:26:50,23920.3,23918.6,375,23920,75,0,334350
NIFTY-III.NFO,10/01/2025,09:26:52,23920,23919.25,300,23925,600,75,334350
NIFTY-III.NFO,10/01/2025,09:26:54,23920,23920.6,150,23925,600,0,334350
NIFTY-III.NFO,10/01/2025,09:26:55,23920,23916.3,150,23924.6,150,0,334350
NIFTY-III.NFO,10/01/2025,09:26:57,23920,23917.9,150,23924.25,150,0,334350
NIFTY-III.NFO,10/01/2025,09:26:59,23920,23917.15,150,23925.55,150,0,334350
NIFTY-III.NFO,10/01/2025,09:27:00,23920,23916.15,75,23922,150,0,334350
NIFTY-III.NFO,10/01/2025,09:27:04,23920,23914,300,23922,150,0,334350
NIFTY-III.NFO,10/01/2025,09:27:07,23920,23914,300,23919.6,150,0,334350
NIFTY-III.NFO,10/01/2025,09:27:09,23920,23914,300,23920,150,0,334350
NIFTY-III.NFO,10/01/2025,09:27:10,23920,23914,300,23920.7,150,0,334350
NIFTY-III.NFO,10/01/2025,09:27:12,23920,23914,300,23919.75,150,0,334350
NIFTY-III.NFO,10/01/2025,09:27:14,23920,23914,300,23917.5,150,0,334350
NIFTY-III.NFO,10/01/2025,09:27:15,23914,23914,225,23917.75,150,75,334350
NIFTY-III.NFO,10/01/2025,09:27:17,23914,23914,225,23920,75,0,334350
NIFTY-III.NFO,10/01/2025,09:27:20,23914,23914.8,150,23920,75,0,334350
NIFTY-III.NFO,10/01/2025,09:27:22,23914,23916.45,150,23920,150,0,334350
NIFTY-III.NFO,10/01/2025,09:27:23,23914,23914.95,150,23920,150,0,334350
NIFTY-III.NFO,10/01/2025,09:27:25,23914,23914,225,23919.95,150,0,334350
NIFTY-III.NFO,10/01/2025,09:27:27,23914,23914.45,150,23920,150,0,334350
NIFTY-III.NFO,10/01/2025,09:27:28,23914,23914,225,23919.75,150,0,334350
NIFTY-III.NFO,10/01/2025,09:27:30,23914,23914.25,75,23919.35,150,0,334350
NIFTY-III.NFO,10/01/2025,09:27:32,23914,23914.25,75,23919.55,150,0,334350
NIFTY-III.NFO,10/01/2025,09:27:33,23914,23914.25,75,23919.85,150,0,334350
NIFTY-III.NFO,10/01/2025,09:27:35,23914,23914,225,23919.95,150,150,334050
NIFTY-III.NFO,10/01/2025,09:27:37,23914,23914,150,23920,150,75,334050
NIFTY-III.NFO,10/01/2025,09:27:38,23914,23914,150,23918.55,150,0,334050
NIFTY-III.NFO,10/01/2025,09:27:40,23914,23914,150,23917.65,150,0,334050
NIFTY-III.NFO,10/01/2025,09:27:42,23914,23905.95,150,23912.85,300,150,334050
NIFTY-III.NFO,10/01/2025,09:27:43,23914,23905.35,150,23912.25,150,0,334050
NIFTY-III.NFO,10/01/2025,09:27:45,23914,23905,225,23911.45,150,0,334050
NIFTY-III.NFO,10/01/2025,09:27:47,23914,23905,225,23911.75,150,0,334050
NIFTY-III.NFO,10/01/2025,09:27:48,23911.75,23905,75,23910.55,300,75,334050
NIFTY-III.NFO,10/01/2025,09:27:50,23911.75,23905,75,23908.6,150,0,334050
NIFTY-III.NFO,10/01/2025,09:27:52,23911.75,23905,75,23909.7,150,0,334050
NIFTY-III.NFO,10/01/2025,09:27:53,23910.5,23905,75,23910.25,150,75,334050
NIFTY-III.NFO,10/01/2025,09:27:55,23910.5,23905,75,23910.65,150,0,334050
NIFTY-III.NFO,10/01/2025,09:27:57,23910.5,23905,75,23911.75,150,0,334050
NIFTY-III.NFO,10/01/2025,09:27:58,23910.5,23905,75,23911.75,300,0,334050
NIFTY-III.NFO,10/01/2025,09:28:00,23904.45,23903.8,75,23910.5,75,150,334050
NIFTY-III.NFO,10/01/2025,09:28:00,23904.45,23903.8,75,23910.5,75,0,334050
NIFTY-III.NFO,10/01/2025,09:28:02,23904.45,23903.4,225,23910.5,75,0,334050
NIFTY-III.NFO,10/01/2025,09:28:03,23904.45,23905.05,75,23910.5,75,0,334050
NIFTY-III.NFO,10/01/2025,09:28:05,23904.45,23906.55,75,23910.5,75,0,334050
NIFTY-III.NFO,10/01/2025,09:28:07,23904.45,23905,375,23910.45,150,0,334050
NIFTY-III.NFO,10/01/2025,09:28:08,23904.45,23905,375,23910.35,150,0,334050
NIFTY-III.NFO,10/01/2025,09:28:10,23905,23905,300,23907.7,300,75,334050
NIFTY-III.NFO,10/01/2025,09:28:12,23905,23902,75,23908.6,375,300,334050
NIFTY-III.NFO,10/01/2025,09:28:13,23905,23902,75,23903.45,150,0,334050
NIFTY-III.NFO,10/01/2025,09:28:15,23905,23902,75,23906,150,0,334050
NIFTY-III.NFO,10/01/2025,09:28:17,23905,23902,75,23904.1,300,0,334050
NIFTY-III.NFO,10/01/2025,09:28:18,23900,23900,450,23902.45,150,300,334050
NIFTY-III.NFO,10/01/2025,09:28:18,23900,23900,450,23902.45,150,0,334050
NIFTY-III.NFO,10/01/2025,09:28:20,23900,23900,375,23902.45,150,75,334050
NIFTY-III.NFO,10/01/2025,09:28:22,23900,23900,450,23902.55,75,0,334050
NIFTY-III.NFO,10/01/2025,09:28:23,23900,23900,450,23902.95,75,0,334050
NIFTY-III.NFO,10/01/2025,09:28:25,23902.3,23900,450,23904.95,225,75,334050
NIFTY-III.NFO,10/01/2025,09:28:27,23902.3,23900,450,23904.2,225,0,334050
NIFTY-III.NFO,10/01/2025,09:28:28,23900,23900,375,23904.2,225,75,334050
NIFTY-III.NFO,10/01/2025,09:28:30,23900,23900,375,23904.95,150,0,334050
NIFTY-III.NFO,10/01/2025,09:28:32,23904.95,23900,375,23902.75,150,75,334050
NIFTY-III.NFO,10/01/2025,09:28:33,23900,23900,225,23904.8,225,450,334050
NIFTY-III.NFO,10/01/2025,09:28:35,23900,23900,300,23904.25,150,0,334050
NIFTY-III.NFO,10/01/2025,09:28:37,23900,23893.3,150,23900,525,300,334050
NIFTY-III.NFO,10/01/2025,09:28:38,23900,23893.4,150,23899.95,75,0,334050
NIFTY-III.NFO,10/01/2025,09:28:40,23900,23893.9,150,23899.95,75,0,334050
NIFTY-III.NFO,10/01/2025,09:28:42,23900,23893.25,300,23899.95,75,0,334050
NIFTY-III.NFO,10/01/2025,09:28:43,23900,23895.05,150,23900,525,0,334050
NIFTY-III.NFO,10/01/2025,09:28:45,23900,23896.95,150,23900,450,75,334050
NIFTY-III.NFO,10/01/2025,09:28:47,23900,23897.45,150,23900,450,0,334050
NIFTY-III.NFO,10/01/2025,09:28:48,23900,23899.3,150,23900,450,75,334050
NIFTY-III.NFO,10/01/2025,09:28:50,23900,23897.15,150,23900,450,0,334050
NIFTY-III.NFO,10/01/2025,09:28:52,23900,23895.3,150,23900,375,75,334050
NIFTY-III.NFO,10/01/2025,09:28:53,23900,23895.3,150,23900,375,0,334050
NIFTY-III.NFO,10/01/2025,09:28:55,23900,23893.6,150,23900,375,0,334050
NIFTY-III.NFO,10/01/2025,09:28:57,23900,23892.3,225,23900,375,0,334050
NIFTY-III.NFO,10/01/2025,09:28:58,23900,23894.4,150,23900,375,0,334050
NIFTY-III.NFO,10/01/2025,09:29:00,23900,23892.75,150,23900,375,0,334050
NIFTY-III.NFO,10/01/2025,09:29:02,23900,23895.3,150,23900,375,0,334050
NIFTY-III.NFO,10/01/2025,09:29:03,23900,23895.5,150,23900,375,0,334050
NIFTY-III.NFO,10/01/2025,09:29:05,23900,23894.5,300,23900,375,0,334050
NIFTY-III.NFO,10/01/2025,09:29:07,23900,23894.05,150,23900,375,0,334050
NIFTY-III.NFO,10/01/2025,09:29:08,23900,23894.25,150,23900,375,0,334050
NIFTY-III.NFO,10/01/2025,09:29:10,23900,23893.25,675,23900,375,0,334050
NIFTY-III.NFO,10/01/2025,09:29:12,23900,23893.35,150,23899.95,150,0,334050
NIFTY-III.NFO,10/01/2025,09:29:13,23900,23893.3,75,23899.95,150,0,334050
NIFTY-III.NFO,10/01/2025,09:29:15,23900,23893.35,150,23899.95,150,0,334050
NIFTY-III.NFO,10/01/2025,09:29:17,23900,23893.3,75,23899.95,150,0,334050
NIFTY-III.NFO,10/01/2025,09:29:18,23900,23893.55,75,23899.95,150,0,334050
NIFTY-III.NFO,10/01/2025,09:29:20,23900,23893.15,150,23899.5,75,0,334050
NIFTY-III.NFO,10/01/2025,09:29:22,23900,23893.3,150,23899.5,75,0,334050
NIFTY-III.NFO,10/01/2025,09:29:23,23899.45,23892.2,300,23899.5,75,75,334050
NIFTY-III.NFO,10/01/2025,09:29:23,23899.45,23892.2,300,23899.5,75,0,334050
NIFTY-III.NFO,10/01/2025,09:29:25,23899.5,23892.7,75,23899.95,75,75,334050
NIFTY-III.NFO,10/01/2025,09:29:27,23899.5,23892.75,150,23899.95,75,0,334050
NIFTY-III.NFO,10/01/2025,09:29:28,23899.5,23893.5,75,23899.95,75,0,334050
NIFTY-III.NFO,10/01/2025,09:29:30,23899.5,23893.55,150,23900,375,0,334050
NIFTY-III.NFO,10/01/2025,09:29:32,23899.5,23893.55,150,23900,450,0,334050
NIFTY-III.NFO,10/01/2025,09:29:33,23899.5,23893.45,150,23900,450,0,334050
NIFTY-III.NFO,10/01/2025,09:29:35,23899.5,23894.25,150,23900,450,0,334050
NIFTY-III.NFO,10/01/2025,09:29:37,23899.5,23894.65,150,23900,450,0,334050
NIFTY-III.NFO,10/01/2025,09:29:38,23899.5,23892.65,150,23900,450,0,334050
NIFTY-III.NFO,10/01/2025,09:29:40,23899.5,23892.75,150,23899.95,75,0,334050
NIFTY-III.NFO,10/01/2025,09:29:42,23899.5,23891,300,23899.95,150,0,334050
NIFTY-III.NFO,10/01/2025,09:29:43,23899.5,23891,150,23898.35,150,0,334050
NIFTY-III.NFO,10/01/2025,09:29:45,23899.5,23891,150,23898.8,150,0,334050
NIFTY-III.NFO,10/01/2025,09:29:47,23899.5,23891,150,23898.9,150,0,334050
NIFTY-III.NFO,10/01/2025,09:29:48,23899.5,23891,150,23893.95,150,0,334050
NIFTY-III.NFO,10/01/2025,09:29:50,23899.5,23891,150,23898.85,75,0,334050
NIFTY-III.NFO,10/01/2025,09:29:52,23899.5,23891,150,23898.2,75,0,334050
NIFTY-III.NFO,10/01/2025,09:29:53,23899.5,23891,150,23896.15,75,0,334050
NIFTY-III.NFO,10/01/2025,09:29:55,23899.5,23891,150,23896.7,75,0,334050
NIFTY-III.NFO,10/01/2025,09:29:57,23899.5,23891,150,23897.4,75,0,334050
NIFTY-III.NFO,10/01/2025,09:29:58,23899.5,23891,150,23897.75,75,0,334050
NIFTY-III.NFO,10/01/2025,09:30:00,23899.5,23891,150,23898.75,150,0,334050
NIFTY-III.NFO,10/01/2025,09:30:02,23898.75,23891.05,150,23900,525,150,334050
NIFTY-III.NFO,10/01/2025,09:30:02,23898.75,23891.05,150,23900,525,0,334050
NIFTY-III.NFO,10/01/2025,09:30:03,23898.75,23891,150,23898.45,375,0,334050
NIFTY-III.NFO,10/01/2025,09:30:05,23898.75,23891,150,23896.65,375,0,334050
NIFTY-III.NFO,10/01/2025,09:30:07,23898.75,23891,150,23895.7,450,0,334050
NIFTY-III.NFO,10/01/2025,09:30:08,23891,23890,225,23892.4,375,150,334050
NIFTY-III.NFO,10/01/2025,09:30:08,23891,23890,225,23892.4,375,0,334050
NIFTY-III.NFO,10/01/2025,09:30:10,23891,23892,75,23893.45,375,0,334050
NIFTY-III.NFO,10/01/2025,09:30:12,23891,23892,75,23895,375,0,334050
NIFTY-III.NFO,10/01/2025,09:30:13,23892,23890,225,23894.95,375,75,334050
NIFTY-III.NFO,10/01/2025,09:30:15,23892,23890,225,23894.3,375,0,334050
NIFTY-III.NFO,10/01/2025,09:30:17,23892,23890.05,150,23892,75,0,334050
NIFTY-III.NFO,10/01/2025,09:30:18,23892,23890,225,23892,75,0,334050
NIFTY-III.NFO,10/01/2025,09:30:22,23892,23890,300,23892,75,0,334050
NIFTY-III.NFO,10/01/2025,09:30:23,23892,23890.05,150,23892,75,0,334050
NIFTY-III.NFO,10/01/2025,09:30:25,23892,23891.45,225,23898.75,75,75,333675
NIFTY-III.NFO,10/01/2025,09:30:27,23892,23891.1,225,23898.75,75,0,333675
NIFTY-III.NFO,10/01/2025,09:30:28,23892,23890.05,150,23896.75,375,0,333675
NIFTY-III.NFO,10/01/2025,09:30:30,23890.05,23890.05,150,23892,75,150,333675
NIFTY-III.NFO,10/01/2025,09:30:30,23890.05,23890.05,150,23892,75,0,333675
NIFTY-III.NFO,10/01/2025,09:30:32,23890.05,23890.05,150,23892,75,0,333675
NIFTY-III.NFO,10/01/2025,09:30:35,23890.05,23890.2,150,23892,75,0,333675
NIFTY-III.NFO,10/01/2025,09:30:37,23890.05,23890.05,150,23892,75,0,333675
NIFTY-III.NFO,10/01/2025,09:30:38,23892,23890.45,225,23898.75,75,600,333675
NIFTY-III.NFO,10/01/2025,09:30:40,23891.35,23890.05,150,23898.75,75,75,333675
NIFTY-III.NFO,10/01/2025,09:30:42,23891.35,23890,225,23898.7,300,0,333675
NIFTY-III.NFO,10/01/2025,09:30:44,23891.35,23890.05,75,23892,75,0,333675
NIFTY-III.NFO,10/01/2025,09:30:49,23891.35,23890.1,225,23892,75,0,333675
NIFTY-III.NFO,10/01/2025,09:30:50,23891.35,23890.2,150,23892,75,0,333675
NIFTY-III.NFO,10/01/2025,09:30:52,23892,23891.75,225,23899.5,75,75,333675
NIFTY-III.NFO,10/01/2025,09:30:54,23892,23894.6,225,23899.5,75,0,333675
NIFTY-III.NFO,10/01/2025,09:30:55,23892,23894.8,225,23899.5,75,0,333675
NIFTY-III.NFO,10/01/2025,09:30:57,23892,23892.45,75,23899.5,75,0,333675
NIFTY-III.NFO,10/01/2025,09:30:59,23899.45,23890.5,75,23899.45,300,75,333675
NIFTY-III.NFO,10/01/2025,09:31:00,23899.45,23892.05,75,23899.95,150,0,333675
NIFTY-III.NFO,10/01/2025,09:31:02,23899.45,23893.55,225,23900,525,0,333675
NIFTY-III.NFO,10/01/2025,09:31:04,23899.45,23892.05,75,23899.95,300,0,333675
NIFTY-III.NFO,10/01/2025,09:31:05,23899.45,23892,375,23899.25,300,0,333675
NIFTY-III.NFO,10/01/2025,09:31:07,23899.45,23892,375,23899.95,150,0,333675
NIFTY-III.NFO,10/01/2025,09:31:09,23899.45,23892.15,225,23899.95,150,0,333675
NIFTY-III.NFO,10/01/2025,09:31:10,23892,23892,300,23899.95,375,75,333675
NIFTY-III.NFO,10/01/2025,09:31:12,23892,23892,300,23899.65,300,0,333675
NIFTY-III.NFO,10/01/2025,09:31:14,23892,23892,300,23897.05,300,0,333675
NIFTY-III.NFO,10/01/2025,09:31:15,23892,23892,300,23899.15,375,0,333675
NIFTY-III.NFO,10/01/2025,09:31:17,23892,23892,300,23898.45,300,0,333675
NIFTY-III.NFO,10/01/2025,09:31:19,23892,23892,300,23898.45,375,0,333675
NIFTY-III.NFO,10/01/2025,09:31:20,23892,23892.05,75,23895,75,0,333675
NIFTY-III.NFO,10/01/2025,09:31:22,23892,23892.3,150,23895,75,0,333675
NIFTY-III.NFO,10/01/2025,09:31:24,23892,23892,375,23895,75,0,333675
NIFTY-III.NFO,10/01/2025,09:31:27,23892,23892,375,23894.95,150,0,333675
NIFTY-III.NFO,10/01/2025,09:31:29,23892,23892,375,23895,75,0,333675
NIFTY-III.NFO,10/01/2025,09:31:30,23892,23892,375,23894.95,150,0,333675
NIFTY-III.NFO,10/01/2025,09:31:32,23892,23892,375,23895,75,0,333675
NIFTY-III.NFO,10/01/2025,09:31:34,23892,23892,375,23894.95,150,0,333675
NIFTY-III.NFO,10/01/2025,09:31:35,23892,23892,300,23894.95,300,75,333675
NIFTY-III.NFO,10/01/2025,09:31:37,23892,23890.05,75,23894.95,375,300,333675
NIFTY-III.NFO,10/01/2025,09:31:39,23890,23884.8,75,23893.75,225,225,333675
NIFTY-III.NFO,10/01/2025,09:31:39,23890,23884.8,75,23893.75,225,0,333675
NIFTY-III.NFO,10/01/2025,09:31:40,23890,23885.2,75,23893.95,225,0,333675
NIFTY-III.NFO,10/01/2025,09:31:42,23890,23884.95,150,23893.5,225,0,333675
NIFTY-III.NFO,10/01/2025,09:31:44,23890,23887.1,75,23894.95,150,0,333675
NIFTY-III.NFO,10/01/2025,09:31:45,23890,23887,75,23894.95,150,0,333675
NIFTY-III.NFO,10/01/2025,09:31:47,23890,23887.35,75,23894.95,150,0,333675
NIFTY-III.NFO,10/01/2025,09:31:50,23890,23887.35,75,23894.95,600,0,333675
NIFTY-III.NFO,10/01/2025,09:31:52,23890,23887.35,75,23894.95,225,0,333675
NIFTY-III.NFO,10/01/2025,09:31:54,23890,23886.75,225,23894.7,150,0,333675
NIFTY-III.NFO,10/01/2025,09:31:55,23890,23883.8,75,23893.85,225,0,333675
NIFTY-III.NFO,10/01/2025,09:31:57,23890,23885.3,75,23894.05,225,0,333675
NIFTY-III.NFO,10/01/2025,09:31:59,23890,23883.55,75,23893.65,150,0,333675
NIFTY-III.NFO,10/01/2025,09:32:00,23890,23881.5,75,23889.85,150,0,333675
NIFTY-III.NFO,10/01/2025,09:32:02,23890,23882.85,75,23889.05,150,0,333675
NIFTY-III.NFO,10/01/2025,09:32:04,23890,23879.1,75,23886.6,150,0,333675
NIFTY-III.NFO,10/01/2025,09:32:05,23890,23877.65,75,23887.35,225,0,333675
NIFTY-III.NFO,10/01/2025,09:32:07,23881.05,23878.8,150,23887.65,150,150,333675
NIFTY-III.NFO,10/01/2025,09:32:07,23881.05,23878.8,150,23887.65,150,0,333675
NIFTY-III.NFO,10/01/2025,09:32:09,23878.55,23878.15,150,23886.35,375,75,333675
NIFTY-III.NFO,10/01/2025,09:32:09,23878.55,23878.15,150,23886.35,375,0,333675
NIFTY-III.NFO,10/01/2025,09:32:10,23878.55,23878.45,150,23887.75,675,0,333675
NIFTY-III.NFO,10/01/2025,09:32:12,23878.55,23877.1,600,23889.6,375,0,333675
NIFTY-III.NFO,10/01/2025,09:32:14,23878.55,23880.5,225,23890,150,0,333675
NIFTY-III.NFO,10/01/2025,09:32:15,23878.55,23880.05,150,23889.2,375,0,333675
NIFTY-III.NFO,10/01/2025,09:32:17,23878.55,23880.05,150,23888.8,375,0,333675
NIFTY-III.NFO,10/01/2025,09:32:19,23878.55,23878.45,150,23887.45,300,0,333675
NIFTY-III.NFO,10/01/2025,09:32:20,23878,23878.5,150,23888.5,375,150,333675
NIFTY-III.NFO,10/01/2025,09:32:20,23878,23878.5,150,23888.5,375,0,333675
NIFTY-III.NFO,10/01/2025,09:32:22,23878,23878.3,225,23890.95,375,0,333675
NIFTY-III.NFO,10/01/2025,09:32:24,23879.35,23883,75,23888.15,375,75,333675
NIFTY-III.NFO,10/01/2025,09:32:25,23879.35,23883,75,23890.45,150,0,333675
NIFTY-III.NFO,10/01/2025,09:32:27,23883,23882.85,150,23891.9,150,75,333675
NIFTY-III.NFO,10/01/2025,09:32:29,23883,23883.4,150,23891.75,150,75,333675
NIFTY-III.NFO,10/01/2025,09:32:30,23883,23881.35,150,23890.15,300,0,333675
NIFTY-III.NFO,10/01/2025,09:32:32,23883,23879.95,150,23889.55,375,75,333675
NIFTY-III.NFO,10/01/2025,09:32:34,23883,23880.05,225,23892.05,150,0,333675
NIFTY-III.NFO,10/01/2025,09:32:35,23883,23884,150,23892.05,150,0,333675
NIFTY-III.NFO,10/01/2025,09:32:37,23883,23883.3,150,23892.05,150,0,333675
NIFTY-III.NFO,10/01/2025,09:32:39,23891.85,23883.35,75,23891.7,150,75,333675
NIFTY-III.NFO,10/01/2025,09:32:40,23891.85,23882.15,75,23890.8,300,0,333675
NIFTY-III.NFO,10/01/2025,09:32:42,23891.85,23883.95,225,23892.05,150,0,333675
NIFTY-III.NFO,10/01/2025,09:32:43,23891.85,23885.15,75,23893.95,150,0,333675
NIFTY-III.NFO,10/01/2025,09:32:45,23891.85,23884.9,75,23889.45,75,0,333675
NIFTY-III.NFO,10/01/2025,09:32:47,23891.85,23883.7,225,23889.45,75,0,333675
NIFTY-III.NFO,10/01/2025,09:32:48,23891.85,23885.1,75,23889.45,75,0,333675
NIFTY-III.NFO,10/01/2025,09:32:50,23891.85,23885.15,225,23889.45,75,0,333675
NIFTY-III.NFO,10/01/2025,09:32:52,23891.85,23881.85,75,23889.45,75,0,333675
NIFTY-III.NFO,10/01/2025,09:32:53,23891.85,23882.15,75,23889.45,75,0,333675
NIFTY-III.NFO,10/01/2025,09:32:55,23889.4,23880.55,150,23889.4,75,150,333675
NIFTY-III.NFO,10/01/2025,09:32:57,23889.4,23880,75,23887.85,300,0,333675
NIFTY-III.NFO,10/01/2025,09:32:59,23880,23875,375,23879.6,75,75,333675
NIFTY-III.NFO,10/01/2025,09:33:00,23880,23875,375,23878.55,225,0,333675
NIFTY-III.NFO,10/01/2025,09:33:02,23880,23875,375,23881.75,75,0,333675
NIFTY-III.NFO,10/01/2025,09:33:04,23880,23875,375,23881.75,300,0,333675
NIFTY-III.NFO,10/01/2025,09:33:05,23880,23875,375,23879.7,75,0,333675
NIFTY-III.NFO,10/01/2025,09:33:07,23880,23875,375,23880.6,75,0,333675
NIFTY-III.NFO,10/01/2025,09:33:09,23880,23875,375,23878.25,75,0,333675
NIFTY-III.NFO,10/01/2025,09:33:10,23880,23875,375,23878.8,75,0,333675
NIFTY-III.NFO,10/01/2025,09:33:12,23875,23873,75,23873.95,75,375,333675
NIFTY-III.NFO,10/01/2025,09:33:12,23875,23873,75,23873.95,75,0,333675
NIFTY-III.NFO,10/01/2025,09:33:14,23873,23870,225,23873.95,150,75,333675
NIFTY-III.NFO,10/01/2025,09:33:14,23873,23870,225,23873.95,150,0,333675
NIFTY-III.NFO,10/01/2025,09:33:15,23873,23870,225,23873,75,0,333675
NIFTY-III.NFO,10/01/2025,09:33:17,23870,23870,150,23871.95,75,75,333675
NIFTY-III.NFO,10/01/2025,09:33:17,23870,23870,150,23871.95,75,0,333675
NIFTY-III.NFO,10/01/2025,09:33:19,23870,23870,150,23872.7,75,0,333675
NIFTY-III.NFO,10/01/2025,09:33:20,23870,23865.3,75,23871.7,600,225,333675
NIFTY-III.NFO,10/01/2025,09:33:22,23860,23860.5,225,23866.45,375,150,333675
NIFTY-III.NFO,10/01/2025,09:33:22,23860,23860.5,225,23866.45,375,0,333675
NIFTY-III.NFO,10/01/2025,09:33:24,23860,23860,150,23867.45,375,0,333675
NIFTY-III.NFO,10/01/2025,09:33:25,23860,23861.1,150,23867.85,375,0,333675
NIFTY-III.NFO,10/01/2025,09:33:27,23860,23860,75,23865,375,0,333675
NIFTY-III.NFO,10/01/2025,09:33:29,23860,23860.05,150,23866.1,375,0,333675
NIFTY-III.NFO,10/01/2025,09:33:30,23860,23860.05,150,23866.05,375,0,333675
NIFTY-III.NFO,10/01/2025,09:33:32,23860,23856.95,300,23863.6,375,150,334200
NIFTY-III.NFO,10/01/2025,09:33:34,23860,23856.65,150,23864.1,375,0,334200
NIFTY-III.NFO,10/01/2025,09:33:35,23860,23855,150,23862.2,300,0,334200
NIFTY-III.NFO,10/01/2025,09:33:37,23860,23856.1,150,23862.7,375,0,334200
NIFTY-III.NFO,10/01/2025,09:33:39,23860,23860,75,23862.55,75,0,334200
NIFTY-III.NFO,10/01/2025,09:33:40,23860,23852.05,150,23857.7,225,75,334200
NIFTY-III.NFO,10/01/2025,09:33:42,23860,23852,75,23855.6,375,0,334200
NIFTY-III.NFO,10/01/2025,09:33:43,23860,23852,75,23856.3,375,0,334200
NIFTY-III.NFO,10/01/2025,09:33:45,23852,23851.05,150,23856.95,375,75,334200
NIFTY-III.NFO,10/01/2025,09:33:45,23852,23851.05,150,23856.95,375,0,334200
NIFTY-III.NFO,10/01/2025,09:33:47,23852,23851.05,150,23858.25,150,0,334200
NIFTY-III.NFO,10/01/2025,09:33:48,23852,23851.05,150,23857.6,150,0,334200
NIFTY-III.NFO,10/01/2025,09:33:50,23852,23851,75,23852,75,0,334200
NIFTY-III.NFO,10/01/2025,09:33:52,23852,23851,75,23852,300,75,334200
NIFTY-III.NFO,10/01/2025,09:33:53,23852,23851,75,23853.75,375,0,334200
NIFTY-III.NFO,10/01/2025,09:33:55,23853.35,23851,75,23853.1,375,225,334200
NIFTY-III.NFO,10/01/2025,09:33:57,23850,23850,300,23852.1,375,150,334200
NIFTY-III.NFO,10/01/2025,09:33:57,23850,23850,300,23852.1,375,0,334200
NIFTY-III.NFO,10/01/2025,09:33:58,23850,23850,300,23852.45,75,0,334200
NIFTY-III.NFO,10/01/2025,09:34:00,23850,23850,150,23852.2,75,150,334200
NIFTY-III.NFO,10/01/2025,09:34:02,23850,23850.85,150,23855,75,0,334200
NIFTY-III.NFO,10/01/2025,09:34:03,23850.05,23850.05,150,23855,75,150,334200
NIFTY-III.NFO,10/01/2025,09:34:05,23850.05,23850,150,23855,75,0,334200
NIFTY-III.NFO,10/01/2025,09:34:07,23850.05,23850,150,23854.35,150,0,334200
NIFTY-III.NFO,10/01/2025,09:34:08,23850.05,23850,150,23852.35,375,0,334200
NIFTY-III.NFO,10/01/2025,09:34:10,23850,23841.6,150,23849.7,375,150,334200
NIFTY-III.NFO,10/01/2025,09:34:12,23850,23840.45,150,23848.35,150,0,334200
NIFTY-III.NFO,10/01/2025,09:34:13,23850,23842.45,225,23849.35,150,0,334200
NIFTY-III.NFO,10/01/2025,09:34:15,23850,23838.45,225,23844.5,300,0,334200
NIFTY-III.NFO,10/01/2025,09:34:17,23850,23840.05,150,23846.5,150,0,334200
NIFTY-III.NFO,10/01/2025,09:34:18,23840.05,23845,75,23846.05,375,75,334200
NIFTY-III.NFO,10/01/2025,09:34:18,23840.05,23845,75,23846.05,375,0,334200
NIFTY-III.NFO,10/01/2025,09:34:20,23840.05,23845,75,23849.95,150,0,334200
NIFTY-III.NFO,10/01/2025,09:34:22,23840.05,23845,75,23846.3,375,0,334200
NIFTY-III.NFO,10/01/2025,09:34:23,23840.05,23845,75,23850,150,0,334200
NIFTY-III.NFO,10/01/2025,09:34:25,23840.05,23845,75,23846.9,375,0,334200
NIFTY-III.NFO,10/01/2025,09:34:27,23840.05,23845,75,23848.9,375,0,334200
NIFTY-III.NFO,10/01/2025,09:34:28,23840.05,23846.3,75,23849.35,375,0,334200
NIFTY-III.NFO,10/01/2025,09:34:30,23846.3,23845,75,23849.35,375,75,334200
NIFTY-III.NFO,10/01/2025,09:34:32,23845,23840.05,375,23846.35,375,75,334200
NIFTY-III.NFO,10/01/2025,09:34:33,23845,23840.05,375,23841.85,225,0,334200
NIFTY-III.NFO,10/01/2025,09:34:35,23840.05,23835,225,23840.3,375,375,334200
NIFTY-III.NFO,10/01/2025,09:34:37,23840.05,23834.75,75,23843.15,150,0,334200
NIFTY-III.NFO,10/01/2025,09:34:38,23840.05,23834,75,23841.1,150,0,334200
NIFTY-III.NFO,10/01/2025,09:34:40,23840.05,23834,75,23838.4,150,0,334200
NIFTY-III.NFO,10/01/2025,09:34:42,23840.05,23834.05,75,23841.5,150,0,334200
NIFTY-III.NFO,10/01/2025,09:34:44,23840.05,23834.8,150,23843.8,300,0,334200
NIFTY-III.NFO,10/01/2025,09:34:45,23836.6,23836.35,75,23840.05,75,75,334200
NIFTY-III.NFO,10/01/2025,09:34:45,23836.6,23836.35,75,23840.05,75,0,334200
NIFTY-III.NFO,10/01/2025,09:34:47,23840.05,23837.45,225,23844.95,150,75,334200
NIFTY-III.NFO,10/01/2025,09:34:49,23840.05,23836,225,23844.55,150,0,334200
NIFTY-III.NFO,10/01/2025,09:34:50,23844.6,23835.6,150,23844.6,75,600,334200
NIFTY-III.NFO,10/01/2025,09:34:52,23844.6,23834.75,150,23842.45,75,0,334200
NIFTY-III.NFO,10/01/2025,09:34:54,23844.6,23834.8,150,23842.85,75,0,334200
NIFTY-III.NFO,10/01/2025,09:34:55,23844.6,23835.3,150,23842.25,75,0,334200
NIFTY-III.NFO,10/01/2025,09:34:57,23844.6,23835.55,150,23842.25,75,0,334200
NIFTY-III.NFO,10/01/2025,09:34:59,23842.3,23836.4,150,23843.8,75,75,334200
NIFTY-III.NFO,10/01/2025,09:35:00,23842.3,23837.8,150,23843.95,75,0,334200
NIFTY-III.NFO,10/01/2025,09:35:02,23842.3,23835.5,300,23842.85,75,0,334200
NIFTY-III.NFO,10/01/2025,09:35:04,23842.3,23834.45,150,23841.4,75,0,334200
NIFTY-III.NFO,10/01/2025,09:35:05,23842.3,23834,75,23840.25,225,0,334200
NIFTY-III.NFO,10/01/2025,09:35:07,23842.3,23834,75,23834.45,75,0,334200
NIFTY-III.NFO,10/01/2025,09:35:10,23834.45,23834,75,23839.7,75,75,334200
NIFTY-III.NFO,10/01/2025,09:35:10,23834.45,23834,75,23839.7,75,0,334200
NIFTY-III.NFO,10/01/2025,09:35:12,23834.45,23834,75,23837.85,75,0,334200
NIFTY-III.NFO,10/01/2025,09:35:14,23834.45,23834.15,150,23840,75,0,334200
NIFTY-III.NFO,10/01/2025,09:35:15,23834.45,23834.85,150,23840,75,0,334200
NIFTY-III.NFO,10/01/2025,09:35:17,23834.45,23835.6,150,23840,75,0,334200
NIFTY-III.NFO,10/01/2025,09:35:19,23835.8,23834.05,75,23840,75,150,334200
NIFTY-III.NFO,10/01/2025,09:35:20,23835.8,23835.3,225,23840,75,0,334200
NIFTY-III.NFO,10/01/2025,09:35:22,23840,23834.05,150,23841.35,150,300,334200
NIFTY-III.NFO,10/01/2025,09:35:22,23834.05,23834.05,150,23841.35,150,0,334200
NIFTY-III.NFO,10/01/2025,09:35:24,23844.8,23837.2,75,23843.65,150,150,334200
NIFTY-III.NFO,10/01/2025,09:35:25,23844.8,23836.5,150,23840,75,0,334200
NIFTY-III.NFO,10/01/2025,09:35:27,23835.25,23836.65,150,23840,75,75,334200
NIFTY-III.NFO,10/01/2025,09:35:29,23835.25,23838.1,225,23840,75,0,334200
NIFTY-III.NFO,10/01/2025,09:35:30,23835.25,23836.7,150,23840,75,0,334200
NIFTY-III.NFO,10/01/2025,09:35:32,23835.25,23834.75,150,23840,75,0,334200
NIFTY-III.NFO,10/01/2025,09:35:34,23835.25,23835.25,225,23840,225,75,334200
NIFTY-III.NFO,10/01/2025,09:35:35,23835.25,23835.25,225,23838.4,675,0,334200
NIFTY-III.NFO,10/01/2025,09:35:37,23835.25,23835.25,225,23839.95,150,0,334200
NIFTY-III.NFO,10/01/2025,09:35:39,23835,23834,75,23835.5,450,300,334200
NIFTY-III.NFO,10/01/2025,09:35:40,23834,23830,150,23832.95,150,75,334200
NIFTY-III.NFO,10/01/2025,09:35:40,23834,23830,150,23832.95,150,0,334200
NIFTY-III.NFO,10/01/2025,09:35:42,23830,23830,75,23830.65,225,75,334200
NIFTY-III.NFO,10/01/2025,09:35:42,23830,23830,75,23830.65,225,0,334200
NIFTY-III.NFO,10/01/2025,09:35:44,23829.6,23825.25,75,23827.7,225,150,334200
NIFTY-III.NFO,10/01/2025,09:35:44,23829.6,23825.25,75,23827.7,225,0,334200
NIFTY-III.NFO,10/01/2025,09:35:45,23829.6,23825.25,75,23826.8,150,0,334200
NIFTY-III.NFO,10/01/2025,09:35:47,23829.6,23825.25,75,23826.1,150,0,334200
NIFTY-III.NFO,10/01/2025,09:35:49,23824.8,23820,150,23824.4,225,225,334200
NIFTY-III.NFO,10/01/2025,09:35:49,23824.8,23820,150,23824.4,225,0,334200
NIFTY-III.NFO,10/01/2025,09:35:50,23825.65,23820.05,150,23826.9,225,75,334200
NIFTY-III.NFO,10/01/2025,09:35:52,23825.65,23820.3,150,23826.65,150,0,334200
NIFTY-III.NFO,10/01/2025,09:35:54,23825.65,23825,375,23830.3,150,0,334200
NIFTY-III.NFO,10/01/2025,09:35:55,23825,23825,375,23828.85,150,75,334200
NIFTY-III.NFO,10/01/2025,09:35:57,23820.25,23820.25,150,23828.6,150,450,334200
NIFTY-III.NFO,10/01/2025,09:35:57,23820.25,23820.25,150,23828.6,150,0,334200
NIFTY-III.NFO,10/01/2025,09:35:59,23821,23820.3,225,23830.7,150,75,334200
NIFTY-III.NFO,10/01/2025,09:36:00,23829.95,23820,150,23827.4,75,75,334200
NIFTY-III.NFO,10/01/2025,09:36:02,23820.25,23820,225,23825.95,75,75,334200
NIFTY-III.NFO,10/01/2025,09:36:04,23820.25,23820.3,150,23828.2,75,0,334200
NIFTY-III.NFO,10/01/2025,09:36:05,23820.25,23820.75,150,23829.5,75,0,334200
NIFTY-III.NFO,10/01/2025,09:36:07,23820.25,23821.25,225,23828.8,75,0,334200
NIFTY-III.NFO,10/01/2025,09:36:09,23820.25,23823.75,225,23829.8,75,0,334200
NIFTY-III.NFO,10/01/2025,09:36:10,23823.8,23823.8,75,23830.65,75,75,334200
NIFTY-III.NFO,10/01/2025,09:36:12,23823.8,23825.05,150,23832.15,75,0,334200
NIFTY-III.NFO,10/01/2025,09:36:14,23826.5,23825.95,150,23833.55,75,75,334200
NIFTY-III.NFO,10/01/2025,09:36:15,23826.5,23827.35,150,23835.2,150,0,334200
NIFTY-III.NFO,10/01/2025,09:36:17,23826.5,23828.3,150,23833.1,75,0,334200
NIFTY-III.NFO,10/01/2025,09:36:19,23826.5,23827.55,75,23833.05,75,0,334200
NIFTY-III.NFO,10/01/2025,09:36:20,23827.85,23826.75,75,23833.1,75,150,334200
NIFTY-III.NFO,10/01/2025,09:36:22,23833.1,23830.75,150,23837.25,225,375,334200
NIFTY-III.NFO,10/01/2025,09:36:24,23830.5,23830.05,225,23837.7,225,225,335775
NIFTY-III.NFO,10/01/2025,09:36:25,23830.5,23830,525,23835.85,150,0,335775
NIFTY-III.NFO,10/01/2025,09:36:27,23830,23835,75,23836.05,150,75,335775
NIFTY-III.NFO,10/01/2025,09:36:29,23835,23830,450,23835.5,150,75,335775
NIFTY-III.NFO,10/01/2025,09:36:30,23830,23830,375,23830.5,75,75,335775
NIFTY-III.NFO,10/01/2025,09:36:32,23830,23830,375,23830.5,75,0,335775
NIFTY-III.NFO,10/01/2025,09:36:34,23830,23830,225,23832.3,150,150,335775
NIFTY-III.NFO,10/01/2025,09:36:35,23830,23830,225,23832.2,450,0,335775
NIFTY-III.NFO,10/01/2025,09:36:37,23830,23830,225,23831.95,150,0,335775
NIFTY-III.NFO,10/01/2025,09:36:39,23830,23826.55,150,23829.8,150,225,335775
NIFTY-III.NFO,10/01/2025,09:36:40,23830,23826.55,150,23829.05,150,0,335775
NIFTY-III.NFO,10/01/2025,09:36:42,23830,23826.55,150,23831.5,150,0,335775
NIFTY-III.NFO,10/01/2025,09:36:44,23830,23830,75,23830.75,150,0,335775
NIFTY-III.NFO,10/01/2025,09:36:45,23830,23830,75,23833.95,150,0,335775
NIFTY-III.NFO,10/01/2025,09:36:47,23830,23830,75,23833.95,75,0,335775
NIFTY-III.NFO,10/01/2025,09:36:49,23830,23827.3,225,23833.95,75,75,335775
NIFTY-III.NFO,10/01/2025,09:36:50,23830,23826.55,150,23833.45,75,0,335775
NIFTY-III.NFO,10/01/2025,09:36:52,23830,23826.75,75,23833,150,0,335775
NIFTY-III.NFO,10/01/2025,09:36:54,23830,23830,150,23832.45,300,0,335775
NIFTY-III.NFO,10/01/2025,09:36:55,23830,23825.25,75,23832.45,300,150,335775
NIFTY-III.NFO,10/01/2025,09:36:57,23830,23825.25,75,23830,150,0,335775
NIFTY-III.NFO,10/01/2025,09:36:59,23825.7,23825.7,75,23830,150,75,335775
NIFTY-III.NFO,10/01/2025,09:37:00,23825.7,23825.35,225,23830,225,0,335775
NIFTY-III.NFO,10/01/2025,09:37:02,23825.7,23825.8,225,23830,225,0,335775
NIFTY-III.NFO,10/01/2025,09:37:04,23825.8,23825.8,225,23830,225,75,335775
NIFTY-III.NFO,10/01/2025,09:37:06,23825.8,23828,225,23830,225,0,335775
NIFTY-III.NFO,10/01/2025,09:37:07,23830,23831.45,150,23839.35,150,225,335775
NIFTY-III.NFO,10/01/2025,09:37:09,23830,23827.45,150,23830,600,0,335775
NIFTY-III.NFO,10/01/2025,09:37:11,23830,23827.05,75,23830,600,0,335775
NIFTY-III.NFO,10/01/2025,09:37:14,23830,23829,300,23830,600,0,335775
NIFTY-III.NFO,10/01/2025,09:37:19,23829,23825.25,75,23829,300,300,335775
NIFTY-III.NFO,10/01/2025,09:37:21,23829,23825.25,75,23828.5,150,0,335775
NIFTY-III.NFO,10/01/2025,09:37:22,23828.95,23825.25,75,23828.95,300,150,335775
NIFTY-III.NFO,10/01/2025,09:37:24,23828.95,23825.25,75,23826.2,150,0,335775
NIFTY-III.NFO,10/01/2025,09:37:26,23825.25,23821.1,75,23827.85,150,75,335775
NIFTY-III.NFO,10/01/2025,09:37:27,23825.25,23821.65,150,23828.95,150,0,335775
NIFTY-III.NFO,10/01/2025,09:37:29,23821.2,23821.1,75,23827.4,150,150,335775
NIFTY-III.NFO,10/01/2025,09:37:31,23821.2,23821.1,75,23822.25,150,0,335775
NIFTY-III.NFO,10/01/2025,09:37:32,23821.2,23821.1,75,23824,150,0,335775
NIFTY-III.NFO,10/01/2025,09:37:34,23821.2,23821.1,75,23825.4,150,0,335775
NIFTY-III.NFO,10/01/2025,09:37:36,23821.2,23821.1,75,23824.35,150,0,335775
NIFTY-III.NFO,10/01/2025,09:37:37,23821.2,23821.1,75,23825.1,150,0,335775
NIFTY-III.NFO,10/01/2025,09:37:39,23821.2,23821.1,75,23824.7,150,0,335775
NIFTY-III.NFO,10/01/2025,09:37:41,23821.2,23821.1,75,23822.05,150,0,335775
NIFTY-III.NFO,10/01/2025,09:37:42,23823.85,23821.1,75,23824.55,300,525,335775
NIFTY-III.NFO,10/01/2025,09:37:44,23823.85,23821.1,75,23824.2,75,0,335775
NIFTY-III.NFO,10/01/2025,09:37:46,23823.85,23821.1,75,23825.55,525,0,335775
NIFTY-III.NFO,10/01/2025,09:37:47,23823.85,23821.1,75,23825.55,300,0,335775
NIFTY-III.NFO,10/01/2025,09:37:49,23823.85,23821.1,75,23826.1,375,0,335775
NIFTY-III.NFO,10/01/2025,09:37:51,23823.85,23821.2,75,23824.6,300,0,335775
NIFTY-III.NFO,10/01/2025,09:37:54,23823.85,23821.2,75,23825,150,0,335775
NIFTY-III.NFO,10/01/2025,09:37:56,23823.85,23821.2,75,23824.95,150,0,335775
NIFTY-III.NFO,10/01/2025,09:37:57,23823.85,23821.2,75,23824,150,0,335775
NIFTY-III.NFO,10/01/2025,09:37:59,23823.85,23821.2,75,23824.75,225,0,335775
NIFTY-III.NFO,10/01/2025,09:38:01,23823.85,23821.2,75,23825,150,0,335775
NIFTY-III.NFO,10/01/2025,09:38:02,23821.2,23821.1,75,23825.25,300,75,335775
NIFTY-III.NFO,10/01/2025,09:38:04,23825.55,23821.1,75,23825,150,150,335775
NIFTY-III.NFO,10/01/2025,09:38:06,23823.35,23821.1,75,23821.35,150,150,335775
NIFTY-III.NFO,10/01/2025,09:38:07,23821.1,23820.25,225,23823.2,300,75,335775
NIFTY-III.NFO,10/01/2025,09:38:09,23821.1,23820.25,225,23824.1,150,0,335775
NIFTY-III.NFO,10/01/2025,09:38:11,23821.1,23820.3,150,23824,75,0,335775
NIFTY-III.NFO,10/01/2025,09:38:12,23821.1,23820.25,225,23823.55,150,0,335775
NIFTY-III.NFO,10/01/2025,09:38:14,23821.1,23820.25,225,23823.3,300,0,335775
NIFTY-III.NFO,10/01/2025,09:38:16,23821.1,23820.25,225,23822,150,0,335775
NIFTY-III.NFO,10/01/2025,09:38:17,23820,23820,75,23824.65,150,600,335775
NIFTY-III.NFO,10/01/2025,09:38:17,23820,23820,75,23824.65,150,0,335775
NIFTY-III.NFO,10/01/2025,09:38:19,23820,23813.75,150,23822.85,225,75,335775
NIFTY-III.NFO,10/01/2025,09:38:21,23820,23814.85,150,23820,75,0,335775
NIFTY-III.NFO,10/01/2025,09:38:22,23820,23817.8,150,23825.1,75,75,335775
NIFTY-III.NFO,10/01/2025,09:38:24,23814.7,23815.55,150,23823.75,150,75,335775
NIFTY-III.NFO,10/01/2025,09:38:24,23814.7,23815.55,150,23823.75,150,0,335775
NIFTY-III.NFO,10/01/2025,09:38:26,23814.7,23815.25,300,23823.4,75,0,335775
NIFTY-III.NFO,10/01/2025,09:38:27,23814.7,23816.1,225,23824.6,150,0,335775
NIFTY-III.NFO,10/01/2025,09:38:29,23814.7,23816.4,150,23824.75,300,0,335775
NIFTY-III.NFO,10/01/2025,09:38:31,23814.7,23820.9,150,23825,75,0,335775
NIFTY-III.NFO,10/01/2025,09:38:32,23823.85,23821.7,225,23827,300,675,335775
NIFTY-III.NFO,10/01/2025,09:38:34,23823.85,23818,225,23827,300,0,335775
NIFTY-III.NFO,10/01/2025,09:38:36,23823.85,23819.3,225,23827,300,0,335775
NIFTY-III.NFO,10/01/2025,09:38:42,23823.85,23819.15,225,23827,300,0,335775
NIFTY-III.NFO,10/01/2025,09:38:44,23823.85,23821.25,225,23827,300,0,335775
NIFTY-III.NFO,10/01/2025,09:38:46,23823.85,23821.25,150,23827,300,0,335775
NIFTY-III.NFO,10/01/2025,09:38:47,23823.85,23823,150,23827,300,0,335775
NIFTY-III.NFO,10/01/2025,09:38:52,23823.85,23823,150,23826.95,150,0,335775
NIFTY-III.NFO,10/01/2025,09:38:54,23823.85,23823,150,23823.2,150,0,335775
NIFTY-III.NFO,10/01/2025,09:38:56,23823,23812,75,23818.05,225,150,335775
NIFTY-III.NFO,10/01/2025,09:38:57,23823,23812.6,75,23818.65,150,0,335775
NIFTY-III.NFO,10/01/2025,09:38:59,23823,23812.05,225,23822.35,150,0,335775
NIFTY-III.NFO,10/01/2025,09:39:01,23823,23813.8,75,23818.95,150,0,335775
NIFTY-III.NFO,10/01/2025,09:39:02,23823,23814.4,75,23821.15,150,0,335775
NIFTY-III.NFO,10/01/2025,09:39:04,23823,23814.4,75,23819.8,150,0,335775
NIFTY-III.NFO,10/01/2025,09:39:06,23823,23814.4,75,23819.55,300,0,335775
NIFTY-III.NFO,10/01/2025,09:39:07,23820.05,23814.4,75,23820.05,300,75,335775
NIFTY-III.NFO,10/01/2025,09:39:09,23820.05,23814.4,75,23820.75,150,0,335775
NIFTY-III.NFO,10/01/2025,09:39:11,23820.05,23814.4,75,23821.5,150,0,335775
NIFTY-III.NFO,10/01/2025,09:39:12,23820.05,23814.4,75,23819.75,150,0,335775
NIFTY-III.NFO,10/01/2025,09:39:14,23820.05,23814.4,75,23821.65,150,0,335775
NIFTY-III.NFO,10/01/2025,09:39:16,23820.05,23814.9,75,23822.8,150,0,335775
NIFTY-III.NFO,10/01/2025,09:39:17,23820.05,23815.85,75,23823.4,150,0,335775
NIFTY-III.NFO,10/01/2025,09:39:19,23820.05,23815.45,75,23823.35,150,0,335775
NIFTY-III.NFO,10/01/2025,09:39:21,23820.05,23814.9,75,23820,75,0,335775
NIFTY-III.NFO,10/01/2025,09:39:24,23820,23815.25,75,23824.4,150,75,336375
NIFTY-III.NFO,10/01/2025,09:39:26,23820,23814.4,75,23819.85,300,0,336375
NIFTY-III.NFO,10/01/2025,09:39:27,23820,23814.4,75,23819.45,150,0,336375
NIFTY-III.NFO,10/01/2025,09:39:29,23820,23814.4,75,23819.55,150,0,336375
NIFTY-III.NFO,10/01/2025,09:39:31,23820,23814.4,75,23819.95,150,0,336375
NIFTY-III.NFO,10/01/2025,09:39:32,23820,23814.4,75,23820,75,0,336375
NIFTY-III.NFO,10/01/2025,09:39:34,23820,23814.45,75,23820,75,0,336375
NIFTY-III.NFO,10/01/2025,09:39:37,23815.4,23814.3,75,23820,75,75,336375
NIFTY-III.NFO,10/01/2025,09:39:39,23815.4,23811.5,75,23819.4,150,0,336375
NIFTY-III.NFO,10/01/2025,09:39:41,23815.4,23810.1,75,23818.6,150,0,336375
NIFTY-III.NFO,10/01/2025,09:39:42,23815.4,23810.9,75,23815,75,0,336375
NIFTY-III.NFO,10/01/2025,09:39:44,23815,23813.2,75,23820.35,300,75,336375
NIFTY-III.NFO,10/01/2025,09:39:46,23815,23813.2,75,23819.65,150,0,336375
NIFTY-III.NFO,10/01/2025,09:39:47,23815,23813.25,75,23819.95,150,0,336375
NIFTY-III.NFO,10/01/2025,09:39:49,23815,23813.2,75,23819.45,150,0,336375
NIFTY-III.NFO,10/01/2025,09:39:51,23813.2,23812.8,75,23820,375,75,336375
NIFTY-III.NFO,10/01/2025,09:39:51,23813.2,23812.8,75,23820,375,0,336375
NIFTY-III.NFO,10/01/2025,09:39:52,23813.2,23813.35,150,23820,375,0,336375
NIFTY-III.NFO,10/01/2025,09:39:54,23813.2,23812.25,75,23820,375,0,336375
NIFTY-III.NFO,10/01/2025,09:39:56,23813.2,23813.05,75,23820,375,0,336375
NIFTY-III.NFO,10/01/2025,09:39:57,23813.2,23813.45,75,23820,375,0,336375
NIFTY-III.NFO,10/01/2025,09:39:59,23813.2,23813.05,75,23819.55,150,0,336375
NIFTY-III.NFO,10/01/2025,09:40:01,23813.2,23813,75,23816.6,300,0,336375
NIFTY-III.NFO,10/01/2025,09:40:02,23813,23810.05,75,23813.2,75,75,336375
NIFTY-III.NFO,10/01/2025,09:40:02,23813,23810.05,75,23813.2,75,0,336375
NIFTY-III.NFO,10/01/2025,09:40:04,23813,23810.05,75,23813.2,75,0,336375
NIFTY-III.NFO,10/01/2025,09:40:06,23813.2,23810.05,75,23814,300,75,336375
NIFTY-III.NFO,10/01/2025,09:40:07,23813.2,23810.05,75,23814,300,0,336375
NIFTY-III.NFO,10/01/2025,09:40:09,23810.05,23810.05,75,23814,300,75,336375
NIFTY-III.NFO,10/01/2025,09:40:09,23810.05,23810.05,75,23814,300,0,336375
NIFTY-III.NFO,10/01/2025,09:40:11,23814,23813.25,75,23819.95,150,300,336375
NIFTY-III.NFO,10/01/2025,09:40:12,23814.9,23813.85,225,23822.7,300,75,336375
NIFTY-III.NFO,10/01/2025,09:40:14,23814.9,23815.15,375,23825.95,150,0,336375
NIFTY-III.NFO,10/01/2025,09:40:16,23814.9,23819,150,23827,300,0,336375
NIFTY-III.NFO,10/01/2025,09:40:17,23825.1,23825.1,75,23835.35,150,375,336375
NIFTY-III.NFO,10/01/2025,09:40:19,23825.1,23822.5,225,23832.05,150,0,336375
NIFTY-III.NFO,10/01/2025,09:40:21,23825.1,23823.75,225,23833.25,150,0,336375
NIFTY-III.NFO,10/01/2025,09:40:22,23825.1,23823.75,150,23831.95,150,0,336375
NIFTY-III.NFO,10/01/2025,09:40:24,23823.3,23822.5,225,23832.35,150,300,336375
NIFTY-III.NFO,10/01/2025,09:40:26,23823.3,23823.4,150,23835.55,225,0,336375
NIFTY-III.NFO,10/01/2025,09:40:27,23823.3,23825.75,225,23833.7,150,0,336375
NIFTY-III.NFO,10/01/2025,09:40:29,23823.3,23827.65,225,23836.6,150,0,336375
NIFTY-III.NFO,10/01/2025,09:40:31,23823.3,23829.25,225,23839.45,150,0,336375
NIFTY-III.NFO,10/01/2025,09:40:32,23823.3,23830.45,225,23839.95,150,0,336375
NIFTY-III.NFO,10/01/2025,09:40:34,23823.3,23830.55,150,23839.95,150,0,336375
NIFTY-III.NFO,10/01/2025,09:40:36,23828.55,23828.55,75,23837.25,150,75,336375
NIFTY-III.NFO,10/01/2025,09:40:37,23828.55,23830.3,150,23839.95,150,0,336375
NIFTY-III.NFO,10/01/2025,09:40:41,23828.55,23828.4,150,23837.3,300,0,336375
NIFTY-III.NFO,10/01/2025,09:40:42,23828.55,23829.65,150,23838.35,150,0,336375
NIFTY-III.NFO,10/01/2025,09:40:44,23828.55,23827.85,150,23837.5,150,0,336375
NIFTY-III.NFO,10/01/2025,09:40:46,23828.55,23829.05,225,23839.95,150,0,336375
NIFTY-III.NFO,10/01/2025,09:40:47,23828.55,23829,150,23837.65,150,0,336375
NIFTY-III.NFO,10/01/2025,09:40:49,23828.55,23829,150,23836.4,150,0,336375
NIFTY-III.NFO,10/01/2025,09:40:51,23830,23829,150,23835.15,150,75,336375
NIFTY-III.NFO,10/01/2025,09:40:52,23830,23829,150,23837.7,300,0,336375
NIFTY-III.NFO,10/01/2025,09:40:54,23830,23831.9,75,23839.6,150,0,336375
NIFTY-III.NFO,10/01/2025,09:40:56,23830,23835,150,23839.1,150,0,336375
NIFTY-III.NFO,10/01/2025,09:40:57,23830,23835,150,23836.65,525,0,336375
NIFTY-III.NFO,10/01/2025,09:40:59,23830,23835,150,23838.9,150,0,336375
NIFTY-III.NFO,10/01/2025,09:41:02,23830,23835,150,23836.8,150,0,336375
NIFTY-III.NFO,10/01/2025,09:41:04,23835,23830,75,23837.05,150,225,336375
NIFTY-III.NFO,10/01/2025,09:41:06,23835,23830,75,23836.45,150,0,336375
NIFTY-III.NFO,10/01/2025,09:41:07,23835,23830,75,23837.2,150,0,336375
NIFTY-III.NFO,10/01/2025,09:41:09,23835,23830.15,75,23838.65,150,0,336375
NIFTY-III.NFO,10/01/2025,09:41:11,23835,23830.05,75,23838.05,150,0,336375
NIFTY-III.NFO,10/01/2025,09:41:12,23835,23832.7,225,23840,75,0,336375
NIFTY-III.NFO,10/01/2025,09:41:14,23835,23832.35,225,23839.95,150,0,336375
NIFTY-III.NFO,10/01/2025,09:41:16,23835,23831.5,75,23839.95,150,0,336375
NIFTY-III.NFO,10/01/2025,09:41:17,23835,23834.1,75,23840,75,0,336375
NIFTY-III.NFO,10/01/2025,09:41:19,23835,23836.85,75,23840,75,0,336375
NIFTY-III.NFO,10/01/2025,09:41:21,23844.95,23838.8,150,23845,150,150,336375
NIFTY-III.NFO,10/01/2025,09:41:22,23844.95,23839.85,225,23845,150,0,336375
NIFTY-III.NFO,10/01/2025,09:41:24,23845,23842.55,75,23850.55,150,225,336375
NIFTY-III.NFO,10/01/2025,09:41:26,23845,23839.4,75,23849.2,150,0,336375
NIFTY-III.NFO,10/01/2025,09:41:27,23845,23845,75,23848.25,150,0,336375
NIFTY-III.NFO,10/01/2025,09:41:29,23845,23845,75,23851.8,150,0,336375
NIFTY-III.NFO,10/01/2025,09:41:31,23845,23845.15,150,23853.9,150,0,336375
NIFTY-III.NFO,10/01/2025,09:41:32,23845,23845.05,75,23853.35,150,0,336375
NIFTY-III.NFO,10/01/2025,09:41:34,23845,23845,75,23850.8,150,0,336375
NIFTY-III.NFO,10/01/2025,09:41:36,23845,23845,75,23848.55,150,0,336375
NIFTY-III.NFO,10/01/2025,09:41:38,23845,23835.35,75,23845.35,150,75,336375
NIFTY-III.NFO,10/01/2025,09:41:39,23845,23835.4,75,23844.25,150,0,336375
NIFTY-III.NFO,10/01/2025,09:41:41,23843.65,23836.05,150,23844.35,75,150,336375
NIFTY-III.NFO,10/01/2025,09:41:42,23845.65,23836.35,150,23844.6,150,75,336375
NIFTY-III.NFO,10/01/2025,09:41:44,23844.55,23836,75,23844.55,75,75,336375
NIFTY-III.NFO,10/01/2025,09:41:46,23844.55,23836,75,23844.4,150,0,336375
NIFTY-III.NFO,10/01/2025,09:41:47,23844.55,23836,75,23844.3,150,0,336375
NIFTY-III.NFO,10/01/2025,09:41:49,23844.55,23836,75,23843.2,150,0,336375
NIFTY-III.NFO,10/01/2025,09:41:51,23844.55,23836,75,23842.65,150,0,336375
NIFTY-III.NFO,10/01/2025,09:41:52,23836,23835,150,23836,300,225,336375
NIFTY-III.NFO,10/01/2025,09:41:54,23836,23835,225,23836,300,0,336375
NIFTY-III.NFO,10/01/2025,09:42:01,23835,23833.35,75,23835,75,225,336375
NIFTY-III.NFO,10/01/2025,09:42:02,23835,23833.35,75,23835,75,0,336375
NIFTY-III.NFO,10/01/2025,09:42:04,23835,23830,75,23832,225,0,336375
NIFTY-III.NFO,10/01/2025,09:42:06,23823.9,23822.35,150,23831.55,150,300,336375
NIFTY-III.NFO,10/01/2025,09:42:07,23823.9,23820.05,150,23828.45,150,0,336375
NIFTY-III.NFO,10/01/2025,09:42:09,23823.9,23821.65,150,23829.35,150,0,336375
NIFTY-III.NFO,10/01/2025,09:42:11,23823.9,23820,150,23827.25,150,0,336375
NIFTY-III.NFO,10/01/2025,09:42:12,23823.9,23821.15,300,23829.15,150,0,336375
NIFTY-III.NFO,10/01/2025,09:42:14,23823.9,23821.75,150,23829.95,150,0,336375
NIFTY-III.NFO,10/01/2025,09:42:16,23823.9,23822.6,150,23830,75,0,336375
NIFTY-III.NFO,10/01/2025,09:42:17,23822.6,23825.5,150,23832.3,150,75,336375
NIFTY-III.NFO,10/01/2025,09:42:19,23822.6,23823.4,150,23833.65,150,0,336375
NIFTY-III.NFO,10/01/2025,09:42:21,23822.6,23824.85,150,23833.7,150,0,336375
NIFTY-III.NFO,10/01/2025,09:42:22,23822.6,23825.25,150,23834.05,150,0,336375
NIFTY-III.NFO,10/01/2025,09:42:24,23822.6,23826.25,75,23833.55,300,0,336375
NIFTY-III.NFO,10/01/2025,09:42:26,23822.6,23822.9,75,23831.05,150,0,336375
NIFTY-III.NFO,10/01/2025,09:42:27,23822.6,23825,75,23833.95,150,0,336375
NIFTY-III.NFO,10/01/2025,09:42:29,23822.6,23825.5,75,23833.7,150,0,336375
NIFTY-III.NFO,10/01/2025,09:42:31,23822.6,23824.7,75,23834.95,150,0,336375
NIFTY-III.NFO,10/01/2025,09:42:32,23822.6,23826.45,150,23835,75,0,336375
NIFTY-III.NFO,10/01/2025,09:42:34,23825.5,23825.5,150,23834.25,150,75,336675
NIFTY-III.NFO,10/01/2025,09:42:36,23825.5,23825.5,150,23834.15,150,0,336675
NIFTY-III.NFO,10/01/2025,09:42:37,23825.5,23824.55,75,23833.7,150,0,336675
NIFTY-III.NFO,10/01/2025,09:42:39,23824.55,23826.35,75,23832.5,150,75,336675
NIFTY-III.NFO,10/01/2025,09:42:41,23824.55,23825.55,150,23833.95,150,0,336675
NIFTY-III.NFO,10/01/2025,09:42:42,23824.55,23825.5,75,23833.15,150,0,336675
NIFTY-III.NFO,10/01/2025,09:42:44,23824.55,23825.5,75,23833.55,150,0,336675
NIFTY-III.NFO,10/01/2025,09:42:46,23824.55,23825.5,75,23833.15,300,0,336675
NIFTY-III.NFO,10/01/2025,09:42:47,23833.75,23826.8,75,23834.95,150,75,336675
NIFTY-III.NFO,10/01/2025,09:42:49,23833.75,23828.25,150,23835,525,0,336675
NIFTY-III.NFO,10/01/2025,09:42:51,23833.75,23829.15,225,23835,525,0,336675
NIFTY-III.NFO,10/01/2025,09:42:52,23833.75,23829.25,150,23835,525,0,336675
NIFTY-III.NFO,10/01/2025,09:42:54,23833.75,23830.05,75,23835,525,0,336675
NIFTY-III.NFO,10/01/2025,09:42:56,23835,23831,225,23835,375,225,336675
NIFTY-III.NFO,10/01/2025,09:42:57,23835,23832.9,150,23835,375,0,336675
NIFTY-III.NFO,10/01/2025,09:42:59,23835,23832.2,225,23840,75,375,336675
NIFTY-III.NFO,10/01/2025,09:43:01,23835,23832.55,150,23840,75,0,336675
NIFTY-III.NFO,10/01/2025,09:43:02,23835,23833.6,150,23840,75,0,336675
NIFTY-III.NFO,10/01/2025,09:43:04,23835,23835.9,150,23840,75,0,336675
NIFTY-III.NFO,10/01/2025,09:43:06,23835,23837.15,150,23840,75,0,336675
NIFTY-III.NFO,10/01/2025,09:43:07,23841,23837.95,525,23845,150,150,336675
NIFTY-III.NFO,10/01/2025,09:43:09,23841,23837.65,300,23845,150,0,336675
NIFTY-III.NFO,10/01/2025,09:43:12,23838.3,23837.45,300,23845,150,300,336675
NIFTY-III.NFO,10/01/2025,09:43:14,23838.3,23840.2,300,23845,150,0,336675
NIFTY-III.NFO,10/01/2025,09:43:16,23853.25,23843,225,23848,450,225,336675
NIFTY-III.NFO,10/01/2025,09:43:17,23853.25,23841.6,75,23848,450,0,336675
NIFTY-III.NFO,10/01/2025,09:43:19,23847.95,23843.05,150,23848,450,75,336675
NIFTY-III.NFO,10/01/2025,09:43:21,23847.95,23843.05,375,23848,450,0,336675
NIFTY-III.NFO,10/01/2025,09:43:22,23848,23846.7,150,23848,150,300,336675
NIFTY-III.NFO,10/01/2025,09:43:24,23848,23843,150,23848,150,0,336675
NIFTY-III.NFO,10/01/2025,09:43:26,23848,23840.85,150,23848,150,0,336675
NIFTY-III.NFO,10/01/2025,09:43:27,23847.95,23841.8,150,23848,150,150,336675
NIFTY-III.NFO,10/01/2025,09:43:29,23847.95,23840,75,23847.95,225,0,336675
NIFTY-III.NFO,10/01/2025,09:43:31,23847.95,23840,75,23847.95,150,0,336675
NIFTY-III.NFO,10/01/2025,09:43:32,23847.95,23840,75,23846.6,150,0,336675
NIFTY-III.NFO,10/01/2025,09:43:34,23847.35,23840,75,23847.3,150,225,336675
NIFTY-III.NFO,10/01/2025,09:43:36,23847.35,23840.4,150,23848,450,0,336675
NIFTY-III.NFO,10/01/2025,09:43:37,23847.35,23840,75,23847.85,150,0,336675
NIFTY-III.NFO,10/01/2025,09:43:39,23847.35,23840,75,23847.25,150,0,336675
NIFTY-III.NFO,10/01/2025,09:43:41,23847.25,23840.05,375,23848,450,75,336675
NIFTY-III.NFO,10/01/2025,09:43:42,23847.25,23840,75,23847.95,150,0,336675
NIFTY-III.NFO,10/01/2025,09:43:44,23847.25,23840,75,23845.75,150,0,336675
NIFTY-III.NFO,10/01/2025,09:43:46,23847.25,23840,75,23845.65,150,0,336675
NIFTY-III.NFO,10/01/2025,09:43:48,23847.25,23840,75,23847,225,0,336675
NIFTY-III.NFO,10/01/2025,09:43:49,23847.25,23840,75,23847.3,150,0,336675
NIFTY-III.NFO,10/01/2025,09:43:51,23847.25,23840,75,23847.3,225,0,336675
NIFTY-III.NFO,10/01/2025,09:43:53,23847.25,23840,75,23847.95,150,0,336675
NIFTY-III.NFO,10/01/2025,09:43:54,23847.25,23840.05,300,23847,225,0,336675
NIFTY-III.NFO,10/01/2025,09:43:56,23847.25,23841.3,150,23847,225,0,336675
NIFTY-III.NFO,10/01/2025,09:43:58,23847.25,23840.05,150,23847,225,0,336675
NIFTY-III.NFO,10/01/2025,09:43:59,23847.25,23840,75,23846.95,150,0,336675
NIFTY-III.NFO,10/01/2025,09:44:01,23847,23840,75,23846.95,150,75,336675
NIFTY-III.NFO,10/01/2025,09:44:03,23847,23840.05,300,23847,150,0,336675
NIFTY-III.NFO,10/01/2025,09:44:04,23847,23840,75,23846.2,225,0,336675
NIFTY-III.NFO,10/01/2025,09:44:06,23847,23840,75,23844.25,225,0,336675
NIFTY-III.NFO,10/01/2025,09:44:07,23840,23832.9,300,23843.2,225,75,336675
NIFTY-III.NFO,10/01/2025,09:44:09,23840,23832.2,150,23842.05,150,0,336675
NIFTY-III.NFO,10/01/2025,09:44:11,23840,23830,150,23836.8,225,0,336675
NIFTY-III.NFO,10/01/2025,09:44:12,23840,23830,150,23836.5,150,0,336675
NIFTY-III.NFO,10/01/2025,09:44:14,23840,23830.05,150,23837.25,150,0,336675
NIFTY-III.NFO,10/01/2025,09:44:16,23840,23830,150,23835.85,150,0,336675
NIFTY-III.NFO,10/01/2025,09:44:17,23840,23830.05,150,23838.15,150,0,336675
NIFTY-III.NFO,10/01/2025,09:44:19,23840,23830.05,300,23839.25,150,0,336675
NIFTY-III.NFO,10/01/2025,09:44:21,23840,23830.65,300,23839.9,150,0,336675
NIFTY-III.NFO,10/01/2025,09:44:22,23840,23840,150,23846.2,375,0,336675
NIFTY-III.NFO,10/01/2025,09:44:24,23840,23840,150,23843.35,150,0,336675
NIFTY-III.NFO,10/01/2025,09:44:26,23840,23840,150,23845,150,0,336675
NIFTY-III.NFO,10/01/2025,09:44:27,23840,23840,150,23845.1,150,0,336675
NIFTY-III.NFO,10/01/2025,09:44:29,23840,23840,150,23844.25,150,0,336675
NIFTY-III.NFO,10/01/2025,09:44:31,23840,23840,150,23843.2,150,75,336675
NIFTY-III.NFO,10/01/2025,09:44:32,23840,23840,150,23845.4,150,0,336675
NIFTY-III.NFO,10/01/2025,09:44:34,23840,23840,150,23844.35,150,0,336675
NIFTY-III.NFO,10/01/2025,09:44:36,23834.65,23833.45,150,23842.35,150,300,336675
NIFTY-III.NFO,10/01/2025,09:44:37,23834.65,23834.15,150,23842,150,0,336675
NIFTY-III.NFO,10/01/2025,09:44:39,23834.65,23835.65,300,23844.65,300,0,336675
NIFTY-III.NFO,10/01/2025,09:44:41,23834.65,23835.65,375,23846.85,150,0,336675
NIFTY-III.NFO,10/01/2025,09:44:43,23834.65,23836.2,150,23844.9,300,0,336675
NIFTY-III.NFO,10/01/2025,09:44:44,23834.65,23835.75,150,23844.3,150,0,336675
NIFTY-III.NFO,10/01/2025,09:44:46,23834.65,23837.35,300,23845.95,150,0,336675
NIFTY-III.NFO,10/01/2025,09:44:48,23834.65,23835.55,300,23844.45,150,0,336675
NIFTY-III.NFO,10/01/2025,09:44:49,23834.65,23831.5,150,23842.35,225,0,336675
NIFTY-III.NFO,10/01/2025,09:44:51,23834.65,23831.55,150,23840.55,150,0,336675
NIFTY-III.NFO,10/01/2025,09:44:53,23834.65,23831.8,300,23841.45,150,0,336675
NIFTY-III.NFO,10/01/2025,09:44:54,23834.65,23830.05,150,23838.8,150,0,336675
NIFTY-III.NFO,10/01/2025,09:44:56,23834.65,23830,75,23837,150,0,336675
NIFTY-III.NFO,10/01/2025,09:44:58,23834.65,23830.05,150,23837.8,150,0,336675
NIFTY-III.NFO,10/01/2025,09:44:59,23834.65,23830.05,300,23838.9,150,0,336675
NIFTY-III.NFO,10/01/2025,09:45:01,23834.65,23830.5,150,23840.05,150,0,336675
NIFTY-III.NFO,10/01/2025,09:45:03,23834.65,23830,75,23836.3,150,0,336675
NIFTY-III.NFO,10/01/2025,09:45:04,23834.65,23830.05,150,23836.85,225,0,336675
NIFTY-III.NFO,10/01/2025,09:45:06,23834.65,23830,75,23835.35,150,0,336675
NIFTY-III.NFO,10/01/2025,09:45:08,23834.65,23830,75,23831.9,300,0,336675
NIFTY-III.NFO,10/01/2025,09:45:09,23834.65,23830,75,23833,300,0,336675
NIFTY-III.NFO,10/01/2025,09:45:11,23834.65,23830,75,23834.7,150,0,336675
NIFTY-III.NFO,10/01/2025,09:45:13,23834.65,23830,75,23836.25,150,0,336675
NIFTY-III.NFO,10/01/2025,09:45:14,23834.65,23830,75,23833.4,150,0,336675
NIFTY-III.NFO,10/01/2025,09:45:16,23834.65,23830,75,23833.6,150,0,336675
NIFTY-III.NFO,10/01/2025,09:45:18,23834.65,23830,75,23831.05,150,0,336675
NIFTY-III.NFO,10/01/2025,09:45:19,23830,23825,75,23830.25,300,75,336675
NIFTY-III.NFO,10/01/2025,09:45:21,23825,23820.55,75,23827.5,150,75,336675
NIFTY-III.NFO,10/01/2025,09:45:23,23825,23820.55,75,23826.9,300,0,336675
NIFTY-III.NFO,10/01/2025,09:45:24,23825,23820.55,75,23827.3,300,0,336675
NIFTY-III.NFO,10/01/2025,09:45:26,23825,23820.1,75,23825.55,150,0,336675
NIFTY-III.NFO,10/01/2025,09:45:29,23825,23821.6,75,23825.1,150,0,336675
NIFTY-III.NFO,10/01/2025,09:45:31,23825,23820.1,75,23823.5,150,0,336675
NIFTY-III.NFO,10/01/2025,09:45:33,23825,23820,150,23821.35,150,0,336675
NIFTY-III.NFO,10/01/2025,09:45:34,23820,23815,300,23818.6,150,150,337200
NIFTY-III.NFO,10/01/2025,09:45:36,23815,23812,75,23814.45,150,300,337200
NIFTY-III.NFO,10/01/2025,09:45:38,23812,23805.05,150,23812.9,300,75,337200
NIFTY-III.NFO,10/01/2025,09:45:39,23804.05,23805.4,150,23813.1,150,150,337200
NIFTY-III.NFO,10/01/2025,09:45:39,23804.05,23805.4,150,23813.1,150,0,337200
NIFTY-III.NFO,10/01/2025,09:45:41,23804.05,23804.1,150,23811.4,150,0,337200
NIFTY-III.NFO,10/01/2025,09:45:42,23804.05,23804.55,150,23812.65,150,0,337200
NIFTY-III.NFO,10/01/2025,09:45:44,23804.05,23804.6,75,23811.5,150,0,337200
NIFTY-III.NFO,10/01/2025,09:45:46,23804.05,23804.55,75,23813.45,150,0,337200
NIFTY-III.NFO,10/01/2025,09:45:47,23804.05,23805.55,150,23815.15,300,0,337200
NIFTY-III.NFO,10/01/2025,09:45:49,23807.25,23807.2,150,23816.7,150,75,337200
NIFTY-III.NFO,10/01/2025,09:45:51,23807.25,23806.3,150,23816.25,150,0,337200
NIFTY-III.NFO,10/01/2025,09:45:52,23817.85,23809.65,75,23817.85,150,75,337200
NIFTY-III.NFO,10/01/2025,09:45:54,23817.85,23809.85,75,23817.95,150,0,337200
NIFTY-III.NFO,10/01/2025,09:45:56,23817.85,23809.35,75,23816,300,0,337200
NIFTY-III.NFO,10/01/2025,09:45:58,23817.85,23809.35,75,23814.85,300,0,337200
NIFTY-III.NFO,10/01/2025,09:45:59,23817.85,23805.75,150,23816.45,150,0,337200
NIFTY-III.NFO,10/01/2025,09:46:01,23817.85,23808.5,75,23817,225,0,337200
NIFTY-III.NFO,10/01/2025,09:46:03,23817.85,23808.15,75,23814.8,150,0,337200
NIFTY-III.NFO,10/01/2025,09:46:04,23817.85,23805.9,75,23814.3,525,0,337200
NIFTY-III.NFO,10/01/2025,09:46:06,23817.85,23807.3,75,23815.75,525,0,337200
NIFTY-III.NFO,10/01/2025,09:46:08,23817.85,23806.3,75,23814.4,150,0,337200
NIFTY-III.NFO,10/01/2025,09:46:09,23806.4,23806.4,225,23817,75,75,337200
NIFTY-III.NFO,10/01/2025,09:46:11,23816.5,23807.85,150,23817,75,75,337200
NIFTY-III.NFO,10/01/2025,09:46:13,23816.5,23809.3,225,23817,75,0,337200
NIFTY-III.NFO,10/01/2025,09:46:14,23816.5,23813.35,150,23817,75,0,337200
NIFTY-III.NFO,10/01/2025,09:46:16,23816.5,23811.8,150,23817,75,0,337200
NIFTY-III.NFO,10/01/2025,09:46:19,23816.5,23811.6,150,23817,75,0,337200
NIFTY-III.NFO,10/01/2025,09:46:21,23816.5,23806.95,150,23816.15,150,0,337200
NIFTY-III.NFO,10/01/2025,09:46:23,23816.5,23807.05,225,23817,75,0,337200
NIFTY-III.NFO,10/01/2025,09:46:24,23817,23808.65,150,23818.15,150,75,337200
NIFTY-III.NFO,10/01/2025,09:46:26,23817,23809.7,75,23817.25,150,0,337200
NIFTY-III.NFO,10/01/2025,09:46:28,23817,23809.75,375,23819.95,150,0,337200
NIFTY-III.NFO,10/01/2025,09:46:29,23817,23811.9,225,23820,150,0,337200
NIFTY-III.NFO,10/01/2025,09:46:31,23817,23811.4,150,23820,150,0,337200
NIFTY-III.NFO,10/01/2025,09:46:33,23817,23811.2,225,23819.55,150,0,337200
NIFTY-III.NFO,10/01/2025,09:46:34,23817,23813.15,375,23820,150,0,337200
NIFTY-III.NFO,10/01/2025,09:46:36,23820,23817,225,23828.2,150,150,337200
NIFTY-III.NFO,10/01/2025,09:46:38,23820,23813.15,375,23823.15,225,0,337200
NIFTY-III.NFO,10/01/2025,09:46:39,23820,23813.95,225,23824.35,150,0,337200
NIFTY-III.NFO,10/01/2025,09:46:41,23820,23811.15,75,23819.65,150,0,337200
NIFTY-III.NFO,10/01/2025,09:46:42,23820,23812.3,150,23821.35,150,0,337200
NIFTY-III.NFO,10/01/2025,09:46:44,23820,23811.85,75,23820.35,150,0,337200
NIFTY-III.NFO,10/01/2025,09:46:46,23820,23811.15,75,23819.05,150,0,337200
NIFTY-III.NFO,10/01/2025,09:46:47,23820,23812.9,225,23822.95,150,0,337200
NIFTY-III.NFO,10/01/2025,09:46:49,23820,23814.4,150,23823.85,150,0,337200
NIFTY-III.NFO,10/01/2025,09:46:51,23820,23816.45,225,23826.2,150,0,337200
NIFTY-III.NFO,10/01/2025,09:46:52,23820,23814.5,150,23824.7,225,0,337200
NIFTY-III.NFO,10/01/2025,09:46:54,23820,23813.3,75,23821.35,150,0,337200
NIFTY-III.NFO,10/01/2025,09:46:56,23820,23812.25,75,23817.95,300,0,337200
NIFTY-III.NFO,10/01/2025,09:46:57,23820,23810.05,150,23818,225,0,337200
NIFTY-III.NFO,10/01/2025,09:46:59,23820,23812.55,75,23818.8,225,0,337200
NIFTY-III.NFO,10/01/2025,09:47:01,23820,23811.1,75,23818.25,150,0,337200
NIFTY-III.NFO,10/01/2025,09:47:02,23820,23811.2,225,23820.3,150,0,337200
NIFTY-III.NFO,10/01/2025,09:47:04,23820,23812.7,75,23822.85,225,0,337200
NIFTY-III.NFO,10/01/2025,09:47:06,23820,23811.45,150,23821.65,150,0,337200
NIFTY-III.NFO,10/01/2025,09:47:07,23820,23813.1,75,23822.2,300,0,337200
NIFTY-III.NFO,10/01/2025,09:47:09,23820,23813.1,75,23821.1,150,0,337200
NIFTY-III.NFO,10/01/2025,09:47:11,23819.95,23812.4,75,23820.3,150,75,337200
NIFTY-III.NFO,10/01/2025,09:47:12,23819.95,23811.7,75,23820.2,150,0,337200
NIFTY-III.NFO,10/01/2025,09:47:14,23819.95,23811,75,23818.2,300,0,337200
NIFTY-III.NFO,10/01/2025,09:47:16,23819.95,23812.1,75,23818.65,225,0,337200
NIFTY-III.NFO,10/01/2025,09:47:17,23819.95,23812.7,75,23819.8,150,0,337200
NIFTY-III.NFO,10/01/2025,09:47:19,23819.95,23810.3,75,23818.55,150,0,337200
NIFTY-III.NFO,10/01/2025,09:47:21,23819.95,23812.3,75,23818.65,300,0,337200
NIFTY-III.NFO,10/01/2025,09:47:22,23819.95,23812.35,75,23819.9,150,0,337200
NIFTY-III.NFO,10/01/2025,09:47:24,23819.95,23812.3,75,23819.4,150,0,337200
NIFTY-III.NFO,10/01/2025,09:47:26,23819.95,23819.95,75,23822.35,150,0,337200
NIFTY-III.NFO,10/01/2025,09:47:27,23819.95,23812.45,75,23819.35,150,75,337200
NIFTY-III.NFO,10/01/2025,09:47:29,23819.95,23810,225,23815.45,225,0,337200
NIFTY-III.NFO,10/01/2025,09:47:31,23819.95,23810,225,23814.7,225,0,337200
NIFTY-III.NFO,10/01/2025,09:47:32,23819.95,23810,300,23814.25,225,0,337200
NIFTY-III.NFO,10/01/2025,09:47:34,23819.95,23810,300,23815.8,150,0,337200
NIFTY-III.NFO,10/01/2025,09:47:36,23819.95,23810,300,23814.65,225,0,337200
NIFTY-III.NFO,10/01/2025,09:47:37,23819.95,23810,300,23816.1,150,0,337200
NIFTY-III.NFO,10/01/2025,09:47:41,23819.95,23810.95,75,23819.85,300,0,337200
NIFTY-III.NFO,10/01/2025,09:47:42,23819.95,23817,75,23819.85,150,0,337200
NIFTY-III.NFO,10/01/2025,09:47:44,23819.95,23817,75,23820,75,0,337200
NIFTY-III.NFO,10/01/2025,09:47:46,23819.95,23817,75,23819.6,150,0,337200
NIFTY-III.NFO,10/01/2025,09:47:47,23819.95,23817,75,23818.9,150,0,337200
NIFTY-III.NFO,10/01/2025,09:47:49,23817,23810.1,75,23816.6,150,75,337200
NIFTY-III.NFO,10/01/2025,09:47:51,23817,23810.55,75,23818.8,300,0,337200
NIFTY-III.NFO,10/01/2025,09:47:52,23817,23810.55,75,23817.15,150,0,337200
NIFTY-III.NFO,10/01/2025,09:47:54,23810.55,23810.1,75,23814.7,150,75,337200
NIFTY-III.NFO,10/01/2025,09:47:56,23816.7,23810.1,75,23816.7,300,75,337200
NIFTY-III.NFO,10/01/2025,09:47:57,23816.7,23810.15,75,23816.95,150,0,337200
NIFTY-III.NFO,10/01/2025,09:47:59,23816.7,23810.75,150,23818.85,150,0,337200
NIFTY-III.NFO,10/01/2025,09:48:01,23816.7,23810.2,150,23816.15,225,0,337200
NIFTY-III.NFO,10/01/2025,09:48:02,23815,23810.2,150,23818.7,150,225,337200
NIFTY-III.NFO,10/01/2025,09:48:04,23815,23810.2,150,23818.85,150,0,337200
NIFTY-III.NFO,10/01/2025,09:48:06,23815,23810.15,75,23814.6,225,0,337200
NIFTY-III.NFO,10/01/2025,09:48:07,23815,23810,300,23813.85,150,0,337200
NIFTY-III.NFO,10/01/2025,09:48:09,23814.95,23810,300,23816.15,150,75,337200
NIFTY-III.NFO,10/01/2025,09:48:11,23814.95,23810,225,23814.2,150,0,337200
NIFTY-III.NFO,10/01/2025,09:48:12,23814.95,23810,225,23814.3,150,0,337200
NIFTY-III.NFO,10/01/2025,09:48:14,23814.95,23810,225,23813.15,150,0,337200
NIFTY-III.NFO,10/01/2025,09:48:16,23813.15,23810,225,23813.15,75,150,337200
NIFTY-III.NFO,10/01/2025,09:48:17,23813.15,23810,225,23813.15,75,0,337200
NIFTY-III.NFO,10/01/2025,09:48:19,23813.15,23810,225,23812.6,75,0,337200
NIFTY-III.NFO,10/01/2025,09:48:21,23813.15,23810,225,23814.9,75,0,337200
NIFTY-III.NFO,10/01/2025,09:48:22,23813.15,23810,225,23814.8,75,0,337200
NIFTY-III.NFO,10/01/2025,09:48:24,23813.15,23810,225,23814.9,75,0,337200
NIFTY-III.NFO,10/01/2025,09:48:26,23813.15,23810.05,150,23814.95,225,0,337200
NIFTY-III.NFO,10/01/2025,09:48:27,23813.15,23810.3,150,23814.95,225,0,337200
NIFTY-III.NFO,10/01/2025,09:48:29,23813.15,23810,225,23814.95,225,0,337200
NIFTY-III.NFO,10/01/2025,09:48:31,23813.15,23810.05,150,23813,225,0,337200
NIFTY-III.NFO,10/01/2025,09:48:32,23813.15,23810.05,300,23813,225,0,337200
NIFTY-III.NFO,10/01/2025,09:48:34,23813.15,23810,225,23813,225,0,337200
NIFTY-III.NFO,10/01/2025,09:48:36,23813.15,23810,225,23812.95,75,0,337200
NIFTY-III.NFO,10/01/2025,09:48:37,23813.15,23810,225,23813,225,0,337200
NIFTY-III.NFO,10/01/2025,09:48:39,23813,23810,225,23813.15,75,225,337650
NIFTY-III.NFO,10/01/2025,09:48:39,23813,23810,225,23813.15,75,0,337650
NIFTY-III.NFO,10/01/2025,09:48:53,23810.75,23810.55,300,23813.15,75,75,337650
NIFTY-III.NFO,10/01/2025,09:48:54,23810.75,23810.05,150,23813.15,75,0,337650
NIFTY-III.NFO,10/01/2025,09:48:56,23813.15,23812.05,225,23821.45,150,75,337650
NIFTY-III.NFO,10/01/2025,09:48:58,23813.15,23811.75,225,23820.95,150,0,337650
NIFTY-III.NFO,10/01/2025,09:48:59,23813.15,23812.3,150,23821.05,150,0,337650
NIFTY-III.NFO,10/01/2025,09:49:01,23813.15,23814.1,150,23821.9,150,0,337650
NIFTY-III.NFO,10/01/2025,09:49:03,23813.15,23814.55,150,23822.65,75,0,337650
NIFTY-III.NFO,10/01/2025,09:49:04,23813.15,23812.9,150,23821.35,150,0,337650
NIFTY-III.NFO,10/01/2025,09:49:06,23813.15,23812,75,23814.55,75,0,337650
NIFTY-III.NFO,10/01/2025,09:49:08,23813,23810,225,23814.2,150,75,337650
NIFTY-III.NFO,10/01/2025,09:49:09,23813,23810,225,23813.95,75,0,337650
NIFTY-III.NFO,10/01/2025,09:49:11,23813,23810,225,23813.1,150,0,337650
NIFTY-III.NFO,10/01/2025,09:49:13,23813,23810,225,23813.8,150,0,337650
NIFTY-III.NFO,10/01/2025,09:49:14,23813,23810,225,23811.25,150,0,337650
NIFTY-III.NFO,10/01/2025,09:49:16,23810,23810,150,23812.2,300,750,337650
NIFTY-III.NFO,10/01/2025,09:49:18,23810,23810,150,23810.8,300,0,337650
NIFTY-III.NFO,10/01/2025,09:49:19,23810,23806,150,23810.95,300,150,337650
NIFTY-III.NFO,10/01/2025,09:49:21,23810,23806,150,23811.1,300,0,337650
NIFTY-III.NFO,10/01/2025,09:49:23,23810,23806,150,23809.65,225,0,337650
NIFTY-III.NFO,10/01/2025,09:49:24,23809.85,23806,150,23809.85,225,450,337650
NIFTY-III.NFO,10/01/2025,09:49:26,23809.85,23806,150,23809.85,225,0,337650
NIFTY-III.NFO,10/01/2025,09:49:28,23809.85,23806,150,23809.35,375,0,337650
NIFTY-III.NFO,10/01/2025,09:49:29,23806,23804,6000,23805.05,150,150,337650
NIFTY-III.NFO,10/01/2025,09:49:31,23806,23804,6000,23808.5,75,0,337650
NIFTY-III.NFO,10/01/2025,09:49:33,23806,23804,6000,23807.3,375,0,337650
NIFTY-III.NFO,10/01/2025,09:49:34,23806,23804,6000,23808.45,75,0,337650
NIFTY-III.NFO,10/01/2025,09:49:36,23806,23804,6000,23807.8,375,0,337650
NIFTY-III.NFO,10/01/2025,09:49:38,23807.8,23804,6000,23808,150,75,337650
NIFTY-III.NFO,10/01/2025,09:49:39,23807.8,23804,6000,23806.5,75,0,337650
NIFTY-III.NFO,10/01/2025,09:49:41,23804,23804,5925,23805.9,150,75,337650
NIFTY-III.NFO,10/01/2025,09:49:41,23804,23804,5925,23805.9,150,0,337650
NIFTY-III.NFO,10/01/2025,09:49:43,23804,23804,5850,23804.8,150,75,337650
NIFTY-III.NFO,10/01/2025,09:49:44,23800,23795.05,300,23803.6,225,7050,337650
NIFTY-III.NFO,10/01/2025,09:49:44,23800,23795.05,300,23803.6,225,0,337650
NIFTY-III.NFO,10/01/2025,09:49:46,23804.75,23800,75,23804.55,75,150,337650
NIFTY-III.NFO,10/01/2025,09:49:48,23800,23799,150,23801.45,150,75,337650
NIFTY-III.NFO,10/01/2025,09:49:49,23800,23799,150,23802.1,375,0,337650
NIFTY-III.NFO,10/01/2025,09:49:51,23799,23799,75,23803.55,75,75,337650
NIFTY-III.NFO,10/01/2025,09:49:51,23799,23799,75,23803.55,75,0,337650
NIFTY-III.NFO,10/01/2025,09:49:53,23799,23799.05,150,23804.65,75,0,337650
NIFTY-III.NFO,10/01/2025,09:49:54,23799,23799.05,150,23804.45,75,0,337650
NIFTY-III.NFO,10/01/2025,09:49:56,23799,23799.05,150,23803.95,75,0,337650
NIFTY-III.NFO,10/01/2025,09:49:58,23799,23799.05,150,23804.75,300,0,337650
NIFTY-III.NFO,10/01/2025,09:49:59,23799,23796.1,150,23803.7,150,75,337650
NIFTY-III.NFO,10/01/2025,09:50:01,23804.75,23797.95,150,23804.75,225,75,337650
NIFTY-III.NFO,10/01/2025,09:50:03,23804.75,23797.6,150,23804,75,0,337650
NIFTY-III.NFO,10/01/2025,09:50:05,23804.75,23797.55,75,23802.4,75,0,337650
NIFTY-III.NFO,10/01/2025,09:50:06,23804.75,23797.6,150,23803.15,75,0,337650
NIFTY-III.NFO,10/01/2025,09:50:08,23804.75,23797.55,75,23800.85,75,0,337650
NIFTY-III.NFO,10/01/2025,09:50:10,23804.75,23797.6,150,23803.05,75,0,337650
NIFTY-III.NFO,10/01/2025,09:50:11,23804.75,23797.6,150,23804,75,0,337650
NIFTY-III.NFO,10/01/2025,09:50:13,23804.75,23797.6,150,23804.75,150,75,337650
NIFTY-III.NFO,10/01/2025,09:50:15,23804.75,23798.6,150,23804.75,150,0,337650
NIFTY-III.NFO,10/01/2025,09:50:16,23804.75,23797.65,225,23804.75,150,0,337650
NIFTY-III.NFO,10/01/2025,09:50:18,23804.75,23798.25,150,23804.75,150,0,337650
NIFTY-III.NFO,10/01/2025,09:50:20,23798.5,23798.25,150,23804.75,150,300,337650
NIFTY-III.NFO,10/01/2025,09:50:20,23798.5,23798.25,150,23804.75,150,0,337650
NIFTY-III.NFO,10/01/2025,09:50:21,23798.5,23795.05,150,23801.95,75,0,337650
NIFTY-III.NFO,10/01/2025,09:50:23,23798.5,23796.45,150,23802.95,75,0,337650
NIFTY-III.NFO,10/01/2025,09:50:25,23798.5,23795,375,23800.75,300,0,337650
NIFTY-III.NFO,10/01/2025,09:50:26,23799.7,23795,375,23801.4,75,150,337650
NIFTY-III.NFO,10/01/2025,09:50:28,23799.7,23795,375,23799.2,75,0,337650
NIFTY-III.NFO,10/01/2025,09:50:30,23799.7,23795,375,23798.85,75,0,337650
NIFTY-III.NFO,10/01/2025,09:50:31,23799.7,23795,375,23800.45,75,0,337650
NIFTY-III.NFO,10/01/2025,09:50:35,23799.7,23795,375,23799.2,75,0,337650
NIFTY-III.NFO,10/01/2025,09:50:36,23799.7,23795,375,23798.55,150,0,337650
NIFTY-III.NFO,10/01/2025,09:50:38,23799.7,23795,375,23799.6,75,0,337650
NIFTY-III.NFO,10/01/2025,09:50:40,23799.7,23795,375,23799.35,75,0,337650
NIFTY-III.NFO,10/01/2025,09:50:41,23799.7,23795,375,23799.7,75,0,337650
NIFTY-III.NFO,10/01/2025,09:50:43,23795,23795,300,23798.75,75,75,337650
NIFTY-III.NFO,10/01/2025,09:50:43,23795,23795,300,23798.75,75,0,337650
NIFTY-III.NFO,10/01/2025,09:50:45,23800,23795,300,23799.95,75,225,337650
NIFTY-III.NFO,10/01/2025,09:50:46,23800,23795.05,150,23800,75,0,337650
NIFTY-III.NFO,10/01/2025,09:50:48,23800,23795.05,150,23799.85,75,0,337650
NIFTY-III.NFO,10/01/2025,09:50:50,23800,23795.15,150,23800,75,0,337650
NIFTY-III.NFO,10/01/2025,09:50:51,23800,23797,300,23800,75,0,337650
NIFTY-III.NFO,10/01/2025,09:50:53,23800,23795.05,150,23800,75,0,337650
NIFTY-III.NFO,10/01/2025,09:50:55,23800,23795,300,23800,225,0,337650
NIFTY-III.NFO,10/01/2025,09:50:56,23799.95,23795,300,23799.95,375,150,337650
NIFTY-III.NFO,10/01/2025,09:50:58,23799.95,23795.05,150,23800,225,0,337650
NIFTY-III.NFO,10/01/2025,09:51:01,23799.95,23798.45,75,23800,225,0,337650
NIFTY-III.NFO,10/01/2025,09:51:03,23799.95,23795,300,23798.65,75,0,337650
NIFTY-III.NFO,10/01/2025,09:51:05,23799.95,23795,300,23800,225,0,337650
NIFTY-III.NFO,10/01/2025,09:51:06,23799.95,23795,300,23799.5,75,0,337650
NIFTY-III.NFO,10/01/2025,09:51:08,23799.95,23795,300,23798.75,75,0,337650
NIFTY-III.NFO,10/01/2025,09:51:10,23799.95,23795,300,23797.7,375,0,337650
NIFTY-III.NFO,10/01/2025,09:51:11,23799.95,23797,75,23798.3,375,0,337650
NIFTY-III.NFO,10/01/2025,09:51:15,23799.95,23797,75,23797.7,75,0,337650
NIFTY-III.NFO,10/01/2025,09:51:16,23799.95,23797,75,23798.6,75,0,337650
NIFTY-III.NFO,10/01/2025,09:51:18,23798.6,23797,75,23798.65,75,75,337650
NIFTY-III.NFO,10/01/2025,09:51:20,23797.5,23795,300,23797.45,225,75,337650
NIFTY-III.NFO,10/01/2025,09:51:21,23797.6,23795,300,23797.75,75,450,337650
NIFTY-III.NFO,10/01/2025,09:51:23,23797.6,23795,300,23798.25,75,0,337650
NIFTY-III.NFO,10/01/2025,09:51:25,23797.6,23795,300,23796.05,375,0,337650
NIFTY-III.NFO,10/01/2025,09:51:26,23797.6,23795,300,23796.45,525,0,337650
NIFTY-III.NFO,10/01/2025,09:51:28,23797.6,23795,300,23797,150,0,337650
NIFTY-III.NFO,10/01/2025,09:51:30,23797.6,23795,300,23797.4,375,0,337650
NIFTY-III.NFO,10/01/2025,09:51:31,23797.6,23795,300,23799.95,75,0,337650
NIFTY-III.NFO,10/01/2025,09:51:33,23797.6,23795,300,23797.3,75,0,337650
NIFTY-III.NFO,10/01/2025,09:51:35,23795,23795,150,23798.75,375,150,345450
NIFTY-III.NFO,10/01/2025,09:51:36,23795,23795,150,23799.4,375,0,345450
NIFTY-III.NFO,10/01/2025,09:51:38,23795,23790.6,150,23798.55,75,150,345450
NIFTY-III.NFO,10/01/2025,09:51:40,23795,23790.9,150,23798.95,150,0,345450
NIFTY-III.NFO,10/01/2025,09:51:41,23795,23790.9,150,23798.7,75,0,345450
NIFTY-III.NFO,10/01/2025,09:51:43,23795,23792.05,150,23799.5,150,150,345450
NIFTY-III.NFO,10/01/2025,09:51:43,23790.45,23792.05,150,23799.5,150,0,345450
NIFTY-III.NFO,10/01/2025,09:51:45,23795,23795,75,23799.15,150,0,345450
NIFTY-III.NFO,10/01/2025,09:51:46,23795,23795,75,23798.45,525,0,345450
NIFTY-III.NFO,10/01/2025,09:51:48,23795,23790.2,150,23797.15,150,75,345450
NIFTY-III.NFO,10/01/2025,09:51:50,23795,23790.15,75,23795.85,150,0,345450
NIFTY-III.NFO,10/01/2025,09:51:51,23795,23790.15,75,23795.5,150,0,345450
NIFTY-III.NFO,10/01/2025,09:51:53,23795,23790.35,225,23795.4,150,0,345450
NIFTY-III.NFO,10/01/2025,09:51:55,23794.95,23790.25,225,23794.95,75,150,345450
NIFTY-III.NFO,10/01/2025,09:51:56,23794.95,23790.25,225,23794.75,75,0,345450
NIFTY-III.NFO,10/01/2025,09:51:58,23794.95,23790.15,75,23794.95,75,0,345450
NIFTY-III.NFO,10/01/2025,09:52:00,23794.95,23790.15,75,23795,75,75,345450
NIFTY-III.NFO,10/01/2025,09:52:01,23794.95,23790.15,75,23794.8,225,0,345450
NIFTY-III.NFO,10/01/2025,09:52:03,23794.95,23790.15,75,23795,75,0,345450
NIFTY-III.NFO,10/01/2025,09:52:05,23794.95,23790.15,75,23793.8,150,0,345450
NIFTY-III.NFO,10/01/2025,09:52:06,23794.95,23790.15,75,23794.9,150,0,345450
NIFTY-III.NFO,10/01/2025,09:52:08,23794.95,23791.2,150,23795,75,0,345450
NIFTY-III.NFO,10/01/2025,09:52:10,23794.95,23790.2,150,23795,75,0,345450
NIFTY-III.NFO,10/01/2025,09:52:11,23794.95,23790.9,150,23795,75,0,345450
NIFTY-III.NFO,10/01/2025,09:52:13,23794.95,23791.15,150,23799.4,150,0,345450
NIFTY-III.NFO,10/01/2025,09:52:15,23794.95,23790.95,150,23799.4,150,0,345450
NIFTY-III.NFO,10/01/2025,09:52:16,23794.95,23791.4,150,23798.4,75,0,345450
NIFTY-III.NFO,10/01/2025,09:52:18,23794.95,23790.35,150,23794,150,0,345450
NIFTY-III.NFO,10/01/2025,09:52:20,23794.95,23790.8,225,23794,150,0,345450
NIFTY-III.NFO,10/01/2025,09:52:21,23794.95,23791.4,225,23794,150,0,345450
NIFTY-III.NFO,10/01/2025,09:52:23,23794.95,23791.45,150,23794,150,0,345450
NIFTY-III.NFO,10/01/2025,09:52:25,23794.95,23792.45,225,23794,150,0,345450
NIFTY-III.NFO,10/01/2025,09:52:26,23794,23793.05,150,23794,75,75,345450
NIFTY-III.NFO,10/01/2025,09:52:28,23794,23794.15,150,23799.95,75,75,345450
NIFTY-III.NFO,10/01/2025,09:52:30,23796.4,23792.95,225,23799.2,150,75,345450
NIFTY-III.NFO,10/01/2025,09:52:31,23796.4,23793.9,150,23794.95,150,0,345450
NIFTY-III.NFO,10/01/2025,09:52:33,23796.4,23792.65,150,23794.95,150,0,345450
NIFTY-III.NFO,10/01/2025,09:52:35,23796.4,23793.45,150,23794.95,150,0,345450
