Ticker,Date,Time,LTP,BuyPrice,BuyQty,SellPrice,SellQty,LTQ,OpenInterest
BANKNIFTY-I.NFO,25/02/2025,09:15:01,48806.85,48788.1,150,48813.7,30,780,2272740
BANKNIFTY-I.NFO,25/02/2025,09:15:01,48810.25,48788.1,150,48813.7,30,0,2272740
BANKNIFTY-I.NFO,25/02/2025,09:15:01,48812.15,48788.1,150,48813.7,30,0,2272740
BANKNIFTY-I.NFO,25/02/2025,09:15:01,48776.6,48788.1,150,48813.7,30,0,2272740
BANKNIFTY-I.NFO,25/02/2025,09:15:03,48800,48794.4,90,48817.8,180,480,2272740
BANKNIFTY-I.NFO,25/02/2025,09:15:03,48823.55,48794.4,90,48817.8,180,0,2272740
BANKNIFTY-I.NFO,25/02/2025,09:15:04,48815.5,48798.9,120,48820.8,120,750,2272740
BANKNIFTY-I.NFO,25/02/2025,09:15:06,48828.95,48829.05,120,48838.9,60,270,2272740
BANKNIFTY-I.NFO,25/02/2025,09:15:06,48837.4,48829.05,120,48838.9,60,0,2272740
BANKNIFTY-I.NFO,25/02/2025,09:15:07,48844.8,48835.45,420,48850,330,420,2272740
BANKNIFTY-I.NFO,25/02/2025,09:15:07,48844.8,48835.45,420,48850,330,0,2272740
BANKNIFTY-I.NFO,25/02/2025,09:15:09,48850,48839.7,60,48850,300,240,2272740
BANKNIFTY-I.NFO,25/02/2025,09:15:09,48850,48839.7,60,48850,300,0,2272740
BANKNIFTY-I.NFO,25/02/2025,09:15:11,48837.95,48838.7,90,48856.85,120,1110,2272740
BANKNIFTY-I.NFO,25/02/2025,09:15:11,48860,48838.7,90,48856.85,120,0,2272740
BANKNIFTY-I.NFO,25/02/2025,09:15:12,48846.45,48847.4,90,48865.55,150,240,2272740
BANKNIFTY-I.NFO,25/02/2025,09:15:14,48865.25,48851.2,30,48856.85,30,210,2272740
BANKNIFTY-I.NFO,25/02/2025,09:15:14,48865.25,48851.2,30,48856.85,30,0,2272740
BANKNIFTY-I.NFO,25/02/2025,09:15:15,48868.7,48856.8,30,48871.95,180,390,2272740
BANKNIFTY-I.NFO,25/02/2025,09:15:15,48868.7,48856.8,30,48871.95,180,0,2272740
BANKNIFTY-I.NFO,25/02/2025,09:15:17,48855.35,48855.3,150,48872.05,120,840,2272740
BANKNIFTY-I.NFO,25/02/2025,09:15:17,48871.85,48855.3,150,48872.05,120,0,2272740
BANKNIFTY-I.NFO,25/02/2025,09:15:19,48858.5,48859.2,60,48875.25,120,120,2272740
BANKNIFTY-I.NFO,25/02/2025,09:15:20,48873.6,48873.2,90,48884.8,30,600,2272740
BANKNIFTY-I.NFO,25/02/2025,09:15:20,48880,48873.2,90,48884.8,30,0,2272740
BANKNIFTY-I.NFO,25/02/2025,09:15:22,48874.5,48878.35,120,48884.8,30,150,2272740
BANKNIFTY-I.NFO,25/02/2025,09:15:24,48886.8,48879.75,90,48888,30,330,2272740
BANKNIFTY-I.NFO,25/02/2025,09:15:24,48888,48879.75,90,48888,30,0,2272740
BANKNIFTY-I.NFO,25/02/2025,09:15:25,48900.5,48900.5,30,48917.15,120,1350,2272740
BANKNIFTY-I.NFO,25/02/2025,09:15:25,48900.5,48900.5,30,48917.15,120,0,2272740
BANKNIFTY-I.NFO,25/02/2025,09:15:27,48910.35,48900.6,90,48917.65,120,270,2272740
BANKNIFTY-I.NFO,25/02/2025,09:15:27,48910.35,48900.6,90,48917.65,120,0,2272740
BANKNIFTY-I.NFO,25/02/2025,09:15:29,48917.75,48899.45,120,48915.75,150,270,2272740
BANKNIFTY-I.NFO,25/02/2025,09:15:29,48917.75,48899.45,120,48915.75,150,0,2272740
BANKNIFTY-I.NFO,25/02/2025,09:15:30,48913.05,48898.95,120,48913.5,30,210,2272740
BANKNIFTY-I.NFO,25/02/2025,09:15:32,48915.1,48899.15,30,48915.2,120,510,2272740
BANKNIFTY-I.NFO,25/02/2025,09:15:34,48907.5,48900,270,48907.5,60,150,2272740
BANKNIFTY-I.NFO,25/02/2025,09:15:35,48917.35,48899.3,30,48916.1,120,930,2272740
BANKNIFTY-I.NFO,25/02/2025,09:15:37,48910.45,48900.15,30,48911.8,120,270,2276550
BANKNIFTY-I.NFO,25/02/2025,09:15:39,48907.55,48900.15,30,48911.6,150,30,2276550
BANKNIFTY-I.NFO,25/02/2025,09:15:40,48898.9,48898.9,60,48898.95,90,210,2276550
BANKNIFTY-I.NFO,25/02/2025,09:15:42,48898.25,48880.1,90,48895.95,150,540,2276550
BANKNIFTY-I.NFO,25/02/2025,09:15:44,48891.25,48878.35,30,48890.45,150,180,2276550
BANKNIFTY-I.NFO,25/02/2025,09:15:45,48879.9,48879.05,30,48895.2,120,150,2276550
BANKNIFTY-I.NFO,25/02/2025,09:15:47,48892.55,48877,30,48893.1,270,90,2276550
BANKNIFTY-I.NFO,25/02/2025,09:15:49,48890.65,48871.85,120,48888.3,30,450,2276550
BANKNIFTY-I.NFO,25/02/2025,09:15:50,48873.6,48871.6,120,48888.2,120,60,2276550
BANKNIFTY-I.NFO,25/02/2025,09:15:52,48865.35,48864.35,120,48879.95,60,240,2276550
BANKNIFTY-I.NFO,25/02/2025,09:15:54,48873.1,48863.4,120,48873.1,420,90,2276550
BANKNIFTY-I.NFO,25/02/2025,09:15:55,48870,48872.95,450,48889.85,60,510,2276550
BANKNIFTY-I.NFO,25/02/2025,09:15:57,48873.05,48866.95,90,48880.05,180,180,2276550
BANKNIFTY-I.NFO,25/02/2025,09:15:59,48867.05,48862.85,90,48870,30,120,2276550
BANKNIFTY-I.NFO,25/02/2025,09:16:00,48869.7,48869.7,30,48877,30,270,2276550
BANKNIFTY-I.NFO,25/02/2025,09:16:02,48862.35,48864.15,90,48866.65,30,150,2276550
BANKNIFTY-I.NFO,25/02/2025,09:16:04,48876.95,48865.1,90,48876.95,120,150,2276550
BANKNIFTY-I.NFO,25/02/2025,09:16:05,48877,48870,30,48877.95,60,240,2276550
BANKNIFTY-I.NFO,25/02/2025,09:16:07,48864.15,48861,120,48866.95,360,630,2276550
BANKNIFTY-I.NFO,25/02/2025,09:16:09,48866.95,48860.6,120,48866.95,330,120,2276550
BANKNIFTY-I.NFO,25/02/2025,09:16:10,48860.75,48861.35,90,48870,30,1230,2276550
BANKNIFTY-I.NFO,25/02/2025,09:16:12,48861.9,48860,210,48870,30,30,2276550
BANKNIFTY-I.NFO,25/02/2025,09:16:14,48861.9,48862.15,60,48870,30,0,2276550
BANKNIFTY-I.NFO,25/02/2025,09:16:15,48876,48860.05,90,48874.85,120,420,2276550
BANKNIFTY-I.NFO,25/02/2025,09:16:17,48865.5,48865.5,90,48875,360,90,2276550
BANKNIFTY-I.NFO,25/02/2025,09:16:19,48865.5,48867.5,60,48875,390,0,2276550
BANKNIFTY-I.NFO,25/02/2025,09:16:20,48865,48862.3,90,48874.3,120,540,2276550
BANKNIFTY-I.NFO,25/02/2025,09:16:22,48875,48860.75,90,48863.8,30,150,2276550
BANKNIFTY-I.NFO,25/02/2025,09:16:24,48863.75,48863.75,90,48875,330,150,2276550
BANKNIFTY-I.NFO,25/02/2025,09:16:25,48862.3,48862.3,60,48868.5,120,30,2276550
BANKNIFTY-I.NFO,25/02/2025,09:16:27,48872.75,48860.95,90,48874.4,180,570,2276550
BANKNIFTY-I.NFO,25/02/2025,09:16:29,48872.75,48860,60,48869.55,60,0,2276550
BANKNIFTY-I.NFO,25/02/2025,09:16:30,48869.15,48860,120,48869.15,30,30,2276550
BANKNIFTY-I.NFO,25/02/2025,09:16:32,48860,48859.25,90,48867,120,570,2276550
BANKNIFTY-I.NFO,25/02/2025,09:16:34,48869.15,48861.5,30,48869.55,60,120,2276550
BANKNIFTY-I.NFO,25/02/2025,09:16:35,48875,48866.2,120,48872.8,30,270,2276550
BANKNIFTY-I.NFO,25/02/2025,09:16:37,48870,48868.2,30,48870,30,570,2276550
BANKNIFTY-I.NFO,25/02/2025,09:16:39,48870,48868.2,30,48870,30,0,2276550
BANKNIFTY-I.NFO,25/02/2025,09:16:40,48864.5,48862.95,30,48872.8,30,90,2276550
BANKNIFTY-I.NFO,25/02/2025,09:16:42,48864.5,48867.9,30,48872.8,30,0,2276550
BANKNIFTY-I.NFO,25/02/2025,09:16:44,48862.05,48863,150,48870,30,330,2276550
BANKNIFTY-I.NFO,25/02/2025,09:16:45,48872.8,48868.05,90,48874,30,60,2276550
BANKNIFTY-I.NFO,25/02/2025,09:16:47,48866.95,48866,90,48874,30,90,2276550
BANKNIFTY-I.NFO,25/02/2025,09:16:49,48866.95,48870.05,90,48874,30,0,2276550
BANKNIFTY-I.NFO,25/02/2025,09:16:50,48874.6,48864.55,90,48874.6,120,480,2276550
BANKNIFTY-I.NFO,25/02/2025,09:16:52,48865,48862,150,48865,240,150,2276550
BANKNIFTY-I.NFO,25/02/2025,09:16:54,48862,48862,90,48868.05,30,330,2276550
BANKNIFTY-I.NFO,25/02/2025,09:16:55,48853.25,48853.5,90,48862,390,150,2276550
BANKNIFTY-I.NFO,25/02/2025,09:16:57,48850,48849.1,90,48850,420,570,2276550
BANKNIFTY-I.NFO,25/02/2025,09:16:59,48861.95,48848.05,90,48859.35,120,540,2276550
BANKNIFTY-I.NFO,25/02/2025,09:17:00,48861.95,48853.75,60,48858.6,120,0,2276550
BANKNIFTY-I.NFO,25/02/2025,09:17:02,48853.3,48848,30,48852.45,30,300,2276550
BANKNIFTY-I.NFO,25/02/2025,09:17:04,48850,48841.35,120,48850,30,330,2276550
BANKNIFTY-I.NFO,25/02/2025,09:17:05,48845.7,48835.3,90,48848.4,60,240,2276550
BANKNIFTY-I.NFO,25/02/2025,09:17:07,48829.55,48833,90,48848.5,120,450,2276550
BANKNIFTY-I.NFO,25/02/2025,09:17:09,48850,48837.5,60,48850,30,60,2276550
BANKNIFTY-I.NFO,25/02/2025,09:17:10,48853.25,48843.8,60,48853.25,60,150,2276550
BANKNIFTY-I.NFO,25/02/2025,09:17:12,48853.25,48844,90,48853.2,60,0,2276550
BANKNIFTY-I.NFO,25/02/2025,09:17:14,48845.15,48845.15,90,48853.3,30,180,2276550
BANKNIFTY-I.NFO,25/02/2025,09:17:15,48845.15,48846,90,48853.25,90,0,2276550
BANKNIFTY-I.NFO,25/02/2025,09:17:17,48850,48846.65,90,48853.25,90,360,2276550
BANKNIFTY-I.NFO,25/02/2025,09:17:19,48853.25,48849.65,30,48853,30,30,2276550
BANKNIFTY-I.NFO,25/02/2025,09:17:20,48853,48851.05,300,48853.25,30,90,2276550
BANKNIFTY-I.NFO,25/02/2025,09:17:22,48853,48850.85,300,48853.25,30,0,2276550
BANKNIFTY-I.NFO,25/02/2025,09:17:24,48853.3,48853.25,30,48861.95,60,60,2276550
BANKNIFTY-I.NFO,25/02/2025,09:17:25,48861.65,48850.95,90,48860.9,120,720,2276550
BANKNIFTY-I.NFO,25/02/2025,09:17:27,48860,48849.1,300,48860.75,120,90,2276550
BANKNIFTY-I.NFO,25/02/2025,09:17:29,48850.6,48850,60,48853.3,30,180,2276550
BANKNIFTY-I.NFO,25/02/2025,09:17:30,48860,48850.05,90,48862,120,120,2276550
BANKNIFTY-I.NFO,25/02/2025,09:17:32,48850,48849.15,210,48860,30,660,2276550
BANKNIFTY-I.NFO,25/02/2025,09:17:34,48862.7,48852.05,90,48863.05,30,180,2276550
BANKNIFTY-I.NFO,25/02/2025,09:17:35,48862.7,48856.4,90,48860,60,0,2276550
BANKNIFTY-I.NFO,25/02/2025,09:17:37,48858.25,48856.15,120,48860,60,90,2276550
BANKNIFTY-I.NFO,25/02/2025,09:17:39,48860,48858.4,90,48865,30,240,2276550
BANKNIFTY-I.NFO,25/02/2025,09:17:40,48860,48854.65,90,48865,30,0,2276550
BANKNIFTY-I.NFO,25/02/2025,09:17:42,48865,48856.45,90,48866.95,120,60,2276550
BANKNIFTY-I.NFO,25/02/2025,09:17:44,48856.45,48856.4,30,48863.15,120,60,2276550
BANKNIFTY-I.NFO,25/02/2025,09:17:45,48856.4,48850.05,30,48855.15,150,90,2276550
BANKNIFTY-I.NFO,25/02/2025,09:17:47,48853,48843,90,48856.2,120,180,2276550
BANKNIFTY-I.NFO,25/02/2025,09:17:49,48853,48845,90,48855.9,120,60,2276550
BANKNIFTY-I.NFO,25/02/2025,09:17:50,48853,48851,150,48855.25,300,0,2276550
BANKNIFTY-I.NFO,25/02/2025,09:17:52,48846.65,48834.7,90,48845,900,270,2276550
BANKNIFTY-I.NFO,25/02/2025,09:17:54,48846.65,48835.2,90,48845,900,0,2276550
BANKNIFTY-I.NFO,25/02/2025,09:17:55,48846.65,48836.4,90,48845,900,0,2276550
BANKNIFTY-I.NFO,25/02/2025,09:17:57,48845,48838.4,90,48845,840,60,2276550
BANKNIFTY-I.NFO,25/02/2025,09:17:59,48845,48840.75,30,48845,780,90,2276550
BANKNIFTY-I.NFO,25/02/2025,09:18:00,48845,48840.75,30,48845,780,0,2276550
BANKNIFTY-I.NFO,25/02/2025,09:18:04,48838,48838,30,48840.25,30,90,2276550
BANKNIFTY-I.NFO,25/02/2025,09:18:05,48843.7,48839.15,30,48843.95,60,420,2276550
BANKNIFTY-I.NFO,25/02/2025,09:18:07,48839.15,48835.8,90,48845,780,30,2276550
BANKNIFTY-I.NFO,25/02/2025,09:18:09,48841.5,48835,30,48841.25,90,60,2276550
BANKNIFTY-I.NFO,25/02/2025,09:18:10,48841.95,48829.25,90,48844.3,120,1230,2276550
BANKNIFTY-I.NFO,25/02/2025,09:18:12,48827.95,48826.25,90,48841.15,120,450,2276550
BANKNIFTY-I.NFO,25/02/2025,09:18:13,48836.8,48821.65,90,48836.9,120,60,2276550
BANKNIFTY-I.NFO,25/02/2025,09:18:15,48823.5,48821.5,30,48832.65,360,60,2276550
BANKNIFTY-I.NFO,25/02/2025,09:18:17,48835.65,48824.45,90,48837,120,60,2276550
BANKNIFTY-I.NFO,25/02/2025,09:18:18,48830.35,48817.75,120,48832.15,120,120,2276550
BANKNIFTY-I.NFO,25/02/2025,09:18:20,48825,48815,60,48823.8,180,90,2276550
BANKNIFTY-I.NFO,25/02/2025,09:18:22,48821.65,48810.3,30,48822.2,90,90,2276550
BANKNIFTY-I.NFO,25/02/2025,09:18:23,48819.55,48810,90,48820.25,60,480,2276550
BANKNIFTY-I.NFO,25/02/2025,09:18:25,48810,48802,390,48811,30,180,2276550
BANKNIFTY-I.NFO,25/02/2025,09:18:27,48802,48802,240,48808.25,60,210,2276550
BANKNIFTY-I.NFO,25/02/2025,09:18:28,48800.05,48800,90,48808.05,60,510,2276550
BANKNIFTY-I.NFO,25/02/2025,09:18:30,48800.05,48793.3,300,48800,900,150,2276550
BANKNIFTY-I.NFO,25/02/2025,09:18:32,48791.25,48790,30,48800,750,300,2276550
BANKNIFTY-I.NFO,25/02/2025,09:18:33,48790.05,48791.7,210,48800,750,150,2276550
BANKNIFTY-I.NFO,25/02/2025,09:18:35,48795.9,48795.9,120,48800,780,180,2276550
BANKNIFTY-I.NFO,25/02/2025,09:18:37,48791.5,48791.9,90,48800,780,150,2276550
BANKNIFTY-I.NFO,25/02/2025,09:18:38,48788.65,48787.4,60,48799.95,120,150,2271930
BANKNIFTY-I.NFO,25/02/2025,09:18:40,48799.9,48789.2,90,48799.9,270,150,2271930
BANKNIFTY-I.NFO,25/02/2025,09:18:42,48791.95,48790.85,90,48799.9,270,30,2271930
BANKNIFTY-I.NFO,25/02/2025,09:18:43,48795.4,48788.75,60,48799.9,270,30,2271930
BANKNIFTY-I.NFO,25/02/2025,09:18:45,48799.9,48788.65,30,48795,30,30,2271930
BANKNIFTY-I.NFO,25/02/2025,09:18:47,48790.35,48791.7,30,48795,30,180,2271930
BANKNIFTY-I.NFO,25/02/2025,09:18:48,48795,48788.05,60,48799.9,240,90,2271930
BANKNIFTY-I.NFO,25/02/2025,09:18:50,48795,48788.15,180,48799.9,240,0,2271930
BANKNIFTY-I.NFO,25/02/2025,09:18:52,48788.05,48788.15,90,48799.9,240,60,2271930
BANKNIFTY-I.NFO,25/02/2025,09:18:53,48799.45,48788,120,48795,30,90,2271930
BANKNIFTY-I.NFO,25/02/2025,09:18:55,48788,48788,90,48789.35,30,60,2271930
BANKNIFTY-I.NFO,25/02/2025,09:18:57,48799.4,48788,90,48799.4,150,120,2271930
BANKNIFTY-I.NFO,25/02/2025,09:18:58,48788.55,48791.95,150,48799,30,90,2271930
BANKNIFTY-I.NFO,25/02/2025,09:19:00,48795,48789.35,90,48795,210,390,2271930
BANKNIFTY-I.NFO,25/02/2025,09:19:02,48779.95,48769,90,48778.05,30,390,2271930
BANKNIFTY-I.NFO,25/02/2025,09:19:03,48789.1,48773.55,90,48783.4,30,60,2271930
BANKNIFTY-I.NFO,25/02/2025,09:19:03,48775.05,48773.55,90,48783.4,30,0,2271930
BANKNIFTY-I.NFO,25/02/2025,09:19:05,48783.4,48780,30,48783.75,30,60,2271930
BANKNIFTY-I.NFO,25/02/2025,09:19:07,48783.75,48773.75,90,48786.05,120,510,2271930
BANKNIFTY-I.NFO,25/02/2025,09:19:07,48772.75,48773.75,90,48786.05,120,0,2271930
BANKNIFTY-I.NFO,25/02/2025,09:19:08,48779,48768.5,90,48775,60,90,2271930
BANKNIFTY-I.NFO,25/02/2025,09:19:08,48771.45,48768.5,90,48775,60,0,2271930
BANKNIFTY-I.NFO,25/02/2025,09:19:10,48775,48768.15,90,48777.75,30,60,2271930
BANKNIFTY-I.NFO,25/02/2025,09:19:12,48786.35,48773.4,120,48785.7,30,60,2271930
BANKNIFTY-I.NFO,25/02/2025,09:19:12,48768.15,48773.4,120,48785.7,30,0,2271930
BANKNIFTY-I.NFO,25/02/2025,09:19:13,48773.8,48770.95,120,48784.15,120,60,2271930
BANKNIFTY-I.NFO,25/02/2025,09:19:15,48772.15,48769.2,90,48781.1,30,60,2271930
BANKNIFTY-I.NFO,25/02/2025,09:19:17,48769.6,48775,150,48778.05,30,60,2271930
BANKNIFTY-I.NFO,25/02/2025,09:19:18,48770,48760.3,120,48770,120,270,2271930
BANKNIFTY-I.NFO,25/02/2025,09:19:18,48762.8,48760.3,120,48770,120,0,2271930
BANKNIFTY-I.NFO,25/02/2025,09:19:20,48770,48766.45,30,48781.1,120,210,2271930
BANKNIFTY-I.NFO,25/02/2025,09:19:20,48760.3,48766.45,30,48781.1,120,0,2271930
BANKNIFTY-I.NFO,25/02/2025,09:19:22,48779.8,48770.1,30,48783.7,120,30,2271930
BANKNIFTY-I.NFO,25/02/2025,09:19:23,48764.6,48764.75,90,48772.15,30,990,2271930
BANKNIFTY-I.NFO,25/02/2025,09:19:25,48772.15,48764.55,180,48779.25,120,30,2271930
BANKNIFTY-I.NFO,25/02/2025,09:19:27,48762,48761,300,48762,240,150,2271930
BANKNIFTY-I.NFO,25/02/2025,09:19:28,48761,48761,60,48772.35,30,240,2271930
BANKNIFTY-I.NFO,25/02/2025,09:19:30,48773.5,48761,30,48775.55,120,60,2271930
BANKNIFTY-I.NFO,25/02/2025,09:19:32,48772,48761,30,48769.4,120,30,2271930
BANKNIFTY-I.NFO,25/02/2025,09:19:33,48760.35,48760.15,30,48770,30,120,2271930
BANKNIFTY-I.NFO,25/02/2025,09:19:35,48760.35,48760.15,30,48770,30,0,2271930
BANKNIFTY-I.NFO,25/02/2025,09:19:37,48757.2,48755.05,30,48767.4,120,60,2271930
BANKNIFTY-I.NFO,25/02/2025,09:19:37,48757.2,48755.05,30,48767.4,120,0,2271930
BANKNIFTY-I.NFO,25/02/2025,09:19:38,48760.35,48752.35,60,48763.85,120,150,2271930
BANKNIFTY-I.NFO,25/02/2025,09:19:40,48760.35,48757.2,30,48760,30,0,2271930
BANKNIFTY-I.NFO,25/02/2025,09:19:42,48750,48746.45,30,48752.05,60,540,2271930
BANKNIFTY-I.NFO,25/02/2025,09:19:42,48750,48746.45,30,48752.05,60,0,2271930
BANKNIFTY-I.NFO,25/02/2025,09:19:43,48746.45,48740.4,60,48745.1,60,30,2271930
BANKNIFTY-I.NFO,25/02/2025,09:19:43,48746.45,48740.4,60,48745.1,60,0,2271930
BANKNIFTY-I.NFO,25/02/2025,09:19:45,48743.1,48744.95,90,48753.65,570,150,2271930
BANKNIFTY-I.NFO,25/02/2025,09:19:45,48741.85,48744.95,90,48753.65,570,0,2271930
BANKNIFTY-I.NFO,25/02/2025,09:19:47,48753.65,48748.2,60,48753.65,540,90,2271930
BANKNIFTY-I.NFO,25/02/2025,09:19:48,48753.65,48748.75,90,48760,60,570,2271930
BANKNIFTY-I.NFO,25/02/2025,09:19:50,48741.1,48741.1,90,48750,30,60,2271930
BANKNIFTY-I.NFO,25/02/2025,09:19:50,48741.1,48741.1,90,48750,30,0,2271930
BANKNIFTY-I.NFO,25/02/2025,09:19:52,48750,48751,90,48752.95,120,270,2271930
BANKNIFTY-I.NFO,25/02/2025,09:19:52,48737.05,48751,90,48752.95,120,0,2271930
BANKNIFTY-I.NFO,25/02/2025,09:19:53,48739.5,48742.1,30,48750,30,150,2271930
BANKNIFTY-I.NFO,25/02/2025,09:19:55,48748.75,48743.8,210,48748.75,120,150,2271930
BANKNIFTY-I.NFO,25/02/2025,09:19:57,48748.75,48737.1,90,48748.75,180,60,2271930
BANKNIFTY-I.NFO,25/02/2025,09:19:58,48748.75,48746.2,30,48750,30,360,2271930
BANKNIFTY-I.NFO,25/02/2025,09:20:00,48753.65,48746.45,60,48758.8,150,120,2271930
BANKNIFTY-I.NFO,25/02/2025,09:20:02,48748.75,48748.75,150,48757.15,120,120,2271930
BANKNIFTY-I.NFO,25/02/2025,09:20:03,48742.6,48745.1,90,48759.5,60,300,2271930
BANKNIFTY-I.NFO,25/02/2025,09:20:05,48756.15,48741.4,90,48755.05,120,30,2271930
BANKNIFTY-I.NFO,25/02/2025,09:20:07,48757.55,48745.6,120,48759.95,30,300,2271930
BANKNIFTY-I.NFO,25/02/2025,09:20:08,48760,48746.55,180,48760.35,60,210,2271930
BANKNIFTY-I.NFO,25/02/2025,09:20:10,48757.5,48746.1,90,48760,30,510,2271930
BANKNIFTY-I.NFO,25/02/2025,09:20:12,48745.2,48745,30,48758.6,120,270,2271930
BANKNIFTY-I.NFO,25/02/2025,09:20:13,48757.3,48745,30,48754.85,90,930,2271930
BANKNIFTY-I.NFO,25/02/2025,09:20:15,48745,48740.05,120,48753.95,90,30,2271930
BANKNIFTY-I.NFO,25/02/2025,09:20:17,48752.55,48737.35,60,48750.8,120,1080,2271930
BANKNIFTY-I.NFO,25/02/2025,09:20:18,48737.35,48747,30,48753.95,120,30,2271930
BANKNIFTY-I.NFO,25/02/2025,09:20:20,48740.7,48739.95,60,48754.35,120,900,2271930
BANKNIFTY-I.NFO,25/02/2025,09:20:22,48742.65,48743.8,60,48758,30,30,2271930
BANKNIFTY-I.NFO,25/02/2025,09:20:23,48742.65,48747.25,90,48758,30,0,2271930
BANKNIFTY-I.NFO,25/02/2025,09:20:25,48742.65,48753.55,90,48758,30,0,2271930
BANKNIFTY-I.NFO,25/02/2025,09:20:27,48753.9,48757.35,60,48760,30,120,2271930
BANKNIFTY-I.NFO,25/02/2025,09:20:28,48760,48756.75,60,48760.35,60,30,2271930
BANKNIFTY-I.NFO,25/02/2025,09:20:30,48758.35,48759.25,240,48770,30,270,2271930
BANKNIFTY-I.NFO,25/02/2025,09:20:32,48757.95,48757.5,60,48770,30,30,2271930
BANKNIFTY-I.NFO,25/02/2025,09:20:33,48760.6,48759.75,150,48770,30,90,2271930
BANKNIFTY-I.NFO,25/02/2025,09:20:35,48760.6,48761.95,60,48770,30,0,2271930
BANKNIFTY-I.NFO,25/02/2025,09:20:37,48770,48760.8,180,48773.5,30,120,2271930
BANKNIFTY-I.NFO,25/02/2025,09:20:38,48773.3,48762,60,48773.2,90,180,2271930
BANKNIFTY-I.NFO,25/02/2025,09:20:40,48768.05,48756.65,180,48771.9,120,270,2271930
BANKNIFTY-I.NFO,25/02/2025,09:20:42,48754.15,48754.1,30,48768.6,120,60,2271930
BANKNIFTY-I.NFO,25/02/2025,09:20:43,48748.9,48748.85,270,48763.45,120,270,2271930
BANKNIFTY-I.NFO,25/02/2025,09:20:45,48744.65,48745.95,60,48760.05,150,120,2271930
BANKNIFTY-I.NFO,25/02/2025,09:20:47,48744.65,48745.25,60,48758.35,120,0,2271930
BANKNIFTY-I.NFO,25/02/2025,09:20:48,48744.65,48745.95,90,48760.45,120,0,2271930
BANKNIFTY-I.NFO,25/02/2025,09:20:50,48750,48749.35,60,48763.85,120,180,2271930
BANKNIFTY-I.NFO,25/02/2025,09:20:52,48750,48750,60,48763.1,120,0,2271930
BANKNIFTY-I.NFO,25/02/2025,09:20:53,48763.05,48749.35,30,48763.95,120,30,2271930
BANKNIFTY-I.NFO,25/02/2025,09:20:55,48763.05,48752.7,90,48767.25,120,0,2271930
BANKNIFTY-I.NFO,25/02/2025,09:20:57,48769.3,48755.65,90,48765,30,60,2271930
BANKNIFTY-I.NFO,25/02/2025,09:20:58,48769.3,48752.55,90,48765,30,0,2271930
BANKNIFTY-I.NFO,25/02/2025,09:21:00,48765,48759.8,90,48769.9,150,30,2271930
BANKNIFTY-I.NFO,25/02/2025,09:21:02,48763.05,48767.85,150,48769.9,150,180,2271930
BANKNIFTY-I.NFO,25/02/2025,09:21:03,48767.45,48763.2,60,48770,360,270,2271930
BANKNIFTY-I.NFO,25/02/2025,09:21:05,48770,48764.75,150,48770,330,30,2271930
BANKNIFTY-I.NFO,25/02/2025,09:21:07,48770,48765.3,60,48770,300,30,2271930
BANKNIFTY-I.NFO,25/02/2025,09:21:08,48770,48767.8,30,48770,150,210,2271930
BANKNIFTY-I.NFO,25/02/2025,09:21:10,48776.65,48767.05,90,48778,30,210,2271930
BANKNIFTY-I.NFO,25/02/2025,09:21:12,48780,48771.65,60,48785.15,150,360,2271930
BANKNIFTY-I.NFO,25/02/2025,09:21:13,48776.65,48770.05,150,48785.15,150,30,2271930
BANKNIFTY-I.NFO,25/02/2025,09:21:15,48770,48767.05,90,48781.6,120,120,2271930
BANKNIFTY-I.NFO,25/02/2025,09:21:17,48770,48770.3,60,48784.15,150,0,2271930
BANKNIFTY-I.NFO,25/02/2025,09:21:18,48765.2,48764.15,90,48777.25,120,330,2271930
BANKNIFTY-I.NFO,25/02/2025,09:21:20,48760,48760,30,48765.1,120,240,2271930
BANKNIFTY-I.NFO,25/02/2025,09:21:22,48756.35,48750,30,48760.3,150,90,2271930
BANKNIFTY-I.NFO,25/02/2025,09:21:23,48750,48742.2,120,48746.35,30,30,2271930
BANKNIFTY-I.NFO,25/02/2025,09:21:25,48745.65,48742.1,210,48758.3,120,1350,2271930
BANKNIFTY-I.NFO,25/02/2025,09:21:27,48759.85,48756.35,30,48759.85,60,270,2271930
BANKNIFTY-I.NFO,25/02/2025,09:21:28,48756.35,48750,30,48759.7,90,30,2271930
BANKNIFTY-I.NFO,25/02/2025,09:21:30,48758.7,48745.7,240,48758.7,30,150,2271930
BANKNIFTY-I.NFO,25/02/2025,09:21:32,48758.7,48751.2,180,48760,60,0,2271930
BANKNIFTY-I.NFO,25/02/2025,09:21:33,48756.1,48755.1,270,48760,30,30,2271930
BANKNIFTY-I.NFO,25/02/2025,09:21:35,48756.1,48753.05,270,48758.7,30,0,2271930
BANKNIFTY-I.NFO,25/02/2025,09:21:37,48756.1,48753.4,90,48758.7,30,0,2271930
BANKNIFTY-I.NFO,25/02/2025,09:21:38,48758.7,48750.65,90,48759.8,150,30,2268960
BANKNIFTY-I.NFO,25/02/2025,09:21:40,48750,48750.3,90,48760,60,30,2268960
BANKNIFTY-I.NFO,25/02/2025,09:21:42,48750,48756.1,30,48760,90,0,2268960
BANKNIFTY-I.NFO,25/02/2025,09:21:45,48751.9,48746.2,90,48759.75,30,60,2268960
BANKNIFTY-I.NFO,25/02/2025,09:21:47,48751.9,48749.75,90,48759.6,30,0,2268960
BANKNIFTY-I.NFO,25/02/2025,09:21:48,48750.95,48749,60,48751.75,30,30,2268960
BANKNIFTY-I.NFO,25/02/2025,09:21:50,48748.25,48749.3,120,48750,30,30,2268960
BANKNIFTY-I.NFO,25/02/2025,09:21:52,48760,48751,90,48759.95,90,150,2268960
BANKNIFTY-I.NFO,25/02/2025,09:21:53,48759.8,48750,720,48760,30,30,2268960
BANKNIFTY-I.NFO,25/02/2025,09:21:55,48760,48750.7,90,48760,60,600,2268960
BANKNIFTY-I.NFO,25/02/2025,09:21:57,48750,48746.2,90,48756.2,180,30,2268960
BANKNIFTY-I.NFO,25/02/2025,09:21:58,48740,48740.05,90,48750.65,60,300,2268960
BANKNIFTY-I.NFO,25/02/2025,09:22:00,48746.7,48740,30,48747.2,90,60,2268960
BANKNIFTY-I.NFO,25/02/2025,09:22:02,48743.5,48739.2,30,48749.45,30,120,2268960
BANKNIFTY-I.NFO,25/02/2025,09:22:03,48743.5,48739.2,30,48745.05,30,0,2268960
BANKNIFTY-I.NFO,25/02/2025,09:22:05,48741.1,48742,90,48750.7,30,60,2268960
BANKNIFTY-I.NFO,25/02/2025,09:22:07,48742.25,48743.1,90,48750.7,30,30,2268960
BANKNIFTY-I.NFO,25/02/2025,09:22:08,48750.7,48748.35,120,48758.5,30,90,2268960
BANKNIFTY-I.NFO,25/02/2025,09:22:10,48751.5,48752.95,90,48760,60,30,2268960
BANKNIFTY-I.NFO,25/02/2025,09:22:12,48752.5,48752.45,90,48760,60,60,2268960
BANKNIFTY-I.NFO,25/02/2025,09:22:13,48752.5,48750.1,30,48752.5,30,0,2268960
BANKNIFTY-I.NFO,25/02/2025,09:22:17,48755.55,48750.1,30,48755.55,150,300,2268960
BANKNIFTY-I.NFO,25/02/2025,09:22:18,48755.55,48752.5,30,48755.55,150,0,2268960
BANKNIFTY-I.NFO,25/02/2025,09:22:20,48755.55,48755.6,30,48760,60,150,2268960
BANKNIFTY-I.NFO,25/02/2025,09:22:22,48755.55,48750.1,30,48756.8,30,180,2268960
BANKNIFTY-I.NFO,25/02/2025,09:22:23,48756.4,48750.1,30,48760,60,30,2268960
BANKNIFTY-I.NFO,25/02/2025,09:22:25,48756.4,48756.4,30,48758.55,30,0,2268960
BANKNIFTY-I.NFO,25/02/2025,09:22:27,48753.35,48750,30,48756.7,30,180,2268960
BANKNIFTY-I.NFO,25/02/2025,09:22:28,48750,48746.45,30,48753.3,30,90,2268960
BANKNIFTY-I.NFO,25/02/2025,09:22:30,48746.45,48745,30,48752.95,30,180,2268960
BANKNIFTY-I.NFO,25/02/2025,09:22:32,48750,48745.25,90,48754.45,30,30,2268960
BANKNIFTY-I.NFO,25/02/2025,09:22:33,48750,48745,30,48750,120,30,2268960
BANKNIFTY-I.NFO,25/02/2025,09:22:35,48750,48745,30,48750,30,90,2268960
BANKNIFTY-I.NFO,25/02/2025,09:22:37,48745,48741,30,48750,30,30,2268960
BANKNIFTY-I.NFO,25/02/2025,09:22:38,48746.9,48741,30,48743.95,30,180,2268960
BANKNIFTY-I.NFO,25/02/2025,09:22:40,48741,48740,150,48747.65,30,30,2268960
BANKNIFTY-I.NFO,25/02/2025,09:22:42,48740.6,48740.7,90,48750,30,30,2268960
BANKNIFTY-I.NFO,25/02/2025,09:22:43,48750,48741.75,90,48750,90,120,2268960
BANKNIFTY-I.NFO,25/02/2025,09:22:45,48741.75,48742.4,120,48750,60,60,2268960
BANKNIFTY-I.NFO,25/02/2025,09:22:47,48741.75,48745.4,120,48750,60,0,2268960
BANKNIFTY-I.NFO,25/02/2025,09:22:48,48750,48745.5,90,48754.3,30,60,2268960
BANKNIFTY-I.NFO,25/02/2025,09:22:50,48748.6,48745,30,48748.95,30,60,2268960
BANKNIFTY-I.NFO,25/02/2025,09:22:52,48745,48742,30,48748.75,60,30,2268960
BANKNIFTY-I.NFO,25/02/2025,09:22:53,48745,48742,30,48747.85,30,0,2268960
BANKNIFTY-I.NFO,25/02/2025,09:22:55,48740,48740,150,48747.8,30,90,2268960
BANKNIFTY-I.NFO,25/02/2025,09:22:57,48740,48740,150,48749.15,60,270,2268960
BANKNIFTY-I.NFO,25/02/2025,09:22:58,48740,48740,150,48742.7,30,0,2268960
BANKNIFTY-I.NFO,25/02/2025,09:23:00,48740,48737.5,60,48740.1,30,210,2268960
BANKNIFTY-I.NFO,25/02/2025,09:23:02,48740,48737.5,60,48745.55,30,0,2268960
BANKNIFTY-I.NFO,25/02/2025,09:23:03,48740,48737.55,90,48746.25,30,0,2268960
BANKNIFTY-I.NFO,25/02/2025,09:23:05,48740,48740,90,48744.95,30,60,2268960
BANKNIFTY-I.NFO,25/02/2025,09:23:07,48740,48738.15,90,48746.2,30,90,2268960
BANKNIFTY-I.NFO,25/02/2025,09:23:08,48740,48739.5,90,48746.2,30,0,2268960
BANKNIFTY-I.NFO,25/02/2025,09:23:10,48746.2,48740.15,90,48750,90,30,2268960
BANKNIFTY-I.NFO,25/02/2025,09:23:12,48746.2,48743.35,90,48750,120,0,2268960
BANKNIFTY-I.NFO,25/02/2025,09:23:13,48746.2,48746.2,30,48748.85,30,0,2268960
BANKNIFTY-I.NFO,25/02/2025,09:23:15,48746.2,48746.2,30,48750,120,0,2268960
BANKNIFTY-I.NFO,25/02/2025,09:23:17,48751.1,48746.2,30,48751.25,30,150,2268960
BANKNIFTY-I.NFO,25/02/2025,09:23:18,48746.2,48740.6,90,48752.05,30,30,2268960
BANKNIFTY-I.NFO,25/02/2025,09:23:20,48746.2,48740.9,60,48751.55,30,0,2268960
BANKNIFTY-I.NFO,25/02/2025,09:23:22,48751.55,48747.2,90,48756.35,30,30,2268960
BANKNIFTY-I.NFO,25/02/2025,09:23:23,48751.55,48746.8,90,48755.85,30,0,2268960
BANKNIFTY-I.NFO,25/02/2025,09:23:25,48751.25,48746.95,90,48758.6,30,90,2268960
BANKNIFTY-I.NFO,25/02/2025,09:23:27,48752.9,48750,30,48756.45,30,30,2268960
BANKNIFTY-I.NFO,25/02/2025,09:23:28,48759,48753.75,90,48759,60,30,2268960
BANKNIFTY-I.NFO,25/02/2025,09:23:30,48759,48751.5,90,48757.7,30,0,2268960
BANKNIFTY-I.NFO,25/02/2025,09:23:32,48751.5,48755.1,30,48758.05,30,30,2268960
BANKNIFTY-I.NFO,25/02/2025,09:23:33,48750,48746.1,30,48750,90,60,2268960
BANKNIFTY-I.NFO,25/02/2025,09:23:35,48750,48745.5,120,48750,90,0,2268960
BANKNIFTY-I.NFO,25/02/2025,09:23:37,48750,48746.75,30,48750,90,0,2268960
BANKNIFTY-I.NFO,25/02/2025,09:23:39,48750,48752.55,90,48759,60,90,2268960
BANKNIFTY-I.NFO,25/02/2025,09:23:40,48759,48750.2,90,48759,30,30,2268960
BANKNIFTY-I.NFO,25/02/2025,09:23:42,48759,48750.2,90,48759,30,0,2268960
BANKNIFTY-I.NFO,25/02/2025,09:23:44,48759,48751.5,90,48758.3,30,0,2268960
BANKNIFTY-I.NFO,25/02/2025,09:23:45,48757.1,48746.15,90,48754.65,30,30,2268960
BANKNIFTY-I.NFO,25/02/2025,09:23:47,48752.7,48745.1,90,48753.8,30,30,2268960
BANKNIFTY-I.NFO,25/02/2025,09:23:49,48750.45,48745,30,48745.55,30,210,2268960
BANKNIFTY-I.NFO,25/02/2025,09:23:50,48750.45,48745,30,48745.55,30,0,2268960
BANKNIFTY-I.NFO,25/02/2025,09:23:52,48745,48744,30,48748.4,30,90,2268960
BANKNIFTY-I.NFO,25/02/2025,09:23:54,48748.5,48744,30,48749.65,30,30,2268960
BANKNIFTY-I.NFO,25/02/2025,09:23:55,48748.5,48745.4,90,48750.6,30,0,2268960
BANKNIFTY-I.NFO,25/02/2025,09:23:57,48750.6,48745.25,90,48751.6,30,30,2268960
BANKNIFTY-I.NFO,25/02/2025,09:23:59,48746.25,48751.4,90,48757.7,30,30,2268960
BANKNIFTY-I.NFO,25/02/2025,09:24:00,48746.25,48746.5,90,48755.6,30,0,2268960
BANKNIFTY-I.NFO,25/02/2025,09:24:02,48755.55,48746.75,90,48753,30,30,2268960
BANKNIFTY-I.NFO,25/02/2025,09:24:04,48753,48748.5,30,48754.15,30,30,2268960
BANKNIFTY-I.NFO,25/02/2025,09:24:05,48758.45,48752.25,90,48758.6,30,60,2268960
BANKNIFTY-I.NFO,25/02/2025,09:24:07,48758.45,48752.25,90,48759,150,30,2268960
BANKNIFTY-I.NFO,25/02/2025,09:24:09,48753.55,48752,30,48753.55,30,30,2268960
BANKNIFTY-I.NFO,25/02/2025,09:24:10,48753.55,48754,90,48759,150,30,2268960
BANKNIFTY-I.NFO,25/02/2025,09:24:12,48753.55,48754,90,48759,150,0,2268960
BANKNIFTY-I.NFO,25/02/2025,09:24:14,48762.4,48762.45,150,48766.65,30,390,2268960
BANKNIFTY-I.NFO,25/02/2025,09:24:15,48775.1,48769.35,90,48775.65,30,120,2268960
BANKNIFTY-I.NFO,25/02/2025,09:24:17,48777.55,48768.75,90,48773.6,30,90,2268960
BANKNIFTY-I.NFO,25/02/2025,09:24:19,48771.15,48765.6,90,48771.75,30,60,2268960
BANKNIFTY-I.NFO,25/02/2025,09:24:20,48771.15,48760.25,180,48767.5,30,30,2268960
BANKNIFTY-I.NFO,25/02/2025,09:24:22,48771.15,48760.35,30,48765.3,30,0,2268960
BANKNIFTY-I.NFO,25/02/2025,09:24:24,48771.15,48760.4,30,48764.25,30,0,2268960
BANKNIFTY-I.NFO,25/02/2025,09:24:25,48769.5,48761.6,90,48767.45,30,150,2268960
BANKNIFTY-I.NFO,25/02/2025,09:24:27,48767.35,48760.95,90,48764.55,30,30,2268960
BANKNIFTY-I.NFO,25/02/2025,09:24:29,48761.8,48760.55,30,48764.2,30,30,2268960
BANKNIFTY-I.NFO,25/02/2025,09:24:30,48764.15,48760.1,90,48763.95,30,60,2268960
BANKNIFTY-I.NFO,25/02/2025,09:24:32,48759,48759.85,90,48764.05,30,960,2268960
BANKNIFTY-I.NFO,25/02/2025,09:24:34,48767.25,48763.85,90,48765,30,120,2268960
BANKNIFTY-I.NFO,25/02/2025,09:24:35,48766.3,48765.35,90,48771,30,60,2268960
BANKNIFTY-I.NFO,25/02/2025,09:24:37,48776.5,48774.35,30,48778.55,30,120,2268960
BANKNIFTY-I.NFO,25/02/2025,09:24:39,48778.55,48778.55,30,48780,180,60,2266080
BANKNIFTY-I.NFO,25/02/2025,09:24:40,48780,48778.55,30,48780,150,30,2266080
BANKNIFTY-I.NFO,25/02/2025,09:24:42,48777.2,48772.45,90,48776.85,30,360,2266080
BANKNIFTY-I.NFO,25/02/2025,09:24:44,48782,48779.35,90,48784.5,30,150,2266080
BANKNIFTY-I.NFO,25/02/2025,09:24:45,48780.85,48779.8,30,48785.5,30,30,2266080
BANKNIFTY-I.NFO,25/02/2025,09:24:47,48785.2,48784.5,30,48788.7,30,30,2266080
BANKNIFTY-I.NFO,25/02/2025,09:24:49,48788.1,48784.5,30,48788.35,30,60,2266080
BANKNIFTY-I.NFO,25/02/2025,09:24:50,48778.4,48778.4,1740,48780.65,30,1320,2266080
BANKNIFTY-I.NFO,25/02/2025,09:24:52,48784.55,48778.4,1560,48784.4,30,360,2266080
BANKNIFTY-I.NFO,25/02/2025,09:24:54,48784.55,48778.4,1560,48782.75,30,0,2266080
BANKNIFTY-I.NFO,25/02/2025,09:24:55,48784.55,48781.25,90,48785.5,30,0,2266080
BANKNIFTY-I.NFO,25/02/2025,09:24:57,48784.1,48784.55,30,48785.2,90,60,2266080
BANKNIFTY-I.NFO,25/02/2025,09:24:59,48785.45,48782,30,48785.9,30,90,2266080
BANKNIFTY-I.NFO,25/02/2025,09:25:00,48786.2,48778.45,180,48784.1,30,420,2266080
BANKNIFTY-I.NFO,25/02/2025,09:25:02,48786.2,48778.4,1410,48780.05,30,0,2266080
BANKNIFTY-I.NFO,25/02/2025,09:25:04,48777.85,48773.4,90,48779.95,30,1440,2266080
BANKNIFTY-I.NFO,25/02/2025,09:25:05,48777.85,48771.15,90,48777.7,30,0,2266080
BANKNIFTY-I.NFO,25/02/2025,09:25:07,48774.3,48771,30,48773.15,30,30,2266080
BANKNIFTY-I.NFO,25/02/2025,09:25:09,48773.15,48774.05,30,48778.15,270,30,2266080
BANKNIFTY-I.NFO,25/02/2025,09:25:10,48773.1,48767.25,30,48774.45,90,270,2266080
BANKNIFTY-I.NFO,25/02/2025,09:25:12,48773.1,48769.2,90,48775.15,60,0,2266080
BANKNIFTY-I.NFO,25/02/2025,09:25:14,48773.1,48767.25,30,48773.1,30,0,2266080
BANKNIFTY-I.NFO,25/02/2025,09:25:15,48767.25,48762.9,120,48769.15,90,30,2266080
BANKNIFTY-I.NFO,25/02/2025,09:25:17,48767.25,48765.25,30,48769.15,90,0,2266080
BANKNIFTY-I.NFO,25/02/2025,09:25:19,48769.6,48770.9,90,48777,30,390,2266080
BANKNIFTY-I.NFO,25/02/2025,09:25:20,48770.2,48769.15,270,48771.35,30,30,2266080
BANKNIFTY-I.NFO,25/02/2025,09:25:22,48770.2,48769.15,300,48771.35,60,0,2266080
BANKNIFTY-I.NFO,25/02/2025,09:25:24,48769.15,48769.15,270,48771.35,60,30,2266080
BANKNIFTY-I.NFO,25/02/2025,09:25:25,48765.05,48765.4,90,48769.7,30,330,2266080
BANKNIFTY-I.NFO,25/02/2025,09:25:27,48766.55,48767.65,30,48771,120,30,2266080
BANKNIFTY-I.NFO,25/02/2025,09:25:29,48766.55,48767.45,30,48771,120,0,2266080
BANKNIFTY-I.NFO,25/02/2025,09:25:30,48771,48771,30,48774.85,30,150,2266080
BANKNIFTY-I.NFO,25/02/2025,09:25:32,48774.15,48770,270,48773.3,240,240,2266080
BANKNIFTY-I.NFO,25/02/2025,09:25:34,48772.2,48770,270,48771.4,240,60,2266080
BANKNIFTY-I.NFO,25/02/2025,09:25:35,48770,48765,30,48768.45,60,300,2266080
BANKNIFTY-I.NFO,25/02/2025,09:25:37,48770,48765.05,30,48767.8,30,60,2266080
BANKNIFTY-I.NFO,25/02/2025,09:25:39,48770,48765.05,30,48767.8,30,0,2266080
BANKNIFTY-I.NFO,25/02/2025,09:25:40,48767.8,48766.9,60,48771,30,30,2266080
BANKNIFTY-I.NFO,25/02/2025,09:25:42,48777,48773.5,120,48777,150,120,2266080
BANKNIFTY-I.NFO,25/02/2025,09:25:44,48772.6,48772.65,180,48777,150,180,2266080
BANKNIFTY-I.NFO,25/02/2025,09:25:45,48772.65,48772.65,150,48775.15,540,30,2266080
BANKNIFTY-I.NFO,25/02/2025,09:25:47,48771.75,48765,30,48771.85,270,180,2266080
BANKNIFTY-I.NFO,25/02/2025,09:25:49,48771.15,48765,30,48768.8,30,30,2266080
BANKNIFTY-I.NFO,25/02/2025,09:25:50,48771.15,48765,30,48766.45,30,0,2266080
BANKNIFTY-I.NFO,25/02/2025,09:25:52,48771.15,48765,60,48766.4,30,0,2266080
BANKNIFTY-I.NFO,25/02/2025,09:25:54,48758.7,48755.15,30,48759.25,300,540,2266080
BANKNIFTY-I.NFO,25/02/2025,09:25:55,48758.7,48755.15,30,48759.45,30,0,2266080
BANKNIFTY-I.NFO,25/02/2025,09:25:57,48758.6,48753.55,60,48759.15,30,210,2266080
BANKNIFTY-I.NFO,25/02/2025,09:25:59,48753.55,48752,30,48753.25,30,210,2266080
BANKNIFTY-I.NFO,25/02/2025,09:26:00,48750.05,48750.05,150,48753.25,150,150,2266080
BANKNIFTY-I.NFO,25/02/2025,09:26:02,48750,48747.7,30,48750.4,300,240,2266080
BANKNIFTY-I.NFO,25/02/2025,09:26:04,48741.05,48741,30,48743.65,330,120,2266080
BANKNIFTY-I.NFO,25/02/2025,09:26:05,48738,48738,180,48739.75,840,150,2266080
BANKNIFTY-I.NFO,25/02/2025,09:26:07,48726.15,48726.7,180,48729.9,60,1440,2266080
BANKNIFTY-I.NFO,25/02/2025,09:26:07,48722,48726.7,180,48729.9,60,0,2266080
BANKNIFTY-I.NFO,25/02/2025,09:26:09,48722.45,48721,120,48721.95,150,360,2266080
BANKNIFTY-I.NFO,25/02/2025,09:26:10,48720,48714.45,90,48720,30,240,2266080
BANKNIFTY-I.NFO,25/02/2025,09:26:10,48715.9,48714.45,90,48720,30,0,2266080
BANKNIFTY-I.NFO,25/02/2025,09:26:12,48720,48711,90,48717.75,60,0,2266080
BANKNIFTY-I.NFO,25/02/2025,09:26:14,48709.75,48709.75,90,48713.6,420,600,2266080
BANKNIFTY-I.NFO,25/02/2025,09:26:14,48708,48709.75,90,48713.6,420,0,2266080
BANKNIFTY-I.NFO,25/02/2025,09:26:15,48708.05,48708,390,48711.45,30,90,2266080
BANKNIFTY-I.NFO,25/02/2025,09:26:17,48705,48702,60,48705.6,30,450,2266080
BANKNIFTY-I.NFO,25/02/2025,09:26:17,48705,48702,60,48705.6,30,0,2266080
BANKNIFTY-I.NFO,25/02/2025,09:26:19,48702,48700.3,180,48702,270,330,2266080
BANKNIFTY-I.NFO,25/02/2025,09:26:19,48700.3,48700.3,180,48702,270,0,2266080
BANKNIFTY-I.NFO,25/02/2025,09:26:20,48701.95,48700.3,60,48701.95,300,150,2266080
BANKNIFTY-I.NFO,25/02/2025,09:26:22,48700.05,48700,360,48701.95,300,120,2266080
BANKNIFTY-I.NFO,25/02/2025,09:26:22,48700.05,48700,360,48701.95,300,0,2266080
BANKNIFTY-I.NFO,25/02/2025,09:26:24,48698.35,48698.6,90,48701.85,150,1170,2266080
BANKNIFTY-I.NFO,25/02/2025,09:26:24,48698.35,48698.6,90,48701.85,150,0,2266080
BANKNIFTY-I.NFO,25/02/2025,09:26:25,48701.85,48700.55,30,48701.9,90,180,2266080
BANKNIFTY-I.NFO,25/02/2025,09:26:27,48702,48701.95,30,48702,150,330,2266080
BANKNIFTY-I.NFO,25/02/2025,09:26:29,48700,48698.35,30,48702,60,360,2266080
BANKNIFTY-I.NFO,25/02/2025,09:26:30,48698.65,48698.7,150,48699.2,30,180,2266080
BANKNIFTY-I.NFO,25/02/2025,09:26:30,48694.85,48698.7,150,48699.2,30,0,2266080
BANKNIFTY-I.NFO,25/02/2025,09:26:32,48698.7,48699.25,150,48699.55,30,30,2266080
BANKNIFTY-I.NFO,25/02/2025,09:26:34,48699.6,48699.55,120,48700,30,210,2266080
BANKNIFTY-I.NFO,25/02/2025,09:26:35,48694.8,48692.8,120,48698.7,30,210,2266080
BANKNIFTY-I.NFO,25/02/2025,09:26:35,48694.8,48692.8,120,48698.7,30,0,2266080
BANKNIFTY-I.NFO,25/02/2025,09:26:37,48692.9,48690,210,48692.9,840,300,2266080
BANKNIFTY-I.NFO,25/02/2025,09:26:37,48690.1,48690,210,48692.9,840,0,2266080
BANKNIFTY-I.NFO,25/02/2025,09:26:39,48690,48690,60,48692.9,780,210,2266080
BANKNIFTY-I.NFO,25/02/2025,09:26:39,48690,48690,60,48692.9,780,0,2266080
BANKNIFTY-I.NFO,25/02/2025,09:26:40,48699.55,48693.85,150,48699.6,90,1020,2266080
BANKNIFTY-I.NFO,25/02/2025,09:26:40,48689.2,48693.85,150,48699.6,90,0,2266080
BANKNIFTY-I.NFO,25/02/2025,09:26:42,48693.9,48693.9,30,48699.6,90,90,2266080
BANKNIFTY-I.NFO,25/02/2025,09:26:44,48701.5,48699.7,120,48710.45,300,930,2266080
BANKNIFTY-I.NFO,25/02/2025,09:26:45,48695.3,48693.05,90,48705.3,120,330,2266080
BANKNIFTY-I.NFO,25/02/2025,09:26:47,48705.75,48692.9,30,48701.5,90,30,2266080
BANKNIFTY-I.NFO,25/02/2025,09:26:49,48705.75,48694.65,30,48700,30,0,2266080
BANKNIFTY-I.NFO,25/02/2025,09:26:50,48693.1,48694.75,90,48700,30,210,2266080
BANKNIFTY-I.NFO,25/02/2025,09:26:52,48697.9,48697.9,150,48701.5,180,690,2266080
BANKNIFTY-I.NFO,25/02/2025,09:26:54,48706.65,48704.5,270,48710,30,210,2266080
BANKNIFTY-I.NFO,25/02/2025,09:26:55,48713.6,48706.95,180,48713.6,60,150,2266080
BANKNIFTY-I.NFO,25/02/2025,09:26:57,48705.75,48705.75,60,48713.3,150,360,2266080
BANKNIFTY-I.NFO,25/02/2025,09:26:59,48705.75,48705.75,60,48713.6,60,0,2266080
BANKNIFTY-I.NFO,25/02/2025,09:27:00,48705.75,48705.75,60,48713.6,90,0,2266080
BANKNIFTY-I.NFO,25/02/2025,09:27:02,48713.6,48707.65,30,48713.6,60,90,2266080
BANKNIFTY-I.NFO,25/02/2025,09:27:04,48729.95,48722,60,48729.95,120,270,2266080
BANKNIFTY-I.NFO,25/02/2025,09:27:05,48720,48717.95,60,48720,270,330,2266080
BANKNIFTY-I.NFO,25/02/2025,09:27:07,48720,48717.95,30,48720,240,30,2266080
BANKNIFTY-I.NFO,25/02/2025,09:27:09,48720,48720,30,48725,90,240,2266080
BANKNIFTY-I.NFO,25/02/2025,09:27:10,48715.85,48711.15,60,48714.75,90,240,2266080
BANKNIFTY-I.NFO,25/02/2025,09:27:12,48705.8,48705.8,30,48713.65,90,60,2266080
BANKNIFTY-I.NFO,25/02/2025,09:27:14,48707,48705.75,90,48709.35,60,60,2266080
BANKNIFTY-I.NFO,25/02/2025,09:27:15,48705.75,48705.75,30,48710,120,120,2266080
BANKNIFTY-I.NFO,25/02/2025,09:27:17,48705.75,48705.75,30,48708,30,0,2266080
BANKNIFTY-I.NFO,25/02/2025,09:27:19,48701,48700,90,48702.55,150,120,2266080
BANKNIFTY-I.NFO,25/02/2025,09:27:20,48701,48701,30,48705,180,0,2266080
BANKNIFTY-I.NFO,25/02/2025,09:27:22,48700,48700,90,48705,60,180,2266080
BANKNIFTY-I.NFO,25/02/2025,09:27:24,48697.9,48699.6,150,48705,30,330,2266080
BANKNIFTY-I.NFO,25/02/2025,09:27:25,48697.9,48705,180,48705.75,150,0,2266080
BANKNIFTY-I.NFO,25/02/2025,09:27:27,48705,48705,180,48708,30,210,2266080
BANKNIFTY-I.NFO,25/02/2025,09:27:29,48710.75,48710.85,210,48719.7,30,60,2266080
BANKNIFTY-I.NFO,25/02/2025,09:27:30,48710.85,48708,30,48715,30,150,2266080
BANKNIFTY-I.NFO,25/02/2025,09:27:32,48710.85,48703,120,48711,60,0,2266080
BANKNIFTY-I.NFO,25/02/2025,09:27:33,48705,48705.9,90,48715,30,330,2266080
BANKNIFTY-I.NFO,25/02/2025,09:27:35,48705,48710.85,60,48712.85,150,0,2266080
BANKNIFTY-I.NFO,25/02/2025,09:27:37,48710.85,48703.55,30,48711.85,60,60,2266080
BANKNIFTY-I.NFO,25/02/2025,09:27:38,48710.85,48703.55,30,48710,120,0,2266080
BANKNIFTY-I.NFO,25/02/2025,09:27:40,48703.55,48702.9,90,48708,90,30,2256930
BANKNIFTY-I.NFO,25/02/2025,09:27:42,48703.55,48702.9,90,48708,90,210,2256930
BANKNIFTY-I.NFO,25/02/2025,09:27:43,48702.9,48700.95,30,48702.9,90,270,2256930
BANKNIFTY-I.NFO,25/02/2025,09:27:45,48701.75,48701.45,30,48701.75,30,60,2256930
BANKNIFTY-I.NFO,25/02/2025,09:27:47,48702.9,48709.55,60,48710,150,420,2256930
BANKNIFTY-I.NFO,25/02/2025,09:27:48,48701.5,48702.95,90,48710,150,300,2256930
BANKNIFTY-I.NFO,25/02/2025,09:27:50,48702.85,48700.1,150,48709.55,60,240,2256930
BANKNIFTY-I.NFO,25/02/2025,09:27:52,48702.35,48702.6,210,48709.55,60,180,2256930
BANKNIFTY-I.NFO,25/02/2025,09:27:53,48709.5,48709.5,30,48709.55,90,180,2256930
BANKNIFTY-I.NFO,25/02/2025,09:27:55,48702.35,48700.05,30,48702.35,90,120,2256930
BANKNIFTY-I.NFO,25/02/2025,09:27:57,48709.4,48704.95,90,48709.55,150,120,2256930
BANKNIFTY-I.NFO,25/02/2025,09:27:58,48709.55,48708.85,30,48710,60,150,2256930
BANKNIFTY-I.NFO,25/02/2025,09:28:00,48720,48711.3,90,48720,90,120,2256930
BANKNIFTY-I.NFO,25/02/2025,09:28:02,48720,48711.1,120,48723.1,120,360,2256930
BANKNIFTY-I.NFO,25/02/2025,09:28:03,48711.1,48707.45,30,48714.45,150,30,2256930
BANKNIFTY-I.NFO,25/02/2025,09:28:05,48713.9,48707.45,30,48714.35,120,30,2256930
BANKNIFTY-I.NFO,25/02/2025,09:28:06,48713.9,48707.8,120,48716.65,120,0,2256930
BANKNIFTY-I.NFO,25/02/2025,09:28:08,48716.55,48708,60,48713.55,120,180,2256930
BANKNIFTY-I.NFO,25/02/2025,09:28:10,48716.55,48708,60,48712.45,150,0,2256930
BANKNIFTY-I.NFO,25/02/2025,09:28:11,48708,48708,30,48711.25,30,30,2256930
BANKNIFTY-I.NFO,25/02/2025,09:28:13,48709.5,48703.05,90,48714.3,120,210,2256930
BANKNIFTY-I.NFO,25/02/2025,09:28:15,48706.7,48706.7,90,48717.35,30,30,2256930
BANKNIFTY-I.NFO,25/02/2025,09:28:16,48706.7,48710.7,90,48718.4,90,0,2256930
BANKNIFTY-I.NFO,25/02/2025,09:28:18,48703.85,48702.6,120,48713.9,30,420,2256930
BANKNIFTY-I.NFO,25/02/2025,09:28:20,48719.95,48717.35,480,48720,120,30,2256930
BANKNIFTY-I.NFO,25/02/2025,09:28:21,48719.95,48717.35,480,48720,120,0,2256930
BANKNIFTY-I.NFO,25/02/2025,09:28:23,48720.85,48719.8,300,48725,30,150,2256930
BANKNIFTY-I.NFO,25/02/2025,09:28:25,48732.6,48724.45,240,48735,120,540,2256930
BANKNIFTY-I.NFO,25/02/2025,09:28:26,48732.6,48724.45,150,48733.05,60,0,2256930
BANKNIFTY-I.NFO,25/02/2025,09:28:28,48728.25,48720.85,120,48730.7,30,480,2256930
BANKNIFTY-I.NFO,25/02/2025,09:28:30,48735,48724.3,120,48735.15,60,630,2256930
BANKNIFTY-I.NFO,25/02/2025,09:28:31,48724.3,48723.7,120,48735,30,30,2256930
BANKNIFTY-I.NFO,25/02/2025,09:28:33,48735,48727.95,150,48736,30,90,2256930
BANKNIFTY-I.NFO,25/02/2025,09:28:35,48730,48731.15,90,48733.35,90,60,2256930
BANKNIFTY-I.NFO,25/02/2025,09:28:36,48727.8,48727.8,30,48733.7,30,1020,2256930
BANKNIFTY-I.NFO,25/02/2025,09:28:38,48727.8,48727.8,30,48732.05,30,0,2256930
BANKNIFTY-I.NFO,25/02/2025,09:28:40,48734.6,48732.45,60,48734,150,60,2256930
BANKNIFTY-I.NFO,25/02/2025,09:28:41,48733.65,48727.35,90,48733.45,90,300,2256930
BANKNIFTY-I.NFO,25/02/2025,09:28:43,48731.7,48730,60,48733.95,30,60,2256930
BANKNIFTY-I.NFO,25/02/2025,09:28:45,48739.2,48730,60,48734,180,60,2256930
BANKNIFTY-I.NFO,25/02/2025,09:28:46,48733.7,48731.7,60,48731.85,30,60,2256930
BANKNIFTY-I.NFO,25/02/2025,09:28:48,48725,48726.9,90,48733,60,90,2256930
BANKNIFTY-I.NFO,25/02/2025,09:28:50,48725,48727.45,30,48733,90,0,2256930
BANKNIFTY-I.NFO,25/02/2025,09:28:51,48733,48732.45,120,48740.8,30,180,2256930
BANKNIFTY-I.NFO,25/02/2025,09:28:53,48733,48735,60,48743.3,60,0,2256930
BANKNIFTY-I.NFO,25/02/2025,09:28:55,48733,48735,60,48742.35,30,0,2256930
BANKNIFTY-I.NFO,25/02/2025,09:28:56,48737.95,48735.75,120,48744.1,30,30,2256930
BANKNIFTY-I.NFO,25/02/2025,09:28:58,48737.95,48735.75,30,48739.8,30,0,2256930
BANKNIFTY-I.NFO,25/02/2025,09:29:00,48734.35,48727.45,60,48732.05,30,210,2256930
BANKNIFTY-I.NFO,25/02/2025,09:29:01,48727.45,48725,330,48725.85,180,120,2256930
BANKNIFTY-I.NFO,25/02/2025,09:29:03,48717.25,48703.9,60,48715.4,30,1080,2256930
BANKNIFTY-I.NFO,25/02/2025,09:29:05,48710.1,48710.1,120,48721.8,30,150,2256930
BANKNIFTY-I.NFO,25/02/2025,09:29:06,48721.15,48714.55,240,48716.65,30,90,2256930
BANKNIFTY-I.NFO,25/02/2025,09:29:08,48714.55,48714.55,210,48716.75,150,60,2256930
BANKNIFTY-I.NFO,25/02/2025,09:29:10,48714.55,48703.85,30,48710.4,30,240,2256930
BANKNIFTY-I.NFO,25/02/2025,09:29:11,48703.85,48701,30,48704.55,60,30,2256930
BANKNIFTY-I.NFO,25/02/2025,09:29:13,48703.25,48701,30,48706.55,30,60,2256930
BANKNIFTY-I.NFO,25/02/2025,09:29:15,48700,48700,180,48710.95,30,120,2256930
BANKNIFTY-I.NFO,25/02/2025,09:29:16,48701,48701,30,48704.45,30,30,2256930
BANKNIFTY-I.NFO,25/02/2025,09:29:18,48705.25,48701,30,48704.6,150,150,2256930
BANKNIFTY-I.NFO,25/02/2025,09:29:20,48700,48700,120,48702.15,30,90,2256930
BANKNIFTY-I.NFO,25/02/2025,09:29:21,48692.55,48690,240,48698.35,30,180,2256930
BANKNIFTY-I.NFO,25/02/2025,09:29:23,48692.55,48690,240,48699.2,30,0,2256930
BANKNIFTY-I.NFO,25/02/2025,09:29:25,48699,48697.9,90,48706.9,30,30,2256930
BANKNIFTY-I.NFO,25/02/2025,09:29:26,48697.9,48697.9,90,48706.55,300,60,2256930
BANKNIFTY-I.NFO,25/02/2025,09:29:28,48699,48697.55,60,48701.1,300,60,2256930
BANKNIFTY-I.NFO,25/02/2025,09:29:30,48692.6,48690,330,48700.15,30,90,2256930
BANKNIFTY-I.NFO,25/02/2025,09:29:31,48692.6,48690,240,48697.95,300,0,2256930
BANKNIFTY-I.NFO,25/02/2025,09:29:33,48692.6,48692.35,60,48700,30,30,2256930
BANKNIFTY-I.NFO,25/02/2025,09:29:35,48692.6,48691.3,90,48699.95,300,90,2256930
BANKNIFTY-I.NFO,25/02/2025,09:29:36,48692.6,48690.1,90,48697.7,240,210,2256930
BANKNIFTY-I.NFO,25/02/2025,09:29:38,48692.6,48692.6,30,48698.75,30,0,2256930
BANKNIFTY-I.NFO,25/02/2025,09:29:40,48690,48687.6,30,48691.15,30,330,2256930
BANKNIFTY-I.NFO,25/02/2025,09:29:40,48689,48687.6,30,48691.15,30,0,2256930
BANKNIFTY-I.NFO,25/02/2025,09:29:41,48690,48690.05,30,48692.1,30,0,2256930
BANKNIFTY-I.NFO,25/02/2025,09:29:43,48690.05,48688.35,30,48697.55,30,30,2256930
BANKNIFTY-I.NFO,25/02/2025,09:29:45,48690.05,48690,30,48696.55,30,0,2256930
BANKNIFTY-I.NFO,25/02/2025,09:29:46,48693.75,48687.6,60,48694.45,210,60,2256930
BANKNIFTY-I.NFO,25/02/2025,09:29:48,48693.75,48683.55,90,48690.3,30,0,2256930
BANKNIFTY-I.NFO,25/02/2025,09:29:50,48693.75,48685.4,150,48694.15,30,0,2256930
BANKNIFTY-I.NFO,25/02/2025,09:29:51,48680,48679.8,30,48680,390,2130,2256930
BANKNIFTY-I.NFO,25/02/2025,09:29:51,48675.9,48679.8,30,48680,390,0,2256930
BANKNIFTY-I.NFO,25/02/2025,09:29:53,48686.9,48686.85,90,48695.95,210,660,2256930
BANKNIFTY-I.NFO,25/02/2025,09:29:55,48690.7,48684.15,90,48694.15,30,30,2256930
BANKNIFTY-I.NFO,25/02/2025,09:29:56,48690.7,48683.45,60,48686.9,30,30,2256930
BANKNIFTY-I.NFO,25/02/2025,09:29:58,48690.7,48682.2,90,48686.9,60,0,2256930
BANKNIFTY-I.NFO,25/02/2025,09:30:00,48686.9,48680,30,48684.7,210,30,2256930
BANKNIFTY-I.NFO,25/02/2025,09:30:01,48677.65,48673.75,30,48683.75,30,90,2256930
BANKNIFTY-I.NFO,25/02/2025,09:30:03,48674.55,48673.7,60,48682.95,30,150,2256930
BANKNIFTY-I.NFO,25/02/2025,09:30:03,48674.55,48673.7,60,48682.95,30,0,2256930
BANKNIFTY-I.NFO,25/02/2025,09:30:05,48670.85,48667.65,60,48681.25,30,270,2256930
BANKNIFTY-I.NFO,25/02/2025,09:30:05,48670,48667.65,60,48681.25,30,0,2256930
BANKNIFTY-I.NFO,25/02/2025,09:30:06,48682.5,48672.2,60,48682.55,30,30,2256930
BANKNIFTY-I.NFO,25/02/2025,09:30:08,48674,48680.6,90,48684.1,210,690,2256930
BANKNIFTY-I.NFO,25/02/2025,09:30:08,48667.5,48680.6,90,48684.1,210,0,2256930
BANKNIFTY-I.NFO,25/02/2025,09:30:10,48680.6,48673.2,30,48683.05,30,90,2256930
BANKNIFTY-I.NFO,25/02/2025,09:30:11,48675.95,48672.25,30,48685,30,30,2256930
BANKNIFTY-I.NFO,25/02/2025,09:30:13,48673.55,48669.25,60,48678.9,120,150,2256930
BANKNIFTY-I.NFO,25/02/2025,09:30:15,48680,48668.7,30,48681,150,300,2256930
BANKNIFTY-I.NFO,25/02/2025,09:30:16,48669.1,48667.7,30,48680.25,30,60,2256930
BANKNIFTY-I.NFO,25/02/2025,09:30:18,48669.65,48667.75,30,48679.75,60,30,2256930
BANKNIFTY-I.NFO,25/02/2025,09:30:20,48680.55,48669.65,30,48680.75,30,30,2256930
BANKNIFTY-I.NFO,25/02/2025,09:30:21,48669.65,48667.75,60,48679.9,30,60,2256930
BANKNIFTY-I.NFO,25/02/2025,09:30:23,48673.45,48672.75,30,48682.85,150,150,2256930
BANKNIFTY-I.NFO,25/02/2025,09:30:25,48673.45,48673.45,60,48679.6,240,0,2256930
BANKNIFTY-I.NFO,25/02/2025,09:30:26,48673.45,48673.45,60,48680,150,60,2256930
BANKNIFTY-I.NFO,25/02/2025,09:30:28,48680,48673.4,60,48680,60,150,2256930
BANKNIFTY-I.NFO,25/02/2025,09:30:30,48680,48673.4,90,48679.7,210,30,2256930
BANKNIFTY-I.NFO,25/02/2025,09:30:31,48673.4,48673.45,60,48681.15,240,90,2256930
BANKNIFTY-I.NFO,25/02/2025,09:30:33,48673.4,48681.15,60,48683.3,30,0,2256930
BANKNIFTY-I.NFO,25/02/2025,09:30:35,48683.3,48681.15,30,48682.1,60,60,2256930
BANKNIFTY-I.NFO,25/02/2025,09:30:36,48681.15,48673.4,90,48684.65,210,30,2256930
BANKNIFTY-I.NFO,25/02/2025,09:30:38,48681.15,48673.4,90,48680,30,0,2256930
BANKNIFTY-I.NFO,25/02/2025,09:30:41,48680,48673.4,60,48680.85,30,60,2256090
BANKNIFTY-I.NFO,25/02/2025,09:30:43,48680,48674.95,90,48681.15,30,0,2256090
BANKNIFTY-I.NFO,25/02/2025,09:30:45,48680,48673.4,60,48681.15,30,60,2256090
BANKNIFTY-I.NFO,25/02/2025,09:30:46,48681.15,48673.4,90,48682.7,150,30,2256090
BANKNIFTY-I.NFO,25/02/2025,09:30:48,48681.15,48673.4,90,48685,60,0,2256090
BANKNIFTY-I.NFO,25/02/2025,09:30:50,48681,48673.4,30,48686.45,120,180,2256090
BANKNIFTY-I.NFO,25/02/2025,09:30:51,48680.55,48681.1,30,48681.15,30,210,2256090
BANKNIFTY-I.NFO,25/02/2025,09:30:53,48680.55,48679.4,30,48681.15,30,0,2256090
BANKNIFTY-I.NFO,25/02/2025,09:30:55,48680.55,48679.45,30,48681.15,30,0,2256090
BANKNIFTY-I.NFO,25/02/2025,09:30:56,48681.15,48683.1,30,48685.6,30,60,2256090
BANKNIFTY-I.NFO,25/02/2025,09:30:58,48683.1,48683.1,30,48687.2,60,90,2256090
BANKNIFTY-I.NFO,25/02/2025,09:31:00,48683.1,48683.1,30,48685.2,330,30,2256090
BANKNIFTY-I.NFO,25/02/2025,09:31:01,48675.65,48675.75,60,48685.5,30,240,2256090
BANKNIFTY-I.NFO,25/02/2025,09:31:03,48675.65,48687.8,30,48690,90,0,2256090
BANKNIFTY-I.NFO,25/02/2025,09:31:05,48680.7,48686.35,30,48690,60,120,2256090
BANKNIFTY-I.NFO,25/02/2025,09:31:06,48690,48686.35,30,48691.4,30,30,2256090
BANKNIFTY-I.NFO,25/02/2025,09:31:08,48675.9,48683.5,30,48689.35,60,120,2256090
BANKNIFTY-I.NFO,25/02/2025,09:31:10,48685.25,48690.15,30,48696.1,60,30,2256090
BANKNIFTY-I.NFO,25/02/2025,09:31:11,48685.25,48690.2,30,48696.1,60,0,2256090
BANKNIFTY-I.NFO,25/02/2025,09:31:13,48688.75,48685,90,48696.1,60,30,2256090
BANKNIFTY-I.NFO,25/02/2025,09:31:15,48695.25,48680.6,90,48693.25,30,120,2256090
BANKNIFTY-I.NFO,25/02/2025,09:31:16,48692.4,48680.75,120,48695.15,30,240,2256090
BANKNIFTY-I.NFO,25/02/2025,09:31:18,48692.4,48681.7,180,48695,30,0,2256090
BANKNIFTY-I.NFO,25/02/2025,09:31:20,48692.4,48683.8,120,48695,30,0,2256090
BANKNIFTY-I.NFO,25/02/2025,09:31:21,48692.4,48684.15,210,48695,30,0,2256090
BANKNIFTY-I.NFO,25/02/2025,09:31:23,48695,48685.95,150,48699.95,30,30,2256090
BANKNIFTY-I.NFO,25/02/2025,09:31:25,48684.9,48686.2,180,48699.9,120,660,2256090
BANKNIFTY-I.NFO,25/02/2025,09:31:26,48684.9,48690.05,90,48698.9,30,0,2256090
BANKNIFTY-I.NFO,25/02/2025,09:31:28,48692,48690,30,48698.95,30,60,2256090
BANKNIFTY-I.NFO,25/02/2025,09:31:30,48692,48690,30,48695.75,30,0,2256090
BANKNIFTY-I.NFO,25/02/2025,09:31:31,48694.7,48694.4,30,48696.95,150,60,2256090
BANKNIFTY-I.NFO,25/02/2025,09:31:33,48694.7,48694.4,30,48698.9,30,0,2256090
BANKNIFTY-I.NFO,25/02/2025,09:31:36,48700,48698.85,30,48700,150,60,2256090
BANKNIFTY-I.NFO,25/02/2025,09:31:38,48700,48695,30,48700,120,30,2256090
BANKNIFTY-I.NFO,25/02/2025,09:31:40,48700,48700,30,48705,90,120,2256090
BANKNIFTY-I.NFO,25/02/2025,09:31:41,48700,48700.05,30,48705,90,30,2256090
BANKNIFTY-I.NFO,25/02/2025,09:31:43,48705,48704.95,30,48705,60,30,2256090
BANKNIFTY-I.NFO,25/02/2025,09:31:45,48705,48704.95,30,48710,300,90,2256090
BANKNIFTY-I.NFO,25/02/2025,09:31:46,48705.6,48712.35,30,48720,30,870,2256090
BANKNIFTY-I.NFO,25/02/2025,09:31:48,48720,48720,30,48725,210,90,2256090
BANKNIFTY-I.NFO,25/02/2025,09:31:50,48720,48712.3,30,48722.2,150,240,2256090
BANKNIFTY-I.NFO,25/02/2025,09:31:51,48721.6,48712.3,30,48721.65,30,60,2256090
BANKNIFTY-I.NFO,25/02/2025,09:31:53,48721.6,48712.35,30,48724.75,120,0,2256090
BANKNIFTY-I.NFO,25/02/2025,09:31:55,48722.3,48712.3,30,48720.95,300,150,2256090
BANKNIFTY-I.NFO,25/02/2025,09:31:56,48718.25,48717.3,30,48718.35,60,120,2256090
BANKNIFTY-I.NFO,25/02/2025,09:31:58,48718.25,48717.3,30,48720,60,0,2256090
BANKNIFTY-I.NFO,25/02/2025,09:32:00,48720,48717.3,30,48723.4,60,60,2256090
BANKNIFTY-I.NFO,25/02/2025,09:32:01,48712,48715.35,30,48720.75,60,90,2256090
BANKNIFTY-I.NFO,25/02/2025,09:32:03,48720.2,48717.15,30,48719.5,90,30,2256090
BANKNIFTY-I.NFO,25/02/2025,09:32:05,48717.2,48712.3,30,48715.2,60,90,2256090
BANKNIFTY-I.NFO,25/02/2025,09:32:06,48715,48712.3,30,48714.75,180,780,2256090
BANKNIFTY-I.NFO,25/02/2025,09:32:08,48714.4,48712.3,30,48714.75,30,240,2256090
BANKNIFTY-I.NFO,25/02/2025,09:32:10,48710.75,48706.35,30,48710.8,30,390,2256090
BANKNIFTY-I.NFO,25/02/2025,09:32:11,48710.75,48709.6,30,48713.95,30,0,2256090
BANKNIFTY-I.NFO,25/02/2025,09:32:13,48710.7,48706.35,30,48710.15,60,120,2256090
BANKNIFTY-I.NFO,25/02/2025,09:32:15,48706.4,48701.5,30,48707.5,30,90,2256090
BANKNIFTY-I.NFO,25/02/2025,09:32:16,48706.15,48700,30,48707.1,30,60,2256090
BANKNIFTY-I.NFO,25/02/2025,09:32:18,48706.15,48700,30,48704.55,150,0,2256090
BANKNIFTY-I.NFO,25/02/2025,09:32:20,48705.15,48704.55,30,48707.05,30,300,2256090
BANKNIFTY-I.NFO,25/02/2025,09:32:21,48705.15,48704.55,30,48708.4,30,0,2256090
BANKNIFTY-I.NFO,25/02/2025,09:32:23,48705.15,48705.85,30,48706.5,30,0,2256090
BANKNIFTY-I.NFO,25/02/2025,09:32:25,48707,48706.5,30,48707,120,240,2256090
BANKNIFTY-I.NFO,25/02/2025,09:32:26,48713.45,48700.65,120,48713.6,90,210,2256090
BANKNIFTY-I.NFO,25/02/2025,09:32:28,48713.45,48704.4,60,48716.8,30,0,2256090
BANKNIFTY-I.NFO,25/02/2025,09:32:30,48713.45,48713.2,150,48726.95,30,0,2256090
BANKNIFTY-I.NFO,25/02/2025,09:32:31,48727.8,48719.3,150,48729.95,30,480,2256090
BANKNIFTY-I.NFO,25/02/2025,09:32:33,48727.8,48729.9,30,48729.95,30,0,2256090
BANKNIFTY-I.NFO,25/02/2025,09:32:35,48729.9,48719.9,90,48729.85,30,60,2256090
BANKNIFTY-I.NFO,25/02/2025,09:32:36,48729.9,48715.4,30,48726.4,60,0,2256090
BANKNIFTY-I.NFO,25/02/2025,09:32:38,48725.6,48713.45,30,48718.6,30,90,2256090
BANKNIFTY-I.NFO,25/02/2025,09:32:40,48712.35,48707.5,30,48712.9,60,60,2256090
BANKNIFTY-I.NFO,25/02/2025,09:32:41,48707,48706.95,30,48710,180,30,2256090
BANKNIFTY-I.NFO,25/02/2025,09:32:43,48706.25,48701.75,30,48707.8,30,960,2256090
BANKNIFTY-I.NFO,25/02/2025,09:32:45,48712.9,48702.4,30,48709.5,60,30,2256090
BANKNIFTY-I.NFO,25/02/2025,09:32:46,48712.9,48701.8,30,48708.2,30,0,2256090
BANKNIFTY-I.NFO,25/02/2025,09:32:48,48712.9,48701.8,30,48707.65,30,0,2256090
BANKNIFTY-I.NFO,25/02/2025,09:32:50,48706.7,48701.8,30,48707.85,60,180,2256090
BANKNIFTY-I.NFO,25/02/2025,09:32:51,48706.7,48701.5,30,48705.95,30,0,2256090
BANKNIFTY-I.NFO,25/02/2025,09:32:53,48701.5,48701.5,30,48711.05,60,300,2256090
BANKNIFTY-I.NFO,25/02/2025,09:32:55,48701.5,48701.55,150,48712.4,30,30,2256090
BANKNIFTY-I.NFO,25/02/2025,09:32:56,48701.5,48706.5,60,48717.35,210,0,2256090
BANKNIFTY-I.NFO,25/02/2025,09:32:58,48717.35,48707.8,90,48717.8,150,30,2256090
BANKNIFTY-I.NFO,25/02/2025,09:33:00,48717.35,48707.8,90,48717.35,30,0,2256090
BANKNIFTY-I.NFO,25/02/2025,09:33:01,48722.95,48722.45,30,48723.1,150,60,2256090
BANKNIFTY-I.NFO,25/02/2025,09:33:03,48717.35,48717.4,60,48724.95,150,90,2256090
BANKNIFTY-I.NFO,25/02/2025,09:33:05,48717.35,48717.4,60,48724.7,180,30,2256090
BANKNIFTY-I.NFO,25/02/2025,09:33:06,48718.4,48717.35,60,48717.95,150,90,2256090
BANKNIFTY-I.NFO,25/02/2025,09:33:08,48716.4,48707.2,90,48716.3,30,270,2256090
BANKNIFTY-I.NFO,25/02/2025,09:33:09,48716.4,48707.45,90,48718.2,60,0,2256090
BANKNIFTY-I.NFO,25/02/2025,09:33:11,48719.95,48716.3,300,48720.95,30,30,2256090
BANKNIFTY-I.NFO,25/02/2025,09:33:13,48722.6,48716.35,60,48723,90,30,2256090
BANKNIFTY-I.NFO,25/02/2025,09:33:14,48725.35,48717.3,60,48725.3,180,150,2256090
BANKNIFTY-I.NFO,25/02/2025,09:33:16,48725.35,48716.35,60,48725,30,30,2256090
BANKNIFTY-I.NFO,25/02/2025,09:33:18,48725,48716.95,60,48725.55,150,30,2256090
BANKNIFTY-I.NFO,25/02/2025,09:33:19,48726.1,48718.25,90,48728.3,90,90,2256090
BANKNIFTY-I.NFO,25/02/2025,09:33:21,48726.45,48725,30,48725.35,30,360,2256090
BANKNIFTY-I.NFO,25/02/2025,09:33:23,48726.45,48725,30,48727.15,150,0,2256090
BANKNIFTY-I.NFO,25/02/2025,09:33:24,48720.25,48717.8,30,48720.85,30,270,2256090
BANKNIFTY-I.NFO,25/02/2025,09:33:26,48720.25,48716.65,30,48724.4,150,30,2256090
BANKNIFTY-I.NFO,25/02/2025,09:33:28,48720.25,48716.65,30,48723,150,0,2256090
BANKNIFTY-I.NFO,25/02/2025,09:33:29,48726.2,48720.25,30,48723.95,30,30,2256090
BANKNIFTY-I.NFO,25/02/2025,09:33:31,48720.25,48716.65,30,48725.1,30,180,2256090
BANKNIFTY-I.NFO,25/02/2025,09:33:33,48720.25,48720.7,90,48731.8,150,0,2256090
BANKNIFTY-I.NFO,25/02/2025,09:33:34,48724.1,48724.45,90,48734.45,30,60,2256090
BANKNIFTY-I.NFO,25/02/2025,09:33:36,48739.2,48734.45,30,48739.65,30,480,2256090
BANKNIFTY-I.NFO,25/02/2025,09:33:38,48726.5,48726.45,90,48736.05,30,60,2256090
BANKNIFTY-I.NFO,25/02/2025,09:33:39,48726.5,48723.4,90,48733.6,60,0,2256090
BANKNIFTY-I.NFO,25/02/2025,09:33:41,48726.5,48720.25,90,48730.65,30,60,2255160
BANKNIFTY-I.NFO,25/02/2025,09:33:43,48730.65,48722.2,90,48730.15,180,30,2255160
BANKNIFTY-I.NFO,25/02/2025,09:33:44,48729.55,48721.9,90,48729.7,150,60,2255160
BANKNIFTY-I.NFO,25/02/2025,09:33:46,48731.8,48723.4,90,48734.3,120,180,2255160
BANKNIFTY-I.NFO,25/02/2025,09:33:48,48729.4,48722.05,30,48729.6,30,30,2255160
BANKNIFTY-I.NFO,25/02/2025,09:33:49,48727.6,48719.4,30,48726.1,30,60,2255160
BANKNIFTY-I.NFO,25/02/2025,09:33:51,48727.2,48726.1,30,48728.65,30,270,2255160
BANKNIFTY-I.NFO,25/02/2025,09:33:53,48727.2,48726.1,30,48728.65,30,0,2255160
BANKNIFTY-I.NFO,25/02/2025,09:33:54,48728.65,48727.5,30,48734.75,210,30,2255160
BANKNIFTY-I.NFO,25/02/2025,09:33:56,48718.05,48720.4,90,48730,60,360,2255160
BANKNIFTY-I.NFO,25/02/2025,09:33:58,48718.05,48721.1,90,48730,90,30,2255160
BANKNIFTY-I.NFO,25/02/2025,09:33:59,48730,48727.5,30,48730,60,240,2255160
BANKNIFTY-I.NFO,25/02/2025,09:34:01,48730,48724.85,30,48729.7,30,60,2255160
BANKNIFTY-I.NFO,25/02/2025,09:34:03,48720,48720.05,90,48731.2,60,90,2255160
BANKNIFTY-I.NFO,25/02/2025,09:34:04,48724.1,48725.1,30,48729.8,30,60,2255160
BANKNIFTY-I.NFO,25/02/2025,09:34:06,48727.2,48725.1,30,48726.35,60,90,2255160
BANKNIFTY-I.NFO,25/02/2025,09:34:08,48728.65,48725.1,30,48727.7,30,150,2255160
BANKNIFTY-I.NFO,25/02/2025,09:34:09,48728.65,48725.1,30,48729.9,60,0,2255160
BANKNIFTY-I.NFO,25/02/2025,09:34:11,48725.1,48720,60,48725.1,30,30,2255160
BANKNIFTY-I.NFO,25/02/2025,09:34:13,48730.95,48727.7,30,48731.85,150,1080,2255160
BANKNIFTY-I.NFO,25/02/2025,09:34:14,48730.95,48727.75,30,48732.1,30,0,2255160
BANKNIFTY-I.NFO,25/02/2025,09:34:16,48724.8,48720,60,48724.7,150,90,2255160
BANKNIFTY-I.NFO,25/02/2025,09:34:18,48724.4,48720,60,48723.95,60,30,2255160
BANKNIFTY-I.NFO,25/02/2025,09:34:19,48724.8,48720,60,48727.15,90,120,2255160
BANKNIFTY-I.NFO,25/02/2025,09:34:21,48720,48720,30,48723.75,30,30,2255160
BANKNIFTY-I.NFO,25/02/2025,09:34:23,48721.55,48720,30,48721.7,30,30,2255160
BANKNIFTY-I.NFO,25/02/2025,09:34:24,48722.5,48720,30,48722.1,150,210,2255160
BANKNIFTY-I.NFO,25/02/2025,09:34:26,48720,48715,180,48721.4,90,930,2255160
BANKNIFTY-I.NFO,25/02/2025,09:34:28,48720,48715,180,48720,90,0,2255160
BANKNIFTY-I.NFO,25/02/2025,09:34:29,48720,48724.95,30,48727.1,30,90,2255160
BANKNIFTY-I.NFO,25/02/2025,09:34:31,48724.95,48717.75,60,48724.8,150,30,2255160
BANKNIFTY-I.NFO,25/02/2025,09:34:33,48718.9,48718.85,90,48727.9,30,30,2255160
BANKNIFTY-I.NFO,25/02/2025,09:34:34,48720,48724.95,30,48729.15,30,30,2255160
BANKNIFTY-I.NFO,25/02/2025,09:34:36,48720,48725.3,60,48733.8,90,0,2255160
BANKNIFTY-I.NFO,25/02/2025,09:34:38,48720,48731.25,90,48739,30,0,2255160
BANKNIFTY-I.NFO,25/02/2025,09:34:39,48740,48733.85,90,48740,30,60,2255160
BANKNIFTY-I.NFO,25/02/2025,09:34:41,48728.25,48728.85,90,48738.35,60,900,2255160
BANKNIFTY-I.NFO,25/02/2025,09:34:43,48746.85,48741.05,30,48746.95,60,60,2255160
BANKNIFTY-I.NFO,25/02/2025,09:34:44,48746.9,48741.05,30,48745.7,60,60,2255160
BANKNIFTY-I.NFO,25/02/2025,09:34:46,48746.9,48741.6,60,48744.75,30,0,2255160
BANKNIFTY-I.NFO,25/02/2025,09:34:48,48741.6,48741.6,30,48743.35,300,60,2255160
BANKNIFTY-I.NFO,25/02/2025,09:34:49,48735.35,48732.15,120,48744.75,30,360,2255160
BANKNIFTY-I.NFO,25/02/2025,09:34:51,48739.3,48730.05,150,48739.65,30,60,2255160
BANKNIFTY-I.NFO,25/02/2025,09:34:53,48737.65,48730,300,48736.2,150,30,2255160
BANKNIFTY-I.NFO,25/02/2025,09:34:54,48735.4,48730.4,90,48739.15,150,60,2255160
BANKNIFTY-I.NFO,25/02/2025,09:34:56,48739.15,48732.45,90,48741,300,60,2255160
BANKNIFTY-I.NFO,25/02/2025,09:34:58,48739.15,48730,300,48733.45,30,0,2255160
BANKNIFTY-I.NFO,25/02/2025,09:34:59,48739.15,48730,300,48736,60,0,2255160
BANKNIFTY-I.NFO,25/02/2025,09:35:01,48735.2,48730,300,48735.5,30,90,2255160
BANKNIFTY-I.NFO,25/02/2025,09:35:03,48730.05,48730,270,48732.7,30,120,2255160
BANKNIFTY-I.NFO,25/02/2025,09:35:04,48730,48730,210,48735.65,30,60,2255160
BANKNIFTY-I.NFO,25/02/2025,09:35:06,48735.15,48730.05,60,48738.6,60,180,2255160
BANKNIFTY-I.NFO,25/02/2025,09:35:08,48737.45,48730.45,90,48738.85,30,30,2255160
BANKNIFTY-I.NFO,25/02/2025,09:35:09,48733.9,48730,480,48732.05,330,30,2255160
BANKNIFTY-I.NFO,25/02/2025,09:35:11,48731.9,48730,480,48733.9,150,150,2255160
BANKNIFTY-I.NFO,25/02/2025,09:35:13,48731.9,48730,480,48735.55,30,0,2255160
BANKNIFTY-I.NFO,25/02/2025,09:35:14,48731.9,48730,480,48734.8,150,0,2255160
BANKNIFTY-I.NFO,25/02/2025,09:35:16,48735.1,48725.2,90,48733.8,30,690,2255160
BANKNIFTY-I.NFO,25/02/2025,09:35:18,48731.4,48722.15,90,48729.25,60,570,2255160
BANKNIFTY-I.NFO,25/02/2025,09:35:19,48731.4,48721.05,90,48725,30,0,2255160
BANKNIFTY-I.NFO,25/02/2025,09:35:21,48727.65,48721.05,90,48727.55,60,60,2255160
BANKNIFTY-I.NFO,25/02/2025,09:35:23,48720.15,48720.6,90,48727.35,150,30,2255160
BANKNIFTY-I.NFO,25/02/2025,09:35:24,48720.35,48721.2,90,48731.15,180,90,2255160
BANKNIFTY-I.NFO,25/02/2025,09:35:26,48730.95,48724.15,90,48733.75,30,150,2255160
BANKNIFTY-I.NFO,25/02/2025,09:35:28,48730.95,48731.4,60,48733.2,30,0,2255160
BANKNIFTY-I.NFO,25/02/2025,09:35:29,48731.4,48731.4,30,48735.6,30,30,2255160
BANKNIFTY-I.NFO,25/02/2025,09:35:31,48731.4,48731.4,30,48736.35,90,0,2255160
BANKNIFTY-I.NFO,25/02/2025,09:35:33,48731.4,48732.15,90,48736.35,90,0,2255160
BANKNIFTY-I.NFO,25/02/2025,09:35:34,48744.75,48740.3,90,48746.85,30,150,2255160
BANKNIFTY-I.NFO,25/02/2025,09:35:36,48746.85,48742.3,90,48747.8,60,30,2255160
BANKNIFTY-I.NFO,25/02/2025,09:35:38,48756,48751.15,30,48755.95,30,750,2255160
BANKNIFTY-I.NFO,25/02/2025,09:35:39,48749.2,48749.2,30,48755.8,30,330,2255160
BANKNIFTY-I.NFO,25/02/2025,09:35:41,48749.2,48745.15,30,48750.7,60,0,2255160
BANKNIFTY-I.NFO,25/02/2025,09:35:43,48749.2,48745.05,30,48747.85,60,0,2255160
BANKNIFTY-I.NFO,25/02/2025,09:35:44,48745.05,48745.2,90,48751.45,60,330,2255160
BANKNIFTY-I.NFO,25/02/2025,09:35:46,48754.45,48745.35,90,48751.85,30,90,2255160
BANKNIFTY-I.NFO,25/02/2025,09:35:48,48754.45,48745.5,60,48756.35,30,0,2255160
BANKNIFTY-I.NFO,25/02/2025,09:35:49,48757,48750.7,60,48759.2,150,30,2255160
BANKNIFTY-I.NFO,25/02/2025,09:35:51,48755.6,48745.2,30,48747.5,30,60,2255160
BANKNIFTY-I.NFO,25/02/2025,09:35:53,48747.5,48745.25,150,48754.55,60,30,2255160
BANKNIFTY-I.NFO,25/02/2025,09:35:54,48754.3,48748.7,30,48752.4,30,60,2255160
BANKNIFTY-I.NFO,25/02/2025,09:35:56,48754.3,48748.7,30,48751.25,30,0,2255160
BANKNIFTY-I.NFO,25/02/2025,09:35:58,48750.9,48748.7,30,48755.1,60,30,2255160
BANKNIFTY-I.NFO,25/02/2025,09:35:59,48751.15,48748.7,30,48751.55,150,270,2255160
BANKNIFTY-I.NFO,25/02/2025,09:36:01,48753.65,48748.7,30,48752.25,30,180,2255160
BANKNIFTY-I.NFO,25/02/2025,09:36:03,48745.2,48745.1,30,48749.05,30,210,2255160
BANKNIFTY-I.NFO,25/02/2025,09:36:04,48749.2,48742,30,48748.1,30,90,2255160
BANKNIFTY-I.NFO,25/02/2025,09:36:06,48742,48740.05,30,48742,840,240,2255160
BANKNIFTY-I.NFO,25/02/2025,09:36:07,48735.1,48735.05,90,48742,840,90,2255160
BANKNIFTY-I.NFO,25/02/2025,09:36:09,48735.1,48739.6,90,48749,30,0,2255160
BANKNIFTY-I.NFO,25/02/2025,09:36:11,48735.9,48735.05,90,48745.95,30,870,2255160
BANKNIFTY-I.NFO,25/02/2025,09:36:12,48747.1,48740.2,30,48747.8,30,30,2255160
BANKNIFTY-I.NFO,25/02/2025,09:36:14,48752.2,48740.95,90,48751.5,60,300,2255160
BANKNIFTY-I.NFO,25/02/2025,09:36:16,48749.85,48740.2,30,48744.45,30,30,2255160
BANKNIFTY-I.NFO,25/02/2025,09:36:17,48741.3,48735,120,48741.65,30,120,2255160
BANKNIFTY-I.NFO,25/02/2025,09:36:19,48742.9,48740,120,48742.5,60,2070,2255160
BANKNIFTY-I.NFO,25/02/2025,09:36:21,48742.9,48740,120,48746.1,210,30,2255160
BANKNIFTY-I.NFO,25/02/2025,09:36:22,48746.35,48740,120,48746.3,30,90,2255160
BANKNIFTY-I.NFO,25/02/2025,09:36:24,48746.35,48741.3,60,48747.45,30,0,2255160
BANKNIFTY-I.NFO,25/02/2025,09:36:26,48744.7,48741.3,60,48744.75,30,30,2255160
BANKNIFTY-I.NFO,25/02/2025,09:36:28,48741.85,48741.3,30,48745,150,60,2255160
BANKNIFTY-I.NFO,25/02/2025,09:36:29,48745,48744.7,30,48745,60,90,2255160
BANKNIFTY-I.NFO,25/02/2025,09:36:31,48745,48744.7,30,48745,60,0,2255160
BANKNIFTY-I.NFO,25/02/2025,09:36:33,48747.65,48745,30,48750.5,30,90,2255160
BANKNIFTY-I.NFO,25/02/2025,09:36:34,48745,48744.7,30,48749.65,90,90,2255160
BANKNIFTY-I.NFO,25/02/2025,09:36:36,48745.3,48741.3,30,48744.7,30,60,2255160
BANKNIFTY-I.NFO,25/02/2025,09:36:38,48745.3,48741.3,30,48745.7,90,0,2255160
BANKNIFTY-I.NFO,25/02/2025,09:36:39,48741.3,48740,150,48744.75,90,30,2255160
BANKNIFTY-I.NFO,25/02/2025,09:36:41,48744.4,48740,150,48744.95,30,90,2248500
BANKNIFTY-I.NFO,25/02/2025,09:36:43,48740,48740,120,48745.55,30,60,2248500
BANKNIFTY-I.NFO,25/02/2025,09:36:44,48740,48740,120,48745.55,30,0,2248500
BANKNIFTY-I.NFO,25/02/2025,09:36:46,48740,48740,120,48744.85,330,0,2248500
BANKNIFTY-I.NFO,25/02/2025,09:36:48,48740,48740,120,48745.55,30,0,2248500
BANKNIFTY-I.NFO,25/02/2025,09:36:49,48736.9,48733.95,60,48740,90,150,2248500
BANKNIFTY-I.NFO,25/02/2025,09:36:51,48736.9,48731.65,90,48739.6,90,0,2248500
BANKNIFTY-I.NFO,25/02/2025,09:36:53,48731.25,48731.2,60,48739.55,90,150,2248500
BANKNIFTY-I.NFO,25/02/2025,09:36:54,48740,48732.45,90,48740,60,30,2248500
BANKNIFTY-I.NFO,25/02/2025,09:36:56,48740,48730.1,150,48740,60,0,2248500
BANKNIFTY-I.NFO,25/02/2025,09:36:58,48740,48732.6,90,48740,60,30,2248500
BANKNIFTY-I.NFO,25/02/2025,09:36:59,48740,48732.6,90,48740,60,0,2248500
BANKNIFTY-I.NFO,25/02/2025,09:37:01,48740,48732.65,60,48740,30,30,2248500
BANKNIFTY-I.NFO,25/02/2025,09:37:03,48740,48733.5,180,48740,30,0,2248500
BANKNIFTY-I.NFO,25/02/2025,09:37:04,48749.45,48744.95,30,48749.4,60,180,2248500
BANKNIFTY-I.NFO,25/02/2025,09:37:06,48749.45,48747.2,30,48750.55,90,30,2248500
BANKNIFTY-I.NFO,25/02/2025,09:37:08,48749.45,48747.2,30,48749.6,60,0,2248500
BANKNIFTY-I.NFO,25/02/2025,09:37:09,48749.25,48747.2,30,48749,30,150,2248500
BANKNIFTY-I.NFO,25/02/2025,09:37:11,48749,48747.2,30,48749.35,30,30,2248500
BANKNIFTY-I.NFO,25/02/2025,09:37:13,48745.75,48740.15,30,48746.35,30,210,2248500
BANKNIFTY-I.NFO,25/02/2025,09:37:14,48745.75,48740.6,90,48750.4,30,0,2248500
BANKNIFTY-I.NFO,25/02/2025,09:37:16,48750.15,48741.1,90,48749.25,30,60,2248500
BANKNIFTY-I.NFO,25/02/2025,09:37:18,48750.15,48742.4,30,48754.55,30,0,2248500
BANKNIFTY-I.NFO,25/02/2025,09:37:19,48749.85,48743.25,90,48749.9,30,30,2248500
BANKNIFTY-I.NFO,25/02/2025,09:37:21,48748.9,48742.45,30,48746,30,390,2248500
BANKNIFTY-I.NFO,25/02/2025,09:37:23,48744.15,48740.05,90,48746.25,30,300,2248500
BANKNIFTY-I.NFO,25/02/2025,09:37:24,48744.15,48740.4,150,48747.85,30,30,2248500
BANKNIFTY-I.NFO,25/02/2025,09:37:26,48750.15,48741.1,240,48751.4,60,150,2248500
BANKNIFTY-I.NFO,25/02/2025,09:37:28,48750.15,48743.25,90,48749.45,60,0,2248500
BANKNIFTY-I.NFO,25/02/2025,09:37:29,48747.75,48747.75,30,48749.45,60,30,2248500
BANKNIFTY-I.NFO,25/02/2025,09:37:31,48749.45,48749.5,30,48751.4,60,90,2248500
BANKNIFTY-I.NFO,25/02/2025,09:37:33,48749.5,48749.45,90,48750.3,150,30,2248500
BANKNIFTY-I.NFO,25/02/2025,09:37:34,48749.45,48748.9,30,48749.95,30,90,2248500
BANKNIFTY-I.NFO,25/02/2025,09:37:36,48748.9,48740.15,180,48747.65,60,60,2248500
BANKNIFTY-I.NFO,25/02/2025,09:37:38,48744.15,48740.05,30,48743.1,30,360,2248500
BANKNIFTY-I.NFO,25/02/2025,09:37:39,48743.2,48740,30,48743.5,30,300,2248500
BANKNIFTY-I.NFO,25/02/2025,09:37:41,48744,48740,30,48743.9,90,270,2248500
BANKNIFTY-I.NFO,25/02/2025,09:37:42,48740,48740.1,30,48743.2,30,330,2248500
BANKNIFTY-I.NFO,25/02/2025,09:37:44,48750,48742.5,180,48751.25,30,60,2248500
BANKNIFTY-I.NFO,25/02/2025,09:37:46,48750,48746.05,30,48747,30,0,2248500
BANKNIFTY-I.NFO,25/02/2025,09:37:47,48747.95,48746.05,30,48747.35,60,30,2248500
BANKNIFTY-I.NFO,25/02/2025,09:37:49,48746,48740,30,48746.3,30,870,2248500
BANKNIFTY-I.NFO,25/02/2025,09:37:51,48748.55,48742.35,30,48747.95,30,390,2248500
BANKNIFTY-I.NFO,25/02/2025,09:37:52,48745.8,48742.35,30,48747.45,60,60,2248500
BANKNIFTY-I.NFO,25/02/2025,09:37:54,48742.35,48740,30,48742.35,300,30,2248500
BANKNIFTY-I.NFO,25/02/2025,09:37:56,48742.35,48740.05,30,48742.35,180,120,2248500
BANKNIFTY-I.NFO,25/02/2025,09:37:57,48742.35,48740.1,30,48742.35,120,870,2248500
BANKNIFTY-I.NFO,25/02/2025,09:37:59,48742.35,48740.2,60,48742.35,90,30,2248500
BANKNIFTY-I.NFO,25/02/2025,09:38:01,48742.35,48744,90,48748.55,30,90,2248500
BANKNIFTY-I.NFO,25/02/2025,09:38:02,48753,48750.45,150,48755,30,240,2248500
BANKNIFTY-I.NFO,25/02/2025,09:38:04,48757.15,48750.6,150,48755.3,30,240,2248500
BANKNIFTY-I.NFO,25/02/2025,09:38:06,48750.6,48750.1,90,48753.3,30,30,2248500
BANKNIFTY-I.NFO,25/02/2025,09:38:07,48750.15,48750,60,48750.7,30,120,2248500
BANKNIFTY-I.NFO,25/02/2025,09:38:09,48753.05,48750,90,48753.15,30,240,2248500
BANKNIFTY-I.NFO,25/02/2025,09:38:11,48751.75,48752,90,48758.75,60,120,2248500
BANKNIFTY-I.NFO,25/02/2025,09:38:12,48750.05,48750.05,120,48759,30,180,2248500
BANKNIFTY-I.NFO,25/02/2025,09:38:14,48751,48750.1,30,48757.05,30,30,2248500
BANKNIFTY-I.NFO,25/02/2025,09:38:16,48744.4,48742.5,90,48750.15,60,300,2248500
BANKNIFTY-I.NFO,25/02/2025,09:38:17,48750.15,48744.5,150,48751.7,30,240,2248500
BANKNIFTY-I.NFO,25/02/2025,09:38:19,48750.2,48750.2,90,48755.05,30,150,2248500
BANKNIFTY-I.NFO,25/02/2025,09:38:21,48752.1,48750,210,48755.2,60,120,2248500
BANKNIFTY-I.NFO,25/02/2025,09:38:22,48755.45,48755.05,30,48755.3,30,180,2248500
BANKNIFTY-I.NFO,25/02/2025,09:38:24,48757.95,48750.2,90,48757.6,30,270,2248500
BANKNIFTY-I.NFO,25/02/2025,09:38:26,48751.85,48750.2,30,48757.7,60,180,2248500
BANKNIFTY-I.NFO,25/02/2025,09:38:27,48752.05,48752.1,90,48755.65,30,120,2248500
BANKNIFTY-I.NFO,25/02/2025,09:38:29,48752.4,48752.4,30,48755.95,30,90,2248500
BANKNIFTY-I.NFO,25/02/2025,09:38:31,48752.95,48750,240,48755.05,30,60,2248500
BANKNIFTY-I.NFO,25/02/2025,09:38:32,48751.6,48750,300,48754.2,60,60,2248500
BANKNIFTY-I.NFO,25/02/2025,09:38:34,48758.6,48756.7,30,48759,60,120,2248500
BANKNIFTY-I.NFO,25/02/2025,09:38:36,48756.7,48754.6,30,48760,30,390,2248500
BANKNIFTY-I.NFO,25/02/2025,09:38:37,48756.7,48756.7,30,48759.95,30,90,2248500
BANKNIFTY-I.NFO,25/02/2025,09:38:39,48754.6,48754.6,30,48758.95,30,210,2248500
BANKNIFTY-I.NFO,25/02/2025,09:38:41,48755.55,48752.05,90,48757.05,30,300,2248500
BANKNIFTY-I.NFO,25/02/2025,09:38:42,48757.55,48752.1,60,48757.75,30,150,2248500
BANKNIFTY-I.NFO,25/02/2025,09:38:44,48757.55,48752.1,60,48755.4,30,0,2248500
BANKNIFTY-I.NFO,25/02/2025,09:38:46,48752.1,48752.1,30,48756.35,90,180,2248500
BANKNIFTY-I.NFO,25/02/2025,09:38:47,48756.25,48752.1,30,48759.9,30,30,2248500
BANKNIFTY-I.NFO,25/02/2025,09:38:49,48752.05,48752.1,30,48759.9,30,60,2248500
BANKNIFTY-I.NFO,25/02/2025,09:38:51,48752.1,48752.1,60,48756.3,30,30,2248500
BANKNIFTY-I.NFO,25/02/2025,09:38:52,48756.3,48753,30,48759.9,30,30,2248500
BANKNIFTY-I.NFO,25/02/2025,09:38:54,48756.3,48752.65,60,48759.9,30,0,2248500
BANKNIFTY-I.NFO,25/02/2025,09:38:56,48759.9,48752.1,90,48760,60,30,2248500
BANKNIFTY-I.NFO,25/02/2025,09:38:57,48760,48754.95,30,48759.9,300,60,2248500
BANKNIFTY-I.NFO,25/02/2025,09:38:59,48760,48754.95,30,48759.9,300,0,2248500
BANKNIFTY-I.NFO,25/02/2025,09:39:01,48759.9,48755.2,30,48759.9,270,30,2248500
BANKNIFTY-I.NFO,25/02/2025,09:39:02,48759.9,48756.1,30,48759.9,240,30,2248500
BANKNIFTY-I.NFO,25/02/2025,09:39:04,48759.9,48756.1,30,48760,120,240,2248500
BANKNIFTY-I.NFO,25/02/2025,09:39:06,48765,48765,60,48768,30,510,2248500
BANKNIFTY-I.NFO,25/02/2025,09:39:07,48768,48767.05,30,48769,90,30,2248500
BANKNIFTY-I.NFO,25/02/2025,09:39:09,48769,48767.1,60,48769,30,60,2248500
BANKNIFTY-I.NFO,25/02/2025,09:39:11,48778.75,48767.1,30,48771.6,60,390,2248500
BANKNIFTY-I.NFO,25/02/2025,09:39:12,48778.75,48767.1,30,48771.6,60,0,2248500
BANKNIFTY-I.NFO,25/02/2025,09:39:14,48785,48775.25,30,48779.95,30,360,2248500
BANKNIFTY-I.NFO,25/02/2025,09:39:16,48779.95,48775.45,90,48788.25,30,30,2248500
BANKNIFTY-I.NFO,25/02/2025,09:39:17,48786,48780,30,48785.65,30,480,2248500
BANKNIFTY-I.NFO,25/02/2025,09:39:19,48790,48780.15,30,48788,30,150,2248500
BANKNIFTY-I.NFO,25/02/2025,09:39:21,48788,48780,30,48788.45,30,30,2248500
BANKNIFTY-I.NFO,25/02/2025,09:39:22,48790,48781.85,30,48787.8,150,120,2248500
BANKNIFTY-I.NFO,25/02/2025,09:39:24,48786.35,48780,30,48788.6,30,240,2248500
BANKNIFTY-I.NFO,25/02/2025,09:39:26,48788.5,48780,30,48786.7,90,180,2248500
BANKNIFTY-I.NFO,25/02/2025,09:39:27,48787.2,48780.5,60,48789.95,30,30,2248500
BANKNIFTY-I.NFO,25/02/2025,09:39:29,48790,48780.15,30,48787.65,30,180,2248500
BANKNIFTY-I.NFO,25/02/2025,09:39:31,48781.95,48772.7,90,48783.95,30,150,2248500
BANKNIFTY-I.NFO,25/02/2025,09:39:32,48780,48776.1,90,48785.55,30,120,2248500
BANKNIFTY-I.NFO,25/02/2025,09:39:34,48787.65,48779,90,48787.9,240,30,2248500
BANKNIFTY-I.NFO,25/02/2025,09:39:36,48787.9,48787.2,60,48788,150,30,2248500
BANKNIFTY-I.NFO,25/02/2025,09:39:37,48784.8,48781.05,30,48784.65,180,120,2248500
BANKNIFTY-I.NFO,25/02/2025,09:39:39,48781.05,48781,300,48784.7,30,30,2248500
BANKNIFTY-I.NFO,25/02/2025,09:39:41,48788,48783.95,300,48788,120,60,2248500
BANKNIFTY-I.NFO,25/02/2025,09:39:42,48788,48783.95,300,48787.95,30,0,2244150
BANKNIFTY-I.NFO,25/02/2025,09:39:44,48788,48783.95,300,48788,60,120,2244150
BANKNIFTY-I.NFO,25/02/2025,09:39:46,48786,48783.95,210,48785.6,30,120,2244150
BANKNIFTY-I.NFO,25/02/2025,09:39:47,48783.95,48785,30,48788,60,150,2244150
BANKNIFTY-I.NFO,25/02/2025,09:39:49,48788,48783.95,60,48787.7,30,90,2244150
BANKNIFTY-I.NFO,25/02/2025,09:39:51,48785,48783.95,60,48785,30,30,2244150
BANKNIFTY-I.NFO,25/02/2025,09:39:52,48783.95,48782.05,30,48785.8,60,150,2244150
BANKNIFTY-I.NFO,25/02/2025,09:39:54,48784.5,48781.9,30,48786.15,30,60,2244150
BANKNIFTY-I.NFO,25/02/2025,09:39:56,48781.9,48783.1,30,48785,30,30,2244150
BANKNIFTY-I.NFO,25/02/2025,09:39:57,48785,48781.9,30,48786.1,300,60,2244150
BANKNIFTY-I.NFO,25/02/2025,09:39:59,48779,48777.05,30,48780.85,30,120,2244150
BANKNIFTY-I.NFO,25/02/2025,09:40:01,48779,48780,90,48785,30,0,2244150
BANKNIFTY-I.NFO,25/02/2025,09:40:02,48784.5,48780,30,48785,30,90,2244150
BANKNIFTY-I.NFO,25/02/2025,09:40:04,48789,48785,90,48786.75,120,210,2244150
BANKNIFTY-I.NFO,25/02/2025,09:40:06,48784.35,48781.7,30,48788.7,30,270,2244150
BANKNIFTY-I.NFO,25/02/2025,09:40:07,48785,48780,60,48786.8,210,60,2244150
BANKNIFTY-I.NFO,25/02/2025,09:40:09,48780,48780,30,48785.65,30,30,2244150
BANKNIFTY-I.NFO,25/02/2025,09:40:11,48787.85,48779.85,30,48787.8,60,390,2244150
BANKNIFTY-I.NFO,25/02/2025,09:40:12,48787.6,48779.85,30,48785.25,30,90,2244150
BANKNIFTY-I.NFO,25/02/2025,09:40:14,48786.3,48783.05,30,48786.2,90,30,2244150
BANKNIFTY-I.NFO,25/02/2025,09:40:16,48781.9,48780.45,120,48788,30,90,2244150
BANKNIFTY-I.NFO,25/02/2025,09:40:17,48788,48788,30,48790,750,30,2244150
BANKNIFTY-I.NFO,25/02/2025,09:40:19,48790,48788,30,48790,30,750,2244150
BANKNIFTY-I.NFO,25/02/2025,09:40:21,48781.05,48781.05,90,48788,30,180,2244150
BANKNIFTY-I.NFO,25/02/2025,09:40:22,48788,48782.4,90,48789.15,30,60,2244150
BANKNIFTY-I.NFO,25/02/2025,09:40:24,48787.25,48781.05,150,48785.65,300,30,2244150
BANKNIFTY-I.NFO,25/02/2025,09:40:26,48784.1,48779,30,48782.35,30,330,2244150
BANKNIFTY-I.NFO,25/02/2025,09:40:27,48784.1,48782.35,210,48785.3,30,0,2244150
BANKNIFTY-I.NFO,25/02/2025,09:40:29,48787.55,48782.1,30,48786.55,150,30,2244150
BANKNIFTY-I.NFO,25/02/2025,09:40:31,48775.05,48779.9,30,48784.6,60,390,2244150
BANKNIFTY-I.NFO,25/02/2025,09:40:32,48782.7,48775.15,90,48783.55,60,60,2244150
BANKNIFTY-I.NFO,25/02/2025,09:40:34,48784.7,48775,30,48784.7,60,210,2244150
BANKNIFTY-I.NFO,25/02/2025,09:40:36,48776.55,48779.95,30,48780,30,60,2244150
BANKNIFTY-I.NFO,25/02/2025,09:40:37,48776.55,48779.95,60,48780,30,0,2244150
BANKNIFTY-I.NFO,25/02/2025,09:40:39,48780,48779.95,30,48781,60,30,2244150
BANKNIFTY-I.NFO,25/02/2025,09:40:41,48781,48780.05,30,48784.1,30,60,2244150
BANKNIFTY-I.NFO,25/02/2025,09:40:42,48781,48780.05,30,48784.1,30,0,2244150
BANKNIFTY-I.NFO,25/02/2025,09:40:44,48784.05,48775.95,30,48781.9,60,150,2244150
BANKNIFTY-I.NFO,25/02/2025,09:40:46,48771.7,48771.05,30,48771.7,30,300,2244150
BANKNIFTY-I.NFO,25/02/2025,09:40:47,48771.7,48770,30,48771.7,30,0,2244150
BANKNIFTY-I.NFO,25/02/2025,09:40:49,48779,48772.1,90,48779.45,30,150,2244150
BANKNIFTY-I.NFO,25/02/2025,09:40:51,48774.1,48772.15,30,48779.2,30,60,2244150
BANKNIFTY-I.NFO,25/02/2025,09:40:52,48780.25,48772.15,30,48779.9,30,300,2244150
BANKNIFTY-I.NFO,25/02/2025,09:40:54,48784,48775.2,90,48784,90,30,2244150
BANKNIFTY-I.NFO,25/02/2025,09:40:56,48784,48780.85,30,48784,60,60,2244150
BANKNIFTY-I.NFO,25/02/2025,09:40:57,48784,48778.5,150,48784,30,30,2244150
BANKNIFTY-I.NFO,25/02/2025,09:40:59,48778.7,48778.8,120,48784,30,60,2244150
BANKNIFTY-I.NFO,25/02/2025,09:41:01,48788,48786.5,120,48790,60,240,2244150
BANKNIFTY-I.NFO,25/02/2025,09:41:02,48803.9,48797.45,30,48804,30,1680,2244150
BANKNIFTY-I.NFO,25/02/2025,09:41:04,48801.85,48797.45,30,48802.5,60,210,2244150
BANKNIFTY-I.NFO,25/02/2025,09:41:06,48798.3,48792,150,48798.35,30,600,2244150
BANKNIFTY-I.NFO,25/02/2025,09:41:07,48798.4,48792.1,150,48803.4,30,60,2244150
BANKNIFTY-I.NFO,25/02/2025,09:41:09,48795.05,48792.1,90,48802.65,30,30,2244150
BANKNIFTY-I.NFO,25/02/2025,09:41:11,48795.05,48795.65,120,48805,30,0,2244150
BANKNIFTY-I.NFO,25/02/2025,09:41:12,48795.05,48799.3,150,48805,30,0,2244150
BANKNIFTY-I.NFO,25/02/2025,09:41:14,48805,48805.2,30,48809.2,30,60,2244150
BANKNIFTY-I.NFO,25/02/2025,09:41:16,48807.65,48807.05,120,48816.95,30,780,2244150
BANKNIFTY-I.NFO,25/02/2025,09:41:17,48818.6,48809.15,30,48818.95,30,210,2244150
BANKNIFTY-I.NFO,25/02/2025,09:41:19,48807.2,48807.15,30,48815.8,30,60,2244150
BANKNIFTY-I.NFO,25/02/2025,09:41:21,48807.2,48807.65,30,48811.95,150,0,2244150
BANKNIFTY-I.NFO,25/02/2025,09:41:22,48807.65,48807.7,30,48812.5,240,30,2244150
BANKNIFTY-I.NFO,25/02/2025,09:41:24,48812.05,48807,30,48811.7,150,180,2244150
BANKNIFTY-I.NFO,25/02/2025,09:41:26,48812.05,48807.15,30,48815.7,150,0,2244150
BANKNIFTY-I.NFO,25/02/2025,09:41:27,48813.7,48808.9,30,48814.75,30,30,2244150
BANKNIFTY-I.NFO,25/02/2025,09:41:29,48816.6,48807,60,48814.8,150,180,2244150
BANKNIFTY-I.NFO,25/02/2025,09:41:31,48814.5,48813,720,48814.75,30,300,2244150
BANKNIFTY-I.NFO,25/02/2025,09:41:32,48816.45,48813,690,48816.1,180,210,2244150
BANKNIFTY-I.NFO,25/02/2025,09:41:34,48816.6,48813,690,48817.2,30,30,2244150
BANKNIFTY-I.NFO,25/02/2025,09:41:36,48817.2,48816.1,30,48817.35,30,30,2244150
BANKNIFTY-I.NFO,25/02/2025,09:41:37,48813,48813,600,48813.35,150,240,2244150
BANKNIFTY-I.NFO,25/02/2025,09:41:39,48813,48813,210,48813.7,210,450,2244150
BANKNIFTY-I.NFO,25/02/2025,09:41:41,48814.2,48807.65,30,48814.15,120,390,2244150
BANKNIFTY-I.NFO,25/02/2025,09:41:42,48814.2,48810,60,48813.25,30,30,2244150
BANKNIFTY-I.NFO,25/02/2025,09:41:44,48815.55,48810,60,48813,30,30,2244150
BANKNIFTY-I.NFO,25/02/2025,09:41:46,48811.2,48810,30,48812.35,30,180,2244150
BANKNIFTY-I.NFO,25/02/2025,09:41:47,48807.65,48807,60,48811.35,30,90,2244150
BANKNIFTY-I.NFO,25/02/2025,09:41:49,48813.75,48807,30,48814.85,150,60,2244150
BANKNIFTY-I.NFO,25/02/2025,09:41:51,48810.7,48807,30,48810.55,30,60,2244150
BANKNIFTY-I.NFO,25/02/2025,09:41:52,48807,48805,150,48810.05,30,120,2244150
BANKNIFTY-I.NFO,25/02/2025,09:41:54,48807,48805,150,48808.05,30,0,2244150
BANKNIFTY-I.NFO,25/02/2025,09:41:56,48804.75,48800,30,48804.4,30,990,2244150
BANKNIFTY-I.NFO,25/02/2025,09:41:57,48801.4,48792.15,90,48803.25,120,930,2244150
BANKNIFTY-I.NFO,25/02/2025,09:41:59,48801.4,48794.55,30,48801.45,120,0,2244150
BANKNIFTY-I.NFO,25/02/2025,09:42:01,48802.6,48796.35,90,48804,30,120,2244150
BANKNIFTY-I.NFO,25/02/2025,09:42:02,48800,48796.65,90,48806.65,30,360,2244150
BANKNIFTY-I.NFO,25/02/2025,09:42:04,48800,48801.35,30,48806.5,30,0,2244150
BANKNIFTY-I.NFO,25/02/2025,09:42:05,48795,48799,30,48805.6,30,300,2244150
BANKNIFTY-I.NFO,25/02/2025,09:42:07,48804.55,48800,120,48804.45,150,90,2244150
BANKNIFTY-I.NFO,25/02/2025,09:42:09,48802.8,48800,120,48803.55,30,150,2244150
BANKNIFTY-I.NFO,25/02/2025,09:42:11,48802.8,48800,120,48804,60,0,2244150
BANKNIFTY-I.NFO,25/02/2025,09:42:16,48804,48800,120,48804,30,30,2244150
BANKNIFTY-I.NFO,25/02/2025,09:42:17,48793.25,48795.65,60,48802.8,30,390,2244150
BANKNIFTY-I.NFO,25/02/2025,09:42:19,48793.25,48796.05,90,48802.8,30,0,2244150
BANKNIFTY-I.NFO,25/02/2025,09:42:21,48802.8,48794.85,150,48801.95,60,30,2244150
BANKNIFTY-I.NFO,25/02/2025,09:42:22,48802.8,48795.05,90,48799,30,30,2244150
BANKNIFTY-I.NFO,25/02/2025,09:42:24,48800,48796.5,180,48803.45,30,60,2244150
BANKNIFTY-I.NFO,25/02/2025,09:42:26,48795,48794.85,30,48800.05,30,60,2244150
BANKNIFTY-I.NFO,25/02/2025,09:42:27,48798,48792.15,90,48798,30,240,2244150
BANKNIFTY-I.NFO,25/02/2025,09:42:29,48794.9,48792.05,30,48794.9,90,360,2244150
BANKNIFTY-I.NFO,25/02/2025,09:42:31,48794.9,48800,30,48801.95,30,90,2244150
BANKNIFTY-I.NFO,25/02/2025,09:42:32,48800,48794.9,60,48801.2,150,30,2244150
BANKNIFTY-I.NFO,25/02/2025,09:42:34,48799.95,48798.1,60,48799,30,240,2244150
BANKNIFTY-I.NFO,25/02/2025,09:42:36,48794.85,48794.85,30,48801.95,30,300,2244150
BANKNIFTY-I.NFO,25/02/2025,09:42:37,48794.85,48794.85,30,48801.95,30,0,2244150
BANKNIFTY-I.NFO,25/02/2025,09:42:39,48801.95,48794.85,60,48804,30,90,2244150
BANKNIFTY-I.NFO,25/02/2025,09:42:40,48805,48794.95,60,48805,30,60,2244150
BANKNIFTY-I.NFO,25/02/2025,09:42:42,48805,48795.9,150,48805,30,0,2244150
BANKNIFTY-I.NFO,25/02/2025,09:42:44,48805,48800.4,30,48805,30,0,2244150
BANKNIFTY-I.NFO,25/02/2025,09:42:45,48805,48799.55,90,48805,30,60,2239200
BANKNIFTY-I.NFO,25/02/2025,09:42:47,48806.95,48803,30,48810,90,1050,2239200
BANKNIFTY-I.NFO,25/02/2025,09:42:49,48806.95,48806.95,30,48810,90,90,2239200
BANKNIFTY-I.NFO,25/02/2025,09:42:50,48806.25,48805,30,48809,30,300,2239200
BANKNIFTY-I.NFO,25/02/2025,09:42:52,48814,48807.1,90,48819,90,600,2239200
BANKNIFTY-I.NFO,25/02/2025,09:42:54,48814,48814,30,48818.4,30,780,2239200
BANKNIFTY-I.NFO,25/02/2025,09:42:55,48817,48807.1,90,48818.3,30,90,2239200
BANKNIFTY-I.NFO,25/02/2025,09:42:57,48817,48808.3,90,48819,90,480,2239200
BANKNIFTY-I.NFO,25/02/2025,09:42:59,48817,48809.9,90,48819,90,900,2239200
BANKNIFTY-I.NFO,25/02/2025,09:43:01,48817,48817,30,48819,90,0,2239200
BANKNIFTY-I.NFO,25/02/2025,09:43:02,48820,48817,30,48820,120,960,2239200
BANKNIFTY-I.NFO,25/02/2025,09:43:04,48820,48817,60,48819.85,90,90,2239200
BANKNIFTY-I.NFO,25/02/2025,09:43:06,48817,48811.75,30,48817.1,150,60,2239200
BANKNIFTY-I.NFO,25/02/2025,09:43:07,48817,48811.75,30,48818.3,60,0,2239200
BANKNIFTY-I.NFO,25/02/2025,09:43:09,48820.65,48813.75,30,48819.4,30,210,2239200
BANKNIFTY-I.NFO,25/02/2025,09:43:11,48819.25,48813.75,30,48819.3,150,60,2239200
BANKNIFTY-I.NFO,25/02/2025,09:43:12,48818.35,48817,30,48819.25,120,30,2239200
BANKNIFTY-I.NFO,25/02/2025,09:43:14,48818.95,48817,30,48817.65,30,120,2239200
BANKNIFTY-I.NFO,25/02/2025,09:43:15,48816.25,48809.75,90,48820,30,60,2239200
BANKNIFTY-I.NFO,25/02/2025,09:43:17,48816.25,48815.75,30,48819.6,30,0,2239200
BANKNIFTY-I.NFO,25/02/2025,09:43:19,48816.25,48815.75,30,48820,30,30,2239200
BANKNIFTY-I.NFO,25/02/2025,09:43:20,48815.75,48813.75,30,48816.25,90,30,2239200
BANKNIFTY-I.NFO,25/02/2025,09:43:22,48804.7,48808.75,60,48816.25,60,330,2239200
BANKNIFTY-I.NFO,25/02/2025,09:43:24,48816.25,48809.1,90,48816.25,30,30,2239200
BANKNIFTY-I.NFO,25/02/2025,09:43:25,48816.25,48809.8,30,48816.25,30,0,2239200
BANKNIFTY-I.NFO,25/02/2025,09:43:27,48816.25,48810.2,90,48816.25,30,0,2239200
BANKNIFTY-I.NFO,25/02/2025,09:43:29,48816.25,48816.35,90,48819.25,30,30,2239200
BANKNIFTY-I.NFO,25/02/2025,09:43:30,48822,48817.55,30,48822.05,30,150,2239200
BANKNIFTY-I.NFO,25/02/2025,09:43:32,48831.7,48823.7,30,48829.05,90,300,2239200
BANKNIFTY-I.NFO,25/02/2025,09:43:34,48813.05,48818.15,30,48826.75,150,300,2239200
BANKNIFTY-I.NFO,25/02/2025,09:43:35,48809.8,48811.65,90,48823.1,120,240,2239200
BANKNIFTY-I.NFO,25/02/2025,09:43:37,48816.25,48811.2,90,48819.2,120,30,2239200
BANKNIFTY-I.NFO,25/02/2025,09:43:39,48812.45,48808.3,30,48819.3,30,60,2239200
BANKNIFTY-I.NFO,25/02/2025,09:43:40,48817.2,48809.8,30,48817.65,30,30,2239200
BANKNIFTY-I.NFO,25/02/2025,09:43:42,48817.05,48809.8,30,48816.5,30,90,2239200
BANKNIFTY-I.NFO,25/02/2025,09:43:44,48817.05,48810,30,48817.4,150,0,2239200
BANKNIFTY-I.NFO,25/02/2025,09:43:45,48810.95,48805,30,48811.1,30,90,2239200
BANKNIFTY-I.NFO,25/02/2025,09:43:47,48812.2,48805,30,48810.55,30,120,2239200
BANKNIFTY-I.NFO,25/02/2025,09:43:49,48812.2,48805,30,48812.35,30,0,2239200
BANKNIFTY-I.NFO,25/02/2025,09:43:50,48805,48801.25,90,48812.55,30,60,2239200
BANKNIFTY-I.NFO,25/02/2025,09:43:52,48805,48809.5,30,48810,30,30,2239200
BANKNIFTY-I.NFO,25/02/2025,09:43:54,48810,48809.5,30,48812.7,30,30,2239200
BANKNIFTY-I.NFO,25/02/2025,09:43:55,48810,48809.5,30,48815.95,30,0,2239200
BANKNIFTY-I.NFO,25/02/2025,09:43:57,48818,48809.5,30,48817.65,30,30,2239200
BANKNIFTY-I.NFO,25/02/2025,09:43:59,48818,48809.55,30,48820,420,330,2239200
BANKNIFTY-I.NFO,25/02/2025,09:44:00,48818,48809.55,30,48819.1,30,600,2239200
BANKNIFTY-I.NFO,25/02/2025,09:44:02,48818,48809.6,120,48820,420,120,2239200
BANKNIFTY-I.NFO,25/02/2025,09:44:04,48819.9,48812.55,60,48820,420,90,2239200
BANKNIFTY-I.NFO,25/02/2025,09:44:05,48818.35,48812.55,60,48820,420,30,2239200
BANKNIFTY-I.NFO,25/02/2025,09:44:07,48812.55,48809.6,30,48819.8,30,60,2239200
BANKNIFTY-I.NFO,25/02/2025,09:44:09,48812.55,48811.75,30,48818,60,0,2239200
BANKNIFTY-I.NFO,25/02/2025,09:44:12,48817.9,48811,30,48818.35,30,90,2239200
BANKNIFTY-I.NFO,25/02/2025,09:44:14,48816.85,48811,30,48816.8,150,30,2239200
BANKNIFTY-I.NFO,25/02/2025,09:44:15,48816.85,48811,30,48816.05,30,0,2239200
BANKNIFTY-I.NFO,25/02/2025,09:44:17,48816.85,48811,30,48812.85,30,0,2239200
BANKNIFTY-I.NFO,25/02/2025,09:44:19,48810.2,48809.5,30,48810.55,30,120,2239200
BANKNIFTY-I.NFO,25/02/2025,09:44:20,48809.5,48810.25,30,48811.45,30,60,2239200
BANKNIFTY-I.NFO,25/02/2025,09:44:22,48809.5,48810.25,30,48812.8,30,0,2239200
BANKNIFTY-I.NFO,25/02/2025,09:44:24,48809.5,48810.25,30,48815,60,30,2239200
BANKNIFTY-I.NFO,25/02/2025,09:44:25,48812.4,48809.45,30,48813.3,30,30,2239200
BANKNIFTY-I.NFO,25/02/2025,09:44:27,48809.4,48809.4,60,48810,300,30,2239200
BANKNIFTY-I.NFO,25/02/2025,09:44:29,48809.45,48805,30,48809.75,30,60,2239200
BANKNIFTY-I.NFO,25/02/2025,09:44:30,48809.45,48809.4,30,48810,270,0,2239200
BANKNIFTY-I.NFO,25/02/2025,09:44:32,48809.4,48805,30,48809.5,30,30,2239200
BANKNIFTY-I.NFO,25/02/2025,09:44:34,48809.4,48805,30,48809.5,30,0,2239200
BANKNIFTY-I.NFO,25/02/2025,09:44:35,48810,48805,30,48810,150,150,2239200
BANKNIFTY-I.NFO,25/02/2025,09:44:37,48810,48805,30,48809.25,30,0,2239200
BANKNIFTY-I.NFO,25/02/2025,09:44:39,48805,48801.8,30,48810,150,30,2239200
BANKNIFTY-I.NFO,25/02/2025,09:44:40,48810,48801.8,30,48810,150,30,2239200
BANKNIFTY-I.NFO,25/02/2025,09:44:42,48810,48801.85,120,48810,150,0,2239200
BANKNIFTY-I.NFO,25/02/2025,09:44:44,48801.95,48801.95,120,48810,150,30,2239200
BANKNIFTY-I.NFO,25/02/2025,09:44:45,48802.85,48801.95,90,48810,150,60,2239200
BANKNIFTY-I.NFO,25/02/2025,09:44:47,48810,48801.8,30,48810,120,60,2239200
BANKNIFTY-I.NFO,25/02/2025,09:44:49,48810,48801,720,48810,90,30,2239200
BANKNIFTY-I.NFO,25/02/2025,09:44:50,48810,48802.15,90,48809.9,30,30,2239200
BANKNIFTY-I.NFO,25/02/2025,09:44:52,48802.7,48802.1,30,48809.9,30,120,2239200
BANKNIFTY-I.NFO,25/02/2025,09:44:54,48802.7,48806.8,30,48809.9,30,0,2239200
BANKNIFTY-I.NFO,25/02/2025,09:44:55,48806.8,48806.8,30,48809.9,30,30,2239200
BANKNIFTY-I.NFO,25/02/2025,09:44:57,48806.8,48806.8,30,48809.9,30,30,2239200
BANKNIFTY-I.NFO,25/02/2025,09:44:59,48806.8,48806.8,30,48809.9,30,0,2239200
BANKNIFTY-I.NFO,25/02/2025,09:45:00,48806.8,48805.4,60,48810,30,240,2239200
BANKNIFTY-I.NFO,25/02/2025,09:45:02,48810,48808.8,60,48815,30,30,2239200
BANKNIFTY-I.NFO,25/02/2025,09:45:04,48817,48814.85,30,48818.35,30,60,2239200
BANKNIFTY-I.NFO,25/02/2025,09:45:05,48814.25,48813.95,30,48819.9,30,90,2239200
BANKNIFTY-I.NFO,25/02/2025,09:45:07,48814.85,48814.2,30,48814.85,810,210,2239200
BANKNIFTY-I.NFO,25/02/2025,09:45:09,48814.85,48814.8,30,48814.85,720,870,2239200
BANKNIFTY-I.NFO,25/02/2025,09:45:10,48814.85,48814.8,30,48814.85,600,120,2239200
BANKNIFTY-I.NFO,25/02/2025,09:45:12,48814.85,48814.95,30,48820,360,600,2239200
BANKNIFTY-I.NFO,25/02/2025,09:45:14,48820,48815,90,48820,330,30,2239200
BANKNIFTY-I.NFO,25/02/2025,09:45:15,48820,48814.85,450,48820,270,360,2239200
BANKNIFTY-I.NFO,25/02/2025,09:45:17,48820,48814.85,450,48820,270,0,2239200
BANKNIFTY-I.NFO,25/02/2025,09:45:19,48820,48814.85,450,48820,210,150,2239200
BANKNIFTY-I.NFO,25/02/2025,09:45:20,48814.9,48820,30,48821,120,300,2239200
BANKNIFTY-I.NFO,25/02/2025,09:45:22,48814.9,48820,90,48821,120,0,2239200
BANKNIFTY-I.NFO,25/02/2025,09:45:24,48820,48820,60,48821,120,30,2239200
BANKNIFTY-I.NFO,25/02/2025,09:45:25,48820,48820,60,48821,120,690,2239200
BANKNIFTY-I.NFO,25/02/2025,09:45:27,48820,48820,30,48821,120,30,2239200
BANKNIFTY-I.NFO,25/02/2025,09:45:29,48821,48820,30,48821,90,30,2239200
BANKNIFTY-I.NFO,25/02/2025,09:45:30,48820,48814.9,30,48821,90,60,2239200
BANKNIFTY-I.NFO,25/02/2025,09:45:32,48821,48814.9,30,48821,60,30,2239200
BANKNIFTY-I.NFO,25/02/2025,09:45:34,48820.95,48814.9,30,48821.55,120,30,2239200
BANKNIFTY-I.NFO,25/02/2025,09:45:35,48814.9,48814.85,480,48822.25,120,30,2239200
BANKNIFTY-I.NFO,25/02/2025,09:45:37,48821,48820.95,30,48821,30,30,2239200
BANKNIFTY-I.NFO,25/02/2025,09:45:39,48821,48820.95,30,48821,30,0,2239200
BANKNIFTY-I.NFO,25/02/2025,09:45:40,48818.6,48814.85,480,48818.35,180,150,2239200
BANKNIFTY-I.NFO,25/02/2025,09:45:42,48810,48810,30,48814.55,120,540,2239200
BANKNIFTY-I.NFO,25/02/2025,09:45:44,48810,48810,30,48814.75,120,0,2242440
BANKNIFTY-I.NFO,25/02/2025,09:45:45,48816.45,48810.05,30,48818.6,120,30,2242440
BANKNIFTY-I.NFO,25/02/2025,09:45:47,48821,48810.15,60,48822.45,120,60,2242440
BANKNIFTY-I.NFO,25/02/2025,09:45:49,48821,48811.85,60,48824,30,0,2242440
BANKNIFTY-I.NFO,25/02/2025,09:45:50,48821,48811.85,60,48823.95,120,0,2242440
BANKNIFTY-I.NFO,25/02/2025,09:45:52,48821,48811.85,60,48821.15,150,0,2242440
BANKNIFTY-I.NFO,25/02/2025,09:45:54,48811.75,48811.75,30,48821,30,30,2242440
BANKNIFTY-I.NFO,25/02/2025,09:45:55,48820.35,48811.8,60,48821,30,60,2242440
BANKNIFTY-I.NFO,25/02/2025,09:45:57,48820.35,48811.8,60,48821,30,0,2242440
BANKNIFTY-I.NFO,25/02/2025,09:45:59,48811.8,48811.75,30,48820.3,30,30,2242440
BANKNIFTY-I.NFO,25/02/2025,09:46:00,48811.8,48810.75,60,48820.35,90,0,2242440
BANKNIFTY-I.NFO,25/02/2025,09:46:02,48820.35,48810.8,60,48820.35,30,60,2242440
BANKNIFTY-I.NFO,25/02/2025,09:46:04,48820.35,48810.05,60,48820.35,30,30,2242440
BANKNIFTY-I.NFO,25/02/2025,09:46:05,48820.35,48808.55,60,48818.95,30,0,2242440
BANKNIFTY-I.NFO,25/02/2025,09:46:07,48809.3,48807.75,60,48818.5,30,180,2242440
BANKNIFTY-I.NFO,25/02/2025,09:46:09,48809.3,48805.45,30,48810.8,300,150,2242440
BANKNIFTY-I.NFO,25/02/2025,09:46:10,48810.8,48809.4,30,48810.8,240,60,2242440
BANKNIFTY-I.NFO,25/02/2025,09:46:12,48810.8,48809.4,30,48810.8,240,0,2242440
BANKNIFTY-I.NFO,25/02/2025,09:46:13,48810.8,48809.35,30,48810.8,150,240,2242440
BANKNIFTY-I.NFO,25/02/2025,09:46:15,48809.9,48805.6,60,48810.8,120,60,2242440
BANKNIFTY-I.NFO,25/02/2025,09:46:17,48810.8,48805.7,30,48810,30,90,2242440
BANKNIFTY-I.NFO,25/02/2025,09:46:18,48810.8,48805.45,60,48810,30,0,2242440
BANKNIFTY-I.NFO,25/02/2025,09:46:20,48810.8,48810.15,60,48820,30,60,2242440
BANKNIFTY-I.NFO,25/02/2025,09:46:22,48821,48820.95,30,48824,60,90,2242440
BANKNIFTY-I.NFO,25/02/2025,09:46:23,48821,48819.25,30,48824,60,0,2242440
BANKNIFTY-I.NFO,25/02/2025,09:46:25,48819.8,48818.6,30,48824,60,60,2242440
BANKNIFTY-I.NFO,25/02/2025,09:46:27,48819.8,48819.95,30,48824,60,0,2242440
BANKNIFTY-I.NFO,25/02/2025,09:46:28,48824,48818.75,30,48825,60,60,2242440
BANKNIFTY-I.NFO,25/02/2025,09:46:30,48824,48818.75,30,48825,30,60,2242440
BANKNIFTY-I.NFO,25/02/2025,09:46:32,48824,48818.75,30,48825,30,0,2242440
BANKNIFTY-I.NFO,25/02/2025,09:46:33,48824,48818.75,30,48820,30,0,2242440
BANKNIFTY-I.NFO,25/02/2025,09:46:37,48824,48818.75,30,48820,30,30,2242440
BANKNIFTY-I.NFO,25/02/2025,09:46:38,48811.75,48810.8,60,48820,60,300,2242440
BANKNIFTY-I.NFO,25/02/2025,09:46:40,48811.75,48810.8,60,48820,60,0,2242440
BANKNIFTY-I.NFO,25/02/2025,09:46:42,48820,48813.5,60,48824.75,150,30,2242440
BANKNIFTY-I.NFO,25/02/2025,09:46:43,48820,48813.9,90,48824.9,150,0,2242440
BANKNIFTY-I.NFO,25/02/2025,09:46:45,48826,48811.25,150,48819.9,30,960,2242440
BANKNIFTY-I.NFO,25/02/2025,09:46:47,48826,48810.95,180,48819.9,30,0,2242440
BANKNIFTY-I.NFO,25/02/2025,09:46:48,48826,48812.25,150,48819.9,30,30,2242440
BANKNIFTY-I.NFO,25/02/2025,09:46:50,48826,48810.25,150,48819.9,30,0,2242440
BANKNIFTY-I.NFO,25/02/2025,09:46:52,48826,48810,30,48810.8,60,0,2242440
BANKNIFTY-I.NFO,25/02/2025,09:46:55,48810,48806.8,30,48810.8,60,60,2242440
BANKNIFTY-I.NFO,25/02/2025,09:46:57,48810,48806.8,30,48810.8,60,60,2242440
BANKNIFTY-I.NFO,25/02/2025,09:46:58,48810.8,48808.9,30,48819.9,30,90,2242440
BANKNIFTY-I.NFO,25/02/2025,09:47:00,48810.8,48810.45,150,48819.9,30,0,2242440
BANKNIFTY-I.NFO,25/02/2025,09:47:02,48810.55,48807.25,120,48819.9,30,120,2242440
BANKNIFTY-I.NFO,25/02/2025,09:47:03,48810.55,48808.25,30,48819.9,60,0,2242440
BANKNIFTY-I.NFO,25/02/2025,09:47:05,48810.55,48806.85,30,48819.05,120,0,2242440
BANKNIFTY-I.NFO,25/02/2025,09:47:07,48810.55,48815.45,60,48819,60,0,2242440
BANKNIFTY-I.NFO,25/02/2025,09:47:08,48810.55,48815.45,60,48819,60,30,2242440
BANKNIFTY-I.NFO,25/02/2025,09:47:10,48819,48815.45,30,48819.9,30,90,2242440
BANKNIFTY-I.NFO,25/02/2025,09:47:11,48819,48815.45,30,48817.95,30,0,2242440
BANKNIFTY-I.NFO,25/02/2025,09:47:13,48815.45,48810,30,48818.4,60,120,2242440
BANKNIFTY-I.NFO,25/02/2025,09:47:15,48815.45,48810,30,48815.75,60,0,2242440
BANKNIFTY-I.NFO,25/02/2025,09:47:16,48815.45,48810,30,48815.15,30,0,2242440
BANKNIFTY-I.NFO,25/02/2025,09:47:18,48802.3,48802.25,30,48805.45,90,390,2242440
BANKNIFTY-I.NFO,25/02/2025,09:47:20,48802.25,48801.3,60,48805.45,90,60,2242440
BANKNIFTY-I.NFO,25/02/2025,09:47:21,48802.25,48801.05,60,48805.45,90,0,2242440
BANKNIFTY-I.NFO,25/02/2025,09:47:23,48802.25,48801.05,30,48802.35,30,0,2242440
BANKNIFTY-I.NFO,25/02/2025,09:47:25,48805.45,48805.45,60,48814,30,120,2242440
BANKNIFTY-I.NFO,25/02/2025,09:47:27,48805.45,48805,30,48810,30,30,2242440
BANKNIFTY-I.NFO,25/02/2025,09:47:28,48805.45,48805.45,30,48810,30,0,2242440
BANKNIFTY-I.NFO,25/02/2025,09:47:32,48805.45,48803.25,30,48807.1,120,90,2242440
BANKNIFTY-I.NFO,25/02/2025,09:47:33,48793.15,48790,90,48795,30,1140,2242440
BANKNIFTY-I.NFO,25/02/2025,09:47:35,48793.15,48790.05,30,48795,30,0,2242440
BANKNIFTY-I.NFO,25/02/2025,09:47:38,48791.25,48785,30,48791.25,180,300,2242440
BANKNIFTY-I.NFO,25/02/2025,09:47:40,48780,48780,30,48787.3,150,240,2242440
BANKNIFTY-I.NFO,25/02/2025,09:47:42,48787.8,48780,30,48787.8,30,60,2242440
BANKNIFTY-I.NFO,25/02/2025,09:47:43,48780,48778.6,60,48787.8,30,150,2242440
BANKNIFTY-I.NFO,25/02/2025,09:47:45,48780.05,48777.45,120,48784.8,60,120,2242440
BANKNIFTY-I.NFO,25/02/2025,09:47:47,48780.05,48780,60,48782.9,30,0,2242440
BANKNIFTY-I.NFO,25/02/2025,09:47:48,48780.05,48780.05,60,48782.9,30,90,2242440
BANKNIFTY-I.NFO,25/02/2025,09:47:50,48776.9,48777.2,90,48782.9,30,90,2242440
BANKNIFTY-I.NFO,25/02/2025,09:47:52,48776.9,48775.5,30,48776.25,30,0,2242440
BANKNIFTY-I.NFO,25/02/2025,09:47:53,48774.2,48772.35,90,48781.25,30,180,2242440
BANKNIFTY-I.NFO,25/02/2025,09:47:55,48789.95,48777.55,120,48780.05,60,270,2242440
BANKNIFTY-I.NFO,25/02/2025,09:47:57,48789.95,48777.1,30,48780.05,60,0,2242440
BANKNIFTY-I.NFO,25/02/2025,09:47:58,48777.15,48777.15,30,48780.05,60,30,2242440
BANKNIFTY-I.NFO,25/02/2025,09:48:00,48777.15,48777.2,30,48780.05,60,0,2242440
BANKNIFTY-I.NFO,25/02/2025,09:48:02,48777,48773.1,30,48778.15,180,210,2242440
BANKNIFTY-I.NFO,25/02/2025,09:48:03,48776.15,48770,60,48776.1,30,180,2242440
BANKNIFTY-I.NFO,25/02/2025,09:48:05,48765.1,48765.8,60,48776.9,30,180,2242440
BANKNIFTY-I.NFO,25/02/2025,09:48:07,48765.8,48765.05,30,48772,30,60,2242440
BANKNIFTY-I.NFO,25/02/2025,09:48:08,48770,48765.05,120,48770,30,30,2242440
BANKNIFTY-I.NFO,25/02/2025,09:48:10,48766.1,48766.3,120,48770,30,60,2242440
BANKNIFTY-I.NFO,25/02/2025,09:48:11,48765.85,48765.25,30,48765.85,30,30,2242440
BANKNIFTY-I.NFO,25/02/2025,09:48:13,48765.85,48765.5,120,48770,90,30,2242440
BANKNIFTY-I.NFO,25/02/2025,09:48:15,48770,48766,30,48770,60,60,2242440
BANKNIFTY-I.NFO,25/02/2025,09:48:16,48770,48766,30,48770,60,90,2242440
BANKNIFTY-I.NFO,25/02/2025,09:48:18,48770,48768.85,30,48772,30,210,2242440
BANKNIFTY-I.NFO,25/02/2025,09:48:20,48772,48772.2,240,48776.9,30,90,2242440
BANKNIFTY-I.NFO,25/02/2025,09:48:21,48790,48779.2,90,48793.4,120,480,2242440
BANKNIFTY-I.NFO,25/02/2025,09:48:23,48790,48784.3,30,48794.95,30,0,2242440
BANKNIFTY-I.NFO,25/02/2025,09:48:25,48790,48783.45,30,48794.9,60,0,2242440
BANKNIFTY-I.NFO,25/02/2025,09:48:26,48783.5,48783.45,30,48794.9,60,30,2242440
BANKNIFTY-I.NFO,25/02/2025,09:48:28,48783.5,48783.45,30,48793.25,120,0,2242440
BANKNIFTY-I.NFO,25/02/2025,09:48:30,48794.65,48788.1,30,48794.7,30,30,2242440
BANKNIFTY-I.NFO,25/02/2025,09:48:31,48794.65,48791.05,30,48794.9,60,0,2242440
BANKNIFTY-I.NFO,25/02/2025,09:48:33,48794.65,48791.95,30,48795,60,0,2242440
BANKNIFTY-I.NFO,25/02/2025,09:48:35,48795,48795.25,30,48798.95,90,60,2242440
BANKNIFTY-I.NFO,25/02/2025,09:48:36,48800,48799.7,30,48807,60,270,2242440
BANKNIFTY-I.NFO,25/02/2025,09:48:38,48800,48799.25,240,48806.95,60,300,2242440
BANKNIFTY-I.NFO,25/02/2025,09:48:40,48798.1,48798.45,30,48799.95,30,30,2242440
BANKNIFTY-I.NFO,25/02/2025,09:48:41,48800,48799.95,60,48806.95,60,90,2242440
BANKNIFTY-I.NFO,25/02/2025,09:48:43,48800,48799.95,60,48806.95,60,0,2242440
BANKNIFTY-I.NFO,25/02/2025,09:48:45,48806.9,48801.9,240,48806.95,30,60,2240820
BANKNIFTY-I.NFO,25/02/2025,09:48:46,48807.1,48807.65,210,48817.1,60,150,2240820
BANKNIFTY-I.NFO,25/02/2025,09:48:48,48807.1,48812.6,30,48817.1,60,630,2240820
BANKNIFTY-I.NFO,25/02/2025,09:48:50,48811.3,48811.35,30,48817.05,30,30,2240820
BANKNIFTY-I.NFO,25/02/2025,09:48:51,48817.05,48811.35,30,48817.05,30,60,2240820
BANKNIFTY-I.NFO,25/02/2025,09:48:53,48817.05,48811.35,30,48817.1,60,30,2240820
BANKNIFTY-I.NFO,25/02/2025,09:48:55,48815.2,48814.3,30,48817.05,30,30,2240820
BANKNIFTY-I.NFO,25/02/2025,09:48:56,48817.6,48816.45,270,48820,90,150,2240820
BANKNIFTY-I.NFO,25/02/2025,09:48:58,48825,48818.45,30,48825,30,120,2240820
BANKNIFTY-I.NFO,25/02/2025,09:49:00,48827.8,48822.55,270,48827.1,30,330,2240820
BANKNIFTY-I.NFO,25/02/2025,09:49:01,48845.85,48840.1,30,48845.75,30,1410,2240820
BANKNIFTY-I.NFO,25/02/2025,09:49:03,48845.85,48840.15,30,48847.95,60,60,2240820
BANKNIFTY-I.NFO,25/02/2025,09:49:05,48845.85,48840.2,30,48846.6,30,0,2240820
BANKNIFTY-I.NFO,25/02/2025,09:49:06,48837,48833.15,90,48845.7,30,60,2240820
BANKNIFTY-I.NFO,25/02/2025,09:49:08,48846.95,48836.15,90,48848,30,180,2240820
BANKNIFTY-I.NFO,25/02/2025,09:49:10,48836.55,48847.9,30,48848,30,60,2240820
BANKNIFTY-I.NFO,25/02/2025,09:49:11,48840.75,48839.25,60,48848,30,150,2240820
BANKNIFTY-I.NFO,25/02/2025,09:49:13,48848.6,48844.3,30,48848.6,60,60,2240820
BANKNIFTY-I.NFO,25/02/2025,09:49:15,48850,48844.3,30,48849.9,30,840,2240820
BANKNIFTY-I.NFO,25/02/2025,09:49:16,48850,48844.3,30,48849.9,30,0,2240820
BANKNIFTY-I.NFO,25/02/2025,09:49:18,48840.2,48840.15,90,48850,30,180,2240820
BANKNIFTY-I.NFO,25/02/2025,09:49:20,48840.2,48840.2,30,48844.3,120,0,2240820
BANKNIFTY-I.NFO,25/02/2025,09:49:21,48840.2,48840.2,30,48844.3,120,30,2240820
BANKNIFTY-I.NFO,25/02/2025,09:49:23,48844.3,48840,60,48844.3,90,90,2240820
BANKNIFTY-I.NFO,25/02/2025,09:49:25,48844.3,48844.3,60,48850,90,120,2240820
BANKNIFTY-I.NFO,25/02/2025,09:49:26,48850,48844.4,30,48850,30,540,2240820
BANKNIFTY-I.NFO,25/02/2025,09:49:28,48840.35,48840,90,48849.3,30,90,2240820
BANKNIFTY-I.NFO,25/02/2025,09:49:30,48840.35,48840,90,48848.45,30,0,2240820
BANKNIFTY-I.NFO,25/02/2025,09:49:31,48848.2,48840,90,48846.3,30,30,2240820
BANKNIFTY-I.NFO,25/02/2025,09:49:33,48840,48840,60,48849.85,30,30,2240820
BANKNIFTY-I.NFO,25/02/2025,09:49:35,48840,48840,60,48849.95,30,0,2240820
BANKNIFTY-I.NFO,25/02/2025,09:49:36,48848.6,48848.6,210,48849.95,30,30,2240820
BANKNIFTY-I.NFO,25/02/2025,09:49:38,48849.95,48848.6,210,48850,60,30,2240820
BANKNIFTY-I.NFO,25/02/2025,09:49:40,48848.6,48848.6,180,48850,60,60,2240820
BANKNIFTY-I.NFO,25/02/2025,09:49:41,48848.65,48848.6,150,48850.45,30,120,2240820
BANKNIFTY-I.NFO,25/02/2025,09:49:43,48848.6,48848.6,150,48851.85,90,60,2240820
BANKNIFTY-I.NFO,25/02/2025,09:49:45,48851.1,48848.6,60,48851.8,30,120,2240820
BANKNIFTY-I.NFO,25/02/2025,09:49:46,48848,48844.3,120,48850,210,150,2240820
BANKNIFTY-I.NFO,25/02/2025,09:49:48,48850,48844.3,120,48850,270,60,2240820
BANKNIFTY-I.NFO,25/02/2025,09:49:50,48850,48844.3,120,48851.85,60,270,2240820
BANKNIFTY-I.NFO,25/02/2025,09:49:51,48844.3,48844.3,60,48851.85,30,120,2240820
BANKNIFTY-I.NFO,25/02/2025,09:49:53,48852.95,48844.3,60,48853,30,60,2240820
BANKNIFTY-I.NFO,25/02/2025,09:49:55,48849,48844.35,30,48849,270,60,2240820
