Ticker,Date,Time,LTP,BuyPrice,BuyQty,SellPrice,SellQty,LTQ,OpenInterest
NIFTY-II.NFO,25/02/2025,09:15:00,22777,22707.05,300,22716.95,300,150,0
NIFTY-II.NFO,25/02/2025,09:15:00,22777,22707.05,300,22716.95,300,0,0
NIFTY-II.NFO,25/02/2025,09:15:00,22777,22707.05,300,22716.95,300,0,0
NIFTY-II.NFO,25/02/2025,09:15:00,22735.55,22707.05,300,22716.95,300,0,0
NIFTY-II.NFO,25/02/2025,09:15:01,22722,22711.65,225,22725.9,300,825,8394450
NIFTY-II.NFO,25/02/2025,09:15:01,22707.05,22711.65,225,22725.9,300,0,8394450
NIFTY-II.NFO,25/02/2025,09:15:02,22716.75,22714.25,75,22716.75,150,2850,8394450
NIFTY-II.NFO,25/02/2025,09:15:04,22714.45,22711.5,375,22717,150,1575,8394450
NIFTY-II.NFO,25/02/2025,09:15:06,22719.1,22720.1,225,22726.4,75,1575,8394450
NIFTY-II.NFO,25/02/2025,09:15:07,22729.85,22721.35,225,22729.85,300,750,8394450
NIFTY-II.NFO,25/02/2025,09:15:09,22729.95,22723,75,22729.95,300,1875,8394450
NIFTY-II.NFO,25/02/2025,09:15:10,22724.1,22723.65,375,22732.95,450,825,8394450
NIFTY-II.NFO,25/02/2025,09:15:12,22727.85,22723.9,75,22732.95,300,825,8394450
NIFTY-II.NFO,25/02/2025,09:15:13,22727.65,22724,75,22730,75,825,8394450
NIFTY-II.NFO,25/02/2025,09:15:15,22733.2,22723.6,75,22733.1,300,300,8394450
NIFTY-II.NFO,25/02/2025,09:15:17,22723,22723.25,300,22733.25,300,1725,8394450
NIFTY-II.NFO,25/02/2025,09:15:18,22732.95,22724.75,225,22734.6,300,525,8394450
NIFTY-II.NFO,25/02/2025,09:15:20,22726.7,22727.05,150,22735,75,75,8394450
NIFTY-II.NFO,25/02/2025,09:15:22,22727.25,22725.4,300,22736.85,375,1500,8394450
NIFTY-II.NFO,25/02/2025,09:15:23,22726.85,22728.45,300,22737.1,300,600,8394450
NIFTY-II.NFO,25/02/2025,09:15:25,22737.3,22735,225,22738,75,300,8394450
NIFTY-II.NFO,25/02/2025,09:15:26,22736,22735.1,75,22736,75,75,8394450
NIFTY-II.NFO,25/02/2025,09:15:28,22730.75,22730.85,150,22738,75,900,8394450
NIFTY-II.NFO,25/02/2025,09:15:30,22739.9,22736,150,22739.8,75,525,8394450
NIFTY-II.NFO,25/02/2025,09:15:31,22739.75,22736,150,22739.95,450,300,8394450
NIFTY-II.NFO,25/02/2025,09:15:33,22734.35,22733.55,375,22739.9,75,450,8394450
NIFTY-II.NFO,25/02/2025,09:15:35,22734.6,22732.9,75,22734.6,150,225,8402625
NIFTY-II.NFO,25/02/2025,09:15:36,22739.45,22732.4,375,22739.75,75,600,8402625
NIFTY-II.NFO,25/02/2025,09:15:38,22734.55,22737.1,1350,22740,375,225,8402625
NIFTY-II.NFO,25/02/2025,09:15:40,22732.55,22732.55,75,22738.3,75,1800,8402625
NIFTY-II.NFO,25/02/2025,09:15:42,22732,22731.25,150,22736,150,450,8402625
NIFTY-II.NFO,25/02/2025,09:15:43,22734,22729,75,22734.05,450,1350,8402625
NIFTY-II.NFO,25/02/2025,09:15:45,22736.05,22732.15,150,22736.5,300,2250,8402625
NIFTY-II.NFO,25/02/2025,09:15:47,22732,22732,600,22734.8,150,300,8402625
NIFTY-II.NFO,25/02/2025,09:15:48,22732,22732,450,22735.95,375,2400,8402625
NIFTY-II.NFO,25/02/2025,09:15:50,22730,22729.45,150,22735.95,375,600,8402625
NIFTY-II.NFO,25/02/2025,09:15:52,22732,22730.1,225,22732.55,75,150,8402625
NIFTY-II.NFO,25/02/2025,09:15:53,22728.75,22730.75,150,22732.5,75,75,8402625
NIFTY-II.NFO,25/02/2025,09:15:55,22732.5,22727.75,150,22732.55,75,225,8402625
NIFTY-II.NFO,25/02/2025,09:15:56,22732.5,22727.75,150,22732.55,75,0,8402625
NIFTY-II.NFO,25/02/2025,09:15:58,22728.25,22727.75,150,22731.75,375,225,8402625
NIFTY-II.NFO,25/02/2025,09:16:00,22734.35,22727.75,75,22732.3,375,1875,8402625
NIFTY-II.NFO,25/02/2025,09:16:01,22729.85,22727.75,75,22730.75,225,375,8402625
NIFTY-II.NFO,25/02/2025,09:16:03,22727.35,22725,450,22727.85,150,450,8402625
NIFTY-II.NFO,25/02/2025,09:16:05,22727.8,22725,450,22726.2,75,150,8402625
NIFTY-II.NFO,25/02/2025,09:16:06,22727.35,22724,150,22727.45,225,600,8402625
NIFTY-II.NFO,25/02/2025,09:16:08,22726.65,22723.5,225,22726.45,375,225,8402625
NIFTY-II.NFO,25/02/2025,09:16:10,22723.3,22723.05,150,22726.4,225,525,8402625
NIFTY-II.NFO,25/02/2025,09:16:11,22721.4,22722.25,225,22724,225,375,8402625
NIFTY-II.NFO,25/02/2025,09:16:13,22723.95,22721.8,600,22724,150,375,8402625
NIFTY-II.NFO,25/02/2025,09:16:15,22723.9,22723.7,75,22726.65,75,975,8402625
NIFTY-II.NFO,25/02/2025,09:16:16,22723.8,22724.7,75,22728.85,300,375,8402625
NIFTY-II.NFO,25/02/2025,09:16:18,22728,22721.55,75,22728.15,75,825,8402625
NIFTY-II.NFO,25/02/2025,09:16:20,22722.35,22720.05,75,22729,300,150,8402625
NIFTY-II.NFO,25/02/2025,09:16:21,22727.75,22720.1,75,22727.75,300,75,8402625
NIFTY-II.NFO,25/02/2025,09:16:23,22727.45,22722,75,22727.45,300,150,8402625
NIFTY-II.NFO,25/02/2025,09:16:25,22722,22720.85,150,22727.25,300,900,8402625
NIFTY-II.NFO,25/02/2025,09:16:26,22724,22721.05,150,22724,450,300,8402625
NIFTY-II.NFO,25/02/2025,09:16:28,22724,22722.5,75,22724,750,0,8402625
NIFTY-II.NFO,25/02/2025,09:16:30,22721.1,22720.05,150,22722,750,75,8402625
NIFTY-II.NFO,25/02/2025,09:16:31,22720,22720,150,22722,750,525,8402625
NIFTY-II.NFO,25/02/2025,09:16:33,22722,22720.15,75,22722,750,300,8402625
NIFTY-II.NFO,25/02/2025,09:16:35,22722,22720.65,75,22722,300,450,8402625
NIFTY-II.NFO,25/02/2025,09:16:36,22722,22721.15,300,22722,150,300,8402625
NIFTY-II.NFO,25/02/2025,09:16:38,22720.3,22720,75,22722,975,600,8402625
NIFTY-II.NFO,25/02/2025,09:16:40,22720,22719.35,300,22721.95,150,150,8402625
NIFTY-II.NFO,25/02/2025,09:16:41,22721.95,22719.8,300,22721.95,75,75,8402625
NIFTY-II.NFO,25/02/2025,09:16:43,22721.95,22718.3,75,22720,150,75,8402625
NIFTY-II.NFO,25/02/2025,09:16:45,22720.3,22718.65,300,22720,150,225,8402625
NIFTY-II.NFO,25/02/2025,09:16:46,22720,22718.55,300,22721,75,450,8402625
NIFTY-II.NFO,25/02/2025,09:16:48,22718.05,22717.75,75,22721,75,375,8402625
NIFTY-II.NFO,25/02/2025,09:16:49,22720.3,22719.2,75,22722,1875,225,8402625
NIFTY-II.NFO,25/02/2025,09:16:51,22719.05,22717.75,75,22722,1800,300,8402625
NIFTY-II.NFO,25/02/2025,09:16:53,22722,22717.75,75,22722,1725,75,8402625
NIFTY-II.NFO,25/02/2025,09:16:54,22722,22716.6,300,22722,1650,75,8402625
NIFTY-II.NFO,25/02/2025,09:16:56,22716.75,22716.9,300,22722,1575,300,8402625
NIFTY-II.NFO,25/02/2025,09:16:58,22716.75,22717.3,300,22722,1650,0,8402625
NIFTY-II.NFO,25/02/2025,09:16:59,22721.95,22721,75,22722,1725,600,8402625
NIFTY-II.NFO,25/02/2025,09:17:01,22716.75,22716,75,22721.95,675,300,8402625
NIFTY-II.NFO,25/02/2025,09:17:03,22721.85,22716,375,22721.85,375,375,8402625
NIFTY-II.NFO,25/02/2025,09:17:04,22721.85,22716,375,22721.75,375,225,8402625
NIFTY-II.NFO,25/02/2025,09:17:06,22717,22715,300,22720.35,300,375,8402625
NIFTY-II.NFO,25/02/2025,09:17:08,22720.25,22715,375,22720.25,225,225,8402625
NIFTY-II.NFO,25/02/2025,09:17:09,22720.15,22715.05,225,22720.2,450,150,8402625
NIFTY-II.NFO,25/02/2025,09:17:11,22715,22715,150,22719.95,225,450,8402625
NIFTY-II.NFO,25/02/2025,09:17:12,22719.85,22716,75,22719.9,750,300,8402625
NIFTY-II.NFO,25/02/2025,09:17:14,22722,22716,75,22719.85,75,2925,8402625
NIFTY-II.NFO,25/02/2025,09:17:16,22719.85,22715,225,22719.95,75,75,8402625
NIFTY-II.NFO,25/02/2025,09:17:17,22719.85,22715.2,375,22719.95,75,0,8402625
NIFTY-II.NFO,25/02/2025,09:17:19,22720,22721.7,150,22721.95,75,150,8402625
NIFTY-II.NFO,25/02/2025,09:17:21,22719.9,22717.95,150,22722,1125,450,8402625
NIFTY-II.NFO,25/02/2025,09:17:22,22722,22721.65,150,22722,1050,75,8402625
NIFTY-II.NFO,25/02/2025,09:17:24,22721.65,22716.05,375,22722,1050,150,8402625
NIFTY-II.NFO,25/02/2025,09:17:26,22721.55,22715.9,75,22722,975,225,8402625
NIFTY-II.NFO,25/02/2025,09:17:27,22722,22715.05,300,22722,900,300,8402625
NIFTY-II.NFO,25/02/2025,09:17:29,22721,22721.45,150,22722,1050,75,8402625
NIFTY-II.NFO,25/02/2025,09:17:30,22722,22722,225,22722.1,75,1050,8402625
NIFTY-II.NFO,25/02/2025,09:17:32,22721.45,22720,225,22722,225,525,8402625
NIFTY-II.NFO,25/02/2025,09:17:34,22720,22717.7,375,22722,75,450,8402625
NIFTY-II.NFO,25/02/2025,09:17:35,22722,22721.35,150,22723.95,75,225,8402625
NIFTY-II.NFO,25/02/2025,09:17:37,22723.95,22721.25,150,22724,450,225,8402625
NIFTY-II.NFO,25/02/2025,09:17:39,22723.95,22722.1,75,22724,375,150,8402625
NIFTY-II.NFO,25/02/2025,09:17:40,22722,22721.15,150,22724,75,525,8402625
NIFTY-II.NFO,25/02/2025,09:17:42,22724,22721.15,150,22724.8,75,75,8402625
NIFTY-II.NFO,25/02/2025,09:17:44,22722,22722,225,22724.8,75,225,8402625
NIFTY-II.NFO,25/02/2025,09:17:45,22723.95,22721,150,22724.75,75,525,8402625
NIFTY-II.NFO,25/02/2025,09:17:47,22722.85,22718.7,300,22722.1,750,750,8402625
NIFTY-II.NFO,25/02/2025,09:17:49,22722.1,22718.9,750,22722.1,825,75,8402625
NIFTY-II.NFO,25/02/2025,09:17:50,22722.1,22720.9,150,22722.1,675,225,8402625
NIFTY-II.NFO,25/02/2025,09:17:52,22723.95,22718.25,75,22722.05,150,1125,8402625
NIFTY-II.NFO,25/02/2025,09:17:54,22722.05,22718.8,75,22722.05,75,75,8402625
NIFTY-II.NFO,25/02/2025,09:17:55,22723.8,22722,975,22723.95,150,975,8402625
NIFTY-II.NFO,25/02/2025,09:17:57,22723.95,22722,975,22724.75,75,150,8402625
NIFTY-II.NFO,25/02/2025,09:17:59,22725,22723,75,22725,525,300,8402625
NIFTY-II.NFO,25/02/2025,09:18:00,22725,22723.95,75,22725,450,75,8402625
NIFTY-II.NFO,25/02/2025,09:18:02,22723.95,22723.8,75,22723.95,300,300,8402625
NIFTY-II.NFO,25/02/2025,09:18:03,22723.95,22722,1125,22723.9,75,675,8402625
NIFTY-II.NFO,25/02/2025,09:18:05,22723.85,22722,1125,22723.85,75,75,8402625
NIFTY-II.NFO,25/02/2025,09:18:07,22722,22722,900,22723.85,150,150,8402625
NIFTY-II.NFO,25/02/2025,09:18:08,22722,22722,900,22723.8,75,0,8402625
NIFTY-II.NFO,25/02/2025,09:18:10,22723.8,22722,225,22723.85,225,1125,8402625
NIFTY-II.NFO,25/02/2025,09:18:12,22723.85,22722,225,22723.85,150,150,8402625
NIFTY-II.NFO,25/02/2025,09:18:13,22722,22721,1875,22723.85,75,300,8402625
NIFTY-II.NFO,25/02/2025,09:18:15,22723.8,22721,1875,22723.8,75,300,8402625
NIFTY-II.NFO,25/02/2025,09:18:17,22721,22721,1800,22723.75,75,300,8402625
NIFTY-II.NFO,25/02/2025,09:18:18,22723.75,22721,1800,22723.95,225,450,8402625
NIFTY-II.NFO,25/02/2025,09:18:20,22723.7,22721,1800,22723.75,75,75,8402625
NIFTY-II.NFO,25/02/2025,09:18:21,22723.75,22721,2325,22723.75,150,75,8402625
NIFTY-II.NFO,25/02/2025,09:18:23,22723.7,22721,2250,22723.75,300,150,8402625
NIFTY-II.NFO,25/02/2025,09:18:25,22723.75,22721,2025,22723.75,225,300,8402625
NIFTY-II.NFO,25/02/2025,09:18:26,22723.7,22721,2025,22723.75,225,75,8402625
NIFTY-II.NFO,25/02/2025,09:18:28,22723.7,22721,2025,22723.75,225,75,8402625
NIFTY-II.NFO,25/02/2025,09:18:30,22723.7,22721,2025,22723.75,225,0,8402625
NIFTY-II.NFO,25/02/2025,09:18:31,22723,22721,2025,22723.75,225,75,8402625
NIFTY-II.NFO,25/02/2025,09:18:33,22723.75,22721,2175,22723.75,225,75,8402625
NIFTY-II.NFO,25/02/2025,09:18:35,22721,22721,1725,22723.9,75,1800,8421075
NIFTY-II.NFO,25/02/2025,09:18:36,22721,22723.75,75,22724,75,525,8421075
NIFTY-II.NFO,25/02/2025,09:18:38,22723.75,22721.7,75,22724,75,150,8421075
NIFTY-II.NFO,25/02/2025,09:18:39,22723.75,22721.7,75,22724,75,0,8421075
NIFTY-II.NFO,25/02/2025,09:18:41,22724.65,22721.7,75,22725,450,450,8421075
NIFTY-II.NFO,25/02/2025,09:18:43,22721.7,22721,1575,22724.7,75,75,8421075
NIFTY-II.NFO,25/02/2025,09:18:44,22723.05,22721,1575,22723.3,225,75,8421075
NIFTY-II.NFO,25/02/2025,09:18:48,22723.3,22721,1575,22723.45,75,375,8421075
NIFTY-II.NFO,25/02/2025,09:18:49,22721,22721,1500,22723.45,375,225,8421075
NIFTY-II.NFO,25/02/2025,09:18:51,22721,22721,1500,22722.2,150,0,8421075
NIFTY-II.NFO,25/02/2025,09:18:53,22721,22721,1425,22723.2,225,75,8421075
NIFTY-II.NFO,25/02/2025,09:18:54,22721,22721,1425,22723.25,150,0,8421075
NIFTY-II.NFO,25/02/2025,09:18:56,22724.15,22721,1425,22723.45,375,225,8421075
NIFTY-II.NFO,25/02/2025,09:18:58,22721,22720,150,22724.15,750,1425,8421075
NIFTY-II.NFO,25/02/2025,09:18:59,22721,22720,150,22724,375,75,8421075
NIFTY-II.NFO,25/02/2025,09:19:01,22719,22716,75,22720,150,225,8421075
NIFTY-II.NFO,25/02/2025,09:19:03,22719.4,22715.05,75,22719.95,525,300,8421075
NIFTY-II.NFO,25/02/2025,09:19:04,22715.05,22715,375,22719.9,150,150,8421075
NIFTY-II.NFO,25/02/2025,09:19:06,22719.85,22715,375,22719.75,375,75,8421075
NIFTY-II.NFO,25/02/2025,09:19:07,22719.55,22715,375,22719.7,450,75,8421075
NIFTY-II.NFO,25/02/2025,09:19:09,22718.9,22715,375,22718.3,150,75,8421075
NIFTY-II.NFO,25/02/2025,09:19:11,22715,22715,225,22718.2,150,450,8421075
NIFTY-II.NFO,25/02/2025,09:19:12,22715,22715,300,22718.1,150,0,8421075
NIFTY-II.NFO,25/02/2025,09:19:14,22716.25,22715,300,22716.25,75,75,8421075
NIFTY-II.NFO,25/02/2025,09:19:16,22716,22715,225,22716.15,75,150,8421075
NIFTY-II.NFO,25/02/2025,09:19:17,22715,22714,75,22715.3,75,225,8421075
NIFTY-II.NFO,25/02/2025,09:19:19,22715.25,22713.65,75,22715.25,300,300,8421075
NIFTY-II.NFO,25/02/2025,09:19:21,22715.25,22713.7,75,22715.2,75,525,8421075
NIFTY-II.NFO,25/02/2025,09:19:22,22713.8,22713.7,300,22715.2,150,150,8421075
NIFTY-II.NFO,25/02/2025,09:19:24,22715.5,22718,75,22720,375,375,8421075
NIFTY-II.NFO,25/02/2025,09:19:26,22715.25,22713.65,75,22713.7,600,150,8421075
NIFTY-II.NFO,25/02/2025,09:19:27,22715.25,22712,75,22713.7,600,0,8421075
NIFTY-II.NFO,25/02/2025,09:19:29,22713,22712,75,22713.7,600,75,8421075
NIFTY-II.NFO,25/02/2025,09:19:31,22713,22712,75,22712.7,750,0,8421075
NIFTY-II.NFO,25/02/2025,09:19:32,22712,22711.05,300,22712.7,750,75,8421075
NIFTY-II.NFO,25/02/2025,09:19:34,22711,22710.05,300,22712.7,675,225,8421075
NIFTY-II.NFO,25/02/2025,09:19:36,22711,22710,525,22712.7,675,0,8421075
NIFTY-II.NFO,25/02/2025,09:19:37,22710,22710,375,22711,75,225,8421075
NIFTY-II.NFO,25/02/2025,09:19:39,22710,22710,150,22712.7,450,450,8421075
NIFTY-II.NFO,25/02/2025,09:19:41,22710,22710,75,22712.7,450,150,8421075
NIFTY-II.NFO,25/02/2025,09:19:42,22712.7,22710,75,22712.7,975,225,8421075
NIFTY-II.NFO,25/02/2025,09:19:44,22710,22710.1,75,22712.7,975,75,8421075
NIFTY-II.NFO,25/02/2025,09:19:46,22710,22710.1,75,22712.7,975,0,8421075
NIFTY-II.NFO,25/02/2025,09:19:47,22712.7,22710.1,75,22712.7,900,75,8421075
NIFTY-II.NFO,25/02/2025,09:19:49,22710,22710,75,22711.75,150,300,8421075
NIFTY-II.NFO,25/02/2025,09:19:51,22710,22710,75,22711.55,150,75,8421075
NIFTY-II.NFO,25/02/2025,09:19:52,22711.65,22710,75,22712.25,75,225,8421075
NIFTY-II.NFO,25/02/2025,09:19:54,22705.45,22705.05,375,22710,150,1650,8421075
NIFTY-II.NFO,25/02/2025,09:19:54,22705.45,22705.05,375,22710,150,0,8421075
NIFTY-II.NFO,25/02/2025,09:19:56,22711.65,22711.65,525,22712.7,225,300,8421075
NIFTY-II.NFO,25/02/2025,09:19:56,22705.05,22711.65,525,22712.7,225,0,8421075
NIFTY-II.NFO,25/02/2025,09:19:57,22711.65,22705,150,22708.7,375,525,8421075
NIFTY-II.NFO,25/02/2025,09:19:59,22705,22704.8,75,22708.5,150,150,8421075
NIFTY-II.NFO,25/02/2025,09:19:59,22705,22704.8,75,22708.5,150,0,8421075
NIFTY-II.NFO,25/02/2025,09:20:01,22705.4,22704.8,75,22705.4,450,150,8421075
NIFTY-II.NFO,25/02/2025,09:20:02,22705.3,22702.9,75,22704.8,450,525,8421075
NIFTY-II.NFO,25/02/2025,09:20:02,22703,22702.9,75,22704.8,450,0,8421075
NIFTY-II.NFO,25/02/2025,09:20:04,22704.8,22704.1,300,22704.8,375,150,8421075
NIFTY-II.NFO,25/02/2025,09:20:06,22704.8,22704.05,225,22704.8,225,1050,8421075
NIFTY-II.NFO,25/02/2025,09:20:07,22705.45,22703.25,300,22705.4,225,300,8421075
NIFTY-II.NFO,25/02/2025,09:20:09,22703.35,22703.4,150,22705.45,225,2175,8421075
NIFTY-II.NFO,25/02/2025,09:20:11,22703.35,22704.8,75,22705,600,0,8421075
NIFTY-II.NFO,25/02/2025,09:20:12,22704.8,22704.45,300,22705,375,300,8421075
NIFTY-II.NFO,25/02/2025,09:20:14,22704,22704,225,22705,750,150,8421075
NIFTY-II.NFO,25/02/2025,09:20:16,22705,22701.1,300,22705,675,5325,8421075
NIFTY-II.NFO,25/02/2025,09:20:16,22698.7,22701.1,300,22705,675,0,8421075
NIFTY-II.NFO,25/02/2025,09:20:17,22700,22700,225,22705,750,2700,8421075
NIFTY-II.NFO,25/02/2025,09:20:19,22702.2,22702.2,225,22704.95,375,600,8421075
NIFTY-II.NFO,25/02/2025,09:20:21,22704.9,22702.05,75,22704.9,300,75,8421075
NIFTY-II.NFO,25/02/2025,09:20:22,22704,22703.7,225,22704.9,225,525,8421075
NIFTY-II.NFO,25/02/2025,09:20:24,22705.35,22705.2,375,22707,75,2775,8421075
NIFTY-II.NFO,25/02/2025,09:20:26,22707,22704.8,225,22706.95,150,1800,8421075
NIFTY-II.NFO,25/02/2025,09:20:27,22705,22705,75,22706.95,150,600,8421075
NIFTY-II.NFO,25/02/2025,09:20:29,22705,22705,75,22706.95,150,0,8421075
NIFTY-II.NFO,25/02/2025,09:20:31,22705,22704.15,300,22706.95,75,2925,8421075
NIFTY-II.NFO,25/02/2025,09:20:32,22703.95,22704.9,150,22706.95,75,1875,8421075
NIFTY-II.NFO,25/02/2025,09:20:34,22706.95,22704.9,225,22709.25,75,4350,8421075
NIFTY-II.NFO,25/02/2025,09:20:36,22706.95,22706.95,150,22709.25,150,3600,8421075
NIFTY-II.NFO,25/02/2025,09:20:37,22706.95,22706.95,75,22709,150,75,8421075
NIFTY-II.NFO,25/02/2025,09:20:39,22706.95,22702.25,75,22705,375,3675,8421075
NIFTY-II.NFO,25/02/2025,09:20:41,22706.95,22703,150,22705,375,0,8421075
NIFTY-II.NFO,25/02/2025,09:20:42,22706.95,22707,75,22708.95,300,2250,8421075
NIFTY-II.NFO,25/02/2025,09:20:44,22706.95,22706.95,75,22708.95,375,2100,8421075
NIFTY-II.NFO,25/02/2025,09:20:46,22708.95,22706.95,75,22709,150,225,8421075
NIFTY-II.NFO,25/02/2025,09:20:47,22705,22704,450,22708.95,75,150,8421075
NIFTY-II.NFO,25/02/2025,09:20:49,22707,22704,450,22708.95,75,75,8421075
NIFTY-II.NFO,25/02/2025,09:20:51,22708.95,22704.05,225,22709,225,75,8421075
NIFTY-II.NFO,25/02/2025,09:20:52,22709.25,22704.05,150,22709.95,300,300,8421075
NIFTY-II.NFO,25/02/2025,09:20:54,22708.95,22708.95,75,22709.9,300,75,8421075
NIFTY-II.NFO,25/02/2025,09:20:56,22706,22708.95,75,22709.9,75,225,8421075
NIFTY-II.NFO,25/02/2025,09:20:57,22708.95,22708.95,75,22709.9,150,150,8421075
NIFTY-II.NFO,25/02/2025,09:20:59,22704.05,22704,600,22709.8,300,300,8421075
NIFTY-II.NFO,25/02/2025,09:21:01,22709.85,22705.15,75,22709.85,75,150,8421075
NIFTY-II.NFO,25/02/2025,09:21:02,22709.85,22705.75,75,22709.8,525,0,8421075
NIFTY-II.NFO,25/02/2025,09:21:04,22709.75,22704,525,22709.75,375,75,8421075
NIFTY-II.NFO,25/02/2025,09:21:06,22704,22704,225,22709.65,450,450,8421075
NIFTY-II.NFO,25/02/2025,09:21:07,22703.4,22701.65,525,22702.8,375,450,8421075
NIFTY-II.NFO,25/02/2025,09:21:09,22702.8,22702.45,225,22702.8,75,1200,8421075
NIFTY-II.NFO,25/02/2025,09:21:10,22702.85,22703.05,225,22707.7,75,675,8421075
NIFTY-II.NFO,25/02/2025,09:21:12,22703.45,22703.05,150,22708.85,450,225,8421075
NIFTY-II.NFO,25/02/2025,09:21:14,22703.05,22703.1,300,22708.85,450,300,8421075
NIFTY-II.NFO,25/02/2025,09:21:15,22703.45,22703.45,75,22707,150,225,8421075
NIFTY-II.NFO,25/02/2025,09:21:17,22707,22703.15,75,22707,75,300,8421075
NIFTY-II.NFO,25/02/2025,09:21:19,22703.3,22703,75,22706.9,300,375,8421075
NIFTY-II.NFO,25/02/2025,09:21:20,22708.5,22705,75,22706.3,75,1200,8421075
NIFTY-II.NFO,25/02/2025,09:21:22,22708.45,22702,225,22708.35,225,450,8421075
NIFTY-II.NFO,25/02/2025,09:21:24,22708.45,22705,75,22708.35,225,0,8421075
NIFTY-II.NFO,25/02/2025,09:21:25,22705,22703.45,75,22705,750,300,8421075
NIFTY-II.NFO,25/02/2025,09:21:27,22705,22703.45,75,22705,750,150,8421075
NIFTY-II.NFO,25/02/2025,09:21:29,22705,22703.45,150,22705,675,75,8421075
NIFTY-II.NFO,25/02/2025,09:21:30,22705,22703.45,150,22705,675,0,8421075
NIFTY-II.NFO,25/02/2025,09:21:32,22705,22703.45,150,22705,750,75,8421075
NIFTY-II.NFO,25/02/2025,09:21:33,22703.45,22703.45,75,22705,750,75,8421075
NIFTY-II.NFO,25/02/2025,09:21:35,22701.6,22701.1,75,22703.45,375,525,8470125
NIFTY-II.NFO,25/02/2025,09:21:37,22703.45,22701.1,75,22703.45,300,75,8470125
NIFTY-II.NFO,25/02/2025,09:21:38,22703.3,22701.1,75,22703.45,300,75,8470125
NIFTY-II.NFO,25/02/2025,09:21:40,22700,22700.2,300,22703.45,75,450,8470125
NIFTY-II.NFO,25/02/2025,09:21:42,22703.45,22703.45,75,22705,825,75,8470125
NIFTY-II.NFO,25/02/2025,09:21:43,22701.05,22700.55,300,22705,750,300,8470125
NIFTY-II.NFO,25/02/2025,09:21:45,22701.05,22700,450,22705,975,0,8470125
NIFTY-II.NFO,25/02/2025,09:21:47,22700,22700,300,22705,975,450,8470125
NIFTY-II.NFO,25/02/2025,09:21:48,22700.05,22700,225,22702,75,150,8470125
NIFTY-II.NFO,25/02/2025,09:21:50,22702,22700,450,22702,75,75,8470125
NIFTY-II.NFO,25/02/2025,09:21:52,22700.05,22700.05,75,22702,75,75,8470125
NIFTY-II.NFO,25/02/2025,09:21:53,22700,22699.5,375,22700,225,1275,8470125
NIFTY-II.NFO,25/02/2025,09:21:55,22700.4,22700,75,22705,450,525,8470125
NIFTY-II.NFO,25/02/2025,09:21:57,22700,22698.75,300,22704.95,300,150,8470125
NIFTY-II.NFO,25/02/2025,09:21:58,22704.95,22698.55,75,22704.95,450,525,8470125
NIFTY-II.NFO,25/02/2025,09:21:58,22697.8,22698.55,75,22704.95,450,0,8470125
NIFTY-II.NFO,25/02/2025,09:22:00,22698.35,22698.4,75,22704.65,300,450,8470125
NIFTY-II.NFO,25/02/2025,09:22:02,22700,22700,450,22704.6,525,375,8470125
NIFTY-II.NFO,25/02/2025,09:22:03,22700,22700.05,225,22703.8,150,1950,8470125
NIFTY-II.NFO,25/02/2025,09:22:05,22703.75,22701.75,375,22703.75,375,150,8470125
NIFTY-II.NFO,25/02/2025,09:22:07,22701.95,22702.2,225,22703.75,225,1200,8470125
NIFTY-II.NFO,25/02/2025,09:22:08,22705,22703.7,450,22705,300,900,8470125
NIFTY-II.NFO,25/02/2025,09:22:10,22710,22710.05,150,22712,75,1200,8470125
NIFTY-II.NFO,25/02/2025,09:22:12,22710.05,22710.05,75,22712,75,75,8470125
NIFTY-II.NFO,25/02/2025,09:22:13,22706.75,22706.5,75,22712,75,600,8470125
NIFTY-II.NFO,25/02/2025,09:22:15,22706.75,22707,75,22712,150,0,8470125
NIFTY-II.NFO,25/02/2025,09:22:17,22712,22712,225,22712.7,75,150,8470125
NIFTY-II.NFO,25/02/2025,09:22:18,22712,22712,75,22713,75,450,8470125
NIFTY-II.NFO,25/02/2025,09:22:20,22712,22708.85,75,22713,75,75,8470125
NIFTY-II.NFO,25/02/2025,09:22:22,22713.95,22707.65,75,22713.95,450,150,8470125
NIFTY-II.NFO,25/02/2025,09:22:23,22713.95,22707.25,75,22713.95,375,0,8470125
NIFTY-II.NFO,25/02/2025,09:22:25,22713.95,22712.7,75,22713.95,375,75,8470125
NIFTY-II.NFO,25/02/2025,09:22:27,22712,22706.25,150,22713.9,300,225,8470125
NIFTY-II.NFO,25/02/2025,09:22:28,22713.9,22713,75,22713.9,375,600,8470125
NIFTY-II.NFO,25/02/2025,09:22:30,22713,22706.05,225,22713.9,300,75,8470125
NIFTY-II.NFO,25/02/2025,09:22:32,22713.95,22713.95,150,22714,75,825,8470125
NIFTY-II.NFO,25/02/2025,09:22:33,22706.75,22708.25,75,22713.85,300,375,8470125
NIFTY-II.NFO,25/02/2025,09:22:35,22713.9,22706.05,300,22713.95,300,450,8470125
NIFTY-II.NFO,25/02/2025,09:22:37,22713.95,22706.05,300,22713.95,450,75,8470125
NIFTY-II.NFO,25/02/2025,09:22:38,22713.25,22706,75,22713.8,150,225,8470125
NIFTY-II.NFO,25/02/2025,09:22:40,22713.85,22707,75,22713.85,450,225,8470125
NIFTY-II.NFO,25/02/2025,09:22:42,22713.85,22707.6,375,22713.9,75,0,8470125
NIFTY-II.NFO,25/02/2025,09:22:43,22713.85,22707.4,375,22713.9,75,0,8470125
NIFTY-II.NFO,25/02/2025,09:22:45,22707.05,22710,75,22713.85,75,225,8470125
NIFTY-II.NFO,25/02/2025,09:22:47,22707.05,22711.55,75,22713.85,75,0,8470125
NIFTY-II.NFO,25/02/2025,09:22:48,22711.55,22710,75,22713.9,75,150,8470125
NIFTY-II.NFO,25/02/2025,09:22:50,22712.95,22710,300,22713,75,150,8470125
NIFTY-II.NFO,25/02/2025,09:22:52,22713,22710,300,22713.6,75,75,8470125
NIFTY-II.NFO,25/02/2025,09:22:53,22713.9,22710,300,22712.95,75,525,8470125
NIFTY-II.NFO,25/02/2025,09:22:55,22713.85,22711.55,75,22713.95,150,450,8470125
NIFTY-II.NFO,25/02/2025,09:22:57,22713.85,22711.6,225,22713.95,150,150,8470125
NIFTY-II.NFO,25/02/2025,09:22:58,22713.85,22711.6,225,22713.9,150,75,8470125
NIFTY-II.NFO,25/02/2025,09:23:00,22711.7,22711.6,225,22714.4,225,1125,8470125
NIFTY-II.NFO,25/02/2025,09:23:02,22711.7,22711.6,225,22713,150,0,8470125
NIFTY-II.NFO,25/02/2025,09:23:03,22711.7,22712.45,75,22712.95,525,0,8470125
NIFTY-II.NFO,25/02/2025,09:23:05,22712.45,22711.6,225,22712.45,150,375,8470125
NIFTY-II.NFO,25/02/2025,09:23:07,22711.6,22711.6,225,22712.45,150,225,8470125
NIFTY-II.NFO,25/02/2025,09:23:08,22712.45,22711.6,225,22712.95,150,150,8470125
NIFTY-II.NFO,25/02/2025,09:23:10,22713,22714.4,1500,22714.55,75,450,8470125
NIFTY-II.NFO,25/02/2025,09:23:12,22714.4,22714.4,1425,22714.5,225,150,8470125
NIFTY-II.NFO,25/02/2025,09:23:13,22711.95,22709.4,450,22712.95,75,4125,8470125
NIFTY-II.NFO,25/02/2025,09:23:15,22711.95,22709.9,450,22713.95,75,0,8470125
NIFTY-II.NFO,25/02/2025,09:23:17,22711.95,22713,450,22713.95,75,225,8470125
NIFTY-II.NFO,25/02/2025,09:23:18,22711.95,22711.5,450,22713.95,75,0,8470125
NIFTY-II.NFO,25/02/2025,09:23:20,22711.5,22712,225,22713.95,75,225,8470125
NIFTY-II.NFO,25/02/2025,09:23:22,22713.95,22713.5,225,22714.9,75,75,8470125
NIFTY-II.NFO,25/02/2025,09:23:23,22714,22714,375,22714.9,75,300,8470125
NIFTY-II.NFO,25/02/2025,09:23:25,22715,22713.95,75,22715,375,2250,8470125
NIFTY-II.NFO,25/02/2025,09:23:27,22715,22713.95,75,22715,375,0,8470125
NIFTY-II.NFO,25/02/2025,09:23:28,22715,22713.95,525,22715,375,0,8470125
NIFTY-II.NFO,25/02/2025,09:23:30,22714.45,22713.95,525,22716,150,450,8470125
NIFTY-II.NFO,25/02/2025,09:23:32,22714.45,22714.95,450,22716,150,75,8470125
NIFTY-II.NFO,25/02/2025,09:23:33,22714.45,22714.95,450,22716,150,0,8470125
NIFTY-II.NFO,25/02/2025,09:23:35,22716,22713.95,525,22716,75,150,8470125
NIFTY-II.NFO,25/02/2025,09:23:37,22713.95,22713.95,450,22716,75,75,8470125
NIFTY-II.NFO,25/02/2025,09:23:38,22713.95,22715.45,450,22716,75,75,8470125
NIFTY-II.NFO,25/02/2025,09:23:40,22716,22715.45,450,22718.6,75,225,8470125
NIFTY-II.NFO,25/02/2025,09:23:41,22717.9,22714.45,450,22718.5,300,75,8470125
NIFTY-II.NFO,25/02/2025,09:23:43,22718.55,22714.45,450,22717.95,375,75,8470125
NIFTY-II.NFO,25/02/2025,09:23:45,22718.55,22713.95,675,22717.15,675,0,8470125
NIFTY-II.NFO,25/02/2025,09:23:46,22713.95,22712.45,450,22715,75,225,8470125
NIFTY-II.NFO,25/02/2025,09:23:48,22715.95,22712.45,600,22716.35,375,150,8470125
NIFTY-II.NFO,25/02/2025,09:23:50,22716.25,22712.45,150,22715.95,675,525,8470125
NIFTY-II.NFO,25/02/2025,09:23:51,22715.95,22712.45,600,22715.5,825,150,8470125
NIFTY-II.NFO,25/02/2025,09:23:53,22714.15,22711,150,22714.45,450,525,8470125
NIFTY-II.NFO,25/02/2025,09:23:55,22711.45,22711.95,375,22715.05,600,75,8470125
NIFTY-II.NFO,25/02/2025,09:23:56,22711.45,22711.95,450,22714.95,75,0,8470125
NIFTY-II.NFO,25/02/2025,09:23:58,22714.9,22711.95,375,22714.95,75,75,8470125
NIFTY-II.NFO,25/02/2025,09:23:59,22713.45,22713.45,75,22716.85,450,525,8470125
NIFTY-II.NFO,25/02/2025,09:24:01,22711.05,22711,150,22716.8,525,150,8470125
NIFTY-II.NFO,25/02/2025,09:24:03,22711.05,22714.45,450,22715.95,75,0,8470125
NIFTY-II.NFO,25/02/2025,09:24:04,22715.9,22716.95,375,22718.75,75,900,8470125
NIFTY-II.NFO,25/02/2025,09:24:06,22720,22717.95,300,22720,300,300,8470125
NIFTY-II.NFO,25/02/2025,09:24:07,22718.45,22716.95,225,22719.95,75,225,8470125
NIFTY-II.NFO,25/02/2025,09:24:09,22718.45,22717.45,225,22719.95,150,0,8470125
NIFTY-II.NFO,25/02/2025,09:24:11,22718.45,22716.45,225,22719.95,75,0,8470125
NIFTY-II.NFO,25/02/2025,09:24:12,22718.45,22717.45,225,22719.95,75,75,8470125
NIFTY-II.NFO,25/02/2025,09:24:14,22721,22718.95,225,22721.65,525,675,8470125
NIFTY-II.NFO,25/02/2025,09:24:16,22721.95,22718.95,225,22722,75,75,8470125
NIFTY-II.NFO,25/02/2025,09:24:17,22721.85,22718,450,22721.95,75,150,8470125
NIFTY-II.NFO,25/02/2025,09:24:19,22721.9,22718,375,22721.65,75,450,8470125
NIFTY-II.NFO,25/02/2025,09:24:21,22721.55,22718,375,22720,150,150,8470125
NIFTY-II.NFO,25/02/2025,09:24:22,22718,22718,375,22719.2,150,75,8470125
NIFTY-II.NFO,25/02/2025,09:24:24,22719.5,22718,75,22719.55,150,525,8470125
NIFTY-II.NFO,25/02/2025,09:24:26,22719.5,22718,75,22720.8,150,1800,8470125
NIFTY-II.NFO,25/02/2025,09:24:27,22721.95,22719.2,75,22721,75,225,8470125
NIFTY-II.NFO,25/02/2025,09:24:29,22720.95,22718,75,22721,75,225,8470125
NIFTY-II.NFO,25/02/2025,09:24:31,22720,22718.45,150,22721,75,150,8470125
NIFTY-II.NFO,25/02/2025,09:24:33,22720,22718.45,150,22721,150,150,8470125
NIFTY-II.NFO,25/02/2025,09:24:34,22721,22718.45,150,22721,75,150,8488650
NIFTY-II.NFO,25/02/2025,09:24:36,22719.45,22718.05,300,22721,75,150,8488650
NIFTY-II.NFO,25/02/2025,09:24:38,22724.95,22719.45,225,22725,1200,1500,8488650
NIFTY-II.NFO,25/02/2025,09:24:39,22724.95,22719.5,375,22725,450,75,8488650
NIFTY-II.NFO,25/02/2025,09:24:41,22725,22719.7,225,22724.45,75,75,8488650
NIFTY-II.NFO,25/02/2025,09:24:43,22723.15,22721,225,22723.5,150,375,8488650
NIFTY-II.NFO,25/02/2025,09:24:44,22722,22721.05,375,22724.45,75,75,8488650
NIFTY-II.NFO,25/02/2025,09:24:46,22724.45,22724.45,75,22724.5,150,75,8488650
NIFTY-II.NFO,25/02/2025,09:24:48,22724.55,22724.45,75,22724.55,150,375,8488650
NIFTY-II.NFO,25/02/2025,09:24:49,22725,22724.55,375,22724.6,150,225,8488650
NIFTY-II.NFO,25/02/2025,09:24:51,22722.9,22721,225,22724.55,225,675,8488650
NIFTY-II.NFO,25/02/2025,09:24:53,22722.9,22721,300,22724.55,225,0,8488650
NIFTY-II.NFO,25/02/2025,09:24:54,22720.25,22720,300,22724.55,225,375,8488650
NIFTY-II.NFO,25/02/2025,09:24:56,22725,22725,600,22725.7,300,525,8488650
NIFTY-II.NFO,25/02/2025,09:24:58,22725,22720,300,22724.9,150,675,8488650
NIFTY-II.NFO,25/02/2025,09:24:59,22720,22720,225,22724.9,150,150,8488650
NIFTY-II.NFO,25/02/2025,09:25:01,22720,22720,225,22724.7,75,75,8488650
NIFTY-II.NFO,25/02/2025,09:25:03,22720,22720,675,22723.45,75,1725,8488650
NIFTY-II.NFO,25/02/2025,09:25:04,22722.9,22720,750,22721.95,375,75,8488650
NIFTY-II.NFO,25/02/2025,09:25:06,22720,22720.25,75,22720.35,150,675,8488650
NIFTY-II.NFO,25/02/2025,09:25:08,22719.75,22715.95,300,22720.25,675,375,8488650
NIFTY-II.NFO,25/02/2025,09:25:09,22720.45,22715.95,300,22718.45,75,750,8488650
NIFTY-II.NFO,25/02/2025,09:25:11,22720.45,22715.95,300,22717.5,300,0,8488650
NIFTY-II.NFO,25/02/2025,09:25:13,22714,22711,225,22716.8,825,900,8488650
NIFTY-II.NFO,25/02/2025,09:25:14,22716.8,22711,225,22715.7,300,75,8488650
NIFTY-II.NFO,25/02/2025,09:25:16,22716.8,22711,225,22715.7,300,225,8488650
NIFTY-II.NFO,25/02/2025,09:25:18,22715.7,22712,75,22715.7,150,75,8488650
NIFTY-II.NFO,25/02/2025,09:25:19,22715.7,22712,75,22715.7,75,75,8488650
NIFTY-II.NFO,25/02/2025,09:25:21,22712,22711,225,22715.7,150,150,8488650
NIFTY-II.NFO,25/02/2025,09:25:23,22712,22711,225,22715.7,150,0,8488650
NIFTY-II.NFO,25/02/2025,09:25:24,22715.7,22711,225,22715.7,150,1575,8488650
NIFTY-II.NFO,25/02/2025,09:25:26,22715.7,22712,75,22715.7,150,75,8488650
NIFTY-II.NFO,25/02/2025,09:25:28,22715.7,22712,150,22715.65,75,0,8488650
NIFTY-II.NFO,25/02/2025,09:25:29,22715.7,22712,150,22715.65,150,1500,8488650
NIFTY-II.NFO,25/02/2025,09:25:31,22712,22712,75,22715.65,150,225,8488650
NIFTY-II.NFO,25/02/2025,09:25:33,22712,22712,75,22715.65,150,0,8488650
NIFTY-II.NFO,25/02/2025,09:25:34,22715.6,22712,75,22715.65,225,225,8488650
NIFTY-II.NFO,25/02/2025,09:25:36,22711,22711,150,22714.6,450,150,8488650
NIFTY-II.NFO,25/02/2025,09:25:38,22712,22710,450,22714.15,150,375,8488650
NIFTY-II.NFO,25/02/2025,09:25:39,22715,22710,450,22714.85,75,150,8488650
NIFTY-II.NFO,25/02/2025,09:25:41,22711,22710.05,300,22715.3,150,525,8488650
NIFTY-II.NFO,25/02/2025,09:25:43,22711,22710.05,375,22715.65,75,0,8488650
NIFTY-II.NFO,25/02/2025,09:25:44,22714.45,22710.05,300,22715.65,75,1125,8488650
NIFTY-II.NFO,25/02/2025,09:25:46,22714.45,22710,450,22714.7,75,0,8488650
NIFTY-II.NFO,25/02/2025,09:25:48,22712,22710,450,22714.7,75,75,8488650
NIFTY-II.NFO,25/02/2025,09:25:49,22710,22710,375,22714.25,225,75,8488650
NIFTY-II.NFO,25/02/2025,09:25:51,22710,22710,375,22713.05,450,150,8488650
NIFTY-II.NFO,25/02/2025,09:25:53,22712.85,22710,450,22712.25,225,225,8488650
NIFTY-II.NFO,25/02/2025,09:25:54,22705,22705,150,22709.5,75,675,8488650
NIFTY-II.NFO,25/02/2025,09:25:56,22710.3,22705,150,22710.3,225,150,8488650
NIFTY-II.NFO,25/02/2025,09:25:58,22709.95,22705,150,22710.15,150,225,8488650
NIFTY-II.NFO,25/02/2025,09:25:59,22710.15,22705.45,450,22709.65,150,2025,8488650
NIFTY-II.NFO,25/02/2025,09:26:01,22705.95,22705.95,450,22708.95,75,2250,8488650
NIFTY-II.NFO,25/02/2025,09:26:03,22707.95,22705.95,450,22709.05,150,675,8488650
NIFTY-II.NFO,25/02/2025,09:26:04,22704.95,22703.95,300,22707.95,75,150,8488650
NIFTY-II.NFO,25/02/2025,09:26:06,22709.9,22703.95,225,22708.85,525,4425,8488650
NIFTY-II.NFO,25/02/2025,09:26:08,22709.9,22703.45,225,22707.65,150,0,8488650
NIFTY-II.NFO,25/02/2025,09:26:09,22706.1,22702,75,22704.7,75,3300,8488650
NIFTY-II.NFO,25/02/2025,09:26:11,22701.95,22700.4,450,22704.6,75,2250,8488650
NIFTY-II.NFO,25/02/2025,09:26:11,22696.4,22700.4,450,22704.6,75,0,8488650
NIFTY-II.NFO,25/02/2025,09:26:13,22701.95,22700.4,450,22705.75,675,75,8488650
NIFTY-II.NFO,25/02/2025,09:26:14,22701.95,22699.9,450,22704.4,600,0,8488650
NIFTY-II.NFO,25/02/2025,09:26:16,22701.95,22698.4,450,22702.75,75,0,8488650
NIFTY-II.NFO,25/02/2025,09:26:18,22700,22700,225,22702.95,75,1725,8488650
NIFTY-II.NFO,25/02/2025,09:26:19,22700,22700,225,22701.95,150,150,8488650
NIFTY-II.NFO,25/02/2025,09:26:21,22700,22700,225,22701.75,75,375,8488650
NIFTY-II.NFO,25/02/2025,09:26:23,22703,22700,150,22704.25,75,300,8488650
NIFTY-II.NFO,25/02/2025,09:26:24,22700.4,22700,75,22703,150,3000,8488650
NIFTY-II.NFO,25/02/2025,09:26:26,22700,22698,75,22702.4,75,2775,8488650
NIFTY-II.NFO,25/02/2025,09:26:28,22700,22700,75,22702.4,225,1725,8488650
NIFTY-II.NFO,25/02/2025,09:26:29,22698.05,22700,75,22702.4,225,150,8488650
NIFTY-II.NFO,25/02/2025,09:26:31,22700,22698.4,450,22702.4,150,300,8488650
NIFTY-II.NFO,25/02/2025,09:26:33,22700,22700.05,375,22702.4,150,3300,8488650
NIFTY-II.NFO,25/02/2025,09:26:34,22702.4,22700,75,22702.4,150,975,8488650
NIFTY-II.NFO,25/02/2025,09:26:36,22702.4,22700,75,22702.4,225,3000,8488650
NIFTY-II.NFO,25/02/2025,09:26:38,22702.4,22700,75,22702.4,225,3000,8488650
NIFTY-II.NFO,25/02/2025,09:26:39,22702.4,22700,450,22702.4,225,1650,8488650
NIFTY-II.NFO,25/02/2025,09:26:41,22702.4,22700.05,150,22703,75,600,8488650
NIFTY-II.NFO,25/02/2025,09:26:43,22703,22702.4,75,22706,7200,75,8488650
NIFTY-II.NFO,25/02/2025,09:26:44,22702.45,22702.45,75,22706,7200,75,8488650
NIFTY-II.NFO,25/02/2025,09:26:46,22702.45,22702.4,150,22706,7200,1575,8488650
NIFTY-II.NFO,25/02/2025,09:26:48,22702.4,22702.4,150,22706,7200,1650,8488650
NIFTY-II.NFO,25/02/2025,09:26:49,22706,22702.45,150,22706,7125,75,8488650
NIFTY-II.NFO,25/02/2025,09:26:51,22703.05,22703.05,75,22706,7125,2175,8488650
NIFTY-II.NFO,25/02/2025,09:26:53,22706,22703.05,150,22706,6000,2775,8488650
NIFTY-II.NFO,25/02/2025,09:26:54,22706,22705.05,75,22707.85,75,6225,8488650
NIFTY-II.NFO,25/02/2025,09:26:56,22703.05,22703.05,150,22707.85,75,75,8488650
NIFTY-II.NFO,25/02/2025,09:26:58,22707.85,22704.05,150,22709,75,75,8488650
NIFTY-II.NFO,25/02/2025,09:26:59,22707.85,22704.05,75,22709,75,1500,8488650
NIFTY-II.NFO,25/02/2025,09:27:01,22709,22706.4,525,22709.9,150,150,8488650
NIFTY-II.NFO,25/02/2025,09:27:03,22709,22708.4,450,22709.9,150,150,8488650
NIFTY-II.NFO,25/02/2025,09:27:04,22709.05,22708.9,450,22713,75,375,8488650
NIFTY-II.NFO,25/02/2025,09:27:06,22709.05,22710,150,22713,75,0,8488650
NIFTY-II.NFO,25/02/2025,09:27:08,22713,22713,75,22714.7,75,1575,8488650
NIFTY-II.NFO,25/02/2025,09:27:09,22713,22710,75,22714.65,600,225,8488650
NIFTY-II.NFO,25/02/2025,09:27:11,22713,22710.05,75,22712.6,975,600,8488650
NIFTY-II.NFO,25/02/2025,09:27:13,22710,22710,75,22710.05,75,525,8488650
NIFTY-II.NFO,25/02/2025,09:27:14,22705.4,22706.4,375,22711,75,375,8488650
NIFTY-II.NFO,25/02/2025,09:27:16,22705.4,22706.4,375,22710.95,675,0,8488650
NIFTY-II.NFO,25/02/2025,09:27:18,22705.4,22706.4,375,22710.95,600,0,8488650
NIFTY-II.NFO,25/02/2025,09:27:19,22710.9,22710,75,22710.65,525,375,8488650
NIFTY-II.NFO,25/02/2025,09:27:21,22705.4,22705.05,675,22710.9,75,450,8488650
NIFTY-II.NFO,25/02/2025,09:27:23,22710,22705.05,750,22712.85,600,150,8488650
NIFTY-II.NFO,25/02/2025,09:27:24,22710,22711,75,22712.95,750,0,8488650
NIFTY-II.NFO,25/02/2025,09:27:26,22710,22711.05,75,22712.1,225,150,8488650
NIFTY-II.NFO,25/02/2025,09:27:28,22712.75,22711.05,75,22713.15,375,75,8488650
NIFTY-II.NFO,25/02/2025,09:27:29,22711,22712.1,300,22713.8,75,150,8488650
NIFTY-II.NFO,25/02/2025,09:27:31,22707,22707,150,22712.65,525,1575,8488650
NIFTY-II.NFO,25/02/2025,09:27:33,22707,22707.2,600,22713.3,525,0,8488650
NIFTY-II.NFO,25/02/2025,09:27:34,22713.3,22708.05,150,22713.85,450,225,8488650
NIFTY-II.NFO,25/02/2025,09:27:36,22713.3,22707.05,75,22711.65,750,25425,8543025
NIFTY-II.NFO,25/02/2025,09:27:38,22713.3,22707.15,75,22708.6,75,1725,8543025
NIFTY-II.NFO,25/02/2025,09:27:39,22708.4,22708.4,375,22712.95,75,225,8543025
NIFTY-II.NFO,25/02/2025,09:27:41,22712.3,22710,300,22712.1,75,300,8543025
NIFTY-II.NFO,25/02/2025,09:27:43,22712.3,22710,300,22712.15,75,0,8543025
NIFTY-II.NFO,25/02/2025,09:27:44,22712.15,22710,300,22710.95,75,11775,8543025
NIFTY-II.NFO,25/02/2025,09:27:46,22710,22710,300,22712.1,525,300,8543025
NIFTY-II.NFO,25/02/2025,09:27:48,22711.7,22710,75,22712,75,300,8543025
NIFTY-II.NFO,25/02/2025,09:27:49,22711.45,22708.45,75,22712,75,450,8543025
NIFTY-II.NFO,25/02/2025,09:27:51,22712,22710,75,22712.3,300,300,8543025
NIFTY-II.NFO,25/02/2025,09:27:53,22709.45,22710.05,75,22712.95,75,300,8543025
NIFTY-II.NFO,25/02/2025,09:27:54,22713,22711.45,525,22713,150,300,8543025
NIFTY-II.NFO,25/02/2025,09:27:56,22713.3,22712.95,525,22715,150,450,8543025
NIFTY-II.NFO,25/02/2025,09:27:58,22715,22714.95,75,22718,75,150,8543025
NIFTY-II.NFO,25/02/2025,09:27:59,22712.5,22712.25,675,22718.95,75,1725,8543025
NIFTY-II.NFO,25/02/2025,09:28:01,22712.5,22714.05,75,22719,75,0,8543025
NIFTY-II.NFO,25/02/2025,09:28:03,22712.7,22712.05,75,22718.95,150,525,8543025
NIFTY-II.NFO,25/02/2025,09:28:04,22712.7,22713,225,22717.95,75,75,8543025
NIFTY-II.NFO,25/02/2025,09:28:06,22717.95,22714.1,75,22718,150,150,8543025
NIFTY-II.NFO,25/02/2025,09:28:08,22717.95,22714.1,75,22718,150,75,8543025
NIFTY-II.NFO,25/02/2025,09:28:09,22717.95,22714.1,75,22718,150,0,8543025
NIFTY-II.NFO,25/02/2025,09:28:11,22717.95,22712.05,75,22717.9,75,1875,8543025
NIFTY-II.NFO,25/02/2025,09:28:13,22717.9,22714.05,75,22720,900,225,8543025
NIFTY-II.NFO,25/02/2025,09:28:14,22717.9,22715.05,75,22717.95,300,0,8543025
NIFTY-II.NFO,25/02/2025,09:28:16,22717.95,22716.4,450,22720,900,300,8543025
NIFTY-II.NFO,25/02/2025,09:28:18,22717.95,22717.9,450,22720,900,0,8543025
NIFTY-II.NFO,25/02/2025,09:28:19,22720.05,22720.05,75,22725,450,1200,8543025
NIFTY-II.NFO,25/02/2025,09:28:21,22720,22722.05,75,22725,450,1200,8543025
NIFTY-II.NFO,25/02/2025,09:28:23,22725,22722.9,450,22725,375,75,8543025
NIFTY-II.NFO,25/02/2025,09:28:24,22725,22723.05,75,22725,300,75,8543025
NIFTY-II.NFO,25/02/2025,09:28:26,22725,22722.45,75,22725,300,300,8543025
NIFTY-II.NFO,25/02/2025,09:28:28,22725,22722.4,450,22725,225,150,8543025
NIFTY-II.NFO,25/02/2025,09:28:29,22727.9,22724.05,75,22728,150,300,8543025
NIFTY-II.NFO,25/02/2025,09:28:31,22728,22724.05,75,22728,300,150,8543025
NIFTY-II.NFO,25/02/2025,09:28:33,22728,22725.4,450,22728,300,0,8543025
NIFTY-II.NFO,25/02/2025,09:28:34,22728,22725,75,22727.95,600,75,8543025
NIFTY-II.NFO,25/02/2025,09:28:36,22725,22723,75,22727.9,600,150,8543025
NIFTY-II.NFO,25/02/2025,09:28:38,22725,22723.05,75,22727.7,600,0,8543025
NIFTY-II.NFO,25/02/2025,09:28:39,22725,22723,75,22727.5,600,150,8543025
NIFTY-II.NFO,25/02/2025,09:28:41,22726.8,22723,75,22726.7,600,75,8543025
NIFTY-II.NFO,25/02/2025,09:28:43,22726.9,22723,75,22726.9,600,75,8543025
NIFTY-II.NFO,25/02/2025,09:28:44,22726.9,22723,75,22726.25,600,0,8543025
NIFTY-II.NFO,25/02/2025,09:28:46,22720.1,22720,150,22724.6,675,3225,8543025
NIFTY-II.NFO,25/02/2025,09:28:48,22720.1,22720,150,22725.65,600,0,8543025
NIFTY-II.NFO,25/02/2025,09:28:50,22720.1,22720.05,75,22725.55,600,450,8543025
NIFTY-II.NFO,25/02/2025,09:28:51,22720.1,22721.05,75,22725.5,225,75,8543025
NIFTY-II.NFO,25/02/2025,09:28:53,22725.5,22720.9,450,22725.5,150,75,8543025
NIFTY-II.NFO,25/02/2025,09:28:55,22720.9,22720,375,22722.4,75,450,8543025
NIFTY-II.NFO,25/02/2025,09:28:56,22720.9,22720.1,75,22722.4,75,1200,8543025
NIFTY-II.NFO,25/02/2025,09:28:58,22720.9,22720.1,75,22722.4,75,0,8543025
NIFTY-II.NFO,25/02/2025,09:29:00,22721,22720.1,75,22721.25,225,225,8543025
NIFTY-II.NFO,25/02/2025,09:29:01,22720.1,22720,375,22720.15,225,150,8543025
NIFTY-II.NFO,25/02/2025,09:29:03,22717.3,22712.05,600,22718.4,375,1125,8543025
NIFTY-II.NFO,25/02/2025,09:29:05,22718.25,22715,75,22719.4,75,75,8543025
NIFTY-II.NFO,25/02/2025,09:29:06,22719.3,22714.1,600,22719.35,75,375,8543025
NIFTY-II.NFO,25/02/2025,09:29:08,22713.35,22714.1,600,22719.35,75,150,8543025
NIFTY-II.NFO,25/02/2025,09:29:10,22713.35,22714.3,600,22719.35,300,0,8543025
NIFTY-II.NFO,25/02/2025,09:29:11,22719.3,22712.05,600,22719.3,225,75,8543025
NIFTY-II.NFO,25/02/2025,09:29:13,22719.3,22713.4,600,22719.25,225,0,8543025
NIFTY-II.NFO,25/02/2025,09:29:15,22719.3,22714.1,600,22719,75,0,8543025
NIFTY-II.NFO,25/02/2025,09:29:16,22719.3,22714,75,22718.95,225,0,8543025
NIFTY-II.NFO,25/02/2025,09:29:18,22718.95,22714,75,22718.95,375,225,8543025
NIFTY-II.NFO,25/02/2025,09:29:20,22718.95,22714,75,22719,75,300,8543025
NIFTY-II.NFO,25/02/2025,09:29:21,22718.9,22714,75,22718.2,150,225,8543025
NIFTY-II.NFO,25/02/2025,09:29:23,22718.9,22714,75,22718.9,300,0,8543025
NIFTY-II.NFO,25/02/2025,09:29:25,22715.45,22716.15,675,22718.95,75,375,8543025
NIFTY-II.NFO,25/02/2025,09:29:26,22718.95,22716.1,375,22719.3,75,300,8543025
NIFTY-II.NFO,25/02/2025,09:29:28,22718.95,22715.5,450,22719.3,150,0,8543025
NIFTY-II.NFO,25/02/2025,09:29:29,22718.95,22715,150,22719.3,150,300,8543025
NIFTY-II.NFO,25/02/2025,09:29:31,22718.95,22717.9,150,22719.3,150,0,8543025
NIFTY-II.NFO,25/02/2025,09:29:33,22717.85,22716.25,1500,22719.3,150,300,8543025
NIFTY-II.NFO,25/02/2025,09:29:34,22717.85,22715.25,600,22718.95,75,0,8543025
NIFTY-II.NFO,25/02/2025,09:29:36,22717.85,22715.05,600,22718.95,150,1500,8543025
NIFTY-II.NFO,25/02/2025,09:29:38,22717.85,22715.15,600,22718.95,225,0,8543025
NIFTY-II.NFO,25/02/2025,09:29:39,22717.85,22715.45,525,22718.95,225,1500,8543025
NIFTY-II.NFO,25/02/2025,09:29:41,22717.85,22715,150,22718.95,225,150,8543025
NIFTY-II.NFO,25/02/2025,09:29:42,22720.5,22716.3,525,22718.9,75,1725,8543025
NIFTY-II.NFO,25/02/2025,09:29:44,22720.9,22717,825,22718.9,75,225,8543025
NIFTY-II.NFO,25/02/2025,09:29:46,22717.15,22717.15,1050,22718.9,75,1725,8543025
NIFTY-II.NFO,25/02/2025,09:29:47,22718.9,22716.7,1200,22717.6,75,225,8543025
NIFTY-II.NFO,25/02/2025,09:29:49,22716.4,22716.15,1425,22720.85,300,600,8543025
NIFTY-II.NFO,25/02/2025,09:29:51,22716.15,22716.15,1350,22718.9,75,75,8543025
NIFTY-II.NFO,25/02/2025,09:29:52,22716,22715.05,600,22718.9,75,375,8543025
NIFTY-II.NFO,25/02/2025,09:29:54,22719.75,22716.95,450,22719.7,75,525,8543025
NIFTY-II.NFO,25/02/2025,09:29:56,22719.7,22717.55,525,22719.75,75,225,8543025
NIFTY-II.NFO,25/02/2025,09:29:57,22720,22719.75,1425,22720.9,600,900,8543025
NIFTY-II.NFO,25/02/2025,09:29:59,22719.75,22719.75,975,22720,225,525,8543025
NIFTY-II.NFO,25/02/2025,09:30:01,22717.95,22717.55,825,22719.7,300,2625,8543025
NIFTY-II.NFO,25/02/2025,09:30:02,22720.9,22718.9,450,22720.9,225,600,8543025
NIFTY-II.NFO,25/02/2025,09:30:04,22718.3,22718.3,600,22723.85,225,750,8543025
NIFTY-II.NFO,25/02/2025,09:30:06,22723.8,22717.45,600,22723.85,450,375,8543025
NIFTY-II.NFO,25/02/2025,09:30:07,22718.95,22718.7,525,22723.75,75,75,8543025
NIFTY-II.NFO,25/02/2025,09:30:09,22723.25,22718.9,450,22723.8,150,1050,8543025
NIFTY-II.NFO,25/02/2025,09:30:10,22720.9,22720.9,75,22722.6,300,150,8543025
NIFTY-II.NFO,25/02/2025,09:30:12,22720.9,22717.9,450,22722.5,150,2175,8543025
NIFTY-II.NFO,25/02/2025,09:30:14,22722.9,22716.4,300,22721.2,150,825,8543025
NIFTY-II.NFO,25/02/2025,09:30:15,22721.95,22716.4,300,22720.25,150,2250,8543025
NIFTY-II.NFO,25/02/2025,09:30:17,22720,22717,75,22719.8,150,75,8543025
NIFTY-II.NFO,25/02/2025,09:30:19,22716.4,22716.4,225,22719.15,150,2325,8543025
NIFTY-II.NFO,25/02/2025,09:30:20,22716.4,22716.4,150,22719.1,225,1950,8543025
NIFTY-II.NFO,25/02/2025,09:30:22,22715.55,22712.05,600,22715.5,75,1350,8543025
NIFTY-II.NFO,25/02/2025,09:30:24,22715,22712,75,22715.45,75,300,8543025
NIFTY-II.NFO,25/02/2025,09:30:25,22715.05,22712,75,22715.1,75,375,8543025
NIFTY-II.NFO,25/02/2025,09:30:27,22715.5,22715.1,75,22715.45,75,825,8543025
NIFTY-II.NFO,25/02/2025,09:30:29,22716.6,22716.4,75,22718,75,1275,8543025
NIFTY-II.NFO,25/02/2025,09:30:30,22715,22712.05,600,22715,150,150,8543025
NIFTY-II.NFO,25/02/2025,09:30:32,22718,22712.45,675,22720.7,300,600,8543025
NIFTY-II.NFO,25/02/2025,09:30:34,22718,22716.4,75,22719.5,375,0,8543025
NIFTY-II.NFO,25/02/2025,09:30:35,22718.6,22712.05,600,22718.4,300,150,8543025
NIFTY-II.NFO,25/02/2025,09:30:37,22718.6,22712.45,675,22718.4,300,150,8613900
NIFTY-II.NFO,25/02/2025,09:30:39,22718.6,22712.45,600,22718.4,300,75,8613900
NIFTY-II.NFO,25/02/2025,09:30:40,22718.6,22712,75,22713.65,75,0,8613900
NIFTY-II.NFO,25/02/2025,09:30:42,22713.75,22714.25,75,22714.95,150,300,8613900
NIFTY-II.NFO,25/02/2025,09:30:44,22713.45,22712.05,675,22719.35,300,900,8613900
NIFTY-II.NFO,25/02/2025,09:30:45,22711.4,22713.65,75,22717.85,675,2100,8613900
NIFTY-II.NFO,25/02/2025,09:30:47,22716.4,22714.95,1725,22718.95,75,600,8613900
NIFTY-II.NFO,25/02/2025,09:30:49,22716.4,22714.95,1725,22719.15,675,75,8613900
NIFTY-II.NFO,25/02/2025,09:30:50,22716.4,22714.95,1725,22719,75,0,8613900
NIFTY-II.NFO,25/02/2025,09:30:52,22716.4,22714.95,1725,22715,75,225,8613900
NIFTY-II.NFO,25/02/2025,09:30:54,22714.95,22714.95,1500,22717.95,75,600,8613900
NIFTY-II.NFO,25/02/2025,09:30:56,22717.95,22716.7,75,22717.6,75,225,8613900
NIFTY-II.NFO,25/02/2025,09:30:57,22717.2,22716,1500,22717.55,150,225,8613900
NIFTY-II.NFO,25/02/2025,09:30:59,22716,22716,1275,22717.55,150,225,8613900
NIFTY-II.NFO,25/02/2025,09:31:01,22716,22716,1125,22716.3,75,525,8613900
NIFTY-II.NFO,25/02/2025,09:31:02,22719.8,22716,825,22719.8,75,4650,8613900
NIFTY-II.NFO,25/02/2025,09:31:04,22716,22716,750,22719,75,75,8613900
NIFTY-II.NFO,25/02/2025,09:31:06,22716,22716,675,22716.95,150,3750,8613900
NIFTY-II.NFO,25/02/2025,09:31:07,22716.9,22716,75,22716.9,75,13950,8613900
NIFTY-II.NFO,25/02/2025,09:31:09,22716.9,22714.65,1800,22716.35,225,2250,8613900
NIFTY-II.NFO,25/02/2025,09:31:11,22716.3,22715.75,675,22716.8,150,525,8613900
NIFTY-II.NFO,25/02/2025,09:31:12,22717.8,22716,75,22719.5,150,375,8613900
NIFTY-II.NFO,25/02/2025,09:31:14,22715.35,22711.55,375,22715.35,150,450,8613900
NIFTY-II.NFO,25/02/2025,09:31:16,22715.4,22715.25,75,22716,75,225,8613900
NIFTY-II.NFO,25/02/2025,09:31:17,22715.95,22711.7,375,22715.95,150,375,8613900
NIFTY-II.NFO,25/02/2025,09:31:19,22715.95,22713.7,750,22715.95,150,1725,8613900
NIFTY-II.NFO,25/02/2025,09:31:21,22713.75,22712.95,1800,22715.95,150,150,8613900
NIFTY-II.NFO,25/02/2025,09:31:22,22715.95,22714.55,1800,22715.95,75,75,8613900
NIFTY-II.NFO,25/02/2025,09:31:24,22719,22714.8,750,22719.7,75,375,8613900
NIFTY-II.NFO,25/02/2025,09:31:26,22719,22715.5,1650,22719.7,75,0,8613900
NIFTY-II.NFO,25/02/2025,09:31:27,22720,22719.7,75,22720,300,375,8613900
NIFTY-II.NFO,25/02/2025,09:31:29,22715.95,22715.95,3450,22720,150,225,8613900
NIFTY-II.NFO,25/02/2025,09:31:31,22715.95,22715.95,1725,22719.7,75,75,8613900
NIFTY-II.NFO,25/02/2025,09:31:32,22720,22719.7,75,22720,150,225,8613900
NIFTY-II.NFO,25/02/2025,09:31:34,22720.4,22717.45,825,22720.4,75,525,8613900
NIFTY-II.NFO,25/02/2025,09:31:35,22720.9,22716,450,22720.95,75,750,8613900
NIFTY-II.NFO,25/02/2025,09:31:37,22718.85,22717.5,375,22723,150,1575,8613900
NIFTY-II.NFO,25/02/2025,09:31:39,22723,22719.05,825,22724,225,75,8613900
NIFTY-II.NFO,25/02/2025,09:31:40,22723.3,22716.7,375,22723.85,600,150,8613900
NIFTY-II.NFO,25/02/2025,09:31:42,22723.3,22717.15,450,22723.8,300,150,8613900
NIFTY-II.NFO,25/02/2025,09:31:44,22723.3,22718.5,600,22723.7,300,75,8613900
NIFTY-II.NFO,25/02/2025,09:31:45,22723.3,22719.7,450,22723.7,150,0,8613900
NIFTY-II.NFO,25/02/2025,09:31:47,22723.3,22720,150,22723.7,150,0,8613900
NIFTY-II.NFO,25/02/2025,09:31:48,22721.3,22720.95,75,22723.7,150,75,8613900
NIFTY-II.NFO,25/02/2025,09:31:50,22722.95,22720.95,75,22723.7,75,450,8613900
NIFTY-II.NFO,25/02/2025,09:31:52,22720.1,22720.6,1800,22723.65,150,300,8613900
NIFTY-II.NFO,25/02/2025,09:31:53,22723.65,22721.5,1425,22723.65,75,75,8613900
NIFTY-II.NFO,25/02/2025,09:31:55,22723.65,22721.7,1500,22723.65,75,225,8613900
NIFTY-II.NFO,25/02/2025,09:31:57,22723.65,22722.45,525,22723.65,75,375,8613900
NIFTY-II.NFO,25/02/2025,09:31:58,22725,22723.65,375,22725,150,300,8613900
NIFTY-II.NFO,25/02/2025,09:32:00,22725,22723.7,1200,22725.4,150,450,8613900
NIFTY-II.NFO,25/02/2025,09:32:02,22726.65,22725.4,75,22726.2,75,600,8613900
NIFTY-II.NFO,25/02/2025,09:32:03,22725,22723.65,375,22727.05,600,300,8613900
NIFTY-II.NFO,25/02/2025,09:32:05,22723.65,22720,75,22723.9,150,975,8613900
NIFTY-II.NFO,25/02/2025,09:32:06,22723.3,22720,75,22722.8,75,75,8613900
NIFTY-II.NFO,25/02/2025,09:32:08,22723.9,22723.55,75,22726.7,675,375,8613900
NIFTY-II.NFO,25/02/2025,09:32:10,22724.15,22723.95,75,22724.5,225,2625,8613900
NIFTY-II.NFO,25/02/2025,09:32:11,22723.45,22724.35,75,22724.9,150,300,8613900
NIFTY-II.NFO,25/02/2025,09:32:13,22722.35,22722.35,525,22726.85,600,375,8613900
NIFTY-II.NFO,25/02/2025,09:32:15,22720,22722.05,75,22722.15,75,225,8613900
NIFTY-II.NFO,25/02/2025,09:32:16,22724.35,22720.45,675,22725.45,75,525,8613900
NIFTY-II.NFO,25/02/2025,09:32:18,22724.35,22720,225,22725.1,750,0,8613900
NIFTY-II.NFO,25/02/2025,09:32:20,22724.35,22721.8,975,22725.9,300,0,8613900
NIFTY-II.NFO,25/02/2025,09:32:21,22725.3,22720.1,450,22726,525,375,8613900
NIFTY-II.NFO,25/02/2025,09:32:23,22725.3,22723.4,1125,22726,525,0,8613900
NIFTY-II.NFO,25/02/2025,09:32:25,22724.25,22722.2,375,22726,525,375,8613900
NIFTY-II.NFO,25/02/2025,09:32:26,22726,22724.5,1800,22726,75,675,8613900
NIFTY-II.NFO,25/02/2025,09:32:28,22728.05,22729.1,75,22729.9,3450,225,8613900
NIFTY-II.NFO,25/02/2025,09:32:30,22729.75,22729.45,75,22729.9,3225,525,8613900
NIFTY-II.NFO,25/02/2025,09:32:31,22735,22732.1,75,22733.1,75,3975,8613900
NIFTY-II.NFO,25/02/2025,09:32:33,22735.3,22731.05,150,22737.2,75,1275,8613900
NIFTY-II.NFO,25/02/2025,09:32:35,22730.05,22734.25,75,22735.4,600,375,8613900
NIFTY-II.NFO,25/02/2025,09:32:36,22731.5,22725.95,375,22733.4,600,300,8613900
NIFTY-II.NFO,25/02/2025,09:32:38,22729.9,22727.8,750,22730.05,75,375,8613900
NIFTY-II.NFO,25/02/2025,09:32:40,22729.4,22725.3,75,22730.55,675,675,8613900
NIFTY-II.NFO,25/02/2025,09:32:41,22725.3,22723.25,75,22730.6,600,375,8613900
NIFTY-II.NFO,25/02/2025,09:32:43,22725.3,22725.55,1425,22730.15,75,0,8613900
NIFTY-II.NFO,25/02/2025,09:32:45,22725.3,22725.95,1350,22731.05,600,0,8613900
NIFTY-II.NFO,25/02/2025,09:32:46,22729.5,22729.9,75,22730,75,3600,8613900
NIFTY-II.NFO,25/02/2025,09:32:48,22727,22725.05,75,22727.4,150,900,8613900
NIFTY-II.NFO,25/02/2025,09:32:50,22726.45,22725.05,75,22728.4,150,525,8613900
NIFTY-II.NFO,25/02/2025,09:32:51,22726.45,22728.6,525,22728.65,75,0,8613900
NIFTY-II.NFO,25/02/2025,09:32:53,22728.6,22728.6,150,22730.5,600,675,8613900
NIFTY-II.NFO,25/02/2025,09:32:55,22729.8,22728.65,75,22730.95,600,750,8613900
NIFTY-II.NFO,25/02/2025,09:32:56,22728.6,22728.6,225,22730.95,75,375,8613900
NIFTY-II.NFO,25/02/2025,09:32:58,22730.95,22730.95,300,22731,300,150,8613900
NIFTY-II.NFO,25/02/2025,09:33:00,22730.95,22730.75,75,22730.95,225,825,8613900
NIFTY-II.NFO,25/02/2025,09:33:01,22734.05,22731.6,75,22734.9,75,900,8613900
NIFTY-II.NFO,25/02/2025,09:33:03,22734.6,22732.4,450,22734.1,75,300,8613900
NIFTY-II.NFO,25/02/2025,09:33:05,22731.4,22731.4,225,22734.1,75,300,8613900
NIFTY-II.NFO,25/02/2025,09:33:07,22730.7,22731.15,75,22734.35,600,900,8613900
NIFTY-II.NFO,25/02/2025,09:33:08,22734.05,22732.05,450,22733.7,75,675,8613900
NIFTY-II.NFO,25/02/2025,09:33:10,22732.05,22732,75,22733.7,225,225,8613900
NIFTY-II.NFO,25/02/2025,09:33:12,22732.65,22732.55,75,22733.7,150,450,8613900
NIFTY-II.NFO,25/02/2025,09:33:13,22734.6,22734.45,75,22734.6,225,900,8613900
NIFTY-II.NFO,25/02/2025,09:33:15,22735,22735,150,22737,75,1200,8613900
NIFTY-II.NFO,25/02/2025,09:33:17,22733.6,22733.35,1350,22736.8,75,525,8613900
NIFTY-II.NFO,25/02/2025,09:33:18,22736.9,22732.1,75,22736.8,75,2400,8613900
NIFTY-II.NFO,25/02/2025,09:33:20,22735.9,22735.9,150,22736.85,75,600,8613900
NIFTY-II.NFO,25/02/2025,09:33:22,22738.8,22735,75,22738.7,225,450,8613900
NIFTY-II.NFO,25/02/2025,09:33:23,22738.85,22735,75,22738.9,150,675,8613900
NIFTY-II.NFO,25/02/2025,09:33:25,22734.95,22732.75,750,22737.75,450,2775,8613900
NIFTY-II.NFO,25/02/2025,09:33:27,22736.8,22735.2,450,22737.1,75,3975,8613900
NIFTY-II.NFO,25/02/2025,09:33:28,22734.9,22731.1,150,22734.9,75,2850,8613900
NIFTY-II.NFO,25/02/2025,09:33:30,22734.9,22732.85,1350,22734.8,75,3150,8613900
NIFTY-II.NFO,25/02/2025,09:33:32,22734.85,22734.85,75,22736.1,75,1050,8613900
NIFTY-II.NFO,25/02/2025,09:33:33,22736,22734.05,75,22736.1,75,225,8613900
NIFTY-II.NFO,25/02/2025,09:33:35,22738.8,22736.3,1125,22738.8,675,150,8613900
NIFTY-II.NFO,25/02/2025,09:33:37,22738.65,22738.5,75,22738.65,75,2700,8668425
NIFTY-II.NFO,25/02/2025,09:33:38,22739,22738.65,75,22739,975,2475,8668425
NIFTY-II.NFO,25/02/2025,09:33:40,22739,22735.2,75,22738.1,150,6150,8668425
NIFTY-II.NFO,25/02/2025,09:33:42,22735.2,22734.95,75,22738.75,75,8850,8668425
NIFTY-II.NFO,25/02/2025,09:33:43,22734.95,22734.9,75,22739,600,525,8668425
NIFTY-II.NFO,25/02/2025,09:33:45,22734.95,22735.25,675,22737,75,0,8668425
NIFTY-II.NFO,25/02/2025,09:33:47,22737.65,22735.05,75,22738.1,75,1725,8668425
NIFTY-II.NFO,25/02/2025,09:33:48,22735.85,22735.85,750,22738.1,75,675,8668425
NIFTY-II.NFO,25/02/2025,09:33:50,22735,22735,75,22738.95,225,900,8668425
NIFTY-II.NFO,25/02/2025,09:33:52,22738.8,22738.1,600,22738.8,600,375,8668425
NIFTY-II.NFO,25/02/2025,09:33:53,22737.4,22736.45,450,22738.05,75,900,8668425
NIFTY-II.NFO,25/02/2025,09:33:55,22737.6,22735,300,22737.7,75,375,8668425
NIFTY-II.NFO,25/02/2025,09:33:57,22735.25,22735,525,22737.1,75,1500,8668425
NIFTY-II.NFO,25/02/2025,09:33:58,22737.1,22735.45,1425,22737.1,75,225,8668425
NIFTY-II.NFO,25/02/2025,09:34:00,22735.45,22737.1,75,22739,1950,600,8668425
NIFTY-II.NFO,25/02/2025,09:34:02,22736.45,22736,300,22736.45,75,375,8668425
NIFTY-II.NFO,25/02/2025,09:34:03,22737.1,22737.05,75,22739,1875,600,8668425
NIFTY-II.NFO,25/02/2025,09:34:05,22739,22736.45,225,22739,1875,75,8668425
NIFTY-II.NFO,25/02/2025,09:34:07,22739,22736.45,225,22738.95,75,13125,8668425
NIFTY-II.NFO,25/02/2025,09:34:08,22738.95,22737.1,225,22738.95,150,4050,8668425
NIFTY-II.NFO,25/02/2025,09:34:10,22736.05,22736.05,1050,22738.95,150,300,8668425
NIFTY-II.NFO,25/02/2025,09:34:11,22738.7,22736.35,750,22738.95,150,300,8668425
NIFTY-II.NFO,25/02/2025,09:34:13,22736.55,22736.55,450,22738.3,75,2100,8668425
NIFTY-II.NFO,25/02/2025,09:34:15,22736.2,22735.9,1050,22738.3,150,375,8668425
NIFTY-II.NFO,25/02/2025,09:34:16,22735,22735,1725,22738.3,150,225,8668425
NIFTY-II.NFO,25/02/2025,09:34:18,22735,22735,1650,22738.3,150,150,8668425
NIFTY-II.NFO,25/02/2025,09:34:20,22739,22735.4,750,22738.3,225,600,8668425
NIFTY-II.NFO,25/02/2025,09:34:21,22739,22735,1500,22735.35,75,0,8668425
NIFTY-II.NFO,25/02/2025,09:34:23,22734.3,22734.3,1650,22736,600,4800,8668425
NIFTY-II.NFO,25/02/2025,09:34:25,22734.3,22730.05,75,22734.25,75,1875,8668425
NIFTY-II.NFO,25/02/2025,09:34:26,22733.7,22732.5,1725,22733.3,75,225,8668425
NIFTY-II.NFO,25/02/2025,09:34:28,22733.7,22733.5,75,22737.45,600,0,8668425
NIFTY-II.NFO,25/02/2025,09:34:30,22730.1,22730,225,22736.05,600,225,8668425
NIFTY-II.NFO,25/02/2025,09:34:31,22730.1,22731.9,1575,22733.9,75,0,8668425
NIFTY-II.NFO,25/02/2025,09:34:33,22731.8,22732.2,1800,22733.9,150,450,8668425
NIFTY-II.NFO,25/02/2025,09:34:35,22731.8,22732.65,1275,22733.9,150,0,8668425
NIFTY-II.NFO,25/02/2025,09:34:36,22733.8,22733.9,75,22735,75,300,8668425
NIFTY-II.NFO,25/02/2025,09:34:38,22739,22739.1,225,22739.6,150,2550,8668425
NIFTY-II.NFO,25/02/2025,09:34:40,22739.6,22738.7,750,22740,525,225,8668425
NIFTY-II.NFO,25/02/2025,09:34:41,22741,22738.35,675,22741.95,75,5325,8668425
NIFTY-II.NFO,25/02/2025,09:34:43,22739.6,22739.15,150,22742,150,3825,8668425
NIFTY-II.NFO,25/02/2025,09:34:45,22739.6,22740.25,1800,22742,150,0,8668425
NIFTY-II.NFO,25/02/2025,09:34:46,22739.6,22741.6,75,22742,300,0,8668425
NIFTY-II.NFO,25/02/2025,09:34:48,22740,22740,75,22742,300,300,8668425
NIFTY-II.NFO,25/02/2025,09:34:50,22739.6,22739.05,75,22741.95,75,150,8668425
NIFTY-II.NFO,25/02/2025,09:34:51,22739.6,22738.05,75,22741.95,225,150,8668425
NIFTY-II.NFO,25/02/2025,09:34:53,22740,22734.45,300,22741.9,675,75,8668425
NIFTY-II.NFO,25/02/2025,09:34:55,22740,22739.6,300,22740,75,0,8668425
NIFTY-II.NFO,25/02/2025,09:34:56,22741.95,22739.6,300,22742,75,300,8668425
NIFTY-II.NFO,25/02/2025,09:34:58,22740.75,22739.6,300,22741.95,75,225,8668425
NIFTY-II.NFO,25/02/2025,09:35:00,22743.95,22740.05,75,22744,150,600,8668425
NIFTY-II.NFO,25/02/2025,09:35:01,22744,22742,75,22744,450,150,8668425
NIFTY-II.NFO,25/02/2025,09:35:03,22743.15,22740,300,22743.2,225,450,8668425
NIFTY-II.NFO,25/02/2025,09:35:05,22740,22740.05,75,22742.45,75,375,8668425
NIFTY-II.NFO,25/02/2025,09:35:06,22740,22741,150,22742.4,75,0,8668425
NIFTY-II.NFO,25/02/2025,09:35:08,22742.4,22740.6,75,22742.4,675,375,8668425
NIFTY-II.NFO,25/02/2025,09:35:10,22740,22740,525,22742.3,300,375,8668425
NIFTY-II.NFO,25/02/2025,09:35:11,22740,22740.05,75,22743.95,825,375,8668425
NIFTY-II.NFO,25/02/2025,09:35:13,22740,22740,375,22743.65,75,225,8668425
NIFTY-II.NFO,25/02/2025,09:35:15,22740,22743.15,1800,22743.9,300,0,8668425
NIFTY-II.NFO,25/02/2025,09:35:17,22742.4,22740.3,750,22742.4,75,2025,8668425
NIFTY-II.NFO,25/02/2025,09:35:18,22740.95,22740.15,75,22742.3,75,75,8668425
NIFTY-II.NFO,25/02/2025,09:35:20,22740.15,22740,300,22742.25,150,150,8668425
NIFTY-II.NFO,25/02/2025,09:35:22,22739.6,22739.6,75,22740.5,75,375,8668425
NIFTY-II.NFO,25/02/2025,09:35:23,22739.25,22739,75,22739.35,75,225,8668425
NIFTY-II.NFO,25/02/2025,09:35:25,22739.15,22740,150,22741,75,300,8668425
NIFTY-II.NFO,25/02/2025,09:35:26,22740,22739,75,22740.9,75,225,8668425
NIFTY-II.NFO,25/02/2025,09:35:28,22739,22738.05,75,22740,75,225,8668425
NIFTY-II.NFO,25/02/2025,09:35:30,22739,22739.25,75,22740,300,0,8668425
NIFTY-II.NFO,25/02/2025,09:35:31,22740.5,22740.1,75,22740.95,75,600,8668425
NIFTY-II.NFO,25/02/2025,09:35:33,22740.3,22740.85,600,22742.95,75,450,8668425
NIFTY-II.NFO,25/02/2025,09:35:35,22743.95,22743.95,150,22744,75,1125,8668425
NIFTY-II.NFO,25/02/2025,09:35:36,22744.55,22743.95,150,22745,450,300,8668425
NIFTY-II.NFO,25/02/2025,09:35:38,22745,22744.9,75,22745,75,675,8668425
NIFTY-II.NFO,25/02/2025,09:35:40,22748.7,22745,1575,22748.7,75,900,8668425
NIFTY-II.NFO,25/02/2025,09:35:41,22746.65,22745,150,22746.6,225,1425,8668425
NIFTY-II.NFO,25/02/2025,09:35:43,22745.3,22745.2,75,22745.25,75,300,8668425
NIFTY-II.NFO,25/02/2025,09:35:45,22746.1,22743.55,900,22746.05,150,375,8668425
NIFTY-II.NFO,25/02/2025,09:35:46,22746.9,22741.2,525,22746.95,600,375,8668425
NIFTY-II.NFO,25/02/2025,09:35:48,22748,22747.65,75,22748.9,75,150,8668425
NIFTY-II.NFO,25/02/2025,09:35:50,22749,22746.95,1050,22748.7,750,675,8668425
NIFTY-II.NFO,25/02/2025,09:35:51,22746.05,22746.35,975,22748.45,75,300,8668425
NIFTY-II.NFO,25/02/2025,09:35:53,22748.4,22746,225,22748.45,75,225,8668425
NIFTY-II.NFO,25/02/2025,09:35:55,22748.45,22748.45,75,22748.7,750,375,8668425
NIFTY-II.NFO,25/02/2025,09:35:56,22746,22745,1200,22746,1050,450,8668425
NIFTY-II.NFO,25/02/2025,09:35:58,22745.95,22745.05,975,22746,900,300,8668425
NIFTY-II.NFO,25/02/2025,09:36:00,22746,22745,1125,22746,750,2400,8668425
NIFTY-II.NFO,25/02/2025,09:36:01,22748.5,22748.6,75,22748.7,600,1050,8668425
NIFTY-II.NFO,25/02/2025,09:36:03,22745,22745,1200,22748,525,525,8668425
NIFTY-II.NFO,25/02/2025,09:36:05,22745.05,22745.05,75,22747.4,300,300,8668425
NIFTY-II.NFO,25/02/2025,09:36:06,22745.05,22746,75,22746.65,75,0,8668425
NIFTY-II.NFO,25/02/2025,09:36:08,22747.1,22746,75,22747.35,375,300,8668425
NIFTY-II.NFO,25/02/2025,09:36:10,22747.5,22747.5,1575,22748,75,825,8668425
NIFTY-II.NFO,25/02/2025,09:36:11,22747.5,22747.5,1800,22747.65,375,3675,8668425
NIFTY-II.NFO,25/02/2025,09:36:13,22747.35,22747.35,1275,22747.6,75,1425,8668425
NIFTY-II.NFO,25/02/2025,09:36:15,22746,22746,75,22747.65,75,225,8668425
NIFTY-II.NFO,25/02/2025,09:36:16,22740,22743.9,1500,22745.2,150,2775,8668425
NIFTY-II.NFO,25/02/2025,09:36:18,22742.35,22742.15,1125,22744.25,150,225,8668425
NIFTY-II.NFO,25/02/2025,09:36:20,22742.55,22742.55,1050,22744.25,75,300,8668425
NIFTY-II.NFO,25/02/2025,09:36:21,22742.55,22742.45,1800,22744.25,75,0,8668425
NIFTY-II.NFO,25/02/2025,09:36:23,22744.25,22740.05,450,22744.25,75,75,8668425
NIFTY-II.NFO,25/02/2025,09:36:25,22745.25,22744.25,75,22746,225,225,8668425
NIFTY-II.NFO,25/02/2025,09:36:26,22743.05,22742,1425,22744.25,75,375,8668425
NIFTY-II.NFO,25/02/2025,09:36:28,22743,22742.4,900,22745.35,375,225,8668425
NIFTY-II.NFO,25/02/2025,09:36:30,22745.85,22742.05,75,22745.95,75,225,8668425
NIFTY-II.NFO,25/02/2025,09:36:31,22745.85,22743.3,1200,22745.95,75,75,8668425
NIFTY-II.NFO,25/02/2025,09:36:33,22745.85,22742.85,1050,22745.95,75,0,8668425
NIFTY-II.NFO,25/02/2025,09:36:35,22745.95,22742.9,1800,22746,75,75,8668425
NIFTY-II.NFO,25/02/2025,09:36:36,22746,22742.1,1275,22742.9,75,150,8732400
NIFTY-II.NFO,25/02/2025,09:36:38,22742.1,22742.15,1200,22745.8,300,75,8732400
NIFTY-II.NFO,25/02/2025,09:36:40,22743.1,22740.45,450,22743.05,150,450,8732400
NIFTY-II.NFO,25/02/2025,09:36:41,22743.1,22742.35,975,22743.05,150,75,8732400
NIFTY-II.NFO,25/02/2025,09:36:43,22743.05,22742.35,975,22743.05,75,150,8732400
NIFTY-II.NFO,25/02/2025,09:36:44,22743,22743,75,22743.05,75,150,8732400
NIFTY-II.NFO,25/02/2025,09:36:46,22743.05,22743.05,75,22745.05,225,375,8732400
NIFTY-II.NFO,25/02/2025,09:36:48,22745.75,22743.05,75,22745.15,75,1950,8732400
NIFTY-II.NFO,25/02/2025,09:36:49,22745.05,22740.8,1725,22744.75,75,300,8732400
NIFTY-II.NFO,25/02/2025,09:36:51,22745.35,22740,450,22743.95,75,1875,8732400
NIFTY-II.NFO,25/02/2025,09:36:53,22738.1,22740.4,1575,22743.45,150,1050,8732400
NIFTY-II.NFO,25/02/2025,09:36:54,22738.1,22740.05,75,22744.4,150,150,8732400
NIFTY-II.NFO,25/02/2025,09:36:56,22744,22740.2,150,22745,150,150,8732400
NIFTY-II.NFO,25/02/2025,09:36:58,22744,22742.2,1050,22744.95,75,0,8732400
NIFTY-II.NFO,25/02/2025,09:36:59,22744,22741,75,22744.95,75,0,8732400
NIFTY-II.NFO,25/02/2025,09:37:01,22744,22741.5,750,22744,75,75,8732400
NIFTY-II.NFO,25/02/2025,09:37:03,22744.9,22740.95,150,22741.5,75,150,8732400
NIFTY-II.NFO,25/02/2025,09:37:04,22746.95,22744.9,75,22747.2,375,1800,8732400
NIFTY-II.NFO,25/02/2025,09:37:06,22743.55,22742.55,375,22746.9,150,1350,8732400
NIFTY-II.NFO,25/02/2025,09:37:08,22746.9,22743.45,75,22746.95,375,150,8732400
NIFTY-II.NFO,25/02/2025,09:37:09,22743.05,22744.3,75,22745,75,150,8732400
NIFTY-II.NFO,25/02/2025,09:37:11,22745,22744.3,300,22747.95,75,225,8732400
NIFTY-II.NFO,25/02/2025,09:37:13,22745,22745,75,22747.95,75,0,8732400
NIFTY-II.NFO,25/02/2025,09:37:14,22745,22747.3,600,22747.95,75,0,8732400
NIFTY-II.NFO,25/02/2025,09:37:16,22748.7,22747.95,75,22748.7,300,600,8732400
NIFTY-II.NFO,25/02/2025,09:37:18,22751,22750.45,675,22751,1875,3675,8732400
NIFTY-II.NFO,25/02/2025,09:37:19,22749.9,22749.4,1125,22751,1725,225,8732400
NIFTY-II.NFO,25/02/2025,09:37:21,22751,22749.95,75,22751,1725,225,8732400
NIFTY-II.NFO,25/02/2025,09:37:23,22748,22749.4,1275,22750.45,150,1125,8732400
NIFTY-II.NFO,25/02/2025,09:37:24,22753,22751,675,22753.15,75,1650,8732400
NIFTY-II.NFO,25/02/2025,09:37:26,22753.6,22751.8,1575,22753.6,600,225,8732400
NIFTY-II.NFO,25/02/2025,09:37:28,22752.4,22751.3,75,22752.85,75,4275,8732400
NIFTY-II.NFO,25/02/2025,09:37:29,22751,22752,1350,22754.9,75,450,8732400
NIFTY-II.NFO,25/02/2025,09:37:31,22755.5,22752.6,1425,22755.5,75,525,8732400
NIFTY-II.NFO,25/02/2025,09:37:33,22754.6,22754.3,1275,22756,75,675,8732400
NIFTY-II.NFO,25/02/2025,09:37:34,22754.45,22754.05,75,22758.45,525,4350,8732400
NIFTY-II.NFO,25/02/2025,09:37:36,22757,22754.6,75,22757.15,450,1875,8732400
NIFTY-II.NFO,25/02/2025,09:37:38,22754.6,22752,75,22754.95,75,375,8732400
NIFTY-II.NFO,25/02/2025,09:37:39,22749.05,22748.15,675,22752.6,75,5025,8732400
NIFTY-II.NFO,25/02/2025,09:37:41,22750.6,22750.35,975,22754.6,75,375,8732400
NIFTY-II.NFO,25/02/2025,09:37:43,22750.6,22752.15,1500,22756.85,75,0,8732400
NIFTY-II.NFO,25/02/2025,09:37:44,22750.6,22752.4,75,22756.95,150,0,8732400
NIFTY-II.NFO,25/02/2025,09:37:46,22756.95,22752.4,75,22755,300,75,8732400
NIFTY-II.NFO,25/02/2025,09:37:48,22756.95,22752.4,75,22755,300,225,8732400
NIFTY-II.NFO,25/02/2025,09:37:49,22752.4,22750,150,22754,750,75,8732400
NIFTY-II.NFO,25/02/2025,09:37:51,22752.4,22750.5,1200,22754,750,150,8732400
NIFTY-II.NFO,25/02/2025,09:37:53,22752,22751.4,600,22752,75,225,8732400
NIFTY-II.NFO,25/02/2025,09:37:54,22753.9,22752.05,600,22754,750,150,8732400
NIFTY-II.NFO,25/02/2025,09:37:56,22750.05,22753.1,825,22754,675,300,8732400
NIFTY-II.NFO,25/02/2025,09:37:58,22753.2,22750.4,525,22753.65,75,675,8732400
NIFTY-II.NFO,25/02/2025,09:37:59,22753.2,22754.45,1050,22755,300,0,8732400
NIFTY-II.NFO,25/02/2025,09:38:01,22755,22753.85,1500,22755,225,600,8732400
NIFTY-II.NFO,25/02/2025,09:38:03,22760.35,22756.85,1200,22760.55,375,2625,8732400
NIFTY-II.NFO,25/02/2025,09:38:04,22760.5,22758.3,75,22758.9,75,150,8732400
NIFTY-II.NFO,25/02/2025,09:38:06,22760.85,22760,150,22760.85,75,225,8732400
NIFTY-II.NFO,25/02/2025,09:38:08,22761.2,22760.7,75,22761.3,75,300,8732400
NIFTY-II.NFO,25/02/2025,09:38:09,22760.7,22758.9,75,22760.25,75,2925,8732400
NIFTY-II.NFO,25/02/2025,09:38:11,22762.8,22759.1,300,22761.9,300,300,8732400
NIFTY-II.NFO,25/02/2025,09:38:13,22759.1,22760,75,22763.4,300,225,8732400
NIFTY-II.NFO,25/02/2025,09:38:14,22763.3,22760.9,75,22762,375,450,8732400
NIFTY-II.NFO,25/02/2025,09:38:16,22755,22757.65,450,22761.1,375,675,8732400
NIFTY-II.NFO,25/02/2025,09:38:18,22760,22755.1,300,22760.55,75,1275,8732400
NIFTY-II.NFO,25/02/2025,09:38:19,22760.05,22755.4,600,22761.7,75,75,8732400
NIFTY-II.NFO,25/02/2025,09:38:21,22761.6,22760.1,600,22761.75,300,375,8732400
NIFTY-II.NFO,25/02/2025,09:38:23,22760.2,22760.35,675,22761.15,75,225,8732400
NIFTY-II.NFO,25/02/2025,09:38:24,22760.4,22760.35,525,22761.6,75,150,8732400
NIFTY-II.NFO,25/02/2025,09:38:26,22760.35,22760.05,450,22761.6,75,300,8732400
NIFTY-II.NFO,25/02/2025,09:38:28,22760.05,22760.05,225,22761.35,525,1950,8732400
NIFTY-II.NFO,25/02/2025,09:38:29,22760,22760,150,22760.95,75,675,8732400
NIFTY-II.NFO,25/02/2025,09:38:31,22760,22757,75,22761.6,300,1350,8732400
NIFTY-II.NFO,25/02/2025,09:38:33,22760.05,22760.05,150,22761,750,225,8732400
NIFTY-II.NFO,25/02/2025,09:38:34,22760.05,22760.05,75,22760.95,75,150,8732400
NIFTY-II.NFO,25/02/2025,09:38:36,22760,22757,75,22759.75,75,1875,8732400
NIFTY-II.NFO,25/02/2025,09:38:38,22755.4,22755.6,1800,22757,75,450,8732400
NIFTY-II.NFO,25/02/2025,09:38:39,22757,22755.05,225,22759.05,75,75,8732400
NIFTY-II.NFO,25/02/2025,09:38:41,22758.15,22755.05,225,22759,75,825,8732400
NIFTY-II.NFO,25/02/2025,09:38:43,22757,22755.05,225,22757,75,1650,8732400
NIFTY-II.NFO,25/02/2025,09:38:44,22757,22755.05,225,22758.25,300,75,8732400
NIFTY-II.NFO,25/02/2025,09:38:46,22757.95,22755.05,225,22757.75,375,75,8732400
NIFTY-II.NFO,25/02/2025,09:38:48,22755,22755,150,22757.95,75,1800,8732400
NIFTY-II.NFO,25/02/2025,09:38:49,22759.7,22757,75,22759.3,225,150,8732400
NIFTY-II.NFO,25/02/2025,09:38:51,22755.55,22755.55,525,22757.3,75,525,8732400
NIFTY-II.NFO,25/02/2025,09:38:53,22757.95,22755,150,22758.95,75,150,8732400
NIFTY-II.NFO,25/02/2025,09:38:54,22758,22755.55,825,22759.75,300,2025,8732400
NIFTY-II.NFO,25/02/2025,09:38:56,22759.75,22755.1,225,22758.95,75,600,8732400
NIFTY-II.NFO,25/02/2025,09:38:58,22755.1,22755.1,75,22758.6,375,300,8732400
NIFTY-II.NFO,25/02/2025,09:38:59,22755.55,22755,75,22755.5,75,225,8732400
NIFTY-II.NFO,25/02/2025,09:39:01,22758,22755.65,375,22759.05,75,300,8732400
NIFTY-II.NFO,25/02/2025,09:39:03,22759.3,22758.95,150,22760,75,300,8732400
NIFTY-II.NFO,25/02/2025,09:39:04,22757.75,22757.3,300,22759.1,75,225,8732400
NIFTY-II.NFO,25/02/2025,09:39:06,22762.95,22757.3,675,22762.95,75,2850,8732400
NIFTY-II.NFO,25/02/2025,09:39:08,22762.95,22760.15,75,22762.95,75,225,8732400
NIFTY-II.NFO,25/02/2025,09:39:09,22760.05,22759.15,600,22762.95,75,225,8732400
NIFTY-II.NFO,25/02/2025,09:39:11,22760.25,22760.05,450,22762.95,75,150,8732400
NIFTY-II.NFO,25/02/2025,09:39:13,22760.05,22760.05,75,22762.95,75,525,8732400
NIFTY-II.NFO,25/02/2025,09:39:14,22760.05,22759.85,150,22763,75,225,8732400
NIFTY-II.NFO,25/02/2025,09:39:16,22761,22761,75,22762.75,225,300,8732400
NIFTY-II.NFO,25/02/2025,09:39:18,22757.8,22757.75,75,22759.4,75,750,8732400
NIFTY-II.NFO,25/02/2025,09:39:19,22759.25,22757.8,225,22761,75,150,8732400
NIFTY-II.NFO,25/02/2025,09:39:21,22757.8,22757.8,150,22760,75,300,8732400
NIFTY-II.NFO,25/02/2025,09:39:23,22757.8,22757.8,150,22760,75,0,8732400
NIFTY-II.NFO,25/02/2025,09:39:24,22757.8,22757.8,300,22759.95,75,0,8732400
NIFTY-II.NFO,25/02/2025,09:39:26,22758,22757.8,150,22760.85,150,300,8732400
NIFTY-II.NFO,25/02/2025,09:39:28,22760,22758.05,150,22762.45,150,75,8732400
NIFTY-II.NFO,25/02/2025,09:39:29,22758,22758.2,375,22761.6,75,150,8732400
NIFTY-II.NFO,25/02/2025,09:39:31,22758,22758,75,22760.5,75,225,8732400
NIFTY-II.NFO,25/02/2025,09:39:33,22760.65,22758,75,22761.9,225,150,8732400
NIFTY-II.NFO,25/02/2025,09:39:34,22760.65,22758,150,22759.9,150,0,8732400
NIFTY-II.NFO,25/02/2025,09:39:36,22762.35,22758,150,22762.95,75,300,8732400
NIFTY-II.NFO,25/02/2025,09:39:38,22761.7,22758,75,22761.85,150,300,8755650
NIFTY-II.NFO,25/02/2025,09:39:39,22758,22757.8,75,22758,300,375,8755650
NIFTY-II.NFO,25/02/2025,09:39:41,22757.8,22757.75,75,22758,300,150,8755650
NIFTY-II.NFO,25/02/2025,09:39:43,22757.8,22757.75,75,22758,300,0,8755650
NIFTY-II.NFO,25/02/2025,09:39:45,22760.2,22755.1,75,22759.45,75,1350,8755650
NIFTY-II.NFO,25/02/2025,09:39:46,22755.1,22755,375,22758.05,75,525,8755650
NIFTY-II.NFO,25/02/2025,09:39:48,22755.1,22755,375,22758.65,75,0,8755650
NIFTY-II.NFO,25/02/2025,09:39:50,22755.1,22755,375,22758,75,75,8755650
NIFTY-II.NFO,25/02/2025,09:39:51,22755.1,22755,375,22755.6,75,75,8755650
NIFTY-II.NFO,25/02/2025,09:39:53,22755.1,22755,375,22755.15,75,0,8755650
NIFTY-II.NFO,25/02/2025,09:39:55,22752,22750.15,675,22755.15,75,450,8755650
NIFTY-II.NFO,25/02/2025,09:39:56,22752,22750.8,75,22755,150,0,8755650
NIFTY-II.NFO,25/02/2025,09:39:58,22750.8,22750.05,300,22753.45,150,225,8755650
NIFTY-II.NFO,25/02/2025,09:40:00,22754.7,22750.65,1350,22754.95,75,300,8755650
NIFTY-II.NFO,25/02/2025,09:40:01,22750.75,22752,1125,22754.95,75,150,8755650
NIFTY-II.NFO,25/02/2025,09:40:03,22754.95,22752.55,1575,22755,300,300,8755650
NIFTY-II.NFO,25/02/2025,09:40:05,22754.95,22752.75,1575,22755,300,0,8755650
NIFTY-II.NFO,25/02/2025,09:40:06,22755,22754.95,375,22755,225,75,8755650
NIFTY-II.NFO,25/02/2025,09:40:08,22755.15,22755.05,1350,22757.95,75,300,8755650
NIFTY-II.NFO,25/02/2025,09:40:10,22757,22757,150,22757.05,75,750,8755650
NIFTY-II.NFO,25/02/2025,09:40:11,22755.8,22755.8,75,22757.95,75,300,8755650
NIFTY-II.NFO,25/02/2025,09:40:13,22755.8,22753.5,600,22757.3,75,75,8755650
NIFTY-II.NFO,25/02/2025,09:40:15,22757.95,22752.85,600,22755.8,75,150,8755650
NIFTY-II.NFO,25/02/2025,09:40:16,22757.95,22753.5,1500,22755.8,75,75,8755650
NIFTY-II.NFO,25/02/2025,09:40:18,22755.8,22756,75,22757.95,75,75,8755650
NIFTY-II.NFO,25/02/2025,09:40:20,22756,22755.8,75,22758.95,75,150,8755650
NIFTY-II.NFO,25/02/2025,09:40:21,22756,22757.1,525,22757.85,75,0,8755650
NIFTY-II.NFO,25/02/2025,09:40:23,22755.8,22752,150,22755.7,75,825,8755650
NIFTY-II.NFO,25/02/2025,09:40:25,22752.55,22752.2,675,22755.5,75,525,8755650
NIFTY-II.NFO,25/02/2025,09:40:26,22752.55,22752,150,22755.4,75,0,8755650
NIFTY-II.NFO,25/02/2025,09:40:28,22755.4,22752,150,22755.45,150,75,8755650
NIFTY-II.NFO,25/02/2025,09:40:30,22752,22752,75,22755.45,150,75,8755650
NIFTY-II.NFO,25/02/2025,09:40:31,22752,22752,75,22754.35,150,0,8755650
NIFTY-II.NFO,25/02/2025,09:40:33,22753.3,22750.05,300,22752.15,75,300,8755650
NIFTY-II.NFO,25/02/2025,09:40:35,22750.05,22750.45,375,22752,150,225,8755650
NIFTY-II.NFO,25/02/2025,09:40:36,22754.05,22752,300,22754,75,675,8755650
NIFTY-II.NFO,25/02/2025,09:40:38,22754,22752,675,22754.8,75,75,8755650
NIFTY-II.NFO,25/02/2025,09:40:39,22752,22752,525,22752.6,75,225,8755650
NIFTY-II.NFO,25/02/2025,09:40:41,22752,22752,525,22753.6,75,75,8755650
NIFTY-II.NFO,25/02/2025,09:40:43,22752,22752,225,22752.2,75,375,8755650
NIFTY-II.NFO,25/02/2025,09:40:44,22750,22749,150,22750.05,75,1425,8755650
NIFTY-II.NFO,25/02/2025,09:40:46,22750.3,22749,150,22751,75,75,8755650
NIFTY-II.NFO,25/02/2025,09:40:48,22751.3,22749,75,22751,75,150,8755650
NIFTY-II.NFO,25/02/2025,09:40:49,22747.05,22747.25,1200,22749,75,1200,8755650
NIFTY-II.NFO,25/02/2025,09:40:51,22749,22747.65,300,22749,75,225,8755650
NIFTY-II.NFO,25/02/2025,09:40:53,22748.05,22747.25,300,22749.15,75,975,8755650
NIFTY-II.NFO,25/02/2025,09:40:54,22748.4,22746.05,225,22749.15,75,1875,8755650
NIFTY-II.NFO,25/02/2025,09:40:56,22745.15,22748.05,900,22750,225,2400,8755650
NIFTY-II.NFO,25/02/2025,09:40:58,22750,22746.2,450,22750.55,75,1125,8755650
NIFTY-II.NFO,25/02/2025,09:40:59,22751.95,22751.95,600,22754,75,150,8755650
NIFTY-II.NFO,25/02/2025,09:41:01,22753.5,22753.5,675,22757,75,1725,8755650
NIFTY-II.NFO,25/02/2025,09:41:03,22754.15,22754.15,1425,22756.95,75,3075,8755650
NIFTY-II.NFO,25/02/2025,09:41:04,22754.15,22750,75,22753.8,75,1425,8755650
NIFTY-II.NFO,25/02/2025,09:41:06,22753.3,22753.3,1500,22755.95,75,450,8755650
NIFTY-II.NFO,25/02/2025,09:41:08,22756.1,22753.85,600,22756.95,75,150,8755650
NIFTY-II.NFO,25/02/2025,09:41:09,22752.35,22750.5,75,22753.5,75,375,8755650
NIFTY-II.NFO,25/02/2025,09:41:11,22756,22755.35,600,22757.6,75,900,8755650
NIFTY-II.NFO,25/02/2025,09:41:13,22756,22753.95,375,22757.6,75,75,8755650
NIFTY-II.NFO,25/02/2025,09:41:14,22756.6,22755.8,525,22757.6,75,975,8755650
NIFTY-II.NFO,25/02/2025,09:41:16,22756.6,22757.2,1800,22757.55,75,0,8755650
NIFTY-II.NFO,25/02/2025,09:41:18,22759,22759,450,22760,525,675,8755650
NIFTY-II.NFO,25/02/2025,09:41:19,22759,22757.25,75,22759,75,0,8755650
NIFTY-II.NFO,25/02/2025,09:41:21,22757.7,22757.6,1800,22759.85,150,75,8755650
NIFTY-II.NFO,25/02/2025,09:41:23,22757.7,22754,900,22759.55,150,150,8755650
NIFTY-II.NFO,25/02/2025,09:41:24,22757.7,22757.45,1725,22759.4,150,0,8755650
NIFTY-II.NFO,25/02/2025,09:41:26,22758.3,22758.45,900,22759,150,1425,8755650
NIFTY-II.NFO,25/02/2025,09:41:28,22758.3,22756.7,900,22759,150,75,8755650
NIFTY-II.NFO,25/02/2025,09:41:29,22757.7,22758,75,22759,150,225,8755650
NIFTY-II.NFO,25/02/2025,09:41:31,22758,22754.65,750,22758,75,150,8755650
NIFTY-II.NFO,25/02/2025,09:41:33,22756.35,22756.35,825,22759,75,525,8755650
NIFTY-II.NFO,25/02/2025,09:41:34,22756.35,22756.2,900,22758.25,150,0,8755650
NIFTY-II.NFO,25/02/2025,09:41:36,22756.15,22756.15,150,22757.95,75,5175,8755650
NIFTY-II.NFO,25/02/2025,09:41:38,22756.65,22754,825,22755,1800,450,8755650
NIFTY-II.NFO,25/02/2025,09:41:39,22755,22754,825,22755,2625,75,8755650
NIFTY-II.NFO,25/02/2025,09:41:41,22754,22754,750,22755,2550,375,8755650
NIFTY-II.NFO,25/02/2025,09:41:43,22754,22754,675,22754.95,75,300,8755650
NIFTY-II.NFO,25/02/2025,09:41:44,22754.95,22754,675,22755,2400,150,8755650
NIFTY-II.NFO,25/02/2025,09:41:46,22751.9,22750.6,750,22753.6,150,2100,8755650
NIFTY-II.NFO,25/02/2025,09:41:48,22750.25,22750.4,675,22752,1500,75,8755650
NIFTY-II.NFO,25/02/2025,09:41:49,22752,22751.1,750,22752,1425,225,8755650
NIFTY-II.NFO,25/02/2025,09:41:51,22752,22750.25,75,22752,1425,0,8755650
NIFTY-II.NFO,25/02/2025,09:41:53,22750.25,22750.1,150,22751.9,225,150,8755650
NIFTY-II.NFO,25/02/2025,09:41:54,22750,22745,75,22749.95,675,750,8755650
NIFTY-II.NFO,25/02/2025,09:41:56,22750.45,22746.65,1500,22750.9,1050,750,8755650
NIFTY-II.NFO,25/02/2025,09:41:58,22747.05,22746.6,975,22748,75,225,8755650
NIFTY-II.NFO,25/02/2025,09:41:59,22747.5,22746.55,1125,22751.85,600,150,8755650
NIFTY-II.NFO,25/02/2025,09:42:01,22747.5,22750,600,22751.9,225,150,8755650
NIFTY-II.NFO,25/02/2025,09:42:03,22747.5,22750,600,22751.9,225,150,8755650
NIFTY-II.NFO,25/02/2025,09:42:04,22750,22750.15,1275,22752,75,375,8755650
NIFTY-II.NFO,25/02/2025,09:42:06,22750.15,22750,375,22752,75,75,8755650
NIFTY-II.NFO,25/02/2025,09:42:08,22752,22750.05,75,22752.95,75,150,8755650
NIFTY-II.NFO,25/02/2025,09:42:09,22752.95,22751.15,75,22754,75,375,8755650
NIFTY-II.NFO,25/02/2025,09:42:11,22752.95,22752.85,1875,22754,75,0,8755650
NIFTY-II.NFO,25/02/2025,09:42:13,22752.95,22752.85,75,22754,75,75,8755650
NIFTY-II.NFO,25/02/2025,09:42:14,22752.95,22752.9,150,22754,75,0,8755650
NIFTY-II.NFO,25/02/2025,09:42:16,22752.95,22752.95,75,22754.95,75,150,8755650
NIFTY-II.NFO,25/02/2025,09:42:18,22752.95,22754,450,22754.95,75,0,8755650
NIFTY-II.NFO,25/02/2025,09:42:21,22754.95,22754,450,22755,225,225,8755650
NIFTY-II.NFO,25/02/2025,09:42:23,22754.95,22754,450,22754.95,225,75,8755650
NIFTY-II.NFO,25/02/2025,09:42:24,22754.95,22754,450,22754.95,225,0,8755650
NIFTY-II.NFO,25/02/2025,09:42:26,22754.5,22754,450,22754.5,150,300,8755650
NIFTY-II.NFO,25/02/2025,09:42:28,22753.75,22752,75,22754.8,75,525,8755650
NIFTY-II.NFO,25/02/2025,09:42:29,22756.15,22752,75,22755,75,600,8755650
NIFTY-II.NFO,25/02/2025,09:42:31,22755,22752,75,22756.15,75,300,8755650
NIFTY-II.NFO,25/02/2025,09:42:33,22755,22752,75,22753.4,75,75,8755650
NIFTY-II.NFO,25/02/2025,09:42:34,22753.4,22752,75,22755,150,75,8755650
NIFTY-II.NFO,25/02/2025,09:42:36,22753.4,22752,75,22754.95,75,0,8755650
NIFTY-II.NFO,25/02/2025,09:42:38,22753.4,22752,75,22754.9,75,0,8755650
NIFTY-II.NFO,25/02/2025,09:42:39,22753.4,22752.05,1575,22753.4,75,75,8785425
NIFTY-II.NFO,25/02/2025,09:42:41,22752,22750.25,225,22754.9,75,450,8785425
NIFTY-II.NFO,25/02/2025,09:42:42,22752,22752.9,1275,22754.9,75,75,8785425
NIFTY-II.NFO,25/02/2025,09:42:44,22752,22754.25,1050,22754.9,75,0,8785425
NIFTY-II.NFO,25/02/2025,09:42:46,22752,22754.4,1125,22754.9,75,75,8785425
NIFTY-II.NFO,25/02/2025,09:42:47,22753,22752.15,225,22754.9,75,150,8785425
NIFTY-II.NFO,25/02/2025,09:42:49,22755.15,22755.6,900,22756.6,75,750,8785425
NIFTY-II.NFO,25/02/2025,09:42:51,22755.15,22756.3,1800,22756.6,75,0,8785425
NIFTY-II.NFO,25/02/2025,09:42:52,22756.3,22756.3,1650,22756.6,75,300,8785425
NIFTY-II.NFO,25/02/2025,09:42:54,22756.3,22755,300,22756.6,75,0,8785425
NIFTY-II.NFO,25/02/2025,09:42:56,22756.6,22755.15,450,22756.65,75,75,8785425
NIFTY-II.NFO,25/02/2025,09:42:57,22755.9,22755.9,900,22756.65,75,450,8785425
NIFTY-II.NFO,25/02/2025,09:42:59,22756.6,22756.6,75,22756.65,75,225,8785425
NIFTY-II.NFO,25/02/2025,09:43:01,22758.95,22758.95,1050,22760,75,1125,8785425
NIFTY-II.NFO,25/02/2025,09:43:02,22758.95,22758.95,75,22760,75,150,8785425
NIFTY-II.NFO,25/02/2025,09:43:04,22760.05,22758.05,75,22760.05,150,225,8785425
NIFTY-II.NFO,25/02/2025,09:43:06,22760,22755.2,225,22760.05,150,1050,8785425
NIFTY-II.NFO,25/02/2025,09:43:07,22756.75,22757.7,975,22760.05,150,225,8785425
NIFTY-II.NFO,25/02/2025,09:43:09,22757.45,22757.45,150,22760,75,675,8785425
NIFTY-II.NFO,25/02/2025,09:43:11,22757,22756,75,22759.9,75,225,8785425
NIFTY-II.NFO,25/02/2025,09:43:12,22757,22756,75,22759.9,75,75,8785425
NIFTY-II.NFO,25/02/2025,09:43:14,22757,22757,75,22759.6,75,0,8785425
NIFTY-II.NFO,25/02/2025,09:43:16,22757,22756.9,975,22757,150,675,8785425
NIFTY-II.NFO,25/02/2025,09:43:17,22757.3,22756.4,600,22757.95,75,375,8785425
NIFTY-II.NFO,25/02/2025,09:43:19,22757.3,22756.7,525,22758.95,75,225,8785425
NIFTY-II.NFO,25/02/2025,09:43:21,22758,22757.2,750,22758.95,75,75,8785425
NIFTY-II.NFO,25/02/2025,09:43:22,22755,22757,600,22758.95,75,450,8785425
NIFTY-II.NFO,25/02/2025,09:43:24,22757.1,22756.7,675,22758.95,75,2100,8785425
NIFTY-II.NFO,25/02/2025,09:43:26,22758.95,22756.8,975,22759.85,75,225,8785425
NIFTY-II.NFO,25/02/2025,09:43:27,22758.95,22756.95,1125,22759.85,75,300,8785425
NIFTY-II.NFO,25/02/2025,09:43:29,22758,22757.55,1800,22759.75,75,75,8785425
NIFTY-II.NFO,25/02/2025,09:43:31,22759.45,22758.45,900,22759.95,75,75,8785425
NIFTY-II.NFO,25/02/2025,09:43:32,22759.05,22759.05,525,22760,75,375,8785425
NIFTY-II.NFO,25/02/2025,09:43:34,22759.05,22758.95,75,22759.95,75,0,8785425
NIFTY-II.NFO,25/02/2025,09:43:36,22759.95,22758.95,75,22759.95,75,75,8785425
NIFTY-II.NFO,25/02/2025,09:43:37,22758,22758.2,375,22759.85,75,225,8785425
NIFTY-II.NFO,25/02/2025,09:43:39,22758,22759.65,975,22759.95,75,150,8785425
NIFTY-II.NFO,25/02/2025,09:43:40,22758.55,22758,150,22759.2,75,375,8785425
NIFTY-II.NFO,25/02/2025,09:43:42,22758.8,22758,75,22758.8,75,375,8785425
NIFTY-II.NFO,25/02/2025,09:43:44,22758,22757,75,22758.1,225,75,8785425
NIFTY-II.NFO,25/02/2025,09:43:45,22754,22754,825,22755.95,75,975,8785425
NIFTY-II.NFO,25/02/2025,09:43:47,22751.6,22750.8,975,22753.95,75,1875,8785425
NIFTY-II.NFO,25/02/2025,09:43:49,22751.1,22753,1425,22753.9,75,1575,8785425
NIFTY-II.NFO,25/02/2025,09:43:50,22751.1,22752.5,1350,22753.8,75,0,8785425
NIFTY-II.NFO,25/02/2025,09:43:52,22752.5,22750,450,22753.75,75,450,8785425
NIFTY-II.NFO,25/02/2025,09:43:54,22752.5,22751.3,825,22753.75,75,0,8785425
NIFTY-II.NFO,25/02/2025,09:43:55,22755,22755,300,22755.5,75,1500,8785425
NIFTY-II.NFO,25/02/2025,09:43:57,22753.15,22753.15,675,22756.95,75,1575,8785425
NIFTY-II.NFO,25/02/2025,09:43:59,22753.15,22753.15,825,22755,75,600,8785425
NIFTY-II.NFO,25/02/2025,09:44:00,22753.15,22753.65,1875,22754.95,75,675,8785425
NIFTY-II.NFO,25/02/2025,09:44:02,22753.65,22753.45,1500,22755.95,75,375,8785425
NIFTY-II.NFO,25/02/2025,09:44:04,22753.6,22753.6,75,22755.95,75,75,8785425
NIFTY-II.NFO,25/02/2025,09:44:05,22753.6,22754.95,450,22755,300,0,8785425
NIFTY-II.NFO,25/02/2025,09:44:07,22753.6,22754.95,675,22755,300,0,8785425
NIFTY-II.NFO,25/02/2025,09:44:09,22757.5,22754.95,600,22757.05,75,1950,8785425
NIFTY-II.NFO,25/02/2025,09:44:11,22757.5,22754.95,600,22756.45,300,225,8785425
NIFTY-II.NFO,25/02/2025,09:44:12,22754.95,22754.95,300,22757.2,75,900,8785425
NIFTY-II.NFO,25/02/2025,09:44:14,22756.9,22755,300,22756.5,75,975,8785425
NIFTY-II.NFO,25/02/2025,09:44:16,22757.05,22755,300,22757.65,75,225,8785425
NIFTY-II.NFO,25/02/2025,09:44:17,22757.05,22755.4,450,22756.95,75,0,8785425
NIFTY-II.NFO,25/02/2025,09:44:19,22756.7,22755.4,75,22756.6,375,375,8785425
NIFTY-II.NFO,25/02/2025,09:44:21,22756.55,22755,300,22756.7,75,150,8785425
NIFTY-II.NFO,25/02/2025,09:44:22,22755,22755,225,22757,75,150,8785425
NIFTY-II.NFO,25/02/2025,09:44:24,22755,22754.55,975,22757,75,225,8785425
NIFTY-II.NFO,25/02/2025,09:44:26,22754.55,22754.35,900,22757,75,150,8785425
NIFTY-II.NFO,25/02/2025,09:44:27,22755.05,22755.05,1050,22757.7,75,600,8785425
NIFTY-II.NFO,25/02/2025,09:44:29,22758.65,22755,75,22757.95,75,900,8785425
NIFTY-II.NFO,25/02/2025,09:44:31,22755,22753.55,1800,22757.95,75,825,8785425
NIFTY-II.NFO,25/02/2025,09:44:32,22757,22753.1,75,22757.95,75,1050,8785425
NIFTY-II.NFO,25/02/2025,09:44:34,22757,22754.9,1800,22758.25,75,825,8785425
NIFTY-II.NFO,25/02/2025,09:44:36,22757,22753.1,75,22758.65,75,450,8785425
NIFTY-II.NFO,25/02/2025,09:44:37,22757,22753.15,1650,22758.1,300,1200,8785425
NIFTY-II.NFO,25/02/2025,09:44:39,22755,22755,225,22757.95,75,600,8785425
NIFTY-II.NFO,25/02/2025,09:44:41,22757,22757,75,22758,75,2025,8785425
NIFTY-II.NFO,25/02/2025,09:44:42,22754.3,22755.15,1800,22757,150,225,8785425
NIFTY-II.NFO,25/02/2025,09:44:44,22757,22754.85,1725,22758,75,300,8785425
NIFTY-II.NFO,25/02/2025,09:44:46,22758.85,22753.05,75,22758.85,75,675,8785425
NIFTY-II.NFO,25/02/2025,09:44:47,22757,22755.4,375,22757,150,75,8785425
NIFTY-II.NFO,25/02/2025,09:44:49,22754.3,22754.3,300,22756,75,225,8785425
NIFTY-II.NFO,25/02/2025,09:44:51,22754.3,22752.55,375,22755.75,75,300,8785425
NIFTY-II.NFO,25/02/2025,09:44:52,22755,22755,150,22755.9,75,375,8785425
NIFTY-II.NFO,25/02/2025,09:44:54,22755.75,22754,300,22755.9,75,600,8785425
NIFTY-II.NFO,25/02/2025,09:44:56,22754,22754,150,22755,150,225,8785425
NIFTY-II.NFO,25/02/2025,09:44:57,22754.95,22753.15,1800,22755,150,2850,8785425
NIFTY-II.NFO,25/02/2025,09:44:59,22755,22751.05,375,22755,75,825,8785425
NIFTY-II.NFO,25/02/2025,09:45:01,22754.85,22754.85,75,22758.95,75,1875,8785425
NIFTY-II.NFO,25/02/2025,09:45:02,22754.85,22755.15,75,22757.6,75,825,8785425
NIFTY-II.NFO,25/02/2025,09:45:04,22757.95,22755.95,450,22760,825,975,8785425
NIFTY-II.NFO,25/02/2025,09:45:06,22759.65,22758.9,1875,22760,900,525,8785425
NIFTY-II.NFO,25/02/2025,09:45:07,22760,22759.55,150,22760.05,150,900,8785425
NIFTY-II.NFO,25/02/2025,09:45:09,22760.6,22760.4,1875,22762,150,525,8785425
NIFTY-II.NFO,25/02/2025,09:45:11,22760,22760,375,22760.25,75,225,8785425
NIFTY-II.NFO,25/02/2025,09:45:12,22760,22758.85,75,22760,75,450,8785425
NIFTY-II.NFO,25/02/2025,09:45:14,22760.55,22760,150,22762,150,300,8785425
NIFTY-II.NFO,25/02/2025,09:45:16,22762.7,22758.85,75,22760.75,75,450,8785425
NIFTY-II.NFO,25/02/2025,09:45:17,22760.75,22758.85,75,22760.1,75,825,8785425
NIFTY-II.NFO,25/02/2025,09:45:19,22758.85,22758,75,22760.9,75,75,8785425
NIFTY-II.NFO,25/02/2025,09:45:21,22758,22759.05,675,22760.85,75,375,8785425
NIFTY-II.NFO,25/02/2025,09:45:22,22760.75,22760.75,150,22762.35,150,375,8785425
NIFTY-II.NFO,25/02/2025,09:45:24,22760.75,22759.7,900,22761.25,75,150,8785425
NIFTY-II.NFO,25/02/2025,09:45:26,22760.9,22756.05,450,22762.45,600,300,8785425
NIFTY-II.NFO,25/02/2025,09:45:27,22762.5,22758.75,1275,22761.25,75,225,8785425
NIFTY-II.NFO,25/02/2025,09:45:29,22762.5,22758.7,1650,22761.25,75,0,8785425
NIFTY-II.NFO,25/02/2025,09:45:30,22761.25,22757.05,75,22763,525,75,8785425
NIFTY-II.NFO,25/02/2025,09:45:32,22761.25,22756.2,375,22760.25,75,300,8785425
NIFTY-II.NFO,25/02/2025,09:45:34,22760.55,22756.2,375,22762.3,675,75,8785425
NIFTY-II.NFO,25/02/2025,09:45:35,22760.55,22757,450,22760.55,75,75,8785425
NIFTY-II.NFO,25/02/2025,09:45:37,22760.55,22760.4,1425,22761.2,75,0,8785425
NIFTY-II.NFO,25/02/2025,09:45:39,22757.9,22757,375,22762.75,75,225,8812875
NIFTY-II.NFO,25/02/2025,09:45:40,22760,22759.9,450,22762.05,75,225,8812875
NIFTY-II.NFO,25/02/2025,09:45:42,22760.35,22757,150,22758.1,75,525,8812875
NIFTY-II.NFO,25/02/2025,09:45:44,22758.2,22757,150,22758.6,75,600,8812875
NIFTY-II.NFO,25/02/2025,09:45:45,22758.6,22757,75,22758.6,150,150,8812875
NIFTY-II.NFO,25/02/2025,09:45:47,22760.1,22759.05,675,22760.65,150,225,8812875
NIFTY-II.NFO,25/02/2025,09:45:49,22760.35,22757,75,22761.15,75,1125,8812875
NIFTY-II.NFO,25/02/2025,09:45:50,22758,22758,600,22760.85,75,450,8812875
NIFTY-II.NFO,25/02/2025,09:45:52,22758.1,22758.1,525,22759.8,150,150,8812875
NIFTY-II.NFO,25/02/2025,09:45:54,22757,22757.6,450,22760,75,150,8812875
NIFTY-II.NFO,25/02/2025,09:45:55,22758.6,22758.6,75,22760.5,75,375,8812875
NIFTY-II.NFO,25/02/2025,09:45:57,22758.6,22757.75,1200,22760.9,75,225,8812875
NIFTY-II.NFO,25/02/2025,09:45:59,22758.6,22757.15,675,22760.2,75,0,8812875
NIFTY-II.NFO,25/02/2025,09:46:00,22758.6,22758.6,75,22760.2,150,75,8812875
NIFTY-II.NFO,25/02/2025,09:46:02,22758.6,22758,75,22759,75,450,8812875
NIFTY-II.NFO,25/02/2025,09:46:04,22762.5,22760.6,150,22762.6,75,2025,8812875
NIFTY-II.NFO,25/02/2025,09:46:05,22762.7,22760,375,22762.75,75,300,8812875
NIFTY-II.NFO,25/02/2025,09:46:07,22760,22759,750,22762.15,150,375,8812875
NIFTY-II.NFO,25/02/2025,09:46:09,22760,22760,75,22761.8,225,225,8812875
NIFTY-II.NFO,25/02/2025,09:46:10,22762,22760,75,22762.7,150,75,8812875
NIFTY-II.NFO,25/02/2025,09:46:12,22762,22760,75,22762,75,75,8812875
NIFTY-II.NFO,25/02/2025,09:46:14,22760,22760,225,22761.7,150,225,8812875
NIFTY-II.NFO,25/02/2025,09:46:15,22760,22760,225,22762.4,75,75,8812875
NIFTY-II.NFO,25/02/2025,09:46:17,22760,22762,300,22762.75,75,75,8812875
NIFTY-II.NFO,25/02/2025,09:46:19,22762,22762,225,22762.75,75,75,8812875
NIFTY-II.NFO,25/02/2025,09:46:20,22762,22762,150,22762.75,75,75,8812875
NIFTY-II.NFO,25/02/2025,09:46:22,22764.5,22764.5,75,22764.95,75,525,8812875
NIFTY-II.NFO,25/02/2025,09:46:24,22764.95,22764.5,75,22766,75,750,8812875
NIFTY-II.NFO,25/02/2025,09:46:25,22767,22764.5,75,22766.4,225,150,8812875
NIFTY-II.NFO,25/02/2025,09:46:27,22765,22764.5,75,22766.15,150,225,8812875
NIFTY-II.NFO,25/02/2025,09:46:29,22765,22762.4,1650,22765.5,225,0,8812875
NIFTY-II.NFO,25/02/2025,09:46:30,22762,22762,75,22763.1,75,1125,8812875
NIFTY-II.NFO,25/02/2025,09:46:32,22762,22762,75,22763.45,75,75,8812875
NIFTY-II.NFO,25/02/2025,09:46:34,22763.5,22762.1,75,22764,75,75,8812875
NIFTY-II.NFO,25/02/2025,09:46:35,22763.5,22762.55,75,22764,75,225,8812875
NIFTY-II.NFO,25/02/2025,09:46:37,22763.45,22762.1,75,22763.1,75,975,8812875
NIFTY-II.NFO,25/02/2025,09:46:39,22762,22761,75,22761.6,75,600,8812875
NIFTY-II.NFO,25/02/2025,09:46:40,22762,22761,75,22761.35,75,1800,8812875
NIFTY-II.NFO,25/02/2025,09:46:42,22761.3,22762,225,22763.2,75,825,8812875
NIFTY-II.NFO,25/02/2025,09:46:44,22762,22762,75,22763.6,150,375,8812875
NIFTY-II.NFO,25/02/2025,09:46:45,22762,22762,150,22763.4,75,0,8812875
NIFTY-II.NFO,25/02/2025,09:46:47,22762,22762,150,22763.8,75,0,8812875
NIFTY-II.NFO,25/02/2025,09:46:49,22763.4,22762,150,22763.1,75,75,8812875
NIFTY-II.NFO,25/02/2025,09:46:50,22762,22760,2625,22762.4,75,375,8812875
NIFTY-II.NFO,25/02/2025,09:46:52,22762,22760,2625,22761.95,75,75,8812875
NIFTY-II.NFO,25/02/2025,09:46:54,22761.95,22760,2625,22762,375,375,8812875
NIFTY-II.NFO,25/02/2025,09:46:55,22760.4,22760,2625,22760.45,75,750,8812875
NIFTY-II.NFO,25/02/2025,09:46:57,22760.4,22760,2625,22760.4,75,150,8812875
NIFTY-II.NFO,25/02/2025,09:46:59,22760.5,22760,2625,22761.3,150,150,8812875
NIFTY-II.NFO,25/02/2025,09:47:00,22760.05,22760.05,1800,22761.2,150,75,8812875
NIFTY-II.NFO,25/02/2025,09:47:02,22760.05,22760.05,75,22761.2,150,525,8812875
NIFTY-II.NFO,25/02/2025,09:47:04,22761.2,22761.2,150,22761.95,225,300,8812875
NIFTY-II.NFO,25/02/2025,09:47:05,22761.2,22760.2,525,22761.95,150,150,8812875
NIFTY-II.NFO,25/02/2025,09:47:07,22761.85,22760.2,450,22761.85,75,300,8812875
NIFTY-II.NFO,25/02/2025,09:47:09,22761.85,22760.2,450,22761.85,75,0,8812875
NIFTY-II.NFO,25/02/2025,09:47:10,22760.2,22760.2,375,22761.85,75,150,8812875
NIFTY-II.NFO,25/02/2025,09:47:12,22761.85,22760.2,375,22761.95,375,2775,8812875
NIFTY-II.NFO,25/02/2025,09:47:14,22760.15,22760,1275,22760.2,75,1500,8812875
NIFTY-II.NFO,25/02/2025,09:47:15,22760,22760,1125,22760.2,150,4725,8812875
NIFTY-II.NFO,25/02/2025,09:47:17,22758,22758,150,22760.15,75,1425,8812875
NIFTY-II.NFO,25/02/2025,09:47:19,22760,22758,75,22759.95,225,150,8812875
NIFTY-II.NFO,25/02/2025,09:47:20,22760,22758,75,22759.45,225,0,8812875
NIFTY-II.NFO,25/02/2025,09:47:22,22760,22758.15,1275,22759.45,225,75,8812875
NIFTY-II.NFO,25/02/2025,09:47:24,22759.25,22758.05,1350,22759.25,150,1350,8812875
NIFTY-II.NFO,25/02/2025,09:47:25,22758.05,22758,1875,22758.95,150,225,8812875
NIFTY-II.NFO,25/02/2025,09:47:27,22758.1,22758.1,1725,22758.65,150,150,8812875
NIFTY-II.NFO,25/02/2025,09:47:28,22758.1,22758,75,22758.35,150,0,8812875
NIFTY-II.NFO,25/02/2025,09:47:30,22758.05,22755,150,22758.35,150,150,8812875
NIFTY-II.NFO,25/02/2025,09:47:32,22758.05,22755,150,22757.2,150,75,8812875
NIFTY-II.NFO,25/02/2025,09:47:33,22752.5,22751,150,22755.45,150,300,8812875
NIFTY-II.NFO,25/02/2025,09:47:35,22752.7,22751,150,22752.65,150,1650,8812875
NIFTY-II.NFO,25/02/2025,09:47:37,22751,22750,225,22752.45,75,150,8812875
NIFTY-II.NFO,25/02/2025,09:47:38,22749.55,22745,75,22749.3,150,1200,8812875
NIFTY-II.NFO,25/02/2025,09:47:40,22749.55,22745,75,22748.65,225,75,8812875
NIFTY-II.NFO,25/02/2025,09:47:42,22749.55,22745,75,22748.65,225,3825,8812875
NIFTY-II.NFO,25/02/2025,09:47:43,22744.2,22747.25,525,22748.65,150,1725,8812875
NIFTY-II.NFO,25/02/2025,09:47:45,22748.65,22745.65,150,22750,225,375,8812875
NIFTY-II.NFO,25/02/2025,09:47:47,22748.65,22745.85,75,22750,225,1575,8812875
NIFTY-II.NFO,25/02/2025,09:47:48,22748.65,22748.35,1650,22749.95,75,0,8812875
NIFTY-II.NFO,25/02/2025,09:47:50,22748.45,22744.5,375,22748.9,75,225,8812875
NIFTY-II.NFO,25/02/2025,09:47:52,22748.45,22747.6,1800,22748.9,75,75,8812875
NIFTY-II.NFO,25/02/2025,09:47:53,22748.45,22744,75,22749.5,75,0,8812875
NIFTY-II.NFO,25/02/2025,09:47:55,22748.25,22748.55,1800,22750,75,825,8812875
NIFTY-II.NFO,25/02/2025,09:47:57,22748.65,22747.75,375,22749.95,75,150,8812875
NIFTY-II.NFO,25/02/2025,09:47:58,22748.05,22748.05,1650,22749.95,75,150,8812875
NIFTY-II.NFO,25/02/2025,09:48:00,22748.05,22748.1,75,22749.4,375,0,8812875
NIFTY-II.NFO,25/02/2025,09:48:02,22748.1,22744,150,22747.6,150,750,8812875
NIFTY-II.NFO,25/02/2025,09:48:03,22748.1,22745,75,22746,150,75,8812875
NIFTY-II.NFO,25/02/2025,09:48:05,22745.85,22746.25,1200,22749.1,75,1125,8812875
NIFTY-II.NFO,25/02/2025,09:48:07,22749.1,22746.25,150,22749.9,75,75,8812875
NIFTY-II.NFO,25/02/2025,09:48:09,22749.1,22748.45,150,22749.45,75,0,8812875
NIFTY-II.NFO,25/02/2025,09:48:10,22749.1,22748.45,225,22748.95,75,1500,8812875
NIFTY-II.NFO,25/02/2025,09:48:12,22746.55,22746.55,75,22747,75,525,8812875
NIFTY-II.NFO,25/02/2025,09:48:14,22746.55,22746.55,75,22746.85,75,0,8812875
NIFTY-II.NFO,25/02/2025,09:48:15,22746.55,22746.05,1800,22746.85,75,225,8812875
NIFTY-II.NFO,25/02/2025,09:48:17,22746.05,22746.15,1500,22748.8,75,75,8812875
NIFTY-II.NFO,25/02/2025,09:48:19,22746.05,22747.45,1800,22750,225,0,8812875
NIFTY-II.NFO,25/02/2025,09:48:20,22746.05,22749.45,1725,22750,225,0,8812875
NIFTY-II.NFO,25/02/2025,09:48:22,22751.95,22751.95,1725,22752,150,600,8812875
NIFTY-II.NFO,25/02/2025,09:48:24,22755,22752.2,75,22755.1,600,375,8812875
NIFTY-II.NFO,25/02/2025,09:48:25,22752.95,22750.3,600,22753,75,150,8812875
NIFTY-II.NFO,25/02/2025,09:48:27,22752.95,22750.8,1800,22754.15,75,0,8812875
NIFTY-II.NFO,25/02/2025,09:48:29,22751.2,22749.95,75,22751.65,75,1200,8812875
NIFTY-II.NFO,25/02/2025,09:48:30,22755,22752.15,1800,22755.2,75,150,8812875
NIFTY-II.NFO,25/02/2025,09:48:32,22755,22753.3,1800,22753.75,75,75,8812875
NIFTY-II.NFO,25/02/2025,09:48:34,22753.75,22752.65,1350,22755.95,75,75,8812875
NIFTY-II.NFO,25/02/2025,09:48:35,22753.75,22750.7,525,22754.95,75,0,8812875
NIFTY-II.NFO,25/02/2025,09:48:37,22753.75,22754.15,1650,22754.95,75,0,8812875
NIFTY-II.NFO,25/02/2025,09:48:39,22754.95,22750.15,675,22755,75,150,8853225
NIFTY-II.NFO,25/02/2025,09:48:40,22755,22753.9,1800,22757,300,75,8853225
NIFTY-II.NFO,25/02/2025,09:48:42,22758.2,22754.4,1575,22756.55,375,675,8853225
NIFTY-II.NFO,25/02/2025,09:48:44,22753.75,22753.75,900,22757.45,75,150,8853225
NIFTY-II.NFO,25/02/2025,09:48:45,22753.75,22753.75,900,22758.1,75,0,8853225
NIFTY-II.NFO,25/02/2025,09:48:47,22759.9,22757.5,750,22760,225,225,8853225
NIFTY-II.NFO,25/02/2025,09:48:49,22760,22758.25,1800,22760,150,75,8853225
NIFTY-II.NFO,25/02/2025,09:48:50,22760,22758.55,600,22760,75,75,8853225
NIFTY-II.NFO,25/02/2025,09:48:52,22760,22759.15,600,22760,75,75,8853225
NIFTY-II.NFO,25/02/2025,09:48:54,22760,22760,150,22762,300,75,8853225
NIFTY-II.NFO,25/02/2025,09:48:55,22760,22756.55,75,22761.95,75,150,8853225
NIFTY-II.NFO,25/02/2025,09:48:57,22760,22760.8,525,22761.95,75,2025,8853225
NIFTY-II.NFO,25/02/2025,09:48:59,22760,22760,1800,22761.95,75,1875,8853225
NIFTY-II.NFO,25/02/2025,09:49:00,22762,22764.25,1425,22764.4,450,2100,8853225
NIFTY-II.NFO,25/02/2025,09:49:02,22766.5,22765.45,75,22768.95,75,1125,8853225
NIFTY-II.NFO,25/02/2025,09:49:04,22768.95,22765.7,75,22769,225,1875,8853225
NIFTY-II.NFO,25/02/2025,09:49:05,22769,22767.55,75,22769,150,75,8853225
NIFTY-II.NFO,25/02/2025,09:49:07,22769.5,22763.75,600,22769.95,75,3525,8853225
NIFTY-II.NFO,25/02/2025,09:49:09,22769.5,22768.45,225,22769.7,75,0,8853225
NIFTY-II.NFO,25/02/2025,09:49:10,22770.85,22770.85,75,22773,150,2325,8853225
NIFTY-II.NFO,25/02/2025,09:49:12,22770.85,22771.45,1875,22773,150,75,8853225
NIFTY-II.NFO,25/02/2025,09:49:14,22772.65,22769.15,525,22771.7,75,1950,8853225
NIFTY-II.NFO,25/02/2025,09:49:15,22771.7,22770,150,22772.65,75,150,8853225
NIFTY-II.NFO,25/02/2025,09:49:17,22771.7,22772.2,1800,22772.65,75,0,8853225
NIFTY-II.NFO,25/02/2025,09:49:19,22770.95,22770.95,1725,22774.15,75,675,8853225
NIFTY-II.NFO,25/02/2025,09:49:20,22773.9,22772.65,75,22773.4,225,75,8853225
NIFTY-II.NFO,25/02/2025,09:49:22,22773,22772.15,1125,22773.4,150,300,8853225
NIFTY-II.NFO,25/02/2025,09:49:24,22772,22772.65,75,22773,75,75,8853225
NIFTY-II.NFO,25/02/2025,09:49:25,22772.85,22772.65,75,22774.9,75,300,8853225
NIFTY-II.NFO,25/02/2025,09:49:27,22772.65,22772.65,150,22774.9,150,75,8853225
NIFTY-II.NFO,25/02/2025,09:49:29,22772,22772,150,22772.65,75,375,8853225
NIFTY-II.NFO,25/02/2025,09:49:30,22773.55,22773,75,22773.65,150,450,8853225
NIFTY-II.NFO,25/02/2025,09:49:32,22773.3,22773.5,600,22773.85,75,525,8853225
NIFTY-II.NFO,25/02/2025,09:49:34,22772,22772,75,22773.85,75,675,8853225
NIFTY-II.NFO,25/02/2025,09:49:35,22772.75,22772,150,22773,150,225,8853225
NIFTY-II.NFO,25/02/2025,09:49:37,22776,22776.65,1050,22776.95,75,1050,8853225
NIFTY-II.NFO,25/02/2025,09:49:39,22776.95,22775.6,525,22779,150,975,8853225
NIFTY-II.NFO,25/02/2025,09:49:39,22779,22775.6,525,22779,150,0,8853225
NIFTY-II.NFO,25/02/2025,09:49:40,22779,22773,225,22778.05,150,375,8853225
NIFTY-II.NFO,25/02/2025,09:49:42,22777.85,22775.2,1800,22777.7,75,1425,8853225
NIFTY-II.NFO,25/02/2025,09:49:44,22777.7,22777.85,75,22777.95,75,825,8853225
NIFTY-II.NFO,25/02/2025,09:49:45,22777,22773.5,825,22776.95,75,1950,8853225
NIFTY-II.NFO,25/02/2025,09:49:47,22777.9,22774.35,825,22777.8,225,450,8853225
NIFTY-II.NFO,25/02/2025,09:49:49,22777.9,22775,75,22777.9,75,150,8853225
NIFTY-II.NFO,25/02/2025,09:49:50,22778.7,22777,300,22778.3,75,1650,8853225
NIFTY-II.NFO,25/02/2025,09:49:52,22777.35,22777,75,22777.35,525,600,8853225
NIFTY-II.NFO,25/02/2025,09:49:54,22772,22770.05,600,22776.15,375,1725,8853225
NIFTY-II.NFO,25/02/2025,09:49:55,22776.75,22770.35,600,22777.25,375,300,8853225
NIFTY-II.NFO,25/02/2025,09:49:57,22776.75,22770.05,600,22776.9,375,0,8853225
NIFTY-II.NFO,25/02/2025,09:49:59,22777.1,22773.15,675,22777.3,75,825,8853225
NIFTY-II.NFO,25/02/2025,09:50:00,22770.05,22772.1,1350,22776.75,300,675,8853225
NIFTY-II.NFO,25/02/2025,09:50:02,22770.05,22775,150,22777.2,75,2700,8853225
NIFTY-II.NFO,25/02/2025,09:50:04,22777.95,22773.25,750,22777.95,150,3075,8853225
NIFTY-II.NFO,25/02/2025,09:50:05,22773.95,22773.95,75,22776.05,75,3075,8853225
NIFTY-II.NFO,25/02/2025,09:50:07,22777.1,22773.95,75,22777.1,75,150,8853225
NIFTY-II.NFO,25/02/2025,09:50:09,22770,22770,375,22775,375,2550,8853225
NIFTY-II.NFO,25/02/2025,09:50:10,22771,22771.25,750,22775.4,225,3525,8853225
NIFTY-II.NFO,25/02/2025,09:50:12,22775.4,22771.55,1875,22776.65,375,225,8853225
NIFTY-II.NFO,25/02/2025,09:50:14,22775.4,22771.6,675,22775,75,1575,8853225
NIFTY-II.NFO,25/02/2025,09:50:15,22775,22772.05,75,22775.45,150,75,8853225
NIFTY-II.NFO,25/02/2025,09:50:17,22775.4,22771,150,22774.95,150,1725,8853225
NIFTY-II.NFO,25/02/2025,09:50:19,22772.05,22771,150,22773.4,375,525,8853225
NIFTY-II.NFO,25/02/2025,09:50:20,22772.6,22771,150,22773.65,150,5550,8853225
NIFTY-II.NFO,25/02/2025,09:50:22,22771,22771,75,22774.95,375,750,8853225
NIFTY-II.NFO,25/02/2025,09:50:24,22772,22771,75,22774.15,375,375,8853225
NIFTY-II.NFO,25/02/2025,09:50:25,22770,22770,150,22774.15,375,150,8853225
NIFTY-II.NFO,25/02/2025,09:50:27,22770,22770,150,22774.25,450,600,8853225
NIFTY-II.NFO,25/02/2025,09:50:29,22773.45,22770,150,22773.5,375,1350,8853225
NIFTY-II.NFO,25/02/2025,09:50:30,22771,22770,150,22773.7,375,75,8853225
NIFTY-II.NFO,25/02/2025,09:50:32,22773.7,22770,75,22773.55,150,525,8853225
NIFTY-II.NFO,25/02/2025,09:50:34,22773,22770,75,22772.45,375,150,8853225
NIFTY-II.NFO,25/02/2025,09:50:35,22773.6,22770.05,375,22773.7,150,975,8853225
NIFTY-II.NFO,25/02/2025,09:50:37,22770.05,22770.05,300,22772.35,375,150,8853225
NIFTY-II.NFO,25/02/2025,09:50:39,22770,22769.55,1800,22771.55,375,975,8853225
NIFTY-II.NFO,25/02/2025,09:50:40,22770,22769.5,1800,22770,75,0,8853225
NIFTY-II.NFO,25/02/2025,09:50:42,22769.5,22769.5,1800,22770,75,1275,8853225
NIFTY-II.NFO,25/02/2025,09:50:44,22772,22770.7,1800,22771.55,150,900,8853225
NIFTY-II.NFO,25/02/2025,09:50:45,22771.55,22770,75,22771.5,375,300,8853225
NIFTY-II.NFO,25/02/2025,09:50:47,22770,22769.45,1800,22770.6,150,75,8853225
NIFTY-II.NFO,25/02/2025,09:50:49,22770,22769.2,1725,22769.8,150,0,8853225
NIFTY-II.NFO,25/02/2025,09:50:50,22769.8,22768.5,75,22772.05,225,450,8853225
NIFTY-II.NFO,25/02/2025,09:50:52,22769.8,22768.5,75,22771.5,300,75,8853225
NIFTY-II.NFO,25/02/2025,09:50:54,22769.8,22770,150,22770.95,225,0,8853225
NIFTY-II.NFO,25/02/2025,09:50:55,22769.8,22769.25,1725,22773,225,1725,8853225
NIFTY-II.NFO,25/02/2025,09:50:57,22769.8,22769.6,1800,22773,225,1500,8853225
NIFTY-II.NFO,25/02/2025,09:50:59,22769.8,22769.45,1725,22773,225,1500,8853225
NIFTY-II.NFO,25/02/2025,09:51:00,22770.1,22771.5,1275,22773,225,75,8853225
NIFTY-II.NFO,25/02/2025,09:51:02,22773,22771.5,75,22773,150,225,8853225
NIFTY-II.NFO,25/02/2025,09:51:04,22771.5,22769.8,150,22772.8,225,675,8853225
NIFTY-II.NFO,25/02/2025,09:51:05,22770.75,22770.75,1800,22773,75,75,8853225
NIFTY-II.NFO,25/02/2025,09:51:07,22773,22771.35,75,22773.15,300,225,8853225
NIFTY-II.NFO,25/02/2025,09:51:09,22771.35,22771.2,75,22773.6,75,300,8853225
NIFTY-II.NFO,25/02/2025,09:51:11,22772.3,22772.3,75,22773.05,300,600,8853225
NIFTY-II.NFO,25/02/2025,09:51:12,22772.3,22771.35,225,22772.7,75,150,8853225
NIFTY-II.NFO,25/02/2025,09:51:14,22772.3,22771.35,150,22772.7,75,150,8853225
NIFTY-II.NFO,25/02/2025,09:51:16,22769.8,22770.9,900,22771.35,450,450,8853225
NIFTY-II.NFO,25/02/2025,09:51:17,22771.6,22769.65,1875,22772.7,300,825,8853225
