Ticker,Date,Time,LTP,BuyPrice,BuyQty,SellPrice,SellQty,LTQ,OpenInterest
BANKNIFTY-II.NFO,09/07/2024,09:15:05,52770,52746.55,60,52780,60,15,331395
BANKNIFTY-II.NFO,09/07/2024,09:15:05,52770,52746.55,60,52780,60,0,331395
BANKNIFTY-II.NFO,09/07/2024,09:15:05,52770,52746.55,60,52780,60,0,331395
BANKNIFTY-II.NFO,09/07/2024,09:15:05,52770,52746.55,60,52780,60,0,331395
BANKNIFTY-II.NFO,09/07/2024,09:15:06,52776.1,52751.45,60,52774.6,30,30,331395
BANKNIFTY-II.NFO,09/07/2024,09:15:06,52780,52751.45,60,52774.6,30,0,331395
BANKNIFTY-II.NFO,09/07/2024,09:15:07,52774.6,52754.45,60,52761.55,30,15,331395
BANKNIFTY-II.NFO,09/07/2024,09:15:09,52761.55,52753.25,60,52761.55,15,15,331395
BANKNIFTY-II.NFO,09/07/2024,09:15:09,52761.55,52753.25,60,52761.55,15,0,331395
BANKNIFTY-II.NFO,09/07/2024,09:15:10,52786.1,52758.25,60,52786.15,150,30,331395
BANKNIFTY-II.NFO,09/07/2024,09:15:10,52786.1,52758.25,60,52786.15,150,0,331395
BANKNIFTY-II.NFO,09/07/2024,09:15:12,52786.15,52764.3,30,52780.95,150,15,331395
BANKNIFTY-II.NFO,09/07/2024,09:15:12,52786.15,52764.3,30,52780.95,150,0,331395
BANKNIFTY-II.NFO,09/07/2024,09:15:13,52764.45,52769.45,60,52787.95,15,30,331395
BANKNIFTY-II.NFO,09/07/2024,09:15:15,52787.95,52778.1,30,52788,15,15,331395
BANKNIFTY-II.NFO,09/07/2024,09:15:15,52787.95,52778.1,30,52788,15,0,331395
BANKNIFTY-II.NFO,09/07/2024,09:15:16,52800,52784.35,60,52800,15,90,331395
BANKNIFTY-II.NFO,09/07/2024,09:15:16,52800,52784.35,60,52800,15,0,331395
BANKNIFTY-II.NFO,09/07/2024,09:15:18,52851.75,52829.85,60,52851.95,45,90,331395
BANKNIFTY-II.NFO,09/07/2024,09:15:18,52851.75,52829.85,60,52851.95,45,0,331395
BANKNIFTY-II.NFO,09/07/2024,09:15:19,52851.95,52834.85,60,52861.6,30,15,331395
BANKNIFTY-II.NFO,09/07/2024,09:15:19,52851.95,52834.85,60,52861.6,30,0,331395
BANKNIFTY-II.NFO,09/07/2024,09:15:21,52861.6,52849.95,60,52881.1,45,30,331590
BANKNIFTY-II.NFO,09/07/2024,09:15:21,52861.6,52849.95,60,52881.1,45,0,331590
BANKNIFTY-II.NFO,09/07/2024,09:15:22,52881.1,52854.65,60,52876.95,30,15,331590
BANKNIFTY-II.NFO,09/07/2024,09:15:22,52881.1,52854.65,60,52876.95,30,0,331590
BANKNIFTY-II.NFO,09/07/2024,09:15:24,52859.5,52851.95,15,52865.75,30,90,331590
BANKNIFTY-II.NFO,09/07/2024,09:15:25,52851.95,52825,45,52838.8,15,30,331590
BANKNIFTY-II.NFO,09/07/2024,09:15:27,52825,52790.55,135,52829.9,150,60,331590
BANKNIFTY-II.NFO,09/07/2024,09:15:28,52829.9,52795,60,52823.65,30,45,331590
BANKNIFTY-II.NFO,09/07/2024,09:15:30,52841.7,52808.85,60,52846.35,30,45,331590
BANKNIFTY-II.NFO,09/07/2024,09:15:31,52846.35,52817.2,60,52839.95,30,15,331590
BANKNIFTY-II.NFO,09/07/2024,09:15:33,52839.95,52835.05,60,52851.95,45,30,331590
BANKNIFTY-II.NFO,09/07/2024,09:15:34,52851.95,52835.85,90,52851.95,30,15,331590
BANKNIFTY-II.NFO,09/07/2024,09:15:36,52851.95,52846.05,60,52851.95,15,15,331590
BANKNIFTY-II.NFO,09/07/2024,09:15:37,52851.95,52842.85,60,52866.9,150,15,331590
BANKNIFTY-II.NFO,09/07/2024,09:15:39,52842.85,52851.95,15,52864.5,15,30,331590
BANKNIFTY-II.NFO,09/07/2024,09:15:40,52841.7,52828.8,60,52846.65,15,45,331590
BANKNIFTY-II.NFO,09/07/2024,09:15:42,52827.95,52828,60,52842.45,30,60,331590
BANKNIFTY-II.NFO,09/07/2024,09:15:44,52842.45,52821.95,60,52838.9,15,15,331590
BANKNIFTY-II.NFO,09/07/2024,09:15:45,52838.9,52826.2,105,52840.65,165,15,331590
BANKNIFTY-II.NFO,09/07/2024,09:15:47,52834.3,52827.65,45,52837.1,150,225,331590
BANKNIFTY-II.NFO,09/07/2024,09:15:48,52839.95,52834.85,60,52853.25,150,180,331590
BANKNIFTY-II.NFO,09/07/2024,09:15:50,52840.6,52855.6,60,52870,15,30,331590
BANKNIFTY-II.NFO,09/07/2024,09:15:51,52857.85,52858.5,45,52876,60,120,331590
BANKNIFTY-II.NFO,09/07/2024,09:15:53,52876,52847.45,60,52870.25,60,15,331590
BANKNIFTY-II.NFO,09/07/2024,09:15:54,52870.25,52845,60,52866.4,60,15,331590
BANKNIFTY-II.NFO,09/07/2024,09:15:56,52866.4,52847.65,60,52866.35,30,15,331590
BANKNIFTY-II.NFO,09/07/2024,09:15:58,52866.35,52851.6,60,52866.35,30,30,331590
BANKNIFTY-II.NFO,09/07/2024,09:15:59,52870,52857.6,60,52870,390,15,331590
BANKNIFTY-II.NFO,09/07/2024,09:16:01,52858.5,52855.15,60,52870,405,15,331590
BANKNIFTY-II.NFO,09/07/2024,09:16:02,52858.5,52850.4,60,52870,405,0,331590
BANKNIFTY-II.NFO,09/07/2024,09:16:04,52852.65,52852.9,30,52866,15,45,331590
BANKNIFTY-II.NFO,09/07/2024,09:16:05,52851.15,52851.15,15,52865.95,75,15,331590
BANKNIFTY-II.NFO,09/07/2024,09:16:07,52851.15,52839.65,45,52864.55,105,0,331590
BANKNIFTY-II.NFO,09/07/2024,09:16:08,52851.15,52838.95,15,52862.35,60,0,331590
BANKNIFTY-II.NFO,09/07/2024,09:16:10,52836.6,52840.35,15,52860.8,15,15,331590
BANKNIFTY-II.NFO,09/07/2024,09:16:12,52862.4,52843.05,15,52862.9,60,30,331590
BANKNIFTY-II.NFO,09/07/2024,09:16:13,52862.4,52829.75,30,52852.6,60,0,331590
BANKNIFTY-II.NFO,09/07/2024,09:16:15,52862.4,52824.05,45,52846.05,15,0,331590
BANKNIFTY-II.NFO,09/07/2024,09:16:16,52862.4,52819.05,45,52840.55,60,0,331590
BANKNIFTY-II.NFO,09/07/2024,09:16:18,52840.6,52827.75,15,52845.75,60,15,331590
BANKNIFTY-II.NFO,09/07/2024,09:16:19,52840.6,52835,30,52852.7,60,0,331590
BANKNIFTY-II.NFO,09/07/2024,09:16:21,52840.6,52830.8,15,52853.55,60,0,331590
BANKNIFTY-II.NFO,09/07/2024,09:16:23,52824.6,52822.35,30,52847.6,90,60,331590
BANKNIFTY-II.NFO,09/07/2024,09:16:24,52820.15,52819.05,45,52840.6,30,90,331590
BANKNIFTY-II.NFO,09/07/2024,09:16:26,52820.15,52822.45,45,52840,30,0,331590
BANKNIFTY-II.NFO,09/07/2024,09:16:27,52822.45,52823.05,15,52839.95,75,15,331590
BANKNIFTY-II.NFO,09/07/2024,09:16:29,52822.45,52819.05,15,52839.95,75,0,331590
BANKNIFTY-II.NFO,09/07/2024,09:16:30,52822.45,52818.9,60,52839.85,60,180,331590
BANKNIFTY-II.NFO,09/07/2024,09:16:32,52839.85,52820.2,60,52841.15,45,15,331590
BANKNIFTY-II.NFO,09/07/2024,09:16:33,52820.2,52822.3,45,52842.4,60,30,331590
BANKNIFTY-II.NFO,09/07/2024,09:16:35,52820.2,52826.05,75,52847.85,60,0,331590
BANKNIFTY-II.NFO,09/07/2024,09:16:36,52820.2,52826.95,45,52847.3,75,0,331590
BANKNIFTY-II.NFO,09/07/2024,09:16:40,52826.95,52831,60,52849.95,60,30,331590
BANKNIFTY-II.NFO,09/07/2024,09:16:41,52826.95,52831,30,52849.95,60,0,331590
BANKNIFTY-II.NFO,09/07/2024,09:16:43,52849.95,52831.05,15,52849.95,60,30,331590
BANKNIFTY-II.NFO,09/07/2024,09:16:44,52849.95,52835,15,52849.95,60,0,331590
BANKNIFTY-II.NFO,09/07/2024,09:16:46,52832.8,52836.3,15,52849.95,75,150,331590
BANKNIFTY-II.NFO,09/07/2024,09:16:47,52832.8,52838.35,15,52849.95,60,0,331590
BANKNIFTY-II.NFO,09/07/2024,09:16:49,52839,52838.35,15,52849.95,60,15,331590
BANKNIFTY-II.NFO,09/07/2024,09:16:51,52832.8,52831.8,15,52849.95,75,15,331590
BANKNIFTY-II.NFO,09/07/2024,09:16:52,52849.95,52831.05,30,52849.9,60,30,331590
BANKNIFTY-II.NFO,09/07/2024,09:16:54,52849.95,52832.85,30,52847.9,60,0,331590
BANKNIFTY-II.NFO,09/07/2024,09:16:55,52849.95,52832.8,30,52844.9,60,0,331590
BANKNIFTY-II.NFO,09/07/2024,09:16:57,52847.4,52832.85,60,52847.4,60,30,331590
BANKNIFTY-II.NFO,09/07/2024,09:16:58,52847.4,52832.8,45,52847.4,60,0,331590
BANKNIFTY-II.NFO,09/07/2024,09:17:00,52847.4,52844.9,150,52848.95,60,0,331590
BANKNIFTY-II.NFO,09/07/2024,09:17:02,52844.9,52832.85,75,52848.45,75,150,331590
BANKNIFTY-II.NFO,09/07/2024,09:17:03,52848.45,52832.85,75,52848.45,60,15,331590
BANKNIFTY-II.NFO,09/07/2024,09:17:05,52848.45,52832.85,60,52848.45,60,0,331590
BANKNIFTY-II.NFO,09/07/2024,09:17:08,52848.45,52832.8,30,52844.85,45,0,331590
BANKNIFTY-II.NFO,09/07/2024,09:17:13,52848.45,52832.8,45,52844.85,60,0,331590
BANKNIFTY-II.NFO,09/07/2024,09:17:14,52848.45,52832.8,30,52844.85,60,0,331590
BANKNIFTY-II.NFO,09/07/2024,09:17:16,52848.45,52832.85,60,52844.85,60,0,331590
BANKNIFTY-II.NFO,09/07/2024,09:17:17,52848.45,52832.85,75,52844.85,60,0,331590
BANKNIFTY-II.NFO,09/07/2024,09:17:19,52848.45,52832.85,75,52844.9,15,0,331590
BANKNIFTY-II.NFO,09/07/2024,09:17:20,52848.45,52832.85,75,52844.9,30,0,331590
BANKNIFTY-II.NFO,09/07/2024,09:17:22,52848.45,52832.85,60,52840,15,0,331590
BANKNIFTY-II.NFO,09/07/2024,09:17:23,52840,52832.8,30,52839.95,60,15,331590
BANKNIFTY-II.NFO,09/07/2024,09:17:25,52839.95,52832.8,30,52839.95,45,15,331590
BANKNIFTY-II.NFO,09/07/2024,09:17:27,52832.8,52832.8,15,52840,60,15,331590
BANKNIFTY-II.NFO,09/07/2024,09:17:28,52832.8,52832.85,60,52840,60,0,331590
BANKNIFTY-II.NFO,09/07/2024,09:17:30,52832.8,52832.85,75,52840,60,0,331590
BANKNIFTY-II.NFO,09/07/2024,09:17:31,52832.85,52832.85,60,52840,60,30,331590
BANKNIFTY-II.NFO,09/07/2024,09:17:33,52840,52832.85,60,52840,45,15,331590
BANKNIFTY-II.NFO,09/07/2024,09:17:34,52840,52832.8,45,52840,45,0,331590
BANKNIFTY-II.NFO,09/07/2024,09:17:38,52840,52832.85,75,52840,15,30,331590
BANKNIFTY-II.NFO,09/07/2024,09:17:39,52835,52832.85,75,52840,15,15,331590
BANKNIFTY-II.NFO,09/07/2024,09:17:41,52835,52832.85,135,52840,15,0,331590
BANKNIFTY-II.NFO,09/07/2024,09:17:42,52832.85,52832.85,75,52840,15,15,331590
BANKNIFTY-II.NFO,09/07/2024,09:17:44,52832.85,52832.85,60,52837.8,60,0,331590
BANKNIFTY-II.NFO,09/07/2024,09:17:46,52832,52821.2,45,52832.5,30,195,331590
BANKNIFTY-II.NFO,09/07/2024,09:17:47,52832,52821.15,15,52825.85,15,0,331590
BANKNIFTY-II.NFO,09/07/2024,09:17:49,52832,52821.2,45,52832.3,60,0,331590
BANKNIFTY-II.NFO,09/07/2024,09:17:51,52832,52821.15,15,52828.7,30,0,331590
BANKNIFTY-II.NFO,09/07/2024,09:17:52,52832,52821.2,45,52834.55,60,0,331590
BANKNIFTY-II.NFO,09/07/2024,09:17:54,52832,52821.2,45,52834.35,60,0,331590
BANKNIFTY-II.NFO,09/07/2024,09:17:56,52832,52821.2,60,52833.85,75,0,331590
BANKNIFTY-II.NFO,09/07/2024,09:17:57,52832,52821.2,45,52830.65,30,0,331590
BANKNIFTY-II.NFO,09/07/2024,09:17:59,52821.15,52820,15,52827.4,30,15,331590
BANKNIFTY-II.NFO,09/07/2024,09:18:01,52822.45,52820,15,52823.95,60,15,331590
BANKNIFTY-II.NFO,09/07/2024,09:18:02,52822.45,52820,15,52825.75,60,0,331590
BANKNIFTY-II.NFO,09/07/2024,09:18:04,52814.3,52810.15,60,52824.7,60,45,331590
BANKNIFTY-II.NFO,09/07/2024,09:18:06,52814.3,52809.5,30,52824.5,60,0,331590
BANKNIFTY-II.NFO,09/07/2024,09:18:07,52814.3,52809.3,30,52824.05,60,0,331590
BANKNIFTY-II.NFO,09/07/2024,09:18:09,52822.45,52807.7,60,52823.4,60,30,331590
BANKNIFTY-II.NFO,09/07/2024,09:18:11,52822.45,52804.1,45,52814.3,15,0,331590
BANKNIFTY-II.NFO,09/07/2024,09:18:12,52822.45,52801.85,45,52814.3,30,0,331590
BANKNIFTY-II.NFO,09/07/2024,09:18:14,52822.45,52802.55,45,52814.3,15,0,331590
BANKNIFTY-II.NFO,09/07/2024,09:18:16,52822.45,52805.3,45,52814.3,15,0,331590
BANKNIFTY-II.NFO,09/07/2024,09:18:17,52814.4,52808.65,30,52821.15,15,30,331590
BANKNIFTY-II.NFO,09/07/2024,09:18:19,52811.85,52811.8,30,52821.15,15,45,331590
BANKNIFTY-II.NFO,09/07/2024,09:18:20,52811.85,52811.6,15,52821.15,15,0,332370
BANKNIFTY-II.NFO,09/07/2024,09:18:22,52808.65,52807.45,30,52821.15,15,105,332370
BANKNIFTY-II.NFO,09/07/2024,09:18:24,52804.05,52808.3,75,52821.15,15,15,332370
BANKNIFTY-II.NFO,09/07/2024,09:18:25,52804.05,52814.5,150,52821.15,15,0,332370
BANKNIFTY-II.NFO,09/07/2024,09:18:27,52821.15,52812.35,30,52822,15,15,332370
BANKNIFTY-II.NFO,09/07/2024,09:18:29,52813.6,52816.55,75,52822,15,30,332370
BANKNIFTY-II.NFO,09/07/2024,09:18:30,52813.6,52815.35,45,52822,15,0,332370
BANKNIFTY-II.NFO,09/07/2024,09:18:32,52822.45,52822.15,45,52832.85,15,60,332370
BANKNIFTY-II.NFO,09/07/2024,09:18:33,52832.85,52828.2,45,52840,45,15,332370
BANKNIFTY-II.NFO,09/07/2024,09:18:35,52829,52823.45,45,52837.95,30,15,332370
BANKNIFTY-II.NFO,09/07/2024,09:18:37,52829,52831,75,52840,45,0,332370
BANKNIFTY-II.NFO,09/07/2024,09:18:38,52829,52828.25,75,52840,75,0,332370
BANKNIFTY-II.NFO,09/07/2024,09:18:40,52829,52828.25,75,52840,45,0,332370
BANKNIFTY-II.NFO,09/07/2024,09:18:42,52829,52826.15,75,52839.95,45,0,332370
BANKNIFTY-II.NFO,09/07/2024,09:18:43,52830,52829.05,60,52840,45,15,332370
BANKNIFTY-II.NFO,09/07/2024,09:18:45,52830,52829.45,120,52840,45,0,332370
BANKNIFTY-II.NFO,09/07/2024,09:18:47,52830,52828,60,52839.95,30,0,332370
BANKNIFTY-II.NFO,09/07/2024,09:18:48,52830,52830.3,60,52840,105,0,332370
BANKNIFTY-II.NFO,09/07/2024,09:18:50,52829,52830.9,45,52840,165,15,332370
BANKNIFTY-II.NFO,09/07/2024,09:18:52,52829,52825.75,45,52838.45,30,0,332370
BANKNIFTY-II.NFO,09/07/2024,09:18:53,52830,52824.35,45,52837.05,45,30,332370
BANKNIFTY-II.NFO,09/07/2024,09:18:55,52830,52820.5,75,52834.35,30,0,332370
BANKNIFTY-II.NFO,09/07/2024,09:18:57,52831.35,52817.65,45,52830.8,30,45,332370
BANKNIFTY-II.NFO,09/07/2024,09:18:58,52831.35,52817.85,30,52833,30,0,332370
BANKNIFTY-II.NFO,09/07/2024,09:19:00,52831.35,52817.25,45,52830.2,15,0,332370
BANKNIFTY-II.NFO,09/07/2024,09:19:02,52831.35,52821,45,52832.45,75,0,332370
BANKNIFTY-II.NFO,09/07/2024,09:19:03,52831.35,52818.75,45,52833.2,60,0,332370
BANKNIFTY-II.NFO,09/07/2024,09:19:05,52833.2,52812.1,15,52829,60,15,332370
BANKNIFTY-II.NFO,09/07/2024,09:19:07,52833.2,52811.1,15,52824.1,75,0,332370
BANKNIFTY-II.NFO,09/07/2024,09:19:08,52833.2,52812.35,15,52824.65,15,0,332370
BANKNIFTY-II.NFO,09/07/2024,09:19:10,52833.2,52817.25,45,52829.95,75,0,332370
BANKNIFTY-II.NFO,09/07/2024,09:19:12,52833.2,52816.7,15,52829.95,75,0,332370
BANKNIFTY-II.NFO,09/07/2024,09:19:13,52829.95,52821.05,30,52830,15,15,332370
BANKNIFTY-II.NFO,09/07/2024,09:19:15,52829.95,52818.85,30,52830,15,0,332370
BANKNIFTY-II.NFO,09/07/2024,09:19:17,52829.95,52822.6,30,52830,15,0,332370
BANKNIFTY-II.NFO,09/07/2024,09:19:20,52830,52826.8,30,52839.95,60,15,332370
BANKNIFTY-II.NFO,09/07/2024,09:19:22,52830,52823.05,30,52837,75,0,332370
BANKNIFTY-II.NFO,09/07/2024,09:19:23,52830,52825,30,52838.25,75,0,332370
BANKNIFTY-II.NFO,09/07/2024,09:19:25,52830,52828.5,30,52839.95,60,0,332370
BANKNIFTY-II.NFO,09/07/2024,09:19:27,52830,52824.3,30,52838.15,75,0,332370
BANKNIFTY-II.NFO,09/07/2024,09:19:28,52830,52830,45,52839.95,75,0,332370
BANKNIFTY-II.NFO,09/07/2024,09:19:30,52830,52830.05,30,52839.95,60,0,332370
BANKNIFTY-II.NFO,09/07/2024,09:19:32,52830,52836.05,30,52840,135,0,332370
BANKNIFTY-II.NFO,09/07/2024,09:19:33,52830,52838.9,45,52840,135,0,332370
BANKNIFTY-II.NFO,09/07/2024,09:19:35,52842.85,52841.4,15,52849,45,165,332370
BANKNIFTY-II.NFO,09/07/2024,09:19:37,52842.85,52842.6,15,52849,45,0,332370
BANKNIFTY-II.NFO,09/07/2024,09:19:39,52842.85,52844.35,15,52849,45,0,332370
BANKNIFTY-II.NFO,09/07/2024,09:19:40,52842.85,52846.3,15,52849,45,0,332370
BANKNIFTY-II.NFO,09/07/2024,09:19:42,52845.05,52844.45,150,52849,45,15,332370
BANKNIFTY-II.NFO,09/07/2024,09:19:44,52845.05,52836.8,30,52848.95,60,0,332370
BANKNIFTY-II.NFO,09/07/2024,09:19:45,52845.05,52836.9,45,52848.95,60,0,332370
BANKNIFTY-II.NFO,09/07/2024,09:19:47,52845.05,52842.85,15,52848.95,60,0,332370
BANKNIFTY-II.NFO,09/07/2024,09:19:50,52845.05,52842.85,15,52847.05,75,0,332370
BANKNIFTY-II.NFO,09/07/2024,09:19:52,52845.05,52842.85,15,52847.9,60,0,332370
BANKNIFTY-II.NFO,09/07/2024,09:19:53,52845.05,52842.85,15,52846.45,105,0,332370
BANKNIFTY-II.NFO,09/07/2024,09:19:55,52848.95,52842.85,15,52848.95,60,15,332370
BANKNIFTY-II.NFO,09/07/2024,09:19:57,52848.95,52842.85,15,52848.95,60,0,332370
BANKNIFTY-II.NFO,09/07/2024,09:19:58,52842.85,52834.85,30,52845,75,15,332370
BANKNIFTY-II.NFO,09/07/2024,09:20:00,52850,52830.05,60,52849.95,45,750,332370
BANKNIFTY-II.NFO,09/07/2024,09:20:02,52849.95,52836.1,30,52849.95,30,15,332370
BANKNIFTY-II.NFO,09/07/2024,09:20:03,52849.95,52836.7,30,52849.95,30,0,332370
BANKNIFTY-II.NFO,09/07/2024,09:20:05,52849.95,52838,15,52849.95,30,0,332370
BANKNIFTY-II.NFO,09/07/2024,09:20:07,52849.95,52830.6,30,52849.95,30,0,332370
BANKNIFTY-II.NFO,09/07/2024,09:20:08,52849.95,52840,15,52849.95,30,0,332370
BANKNIFTY-II.NFO,09/07/2024,09:20:10,52849.95,52840,15,52849.95,45,0,332370
BANKNIFTY-II.NFO,09/07/2024,09:20:13,52849.95,52840,15,52848.95,30,0,332370
BANKNIFTY-II.NFO,09/07/2024,09:20:15,52840,52830,60,52841.75,30,15,332370
BANKNIFTY-II.NFO,09/07/2024,09:20:17,52829,52816.55,45,52832.95,30,210,332370
BANKNIFTY-II.NFO,09/07/2024,09:20:18,52829,52812.75,45,52832.15,30,0,332370
BANKNIFTY-II.NFO,09/07/2024,09:20:20,52812.75,52812.8,45,52831,30,30,332370
BANKNIFTY-II.NFO,09/07/2024,09:20:22,52812.75,52811.05,45,52829.95,60,0,332370
BANKNIFTY-II.NFO,09/07/2024,09:20:23,52812.75,52808.5,15,52824.2,60,0,332370
BANKNIFTY-II.NFO,09/07/2024,09:20:25,52812.75,52808.5,45,52824.2,60,0,332370
BANKNIFTY-II.NFO,09/07/2024,09:20:27,52812.75,52811.7,30,52828.5,60,0,332370
BANKNIFTY-II.NFO,09/07/2024,09:20:28,52812.75,52812.7,45,52831.35,60,0,332370
BANKNIFTY-II.NFO,09/07/2024,09:20:30,52812.75,52815.7,45,52832.75,60,0,332370
BANKNIFTY-II.NFO,09/07/2024,09:20:32,52812.75,52820,30,52837.75,60,0,332370
BANKNIFTY-II.NFO,09/07/2024,09:20:33,52812.75,52815.4,75,52834.2,60,0,332370
BANKNIFTY-II.NFO,09/07/2024,09:20:35,52812.75,52817.2,60,52836.8,60,0,332370
BANKNIFTY-II.NFO,09/07/2024,09:20:37,52812.75,52817.35,60,52833.55,60,0,332370
BANKNIFTY-II.NFO,09/07/2024,09:20:38,52812.75,52815.2,60,52833.55,60,0,332370
BANKNIFTY-II.NFO,09/07/2024,09:20:40,52812.75,52821.5,75,52837.75,60,0,332370
BANKNIFTY-II.NFO,09/07/2024,09:20:42,52819.15,52817.5,60,52834.75,90,45,332370
BANKNIFTY-II.NFO,09/07/2024,09:20:43,52819.15,52815.95,45,52833.55,90,0,332370
BANKNIFTY-II.NFO,09/07/2024,09:20:45,52814.8,52810.3,15,52828.55,90,30,332370
BANKNIFTY-II.NFO,09/07/2024,09:20:47,52814.8,52809.35,15,52824.9,90,0,332370
BANKNIFTY-II.NFO,09/07/2024,09:20:50,52814.8,52807.6,15,52824.65,90,0,332370
BANKNIFTY-II.NFO,09/07/2024,09:20:52,52814.8,52809.6,15,52827.5,90,0,332370
BANKNIFTY-II.NFO,09/07/2024,09:20:53,52814.8,52810.95,45,52827.15,90,0,332370
BANKNIFTY-II.NFO,09/07/2024,09:20:55,52814.8,52814.85,30,52828.2,90,0,332370
BANKNIFTY-II.NFO,09/07/2024,09:20:57,52814.8,52814.85,15,52820,15,0,332370
BANKNIFTY-II.NFO,09/07/2024,09:20:58,52814.8,52814.8,405,52820,15,60,332370
BANKNIFTY-II.NFO,09/07/2024,09:21:00,52814.8,52814.85,30,52820,15,0,332370
BANKNIFTY-II.NFO,09/07/2024,09:21:02,52820,52814.85,30,52836.05,90,15,332370
BANKNIFTY-II.NFO,09/07/2024,09:21:03,52820,52814.85,30,52836.05,90,0,332370
BANKNIFTY-II.NFO,09/07/2024,09:21:05,52820,52814.8,420,52830,15,0,332370
BANKNIFTY-II.NFO,09/07/2024,09:21:07,52814.8,52814.8,390,52830,15,30,332370
BANKNIFTY-II.NFO,09/07/2024,09:21:12,52814.8,52814.8,375,52829.95,90,0,332370
BANKNIFTY-II.NFO,09/07/2024,09:21:13,52814.8,52814.8,375,52825.8,90,0,332370
BANKNIFTY-II.NFO,09/07/2024,09:21:15,52814.8,52814.8,375,52823.55,90,0,332370
BANKNIFTY-II.NFO,09/07/2024,09:21:17,52814.8,52808,150,52812.85,60,375,332370
BANKNIFTY-II.NFO,09/07/2024,09:21:18,52808,52800,135,52807.25,135,150,332370
BANKNIFTY-II.NFO,09/07/2024,09:21:20,52808,52800,150,52810,15,0,332370
BANKNIFTY-II.NFO,09/07/2024,09:21:22,52808,52800,120,52809.95,60,0,332370
BANKNIFTY-II.NFO,09/07/2024,09:21:23,52808,52800,135,52810,15,0,332370
BANKNIFTY-II.NFO,09/07/2024,09:21:32,52808,52800,135,52809.95,60,0,332370
BANKNIFTY-II.NFO,09/07/2024,09:21:33,52808,52800,135,52810,15,0,332370
BANKNIFTY-II.NFO,09/07/2024,09:21:35,52808,52800,120,52810,15,0,332370
BANKNIFTY-II.NFO,09/07/2024,09:21:37,52800.05,52800,135,52810,15,30,332130
BANKNIFTY-II.NFO,09/07/2024,09:21:38,52800.05,52800,150,52810,15,0,332130
BANKNIFTY-II.NFO,09/07/2024,09:21:40,52800.05,52800,120,52810,15,0,332130
BANKNIFTY-II.NFO,09/07/2024,09:21:43,52800.05,52801.7,30,52810,15,0,332130
BANKNIFTY-II.NFO,09/07/2024,09:21:45,52800.05,52801.65,15,52810,15,0,332130
BANKNIFTY-II.NFO,09/07/2024,09:21:47,52801.65,52800.75,15,52810,15,15,332130
BANKNIFTY-II.NFO,09/07/2024,09:21:48,52801.65,52800.8,30,52810,15,0,332130
BANKNIFTY-II.NFO,09/07/2024,09:21:50,52801.95,52804.05,30,52810,15,15,332130
BANKNIFTY-II.NFO,09/07/2024,09:21:52,52801.95,52804,15,52810,15,0,332130
BANKNIFTY-II.NFO,09/07/2024,09:21:53,52801.95,52804.55,150,52810,15,0,332130
BANKNIFTY-II.NFO,09/07/2024,09:21:55,52802.7,52802.75,30,52810,15,195,332130
BANKNIFTY-II.NFO,09/07/2024,09:21:57,52802.7,52802.7,15,52810,15,0,332130
BANKNIFTY-II.NFO,09/07/2024,09:21:58,52816.5,52802.75,30,52819.95,90,60,332130
BANKNIFTY-II.NFO,09/07/2024,09:22:00,52816.5,52803.55,30,52820,15,0,332130
BANKNIFTY-II.NFO,09/07/2024,09:22:02,52816.5,52803.55,30,52819.95,90,0,332130
BANKNIFTY-II.NFO,09/07/2024,09:22:03,52801.65,52800.05,30,52818.4,90,15,332130
BANKNIFTY-II.NFO,09/07/2024,09:22:05,52801.65,52800,120,52817.2,90,0,332130
BANKNIFTY-II.NFO,09/07/2024,09:22:07,52801.65,52800.05,30,52815.95,90,0,332130
BANKNIFTY-II.NFO,09/07/2024,09:22:08,52801.65,52800,105,52803.35,60,0,332130
BANKNIFTY-II.NFO,09/07/2024,09:22:10,52805,52800,105,52805.05,60,15,332130
BANKNIFTY-II.NFO,09/07/2024,09:22:12,52807.3,52800,105,52806.45,60,15,332130
BANKNIFTY-II.NFO,09/07/2024,09:22:13,52807.3,52800,105,52803.25,60,0,332130
BANKNIFTY-II.NFO,09/07/2024,09:22:15,52799,52782.55,60,52795.5,60,120,332130
BANKNIFTY-II.NFO,09/07/2024,09:22:17,52791.4,52782,15,52785.2,60,15,332130
BANKNIFTY-II.NFO,09/07/2024,09:22:18,52780,52777,180,52786.15,60,60,332130
BANKNIFTY-II.NFO,09/07/2024,09:22:20,52780,52784.4,45,52791.4,420,0,332130
BANKNIFTY-II.NFO,09/07/2024,09:22:22,52780,52785.9,60,52791.4,420,0,332130
BANKNIFTY-II.NFO,09/07/2024,09:22:23,52780,52785.95,45,52791.4,420,0,332130
BANKNIFTY-II.NFO,09/07/2024,09:22:25,52780,52782.3,45,52791.4,420,0,332130
BANKNIFTY-II.NFO,09/07/2024,09:22:27,52780,52785.4,90,52791.4,420,0,332130
BANKNIFTY-II.NFO,09/07/2024,09:22:28,52780,52779.75,45,52791.4,420,0,332130
BANKNIFTY-II.NFO,09/07/2024,09:22:30,52780,52784.25,45,52791.4,420,0,332130
BANKNIFTY-II.NFO,09/07/2024,09:22:32,52791.4,52793.7,60,52809.3,60,420,332130
BANKNIFTY-II.NFO,09/07/2024,09:22:33,52791.4,52795.8,45,52815.05,90,0,332130
BANKNIFTY-II.NFO,09/07/2024,09:22:35,52791.4,52795,45,52807.25,60,0,332130
BANKNIFTY-II.NFO,09/07/2024,09:22:37,52791.4,52796.95,15,52807.25,60,0,332130
BANKNIFTY-II.NFO,09/07/2024,09:22:38,52791.4,52800.2,15,52807.3,15,0,332130
BANKNIFTY-II.NFO,09/07/2024,09:22:40,52791.4,52803,45,52807.3,15,0,332130
BANKNIFTY-II.NFO,09/07/2024,09:22:41,52791.4,52801.25,45,52807.3,15,0,332130
BANKNIFTY-II.NFO,09/07/2024,09:22:43,52802.7,52802.7,45,52807.3,15,15,332130
BANKNIFTY-II.NFO,09/07/2024,09:22:45,52804.5,52804.45,15,52807.3,15,30,332130
BANKNIFTY-II.NFO,09/07/2024,09:22:46,52804.5,52798,30,52807.3,15,0,332130
BANKNIFTY-II.NFO,09/07/2024,09:22:48,52807.3,52798,30,52812.8,60,15,332130
BANKNIFTY-II.NFO,09/07/2024,09:22:50,52807.3,52798,30,52814.5,90,0,332130
BANKNIFTY-II.NFO,09/07/2024,09:22:51,52807.3,52798,30,52804.5,15,0,332130
BANKNIFTY-II.NFO,09/07/2024,09:22:53,52807.3,52798.65,30,52804.5,15,0,332130
BANKNIFTY-II.NFO,09/07/2024,09:22:55,52807.3,52801.05,30,52804.5,15,0,332130
BANKNIFTY-II.NFO,09/07/2024,09:22:56,52804.15,52804.05,15,52810,15,30,332130
BANKNIFTY-II.NFO,09/07/2024,09:22:58,52804.15,52804.1,30,52810,15,0,332130
BANKNIFTY-II.NFO,09/07/2024,09:23:01,52810,52804.1,30,52815.95,15,15,332130
BANKNIFTY-II.NFO,09/07/2024,09:23:03,52810,52805.75,30,52817.95,15,0,332130
BANKNIFTY-II.NFO,09/07/2024,09:23:06,52810,52805.65,30,52815.95,15,0,332130
BANKNIFTY-II.NFO,09/07/2024,09:23:08,52810,52807,15,52810,15,0,332130
BANKNIFTY-II.NFO,09/07/2024,09:23:10,52810,52804.3,30,52815.95,15,15,332130
BANKNIFTY-II.NFO,09/07/2024,09:23:11,52813.95,52805.15,45,52815.95,15,15,332130
BANKNIFTY-II.NFO,09/07/2024,09:23:13,52813.9,52800.6,15,52813.85,90,15,332130
BANKNIFTY-II.NFO,09/07/2024,09:23:15,52813.9,52800,15,52813.9,90,0,332130
BANKNIFTY-II.NFO,09/07/2024,09:23:16,52813.9,52800,15,52808.9,60,0,332130
BANKNIFTY-II.NFO,09/07/2024,09:23:18,52813.9,52800,15,52809.9,90,0,332130
BANKNIFTY-II.NFO,09/07/2024,09:23:20,52813.9,52800,15,52807.9,60,0,332130
BANKNIFTY-II.NFO,09/07/2024,09:23:23,52813.9,52800,15,52807.9,90,0,332130
BANKNIFTY-II.NFO,09/07/2024,09:23:25,52813.9,52801.25,30,52809.95,15,0,332130
BANKNIFTY-II.NFO,09/07/2024,09:23:26,52809.9,52800.05,45,52807.95,15,15,332130
BANKNIFTY-II.NFO,09/07/2024,09:23:28,52809.9,52801.9,75,52809.95,15,0,332130
BANKNIFTY-II.NFO,09/07/2024,09:23:30,52809.9,52805.1,45,52813.95,15,0,332130
BANKNIFTY-II.NFO,09/07/2024,09:23:31,52809.9,52800.05,45,52813.9,90,0,332130
BANKNIFTY-II.NFO,09/07/2024,09:23:33,52809.9,52803,30,52813.9,60,0,332130
BANKNIFTY-II.NFO,09/07/2024,09:23:35,52809.9,52803.15,30,52814.95,60,0,332130
BANKNIFTY-II.NFO,09/07/2024,09:23:36,52809.9,52804.95,30,52813.95,15,0,332130
BANKNIFTY-II.NFO,09/07/2024,09:23:38,52809.9,52806.4,30,52810,15,0,332130
BANKNIFTY-II.NFO,09/07/2024,09:23:40,52809.9,52807.55,45,52810,15,0,332130
BANKNIFTY-II.NFO,09/07/2024,09:23:41,52816,52812.8,30,52823.95,30,60,332130
BANKNIFTY-II.NFO,09/07/2024,09:23:43,52816,52828.3,30,52839,30,0,332130
BANKNIFTY-II.NFO,09/07/2024,09:23:44,52834.9,52830.7,15,52838.95,60,15,332130
BANKNIFTY-II.NFO,09/07/2024,09:23:46,52834.9,52830.3,15,52838.95,60,0,332130
BANKNIFTY-II.NFO,09/07/2024,09:23:48,52838.9,52829.5,30,52838.95,60,15,332130
BANKNIFTY-II.NFO,09/07/2024,09:23:49,52838.9,52827.65,15,52838.95,90,0,332130
BANKNIFTY-II.NFO,09/07/2024,09:23:51,52838.9,52822.8,30,52838.95,90,0,332130
BANKNIFTY-II.NFO,09/07/2024,09:23:53,52838.9,52823.3,30,52835.9,60,0,332130
BANKNIFTY-II.NFO,09/07/2024,09:23:54,52838.9,52827.55,45,52838.95,60,0,332130
BANKNIFTY-II.NFO,09/07/2024,09:23:56,52840,52838.1,30,52847.05,30,120,332130
BANKNIFTY-II.NFO,09/07/2024,09:23:58,52847,52842.1,45,52849.95,15,15,332130
BANKNIFTY-II.NFO,09/07/2024,09:23:59,52847,52843.1,30,52849.95,15,0,332130
BANKNIFTY-II.NFO,09/07/2024,09:24:01,52850,52848.9,15,52850,30,105,332130
BANKNIFTY-II.NFO,09/07/2024,09:24:03,52850,52850.35,45,52853,15,30,332130
BANKNIFTY-II.NFO,09/07/2024,09:24:04,52853,52848.2,60,52856,15,15,332130
BANKNIFTY-II.NFO,09/07/2024,09:24:06,52853,52850,30,52855.95,60,0,332130
BANKNIFTY-II.NFO,09/07/2024,09:24:08,52856,52850,30,52859.9,90,15,332130
BANKNIFTY-II.NFO,09/07/2024,09:24:09,52856,52850,30,52859.95,60,0,332130
BANKNIFTY-II.NFO,09/07/2024,09:24:11,52856,52850,30,52859.95,105,0,332130
BANKNIFTY-II.NFO,09/07/2024,09:24:13,52856,52850,30,52859.65,90,0,332130
BANKNIFTY-II.NFO,09/07/2024,09:24:14,52850,52834.75,150,52843.9,105,30,332130
BANKNIFTY-II.NFO,09/07/2024,09:24:16,52850,52837.2,165,52849.9,105,0,332130
BANKNIFTY-II.NFO,09/07/2024,09:24:18,52850,52836.3,15,52849.9,105,0,332130
BANKNIFTY-II.NFO,09/07/2024,09:24:19,52850,52827.85,45,52839.9,60,0,332130
BANKNIFTY-II.NFO,09/07/2024,09:24:21,52850,52831.65,30,52845.85,90,0,332130
BANKNIFTY-II.NFO,09/07/2024,09:24:23,52850,52835.5,30,52849.85,105,0,332130
BANKNIFTY-II.NFO,09/07/2024,09:24:24,52850,52840.35,45,52854.2,75,0,332130
BANKNIFTY-II.NFO,09/07/2024,09:24:26,52850,52841.65,165,52849.95,60,0,332130
BANKNIFTY-II.NFO,09/07/2024,09:24:28,52850,52841.85,150,52849.95,60,0,332130
BANKNIFTY-II.NFO,09/07/2024,09:24:29,52850,52839.8,165,52849.95,60,0,332130
BANKNIFTY-II.NFO,09/07/2024,09:24:33,52850,52842.7,30,52856.95,105,0,332130
BANKNIFTY-II.NFO,09/07/2024,09:24:34,52850,52844.4,30,52854.95,60,0,332130
BANKNIFTY-II.NFO,09/07/2024,09:24:36,52850,52847.65,60,52855,750,15,332055
BANKNIFTY-II.NFO,09/07/2024,09:24:38,52850,52852.85,150,52855,750,0,332055
BANKNIFTY-II.NFO,09/07/2024,09:24:39,52850,52844.15,45,52850,165,180,332055
BANKNIFTY-II.NFO,09/07/2024,09:24:41,52850,52848.35,135,52850,165,15,332055
BANKNIFTY-II.NFO,09/07/2024,09:24:43,52850,52848.9,90,52855,750,165,332055
BANKNIFTY-II.NFO,09/07/2024,09:24:44,52850,52848.9,45,52850,30,0,332055
BANKNIFTY-II.NFO,09/07/2024,09:24:46,52850,52844.9,45,52850,45,0,332055
BANKNIFTY-II.NFO,09/07/2024,09:24:48,52850,52844.65,45,52850,45,0,332055
BANKNIFTY-II.NFO,09/07/2024,09:24:49,52850,52842.3,45,52850,45,0,332055
BANKNIFTY-II.NFO,09/07/2024,09:24:51,52850,52833.25,45,52847.95,30,0,332055
BANKNIFTY-II.NFO,09/07/2024,09:24:53,52850,52835.4,45,52848.55,45,0,332055
BANKNIFTY-II.NFO,09/07/2024,09:24:54,52850,52836.1,45,52848.55,45,0,332055
BANKNIFTY-II.NFO,09/07/2024,09:24:56,52850,52842.1,45,52850,75,0,332055
BANKNIFTY-II.NFO,09/07/2024,09:24:58,52850,52842.1,45,52850,60,0,332055
BANKNIFTY-II.NFO,09/07/2024,09:24:59,52850,52844.1,45,52850,60,0,332055
BANKNIFTY-II.NFO,09/07/2024,09:25:01,52850,52844.15,45,52850,60,0,332055
BANKNIFTY-II.NFO,09/07/2024,09:25:02,52850,52842.15,60,52850,60,0,332055
BANKNIFTY-II.NFO,09/07/2024,09:25:04,52850,52842.75,120,52850,60,0,332055
BANKNIFTY-II.NFO,09/07/2024,09:25:06,52839.15,52838,45,52849.65,30,15,332055
BANKNIFTY-II.NFO,09/07/2024,09:25:07,52839.15,52838.55,30,52849.75,30,0,332055
BANKNIFTY-II.NFO,09/07/2024,09:25:09,52839.15,52840.1,45,52850,60,0,332055
BANKNIFTY-II.NFO,09/07/2024,09:25:11,52839.15,52844.9,30,52850,60,0,332055
BANKNIFTY-II.NFO,09/07/2024,09:25:12,52839.15,52844.25,30,52850,60,0,332055
BANKNIFTY-II.NFO,09/07/2024,09:25:14,52839.15,52845.45,30,52850,60,0,332055
BANKNIFTY-II.NFO,09/07/2024,09:25:16,52839.15,52840.05,30,52849.95,45,0,332055
BANKNIFTY-II.NFO,09/07/2024,09:25:17,52839.15,52839.05,30,52849.45,30,0,332055
BANKNIFTY-II.NFO,09/07/2024,09:25:19,52839.15,52841.95,45,52850,60,0,332055
BANKNIFTY-II.NFO,09/07/2024,09:25:21,52839.15,52839.45,30,52849.7,30,0,332055
BANKNIFTY-II.NFO,09/07/2024,09:25:22,52839.15,52832.85,45,52848.15,75,0,332055
BANKNIFTY-II.NFO,09/07/2024,09:25:24,52843.3,52836.05,30,52849.05,105,15,332055
BANKNIFTY-II.NFO,09/07/2024,09:25:25,52843.3,52838.05,30,52849.95,105,0,332055
BANKNIFTY-II.NFO,09/07/2024,09:25:27,52843.3,52840.05,15,52849.95,105,0,332055
BANKNIFTY-II.NFO,09/07/2024,09:25:29,52843.3,52836.1,45,52849.95,105,0,332055
BANKNIFTY-II.NFO,09/07/2024,09:25:30,52843.3,52838.15,45,52849.95,75,0,332055
BANKNIFTY-II.NFO,09/07/2024,09:25:32,52843.3,52839.65,45,52849.95,60,0,332055
BANKNIFTY-II.NFO,09/07/2024,09:25:34,52843.3,52842,60,52844.35,300,0,332055
BANKNIFTY-II.NFO,09/07/2024,09:25:35,52844.35,52835.95,30,52844.35,285,15,332055
BANKNIFTY-II.NFO,09/07/2024,09:25:37,52844.35,52838.2,30,52844.35,285,0,332055
BANKNIFTY-II.NFO,09/07/2024,09:25:39,52844.35,52834.1,30,52844.35,285,0,332055
BANKNIFTY-II.NFO,09/07/2024,09:25:40,52844.35,52834.9,45,52844.35,285,0,332055
BANKNIFTY-II.NFO,09/07/2024,09:25:42,52844.35,52835.15,45,52844.35,285,0,332055
BANKNIFTY-II.NFO,09/07/2024,09:25:43,52844.35,52834.05,15,52844.3,105,0,332055
BANKNIFTY-II.NFO,09/07/2024,09:25:45,52844.35,52832.05,30,52844.3,105,0,332055
BANKNIFTY-II.NFO,09/07/2024,09:25:47,52844.3,52832.05,15,52844.25,90,30,332055
BANKNIFTY-II.NFO,09/07/2024,09:25:48,52844.3,52834.05,15,52844.3,60,0,332055
BANKNIFTY-II.NFO,09/07/2024,09:25:50,52844.3,52841,60,52844.35,285,0,332055
BANKNIFTY-II.NFO,09/07/2024,09:25:52,52844.3,52840.1,60,52844.35,285,0,332055
BANKNIFTY-II.NFO,09/07/2024,09:25:53,52844.3,52841.1,60,52844.35,285,0,332055
BANKNIFTY-II.NFO,09/07/2024,09:25:55,52841.3,52840.25,45,52844.35,285,15,332055
BANKNIFTY-II.NFO,09/07/2024,09:25:57,52841.3,52839.8,45,52844.3,15,0,332055
BANKNIFTY-II.NFO,09/07/2024,09:25:58,52841.3,52840.1,45,52844.3,15,0,332055
BANKNIFTY-II.NFO,09/07/2024,09:26:00,52841.3,52844.2,45,52844.3,15,0,332055
BANKNIFTY-II.NFO,09/07/2024,09:26:02,52843,52841.05,60,52844.35,180,135,332055
BANKNIFTY-II.NFO,09/07/2024,09:26:03,52843,52841.55,60,52844.35,180,0,332055
BANKNIFTY-II.NFO,09/07/2024,09:26:05,52843,52840.45,60,52844.35,180,0,332055
BANKNIFTY-II.NFO,09/07/2024,09:26:07,52843,52840.25,75,52844.35,180,0,332055
BANKNIFTY-II.NFO,09/07/2024,09:26:08,52840.7,52840.7,45,52844,45,15,332055
BANKNIFTY-II.NFO,09/07/2024,09:26:10,52850,52846.35,60,52851,15,345,332055
BANKNIFTY-II.NFO,09/07/2024,09:26:12,52850,52844.4,60,52851,15,0,332055
BANKNIFTY-II.NFO,09/07/2024,09:26:13,52850,52844.45,15,52851,15,0,332055
BANKNIFTY-II.NFO,09/07/2024,09:26:15,52850,52844.4,45,52849,15,0,332055
BANKNIFTY-II.NFO,09/07/2024,09:26:17,52849,52848.65,60,52851,15,15,332055
BANKNIFTY-II.NFO,09/07/2024,09:26:18,52855,52854.05,45,52855,645,135,332055
BANKNIFTY-II.NFO,09/07/2024,09:26:20,52866,52861.9,60,52869,30,825,332055
BANKNIFTY-II.NFO,09/07/2024,09:26:22,52866,52858.1,60,52868.75,30,0,332055
BANKNIFTY-II.NFO,09/07/2024,09:26:23,52866,52852.3,45,52863.85,60,0,332055
BANKNIFTY-II.NFO,09/07/2024,09:26:25,52866,52858.05,15,52865,75,0,332055
BANKNIFTY-II.NFO,09/07/2024,09:26:27,52866,52854.05,15,52864.95,75,0,332055
BANKNIFTY-II.NFO,09/07/2024,09:26:28,52866,52850.15,45,52860.45,30,0,332055
BANKNIFTY-II.NFO,09/07/2024,09:26:30,52866,52854.05,15,52864.15,60,0,332055
BANKNIFTY-II.NFO,09/07/2024,09:26:32,52866,52854.05,15,52865.65,60,0,332055
BANKNIFTY-II.NFO,09/07/2024,09:26:33,52864.65,52853.05,60,52865.65,45,45,332055
BANKNIFTY-II.NFO,09/07/2024,09:26:35,52864.65,52857.1,30,52868.75,60,0,332055
BANKNIFTY-II.NFO,09/07/2024,09:26:37,52864.65,52856.05,15,52866.8,45,0,332055
BANKNIFTY-II.NFO,09/07/2024,09:26:38,52864.65,52854.85,60,52868.55,30,0,332055
BANKNIFTY-II.NFO,09/07/2024,09:26:40,52864.65,52855.5,45,52866.45,30,0,332055
BANKNIFTY-II.NFO,09/07/2024,09:26:42,52864.65,52856.05,75,52868.6,45,0,332055
BANKNIFTY-II.NFO,09/07/2024,09:26:43,52864.65,52856.2,30,52868.25,30,0,332055
BANKNIFTY-II.NFO,09/07/2024,09:26:45,52864.65,52848.95,75,52858.6,30,0,332055
BANKNIFTY-II.NFO,09/07/2024,09:26:47,52858.6,52849.05,60,52862.55,30,15,332055
BANKNIFTY-II.NFO,09/07/2024,09:26:48,52858.6,52853.7,60,52864.95,30,0,332055
BANKNIFTY-II.NFO,09/07/2024,09:26:50,52858.6,52854.3,30,52864.75,30,0,332055
BANKNIFTY-II.NFO,09/07/2024,09:26:52,52858.6,52854.3,30,52864.2,30,0,332055
BANKNIFTY-II.NFO,09/07/2024,09:26:53,52853.9,52851.65,60,52861.8,30,15,332055
BANKNIFTY-II.NFO,09/07/2024,09:26:55,52853.9,52854.95,90,52866.65,30,0,332055
BANKNIFTY-II.NFO,09/07/2024,09:26:57,52853.9,52850,15,52858.9,60,0,332055
BANKNIFTY-II.NFO,09/07/2024,09:26:58,52853.9,52850,15,52854.1,30,0,332055
BANKNIFTY-II.NFO,09/07/2024,09:27:00,52853.9,52850,15,52856.4,30,0,332055
BANKNIFTY-II.NFO,09/07/2024,09:27:02,52858.6,52850,15,52861.2,45,45,332055
BANKNIFTY-II.NFO,09/07/2024,09:27:03,52858.6,52850,15,52858.4,45,0,332055
BANKNIFTY-II.NFO,09/07/2024,09:27:05,52858.6,52850,15,52854.15,45,0,332055
BANKNIFTY-II.NFO,09/07/2024,09:27:07,52850,52845.45,30,52858.05,60,15,332055
BANKNIFTY-II.NFO,09/07/2024,09:27:08,52850,52844.85,75,52856.8,75,0,332055
BANKNIFTY-II.NFO,09/07/2024,09:27:10,52850,52847.15,30,52858.8,45,0,332055
BANKNIFTY-II.NFO,09/07/2024,09:27:12,52850,52847.65,90,52858.8,30,0,332055
BANKNIFTY-II.NFO,09/07/2024,09:27:13,52850,52846.15,105,52857.5,30,0,332055
BANKNIFTY-II.NFO,09/07/2024,09:27:15,52850,52850.3,60,52858.95,60,0,332055
BANKNIFTY-II.NFO,09/07/2024,09:27:17,52850,52844.8,60,52855.65,75,0,332055
BANKNIFTY-II.NFO,09/07/2024,09:27:18,52850,52844.4,60,52850,15,0,332055
BANKNIFTY-II.NFO,09/07/2024,09:27:20,52850,52850,15,52855.1,30,15,332055
BANKNIFTY-II.NFO,09/07/2024,09:27:22,52850,52850.45,30,52863,30,0,332055
BANKNIFTY-II.NFO,09/07/2024,09:27:23,52850,52851,60,52862.7,30,0,332055
BANKNIFTY-II.NFO,09/07/2024,09:27:25,52850,52852.05,15,52859.1,30,0,332055
BANKNIFTY-II.NFO,09/07/2024,09:27:27,52850,52850,15,52858,30,0,332055
BANKNIFTY-II.NFO,09/07/2024,09:27:28,52850,52850,15,52858.9,45,0,332055
BANKNIFTY-II.NFO,09/07/2024,09:27:30,52850,52850,15,52860.85,45,0,332055
BANKNIFTY-II.NFO,09/07/2024,09:27:32,52850,52850.05,30,52859.1,30,0,332055
BANKNIFTY-II.NFO,09/07/2024,09:27:33,52850,52850,15,52859.1,30,0,332055
BANKNIFTY-II.NFO,09/07/2024,09:27:35,52850,52850.65,30,52859.1,30,0,332055
BANKNIFTY-II.NFO,09/07/2024,09:27:37,52852.15,52850.05,30,52855,60,15,331830
BANKNIFTY-II.NFO,09/07/2024,09:27:38,52852.15,52850,15,52855,60,0,331830
BANKNIFTY-II.NFO,09/07/2024,09:27:40,52852.15,52850,15,52853.85,30,0,331830
BANKNIFTY-II.NFO,09/07/2024,09:27:41,52850,52846.2,60,52855,60,45,331830
BANKNIFTY-II.NFO,09/07/2024,09:27:43,52850,52854.35,75,52855,60,0,331830
BANKNIFTY-II.NFO,09/07/2024,09:27:48,52857.15,52843.4,60,52855.25,45,75,331830
BANKNIFTY-II.NFO,09/07/2024,09:27:50,52857.15,52850,15,52855.15,15,0,331830
BANKNIFTY-II.NFO,09/07/2024,09:27:51,52857.15,52850,30,52857.1,15,0,331830
BANKNIFTY-II.NFO,09/07/2024,09:27:53,52857.15,52850,30,52856,15,0,331830
BANKNIFTY-II.NFO,09/07/2024,09:27:55,52857.15,52850,30,52856.95,30,0,331830
BANKNIFTY-II.NFO,09/07/2024,09:27:56,52857.15,52850,30,52856.95,15,0,331830
BANKNIFTY-II.NFO,09/07/2024,09:27:58,52857.15,52850,30,52856.35,15,0,331830
BANKNIFTY-II.NFO,09/07/2024,09:28:00,52857.15,52850,30,52855.6,15,0,331830
BANKNIFTY-II.NFO,09/07/2024,09:28:01,52855.65,52850,30,52855.45,15,15,331830
BANKNIFTY-II.NFO,09/07/2024,09:28:03,52850,52838.95,30,52849.6,15,30,331830
BANKNIFTY-II.NFO,09/07/2024,09:28:05,52850,52828.05,75,52841.2,15,0,331830
BANKNIFTY-II.NFO,09/07/2024,09:28:06,52841.35,52822.1,60,52837.15,45,60,331830
BANKNIFTY-II.NFO,09/07/2024,09:28:08,52841.35,52820.1,75,52834.45,105,0,331830
BANKNIFTY-II.NFO,09/07/2024,09:28:10,52841.35,52820.8,75,52833.2,105,0,331830
BANKNIFTY-II.NFO,09/07/2024,09:28:11,52841.35,52823.7,60,52834.8,75,0,331830
BANKNIFTY-II.NFO,09/07/2024,09:28:13,52841.35,52822.45,75,52837.1,105,0,331830
BANKNIFTY-II.NFO,09/07/2024,09:28:15,52820,52806.55,60,52819.3,105,15,331830
BANKNIFTY-II.NFO,09/07/2024,09:28:16,52820,52803.7,60,52814.6,30,0,331830
BANKNIFTY-II.NFO,09/07/2024,09:28:18,52820,52802.05,15,52812.1,90,0,331830
BANKNIFTY-II.NFO,09/07/2024,09:28:20,52820,52800.1,75,52808.9,60,0,331830
BANKNIFTY-II.NFO,09/07/2024,09:28:21,52820,52806.55,75,52816,60,0,331830
BANKNIFTY-II.NFO,09/07/2024,09:28:23,52820,52815.05,60,52824.4,60,0,331830
BANKNIFTY-II.NFO,09/07/2024,09:28:25,52820,52816.3,60,52828.65,60,0,331830
BANKNIFTY-II.NFO,09/07/2024,09:28:26,52820,52815.4,75,52827.2,105,0,331830
BANKNIFTY-II.NFO,09/07/2024,09:28:28,52820,52823.05,30,52831.4,60,0,331830
BANKNIFTY-II.NFO,09/07/2024,09:28:30,52834.2,52825.4,75,52837.95,30,60,331830
BANKNIFTY-II.NFO,09/07/2024,09:28:31,52834.2,52820.55,60,52833.25,150,0,331830
BANKNIFTY-II.NFO,09/07/2024,09:28:33,52834.2,52820.05,75,52831.2,45,0,331830
BANKNIFTY-II.NFO,09/07/2024,09:28:35,52834.2,52820,15,52829.4,195,0,331830
BANKNIFTY-II.NFO,09/07/2024,09:28:36,52834.2,52820,15,52829.35,165,0,331830
BANKNIFTY-II.NFO,09/07/2024,09:28:38,52829.35,52820,15,52827.4,195,15,331830
BANKNIFTY-II.NFO,09/07/2024,09:28:40,52824.85,52820,15,52829.15,15,15,331830
BANKNIFTY-II.NFO,09/07/2024,09:28:42,52824.85,52820,15,52829.75,45,0,331830
BANKNIFTY-II.NFO,09/07/2024,09:28:43,52824.85,52820,15,52829.35,45,0,331830
BANKNIFTY-II.NFO,09/07/2024,09:28:45,52824.85,52820,15,52827.6,150,0,331830
BANKNIFTY-II.NFO,09/07/2024,09:28:47,52824.85,52820,15,52829.25,180,0,331830
BANKNIFTY-II.NFO,09/07/2024,09:28:48,52820,52810,15,52818.7,150,30,331830
BANKNIFTY-II.NFO,09/07/2024,09:28:50,52820,52810.05,60,52821.65,105,0,331830
BANKNIFTY-II.NFO,09/07/2024,09:28:52,52820,52810,15,52814.25,135,0,331830
BANKNIFTY-II.NFO,09/07/2024,09:28:53,52820,52810,15,52812.65,105,0,331830
BANKNIFTY-II.NFO,09/07/2024,09:28:55,52820,52810,15,52819.6,150,0,331830
BANKNIFTY-II.NFO,09/07/2024,09:28:57,52820,52810,15,52819.3,105,0,331830
BANKNIFTY-II.NFO,09/07/2024,09:28:58,52821.4,52810.1,60,52821.85,90,15,331830
BANKNIFTY-II.NFO,09/07/2024,09:29:00,52827.2,52816.05,15,52827.8,165,15,331830
BANKNIFTY-II.NFO,09/07/2024,09:29:02,52827.2,52821,90,52831.95,90,0,331830
BANKNIFTY-II.NFO,09/07/2024,09:29:03,52827.2,52818.1,60,52828.75,90,0,331830
BANKNIFTY-II.NFO,09/07/2024,09:29:05,52827.2,52824.05,15,52832.75,180,0,331830
BANKNIFTY-II.NFO,09/07/2024,09:29:07,52827.2,52821.15,75,52833,150,0,331830
BANKNIFTY-II.NFO,09/07/2024,09:29:08,52827.2,52830.05,15,52839.7,165,0,331830
BANKNIFTY-II.NFO,09/07/2024,09:29:10,52827.2,52822.05,30,52833.45,165,0,331830
BANKNIFTY-II.NFO,09/07/2024,09:29:12,52827.2,52834.05,15,52843.65,90,0,331830
BANKNIFTY-II.NFO,09/07/2024,09:29:13,52827.2,52827.8,60,52839.25,90,0,331830
BANKNIFTY-II.NFO,09/07/2024,09:29:15,52827.2,52832.05,15,52841.8,135,0,331830
BANKNIFTY-II.NFO,09/07/2024,09:29:17,52827.2,52825.25,105,52837.7,135,0,331830
BANKNIFTY-II.NFO,09/07/2024,09:29:18,52827.2,52826.65,75,52839.3,135,0,331830
BANKNIFTY-II.NFO,09/07/2024,09:29:20,52827.2,52828.55,60,52840.95,135,0,331830
BANKNIFTY-II.NFO,09/07/2024,09:29:22,52827.2,52825,60,52838.35,120,0,331830
BANKNIFTY-II.NFO,09/07/2024,09:29:23,52827.2,52827.5,60,52839.7,135,0,331830
BANKNIFTY-II.NFO,09/07/2024,09:29:25,52827.2,52815.75,60,52827.05,90,0,331830
BANKNIFTY-II.NFO,09/07/2024,09:29:27,52827.2,52814.3,60,52826.6,105,0,331830
BANKNIFTY-II.NFO,09/07/2024,09:29:28,52827.2,52816.1,60,52829.2,195,0,331830
BANKNIFTY-II.NFO,09/07/2024,09:29:30,52827.2,52814.55,75,52826.15,45,0,331830
BANKNIFTY-II.NFO,09/07/2024,09:29:32,52827.2,52813.65,75,52826.35,105,0,331830
BANKNIFTY-II.NFO,09/07/2024,09:29:33,52827.2,52814.1,75,52826.95,135,0,331830
BANKNIFTY-II.NFO,09/07/2024,09:29:35,52827.2,52814.1,75,52826.25,105,0,331830
BANKNIFTY-II.NFO,09/07/2024,09:29:36,52827.2,52812.1,75,52826.15,135,0,331830
BANKNIFTY-II.NFO,09/07/2024,09:29:38,52827.2,52807.55,75,52819.1,105,0,331830
BANKNIFTY-II.NFO,09/07/2024,09:29:40,52827.2,52805.9,60,52815.35,90,0,331830
BANKNIFTY-II.NFO,09/07/2024,09:29:41,52827.2,52800,75,52809.2,135,0,331830
BANKNIFTY-II.NFO,09/07/2024,09:29:43,52827.2,52800,75,52809.1,90,0,331830
BANKNIFTY-II.NFO,09/07/2024,09:29:45,52827.2,52802.8,90,52813.8,150,0,331830
BANKNIFTY-II.NFO,09/07/2024,09:29:46,52812.55,52802.1,75,52813.6,180,360,331830
BANKNIFTY-II.NFO,09/07/2024,09:29:48,52812.55,52803.6,75,52814.65,150,0,331830
BANKNIFTY-II.NFO,09/07/2024,09:29:50,52812.55,52804.1,75,52815.85,150,0,331830
BANKNIFTY-II.NFO,09/07/2024,09:29:51,52812.55,52802.5,75,52815.05,135,0,331830
BANKNIFTY-II.NFO,09/07/2024,09:29:53,52812.55,52812.1,90,52824.5,135,0,331830
BANKNIFTY-II.NFO,09/07/2024,09:29:54,52812.55,52814.55,60,52828.1,30,0,331830
BANKNIFTY-II.NFO,09/07/2024,09:29:56,52812.55,52817.85,45,52829,135,0,331830
BANKNIFTY-II.NFO,09/07/2024,09:29:58,52812.55,52815.85,15,52822.55,135,0,331830
BANKNIFTY-II.NFO,09/07/2024,09:29:59,52815.85,52807.95,60,52819.95,135,15,331830
BANKNIFTY-II.NFO,09/07/2024,09:30:01,52815.85,52801.8,105,52814.9,135,0,331830
BANKNIFTY-II.NFO,09/07/2024,09:30:03,52815.85,52806.7,90,52819,150,0,331830
BANKNIFTY-II.NFO,09/07/2024,09:30:04,52815.85,52805.05,75,52816.35,135,0,331830
BANKNIFTY-II.NFO,09/07/2024,09:30:06,52815.85,52804.55,60,52816.5,150,0,331830
BANKNIFTY-II.NFO,09/07/2024,09:30:07,52804.55,52808.7,90,52821.25,15,15,331830
BANKNIFTY-II.NFO,09/07/2024,09:30:09,52810,52808.35,60,52819.05,15,15,331830
BANKNIFTY-II.NFO,09/07/2024,09:30:11,52810,52811.8,75,52824.1,15,0,331830
BANKNIFTY-II.NFO,09/07/2024,09:30:12,52810,52803.75,60,52817.1,15,0,331830
BANKNIFTY-II.NFO,09/07/2024,09:30:14,52810,52800.75,75,52816.05,45,0,331830
BANKNIFTY-II.NFO,09/07/2024,09:30:16,52810,52803.6,15,52813.45,15,0,331830
BANKNIFTY-II.NFO,09/07/2024,09:30:17,52810,52805.45,105,52816.2,15,0,331830
BANKNIFTY-II.NFO,09/07/2024,09:30:19,52813,52801.05,75,52812.4,135,15,331830
BANKNIFTY-II.NFO,09/07/2024,09:30:20,52813,52803.9,30,52812.1,150,0,331830
BANKNIFTY-II.NFO,09/07/2024,09:30:22,52780,52780,30,52784.55,150,255,331920
BANKNIFTY-II.NFO,09/07/2024,09:30:24,52753.7,52757.85,30,52767.2,120,495,331920
BANKNIFTY-II.NFO,09/07/2024,09:30:24,52750,52757.85,30,52767.2,120,0,331920
BANKNIFTY-II.NFO,09/07/2024,09:30:25,52753.7,52779.4,30,52793.35,60,0,331920
BANKNIFTY-II.NFO,09/07/2024,09:30:27,52753.7,52779.2,30,52791.6,60,0,331920
BANKNIFTY-II.NFO,09/07/2024,09:30:29,52753.7,52776.4,30,52787.4,120,0,331920
BANKNIFTY-II.NFO,09/07/2024,09:30:30,52781.2,52782.3,75,52792.9,120,15,331920
BANKNIFTY-II.NFO,09/07/2024,09:30:32,52795,52794.55,30,52810.25,60,45,331920
BANKNIFTY-II.NFO,09/07/2024,09:30:34,52795,52800.55,30,52811.15,120,0,331920
BANKNIFTY-II.NFO,09/07/2024,09:30:35,52795,52802.5,30,52812.35,150,0,331920
BANKNIFTY-II.NFO,09/07/2024,09:30:37,52795,52796.25,90,52808.5,60,0,331920
BANKNIFTY-II.NFO,09/07/2024,09:30:39,52795,52797.2,30,52808.85,150,0,331920
BANKNIFTY-II.NFO,09/07/2024,09:30:40,52795,52801.85,45,52813.05,60,0,331920
BANKNIFTY-II.NFO,09/07/2024,09:30:42,52805.45,52805.95,30,52816.95,60,15,331920
BANKNIFTY-II.NFO,09/07/2024,09:30:44,52805.45,52805.15,30,52816.2,180,0,331920
BANKNIFTY-II.NFO,09/07/2024,09:30:45,52805.45,52805.7,30,52816.7,60,0,331920
BANKNIFTY-II.NFO,09/07/2024,09:30:47,52820,52816.1,30,52827.8,60,15,331920
BANKNIFTY-II.NFO,09/07/2024,09:30:49,52820,52813.3,45,52825.4,60,0,331920
BANKNIFTY-II.NFO,09/07/2024,09:30:50,52820,52812.8,30,52824.8,60,0,331920
BANKNIFTY-II.NFO,09/07/2024,09:30:52,52820,52809.1,90,52821.25,60,0,331920
BANKNIFTY-II.NFO,09/07/2024,09:30:54,52820,52810.25,30,52822.75,60,0,331920
BANKNIFTY-II.NFO,09/07/2024,09:30:55,52820,52813.55,30,52826.4,60,0,331920
BANKNIFTY-II.NFO,09/07/2024,09:30:57,52824,52812.65,30,52824.8,60,15,331920
BANKNIFTY-II.NFO,09/07/2024,09:30:59,52824,52812.45,60,52823.95,60,0,331920
BANKNIFTY-II.NFO,09/07/2024,09:31:00,52824,52823.85,15,52834.3,30,0,331920
BANKNIFTY-II.NFO,09/07/2024,09:31:02,52824,52819.85,15,52833.6,60,0,331920
BANKNIFTY-II.NFO,09/07/2024,09:31:04,52824,52824.2,15,52837.45,60,0,331920
BANKNIFTY-II.NFO,09/07/2024,09:31:05,52824,52820.05,15,52833.55,60,0,331920
BANKNIFTY-II.NFO,09/07/2024,09:31:07,52824,52814.75,15,52827.15,60,0,331920
BANKNIFTY-II.NFO,09/07/2024,09:31:09,52824,52811.9,15,52825.6,60,0,331920
BANKNIFTY-II.NFO,09/07/2024,09:31:10,52824,52808.1,30,52820.95,60,0,331920
BANKNIFTY-II.NFO,09/07/2024,09:31:12,52824,52800.05,15,52813.3,60,0,331920
BANKNIFTY-II.NFO,09/07/2024,09:31:14,52824,52800,15,52807.45,60,0,331920
BANKNIFTY-II.NFO,09/07/2024,09:31:15,52824,52800,15,52810.7,60,0,331920
BANKNIFTY-II.NFO,09/07/2024,09:31:17,52824,52807.35,15,52819.05,60,0,331920
BANKNIFTY-II.NFO,09/07/2024,09:31:19,52824,52802.65,30,52815.5,60,0,331920
BANKNIFTY-II.NFO,09/07/2024,09:31:20,52824,52804.35,30,52810.35,30,0,331920
BANKNIFTY-II.NFO,09/07/2024,09:31:22,52824,52802.8,60,52810.35,30,0,331920
BANKNIFTY-II.NFO,09/07/2024,09:31:24,52824,52800.05,30,52810.35,30,0,331920
BANKNIFTY-II.NFO,09/07/2024,09:31:25,52824,52800,30,52802.5,60,0,331920
BANKNIFTY-II.NFO,09/07/2024,09:31:27,52824,52800,30,52808.45,60,0,331920
BANKNIFTY-II.NFO,09/07/2024,09:31:29,52824,52800,30,52810.15,60,0,331920
BANKNIFTY-II.NFO,09/07/2024,09:31:30,52824,52800,30,52808.4,60,0,331920
BANKNIFTY-II.NFO,09/07/2024,09:31:32,52824,52800,30,52807.85,180,0,331920
BANKNIFTY-II.NFO,09/07/2024,09:31:34,52824,52800,30,52806.9,60,0,331920
BANKNIFTY-II.NFO,09/07/2024,09:31:35,52824,52800,30,52805.75,60,0,331920
BANKNIFTY-II.NFO,09/07/2024,09:31:37,52824,52800,30,52802.9,60,0,331920
BANKNIFTY-II.NFO,09/07/2024,09:31:40,52824,52800,30,52805.35,60,0,331920
BANKNIFTY-II.NFO,09/07/2024,09:31:42,52824,52801.7,15,52810.35,30,0,331920
BANKNIFTY-II.NFO,09/07/2024,09:31:44,52810.35,52808.9,60,52821.05,60,30,331920
BANKNIFTY-II.NFO,09/07/2024,09:31:45,52810.35,52807.2,30,52819.65,180,0,331920
BANKNIFTY-II.NFO,09/07/2024,09:31:47,52810.35,52800,30,52806.35,60,0,331920
BANKNIFTY-II.NFO,09/07/2024,09:31:49,52804.85,52800,30,52806.45,60,15,331920
BANKNIFTY-II.NFO,09/07/2024,09:31:50,52804.85,52800,30,52807.85,180,0,331920
BANKNIFTY-II.NFO,09/07/2024,09:31:52,52804.85,52800,30,52804.3,60,0,331920
BANKNIFTY-II.NFO,09/07/2024,09:31:54,52804.85,52800,30,52805.6,60,0,331920
BANKNIFTY-II.NFO,09/07/2024,09:31:55,52804.85,52803.4,30,52813.6,60,0,331920
BANKNIFTY-II.NFO,09/07/2024,09:31:57,52804.85,52800.05,30,52812,90,0,331920
BANKNIFTY-II.NFO,09/07/2024,09:31:59,52804.85,52800,30,52809.9,60,0,331920
BANKNIFTY-II.NFO,09/07/2024,09:32:00,52807.5,52800,30,52803.15,30,60,331920
BANKNIFTY-II.NFO,09/07/2024,09:32:02,52807.5,52800,30,52804.75,30,0,331920
BANKNIFTY-II.NFO,09/07/2024,09:32:04,52807.5,52800,30,52802.65,30,0,331920
BANKNIFTY-II.NFO,09/07/2024,09:32:05,52800.8,52786.4,60,52797.7,15,45,331920
BANKNIFTY-II.NFO,09/07/2024,09:32:07,52800.8,52786.4,60,52798.55,15,0,331920
BANKNIFTY-II.NFO,09/07/2024,09:32:09,52800.8,52790.05,75,52800.4,15,0,331920
BANKNIFTY-II.NFO,09/07/2024,09:32:10,52800.8,52795.2,60,52806.6,30,0,331920
BANKNIFTY-II.NFO,09/07/2024,09:32:12,52800.8,52792.75,90,52804.25,120,0,331920
BANKNIFTY-II.NFO,09/07/2024,09:32:14,52800.8,52792.3,60,52803.8,15,0,331920
BANKNIFTY-II.NFO,09/07/2024,09:32:15,52800.8,52793.85,75,52800.8,15,0,331920
BANKNIFTY-II.NFO,09/07/2024,09:32:17,52800.8,52793.4,75,52800.8,30,0,331920
BANKNIFTY-II.NFO,09/07/2024,09:32:19,52800.8,52793.45,60,52800.8,30,0,331920
BANKNIFTY-II.NFO,09/07/2024,09:32:20,52800.8,52792.6,60,52800.8,15,15,331920
BANKNIFTY-II.NFO,09/07/2024,09:32:22,52796.9,52796.9,60,52800.8,15,15,331920
BANKNIFTY-II.NFO,09/07/2024,09:32:24,52796.9,52795.6,60,52800.8,15,0,331920
BANKNIFTY-II.NFO,09/07/2024,09:32:25,52796.9,52787.15,75,52799.8,60,0,331920
BANKNIFTY-II.NFO,09/07/2024,09:32:27,52796.9,52787.5,60,52799.7,30,0,331920
BANKNIFTY-II.NFO,09/07/2024,09:32:29,52796.9,52787.35,60,52799.65,30,0,331920
BANKNIFTY-II.NFO,09/07/2024,09:32:30,52796.9,52785.9,75,52797.8,30,0,331920
BANKNIFTY-II.NFO,09/07/2024,09:32:32,52796.9,52782.4,60,52794.75,30,0,331920
BANKNIFTY-II.NFO,09/07/2024,09:32:34,52796.9,52782.9,60,52794.9,30,0,331920
BANKNIFTY-II.NFO,09/07/2024,09:32:35,52796.9,52785.15,60,52799.35,30,0,331920
BANKNIFTY-II.NFO,09/07/2024,09:32:37,52796.9,52785.85,105,52797.25,30,0,331920
BANKNIFTY-II.NFO,09/07/2024,09:32:39,52796.9,52785.35,60,52797.8,60,0,331920
BANKNIFTY-II.NFO,09/07/2024,09:32:40,52796.9,52784.65,60,52795.65,30,0,331920
BANKNIFTY-II.NFO,09/07/2024,09:32:42,52796.9,52784.9,60,52797.1,30,0,331920
BANKNIFTY-II.NFO,09/07/2024,09:32:44,52796.9,52786.2,75,52798.3,30,0,331920
BANKNIFTY-II.NFO,09/07/2024,09:32:45,52796.9,52791.15,75,52800,15,0,331920
BANKNIFTY-II.NFO,09/07/2024,09:32:47,52796.9,52794.75,60,52800,15,0,331920
BANKNIFTY-II.NFO,09/07/2024,09:32:49,52796.9,52794.5,90,52800,15,0,331920
BANKNIFTY-II.NFO,09/07/2024,09:32:50,52796.9,52793.95,90,52800,15,0,331920
BANKNIFTY-II.NFO,09/07/2024,09:32:52,52796.9,52789.95,60,52800,15,0,331920
BANKNIFTY-II.NFO,09/07/2024,09:32:54,52796.9,52793.7,60,52800,15,0,331920
BANKNIFTY-II.NFO,09/07/2024,09:32:55,52796.9,52795.3,90,52800,15,0,331920
BANKNIFTY-II.NFO,09/07/2024,09:32:57,52796.9,52793.05,75,52800,15,0,331920
BANKNIFTY-II.NFO,09/07/2024,09:32:59,52800.8,52805.7,75,52817.3,30,30,331920
BANKNIFTY-II.NFO,09/07/2024,09:33:00,52800.8,52799.55,60,52811,30,0,331920
BANKNIFTY-II.NFO,09/07/2024,09:33:02,52800.8,52792.85,75,52806.25,30,0,331920
BANKNIFTY-II.NFO,09/07/2024,09:33:04,52800.8,52790.85,105,52803.55,30,0,331920
BANKNIFTY-II.NFO,09/07/2024,09:33:05,52800.8,52792.35,75,52803.65,30,0,331920
BANKNIFTY-II.NFO,09/07/2024,09:33:07,52800.8,52790.6,60,52802.2,30,0,331920
BANKNIFTY-II.NFO,09/07/2024,09:33:08,52800.8,52790.15,60,52802.5,30,0,331920
BANKNIFTY-II.NFO,09/07/2024,09:33:10,52800.8,52791.05,75,52803.05,30,0,331920
BANKNIFTY-II.NFO,09/07/2024,09:33:12,52800.8,52794.3,105,52806.15,30,0,331920
BANKNIFTY-II.NFO,09/07/2024,09:33:13,52805.75,52792.15,105,52806.9,30,30,331920
BANKNIFTY-II.NFO,09/07/2024,09:33:15,52805.75,52794.65,75,52808.15,30,0,331920
BANKNIFTY-II.NFO,09/07/2024,09:33:17,52794.3,52791.55,75,52804.35,30,15,331920
BANKNIFTY-II.NFO,09/07/2024,09:33:18,52794.3,52788.3,60,52800.7,30,0,331920
BANKNIFTY-II.NFO,09/07/2024,09:33:20,52794.3,52789,90,52801.95,150,0,331920
BANKNIFTY-II.NFO,09/07/2024,09:33:22,52794.3,52790.05,90,52802.45,105,0,331920
BANKNIFTY-II.NFO,09/07/2024,09:33:23,52794.3,52784.65,60,52797.5,135,0,331920
BANKNIFTY-II.NFO,09/07/2024,09:33:25,52794.3,52787.2,60,52799.5,105,0,331920
BANKNIFTY-II.NFO,09/07/2024,09:33:27,52794.3,52785.7,75,52797.35,150,0,331920
BANKNIFTY-II.NFO,09/07/2024,09:33:28,52794.3,52785.8,105,52797.35,150,0,331920
BANKNIFTY-II.NFO,09/07/2024,09:33:30,52794.3,52787.45,105,52799.2,105,0,331920
BANKNIFTY-II.NFO,09/07/2024,09:33:32,52794.3,52791.15,75,52801.45,150,0,331920
BANKNIFTY-II.NFO,09/07/2024,09:33:33,52794.3,52792.8,75,52804.85,105,0,331920
BANKNIFTY-II.NFO,09/07/2024,09:33:35,52794.3,52798.25,105,52811,105,0,331920
BANKNIFTY-II.NFO,09/07/2024,09:33:37,52794.3,52800,60,52810.7,150,0,331920
BANKNIFTY-II.NFO,09/07/2024,09:33:38,52794.3,52800.05,30,52811.35,105,0,331920
BANKNIFTY-II.NFO,09/07/2024,09:33:40,52794.3,52793.95,60,52807,90,0,331920
BANKNIFTY-II.NFO,09/07/2024,09:33:42,52794.3,52797.15,75,52809.7,150,0,331920
BANKNIFTY-II.NFO,09/07/2024,09:33:43,52794.3,52798.2,105,52810,45,0,331920
BANKNIFTY-II.NFO,09/07/2024,09:33:45,52810,52806.95,75,52819,90,45,332100
BANKNIFTY-II.NFO,09/07/2024,09:33:47,52810,52807,75,52820,105,0,332100
BANKNIFTY-II.NFO,09/07/2024,09:33:48,52810,52807.75,90,52820,15,0,332100
BANKNIFTY-II.NFO,09/07/2024,09:33:50,52810,52815,60,52820,30,0,332100
BANKNIFTY-II.NFO,09/07/2024,09:33:52,52810,52814.95,15,52820,30,0,332100
BANKNIFTY-II.NFO,09/07/2024,09:33:53,52810,52816.45,15,52820,30,0,332100
BANKNIFTY-II.NFO,09/07/2024,09:33:55,52810,52815.25,15,52820,30,0,332100
BANKNIFTY-II.NFO,09/07/2024,09:33:57,52810,52814.5,30,52820,30,0,332100
BANKNIFTY-II.NFO,09/07/2024,09:33:58,52810,52816,30,52820,30,0,332100
BANKNIFTY-II.NFO,09/07/2024,09:34:00,52829,52826.05,30,52838.85,30,75,332100
BANKNIFTY-II.NFO,09/07/2024,09:34:02,52829,52825.1,45,52838,120,0,332100
BANKNIFTY-II.NFO,09/07/2024,09:34:03,52829,52827.5,30,52839,90,0,332100
BANKNIFTY-II.NFO,09/07/2024,09:34:05,52829,52827.8,30,52842,105,0,332100
BANKNIFTY-II.NFO,09/07/2024,09:34:07,52829,52826.05,15,52838.8,30,0,332100
BANKNIFTY-II.NFO,09/07/2024,09:34:08,52829,52829,15,52834.65,105,0,332100
BANKNIFTY-II.NFO,09/07/2024,09:34:10,52835.15,52830,15,52834.35,150,15,332100
BANKNIFTY-II.NFO,09/07/2024,09:34:12,52835.15,52830,15,52833.45,90,0,332100
BANKNIFTY-II.NFO,09/07/2024,09:34:13,52835.15,52830,15,52834.75,150,0,332100
BANKNIFTY-II.NFO,09/07/2024,09:34:15,52835.15,52830,15,52835.65,150,0,332100
BANKNIFTY-II.NFO,09/07/2024,09:34:17,52833.3,52830,15,52834.75,150,15,332100
BANKNIFTY-II.NFO,09/07/2024,09:34:18,52833.3,52830,15,52832.1,90,0,332100
BANKNIFTY-II.NFO,09/07/2024,09:34:20,52833.3,52830,15,52831.6,150,0,332100
BANKNIFTY-II.NFO,09/07/2024,09:34:22,52833.3,52830,15,52833.3,15,0,332100
BANKNIFTY-II.NFO,09/07/2024,09:34:25,52833.3,52830,15,52835,15,15,332100
BANKNIFTY-II.NFO,09/07/2024,09:34:27,52833.3,52830,15,52835,15,0,332100
BANKNIFTY-II.NFO,09/07/2024,09:34:30,52835.15,52836.75,60,52845,15,120,332100
BANKNIFTY-II.NFO,09/07/2024,09:34:32,52850,52847.7,60,52855,30,210,332100
BANKNIFTY-II.NFO,09/07/2024,09:34:33,52860,52853.9,165,52860,120,45,332100
BANKNIFTY-II.NFO,09/07/2024,09:34:35,52860,52862.55,15,52864,15,120,332100
BANKNIFTY-II.NFO,09/07/2024,09:34:37,52860,52852.05,75,52862.95,30,0,332100
BANKNIFTY-II.NFO,09/07/2024,09:34:38,52860,52841.65,60,52854,225,0,332100
BANKNIFTY-II.NFO,09/07/2024,09:34:40,52848.95,52834.1,60,52846.95,30,15,332100
BANKNIFTY-II.NFO,09/07/2024,09:34:42,52848.95,52836.3,75,52847.95,15,0,332100
BANKNIFTY-II.NFO,09/07/2024,09:34:43,52848.95,52837.05,75,52847.95,45,0,332100
BANKNIFTY-II.NFO,09/07/2024,09:34:45,52848.95,52835.3,75,52847.95,45,0,332100
BANKNIFTY-II.NFO,09/07/2024,09:34:47,52848.95,52835.6,60,52847,240,0,332100
BANKNIFTY-II.NFO,09/07/2024,09:34:48,52848.95,52834.8,60,52846.95,45,0,332100
BANKNIFTY-II.NFO,09/07/2024,09:34:50,52848.95,52836.3,90,52847,240,0,332100
BANKNIFTY-II.NFO,09/07/2024,09:34:52,52848.95,52839.55,90,52852,225,0,332100
BANKNIFTY-II.NFO,09/07/2024,09:34:53,52848.95,52837.75,60,52851.95,45,0,332100
BANKNIFTY-II.NFO,09/07/2024,09:34:55,52848.95,52839.05,60,52850.95,30,0,332100
BANKNIFTY-II.NFO,09/07/2024,09:34:57,52848.95,52847.85,60,52858.95,15,0,332100
BANKNIFTY-II.NFO,09/07/2024,09:34:58,52848.95,52849.7,60,52858.95,30,0,332100
BANKNIFTY-II.NFO,09/07/2024,09:35:00,52848.95,52852.7,60,52858.95,15,0,332100
BANKNIFTY-II.NFO,09/07/2024,09:35:02,52855,52846.65,60,52858,210,15,332100
BANKNIFTY-II.NFO,09/07/2024,09:35:03,52855,52849.1,60,52858.95,15,0,332100
BANKNIFTY-II.NFO,09/07/2024,09:35:05,52855,52847.9,60,52858.95,15,0,332100
BANKNIFTY-II.NFO,09/07/2024,09:35:07,52855,52849.15,60,52861.9,30,0,332100
BANKNIFTY-II.NFO,09/07/2024,09:35:08,52855,52849.5,60,52861.9,45,0,332100
BANKNIFTY-II.NFO,09/07/2024,09:35:10,52855,52852.25,60,52864,210,0,332100
BANKNIFTY-II.NFO,09/07/2024,09:35:12,52855,52852.2,30,52864,210,0,332100
BANKNIFTY-II.NFO,09/07/2024,09:35:13,52855,52853.5,45,52865,255,0,332100
BANKNIFTY-II.NFO,09/07/2024,09:35:15,52855,52847,60,52858.95,30,0,332100
BANKNIFTY-II.NFO,09/07/2024,09:35:17,52855,52850.2,30,52862,225,0,332100
BANKNIFTY-II.NFO,09/07/2024,09:35:18,52855,52849.55,30,52861.95,15,0,332100
BANKNIFTY-II.NFO,09/07/2024,09:35:20,52855,52840.55,105,52852.95,30,0,332100
BANKNIFTY-II.NFO,09/07/2024,09:35:22,52855,52845.15,30,52856,225,0,332100
BANKNIFTY-II.NFO,09/07/2024,09:35:23,52855,52844.25,60,52854.95,30,0,332100
BANKNIFTY-II.NFO,09/07/2024,09:35:25,52855,52845.85,75,52858,210,0,332100
BANKNIFTY-II.NFO,09/07/2024,09:35:27,52846.3,52847.85,90,52857.95,30,15,332100
BANKNIFTY-II.NFO,09/07/2024,09:35:28,52846.3,52840.4,75,52853,60,0,332100
BANKNIFTY-II.NFO,09/07/2024,09:35:30,52846.3,52837.5,60,52849.75,30,0,332100
BANKNIFTY-II.NFO,09/07/2024,09:35:32,52846.3,52839.65,60,52851.95,30,0,332100
BANKNIFTY-II.NFO,09/07/2024,09:35:33,52846.3,52833.35,60,52843.65,30,0,332100
BANKNIFTY-II.NFO,09/07/2024,09:35:35,52846.3,52833.35,60,52842,210,0,332100
BANKNIFTY-II.NFO,09/07/2024,09:35:37,52846.3,52833.35,75,52844.95,30,0,332100
BANKNIFTY-II.NFO,09/07/2024,09:35:38,52846.3,52835.5,45,52845.95,30,0,332100
BANKNIFTY-II.NFO,09/07/2024,09:35:40,52846.3,52836.05,30,52846.95,30,0,332100
BANKNIFTY-II.NFO,09/07/2024,09:35:42,52846.3,52836.25,45,52846.95,30,0,332100
BANKNIFTY-II.NFO,09/07/2024,09:35:43,52846.3,52833.3,15,52843.95,30,0,332100
BANKNIFTY-II.NFO,09/07/2024,09:35:45,52846.3,52833.3,15,52840.95,30,0,332100
BANKNIFTY-II.NFO,09/07/2024,09:35:47,52846.3,52833.3,15,52837.35,60,0,332100
BANKNIFTY-II.NFO,09/07/2024,09:35:48,52846.3,52833.3,15,52839.85,30,0,332100
BANKNIFTY-II.NFO,09/07/2024,09:35:50,52833.3,52827.9,75,52838.95,30,15,332100
BANKNIFTY-II.NFO,09/07/2024,09:35:52,52833.3,52830,75,52841.95,30,0,332100
BANKNIFTY-II.NFO,09/07/2024,09:35:53,52833.3,52833.05,60,52843.95,30,0,332100
BANKNIFTY-II.NFO,09/07/2024,09:35:55,52835,52831.45,60,52842.95,15,30,332100
BANKNIFTY-II.NFO,09/07/2024,09:35:57,52835,52825.85,60,52837,225,0,332100
BANKNIFTY-II.NFO,09/07/2024,09:35:58,52835,52820.75,60,52832.95,15,0,332100
BANKNIFTY-II.NFO,09/07/2024,09:36:00,52835,52822.3,60,52833.85,15,0,332100
BANKNIFTY-II.NFO,09/07/2024,09:36:02,52835,52825.45,60,52836.75,15,0,332100
BANKNIFTY-II.NFO,09/07/2024,09:36:03,52835,52824.3,60,52835.95,15,0,332100
BANKNIFTY-II.NFO,09/07/2024,09:36:05,52835,52821.35,60,52832.95,15,0,332100
BANKNIFTY-II.NFO,09/07/2024,09:36:07,52835,52833.3,90,52835.95,30,0,332100
BANKNIFTY-II.NFO,09/07/2024,09:36:08,52835,52833.3,90,52838.95,30,0,332100
BANKNIFTY-II.NFO,09/07/2024,09:36:10,52833.3,52821,60,52830.95,30,90,332100
BANKNIFTY-II.NFO,09/07/2024,09:36:12,52833.3,52822.05,75,52832.95,15,0,332100
BANKNIFTY-II.NFO,09/07/2024,09:36:13,52833.3,52817.3,90,52829.95,30,0,332100
BANKNIFTY-II.NFO,09/07/2024,09:36:15,52833.3,52816.15,75,52827.75,30,0,332100
BANKNIFTY-II.NFO,09/07/2024,09:36:17,52833.3,52820.5,60,52831.95,15,0,332100
BANKNIFTY-II.NFO,09/07/2024,09:36:18,52833.3,52824.3,60,52834.95,30,0,332100
BANKNIFTY-II.NFO,09/07/2024,09:36:20,52834.95,52822.75,60,52834,240,15,332100
BANKNIFTY-II.NFO,09/07/2024,09:36:22,52834.95,52826.6,30,52835,75,0,332100
BANKNIFTY-II.NFO,09/07/2024,09:36:23,52834.95,52826.3,60,52835,75,0,332100
BANKNIFTY-II.NFO,09/07/2024,09:36:25,52834.95,52825.25,15,52835,75,0,332100
BANKNIFTY-II.NFO,09/07/2024,09:36:27,52834.95,52828.75,75,52835,75,0,332100
BANKNIFTY-II.NFO,09/07/2024,09:36:28,52834.95,52826.1,60,52835,75,0,332100
BANKNIFTY-II.NFO,09/07/2024,09:36:30,52834.95,52833.3,90,52835,75,0,332100
BANKNIFTY-II.NFO,09/07/2024,09:36:42,52833.3,52833.3,60,52835,75,30,332250
BANKNIFTY-II.NFO,09/07/2024,09:36:43,52833.3,52833.3,60,52835,75,0,332250
BANKNIFTY-II.NFO,09/07/2024,09:36:47,52833.3,52833.3,45,52835,75,15,332250
BANKNIFTY-II.NFO,09/07/2024,09:36:48,52833.3,52833.3,45,52838,15,0,332250
BANKNIFTY-II.NFO,09/07/2024,09:36:50,52833.3,52833.3,45,52836.85,30,0,332250
BANKNIFTY-II.NFO,09/07/2024,09:36:51,52833.3,52833.3,45,52834.95,45,0,332250
BANKNIFTY-II.NFO,09/07/2024,09:36:53,52833.3,52833.3,30,52836,240,15,332250
BANKNIFTY-II.NFO,09/07/2024,09:36:55,52833.3,52833.3,30,52837,240,0,332250
BANKNIFTY-II.NFO,09/07/2024,09:36:56,52833.3,52833.3,30,52836.9,45,0,332250
BANKNIFTY-II.NFO,09/07/2024,09:36:58,52833.3,52821.1,75,52832.9,75,30,332250
BANKNIFTY-II.NFO,09/07/2024,09:37:00,52833.3,52808.4,30,52820.95,30,0,332250
BANKNIFTY-II.NFO,09/07/2024,09:37:01,52833.3,52811.05,75,52821.95,30,0,332250
BANKNIFTY-II.NFO,09/07/2024,09:37:03,52833.3,52814.75,30,52825,15,0,332250
BANKNIFTY-II.NFO,09/07/2024,09:37:05,52833.3,52814.1,75,52825,240,0,332250
BANKNIFTY-II.NFO,09/07/2024,09:37:06,52833.3,52814.1,45,52825.9,30,0,332250
BANKNIFTY-II.NFO,09/07/2024,09:37:08,52833.3,52816.15,30,52827.45,30,0,332250
BANKNIFTY-II.NFO,09/07/2024,09:37:10,52833.3,52816.65,30,52827,15,0,332250
BANKNIFTY-II.NFO,09/07/2024,09:37:11,52833.3,52824.6,30,52836,225,0,332250
BANKNIFTY-II.NFO,09/07/2024,09:37:13,52833.3,52823.3,75,52834,240,0,332250
BANKNIFTY-II.NFO,09/07/2024,09:37:15,52833.3,52824.2,30,52836,225,0,332250
BANKNIFTY-II.NFO,09/07/2024,09:37:16,52833.3,52827.2,75,52837,225,0,332250
BANKNIFTY-II.NFO,09/07/2024,09:37:18,52833.3,52828.25,75,52838,225,0,332250
BANKNIFTY-II.NFO,09/07/2024,09:37:19,52833.3,52837.35,30,52848,225,0,332250
BANKNIFTY-II.NFO,09/07/2024,09:37:21,52833.3,52839.95,75,52847,225,0,332250
BANKNIFTY-II.NFO,09/07/2024,09:37:23,52833.3,52843.75,75,52850,90,0,332250
BANKNIFTY-II.NFO,09/07/2024,09:37:24,52833.3,52835.95,75,52844,240,0,332250
BANKNIFTY-II.NFO,09/07/2024,09:37:26,52833.3,52837.35,75,52845,240,0,332250
BANKNIFTY-II.NFO,09/07/2024,09:37:28,52833.3,52836.2,75,52844.85,30,0,332250
BANKNIFTY-II.NFO,09/07/2024,09:37:29,52833.3,52836.7,75,52845,240,0,332250
BANKNIFTY-II.NFO,09/07/2024,09:37:31,52833.3,52838.2,75,52846,240,0,332250
BANKNIFTY-II.NFO,09/07/2024,09:37:33,52833.3,52841.65,75,52850,90,0,332250
BANKNIFTY-II.NFO,09/07/2024,09:37:34,52833.3,52839.7,75,52848.95,30,0,332250
BANKNIFTY-II.NFO,09/07/2024,09:37:36,52833.3,52838.25,75,52847,255,0,332250
BANKNIFTY-II.NFO,09/07/2024,09:37:38,52833.3,52838.15,75,52847.95,45,0,332250
BANKNIFTY-II.NFO,09/07/2024,09:37:39,52833.3,52839.8,75,52849.95,30,0,332250
BANKNIFTY-II.NFO,09/07/2024,09:37:41,52833.3,52842.8,75,52850,105,0,332250
BANKNIFTY-II.NFO,09/07/2024,09:37:43,52833.3,52844.6,75,52850,105,0,332250
BANKNIFTY-II.NFO,09/07/2024,09:37:44,52833.3,52842.75,75,52850,105,0,332250
BANKNIFTY-II.NFO,09/07/2024,09:37:46,52833.3,52842.4,75,52850,105,0,332250
BANKNIFTY-II.NFO,09/07/2024,09:37:48,52833.3,52842.55,75,52850,105,0,332250
BANKNIFTY-II.NFO,09/07/2024,09:37:49,52833.3,52841.05,75,52848.95,30,0,332250
BANKNIFTY-II.NFO,09/07/2024,09:37:51,52838.45,52842.35,60,52850,105,15,332250
BANKNIFTY-II.NFO,09/07/2024,09:37:53,52838.45,52842.2,60,52849.95,30,0,332250
BANKNIFTY-II.NFO,09/07/2024,09:37:54,52838.45,52844.15,60,52850,105,0,332250
BANKNIFTY-II.NFO,09/07/2024,09:37:56,52838.45,52843.1,60,52850,105,0,332250
BANKNIFTY-II.NFO,09/07/2024,09:37:58,52838.45,52840.2,60,52848.95,30,0,332250
BANKNIFTY-II.NFO,09/07/2024,09:37:59,52838.45,52839.45,60,52846.95,30,0,332250
BANKNIFTY-II.NFO,09/07/2024,09:38:01,52838.45,52836.25,60,52845.95,45,0,332250
BANKNIFTY-II.NFO,09/07/2024,09:38:03,52838.45,52837.65,60,52845.95,30,0,332250
BANKNIFTY-II.NFO,09/07/2024,09:38:04,52838.45,52836.05,60,52845.95,30,0,332250
BANKNIFTY-II.NFO,09/07/2024,09:38:06,52838.45,52838.4,60,52847.95,45,0,332250
BANKNIFTY-II.NFO,09/07/2024,09:38:08,52838.45,52838.25,60,52846.95,30,0,332250
BANKNIFTY-II.NFO,09/07/2024,09:38:09,52838.45,52839.25,60,52847.95,30,0,332250
BANKNIFTY-II.NFO,09/07/2024,09:38:11,52838.45,52833.3,15,52841.95,30,0,332250
BANKNIFTY-II.NFO,09/07/2024,09:38:13,52838.45,52833.3,15,52840.95,30,0,332250
BANKNIFTY-II.NFO,09/07/2024,09:38:14,52838.45,52833.3,15,52841.95,45,0,332250
BANKNIFTY-II.NFO,09/07/2024,09:38:16,52838.45,52833.3,15,52838.95,45,0,332250
BANKNIFTY-II.NFO,09/07/2024,09:38:18,52838.45,52833.9,60,52846,375,0,332250
BANKNIFTY-II.NFO,09/07/2024,09:38:19,52838.45,52842.2,60,52850,480,0,332250
BANKNIFTY-II.NFO,09/07/2024,09:38:21,52838.45,52844.65,60,52850,105,0,332250
BANKNIFTY-II.NFO,09/07/2024,09:38:23,52838.45,52846.9,60,52850,105,0,332250
BANKNIFTY-II.NFO,09/07/2024,09:38:24,52850,52852.95,75,52860,15,105,332250
BANKNIFTY-II.NFO,09/07/2024,09:38:26,52853,52855.1,105,52860,15,15,332250
BANKNIFTY-II.NFO,09/07/2024,09:38:28,52846.95,52853,15,52858.65,30,15,332250
BANKNIFTY-II.NFO,09/07/2024,09:38:29,52846.95,52853,15,52860,15,0,332250
BANKNIFTY-II.NFO,09/07/2024,09:38:31,52858.9,52853,15,52858.95,30,15,332250
BANKNIFTY-II.NFO,09/07/2024,09:38:33,52858.9,52853,15,52856.85,45,0,332250
BANKNIFTY-II.NFO,09/07/2024,09:38:34,52858.9,52853,15,52855.95,30,0,332250
BANKNIFTY-II.NFO,09/07/2024,09:38:36,52858.9,52853,15,52853.95,45,0,332250
BANKNIFTY-II.NFO,09/07/2024,09:38:38,52858.9,52853,15,52856.95,45,0,332250
BANKNIFTY-II.NFO,09/07/2024,09:38:39,52858.9,52853,15,52854.95,45,0,332250
BANKNIFTY-II.NFO,09/07/2024,09:38:41,52858.9,52853,15,52855.95,45,0,332250
BANKNIFTY-II.NFO,09/07/2024,09:38:43,52855.95,52853,15,52858.95,15,15,332250
BANKNIFTY-II.NFO,09/07/2024,09:38:44,52855.95,52853,15,52858.95,15,0,332250
BANKNIFTY-II.NFO,09/07/2024,09:38:46,52849.75,52848.5,45,52859.75,30,30,332250
BANKNIFTY-II.NFO,09/07/2024,09:38:47,52849.75,52844.85,90,52855.95,15,0,332250
BANKNIFTY-II.NFO,09/07/2024,09:38:49,52849.75,52848.95,45,52859.95,15,0,332250
BANKNIFTY-II.NFO,09/07/2024,09:38:51,52849.75,52845,60,52854.95,30,0,332250
BANKNIFTY-II.NFO,09/07/2024,09:38:52,52849.75,52844.45,60,52854.95,15,0,332250
BANKNIFTY-II.NFO,09/07/2024,09:38:54,52849.75,52845.2,60,52854.8,15,0,332250
BANKNIFTY-II.NFO,09/07/2024,09:38:56,52849.75,52843.55,75,52853.55,15,0,332250
BANKNIFTY-II.NFO,09/07/2024,09:38:57,52849.75,52840.35,75,52851.4,45,0,332250
BANKNIFTY-II.NFO,09/07/2024,09:38:59,52849.75,52842.15,90,52853.95,15,0,332250
BANKNIFTY-II.NFO,09/07/2024,09:39:00,52849.75,52842.7,75,52853.95,30,0,332250
BANKNIFTY-II.NFO,09/07/2024,09:39:02,52849.75,52845.15,75,52849.75,30,0,332250
BANKNIFTY-II.NFO,09/07/2024,09:39:04,52849.75,52846.95,60,52849.75,30,0,332250
BANKNIFTY-II.NFO,09/07/2024,09:39:05,52849.75,52845.9,75,52849.75,30,0,332250
BANKNIFTY-II.NFO,09/07/2024,09:39:07,52849.75,52845,60,52849.75,30,0,332250
BANKNIFTY-II.NFO,09/07/2024,09:39:08,52849.75,52847.15,60,52855,30,30,332250
BANKNIFTY-II.NFO,09/07/2024,09:39:10,52849.75,52842.25,75,52852.95,15,0,332250
BANKNIFTY-II.NFO,09/07/2024,09:39:12,52849.75,52848.9,75,52855,30,0,332250
BANKNIFTY-II.NFO,09/07/2024,09:39:13,52849.75,52845.7,90,52855,30,0,332250
BANKNIFTY-II.NFO,09/07/2024,09:39:15,52855,52848.95,60,52855,15,15,332250
BANKNIFTY-II.NFO,09/07/2024,09:39:16,52855,52850.5,60,52855,15,0,332250
BANKNIFTY-II.NFO,09/07/2024,09:39:18,52849.95,52845.85,60,52855,15,15,332250
BANKNIFTY-II.NFO,09/07/2024,09:39:20,52849.95,52846.4,75,52855,15,0,332250
BANKNIFTY-II.NFO,09/07/2024,09:39:21,52849.95,52843.75,75,52854.95,15,0,332250
BANKNIFTY-II.NFO,09/07/2024,09:39:23,52849.95,52843.15,60,52854,375,0,332250
BANKNIFTY-II.NFO,09/07/2024,09:39:25,52849.95,52842.05,60,52853.9,30,0,332250
BANKNIFTY-II.NFO,09/07/2024,09:39:26,52849.95,52849.95,15,52854.95,45,0,332250
BANKNIFTY-II.NFO,09/07/2024,09:39:28,52849.95,52836.65,60,52846.95,30,15,332145
BANKNIFTY-II.NFO,09/07/2024,09:39:29,52849.95,52836.05,60,52846,360,0,332145
BANKNIFTY-II.NFO,09/07/2024,09:39:31,52849.95,52837.6,60,52849.95,30,0,332145
BANKNIFTY-II.NFO,09/07/2024,09:39:33,52849.95,52837.95,60,52847.95,45,0,332145
BANKNIFTY-II.NFO,09/07/2024,09:39:34,52849.95,52839.1,60,52849.95,45,0,332145
BANKNIFTY-II.NFO,09/07/2024,09:39:36,52849.95,52839.65,75,52850.75,45,0,332145
BANKNIFTY-II.NFO,09/07/2024,09:39:37,52849.95,52840,15,52848.85,75,0,332145
BANKNIFTY-II.NFO,09/07/2024,09:39:39,52849.95,52840,15,52849.95,45,0,332145
BANKNIFTY-II.NFO,09/07/2024,09:39:40,52849.95,52840,15,52849.85,45,0,332145
BANKNIFTY-II.NFO,09/07/2024,09:39:42,52849.95,52840,15,52847.95,30,0,332145
BANKNIFTY-II.NFO,09/07/2024,09:39:44,52849.95,52843.9,60,52853,15,0,332145
BANKNIFTY-II.NFO,09/07/2024,09:39:45,52849.95,52851.15,75,52855,15,0,332145
BANKNIFTY-II.NFO,09/07/2024,09:39:47,52849.95,52851.3,75,52855,15,0,332145
BANKNIFTY-II.NFO,09/07/2024,09:39:49,52849.95,52845.65,60,52849.95,15,0,332145
BANKNIFTY-II.NFO,09/07/2024,09:39:50,52849.95,52845.6,75,52849.95,15,0,332145
BANKNIFTY-II.NFO,09/07/2024,09:39:52,52849.95,52849.65,75,52855,15,30,332145
BANKNIFTY-II.NFO,09/07/2024,09:39:54,52849.95,52849.8,60,52855,15,0,332145
BANKNIFTY-II.NFO,09/07/2024,09:39:55,52849.95,52849.15,60,52855,15,0,332145
BANKNIFTY-II.NFO,09/07/2024,09:39:57,52849.95,52849.85,75,52855,15,0,332145
BANKNIFTY-II.NFO,09/07/2024,09:39:59,52849.95,52848.25,60,52855,15,0,332145
BANKNIFTY-II.NFO,09/07/2024,09:40:00,52865.3,52861.7,15,52866.85,15,105,332145
BANKNIFTY-II.NFO,09/07/2024,09:40:02,52865.3,52857.65,60,52866.85,15,0,332145
BANKNIFTY-II.NFO,09/07/2024,09:40:04,52857.15,52856.65,60,52866.85,15,15,332145
BANKNIFTY-II.NFO,09/07/2024,09:40:05,52857.15,52863.4,15,52866.85,15,0,332145
BANKNIFTY-II.NFO,09/07/2024,09:40:07,52857.15,52858.9,60,52866.85,15,0,332145
BANKNIFTY-II.NFO,09/07/2024,09:40:09,52857.15,52857.75,60,52866.85,15,0,332145
BANKNIFTY-II.NFO,09/07/2024,09:40:10,52857.15,52861.95,15,52866.85,15,0,332145
BANKNIFTY-II.NFO,09/07/2024,09:40:13,52857.15,52860,15,52866.8,90,0,332145
BANKNIFTY-II.NFO,09/07/2024,09:40:15,52857.15,52863,15,52865.3,15,0,332145
BANKNIFTY-II.NFO,09/07/2024,09:40:18,52860.75,52860,15,52865.3,15,45,332145
BANKNIFTY-II.NFO,09/07/2024,09:40:20,52860.75,52860,15,52863.15,60,0,332145
BANKNIFTY-II.NFO,09/07/2024,09:40:22,52860,52843.8,60,52854.7,60,15,332145
BANKNIFTY-II.NFO,09/07/2024,09:40:24,52860,52852.05,15,52860.65,60,0,332145
BANKNIFTY-II.NFO,09/07/2024,09:40:25,52860,52853.1,30,52863.55,60,0,332145
BANKNIFTY-II.NFO,09/07/2024,09:40:27,52860,52849.4,60,52859.9,60,0,332145
BANKNIFTY-II.NFO,09/07/2024,09:40:29,52860,52843.5,90,52854.5,75,0,332145
BANKNIFTY-II.NFO,09/07/2024,09:40:30,52860,52842.3,30,52849.65,60,0,332145
BANKNIFTY-II.NFO,09/07/2024,09:40:32,52860,52850.05,15,52859.8,60,0,332145
BANKNIFTY-II.NFO,09/07/2024,09:40:34,52860,52848.05,15,52857.7,60,0,332145
BANKNIFTY-II.NFO,09/07/2024,09:40:35,52860,52846.05,15,52854.45,60,0,332145
BANKNIFTY-II.NFO,09/07/2024,09:40:37,52860,52840.35,60,52850.8,60,0,332145
BANKNIFTY-II.NFO,09/07/2024,09:40:39,52860,52846.05,15,52854.95,60,0,332145
BANKNIFTY-II.NFO,09/07/2024,09:40:40,52860,52844.05,15,52853.3,60,0,332145
BANKNIFTY-II.NFO,09/07/2024,09:40:42,52860,52842.1,60,52852.55,60,0,332145
BANKNIFTY-II.NFO,09/07/2024,09:40:44,52860,52842.95,90,52852.95,60,0,332145
BANKNIFTY-II.NFO,09/07/2024,09:40:45,52860,52844.05,15,52852.9,60,0,332145
BANKNIFTY-II.NFO,09/07/2024,09:40:47,52844.1,52846.05,45,52855.95,105,15,332145
BANKNIFTY-II.NFO,09/07/2024,09:40:49,52844.1,52846.05,15,52854.6,60,0,332145
BANKNIFTY-II.NFO,09/07/2024,09:40:50,52844.1,52843.7,45,52853.5,75,0,332145
BANKNIFTY-II.NFO,09/07/2024,09:40:52,52844.1,52844.55,45,52854.55,75,0,332145
BANKNIFTY-II.NFO,09/07/2024,09:40:54,52844.1,52844.45,45,52855.3,75,0,332145
BANKNIFTY-II.NFO,09/07/2024,09:40:55,52844.1,52844.6,45,52854.55,30,0,332145
BANKNIFTY-II.NFO,09/07/2024,09:40:57,52844.1,52846.05,15,52853.6,75,0,332145
BANKNIFTY-II.NFO,09/07/2024,09:40:59,52844.1,52840,15,52847.95,60,0,332145
BANKNIFTY-II.NFO,09/07/2024,09:41:00,52840,52833.35,45,52843.95,60,15,332145
BANKNIFTY-II.NFO,09/07/2024,09:41:02,52840,52836.55,45,52846.3,60,0,332145
BANKNIFTY-II.NFO,09/07/2024,09:41:04,52840,52836.75,45,52846.8,60,0,332145
BANKNIFTY-II.NFO,09/07/2024,09:41:05,52840,52836.5,45,52847.7,75,0,332145
BANKNIFTY-II.NFO,09/07/2024,09:41:07,52840,52840.1,150,52847.95,60,0,332145
BANKNIFTY-II.NFO,09/07/2024,09:41:09,52840,52837.15,45,52846.95,60,0,332145
BANKNIFTY-II.NFO,09/07/2024,09:41:10,52840,52842.35,150,52850.95,75,0,332145
BANKNIFTY-II.NFO,09/07/2024,09:41:12,52840,52843.3,150,52852.25,60,0,332145
BANKNIFTY-II.NFO,09/07/2024,09:41:14,52840,52843.95,30,52852.95,75,0,332145
BANKNIFTY-II.NFO,09/07/2024,09:41:15,52840,52838.85,45,52849.95,75,0,332145
BANKNIFTY-II.NFO,09/07/2024,09:41:17,52840,52839.75,150,52848.95,75,0,332145
BANKNIFTY-II.NFO,09/07/2024,09:41:19,52841.6,52842.9,150,52849.95,60,15,332145
BANKNIFTY-II.NFO,09/07/2024,09:41:20,52841.6,52840.95,150,52849.75,75,0,332145
BANKNIFTY-II.NFO,09/07/2024,09:41:22,52841.6,52843.9,150,52852.95,60,0,332145
BANKNIFTY-II.NFO,09/07/2024,09:41:24,52841.6,52833.3,15,52840.95,75,0,332145
BANKNIFTY-II.NFO,09/07/2024,09:41:25,52841.6,52833.3,15,52838.9,60,0,332145
BANKNIFTY-II.NFO,09/07/2024,09:41:27,52841.6,52833.3,15,52839.95,60,0,332145
BANKNIFTY-II.NFO,09/07/2024,09:41:29,52841.6,52833.85,30,52844.25,60,0,332145
BANKNIFTY-II.NFO,09/07/2024,09:41:30,52841.6,52834.35,150,52843.85,60,0,332145
BANKNIFTY-II.NFO,09/07/2024,09:41:32,52841.6,52835.2,150,52844.95,60,0,332145
BANKNIFTY-II.NFO,09/07/2024,09:41:34,52841.6,52834.15,150,52843.95,75,0,332145
BANKNIFTY-II.NFO,09/07/2024,09:41:35,52841.6,52836.45,150,52846.9,60,0,332145
BANKNIFTY-II.NFO,09/07/2024,09:41:37,52841.6,52836,15,52846,300,0,332145
BANKNIFTY-II.NFO,09/07/2024,09:41:39,52841.6,52837.1,150,52846.85,75,0,332145
BANKNIFTY-II.NFO,09/07/2024,09:41:40,52841.6,52839.25,150,52847.95,60,0,332145
BANKNIFTY-II.NFO,09/07/2024,09:41:42,52841.6,52835.8,45,52847.5,60,0,332145
BANKNIFTY-II.NFO,09/07/2024,09:41:43,52841.6,52837.8,150,52841,15,0,332145
BANKNIFTY-II.NFO,09/07/2024,09:41:45,52841,52838.45,30,52847.95,60,15,332145
BANKNIFTY-II.NFO,09/07/2024,09:41:47,52841,52839.85,15,52849.95,60,0,332145
BANKNIFTY-II.NFO,09/07/2024,09:41:48,52841,52841.15,150,52849.95,60,0,332145
BANKNIFTY-II.NFO,09/07/2024,09:41:50,52841,52836.55,150,52846.85,75,0,332145
BANKNIFTY-II.NFO,09/07/2024,09:41:52,52841,52841.85,150,52850,15,0,332145
BANKNIFTY-II.NFO,09/07/2024,09:41:53,52841,52840.55,150,52849.95,60,0,332145
BANKNIFTY-II.NFO,09/07/2024,09:41:55,52841,52841.3,150,52849.95,60,0,332145
BANKNIFTY-II.NFO,09/07/2024,09:41:56,52841,52839.2,180,52848.95,75,0,332145
BANKNIFTY-II.NFO,09/07/2024,09:41:58,52841,52841.65,150,52850,15,0,332145
BANKNIFTY-II.NFO,09/07/2024,09:42:00,52841,52844.5,150,52850,15,0,332145
BANKNIFTY-II.NFO,09/07/2024,09:42:01,52841,52841.7,45,52850,15,0,332145
BANKNIFTY-II.NFO,09/07/2024,09:42:03,52845,52837.55,150,52846.95,75,15,332145
BANKNIFTY-II.NFO,09/07/2024,09:42:05,52845,52833.5,150,52843.95,75,0,332145
BANKNIFTY-II.NFO,09/07/2024,09:42:06,52845,52833.3,15,52841.7,75,0,332145
BANKNIFTY-II.NFO,09/07/2024,09:42:08,52845,52836.5,150,52845.95,60,0,332145
BANKNIFTY-II.NFO,09/07/2024,09:42:09,52845,52836.2,150,52845.95,75,0,332145
BANKNIFTY-II.NFO,09/07/2024,09:42:11,52845,52834.7,150,52844.95,75,0,332145
BANKNIFTY-II.NFO,09/07/2024,09:42:13,52845,52834.95,75,52844.95,60,0,332145
BANKNIFTY-II.NFO,09/07/2024,09:42:14,52845,52838.25,150,52845,15,0,332145
BANKNIFTY-II.NFO,09/07/2024,09:42:16,52845,52835.95,150,52844.95,60,0,332145
BANKNIFTY-II.NFO,09/07/2024,09:42:18,52845,52839.1,150,52845,15,0,332145
BANKNIFTY-II.NFO,09/07/2024,09:42:19,52845,52837.55,150,52845,15,0,332145
BANKNIFTY-II.NFO,09/07/2024,09:42:21,52845,52838.65,150,52845,15,0,332145
BANKNIFTY-II.NFO,09/07/2024,09:42:22,52845,52836.8,150,52845,15,0,332145
BANKNIFTY-II.NFO,09/07/2024,09:42:24,52845,52837.05,150,52844.95,60,0,332145
BANKNIFTY-II.NFO,09/07/2024,09:42:26,52845,52838.8,150,52845,15,0,332145
BANKNIFTY-II.NFO,09/07/2024,09:42:27,52845,52837.85,150,52845,15,0,332145
BANKNIFTY-II.NFO,09/07/2024,09:42:29,52845,52839.3,150,52845,15,0,332145
BANKNIFTY-II.NFO,09/07/2024,09:42:31,52845,52838,45,52845,15,0,332145
BANKNIFTY-II.NFO,09/07/2024,09:42:32,52845,52843.8,150,52852.95,60,15,332115
BANKNIFTY-II.NFO,09/07/2024,09:42:34,52845,52853.1,150,52858,75,0,332115
BANKNIFTY-II.NFO,09/07/2024,09:42:36,52850.95,52847.85,45,52857.95,60,15,332115
BANKNIFTY-II.NFO,09/07/2024,09:42:37,52850.95,52853.15,150,52858,75,0,332115
BANKNIFTY-II.NFO,09/07/2024,09:42:39,52858,52847.9,45,52857.95,75,15,332115
BANKNIFTY-II.NFO,09/07/2024,09:42:40,52858,52848.55,150,52855.95,75,0,332115
BANKNIFTY-II.NFO,09/07/2024,09:42:42,52858,52851.15,150,52857.95,60,0,332115
BANKNIFTY-II.NFO,09/07/2024,09:42:44,52858,52848.1,150,52856.95,75,0,332115
BANKNIFTY-II.NFO,09/07/2024,09:42:45,52858,52841.8,45,52851,285,0,332115
BANKNIFTY-II.NFO,09/07/2024,09:42:47,52858,52846.8,150,52855.95,60,0,332115
BANKNIFTY-II.NFO,09/07/2024,09:42:49,52858,52845.9,150,52855.95,75,0,332115
BANKNIFTY-II.NFO,09/07/2024,09:42:51,52858,52845,30,52848.95,60,0,332115
BANKNIFTY-II.NFO,09/07/2024,09:42:52,52858,52845,30,52851.95,60,0,332115
BANKNIFTY-II.NFO,09/07/2024,09:42:54,52852.95,52845,30,52853.95,45,30,332115
BANKNIFTY-II.NFO,09/07/2024,09:42:56,52852.95,52845,30,52852.95,45,0,332115
BANKNIFTY-II.NFO,09/07/2024,09:42:57,52852.95,52845,30,52850.95,45,0,332115
BANKNIFTY-II.NFO,09/07/2024,09:42:59,52852.95,52845,30,52851.95,45,0,332115
BANKNIFTY-II.NFO,09/07/2024,09:43:01,52845,52833.55,60,52843.95,60,30,332115
BANKNIFTY-II.NFO,09/07/2024,09:43:02,52845,52835.3,150,52844.95,60,0,332115
BANKNIFTY-II.NFO,09/07/2024,09:43:04,52845,52837.15,150,52846.95,60,0,332115
BANKNIFTY-II.NFO,09/07/2024,09:43:06,52845,52836.35,150,52846.95,60,0,332115
BANKNIFTY-II.NFO,09/07/2024,09:43:07,52845,52837.15,150,52847.95,60,0,332115
BANKNIFTY-II.NFO,09/07/2024,09:43:09,52845,52837.15,30,52847.95,60,0,332115
BANKNIFTY-II.NFO,09/07/2024,09:43:11,52845,52836.2,150,52844.95,60,0,332115
BANKNIFTY-II.NFO,09/07/2024,09:43:12,52845,52835.45,150,52845.95,45,0,332115
BANKNIFTY-II.NFO,09/07/2024,09:43:14,52845,52835.5,60,52846.95,60,0,332115
BANKNIFTY-II.NFO,09/07/2024,09:43:16,52845,52839.3,150,52849.95,45,0,332115
BANKNIFTY-II.NFO,09/07/2024,09:43:17,52845,52838.2,150,52846.95,60,0,332115
BANKNIFTY-II.NFO,09/07/2024,09:43:19,52845,52838.1,150,52847.95,60,0,332115
BANKNIFTY-II.NFO,09/07/2024,09:43:21,52845,52841.25,150,52849.95,45,0,332115
BANKNIFTY-II.NFO,09/07/2024,09:43:22,52845,52840.8,150,52849.95,60,0,332115
BANKNIFTY-II.NFO,09/07/2024,09:43:24,52845,52837.95,150,52846.95,60,0,332115
BANKNIFTY-II.NFO,09/07/2024,09:43:26,52845,52839.5,150,52849.95,60,0,332115
BANKNIFTY-II.NFO,09/07/2024,09:43:27,52845,52837.3,150,52846.95,60,0,332115
BANKNIFTY-II.NFO,09/07/2024,09:43:29,52845,52837.6,150,52846.95,45,0,332115
BANKNIFTY-II.NFO,09/07/2024,09:43:31,52845,52837.55,150,52846.95,60,0,332115
BANKNIFTY-II.NFO,09/07/2024,09:43:32,52845,52833.45,60,52844.95,60,0,332115
BANKNIFTY-II.NFO,09/07/2024,09:43:34,52845,52845,15,52849.95,60,0,332115
BANKNIFTY-II.NFO,09/07/2024,09:43:36,52845,52845,15,52849.95,45,0,332115
BANKNIFTY-II.NFO,09/07/2024,09:43:37,52845,52845,15,52850.95,45,0,332115
BANKNIFTY-II.NFO,09/07/2024,09:43:39,52845,52845,15,52852,255,0,332115
BANKNIFTY-II.NFO,09/07/2024,09:43:41,52845,52844.2,150,52852.9,45,15,332115
BANKNIFTY-II.NFO,09/07/2024,09:43:42,52845,52846.2,150,52852.95,30,0,332115
BANKNIFTY-II.NFO,09/07/2024,09:43:44,52845,52842.05,60,52852.9,45,0,332115
BANKNIFTY-II.NFO,09/07/2024,09:43:46,52845,52844.95,150,52852.95,30,0,332115
BANKNIFTY-II.NFO,09/07/2024,09:43:47,52845,52844.85,210,52852.95,30,0,332115
BANKNIFTY-II.NFO,09/07/2024,09:43:49,52845,52848.45,60,52850,15,0,332115
BANKNIFTY-II.NFO,09/07/2024,09:43:51,52852.95,52856.1,150,52858,60,45,332115
BANKNIFTY-II.NFO,09/07/2024,09:43:52,52860,52855.4,90,52863.95,45,105,332115
BANKNIFTY-II.NFO,09/07/2024,09:43:54,52860,52861.45,90,52865.3,15,0,332115
BANKNIFTY-II.NFO,09/07/2024,09:43:56,52860,52857.8,90,52865.3,15,0,332115
BANKNIFTY-II.NFO,09/07/2024,09:43:57,52860,52853.7,90,52861,270,0,332115
BANKNIFTY-II.NFO,09/07/2024,09:43:59,52860,52846.75,90,52855.95,45,0,332115
BANKNIFTY-II.NFO,09/07/2024,09:44:01,52860,52844.25,90,52851,255,0,332115
BANKNIFTY-II.NFO,09/07/2024,09:44:02,52860,52852.95,15,52853.95,45,0,332115
BANKNIFTY-II.NFO,09/07/2024,09:44:04,52860,52852.95,15,52854.95,45,0,332115
BANKNIFTY-II.NFO,09/07/2024,09:44:06,52860,52852.95,15,52856.95,45,0,332115
BANKNIFTY-II.NFO,09/07/2024,09:44:07,52854.95,52852.95,15,52854.95,30,15,332115
BANKNIFTY-II.NFO,09/07/2024,09:44:09,52852.95,52841.6,90,52850.95,45,15,332115
BANKNIFTY-II.NFO,09/07/2024,09:44:11,52847.95,52837.45,75,52848.95,30,45,332115
BANKNIFTY-II.NFO,09/07/2024,09:44:12,52847.95,52835.5,75,52846.95,45,0,332115
BANKNIFTY-II.NFO,09/07/2024,09:44:14,52847.95,52835.4,105,52846.95,45,0,332115
BANKNIFTY-II.NFO,09/07/2024,09:44:15,52847.95,52843.7,60,52855,270,0,332115
BANKNIFTY-II.NFO,09/07/2024,09:44:17,52847.95,52841.85,30,52852.95,30,0,332115
BANKNIFTY-II.NFO,09/07/2024,09:44:19,52854,52843.2,45,52854,255,15,332115
BANKNIFTY-II.NFO,09/07/2024,09:44:20,52854,52841.75,30,52853,255,0,332115
BANKNIFTY-II.NFO,09/07/2024,09:44:22,52854,52839.4,45,52850.95,30,0,332115
BANKNIFTY-II.NFO,09/07/2024,09:44:24,52854,52839.15,30,52850,240,0,332115
BANKNIFTY-II.NFO,09/07/2024,09:44:25,52854,52840.9,30,52852.85,30,0,332115
BANKNIFTY-II.NFO,09/07/2024,09:44:27,52854,52841.7,30,52853,240,0,332115
BANKNIFTY-II.NFO,09/07/2024,09:44:29,52854,52841.35,30,52853,240,0,332115
BANKNIFTY-II.NFO,09/07/2024,09:44:30,52854,52841.8,60,52853,240,0,332115
BANKNIFTY-II.NFO,09/07/2024,09:44:32,52854,52845.2,30,52857,240,0,332115
BANKNIFTY-II.NFO,09/07/2024,09:44:34,52854,52841.3,60,52853,240,0,332115
BANKNIFTY-II.NFO,09/07/2024,09:44:35,52854,52839.85,60,52851,270,0,332115
BANKNIFTY-II.NFO,09/07/2024,09:44:37,52854,52838.8,60,52850,240,0,332115
BANKNIFTY-II.NFO,09/07/2024,09:44:39,52854,52839.2,90,52849,255,0,332115
BANKNIFTY-II.NFO,09/07/2024,09:44:40,52854,52838.6,75,52850,240,0,332115
BANKNIFTY-II.NFO,09/07/2024,09:44:42,52854,52835.7,75,52847.95,45,0,332115
BANKNIFTY-II.NFO,09/07/2024,09:44:44,52854,52833.45,60,52845,45,0,332115
BANKNIFTY-II.NFO,09/07/2024,09:44:45,52854,52837.25,60,52848.9,75,0,332115
BANKNIFTY-II.NFO,09/07/2024,09:44:47,52854,52835.4,75,52847,240,0,332115
BANKNIFTY-II.NFO,09/07/2024,09:44:49,52854,52836.15,165,52847,240,0,332115
BANKNIFTY-II.NFO,09/07/2024,09:44:50,52854,52837.4,75,52848.95,75,0,332115
BANKNIFTY-II.NFO,09/07/2024,09:44:52,52854,52837.25,75,52848.95,75,0,332115
BANKNIFTY-II.NFO,09/07/2024,09:44:54,52854,52835.3,75,52847.55,45,0,332115
BANKNIFTY-II.NFO,09/07/2024,09:44:55,52854,52834.35,75,52846.75,75,0,332115
BANKNIFTY-II.NFO,09/07/2024,09:44:57,52854,52835.1,60,52846.9,30,0,332115
BANKNIFTY-II.NFO,09/07/2024,09:44:59,52854,52833.9,75,52845,240,0,332115
BANKNIFTY-II.NFO,09/07/2024,09:45:00,52846.95,52836.4,75,52848,270,15,332115
BANKNIFTY-II.NFO,09/07/2024,09:45:02,52846.95,52839.15,75,52850,255,0,332115
BANKNIFTY-II.NFO,09/07/2024,09:45:04,52846.95,52845.4,60,52856,240,0,332115
BANKNIFTY-II.NFO,09/07/2024,09:45:05,52846.95,52840.75,60,52852,15,0,332115
BANKNIFTY-II.NFO,09/07/2024,09:45:07,52846.95,52839,60,52850.25,15,0,332115
BANKNIFTY-II.NFO,09/07/2024,09:45:09,52846.95,52841.6,60,52853,255,0,332115
BANKNIFTY-II.NFO,09/07/2024,09:45:10,52846.95,52839.85,60,52851,15,0,332115
BANKNIFTY-II.NFO,09/07/2024,09:45:12,52846.95,52841.45,60,52853,255,0,332115
BANKNIFTY-II.NFO,09/07/2024,09:45:14,52846.95,52841.75,75,52853,255,0,332115
BANKNIFTY-II.NFO,09/07/2024,09:45:15,52846.95,52841.75,60,52852.5,15,0,332115
BANKNIFTY-II.NFO,09/07/2024,09:45:17,52846.95,52839.85,60,52851,255,0,332115
BANKNIFTY-II.NFO,09/07/2024,09:45:19,52846.95,52838.5,60,52849.9,30,0,332115
BANKNIFTY-II.NFO,09/07/2024,09:45:20,52846.95,52841,75,52852.75,15,0,332115
BANKNIFTY-II.NFO,09/07/2024,09:45:22,52846.95,52839.75,60,52850,255,0,332115
BANKNIFTY-II.NFO,09/07/2024,09:45:24,52846.95,52840.55,30,52851,15,0,332115
BANKNIFTY-II.NFO,09/07/2024,09:45:25,52846.95,52838.4,60,52850,30,0,332115
BANKNIFTY-II.NFO,09/07/2024,09:45:27,52846.95,52840.35,30,52851,225,0,332115
BANKNIFTY-II.NFO,09/07/2024,09:45:29,52846.95,52838.25,60,52849,15,0,332115
BANKNIFTY-II.NFO,09/07/2024,09:45:30,52846.95,52833.3,15,52844,255,0,332115
BANKNIFTY-II.NFO,09/07/2024,09:45:32,52846.95,52833.3,15,52842.65,75,0,332115
BANKNIFTY-II.NFO,09/07/2024,09:45:34,52846.95,52835,90,52847,240,0,332115
BANKNIFTY-II.NFO,09/07/2024,09:45:35,52835.3,52836.05,60,52849.85,30,15,332130
BANKNIFTY-II.NFO,09/07/2024,09:45:37,52835.3,52837.25,60,52850,240,0,332130
BANKNIFTY-II.NFO,09/07/2024,09:45:39,52835.3,52839.7,75,52851,255,0,332130
BANKNIFTY-II.NFO,09/07/2024,09:45:40,52835.3,52836.55,60,52849,240,0,332130
BANKNIFTY-II.NFO,09/07/2024,09:45:42,52835.3,52835.9,105,52847.85,30,0,332130
BANKNIFTY-II.NFO,09/07/2024,09:45:44,52835.3,52836.65,75,52845,15,0,332130
BANKNIFTY-II.NFO,09/07/2024,09:45:45,52845,52841.15,75,52852,240,15,332130
BANKNIFTY-II.NFO,09/07/2024,09:45:47,52845,52840,60,52852,240,0,332130
BANKNIFTY-II.NFO,09/07/2024,09:45:49,52845,52839.45,75,52851,255,0,332130
BANKNIFTY-II.NFO,09/07/2024,09:45:50,52845,52836.55,75,52849,255,0,332130
BANKNIFTY-II.NFO,09/07/2024,09:45:52,52845,52840.35,75,52851.95,45,0,332130
BANKNIFTY-II.NFO,09/07/2024,09:45:54,52845,52839.3,75,52851,240,0,332130
BANKNIFTY-II.NFO,09/07/2024,09:45:55,52845,52836.85,75,52849,255,0,332130
BANKNIFTY-II.NFO,09/07/2024,09:45:57,52845,52837.2,30,52848,255,0,332130
BANKNIFTY-II.NFO,09/07/2024,09:45:59,52845,52840.05,45,52851.95,45,0,332130
BANKNIFTY-II.NFO,09/07/2024,09:46:00,52845,52837.9,75,52844,15,0,332130
BANKNIFTY-II.NFO,09/07/2024,09:46:02,52845,52838.85,45,52844,15,0,332130
BANKNIFTY-II.NFO,09/07/2024,09:46:04,52845,52835.3,15,52844,240,0,332130
BANKNIFTY-II.NFO,09/07/2024,09:46:05,52845,52835.3,15,52841.95,75,0,332130
BANKNIFTY-II.NFO,09/07/2024,09:46:07,52845,52835.3,15,52843.95,75,0,332130
BANKNIFTY-II.NFO,09/07/2024,09:46:09,52845,52835.3,15,52841.4,45,0,332130
BANKNIFTY-II.NFO,09/07/2024,09:46:10,52845,52835.3,15,52842.9,75,0,332130
BANKNIFTY-II.NFO,09/07/2024,09:46:12,52845,52835.3,15,52842.9,45,0,332130
BANKNIFTY-II.NFO,09/07/2024,09:46:14,52845,52836.25,30,52844,15,0,332130
BANKNIFTY-II.NFO,09/07/2024,09:46:15,52845,52835.3,15,52844,15,0,332130
BANKNIFTY-II.NFO,09/07/2024,09:46:17,52835.3,52833.3,30,52844,30,15,332130
BANKNIFTY-II.NFO,09/07/2024,09:46:19,52835.3,52833.3,15,52843.95,75,0,332130
BANKNIFTY-II.NFO,09/07/2024,09:46:20,52835.3,52833.35,30,52844,30,0,332130
BANKNIFTY-II.NFO,09/07/2024,09:46:22,52833.5,52833.3,15,52843.95,45,15,332130
BANKNIFTY-II.NFO,09/07/2024,09:46:24,52833.5,52833.55,45,52844,15,0,332130
BANKNIFTY-II.NFO,09/07/2024,09:46:25,52833.5,52834.5,15,52844,15,0,332130
BANKNIFTY-II.NFO,09/07/2024,09:46:27,52844,52833.45,60,52845.9,75,15,332130
BANKNIFTY-II.NFO,09/07/2024,09:46:29,52844,52835.75,60,52848,255,0,332130
BANKNIFTY-II.NFO,09/07/2024,09:46:30,52844,52835.75,75,52847,255,0,332130
BANKNIFTY-II.NFO,09/07/2024,09:46:32,52844,52834.25,75,52845.9,75,0,332130
BANKNIFTY-II.NFO,09/07/2024,09:46:34,52844,52833.6,75,52845.9,45,0,332130
BANKNIFTY-II.NFO,09/07/2024,09:46:35,52844,52839.75,60,52849.85,30,0,332130
BANKNIFTY-II.NFO,09/07/2024,09:46:37,52844,52834.7,60,52846,240,0,332130
BANKNIFTY-II.NFO,09/07/2024,09:46:39,52844,52833.35,75,52845,240,0,332130
BANKNIFTY-II.NFO,09/07/2024,09:46:40,52843.2,52833.3,15,52843.2,60,15,332130
BANKNIFTY-II.NFO,09/07/2024,09:46:42,52843.2,52833.3,15,52841,15,0,332130
BANKNIFTY-II.NFO,09/07/2024,09:46:44,52843.2,52833.3,15,52843.7,75,0,332130
BANKNIFTY-II.NFO,09/07/2024,09:46:45,52843.2,52833.35,75,52844.95,45,0,332130
BANKNIFTY-II.NFO,09/07/2024,09:46:47,52843.2,52833.3,15,52839.95,75,0,332130
BANKNIFTY-II.NFO,09/07/2024,09:46:49,52829.8,52827.5,60,52838.95,45,30,332130
BANKNIFTY-II.NFO,09/07/2024,09:46:50,52829.8,52829.1,60,52840,240,0,332130
BANKNIFTY-II.NFO,09/07/2024,09:46:52,52829.8,52829.55,60,52840,240,0,332130
BANKNIFTY-II.NFO,09/07/2024,09:46:54,52829.55,52829.8,60,52840.95,30,15,332130
BANKNIFTY-II.NFO,09/07/2024,09:46:55,52829.55,52829.6,60,52840.95,30,0,332130
BANKNIFTY-II.NFO,09/07/2024,09:46:57,52829.55,52829.3,60,52840,240,0,332130
BANKNIFTY-II.NFO,09/07/2024,09:46:59,52829.55,52831.25,60,52841,15,0,332130
BANKNIFTY-II.NFO,09/07/2024,09:47:00,52829.55,52828.4,60,52838.95,15,0,332130
BANKNIFTY-II.NFO,09/07/2024,09:47:02,52829.55,52829.25,60,52839.95,30,0,332130
BANKNIFTY-II.NFO,09/07/2024,09:47:04,52829.55,52829.6,60,52839.95,30,0,332130
BANKNIFTY-II.NFO,09/07/2024,09:47:05,52829.55,52828.9,60,52839.95,30,0,332130
BANKNIFTY-II.NFO,09/07/2024,09:47:07,52829.55,52835.15,60,52845,240,0,332130
BANKNIFTY-II.NFO,09/07/2024,09:47:09,52829.55,52834.25,60,52844.95,30,0,332130
BANKNIFTY-II.NFO,09/07/2024,09:47:10,52829.55,52833.9,60,52844.95,30,0,332130
BANKNIFTY-II.NFO,09/07/2024,09:47:12,52829.55,52830.4,60,52840.95,30,0,332130
BANKNIFTY-II.NFO,09/07/2024,09:47:14,52815,52808.45,60,52821.95,45,60,332130
BANKNIFTY-II.NFO,09/07/2024,09:47:15,52815,52817.25,15,52826,225,0,332130
BANKNIFTY-II.NFO,09/07/2024,09:47:17,52815,52820.05,30,52828.95,15,0,332130
BANKNIFTY-II.NFO,09/07/2024,09:47:19,52815,52820.75,60,52831.9,15,0,332130
BANKNIFTY-II.NFO,09/07/2024,09:47:20,52815,52826.6,30,52835.95,15,0,332130
BANKNIFTY-II.NFO,09/07/2024,09:47:22,52815,52818.1,60,52828.95,30,0,332130
BANKNIFTY-II.NFO,09/07/2024,09:47:24,52815,52822.75,30,52831.95,15,0,332130
BANKNIFTY-II.NFO,09/07/2024,09:47:26,52815,52817.9,30,52827.95,30,0,332130
BANKNIFTY-II.NFO,09/07/2024,09:47:27,52815,52820.65,30,52830.95,15,0,332130
BANKNIFTY-II.NFO,09/07/2024,09:47:29,52815,52821.5,30,52831.95,15,0,332130
BANKNIFTY-II.NFO,09/07/2024,09:47:31,52815,52815,15,52822.95,30,0,332130
BANKNIFTY-II.NFO,09/07/2024,09:47:32,52815,52815,15,52823.95,15,0,332130
BANKNIFTY-II.NFO,09/07/2024,09:47:34,52815,52805.6,30,52817.55,15,15,332130
BANKNIFTY-II.NFO,09/07/2024,09:47:36,52815,52805.05,60,52814.95,15,0,332130
BANKNIFTY-II.NFO,09/07/2024,09:47:37,52815,52807.45,60,52815,15,0,332130
BANKNIFTY-II.NFO,09/07/2024,09:47:39,52815,52807.2,30,52815,15,0,332130
BANKNIFTY-II.NFO,09/07/2024,09:47:40,52815,52808.05,15,52815,15,0,332130
BANKNIFTY-II.NFO,09/07/2024,09:47:42,52815,52807.2,30,52815,15,0,332130
BANKNIFTY-II.NFO,09/07/2024,09:47:44,52815,52810.45,30,52820.95,15,15,332130
BANKNIFTY-II.NFO,09/07/2024,09:47:45,52815,52806.4,60,52816.95,15,0,332130
BANKNIFTY-II.NFO,09/07/2024,09:47:47,52815,52805,15,52809.95,15,0,332130
BANKNIFTY-II.NFO,09/07/2024,09:47:49,52805,52800,105,52804.95,30,15,332130
BANKNIFTY-II.NFO,09/07/2024,09:47:50,52766.7,52758.15,45,52774.95,60,360,332130
BANKNIFTY-II.NFO,09/07/2024,09:47:52,52766.7,52778.15,30,52789.65,60,0,332130
BANKNIFTY-II.NFO,09/07/2024,09:47:54,52766.7,52788.5,15,52796.15,60,0,332130
BANKNIFTY-II.NFO,09/07/2024,09:47:55,52766.7,52784.5,30,52797.25,60,0,332130
BANKNIFTY-II.NFO,09/07/2024,09:47:57,52785.05,52785.8,30,52794.85,150,60,332130
BANKNIFTY-II.NFO,09/07/2024,09:47:59,52785.05,52781.4,15,52791.3,60,0,332130
BANKNIFTY-II.NFO,09/07/2024,09:48:00,52785.05,52783.35,45,52793.15,60,0,332130
BANKNIFTY-II.NFO,09/07/2024,09:48:02,52785.05,52785.45,15,52792.85,150,0,332130
BANKNIFTY-II.NFO,09/07/2024,09:48:04,52785.05,52790.25,30,52800.45,60,0,332130
BANKNIFTY-II.NFO,09/07/2024,09:48:05,52785.05,52790.15,15,52797.95,30,0,332130
BANKNIFTY-II.NFO,09/07/2024,09:48:07,52785.05,52783.3,45,52793.1,60,0,332130
BANKNIFTY-II.NFO,09/07/2024,09:48:09,52785.05,52789.95,45,52801.95,60,0,332130
BANKNIFTY-II.NFO,09/07/2024,09:48:10,52785.05,52789.35,45,52800.2,60,0,332130
BANKNIFTY-II.NFO,09/07/2024,09:48:12,52785.05,52790.3,30,52799.45,60,0,332130
BANKNIFTY-II.NFO,09/07/2024,09:48:14,52785.05,52789.9,45,52799.9,60,0,332130
BANKNIFTY-II.NFO,09/07/2024,09:48:15,52791.1,52793.05,30,52801.75,60,15,332130
BANKNIFTY-II.NFO,09/07/2024,09:48:17,52791.1,52793.3,45,52803.95,60,0,332130
BANKNIFTY-II.NFO,09/07/2024,09:48:19,52791.1,52798.5,45,52809.8,75,0,332130
BANKNIFTY-II.NFO,09/07/2024,09:48:20,52791.1,52793.65,45,52804.95,90,0,332130
BANKNIFTY-II.NFO,09/07/2024,09:48:22,52791.1,52786.85,45,52797.75,60,0,332130
BANKNIFTY-II.NFO,09/07/2024,09:48:24,52785.05,52774.45,45,52785.55,60,15,332130
BANKNIFTY-II.NFO,09/07/2024,09:48:25,52766.7,52766,45,52766.35,135,15,332130
BANKNIFTY-II.NFO,09/07/2024,09:48:27,52766,52758.4,45,52768.4,75,45,332220
BANKNIFTY-II.NFO,09/07/2024,09:48:29,52766,52754.4,60,52765.1,120,0,332220
BANKNIFTY-II.NFO,09/07/2024,09:48:30,52766,52754.1,45,52764.35,135,0,332220
BANKNIFTY-II.NFO,09/07/2024,09:48:32,52753.1,52753.1,315,52754.95,150,105,332220
BANKNIFTY-II.NFO,09/07/2024,09:48:34,52752.65,52745,30,52751.6,60,525,332220
BANKNIFTY-II.NFO,09/07/2024,09:48:35,52749.2,52747.95,60,52755.85,120,15,332220
BANKNIFTY-II.NFO,09/07/2024,09:48:35,52749.2,52747.95,60,52755.85,120,0,332220
BANKNIFTY-II.NFO,09/07/2024,09:48:37,52749.2,52751.95,60,52758.15,120,0,332220
BANKNIFTY-II.NFO,09/07/2024,09:48:39,52749.2,52749.2,15,52753.65,45,0,332220
BANKNIFTY-II.NFO,09/07/2024,09:48:40,52749.2,52745,30,52751.65,45,15,332220
BANKNIFTY-II.NFO,09/07/2024,09:48:42,52749.2,52745,30,52749.15,75,0,332220
BANKNIFTY-II.NFO,09/07/2024,09:48:43,52749.2,52745,30,52751.65,45,0,332220
BANKNIFTY-II.NFO,09/07/2024,09:48:45,52749.2,52758.05,15,52764,120,0,332220
BANKNIFTY-II.NFO,09/07/2024,09:48:47,52749.2,52756.1,60,52766.95,45,0,332220
BANKNIFTY-II.NFO,09/07/2024,09:48:48,52763.55,52757.3,15,52765.6,105,15,332220
BANKNIFTY-II.NFO,09/07/2024,09:48:50,52763.55,52751.85,60,52763.95,45,0,332220
BANKNIFTY-II.NFO,09/07/2024,09:48:52,52763.55,52751.75,75,52759.9,105,0,332220
BANKNIFTY-II.NFO,09/07/2024,09:48:53,52763.55,52755.3,60,52762.9,105,0,332220
BANKNIFTY-II.NFO,09/07/2024,09:48:55,52763.55,52753.25,60,52765.95,60,0,332220
BANKNIFTY-II.NFO,09/07/2024,09:48:57,52760.6,52753.3,60,52762.85,90,15,332220
BANKNIFTY-II.NFO,09/07/2024,09:48:58,52760.6,52760.05,15,52767.15,45,0,332220
BANKNIFTY-II.NFO,09/07/2024,09:49:00,52760.6,52754.7,60,52763.35,90,0,332220
BANKNIFTY-II.NFO,09/07/2024,09:49:01,52760.6,52754.65,45,52763.35,45,0,332220
BANKNIFTY-II.NFO,09/07/2024,09:49:03,52760.6,52752.05,15,52760,15,0,332220
BANKNIFTY-II.NFO,09/07/2024,09:49:05,52760.6,52754.15,60,52760,15,0,332220
BANKNIFTY-II.NFO,09/07/2024,09:49:06,52760.6,52756.7,15,52760,15,0,332220
BANKNIFTY-II.NFO,09/07/2024,09:49:08,52760.6,52754.6,60,52760,15,0,332220
BANKNIFTY-II.NFO,09/07/2024,09:49:10,52760.6,52754.2,75,52760,15,0,332220
BANKNIFTY-II.NFO,09/07/2024,09:49:11,52760.6,52753.9,60,52760,15,0,332220
BANKNIFTY-II.NFO,09/07/2024,09:49:13,52760.6,52751,60,52755.85,45,0,332220
BANKNIFTY-II.NFO,09/07/2024,09:49:15,52760.6,52751.3,60,52760,15,0,332220
BANKNIFTY-II.NFO,09/07/2024,09:49:16,52760.6,52751.4,60,52759.1,90,0,332220
BANKNIFTY-II.NFO,09/07/2024,09:49:18,52750,52750,15,52754.8,60,90,332220
BANKNIFTY-II.NFO,09/07/2024,09:49:20,52751,52741.6,30,52751.95,45,210,332220
BANKNIFTY-II.NFO,09/07/2024,09:49:20,52744.05,52741.6,30,52751.95,45,0,332220
BANKNIFTY-II.NFO,09/07/2024,09:49:21,52751,52742.8,30,52753.9,45,0,332220
BANKNIFTY-II.NFO,09/07/2024,09:49:23,52751,52743.75,30,52754.7,30,0,332220
BANKNIFTY-II.NFO,09/07/2024,09:49:25,52759.8,52749.85,30,52760,15,30,332220
BANKNIFTY-II.NFO,09/07/2024,09:49:26,52759.8,52751.3,30,52760,15,0,332220
BANKNIFTY-II.NFO,09/07/2024,09:49:28,52759.8,52756.8,60,52760,15,0,332220
BANKNIFTY-II.NFO,09/07/2024,09:49:30,52760,52759.7,45,52770.95,45,15,332220
BANKNIFTY-II.NFO,09/07/2024,09:49:31,52760,52763.55,15,52771.75,30,0,332220
BANKNIFTY-II.NFO,09/07/2024,09:49:33,52760,52763.55,15,52768,375,0,332220
BANKNIFTY-II.NFO,09/07/2024,09:49:35,52760,52763.55,15,52767.95,15,0,332220
BANKNIFTY-II.NFO,09/07/2024,09:49:36,52760,52763.55,15,52768,375,0,332220
BANKNIFTY-II.NFO,09/07/2024,09:49:38,52760,52763.55,15,52769,375,0,332220
BANKNIFTY-II.NFO,09/07/2024,09:49:40,52760,52763.6,30,52773.6,75,0,332220
BANKNIFTY-II.NFO,09/07/2024,09:49:41,52763.55,52758.45,30,52769.95,30,15,332220
BANKNIFTY-II.NFO,09/07/2024,09:49:43,52763.55,52752.2,60,52763.95,30,0,332220
BANKNIFTY-II.NFO,09/07/2024,09:49:45,52763.55,52756.6,30,52768.55,30,0,332220
BANKNIFTY-II.NFO,09/07/2024,09:49:46,52765.9,52752.95,30,52764,390,15,332220
BANKNIFTY-II.NFO,09/07/2024,09:49:48,52765.9,52753.8,30,52766,375,0,332220
BANKNIFTY-II.NFO,09/07/2024,09:49:50,52764,52757.65,60,52769,360,15,332220
BANKNIFTY-II.NFO,09/07/2024,09:49:51,52764,52756.7,90,52767.95,30,0,332220
BANKNIFTY-II.NFO,09/07/2024,09:49:53,52764,52765.9,15,52769,360,0,332220
BANKNIFTY-II.NFO,09/07/2024,09:49:54,52765.9,52753.65,30,52764.95,30,15,332220
BANKNIFTY-II.NFO,09/07/2024,09:49:56,52765.9,52756.25,30,52767.95,30,0,332220
BANKNIFTY-II.NFO,09/07/2024,09:49:58,52765.9,52756.3,60,52767.9,30,0,332220
BANKNIFTY-II.NFO,09/07/2024,09:49:59,52765.85,52753.85,30,52764,360,30,332220
BANKNIFTY-II.NFO,09/07/2024,09:50:01,52766,52755.35,60,52767,330,30,332220
BANKNIFTY-II.NFO,09/07/2024,09:50:03,52766,52755.05,75,52758.5,15,0,332220
BANKNIFTY-II.NFO,09/07/2024,09:50:04,52755.05,52754.05,60,52764.95,15,15,332220
BANKNIFTY-II.NFO,09/07/2024,09:50:06,52755.05,52757.65,60,52766,15,0,332220
BANKNIFTY-II.NFO,09/07/2024,09:50:08,52755.05,52759.75,45,52766,15,0,332220
BANKNIFTY-II.NFO,09/07/2024,09:50:09,52766,52763.7,60,52774,330,15,332220
BANKNIFTY-II.NFO,09/07/2024,09:50:11,52766,52763.25,60,52773,330,0,332220
BANKNIFTY-II.NFO,09/07/2024,09:50:13,52766,52766.1,75,52776.5,15,0,332220
BANKNIFTY-II.NFO,09/07/2024,09:50:14,52766,52768.3,60,52779.95,15,0,332220
BANKNIFTY-II.NFO,09/07/2024,09:50:16,52766,52772.15,60,52782.05,30,0,332220
BANKNIFTY-II.NFO,09/07/2024,09:50:18,52785.9,52772.1,75,52783,375,15,332220
BANKNIFTY-II.NFO,09/07/2024,09:50:19,52785.9,52769.55,75,52781,15,0,332220
BANKNIFTY-II.NFO,09/07/2024,09:50:21,52785.9,52768.7,60,52780.7,45,0,332220
BANKNIFTY-II.NFO,09/07/2024,09:50:22,52785.9,52767.25,75,52779,330,0,332220
BANKNIFTY-II.NFO,09/07/2024,09:50:24,52785.9,52773.9,75,52783.75,150,0,332220
BANKNIFTY-II.NFO,09/07/2024,09:50:26,52785.9,52776.2,75,52785.95,150,0,332220
BANKNIFTY-II.NFO,09/07/2024,09:50:27,52785.9,52775.2,60,52785.35,150,0,332220
BANKNIFTY-II.NFO,09/07/2024,09:50:29,52785.9,52768.8,60,52780,345,0,332220
BANKNIFTY-II.NFO,09/07/2024,09:50:31,52785.9,52767.65,75,52778.65,165,0,332220
BANKNIFTY-II.NFO,09/07/2024,09:50:32,52785.9,52769.55,75,52779.75,150,0,332220
BANKNIFTY-II.NFO,09/07/2024,09:50:34,52785.9,52770.9,105,52781.95,150,0,332220
BANKNIFTY-II.NFO,09/07/2024,09:50:36,52785.9,52773.45,75,52784.95,60,0,332220
BANKNIFTY-II.NFO,09/07/2024,09:50:37,52785.9,52774.55,45,52785.45,150,0,332220
BANKNIFTY-II.NFO,09/07/2024,09:50:39,52785.9,52771.4,60,52782.95,45,0,332220
BANKNIFTY-II.NFO,09/07/2024,09:50:41,52785.9,52770.85,60,52781.75,150,0,332220
BANKNIFTY-II.NFO,09/07/2024,09:50:42,52785.9,52771.1,75,52782.4,165,0,332220
BANKNIFTY-II.NFO,09/07/2024,09:50:44,52785.9,52773.3,60,52784.7,150,0,332220
BANKNIFTY-II.NFO,09/07/2024,09:50:46,52785.9,52776.05,60,52787.95,75,0,332220
BANKNIFTY-II.NFO,09/07/2024,09:50:47,52785.9,52777.65,90,52789.9,150,0,332220
BANKNIFTY-II.NFO,09/07/2024,09:50:49,52785.9,52774.25,60,52786.9,60,0,332220
BANKNIFTY-II.NFO,09/07/2024,09:50:51,52785.9,52774.4,75,52785.2,165,0,332220
BANKNIFTY-II.NFO,09/07/2024,09:50:52,52785.9,52774.25,60,52785,315,0,332220
BANKNIFTY-II.NFO,09/07/2024,09:50:54,52774.35,52774,60,52785.3,15,15,332220
BANKNIFTY-II.NFO,09/07/2024,09:50:56,52774.35,52766.05,60,52778.95,45,0,332220
BANKNIFTY-II.NFO,09/07/2024,09:50:57,52774.35,52767,60,52778.55,150,0,332220
BANKNIFTY-II.NFO,09/07/2024,09:50:59,52774.35,52768.15,60,52779.95,15,0,332220
BANKNIFTY-II.NFO,09/07/2024,09:51:01,52774.35,52771.25,60,52781,315,0,332220
BANKNIFTY-II.NFO,09/07/2024,09:51:02,52774.35,52777.4,60,52788.2,15,0,332220
BANKNIFTY-II.NFO,09/07/2024,09:51:04,52774.35,52775.2,75,52785.7,15,0,332220
BANKNIFTY-II.NFO,09/07/2024,09:51:06,52774.35,52776.8,75,52788.25,15,0,332220
BANKNIFTY-II.NFO,09/07/2024,09:51:07,52774.35,52774.6,75,52784.95,15,0,332220
BANKNIFTY-II.NFO,09/07/2024,09:51:09,52774.35,52776.4,60,52787.2,15,0,332220
BANKNIFTY-II.NFO,09/07/2024,09:51:11,52787.2,52778.15,60,52789.35,150,15,332220
BANKNIFTY-II.NFO,09/07/2024,09:51:12,52787.2,52773.55,60,52784,315,0,332220
BANKNIFTY-II.NFO,09/07/2024,09:51:14,52787.2,52773.3,60,52785,315,0,332220
BANKNIFTY-II.NFO,09/07/2024,09:51:16,52787.2,52776.65,75,52787.5,150,0,332220
BANKNIFTY-II.NFO,09/07/2024,09:51:17,52787.2,52779.5,105,52790.35,150,0,332220
BANKNIFTY-II.NFO,09/07/2024,09:51:19,52787.2,52775.55,75,52787,360,0,332220
BANKNIFTY-II.NFO,09/07/2024,09:51:21,52787.2,52771.2,75,52784,360,0,332220
BANKNIFTY-II.NFO,09/07/2024,09:51:22,52787.2,52765.95,60,52776.5,165,0,332220
BANKNIFTY-II.NFO,09/07/2024,09:51:24,52787.2,52765.9,15,52772.5,75,0,332220
BANKNIFTY-II.NFO,09/07/2024,09:51:26,52765.9,52755,60,52760.6,150,15,331995
BANKNIFTY-II.NFO,09/07/2024,09:51:27,52750,52740.05,15,52754.55,75,165,331995
BANKNIFTY-II.NFO,09/07/2024,09:51:29,52750,52740.05,60,52750.2,150,0,331995
BANKNIFTY-II.NFO,09/07/2024,09:51:31,52750,52747.75,30,52755.6,150,0,331995
BANKNIFTY-II.NFO,09/07/2024,09:51:32,52750,52751.3,45,52764,315,0,331995
BANKNIFTY-II.NFO,09/07/2024,09:51:34,52750,52750.25,45,52759.95,15,0,331995
