Ticker,Date,Time,LTP,BuyPrice,BuyQty,SellPrice,SellQty,LTQ,OpenInterest
NIFTY-III.NFO,09/07/2024,09:15:16,24618,24620.95,100,24632.55,100,50,188450
NIFTY-III.NFO,09/07/2024,09:15:16,24620.85,24620.95,100,24632.55,100,0,188450
NIFTY-III.NFO,09/07/2024,09:15:16,24620.85,24620.95,100,24632.55,100,0,188450
NIFTY-III.NFO,09/07/2024,09:15:16,24618,24620.95,100,24632.55,100,0,188450
NIFTY-III.NFO,09/07/2024,09:15:17,24620.85,24623.65,100,24636.65,100,0,188450
NIFTY-III.NFO,09/07/2024,09:15:19,24620.85,24624.8,100,24637.35,100,0,188450
NIFTY-III.NFO,09/07/2024,09:15:20,24620.85,24625.65,100,24637.95,100,0,188450
NIFTY-III.NFO,09/07/2024,09:15:22,24620.85,24626.85,100,24634.45,50,0,188450
NIFTY-III.NFO,09/07/2024,09:15:23,24628.25,24626.05,75,24634.4,100,25,188450
NIFTY-III.NFO,09/07/2024,09:15:23,24628.25,24626.05,75,24634.4,100,0,188450
NIFTY-III.NFO,09/07/2024,09:15:25,24628.25,24625.5,75,24634.4,100,0,188450
NIFTY-III.NFO,09/07/2024,09:15:27,24628.25,24624.65,75,24634.4,100,0,188450
NIFTY-III.NFO,09/07/2024,09:15:28,24628.25,24621.45,75,24634.4,100,0,188450
NIFTY-III.NFO,09/07/2024,09:15:30,24628.25,24628.25,50,24632.7,100,0,188450
NIFTY-III.NFO,09/07/2024,09:15:31,24628.25,24628.25,25,24634.4,100,25,188450
NIFTY-III.NFO,09/07/2024,09:15:33,24628.25,24628.25,50,24631.45,100,0,188450
NIFTY-III.NFO,09/07/2024,09:15:34,24628.25,24628.25,50,24631.25,100,0,188450
NIFTY-III.NFO,09/07/2024,09:15:36,24628.25,24628.3,150,24634.15,175,0,188450
NIFTY-III.NFO,09/07/2024,09:15:38,24628.25,24628.3,150,24634.4,100,0,188450
NIFTY-III.NFO,09/07/2024,09:15:39,24628.3,24628.3,75,24634.4,175,75,188450
NIFTY-III.NFO,09/07/2024,09:15:39,24628.3,24628.3,75,24634.4,175,0,188450
NIFTY-III.NFO,09/07/2024,09:15:41,24628.3,24630,25,24635.7,100,0,188450
NIFTY-III.NFO,09/07/2024,09:15:42,24628.3,24630,100,24637.25,175,0,188450
NIFTY-III.NFO,09/07/2024,09:15:47,24637.95,24630.05,100,24639.45,100,100,188450
NIFTY-III.NFO,09/07/2024,09:15:47,24637.95,24630.05,100,24639.45,100,0,188450
NIFTY-III.NFO,09/07/2024,09:15:48,24637.95,24633.5,100,24639.95,100,0,188450
NIFTY-III.NFO,09/07/2024,09:15:50,24637.95,24631.75,175,24639.95,175,0,188450
NIFTY-III.NFO,09/07/2024,09:15:51,24637.95,24634.4,100,24639.95,100,0,188450
NIFTY-III.NFO,09/07/2024,09:15:53,24637.95,24634.45,100,24639.95,100,0,188450
NIFTY-III.NFO,09/07/2024,09:15:54,24634.45,24634.95,75,24639.95,100,50,188450
NIFTY-III.NFO,09/07/2024,09:15:56,24634.45,24635.2,50,24639.95,100,0,188450
NIFTY-III.NFO,09/07/2024,09:15:57,24634.45,24637.95,25,24640,75,0,188450
NIFTY-III.NFO,09/07/2024,09:15:59,24634.45,24637.95,100,24640,100,0,188450
NIFTY-III.NFO,09/07/2024,09:16:00,24637.95,24635.2,50,24639.95,100,25,188450
NIFTY-III.NFO,09/07/2024,09:16:02,24637.95,24633.4,50,24639.95,175,0,188450
NIFTY-III.NFO,09/07/2024,09:16:04,24637.95,24636.2,100,24637.95,25,0,188450
NIFTY-III.NFO,09/07/2024,09:16:05,24637.95,24635.8,50,24637.95,25,0,188450
NIFTY-III.NFO,09/07/2024,09:16:07,24637.95,24634.5,50,24637.95,25,0,188450
NIFTY-III.NFO,09/07/2024,09:16:08,24637.95,24637.95,450,24639.95,175,100,188450
NIFTY-III.NFO,09/07/2024,09:16:10,24637.95,24637.95,425,24639.95,100,25,188450
NIFTY-III.NFO,09/07/2024,09:16:11,24637.95,24637.95,425,24640,100,0,188450
NIFTY-III.NFO,09/07/2024,09:16:13,24637.95,24637.95,425,24639.95,175,0,188450
NIFTY-III.NFO,09/07/2024,09:16:18,24637.95,24637.95,425,24640,100,0,188450
NIFTY-III.NFO,09/07/2024,09:16:25,24637.95,24638,125,24640,125,0,188450
NIFTY-III.NFO,09/07/2024,09:16:27,24640,24637.95,500,24640,100,75,188450
NIFTY-III.NFO,09/07/2024,09:16:27,24640,24637.95,500,24640,100,0,188450
NIFTY-III.NFO,09/07/2024,09:16:29,24640,24640,300,24640.9,150,125,188450
NIFTY-III.NFO,09/07/2024,09:16:30,24640,24640,300,24640.9,150,0,188450
NIFTY-III.NFO,09/07/2024,09:16:32,24640,24640,375,24640.9,150,0,188450
NIFTY-III.NFO,09/07/2024,09:16:35,24640,24640,325,24644.95,100,200,188450
NIFTY-III.NFO,09/07/2024,09:16:35,24640.9,24640,325,24644.95,100,0,188450
NIFTY-III.NFO,09/07/2024,09:16:36,24640,24640,325,24644.95,100,0,188450
NIFTY-III.NFO,09/07/2024,09:16:40,24640,24640,325,24644.95,25,0,188450
NIFTY-III.NFO,09/07/2024,09:16:41,24640,24640.75,75,24644.95,25,0,188450
NIFTY-III.NFO,09/07/2024,09:16:43,24640,24641,100,24644.95,25,0,188450
NIFTY-III.NFO,09/07/2024,09:16:44,24640,24642.4,75,24644.95,25,0,188450
NIFTY-III.NFO,09/07/2024,09:16:46,24640,24641.6,100,24644.95,25,0,188450
NIFTY-III.NFO,09/07/2024,09:16:47,24640,24640,425,24644.95,25,0,188450
NIFTY-III.NFO,09/07/2024,09:16:49,24640,24640.25,100,24644.95,25,0,188450
NIFTY-III.NFO,09/07/2024,09:16:50,24640.25,24640.25,50,24644.95,25,25,188450
NIFTY-III.NFO,09/07/2024,09:16:52,24640.25,24641,75,24644.95,25,0,188450
NIFTY-III.NFO,09/07/2024,09:16:53,24641,24641,50,24644.95,25,25,188450
NIFTY-III.NFO,09/07/2024,09:16:53,24641,24641,50,24644.95,25,0,188450
NIFTY-III.NFO,09/07/2024,09:16:55,24641,24640,350,24644.95,100,0,188450
NIFTY-III.NFO,09/07/2024,09:16:56,24640,24640,375,24644.95,25,50,188450
NIFTY-III.NFO,09/07/2024,09:16:58,24640,24640,375,24644.95,25,0,188450
NIFTY-III.NFO,09/07/2024,09:16:59,24640.4,24642,200,24644.95,25,50,188450
NIFTY-III.NFO,09/07/2024,09:17:01,24640.4,24642,200,24644.95,25,0,188450
NIFTY-III.NFO,09/07/2024,09:17:02,24640.4,24642,200,24644.9,175,0,188450
NIFTY-III.NFO,09/07/2024,09:17:04,24640.4,24642,300,24644.9,175,0,188450
NIFTY-III.NFO,09/07/2024,09:17:07,24644.9,24642,300,24644.9,175,25,188450
NIFTY-III.NFO,09/07/2024,09:17:07,24644.9,24642,300,24644.9,175,0,188450
NIFTY-III.NFO,09/07/2024,09:17:09,24644.9,24642,300,24644.95,25,0,188450
NIFTY-III.NFO,09/07/2024,09:17:10,24642,24642,275,24644.9,175,25,188450
NIFTY-III.NFO,09/07/2024,09:17:12,24642,24642,275,24644.9,175,0,188450
NIFTY-III.NFO,09/07/2024,09:17:15,24644.7,24642,75,24644.7,50,225,188450
NIFTY-III.NFO,09/07/2024,09:17:16,24644.7,24642,75,24644.7,300,0,188450
NIFTY-III.NFO,09/07/2024,09:17:18,24644,24635.65,175,24644.7,375,75,188450
NIFTY-III.NFO,09/07/2024,09:17:19,24635.05,24635.7,175,24643.95,75,25,188450
NIFTY-III.NFO,09/07/2024,09:17:21,24635.05,24635.7,175,24643.85,150,0,188450
NIFTY-III.NFO,09/07/2024,09:17:24,24635.05,24634.5,175,24642.75,75,0,188450
NIFTY-III.NFO,09/07/2024,09:17:25,24634.5,24634.5,175,24641.3,100,25,188450
NIFTY-III.NFO,09/07/2024,09:17:27,24634.5,24634.7,100,24641.3,100,0,188450
NIFTY-III.NFO,09/07/2024,09:17:28,24635.05,24635.05,50,24642.75,100,50,188450
NIFTY-III.NFO,09/07/2024,09:17:30,24635.05,24635.05,75,24642.75,100,0,188450
NIFTY-III.NFO,09/07/2024,09:17:31,24635,24634.65,75,24642.75,100,300,188450
NIFTY-III.NFO,09/07/2024,09:17:33,24635,24634.65,75,24642.75,100,0,188450
NIFTY-III.NFO,09/07/2024,09:17:34,24635,24634.5,75,24642.55,350,0,188450
NIFTY-III.NFO,09/07/2024,09:17:36,24635,24635.3,75,24642.55,100,0,188450
NIFTY-III.NFO,09/07/2024,09:17:39,24635,24635.3,75,24642.45,175,0,188450
NIFTY-III.NFO,09/07/2024,09:17:41,24635,24636.65,150,24643.8,100,0,188450
NIFTY-III.NFO,09/07/2024,09:17:42,24635,24637.1,150,24644.4,175,0,188450
NIFTY-III.NFO,09/07/2024,09:17:44,24635,24636.65,75,24643.9,100,0,188450
NIFTY-III.NFO,09/07/2024,09:17:46,24635,24634.65,75,24643.1,100,0,188450
NIFTY-III.NFO,09/07/2024,09:17:47,24633.4,24633.4,50,24642.05,100,25,188450
NIFTY-III.NFO,09/07/2024,09:17:49,24633.4,24633.4,50,24642.05,100,0,188450
NIFTY-III.NFO,09/07/2024,09:17:51,24633.4,24631.95,75,24641.2,100,0,188450
NIFTY-III.NFO,09/07/2024,09:17:52,24641.2,24633.25,100,24641.2,100,100,188450
NIFTY-III.NFO,09/07/2024,09:17:54,24641.2,24635.05,100,24643.1,100,0,188450
NIFTY-III.NFO,09/07/2024,09:17:56,24641.2,24635.05,100,24642.9,100,0,188450
NIFTY-III.NFO,09/07/2024,09:17:59,24641.2,24634.3,100,24641.65,100,0,188450
NIFTY-III.NFO,09/07/2024,09:18:01,24641.2,24633.45,175,24640.95,100,0,188450
NIFTY-III.NFO,09/07/2024,09:18:06,24640.95,24633.45,175,24640.95,75,25,188450
NIFTY-III.NFO,09/07/2024,09:18:07,24640.95,24633.45,175,24640.95,75,0,188450
NIFTY-III.NFO,09/07/2024,09:18:09,24640.95,24634.05,100,24641.15,150,0,188450
NIFTY-III.NFO,09/07/2024,09:18:11,24640.95,24633.4,100,24640,75,0,188450
NIFTY-III.NFO,09/07/2024,09:18:12,24640.95,24633.45,100,24640,100,0,188450
NIFTY-III.NFO,09/07/2024,09:18:14,24640,24633.45,100,24640,75,25,188450
NIFTY-III.NFO,09/07/2024,09:18:16,24640,24633.45,100,24640,75,0,188450
NIFTY-III.NFO,09/07/2024,09:18:17,24640,24634,100,24639.95,50,0,188450
NIFTY-III.NFO,09/07/2024,09:18:19,24640,24634.25,100,24639.95,50,0,188450
NIFTY-III.NFO,09/07/2024,09:18:21,24640,24634.25,100,24640,25,0,188450
NIFTY-III.NFO,09/07/2024,09:18:22,24640,24633.45,100,24639.95,125,0,188450
NIFTY-III.NFO,09/07/2024,09:18:24,24640,24633.45,100,24639.95,50,0,188450
NIFTY-III.NFO,09/07/2024,09:18:26,24640,24633.95,100,24639.95,125,0,188450
NIFTY-III.NFO,09/07/2024,09:18:29,24640,24633.95,100,24639.9,100,0,188450
NIFTY-III.NFO,09/07/2024,09:18:31,24640,24634.6,175,24639.9,25,0,188450
NIFTY-III.NFO,09/07/2024,09:18:32,24640,24635.4,100,24639.9,25,0,188450
NIFTY-III.NFO,09/07/2024,09:18:34,24640,24636.7,100,24639.9,25,0,188450
NIFTY-III.NFO,09/07/2024,09:18:36,24636.7,24636.7,100,24639.9,25,25,189150
NIFTY-III.NFO,09/07/2024,09:18:37,24639.9,24638,100,24640,150,25,189150
NIFTY-III.NFO,09/07/2024,09:18:39,24639.9,24638,100,24640,150,0,189150
NIFTY-III.NFO,09/07/2024,09:18:40,24639.9,24637.4,175,24640,150,0,189150
NIFTY-III.NFO,09/07/2024,09:18:42,24640,24637.4,100,24640,100,50,189150
NIFTY-III.NFO,09/07/2024,09:18:44,24640,24638.05,100,24640,150,0,189150
NIFTY-III.NFO,09/07/2024,09:18:45,24640,24638.05,175,24640,150,0,189150
NIFTY-III.NFO,09/07/2024,09:18:47,24640,24636.8,175,24640,150,0,189150
NIFTY-III.NFO,09/07/2024,09:18:52,24640,24636.8,100,24640,150,0,189150
NIFTY-III.NFO,09/07/2024,09:18:53,24640,24639.9,50,24640,150,0,189150
NIFTY-III.NFO,09/07/2024,09:18:55,24639.9,24634.95,100,24639.95,150,50,189150
NIFTY-III.NFO,09/07/2024,09:18:57,24639.9,24634.3,100,24639.95,150,0,189150
NIFTY-III.NFO,09/07/2024,09:18:58,24639.9,24635.95,100,24640,150,0,189150
NIFTY-III.NFO,09/07/2024,09:19:00,24639.9,24635,100,24639.95,150,0,189150
NIFTY-III.NFO,09/07/2024,09:19:01,24639.9,24634.5,100,24639.95,150,0,189150
NIFTY-III.NFO,09/07/2024,09:19:03,24639.9,24635.15,175,24639.95,75,0,189150
NIFTY-III.NFO,09/07/2024,09:19:05,24639.9,24633.4,25,24639.95,150,0,189150
NIFTY-III.NFO,09/07/2024,09:19:06,24639.9,24633.4,25,24638.75,75,0,189150
NIFTY-III.NFO,09/07/2024,09:19:08,24638.75,24633.45,100,24634,50,50,189150
NIFTY-III.NFO,09/07/2024,09:19:09,24634,24634.2,175,24639.9,25,50,189150
NIFTY-III.NFO,09/07/2024,09:19:11,24634,24638.75,100,24639,25,0,189150
NIFTY-III.NFO,09/07/2024,09:19:18,24639,24638.85,25,24639.45,50,25,189150
NIFTY-III.NFO,09/07/2024,09:19:19,24639,24638.85,100,24639.45,50,0,189150
NIFTY-III.NFO,09/07/2024,09:19:21,24639.45,24639.1,175,24640,175,50,189150
NIFTY-III.NFO,09/07/2024,09:19:23,24639.45,24638.8,100,24640,175,0,189150
NIFTY-III.NFO,09/07/2024,09:19:24,24640,24639.95,175,24641,50,175,189150
NIFTY-III.NFO,09/07/2024,09:19:26,24640,24639.95,100,24641,50,0,189150
NIFTY-III.NFO,09/07/2024,09:19:27,24640,24639.2,175,24641,50,0,189150
NIFTY-III.NFO,09/07/2024,09:19:29,24640,24640.8,175,24641,50,0,189150
NIFTY-III.NFO,09/07/2024,09:19:31,24641,24640.8,175,24641.2,25,50,189150
NIFTY-III.NFO,09/07/2024,09:19:32,24641.2,24642.5,150,24644.95,25,25,189150
NIFTY-III.NFO,09/07/2024,09:19:34,24641.2,24643.3,150,24644.95,25,0,189150
NIFTY-III.NFO,09/07/2024,09:19:35,24644.95,24644.35,75,24645,25,25,189150
NIFTY-III.NFO,09/07/2024,09:19:35,24644.95,24644.35,75,24645,25,0,189150
NIFTY-III.NFO,09/07/2024,09:19:37,24644.95,24643.4,75,24645,25,0,189150
NIFTY-III.NFO,09/07/2024,09:19:39,24644.95,24643.45,150,24644,25,0,189150
NIFTY-III.NFO,09/07/2024,09:19:41,24644,24644.05,125,24645,25,25,189150
NIFTY-III.NFO,09/07/2024,09:19:43,24644,24644.05,50,24644.95,25,0,189150
NIFTY-III.NFO,09/07/2024,09:19:46,24645,24645,50,24646,900,75,189150
NIFTY-III.NFO,09/07/2024,09:19:46,24645,24645,50,24646,900,0,189150
NIFTY-III.NFO,09/07/2024,09:19:47,24645,24645,25,24646,900,25,189150
NIFTY-III.NFO,09/07/2024,09:19:49,24645,24645,25,24646,900,0,189150
NIFTY-III.NFO,09/07/2024,09:19:51,24645,24644.7,25,24645,25,25,189150
NIFTY-III.NFO,09/07/2024,09:19:52,24645,24644.7,25,24646,900,25,189150
NIFTY-III.NFO,09/07/2024,09:19:54,24645,24644.7,25,24646,900,0,189150
NIFTY-III.NFO,09/07/2024,09:19:56,24645,24644.55,25,24645,25,0,189150
NIFTY-III.NFO,09/07/2024,09:19:59,24645,24643.8,25,24645,25,0,189150
NIFTY-III.NFO,09/07/2024,09:20:01,24645,24642.6,25,24645,25,0,189150
NIFTY-III.NFO,09/07/2024,09:20:02,24645,24642.95,225,24646,900,25,189150
NIFTY-III.NFO,09/07/2024,09:20:04,24645,24643.1,100,24646,900,0,189150
NIFTY-III.NFO,09/07/2024,09:20:06,24645,24641.95,100,24646,900,0,189150
NIFTY-III.NFO,09/07/2024,09:20:07,24645,24640.75,75,24645.95,100,0,189150
NIFTY-III.NFO,09/07/2024,09:20:09,24645,24640.2,75,24645.95,175,0,189150
NIFTY-III.NFO,09/07/2024,09:20:11,24645,24642.5,100,24646,900,0,189150
NIFTY-III.NFO,09/07/2024,09:20:12,24645,24641.95,100,24645,25,0,189150
NIFTY-III.NFO,09/07/2024,09:20:14,24645,24641.85,25,24645,25,0,189150
NIFTY-III.NFO,09/07/2024,09:20:16,24640,24640,25,24644,325,100,189150
NIFTY-III.NFO,09/07/2024,09:20:17,24644,24640,25,24644,200,50,189150
NIFTY-III.NFO,09/07/2024,09:20:19,24640.4,24640.6,125,24644,150,75,189150
NIFTY-III.NFO,09/07/2024,09:20:21,24640.4,24640.5,125,24644,150,0,189150
NIFTY-III.NFO,09/07/2024,09:20:22,24640.4,24640,150,24644,225,0,189150
NIFTY-III.NFO,09/07/2024,09:20:24,24640.4,24640,25,24644,150,0,189150
NIFTY-III.NFO,09/07/2024,09:20:25,24640.7,24640.7,100,24644,150,25,189150
NIFTY-III.NFO,09/07/2024,09:20:27,24640,24639.95,275,24640,175,25,189150
NIFTY-III.NFO,09/07/2024,09:20:29,24640,24639.45,100,24640,175,0,189150
NIFTY-III.NFO,09/07/2024,09:20:30,24640,24639.25,100,24643.95,100,0,189150
NIFTY-III.NFO,09/07/2024,09:20:32,24640,24640,50,24643.95,175,0,189150
NIFTY-III.NFO,09/07/2024,09:20:34,24643.55,24640,50,24643.95,175,100,189150
NIFTY-III.NFO,09/07/2024,09:20:35,24643.55,24640,50,24643.95,175,0,189150
NIFTY-III.NFO,09/07/2024,09:20:37,24643.55,24640,50,24643.95,100,0,189150
NIFTY-III.NFO,09/07/2024,09:20:40,24640,24639.95,25,24644,150,50,189150
NIFTY-III.NFO,09/07/2024,09:20:42,24640,24639.95,25,24643.95,100,0,189150
NIFTY-III.NFO,09/07/2024,09:20:43,24638.6,24638.2,250,24643.95,175,75,189150
NIFTY-III.NFO,09/07/2024,09:20:45,24638.6,24637.6,250,24643.95,175,0,189150
NIFTY-III.NFO,09/07/2024,09:20:47,24638.6,24636.95,75,24643.5,100,0,189150
NIFTY-III.NFO,09/07/2024,09:20:51,24643.5,24635.3,175,24640,50,100,189150
NIFTY-III.NFO,09/07/2024,09:20:53,24643.5,24635.65,175,24640,50,0,189150
NIFTY-III.NFO,09/07/2024,09:20:56,24643.5,24635.05,100,24639.95,175,0,189150
NIFTY-III.NFO,09/07/2024,09:20:58,24643.5,24637.05,100,24640,50,0,189150
NIFTY-III.NFO,09/07/2024,09:20:59,24637.7,24637.65,500,24640,50,100,189150
NIFTY-III.NFO,09/07/2024,09:21:01,24637.7,24638.55,500,24640,50,0,189150
NIFTY-III.NFO,09/07/2024,09:21:03,24637.7,24637.3,500,24640,50,0,189150
NIFTY-III.NFO,09/07/2024,09:21:06,24637.95,24637.2,500,24640,50,500,189150
NIFTY-III.NFO,09/07/2024,09:21:08,24637.95,24637.2,500,24640,50,0,189150
NIFTY-III.NFO,09/07/2024,09:21:11,24637.95,24637.85,500,24640,75,0,189150
NIFTY-III.NFO,09/07/2024,09:21:12,24637.95,24637.1,500,24640,75,0,189150
NIFTY-III.NFO,09/07/2024,09:21:17,24637.95,24636.4,500,24640,75,0,189150
NIFTY-III.NFO,09/07/2024,09:21:19,24637.95,24637.05,500,24640,75,0,189150
NIFTY-III.NFO,09/07/2024,09:21:20,24637.95,24637.05,575,24640,75,0,189150
NIFTY-III.NFO,09/07/2024,09:21:22,24637.95,24637.35,25,24638,25,0,189150
NIFTY-III.NFO,09/07/2024,09:21:23,24637.95,24637.85,500,24638,25,0,189150
NIFTY-III.NFO,09/07/2024,09:21:25,24638,24638.55,475,24640,75,25,189200
NIFTY-III.NFO,09/07/2024,09:21:26,24638,24637.85,475,24640,75,0,189200
NIFTY-III.NFO,09/07/2024,09:21:28,24638,24637.6,25,24640,75,0,189200
NIFTY-III.NFO,09/07/2024,09:21:30,24638,24637.3,475,24640,100,0,189200
NIFTY-III.NFO,09/07/2024,09:21:31,24638,24636.6,475,24640,100,0,189200
NIFTY-III.NFO,09/07/2024,09:21:33,24638,24637.3,475,24640,100,0,189200
NIFTY-III.NFO,09/07/2024,09:21:34,24638,24636.9,475,24640,100,0,189200
NIFTY-III.NFO,09/07/2024,09:21:36,24638,24636.15,475,24640,100,0,189200
NIFTY-III.NFO,09/07/2024,09:21:38,24638,24634.6,475,24638,200,0,189200
NIFTY-III.NFO,09/07/2024,09:21:39,24638,24635.25,475,24638,250,0,189200
NIFTY-III.NFO,09/07/2024,09:21:41,24638,24633.45,475,24637.95,175,0,189200
NIFTY-III.NFO,09/07/2024,09:21:42,24638,24633.75,100,24638,250,0,189200
NIFTY-III.NFO,09/07/2024,09:21:44,24638,24634.45,550,24638,250,0,189200
NIFTY-III.NFO,09/07/2024,09:21:46,24638,24635.15,475,24638,250,0,189200
NIFTY-III.NFO,09/07/2024,09:21:47,24638,24635.2,475,24638,250,0,189200
NIFTY-III.NFO,09/07/2024,09:21:49,24638,24635.85,475,24638,250,0,189200
NIFTY-III.NFO,09/07/2024,09:21:51,24638,24635.85,475,24636,200,0,189200
NIFTY-III.NFO,09/07/2024,09:21:52,24636,24636,275,24638,50,200,189200
NIFTY-III.NFO,09/07/2024,09:21:54,24636,24636.25,225,24638,50,50,189200
NIFTY-III.NFO,09/07/2024,09:21:55,24636,24636.95,250,24638,50,0,189200
NIFTY-III.NFO,09/07/2024,09:21:57,24636,24637.55,225,24638,50,0,189200
NIFTY-III.NFO,09/07/2024,09:22:00,24638,24639.4,175,24640,50,50,189200
NIFTY-III.NFO,09/07/2024,09:22:02,24638,24639.4,175,24640,50,0,189200
NIFTY-III.NFO,09/07/2024,09:22:04,24638.05,24638.2,75,24640,50,100,189200
NIFTY-III.NFO,09/07/2024,09:22:05,24639.15,24639.6,50,24640,50,25,189200
NIFTY-III.NFO,09/07/2024,09:22:07,24639.15,24639.6,50,24640,50,0,189200
NIFTY-III.NFO,09/07/2024,09:22:09,24639.15,24638.95,50,24640,50,0,189200
NIFTY-III.NFO,09/07/2024,09:22:10,24638.5,24638.05,25,24640,50,25,189200
NIFTY-III.NFO,09/07/2024,09:22:12,24638.95,24639.55,75,24640,50,150,189200
NIFTY-III.NFO,09/07/2024,09:22:13,24639.55,24639.15,50,24640,50,25,189200
NIFTY-III.NFO,09/07/2024,09:22:15,24639.6,24638.45,50,24640,50,25,189200
NIFTY-III.NFO,09/07/2024,09:22:17,24639.6,24638.95,25,24640,50,0,189200
NIFTY-III.NFO,09/07/2024,09:22:22,24639.6,24638.95,25,24639,25,0,189200
NIFTY-III.NFO,09/07/2024,09:22:23,24638.95,24638.1,50,24640,50,25,189200
NIFTY-III.NFO,09/07/2024,09:22:25,24638.95,24637.5,50,24640,50,0,189200
NIFTY-III.NFO,09/07/2024,09:22:27,24638.95,24636.6,250,24640,50,0,189200
NIFTY-III.NFO,09/07/2024,09:22:28,24638.95,24636.25,50,24640,125,0,189200
NIFTY-III.NFO,09/07/2024,09:22:31,24639,24637.9,250,24639,200,25,189200
NIFTY-III.NFO,09/07/2024,09:22:33,24639,24637.7,250,24639,200,0,189200
NIFTY-III.NFO,09/07/2024,09:22:35,24639,24636.9,250,24639,200,0,189200
NIFTY-III.NFO,09/07/2024,09:22:36,24636.55,24635.35,25,24639,200,25,189200
NIFTY-III.NFO,09/07/2024,09:22:38,24636.55,24635.7,250,24639,200,0,189200
NIFTY-III.NFO,09/07/2024,09:22:40,24636.55,24637.2,250,24639,200,0,189200
NIFTY-III.NFO,09/07/2024,09:22:42,24636.55,24636.05,25,24639,200,0,189200
NIFTY-III.NFO,09/07/2024,09:22:44,24637,24637,50,24640,75,200,189200
NIFTY-III.NFO,09/07/2024,09:22:45,24637,24637,50,24640,75,0,189200
NIFTY-III.NFO,09/07/2024,09:22:47,24637,24636.05,25,24637,150,0,189200
NIFTY-III.NFO,09/07/2024,09:22:52,24637,24636.25,25,24637,150,0,189200
NIFTY-III.NFO,09/07/2024,09:22:54,24637,24636.55,250,24637,150,0,189200
NIFTY-III.NFO,09/07/2024,09:22:55,24637,24636.75,100,24640,75,150,189200
NIFTY-III.NFO,09/07/2024,09:22:57,24637,24637,25,24640,75,0,189200
NIFTY-III.NFO,09/07/2024,09:22:58,24637,24637,125,24640,75,0,189200
NIFTY-III.NFO,09/07/2024,09:23:00,24637,24637.1,100,24640,75,0,189200
NIFTY-III.NFO,09/07/2024,09:23:03,24637,24637.4,25,24640,75,0,189200
NIFTY-III.NFO,09/07/2024,09:23:05,24637,24636.85,100,24640,75,0,189200
NIFTY-III.NFO,09/07/2024,09:23:07,24637,24637.85,175,24640,75,0,189200
NIFTY-III.NFO,09/07/2024,09:23:08,24637,24637.8,25,24640,75,0,189200
NIFTY-III.NFO,09/07/2024,09:23:10,24637.4,24637.4,125,24640,50,100,189200
NIFTY-III.NFO,09/07/2024,09:23:12,24637.4,24637.55,325,24640,50,0,189200
NIFTY-III.NFO,09/07/2024,09:23:13,24637.4,24637.25,250,24640,50,0,189200
NIFTY-III.NFO,09/07/2024,09:23:15,24637.4,24636.8,125,24640,50,0,189200
NIFTY-III.NFO,09/07/2024,09:23:17,24637.4,24637.3,250,24640,50,0,189200
NIFTY-III.NFO,09/07/2024,09:23:18,24637.4,24637.6,125,24640,50,0,189200
NIFTY-III.NFO,09/07/2024,09:23:20,24637.4,24637,125,24639.7,250,0,189200
NIFTY-III.NFO,09/07/2024,09:23:22,24639.7,24636.45,250,24639.7,225,25,189200
NIFTY-III.NFO,09/07/2024,09:23:23,24639.7,24635,25,24639.65,175,0,189200
NIFTY-III.NFO,09/07/2024,09:23:27,24639.7,24635.6,250,24639.7,225,0,189200
NIFTY-III.NFO,09/07/2024,09:23:28,24639.7,24636.35,250,24639.7,225,0,189200
NIFTY-III.NFO,09/07/2024,09:23:30,24639.7,24636.6,125,24639.7,225,0,189200
NIFTY-III.NFO,09/07/2024,09:23:31,24639.7,24635,25,24639.65,175,0,189200
NIFTY-III.NFO,09/07/2024,09:23:35,24639.7,24635.2,125,24639.65,100,0,189200
NIFTY-III.NFO,09/07/2024,09:23:36,24639.7,24635.8,250,24639.7,225,0,189200
NIFTY-III.NFO,09/07/2024,09:23:38,24639.7,24635.8,125,24639.7,225,0,189200
NIFTY-III.NFO,09/07/2024,09:23:40,24639.7,24636.05,250,24639.7,225,0,189200
NIFTY-III.NFO,09/07/2024,09:23:41,24639.7,24637,325,24639.7,225,0,189200
NIFTY-III.NFO,09/07/2024,09:23:43,24636.05,24637.7,125,24639.7,225,700,189200
NIFTY-III.NFO,09/07/2024,09:23:44,24636.05,24638.9,125,24639.7,250,0,189200
NIFTY-III.NFO,09/07/2024,09:23:46,24639.7,24638.6,25,24639.7,125,125,189200
NIFTY-III.NFO,09/07/2024,09:23:47,24639.7,24639.5,125,24639.7,25,0,189200
NIFTY-III.NFO,09/07/2024,09:23:49,24640,24639.9,50,24643.5,25,75,189200
NIFTY-III.NFO,09/07/2024,09:23:51,24640,24639.9,50,24643.5,25,0,189200
NIFTY-III.NFO,09/07/2024,09:23:52,24639.9,24639.6,25,24643.5,25,25,189200
NIFTY-III.NFO,09/07/2024,09:23:54,24639.9,24640.7,25,24643.5,25,0,189200
NIFTY-III.NFO,09/07/2024,09:23:57,24639.9,24640.7,100,24643.5,25,0,189200
NIFTY-III.NFO,09/07/2024,09:23:59,24639.9,24641.55,25,24643.5,25,0,189200
NIFTY-III.NFO,09/07/2024,09:24:00,24641.55,24643.05,25,24643.5,25,50,189200
NIFTY-III.NFO,09/07/2024,09:24:02,24641.55,24643.05,25,24643.5,25,0,189200
NIFTY-III.NFO,09/07/2024,09:24:03,24641.55,24642.15,25,24643.5,25,0,189200
NIFTY-III.NFO,09/07/2024,09:24:07,24642.15,24643,25,24643.5,25,25,189200
NIFTY-III.NFO,09/07/2024,09:24:08,24642.15,24643,25,24643.5,25,0,189200
NIFTY-III.NFO,09/07/2024,09:24:20,24643,24640,25,24643.5,25,25,189200
NIFTY-III.NFO,09/07/2024,09:24:21,24643,24640.4,200,24643.5,25,0,189200
NIFTY-III.NFO,09/07/2024,09:24:23,24643,24640.3,25,24643.5,25,0,189200
NIFTY-III.NFO,09/07/2024,09:24:25,24643,24641.4,250,24643.5,25,0,189200
NIFTY-III.NFO,09/07/2024,09:24:29,24643,24642.15,125,24643.5,25,0,189200
NIFTY-III.NFO,09/07/2024,09:24:31,24643,24643.1,125,24643.5,25,0,189200
NIFTY-III.NFO,09/07/2024,09:24:33,24645,24644.3,200,24646,900,150,188775
NIFTY-III.NFO,09/07/2024,09:24:34,24645,24644.3,125,24646,900,0,188775
NIFTY-III.NFO,09/07/2024,09:24:36,24646,24645.65,175,24646,700,200,188775
NIFTY-III.NFO,09/07/2024,09:24:36,24646,24645.65,175,24646,700,0,188775
NIFTY-III.NFO,09/07/2024,09:24:38,24645.55,24644.4,25,24646,700,250,188775
NIFTY-III.NFO,09/07/2024,09:24:39,24643.35,24642.95,125,24646,650,650,188775
NIFTY-III.NFO,09/07/2024,09:24:41,24643.35,24642.3,125,24646,650,0,188775
NIFTY-III.NFO,09/07/2024,09:24:42,24643.35,24643.65,125,24646,650,0,188775
NIFTY-III.NFO,09/07/2024,09:24:44,24646,24643.2,75,24646,575,75,188775
NIFTY-III.NFO,09/07/2024,09:24:46,24646,24643.45,25,24646,125,450,188775
NIFTY-III.NFO,09/07/2024,09:24:47,24646,24645,25,24646,125,0,188775
NIFTY-III.NFO,09/07/2024,09:24:49,24646,24645,25,24645.95,100,0,188775
NIFTY-III.NFO,09/07/2024,09:24:51,24645.95,24645,25,24645.95,175,25,188775
NIFTY-III.NFO,09/07/2024,09:24:52,24645,24640,25,24643,175,25,188775
NIFTY-III.NFO,09/07/2024,09:24:54,24645,24640,25,24643.95,175,0,188775
NIFTY-III.NFO,09/07/2024,09:24:55,24645,24640,25,24644.65,100,0,188775
NIFTY-III.NFO,09/07/2024,09:24:57,24645,24640,25,24644.15,175,0,188775
NIFTY-III.NFO,09/07/2024,09:24:59,24645,24640,25,24645.9,100,0,188775
NIFTY-III.NFO,09/07/2024,09:25:07,24638,24638,50,24641.5,175,50,188775
NIFTY-III.NFO,09/07/2024,09:25:08,24638,24638,50,24642,100,0,188775
NIFTY-III.NFO,09/07/2024,09:25:10,24638,24638,50,24643.95,100,0,188775
NIFTY-III.NFO,09/07/2024,09:25:11,24638,24638.65,25,24643.85,175,0,188775
NIFTY-III.NFO,09/07/2024,09:25:13,24638,24638.05,25,24643.75,100,0,188775
NIFTY-III.NFO,09/07/2024,09:25:15,24638,24638,50,24642.9,175,0,188775
NIFTY-III.NFO,09/07/2024,09:25:16,24638,24638,50,24643.65,175,0,188775
NIFTY-III.NFO,09/07/2024,09:25:19,24638,24638,50,24643.55,175,0,188775
NIFTY-III.NFO,09/07/2024,09:25:23,24638,24635.1,25,24641.05,100,50,188775
NIFTY-III.NFO,09/07/2024,09:25:24,24638,24635.9,25,24641.35,175,0,188775
NIFTY-III.NFO,09/07/2024,09:25:26,24638,24636.55,25,24638,50,0,188775
NIFTY-III.NFO,09/07/2024,09:25:28,24636.55,24636.5,250,24638,50,25,188775
NIFTY-III.NFO,09/07/2024,09:25:29,24636.55,24636.5,250,24638,50,0,188775
NIFTY-III.NFO,09/07/2024,09:25:34,24636.5,24636.85,225,24638,50,25,188775
NIFTY-III.NFO,09/07/2024,09:25:36,24636.5,24636.25,225,24638,50,0,188775
NIFTY-III.NFO,09/07/2024,09:25:37,24638,24636.25,225,24641.45,175,50,188775
NIFTY-III.NFO,09/07/2024,09:25:39,24638,24636.25,225,24641.4,100,0,188775
NIFTY-III.NFO,09/07/2024,09:25:41,24638,24636.3,225,24641.2,75,0,188775
NIFTY-III.NFO,09/07/2024,09:25:43,24638,24636.3,225,24640.9,75,0,188775
NIFTY-III.NFO,09/07/2024,09:25:45,24638,24634.25,225,24640.1,175,0,188775
NIFTY-III.NFO,09/07/2024,09:25:46,24638,24634.15,125,24640.1,175,0,188775
NIFTY-III.NFO,09/07/2024,09:25:48,24634.95,24634.95,100,24641.15,100,25,188775
NIFTY-III.NFO,09/07/2024,09:25:50,24634.95,24636.55,100,24640,25,0,188775
NIFTY-III.NFO,09/07/2024,09:25:51,24634.95,24636.95,100,24640,25,0,188775
NIFTY-III.NFO,09/07/2024,09:25:53,24634.95,24637.75,100,24640,25,0,188775
NIFTY-III.NFO,09/07/2024,09:25:56,24634.95,24636.85,100,24640,25,0,188775
NIFTY-III.NFO,09/07/2024,09:25:58,24640,24636.8,100,24641.1,25,25,188775
NIFTY-III.NFO,09/07/2024,09:26:00,24636.2,24636.25,75,24641.1,25,75,188775
NIFTY-III.NFO,09/07/2024,09:26:01,24636.2,24636.7,75,24642.95,100,0,188775
NIFTY-III.NFO,09/07/2024,09:26:03,24636.2,24637.65,225,24644.7,100,0,188775
NIFTY-III.NFO,09/07/2024,09:26:06,24636.2,24638.6,225,24644.95,175,0,188775
NIFTY-III.NFO,09/07/2024,09:26:08,24636.2,24639.2,75,24644.95,175,0,188775
NIFTY-III.NFO,09/07/2024,09:26:09,24638.3,24639.05,50,24644.95,175,25,188775
NIFTY-III.NFO,09/07/2024,09:26:11,24638.3,24639.05,50,24644.95,175,0,188775
NIFTY-III.NFO,09/07/2024,09:26:13,24644.95,24640,100,24644.95,100,25,188775
NIFTY-III.NFO,09/07/2024,09:26:14,24640,24640.05,25,24644.85,100,25,188775
NIFTY-III.NFO,09/07/2024,09:26:16,24640,24640,75,24644.85,100,0,188775
NIFTY-III.NFO,09/07/2024,09:26:17,24640.05,24640,75,24644.85,100,25,188775
NIFTY-III.NFO,09/07/2024,09:26:19,24640.05,24641.45,50,24644.9,25,0,188775
NIFTY-III.NFO,09/07/2024,09:26:21,24640.05,24640.65,50,24644.85,100,0,188775
NIFTY-III.NFO,09/07/2024,09:26:22,24640.05,24640,75,24644.85,175,0,188775
NIFTY-III.NFO,09/07/2024,09:26:26,24640.05,24640,75,24644.85,175,25,188775
NIFTY-III.NFO,09/07/2024,09:26:27,24640.05,24640,75,24644.8,100,0,188775
NIFTY-III.NFO,09/07/2024,09:26:30,24644.8,24640,75,24644.95,175,50,188775
NIFTY-III.NFO,09/07/2024,09:26:32,24644.8,24640,75,24644.95,175,0,188775
NIFTY-III.NFO,09/07/2024,09:26:37,24644.95,24640,75,24644.95,175,25,188775
NIFTY-III.NFO,09/07/2024,09:26:38,24640,24640,50,24644.95,175,25,188775
NIFTY-III.NFO,09/07/2024,09:26:40,24640,24640,50,24644.95,175,0,188775
NIFTY-III.NFO,09/07/2024,09:26:43,24640,24638.15,125,24644.95,175,0,188775
NIFTY-III.NFO,09/07/2024,09:26:45,24640,24635.3,75,24644.95,175,0,188775
NIFTY-III.NFO,09/07/2024,09:26:47,24640,24635.95,75,24644.95,175,0,188775
NIFTY-III.NFO,09/07/2024,09:26:48,24640,24635.25,75,24644.95,175,0,188775
NIFTY-III.NFO,09/07/2024,09:26:50,24635.7,24636.05,25,24644.8,175,50,188775
NIFTY-III.NFO,09/07/2024,09:26:52,24635.7,24635.75,25,24643,175,0,188775
NIFTY-III.NFO,09/07/2024,09:26:53,24635.7,24635.6,25,24640.8,100,0,188775
NIFTY-III.NFO,09/07/2024,09:26:55,24635.7,24635.85,25,24641.45,100,0,188775
NIFTY-III.NFO,09/07/2024,09:26:56,24635.7,24635.7,25,24640.85,100,0,188775
NIFTY-III.NFO,09/07/2024,09:26:58,24635.7,24635.6,25,24640.85,100,0,188775
NIFTY-III.NFO,09/07/2024,09:27:00,24635.7,24634.95,25,24639.7,75,0,188775
NIFTY-III.NFO,09/07/2024,09:27:01,24635.7,24635.05,25,24640.85,100,0,188775
NIFTY-III.NFO,09/07/2024,09:27:03,24635.05,24634.25,50,24639.25,175,25,188775
NIFTY-III.NFO,09/07/2024,09:27:04,24635.05,24634.25,50,24639.25,75,0,188775
NIFTY-III.NFO,09/07/2024,09:27:06,24635.05,24635.05,50,24639.95,100,0,188775
NIFTY-III.NFO,09/07/2024,09:27:08,24635.05,24635.85,50,24640.85,75,0,188775
NIFTY-III.NFO,09/07/2024,09:27:09,24635.05,24636.65,50,24641.25,75,0,188775
NIFTY-III.NFO,09/07/2024,09:27:11,24635.05,24638.25,275,24644.6,100,0,188775
NIFTY-III.NFO,09/07/2024,09:27:13,24635.05,24639.1,50,24644.95,100,0,188775
NIFTY-III.NFO,09/07/2024,09:27:14,24635.05,24639.35,50,24644.95,175,0,188775
NIFTY-III.NFO,09/07/2024,09:27:16,24637.55,24637.6,25,24642.95,100,25,188775
NIFTY-III.NFO,09/07/2024,09:27:18,24637.55,24637.4,25,24642.95,100,0,188775
NIFTY-III.NFO,09/07/2024,09:27:19,24637.55,24636.7,25,24642.95,100,0,188775
NIFTY-III.NFO,09/07/2024,09:27:22,24637.55,24637.2,25,24642.95,100,0,188775
NIFTY-III.NFO,09/07/2024,09:27:24,24637.55,24637.4,225,24642.95,100,0,188775
NIFTY-III.NFO,09/07/2024,09:27:26,24637.55,24637.4,225,24642.9,100,0,188775
NIFTY-III.NFO,09/07/2024,09:27:27,24637.55,24637.25,25,24642.9,100,0,188775
NIFTY-III.NFO,09/07/2024,09:27:29,24637.55,24637.5,225,24642.95,175,0,188775
NIFTY-III.NFO,09/07/2024,09:27:30,24638.05,24637.7,75,24643,100,75,188425
NIFTY-III.NFO,09/07/2024,09:27:32,24638.05,24638.35,50,24643,25,0,188425
NIFTY-III.NFO,09/07/2024,09:27:34,24638.05,24638.85,225,24643,25,0,188425
NIFTY-III.NFO,09/07/2024,09:27:35,24638.05,24639.5,250,24643,25,0,188425
NIFTY-III.NFO,09/07/2024,09:27:39,24638.05,24638.1,225,24643,25,0,188425
NIFTY-III.NFO,09/07/2024,09:27:40,24638.15,24637.55,25,24642.95,100,25,188425
NIFTY-III.NFO,09/07/2024,09:27:42,24638.15,24639.35,25,24643,25,0,188425
NIFTY-III.NFO,09/07/2024,09:27:44,24638.15,24639.6,50,24643,25,0,188425
NIFTY-III.NFO,09/07/2024,09:27:45,24638.15,24639.7,25,24643,25,0,188425
NIFTY-III.NFO,09/07/2024,09:27:47,24638.15,24637.4,225,24642.95,100,0,188425
NIFTY-III.NFO,09/07/2024,09:27:49,24638.15,24637.9,50,24642.95,175,0,188425
NIFTY-III.NFO,09/07/2024,09:27:52,24638.15,24638.8,50,24643,25,0,188425
NIFTY-III.NFO,09/07/2024,09:27:54,24638.15,24638.4,225,24643,25,0,188425
NIFTY-III.NFO,09/07/2024,09:27:55,24638.15,24638.4,225,24643,100,0,188425
NIFTY-III.NFO,09/07/2024,09:27:57,24638.15,24638.35,25,24642.95,175,0,188425
NIFTY-III.NFO,09/07/2024,09:27:59,24638.15,24638.15,25,24642.95,175,0,188425
NIFTY-III.NFO,09/07/2024,09:28:02,24638.15,24638.15,25,24642.95,100,0,188425
NIFTY-III.NFO,09/07/2024,09:28:09,24638.15,24638.15,25,24640.6,175,0,188425
NIFTY-III.NFO,09/07/2024,09:28:14,24638.15,24638.15,25,24641.9,175,0,188425
NIFTY-III.NFO,09/07/2024,09:28:15,24638.15,24638.15,25,24639.55,100,0,188425
NIFTY-III.NFO,09/07/2024,09:28:19,24638.15,24633.9,225,24639.55,100,25,188425
NIFTY-III.NFO,09/07/2024,09:28:20,24638.15,24633.9,225,24639.55,100,0,188425
NIFTY-III.NFO,09/07/2024,09:28:22,24638.15,24636.05,225,24641.55,100,0,188425
NIFTY-III.NFO,09/07/2024,09:28:24,24638.15,24636.35,225,24641.95,100,0,188425
NIFTY-III.NFO,09/07/2024,09:28:25,24638.15,24636.35,225,24641.95,175,0,188425
NIFTY-III.NFO,09/07/2024,09:28:30,24638.15,24637.75,225,24642,25,0,188425
NIFTY-III.NFO,09/07/2024,09:28:32,24638.15,24636.6,225,24641.95,175,0,188425
NIFTY-III.NFO,09/07/2024,09:28:34,24638.15,24637.25,225,24641.95,100,0,188425
NIFTY-III.NFO,09/07/2024,09:28:35,24638.15,24636.05,225,24641.95,175,0,188425
NIFTY-III.NFO,09/07/2024,09:28:39,24638.15,24636.05,225,24640,100,0,188425
NIFTY-III.NFO,09/07/2024,09:28:40,24638.15,24636.05,225,24638.15,25,25,188425
NIFTY-III.NFO,09/07/2024,09:28:42,24638.15,24636.05,225,24638.15,75,0,188425
NIFTY-III.NFO,09/07/2024,09:28:45,24638.15,24636.1,25,24638.15,75,0,188425
NIFTY-III.NFO,09/07/2024,09:28:47,24638.15,24636,200,24638.15,75,0,188425
NIFTY-III.NFO,09/07/2024,09:28:50,24638.15,24636.1,225,24638.15,25,50,188425
NIFTY-III.NFO,09/07/2024,09:28:52,24638.15,24636,175,24638.15,25,0,188425
NIFTY-III.NFO,09/07/2024,09:29:03,24638.15,24636.45,225,24638.15,25,0,188425
NIFTY-III.NFO,09/07/2024,09:29:08,24638.15,24637.3,225,24640,25,25,188425
NIFTY-III.NFO,09/07/2024,09:29:10,24638.15,24636.8,225,24640,25,0,188425
NIFTY-III.NFO,09/07/2024,09:29:11,24640,24638.65,225,24642,25,25,188425
NIFTY-III.NFO,09/07/2024,09:29:13,24640,24637.4,225,24641.95,100,0,188425
NIFTY-III.NFO,09/07/2024,09:29:15,24640,24638.4,225,24642,25,0,188425
NIFTY-III.NFO,09/07/2024,09:29:16,24640,24637.6,225,24641.95,100,0,188425
NIFTY-III.NFO,09/07/2024,09:29:18,24640,24638.3,225,24642,25,0,188425
NIFTY-III.NFO,09/07/2024,09:29:21,24640,24637.65,225,24641.95,175,0,188425
NIFTY-III.NFO,09/07/2024,09:29:24,24640,24637,25,24641.95,175,0,188425
NIFTY-III.NFO,09/07/2024,09:29:39,24641.95,24637,25,24641.9,100,50,188425
NIFTY-III.NFO,09/07/2024,09:29:41,24641.95,24637,25,24641.9,100,0,188425
NIFTY-III.NFO,09/07/2024,09:29:46,24641.95,24637,25,24641.95,175,0,188425
NIFTY-III.NFO,09/07/2024,09:29:48,24641.95,24637,25,24641.95,100,0,188425
NIFTY-III.NFO,09/07/2024,09:29:49,24641.95,24637.05,50,24641.95,100,0,188425
NIFTY-III.NFO,09/07/2024,09:29:51,24641.95,24637,25,24641.95,175,0,188425
NIFTY-III.NFO,09/07/2024,09:29:53,24641.95,24637.05,50,24641.95,75,0,188425
NIFTY-III.NFO,09/07/2024,09:29:54,24641.95,24637.55,50,24641.95,75,0,188425
NIFTY-III.NFO,09/07/2024,09:29:56,24641.95,24638.35,50,24641.95,75,0,188425
NIFTY-III.NFO,09/07/2024,09:29:58,24641.95,24638.35,50,24641,25,0,188425
NIFTY-III.NFO,09/07/2024,09:29:59,24641.95,24637.05,50,24641,25,0,188425
NIFTY-III.NFO,09/07/2024,09:30:04,24641.95,24638,50,24641,25,0,188425
NIFTY-III.NFO,09/07/2024,09:30:06,24641.95,24638.65,50,24641,25,0,188425
NIFTY-III.NFO,09/07/2024,09:30:09,24641,24641,25,24641.95,75,25,188425
NIFTY-III.NFO,09/07/2024,09:30:11,24641,24641,25,24641.95,75,0,188425
NIFTY-III.NFO,09/07/2024,09:30:15,24641,24641,25,24641.9,100,0,188425
NIFTY-III.NFO,09/07/2024,09:30:17,24641,24641,25,24641.95,75,0,188425
NIFTY-III.NFO,09/07/2024,09:30:19,24641,24640,100,24641.95,75,25,188425
NIFTY-III.NFO,09/07/2024,09:30:20,24641,24640,100,24641.95,50,0,188425
NIFTY-III.NFO,09/07/2024,09:30:22,24641,24640,100,24641.9,100,0,188425
NIFTY-III.NFO,09/07/2024,09:30:24,24637,24636,175,24639.3,100,125,188425
NIFTY-III.NFO,09/07/2024,09:30:25,24637,24636.3,50,24641.65,100,0,188425
NIFTY-III.NFO,09/07/2024,09:30:27,24637,24637.5,225,24641.9,175,0,188425
NIFTY-III.NFO,09/07/2024,09:30:28,24637,24639.25,225,24641.95,50,0,188425
NIFTY-III.NFO,09/07/2024,09:30:30,24637,24638.6,225,24641.95,50,0,188425
NIFTY-III.NFO,09/07/2024,09:30:32,24637,24639.9,225,24641.95,50,0,188425
NIFTY-III.NFO,09/07/2024,09:30:33,24637,24640.85,225,24641.95,50,0,188425
NIFTY-III.NFO,09/07/2024,09:30:35,24637,24641.65,225,24641.95,50,0,188425
NIFTY-III.NFO,09/07/2024,09:30:37,24637,24641.05,225,24641.95,50,0,188425
NIFTY-III.NFO,09/07/2024,09:30:38,24637,24638,50,24641.95,50,0,188425
NIFTY-III.NFO,09/07/2024,09:30:40,24637,24640.75,75,24641.95,50,0,188425
NIFTY-III.NFO,09/07/2024,09:30:41,24640.65,24641.45,100,24641.95,50,200,188425
NIFTY-III.NFO,09/07/2024,09:30:43,24640.65,24640.9,75,24641.95,50,0,188550
NIFTY-III.NFO,09/07/2024,09:30:44,24640.65,24641.05,100,24641.95,50,0,188550
NIFTY-III.NFO,09/07/2024,09:30:47,24642,24642.15,25,24643,50,75,188550
NIFTY-III.NFO,09/07/2024,09:30:49,24642,24641.75,25,24643,50,0,188550
NIFTY-III.NFO,09/07/2024,09:30:51,24642,24642.65,25,24643,50,0,188550
NIFTY-III.NFO,09/07/2024,09:30:52,24643,24642,25,24643,25,25,188550
NIFTY-III.NFO,09/07/2024,09:30:54,24643,24642,25,24643,25,0,188550
NIFTY-III.NFO,09/07/2024,09:30:56,24643,24642.9,25,24643,25,0,188550
NIFTY-III.NFO,09/07/2024,09:30:57,24643,24642.9,25,24645,100,25,188550
NIFTY-III.NFO,09/07/2024,09:30:59,24643,24642.9,25,24645,100,0,188550
NIFTY-III.NFO,09/07/2024,09:31:02,24643,24643.55,25,24645,100,0,188550
NIFTY-III.NFO,09/07/2024,09:31:04,24643,24642.75,25,24645,100,0,188550
NIFTY-III.NFO,09/07/2024,09:31:05,24643,24642.15,25,24645,100,0,188550
NIFTY-III.NFO,09/07/2024,09:31:07,24643,24641.45,25,24644.95,100,0,188550
NIFTY-III.NFO,09/07/2024,09:31:09,24643,24641.5,25,24645,100,0,188550
NIFTY-III.NFO,09/07/2024,09:31:10,24643,24641.5,25,24644.95,100,0,188550
NIFTY-III.NFO,09/07/2024,09:31:13,24643,24641.5,25,24642.75,25,0,188550
NIFTY-III.NFO,09/07/2024,09:31:17,24643,24642.45,150,24643,25,275,188550
NIFTY-III.NFO,09/07/2024,09:31:18,24643,24641.9,25,24643,25,0,188550
NIFTY-III.NFO,09/07/2024,09:31:20,24643,24641.85,150,24643,25,0,188550
NIFTY-III.NFO,09/07/2024,09:31:21,24643,24641.25,25,24643,50,0,188550
NIFTY-III.NFO,09/07/2024,09:31:25,24643,24639.45,150,24643,50,0,188550
NIFTY-III.NFO,09/07/2024,09:31:26,24639.1,24639.05,150,24643,50,75,188550
NIFTY-III.NFO,09/07/2024,09:31:28,24643,24643,25,24644.95,175,50,188550
NIFTY-III.NFO,09/07/2024,09:31:30,24643,24643,25,24644.95,175,0,188550
NIFTY-III.NFO,09/07/2024,09:31:31,24643,24643,25,24644.95,100,0,188550
NIFTY-III.NFO,09/07/2024,09:31:33,24643,24643,50,24644.95,100,0,188550
NIFTY-III.NFO,09/07/2024,09:31:43,24643,24643,50,24645,75,0,188550
NIFTY-III.NFO,09/07/2024,09:31:46,24643,24643,25,24645,75,25,188550
NIFTY-III.NFO,09/07/2024,09:31:48,24643,24641.55,150,24643,575,25,188550
NIFTY-III.NFO,09/07/2024,09:31:49,24643,24641.55,150,24643,575,0,188550
NIFTY-III.NFO,09/07/2024,09:31:53,24643,24641.55,150,24644.95,100,0,188550
NIFTY-III.NFO,09/07/2024,09:31:54,24643,24641.55,150,24645,75,0,188550
NIFTY-III.NFO,09/07/2024,09:31:56,24643,24642.65,150,24645,75,0,188550
NIFTY-III.NFO,09/07/2024,09:31:58,24643,24642.6,150,24643,25,0,188550
NIFTY-III.NFO,09/07/2024,09:31:59,24643,24640.6,150,24643,25,0,188550
NIFTY-III.NFO,09/07/2024,09:32:01,24643,24639.9,150,24643,25,0,188550
NIFTY-III.NFO,09/07/2024,09:32:03,24643,24639.3,150,24642.85,100,0,188550
NIFTY-III.NFO,09/07/2024,09:32:04,24643,24639.3,150,24642.75,175,0,188550
NIFTY-III.NFO,09/07/2024,09:32:06,24643,24638.85,150,24642.75,175,0,188550
NIFTY-III.NFO,09/07/2024,09:32:08,24643,24638.85,150,24642.7,25,0,188550
NIFTY-III.NFO,09/07/2024,09:32:10,24643,24639.2,150,24642.65,25,0,188550
NIFTY-III.NFO,09/07/2024,09:32:11,24643,24639.95,150,24642.6,25,0,188550
NIFTY-III.NFO,09/07/2024,09:32:13,24643,24637.6,150,24642.4,175,0,188550
NIFTY-III.NFO,09/07/2024,09:32:15,24643,24637.6,150,24642.2,100,0,188550
NIFTY-III.NFO,09/07/2024,09:32:16,24643,24637,225,24641.9,100,0,188550
NIFTY-III.NFO,09/07/2024,09:32:20,24637.05,24637,225,24642.1,175,50,188550
NIFTY-III.NFO,09/07/2024,09:32:21,24637.05,24638.4,150,24642.35,100,0,188550
NIFTY-III.NFO,09/07/2024,09:32:23,24637.05,24637.95,25,24642.35,100,0,188550
NIFTY-III.NFO,09/07/2024,09:32:25,24637.95,24637.25,150,24642.25,175,25,188550
NIFTY-III.NFO,09/07/2024,09:32:26,24637.95,24637,75,24642.25,175,0,188550
NIFTY-III.NFO,09/07/2024,09:32:28,24637.95,24637.25,150,24642.15,100,0,188550
NIFTY-III.NFO,09/07/2024,09:32:30,24637.95,24637,75,24641.9,100,0,188550
NIFTY-III.NFO,09/07/2024,09:32:31,24637,24637,50,24641.9,100,25,188550
NIFTY-III.NFO,09/07/2024,09:32:33,24637,24637,25,24641.3,100,25,188550
NIFTY-III.NFO,09/07/2024,09:32:35,24637,24637,25,24641.3,100,0,188550
NIFTY-III.NFO,09/07/2024,09:32:41,24637,24636,175,24641.3,100,25,188550
NIFTY-III.NFO,09/07/2024,09:32:43,24637,24636.2,150,24640,75,0,188550
NIFTY-III.NFO,09/07/2024,09:32:45,24636.2,24636.1,125,24639.95,25,25,188550
NIFTY-III.NFO,09/07/2024,09:32:46,24636.2,24637.1,125,24639.95,25,0,188550
NIFTY-III.NFO,09/07/2024,09:32:48,24636.2,24637.2,125,24639.95,25,0,188550
NIFTY-III.NFO,09/07/2024,09:32:50,24636.2,24637.3,125,24639.95,25,0,188550
NIFTY-III.NFO,09/07/2024,09:32:51,24636.2,24639,125,24640,75,0,188550
NIFTY-III.NFO,09/07/2024,09:32:53,24636.2,24638.4,125,24640,75,0,188550
NIFTY-III.NFO,09/07/2024,09:32:54,24636.2,24639.05,125,24640,75,0,188550
NIFTY-III.NFO,09/07/2024,09:32:56,24636.2,24639.05,125,24640,100,0,188550
NIFTY-III.NFO,09/07/2024,09:32:59,24640.35,24640.2,50,24643,25,125,188550
NIFTY-III.NFO,09/07/2024,09:33:01,24640.35,24639,50,24642.95,100,0,188550
NIFTY-III.NFO,09/07/2024,09:33:03,24640.35,24637,50,24642.95,175,0,188550
NIFTY-III.NFO,09/07/2024,09:33:04,24640.35,24637.65,50,24639.05,50,0,188550
NIFTY-III.NFO,09/07/2024,09:33:06,24640.35,24637.85,50,24639.05,50,0,188550
NIFTY-III.NFO,09/07/2024,09:33:08,24639.05,24637.85,50,24639.05,25,25,188550
NIFTY-III.NFO,09/07/2024,09:33:09,24639.05,24637.85,50,24639.05,25,0,188550
NIFTY-III.NFO,09/07/2024,09:33:11,24639.05,24638.5,50,24642.95,100,25,188550
NIFTY-III.NFO,09/07/2024,09:33:13,24639.05,24638.5,50,24642.95,100,0,188550
NIFTY-III.NFO,09/07/2024,09:33:14,24639.05,24637.85,50,24642.95,175,0,188550
NIFTY-III.NFO,09/07/2024,09:33:16,24639.05,24638.85,50,24642.95,100,0,188550
NIFTY-III.NFO,09/07/2024,09:33:17,24639.05,24637.6,50,24640,25,0,188550
NIFTY-III.NFO,09/07/2024,09:33:19,24639.05,24637.35,50,24640,25,0,188550
NIFTY-III.NFO,09/07/2024,09:33:21,24639.05,24638.3,50,24640,25,0,188550
NIFTY-III.NFO,09/07/2024,09:33:22,24639.05,24637.7,50,24640,25,0,188550
NIFTY-III.NFO,09/07/2024,09:33:24,24639.05,24636.5,50,24640,25,0,188550
NIFTY-III.NFO,09/07/2024,09:33:26,24639.05,24636.6,25,24640,25,0,188550
NIFTY-III.NFO,09/07/2024,09:33:27,24639.05,24637.15,50,24640,25,0,188550
NIFTY-III.NFO,09/07/2024,09:33:34,24639.05,24637.4,25,24640,25,0,188550
NIFTY-III.NFO,09/07/2024,09:33:35,24639.05,24639.05,200,24640,25,0,188550
NIFTY-III.NFO,09/07/2024,09:33:44,24639.05,24639.05,150,24640,25,50,188800
NIFTY-III.NFO,09/07/2024,09:33:45,24639.05,24639.25,50,24640,25,0,188800
NIFTY-III.NFO,09/07/2024,09:33:49,24639.05,24639.05,150,24640,25,0,188800
NIFTY-III.NFO,09/07/2024,09:33:50,24640,24641.3,25,24645,75,25,188800
NIFTY-III.NFO,09/07/2024,09:33:52,24640,24641.9,150,24645,75,0,188800
NIFTY-III.NFO,09/07/2024,09:33:55,24640,24641.4,175,24645,75,0,188800
NIFTY-III.NFO,09/07/2024,09:33:57,24641.4,24641.4,150,24645,75,25,188800
NIFTY-III.NFO,09/07/2024,09:33:59,24641.4,24641.4,150,24645,75,0,188800
NIFTY-III.NFO,09/07/2024,09:34:00,24641.4,24643.7,75,24645,75,0,188800
NIFTY-III.NFO,09/07/2024,09:34:02,24641.4,24642.15,150,24645,75,0,188800
NIFTY-III.NFO,09/07/2024,09:34:05,24641.4,24642.95,150,24645,75,0,188800
NIFTY-III.NFO,09/07/2024,09:34:12,24641.4,24642.4,25,24645,75,0,188800
NIFTY-III.NFO,09/07/2024,09:34:19,24641.4,24642.4,25,24644.9,25,0,188800
NIFTY-III.NFO,09/07/2024,09:34:22,24644.9,24642.4,25,24645,75,25,188800
NIFTY-III.NFO,09/07/2024,09:34:24,24644.9,24642.4,25,24645,75,0,188800
NIFTY-III.NFO,09/07/2024,09:34:25,24644.9,24642.2,150,24645,75,0,188800
NIFTY-III.NFO,09/07/2024,09:34:27,24644.9,24643,150,24645,75,0,188800
NIFTY-III.NFO,09/07/2024,09:34:32,24644.9,24643.3,150,24645,75,0,188800
NIFTY-III.NFO,09/07/2024,09:34:34,24643.3,24643.85,100,24645,75,50,188800
NIFTY-III.NFO,09/07/2024,09:34:35,24644.9,24644.75,25,24645,75,25,188800
NIFTY-III.NFO,09/07/2024,09:34:37,24645,24645,50,24646,125,100,188800
NIFTY-III.NFO,09/07/2024,09:34:39,24645,24645,50,24646,125,0,188800
NIFTY-III.NFO,09/07/2024,09:34:40,24645,24645,25,24646,125,25,188800
NIFTY-III.NFO,09/07/2024,09:34:42,24645,24645,25,24646,125,0,188800
NIFTY-III.NFO,09/07/2024,09:34:43,24645,24645,75,24646,125,0,188800
NIFTY-III.NFO,09/07/2024,09:34:48,24645,24645,25,24646,125,50,188800
NIFTY-III.NFO,09/07/2024,09:34:50,24645,24644.1,100,24646,125,25,188800
NIFTY-III.NFO,09/07/2024,09:34:52,24645,24644.1,100,24646,125,0,188800
NIFTY-III.NFO,09/07/2024,09:34:55,24645,24643.4,100,24645,25,0,188800
NIFTY-III.NFO,09/07/2024,09:34:56,24645,24645.7,25,24646,125,25,188800
NIFTY-III.NFO,09/07/2024,09:34:58,24645,24645.6,25,24646,125,0,188800
NIFTY-III.NFO,09/07/2024,09:35:01,24645,24644.25,100,24646,125,0,188800
NIFTY-III.NFO,09/07/2024,09:35:13,24645,24645.5,25,24646,125,0,188800
NIFTY-III.NFO,09/07/2024,09:35:15,24645,24645.1,100,24646,125,0,188800
NIFTY-III.NFO,09/07/2024,09:35:16,24645,24644.55,100,24646,125,0,188800
NIFTY-III.NFO,09/07/2024,09:35:21,24645,24643.75,100,24646,125,0,188800
NIFTY-III.NFO,09/07/2024,09:35:24,24645,24644.95,100,24646,125,0,188800
NIFTY-III.NFO,09/07/2024,09:35:28,24645,24643.05,100,24646,125,0,188800
NIFTY-III.NFO,09/07/2024,09:35:29,24645,24642.2,100,24645.95,100,0,188800
NIFTY-III.NFO,09/07/2024,09:35:31,24645,24641,100,24645.95,175,0,188800
NIFTY-III.NFO,09/07/2024,09:35:39,24645,24641,100,24645.95,100,0,188800
NIFTY-III.NFO,09/07/2024,09:35:41,24645,24641,100,24645.95,175,0,188800
NIFTY-III.NFO,09/07/2024,09:35:49,24645,24641,100,24645,100,0,188800
NIFTY-III.NFO,09/07/2024,09:35:53,24645,24641,100,24645.95,175,0,188800
NIFTY-III.NFO,09/07/2024,09:36:11,24641,24641,75,24645.8,175,25,188800
NIFTY-III.NFO,09/07/2024,09:36:12,24641,24641,75,24644.55,100,0,188800
NIFTY-III.NFO,09/07/2024,09:36:14,24644.55,24641,75,24644.55,100,25,188800
NIFTY-III.NFO,09/07/2024,09:36:16,24644.55,24641,75,24644.55,100,0,188800
NIFTY-III.NFO,09/07/2024,09:36:17,24644.55,24641,75,24645.95,175,0,188800
NIFTY-III.NFO,09/07/2024,09:36:19,24644.55,24641,75,24645.65,175,0,188800
NIFTY-III.NFO,09/07/2024,09:36:24,24644.55,24641,75,24645.95,175,0,188800
NIFTY-III.NFO,09/07/2024,09:36:32,24644.55,24641,75,24645.85,100,0,188800
NIFTY-III.NFO,09/07/2024,09:36:33,24641,24641,50,24645.85,100,25,189000
NIFTY-III.NFO,09/07/2024,09:36:35,24645.9,24641,50,24645.9,100,25,189000
NIFTY-III.NFO,09/07/2024,09:36:36,24645.9,24641,50,24645.9,100,0,189000
NIFTY-III.NFO,09/07/2024,09:36:40,24645.9,24641,50,24645.8,175,0,189000
NIFTY-III.NFO,09/07/2024,09:37:15,24641,24641,50,24645.95,175,150,189000
NIFTY-III.NFO,09/07/2024,09:37:41,24645.95,24642.35,125,24645,25,25,189000
NIFTY-III.NFO,09/07/2024,09:37:42,24645.95,24642.35,125,24645,25,0,189000
NIFTY-III.NFO,09/07/2024,09:37:46,24645.95,24641.05,100,24645,25,0,189000
NIFTY-III.NFO,09/07/2024,09:37:47,24645.95,24641.05,125,24645,25,0,189000
NIFTY-III.NFO,09/07/2024,09:37:49,24645.95,24641.05,250,24645,25,0,189000
NIFTY-III.NFO,09/07/2024,09:37:51,24645.95,24641.05,25,24645,25,0,189000
NIFTY-III.NFO,09/07/2024,09:37:52,24645.95,24641.65,100,24645,25,0,189000
NIFTY-III.NFO,09/07/2024,09:37:55,24645,24642.3,125,24646,275,25,189000
NIFTY-III.NFO,09/07/2024,09:37:57,24645,24641.6,125,24645.95,100,0,189000
NIFTY-III.NFO,09/07/2024,09:37:59,24645,24641.05,25,24645.95,175,0,189000
NIFTY-III.NFO,09/07/2024,09:38:00,24645,24641,150,24645.95,175,0,189000
NIFTY-III.NFO,09/07/2024,09:38:05,24645,24642.1,125,24645.95,100,0,189000
NIFTY-III.NFO,09/07/2024,09:38:10,24645,24641,150,24645.95,175,0,189000
NIFTY-III.NFO,09/07/2024,09:38:14,24645,24641.1,125,24645.95,175,0,189000
NIFTY-III.NFO,09/07/2024,09:38:18,24645,24642.85,125,24646,275,0,189000
NIFTY-III.NFO,09/07/2024,09:38:20,24645,24642.9,100,24646,275,0,189000
NIFTY-III.NFO,09/07/2024,09:38:22,24645,24642.85,125,24646,275,0,189000
NIFTY-III.NFO,09/07/2024,09:38:25,24645,24643.6,100,24645,50,0,189000
NIFTY-III.NFO,09/07/2024,09:38:27,24645,24643.35,125,24645,50,0,189000
NIFTY-III.NFO,09/07/2024,09:38:30,24645,24644,125,24645,50,0,189000
NIFTY-III.NFO,09/07/2024,09:38:33,24645,24643.9,100,24645,50,0,189000
NIFTY-III.NFO,09/07/2024,09:38:35,24645,24643.4,125,24645,50,0,189000
NIFTY-III.NFO,09/07/2024,09:38:41,24644,24644.45,125,24646,275,50,189000
NIFTY-III.NFO,09/07/2024,09:38:43,24644,24645.75,125,24646,275,0,189000
NIFTY-III.NFO,09/07/2024,09:38:44,24646,24645.75,150,24646,1050,125,189000
NIFTY-III.NFO,09/07/2024,09:38:46,24646,24645.8,125,24646,450,600,189000
NIFTY-III.NFO,09/07/2024,09:38:48,24646,24645.85,75,24646,100,350,189000
NIFTY-III.NFO,09/07/2024,09:38:49,24649,24648.1,25,24649,50,250,189000
NIFTY-III.NFO,09/07/2024,09:38:49,24649,24648.1,25,24649,50,0,189000
NIFTY-III.NFO,09/07/2024,09:38:51,24649,24645.8,125,24649,50,0,189000
NIFTY-III.NFO,09/07/2024,09:38:53,24649,24645.25,125,24648.95,100,0,189000
NIFTY-III.NFO,09/07/2024,09:38:55,24649,24642.65,100,24648.95,175,0,189000
NIFTY-III.NFO,09/07/2024,09:38:56,24649,24644.4,125,24648.95,175,0,189000
NIFTY-III.NFO,09/07/2024,09:38:58,24649,24644.5,125,24648.95,100,0,189000
NIFTY-III.NFO,09/07/2024,09:39:00,24649,24644.75,125,24648.95,100,0,189000
NIFTY-III.NFO,09/07/2024,09:39:01,24649,24645.2,125,24648.95,100,0,189000
NIFTY-III.NFO,09/07/2024,09:39:03,24649,24645.4,125,24648.95,100,0,189000
NIFTY-III.NFO,09/07/2024,09:39:05,24649,24645.4,125,24649,50,0,189000
NIFTY-III.NFO,09/07/2024,09:39:06,24649,24645.85,125,24649,50,0,189000
NIFTY-III.NFO,09/07/2024,09:39:08,24649,24646.55,125,24649,50,0,189000
NIFTY-III.NFO,09/07/2024,09:39:10,24649,24646.95,125,24649,50,0,189000
NIFTY-III.NFO,09/07/2024,09:39:11,24649,24647.2,125,24649,50,0,189000
NIFTY-III.NFO,09/07/2024,09:39:13,24650,24647,100,24650,175,550,189000
NIFTY-III.NFO,09/07/2024,09:39:13,24650,24647,100,24650,175,0,189000
NIFTY-III.NFO,09/07/2024,09:39:15,24650.9,24650,25,24650.9,75,200,189000
NIFTY-III.NFO,09/07/2024,09:39:15,24650.9,24650,25,24650.9,75,0,189000
NIFTY-III.NFO,09/07/2024,09:39:16,24654.95,24648.95,100,24654.95,75,125,189000
NIFTY-III.NFO,09/07/2024,09:39:16,24654.95,24648.95,100,24654.95,75,0,189000
NIFTY-III.NFO,09/07/2024,09:39:18,24654.95,24649.65,125,24654.95,125,25,189000
NIFTY-III.NFO,09/07/2024,09:39:20,24654.95,24649.95,25,24650,25,0,189000
NIFTY-III.NFO,09/07/2024,09:39:21,24650,24647.75,125,24654.95,125,25,189000
NIFTY-III.NFO,09/07/2024,09:39:23,24650,24648.5,125,24654.95,125,0,189000
NIFTY-III.NFO,09/07/2024,09:39:25,24650,24648,125,24654.95,125,0,189000
NIFTY-III.NFO,09/07/2024,09:39:26,24650,24647.45,125,24654.95,125,0,189000
NIFTY-III.NFO,09/07/2024,09:39:28,24650,24646.05,125,24654.95,125,0,189000
NIFTY-III.NFO,09/07/2024,09:39:30,24650,24650,300,24654.95,125,0,189000
NIFTY-III.NFO,09/07/2024,09:39:33,24650,24650,325,24654.95,125,0,189000
NIFTY-III.NFO,09/07/2024,09:39:35,24650,24650,300,24654.95,125,25,189150
NIFTY-III.NFO,09/07/2024,09:39:36,24650,24650,400,24654.95,125,0,189150
NIFTY-III.NFO,09/07/2024,09:39:44,24654.95,24650,300,24654.95,25,100,189150
NIFTY-III.NFO,09/07/2024,09:39:46,24654.95,24650,300,24655,150,0,189150
NIFTY-III.NFO,09/07/2024,09:39:47,24650.05,24651.45,25,24651.85,25,50,189150
NIFTY-III.NFO,09/07/2024,09:39:49,24650.05,24650,300,24651.85,25,0,189150
NIFTY-III.NFO,09/07/2024,09:39:51,24650.05,24650.05,100,24651.85,25,0,189150
NIFTY-III.NFO,09/07/2024,09:39:54,24650.05,24650.05,100,24651.45,50,0,189150
NIFTY-III.NFO,09/07/2024,09:39:56,24651.85,24651.5,25,24655,75,75,189150
NIFTY-III.NFO,09/07/2024,09:39:59,24651.85,24650.85,100,24655,75,0,189150
NIFTY-III.NFO,09/07/2024,09:40:01,24651.85,24650.85,100,24654.9,25,0,189150
NIFTY-III.NFO,09/07/2024,09:40:02,24651.85,24652.6,100,24654.9,25,0,189150
NIFTY-III.NFO,09/07/2024,09:40:04,24651.85,24651.95,100,24654.9,25,0,189150
NIFTY-III.NFO,09/07/2024,09:40:06,24651.85,24652.1,100,24654.9,25,0,189150
NIFTY-III.NFO,09/07/2024,09:40:07,24651.85,24651.4,100,24654.9,25,0,189150
NIFTY-III.NFO,09/07/2024,09:40:11,24651.85,24652.45,100,24654.9,25,0,189150
NIFTY-III.NFO,09/07/2024,09:40:12,24651.85,24651.8,100,24654.9,25,0,189150
NIFTY-III.NFO,09/07/2024,09:40:14,24651.85,24651.2,100,24654.9,25,0,189150
NIFTY-III.NFO,09/07/2024,09:40:17,24654.9,24651.2,100,24655,75,25,189150
NIFTY-III.NFO,09/07/2024,09:40:19,24654.9,24651.85,100,24655,75,0,189150
NIFTY-III.NFO,09/07/2024,09:40:21,24654.9,24651.35,100,24655,75,0,189150
NIFTY-III.NFO,09/07/2024,09:40:22,24654.9,24650.65,100,24655,150,0,189150
NIFTY-III.NFO,09/07/2024,09:40:24,24654.9,24652.4,100,24655,100,0,189150
NIFTY-III.NFO,09/07/2024,09:40:27,24655,24652.35,125,24656,75,100,189150
NIFTY-III.NFO,09/07/2024,09:40:27,24655,24652.35,125,24656,75,0,189150
NIFTY-III.NFO,09/07/2024,09:40:29,24656,24654.9,25,24656,25,100,189150
NIFTY-III.NFO,09/07/2024,09:40:29,24656,24654.9,25,24656,25,0,189150
NIFTY-III.NFO,09/07/2024,09:40:31,24654.9,24654,25,24656,25,25,189150
NIFTY-III.NFO,09/07/2024,09:40:32,24654.9,24654,25,24656,25,0,189150
NIFTY-III.NFO,09/07/2024,09:40:35,24650.05,24650.1,100,24655.95,25,50,189150
NIFTY-III.NFO,09/07/2024,09:40:37,24650,24650,175,24655.95,25,100,189150
NIFTY-III.NFO,09/07/2024,09:40:39,24650,24650.7,100,24655.95,100,0,189150
NIFTY-III.NFO,09/07/2024,09:40:40,24650,24650.1,100,24655.95,100,0,189150
NIFTY-III.NFO,09/07/2024,09:40:42,24650,24650,175,24655.95,100,0,189150
NIFTY-III.NFO,09/07/2024,09:40:44,24650,24650,200,24654.95,25,0,189150
NIFTY-III.NFO,09/07/2024,09:40:47,24650,24650.05,100,24654.95,100,0,189150
NIFTY-III.NFO,09/07/2024,09:40:49,24650,24650.5,125,24654.95,100,0,189150
NIFTY-III.NFO,09/07/2024,09:40:52,24650,24650,325,24654.95,100,0,189150
NIFTY-III.NFO,09/07/2024,09:40:53,24650,24650,325,24650.5,25,0,189150
NIFTY-III.NFO,09/07/2024,09:40:55,24650.5,24650,225,24654.95,100,25,189150
NIFTY-III.NFO,09/07/2024,09:40:57,24650.5,24650,225,24654.95,100,0,189150
NIFTY-III.NFO,09/07/2024,09:41:00,24650.5,24650.5,25,24652.85,100,0,189150
NIFTY-III.NFO,09/07/2024,09:41:01,24650.5,24650.5,25,24654.15,25,0,189150
NIFTY-III.NFO,09/07/2024,09:41:03,24650.5,24650.5,25,24653.4,100,0,189150
NIFTY-III.NFO,09/07/2024,09:41:05,24650.5,24650.5,25,24653.45,25,0,189150
NIFTY-III.NFO,09/07/2024,09:41:06,24650.5,24650.5,25,24653.6,100,0,189150
NIFTY-III.NFO,09/07/2024,09:41:08,24650.5,24650.5,25,24653.45,25,0,189150
NIFTY-III.NFO,09/07/2024,09:41:10,24650.5,24650.5,25,24653.8,25,0,189150
NIFTY-III.NFO,09/07/2024,09:41:11,24650.5,24650.5,25,24654.95,100,0,189150
NIFTY-III.NFO,09/07/2024,09:41:13,24650.5,24650.5,25,24654.95,25,0,189150
NIFTY-III.NFO,09/07/2024,09:41:15,24650.5,24651,125,24655,200,0,189150
NIFTY-III.NFO,09/07/2024,09:41:18,24650.5,24650.55,100,24655,200,0,189150
NIFTY-III.NFO,09/07/2024,09:41:20,24650.5,24651.45,100,24655,200,0,189150
NIFTY-III.NFO,09/07/2024,09:41:23,24650.5,24651.4,125,24655,200,0,189150
NIFTY-III.NFO,09/07/2024,09:41:25,24650.5,24650.5,25,24654.95,100,0,189150
NIFTY-III.NFO,09/07/2024,09:41:26,24650.5,24651.2,125,24655,275,0,189150
NIFTY-III.NFO,09/07/2024,09:41:28,24650.5,24650.75,125,24655,275,0,189150
NIFTY-III.NFO,09/07/2024,09:41:29,24650.5,24654.95,25,24655,200,0,189150
NIFTY-III.NFO,09/07/2024,09:41:31,24650.5,24654.95,25,24656,25,0,189150
NIFTY-III.NFO,09/07/2024,09:41:38,24657.05,24654.95,25,24658,100,100,189150
NIFTY-III.NFO,09/07/2024,09:41:38,24657.05,24654.95,25,24658,100,0,189150
NIFTY-III.NFO,09/07/2024,09:41:39,24657.05,24654.95,25,24658,25,0,189150
NIFTY-III.NFO,09/07/2024,09:41:50,24659.95,24654.95,100,24660,225,500,189150
NIFTY-III.NFO,09/07/2024,09:41:50,24659.95,24654.95,100,24660,225,0,189150
NIFTY-III.NFO,09/07/2024,09:41:51,24660,24654.95,100,24660,175,50,189150
NIFTY-III.NFO,09/07/2024,09:41:51,24660,24654.95,100,24660,175,0,189150
NIFTY-III.NFO,09/07/2024,09:41:53,24660,24654.95,100,24660,250,0,189150
NIFTY-III.NFO,09/07/2024,09:41:55,24660,24654.95,100,24660,150,25,189150
NIFTY-III.NFO,09/07/2024,09:41:56,24660,24654.95,25,24660,225,0,189150
NIFTY-III.NFO,09/07/2024,09:42:00,24660,24654.95,100,24660,175,0,189150
NIFTY-III.NFO,09/07/2024,09:42:08,24660,24654.95,100,24660,250,0,189150
NIFTY-III.NFO,09/07/2024,09:42:10,24660,24655,175,24660,250,0,189150
NIFTY-III.NFO,09/07/2024,09:42:11,24660,24655,175,24660,150,100,189150
NIFTY-III.NFO,09/07/2024,09:42:13,24660,24655,175,24660,150,0,189150
NIFTY-III.NFO,09/07/2024,09:42:14,24660,24655.05,100,24660,150,0,189150
NIFTY-III.NFO,09/07/2024,09:42:16,24655.05,24655.05,75,24659.95,125,50,189150
NIFTY-III.NFO,09/07/2024,09:42:18,24655.05,24654.95,100,24659.95,50,0,189150
NIFTY-III.NFO,09/07/2024,09:42:19,24655.05,24655.15,75,24659.95,50,0,189150
NIFTY-III.NFO,09/07/2024,09:42:21,24655.05,24655.1,175,24659.95,50,0,189150
NIFTY-III.NFO,09/07/2024,09:42:22,24655.05,24655,175,24659.95,50,0,189150
NIFTY-III.NFO,09/07/2024,09:42:24,24655.05,24655.05,100,24659.95,50,0,189150
NIFTY-III.NFO,09/07/2024,09:42:26,24655.05,24655,125,24659.95,125,0,189150
NIFTY-III.NFO,09/07/2024,09:42:27,24655.05,24655.05,100,24657,25,0,189150
NIFTY-III.NFO,09/07/2024,09:42:32,24655.05,24655.05,100,24657,25,25,189250
NIFTY-III.NFO,09/07/2024,09:42:34,24655.05,24655.05,100,24657,25,0,189250
NIFTY-III.NFO,09/07/2024,09:42:37,24655.05,24655.15,100,24657,25,0,189250
NIFTY-III.NFO,09/07/2024,09:42:39,24657,24655.95,175,24660,150,25,189250
NIFTY-III.NFO,09/07/2024,09:42:41,24655.95,24656.05,175,24660,150,25,189250
NIFTY-III.NFO,09/07/2024,09:42:42,24655.95,24656.05,175,24660,150,0,189250
NIFTY-III.NFO,09/07/2024,09:42:44,24655.95,24656.9,25,24660,150,200,189250
NIFTY-III.NFO,09/07/2024,09:42:46,24655.95,24655.9,200,24660,150,0,189250
NIFTY-III.NFO,09/07/2024,09:42:47,24655.95,24655.9,200,24660,125,0,189250
NIFTY-III.NFO,09/07/2024,09:42:49,24655.95,24655.95,25,24660,125,0,189250
NIFTY-III.NFO,09/07/2024,09:42:51,24655.9,24655.65,200,24660,125,50,189250
NIFTY-III.NFO,09/07/2024,09:42:52,24655.9,24655.65,125,24660,125,0,189250
NIFTY-III.NFO,09/07/2024,09:42:54,24660,24655.65,125,24660,100,25,189250
NIFTY-III.NFO,09/07/2024,09:42:55,24660,24655.7,100,24660,100,0,189250
NIFTY-III.NFO,09/07/2024,09:43:02,24655.05,24655.05,25,24660,175,25,189250
NIFTY-III.NFO,09/07/2024,09:43:04,24655.05,24655.05,25,24660,175,0,189250
NIFTY-III.NFO,09/07/2024,09:43:05,24655.05,24655.05,25,24659.95,75,0,189250
NIFTY-III.NFO,09/07/2024,09:43:07,24655.05,24655.05,25,24659.95,175,0,189250
NIFTY-III.NFO,09/07/2024,09:43:15,24659.95,24655.1,100,24659.9,100,125,189250
NIFTY-III.NFO,09/07/2024,09:43:17,24659.95,24655.15,100,24659.95,175,0,189250
NIFTY-III.NFO,09/07/2024,09:43:20,24659.95,24659.95,50,24660,100,0,189250
NIFTY-III.NFO,09/07/2024,09:43:22,24659.95,24659.95,50,24660,175,0,189250
NIFTY-III.NFO,09/07/2024,09:43:33,24659.95,24659.95,25,24660,150,25,189250
NIFTY-III.NFO,09/07/2024,09:43:35,24659.95,24659.95,25,24660,150,0,189250
NIFTY-III.NFO,09/07/2024,09:43:37,24659.95,24659.95,25,24660,100,0,189250
NIFTY-III.NFO,09/07/2024,09:43:38,24660,24661,25,24662,25,100,189250
NIFTY-III.NFO,09/07/2024,09:43:40,24660.3,24659.95,25,24662,25,75,189250
NIFTY-III.NFO,09/07/2024,09:43:40,24661,24659.95,25,24662,25,0,189250
NIFTY-III.NFO,09/07/2024,09:43:42,24660.3,24660,50,24662,25,0,189250
NIFTY-III.NFO,09/07/2024,09:43:43,24662,24661.55,25,24663,75,25,189250
NIFTY-III.NFO,09/07/2024,09:43:43,24662,24661.55,25,24663,75,0,189250
NIFTY-III.NFO,09/07/2024,09:43:45,24662,24660.2,125,24663,75,0,189250
NIFTY-III.NFO,09/07/2024,09:43:48,24662,24660.9,125,24663,75,0,189250
NIFTY-III.NFO,09/07/2024,09:43:51,24663,24663.35,75,24665,50,75,189250
NIFTY-III.NFO,09/07/2024,09:43:51,24663,24663.35,75,24665,50,0,189250
NIFTY-III.NFO,09/07/2024,09:43:53,24663,24662.35,50,24665,50,0,189250
NIFTY-III.NFO,09/07/2024,09:43:54,24665,24664.8,25,24666,50,75,189250
NIFTY-III.NFO,09/07/2024,09:43:54,24665,24664.8,25,24666,50,0,189250
NIFTY-III.NFO,09/07/2024,09:43:56,24666,24667.3,25,24668,50,50,189250
NIFTY-III.NFO,09/07/2024,09:43:56,24666,24667.3,25,24668,50,0,189250
NIFTY-III.NFO,09/07/2024,09:43:58,24666,24663.85,50,24668,50,0,189250
NIFTY-III.NFO,09/07/2024,09:43:59,24666,24662.65,125,24667.95,175,0,189250
NIFTY-III.NFO,09/07/2024,09:44:01,24666,24662.05,125,24667.95,175,0,189250
NIFTY-III.NFO,09/07/2024,09:44:03,24668.4,24665.8,25,24668.95,100,100,189250
NIFTY-III.NFO,09/07/2024,09:44:03,24668.4,24665.8,25,24668.95,100,0,189250
NIFTY-III.NFO,09/07/2024,09:44:04,24668.4,24666,225,24669,50,0,189250
NIFTY-III.NFO,09/07/2024,09:44:06,24668.4,24668.45,25,24669,50,0,189250
NIFTY-III.NFO,09/07/2024,09:44:07,24668.4,24667.45,25,24669,50,0,189250
NIFTY-III.NFO,09/07/2024,09:44:09,24668.4,24666.55,25,24668.95,100,0,189250
NIFTY-III.NFO,09/07/2024,09:44:11,24668.4,24666,225,24668.95,100,0,189250
NIFTY-III.NFO,09/07/2024,09:44:12,24666,24666.45,25,24668.95,100,25,189250
NIFTY-III.NFO,09/07/2024,09:44:14,24666,24666.45,25,24668.95,100,0,189250
NIFTY-III.NFO,09/07/2024,09:44:15,24666,24666.45,25,24669,50,0,189250
NIFTY-III.NFO,09/07/2024,09:44:17,24666,24667.4,25,24669,50,100,189250
NIFTY-III.NFO,09/07/2024,09:44:19,24669.95,24667.4,25,24669.95,50,100,189250
NIFTY-III.NFO,09/07/2024,09:44:19,24669.95,24667.4,25,24669.95,50,0,189250
NIFTY-III.NFO,09/07/2024,09:44:20,24669.95,24667.4,25,24669.95,50,0,189250
NIFTY-III.NFO,09/07/2024,09:44:23,24669.95,24666.35,25,24669.95,50,0,189250
NIFTY-III.NFO,09/07/2024,09:44:25,24669.95,24667.4,25,24669.95,75,0,189250
NIFTY-III.NFO,09/07/2024,09:44:28,24669.95,24666.3,25,24669.95,100,0,189250
NIFTY-III.NFO,09/07/2024,09:44:30,24669.95,24666.3,25,24669.95,125,0,189250
NIFTY-III.NFO,09/07/2024,09:44:31,24666,24666.3,25,24669.95,125,50,189250
NIFTY-III.NFO,09/07/2024,09:44:33,24666,24666.3,25,24669.95,125,0,189250
NIFTY-III.NFO,09/07/2024,09:44:36,24666,24666,75,24669.95,175,125,189250
NIFTY-III.NFO,09/07/2024,09:44:37,24666,24666,50,24669.95,150,25,189250
NIFTY-III.NFO,09/07/2024,09:44:39,24666,24666.5,50,24668.9,100,0,189250
NIFTY-III.NFO,09/07/2024,09:44:42,24666,24666.5,50,24667.35,100,0,189250
NIFTY-III.NFO,09/07/2024,09:44:43,24666,24662.2,25,24667.3,25,75,189250
NIFTY-III.NFO,09/07/2024,09:44:45,24666,24662.25,175,24668.8,25,0,189250
NIFTY-III.NFO,09/07/2024,09:44:47,24666,24663.15,25,24668.8,25,0,189250
NIFTY-III.NFO,09/07/2024,09:44:48,24666,24663.15,25,24668.15,25,0,189250
NIFTY-III.NFO,09/07/2024,09:44:52,24666,24664.6,25,24669.45,100,0,189250
NIFTY-III.NFO,09/07/2024,09:44:53,24666,24664.6,25,24666,50,0,189250
NIFTY-III.NFO,09/07/2024,09:44:55,24666,24663.6,25,24666,50,0,189250
NIFTY-III.NFO,09/07/2024,09:44:57,24663.6,24663.6,25,24666,50,25,189250
NIFTY-III.NFO,09/07/2024,09:44:58,24666,24662.75,25,24666,25,25,189250
NIFTY-III.NFO,09/07/2024,09:45:00,24666.75,24666,75,24668.8,100,175,189250
NIFTY-III.NFO,09/07/2024,09:45:01,24666.75,24666,75,24669.25,25,0,189250
NIFTY-III.NFO,09/07/2024,09:45:03,24666.75,24666,75,24666.75,100,0,189250
NIFTY-III.NFO,09/07/2024,09:45:06,24663.9,24662.2,150,24666.75,100,200,189250
NIFTY-III.NFO,09/07/2024,09:45:08,24663.9,24666,75,24666.75,100,0,189250
NIFTY-III.NFO,09/07/2024,09:45:10,24666,24666,50,24666.75,100,25,189250
NIFTY-III.NFO,09/07/2024,09:45:11,24666,24666,50,24666.75,100,0,189250
NIFTY-III.NFO,09/07/2024,09:45:13,24666,24666,25,24666.75,100,25,189250
NIFTY-III.NFO,09/07/2024,09:45:15,24666,24666.05,75,24666.75,100,0,189250
NIFTY-III.NFO,09/07/2024,09:45:20,24666,24665.6,25,24669.95,50,100,189250
NIFTY-III.NFO,09/07/2024,09:45:21,24666,24665.6,25,24669.95,50,0,189250
NIFTY-III.NFO,09/07/2024,09:45:23,24666,24665.75,25,24669.95,50,50,189250
NIFTY-III.NFO,09/07/2024,09:45:25,24666,24664.85,100,24669,25,0,189250
NIFTY-III.NFO,09/07/2024,09:45:26,24669.95,24664.85,100,24670,575,75,189250
NIFTY-III.NFO,09/07/2024,09:45:28,24669.95,24664.85,100,24670,575,0,189250
NIFTY-III.NFO,09/07/2024,09:45:30,24669.95,24664.55,200,24670,650,0,189250
NIFTY-III.NFO,09/07/2024,09:45:31,24669.95,24661.5,100,24666,25,0,189250
NIFTY-III.NFO,09/07/2024,09:45:33,24666,24661.5,100,24668.35,100,25,189175
NIFTY-III.NFO,09/07/2024,09:45:35,24666,24662.2,200,24668.6,100,0,189175
NIFTY-III.NFO,09/07/2024,09:45:37,24666,24663.85,200,24669.95,175,0,189175
NIFTY-III.NFO,09/07/2024,09:45:38,24666,24664.55,200,24670,575,0,189175
NIFTY-III.NFO,09/07/2024,09:45:40,24666,24665.25,100,24670,575,0,189175
NIFTY-III.NFO,09/07/2024,09:45:42,24670,24665.25,75,24669.95,100,50,189175
NIFTY-III.NFO,09/07/2024,09:45:42,24670,24665.25,75,24669.95,100,0,189175
NIFTY-III.NFO,09/07/2024,09:45:43,24669.95,24665,100,24669.95,100,25,189175
NIFTY-III.NFO,09/07/2024,09:45:45,24669.95,24665.45,100,24670,525,0,189175
NIFTY-III.NFO,09/07/2024,09:45:47,24669.95,24666.1,100,24670,550,0,189175
NIFTY-III.NFO,09/07/2024,09:45:50,24669.95,24666.1,75,24670,550,0,189175
NIFTY-III.NFO,09/07/2024,09:45:52,24669.95,24666,100,24669.95,100,0,189175
NIFTY-III.NFO,09/07/2024,09:45:53,24669.95,24666,50,24669.9,100,25,189175
NIFTY-III.NFO,09/07/2024,09:45:55,24670,24666.05,175,24670,525,150,189175
NIFTY-III.NFO,09/07/2024,09:45:57,24670,24666.3,25,24670,575,0,189175
NIFTY-III.NFO,09/07/2024,09:45:58,24670,24666.35,100,24670,1075,0,189175
NIFTY-III.NFO,09/07/2024,09:46:02,24670,24666.35,200,24670,1050,0,189175
NIFTY-III.NFO,09/07/2024,09:46:03,24670,24666.4,25,24670,1050,0,189175
NIFTY-III.NFO,09/07/2024,09:46:05,24670,24666.9,150,24670,1050,0,189175
NIFTY-III.NFO,09/07/2024,09:46:06,24670,24666.05,100,24670,1050,0,189175
NIFTY-III.NFO,09/07/2024,09:46:08,24670,24666.05,25,24669.95,50,0,189175
NIFTY-III.NFO,09/07/2024,09:46:10,24669.95,24666.05,25,24669.95,25,25,189175
NIFTY-III.NFO,09/07/2024,09:46:11,24669.95,24666,50,24669.95,75,25,189175
NIFTY-III.NFO,09/07/2024,09:46:13,24669.95,24666,125,24670,1075,0,189175
NIFTY-III.NFO,09/07/2024,09:46:16,24669.95,24666.05,25,24670,1100,0,189175
NIFTY-III.NFO,09/07/2024,09:46:18,24670,24666,50,24670,1075,25,189175
NIFTY-III.NFO,09/07/2024,09:46:23,24670,24666,125,24670,1100,0,189175
NIFTY-III.NFO,09/07/2024,09:46:25,24670,24666.05,25,24670,1100,0,189175
NIFTY-III.NFO,09/07/2024,09:46:26,24670,24666.05,100,24670,1100,0,189175
NIFTY-III.NFO,09/07/2024,09:46:28,24670,24666.05,100,24670,1125,0,189175
NIFTY-III.NFO,09/07/2024,09:46:29,24670,24666,50,24670,1100,25,189175
NIFTY-III.NFO,09/07/2024,09:46:31,24670,24666,50,24670,1100,0,189175
NIFTY-III.NFO,09/07/2024,09:46:37,24666,24664.4,25,24666,450,150,189175
NIFTY-III.NFO,09/07/2024,09:46:39,24666,24663.45,25,24666,450,0,189175
NIFTY-III.NFO,09/07/2024,09:46:41,24666,24660.05,100,24666,525,0,189175
NIFTY-III.NFO,09/07/2024,09:46:42,24666,24661.3,25,24666,525,0,189175
NIFTY-III.NFO,09/07/2024,09:46:45,24666,24661.35,175,24666,450,0,189175
NIFTY-III.NFO,09/07/2024,09:46:47,24666,24662.4,25,24666,450,0,189175
NIFTY-III.NFO,09/07/2024,09:46:50,24666,24662.4,25,24666,475,0,189175
NIFTY-III.NFO,09/07/2024,09:46:52,24666,24663.1,125,24666,475,0,189175
NIFTY-III.NFO,09/07/2024,09:46:54,24666,24663.45,25,24666,475,0,189175
NIFTY-III.NFO,09/07/2024,09:46:55,24666,24664.45,25,24666,475,0,189175
NIFTY-III.NFO,09/07/2024,09:47:00,24666,24664.45,25,24666,400,150,189175
NIFTY-III.NFO,09/07/2024,09:47:02,24666,24664.2,25,24666,400,0,189175
NIFTY-III.NFO,09/07/2024,09:47:07,24666,24665.55,25,24666,375,25,189175
NIFTY-III.NFO,09/07/2024,09:47:09,24663.05,24663.1,25,24666,350,75,189175
NIFTY-III.NFO,09/07/2024,09:47:10,24663.05,24663.1,25,24666,350,0,189175
NIFTY-III.NFO,09/07/2024,09:47:14,24663.05,24660,575,24665.8,150,0,189175
NIFTY-III.NFO,09/07/2024,09:47:17,24663.05,24661.05,25,24666,425,0,189175
NIFTY-III.NFO,09/07/2024,09:47:19,24663.05,24661.05,200,24666,425,0,189175
NIFTY-III.NFO,09/07/2024,09:47:20,24663.05,24661.75,175,24666,350,0,189175
NIFTY-III.NFO,09/07/2024,09:47:22,24663.05,24661.7,25,24666,350,0,189175
NIFTY-III.NFO,09/07/2024,09:47:24,24663.05,24661.75,25,24666,350,0,189175
NIFTY-III.NFO,09/07/2024,09:47:25,24666,24661.85,200,24666,325,25,189175
NIFTY-III.NFO,09/07/2024,09:47:27,24663.05,24664,50,24666,325,50,189175
NIFTY-III.NFO,09/07/2024,09:47:28,24663.05,24664.05,25,24666,325,0,189175
NIFTY-III.NFO,09/07/2024,09:47:30,24666,24664.1,25,24666,300,25,189175
NIFTY-III.NFO,09/07/2024,09:47:32,24666,24664.15,25,24666,300,0,189175
NIFTY-III.NFO,09/07/2024,09:47:33,24666,24664.2,25,24666,300,0,189175
NIFTY-III.NFO,09/07/2024,09:47:35,24664.2,24664.15,25,24666,275,25,189175
NIFTY-III.NFO,09/07/2024,09:47:37,24664.2,24664.2,25,24666,275,0,189175
NIFTY-III.NFO,09/07/2024,09:47:40,24666,24664.2,25,24666,250,25,189175
NIFTY-III.NFO,09/07/2024,09:47:42,24666,24664.2,25,24665.2,125,0,189175
NIFTY-III.NFO,09/07/2024,09:47:43,24666,24664.1,25,24665.8,125,0,189175
NIFTY-III.NFO,09/07/2024,09:47:45,24666,24664.15,25,24665.15,125,0,189175
NIFTY-III.NFO,09/07/2024,09:47:47,24664,24662,75,24664.9,75,75,189175
NIFTY-III.NFO,09/07/2024,09:47:48,24664,24662,75,24664.9,75,0,189175
NIFTY-III.NFO,09/07/2024,09:47:50,24661,24660,550,24663.1,75,250,189175
NIFTY-III.NFO,09/07/2024,09:47:52,24661,24660.05,25,24663.1,75,0,189175
NIFTY-III.NFO,09/07/2024,09:47:53,24663.1,24660.05,25,24663.1,50,25,189175
NIFTY-III.NFO,09/07/2024,09:47:55,24663.1,24660.05,25,24663.1,50,0,189175
NIFTY-III.NFO,09/07/2024,09:47:57,24660,24660,525,24663.1,50,50,189175
NIFTY-III.NFO,09/07/2024,09:47:58,24660,24660,525,24664.35,325,0,189175
NIFTY-III.NFO,09/07/2024,09:48:02,24660,24660,525,24664.35,75,0,189175
NIFTY-III.NFO,09/07/2024,09:48:03,24660,24660,600,24665.75,75,0,189175
NIFTY-III.NFO,09/07/2024,09:48:05,24660,24660,525,24665.75,75,0,189175
NIFTY-III.NFO,09/07/2024,09:48:07,24660,24660,500,24665.75,75,25,189175
NIFTY-III.NFO,09/07/2024,09:48:08,24660,24660,500,24665.75,75,0,189175
NIFTY-III.NFO,09/07/2024,09:48:11,24660,24660.05,100,24665.7,250,0,189175
NIFTY-III.NFO,09/07/2024,09:48:13,24660,24660,450,24665.7,250,25,189175
NIFTY-III.NFO,09/07/2024,09:48:15,24660,24660.05,100,24665.75,75,0,189175
NIFTY-III.NFO,09/07/2024,09:48:18,24660.05,24660.1,100,24665,50,50,189175
NIFTY-III.NFO,09/07/2024,09:48:20,24660.05,24660.1,100,24665,50,0,189175
NIFTY-III.NFO,09/07/2024,09:48:21,24660.05,24660.05,100,24665,125,0,189175
NIFTY-III.NFO,09/07/2024,09:48:23,24660.05,24660.05,100,24665,150,25,189175
NIFTY-III.NFO,09/07/2024,09:48:25,24660.05,24660.05,100,24664.95,75,0,189175
NIFTY-III.NFO,09/07/2024,09:48:29,24660.05,24660.05,100,24665,150,0,189175
NIFTY-III.NFO,09/07/2024,09:48:31,24660.05,24660.05,175,24665,150,0,189175
NIFTY-III.NFO,09/07/2024,09:48:33,24660.05,24660,450,24664.95,75,0,189175
NIFTY-III.NFO,09/07/2024,09:48:34,24660.05,24660.05,100,24664.95,100,25,189175
NIFTY-III.NFO,09/07/2024,09:48:36,24660.05,24660.05,100,24664.95,100,0,189175
NIFTY-III.NFO,09/07/2024,09:48:39,24660.05,24660,450,24664.35,100,0,189175
NIFTY-III.NFO,09/07/2024,09:48:43,24660.05,24660,450,24663.5,175,0,189175
NIFTY-III.NFO,09/07/2024,09:48:45,24660.05,24660.05,100,24665,150,0,189175
NIFTY-III.NFO,09/07/2024,09:48:46,24660.05,24660.05,100,24664.95,75,0,189175
NIFTY-III.NFO,09/07/2024,09:48:48,24660.05,24660.05,100,24664.9,100,0,189175
NIFTY-III.NFO,09/07/2024,09:48:51,24660.05,24660,500,24664.9,100,0,189175
NIFTY-III.NFO,09/07/2024,09:48:56,24660.05,24660,500,24663.65,100,0,189175
NIFTY-III.NFO,09/07/2024,09:48:57,24660.05,24660,500,24663.7,75,0,189175
NIFTY-III.NFO,09/07/2024,09:48:59,24660.05,24660.05,100,24664.9,100,0,189175
NIFTY-III.NFO,09/07/2024,09:49:01,24660.05,24660,500,24664.65,100,25,189175
NIFTY-III.NFO,09/07/2024,09:49:02,24660.05,24660,500,24660.05,25,0,189175
NIFTY-III.NFO,09/07/2024,09:49:05,24660.05,24660,525,24660.05,25,0,189175
NIFTY-III.NFO,09/07/2024,09:49:10,24660,24660,500,24660.05,25,25,189175
NIFTY-III.NFO,09/07/2024,09:49:12,24660.05,24660,475,24662.85,100,25,189175
NIFTY-III.NFO,09/07/2024,09:49:13,24660,24660,350,24660.85,100,100,189175
NIFTY-III.NFO,09/07/2024,09:49:15,24660,24660,350,24661.9,175,0,189175
NIFTY-III.NFO,09/07/2024,09:49:17,24660,24660,250,24662.35,100,100,189175
NIFTY-III.NFO,09/07/2024,09:49:18,24660,24660,250,24662.35,175,0,189175
NIFTY-III.NFO,09/07/2024,09:49:20,24660,24660,250,24661.7,175,0,189175
NIFTY-III.NFO,09/07/2024,09:49:22,24660,24660,250,24661.5,175,0,189175
NIFTY-III.NFO,09/07/2024,09:49:23,24660,24660,250,24660.9,75,0,189175
NIFTY-III.NFO,09/07/2024,09:49:25,24660,24660,225,24661.5,100,25,189175
NIFTY-III.NFO,09/07/2024,09:49:26,24660,24660,225,24661.75,100,0,189175
NIFTY-III.NFO,09/07/2024,09:49:28,24660,24660,225,24662.95,100,0,189175
NIFTY-III.NFO,09/07/2024,09:49:30,24660,24660,225,24663,125,0,189175
NIFTY-III.NFO,09/07/2024,09:49:31,24660,24660,225,24663,50,0,189175
NIFTY-III.NFO,09/07/2024,09:49:34,24660,24660,225,24662.95,175,0,189175
NIFTY-III.NFO,09/07/2024,09:49:36,24660,24660,225,24662.7,100,0,189175
NIFTY-III.NFO,09/07/2024,09:49:38,24660,24660,225,24662.95,175,0,189175
NIFTY-III.NFO,09/07/2024,09:49:39,24660,24660,175,24662.95,75,50,189175
NIFTY-III.NFO,09/07/2024,09:49:41,24660,24660,175,24662.6,125,0,189175
NIFTY-III.NFO,09/07/2024,09:49:43,24660,24660,125,24660.35,175,50,189175
NIFTY-III.NFO,09/07/2024,09:49:45,24660,24651.7,75,24660,75,125,189175
NIFTY-III.NFO,09/07/2024,09:49:46,24660,24651.7,75,24660,100,0,189175
NIFTY-III.NFO,09/07/2024,09:49:48,24660,24651.7,75,24660,125,0,189175
NIFTY-III.NFO,09/07/2024,09:49:50,24660,24652.3,75,24660,125,0,189175
NIFTY-III.NFO,09/07/2024,09:49:51,24660,24652.3,75,24660,150,0,189175
NIFTY-III.NFO,09/07/2024,09:49:55,24660,24652.3,75,24659.95,100,0,189175
NIFTY-III.NFO,09/07/2024,09:49:56,24660,24651.5,75,24659.95,100,0,189175
NIFTY-III.NFO,09/07/2024,09:50:00,24660,24651.5,75,24659.85,175,0,189175
NIFTY-III.NFO,09/07/2024,09:50:03,24660,24652.5,75,24658.1,100,0,189175
NIFTY-III.NFO,09/07/2024,09:50:05,24658.1,24652.95,100,24658.1,100,25,189175
NIFTY-III.NFO,09/07/2024,09:50:06,24658.1,24652.65,75,24658.15,150,0,189175
NIFTY-III.NFO,09/07/2024,09:50:08,24658.1,24651.5,100,24658.4,175,0,189175
NIFTY-III.NFO,09/07/2024,09:50:10,24658.1,24651.5,100,24658.1,100,0,189175
NIFTY-III.NFO,09/07/2024,09:50:11,24654.9,24651.5,75,24658.05,100,50,189175
NIFTY-III.NFO,09/07/2024,09:50:13,24654.9,24651.5,75,24658.05,100,0,189175
NIFTY-III.NFO,09/07/2024,09:50:15,24654.9,24651.5,75,24658.1,100,0,189175
NIFTY-III.NFO,09/07/2024,09:50:16,24660,24655.1,75,24660,100,50,189175
NIFTY-III.NFO,09/07/2024,09:50:18,24660,24655.1,75,24660,100,0,189175
NIFTY-III.NFO,09/07/2024,09:50:21,24660,24655.1,75,24660,75,25,189175
NIFTY-III.NFO,09/07/2024,09:50:23,24660,24655.1,75,24660,50,25,189175
NIFTY-III.NFO,09/07/2024,09:50:25,24660,24655.1,75,24660,50,0,189175
NIFTY-III.NFO,09/07/2024,09:50:26,24660,24656.85,150,24662.35,100,50,189175
NIFTY-III.NFO,09/07/2024,09:50:28,24660,24657.15,150,24663.65,175,0,189175
NIFTY-III.NFO,09/07/2024,09:50:30,24660,24657.2,25,24662.7,175,0,189175
NIFTY-III.NFO,09/07/2024,09:50:33,24660,24657.25,25,24662.15,100,0,189175
NIFTY-III.NFO,09/07/2024,09:50:35,24660,24657.25,25,24662.15,150,0,189175
NIFTY-III.NFO,09/07/2024,09:50:36,24660,24657.2,25,24662.05,175,0,189175
NIFTY-III.NFO,09/07/2024,09:50:38,24660,24657.2,25,24660,50,25,189175
NIFTY-III.NFO,09/07/2024,09:50:40,24660,24657.25,25,24660,50,0,189175
NIFTY-III.NFO,09/07/2024,09:50:42,24662.45,24657.3,100,24662.45,75,200,189175
NIFTY-III.NFO,09/07/2024,09:50:44,24662.45,24657.3,100,24663.05,325,25,189175
NIFTY-III.NFO,09/07/2024,09:50:45,24662.45,24657.35,100,24663.05,250,0,189175
NIFTY-III.NFO,09/07/2024,09:50:47,24663.05,24657.35,100,24663.4,325,25,189175
NIFTY-III.NFO,09/07/2024,09:50:49,24663.05,24657.35,100,24663.7,325,0,189175
NIFTY-III.NFO,09/07/2024,09:50:54,24663.05,24657.25,25,24662.9,325,0,189175
NIFTY-III.NFO,09/07/2024,09:50:55,24663.05,24657.25,25,24662.75,175,0,189175
NIFTY-III.NFO,09/07/2024,09:50:57,24663.05,24660.05,25,24661.2,50,0,189175
NIFTY-III.NFO,09/07/2024,09:51:00,24663.05,24660.05,25,24662.45,150,0,189175
NIFTY-III.NFO,09/07/2024,09:51:02,24663.05,24660.05,25,24662.45,25,0,189175
NIFTY-III.NFO,09/07/2024,09:51:05,24663.05,24660,25,24662.45,25,0,189175
NIFTY-III.NFO,09/07/2024,09:51:09,24662.4,24660,25,24662.4,150,25,189175
NIFTY-III.NFO,09/07/2024,09:51:10,24662.4,24660,25,24662.4,75,0,189175
NIFTY-III.NFO,09/07/2024,09:51:12,24662.4,24660,25,24662.45,25,25,189175
NIFTY-III.NFO,09/07/2024,09:51:14,24662.45,24660,25,24662.4,50,25,189175
NIFTY-III.NFO,09/07/2024,09:51:15,24662.45,24660,25,24663.55,50,0,189175
NIFTY-III.NFO,09/07/2024,09:51:20,24660,24655.4,100,24662.4,125,25,189175
NIFTY-III.NFO,09/07/2024,09:51:22,24660,24655.4,100,24662.4,125,0,189175
NIFTY-III.NFO,09/07/2024,09:51:24,24660,24654.4,100,24662.4,125,0,189175
NIFTY-III.NFO,09/07/2024,09:51:25,24660,24651.95,100,24660.55,75,0,189175
NIFTY-III.NFO,09/07/2024,09:51:27,24660,24653,75,24658.7,125,0,189175
NIFTY-III.NFO,09/07/2024,09:51:29,24660,24651.75,75,24657.55,125,0,189175
NIFTY-III.NFO,09/07/2024,09:51:30,24660,24653.8,150,24659.6,125,0,189175
NIFTY-III.NFO,09/07/2024,09:51:32,24660,24653.15,100,24660,125,0,189175
NIFTY-III.NFO,09/07/2024,09:51:34,24660,24653.15,100,24660,75,0,189175
NIFTY-III.NFO,09/07/2024,09:51:35,24660,24651.25,100,24658.9,125,0,189175
NIFTY-III.NFO,09/07/2024,09:51:37,24660,24651.05,175,24658.4,125,0,189175
NIFTY-III.NFO,09/07/2024,09:51:39,24660,24651.05,175,24658.4,75,0,189175
NIFTY-III.NFO,09/07/2024,09:51:41,24660,24651.05,175,24659.65,75,0,189175
NIFTY-III.NFO,09/07/2024,09:51:45,24660,24652.85,100,24660.85,75,0,189175
NIFTY-III.NFO,09/07/2024,09:51:46,24660,24652.85,100,24660.8,50,0,189175
NIFTY-III.NFO,09/07/2024,09:51:48,24660,24653.6,100,24660.85,75,0,189175
NIFTY-III.NFO,09/07/2024,09:51:51,24660,24656.55,75,24661.75,75,0,189175
NIFTY-III.NFO,09/07/2024,09:51:53,24660,24657.45,75,24662.55,125,0,189175
NIFTY-III.NFO,09/07/2024,09:51:56,24662.1,24656.15,150,24662.1,100,25,189175
NIFTY-III.NFO,09/07/2024,09:51:58,24662.1,24656.9,150,24662.55,125,0,189300
NIFTY-III.NFO,09/07/2024,09:52:00,24662.1,24656.9,75,24662.55,125,0,189300
NIFTY-III.NFO,09/07/2024,09:52:01,24662.1,24656,150,24661.4,125,0,189300
NIFTY-III.NFO,09/07/2024,09:52:03,24662.1,24653.75,100,24660.55,125,0,189300
NIFTY-III.NFO,09/07/2024,09:52:06,24653.75,24652.45,100,24656,25,25,189300
NIFTY-III.NFO,09/07/2024,09:52:08,24653.75,24652.45,100,24656,25,0,189300
NIFTY-III.NFO,09/07/2024,09:52:11,24653.75,24652.85,175,24656,25,0,189300
NIFTY-III.NFO,09/07/2024,09:52:13,24653.75,24652.2,175,24656,25,0,189300
NIFTY-III.NFO,09/07/2024,09:52:16,24656,24652.25,100,24659.95,100,25,189300
NIFTY-III.NFO,09/07/2024,09:52:17,24656,24652.35,175,24659.95,100,0,189300
NIFTY-III.NFO,09/07/2024,09:52:19,24656,24653,100,24659.95,100,0,189300
NIFTY-III.NFO,09/07/2024,09:52:22,24653,24652.4,100,24659.9,50,25,189300
NIFTY-III.NFO,09/07/2024,09:52:24,24653,24652.4,100,24659.9,50,0,189300
NIFTY-III.NFO,09/07/2024,09:52:25,24653,24651.4,100,24659.9,50,0,189300
NIFTY-III.NFO,09/07/2024,09:52:27,24651.2,24652.15,50,24659.9,100,225,189300
NIFTY-III.NFO,09/07/2024,09:52:28,24651.2,24652.15,50,24659.9,100,0,189300
NIFTY-III.NFO,09/07/2024,09:52:35,24652.65,24652.65,25,24659.95,175,25,189300
NIFTY-III.NFO,09/07/2024,09:52:36,24652.65,24652.95,25,24659.95,175,0,189300
NIFTY-III.NFO,09/07/2024,09:52:38,24652.95,24652.9,75,24659.95,175,25,189300
NIFTY-III.NFO,09/07/2024,09:52:39,24652.95,24652.9,75,24659.95,175,0,189300
NIFTY-III.NFO,09/07/2024,09:52:42,24652.9,24652.9,50,24659.95,175,25,189300
NIFTY-III.NFO,09/07/2024,09:52:43,24652.9,24652.9,50,24659.95,175,0,189300
NIFTY-III.NFO,09/07/2024,09:52:46,24652.9,24652.9,75,24659.95,175,25,189300
NIFTY-III.NFO,09/07/2024,09:52:48,24652.9,24653.55,125,24658,25,0,189300
NIFTY-III.NFO,09/07/2024,09:52:51,24658,24654.25,125,24660,75,25,189300
NIFTY-III.NFO,09/07/2024,09:52:53,24654.55,24655.15,125,24659.95,100,25,189300
NIFTY-III.NFO,09/07/2024,09:52:55,24654.55,24655.8,125,24660,75,0,189300
NIFTY-III.NFO,09/07/2024,09:52:56,24656.65,24656.65,75,24660,75,50,189300
NIFTY-III.NFO,09/07/2024,09:52:58,24656.65,24654.65,150,24660,150,25,189300
NIFTY-III.NFO,09/07/2024,09:53:00,24654.65,24654.75,75,24659.9,175,25,189300
NIFTY-III.NFO,09/07/2024,09:53:01,24654.65,24653.6,75,24659.9,75,0,189300
NIFTY-III.NFO,09/07/2024,09:53:03,24654.65,24653.6,75,24659.95,175,0,189300
NIFTY-III.NFO,09/07/2024,09:53:05,24654.65,24652.9,100,24659.95,175,0,189300
NIFTY-III.NFO,09/07/2024,09:53:06,24654.65,24652.95,25,24659.95,175,0,189300
NIFTY-III.NFO,09/07/2024,09:53:11,24654.65,24654.65,25,24659.95,175,0,189300
NIFTY-III.NFO,09/07/2024,09:53:13,24654.65,24654.65,100,24660,75,0,189300
NIFTY-III.NFO,09/07/2024,09:53:19,24654.65,24656.05,200,24660,75,0,189300
NIFTY-III.NFO,09/07/2024,09:53:21,24660,24656.25,150,24660,50,25,189300
NIFTY-III.NFO,09/07/2024,09:53:23,24660,24656.4,150,24660,50,0,189300
NIFTY-III.NFO,09/07/2024,09:53:24,24660,24657.25,75,24660,25,25,189300
NIFTY-III.NFO,09/07/2024,09:53:26,24660,24657.25,75,24663.15,100,25,189300
NIFTY-III.NFO,09/07/2024,09:53:27,24660,24657.25,75,24663.15,100,0,189300
NIFTY-III.NFO,09/07/2024,09:53:29,24660,24657.25,75,24663.45,100,0,189300
NIFTY-III.NFO,09/07/2024,09:53:31,24663.95,24659.15,100,24663.95,100,50,189300
NIFTY-III.NFO,09/07/2024,09:53:32,24663.95,24659.65,25,24664,25,0,189300
NIFTY-III.NFO,09/07/2024,09:53:34,24663.95,24658.4,100,24663.95,175,0,189300
NIFTY-III.NFO,09/07/2024,09:53:36,24663.95,24657.65,100,24663.95,175,0,189300
NIFTY-III.NFO,09/07/2024,09:53:37,24663.95,24658.1,25,24663.95,100,0,189300
NIFTY-III.NFO,09/07/2024,09:53:39,24663.95,24658.1,25,24663.95,175,0,189300
NIFTY-III.NFO,09/07/2024,09:53:42,24663.95,24657.3,125,24663.9,100,25,189300
NIFTY-III.NFO,09/07/2024,09:53:43,24663,24658.8,125,24663,475,25,189300
NIFTY-III.NFO,09/07/2024,09:53:45,24663,24659,50,24663,475,0,189300
NIFTY-III.NFO,09/07/2024,09:53:47,24663,24659.1,50,24663,475,0,189300
NIFTY-III.NFO,09/07/2024,09:53:48,24663,24659.2,75,24663,475,0,189300
NIFTY-III.NFO,09/07/2024,09:53:50,24663,24659.25,25,24663,450,25,189300
NIFTY-III.NFO,09/07/2024,09:53:52,24663,24659.25,25,24662.95,100,0,189300
NIFTY-III.NFO,09/07/2024,09:53:53,24663,24659.25,25,24663,450,0,189300
NIFTY-III.NFO,09/07/2024,09:53:56,24663,24659.25,100,24663,450,0,189300
NIFTY-III.NFO,09/07/2024,09:53:58,24663,24659.3,50,24663,450,0,189300
NIFTY-III.NFO,09/07/2024,09:54:00,24663,24659.4,25,24662.95,100,0,189300
NIFTY-III.NFO,09/07/2024,09:54:01,24663,24659.35,100,24663,450,0,189300
NIFTY-III.NFO,09/07/2024,09:54:03,24663,24659.45,25,24662.95,100,25,189300
NIFTY-III.NFO,09/07/2024,09:54:05,24663,24659.5,125,24663,425,0,189300
NIFTY-III.NFO,09/07/2024,09:54:06,24663,24660,50,24663,375,50,189300
NIFTY-III.NFO,09/07/2024,09:54:08,24663,24660,125,24663,325,50,189300
NIFTY-III.NFO,09/07/2024,09:54:10,24663,24660,50,24663,300,25,189300
NIFTY-III.NFO,09/07/2024,09:54:11,24663,24660,50,24663,275,25,189300
NIFTY-III.NFO,09/07/2024,09:54:13,24663,24660,125,24663,250,25,189300
NIFTY-III.NFO,09/07/2024,09:54:15,24663,24660,125,24663,250,0,189300
NIFTY-III.NFO,09/07/2024,09:54:16,24663,24660,50,24663,225,25,189300
NIFTY-III.NFO,09/07/2024,09:54:18,24663,24660,50,24663,225,0,189300
NIFTY-III.NFO,09/07/2024,09:54:21,24663,24660.05,75,24663,200,25,189300
NIFTY-III.NFO,09/07/2024,09:54:23,24663,24660,50,24662.95,100,25,189300
NIFTY-III.NFO,09/07/2024,09:54:24,24663,24660,50,24663,175,0,189300
NIFTY-III.NFO,09/07/2024,09:54:26,24660,24660,25,24662.95,100,25,189300
NIFTY-III.NFO,09/07/2024,09:54:28,24660,24660,25,24662.95,100,0,189300
NIFTY-III.NFO,09/07/2024,09:54:30,24660,24660,50,24663,175,25,189300
NIFTY-III.NFO,09/07/2024,09:54:31,24660,24660,50,24663,225,0,189300
NIFTY-III.NFO,09/07/2024,09:54:33,24660,24660,50,24662.95,175,0,189300
NIFTY-III.NFO,09/07/2024,09:54:36,24660,24660,50,24662.95,100,0,189300
NIFTY-III.NFO,09/07/2024,09:54:39,24660,24660,50,24662.95,175,0,189300
NIFTY-III.NFO,09/07/2024,09:54:42,24662.95,24660,50,24662.95,25,200,188975
NIFTY-III.NFO,09/07/2024,09:54:44,24662.95,24660,50,24662.85,75,0,188975
NIFTY-III.NFO,09/07/2024,09:54:46,24662.95,24660,50,24662.65,150,0,188975
NIFTY-III.NFO,09/07/2024,09:54:47,24662.95,24655.6,100,24662.65,150,0,188975
NIFTY-III.NFO,09/07/2024,09:54:49,24662.95,24656.05,100,24662.65,150,0,188975
NIFTY-III.NFO,09/07/2024,09:54:54,24662.95,24656.2,100,24662.65,150,0,188975
NIFTY-III.NFO,09/07/2024,09:54:56,24662.95,24656.5,100,24662.65,150,0,188975
NIFTY-III.NFO,09/07/2024,09:54:57,24662.95,24656.05,100,24662.5,125,0,188975
NIFTY-III.NFO,09/07/2024,09:55:01,24662.95,24656.05,100,24662,250,0,188975
NIFTY-III.NFO,09/07/2024,09:55:02,24662,24656.05,100,24662,225,25,188975
NIFTY-III.NFO,09/07/2024,09:55:04,24662,24656.2,100,24662,150,0,188975
NIFTY-III.NFO,09/07/2024,09:55:05,24662,24657.75,100,24662,150,0,188975
NIFTY-III.NFO,09/07/2024,09:55:07,24662,24657.85,175,24662.5,50,0,188975
NIFTY-III.NFO,09/07/2024,09:55:09,24662,24657.8,100,24662.5,50,0,188975
NIFTY-III.NFO,09/07/2024,09:55:10,24662,24657.85,25,24662.5,125,0,188975
NIFTY-III.NFO,09/07/2024,09:55:12,24662,24657.9,175,24662.5,50,0,188975
NIFTY-III.NFO,09/07/2024,09:55:14,24660,24657.9,175,24662.5,50,25,188975
NIFTY-III.NFO,09/07/2024,09:55:15,24660,24657.9,75,24662.5,50,0,188975
NIFTY-III.NFO,09/07/2024,09:55:17,24660,24657.9,175,24662.5,50,0,188975
NIFTY-III.NFO,09/07/2024,09:55:19,24660,24657.85,25,24662.25,225,0,188975
NIFTY-III.NFO,09/07/2024,09:55:22,24660,24657.85,25,24662.25,150,0,188975
NIFTY-III.NFO,09/07/2024,09:55:24,24662.25,24657.25,225,24662.25,100,50,188975
NIFTY-III.NFO,09/07/2024,09:55:25,24662.25,24657.25,225,24662.25,75,25,188975
NIFTY-III.NFO,09/07/2024,09:55:27,24662.25,24656.5,175,24662.25,75,50,188975
NIFTY-III.NFO,09/07/2024,09:55:29,24662.25,24656.3,100,24662.25,75,0,188975
NIFTY-III.NFO,09/07/2024,09:55:30,24662.25,24656.3,175,24662.25,75,0,188975
NIFTY-III.NFO,09/07/2024,09:55:32,24662.25,24656.4,175,24662.25,75,0,188975
NIFTY-III.NFO,09/07/2024,09:55:35,24662.25,24656.7,175,24662.5,50,0,188975
NIFTY-III.NFO,09/07/2024,09:55:37,24662,24659.6,100,24663,75,75,188975
NIFTY-III.NFO,09/07/2024,09:55:39,24663,24659.6,100,24664,25,75,188975
NIFTY-III.NFO,09/07/2024,09:55:41,24665,24659.9,100,24662,25,50,188975
NIFTY-III.NFO,09/07/2024,09:55:43,24665,24660.1,100,24667,125,50,188975
NIFTY-III.NFO,09/07/2024,09:55:44,24665,24660.2,100,24664,500,0,188975
NIFTY-III.NFO,09/07/2024,09:55:46,24665,24660.35,100,24664,500,0,188975
NIFTY-III.NFO,09/07/2024,09:55:47,24665,24660.35,100,24665,500,0,188975
NIFTY-III.NFO,09/07/2024,09:55:49,24665,24660.45,175,24664,100,0,188975
NIFTY-III.NFO,09/07/2024,09:55:51,24665,24661,175,24664,100,0,188975
NIFTY-III.NFO,09/07/2024,09:55:52,24664,24661,175,24663,500,50,188975
NIFTY-III.NFO,09/07/2024,09:55:54,24664,24661,25,24663,500,0,188975
NIFTY-III.NFO,09/07/2024,09:55:57,24664,24661.15,175,24667,50,50,188975
NIFTY-III.NFO,09/07/2024,09:55:59,24667,24661.35,175,24665,25,25,188975
NIFTY-III.NFO,09/07/2024,09:56:01,24667,24664,25,24665,25,0,188975
NIFTY-III.NFO,09/07/2024,09:56:02,24664,24661.3,100,24664,475,50,188975
NIFTY-III.NFO,09/07/2024,09:56:04,24664,24661.3,100,24664,475,0,188975
NIFTY-III.NFO,09/07/2024,09:56:06,24664,24661.35,25,24664,475,0,188975
NIFTY-III.NFO,09/07/2024,09:56:07,24664,24661.4,25,24664,475,0,188975
NIFTY-III.NFO,09/07/2024,09:56:09,24664,24661.45,25,24664,425,50,188975
NIFTY-III.NFO,09/07/2024,09:56:11,24664,24661.45,25,24664,425,0,188975
NIFTY-III.NFO,09/07/2024,09:56:12,24664,24661.4,25,24664,125,25,188975
NIFTY-III.NFO,09/07/2024,09:56:14,24664,24661.5,100,24664,125,0,188975
NIFTY-III.NFO,09/07/2024,09:56:15,24664,24661.55,100,24667.6,75,25,188975
NIFTY-III.NFO,09/07/2024,09:56:17,24664,24661.65,175,24668.15,125,25,188975
NIFTY-III.NFO,09/07/2024,09:56:19,24668.15,24661.6,100,24668,100,25,188975
NIFTY-III.NFO,09/07/2024,09:56:20,24668.15,24661.65,100,24668,100,0,188975
NIFTY-III.NFO,09/07/2024,09:56:25,24668.15,24661.7,100,24668,100,0,188975
NIFTY-III.NFO,09/07/2024,09:56:27,24668,24661.65,100,24667,375,25,188975
NIFTY-III.NFO,09/07/2024,09:56:29,24667,24661.7,175,24667,275,25,188975
NIFTY-III.NFO,09/07/2024,09:56:30,24667,24661.7,75,24667,350,0,188975
NIFTY-III.NFO,09/07/2024,09:56:32,24667,24661.65,175,24667,350,0,188975
NIFTY-III.NFO,09/07/2024,09:56:33,24667,24661.65,75,24667,325,25,188975
NIFTY-III.NFO,09/07/2024,09:56:35,24667,24661.7,100,24669.05,75,0,188975
NIFTY-III.NFO,09/07/2024,09:56:37,24669.05,24661.7,100,24669.05,50,25,188975
NIFTY-III.NFO,09/07/2024,09:56:38,24669.05,24661.7,100,24669.05,50,0,188975
NIFTY-III.NFO,09/07/2024,09:56:41,24669.05,24661.8,175,24669,75,0,188975
NIFTY-III.NFO,09/07/2024,09:56:43,24669.05,24661.75,100,24669,100,0,188975
NIFTY-III.NFO,09/07/2024,09:56:45,24669.05,24661.75,100,24669,25,0,188975
NIFTY-III.NFO,09/07/2024,09:56:46,24669.05,24661.75,100,24668,100,0,188975
NIFTY-III.NFO,09/07/2024,09:56:48,24669.05,24661.8,175,24668,100,0,188975
NIFTY-III.NFO,09/07/2024,09:56:50,24669.05,24661.8,75,24668,100,0,188975
NIFTY-III.NFO,09/07/2024,09:56:51,24668,24661.8,100,24668,75,25,188975
NIFTY-III.NFO,09/07/2024,09:56:53,24668,24661.8,75,24668,75,0,188975
NIFTY-III.NFO,09/07/2024,09:56:55,24668,24661.75,25,24668,75,0,188975
NIFTY-III.NFO,09/07/2024,09:56:58,24668,24660.7,100,24668,75,0,188975
NIFTY-III.NFO,09/07/2024,09:57:00,24668,24659.6,100,24668,75,0,188975
NIFTY-III.NFO,09/07/2024,09:57:01,24668,24659.6,100,24668,100,0,188975
NIFTY-III.NFO,09/07/2024,09:57:05,24668,24659.6,100,24667.7,125,0,188975
NIFTY-III.NFO,09/07/2024,09:57:06,24658.8,24658.45,100,24666.8,25,50,188975
NIFTY-III.NFO,09/07/2024,09:57:08,24658.8,24658.45,100,24666.7,100,0,188975
NIFTY-III.NFO,09/07/2024,09:57:10,24658.8,24656.75,100,24664.95,25,0,188975
NIFTY-III.NFO,09/07/2024,09:57:11,24658.8,24657.5,100,24665,100,0,188975
NIFTY-III.NFO,09/07/2024,09:57:13,24658.8,24657.5,100,24664.95,25,0,188975
NIFTY-III.NFO,09/07/2024,09:57:15,24665,24657.5,100,24665,75,25,188975
NIFTY-III.NFO,09/07/2024,09:57:16,24665,24657.5,100,24664.95,25,0,188975
NIFTY-III.NFO,09/07/2024,09:57:18,24665,24657.9,125,24665.95,100,0,188975
NIFTY-III.NFO,09/07/2024,09:57:20,24665,24658.3,100,24665.95,100,0,188975
NIFTY-III.NFO,09/07/2024,09:57:21,24665,24658.8,100,24665.95,100,0,188975
NIFTY-III.NFO,09/07/2024,09:57:23,24665,24660.35,100,24666,25,0,188975
NIFTY-III.NFO,09/07/2024,09:57:25,24665,24660.45,175,24666,25,0,188975
NIFTY-III.NFO,09/07/2024,09:57:28,24665,24660.65,100,24666,25,0,188975
NIFTY-III.NFO,09/07/2024,09:57:30,24665,24660.9,100,24665,50,0,188975
NIFTY-III.NFO,09/07/2024,09:57:33,24665,24659.85,175,24665,50,0,188975
NIFTY-III.NFO,09/07/2024,09:57:35,24665,24659.85,175,24665,100,25,188725
NIFTY-III.NFO,09/07/2024,09:57:36,24665,24659.85,175,24665,25,0,188725
NIFTY-III.NFO,09/07/2024,09:57:40,24665,24658.4,175,24665,75,25,188725
NIFTY-III.NFO,09/07/2024,09:57:55,24658.4,24659.85,100,24666,100,125,188725
NIFTY-III.NFO,09/07/2024,09:58:41,24661.1,24661.7,150,24665,25,275,188725
NIFTY-III.NFO,09/07/2024,09:58:43,24661.1,24660.85,150,24665,25,0,188725
NIFTY-III.NFO,09/07/2024,09:58:45,24661.1,24660.85,75,24665,25,0,188725
NIFTY-III.NFO,09/07/2024,09:58:48,24661.1,24660.85,150,24665,25,0,188725
NIFTY-III.NFO,09/07/2024,09:58:50,24661.1,24660.85,75,24665,25,0,188725
NIFTY-III.NFO,09/07/2024,09:58:51,24661.1,24660.85,150,24665,125,0,188725
NIFTY-III.NFO,09/07/2024,09:58:53,24661.1,24662.4,75,24665,125,0,188725
NIFTY-III.NFO,09/07/2024,09:58:55,24661.1,24662.4,150,24665,125,0,188725
NIFTY-III.NFO,09/07/2024,09:58:59,24661.1,24662.4,225,24665,125,0,188725
NIFTY-III.NFO,09/07/2024,09:59:01,24661.1,24662.45,150,24665,125,0,188725
NIFTY-III.NFO,09/07/2024,09:59:03,24661.1,24663.25,75,24665,125,0,188725
NIFTY-III.NFO,09/07/2024,09:59:05,24661.1,24662.15,150,24665,125,0,188725
NIFTY-III.NFO,09/07/2024,09:59:06,24661.1,24661.6,75,24665,125,0,188725
NIFTY-III.NFO,09/07/2024,09:59:08,24661.1,24661.9,500,24665,125,0,188725
NIFTY-III.NFO,09/07/2024,09:59:10,24661.1,24661.95,75,24665,125,0,188725
NIFTY-III.NFO,09/07/2024,09:59:11,24661.1,24663,150,24665,125,0,188725
NIFTY-III.NFO,09/07/2024,09:59:13,24661.1,24662.15,75,24665,125,0,188725
NIFTY-III.NFO,09/07/2024,09:59:15,24661.1,24661.95,500,24665,125,0,188725
NIFTY-III.NFO,09/07/2024,09:59:16,24661.1,24661.2,75,24665,125,0,188725
NIFTY-III.NFO,09/07/2024,09:59:18,24661.2,24661.2,75,24665,125,25,188725
NIFTY-III.NFO,09/07/2024,09:59:20,24661.2,24662,25,24664.95,100,0,188725
NIFTY-III.NFO,09/07/2024,09:59:23,24661.2,24662,25,24665,125,0,188725
NIFTY-III.NFO,09/07/2024,09:59:26,24661.2,24662.05,50,24665,125,0,188725
NIFTY-III.NFO,09/07/2024,09:59:28,24661.2,24662.35,50,24665,125,0,188725
NIFTY-III.NFO,09/07/2024,09:59:31,24661.2,24663.2,50,24665,125,0,188725
NIFTY-III.NFO,09/07/2024,09:59:33,24661.2,24662.25,125,24665,125,0,188725
NIFTY-III.NFO,09/07/2024,09:59:34,24661.2,24662.25,50,24665,125,0,188725
NIFTY-III.NFO,09/07/2024,09:59:36,24661.2,24663.45,50,24665,125,0,188725
NIFTY-III.NFO,09/07/2024,09:59:38,24661.2,24663.55,75,24665,175,0,188725
NIFTY-III.NFO,09/07/2024,09:59:39,24663.6,24663.5,25,24663.6,225,100,188725
NIFTY-III.NFO,09/07/2024,09:59:41,24663.6,24663.4,525,24663.6,225,0,188725
NIFTY-III.NFO,09/07/2024,09:59:43,24663.6,24663.4,25,24663.6,225,0,188725
NIFTY-III.NFO,09/07/2024,09:59:45,24663.6,24663.3,25,24663.6,50,175,188725
NIFTY-III.NFO,09/07/2024,09:59:46,24663.6,24663.65,25,24664,25,50,188725
NIFTY-III.NFO,09/07/2024,09:59:48,24663.6,24663,50,24664,25,0,188725
NIFTY-III.NFO,09/07/2024,09:59:50,24668,24665.65,75,24668,50,200,188725
NIFTY-III.NFO,09/07/2024,09:59:51,24668,24664.9,450,24668,50,0,188725
NIFTY-III.NFO,09/07/2024,09:59:53,24668,24667.05,375,24668,50,0,188725
NIFTY-III.NFO,09/07/2024,09:59:55,24667.05,24666.95,75,24670,275,175,188725
NIFTY-III.NFO,09/07/2024,09:59:56,24667.05,24666.85,125,24670,275,0,188725
NIFTY-III.NFO,09/07/2024,09:59:58,24667.05,24666.1,125,24670,275,0,188725
NIFTY-III.NFO,09/07/2024,10:00:00,24667.05,24666.25,50,24670,275,0,188725
NIFTY-III.NFO,09/07/2024,10:00:03,24667.05,24665.6,75,24667,250,0,188725
NIFTY-III.NFO,09/07/2024,10:00:05,24667.05,24665.65,50,24667,250,0,188725
NIFTY-III.NFO,09/07/2024,10:00:06,24667.05,24666.4,75,24667,250,0,188725
NIFTY-III.NFO,09/07/2024,10:00:08,24667,24666.85,25,24670,275,250,188725
NIFTY-III.NFO,09/07/2024,10:00:09,24667,24667.4,100,24670,275,0,188725
NIFTY-III.NFO,09/07/2024,10:00:11,24670,24667.45,50,24670,250,25,188725
NIFTY-III.NFO,09/07/2024,10:00:13,24670,24668.95,75,24670,250,0,188725
NIFTY-III.NFO,09/07/2024,10:00:14,24670,24668.25,50,24670,250,0,188725
NIFTY-III.NFO,09/07/2024,10:00:16,24670,24666.85,125,24670,250,0,188725
NIFTY-III.NFO,09/07/2024,10:00:18,24670,24666.9,50,24670,225,25,188725
NIFTY-III.NFO,09/07/2024,10:00:19,24670,24666.9,50,24670,225,0,188725
NIFTY-III.NFO,09/07/2024,10:00:21,24666.9,24666.9,25,24669.95,100,25,188725
NIFTY-III.NFO,09/07/2024,10:00:23,24666.9,24666.9,25,24669.95,100,0,188725
NIFTY-III.NFO,09/07/2024,10:00:26,24666.9,24666.95,25,24669.95,100,0,188725
NIFTY-III.NFO,09/07/2024,10:00:28,24666.9,24666.95,25,24669.05,100,0,188725
NIFTY-III.NFO,09/07/2024,10:00:29,24666.9,24666.95,25,24669.6,100,0,188725
NIFTY-III.NFO,09/07/2024,10:00:31,24666.9,24666.95,25,24669.95,100,0,188725
NIFTY-III.NFO,09/07/2024,10:00:33,24666.9,24667.05,25,24669.95,175,0,188725
NIFTY-III.NFO,09/07/2024,10:00:34,24666.9,24667.05,25,24669.95,100,0,188725
NIFTY-III.NFO,09/07/2024,10:00:36,24669.95,24666.95,25,24669.95,100,50,188675
NIFTY-III.NFO,09/07/2024,10:00:38,24666.95,24665.2,75,24669.95,175,25,188675
NIFTY-III.NFO,09/07/2024,10:00:39,24666.95,24665.95,75,24669.95,100,0,188675
NIFTY-III.NFO,09/07/2024,10:00:41,24666.95,24665.35,75,24669.95,175,0,188675
NIFTY-III.NFO,09/07/2024,10:00:44,24666.95,24665.4,100,24670,300,0,188675
NIFTY-III.NFO,09/07/2024,10:00:46,24666.95,24665.5,25,24666.95,25,0,188675
NIFTY-III.NFO,09/07/2024,10:00:47,24666.95,24666.55,25,24666.95,25,0,188675
NIFTY-III.NFO,09/07/2024,10:00:49,24666.95,24666.1,75,24666.95,25,0,188675
NIFTY-III.NFO,09/07/2024,10:00:50,24666.95,24666.7,25,24666.95,25,0,188675
NIFTY-III.NFO,09/07/2024,10:00:52,24667.05,24667.15,75,24670,300,50,188675
NIFTY-III.NFO,09/07/2024,10:00:54,24667.05,24667.2,100,24670,300,0,188675
NIFTY-III.NFO,09/07/2024,10:00:55,24667.05,24667.2,25,24670,300,0,188675
NIFTY-III.NFO,09/07/2024,10:00:57,24667.05,24666.55,75,24669.95,100,0,188675
NIFTY-III.NFO,09/07/2024,10:00:59,24669.95,24665.8,75,24669.9,100,25,188675
NIFTY-III.NFO,09/07/2024,10:01:00,24669.95,24667.05,100,24669.95,75,0,188675
NIFTY-III.NFO,09/07/2024,10:01:03,24669.95,24667.05,100,24669.9,100,0,188675
NIFTY-III.NFO,09/07/2024,10:01:07,24670,24665.9,75,24670,250,100,188675
NIFTY-III.NFO,09/07/2024,10:01:08,24670,24665.9,75,24669.95,100,0,188675
NIFTY-III.NFO,09/07/2024,10:01:10,24670,24664.6,25,24668,25,0,188675
NIFTY-III.NFO,09/07/2024,10:01:12,24670,24665.25,75,24668,25,0,188675
NIFTY-III.NFO,09/07/2024,10:01:15,24668,24665.25,75,24669.95,175,25,188675
NIFTY-III.NFO,09/07/2024,10:01:17,24668,24665.25,75,24669.95,175,0,188675
NIFTY-III.NFO,09/07/2024,10:01:18,24668,24666.85,75,24670,250,0,188675
NIFTY-III.NFO,09/07/2024,10:01:20,24666.9,24667.5,75,24670,250,50,188675
NIFTY-III.NFO,09/07/2024,10:01:22,24666.9,24667.5,75,24670,250,0,188675
NIFTY-III.NFO,09/07/2024,10:01:23,24666.9,24667.5,75,24670,275,0,188675
NIFTY-III.NFO,09/07/2024,10:01:25,24666.9,24668.7,75,24669,25,0,188675
NIFTY-III.NFO,09/07/2024,10:01:26,24668.7,24668.45,50,24670,225,75,188675
NIFTY-III.NFO,09/07/2024,10:01:28,24670,24669.1,50,24670,200,25,188675
NIFTY-III.NFO,09/07/2024,10:01:30,24670,24669.3,125,24670,25,175,188675
NIFTY-III.NFO,09/07/2024,10:01:31,24672,24671.85,50,24672,25,75,188675
NIFTY-III.NFO,09/07/2024,10:01:31,24672,24671.85,50,24672,25,0,188675
NIFTY-III.NFO,09/07/2024,10:01:33,24675,24673.4,125,24675,75,225,188675
NIFTY-III.NFO,09/07/2024,10:01:33,24675,24673.4,125,24675,75,0,188675
NIFTY-III.NFO,09/07/2024,10:01:35,24678,24676.8,25,24678,25,225,188675
NIFTY-III.NFO,09/07/2024,10:01:35,24678,24676.8,25,24678,25,0,188675
NIFTY-III.NFO,09/07/2024,10:01:36,24678,24675.4,75,24679.7,100,25,188675
NIFTY-III.NFO,09/07/2024,10:01:38,24678,24676.15,125,24679.75,25,0,188675
NIFTY-III.NFO,09/07/2024,10:01:40,24678,24676.05,125,24679.75,25,0,188675
NIFTY-III.NFO,09/07/2024,10:01:41,24678,24677.4,125,24679.75,25,0,188675
NIFTY-III.NFO,09/07/2024,10:01:44,24678,24678.9,50,24679.75,25,0,188675
NIFTY-III.NFO,09/07/2024,10:01:46,24679.75,24679.75,25,24680,175,25,188675
NIFTY-III.NFO,09/07/2024,10:01:46,24679.75,24679.75,25,24680,175,0,188675
NIFTY-III.NFO,09/07/2024,10:01:47,24679.75,24679.75,25,24680,175,0,188675
NIFTY-III.NFO,09/07/2024,10:01:49,24679.75,24679.7,25,24680,175,25,188675
NIFTY-III.NFO,09/07/2024,10:01:51,24680,24678.55,50,24680,150,25,188675
NIFTY-III.NFO,09/07/2024,10:01:51,24680,24678.55,50,24680,150,0,188675
NIFTY-III.NFO,09/07/2024,10:01:52,24680,24678.6,50,24680,150,0,188675
NIFTY-III.NFO,09/07/2024,10:01:56,24680,24679.5,25,24680,150,0,188675
NIFTY-III.NFO,09/07/2024,10:01:57,24680,24679.5,50,24680,50,100,188675
NIFTY-III.NFO,09/07/2024,10:01:59,24680,24680.15,25,24680.55,25,50,188675
NIFTY-III.NFO,09/07/2024,10:02:01,24680.1,24677.6,75,24680.55,25,75,188675
NIFTY-III.NFO,09/07/2024,10:02:01,24680.15,24677.6,75,24680.55,25,0,188675
NIFTY-III.NFO,09/07/2024,10:02:02,24680.1,24674.5,125,24679.95,175,0,188675
NIFTY-III.NFO,09/07/2024,10:02:04,24680.1,24676,25,24680,125,0,188675
NIFTY-III.NFO,09/07/2024,10:02:06,24680.1,24674.5,125,24679.95,175,0,188675
NIFTY-III.NFO,09/07/2024,10:02:07,24680.1,24674.5,125,24680,225,0,188675
NIFTY-III.NFO,09/07/2024,10:02:09,24680.1,24674.85,25,24679.95,175,0,188675
NIFTY-III.NFO,09/07/2024,10:02:11,24679.95,24673.35,75,24679.3,100,25,188675
NIFTY-III.NFO,09/07/2024,10:02:12,24679.95,24673.75,25,24679.35,175,0,188675
NIFTY-III.NFO,09/07/2024,10:02:14,24673.75,24672.4,75,24679,175,200,188675
NIFTY-III.NFO,09/07/2024,10:02:16,24673.75,24671.1,200,24677.05,175,0,188675
NIFTY-III.NFO,09/07/2024,10:02:17,24673.75,24675.65,25,24677.65,75,0,188675
NIFTY-III.NFO,09/07/2024,10:02:21,24673.75,24675.65,25,24678.15,75,0,188675
NIFTY-III.NFO,09/07/2024,10:02:22,24679.95,24675.65,25,24679.95,100,25,188675
NIFTY-III.NFO,09/07/2024,10:02:24,24679.95,24674.45,100,24680,250,0,188675
NIFTY-III.NFO,09/07/2024,10:02:26,24675.65,24674.45,100,24679.95,175,25,188675
NIFTY-III.NFO,09/07/2024,10:02:27,24675.65,24673.3,25,24679.95,175,0,188675
NIFTY-III.NFO,09/07/2024,10:02:29,24675.65,24673.25,100,24678,25,0,188675
NIFTY-III.NFO,09/07/2024,10:02:31,24675.65,24673.25,25,24677.95,175,0,188675
NIFTY-III.NFO,09/07/2024,10:02:32,24676,24675.9,25,24676,225,25,188675
NIFTY-III.NFO,09/07/2024,10:02:34,24676,24671.8,100,24676,225,0,188675
NIFTY-III.NFO,09/07/2024,10:02:36,24676,24675.75,25,24676,225,0,188675
NIFTY-III.NFO,09/07/2024,10:02:37,24676,24672.5,100,24676,225,0,188675
NIFTY-III.NFO,09/07/2024,10:02:39,24675.55,24675.55,50,24676,225,25,188675
NIFTY-III.NFO,09/07/2024,10:02:41,24675.55,24675.7,25,24676,225,0,188675
NIFTY-III.NFO,09/07/2024,10:02:42,24676,24673.2,100,24676,25,200,188675
NIFTY-III.NFO,09/07/2024,10:02:44,24672.6,24672.55,75,24677.95,100,50,188675
NIFTY-III.NFO,09/07/2024,10:02:46,24672.6,24672.35,125,24677.95,175,0,188675
NIFTY-III.NFO,09/07/2024,10:02:49,24672.6,24671.75,125,24676.75,75,0,188675
NIFTY-III.NFO,09/07/2024,10:02:51,24672.6,24672.65,200,24677.95,100,0,188675
NIFTY-III.NFO,09/07/2024,10:02:52,24677.95,24672.8,100,24677.95,175,25,188675
NIFTY-III.NFO,09/07/2024,10:02:54,24677.95,24672.85,50,24677.95,100,25,188675
NIFTY-III.NFO,09/07/2024,10:02:55,24677.95,24674.15,125,24678,25,0,188675
NIFTY-III.NFO,09/07/2024,10:02:57,24677.95,24674.15,75,24678,25,25,188675
