Ticker,Date,Time,LTP,BuyPrice,BuyQty,SellPrice,SellQty,LTQ,OpenInterest
BANKNIFTY-I.NFO,30/09/2024,09:15:00,54000,54005.6,15,54006,930,1245,1829985
BANKNIFTY-I.NFO,30/09/2024,09:15:00,54000,54005.6,15,54006,930,0,1829985
BANKNIFTY-I.NFO,30/09/2024,09:15:00,54006,54005.6,15,54006,930,0,1829985
BANKNIFTY-I.NFO,30/09/2024,09:15:00,53988.8,54005.6,15,54006,930,0,1829985
BANKNIFTY-I.NFO,30/09/2024,09:15:01,53993.45,53980,105,53993.3,60,2625,1829985
BANKNIFTY-I.NFO,30/09/2024,09:15:01,54032,53980,105,53993.3,60,0,1829985
BANKNIFTY-I.NFO,30/09/2024,09:15:01,53980,53980,105,53993.3,60,0,1829985
BANKNIFTY-I.NFO,30/09/2024,09:15:03,54000.35,54000.35,45,54016.65,30,2175,1829985
BANKNIFTY-I.NFO,30/09/2024,09:15:04,54006,54005,15,54006,510,2595,1829985
BANKNIFTY-I.NFO,30/09/2024,09:15:06,54012.4,54005.95,30,54020,75,2340,1829985
BANKNIFTY-I.NFO,30/09/2024,09:15:06,54042.4,54005.95,30,54020,75,0,1829985
BANKNIFTY-I.NFO,30/09/2024,09:15:07,54015.3,54015.55,60,54035.35,60,1290,1829985
BANKNIFTY-I.NFO,30/09/2024,09:15:09,54015.55,54015.55,15,54024.5,105,1770,1829985
BANKNIFTY-I.NFO,30/09/2024,09:15:11,54021.8,54015.55,30,54021.75,15,1980,1829985
BANKNIFTY-I.NFO,30/09/2024,09:15:12,54015.55,54005.3,60,54020.1,105,1170,1829985
BANKNIFTY-I.NFO,30/09/2024,09:15:14,54007.9,54000,45,54007.85,135,795,1829985
BANKNIFTY-I.NFO,30/09/2024,09:15:16,53985.35,53985.35,45,53999.35,15,1605,1829985
BANKNIFTY-I.NFO,30/09/2024,09:15:17,53986,53980,90,53985.95,60,1935,1829985
BANKNIFTY-I.NFO,30/09/2024,09:15:19,53999.05,53982.85,60,53997.65,75,2385,1826280
BANKNIFTY-I.NFO,30/09/2024,09:15:21,53997,53995,450,53999.95,90,840,1826280
BANKNIFTY-I.NFO,30/09/2024,09:15:22,54012.45,54000,30,54011.8,90,1770,1826280
BANKNIFTY-I.NFO,30/09/2024,09:15:24,53995.35,53994.85,105,54012.65,90,1455,1826280
BANKNIFTY-I.NFO,30/09/2024,09:15:26,54015.5,54001.7,105,54024.85,15,1455,1826280
BANKNIFTY-I.NFO,30/09/2024,09:15:27,54002.05,54000.1,60,54002.05,15,1140,1826280
BANKNIFTY-I.NFO,30/09/2024,09:15:29,53999.95,53999.95,60,54006,60,1350,1826280
BANKNIFTY-I.NFO,30/09/2024,09:15:31,54020.55,54009.95,15,54020.5,15,1695,1826280
BANKNIFTY-I.NFO,30/09/2024,09:15:32,54011.6,54003.6,15,54011.65,15,300,1826280
BANKNIFTY-I.NFO,30/09/2024,09:15:34,54006,54006,1425,54011.6,15,645,1826280
BANKNIFTY-I.NFO,30/09/2024,09:15:36,54000.1,54000.4,45,54007.4,45,2175,1826280
BANKNIFTY-I.NFO,30/09/2024,09:15:37,53993.5,53993.35,15,54000.65,30,1470,1826280
BANKNIFTY-I.NFO,30/09/2024,09:15:39,53990.5,53982,60,53990.45,45,1455,1826280
BANKNIFTY-I.NFO,30/09/2024,09:15:40,53985.6,53979.65,75,53985.6,30,1035,1826280
BANKNIFTY-I.NFO,30/09/2024,09:15:42,53988.4,53977.7,60,53988.4,15,1065,1826280
BANKNIFTY-I.NFO,30/09/2024,09:15:42,53978.55,53977.7,60,53988.4,15,0,1826280
BANKNIFTY-I.NFO,30/09/2024,09:15:44,53976.9,53976.85,60,53986.1,45,915,1826280
BANKNIFTY-I.NFO,30/09/2024,09:15:44,53975.9,53976.85,60,53986.1,45,0,1826280
BANKNIFTY-I.NFO,30/09/2024,09:15:45,53987.8,53975.75,15,53987.7,45,870,1826280
BANKNIFTY-I.NFO,30/09/2024,09:15:47,53986.45,53976,15,53987.3,45,975,1826280
BANKNIFTY-I.NFO,30/09/2024,09:15:47,53975,53976,15,53987.3,45,0,1826280
BANKNIFTY-I.NFO,30/09/2024,09:15:49,53976.8,53973.8,45,53983.7,45,705,1826280
BANKNIFTY-I.NFO,30/09/2024,09:15:49,53970.05,53973.8,45,53983.7,45,0,1826280
BANKNIFTY-I.NFO,30/09/2024,09:15:50,53980.3,53972.8,30,53980.3,15,645,1826280
BANKNIFTY-I.NFO,30/09/2024,09:15:52,53974.6,53974.5,15,53974.6,135,2340,1826280
BANKNIFTY-I.NFO,30/09/2024,09:15:52,53968.05,53974.5,15,53974.6,135,0,1826280
BANKNIFTY-I.NFO,30/09/2024,09:15:54,53973.7,53968.65,15,53973.7,135,2040,1826280
BANKNIFTY-I.NFO,30/09/2024,09:15:54,53960,53968.65,15,53973.7,135,0,1826280
BANKNIFTY-I.NFO,30/09/2024,09:15:55,53974.2,53967.95,15,53974.2,15,1305,1826280
BANKNIFTY-I.NFO,30/09/2024,09:15:57,53971.55,53970,30,53973.6,45,720,1826280
BANKNIFTY-I.NFO,30/09/2024,09:15:59,53968.05,53965.4,15,53968.05,135,600,1826280
BANKNIFTY-I.NFO,30/09/2024,09:16:00,53967.2,53966,15,53966.9,15,1560,1826280
BANKNIFTY-I.NFO,30/09/2024,09:16:02,53955.9,53955,30,53955.75,150,1740,1826280
BANKNIFTY-I.NFO,30/09/2024,09:16:02,53955.8,53955,30,53955.75,150,0,1826280
BANKNIFTY-I.NFO,30/09/2024,09:16:04,53952.5,53952,15,53952.5,30,885,1826280
BANKNIFTY-I.NFO,30/09/2024,09:16:04,53952,53952,15,53952.5,30,0,1826280
BANKNIFTY-I.NFO,30/09/2024,09:16:05,53947.55,53945.6,15,53947.55,30,2955,1826280
BANKNIFTY-I.NFO,30/09/2024,09:16:05,53944,53945.6,15,53947.55,30,0,1826280
BANKNIFTY-I.NFO,30/09/2024,09:16:07,53933.45,53933.65,60,53949.75,180,6885,1826280
BANKNIFTY-I.NFO,30/09/2024,09:16:07,53931.05,53933.65,60,53949.75,180,0,1826280
BANKNIFTY-I.NFO,30/09/2024,09:16:09,53930.55,53930.3,15,53939.1,45,1155,1826280
BANKNIFTY-I.NFO,30/09/2024,09:16:09,53930.3,53930.3,15,53939.1,45,0,1826280
BANKNIFTY-I.NFO,30/09/2024,09:16:10,53933.6,53925.2,15,53933.1,45,1980,1826280
BANKNIFTY-I.NFO,30/09/2024,09:16:10,53925.05,53925.2,15,53933.1,45,0,1826280
BANKNIFTY-I.NFO,30/09/2024,09:16:12,53922.25,53922.45,30,53930.65,60,1485,1826280
BANKNIFTY-I.NFO,30/09/2024,09:16:12,53920,53922.45,30,53930.65,60,0,1826280
BANKNIFTY-I.NFO,30/09/2024,09:16:14,53925.7,53925.7,15,53929.95,30,1950,1826280
BANKNIFTY-I.NFO,30/09/2024,09:16:14,53917,53925.7,15,53929.95,30,0,1826280
BANKNIFTY-I.NFO,30/09/2024,09:16:15,53931.75,53922.65,15,53935.35,75,1830,1826280
BANKNIFTY-I.NFO,30/09/2024,09:16:17,53916.95,53916.9,15,53924.65,15,870,1826280
BANKNIFTY-I.NFO,30/09/2024,09:16:17,53912.1,53916.9,15,53924.65,15,0,1826280
BANKNIFTY-I.NFO,30/09/2024,09:16:19,53923.1,53920,45,53924.2,45,705,1826280
BANKNIFTY-I.NFO,30/09/2024,09:16:20,53909,53909.05,15,53915.15,45,825,1826280
BANKNIFTY-I.NFO,30/09/2024,09:16:20,53909,53909.05,15,53915.15,45,0,1826280
BANKNIFTY-I.NFO,30/09/2024,09:16:22,53912.4,53906.2,30,53912.95,150,945,1826280
BANKNIFTY-I.NFO,30/09/2024,09:16:22,53906.2,53906.2,30,53912.95,150,0,1826280
BANKNIFTY-I.NFO,30/09/2024,09:16:24,53914.7,53912.6,150,53914.7,30,1395,1826280
BANKNIFTY-I.NFO,30/09/2024,09:16:24,53901.5,53912.6,150,53914.7,30,0,1826280
BANKNIFTY-I.NFO,30/09/2024,09:16:25,53905.4,53905.4,15,53905.45,15,750,1826280
BANKNIFTY-I.NFO,30/09/2024,09:16:27,53901.4,53901.4,30,53910.55,105,1110,1826280
BANKNIFTY-I.NFO,30/09/2024,09:16:27,53901,53901.4,30,53910.55,105,0,1826280
BANKNIFTY-I.NFO,30/09/2024,09:16:29,53913,53906.95,885,53910.45,45,990,1826280
BANKNIFTY-I.NFO,30/09/2024,09:16:30,53910.4,53906.95,645,53912.75,45,2610,1826280
BANKNIFTY-I.NFO,30/09/2024,09:16:32,53914.85,53907.8,30,53914.4,150,1620,1826280
BANKNIFTY-I.NFO,30/09/2024,09:16:34,53907.8,53907.8,30,53909.7,180,2040,1826280
BANKNIFTY-I.NFO,30/09/2024,09:16:35,53907.6,53901,270,53905.6,75,1305,1826280
BANKNIFTY-I.NFO,30/09/2024,09:16:37,53905.5,53902.05,15,53905.5,15,555,1826280
BANKNIFTY-I.NFO,30/09/2024,09:16:39,53900.5,53900.5,105,53904.9,60,1200,1826280
BANKNIFTY-I.NFO,30/09/2024,09:16:39,53900.5,53900.5,105,53904.9,60,0,1826280
BANKNIFTY-I.NFO,30/09/2024,09:16:40,53903,53901,60,53902.4,120,2130,1826280
BANKNIFTY-I.NFO,30/09/2024,09:16:42,53902.9,53900,6900,53902.9,60,960,1826280
BANKNIFTY-I.NFO,30/09/2024,09:16:42,53900,53900,6900,53902.9,60,0,1826280
BANKNIFTY-I.NFO,30/09/2024,09:16:44,53903.15,53900,6825,53902.6,75,180,1826280
BANKNIFTY-I.NFO,30/09/2024,09:16:45,53902.95,53900.4,300,53902.95,45,540,1826280
BANKNIFTY-I.NFO,30/09/2024,09:16:47,53910.45,53909.15,15,53909.7,30,750,1826280
BANKNIFTY-I.NFO,30/09/2024,09:16:49,53907.6,53907.6,15,53914.65,30,525,1826280
BANKNIFTY-I.NFO,30/09/2024,09:16:50,53914.75,53910,30,53914.55,15,120,1826280
BANKNIFTY-I.NFO,30/09/2024,09:16:52,53905.55,53905.65,15,53911.55,45,525,1826280
BANKNIFTY-I.NFO,30/09/2024,09:16:54,53913.7,53908,15,53913.7,30,240,1826280
BANKNIFTY-I.NFO,30/09/2024,09:16:55,53918.45,53910.2,270,53920,60,1170,1826280
BANKNIFTY-I.NFO,30/09/2024,09:16:57,53930,53923.1,300,53930,15,735,1826280
BANKNIFTY-I.NFO,30/09/2024,09:16:59,53932.45,53925.15,15,53931.45,60,210,1826280
BANKNIFTY-I.NFO,30/09/2024,09:17:00,53920,53920.05,15,53922,15,405,1826280
BANKNIFTY-I.NFO,30/09/2024,09:17:02,53919.45,53918.75,15,53919.1,30,1005,1826280
BANKNIFTY-I.NFO,30/09/2024,09:17:04,53915,53915.55,45,53916.7,30,870,1826280
BANKNIFTY-I.NFO,30/09/2024,09:17:05,53914,53912,30,53915.55,45,1230,1826280
BANKNIFTY-I.NFO,30/09/2024,09:17:07,53908,53910.65,15,53912.95,15,615,1826280
BANKNIFTY-I.NFO,30/09/2024,09:17:09,53910.55,53916.85,15,53919.85,15,765,1826280
BANKNIFTY-I.NFO,30/09/2024,09:17:10,53917.55,53915,30,53917.65,15,465,1826280
BANKNIFTY-I.NFO,30/09/2024,09:17:12,53914.95,53912.3,15,53914.9,45,360,1826280
BANKNIFTY-I.NFO,30/09/2024,09:17:14,53914.85,53912.45,15,53914.4,15,480,1826280
BANKNIFTY-I.NFO,30/09/2024,09:17:15,53909.3,53907.1,15,53912.6,15,540,1826280
BANKNIFTY-I.NFO,30/09/2024,09:17:17,53908.65,53906.3,15,53907.95,75,345,1826280
BANKNIFTY-I.NFO,30/09/2024,09:17:19,53910,53910,405,53912.25,45,1170,1826280
BANKNIFTY-I.NFO,30/09/2024,09:17:20,53906.15,53905.5,45,53909,15,615,1826280
BANKNIFTY-I.NFO,30/09/2024,09:17:22,53912.25,53907.95,15,53912.25,45,135,1826280
BANKNIFTY-I.NFO,30/09/2024,09:17:24,53905.4,53905.15,15,53912.15,45,345,1826280
BANKNIFTY-I.NFO,30/09/2024,09:17:25,53910,53907.6,15,53910,750,540,1826280
BANKNIFTY-I.NFO,30/09/2024,09:17:27,53910,53910,30,53915,15,1455,1826280
BANKNIFTY-I.NFO,30/09/2024,09:17:29,53914.8,53913.2,210,53914.2,15,150,1826280
BANKNIFTY-I.NFO,30/09/2024,09:17:30,53912.25,53912.25,375,53912.85,30,450,1826280
BANKNIFTY-I.NFO,30/09/2024,09:17:32,53917.4,53912.6,15,53913.5,150,435,1826280
BANKNIFTY-I.NFO,30/09/2024,09:17:34,53911.85,53908.9,30,53911.85,15,375,1826280
BANKNIFTY-I.NFO,30/09/2024,09:17:35,53909,53909,15,53910.9,15,255,1826280
BANKNIFTY-I.NFO,30/09/2024,09:17:37,53911.8,53907.1,15,53911.75,45,900,1826280
BANKNIFTY-I.NFO,30/09/2024,09:17:39,53909,53909,30,53916.95,15,150,1826280
BANKNIFTY-I.NFO,30/09/2024,09:17:40,53916.75,53907.9,30,53916.75,75,1260,1826280
BANKNIFTY-I.NFO,30/09/2024,09:17:42,53911.6,53911.6,150,53912.9,15,270,1826280
BANKNIFTY-I.NFO,30/09/2024,09:17:44,53910,53910,720,53914.3,15,825,1826280
BANKNIFTY-I.NFO,30/09/2024,09:17:45,53913.5,53913.5,30,53916.65,15,225,1826280
BANKNIFTY-I.NFO,30/09/2024,09:17:47,53916.55,53913.5,45,53916.5,15,240,1826280
BANKNIFTY-I.NFO,30/09/2024,09:17:49,53920,53920,945,53921.1,30,3015,1826280
BANKNIFTY-I.NFO,30/09/2024,09:17:50,53920,53916.65,15,53918.55,30,990,1826280
BANKNIFTY-I.NFO,30/09/2024,09:17:52,53920.95,53916.65,15,53920.9,15,225,1826280
BANKNIFTY-I.NFO,30/09/2024,09:17:54,53916,53915,15,53915.85,15,195,1826280
BANKNIFTY-I.NFO,30/09/2024,09:17:55,53916.7,53913.5,15,53916.7,30,75,1826280
BANKNIFTY-I.NFO,30/09/2024,09:17:57,53915.6,53913.2,60,53916.1,30,285,1826280
BANKNIFTY-I.NFO,30/09/2024,09:17:59,53916.1,53916.1,330,53919.9,15,255,1826280
BANKNIFTY-I.NFO,30/09/2024,09:18:00,53915,53915,15,53917.35,15,375,1826280
BANKNIFTY-I.NFO,30/09/2024,09:18:02,53916.25,53910,1440,53916.3,15,2370,1826280
BANKNIFTY-I.NFO,30/09/2024,09:18:04,53910,53910,690,53910.85,15,945,1826280
BANKNIFTY-I.NFO,30/09/2024,09:18:05,53908.55,53907.05,15,53908.5,15,960,1826280
BANKNIFTY-I.NFO,30/09/2024,09:18:07,53902.75,53902.6,330,53904.05,75,1650,1826280
BANKNIFTY-I.NFO,30/09/2024,09:18:08,53901.3,53900,4215,53901.25,15,2085,1826280
BANKNIFTY-I.NFO,30/09/2024,09:18:10,53900.05,53900,1305,53900.05,15,3135,1826280
BANKNIFTY-I.NFO,30/09/2024,09:18:12,53901.8,53901.75,15,53901.8,60,1545,1826280
BANKNIFTY-I.NFO,30/09/2024,09:18:13,53899.05,53899,540,53900,15,465,1826280
BANKNIFTY-I.NFO,30/09/2024,09:18:13,53899,53899,540,53900,15,0,1826280
BANKNIFTY-I.NFO,30/09/2024,09:18:15,53898.3,53895,15,53898.3,15,705,1826280
BANKNIFTY-I.NFO,30/09/2024,09:18:15,53895.1,53895,15,53898.3,15,0,1826280
BANKNIFTY-I.NFO,30/09/2024,09:18:17,53891.95,53891.85,15,53900,15,435,1826280
BANKNIFTY-I.NFO,30/09/2024,09:18:17,53890,53891.85,15,53900,15,0,1826280
BANKNIFTY-I.NFO,30/09/2024,09:18:18,53899.6,53890.95,60,53899.6,30,1035,1826280
BANKNIFTY-I.NFO,30/09/2024,09:18:20,53901.75,53890.45,60,53899.4,30,465,1814460
BANKNIFTY-I.NFO,30/09/2024,09:18:22,53901.4,53901.4,150,53901.75,450,195,1814460
BANKNIFTY-I.NFO,30/09/2024,09:18:23,53894.15,53892.05,30,53901.7,15,285,1814460
BANKNIFTY-I.NFO,30/09/2024,09:18:25,53901.75,53892.9,15,53901.75,375,1170,1814460
BANKNIFTY-I.NFO,30/09/2024,09:18:27,53901.4,53893,15,53899.95,15,180,1814460
BANKNIFTY-I.NFO,30/09/2024,09:18:28,53900,53893.15,15,53899.45,30,1320,1814460
BANKNIFTY-I.NFO,30/09/2024,09:18:30,53890,53892.75,15,53899.4,30,330,1814460
BANKNIFTY-I.NFO,30/09/2024,09:18:30,53888,53892.75,15,53899.4,30,0,1814460
BANKNIFTY-I.NFO,30/09/2024,09:18:32,53893.65,53888,30,53893.6,45,315,1814460
BANKNIFTY-I.NFO,30/09/2024,09:18:33,53887.4,53887.45,75,53890,75,270,1814460
BANKNIFTY-I.NFO,30/09/2024,09:18:33,53886.4,53887.45,75,53890,75,0,1814460
BANKNIFTY-I.NFO,30/09/2024,09:18:35,53888.15,53887.5,45,53895.45,15,165,1814460
BANKNIFTY-I.NFO,30/09/2024,09:18:35,53885.75,53887.5,45,53895.45,15,0,1814460
BANKNIFTY-I.NFO,30/09/2024,09:18:37,53899,53898.8,45,53899,15,420,1814460
BANKNIFTY-I.NFO,30/09/2024,09:18:38,53898.55,53893.6,525,53899.05,45,450,1814460
BANKNIFTY-I.NFO,30/09/2024,09:18:40,53899.4,53899.05,465,53900,465,75,1814460
BANKNIFTY-I.NFO,30/09/2024,09:18:42,53899.05,53899.05,15,53899.95,30,255,1814460
BANKNIFTY-I.NFO,30/09/2024,09:18:43,53899.95,53899.95,300,53900,390,75,1814460
BANKNIFTY-I.NFO,30/09/2024,09:18:45,53899.95,53899.95,60,53901.35,45,975,1814460
BANKNIFTY-I.NFO,30/09/2024,09:18:47,53898.8,53897.55,30,53898.7,30,240,1814460
BANKNIFTY-I.NFO,30/09/2024,09:18:48,53900,53900,150,53901.75,15,465,1814460
BANKNIFTY-I.NFO,30/09/2024,09:18:50,53900,53900,405,53901.5,15,135,1814460
BANKNIFTY-I.NFO,30/09/2024,09:18:52,53906.15,53900.1,30,53901.4,15,255,1814460
BANKNIFTY-I.NFO,30/09/2024,09:18:53,53901.4,53900.15,15,53901.4,15,120,1814460
BANKNIFTY-I.NFO,30/09/2024,09:18:55,53900,53900,90,53900.9,15,525,1814460
BANKNIFTY-I.NFO,30/09/2024,09:18:57,53897.85,53893.6,255,53897.65,75,1560,1814460
BANKNIFTY-I.NFO,30/09/2024,09:18:58,53893.6,53890.3,15,53895,75,465,1814460
BANKNIFTY-I.NFO,30/09/2024,09:19:00,53890.35,53890.3,15,53897.2,15,300,1814460
BANKNIFTY-I.NFO,30/09/2024,09:19:02,53895.15,53890.15,30,53895.75,15,165,1814460
BANKNIFTY-I.NFO,30/09/2024,09:19:03,53896.35,53893.6,135,53896.1,30,300,1814460
BANKNIFTY-I.NFO,30/09/2024,09:19:05,53890.25,53890.05,30,53897.2,45,360,1814460
BANKNIFTY-I.NFO,30/09/2024,09:19:07,53900.85,53899.55,495,53900.95,15,240,1814460
BANKNIFTY-I.NFO,30/09/2024,09:19:08,53899.55,53899.55,450,53901.65,30,60,1814460
BANKNIFTY-I.NFO,30/09/2024,09:19:10,53900.85,53899.55,390,53901.6,30,150,1814460
BANKNIFTY-I.NFO,30/09/2024,09:19:12,53902.8,53899.55,375,53900,15,60,1814460
BANKNIFTY-I.NFO,30/09/2024,09:19:13,53905.5,53899.8,30,53905,45,225,1814460
BANKNIFTY-I.NFO,30/09/2024,09:19:15,53905.35,53902,285,53904.85,30,600,1814460
BANKNIFTY-I.NFO,30/09/2024,09:19:17,53902,53902,195,53903.2,30,285,1814460
BANKNIFTY-I.NFO,30/09/2024,09:19:18,53902.05,53902,195,53905.45,75,105,1814460
BANKNIFTY-I.NFO,30/09/2024,09:19:20,53903.05,53902.05,15,53908.1,60,510,1814460
BANKNIFTY-I.NFO,30/09/2024,09:19:22,53907.55,53907.95,30,53908.55,150,150,1814460
BANKNIFTY-I.NFO,30/09/2024,09:19:23,53908.5,53907.95,120,53908.9,75,135,1814460
BANKNIFTY-I.NFO,30/09/2024,09:19:25,53907.95,53907.95,90,53909.8,30,255,1814460
BANKNIFTY-I.NFO,30/09/2024,09:19:27,53908.05,53908,45,53913.9,15,300,1814460
BANKNIFTY-I.NFO,30/09/2024,09:19:28,53908.45,53910.05,30,53913.55,15,90,1814460
BANKNIFTY-I.NFO,30/09/2024,09:19:30,53904,53903.95,15,53913.4,15,420,1814460
BANKNIFTY-I.NFO,30/09/2024,09:19:32,53910,53910,135,53912.4,75,1005,1814460
BANKNIFTY-I.NFO,30/09/2024,09:19:33,53912.35,53911.85,750,53912.35,45,570,1814460
BANKNIFTY-I.NFO,30/09/2024,09:19:35,53912.3,53910,30,53912.3,30,840,1814460
BANKNIFTY-I.NFO,30/09/2024,09:19:37,53910,53912.4,30,53912.65,60,90,1814460
BANKNIFTY-I.NFO,30/09/2024,09:19:38,53916.45,53912.4,75,53919.75,15,135,1814460
BANKNIFTY-I.NFO,30/09/2024,09:19:40,53918.45,53913.05,15,53918.45,75,60,1814460
BANKNIFTY-I.NFO,30/09/2024,09:19:42,53914.05,53914.45,15,53919.9,75,195,1814460
BANKNIFTY-I.NFO,30/09/2024,09:19:43,53918.45,53914.5,15,53919.85,30,495,1814460
BANKNIFTY-I.NFO,30/09/2024,09:19:45,53914.5,53913.15,105,53917.55,30,195,1814460
BANKNIFTY-I.NFO,30/09/2024,09:19:47,53919.3,53915,30,53917.35,30,495,1814460
BANKNIFTY-I.NFO,30/09/2024,09:19:48,53916.7,53915,60,53917.1,15,210,1814460
BANKNIFTY-I.NFO,30/09/2024,09:19:50,53908.75,53910.1,15,53916.35,45,255,1814460
BANKNIFTY-I.NFO,30/09/2024,09:19:52,53915,53910,30,53914,15,1050,1814460
BANKNIFTY-I.NFO,30/09/2024,09:19:53,53913.95,53911.1,15,53913.95,30,45,1814460
BANKNIFTY-I.NFO,30/09/2024,09:19:55,53913.85,53911.1,30,53913.9,45,45,1814460
BANKNIFTY-I.NFO,30/09/2024,09:19:57,53913.75,53911.1,30,53914.05,30,195,1814460
BANKNIFTY-I.NFO,30/09/2024,09:19:58,53911.1,53911.45,30,53913.95,15,60,1814460
BANKNIFTY-I.NFO,30/09/2024,09:20:00,53914,53911.75,30,53913.95,15,75,1814460
BANKNIFTY-I.NFO,30/09/2024,09:20:02,53916.35,53915.35,180,53916.7,15,255,1814460
BANKNIFTY-I.NFO,30/09/2024,09:20:03,53919.2,53919.2,15,53920,105,315,1814460
BANKNIFTY-I.NFO,30/09/2024,09:20:05,53917.55,53917.55,15,53919.9,15,1725,1814460
BANKNIFTY-I.NFO,30/09/2024,09:20:07,53917.85,53916.3,90,53917,15,360,1814460
BANKNIFTY-I.NFO,30/09/2024,09:20:08,53910,53910,300,53915.7,75,930,1814460
BANKNIFTY-I.NFO,30/09/2024,09:20:10,53902,53901.1,75,53906.2,105,1425,1814460
BANKNIFTY-I.NFO,30/09/2024,09:20:12,53893.7,53893.7,120,53900.75,15,1905,1814460
BANKNIFTY-I.NFO,30/09/2024,09:20:13,53895.8,53895.05,30,53908.3,45,780,1814460
BANKNIFTY-I.NFO,30/09/2024,09:20:15,53893.55,53893.1,150,53897.65,90,255,1814460
BANKNIFTY-I.NFO,30/09/2024,09:20:17,53897.3,53892.5,15,53894.5,105,150,1814460
BANKNIFTY-I.NFO,30/09/2024,09:20:18,53891.7,53890,315,53891.8,45,255,1814460
BANKNIFTY-I.NFO,30/09/2024,09:20:20,53892.85,53890.05,15,53892.05,15,225,1814460
BANKNIFTY-I.NFO,30/09/2024,09:20:22,53891.35,53888.65,30,53891.05,75,6690,1814460
BANKNIFTY-I.NFO,30/09/2024,09:20:22,53881.8,53888.65,30,53891.05,75,0,1814460
BANKNIFTY-I.NFO,30/09/2024,09:20:23,53888.75,53884.1,30,53889.1,15,915,1814460
BANKNIFTY-I.NFO,30/09/2024,09:20:25,53883.4,53880.9,15,53883.4,15,990,1814460
BANKNIFTY-I.NFO,30/09/2024,09:20:25,53879.5,53880.9,15,53883.4,15,0,1814460
BANKNIFTY-I.NFO,30/09/2024,09:20:27,53881.8,53879.8,15,53881.75,75,720,1814460
BANKNIFTY-I.NFO,30/09/2024,09:20:27,53879.45,53879.8,15,53881.75,75,0,1814460
BANKNIFTY-I.NFO,30/09/2024,09:20:28,53886.35,53880.7,15,53886.35,60,345,1814460
BANKNIFTY-I.NFO,30/09/2024,09:20:28,53879.15,53880.7,15,53886.35,60,0,1814460
BANKNIFTY-I.NFO,30/09/2024,09:20:30,53884.75,53885.4,75,53886.3,30,75,1814460
BANKNIFTY-I.NFO,30/09/2024,09:20:32,53886.4,53886.2,15,53886.25,30,195,1814460
BANKNIFTY-I.NFO,30/09/2024,09:20:33,53886.2,53885,15,53886.25,45,315,1814460
BANKNIFTY-I.NFO,30/09/2024,09:20:35,53884.85,53883.55,30,53884.85,45,90,1814460
BANKNIFTY-I.NFO,30/09/2024,09:20:37,53875.7,53879.4,15,53883,45,1065,1814460
BANKNIFTY-I.NFO,30/09/2024,09:20:37,53875.7,53879.4,15,53883,45,0,1814460
BANKNIFTY-I.NFO,30/09/2024,09:20:38,53878.55,53878.5,45,53885,15,3825,1814460
BANKNIFTY-I.NFO,30/09/2024,09:20:38,53869.6,53878.5,45,53885,15,0,1814460
BANKNIFTY-I.NFO,30/09/2024,09:20:40,53885,53883.55,15,53885.05,15,525,1814460
BANKNIFTY-I.NFO,30/09/2024,09:20:42,53884.9,53883.6,30,53884.9,90,240,1814460
BANKNIFTY-I.NFO,30/09/2024,09:20:43,53880.45,53883.6,30,53883.85,15,375,1814460
BANKNIFTY-I.NFO,30/09/2024,09:20:45,53880.4,53880.45,15,53883.75,75,165,1814460
BANKNIFTY-I.NFO,30/09/2024,09:20:47,53880.4,53881,75,53882.6,45,330,1814460
BANKNIFTY-I.NFO,30/09/2024,09:20:48,53883.5,53881.05,15,53884.65,75,225,1814460
BANKNIFTY-I.NFO,30/09/2024,09:20:50,53881,53881,45,53881.05,60,180,1814460
BANKNIFTY-I.NFO,30/09/2024,09:20:52,53880.4,53880.45,15,53881.95,15,165,1814460
BANKNIFTY-I.NFO,30/09/2024,09:20:53,53881.5,53880.6,15,53881.55,45,180,1814460
BANKNIFTY-I.NFO,30/09/2024,09:20:55,53881.45,53880.6,15,53881,15,105,1814460
BANKNIFTY-I.NFO,30/09/2024,09:20:57,53884.9,53882.6,60,53884.9,45,180,1814460
BANKNIFTY-I.NFO,30/09/2024,09:20:58,53882.95,53881.45,975,53882.7,75,270,1814460
BANKNIFTY-I.NFO,30/09/2024,09:21:00,53882.8,53882.8,150,53884.95,45,180,1814460
BANKNIFTY-I.NFO,30/09/2024,09:21:02,53882.8,53882.8,15,53884.9,30,165,1814460
BANKNIFTY-I.NFO,30/09/2024,09:21:03,53881.45,53882.8,30,53883.2,30,990,1814460
BANKNIFTY-I.NFO,30/09/2024,09:21:05,53882.7,53882.6,15,53882.7,15,60,1814460
BANKNIFTY-I.NFO,30/09/2024,09:21:07,53881.45,53881.45,15,53882.5,30,225,1814460
BANKNIFTY-I.NFO,30/09/2024,09:21:08,53880.55,53880.55,90,53881.3,15,540,1814460
BANKNIFTY-I.NFO,30/09/2024,09:21:10,53881.2,53880.6,15,53881.2,30,195,1814460
BANKNIFTY-I.NFO,30/09/2024,09:21:12,53880.4,53880.4,15,53880.5,15,195,1814460
BANKNIFTY-I.NFO,30/09/2024,09:21:13,53880.4,53880,180,53880.5,15,375,1814460
BANKNIFTY-I.NFO,30/09/2024,09:21:15,53880,53880,135,53881.45,495,210,1814460
BANKNIFTY-I.NFO,30/09/2024,09:21:17,53877.55,53875.75,30,53879.05,45,390,1814460
BANKNIFTY-I.NFO,30/09/2024,09:21:18,53880,53875,60,53881.4,45,510,1814460
BANKNIFTY-I.NFO,30/09/2024,09:21:20,53876.4,53877.45,15,53880.35,75,165,1811445
BANKNIFTY-I.NFO,30/09/2024,09:21:22,53880,53880,105,53881.3,60,195,1811445
BANKNIFTY-I.NFO,30/09/2024,09:21:23,53876.8,53876.4,15,53881,75,405,1811445
BANKNIFTY-I.NFO,30/09/2024,09:21:25,53880,53875,120,53880,750,420,1811445
BANKNIFTY-I.NFO,30/09/2024,09:21:27,53875.2,53875,135,53875.05,60,60,1811445
BANKNIFTY-I.NFO,30/09/2024,09:21:28,53879.9,53875,120,53879.85,90,225,1811445
BANKNIFTY-I.NFO,30/09/2024,09:21:30,53880,53880,240,53881.05,30,975,1811445
BANKNIFTY-I.NFO,30/09/2024,09:21:32,53875.8,53875.1,30,53878.35,75,555,1811445
BANKNIFTY-I.NFO,30/09/2024,09:21:33,53875.05,53875,90,53879.95,45,330,1811445
BANKNIFTY-I.NFO,30/09/2024,09:21:35,53875,53874,15,53878.2,45,165,1811445
BANKNIFTY-I.NFO,30/09/2024,09:21:37,53872.95,53872,15,53872.95,45,315,1811445
BANKNIFTY-I.NFO,30/09/2024,09:21:38,53870,53870,105,53873.2,15,105,1811445
BANKNIFTY-I.NFO,30/09/2024,09:21:40,53873.8,53870.5,90,53873.65,60,240,1811445
BANKNIFTY-I.NFO,30/09/2024,09:21:42,53871.05,53871,30,53871.05,990,360,1811445
BANKNIFTY-I.NFO,30/09/2024,09:21:43,53871.05,53870,60,53871.05,855,405,1811445
BANKNIFTY-I.NFO,30/09/2024,09:21:45,53868.15,53867.2,180,53868.2,15,330,1811445
BANKNIFTY-I.NFO,30/09/2024,09:21:45,53867.2,53867.2,180,53868.2,15,0,1811445
BANKNIFTY-I.NFO,30/09/2024,09:21:47,53868.1,53862.6,390,53868.05,15,465,1811445
BANKNIFTY-I.NFO,30/09/2024,09:21:47,53862.6,53862.6,390,53868.05,15,0,1811445
BANKNIFTY-I.NFO,30/09/2024,09:21:48,53862.65,53862.65,30,53869.9,60,810,1811445
BANKNIFTY-I.NFO,30/09/2024,09:21:50,53869.3,53862.6,195,53869.35,60,195,1811445
BANKNIFTY-I.NFO,30/09/2024,09:21:52,53869.15,53862.6,120,53869.15,15,615,1811445
BANKNIFTY-I.NFO,30/09/2024,09:21:53,53860.3,53860,525,53864.5,75,300,1811445
BANKNIFTY-I.NFO,30/09/2024,09:21:53,53860.3,53860,525,53864.5,75,0,1811445
BANKNIFTY-I.NFO,30/09/2024,09:21:55,53860,53860,435,53863.6,75,1020,1811445
BANKNIFTY-I.NFO,30/09/2024,09:21:55,53860,53860,435,53863.6,75,0,1811445
BANKNIFTY-I.NFO,30/09/2024,09:21:57,53863.5,53860.05,300,53860.3,105,225,1811445
BANKNIFTY-I.NFO,30/09/2024,09:21:58,53860,53860,285,53860.1,15,555,1811445
BANKNIFTY-I.NFO,30/09/2024,09:22:00,53859,53855.25,795,53859,75,555,1811445
BANKNIFTY-I.NFO,30/09/2024,09:22:00,53855.25,53855.25,795,53859,75,0,1811445
BANKNIFTY-I.NFO,30/09/2024,09:22:02,53851.2,53851.2,285,53854.6,15,1950,1811445
BANKNIFTY-I.NFO,30/09/2024,09:22:02,53851.2,53851.2,285,53854.6,15,0,1811445
BANKNIFTY-I.NFO,30/09/2024,09:22:03,53850.25,53850.25,30,53854.15,60,870,1811445
BANKNIFTY-I.NFO,30/09/2024,09:22:03,53850.25,53850.25,30,53854.15,60,0,1811445
BANKNIFTY-I.NFO,30/09/2024,09:22:26,53848.1,53848.05,15,53848.1,30,7725,1811445
BANKNIFTY-I.NFO,30/09/2024,09:22:26,53836,53848.05,15,53848.1,30,0,1811445
BANKNIFTY-I.NFO,30/09/2024,09:23:05,53848.05,53842.7,30,53848.05,270,9240,1811445
BANKNIFTY-I.NFO,30/09/2024,09:23:07,53842.7,53842.7,15,53848,15,360,1811445
BANKNIFTY-I.NFO,30/09/2024,09:23:08,53842.7,53844.85,90,53845.7,45,90,1811445
BANKNIFTY-I.NFO,30/09/2024,09:23:10,53848.05,53843.05,60,53850.05,15,390,1811445
BANKNIFTY-I.NFO,30/09/2024,09:23:12,53848,53848,15,53850.05,15,120,1811445
BANKNIFTY-I.NFO,30/09/2024,09:23:13,53845.1,53844.65,30,53850,15,195,1811445
BANKNIFTY-I.NFO,30/09/2024,09:23:15,53844.65,53844.7,15,53849.75,45,165,1811445
BANKNIFTY-I.NFO,30/09/2024,09:23:17,53844.65,53844.95,15,53849.75,45,120,1811445
BANKNIFTY-I.NFO,30/09/2024,09:23:18,53849.7,53845,60,53849.7,45,150,1811445
BANKNIFTY-I.NFO,30/09/2024,09:23:20,53850.55,53845.4,15,53850,15,1020,1811445
BANKNIFTY-I.NFO,30/09/2024,09:23:22,53849.75,53846.3,15,53850,15,345,1811445
BANKNIFTY-I.NFO,30/09/2024,09:23:23,53850.55,53849.95,720,53850.55,30,135,1811445
BANKNIFTY-I.NFO,30/09/2024,09:23:25,53851,53851,255,53854.15,30,780,1811445
BANKNIFTY-I.NFO,30/09/2024,09:23:27,53851,53851,210,53854.05,45,90,1811445
BANKNIFTY-I.NFO,30/09/2024,09:23:28,53851,53851,105,53854,60,270,1811445
BANKNIFTY-I.NFO,30/09/2024,09:23:30,53856,53854.05,105,53856.05,30,330,1811445
BANKNIFTY-I.NFO,30/09/2024,09:23:32,53854.05,53854.05,30,53854.8,15,105,1811445
BANKNIFTY-I.NFO,30/09/2024,09:23:33,53859.95,53855.25,720,53859.1,30,150,1811445
BANKNIFTY-I.NFO,30/09/2024,09:23:35,53863.5,53861,15,53868.85,45,870,1811445
BANKNIFTY-I.NFO,30/09/2024,09:23:37,53880.1,53869.05,15,53876.25,45,1905,1811445
BANKNIFTY-I.NFO,30/09/2024,09:23:38,53869.05,53869.05,105,53873.9,15,330,1811445
BANKNIFTY-I.NFO,30/09/2024,09:23:40,53879.4,53875,15,53879.05,15,495,1811445
BANKNIFTY-I.NFO,30/09/2024,09:23:42,53877.05,53875,15,53880.5,15,60,1811445
BANKNIFTY-I.NFO,30/09/2024,09:23:43,53877.1,53875,15,53879.6,75,255,1811445
BANKNIFTY-I.NFO,30/09/2024,09:23:45,53879.3,53877.05,15,53879.3,45,300,1811445
BANKNIFTY-I.NFO,30/09/2024,09:23:47,53876.45,53875,15,53876.95,15,765,1811445
BANKNIFTY-I.NFO,30/09/2024,09:23:48,53875,53870.05,90,53871.7,60,225,1811445
BANKNIFTY-I.NFO,30/09/2024,09:23:50,53869.5,53863.6,15,53869.5,75,330,1811445
BANKNIFTY-I.NFO,30/09/2024,09:23:52,53871.6,53871,255,53871.6,105,105,1811445
BANKNIFTY-I.NFO,30/09/2024,09:23:53,53871,53871,90,53873.1,15,225,1811445
BANKNIFTY-I.NFO,30/09/2024,09:23:55,53867.05,53863.5,15,53868.55,45,1140,1811445
BANKNIFTY-I.NFO,30/09/2024,09:23:57,53861.1,53861.5,45,53871.4,30,1620,1811445
BANKNIFTY-I.NFO,30/09/2024,09:23:59,53864.05,53865,15,53872.45,105,1440,1811445
BANKNIFTY-I.NFO,30/09/2024,09:24:00,53881.15,53871.4,30,53876.4,15,1980,1811445
BANKNIFTY-I.NFO,30/09/2024,09:24:02,53875.15,53872,30,53875.2,15,1110,1811445
BANKNIFTY-I.NFO,30/09/2024,09:24:04,53872,53868,45,53878,45,1665,1811445
BANKNIFTY-I.NFO,30/09/2024,09:24:05,53878,53873.5,45,53878,30,1005,1811445
BANKNIFTY-I.NFO,30/09/2024,09:24:07,53886.95,53876.2,60,53884.95,15,1650,1811445
BANKNIFTY-I.NFO,30/09/2024,09:24:09,53878,53878,15,53884.55,15,135,1811445
BANKNIFTY-I.NFO,30/09/2024,09:24:10,53884.6,53884.6,675,53888.45,15,150,1811445
BANKNIFTY-I.NFO,30/09/2024,09:24:12,53878,53877.4,30,53886.75,45,1065,1811445
BANKNIFTY-I.NFO,30/09/2024,09:24:14,53877.4,53872,45,53882.55,45,45,1811445
BANKNIFTY-I.NFO,30/09/2024,09:24:15,53872,53872,30,53874.7,15,150,1811445
BANKNIFTY-I.NFO,30/09/2024,09:24:17,53868.05,53868.05,15,53870.9,30,345,1811445
BANKNIFTY-I.NFO,30/09/2024,09:24:19,53869.25,53862.5,45,53869.25,135,750,1811445
BANKNIFTY-I.NFO,30/09/2024,09:24:20,53864.35,53861.5,30,53864.35,45,90,1808430
BANKNIFTY-I.NFO,30/09/2024,09:24:22,53860,53860,30,53864.35,30,180,1808430
BANKNIFTY-I.NFO,30/09/2024,09:24:24,53864.35,53864.35,150,53868.2,60,630,1808430
BANKNIFTY-I.NFO,30/09/2024,09:24:25,53873.35,53868.15,15,53872.95,15,285,1808430
BANKNIFTY-I.NFO,30/09/2024,09:24:27,53868.1,53860,15,53862.6,15,135,1808430
BANKNIFTY-I.NFO,30/09/2024,09:24:29,53864.35,53862.45,45,53871,15,315,1808430
BANKNIFTY-I.NFO,30/09/2024,09:24:30,53867.65,53865,300,53870.7,75,105,1808430
BANKNIFTY-I.NFO,30/09/2024,09:24:32,53865.05,53865.05,45,53870.1,75,75,1808430
BANKNIFTY-I.NFO,30/09/2024,09:24:34,53865,53865,210,53870.1,60,375,1808430
BANKNIFTY-I.NFO,30/09/2024,09:24:35,53865.25,53865.05,45,53869.4,30,210,1808430
BANKNIFTY-I.NFO,30/09/2024,09:24:37,53865.1,53865.1,30,53869.3,15,30,1808430
BANKNIFTY-I.NFO,30/09/2024,09:24:39,53869.3,53865.15,30,53869.1,30,90,1808430
BANKNIFTY-I.NFO,30/09/2024,09:24:40,53867,53867,270,53867.25,60,120,1808430
BANKNIFTY-I.NFO,30/09/2024,09:24:42,53867.65,53867.15,75,53868.4,75,165,1808430
BANKNIFTY-I.NFO,30/09/2024,09:24:44,53867.15,53867.15,105,53867.2,30,45,1808430
BANKNIFTY-I.NFO,30/09/2024,09:24:45,53867.2,53867.2,60,53869.15,30,105,1808430
BANKNIFTY-I.NFO,30/09/2024,09:24:47,53867.2,53867,150,53867.7,30,90,1808430
BANKNIFTY-I.NFO,30/09/2024,09:24:49,53865,53865,195,53866.95,15,300,1808430
BANKNIFTY-I.NFO,30/09/2024,09:24:50,53865,53866.25,45,53867.9,15,240,1808430
BANKNIFTY-I.NFO,30/09/2024,09:24:52,53867.95,53868.5,30,53871.35,45,120,1808430
BANKNIFTY-I.NFO,30/09/2024,09:24:54,53876.4,53873.35,15,53877.3,75,90,1808430
BANKNIFTY-I.NFO,30/09/2024,09:24:55,53877.3,53877.3,15,53877.8,45,75,1808430
BANKNIFTY-I.NFO,30/09/2024,09:24:57,53885,53882.1,30,53885,45,330,1808430
BANKNIFTY-I.NFO,30/09/2024,09:24:59,53884.95,53886.25,30,53886.85,75,480,1808430
BANKNIFTY-I.NFO,30/09/2024,09:25:00,53885,53885,60,53886.3,15,225,1808430
BANKNIFTY-I.NFO,30/09/2024,09:25:02,53886.25,53885,45,53886.25,15,150,1808430
BANKNIFTY-I.NFO,30/09/2024,09:25:04,53885,53882.95,15,53884.9,15,330,1808430
BANKNIFTY-I.NFO,30/09/2024,09:25:05,53886.65,53886.4,75,53887.8,75,345,1808430
BANKNIFTY-I.NFO,30/09/2024,09:25:07,53884.95,53884.85,15,53885,15,285,1808430
BANKNIFTY-I.NFO,30/09/2024,09:25:09,53885.35,53885,120,53885.35,45,1140,1808430
BANKNIFTY-I.NFO,30/09/2024,09:25:10,53879.85,53879.85,60,53883.3,45,405,1808430
BANKNIFTY-I.NFO,30/09/2024,09:25:12,53881.45,53881.45,30,53884.3,45,285,1808430
BANKNIFTY-I.NFO,30/09/2024,09:25:14,53880.55,53883.25,15,53883.85,75,300,1808430
BANKNIFTY-I.NFO,30/09/2024,09:25:15,53883.9,53883.75,30,53883.95,30,240,1808430
BANKNIFTY-I.NFO,30/09/2024,09:25:17,53887.25,53884.35,30,53885.35,60,255,1808430
BANKNIFTY-I.NFO,30/09/2024,09:25:19,53887.95,53887.9,75,53888.4,75,585,1808430
BANKNIFTY-I.NFO,30/09/2024,09:25:20,53891.75,53890.65,30,53892.15,75,360,1808430
BANKNIFTY-I.NFO,30/09/2024,09:25:22,53890.75,53890.55,30,53890.85,75,240,1808430
BANKNIFTY-I.NFO,30/09/2024,09:25:24,53893.65,53893.1,15,53894.2,75,150,1808430
BANKNIFTY-I.NFO,30/09/2024,09:25:25,53893.2,53892.95,45,53893.25,60,165,1808430
BANKNIFTY-I.NFO,30/09/2024,09:25:27,53894.65,53892.3,30,53894.8,75,300,1808430
BANKNIFTY-I.NFO,30/09/2024,09:25:29,53892.3,53891.7,45,53892.35,30,195,1808430
BANKNIFTY-I.NFO,30/09/2024,09:25:30,53890,53888.4,15,53890.1,15,225,1808430
BANKNIFTY-I.NFO,30/09/2024,09:25:32,53884.25,53883.15,30,53885.5,75,165,1808430
BANKNIFTY-I.NFO,30/09/2024,09:25:34,53890.25,53885.9,75,53890.25,45,210,1808430
BANKNIFTY-I.NFO,30/09/2024,09:25:35,53887.25,53885.5,15,53887.3,75,330,1808430
BANKNIFTY-I.NFO,30/09/2024,09:25:37,53883.35,53882.55,30,53883.35,45,75,1808430
BANKNIFTY-I.NFO,30/09/2024,09:25:39,53881.4,53880,165,53883.5,30,120,1808430
BANKNIFTY-I.NFO,30/09/2024,09:25:40,53880.05,53880.05,60,53883.85,15,90,1808430
BANKNIFTY-I.NFO,30/09/2024,09:25:42,53880.05,53880.2,30,53880.65,30,15,1808430
BANKNIFTY-I.NFO,30/09/2024,09:25:44,53880,53880.4,15,53880.6,30,120,1808430
BANKNIFTY-I.NFO,30/09/2024,09:25:45,53879.25,53877,15,53879.15,45,285,1808430
BANKNIFTY-I.NFO,30/09/2024,09:25:47,53879.3,53870.6,135,53875.6,45,120,1808430
BANKNIFTY-I.NFO,30/09/2024,09:25:49,53870.95,53870.65,15,53870.95,30,465,1808430
BANKNIFTY-I.NFO,30/09/2024,09:25:50,53870.65,53869.7,60,53870.95,45,15,1808430
BANKNIFTY-I.NFO,30/09/2024,09:25:52,53870.9,53869.35,45,53870.9,45,300,1808430
BANKNIFTY-I.NFO,30/09/2024,09:25:54,53876.4,53869.85,45,53876.6,150,285,1808430
BANKNIFTY-I.NFO,30/09/2024,09:25:55,53879.3,53876.7,60,53880,105,15,1808430
BANKNIFTY-I.NFO,30/09/2024,09:25:57,53880,53877.9,45,53880,195,90,1808430
BANKNIFTY-I.NFO,30/09/2024,09:25:59,53880,53881.4,120,53884,15,240,1808430
BANKNIFTY-I.NFO,30/09/2024,09:26:01,53881.75,53881.45,15,53885,45,90,1808430
BANKNIFTY-I.NFO,30/09/2024,09:26:02,53884.95,53881.45,120,53884.95,45,180,1808430
BANKNIFTY-I.NFO,30/09/2024,09:26:04,53880,53879.75,75,53884.65,30,450,1808430
BANKNIFTY-I.NFO,30/09/2024,09:26:06,53880,53878,60,53883.6,15,150,1808430
BANKNIFTY-I.NFO,30/09/2024,09:26:07,53881.85,53878,15,53882.1,15,75,1808430
BANKNIFTY-I.NFO,30/09/2024,09:26:09,53882,53879.25,15,53882,30,75,1808430
BANKNIFTY-I.NFO,30/09/2024,09:26:11,53884.5,53886.35,15,53890,90,225,1808430
BANKNIFTY-I.NFO,30/09/2024,09:26:12,53886.15,53887.05,15,53890,90,165,1808430
BANKNIFTY-I.NFO,30/09/2024,09:26:14,53888.8,53887.65,75,53888.8,90,135,1808430
BANKNIFTY-I.NFO,30/09/2024,09:26:16,53887.8,53885.1,45,53887.8,30,360,1808430
BANKNIFTY-I.NFO,30/09/2024,09:26:17,53892.05,53888.05,45,53892,75,1200,1808430
BANKNIFTY-I.NFO,30/09/2024,09:26:19,53885,53882.45,30,53885,30,255,1808430
BANKNIFTY-I.NFO,30/09/2024,09:26:21,53886.1,53882.45,15,53886.1,30,450,1808430
BANKNIFTY-I.NFO,30/09/2024,09:26:22,53884.5,53882.45,15,53885.65,30,75,1808430
BANKNIFTY-I.NFO,30/09/2024,09:26:24,53881.25,53880,45,53881.1,15,165,1808430
BANKNIFTY-I.NFO,30/09/2024,09:26:26,53880.15,53875,30,53880.2,15,120,1808430
BANKNIFTY-I.NFO,30/09/2024,09:26:27,53875.05,53875.95,30,53879.5,15,165,1808430
BANKNIFTY-I.NFO,30/09/2024,09:26:29,53884.2,53881.05,30,53883.95,15,90,1808430
BANKNIFTY-I.NFO,30/09/2024,09:26:31,53880,53881.7,30,53883.55,45,225,1808430
BANKNIFTY-I.NFO,30/09/2024,09:26:32,53881.05,53880.95,30,53883.5,45,60,1808430
BANKNIFTY-I.NFO,30/09/2024,09:26:34,53888.05,53884.15,45,53888.45,15,135,1808430
BANKNIFTY-I.NFO,30/09/2024,09:26:36,53885,53879.3,30,53885.35,75,330,1808430
BANKNIFTY-I.NFO,30/09/2024,09:26:37,53883.8,53883.85,30,53885.35,45,210,1808430
BANKNIFTY-I.NFO,30/09/2024,09:26:39,53879.4,53879.75,30,53883.95,15,225,1808430
BANKNIFTY-I.NFO,30/09/2024,09:26:41,53880.75,53882.3,30,53884.75,30,345,1808430
BANKNIFTY-I.NFO,30/09/2024,09:26:42,53879.95,53879.7,30,53883.75,105,105,1808430
BANKNIFTY-I.NFO,30/09/2024,09:26:44,53881.55,53881,15,53883.65,30,315,1808430
BANKNIFTY-I.NFO,30/09/2024,09:26:46,53883.9,53879.7,75,53883.35,60,285,1808430
BANKNIFTY-I.NFO,30/09/2024,09:26:47,53879.7,53879.55,15,53882.45,60,225,1808430
BANKNIFTY-I.NFO,30/09/2024,09:26:49,53884.2,53883.7,30,53885.7,15,90,1808430
BANKNIFTY-I.NFO,30/09/2024,09:26:51,53884.8,53882.35,15,53884.95,30,285,1808430
BANKNIFTY-I.NFO,30/09/2024,09:26:52,53884.15,53884.15,15,53885.05,45,90,1808430
BANKNIFTY-I.NFO,30/09/2024,09:26:54,53886.1,53884.25,15,53885.95,45,180,1808430
BANKNIFTY-I.NFO,30/09/2024,09:26:56,53885.1,53883.85,15,53885.6,45,60,1808430
BANKNIFTY-I.NFO,30/09/2024,09:26:57,53885.1,53881.2,210,53884.5,75,375,1808430
BANKNIFTY-I.NFO,30/09/2024,09:26:59,53883.35,53881.2,195,53883.5,75,195,1808430
BANKNIFTY-I.NFO,30/09/2024,09:27:01,53884.7,53881.35,90,53883.4,30,360,1808430
BANKNIFTY-I.NFO,30/09/2024,09:27:02,53879.8,53879.7,15,53881.35,60,225,1808430
BANKNIFTY-I.NFO,30/09/2024,09:27:04,53884.85,53881,45,53884.8,60,90,1808430
BANKNIFTY-I.NFO,30/09/2024,09:27:05,53882.4,53878.8,45,53883.75,60,45,1808430
BANKNIFTY-I.NFO,30/09/2024,09:27:07,53878.8,53876.9,45,53881.55,60,300,1808430
BANKNIFTY-I.NFO,30/09/2024,09:27:09,53879.1,53878.8,15,53881.5,30,90,1808430
BANKNIFTY-I.NFO,30/09/2024,09:27:10,53878.8,53875.2,15,53877.7,15,165,1808430
BANKNIFTY-I.NFO,30/09/2024,09:27:12,53881.2,53878.3,75,53881.2,15,105,1808430
BANKNIFTY-I.NFO,30/09/2024,09:27:14,53881.2,53881.55,45,53883.1,15,15,1808430
BANKNIFTY-I.NFO,30/09/2024,09:27:15,53883.8,53883.15,90,53884.65,30,120,1808430
BANKNIFTY-I.NFO,30/09/2024,09:27:17,53884.55,53882.75,75,53884.55,285,15,1808430
BANKNIFTY-I.NFO,30/09/2024,09:27:19,53883.2,53881.2,45,53882,300,60,1808430
BANKNIFTY-I.NFO,30/09/2024,09:27:20,53882.4,53876.85,45,53881.55,60,315,1808430
BANKNIFTY-I.NFO,30/09/2024,09:27:22,53872.25,53872.25,75,53877.25,60,255,1808625
BANKNIFTY-I.NFO,30/09/2024,09:27:24,53875,53872.25,15,53875.45,15,15,1808625
BANKNIFTY-I.NFO,30/09/2024,09:27:25,53875.2,53872.25,15,53875.2,15,30,1808625
BANKNIFTY-I.NFO,30/09/2024,09:27:27,53875.2,53873.1,90,53876.95,15,15,1808625
BANKNIFTY-I.NFO,30/09/2024,09:27:29,53874.05,53874.35,60,53876.95,15,45,1808625
BANKNIFTY-I.NFO,30/09/2024,09:27:30,53879,53877.55,75,53879,15,105,1808625
BANKNIFTY-I.NFO,30/09/2024,09:27:32,53878.8,53876.75,60,53878.45,285,30,1808625
BANKNIFTY-I.NFO,30/09/2024,09:27:34,53876.7,53876.7,75,53878.4,330,90,1808625
BANKNIFTY-I.NFO,30/09/2024,09:27:35,53876.55,53876.65,60,53876.7,60,120,1808625
BANKNIFTY-I.NFO,30/09/2024,09:27:37,53879.6,53878.65,45,53878.8,15,150,1808625
BANKNIFTY-I.NFO,30/09/2024,09:27:39,53880,53879.9,45,53881.4,15,1050,1808625
BANKNIFTY-I.NFO,30/09/2024,09:27:40,53876.85,53876.85,15,53877.85,15,30,1808625
BANKNIFTY-I.NFO,30/09/2024,09:27:42,53878.15,53876,15,53878.15,45,45,1808625
BANKNIFTY-I.NFO,30/09/2024,09:27:44,53878.05,53876.75,45,53878.15,45,45,1808625
BANKNIFTY-I.NFO,30/09/2024,09:27:45,53879.25,53879.25,45,53879.35,15,75,1808625
BANKNIFTY-I.NFO,30/09/2024,09:27:47,53875.2,53875.2,15,53877.85,15,345,1808625
BANKNIFTY-I.NFO,30/09/2024,09:27:49,53880,53877.6,45,53879.5,15,990,1808625
BANKNIFTY-I.NFO,30/09/2024,09:27:50,53879.2,53877.65,60,53879.45,15,60,1808625
BANKNIFTY-I.NFO,30/09/2024,09:27:52,53879.4,53879.7,30,53880,300,15,1808625
BANKNIFTY-I.NFO,30/09/2024,09:27:54,53879.95,53879.7,30,53879.95,60,45,1808625
BANKNIFTY-I.NFO,30/09/2024,09:27:55,53879.7,53878.2,30,53879.85,300,45,1808625
BANKNIFTY-I.NFO,30/09/2024,09:27:57,53879.7,53877.8,45,53879.8,45,60,1808625
BANKNIFTY-I.NFO,30/09/2024,09:27:59,53875,53875,15,53876.7,60,150,1808625
BANKNIFTY-I.NFO,30/09/2024,09:28:00,53878.15,53876.7,15,53878.15,15,90,1808625
BANKNIFTY-I.NFO,30/09/2024,09:28:02,53878.45,53877.75,15,53878.45,255,150,1808625
BANKNIFTY-I.NFO,30/09/2024,09:28:04,53878.25,53878.25,30,53878.4,45,75,1808625
BANKNIFTY-I.NFO,30/09/2024,09:28:05,53880,53878.85,45,53880,15,405,1808625
BANKNIFTY-I.NFO,30/09/2024,09:28:07,53878.2,53879.3,45,53879.95,30,15,1808625
BANKNIFTY-I.NFO,30/09/2024,09:28:09,53881.9,53880,15,53882.55,315,60,1808625
BANKNIFTY-I.NFO,30/09/2024,09:28:10,53882.5,53880.55,30,53883.2,15,945,1808625
BANKNIFTY-I.NFO,30/09/2024,09:28:12,53881,53879.35,15,53881.25,15,30,1808625
BANKNIFTY-I.NFO,30/09/2024,09:28:14,53877.3,53875.25,45,53877.35,60,45,1808625
BANKNIFTY-I.NFO,30/09/2024,09:28:15,53875.95,53875.5,15,53876,45,90,1808625
BANKNIFTY-I.NFO,30/09/2024,09:28:17,53870,53866,15,53869.85,45,375,1808625
BANKNIFTY-I.NFO,30/09/2024,09:28:19,53867.8,53867.7,15,53869.8,45,180,1808625
BANKNIFTY-I.NFO,30/09/2024,09:28:20,53869.3,53865,135,53869.2,15,120,1808625
BANKNIFTY-I.NFO,30/09/2024,09:28:22,53865.4,53865,90,53868.85,15,30,1808625
BANKNIFTY-I.NFO,30/09/2024,09:28:24,53867.65,53865.7,150,53867.65,15,30,1808625
BANKNIFTY-I.NFO,30/09/2024,09:28:25,53865.6,53866.25,45,53867.6,30,75,1808625
BANKNIFTY-I.NFO,30/09/2024,09:28:27,53865,53865,75,53867.65,15,75,1808625
BANKNIFTY-I.NFO,30/09/2024,09:28:29,53869.75,53865.1,15,53869.75,15,1410,1808625
BANKNIFTY-I.NFO,30/09/2024,09:28:31,53863.3,53863.8,30,53869.55,15,285,1808625
BANKNIFTY-I.NFO,30/09/2024,09:28:32,53869.5,53863.85,30,53868.4,45,15,1808625
BANKNIFTY-I.NFO,30/09/2024,09:28:34,53867.6,53863.9,15,53868.4,30,15,1808625
BANKNIFTY-I.NFO,30/09/2024,09:28:36,53868.75,53863.9,15,53867.2,15,975,1808625
BANKNIFTY-I.NFO,30/09/2024,09:28:37,53868.75,53865.3,15,53868.9,15,0,1808625
BANKNIFTY-I.NFO,30/09/2024,09:28:39,53864.15,53865.3,30,53868.75,15,60,1808625
BANKNIFTY-I.NFO,30/09/2024,09:28:41,53870.05,53864.45,75,53869.3,15,180,1808625
BANKNIFTY-I.NFO,30/09/2024,09:28:42,53869.3,53865,15,53869.75,15,60,1808625
BANKNIFTY-I.NFO,30/09/2024,09:28:44,53863.9,53860.05,120,53863.9,15,75,1808625
BANKNIFTY-I.NFO,30/09/2024,09:28:46,53867.35,53865.1,45,53869.3,15,90,1808625
BANKNIFTY-I.NFO,30/09/2024,09:28:47,53865.1,53865.1,15,53868.1,15,30,1808625
BANKNIFTY-I.NFO,30/09/2024,09:28:49,53866,53865.1,15,53868.35,15,15,1808625
BANKNIFTY-I.NFO,30/09/2024,09:28:51,53865.1,53865,15,53868.35,15,45,1808625
BANKNIFTY-I.NFO,30/09/2024,09:28:52,53865.05,53865,15,53868.45,15,30,1808625
BANKNIFTY-I.NFO,30/09/2024,09:28:54,53865.05,53865,30,53867,75,45,1808625
BANKNIFTY-I.NFO,30/09/2024,09:28:56,53869.1,53865,15,53868.7,15,255,1808625
BANKNIFTY-I.NFO,30/09/2024,09:28:57,53868.95,53862.05,15,53868.9,15,90,1808625
BANKNIFTY-I.NFO,30/09/2024,09:28:59,53862,53862,15,53865.4,60,60,1808625
BANKNIFTY-I.NFO,30/09/2024,09:29:01,53862,53860.1,105,53867.85,45,15,1808625
BANKNIFTY-I.NFO,30/09/2024,09:29:02,53867.15,53862.35,15,53865.4,60,690,1808625
BANKNIFTY-I.NFO,30/09/2024,09:29:04,53859.65,53859.85,15,53865.6,45,105,1808625
BANKNIFTY-I.NFO,30/09/2024,09:29:06,53859.65,53864.35,45,53868.1,15,0,1808625
BANKNIFTY-I.NFO,30/09/2024,09:29:07,53866.05,53867.3,45,53872.9,45,180,1808625
BANKNIFTY-I.NFO,30/09/2024,09:29:09,53876,53870.6,15,53876,15,60,1808625
BANKNIFTY-I.NFO,30/09/2024,09:29:11,53876,53876.1,15,53878,15,60,1808625
BANKNIFTY-I.NFO,30/09/2024,09:29:12,53869.8,53869.85,15,53876.1,15,135,1808625
BANKNIFTY-I.NFO,30/09/2024,09:29:14,53878,53879.45,15,53880,90,60,1808625
BANKNIFTY-I.NFO,30/09/2024,09:29:16,53879.45,53878,30,53880,15,255,1808625
BANKNIFTY-I.NFO,30/09/2024,09:29:17,53883.7,53876.65,30,53883.1,120,495,1808625
BANKNIFTY-I.NFO,30/09/2024,09:29:19,53883.75,53878.35,30,53883.1,15,30,1808625
BANKNIFTY-I.NFO,30/09/2024,09:29:21,53883.7,53883.7,45,53884.85,15,60,1808625
BANKNIFTY-I.NFO,30/09/2024,09:29:22,53880.75,53880.75,60,53885,135,90,1808625
BANKNIFTY-I.NFO,30/09/2024,09:29:24,53885,53880.55,30,53885,45,390,1808625
BANKNIFTY-I.NFO,30/09/2024,09:29:26,53885,53880.55,15,53885.9,15,90,1808625
BANKNIFTY-I.NFO,30/09/2024,09:29:27,53877.05,53877.25,15,53882.7,45,90,1808625
BANKNIFTY-I.NFO,30/09/2024,09:29:29,53880.15,53877.25,60,53880.15,15,15,1808625
BANKNIFTY-I.NFO,30/09/2024,09:29:30,53877.7,53877.65,30,53883.75,15,90,1808625
BANKNIFTY-I.NFO,30/09/2024,09:29:32,53877.65,53877.6,15,53884.45,45,150,1808625
BANKNIFTY-I.NFO,30/09/2024,09:29:34,53872.05,53877.75,15,53885.8,120,585,1808625
BANKNIFTY-I.NFO,30/09/2024,09:29:35,53880.8,53880.75,15,53885.75,15,165,1808625
BANKNIFTY-I.NFO,30/09/2024,09:29:37,53885.95,53885.95,105,53886.95,15,90,1808625
BANKNIFTY-I.NFO,30/09/2024,09:29:39,53886.8,53877.95,15,53884.15,300,345,1808625
BANKNIFTY-I.NFO,30/09/2024,09:29:40,53883.3,53880,30,53883.3,195,120,1808625
BANKNIFTY-I.NFO,30/09/2024,09:29:42,53870.55,53870.5,15,53879.2,105,255,1808625
BANKNIFTY-I.NFO,30/09/2024,09:29:44,53877.4,53870,15,53877.4,15,30,1808625
BANKNIFTY-I.NFO,30/09/2024,09:29:45,53868,53868.05,15,53877.35,15,225,1808625
BANKNIFTY-I.NFO,30/09/2024,09:29:47,53868,53868,60,53876.6,15,120,1808625
BANKNIFTY-I.NFO,30/09/2024,09:29:49,53876.25,53870.15,15,53876,90,30,1808625
BANKNIFTY-I.NFO,30/09/2024,09:29:50,53880.15,53870.25,15,53877.35,15,3615,1808625
BANKNIFTY-I.NFO,30/09/2024,09:29:52,53870.25,53870.25,30,53875.5,30,45,1808625
BANKNIFTY-I.NFO,30/09/2024,09:29:54,53875.5,53872.1,105,53875.5,15,45,1808625
BANKNIFTY-I.NFO,30/09/2024,09:29:55,53880,53873.25,15,53880.6,15,30,1808625
BANKNIFTY-I.NFO,30/09/2024,09:29:57,53882.4,53874.7,15,53881.55,285,180,1808625
BANKNIFTY-I.NFO,30/09/2024,09:29:58,53882.4,53874.7,15,53879.95,285,0,1808625
BANKNIFTY-I.NFO,30/09/2024,09:30:00,53879.2,53869.35,15,53877,255,480,1808625
BANKNIFTY-I.NFO,30/09/2024,09:30:02,53872.9,53866.2,15,53872.4,30,210,1808625
BANKNIFTY-I.NFO,30/09/2024,09:30:03,53866,53865.7,30,53866.05,15,45,1808625
BANKNIFTY-I.NFO,30/09/2024,09:30:05,53860,53859.75,15,53865.7,60,300,1808625
BANKNIFTY-I.NFO,30/09/2024,09:30:07,53866.1,53856.15,15,53865.1,30,510,1808625
BANKNIFTY-I.NFO,30/09/2024,09:30:08,53857.25,53857.25,15,53864.75,15,540,1808625
BANKNIFTY-I.NFO,30/09/2024,09:30:10,53855,53855.7,15,53864.35,135,75,1808625
BANKNIFTY-I.NFO,30/09/2024,09:30:12,53855,53855,105,53856.05,75,75,1808625
BANKNIFTY-I.NFO,30/09/2024,09:30:13,53855,53855,45,53856,30,90,1808625
BANKNIFTY-I.NFO,30/09/2024,09:30:15,53856,53851.15,15,53855.7,15,180,1808625
BANKNIFTY-I.NFO,30/09/2024,09:30:17,53850.1,53850.1,30,53855,15,75,1808625
BANKNIFTY-I.NFO,30/09/2024,09:30:18,53854.95,53850.15,15,53855,15,60,1808625
BANKNIFTY-I.NFO,30/09/2024,09:30:20,53854.95,53850.15,15,53854.95,60,75,1808625
BANKNIFTY-I.NFO,30/09/2024,09:30:22,53854.95,53850.15,15,53854.9,15,45,1814505
BANKNIFTY-I.NFO,30/09/2024,09:30:23,53850.15,53850,915,53854.85,45,465,1814505
BANKNIFTY-I.NFO,30/09/2024,09:30:25,53850.05,53850,915,53850.15,30,45,1814505
BANKNIFTY-I.NFO,30/09/2024,09:30:27,53850.1,53850.05,15,53854.75,30,90,1814505
BANKNIFTY-I.NFO,30/09/2024,09:30:28,53856.05,53854.95,315,53857.05,15,750,1814505
BANKNIFTY-I.NFO,30/09/2024,09:30:30,53855.05,53850.05,15,53855.25,15,360,1814505
BANKNIFTY-I.NFO,30/09/2024,09:30:32,53841.2,53841.15,15,53843.7,60,1260,1814505
BANKNIFTY-I.NFO,30/09/2024,09:30:33,53838,53838,75,53840.55,60,630,1814505
BANKNIFTY-I.NFO,30/09/2024,09:30:35,53841.5,53837.9,15,53840.4,15,375,1814505
BANKNIFTY-I.NFO,30/09/2024,09:30:37,53824.7,53814.45,15,53824.75,15,14235,1814505
BANKNIFTY-I.NFO,30/09/2024,09:30:37,53811.8,53814.45,15,53824.75,15,0,1814505
BANKNIFTY-I.NFO,30/09/2024,09:30:38,53814.15,53817.7,15,53824.6,60,1230,1814505
BANKNIFTY-I.NFO,30/09/2024,09:30:40,53805,53804.7,15,53805,1425,7965,1814505
BANKNIFTY-I.NFO,30/09/2024,09:30:40,53801,53804.7,15,53805,1425,0,1814505
BANKNIFTY-I.NFO,30/09/2024,09:30:42,53808.05,53802.3,30,53812.2,30,2280,1814505
BANKNIFTY-I.NFO,30/09/2024,09:30:44,53811.2,53805.3,15,53810.35,15,1395,1814505
BANKNIFTY-I.NFO,30/09/2024,09:30:45,53805.7,53800.15,15,53805.8,105,2505,1814505
BANKNIFTY-I.NFO,30/09/2024,09:30:45,53800,53800.15,15,53805.8,105,0,1814505
BANKNIFTY-I.NFO,30/09/2024,09:30:47,53800,53802.25,30,53805,15,165,1814505
BANKNIFTY-I.NFO,30/09/2024,09:30:49,53805.8,53802,135,53805.8,405,1155,1814505
BANKNIFTY-I.NFO,30/09/2024,09:30:50,53806.95,53807.55,150,53808.45,15,660,1814505
BANKNIFTY-I.NFO,30/09/2024,09:30:52,53828.2,53828.2,120,53830,465,4650,1814505
BANKNIFTY-I.NFO,30/09/2024,09:30:54,53825.55,53818.3,105,53825.5,15,585,1814505
BANKNIFTY-I.NFO,30/09/2024,09:30:55,53822.55,53814.55,15,53823.45,15,825,1814505
BANKNIFTY-I.NFO,30/09/2024,09:30:57,53814.3,53807.05,15,53814.1,60,555,1814505
BANKNIFTY-I.NFO,30/09/2024,09:30:59,53811.5,53801.4,75,53811.45,15,435,1814505
BANKNIFTY-I.NFO,30/09/2024,09:31:00,53811.35,53807.75,15,53811.4,15,555,1814505
BANKNIFTY-I.NFO,30/09/2024,09:31:02,53805.9,53802.1,15,53811.45,15,240,1814505
BANKNIFTY-I.NFO,30/09/2024,09:31:04,53806.2,53804.9,15,53811.5,30,960,1814505
BANKNIFTY-I.NFO,30/09/2024,09:31:05,53804.35,53806.45,15,53814.35,795,600,1814505
BANKNIFTY-I.NFO,30/09/2024,09:31:07,53809.85,53809,15,53811.7,15,300,1814505
BANKNIFTY-I.NFO,30/09/2024,09:31:08,53814.35,53810.3,15,53814.35,660,300,1814505
BANKNIFTY-I.NFO,30/09/2024,09:31:10,53810,53805.9,15,53810,405,945,1814505
BANKNIFTY-I.NFO,30/09/2024,09:31:12,53806.85,53805.9,15,53809.85,75,150,1814505
BANKNIFTY-I.NFO,30/09/2024,09:31:13,53810,53806,15,53810,780,540,1814505
BANKNIFTY-I.NFO,30/09/2024,09:31:15,53804.7,53804.1,15,53810,510,420,1814505
BANKNIFTY-I.NFO,30/09/2024,09:31:17,53805.7,53804.45,15,53810,360,195,1814505
BANKNIFTY-I.NFO,30/09/2024,09:31:18,53802.95,53803,15,53810,210,870,1814505
BANKNIFTY-I.NFO,30/09/2024,09:31:20,53808.95,53802.1,105,53808.95,15,1095,1814505
BANKNIFTY-I.NFO,30/09/2024,09:31:22,53802.15,53802.3,15,53807,15,810,1814505
BANKNIFTY-I.NFO,30/09/2024,09:31:23,53804.7,53804.45,30,53810,180,225,1814505
BANKNIFTY-I.NFO,30/09/2024,09:31:25,53800.1,53801.85,15,53807.6,30,510,1814505
BANKNIFTY-I.NFO,30/09/2024,09:31:27,53802,53800.8,15,53805.65,15,435,1814505
BANKNIFTY-I.NFO,30/09/2024,09:31:28,53804.45,53801.3,75,53804.45,45,510,1814505
BANKNIFTY-I.NFO,30/09/2024,09:31:30,53803,53803,60,53804.45,45,135,1814505
BANKNIFTY-I.NFO,30/09/2024,09:31:32,53800.7,53800.55,15,53805.65,600,495,1814505
BANKNIFTY-I.NFO,30/09/2024,09:31:33,53805.6,53804.45,30,53805.6,15,465,1814505
BANKNIFTY-I.NFO,30/09/2024,09:31:35,53804.45,53802.15,15,53805.6,30,135,1814505
BANKNIFTY-I.NFO,30/09/2024,09:31:37,53804.35,53804,60,53804.45,45,360,1814505
BANKNIFTY-I.NFO,30/09/2024,09:31:38,53801,53800.05,60,53801,45,390,1814505
BANKNIFTY-I.NFO,30/09/2024,09:31:40,53800.05,53800,11220,53800.95,30,495,1814505
BANKNIFTY-I.NFO,30/09/2024,09:31:42,53805,53800.05,90,53805,105,1260,1814505
BANKNIFTY-I.NFO,30/09/2024,09:31:43,53800.75,53800.85,45,53809.75,15,195,1814505
BANKNIFTY-I.NFO,30/09/2024,09:31:45,53800.75,53800.85,30,53805,30,0,1814505
BANKNIFTY-I.NFO,30/09/2024,09:31:47,53804.95,53801.75,15,53809.8,315,870,1814505
BANKNIFTY-I.NFO,30/09/2024,09:31:48,53809.75,53803.7,15,53809.8,315,165,1814505
BANKNIFTY-I.NFO,30/09/2024,09:31:50,53809.7,53804,15,53809.8,315,75,1814505
BANKNIFTY-I.NFO,30/09/2024,09:31:52,53806.15,53807.7,15,53811,150,735,1814505
BANKNIFTY-I.NFO,30/09/2024,09:31:53,53815,53811.95,15,53815,30,750,1814505
BANKNIFTY-I.NFO,30/09/2024,09:31:55,53820,53815,120,53820,75,180,1814505
BANKNIFTY-I.NFO,30/09/2024,09:31:57,53820,53817.25,15,53820,45,225,1814505
BANKNIFTY-I.NFO,30/09/2024,09:31:58,53818.35,53817.8,15,53826.95,45,360,1814505
BANKNIFTY-I.NFO,30/09/2024,09:32:00,53815.05,53815.1,15,53817.25,15,150,1814505
BANKNIFTY-I.NFO,30/09/2024,09:32:02,53815.05,53815,90,53815.05,360,210,1814505
BANKNIFTY-I.NFO,30/09/2024,09:32:03,53805.95,53805.95,135,53809.95,15,1050,1814505
BANKNIFTY-I.NFO,30/09/2024,09:32:05,53811.95,53806.5,30,53811.95,15,795,1814505
BANKNIFTY-I.NFO,30/09/2024,09:32:07,53806.35,53806.35,15,53811.95,45,210,1814505
BANKNIFTY-I.NFO,30/09/2024,09:32:08,53809.8,53810.75,15,53819.15,75,240,1814505
BANKNIFTY-I.NFO,30/09/2024,09:32:10,53820,53819.4,15,53822.05,45,630,1814505
BANKNIFTY-I.NFO,30/09/2024,09:32:12,53820.25,53820.9,15,53823.6,30,60,1814505
BANKNIFTY-I.NFO,30/09/2024,09:32:13,53831.25,53822.05,15,53830.45,45,465,1814505
BANKNIFTY-I.NFO,30/09/2024,09:32:15,53823.4,53823.35,15,53831.2,15,240,1814505
BANKNIFTY-I.NFO,30/09/2024,09:32:17,53822.75,53825.25,15,53833.8,15,660,1814505
BANKNIFTY-I.NFO,30/09/2024,09:32:18,53815.9,53815.9,30,53822.6,60,1365,1814505
BANKNIFTY-I.NFO,30/09/2024,09:32:20,53829.55,53813.45,120,53824.6,15,5295,1814505
BANKNIFTY-I.NFO,30/09/2024,09:32:22,53820,53814.6,15,53823.15,15,540,1814505
BANKNIFTY-I.NFO,30/09/2024,09:32:23,53811.9,53820,30,53821.7,15,60,1814505
BANKNIFTY-I.NFO,30/09/2024,09:32:25,53820,53820.05,15,53822.05,15,30,1814505
BANKNIFTY-I.NFO,30/09/2024,09:32:27,53815.85,53817.7,75,53822,30,1125,1814505
BANKNIFTY-I.NFO,30/09/2024,09:32:28,53827.95,53817.6,15,53827.55,90,180,1814505
BANKNIFTY-I.NFO,30/09/2024,09:32:30,53817.6,53817.6,45,53820,900,15,1814505
BANKNIFTY-I.NFO,30/09/2024,09:32:32,53820,53817.6,45,53820,870,45,1814505
BANKNIFTY-I.NFO,30/09/2024,09:32:33,53820,53817.9,30,53820,855,15,1814505
BANKNIFTY-I.NFO,30/09/2024,09:32:35,53825.3,53822,105,53825.95,30,885,1814505
BANKNIFTY-I.NFO,30/09/2024,09:32:37,53828,53825.35,15,53828,150,300,1814505
BANKNIFTY-I.NFO,30/09/2024,09:32:38,53830,53829.15,15,53835,30,390,1814505
BANKNIFTY-I.NFO,30/09/2024,09:32:40,53824.6,53824.65,105,53834.45,120,90,1814505
BANKNIFTY-I.NFO,30/09/2024,09:32:42,53833.65,53825,15,53833.45,135,225,1814505
BANKNIFTY-I.NFO,30/09/2024,09:32:43,53830,53825,30,53833.35,105,135,1814505
BANKNIFTY-I.NFO,30/09/2024,09:32:45,53834,53834,30,53834.95,90,90,1814505
BANKNIFTY-I.NFO,30/09/2024,09:32:47,53834,53834,15,53835,30,105,1814505
BANKNIFTY-I.NFO,30/09/2024,09:32:48,53821.95,53834,45,53835.85,120,975,1814505
BANKNIFTY-I.NFO,30/09/2024,09:32:50,53834.95,53835,15,53835.8,30,45,1814505
BANKNIFTY-I.NFO,30/09/2024,09:32:52,53835.9,53835,45,53835.8,15,180,1814505
BANKNIFTY-I.NFO,30/09/2024,09:32:54,53835.9,53835.05,15,53835.8,120,120,1814505
BANKNIFTY-I.NFO,30/09/2024,09:32:55,53835.75,53835.05,30,53835.65,15,45,1814505
BANKNIFTY-I.NFO,30/09/2024,09:32:57,53834.4,53833.3,15,53834.4,15,120,1814505
BANKNIFTY-I.NFO,30/09/2024,09:32:59,53829.7,53822.55,15,53829.7,15,75,1814505
BANKNIFTY-I.NFO,30/09/2024,09:33:00,53828.35,53821,45,53828.7,15,1005,1814505
BANKNIFTY-I.NFO,30/09/2024,09:33:02,53835.05,53825.3,150,53832.55,30,360,1814505
BANKNIFTY-I.NFO,30/09/2024,09:33:04,53825.3,53820.25,90,53829,15,600,1814505
BANKNIFTY-I.NFO,30/09/2024,09:33:05,53819.4,53822,15,53827.3,30,375,1814505
BANKNIFTY-I.NFO,30/09/2024,09:33:07,53820.7,53822.6,15,53828.35,15,165,1814505
BANKNIFTY-I.NFO,30/09/2024,09:33:09,53822.2,53822.2,15,53828.35,15,75,1814505
BANKNIFTY-I.NFO,30/09/2024,09:33:10,53821.1,53815,45,53820.8,30,195,1814505
BANKNIFTY-I.NFO,30/09/2024,09:33:12,53812.95,53812.95,105,53821.7,45,405,1814505
BANKNIFTY-I.NFO,30/09/2024,09:33:14,53825.3,53815.05,15,53824.35,135,330,1814505
BANKNIFTY-I.NFO,30/09/2024,09:33:15,53823,53815.05,60,53820,360,60,1814505
BANKNIFTY-I.NFO,30/09/2024,09:33:17,53815.05,53815.05,15,53820,195,225,1814505
BANKNIFTY-I.NFO,30/09/2024,09:33:19,53820,53816,15,53820,135,60,1814505
BANKNIFTY-I.NFO,30/09/2024,09:33:20,53820,53816,30,53820,90,60,1814505
BANKNIFTY-I.NFO,30/09/2024,09:33:22,53811,53811,15,53815.35,135,60,1796910
BANKNIFTY-I.NFO,30/09/2024,09:33:24,53814.7,53810.2,195,53814.75,45,105,1796910
BANKNIFTY-I.NFO,30/09/2024,09:33:25,53816.75,53810.2,120,53814.3,15,675,1796910
BANKNIFTY-I.NFO,30/09/2024,09:33:27,53803.8,53803.4,15,53812.25,120,525,1796910
BANKNIFTY-I.NFO,30/09/2024,09:33:29,53802,53802,675,53808.35,15,105,1796910
BANKNIFTY-I.NFO,30/09/2024,09:33:30,53802,53802,645,53808.25,45,420,1796910
BANKNIFTY-I.NFO,30/09/2024,09:33:32,53802,53802,600,53807.45,90,240,1796910
BANKNIFTY-I.NFO,30/09/2024,09:33:34,53806,53802,570,53806.8,15,45,1796910
BANKNIFTY-I.NFO,30/09/2024,09:33:35,53802,53802,465,53810.25,45,555,1796910
BANKNIFTY-I.NFO,30/09/2024,09:33:37,53806.75,53802,390,53806.75,15,120,1796910
BANKNIFTY-I.NFO,30/09/2024,09:33:39,53803.55,53801.15,315,53803.55,45,435,1796910
BANKNIFTY-I.NFO,30/09/2024,09:33:40,53802.05,53802.05,15,53805,60,45,1796910
BANKNIFTY-I.NFO,30/09/2024,09:33:42,53804.6,53801.15,210,53804.35,75,225,1796910
BANKNIFTY-I.NFO,30/09/2024,09:33:44,53804.5,53801.35,15,53804.5,75,165,1796910
BANKNIFTY-I.NFO,30/09/2024,09:33:45,53801.35,53801.35,15,53805.45,30,375,1796910
BANKNIFTY-I.NFO,30/09/2024,09:33:47,53801.15,53801.15,75,53805.35,15,120,1796910
BANKNIFTY-I.NFO,30/09/2024,09:33:49,53801.15,53801.2,30,53801.8,15,1080,1796910
BANKNIFTY-I.NFO,30/09/2024,09:33:50,53801.75,53801,90,53801.75,30,420,1796910
BANKNIFTY-I.NFO,30/09/2024,09:33:52,53804.7,53801,15,53804.7,60,210,1796910
BANKNIFTY-I.NFO,30/09/2024,09:33:54,53804.7,53801,105,53804.65,195,30,1796910
BANKNIFTY-I.NFO,30/09/2024,09:33:55,53804.35,53801.75,15,53804.35,15,30,1796910
BANKNIFTY-I.NFO,30/09/2024,09:33:57,53804,53801.75,75,53803.95,15,45,1796910
BANKNIFTY-I.NFO,30/09/2024,09:33:59,53805,53802.05,75,53805,120,420,1796910
BANKNIFTY-I.NFO,30/09/2024,09:34:00,53818,53809.45,15,53816.2,45,510,1796910
BANKNIFTY-I.NFO,30/09/2024,09:34:02,53809.45,53806.9,135,53817.95,45,450,1796910
BANKNIFTY-I.NFO,30/09/2024,09:34:04,53802,53802,60,53811.1,45,1680,1796910
BANKNIFTY-I.NFO,30/09/2024,09:34:05,53802,53802,30,53805,15,105,1796910
BANKNIFTY-I.NFO,30/09/2024,09:34:07,53801.05,53801.05,90,53804.95,60,195,1796910
BANKNIFTY-I.NFO,30/09/2024,09:34:09,53807.6,53801.05,45,53807.55,30,150,1796910
BANKNIFTY-I.NFO,30/09/2024,09:34:10,53806.95,53801.9,45,53807.2,45,45,1796910
BANKNIFTY-I.NFO,30/09/2024,09:34:12,53808,53801.7,15,53808,15,150,1796910
BANKNIFTY-I.NFO,30/09/2024,09:34:14,53805.05,53805,75,53809.95,30,45,1796910
BANKNIFTY-I.NFO,30/09/2024,09:34:15,53809.95,53807.2,60,53810,270,105,1796910
BANKNIFTY-I.NFO,30/09/2024,09:34:17,53809.95,53807.35,15,53810,270,75,1796910
BANKNIFTY-I.NFO,30/09/2024,09:34:19,53807.2,53806,345,53809,15,180,1796910
BANKNIFTY-I.NFO,30/09/2024,09:34:20,53806,53806,285,53809,15,90,1796910
BANKNIFTY-I.NFO,30/09/2024,09:34:22,53809,53806.05,15,53810,255,75,1796910
BANKNIFTY-I.NFO,30/09/2024,09:34:24,53809.95,53809.7,30,53813.8,30,360,1796910
BANKNIFTY-I.NFO,30/09/2024,09:34:25,53809.95,53809.7,30,53815.6,30,0,1796910
BANKNIFTY-I.NFO,30/09/2024,09:34:27,53814.6,53811.35,105,53814.65,15,90,1796910
BANKNIFTY-I.NFO,30/09/2024,09:34:29,53815.55,53813.15,15,53815,15,105,1796910
BANKNIFTY-I.NFO,30/09/2024,09:34:30,53816.8,53816.75,30,53821.9,135,75,1796910
BANKNIFTY-I.NFO,30/09/2024,09:34:32,53820.2,53816.75,60,53820.2,30,165,1796910
BANKNIFTY-I.NFO,30/09/2024,09:34:34,53810,53810,45,53815.55,90,150,1796910
BANKNIFTY-I.NFO,30/09/2024,09:34:35,53813.2,53810,30,53814.4,15,120,1796910
BANKNIFTY-I.NFO,30/09/2024,09:34:37,53810.05,53810.05,15,53814.9,15,45,1796910
BANKNIFTY-I.NFO,30/09/2024,09:34:39,53809,53814.4,15,53814.8,45,75,1796910
BANKNIFTY-I.NFO,30/09/2024,09:34:40,53814.9,53814.4,105,53814.95,15,15,1796910
BANKNIFTY-I.NFO,30/09/2024,09:34:42,53814.9,53815.05,15,53818.25,15,0,1796910
BANKNIFTY-I.NFO,30/09/2024,09:34:44,53818.25,53815.25,15,53822.95,30,90,1796910
BANKNIFTY-I.NFO,30/09/2024,09:34:45,53821.8,53815.25,60,53821.85,15,105,1796910
BANKNIFTY-I.NFO,30/09/2024,09:34:47,53821.85,53815.3,30,53819.7,15,15,1796910
BANKNIFTY-I.NFO,30/09/2024,09:34:49,53815.35,53815.35,30,53819.7,15,15,1796910
BANKNIFTY-I.NFO,30/09/2024,09:34:50,53809.25,53807.95,120,53818.25,15,270,1796910
BANKNIFTY-I.NFO,30/09/2024,09:34:52,53815.8,53809.25,15,53814.3,135,45,1796910
BANKNIFTY-I.NFO,30/09/2024,09:34:54,53813,53809.25,45,53813,15,120,1796910
BANKNIFTY-I.NFO,30/09/2024,09:34:55,53810.7,53809.3,15,53810.8,30,375,1796910
BANKNIFTY-I.NFO,30/09/2024,09:34:57,53811.7,53809.75,15,53809.9,105,90,1796910
BANKNIFTY-I.NFO,30/09/2024,09:34:59,53809.3,53809.75,45,53813.55,45,105,1796910
BANKNIFTY-I.NFO,30/09/2024,09:35:00,53809.75,53809.75,30,53814.35,15,75,1796910
BANKNIFTY-I.NFO,30/09/2024,09:35:02,53806.7,53806,255,53813.95,15,150,1796910
BANKNIFTY-I.NFO,30/09/2024,09:35:04,53805,53805,180,53808.35,15,450,1796910
BANKNIFTY-I.NFO,30/09/2024,09:35:05,53810,53810,15,53811.5,15,165,1796910
BANKNIFTY-I.NFO,30/09/2024,09:35:07,53810.35,53810,45,53814.15,15,375,1796910
BANKNIFTY-I.NFO,30/09/2024,09:35:09,53818.1,53814.05,75,53817.8,15,60,1796910
BANKNIFTY-I.NFO,30/09/2024,09:35:10,53820,53815.2,15,53823.7,15,105,1796910
BANKNIFTY-I.NFO,30/09/2024,09:35:12,53808,53808,45,53815.3,15,345,1796910
BANKNIFTY-I.NFO,30/09/2024,09:35:14,53806.95,53807,120,53815.2,45,450,1796910
BANKNIFTY-I.NFO,30/09/2024,09:35:15,53806.5,53807.1,60,53815.15,45,210,1796910
BANKNIFTY-I.NFO,30/09/2024,09:35:17,53815.4,53808.9,60,53815,60,150,1796910
BANKNIFTY-I.NFO,30/09/2024,09:35:19,53817.85,53815.3,60,53817.8,15,120,1796910
BANKNIFTY-I.NFO,30/09/2024,09:35:20,53815.35,53815.35,15,53818.1,15,15,1796910
BANKNIFTY-I.NFO,30/09/2024,09:35:22,53808.95,53808.95,45,53816.95,45,330,1796910
BANKNIFTY-I.NFO,30/09/2024,09:35:24,53807.25,53809,15,53816.1,45,45,1796910
BANKNIFTY-I.NFO,30/09/2024,09:35:25,53816.05,53809,30,53813.85,15,30,1796910
BANKNIFTY-I.NFO,30/09/2024,09:35:27,53812.9,53807.85,15,53813.3,15,165,1796910
BANKNIFTY-I.NFO,30/09/2024,09:35:29,53808.95,53807.85,15,53808.95,135,75,1796910
BANKNIFTY-I.NFO,30/09/2024,09:35:30,53805,53805,225,53808.95,60,210,1796910
BANKNIFTY-I.NFO,30/09/2024,09:35:32,53809,53808.95,75,53815.3,15,270,1796910
BANKNIFTY-I.NFO,30/09/2024,09:35:34,53815.3,53810.6,15,53818.1,30,45,1796910
BANKNIFTY-I.NFO,30/09/2024,09:35:35,53810.6,53808.95,45,53817.35,15,30,1796910
BANKNIFTY-I.NFO,30/09/2024,09:35:37,53810.35,53810.4,15,53818.1,15,15,1796910
BANKNIFTY-I.NFO,30/09/2024,09:35:39,53810.1,53810.05,15,53818,15,30,1796910
BANKNIFTY-I.NFO,30/09/2024,09:35:40,53809,53808.95,45,53814.9,15,30,1796910
BANKNIFTY-I.NFO,30/09/2024,09:35:42,53808.95,53816.05,15,53818,15,60,1796910
BANKNIFTY-I.NFO,30/09/2024,09:35:44,53808.95,53810.1,15,53811,105,90,1796910
BANKNIFTY-I.NFO,30/09/2024,09:35:45,53816.05,53815,900,53816.05,60,135,1796910
BANKNIFTY-I.NFO,30/09/2024,09:35:47,53815,53815,855,53816.05,60,60,1796910
BANKNIFTY-I.NFO,30/09/2024,09:35:49,53818,53816.05,135,53818.1,15,180,1796910
BANKNIFTY-I.NFO,30/09/2024,09:35:50,53816.05,53816.05,105,53822.75,120,840,1796910
BANKNIFTY-I.NFO,30/09/2024,09:35:52,53821.2,53816.05,105,53821.05,15,30,1796910
BANKNIFTY-I.NFO,30/09/2024,09:35:54,53815,53815,525,53816,45,360,1796910
BANKNIFTY-I.NFO,30/09/2024,09:35:55,53815,53815,75,53816,45,465,1796910
BANKNIFTY-I.NFO,30/09/2024,09:35:57,53808.95,53808,30,53813.1,15,180,1796910
BANKNIFTY-I.NFO,30/09/2024,09:35:59,53808,53808,15,53813.15,60,60,1796910
BANKNIFTY-I.NFO,30/09/2024,09:36:00,53813.2,53806.05,120,53808.95,75,45,1796910
BANKNIFTY-I.NFO,30/09/2024,09:36:02,53808.95,53806.05,120,53808.95,45,30,1796910
BANKNIFTY-I.NFO,30/09/2024,09:36:04,53808.95,53806.05,120,53808.95,45,30,1796910
BANKNIFTY-I.NFO,30/09/2024,09:36:05,53808.85,53806.05,120,53813.2,15,330,1796910
BANKNIFTY-I.NFO,30/09/2024,09:36:07,53808.85,53806.7,120,53813.15,15,0,1796910
BANKNIFTY-I.NFO,30/09/2024,09:36:09,53808,53808,60,53813.15,15,75,1796910
BANKNIFTY-I.NFO,30/09/2024,09:36:10,53813.15,53807,30,53813.1,15,180,1796910
BANKNIFTY-I.NFO,30/09/2024,09:36:12,53807,53809,15,53812.5,15,30,1796910
BANKNIFTY-I.NFO,30/09/2024,09:36:14,53812.5,53805,30,53812.15,105,510,1796910
BANKNIFTY-I.NFO,30/09/2024,09:36:15,53810.4,53805,15,53807.05,15,90,1796910
BANKNIFTY-I.NFO,30/09/2024,09:36:17,53808.2,53802,255,53809.5,135,705,1796910
BANKNIFTY-I.NFO,30/09/2024,09:36:19,53808.05,53805,15,53808.1,30,90,1796910
BANKNIFTY-I.NFO,30/09/2024,09:36:20,53805,53805,15,53808.2,15,195,1796910
BANKNIFTY-I.NFO,30/09/2024,09:36:22,53808.2,53805,30,53809,15,120,1798155
BANKNIFTY-I.NFO,30/09/2024,09:36:24,53813,53805,30,53808.2,15,150,1798155
BANKNIFTY-I.NFO,30/09/2024,09:36:25,53808.2,53802.5,30,53808.2,15,450,1798155
BANKNIFTY-I.NFO,30/09/2024,09:36:27,53808.1,53805.5,45,53808.1,15,75,1798155
BANKNIFTY-I.NFO,30/09/2024,09:36:29,53802,53802.9,15,53808.05,60,270,1798155
BANKNIFTY-I.NFO,30/09/2024,09:36:30,53805,53802.8,300,53807.95,30,15,1798155
BANKNIFTY-I.NFO,30/09/2024,09:36:32,53808.1,53802.95,15,53808.15,30,105,1798155
BANKNIFTY-I.NFO,30/09/2024,09:36:34,53808.2,53802,90,53808.15,120,120,1798155
BANKNIFTY-I.NFO,30/09/2024,09:36:35,53801.05,53802,15,53808.1,15,180,1798155
BANKNIFTY-I.NFO,30/09/2024,09:36:37,53808.1,53801.05,30,53808.2,30,285,1798155
BANKNIFTY-I.NFO,30/09/2024,09:36:39,53808.2,53801.05,15,53807.65,60,225,1798155
BANKNIFTY-I.NFO,30/09/2024,09:36:40,53807.4,53802.15,15,53807.45,30,45,1798155
BANKNIFTY-I.NFO,30/09/2024,09:36:42,53808.2,53808.2,240,53809.9,15,90,1798155
BANKNIFTY-I.NFO,30/09/2024,09:36:44,53808.2,53808.2,30,53809.95,15,300,1798155
BANKNIFTY-I.NFO,30/09/2024,09:36:45,53803,53802,105,53808.2,30,180,1798155
BANKNIFTY-I.NFO,30/09/2024,09:36:47,53807.85,53802.95,15,53807.9,15,30,1798155
BANKNIFTY-I.NFO,30/09/2024,09:36:49,53803,53802.95,30,53808,30,105,1798155
BANKNIFTY-I.NFO,30/09/2024,09:36:50,53810,53808,30,53808.25,15,105,1798155
BANKNIFTY-I.NFO,30/09/2024,09:36:52,53808.25,53808,45,53808.25,15,60,1798155
BANKNIFTY-I.NFO,30/09/2024,09:36:54,53810.1,53810.1,45,53813.2,15,225,1798155
BANKNIFTY-I.NFO,30/09/2024,09:36:55,53808,53803.15,15,53807.95,60,225,1798155
BANKNIFTY-I.NFO,30/09/2024,09:36:57,53801,53801.25,15,53807.95,60,900,1798155
BANKNIFTY-I.NFO,30/09/2024,09:36:59,53805,53802.65,15,53805,75,60,1798155
BANKNIFTY-I.NFO,30/09/2024,09:37:00,53805,53802.65,45,53805,60,15,1798155
BANKNIFTY-I.NFO,30/09/2024,09:37:02,53805,53803,900,53805,30,30,1798155
BANKNIFTY-I.NFO,30/09/2024,09:37:04,53807.95,53803.1,15,53807.95,45,75,1798155
BANKNIFTY-I.NFO,30/09/2024,09:37:05,53803.1,53803.1,15,53808,270,60,1798155
BANKNIFTY-I.NFO,30/09/2024,09:37:07,53808,53803.1,45,53808,255,15,1798155
BANKNIFTY-I.NFO,30/09/2024,09:37:09,53807.95,53803.2,15,53807,15,15,1798155
BANKNIFTY-I.NFO,30/09/2024,09:37:10,53805,53805,240,53805.4,45,15,1798155
BANKNIFTY-I.NFO,30/09/2024,09:37:12,53808,53805.05,30,53807.95,15,120,1798155
BANKNIFTY-I.NFO,30/09/2024,09:37:14,53803,53803,375,53807.95,15,960,1798155
BANKNIFTY-I.NFO,30/09/2024,09:37:16,53808,53805,15,53808,120,135,1798155
BANKNIFTY-I.NFO,30/09/2024,09:37:17,53807.95,53805,15,53807.9,15,120,1798155
BANKNIFTY-I.NFO,30/09/2024,09:37:19,53800,53800,3270,53802.45,15,2340,1798155
BANKNIFTY-I.NFO,30/09/2024,09:37:21,53804.65,53800.05,15,53803.25,15,90,1798155
BANKNIFTY-I.NFO,30/09/2024,09:37:22,53800,53800,3105,53802.15,15,105,1798155
BANKNIFTY-I.NFO,30/09/2024,09:37:24,53800,53800,4065,53801.45,135,75,1798155
BANKNIFTY-I.NFO,30/09/2024,09:37:26,53800,53800.5,150,53802.95,30,210,1798155
BANKNIFTY-I.NFO,30/09/2024,09:37:27,53804.6,53800.9,30,53807.85,45,165,1798155
BANKNIFTY-I.NFO,30/09/2024,09:37:29,53806.3,53804.25,120,53806.3,45,75,1798155
BANKNIFTY-I.NFO,30/09/2024,09:37:31,53808.1,53804.35,120,53809.85,45,60,1798155
BANKNIFTY-I.NFO,30/09/2024,09:37:32,53805,53802.45,165,53808.1,45,30,1798155
BANKNIFTY-I.NFO,30/09/2024,09:37:34,53805.5,53802.45,45,53805.4,75,90,1798155
BANKNIFTY-I.NFO,30/09/2024,09:37:36,53802.45,53802.45,30,53804.55,75,45,1798155
BANKNIFTY-I.NFO,30/09/2024,09:37:37,53783,53780.7,75,53783,90,14085,1798155
BANKNIFTY-I.NFO,30/09/2024,09:37:37,53770.35,53780.7,75,53783,90,0,1798155
BANKNIFTY-I.NFO,30/09/2024,09:37:39,53774.8,53781.75,15,53786,1950,1635,1798155
BANKNIFTY-I.NFO,30/09/2024,09:37:41,53780.85,53780.2,300,53785.85,45,1005,1798155
BANKNIFTY-I.NFO,30/09/2024,09:37:42,53779.8,53779.95,15,53785.95,45,390,1798155
BANKNIFTY-I.NFO,30/09/2024,09:37:44,53776.9,53776.55,15,53781.75,45,195,1798155
BANKNIFTY-I.NFO,30/09/2024,09:37:46,53776.6,53776.6,15,53779.15,15,390,1798155
BANKNIFTY-I.NFO,30/09/2024,09:37:47,53763.2,53762.45,30,53763.55,75,675,1798155
BANKNIFTY-I.NFO,30/09/2024,09:37:47,53763.2,53762.45,30,53763.55,75,0,1798155
BANKNIFTY-I.NFO,30/09/2024,09:37:49,53767.8,53767.8,75,53769,15,870,1798155
BANKNIFTY-I.NFO,30/09/2024,09:37:49,53758.95,53767.8,75,53769,15,0,1798155
BANKNIFTY-I.NFO,30/09/2024,09:37:51,53766.45,53767,15,53773.45,45,540,1798155
BANKNIFTY-I.NFO,30/09/2024,09:37:52,53770.65,53765,15,53772,45,90,1798155
BANKNIFTY-I.NFO,30/09/2024,09:37:54,53772.2,53761,15,53769.6,60,195,1798155
BANKNIFTY-I.NFO,30/09/2024,09:37:56,53766.55,53766.5,15,53769.6,120,1035,1798155
BANKNIFTY-I.NFO,30/09/2024,09:37:56,53758.65,53766.5,15,53769.6,120,0,1798155
BANKNIFTY-I.NFO,30/09/2024,09:37:57,53773.35,53773.35,225,53777.4,75,585,1798155
BANKNIFTY-I.NFO,30/09/2024,09:37:59,53773.5,53769.6,45,53771.35,225,240,1798155
BANKNIFTY-I.NFO,30/09/2024,09:38:01,53766.55,53768.25,45,53775.95,165,360,1798155
BANKNIFTY-I.NFO,30/09/2024,09:38:02,53760.25,53760.3,15,53769.2,15,915,1798155
BANKNIFTY-I.NFO,30/09/2024,09:38:02,53758.55,53760.3,15,53769.2,15,0,1798155
BANKNIFTY-I.NFO,30/09/2024,09:38:04,53777.85,53769.9,45,53779.9,60,705,1798155
BANKNIFTY-I.NFO,30/09/2024,09:38:06,53783,53773.5,60,53779.5,15,315,1798155
BANKNIFTY-I.NFO,30/09/2024,09:38:07,53772,53774.2,15,53780.75,15,735,1798155
BANKNIFTY-I.NFO,30/09/2024,09:38:09,53777.65,53775.2,15,53784.4,30,120,1798155
BANKNIFTY-I.NFO,30/09/2024,09:38:11,53780.55,53774.45,120,53783,45,255,1798155
BANKNIFTY-I.NFO,30/09/2024,09:38:12,53770.05,53769.6,120,53778.05,75,570,1798155
BANKNIFTY-I.NFO,30/09/2024,09:38:14,53774.9,53770,300,53774.8,60,135,1798155
BANKNIFTY-I.NFO,30/09/2024,09:38:16,53770,53770,300,53775.05,75,45,1798155
BANKNIFTY-I.NFO,30/09/2024,09:38:17,53770,53770,240,53773.85,15,60,1798155
BANKNIFTY-I.NFO,30/09/2024,09:38:19,53774.5,53770,225,53774.4,15,75,1798155
BANKNIFTY-I.NFO,30/09/2024,09:38:21,53774.45,53774.5,15,53775.05,45,45,1798155
BANKNIFTY-I.NFO,30/09/2024,09:38:22,53774,53774,825,53777.95,45,135,1798155
BANKNIFTY-I.NFO,30/09/2024,09:38:24,53778,53774,690,53777.7,45,285,1798155
BANKNIFTY-I.NFO,30/09/2024,09:38:26,53778.15,53774,540,53778.45,15,390,1798155
BANKNIFTY-I.NFO,30/09/2024,09:38:27,53778.35,53774,540,53778.4,60,30,1798155
BANKNIFTY-I.NFO,30/09/2024,09:38:29,53774,53774,495,53775,15,75,1798155
BANKNIFTY-I.NFO,30/09/2024,09:38:31,53774,53774,60,53774.45,30,480,1798155
BANKNIFTY-I.NFO,30/09/2024,09:38:32,53770,53770,615,53771.25,30,135,1798155
BANKNIFTY-I.NFO,30/09/2024,09:38:34,53770,53770,420,53771.25,30,225,1798155
BANKNIFTY-I.NFO,30/09/2024,09:38:36,53771.6,53770,405,53771.2,15,300,1798155
BANKNIFTY-I.NFO,30/09/2024,09:38:37,53765.35,53770.05,30,53770.95,15,630,1798155
BANKNIFTY-I.NFO,30/09/2024,09:38:39,53771.1,53765.4,15,53771.1,75,90,1798155
BANKNIFTY-I.NFO,30/09/2024,09:38:41,53770,53771.1,30,53771.15,45,105,1798155
BANKNIFTY-I.NFO,30/09/2024,09:38:42,53774,53771.1,30,53777.45,30,165,1798155
BANKNIFTY-I.NFO,30/09/2024,09:38:44,53771.25,53770.5,15,53776,90,375,1798155
BANKNIFTY-I.NFO,30/09/2024,09:38:46,53776,53773.6,15,53776.45,15,30,1798155
BANKNIFTY-I.NFO,30/09/2024,09:38:47,53778,53776.45,195,53778,30,30,1798155
BANKNIFTY-I.NFO,30/09/2024,09:38:49,53779.9,53776.45,195,53779.9,15,45,1798155
BANKNIFTY-I.NFO,30/09/2024,09:38:51,53780,53778,15,53782.45,30,150,1798155
BANKNIFTY-I.NFO,30/09/2024,09:38:52,53776.5,53776.5,15,53782.05,15,120,1798155
BANKNIFTY-I.NFO,30/09/2024,09:38:54,53776.45,53776.45,105,53781.9,60,60,1798155
BANKNIFTY-I.NFO,30/09/2024,09:38:56,53777.95,53776.45,120,53776.7,165,90,1798155
BANKNIFTY-I.NFO,30/09/2024,09:38:57,53777.55,53770,15,53777.1,45,1200,1798155
BANKNIFTY-I.NFO,30/09/2024,09:38:59,53777.95,53768.9,75,53778,30,975,1798155
BANKNIFTY-I.NFO,30/09/2024,09:39:01,53783.5,53773.85,15,53778,15,990,1798155
BANKNIFTY-I.NFO,30/09/2024,09:39:02,53780.55,53780.55,75,53785.65,15,240,1798155
BANKNIFTY-I.NFO,30/09/2024,09:39:04,53780.55,53780.55,15,53787.1,30,90,1798155
BANKNIFTY-I.NFO,30/09/2024,09:39:06,53789.9,53783.35,15,53789.9,15,780,1798155
BANKNIFTY-I.NFO,30/09/2024,09:39:07,53789.9,53788,15,53788.95,30,60,1798155
BANKNIFTY-I.NFO,30/09/2024,09:39:09,53786.55,53781.3,150,53786.15,15,120,1798155
BANKNIFTY-I.NFO,30/09/2024,09:39:11,53782.95,53781.3,15,53784.15,15,285,1798155
BANKNIFTY-I.NFO,30/09/2024,09:39:12,53782.95,53781.3,15,53783.75,15,0,1798155
BANKNIFTY-I.NFO,30/09/2024,09:39:14,53784.35,53780.6,30,53784.3,15,1065,1798155
BANKNIFTY-I.NFO,30/09/2024,09:39:16,53785.9,53780.6,30,53785.85,30,120,1798155
BANKNIFTY-I.NFO,30/09/2024,09:39:17,53780.05,53780,120,53780.05,15,405,1798155
BANKNIFTY-I.NFO,30/09/2024,09:39:19,53785.9,53780.05,30,53786.35,15,195,1798155
BANKNIFTY-I.NFO,30/09/2024,09:39:21,53786.95,53780.05,90,53787.4,90,105,1798155
BANKNIFTY-I.NFO,30/09/2024,09:39:22,53782,53782,180,53784.6,90,60,1797750
BANKNIFTY-I.NFO,30/09/2024,09:39:24,53785.25,53782,165,53785.2,30,30,1797750
BANKNIFTY-I.NFO,30/09/2024,09:39:26,53783.95,53782,165,53782.75,30,225,1797750
BANKNIFTY-I.NFO,30/09/2024,09:39:27,53782.5,53782,105,53784,150,105,1797750
BANKNIFTY-I.NFO,30/09/2024,09:39:29,53782,53782,60,53787.05,75,255,1797750
BANKNIFTY-I.NFO,30/09/2024,09:39:31,53787,53785,330,53787.05,45,90,1797750
BANKNIFTY-I.NFO,30/09/2024,09:39:32,53785,53785,165,53786.95,45,285,1797750
BANKNIFTY-I.NFO,30/09/2024,09:39:34,53787.05,53787.05,645,53788.9,45,105,1797750
BANKNIFTY-I.NFO,30/09/2024,09:39:36,53790,53787.5,15,53790,75,30,1797750
BANKNIFTY-I.NFO,30/09/2024,09:39:37,53789.5,53789.5,15,53795.5,30,1680,1797750
BANKNIFTY-I.NFO,30/09/2024,09:39:39,53795.2,53789.85,30,53796.65,45,60,1797750
BANKNIFTY-I.NFO,30/09/2024,09:39:41,53789.45,53790.6,15,53797.65,45,285,1797750
BANKNIFTY-I.NFO,30/09/2024,09:39:42,53790.85,53790.95,15,53798.45,45,165,1797750
BANKNIFTY-I.NFO,30/09/2024,09:39:44,53790.5,53790.5,30,53796,75,135,1797750
BANKNIFTY-I.NFO,30/09/2024,09:39:46,53786.9,53785.15,15,53794.35,30,315,1797750
BANKNIFTY-I.NFO,30/09/2024,09:39:47,53790.85,53785,300,53785.65,60,180,1797750
BANKNIFTY-I.NFO,30/09/2024,09:39:49,53788.9,53786.9,15,53789,45,240,1797750
BANKNIFTY-I.NFO,30/09/2024,09:39:51,53786.9,53785,105,53788.7,15,60,1797750
BANKNIFTY-I.NFO,30/09/2024,09:39:52,53782,53780,15,53785.6,75,180,1797750
BANKNIFTY-I.NFO,30/09/2024,09:39:54,53780.1,53780,15,53781.5,15,60,1797750
BANKNIFTY-I.NFO,30/09/2024,09:39:56,53781.45,53779.9,15,53781.45,60,105,1797750
BANKNIFTY-I.NFO,30/09/2024,09:39:57,53785.45,53779.9,15,53785.4,15,165,1797750
BANKNIFTY-I.NFO,30/09/2024,09:39:59,53780,53780,270,53784.6,15,135,1797750
BANKNIFTY-I.NFO,30/09/2024,09:40:01,53780,53780,165,53784.5,15,270,1797750
BANKNIFTY-I.NFO,30/09/2024,09:40:02,53780,53780,90,53784.35,15,135,1797750
BANKNIFTY-I.NFO,30/09/2024,09:40:04,53782.85,53777.75,45,53782.35,15,270,1797750
BANKNIFTY-I.NFO,30/09/2024,09:40:06,53781.2,53777.85,45,53780.85,15,30,1797750
BANKNIFTY-I.NFO,30/09/2024,09:40:07,53771.85,53772.25,45,53777.4,15,165,1797750
BANKNIFTY-I.NFO,30/09/2024,09:40:09,53774.35,53772.25,15,53773.9,15,135,1797750
BANKNIFTY-I.NFO,30/09/2024,09:40:11,53772.3,53772.3,15,53772.5,30,75,1797750
BANKNIFTY-I.NFO,30/09/2024,09:40:12,53771,53770,90,53771,15,75,1797750
BANKNIFTY-I.NFO,30/09/2024,09:40:14,53770.75,53770,30,53770.2,30,255,1797750
BANKNIFTY-I.NFO,30/09/2024,09:40:16,53768.3,53765.75,30,53768,15,90,1797750
BANKNIFTY-I.NFO,30/09/2024,09:40:17,53767.75,53765.35,120,53767.5,15,135,1797750
BANKNIFTY-I.NFO,30/09/2024,09:40:19,53765.35,53765.35,90,53766.35,15,105,1797750
BANKNIFTY-I.NFO,30/09/2024,09:40:21,53765.35,53765.2,15,53766.3,135,150,1797750
BANKNIFTY-I.NFO,30/09/2024,09:40:22,53766.25,53765.1,15,53766.25,60,105,1797750
BANKNIFTY-I.NFO,30/09/2024,09:40:24,53760,53760,195,53766.2,45,750,1797750
BANKNIFTY-I.NFO,30/09/2024,09:40:26,53760,53760,75,53764.15,15,195,1797750
BANKNIFTY-I.NFO,30/09/2024,09:40:27,53757.75,53752.8,15,53759.6,135,20505,1797750
BANKNIFTY-I.NFO,30/09/2024,09:40:27,53737.75,53752.8,15,53759.6,135,0,1797750
BANKNIFTY-I.NFO,30/09/2024,09:40:29,53753.15,53745.5,90,53753.15,45,450,1797750
BANKNIFTY-I.NFO,30/09/2024,09:40:31,53753.1,53751.35,15,53753.1,45,105,1797750
BANKNIFTY-I.NFO,30/09/2024,09:40:32,53759.85,53751.35,15,53752.8,450,225,1797750
BANKNIFTY-I.NFO,30/09/2024,09:40:34,53753,53753,105,53760,90,540,1797750
BANKNIFTY-I.NFO,30/09/2024,09:40:36,53750,53750,90,53754.95,15,495,1797750
BANKNIFTY-I.NFO,30/09/2024,09:40:37,53750,53750.05,15,53752.1,195,120,1797750
BANKNIFTY-I.NFO,30/09/2024,09:40:39,53752.15,53750,30,53756.15,165,180,1797750
BANKNIFTY-I.NFO,30/09/2024,09:40:41,53748.25,53748.25,60,53750,15,210,1797750
BANKNIFTY-I.NFO,30/09/2024,09:40:42,53738.15,53737.85,15,53740,90,480,1797750
BANKNIFTY-I.NFO,30/09/2024,09:40:42,53737.7,53737.85,15,53740,90,0,1797750
BANKNIFTY-I.NFO,30/09/2024,09:40:44,53741.5,53739.35,30,53741.5,2370,315,1797750
BANKNIFTY-I.NFO,30/09/2024,09:40:46,53741.5,53740,15,53741.5,1830,885,1797750
BANKNIFTY-I.NFO,30/09/2024,09:40:46,53735,53740,15,53741.5,1830,0,1797750
BANKNIFTY-I.NFO,30/09/2024,09:40:47,53736.9,53735.65,30,53741.5,1290,690,1797750
BANKNIFTY-I.NFO,30/09/2024,09:40:49,53740,53734.3,30,53739.45,135,240,1797750
BANKNIFTY-I.NFO,30/09/2024,09:40:49,53733,53734.3,30,53739.45,135,0,1797750
BANKNIFTY-I.NFO,30/09/2024,09:40:51,53739.95,53734.35,15,53739.1,120,90,1797750
BANKNIFTY-I.NFO,30/09/2024,09:40:52,53733,53733,15,53737.65,60,120,1797750
BANKNIFTY-I.NFO,30/09/2024,09:40:54,53732,53732.5,30,53737.95,270,420,1797750
BANKNIFTY-I.NFO,30/09/2024,09:40:54,53732,53732.5,30,53737.95,270,0,1797750
BANKNIFTY-I.NFO,30/09/2024,09:40:56,53737.95,53734.2,30,53737.95,195,120,1797750
BANKNIFTY-I.NFO,30/09/2024,09:40:57,53732.05,53727.85,30,53732.05,150,735,1797750
BANKNIFTY-I.NFO,30/09/2024,09:40:57,53726.3,53727.85,30,53732.05,150,0,1797750
BANKNIFTY-I.NFO,30/09/2024,09:40:59,53732.05,53730.8,15,53732.05,30,150,1797750
BANKNIFTY-I.NFO,30/09/2024,09:41:01,53732.05,53732.05,285,53732.25,15,570,1797750
BANKNIFTY-I.NFO,30/09/2024,09:41:02,53726,53726,810,53729.95,180,390,1797750
BANKNIFTY-I.NFO,30/09/2024,09:41:02,53726,53726,810,53729.95,180,0,1797750
BANKNIFTY-I.NFO,30/09/2024,09:41:04,53726,53726,195,53726.05,60,765,1797750
BANKNIFTY-I.NFO,30/09/2024,09:41:06,53720,53720,330,53724.2,45,1935,1797750
BANKNIFTY-I.NFO,30/09/2024,09:41:06,53720,53720,330,53724.2,45,0,1797750
BANKNIFTY-I.NFO,30/09/2024,09:41:07,53716,53716,150,53718,75,945,1797750
BANKNIFTY-I.NFO,30/09/2024,09:41:07,53716,53716,150,53718,75,0,1797750
BANKNIFTY-I.NFO,30/09/2024,09:41:09,53713,53714.65,15,53715,15,630,1797750
BANKNIFTY-I.NFO,30/09/2024,09:41:09,53713,53714.65,15,53715,15,0,1797750
BANKNIFTY-I.NFO,30/09/2024,09:41:11,53713.05,53711.1,480,53711.75,15,1050,1797750
BANKNIFTY-I.NFO,30/09/2024,09:41:11,53711.1,53711.1,480,53711.75,15,0,1797750
BANKNIFTY-I.NFO,30/09/2024,09:41:12,53710,53710,255,53712.6,120,915,1797750
BANKNIFTY-I.NFO,30/09/2024,09:41:12,53710,53710,255,53712.6,120,0,1797750
BANKNIFTY-I.NFO,30/09/2024,09:41:14,53703,53703,465,53706.15,75,2100,1797750
BANKNIFTY-I.NFO,30/09/2024,09:41:14,53703,53703,465,53706.15,75,0,1797750
BANKNIFTY-I.NFO,30/09/2024,09:41:16,53707.25,53704.9,15,53708.3,15,465,1797750
BANKNIFTY-I.NFO,30/09/2024,09:41:17,53712.65,53709.45,30,53712.65,30,1365,1797750
BANKNIFTY-I.NFO,30/09/2024,09:41:19,53716,53716.55,30,53718,15,435,1797750
BANKNIFTY-I.NFO,30/09/2024,09:41:21,53720.95,53720.7,75,53726,15,990,1797750
BANKNIFTY-I.NFO,30/09/2024,09:41:22,53723.8,53723.8,45,53729.35,15,270,1797750
BANKNIFTY-I.NFO,30/09/2024,09:41:24,53724.15,53722.55,30,53729.35,90,120,1797750
BANKNIFTY-I.NFO,30/09/2024,09:41:26,53725.6,53721.65,15,53724.1,15,120,1797750
BANKNIFTY-I.NFO,30/09/2024,09:41:27,53721.5,53722.65,15,53728.15,45,330,1797750
BANKNIFTY-I.NFO,30/09/2024,09:41:29,53729.1,53729.1,45,53730,240,255,1797750
BANKNIFTY-I.NFO,30/09/2024,09:41:31,53735.2,53723.85,60,53732.55,45,1155,1797750
BANKNIFTY-I.NFO,30/09/2024,09:41:33,53733.8,53730,15,53735.25,45,90,1797750
BANKNIFTY-I.NFO,30/09/2024,09:41:34,53735.05,53735,75,53737.65,105,150,1797750
BANKNIFTY-I.NFO,30/09/2024,09:41:36,53739.3,53735.25,600,53739.3,45,225,1797750
BANKNIFTY-I.NFO,30/09/2024,09:41:38,53739.35,53739.35,135,53739.95,45,120,1797750
BANKNIFTY-I.NFO,30/09/2024,09:41:39,53740,53740,15,53741.45,30,210,1797750
BANKNIFTY-I.NFO,30/09/2024,09:41:41,53739.35,53739.35,45,53741.1,30,150,1797750
BANKNIFTY-I.NFO,30/09/2024,09:41:43,53735,53733.85,105,53737.2,90,900,1797750
BANKNIFTY-I.NFO,30/09/2024,09:41:44,53733.8,53730,45,53732.8,75,225,1797750
BANKNIFTY-I.NFO,30/09/2024,09:41:46,53732.65,53730,30,53732.5,75,75,1797750
BANKNIFTY-I.NFO,30/09/2024,09:41:48,53730,53729.15,15,53730.85,105,165,1797750
BANKNIFTY-I.NFO,30/09/2024,09:41:49,53721,53720.05,30,53729.5,15,165,1797750
BANKNIFTY-I.NFO,30/09/2024,09:41:51,53725.05,53725.05,15,53729.45,75,225,1797750
BANKNIFTY-I.NFO,30/09/2024,09:41:53,53725,53720.05,30,53725,45,210,1797750
BANKNIFTY-I.NFO,30/09/2024,09:41:54,53714.65,53723,15,53726.2,30,450,1797750
BANKNIFTY-I.NFO,30/09/2024,09:41:56,53720.3,53720.3,105,53724.65,90,1080,1797750
BANKNIFTY-I.NFO,30/09/2024,09:41:58,53726.95,53720.3,90,53727.35,30,180,1797750
BANKNIFTY-I.NFO,30/09/2024,09:41:59,53720.95,53720.95,15,53728.95,45,330,1797750
BANKNIFTY-I.NFO,30/09/2024,09:42:01,53720.65,53720.95,75,53725,15,150,1797750
BANKNIFTY-I.NFO,30/09/2024,09:42:03,53722.95,53720.3,75,53720.55,75,750,1797750
BANKNIFTY-I.NFO,30/09/2024,09:42:04,53720,53720,405,53722.85,75,285,1797750
BANKNIFTY-I.NFO,30/09/2024,09:42:06,53725,53721.65,690,53726,30,420,1797750
BANKNIFTY-I.NFO,30/09/2024,09:42:08,53720,53720.95,15,53724.6,105,1095,1797750
BANKNIFTY-I.NFO,30/09/2024,09:42:09,53725,53721.6,75,53725.05,30,60,1797750
BANKNIFTY-I.NFO,30/09/2024,09:42:11,53721.6,53721,30,53723.35,30,120,1797750
BANKNIFTY-I.NFO,30/09/2024,09:42:13,53720.65,53715.1,30,53720.65,45,330,1797750
BANKNIFTY-I.NFO,30/09/2024,09:42:14,53720.6,53717.3,30,53720.6,45,135,1797750
BANKNIFTY-I.NFO,30/09/2024,09:42:16,53720.95,53720,30,53720.95,15,105,1797750
BANKNIFTY-I.NFO,30/09/2024,09:42:18,53723.8,53721.9,30,53723.85,30,30,1797750
BANKNIFTY-I.NFO,30/09/2024,09:42:19,53722.25,53721,15,53723.85,15,45,1797750
BANKNIFTY-I.NFO,30/09/2024,09:42:21,53725,53720.95,15,53721.6,105,105,1797750
BANKNIFTY-I.NFO,30/09/2024,09:42:23,53721.05,53720,225,53721.6,30,180,1797750
BANKNIFTY-I.NFO,30/09/2024,09:42:24,53718,53715,30,53718.6,30,360,1796820
BANKNIFTY-I.NFO,30/09/2024,09:42:26,53718.65,53715,15,53717.85,30,120,1796820
BANKNIFTY-I.NFO,30/09/2024,09:42:28,53711.9,53711,15,53711.9,105,240,1796820
BANKNIFTY-I.NFO,30/09/2024,09:42:29,53711.25,53711.25,15,53711.8,30,75,1796820
BANKNIFTY-I.NFO,30/09/2024,09:42:31,53705,53705.1,15,53708.85,75,120,1796820
BANKNIFTY-I.NFO,30/09/2024,09:42:33,53710.3,53705.1,15,53708.8,45,90,1796820
BANKNIFTY-I.NFO,30/09/2024,09:42:34,53705.3,53705.3,15,53708.65,15,45,1796820
BANKNIFTY-I.NFO,30/09/2024,09:42:36,53705.3,53705,120,53707.75,15,45,1796820
BANKNIFTY-I.NFO,30/09/2024,09:42:38,53704,53704.25,15,53707.7,60,270,1796820
BANKNIFTY-I.NFO,30/09/2024,09:42:39,53707.65,53706.05,45,53709.5,15,180,1796820
BANKNIFTY-I.NFO,30/09/2024,09:42:41,53711,53708.8,15,53713.55,15,660,1796820
BANKNIFTY-I.NFO,30/09/2024,09:42:43,53710.1,53708.8,15,53713.4,105,195,1796820
BANKNIFTY-I.NFO,30/09/2024,09:42:44,53708.8,53705.3,30,53711.4,45,45,1796820
BANKNIFTY-I.NFO,30/09/2024,09:42:46,53711.4,53710.1,105,53711.3,30,90,1796820
BANKNIFTY-I.NFO,30/09/2024,09:42:48,53710.1,53710.1,135,53711.5,30,90,1796820
BANKNIFTY-I.NFO,30/09/2024,09:42:49,53709.9,53709.9,270,53710,15,600,1796820
BANKNIFTY-I.NFO,30/09/2024,09:42:51,53710.8,53709.9,90,53711,15,285,1796820
BANKNIFTY-I.NFO,30/09/2024,09:42:53,53711.3,53710.1,15,53713.7,45,60,1796820
BANKNIFTY-I.NFO,30/09/2024,09:42:54,53710.15,53709.95,15,53713.6,15,60,1796820
BANKNIFTY-I.NFO,30/09/2024,09:42:56,53711.4,53711,75,53713.55,60,30,1796820
BANKNIFTY-I.NFO,30/09/2024,09:42:58,53711,53711,105,53713.5,60,30,1796820
BANKNIFTY-I.NFO,30/09/2024,09:42:59,53711,53710.1,45,53712.55,75,240,1796820
BANKNIFTY-I.NFO,30/09/2024,09:43:01,53709,53708.8,15,53711.7,75,285,1796820
BANKNIFTY-I.NFO,30/09/2024,09:43:03,53709.45,53708.8,15,53709.45,60,180,1796820
BANKNIFTY-I.NFO,30/09/2024,09:43:04,53704.45,53703,165,53704.4,15,300,1796820
BANKNIFTY-I.NFO,30/09/2024,09:43:06,53701.25,53701.25,45,53703.1,15,360,1796820
BANKNIFTY-I.NFO,30/09/2024,09:43:06,53701.25,53701.25,45,53703.1,15,0,1796820
BANKNIFTY-I.NFO,30/09/2024,09:43:08,53703.05,53701.95,30,53706,15,210,1796820
BANKNIFTY-I.NFO,30/09/2024,09:43:08,53701.2,53701.95,30,53706,15,0,1796820
BANKNIFTY-I.NFO,30/09/2024,09:43:09,53708.8,53704.75,15,53708.8,435,270,1796820
BANKNIFTY-I.NFO,30/09/2024,09:43:11,53708.75,53707.2,15,53709.95,15,1530,1796820
BANKNIFTY-I.NFO,30/09/2024,09:43:13,53715.65,53714.45,15,53717.75,15,195,1796820
BANKNIFTY-I.NFO,30/09/2024,09:43:14,53714.3,53714.5,15,53719.9,15,1110,1796820
BANKNIFTY-I.NFO,30/09/2024,09:43:16,53712,53712.5,15,53717.6,45,30,1796820
BANKNIFTY-I.NFO,30/09/2024,09:43:18,53710.25,53710.25,15,53717,105,330,1796820
BANKNIFTY-I.NFO,30/09/2024,09:43:19,53710.2,53710.2,210,53714.2,15,45,1796820
BANKNIFTY-I.NFO,30/09/2024,09:43:21,53708.55,53704.25,15,53708.55,15,1110,1796820
BANKNIFTY-I.NFO,30/09/2024,09:43:21,53701,53704.25,15,53708.55,15,0,1796820
BANKNIFTY-I.NFO,30/09/2024,09:43:23,53706.4,53701.4,15,53704.25,600,180,1796820
BANKNIFTY-I.NFO,30/09/2024,09:43:24,53704.15,53703,15,53704.2,60,45,1796820
BANKNIFTY-I.NFO,30/09/2024,09:43:26,53709.1,53702.15,15,53709.1,45,900,1796820
BANKNIFTY-I.NFO,30/09/2024,09:43:28,53709.6,53706.15,15,53710,15,750,1796820
BANKNIFTY-I.NFO,30/09/2024,09:43:28,53700.95,53706.15,15,53710,15,0,1796820
BANKNIFTY-I.NFO,30/09/2024,09:43:29,53710.2,53706.3,15,53710.25,30,45,1796820
BANKNIFTY-I.NFO,30/09/2024,09:43:31,53710.2,53704.95,30,53710,15,120,1796820
BANKNIFTY-I.NFO,30/09/2024,09:43:33,53704.95,53703.45,120,53709.95,30,210,1796820
BANKNIFTY-I.NFO,30/09/2024,09:43:34,53709.95,53707,15,53709.95,30,90,1796820
BANKNIFTY-I.NFO,30/09/2024,09:43:36,53709.65,53704.95,15,53709.55,75,105,1796820
BANKNIFTY-I.NFO,30/09/2024,09:43:38,53709.5,53705,15,53709.9,30,15,1796820
BANKNIFTY-I.NFO,30/09/2024,09:43:39,53709.05,53704,15,53709.05,15,195,1796820
BANKNIFTY-I.NFO,30/09/2024,09:43:41,53708.95,53704,45,53709,45,30,1796820
BANKNIFTY-I.NFO,30/09/2024,09:43:43,53709.75,53706.3,15,53709.8,30,90,1796820
BANKNIFTY-I.NFO,30/09/2024,09:43:44,53709.9,53706.15,15,53709.95,105,375,1796820
BANKNIFTY-I.NFO,30/09/2024,09:43:46,53717.95,53717.95,60,53719.85,15,405,1796820
BANKNIFTY-I.NFO,30/09/2024,09:43:48,53718.9,53710.3,15,53717.25,45,165,1796820
BANKNIFTY-I.NFO,30/09/2024,09:43:49,53710.3,53710.2,210,53714.2,30,45,1796820
BANKNIFTY-I.NFO,30/09/2024,09:43:51,53710.1,53710.1,195,53710.65,90,345,1796820
BANKNIFTY-I.NFO,30/09/2024,09:43:53,53710.45,53710.1,150,53710.5,30,90,1796820
BANKNIFTY-I.NFO,30/09/2024,09:43:54,53713.7,53710.1,105,53714.15,75,105,1796820
BANKNIFTY-I.NFO,30/09/2024,09:43:56,53710.1,53710.1,45,53713.35,75,90,1796820
BANKNIFTY-I.NFO,30/09/2024,09:43:58,53710.1,53710,60,53713.9,45,75,1796820
BANKNIFTY-I.NFO,30/09/2024,09:43:59,53708.95,53708.95,435,53713.2,15,165,1796820
BANKNIFTY-I.NFO,30/09/2024,09:44:01,53713.2,53708.95,270,53714.2,45,195,1796820
BANKNIFTY-I.NFO,30/09/2024,09:44:03,53708.95,53708.95,225,53714.05,30,135,1796820
BANKNIFTY-I.NFO,30/09/2024,09:44:04,53713.9,53708.95,210,53713.9,30,90,1796820
BANKNIFTY-I.NFO,30/09/2024,09:44:06,53708.95,53708.95,45,53713.3,75,285,1796820
BANKNIFTY-I.NFO,30/09/2024,09:44:08,53708,53708,540,53708.95,15,225,1796820
BANKNIFTY-I.NFO,30/09/2024,09:44:09,53708,53708,135,53713.55,45,450,1796820
BANKNIFTY-I.NFO,30/09/2024,09:44:11,53708,53708,90,53712.15,165,135,1796820
BANKNIFTY-I.NFO,30/09/2024,09:44:13,53705,53710,15,53712.3,75,165,1796820
BANKNIFTY-I.NFO,30/09/2024,09:44:14,53705,53705,15,53708.65,45,75,1796820
BANKNIFTY-I.NFO,30/09/2024,09:44:16,53704.95,53702,30,53704.85,45,360,1796820
BANKNIFTY-I.NFO,30/09/2024,09:44:18,53700.75,53700.3,30,53704.8,15,480,1796820
BANKNIFTY-I.NFO,30/09/2024,09:44:18,53700.75,53700.3,30,53704.8,15,0,1796820
BANKNIFTY-I.NFO,30/09/2024,09:44:19,53707.7,53704.8,75,53708.95,30,285,1796820
BANKNIFTY-I.NFO,30/09/2024,09:44:19,53700.25,53704.8,75,53708.95,30,0,1796820
BANKNIFTY-I.NFO,30/09/2024,09:44:21,53705,53704.85,60,53712.4,45,165,1796820
BANKNIFTY-I.NFO,30/09/2024,09:44:23,53716,53715,75,53719.9,15,150,1796820
BANKNIFTY-I.NFO,30/09/2024,09:44:24,53729,53729,150,53730,15,2025,1796820
BANKNIFTY-I.NFO,30/09/2024,09:44:26,53730,53729.05,15,53729.95,45,150,1796820
BANKNIFTY-I.NFO,30/09/2024,09:44:28,53729.95,53720.9,15,53728.3,45,165,1796820
BANKNIFTY-I.NFO,30/09/2024,09:44:29,53728.15,53718.9,30,53728.25,45,90,1796820
BANKNIFTY-I.NFO,30/09/2024,09:44:31,53718.9,53719.8,45,53728.7,15,90,1796820
BANKNIFTY-I.NFO,30/09/2024,09:44:33,53718.9,53722.3,45,53728.65,45,0,1796820
BANKNIFTY-I.NFO,30/09/2024,09:44:34,53730,53724.35,75,53730,135,75,1796820
BANKNIFTY-I.NFO,30/09/2024,09:44:36,53730,53730,135,53736.6,15,450,1796820
BANKNIFTY-I.NFO,30/09/2024,09:44:38,53736.65,53730.1,45,53739.65,45,150,1796820
BANKNIFTY-I.NFO,30/09/2024,09:44:39,53739.6,53730.8,15,53739.55,15,930,1796820
BANKNIFTY-I.NFO,30/09/2024,09:44:41,53743.05,53735.1,30,53742.9,15,270,1796820
BANKNIFTY-I.NFO,30/09/2024,09:44:43,53741.35,53735.1,30,53740.35,15,30,1796820
BANKNIFTY-I.NFO,30/09/2024,09:44:44,53739,53735,150,53739.6,30,240,1796820
BANKNIFTY-I.NFO,30/09/2024,09:44:46,53737.9,53735.1,15,53738.05,90,405,1796820
BANKNIFTY-I.NFO,30/09/2024,09:44:48,53737.45,53735,150,53737.25,105,60,1796820
BANKNIFTY-I.NFO,30/09/2024,09:44:49,53736.35,53731,120,53735.85,150,450,1796820
BANKNIFTY-I.NFO,30/09/2024,09:44:51,53734.95,53731.05,15,53733.2,60,210,1796820
BANKNIFTY-I.NFO,30/09/2024,09:44:53,53734.45,53731,45,53735.55,30,225,1796820
BANKNIFTY-I.NFO,30/09/2024,09:44:54,53731,53731.05,15,53735,60,225,1796820
BANKNIFTY-I.NFO,30/09/2024,09:44:56,53735.7,53730,60,53735.95,15,315,1796820
BANKNIFTY-I.NFO,30/09/2024,09:44:58,53737.9,53730,30,53737.9,45,135,1796820
BANKNIFTY-I.NFO,30/09/2024,09:44:59,53736.05,53736.1,15,53737.85,30,990,1796820
BANKNIFTY-I.NFO,30/09/2024,09:45:01,53735.7,53735.7,60,53737.2,15,195,1796820
BANKNIFTY-I.NFO,30/09/2024,09:45:03,53737.15,53729.1,15,53735.55,30,435,1796820
BANKNIFTY-I.NFO,30/09/2024,09:45:04,53729,53722.6,15,53731.6,15,75,1796820
BANKNIFTY-I.NFO,30/09/2024,09:45:06,53722.6,53721.4,15,53727.95,15,75,1796820
BANKNIFTY-I.NFO,30/09/2024,09:45:08,53734.6,53734.6,45,53734.85,30,90,1796820
BANKNIFTY-I.NFO,30/09/2024,09:45:09,53734.6,53730,120,53731.75,15,105,1796820
BANKNIFTY-I.NFO,30/09/2024,09:45:11,53730,53730,15,53730.65,15,135,1796820
BANKNIFTY-I.NFO,30/09/2024,09:45:13,53730.2,53728.8,15,53729.9,15,30,1796820
BANKNIFTY-I.NFO,30/09/2024,09:45:14,53726,53723.55,15,53726.05,15,330,1796820
BANKNIFTY-I.NFO,30/09/2024,09:45:16,53726,53720.6,15,53728.1,45,435,1796820
BANKNIFTY-I.NFO,30/09/2024,09:45:18,53727.05,53727.05,45,53728,15,90,1796820
BANKNIFTY-I.NFO,30/09/2024,09:45:19,53728.1,53728.1,75,53733.7,30,225,1796820
BANKNIFTY-I.NFO,30/09/2024,09:45:21,53727.05,53727.05,30,53732,15,210,1796820
BANKNIFTY-I.NFO,30/09/2024,09:45:23,53727,53728.2,15,53731.3,30,90,1796820
BANKNIFTY-I.NFO,30/09/2024,09:45:24,53727,53720.7,15,53727,225,195,1796895
BANKNIFTY-I.NFO,30/09/2024,09:45:26,53721.8,53721.75,15,53731.15,45,480,1796895
BANKNIFTY-I.NFO,30/09/2024,09:45:28,53730,53721.75,15,53730.45,30,90,1796895
BANKNIFTY-I.NFO,30/09/2024,09:45:29,53729.1,53721.85,15,53727,15,60,1796895
BANKNIFTY-I.NFO,30/09/2024,09:45:31,53727,53721.9,15,53728.55,15,30,1796895
BANKNIFTY-I.NFO,30/09/2024,09:45:33,53720,53720,60,53721.75,135,105,1796895
BANKNIFTY-I.NFO,30/09/2024,09:45:34,53716,53715,75,53721.25,45,765,1796895
BANKNIFTY-I.NFO,30/09/2024,09:45:36,53715,53720,105,53723.95,30,90,1796895
BANKNIFTY-I.NFO,30/09/2024,09:45:38,53713.85,53710.05,30,53718.6,15,120,1796895
BANKNIFTY-I.NFO,30/09/2024,09:45:39,53710,53710,225,53717.25,45,135,1796895
BANKNIFTY-I.NFO,30/09/2024,09:45:41,53710,53708,30,53714.95,15,240,1796895
BANKNIFTY-I.NFO,30/09/2024,09:45:43,53708,53708,15,53714.9,15,165,1796895
BANKNIFTY-I.NFO,30/09/2024,09:45:44,53711.6,53703.95,300,53712.55,15,330,1796895
BANKNIFTY-I.NFO,30/09/2024,09:45:46,53712.5,53703.85,285,53712.4,30,75,1796895
BANKNIFTY-I.NFO,30/09/2024,09:45:48,53710,53704.05,45,53712.35,45,180,1796895
BANKNIFTY-I.NFO,30/09/2024,09:45:49,53715,53715,30,53718.5,30,150,1796895
BANKNIFTY-I.NFO,30/09/2024,09:45:51,53710,53710,15,53718.55,150,165,1796895
BANKNIFTY-I.NFO,30/09/2024,09:45:53,53709.15,53709.2,15,53715,15,30,1796895
BANKNIFTY-I.NFO,30/09/2024,09:45:55,53714.95,53710.05,15,53715,15,30,1796895
BANKNIFTY-I.NFO,30/09/2024,09:45:56,53715.05,53715.05,60,53720,60,330,1796895
BANKNIFTY-I.NFO,30/09/2024,09:45:58,53723.8,53718.95,15,53725,15,150,1796895
BANKNIFTY-I.NFO,30/09/2024,09:46:00,53730,53730,75,53732.3,30,375,1796895
BANKNIFTY-I.NFO,30/09/2024,09:46:01,53719.85,53721.05,45,53730.15,30,195,1796895
BANKNIFTY-I.NFO,30/09/2024,09:46:03,53721.15,53725,60,53729.7,15,15,1796895
BANKNIFTY-I.NFO,30/09/2024,09:46:05,53718.1,53718.1,285,53724.75,15,270,1796895
BANKNIFTY-I.NFO,30/09/2024,09:46:06,53720.45,53714.9,15,53719.5,15,210,1796895
BANKNIFTY-I.NFO,30/09/2024,09:46:08,53712.5,53710.7,300,53717.9,30,540,1796895
BANKNIFTY-I.NFO,30/09/2024,09:46:10,53712,53710,30,53714.2,60,285,1796895
BANKNIFTY-I.NFO,30/09/2024,09:46:11,53713,53705,90,53712.8,45,180,1796895
BANKNIFTY-I.NFO,30/09/2024,09:46:13,53710.15,53703.55,300,53710.15,75,150,1796895
BANKNIFTY-I.NFO,30/09/2024,09:46:15,53702,53701,45,53702,30,390,1796895
BANKNIFTY-I.NFO,30/09/2024,09:46:16,53694.35,53690.75,15,53694.35,90,9795,1796895
BANKNIFTY-I.NFO,30/09/2024,09:46:16,53681.4,53690.75,15,53694.35,90,0,1796895
BANKNIFTY-I.NFO,30/09/2024,09:46:18,53694.3,53689,120,53694.3,60,975,1796895
BANKNIFTY-I.NFO,30/09/2024,09:46:20,53690,53690,135,53692,75,510,1796895
BANKNIFTY-I.NFO,30/09/2024,09:46:21,53695,53690,120,53695,180,75,1796895
BANKNIFTY-I.NFO,30/09/2024,09:46:23,53684.05,53684.05,15,53689.65,30,345,1796895
BANKNIFTY-I.NFO,30/09/2024,09:46:25,53681,53680.45,15,53689.5,45,345,1796895
BANKNIFTY-I.NFO,30/09/2024,09:46:25,53681,53680.45,15,53689.5,45,0,1796895
BANKNIFTY-I.NFO,30/09/2024,09:46:26,53688.05,53680,2745,53686.75,165,315,1796895
BANKNIFTY-I.NFO,30/09/2024,09:46:26,53680,53680,2745,53686.75,165,0,1796895
BANKNIFTY-I.NFO,30/09/2024,09:46:28,53681,53680,630,53681,270,2265,1796895
BANKNIFTY-I.NFO,30/09/2024,09:46:30,53681.05,53688.1,15,53690,1200,525,1796895
BANKNIFTY-I.NFO,30/09/2024,09:46:31,53689.95,53689.65,30,53690,1140,210,1796895
BANKNIFTY-I.NFO,30/09/2024,09:46:33,53685.75,53685.75,15,53689.95,15,3165,1796895
BANKNIFTY-I.NFO,30/09/2024,09:46:35,53690,53685.2,15,53690,360,120,1796895
BANKNIFTY-I.NFO,30/09/2024,09:46:36,53689.65,53685.6,15,53690,315,210,1796895
BANKNIFTY-I.NFO,30/09/2024,09:46:38,53685.2,53681.5,60,53685.2,90,135,1796895
BANKNIFTY-I.NFO,30/09/2024,09:46:40,53680,53680,300,53684.45,60,105,1796895
BANKNIFTY-I.NFO,30/09/2024,09:46:41,53685.15,53680,165,53685.2,45,210,1796895
BANKNIFTY-I.NFO,30/09/2024,09:46:43,53685.75,53681.2,30,53690,300,120,1796895
BANKNIFTY-I.NFO,30/09/2024,09:46:45,53681,53685.15,15,53687.1,75,120,1796895
BANKNIFTY-I.NFO,30/09/2024,09:46:46,53689.75,53681.55,30,53689.7,15,255,1796895
BANKNIFTY-I.NFO,30/09/2024,09:46:48,53693,53684.35,30,53689.95,15,1905,1796895
BANKNIFTY-I.NFO,30/09/2024,09:46:50,53694.15,53681.9,15,53690.55,30,1125,1796895
BANKNIFTY-I.NFO,30/09/2024,09:46:51,53680,53680,45,53689.25,30,1410,1796895
BANKNIFTY-I.NFO,30/09/2024,09:46:53,53681.85,53680,15,53681.8,15,1185,1796895
BANKNIFTY-I.NFO,30/09/2024,09:46:53,53675,53680,15,53681.8,15,0,1796895
BANKNIFTY-I.NFO,30/09/2024,09:46:55,53670,53670,375,53671.45,75,1005,1796895
BANKNIFTY-I.NFO,30/09/2024,09:46:55,53670,53670,375,53671.45,75,0,1796895
BANKNIFTY-I.NFO,30/09/2024,09:46:56,53667,53666.65,15,53667.1,30,675,1796895
BANKNIFTY-I.NFO,30/09/2024,09:46:56,53666.65,53666.65,15,53667.1,30,0,1796895
BANKNIFTY-I.NFO,30/09/2024,09:46:58,53666.6,53666,240,53667.2,30,105,1796895
BANKNIFTY-I.NFO,30/09/2024,09:46:58,53666.6,53666,240,53667.2,30,0,1796895
BANKNIFTY-I.NFO,30/09/2024,09:47:00,53668,53666,75,53670,15,180,1796895
BANKNIFTY-I.NFO,30/09/2024,09:47:00,53666,53666,75,53670,15,0,1796895
BANKNIFTY-I.NFO,30/09/2024,09:47:01,53666,53665,420,53670,15,75,1796895
BANKNIFTY-I.NFO,30/09/2024,09:47:03,53668,53668,30,53668.65,75,75,1796895
BANKNIFTY-I.NFO,30/09/2024,09:47:03,53665,53668,30,53668.65,75,0,1796895
BANKNIFTY-I.NFO,30/09/2024,09:47:05,53665,53665,630,53665.45,30,945,1796895
BANKNIFTY-I.NFO,30/09/2024,09:47:06,53660,53660,555,53664.85,15,1065,1796895
BANKNIFTY-I.NFO,30/09/2024,09:47:06,53660,53660,555,53664.85,15,0,1796895
BANKNIFTY-I.NFO,30/09/2024,09:47:08,53657,53657,420,53657.5,15,870,1796895
BANKNIFTY-I.NFO,30/09/2024,09:47:08,53657,53657,420,53657.5,15,0,1796895
BANKNIFTY-I.NFO,30/09/2024,09:47:09,53653,53653,120,53654.55,150,630,1796895
BANKNIFTY-I.NFO,30/09/2024,09:47:09,53653,53653,120,53654.55,150,0,1796895
BANKNIFTY-I.NFO,30/09/2024,09:47:11,53654.5,53652.35,30,53654.5,45,390,1796895
BANKNIFTY-I.NFO,30/09/2024,09:47:13,53658.1,53652,390,53652.35,15,780,1796895
BANKNIFTY-I.NFO,30/09/2024,09:47:13,53652,53652,390,53652.35,15,0,1796895
BANKNIFTY-I.NFO,30/09/2024,09:47:14,53650.15,53650.15,15,53652,60,810,1796895
BANKNIFTY-I.NFO,30/09/2024,09:47:14,53650.15,53650.15,15,53652,60,0,1796895
BANKNIFTY-I.NFO,30/09/2024,09:47:16,53650,53650,930,53650.05,225,1545,1796895
BANKNIFTY-I.NFO,30/09/2024,09:47:16,53650,53650,930,53650.05,225,0,1796895
BANKNIFTY-I.NFO,30/09/2024,09:47:18,53648.5,53641.6,150,53647.9,435,2775,1796895
BANKNIFTY-I.NFO,30/09/2024,09:47:18,53640,53641.6,150,53647.9,435,0,1796895
BANKNIFTY-I.NFO,30/09/2024,09:47:19,53649,53641.55,30,53649,60,540,1796895
BANKNIFTY-I.NFO,30/09/2024,09:47:21,53637,53641.15,15,53648.9,15,1800,1796895
BANKNIFTY-I.NFO,30/09/2024,09:47:21,53637,53641.15,15,53648.9,15,0,1796895
BANKNIFTY-I.NFO,30/09/2024,09:47:23,53643.9,53636,15,53641.15,15,570,1796895
BANKNIFTY-I.NFO,30/09/2024,09:47:24,53633.85,53628.45,15,53636.15,90,2520,1796895
BANKNIFTY-I.NFO,30/09/2024,09:47:24,53623.3,53628.45,15,53636.15,90,0,1796895
BANKNIFTY-I.NFO,30/09/2024,09:47:26,53623.2,53622.8,30,53631.7,135,405,1796895
BANKNIFTY-I.NFO,30/09/2024,09:47:26,53621.2,53622.8,30,53631.7,135,0,1796895
BANKNIFTY-I.NFO,30/09/2024,09:47:28,53634.95,53627.1,90,53633.85,75,1080,1796895
BANKNIFTY-I.NFO,30/09/2024,09:47:29,53633.2,53625.15,45,53633.2,45,300,1796895
BANKNIFTY-I.NFO,30/09/2024,09:47:31,53633.2,53633,75,53633.2,45,225,1796895
BANKNIFTY-I.NFO,30/09/2024,09:47:33,53630,53630,30,53634.9,30,525,1796895
BANKNIFTY-I.NFO,30/09/2024,09:47:34,53635.05,53633,45,53638.5,15,990,1796895
BANKNIFTY-I.NFO,30/09/2024,09:47:36,53647.2,53641.15,45,53647.9,15,345,1796895
BANKNIFTY-I.NFO,30/09/2024,09:47:38,53657.75,53660.35,15,53665,30,495,1796895
BANKNIFTY-I.NFO,30/09/2024,09:47:39,53674.05,53666.15,15,53674.4,30,240,1796895
BANKNIFTY-I.NFO,30/09/2024,09:47:41,53672.8,53665.65,45,53672.15,15,795,1796895
BANKNIFTY-I.NFO,30/09/2024,09:47:43,53654.65,53652.85,15,53663.05,15,705,1796895
BANKNIFTY-I.NFO,30/09/2024,09:47:44,53659.25,53650.4,15,53659.2,15,495,1796895
BANKNIFTY-I.NFO,30/09/2024,09:47:46,53659.2,53653.65,15,53659.2,15,135,1796895
BANKNIFTY-I.NFO,30/09/2024,09:47:48,53655.55,53650.3,15,53654.2,105,225,1796895
BANKNIFTY-I.NFO,30/09/2024,09:47:49,53650.05,53650.05,15,53654.15,30,165,1796895
BANKNIFTY-I.NFO,30/09/2024,09:47:51,53659.25,53651.6,45,53660.45,30,225,1796895
BANKNIFTY-I.NFO,30/09/2024,09:47:53,53660,53653.2,15,53661.7,30,120,1796895
BANKNIFTY-I.NFO,30/09/2024,09:47:54,53656.65,53662.55,15,53665.25,15,240,1796895
BANKNIFTY-I.NFO,30/09/2024,09:47:56,53655.45,53653.9,30,53661.95,15,135,1796895
BANKNIFTY-I.NFO,30/09/2024,09:47:58,53665.2,53654.3,15,53663.95,60,270,1796895
BANKNIFTY-I.NFO,30/09/2024,09:47:59,53654,53654.2,15,53660,15,255,1796895
BANKNIFTY-I.NFO,30/09/2024,09:48:01,53655.1,53654,15,53655.2,60,225,1796895
BANKNIFTY-I.NFO,30/09/2024,09:48:03,53640,53638.5,45,53644.5,15,540,1796895
BANKNIFTY-I.NFO,30/09/2024,09:48:04,53642.6,53632.95,45,53642.6,30,465,1796895
BANKNIFTY-I.NFO,30/09/2024,09:48:06,53642.95,53638.3,15,53646.25,30,345,1796895
BANKNIFTY-I.NFO,30/09/2024,09:48:08,53640,53640,105,53646.2,30,210,1796895
BANKNIFTY-I.NFO,30/09/2024,09:48:09,53643.1,53640,525,53641.55,15,210,1796895
BANKNIFTY-I.NFO,30/09/2024,09:48:11,53644.75,53642.15,60,53644.85,30,255,1796895
BANKNIFTY-I.NFO,30/09/2024,09:48:13,53642.3,53640,390,53642.3,30,165,1796895
BANKNIFTY-I.NFO,30/09/2024,09:48:14,53641.25,53638.05,30,53641.4,75,435,1796895
BANKNIFTY-I.NFO,30/09/2024,09:48:16,53645.45,53640,15,53645.45,60,150,1796895
BANKNIFTY-I.NFO,30/09/2024,09:48:18,53629.6,53625,120,53628.6,30,675,1796895
BANKNIFTY-I.NFO,30/09/2024,09:48:20,53625,53628,15,53629.4,15,390,1796895
BANKNIFTY-I.NFO,30/09/2024,09:48:21,53625.05,53624.05,15,53624.1,30,285,1796895
BANKNIFTY-I.NFO,30/09/2024,09:48:23,53617,53615.4,15,53617.45,75,2025,1796895
BANKNIFTY-I.NFO,30/09/2024,09:48:23,53616.3,53615.4,15,53617.45,75,0,1796895
BANKNIFTY-I.NFO,30/09/2024,09:48:25,53610,53610,75,53610.95,15,1125,1801575
BANKNIFTY-I.NFO,30/09/2024,09:48:25,53610,53610,75,53610.95,15,0,1801575
BANKNIFTY-I.NFO,30/09/2024,09:48:26,53608.5,53607.95,15,53608.85,15,1380,1801575
BANKNIFTY-I.NFO,30/09/2024,09:48:26,53605,53607.95,15,53608.85,15,0,1801575
BANKNIFTY-I.NFO,30/09/2024,09:48:28,53606.05,53605.55,60,53612.65,15,285,1801575
BANKNIFTY-I.NFO,30/09/2024,09:48:30,53614.7,53615.95,15,53624,15,360,1801575
BANKNIFTY-I.NFO,30/09/2024,09:48:31,53623.45,53617.6,75,53624.85,15,285,1801575
BANKNIFTY-I.NFO,30/09/2024,09:48:33,53641.05,53626.7,15,53637,75,495,1801575
BANKNIFTY-I.NFO,30/09/2024,09:48:35,53626.9,53626.45,75,53628.05,15,45,1801575
BANKNIFTY-I.NFO,30/09/2024,09:48:36,53627.15,53625,15,53627.15,60,225,1801575
BANKNIFTY-I.NFO,30/09/2024,09:48:38,53623.45,53625,15,53627.15,30,135,1801575
BANKNIFTY-I.NFO,30/09/2024,09:48:40,53624.7,53621,15,53623.95,15,90,1801575
BANKNIFTY-I.NFO,30/09/2024,09:48:41,53622.65,53615.45,15,53621.35,15,330,1801575
BANKNIFTY-I.NFO,30/09/2024,09:48:43,53624,53620,15,53624.8,15,240,1801575
BANKNIFTY-I.NFO,30/09/2024,09:48:45,53620,53616.4,15,53620,30,465,1801575
BANKNIFTY-I.NFO,30/09/2024,09:48:46,53620,53620,15,53623.15,15,90,1801575
BANKNIFTY-I.NFO,30/09/2024,09:48:48,53623.15,53621.2,15,53624.4,30,630,1801575
BANKNIFTY-I.NFO,30/09/2024,09:48:50,53618.25,53618.4,15,53624.85,15,225,1801575
BANKNIFTY-I.NFO,30/09/2024,09:48:51,53625.35,53624.85,15,53625.65,15,180,1801575
BANKNIFTY-I.NFO,30/09/2024,09:48:53,53626.1,53625.25,75,53626.3,15,210,1801575
BANKNIFTY-I.NFO,30/09/2024,09:48:55,53626.55,53626.1,60,53626.6,15,210,1801575
