Ticker,Date,Time,LTP,BuyPrice,BuyQty,SellPrice,SellQty,LTQ,OpenInterest
BANKNIFTY-III.NFO,04/12/2024,09:15:17,53555.1,53555.1,90,53598.95,120,30,32070
BANKNIFTY-III.NFO,04/12/2024,09:15:17,53555.1,53555.1,90,53598.95,120,0,32070
BANKNIFTY-III.NFO,04/12/2024,09:15:17,53555.1,53555.1,90,53598.95,120,0,32070
BANKNIFTY-III.NFO,04/12/2024,09:15:17,53555.1,53555.1,90,53598.95,120,0,32070
BANKNIFTY-III.NFO,04/12/2024,09:15:18,53555.1,53558.95,60,53597.75,120,0,32070
BANKNIFTY-III.NFO,04/12/2024,09:15:20,53555.1,53559,90,53596.65,120,0,32070
BANKNIFTY-III.NFO,04/12/2024,09:15:21,53555.1,53552.4,90,53596.25,120,0,32070
BANKNIFTY-III.NFO,04/12/2024,09:15:23,53555.1,53561.1,90,53595.95,120,0,32070
BANKNIFTY-III.NFO,04/12/2024,09:15:24,53555.1,53555.2,90,53595.75,120,0,32070
BANKNIFTY-III.NFO,04/12/2024,09:15:26,53555.1,53550.5,90,53591.7,120,0,32070
BANKNIFTY-III.NFO,04/12/2024,09:15:28,53555.1,53550.75,60,53591.5,180,0,32070
BANKNIFTY-III.NFO,04/12/2024,09:15:31,53555.1,53550,30,53554.95,120,0,32070
BANKNIFTY-III.NFO,04/12/2024,09:15:35,53555,53550,30,53568.1,120,30,32070
BANKNIFTY-III.NFO,04/12/2024,09:15:35,53555,53550,30,53568.1,120,0,32070
BANKNIFTY-III.NFO,04/12/2024,09:15:37,53555,53550,30,53568.1,120,0,32070
BANKNIFTY-III.NFO,04/12/2024,09:15:38,53555,53550.05,90,53568.1,120,0,32070
BANKNIFTY-III.NFO,04/12/2024,09:15:41,53555,53550,30,53568.1,120,0,32070
BANKNIFTY-III.NFO,04/12/2024,09:15:44,53555,53550.05,90,53568.1,120,0,32070
BANKNIFTY-III.NFO,04/12/2024,09:15:46,53555,53550,30,53568.1,120,0,32070
BANKNIFTY-III.NFO,04/12/2024,09:15:47,53555,53568,120,53575.3,30,0,32070
BANKNIFTY-III.NFO,04/12/2024,09:15:50,53555,53568,120,53580.65,120,0,32070
BANKNIFTY-III.NFO,04/12/2024,09:15:55,53568,53568,90,53580.65,120,30,32100
BANKNIFTY-III.NFO,04/12/2024,09:15:55,53568,53568,90,53580.65,120,0,32100
BANKNIFTY-III.NFO,04/12/2024,09:15:56,53568,53568,90,53580.65,120,0,32100
BANKNIFTY-III.NFO,04/12/2024,09:15:59,53568,53568.05,120,53592.3,120,0,32100
BANKNIFTY-III.NFO,04/12/2024,09:16:01,53568,53568.05,120,53595,120,0,32100
BANKNIFTY-III.NFO,04/12/2024,09:16:02,53568,53574.4,90,53598.95,120,0,32100
BANKNIFTY-III.NFO,04/12/2024,09:16:04,53568,53583.3,150,53599,30,0,32100
BANKNIFTY-III.NFO,04/12/2024,09:16:06,53568,53586.95,90,53599,30,0,32100
BANKNIFTY-III.NFO,04/12/2024,09:16:07,53568,53586.85,90,53599,30,0,32100
BANKNIFTY-III.NFO,04/12/2024,09:16:09,53568,53580.05,120,53599,30,0,32100
BANKNIFTY-III.NFO,04/12/2024,09:16:10,53568,53585.05,120,53599,30,0,32100
BANKNIFTY-III.NFO,04/12/2024,09:16:12,53599,53596.65,90,53647.25,180,30,32100
BANKNIFTY-III.NFO,04/12/2024,09:16:12,53599,53596.65,90,53647.25,180,0,32100
BANKNIFTY-III.NFO,04/12/2024,09:16:13,53599,53601.65,90,53647.2,120,0,32100
BANKNIFTY-III.NFO,04/12/2024,09:16:15,53647.2,53611.65,120,53648.95,120,30,32100
BANKNIFTY-III.NFO,04/12/2024,09:16:15,53647.2,53611.65,120,53648.95,120,0,32100
BANKNIFTY-III.NFO,04/12/2024,09:16:16,53647.2,53614.3,120,53648.95,120,0,32100
BANKNIFTY-III.NFO,04/12/2024,09:16:18,53647.2,53618.3,180,53648.95,120,0,32100
BANKNIFTY-III.NFO,04/12/2024,09:16:19,53647.2,53619.15,120,53648.95,120,0,32100
BANKNIFTY-III.NFO,04/12/2024,09:16:21,53647.2,53619.45,120,53648.95,120,0,32100
BANKNIFTY-III.NFO,04/12/2024,09:16:22,53647.2,53620.75,180,53649,30,0,32100
BANKNIFTY-III.NFO,04/12/2024,09:16:23,53647.2,53622.4,120,53649,30,0,32100
BANKNIFTY-III.NFO,04/12/2024,09:16:25,53647.2,53616.7,120,53648.95,120,0,32100
BANKNIFTY-III.NFO,04/12/2024,09:16:26,53647.2,53620.45,120,53648.95,120,0,32100
BANKNIFTY-III.NFO,04/12/2024,09:16:28,53647.2,53622.05,120,53648.95,120,0,32100
BANKNIFTY-III.NFO,04/12/2024,09:16:29,53647.2,53647.2,30,53648.95,120,0,32100
BANKNIFTY-III.NFO,04/12/2024,09:16:31,53647.2,53647.2,30,53648.95,30,0,32100
BANKNIFTY-III.NFO,04/12/2024,09:16:32,53647.2,53612.1,120,53648.9,120,30,32100
BANKNIFTY-III.NFO,04/12/2024,09:16:35,53647.2,53612.2,120,53648.8,120,0,32100
BANKNIFTY-III.NFO,04/12/2024,09:16:37,53647.2,53640,30,53648.9,120,0,32100
BANKNIFTY-III.NFO,04/12/2024,09:16:41,53647.2,53640,30,53648.9,90,60,32100
BANKNIFTY-III.NFO,04/12/2024,09:16:41,53648.9,53640,30,53648.9,90,0,32100
BANKNIFTY-III.NFO,04/12/2024,09:16:42,53647.2,53640,30,53648.9,90,0,32100
BANKNIFTY-III.NFO,04/12/2024,09:16:44,53640,53615.5,180,53648.9,90,30,32100
BANKNIFTY-III.NFO,04/12/2024,09:16:45,53640,53619.5,180,53648.9,90,0,32100
BANKNIFTY-III.NFO,04/12/2024,09:16:47,53640,53615.3,120,53648.9,90,0,32100
BANKNIFTY-III.NFO,04/12/2024,09:16:48,53640,53612.45,60,53648.8,90,0,32100
BANKNIFTY-III.NFO,04/12/2024,09:16:50,53640,53609.3,60,53646.5,150,0,32100
BANKNIFTY-III.NFO,04/12/2024,09:16:52,53640,53612.1,60,53648.9,90,0,32100
BANKNIFTY-III.NFO,04/12/2024,09:16:55,53640,53615.15,120,53648.9,90,0,32100
BANKNIFTY-III.NFO,04/12/2024,09:16:56,53640,53613.2,120,53648.9,90,0,32100
BANKNIFTY-III.NFO,04/12/2024,09:16:58,53640,53614,120,53648.9,90,0,32100
BANKNIFTY-III.NFO,04/12/2024,09:16:59,53640,53615.5,120,53648.9,90,0,32100
BANKNIFTY-III.NFO,04/12/2024,09:17:01,53640,53612.55,60,53648.9,90,0,32100
BANKNIFTY-III.NFO,04/12/2024,09:17:04,53640,53612.55,60,53648.8,90,0,32100
BANKNIFTY-III.NFO,04/12/2024,09:17:07,53640,53612.8,60,53648.6,90,0,32100
BANKNIFTY-III.NFO,04/12/2024,09:17:08,53640,53611.6,180,53648.5,90,0,32100
BANKNIFTY-III.NFO,04/12/2024,09:17:10,53640,53609.25,30,53647,150,0,32100
BANKNIFTY-III.NFO,04/12/2024,09:17:11,53640,53606.65,30,53640.2,90,0,32100
BANKNIFTY-III.NFO,04/12/2024,09:17:13,53639.1,53606.65,30,53638.8,60,30,32100
BANKNIFTY-III.NFO,04/12/2024,09:17:15,53639.1,53606.65,30,53638,60,0,32100
BANKNIFTY-III.NFO,04/12/2024,09:17:16,53639.1,53606.7,60,53646.35,60,0,32100
BANKNIFTY-III.NFO,04/12/2024,09:17:18,53639.1,53606.65,30,53642.5,120,0,32100
BANKNIFTY-III.NFO,04/12/2024,09:17:19,53639.1,53606.65,30,53638.95,60,0,32100
BANKNIFTY-III.NFO,04/12/2024,09:17:21,53639.1,53606.65,30,53638.75,60,0,32100
BANKNIFTY-III.NFO,04/12/2024,09:17:22,53639.1,53606.65,30,53638.45,60,0,32100
BANKNIFTY-III.NFO,04/12/2024,09:17:24,53639.1,53606.65,30,53638.15,60,0,32100
BANKNIFTY-III.NFO,04/12/2024,09:17:25,53639.1,53606.65,30,53637.45,60,0,32100
BANKNIFTY-III.NFO,04/12/2024,09:17:27,53639.1,53606.65,30,53637.15,60,0,32100
BANKNIFTY-III.NFO,04/12/2024,09:17:29,53639.1,53606.65,30,53636.85,60,0,32100
BANKNIFTY-III.NFO,04/12/2024,09:17:30,53606.65,53600,120,53634.15,60,30,32100
BANKNIFTY-III.NFO,04/12/2024,09:17:32,53600,53600,90,53633.95,60,30,32100
BANKNIFTY-III.NFO,04/12/2024,09:17:33,53600,53600,90,53633.65,60,0,32100
BANKNIFTY-III.NFO,04/12/2024,09:17:35,53600,53600,90,53633.35,60,0,32100
BANKNIFTY-III.NFO,04/12/2024,09:17:36,53600,53600,90,53633.15,60,0,32100
BANKNIFTY-III.NFO,04/12/2024,09:17:38,53600,53600.35,120,53632.85,60,0,32100
BANKNIFTY-III.NFO,04/12/2024,09:17:40,53600,53601.75,120,53632.55,60,0,32100
BANKNIFTY-III.NFO,04/12/2024,09:17:41,53600,53600.05,120,53632.25,60,0,32100
BANKNIFTY-III.NFO,04/12/2024,09:17:43,53600,53600.05,120,53632.05,60,0,32100
BANKNIFTY-III.NFO,04/12/2024,09:17:44,53600,53600.05,120,53631.75,60,0,32100
BANKNIFTY-III.NFO,04/12/2024,09:17:46,53600,53600.05,120,53631.45,60,0,32100
BANKNIFTY-III.NFO,04/12/2024,09:17:47,53600,53600.85,120,53631.25,60,0,32100
BANKNIFTY-III.NFO,04/12/2024,09:17:49,53600,53602.1,120,53631.15,60,0,32100
BANKNIFTY-III.NFO,04/12/2024,09:17:51,53600,53603.4,120,53631.05,60,0,32100
BANKNIFTY-III.NFO,04/12/2024,09:17:52,53600,53602.05,180,53638.85,60,0,32100
BANKNIFTY-III.NFO,04/12/2024,09:17:54,53600,53602.85,120,53638.55,60,0,32100
BANKNIFTY-III.NFO,04/12/2024,09:17:55,53600,53603.65,120,53638.25,60,0,32100
BANKNIFTY-III.NFO,04/12/2024,09:17:57,53600,53603.95,120,53638.05,60,0,32100
BANKNIFTY-III.NFO,04/12/2024,09:17:58,53600,53603.95,120,53637.75,60,0,32100
BANKNIFTY-III.NFO,04/12/2024,09:18:00,53600,53600.05,120,53637.45,60,0,32100
BANKNIFTY-III.NFO,04/12/2024,09:18:01,53600,53600.05,120,53636.6,60,0,32100
BANKNIFTY-III.NFO,04/12/2024,09:18:03,53600,53600.05,120,53636.3,60,0,32100
BANKNIFTY-III.NFO,04/12/2024,09:18:04,53600,53600.05,120,53636.1,60,0,32100
BANKNIFTY-III.NFO,04/12/2024,09:18:06,53600,53600.05,120,53635.5,120,0,32100
BANKNIFTY-III.NFO,04/12/2024,09:18:07,53600,53600.05,120,53634.8,60,0,32100
BANKNIFTY-III.NFO,04/12/2024,09:18:09,53600,53600,90,53633.7,60,0,32100
BANKNIFTY-III.NFO,04/12/2024,09:18:10,53600,53600.05,120,53633.5,60,0,32100
BANKNIFTY-III.NFO,04/12/2024,09:18:12,53600,53600.05,120,53633.2,60,0,32100
BANKNIFTY-III.NFO,04/12/2024,09:18:13,53600,53600.05,120,53633,60,0,32100
BANKNIFTY-III.NFO,04/12/2024,09:18:15,53600.05,53600.05,120,53632.7,120,60,32100
BANKNIFTY-III.NFO,04/12/2024,09:18:16,53600.05,53600.05,120,53632.4,120,0,32100
BANKNIFTY-III.NFO,04/12/2024,09:18:18,53600.05,53600.05,120,53632.2,120,0,32100
BANKNIFTY-III.NFO,04/12/2024,09:18:19,53600.05,53600.05,120,53631.9,120,0,32100
BANKNIFTY-III.NFO,04/12/2024,09:18:21,53600.05,53600.05,120,53631.7,120,0,32100
BANKNIFTY-III.NFO,04/12/2024,09:18:22,53600.05,53600.05,120,53631.4,120,0,32100
BANKNIFTY-III.NFO,04/12/2024,09:18:24,53600.05,53600.05,120,53631.2,120,0,32100
BANKNIFTY-III.NFO,04/12/2024,09:18:25,53600.05,53600.05,120,53630.9,120,0,32100
BANKNIFTY-III.NFO,04/12/2024,09:18:26,53600.05,53600.05,120,53630.7,120,0,32100
BANKNIFTY-III.NFO,04/12/2024,09:18:28,53600.05,53600.05,120,53630.4,120,0,32100
BANKNIFTY-III.NFO,04/12/2024,09:18:29,53600.05,53600.05,120,53630.2,120,0,32100
BANKNIFTY-III.NFO,04/12/2024,09:18:31,53600.05,53600.05,120,53629.9,120,0,32100
BANKNIFTY-III.NFO,04/12/2024,09:18:32,53600.05,53600.05,120,53629.6,120,0,32100
BANKNIFTY-III.NFO,04/12/2024,09:18:34,53600.05,53600.05,120,53629.4,120,0,32100
BANKNIFTY-III.NFO,04/12/2024,09:18:35,53600.05,53600,90,53600.05,90,120,32100
BANKNIFTY-III.NFO,04/12/2024,09:18:37,53600.05,53600,90,53600.05,90,0,32100
BANKNIFTY-III.NFO,04/12/2024,09:18:41,53599.9,53580,90,53600.05,120,120,32100
BANKNIFTY-III.NFO,04/12/2024,09:18:42,53600.05,53580,120,53600.05,90,30,32100
BANKNIFTY-III.NFO,04/12/2024,09:18:44,53600,53580,120,53600.05,90,30,32100
BANKNIFTY-III.NFO,04/12/2024,09:18:45,53600,53580,90,53600.05,90,0,32100
BANKNIFTY-III.NFO,04/12/2024,09:19:01,53600,53580,90,53600,120,0,32100
BANKNIFTY-III.NFO,04/12/2024,09:19:02,53600,53580,90,53600.05,90,0,32100
BANKNIFTY-III.NFO,04/12/2024,09:19:04,53600,53580,90,53599.75,150,0,32100
BANKNIFTY-III.NFO,04/12/2024,09:19:06,53600,53580,90,53599.45,150,0,32100
BANKNIFTY-III.NFO,04/12/2024,09:19:07,53600,53580,90,53599.15,150,0,32100
BANKNIFTY-III.NFO,04/12/2024,09:19:09,53580,53557.25,60,53590.5,120,90,32310
BANKNIFTY-III.NFO,04/12/2024,09:19:11,53580,53557.25,60,53589.3,120,0,32310
BANKNIFTY-III.NFO,04/12/2024,09:19:12,53580,53557.25,60,53589,120,0,32310
BANKNIFTY-III.NFO,04/12/2024,09:19:14,53580,53550,30,53575.8,120,0,32310
BANKNIFTY-III.NFO,04/12/2024,09:19:15,53580,53550,30,53573.7,150,0,32310
BANKNIFTY-III.NFO,04/12/2024,09:19:17,53580,53550,30,53573.45,120,0,32310
BANKNIFTY-III.NFO,04/12/2024,09:19:19,53580,53550,30,53573.15,120,0,32310
BANKNIFTY-III.NFO,04/12/2024,09:19:21,53580,53550,30,53572.85,120,0,32310
BANKNIFTY-III.NFO,04/12/2024,09:19:22,53580,53550,30,53572.55,120,0,32310
BANKNIFTY-III.NFO,04/12/2024,09:19:24,53580,53550,30,53572.35,120,0,32310
BANKNIFTY-III.NFO,04/12/2024,09:19:25,53580,53550,30,53572.05,120,0,32310
BANKNIFTY-III.NFO,04/12/2024,09:19:27,53580,53550,30,53571.75,120,0,32310
BANKNIFTY-III.NFO,04/12/2024,09:19:29,53550,53542.25,60,53571.65,120,30,32310
BANKNIFTY-III.NFO,04/12/2024,09:19:29,53550,53542.25,60,53571.65,120,0,32310
BANKNIFTY-III.NFO,04/12/2024,09:19:30,53550,53542.25,60,53571.55,120,0,32310
BANKNIFTY-III.NFO,04/12/2024,09:19:32,53550,53542.25,60,53571.25,120,0,32310
BANKNIFTY-III.NFO,04/12/2024,09:19:34,53550,53535.95,90,53550,60,0,32310
BANKNIFTY-III.NFO,04/12/2024,09:19:35,53550,53530.9,60,53550,90,0,32310
BANKNIFTY-III.NFO,04/12/2024,09:19:37,53550,53530.9,90,53550,90,0,32310
BANKNIFTY-III.NFO,04/12/2024,09:19:40,53550,53530.9,60,53550,30,0,32310
BANKNIFTY-III.NFO,04/12/2024,09:19:45,53550,53530.9,90,53571.9,30,0,32310
BANKNIFTY-III.NFO,04/12/2024,09:19:48,53550,53530.9,90,53571.85,120,0,32310
BANKNIFTY-III.NFO,04/12/2024,09:20:01,53550,53530.9,90,53571.65,120,0,32310
BANKNIFTY-III.NFO,04/12/2024,09:20:03,53550,53530.9,90,53569.95,120,0,32310
BANKNIFTY-III.NFO,04/12/2024,09:20:11,53550,53530.9,90,53569.85,120,0,32310
BANKNIFTY-III.NFO,04/12/2024,09:20:12,53550,53530.9,90,53571.85,120,0,32310
BANKNIFTY-III.NFO,04/12/2024,09:20:22,53550,53530.9,90,53571.75,120,0,32310
BANKNIFTY-III.NFO,04/12/2024,09:20:24,53550,53528.8,30,53568.25,120,0,32310
BANKNIFTY-III.NFO,04/12/2024,09:20:25,53550,53524.9,60,53567.45,180,0,32310
BANKNIFTY-III.NFO,04/12/2024,09:20:27,53550,53524.9,60,53567.05,120,0,32310
BANKNIFTY-III.NFO,04/12/2024,09:20:29,53550,53524.9,60,53566.95,120,0,32310
BANKNIFTY-III.NFO,04/12/2024,09:20:30,53550,53524.9,60,53566.65,120,0,32310
BANKNIFTY-III.NFO,04/12/2024,09:20:32,53550,53524.9,60,53566.55,120,0,32310
BANKNIFTY-III.NFO,04/12/2024,09:20:33,53550,53524.85,30,53564.9,120,90,32310
BANKNIFTY-III.NFO,04/12/2024,09:20:35,53550,53517.6,60,53558,120,0,32310
BANKNIFTY-III.NFO,04/12/2024,09:20:37,53550,53515,30,53552.9,120,0,32310
BANKNIFTY-III.NFO,04/12/2024,09:20:38,53550,53515,30,53549.95,120,0,32310
BANKNIFTY-III.NFO,04/12/2024,09:20:43,53550,53515.05,60,53549.95,120,0,32310
BANKNIFTY-III.NFO,04/12/2024,09:21:00,53549.85,53517.6,60,53549.95,120,60,32310
BANKNIFTY-III.NFO,04/12/2024,09:21:00,53549.85,53517.6,60,53549.95,120,0,32310
BANKNIFTY-III.NFO,04/12/2024,09:21:01,53549.85,53517.6,60,53549.95,120,0,32310
BANKNIFTY-III.NFO,04/12/2024,09:21:03,53549.85,53515.55,60,53549.95,120,0,32310
BANKNIFTY-III.NFO,04/12/2024,09:21:04,53549.85,53515.05,60,53549.85,120,0,32310
BANKNIFTY-III.NFO,04/12/2024,09:21:06,53549.85,53518.6,60,53549.75,120,0,32310
BANKNIFTY-III.NFO,04/12/2024,09:21:08,53549.85,53519.85,60,53549.95,120,0,32310
BANKNIFTY-III.NFO,04/12/2024,09:21:09,53549.85,53520.05,60,53549.95,120,0,32310
BANKNIFTY-III.NFO,04/12/2024,09:21:11,53549.85,53540,30,53549.85,120,0,32310
BANKNIFTY-III.NFO,04/12/2024,09:21:13,53549.85,53540,30,53549.95,120,0,32310
BANKNIFTY-III.NFO,04/12/2024,09:21:18,53540,53521.15,60,53549.95,150,30,32310
BANKNIFTY-III.NFO,04/12/2024,09:21:18,53540,53521.15,60,53549.95,150,0,32310
BANKNIFTY-III.NFO,04/12/2024,09:21:19,53540,53521.15,60,53549.95,150,0,32310
BANKNIFTY-III.NFO,04/12/2024,09:21:28,53540,53521.15,60,53540,30,0,32310
BANKNIFTY-III.NFO,04/12/2024,09:21:36,53540,53521.35,60,53540,30,0,32310
BANKNIFTY-III.NFO,04/12/2024,09:21:37,53540,53522.15,120,53540,30,0,32310
BANKNIFTY-III.NFO,04/12/2024,09:21:42,53540,53526.8,60,53540,30,0,32310
BANKNIFTY-III.NFO,04/12/2024,09:21:44,53540,53526.7,60,53540,30,0,32310
BANKNIFTY-III.NFO,04/12/2024,09:21:47,53540,53526.7,60,53549.95,120,30,32310
BANKNIFTY-III.NFO,04/12/2024,09:21:49,53540,53531.35,90,53549.95,120,0,32310
BANKNIFTY-III.NFO,04/12/2024,09:21:51,53540,53532.25,60,53550,30,0,32310
BANKNIFTY-III.NFO,04/12/2024,09:21:52,53540,53533.85,60,53550,30,0,32310
BANKNIFTY-III.NFO,04/12/2024,09:21:54,53550,53543.55,60,53575.95,120,30,32430
BANKNIFTY-III.NFO,04/12/2024,09:21:56,53550,53543.7,60,53577.55,120,0,32430
BANKNIFTY-III.NFO,04/12/2024,09:21:57,53550,53547.8,60,53577.55,120,0,32430
BANKNIFTY-III.NFO,04/12/2024,09:22:00,53576.85,53546.1,90,53576.85,120,30,32430
BANKNIFTY-III.NFO,04/12/2024,09:22:01,53576.85,53546.6,90,53576.75,120,0,32430
BANKNIFTY-III.NFO,04/12/2024,09:22:03,53576.85,53541.8,90,53575.45,120,0,32430
BANKNIFTY-III.NFO,04/12/2024,09:22:05,53576.85,53543.3,150,53575.15,120,0,32430
BANKNIFTY-III.NFO,04/12/2024,09:22:06,53574.85,53550.05,120,53574.85,120,30,32430
BANKNIFTY-III.NFO,04/12/2024,09:22:08,53574.85,53550.05,120,53574.55,150,0,32430
BANKNIFTY-III.NFO,04/12/2024,09:22:09,53574.85,53550.05,120,53580.2,120,0,32430
BANKNIFTY-III.NFO,04/12/2024,09:22:11,53574.85,53553.8,120,53582.6,120,0,32430
BANKNIFTY-III.NFO,04/12/2024,09:22:13,53574.85,53556.95,120,53585,120,0,32430
BANKNIFTY-III.NFO,04/12/2024,09:22:14,53574.85,53560.05,180,53585,120,0,32430
BANKNIFTY-III.NFO,04/12/2024,09:22:16,53574.85,53564.4,120,53585,120,0,32430
BANKNIFTY-III.NFO,04/12/2024,09:22:19,53574.85,53566.05,120,53595.65,120,0,32430
BANKNIFTY-III.NFO,04/12/2024,09:22:21,53574.85,53568.45,120,53597.15,120,0,32430
BANKNIFTY-III.NFO,04/12/2024,09:22:23,53574.85,53571.25,120,53599.25,120,0,32430
BANKNIFTY-III.NFO,04/12/2024,09:22:24,53574.85,53572.15,120,53601.45,120,0,32430
BANKNIFTY-III.NFO,04/12/2024,09:22:26,53574.85,53569.45,120,53603.75,120,0,32430
BANKNIFTY-III.NFO,04/12/2024,09:22:28,53574.85,53569.85,120,53603.65,120,0,32430
BANKNIFTY-III.NFO,04/12/2024,09:22:29,53574.85,53566.25,120,53608.75,120,0,32430
BANKNIFTY-III.NFO,04/12/2024,09:22:31,53574.85,53574.9,120,53606.05,120,0,32430
BANKNIFTY-III.NFO,04/12/2024,09:22:33,53605.85,53580.95,30,53605.85,90,30,32430
BANKNIFTY-III.NFO,04/12/2024,09:22:34,53605.85,53580.95,30,53605.45,150,0,32430
BANKNIFTY-III.NFO,04/12/2024,09:22:36,53605.85,53580.95,30,53605.35,90,0,32430
BANKNIFTY-III.NFO,04/12/2024,09:22:38,53605.85,53580.95,30,53605.25,120,0,32430
BANKNIFTY-III.NFO,04/12/2024,09:22:39,53605.85,53575.9,180,53605.15,90,0,32430
BANKNIFTY-III.NFO,04/12/2024,09:22:41,53605.85,53575.9,180,53605.05,90,0,32430
BANKNIFTY-III.NFO,04/12/2024,09:22:43,53605.85,53574.9,120,53605.05,90,0,32430
BANKNIFTY-III.NFO,04/12/2024,09:22:44,53600,53575.1,120,53605.2,90,30,32430
BANKNIFTY-III.NFO,04/12/2024,09:22:46,53600,53577.1,120,53608.6,90,0,32430
BANKNIFTY-III.NFO,04/12/2024,09:22:48,53600,53575.2,120,53608.6,90,0,32430
BANKNIFTY-III.NFO,04/12/2024,09:22:49,53600,53575,120,53608.1,90,0,32430
BANKNIFTY-III.NFO,04/12/2024,09:22:51,53600,53574.9,120,53607.85,90,0,32430
BANKNIFTY-III.NFO,04/12/2024,09:22:53,53600,53574.9,120,53607.55,90,0,32430
BANKNIFTY-III.NFO,04/12/2024,09:22:54,53600,53574.9,120,53607.45,90,0,32430
BANKNIFTY-III.NFO,04/12/2024,09:22:56,53600,53574.9,120,53605.35,150,0,32430
BANKNIFTY-III.NFO,04/12/2024,09:22:58,53600,53574.9,120,53604.4,90,0,32430
BANKNIFTY-III.NFO,04/12/2024,09:22:59,53600,53574.85,30,53603.8,90,0,32430
BANKNIFTY-III.NFO,04/12/2024,09:23:01,53600,53574.85,30,53602.05,90,0,32430
BANKNIFTY-III.NFO,04/12/2024,09:23:03,53600,53574.85,30,53597.3,90,0,32430
BANKNIFTY-III.NFO,04/12/2024,09:23:04,53600,53574.85,30,53593.5,150,0,32430
BANKNIFTY-III.NFO,04/12/2024,09:23:06,53574.85,53560.65,120,53590.7,90,30,32430
BANKNIFTY-III.NFO,04/12/2024,09:23:08,53574.85,53551.8,120,53586.1,90,0,32430
BANKNIFTY-III.NFO,04/12/2024,09:23:09,53574.85,53554.25,120,53589.45,90,0,32430
BANKNIFTY-III.NFO,04/12/2024,09:23:11,53574.85,53556.5,120,53592.85,90,0,32430
BANKNIFTY-III.NFO,04/12/2024,09:23:13,53574.85,53556.5,120,53591.05,90,0,32430
BANKNIFTY-III.NFO,04/12/2024,09:23:16,53574.85,53554.15,120,53593.05,90,0,32430
BANKNIFTY-III.NFO,04/12/2024,09:23:18,53574.85,53555.55,120,53593.05,90,0,32430
BANKNIFTY-III.NFO,04/12/2024,09:23:19,53574.85,53558.15,120,53593.05,90,0,32430
BANKNIFTY-III.NFO,04/12/2024,09:23:21,53574.85,53553.55,120,53589.25,90,0,32430
BANKNIFTY-III.NFO,04/12/2024,09:23:23,53574.85,53552.85,120,53590.1,90,0,32430
BANKNIFTY-III.NFO,04/12/2024,09:23:24,53574.85,53554.65,120,53590.1,90,0,32430
BANKNIFTY-III.NFO,04/12/2024,09:23:26,53574.85,53554.75,120,53592.95,90,0,32430
BANKNIFTY-III.NFO,04/12/2024,09:23:27,53574.85,53550.15,120,53588.85,90,0,32430
BANKNIFTY-III.NFO,04/12/2024,09:23:29,53574.85,53552.7,120,53588.55,90,0,32430
BANKNIFTY-III.NFO,04/12/2024,09:23:31,53574.85,53555.55,120,53593.05,90,0,32430
BANKNIFTY-III.NFO,04/12/2024,09:23:32,53574.85,53557.45,120,53593.05,90,0,32430
BANKNIFTY-III.NFO,04/12/2024,09:23:34,53574.85,53553.55,120,53591.85,150,0,32430
BANKNIFTY-III.NFO,04/12/2024,09:23:36,53574.85,53550.35,120,53589.15,150,0,32430
BANKNIFTY-III.NFO,04/12/2024,09:23:37,53574.85,53552.35,120,53589.15,150,0,32430
BANKNIFTY-III.NFO,04/12/2024,09:23:39,53574.85,53552.8,120,53590.8,150,0,32430
BANKNIFTY-III.NFO,04/12/2024,09:23:41,53574.85,53552.8,120,53590.5,150,0,32430
BANKNIFTY-III.NFO,04/12/2024,09:23:42,53574.85,53550.15,120,53589.2,90,0,32430
BANKNIFTY-III.NFO,04/12/2024,09:23:44,53574.85,53550.15,120,53589.1,90,0,32430
BANKNIFTY-III.NFO,04/12/2024,09:23:46,53574.85,53545.85,120,53586.1,90,0,32430
BANKNIFTY-III.NFO,04/12/2024,09:23:47,53574.85,53544,120,53585.2,90,0,32430
BANKNIFTY-III.NFO,04/12/2024,09:23:49,53574.85,53545.6,120,53585.1,90,0,32430
BANKNIFTY-III.NFO,04/12/2024,09:23:50,53574.85,53545.9,120,53585,90,0,32430
BANKNIFTY-III.NFO,04/12/2024,09:23:52,53574.85,53546.8,120,53584.9,90,0,32430
BANKNIFTY-III.NFO,04/12/2024,09:23:56,53574.85,53546.9,120,53589.75,90,0,32430
BANKNIFTY-III.NFO,04/12/2024,09:23:57,53574.85,53546.9,120,53588.15,150,0,32430
BANKNIFTY-III.NFO,04/12/2024,09:23:59,53574.85,53546.9,120,53587.45,90,0,32430
BANKNIFTY-III.NFO,04/12/2024,09:24:00,53574.85,53544.4,120,53587.15,90,0,32430
BANKNIFTY-III.NFO,04/12/2024,09:24:02,53574.85,53544.5,120,53586.95,90,0,32430
BANKNIFTY-III.NFO,04/12/2024,09:24:04,53574.85,53546.3,120,53586.85,90,0,32430
BANKNIFTY-III.NFO,04/12/2024,09:24:05,53574.85,53546.3,120,53586.75,90,0,32430
BANKNIFTY-III.NFO,04/12/2024,09:24:07,53574.85,53550.05,120,53586.45,90,0,32430
BANKNIFTY-III.NFO,04/12/2024,09:24:09,53574.85,53550.05,120,53586.35,90,0,32430
BANKNIFTY-III.NFO,04/12/2024,09:24:10,53574.85,53550.25,120,53591.7,150,0,32430
BANKNIFTY-III.NFO,04/12/2024,09:24:12,53574.85,53550.95,120,53591.6,90,0,32430
BANKNIFTY-III.NFO,04/12/2024,09:24:13,53574.85,53554.8,120,53593.05,90,0,32430
BANKNIFTY-III.NFO,04/12/2024,09:24:15,53574.85,53552.8,120,53593.05,90,0,32430
BANKNIFTY-III.NFO,04/12/2024,09:24:17,53574.85,53553.8,120,53593.05,90,0,32430
BANKNIFTY-III.NFO,04/12/2024,09:24:20,53574.85,53550.25,120,53593.05,90,0,32430
BANKNIFTY-III.NFO,04/12/2024,09:24:21,53574.85,53550.55,120,53593.05,90,0,32430
BANKNIFTY-III.NFO,04/12/2024,09:24:23,53574.85,53556.65,120,53593.05,90,0,32430
BANKNIFTY-III.NFO,04/12/2024,09:24:25,53574.85,53559.85,120,53596.2,90,0,32430
BANKNIFTY-III.NFO,04/12/2024,09:24:26,53574.85,53554.45,120,53596.2,90,0,32430
BANKNIFTY-III.NFO,04/12/2024,09:24:28,53574.85,53556.15,120,53596.2,90,0,32430
BANKNIFTY-III.NFO,04/12/2024,09:24:30,53574.85,53555.5,120,53596.2,90,0,32430
BANKNIFTY-III.NFO,04/12/2024,09:24:31,53574.85,53556.5,120,53596.2,90,0,32430
BANKNIFTY-III.NFO,04/12/2024,09:24:33,53574.85,53552.85,120,53596.2,90,0,32430
BANKNIFTY-III.NFO,04/12/2024,09:24:35,53574.85,53553.25,120,53596.2,90,0,32430
BANKNIFTY-III.NFO,04/12/2024,09:24:36,53574.85,53550.25,180,53596,90,0,32430
BANKNIFTY-III.NFO,04/12/2024,09:24:38,53574.85,53553.35,120,53596,90,0,32430
BANKNIFTY-III.NFO,04/12/2024,09:24:41,53574.85,53553.55,120,53596,90,0,32430
BANKNIFTY-III.NFO,04/12/2024,09:24:43,53574.85,53550.15,120,53595.9,90,0,32430
BANKNIFTY-III.NFO,04/12/2024,09:24:45,53574.85,53550.15,120,53595.8,90,0,32430
BANKNIFTY-III.NFO,04/12/2024,09:24:46,53574.85,53550.15,120,53595.7,90,0,32430
BANKNIFTY-III.NFO,04/12/2024,09:24:48,53574.85,53550.35,120,53595.6,90,0,32430
BANKNIFTY-III.NFO,04/12/2024,09:24:49,53574.85,53550.55,120,53595.5,90,0,32430
BANKNIFTY-III.NFO,04/12/2024,09:24:51,53574.85,53552.6,120,53596,90,0,32430
BANKNIFTY-III.NFO,04/12/2024,09:24:56,53574.85,53550.05,120,53592.95,90,0,32430
BANKNIFTY-III.NFO,04/12/2024,09:24:57,53574.85,53550.05,120,53594.7,90,0,32430
BANKNIFTY-III.NFO,04/12/2024,09:24:59,53574.85,53550.05,120,53593.15,90,0,32430
BANKNIFTY-III.NFO,04/12/2024,09:25:01,53574.85,53550.05,120,53591.45,90,0,32430
BANKNIFTY-III.NFO,04/12/2024,09:25:03,53574.85,53550.05,120,53591.35,90,0,32430
BANKNIFTY-III.NFO,04/12/2024,09:25:04,53574.85,53550.05,120,53591.25,90,0,32430
BANKNIFTY-III.NFO,04/12/2024,09:25:06,53574.85,53550.05,120,53595.2,90,0,32430
BANKNIFTY-III.NFO,04/12/2024,09:25:07,53574.85,53550.05,120,53595.1,90,0,32430
BANKNIFTY-III.NFO,04/12/2024,09:25:09,53574.85,53552.25,120,53595,90,0,32430
BANKNIFTY-III.NFO,04/12/2024,09:25:11,53574.85,53550.15,120,53595.25,90,0,32430
BANKNIFTY-III.NFO,04/12/2024,09:25:12,53574.85,53551.05,180,53596.2,90,0,32430
BANKNIFTY-III.NFO,04/12/2024,09:25:14,53574.85,53552.1,120,53596.2,90,0,32430
BANKNIFTY-III.NFO,04/12/2024,09:25:19,53574.85,53550.15,120,53595.85,90,0,32430
BANKNIFTY-III.NFO,04/12/2024,09:25:21,53574.85,53550.05,120,53594.75,90,0,32430
BANKNIFTY-III.NFO,04/12/2024,09:25:22,53574.85,53550.05,120,53593.35,90,0,32430
BANKNIFTY-III.NFO,04/12/2024,09:25:24,53574.85,53550.05,120,53591.85,90,0,32430
BANKNIFTY-III.NFO,04/12/2024,09:25:26,53574.85,53550.05,120,53590.55,90,0,32430
BANKNIFTY-III.NFO,04/12/2024,09:25:27,53574.85,53550.05,120,53594.4,90,0,32430
BANKNIFTY-III.NFO,04/12/2024,09:25:29,53574.85,53550.05,120,53591,90,0,32430
BANKNIFTY-III.NFO,04/12/2024,09:25:31,53574.85,53550.05,120,53590.4,90,0,32430
BANKNIFTY-III.NFO,04/12/2024,09:25:32,53574.85,53550.05,120,53590.3,90,0,32430
BANKNIFTY-III.NFO,04/12/2024,09:25:34,53574.85,53550.05,120,53590,90,0,32430
BANKNIFTY-III.NFO,04/12/2024,09:25:35,53574.85,53550.05,120,53589.9,90,0,32430
BANKNIFTY-III.NFO,04/12/2024,09:25:37,53574.85,53550.05,120,53589.7,90,0,32430
BANKNIFTY-III.NFO,04/12/2024,09:25:39,53574.85,53550,30,53586.25,90,0,32430
BANKNIFTY-III.NFO,04/12/2024,09:25:40,53574.85,53550.05,120,53586.15,90,0,32430
BANKNIFTY-III.NFO,04/12/2024,09:25:42,53574.85,53550.05,120,53593.35,90,0,32430
BANKNIFTY-III.NFO,04/12/2024,09:25:44,53574.85,53550.05,120,53592.45,90,0,32430
BANKNIFTY-III.NFO,04/12/2024,09:25:45,53574.85,53550.05,120,53591.65,90,0,32430
BANKNIFTY-III.NFO,04/12/2024,09:25:47,53574.85,53550.05,120,53591.45,90,0,32430
BANKNIFTY-III.NFO,04/12/2024,09:25:49,53574.85,53550.05,120,53590.95,90,0,32430
BANKNIFTY-III.NFO,04/12/2024,09:25:50,53574.85,53550.05,120,53590.65,90,0,32430
BANKNIFTY-III.NFO,04/12/2024,09:25:52,53574.85,53551.9,120,53596.1,90,0,32430
BANKNIFTY-III.NFO,04/12/2024,09:25:53,53574.85,53551.9,120,53596,90,0,32430
BANKNIFTY-III.NFO,04/12/2024,09:25:55,53574.85,53552.15,180,53595.9,90,0,32430
BANKNIFTY-III.NFO,04/12/2024,09:25:57,53574.85,53550.15,120,53595.7,90,0,32430
BANKNIFTY-III.NFO,04/12/2024,09:25:59,53574.85,53550.35,120,53595.4,90,0,32430
BANKNIFTY-III.NFO,04/12/2024,09:26:00,53574.85,53550.35,120,53595.1,90,0,32430
BANKNIFTY-III.NFO,04/12/2024,09:26:02,53574.85,53550.35,120,53595,90,0,32430
BANKNIFTY-III.NFO,04/12/2024,09:26:03,53574.85,53550.35,120,53594.9,90,0,32430
BANKNIFTY-III.NFO,04/12/2024,09:26:05,53574.85,53550.35,120,53594.8,90,0,32430
BANKNIFTY-III.NFO,04/12/2024,09:26:07,53574.85,53550.35,120,53594.7,90,0,32430
BANKNIFTY-III.NFO,04/12/2024,09:26:09,53574.85,53552.05,120,53594.6,90,0,32430
BANKNIFTY-III.NFO,04/12/2024,09:26:10,53574.85,53552.05,120,53594.5,90,0,32430
BANKNIFTY-III.NFO,04/12/2024,09:26:12,53574.85,53552.65,120,53594.4,90,0,32430
BANKNIFTY-III.NFO,04/12/2024,09:26:13,53574.85,53552.65,120,53594.3,90,0,32430
BANKNIFTY-III.NFO,04/12/2024,09:26:15,53574.85,53553.75,120,53596.2,90,0,32430
BANKNIFTY-III.NFO,04/12/2024,09:26:17,53574.85,53556.2,120,53596.2,90,0,32430
BANKNIFTY-III.NFO,04/12/2024,09:26:18,53574.85,53557.45,120,53596.2,90,0,32430
BANKNIFTY-III.NFO,04/12/2024,09:26:20,53574.85,53557.45,120,53597.8,90,0,32430
BANKNIFTY-III.NFO,04/12/2024,09:26:22,53574.85,53558.25,120,53600.25,90,0,32430
BANKNIFTY-III.NFO,04/12/2024,09:26:28,53574.85,53553.25,120,53600.25,90,0,32430
BANKNIFTY-III.NFO,04/12/2024,09:26:30,53574.85,53558.25,120,53600.25,90,0,32430
BANKNIFTY-III.NFO,04/12/2024,09:26:32,53574.85,53558.35,180,53600.25,90,0,32430
BANKNIFTY-III.NFO,04/12/2024,09:26:33,53574.85,53550.85,120,53600.25,90,0,32430
BANKNIFTY-III.NFO,04/12/2024,09:26:35,53574.85,53556.9,120,53600.25,90,0,32430
BANKNIFTY-III.NFO,04/12/2024,09:26:37,53574.85,53557.95,120,53600.25,90,0,32430
BANKNIFTY-III.NFO,04/12/2024,09:26:38,53574.85,53558.85,120,53600.25,90,0,32430
BANKNIFTY-III.NFO,04/12/2024,09:26:40,53574.85,53550.45,120,53600.25,90,0,32430
BANKNIFTY-III.NFO,04/12/2024,09:26:42,53574.85,53556.05,180,53600.25,90,0,32430
BANKNIFTY-III.NFO,04/12/2024,09:26:43,53574.85,53550.15,120,53598.6,90,0,32430
BANKNIFTY-III.NFO,04/12/2024,09:26:45,53574.85,53550.05,120,53597.1,90,0,32430
BANKNIFTY-III.NFO,04/12/2024,09:26:47,53574.85,53552.7,120,53600.25,90,0,32430
BANKNIFTY-III.NFO,04/12/2024,09:26:48,53574.85,53553.3,180,53600.25,90,0,32430
BANKNIFTY-III.NFO,04/12/2024,09:26:50,53574.85,53553.5,120,53600.25,90,0,32430
BANKNIFTY-III.NFO,04/12/2024,09:26:53,53574.85,53554.1,120,53600.25,90,0,32430
BANKNIFTY-III.NFO,04/12/2024,09:26:55,53574.85,53551.05,120,53600.25,90,0,32430
BANKNIFTY-III.NFO,04/12/2024,09:26:58,53574.85,53551.3,120,53600.25,90,0,32430
BANKNIFTY-III.NFO,04/12/2024,09:27:00,53574.85,53554.25,120,53600.25,90,0,32430
BANKNIFTY-III.NFO,04/12/2024,09:27:01,53574.85,53554.55,120,53600.25,90,0,32430
BANKNIFTY-III.NFO,04/12/2024,09:27:03,53574.85,53550.25,120,53600.25,150,0,32430
BANKNIFTY-III.NFO,04/12/2024,09:27:05,53574.85,53550.45,120,53600.15,90,0,32430
BANKNIFTY-III.NFO,04/12/2024,09:27:06,53574.85,53551.65,180,53600.2,90,0,32430
BANKNIFTY-III.NFO,04/12/2024,09:27:08,53574.85,53553.15,120,53600.2,90,0,32430
BANKNIFTY-III.NFO,04/12/2024,09:27:09,53574.85,53553.55,120,53600.25,90,0,32430
BANKNIFTY-III.NFO,04/12/2024,09:27:11,53574.85,53554.25,120,53600.25,90,0,32430
BANKNIFTY-III.NFO,04/12/2024,09:27:14,53574.85,53554.45,120,53600.25,90,0,32430
BANKNIFTY-III.NFO,04/12/2024,09:27:16,53574.85,53555.1,120,53600.25,90,0,32430
BANKNIFTY-III.NFO,04/12/2024,09:27:17,53574.85,53556.2,120,53600.25,90,0,32430
BANKNIFTY-III.NFO,04/12/2024,09:27:24,53574.85,53557.7,120,53600.25,90,0,32430
BANKNIFTY-III.NFO,04/12/2024,09:27:27,53574.85,53552.35,120,53600.6,90,0,32430
BANKNIFTY-III.NFO,04/12/2024,09:27:28,53574.85,53557.35,120,53600.6,90,0,32430
BANKNIFTY-III.NFO,04/12/2024,09:27:30,53574.85,53555.25,120,53600.6,90,0,32430
BANKNIFTY-III.NFO,04/12/2024,09:27:32,53574.85,53555.55,120,53600.6,90,0,32430
BANKNIFTY-III.NFO,04/12/2024,09:27:33,53574.85,53551.85,120,53600.6,90,0,32430
BANKNIFTY-III.NFO,04/12/2024,09:27:35,53574.85,53550.85,120,53600.6,90,0,32430
BANKNIFTY-III.NFO,04/12/2024,09:27:36,53574.85,53555.85,120,53600.6,90,0,32430
BANKNIFTY-III.NFO,04/12/2024,09:27:38,53574.85,53559.75,120,53600.6,90,0,32430
BANKNIFTY-III.NFO,04/12/2024,09:27:41,53574.85,53562.95,120,53608.6,90,0,32430
BANKNIFTY-III.NFO,04/12/2024,09:27:44,53574.85,53550.15,120,53608.6,90,0,32430
BANKNIFTY-III.NFO,04/12/2024,09:27:48,53574.85,53559.35,120,53608.6,90,0,32430
BANKNIFTY-III.NFO,04/12/2024,09:27:49,53574.85,53550.15,120,53608.6,90,0,32430
BANKNIFTY-III.NFO,04/12/2024,09:27:51,53574.85,53559.45,120,53608.6,90,0,32430
BANKNIFTY-III.NFO,04/12/2024,09:27:52,53574.85,53553.25,120,53608.6,90,0,32430
BANKNIFTY-III.NFO,04/12/2024,09:27:54,53574.85,53561.55,120,53608.6,90,0,32430
BANKNIFTY-III.NFO,04/12/2024,09:27:55,53574.85,53561.95,180,53608.6,90,0,32430
BANKNIFTY-III.NFO,04/12/2024,09:27:58,53574.85,53562.15,120,53608.6,90,0,32430
BANKNIFTY-III.NFO,04/12/2024,09:28:00,53574.85,53565.35,120,53608.6,90,0,32430
BANKNIFTY-III.NFO,04/12/2024,09:28:01,53574.85,53558.35,120,53608.6,90,0,32430
BANKNIFTY-III.NFO,04/12/2024,09:28:03,53574.85,53560.35,120,53608.6,90,0,32430
BANKNIFTY-III.NFO,04/12/2024,09:28:05,53574.85,53561.35,120,53608.6,90,0,32430
BANKNIFTY-III.NFO,04/12/2024,09:28:08,53574.85,53557.15,180,53608.4,90,0,32430
BANKNIFTY-III.NFO,04/12/2024,09:28:09,53574.85,53557.15,180,53608.1,90,0,32430
BANKNIFTY-III.NFO,04/12/2024,09:28:11,53574.85,53574.85,30,53608.1,90,0,32430
BANKNIFTY-III.NFO,04/12/2024,09:28:13,53574.85,53574.9,120,53608.6,90,0,32430
BANKNIFTY-III.NFO,04/12/2024,09:28:18,53574.85,53574.85,30,53608.6,90,0,32430
BANKNIFTY-III.NFO,04/12/2024,09:28:24,53574.85,53574.9,120,53608.6,90,0,32430
BANKNIFTY-III.NFO,04/12/2024,09:28:26,53574.85,53574.85,30,53608.6,90,0,32430
BANKNIFTY-III.NFO,04/12/2024,09:28:29,53574.85,53574.9,120,53608.6,90,0,32430
BANKNIFTY-III.NFO,04/12/2024,09:28:43,53574.85,53577.4,120,53636.45,90,0,32430
BANKNIFTY-III.NFO,04/12/2024,09:28:45,53574.85,53581.7,120,53632.05,90,0,32430
BANKNIFTY-III.NFO,04/12/2024,09:28:46,53574.85,53576.4,120,53631.65,90,0,32430
BANKNIFTY-III.NFO,04/12/2024,09:28:48,53574.85,53582.6,120,53631.65,90,0,32430
BANKNIFTY-III.NFO,04/12/2024,09:28:49,53574.85,53581.9,120,53631.65,90,0,32430
BANKNIFTY-III.NFO,04/12/2024,09:28:51,53574.85,53582.1,120,53631.65,90,0,32430
BANKNIFTY-III.NFO,04/12/2024,09:28:53,53574.85,53587.6,120,53637.65,90,0,32430
BANKNIFTY-III.NFO,04/12/2024,09:28:54,53574.85,53589.5,120,53637.55,90,0,32430
BANKNIFTY-III.NFO,04/12/2024,09:28:56,53585.6,53585.6,90,53633.5,120,60,32460
BANKNIFTY-III.NFO,04/12/2024,09:28:57,53585.6,53585.8,90,53633.4,120,0,32460
BANKNIFTY-III.NFO,04/12/2024,09:28:59,53585.6,53586.3,90,53633.4,120,0,32460
BANKNIFTY-III.NFO,04/12/2024,09:29:01,53585.6,53586.4,90,53633.4,120,0,32460
BANKNIFTY-III.NFO,04/12/2024,09:29:04,53585.6,53581.1,90,53630.65,120,0,32460
BANKNIFTY-III.NFO,04/12/2024,09:29:06,53585.6,53582.5,90,53630.65,120,0,32460
BANKNIFTY-III.NFO,04/12/2024,09:29:07,53585.6,53582.1,90,53630.65,120,0,32460
BANKNIFTY-III.NFO,04/12/2024,09:29:09,53585.6,53585.6,150,53634.75,120,0,32460
BANKNIFTY-III.NFO,04/12/2024,09:29:10,53585.6,53587.1,90,53634.65,120,0,32460
BANKNIFTY-III.NFO,04/12/2024,09:29:12,53585.6,53587.1,90,53634.45,120,0,32460
BANKNIFTY-III.NFO,04/12/2024,09:29:15,53585.6,53587.3,90,53634.45,120,0,32460
BANKNIFTY-III.NFO,04/12/2024,09:29:17,53585.6,53588,90,53634.45,120,0,32460
BANKNIFTY-III.NFO,04/12/2024,09:29:18,53585.6,53588.7,150,53634.45,120,0,32460
BANKNIFTY-III.NFO,04/12/2024,09:29:20,53585.6,53588.7,150,53634.35,180,0,32460
BANKNIFTY-III.NFO,04/12/2024,09:29:23,53585.6,53585.8,90,53633.95,120,0,32460
BANKNIFTY-III.NFO,04/12/2024,09:29:25,53585.6,53586.8,90,53633.95,120,0,32460
BANKNIFTY-III.NFO,04/12/2024,09:29:26,53585.6,53588.5,150,53633.95,120,0,32460
BANKNIFTY-III.NFO,04/12/2024,09:29:31,53585.6,53590.05,90,53638.85,120,0,32460
BANKNIFTY-III.NFO,04/12/2024,09:29:33,53650,53595.65,180,53649.95,90,300,32460
BANKNIFTY-III.NFO,04/12/2024,09:29:33,53650,53595.65,180,53649.95,90,0,32460
BANKNIFTY-III.NFO,04/12/2024,09:29:34,53650,53598,120,53649.95,90,0,32460
BANKNIFTY-III.NFO,04/12/2024,09:29:36,53650,53596.95,120,53649.95,90,0,32460
BANKNIFTY-III.NFO,04/12/2024,09:29:38,53650,53596.35,120,53649.95,90,0,32460
BANKNIFTY-III.NFO,04/12/2024,09:29:39,53650,53592.95,120,53649.95,90,0,32460
BANKNIFTY-III.NFO,04/12/2024,09:29:41,53650,53592.55,120,53649.95,90,0,32460
BANKNIFTY-III.NFO,04/12/2024,09:29:43,53650,53597.55,120,53649.95,90,0,32460
BANKNIFTY-III.NFO,04/12/2024,09:29:44,53650,53597.95,180,53649.95,90,0,32460
BANKNIFTY-III.NFO,04/12/2024,09:29:46,53650,53597.95,120,53649.95,90,0,32460
BANKNIFTY-III.NFO,04/12/2024,09:29:48,53650,53597.85,120,53649.95,90,0,32460
BANKNIFTY-III.NFO,04/12/2024,09:29:49,53650,53595.15,120,53649.95,90,0,32460
BANKNIFTY-III.NFO,04/12/2024,09:29:51,53650,53598.65,120,53649.95,90,0,32460
BANKNIFTY-III.NFO,04/12/2024,09:29:52,53650,53595.05,120,53649.95,90,0,32460
BANKNIFTY-III.NFO,04/12/2024,09:29:54,53650,53595.7,120,53649.95,90,0,32460
BANKNIFTY-III.NFO,04/12/2024,09:29:57,53650,53592.25,120,53649.95,90,0,32460
BANKNIFTY-III.NFO,04/12/2024,09:29:59,53649.95,53600.55,120,53650,90,30,32460
BANKNIFTY-III.NFO,04/12/2024,09:30:00,53649.95,53600.55,120,53650,90,0,32460
BANKNIFTY-III.NFO,04/12/2024,09:30:02,53649.95,53597.75,120,53650,150,0,32460
BANKNIFTY-III.NFO,04/12/2024,09:30:04,53649.95,53598.7,120,53650,150,0,32460
BANKNIFTY-III.NFO,04/12/2024,09:30:07,53649.95,53601.05,120,53649.95,150,0,32460
BANKNIFTY-III.NFO,04/12/2024,09:30:10,53649.95,53601,30,53649.9,210,0,32460
BANKNIFTY-III.NFO,04/12/2024,09:30:12,53649.95,53601,30,53649.8,150,0,32460
BANKNIFTY-III.NFO,04/12/2024,09:30:14,53649.95,53601,30,53649.7,150,0,32460
BANKNIFTY-III.NFO,04/12/2024,09:30:15,53649.95,53601,30,53649.6,90,0,32460
BANKNIFTY-III.NFO,04/12/2024,09:30:17,53649.95,53601.05,120,53649.5,90,0,32460
BANKNIFTY-III.NFO,04/12/2024,09:30:19,53649.95,53601.05,120,53649.4,90,0,32460
BANKNIFTY-III.NFO,04/12/2024,09:30:20,53649.95,53601.05,120,53649.3,90,0,32460
BANKNIFTY-III.NFO,04/12/2024,09:30:22,53601,53590.9,120,53649.2,150,30,32460
BANKNIFTY-III.NFO,04/12/2024,09:30:24,53601,53587.8,120,53649.1,210,0,32460
BANKNIFTY-III.NFO,04/12/2024,09:30:25,53601,53588.7,120,53649,210,0,32460
BANKNIFTY-III.NFO,04/12/2024,09:30:27,53601,53589.3,120,53648.9,210,0,32460
BANKNIFTY-III.NFO,04/12/2024,09:30:28,53601,53587.8,120,53648.8,210,0,32460
BANKNIFTY-III.NFO,04/12/2024,09:30:30,53601,53587.8,120,53648.7,210,0,32460
BANKNIFTY-III.NFO,04/12/2024,09:30:32,53601,53588.1,120,53648.6,210,0,32460
BANKNIFTY-III.NFO,04/12/2024,09:30:34,53601,53591.15,120,53648.5,150,0,32460
BANKNIFTY-III.NFO,04/12/2024,09:30:35,53601,53591.35,180,53648.4,150,0,32460
BANKNIFTY-III.NFO,04/12/2024,09:30:37,53601,53591.85,120,53648.3,150,0,32460
BANKNIFTY-III.NFO,04/12/2024,09:30:39,53601,53593.25,120,53648.2,90,0,32460
BANKNIFTY-III.NFO,04/12/2024,09:30:40,53601,53594.75,120,53648.1,30,0,32460
BANKNIFTY-III.NFO,04/12/2024,09:30:42,53601,53594.75,120,53648,90,0,32460
BANKNIFTY-III.NFO,04/12/2024,09:30:44,53601,53591.05,120,53647.9,150,0,32460
BANKNIFTY-III.NFO,04/12/2024,09:30:45,53601,53591.05,120,53647.8,150,0,32460
BANKNIFTY-III.NFO,04/12/2024,09:30:47,53601,53591.05,120,53647.7,150,0,32460
BANKNIFTY-III.NFO,04/12/2024,09:30:48,53601,53594.55,120,53647.6,90,0,32460
BANKNIFTY-III.NFO,04/12/2024,09:30:50,53601,53595.15,120,53647.5,30,0,32460
BANKNIFTY-III.NFO,04/12/2024,09:30:52,53601,53595.15,120,53647.4,90,0,32460
BANKNIFTY-III.NFO,04/12/2024,09:30:53,53601,53595.15,120,53647.3,150,0,32460
BANKNIFTY-III.NFO,04/12/2024,09:30:55,53601,53595.15,120,53647.2,150,0,32460
BANKNIFTY-III.NFO,04/12/2024,09:30:56,53601,53592.7,120,53647.1,90,0,32460
BANKNIFTY-III.NFO,04/12/2024,09:30:58,53601,53593.9,120,53647,30,0,32460
BANKNIFTY-III.NFO,04/12/2024,09:30:59,53601,53594.6,120,53646.9,30,0,32460
BANKNIFTY-III.NFO,04/12/2024,09:31:01,53601,53593.4,120,53646.8,30,0,32460
BANKNIFTY-III.NFO,04/12/2024,09:31:03,53601,53601.1,120,53646.7,30,0,32460
BANKNIFTY-III.NFO,04/12/2024,09:31:04,53601,53601.1,120,53646.6,30,0,32460
BANKNIFTY-III.NFO,04/12/2024,09:31:06,53601,53605.65,120,53623,30,0,32460
BANKNIFTY-III.NFO,04/12/2024,09:31:13,53601,53607.15,210,53623,30,0,32460
BANKNIFTY-III.NFO,04/12/2024,09:31:16,53601,53607.75,210,53623,30,0,32460
BANKNIFTY-III.NFO,04/12/2024,09:31:18,53623,53620.75,120,53650,90,30,32610
BANKNIFTY-III.NFO,04/12/2024,09:31:19,53623,53614.5,120,53650,90,0,32610
BANKNIFTY-III.NFO,04/12/2024,09:31:21,53623,53613.8,120,53650,90,0,32610
BANKNIFTY-III.NFO,04/12/2024,09:31:23,53623,53613.2,120,53650,90,0,32610
BANKNIFTY-III.NFO,04/12/2024,09:31:24,53623,53618.2,120,53650,90,0,32610
BANKNIFTY-III.NFO,04/12/2024,09:31:26,53623,53623.05,120,53650,90,0,32610
BANKNIFTY-III.NFO,04/12/2024,09:31:28,53623,53632.95,150,53650,90,0,32610
BANKNIFTY-III.NFO,04/12/2024,09:31:29,53650,53637.15,120,53650,60,30,32610
BANKNIFTY-III.NFO,04/12/2024,09:31:31,53650,53639.6,120,53650,60,0,32610
BANKNIFTY-III.NFO,04/12/2024,09:31:36,53650,53641.1,120,53650,60,0,32610
BANKNIFTY-III.NFO,04/12/2024,09:31:41,53650,53644.05,150,53661,240,60,32610
BANKNIFTY-III.NFO,04/12/2024,09:31:43,53650,53645.35,180,53661,240,0,32610
BANKNIFTY-III.NFO,04/12/2024,09:31:44,53650,53645.25,120,53661,240,0,32610
BANKNIFTY-III.NFO,04/12/2024,09:31:46,53650,53645.2,30,53661,240,0,32610
BANKNIFTY-III.NFO,04/12/2024,09:31:49,53650,53638.65,120,53661,270,0,32610
BANKNIFTY-III.NFO,04/12/2024,09:31:51,53650,53640.25,120,53661,270,0,32610
BANKNIFTY-III.NFO,04/12/2024,09:31:54,53650,53636.3,150,53661,270,0,32610
BANKNIFTY-III.NFO,04/12/2024,09:31:56,53650,53633,150,53650,150,0,32610
BANKNIFTY-III.NFO,04/12/2024,09:31:58,53650,53633,120,53650,150,0,32610
BANKNIFTY-III.NFO,04/12/2024,09:31:59,53650,53633,150,53650,150,0,32610
BANKNIFTY-III.NFO,04/12/2024,09:32:00,53650,53633.8,180,53650,180,0,32610
BANKNIFTY-III.NFO,04/12/2024,09:32:02,53650,53634.9,150,53650,180,0,32610
BANKNIFTY-III.NFO,04/12/2024,09:32:04,53650,53629.35,210,53650,210,0,32610
BANKNIFTY-III.NFO,04/12/2024,09:32:05,53650,53629.95,150,53650,180,30,32610
BANKNIFTY-III.NFO,04/12/2024,09:32:07,53650,53630.05,150,53650,180,0,32610
BANKNIFTY-III.NFO,04/12/2024,09:32:09,53650,53630.05,120,53650,180,0,32610
BANKNIFTY-III.NFO,04/12/2024,09:32:10,53650,53630.3,120,53650,180,0,32610
BANKNIFTY-III.NFO,04/12/2024,09:32:14,53650,53632.55,120,53650,180,0,32610
BANKNIFTY-III.NFO,04/12/2024,09:32:15,53650,53632.65,120,53650,180,0,32610
BANKNIFTY-III.NFO,04/12/2024,09:32:17,53650,53633.1,150,53650,150,0,32610
BANKNIFTY-III.NFO,04/12/2024,09:32:19,53650,53635.35,150,53650,150,0,32610
BANKNIFTY-III.NFO,04/12/2024,09:32:23,53650,53627.55,120,53650,180,0,32610
BANKNIFTY-III.NFO,04/12/2024,09:32:25,53650,53630.15,120,53650,150,0,32610
BANKNIFTY-III.NFO,04/12/2024,09:32:27,53650,53630.5,150,53650,150,0,32610
BANKNIFTY-III.NFO,04/12/2024,09:32:28,53650,53630.8,150,53650,150,0,32610
BANKNIFTY-III.NFO,04/12/2024,09:32:30,53650,53631.6,120,53650,150,0,32610
BANKNIFTY-III.NFO,04/12/2024,09:32:32,53650,53632.6,120,53650,150,0,32610
BANKNIFTY-III.NFO,04/12/2024,09:32:33,53650,53630.05,120,53650,150,0,32610
BANKNIFTY-III.NFO,04/12/2024,09:32:35,53650,53632.6,180,53650,150,0,32610
BANKNIFTY-III.NFO,04/12/2024,09:32:37,53650,53637.15,150,53650,120,0,32610
BANKNIFTY-III.NFO,04/12/2024,09:32:38,53650,53637.15,120,53650,120,0,32610
BANKNIFTY-III.NFO,04/12/2024,09:32:40,53650,53635.95,150,53650,150,0,32610
BANKNIFTY-III.NFO,04/12/2024,09:32:42,53650,53633.55,150,53650,150,0,32610
BANKNIFTY-III.NFO,04/12/2024,09:32:43,53650,53630.05,150,53650,180,0,32610
BANKNIFTY-III.NFO,04/12/2024,09:32:45,53650,53630.8,150,53650,180,0,32610
BANKNIFTY-III.NFO,04/12/2024,09:32:47,53650,53630.85,120,53650,180,0,32610
BANKNIFTY-III.NFO,04/12/2024,09:32:48,53650,53632.1,120,53650,180,0,32610
BANKNIFTY-III.NFO,04/12/2024,09:32:50,53650,53632.05,60,53650,180,0,32610
BANKNIFTY-III.NFO,04/12/2024,09:32:51,53650,53630,30,53650,180,0,32610
BANKNIFTY-III.NFO,04/12/2024,09:32:53,53650,53630.3,120,53650,180,0,32610
BANKNIFTY-III.NFO,04/12/2024,09:32:55,53650,53635,750,53650,180,0,32610
BANKNIFTY-III.NFO,04/12/2024,09:32:58,53650,53635.05,120,53650,180,0,32610
BANKNIFTY-III.NFO,04/12/2024,09:33:00,53650,53635,750,53650,180,0,32610
BANKNIFTY-III.NFO,04/12/2024,09:33:08,53650,53635,750,53650,60,120,32610
BANKNIFTY-III.NFO,04/12/2024,09:33:10,53650,53635,750,53650,60,0,32610
BANKNIFTY-III.NFO,04/12/2024,09:33:13,53650,53635.9,60,53650,60,0,32610
BANKNIFTY-III.NFO,04/12/2024,09:33:15,53650,53635.25,60,53650,60,0,32610
BANKNIFTY-III.NFO,04/12/2024,09:33:17,53650,53638.05,60,53650,30,0,32610
BANKNIFTY-III.NFO,04/12/2024,09:33:18,53650,53637.2,60,53650,30,0,32610
BANKNIFTY-III.NFO,04/12/2024,09:33:20,53650,53638.45,150,53650,30,0,32610
BANKNIFTY-III.NFO,04/12/2024,09:33:22,53650,53640.6,210,53650,30,0,32610
BANKNIFTY-III.NFO,04/12/2024,09:33:23,53650,53643.25,60,53650,30,0,32610
BANKNIFTY-III.NFO,04/12/2024,09:33:25,53650,53640.2,150,53650,30,0,32610
BANKNIFTY-III.NFO,04/12/2024,09:33:27,53650,53641,150,53650,30,0,32610
BANKNIFTY-III.NFO,04/12/2024,09:33:28,53658.7,53643.5,210,53652.65,30,120,32610
BANKNIFTY-III.NFO,04/12/2024,09:33:28,53658.7,53643.5,210,53652.65,30,0,32610
BANKNIFTY-III.NFO,04/12/2024,09:33:30,53658.7,53643.5,210,53652.65,30,0,32610
BANKNIFTY-III.NFO,04/12/2024,09:33:32,53658.7,53643.5,30,53652.65,30,0,32610
BANKNIFTY-III.NFO,04/12/2024,09:33:35,53658.7,53645.05,30,53652.65,30,0,32610
BANKNIFTY-III.NFO,04/12/2024,09:33:42,53658.7,53645,750,53652.65,30,0,32610
BANKNIFTY-III.NFO,04/12/2024,09:33:43,53658.7,53645.15,90,53652.65,30,0,32610
BANKNIFTY-III.NFO,04/12/2024,09:33:45,53652.65,53652.4,150,53661,240,30,32610
BANKNIFTY-III.NFO,04/12/2024,09:33:47,53652.65,53655.65,150,53661,240,0,32610
BANKNIFTY-III.NFO,04/12/2024,09:33:48,53652.65,53654.25,150,53661,240,0,32610
BANKNIFTY-III.NFO,04/12/2024,09:33:50,53652.65,53654.55,90,53661,240,0,32610
BANKNIFTY-III.NFO,04/12/2024,09:33:51,53652.65,53654.6,150,53661,240,0,32610
BANKNIFTY-III.NFO,04/12/2024,09:33:53,53652.65,53656,30,53661,240,0,32610
BANKNIFTY-III.NFO,04/12/2024,09:33:55,53661,53658.15,120,53661,90,150,32790
BANKNIFTY-III.NFO,04/12/2024,09:33:55,53661,53658.15,120,53661,90,0,32790
BANKNIFTY-III.NFO,04/12/2024,09:33:56,53661,53659.15,120,53661,60,30,32790
BANKNIFTY-III.NFO,04/12/2024,09:33:58,53661,53659,120,53661,60,0,32790
BANKNIFTY-III.NFO,04/12/2024,09:34:00,53665,53659.85,180,53671,30,90,32790
BANKNIFTY-III.NFO,04/12/2024,09:34:00,53665,53659.85,180,53671,30,0,32790
BANKNIFTY-III.NFO,04/12/2024,09:34:01,53665,53659.85,180,53671,30,0,32790
BANKNIFTY-III.NFO,04/12/2024,09:34:06,53671,53659.85,180,53675,120,30,32790
BANKNIFTY-III.NFO,04/12/2024,09:34:06,53671,53659.85,180,53675,120,0,32790
BANKNIFTY-III.NFO,04/12/2024,09:34:08,53671,53659.85,180,53675,120,0,32790
BANKNIFTY-III.NFO,04/12/2024,09:34:10,53671,53659.85,120,53675,120,0,32790
BANKNIFTY-III.NFO,04/12/2024,09:34:11,53671,53659.85,180,53675,120,0,32790
BANKNIFTY-III.NFO,04/12/2024,09:34:13,53671,53665.05,120,53675,120,0,32790
BANKNIFTY-III.NFO,04/12/2024,09:34:18,53671,53671,30,53675,120,0,32790
BANKNIFTY-III.NFO,04/12/2024,09:34:20,53671,53671,60,53675,120,0,32790
BANKNIFTY-III.NFO,04/12/2024,09:34:24,53671,53671,360,53675,120,0,32790
BANKNIFTY-III.NFO,04/12/2024,09:34:28,53671,53671,330,53675,120,0,32790
BANKNIFTY-III.NFO,04/12/2024,09:34:29,53671,53671,360,53675,120,0,32790
BANKNIFTY-III.NFO,04/12/2024,09:34:32,53675,53675,660,53689.05,60,120,32790
BANKNIFTY-III.NFO,04/12/2024,09:34:32,53675,53675,660,53689.05,60,0,32790
BANKNIFTY-III.NFO,04/12/2024,09:34:34,53675,53675,660,53689.05,60,0,32790
BANKNIFTY-III.NFO,04/12/2024,09:34:36,53675,53675,660,53689.95,60,0,32790
BANKNIFTY-III.NFO,04/12/2024,09:34:37,53675,53675,630,53689.95,60,0,32790
BANKNIFTY-III.NFO,04/12/2024,09:34:39,53675,53675,660,53689.95,60,0,32790
BANKNIFTY-III.NFO,04/12/2024,09:34:47,53675,53685,630,53690,30,0,32790
BANKNIFTY-III.NFO,04/12/2024,09:34:55,53685,53685,600,53690,30,30,32790
BANKNIFTY-III.NFO,04/12/2024,09:34:55,53685,53685,600,53690,30,0,32790
BANKNIFTY-III.NFO,04/12/2024,09:34:56,53685,53685,600,53690,30,0,32790
BANKNIFTY-III.NFO,04/12/2024,09:34:58,53690,53690,570,53695,30,30,32790
BANKNIFTY-III.NFO,04/12/2024,09:34:58,53690,53690,570,53695,30,0,32790
BANKNIFTY-III.NFO,04/12/2024,09:35:00,53690,53690,570,53695,30,0,32790
BANKNIFTY-III.NFO,04/12/2024,09:35:03,53690,53690,540,53695,30,30,32790
BANKNIFTY-III.NFO,04/12/2024,09:35:05,53690,53690,540,53695,30,0,32790
BANKNIFTY-III.NFO,04/12/2024,09:35:08,53690,53690,540,53695,60,0,32790
BANKNIFTY-III.NFO,04/12/2024,09:35:12,53690,53690,510,53695,30,30,32790
BANKNIFTY-III.NFO,04/12/2024,09:35:13,53690,53690,510,53695,30,0,32790
BANKNIFTY-III.NFO,04/12/2024,09:35:15,53695,53690,510,53700.95,90,30,32790
BANKNIFTY-III.NFO,04/12/2024,09:35:15,53695,53690,510,53700.95,90,0,32790
BANKNIFTY-III.NFO,04/12/2024,09:35:17,53695,53690,510,53700.95,90,0,32790
BANKNIFTY-III.NFO,04/12/2024,09:35:18,53695,53690,510,53703.95,90,0,32790
BANKNIFTY-III.NFO,04/12/2024,09:35:20,53698,53698,480,53704,30,30,32790
BANKNIFTY-III.NFO,04/12/2024,09:35:20,53698,53698,480,53704,30,0,32790
BANKNIFTY-III.NFO,04/12/2024,09:35:21,53698,53698,480,53704,30,0,32790
BANKNIFTY-III.NFO,04/12/2024,09:35:25,53706.4,53698,480,53706.95,60,60,32790
BANKNIFTY-III.NFO,04/12/2024,09:35:25,53706.4,53698,480,53706.95,60,0,32790
BANKNIFTY-III.NFO,04/12/2024,09:35:26,53698,53698,360,53706.95,60,120,32790
BANKNIFTY-III.NFO,04/12/2024,09:35:28,53698,53698,360,53706.95,90,0,32790
BANKNIFTY-III.NFO,04/12/2024,09:35:30,53698,53698,300,53706.95,90,60,32790
BANKNIFTY-III.NFO,04/12/2024,09:35:31,53698,53698,300,53706.95,90,0,32790
BANKNIFTY-III.NFO,04/12/2024,09:35:33,53698,53695,30,53706.85,60,300,32790
BANKNIFTY-III.NFO,04/12/2024,09:35:35,53695,53680,30,53706.65,60,30,32790
BANKNIFTY-III.NFO,04/12/2024,09:35:36,53695,53680,30,53706.35,60,0,32790
BANKNIFTY-III.NFO,04/12/2024,09:35:38,53695,53680,30,53706.05,60,0,32790
BANKNIFTY-III.NFO,04/12/2024,09:35:40,53695,53680,30,53705.85,60,0,32790
BANKNIFTY-III.NFO,04/12/2024,09:35:41,53690,53671.7,120,53680,30,30,32790
BANKNIFTY-III.NFO,04/12/2024,09:35:43,53690,53671.7,120,53680,30,0,32790
BANKNIFTY-III.NFO,04/12/2024,09:35:45,53690,53673.5,120,53680,30,0,32790
BANKNIFTY-III.NFO,04/12/2024,09:35:48,53673.5,53673.5,120,53680,30,30,32790
BANKNIFTY-III.NFO,04/12/2024,09:35:49,53673.5,53671.05,120,53680,30,0,32790
BANKNIFTY-III.NFO,04/12/2024,09:35:53,53673.5,53671.05,150,53680,30,0,32790
BANKNIFTY-III.NFO,04/12/2024,09:35:56,53673.5,53672.25,120,53680,30,0,32790
BANKNIFTY-III.NFO,04/12/2024,09:35:58,53673.5,53673.75,120,53680,30,0,32790
BANKNIFTY-III.NFO,04/12/2024,09:35:59,53673.5,53677.3,120,53690,30,0,32790
BANKNIFTY-III.NFO,04/12/2024,09:36:01,53673.5,53679.35,120,53690,30,0,32790
BANKNIFTY-III.NFO,04/12/2024,09:36:02,53673.25,53673.75,120,53690,30,30,32790
BANKNIFTY-III.NFO,04/12/2024,09:36:04,53673.25,53673.65,120,53689.95,60,0,32790
BANKNIFTY-III.NFO,04/12/2024,09:36:06,53673.25,53671.05,150,53689.85,60,0,32790
BANKNIFTY-III.NFO,04/12/2024,09:36:07,53673.25,53671.65,210,53689.95,90,0,32790
BANKNIFTY-III.NFO,04/12/2024,09:36:11,53673.25,53671.65,150,53689.95,90,0,32790
BANKNIFTY-III.NFO,04/12/2024,09:36:14,53673.25,53673.3,150,53690,30,0,32790
BANKNIFTY-III.NFO,04/12/2024,09:36:16,53673.25,53673.3,150,53689.95,60,0,32790
BANKNIFTY-III.NFO,04/12/2024,09:36:17,53673.25,53673.3,150,53689.75,90,0,32790
BANKNIFTY-III.NFO,04/12/2024,09:36:19,53673.25,53673.3,150,53689.65,90,0,32790
BANKNIFTY-III.NFO,04/12/2024,09:36:21,53673.25,53673.9,150,53690,60,0,32790
BANKNIFTY-III.NFO,04/12/2024,09:36:22,53673.25,53677.05,150,53690,60,0,32790
BANKNIFTY-III.NFO,04/12/2024,09:36:24,53673.25,53678.95,120,53690,60,0,32790
BANKNIFTY-III.NFO,04/12/2024,09:36:26,53673.25,53681.85,210,53690,60,0,32790
BANKNIFTY-III.NFO,04/12/2024,09:36:27,53673.25,53678.75,150,53690,60,0,32790
BANKNIFTY-III.NFO,04/12/2024,09:36:29,53673.25,53673.65,150,53690,30,0,32790
BANKNIFTY-III.NFO,04/12/2024,09:36:31,53673.25,53674.35,150,53690,30,0,32790
BANKNIFTY-III.NFO,04/12/2024,09:36:32,53673.25,53674.35,120,53689.95,30,0,32790
BANKNIFTY-III.NFO,04/12/2024,09:36:34,53673.25,53674,120,53690,60,0,32790
BANKNIFTY-III.NFO,04/12/2024,09:36:35,53673.25,53675.7,120,53690,60,0,32790
BANKNIFTY-III.NFO,04/12/2024,09:36:37,53673.25,53674.3,120,53690,60,0,32790
BANKNIFTY-III.NFO,04/12/2024,09:36:39,53673.25,53673.25,30,53685.15,120,0,32790
BANKNIFTY-III.NFO,04/12/2024,09:36:40,53680.25,53673.25,30,53680.25,30,30,32790
BANKNIFTY-III.NFO,04/12/2024,09:36:42,53680.25,53673.25,30,53683.7,90,0,32790
BANKNIFTY-III.NFO,04/12/2024,09:36:44,53680.25,53673.25,30,53686.7,60,0,32790
BANKNIFTY-III.NFO,04/12/2024,09:36:45,53680.25,53673.25,30,53680.25,60,0,32790
BANKNIFTY-III.NFO,04/12/2024,09:36:52,53680.25,53673.25,30,53680.25,120,0,32790
BANKNIFTY-III.NFO,04/12/2024,09:36:55,53680.25,53673.3,120,53680.25,120,0,32790
BANKNIFTY-III.NFO,04/12/2024,09:37:00,53673.3,53673.3,120,53680.25,90,30,33000
BANKNIFTY-III.NFO,04/12/2024,09:37:02,53673.3,53674.55,120,53690,30,0,33000
BANKNIFTY-III.NFO,04/12/2024,09:37:04,53673.3,53677.75,120,53690,30,0,33000
BANKNIFTY-III.NFO,04/12/2024,09:37:05,53673.3,53683.6,150,53690,30,0,33000
BANKNIFTY-III.NFO,04/12/2024,09:37:07,53673.3,53681.5,180,53690,30,0,33000
BANKNIFTY-III.NFO,04/12/2024,09:37:08,53673.3,53680.95,180,53690,30,0,33000
BANKNIFTY-III.NFO,04/12/2024,09:37:10,53673.3,53681,180,53690,30,0,33000
BANKNIFTY-III.NFO,04/12/2024,09:37:12,53673.3,53679.6,150,53690,30,0,33000
BANKNIFTY-III.NFO,04/12/2024,09:37:13,53673.3,53681.1,150,53690,30,0,33000
BANKNIFTY-III.NFO,04/12/2024,09:37:18,53673.3,53677.25,120,53690,30,0,33000
BANKNIFTY-III.NFO,04/12/2024,09:37:20,53673.3,53676.5,120,53690,30,0,33000
BANKNIFTY-III.NFO,04/12/2024,09:37:22,53673.3,53677.6,180,53690,60,0,33000
BANKNIFTY-III.NFO,04/12/2024,09:37:23,53673.3,53679.9,120,53690,60,0,33000
BANKNIFTY-III.NFO,04/12/2024,09:37:25,53673.3,53678.4,120,53690,60,0,33000
BANKNIFTY-III.NFO,04/12/2024,09:37:26,53673.3,53680.6,150,53690,60,0,33000
BANKNIFTY-III.NFO,04/12/2024,09:37:29,53673.3,53678.4,120,53690,60,0,33000
BANKNIFTY-III.NFO,04/12/2024,09:37:33,53673.3,53679.5,180,53690,60,0,33000
BANKNIFTY-III.NFO,04/12/2024,09:37:34,53673.3,53679.7,120,53690,60,0,33000
BANKNIFTY-III.NFO,04/12/2024,09:37:36,53673.3,53680.1,120,53690,60,0,33000
BANKNIFTY-III.NFO,04/12/2024,09:37:38,53690,53684.6,210,53690,30,30,33000
BANKNIFTY-III.NFO,04/12/2024,09:37:39,53690,53684.7,180,53690,30,0,33000
BANKNIFTY-III.NFO,04/12/2024,09:37:42,53690,53684.8,150,53703.95,60,0,33000
BANKNIFTY-III.NFO,04/12/2024,09:37:44,53690,53678.8,120,53699.75,60,0,33000
BANKNIFTY-III.NFO,04/12/2024,09:37:46,53690,53684,120,53703.8,60,0,33000
BANKNIFTY-III.NFO,04/12/2024,09:37:47,53690,53690.15,120,53709.9,60,0,33000
BANKNIFTY-III.NFO,04/12/2024,09:37:49,53694.65,53697.6,180,53716.05,90,30,33000
BANKNIFTY-III.NFO,04/12/2024,09:37:51,53694.65,53696.8,120,53715.15,90,0,33000
BANKNIFTY-III.NFO,04/12/2024,09:37:52,53694.65,53696.65,180,53700,30,0,33000
BANKNIFTY-III.NFO,04/12/2024,09:37:54,53694.65,53697.35,210,53700,30,0,33000
BANKNIFTY-III.NFO,04/12/2024,09:37:56,53700,53702.45,150,53720,600,30,33000
BANKNIFTY-III.NFO,04/12/2024,09:37:57,53700,53702.45,150,53719.95,90,0,33000
BANKNIFTY-III.NFO,04/12/2024,09:37:59,53700,53703.45,180,53720,600,0,33000
BANKNIFTY-III.NFO,04/12/2024,09:38:00,53703.9,53704.25,150,53720,600,30,33000
BANKNIFTY-III.NFO,04/12/2024,09:38:02,53703.9,53704.45,120,53720,600,0,33000
BANKNIFTY-III.NFO,04/12/2024,09:38:04,53703.9,53704.3,120,53720,600,0,33000
BANKNIFTY-III.NFO,04/12/2024,09:38:07,53703.9,53704.3,120,53719.95,120,0,33000
BANKNIFTY-III.NFO,04/12/2024,09:38:09,53703.9,53704.25,30,53719.95,120,0,33000
BANKNIFTY-III.NFO,04/12/2024,09:38:10,53703.9,53703,30,53717.4,210,0,33000
BANKNIFTY-III.NFO,04/12/2024,09:38:12,53703,53697.65,150,53716.3,120,30,33000
BANKNIFTY-III.NFO,04/12/2024,09:38:14,53703,53700.4,120,53718.5,210,0,33000
BANKNIFTY-III.NFO,04/12/2024,09:38:15,53703,53703.05,120,53717.95,150,0,33000
BANKNIFTY-III.NFO,04/12/2024,09:38:17,53703,53703,30,53716.15,60,0,33000
BANKNIFTY-III.NFO,04/12/2024,09:38:18,53703,53703,30,53711.45,180,0,33000
BANKNIFTY-III.NFO,04/12/2024,09:38:22,53703,53703,30,53713,150,0,33000
BANKNIFTY-III.NFO,04/12/2024,09:38:23,53703,53703,30,53711.65,150,0,33000
BANKNIFTY-III.NFO,04/12/2024,09:38:25,53703,53703,30,53706.95,150,0,33000
BANKNIFTY-III.NFO,04/12/2024,09:38:27,53703,53679.15,120,53699,120,30,33000
BANKNIFTY-III.NFO,04/12/2024,09:38:28,53703,53682.2,150,53700.3,150,0,33000
BANKNIFTY-III.NFO,04/12/2024,09:38:30,53703,53680.05,150,53698.8,120,0,33000
BANKNIFTY-III.NFO,04/12/2024,09:38:32,53703,53678.45,150,53697.3,120,0,33000
BANKNIFTY-III.NFO,04/12/2024,09:38:33,53679.45,53684.95,120,53702.95,150,30,33000
BANKNIFTY-III.NFO,04/12/2024,09:38:35,53679.45,53684.2,150,53702.35,120,0,33000
BANKNIFTY-III.NFO,04/12/2024,09:38:36,53679.45,53682.6,90,53701.05,180,0,33000
BANKNIFTY-III.NFO,04/12/2024,09:38:38,53679.45,53683.75,120,53702.95,150,0,33000
BANKNIFTY-III.NFO,04/12/2024,09:38:40,53679.45,53682.55,150,53702.5,150,0,33000
BANKNIFTY-III.NFO,04/12/2024,09:38:41,53679.45,53686.3,180,53703,30,0,33000
BANKNIFTY-III.NFO,04/12/2024,09:38:43,53679.45,53689.3,120,53703,30,0,33000
BANKNIFTY-III.NFO,04/12/2024,09:38:48,53679.45,53682.3,120,53701.5,60,0,33000
BANKNIFTY-III.NFO,04/12/2024,09:38:50,53682.4,53682.4,30,53701.5,90,90,33000
BANKNIFTY-III.NFO,04/12/2024,09:38:51,53682.4,53682.45,90,53701.5,30,0,33000
BANKNIFTY-III.NFO,04/12/2024,09:38:53,53682.4,53682.45,90,53703,60,0,33000
BANKNIFTY-III.NFO,04/12/2024,09:38:56,53682.4,53679.5,90,53689,60,0,33000
BANKNIFTY-III.NFO,04/12/2024,09:38:58,53682.4,53679.45,60,53689,60,0,33000
BANKNIFTY-III.NFO,04/12/2024,09:38:59,53689,53679.5,60,53702.8,90,60,33000
BANKNIFTY-III.NFO,04/12/2024,09:39:01,53689,53682.4,60,53700.4,90,0,33000
BANKNIFTY-III.NFO,04/12/2024,09:39:03,53689,53682.4,60,53699.55,150,0,33000
BANKNIFTY-III.NFO,04/12/2024,09:39:04,53689,53682.4,60,53696.3,150,0,33000
BANKNIFTY-III.NFO,04/12/2024,09:39:06,53689,53682.4,60,53695.9,180,0,33000
BANKNIFTY-III.NFO,04/12/2024,09:39:08,53689,53682.4,60,53698.85,120,0,33000
BANKNIFTY-III.NFO,04/12/2024,09:39:09,53689,53682.4,60,53698.4,150,0,33000
BANKNIFTY-III.NFO,04/12/2024,09:39:11,53689,53682.45,60,53701.4,210,0,33000
BANKNIFTY-III.NFO,04/12/2024,09:39:13,53689,53682.45,60,53701.4,90,0,33000
BANKNIFTY-III.NFO,04/12/2024,09:39:16,53701.4,53682.45,90,53699.95,150,90,33000
BANKNIFTY-III.NFO,04/12/2024,09:39:18,53699.95,53682.4,30,53699.85,120,30,33000
BANKNIFTY-III.NFO,04/12/2024,09:39:19,53699.95,53682.4,30,53697.3,150,0,33000
BANKNIFTY-III.NFO,04/12/2024,09:39:21,53699.95,53682.4,30,53698.95,150,0,33000
BANKNIFTY-III.NFO,04/12/2024,09:39:24,53699.95,53682.55,120,53699.95,150,0,33000
BANKNIFTY-III.NFO,04/12/2024,09:39:26,53685.4,53685.4,30,53700,30,30,33000
BANKNIFTY-III.NFO,04/12/2024,09:39:27,53685.4,53685.4,30,53700,30,0,33000
BANKNIFTY-III.NFO,04/12/2024,09:39:29,53685.4,53683.3,90,53699.95,120,0,33000
BANKNIFTY-III.NFO,04/12/2024,09:39:31,53685.4,53683.35,60,53702.75,150,0,33000
BANKNIFTY-III.NFO,04/12/2024,09:39:34,53685.4,53683.35,60,53699,30,0,33000
BANKNIFTY-III.NFO,04/12/2024,09:39:39,53685.4,53682.4,60,53698.95,120,0,33000
BANKNIFTY-III.NFO,04/12/2024,09:39:41,53698.95,53683,30,53698.95,120,30,33000
BANKNIFTY-III.NFO,04/12/2024,09:39:42,53683.6,53682.85,60,53698.95,120,30,33000
BANKNIFTY-III.NFO,04/12/2024,09:39:44,53683.6,53682.4,30,53691.55,150,0,33000
BANKNIFTY-III.NFO,04/12/2024,09:39:45,53683.6,53682.4,30,53696.35,150,0,33000
BANKNIFTY-III.NFO,04/12/2024,09:39:50,53683.6,53682.4,30,53683.6,30,0,33000
BANKNIFTY-III.NFO,04/12/2024,09:39:52,53682.4,53671.25,60,53681,150,30,33000
BANKNIFTY-III.NFO,04/12/2024,09:39:54,53682.4,53671.25,60,53681,150,0,33000
BANKNIFTY-III.NFO,04/12/2024,09:39:57,53682.4,53670.2,120,53681,150,0,33000
BANKNIFTY-III.NFO,04/12/2024,09:39:58,53682.4,53671.1,60,53681,150,0,33000
BANKNIFTY-III.NFO,04/12/2024,09:40:00,53682.4,53665.6,90,53681,180,0,33000
BANKNIFTY-III.NFO,04/12/2024,09:40:01,53682.4,53665.55,90,53681,180,0,33000
BANKNIFTY-III.NFO,04/12/2024,09:40:03,53682.4,53666.15,30,53681,180,0,33000
BANKNIFTY-III.NFO,04/12/2024,09:40:05,53682.4,53656.35,60,53670,150,0,33000
BANKNIFTY-III.NFO,04/12/2024,09:40:06,53682.4,53655.2,30,53670,150,0,33000
BANKNIFTY-III.NFO,04/12/2024,09:40:08,53682.4,53658.8,30,53670,150,0,33000
BANKNIFTY-III.NFO,04/12/2024,09:40:10,53682.4,53660.2,30,53670,150,0,33000
BANKNIFTY-III.NFO,04/12/2024,09:40:11,53682.4,53661.05,90,53670,150,0,33000
BANKNIFTY-III.NFO,04/12/2024,09:40:13,53682.4,53661.15,30,53670,150,0,33000
BANKNIFTY-III.NFO,04/12/2024,09:40:15,53682.4,53661.35,30,53670,150,0,33000
BANKNIFTY-III.NFO,04/12/2024,09:40:16,53682.4,53663.05,30,53670,150,0,33000
BANKNIFTY-III.NFO,04/12/2024,09:40:18,53682.4,53662.55,30,53670,150,0,33000
BANKNIFTY-III.NFO,04/12/2024,09:40:20,53661.15,53661.15,90,53681.3,30,150,33030
BANKNIFTY-III.NFO,04/12/2024,09:40:21,53661.15,53658.05,90,53680.75,60,0,33030
BANKNIFTY-III.NFO,04/12/2024,09:40:25,53661.15,53658.05,90,53680.7,30,0,33030
BANKNIFTY-III.NFO,04/12/2024,09:40:26,53661.15,53658.1,120,53680.65,60,0,33030
BANKNIFTY-III.NFO,04/12/2024,09:40:28,53661.15,53658.1,120,53680.7,30,0,33030
BANKNIFTY-III.NFO,04/12/2024,09:40:31,53661.15,53658.1,150,53680,120,0,33030
BANKNIFTY-III.NFO,04/12/2024,09:40:34,53661.15,53658.1,150,53676.35,30,0,33030
BANKNIFTY-III.NFO,04/12/2024,09:40:36,53661.15,53670,750,53680.65,150,0,33030
BANKNIFTY-III.NFO,04/12/2024,09:40:46,53661.15,53670,750,53678.15,210,0,33030
BANKNIFTY-III.NFO,04/12/2024,09:40:47,53661.15,53670,750,53678.15,150,0,33030
BANKNIFTY-III.NFO,04/12/2024,09:40:49,53661.15,53670,750,53677.95,120,0,33030
BANKNIFTY-III.NFO,04/12/2024,09:40:51,53661.15,53670,750,53678.1,120,0,33030
BANKNIFTY-III.NFO,04/12/2024,09:41:01,53661.15,53670,750,53678.15,30,0,33030
BANKNIFTY-III.NFO,04/12/2024,09:41:03,53661.15,53670,750,53678.1,120,0,33030
BANKNIFTY-III.NFO,04/12/2024,09:41:05,53661.15,53670,750,53680.65,150,0,33030
BANKNIFTY-III.NFO,04/12/2024,09:41:08,53661.15,53670,750,53680.6,120,0,33030
BANKNIFTY-III.NFO,04/12/2024,09:41:09,53661.15,53678,750,53683.55,150,0,33030
BANKNIFTY-III.NFO,04/12/2024,09:41:13,53678,53661.15,30,53672.85,150,750,33030
BANKNIFTY-III.NFO,04/12/2024,09:41:14,53678,53661.15,30,53674.3,150,0,33030
BANKNIFTY-III.NFO,04/12/2024,09:41:16,53674.75,53661.15,30,53678.55,150,240,33030
BANKNIFTY-III.NFO,04/12/2024,09:41:17,53674.75,53661.15,30,53674.15,150,0,33030
BANKNIFTY-III.NFO,04/12/2024,09:41:21,53674.75,53661.15,30,53674.15,180,0,33030
BANKNIFTY-III.NFO,04/12/2024,09:41:22,53674.75,53661.15,30,53671.2,120,0,33030
BANKNIFTY-III.NFO,04/12/2024,09:41:24,53674.75,53661.15,30,53669.1,150,0,33030
BANKNIFTY-III.NFO,04/12/2024,09:41:26,53674.75,53661.15,30,53670.1,150,0,33030
BANKNIFTY-III.NFO,04/12/2024,09:41:27,53674.75,53661.15,30,53672.05,120,0,33030
BANKNIFTY-III.NFO,04/12/2024,09:41:29,53674.75,53661.15,30,53676.25,120,0,33030
BANKNIFTY-III.NFO,04/12/2024,09:41:30,53674.75,53661.15,30,53675.75,150,0,33030
BANKNIFTY-III.NFO,04/12/2024,09:41:32,53674.75,53662.45,120,53681.15,120,0,33030
BANKNIFTY-III.NFO,04/12/2024,09:41:34,53674.75,53664.1,210,53682.6,150,0,33030
BANKNIFTY-III.NFO,04/12/2024,09:41:35,53674.75,53667.1,150,53683.6,30,0,33030
BANKNIFTY-III.NFO,04/12/2024,09:41:37,53674.75,53672.35,150,53683.6,30,0,33030
BANKNIFTY-III.NFO,04/12/2024,09:41:38,53674.75,53673.35,150,53683.6,30,0,33030
BANKNIFTY-III.NFO,04/12/2024,09:41:40,53674.75,53674.55,150,53683.6,30,0,33030
BANKNIFTY-III.NFO,04/12/2024,09:41:42,53674.75,53680,180,53683.6,30,0,33030
BANKNIFTY-III.NFO,04/12/2024,09:41:43,53674.75,53680.05,120,53683.6,30,0,33030
BANKNIFTY-III.NFO,04/12/2024,09:41:55,53683.6,53683.5,210,53690,30,30,33030
BANKNIFTY-III.NFO,04/12/2024,09:41:56,53683.6,53685.05,120,53690,30,0,33030
BANKNIFTY-III.NFO,04/12/2024,09:42:01,53683.6,53685.05,150,53690,30,0,33030
BANKNIFTY-III.NFO,04/12/2024,09:42:04,53683.6,53685.25,150,53690,30,0,33030
BANKNIFTY-III.NFO,04/12/2024,09:42:06,53690,53690.05,150,53705.6,120,30,33030
BANKNIFTY-III.NFO,04/12/2024,09:42:07,53690,53690.05,150,53706.6,120,0,33030
BANKNIFTY-III.NFO,04/12/2024,09:42:09,53690,53690.05,150,53708.65,120,0,33030
BANKNIFTY-III.NFO,04/12/2024,09:42:11,53690,53690.05,150,53708.2,180,0,33030
BANKNIFTY-III.NFO,04/12/2024,09:42:12,53690,53690.05,150,53707.85,120,0,33030
BANKNIFTY-III.NFO,04/12/2024,09:42:14,53690,53690,150,53706.55,120,0,33030
BANKNIFTY-III.NFO,04/12/2024,09:42:15,53690,53690,150,53702.05,120,0,33030
BANKNIFTY-III.NFO,04/12/2024,09:42:17,53690,53690,150,53703.05,120,0,33030
BANKNIFTY-III.NFO,04/12/2024,09:42:19,53701.3,53683.15,60,53704.8,60,150,33030
BANKNIFTY-III.NFO,04/12/2024,09:42:20,53701.3,53685.05,60,53704.8,60,0,33030
BANKNIFTY-III.NFO,04/12/2024,09:42:23,53701.3,53685.45,150,53704.8,60,0,33030
BANKNIFTY-III.NFO,04/12/2024,09:42:25,53701.3,53685.45,30,53704.8,60,0,33030
BANKNIFTY-III.NFO,04/12/2024,09:42:26,53701.3,53686.1,150,53704.8,90,0,33030
BANKNIFTY-III.NFO,04/12/2024,09:42:30,53701.3,53686.1,30,53704.8,90,0,33030
BANKNIFTY-III.NFO,04/12/2024,09:42:39,53701.3,53701.3,60,53706.6,60,0,33030
BANKNIFTY-III.NFO,04/12/2024,09:42:41,53701.3,53701.3,60,53709.95,90,0,33030
BANKNIFTY-III.NFO,04/12/2024,09:42:42,53701.3,53701.3,90,53709.95,90,0,33030
BANKNIFTY-III.NFO,04/12/2024,09:42:45,53709.95,53701.3,30,53709.95,30,60,33030
BANKNIFTY-III.NFO,04/12/2024,09:42:45,53709.95,53701.3,30,53709.95,30,0,33030
BANKNIFTY-III.NFO,04/12/2024,09:42:47,53709.95,53701.3,30,53710,30,0,33030
BANKNIFTY-III.NFO,04/12/2024,09:42:50,53709.95,53701.3,30,53710,120,0,33030
BANKNIFTY-III.NFO,04/12/2024,09:42:54,53692.6,53687.9,120,53710,120,120,34020
BANKNIFTY-III.NFO,04/12/2024,09:42:55,53692.6,53688.55,210,53710,120,0,34020
BANKNIFTY-III.NFO,04/12/2024,09:42:57,53692.6,53688.55,150,53710,120,0,34020
BANKNIFTY-III.NFO,04/12/2024,09:43:00,53692.6,53684.15,30,53710,120,0,34020
BANKNIFTY-III.NFO,04/12/2024,09:43:02,53692.6,53684.3,180,53710,120,0,34020
BANKNIFTY-III.NFO,04/12/2024,09:43:03,53692.6,53692.6,30,53710,120,0,34020
BANKNIFTY-III.NFO,04/12/2024,09:43:05,53692.6,53692.6,60,53710,120,0,34020
BANKNIFTY-III.NFO,04/12/2024,09:43:12,53692.6,53692.6,90,53710,120,0,34020
BANKNIFTY-III.NFO,04/12/2024,09:43:17,53692.6,53692.65,120,53710,60,0,34020
BANKNIFTY-III.NFO,04/12/2024,09:43:25,53692.6,53692.65,150,53710,60,0,34020
BANKNIFTY-III.NFO,04/12/2024,09:43:26,53692.6,53693.15,150,53710,30,0,34020
BANKNIFTY-III.NFO,04/12/2024,09:43:28,53692.6,53694.2,150,53710,30,0,34020
BANKNIFTY-III.NFO,04/12/2024,09:43:30,53692.6,53694.3,210,53710,30,0,34020
BANKNIFTY-III.NFO,04/12/2024,09:43:31,53692.6,53703.05,120,53710,30,0,34020
BANKNIFTY-III.NFO,04/12/2024,09:43:33,53692.6,53703.2,120,53710,30,0,34020
BANKNIFTY-III.NFO,04/12/2024,09:43:36,53692.6,53701.05,120,53710,30,0,34020
BANKNIFTY-III.NFO,04/12/2024,09:43:38,53710,53701.25,180,53715,30,30,34020
BANKNIFTY-III.NFO,04/12/2024,09:43:38,53710,53701.25,180,53715,30,0,34020
BANKNIFTY-III.NFO,04/12/2024,09:43:40,53710,53703.4,120,53715,30,0,34020
BANKNIFTY-III.NFO,04/12/2024,09:43:41,53710,53698.8,150,53715,30,0,34020
BANKNIFTY-III.NFO,04/12/2024,09:43:43,53710,53700.5,150,53715,30,0,34020
BANKNIFTY-III.NFO,04/12/2024,09:43:45,53710,53703.25,120,53715,30,0,34020
BANKNIFTY-III.NFO,04/12/2024,09:43:46,53710,53707.05,120,53715,30,0,34020
BANKNIFTY-III.NFO,04/12/2024,09:43:48,53710,53710.6,150,53715,30,0,34020
BANKNIFTY-III.NFO,04/12/2024,09:43:50,53710,53710.8,120,53715,30,0,34020
BANKNIFTY-III.NFO,04/12/2024,09:43:51,53715,53717.7,150,53720,120,30,34020
BANKNIFTY-III.NFO,04/12/2024,09:43:51,53715,53717.7,150,53720,120,0,34020
BANKNIFTY-III.NFO,04/12/2024,09:43:53,53715,53713.4,120,53720,120,0,34020
BANKNIFTY-III.NFO,04/12/2024,09:43:55,53715,53710.7,180,53720,120,0,34020
BANKNIFTY-III.NFO,04/12/2024,09:43:56,53715,53710.4,180,53720,120,0,34020
BANKNIFTY-III.NFO,04/12/2024,09:43:58,53715,53711.6,120,53720,120,0,34020
BANKNIFTY-III.NFO,04/12/2024,09:43:59,53715,53714.05,120,53720,120,0,34020
BANKNIFTY-III.NFO,04/12/2024,09:44:01,53715,53716.95,120,53720,120,0,34020
BANKNIFTY-III.NFO,04/12/2024,09:44:03,53715,53718.15,150,53720,120,0,34020
BANKNIFTY-III.NFO,04/12/2024,09:44:04,53715,53715.35,210,53720,120,0,34020
BANKNIFTY-III.NFO,04/12/2024,09:44:06,53715,53718.05,120,53720,120,0,34020
BANKNIFTY-III.NFO,04/12/2024,09:44:08,53720,53724.15,150,53730,30,120,34020
BANKNIFTY-III.NFO,04/12/2024,09:44:08,53720,53724.15,150,53730,30,0,34020
BANKNIFTY-III.NFO,04/12/2024,09:44:09,53720,53724.15,150,53730,30,0,34020
BANKNIFTY-III.NFO,04/12/2024,09:44:11,53720,53724.75,150,53730,30,0,34020
BANKNIFTY-III.NFO,04/12/2024,09:44:13,53726.45,53726.8,120,53730,30,30,34020
BANKNIFTY-III.NFO,04/12/2024,09:44:13,53726.45,53726.8,120,53730,30,0,34020
BANKNIFTY-III.NFO,04/12/2024,09:44:14,53726.8,53724.8,150,53730,30,30,34020
BANKNIFTY-III.NFO,04/12/2024,09:44:14,53726.8,53724.8,150,53730,30,0,34020
BANKNIFTY-III.NFO,04/12/2024,09:44:16,53734.5,53726.5,180,53734.5,390,60,34020
BANKNIFTY-III.NFO,04/12/2024,09:44:16,53734.5,53726.5,180,53734.5,390,0,34020
BANKNIFTY-III.NFO,04/12/2024,09:44:18,53734.5,53725.05,120,53734.5,390,0,34020
BANKNIFTY-III.NFO,04/12/2024,09:44:19,53734.5,53720.7,150,53734.5,390,0,34020
BANKNIFTY-III.NFO,04/12/2024,09:44:21,53734.5,53726.95,150,53734.5,390,0,34020
BANKNIFTY-III.NFO,04/12/2024,09:44:23,53734.5,53729,150,53734.5,390,0,34020
BANKNIFTY-III.NFO,04/12/2024,09:44:24,53734.5,53725.55,150,53734.5,390,0,34020
BANKNIFTY-III.NFO,04/12/2024,09:44:26,53734.5,53732.5,120,53734.5,390,0,34020
BANKNIFTY-III.NFO,04/12/2024,09:44:28,53734.5,53732.6,120,53734.5,390,0,34020
BANKNIFTY-III.NFO,04/12/2024,09:44:29,53734.5,53730,150,53734.5,390,0,34020
BANKNIFTY-III.NFO,04/12/2024,09:44:31,53734.5,53732.45,120,53734.5,390,0,34020
BANKNIFTY-III.NFO,04/12/2024,09:44:33,53734.5,53729.95,120,53734.5,390,0,34020
BANKNIFTY-III.NFO,04/12/2024,09:44:34,53734.5,53729.05,120,53734.5,390,0,34020
BANKNIFTY-III.NFO,04/12/2024,09:44:36,53734.5,53729.65,120,53734.5,390,0,34020
BANKNIFTY-III.NFO,04/12/2024,09:44:38,53734.5,53730.25,180,53734.5,390,0,34020
BANKNIFTY-III.NFO,04/12/2024,09:44:39,53734.5,53727.05,120,53734.5,390,0,34020
BANKNIFTY-III.NFO,04/12/2024,09:44:41,53734.5,53728,60,53734.5,390,0,34020
BANKNIFTY-III.NFO,04/12/2024,09:44:43,53734.5,53728.75,120,53734.5,390,0,34020
BANKNIFTY-III.NFO,04/12/2024,09:44:44,53734.5,53729.75,120,53734.5,390,0,34020
BANKNIFTY-III.NFO,04/12/2024,09:44:46,53734.5,53730.85,120,53734.5,390,0,34020
BANKNIFTY-III.NFO,04/12/2024,09:44:47,53734.5,53727.2,120,53734.5,390,0,34020
BANKNIFTY-III.NFO,04/12/2024,09:44:49,53734.5,53729.35,120,53734.5,390,0,34020
BANKNIFTY-III.NFO,04/12/2024,09:44:51,53734.5,53729.65,150,53734.5,390,0,34020
BANKNIFTY-III.NFO,04/12/2024,09:44:52,53734.5,53729.65,120,53734.5,390,0,34020
BANKNIFTY-III.NFO,04/12/2024,09:44:54,53734.5,53729.95,150,53734.5,390,0,34020
BANKNIFTY-III.NFO,04/12/2024,09:44:55,53734.5,53728.4,120,53734.5,390,0,34020
BANKNIFTY-III.NFO,04/12/2024,09:44:57,53740,53729.35,120,53740,150,750,34020
BANKNIFTY-III.NFO,04/12/2024,09:44:57,53740,53729.35,120,53740,150,0,34020
BANKNIFTY-III.NFO,04/12/2024,09:45:00,53740,53743.3,120,53749.9,30,180,34020
BANKNIFTY-III.NFO,04/12/2024,09:45:01,53740,53740.55,60,53749.9,30,0,34020
BANKNIFTY-III.NFO,04/12/2024,09:45:03,53740,53744.45,120,53749.9,30,0,34020
BANKNIFTY-III.NFO,04/12/2024,09:45:05,53740,53743.5,180,53749.9,30,0,34020
BANKNIFTY-III.NFO,04/12/2024,09:45:06,53740,53741.5,120,53749.9,30,0,34020
BANKNIFTY-III.NFO,04/12/2024,09:45:08,53740,53738.7,150,53749.9,30,0,34020
BANKNIFTY-III.NFO,04/12/2024,09:45:10,53740,53742.3,120,53749.9,30,0,34020
BANKNIFTY-III.NFO,04/12/2024,09:45:11,53740,53740.6,90,53749.9,30,0,34020
BANKNIFTY-III.NFO,04/12/2024,09:45:13,53740,53744,30,53749.85,60,0,34020
BANKNIFTY-III.NFO,04/12/2024,09:45:21,53740,53744,30,53749.9,30,0,34020
BANKNIFTY-III.NFO,04/12/2024,09:45:22,53756.5,53744,60,53763.3,30,360,34020
BANKNIFTY-III.NFO,04/12/2024,09:45:22,53756.5,53744,60,53763.3,30,0,34020
BANKNIFTY-III.NFO,04/12/2024,09:45:24,53756.5,53746.95,60,53770.8,90,0,34020
BANKNIFTY-III.NFO,04/12/2024,09:45:26,53756.5,53747.05,60,53770.8,90,0,34020
BANKNIFTY-III.NFO,04/12/2024,09:45:27,53756.5,53760,30,53775.9,90,30,34020
BANKNIFTY-III.NFO,04/12/2024,09:45:29,53756.5,53760,30,53775.9,90,0,34020
BANKNIFTY-III.NFO,04/12/2024,09:45:31,53756.5,53760,60,53781.7,90,0,34020
BANKNIFTY-III.NFO,04/12/2024,09:45:32,53756.5,53760.05,60,53786.7,90,0,34020
BANKNIFTY-III.NFO,04/12/2024,09:45:34,53756.5,53762.45,60,53788.2,90,0,34020
BANKNIFTY-III.NFO,04/12/2024,09:45:35,53756.5,53770,60,53794.6,90,0,34020
BANKNIFTY-III.NFO,04/12/2024,09:45:39,53770,53762.85,60,53794.6,90,60,34020
BANKNIFTY-III.NFO,04/12/2024,09:45:39,53770,53762.85,60,53794.6,90,0,34020
BANKNIFTY-III.NFO,04/12/2024,09:45:40,53794.6,53762.8,90,53795.2,60,120,34020
BANKNIFTY-III.NFO,04/12/2024,09:45:40,53794.6,53762.8,90,53795.2,60,0,34020
BANKNIFTY-III.NFO,04/12/2024,09:45:42,53794.6,53765,90,53795.2,60,0,34020
BANKNIFTY-III.NFO,04/12/2024,09:45:43,53794.6,53763.1,90,53795.2,60,0,34020
BANKNIFTY-III.NFO,04/12/2024,09:45:45,53794.6,53760.6,90,53795.2,60,0,34020
BANKNIFTY-III.NFO,04/12/2024,09:45:47,53794.6,53764.7,90,53795.2,60,0,34020
BANKNIFTY-III.NFO,04/12/2024,09:45:48,53794.6,53761.2,90,53795.2,60,0,34020
BANKNIFTY-III.NFO,04/12/2024,09:45:50,53761.2,53764.4,60,53795.2,60,30,34020
BANKNIFTY-III.NFO,04/12/2024,09:45:51,53761.2,53763.9,60,53795.2,60,0,34020
BANKNIFTY-III.NFO,04/12/2024,09:45:53,53761.2,53760,30,53795.2,60,0,34020
BANKNIFTY-III.NFO,04/12/2024,09:45:55,53761.2,53760.05,60,53795.2,60,0,34020
BANKNIFTY-III.NFO,04/12/2024,09:45:56,53761.2,53760,480,53794.6,90,0,34020
BANKNIFTY-III.NFO,04/12/2024,09:46:00,53761.2,53761.35,60,53794,30,0,34020
BANKNIFTY-III.NFO,04/12/2024,09:46:01,53761.2,53762.65,60,53790,30,0,34020
BANKNIFTY-III.NFO,04/12/2024,09:46:03,53761.2,53761.05,60,53790,30,0,34020
BANKNIFTY-III.NFO,04/12/2024,09:46:05,53761.2,53762.45,60,53790,30,0,34020
BANKNIFTY-III.NFO,04/12/2024,09:46:06,53761.2,53770,300,53790,60,0,34020
BANKNIFTY-III.NFO,04/12/2024,09:46:13,53796.7,53770,300,53796.65,60,480,34230
BANKNIFTY-III.NFO,04/12/2024,09:46:13,53796.7,53770,300,53796.65,60,0,34230
BANKNIFTY-III.NFO,04/12/2024,09:46:14,53796.7,53770,300,53796.65,60,0,34230
BANKNIFTY-III.NFO,04/12/2024,09:46:16,53796.7,53770,300,53799.95,60,0,34230
BANKNIFTY-III.NFO,04/12/2024,09:46:19,53796.7,53770,300,53799.9,30,0,34230
BANKNIFTY-III.NFO,04/12/2024,09:46:21,53796.7,53770,300,53799.8,30,0,34230
BANKNIFTY-III.NFO,04/12/2024,09:46:23,53796.7,53770,300,53799.7,30,0,34230
BANKNIFTY-III.NFO,04/12/2024,09:46:24,53796.7,53770,300,53799.6,30,0,34230
BANKNIFTY-III.NFO,04/12/2024,09:46:26,53796.7,53770,300,53799.5,30,0,34230
BANKNIFTY-III.NFO,04/12/2024,09:46:28,53799.45,53770,300,53799.4,30,90,34230
BANKNIFTY-III.NFO,04/12/2024,09:46:28,53799.45,53770,300,53799.4,30,0,34230
BANKNIFTY-III.NFO,04/12/2024,09:46:30,53799.45,53770,300,53799.3,30,0,34230
BANKNIFTY-III.NFO,04/12/2024,09:46:31,53799.45,53770,300,53799.2,30,0,34230
BANKNIFTY-III.NFO,04/12/2024,09:46:33,53799.45,53770.05,60,53799.1,30,0,34230
BANKNIFTY-III.NFO,04/12/2024,09:46:35,53799.45,53770.05,60,53799,30,0,34230
BANKNIFTY-III.NFO,04/12/2024,09:46:36,53799.45,53770,300,53798.9,30,0,34230
BANKNIFTY-III.NFO,04/12/2024,09:46:38,53799.45,53770.05,60,53798.8,30,0,34230
BANKNIFTY-III.NFO,04/12/2024,09:46:39,53799.45,53770.05,60,53798.7,30,0,34230
BANKNIFTY-III.NFO,04/12/2024,09:46:41,53799.45,53770.05,90,53794.75,30,0,34230
BANKNIFTY-III.NFO,04/12/2024,09:46:43,53799.45,53770.05,90,53794.65,30,0,34230
BANKNIFTY-III.NFO,04/12/2024,09:46:44,53799.45,53770.05,90,53794.6,60,0,34230
BANKNIFTY-III.NFO,04/12/2024,09:46:49,53799.45,53775.05,90,53794.55,30,0,34230
BANKNIFTY-III.NFO,04/12/2024,09:46:51,53799.45,53775.05,90,53794.45,30,0,34230
BANKNIFTY-III.NFO,04/12/2024,09:46:53,53799.45,53775.05,90,53794.35,30,0,34230
BANKNIFTY-III.NFO,04/12/2024,09:46:54,53799.45,53775.05,90,53794.25,30,0,34230
BANKNIFTY-III.NFO,04/12/2024,09:46:56,53794.15,53775.05,90,53794.2,60,30,34230
BANKNIFTY-III.NFO,04/12/2024,09:46:58,53794.15,53775.05,90,53794.8,30,0,34230
BANKNIFTY-III.NFO,04/12/2024,09:46:59,53794.15,53780.05,60,53794.75,30,0,34230
BANKNIFTY-III.NFO,04/12/2024,09:47:00,53794.15,53780.05,90,53794.8,30,0,34230
BANKNIFTY-III.NFO,04/12/2024,09:47:13,53790.05,53790.05,30,53794.8,30,30,34230
BANKNIFTY-III.NFO,04/12/2024,09:47:14,53790.05,53790.05,30,53794.8,30,30,34230
BANKNIFTY-III.NFO,04/12/2024,09:47:16,53790.05,53790.05,30,53794.8,30,0,34230
BANKNIFTY-III.NFO,04/12/2024,09:47:17,53790,53790,60,53794.8,30,60,34230
BANKNIFTY-III.NFO,04/12/2024,09:47:19,53790,53790,30,53790.05,30,0,34230
BANKNIFTY-III.NFO,04/12/2024,09:47:20,53790,53781.55,30,53790.05,30,30,34230
BANKNIFTY-III.NFO,04/12/2024,09:47:22,53790,53781.55,30,53790.05,30,0,34230
BANKNIFTY-III.NFO,04/12/2024,09:47:23,53790.05,53781.65,30,53794.8,30,30,34230
BANKNIFTY-III.NFO,04/12/2024,09:47:25,53790.05,53781.55,30,53794.8,30,0,34230
BANKNIFTY-III.NFO,04/12/2024,09:47:28,53790.05,53783.45,30,53794.8,30,0,34230
BANKNIFTY-III.NFO,04/12/2024,09:47:29,53790.05,53783.65,30,53794.8,30,0,34230
BANKNIFTY-III.NFO,04/12/2024,09:47:39,53790.05,53783.85,30,53794.8,30,0,34230
BANKNIFTY-III.NFO,04/12/2024,09:47:40,53790.05,53790.1,30,53794.8,30,0,34230
BANKNIFTY-III.NFO,04/12/2024,09:47:42,53790.05,53789.95,30,53794.8,30,0,34230
BANKNIFTY-III.NFO,04/12/2024,09:47:47,53790.05,53785.3,120,53794.8,30,0,34230
BANKNIFTY-III.NFO,04/12/2024,09:47:49,53790.05,53788.55,30,53794.8,30,0,34230
BANKNIFTY-III.NFO,04/12/2024,09:47:50,53790.05,53784.05,30,53790.05,60,0,34230
BANKNIFTY-III.NFO,04/12/2024,09:47:52,53790.05,53783.05,60,53790.05,60,0,34230
BANKNIFTY-III.NFO,04/12/2024,09:47:53,53790.05,53782.45,30,53790.05,60,0,34230
BANKNIFTY-III.NFO,04/12/2024,09:47:55,53790.05,53782.05,30,53790.05,60,0,34230
BANKNIFTY-III.NFO,04/12/2024,09:47:56,53790.05,53781.65,30,53790.05,60,0,34230
BANKNIFTY-III.NFO,04/12/2024,09:47:58,53790.05,53782.35,30,53790.05,60,0,34230
BANKNIFTY-III.NFO,04/12/2024,09:47:59,53790.05,53784,30,53790.05,90,0,34230
BANKNIFTY-III.NFO,04/12/2024,09:48:01,53790.05,53782.6,90,53790.05,120,0,34230
BANKNIFTY-III.NFO,04/12/2024,09:48:03,53783,53783,30,53790.05,120,30,34230
BANKNIFTY-III.NFO,04/12/2024,09:48:04,53783,53784,30,53790.05,120,0,34230
BANKNIFTY-III.NFO,04/12/2024,09:48:06,53783,53782.65,30,53790.05,120,0,34230
BANKNIFTY-III.NFO,04/12/2024,09:48:08,53782.5,53781.6,60,53790.05,30,90,34230
BANKNIFTY-III.NFO,04/12/2024,09:48:09,53782.5,53790,300,53790.05,30,0,34230
BANKNIFTY-III.NFO,04/12/2024,09:48:16,53790,53790,270,53790.05,30,30,34230
BANKNIFTY-III.NFO,04/12/2024,09:48:17,53790,53790,270,53790.05,30,0,34230
BANKNIFTY-III.NFO,04/12/2024,09:48:19,53790,53790,180,53790.05,30,90,34230
BANKNIFTY-III.NFO,04/12/2024,09:48:21,53790,53790,180,53790.05,30,0,34230
BANKNIFTY-III.NFO,04/12/2024,09:48:24,53790,53790,210,53790.05,30,0,34230
BANKNIFTY-III.NFO,04/12/2024,09:48:33,53790,53790,120,53790.05,30,90,34230
BANKNIFTY-III.NFO,04/12/2024,09:48:34,53790,53790,90,53790.05,30,30,34230
BANKNIFTY-III.NFO,04/12/2024,09:48:36,53790,53790,60,53790.05,30,30,34230
BANKNIFTY-III.NFO,04/12/2024,09:48:38,53790,53790,60,53790.05,30,0,34230
BANKNIFTY-III.NFO,04/12/2024,09:48:41,53790.05,53791,30,53794.8,30,30,34230
BANKNIFTY-III.NFO,04/12/2024,09:48:42,53790.05,53791,30,53794.8,30,0,34230
BANKNIFTY-III.NFO,04/12/2024,09:48:54,53790.05,53790,60,53794.8,30,60,34230
BANKNIFTY-III.NFO,04/12/2024,09:48:55,53790.05,53790,60,53794.8,30,0,34230
BANKNIFTY-III.NFO,04/12/2024,09:48:59,53790.05,53790,30,53794.8,30,0,34230
BANKNIFTY-III.NFO,04/12/2024,09:49:02,53794.8,53790.05,30,53795,30,30,34620
BANKNIFTY-III.NFO,04/12/2024,09:49:04,53794.8,53790.05,30,53795,30,0,34620
BANKNIFTY-III.NFO,04/12/2024,09:49:05,53794.8,53790,30,53795,30,0,34620
BANKNIFTY-III.NFO,04/12/2024,09:49:22,53794.8,53790,30,53794.45,30,0,34620
BANKNIFTY-III.NFO,04/12/2024,09:49:31,53790,53783.95,30,53794.8,30,30,34620
BANKNIFTY-III.NFO,04/12/2024,09:49:33,53794.8,53784,30,53795,30,30,34620
BANKNIFTY-III.NFO,04/12/2024,09:49:35,53794.8,53784.1,90,53793.2,30,0,34620
BANKNIFTY-III.NFO,04/12/2024,09:49:36,53794.8,53784.2,30,53793.2,30,0,34620
BANKNIFTY-III.NFO,04/12/2024,09:49:38,53794.8,53786.8,30,53793.2,30,0,34620
BANKNIFTY-III.NFO,04/12/2024,09:49:39,53794.8,53783.05,30,53790,420,0,34620
BANKNIFTY-III.NFO,04/12/2024,09:49:41,53784,53783.95,60,53790,420,30,34620
BANKNIFTY-III.NFO,04/12/2024,09:49:44,53784,53783.95,60,53790,420,0,34620
BANKNIFTY-III.NFO,04/12/2024,09:49:46,53784,53783.05,60,53790,420,0,34620
BANKNIFTY-III.NFO,04/12/2024,09:49:51,53784,53783.05,90,53790,420,0,34620
BANKNIFTY-III.NFO,04/12/2024,09:49:56,53784,53783.05,90,53790,420,30,34620
BANKNIFTY-III.NFO,04/12/2024,09:49:57,53784,53783.05,90,53790,420,0,34620
BANKNIFTY-III.NFO,04/12/2024,09:50:00,53784,53784.05,60,53790,420,0,34620
BANKNIFTY-III.NFO,04/12/2024,09:50:04,53784,53784,30,53788.95,30,0,34620
BANKNIFTY-III.NFO,04/12/2024,09:50:09,53784,53783,30,53788.95,30,30,34620
BANKNIFTY-III.NFO,04/12/2024,09:50:10,53784,53783,30,53788.95,30,0,34620
BANKNIFTY-III.NFO,04/12/2024,09:50:12,53783,53780,30,53788.95,90,30,34620
BANKNIFTY-III.NFO,04/12/2024,09:50:13,53783,53780,30,53788.95,90,0,34620
BANKNIFTY-III.NFO,04/12/2024,09:50:17,53783,53780,30,53788.95,30,0,34620
BANKNIFTY-III.NFO,04/12/2024,09:50:22,53780,53763,60,53782.95,30,30,34620
BANKNIFTY-III.NFO,04/12/2024,09:50:23,53780,53763,60,53782.95,30,0,34620
BANKNIFTY-III.NFO,04/12/2024,09:50:25,53780,53763,90,53782.95,30,0,34620
BANKNIFTY-III.NFO,04/12/2024,09:50:26,53780,53763,60,53782.95,30,0,34620
BANKNIFTY-III.NFO,04/12/2024,09:50:28,53780,53780,60,53782.95,30,0,34620
BANKNIFTY-III.NFO,04/12/2024,09:50:36,53780,53780,60,53783,90,0,34620
BANKNIFTY-III.NFO,04/12/2024,09:50:40,53783,53780.05,60,53783,60,30,34620
BANKNIFTY-III.NFO,04/12/2024,09:50:41,53783,53780.05,60,53783,60,0,34620
BANKNIFTY-III.NFO,04/12/2024,09:50:43,53780.05,53780,60,53790,30,60,34620
BANKNIFTY-III.NFO,04/12/2024,09:50:44,53780.05,53780,60,53790,30,0,34620
BANKNIFTY-III.NFO,04/12/2024,09:50:46,53790,53780.05,90,53793.2,30,30,34620
BANKNIFTY-III.NFO,04/12/2024,09:50:48,53790,53780.05,90,53793.2,30,0,34620
BANKNIFTY-III.NFO,04/12/2024,09:50:58,53790,53780.05,90,53790,30,0,34620
BANKNIFTY-III.NFO,04/12/2024,09:51:02,53790,53781.05,60,53790,60,30,34620
BANKNIFTY-III.NFO,04/12/2024,09:51:03,53790,53781.05,60,53790,60,0,34620
BANKNIFTY-III.NFO,04/12/2024,09:51:08,53781.05,53781,60,53793.2,30,60,34620
BANKNIFTY-III.NFO,04/12/2024,09:51:10,53781.05,53781,120,53799,30,0,34620
BANKNIFTY-III.NFO,04/12/2024,09:51:18,53799,53781.05,90,53800,90,30,34620
BANKNIFTY-III.NFO,04/12/2024,09:51:19,53799,53781.15,90,53800,90,0,34620
BANKNIFTY-III.NFO,04/12/2024,09:51:21,53803.2,53781.3,120,53814,30,120,34620
BANKNIFTY-III.NFO,04/12/2024,09:51:21,53803.2,53781.3,120,53814,30,0,34620
BANKNIFTY-III.NFO,04/12/2024,09:51:23,53803.2,53781.4,90,53814,30,0,34620
BANKNIFTY-III.NFO,04/12/2024,09:51:24,53803.2,53781.5,90,53814,30,0,34620
BANKNIFTY-III.NFO,04/12/2024,09:51:26,53803.2,53781.6,90,53814,30,0,34620
BANKNIFTY-III.NFO,04/12/2024,09:51:28,53803.2,53781.7,150,53814,30,0,34620
BANKNIFTY-III.NFO,04/12/2024,09:51:29,53803.2,53781.8,150,53814,30,0,34620
BANKNIFTY-III.NFO,04/12/2024,09:51:31,53803.2,53800,60,53813.95,60,0,34620
BANKNIFTY-III.NFO,04/12/2024,09:51:33,53803.2,53800,60,53814,30,0,34620
BANKNIFTY-III.NFO,04/12/2024,09:51:36,53803.2,53803,60,53814,30,0,34620
BANKNIFTY-III.NFO,04/12/2024,09:51:38,53803.2,53803,60,53814,30,30,34620
BANKNIFTY-III.NFO,04/12/2024,09:51:39,53803.2,53810,60,53814,30,0,34620
BANKNIFTY-III.NFO,04/12/2024,09:51:46,53803.2,53810,60,53813.95,30,0,34620
BANKNIFTY-III.NFO,04/12/2024,09:51:48,53803.2,53810,60,53814,30,0,34620
BANKNIFTY-III.NFO,04/12/2024,09:51:51,53800,53781,90,53806.25,30,120,34620
BANKNIFTY-III.NFO,04/12/2024,09:51:51,53810,53781,90,53806.25,30,0,34620
BANKNIFTY-III.NFO,04/12/2024,09:51:53,53800,53781,90,53803.05,30,0,34620
BANKNIFTY-III.NFO,04/12/2024,09:51:54,53800,53780.05,90,53799.8,60,0,34620
BANKNIFTY-III.NFO,04/12/2024,09:51:56,53800,53780.05,90,53802.5,30,0,34620
BANKNIFTY-III.NFO,04/12/2024,09:51:58,53800,53780.05,90,53799.55,60,0,34620
BANKNIFTY-III.NFO,04/12/2024,09:51:59,53800,53780.05,90,53798.85,60,0,34620
BANKNIFTY-III.NFO,04/12/2024,09:52:00,53780,53780,120,53793.95,60,30,34620
BANKNIFTY-III.NFO,04/12/2024,09:52:02,53780,53780,90,53793.95,60,30,34590
BANKNIFTY-III.NFO,04/12/2024,09:52:04,53780,53780,120,53796.95,30,0,34590
BANKNIFTY-III.NFO,04/12/2024,09:52:05,53799.65,53780,120,53795.8,30,30,34590
BANKNIFTY-III.NFO,04/12/2024,09:52:07,53799.65,53780.05,30,53799.65,30,0,34590
BANKNIFTY-III.NFO,04/12/2024,09:52:09,53799.65,53780,120,53798.25,90,0,34590
BANKNIFTY-III.NFO,04/12/2024,09:52:10,53799.65,53780,120,53796.45,30,0,34590
BANKNIFTY-III.NFO,04/12/2024,09:52:12,53799.65,53780,120,53795.15,30,0,34590
BANKNIFTY-III.NFO,04/12/2024,09:52:14,53799.65,53780,120,53797.45,30,0,34590
BANKNIFTY-III.NFO,04/12/2024,09:52:15,53799.65,53780,120,53797.05,30,0,34590
BANKNIFTY-III.NFO,04/12/2024,09:52:17,53799.65,53780.05,90,53799.4,30,0,34590
BANKNIFTY-III.NFO,04/12/2024,09:52:19,53799.65,53780.05,90,53804.8,30,0,34590
BANKNIFTY-III.NFO,04/12/2024,09:52:20,53799.65,53780.05,90,53800.85,30,0,34590
BANKNIFTY-III.NFO,04/12/2024,09:52:22,53799.65,53780.05,90,53803.35,30,0,34590
BANKNIFTY-III.NFO,04/12/2024,09:52:25,53799.65,53780.05,90,53802.85,30,0,34590
BANKNIFTY-III.NFO,04/12/2024,09:52:27,53799.65,53780.05,90,53801.35,60,0,34590
BANKNIFTY-III.NFO,04/12/2024,09:52:29,53799.65,53780.25,90,53808.45,30,0,34590
BANKNIFTY-III.NFO,04/12/2024,09:52:30,53799.65,53780.25,90,53810.35,30,0,34590
BANKNIFTY-III.NFO,04/12/2024,09:52:32,53799.65,53780.25,90,53809.85,30,0,34590
BANKNIFTY-III.NFO,04/12/2024,09:52:34,53799.65,53780.25,90,53808.85,30,0,34590
BANKNIFTY-III.NFO,04/12/2024,09:52:35,53799.65,53780.35,90,53807.25,30,0,34590
BANKNIFTY-III.NFO,04/12/2024,09:52:37,53808.6,53787.75,30,53810.9,90,30,34590
BANKNIFTY-III.NFO,04/12/2024,09:52:39,53808.6,53791.95,30,53813.45,30,0,34590
BANKNIFTY-III.NFO,04/12/2024,09:52:40,53808.6,53808.6,30,53814,30,0,34590
BANKNIFTY-III.NFO,04/12/2024,09:52:47,53814,53798.45,30,53816.95,30,30,34590
BANKNIFTY-III.NFO,04/12/2024,09:52:47,53814,53798.45,30,53816.95,30,0,34590
BANKNIFTY-III.NFO,04/12/2024,09:52:49,53814,53796.1,30,53815.55,60,0,34590
BANKNIFTY-III.NFO,04/12/2024,09:52:50,53814,53796.6,30,53816.85,30,0,34590
BANKNIFTY-III.NFO,04/12/2024,09:52:52,53814,53798.3,30,53817.95,30,0,34590
BANKNIFTY-III.NFO,04/12/2024,09:52:54,53814,53800.05,30,53817.85,30,0,34590
BANKNIFTY-III.NFO,04/12/2024,09:52:57,53814,53800.05,30,53819.4,30,0,34590
BANKNIFTY-III.NFO,04/12/2024,09:52:59,53814,53800.05,30,53822.9,60,0,34590
BANKNIFTY-III.NFO,04/12/2024,09:53:01,53814,53800.05,30,53820.85,30,0,34590
BANKNIFTY-III.NFO,04/12/2024,09:53:03,53814,53800.05,30,53821.85,30,0,34590
BANKNIFTY-III.NFO,04/12/2024,09:53:06,53814,53801.5,60,53822.9,30,0,34590
BANKNIFTY-III.NFO,04/12/2024,09:53:08,53814,53805.3,30,53824.95,30,0,34590
BANKNIFTY-III.NFO,04/12/2024,09:53:09,53814,53805.75,30,53824.95,30,0,34590
BANKNIFTY-III.NFO,04/12/2024,09:53:11,53814,53805.7,30,53822.85,30,0,34590
BANKNIFTY-III.NFO,04/12/2024,09:53:13,53814,53805.7,30,53822.75,90,0,34590
BANKNIFTY-III.NFO,04/12/2024,09:53:14,53814,53805.7,30,53822.4,30,0,34590
BANKNIFTY-III.NFO,04/12/2024,09:53:16,53814,53810,30,53821.9,30,0,34590
BANKNIFTY-III.NFO,04/12/2024,09:53:18,53814,53810,30,53822.3,30,0,34590
BANKNIFTY-III.NFO,04/12/2024,09:53:19,53814,53810,30,53819.3,60,0,34590
BANKNIFTY-III.NFO,04/12/2024,09:53:21,53814,53810,30,53820.4,60,0,34590
BANKNIFTY-III.NFO,04/12/2024,09:53:22,53814,53810,30,53819.05,30,0,34590
BANKNIFTY-III.NFO,04/12/2024,09:53:24,53814,53810,30,53818.45,30,0,34590
BANKNIFTY-III.NFO,04/12/2024,09:53:26,53814,53814,120,53822.2,30,0,34590
BANKNIFTY-III.NFO,04/12/2024,09:53:27,53814,53814,120,53822.7,30,0,34590
BANKNIFTY-III.NFO,04/12/2024,09:53:30,53814,53814,120,53823.85,90,0,34590
BANKNIFTY-III.NFO,04/12/2024,09:53:32,53814,53814,120,53824.95,30,0,34590
BANKNIFTY-III.NFO,04/12/2024,09:53:34,53814,53814,150,53824.95,30,0,34590
BANKNIFTY-III.NFO,04/12/2024,09:53:35,53814,53822,120,53824.95,30,0,34590
BANKNIFTY-III.NFO,04/12/2024,09:53:37,53824.95,53822,120,53825,30,30,34590
BANKNIFTY-III.NFO,04/12/2024,09:53:37,53824.95,53822,120,53825,30,0,34590
BANKNIFTY-III.NFO,04/12/2024,09:53:39,53824.95,53822,120,53825,30,0,34590
BANKNIFTY-III.NFO,04/12/2024,09:53:40,53822,53822,60,53825,30,60,34590
BANKNIFTY-III.NFO,04/12/2024,09:53:42,53822,53822,60,53825,30,0,34590
BANKNIFTY-III.NFO,04/12/2024,09:53:43,53822,53822,30,53825,30,30,34590
BANKNIFTY-III.NFO,04/12/2024,09:53:47,53825,53822.05,60,53830,30,30,34590
BANKNIFTY-III.NFO,04/12/2024,09:53:47,53825,53822.05,60,53830,30,0,34590
BANKNIFTY-III.NFO,04/12/2024,09:53:48,53825,53822.05,60,53830,30,0,34590
BANKNIFTY-III.NFO,04/12/2024,09:53:51,53830,53822.05,60,53839.85,60,30,34590
BANKNIFTY-III.NFO,04/12/2024,09:53:51,53830,53822.05,60,53839.85,60,0,34590
BANKNIFTY-III.NFO,04/12/2024,09:53:53,53830,53822.05,60,53839.85,60,0,34590
BANKNIFTY-III.NFO,04/12/2024,09:53:58,53830,53822.1,30,53839.85,60,0,34590
BANKNIFTY-III.NFO,04/12/2024,09:54:00,53830,53830,60,53840,30,0,34590
BANKNIFTY-III.NFO,04/12/2024,09:54:01,53830,53830,150,53840,30,0,34590
BANKNIFTY-III.NFO,04/12/2024,09:54:05,53830,53830,120,53839.95,60,0,34590
BANKNIFTY-III.NFO,04/12/2024,09:54:06,53830,53830,90,53840,30,30,34590
BANKNIFTY-III.NFO,04/12/2024,09:54:14,53830,53830.05,30,53840,30,0,34590
BANKNIFTY-III.NFO,04/12/2024,09:54:16,53840,53838.35,60,53849.9,30,30,34590
BANKNIFTY-III.NFO,04/12/2024,09:54:16,53840,53838.35,60,53849.9,30,0,34590
BANKNIFTY-III.NFO,04/12/2024,09:54:18,53840,53838.35,60,53849.9,30,0,34590
BANKNIFTY-III.NFO,04/12/2024,09:54:23,53842.95,53842.95,30,53849.9,30,30,34590
BANKNIFTY-III.NFO,04/12/2024,09:54:23,53842.95,53842.95,30,53849.9,30,0,34590
BANKNIFTY-III.NFO,04/12/2024,09:54:24,53850,53844,30,53863.15,90,60,34590
BANKNIFTY-III.NFO,04/12/2024,09:54:24,53850,53844,30,53863.15,90,0,34590
BANKNIFTY-III.NFO,04/12/2024,09:54:26,53850,53845.6,30,53865.25,30,0,34590
BANKNIFTY-III.NFO,04/12/2024,09:54:27,53850,53845.6,30,53863,30,0,34590
BANKNIFTY-III.NFO,04/12/2024,09:54:29,53850,53845.6,30,53862.9,30,0,34590
BANKNIFTY-III.NFO,04/12/2024,09:54:31,53850,53845.55,30,53863.75,30,0,34590
BANKNIFTY-III.NFO,04/12/2024,09:54:32,53863.9,53849.55,30,53873.3,90,120,34590
BANKNIFTY-III.NFO,04/12/2024,09:54:32,53863.9,53849.55,30,53873.3,90,0,34590
BANKNIFTY-III.NFO,04/12/2024,09:54:34,53849.55,53855.6,60,53877.75,120,30,34590
BANKNIFTY-III.NFO,04/12/2024,09:54:36,53849.55,53857.8,60,53880.7,120,0,34590
BANKNIFTY-III.NFO,04/12/2024,09:54:37,53849.55,53859.1,90,53880.7,120,0,34590
BANKNIFTY-III.NFO,04/12/2024,09:54:39,53849.55,53854.65,60,53880.7,120,0,34590
BANKNIFTY-III.NFO,04/12/2024,09:54:42,53849.55,53854.65,60,53874.95,60,0,34590
BANKNIFTY-III.NFO,04/12/2024,09:54:44,53849.55,53856.35,60,53874.95,60,0,34590
BANKNIFTY-III.NFO,04/12/2024,09:54:45,53849.55,53858.95,90,53874.95,30,0,34590
BANKNIFTY-III.NFO,04/12/2024,09:54:47,53849.55,53859.95,60,53874.95,30,0,34590
BANKNIFTY-III.NFO,04/12/2024,09:54:52,53849.55,53850.1,30,53874.95,120,0,34590
BANKNIFTY-III.NFO,04/12/2024,09:54:54,53849.55,53854.15,60,53874.95,120,0,34590
BANKNIFTY-III.NFO,04/12/2024,09:54:55,53849.55,53854.15,90,53874.95,120,0,34590
BANKNIFTY-III.NFO,04/12/2024,09:54:57,53849.55,53854.15,30,53874.95,120,0,34590
BANKNIFTY-III.NFO,04/12/2024,09:55:00,53849.55,53850,120,53874.85,90,0,34590
BANKNIFTY-III.NFO,04/12/2024,09:55:02,53849.55,53850,120,53874.75,90,0,34590
BANKNIFTY-III.NFO,04/12/2024,09:55:04,53849.55,53850,120,53874.65,120,0,34590
BANKNIFTY-III.NFO,04/12/2024,09:55:05,53850,53850,90,53874.55,90,30,34740
BANKNIFTY-III.NFO,04/12/2024,09:55:07,53850,53850,90,53874.45,90,0,34740
BANKNIFTY-III.NFO,04/12/2024,09:55:08,53850,53850,90,53874.35,120,0,34740
BANKNIFTY-III.NFO,04/12/2024,09:55:10,53850,53850,90,53874.05,120,0,34740
BANKNIFTY-III.NFO,04/12/2024,09:55:12,53850,53850,90,53873.85,90,0,34740
BANKNIFTY-III.NFO,04/12/2024,09:55:13,53850,53850,90,53873.75,120,0,34740
BANKNIFTY-III.NFO,04/12/2024,09:55:15,53850,53850,60,53873.45,120,0,34740
BANKNIFTY-III.NFO,04/12/2024,09:55:17,53850,53850,60,53873.35,90,0,34740
BANKNIFTY-III.NFO,04/12/2024,09:55:18,53850,53850,60,53873.15,120,0,34740
BANKNIFTY-III.NFO,04/12/2024,09:55:20,53850,53850,60,53872.95,90,0,34740
BANKNIFTY-III.NFO,04/12/2024,09:55:22,53850,53850,60,53872.65,90,0,34740
BANKNIFTY-III.NFO,04/12/2024,09:55:23,53850,53850,60,53872.35,90,0,34740
BANKNIFTY-III.NFO,04/12/2024,09:55:25,53850,53850.05,60,53872.15,90,0,34740
BANKNIFTY-III.NFO,04/12/2024,09:55:27,53850.05,53850.05,30,53872.05,120,30,34740
BANKNIFTY-III.NFO,04/12/2024,09:55:28,53850.05,53850,180,53871.95,90,0,34740
BANKNIFTY-III.NFO,04/12/2024,09:55:30,53850.05,53850,180,53871.85,90,0,34740
BANKNIFTY-III.NFO,04/12/2024,09:55:32,53850.05,53850,180,53871.55,90,0,34740
BANKNIFTY-III.NFO,04/12/2024,09:55:33,53871.35,53850.05,60,53871.1,90,30,34740
BANKNIFTY-III.NFO,04/12/2024,09:55:33,53871.35,53850.05,60,53871.1,90,0,34740
BANKNIFTY-III.NFO,04/12/2024,09:55:35,53871.35,53850.05,60,53869.95,60,0,34740
BANKNIFTY-III.NFO,04/12/2024,09:55:37,53871.35,53850.05,30,53869.85,30,0,34740
BANKNIFTY-III.NFO,04/12/2024,09:55:38,53871.35,53850.05,30,53869.75,30,0,34740
BANKNIFTY-III.NFO,04/12/2024,09:55:40,53871.35,53850.05,30,53869.6,30,0,34740
BANKNIFTY-III.NFO,04/12/2024,09:55:42,53871.35,53850.05,30,53869.5,30,0,34740
BANKNIFTY-III.NFO,04/12/2024,09:55:43,53871.35,53850.05,30,53869.4,90,0,34740
BANKNIFTY-III.NFO,04/12/2024,09:55:45,53871.35,53850,150,53869.3,90,0,34740
BANKNIFTY-III.NFO,04/12/2024,09:55:47,53871.35,53850,150,53869.2,90,0,34740
BANKNIFTY-III.NFO,04/12/2024,09:55:48,53871.35,53850,150,53869.1,90,0,34740
BANKNIFTY-III.NFO,04/12/2024,09:55:50,53871.35,53850,150,53868.8,90,0,34740
BANKNIFTY-III.NFO,04/12/2024,09:55:52,53871.35,53850,150,53868.6,90,0,34740
BANKNIFTY-III.NFO,04/12/2024,09:55:53,53868.4,53850,150,53868.45,90,30,34740
BANKNIFTY-III.NFO,04/12/2024,09:55:55,53868.4,53850.05,30,53868.35,90,0,34740
BANKNIFTY-III.NFO,04/12/2024,09:55:56,53868.3,53850,150,53868.2,120,30,34740
BANKNIFTY-III.NFO,04/12/2024,09:55:58,53868.15,53850.05,30,53868.15,120,120,34740
BANKNIFTY-III.NFO,04/12/2024,09:56:00,53850,53850,150,53868.1,90,30,34740
BANKNIFTY-III.NFO,04/12/2024,09:56:02,53850,53850,150,53868.05,120,0,34740
BANKNIFTY-III.NFO,04/12/2024,09:56:03,53850,53850.05,30,53868.05,120,30,34740
BANKNIFTY-III.NFO,04/12/2024,09:56:05,53850,53850,120,53868,90,0,34740
BANKNIFTY-III.NFO,04/12/2024,09:56:07,53850,53850,60,53867.85,120,30,34740
BANKNIFTY-III.NFO,04/12/2024,09:56:08,53850,53822.05,30,53832,30,60,34740
BANKNIFTY-III.NFO,04/12/2024,09:56:10,53822.05,53822.05,30,53837.1,30,30,34740
BANKNIFTY-III.NFO,04/12/2024,09:56:12,53822.05,53822.05,30,53837.05,60,0,34740
BANKNIFTY-III.NFO,04/12/2024,09:56:13,53822.05,53822.05,60,53843.5,90,0,34740
BANKNIFTY-III.NFO,04/12/2024,09:56:18,53822.05,53822.05,60,53843.45,150,0,34740
BANKNIFTY-III.NFO,04/12/2024,09:56:20,53822.05,53822.05,30,53843.25,90,0,34740
BANKNIFTY-III.NFO,04/12/2024,09:56:22,53822.05,53822.05,60,53843.2,90,0,34740
BANKNIFTY-III.NFO,04/12/2024,09:56:23,53822.05,53822.05,60,53843.15,90,0,34740
BANKNIFTY-III.NFO,04/12/2024,09:56:25,53822.05,53822.05,30,53843.05,90,0,34740
BANKNIFTY-III.NFO,04/12/2024,09:56:27,53822.05,53822.05,30,53842.95,90,0,34740
BANKNIFTY-III.NFO,04/12/2024,09:56:28,53822.05,53822.05,30,53842.65,90,0,34740
BANKNIFTY-III.NFO,04/12/2024,09:56:30,53822.05,53822.05,30,53842.55,90,0,34740
BANKNIFTY-III.NFO,04/12/2024,09:56:31,53822.05,53822.05,30,53842.45,90,0,34740
BANKNIFTY-III.NFO,04/12/2024,09:56:33,53822.05,53822.05,30,53842.35,90,0,34740
BANKNIFTY-III.NFO,04/12/2024,09:56:35,53822.05,53822.05,30,53842.15,90,0,34740
BANKNIFTY-III.NFO,04/12/2024,09:56:36,53822.05,53822,30,53841.85,90,30,34740
BANKNIFTY-III.NFO,04/12/2024,09:56:38,53822.05,53822,30,53841.55,90,0,34740
BANKNIFTY-III.NFO,04/12/2024,09:56:40,53822.05,53822,30,53841.35,90,0,34740
BANKNIFTY-III.NFO,04/12/2024,09:56:41,53822.05,53822,30,53841.25,90,0,34740
BANKNIFTY-III.NFO,04/12/2024,09:56:43,53822.05,53822,30,53841.05,90,0,34740
BANKNIFTY-III.NFO,04/12/2024,09:56:45,53822.05,53822,30,53840.95,90,0,34740
BANKNIFTY-III.NFO,04/12/2024,09:56:46,53822.05,53822,30,53840.85,90,0,34740
BANKNIFTY-III.NFO,04/12/2024,09:56:48,53822.05,53822,30,53840.75,90,0,34740
BANKNIFTY-III.NFO,04/12/2024,09:56:50,53822.05,53822.05,90,53840.65,90,0,34740
BANKNIFTY-III.NFO,04/12/2024,09:56:51,53822.05,53822.05,90,53840.55,90,0,34740
BANKNIFTY-III.NFO,04/12/2024,09:56:53,53822.05,53822.05,90,53840.45,90,0,34740
BANKNIFTY-III.NFO,04/12/2024,09:56:55,53822.05,53822.05,90,53840.35,90,0,34740
BANKNIFTY-III.NFO,04/12/2024,09:56:56,53822.05,53822.05,120,53840.3,60,0,34740
BANKNIFTY-III.NFO,04/12/2024,09:56:58,53844.95,53823.1,30,53853.3,90,300,34740
BANKNIFTY-III.NFO,04/12/2024,09:56:59,53844.95,53823.1,30,53853,90,0,34740
BANKNIFTY-III.NFO,04/12/2024,09:57:01,53844.95,53822.4,30,53852.8,90,0,34740
BANKNIFTY-III.NFO,04/12/2024,09:57:03,53844.95,53822.4,30,53852.5,90,0,34740
BANKNIFTY-III.NFO,04/12/2024,09:57:04,53844.95,53822.4,30,53852.2,90,0,34740
BANKNIFTY-III.NFO,04/12/2024,09:57:06,53844.95,53822.35,30,53851.9,90,0,34740
BANKNIFTY-III.NFO,04/12/2024,09:57:08,53844.95,53822.35,30,53851.6,90,0,34740
BANKNIFTY-III.NFO,04/12/2024,09:57:09,53844.95,53822.35,30,53851.3,90,0,34740
BANKNIFTY-III.NFO,04/12/2024,09:57:11,53844.95,53822.35,30,53851.1,90,0,34740
BANKNIFTY-III.NFO,04/12/2024,09:57:12,53844.95,53822.35,30,53850.8,90,0,34740
BANKNIFTY-III.NFO,04/12/2024,09:57:14,53822.4,53822.35,30,53850.5,90,30,34740
BANKNIFTY-III.NFO,04/12/2024,09:57:16,53822.4,53822.35,30,53850.3,90,0,34740
BANKNIFTY-III.NFO,04/12/2024,09:57:17,53822.4,53822.35,90,53850,90,0,34740
BANKNIFTY-III.NFO,04/12/2024,09:57:19,53822,53805.55,30,53845,90,210,34740
BANKNIFTY-III.NFO,04/12/2024,09:57:21,53822,53780.2,60,53844.7,90,0,34740
BANKNIFTY-III.NFO,04/12/2024,09:57:22,53822,53780.05,60,53844.4,90,0,34740
BANKNIFTY-III.NFO,04/12/2024,09:57:24,53822,53780.05,60,53844.2,90,0,34740
BANKNIFTY-III.NFO,04/12/2024,09:57:26,53822,53780.05,60,53843.9,90,0,34740
BANKNIFTY-III.NFO,04/12/2024,09:57:27,53822,53780.05,60,53843.6,90,0,34740
BANKNIFTY-III.NFO,04/12/2024,09:57:29,53822,53780.05,60,53843.3,90,0,34740
BANKNIFTY-III.NFO,04/12/2024,09:57:31,53822,53780.05,60,53841.35,90,0,34740
BANKNIFTY-III.NFO,04/12/2024,09:57:32,53822,53780.05,60,53841.05,90,0,34740
BANKNIFTY-III.NFO,04/12/2024,09:57:34,53822,53780.05,60,53840.75,90,0,34740
BANKNIFTY-III.NFO,04/12/2024,09:57:36,53822,53780.05,60,53840.45,90,0,34740
BANKNIFTY-III.NFO,04/12/2024,09:57:37,53822,53780.05,60,53821.95,30,0,34740
BANKNIFTY-III.NFO,04/12/2024,09:57:39,53780,53775.05,60,53818.8,60,180,34740
BANKNIFTY-III.NFO,04/12/2024,09:57:41,53780,53775.05,60,53816.85,30,0,34740
BANKNIFTY-III.NFO,04/12/2024,09:57:42,53780,53775.05,60,53817.8,60,0,34740
BANKNIFTY-III.NFO,04/12/2024,09:57:46,53780,53775.05,60,53819.2,60,0,34740
BANKNIFTY-III.NFO,04/12/2024,09:57:47,53780,53775.05,60,53817.95,30,0,34740
BANKNIFTY-III.NFO,04/12/2024,09:57:49,53780,53775.05,60,53817.65,30,0,34740
BANKNIFTY-III.NFO,04/12/2024,09:57:51,53780,53780.05,60,53821.85,30,0,34740
BANKNIFTY-III.NFO,04/12/2024,09:57:52,53780,53780.05,60,53820.9,30,0,34740
BANKNIFTY-III.NFO,04/12/2024,09:57:54,53818.85,53782.3,30,53823.15,30,30,34740
BANKNIFTY-III.NFO,04/12/2024,09:57:56,53818.85,53786.5,30,53823.05,30,0,34740
BANKNIFTY-III.NFO,04/12/2024,09:57:57,53818.85,53785.2,30,53822.95,30,0,34740
BANKNIFTY-III.NFO,04/12/2024,09:57:59,53818.85,53788.2,30,53822.85,30,0,34740
BANKNIFTY-III.NFO,04/12/2024,09:58:01,53818.85,53788.2,30,53825.9,30,0,34740
BANKNIFTY-III.NFO,04/12/2024,09:58:02,53818.85,53800.05,30,53825.9,30,0,34740
BANKNIFTY-III.NFO,04/12/2024,09:58:06,53818.85,53800.05,30,53839.35,30,0,34740
BANKNIFTY-III.NFO,04/12/2024,09:58:07,53818.85,53800.05,30,53834.15,30,0,34740
BANKNIFTY-III.NFO,04/12/2024,09:58:09,53818.85,53800.05,30,53833,30,0,34740
BANKNIFTY-III.NFO,04/12/2024,09:58:10,53818.85,53800.05,30,53842.95,30,0,34740
BANKNIFTY-III.NFO,04/12/2024,09:58:12,53818.85,53826,150,53839.9,60,30,35100
BANKNIFTY-III.NFO,04/12/2024,09:58:14,53818.85,53826,150,53839.8,30,0,35100
BANKNIFTY-III.NFO,04/12/2024,09:58:15,53818.85,53826,180,53839.7,30,0,35100
BANKNIFTY-III.NFO,04/12/2024,09:58:17,53818.85,53826,180,53839.6,30,0,35100
BANKNIFTY-III.NFO,04/12/2024,09:58:19,53818.85,53826,180,53843.85,30,0,35100
BANKNIFTY-III.NFO,04/12/2024,09:58:20,53818.85,53826.05,30,53843.95,30,0,35100
BANKNIFTY-III.NFO,04/12/2024,09:58:22,53818.85,53840,150,53843.95,30,0,35100
BANKNIFTY-III.NFO,04/12/2024,09:58:24,53818.85,53840,180,53844,60,0,35100
BANKNIFTY-III.NFO,04/12/2024,09:58:25,53818.85,53840,150,53844,60,0,35100
BANKNIFTY-III.NFO,04/12/2024,09:58:32,53845,53845,60,53858.1,30,120,35100
BANKNIFTY-III.NFO,04/12/2024,09:58:34,53845,53845,60,53858,30,0,35100
BANKNIFTY-III.NFO,04/12/2024,09:58:35,53845,53845,60,53860.75,30,0,35100
BANKNIFTY-III.NFO,04/12/2024,09:58:37,53845,53845,60,53860.65,30,0,35100
BANKNIFTY-III.NFO,04/12/2024,09:58:39,53845,53845,30,53860.35,30,0,35100
BANKNIFTY-III.NFO,04/12/2024,09:58:40,53845,53845,30,53860.05,30,0,35100
BANKNIFTY-III.NFO,04/12/2024,09:58:42,53845,53845,30,53859.85,30,0,35100
BANKNIFTY-III.NFO,04/12/2024,09:58:44,53845,53845,30,53859.55,60,0,35100
BANKNIFTY-III.NFO,04/12/2024,09:58:45,53845,53845,30,53859.25,30,0,35100
BANKNIFTY-III.NFO,04/12/2024,09:58:47,53845,53845,30,53858.95,60,0,35100
BANKNIFTY-III.NFO,04/12/2024,09:58:48,53845,53845,30,53858.75,30,0,35100
BANKNIFTY-III.NFO,04/12/2024,09:58:50,53845,53845,60,53858.65,30,0,35100
BANKNIFTY-III.NFO,04/12/2024,09:58:52,53845,53845,60,53858.55,30,0,35100
BANKNIFTY-III.NFO,04/12/2024,09:58:53,53845,53845,60,53858.45,30,0,35100
BANKNIFTY-III.NFO,04/12/2024,09:58:55,53845,53845,60,53858.35,30,0,35100
BANKNIFTY-III.NFO,04/12/2024,09:58:57,53845,53845,150,53858.25,30,0,35100
BANKNIFTY-III.NFO,04/12/2024,09:59:00,53845,53834.05,30,53854.55,60,150,35100
BANKNIFTY-III.NFO,04/12/2024,09:59:01,53845,53831.7,30,53852.9,30,0,35100
BANKNIFTY-III.NFO,04/12/2024,09:59:03,53845,53831.7,30,53852.7,60,0,35100
