Ticker,Date,Time,LTP,BuyPrice,BuyQty,SellPrice,SellQty,LTQ,OpenInterest
NIFTY-III.NFO,15/05/2025,09:15:03,24931,24986.3,75,24998.8,75,150,391500
NIFTY-III.NFO,15/05/2025,09:15:03,24994.1,24986.3,75,24998.8,75,0,391500
NIFTY-III.NFO,15/05/2025,09:15:03,24994.1,24986.3,75,24998.8,75,0,391500
NIFTY-III.NFO,15/05/2025,09:15:03,24931,24986.3,75,24998.8,75,0,391500
NIFTY-III.NFO,15/05/2025,09:15:05,24986.9,24986.4,150,24998.7,150,75,391500
NIFTY-III.NFO,15/05/2025,09:15:07,24986.9,24983.5,150,24998.7,150,0,391500
NIFTY-III.NFO,15/05/2025,09:15:08,24986.9,24983.5,600,24998.7,150,0,391500
NIFTY-III.NFO,15/05/2025,09:15:10,24986.9,24983.5,75,24998.7,225,0,391500
NIFTY-III.NFO,15/05/2025,09:15:11,24986.9,24983.5,75,24995.9,150,0,391500
NIFTY-III.NFO,15/05/2025,09:15:13,24986.9,24976.1,75,24989.8,150,0,391500
NIFTY-III.NFO,15/05/2025,09:15:15,24986.9,24973,75,24986.2,150,0,391500
NIFTY-III.NFO,15/05/2025,09:15:16,24986.1,24969.9,525,24982.3,75,75,391500
NIFTY-III.NFO,15/05/2025,09:15:18,24982.2,24973,150,24985.8,150,75,391500
NIFTY-III.NFO,15/05/2025,09:15:20,24973.8,24974.3,525,24984.5,75,75,391500
NIFTY-III.NFO,15/05/2025,09:15:21,24973.8,24974.4,150,24983.1,75,0,391500
NIFTY-III.NFO,15/05/2025,09:15:23,24973.8,24969,150,24981.2,150,0,391500
NIFTY-III.NFO,15/05/2025,09:15:24,24981.2,24964.4,150,24976.1,75,75,391500
NIFTY-III.NFO,15/05/2025,09:15:26,24981.2,24966.8,150,24976.4,75,0,391500
NIFTY-III.NFO,15/05/2025,09:15:28,24981.2,24963,150,24975,150,0,391500
NIFTY-III.NFO,15/05/2025,09:15:29,24981.2,24959.6,150,24968,75,0,391500
NIFTY-III.NFO,15/05/2025,09:15:31,24981.2,24955.5,150,24967.9,525,0,391500
NIFTY-III.NFO,15/05/2025,09:15:33,24981.2,24952.1,150,24967.4,75,0,391500
NIFTY-III.NFO,15/05/2025,09:15:34,24981.2,24955.2,225,24964.2,75,0,391500
NIFTY-III.NFO,15/05/2025,09:15:36,24981.2,24957.9,150,24967.9,150,0,391500
NIFTY-III.NFO,15/05/2025,09:15:38,24981.2,24961.6,225,24970.3,75,0,391500
NIFTY-III.NFO,15/05/2025,09:15:39,24981.2,24958,225,24968.9,150,0,391500
NIFTY-III.NFO,15/05/2025,09:15:41,24981.2,24955.6,150,24964.7,150,0,391500
NIFTY-III.NFO,15/05/2025,09:15:43,24981.2,24952.5,150,24959.8,75,0,391500
NIFTY-III.NFO,15/05/2025,09:15:44,24960.9,24953.5,150,24962.2,150,75,391575
NIFTY-III.NFO,15/05/2025,09:15:46,24960.9,24952.4,150,24962.2,225,0,391575
NIFTY-III.NFO,15/05/2025,09:15:48,24960.9,24957.2,150,24964.6,75,0,391575
NIFTY-III.NFO,15/05/2025,09:15:49,24960.9,24957.8,75,24965.7,150,0,391575
NIFTY-III.NFO,15/05/2025,09:15:51,24960.9,24960.1,225,24968.3,150,0,391575
NIFTY-III.NFO,15/05/2025,09:15:52,24960,24960.3,150,24968.9,150,75,391575
NIFTY-III.NFO,15/05/2025,09:15:54,24960,24959.2,225,24968.9,225,0,391575
NIFTY-III.NFO,15/05/2025,09:15:56,24960,24965,375,24969,75,0,391575
NIFTY-III.NFO,15/05/2025,09:15:57,24960,24962.2,150,24969,75,0,391575
NIFTY-III.NFO,15/05/2025,09:15:59,24960,24962.6,225,24969,75,0,391575
NIFTY-III.NFO,15/05/2025,09:16:01,24969,24966.7,150,24977.4,225,75,391575
NIFTY-III.NFO,15/05/2025,09:16:02,24969,24969.3,225,24977.5,75,0,391575
NIFTY-III.NFO,15/05/2025,09:16:04,24969,24969.6,150,24977.9,225,0,391575
NIFTY-III.NFO,15/05/2025,09:16:05,24969,24965.1,150,24974.3,225,0,391575
NIFTY-III.NFO,15/05/2025,09:16:07,24969,24965.8,150,24975.7,225,0,391575
NIFTY-III.NFO,15/05/2025,09:16:09,24969,24970,75,24975.7,225,0,391575
NIFTY-III.NFO,15/05/2025,09:16:10,24969,24970.1,225,24980,150,0,391575
NIFTY-III.NFO,15/05/2025,09:16:12,24969,24977.1,225,24986.5,225,0,391575
NIFTY-III.NFO,15/05/2025,09:16:14,24969,24973.6,150,24984.3,225,0,391575
NIFTY-III.NFO,15/05/2025,09:16:15,24969,24972.9,150,24981,75,0,391575
NIFTY-III.NFO,15/05/2025,09:16:17,24969,24975.2,225,24981,75,0,391575
NIFTY-III.NFO,15/05/2025,09:16:19,24969,24970,150,24979.4,150,0,391575
NIFTY-III.NFO,15/05/2025,09:16:20,24969,24971.1,225,24978.9,225,0,391575
NIFTY-III.NFO,15/05/2025,09:16:22,24979.7,24968.4,150,24977,225,75,391575
NIFTY-III.NFO,15/05/2025,09:16:23,24979.7,24971.8,225,24980.9,225,0,391575
NIFTY-III.NFO,15/05/2025,09:16:25,24980.9,24971.3,225,24979.5,150,75,391575
NIFTY-III.NFO,15/05/2025,09:16:27,24980.9,24976,150,24981,75,0,391575
NIFTY-III.NFO,15/05/2025,09:16:28,24980.9,24973.8,525,24981,75,0,391575
NIFTY-III.NFO,15/05/2025,09:16:30,24980.9,24973.4,150,24981,75,0,391575
NIFTY-III.NFO,15/05/2025,09:16:31,24980.9,24970.1,150,24980.9,75,0,391575
NIFTY-III.NFO,15/05/2025,09:16:33,24980.9,24968.8,525,24978.7,75,0,391575
NIFTY-III.NFO,15/05/2025,09:16:35,24980.9,24973.1,150,24980.9,75,0,391575
NIFTY-III.NFO,15/05/2025,09:16:36,24980.9,24970.5,225,24980.9,150,0,391575
NIFTY-III.NFO,15/05/2025,09:16:38,24978.5,24973.4,150,24980.9,75,75,391575
NIFTY-III.NFO,15/05/2025,09:16:40,24978.5,24973.7,150,24980.9,75,0,391575
NIFTY-III.NFO,15/05/2025,09:16:41,24978.5,24974.7,150,24980.9,75,0,391575
NIFTY-III.NFO,15/05/2025,09:16:43,24978.5,24968.6,150,24973,300,0,391575
NIFTY-III.NFO,15/05/2025,09:16:44,24978.5,24966.7,150,24973,300,0,391575
NIFTY-III.NFO,15/05/2025,09:16:46,24978.5,24967.1,225,24973,300,0,391575
NIFTY-III.NFO,15/05/2025,09:16:48,24978.5,24967,75,24972.9,75,0,391575
NIFTY-III.NFO,15/05/2025,09:16:51,24978.5,24971,75,24972.9,150,0,391575
NIFTY-III.NFO,15/05/2025,09:16:53,24967,24958.3,150,24969.8,150,150,391575
NIFTY-III.NFO,15/05/2025,09:16:54,24967,24956,75,24966.6,150,0,391575
NIFTY-III.NFO,15/05/2025,09:16:56,24947,24952.7,375,24962,225,5400,391575
NIFTY-III.NFO,15/05/2025,09:16:58,24947,24948.5,75,24961,225,0,391575
NIFTY-III.NFO,15/05/2025,09:16:59,24947,24951.4,375,24962.6,150,0,391575
NIFTY-III.NFO,15/05/2025,09:17:01,24947,24951.4,375,24961.4,225,0,391575
NIFTY-III.NFO,15/05/2025,09:17:02,24947,24948.5,75,24960.4,150,0,391575
NIFTY-III.NFO,15/05/2025,09:17:04,24947,24947.4,75,24960,225,0,391575
NIFTY-III.NFO,15/05/2025,09:17:06,24947,24949,375,24957.3,225,0,391575
NIFTY-III.NFO,15/05/2025,09:17:07,24953,24952.1,375,24962.6,225,150,391575
NIFTY-III.NFO,15/05/2025,09:17:09,24953,24955.3,375,24966.2,150,0,391575
NIFTY-III.NFO,15/05/2025,09:17:11,24953,24958.6,375,24966.9,150,0,391575
NIFTY-III.NFO,15/05/2025,09:17:12,24953,24959.6,375,24969.5,150,0,391575
NIFTY-III.NFO,15/05/2025,09:17:14,24953,24957.4,375,24965.7,225,0,391575
NIFTY-III.NFO,15/05/2025,09:17:15,24953,24955.3,375,24959.6,300,0,391575
NIFTY-III.NFO,15/05/2025,09:17:17,24959.6,24959.1,375,24966.9,225,300,391575
NIFTY-III.NFO,15/05/2025,09:17:19,24959.6,24956.3,75,24968,225,0,391575
NIFTY-III.NFO,15/05/2025,09:17:20,24959.6,24954.2,375,24964.7,225,0,391575
NIFTY-III.NFO,15/05/2025,09:17:22,24959.6,24950,75,24960.8,225,0,391575
NIFTY-III.NFO,15/05/2025,09:17:24,24960.8,24948.5,225,24956.6,225,150,391575
NIFTY-III.NFO,15/05/2025,09:17:25,24960.8,24948.8,150,24962.8,150,0,391575
NIFTY-III.NFO,15/05/2025,09:17:27,24949.3,24949.3,150,24957.9,150,75,391575
NIFTY-III.NFO,15/05/2025,09:17:29,24951,24952.5,150,24961.4,225,150,391575
NIFTY-III.NFO,15/05/2025,09:17:30,24951,24950.9,150,24962.6,225,0,391575
NIFTY-III.NFO,15/05/2025,09:17:32,24951,24951.8,75,24962.5,150,0,391575
NIFTY-III.NFO,15/05/2025,09:17:33,24960.8,24946.7,75,24957.3,150,5400,391575
NIFTY-III.NFO,15/05/2025,09:17:35,24960.8,24947.7,225,24957.7,150,0,391575
NIFTY-III.NFO,15/05/2025,09:17:37,24960.8,24945.9,150,24956.1,150,0,391575
NIFTY-III.NFO,15/05/2025,09:17:38,24960.8,24943.5,225,24953.9,225,0,391575
NIFTY-III.NFO,15/05/2025,09:17:40,24960.8,24945.6,150,24956.7,150,0,391575
NIFTY-III.NFO,15/05/2025,09:17:42,24960.8,24942.4,150,24952.6,150,0,391575
NIFTY-III.NFO,15/05/2025,09:17:43,24960.8,24942.9,150,24953.8,225,0,391575
NIFTY-III.NFO,15/05/2025,09:17:45,24960.8,24941,150,24952.3,150,0,391575
NIFTY-III.NFO,15/05/2025,09:17:47,24960.8,24941.3,150,24950.6,150,0,391575
NIFTY-III.NFO,15/05/2025,09:17:48,24960.8,24940,75,24947.9,150,0,391575
NIFTY-III.NFO,15/05/2025,09:17:50,24960.8,24940,75,24946.5,225,0,391575
NIFTY-III.NFO,15/05/2025,09:17:52,24960.8,24940,75,24947.9,150,0,391575
NIFTY-III.NFO,15/05/2025,09:17:53,24960.8,24940,75,24946.1,225,0,391575
NIFTY-III.NFO,15/05/2025,09:17:55,24960.8,24940,75,24947.7,375,0,391575
NIFTY-III.NFO,15/05/2025,09:17:56,24960.8,24940,75,24945.8,225,0,391575
NIFTY-III.NFO,15/05/2025,09:17:58,24960.8,24940,75,24946.5,225,0,391575
NIFTY-III.NFO,15/05/2025,09:18:00,24960.8,24940,75,24948.2,150,0,391575
NIFTY-III.NFO,15/05/2025,09:18:01,24960.8,24940,75,24946.3,225,0,391575
NIFTY-III.NFO,15/05/2025,09:18:03,24960.8,24940.1,225,24947.7,75,0,391575
NIFTY-III.NFO,15/05/2025,09:18:05,24960.8,24940,150,24947.6,225,0,391575
NIFTY-III.NFO,15/05/2025,09:18:06,24960.8,24940,150,24941.9,75,0,391575
NIFTY-III.NFO,15/05/2025,09:18:08,24960.8,24940,150,24941.3,225,0,391575
NIFTY-III.NFO,15/05/2025,09:18:11,24939,24928.9,225,24938.2,150,225,391575
NIFTY-III.NFO,15/05/2025,09:18:13,24939,24930.3,150,24940.5,225,0,391575
NIFTY-III.NFO,15/05/2025,09:18:14,24939,24933.2,225,24942.9,150,0,391575
NIFTY-III.NFO,15/05/2025,09:18:16,24939,24929.9,150,24938.8,225,0,391575
NIFTY-III.NFO,15/05/2025,09:18:18,24939,24928.9,225,24938.5,225,0,391575
NIFTY-III.NFO,15/05/2025,09:18:19,24939,24927.8,150,24938.1,150,0,391575
NIFTY-III.NFO,15/05/2025,09:18:21,24939,24927.9,150,24937.7,150,0,391575
NIFTY-III.NFO,15/05/2025,09:18:23,24939,24928.6,225,24938,150,0,391575
NIFTY-III.NFO,15/05/2025,09:18:24,24939,24931.8,375,24939,150,0,391575
NIFTY-III.NFO,15/05/2025,09:18:26,24939,24930.1,225,24938.8,150,0,391575
NIFTY-III.NFO,15/05/2025,09:18:27,24939,24930.9,150,24939,150,0,391575
NIFTY-III.NFO,15/05/2025,09:18:29,24939,24934,225,24939,150,0,391575
NIFTY-III.NFO,15/05/2025,09:18:31,24939,24937.4,150,24948.1,150,150,391575
NIFTY-III.NFO,15/05/2025,09:18:32,24939,24939,75,24943.8,225,75,391575
NIFTY-III.NFO,15/05/2025,09:18:34,24939,24939,75,24946,150,0,391575
NIFTY-III.NFO,15/05/2025,09:18:35,24939,24939,75,24942.4,225,0,391575
NIFTY-III.NFO,15/05/2025,09:18:37,24939,24939,75,24944.4,225,0,391575
NIFTY-III.NFO,15/05/2025,09:18:39,24939,24940,75,24946.3,225,0,391575
NIFTY-III.NFO,15/05/2025,09:18:40,24940,24939,75,24943.7,225,75,392025
NIFTY-III.NFO,15/05/2025,09:18:42,24940,24939,75,24944.7,225,0,392025
NIFTY-III.NFO,15/05/2025,09:18:44,24940,24939,75,24945.7,225,0,392025
NIFTY-III.NFO,15/05/2025,09:18:45,24940,24940,75,24943,225,0,392025
NIFTY-III.NFO,15/05/2025,09:18:47,24939,24931.2,150,24941.5,150,150,392025
NIFTY-III.NFO,15/05/2025,09:18:49,24939,24931.4,225,24939,150,0,392025
NIFTY-III.NFO,15/05/2025,09:18:50,24930.3,24930.8,300,24939,225,150,392025
NIFTY-III.NFO,15/05/2025,09:18:50,24930.3,24930.8,300,24939,225,0,392025
NIFTY-III.NFO,15/05/2025,09:18:52,24930.3,24932.1,75,24939,225,0,392025
NIFTY-III.NFO,15/05/2025,09:18:53,24930.3,24932.8,150,24939,225,0,392025
NIFTY-III.NFO,15/05/2025,09:18:55,24930.3,24932.9,225,24939,225,0,392025
NIFTY-III.NFO,15/05/2025,09:18:57,24930.3,24930.1,75,24938.9,225,0,392025
NIFTY-III.NFO,15/05/2025,09:18:58,24930.3,24930.1,75,24938.9,150,0,392025
NIFTY-III.NFO,15/05/2025,09:19:00,24930.3,24933.9,150,24939,225,0,392025
NIFTY-III.NFO,15/05/2025,09:19:01,24930.3,24931.1,75,24939,225,0,392025
NIFTY-III.NFO,15/05/2025,09:19:03,24930.8,24930.6,75,24939,225,75,392025
NIFTY-III.NFO,15/05/2025,09:19:05,24930.6,24930,150,24930.3,75,150,392025
NIFTY-III.NFO,15/05/2025,09:19:06,24930.3,24930,225,24939,225,75,392025
NIFTY-III.NFO,15/05/2025,09:19:08,24930.3,24930,225,24938.8,150,0,392025
NIFTY-III.NFO,15/05/2025,09:19:10,24930.3,24930,150,24937.5,225,0,392025
NIFTY-III.NFO,15/05/2025,09:19:11,24930.3,24930.6,75,24938.6,150,0,392025
NIFTY-III.NFO,15/05/2025,09:19:13,24930.3,24930.6,75,24936.2,150,0,392025
NIFTY-III.NFO,15/05/2025,09:19:14,24930.3,24931.1,150,24939,150,0,392025
NIFTY-III.NFO,15/05/2025,09:19:16,24933.2,24933.2,150,24939,150,75,392025
NIFTY-III.NFO,15/05/2025,09:19:18,24933.2,24932,75,24939,150,0,392025
NIFTY-III.NFO,15/05/2025,09:19:19,24933.2,24930.6,450,24939,225,0,392025
NIFTY-III.NFO,15/05/2025,09:19:21,24933.2,24930.6,75,24936.2,150,0,392025
NIFTY-III.NFO,15/05/2025,09:19:23,24933.2,24931.9,75,24938.3,75,0,392025
NIFTY-III.NFO,15/05/2025,09:19:24,24933.2,24930.6,150,24938.1,75,0,392025
NIFTY-III.NFO,15/05/2025,09:19:26,24933.2,24930.6,75,24932,75,0,392025
NIFTY-III.NFO,15/05/2025,09:19:29,24932,24930.6,150,24938.6,75,75,392025
NIFTY-III.NFO,15/05/2025,09:19:31,24931,24930.9,75,24938.6,75,75,392025
NIFTY-III.NFO,15/05/2025,09:19:32,24931,24931.3,450,24939,150,0,392025
NIFTY-III.NFO,15/05/2025,09:19:34,24931,24930.6,150,24938.1,75,0,392025
NIFTY-III.NFO,15/05/2025,09:19:36,24931,24930.6,75,24935.2,75,0,392025
NIFTY-III.NFO,15/05/2025,09:19:37,24931,24930.6,75,24933.4,75,0,392025
NIFTY-III.NFO,15/05/2025,09:19:39,24931,24930.6,75,24935.5,75,0,392025
NIFTY-III.NFO,15/05/2025,09:19:40,24931,24931,75,24935,75,0,392025
NIFTY-III.NFO,15/05/2025,09:19:44,24931,24930.6,75,24931,150,75,392025
NIFTY-III.NFO,15/05/2025,09:19:45,24931,24930.6,75,24931,150,0,392025
NIFTY-III.NFO,15/05/2025,09:19:50,24931,24930.6,75,24931,75,75,392025
NIFTY-III.NFO,15/05/2025,09:19:52,24931,24930.6,150,24939,150,75,392025
NIFTY-III.NFO,15/05/2025,09:19:53,24931,24934.8,225,24939,150,0,392025
NIFTY-III.NFO,15/05/2025,09:19:55,24938.8,24939.2,150,24945,75,225,392025
NIFTY-III.NFO,15/05/2025,09:19:57,24945,24943,75,24951.2,75,75,392025
NIFTY-III.NFO,15/05/2025,09:19:58,24945,24944.9,75,24952.6,225,0,392025
NIFTY-III.NFO,15/05/2025,09:20:00,24945,24941.9,75,24950.2,225,0,392025
NIFTY-III.NFO,15/05/2025,09:20:02,24945,24940,150,24947.7,75,0,392025
NIFTY-III.NFO,15/05/2025,09:20:03,24945,24940.3,375,24949.1,225,0,392025
NIFTY-III.NFO,15/05/2025,09:20:05,24945,24940,75,24944.6,75,0,392025
NIFTY-III.NFO,15/05/2025,09:20:06,24945,24940,75,24942.5,150,0,392025
NIFTY-III.NFO,15/05/2025,09:20:08,24940,24930.6,75,24935.5,75,75,392025
NIFTY-III.NFO,15/05/2025,09:20:10,24940,24930.6,75,24933.6,150,0,392025
NIFTY-III.NFO,15/05/2025,09:20:11,24940,24930.3,75,24933.7,75,0,392025
NIFTY-III.NFO,15/05/2025,09:20:13,24940,24931,450,24932.1,75,0,392025
NIFTY-III.NFO,15/05/2025,09:20:15,24931,24931,300,24932.5,225,150,392025
NIFTY-III.NFO,15/05/2025,09:20:16,24925,24920,75,24923.7,150,750,392025
NIFTY-III.NFO,15/05/2025,09:20:16,24925,24920,75,24923.7,150,0,392025
NIFTY-III.NFO,15/05/2025,09:20:18,24925.7,24920,75,24926.5,150,75,392025
NIFTY-III.NFO,15/05/2025,09:20:19,24925.7,24920,75,24924,150,0,392025
NIFTY-III.NFO,15/05/2025,09:20:21,24925.7,24920,75,24927.8,150,0,392025
NIFTY-III.NFO,15/05/2025,09:20:23,24925.7,24920.9,75,24931.3,150,0,392025
NIFTY-III.NFO,15/05/2025,09:20:24,24920,24918,150,24928.7,225,75,392025
NIFTY-III.NFO,15/05/2025,09:20:24,24920,24918,150,24928.7,225,0,392025
NIFTY-III.NFO,15/05/2025,09:20:26,24920,24918.3,150,24928.5,225,0,392025
NIFTY-III.NFO,15/05/2025,09:20:28,24920,24920,75,24925.2,225,0,392025
NIFTY-III.NFO,15/05/2025,09:20:29,24920,24920,75,24925.3,75,0,392025
NIFTY-III.NFO,15/05/2025,09:20:31,24920,24920.1,75,24928.9,225,0,392025
NIFTY-III.NFO,15/05/2025,09:20:33,24920,24920,150,24927.3,150,0,392025
NIFTY-III.NFO,15/05/2025,09:20:34,24920,24920.6,150,24930.9,150,0,392025
NIFTY-III.NFO,15/05/2025,09:20:36,24920,24920.1,150,24927.9,150,0,392025
NIFTY-III.NFO,15/05/2025,09:20:37,24920,24920.1,450,24929.2,75,0,392025
NIFTY-III.NFO,15/05/2025,09:20:39,24920,24920.1,225,24927.9,75,0,392025
NIFTY-III.NFO,15/05/2025,09:20:41,24920,24920.1,75,24925.4,225,0,392025
NIFTY-III.NFO,15/05/2025,09:20:42,24920,24925,75,24926.6,75,0,392025
NIFTY-III.NFO,15/05/2025,09:20:44,24920,24925,150,24926.1,75,0,392025
NIFTY-III.NFO,15/05/2025,09:20:45,24920,24925,150,24930.4,150,0,392025
NIFTY-III.NFO,15/05/2025,09:20:47,24920,24925,150,24929.7,75,0,392025
NIFTY-III.NFO,15/05/2025,09:20:49,24920,24925.1,75,24933.9,150,0,392025
NIFTY-III.NFO,15/05/2025,09:20:50,24920,24930.5,75,24938,75,0,392025
NIFTY-III.NFO,15/05/2025,09:20:52,24920,24930.4,75,24931.2,75,0,392025
NIFTY-III.NFO,15/05/2025,09:20:54,24930.4,24925,150,24928.7,150,75,392025
NIFTY-III.NFO,15/05/2025,09:20:55,24930.4,24925,150,24926.7,75,0,392025
NIFTY-III.NFO,15/05/2025,09:20:57,24925.4,24925,75,24930.1,225,75,392025
NIFTY-III.NFO,15/05/2025,09:20:59,24925.4,24925,75,24930.1,225,0,392025
NIFTY-III.NFO,15/05/2025,09:21:00,24930.1,24925,75,24932,150,75,392025
NIFTY-III.NFO,15/05/2025,09:21:02,24930.1,24925,75,24929,150,0,392025
NIFTY-III.NFO,15/05/2025,09:21:04,24930.1,24925,75,24925.6,225,0,392025
NIFTY-III.NFO,15/05/2025,09:21:05,24930.1,24925,75,24926.7,150,0,392025
NIFTY-III.NFO,15/05/2025,09:21:07,24930.1,24925,75,24929.4,150,0,392025
NIFTY-III.NFO,15/05/2025,09:21:09,24930.1,24925,75,24927.6,225,0,392025
NIFTY-III.NFO,15/05/2025,09:21:10,24926.4,24920,75,24927,225,75,392025
NIFTY-III.NFO,15/05/2025,09:21:12,24926.4,24920,75,24924.6,150,0,392025
NIFTY-III.NFO,15/05/2025,09:21:14,24926.4,24920.1,225,24929.7,150,0,392025
NIFTY-III.NFO,15/05/2025,09:21:15,24926.4,24923,75,24930.1,75,0,392025
NIFTY-III.NFO,15/05/2025,09:21:17,24926.4,24924.1,150,24930.1,75,0,392025
NIFTY-III.NFO,15/05/2025,09:21:19,24930.1,24928.9,75,24940.4,150,75,392025
NIFTY-III.NFO,15/05/2025,09:21:20,24930.1,24928.9,75,24940.4,150,0,392025
NIFTY-III.NFO,15/05/2025,09:21:22,24930.1,24930.2,150,24941.9,75,0,392025
NIFTY-III.NFO,15/05/2025,09:21:24,24930.1,24933.3,75,24944.7,150,0,392025
NIFTY-III.NFO,15/05/2025,09:21:25,24930.1,24932.4,75,24943.5,150,0,392025
NIFTY-III.NFO,15/05/2025,09:21:27,24930.1,24930.9,150,24940.7,150,0,392025
NIFTY-III.NFO,15/05/2025,09:21:29,24930.1,24931.1,75,24942.2,150,0,392025
NIFTY-III.NFO,15/05/2025,09:21:30,24930.1,24931.5,75,24941.6,150,0,392025
NIFTY-III.NFO,15/05/2025,09:21:32,24930.1,24930.2,75,24940.1,150,0,392025
NIFTY-III.NFO,15/05/2025,09:21:34,24930.1,24930.1,150,24939.8,225,0,392025
NIFTY-III.NFO,15/05/2025,09:21:35,24930.1,24930.1,75,24938,150,0,392025
NIFTY-III.NFO,15/05/2025,09:21:37,24930.1,24930.1,75,24938,225,0,392025
NIFTY-III.NFO,15/05/2025,09:21:39,24930.1,24930.1,75,24936.5,150,0,392025
NIFTY-III.NFO,15/05/2025,09:21:40,24930.1,24930.2,75,24938.8,150,0,392025
NIFTY-III.NFO,15/05/2025,09:21:42,24930.1,24930.5,75,24943.3,150,0,392025
NIFTY-III.NFO,15/05/2025,09:21:44,24930.1,24930.9,150,24943.4,75,0,392025
NIFTY-III.NFO,15/05/2025,09:21:45,24930.1,24933.2,150,24944.9,150,0,392025
NIFTY-III.NFO,15/05/2025,09:21:47,24930.1,24934,150,24944.9,150,0,392025
NIFTY-III.NFO,15/05/2025,09:21:49,24930.1,24934.6,150,24945,225,0,392025
NIFTY-III.NFO,15/05/2025,09:21:50,24930.1,24935.1,75,24945,225,0,392025
NIFTY-III.NFO,15/05/2025,09:21:52,24930.1,24938.3,450,24945,150,0,392025
NIFTY-III.NFO,15/05/2025,09:21:54,24945,24944.6,75,24954,75,150,391425
NIFTY-III.NFO,15/05/2025,09:21:55,24945,24943.6,75,24953.9,150,0,391425
NIFTY-III.NFO,15/05/2025,09:21:57,24945,24943.6,75,24953.8,150,0,391425
NIFTY-III.NFO,15/05/2025,09:21:59,24945,24941.4,75,24953.9,150,0,391425
NIFTY-III.NFO,15/05/2025,09:22:00,24945,24938.8,75,24949.3,150,0,391425
NIFTY-III.NFO,15/05/2025,09:22:02,24949.3,24936,150,24946.4,150,75,391425
NIFTY-III.NFO,15/05/2025,09:22:04,24945,24930.7,150,24940.9,150,75,391425
NIFTY-III.NFO,15/05/2025,09:22:05,24945,24930.9,150,24941.8,150,0,391425
NIFTY-III.NFO,15/05/2025,09:22:07,24942.7,24930.9,150,24942.7,75,75,391425
NIFTY-III.NFO,15/05/2025,09:22:09,24942.7,24936.2,525,24949.1,150,0,391425
NIFTY-III.NFO,15/05/2025,09:22:10,24942.7,24938.3,150,24949.2,75,0,391425
NIFTY-III.NFO,15/05/2025,09:22:12,24942.7,24940.1,150,24951.7,75,0,391425
NIFTY-III.NFO,15/05/2025,09:22:14,24951.6,24943.1,150,24954,150,75,391425
NIFTY-III.NFO,15/05/2025,09:22:15,24951.6,24941.8,150,24952.9,150,0,391425
NIFTY-III.NFO,15/05/2025,09:22:17,24951.6,24942.1,150,24952.7,150,0,391425
NIFTY-III.NFO,15/05/2025,09:22:19,24951.6,24937,150,24948.3,150,0,391425
NIFTY-III.NFO,15/05/2025,09:22:20,24951.6,24934.6,75,24944.7,150,0,391425
NIFTY-III.NFO,15/05/2025,09:22:22,24951.6,24932.2,150,24942.8,225,0,391425
NIFTY-III.NFO,15/05/2025,09:22:24,24951.6,24932.6,150,24942.7,150,0,391425
NIFTY-III.NFO,15/05/2025,09:22:25,24951.6,24933.2,150,24942.8,225,0,391425
NIFTY-III.NFO,15/05/2025,09:22:27,24951.6,24932.6,150,24944,150,0,391425
NIFTY-III.NFO,15/05/2025,09:22:29,24951.6,24934,150,24946.4,150,0,391425
NIFTY-III.NFO,15/05/2025,09:22:30,24945.6,24931.7,75,24941.8,75,75,391425
NIFTY-III.NFO,15/05/2025,09:22:32,24945.6,24930.1,225,24939.4,75,0,391425
NIFTY-III.NFO,15/05/2025,09:22:34,24945.6,24930.1,225,24937.7,75,0,391425
NIFTY-III.NFO,15/05/2025,09:22:35,24945.6,24930.1,300,24938.7,75,0,391425
NIFTY-III.NFO,15/05/2025,09:22:37,24939.8,24930.1,150,24939.2,450,75,391425
NIFTY-III.NFO,15/05/2025,09:22:39,24939.8,24930.2,75,24938.8,150,0,391425
NIFTY-III.NFO,15/05/2025,09:22:40,24939.8,24930.3,150,24939.8,75,0,391425
NIFTY-III.NFO,15/05/2025,09:22:42,24939.8,24930.1,225,24938.6,150,0,391425
NIFTY-III.NFO,15/05/2025,09:22:44,24939.8,24930.1,150,24937.6,75,0,391425
NIFTY-III.NFO,15/05/2025,09:22:45,24939.8,24930.2,225,24940.7,150,0,391425
NIFTY-III.NFO,15/05/2025,09:22:47,24939.8,24930.1,150,24937.2,150,0,391425
NIFTY-III.NFO,15/05/2025,09:22:50,24939.8,24930.1,150,24935.4,150,0,391425
NIFTY-III.NFO,15/05/2025,09:22:52,24939.8,24930.1,150,24930.2,225,0,391425
NIFTY-III.NFO,15/05/2025,09:22:55,24930,24925.1,225,24933.8,75,225,391425
NIFTY-III.NFO,15/05/2025,09:22:57,24930,24925,150,24934,450,0,391425
NIFTY-III.NFO,15/05/2025,09:22:59,24930,24925.1,225,24935.1,150,0,391425
NIFTY-III.NFO,15/05/2025,09:23:00,24930,24925.2,150,24936.4,1125,0,391425
NIFTY-III.NFO,15/05/2025,09:23:02,24930,24925,150,24932,75,0,391425
NIFTY-III.NFO,15/05/2025,09:23:04,24930,24925.1,225,24936.5,75,0,391425
NIFTY-III.NFO,15/05/2025,09:23:05,24930,24928.2,150,24939.3,75,0,391425
NIFTY-III.NFO,15/05/2025,09:23:07,24930,24925.8,150,24934.7,75,0,391425
NIFTY-III.NFO,15/05/2025,09:23:09,24930,24930,75,24933.4,75,0,391425
NIFTY-III.NFO,15/05/2025,09:23:10,24930,24930,75,24932.1,150,0,391425
NIFTY-III.NFO,15/05/2025,09:23:12,24930,24925,150,24929,75,75,391425
NIFTY-III.NFO,15/05/2025,09:23:14,24930,24925,150,24930.2,150,0,391425
NIFTY-III.NFO,15/05/2025,09:23:15,24925,24918.1,225,24927.1,75,150,391425
NIFTY-III.NFO,15/05/2025,09:23:17,24925,24918,75,24926.7,375,0,391425
NIFTY-III.NFO,15/05/2025,09:23:19,24925,24918,75,24925.2,450,0,391425
NIFTY-III.NFO,15/05/2025,09:23:20,24925,24918.1,225,24927.4,75,0,391425
NIFTY-III.NFO,15/05/2025,09:23:22,24925,24918,150,24926.5,450,0,391425
NIFTY-III.NFO,15/05/2025,09:23:24,24925,24918.1,225,24927.4,150,0,391425
NIFTY-III.NFO,15/05/2025,09:23:25,24925,24919.4,150,24930,225,0,391425
NIFTY-III.NFO,15/05/2025,09:23:27,24925,24920.4,225,24930,225,0,391425
NIFTY-III.NFO,15/05/2025,09:23:29,24925,24922.2,525,24930,150,0,391425
NIFTY-III.NFO,15/05/2025,09:23:30,24925,24921,150,24930,225,0,391425
NIFTY-III.NFO,15/05/2025,09:23:32,24925,24921,150,24930,150,0,391425
NIFTY-III.NFO,15/05/2025,09:23:34,24925,24922.8,525,24930,150,0,391425
NIFTY-III.NFO,15/05/2025,09:23:35,24925,24921,150,24930,225,0,391425
NIFTY-III.NFO,15/05/2025,09:23:37,24925,24921.2,525,24930,150,0,391425
NIFTY-III.NFO,15/05/2025,09:23:39,24930,24925.5,225,24936.3,150,150,391425
NIFTY-III.NFO,15/05/2025,09:23:40,24930,24925.5,75,24936.3,150,0,391425
NIFTY-III.NFO,15/05/2025,09:23:42,24930,24922.7,75,24933.7,450,0,391425
NIFTY-III.NFO,15/05/2025,09:23:44,24930,24920,225,24930.2,75,0,391425
NIFTY-III.NFO,15/05/2025,09:23:45,24930,24920.3,150,24930.1,450,0,391425
NIFTY-III.NFO,15/05/2025,09:23:47,24930,24921.9,150,24933.2,75,0,391425
NIFTY-III.NFO,15/05/2025,09:23:49,24930,24921.9,150,24932.8,75,0,391425
NIFTY-III.NFO,15/05/2025,09:23:50,24930,24922.8,150,24934.5,825,0,391425
NIFTY-III.NFO,15/05/2025,09:23:52,24930,24922.8,150,24932.8,450,0,391425
NIFTY-III.NFO,15/05/2025,09:23:54,24930,24922.8,150,24933.6,450,0,391425
NIFTY-III.NFO,15/05/2025,09:23:55,24930,24923,150,24935.2,75,0,391425
NIFTY-III.NFO,15/05/2025,09:23:57,24930,24924.8,150,24935,75,0,391425
NIFTY-III.NFO,15/05/2025,09:23:59,24930,24926,150,24938.3,75,0,391425
NIFTY-III.NFO,15/05/2025,09:24:00,24930,24929.6,150,24939.8,75,0,391425
NIFTY-III.NFO,15/05/2025,09:24:02,24928.6,24929.7,75,24939.8,150,450,391425
NIFTY-III.NFO,15/05/2025,09:24:04,24928.6,24928.9,150,24939.8,150,0,391425
NIFTY-III.NFO,15/05/2025,09:24:05,24928.6,24931.8,150,24942.5,150,0,391425
NIFTY-III.NFO,15/05/2025,09:24:07,24928.6,24936.8,225,24944,450,0,391425
NIFTY-III.NFO,15/05/2025,09:24:09,24928.6,24937.9,150,24944,450,0,391425
NIFTY-III.NFO,15/05/2025,09:24:10,24944,24940.4,150,24949.9,75,450,391425
NIFTY-III.NFO,15/05/2025,09:24:12,24944,24938.5,150,24948.8,75,0,391425
NIFTY-III.NFO,15/05/2025,09:24:13,24944,24939.1,150,24949.9,225,0,391425
NIFTY-III.NFO,15/05/2025,09:24:15,24944,24935.4,150,24945.9,150,0,391425
NIFTY-III.NFO,15/05/2025,09:24:17,24944,24936.7,150,24947.9,225,0,391425
NIFTY-III.NFO,15/05/2025,09:24:19,24944,24931.8,150,24943.4,150,0,391425
NIFTY-III.NFO,15/05/2025,09:24:20,24944,24936.7,150,24947.8,150,0,391425
NIFTY-III.NFO,15/05/2025,09:24:22,24944,24938.1,150,24949.6,150,0,391425
NIFTY-III.NFO,15/05/2025,09:24:24,24944,24939,150,24949.3,150,0,391425
NIFTY-III.NFO,15/05/2025,09:24:25,24944,24938.1,150,24948.9,150,0,391425
NIFTY-III.NFO,15/05/2025,09:24:27,24944,24939.5,150,24950.8,525,0,391425
NIFTY-III.NFO,15/05/2025,09:24:28,24944,24936.2,150,24946.3,150,0,391425
NIFTY-III.NFO,15/05/2025,09:24:30,24944,24935.1,225,24944.4,150,0,391425
NIFTY-III.NFO,15/05/2025,09:24:32,24944.4,24935.1,225,24946.3,75,75,391425
NIFTY-III.NFO,15/05/2025,09:24:33,24944.4,24936.8,150,24947.8,150,0,391425
NIFTY-III.NFO,15/05/2025,09:24:35,24944.4,24936.9,225,24944,225,0,391425
NIFTY-III.NFO,15/05/2025,09:24:37,24936.8,24936.6,75,24944,300,75,391350
NIFTY-III.NFO,15/05/2025,09:24:38,24936.8,24935.1,225,24943.9,75,0,391350
NIFTY-III.NFO,15/05/2025,09:24:40,24936.8,24935.9,150,24944,225,0,391350
NIFTY-III.NFO,15/05/2025,09:24:42,24936.8,24937.1,225,24944,225,0,391350
NIFTY-III.NFO,15/05/2025,09:24:43,24936.8,24938,150,24944,225,0,391350
NIFTY-III.NFO,15/05/2025,09:24:45,24936.8,24940.8,225,24944,225,0,391350
NIFTY-III.NFO,15/05/2025,09:24:47,24944,24944,75,24953.3,75,375,391350
NIFTY-III.NFO,15/05/2025,09:24:48,24944,24944.9,150,24954,75,0,391350
NIFTY-III.NFO,15/05/2025,09:24:50,24944,24946.9,150,24954,75,0,391350
NIFTY-III.NFO,15/05/2025,09:24:52,24944,24943,75,24951.3,75,0,391350
NIFTY-III.NFO,15/05/2025,09:24:53,24944,24938.4,600,24948.9,75,0,391350
NIFTY-III.NFO,15/05/2025,09:24:55,24944,24938.5,150,24948.9,150,0,391350
NIFTY-III.NFO,15/05/2025,09:24:58,24942.3,24942.3,150,24953.8,150,75,391350
NIFTY-III.NFO,15/05/2025,09:25:00,24942.3,24941.1,225,24951.3,150,0,391350
NIFTY-III.NFO,15/05/2025,09:25:02,24942.3,24939.9,225,24949.3,75,0,391350
NIFTY-III.NFO,15/05/2025,09:25:03,24942.3,24942.2,225,24949,300,0,391350
NIFTY-III.NFO,15/05/2025,09:25:05,24942.3,24944.2,225,24949,300,0,391350
NIFTY-III.NFO,15/05/2025,09:25:06,24949,24947.3,150,24950,75,300,391350
NIFTY-III.NFO,15/05/2025,09:25:08,24949,24945.4,150,24950,75,0,391350
NIFTY-III.NFO,15/05/2025,09:25:10,24949,24946.3,525,24950,75,0,391350
NIFTY-III.NFO,15/05/2025,09:25:11,24949,24949.6,150,24950,150,0,391350
NIFTY-III.NFO,15/05/2025,09:25:13,24950,24949.1,225,24954,75,150,391350
NIFTY-III.NFO,15/05/2025,09:25:15,24950,24949.7,225,24954,75,0,391350
NIFTY-III.NFO,15/05/2025,09:25:16,24949.7,24949.2,150,24954,75,75,391350
NIFTY-III.NFO,15/05/2025,09:25:18,24949.7,24947.5,150,24954,75,0,391350
NIFTY-III.NFO,15/05/2025,09:25:20,24949.7,24944.7,75,24953.3,150,0,391350
NIFTY-III.NFO,15/05/2025,09:25:21,24949.7,24941.6,75,24953.3,150,0,391350
NIFTY-III.NFO,15/05/2025,09:25:23,24949.7,24939.7,75,24952.8,225,0,391350
NIFTY-III.NFO,15/05/2025,09:25:25,24949.7,24940.1,150,24950.6,150,0,391350
NIFTY-III.NFO,15/05/2025,09:25:26,24949.7,24943.1,450,24952.9,150,0,391350
NIFTY-III.NFO,15/05/2025,09:25:28,24949.7,24943.9,75,24953.8,150,0,391350
NIFTY-III.NFO,15/05/2025,09:25:30,24949.7,24943.5,150,24953.8,150,0,391350
NIFTY-III.NFO,15/05/2025,09:25:31,24949.7,24945,75,24949,75,0,391350
NIFTY-III.NFO,15/05/2025,09:25:33,24949.7,24945.1,150,24949,75,0,391350
NIFTY-III.NFO,15/05/2025,09:25:35,24949.7,24938.4,150,24948.9,225,0,391350
NIFTY-III.NFO,15/05/2025,09:25:36,24949.7,24937,75,24945.8,150,0,391350
NIFTY-III.NFO,15/05/2025,09:25:38,24949.7,24936.8,75,24943.9,225,0,391350
NIFTY-III.NFO,15/05/2025,09:25:40,24949.7,24936.8,75,24942.7,225,0,391350
NIFTY-III.NFO,15/05/2025,09:25:41,24949.7,24936.8,75,24945.2,150,0,391350
NIFTY-III.NFO,15/05/2025,09:25:43,24949.7,24936.8,150,24946,225,0,391350
NIFTY-III.NFO,15/05/2025,09:25:45,24949.7,24936.8,75,24944.2,225,0,391350
NIFTY-III.NFO,15/05/2025,09:25:46,24949.7,24937.4,75,24947.5,150,0,391350
NIFTY-III.NFO,15/05/2025,09:25:48,24949.7,24937.8,75,24948.5,150,0,391350
NIFTY-III.NFO,15/05/2025,09:25:49,24949.7,24940.7,75,24949,75,0,391350
NIFTY-III.NFO,15/05/2025,09:25:51,24949.7,24944,150,24949,75,0,391350
NIFTY-III.NFO,15/05/2025,09:25:53,24944,24945.3,225,24949,75,75,391350
NIFTY-III.NFO,15/05/2025,09:25:54,24944,24941.2,150,24949,75,0,391350
NIFTY-III.NFO,15/05/2025,09:25:56,24944,24943.6,225,24953.9,225,0,391350
NIFTY-III.NFO,15/05/2025,09:25:58,24944,24945.2,150,24953.8,150,0,391350
NIFTY-III.NFO,15/05/2025,09:25:59,24944,24944.4,150,24953.9,225,0,391350
NIFTY-III.NFO,15/05/2025,09:26:01,24944,24946.9,150,24954,75,0,391350
NIFTY-III.NFO,15/05/2025,09:26:03,24944,24946.5,225,24954,75,0,391350
NIFTY-III.NFO,15/05/2025,09:26:04,24944,24947.1,150,24954,75,0,391350
NIFTY-III.NFO,15/05/2025,09:26:06,24944,24944.3,225,24953.9,225,0,391350
NIFTY-III.NFO,15/05/2025,09:26:08,24944,24942.6,150,24953.3,150,0,391350
NIFTY-III.NFO,15/05/2025,09:26:09,24944,24939.2,75,24949.6,225,0,391350
NIFTY-III.NFO,15/05/2025,09:26:11,24944,24936.8,150,24946.5,150,0,391350
NIFTY-III.NFO,15/05/2025,09:26:13,24944,24936.8,75,24944.3,150,0,391350
NIFTY-III.NFO,15/05/2025,09:26:14,24944,24936.8,75,24942.7,225,0,391350
NIFTY-III.NFO,15/05/2025,09:26:16,24945.1,24936.8,75,24944.7,225,75,391350
NIFTY-III.NFO,15/05/2025,09:26:18,24945.1,24936.8,75,24943.9,225,0,391350
NIFTY-III.NFO,15/05/2025,09:26:19,24936.4,24933.7,300,24942.6,225,150,391350
NIFTY-III.NFO,15/05/2025,09:26:21,24936.4,24929.8,150,24938.4,225,0,391350
NIFTY-III.NFO,15/05/2025,09:26:23,24936.4,24929.3,75,24938.4,225,0,391350
NIFTY-III.NFO,15/05/2025,09:26:24,24936.4,24931.2,75,24941.7,225,0,391350
NIFTY-III.NFO,15/05/2025,09:26:26,24936.4,24930.2,150,24940.3,225,0,391350
NIFTY-III.NFO,15/05/2025,09:26:28,24936.4,24935.9,75,24944,150,0,391350
NIFTY-III.NFO,15/05/2025,09:26:30,24935.9,24937.3,225,24944,75,75,391350
NIFTY-III.NFO,15/05/2025,09:26:31,24935.9,24934.8,150,24943.8,150,0,391350
NIFTY-III.NFO,15/05/2025,09:26:33,24935.9,24932.5,150,24942.5,150,0,391350
NIFTY-III.NFO,15/05/2025,09:26:35,24935.9,24932.3,150,24942,225,0,391350
NIFTY-III.NFO,15/05/2025,09:26:36,24935.9,24933.3,525,24943,225,0,391350
NIFTY-III.NFO,15/05/2025,09:26:38,24935.9,24933.7,150,24943.4,150,0,391350
NIFTY-III.NFO,15/05/2025,09:26:40,24935.9,24932.2,75,24943.9,600,0,391350
NIFTY-III.NFO,15/05/2025,09:26:41,24935.9,24932.2,75,24942.6,525,0,391350
NIFTY-III.NFO,15/05/2025,09:26:43,24935.9,24931.6,150,24941.5,150,0,391350
NIFTY-III.NFO,15/05/2025,09:26:45,24935.9,24942.6,75,24943.8,150,0,391350
NIFTY-III.NFO,15/05/2025,09:26:46,24935.9,24942.6,75,24943.9,225,0,391350
NIFTY-III.NFO,15/05/2025,09:26:48,24935.9,24942.6,75,24943.9,150,0,391350
NIFTY-III.NFO,15/05/2025,09:26:50,24942.6,24933.3,75,24943.8,150,75,391350
NIFTY-III.NFO,15/05/2025,09:26:51,24942.6,24932.4,150,24943.1,600,0,391350
NIFTY-III.NFO,15/05/2025,09:26:53,24942.6,24932.4,150,24943.3,150,0,391350
NIFTY-III.NFO,15/05/2025,09:26:55,24942.6,24935.1,150,24944,375,0,391350
NIFTY-III.NFO,15/05/2025,09:26:56,24942.6,24936.8,225,24944,300,0,391350
NIFTY-III.NFO,15/05/2025,09:26:58,24942.6,24940.8,150,24944,300,0,391350
NIFTY-III.NFO,15/05/2025,09:27:00,24944,24942.7,150,24952.6,75,300,391350
NIFTY-III.NFO,15/05/2025,09:27:01,24944,24946.1,150,24954,75,0,391350
NIFTY-III.NFO,15/05/2025,09:27:03,24944,24944.6,150,24954,150,0,391350
NIFTY-III.NFO,15/05/2025,09:27:05,24944,24944.1,150,24953.9,150,0,391350
NIFTY-III.NFO,15/05/2025,09:27:06,24944,24945.5,150,24954,75,0,391350
NIFTY-III.NFO,15/05/2025,09:27:08,24944,24945.1,150,24954,150,0,391350
NIFTY-III.NFO,15/05/2025,09:27:10,24944,24942.4,150,24952.7,150,0,391350
NIFTY-III.NFO,15/05/2025,09:27:11,24944,24942,75,24952.7,150,0,391350
NIFTY-III.NFO,15/05/2025,09:27:13,24944,24938.2,150,24948.6,150,0,391350
NIFTY-III.NFO,15/05/2025,09:27:15,24944,24937.3,225,24948.6,150,0,391350
NIFTY-III.NFO,15/05/2025,09:27:16,24944,24944,75,24947.1,225,0,391350
NIFTY-III.NFO,15/05/2025,09:27:18,24944,24944,75,24951.8,150,0,391350
NIFTY-III.NFO,15/05/2025,09:27:20,24944,24945.5,225,24954,150,0,391350
NIFTY-III.NFO,15/05/2025,09:27:21,24944,24946.1,225,24954,150,0,391350
NIFTY-III.NFO,15/05/2025,09:27:23,24944,24945.1,225,24953.8,150,0,391350
NIFTY-III.NFO,15/05/2025,09:27:26,24944,24945,75,24953.9,225,0,391350
NIFTY-III.NFO,15/05/2025,09:27:28,24944,24945.4,225,24953.8,150,0,391350
NIFTY-III.NFO,15/05/2025,09:27:30,24945.1,24948.6,375,24954,75,825,391350
NIFTY-III.NFO,15/05/2025,09:27:31,24945.1,24949.3,375,24954,75,0,391350
NIFTY-III.NFO,15/05/2025,09:27:33,24945.1,24947.2,75,24954,75,0,391350
NIFTY-III.NFO,15/05/2025,09:27:35,24945.1,24947.5,75,24953.9,225,0,391350
NIFTY-III.NFO,15/05/2025,09:27:36,24945.1,24944.8,150,24953.9,225,0,391350
NIFTY-III.NFO,15/05/2025,09:27:38,24945.1,24946.9,450,24954,75,0,391350
NIFTY-III.NFO,15/05/2025,09:27:40,24945.1,24947.3,450,24954,75,0,391350
NIFTY-III.NFO,15/05/2025,09:27:41,24945.1,24951,375,24954,75,0,391350
NIFTY-III.NFO,15/05/2025,09:27:43,24945.1,24947.8,75,24953.9,150,0,391350
NIFTY-III.NFO,15/05/2025,09:27:45,24945.1,24945.9,75,24953.9,225,0,391350
NIFTY-III.NFO,15/05/2025,09:27:46,24945.1,24945.5,150,24953.9,225,0,391350
NIFTY-III.NFO,15/05/2025,09:27:48,24945.1,24946.9,75,24954,75,0,391350
NIFTY-III.NFO,15/05/2025,09:27:50,24945.1,24945.5,150,24954,150,0,391350
NIFTY-III.NFO,15/05/2025,09:27:51,24945.1,24948.3,75,24954,75,0,391350
NIFTY-III.NFO,15/05/2025,09:27:53,24945.1,24948.5,375,24954,75,0,391350
NIFTY-III.NFO,15/05/2025,09:27:55,24945.1,24945.7,225,24953.9,225,0,391350
NIFTY-III.NFO,15/05/2025,09:27:56,24945.1,24946,150,24954,75,0,391350
NIFTY-III.NFO,15/05/2025,09:27:58,24945.1,24946.8,75,24953.8,150,0,391350
NIFTY-III.NFO,15/05/2025,09:28:00,24945.1,24946,75,24952.7,150,0,391350
NIFTY-III.NFO,15/05/2025,09:28:01,24945.1,24946,75,24951.3,150,0,391350
NIFTY-III.NFO,15/05/2025,09:28:03,24945.1,24946,75,24952.4,225,0,391350
NIFTY-III.NFO,15/05/2025,09:28:05,24945.1,24946,75,24952.4,150,0,391350
NIFTY-III.NFO,15/05/2025,09:28:06,24946,24945,75,24947.8,150,75,390375
NIFTY-III.NFO,15/05/2025,09:28:08,24946,24945,75,24947.6,150,0,390375
NIFTY-III.NFO,15/05/2025,09:28:10,24945,24939.5,75,24947.3,225,75,390375
NIFTY-III.NFO,15/05/2025,09:28:11,24945,24937,450,24947,150,0,390375
NIFTY-III.NFO,15/05/2025,09:28:13,24945,24940.3,450,24950.9,150,0,390375
NIFTY-III.NFO,15/05/2025,09:28:15,24945,24941.9,150,24950.9,225,0,390375
NIFTY-III.NFO,15/05/2025,09:28:16,24945,24945.5,450,24953.9,75,0,390375
NIFTY-III.NFO,15/05/2025,09:28:18,24945,24944.3,75,24953.8,150,0,390375
NIFTY-III.NFO,15/05/2025,09:28:20,24945,24943,75,24953.8,150,0,390375
NIFTY-III.NFO,15/05/2025,09:28:21,24945,24941.5,150,24951.1,150,0,390375
NIFTY-III.NFO,15/05/2025,09:28:23,24945,24940,75,24948,225,0,390375
NIFTY-III.NFO,15/05/2025,09:28:25,24945,24937.4,450,24946.7,225,0,390375
NIFTY-III.NFO,15/05/2025,09:28:26,24945,24936.6,75,24946.7,225,0,390375
NIFTY-III.NFO,15/05/2025,09:28:28,24945,24931.9,75,24940.8,225,0,390375
NIFTY-III.NFO,15/05/2025,09:28:30,24945,24933.3,225,24942.1,225,0,390375
NIFTY-III.NFO,15/05/2025,09:28:31,24945,24927.9,150,24937.3,225,0,390375
NIFTY-III.NFO,15/05/2025,09:28:33,24945,24929.1,75,24938.2,150,0,390375
NIFTY-III.NFO,15/05/2025,09:28:35,24945,24928.3,75,24938.5,600,0,390375
NIFTY-III.NFO,15/05/2025,09:28:36,24945,24927,450,24938.2,225,0,390375
NIFTY-III.NFO,15/05/2025,09:28:38,24945,24928,150,24936.2,225,0,390375
NIFTY-III.NFO,15/05/2025,09:28:40,24945,24926.2,450,24936.1,150,0,390375
NIFTY-III.NFO,15/05/2025,09:28:42,24936.1,24927.2,75,24936.8,150,75,390375
NIFTY-III.NFO,15/05/2025,09:28:43,24936.1,24931,75,24940.6,225,0,390375
NIFTY-III.NFO,15/05/2025,09:28:45,24936.1,24931.9,150,24940.8,225,0,390375
NIFTY-III.NFO,15/05/2025,09:28:47,24936.1,24931.1,75,24942.5,225,0,390375
NIFTY-III.NFO,15/05/2025,09:28:48,24936.1,24929.9,75,24941.2,150,0,390375
NIFTY-III.NFO,15/05/2025,09:28:50,24936.1,24927.8,75,24937.6,150,0,390375
NIFTY-III.NFO,15/05/2025,09:28:52,24936.1,24928.5,75,24939.6,150,0,390375
NIFTY-III.NFO,15/05/2025,09:28:53,24936.1,24930.4,150,24939.6,150,0,390375
NIFTY-III.NFO,15/05/2025,09:28:55,24936.1,24927.9,75,24938.6,150,0,390375
NIFTY-III.NFO,15/05/2025,09:28:57,24936.1,24927.3,75,24938,150,0,390375
NIFTY-III.NFO,15/05/2025,09:28:58,24936.1,24929.4,75,24939.6,150,0,390375
NIFTY-III.NFO,15/05/2025,09:29:00,24936.1,24927.9,75,24939.6,150,0,390375
NIFTY-III.NFO,15/05/2025,09:29:02,24936.1,24927.9,75,24938.5,150,0,390375
NIFTY-III.NFO,15/05/2025,09:29:03,24936.1,24930.5,75,24941.2,150,0,390375
NIFTY-III.NFO,15/05/2025,09:29:05,24936.1,24937.1,150,24946.2,150,0,390375
NIFTY-III.NFO,15/05/2025,09:29:07,24936.1,24931.4,150,24943.4,525,0,390375
NIFTY-III.NFO,15/05/2025,09:29:08,24936.1,24931.3,75,24941.9,225,0,390375
NIFTY-III.NFO,15/05/2025,09:29:12,24936.1,24929.5,75,24940.7,150,0,390375
NIFTY-III.NFO,15/05/2025,09:29:13,24936.1,24931.7,75,24941.2,150,0,390375
NIFTY-III.NFO,15/05/2025,09:29:15,24936.1,24929.1,75,24940.1,150,0,390375
NIFTY-III.NFO,15/05/2025,09:29:17,24936.1,24930.2,75,24940.1,150,0,390375
NIFTY-III.NFO,15/05/2025,09:29:18,24936.1,24935.1,150,24943.9,150,0,390375
NIFTY-III.NFO,15/05/2025,09:29:20,24936.1,24933.5,450,24943.2,150,0,390375
NIFTY-III.NFO,15/05/2025,09:29:22,24936.1,24933.8,75,24944.4,150,0,390375
NIFTY-III.NFO,15/05/2025,09:29:23,24936.1,24932.4,75,24943.7,150,0,390375
NIFTY-III.NFO,15/05/2025,09:29:25,24936.1,24934.1,75,24943.7,150,0,390375
NIFTY-III.NFO,15/05/2025,09:29:26,24934.1,24935.6,150,24946.2,150,75,390375
NIFTY-III.NFO,15/05/2025,09:29:28,24934.1,24933.1,75,24944.7,150,0,390375
NIFTY-III.NFO,15/05/2025,09:29:30,24934.1,24931,75,24940.7,150,0,390375
NIFTY-III.NFO,15/05/2025,09:29:31,24934.1,24931,75,24938.3,525,0,390375
NIFTY-III.NFO,15/05/2025,09:29:33,24934.1,24931,75,24936.8,225,0,390375
NIFTY-III.NFO,15/05/2025,09:29:35,24934.1,24934.1,75,24940.7,150,0,390375
NIFTY-III.NFO,15/05/2025,09:29:36,24934.1,24934.1,75,24941.4,150,0,390375
NIFTY-III.NFO,15/05/2025,09:29:38,24934.1,24934.1,150,24942,450,0,390375
NIFTY-III.NFO,15/05/2025,09:29:40,24934.1,24935.1,450,24942,450,0,390375
NIFTY-III.NFO,15/05/2025,09:29:41,24934.1,24935.9,150,24942,450,0,390375
NIFTY-III.NFO,15/05/2025,09:29:43,24934.1,24935.5,450,24942,450,0,390375
NIFTY-III.NFO,15/05/2025,09:29:45,24934.1,24936.1,150,24942,450,0,390375
NIFTY-III.NFO,15/05/2025,09:29:46,24934.1,24938,75,24942,450,0,390375
NIFTY-III.NFO,15/05/2025,09:29:48,24934.1,24935.4,75,24942,450,0,390375
NIFTY-III.NFO,15/05/2025,09:29:50,24941.9,24934.1,150,24941.9,150,75,390375
NIFTY-III.NFO,15/05/2025,09:29:51,24941.9,24934.1,75,24941.9,225,0,390375
NIFTY-III.NFO,15/05/2025,09:29:53,24941.9,24934.1,150,24941.9,225,0,390375
NIFTY-III.NFO,15/05/2025,09:29:55,24941.9,24934.1,75,24941.9,225,0,390375
NIFTY-III.NFO,15/05/2025,09:29:58,24941.9,24934.2,150,24942,450,0,390375
NIFTY-III.NFO,15/05/2025,09:30:00,24941.9,24935.3,75,24942,450,0,390375
NIFTY-III.NFO,15/05/2025,09:30:01,24941.9,24936.2,150,24942,450,0,390375
NIFTY-III.NFO,15/05/2025,09:30:03,24941.9,24936.6,150,24942,450,0,390375
NIFTY-III.NFO,15/05/2025,09:30:05,24942,24939.4,150,24949.7,150,450,390375
NIFTY-III.NFO,15/05/2025,09:30:06,24942,24942.2,75,24952,150,0,390375
NIFTY-III.NFO,15/05/2025,09:30:08,24942,24941,75,24951.3,225,0,390375
NIFTY-III.NFO,15/05/2025,09:30:10,24942,24940.7,75,24951.4,150,0,390375
NIFTY-III.NFO,15/05/2025,09:30:11,24942,24936,150,24946.3,150,0,390375
NIFTY-III.NFO,15/05/2025,09:30:13,24942,24942,75,24948.6,225,0,390375
NIFTY-III.NFO,15/05/2025,09:30:15,24942,24942.1,150,24951,150,0,390375
NIFTY-III.NFO,15/05/2025,09:30:16,24942,24942,150,24950.8,225,0,390375
NIFTY-III.NFO,15/05/2025,09:30:18,24942,24942,150,24947.3,225,0,390375
NIFTY-III.NFO,15/05/2025,09:30:20,24942,24942,150,24946.9,225,0,390375
NIFTY-III.NFO,15/05/2025,09:30:21,24942,24942,150,24948.7,150,0,390375
NIFTY-III.NFO,15/05/2025,09:30:23,24942,24942,225,24950.1,225,0,390375
NIFTY-III.NFO,15/05/2025,09:30:25,24942,24942,150,24948.8,225,0,390375
NIFTY-III.NFO,15/05/2025,09:30:26,24942,24934.9,75,24943.8,225,150,390375
NIFTY-III.NFO,15/05/2025,09:30:28,24942,24933.1,150,24943.7,150,0,390375
NIFTY-III.NFO,15/05/2025,09:30:30,24942,24933.9,150,24941.9,150,0,390375
NIFTY-III.NFO,15/05/2025,09:30:31,24942,24934,75,24943.2,150,0,390375
NIFTY-III.NFO,15/05/2025,09:30:33,24942,24931.6,75,24941.8,225,0,390375
NIFTY-III.NFO,15/05/2025,09:30:35,24942,24931,75,24938.4,150,0,390375
NIFTY-III.NFO,15/05/2025,09:30:36,24942,24931,75,24936.6,225,0,390375
NIFTY-III.NFO,15/05/2025,09:30:38,24942,24931,75,24935.4,225,0,390375
NIFTY-III.NFO,15/05/2025,09:30:40,24942,24931,75,24936.5,150,0,390375
NIFTY-III.NFO,15/05/2025,09:30:41,24942,24931,75,24934.7,225,0,390375
NIFTY-III.NFO,15/05/2025,09:30:43,24925,24925.1,150,24934.4,525,150,390225
NIFTY-III.NFO,15/05/2025,09:30:45,24925,24925.1,150,24935.1,150,0,390225
NIFTY-III.NFO,15/05/2025,09:30:47,24925,24930.4,75,24940.4,225,0,390225
NIFTY-III.NFO,15/05/2025,09:30:48,24925,24931.1,75,24941.6,150,0,390225
NIFTY-III.NFO,15/05/2025,09:30:50,24925,24930.4,450,24940.2,225,0,390225
NIFTY-III.NFO,15/05/2025,09:30:52,24925,24930.4,75,24940.3,225,0,390225
NIFTY-III.NFO,15/05/2025,09:30:53,24940.3,24932.1,75,24941.8,150,75,390225
NIFTY-III.NFO,15/05/2025,09:30:55,24940.3,24932.1,75,24940.9,225,0,390225
NIFTY-III.NFO,15/05/2025,09:30:57,24940.3,24931.9,75,24941.8,150,0,390225
NIFTY-III.NFO,15/05/2025,09:30:58,24940.3,24931.9,75,24941.9,225,0,390225
NIFTY-III.NFO,15/05/2025,09:31:00,24940.3,24929.4,75,24939.1,150,0,390225
NIFTY-III.NFO,15/05/2025,09:31:02,24940.3,24928.6,450,24939.1,150,0,390225
NIFTY-III.NFO,15/05/2025,09:31:03,24940.3,24934.5,150,24942,300,0,390225
NIFTY-III.NFO,15/05/2025,09:31:05,24940.3,24935,150,24942,300,0,390225
NIFTY-III.NFO,15/05/2025,09:31:07,24940.3,24937.4,75,24942,300,0,390225
NIFTY-III.NFO,15/05/2025,09:31:08,24940.3,24937.6,150,24942,300,0,390225
NIFTY-III.NFO,15/05/2025,09:31:10,24940.3,24935.3,75,24942,300,0,390225
NIFTY-III.NFO,15/05/2025,09:31:12,24940.3,24937.5,75,24942,300,0,390225
NIFTY-III.NFO,15/05/2025,09:31:13,24938.3,24938.5,150,24942,300,75,390225
NIFTY-III.NFO,15/05/2025,09:31:15,24938.3,24936.3,150,24940.3,75,0,390225
NIFTY-III.NFO,15/05/2025,09:31:17,24938.3,24937,150,24940.3,75,0,390225
NIFTY-III.NFO,15/05/2025,09:31:18,24940.3,24940.4,75,24942,300,75,390225
NIFTY-III.NFO,15/05/2025,09:31:20,24942,24942.5,75,24952.8,150,300,390225
NIFTY-III.NFO,15/05/2025,09:31:22,24942,24946.1,75,24954,75,0,390225
NIFTY-III.NFO,15/05/2025,09:31:23,24942,24944.4,75,24954,150,0,390225
NIFTY-III.NFO,15/05/2025,09:31:25,24942,24945.5,75,24954,75,0,390225
NIFTY-III.NFO,15/05/2025,09:31:27,24942,24945.2,150,24953.9,225,0,390225
NIFTY-III.NFO,15/05/2025,09:31:28,24942,24944.9,150,24953.9,75,0,390225
NIFTY-III.NFO,15/05/2025,09:31:30,24942,24943.4,75,24953.8,150,0,390225
NIFTY-III.NFO,15/05/2025,09:31:32,24942,24939.1,150,24948.8,225,0,390225
NIFTY-III.NFO,15/05/2025,09:31:33,24942,24941.3,75,24951.2,225,0,390225
NIFTY-III.NFO,15/05/2025,09:31:35,24942,24941.7,75,24950.7,225,0,390225
NIFTY-III.NFO,15/05/2025,09:31:37,24942,24942.5,75,24951.4,150,0,390225
NIFTY-III.NFO,15/05/2025,09:31:38,24942,24940.6,150,24949.8,150,0,390225
NIFTY-III.NFO,15/05/2025,09:31:40,24942,24937.1,75,24947.1,150,0,390225
NIFTY-III.NFO,15/05/2025,09:31:42,24942,24935.1,75,24944.8,225,0,390225
NIFTY-III.NFO,15/05/2025,09:31:43,24942,24936.7,75,24947.1,150,0,390225
NIFTY-III.NFO,15/05/2025,09:31:45,24942,24940,75,24946.6,225,0,390225
NIFTY-III.NFO,15/05/2025,09:31:47,24942,24940,75,24946.4,225,0,390225
NIFTY-III.NFO,15/05/2025,09:31:48,24942,24940,75,24946.4,150,0,390225
NIFTY-III.NFO,15/05/2025,09:31:50,24942,24940,75,24948,225,0,390225
NIFTY-III.NFO,15/05/2025,09:31:52,24942,24941.4,225,24950.3,150,0,390225
NIFTY-III.NFO,15/05/2025,09:31:53,24942,24940,75,24948.2,150,0,390225
NIFTY-III.NFO,15/05/2025,09:31:55,24940.2,24940.9,150,24948.8,225,75,390225
NIFTY-III.NFO,15/05/2025,09:31:57,24940.2,24940.1,150,24949.1,225,0,390225
NIFTY-III.NFO,15/05/2025,09:31:58,24940.2,24940,75,24946.2,225,0,390225
NIFTY-III.NFO,15/05/2025,09:32:00,24940.2,24940,75,24947,150,0,390225
NIFTY-III.NFO,15/05/2025,09:32:02,24940.2,24940,75,24945.1,225,0,390225
NIFTY-III.NFO,15/05/2025,09:32:03,24940.2,24940.5,150,24948,300,0,390225
NIFTY-III.NFO,15/05/2025,09:32:05,24940.2,24941.3,150,24948,300,0,390225
NIFTY-III.NFO,15/05/2025,09:32:08,24940.2,24940.8,150,24948,300,0,390225
NIFTY-III.NFO,15/05/2025,09:32:10,24940.2,24940.8,75,24947.9,225,0,390225
NIFTY-III.NFO,15/05/2025,09:32:12,24940.2,24940,75,24945.6,225,0,390225
NIFTY-III.NFO,15/05/2025,09:32:13,24940.2,24940,75,24941.6,150,0,390225
NIFTY-III.NFO,15/05/2025,09:32:15,24940.2,24940,75,24942.3,150,0,390225
NIFTY-III.NFO,15/05/2025,09:32:17,24940,24935.5,75,24942.3,300,75,390225
NIFTY-III.NFO,15/05/2025,09:32:18,24940,24935.5,75,24939.3,225,0,390225
NIFTY-III.NFO,15/05/2025,09:32:20,24940,24935.5,75,24943.4,225,0,390225
NIFTY-III.NFO,15/05/2025,09:32:22,24940,24935.6,150,24945.1,450,0,390225
NIFTY-III.NFO,15/05/2025,09:32:23,24940,24935.1,75,24945.8,150,0,390225
NIFTY-III.NFO,15/05/2025,09:32:25,24940,24935,300,24939,375,0,390225
NIFTY-III.NFO,15/05/2025,09:32:27,24940,24935,300,24940.4,225,0,390225
NIFTY-III.NFO,15/05/2025,09:32:28,24937.9,24935,300,24940.4,225,450,390225
NIFTY-III.NFO,15/05/2025,09:32:30,24937.9,24935,300,24941.5,75,0,390225
NIFTY-III.NFO,15/05/2025,09:32:32,24937.9,24935,300,24942.4,600,0,390225
NIFTY-III.NFO,15/05/2025,09:32:33,24937.9,24935,300,24939.4,75,0,390225
NIFTY-III.NFO,15/05/2025,09:32:35,24937.9,24935,300,24939.3,150,0,390225
NIFTY-III.NFO,15/05/2025,09:32:37,24937.9,24935,300,24939.2,225,0,390225
NIFTY-III.NFO,15/05/2025,09:32:38,24935,24927.3,225,24935.7,225,300,390225
NIFTY-III.NFO,15/05/2025,09:32:40,24935,24926.4,225,24935.6,225,0,390225
NIFTY-III.NFO,15/05/2025,09:32:42,24935,24928.3,150,24937.1,150,0,390225
NIFTY-III.NFO,15/05/2025,09:32:43,24935,24927.7,150,24936.5,150,0,390225
NIFTY-III.NFO,15/05/2025,09:32:45,24937.9,24928.5,150,24940.2,150,75,390225
NIFTY-III.NFO,15/05/2025,09:32:47,24937.9,24931.6,75,24941.3,150,0,390225
NIFTY-III.NFO,15/05/2025,09:32:48,24937.9,24929.9,150,24940,150,0,390225
NIFTY-III.NFO,15/05/2025,09:32:50,24937.9,24930.3,75,24941.1,150,0,390225
NIFTY-III.NFO,15/05/2025,09:32:52,24937.9,24931.1,75,24941.6,150,0,390225
NIFTY-III.NFO,15/05/2025,09:32:53,24937.9,24930.3,150,24941.7,150,0,390225
NIFTY-III.NFO,15/05/2025,09:32:55,24937.9,24929.2,75,24938.5,225,0,390225
NIFTY-III.NFO,15/05/2025,09:32:57,24937.9,24930.7,150,24937.9,225,0,390225
NIFTY-III.NFO,15/05/2025,09:32:58,24937.9,24929.4,150,24937.9,300,0,390225
NIFTY-III.NFO,15/05/2025,09:33:00,24937.9,24930.4,75,24937.9,150,75,390225
NIFTY-III.NFO,15/05/2025,09:33:02,24937.9,24929.7,75,24937.8,225,0,390225
NIFTY-III.NFO,15/05/2025,09:33:03,24931,24931,150,24937.8,225,75,390225
NIFTY-III.NFO,15/05/2025,09:33:05,24931,24931,150,24937.8,225,0,390225
NIFTY-III.NFO,15/05/2025,09:33:07,24931,24931,150,24936.4,225,0,390225
NIFTY-III.NFO,15/05/2025,09:33:08,24931,24931,150,24937.4,150,0,390225
NIFTY-III.NFO,15/05/2025,09:33:10,24931,24931,75,24936.6,150,75,390225
NIFTY-III.NFO,15/05/2025,09:33:12,24931,24931,75,24937,150,0,390225
NIFTY-III.NFO,15/05/2025,09:33:13,24931,24931,75,24937.8,75,0,390225
NIFTY-III.NFO,15/05/2025,09:33:15,24931.3,24931,150,24940.7,150,150,390225
NIFTY-III.NFO,15/05/2025,09:33:17,24931.3,24931,75,24937.4,150,0,390225
NIFTY-III.NFO,15/05/2025,09:33:18,24931.3,24931,75,24936.3,150,0,390225
NIFTY-III.NFO,15/05/2025,09:33:20,24931.3,24931,75,24935.8,150,0,390225
NIFTY-III.NFO,15/05/2025,09:33:22,24931.3,24931,75,24932.6,225,0,390225
NIFTY-III.NFO,15/05/2025,09:33:23,24931.3,24931,75,24938,225,0,390225
NIFTY-III.NFO,15/05/2025,09:33:25,24931.3,24931,75,24935,225,0,390225
NIFTY-III.NFO,15/05/2025,09:33:27,24931.3,24931,75,24938.4,150,0,390225
NIFTY-III.NFO,15/05/2025,09:33:28,24931.3,24931,75,24931.3,75,0,390225
NIFTY-III.NFO,15/05/2025,09:33:37,24931.3,24931,75,24937.3,225,75,390375
NIFTY-III.NFO,15/05/2025,09:33:38,24931.3,24931,75,24938.2,150,0,390375
NIFTY-III.NFO,15/05/2025,09:33:40,24931.3,24931.1,150,24940.9,150,0,390375
NIFTY-III.NFO,15/05/2025,09:33:42,24931.3,24937,75,24941,225,0,390375
NIFTY-III.NFO,15/05/2025,09:33:43,24931.3,24937,75,24941.6,150,0,390375
NIFTY-III.NFO,15/05/2025,09:33:45,24931.3,24937,75,24940.7,150,0,390375
NIFTY-III.NFO,15/05/2025,09:33:47,24931.3,24937,75,24941.8,1125,0,390375
NIFTY-III.NFO,15/05/2025,09:33:48,24931.3,24937,75,24943.3,225,0,390375
NIFTY-III.NFO,15/05/2025,09:33:50,24931.3,24940,75,24944.2,225,0,390375
NIFTY-III.NFO,15/05/2025,09:33:52,24931.3,24940,75,24943.1,750,0,390375
NIFTY-III.NFO,15/05/2025,09:33:53,24931.3,24940,75,24943,150,0,390375
NIFTY-III.NFO,15/05/2025,09:33:55,24931.3,24940,75,24944.2,225,0,390375
NIFTY-III.NFO,15/05/2025,09:33:57,24931.3,24942,75,24944.2,225,0,390375
NIFTY-III.NFO,15/05/2025,09:33:58,24942,24934.1,225,24943.7,225,75,390375
NIFTY-III.NFO,15/05/2025,09:34:00,24942,24934.8,75,24943.7,150,0,390375
NIFTY-III.NFO,15/05/2025,09:34:02,24942,24934.6,75,24943.7,225,0,390375
NIFTY-III.NFO,15/05/2025,09:34:03,24942,24933.8,75,24943.7,225,0,390375
NIFTY-III.NFO,15/05/2025,09:34:05,24942,24933.8,75,24943.4,150,0,390375
NIFTY-III.NFO,15/05/2025,09:34:07,24942,24934.1,225,24943.4,225,0,390375
NIFTY-III.NFO,15/05/2025,09:34:08,24942,24935.6,75,24943.7,225,0,390375
NIFTY-III.NFO,15/05/2025,09:34:10,24942,24933,150,24941.5,150,0,390375
NIFTY-III.NFO,15/05/2025,09:34:12,24933,24928.2,75,24938.3,150,75,390375
NIFTY-III.NFO,15/05/2025,09:34:13,24933,24927.7,75,24938,150,0,390375
NIFTY-III.NFO,15/05/2025,09:34:15,24933,24925.9,150,24936.2,150,0,390375
NIFTY-III.NFO,15/05/2025,09:34:17,24933,24928.2,150,24939.6,1275,0,390375
NIFTY-III.NFO,15/05/2025,09:34:18,24933,24928.5,75,24939.6,1275,0,390375
NIFTY-III.NFO,15/05/2025,09:34:20,24933,24930.2,75,24939.5,225,0,390375
NIFTY-III.NFO,15/05/2025,09:34:22,24933,24931.7,75,24942.1,150,0,390375
NIFTY-III.NFO,15/05/2025,09:34:23,24933,24930.6,150,24940.9,150,0,390375
NIFTY-III.NFO,15/05/2025,09:34:25,24933,24930.8,75,24941.2,225,0,390375
NIFTY-III.NFO,15/05/2025,09:34:27,24941.5,24932.8,150,24941.5,150,75,390375
NIFTY-III.NFO,15/05/2025,09:34:28,24941.5,24931.8,150,24941.3,150,75,390375
NIFTY-III.NFO,15/05/2025,09:34:30,24941.5,24931.8,150,24941.9,150,0,390375
NIFTY-III.NFO,15/05/2025,09:34:32,24941.5,24933.8,150,24941.9,150,0,390375
NIFTY-III.NFO,15/05/2025,09:34:33,24941.5,24931.8,150,24941.9,225,0,390375
NIFTY-III.NFO,15/05/2025,09:34:35,24941.5,24931.2,150,24940.9,150,0,390375
NIFTY-III.NFO,15/05/2025,09:34:37,24941.5,24932.2,150,24941.8,75,0,390375
NIFTY-III.NFO,15/05/2025,09:34:38,24941.5,24932.8,150,24941.9,150,0,390375
NIFTY-III.NFO,15/05/2025,09:34:40,24941.5,24933.5,525,24942,75,0,390375
NIFTY-III.NFO,15/05/2025,09:34:42,24941.5,24933.5,150,24942,75,0,390375
NIFTY-III.NFO,15/05/2025,09:34:43,24941.5,24932.2,150,24941.9,150,0,390375
NIFTY-III.NFO,15/05/2025,09:34:45,24941.5,24930.2,150,24940.9,75,0,390375
NIFTY-III.NFO,15/05/2025,09:34:46,24941.5,24929.1,150,24938.9,150,0,390375
NIFTY-III.NFO,15/05/2025,09:34:48,24941.5,24928.6,150,24939.7,150,0,390375
NIFTY-III.NFO,15/05/2025,09:34:50,24941.5,24928.8,150,24938.4,75,0,390375
NIFTY-III.NFO,15/05/2025,09:34:51,24938.4,24930.6,150,24940.6,225,75,390375
NIFTY-III.NFO,15/05/2025,09:34:53,24938.4,24930.6,150,24940.6,225,0,390375
NIFTY-III.NFO,15/05/2025,09:34:55,24938.4,24929.4,150,24940.1,525,0,390375
NIFTY-III.NFO,15/05/2025,09:34:56,24938.4,24928.6,150,24938.2,150,0,390375
NIFTY-III.NFO,15/05/2025,09:34:58,24938.4,24925.9,150,24936.2,150,0,390375
NIFTY-III.NFO,15/05/2025,09:35:00,24938.4,24925,1725,24933.7,525,0,390375
NIFTY-III.NFO,15/05/2025,09:35:01,24938.4,24925,1725,24928.3,150,0,390375
NIFTY-III.NFO,15/05/2025,09:35:03,24920,24918,75,24919.7,225,1875,390375
NIFTY-III.NFO,15/05/2025,09:35:05,24918,24915,1050,24919.7,150,75,390375
NIFTY-III.NFO,15/05/2025,09:35:05,24918,24915,1050,24919.7,150,0,390375
NIFTY-III.NFO,15/05/2025,09:35:07,24918,24915,1050,24919.8,150,0,390375
NIFTY-III.NFO,15/05/2025,09:35:08,24918,24915,1050,24918.3,375,0,390375
NIFTY-III.NFO,15/05/2025,09:35:10,24918,24915,1050,24919.8,150,0,390375
NIFTY-III.NFO,15/05/2025,09:35:13,24918,24915.1,225,24919.8,150,0,390375
NIFTY-III.NFO,15/05/2025,09:35:17,24918,24915,1050,24919.8,150,0,390375
NIFTY-III.NFO,15/05/2025,09:35:18,24915,24913,75,24917.8,225,1050,390375
NIFTY-III.NFO,15/05/2025,09:35:18,24915,24913,75,24917.8,225,0,390375
NIFTY-III.NFO,15/05/2025,09:35:20,24915,24913,75,24918.4,225,0,390375
NIFTY-III.NFO,15/05/2025,09:35:22,24915,24913,75,24919.4,225,0,390375
NIFTY-III.NFO,15/05/2025,09:35:23,24915,24913,75,24919.8,150,0,390375
NIFTY-III.NFO,15/05/2025,09:35:25,24915,24913,75,24919.7,150,0,390375
NIFTY-III.NFO,15/05/2025,09:35:27,24915,24913,75,24919.7,225,0,390375
NIFTY-III.NFO,15/05/2025,09:35:28,24915,24915,75,24919.8,150,0,390375
NIFTY-III.NFO,15/05/2025,09:35:32,24915,24915.1,225,24919.8,150,0,390375
NIFTY-III.NFO,15/05/2025,09:35:33,24915,24915.2,150,24919.8,150,0,390375
NIFTY-III.NFO,15/05/2025,09:35:35,24915.1,24915,150,24919.7,150,75,390375
NIFTY-III.NFO,15/05/2025,09:35:37,24915.1,24915,225,24919.8,150,0,390375
NIFTY-III.NFO,15/05/2025,09:35:38,24915.1,24915.1,150,24919.8,150,0,390375
NIFTY-III.NFO,15/05/2025,09:35:43,24919.8,24915.2,150,24925.1,150,150,390375
NIFTY-III.NFO,15/05/2025,09:35:45,24919.8,24915.1,75,24921.2,150,0,390375
NIFTY-III.NFO,15/05/2025,09:35:47,24919.8,24915.1,75,24920.8,150,0,390375
NIFTY-III.NFO,15/05/2025,09:35:48,24919.8,24915.1,75,24921.9,150,0,390375
NIFTY-III.NFO,15/05/2025,09:35:50,24919.8,24915.1,75,24919.5,150,0,390375
NIFTY-III.NFO,15/05/2025,09:35:52,24919.8,24915.1,75,24917.2,750,0,390375
NIFTY-III.NFO,15/05/2025,09:35:53,24919.8,24915.1,75,24920,150,0,390375
NIFTY-III.NFO,15/05/2025,09:35:55,24915,24913,75,24915,75,150,390375
NIFTY-III.NFO,15/05/2025,09:35:57,24915,24913,75,24915.8,75,0,390375
NIFTY-III.NFO,15/05/2025,09:35:58,24915,24913,75,24916.1,150,0,390375
NIFTY-III.NFO,15/05/2025,09:36:00,24915,24913,75,24915.7,75,0,390375
NIFTY-III.NFO,15/05/2025,09:36:02,24915,24913,75,24915.4,75,0,390375
NIFTY-III.NFO,15/05/2025,09:36:03,24913,24910,75,24915.3,75,75,390375
NIFTY-III.NFO,15/05/2025,09:36:03,24913,24910,75,24915.3,75,0,390375
NIFTY-III.NFO,15/05/2025,09:36:05,24913,24910,75,24917.3,150,0,390375
NIFTY-III.NFO,15/05/2025,09:36:07,24919.3,24910,75,24918.1,150,75,390375
NIFTY-III.NFO,15/05/2025,09:36:08,24919.3,24910,150,24918.4,150,0,390375
NIFTY-III.NFO,15/05/2025,09:36:10,24919.3,24910.1,75,24918.1,825,0,390375
NIFTY-III.NFO,15/05/2025,09:36:12,24919.3,24910,225,24918.6,825,0,390375
NIFTY-III.NFO,15/05/2025,09:36:13,24919.3,24910,150,24914.5,75,0,390375
NIFTY-III.NFO,15/05/2025,09:36:15,24919.3,24910,150,24915.8,825,0,390375
NIFTY-III.NFO,15/05/2025,09:36:17,24919.3,24910,150,24914.9,75,0,390375
NIFTY-III.NFO,15/05/2025,09:36:20,24905.3,24906.5,525,24916.8,150,525,390375
NIFTY-III.NFO,15/05/2025,09:36:20,24905.3,24906.5,525,24916.8,150,0,390375
NIFTY-III.NFO,15/05/2025,09:36:22,24905.3,24907.7,150,24916.3,75,0,390375
NIFTY-III.NFO,15/05/2025,09:36:23,24905.3,24909.7,150,24918.8,75,0,390375
NIFTY-III.NFO,15/05/2025,09:36:25,24905.3,24911.2,525,24922,75,0,390375
NIFTY-III.NFO,15/05/2025,09:36:27,24905.3,24914.3,150,24923.3,150,0,390375
NIFTY-III.NFO,15/05/2025,09:36:28,24923.3,24912.6,150,24922.5,150,75,390375
NIFTY-III.NFO,15/05/2025,09:36:30,24923.3,24909.1,150,24918.7,450,0,390375
NIFTY-III.NFO,15/05/2025,09:36:32,24923.3,24910.2,150,24920.8,150,0,390375
NIFTY-III.NFO,15/05/2025,09:36:33,24923.3,24912.9,150,24922,75,0,390375
NIFTY-III.NFO,15/05/2025,09:36:35,24923.3,24914.4,150,24924.6,150,0,390375
NIFTY-III.NFO,15/05/2025,09:36:37,24923.3,24916.7,150,24925.8,150,0,390375
NIFTY-III.NFO,15/05/2025,09:36:38,24923.3,24923.3,75,24924.5,75,0,390375
NIFTY-III.NFO,15/05/2025,09:36:40,24923.3,24912.6,150,24921.8,450,75,391500
NIFTY-III.NFO,15/05/2025,09:36:42,24923.3,24909.9,150,24918.6,75,0,391500
NIFTY-III.NFO,15/05/2025,09:36:43,24911.5,24911.5,75,24919.7,75,75,391500
NIFTY-III.NFO,15/05/2025,09:36:45,24911.5,24910.3,225,24919.1,75,0,391500
NIFTY-III.NFO,15/05/2025,09:36:47,24911.5,24908.9,75,24917.5,150,0,391500
NIFTY-III.NFO,15/05/2025,09:36:48,24911.5,24908.9,150,24917.6,75,0,391500
NIFTY-III.NFO,15/05/2025,09:36:50,24911.5,24908.9,150,24918.8,75,0,391500
NIFTY-III.NFO,15/05/2025,09:36:52,24911.5,24909.5,150,24918.7,75,0,391500
NIFTY-III.NFO,15/05/2025,09:36:53,24911.5,24909.8,150,24916.6,75,0,391500
NIFTY-III.NFO,15/05/2025,09:36:55,24911.5,24908.7,150,24916.5,150,0,391500
NIFTY-III.NFO,15/05/2025,09:36:57,24911.5,24906.9,225,24916.2,150,0,391500
NIFTY-III.NFO,15/05/2025,09:36:58,24911.5,24909,900,24918.4,150,0,391500
NIFTY-III.NFO,15/05/2025,09:37:00,24911.5,24911.2,150,24921.5,75,0,391500
NIFTY-III.NFO,15/05/2025,09:37:02,24911.5,24907.9,150,24916.1,75,0,391500
NIFTY-III.NFO,15/05/2025,09:37:03,24911.5,24911,150,24919.1,75,0,391500
NIFTY-III.NFO,15/05/2025,09:37:05,24911.5,24910.8,300,24917.8,75,0,391500
NIFTY-III.NFO,15/05/2025,09:37:07,24911.5,24910,150,24917.8,75,75,391500
NIFTY-III.NFO,15/05/2025,09:37:08,24911.5,24910.1,150,24919.2,75,0,391500
NIFTY-III.NFO,15/05/2025,09:37:10,24911.5,24910,150,24917,75,0,391500
NIFTY-III.NFO,15/05/2025,09:37:12,24911.5,24910.8,150,24921.4,150,0,391500
NIFTY-III.NFO,15/05/2025,09:37:13,24911.5,24910.7,75,24920.1,150,0,391500
NIFTY-III.NFO,15/05/2025,09:37:15,24911.5,24911.7,225,24920.1,150,0,391500
NIFTY-III.NFO,15/05/2025,09:37:17,24911.7,24911.8,150,24918.9,75,75,391500
NIFTY-III.NFO,15/05/2025,09:37:18,24911.7,24912.1,150,24921.2,150,0,391500
NIFTY-III.NFO,15/05/2025,09:37:20,24911.7,24911.3,150,24920.9,150,0,391500
NIFTY-III.NFO,15/05/2025,09:37:22,24911.7,24910.9,75,24918,75,0,391500
NIFTY-III.NFO,15/05/2025,09:37:23,24911.7,24912,150,24919.1,75,0,391500
NIFTY-III.NFO,15/05/2025,09:37:25,24911.7,24912,75,24916,75,0,391500
NIFTY-III.NFO,15/05/2025,09:37:27,24911.7,24912,75,24915.1,75,0,391500
NIFTY-III.NFO,15/05/2025,09:37:28,24911.7,24912,75,24918.1,150,0,391500
NIFTY-III.NFO,15/05/2025,09:37:30,24911.7,24912,75,24915.2,75,0,391500
NIFTY-III.NFO,15/05/2025,09:37:32,24912,24910.9,75,24917.7,150,75,391500
NIFTY-III.NFO,15/05/2025,09:37:33,24912,24911,225,24919.9,150,0,391500
NIFTY-III.NFO,15/05/2025,09:37:35,24912,24913.1,150,24920,75,0,391500
NIFTY-III.NFO,15/05/2025,09:37:37,24912,24911.4,150,24920,75,0,391500
NIFTY-III.NFO,15/05/2025,09:37:38,24911.4,24911.6,150,24920,75,150,391500
NIFTY-III.NFO,15/05/2025,09:37:40,24911.4,24910.9,75,24919.1,150,0,391500
NIFTY-III.NFO,15/05/2025,09:37:42,24911.4,24910.9,75,24917.8,150,0,391500
NIFTY-III.NFO,15/05/2025,09:37:43,24911.4,24910.9,75,24917,150,0,391500
NIFTY-III.NFO,15/05/2025,09:37:45,24911.4,24910.9,75,24914.4,75,0,391500
NIFTY-III.NFO,15/05/2025,09:37:47,24911.4,24910.9,75,24913.2,75,0,391500
NIFTY-III.NFO,15/05/2025,09:37:48,24904,24901,225,24905.4,225,375,391500
NIFTY-III.NFO,15/05/2025,09:37:48,24904,24901,225,24905.4,225,0,391500
NIFTY-III.NFO,15/05/2025,09:37:50,24904,24901,225,24906.8,75,0,391500
NIFTY-III.NFO,15/05/2025,09:37:52,24904,24901,300,24911.2,75,0,391500
NIFTY-III.NFO,15/05/2025,09:37:53,24904,24902.1,225,24912.6,75,150,391500
NIFTY-III.NFO,15/05/2025,09:37:55,24904,24906,75,24913.7,75,0,391500
NIFTY-III.NFO,15/05/2025,09:37:57,24904,24906,75,24911.7,450,0,391500
NIFTY-III.NFO,15/05/2025,09:37:58,24904,24906,150,24915,150,0,391500
NIFTY-III.NFO,15/05/2025,09:38:00,24904,24907.4,150,24918.8,150,0,391500
NIFTY-III.NFO,15/05/2025,09:38:02,24904,24906,150,24914,150,0,391500
NIFTY-III.NFO,15/05/2025,09:38:03,24904,24906,75,24912.7,225,0,391500
NIFTY-III.NFO,15/05/2025,09:38:05,24902.6,24901.9,150,24911.8,150,225,391500
NIFTY-III.NFO,15/05/2025,09:38:05,24902.6,24901.9,150,24911.8,150,0,391500
NIFTY-III.NFO,15/05/2025,09:38:07,24902.6,24901.9,150,24911.8,150,0,391500
NIFTY-III.NFO,15/05/2025,09:38:08,24902.6,24902.9,150,24913.5,150,0,391500
NIFTY-III.NFO,15/05/2025,09:38:10,24902.6,24903.3,75,24913.6,75,0,391500
NIFTY-III.NFO,15/05/2025,09:38:12,24902.6,24902.4,150,24912.6,225,0,391500
NIFTY-III.NFO,15/05/2025,09:38:13,24902.6,24903.6,150,24914.7,150,0,391500
NIFTY-III.NFO,15/05/2025,09:38:15,24902.6,24904.3,150,24913.8,150,0,391500
NIFTY-III.NFO,15/05/2025,09:38:17,24902.6,24904.3,150,24913.7,75,0,391500
NIFTY-III.NFO,15/05/2025,09:38:18,24902.6,24904.2,75,24913.7,75,0,391500
NIFTY-III.NFO,15/05/2025,09:38:20,24902.6,24902.6,75,24910.6,150,0,391500
NIFTY-III.NFO,15/05/2025,09:38:22,24902.6,24902.6,75,24908.2,75,0,391500
NIFTY-III.NFO,15/05/2025,09:38:23,24902.6,24902.6,75,24908.1,150,0,391500
NIFTY-III.NFO,15/05/2025,09:38:25,24902.6,24902.6,75,24907.9,225,0,391500
NIFTY-III.NFO,15/05/2025,09:38:27,24902.6,24902.6,75,24906.6,150,0,391500
NIFTY-III.NFO,15/05/2025,09:38:28,24902.6,24902.6,150,24910.5,225,0,391500
NIFTY-III.NFO,15/05/2025,09:38:30,24902.7,24902.6,150,24911.8,150,75,391500
NIFTY-III.NFO,15/05/2025,09:38:32,24902.7,24902.6,150,24910,75,0,391500
NIFTY-III.NFO,15/05/2025,09:38:33,24902.7,24902.6,150,24910.5,75,0,391500
NIFTY-III.NFO,15/05/2025,09:38:35,24902.7,24902.6,150,24910.9,150,0,391500
NIFTY-III.NFO,15/05/2025,09:38:37,24902.7,24902.6,75,24908.2,75,0,391500
NIFTY-III.NFO,15/05/2025,09:38:38,24902.7,24902.6,75,24908.1,75,0,391500
NIFTY-III.NFO,15/05/2025,09:38:40,24902.7,24902.6,75,24909,150,0,391500
NIFTY-III.NFO,15/05/2025,09:38:42,24902.7,24902.6,150,24910.2,150,0,391500
NIFTY-III.NFO,15/05/2025,09:38:43,24902.7,24902.6,75,24909.5,225,0,391500
NIFTY-III.NFO,15/05/2025,09:38:45,24902.7,24902.6,75,24908.1,75,0,391500
NIFTY-III.NFO,15/05/2025,09:38:46,24902.7,24902.6,75,24907.9,75,0,391500
NIFTY-III.NFO,15/05/2025,09:38:48,24902.7,24902.6,75,24902.7,75,0,391500
NIFTY-III.NFO,15/05/2025,09:38:56,24902.7,24902.6,75,24907.7,75,75,391500
NIFTY-III.NFO,15/05/2025,09:38:58,24902.7,24902.6,75,24907.6,75,0,391500
NIFTY-III.NFO,15/05/2025,09:39:00,24902.7,24902.6,75,24907.3,150,0,391500
NIFTY-III.NFO,15/05/2025,09:39:01,24902.7,24902.6,75,24906.3,75,0,391500
NIFTY-III.NFO,15/05/2025,09:39:03,24902.7,24902.6,75,24907.4,75,0,391500
NIFTY-III.NFO,15/05/2025,09:39:05,24902.7,24902.7,75,24907.4,75,0,391500
NIFTY-III.NFO,15/05/2025,09:39:06,24902.7,24902.7,75,24907.3,150,0,391500
NIFTY-III.NFO,15/05/2025,09:39:08,24902.7,24902.7,75,24907.3,75,0,391500
NIFTY-III.NFO,15/05/2025,09:39:10,24902.7,24902.7,75,24904.6,75,0,391500
NIFTY-III.NFO,15/05/2025,09:39:11,24902.7,24902.7,75,24907.2,75,0,391500
NIFTY-III.NFO,15/05/2025,09:39:13,24902.7,24902.7,75,24905.9,75,0,391500
NIFTY-III.NFO,15/05/2025,09:39:15,24902.7,24902.7,75,24909.5,75,0,391500
NIFTY-III.NFO,15/05/2025,09:39:16,24902.7,24902.8,75,24909.2,75,0,391500
NIFTY-III.NFO,15/05/2025,09:39:18,24902.7,24902.7,75,24908.6,75,0,391500
NIFTY-III.NFO,15/05/2025,09:39:21,24902.7,24903.6,75,24910.2,75,0,391500
NIFTY-III.NFO,15/05/2025,09:39:23,24902.7,24906.5,150,24915.5,75,0,391500
NIFTY-III.NFO,15/05/2025,09:39:25,24902.7,24907.3,225,24915.3,75,0,391500
NIFTY-III.NFO,15/05/2025,09:39:28,24902.7,24904.4,150,24912.9,225,0,391500
NIFTY-III.NFO,15/05/2025,09:39:30,24902.7,24903.4,150,24910.5,75,0,391500
NIFTY-III.NFO,15/05/2025,09:39:32,24902.7,24905.7,225,24912.8,75,0,391500
NIFTY-III.NFO,15/05/2025,09:39:33,24902.7,24906.8,225,24913,75,0,391500
NIFTY-III.NFO,15/05/2025,09:39:35,24902.7,24907.3,225,24913,75,0,391500
NIFTY-III.NFO,15/05/2025,09:39:37,24913,24910.7,150,24919.2,75,75,391500
NIFTY-III.NFO,15/05/2025,09:39:38,24913,24911.2,150,24919.1,225,0,391500
NIFTY-III.NFO,15/05/2025,09:39:40,24913,24909.5,75,24917.7,225,0,391500
NIFTY-III.NFO,15/05/2025,09:39:42,24913,24904.5,225,24911.9,75,0,391500
NIFTY-III.NFO,15/05/2025,09:39:43,24913,24902.8,225,24911.8,225,0,391500
NIFTY-III.NFO,15/05/2025,09:39:45,24910,24903.7,150,24914.7,150,75,391125
NIFTY-III.NFO,15/05/2025,09:39:47,24910,24904.3,150,24914.2,225,0,391125
NIFTY-III.NFO,15/05/2025,09:39:48,24910,24902.8,225,24912.2,225,0,391125
NIFTY-III.NFO,15/05/2025,09:39:50,24910,24902.7,150,24911.4,225,0,391125
NIFTY-III.NFO,15/05/2025,09:39:51,24910,24902.7,225,24910,75,0,391125
NIFTY-III.NFO,15/05/2025,09:39:53,24910,24902.7,75,24909.9,225,0,391125
NIFTY-III.NFO,15/05/2025,09:39:55,24910,24903.6,150,24910,75,0,391125
NIFTY-III.NFO,15/05/2025,09:39:56,24910,24902.7,75,24909.9,225,0,391125
NIFTY-III.NFO,15/05/2025,09:40:00,24910,24902.7,75,24909.7,225,0,391125
NIFTY-III.NFO,15/05/2025,09:40:01,24910,24902.7,75,24909.9,225,0,391125
NIFTY-III.NFO,15/05/2025,09:40:03,24908,24902.7,75,24908.6,225,75,391125
NIFTY-III.NFO,15/05/2025,09:40:05,24908,24902.7,75,24908.3,225,0,391125
NIFTY-III.NFO,15/05/2025,09:40:06,24908,24902.7,75,24909.9,225,0,391125
NIFTY-III.NFO,15/05/2025,09:40:08,24908,24902.7,75,24906.3,150,0,391125
NIFTY-III.NFO,15/05/2025,09:40:10,24908,24902.7,75,24908,225,0,391125
NIFTY-III.NFO,15/05/2025,09:40:11,24908,24902.7,75,24909,225,0,391125
NIFTY-III.NFO,15/05/2025,09:40:13,24908,24902.7,75,24907.9,225,0,391125
NIFTY-III.NFO,15/05/2025,09:40:16,24908,24902.7,75,24908.7,225,0,391125
NIFTY-III.NFO,15/05/2025,09:40:18,24908,24902.7,75,24908.7,150,0,391125
NIFTY-III.NFO,15/05/2025,09:40:20,24908,24902.7,75,24908.7,225,0,391125
NIFTY-III.NFO,15/05/2025,09:40:21,24908,24902.7,75,24908.8,750,300,391125
NIFTY-III.NFO,15/05/2025,09:40:23,24908,24903.5,375,24910,75,0,391125
NIFTY-III.NFO,15/05/2025,09:40:25,24908,24903.5,225,24910,75,0,391125
NIFTY-III.NFO,15/05/2025,09:40:26,24910,24906.1,150,24915.3,225,75,391125
NIFTY-III.NFO,15/05/2025,09:40:28,24910,24906.1,150,24915.4,150,0,391125
NIFTY-III.NFO,15/05/2025,09:40:30,24910,24907.3,75,24916.4,300,0,391125
NIFTY-III.NFO,15/05/2025,09:40:31,24910,24906,75,24915.7,225,0,391125
NIFTY-III.NFO,15/05/2025,09:40:33,24910,24905.1,150,24914.8,150,0,391125
NIFTY-III.NFO,15/05/2025,09:40:35,24910,24906.1,150,24915,150,0,391125
NIFTY-III.NFO,15/05/2025,09:40:36,24910,24906.1,225,24915.7,225,0,391125
NIFTY-III.NFO,15/05/2025,09:40:38,24910,24904.8,150,24914.7,225,0,391125
NIFTY-III.NFO,15/05/2025,09:40:40,24910,24905.6,150,24910,75,0,391125
NIFTY-III.NFO,15/05/2025,09:40:41,24910,24905.2,150,24910,75,0,391125
NIFTY-III.NFO,15/05/2025,09:40:43,24910,24906.8,225,24910,75,0,391125
NIFTY-III.NFO,15/05/2025,09:40:45,24910,24908.1,225,24910,75,0,391125
NIFTY-III.NFO,15/05/2025,09:40:46,24910,24911,150,24919.5,75,75,391125
NIFTY-III.NFO,15/05/2025,09:40:48,24910,24909.4,150,24918.7,225,75,391125
NIFTY-III.NFO,15/05/2025,09:40:50,24910,24907.7,75,24917.9,225,0,391125
NIFTY-III.NFO,15/05/2025,09:40:51,24910,24905.2,75,24914.1,225,0,391125
NIFTY-III.NFO,15/05/2025,09:40:53,24910,24905.3,300,24915.8,225,0,391125
NIFTY-III.NFO,15/05/2025,09:40:55,24910,24907.3,75,24916.9,225,0,391125
NIFTY-III.NFO,15/05/2025,09:40:56,24910,24907.1,75,24916.4,225,0,391125
NIFTY-III.NFO,15/05/2025,09:40:58,24910,24907.2,150,24916.4,225,0,391125
NIFTY-III.NFO,15/05/2025,09:41:00,24910,24906.3,150,24915.1,225,0,391125
NIFTY-III.NFO,15/05/2025,09:41:01,24910,24905.1,375,24914,225,0,391125
NIFTY-III.NFO,15/05/2025,09:41:03,24910,24905.2,225,24914.2,225,0,391125
NIFTY-III.NFO,15/05/2025,09:41:05,24910,24905.1,300,24913,225,0,391125
NIFTY-III.NFO,15/05/2025,09:41:06,24910,24905.1,300,24912.2,150,0,391125
NIFTY-III.NFO,15/05/2025,09:41:08,24910,24905.1,300,24912,225,0,391125
NIFTY-III.NFO,15/05/2025,09:41:10,24910,24905.2,225,24912.7,750,0,391125
NIFTY-III.NFO,15/05/2025,09:41:11,24910,24905.2,225,24910,75,0,391125
NIFTY-III.NFO,15/05/2025,09:41:13,24910,24905.1,300,24910,75,0,391125
NIFTY-III.NFO,15/05/2025,09:41:15,24910,24905.1,300,24909.3,150,0,391125
NIFTY-III.NFO,15/05/2025,09:41:16,24910,24905.1,300,24908.1,150,0,391125
NIFTY-III.NFO,15/05/2025,09:41:18,24910,24905.1,300,24908.2,750,0,391125
NIFTY-III.NFO,15/05/2025,09:41:21,24910,24905.1,300,24908.1,750,0,391125
NIFTY-III.NFO,15/05/2025,09:41:23,24910,24905.1,300,24909,75,0,391125
NIFTY-III.NFO,15/05/2025,09:41:25,24910,24905.2,225,24909,75,0,391125
NIFTY-III.NFO,15/05/2025,09:41:26,24910,24905.2,225,24908,75,0,391125
NIFTY-III.NFO,15/05/2025,09:41:28,24910,24905.1,300,24908,75,0,391125
NIFTY-III.NFO,15/05/2025,09:41:30,24910,24905.2,225,24908,75,0,391125
NIFTY-III.NFO,15/05/2025,09:41:35,24910,24906.9,225,24908,75,0,391125
NIFTY-III.NFO,15/05/2025,09:41:36,24910,24906.6,225,24908,75,0,391125
NIFTY-III.NFO,15/05/2025,09:41:38,24910,24908.1,150,24917.8,225,375,391125
NIFTY-III.NFO,15/05/2025,09:41:40,24910,24908,75,24917.8,600,0,391125
NIFTY-III.NFO,15/05/2025,09:41:41,24910,24906,150,24915.1,750,0,391125
NIFTY-III.NFO,15/05/2025,09:41:43,24910,24905.9,75,24915,225,0,391125
NIFTY-III.NFO,15/05/2025,09:41:45,24910,24906.2,150,24915,300,0,391125
NIFTY-III.NFO,15/05/2025,09:41:46,24910,24906.2,150,24915,75,0,391125
NIFTY-III.NFO,15/05/2025,09:41:48,24910,24906.4,300,24915,75,0,391125
NIFTY-III.NFO,15/05/2025,09:41:50,24910,24909.2,150,24915,75,0,391125
NIFTY-III.NFO,15/05/2025,09:41:51,24910,24909.2,300,24915,75,0,391125
NIFTY-III.NFO,15/05/2025,09:41:53,24915,24912.4,75,24920.5,225,75,391125
NIFTY-III.NFO,15/05/2025,09:41:55,24915,24910.2,75,24918.8,225,0,391125
NIFTY-III.NFO,15/05/2025,09:41:56,24915,24907.4,150,24916.1,150,0,391125
NIFTY-III.NFO,15/05/2025,09:41:58,24915,24908.9,450,24917.3,225,0,391125
NIFTY-III.NFO,15/05/2025,09:42:00,24915,24909.4,300,24919.2,225,0,391125
NIFTY-III.NFO,15/05/2025,09:42:01,24915,24907.9,600,24916.9,150,0,391125
NIFTY-III.NFO,15/05/2025,09:42:03,24915,24907.2,150,24915.8,225,0,391125
NIFTY-III.NFO,15/05/2025,09:42:05,24915,24908.4,75,24917,975,0,391125
NIFTY-III.NFO,15/05/2025,09:42:06,24915,24908.1,75,24916.8,225,0,391125
NIFTY-III.NFO,15/05/2025,09:42:08,24915,24908,825,24914.9,150,0,391125
NIFTY-III.NFO,15/05/2025,09:42:10,24915,24908,825,24915.8,225,0,391125
NIFTY-III.NFO,15/05/2025,09:42:11,24915,24908,825,24913.4,150,0,391125
NIFTY-III.NFO,15/05/2025,09:42:13,24915,24908,825,24914.1,225,0,391125
NIFTY-III.NFO,15/05/2025,09:42:15,24915,24908,825,24914.1,150,0,391125
NIFTY-III.NFO,15/05/2025,09:42:16,24915,24908,825,24912.9,225,0,391125
NIFTY-III.NFO,15/05/2025,09:42:20,24915,24908,825,24912.8,75,0,391125
NIFTY-III.NFO,15/05/2025,09:42:21,24911.1,24908,825,24912.7,150,75,391125
NIFTY-III.NFO,15/05/2025,09:42:23,24911.1,24908,825,24913.6,75,0,391125
NIFTY-III.NFO,15/05/2025,09:42:25,24911.1,24908,825,24914.9,150,0,391125
NIFTY-III.NFO,15/05/2025,09:42:26,24911.1,24908,825,24913.9,750,0,391125
NIFTY-III.NFO,15/05/2025,09:42:28,24911.1,24908,750,24913.7,750,0,391125
NIFTY-III.NFO,15/05/2025,09:42:30,24911.1,24908,750,24911.7,75,0,391125
NIFTY-III.NFO,15/05/2025,09:42:31,24911.1,24908,750,24910.7,750,0,391125
NIFTY-III.NFO,15/05/2025,09:42:33,24911.1,24908,750,24910,750,0,391125
NIFTY-III.NFO,15/05/2025,09:42:35,24911.1,24908,750,24908.9,750,0,391125
NIFTY-III.NFO,15/05/2025,09:42:36,24906.1,24905,75,24906.6,675,825,391125
NIFTY-III.NFO,15/05/2025,09:42:38,24906.1,24905,75,24908.5,75,0,391125
NIFTY-III.NFO,15/05/2025,09:42:41,24906.1,24905,75,24907.4,675,0,391125
NIFTY-III.NFO,15/05/2025,09:42:43,24906.1,24905,75,24905.5,675,0,391125
NIFTY-III.NFO,15/05/2025,09:42:45,24906.1,24905.1,150,24911.8,450,0,391125
NIFTY-III.NFO,15/05/2025,09:42:46,24906.1,24909,375,24911.4,750,0,391125
NIFTY-III.NFO,15/05/2025,09:42:48,24910.1,24907.6,300,24911.4,750,75,391875
NIFTY-III.NFO,15/05/2025,09:42:50,24910.1,24908.7,300,24911.3,675,0,391875
NIFTY-III.NFO,15/05/2025,09:42:51,24910.2,24908.7,300,24910.2,600,75,391875
NIFTY-III.NFO,15/05/2025,09:42:53,24910.2,24908.7,300,24910.7,525,75,391875
NIFTY-III.NFO,15/05/2025,09:42:55,24910.2,24905.8,300,24910.6,525,0,391875
NIFTY-III.NFO,15/05/2025,09:42:56,24910.2,24905,75,24906.9,525,0,391875
NIFTY-III.NFO,15/05/2025,09:42:58,24905,24902.7,75,24905.8,525,75,391875
NIFTY-III.NFO,15/05/2025,09:43:00,24900,24895,375,24899.6,525,1050,391875
NIFTY-III.NFO,15/05/2025,09:43:00,24900,24895,375,24899.6,525,0,391875
NIFTY-III.NFO,15/05/2025,09:43:01,24900,24896.2,300,24902.7,375,0,391875
NIFTY-III.NFO,15/05/2025,09:43:03,24900,24896.2,300,24901.5,75,0,391875
NIFTY-III.NFO,15/05/2025,09:43:05,24901.6,24897,300,24901.4,375,75,391875
NIFTY-III.NFO,15/05/2025,09:43:06,24897,24896.6,225,24899.1,375,75,391875
NIFTY-III.NFO,15/05/2025,09:43:06,24897,24896.6,225,24899.1,375,0,391875
NIFTY-III.NFO,15/05/2025,09:43:08,24901,24901.9,150,24905.3,375,75,391875
NIFTY-III.NFO,15/05/2025,09:43:10,24901,24898.8,150,24900,150,0,391875
NIFTY-III.NFO,15/05/2025,09:43:11,24901,24899.9,150,24900,150,0,391875
NIFTY-III.NFO,15/05/2025,09:43:13,24900,24895.9,150,24904.1,375,150,391875
NIFTY-III.NFO,15/05/2025,09:43:15,24900,24895.2,150,24904.1,375,0,391875
NIFTY-III.NFO,15/05/2025,09:43:16,24900,24895.1,225,24903.6,150,0,391875
NIFTY-III.NFO,15/05/2025,09:43:18,24900,24896.7,150,24907.1,450,0,391875
NIFTY-III.NFO,15/05/2025,09:43:20,24900,24899.9,300,24909.9,75,0,391875
NIFTY-III.NFO,15/05/2025,09:43:21,24900,24900.4,150,24909.9,225,0,391875
NIFTY-III.NFO,15/05/2025,09:43:23,24900,24899.9,150,24909.9,150,0,391875
NIFTY-III.NFO,15/05/2025,09:43:25,24900,24898.9,75,24908.4,75,0,391875
NIFTY-III.NFO,15/05/2025,09:43:26,24900,24898.6,150,24908.5,150,0,391875
NIFTY-III.NFO,15/05/2025,09:43:28,24900,24896.7,150,24907.1,75,0,391875
NIFTY-III.NFO,15/05/2025,09:43:30,24900,24897.1,150,24906.9,225,0,391875
NIFTY-III.NFO,15/05/2025,09:43:31,24900,24898.1,75,24906.5,225,0,391875
NIFTY-III.NFO,15/05/2025,09:43:33,24900,24897,150,24906,225,0,391875
NIFTY-III.NFO,15/05/2025,09:43:35,24900,24898.2,150,24907.2,375,0,391875
NIFTY-III.NFO,15/05/2025,09:43:36,24900,24899.5,75,24907.7,150,0,391875
NIFTY-III.NFO,15/05/2025,09:43:38,24900,24898.2,150,24907.7,525,0,391875
NIFTY-III.NFO,15/05/2025,09:43:40,24900,24899.1,75,24907.7,525,0,391875
NIFTY-III.NFO,15/05/2025,09:43:41,24900,24900,450,24907.7,75,0,391875
NIFTY-III.NFO,15/05/2025,09:43:43,24900,24898.6,150,24907.9,150,0,391875
NIFTY-III.NFO,15/05/2025,09:43:45,24900,24898.4,150,24907.6,150,0,391875
NIFTY-III.NFO,15/05/2025,09:43:46,24900,24895,525,24903.9,150,0,391875
NIFTY-III.NFO,15/05/2025,09:43:48,24900,24895.4,150,24905.1,150,0,391875
NIFTY-III.NFO,15/05/2025,09:43:50,24899.5,24898.2,375,24905.3,225,75,391875
NIFTY-III.NFO,15/05/2025,09:43:51,24899.5,24897.4,375,24903.2,150,0,391875
NIFTY-III.NFO,15/05/2025,09:43:53,24899.5,24900.7,375,24906.6,150,0,391875
NIFTY-III.NFO,15/05/2025,09:43:55,24899.5,24899.7,375,24906.6,150,0,391875
NIFTY-III.NFO,15/05/2025,09:43:56,24899.5,24899.7,375,24907.8,150,0,391875
NIFTY-III.NFO,15/05/2025,09:43:58,24899.5,24899.8,450,24906.4,75,0,391875
NIFTY-III.NFO,15/05/2025,09:44:00,24901.1,24902.9,300,24908.9,150,75,391875
NIFTY-III.NFO,15/05/2025,09:44:01,24901.1,24902.9,300,24909.2,150,0,391875
NIFTY-III.NFO,15/05/2025,09:44:03,24901.1,24904.4,300,24910.5,75,0,391875
NIFTY-III.NFO,15/05/2025,09:44:05,24901.1,24903.1,300,24909.6,75,0,391875
NIFTY-III.NFO,15/05/2025,09:44:06,24901.1,24901.1,300,24907.8,150,0,391875
NIFTY-III.NFO,15/05/2025,09:44:08,24901.1,24900.1,300,24906.5,150,0,391875
NIFTY-III.NFO,15/05/2025,09:44:10,24901.1,24897.8,300,24905.1,150,0,391875
NIFTY-III.NFO,15/05/2025,09:44:11,24901.1,24899.8,300,24906.2,75,0,391875
NIFTY-III.NFO,15/05/2025,09:44:13,24901.1,24896.7,375,24905.4,150,0,391875
NIFTY-III.NFO,15/05/2025,09:44:15,24901.1,24901.1,75,24903.5,150,0,391875
NIFTY-III.NFO,15/05/2025,09:44:16,24901.1,24895,450,24899.8,150,75,391875
NIFTY-III.NFO,15/05/2025,09:44:18,24901.1,24895,525,24903.3,225,0,391875
NIFTY-III.NFO,15/05/2025,09:44:20,24901.1,24895,450,24902.7,225,0,391875
NIFTY-III.NFO,15/05/2025,09:44:21,24895,24890,375,24893.3,225,450,391875
NIFTY-III.NFO,15/05/2025,09:44:21,24895,24890,375,24893.3,225,0,391875
NIFTY-III.NFO,15/05/2025,09:44:23,24890,24886.7,300,24892.1,225,375,391875
NIFTY-III.NFO,15/05/2025,09:44:23,24890,24886.7,300,24892.1,225,0,391875
NIFTY-III.NFO,15/05/2025,09:44:25,24890,24885.8,300,24891.4,150,0,391875
NIFTY-III.NFO,15/05/2025,09:44:26,24890,24882.1,75,24890.9,225,0,391875
NIFTY-III.NFO,15/05/2025,09:44:28,24890,24884.7,300,24889.6,75,0,391875
NIFTY-III.NFO,15/05/2025,09:44:30,24890,24885.8,150,24895.3,525,0,391875
NIFTY-III.NFO,15/05/2025,09:44:31,24890,24886.8,375,24893.6,150,0,391875
NIFTY-III.NFO,15/05/2025,09:44:33,24885.7,24883.2,225,24890.7,225,75,391875
NIFTY-III.NFO,15/05/2025,09:44:33,24885.7,24883.2,225,24890.7,225,0,391875
NIFTY-III.NFO,15/05/2025,09:44:35,24885.7,24882.4,225,24890.3,75,0,391875
NIFTY-III.NFO,15/05/2025,09:44:36,24885.7,24887.8,225,24892.9,150,0,391875
NIFTY-III.NFO,15/05/2025,09:44:38,24885.7,24885.9,225,24891.1,150,0,391875
NIFTY-III.NFO,15/05/2025,09:44:40,24885.7,24885.9,225,24891.2,150,0,391875
NIFTY-III.NFO,15/05/2025,09:44:41,24885.7,24885.4,225,24891.1,150,0,391875
NIFTY-III.NFO,15/05/2025,09:44:43,24885.7,24885.4,225,24893.3,150,0,391875
NIFTY-III.NFO,15/05/2025,09:44:45,24889.5,24887.7,150,24892.4,150,150,391875
NIFTY-III.NFO,15/05/2025,09:44:46,24886.6,24885.9,75,24891.5,150,75,391875
NIFTY-III.NFO,15/05/2025,09:44:48,24885.9,24885,150,24892.4,150,75,391875
NIFTY-III.NFO,15/05/2025,09:44:51,24885.9,24885,150,24891.6,225,0,391875
NIFTY-III.NFO,15/05/2025,09:44:53,24885.9,24885.9,75,24892,75,75,391875
NIFTY-III.NFO,15/05/2025,09:44:55,24885.9,24886,150,24894,75,0,391875
NIFTY-III.NFO,15/05/2025,09:44:56,24885.9,24892.1,225,24899.6,150,75,391875
NIFTY-III.NFO,15/05/2025,09:44:58,24885.9,24891.7,225,24899.6,150,0,391875
NIFTY-III.NFO,15/05/2025,09:45:00,24885.9,24888.5,75,24899.2,300,0,391875
NIFTY-III.NFO,15/05/2025,09:45:01,24890,24886.7,150,24897.7,150,150,391875
NIFTY-III.NFO,15/05/2025,09:45:03,24890,24885.1,150,24893.9,225,0,391875
NIFTY-III.NFO,15/05/2025,09:45:05,24890,24885,450,24893,225,0,391875
NIFTY-III.NFO,15/05/2025,09:45:06,24890,24885,450,24890.9,225,0,391875
NIFTY-III.NFO,15/05/2025,09:45:08,24890,24885,450,24889.9,150,0,391875
NIFTY-III.NFO,15/05/2025,09:45:10,24890,24885,450,24888.8,225,0,391875
NIFTY-III.NFO,15/05/2025,09:45:11,24885,24885,75,24886.9,225,375,391875
NIFTY-III.NFO,15/05/2025,09:45:11,24885,24885,75,24886.9,225,0,391875
NIFTY-III.NFO,15/05/2025,09:45:13,24883,24882,75,24885.2,150,150,391875
NIFTY-III.NFO,15/05/2025,09:45:13,24883,24882,75,24885.2,150,0,391875
NIFTY-III.NFO,15/05/2025,09:45:15,24883,24882,75,24886.4,225,0,391875
NIFTY-III.NFO,15/05/2025,09:45:16,24883,24882,75,24882.8,225,0,391875
NIFTY-III.NFO,15/05/2025,09:45:18,24875,24870,75,24873.9,150,600,391875
NIFTY-III.NFO,15/05/2025,09:45:18,24875,24870,75,24873.9,150,0,391875
NIFTY-III.NFO,15/05/2025,09:45:20,24869,24867,75,24873.8,75,150,391875
NIFTY-III.NFO,15/05/2025,09:45:20,24869,24867,75,24873.8,75,0,391875
NIFTY-III.NFO,15/05/2025,09:45:21,24869,24867,75,24870.6,75,0,391875
NIFTY-III.NFO,15/05/2025,09:45:23,24869,24867,75,24869.3,75,0,391875
NIFTY-III.NFO,15/05/2025,09:45:25,24861,24860,75,24868.6,150,225,391875
NIFTY-III.NFO,15/05/2025,09:45:25,24861,24860,75,24868.6,150,0,391875
NIFTY-III.NFO,15/05/2025,09:45:26,24861,24860,75,24865.8,150,0,391875
NIFTY-III.NFO,15/05/2025,09:45:28,24861,24861.3,150,24871,75,0,391875
NIFTY-III.NFO,15/05/2025,09:45:30,24861,24863.4,225,24874.5,75,0,391875
NIFTY-III.NFO,15/05/2025,09:45:31,24861,24862.7,75,24872.1,150,0,391875
NIFTY-III.NFO,15/05/2025,09:45:33,24861,24861.2,75,24871.3,75,0,391875
NIFTY-III.NFO,15/05/2025,09:45:35,24861,24860.8,225,24870.5,150,0,391875
NIFTY-III.NFO,15/05/2025,09:45:36,24861,24861.6,225,24872.1,75,0,391875
NIFTY-III.NFO,15/05/2025,09:45:38,24862.4,24860,225,24868.2,150,150,393600
NIFTY-III.NFO,15/05/2025,09:45:40,24862.4,24860,150,24867.2,450,0,393600
NIFTY-III.NFO,15/05/2025,09:45:41,24862.4,24860,225,24869.8,450,0,393600
NIFTY-III.NFO,15/05/2025,09:45:43,24862.4,24860,150,24866.9,75,0,393600
NIFTY-III.NFO,15/05/2025,09:45:45,24862.4,24862.4,75,24865.8,75,0,393600
NIFTY-III.NFO,15/05/2025,09:45:46,24868.6,24862.4,75,24865.1,75,75,393600
NIFTY-III.NFO,15/05/2025,09:45:48,24868.6,24862.8,225,24872.8,450,0,393600
NIFTY-III.NFO,15/05/2025,09:45:50,24868.6,24862.4,150,24871.6,75,0,393600
NIFTY-III.NFO,15/05/2025,09:45:51,24868.6,24862.4,75,24868.4,75,0,393600
NIFTY-III.NFO,15/05/2025,09:45:53,24868.6,24862.4,75,24869.1,450,0,393600
NIFTY-III.NFO,15/05/2025,09:45:55,24868.6,24862.4,75,24870.3,150,0,393600
NIFTY-III.NFO,15/05/2025,09:45:56,24868.6,24862.4,75,24868.9,225,0,393600
NIFTY-III.NFO,15/05/2025,09:45:58,24862.4,24861,75,24867,450,75,393600
NIFTY-III.NFO,15/05/2025,09:46:00,24860,24855,75,24863.3,75,225,393600
NIFTY-III.NFO,15/05/2025,09:46:00,24860,24855,75,24863.3,75,0,393600
NIFTY-III.NFO,15/05/2025,09:46:02,24860,24855,75,24863,75,0,393600
NIFTY-III.NFO,15/05/2025,09:46:03,24860,24855,75,24862.4,150,0,393600
NIFTY-III.NFO,15/05/2025,09:46:05,24860,24855,75,24862.2,450,0,393600
NIFTY-III.NFO,15/05/2025,09:46:07,24860,24855,150,24861.1,450,0,393600
NIFTY-III.NFO,15/05/2025,09:46:08,24855,24854,75,24861.3,225,150,393600
NIFTY-III.NFO,15/05/2025,09:46:08,24855,24854,75,24861.3,225,0,393600
NIFTY-III.NFO,15/05/2025,09:46:10,24854,24851,75,24857.9,375,75,393600
NIFTY-III.NFO,15/05/2025,09:46:10,24854,24851,75,24857.9,375,0,393600
NIFTY-III.NFO,15/05/2025,09:46:12,24850,24850,1125,24854.9,75,675,393600
NIFTY-III.NFO,15/05/2025,09:46:12,24850,24850,1125,24854.9,75,0,393600
NIFTY-III.NFO,15/05/2025,09:46:13,24850,24850,525,24854.8,75,600,393600
NIFTY-III.NFO,15/05/2025,09:46:15,24850,24846,150,24854.6,450,525,393600
NIFTY-III.NFO,15/05/2025,09:46:17,24850,24846.1,75,24856.6,450,0,393600
NIFTY-III.NFO,15/05/2025,09:46:18,24846.3,24847.2,150,24857.5,375,75,393600
NIFTY-III.NFO,15/05/2025,09:46:18,24846.3,24847.2,150,24857.5,375,0,393600
NIFTY-III.NFO,15/05/2025,09:46:20,24846.3,24847.4,75,24857.7,225,0,393600
NIFTY-III.NFO,15/05/2025,09:46:22,24846.3,24848.1,150,24858.4,450,0,393600
NIFTY-III.NFO,15/05/2025,09:46:23,24846.3,24851.6,150,24860.9,375,0,393600
NIFTY-III.NFO,15/05/2025,09:46:25,24846.3,24851.9,150,24862,450,0,393600
NIFTY-III.NFO,15/05/2025,09:46:27,24846.3,24859.2,225,24862.1,75,0,393600
NIFTY-III.NFO,15/05/2025,09:46:28,24868,24867.2,150,24877.2,375,900,393600
NIFTY-III.NFO,15/05/2025,09:46:30,24868,24865.3,150,24877,375,0,393600
NIFTY-III.NFO,15/05/2025,09:46:32,24868,24864.2,150,24875.5,75,0,393600
NIFTY-III.NFO,15/05/2025,09:46:33,24868,24861.7,150,24873,75,150,393600
NIFTY-III.NFO,15/05/2025,09:46:35,24868,24861.9,225,24871.2,375,0,393600
NIFTY-III.NFO,15/05/2025,09:46:37,24868,24862.4,150,24872.3,150,0,393600
NIFTY-III.NFO,15/05/2025,09:46:38,24868,24868,75,24875.5,450,0,393600
NIFTY-III.NFO,15/05/2025,09:46:40,24868,24868.1,150,24877.8,450,150,393600
NIFTY-III.NFO,15/05/2025,09:46:42,24868,24868,75,24874.9,450,0,393600
NIFTY-III.NFO,15/05/2025,09:46:43,24868,24868.1,225,24877.1,450,0,393600
NIFTY-III.NFO,15/05/2025,09:46:45,24868,24868.1,225,24876.9,450,0,393600
NIFTY-III.NFO,15/05/2025,09:46:47,24872.1,24868,75,24874.9,75,75,393600
NIFTY-III.NFO,15/05/2025,09:46:48,24872.1,24868,75,24875,450,0,393600
NIFTY-III.NFO,15/05/2025,09:46:50,24872.1,24868,75,24874.8,450,0,393600
NIFTY-III.NFO,15/05/2025,09:46:52,24868,24862.7,150,24874.7,300,75,393600
NIFTY-III.NFO,15/05/2025,09:46:53,24868,24864.6,150,24874.8,75,0,393600
NIFTY-III.NFO,15/05/2025,09:46:55,24868,24866.4,150,24877,450,0,393600
NIFTY-III.NFO,15/05/2025,09:46:57,24868,24866.6,150,24877,450,0,393600
NIFTY-III.NFO,15/05/2025,09:46:58,24868,24866.8,150,24877,450,0,393600
NIFTY-III.NFO,15/05/2025,09:47:00,24868,24868.4,150,24879.3,450,0,393600
NIFTY-III.NFO,15/05/2025,09:47:02,24868,24873.7,150,24884.1,375,0,393600
NIFTY-III.NFO,15/05/2025,09:47:03,24868,24871.7,150,24881.6,450,0,393600
NIFTY-III.NFO,15/05/2025,09:47:05,24870.7,24873.7,150,24883.2,75,75,393600
NIFTY-III.NFO,15/05/2025,09:47:07,24870.7,24874.8,150,24884.3,150,0,393600
NIFTY-III.NFO,15/05/2025,09:47:08,24870.7,24874.1,225,24884.9,75,0,393600
NIFTY-III.NFO,15/05/2025,09:47:10,24870.7,24872.5,150,24883.2,75,0,393600
NIFTY-III.NFO,15/05/2025,09:47:12,24870.7,24871.9,225,24878.8,75,0,393600
NIFTY-III.NFO,15/05/2025,09:47:13,24870.7,24873.2,150,24883.1,450,0,393600
NIFTY-III.NFO,15/05/2025,09:47:15,24870.7,24875.5,150,24887.4,450,0,393600
NIFTY-III.NFO,15/05/2025,09:47:17,24870.7,24874.9,225,24882.5,75,0,393600
NIFTY-III.NFO,15/05/2025,09:47:18,24870.7,24871.4,150,24882.3,75,0,393600
NIFTY-III.NFO,15/05/2025,09:47:20,24870.7,24869.1,150,24878.7,150,0,393600
NIFTY-III.NFO,15/05/2025,09:47:22,24870.7,24868.1,225,24876.7,75,0,393600
NIFTY-III.NFO,15/05/2025,09:47:23,24878.6,24868.3,225,24879.4,450,75,393600
NIFTY-III.NFO,15/05/2025,09:47:25,24878.6,24870.9,150,24881.9,75,0,393600
NIFTY-III.NFO,15/05/2025,09:47:27,24878.6,24878.8,75,24885.4,75,0,393600
NIFTY-III.NFO,15/05/2025,09:47:28,24878.6,24878.8,75,24883.7,450,0,393600
NIFTY-III.NFO,15/05/2025,09:47:30,24878.6,24878.8,75,24884.9,375,0,393600
NIFTY-III.NFO,15/05/2025,09:47:32,24878.6,24878.9,150,24884.6,75,0,393600
NIFTY-III.NFO,15/05/2025,09:47:33,24878.6,24878.8,75,24884.6,75,0,393600
NIFTY-III.NFO,15/05/2025,09:47:35,24886,24878.9,225,24887.5,150,150,393600
NIFTY-III.NFO,15/05/2025,09:47:37,24888.1,24878.9,225,24889.8,300,450,393600
NIFTY-III.NFO,15/05/2025,09:47:38,24888.1,24880.7,150,24890.3,300,0,393600
NIFTY-III.NFO,15/05/2025,09:47:40,24888.1,24886.3,150,24894.6,375,0,393600
NIFTY-III.NFO,15/05/2025,09:47:42,24888.1,24890.4,150,24899.5,150,0,393600
NIFTY-III.NFO,15/05/2025,09:47:43,24888.1,24887.8,150,24899.1,150,0,393600
NIFTY-III.NFO,15/05/2025,09:47:45,24888.1,24889,225,24898,75,0,393600
NIFTY-III.NFO,15/05/2025,09:47:47,24888.1,24891.3,150,24900,75,0,393600
NIFTY-III.NFO,15/05/2025,09:47:48,24888.1,24892.6,225,24900,75,0,393600
NIFTY-III.NFO,15/05/2025,09:47:50,24888.1,24891.9,150,24900,75,0,393600
NIFTY-III.NFO,15/05/2025,09:47:52,24888.1,24893.5,225,24900,450,0,393600
NIFTY-III.NFO,15/05/2025,09:47:53,24888.1,24894.9,225,24900,450,0,393600
NIFTY-III.NFO,15/05/2025,09:47:55,24888.1,24892.7,225,24900,450,0,393600
NIFTY-III.NFO,15/05/2025,09:47:57,24894.8,24894.8,225,24900,450,75,393600
NIFTY-III.NFO,15/05/2025,09:47:58,24900,24896.2,225,24908.4,75,450,393600
NIFTY-III.NFO,15/05/2025,09:48:00,24907.5,24894.9,225,24904.3,150,75,393600
NIFTY-III.NFO,15/05/2025,09:48:02,24907.5,24890.4,150,24901,75,0,393600
NIFTY-III.NFO,15/05/2025,09:48:03,24907.5,24889.6,225,24897.9,150,0,393600
NIFTY-III.NFO,15/05/2025,09:48:05,24897.8,24890.9,150,24899.3,300,75,393600
NIFTY-III.NFO,15/05/2025,09:48:07,24901.7,24890.9,150,24902.7,450,75,393600
NIFTY-III.NFO,15/05/2025,09:48:08,24901.7,24895.5,150,24902.2,75,0,393600
NIFTY-III.NFO,15/05/2025,09:48:10,24901.7,24895.8,225,24904.1,300,0,393600
NIFTY-III.NFO,15/05/2025,09:48:12,24901.7,24898.8,225,24905.8,225,0,393600
NIFTY-III.NFO,15/05/2025,09:48:13,24901.7,24904.1,150,24907,75,0,393600
NIFTY-III.NFO,15/05/2025,09:48:15,24903.7,24905.4,150,24907,75,75,393600
NIFTY-III.NFO,15/05/2025,09:48:17,24903.7,24902,75,24907.4,150,0,393600
NIFTY-III.NFO,15/05/2025,09:48:18,24903.7,24902,75,24905.4,150,0,393600
NIFTY-III.NFO,15/05/2025,09:48:20,24903.7,24902,75,24904.5,225,0,393600
NIFTY-III.NFO,15/05/2025,09:48:22,24903.7,24902,75,24906.7,225,0,393600
NIFTY-III.NFO,15/05/2025,09:48:23,24903.7,24902,75,24907.8,75,0,393600
NIFTY-III.NFO,15/05/2025,09:48:25,24903.7,24902,75,24906.2,225,0,393600
NIFTY-III.NFO,15/05/2025,09:48:27,24903.7,24904,75,24906.2,225,0,393600
NIFTY-III.NFO,15/05/2025,09:48:28,24903.7,24905,75,24908.9,150,0,393600
NIFTY-III.NFO,15/05/2025,09:48:30,24903.7,24905,75,24910,75,0,393600
NIFTY-III.NFO,15/05/2025,09:48:33,24905,24904,75,24906.1,375,75,393600
NIFTY-III.NFO,15/05/2025,09:48:35,24901.7,24893.4,225,24900.6,75,225,393600
NIFTY-III.NFO,15/05/2025,09:48:37,24901.7,24895.8,150,24901.8,75,0,393600
NIFTY-III.NFO,15/05/2025,09:48:38,24901.7,24900.6,75,24905.3,75,0,393600
NIFTY-III.NFO,15/05/2025,09:48:40,24901.7,24900.8,150,24909.2,300,0,393600
NIFTY-III.NFO,15/05/2025,09:48:42,24901.7,24901.2,225,24908.2,75,0,393600
NIFTY-III.NFO,15/05/2025,09:48:43,24901.7,24902.6,75,24907.7,75,0,393600
NIFTY-III.NFO,15/05/2025,09:48:45,24901.7,24903.9,75,24907.7,75,0,393600
NIFTY-III.NFO,15/05/2025,09:48:47,24901.7,24904.4,75,24908.7,75,0,393600
NIFTY-III.NFO,15/05/2025,09:48:48,24901.7,24902.8,75,24906.3,75,0,393600
NIFTY-III.NFO,15/05/2025,09:48:50,24903.7,24901.8,150,24908.3,75,75,394725
NIFTY-III.NFO,15/05/2025,09:48:52,24903.7,24901.8,225,24910,75,0,394725
NIFTY-III.NFO,15/05/2025,09:48:53,24901.8,24901.8,150,24910,75,75,394725
NIFTY-III.NFO,15/05/2025,09:48:55,24901.8,24901.7,150,24906.7,300,0,394725
NIFTY-III.NFO,15/05/2025,09:48:57,24901.8,24901.7,150,24902.5,75,0,394725
NIFTY-III.NFO,15/05/2025,09:48:58,24901.8,24901.7,150,24905,150,0,394725
NIFTY-III.NFO,15/05/2025,09:49:00,24901,24891.3,150,24900,300,225,394725
NIFTY-III.NFO,15/05/2025,09:49:02,24900.6,24892.5,225,24902.2,450,375,394725
NIFTY-III.NFO,15/05/2025,09:49:03,24900.6,24896.3,225,24903.6,375,0,394725
NIFTY-III.NFO,15/05/2025,09:49:05,24904.2,24900.6,150,24907.7,300,75,394725
NIFTY-III.NFO,15/05/2025,09:49:07,24902.1,24902.1,75,24908.8,375,150,394725
NIFTY-III.NFO,15/05/2025,09:49:08,24902.1,24902.3,225,24909.2,75,0,394725
NIFTY-III.NFO,15/05/2025,09:49:10,24902.1,24899.6,150,24906.7,75,0,394725
NIFTY-III.NFO,15/05/2025,09:49:12,24902.1,24899.6,150,24906.3,375,0,394725
NIFTY-III.NFO,15/05/2025,09:49:13,24902.1,24896,225,24904.3,375,0,394725
NIFTY-III.NFO,15/05/2025,09:49:15,24902.1,24902.1,150,24902.5,300,0,394725
NIFTY-III.NFO,15/05/2025,09:49:17,24902.1,24894.5,225,24903.2,75,150,394725
NIFTY-III.NFO,15/05/2025,09:49:18,24902.1,24896.4,75,24903.4,450,0,394725
NIFTY-III.NFO,15/05/2025,09:49:20,24902.1,24893.5,225,24901.3,375,0,394725
NIFTY-III.NFO,15/05/2025,09:49:22,24902.1,24898.3,150,24904.5,75,0,394725
NIFTY-III.NFO,15/05/2025,09:49:23,24902.1,24895.6,75,24902,375,0,394725
NIFTY-III.NFO,15/05/2025,09:49:25,24902.1,24895.6,150,24901.6,75,0,394725
NIFTY-III.NFO,15/05/2025,09:49:27,24902.1,24893.2,150,24900.6,375,0,394725
NIFTY-III.NFO,15/05/2025,09:49:28,24902.1,24896.1,225,24903.9,75,0,394725
NIFTY-III.NFO,15/05/2025,09:49:30,24902.1,24898.2,75,24904.1,300,0,394725
NIFTY-III.NFO,15/05/2025,09:49:32,24902.1,24894.5,75,24901.1,300,0,394725
NIFTY-III.NFO,15/05/2025,09:49:33,24902.1,24893,75,24897.3,375,0,394725
NIFTY-III.NFO,15/05/2025,09:49:35,24899,24893,75,24899.5,300,75,394725
NIFTY-III.NFO,15/05/2025,09:49:37,24899,24893,75,24898.1,300,0,394725
NIFTY-III.NFO,15/05/2025,09:49:38,24899,24893,75,24898.4,375,0,394725
NIFTY-III.NFO,15/05/2025,09:49:40,24899,24893,75,24898.2,375,0,394725
NIFTY-III.NFO,15/05/2025,09:49:42,24899,24893,75,24900.1,375,0,394725
NIFTY-III.NFO,15/05/2025,09:49:43,24899,24893,75,24898,300,0,394725
NIFTY-III.NFO,15/05/2025,09:49:45,24899,24893,75,24898.2,1050,0,394725
NIFTY-III.NFO,15/05/2025,09:49:47,24899,24893,75,24898.1,375,0,394725
NIFTY-III.NFO,15/05/2025,09:49:48,24899,24893,75,24897.8,375,0,394725
NIFTY-III.NFO,15/05/2025,09:49:50,24899,24893,75,24896.9,150,0,394725
NIFTY-III.NFO,15/05/2025,09:49:52,24899,24893,75,24897.7,75,0,394725
NIFTY-III.NFO,15/05/2025,09:49:53,24899,24893,75,24899.8,750,0,394725
NIFTY-III.NFO,15/05/2025,09:49:55,24899,24895.9,75,24899,150,0,394725
NIFTY-III.NFO,15/05/2025,09:49:57,24899,24893.1,75,24899,150,0,394725
NIFTY-III.NFO,15/05/2025,09:49:58,24899,24894.8,75,24899,150,0,394725
NIFTY-III.NFO,15/05/2025,09:50:00,24899,24893,75,24899,225,0,394725
NIFTY-III.NFO,15/05/2025,09:50:02,24899,24893,75,24897.5,150,0,394725
NIFTY-III.NFO,15/05/2025,09:50:03,24899,24893,75,24896.2,450,0,394725
NIFTY-III.NFO,15/05/2025,09:50:05,24899,24893,75,24898.4,375,0,394725
NIFTY-III.NFO,15/05/2025,09:50:07,24899,24893,75,24899,225,0,394725
NIFTY-III.NFO,15/05/2025,09:50:08,24899,24896.8,75,24899,225,0,394725
NIFTY-III.NFO,15/05/2025,09:50:10,24899,24896.8,75,24900,150,225,394725
NIFTY-III.NFO,15/05/2025,09:50:12,24899,24899.9,75,24900,225,0,394725
NIFTY-III.NFO,15/05/2025,09:50:13,24900,24893.6,150,24900,150,75,394725
NIFTY-III.NFO,15/05/2025,09:50:15,24900,24893.5,150,24900,150,0,394725
NIFTY-III.NFO,15/05/2025,09:50:17,24900,24893.2,150,24900,150,0,394725
NIFTY-III.NFO,15/05/2025,09:50:20,24900,24893,75,24900,150,0,394725
NIFTY-III.NFO,15/05/2025,09:50:22,24900,24893,75,24898.5,225,0,394725
NIFTY-III.NFO,15/05/2025,09:50:23,24900,24893,75,24899.8,150,0,394725
NIFTY-III.NFO,15/05/2025,09:50:25,24900,24893,75,24899.9,225,0,394725
NIFTY-III.NFO,15/05/2025,09:50:27,24900,24893,75,24899.6,150,0,394725
NIFTY-III.NFO,15/05/2025,09:50:28,24900,24893,75,24897,75,0,394725
NIFTY-III.NFO,15/05/2025,09:50:33,24900,24893.1,225,24897,75,0,394725
NIFTY-III.NFO,15/05/2025,09:50:35,24897,24893.1,225,24900,75,75,394725
NIFTY-III.NFO,15/05/2025,09:50:37,24897,24893.7,225,24900,75,0,394725
NIFTY-III.NFO,15/05/2025,09:50:38,24897,24893,150,24900,75,0,394725
NIFTY-III.NFO,15/05/2025,09:50:40,24897,24893,75,24899.9,150,0,394725
NIFTY-III.NFO,15/05/2025,09:50:42,24897,24893,75,24896.3,225,0,394725
NIFTY-III.NFO,15/05/2025,09:50:43,24897,24893,75,24895.6,225,0,394725
NIFTY-III.NFO,15/05/2025,09:50:45,24893,24882.5,150,24893.5,150,75,394725
NIFTY-III.NFO,15/05/2025,09:50:47,24893,24880,375,24884.8,150,0,394725
NIFTY-III.NFO,15/05/2025,09:50:48,24893,24880,375,24884.3,150,0,394725
NIFTY-III.NFO,15/05/2025,09:50:50,24893,24880.4,150,24891.3,225,0,394725
NIFTY-III.NFO,15/05/2025,09:50:52,24893,24881.9,150,24892,150,0,394725
NIFTY-III.NFO,15/05/2025,09:50:55,24893,24883.4,150,24894,225,0,394725
NIFTY-III.NFO,15/05/2025,09:50:57,24893,24881.8,75,24891.1,150,0,394725
NIFTY-III.NFO,15/05/2025,09:50:58,24893,24880,375,24887.5,525,0,394725
NIFTY-III.NFO,15/05/2025,09:51:00,24893,24880,375,24886.2,150,0,394725
NIFTY-III.NFO,15/05/2025,09:51:02,24888.3,24880,375,24888,225,75,394725
NIFTY-III.NFO,15/05/2025,09:51:03,24888.3,24880.2,150,24889.2,75,0,394725
NIFTY-III.NFO,15/05/2025,09:51:05,24888.3,24880.2,150,24890.9,75,0,394725
NIFTY-III.NFO,15/05/2025,09:51:07,24888.3,24880.9,150,24892,75,0,394725
NIFTY-III.NFO,15/05/2025,09:51:08,24888.3,24882.9,600,24895.2,225,0,394725
NIFTY-III.NFO,15/05/2025,09:51:10,24888.3,24883.8,150,24893,225,0,394725
NIFTY-III.NFO,15/05/2025,09:51:12,24888.3,24883.1,150,24895.2,75,0,394725
NIFTY-III.NFO,15/05/2025,09:51:13,24888.3,24884.5,150,24893.4,225,0,394725
NIFTY-III.NFO,15/05/2025,09:51:15,24888.3,24883.1,150,24893.2,150,0,394725
NIFTY-III.NFO,15/05/2025,09:51:17,24888.3,24883.1,150,24894.3,225,0,394725
NIFTY-III.NFO,15/05/2025,09:51:18,24888.3,24885.1,150,24894.6,150,0,394725
NIFTY-III.NFO,15/05/2025,09:51:20,24888.3,24885.1,150,24895.2,225,0,394725
NIFTY-III.NFO,15/05/2025,09:51:22,24888.3,24888.5,150,24899.6,75,0,394725
NIFTY-III.NFO,15/05/2025,09:51:23,24888.3,24888.5,150,24898.5,150,0,394725
NIFTY-III.NFO,15/05/2025,09:51:25,24888.3,24888.4,150,24898.6,225,0,394725
NIFTY-III.NFO,15/05/2025,09:51:27,24888.3,24888.3,75,24894.2,150,0,394725
NIFTY-III.NFO,15/05/2025,09:51:28,24888.3,24888.3,75,24894.7,150,0,394725
NIFTY-III.NFO,15/05/2025,09:51:30,24888.3,24888.3,75,24889,75,0,394725
NIFTY-III.NFO,15/05/2025,09:51:32,24888.3,24888.3,75,24893.1,150,0,394725
NIFTY-III.NFO,15/05/2025,09:51:33,24888.3,24888.3,75,24895.2,150,0,394725
NIFTY-III.NFO,15/05/2025,09:51:35,24888.3,24888.3,75,24895.2,75,0,394725
NIFTY-III.NFO,15/05/2025,09:51:37,24888.3,24888.4,225,24897.3,150,0,394725
NIFTY-III.NFO,15/05/2025,09:51:38,24888.3,24888.4,150,24897.2,150,0,394725
NIFTY-III.NFO,15/05/2025,09:51:40,24888.3,24888.4,225,24897.4,525,0,394725
NIFTY-III.NFO,15/05/2025,09:51:42,24888.3,24888.4,300,24899.8,75,0,394725
NIFTY-III.NFO,15/05/2025,09:51:43,24888.3,24891.1,150,24899.9,75,0,394725
NIFTY-III.NFO,15/05/2025,09:51:45,24888.3,24888.5,150,24897.8,75,0,394725
NIFTY-III.NFO,15/05/2025,09:51:47,24888.3,24889.8,150,24900,150,0,394725
NIFTY-III.NFO,15/05/2025,09:51:48,24888.3,24891.4,150,24900,75,0,394725
NIFTY-III.NFO,15/05/2025,09:51:50,24888.3,24894.1,150,24900,75,0,394725
NIFTY-III.NFO,15/05/2025,09:51:52,24888.3,24892.1,150,24900,75,0,394725
NIFTY-III.NFO,15/05/2025,09:51:53,24888.3,24892.9,225,24900,75,0,394725
NIFTY-III.NFO,15/05/2025,09:51:55,24888.3,24892.1,150,24900,75,0,394725
NIFTY-III.NFO,15/05/2025,09:51:58,24888.3,24893.8,150,24900,75,0,394725
NIFTY-III.NFO,15/05/2025,09:52:00,24895.2,24895.2,75,24900,75,75,395550
NIFTY-III.NFO,15/05/2025,09:52:02,24900,24901.4,225,24905,75,75,395550
NIFTY-III.NFO,15/05/2025,09:52:03,24905,24905.9,225,24910,225,75,395550
NIFTY-III.NFO,15/05/2025,09:52:05,24911,24906.6,525,24916,75,300,395550
NIFTY-III.NFO,15/05/2025,09:52:07,24911,24906.8,150,24915.8,150,0,395550
NIFTY-III.NFO,15/05/2025,09:52:08,24911,24907,225,24915.8,150,0,395550
NIFTY-III.NFO,15/05/2025,09:52:10,24911,24909.7,225,24916,75,0,395550
NIFTY-III.NFO,15/05/2025,09:52:12,24911,24904.6,150,24914.6,150,0,395550
NIFTY-III.NFO,15/05/2025,09:52:13,24911,24906.4,225,24911,75,0,395550
NIFTY-III.NFO,15/05/2025,09:52:15,24911,24910,75,24911,75,0,395550
NIFTY-III.NFO,15/05/2025,09:52:20,24918.8,24910.1,225,24919.8,375,225,395550
NIFTY-III.NFO,15/05/2025,09:52:22,24918.8,24910.1,225,24919.5,75,0,395550
NIFTY-III.NFO,15/05/2025,09:52:23,24918.8,24910.1,225,24919.2,450,0,395550
NIFTY-III.NFO,15/05/2025,09:52:25,24918.8,24910.8,150,24922.2,150,0,395550
NIFTY-III.NFO,15/05/2025,09:52:27,24918.8,24915.2,150,24923,75,0,395550
NIFTY-III.NFO,15/05/2025,09:52:28,24918.8,24914,150,24923,75,0,395550
NIFTY-III.NFO,15/05/2025,09:52:30,24918.8,24915.8,150,24923,75,0,395550
NIFTY-III.NFO,15/05/2025,09:52:32,24918.8,24916.1,150,24923,75,0,395550
NIFTY-III.NFO,15/05/2025,09:52:33,24918.8,24910.2,150,24921,150,0,395550
NIFTY-III.NFO,15/05/2025,09:52:35,24918.8,24910.6,150,24921.7,150,0,395550
NIFTY-III.NFO,15/05/2025,09:52:37,24918.8,24914,150,24923,75,0,395550
NIFTY-III.NFO,15/05/2025,09:52:38,24918.8,24919.2,150,24923,75,0,395550
NIFTY-III.NFO,15/05/2025,09:52:40,24923,24923.3,225,24930,225,75,395550
NIFTY-III.NFO,15/05/2025,09:52:42,24923,24922.3,150,24930,225,0,395550
NIFTY-III.NFO,15/05/2025,09:52:43,24923,24922.5,150,24930,225,0,395550
NIFTY-III.NFO,15/05/2025,09:52:45,24923,24920,75,24927.6,150,0,395550
NIFTY-III.NFO,15/05/2025,09:52:47,24923,24920,75,24923.5,150,0,395550
NIFTY-III.NFO,15/05/2025,09:52:49,24923,24923,75,24924.8,225,0,395550
NIFTY-III.NFO,15/05/2025,09:52:50,24923,24920,75,24924.2,75,75,395550
NIFTY-III.NFO,15/05/2025,09:52:52,24923,24920,75,24925.2,150,0,395550
NIFTY-III.NFO,15/05/2025,09:52:54,24923,24920,75,24922.9,525,0,395550
NIFTY-III.NFO,15/05/2025,09:52:55,24920,24918.8,75,24922.8,225,75,395550
NIFTY-III.NFO,15/05/2025,09:52:57,24920,24918.8,75,24922.3,150,0,395550
NIFTY-III.NFO,15/05/2025,09:52:59,24918.8,24910,75,24918,150,75,395550
NIFTY-III.NFO,15/05/2025,09:53:00,24918.8,24910.1,225,24919.6,75,0,395550
NIFTY-III.NFO,15/05/2025,09:53:02,24918.8,24913.5,75,24921.1,150,0,395550
NIFTY-III.NFO,15/05/2025,09:53:04,24918.8,24913.7,75,24921.4,225,0,395550
NIFTY-III.NFO,15/05/2025,09:53:05,24918.8,24910,75,24918.5,150,0,395550
NIFTY-III.NFO,15/05/2025,09:53:07,24918.8,24910,75,24914.8,150,0,395550
NIFTY-III.NFO,15/05/2025,09:53:09,24918.8,24910,75,24913.1,525,0,395550
NIFTY-III.NFO,15/05/2025,09:53:10,24918.8,24910,75,24916.1,225,0,395550
NIFTY-III.NFO,15/05/2025,09:53:12,24918.8,24910.3,75,24918.1,150,0,395550
NIFTY-III.NFO,15/05/2025,09:53:14,24918.8,24912.1,150,24920.7,150,0,395550
NIFTY-III.NFO,15/05/2025,09:53:15,24918.8,24915.1,225,24923,75,0,395550
NIFTY-III.NFO,15/05/2025,09:53:17,24918.8,24918.5,75,24923,75,0,395550
NIFTY-III.NFO,15/05/2025,09:53:19,24918.8,24915,225,24922.8,450,0,395550
NIFTY-III.NFO,15/05/2025,09:53:20,24918.8,24916.2,75,24917.9,150,0,395550
NIFTY-III.NFO,15/05/2025,09:53:22,24918.8,24911.8,75,24917.5,150,0,395550
NIFTY-III.NFO,15/05/2025,09:53:24,24918.8,24910,75,24917.3,150,0,395550
NIFTY-III.NFO,15/05/2025,09:53:25,24918.8,24910,75,24915.9,225,0,395550
NIFTY-III.NFO,15/05/2025,09:53:27,24918.8,24910,75,24915.9,150,0,395550
NIFTY-III.NFO,15/05/2025,09:53:29,24918.8,24910,75,24917.2,225,0,395550
NIFTY-III.NFO,15/05/2025,09:53:30,24918.8,24910,75,24914,225,0,395550
NIFTY-III.NFO,15/05/2025,09:53:32,24904.8,24904.1,150,24914.6,75,375,395550
NIFTY-III.NFO,15/05/2025,09:53:34,24904.8,24906.9,150,24918.2,75,0,395550
NIFTY-III.NFO,15/05/2025,09:53:35,24904.8,24908,150,24918.8,150,0,395550
