Ticker,Date,Time,LTP,BuyPrice,BuyQty,SellPrice,SellQty,LTQ,OpenInterest
NIFTY-I.NFO,15/05/2025,09:15:00,24733.9,24745.4,300,24754.4,75,675,0
NIFTY-I.NFO,15/05/2025,09:15:00,24733.9,24745.4,300,24754.4,75,0,0
NIFTY-I.NFO,15/05/2025,09:15:00,24750,24745.4,300,24754.4,75,0,0
NIFTY-I.NFO,15/05/2025,09:15:00,24733.9,24745.4,300,24754.4,75,0,0
NIFTY-I.NFO,15/05/2025,09:15:01,24733.3,24732.5,750,24744.7,300,4200,11632575
NIFTY-I.NFO,15/05/2025,09:15:01,24733.3,24732.5,750,24744.7,300,0,11632575
NIFTY-I.NFO,15/05/2025,09:15:03,24739.9,24740.5,300,24748.5,300,6150,11632575
NIFTY-I.NFO,15/05/2025,09:15:03,24732.5,24740.5,300,24748.5,300,0,11632575
NIFTY-I.NFO,15/05/2025,09:15:04,24741.2,24741.2,150,24748.8,600,2025,11632575
NIFTY-I.NFO,15/05/2025,09:15:06,24741.6,24737.8,225,24745.1,300,1725,11632575
NIFTY-I.NFO,15/05/2025,09:15:08,24740.1,24738.9,75,24741.1,75,2625,11632575
NIFTY-I.NFO,15/05/2025,09:15:09,24739.7,24736.6,75,24745,300,2175,11632575
NIFTY-I.NFO,15/05/2025,09:15:11,24740,24736.9,375,24740.1,75,825,11632575
NIFTY-I.NFO,15/05/2025,09:15:12,24731.1,24731,600,24736.5,75,2025,11632575
NIFTY-I.NFO,15/05/2025,09:15:12,24731.1,24731,600,24736.5,75,0,11632575
NIFTY-I.NFO,15/05/2025,09:15:14,24731,24731,825,24734.2,150,975,11632575
NIFTY-I.NFO,15/05/2025,09:15:14,24731,24731,825,24734.2,150,0,11632575
NIFTY-I.NFO,15/05/2025,09:15:16,24729.8,24724.9,75,24729.9,75,3375,11632575
NIFTY-I.NFO,15/05/2025,09:15:16,24724.3,24724.9,75,24729.9,75,0,11632575
NIFTY-I.NFO,15/05/2025,09:15:17,24723.3,24723.4,675,24729.7,150,525,11632575
NIFTY-I.NFO,15/05/2025,09:15:17,24723.3,24723.4,675,24729.7,150,0,11632575
NIFTY-I.NFO,15/05/2025,09:15:19,24734.8,24730.1,150,24736,300,1350,11632575
NIFTY-I.NFO,15/05/2025,09:15:21,24726.3,24726.3,75,24729.7,150,1200,11632575
NIFTY-I.NFO,15/05/2025,09:15:22,24723.2,24723.5,375,24729.5,75,450,11632575
NIFTY-I.NFO,15/05/2025,09:15:22,24723.2,24723.5,375,24729.5,75,0,11632575
NIFTY-I.NFO,15/05/2025,09:15:24,24722.3,24722,1275,24724.1,150,3000,11632575
NIFTY-I.NFO,15/05/2025,09:15:24,24722.3,24722,1275,24724.1,150,0,11632575
NIFTY-I.NFO,15/05/2025,09:15:26,24721.5,24718.8,75,24721.7,150,3450,11632575
NIFTY-I.NFO,15/05/2025,09:15:26,24719,24718.8,75,24721.7,150,0,11632575
NIFTY-I.NFO,15/05/2025,09:15:27,24721.5,24715.9,150,24721.7,150,600,11632575
NIFTY-I.NFO,15/05/2025,09:15:27,24715.9,24715.9,150,24721.7,150,0,11632575
NIFTY-I.NFO,15/05/2025,09:15:29,24712.5,24711.1,75,24716.5,300,825,11632575
NIFTY-I.NFO,15/05/2025,09:15:29,24712.5,24711.1,75,24716.5,300,0,11632575
NIFTY-I.NFO,15/05/2025,09:15:30,24709.3,24708.3,75,24714.2,150,2475,11632575
NIFTY-I.NFO,15/05/2025,09:15:30,24708.5,24708.3,75,24714.2,150,0,11632575
NIFTY-I.NFO,15/05/2025,09:15:32,24703.6,24703.6,75,24710.6,150,4275,11632575
NIFTY-I.NFO,15/05/2025,09:15:32,24703.6,24703.6,75,24710.6,150,0,11632575
NIFTY-I.NFO,15/05/2025,09:15:34,24711.3,24706.8,225,24712.1,300,6000,11625675
NIFTY-I.NFO,15/05/2025,09:15:34,24702,24706.8,225,24712.1,300,0,11625675
NIFTY-I.NFO,15/05/2025,09:15:35,24714.6,24708.9,675,24715.1,150,8850,11625675
NIFTY-I.NFO,15/05/2025,09:15:37,24715.9,24715.9,525,24719,75,4950,11625675
NIFTY-I.NFO,15/05/2025,09:15:39,24719.8,24715.9,525,24719.9,150,600,11625675
NIFTY-I.NFO,15/05/2025,09:15:40,24708.8,24708.8,75,24714.7,75,1575,11625675
NIFTY-I.NFO,15/05/2025,09:15:42,24713.5,24705.7,75,24711,375,675,11625675
NIFTY-I.NFO,15/05/2025,09:15:44,24710.8,24705,1200,24708.3,75,1125,11625675
NIFTY-I.NFO,15/05/2025,09:15:45,24709.9,24705,900,24709.7,150,900,11625675
NIFTY-I.NFO,15/05/2025,09:15:47,24711,24707.2,300,24713.3,150,2400,11625675
NIFTY-I.NFO,15/05/2025,09:15:49,24713.3,24707.6,75,24713.3,150,825,11625675
NIFTY-I.NFO,15/05/2025,09:15:50,24708.1,24708,675,24713.3,150,600,11625675
NIFTY-I.NFO,15/05/2025,09:15:52,24713.3,24713.3,375,24719.9,225,3600,11625675
NIFTY-I.NFO,15/05/2025,09:15:53,24713.3,24713.3,1725,24715,450,150,11625675
NIFTY-I.NFO,15/05/2025,09:15:55,24713.5,24713.8,225,24715,525,2400,11625675
NIFTY-I.NFO,15/05/2025,09:15:57,24713.7,24713.3,75,24719.9,225,2475,11625675
NIFTY-I.NFO,15/05/2025,09:15:58,24715,24715,450,24719.9,150,525,11625675
NIFTY-I.NFO,15/05/2025,09:16:00,24715,24717.5,525,24719.9,750,150,11625675
NIFTY-I.NFO,15/05/2025,09:16:02,24721.4,24720.2,75,24721.5,75,1425,11625675
NIFTY-I.NFO,15/05/2025,09:16:03,24723.2,24720.3,75,24726.9,300,3600,11625675
NIFTY-I.NFO,15/05/2025,09:16:05,24720.1,24720,450,24720.2,150,975,11625675
NIFTY-I.NFO,15/05/2025,09:16:06,24723.9,24720,75,24724.9,225,2100,11625675
NIFTY-I.NFO,15/05/2025,09:16:08,24721.4,24719.9,75,24722.2,375,600,11625675
NIFTY-I.NFO,15/05/2025,09:16:10,24723,24720,375,24725,450,600,11625675
NIFTY-I.NFO,15/05/2025,09:16:11,24733.3,24725.9,300,24732.8,375,2625,11625675
NIFTY-I.NFO,15/05/2025,09:16:13,24726.8,24726.5,375,24732.7,375,750,11625675
NIFTY-I.NFO,15/05/2025,09:16:15,24724.9,24725.5,300,24731.4,375,600,11625675
NIFTY-I.NFO,15/05/2025,09:16:16,24731.4,24725,375,24730.8,375,300,11625675
NIFTY-I.NFO,15/05/2025,09:16:18,24725,24725,675,24725.9,375,2100,11625675
NIFTY-I.NFO,15/05/2025,09:16:20,24725.7,24720.2,300,24725.6,300,1050,11625675
NIFTY-I.NFO,15/05/2025,09:16:21,24725.7,24720.7,75,24726.1,225,300,11625675
NIFTY-I.NFO,15/05/2025,09:16:23,24724,24722.1,675,24726.7,75,600,11625675
NIFTY-I.NFO,15/05/2025,09:16:24,24727.1,24726.5,75,24726.7,150,525,11625675
NIFTY-I.NFO,15/05/2025,09:16:26,24726.7,24724.6,600,24729.8,75,375,11625675
NIFTY-I.NFO,15/05/2025,09:16:28,24733,24727.1,150,24732,375,1125,11625675
NIFTY-I.NFO,15/05/2025,09:16:29,24726.7,24726.8,150,24733.1,375,375,11625675
NIFTY-I.NFO,15/05/2025,09:16:31,24726,24721.9,75,24728.7,150,825,11625675
NIFTY-I.NFO,15/05/2025,09:16:32,24721.3,24722,75,24726.4,225,450,11625675
NIFTY-I.NFO,15/05/2025,09:16:34,24722,24722,900,24727.9,150,450,11625675
NIFTY-I.NFO,15/05/2025,09:16:36,24725,24724.2,75,24727.9,75,150,11625675
NIFTY-I.NFO,15/05/2025,09:16:37,24728.2,24722.2,375,24729,375,1050,11625675
NIFTY-I.NFO,15/05/2025,09:16:39,24730.3,24724.3,75,24730,300,1200,11625675
NIFTY-I.NFO,15/05/2025,09:16:41,24732.9,24725.1,750,24733,75,375,11625675
NIFTY-I.NFO,15/05/2025,09:16:42,24725.1,24725,150,24728.4,75,750,11625675
NIFTY-I.NFO,15/05/2025,09:16:44,24722,24721.4,75,24724.9,225,900,11625675
NIFTY-I.NFO,15/05/2025,09:16:45,24720.4,24720,1650,24724.9,150,450,11625675
NIFTY-I.NFO,15/05/2025,09:16:47,24720,24720,1050,24722.3,300,1050,11625675
NIFTY-I.NFO,15/05/2025,09:16:49,24718.9,24715,2250,24721.3,375,1275,11625675
NIFTY-I.NFO,15/05/2025,09:16:50,24715.2,24715,2250,24719.7,375,375,11625675
NIFTY-I.NFO,15/05/2025,09:16:52,24717.4,24715,150,24717.4,150,2400,11625675
NIFTY-I.NFO,15/05/2025,09:16:54,24713,24712.3,75,24713.4,300,900,11625675
NIFTY-I.NFO,15/05/2025,09:16:55,24709,24706.8,600,24710.9,300,1650,11625675
NIFTY-I.NFO,15/05/2025,09:16:57,24705,24705,1275,24708.8,300,1125,11625675
NIFTY-I.NFO,15/05/2025,09:16:59,24708.4,24705,750,24708.6,300,1875,11625675
NIFTY-I.NFO,15/05/2025,09:17:00,24708.8,24708.8,75,24710,300,2625,11625675
NIFTY-I.NFO,15/05/2025,09:17:00,24701.3,24708.8,75,24710,300,0,11625675
NIFTY-I.NFO,15/05/2025,09:17:02,24710,24701.2,450,24708.9,300,1125,11625675
NIFTY-I.NFO,15/05/2025,09:17:03,24702.4,24701.1,75,24706.8,300,375,11625675
NIFTY-I.NFO,15/05/2025,09:17:03,24701.2,24701.1,75,24706.8,300,0,11625675
NIFTY-I.NFO,15/05/2025,09:17:05,24697.1,24697.2,375,24704.3,1050,4575,11625675
NIFTY-I.NFO,15/05/2025,09:17:05,24697.1,24697.2,375,24704.3,1050,0,11625675
NIFTY-I.NFO,15/05/2025,09:17:07,24706.6,24706.8,1050,24708.4,75,750,11625675
NIFTY-I.NFO,15/05/2025,09:17:08,24708.1,24708.9,375,24712.3,1650,825,11625675
NIFTY-I.NFO,15/05/2025,09:17:10,24712.3,24710.1,375,24712.3,1500,750,11625675
NIFTY-I.NFO,15/05/2025,09:17:12,24715,24712.2,675,24715,300,4125,11625675
NIFTY-I.NFO,15/05/2025,09:17:13,24710.2,24708.5,300,24712,75,225,11625675
NIFTY-I.NFO,15/05/2025,09:17:15,24715,24710,750,24713,375,225,11625675
NIFTY-I.NFO,15/05/2025,09:17:17,24715,24710,600,24714.1,750,525,11625675
NIFTY-I.NFO,15/05/2025,09:17:18,24711.2,24711.2,300,24716.9,150,750,11625675
NIFTY-I.NFO,15/05/2025,09:17:20,24708.4,24710,75,24714.3,750,2700,11625675
NIFTY-I.NFO,15/05/2025,09:17:21,24708,24706.8,900,24709.5,750,750,11625675
NIFTY-I.NFO,15/05/2025,09:17:23,24705.3,24703.1,75,24707.4,225,1950,11625675
NIFTY-I.NFO,15/05/2025,09:17:25,24705.8,24704.9,600,24707.7,150,150,11625675
NIFTY-I.NFO,15/05/2025,09:17:26,24703.1,24703.1,75,24705.6,825,75,11625675
NIFTY-I.NFO,15/05/2025,09:17:28,24705.6,24703.1,375,24705.6,375,75,11625675
NIFTY-I.NFO,15/05/2025,09:17:30,24710.2,24705.9,300,24710.9,75,525,11625675
NIFTY-I.NFO,15/05/2025,09:17:31,24709.7,24708.6,75,24710,75,225,11625675
NIFTY-I.NFO,15/05/2025,09:17:33,24705.9,24703,75,24705.9,675,1125,11625675
NIFTY-I.NFO,15/05/2025,09:17:34,24701,24701,900,24703.6,375,1050,11625675
NIFTY-I.NFO,15/05/2025,09:17:36,24701,24701,525,24703.6,1050,1500,11625675
NIFTY-I.NFO,15/05/2025,09:17:38,24700.5,24701,75,24701.2,450,900,11625675
NIFTY-I.NFO,15/05/2025,09:17:39,24703,24700.5,375,24703,75,3600,11625675
NIFTY-I.NFO,15/05/2025,09:17:39,24696,24700.5,375,24703,75,0,11625675
NIFTY-I.NFO,15/05/2025,09:17:41,24700,24696,150,24700,75,525,11625675
NIFTY-I.NFO,15/05/2025,09:17:43,24700.8,24700,75,24700.9,450,300,11625675
NIFTY-I.NFO,15/05/2025,09:17:44,24697,24694,450,24697.1,75,1050,11625675
NIFTY-I.NFO,15/05/2025,09:17:44,24695,24694,450,24697.1,75,0,11625675
NIFTY-I.NFO,15/05/2025,09:17:46,24692.5,24692,150,24697,225,525,11625675
NIFTY-I.NFO,15/05/2025,09:17:46,24692.5,24692,150,24697,225,0,11625675
NIFTY-I.NFO,15/05/2025,09:17:48,24695,24690.1,1050,24693.8,225,1500,11625675
NIFTY-I.NFO,15/05/2025,09:17:48,24690.5,24690.1,1050,24693.8,225,0,11625675
NIFTY-I.NFO,15/05/2025,09:17:49,24693.3,24690.1,750,24692.9,300,900,11625675
NIFTY-I.NFO,15/05/2025,09:17:49,24690.1,24690.1,750,24692.9,300,0,11625675
NIFTY-I.NFO,15/05/2025,09:17:51,24692.9,24692.5,75,24692.8,150,300,11625675
NIFTY-I.NFO,15/05/2025,09:17:53,24690.1,24690.1,600,24693.6,300,1875,11625675
NIFTY-I.NFO,15/05/2025,09:17:54,24693.3,24690.6,975,24693.3,75,1050,11625675
NIFTY-I.NFO,15/05/2025,09:17:56,24693.3,24690,600,24692.7,375,525,11625675
NIFTY-I.NFO,15/05/2025,09:17:56,24690,24690,600,24692.7,375,0,11625675
NIFTY-I.NFO,15/05/2025,09:17:57,24690,24685.9,675,24690,375,1725,11625675
NIFTY-I.NFO,15/05/2025,09:17:57,24688,24685.9,675,24690,375,0,11625675
NIFTY-I.NFO,15/05/2025,09:17:59,24691,24691,75,24693.8,75,1650,11625675
NIFTY-I.NFO,15/05/2025,09:17:59,24687.6,24691,75,24693.8,75,0,11625675
NIFTY-I.NFO,15/05/2025,09:18:01,24693.4,24690.2,75,24693.2,225,1200,11625675
NIFTY-I.NFO,15/05/2025,09:18:02,24695,24692.9,375,24695,150,225,11625675
NIFTY-I.NFO,15/05/2025,09:18:04,24695.1,24695.2,150,24695.3,75,750,11625675
NIFTY-I.NFO,15/05/2025,09:18:06,24692.3,24690,2700,24692.7,375,900,11625675
NIFTY-I.NFO,15/05/2025,09:18:07,24690,24690,375,24690.6,300,3450,11625675
NIFTY-I.NFO,15/05/2025,09:18:09,24689.8,24686.1,1275,24689.8,75,2625,11625675
NIFTY-I.NFO,15/05/2025,09:18:09,24686.1,24686.1,1275,24689.8,75,0,11625675
NIFTY-I.NFO,15/05/2025,09:18:10,24683.6,24686.2,375,24687.7,75,1950,11625675
NIFTY-I.NFO,15/05/2025,09:18:10,24683.6,24686.2,375,24687.7,75,0,11625675
NIFTY-I.NFO,15/05/2025,09:18:12,24682,24682,525,24685.9,375,1125,11625675
NIFTY-I.NFO,15/05/2025,09:18:12,24682,24682,525,24685.9,375,0,11625675
NIFTY-I.NFO,15/05/2025,09:18:14,24686.1,24684.9,750,24691.8,375,1350,11625675
NIFTY-I.NFO,15/05/2025,09:18:15,24688.5,24684.9,150,24685.6,150,1350,11625675
NIFTY-I.NFO,15/05/2025,09:18:17,24683.6,24682.5,75,24684.9,375,375,11625675
NIFTY-I.NFO,15/05/2025,09:18:19,24682,24682,225,24684.8,375,1725,11625675
NIFTY-I.NFO,15/05/2025,09:18:20,24683.8,24682.1,375,24684.8,225,150,11625675
NIFTY-I.NFO,15/05/2025,09:18:22,24682,24683.6,75,24684.7,150,525,11625675
NIFTY-I.NFO,15/05/2025,09:18:24,24684.3,24684.3,675,24689.9,150,525,11625675
NIFTY-I.NFO,15/05/2025,09:18:25,24684.8,24684.7,75,24685.3,150,600,11625675
NIFTY-I.NFO,15/05/2025,09:18:27,24684.2,24683,375,24685,75,225,11625675
NIFTY-I.NFO,15/05/2025,09:18:28,24685.1,24685.5,450,24690,300,825,11625675
NIFTY-I.NFO,15/05/2025,09:18:30,24690,24688.3,450,24692.5,300,825,11625675
NIFTY-I.NFO,15/05/2025,09:18:32,24694.7,24689.8,75,24691.9,150,825,11625675
NIFTY-I.NFO,15/05/2025,09:18:33,24685.5,24685.5,975,24689,75,600,11625675
NIFTY-I.NFO,15/05/2025,09:18:35,24687.9,24686.1,975,24692.4,75,225,11644050
NIFTY-I.NFO,15/05/2025,09:18:37,24690.7,24686,375,24690.8,75,225,11644050
NIFTY-I.NFO,15/05/2025,09:18:38,24686.2,24691,75,24694.8,300,150,11644050
NIFTY-I.NFO,15/05/2025,09:18:40,24691,24688,375,24691,75,75,11644050
NIFTY-I.NFO,15/05/2025,09:18:41,24688,24691.3,75,24691.7,75,75,11644050
NIFTY-I.NFO,15/05/2025,09:18:43,24686,24686,375,24691.7,75,525,11644050
NIFTY-I.NFO,15/05/2025,09:18:45,24690.8,24688,375,24689.3,150,1350,11644050
NIFTY-I.NFO,15/05/2025,09:18:46,24685.5,24685,975,24687.2,375,525,11644050
NIFTY-I.NFO,15/05/2025,09:18:48,24687.9,24686,75,24687.1,150,75,11644050
NIFTY-I.NFO,15/05/2025,09:18:49,24689.9,24685,675,24689.9,75,1350,11644050
NIFTY-I.NFO,15/05/2025,09:18:51,24687.2,24687.6,900,24692,75,450,11644050
NIFTY-I.NFO,15/05/2025,09:18:53,24687.2,24686.1,375,24688.5,75,0,11644050
NIFTY-I.NFO,15/05/2025,09:18:54,24690,24690,75,24692,75,450,11644050
NIFTY-I.NFO,15/05/2025,09:18:56,24687.2,24685,1350,24688.5,75,225,11644050
NIFTY-I.NFO,15/05/2025,09:18:58,24686,24685,1200,24686,75,525,11644050
NIFTY-I.NFO,15/05/2025,09:18:59,24685,24686.3,1200,24692.4,75,2100,11644050
NIFTY-I.NFO,15/05/2025,09:19:01,24686.1,24685,450,24689.3,750,300,11644050
NIFTY-I.NFO,15/05/2025,09:19:03,24689.5,24683.9,300,24689.9,150,3600,11644050
NIFTY-I.NFO,15/05/2025,09:19:04,24682.9,24685,75,24686.9,75,450,11644050
NIFTY-I.NFO,15/05/2025,09:19:06,24684.3,24680,300,24686.2,150,7575,11644050
NIFTY-I.NFO,15/05/2025,09:19:06,24677.6,24680,300,24686.2,150,0,11644050
NIFTY-I.NFO,15/05/2025,09:19:07,24685.6,24678.2,300,24685.5,300,1725,11644050
NIFTY-I.NFO,15/05/2025,09:19:09,24681.8,24682,75,24686.4,300,975,11644050
NIFTY-I.NFO,15/05/2025,09:19:11,24685.5,24686.5,75,24687.5,300,825,11644050
NIFTY-I.NFO,15/05/2025,09:19:12,24680,24680.3,300,24685,75,900,11644050
NIFTY-I.NFO,15/05/2025,09:19:14,24682,24681.8,375,24687.2,75,225,11644050
NIFTY-I.NFO,15/05/2025,09:19:16,24687.2,24690,75,24692,75,1875,11644050
NIFTY-I.NFO,15/05/2025,09:19:17,24690.4,24683.6,1050,24691.2,75,6375,11644050
NIFTY-I.NFO,15/05/2025,09:19:19,24683.9,24683.3,675,24689.6,1050,225,11644050
NIFTY-I.NFO,15/05/2025,09:19:20,24679.5,24679.4,675,24686,300,2100,11644050
NIFTY-I.NFO,15/05/2025,09:19:22,24682.8,24683.2,450,24689.9,150,300,11644050
NIFTY-I.NFO,15/05/2025,09:19:24,24689.4,24685,75,24689,300,600,11644050
NIFTY-I.NFO,15/05/2025,09:19:25,24688.3,24682.2,300,24689.1,75,1200,11644050
NIFTY-I.NFO,15/05/2025,09:19:27,24687.1,24680,750,24687,300,1275,11644050
NIFTY-I.NFO,15/05/2025,09:19:29,24681.1,24682.2,300,24687.2,300,225,11644050
NIFTY-I.NFO,15/05/2025,09:19:30,24682.4,24687,300,24687.2,225,225,11644050
NIFTY-I.NFO,15/05/2025,09:19:32,24687.2,24685,75,24687.2,225,675,11644050
NIFTY-I.NFO,15/05/2025,09:19:33,24685.1,24685.1,1125,24687.2,75,375,11644050
NIFTY-I.NFO,15/05/2025,09:19:35,24685.1,24685.1,675,24687.2,300,225,11644050
NIFTY-I.NFO,15/05/2025,09:19:37,24685.1,24680,1200,24685.9,300,1275,11644050
NIFTY-I.NFO,15/05/2025,09:19:38,24685.4,24685.1,75,24685.4,75,375,11644050
NIFTY-I.NFO,15/05/2025,09:19:40,24687.9,24681.8,375,24687.6,300,450,11644050
NIFTY-I.NFO,15/05/2025,09:19:41,24685.1,24680.9,675,24687.1,300,525,11644050
NIFTY-I.NFO,15/05/2025,09:19:43,24680,24679.5,375,24685.2,300,1350,11644050
NIFTY-I.NFO,15/05/2025,09:19:45,24683.7,24678.1,375,24683.7,75,750,11644050
NIFTY-I.NFO,15/05/2025,09:19:46,24683.7,24678.5,375,24684,150,75,11644050
NIFTY-I.NFO,15/05/2025,09:19:48,24683.5,24680.4,75,24684,225,525,11644050
NIFTY-I.NFO,15/05/2025,09:19:49,24685.1,24680.6,600,24685.1,1650,450,11644050
NIFTY-I.NFO,15/05/2025,09:19:51,24681.7,24681.9,75,24685,900,225,11644050
NIFTY-I.NFO,15/05/2025,09:19:53,24688.3,24685.7,150,24689,300,2925,11644050
NIFTY-I.NFO,15/05/2025,09:19:54,24694,24690.4,300,24695,1050,1575,11644050
NIFTY-I.NFO,15/05/2025,09:19:56,24695,24693.9,375,24695,450,825,11644050
NIFTY-I.NFO,15/05/2025,09:19:58,24699,24696.2,75,24700,750,900,11644050
NIFTY-I.NFO,15/05/2025,09:19:59,24700,24694,375,24700,225,750,11644050
NIFTY-I.NFO,15/05/2025,09:20:01,24697.6,24692.1,600,24698,75,1275,11644050
NIFTY-I.NFO,15/05/2025,09:20:03,24693.4,24693.4,525,24697,150,450,11644050
NIFTY-I.NFO,15/05/2025,09:20:04,24698,24690.7,375,24695.9,150,825,11644050
NIFTY-I.NFO,15/05/2025,09:20:06,24690.6,24690.6,75,24694.4,375,450,11644050
NIFTY-I.NFO,15/05/2025,09:20:07,24685.2,24684,75,24685.9,75,2850,11644050
NIFTY-I.NFO,15/05/2025,09:20:09,24685.5,24681,1800,24684.2,150,1050,11644050
NIFTY-I.NFO,15/05/2025,09:20:11,24681.2,24681.2,1125,24683.4,150,4425,11644050
NIFTY-I.NFO,15/05/2025,09:20:12,24682.5,24681.2,900,24682.6,225,300,11644050
NIFTY-I.NFO,15/05/2025,09:20:14,24680,24680,4200,24680.9,75,1050,11644050
NIFTY-I.NFO,15/05/2025,09:20:16,24663.5,24663.5,600,24668,150,19500,11644050
NIFTY-I.NFO,15/05/2025,09:20:16,24663,24663.5,600,24668,150,0,11644050
NIFTY-I.NFO,15/05/2025,09:20:17,24667.9,24666.1,750,24667.9,75,3075,11644050
NIFTY-I.NFO,15/05/2025,09:20:19,24671.9,24668,375,24672.1,75,2250,11644050
NIFTY-I.NFO,15/05/2025,09:20:21,24667.9,24666,675,24673,825,450,11644050
NIFTY-I.NFO,15/05/2025,09:20:22,24673.5,24673.5,750,24679.2,150,1350,11644050
NIFTY-I.NFO,15/05/2025,09:20:24,24668,24671.1,300,24674.1,450,525,11644050
NIFTY-I.NFO,15/05/2025,09:20:25,24671.1,24671.1,450,24676.8,75,825,11644050
NIFTY-I.NFO,15/05/2025,09:20:27,24676.3,24671.1,675,24675.7,375,225,11644050
NIFTY-I.NFO,15/05/2025,09:20:29,24671.1,24671.1,225,24672.4,150,525,11644050
NIFTY-I.NFO,15/05/2025,09:20:30,24677.9,24673.2,450,24678,150,1200,11644050
NIFTY-I.NFO,15/05/2025,09:20:32,24672.5,24671.1,375,24676.2,150,375,11644050
NIFTY-I.NFO,15/05/2025,09:20:34,24679.7,24672.6,300,24679.8,75,1050,11644050
NIFTY-I.NFO,15/05/2025,09:20:35,24676,24675,75,24677.6,300,825,11644050
NIFTY-I.NFO,15/05/2025,09:20:37,24678.3,24672.6,900,24679.1,150,225,11644050
NIFTY-I.NFO,15/05/2025,09:20:38,24675,24675,150,24676.3,75,675,11644050
NIFTY-I.NFO,15/05/2025,09:20:40,24672.5,24672,225,24672.7,375,525,11644050
NIFTY-I.NFO,15/05/2025,09:20:42,24675,24675,1425,24679.3,150,975,11644050
NIFTY-I.NFO,15/05/2025,09:20:43,24676.1,24675.1,75,24675.4,75,750,11644050
NIFTY-I.NFO,15/05/2025,09:20:45,24679.5,24675,1125,24679.5,225,750,11644050
NIFTY-I.NFO,15/05/2025,09:20:46,24675,24675,975,24679.4,825,300,11644050
NIFTY-I.NFO,15/05/2025,09:20:48,24675.1,24676.2,375,24679,750,300,11644050
NIFTY-I.NFO,15/05/2025,09:20:50,24678.2,24678.8,750,24684.2,375,1800,11644050
NIFTY-I.NFO,15/05/2025,09:20:51,24681.7,24681.7,150,24684.5,75,1950,11644050
NIFTY-I.NFO,15/05/2025,09:20:53,24679.6,24679.5,75,24679.9,750,300,11644050
NIFTY-I.NFO,15/05/2025,09:20:55,24675,24672.7,375,24678,75,2025,11644050
NIFTY-I.NFO,15/05/2025,09:20:56,24672.8,24672.7,75,24676,75,525,11644050
NIFTY-I.NFO,15/05/2025,09:20:58,24676.9,24675,75,24677,75,2325,11644050
NIFTY-I.NFO,15/05/2025,09:21:00,24676,24675,75,24677.4,75,225,11644050
NIFTY-I.NFO,15/05/2025,09:21:01,24672.7,24672,525,24675.4,75,525,11644050
NIFTY-I.NFO,15/05/2025,09:21:03,24673.7,24672,75,24673,150,300,11644050
NIFTY-I.NFO,15/05/2025,09:21:05,24672.7,24672.1,1200,24672.8,75,1275,11644050
NIFTY-I.NFO,15/05/2025,09:21:06,24675.5,24670,2400,24674.7,150,2850,11644050
NIFTY-I.NFO,15/05/2025,09:21:08,24670,24671,600,24675.8,150,150,11644050
NIFTY-I.NFO,15/05/2025,09:21:10,24671,24670,3300,24671,75,300,11644050
NIFTY-I.NFO,15/05/2025,09:21:11,24671,24671,1575,24672.2,75,375,11644050
NIFTY-I.NFO,15/05/2025,09:21:13,24672.4,24672.3,225,24675.9,150,150,11644050
NIFTY-I.NFO,15/05/2025,09:21:15,24677.2,24675.3,75,24678,75,525,11644050
NIFTY-I.NFO,15/05/2025,09:21:16,24680,24677.8,150,24680,1725,525,11644050
NIFTY-I.NFO,15/05/2025,09:21:18,24684.9,24681,600,24684.9,75,2250,11644050
NIFTY-I.NFO,15/05/2025,09:21:20,24686,24682,75,24686.4,75,600,11644050
NIFTY-I.NFO,15/05/2025,09:21:21,24689.8,24682.6,675,24689.4,75,375,11644050
NIFTY-I.NFO,15/05/2025,09:21:23,24689.8,24686.3,600,24690,75,0,11644050
NIFTY-I.NFO,15/05/2025,09:21:25,24686.3,24686.3,150,24690.5,75,450,11644050
NIFTY-I.NFO,15/05/2025,09:21:26,24682.4,24682.3,375,24687.8,75,450,11644050
NIFTY-I.NFO,15/05/2025,09:21:28,24688.3,24683.3,975,24688.1,75,300,11644050
NIFTY-I.NFO,15/05/2025,09:21:30,24690.1,24682.8,675,24688.6,75,450,11644050
NIFTY-I.NFO,15/05/2025,09:21:31,24687.5,24683,75,24687.5,150,525,11644050
NIFTY-I.NFO,15/05/2025,09:21:33,24687,24682,75,24688.4,525,450,11644050
NIFTY-I.NFO,15/05/2025,09:21:35,24682,24680,450,24683.1,300,75,11675025
NIFTY-I.NFO,15/05/2025,09:21:36,24680,24680,300,24683.1,300,300,11675025
NIFTY-I.NFO,15/05/2025,09:21:38,24677,24677.2,300,24683.2,150,2925,11675025
NIFTY-I.NFO,15/05/2025,09:21:40,24677,24680,75,24682.5,150,0,11675025
NIFTY-I.NFO,15/05/2025,09:21:41,24688.1,24682.7,750,24688.6,150,825,11675025
NIFTY-I.NFO,15/05/2025,09:21:43,24683.1,24683,375,24689.3,150,675,11675025
NIFTY-I.NFO,15/05/2025,09:21:45,24690,24688.1,300,24690,2625,600,11675025
NIFTY-I.NFO,15/05/2025,09:21:46,24687.7,24688.2,75,24690,2550,450,11675025
NIFTY-I.NFO,15/05/2025,09:21:48,24686.2,24686.7,300,24690,2550,450,11675025
NIFTY-I.NFO,15/05/2025,09:21:50,24690,24687.8,450,24690,2400,375,11675025
NIFTY-I.NFO,15/05/2025,09:21:51,24694.6,24691.8,450,24695,2250,3225,11675025
NIFTY-I.NFO,15/05/2025,09:21:53,24699.6,24699.9,525,24703.6,75,7500,11675025
NIFTY-I.NFO,15/05/2025,09:21:55,24695,24694.6,1350,24699,150,1050,11675025
NIFTY-I.NFO,15/05/2025,09:21:56,24699.6,24697.5,450,24703,75,300,11675025
NIFTY-I.NFO,15/05/2025,09:21:58,24703,24699,75,24703.1,75,450,11675025
NIFTY-I.NFO,15/05/2025,09:22:00,24690.1,24690.4,75,24696.3,75,675,11675025
NIFTY-I.NFO,15/05/2025,09:22:02,24690,24689,525,24693.6,75,525,11675025
NIFTY-I.NFO,15/05/2025,09:22:03,24686.1,24684.5,75,24688.4,300,300,11675025
NIFTY-I.NFO,15/05/2025,09:22:05,24688,24683.3,450,24689.6,75,450,11675025
NIFTY-I.NFO,15/05/2025,09:22:07,24683.1,24681.9,975,24688.5,75,1050,11675025
NIFTY-I.NFO,15/05/2025,09:22:08,24690,24689,450,24694.2,75,450,11675025
NIFTY-I.NFO,15/05/2025,09:22:10,24691.3,24691.9,975,24695.4,75,525,11675025
NIFTY-I.NFO,15/05/2025,09:22:12,24694.6,24692.3,375,24698.7,75,675,11675025
NIFTY-I.NFO,15/05/2025,09:22:13,24700.2,24695.7,375,24702,150,525,11675025
NIFTY-I.NFO,15/05/2025,09:22:15,24702,24695.3,675,24700.5,75,600,11675025
NIFTY-I.NFO,15/05/2025,09:22:17,24694.6,24694.5,375,24700,75,600,11675025
NIFTY-I.NFO,15/05/2025,09:22:18,24695.3,24690.2,375,24695.4,150,225,11675025
NIFTY-I.NFO,15/05/2025,09:22:20,24691.4,24690,75,24691.8,300,225,11675025
NIFTY-I.NFO,15/05/2025,09:22:21,24690.4,24685,150,24689.6,300,600,11675025
NIFTY-I.NFO,15/05/2025,09:22:23,24690,24685,150,24690,300,75,11675025
NIFTY-I.NFO,15/05/2025,09:22:25,24685,24685,75,24686.8,75,300,11675025
NIFTY-I.NFO,15/05/2025,09:22:26,24685.4,24685.7,375,24689.8,150,525,11675025
NIFTY-I.NFO,15/05/2025,09:22:28,24687.5,24688.1,900,24693,75,300,11675025
NIFTY-I.NFO,15/05/2025,09:22:30,24690,24685,150,24689.4,375,75,11675025
NIFTY-I.NFO,15/05/2025,09:22:31,24682.1,24682,75,24684.4,75,600,11675025
NIFTY-I.NFO,15/05/2025,09:22:33,24681.7,24681,450,24685.4,300,450,11675025
NIFTY-I.NFO,15/05/2025,09:22:35,24677.6,24677.4,1275,24682.3,75,3150,11675025
NIFTY-I.NFO,15/05/2025,09:22:36,24681.2,24680.8,525,24686.6,75,300,11675025
NIFTY-I.NFO,15/05/2025,09:22:38,24680,24680,75,24683.5,75,450,11675025
NIFTY-I.NFO,15/05/2025,09:22:40,24681.7,24682.2,450,24687.4,75,600,11675025
NIFTY-I.NFO,15/05/2025,09:22:41,24687.3,24682.1,600,24687,75,75,11675025
NIFTY-I.NFO,15/05/2025,09:22:43,24682,24680,75,24685.3,75,225,11675025
NIFTY-I.NFO,15/05/2025,09:22:45,24684.5,24680.4,1200,24685.4,75,150,11675025
NIFTY-I.NFO,15/05/2025,09:22:46,24686,24681,75,24685,225,525,11675025
NIFTY-I.NFO,15/05/2025,09:22:48,24681,24680,1800,24681,150,150,11675025
NIFTY-I.NFO,15/05/2025,09:22:50,24681,24680.1,300,24682.9,75,525,11675025
NIFTY-I.NFO,15/05/2025,09:22:51,24682.5,24680.1,600,24682.5,150,150,11675025
NIFTY-I.NFO,15/05/2025,09:22:53,24680,24677,225,24680,225,1950,11675025
NIFTY-I.NFO,15/05/2025,09:22:55,24677,24676.8,300,24680,1575,225,11675025
NIFTY-I.NFO,15/05/2025,09:22:56,24677.7,24676.7,375,24680,1500,225,11675025
NIFTY-I.NFO,15/05/2025,09:22:58,24677,24675.8,1275,24677.7,75,900,11675025
NIFTY-I.NFO,15/05/2025,09:23:00,24680.1,24678.7,750,24682,150,1200,11675025
NIFTY-I.NFO,15/05/2025,09:23:01,24675.1,24675,3150,24677.7,375,225,11675025
NIFTY-I.NFO,15/05/2025,09:23:03,24680.2,24676.3,375,24682,75,450,11675025
NIFTY-I.NFO,15/05/2025,09:23:05,24680.6,24680,600,24686.5,150,1875,11675025
NIFTY-I.NFO,15/05/2025,09:23:06,24679.1,24676.9,375,24679.1,375,375,11675025
NIFTY-I.NFO,15/05/2025,09:23:08,24676.9,24675,3975,24679.1,150,600,11675025
NIFTY-I.NFO,15/05/2025,09:23:10,24679.5,24675,3675,24679.6,75,375,11675025
NIFTY-I.NFO,15/05/2025,09:23:11,24672.2,24671.3,75,24677.6,150,3675,11675025
NIFTY-I.NFO,15/05/2025,09:23:13,24671,24670.4,450,24671,375,2475,11675025
NIFTY-I.NFO,15/05/2025,09:23:15,24670,24670,9750,24672.8,75,4800,11675025
NIFTY-I.NFO,15/05/2025,09:23:16,24671,24670,9075,24674.7,75,1425,11675025
NIFTY-I.NFO,15/05/2025,09:23:18,24670.6,24670,9075,24670.6,150,225,11675025
NIFTY-I.NFO,15/05/2025,09:23:20,24670,24670,7425,24672.2,225,2400,11675025
NIFTY-I.NFO,15/05/2025,09:23:21,24670.6,24670,7125,24671.9,75,525,11675025
NIFTY-I.NFO,15/05/2025,09:23:23,24670.1,24670,7050,24670.6,525,600,11675025
NIFTY-I.NFO,15/05/2025,09:23:25,24672.2,24670.2,1050,24673.3,75,1350,11675025
NIFTY-I.NFO,15/05/2025,09:23:26,24678.8,24673.9,300,24679,75,825,11675025
NIFTY-I.NFO,15/05/2025,09:23:28,24671.8,24673.3,1050,24678,225,1275,11675025
NIFTY-I.NFO,15/05/2025,09:23:30,24671.4,24672.1,900,24674.5,300,600,11675025
NIFTY-I.NFO,15/05/2025,09:23:31,24672.5,24672.2,525,24678,225,525,11675025
NIFTY-I.NFO,15/05/2025,09:23:33,24678,24673.4,525,24678,150,300,11675025
NIFTY-I.NFO,15/05/2025,09:23:35,24674.2,24672,75,24677.9,150,150,11675025
NIFTY-I.NFO,15/05/2025,09:23:36,24672.4,24672.1,975,24677.8,75,825,11675025
NIFTY-I.NFO,15/05/2025,09:23:38,24678,24677.9,150,24678,75,900,11675025
NIFTY-I.NFO,15/05/2025,09:23:40,24678,24678,300,24679,450,375,11675025
NIFTY-I.NFO,15/05/2025,09:23:41,24677.9,24675,75,24679,450,975,11675025
NIFTY-I.NFO,15/05/2025,09:23:43,24676.3,24672,2625,24676.7,225,525,11675025
NIFTY-I.NFO,15/05/2025,09:23:45,24676.3,24675.1,1800,24676.2,150,375,11675025
NIFTY-I.NFO,15/05/2025,09:23:46,24676.3,24675.2,975,24678,75,675,11675025
NIFTY-I.NFO,15/05/2025,09:23:48,24675.1,24675.1,1800,24677.7,150,300,11675025
NIFTY-I.NFO,15/05/2025,09:23:50,24675.3,24675.5,1050,24677.7,150,825,11675025
NIFTY-I.NFO,15/05/2025,09:23:51,24675.1,24675.1,900,24677.7,75,675,11675025
NIFTY-I.NFO,15/05/2025,09:23:53,24675.1,24675.1,750,24677.7,75,150,11675025
NIFTY-I.NFO,15/05/2025,09:23:55,24680.2,24675.6,1050,24680.8,75,1275,11675025
NIFTY-I.NFO,15/05/2025,09:23:56,24680.2,24677.7,150,24680.2,150,225,11675025
NIFTY-I.NFO,15/05/2025,09:23:58,24677.7,24677.7,1350,24680.2,75,225,11675025
NIFTY-I.NFO,15/05/2025,09:24:00,24680,24682.5,450,24685.9,75,300,11675025
NIFTY-I.NFO,15/05/2025,09:24:01,24682.6,24682.6,225,24686,225,375,11675025
NIFTY-I.NFO,15/05/2025,09:24:03,24682.7,24682.6,1200,24686,225,225,11675025
NIFTY-I.NFO,15/05/2025,09:24:05,24682.7,24682.6,1500,24685,75,2400,11675025
NIFTY-I.NFO,15/05/2025,09:24:06,24689,24685.5,150,24689,825,825,11675025
NIFTY-I.NFO,15/05/2025,09:24:08,24690.8,24688.8,225,24689.9,75,1200,11675025
NIFTY-I.NFO,15/05/2025,09:24:09,24691.2,24691.3,300,24692.3,75,600,11675025
NIFTY-I.NFO,15/05/2025,09:24:11,24691.3,24691.3,300,24694.8,75,525,11675025
NIFTY-I.NFO,15/05/2025,09:24:13,24692.3,24691.3,600,24694.9,75,300,11675025
NIFTY-I.NFO,15/05/2025,09:24:14,24691.4,24691.4,150,24692.3,150,225,11675025
NIFTY-I.NFO,15/05/2025,09:24:16,24692.3,24686.8,900,24692.2,75,1500,11675025
NIFTY-I.NFO,15/05/2025,09:24:18,24689.8,24686.2,75,24689.7,75,750,11675025
NIFTY-I.NFO,15/05/2025,09:24:20,24684.1,24686.9,750,24691.5,75,525,11675025
NIFTY-I.NFO,15/05/2025,09:24:21,24692.3,24691.6,150,24695,600,300,11675025
NIFTY-I.NFO,15/05/2025,09:24:23,24689.8,24690.8,1125,24695,600,1200,11675025
NIFTY-I.NFO,15/05/2025,09:24:25,24695,24690.2,825,24695,300,450,11675025
NIFTY-I.NFO,15/05/2025,09:24:26,24698.5,24693.3,675,24698.9,300,1500,11675025
NIFTY-I.NFO,15/05/2025,09:24:28,24694.1,24690,375,24692.3,75,1500,11675025
NIFTY-I.NFO,15/05/2025,09:24:29,24691.2,24690,600,24692.5,150,1950,11675025
NIFTY-I.NFO,15/05/2025,09:24:31,24691.8,24690,1275,24692,75,3000,11675025
NIFTY-I.NFO,15/05/2025,09:24:33,24694.9,24690.1,300,24695.2,75,1575,11675025
NIFTY-I.NFO,15/05/2025,09:24:34,24690.7,24691.5,1125,24695.5,75,450,11698950
NIFTY-I.NFO,15/05/2025,09:24:36,24694.4,24691.8,300,24694.2,225,450,11698950
NIFTY-I.NFO,15/05/2025,09:24:38,24691.8,24690,1575,24691.5,75,300,11698950
NIFTY-I.NFO,15/05/2025,09:24:39,24690.1,24690,1725,24692.2,75,1050,11698950
NIFTY-I.NFO,15/05/2025,09:24:41,24693.5,24690.7,375,24694,75,750,11698950
NIFTY-I.NFO,15/05/2025,09:24:43,24692.1,24692.1,825,24696.5,75,750,11698950
NIFTY-I.NFO,15/05/2025,09:24:44,24698.1,24693.8,450,24699,1875,675,11698950
NIFTY-I.NFO,15/05/2025,09:24:46,24698,24693.8,1350,24698,150,75,11698950
NIFTY-I.NFO,15/05/2025,09:24:48,24696,24695.1,450,24696,150,150,11698950
NIFTY-I.NFO,15/05/2025,09:24:49,24698.2,24698.6,900,24703,75,3300,11698950
NIFTY-I.NFO,15/05/2025,09:24:51,24704.3,24698,1125,24702.9,75,1800,11698950
NIFTY-I.NFO,15/05/2025,09:24:53,24697.1,24693.5,1500,24697.1,300,900,11698950
NIFTY-I.NFO,15/05/2025,09:24:54,24693.5,24696,75,24696.3,75,1050,11698950
NIFTY-I.NFO,15/05/2025,09:24:56,24698.6,24693.5,900,24698.3,375,675,11698950
NIFTY-I.NFO,15/05/2025,09:24:58,24694.5,24696,525,24699,75,375,11698950
NIFTY-I.NFO,15/05/2025,09:24:59,24695.1,24694.5,75,24699,75,600,11698950
NIFTY-I.NFO,15/05/2025,09:25:01,24694.5,24693.5,600,24694.5,150,75,11698950
NIFTY-I.NFO,15/05/2025,09:25:03,24698.8,24693.5,1200,24695.4,75,375,11698950
NIFTY-I.NFO,15/05/2025,09:25:04,24696.1,24696.1,1050,24699,75,750,11698950
NIFTY-I.NFO,15/05/2025,09:25:06,24695.7,24697,450,24699,975,300,11698950
NIFTY-I.NFO,15/05/2025,09:25:07,24700,24699,300,24702.8,150,1125,11698950
NIFTY-I.NFO,15/05/2025,09:25:09,24700.2,24698.8,450,24703,225,750,11698950
NIFTY-I.NFO,15/05/2025,09:25:11,24703,24700,1050,24703,75,675,11698950
NIFTY-I.NFO,15/05/2025,09:25:12,24705,24703.7,150,24705.2,75,1500,11698950
NIFTY-I.NFO,15/05/2025,09:25:14,24705.2,24704.7,450,24706,225,750,11698950
NIFTY-I.NFO,15/05/2025,09:25:16,24708,24703.3,75,24708,300,900,11698950
NIFTY-I.NFO,15/05/2025,09:25:17,24702,24701,750,24705.8,150,1050,11698950
NIFTY-I.NFO,15/05/2025,09:25:19,24701,24700,225,24701,150,525,11698950
NIFTY-I.NFO,15/05/2025,09:25:21,24700,24698,75,24701.2,75,750,11698950
NIFTY-I.NFO,15/05/2025,09:25:22,24698.9,24694,375,24699.9,75,450,11698950
NIFTY-I.NFO,15/05/2025,09:25:24,24698,24693.5,900,24698,150,300,11698950
NIFTY-I.NFO,15/05/2025,09:25:26,24698,24695.2,1050,24699.7,75,300,11698950
NIFTY-I.NFO,15/05/2025,09:25:27,24700,24695.6,375,24701.5,75,225,11698950
NIFTY-I.NFO,15/05/2025,09:25:29,24696,24695.2,375,24701.6,300,150,11698950
NIFTY-I.NFO,15/05/2025,09:25:31,24697.6,24700,750,24704.5,150,225,11698950
NIFTY-I.NFO,15/05/2025,09:25:32,24700,24700,675,24703.6,375,75,11698950
NIFTY-I.NFO,15/05/2025,09:25:34,24698.3,24698,75,24698.2,150,975,11698950
NIFTY-I.NFO,15/05/2025,09:25:36,24695,24693.5,525,24694.1,450,225,11698950
NIFTY-I.NFO,15/05/2025,09:25:37,24692.2,24691.2,375,24692.8,300,4725,11698950
NIFTY-I.NFO,15/05/2025,09:25:39,24690,24690,375,24691.4,375,2700,11698950
NIFTY-I.NFO,15/05/2025,09:25:41,24685,24684.7,675,24691,75,1800,11698950
NIFTY-I.NFO,15/05/2025,09:25:42,24692.5,24687.4,750,24693.4,150,525,11698950
NIFTY-I.NFO,15/05/2025,09:25:44,24688,24685.2,750,24691.2,75,300,11698950
NIFTY-I.NFO,15/05/2025,09:25:46,24689.3,24688.1,450,24694.4,75,525,11698950
NIFTY-I.NFO,15/05/2025,09:25:47,24694.7,24691.8,1425,24695,75,525,11698950
NIFTY-I.NFO,15/05/2025,09:25:49,24691.9,24693.4,300,24699.7,75,600,11698950
NIFTY-I.NFO,15/05/2025,09:25:51,24700,24697.4,525,24700,600,525,11698950
NIFTY-I.NFO,15/05/2025,09:25:52,24700,24698.3,75,24704.6,75,825,11698950
NIFTY-I.NFO,15/05/2025,09:25:54,24699.9,24695.4,900,24699.9,225,975,11698950
NIFTY-I.NFO,15/05/2025,09:25:56,24702.7,24700,75,24702.4,75,900,11698950
NIFTY-I.NFO,15/05/2025,09:25:57,24699.8,24697.8,675,24699.8,225,225,11698950
NIFTY-I.NFO,15/05/2025,09:25:59,24695.9,24695.9,300,24697.8,300,150,11698950
NIFTY-I.NFO,15/05/2025,09:26:01,24698.3,24697.9,975,24702.7,150,750,11698950
NIFTY-I.NFO,15/05/2025,09:26:02,24705,24699.7,825,24705,1875,825,11698950
NIFTY-I.NFO,15/05/2025,09:26:04,24699.9,24698.9,1125,24704.9,75,375,11698950
NIFTY-I.NFO,15/05/2025,09:26:06,24698.8,24697.8,10050,24703.7,75,450,11698950
NIFTY-I.NFO,15/05/2025,09:26:07,24701.1,24697.8,10950,24701.1,75,375,11698950
NIFTY-I.NFO,15/05/2025,09:26:09,24697.8,24697.8,9750,24698.2,600,375,11698950
NIFTY-I.NFO,15/05/2025,09:26:11,24691,24690.5,675,24693,150,11475,11698950
NIFTY-I.NFO,15/05/2025,09:26:12,24690.9,24690.5,300,24691.1,75,750,11698950
NIFTY-I.NFO,15/05/2025,09:26:14,24689.4,24685,300,24689.8,75,2025,11698950
NIFTY-I.NFO,15/05/2025,09:26:16,24695,24687.2,150,24694.1,300,2550,11698950
NIFTY-I.NFO,15/05/2025,09:26:17,24695,24685.6,675,24691.7,300,0,11698950
NIFTY-I.NFO,15/05/2025,09:26:19,24695,24685.2,375,24691.7,75,0,11698950
NIFTY-I.NFO,15/05/2025,09:26:21,24692.5,24685,300,24688,75,225,11698950
NIFTY-I.NFO,15/05/2025,09:26:22,24684.9,24684.3,75,24685,2250,1950,11698950
NIFTY-I.NFO,15/05/2025,09:26:24,24685,24683.7,450,24685,1200,1275,11698950
NIFTY-I.NFO,15/05/2025,09:26:26,24688.4,24682.2,375,24688,75,1725,11698950
NIFTY-I.NFO,15/05/2025,09:26:27,24687.9,24687.6,375,24693.1,75,300,11698950
NIFTY-I.NFO,15/05/2025,09:26:29,24693.1,24687.4,75,24694.2,75,225,11698950
NIFTY-I.NFO,15/05/2025,09:26:31,24694.2,24694.2,375,24694.4,225,1275,11698950
NIFTY-I.NFO,15/05/2025,09:26:32,24694,24687,75,24692.1,150,675,11698950
NIFTY-I.NFO,15/05/2025,09:26:34,24688.8,24685,75,24689.1,225,150,11698950
NIFTY-I.NFO,15/05/2025,09:26:36,24689.8,24689.8,75,24690,75,225,11698950
NIFTY-I.NFO,15/05/2025,09:26:37,24690,24687,600,24693.1,75,150,11698950
NIFTY-I.NFO,15/05/2025,09:26:39,24687.1,24687,300,24691.2,150,75,11698950
NIFTY-I.NFO,15/05/2025,09:26:41,24688.4,24687.2,975,24688.5,75,150,11698950
NIFTY-I.NFO,15/05/2025,09:26:42,24685,24685,75,24687.5,75,675,11698950
NIFTY-I.NFO,15/05/2025,09:26:44,24684.8,24685.1,150,24691,75,150,11698950
NIFTY-I.NFO,15/05/2025,09:26:46,24686.1,24687,675,24693,75,300,11698950
NIFTY-I.NFO,15/05/2025,09:26:47,24686.1,24686.3,375,24692.9,75,0,11698950
NIFTY-I.NFO,15/05/2025,09:26:49,24686,24685.7,375,24692,75,225,11698950
NIFTY-I.NFO,15/05/2025,09:26:51,24690,24687,150,24690,525,150,11698950
NIFTY-I.NFO,15/05/2025,09:26:52,24687,24685.1,375,24691.3,150,225,11698950
NIFTY-I.NFO,15/05/2025,09:26:54,24687,24688.8,75,24693,75,0,11698950
NIFTY-I.NFO,15/05/2025,09:26:56,24689.8,24689.9,150,24694,1500,375,11698950
NIFTY-I.NFO,15/05/2025,09:26:57,24694,24693.5,300,24697.9,150,1575,11698950
NIFTY-I.NFO,15/05/2025,09:26:59,24694,24693.9,375,24697.9,150,150,11698950
NIFTY-I.NFO,15/05/2025,09:27:01,24698,24698.1,75,24699,375,525,11698950
NIFTY-I.NFO,15/05/2025,09:27:02,24705,24699.2,75,24706.2,75,3000,11698950
NIFTY-I.NFO,15/05/2025,09:27:04,24698.7,24696,75,24701.3,300,75,11698950
NIFTY-I.NFO,15/05/2025,09:27:06,24702,24698,150,24702.7,150,675,11698950
NIFTY-I.NFO,15/05/2025,09:27:07,24706.7,24698,75,24703.9,150,3150,11698950
NIFTY-I.NFO,15/05/2025,09:27:09,24700.5,24695.9,75,24701.1,375,300,11698950
NIFTY-I.NFO,15/05/2025,09:27:11,24701.1,24694.2,375,24700.2,150,225,11698950
NIFTY-I.NFO,15/05/2025,09:27:12,24697.2,24692.5,525,24697.6,300,600,11698950
NIFTY-I.NFO,15/05/2025,09:27:14,24697.2,24692.5,825,24695.9,75,0,11698950
NIFTY-I.NFO,15/05/2025,09:27:16,24692.5,24692.5,375,24694.4,375,150,11698950
NIFTY-I.NFO,15/05/2025,09:27:17,24695.2,24695.1,150,24700.5,150,1725,11698950
NIFTY-I.NFO,15/05/2025,09:27:19,24697.5,24697.1,1050,24700.8,75,225,11698950
NIFTY-I.NFO,15/05/2025,09:27:21,24705,24700.4,375,24705,450,450,11698950
NIFTY-I.NFO,15/05/2025,09:27:22,24700,24700,1725,24701,75,150,11698950
NIFTY-I.NFO,15/05/2025,09:27:24,24700,24700,1350,24702.7,300,300,11698950
NIFTY-I.NFO,15/05/2025,09:27:26,24701.9,24700,1650,24704.1,375,75,11698950
NIFTY-I.NFO,15/05/2025,09:27:27,24704,24700,2175,24704,75,225,11698950
NIFTY-I.NFO,15/05/2025,09:27:29,24702.8,24702.8,675,24705,300,450,11698950
NIFTY-I.NFO,15/05/2025,09:27:31,24702.9,24702.8,975,24705,300,300,11698950
NIFTY-I.NFO,15/05/2025,09:27:32,24702.8,24702.8,600,24704.8,375,750,11698950
NIFTY-I.NFO,15/05/2025,09:27:34,24702.8,24702.8,825,24704.8,375,150,11698950
NIFTY-I.NFO,15/05/2025,09:27:36,24703.4,24702.8,225,24703.6,375,1275,11710500
NIFTY-I.NFO,15/05/2025,09:27:37,24702.9,24700,2325,24703.6,600,450,11710500
NIFTY-I.NFO,15/05/2025,09:27:39,24703.6,24700.1,75,24703.6,375,225,11710500
NIFTY-I.NFO,15/05/2025,09:27:41,24703.6,24703.2,150,24705,300,525,11710500
NIFTY-I.NFO,15/05/2025,09:27:42,24703.6,24702.8,1800,24705,300,0,11710500
NIFTY-I.NFO,15/05/2025,09:27:44,24702.8,24701,150,24701.9,375,1800,11710500
NIFTY-I.NFO,15/05/2025,09:27:46,24704,24700,1650,24701.9,225,750,11710500
NIFTY-I.NFO,15/05/2025,09:27:47,24705,24700,2250,24705,150,1725,11710500
NIFTY-I.NFO,15/05/2025,09:27:49,24703,24700,2250,24703,75,75,11710500
NIFTY-I.NFO,15/05/2025,09:27:51,24700.8,24701.1,150,24704,75,225,11710500
NIFTY-I.NFO,15/05/2025,09:27:52,24704,24700,2025,24705,150,225,11710500
NIFTY-I.NFO,15/05/2025,09:27:54,24704,24702,675,24703.9,150,0,11710500
NIFTY-I.NFO,15/05/2025,09:27:56,24702,24702,600,24703.6,75,75,11710500
NIFTY-I.NFO,15/05/2025,09:27:57,24702,24702,1200,24703.6,225,0,11710500
NIFTY-I.NFO,15/05/2025,09:27:59,24700.8,24700,1200,24700.8,150,900,11710500
NIFTY-I.NFO,15/05/2025,09:28:01,24697.5,24696,75,24698.9,75,1275,11710500
NIFTY-I.NFO,15/05/2025,09:28:02,24698.9,24695.8,1050,24698.9,225,150,11710500
NIFTY-I.NFO,15/05/2025,09:28:04,24698.9,24695,375,24698.9,225,0,11710500
NIFTY-I.NFO,15/05/2025,09:28:06,24698.9,24694.5,150,24696.3,150,225,11710500
NIFTY-I.NFO,15/05/2025,09:28:07,24694.5,24694.5,75,24696.3,150,225,11710500
NIFTY-I.NFO,15/05/2025,09:28:09,24696.3,24695,75,24696.3,75,75,11710500
NIFTY-I.NFO,15/05/2025,09:28:11,24692.5,24692.5,75,24695.9,375,225,11710500
NIFTY-I.NFO,15/05/2025,09:28:12,24692.7,24692.5,75,24697.9,150,225,11710500
NIFTY-I.NFO,15/05/2025,09:28:14,24694.7,24697,75,24699.9,150,75,11710500
NIFTY-I.NFO,15/05/2025,09:28:16,24700,24696.6,675,24702,75,600,11710500
NIFTY-I.NFO,15/05/2025,09:28:17,24702,24696.3,675,24702.8,150,225,11710500
NIFTY-I.NFO,15/05/2025,09:28:19,24702,24696.5,75,24701.5,75,0,11710500
NIFTY-I.NFO,15/05/2025,09:28:21,24696.2,24694.5,75,24699.2,150,300,11710500
NIFTY-I.NFO,15/05/2025,09:28:22,24696.2,24696,75,24697.5,75,0,11710500
NIFTY-I.NFO,15/05/2025,09:28:24,24696,24694.5,75,24694.7,225,75,11710500
NIFTY-I.NFO,15/05/2025,09:28:26,24691,24690,1350,24694.1,150,150,11710500
NIFTY-I.NFO,15/05/2025,09:28:27,24690,24690,975,24692.8,150,75,11710500
NIFTY-I.NFO,15/05/2025,09:28:29,24691,24687,150,24690.4,225,1800,11710500
NIFTY-I.NFO,15/05/2025,09:28:31,24687,24685,225,24687.3,300,225,11710500
NIFTY-I.NFO,15/05/2025,09:28:32,24685,24683,375,24685.9,75,300,11710500
NIFTY-I.NFO,15/05/2025,09:28:34,24682.1,24682,900,24685.9,225,150,11710500
NIFTY-I.NFO,15/05/2025,09:28:36,24685,24684.4,75,24685.2,225,150,11710500
NIFTY-I.NFO,15/05/2025,09:28:37,24682,24681,1125,24685.2,225,150,11710500
NIFTY-I.NFO,15/05/2025,09:28:39,24685,24680.8,75,24683.7,150,450,11710500
NIFTY-I.NFO,15/05/2025,09:28:41,24683.7,24680.2,675,24683.7,150,2100,11710500
NIFTY-I.NFO,15/05/2025,09:28:43,24683.7,24682.5,1200,24686.2,75,225,11710500
NIFTY-I.NFO,15/05/2025,09:28:44,24684.6,24683.6,450,24689.7,150,150,11710500
NIFTY-I.NFO,15/05/2025,09:28:46,24690,24683.8,375,24689.7,150,375,11710500
NIFTY-I.NFO,15/05/2025,09:28:48,24690,24682,450,24688.5,225,300,11710500
NIFTY-I.NFO,15/05/2025,09:28:49,24682,24680.1,150,24685.8,225,675,11710500
NIFTY-I.NFO,15/05/2025,09:28:51,24685.3,24680.1,975,24685.6,150,300,11710500
NIFTY-I.NFO,15/05/2025,09:28:53,24684.9,24682,375,24687.2,75,75,11710500
NIFTY-I.NFO,15/05/2025,09:28:54,24684.9,24682,75,24682.4,75,0,11710500
NIFTY-I.NFO,15/05/2025,09:28:56,24687.2,24685.6,75,24687.1,75,150,11710500
NIFTY-I.NFO,15/05/2025,09:28:58,24686.4,24682,375,24686.5,75,150,11710500
NIFTY-I.NFO,15/05/2025,09:28:59,24686.4,24682.4,75,24687.4,75,0,11710500
NIFTY-I.NFO,15/05/2025,09:29:01,24686.4,24682.4,975,24685,75,0,11710500
NIFTY-I.NFO,15/05/2025,09:29:03,24687.8,24682,450,24687.6,225,825,11710500
NIFTY-I.NFO,15/05/2025,09:29:04,24694.5,24688.3,75,24695,225,9825,11710500
NIFTY-I.NFO,15/05/2025,09:29:06,24687.8,24687.5,75,24692.6,225,75,11710500
NIFTY-I.NFO,15/05/2025,09:29:08,24683.6,24683.5,600,24689.2,150,225,11710500
NIFTY-I.NFO,15/05/2025,09:29:09,24683.6,24683.5,675,24689.2,150,0,11710500
NIFTY-I.NFO,15/05/2025,09:29:11,24685,24682.5,375,24688.5,150,225,11710500
NIFTY-I.NFO,15/05/2025,09:29:13,24683.7,24683.8,75,24689.1,150,150,11710500
NIFTY-I.NFO,15/05/2025,09:29:14,24683,24682,75,24688.6,75,675,11710500
NIFTY-I.NFO,15/05/2025,09:29:16,24685,24682,75,24685,450,150,11710500
NIFTY-I.NFO,15/05/2025,09:29:18,24684.3,24685.9,675,24690.5,150,1125,11710500
NIFTY-I.NFO,15/05/2025,09:29:19,24684.3,24685.2,375,24690.5,150,0,11710500
NIFTY-I.NFO,15/05/2025,09:29:21,24685.2,24686.6,1050,24692.6,150,375,11710500
NIFTY-I.NFO,15/05/2025,09:29:23,24687.3,24685.5,375,24690,75,225,11710500
NIFTY-I.NFO,15/05/2025,09:29:24,24690,24685.3,450,24691.7,150,75,11710500
NIFTY-I.NFO,15/05/2025,09:29:26,24695,24688,450,24694.7,150,450,11710500
NIFTY-I.NFO,15/05/2025,09:29:28,24693.3,24686.5,75,24690,225,150,11710500
NIFTY-I.NFO,15/05/2025,09:29:29,24690,24685,375,24690,150,75,11710500
NIFTY-I.NFO,15/05/2025,09:29:31,24681.5,24681,1950,24685.9,225,975,11710500
NIFTY-I.NFO,15/05/2025,09:29:33,24685,24681,1950,24686.1,225,75,11710500
NIFTY-I.NFO,15/05/2025,09:29:34,24685,24681,2250,24686.2,75,0,11710500
NIFTY-I.NFO,15/05/2025,09:29:36,24683.3,24682.3,750,24689.2,75,1125,11710500
NIFTY-I.NFO,15/05/2025,09:29:38,24689.9,24688.2,300,24689.9,150,150,11710500
NIFTY-I.NFO,15/05/2025,09:29:39,24688.7,24688.8,1275,24693,75,2175,11710500
NIFTY-I.NFO,15/05/2025,09:29:41,24687.6,24687,75,24692.8,75,1950,11710500
NIFTY-I.NFO,15/05/2025,09:29:43,24687.6,24689.5,75,24694.2,150,0,11710500
NIFTY-I.NFO,15/05/2025,09:29:44,24687.6,24688.1,375,24695.3,150,0,11710500
NIFTY-I.NFO,15/05/2025,09:29:46,24689.6,24689.5,225,24696.4,150,150,11710500
NIFTY-I.NFO,15/05/2025,09:29:48,24689.6,24690,75,24696.4,150,0,11710500
NIFTY-I.NFO,15/05/2025,09:29:49,24689.6,24685,300,24689.8,75,75,11710500
NIFTY-I.NFO,15/05/2025,09:29:51,24689.6,24689.6,75,24689.8,75,0,11710500
NIFTY-I.NFO,15/05/2025,09:29:53,24689.8,24685.3,525,24692.4,225,225,11710500
NIFTY-I.NFO,15/05/2025,09:29:54,24691.8,24685,375,24688.6,300,150,11710500
NIFTY-I.NFO,15/05/2025,09:29:56,24685,24685,75,24689.7,300,300,11710500
NIFTY-I.NFO,15/05/2025,09:29:58,24685,24685,375,24690,75,0,11710500
NIFTY-I.NFO,15/05/2025,09:29:59,24687.7,24687.7,1050,24693.6,75,525,11710500
NIFTY-I.NFO,15/05/2025,09:30:01,24686.5,24685.9,600,24693,225,150,11710500
NIFTY-I.NFO,15/05/2025,09:30:03,24688.5,24689,675,24696,225,3375,11710500
NIFTY-I.NFO,15/05/2025,09:30:04,24695.7,24690.5,675,24696,225,600,11710500
NIFTY-I.NFO,15/05/2025,09:30:06,24691,24691.1,375,24696,150,900,11710500
NIFTY-I.NFO,15/05/2025,09:30:08,24696,24696,825,24696.8,75,825,11710500
NIFTY-I.NFO,15/05/2025,09:30:09,24690.8,24691.5,75,24696.8,75,2025,11710500
NIFTY-I.NFO,15/05/2025,09:30:11,24690.8,24690.2,75,24692.6,300,0,11710500
NIFTY-I.NFO,15/05/2025,09:30:13,24688.8,24688.7,225,24695.2,150,900,11710500
NIFTY-I.NFO,15/05/2025,09:30:14,24696.7,24692.3,225,24697,75,1275,11710500
NIFTY-I.NFO,15/05/2025,09:30:16,24691.7,24692.4,525,24698.8,75,225,11710500
NIFTY-I.NFO,15/05/2025,09:30:18,24691.6,24690,225,24695.5,375,75,11710500
NIFTY-I.NFO,15/05/2025,09:30:19,24690,24690,150,24694.5,150,75,11710500
NIFTY-I.NFO,15/05/2025,09:30:21,24691.6,24691.6,150,24695,900,150,11710500
NIFTY-I.NFO,15/05/2025,09:30:23,24695,24692.8,375,24695,825,225,11710500
NIFTY-I.NFO,15/05/2025,09:30:24,24695,24692.8,150,24695,750,75,11710500
NIFTY-I.NFO,15/05/2025,09:30:26,24692.8,24690,375,24693,150,150,11710500
NIFTY-I.NFO,15/05/2025,09:30:28,24690,24688.2,300,24690.8,300,1050,11710500
NIFTY-I.NFO,15/05/2025,09:30:29,24688.2,24688.2,150,24690,75,225,11710500
NIFTY-I.NFO,15/05/2025,09:30:31,24689,24689,75,24690,300,225,11710500
NIFTY-I.NFO,15/05/2025,09:30:33,24689.7,24686,75,24689.7,75,450,11710500
NIFTY-I.NFO,15/05/2025,09:30:34,24688,24686,75,24687.5,300,150,11710500
NIFTY-I.NFO,15/05/2025,09:30:36,24684.5,24683,75,24684.4,75,2325,11709525
NIFTY-I.NFO,15/05/2025,09:30:38,24682.1,24682,150,24682.3,375,150,11709525
NIFTY-I.NFO,15/05/2025,09:30:39,24682.3,24682,150,24682.3,300,300,11709525
NIFTY-I.NFO,15/05/2025,09:30:41,24681,24681,1875,24681.6,75,225,11709525
NIFTY-I.NFO,15/05/2025,09:30:43,24675,24675,2025,24676.9,225,6675,11709525
NIFTY-I.NFO,15/05/2025,09:30:44,24677,24676.8,150,24682,150,2850,11709525
NIFTY-I.NFO,15/05/2025,09:30:46,24679.9,24678.4,600,24682.1,75,300,11709525
NIFTY-I.NFO,15/05/2025,09:30:48,24686.2,24684.3,225,24689.9,150,825,11709525
NIFTY-I.NFO,15/05/2025,09:30:49,24682.1,24682.1,300,24687.9,150,150,11709525
NIFTY-I.NFO,15/05/2025,09:30:51,24689.1,24682.4,450,24689.1,75,750,11709525
NIFTY-I.NFO,15/05/2025,09:30:53,24690,24683.3,75,24689.8,75,1050,11709525
NIFTY-I.NFO,15/05/2025,09:30:54,24690.6,24683.9,225,24690.6,75,600,11709525
NIFTY-I.NFO,15/05/2025,09:30:56,24684.2,24682.5,150,24689,75,150,11709525
NIFTY-I.NFO,15/05/2025,09:30:58,24689,24685,225,24691.6,150,300,11709525
NIFTY-I.NFO,15/05/2025,09:30:59,24684,24680,1875,24685,75,75,11709525
NIFTY-I.NFO,15/05/2025,09:31:01,24686.6,24680.9,525,24688,75,375,11709525
NIFTY-I.NFO,15/05/2025,09:31:03,24686.6,24686.6,75,24692.5,75,1050,11709525
NIFTY-I.NFO,15/05/2025,09:31:04,24686.7,24687.3,300,24693.8,75,3750,11709525
NIFTY-I.NFO,15/05/2025,09:31:06,24693.5,24693.4,300,24696.7,150,5325,11709525
NIFTY-I.NFO,15/05/2025,09:31:08,24695.1,24695.1,150,24695.3,75,1125,11709525
NIFTY-I.NFO,15/05/2025,09:31:09,24694.7,24687.8,75,24694.2,75,450,11709525
NIFTY-I.NFO,15/05/2025,09:31:11,24694.1,24688.3,150,24695.1,75,300,11709525
NIFTY-I.NFO,15/05/2025,09:31:13,24696.7,24693.4,300,24696.9,75,225,11709525
NIFTY-I.NFO,15/05/2025,09:31:14,24696.9,24689.8,150,24696.7,75,300,11709525
NIFTY-I.NFO,15/05/2025,09:31:16,24686.7,24689.9,150,24695.5,75,600,11709525
NIFTY-I.NFO,15/05/2025,09:31:18,24696.2,24696.2,150,24697,75,150,11709525
NIFTY-I.NFO,15/05/2025,09:31:19,24691.8,24692.7,300,24697,225,225,11709525
NIFTY-I.NFO,15/05/2025,09:31:21,24698,24698,300,24698.8,75,450,11709525
NIFTY-I.NFO,15/05/2025,09:31:23,24702,24700.7,300,24703,75,2175,11709525
NIFTY-I.NFO,15/05/2025,09:31:24,24698.6,24696.7,75,24703.6,375,600,11709525
NIFTY-I.NFO,15/05/2025,09:31:26,24702,24698.4,75,24703.1,150,150,11709525
NIFTY-I.NFO,15/05/2025,09:31:28,24703.3,24698.3,75,24703.1,150,525,11709525
NIFTY-I.NFO,15/05/2025,09:31:29,24704,24700,75,24704,975,1350,11709525
NIFTY-I.NFO,15/05/2025,09:31:31,24700.1,24697,375,24698.6,150,600,11709525
NIFTY-I.NFO,15/05/2025,09:31:33,24697.6,24697.6,225,24698.6,150,675,11709525
NIFTY-I.NFO,15/05/2025,09:31:34,24698.5,24697,375,24698.6,150,300,11709525
NIFTY-I.NFO,15/05/2025,09:31:36,24698.6,24698.5,225,24700,75,300,11709525
NIFTY-I.NFO,15/05/2025,09:31:38,24696.8,24697,300,24698.2,375,600,11709525
NIFTY-I.NFO,15/05/2025,09:31:39,24697,24697,150,24697.2,375,375,11709525
NIFTY-I.NFO,15/05/2025,09:31:41,24690.2,24690,3000,24695.3,300,1125,11709525
NIFTY-I.NFO,15/05/2025,09:31:43,24697.3,24690,2850,24695,75,2325,11709525
NIFTY-I.NFO,15/05/2025,09:31:44,24695.7,24690.1,150,24696.1,75,2775,11709525
NIFTY-I.NFO,15/05/2025,09:31:46,24695.3,24690,3000,24695.4,75,1500,11709525
NIFTY-I.NFO,15/05/2025,09:31:48,24695.9,24695.7,300,24695.9,75,1500,11709525
NIFTY-I.NFO,15/05/2025,09:31:49,24696.9,24697,300,24697.3,75,1425,11709525
NIFTY-I.NFO,15/05/2025,09:31:51,24697.6,24697.6,300,24698,75,450,11709525
NIFTY-I.NFO,15/05/2025,09:31:53,24698.4,24697,300,24698.9,75,525,11709525
NIFTY-I.NFO,15/05/2025,09:31:54,24697.2,24697.2,225,24699.2,75,1650,11709525
NIFTY-I.NFO,15/05/2025,09:31:56,24697,24697,150,24697.1,75,525,11709525
NIFTY-I.NFO,15/05/2025,09:31:58,24690.1,24690,1875,24695.8,75,1125,11709525
NIFTY-I.NFO,15/05/2025,09:31:59,24694.9,24690,1875,24695.1,75,1650,11709525
NIFTY-I.NFO,15/05/2025,09:32:01,24693.8,24692,1650,24694.1,375,1500,11709525
NIFTY-I.NFO,15/05/2025,09:32:03,24694.9,24694.2,75,24697.6,675,1200,11709525
NIFTY-I.NFO,15/05/2025,09:32:04,24699,24697,375,24699,1350,525,11709525
NIFTY-I.NFO,15/05/2025,09:32:06,24699,24697,375,24699,1200,150,11709525
NIFTY-I.NFO,15/05/2025,09:32:08,24699,24697,375,24699,975,375,11709525
NIFTY-I.NFO,15/05/2025,09:32:09,24699,24697,375,24698.9,525,0,11709525
NIFTY-I.NFO,15/05/2025,09:32:11,24694.5,24692,1575,24693.7,75,825,11709525
NIFTY-I.NFO,15/05/2025,09:32:13,24692.1,24690,225,24691.1,75,3075,11709525
NIFTY-I.NFO,15/05/2025,09:32:14,24690,24690,150,24692.6,150,1275,11709525
NIFTY-I.NFO,15/05/2025,09:32:16,24692.9,24686.6,75,24691,75,900,11709525
NIFTY-I.NFO,15/05/2025,09:32:18,24683.3,24683,75,24689.3,150,1650,11709525
NIFTY-I.NFO,15/05/2025,09:32:19,24689.3,24683.1,75,24689.8,225,1650,11709525
NIFTY-I.NFO,15/05/2025,09:32:21,24688.6,24688.6,375,24694.8,225,1500,11709525
NIFTY-I.NFO,15/05/2025,09:32:23,24695.6,24691.7,75,24695.6,300,1650,11709525
NIFTY-I.NFO,15/05/2025,09:32:24,24682.7,24683.5,375,24689.7,75,3300,11709525
NIFTY-I.NFO,15/05/2025,09:32:26,24685,24685,300,24690.6,75,1200,11709525
NIFTY-I.NFO,15/05/2025,09:32:28,24690.2,24685,150,24689.1,300,1725,11709525
NIFTY-I.NFO,15/05/2025,09:32:29,24690,24690,6300,24690.1,450,7125,11709525
NIFTY-I.NFO,15/05/2025,09:32:31,24693.5,24690,5850,24693.2,75,1575,11709525
NIFTY-I.NFO,15/05/2025,09:32:33,24690,24690,5325,24690.9,75,1725,11709525
NIFTY-I.NFO,15/05/2025,09:32:34,24688.6,24685,225,24689.7,900,6075,11709525
NIFTY-I.NFO,15/05/2025,09:32:36,24685,24685,75,24690.3,525,1125,11709525
NIFTY-I.NFO,15/05/2025,09:32:38,24685,24684.8,150,24686.7,75,75,11709525
NIFTY-I.NFO,15/05/2025,09:32:39,24686.5,24682.7,75,24685.2,150,225,11709525
NIFTY-I.NFO,15/05/2025,09:32:41,24686.5,24682.7,75,24684.8,75,0,11709525
NIFTY-I.NFO,15/05/2025,09:32:43,24686.9,24682.7,75,24688,75,225,11709525
NIFTY-I.NFO,15/05/2025,09:32:44,24682.4,24682.1,225,24688.1,75,150,11709525
NIFTY-I.NFO,15/05/2025,09:32:46,24682.4,24683.7,525,24690,225,0,11709525
NIFTY-I.NFO,15/05/2025,09:32:48,24682.4,24685,900,24689.6,375,0,11709525
NIFTY-I.NFO,15/05/2025,09:32:49,24682.4,24685,900,24688.6,525,0,11709525
NIFTY-I.NFO,15/05/2025,09:32:51,24685.5,24685.5,150,24690,225,150,11709525
NIFTY-I.NFO,15/05/2025,09:32:53,24685.2,24685,825,24688.9,75,225,11709525
NIFTY-I.NFO,15/05/2025,09:32:55,24685.2,24685,825,24686.7,75,0,11709525
NIFTY-I.NFO,15/05/2025,09:32:56,24685.2,24685,1125,24686.7,225,0,11709525
NIFTY-I.NFO,15/05/2025,09:32:58,24685.1,24685,1125,24686.7,225,525,11709525
NIFTY-I.NFO,15/05/2025,09:33:00,24686.7,24685.5,225,24686.7,150,300,11709525
NIFTY-I.NFO,15/05/2025,09:33:01,24690,24685.6,975,24690,150,300,11709525
NIFTY-I.NFO,15/05/2025,09:33:03,24682.4,24682.4,150,24683.8,150,1125,11709525
NIFTY-I.NFO,15/05/2025,09:33:05,24687.7,24682.1,225,24687.6,75,14850,11709525
NIFTY-I.NFO,15/05/2025,09:33:06,24685,24682.1,225,24685.4,150,525,11709525
NIFTY-I.NFO,15/05/2025,09:33:08,24680.1,24680.1,150,24685.3,300,1950,11709525
NIFTY-I.NFO,15/05/2025,09:33:10,24685.9,24680.1,75,24684.9,75,1650,11709525
NIFTY-I.NFO,15/05/2025,09:33:11,24680,24680,5700,24686,225,1350,11709525
NIFTY-I.NFO,15/05/2025,09:33:13,24688.9,24688.9,225,24689.4,150,1275,11709525
NIFTY-I.NFO,15/05/2025,09:33:15,24686.6,24688.9,300,24689.9,150,1575,11709525
NIFTY-I.NFO,15/05/2025,09:33:16,24688,24681.6,150,24687.2,225,1050,11709525
NIFTY-I.NFO,15/05/2025,09:33:18,24685.6,24680,5775,24684.3,825,1125,11709525
NIFTY-I.NFO,15/05/2025,09:33:20,24684.5,24680,5775,24683.7,75,1500,11709525
NIFTY-I.NFO,15/05/2025,09:33:21,24681.8,24680,5400,24682.6,75,1950,11709525
NIFTY-I.NFO,15/05/2025,09:33:23,24687.4,24680.1,300,24686.1,900,4875,11709525
NIFTY-I.NFO,15/05/2025,09:33:25,24680.1,24680,5025,24680.9,75,2625,11709525
NIFTY-I.NFO,15/05/2025,09:33:26,24680.2,24680.1,675,24686.5,450,1125,11709525
NIFTY-I.NFO,15/05/2025,09:33:28,24682.7,24681.1,600,24687.5,300,75,11709525
NIFTY-I.NFO,15/05/2025,09:33:30,24682.7,24680.6,75,24685.7,225,0,11709525
NIFTY-I.NFO,15/05/2025,09:33:31,24682.7,24680,5025,24683,75,75,11709525
NIFTY-I.NFO,15/05/2025,09:33:33,24680.1,24680,5325,24684.2,225,1050,11709525
NIFTY-I.NFO,15/05/2025,09:33:35,24680.1,24680.8,975,24685,150,75,11709525
NIFTY-I.NFO,15/05/2025,09:33:36,24680.8,24680.8,750,24686.2,75,675,11758125
NIFTY-I.NFO,15/05/2025,09:33:38,24680.6,24680,5325,24680.8,150,150,11758125
NIFTY-I.NFO,15/05/2025,09:33:40,24681.2,24681.2,750,24686.6,75,600,11758125
NIFTY-I.NFO,15/05/2025,09:33:41,24685,24685,225,24687,75,225,11758125
NIFTY-I.NFO,15/05/2025,09:33:43,24685,24685,225,24687,75,0,11758125
NIFTY-I.NFO,15/05/2025,09:33:45,24687,24685,225,24688,150,75,11758125
NIFTY-I.NFO,15/05/2025,09:33:46,24688,24685,75,24688,75,375,11758125
NIFTY-I.NFO,15/05/2025,09:33:48,24689.4,24687.6,675,24690,225,975,11758125
NIFTY-I.NFO,15/05/2025,09:33:49,24686.3,24685.9,675,24691.6,75,1575,11758125
NIFTY-I.NFO,15/05/2025,09:33:51,24686.3,24686.9,150,24692,75,0,11758125
NIFTY-I.NFO,15/05/2025,09:33:53,24686.9,24687.2,675,24692,75,225,11758125
NIFTY-I.NFO,15/05/2025,09:33:54,24686.4,24686.9,675,24691.8,150,150,11758125
NIFTY-I.NFO,15/05/2025,09:33:56,24692,24685.6,675,24690.2,75,150,11758125
NIFTY-I.NFO,15/05/2025,09:33:58,24692.3,24687.3,75,24692.8,150,14700,11758125
NIFTY-I.NFO,15/05/2025,09:33:59,24693.4,24692,375,24693.3,75,5400,11758125
NIFTY-I.NFO,15/05/2025,09:34:01,24692,24692,300,24693.5,75,1200,11758125
NIFTY-I.NFO,15/05/2025,09:34:03,24692.1,24692,300,24693.5,300,1425,11758125
NIFTY-I.NFO,15/05/2025,09:34:04,24693.1,24692,450,24692.8,150,2175,11758125
NIFTY-I.NFO,15/05/2025,09:34:06,24692,24692,300,24692.1,900,13200,11758125
NIFTY-I.NFO,15/05/2025,09:34:08,24693.3,24692,225,24693.7,75,2625,11758125
NIFTY-I.NFO,15/05/2025,09:34:09,24690.5,24684.6,150,24690.5,150,600,11758125
NIFTY-I.NFO,15/05/2025,09:34:11,24682.7,24682.1,150,24687.6,75,450,11758125
NIFTY-I.NFO,15/05/2025,09:34:13,24682,24682,450,24686.8,375,150,11758125
NIFTY-I.NFO,15/05/2025,09:34:14,24682,24682,450,24685.5,225,0,11758125
NIFTY-I.NFO,15/05/2025,09:34:16,24685.4,24682,450,24686.7,150,1500,11758125
NIFTY-I.NFO,15/05/2025,09:34:18,24688.5,24682,450,24686.9,75,975,11758125
NIFTY-I.NFO,15/05/2025,09:34:19,24685,24685,75,24689.9,150,75,11758125
NIFTY-I.NFO,15/05/2025,09:34:21,24685.6,24685.7,375,24691.3,150,375,11758125
NIFTY-I.NFO,15/05/2025,09:34:23,24685.9,24686.4,375,24691.2,150,375,11758125
NIFTY-I.NFO,15/05/2025,09:34:24,24684.1,24687,225,24690.6,150,225,11758125
NIFTY-I.NFO,15/05/2025,09:34:26,24690,24690,825,24690.4,150,675,11758125
NIFTY-I.NFO,15/05/2025,09:34:28,24690,24688,225,24690.4,75,1125,11758125
NIFTY-I.NFO,15/05/2025,09:34:29,24688,24688,150,24690.3,150,75,11758125
NIFTY-I.NFO,15/05/2025,09:34:31,24688,24688,75,24693.4,75,825,11758125
NIFTY-I.NFO,15/05/2025,09:34:33,24688,24688,75,24691,300,0,11758125
NIFTY-I.NFO,15/05/2025,09:34:34,24688,24684,75,24690.2,150,225,11758125
NIFTY-I.NFO,15/05/2025,09:34:36,24684,24685.6,150,24690.2,150,75,11758125
NIFTY-I.NFO,15/05/2025,09:34:38,24685.7,24685.3,750,24688,75,150,11758125
NIFTY-I.NFO,15/05/2025,09:34:39,24688,24687.3,900,24690.3,75,75,11758125
NIFTY-I.NFO,15/05/2025,09:34:41,24690.3,24688,1050,24692.9,150,75,11758125
NIFTY-I.NFO,15/05/2025,09:34:43,24690,24688,900,24692.4,375,225,11758125
NIFTY-I.NFO,15/05/2025,09:34:44,24689.6,24683.9,675,24689.4,525,1350,11758125
NIFTY-I.NFO,15/05/2025,09:34:46,24683.4,24684,75,24688.8,375,150,11758125
NIFTY-I.NFO,15/05/2025,09:34:48,24686.9,24682.1,75,24687.1,75,300,11758125
NIFTY-I.NFO,15/05/2025,09:34:49,24686.9,24685,375,24687.6,150,0,11758125
NIFTY-I.NFO,15/05/2025,09:34:51,24688.9,24685,150,24688.1,75,1950,11758125
NIFTY-I.NFO,15/05/2025,09:34:52,24685,24682.1,75,24688,75,225,11758125
NIFTY-I.NFO,15/05/2025,09:34:54,24689.1,24683.2,300,24689,75,150,11758125
NIFTY-I.NFO,15/05/2025,09:34:56,24682,24682,600,24687.3,75,150,11758125
NIFTY-I.NFO,15/05/2025,09:34:57,24684,24682.1,75,24685.2,750,300,11758125
NIFTY-I.NFO,15/05/2025,09:34:59,24682.5,24681,1050,24682.8,75,1425,11758125
NIFTY-I.NFO,15/05/2025,09:35:01,24676.8,24675,2475,24676.8,150,10425,11758125
NIFTY-I.NFO,15/05/2025,09:35:02,24674.7,24672,75,24673.5,75,3825,11758125
NIFTY-I.NFO,15/05/2025,09:35:04,24666.3,24666,150,24666.2,150,26100,11758125
NIFTY-I.NFO,15/05/2025,09:35:06,24670.7,24666.3,300,24672.5,300,3825,11758125
NIFTY-I.NFO,15/05/2025,09:35:08,24667.6,24665,825,24666.6,75,1350,11758125
NIFTY-I.NFO,15/05/2025,09:35:09,24670,24665.2,75,24670,150,1500,11758125
NIFTY-I.NFO,15/05/2025,09:35:11,24669.9,24665.1,75,24670.3,450,375,11758125
NIFTY-I.NFO,15/05/2025,09:35:13,24666.1,24666.8,150,24670.6,75,450,11758125
NIFTY-I.NFO,15/05/2025,09:35:14,24668.9,24667.9,375,24673.3,75,975,11758125
NIFTY-I.NFO,15/05/2025,09:35:16,24667.7,24665.1,75,24670,75,375,11758125
NIFTY-I.NFO,15/05/2025,09:35:18,24664,24664,225,24665.9,375,900,11758125
NIFTY-I.NFO,15/05/2025,09:35:19,24662.2,24662.3,750,24665,150,7125,11758125
NIFTY-I.NFO,15/05/2025,09:35:19,24660,24662.3,750,24665,150,0,11758125
NIFTY-I.NFO,15/05/2025,09:35:21,24660,24660.1,75,24666.4,75,1200,11758125
NIFTY-I.NFO,15/05/2025,09:35:23,24670,24665,75,24669.1,75,1050,11758125
NIFTY-I.NFO,15/05/2025,09:35:24,24663,24664.1,450,24669,75,675,11758125
NIFTY-I.NFO,15/05/2025,09:35:26,24668.3,24668.3,675,24668.5,150,450,11758125
NIFTY-I.NFO,15/05/2025,09:35:28,24668.2,24662.9,375,24668.4,150,1050,11758125
NIFTY-I.NFO,15/05/2025,09:35:29,24666.3,24666.4,1050,24670,225,900,11758125
NIFTY-I.NFO,15/05/2025,09:35:31,24667.7,24667.5,750,24670,75,300,11758125
NIFTY-I.NFO,15/05/2025,09:35:33,24668.4,24668.4,1050,24671.9,150,450,11758125
NIFTY-I.NFO,15/05/2025,09:35:34,24668,24666.3,75,24668.9,75,600,11758125
NIFTY-I.NFO,15/05/2025,09:35:36,24666.3,24665,225,24668.3,75,75,11758125
NIFTY-I.NFO,15/05/2025,09:35:38,24669,24667,450,24669.9,150,600,11758125
NIFTY-I.NFO,15/05/2025,09:35:39,24671.8,24668,75,24670,300,525,11758125
NIFTY-I.NFO,15/05/2025,09:35:41,24673.2,24668,75,24673.7,225,300,11758125
NIFTY-I.NFO,15/05/2025,09:35:43,24672.6,24668.1,375,24672.7,750,375,11758125
NIFTY-I.NFO,15/05/2025,09:35:44,24672.6,24668,225,24672.7,300,0,11758125
NIFTY-I.NFO,15/05/2025,09:35:46,24665,24665,450,24667.9,675,600,11758125
NIFTY-I.NFO,15/05/2025,09:35:48,24671,24665,375,24669.5,600,2025,11758125
NIFTY-I.NFO,15/05/2025,09:35:49,24667.3,24665,150,24668.8,225,600,11758125
NIFTY-I.NFO,15/05/2025,09:35:51,24667.5,24663,225,24667.3,450,1500,11758125
NIFTY-I.NFO,15/05/2025,09:35:53,24665,24665,225,24667.2,75,225,11758125
NIFTY-I.NFO,15/05/2025,09:35:54,24664.1,24663,225,24663.9,75,375,11758125
NIFTY-I.NFO,15/05/2025,09:35:56,24662.2,24662.2,600,24664,150,900,11758125
NIFTY-I.NFO,15/05/2025,09:35:58,24664.5,24662.2,225,24664.6,375,750,11758125
NIFTY-I.NFO,15/05/2025,09:35:59,24663.1,24662.2,75,24663.9,150,825,11758125
NIFTY-I.NFO,15/05/2025,09:36:01,24663.9,24661,75,24664,75,600,11758125
NIFTY-I.NFO,15/05/2025,09:36:03,24660,24660,1650,24660.1,600,9675,11758125
NIFTY-I.NFO,15/05/2025,09:36:04,24658.6,24658.8,225,24663.7,75,7950,11758125
NIFTY-I.NFO,15/05/2025,09:36:04,24656.9,24658.8,225,24663.7,75,0,11758125
NIFTY-I.NFO,15/05/2025,09:36:06,24660.9,24660.2,675,24666.1,75,18450,11758125
NIFTY-I.NFO,15/05/2025,09:36:08,24660.2,24660.1,75,24662.2,75,2250,11758125
NIFTY-I.NFO,15/05/2025,09:36:09,24665.9,24659.9,300,24666.3,150,1500,11758125
NIFTY-I.NFO,15/05/2025,09:36:11,24666.3,24660.3,450,24666.3,75,75,11758125
NIFTY-I.NFO,15/05/2025,09:36:13,24665.1,24660,20100,24664.7,150,1650,11758125
NIFTY-I.NFO,15/05/2025,09:36:14,24665.1,24660,19800,24665.3,150,975,11758125
NIFTY-I.NFO,15/05/2025,09:36:16,24660.9,24660,19800,24660.9,75,225,11758125
NIFTY-I.NFO,15/05/2025,09:36:18,24660.9,24660,19800,24660.9,75,0,11758125
NIFTY-I.NFO,15/05/2025,09:36:19,24660,24660,18300,24664.9,150,1950,11758125
NIFTY-I.NFO,15/05/2025,09:36:21,24660.2,24660.3,2100,24660.9,75,1650,11758125
NIFTY-I.NFO,15/05/2025,09:36:23,24661,24661,1950,24665,150,825,11758125
NIFTY-I.NFO,15/05/2025,09:36:24,24669.9,24663.6,525,24669.9,75,525,11758125
NIFTY-I.NFO,15/05/2025,09:36:26,24672.4,24666.8,375,24673.4,150,6300,11758125
NIFTY-I.NFO,15/05/2025,09:36:28,24672.3,24665.1,75,24671.1,75,375,11758125
NIFTY-I.NFO,15/05/2025,09:36:29,24668.9,24665,3000,24668.9,150,450,11758125
NIFTY-I.NFO,15/05/2025,09:36:31,24668.6,24665,2625,24667.9,75,975,11758125
NIFTY-I.NFO,15/05/2025,09:36:33,24668.9,24665.1,375,24668.9,75,525,11758125
NIFTY-I.NFO,15/05/2025,09:36:34,24668.9,24668.9,75,24671.9,150,225,11758125
NIFTY-I.NFO,15/05/2025,09:36:36,24670.4,24669,75,24671.9,150,150,11758125
NIFTY-I.NFO,15/05/2025,09:36:38,24674,24668.9,75,24674.1,150,900,11831775
NIFTY-I.NFO,15/05/2025,09:36:39,24670,24665.7,1875,24672.7,300,300,11831775
NIFTY-I.NFO,15/05/2025,09:36:41,24669.9,24665,2625,24667.6,150,225,11831775
NIFTY-I.NFO,15/05/2025,09:36:43,24667.6,24665.1,75,24667.6,150,75,11831775
NIFTY-I.NFO,15/05/2025,09:36:44,24665.1,24665,2625,24665.1,75,75,11831775
NIFTY-I.NFO,15/05/2025,09:36:46,24667.5,24665,2550,24667.7,300,675,11831775
NIFTY-I.NFO,15/05/2025,09:36:48,24665,24665,3000,24666.4,150,450,11831775
NIFTY-I.NFO,15/05/2025,09:36:49,24666.2,24665,2775,24666.3,150,525,11831775
NIFTY-I.NFO,15/05/2025,09:36:51,24668.5,24666.5,75,24669.5,150,975,11831775
NIFTY-I.NFO,15/05/2025,09:36:53,24666.5,24666,1500,24666.4,150,300,11831775
NIFTY-I.NFO,15/05/2025,09:36:54,24666,24665,2850,24665.7,150,1800,11831775
NIFTY-I.NFO,15/05/2025,09:36:56,24665,24665,1125,24665.1,150,2175,11831775
NIFTY-I.NFO,15/05/2025,09:36:58,24668.2,24662.5,75,24668.2,75,2850,11831775
NIFTY-I.NFO,15/05/2025,09:36:59,24665.1,24665.2,1425,24668.2,750,225,11831775
NIFTY-I.NFO,15/05/2025,09:37:01,24665.6,24664,75,24666.1,150,225,11831775
NIFTY-I.NFO,15/05/2025,09:37:03,24666.1,24664,75,24666,225,75,11831775
NIFTY-I.NFO,15/05/2025,09:37:04,24666.1,24664,75,24666,75,0,11831775
NIFTY-I.NFO,15/05/2025,09:37:06,24666.1,24664,75,24666.1,225,525,11831775
NIFTY-I.NFO,15/05/2025,09:37:08,24666.1,24662.4,675,24666.1,75,450,11831775
NIFTY-I.NFO,15/05/2025,09:37:09,24666.1,24665,150,24665.1,75,0,11831775
NIFTY-I.NFO,15/05/2025,09:37:11,24665.1,24665.3,75,24666.1,225,75,11831775
NIFTY-I.NFO,15/05/2025,09:37:13,24668.3,24665,300,24669.1,150,525,11831775
NIFTY-I.NFO,15/05/2025,09:37:14,24662.9,24663.2,75,24668.2,150,1575,11831775
NIFTY-I.NFO,15/05/2025,09:37:16,24663.4,24662.1,825,24663.4,300,225,11831775
NIFTY-I.NFO,15/05/2025,09:37:18,24670.4,24665.1,375,24670.6,1500,1875,11831775
NIFTY-I.NFO,15/05/2025,09:37:19,24665,24665,150,24668.2,75,975,11831775
NIFTY-I.NFO,15/05/2025,09:37:21,24665,24665,300,24666.1,75,300,11831775
NIFTY-I.NFO,15/05/2025,09:37:23,24665,24665,225,24665.8,75,225,11831775
NIFTY-I.NFO,15/05/2025,09:37:24,24665,24665,450,24665.6,75,150,11831775
NIFTY-I.NFO,15/05/2025,09:37:26,24665,24665,225,24665.5,150,900,11831775
NIFTY-I.NFO,15/05/2025,09:37:28,24663.3,24662.5,450,24663.3,75,1050,11831775
NIFTY-I.NFO,15/05/2025,09:37:29,24663.3,24662.5,450,24663.3,225,150,11831775
NIFTY-I.NFO,15/05/2025,09:37:31,24662.4,24662,2475,24662.4,75,675,11831775
NIFTY-I.NFO,15/05/2025,09:37:33,24662.3,24663.2,600,24667.8,75,450,11831775
NIFTY-I.NFO,15/05/2025,09:37:34,24663.8,24665.9,600,24668.8,150,225,11831775
NIFTY-I.NFO,15/05/2025,09:37:36,24668.8,24663.8,150,24668.5,75,225,11831775
NIFTY-I.NFO,15/05/2025,09:37:38,24664.8,24665.8,1200,24668.9,150,600,11831775
NIFTY-I.NFO,15/05/2025,09:37:39,24665.5,24663.3,1500,24667.9,150,375,11831775
NIFTY-I.NFO,15/05/2025,09:37:41,24663.3,24665.3,225,24666.5,75,150,11831775
NIFTY-I.NFO,15/05/2025,09:37:43,24665.5,24664,75,24664.1,75,300,11831775
NIFTY-I.NFO,15/05/2025,09:37:44,24664,24663.3,1350,24664.3,900,150,11831775
NIFTY-I.NFO,15/05/2025,09:37:46,24664.2,24662,450,24664.2,75,16800,11831775
NIFTY-I.NFO,15/05/2025,09:37:48,24654,24654,300,24654.6,225,28425,11831775
NIFTY-I.NFO,15/05/2025,09:37:48,24654,24654,300,24654.6,225,0,11831775
NIFTY-I.NFO,15/05/2025,09:37:49,24652,24651.7,75,24652,9525,2175,11831775
NIFTY-I.NFO,15/05/2025,09:37:49,24652,24651.7,75,24652,9525,0,11831775
NIFTY-I.NFO,15/05/2025,09:37:51,24651.4,24651.8,825,24656.5,150,10725,11831775
NIFTY-I.NFO,15/05/2025,09:37:51,24651.3,24651.8,825,24656.5,150,0,11831775
NIFTY-I.NFO,15/05/2025,09:37:53,24658.6,24652.7,150,24658.7,150,3300,11831775
NIFTY-I.NFO,15/05/2025,09:37:54,24652,24652.4,75,24658.8,150,975,11831775
NIFTY-I.NFO,15/05/2025,09:37:56,24655.7,24655,1500,24655.7,225,150,11831775
NIFTY-I.NFO,15/05/2025,09:37:58,24655,24655.3,150,24659,150,600,11831775
NIFTY-I.NFO,15/05/2025,09:37:59,24659,24657.8,675,24662.9,150,600,11831775
NIFTY-I.NFO,15/05/2025,09:38:01,24658.8,24658.5,75,24662.2,300,1050,11831775
NIFTY-I.NFO,15/05/2025,09:38:03,24655,24655,975,24659.9,150,825,11831775
NIFTY-I.NFO,15/05/2025,09:38:04,24658.9,24655,900,24657.2,150,525,11831775
NIFTY-I.NFO,15/05/2025,09:38:06,24658.9,24656,1500,24658.9,75,900,11831775
NIFTY-I.NFO,15/05/2025,09:38:08,24656,24656,375,24658.5,75,1200,11831775
NIFTY-I.NFO,15/05/2025,09:38:09,24656,24656.2,75,24660,75,450,11831775
NIFTY-I.NFO,15/05/2025,09:38:11,24655,24653.1,75,24655,150,1800,11831775
NIFTY-I.NFO,15/05/2025,09:38:13,24656,24655,1725,24656,75,525,11831775
NIFTY-I.NFO,15/05/2025,09:38:14,24664.8,24660,1500,24662.6,150,3225,11831775
NIFTY-I.NFO,15/05/2025,09:38:16,24660,24660,300,24661.3,75,1275,11831775
NIFTY-I.NFO,15/05/2025,09:38:18,24662.1,24656.9,225,24660,75,525,11831775
NIFTY-I.NFO,15/05/2025,09:38:19,24657.9,24655,1725,24658,525,225,11831775
NIFTY-I.NFO,15/05/2025,09:38:21,24659,24655,1350,24656.9,75,675,11831775
NIFTY-I.NFO,15/05/2025,09:38:23,24655.2,24655,975,24655.1,150,525,11831775
NIFTY-I.NFO,15/05/2025,09:38:24,24655,24653.1,75,24655.6,150,1200,11831775
NIFTY-I.NFO,15/05/2025,09:38:26,24656.5,24653.1,75,24654.9,150,75,11831775
NIFTY-I.NFO,15/05/2025,09:38:28,24654.9,24651.1,75,24654.9,150,1425,11831775
NIFTY-I.NFO,15/05/2025,09:38:28,24651,24651.1,75,24654.9,150,0,11831775
NIFTY-I.NFO,15/05/2025,09:38:29,24654.5,24654.6,150,24656,75,450,11831775
NIFTY-I.NFO,15/05/2025,09:38:31,24651.8,24651,750,24654.9,150,75,11831775
NIFTY-I.NFO,15/05/2025,09:38:33,24654.5,24653.4,525,24654.6,150,75,11831775
NIFTY-I.NFO,15/05/2025,09:38:34,24653.5,24653,375,24654.6,75,1500,11831775
NIFTY-I.NFO,15/05/2025,09:38:36,24652.7,24652,375,24652.7,75,450,11831775
NIFTY-I.NFO,15/05/2025,09:38:38,24654.9,24652,150,24654.9,150,375,11831775
NIFTY-I.NFO,15/05/2025,09:38:39,24654.9,24652.7,75,24654.9,75,75,11831775
NIFTY-I.NFO,15/05/2025,09:38:41,24655,24655,1200,24655.9,150,975,11831775
NIFTY-I.NFO,15/05/2025,09:38:43,24655,24655,900,24655.9,150,300,11831775
NIFTY-I.NFO,15/05/2025,09:38:44,24655,24655,525,24655.9,150,375,11831775
NIFTY-I.NFO,15/05/2025,09:38:46,24655,24655,75,24655.9,150,450,11831775
NIFTY-I.NFO,15/05/2025,09:38:48,24652.7,24652.7,150,24654.3,150,1575,11831775
NIFTY-I.NFO,15/05/2025,09:38:49,24655,24652.7,150,24654.9,150,1050,11831775
NIFTY-I.NFO,15/05/2025,09:38:51,24655,24651,75,24654.9,150,2775,11831775
NIFTY-I.NFO,15/05/2025,09:38:51,24650.1,24651,75,24654.9,150,0,11831775
NIFTY-I.NFO,15/05/2025,09:38:53,24652.7,24650.1,600,24652.7,150,525,11831775
NIFTY-I.NFO,15/05/2025,09:38:54,24650.1,24650.6,75,24657.6,75,1725,11831775
NIFTY-I.NFO,15/05/2025,09:38:56,24658.2,24655,75,24658.1,300,150,11831775
NIFTY-I.NFO,15/05/2025,09:38:58,24650.2,24650.1,525,24655.2,150,225,11831775
NIFTY-I.NFO,15/05/2025,09:38:59,24656.6,24654.9,1050,24656.6,75,1275,11831775
NIFTY-I.NFO,15/05/2025,09:39:01,24652.7,24652,600,24654.1,225,1425,11831775
NIFTY-I.NFO,15/05/2025,09:39:03,24652.1,24652.1,75,24655.6,150,4050,11831775
NIFTY-I.NFO,15/05/2025,09:39:03,24650,24652.1,75,24655.6,150,0,11831775
NIFTY-I.NFO,15/05/2025,09:39:04,24652,24651.5,75,24657.7,150,975,11831775
NIFTY-I.NFO,15/05/2025,09:39:06,24651.5,24655,75,24656,150,75,11831775
NIFTY-I.NFO,15/05/2025,09:39:08,24651.5,24652,375,24654.9,75,300,11831775
NIFTY-I.NFO,15/05/2025,09:39:09,24652,24652,300,24652.1,75,525,11831775
NIFTY-I.NFO,15/05/2025,09:39:11,24650.5,24650,27750,24655.9,150,675,11831775
NIFTY-I.NFO,15/05/2025,09:39:13,24650,24653,1500,24655.9,150,300,11831775
NIFTY-I.NFO,15/05/2025,09:39:14,24653,24655.6,300,24658.7,150,10200,11831775
NIFTY-I.NFO,15/05/2025,09:39:16,24659.6,24655.6,300,24657.2,150,150,11831775
NIFTY-I.NFO,15/05/2025,09:39:18,24655.6,24655.6,75,24657.2,300,675,11831775
NIFTY-I.NFO,15/05/2025,09:39:19,24657.2,24655.6,75,24658.3,300,75,11831775
NIFTY-I.NFO,15/05/2025,09:39:21,24661.9,24656.7,75,24661.5,75,1050,11831775
NIFTY-I.NFO,15/05/2025,09:39:23,24656.9,24658.8,75,24661.8,75,300,11831775
NIFTY-I.NFO,15/05/2025,09:39:24,24659.4,24658.3,150,24663.9,75,525,11831775
NIFTY-I.NFO,15/05/2025,09:39:26,24658,24657.5,150,24663.9,75,150,11831775
NIFTY-I.NFO,15/05/2025,09:39:28,24663.9,24659.4,75,24663.1,75,375,11831775
NIFTY-I.NFO,15/05/2025,09:39:29,24659.4,24657,75,24660.2,150,75,11831775
NIFTY-I.NFO,15/05/2025,09:39:31,24662.1,24659.4,75,24663.3,150,450,11831775
NIFTY-I.NFO,15/05/2025,09:39:33,24660,24660,750,24664.5,150,525,11831775
NIFTY-I.NFO,15/05/2025,09:39:34,24664.9,24663.4,75,24663.8,150,150,11831775
NIFTY-I.NFO,15/05/2025,09:39:36,24663.8,24661.6,150,24663.9,150,300,11831775
NIFTY-I.NFO,15/05/2025,09:39:38,24662.9,24663.8,375,24665,150,750,11844600
NIFTY-I.NFO,15/05/2025,09:39:39,24663.8,24663.8,225,24665.7,150,375,11844600
NIFTY-I.NFO,15/05/2025,09:39:41,24662,24660,975,24661.6,150,2400,11844600
NIFTY-I.NFO,15/05/2025,09:39:43,24660,24660,300,24662.9,75,1125,11844600
NIFTY-I.NFO,15/05/2025,09:39:44,24661.9,24655.1,75,24661.8,75,750,11844600
NIFTY-I.NFO,15/05/2025,09:39:46,24657.2,24655,300,24657.3,75,150,11844600
NIFTY-I.NFO,15/05/2025,09:39:48,24660,24655,300,24659.9,75,3525,11844600
NIFTY-I.NFO,15/05/2025,09:39:49,24658.4,24655,300,24658.4,150,900,11844600
NIFTY-I.NFO,15/05/2025,09:39:51,24658.4,24655,375,24655.8,150,0,11844600
NIFTY-I.NFO,15/05/2025,09:39:53,24656.6,24655,375,24656.6,75,375,11844600
NIFTY-I.NFO,15/05/2025,09:39:54,24656.9,24655,375,24656.9,150,75,11844600
NIFTY-I.NFO,15/05/2025,09:39:56,24658.8,24652.5,75,24656.7,75,750,11844600
NIFTY-I.NFO,15/05/2025,09:39:58,24655.2,24655.5,75,24655.8,150,225,11844600
NIFTY-I.NFO,15/05/2025,09:39:59,24655.5,24652,150,24654.9,75,75,11844600
NIFTY-I.NFO,15/05/2025,09:40:01,24655.4,24654.4,75,24656.2,150,600,11844600
NIFTY-I.NFO,15/05/2025,09:40:02,24652.2,24651.5,75,24652.5,75,75,11844600
NIFTY-I.NFO,15/05/2025,09:40:04,24652.4,24651.5,75,24652.4,150,150,11844600
NIFTY-I.NFO,15/05/2025,09:40:06,24652.5,24652.2,300,24652.4,75,375,11844600
NIFTY-I.NFO,15/05/2025,09:40:07,24651,24651,375,24652.1,75,825,11844600
NIFTY-I.NFO,15/05/2025,09:40:09,24651.9,24650,29625,24653.2,150,1500,11844600
NIFTY-I.NFO,15/05/2025,09:40:11,24650.1,24650.1,75,24654.9,150,1200,11844600
NIFTY-I.NFO,15/05/2025,09:40:12,24650.2,24650,28050,24655.4,150,1875,11844600
NIFTY-I.NFO,15/05/2025,09:40:14,24650,24650,28125,24653.6,150,150,11844600
NIFTY-I.NFO,15/05/2025,09:40:16,24656.5,24650,27675,24656.6,150,1800,11844600
NIFTY-I.NFO,15/05/2025,09:40:17,24650.1,24650,27675,24655.6,150,300,11844600
NIFTY-I.NFO,15/05/2025,09:40:19,24650,24650,27450,24655,150,75,11844600
NIFTY-I.NFO,15/05/2025,09:40:21,24655.3,24650.1,75,24656.9,75,1050,11844600
NIFTY-I.NFO,15/05/2025,09:40:22,24653.8,24654.4,75,24659.9,75,975,11844600
NIFTY-I.NFO,15/05/2025,09:40:24,24659.9,24653.9,75,24659.9,150,525,11844600
NIFTY-I.NFO,15/05/2025,09:40:26,24658.4,24656.7,150,24659.9,75,600,11844600
NIFTY-I.NFO,15/05/2025,09:40:27,24659.9,24655.9,75,24659.9,150,300,11844600
NIFTY-I.NFO,15/05/2025,09:40:29,24659.6,24656.6,150,24659.7,75,225,11844600
NIFTY-I.NFO,15/05/2025,09:40:31,24659.6,24653.3,150,24659.6,225,300,11844600
NIFTY-I.NFO,15/05/2025,09:40:32,24659.2,24653.9,1800,24659.5,375,225,11844600
NIFTY-I.NFO,15/05/2025,09:40:34,24655.8,24655.4,2100,24658.9,75,750,11844600
NIFTY-I.NFO,15/05/2025,09:40:36,24663.4,24655.4,150,24661.8,150,900,11844600
NIFTY-I.NFO,15/05/2025,09:40:37,24655.4,24653.8,300,24658.9,150,750,11844600
NIFTY-I.NFO,15/05/2025,09:40:39,24655.4,24655.8,150,24658.9,150,0,11844600
NIFTY-I.NFO,15/05/2025,09:40:41,24655.9,24656,75,24658.9,150,150,11844600
NIFTY-I.NFO,15/05/2025,09:40:42,24654.6,24656.2,300,24658.8,75,225,11844600
NIFTY-I.NFO,15/05/2025,09:40:44,24662.6,24657.7,1800,24664.4,450,1275,11844600
NIFTY-I.NFO,15/05/2025,09:40:46,24662,24661,75,24664.9,75,450,11844600
NIFTY-I.NFO,15/05/2025,09:40:47,24660.3,24660.3,300,24663.9,150,900,11844600
NIFTY-I.NFO,15/05/2025,09:40:49,24658.8,24658.7,1800,24662,150,150,11844600
NIFTY-I.NFO,15/05/2025,09:40:51,24660.5,24660,75,24660.4,150,900,11844600
NIFTY-I.NFO,15/05/2025,09:40:52,24659.4,24655.2,150,24659.9,150,750,11844600
NIFTY-I.NFO,15/05/2025,09:40:54,24660,24659.5,75,24661.9,150,675,11844600
NIFTY-I.NFO,15/05/2025,09:40:56,24658.8,24655.8,150,24661.9,150,150,11844600
NIFTY-I.NFO,15/05/2025,09:40:57,24660.5,24656.7,450,24661.9,150,750,11844600
NIFTY-I.NFO,15/05/2025,09:40:59,24660.5,24654.6,75,24660,150,0,11844600
NIFTY-I.NFO,15/05/2025,09:41:01,24658.1,24654.2,525,24656.7,75,450,11844600
NIFTY-I.NFO,15/05/2025,09:41:02,24656.7,24656,75,24658.7,150,375,11844600
NIFTY-I.NFO,15/05/2025,09:41:04,24658.8,24655,75,24660,150,300,11844600
NIFTY-I.NFO,15/05/2025,09:41:06,24656.8,24651.9,450,24656.8,75,750,11844600
NIFTY-I.NFO,15/05/2025,09:41:07,24652.3,24652.4,75,24658,150,600,11844600
NIFTY-I.NFO,15/05/2025,09:41:09,24659.4,24654.2,525,24659.4,150,975,11844600
NIFTY-I.NFO,15/05/2025,09:41:11,24658.8,24654.1,1275,24658.6,150,450,11844600
NIFTY-I.NFO,15/05/2025,09:41:12,24656.3,24652.5,75,24656.3,150,75,11844600
NIFTY-I.NFO,15/05/2025,09:41:14,24651,24651,2250,24653.8,150,525,11844600
NIFTY-I.NFO,15/05/2025,09:41:16,24653,24651,2250,24652.9,75,600,11844600
NIFTY-I.NFO,15/05/2025,09:41:17,24655.3,24651,2325,24654.7,150,675,11844600
NIFTY-I.NFO,15/05/2025,09:41:19,24651.1,24651,2325,24652.3,75,75,11844600
NIFTY-I.NFO,15/05/2025,09:41:21,24651,24651,2250,24652.5,75,75,11844600
NIFTY-I.NFO,15/05/2025,09:41:22,24651.5,24651.5,1575,24654.9,150,900,11844600
NIFTY-I.NFO,15/05/2025,09:41:24,24653.4,24652.7,150,24655,75,375,11844600
NIFTY-I.NFO,15/05/2025,09:41:26,24654.6,24654.5,750,24657.8,75,225,11844600
NIFTY-I.NFO,15/05/2025,09:41:27,24654.9,24657,75,24657.7,75,150,11844600
NIFTY-I.NFO,15/05/2025,09:41:29,24654,24653.9,450,24657.9,150,675,11844600
NIFTY-I.NFO,15/05/2025,09:41:31,24659.4,24655,75,24659.4,75,2325,11844600
NIFTY-I.NFO,15/05/2025,09:41:32,24659.4,24655,75,24658.6,75,0,11844600
NIFTY-I.NFO,15/05/2025,09:41:34,24661.7,24655.9,450,24662.3,75,1050,11844600
NIFTY-I.NFO,15/05/2025,09:41:36,24660.8,24656,75,24661.9,150,600,11844600
NIFTY-I.NFO,15/05/2025,09:41:38,24658.2,24658.1,300,24662.9,75,600,11844600
NIFTY-I.NFO,15/05/2025,09:41:39,24661.7,24662,225,24662.9,75,225,11844600
NIFTY-I.NFO,15/05/2025,09:41:41,24661.9,24656,75,24661.4,150,975,11844600
NIFTY-I.NFO,15/05/2025,09:41:43,24662.9,24658.2,75,24662.6,150,300,11844600
NIFTY-I.NFO,15/05/2025,09:41:44,24662.9,24658.2,150,24662.6,150,975,11844600
NIFTY-I.NFO,15/05/2025,09:41:46,24656,24655.7,300,24661.9,150,900,11844600
NIFTY-I.NFO,15/05/2025,09:41:48,24662.6,24657.4,75,24662.8,75,825,11844600
NIFTY-I.NFO,15/05/2025,09:41:49,24663,24661.9,375,24664.3,150,300,11844600
NIFTY-I.NFO,15/05/2025,09:41:51,24663,24661.9,375,24664.3,150,0,11844600
NIFTY-I.NFO,15/05/2025,09:41:53,24662.8,24662.8,225,24664.4,75,525,11844600
NIFTY-I.NFO,15/05/2025,09:41:54,24662.8,24662.8,75,24665,750,225,11844600
NIFTY-I.NFO,15/05/2025,09:41:56,24661.9,24662,1800,24663.6,150,150,11844600
NIFTY-I.NFO,15/05/2025,09:41:58,24662,24662,1725,24663.9,150,525,11844600
NIFTY-I.NFO,15/05/2025,09:41:59,24664.8,24662,1725,24665,600,225,11844600
NIFTY-I.NFO,15/05/2025,09:42:01,24664.3,24662,1650,24664.9,75,300,11844600
NIFTY-I.NFO,15/05/2025,09:42:03,24664.5,24662,1575,24664.4,225,225,11844600
NIFTY-I.NFO,15/05/2025,09:42:04,24662,24662,1500,24664.4,150,225,11844600
NIFTY-I.NFO,15/05/2025,09:42:06,24664.6,24662,1500,24663.6,75,75,11844600
NIFTY-I.NFO,15/05/2025,09:42:08,24662,24662,1275,24662.2,150,2175,11844600
NIFTY-I.NFO,15/05/2025,09:42:09,24664.5,24662,450,24663.2,150,1050,11844600
NIFTY-I.NFO,15/05/2025,09:42:11,24655,24655,525,24660.6,150,750,11844600
NIFTY-I.NFO,15/05/2025,09:42:13,24655.2,24655.5,450,24661.5,75,900,11844600
NIFTY-I.NFO,15/05/2025,09:42:14,24656.8,24656,75,24661.9,150,375,11844600
NIFTY-I.NFO,15/05/2025,09:42:16,24655.5,24655.5,75,24659.8,150,300,11844600
NIFTY-I.NFO,15/05/2025,09:42:18,24654.7,24654.1,150,24659.8,75,750,11844600
NIFTY-I.NFO,15/05/2025,09:42:19,24659,24656,675,24660.9,150,75,11844600
NIFTY-I.NFO,15/05/2025,09:42:21,24656,24656,150,24658.4,75,300,11844600
NIFTY-I.NFO,15/05/2025,09:42:23,24654,24654,75,24655.9,75,375,11844600
NIFTY-I.NFO,15/05/2025,09:42:24,24662,24656.2,150,24663.2,75,2475,11844600
NIFTY-I.NFO,15/05/2025,09:42:26,24662.4,24655,75,24660.8,75,225,11844600
NIFTY-I.NFO,15/05/2025,09:42:27,24656.2,24656,75,24662,75,150,11844600
NIFTY-I.NFO,15/05/2025,09:42:29,24658.5,24655,150,24658.6,75,150,11844600
NIFTY-I.NFO,15/05/2025,09:42:31,24655.3,24654.7,225,24655.3,150,225,11844600
NIFTY-I.NFO,15/05/2025,09:42:32,24655.3,24654.7,225,24655.3,75,75,11844600
NIFTY-I.NFO,15/05/2025,09:42:34,24654.9,24655,525,24655.4,75,375,11844600
NIFTY-I.NFO,15/05/2025,09:42:36,24653,24652.3,150,24653.4,150,1500,11844600
NIFTY-I.NFO,15/05/2025,09:42:37,24654,24652,2025,24652.2,150,300,11848725
NIFTY-I.NFO,15/05/2025,09:42:39,24654.9,24652,1650,24654.9,75,600,11848725
NIFTY-I.NFO,15/05/2025,09:42:41,24654,24652,1650,24654.9,150,150,11848725
NIFTY-I.NFO,15/05/2025,09:42:42,24654,24652,1650,24654.9,150,0,11848725
NIFTY-I.NFO,15/05/2025,09:42:44,24652.5,24652.4,300,24654.9,150,525,11848725
NIFTY-I.NFO,15/05/2025,09:42:46,24655,24653.2,600,24655.3,150,750,11848725
NIFTY-I.NFO,15/05/2025,09:42:47,24653.4,24652.7,75,24655.4,150,525,11848725
NIFTY-I.NFO,15/05/2025,09:42:49,24654.9,24654.9,150,24656.9,75,300,11848725
NIFTY-I.NFO,15/05/2025,09:42:51,24652.7,24653.2,300,24656.9,75,300,11848725
NIFTY-I.NFO,15/05/2025,09:42:52,24653.2,24653,300,24656.9,75,225,11848725
NIFTY-I.NFO,15/05/2025,09:42:54,24655.4,24655.4,150,24656.9,150,225,11848725
NIFTY-I.NFO,15/05/2025,09:42:56,24655.4,24652.7,75,24656,150,150,11848725
NIFTY-I.NFO,15/05/2025,09:42:57,24651.1,24651,2550,24651.3,450,2175,11848725
NIFTY-I.NFO,15/05/2025,09:42:59,24642,24642,525,24645.1,225,41325,11848725
NIFTY-I.NFO,15/05/2025,09:42:59,24642,24642,525,24645.1,225,0,11848725
NIFTY-I.NFO,15/05/2025,09:43:01,24640.9,24640.8,450,24647.5,75,16050,11848725
NIFTY-I.NFO,15/05/2025,09:43:01,24638,24640.8,450,24647.5,75,0,11848725
NIFTY-I.NFO,15/05/2025,09:43:02,24641,24643.5,75,24647.5,75,5325,11848725
NIFTY-I.NFO,15/05/2025,09:43:04,24648.2,24644.7,75,24648.2,75,2025,11848725
NIFTY-I.NFO,15/05/2025,09:43:06,24645.8,24640.4,75,24646.5,75,300,11848725
NIFTY-I.NFO,15/05/2025,09:43:07,24649.9,24645.1,150,24649.9,75,4200,11848725
NIFTY-I.NFO,15/05/2025,09:43:09,24644.8,24644.8,225,24649.9,75,675,11848725
NIFTY-I.NFO,15/05/2025,09:43:11,24644.9,24644.7,375,24649.8,150,150,11848725
NIFTY-I.NFO,15/05/2025,09:43:12,24649.8,24645.3,75,24649.9,375,225,11848725
NIFTY-I.NFO,15/05/2025,09:43:14,24644.4,24645,300,24648.1,75,300,11848725
NIFTY-I.NFO,15/05/2025,09:43:16,24643.3,24645,1500,24647.9,150,375,11848725
NIFTY-I.NFO,15/05/2025,09:43:17,24645.3,24647,75,24653.3,150,3825,11848725
NIFTY-I.NFO,15/05/2025,09:43:19,24657.5,24651.1,75,24657.7,75,2700,11848725
NIFTY-I.NFO,15/05/2025,09:43:21,24651.7,24651,225,24657.8,75,75,11848725
NIFTY-I.NFO,15/05/2025,09:43:22,24651,24650.2,300,24657.2,150,225,11848725
NIFTY-I.NFO,15/05/2025,09:43:24,24656.3,24650,450,24657.2,300,150,11848725
NIFTY-I.NFO,15/05/2025,09:43:26,24656.4,24650.1,375,24656.6,150,375,11848725
NIFTY-I.NFO,15/05/2025,09:43:27,24654.1,24650,450,24653.9,300,150,11848725
NIFTY-I.NFO,15/05/2025,09:43:29,24654.1,24650,450,24653.1,150,0,11848725
NIFTY-I.NFO,15/05/2025,09:43:31,24652.8,24650,450,24653.1,75,75,11848725
NIFTY-I.NFO,15/05/2025,09:43:32,24652.6,24646.8,75,24650,150,825,11848725
NIFTY-I.NFO,15/05/2025,09:43:34,24652.6,24647.7,300,24649.9,75,0,11848725
NIFTY-I.NFO,15/05/2025,09:43:36,24648.5,24652.8,525,24653.9,75,525,11848725
NIFTY-I.NFO,15/05/2025,09:43:37,24650,24647.8,225,24653.9,150,600,11848725
NIFTY-I.NFO,15/05/2025,09:43:39,24648.4,24648.6,75,24656,150,600,11848725
NIFTY-I.NFO,15/05/2025,09:43:41,24656,24649.1,600,24656,75,300,11848725
NIFTY-I.NFO,15/05/2025,09:43:42,24653.9,24653.9,225,24656,75,150,11848725
NIFTY-I.NFO,15/05/2025,09:43:44,24655,24649,150,24656,375,375,11848725
NIFTY-I.NFO,15/05/2025,09:43:46,24652,24647,75,24651.4,150,1050,11848725
NIFTY-I.NFO,15/05/2025,09:43:48,24645,24645.4,375,24651.7,150,825,11848725
NIFTY-I.NFO,15/05/2025,09:43:49,24650,24645.3,150,24652.4,150,225,11848725
NIFTY-I.NFO,15/05/2025,09:43:51,24651.3,24645,2100,24650.4,150,75,11848725
NIFTY-I.NFO,15/05/2025,09:43:53,24647.5,24647.4,150,24651.9,150,825,11848725
NIFTY-I.NFO,15/05/2025,09:43:54,24651.9,24647.4,225,24651.9,150,525,11848725
NIFTY-I.NFO,15/05/2025,09:43:56,24648.2,24646.2,225,24653.4,75,2025,11848725
NIFTY-I.NFO,15/05/2025,09:43:58,24650,24646,150,24651.9,150,2175,11848725
NIFTY-I.NFO,15/05/2025,09:43:59,24654.9,24648.7,300,24654.9,150,750,11848725
NIFTY-I.NFO,15/05/2025,09:44:01,24654.9,24650.1,150,24653.4,225,0,11848725
NIFTY-I.NFO,15/05/2025,09:44:03,24652,24651.9,75,24655,150,750,11848725
NIFTY-I.NFO,15/05/2025,09:44:04,24652,24651.9,75,24654.9,150,0,11848725
NIFTY-I.NFO,15/05/2025,09:44:06,24652,24651.9,75,24652,225,0,11848725
NIFTY-I.NFO,15/05/2025,09:44:08,24650,24649,75,24651.8,150,300,11848725
NIFTY-I.NFO,15/05/2025,09:44:09,24648.6,24648,75,24648.6,150,150,11848725
NIFTY-I.NFO,15/05/2025,09:44:11,24647.6,24646.1,225,24649.9,150,225,11848725
NIFTY-I.NFO,15/05/2025,09:44:13,24646.7,24645.5,75,24650.8,75,1575,11848725
NIFTY-I.NFO,15/05/2025,09:44:14,24649.2,24645.5,75,24650.6,225,300,11848725
NIFTY-I.NFO,15/05/2025,09:44:16,24645.5,24645.1,225,24646.9,75,225,11848725
NIFTY-I.NFO,15/05/2025,09:44:18,24647.1,24645,1875,24647.5,75,2475,11848725
NIFTY-I.NFO,15/05/2025,09:44:19,24645,24645,1725,24649.4,150,225,11848725
NIFTY-I.NFO,15/05/2025,09:44:21,24635,24634.5,750,24637.9,150,12825,11848725
NIFTY-I.NFO,15/05/2025,09:44:21,24635,24634.5,750,24637.9,150,0,11848725
NIFTY-I.NFO,15/05/2025,09:44:23,24632.5,24633.8,525,24640,150,22425,11848725
NIFTY-I.NFO,15/05/2025,09:44:23,24628.3,24633.8,525,24640,150,0,11848725
NIFTY-I.NFO,15/05/2025,09:44:24,24631.3,24631.4,150,24637.5,150,2400,11848725
NIFTY-I.NFO,15/05/2025,09:44:26,24632,24630.9,150,24637.8,150,825,11848725
NIFTY-I.NFO,15/05/2025,09:44:28,24630.4,24630.2,75,24637.1,150,825,11848725
NIFTY-I.NFO,15/05/2025,09:44:29,24632.8,24633,525,24640.1,150,525,11848725
NIFTY-I.NFO,15/05/2025,09:44:31,24638.4,24632,75,24638.4,150,1350,11848725
NIFTY-I.NFO,15/05/2025,09:44:33,24634.4,24632,75,24634.4,375,150,11848725
NIFTY-I.NFO,15/05/2025,09:44:34,24634.3,24630.9,75,24634.1,225,300,11848725
NIFTY-I.NFO,15/05/2025,09:44:36,24638.8,24632.9,375,24635,75,2475,11848725
NIFTY-I.NFO,15/05/2025,09:44:38,24632.9,24632,75,24635.9,75,300,11848725
NIFTY-I.NFO,15/05/2025,09:44:39,24635,24635,150,24635.3,75,1125,11848725
NIFTY-I.NFO,15/05/2025,09:44:41,24634.9,24631,1350,24635,75,975,11848725
NIFTY-I.NFO,15/05/2025,09:44:43,24632.7,24632.6,750,24634.4,450,1725,11848725
NIFTY-I.NFO,15/05/2025,09:44:44,24635.4,24635,150,24641.3,75,2700,11848725
NIFTY-I.NFO,15/05/2025,09:44:46,24636.9,24631.1,375,24637.5,75,1725,11848725
NIFTY-I.NFO,15/05/2025,09:44:48,24636.1,24633.9,375,24637.4,150,300,11848725
NIFTY-I.NFO,15/05/2025,09:44:49,24632,24632,75,24636.8,150,975,11848725
NIFTY-I.NFO,15/05/2025,09:44:51,24631.8,24631,1500,24636.2,150,975,11848725
NIFTY-I.NFO,15/05/2025,09:44:53,24635.5,24632.1,225,24635.6,75,825,11848725
NIFTY-I.NFO,15/05/2025,09:44:54,24635.6,24634.2,375,24636.8,75,825,11848725
NIFTY-I.NFO,15/05/2025,09:44:56,24643.8,24639.5,75,24644.9,150,1125,11848725
NIFTY-I.NFO,15/05/2025,09:44:58,24648.1,24645.2,150,24647.7,75,600,11848725
NIFTY-I.NFO,15/05/2025,09:44:59,24640,24640,975,24644.1,300,1575,11848725
NIFTY-I.NFO,15/05/2025,09:45:01,24635.8,24635.6,75,24639.9,225,1275,11848725
NIFTY-I.NFO,15/05/2025,09:45:03,24633.9,24633.8,525,24638.2,225,1275,11848725
NIFTY-I.NFO,15/05/2025,09:45:04,24632.5,24635,75,24638.5,150,1500,11848725
NIFTY-I.NFO,15/05/2025,09:45:06,24631.4,24631,1725,24634.9,150,1350,11848725
NIFTY-I.NFO,15/05/2025,09:45:08,24631,24631,1425,24635.6,75,2100,11848725
NIFTY-I.NFO,15/05/2025,09:45:09,24634.3,24631,1200,24633.3,75,375,11848725
NIFTY-I.NFO,15/05/2025,09:45:11,24630,24630,1575,24632.8,75,4725,11848725
NIFTY-I.NFO,15/05/2025,09:45:13,24631.4,24628,1725,24631.1,375,2625,11848725
NIFTY-I.NFO,15/05/2025,09:45:13,24628.2,24628,1725,24631.1,375,0,11848725
NIFTY-I.NFO,15/05/2025,09:45:14,24630,24628,900,24633.5,150,1575,11848725
NIFTY-I.NFO,15/05/2025,09:45:14,24628,24628,900,24633.5,150,0,11848725
NIFTY-I.NFO,15/05/2025,09:45:16,24626.5,24626,150,24626.7,75,3450,11848725
NIFTY-I.NFO,15/05/2025,09:45:16,24626.5,24626,150,24626.7,75,0,11848725
NIFTY-I.NFO,15/05/2025,09:45:18,24618,24618,675,24618.9,150,19275,11848725
NIFTY-I.NFO,15/05/2025,09:45:18,24618,24618,675,24618.9,150,0,11848725
NIFTY-I.NFO,15/05/2025,09:45:19,24620,24620,600,24620.9,150,18300,11848725
NIFTY-I.NFO,15/05/2025,09:45:19,24611,24620,600,24620.9,150,0,11848725
NIFTY-I.NFO,15/05/2025,09:45:21,24611,24611,20475,24616.9,150,3675,11848725
NIFTY-I.NFO,15/05/2025,09:45:23,24611.1,24611,19125,24616.6,150,2775,11848725
NIFTY-I.NFO,15/05/2025,09:45:24,24611,24611,13050,24613,150,10650,11848725
NIFTY-I.NFO,15/05/2025,09:45:26,24613.6,24611,12225,24613.6,975,4200,11848725
NIFTY-I.NFO,15/05/2025,09:45:28,24611.5,24611.6,75,24615.5,75,4950,11848725
NIFTY-I.NFO,15/05/2025,09:45:29,24615.5,24615.2,75,24619.9,150,1425,11848725
NIFTY-I.NFO,15/05/2025,09:45:31,24619.9,24614.9,450,24619.8,150,975,11848725
NIFTY-I.NFO,15/05/2025,09:45:33,24615.4,24612.2,75,24615.4,150,1875,11848725
NIFTY-I.NFO,15/05/2025,09:45:34,24615,24612,225,24619.2,150,2400,11848725
NIFTY-I.NFO,15/05/2025,09:45:36,24612.2,24612.2,75,24617.1,225,1125,11848725
NIFTY-I.NFO,15/05/2025,09:45:38,24617.7,24612,225,24617.1,75,825,11844675
NIFTY-I.NFO,15/05/2025,09:45:39,24612.9,24611,12675,24612.2,75,1500,11844675
NIFTY-I.NFO,15/05/2025,09:45:41,24614.8,24611,9225,24614.8,75,5250,11844675
NIFTY-I.NFO,15/05/2025,09:45:43,24612,24611,9075,24614,75,825,11844675
NIFTY-I.NFO,15/05/2025,09:45:44,24613.7,24611,8850,24613.4,75,2025,11844675
NIFTY-I.NFO,15/05/2025,09:45:46,24612.7,24611,8625,24612.7,75,450,11844675
NIFTY-I.NFO,15/05/2025,09:45:48,24611,24611,8025,24614.4,300,1350,11844675
NIFTY-I.NFO,15/05/2025,09:45:49,24612.1,24612.1,75,24618.7,300,3150,11844675
NIFTY-I.NFO,15/05/2025,09:45:51,24616.5,24613,75,24616.3,225,1200,11844675
NIFTY-I.NFO,15/05/2025,09:45:53,24612,24612.1,75,24615.5,150,3075,11844675
NIFTY-I.NFO,15/05/2025,09:45:54,24611,24611.1,75,24614.8,75,2100,11844675
NIFTY-I.NFO,15/05/2025,09:45:56,24616.1,24614.1,75,24616.1,375,3900,11844675
NIFTY-I.NFO,15/05/2025,09:45:58,24611,24611,5625,24613.6,150,4275,11844675
NIFTY-I.NFO,15/05/2025,09:45:59,24613.8,24611,4125,24614.4,150,4875,11844675
NIFTY-I.NFO,15/05/2025,09:46:01,24610,24610,1050,24610.8,150,18150,11844675
NIFTY-I.NFO,15/05/2025,09:46:01,24610,24610,1050,24610.8,150,0,11844675
NIFTY-I.NFO,15/05/2025,09:46:03,24608.7,24605.9,75,24608.1,150,3975,11844675
NIFTY-I.NFO,15/05/2025,09:46:03,24606,24605.9,75,24608.1,150,0,11844675
NIFTY-I.NFO,15/05/2025,09:46:04,24605.9,24605,1125,24606,75,1575,11844675
NIFTY-I.NFO,15/05/2025,09:46:04,24605,24605,1125,24606,75,0,11844675
NIFTY-I.NFO,15/05/2025,09:46:06,24604,24604,75,24606.1,150,2100,11844675
NIFTY-I.NFO,15/05/2025,09:46:06,24604,24604,75,24606.1,150,0,11844675
NIFTY-I.NFO,15/05/2025,09:46:08,24606,24606,600,24608.7,75,2850,11844675
NIFTY-I.NFO,15/05/2025,09:46:09,24602.1,24602,1350,24605.9,150,2775,11844675
NIFTY-I.NFO,15/05/2025,09:46:09,24602.1,24602,1350,24605.9,150,0,11844675
NIFTY-I.NFO,15/05/2025,09:46:11,24601.6,24601.5,150,24603,150,3825,11844675
NIFTY-I.NFO,15/05/2025,09:46:11,24601.6,24601.5,150,24603,150,0,11844675
NIFTY-I.NFO,15/05/2025,09:46:13,24602.7,24600.1,150,24602.7,900,7200,11844675
NIFTY-I.NFO,15/05/2025,09:46:13,24600.1,24600.1,150,24602.7,900,0,11844675
NIFTY-I.NFO,15/05/2025,09:46:14,24600.6,24600,21000,24601,450,4575,11844675
NIFTY-I.NFO,15/05/2025,09:46:14,24600,24600,21000,24601,450,0,11844675
NIFTY-I.NFO,15/05/2025,09:46:16,24601.9,24600.7,75,24601.9,150,3675,11844675
NIFTY-I.NFO,15/05/2025,09:46:18,24600,24601.3,75,24604.1,75,8400,11844675
NIFTY-I.NFO,15/05/2025,09:46:19,24600,24600.1,75,24606.6,150,19425,11844675
NIFTY-I.NFO,15/05/2025,09:46:21,24601.9,24601.9,75,24602,150,4800,11844675
NIFTY-I.NFO,15/05/2025,09:46:23,24604.1,24604.1,375,24604.9,150,2550,11844675
NIFTY-I.NFO,15/05/2025,09:46:24,24603.3,24603.3,1275,24607.9,150,3600,11844675
NIFTY-I.NFO,15/05/2025,09:46:26,24607.3,24607.2,225,24615.1,75,2700,11844675
NIFTY-I.NFO,15/05/2025,09:46:28,24616.3,24614.9,1125,24621.9,375,1950,11844675
NIFTY-I.NFO,15/05/2025,09:46:29,24623.3,24618.2,1050,24623.3,150,1275,11844675
NIFTY-I.NFO,15/05/2025,09:46:31,24620.1,24617.2,75,24620,150,825,11844675
NIFTY-I.NFO,15/05/2025,09:46:33,24620.4,24614.1,225,24619.6,375,1425,11844675
NIFTY-I.NFO,15/05/2025,09:46:34,24613.7,24613.7,225,24617.2,75,675,11844675
NIFTY-I.NFO,15/05/2025,09:46:36,24619.1,24614.8,375,24619.2,300,225,11844675
NIFTY-I.NFO,15/05/2025,09:46:38,24620,24617.7,75,24621.2,750,1650,11844675
NIFTY-I.NFO,15/05/2025,09:46:39,24620,24619.9,375,24622,150,1275,11844675
NIFTY-I.NFO,15/05/2025,09:46:41,24618.1,24616.3,375,24618.1,75,1050,11844675
NIFTY-I.NFO,15/05/2025,09:46:43,24619,24619,1575,24619.9,75,1050,11844675
NIFTY-I.NFO,15/05/2025,09:46:44,24620,24621,75,24622.9,150,1875,11844675
NIFTY-I.NFO,15/05/2025,09:46:46,24620.3,24620.3,750,24621.2,75,1050,11844675
NIFTY-I.NFO,15/05/2025,09:46:48,24622.2,24620,300,24622.1,150,2850,11844675
NIFTY-I.NFO,15/05/2025,09:46:49,24621.8,24619,1650,24623.2,375,2625,11844675
NIFTY-I.NFO,15/05/2025,09:46:51,24619,24620,450,24620.2,75,2775,11844675
NIFTY-I.NFO,15/05/2025,09:46:53,24620,24619,1125,24619.9,225,1425,11844675
NIFTY-I.NFO,15/05/2025,09:46:54,24622.8,24619.8,75,24623.9,150,2925,11844675
NIFTY-I.NFO,15/05/2025,09:46:56,24623.9,24622.8,75,24623.9,150,1425,11844675
NIFTY-I.NFO,15/05/2025,09:46:58,24623.2,24621.1,75,24623.5,75,450,11844675
NIFTY-I.NFO,15/05/2025,09:46:59,24625.9,24623.8,75,24625.4,150,3675,11844675
NIFTY-I.NFO,15/05/2025,09:47:01,24628,24626.3,75,24628.1,150,1650,11844675
NIFTY-I.NFO,15/05/2025,09:47:03,24628.1,24623.6,225,24625.3,150,3150,11844675
NIFTY-I.NFO,15/05/2025,09:47:04,24625.9,24625.9,75,24627.9,75,1575,11844675
NIFTY-I.NFO,15/05/2025,09:47:06,24628.1,24627.1,75,24628,150,825,11844675
NIFTY-I.NFO,15/05/2025,09:47:08,24627.7,24627,75,24628,75,2775,11844675
NIFTY-I.NFO,15/05/2025,09:47:09,24627.9,24626.9,75,24627.9,675,1050,11844675
NIFTY-I.NFO,15/05/2025,09:47:11,24627.9,24623.8,75,24626.8,150,750,11844675
NIFTY-I.NFO,15/05/2025,09:47:13,24625.2,24624,675,24627.6,75,375,11844675
NIFTY-I.NFO,15/05/2025,09:47:14,24627.7,24627.9,75,24629.8,150,825,11844675
NIFTY-I.NFO,15/05/2025,09:47:16,24625.2,24626.1,75,24631.3,150,1200,11844675
NIFTY-I.NFO,15/05/2025,09:47:18,24629.9,24627.6,225,24629.9,150,375,11844675
NIFTY-I.NFO,15/05/2025,09:47:19,24627,24625,150,24626.6,150,1050,11844675
NIFTY-I.NFO,15/05/2025,09:47:21,24623.5,24622.3,1125,24622.5,150,1425,11844675
NIFTY-I.NFO,15/05/2025,09:47:23,24624.4,24622.3,750,24624.3,75,750,11844675
NIFTY-I.NFO,15/05/2025,09:47:24,24626.6,24623.9,75,24627.8,750,750,11844675
NIFTY-I.NFO,15/05/2025,09:47:26,24627.9,24628,75,24628.1,75,1050,11844675
NIFTY-I.NFO,15/05/2025,09:47:28,24629.9,24627,525,24629.9,150,525,11844675
NIFTY-I.NFO,15/05/2025,09:47:29,24627,24627,150,24627.8,150,525,11844675
NIFTY-I.NFO,15/05/2025,09:47:31,24627.9,24628.9,300,24630,300,600,11844675
NIFTY-I.NFO,15/05/2025,09:47:33,24630.9,24627,75,24630.9,75,1350,11844675
NIFTY-I.NFO,15/05/2025,09:47:34,24629.9,24629.9,150,24630.3,450,300,11844675
NIFTY-I.NFO,15/05/2025,09:47:36,24633,24630,150,24634.8,150,675,11844675
NIFTY-I.NFO,15/05/2025,09:47:38,24634.9,24630.3,300,24634.9,675,525,11844675
NIFTY-I.NFO,15/05/2025,09:47:39,24634.7,24633.9,525,24636.4,150,600,11844675
NIFTY-I.NFO,15/05/2025,09:47:41,24644.1,24640,75,24644.1,375,3975,11844675
NIFTY-I.NFO,15/05/2025,09:47:43,24644.1,24639.5,75,24644.2,150,450,11844675
NIFTY-I.NFO,15/05/2025,09:47:44,24638.5,24638.4,300,24640.7,75,525,11844675
NIFTY-I.NFO,15/05/2025,09:47:46,24643.9,24640.9,150,24645.9,150,1275,11844675
NIFTY-I.NFO,15/05/2025,09:47:48,24642.1,24643,225,24644.9,150,675,11844675
NIFTY-I.NFO,15/05/2025,09:47:49,24644.9,24641,75,24644.9,450,150,11844675
NIFTY-I.NFO,15/05/2025,09:47:51,24646,24644.9,2400,24646.1,75,1950,11844675
NIFTY-I.NFO,15/05/2025,09:47:53,24647,24647,3300,24647.9,150,750,11844675
NIFTY-I.NFO,15/05/2025,09:47:54,24646,24646,75,24647.9,75,1725,11844675
NIFTY-I.NFO,15/05/2025,09:47:56,24648.7,24644,300,24648.6,150,1575,11844675
NIFTY-I.NFO,15/05/2025,09:47:58,24649,24648.1,300,24649.1,75,1125,11844675
NIFTY-I.NFO,15/05/2025,09:47:59,24644.1,24650,75,24651,450,7275,11844675
NIFTY-I.NFO,15/05/2025,09:48:01,24646.9,24644,150,24646.4,225,675,11844675
NIFTY-I.NFO,15/05/2025,09:48:03,24640,24639.7,75,24640,1050,2250,11844675
NIFTY-I.NFO,15/05/2025,09:48:04,24640,24639.1,300,24640,375,975,11844675
NIFTY-I.NFO,15/05/2025,09:48:06,24640,24640,150,24643.8,75,2400,11844675
NIFTY-I.NFO,15/05/2025,09:48:08,24647.8,24644.7,300,24648,75,2925,11844675
NIFTY-I.NFO,15/05/2025,09:48:09,24650,24644.1,300,24649.7,150,10950,11844675
NIFTY-I.NFO,15/05/2025,09:48:11,24647.9,24647.9,1275,24649.2,75,1050,11844675
NIFTY-I.NFO,15/05/2025,09:48:13,24650,24649.6,375,24652.3,75,2025,11844675
NIFTY-I.NFO,15/05/2025,09:48:14,24652,24651.1,375,24655,225,825,11844675
NIFTY-I.NFO,15/05/2025,09:48:16,24654.8,24650.8,375,24654.8,75,300,11844675
NIFTY-I.NFO,15/05/2025,09:48:18,24647.9,24647.9,1200,24649.7,375,1050,11844675
NIFTY-I.NFO,15/05/2025,09:48:19,24649.5,24647.9,1200,24649.5,75,375,11844675
NIFTY-I.NFO,15/05/2025,09:48:21,24647.9,24647.9,1050,24649.4,75,525,11844675
NIFTY-I.NFO,15/05/2025,09:48:23,24651.9,24651.9,675,24652,75,375,11844675
NIFTY-I.NFO,15/05/2025,09:48:24,24652.6,24647.9,825,24650,1800,1425,11844675
NIFTY-I.NFO,15/05/2025,09:48:26,24647.9,24647.9,225,24651.9,75,2475,11844675
NIFTY-I.NFO,15/05/2025,09:48:28,24652,24650.1,450,24654.9,150,2775,11844675
NIFTY-I.NFO,15/05/2025,09:48:29,24651.9,24648,375,24651.9,75,600,11844675
NIFTY-I.NFO,15/05/2025,09:48:31,24650,24650,6900,24655.7,150,3825,11844675
NIFTY-I.NFO,15/05/2025,09:48:33,24652,24650,6750,24653.5,225,675,11844675
NIFTY-I.NFO,15/05/2025,09:48:34,24647.6,24646.5,150,24648.5,150,7350,11844675
NIFTY-I.NFO,15/05/2025,09:48:36,24648.3,24643.5,525,24648.3,450,2400,11844675
NIFTY-I.NFO,15/05/2025,09:48:38,24651.2,24647.4,525,24651.4,375,3450,11844675
NIFTY-I.NFO,15/05/2025,09:48:39,24652.5,24652,750,24653.7,150,450,11818725
NIFTY-I.NFO,15/05/2025,09:48:41,24653.8,24652,750,24653.3,375,150,11818725
NIFTY-I.NFO,15/05/2025,09:48:43,24650,24648.9,75,24653.3,450,2100,11818725
NIFTY-I.NFO,15/05/2025,09:48:44,24653.4,24647.2,450,24650,1800,1200,11818725
NIFTY-I.NFO,15/05/2025,09:48:46,24654,24649.9,75,24654,75,2325,11818725
NIFTY-I.NFO,15/05/2025,09:48:48,24646.8,24647.7,450,24652.6,75,300,11818725
NIFTY-I.NFO,15/05/2025,09:48:49,24653.5,24648.1,750,24650.1,75,225,11818725
NIFTY-I.NFO,15/05/2025,09:48:51,24650.3,24650.3,450,24653,75,300,11818725
NIFTY-I.NFO,15/05/2025,09:48:53,24654,24653.5,75,24654.7,75,450,11818725
NIFTY-I.NFO,15/05/2025,09:48:54,24654.2,24650,150,24654.8,375,375,11818725
NIFTY-I.NFO,15/05/2025,09:48:56,24650,24645,150,24650.4,375,300,11818725
NIFTY-I.NFO,15/05/2025,09:48:58,24651.2,24646,375,24651.2,150,2025,11818725
NIFTY-I.NFO,15/05/2025,09:48:59,24648,24643.7,375,24648.9,225,300,11818725
NIFTY-I.NFO,15/05/2025,09:49:01,24641.2,24641.2,225,24646.8,75,450,11818725
NIFTY-I.NFO,15/05/2025,09:49:03,24641.2,24643.5,675,24646.8,150,0,11818725
NIFTY-I.NFO,15/05/2025,09:49:04,24646.1,24645.8,75,24650,150,675,11818725
NIFTY-I.NFO,15/05/2025,09:49:06,24653.5,24649.9,375,24654,225,450,11818725
NIFTY-I.NFO,15/05/2025,09:49:08,24650,24649.5,675,24653.9,75,225,11818725
NIFTY-I.NFO,15/05/2025,09:49:09,24650,24650,150,24653,525,0,11818725
NIFTY-I.NFO,15/05/2025,09:49:11,24650.1,24650,150,24650.3,75,75,11818725
NIFTY-I.NFO,15/05/2025,09:49:13,24650.1,24645.5,300,24650,150,300,11818725
NIFTY-I.NFO,15/05/2025,09:49:14,24647.4,24642,75,24646.7,150,375,11818725
NIFTY-I.NFO,15/05/2025,09:49:16,24645.6,24641.3,300,24646.1,75,75,11818725
NIFTY-I.NFO,15/05/2025,09:49:18,24644.9,24642.6,300,24649.2,75,375,11818725
NIFTY-I.NFO,15/05/2025,09:49:19,24642.4,24642.8,600,24646.8,75,150,11818725
NIFTY-I.NFO,15/05/2025,09:49:21,24641,24641.5,300,24646.8,75,525,11818725
NIFTY-I.NFO,15/05/2025,09:49:23,24647.6,24645,75,24647.6,75,525,11818725
NIFTY-I.NFO,15/05/2025,09:49:24,24647.2,24645,75,24645.6,75,150,11818725
NIFTY-I.NFO,15/05/2025,09:49:26,24645.7,24645,75,24645.8,450,75,11818725
NIFTY-I.NFO,15/05/2025,09:49:28,24647.3,24644,75,24648.3,150,375,11818725
NIFTY-I.NFO,15/05/2025,09:49:29,24646,24645.1,300,24650,150,75,11818725
NIFTY-I.NFO,15/05/2025,09:49:31,24645.7,24642,75,24645.9,75,375,11818725
NIFTY-I.NFO,15/05/2025,09:49:33,24640,24640,1200,24643.6,75,975,11818725
NIFTY-I.NFO,15/05/2025,09:49:34,24642.5,24641,75,24643.9,75,750,11818725
NIFTY-I.NFO,15/05/2025,09:49:36,24641.1,24642.1,525,24645.7,75,975,11818725
NIFTY-I.NFO,15/05/2025,09:49:38,24640,24640,900,24644,300,450,11818725
NIFTY-I.NFO,15/05/2025,09:49:39,24643.3,24641,75,24642.4,375,1275,11818725
NIFTY-I.NFO,15/05/2025,09:49:41,24641,24640.1,300,24645,525,75,11818725
NIFTY-I.NFO,15/05/2025,09:49:43,24644.6,24640,4725,24644.2,375,225,11818725
NIFTY-I.NFO,15/05/2025,09:49:44,24640,24640,4650,24643.8,750,150,11818725
NIFTY-I.NFO,15/05/2025,09:49:46,24640,24641,150,24644.2,675,0,11818725
NIFTY-I.NFO,15/05/2025,09:49:48,24640,24641,150,24643.8,1050,0,11818725
NIFTY-I.NFO,15/05/2025,09:49:49,24642.6,24641,150,24642.3,75,150,11818725
NIFTY-I.NFO,15/05/2025,09:49:51,24641,24641,75,24643,75,75,11818725
NIFTY-I.NFO,15/05/2025,09:49:53,24641,24642.2,150,24643.4,150,150,11818725
NIFTY-I.NFO,15/05/2025,09:49:54,24645,24643,75,24644.8,75,225,11818725
NIFTY-I.NFO,15/05/2025,09:49:56,24643,24642.2,150,24644.8,75,150,11818725
NIFTY-I.NFO,15/05/2025,09:49:58,24647.6,24643.2,450,24649,75,900,11818725
NIFTY-I.NFO,15/05/2025,09:49:59,24647.4,24642.2,150,24647.1,75,600,11818725
NIFTY-I.NFO,15/05/2025,09:50:01,24641,24640.8,150,24643.4,150,525,11818725
NIFTY-I.NFO,15/05/2025,09:50:03,24642.9,24640.1,75,24641.7,225,675,11818725
NIFTY-I.NFO,15/05/2025,09:50:04,24640,24640,4350,24642,375,225,11818725
NIFTY-I.NFO,15/05/2025,09:50:06,24642,24640.1,75,24644.1,150,825,11818725
NIFTY-I.NFO,15/05/2025,09:50:08,24645,24643,450,24647.6,75,300,11818725
NIFTY-I.NFO,15/05/2025,09:50:09,24647.6,24645.3,450,24648,150,525,11818725
NIFTY-I.NFO,15/05/2025,09:50:11,24646.2,24646.3,750,24649.5,75,450,11818725
NIFTY-I.NFO,15/05/2025,09:50:13,24650,24646.6,75,24650,75,1050,11818725
NIFTY-I.NFO,15/05/2025,09:50:14,24650,24646.6,75,24648.6,150,0,11818725
NIFTY-I.NFO,15/05/2025,09:50:16,24648.6,24645,75,24647.8,225,1050,11818725
NIFTY-I.NFO,15/05/2025,09:50:18,24645,24645,1050,24646.4,375,675,11818725
NIFTY-I.NFO,15/05/2025,09:50:19,24646.4,24645.1,75,24646.4,75,300,11818725
