Ticker,Date,Time,LTP,BuyPrice,BuyQty,SellPrice,SellQty,LTQ,OpenInterest
BANKNIFTY-I.NFO,29/11/2024,09:15:00,52389.85,52332.95,60,52333,60,60,2091000
BANKNIFTY-I.NFO,29/11/2024,09:15:00,52389.85,52332.95,60,52333,60,0,2091000
BANKNIFTY-I.NFO,29/11/2024,09:15:00,52389.85,52332.95,60,52333,60,0,2091000
BANKNIFTY-I.NFO,29/11/2024,09:15:00,52332.95,52332.95,60,52333,60,0,2091000
BANKNIFTY-I.NFO,29/11/2024,09:15:00,52314.95,52333.05,45,52358.9,60,285,2091000
BANKNIFTY-I.NFO,29/11/2024,09:15:00,52306,52333.05,45,52358.9,60,0,2091000
BANKNIFTY-I.NFO,29/11/2024,09:15:01,52360.95,52333.05,75,52360.95,15,600,2091000
BANKNIFTY-I.NFO,29/11/2024,09:15:02,52361,52361.05,75,52385.1,15,720,2091000
BANKNIFTY-I.NFO,29/11/2024,09:15:03,52398.9,52360.2,75,52398.9,30,735,2091000
BANKNIFTY-I.NFO,29/11/2024,09:15:03,52398.9,52360.2,75,52398.9,30,0,2091000
BANKNIFTY-I.NFO,29/11/2024,09:15:04,52367.5,52367.55,75,52404.3,60,1080,2091000
BANKNIFTY-I.NFO,29/11/2024,09:15:04,52400,52367.55,75,52404.3,60,0,2091000
BANKNIFTY-I.NFO,29/11/2024,09:15:05,52373.05,52373.1,75,52402.65,45,60,2091000
BANKNIFTY-I.NFO,29/11/2024,09:15:05,52402.7,52373.1,75,52402.65,45,0,2091000
BANKNIFTY-I.NFO,29/11/2024,09:15:07,52378.05,52372.3,60,52394.85,75,255,2091000
BANKNIFTY-I.NFO,29/11/2024,09:15:08,52400,52378.2,150,52409.35,15,2040,2091000
BANKNIFTY-I.NFO,29/11/2024,09:15:09,52413.9,52394.35,75,52413.9,45,315,2091000
BANKNIFTY-I.NFO,29/11/2024,09:15:09,52413.9,52394.35,75,52413.9,45,0,2091000
BANKNIFTY-I.NFO,29/11/2024,09:15:11,52415.95,52396.05,60,52415.95,60,1995,2091000
BANKNIFTY-I.NFO,29/11/2024,09:15:11,52415.95,52396.05,60,52415.95,60,0,2091000
BANKNIFTY-I.NFO,29/11/2024,09:15:12,52394.85,52394.35,30,52404.95,60,360,2091000
BANKNIFTY-I.NFO,29/11/2024,09:15:13,52366.3,52366.4,60,52389.2,120,225,2091000
BANKNIFTY-I.NFO,29/11/2024,09:15:15,52360.1,52364.05,90,52385.3,30,1095,2091000
BANKNIFTY-I.NFO,29/11/2024,09:15:16,52367.45,52367.5,60,52386.3,60,195,2091000
BANKNIFTY-I.NFO,29/11/2024,09:15:17,52369.7,52369.7,60,52385.35,30,75,2091000
BANKNIFTY-I.NFO,29/11/2024,09:15:19,52385.35,52378.55,30,52385.35,150,45,2091000
BANKNIFTY-I.NFO,29/11/2024,09:15:20,52404.95,52387.05,90,52402.45,30,660,2091000
BANKNIFTY-I.NFO,29/11/2024,09:15:21,52385.35,52385.35,30,52399.65,15,1770,2091000
BANKNIFTY-I.NFO,29/11/2024,09:15:23,52378,52374.55,60,52385.35,15,135,2091000
BANKNIFTY-I.NFO,29/11/2024,09:15:24,52372.7,52374.6,60,52385,90,210,2091000
BANKNIFTY-I.NFO,29/11/2024,09:15:26,52378.25,52378,30,52395.95,60,270,2091000
BANKNIFTY-I.NFO,29/11/2024,09:15:27,52392.15,52376.4,15,52389.85,15,225,2091000
BANKNIFTY-I.NFO,29/11/2024,09:15:28,52372.7,52372,15,52389.7,60,240,2091000
BANKNIFTY-I.NFO,29/11/2024,09:15:30,52389.8,52380,15,52394.45,150,1455,2091000
BANKNIFTY-I.NFO,29/11/2024,09:15:31,52375,52369.7,30,52379.85,255,105,2091000
BANKNIFTY-I.NFO,29/11/2024,09:15:33,52383.55,52366.4,15,52372.7,105,330,2091000
BANKNIFTY-I.NFO,29/11/2024,09:15:34,52378.2,52360.95,135,52375,60,435,2091000
BANKNIFTY-I.NFO,29/11/2024,09:15:35,52360,52350.05,120,52360.95,60,210,2091000
BANKNIFTY-I.NFO,29/11/2024,09:15:37,52363.65,52350.05,105,52363.6,180,270,2091000
BANKNIFTY-I.NFO,29/11/2024,09:15:38,52350.05,52350.05,120,52365.25,105,225,2091000
BANKNIFTY-I.NFO,29/11/2024,09:15:40,52365.35,52350.05,120,52365.35,120,465,2091000
BANKNIFTY-I.NFO,29/11/2024,09:15:41,52363.85,52350.05,120,52365.75,60,225,2091000
BANKNIFTY-I.NFO,29/11/2024,09:15:43,52356.2,52357.2,60,52370,30,150,2091000
BANKNIFTY-I.NFO,29/11/2024,09:15:44,52352.45,52352.85,30,52365,15,765,2091000
BANKNIFTY-I.NFO,29/11/2024,09:15:45,52352.85,52350.05,15,52369.95,135,315,2091000
BANKNIFTY-I.NFO,29/11/2024,09:15:47,52350,52350,150,52362.05,120,195,2091000
BANKNIFTY-I.NFO,29/11/2024,09:15:48,52350,52350,375,52361.3,150,240,2091000
BANKNIFTY-I.NFO,29/11/2024,09:15:50,52350,52347,15,52350.55,15,375,2091000
BANKNIFTY-I.NFO,29/11/2024,09:15:51,52347,52341,15,52359.65,135,120,2091000
BANKNIFTY-I.NFO,29/11/2024,09:15:53,52350,52350,870,52362.05,105,210,2091000
BANKNIFTY-I.NFO,29/11/2024,09:15:54,52350,52350.05,120,52365.05,75,105,2091000
BANKNIFTY-I.NFO,29/11/2024,09:15:56,52366.85,52361.3,15,52366.85,90,45,2091000
BANKNIFTY-I.NFO,29/11/2024,09:15:57,52366.25,52350,975,52352.85,15,825,2091000
BANKNIFTY-I.NFO,29/11/2024,09:15:59,52350,52350,630,52360,15,420,2091000
BANKNIFTY-I.NFO,29/11/2024,09:16:00,52350,52350,525,52364.25,330,315,2091000
BANKNIFTY-I.NFO,29/11/2024,09:16:02,52365.25,52350,540,52365.65,330,540,2091000
BANKNIFTY-I.NFO,29/11/2024,09:16:03,52358.8,52350.05,15,52360,105,210,2091000
BANKNIFTY-I.NFO,29/11/2024,09:16:05,52350.05,52350,510,52355,150,990,2091000
BANKNIFTY-I.NFO,29/11/2024,09:16:06,52354.95,52350,390,52354.95,15,225,2091000
BANKNIFTY-I.NFO,29/11/2024,09:16:08,52355,52350.1,45,52352.2,75,135,2091000
BANKNIFTY-I.NFO,29/11/2024,09:16:09,52350.2,52350.35,120,52362,45,180,2091000
BANKNIFTY-I.NFO,29/11/2024,09:16:11,52359.55,52356.2,135,52369,45,90,2091000
BANKNIFTY-I.NFO,29/11/2024,09:16:12,52376.6,52369.95,15,52376.85,300,495,2091000
BANKNIFTY-I.NFO,29/11/2024,09:16:14,52376.85,52378.95,30,52380,105,240,2091000
BANKNIFTY-I.NFO,29/11/2024,09:16:15,52380,52362,15,52380,90,915,2091000
BANKNIFTY-I.NFO,29/11/2024,09:16:17,52390,52370.95,120,52390,840,360,2091000
BANKNIFTY-I.NFO,29/11/2024,09:16:18,52390,52374.95,120,52390,840,0,2091000
BANKNIFTY-I.NFO,29/11/2024,09:16:20,52378.65,52378.9,75,52390,840,90,2091000
BANKNIFTY-I.NFO,29/11/2024,09:16:22,52394.6,52373.65,120,52394.55,105,1125,2091000
BANKNIFTY-I.NFO,29/11/2024,09:16:23,52390,52370.05,120,52390.15,120,75,2091000
BANKNIFTY-I.NFO,29/11/2024,09:16:25,52371.45,52371.55,120,52389.45,135,15,2091000
BANKNIFTY-I.NFO,29/11/2024,09:16:26,52388.9,52371.55,120,52388.3,165,30,2091000
BANKNIFTY-I.NFO,29/11/2024,09:16:28,52371.55,52371.55,120,52388.2,165,90,2091000
BANKNIFTY-I.NFO,29/11/2024,09:16:29,52388.3,52373.1,120,52388.3,15,645,2091000
BANKNIFTY-I.NFO,29/11/2024,09:16:31,52393.35,52380.3,120,52394.6,15,780,2091000
BANKNIFTY-I.NFO,29/11/2024,09:16:33,52380.6,52380.6,120,52390,45,75,2091000
BANKNIFTY-I.NFO,29/11/2024,09:16:34,52385.4,52385.95,120,52388.3,60,120,2091000
BANKNIFTY-I.NFO,29/11/2024,09:16:36,52399,52390.15,120,52399,15,225,2091000
BANKNIFTY-I.NFO,29/11/2024,09:16:37,52402,52400,15,52404.85,15,420,2091000
BANKNIFTY-I.NFO,29/11/2024,09:16:39,52400,52390.15,120,52400,330,135,2091000
BANKNIFTY-I.NFO,29/11/2024,09:16:40,52400,52390.3,45,52400,330,225,2091000
BANKNIFTY-I.NFO,29/11/2024,09:16:42,52402,52400.05,15,52402,15,585,2091000
BANKNIFTY-I.NFO,29/11/2024,09:16:43,52400,52400,510,52404.95,30,270,2091000
BANKNIFTY-I.NFO,29/11/2024,09:16:45,52404.95,52400,30,52405,15,645,2091000
BANKNIFTY-I.NFO,29/11/2024,09:16:47,52408,52400,15,52405,30,255,2091000
BANKNIFTY-I.NFO,29/11/2024,09:16:48,52408.6,52392.25,30,52408.6,105,1125,2091000
BANKNIFTY-I.NFO,29/11/2024,09:16:50,52402,52388.55,150,52404.9,45,120,2091000
BANKNIFTY-I.NFO,29/11/2024,09:16:51,52400,52400,30,52404.9,60,315,2091000
BANKNIFTY-I.NFO,29/11/2024,09:16:53,52386.15,52385.55,120,52396,15,420,2091000
BANKNIFTY-I.NFO,29/11/2024,09:16:54,52400,52380.6,15,52395.2,15,105,2091000
BANKNIFTY-I.NFO,29/11/2024,09:16:56,52371.45,52371.45,120,52389,45,105,2091000
BANKNIFTY-I.NFO,29/11/2024,09:16:58,52374.9,52373.85,120,52390.35,45,75,2091000
BANKNIFTY-I.NFO,29/11/2024,09:16:59,52392.65,52376.25,120,52392.65,120,720,2091000
BANKNIFTY-I.NFO,29/11/2024,09:17:01,52384.85,52370.15,120,52384.9,15,180,2091000
BANKNIFTY-I.NFO,29/11/2024,09:17:02,52371,52370,15,52381.45,60,135,2091000
BANKNIFTY-I.NFO,29/11/2024,09:17:04,52387.3,52374.6,15,52387.4,15,600,2091000
BANKNIFTY-I.NFO,29/11/2024,09:17:05,52371.2,52366.9,15,52383.35,105,690,2091000
BANKNIFTY-I.NFO,29/11/2024,09:17:07,52386.9,52371,15,52384.2,15,300,2091000
BANKNIFTY-I.NFO,29/11/2024,09:17:09,52387,52384.85,15,52387,15,120,2091000
BANKNIFTY-I.NFO,29/11/2024,09:17:10,52387.3,52387,15,52387.3,60,90,2091000
BANKNIFTY-I.NFO,29/11/2024,09:17:12,52362.5,52362.05,105,52379.5,120,1065,2091000
BANKNIFTY-I.NFO,29/11/2024,09:17:13,52376.45,52362.45,30,52378.25,105,60,2091000
BANKNIFTY-I.NFO,29/11/2024,09:17:15,52370.05,52354.4,120,52369.5,60,1275,2091000
BANKNIFTY-I.NFO,29/11/2024,09:17:16,52371,52366.3,30,52369.85,15,315,2091000
BANKNIFTY-I.NFO,29/11/2024,09:17:18,52370,52364.35,300,52370.05,90,195,2091000
BANKNIFTY-I.NFO,29/11/2024,09:17:19,52364.2,52364.4,120,52370,15,195,2091000
BANKNIFTY-I.NFO,29/11/2024,09:17:21,52370.05,52364.5,15,52370.05,15,60,2091000
BANKNIFTY-I.NFO,29/11/2024,09:17:23,52363.2,52363.1,300,52364.2,90,30,2091000
BANKNIFTY-I.NFO,29/11/2024,09:17:24,52364.5,52363.25,15,52370.05,15,135,2091000
BANKNIFTY-I.NFO,29/11/2024,09:17:26,52364.4,52363.6,120,52369.95,15,30,2091000
BANKNIFTY-I.NFO,29/11/2024,09:17:27,52364.3,52367.15,90,52381.95,30,495,2091000
BANKNIFTY-I.NFO,29/11/2024,09:17:29,52382,52369.85,90,52383.95,30,60,2091000
BANKNIFTY-I.NFO,29/11/2024,09:17:30,52381.4,52370.05,105,52382.45,30,90,2091000
BANKNIFTY-I.NFO,29/11/2024,09:17:32,52381.4,52370.1,30,52380.4,135,450,2091000
BANKNIFTY-I.NFO,29/11/2024,09:17:33,52365.25,52365.25,75,52378.25,30,60,2091000
BANKNIFTY-I.NFO,29/11/2024,09:17:35,52370.25,52370.25,75,52380.2,15,75,2091000
BANKNIFTY-I.NFO,29/11/2024,09:17:37,52370.55,52372.15,60,52382,15,30,2091000
BANKNIFTY-I.NFO,29/11/2024,09:17:38,52368.8,52370.85,15,52382,15,495,2091000
BANKNIFTY-I.NFO,29/11/2024,09:17:40,52393.55,52377.45,135,52394,135,960,2091000
BANKNIFTY-I.NFO,29/11/2024,09:17:41,52392.55,52377.45,30,52388.8,30,30,2091000
BANKNIFTY-I.NFO,29/11/2024,09:17:43,52384.9,52377.45,15,52384.7,150,30,2091000
BANKNIFTY-I.NFO,29/11/2024,09:17:44,52377.45,52365.9,120,52377.45,30,15,2091000
BANKNIFTY-I.NFO,29/11/2024,09:17:46,52377.45,52370.3,15,52377.45,30,0,2091000
BANKNIFTY-I.NFO,29/11/2024,09:17:48,52370.4,52370.5,30,52377.45,15,465,2102100
BANKNIFTY-I.NFO,29/11/2024,09:17:49,52371.3,52372.3,90,52377.45,15,210,2102100
BANKNIFTY-I.NFO,29/11/2024,09:17:51,52375,52375.75,15,52384.9,15,45,2102100
BANKNIFTY-I.NFO,29/11/2024,09:17:52,52378.15,52378.15,45,52384.9,15,15,2102100
BANKNIFTY-I.NFO,29/11/2024,09:17:54,52390,52390.6,120,52404.95,75,930,2102100
BANKNIFTY-I.NFO,29/11/2024,09:17:55,52390.75,52390.75,15,52400,15,495,2102100
BANKNIFTY-I.NFO,29/11/2024,09:17:57,52390,52390.75,15,52400,15,360,2102100
BANKNIFTY-I.NFO,29/11/2024,09:17:58,52404,52386.9,15,52404.05,30,375,2102100
BANKNIFTY-I.NFO,29/11/2024,09:18:00,52400,52387.95,120,52404.5,75,90,2102100
BANKNIFTY-I.NFO,29/11/2024,09:18:02,52404,52389.5,120,52406.7,90,30,2102100
BANKNIFTY-I.NFO,29/11/2024,09:18:03,52390.95,52391.1,120,52406.6,150,240,2102100
BANKNIFTY-I.NFO,29/11/2024,09:18:05,52395,52391.4,105,52400,75,30,2102100
BANKNIFTY-I.NFO,29/11/2024,09:18:06,52410,52394.15,120,52410,270,975,2102100
BANKNIFTY-I.NFO,29/11/2024,09:18:08,52399.95,52396.25,135,52410,240,105,2102100
BANKNIFTY-I.NFO,29/11/2024,09:18:09,52410,52399.45,120,52410,195,60,2102100
BANKNIFTY-I.NFO,29/11/2024,09:18:11,52410,52400.65,120,52410,150,30,2102100
BANKNIFTY-I.NFO,29/11/2024,09:18:13,52400,52398.25,90,52410.5,15,765,2102100
BANKNIFTY-I.NFO,29/11/2024,09:18:14,52406.7,52398.35,15,52410.5,15,150,2102100
BANKNIFTY-I.NFO,29/11/2024,09:18:16,52397.55,52397.5,15,52410,45,45,2102100
BANKNIFTY-I.NFO,29/11/2024,09:18:17,52411,52400.3,15,52410,15,1020,2102100
BANKNIFTY-I.NFO,29/11/2024,09:18:17,52417,52400.3,15,52410,15,0,2102100
BANKNIFTY-I.NFO,29/11/2024,09:18:19,52400.4,52400.4,15,52410,795,165,2102100
BANKNIFTY-I.NFO,29/11/2024,09:18:20,52407.25,52400.4,30,52407.25,75,135,2102100
BANKNIFTY-I.NFO,29/11/2024,09:18:22,52399.35,52382.65,120,52399.4,15,480,2102100
BANKNIFTY-I.NFO,29/11/2024,09:18:23,52399,52399,840,52402.1,15,75,2102100
BANKNIFTY-I.NFO,29/11/2024,09:18:25,52399.05,52395.05,15,52400.8,90,915,2102100
BANKNIFTY-I.NFO,29/11/2024,09:18:26,52380.35,52380.75,120,52398.35,30,90,2102100
BANKNIFTY-I.NFO,29/11/2024,09:18:28,52400,52386.6,120,52400,600,45,2102100
BANKNIFTY-I.NFO,29/11/2024,09:18:29,52400,52387.15,120,52400,570,90,2102100
BANKNIFTY-I.NFO,29/11/2024,09:18:31,52400,52389.85,15,52400,375,330,2102100
BANKNIFTY-I.NFO,29/11/2024,09:18:33,52410,52400,45,52410,480,1050,2102100
BANKNIFTY-I.NFO,29/11/2024,09:18:34,52409,52400,90,52410,495,90,2102100
BANKNIFTY-I.NFO,29/11/2024,09:18:36,52410,52400,90,52410,315,210,2102100
BANKNIFTY-I.NFO,29/11/2024,09:18:37,52410,52400.15,90,52410,180,150,2102100
BANKNIFTY-I.NFO,29/11/2024,09:18:39,52400,52400.15,60,52410,165,135,2102100
BANKNIFTY-I.NFO,29/11/2024,09:18:40,52410,52400.15,60,52410,960,105,2102100
BANKNIFTY-I.NFO,29/11/2024,09:18:42,52410,52400.15,60,52410,990,0,2102100
BANKNIFTY-I.NFO,29/11/2024,09:18:43,52400.15,52400.15,45,52410,1020,15,2102100
BANKNIFTY-I.NFO,29/11/2024,09:18:45,52400,52393.75,120,52400,150,300,2102100
BANKNIFTY-I.NFO,29/11/2024,09:18:47,52394.1,52391.7,120,52400,105,60,2102100
BANKNIFTY-I.NFO,29/11/2024,09:18:48,52400,52393.4,150,52400,60,45,2102100
BANKNIFTY-I.NFO,29/11/2024,09:18:50,52409,52397.7,135,52410,1125,135,2102100
BANKNIFTY-I.NFO,29/11/2024,09:18:51,52398,52397.7,90,52409.9,15,15,2102100
BANKNIFTY-I.NFO,29/11/2024,09:18:53,52410,52400,300,52409.95,15,45,2102100
BANKNIFTY-I.NFO,29/11/2024,09:18:54,52400,52400,195,52409.95,15,510,2102100
BANKNIFTY-I.NFO,29/11/2024,09:18:56,52400,52400,195,52409.95,15,0,2102100
BANKNIFTY-I.NFO,29/11/2024,09:18:57,52409.1,52400.05,75,52409.95,15,810,2102100
BANKNIFTY-I.NFO,29/11/2024,09:18:59,52409.1,52400.1,15,52408.4,135,0,2102100
BANKNIFTY-I.NFO,29/11/2024,09:19:00,52405,52400.15,30,52403.95,120,120,2102100
BANKNIFTY-I.NFO,29/11/2024,09:19:02,52398.3,52390,60,52398.8,165,135,2102100
BANKNIFTY-I.NFO,29/11/2024,09:19:03,52398.3,52390,60,52396.1,135,0,2102100
BANKNIFTY-I.NFO,29/11/2024,09:19:05,52390,52386,150,52391.55,120,90,2102100
BANKNIFTY-I.NFO,29/11/2024,09:19:06,52380.3,52380,15,52387.75,45,570,2102100
BANKNIFTY-I.NFO,29/11/2024,09:19:08,52386.55,52380.05,15,52388.2,45,135,2102100
BANKNIFTY-I.NFO,29/11/2024,09:19:09,52375.05,52375,60,52389.4,90,270,2102100
BANKNIFTY-I.NFO,29/11/2024,09:19:11,52388.8,52377.65,15,52391.05,90,45,2102100
BANKNIFTY-I.NFO,29/11/2024,09:19:13,52384.1,52367.75,15,52382.2,120,690,2102100
BANKNIFTY-I.NFO,29/11/2024,09:19:14,52365.6,52365.6,60,52381.25,120,120,2102100
BANKNIFTY-I.NFO,29/11/2024,09:19:16,52366.2,52365.25,90,52377,120,30,2102100
BANKNIFTY-I.NFO,29/11/2024,09:19:17,52365.25,52365.25,135,52373.9,135,30,2102100
BANKNIFTY-I.NFO,29/11/2024,09:19:19,52367,52362.2,15,52369.15,120,360,2102100
BANKNIFTY-I.NFO,29/11/2024,09:19:20,52359.95,52350,1185,52359.95,30,420,2102100
BANKNIFTY-I.NFO,29/11/2024,09:19:22,52350.85,52350.05,30,52361.95,120,120,2102100
BANKNIFTY-I.NFO,29/11/2024,09:19:23,52360,52350.05,30,52360.6,105,150,2102100
BANKNIFTY-I.NFO,29/11/2024,09:19:25,52350.05,52350.05,45,52361.05,30,120,2102100
BANKNIFTY-I.NFO,29/11/2024,09:19:27,52350,52350.6,15,52360,450,195,2102100
BANKNIFTY-I.NFO,29/11/2024,09:19:28,52360,52350.9,120,52360,390,60,2102100
BANKNIFTY-I.NFO,29/11/2024,09:19:30,52362.2,52358.1,30,52372.75,75,765,2102100
BANKNIFTY-I.NFO,29/11/2024,09:19:31,52362.2,52360,15,52372.45,45,0,2102100
BANKNIFTY-I.NFO,29/11/2024,09:19:33,52360.45,52361.75,30,52375.95,45,45,2102100
BANKNIFTY-I.NFO,29/11/2024,09:19:34,52370,52367.6,45,52379.35,45,180,2102100
BANKNIFTY-I.NFO,29/11/2024,09:19:36,52366.85,52367.6,135,52380,15,480,2102100
BANKNIFTY-I.NFO,29/11/2024,09:19:37,52375.95,52367.8,30,52379.95,75,30,2102100
BANKNIFTY-I.NFO,29/11/2024,09:19:39,52379.95,52367.8,105,52376.1,30,15,2102100
BANKNIFTY-I.NFO,29/11/2024,09:19:41,52367.85,52360,15,52368.6,120,255,2102100
BANKNIFTY-I.NFO,29/11/2024,09:19:42,52351.05,52351.05,15,52359.85,45,435,2102100
BANKNIFTY-I.NFO,29/11/2024,09:19:44,52357.05,52351.05,15,52357,15,15,2102100
BANKNIFTY-I.NFO,29/11/2024,09:19:45,52351.2,52351.05,15,52355.15,15,75,2102100
BANKNIFTY-I.NFO,29/11/2024,09:19:47,52367.85,52357,45,52368.75,45,90,2102100
BANKNIFTY-I.NFO,29/11/2024,09:19:49,52369.7,52357.2,30,52369.8,75,645,2102100
BANKNIFTY-I.NFO,29/11/2024,09:19:50,52354.2,52358.15,15,52369.8,15,45,2102100
BANKNIFTY-I.NFO,29/11/2024,09:19:52,52354.2,52359.35,15,52369.8,15,0,2102100
BANKNIFTY-I.NFO,29/11/2024,09:19:53,52357.2,52357.2,45,52369.75,15,30,2102100
BANKNIFTY-I.NFO,29/11/2024,09:19:55,52369.75,52358.45,45,52369.75,15,45,2102100
BANKNIFTY-I.NFO,29/11/2024,09:19:56,52369.65,52356.1,45,52369.65,30,30,2102100
BANKNIFTY-I.NFO,29/11/2024,09:19:58,52369.05,52355.2,45,52369.05,15,105,2102100
BANKNIFTY-I.NFO,29/11/2024,09:20:00,52351.1,52351.05,30,52357.65,135,210,2102100
BANKNIFTY-I.NFO,29/11/2024,09:20:01,52362.65,52351.2,15,52355.2,15,195,2102100
BANKNIFTY-I.NFO,29/11/2024,09:20:03,52350,52350,1425,52355.55,45,1125,2102100
BANKNIFTY-I.NFO,29/11/2024,09:20:05,52355.4,52352.25,45,52366.65,45,135,2102100
BANKNIFTY-I.NFO,29/11/2024,09:20:06,52365.2,52356.1,90,52367.95,90,105,2102100
BANKNIFTY-I.NFO,29/11/2024,09:20:08,52359.35,52359.5,45,52370,75,75,2102100
BANKNIFTY-I.NFO,29/11/2024,09:20:09,52356.9,52359.5,15,52369.95,105,30,2102100
BANKNIFTY-I.NFO,29/11/2024,09:20:11,52356.9,52359.5,15,52369,90,0,2102100
BANKNIFTY-I.NFO,29/11/2024,09:20:13,52369,52362.9,15,52369,30,90,2102100
BANKNIFTY-I.NFO,29/11/2024,09:20:14,52365.45,52368.35,15,52375,15,150,2102100
BANKNIFTY-I.NFO,29/11/2024,09:20:16,52370.35,52370.2,15,52378.95,15,60,2102100
BANKNIFTY-I.NFO,29/11/2024,09:20:18,52371.8,52371.05,45,52384.55,45,90,2102100
BANKNIFTY-I.NFO,29/11/2024,09:20:19,52372.3,52373.25,15,52384.85,45,105,2102100
BANKNIFTY-I.NFO,29/11/2024,09:20:21,52373.4,52375.95,15,52384.85,45,30,2102100
BANKNIFTY-I.NFO,29/11/2024,09:20:22,52376.6,52376.75,135,52384.95,45,30,2102100
BANKNIFTY-I.NFO,29/11/2024,09:20:24,52385,52378.3,60,52388.85,45,645,2102100
BANKNIFTY-I.NFO,29/11/2024,09:20:26,52378.5,52380.15,15,52388.9,45,60,2102100
BANKNIFTY-I.NFO,29/11/2024,09:20:27,52388,52387.65,15,52394.95,45,1680,2102100
BANKNIFTY-I.NFO,29/11/2024,09:20:29,52393.3,52392,90,52399,15,135,2102100
BANKNIFTY-I.NFO,29/11/2024,09:20:30,52405,52397.8,15,52405,75,120,2102100
BANKNIFTY-I.NFO,29/11/2024,09:20:32,52404.85,52397.8,105,52404.85,15,165,2102100
BANKNIFTY-I.NFO,29/11/2024,09:20:34,52409,52402.55,105,52409.9,15,255,2102100
BANKNIFTY-I.NFO,29/11/2024,09:20:35,52425,52421.55,15,52425,135,990,2102100
BANKNIFTY-I.NFO,29/11/2024,09:20:35,52425,52421.55,15,52425,135,0,2102100
BANKNIFTY-I.NFO,29/11/2024,09:20:37,52429,52425,15,52429,135,270,2102100
BANKNIFTY-I.NFO,29/11/2024,09:20:37,52429,52425,15,52429,135,0,2102100
BANKNIFTY-I.NFO,29/11/2024,09:20:38,52425.4,52425,15,52429,120,240,2102100
BANKNIFTY-I.NFO,29/11/2024,09:20:40,52429,52422.15,45,52430,1035,150,2102100
BANKNIFTY-I.NFO,29/11/2024,09:20:42,52424,52411.65,75,52423.65,45,105,2102100
BANKNIFTY-I.NFO,29/11/2024,09:20:43,52421.15,52409.9,30,52421.15,120,60,2102100
BANKNIFTY-I.NFO,29/11/2024,09:20:45,52423.45,52411.45,300,52424.6,75,120,2102100
BANKNIFTY-I.NFO,29/11/2024,09:20:47,52421.4,52411.4,300,52421.45,15,60,2102100
BANKNIFTY-I.NFO,29/11/2024,09:20:48,52421.1,52412.75,300,52421.15,15,45,2106360
BANKNIFTY-I.NFO,29/11/2024,09:20:50,52415.4,52407.45,300,52418.5,15,60,2106360
BANKNIFTY-I.NFO,29/11/2024,09:20:51,52411.45,52406.5,150,52416.5,30,165,2106360
BANKNIFTY-I.NFO,29/11/2024,09:20:53,52408.6,52400.15,15,52408.65,15,45,2106360
BANKNIFTY-I.NFO,29/11/2024,09:20:55,52409.2,52400,30,52409.2,15,60,2106360
BANKNIFTY-I.NFO,29/11/2024,09:20:56,52412.2,52400.05,30,52413.85,30,225,2106360
BANKNIFTY-I.NFO,29/11/2024,09:20:58,52415.05,52400.45,15,52414.6,30,60,2106360
BANKNIFTY-I.NFO,29/11/2024,09:21:00,52400.9,52400.85,30,52411.4,75,105,2106360
BANKNIFTY-I.NFO,29/11/2024,09:21:01,52418.4,52404.1,30,52418.5,15,240,2106360
BANKNIFTY-I.NFO,29/11/2024,09:21:03,52407.75,52406.65,60,52415,210,90,2106360
BANKNIFTY-I.NFO,29/11/2024,09:21:04,52415,52409.7,120,52415,135,90,2106360
BANKNIFTY-I.NFO,29/11/2024,09:21:06,52415,52409.7,30,52415,105,30,2106360
BANKNIFTY-I.NFO,29/11/2024,09:21:08,52409.7,52409.7,15,52415,105,15,2106360
BANKNIFTY-I.NFO,29/11/2024,09:21:09,52415,52415,30,52418.4,15,150,2106360
BANKNIFTY-I.NFO,29/11/2024,09:21:11,52415,52406.65,60,52415,135,105,2106360
BANKNIFTY-I.NFO,29/11/2024,09:21:12,52400.1,52400.3,15,52415,150,240,2106360
BANKNIFTY-I.NFO,29/11/2024,09:21:14,52415,52404.75,15,52415,60,105,2106360
BANKNIFTY-I.NFO,29/11/2024,09:21:16,52415,52404.75,15,52415,60,0,2106360
BANKNIFTY-I.NFO,29/11/2024,09:21:17,52415,52406.25,15,52415,15,60,2106360
BANKNIFTY-I.NFO,29/11/2024,09:21:19,52406.25,52405.3,45,52413,30,75,2106360
BANKNIFTY-I.NFO,29/11/2024,09:21:20,52423.5,52405.9,15,52420.5,15,195,2106360
BANKNIFTY-I.NFO,29/11/2024,09:21:22,52425,52409.35,15,52424.95,15,900,2106360
BANKNIFTY-I.NFO,29/11/2024,09:21:24,52409.35,52405.1,15,52420.65,15,195,2106360
BANKNIFTY-I.NFO,29/11/2024,09:21:25,52410.1,52405.1,15,52414.1,90,75,2106360
BANKNIFTY-I.NFO,29/11/2024,09:21:27,52402,52402.55,15,52410.5,15,165,2106360
BANKNIFTY-I.NFO,29/11/2024,09:21:28,52400,52398,60,52403.6,30,435,2106360
BANKNIFTY-I.NFO,29/11/2024,09:21:30,52398,52390,15,52400,15,60,2106360
BANKNIFTY-I.NFO,29/11/2024,09:21:32,52386.2,52390,15,52394.75,15,30,2106360
BANKNIFTY-I.NFO,29/11/2024,09:21:33,52399.95,52390,15,52397.35,15,15,2106360
BANKNIFTY-I.NFO,29/11/2024,09:21:35,52390.05,52385,45,52398.45,15,15,2106360
BANKNIFTY-I.NFO,29/11/2024,09:21:36,52398.05,52390,45,52398.15,15,15,2106360
BANKNIFTY-I.NFO,29/11/2024,09:21:38,52396.8,52390.1,90,52396.9,300,15,2106360
BANKNIFTY-I.NFO,29/11/2024,09:21:40,52400,52390.1,45,52400,210,75,2106360
BANKNIFTY-I.NFO,29/11/2024,09:21:41,52400,52392,60,52400,225,0,2106360
BANKNIFTY-I.NFO,29/11/2024,09:21:43,52392.15,52392.2,120,52400,210,30,2106360
BANKNIFTY-I.NFO,29/11/2024,09:21:44,52392.95,52392.95,90,52400,210,180,2106360
BANKNIFTY-I.NFO,29/11/2024,09:21:46,52392.95,52398.2,15,52400,210,60,2106360
BANKNIFTY-I.NFO,29/11/2024,09:21:48,52398.2,52398.2,90,52409.65,45,270,2106360
BANKNIFTY-I.NFO,29/11/2024,09:21:49,52399.75,52399.75,90,52405.6,45,60,2106360
BANKNIFTY-I.NFO,29/11/2024,09:21:51,52399.75,52399.75,75,52400,15,105,2106360
BANKNIFTY-I.NFO,29/11/2024,09:21:52,52399.85,52399.75,30,52400,15,60,2106360
BANKNIFTY-I.NFO,29/11/2024,09:21:54,52400,52400.4,30,52409.7,15,30,2106360
BANKNIFTY-I.NFO,29/11/2024,09:21:56,52400,52406.8,180,52409.7,15,0,2106360
BANKNIFTY-I.NFO,29/11/2024,09:21:57,52406.8,52406.85,45,52409.95,30,30,2106360
BANKNIFTY-I.NFO,29/11/2024,09:21:59,52399.75,52406.85,15,52409.95,30,270,2106360
BANKNIFTY-I.NFO,29/11/2024,09:22:00,52399.25,52400,15,52408.75,120,30,2106360
BANKNIFTY-I.NFO,29/11/2024,09:22:02,52403.4,52395,15,52403.75,120,60,2106360
BANKNIFTY-I.NFO,29/11/2024,09:22:04,52399.85,52395,15,52400.75,120,60,2106360
BANKNIFTY-I.NFO,29/11/2024,09:22:05,52399.85,52395,15,52399.8,120,0,2106360
BANKNIFTY-I.NFO,29/11/2024,09:22:07,52394.2,52382,15,52397.1,120,345,2106360
BANKNIFTY-I.NFO,29/11/2024,09:22:09,52397.1,52381,285,52395,120,15,2106360
BANKNIFTY-I.NFO,29/11/2024,09:22:10,52399.15,52392,270,52399.75,15,105,2106360
BANKNIFTY-I.NFO,29/11/2024,09:22:12,52392,52392,255,52399.75,15,15,2106360
BANKNIFTY-I.NFO,29/11/2024,09:22:14,52399.75,52392.05,15,52404.05,105,15,2106360
BANKNIFTY-I.NFO,29/11/2024,09:22:15,52399.75,52395,15,52399.15,15,0,2106360
BANKNIFTY-I.NFO,29/11/2024,09:22:17,52399.15,52395.1,15,52404.3,105,15,2106360
BANKNIFTY-I.NFO,29/11/2024,09:22:19,52399.15,52400.2,15,52406,15,0,2106360
BANKNIFTY-I.NFO,29/11/2024,09:22:20,52405.95,52400.2,45,52405.95,390,15,2106360
BANKNIFTY-I.NFO,29/11/2024,09:22:22,52399.1,52392,270,52399.15,855,270,2106360
BANKNIFTY-I.NFO,29/11/2024,09:22:24,52399.15,52399,15,52399.15,840,30,2106360
BANKNIFTY-I.NFO,29/11/2024,09:22:25,52399.15,52392.1,30,52399.15,840,0,2106360
BANKNIFTY-I.NFO,29/11/2024,09:22:27,52399.15,52392.55,180,52399.15,840,0,2106360
BANKNIFTY-I.NFO,29/11/2024,09:22:28,52399.15,52392.55,60,52399.15,825,45,2106360
BANKNIFTY-I.NFO,29/11/2024,09:22:30,52392,52392,240,52399.15,720,255,2106360
BANKNIFTY-I.NFO,29/11/2024,09:22:31,52392,52392.05,120,52399.15,720,0,2106360
BANKNIFTY-I.NFO,29/11/2024,09:22:33,52392,52392.05,120,52399.15,720,150,2106360
BANKNIFTY-I.NFO,29/11/2024,09:22:35,52399.15,52392,90,52399,15,30,2106360
BANKNIFTY-I.NFO,29/11/2024,09:22:36,52399,52392.1,30,52399,60,15,2106360
BANKNIFTY-I.NFO,29/11/2024,09:22:38,52399,52392.1,45,52399,30,30,2106360
BANKNIFTY-I.NFO,29/11/2024,09:22:40,52399,52392.1,45,52399,15,15,2106360
BANKNIFTY-I.NFO,29/11/2024,09:22:41,52399,52392.1,45,52398,15,0,2106360
BANKNIFTY-I.NFO,29/11/2024,09:22:44,52402.85,52398,45,52402.15,15,900,2106360
BANKNIFTY-I.NFO,29/11/2024,09:22:46,52404,52406,15,52409.9,15,255,2106360
BANKNIFTY-I.NFO,29/11/2024,09:22:47,52402.85,52392.05,15,52407.35,75,225,2106360
BANKNIFTY-I.NFO,29/11/2024,09:22:49,52393,52393,15,52408.3,90,75,2106360
BANKNIFTY-I.NFO,29/11/2024,09:22:50,52393,52393,45,52406.35,15,0,2106360
BANKNIFTY-I.NFO,29/11/2024,09:22:52,52406.9,52396.05,15,52409.95,30,45,2106360
BANKNIFTY-I.NFO,29/11/2024,09:22:54,52406.9,52399.1,45,52404,15,0,2106360
BANKNIFTY-I.NFO,29/11/2024,09:22:55,52400,52400.05,15,52406.9,15,930,2106360
BANKNIFTY-I.NFO,29/11/2024,09:22:57,52406.9,52401.2,15,52416.25,75,15,2106360
BANKNIFTY-I.NFO,29/11/2024,09:22:59,52405,52403.2,120,52406,15,390,2106360
BANKNIFTY-I.NFO,29/11/2024,09:23:00,52406,52403.8,120,52414,15,15,2106360
BANKNIFTY-I.NFO,29/11/2024,09:23:02,52405.15,52405.1,15,52406.9,30,15,2106360
BANKNIFTY-I.NFO,29/11/2024,09:23:04,52405.15,52405.1,120,52406.9,30,0,2106360
BANKNIFTY-I.NFO,29/11/2024,09:23:05,52405.1,52405.15,15,52410.3,15,1530,2106360
BANKNIFTY-I.NFO,29/11/2024,09:23:07,52407.75,52405,15,52409.95,330,210,2106360
BANKNIFTY-I.NFO,29/11/2024,09:23:09,52404.8,52396,300,52405,75,90,2106360
BANKNIFTY-I.NFO,29/11/2024,09:23:10,52396,52392,15,52402.55,30,300,2106360
BANKNIFTY-I.NFO,29/11/2024,09:23:12,52403.85,52396,15,52404.1,30,60,2106360
BANKNIFTY-I.NFO,29/11/2024,09:23:14,52391,52390,45,52392,15,45,2106360
BANKNIFTY-I.NFO,29/11/2024,09:23:15,52392,52390,45,52403.7,330,15,2106360
BANKNIFTY-I.NFO,29/11/2024,09:23:17,52398.9,52390,15,52399.05,300,75,2106360
BANKNIFTY-I.NFO,29/11/2024,09:23:19,52402.2,52390,45,52402.45,30,15,2106360
BANKNIFTY-I.NFO,29/11/2024,09:23:20,52402.2,52390.05,30,52401.45,300,0,2106360
BANKNIFTY-I.NFO,29/11/2024,09:23:22,52401.6,52390.05,30,52401.6,15,930,2106360
BANKNIFTY-I.NFO,29/11/2024,09:23:23,52401.6,52390.05,45,52402.95,300,30,2106360
BANKNIFTY-I.NFO,29/11/2024,09:23:25,52390.05,52396.65,90,52402.55,300,15,2106360
BANKNIFTY-I.NFO,29/11/2024,09:23:27,52401.7,52384.7,120,52398.95,60,570,2106360
BANKNIFTY-I.NFO,29/11/2024,09:23:28,52401.7,52380,15,52392.25,60,0,2106360
BANKNIFTY-I.NFO,29/11/2024,09:23:30,52375,52375,105,52386.85,60,75,2106360
BANKNIFTY-I.NFO,29/11/2024,09:23:32,52385.8,52375,105,52380,15,30,2106360
BANKNIFTY-I.NFO,29/11/2024,09:23:33,52380,52375,105,52379.95,15,15,2106360
BANKNIFTY-I.NFO,29/11/2024,09:23:35,52375,52375.05,135,52385.8,15,45,2106360
BANKNIFTY-I.NFO,29/11/2024,09:23:37,52375,52375,30,52379.95,15,75,2106360
BANKNIFTY-I.NFO,29/11/2024,09:23:38,52375,52370,75,52379.95,30,210,2106360
BANKNIFTY-I.NFO,29/11/2024,09:23:40,52380.7,52366.4,15,52380.7,105,210,2106360
BANKNIFTY-I.NFO,29/11/2024,09:23:41,52378.55,52366.2,15,52381.85,120,30,2106360
BANKNIFTY-I.NFO,29/11/2024,09:23:43,52384.9,52375,285,52385.8,15,30,2106360
BANKNIFTY-I.NFO,29/11/2024,09:23:45,52375.05,52364.8,15,52376.5,75,375,2106360
BANKNIFTY-I.NFO,29/11/2024,09:23:46,52375,52366.9,15,52379.95,15,90,2106360
BANKNIFTY-I.NFO,29/11/2024,09:23:48,52380,52382.2,15,52385,15,30,2112690
BANKNIFTY-I.NFO,29/11/2024,09:23:50,52382.2,52377,15,52385.75,30,30,2112690
BANKNIFTY-I.NFO,29/11/2024,09:23:51,52382.2,52377,30,52378.55,60,0,2112690
BANKNIFTY-I.NFO,29/11/2024,09:23:54,52371,52370.95,15,52381.55,30,120,2112690
BANKNIFTY-I.NFO,29/11/2024,09:23:56,52382.4,52370.95,15,52383.25,300,360,2112690
BANKNIFTY-I.NFO,29/11/2024,09:23:58,52382.4,52370.95,15,52377,90,0,2112690
BANKNIFTY-I.NFO,29/11/2024,09:24:01,52385,52378.9,120,52385,75,105,2112690
BANKNIFTY-I.NFO,29/11/2024,09:24:02,52374.05,52374.8,150,52385,75,15,2112690
BANKNIFTY-I.NFO,29/11/2024,09:24:04,52385,52378.25,120,52385,75,15,2112690
BANKNIFTY-I.NFO,29/11/2024,09:24:06,52373.2,52378.3,120,52391.4,30,990,2112690
BANKNIFTY-I.NFO,29/11/2024,09:24:07,52372.25,52373.3,15,52382.2,15,570,2112690
BANKNIFTY-I.NFO,29/11/2024,09:24:09,52372.25,52373.35,30,52382.2,15,0,2112690
BANKNIFTY-I.NFO,29/11/2024,09:24:10,52372.25,52373.25,75,52382.15,30,0,2112690
BANKNIFTY-I.NFO,29/11/2024,09:24:12,52365,52365,390,52375.3,135,165,2112690
BANKNIFTY-I.NFO,29/11/2024,09:24:14,52371.95,52365,390,52373,30,60,2112690
BANKNIFTY-I.NFO,29/11/2024,09:24:15,52365.05,52365,375,52370,15,75,2112690
BANKNIFTY-I.NFO,29/11/2024,09:24:17,52370,52365.1,15,52375.65,135,15,2112690
BANKNIFTY-I.NFO,29/11/2024,09:24:19,52370,52365.1,30,52372.25,30,0,2112690
BANKNIFTY-I.NFO,29/11/2024,09:24:22,52372.25,52365.1,45,52372.25,15,15,2112690
BANKNIFTY-I.NFO,29/11/2024,09:24:24,52365.1,52365.1,45,52371.3,120,15,2112690
BANKNIFTY-I.NFO,29/11/2024,09:24:25,52361,52360.3,15,52364.8,120,615,2112690
BANKNIFTY-I.NFO,29/11/2024,09:24:27,52367.25,52360.3,30,52368.45,30,150,2112690
BANKNIFTY-I.NFO,29/11/2024,09:24:28,52356.5,52354.6,15,52356.5,60,240,2112690
BANKNIFTY-I.NFO,29/11/2024,09:24:30,52351.5,52351.2,15,52360.65,30,960,2112690
BANKNIFTY-I.NFO,29/11/2024,09:24:32,52352,52352,90,52363.3,15,75,2112690
BANKNIFTY-I.NFO,29/11/2024,09:24:33,52352,52352,60,52363.25,120,30,2112690
BANKNIFTY-I.NFO,29/11/2024,09:24:35,52352,52350,1320,52352,60,150,2112690
BANKNIFTY-I.NFO,29/11/2024,09:24:37,52354.75,52354.7,30,52369.4,45,225,2112690
BANKNIFTY-I.NFO,29/11/2024,09:24:38,52356.55,52356.55,30,52369.45,15,75,2112690
BANKNIFTY-I.NFO,29/11/2024,09:24:40,52351.85,52352,30,52368.15,15,225,2112690
BANKNIFTY-I.NFO,29/11/2024,09:24:41,52355.9,52358.55,15,52372.25,45,45,2112690
BANKNIFTY-I.NFO,29/11/2024,09:24:43,52361.15,52361.15,15,52370,30,30,2112690
BANKNIFTY-I.NFO,29/11/2024,09:24:45,52380,52365.8,30,52380,15,120,2112690
BANKNIFTY-I.NFO,29/11/2024,09:24:46,52370,52364.75,15,52379.55,15,15,2112690
BANKNIFTY-I.NFO,29/11/2024,09:24:48,52370,52364.75,15,52379.1,15,0,2112690
BANKNIFTY-I.NFO,29/11/2024,09:24:49,52379.1,52365.7,30,52380,15,15,2112690
BANKNIFTY-I.NFO,29/11/2024,09:24:51,52370,52369.2,30,52380,15,15,2112690
BANKNIFTY-I.NFO,29/11/2024,09:24:53,52380,52369.2,45,52379.45,15,15,2112690
BANKNIFTY-I.NFO,29/11/2024,09:24:54,52369.25,52369.2,30,52379.75,15,150,2112690
BANKNIFTY-I.NFO,29/11/2024,09:24:56,52369.25,52369.2,30,52382.2,15,0,2112690
BANKNIFTY-I.NFO,29/11/2024,09:24:58,52370,52370,15,52384.95,150,315,2112690
BANKNIFTY-I.NFO,29/11/2024,09:24:59,52372.35,52372.35,75,52385,15,360,2112690
BANKNIFTY-I.NFO,29/11/2024,09:25:01,52369,52369,285,52384.25,45,945,2112690
BANKNIFTY-I.NFO,29/11/2024,09:25:03,52384.1,52369.05,15,52383.7,135,30,2112690
BANKNIFTY-I.NFO,29/11/2024,09:25:04,52358.7,52358.25,15,52361.15,75,360,2112690
BANKNIFTY-I.NFO,29/11/2024,09:25:06,52366.6,52352.05,120,52366.25,135,255,2112690
BANKNIFTY-I.NFO,29/11/2024,09:25:08,52366.6,52352.05,15,52367.15,105,0,2112690
BANKNIFTY-I.NFO,29/11/2024,09:25:09,52352,52352,60,52365.45,105,15,2112690
BANKNIFTY-I.NFO,29/11/2024,09:25:11,52367.25,52367.25,30,52367.8,30,30,2112690
BANKNIFTY-I.NFO,29/11/2024,09:25:13,52366,52358.6,120,52366,15,30,2112690
BANKNIFTY-I.NFO,29/11/2024,09:25:14,52366,52366,75,52370,30,105,2112690
BANKNIFTY-I.NFO,29/11/2024,09:25:16,52366,52355,15,52365.95,60,120,2112690
BANKNIFTY-I.NFO,29/11/2024,09:25:18,52365.85,52360,30,52366.5,75,75,2112690
BANKNIFTY-I.NFO,29/11/2024,09:25:19,52352,52352,345,52365.9,60,105,2112690
BANKNIFTY-I.NFO,29/11/2024,09:25:21,52352,52352,150,52366.15,60,195,2112690
BANKNIFTY-I.NFO,29/11/2024,09:25:23,52352,52352,150,52366.3,75,15,2112690
BANKNIFTY-I.NFO,29/11/2024,09:25:24,52352,52352,165,52363.25,75,0,2112690
BANKNIFTY-I.NFO,29/11/2024,09:25:26,52352,52352,150,52362.1,60,30,2112690
BANKNIFTY-I.NFO,29/11/2024,09:25:28,52352,52352,150,52361.75,60,0,2112690
BANKNIFTY-I.NFO,29/11/2024,09:25:29,52358.95,52352,30,52358.8,45,135,2112690
BANKNIFTY-I.NFO,29/11/2024,09:25:31,52350,52350,915,52358.1,45,150,2112690
BANKNIFTY-I.NFO,29/11/2024,09:25:33,52350,52350,195,52352,30,720,2112690
BANKNIFTY-I.NFO,29/11/2024,09:25:34,52347,52350.05,30,52352,45,270,2112690
BANKNIFTY-I.NFO,29/11/2024,09:25:36,52350.1,52350.1,15,52352,30,30,2112690
BANKNIFTY-I.NFO,29/11/2024,09:25:38,52352,52347.15,120,52358.85,15,30,2112690
BANKNIFTY-I.NFO,29/11/2024,09:25:39,52352,52347.2,30,52352,15,0,2112690
BANKNIFTY-I.NFO,29/11/2024,09:25:41,52352,52348.8,120,52358.85,15,60,2112690
BANKNIFTY-I.NFO,29/11/2024,09:25:43,52352,52350.05,120,52358.75,15,0,2112690
BANKNIFTY-I.NFO,29/11/2024,09:25:44,52357.5,52357.85,120,52366,60,60,2112690
BANKNIFTY-I.NFO,29/11/2024,09:25:46,52357.5,52359.8,135,52365.95,15,0,2112690
BANKNIFTY-I.NFO,29/11/2024,09:25:48,52366,52359.9,135,52367,15,90,2112690
BANKNIFTY-I.NFO,29/11/2024,09:25:49,52360,52360.05,135,52367,15,15,2112690
BANKNIFTY-I.NFO,29/11/2024,09:25:51,52360.2,52360.15,45,52365.95,15,60,2112690
BANKNIFTY-I.NFO,29/11/2024,09:25:52,52360.2,52360.2,45,52366,30,285,2112690
BANKNIFTY-I.NFO,29/11/2024,09:25:54,52355,52355,360,52357.5,30,165,2112690
BANKNIFTY-I.NFO,29/11/2024,09:25:56,52360.15,52355,1200,52361.95,15,150,2112690
BANKNIFTY-I.NFO,29/11/2024,09:25:57,52360.15,52355,1200,52360.5,135,0,2112690
BANKNIFTY-I.NFO,29/11/2024,09:25:59,52355,52355,1170,52360,30,30,2112690
BANKNIFTY-I.NFO,29/11/2024,09:26:01,52355,52355,1035,52362,15,180,2112690
BANKNIFTY-I.NFO,29/11/2024,09:26:02,52355,52355,1005,52360.5,120,30,2112690
BANKNIFTY-I.NFO,29/11/2024,09:26:04,52362,52355.15,30,52366,15,30,2112690
BANKNIFTY-I.NFO,29/11/2024,09:26:05,52367,52367,15,52369,15,30,2112690
BANKNIFTY-I.NFO,29/11/2024,09:26:07,52367,52359.7,30,52370,30,30,2112690
BANKNIFTY-I.NFO,29/11/2024,09:26:09,52370,52361.85,75,52370,15,15,2112690
BANKNIFTY-I.NFO,29/11/2024,09:26:10,52361.85,52361.85,75,52369,45,15,2112690
BANKNIFTY-I.NFO,29/11/2024,09:26:12,52359.05,52359.05,15,52369,45,30,2112690
BANKNIFTY-I.NFO,29/11/2024,09:26:14,52359.05,52361.65,45,52369,45,0,2112690
BANKNIFTY-I.NFO,29/11/2024,09:26:15,52369,52360.85,45,52369,30,15,2112690
BANKNIFTY-I.NFO,29/11/2024,09:26:17,52367,52360,900,52368.95,15,15,2112690
BANKNIFTY-I.NFO,29/11/2024,09:26:18,52367,52360.7,30,52368.95,15,0,2112690
BANKNIFTY-I.NFO,29/11/2024,09:26:20,52362.05,52363.3,15,52366.95,60,30,2112690
BANKNIFTY-I.NFO,29/11/2024,09:26:22,52368.9,52369.45,60,52379.45,15,210,2112690
BANKNIFTY-I.NFO,29/11/2024,09:26:23,52379.45,52372.2,795,52380,60,15,2112690
BANKNIFTY-I.NFO,29/11/2024,09:26:25,52380,52378.8,285,52384.95,15,60,2112690
BANKNIFTY-I.NFO,29/11/2024,09:26:27,52380,52379.05,30,52384.95,15,0,2112690
BANKNIFTY-I.NFO,29/11/2024,09:26:28,52389.45,52383.45,780,52392.05,15,195,2112690
BANKNIFTY-I.NFO,29/11/2024,09:26:30,52384.6,52384.7,60,52399,30,150,2112690
BANKNIFTY-I.NFO,29/11/2024,09:26:32,52387,52386.65,750,52399,30,15,2112690
BANKNIFTY-I.NFO,29/11/2024,09:26:33,52382.95,52385.2,75,52399,30,420,2112690
BANKNIFTY-I.NFO,29/11/2024,09:26:35,52382.95,52383.3,15,52399,30,0,2112690
BANKNIFTY-I.NFO,29/11/2024,09:26:37,52395,52387.5,300,52399,30,45,2112690
BANKNIFTY-I.NFO,29/11/2024,09:26:38,52409.95,52393.85,90,52409.5,15,555,2112690
BANKNIFTY-I.NFO,29/11/2024,09:26:40,52397.1,52397.1,45,52410,285,105,2112690
BANKNIFTY-I.NFO,29/11/2024,09:26:42,52410,52397.15,15,52410,225,360,2112690
BANKNIFTY-I.NFO,29/11/2024,09:26:43,52404.6,52397.15,15,52404.7,120,75,2112690
BANKNIFTY-I.NFO,29/11/2024,09:26:45,52383.8,52383.25,105,52395,900,120,2112690
BANKNIFTY-I.NFO,29/11/2024,09:26:47,52383.2,52384.35,105,52395,900,15,2112690
BANKNIFTY-I.NFO,29/11/2024,09:26:48,52395,52390.9,105,52399,15,900,2112240
BANKNIFTY-I.NFO,29/11/2024,09:26:50,52395,52390.9,30,52399,15,0,2112240
BANKNIFTY-I.NFO,29/11/2024,09:26:52,52395,52390.9,45,52398.95,120,15,2112240
BANKNIFTY-I.NFO,29/11/2024,09:26:53,52390.9,52383.2,45,52390.9,15,30,2112240
BANKNIFTY-I.NFO,29/11/2024,09:26:55,52398.95,52398.95,435,52399,15,60,2112240
BANKNIFTY-I.NFO,29/11/2024,09:26:56,52398.95,52398.95,345,52400,15,180,2112240
BANKNIFTY-I.NFO,29/11/2024,09:26:58,52398.95,52398.95,270,52406.05,45,195,2112240
BANKNIFTY-I.NFO,29/11/2024,09:27:00,52398.95,52398.95,165,52406.55,45,225,2112240
BANKNIFTY-I.NFO,29/11/2024,09:27:01,52409,52406.95,15,52409.65,150,150,2112240
BANKNIFTY-I.NFO,29/11/2024,09:27:03,52410,52410,90,52412,15,315,2112240
BANKNIFTY-I.NFO,29/11/2024,09:27:05,52419,52418.65,15,52419,30,90,2112240
BANKNIFTY-I.NFO,29/11/2024,09:27:06,52407.6,52412.4,300,52422.1,15,360,2112240
BANKNIFTY-I.NFO,29/11/2024,09:27:08,52424.75,52414.85,315,52425,360,75,2112240
BANKNIFTY-I.NFO,29/11/2024,09:27:09,52420,52415,45,52425,315,75,2112240
BANKNIFTY-I.NFO,29/11/2024,09:27:11,52439.75,52430,30,52439.75,135,2010,2112240
BANKNIFTY-I.NFO,29/11/2024,09:27:11,52439.75,52430,30,52439.75,135,0,2112240
BANKNIFTY-I.NFO,29/11/2024,09:27:13,52423.15,52424.6,15,52439.7,30,315,2112240
BANKNIFTY-I.NFO,29/11/2024,09:27:14,52429.25,52429.15,15,52439.75,135,45,2112240
BANKNIFTY-I.NFO,29/11/2024,09:27:16,52437.85,52423.15,15,52435.25,30,45,2112240
BANKNIFTY-I.NFO,29/11/2024,09:27:17,52439.75,52425.2,120,52439.75,120,75,2112240
BANKNIFTY-I.NFO,29/11/2024,09:27:19,52448,52430.1,120,52447.95,15,1110,2112240
BANKNIFTY-I.NFO,29/11/2024,09:27:19,52448,52430.1,120,52447.95,15,0,2112240
BANKNIFTY-I.NFO,29/11/2024,09:27:20,52438.2,52424.75,75,52430.1,75,600,2112240
BANKNIFTY-I.NFO,29/11/2024,09:27:22,52417.55,52405.95,15,52417.35,30,885,2112240
BANKNIFTY-I.NFO,29/11/2024,09:27:23,52420,52413.6,120,52425.55,15,45,2112240
BANKNIFTY-I.NFO,29/11/2024,09:27:25,52413.65,52413.65,15,52424.45,30,45,2112240
BANKNIFTY-I.NFO,29/11/2024,09:27:27,52425.55,52425.55,45,52428.5,105,45,2112240
BANKNIFTY-I.NFO,29/11/2024,09:27:28,52424.6,52411.3,15,52424.5,45,255,2112240
BANKNIFTY-I.NFO,29/11/2024,09:27:30,52424.35,52408.35,15,52423.95,15,75,2112240
BANKNIFTY-I.NFO,29/11/2024,09:27:31,52423,52408.4,30,52422.6,15,90,2112240
BANKNIFTY-I.NFO,29/11/2024,09:27:33,52408.35,52408.35,15,52421.95,15,45,2112240
BANKNIFTY-I.NFO,29/11/2024,09:27:34,52421.05,52408.35,30,52421.05,15,90,2112240
BANKNIFTY-I.NFO,29/11/2024,09:27:36,52423.95,52408.95,15,52423.7,30,45,2112240
BANKNIFTY-I.NFO,29/11/2024,09:27:37,52420,52420,255,52424.95,15,915,2112240
BANKNIFTY-I.NFO,29/11/2024,09:27:39,52420,52420,30,52424.9,30,405,2112240
BANKNIFTY-I.NFO,29/11/2024,09:27:41,52409.95,52408.95,15,52420.1,120,405,2112240
BANKNIFTY-I.NFO,29/11/2024,09:27:42,52405,52405,15,52416.35,120,210,2112240
BANKNIFTY-I.NFO,29/11/2024,09:27:44,52405,52403.75,300,52416.9,135,15,2112240
BANKNIFTY-I.NFO,29/11/2024,09:27:46,52416.35,52405.35,300,52419.95,15,180,2112240
BANKNIFTY-I.NFO,29/11/2024,09:27:47,52405.15,52405,15,52417.55,180,75,2112240
BANKNIFTY-I.NFO,29/11/2024,09:27:49,52405.05,52406.15,120,52422.7,90,225,2112240
BANKNIFTY-I.NFO,29/11/2024,09:27:51,52417.5,52405,15,52419.65,45,30,2112240
BANKNIFTY-I.NFO,29/11/2024,09:27:52,52420.85,52405.75,120,52420.55,30,15,2112240
BANKNIFTY-I.NFO,29/11/2024,09:27:54,52419.1,52405,60,52419.1,15,30,2112240
BANKNIFTY-I.NFO,29/11/2024,09:27:56,52418.9,52405.2,30,52420,15,90,2112240
BANKNIFTY-I.NFO,29/11/2024,09:27:57,52421,52407.25,15,52420.1,75,60,2112240
BANKNIFTY-I.NFO,29/11/2024,09:27:59,52421,52406.9,135,52420,105,0,2112240
BANKNIFTY-I.NFO,29/11/2024,09:28:00,52408.95,52408.95,120,52420,105,135,2112240
BANKNIFTY-I.NFO,29/11/2024,09:28:02,52419.95,52406.25,120,52420,420,60,2112240
BANKNIFTY-I.NFO,29/11/2024,09:28:04,52409.15,52409.15,30,52419.1,90,330,2112240
BANKNIFTY-I.NFO,29/11/2024,09:28:05,52419.95,52407.5,30,52419.95,75,180,2112240
BANKNIFTY-I.NFO,29/11/2024,09:28:07,52420,52407.55,15,52420,150,135,2112240
BANKNIFTY-I.NFO,29/11/2024,09:28:09,52419.95,52407.55,15,52421,30,180,2112240
BANKNIFTY-I.NFO,29/11/2024,09:28:10,52419.95,52407.55,15,52419.6,15,0,2112240
BANKNIFTY-I.NFO,29/11/2024,09:28:12,52420.1,52410,30,52420.15,75,45,2112240
BANKNIFTY-I.NFO,29/11/2024,09:28:14,52418.2,52410,30,52418.1,15,150,2112240
BANKNIFTY-I.NFO,29/11/2024,09:28:15,52405,52405,30,52419.15,15,120,2112240
BANKNIFTY-I.NFO,29/11/2024,09:28:17,52405,52410.7,300,52418,15,0,2112240
BANKNIFTY-I.NFO,29/11/2024,09:28:18,52420,52411.3,120,52421,15,75,2112240
BANKNIFTY-I.NFO,29/11/2024,09:28:20,52420,52411.15,120,52420.95,15,0,2112240
BANKNIFTY-I.NFO,29/11/2024,09:28:22,52412.45,52411.65,120,52420.95,15,30,2112240
BANKNIFTY-I.NFO,29/11/2024,09:28:23,52412.45,52411.65,45,52419.95,15,0,2112240
BANKNIFTY-I.NFO,29/11/2024,09:28:25,52420,52411.65,45,52420,75,90,2112240
BANKNIFTY-I.NFO,29/11/2024,09:28:27,52411.65,52410.05,30,52420,15,315,2112240
BANKNIFTY-I.NFO,29/11/2024,09:28:28,52411.65,52410.05,60,52420,15,0,2112240
BANKNIFTY-I.NFO,29/11/2024,09:28:30,52420,52421.25,15,52424.95,45,15,2112240
BANKNIFTY-I.NFO,29/11/2024,09:28:31,52416.05,52412.4,15,52424.6,15,60,2112240
BANKNIFTY-I.NFO,29/11/2024,09:28:33,52416.05,52411.65,15,52420,300,0,2112240
BANKNIFTY-I.NFO,29/11/2024,09:28:34,52410.8,52410,15,52420,300,45,2112240
BANKNIFTY-I.NFO,29/11/2024,09:28:36,52410.8,52410,15,52420,300,0,2112240
BANKNIFTY-I.NFO,29/11/2024,09:28:37,52410.8,52410,30,52419,15,0,2112240
BANKNIFTY-I.NFO,29/11/2024,09:28:39,52411.75,52410.6,135,52419,15,15,2112240
BANKNIFTY-I.NFO,29/11/2024,09:28:41,52419,52419,30,52420,300,15,2112240
BANKNIFTY-I.NFO,29/11/2024,09:28:42,52419,52410.65,15,52416.6,15,105,2112240
BANKNIFTY-I.NFO,29/11/2024,09:28:44,52401,52400,105,52404.55,75,225,2112240
BANKNIFTY-I.NFO,29/11/2024,09:28:46,52404.7,52398.95,75,52406.3,15,180,2112240
BANKNIFTY-I.NFO,29/11/2024,09:28:47,52398.95,52390.35,15,52397.8,75,105,2112240
BANKNIFTY-I.NFO,29/11/2024,09:28:49,52390,52386.55,120,52403.1,75,435,2112240
BANKNIFTY-I.NFO,29/11/2024,09:28:51,52390,52388.45,120,52398.95,15,0,2112240
BANKNIFTY-I.NFO,29/11/2024,09:28:52,52391.3,52388.45,120,52402.75,30,75,2112240
BANKNIFTY-I.NFO,29/11/2024,09:28:54,52402.85,52391.9,120,52400,45,150,2112240
BANKNIFTY-I.NFO,29/11/2024,09:28:55,52404.45,52404.45,90,52410,75,210,2112240
BANKNIFTY-I.NFO,29/11/2024,09:28:57,52410,52414.95,45,52418.3,15,75,2112240
BANKNIFTY-I.NFO,29/11/2024,09:28:59,52414.95,52410.8,90,52420,315,60,2112240
BANKNIFTY-I.NFO,29/11/2024,09:29:00,52415,52409.7,15,52420,435,330,2112240
BANKNIFTY-I.NFO,29/11/2024,09:29:02,52415,52410,915,52416.55,45,0,2112240
BANKNIFTY-I.NFO,29/11/2024,09:29:04,52416.55,52415,15,52416.55,30,15,2112240
BANKNIFTY-I.NFO,29/11/2024,09:29:05,52416.55,52410,840,52416.55,15,105,2112240
BANKNIFTY-I.NFO,29/11/2024,09:29:07,52410,52410,825,52416.55,15,30,2112240
BANKNIFTY-I.NFO,29/11/2024,09:29:09,52410,52410,840,52416.5,15,0,2112240
BANKNIFTY-I.NFO,29/11/2024,09:29:10,52415,52410.6,45,52416.45,15,45,2112240
BANKNIFTY-I.NFO,29/11/2024,09:29:12,52416.45,52416.45,30,52416.55,15,15,2112240
BANKNIFTY-I.NFO,29/11/2024,09:29:14,52415,52410,930,52415,15,45,2112240
BANKNIFTY-I.NFO,29/11/2024,09:29:15,52419,52410,915,52419,60,45,2112240
BANKNIFTY-I.NFO,29/11/2024,09:29:17,52410,52417.5,15,52419,45,180,2112240
BANKNIFTY-I.NFO,29/11/2024,09:29:19,52410,52417.5,15,52419,30,90,2112240
BANKNIFTY-I.NFO,29/11/2024,09:29:20,52420,52415,60,52420,420,135,2112240
BANKNIFTY-I.NFO,29/11/2024,09:29:22,52419,52415,60,52420,360,75,2112240
BANKNIFTY-I.NFO,29/11/2024,09:29:24,52420,52415,75,52420,255,120,2112240
BANKNIFTY-I.NFO,29/11/2024,09:29:25,52420,52415,75,52420,180,75,2112240
BANKNIFTY-I.NFO,29/11/2024,09:29:27,52420,52415,105,52420,195,0,2112240
BANKNIFTY-I.NFO,29/11/2024,09:29:28,52421.85,52420.1,15,52430,105,360,2112240
BANKNIFTY-I.NFO,29/11/2024,09:29:30,52430,52428.7,15,52430,60,90,2112240
BANKNIFTY-I.NFO,29/11/2024,09:29:32,52436.9,52433,30,52438.2,15,135,2112240
BANKNIFTY-I.NFO,29/11/2024,09:29:33,52440,52433.7,30,52442,45,60,2112240
BANKNIFTY-I.NFO,29/11/2024,09:29:35,52433.7,52433.7,30,52444,30,90,2112240
BANKNIFTY-I.NFO,29/11/2024,09:29:37,52448,52447.95,45,52449,315,270,2112240
BANKNIFTY-I.NFO,29/11/2024,09:29:38,52448.95,52444,30,52448.95,90,135,2112240
BANKNIFTY-I.NFO,29/11/2024,09:29:38,52448.95,52444,30,52448.95,90,0,2112240
BANKNIFTY-I.NFO,29/11/2024,09:29:40,52445,52444,30,52447.95,15,30,2112240
BANKNIFTY-I.NFO,29/11/2024,09:29:42,52438.8,52438.45,120,52447.95,15,60,2112240
BANKNIFTY-I.NFO,29/11/2024,09:29:43,52449,52437.5,135,52449,270,90,2112240
BANKNIFTY-I.NFO,29/11/2024,09:29:43,52449,52437.5,135,52449,270,0,2112240
BANKNIFTY-I.NFO,29/11/2024,09:29:45,52449,52438.95,120,52449,255,15,2112240
BANKNIFTY-I.NFO,29/11/2024,09:29:47,52450,52449.7,15,52450,885,855,2112240
BANKNIFTY-I.NFO,29/11/2024,09:29:47,52450,52449.7,15,52450,885,0,2112240
BANKNIFTY-I.NFO,29/11/2024,09:29:48,52455.5,52441.9,300,52455.75,15,2100,2114070
BANKNIFTY-I.NFO,29/11/2024,09:29:48,52459,52441.9,300,52455.75,15,0,2114070
BANKNIFTY-I.NFO,29/11/2024,09:29:50,52450,52450,870,52459.95,15,735,2114070
BANKNIFTY-I.NFO,29/11/2024,09:29:50,52459.65,52450,870,52459.95,15,0,2114070
BANKNIFTY-I.NFO,29/11/2024,09:29:52,52459.45,52447.95,120,52455.5,15,990,2114070
BANKNIFTY-I.NFO,29/11/2024,09:29:52,52459.75,52447.95,120,52455.5,15,0,2114070
BANKNIFTY-I.NFO,29/11/2024,09:29:53,52447.95,52447.95,135,52460,255,30,2114070
BANKNIFTY-I.NFO,29/11/2024,09:29:55,52459,52450,30,52460,255,120,2114070
BANKNIFTY-I.NFO,29/11/2024,09:29:56,52440.05,52434.75,300,52445.95,30,330,2114070
BANKNIFTY-I.NFO,29/11/2024,09:29:56,52460,52434.75,300,52445.95,30,0,2114070
BANKNIFTY-I.NFO,29/11/2024,09:29:58,52453.2,52453.2,90,52457.5,15,795,2114070
BANKNIFTY-I.NFO,29/11/2024,09:30:00,52459,52454.15,45,52459,60,375,2114070
BANKNIFTY-I.NFO,29/11/2024,09:30:01,52453.65,52443.5,45,52455,15,540,2114070
BANKNIFTY-I.NFO,29/11/2024,09:30:03,52460,52460,285,52464.4,75,735,2114070
BANKNIFTY-I.NFO,29/11/2024,09:30:03,52465.3,52460,285,52464.4,75,0,2114070
BANKNIFTY-I.NFO,29/11/2024,09:30:05,52466.75,52460,225,52468,15,2025,2114070
BANKNIFTY-I.NFO,29/11/2024,09:30:05,52469,52460,225,52468,15,0,2114070
BANKNIFTY-I.NFO,29/11/2024,09:30:06,52454.2,52443.05,15,52454.6,30,360,2114070
BANKNIFTY-I.NFO,29/11/2024,09:30:08,52457.3,52443,30,52456.65,30,120,2114070
BANKNIFTY-I.NFO,29/11/2024,09:30:10,52449.75,52443,15,52449.75,15,120,2114070
BANKNIFTY-I.NFO,29/11/2024,09:30:11,52442,52440,15,52449.9,75,135,2114070
BANKNIFTY-I.NFO,29/11/2024,09:30:13,52450.35,52440,30,52451,225,195,2114070
BANKNIFTY-I.NFO,29/11/2024,09:30:15,52450.35,52440.05,15,52448.5,90,315,2114070
BANKNIFTY-I.NFO,29/11/2024,09:30:16,52442.65,52436.3,15,52447.35,15,360,2114070
BANKNIFTY-I.NFO,29/11/2024,09:30:18,52445.15,52433.45,15,52443.5,75,165,2114070
BANKNIFTY-I.NFO,29/11/2024,09:30:20,52433.45,52441,30,52448.45,30,15,2114070
BANKNIFTY-I.NFO,29/11/2024,09:30:21,52448.5,52441,90,52446.9,75,45,2114070
BANKNIFTY-I.NFO,29/11/2024,09:30:23,52441,52441,45,52445.35,75,60,2114070
BANKNIFTY-I.NFO,29/11/2024,09:30:24,52439.65,52435.15,225,52439,75,180,2114070
BANKNIFTY-I.NFO,29/11/2024,09:30:26,52425,52420,420,52425,105,600,2114070
BANKNIFTY-I.NFO,29/11/2024,09:30:28,52425,52424.35,45,52425,90,15,2114070
BANKNIFTY-I.NFO,29/11/2024,09:30:29,52432.5,52423.2,15,52435.15,15,165,2114070
BANKNIFTY-I.NFO,29/11/2024,09:30:31,52437.7,52429.7,60,52438.7,300,180,2114070
BANKNIFTY-I.NFO,29/11/2024,09:30:33,52431.1,52429.1,45,52435,30,135,2114070
BANKNIFTY-I.NFO,29/11/2024,09:30:34,52429.1,52432,15,52439.65,15,30,2114070
BANKNIFTY-I.NFO,29/11/2024,09:30:36,52445.9,52432.4,15,52445.55,75,870,2114070
BANKNIFTY-I.NFO,29/11/2024,09:30:38,52433.15,52432.8,120,52446,15,45,2114070
BANKNIFTY-I.NFO,29/11/2024,09:30:39,52441,52430.3,120,52444.4,30,270,2114070
BANKNIFTY-I.NFO,29/11/2024,09:30:41,52430,52430,30,52431,150,15,2114070
BANKNIFTY-I.NFO,29/11/2024,09:30:43,52431,52430,30,52431,90,60,2114070
BANKNIFTY-I.NFO,29/11/2024,09:30:44,52431,52427.5,15,52431,45,75,2114070
BANKNIFTY-I.NFO,29/11/2024,09:30:46,52441,52431,15,52441,45,390,2114070
BANKNIFTY-I.NFO,29/11/2024,09:30:47,52431.4,52440,15,52441,30,60,2114070
BANKNIFTY-I.NFO,29/11/2024,09:30:49,52441,52441,60,52445,15,60,2114070
BANKNIFTY-I.NFO,29/11/2024,09:30:51,52444.85,52441,45,52444.85,30,285,2114070
BANKNIFTY-I.NFO,29/11/2024,09:30:52,52441,52441.05,30,52444.85,30,30,2114070
BANKNIFTY-I.NFO,29/11/2024,09:30:54,52444.85,52441.05,30,52445.35,150,30,2114070
BANKNIFTY-I.NFO,29/11/2024,09:30:56,52441.05,52431.25,120,52441.05,15,945,2114070
BANKNIFTY-I.NFO,29/11/2024,09:30:57,52447.95,52434.35,30,52447.85,150,105,2114070
BANKNIFTY-I.NFO,29/11/2024,09:30:59,52448,52432.6,120,52448,195,120,2114070
BANKNIFTY-I.NFO,29/11/2024,09:31:01,52448,52431,15,52436.25,15,0,2114070
BANKNIFTY-I.NFO,29/11/2024,09:31:02,52441.35,52431,15,52442.25,150,60,2114070
BANKNIFTY-I.NFO,29/11/2024,09:31:04,52441.05,52431,15,52439.25,45,675,2114070
BANKNIFTY-I.NFO,29/11/2024,09:31:06,52438.45,52430,75,52435.9,30,45,2114070
BANKNIFTY-I.NFO,29/11/2024,09:31:07,52430,52430,60,52434.9,15,15,2114070
BANKNIFTY-I.NFO,29/11/2024,09:31:09,52430,52427.95,15,52433.4,15,60,2114070
BANKNIFTY-I.NFO,29/11/2024,09:31:11,52425,52425,15,52431,45,30,2114070
BANKNIFTY-I.NFO,29/11/2024,09:31:12,52430,52425,15,52430.2,45,120,2114070
BANKNIFTY-I.NFO,29/11/2024,09:31:14,52440,52427.25,45,52440.9,45,150,2114070
BANKNIFTY-I.NFO,29/11/2024,09:31:16,52440,52440,15,52440.95,45,300,2114070
BANKNIFTY-I.NFO,29/11/2024,09:31:17,52440,52441,30,52441.05,45,405,2114070
BANKNIFTY-I.NFO,29/11/2024,09:31:19,52449,52440,60,52450,135,435,2114070
BANKNIFTY-I.NFO,29/11/2024,09:31:21,52451.8,52451.8,45,52453,15,405,2114070
BANKNIFTY-I.NFO,29/11/2024,09:31:22,52453.2,52444.85,15,52453.2,240,180,2114070
BANKNIFTY-I.NFO,29/11/2024,09:31:24,52453.2,52440.05,105,52453.2,30,225,2114070
BANKNIFTY-I.NFO,29/11/2024,09:31:25,52455,52453.2,105,52455,15,120,2114070
BANKNIFTY-I.NFO,29/11/2024,09:31:27,52445.95,52435.3,15,52448.95,45,900,2114070
BANKNIFTY-I.NFO,29/11/2024,09:31:29,52448.9,52448.35,15,52455.3,45,105,2114070
BANKNIFTY-I.NFO,29/11/2024,09:31:30,52454.45,52440.95,135,52453.35,75,90,2114070
BANKNIFTY-I.NFO,29/11/2024,09:31:32,52454.9,52441.25,15,52454.3,30,345,2114070
BANKNIFTY-I.NFO,29/11/2024,09:31:34,52446.8,52440.95,165,52448.35,45,15,2114070
BANKNIFTY-I.NFO,29/11/2024,09:31:35,52435,52430.1,15,52437.9,75,300,2114070
BANKNIFTY-I.NFO,29/11/2024,09:31:37,52445.85,52430.1,30,52443.6,15,45,2114070
BANKNIFTY-I.NFO,29/11/2024,09:31:39,52437.8,52430.15,30,52439.85,45,60,2114070
BANKNIFTY-I.NFO,29/11/2024,09:31:40,52440.1,52430.15,30,52440,60,420,2114070
BANKNIFTY-I.NFO,29/11/2024,09:31:42,52436.6,52430.15,45,52436.95,45,30,2114070
BANKNIFTY-I.NFO,29/11/2024,09:31:44,52423.7,52421.65,120,52435.7,30,195,2114070
BANKNIFTY-I.NFO,29/11/2024,09:31:45,52433.45,52421.65,30,52433.65,90,60,2114070
BANKNIFTY-I.NFO,29/11/2024,09:31:47,52431.4,52422.9,45,52436.1,30,30,2114070
BANKNIFTY-I.NFO,29/11/2024,09:31:49,52440,52435.7,15,52440.1,15,45,2114070
BANKNIFTY-I.NFO,29/11/2024,09:31:50,52435.7,52420.05,120,52434.3,30,60,2114070
BANKNIFTY-I.NFO,29/11/2024,09:31:52,52435.7,52435.7,15,52442.75,75,375,2114070
BANKNIFTY-I.NFO,29/11/2024,09:31:54,52437.8,52435.7,30,52437.8,135,75,2114070
BANKNIFTY-I.NFO,29/11/2024,09:31:55,52435.7,52430,15,52434.75,30,135,2114070
BANKNIFTY-I.NFO,29/11/2024,09:31:57,52430,52423.7,15,52431.25,45,15,2114070
BANKNIFTY-I.NFO,29/11/2024,09:31:58,52440,52440,3930,52445.7,15,6120,2114070
BANKNIFTY-I.NFO,29/11/2024,09:32:00,52440,52440,3915,52445.85,15,15,2114070
BANKNIFTY-I.NFO,29/11/2024,09:32:02,52434.75,52433.05,90,52437.15,15,3960,2114070
BANKNIFTY-I.NFO,29/11/2024,09:32:03,52430,52423.7,15,52430,270,225,2114070
BANKNIFTY-I.NFO,29/11/2024,09:32:05,52423.7,52419.1,120,52423.7,240,345,2114070
BANKNIFTY-I.NFO,29/11/2024,09:32:07,52421.15,52420.3,60,52430,255,315,2114070
BANKNIFTY-I.NFO,29/11/2024,09:32:08,52423.7,52422.75,45,52430,225,60,2114070
BANKNIFTY-I.NFO,29/11/2024,09:32:10,52422.7,52420.75,45,52430,225,15,2114070
BANKNIFTY-I.NFO,29/11/2024,09:32:11,52430,52420.75,45,52430,195,30,2114070
BANKNIFTY-I.NFO,29/11/2024,09:32:13,52423.7,52421,30,52430,165,60,2114070
BANKNIFTY-I.NFO,29/11/2024,09:32:15,52423.7,52423.7,15,52430,135,45,2114070
BANKNIFTY-I.NFO,29/11/2024,09:32:16,52423.7,52424.75,15,52430,135,0,2114070
BANKNIFTY-I.NFO,29/11/2024,09:32:18,52430,52425.25,15,52430,135,15,2114070
BANKNIFTY-I.NFO,29/11/2024,09:32:19,52432,52435.35,15,52445.85,15,150,2114070
BANKNIFTY-I.NFO,29/11/2024,09:32:21,52445.85,52435.35,60,52446.05,120,15,2114070
BANKNIFTY-I.NFO,29/11/2024,09:32:23,52435.35,52435.35,30,52448.55,120,60,2114070
BANKNIFTY-I.NFO,29/11/2024,09:32:24,52449.4,52436.65,15,52449.55,15,75,2114070
BANKNIFTY-I.NFO,29/11/2024,09:32:26,52449.5,52449.4,15,52449.45,120,30,2114070
BANKNIFTY-I.NFO,29/11/2024,09:32:27,52449.4,52437.25,15,52449.55,15,60,2114070
BANKNIFTY-I.NFO,29/11/2024,09:32:29,52449.55,52437.35,15,52449.9,45,45,2114070
BANKNIFTY-I.NFO,29/11/2024,09:32:31,52450,52439.55,15,52450,60,30,2114070
BANKNIFTY-I.NFO,29/11/2024,09:32:32,52451.8,52439.65,15,52444.75,15,315,2114070
BANKNIFTY-I.NFO,29/11/2024,09:32:34,52456.1,52455,15,52456.5,15,60,2114070
BANKNIFTY-I.NFO,29/11/2024,09:32:36,52455,52455,15,52456.5,15,30,2114070
BANKNIFTY-I.NFO,29/11/2024,09:32:37,52449.9,52447.35,15,52458.05,15,30,2114070
BANKNIFTY-I.NFO,29/11/2024,09:32:39,52449.9,52447.4,15,52458.05,15,0,2114070
BANKNIFTY-I.NFO,29/11/2024,09:32:40,52458.05,52447.6,15,52459,45,15,2114070
BANKNIFTY-I.NFO,29/11/2024,09:32:42,52449.9,52444.85,15,52455,15,195,2114070
BANKNIFTY-I.NFO,29/11/2024,09:32:44,52460.4,52447.65,15,52460.75,15,525,2114070
BANKNIFTY-I.NFO,29/11/2024,09:32:45,52457.95,52457.95,15,52460.75,45,135,2114070
BANKNIFTY-I.NFO,29/11/2024,09:32:47,52455,52455,30,52458.3,30,180,2114070
BANKNIFTY-I.NFO,29/11/2024,09:32:48,52455,52455,60,52458.65,15,330,2127180
BANKNIFTY-I.NFO,29/11/2024,09:32:50,52455,52455,30,52459.95,15,45,2127180
BANKNIFTY-I.NFO,29/11/2024,09:32:51,52460,52455,30,52460,15,75,2127180
BANKNIFTY-I.NFO,29/11/2024,09:32:53,52453.95,52453.95,30,52454.25,15,75,2127180
BANKNIFTY-I.NFO,29/11/2024,09:32:55,52449.1,52435.15,15,52448.2,75,870,2127180
BANKNIFTY-I.NFO,29/11/2024,09:32:56,52444.3,52435.2,30,52437.2,30,105,2127180
BANKNIFTY-I.NFO,29/11/2024,09:32:58,52435.2,52427.6,300,52437.65,15,30,2127180
BANKNIFTY-I.NFO,29/11/2024,09:33:00,52427.35,52427.65,15,52440,75,75,2127180
BANKNIFTY-I.NFO,29/11/2024,09:33:01,52437.8,52437.45,30,52437.8,30,15,2127180
BANKNIFTY-I.NFO,29/11/2024,09:33:03,52444.5,52437.65,90,52444.65,75,75,2127180
BANKNIFTY-I.NFO,29/11/2024,09:33:05,52437.7,52438.9,15,52451.5,15,45,2127180
BANKNIFTY-I.NFO,29/11/2024,09:33:06,52453.15,52440.8,45,52453.2,150,30,2127180
BANKNIFTY-I.NFO,29/11/2024,09:33:08,52440.8,52439.95,45,52453.15,75,45,2127180
BANKNIFTY-I.NFO,29/11/2024,09:33:10,52440.8,52442.75,45,52449.75,15,0,2127180
BANKNIFTY-I.NFO,29/11/2024,09:33:11,52453.85,52442.8,15,52451.05,15,45,2127180
BANKNIFTY-I.NFO,29/11/2024,09:33:13,52453.85,52442.8,15,52451.05,15,0,2127180
BANKNIFTY-I.NFO,29/11/2024,09:33:14,52452.8,52442.85,15,52449.25,195,45,2127180
BANKNIFTY-I.NFO,29/11/2024,09:33:16,52452.8,52442.95,45,52448,15,0,2127180
BANKNIFTY-I.NFO,29/11/2024,09:33:18,52443,52442.9,30,52450,15,45,2127180
BANKNIFTY-I.NFO,29/11/2024,09:33:19,52442.9,52442.9,15,52451.1,30,120,2127180
BANKNIFTY-I.NFO,29/11/2024,09:33:21,52453,52448,75,52453,105,105,2127180
BANKNIFTY-I.NFO,29/11/2024,09:33:23,52454.45,52454.45,15,52454.7,75,225,2127180
BANKNIFTY-I.NFO,29/11/2024,09:33:24,52454.8,52454.45,15,52455,165,75,2127180
BANKNIFTY-I.NFO,29/11/2024,09:33:26,52455,52450,450,52454.4,75,45,2127180
BANKNIFTY-I.NFO,29/11/2024,09:33:27,52455,52450,450,52454.4,75,0,2127180
BANKNIFTY-I.NFO,29/11/2024,09:33:29,52455,52450,315,52454.4,150,165,2127180
BANKNIFTY-I.NFO,29/11/2024,09:33:31,52455,52450,240,52455,120,105,2127180
BANKNIFTY-I.NFO,29/11/2024,09:33:32,52450.1,52450.1,45,52455,120,15,2127180
BANKNIFTY-I.NFO,29/11/2024,09:33:34,52450.1,52450.1,45,52455,120,15,2127180
BANKNIFTY-I.NFO,29/11/2024,09:33:35,52450,52448,15,52449.3,75,375,2127180
BANKNIFTY-I.NFO,29/11/2024,09:33:37,52442.25,52440,195,52442.9,60,60,2127180
BANKNIFTY-I.NFO,29/11/2024,09:33:39,52442.5,52440.1,45,52443.65,30,75,2127180
BANKNIFTY-I.NFO,29/11/2024,09:33:40,52440.05,52440,135,52442.9,15,90,2127180
BANKNIFTY-I.NFO,29/11/2024,09:33:42,52442.25,52440.05,150,52441.45,30,45,2127180
BANKNIFTY-I.NFO,29/11/2024,09:33:44,52440.05,52440.05,105,52442.6,105,75,2127180
BANKNIFTY-I.NFO,29/11/2024,09:33:45,52440.1,52440.1,45,52442.9,15,30,2127180
BANKNIFTY-I.NFO,29/11/2024,09:33:47,52440.15,52440.05,90,52442.15,105,45,2127180
BANKNIFTY-I.NFO,29/11/2024,09:33:48,52442.85,52440.1,45,52442.9,15,75,2127180
BANKNIFTY-I.NFO,29/11/2024,09:33:50,52440.4,52440,105,52440.4,45,150,2127180
BANKNIFTY-I.NFO,29/11/2024,09:33:52,52439.25,52432,15,52439.15,105,240,2127180
BANKNIFTY-I.NFO,29/11/2024,09:33:53,52440.95,52434.45,300,52441.4,105,30,2127180
BANKNIFTY-I.NFO,29/11/2024,09:33:55,52442.8,52434.5,300,52442.8,60,180,2127180
BANKNIFTY-I.NFO,29/11/2024,09:33:56,52442.85,52434.55,330,52442.2,45,15,2127180
BANKNIFTY-I.NFO,29/11/2024,09:33:58,52450.45,52449.8,300,52458,45,405,2127180
BANKNIFTY-I.NFO,29/11/2024,09:34:00,52475.95,52470,75,52476.65,15,1710,2127180
BANKNIFTY-I.NFO,29/11/2024,09:34:00,52475.95,52470,75,52476.65,15,0,2127180
BANKNIFTY-I.NFO,29/11/2024,09:34:01,52478.05,52478,405,52479,615,510,2127180
BANKNIFTY-I.NFO,29/11/2024,09:34:01,52478.05,52478,405,52479,615,0,2127180
BANKNIFTY-I.NFO,29/11/2024,09:34:03,52486.45,52482.3,270,52486.45,30,1170,2127180
BANKNIFTY-I.NFO,29/11/2024,09:34:03,52486.45,52482.3,270,52486.45,30,0,2127180
BANKNIFTY-I.NFO,29/11/2024,09:34:05,52481.35,52470.45,120,52485.25,75,975,2127180
BANKNIFTY-I.NFO,29/11/2024,09:34:06,52485.15,52470.45,120,52482.75,30,75,2127180
BANKNIFTY-I.NFO,29/11/2024,09:34:08,52485.4,52473.7,15,52485.25,30,90,2127180
BANKNIFTY-I.NFO,29/11/2024,09:34:09,52485.35,52470,45,52480.9,30,225,2127180
BANKNIFTY-I.NFO,29/11/2024,09:34:11,52470.4,52470.25,15,52481.35,15,195,2127180
BANKNIFTY-I.NFO,29/11/2024,09:34:13,52470,52456.55,300,52466.65,210,45,2127180
BANKNIFTY-I.NFO,29/11/2024,09:34:14,52465.45,52454.7,300,52467.7,15,195,2127180
BANKNIFTY-I.NFO,29/11/2024,09:34:16,52462.65,52456.45,30,52464.2,15,15,2127180
BANKNIFTY-I.NFO,29/11/2024,09:34:18,52462.65,52460.15,15,52464.2,15,0,2127180
BANKNIFTY-I.NFO,29/11/2024,09:34:19,52460.05,52464.2,30,52472.2,60,60,2127180
BANKNIFTY-I.NFO,29/11/2024,09:34:21,52472.5,52464.2,30,52472.5,420,90,2127180
BANKNIFTY-I.NFO,29/11/2024,09:34:23,52467.1,52464.2,30,52469.45,60,75,2127180
BANKNIFTY-I.NFO,29/11/2024,09:34:24,52462.65,52459.55,300,52464.2,30,90,2127180
BANKNIFTY-I.NFO,29/11/2024,09:34:26,52456.4,52456.4,15,52465.45,150,270,2127180
BANKNIFTY-I.NFO,29/11/2024,09:34:28,52456.4,52459.05,300,52468.05,15,0,2127180
BANKNIFTY-I.NFO,29/11/2024,09:34:29,52465,52465,1485,52468.95,75,135,2127180
BANKNIFTY-I.NFO,29/11/2024,09:34:31,52467.6,52465,720,52468.5,30,810,2127180
BANKNIFTY-I.NFO,29/11/2024,09:34:32,52465.05,52467.65,15,52468.45,135,15,2127180
BANKNIFTY-I.NFO,29/11/2024,09:34:34,52465,52465,705,52470.4,15,60,2127180
BANKNIFTY-I.NFO,29/11/2024,09:34:36,52469.45,52465,645,52469.95,30,120,2127180
BANKNIFTY-I.NFO,29/11/2024,09:34:37,52470,52468.5,1500,52470,135,105,2127180
BANKNIFTY-I.NFO,29/11/2024,09:34:39,52470,52468.5,135,52470,60,1440,2127180
BANKNIFTY-I.NFO,29/11/2024,09:34:40,52468.5,52468.5,120,52475,105,105,2127180
BANKNIFTY-I.NFO,29/11/2024,09:34:42,52475,52468.5,120,52475,75,30,2127180
BANKNIFTY-I.NFO,29/11/2024,09:34:44,52475,52468.55,45,52475,15,150,2127180
BANKNIFTY-I.NFO,29/11/2024,09:34:45,52470,52470,15,52471.8,30,60,2127180
BANKNIFTY-I.NFO,29/11/2024,09:34:47,52471.8,52470.4,15,52479.2,30,15,2127180
BANKNIFTY-I.NFO,29/11/2024,09:34:49,52473.3,52470.4,15,52476.5,135,165,2127180
BANKNIFTY-I.NFO,29/11/2024,09:34:50,52478,52470.05,30,52478.15,120,30,2127180
BANKNIFTY-I.NFO,29/11/2024,09:34:52,52475,52470.05,30,52476.55,120,30,2127180
BANKNIFTY-I.NFO,29/11/2024,09:34:53,52476.85,52470.1,30,52474.65,30,30,2127180
BANKNIFTY-I.NFO,29/11/2024,09:34:55,52478.4,52470.1,30,52478.6,30,45,2127180
BANKNIFTY-I.NFO,29/11/2024,09:34:57,52475,52475,555,52475.4,15,60,2127180
BANKNIFTY-I.NFO,29/11/2024,09:34:58,52475,52475,465,52477.55,30,120,2127180
BANKNIFTY-I.NFO,29/11/2024,09:35:00,52475.35,52471,150,52475.9,45,585,2127180
BANKNIFTY-I.NFO,29/11/2024,09:35:02,52471.05,52471.05,30,52471.8,105,75,2127180
BANKNIFTY-I.NFO,29/11/2024,09:35:03,52470.9,52468.5,30,52471.15,45,435,2127180
BANKNIFTY-I.NFO,29/11/2024,09:35:05,52468.05,52460,180,52464.8,90,120,2127180
BANKNIFTY-I.NFO,29/11/2024,09:35:06,52458,52456.4,15,52460.75,45,195,2127180
BANKNIFTY-I.NFO,29/11/2024,09:35:08,52462.5,52458.05,15,52461.3,120,15,2127180
BANKNIFTY-I.NFO,29/11/2024,09:35:10,52455,52452.15,300,52463.55,45,45,2127180
BANKNIFTY-I.NFO,29/11/2024,09:35:11,52462.5,52451.8,300,52461.85,15,30,2127180
BANKNIFTY-I.NFO,29/11/2024,09:35:13,52461.85,52451.45,255,52463.3,375,60,2127180
BANKNIFTY-I.NFO,29/11/2024,09:35:14,52461.85,52451.8,300,52462.4,45,0,2127180
BANKNIFTY-I.NFO,29/11/2024,09:35:16,52450,52449.2,300,52458,15,165,2127180
BANKNIFTY-I.NFO,29/11/2024,09:35:18,52463.35,52455.7,105,52468,15,645,2127180
BANKNIFTY-I.NFO,29/11/2024,09:35:19,52455.05,52455.05,75,52468.35,15,630,2127180
BANKNIFTY-I.NFO,29/11/2024,09:35:21,52455.05,52458,60,52466.3,165,0,2127180
BANKNIFTY-I.NFO,29/11/2024,09:35:23,52460,52458,45,52460.6,30,75,2127180
BANKNIFTY-I.NFO,29/11/2024,09:35:24,52450,52449.1,30,52450,705,450,2127180
BANKNIFTY-I.NFO,29/11/2024,09:35:26,52445,52441,30,52445.85,75,240,2127180
BANKNIFTY-I.NFO,29/11/2024,09:35:28,52449.35,52445.85,15,52447.75,30,195,2127180
BANKNIFTY-I.NFO,29/11/2024,09:35:29,52448.05,52448.05,15,52450,705,15,2127180
BANKNIFTY-I.NFO,29/11/2024,09:35:31,52448,52445.85,30,52447.75,105,30,2127180
BANKNIFTY-I.NFO,29/11/2024,09:35:33,52447.8,52447.75,15,52450,705,75,2127180
BANKNIFTY-I.NFO,29/11/2024,09:35:34,52448.05,52447.75,15,52450,705,15,2127180
BANKNIFTY-I.NFO,29/11/2024,09:35:36,52440.1,52440.1,60,52450,705,45,2127180
BANKNIFTY-I.NFO,29/11/2024,09:35:37,52440.1,52447.8,30,52450,705,0,2127180
BANKNIFTY-I.NFO,29/11/2024,09:35:39,52444,52444,15,52455,75,825,2127180
BANKNIFTY-I.NFO,29/11/2024,09:35:41,52455,52441.45,15,52454.95,15,15,2127180
BANKNIFTY-I.NFO,29/11/2024,09:35:42,52455,52442.5,15,52455,60,0,2127180
BANKNIFTY-I.NFO,29/11/2024,09:35:44,52442.55,52442.45,15,52455,75,15,2127180
BANKNIFTY-I.NFO,29/11/2024,09:35:45,52442.55,52442.45,75,52455,90,0,2127180
BANKNIFTY-I.NFO,29/11/2024,09:35:47,52442.45,52442.45,75,52454.45,75,60,2127180
BANKNIFTY-I.NFO,29/11/2024,09:35:49,52442.45,52442.45,75,52454.15,60,0,2127180
BANKNIFTY-I.NFO,29/11/2024,09:35:50,52442.45,52442.55,105,52454.1,30,0,2127180
BANKNIFTY-I.NFO,29/11/2024,09:35:52,52442.6,52442.6,30,52452.65,135,15,2125440
BANKNIFTY-I.NFO,29/11/2024,09:35:53,52452.45,52442.6,30,52452.25,30,45,2125440
BANKNIFTY-I.NFO,29/11/2024,09:35:55,52452.45,52442.6,30,52450,30,0,2125440
BANKNIFTY-I.NFO,29/11/2024,09:35:58,52450,52442.6,30,52450.7,30,30,2125440
BANKNIFTY-I.NFO,29/11/2024,09:36:00,52449.5,52442.6,30,52449.5,15,360,2125440
BANKNIFTY-I.NFO,29/11/2024,09:36:01,52442.65,52442.7,30,52449.75,30,15,2125440
BANKNIFTY-I.NFO,29/11/2024,09:36:03,52447.9,52442.7,60,52449.2,75,105,2125440
BANKNIFTY-I.NFO,29/11/2024,09:36:05,52449,52448.65,30,52450,30,15,2125440
BANKNIFTY-I.NFO,29/11/2024,09:36:06,52448.65,52442.6,30,52445,15,90,2125440
BANKNIFTY-I.NFO,29/11/2024,09:36:08,52445,52445,15,52446.75,30,15,2125440
BANKNIFTY-I.NFO,29/11/2024,09:36:10,52442.7,52442.6,30,52449,165,105,2125440
BANKNIFTY-I.NFO,29/11/2024,09:36:11,52448.65,52442.6,30,52448.75,45,15,2125440
BANKNIFTY-I.NFO,29/11/2024,09:36:13,52448.65,52445.05,300,52448.75,45,0,2125440
BANKNIFTY-I.NFO,29/11/2024,09:36:14,52449,52445.05,225,52449.75,15,210,2125440
BANKNIFTY-I.NFO,29/11/2024,09:36:16,52449.75,52445.1,30,52448.65,15,30,2125440
BANKNIFTY-I.NFO,29/11/2024,09:36:18,52445.1,52449,15,52450,600,30,2125440
BANKNIFTY-I.NFO,29/11/2024,09:36:19,52445.1,52449,15,52449.5,30,0,2125440
BANKNIFTY-I.NFO,29/11/2024,09:36:21,52449,52445.1,15,52447.45,75,15,2125440
BANKNIFTY-I.NFO,29/11/2024,09:36:23,52445.05,52445.1,15,52447.1,45,120,2125440
BANKNIFTY-I.NFO,29/11/2024,09:36:24,52445.65,52445.05,75,52446.4,30,60,2125440
BANKNIFTY-I.NFO,29/11/2024,09:36:26,52435,52430.75,15,52436.9,30,600,2125440
BANKNIFTY-I.NFO,29/11/2024,09:36:28,52430.75,52430,105,52431.65,15,30,2125440
BANKNIFTY-I.NFO,29/11/2024,09:36:29,52427,52425,255,52428.75,45,120,2125440
BANKNIFTY-I.NFO,29/11/2024,09:36:31,52428.35,52416.05,30,52427.45,120,435,2125440
BANKNIFTY-I.NFO,29/11/2024,09:36:33,52409.1,52406.7,15,52409.1,15,855,2125440
BANKNIFTY-I.NFO,29/11/2024,09:36:34,52424.6,52407.65,45,52424.6,30,105,2125440
BANKNIFTY-I.NFO,29/11/2024,09:36:36,52413.6,52413.7,15,52428.15,15,120,2125440
BANKNIFTY-I.NFO,29/11/2024,09:36:38,52413.6,52412.55,15,52425.6,30,0,2125440
BANKNIFTY-I.NFO,29/11/2024,09:36:39,52409.35,52409.9,45,52424.55,15,60,2125440
BANKNIFTY-I.NFO,29/11/2024,09:36:41,52424.6,52418.25,45,52425,15,30,2125440
BANKNIFTY-I.NFO,29/11/2024,09:36:42,52425,52417.65,15,52428.35,15,15,2125440
BANKNIFTY-I.NFO,29/11/2024,09:36:44,52425,52417.95,30,52424.6,15,0,2125440
BANKNIFTY-I.NFO,29/11/2024,09:36:46,52419.65,52419.55,15,52428.35,15,120,2125440
BANKNIFTY-I.NFO,29/11/2024,09:36:47,52425,52419.75,30,52432.15,60,90,2125440
BANKNIFTY-I.NFO,29/11/2024,09:36:49,52419.75,52417.7,30,52425,15,45,2125440
BANKNIFTY-I.NFO,29/11/2024,09:36:51,52419.75,52417.7,30,52425,15,0,2125440
BANKNIFTY-I.NFO,29/11/2024,09:36:52,52425,52417.7,30,52430.9,45,15,2125440
BANKNIFTY-I.NFO,29/11/2024,09:36:54,52425,52419.75,15,52429.7,45,15,2125440
BANKNIFTY-I.NFO,29/11/2024,09:36:55,52425,52413.7,15,52428.65,45,90,2125440
BANKNIFTY-I.NFO,29/11/2024,09:36:57,52425,52425,15,52428.6,45,0,2125440
BANKNIFTY-I.NFO,29/11/2024,09:36:59,52410,52423,30,52427.65,45,90,2125440
BANKNIFTY-I.NFO,29/11/2024,09:37:00,52425,52410,15,52424.55,15,90,2125440
BANKNIFTY-I.NFO,29/11/2024,09:37:02,52419.45,52410.05,45,52417.75,45,135,2125440
BANKNIFTY-I.NFO,29/11/2024,09:37:04,52418.9,52410.05,30,52419.5,120,45,2125440
BANKNIFTY-I.NFO,29/11/2024,09:37:05,52410.05,52410,15,52418.55,120,60,2125440
BANKNIFTY-I.NFO,29/11/2024,09:37:07,52405.05,52405.05,75,52419.75,135,60,2125440
BANKNIFTY-I.NFO,29/11/2024,09:37:09,52405.15,52405.05,45,52419.6,45,45,2125440
BANKNIFTY-I.NFO,29/11/2024,09:37:10,52405.85,52406.5,15,52420,15,165,2125440
BANKNIFTY-I.NFO,29/11/2024,09:37:12,52421.2,52421.2,15,52422.25,120,120,2125440
BANKNIFTY-I.NFO,29/11/2024,09:37:14,52405.3,52405.3,15,52421.35,30,45,2125440
BANKNIFTY-I.NFO,29/11/2024,09:37:15,52419.55,52406.05,15,52419.95,135,30,2125440
BANKNIFTY-I.NFO,29/11/2024,09:37:17,52419.55,52406.05,15,52419.75,60,0,2125440
BANKNIFTY-I.NFO,29/11/2024,09:37:19,52400,52400.85,15,52416.55,30,1035,2125440
BANKNIFTY-I.NFO,29/11/2024,09:37:20,52419.5,52405.1,120,52419.6,120,315,2125440
BANKNIFTY-I.NFO,29/11/2024,09:37:22,52406.15,52407.2,45,52422.2,15,465,2125440
BANKNIFTY-I.NFO,29/11/2024,09:37:23,52406.15,52406.2,45,52421.45,15,0,2125440
BANKNIFTY-I.NFO,29/11/2024,09:37:25,52406.15,52405.45,45,52420.8,120,0,2125440
BANKNIFTY-I.NFO,29/11/2024,09:37:27,52406.15,52419.2,30,52421.7,120,0,2125440
BANKNIFTY-I.NFO,29/11/2024,09:37:28,52406.15,52419.2,30,52421.05,120,0,2125440
BANKNIFTY-I.NFO,29/11/2024,09:37:30,52406.15,52419.2,30,52421.1,15,0,2125440
BANKNIFTY-I.NFO,29/11/2024,09:37:31,52406.15,52420.05,60,52421.1,15,0,2125440
BANKNIFTY-I.NFO,29/11/2024,09:37:33,52420.05,52420.05,30,52423.4,120,45,2125440
BANKNIFTY-I.NFO,29/11/2024,09:37:35,52420.05,52420.05,15,52423.05,30,15,2125440
BANKNIFTY-I.NFO,29/11/2024,09:37:36,52426.1,52417.2,120,52426.15,30,210,2125440
BANKNIFTY-I.NFO,29/11/2024,09:37:38,52426.15,52418.75,120,52430,90,15,2125440
BANKNIFTY-I.NFO,29/11/2024,09:37:39,52426.15,52418.6,120,52430,90,0,2125440
BANKNIFTY-I.NFO,29/11/2024,09:37:41,52418.3,52419.75,120,52429,30,165,2125440
BANKNIFTY-I.NFO,29/11/2024,09:37:43,52437.95,52429,15,52436,45,300,2125440
BANKNIFTY-I.NFO,29/11/2024,09:37:44,52434.95,52434.95,15,52441.05,45,90,2125440
BANKNIFTY-I.NFO,29/11/2024,09:37:46,52441.05,52429,15,52435,15,15,2125440
BANKNIFTY-I.NFO,29/11/2024,09:37:48,52441.05,52429,15,52435,15,0,2125440
BANKNIFTY-I.NFO,29/11/2024,09:37:49,52432.4,52430.65,105,52445,30,300,2125440
BANKNIFTY-I.NFO,29/11/2024,09:37:51,52441.05,52438.3,105,52445,30,105,2125440
BANKNIFTY-I.NFO,29/11/2024,09:37:52,52435.05,52438.35,15,52445,30,15,2125440
BANKNIFTY-I.NFO,29/11/2024,09:37:54,52435,52433.1,45,52445,30,120,2125440
BANKNIFTY-I.NFO,29/11/2024,09:37:56,52442.25,52430,45,52433.75,120,75,2125440
BANKNIFTY-I.NFO,29/11/2024,09:37:57,52430.05,52430,60,52433.5,120,15,2125440
BANKNIFTY-I.NFO,29/11/2024,09:37:59,52430,52430,45,52436.7,120,15,2125440
BANKNIFTY-I.NFO,29/11/2024,09:38:01,52436.7,52430,60,52440.55,120,15,2125440
BANKNIFTY-I.NFO,29/11/2024,09:38:02,52436.7,52430,60,52442.05,120,0,2125440
BANKNIFTY-I.NFO,29/11/2024,09:38:04,52435,52434.8,120,52445,30,240,2125440
BANKNIFTY-I.NFO,29/11/2024,09:38:05,52445,52434.2,120,52445,15,45,2125440
BANKNIFTY-I.NFO,29/11/2024,09:38:07,52449,52436.35,120,52449.1,15,60,2125440
BANKNIFTY-I.NFO,29/11/2024,09:38:09,52449,52435.3,120,52445,15,0,2125440
BANKNIFTY-I.NFO,29/11/2024,09:38:10,52435.2,52435.25,120,52449,15,105,2125440
BANKNIFTY-I.NFO,29/11/2024,09:38:12,52435.3,52437,15,52448.95,75,15,2125440
BANKNIFTY-I.NFO,29/11/2024,09:38:13,52437,52432.85,135,52448,75,30,2125440
BANKNIFTY-I.NFO,29/11/2024,09:38:15,52437,52432.1,120,52446.85,45,0,2125440
BANKNIFTY-I.NFO,29/11/2024,09:38:17,52447.55,52432.4,120,52447.4,60,15,2125440
BANKNIFTY-I.NFO,29/11/2024,09:38:18,52447.35,52432.5,120,52446.85,45,15,2125440
BANKNIFTY-I.NFO,29/11/2024,09:38:20,52447.35,52432.6,120,52447.4,45,0,2125440
BANKNIFTY-I.NFO,29/11/2024,09:38:21,52440.7,52432.65,15,52440.45,45,45,2125440
BANKNIFTY-I.NFO,29/11/2024,09:38:23,52443.65,52432.7,15,52441.95,30,180,2125440
BANKNIFTY-I.NFO,29/11/2024,09:38:25,52442.7,52432.7,15,52443.25,30,60,2125440
BANKNIFTY-I.NFO,29/11/2024,09:38:26,52442.9,52440,15,52442.5,30,30,2125440
BANKNIFTY-I.NFO,29/11/2024,09:38:28,52443.85,52440.05,15,52443.7,30,45,2125440
BANKNIFTY-I.NFO,29/11/2024,09:38:29,52443.85,52440.1,15,52445,15,0,2125440
BANKNIFTY-I.NFO,29/11/2024,09:38:31,52443.85,52440.1,45,52445,15,0,2125440
BANKNIFTY-I.NFO,29/11/2024,09:38:33,52445,52440.2,15,52446.65,30,45,2125440
BANKNIFTY-I.NFO,29/11/2024,09:38:34,52447.3,52440.2,30,52447.15,30,180,2125440
BANKNIFTY-I.NFO,29/11/2024,09:38:36,52447.3,52440.2,15,52443.85,15,0,2125440
BANKNIFTY-I.NFO,29/11/2024,09:38:38,52448.55,52443.85,15,52449,30,45,2125440
BANKNIFTY-I.NFO,29/11/2024,09:38:39,52443.9,52443.9,15,52448.9,45,30,2125440
BANKNIFTY-I.NFO,29/11/2024,09:38:41,52443.9,52443.9,45,52448,15,30,2125440
BANKNIFTY-I.NFO,29/11/2024,09:38:42,52443.9,52443.9,30,52448.85,30,30,2125440
BANKNIFTY-I.NFO,29/11/2024,09:38:44,52449.05,52440,105,52449.05,15,540,2125440
BANKNIFTY-I.NFO,29/11/2024,09:38:46,52440,52440,75,52446.05,375,135,2125440
BANKNIFTY-I.NFO,29/11/2024,09:38:47,52440,52440,45,52447.9,375,30,2125440
BANKNIFTY-I.NFO,29/11/2024,09:38:49,52449.1,52440,45,52450,975,165,2125440
BANKNIFTY-I.NFO,29/11/2024,09:38:51,52435.15,52437.85,45,52450,975,90,2127975
BANKNIFTY-I.NFO,29/11/2024,09:38:52,52449.25,52435.15,120,52449.25,30,45,2127975
BANKNIFTY-I.NFO,29/11/2024,09:38:54,52448.8,52435.2,45,52449.05,45,45,2127975
BANKNIFTY-I.NFO,29/11/2024,09:38:56,52447.55,52435.15,30,52448.35,45,285,2127975
BANKNIFTY-I.NFO,29/11/2024,09:38:57,52437.35,52437.1,45,52450,945,135,2127975
BANKNIFTY-I.NFO,29/11/2024,09:38:59,52437.1,52436.05,45,52447.55,15,45,2127975
BANKNIFTY-I.NFO,29/11/2024,09:39:00,52435.3,52440.7,15,52448.7,15,45,2127975
BANKNIFTY-I.NFO,29/11/2024,09:39:02,52449.95,52440.7,15,52448.8,15,30,2127975
BANKNIFTY-I.NFO,29/11/2024,09:39:04,52450,52440.5,45,52450,705,330,2127975
BANKNIFTY-I.NFO,29/11/2024,09:39:05,52450,52441.55,45,52450,690,30,2127975
BANKNIFTY-I.NFO,29/11/2024,09:39:07,52441.8,52442.1,120,52450,690,30,2127975
BANKNIFTY-I.NFO,29/11/2024,09:39:09,52450,52445.45,120,52450,675,15,2127975
BANKNIFTY-I.NFO,29/11/2024,09:39:10,52460,52456.5,30,52465,30,855,2127975
BANKNIFTY-I.NFO,29/11/2024,09:39:12,52456.5,52456.5,15,52459,135,210,2127975
BANKNIFTY-I.NFO,29/11/2024,09:39:14,52456.25,52456.25,15,52459,90,165,2127975
BANKNIFTY-I.NFO,29/11/2024,09:39:15,52464.25,52456.2,30,52464.25,90,120,2127975
BANKNIFTY-I.NFO,29/11/2024,09:39:17,52465.05,52456.2,15,52465.05,135,45,2127975
BANKNIFTY-I.NFO,29/11/2024,09:39:19,52456.2,52456.15,75,52465.05,135,15,2127975
BANKNIFTY-I.NFO,29/11/2024,09:39:20,52456.2,52461.45,15,52465.05,135,0,2127975
BANKNIFTY-I.NFO,29/11/2024,09:39:22,52452.05,52453.5,30,52465.05,210,315,2127975
BANKNIFTY-I.NFO,29/11/2024,09:39:24,52459.35,52443.25,15,52456.95,45,1485,2127975
BANKNIFTY-I.NFO,29/11/2024,09:39:25,52463.25,52449.2,15,52463.75,60,210,2127975
BANKNIFTY-I.NFO,29/11/2024,09:39:27,52460,52449.75,15,52462.3,60,15,2127975
BANKNIFTY-I.NFO,29/11/2024,09:39:28,52449.2,52449.75,15,52462.35,60,30,2127975
BANKNIFTY-I.NFO,29/11/2024,09:39:30,52441.5,52446.5,15,52450,15,510,2127975
BANKNIFTY-I.NFO,29/11/2024,09:39:32,52446.5,52446.5,45,52450,15,15,2127975
BANKNIFTY-I.NFO,29/11/2024,09:39:33,52446.5,52439.5,120,52445.1,255,45,2127975
BANKNIFTY-I.NFO,29/11/2024,09:39:35,52439.5,52444.75,15,52445.1,255,15,2127975
BANKNIFTY-I.NFO,29/11/2024,09:39:37,52444.75,52444.75,15,52445.1,240,30,2127975
BANKNIFTY-I.NFO,29/11/2024,09:39:38,52445.1,52444.75,15,52450,15,240,2127975
BANKNIFTY-I.NFO,29/11/2024,09:39:40,52445.1,52444.75,15,52450,15,0,2127975
BANKNIFTY-I.NFO,29/11/2024,09:39:42,52444.75,52441.85,105,52450,15,15,2127975
BANKNIFTY-I.NFO,29/11/2024,09:39:43,52455.35,52441.85,15,52455.35,120,30,2127975
BANKNIFTY-I.NFO,29/11/2024,09:39:45,52444.3,52444.3,60,52459.05,120,60,2127975
BANKNIFTY-I.NFO,29/11/2024,09:39:46,52444.3,52444.3,30,52456.35,120,0,2127975
BANKNIFTY-I.NFO,29/11/2024,09:39:48,52444.3,52444.35,60,52457.9,45,0,2127975
BANKNIFTY-I.NFO,29/11/2024,09:39:50,52444.3,52444.4,60,52459.25,120,0,2127975
BANKNIFTY-I.NFO,29/11/2024,09:39:51,52444.3,52446.25,60,52461.05,120,0,2127975
BANKNIFTY-I.NFO,29/11/2024,09:39:53,52444.3,52446.25,30,52458,120,0,2127975
BANKNIFTY-I.NFO,29/11/2024,09:39:55,52446.25,52446.25,30,52459.75,120,15,2127975
BANKNIFTY-I.NFO,29/11/2024,09:39:56,52446.25,52446.6,60,52461.65,135,0,2127975
BANKNIFTY-I.NFO,29/11/2024,09:39:58,52446.25,52447.8,60,52461.85,120,0,2127975
BANKNIFTY-I.NFO,29/11/2024,09:39:59,52446.25,52448.1,60,52461.9,15,0,2127975
BANKNIFTY-I.NFO,29/11/2024,09:40:01,52446.25,52447.85,60,52461.65,135,0,2127975
BANKNIFTY-I.NFO,29/11/2024,09:40:02,52446.25,52448.05,60,52461.7,15,0,2127975
BANKNIFTY-I.NFO,29/11/2024,09:40:04,52461.55,52448.05,15,52456.05,45,15,2127975
BANKNIFTY-I.NFO,29/11/2024,09:40:06,52456.05,52448.05,15,52456.35,135,30,2127975
BANKNIFTY-I.NFO,29/11/2024,09:40:07,52460.45,52448,60,52461.3,60,915,2127975
BANKNIFTY-I.NFO,29/11/2024,09:40:09,52460.45,52448,60,52459.8,60,0,2127975
BANKNIFTY-I.NFO,29/11/2024,09:40:10,52459.55,52448,60,52459.55,15,45,2127975
BANKNIFTY-I.NFO,29/11/2024,09:40:12,52448,52448,30,52459.95,15,165,2127975
BANKNIFTY-I.NFO,29/11/2024,09:40:13,52448,52448.55,45,52460,105,0,2127975
BANKNIFTY-I.NFO,29/11/2024,09:40:15,52460,52448,30,52460,90,15,2127975
BANKNIFTY-I.NFO,29/11/2024,09:40:17,52459.95,52448.1,45,52460,90,15,2127975
BANKNIFTY-I.NFO,29/11/2024,09:40:18,52459.95,52450.05,45,52460,90,0,2127975
BANKNIFTY-I.NFO,29/11/2024,09:40:20,52460,52450.05,45,52460,75,15,2127975
BANKNIFTY-I.NFO,29/11/2024,09:40:22,52450.05,52450.05,30,52460,30,60,2127975
BANKNIFTY-I.NFO,29/11/2024,09:40:23,52450,52450.05,15,52457.55,45,135,2127975
BANKNIFTY-I.NFO,29/11/2024,09:40:25,52461.65,52460,15,52461.6,45,315,2127975
BANKNIFTY-I.NFO,29/11/2024,09:40:26,52450.05,52448.4,30,52460,15,30,2127975
BANKNIFTY-I.NFO,29/11/2024,09:40:28,52450.05,52455.3,15,52460,15,0,2127975
BANKNIFTY-I.NFO,29/11/2024,09:40:30,52455.3,52450.05,30,52461.1,45,30,2127975
BANKNIFTY-I.NFO,29/11/2024,09:40:31,52445.8,52444,45,52460,45,135,2127975
BANKNIFTY-I.NFO,29/11/2024,09:40:33,52444,52448.4,15,52456.75,15,30,2127975
BANKNIFTY-I.NFO,29/11/2024,09:40:34,52444,52450,15,52455,15,0,2127975
BANKNIFTY-I.NFO,29/11/2024,09:40:36,52450,52440.1,15,52449.95,15,30,2127975
BANKNIFTY-I.NFO,29/11/2024,09:40:38,52449.95,52440.1,30,52451.4,45,75,2127975
BANKNIFTY-I.NFO,29/11/2024,09:40:39,52448.6,52440.1,30,52448.45,45,15,2127975
BANKNIFTY-I.NFO,29/11/2024,09:40:41,52448.4,52440.1,30,52448,15,60,2127975
BANKNIFTY-I.NFO,29/11/2024,09:40:42,52440.1,52440.1,15,52449.2,75,15,2127975
BANKNIFTY-I.NFO,29/11/2024,09:40:44,52440.1,52440,75,52444.85,30,165,2127975
BANKNIFTY-I.NFO,29/11/2024,09:40:46,52435.25,52420,45,52433.2,30,450,2127975
BANKNIFTY-I.NFO,29/11/2024,09:40:47,52432.3,52418.25,45,52433.1,60,75,2127975
BANKNIFTY-I.NFO,29/11/2024,09:40:49,52431.55,52418.2,45,52431.95,30,15,2127975
BANKNIFTY-I.NFO,29/11/2024,09:40:51,52422.9,52421.9,45,52437.05,45,15,2127975
BANKNIFTY-I.NFO,29/11/2024,09:40:52,52432.3,52421.8,120,52438.2,75,60,2127975
BANKNIFTY-I.NFO,29/11/2024,09:40:54,52439.05,52423.3,45,52438.3,105,15,2127975
BANKNIFTY-I.NFO,29/11/2024,09:40:56,52423.3,52420.95,15,52435.65,45,15,2127975
BANKNIFTY-I.NFO,29/11/2024,09:40:57,52420.95,52419.3,120,52434.9,45,15,2127975
BANKNIFTY-I.NFO,29/11/2024,09:40:59,52434.9,52421.7,120,52436.55,75,15,2127975
BANKNIFTY-I.NFO,29/11/2024,09:41:00,52434.9,52420.95,75,52431.9,75,0,2127975
BANKNIFTY-I.NFO,29/11/2024,09:41:02,52434.9,52425.3,120,52440.1,75,0,2127975
BANKNIFTY-I.NFO,29/11/2024,09:41:04,52435.65,52435.65,30,52440.65,45,90,2127975
BANKNIFTY-I.NFO,29/11/2024,09:41:05,52435.65,52426.65,120,52435.65,30,60,2127975
BANKNIFTY-I.NFO,29/11/2024,09:41:07,52435.65,52427,120,52435.65,30,0,2127975
BANKNIFTY-I.NFO,29/11/2024,09:41:09,52435.65,52440.9,15,52444.55,45,15,2127975
BANKNIFTY-I.NFO,29/11/2024,09:41:10,52428.6,52427.45,120,52435,195,30,2127975
BANKNIFTY-I.NFO,29/11/2024,09:41:12,52424.25,52424.8,150,52432.3,165,30,2127975
BANKNIFTY-I.NFO,29/11/2024,09:41:13,52432.3,52424.2,120,52432.3,150,15,2127975
BANKNIFTY-I.NFO,29/11/2024,09:41:15,52424.2,52424.25,15,52430.35,45,15,2127975
BANKNIFTY-I.NFO,29/11/2024,09:41:17,52424.1,52424,30,52426.65,30,135,2127975
BANKNIFTY-I.NFO,29/11/2024,09:41:18,52426.6,52420,15,52426.6,15,120,2127975
BANKNIFTY-I.NFO,29/11/2024,09:41:20,52415.05,52415.1,75,52424.65,15,210,2127975
BANKNIFTY-I.NFO,29/11/2024,09:41:22,52420.3,52420.3,60,52424,15,30,2127975
BANKNIFTY-I.NFO,29/11/2024,09:41:23,52415.05,52420,15,52423.85,15,75,2127975
BANKNIFTY-I.NFO,29/11/2024,09:41:25,52406.25,52415.05,45,52421.3,15,210,2127975
BANKNIFTY-I.NFO,29/11/2024,09:41:26,52415.7,52415.05,45,52420,15,30,2127975
BANKNIFTY-I.NFO,29/11/2024,09:41:28,52420,52410.1,45,52425.15,45,630,2127975
BANKNIFTY-I.NFO,29/11/2024,09:41:30,52411.55,52409.7,45,52425.35,15,30,2127975
BANKNIFTY-I.NFO,29/11/2024,09:41:31,52411.55,52409.2,45,52424.35,30,0,2127975
BANKNIFTY-I.NFO,29/11/2024,09:41:33,52411.55,52410,15,52423.75,15,0,2127975
BANKNIFTY-I.NFO,29/11/2024,09:41:36,52415,52410,15,52419.6,60,15,2127975
BANKNIFTY-I.NFO,29/11/2024,09:41:38,52419.5,52411,15,52419.45,15,15,2127975
BANKNIFTY-I.NFO,29/11/2024,09:41:39,52419.5,52411,15,52419.65,75,0,2127975
BANKNIFTY-I.NFO,29/11/2024,09:41:41,52419.5,52411,15,52420.5,135,0,2127975
BANKNIFTY-I.NFO,29/11/2024,09:41:42,52419.5,52419.6,15,52421,150,0,2127975
BANKNIFTY-I.NFO,29/11/2024,09:41:44,52410,52410,60,52418.95,120,120,2127975
BANKNIFTY-I.NFO,29/11/2024,09:41:46,52410,52410,60,52411.55,165,0,2127975
BANKNIFTY-I.NFO,29/11/2024,09:41:47,52401,52401,135,52411.5,30,210,2127975
BANKNIFTY-I.NFO,29/11/2024,09:41:49,52404.2,52401,120,52401.55,15,135,2127975
BANKNIFTY-I.NFO,29/11/2024,09:41:50,52401,52401,105,52401.95,15,30,2128485
BANKNIFTY-I.NFO,29/11/2024,09:41:52,52401,52401,75,52405,90,75,2128485
BANKNIFTY-I.NFO,29/11/2024,09:41:54,52401,52401,75,52406.35,75,15,2128485
BANKNIFTY-I.NFO,29/11/2024,09:41:55,52401,52401,75,52404.7,90,0,2128485
BANKNIFTY-I.NFO,29/11/2024,09:41:57,52401,52401,60,52405.45,75,15,2128485
BANKNIFTY-I.NFO,29/11/2024,09:41:59,52394.65,52394.6,45,52398.55,15,315,2128485
BANKNIFTY-I.NFO,29/11/2024,09:42:00,52400,52400,75,52401,30,210,2128485
BANKNIFTY-I.NFO,29/11/2024,09:42:02,52400,52400,45,52401,30,30,2128485
BANKNIFTY-I.NFO,29/11/2024,09:42:03,52390,52388.2,15,52399.6,30,315,2128485
BANKNIFTY-I.NFO,29/11/2024,09:42:05,52401,52390,15,52401,15,90,2128485
BANKNIFTY-I.NFO,29/11/2024,09:42:07,52397.6,52386.95,15,52397.6,45,60,2128485
BANKNIFTY-I.NFO,29/11/2024,09:42:08,52386.95,52385,15,52398.65,60,15,2128485
BANKNIFTY-I.NFO,29/11/2024,09:42:10,52390,52384.55,120,52390,60,120,2128485
BANKNIFTY-I.NFO,29/11/2024,09:42:12,52384.55,52386.15,90,52390,75,45,2128485
BANKNIFTY-I.NFO,29/11/2024,09:42:13,52384.55,52386,15,52390,75,0,2128485
BANKNIFTY-I.NFO,29/11/2024,09:42:15,52384.55,52384.55,30,52390,75,30,2128485
BANKNIFTY-I.NFO,29/11/2024,09:42:16,52384.55,52384.55,30,52385.85,15,0,2128485
BANKNIFTY-I.NFO,29/11/2024,09:42:18,52390.35,52384.55,30,52390.4,30,450,2128485
BANKNIFTY-I.NFO,29/11/2024,09:42:20,52393.65,52382,90,52393.8,15,180,2128485
BANKNIFTY-I.NFO,29/11/2024,09:42:21,52382,52382,60,52390.35,30,30,2128485
BANKNIFTY-I.NFO,29/11/2024,09:42:23,52390.35,52384.55,120,52398.05,45,30,2128485
BANKNIFTY-I.NFO,29/11/2024,09:42:25,52396.65,52383.9,120,52397.65,30,60,2128485
BANKNIFTY-I.NFO,29/11/2024,09:42:26,52386.9,52386.9,120,52399.95,60,60,2128485
BANKNIFTY-I.NFO,29/11/2024,09:42:28,52393.3,52391.7,150,52400,15,135,2128485
BANKNIFTY-I.NFO,29/11/2024,09:42:30,52400,52397.2,90,52404,240,105,2128485
BANKNIFTY-I.NFO,29/11/2024,09:42:31,52409,52401.4,90,52410,30,345,2128485
BANKNIFTY-I.NFO,29/11/2024,09:42:33,52410,52407.5,75,52418.3,300,45,2128485
BANKNIFTY-I.NFO,29/11/2024,09:42:35,52415.9,52404.65,45,52416.4,240,90,2128485
BANKNIFTY-I.NFO,29/11/2024,09:42:36,52418.65,52403.75,45,52417.5,45,75,2128485
BANKNIFTY-I.NFO,29/11/2024,09:42:38,52418.65,52400.35,45,52413.9,15,0,2128485
BANKNIFTY-I.NFO,29/11/2024,09:42:40,52418.65,52401.65,45,52413.8,60,0,2128485
BANKNIFTY-I.NFO,29/11/2024,09:42:41,52413.9,52401.2,45,52415.55,45,210,2128485
BANKNIFTY-I.NFO,29/11/2024,09:42:43,52401.85,52401.9,45,52415.55,45,15,2128485
BANKNIFTY-I.NFO,29/11/2024,09:42:45,52401.85,52402.55,30,52415.55,45,0,2128485
BANKNIFTY-I.NFO,29/11/2024,09:42:46,52401.85,52401.5,30,52415,30,0,2128485
BANKNIFTY-I.NFO,29/11/2024,09:42:48,52401.85,52402.05,30,52414.75,60,0,2128485
BANKNIFTY-I.NFO,29/11/2024,09:42:50,52414.75,52400.7,30,52414.75,60,15,2128485
BANKNIFTY-I.NFO,29/11/2024,09:42:51,52412.75,52398.15,30,52412,60,30,2128485
BANKNIFTY-I.NFO,29/11/2024,09:42:53,52401.9,52402.8,30,52410,15,30,2128485
BANKNIFTY-I.NFO,29/11/2024,09:42:54,52401.9,52403.1,30,52410,15,0,2128485
BANKNIFTY-I.NFO,29/11/2024,09:42:56,52405.6,52405.15,30,52415,90,45,2128485
BANKNIFTY-I.NFO,29/11/2024,09:42:58,52405.6,52407.5,30,52415,90,0,2128485
BANKNIFTY-I.NFO,29/11/2024,09:42:59,52405.6,52407.5,15,52415,90,0,2128485
BANKNIFTY-I.NFO,29/11/2024,09:43:01,52421,52414.5,45,52425,15,180,2128485
BANKNIFTY-I.NFO,29/11/2024,09:43:03,52425.05,52418.25,30,52425.05,120,45,2128485
BANKNIFTY-I.NFO,29/11/2024,09:43:04,52443.8,52428.45,30,52442.85,120,600,2128485
BANKNIFTY-I.NFO,29/11/2024,09:43:06,52440.35,52430.35,15,52444.95,120,45,2128485
BANKNIFTY-I.NFO,29/11/2024,09:43:08,52428.2,52426.55,45,52440.85,120,30,2128485
BANKNIFTY-I.NFO,29/11/2024,09:43:09,52428.95,52440.35,60,52445,150,45,2128485
BANKNIFTY-I.NFO,29/11/2024,09:43:11,52445,52440.35,30,52445,75,105,2128485
BANKNIFTY-I.NFO,29/11/2024,09:43:13,52445,52440.85,15,52444.95,120,120,2128485
BANKNIFTY-I.NFO,29/11/2024,09:43:14,52428.95,52425.05,60,52431.8,120,30,2128485
BANKNIFTY-I.NFO,29/11/2024,09:43:16,52425,52409.45,15,52424.45,120,120,2128485
BANKNIFTY-I.NFO,29/11/2024,09:43:18,52423.5,52415.8,15,52425.05,15,15,2128485
BANKNIFTY-I.NFO,29/11/2024,09:43:19,52432.05,52417.05,15,52431.7,120,30,2128485
BANKNIFTY-I.NFO,29/11/2024,09:43:21,52430.15,52421.05,45,52435.9,120,30,2128485
BANKNIFTY-I.NFO,29/11/2024,09:43:23,52430.15,52423.3,45,52436.6,120,0,2128485
BANKNIFTY-I.NFO,29/11/2024,09:43:24,52436.6,52423.8,45,52436.6,120,15,2128485
BANKNIFTY-I.NFO,29/11/2024,09:43:26,52436.6,52423.1,45,52437.2,135,0,2128485
BANKNIFTY-I.NFO,29/11/2024,09:43:28,52419.4,52420.35,15,52434.15,120,45,2128485
BANKNIFTY-I.NFO,29/11/2024,09:43:29,52434.1,52420.35,60,52433.15,120,15,2128485
BANKNIFTY-I.NFO,29/11/2024,09:43:31,52434.1,52420.35,60,52434.8,120,0,2128485
BANKNIFTY-I.NFO,29/11/2024,09:43:32,52434.3,52420.35,60,52434.2,120,15,2128485
BANKNIFTY-I.NFO,29/11/2024,09:43:34,52420.35,52420.35,30,52429.7,120,15,2128485
BANKNIFTY-I.NFO,29/11/2024,09:43:36,52414.2,52416.7,45,52432.25,135,105,2128485
BANKNIFTY-I.NFO,29/11/2024,09:43:37,52432,52418.3,45,52432,135,15,2128485
BANKNIFTY-I.NFO,29/11/2024,09:43:39,52432,52419.4,15,52433.85,120,0,2128485
BANKNIFTY-I.NFO,29/11/2024,09:43:41,52432,52419.4,15,52432,135,0,2128485
BANKNIFTY-I.NFO,29/11/2024,09:43:42,52432,52419.4,15,52431.85,120,0,2128485
BANKNIFTY-I.NFO,29/11/2024,09:43:44,52432,52419.4,15,52430.95,15,0,2128485
BANKNIFTY-I.NFO,29/11/2024,09:43:45,52432,52419.45,15,52430.95,15,0,2128485
BANKNIFTY-I.NFO,29/11/2024,09:43:47,52432,52419.45,30,52431,30,0,2128485
BANKNIFTY-I.NFO,29/11/2024,09:43:49,52419.45,52419.1,90,52431,45,30,2128485
BANKNIFTY-I.NFO,29/11/2024,09:43:50,52421.45,52424.25,75,52431,45,15,2128485
BANKNIFTY-I.NFO,29/11/2024,09:43:52,52426.2,52424.9,105,52430.15,30,30,2128485
BANKNIFTY-I.NFO,29/11/2024,09:43:53,52431,52431,45,52436,15,45,2128485
BANKNIFTY-I.NFO,29/11/2024,09:43:55,52431,52431,45,52436,15,0,2128485
BANKNIFTY-I.NFO,29/11/2024,09:43:57,52440.5,52431,45,52439.3,120,45,2128485
BANKNIFTY-I.NFO,29/11/2024,09:43:58,52440.5,52431,45,52438.9,120,0,2128485
BANKNIFTY-I.NFO,29/11/2024,09:44:00,52431,52431,45,52440.6,120,15,2128485
BANKNIFTY-I.NFO,29/11/2024,09:44:01,52435,52435,15,52441.55,90,105,2128485
BANKNIFTY-I.NFO,29/11/2024,09:44:03,52442.5,52431,30,52441.25,75,15,2128485
BANKNIFTY-I.NFO,29/11/2024,09:44:05,52433.65,52420.05,15,52433.65,60,105,2128485
BANKNIFTY-I.NFO,29/11/2024,09:44:06,52433.65,52420,15,52432.05,60,30,2128485
BANKNIFTY-I.NFO,29/11/2024,09:44:08,52420,52415.15,15,52421.85,30,75,2128485
BANKNIFTY-I.NFO,29/11/2024,09:44:10,52415.15,52414,15,52419.85,45,15,2128485
BANKNIFTY-I.NFO,29/11/2024,09:44:11,52406.2,52401,30,52414.1,15,30,2128485
BANKNIFTY-I.NFO,29/11/2024,09:44:13,52401.2,52403.05,15,52417.65,45,90,2128485
BANKNIFTY-I.NFO,29/11/2024,09:44:14,52421.1,52403.4,120,52417.95,45,45,2128485
BANKNIFTY-I.NFO,29/11/2024,09:44:16,52421.1,52402.75,120,52418.05,45,0,2128485
BANKNIFTY-I.NFO,29/11/2024,09:44:18,52421.1,52402.4,120,52410,75,0,2128485
BANKNIFTY-I.NFO,29/11/2024,09:44:19,52421.1,52401,30,52405.55,15,0,2128485
BANKNIFTY-I.NFO,29/11/2024,09:44:21,52400,52400,165,52405.55,15,45,2128485
BANKNIFTY-I.NFO,29/11/2024,09:44:22,52400,52400.05,120,52405.55,15,0,2128485
BANKNIFTY-I.NFO,29/11/2024,09:44:24,52405.55,52400,165,52410,75,15,2128485
BANKNIFTY-I.NFO,29/11/2024,09:44:25,52405.55,52400,180,52410,90,0,2128485
BANKNIFTY-I.NFO,29/11/2024,09:44:29,52405.55,52402,15,52409.15,45,0,2128485
BANKNIFTY-I.NFO,29/11/2024,09:44:30,52409.4,52402,15,52408.55,45,15,2128485
BANKNIFTY-I.NFO,29/11/2024,09:44:32,52409.4,52402,30,52407.05,345,0,2128485
BANKNIFTY-I.NFO,29/11/2024,09:44:34,52400,52400,165,52406.65,45,135,2128485
BANKNIFTY-I.NFO,29/11/2024,09:44:35,52404.75,52402,15,52405.1,285,90,2128485
BANKNIFTY-I.NFO,29/11/2024,09:44:37,52402,52402,60,52405.2,15,15,2128485
BANKNIFTY-I.NFO,29/11/2024,09:44:39,52402,52402,60,52410,120,0,2128485
BANKNIFTY-I.NFO,29/11/2024,09:44:40,52402,52402,30,52404,15,30,2128485
BANKNIFTY-I.NFO,29/11/2024,09:44:42,52402,52402,15,52404,15,15,2128485
BANKNIFTY-I.NFO,29/11/2024,09:44:44,52401,52402,30,52402.25,15,30,2128485
BANKNIFTY-I.NFO,29/11/2024,09:44:45,52410,52401,180,52402,15,120,2128485
BANKNIFTY-I.NFO,29/11/2024,09:44:47,52402,52401,180,52410,75,15,2128485
BANKNIFTY-I.NFO,29/11/2024,09:44:48,52402,52401,180,52410,105,0,2128485
BANKNIFTY-I.NFO,29/11/2024,09:44:51,52402,52401,195,52409.95,45,0,2128485
BANKNIFTY-I.NFO,29/11/2024,09:44:53,52401,52401,60,52409.1,75,150,2129070
BANKNIFTY-I.NFO,29/11/2024,09:44:55,52401,52401,60,52408.6,300,0,2129070
BANKNIFTY-I.NFO,29/11/2024,09:44:56,52401,52401,60,52410,45,0,2129070
BANKNIFTY-I.NFO,29/11/2024,09:44:58,52409.95,52401,60,52409.95,15,15,2129070
BANKNIFTY-I.NFO,29/11/2024,09:45:00,52400,52400,60,52401,90,165,2129070
BANKNIFTY-I.NFO,29/11/2024,09:45:01,52401,52390,15,52399.95,360,135,2129070
BANKNIFTY-I.NFO,29/11/2024,09:45:03,52398.15,52388,15,52398.15,45,135,2129070
BANKNIFTY-I.NFO,29/11/2024,09:45:04,52400,52400,45,52401,60,105,2129070
BANKNIFTY-I.NFO,29/11/2024,09:45:06,52388.05,52388.05,90,52400.45,300,165,2129070
BANKNIFTY-I.NFO,29/11/2024,09:45:07,52401,52392.55,15,52401,45,90,2129070
BANKNIFTY-I.NFO,29/11/2024,09:45:09,52392.25,52392.55,15,52401,45,15,2129070
BANKNIFTY-I.NFO,29/11/2024,09:45:11,52401,52394.55,30,52406,300,90,2129070
BANKNIFTY-I.NFO,29/11/2024,09:45:12,52407.75,52395.35,30,52407.35,300,15,2129070
BANKNIFTY-I.NFO,29/11/2024,09:45:14,52407.2,52396.3,30,52406.7,45,300,2129070
BANKNIFTY-I.NFO,29/11/2024,09:45:15,52396.8,52400,15,52409,15,30,2129070
BANKNIFTY-I.NFO,29/11/2024,09:45:17,52410,52403.6,30,52414.2,45,120,2129070
BANKNIFTY-I.NFO,29/11/2024,09:45:19,52422.1,52403.6,15,52417.05,120,15,2129070
BANKNIFTY-I.NFO,29/11/2024,09:45:20,52417.1,52405.65,30,52420.25,45,15,2129070
BANKNIFTY-I.NFO,29/11/2024,09:45:22,52404.95,52408.65,75,52423.45,45,45,2129070
BANKNIFTY-I.NFO,29/11/2024,09:45:23,52404.95,52408.65,15,52421.65,60,0,2129070
BANKNIFTY-I.NFO,29/11/2024,09:45:25,52422,52409.2,45,52423.7,45,60,2129070
BANKNIFTY-I.NFO,29/11/2024,09:45:26,52409.25,52409.2,30,52422.65,45,60,2129070
BANKNIFTY-I.NFO,29/11/2024,09:45:28,52406.2,52409.2,30,52417.25,45,90,2129070
BANKNIFTY-I.NFO,29/11/2024,09:45:30,52418.05,52409.2,30,52417.35,120,30,2129070
BANKNIFTY-I.NFO,29/11/2024,09:45:31,52409.2,52409.2,15,52410.85,120,30,2129070
BANKNIFTY-I.NFO,29/11/2024,09:45:33,52409.2,52409.25,30,52412.15,120,0,2129070
BANKNIFTY-I.NFO,29/11/2024,09:45:34,52409.2,52409.25,60,52413.05,120,0,2129070
BANKNIFTY-I.NFO,29/11/2024,09:45:36,52413.6,52409.25,60,52413.6,120,75,2129070
BANKNIFTY-I.NFO,29/11/2024,09:45:37,52412.45,52409.25,45,52412.45,45,120,2129070
BANKNIFTY-I.NFO,29/11/2024,09:45:39,52412.45,52409.25,45,52415.3,45,0,2129070
BANKNIFTY-I.NFO,29/11/2024,09:45:40,52409.25,52409.25,30,52417.05,30,30,2129070
BANKNIFTY-I.NFO,29/11/2024,09:45:42,52417.1,52412.45,15,52420.75,60,15,2129070
BANKNIFTY-I.NFO,29/11/2024,09:45:44,52417.1,52412.45,45,52420.7,45,0,2129070
BANKNIFTY-I.NFO,29/11/2024,09:45:45,52420.7,52412.45,45,52420.65,45,30,2129070
BANKNIFTY-I.NFO,29/11/2024,09:45:47,52412.45,52412.45,15,52420.65,30,45,2129070
BANKNIFTY-I.NFO,29/11/2024,09:45:48,52417.95,52412.45,15,52417.95,15,60,2129070
BANKNIFTY-I.NFO,29/11/2024,09:45:50,52417.95,52412.45,60,52419.9,30,0,2129070
BANKNIFTY-I.NFO,29/11/2024,09:45:51,52417.95,52413.55,30,52420,165,0,2129070
BANKNIFTY-I.NFO,29/11/2024,09:45:53,52420,52415.3,30,52420,150,15,2129070
BANKNIFTY-I.NFO,29/11/2024,09:45:54,52420,52415.3,90,52419.9,75,75,2129070
BANKNIFTY-I.NFO,29/11/2024,09:45:56,52415.3,52412.45,15,52418.05,45,150,2129070
BANKNIFTY-I.NFO,29/11/2024,09:45:57,52415.3,52412.45,15,52417.75,75,0,2129070
BANKNIFTY-I.NFO,29/11/2024,09:45:59,52415.3,52412.45,15,52418.65,30,0,2129070
BANKNIFTY-I.NFO,29/11/2024,09:46:01,52415.3,52412.45,15,52416.6,270,105,2129070
BANKNIFTY-I.NFO,29/11/2024,09:46:02,52415.3,52412.45,15,52416.05,270,0,2129070
BANKNIFTY-I.NFO,29/11/2024,09:46:04,52416.05,52412.45,15,52415.65,270,90,2129070
BANKNIFTY-I.NFO,29/11/2024,09:46:05,52416.05,52412.45,15,52415.85,270,0,2129070
BANKNIFTY-I.NFO,29/11/2024,09:46:07,52412.45,52412,15,52415.8,270,15,2129070
BANKNIFTY-I.NFO,29/11/2024,09:46:08,52412.45,52412,15,52416.05,15,0,2129070
BANKNIFTY-I.NFO,29/11/2024,09:46:10,52410,52409.2,15,52416.05,15,30,2129070
BANKNIFTY-I.NFO,29/11/2024,09:46:11,52416.05,52409,75,52416.05,30,60,2129070
BANKNIFTY-I.NFO,29/11/2024,09:46:13,52409,52405,120,52416,45,75,2129070
BANKNIFTY-I.NFO,29/11/2024,09:46:15,52405,52404.2,15,52416,45,15,2129070
BANKNIFTY-I.NFO,29/11/2024,09:46:16,52404.55,52404.25,120,52414.55,45,15,2129070
BANKNIFTY-I.NFO,29/11/2024,09:46:18,52404.55,52409,60,52416.05,30,0,2129070
BANKNIFTY-I.NFO,29/11/2024,09:46:19,52417.85,52409,45,52417.85,15,105,2129070
BANKNIFTY-I.NFO,29/11/2024,09:46:21,52410,52409,45,52412.45,15,15,2129070
BANKNIFTY-I.NFO,29/11/2024,09:46:23,52410,52409,45,52412.45,15,0,2129070
BANKNIFTY-I.NFO,29/11/2024,09:46:24,52417.85,52410,15,52418,15,900,2129070
BANKNIFTY-I.NFO,29/11/2024,09:46:26,52418,52418,270,52420,150,30,2129070
BANKNIFTY-I.NFO,29/11/2024,09:46:27,52418,52410,15,52417.9,45,270,2129070
BANKNIFTY-I.NFO,29/11/2024,09:46:29,52418,52410.05,15,52417.15,45,0,2129070
BANKNIFTY-I.NFO,29/11/2024,09:46:31,52418,52410.05,15,52417.25,45,0,2129070
BANKNIFTY-I.NFO,29/11/2024,09:46:32,52409,52409,30,52416.35,45,60,2129070
BANKNIFTY-I.NFO,29/11/2024,09:46:34,52409,52410,15,52418,45,0,2129070
BANKNIFTY-I.NFO,29/11/2024,09:46:35,52410,52409,30,52416.7,75,15,2129070
BANKNIFTY-I.NFO,29/11/2024,09:46:37,52409,52404.2,15,52415.35,45,30,2129070
BANKNIFTY-I.NFO,29/11/2024,09:46:39,52415.35,52404.3,135,52409,15,45,2129070
BANKNIFTY-I.NFO,29/11/2024,09:46:40,52415.35,52404.5,135,52409,15,0,2129070
BANKNIFTY-I.NFO,29/11/2024,09:46:42,52415.35,52404.6,120,52409,15,0,2129070
BANKNIFTY-I.NFO,29/11/2024,09:46:43,52409,52407.1,120,52415,15,870,2129070
BANKNIFTY-I.NFO,29/11/2024,09:46:45,52415,52415,15,52419,45,45,2129070
BANKNIFTY-I.NFO,29/11/2024,09:46:47,52415,52408.75,105,52419,30,30,2129070
BANKNIFTY-I.NFO,29/11/2024,09:46:48,52415,52407.35,105,52419,30,0,2129070
BANKNIFTY-I.NFO,29/11/2024,09:46:50,52419,52419,75,52420,150,45,2129070
BANKNIFTY-I.NFO,29/11/2024,09:46:52,52420,52413.1,75,52421,30,255,2129070
BANKNIFTY-I.NFO,29/11/2024,09:46:53,52420,52415.05,75,52421,30,0,2129070
BANKNIFTY-I.NFO,29/11/2024,09:46:55,52417.3,52416.8,60,52425,30,45,2129070
BANKNIFTY-I.NFO,29/11/2024,09:46:56,52427,52421.6,60,52430,15,45,2129070
BANKNIFTY-I.NFO,29/11/2024,09:46:58,52427,52418.3,60,52430,15,0,2129070
BANKNIFTY-I.NFO,29/11/2024,09:47:00,52427,52415,30,52427.2,120,0,2129070
BANKNIFTY-I.NFO,29/11/2024,09:47:01,52426.4,52415,30,52425.8,120,15,2129070
BANKNIFTY-I.NFO,29/11/2024,09:47:03,52431.7,52425.8,15,52431.95,120,150,2129070
BANKNIFTY-I.NFO,29/11/2024,09:47:05,52429.15,52418.1,120,52431.9,75,60,2129070
BANKNIFTY-I.NFO,29/11/2024,09:47:06,52431.8,52420,30,52432.25,60,15,2129070
BANKNIFTY-I.NFO,29/11/2024,09:47:08,52432.25,52420,60,52432.25,45,15,2129070
BANKNIFTY-I.NFO,29/11/2024,09:47:10,52432.25,52430.2,15,52433.85,45,0,2129070
BANKNIFTY-I.NFO,29/11/2024,09:47:11,52433.9,52432.25,15,52435,15,120,2129070
BANKNIFTY-I.NFO,29/11/2024,09:47:13,52436.9,52432.25,30,52437.65,60,210,2129070
BANKNIFTY-I.NFO,29/11/2024,09:47:15,52429.95,52429.95,15,52436.8,45,45,2129070
BANKNIFTY-I.NFO,29/11/2024,09:47:16,52429.95,52429.95,30,52439.5,15,0,2129070
BANKNIFTY-I.NFO,29/11/2024,09:47:18,52429.95,52429.95,30,52438.9,30,0,2129070
BANKNIFTY-I.NFO,29/11/2024,09:47:19,52429.95,52429.95,30,52439.95,15,0,2129070
BANKNIFTY-I.NFO,29/11/2024,09:47:21,52429.95,52429.95,30,52437.2,15,0,2129070
BANKNIFTY-I.NFO,29/11/2024,09:47:23,52433.7,52429.95,15,52435,15,15,2129070
BANKNIFTY-I.NFO,29/11/2024,09:47:24,52433.7,52430.3,15,52435,15,0,2129070
BANKNIFTY-I.NFO,29/11/2024,09:47:26,52430.3,52429.95,15,52435,15,15,2129070
BANKNIFTY-I.NFO,29/11/2024,09:47:27,52439.9,52429.95,30,52440,225,45,2129070
BANKNIFTY-I.NFO,29/11/2024,09:47:29,52440,52429.95,30,52440,165,60,2129070
BANKNIFTY-I.NFO,29/11/2024,09:47:31,52429.95,52430.3,30,52440,165,15,2129070
BANKNIFTY-I.NFO,29/11/2024,09:47:32,52429.95,52430.3,30,52440,165,0,2129070
BANKNIFTY-I.NFO,29/11/2024,09:47:34,52429.95,52437.55,15,52440,165,0,2129070
BANKNIFTY-I.NFO,29/11/2024,09:47:36,52429.95,52438.5,15,52440,165,0,2129070
BANKNIFTY-I.NFO,29/11/2024,09:47:37,52429.95,52437.65,15,52439,30,0,2129070
BANKNIFTY-I.NFO,29/11/2024,09:47:39,52426.3,52425,30,52437.2,45,75,2129070
BANKNIFTY-I.NFO,29/11/2024,09:47:41,52426.3,52425,45,52438.65,45,0,2129070
BANKNIFTY-I.NFO,29/11/2024,09:47:43,52429.95,52426.4,15,52436.65,15,30,2129070
BANKNIFTY-I.NFO,29/11/2024,09:47:44,52429.95,52426.3,30,52430,15,0,2129070
BANKNIFTY-I.NFO,29/11/2024,09:47:46,52426.3,52425,45,52430,15,15,2129070
BANKNIFTY-I.NFO,29/11/2024,09:47:47,52425,52425,30,52430,15,15,2129070
BANKNIFTY-I.NFO,29/11/2024,09:47:49,52433.8,52425,15,52434.7,45,45,2129070
BANKNIFTY-I.NFO,29/11/2024,09:47:51,52439,52427.1,45,52439,15,15,2129490
BANKNIFTY-I.NFO,29/11/2024,09:47:52,52440,52427.45,60,52440,120,60,2129490
BANKNIFTY-I.NFO,29/11/2024,09:47:54,52427.45,52427.45,30,52439.95,30,15,2129490
BANKNIFTY-I.NFO,29/11/2024,09:47:56,52427.45,52427.5,60,52439.95,75,0,2129490
BANKNIFTY-I.NFO,29/11/2024,09:47:57,52427.45,52427.5,45,52439,15,0,2129490
BANKNIFTY-I.NFO,29/11/2024,09:47:59,52439.4,52437.6,15,52439.4,15,30,2129490
BANKNIFTY-I.NFO,29/11/2024,09:48:00,52436.65,52425,105,52437,15,135,2129490
BANKNIFTY-I.NFO,29/11/2024,09:48:02,52439,52427,45,52439.95,30,630,2129490
BANKNIFTY-I.NFO,29/11/2024,09:48:03,52439,52427.1,45,52439.95,30,0,2129490
BANKNIFTY-I.NFO,29/11/2024,09:48:05,52439,52425,105,52438.8,45,0,2129490
BANKNIFTY-I.NFO,29/11/2024,09:48:06,52426.15,52426.65,30,52439.95,30,105,2129490
BANKNIFTY-I.NFO,29/11/2024,09:48:08,52426.15,52426.65,30,52439.95,30,0,2129490
BANKNIFTY-I.NFO,29/11/2024,09:48:09,52439.95,52426.25,45,52439,15,60,2129490
BANKNIFTY-I.NFO,29/11/2024,09:48:11,52439,52439,30,52440,105,15,2129490
BANKNIFTY-I.NFO,29/11/2024,09:48:13,52439,52439,15,52440,120,15,2129490
BANKNIFTY-I.NFO,29/11/2024,09:48:14,52439,52429.05,45,52440,90,45,2129490
BANKNIFTY-I.NFO,29/11/2024,09:48:16,52439,52428.05,45,52440,90,0,2129490
BANKNIFTY-I.NFO,29/11/2024,09:48:17,52439,52426.35,45,52440,90,0,2129490
BANKNIFTY-I.NFO,29/11/2024,09:48:19,52439,52425,120,52434.85,15,0,2129490
BANKNIFTY-I.NFO,29/11/2024,09:48:21,52439,52425,120,52427.15,15,0,2129490
BANKNIFTY-I.NFO,29/11/2024,09:48:22,52434.2,52425,120,52434.1,45,30,2129490
BANKNIFTY-I.NFO,29/11/2024,09:48:24,52435.15,52430,30,52436.6,30,45,2129490
BANKNIFTY-I.NFO,29/11/2024,09:48:25,52430,52430,30,52433.3,75,15,2129490
BANKNIFTY-I.NFO,29/11/2024,09:48:27,52426.5,52420,60,52427.25,45,315,2129490
BANKNIFTY-I.NFO,29/11/2024,09:48:28,52400,52404.7,45,52417.5,45,465,2129490
BANKNIFTY-I.NFO,29/11/2024,09:48:30,52400,52404,120,52417.5,45,0,2129490
BANKNIFTY-I.NFO,29/11/2024,09:48:32,52416.3,52404.05,15,52413,120,15,2129490
BANKNIFTY-I.NFO,29/11/2024,09:48:33,52416.3,52404.05,30,52412.85,120,0,2129490
BANKNIFTY-I.NFO,29/11/2024,09:48:35,52416.3,52404.05,30,52412.25,120,0,2129490
BANKNIFTY-I.NFO,29/11/2024,09:48:36,52416.3,52404.05,30,52412.55,120,0,2129490
BANKNIFTY-I.NFO,29/11/2024,09:48:38,52414,52405.5,15,52419.35,60,195,2129490
BANKNIFTY-I.NFO,29/11/2024,09:48:39,52413,52405.5,30,52415.1,45,15,2129490
BANKNIFTY-I.NFO,29/11/2024,09:48:41,52405.5,52405.5,15,52413.15,30,15,2129490
BANKNIFTY-I.NFO,29/11/2024,09:48:43,52410.75,52405,15,52412.75,300,90,2129490
BANKNIFTY-I.NFO,29/11/2024,09:48:44,52410.75,52405,15,52413.05,45,0,2129490
BANKNIFTY-I.NFO,29/11/2024,09:48:46,52413,52405,30,52413,60,15,2129490
BANKNIFTY-I.NFO,29/11/2024,09:48:47,52413,52405,30,52410,15,30,2129490
BANKNIFTY-I.NFO,29/11/2024,09:48:49,52408,52405.05,15,52410,15,15,2129490
BANKNIFTY-I.NFO,29/11/2024,09:48:50,52408,52405.1,15,52410,15,0,2129490
BANKNIFTY-I.NFO,29/11/2024,09:48:52,52410.65,52405.1,15,52411.85,300,45,2129490
BANKNIFTY-I.NFO,29/11/2024,09:48:53,52405.1,52406.05,15,52412.25,45,15,2129490
BANKNIFTY-I.NFO,29/11/2024,09:48:55,52412.2,52406.1,30,52411.2,300,45,2129490
BANKNIFTY-I.NFO,29/11/2024,09:48:57,52412.2,52406.1,45,52412.55,45,0,2129490
BANKNIFTY-I.NFO,29/11/2024,09:48:58,52413,52412.55,45,52416.3,300,135,2129490
BANKNIFTY-I.NFO,29/11/2024,09:49:00,52419.95,52412.55,30,52417.95,15,345,2129490
BANKNIFTY-I.NFO,29/11/2024,09:49:01,52406.2,52406.15,15,52415.8,90,60,2129490
BANKNIFTY-I.NFO,29/11/2024,09:49:03,52414.7,52406.15,15,52413.35,60,15,2129490
BANKNIFTY-I.NFO,29/11/2024,09:49:05,52413.05,52406.2,30,52412.65,45,30,2129490
BANKNIFTY-I.NFO,29/11/2024,09:49:06,52413.05,52406.2,30,52412.65,45,0,2129490
BANKNIFTY-I.NFO,29/11/2024,09:49:08,52406.15,52406.15,15,52412.25,45,495,2129490
BANKNIFTY-I.NFO,29/11/2024,09:49:10,52414.75,52412,15,52414.8,15,90,2129490
