Ticker,Date,Time,LTP,BuyPrice,BuyQty,SellPrice,SellQty,LTQ,OpenInterest
NIFTY-III.NFO,08/01/2025,09:15:11,24050,24062.7,375,24071.6,150,75,263400
NIFTY-III.NFO,08/01/2025,09:15:11,24050,24062.7,375,24071.6,150,0,263400
NIFTY-III.NFO,08/01/2025,09:15:11,24050,24062.7,375,24071.6,150,0,263400
NIFTY-III.NFO,08/01/2025,09:15:11,24050,24062.7,375,24071.6,150,0,263400
NIFTY-III.NFO,08/01/2025,09:15:13,24050,24057.3,150,24072.95,150,0,263400
NIFTY-III.NFO,08/01/2025,09:15:14,24050,24065.55,150,24073,75,0,263400
NIFTY-III.NFO,08/01/2025,09:15:16,24050,24065.1,150,24073,75,0,263400
NIFTY-III.NFO,08/01/2025,09:15:17,24050,24061.8,150,24072.95,150,0,263400
NIFTY-III.NFO,08/01/2025,09:15:19,24050,24062.8,375,24073,75,0,263400
NIFTY-III.NFO,08/01/2025,09:15:21,24050,24065.7,375,24072.95,150,0,263400
NIFTY-III.NFO,08/01/2025,09:15:22,24050,24060.95,150,24072.55,150,0,263400
NIFTY-III.NFO,08/01/2025,09:15:24,24060.85,24061.15,75,24072.55,150,75,263400
NIFTY-III.NFO,08/01/2025,09:15:24,24060.85,24061.15,75,24072.55,150,0,263400
NIFTY-III.NFO,08/01/2025,09:15:26,24060.85,24063.25,75,24072.75,150,0,263400
NIFTY-III.NFO,08/01/2025,09:15:27,24059.15,24059.15,300,24072.1,150,600,263400
NIFTY-III.NFO,08/01/2025,09:15:27,24063.2,24059.15,300,24072.1,150,0,263400
NIFTY-III.NFO,08/01/2025,09:15:29,24059.15,24060.9,375,24072.75,150,0,263400
NIFTY-III.NFO,08/01/2025,09:15:31,24061.6,24061.6,150,24072.75,150,300,263400
NIFTY-III.NFO,08/01/2025,09:15:32,24061.6,24059.35,75,24074.5,150,0,263400
NIFTY-III.NFO,08/01/2025,09:15:34,24061.6,24056.85,75,24070.5,150,0,263400
NIFTY-III.NFO,08/01/2025,09:15:35,24061.6,24057.15,75,24071.4,150,0,263400
NIFTY-III.NFO,08/01/2025,09:15:37,24061.6,24056.25,75,24068.45,150,0,263400
NIFTY-III.NFO,08/01/2025,09:15:39,24061.6,24055.45,75,24068.5,150,0,263400
NIFTY-III.NFO,08/01/2025,09:15:40,24061.6,24051.4,150,24065.75,150,0,263400
NIFTY-III.NFO,08/01/2025,09:15:42,24061.6,24057.75,75,24069,150,0,263400
NIFTY-III.NFO,08/01/2025,09:15:44,24057.75,24056.15,75,24061.6,75,75,263400
NIFTY-III.NFO,08/01/2025,09:15:45,24057.75,24056.2,75,24061.6,75,0,263400
NIFTY-III.NFO,08/01/2025,09:15:47,24057.75,24057.15,75,24061.6,75,0,263400
NIFTY-III.NFO,08/01/2025,09:15:48,24057.75,24053.85,75,24061.6,75,0,263400
NIFTY-III.NFO,08/01/2025,09:15:50,24057.75,24054.75,75,24061.6,75,0,263400
NIFTY-III.NFO,08/01/2025,09:15:52,24057.75,24054.9,75,24057.75,300,0,263400
NIFTY-III.NFO,08/01/2025,09:15:53,24057.75,24055.6,75,24057.75,300,0,263400
NIFTY-III.NFO,08/01/2025,09:15:55,24057.75,24056.9,75,24061.6,150,300,263400
NIFTY-III.NFO,08/01/2025,09:15:57,24057.75,24055.7,75,24061.6,150,0,263400
NIFTY-III.NFO,08/01/2025,09:15:58,24055.7,24057.65,75,24061.6,75,75,263400
NIFTY-III.NFO,08/01/2025,09:16:00,24061.6,24060.8,150,24071.95,150,150,263400
NIFTY-III.NFO,08/01/2025,09:16:01,24061.6,24060.2,75,24071.75,150,0,263400
NIFTY-III.NFO,08/01/2025,09:16:03,24061.6,24065.15,75,24072,75,0,263400
NIFTY-III.NFO,08/01/2025,09:16:05,24061.6,24063.5,75,24071.95,150,0,263400
NIFTY-III.NFO,08/01/2025,09:16:06,24061.6,24060.25,225,24071.95,225,0,263400
NIFTY-III.NFO,08/01/2025,09:16:08,24061.6,24059.45,75,24071.95,225,0,263400
NIFTY-III.NFO,08/01/2025,09:16:10,24058.3,24055.85,150,24068.8,225,75,263400
NIFTY-III.NFO,08/01/2025,09:16:11,24058.3,24055.7,225,24068,150,0,263400
NIFTY-III.NFO,08/01/2025,09:16:13,24058.3,24057.6,75,24070,225,0,263400
NIFTY-III.NFO,08/01/2025,09:16:15,24058.3,24057.15,150,24068.95,225,0,263400
NIFTY-III.NFO,08/01/2025,09:16:16,24058.3,24058.3,75,24069.4,150,0,263400
NIFTY-III.NFO,08/01/2025,09:16:18,24058.3,24059.65,75,24071.45,150,0,263400
NIFTY-III.NFO,08/01/2025,09:16:20,24058.3,24059.65,75,24071.6,150,0,263400
NIFTY-III.NFO,08/01/2025,09:16:21,24058.3,24060.35,150,24071.95,150,0,263400
NIFTY-III.NFO,08/01/2025,09:16:23,24058.3,24059.2,150,24071.95,225,0,263400
NIFTY-III.NFO,08/01/2025,09:16:25,24058.3,24059.95,150,24071.95,225,0,263400
NIFTY-III.NFO,08/01/2025,09:16:26,24060.2,24059.2,150,24070.95,225,150,263400
NIFTY-III.NFO,08/01/2025,09:16:28,24060.2,24058.3,75,24069.25,150,0,263400
NIFTY-III.NFO,08/01/2025,09:16:29,24060.2,24060.2,75,24070.95,150,0,263400
NIFTY-III.NFO,08/01/2025,09:16:31,24060.2,24060.2,75,24070.65,225,0,263400
NIFTY-III.NFO,08/01/2025,09:16:33,24060.2,24060.2,75,24070.95,150,0,263400
NIFTY-III.NFO,08/01/2025,09:16:34,24060.2,24059.1,150,24071.3,225,75,263400
NIFTY-III.NFO,08/01/2025,09:16:36,24060,24059.15,150,24071.95,150,75,263400
NIFTY-III.NFO,08/01/2025,09:16:38,24060,24059.85,150,24071.95,150,0,263400
NIFTY-III.NFO,08/01/2025,09:16:39,24060,24058.3,300,24070.15,225,0,263400
NIFTY-III.NFO,08/01/2025,09:16:41,24060,24058.35,150,24069.65,150,0,263400
NIFTY-III.NFO,08/01/2025,09:16:42,24060,24058.45,150,24069.65,150,0,263400
NIFTY-III.NFO,08/01/2025,09:16:44,24060,24058.45,150,24069.15,150,0,263400
NIFTY-III.NFO,08/01/2025,09:16:46,24060,24058.45,150,24069.7,225,0,263400
NIFTY-III.NFO,08/01/2025,09:16:47,24060,24058.3,300,24069.15,225,0,263400
NIFTY-III.NFO,08/01/2025,09:16:49,24060,24058.3,300,24067.4,300,0,263400
NIFTY-III.NFO,08/01/2025,09:16:51,24060,24058.3,300,24066.5,225,0,263400
NIFTY-III.NFO,08/01/2025,09:16:52,24060,24058.3,300,24067.95,150,0,263400
NIFTY-III.NFO,08/01/2025,09:16:54,24060,24058.3,300,24067.75,375,0,263400
NIFTY-III.NFO,08/01/2025,09:16:55,24060,24058.3,300,24066.45,150,0,263400
NIFTY-III.NFO,08/01/2025,09:16:57,24060,24058.3,300,24065.55,75,0,263400
NIFTY-III.NFO,08/01/2025,09:16:59,24060,24058.3,300,24064.3,150,0,263400
NIFTY-III.NFO,08/01/2025,09:17:00,24060,24058.3,300,24063.4,150,0,263400
NIFTY-III.NFO,08/01/2025,09:17:02,24060,24058.3,300,24063.45,75,0,263400
NIFTY-III.NFO,08/01/2025,09:17:14,24060,24058.3,300,24063,75,0,263400
NIFTY-III.NFO,08/01/2025,09:17:17,24060,24058.3,300,24062,75,0,263400
NIFTY-III.NFO,08/01/2025,09:17:22,24060,24060,375,24061,75,0,263400
NIFTY-III.NFO,08/01/2025,09:17:24,24060,24060,150,24061,75,225,263400
NIFTY-III.NFO,08/01/2025,09:17:25,24060,24060,150,24061,75,0,263400
NIFTY-III.NFO,08/01/2025,09:17:29,24066.8,24060,150,24065.95,150,750,263400
NIFTY-III.NFO,08/01/2025,09:17:29,24066.8,24060,150,24065.95,150,0,263400
NIFTY-III.NFO,08/01/2025,09:17:30,24066.8,24060.05,225,24065.2,75,0,263400
NIFTY-III.NFO,08/01/2025,09:17:32,24066.8,24060,150,24065.2,75,0,263400
NIFTY-III.NFO,08/01/2025,09:17:33,24066.8,24060.05,150,24065.2,75,0,263400
NIFTY-III.NFO,08/01/2025,09:17:35,24066.8,24060,150,24063.65,150,0,263400
NIFTY-III.NFO,08/01/2025,09:17:37,24060,24060,75,24063.35,225,75,263400
NIFTY-III.NFO,08/01/2025,09:17:38,24060,24060,75,24063.35,225,0,263400
NIFTY-III.NFO,08/01/2025,09:17:42,24060,24058.3,300,24062.45,225,75,263400
NIFTY-III.NFO,08/01/2025,09:17:43,24058.3,24058.3,225,24061.95,150,75,263400
NIFTY-III.NFO,08/01/2025,09:17:45,24058.3,24055.7,75,24059.65,150,300,263400
NIFTY-III.NFO,08/01/2025,09:17:47,24058.3,24055.7,75,24059.65,150,0,263400
NIFTY-III.NFO,08/01/2025,09:17:48,24058.3,24055.7,75,24060.4,225,0,263400
NIFTY-III.NFO,08/01/2025,09:17:50,24059.2,24055.7,75,24060.65,75,75,263400
NIFTY-III.NFO,08/01/2025,09:17:52,24059.2,24055.7,75,24058.3,75,0,263400
NIFTY-III.NFO,08/01/2025,09:17:55,24061.05,24055.7,75,24062.05,150,375,263400
NIFTY-III.NFO,08/01/2025,09:17:57,24061.05,24055.75,150,24062,75,0,263400
NIFTY-III.NFO,08/01/2025,09:18:03,24061.05,24056.85,150,24062,75,0,263400
NIFTY-III.NFO,08/01/2025,09:18:05,24061.05,24058.2,150,24062,75,0,263400
NIFTY-III.NFO,08/01/2025,09:18:07,24061.05,24058.3,225,24065.55,75,0,263400
NIFTY-III.NFO,08/01/2025,09:18:08,24061.05,24057.2,225,24065.55,75,0,263400
NIFTY-III.NFO,08/01/2025,09:18:10,24061.05,24055.75,150,24064.3,150,0,263400
NIFTY-III.NFO,08/01/2025,09:18:12,24055.85,24055.85,300,24063.45,75,75,263400
NIFTY-III.NFO,08/01/2025,09:18:13,24055.85,24058.4,150,24063.45,75,0,263400
NIFTY-III.NFO,08/01/2025,09:18:15,24055.85,24058.8,150,24063.45,75,0,263400
NIFTY-III.NFO,08/01/2025,09:18:17,24055.85,24057.95,150,24063.45,75,0,263400
NIFTY-III.NFO,08/01/2025,09:18:18,24055.85,24056.95,150,24063.45,75,0,263400
NIFTY-III.NFO,08/01/2025,09:18:20,24055.85,24055.9,150,24063.4,75,0,263400
NIFTY-III.NFO,08/01/2025,09:18:22,24055.85,24058.65,225,24063.45,75,300,263400
NIFTY-III.NFO,08/01/2025,09:18:23,24055.85,24058.4,225,24063.45,75,0,263400
NIFTY-III.NFO,08/01/2025,09:18:25,24055.85,24059.35,75,24063.45,75,0,263400
NIFTY-III.NFO,08/01/2025,09:18:27,24061.35,24060.8,150,24065.6,75,300,264900
NIFTY-III.NFO,08/01/2025,09:18:28,24062,24060.55,525,24065.5,75,900,264900
NIFTY-III.NFO,08/01/2025,09:18:30,24062,24060.6,150,24065.2,75,0,264900
NIFTY-III.NFO,08/01/2025,09:18:32,24065.2,24061.15,225,24069.95,75,450,264900
NIFTY-III.NFO,08/01/2025,09:18:33,24065.2,24062.95,300,24071,75,0,264900
NIFTY-III.NFO,08/01/2025,09:18:35,24065.2,24060.35,450,24069,150,0,264900
NIFTY-III.NFO,08/01/2025,09:18:37,24065.2,24058.15,150,24067.4,150,0,264900
NIFTY-III.NFO,08/01/2025,09:18:38,24065.2,24060,150,24068.85,150,0,264900
NIFTY-III.NFO,08/01/2025,09:18:40,24065.2,24059.25,150,24065.2,75,0,264900
NIFTY-III.NFO,08/01/2025,09:18:42,24065.2,24058.4,150,24065.2,75,0,264900
NIFTY-III.NFO,08/01/2025,09:18:43,24065.2,24057.65,150,24065.15,150,0,264900
NIFTY-III.NFO,08/01/2025,09:18:45,24064.25,24056,150,24063.65,150,75,264900
NIFTY-III.NFO,08/01/2025,09:18:47,24064.25,24057.45,225,24065.15,150,0,264900
NIFTY-III.NFO,08/01/2025,09:18:48,24064.25,24058.35,75,24065.15,150,0,264900
NIFTY-III.NFO,08/01/2025,09:18:50,24064.25,24058,75,24066.9,150,0,264900
NIFTY-III.NFO,08/01/2025,09:18:52,24064.25,24059.7,75,24066.45,75,0,264900
NIFTY-III.NFO,08/01/2025,09:18:53,24064.25,24058.85,75,24066.25,150,0,264900
NIFTY-III.NFO,08/01/2025,09:18:55,24064.25,24057.85,75,24064.95,150,0,264900
NIFTY-III.NFO,08/01/2025,09:18:58,24064.25,24057.85,75,24064.9,75,0,264900
NIFTY-III.NFO,08/01/2025,09:19:00,24064.25,24056.05,75,24064.65,150,0,264900
NIFTY-III.NFO,08/01/2025,09:19:02,24064.25,24056,150,24063.5,150,0,264900
NIFTY-III.NFO,08/01/2025,09:19:03,24062,24055.75,75,24064.95,150,150,264900
NIFTY-III.NFO,08/01/2025,09:19:05,24062,24055.75,75,24064.8,150,0,264900
NIFTY-III.NFO,08/01/2025,09:19:07,24062,24057.15,75,24066,150,0,264900
NIFTY-III.NFO,08/01/2025,09:19:08,24062,24056.1,75,24064.2,300,0,264900
NIFTY-III.NFO,08/01/2025,09:19:10,24062,24058.9,300,24067.2,150,0,264900
NIFTY-III.NFO,08/01/2025,09:19:12,24067.2,24057.25,150,24066.7,150,75,264900
NIFTY-III.NFO,08/01/2025,09:19:12,24067.2,24057.25,150,24066.7,150,0,264900
NIFTY-III.NFO,08/01/2025,09:19:13,24067.2,24055.75,150,24065.4,150,0,264900
NIFTY-III.NFO,08/01/2025,09:19:15,24067.2,24055.75,150,24064.4,150,0,264900
NIFTY-III.NFO,08/01/2025,09:19:17,24067.2,24060,75,24065.4,150,0,264900
NIFTY-III.NFO,08/01/2025,09:19:18,24067.2,24060,75,24064.25,150,0,264900
NIFTY-III.NFO,08/01/2025,09:19:20,24067.2,24060,75,24062.7,150,0,264900
NIFTY-III.NFO,08/01/2025,09:19:22,24060,24055.7,75,24060.65,150,75,264900
NIFTY-III.NFO,08/01/2025,09:19:23,24060,24055.7,75,24061.95,150,0,264900
NIFTY-III.NFO,08/01/2025,09:19:25,24060,24055.7,75,24062,150,0,264900
NIFTY-III.NFO,08/01/2025,09:19:27,24060,24055.7,75,24060.3,150,0,264900
NIFTY-III.NFO,08/01/2025,09:19:28,24060,24055.7,75,24061.85,150,0,264900
NIFTY-III.NFO,08/01/2025,09:19:30,24060,24055.7,75,24060.5,150,0,264900
NIFTY-III.NFO,08/01/2025,09:19:32,24060,24055.7,75,24059.65,150,0,264900
NIFTY-III.NFO,08/01/2025,09:19:37,24060,24055.7,75,24059.05,150,0,264900
NIFTY-III.NFO,08/01/2025,09:19:38,24060,24055.7,75,24059.1,150,0,264900
NIFTY-III.NFO,08/01/2025,09:19:40,24055,24053,150,24057.15,150,375,264900
NIFTY-III.NFO,08/01/2025,09:19:42,24055,24053,150,24057.15,150,0,264900
NIFTY-III.NFO,08/01/2025,09:19:43,24055,24053,150,24056.7,225,0,264900
NIFTY-III.NFO,08/01/2025,09:19:45,24055,24053,150,24056.9,150,0,264900
NIFTY-III.NFO,08/01/2025,09:19:47,24055,24053,150,24056.05,225,0,264900
NIFTY-III.NFO,08/01/2025,09:19:48,24053,24053,75,24056,150,75,264900
NIFTY-III.NFO,08/01/2025,09:19:50,24053,24053,75,24056.05,150,0,264900
NIFTY-III.NFO,08/01/2025,09:19:52,24053,24053,75,24057.95,150,0,264900
NIFTY-III.NFO,08/01/2025,09:19:53,24053,24053,75,24055,150,0,264900
NIFTY-III.NFO,08/01/2025,09:19:57,24053,24051.15,75,24055,150,75,264900
NIFTY-III.NFO,08/01/2025,09:19:58,24053,24051.2,150,24055,150,0,264900
NIFTY-III.NFO,08/01/2025,09:20:00,24053,24053,75,24054.95,150,0,264900
NIFTY-III.NFO,08/01/2025,09:20:02,24053,24051.15,75,24055,150,75,264900
NIFTY-III.NFO,08/01/2025,09:20:03,24053,24051.15,75,24054.95,150,0,264900
NIFTY-III.NFO,08/01/2025,09:20:05,24053,24051.15,75,24054.6,150,0,264900
NIFTY-III.NFO,08/01/2025,09:20:07,24051.15,24050,375,24052.65,150,75,264900
NIFTY-III.NFO,08/01/2025,09:20:08,24051.15,24050,375,24054.1,150,0,264900
NIFTY-III.NFO,08/01/2025,09:20:10,24051.15,24050,375,24053.35,75,0,264900
NIFTY-III.NFO,08/01/2025,09:20:12,24051.15,24050,375,24053.95,75,0,264900
NIFTY-III.NFO,08/01/2025,09:20:13,24051.15,24050,375,24052.85,75,0,264900
NIFTY-III.NFO,08/01/2025,09:20:15,24051.15,24050,375,24051.15,75,0,264900
NIFTY-III.NFO,08/01/2025,09:20:20,24050,24041.25,150,24049.55,150,375,264900
NIFTY-III.NFO,08/01/2025,09:20:22,24050,24040.45,300,24047.5,75,0,264900
NIFTY-III.NFO,08/01/2025,09:20:24,24050,24044.8,150,24051,75,0,264900
NIFTY-III.NFO,08/01/2025,09:20:25,24050,24046,150,24050,75,0,264900
NIFTY-III.NFO,08/01/2025,09:20:27,24050,24045.65,150,24050,150,0,264900
NIFTY-III.NFO,08/01/2025,09:20:29,24050,24044.55,150,24050,150,0,264900
NIFTY-III.NFO,08/01/2025,09:20:30,24050,24042.65,300,24049.9,150,0,264900
NIFTY-III.NFO,08/01/2025,09:20:32,24050,24043.4,150,24049.9,150,0,264900
NIFTY-III.NFO,08/01/2025,09:20:34,24050,24042.65,150,24050,150,0,264900
NIFTY-III.NFO,08/01/2025,09:20:35,24050,24043.75,150,24050,150,0,264900
NIFTY-III.NFO,08/01/2025,09:20:37,24043.75,24044.05,150,24050,150,75,264900
NIFTY-III.NFO,08/01/2025,09:20:37,24043.75,24044.05,150,24050,150,0,264900
NIFTY-III.NFO,08/01/2025,09:20:39,24043.75,24045.55,225,24050,225,0,264900
NIFTY-III.NFO,08/01/2025,09:20:40,24043.75,24044.95,225,24050,225,0,264900
NIFTY-III.NFO,08/01/2025,09:20:42,24043.75,24044.9,75,24050,225,0,264900
NIFTY-III.NFO,08/01/2025,09:20:44,24043.75,24044.1,75,24050,225,0,264900
NIFTY-III.NFO,08/01/2025,09:20:45,24043.75,24043.9,75,24050,225,0,264900
NIFTY-III.NFO,08/01/2025,09:20:47,24043.75,24046.05,75,24050,225,0,264900
NIFTY-III.NFO,08/01/2025,09:20:49,24046.05,24046,150,24050,450,75,264900
NIFTY-III.NFO,08/01/2025,09:20:50,24046.05,24046,150,24050,450,0,264900
NIFTY-III.NFO,08/01/2025,09:20:52,24046.05,24046,150,24049,75,0,264900
NIFTY-III.NFO,08/01/2025,09:20:54,24046.05,24046,150,24048.6,150,0,264900
NIFTY-III.NFO,08/01/2025,09:20:55,24046.05,24046,150,24048.55,150,0,264900
NIFTY-III.NFO,08/01/2025,09:20:57,24046.05,24046,150,24048.6,150,0,264900
NIFTY-III.NFO,08/01/2025,09:20:59,24046.05,24046,150,24048.05,150,0,264900
NIFTY-III.NFO,08/01/2025,09:21:00,24046.05,24046,150,24048,150,0,264900
NIFTY-III.NFO,08/01/2025,09:21:02,24046.05,24046,150,24047.55,150,0,264900
NIFTY-III.NFO,08/01/2025,09:21:04,24046.05,24046,150,24046.6,150,0,264900
NIFTY-III.NFO,08/01/2025,09:21:05,24046,24039,150,24046.6,150,150,264900
NIFTY-III.NFO,08/01/2025,09:21:07,24046,24045,150,24047.7,75,0,264900
NIFTY-III.NFO,08/01/2025,09:21:09,24046,24045,150,24048.1,150,0,264900
NIFTY-III.NFO,08/01/2025,09:21:10,24045,24045,75,24046,75,75,264900
NIFTY-III.NFO,08/01/2025,09:21:12,24045,24045,75,24046,75,0,264900
NIFTY-III.NFO,08/01/2025,09:21:17,24045,24045,75,24045.95,150,0,264900
NIFTY-III.NFO,08/01/2025,09:21:19,24045,24038.9,75,24044.85,150,75,264900
NIFTY-III.NFO,08/01/2025,09:21:20,24045,24038.9,75,24045.25,150,0,264900
NIFTY-III.NFO,08/01/2025,09:21:22,24045,24038.95,150,24046,75,0,264900
NIFTY-III.NFO,08/01/2025,09:21:24,24045,24039.1,150,24046,75,0,264900
NIFTY-III.NFO,08/01/2025,09:21:25,24045,24039.1,150,24045,75,0,264900
NIFTY-III.NFO,08/01/2025,09:21:27,24045,24039.1,225,24045,75,0,264900
NIFTY-III.NFO,08/01/2025,09:21:29,24045,24039.4,150,24045,75,0,264900
NIFTY-III.NFO,08/01/2025,09:21:32,24045,24039.35,150,24045,75,0,264900
NIFTY-III.NFO,08/01/2025,09:21:34,24045,24039.35,150,24045,150,0,264900
NIFTY-III.NFO,08/01/2025,09:21:37,24045,24039.35,150,24045,75,0,264900
NIFTY-III.NFO,08/01/2025,09:21:38,24045,24040.05,150,24045,75,0,264900
NIFTY-III.NFO,08/01/2025,09:21:43,24045,24040,75,24045,75,0,264900
NIFTY-III.NFO,08/01/2025,09:21:45,24045,24040,75,24044.35,150,75,264900
NIFTY-III.NFO,08/01/2025,09:21:47,24045,24040,75,24042.25,150,0,264900
NIFTY-III.NFO,08/01/2025,09:21:48,24040,24030,75,24036.45,300,75,264900
NIFTY-III.NFO,08/01/2025,09:21:48,24040,24030,75,24036.45,300,0,264900
NIFTY-III.NFO,08/01/2025,09:21:50,24035.25,24030,75,24035.15,300,75,264900
NIFTY-III.NFO,08/01/2025,09:21:50,24035.25,24030,75,24035.15,300,0,264900
NIFTY-III.NFO,08/01/2025,09:21:52,24035.25,24030,75,24034.9,75,0,264900
NIFTY-III.NFO,08/01/2025,09:21:53,24035.25,24030.4,150,24034.9,75,0,264900
NIFTY-III.NFO,08/01/2025,09:21:55,24035.25,24030,75,24034.9,75,0,264900
NIFTY-III.NFO,08/01/2025,09:21:57,24035.25,24030.15,75,24035.15,75,0,264900
NIFTY-III.NFO,08/01/2025,09:21:58,24035.25,24030.15,75,24037.85,150,0,264900
NIFTY-III.NFO,08/01/2025,09:22:00,24030.5,24030,75,24035.2,150,75,264900
NIFTY-III.NFO,08/01/2025,09:22:00,24030.5,24030,75,24035.2,150,0,264900
NIFTY-III.NFO,08/01/2025,09:22:02,24030.5,24030,75,24034.4,150,0,264900
NIFTY-III.NFO,08/01/2025,09:22:03,24030.5,24030,75,24035.25,75,0,264900
NIFTY-III.NFO,08/01/2025,09:22:05,24030.65,24030.7,75,24034.6,75,75,264900
NIFTY-III.NFO,08/01/2025,09:22:07,24030.65,24030,75,24034.6,75,0,264900
NIFTY-III.NFO,08/01/2025,09:22:08,24030.65,24030.05,150,24034.6,75,0,264900
NIFTY-III.NFO,08/01/2025,09:22:10,24030.65,24030,75,24030.65,75,0,264900
NIFTY-III.NFO,08/01/2025,09:22:13,24030.65,24030.05,75,24030.65,75,0,264900
NIFTY-III.NFO,08/01/2025,09:22:15,24034.8,24030.6,75,24033,75,150,264900
NIFTY-III.NFO,08/01/2025,09:22:17,24034.8,24030,75,24033,75,0,264900
NIFTY-III.NFO,08/01/2025,09:22:22,24030,24025,75,24029.8,150,75,264900
NIFTY-III.NFO,08/01/2025,09:22:22,24030,24025,75,24029.8,150,0,264900
NIFTY-III.NFO,08/01/2025,09:22:24,24029.7,24025.15,150,24030.3,75,75,264900
NIFTY-III.NFO,08/01/2025,09:22:24,24029.7,24025.15,150,24030.3,75,0,264900
NIFTY-III.NFO,08/01/2025,09:22:25,24029.7,24025,75,24032.5,300,0,264900
NIFTY-III.NFO,08/01/2025,09:22:27,24029.7,24025,75,24029.6,150,0,264900
NIFTY-III.NFO,08/01/2025,09:22:29,24029.7,24025,75,24030.15,150,0,264900
NIFTY-III.NFO,08/01/2025,09:22:30,24029.7,24025,75,24030.1,75,0,264900
NIFTY-III.NFO,08/01/2025,09:22:32,24029.7,24025,75,24029.6,150,0,264900
NIFTY-III.NFO,08/01/2025,09:22:34,24029.7,24025.5,150,24032.3,150,0,264900
NIFTY-III.NFO,08/01/2025,09:22:35,24029.7,24026.6,150,24032.5,150,0,264900
NIFTY-III.NFO,08/01/2025,09:22:37,24026.2,24026.9,75,24032.9,75,225,264900
NIFTY-III.NFO,08/01/2025,09:22:37,24026.2,24026.9,75,24032.9,75,0,264900
NIFTY-III.NFO,08/01/2025,09:22:39,24026.2,24027.8,225,24033,75,0,264900
NIFTY-III.NFO,08/01/2025,09:22:40,24026.2,24026.25,150,24033,75,0,264900
NIFTY-III.NFO,08/01/2025,09:22:42,24026.2,24026.6,150,24033,75,0,264900
NIFTY-III.NFO,08/01/2025,09:22:44,24026.2,24025.6,150,24032.15,75,0,264900
NIFTY-III.NFO,08/01/2025,09:22:45,24026.2,24025.75,150,24031.65,75,0,264900
NIFTY-III.NFO,08/01/2025,09:22:47,24026.2,24025,150,24031.05,150,0,264900
NIFTY-III.NFO,08/01/2025,09:22:49,24026.2,24025.05,150,24031.15,75,0,264900
NIFTY-III.NFO,08/01/2025,09:22:50,24026.2,24025.8,75,24031.1,75,0,264900
NIFTY-III.NFO,08/01/2025,09:22:52,24026.2,24025.35,75,24030.75,75,0,264900
NIFTY-III.NFO,08/01/2025,09:22:54,24026.2,24025.45,150,24031,150,0,264900
NIFTY-III.NFO,08/01/2025,09:22:55,24026.2,24025.05,150,24030.7,75,0,264900
NIFTY-III.NFO,08/01/2025,09:22:57,24026.2,24025.45,150,24030.45,75,0,264900
NIFTY-III.NFO,08/01/2025,09:22:59,24026.2,24025,75,24030.25,75,0,264900
NIFTY-III.NFO,08/01/2025,09:23:00,24031,24025,75,24030.05,150,150,264900
NIFTY-III.NFO,08/01/2025,09:23:02,24031,24025.05,150,24029.95,75,0,264900
NIFTY-III.NFO,08/01/2025,09:23:05,24031,24026.55,150,24029.95,75,0,264900
NIFTY-III.NFO,08/01/2025,09:23:07,24031,24026.55,150,24029.95,150,0,264900
NIFTY-III.NFO,08/01/2025,09:23:09,24031,24026.2,150,24029.95,150,0,264900
NIFTY-III.NFO,08/01/2025,09:23:10,24031,24025.9,225,24029.95,75,0,264900
NIFTY-III.NFO,08/01/2025,09:23:12,24031,24025.95,150,24029.95,75,0,264900
NIFTY-III.NFO,08/01/2025,09:23:15,24031,24025,75,24029.95,75,0,264900
NIFTY-III.NFO,08/01/2025,09:23:20,24030.2,24025,75,24030.05,75,150,264900
NIFTY-III.NFO,08/01/2025,09:23:22,24030.2,24026.3,75,24030.05,75,0,264900
NIFTY-III.NFO,08/01/2025,09:23:25,24030.2,24025.3,225,24029.85,75,0,264900
NIFTY-III.NFO,08/01/2025,09:23:27,24030.2,24025,375,24029.85,75,0,264900
NIFTY-III.NFO,08/01/2025,09:23:29,24030.2,24025,150,24029.8,75,0,264900
NIFTY-III.NFO,08/01/2025,09:23:30,24030.2,24025,75,24029.7,75,0,264900
NIFTY-III.NFO,08/01/2025,09:23:34,24029.95,24025.15,450,24030.75,75,75,264900
NIFTY-III.NFO,08/01/2025,09:23:35,24029.95,24026.25,150,24031,150,0,264900
NIFTY-III.NFO,08/01/2025,09:23:37,24029.95,24027.75,225,24031,150,0,264900
NIFTY-III.NFO,08/01/2025,09:23:39,24029.95,24028.5,300,24031,150,0,264900
NIFTY-III.NFO,08/01/2025,09:23:40,24029.95,24026.25,225,24031,150,0,264900
NIFTY-III.NFO,08/01/2025,09:23:42,24024.7,24024.55,300,24030.6,150,225,264900
NIFTY-III.NFO,08/01/2025,09:23:42,24024.7,24024.55,300,24030.6,150,0,264900
NIFTY-III.NFO,08/01/2025,09:23:44,24024.7,24024.3,525,24030.5,150,0,264900
NIFTY-III.NFO,08/01/2025,09:23:45,24024.7,24024.4,300,24030.95,150,0,264900
NIFTY-III.NFO,08/01/2025,09:23:47,24024.7,24023.4,300,24030.6,150,0,264900
NIFTY-III.NFO,08/01/2025,09:23:49,24024.7,24021.6,150,24030,150,0,264900
NIFTY-III.NFO,08/01/2025,09:23:50,24024.7,24020.8,225,24028.75,150,0,264900
NIFTY-III.NFO,08/01/2025,09:23:52,24028.35,24021.15,150,24028.4,150,75,264900
NIFTY-III.NFO,08/01/2025,09:23:54,24028.15,24021,75,24028.9,225,75,264900
NIFTY-III.NFO,08/01/2025,09:23:55,24028.15,24021.75,75,24028.25,150,0,264900
NIFTY-III.NFO,08/01/2025,09:23:57,24021.75,24021.6,75,24027.6,150,75,264900
NIFTY-III.NFO,08/01/2025,09:23:57,24021.75,24021.6,75,24027.6,150,0,264900
NIFTY-III.NFO,08/01/2025,09:23:59,24021.75,24021.65,150,24028.5,150,0,264900
NIFTY-III.NFO,08/01/2025,09:24:00,24021.75,24023.55,75,24027.8,150,0,264900
NIFTY-III.NFO,08/01/2025,09:24:02,24021.75,24021.35,150,24028.5,150,0,264900
NIFTY-III.NFO,08/01/2025,09:24:04,24021.75,24022.3,150,24029.25,150,0,264900
NIFTY-III.NFO,08/01/2025,09:24:05,24021.75,24022.3,150,24028.95,150,0,264900
NIFTY-III.NFO,08/01/2025,09:24:07,24021.75,24022.3,150,24028.8,300,0,264900
NIFTY-III.NFO,08/01/2025,09:24:09,24021.75,24022.6,150,24029.1,75,0,264900
NIFTY-III.NFO,08/01/2025,09:24:10,24021.75,24022.7,150,24029.35,150,0,264900
NIFTY-III.NFO,08/01/2025,09:24:12,24021.75,24022.25,75,24028.5,150,0,264900
NIFTY-III.NFO,08/01/2025,09:24:14,24021.75,24025,75,24029.2,150,0,264900
NIFTY-III.NFO,08/01/2025,09:24:15,24021.75,24025,75,24030,450,0,264900
NIFTY-III.NFO,08/01/2025,09:24:19,24021.75,24025,75,24029.8,150,0,264900
NIFTY-III.NFO,08/01/2025,09:24:20,24021.75,24025,75,24029.5,75,0,264900
NIFTY-III.NFO,08/01/2025,09:24:22,24021.75,24025,75,24027.1,75,0,264900
NIFTY-III.NFO,08/01/2025,09:24:24,24021.75,24025,75,24027.45,75,0,264900
NIFTY-III.NFO,08/01/2025,09:24:25,24027.45,24025,75,24027.45,75,75,264900
NIFTY-III.NFO,08/01/2025,09:24:27,24027.45,24025,75,24026.5,75,0,264900
NIFTY-III.NFO,08/01/2025,09:24:29,24025,24020.7,300,24026.5,75,75,265200
NIFTY-III.NFO,08/01/2025,09:24:30,24025,24021.75,75,24026.1,150,0,265200
NIFTY-III.NFO,08/01/2025,09:24:32,24025,24019.9,75,24025.3,150,0,265200
NIFTY-III.NFO,08/01/2025,09:24:34,24025,24019.9,75,24026.2,150,0,265200
NIFTY-III.NFO,08/01/2025,09:24:35,24025,24019.9,75,24024.95,150,0,265200
NIFTY-III.NFO,08/01/2025,09:24:37,24025,24018.7,150,24024.95,150,0,265200
NIFTY-III.NFO,08/01/2025,09:24:39,24025,24019.5,150,24025,75,0,265200
NIFTY-III.NFO,08/01/2025,09:24:40,24025,24020.9,150,24025,75,0,265200
NIFTY-III.NFO,08/01/2025,09:24:42,24020.55,24020.7,225,24025,75,600,265200
NIFTY-III.NFO,08/01/2025,09:24:42,24020.55,24020.7,225,24025,75,0,265200
NIFTY-III.NFO,08/01/2025,09:24:44,24020.55,24020,300,24025,75,0,265200
NIFTY-III.NFO,08/01/2025,09:24:45,24020.55,24021.25,225,24025,75,0,265200
NIFTY-III.NFO,08/01/2025,09:24:49,24021.15,24020.3,225,24026.75,75,150,265200
NIFTY-III.NFO,08/01/2025,09:24:50,24021.15,24021.4,75,24026.75,75,0,265200
NIFTY-III.NFO,08/01/2025,09:24:52,24021.15,24020.3,225,24026.65,150,0,265200
NIFTY-III.NFO,08/01/2025,09:24:54,24021.15,24021.1,225,24026.8,75,0,265200
NIFTY-III.NFO,08/01/2025,09:24:55,24021.15,24022.65,225,24027.25,75,0,265200
NIFTY-III.NFO,08/01/2025,09:24:57,24027.75,24023.55,450,24030.55,75,75,265200
NIFTY-III.NFO,08/01/2025,09:24:59,24027.75,24022.9,225,24029.2,75,0,265200
NIFTY-III.NFO,08/01/2025,09:25:00,24027.75,24023,225,24030.05,225,0,265200
NIFTY-III.NFO,08/01/2025,09:25:02,24027.75,24022.45,225,24029.5,225,0,265200
NIFTY-III.NFO,08/01/2025,09:25:04,24027.75,24022.5,225,24028.4,75,0,265200
NIFTY-III.NFO,08/01/2025,09:25:07,24028.4,24021.85,225,24028.8,150,75,265200
NIFTY-III.NFO,08/01/2025,09:25:09,24028.4,24022.4,300,24028.9,75,0,265200
NIFTY-III.NFO,08/01/2025,09:25:10,24028.4,24023.55,300,24030.95,150,0,265200
NIFTY-III.NFO,08/01/2025,09:25:12,24028.4,24022.6,375,24030.05,75,0,265200
NIFTY-III.NFO,08/01/2025,09:25:14,24028.4,24023.45,300,24030,75,0,265200
NIFTY-III.NFO,08/01/2025,09:25:15,24028.4,24026,300,24031,225,0,265200
NIFTY-III.NFO,08/01/2025,09:25:17,24028.4,24022.75,300,24029.3,75,0,265200
NIFTY-III.NFO,08/01/2025,09:25:19,24028.4,24020.55,600,24028.45,150,0,265200
NIFTY-III.NFO,08/01/2025,09:25:20,24028.4,24020.1,225,24027.15,225,0,265200
NIFTY-III.NFO,08/01/2025,09:25:22,24028.4,24020,300,24027.85,225,0,265200
NIFTY-III.NFO,08/01/2025,09:25:24,24028.4,24020.55,300,24025,75,0,265200
NIFTY-III.NFO,08/01/2025,09:25:26,24025,24021.15,225,24028.3,150,75,265200
NIFTY-III.NFO,08/01/2025,09:25:27,24025,24020,150,24026.85,150,0,265200
NIFTY-III.NFO,08/01/2025,09:25:29,24025,24020,150,24024.8,150,0,265200
NIFTY-III.NFO,08/01/2025,09:25:31,24025,24020,150,24024.3,150,0,265200
NIFTY-III.NFO,08/01/2025,09:25:32,24020,24020,75,24024.65,150,75,265200
NIFTY-III.NFO,08/01/2025,09:25:32,24020,24020,75,24024.65,150,0,265200
NIFTY-III.NFO,08/01/2025,09:25:34,24020,24020,75,24024.65,150,0,265200
NIFTY-III.NFO,08/01/2025,09:25:36,24020,24016.55,75,24024,150,75,265200
NIFTY-III.NFO,08/01/2025,09:25:37,24020,24016.55,75,24024.2,150,0,265200
NIFTY-III.NFO,08/01/2025,09:25:39,24020,24018.4,225,24026,150,0,265200
NIFTY-III.NFO,08/01/2025,09:25:41,24020,24018.25,300,24027,150,0,265200
NIFTY-III.NFO,08/01/2025,09:25:42,24018.25,24018.4,600,24026.45,75,150,265200
NIFTY-III.NFO,08/01/2025,09:25:42,24018.25,24018.4,600,24026.45,75,0,265200
NIFTY-III.NFO,08/01/2025,09:25:44,24018.25,24020.5,150,24028.7,150,0,265200
NIFTY-III.NFO,08/01/2025,09:25:46,24018.25,24019.7,375,24026.95,150,0,265200
NIFTY-III.NFO,08/01/2025,09:25:47,24018.25,24020.2,300,24027.9,75,0,265200
NIFTY-III.NFO,08/01/2025,09:25:49,24020.1,24019.7,150,24026.95,150,75,265200
NIFTY-III.NFO,08/01/2025,09:25:51,24020.1,24020.3,300,24027.8,150,0,265200
NIFTY-III.NFO,08/01/2025,09:25:52,24020.1,24019.75,75,24027.2,150,0,265200
NIFTY-III.NFO,08/01/2025,09:25:54,24020.1,24018.3,150,24026,150,0,265200
NIFTY-III.NFO,08/01/2025,09:25:56,24020.1,24018.5,225,24025.45,150,0,265200
NIFTY-III.NFO,08/01/2025,09:25:57,24020.1,24019.1,225,24026,150,0,265200
NIFTY-III.NFO,08/01/2025,09:25:59,24020.1,24020.65,300,24026,150,0,265200
NIFTY-III.NFO,08/01/2025,09:26:01,24020.1,24018.5,300,24026,150,0,265200
NIFTY-III.NFO,08/01/2025,09:26:02,24020.1,24019.6,375,24026,150,0,265200
NIFTY-III.NFO,08/01/2025,09:26:04,24026,24021.3,150,24026,75,75,265200
NIFTY-III.NFO,08/01/2025,09:26:06,24026,24021,75,24026,75,0,265200
NIFTY-III.NFO,08/01/2025,09:26:11,24026,24021.8,300,24028.85,75,75,265200
NIFTY-III.NFO,08/01/2025,09:26:12,24026,24021.95,450,24028.85,75,0,265200
NIFTY-III.NFO,08/01/2025,09:26:14,24026,24022.4,150,24028.85,75,0,265200
NIFTY-III.NFO,08/01/2025,09:26:16,24026,24021.8,300,24028.8,75,0,265200
NIFTY-III.NFO,08/01/2025,09:26:17,24026,24023,300,24029.9,75,0,265200
NIFTY-III.NFO,08/01/2025,09:26:19,24025.4,24024.25,225,24032.75,150,75,265200
NIFTY-III.NFO,08/01/2025,09:26:21,24025.4,24026.15,300,24032,75,0,265200
NIFTY-III.NFO,08/01/2025,09:26:22,24025.4,24028.6,300,24033,75,0,265200
NIFTY-III.NFO,08/01/2025,09:26:24,24033,24028.15,150,24033.65,75,75,265200
NIFTY-III.NFO,08/01/2025,09:26:25,24033,24028.05,225,24033.25,75,0,265200
NIFTY-III.NFO,08/01/2025,09:26:27,24033,24026.3,450,24032.4,75,0,265200
NIFTY-III.NFO,08/01/2025,09:26:29,24033,24024.7,600,24028.15,450,0,265200
NIFTY-III.NFO,08/01/2025,09:26:30,24028.15,24025.55,225,24028.15,375,75,265200
NIFTY-III.NFO,08/01/2025,09:26:32,24028.15,24027.5,300,24034.05,150,375,265200
NIFTY-III.NFO,08/01/2025,09:26:34,24027.5,24027.85,450,24034.85,75,75,265200
NIFTY-III.NFO,08/01/2025,09:26:35,24027.5,24027.35,225,24033.35,150,0,265200
NIFTY-III.NFO,08/01/2025,09:26:37,24027.5,24025.65,300,24032.5,150,0,265200
NIFTY-III.NFO,08/01/2025,09:26:39,24027.5,24025.6,300,24032.85,150,0,265200
NIFTY-III.NFO,08/01/2025,09:26:40,24025.6,24026.35,375,24036.05,150,75,265200
NIFTY-III.NFO,08/01/2025,09:26:42,24034.05,24027,150,24033.65,150,75,265200
NIFTY-III.NFO,08/01/2025,09:26:44,24034.05,24027.4,225,24035.6,300,0,265200
NIFTY-III.NFO,08/01/2025,09:26:45,24034.05,24027.4,600,24033.9,150,0,265200
NIFTY-III.NFO,08/01/2025,09:26:47,24034.05,24028.9,150,24037,300,0,265200
NIFTY-III.NFO,08/01/2025,09:26:49,24034.05,24034.05,75,24037.85,150,0,265200
NIFTY-III.NFO,08/01/2025,09:26:50,24034.05,24031.7,75,24038.55,150,75,265200
NIFTY-III.NFO,08/01/2025,09:26:52,24034.05,24037,225,24039.4,75,0,265200
NIFTY-III.NFO,08/01/2025,09:26:54,24034.05,24037,225,24037.85,75,0,265200
NIFTY-III.NFO,08/01/2025,09:26:55,24037,24037,75,24039.75,300,150,265200
NIFTY-III.NFO,08/01/2025,09:26:57,24037,24031.35,150,24037.1,150,75,265200
NIFTY-III.NFO,08/01/2025,09:26:59,24037,24029.5,150,24035.45,150,0,265200
NIFTY-III.NFO,08/01/2025,09:27:00,24037,24029.2,75,24034.7,75,0,265200
NIFTY-III.NFO,08/01/2025,09:27:02,24037,24031,75,24038.5,150,0,265200
NIFTY-III.NFO,08/01/2025,09:27:04,24037,24031.4,75,24038.1,75,0,265200
NIFTY-III.NFO,08/01/2025,09:27:05,24037,24033.55,75,24039.6,75,0,265200
NIFTY-III.NFO,08/01/2025,09:27:07,24037,24037,75,24038.5,75,0,265200
NIFTY-III.NFO,08/01/2025,09:27:09,24037,24037,75,24038.3,75,0,265200
NIFTY-III.NFO,08/01/2025,09:27:11,24037,24037,75,24037.65,150,0,265200
NIFTY-III.NFO,08/01/2025,09:27:12,24037,24031.2,375,24037.25,150,75,265200
NIFTY-III.NFO,08/01/2025,09:27:14,24037,24028.9,150,24034.35,150,0,265200
NIFTY-III.NFO,08/01/2025,09:27:16,24037,24027.55,75,24034.4,150,0,265200
NIFTY-III.NFO,08/01/2025,09:27:17,24037,24026.7,75,24034.55,150,0,265200
NIFTY-III.NFO,08/01/2025,09:27:19,24037,24025.35,150,24030.85,150,0,265200
NIFTY-III.NFO,08/01/2025,09:27:21,24037,24022.9,225,24029.45,150,0,265200
NIFTY-III.NFO,08/01/2025,09:27:22,24037,24023.95,75,24031.95,150,0,265200
NIFTY-III.NFO,08/01/2025,09:27:24,24037,24025.1,75,24031.95,150,0,265200
NIFTY-III.NFO,08/01/2025,09:27:25,24037,24026.55,225,24035.8,150,0,265200
NIFTY-III.NFO,08/01/2025,09:27:27,24037,24023.5,75,24031.75,150,0,265200
NIFTY-III.NFO,08/01/2025,09:27:29,24037,24024.1,75,24031.55,150,0,265200
NIFTY-III.NFO,08/01/2025,09:27:30,24037,24024.1,75,24031.85,150,0,265200
NIFTY-III.NFO,08/01/2025,09:27:32,24037,24025.2,75,24031.75,75,0,265200
NIFTY-III.NFO,08/01/2025,09:27:34,24037,24025.2,225,24033.85,150,0,265200
NIFTY-III.NFO,08/01/2025,09:27:35,24037,24024.35,75,24031.1,75,0,265200
NIFTY-III.NFO,08/01/2025,09:27:37,24037,24025.75,75,24031.4,75,0,265200
NIFTY-III.NFO,08/01/2025,09:27:39,24037,24027.9,75,24034.3,75,0,265200
NIFTY-III.NFO,08/01/2025,09:27:40,24037,24028.05,75,24034.3,75,0,265200
NIFTY-III.NFO,08/01/2025,09:27:42,24037,24028.25,225,24035.2,75,0,265200
NIFTY-III.NFO,08/01/2025,09:27:44,24037,24028.25,75,24037.2,150,0,265200
NIFTY-III.NFO,08/01/2025,09:27:45,24037,24027.8,75,24034.3,75,0,265200
NIFTY-III.NFO,08/01/2025,09:27:47,24037,24028.3,225,24037.5,150,0,265200
NIFTY-III.NFO,08/01/2025,09:27:49,24037,24030.5,75,24035.9,75,0,265200
NIFTY-III.NFO,08/01/2025,09:27:50,24037,24029.65,75,24035.05,75,0,265200
NIFTY-III.NFO,08/01/2025,09:27:52,24037,24030.25,75,24035.85,75,0,265200
NIFTY-III.NFO,08/01/2025,09:27:54,24037,24030.25,75,24038.15,300,0,265200
NIFTY-III.NFO,08/01/2025,09:27:55,24037,24027.4,150,24031.9,75,0,265200
NIFTY-III.NFO,08/01/2025,09:27:57,24037,24027.85,75,24032.85,75,0,265200
NIFTY-III.NFO,08/01/2025,09:27:59,24037,24029.2,75,24034.45,75,0,265200
NIFTY-III.NFO,08/01/2025,09:28:00,24037,24028.8,75,24033.5,75,0,265200
NIFTY-III.NFO,08/01/2025,09:28:02,24037,24028.75,75,24033.05,75,0,265200
NIFTY-III.NFO,08/01/2025,09:28:04,24037,24028.75,75,24035.85,150,0,265200
NIFTY-III.NFO,08/01/2025,09:28:05,24037,24028.75,75,24033.95,300,0,265200
NIFTY-III.NFO,08/01/2025,09:28:07,24037,24027.25,75,24033.85,75,0,265200
NIFTY-III.NFO,08/01/2025,09:28:09,24037,24028.75,75,24033,75,0,265200
NIFTY-III.NFO,08/01/2025,09:28:10,24037,24028.75,75,24032.5,75,0,265200
NIFTY-III.NFO,08/01/2025,09:28:12,24037,24028.75,75,24034.1,150,0,265200
NIFTY-III.NFO,08/01/2025,09:28:14,24037,24028.75,75,24033.05,150,0,265200
NIFTY-III.NFO,08/01/2025,09:28:15,24032.45,24028.75,75,24031.7,150,75,266025
NIFTY-III.NFO,08/01/2025,09:28:17,24032.45,24028.75,75,24030.65,150,0,266025
NIFTY-III.NFO,08/01/2025,09:28:19,24032.45,24028.75,75,24031.2,150,0,266025
NIFTY-III.NFO,08/01/2025,09:28:20,24028.75,24025,75,24028.55,150,75,266025
NIFTY-III.NFO,08/01/2025,09:28:22,24028.75,24025,75,24029.4,150,0,266025
NIFTY-III.NFO,08/01/2025,09:28:24,24028.75,24025,75,24029.95,150,0,266025
NIFTY-III.NFO,08/01/2025,09:28:25,24028.75,24025,75,24029.05,150,0,266025
NIFTY-III.NFO,08/01/2025,09:28:27,24028.75,24025,75,24029.35,150,0,266025
NIFTY-III.NFO,08/01/2025,09:28:29,24028.75,24025,75,24028.6,150,0,266025
NIFTY-III.NFO,08/01/2025,09:28:30,24028.75,24025,75,24030.3,225,0,266025
NIFTY-III.NFO,08/01/2025,09:28:32,24028.75,24025,75,24030.9,150,0,266025
NIFTY-III.NFO,08/01/2025,09:28:34,24028.75,24025,75,24028.7,150,0,266025
NIFTY-III.NFO,08/01/2025,09:28:35,24028.75,24025,75,24028.4,150,0,266025
NIFTY-III.NFO,08/01/2025,09:28:37,24025,24021,75,24025.45,225,75,266025
NIFTY-III.NFO,08/01/2025,09:28:39,24025,24021,75,24025.2,150,0,266025
NIFTY-III.NFO,08/01/2025,09:28:40,24025,24021,75,24024,150,0,266025
NIFTY-III.NFO,08/01/2025,09:28:42,24025,24021,75,24023.05,150,0,266025
NIFTY-III.NFO,08/01/2025,09:28:44,24025,24021,75,24022.45,150,0,266025
NIFTY-III.NFO,08/01/2025,09:28:45,24025,24021,75,24023.05,300,0,266025
NIFTY-III.NFO,08/01/2025,09:28:47,24025,24021,75,24022.85,150,0,266025
NIFTY-III.NFO,08/01/2025,09:28:49,24025,24021,75,24023.05,300,0,266025
NIFTY-III.NFO,08/01/2025,09:28:50,24025,24021,75,24022.95,75,0,266025
NIFTY-III.NFO,08/01/2025,09:28:52,24025,24021,75,24022.2,300,0,266025
NIFTY-III.NFO,08/01/2025,09:28:54,24021,24020,150,24021.5,300,75,266025
NIFTY-III.NFO,08/01/2025,09:28:55,24021,24020,150,24021.55,300,0,266025
NIFTY-III.NFO,08/01/2025,09:28:57,24021,24020,150,24021.35,300,0,266025
NIFTY-III.NFO,08/01/2025,09:28:59,24020,24018,75,24019.6,300,150,266025
NIFTY-III.NFO,08/01/2025,09:29:00,24020,24018,75,24020.75,300,0,266025
NIFTY-III.NFO,08/01/2025,09:29:02,24020,24018,75,24020.5,300,0,266025
NIFTY-III.NFO,08/01/2025,09:29:04,24020,24018,75,24018.65,300,0,266025
NIFTY-III.NFO,08/01/2025,09:29:05,24017,24015,75,24017.9,150,150,266025
NIFTY-III.NFO,08/01/2025,09:29:05,24017,24015,75,24017.9,150,0,266025
NIFTY-III.NFO,08/01/2025,09:29:07,24010,24010,450,24014.8,225,225,266025
NIFTY-III.NFO,08/01/2025,09:29:07,24010,24010,450,24014.8,225,0,266025
NIFTY-III.NFO,08/01/2025,09:29:09,24010,24010.05,150,24015.4,225,75,266025
NIFTY-III.NFO,08/01/2025,09:29:10,24010.05,24010.05,75,24016.1,225,75,266025
NIFTY-III.NFO,08/01/2025,09:29:12,24010.05,24010,375,24016.1,225,75,266025
NIFTY-III.NFO,08/01/2025,09:29:14,24010.05,24010.65,75,24016.55,75,0,266025
NIFTY-III.NFO,08/01/2025,09:29:16,24010.05,24010,375,24016.25,150,0,266025
NIFTY-III.NFO,08/01/2025,09:29:17,24010.05,24010,375,24014,75,0,266025
NIFTY-III.NFO,08/01/2025,09:29:19,24010.05,24010,375,24010.05,75,0,266025
NIFTY-III.NFO,08/01/2025,09:29:21,24010.05,24010.05,225,24017.15,75,75,266025
NIFTY-III.NFO,08/01/2025,09:29:22,24010.05,24010.05,75,24010.65,150,0,266025
NIFTY-III.NFO,08/01/2025,09:29:24,24010.65,24010.1,150,24016.55,75,150,266025
NIFTY-III.NFO,08/01/2025,09:29:25,24010.65,24010.05,75,24014.6,225,0,266025
NIFTY-III.NFO,08/01/2025,09:29:27,24010.65,24010.05,75,24011.05,75,0,266025
NIFTY-III.NFO,08/01/2025,09:29:29,24011,24010.05,75,24014.4,450,75,266025
NIFTY-III.NFO,08/01/2025,09:29:30,24011,24010.05,75,24014.75,225,0,266025
NIFTY-III.NFO,08/01/2025,09:29:32,24011,24010.05,75,24013.45,225,0,266025
NIFTY-III.NFO,08/01/2025,09:29:34,24011,24010.05,75,24013.8,75,0,266025
NIFTY-III.NFO,08/01/2025,09:29:35,24011,24010.05,75,24013.35,225,0,266025
NIFTY-III.NFO,08/01/2025,09:29:37,24011,24010.05,75,24013.45,75,0,266025
NIFTY-III.NFO,08/01/2025,09:29:39,24011,24010.05,75,24013.75,225,0,266025
NIFTY-III.NFO,08/01/2025,09:29:40,24011,24010.05,75,24012.35,225,0,266025
NIFTY-III.NFO,08/01/2025,09:29:44,24011,24010.05,75,24013.1,225,0,266025
NIFTY-III.NFO,08/01/2025,09:29:45,24011,24010.05,75,24012.7,75,0,266025
NIFTY-III.NFO,08/01/2025,09:29:47,24011,24010.05,75,24012.9,375,0,266025
NIFTY-III.NFO,08/01/2025,09:29:49,24011,24011,300,24012.35,75,0,266025
NIFTY-III.NFO,08/01/2025,09:29:50,24011,24011,300,24011.8,75,0,266025
NIFTY-III.NFO,08/01/2025,09:29:52,24011,24011,300,24013.15,375,0,266025
NIFTY-III.NFO,08/01/2025,09:29:54,24011,24011,300,24014,75,0,266025
NIFTY-III.NFO,08/01/2025,09:29:55,24011,24011,225,24014.15,75,75,266025
NIFTY-III.NFO,08/01/2025,09:29:57,24011,24011,225,24013.6,75,0,266025
NIFTY-III.NFO,08/01/2025,09:29:59,24011,24011,225,24015.3,75,0,266025
NIFTY-III.NFO,08/01/2025,09:30:00,24011,24011,225,24015.2,75,0,266025
NIFTY-III.NFO,08/01/2025,09:30:02,24011,24011,225,24014.9,75,0,266025
NIFTY-III.NFO,08/01/2025,09:30:04,24011,24011,225,24018.2,75,0,266025
NIFTY-III.NFO,08/01/2025,09:30:05,24011,24011,225,24016.4,75,0,266025
NIFTY-III.NFO,08/01/2025,09:30:07,24011,24011,225,24017.45,75,0,266025
NIFTY-III.NFO,08/01/2025,09:30:09,24017.45,24011.05,225,24018.65,75,75,266025
NIFTY-III.NFO,08/01/2025,09:30:10,24020.05,24011.05,225,24018.55,75,75,266025
NIFTY-III.NFO,08/01/2025,09:30:12,24020.05,24011,225,24016.45,75,0,266025
NIFTY-III.NFO,08/01/2025,09:30:14,24020.05,24011,225,24015.5,75,0,266025
NIFTY-III.NFO,08/01/2025,09:30:15,24020.05,24011,225,24015.95,75,0,266025
NIFTY-III.NFO,08/01/2025,09:30:17,24020.05,24011.05,225,24018.55,75,0,266025
NIFTY-III.NFO,08/01/2025,09:30:19,24020.05,24011.05,225,24019.45,375,0,266025
NIFTY-III.NFO,08/01/2025,09:30:20,24020.05,24013.9,150,24021,75,0,266025
NIFTY-III.NFO,08/01/2025,09:30:22,24020.05,24017.1,225,24021,75,0,266025
NIFTY-III.NFO,08/01/2025,09:30:24,24021,24016.1,225,24025,150,75,266025
NIFTY-III.NFO,08/01/2025,09:30:25,24021,24016.2,225,24024.85,75,0,266025
NIFTY-III.NFO,08/01/2025,09:30:27,24021,24014.85,150,24022.9,75,0,266025
NIFTY-III.NFO,08/01/2025,09:30:29,24021,24012.85,225,24021.9,75,0,266025
NIFTY-III.NFO,08/01/2025,09:30:30,24021,24015.1,225,24023.8,75,0,266025
NIFTY-III.NFO,08/01/2025,09:30:32,24021,24015.1,150,24023.2,75,0,266025
NIFTY-III.NFO,08/01/2025,09:30:34,24021,24021,225,24024.3,75,0,266025
NIFTY-III.NFO,08/01/2025,09:30:37,24021,24021,225,24022.8,75,0,266025
NIFTY-III.NFO,08/01/2025,09:30:39,24021,24021,225,24023.35,150,0,266025
NIFTY-III.NFO,08/01/2025,09:30:40,24021,24021,225,24025.15,150,0,266025
NIFTY-III.NFO,08/01/2025,09:30:42,24021,24021,225,24026,150,0,266025
NIFTY-III.NFO,08/01/2025,09:30:44,24021,24021,225,24026.8,150,0,266025
NIFTY-III.NFO,08/01/2025,09:30:45,24021,24021,225,24024.45,150,0,266025
NIFTY-III.NFO,08/01/2025,09:30:47,24021,24021,225,24022.75,150,0,266025
NIFTY-III.NFO,08/01/2025,09:30:49,24021,24021,225,24023.2,150,0,266025
NIFTY-III.NFO,08/01/2025,09:30:50,24021,24021,225,24022.85,300,0,266025
NIFTY-III.NFO,08/01/2025,09:30:52,24021,24021,225,24024.9,150,0,266025
NIFTY-III.NFO,08/01/2025,09:30:54,24021,24021,225,24022,150,0,266025
NIFTY-III.NFO,08/01/2025,09:30:55,24021,24021,225,24021.8,150,0,266025
NIFTY-III.NFO,08/01/2025,09:30:57,24021,24021,225,24022.7,150,0,266025
NIFTY-III.NFO,08/01/2025,09:30:59,24021,24012.05,150,24020.3,150,225,266400
NIFTY-III.NFO,08/01/2025,09:31:00,24021,24010.05,150,24018.25,150,0,266400
NIFTY-III.NFO,08/01/2025,09:31:02,24021,24010.05,300,24018.25,150,0,266400
NIFTY-III.NFO,08/01/2025,09:31:04,24021,24011.35,150,24020.05,300,0,266400
NIFTY-III.NFO,08/01/2025,09:31:05,24021,24013.55,150,24021.3,150,0,266400
NIFTY-III.NFO,08/01/2025,09:31:07,24021,24013.65,150,24022,150,0,266400
NIFTY-III.NFO,08/01/2025,09:31:09,24021,24014.6,150,24020,150,0,266400
NIFTY-III.NFO,08/01/2025,09:31:10,24021,24015.85,150,24020,150,0,266400
NIFTY-III.NFO,08/01/2025,09:31:12,24021,24017.15,150,24020,150,0,266400
NIFTY-III.NFO,08/01/2025,09:31:14,24021,24015.3,150,24020,150,0,266400
NIFTY-III.NFO,08/01/2025,09:31:15,24019.95,24013.65,150,24020,150,75,266400
NIFTY-III.NFO,08/01/2025,09:31:17,24019.95,24013.85,150,24020,150,0,266400
NIFTY-III.NFO,08/01/2025,09:31:19,24019.95,24016.95,150,24020,150,0,266400
NIFTY-III.NFO,08/01/2025,09:31:20,24019.95,24017.2,150,24020,150,0,266400
NIFTY-III.NFO,08/01/2025,09:31:22,24019.95,24017.3,150,24020,150,0,266400
NIFTY-III.NFO,08/01/2025,09:31:24,24020,24018.65,150,24023.55,75,150,266400
NIFTY-III.NFO,08/01/2025,09:31:25,24020,24020.15,225,24030.15,75,0,266400
NIFTY-III.NFO,08/01/2025,09:31:27,24020,24021.75,150,24024.95,75,0,266400
NIFTY-III.NFO,08/01/2025,09:31:29,24020,24023.45,150,24026.2,75,0,266400
NIFTY-III.NFO,08/01/2025,09:31:30,24020,24019.65,150,24028.3,75,0,266400
NIFTY-III.NFO,08/01/2025,09:31:32,24020,24021.9,150,24025.65,75,0,266400
NIFTY-III.NFO,08/01/2025,09:31:34,24020,24019.95,150,24025.05,75,0,266400
NIFTY-III.NFO,08/01/2025,09:31:35,24020,24018.4,150,24024.65,75,0,266400
NIFTY-III.NFO,08/01/2025,09:31:37,24020,24015.25,150,24023.65,75,0,266400
NIFTY-III.NFO,08/01/2025,09:31:39,24020,24017.15,150,24025.5,75,0,266400
NIFTY-III.NFO,08/01/2025,09:31:40,24020,24016.85,150,24024.35,150,0,266400
NIFTY-III.NFO,08/01/2025,09:31:42,24020,24018.05,300,24024.75,75,0,266400
NIFTY-III.NFO,08/01/2025,09:31:44,24020,24018.75,150,24021,75,0,266400
NIFTY-III.NFO,08/01/2025,09:31:45,24020,24017.75,150,24021,75,0,266400
NIFTY-III.NFO,08/01/2025,09:31:47,24020,24015.85,150,24021,75,0,266400
NIFTY-III.NFO,08/01/2025,09:31:49,24020,24015.7,150,24021,75,0,266400
NIFTY-III.NFO,08/01/2025,09:31:52,24020,24015.25,150,24021,75,0,266400
NIFTY-III.NFO,08/01/2025,09:31:54,24021,24016.85,150,24024.85,75,75,266400
NIFTY-III.NFO,08/01/2025,09:31:55,24021,24013.95,150,24022.2,225,0,266400
NIFTY-III.NFO,08/01/2025,09:31:57,24021,24013.95,150,24021.35,75,0,266400
NIFTY-III.NFO,08/01/2025,09:31:59,24021,24013.95,150,24022.3,75,0,266400
NIFTY-III.NFO,08/01/2025,09:32:00,24021,24013.3,150,24021.4,75,0,266400
NIFTY-III.NFO,08/01/2025,09:32:02,24021,24015.6,150,24023.8,75,0,266400
NIFTY-III.NFO,08/01/2025,09:32:04,24021,24015.1,150,24022.3,75,0,266400
NIFTY-III.NFO,08/01/2025,09:32:05,24021,24015.05,75,24019.35,75,0,266400
NIFTY-III.NFO,08/01/2025,09:32:07,24021,24015.05,75,24020.1,75,0,266400
NIFTY-III.NFO,08/01/2025,09:32:09,24015.05,24011.35,150,24020.1,75,75,266400
NIFTY-III.NFO,08/01/2025,09:32:10,24015.05,24011,150,24019.05,225,0,266400
NIFTY-III.NFO,08/01/2025,09:32:12,24015.05,24010.05,150,24017.5,75,0,266400
NIFTY-III.NFO,08/01/2025,09:32:14,24015.05,24010,375,24015.8,150,0,266400
NIFTY-III.NFO,08/01/2025,09:32:15,24015.05,24010,375,24012.65,75,0,266400
NIFTY-III.NFO,08/01/2025,09:32:17,24015.05,24010,375,24013.65,75,0,266400
NIFTY-III.NFO,08/01/2025,09:32:19,24015.05,24010,375,24011.8,75,0,266400
NIFTY-III.NFO,08/01/2025,09:32:20,24012.1,24010,375,24011.95,75,75,266400
NIFTY-III.NFO,08/01/2025,09:32:22,24012.1,24010,375,24015.5,375,0,266400
NIFTY-III.NFO,08/01/2025,09:32:24,24012.1,24010.05,150,24017.85,75,0,266400
NIFTY-III.NFO,08/01/2025,09:32:25,24012.1,24010.05,150,24017.3,150,0,266400
NIFTY-III.NFO,08/01/2025,09:32:27,24012.1,24012.1,150,24017.75,375,0,266400
NIFTY-III.NFO,08/01/2025,09:32:29,24012.15,24012.1,150,24017,375,75,266400
NIFTY-III.NFO,08/01/2025,09:32:30,24012.15,24012.15,150,24015.05,75,0,266400
NIFTY-III.NFO,08/01/2025,09:32:32,24012.15,24012.1,150,24015.05,75,0,266400
NIFTY-III.NFO,08/01/2025,09:32:35,24012.15,24012.1,150,24014.65,150,0,266400
NIFTY-III.NFO,08/01/2025,09:32:37,24012.15,24012.1,150,24015.05,75,0,266400
NIFTY-III.NFO,08/01/2025,09:32:42,24012.15,24012.1,150,24013.9,375,0,266400
NIFTY-III.NFO,08/01/2025,09:32:44,24012.1,24012.1,75,24015.05,75,75,266400
NIFTY-III.NFO,08/01/2025,09:32:45,24012.1,24010,225,24014.95,225,75,266400
NIFTY-III.NFO,08/01/2025,09:32:47,24012.1,24010,225,24014.05,375,0,266400
NIFTY-III.NFO,08/01/2025,09:32:49,24012.1,24010,225,24013.45,375,0,266400
NIFTY-III.NFO,08/01/2025,09:32:50,24012.1,24010,225,24012.3,150,0,266400
NIFTY-III.NFO,08/01/2025,09:32:52,24010,24010,150,24013.35,375,75,266400
NIFTY-III.NFO,08/01/2025,09:32:54,24010,24010,150,24012.55,375,0,266400
NIFTY-III.NFO,08/01/2025,09:32:55,24010,24010,150,24012.95,375,0,266400
NIFTY-III.NFO,08/01/2025,09:32:57,24010,24010,150,24012.8,375,0,266400
NIFTY-III.NFO,08/01/2025,09:32:59,24011.7,24010,150,24011.5,375,150,266400
NIFTY-III.NFO,08/01/2025,09:33:00,24011.7,24010,150,24010.9,375,0,266400
NIFTY-III.NFO,08/01/2025,09:33:02,24010,24010,75,24010.85,375,75,266400
NIFTY-III.NFO,08/01/2025,09:33:04,24010,24010,75,24012.2,375,0,266400
NIFTY-III.NFO,08/01/2025,09:33:05,24010,24010,75,24011.95,375,0,266400
NIFTY-III.NFO,08/01/2025,09:33:07,24010,24010,75,24011.6,375,0,266400
NIFTY-III.NFO,08/01/2025,09:33:09,24010,24010,75,24013.05,375,0,266400
NIFTY-III.NFO,08/01/2025,09:33:10,24010,24010,75,24010.85,375,0,266400
NIFTY-III.NFO,08/01/2025,09:33:12,24010,24005.25,150,24011.4,375,75,266400
NIFTY-III.NFO,08/01/2025,09:33:14,24010,24006.15,300,24012.95,375,0,266400
NIFTY-III.NFO,08/01/2025,09:33:15,24010,24007.95,225,24016.6,375,0,266400
NIFTY-III.NFO,08/01/2025,09:33:17,24010,24011.05,300,24017.65,225,0,266400
NIFTY-III.NFO,08/01/2025,09:33:19,24010,24011.95,150,24018.85,225,0,266400
NIFTY-III.NFO,08/01/2025,09:33:20,24010,24011.1,150,24017.8,225,0,266400
NIFTY-III.NFO,08/01/2025,09:33:22,24020,24020,150,24020.3,375,150,266400
NIFTY-III.NFO,08/01/2025,09:33:23,24020,24013.75,225,24020.05,150,150,266400
NIFTY-III.NFO,08/01/2025,09:33:25,24020,24015.85,225,24023.3,150,0,266400
NIFTY-III.NFO,08/01/2025,09:33:27,24020,24016.55,225,24022.4,75,0,266400
NIFTY-III.NFO,08/01/2025,09:33:28,24020,24015.05,150,24020.6,75,0,266400
NIFTY-III.NFO,08/01/2025,09:33:30,24020,24013.85,225,24020.45,150,0,266400
NIFTY-III.NFO,08/01/2025,09:33:32,24020,24013.3,225,24018.9,150,0,266400
NIFTY-III.NFO,08/01/2025,09:33:34,24020,24012.75,225,24018.75,150,0,266400
NIFTY-III.NFO,08/01/2025,09:33:35,24020,24010.85,225,24017.75,150,0,266400
NIFTY-III.NFO,08/01/2025,09:33:37,24020,24012.2,225,24018.2,150,0,266400
NIFTY-III.NFO,08/01/2025,09:33:39,24020,24009.35,150,24016.9,150,0,266400
NIFTY-III.NFO,08/01/2025,09:33:40,24020,24009.65,150,24016.5,150,0,266400
NIFTY-III.NFO,08/01/2025,09:33:42,24020,24009.05,150,24016,150,0,266400
NIFTY-III.NFO,08/01/2025,09:33:44,24020,24009.3,150,24017.85,150,0,266400
NIFTY-III.NFO,08/01/2025,09:33:45,24020,24011.05,150,24017.95,75,0,266400
NIFTY-III.NFO,08/01/2025,09:33:47,24020,24010.85,150,24018.85,75,0,266400
NIFTY-III.NFO,08/01/2025,09:33:49,24020,24011.05,300,24017.95,75,0,266400
NIFTY-III.NFO,08/01/2025,09:33:50,24020,24008.85,300,24015.75,75,0,266400
NIFTY-III.NFO,08/01/2025,09:33:52,24020,24008.85,300,24015.7,150,0,266400
NIFTY-III.NFO,08/01/2025,09:33:54,24020,24009.2,150,24017,150,0,266400
NIFTY-III.NFO,08/01/2025,09:33:55,24020,24007.75,150,24016.45,150,0,266400
NIFTY-III.NFO,08/01/2025,09:33:57,24016.75,24008.35,300,24016.75,75,75,266100
NIFTY-III.NFO,08/01/2025,09:33:59,24016.75,24008.2,150,24017,75,0,266100
NIFTY-III.NFO,08/01/2025,09:34:00,24016.75,24011.35,150,24019.5,75,0,266100
NIFTY-III.NFO,08/01/2025,09:34:02,24016.75,24011.7,225,24021.7,75,0,266100
NIFTY-III.NFO,08/01/2025,09:34:04,24016.75,24013.3,300,24018.05,75,0,266100
NIFTY-III.NFO,08/01/2025,09:34:05,24016.75,24013.5,150,24018.05,75,0,266100
NIFTY-III.NFO,08/01/2025,09:34:07,24016.75,24012.3,300,24016.85,75,0,266100
NIFTY-III.NFO,08/01/2025,09:34:09,24016.75,24010.05,150,24015.7,75,0,266100
NIFTY-III.NFO,08/01/2025,09:34:10,24016.75,24010.05,150,24014.95,75,0,266100
NIFTY-III.NFO,08/01/2025,09:34:12,24016.75,24010.05,150,24014.2,75,0,266100
NIFTY-III.NFO,08/01/2025,09:34:14,24016.75,24010,150,24014.2,75,0,266100
NIFTY-III.NFO,08/01/2025,09:34:15,24016.75,24010.65,150,24019,75,0,266100
NIFTY-III.NFO,08/01/2025,09:34:17,24016.75,24010,150,24014.75,75,0,266100
NIFTY-III.NFO,08/01/2025,09:34:19,24016.75,24010.05,150,24014.5,75,0,266100
NIFTY-III.NFO,08/01/2025,09:34:20,24016.75,24012.1,300,24018.95,75,0,266100
NIFTY-III.NFO,08/01/2025,09:34:22,24016.75,24011.25,150,24016.5,75,0,266100
NIFTY-III.NFO,08/01/2025,09:34:24,24016.75,24010.05,150,24014.6,75,0,266100
NIFTY-III.NFO,08/01/2025,09:34:25,24016.75,24010.05,225,24015.3,75,0,266100
NIFTY-III.NFO,08/01/2025,09:34:27,24016.75,24010.45,300,24016.7,75,0,266100
NIFTY-III.NFO,08/01/2025,09:34:29,24016.75,24010,150,24014.85,75,0,266100
NIFTY-III.NFO,08/01/2025,09:34:30,24016.75,24010.05,150,24014.65,75,0,266100
NIFTY-III.NFO,08/01/2025,09:34:34,24016.75,24010,150,24014.5,75,0,266100
NIFTY-III.NFO,08/01/2025,09:34:35,24016.75,24010,150,24012.5,75,0,266100
NIFTY-III.NFO,08/01/2025,09:34:37,24016.75,24010,150,24013.4,75,0,266100
NIFTY-III.NFO,08/01/2025,09:34:39,24016.75,24010,150,24013.55,75,0,266100
NIFTY-III.NFO,08/01/2025,09:34:40,24016.75,24010,150,24012.9,75,0,266100
NIFTY-III.NFO,08/01/2025,09:34:42,24016.75,24010,150,24012.15,75,0,266100
NIFTY-III.NFO,08/01/2025,09:34:44,24010,24009,75,24013.2,75,150,266100
NIFTY-III.NFO,08/01/2025,09:34:45,24010,24009,75,24009.9,75,0,266100
NIFTY-III.NFO,08/01/2025,09:34:47,24009,24005.2,75,24010.1,75,75,266100
NIFTY-III.NFO,08/01/2025,09:34:47,24009,24005.2,75,24010.1,75,0,266100
NIFTY-III.NFO,08/01/2025,09:34:48,24009,24005.2,75,24010.7,75,0,266100
NIFTY-III.NFO,08/01/2025,09:34:50,24009,24005.2,75,24009.7,75,0,266100
NIFTY-III.NFO,08/01/2025,09:34:52,24009,24005.2,75,24006.4,75,0,266100
NIFTY-III.NFO,08/01/2025,09:34:53,24009,24005.2,75,24007.4,75,0,266100
NIFTY-III.NFO,08/01/2025,09:34:55,24009,24005.2,75,24007.3,75,0,266100
NIFTY-III.NFO,08/01/2025,09:34:57,24009,24005.2,75,24007.45,75,0,266100
NIFTY-III.NFO,08/01/2025,09:34:58,24009,24005.2,75,24008.05,375,0,266100
NIFTY-III.NFO,08/01/2025,09:35:00,24009,24005.2,75,24005.65,300,0,266100
NIFTY-III.NFO,08/01/2025,09:35:02,24009,24005.2,75,24005.6,300,0,266100
NIFTY-III.NFO,08/01/2025,09:35:03,24009,24005.2,75,24006.3,150,0,266100
NIFTY-III.NFO,08/01/2025,09:35:05,24009,24005.2,75,24007.2,300,0,266100
NIFTY-III.NFO,08/01/2025,09:35:07,24009,24005.2,75,24007,300,0,266100
NIFTY-III.NFO,08/01/2025,09:35:08,24005,24002,150,24006.3,150,525,266100
NIFTY-III.NFO,08/01/2025,09:35:08,24005,24002,150,24006.3,150,0,266100
NIFTY-III.NFO,08/01/2025,09:35:10,24005,24002.05,150,24007.55,225,0,266100
NIFTY-III.NFO,08/01/2025,09:35:12,24005,24002.75,150,24010.7,225,0,266100
NIFTY-III.NFO,08/01/2025,09:35:13,24005,24003.55,225,24011.3,225,0,266100
NIFTY-III.NFO,08/01/2025,09:35:15,24005,24003.05,150,24009.75,225,0,266100
NIFTY-III.NFO,08/01/2025,09:35:17,24005,24003.4,300,24009.8,225,0,266100
NIFTY-III.NFO,08/01/2025,09:35:18,24005,24003.05,150,24010.45,225,0,266100
NIFTY-III.NFO,08/01/2025,09:35:20,24005.05,24005.05,150,24010.2,225,75,266100
NIFTY-III.NFO,08/01/2025,09:35:22,24005.05,24005.05,75,24011,225,75,266100
NIFTY-III.NFO,08/01/2025,09:35:23,24005.85,24005.75,150,24013.6,225,225,266100
NIFTY-III.NFO,08/01/2025,09:35:25,24005.85,24006.95,375,24015.8,225,0,266100
NIFTY-III.NFO,08/01/2025,09:35:27,24005.85,24008.75,300,24016.95,75,0,266100
NIFTY-III.NFO,08/01/2025,09:35:28,24005.85,24008,75,24014.95,225,0,266100
NIFTY-III.NFO,08/01/2025,09:35:30,24005.85,24008,75,24014.6,75,0,266100
NIFTY-III.NFO,08/01/2025,09:35:32,24005.85,24008,75,24014.15,225,0,266100
NIFTY-III.NFO,08/01/2025,09:35:34,24005.85,24008,75,24012.85,300,0,266100
NIFTY-III.NFO,08/01/2025,09:35:35,24005.85,24008,225,24014.35,75,0,266100
NIFTY-III.NFO,08/01/2025,09:35:37,24008,24006.7,450,24015.75,150,75,266100
NIFTY-III.NFO,08/01/2025,09:35:39,24008,24007.3,375,24015.05,75,0,266100
NIFTY-III.NFO,08/01/2025,09:35:40,24007.3,24008.2,225,24016.6,75,75,266100
NIFTY-III.NFO,08/01/2025,09:35:42,24007.3,24009.25,300,24017.2,150,0,266100
NIFTY-III.NFO,08/01/2025,09:35:44,24007.3,24010.3,300,24019.2,150,0,266100
NIFTY-III.NFO,08/01/2025,09:35:45,24007.3,24011.05,375,24019.65,150,0,266100
NIFTY-III.NFO,08/01/2025,09:35:47,24007.3,24014.85,375,24021.7,225,0,266100
NIFTY-III.NFO,08/01/2025,09:35:49,24007.3,24017.65,300,24024.95,150,0,266100
NIFTY-III.NFO,08/01/2025,09:35:50,24024.4,24017.7,450,24025,75,75,266100
NIFTY-III.NFO,08/01/2025,09:35:52,24024.4,24019.95,300,24025,75,0,266100
NIFTY-III.NFO,08/01/2025,09:35:54,24019,24019,75,24023.6,150,150,266100
NIFTY-III.NFO,08/01/2025,09:35:55,24019,24017.4,375,24024.95,150,0,266100
NIFTY-III.NFO,08/01/2025,09:35:57,24019,24016.25,375,24024.6,150,0,266100
NIFTY-III.NFO,08/01/2025,09:35:59,24019,24018.4,300,24024.95,150,0,266100
NIFTY-III.NFO,08/01/2025,09:36:00,24025,24025.5,150,24030,150,75,266100
NIFTY-III.NFO,08/01/2025,09:36:02,24025,24025.15,300,24030,150,0,266100
NIFTY-III.NFO,08/01/2025,09:36:04,24030,24027.5,375,24034.5,225,150,266100
NIFTY-III.NFO,08/01/2025,09:36:05,24027.5,24038.15,300,24046.05,75,75,266100
NIFTY-III.NFO,08/01/2025,09:36:07,24027.5,24040,150,24049.45,150,0,266100
NIFTY-III.NFO,08/01/2025,09:36:09,24049.1,24036.35,150,24044.75,150,225,266100
NIFTY-III.NFO,08/01/2025,09:36:10,24049.1,24036.25,300,24046.15,150,0,266100
NIFTY-III.NFO,08/01/2025,09:36:12,24049.1,24035.45,300,24044.2,150,0,266100
NIFTY-III.NFO,08/01/2025,09:36:14,24049.1,24031.9,150,24039.65,150,0,266100
NIFTY-III.NFO,08/01/2025,09:36:15,24049.1,24029.65,150,24038,300,0,266100
NIFTY-III.NFO,08/01/2025,09:36:17,24049.1,24033,150,24041.55,150,0,266100
NIFTY-III.NFO,08/01/2025,09:36:19,24049.1,24034.5,300,24043.6,150,0,266100
NIFTY-III.NFO,08/01/2025,09:36:20,24049.1,24036.15,300,24044.7,150,0,266100
NIFTY-III.NFO,08/01/2025,09:36:22,24049.1,24034.55,300,24043.2,150,0,266100
NIFTY-III.NFO,08/01/2025,09:36:24,24049.1,24032.6,300,24041.05,150,0,266100
NIFTY-III.NFO,08/01/2025,09:36:26,24049.1,24034.55,300,24043.75,150,0,266100
NIFTY-III.NFO,08/01/2025,09:36:27,24049.1,24030.5,300,24039.3,150,0,266100
NIFTY-III.NFO,08/01/2025,09:36:29,24049.1,24032.2,150,24039.85,150,0,266100
NIFTY-III.NFO,08/01/2025,09:36:31,24049.1,24032.6,300,24043.55,150,0,266100
NIFTY-III.NFO,08/01/2025,09:36:32,24049.1,24036,300,24044.65,150,0,266100
NIFTY-III.NFO,08/01/2025,09:36:34,24049.1,24033.95,150,24042.3,150,0,266100
NIFTY-III.NFO,08/01/2025,09:36:36,24049.1,24032.7,300,24040.3,150,0,266100
NIFTY-III.NFO,08/01/2025,09:36:37,24049.1,24031.5,150,24039.5,150,0,266100
NIFTY-III.NFO,08/01/2025,09:36:39,24049.1,24031.95,300,24039.9,150,0,266100
NIFTY-III.NFO,08/01/2025,09:36:41,24049.1,24031.95,300,24040.15,225,0,266100
NIFTY-III.NFO,08/01/2025,09:36:42,24049.1,24035.1,300,24042.85,150,0,266100
NIFTY-III.NFO,08/01/2025,09:36:44,24049.1,24033.95,300,24042.4,150,0,266100
NIFTY-III.NFO,08/01/2025,09:36:46,24049.1,24031.2,150,24039,150,0,266100
NIFTY-III.NFO,08/01/2025,09:36:47,24049.1,24031.2,300,24040.8,150,0,266100
NIFTY-III.NFO,08/01/2025,09:36:49,24049.1,24032.5,300,24041,150,0,266100
NIFTY-III.NFO,08/01/2025,09:36:51,24049.1,24036.15,150,24043.45,225,0,266100
NIFTY-III.NFO,08/01/2025,09:36:52,24049.1,24036.6,300,24045,225,0,266100
NIFTY-III.NFO,08/01/2025,09:36:54,24049.1,24036,150,24044.05,150,0,266100
NIFTY-III.NFO,08/01/2025,09:36:56,24049.1,24035.25,300,24044.45,225,0,266100
NIFTY-III.NFO,08/01/2025,09:36:57,24049.1,24034.95,150,24043.4,225,0,266100
NIFTY-III.NFO,08/01/2025,09:36:59,24049.1,24035,300,24043.4,225,0,266100
NIFTY-III.NFO,08/01/2025,09:37:01,24049.1,24035.45,150,24043.7,150,0,266100
NIFTY-III.NFO,08/01/2025,09:37:02,24049.1,24034.25,300,24042.55,225,0,266100
NIFTY-III.NFO,08/01/2025,09:37:04,24049.1,24033.4,150,24041.75,150,0,266100
NIFTY-III.NFO,08/01/2025,09:37:06,24049.1,24035.8,150,24044.2,150,0,266100
NIFTY-III.NFO,08/01/2025,09:37:07,24049.1,24033.2,150,24041,150,0,266100
NIFTY-III.NFO,08/01/2025,09:37:09,24041.8,24033.55,150,24041.85,75,75,266100
NIFTY-III.NFO,08/01/2025,09:37:11,24041.8,24032.5,150,24040.7,225,0,266325
NIFTY-III.NFO,08/01/2025,09:37:12,24041.8,24030.95,150,24040.05,75,0,266325
NIFTY-III.NFO,08/01/2025,09:37:14,24041.8,24033.25,300,24039.4,75,0,266325
NIFTY-III.NFO,08/01/2025,09:37:16,24041.8,24034.4,150,24039.55,75,0,266325
NIFTY-III.NFO,08/01/2025,09:37:17,24041.8,24032.3,150,24038.35,75,0,266325
NIFTY-III.NFO,08/01/2025,09:37:19,24041.8,24034.9,150,24038.8,75,0,266325
NIFTY-III.NFO,08/01/2025,09:37:21,24041.8,24032.85,150,24041.05,75,0,266325
NIFTY-III.NFO,08/01/2025,09:37:22,24041.8,24032.3,150,24040,75,0,266325
NIFTY-III.NFO,08/01/2025,09:37:27,24041.8,24031.3,300,24036.8,75,0,266325
NIFTY-III.NFO,08/01/2025,09:37:29,24041.8,24030.05,300,24036.8,75,0,266325
NIFTY-III.NFO,08/01/2025,09:37:30,24041.8,24027.95,150,24035.45,75,0,266325
NIFTY-III.NFO,08/01/2025,09:37:32,24041.8,24027.6,150,24034,75,0,266325
NIFTY-III.NFO,08/01/2025,09:37:34,24041.8,24028.5,150,24034.85,75,0,266325
NIFTY-III.NFO,08/01/2025,09:37:35,24041.8,24032.1,150,24036.7,75,0,266325
NIFTY-III.NFO,08/01/2025,09:37:37,24041.8,24031.5,300,24038,75,0,266325
NIFTY-III.NFO,08/01/2025,09:37:39,24041.8,24032.5,150,24038,75,0,266325
NIFTY-III.NFO,08/01/2025,09:37:40,24041.8,24032.45,375,24038,75,0,266325
NIFTY-III.NFO,08/01/2025,09:37:42,24041.8,24035.3,150,24038,75,0,266325
NIFTY-III.NFO,08/01/2025,09:37:44,24041.8,24044.65,150,24045,225,375,266325
NIFTY-III.NFO,08/01/2025,09:37:46,24050,24048.65,375,24057,75,375,266325
NIFTY-III.NFO,08/01/2025,09:37:47,24050,24051.8,150,24054.25,75,0,266325
NIFTY-III.NFO,08/01/2025,09:37:49,24050,24048.25,150,24052.2,75,0,266325
NIFTY-III.NFO,08/01/2025,09:37:51,24050,24048.5,150,24050,75,0,266325
NIFTY-III.NFO,08/01/2025,09:37:52,24050,24050.3,150,24053.2,75,75,266325
NIFTY-III.NFO,08/01/2025,09:37:54,24064.9,24052.05,375,24064.95,150,150,266325
NIFTY-III.NFO,08/01/2025,09:37:56,24064.9,24055.15,150,24063.7,150,0,266325
NIFTY-III.NFO,08/01/2025,09:37:57,24064.9,24051.3,150,24062.15,150,0,266325
NIFTY-III.NFO,08/01/2025,09:37:59,24064.9,24051.25,150,24059.75,150,0,266325
NIFTY-III.NFO,08/01/2025,09:38:01,24064.9,24048.1,150,24056.9,150,0,266325
NIFTY-III.NFO,08/01/2025,09:38:02,24064.9,24051.15,300,24056,75,0,266325
NIFTY-III.NFO,08/01/2025,09:38:04,24064.9,24050.1,150,24058.4,150,0,266325
NIFTY-III.NFO,08/01/2025,09:38:06,24064.9,24047.2,150,24051.45,75,0,266325
NIFTY-III.NFO,08/01/2025,09:38:07,24064.9,24047.95,150,24052.95,75,0,266325
NIFTY-III.NFO,08/01/2025,09:38:09,24064.9,24049.25,150,24053.65,75,0,266325
NIFTY-III.NFO,08/01/2025,09:38:11,24064.9,24049.3,150,24057.4,225,0,266325
NIFTY-III.NFO,08/01/2025,09:38:12,24064.9,24046.3,150,24051.55,75,0,266325
NIFTY-III.NFO,08/01/2025,09:38:14,24064.9,24048.9,150,24053.5,75,0,266325
NIFTY-III.NFO,08/01/2025,09:38:16,24064.9,24047.1,150,24052.25,75,0,266325
NIFTY-III.NFO,08/01/2025,09:38:17,24064.9,24048.55,150,24056.65,150,0,266325
NIFTY-III.NFO,08/01/2025,09:38:19,24064.9,24047.5,150,24053.25,75,0,266325
NIFTY-III.NFO,08/01/2025,09:38:21,24064.9,24047.55,150,24053.1,75,0,266325
NIFTY-III.NFO,08/01/2025,09:38:22,24064.9,24047.6,150,24055.9,150,0,266325
NIFTY-III.NFO,08/01/2025,09:38:24,24064.9,24047.25,150,24054.4,150,0,266325
NIFTY-III.NFO,08/01/2025,09:38:26,24064.9,24047.2,150,24054.7,150,0,266325
NIFTY-III.NFO,08/01/2025,09:38:27,24064.9,24047.35,150,24053.6,75,0,266325
NIFTY-III.NFO,08/01/2025,09:38:29,24064.9,24052.05,75,24053.1,75,0,266325
NIFTY-III.NFO,08/01/2025,09:38:31,24064.9,24045.4,375,24053.35,150,0,266325
NIFTY-III.NFO,08/01/2025,09:38:32,24064.9,24045.4,150,24052.15,150,0,266325
NIFTY-III.NFO,08/01/2025,09:38:34,24045.4,24044.8,75,24051.5,150,75,266325
NIFTY-III.NFO,08/01/2025,09:38:36,24045.4,24044.2,225,24051.05,150,0,266325
NIFTY-III.NFO,08/01/2025,09:38:37,24045.4,24043.4,150,24049.1,150,0,266325
NIFTY-III.NFO,08/01/2025,09:38:39,24045.4,24044.95,75,24051.55,150,0,266325
NIFTY-III.NFO,08/01/2025,09:38:41,24045.4,24045.65,150,24049.2,225,0,266325
NIFTY-III.NFO,08/01/2025,09:38:42,24045.4,24043.3,75,24048.55,150,0,266325
NIFTY-III.NFO,08/01/2025,09:38:44,24045.4,24043.05,150,24049.25,150,0,266325
NIFTY-III.NFO,08/01/2025,09:38:46,24045.4,24043.45,150,24050.2,150,0,266325
NIFTY-III.NFO,08/01/2025,09:38:47,24049.4,24043.6,300,24050.95,150,75,266325
NIFTY-III.NFO,08/01/2025,09:38:49,24049.4,24043.25,75,24050.75,150,0,266325
NIFTY-III.NFO,08/01/2025,09:38:51,24049.4,24041.25,75,24048.2,150,0,266325
NIFTY-III.NFO,08/01/2025,09:38:52,24049.4,24039.75,150,24045.35,150,0,266325
NIFTY-III.NFO,08/01/2025,09:38:54,24040.1,24038.75,75,24044.5,150,75,266325
NIFTY-III.NFO,08/01/2025,09:38:56,24040.1,24037.8,150,24043.05,150,0,266325
NIFTY-III.NFO,08/01/2025,09:38:57,24040.1,24037.05,150,24044.9,150,0,266325
NIFTY-III.NFO,08/01/2025,09:38:59,24040.1,24039.15,75,24044.6,150,0,266325
NIFTY-III.NFO,08/01/2025,09:39:01,24040.1,24034.45,150,24041.85,75,0,266325
NIFTY-III.NFO,08/01/2025,09:39:02,24040.1,24034.45,75,24039.5,150,0,266325
NIFTY-III.NFO,08/01/2025,09:39:04,24040.1,24032.9,150,24038.65,150,0,266325
NIFTY-III.NFO,08/01/2025,09:39:06,24040.1,24032.4,150,24038.5,75,0,266325
NIFTY-III.NFO,08/01/2025,09:39:07,24040.1,24032.7,150,24039.75,75,0,266325
NIFTY-III.NFO,08/01/2025,09:39:09,24040.1,24033.95,150,24040,150,0,266325
NIFTY-III.NFO,08/01/2025,09:39:11,24033.05,24035.15,150,24040.65,225,150,266325
NIFTY-III.NFO,08/01/2025,09:39:12,24033.05,24035.95,150,24041,225,0,266325
NIFTY-III.NFO,08/01/2025,09:39:14,24033.05,24038.5,150,24044.7,225,0,266325
NIFTY-III.NFO,08/01/2025,09:39:16,24033.05,24037.5,150,24043.5,225,0,266325
NIFTY-III.NFO,08/01/2025,09:39:17,24033.05,24038.35,150,24044.6,150,0,266325
NIFTY-III.NFO,08/01/2025,09:39:19,24033.05,24038.8,150,24044.7,75,0,266325
NIFTY-III.NFO,08/01/2025,09:39:21,24033.05,24041.05,150,24045.8,75,0,266325
NIFTY-III.NFO,08/01/2025,09:39:22,24033.05,24041.05,150,24047.1,75,0,266325
NIFTY-III.NFO,08/01/2025,09:39:24,24033.05,24041.7,450,24047.15,75,0,266325
NIFTY-III.NFO,08/01/2025,09:39:26,24033.05,24040.85,150,24047.85,150,0,266325
NIFTY-III.NFO,08/01/2025,09:39:27,24033.05,24041.3,150,24046.05,75,0,266325
NIFTY-III.NFO,08/01/2025,09:39:29,24033.05,24041.4,150,24048.15,150,0,266325
NIFTY-III.NFO,08/01/2025,09:39:31,24033.05,24042.5,150,24049,75,0,266325
NIFTY-III.NFO,08/01/2025,09:39:32,24033.05,24044.55,150,24048.5,75,0,266325
NIFTY-III.NFO,08/01/2025,09:39:34,24033.05,24042.9,150,24048.95,150,0,266325
NIFTY-III.NFO,08/01/2025,09:39:36,24033.05,24043.95,150,24047.3,75,0,266325
NIFTY-III.NFO,08/01/2025,09:39:37,24049.95,24043.9,150,24047.3,75,225,266850
NIFTY-III.NFO,08/01/2025,09:39:39,24049.95,24043.2,150,24049.95,150,0,266850
NIFTY-III.NFO,08/01/2025,09:39:41,24049.95,24043.15,150,24046.25,75,0,266850
NIFTY-III.NFO,08/01/2025,09:39:42,24049.95,24040.45,150,24047.6,150,0,266850
NIFTY-III.NFO,08/01/2025,09:39:44,24049.95,24041.55,150,24045.15,75,0,266850
NIFTY-III.NFO,08/01/2025,09:39:46,24049.95,24042.5,150,24046.45,75,0,266850
NIFTY-III.NFO,08/01/2025,09:39:47,24049.95,24044.15,150,24047.65,75,0,266850
NIFTY-III.NFO,08/01/2025,09:39:49,24049.95,24044.2,150,24050,150,0,266850
NIFTY-III.NFO,08/01/2025,09:39:51,24049.95,24046.2,150,24049.95,150,0,266850
NIFTY-III.NFO,08/01/2025,09:39:53,24049.95,24048.4,150,24049.95,150,0,266850
NIFTY-III.NFO,08/01/2025,09:39:54,24049.95,24047,150,24049.95,150,0,266850
NIFTY-III.NFO,08/01/2025,09:39:56,24049.95,24048.7,225,24049.95,150,0,266850
NIFTY-III.NFO,08/01/2025,09:39:58,24049.95,24044.9,150,24049.95,150,0,266850
NIFTY-III.NFO,08/01/2025,09:39:59,24049.95,24044.9,150,24049.25,75,0,266850
NIFTY-III.NFO,08/01/2025,09:40:01,24048,24044.6,150,24048,75,75,266850
NIFTY-III.NFO,08/01/2025,09:40:03,24048,24041.85,225,24046.8,75,0,266850
NIFTY-III.NFO,08/01/2025,09:40:04,24048,24044.1,225,24048,75,0,266850
NIFTY-III.NFO,08/01/2025,09:40:06,24048,24045.3,225,24048,75,0,266850
NIFTY-III.NFO,08/01/2025,09:40:08,24048,24047.1,375,24048,75,0,266850
NIFTY-III.NFO,08/01/2025,09:40:09,24047.65,24048.15,150,24050,150,75,266850
NIFTY-III.NFO,08/01/2025,09:40:11,24047.65,24044.3,150,24049.45,150,0,266850
NIFTY-III.NFO,08/01/2025,09:40:13,24047.65,24046.55,150,24050,150,0,266850
NIFTY-III.NFO,08/01/2025,09:40:14,24047.65,24046.5,150,24050,150,0,266850
NIFTY-III.NFO,08/01/2025,09:40:16,24047.65,24044.7,150,24048.7,75,0,266850
NIFTY-III.NFO,08/01/2025,09:40:18,24047.65,24044.65,300,24050,150,0,266850
NIFTY-III.NFO,08/01/2025,09:40:19,24047.65,24044.65,525,24049.65,75,0,266850
NIFTY-III.NFO,08/01/2025,09:40:21,24047.65,24043.4,150,24049.4,150,0,266850
NIFTY-III.NFO,08/01/2025,09:40:23,24047.65,24044.2,150,24049.95,150,0,266850
NIFTY-III.NFO,08/01/2025,09:40:24,24047.65,24044.85,150,24049.4,75,0,266850
NIFTY-III.NFO,08/01/2025,09:40:26,24047.65,24044.85,150,24049.5,75,0,266850
NIFTY-III.NFO,08/01/2025,09:40:28,24047.65,24046.1,150,24049.8,75,0,266850
NIFTY-III.NFO,08/01/2025,09:40:29,24049.8,24047.8,150,24050,150,75,266850
NIFTY-III.NFO,08/01/2025,09:40:31,24050,24050.15,300,24056.85,375,150,266850
NIFTY-III.NFO,08/01/2025,09:40:33,24050,24053.6,225,24060.6,225,0,266850
NIFTY-III.NFO,08/01/2025,09:40:34,24050,24050.45,150,24058.3,150,0,266850
NIFTY-III.NFO,08/01/2025,09:40:36,24050,24049.4,150,24056.8,225,0,266850
NIFTY-III.NFO,08/01/2025,09:40:38,24050,24048.6,375,24052.7,75,0,266850
NIFTY-III.NFO,08/01/2025,09:40:39,24050,24048.3,150,24054.7,150,0,266850
NIFTY-III.NFO,08/01/2025,09:40:41,24050,24050.55,150,24057.3,75,0,266850
NIFTY-III.NFO,08/01/2025,09:40:43,24050,24049.7,150,24058.75,225,0,266850
NIFTY-III.NFO,08/01/2025,09:40:44,24050,24050.65,150,24054.05,75,0,266850
NIFTY-III.NFO,08/01/2025,09:40:46,24050,24048,75,24055.2,150,0,266850
NIFTY-III.NFO,08/01/2025,09:40:48,24050,24049.8,150,24054.1,75,0,266850
NIFTY-III.NFO,08/01/2025,09:40:49,24050,24050.15,150,24057.55,150,0,266850
NIFTY-III.NFO,08/01/2025,09:40:51,24050,24051.95,150,24057,75,0,266850
NIFTY-III.NFO,08/01/2025,09:40:53,24050,24053.8,150,24060.55,225,0,266850
NIFTY-III.NFO,08/01/2025,09:40:54,24050,24053.7,150,24059.6,225,0,266850
NIFTY-III.NFO,08/01/2025,09:40:56,24050,24052.35,150,24058.25,150,0,266850
NIFTY-III.NFO,08/01/2025,09:40:58,24050,24050,150,24054.65,75,0,266850
NIFTY-III.NFO,08/01/2025,09:40:59,24050,24052.45,150,24059.1,225,0,266850
NIFTY-III.NFO,08/01/2025,09:41:01,24050,24052.5,150,24057.5,75,0,266850
NIFTY-III.NFO,08/01/2025,09:41:03,24050,24049.8,150,24057.7,150,0,266850
NIFTY-III.NFO,08/01/2025,09:41:04,24050,24051.15,150,24054.4,75,0,266850
NIFTY-III.NFO,08/01/2025,09:41:06,24050,24053.4,300,24056.95,75,0,266850
NIFTY-III.NFO,08/01/2025,09:41:08,24050,24051.95,150,24055,75,0,266850
NIFTY-III.NFO,08/01/2025,09:41:09,24050,24051,150,24057.7,150,0,266850
NIFTY-III.NFO,08/01/2025,09:41:11,24050,24052.65,150,24056.45,75,0,266850
NIFTY-III.NFO,08/01/2025,09:41:13,24050,24052.35,150,24055.4,75,0,266850
NIFTY-III.NFO,08/01/2025,09:41:14,24050,24052.35,150,24057.85,150,0,266850
NIFTY-III.NFO,08/01/2025,09:41:16,24050,24052.8,150,24061.45,150,0,266850
NIFTY-III.NFO,08/01/2025,09:41:18,24050,24054,150,24056.6,75,0,266850
NIFTY-III.NFO,08/01/2025,09:41:19,24050,24054.9,150,24060,75,0,266850
NIFTY-III.NFO,08/01/2025,09:41:21,24050,24053.95,150,24059.8,150,0,266850
NIFTY-III.NFO,08/01/2025,09:41:23,24050,24059.6,150,24060,75,0,266850
NIFTY-III.NFO,08/01/2025,09:41:24,24060,24059.7,150,24064.9,225,75,266850
NIFTY-III.NFO,08/01/2025,09:41:26,24060,24057.25,150,24064.5,225,0,266850
NIFTY-III.NFO,08/01/2025,09:41:28,24060,24057.4,150,24060.3,75,0,266850
NIFTY-III.NFO,08/01/2025,09:41:29,24060,24057.4,150,24064.2,150,0,266850
NIFTY-III.NFO,08/01/2025,09:41:31,24060,24057.1,150,24059.2,75,0,266850
NIFTY-III.NFO,08/01/2025,09:41:33,24060,24055.6,150,24064.45,225,0,266850
NIFTY-III.NFO,08/01/2025,09:41:34,24060,24057.2,150,24063.65,150,0,266850
NIFTY-III.NFO,08/01/2025,09:41:36,24060,24056.6,150,24064.85,150,0,266850
NIFTY-III.NFO,08/01/2025,09:41:38,24060,24060,75,24060.65,75,0,266850
NIFTY-III.NFO,08/01/2025,09:41:39,24060,24057.9,75,24064.5,150,75,266850
NIFTY-III.NFO,08/01/2025,09:41:41,24060,24056.15,150,24062.9,225,0,266850
NIFTY-III.NFO,08/01/2025,09:41:43,24060,24056.05,150,24063.6,75,0,266850
NIFTY-III.NFO,08/01/2025,09:41:44,24063.55,24057.1,75,24059.15,75,75,266850
NIFTY-III.NFO,08/01/2025,09:41:46,24063.55,24057.1,75,24058.75,75,0,266850
NIFTY-III.NFO,08/01/2025,09:41:48,24063.55,24054.15,150,24058.1,75,0,266850
NIFTY-III.NFO,08/01/2025,09:41:49,24063.55,24055.85,150,24064.2,150,0,266850
NIFTY-III.NFO,08/01/2025,09:41:51,24063.55,24056.55,150,24064.45,150,0,266850
NIFTY-III.NFO,08/01/2025,09:41:53,24063.55,24057,75,24064.15,150,0,266850
NIFTY-III.NFO,08/01/2025,09:41:55,24064.8,24059.65,150,24063.35,75,150,266850
NIFTY-III.NFO,08/01/2025,09:41:56,24064.8,24063.2,150,24064.9,150,0,266850
NIFTY-III.NFO,08/01/2025,09:41:58,24069.95,24070.15,225,24072,75,825,266850
NIFTY-III.NFO,08/01/2025,09:41:58,24069.95,24070.15,225,24072,75,0,266850
NIFTY-III.NFO,08/01/2025,09:42:00,24072,24067.95,150,24072.75,75,75,266850
NIFTY-III.NFO,08/01/2025,09:42:00,24072,24067.95,150,24072.75,75,0,266850
NIFTY-III.NFO,08/01/2025,09:42:01,24072,24069.6,150,24072.35,75,0,266850
NIFTY-III.NFO,08/01/2025,09:42:03,24072,24067.7,150,24076,75,0,266850
NIFTY-III.NFO,08/01/2025,09:42:05,24072,24064.5,150,24068.35,75,0,266850
NIFTY-III.NFO,08/01/2025,09:42:06,24072,24064.65,150,24067.15,75,0,266850
NIFTY-III.NFO,08/01/2025,09:42:08,24072,24064.75,150,24069.4,225,0,266850
NIFTY-III.NFO,08/01/2025,09:42:10,24072,24063.15,150,24065.1,75,0,266850
NIFTY-III.NFO,08/01/2025,09:42:11,24072,24065.65,150,24073.15,75,0,266850
NIFTY-III.NFO,08/01/2025,09:42:13,24072,24063.45,150,24070.8,150,0,266850
NIFTY-III.NFO,08/01/2025,09:42:15,24072,24064.5,150,24067.55,75,0,266850
NIFTY-III.NFO,08/01/2025,09:42:16,24072,24063.7,75,24070.2,75,0,266850
NIFTY-III.NFO,08/01/2025,09:42:18,24072,24063.7,75,24066.95,75,0,266850
NIFTY-III.NFO,08/01/2025,09:42:20,24072,24063.7,75,24066.8,75,0,266850
NIFTY-III.NFO,08/01/2025,09:42:21,24066.8,24061.15,150,24065.25,75,75,266850
NIFTY-III.NFO,08/01/2025,09:42:23,24064.45,24061.1,150,24064.4,75,75,266850
NIFTY-III.NFO,08/01/2025,09:42:25,24064.45,24058.95,150,24066.3,150,0,266850
NIFTY-III.NFO,08/01/2025,09:42:26,24064.45,24056.7,150,24062.1,75,0,266850
NIFTY-III.NFO,08/01/2025,09:42:28,24064.45,24055.4,150,24061.15,225,0,266850
NIFTY-III.NFO,08/01/2025,09:42:30,24064.45,24057.5,150,24061.75,75,0,266850
NIFTY-III.NFO,08/01/2025,09:42:31,24064.45,24056.05,150,24060.45,75,0,266850
NIFTY-III.NFO,08/01/2025,09:42:33,24064.45,24049.75,150,24059.6,225,0,266850
NIFTY-III.NFO,08/01/2025,09:42:35,24064.45,24052.05,150,24058,150,0,266850
NIFTY-III.NFO,08/01/2025,09:42:36,24064.45,24052.1,150,24057.85,75,0,266850
NIFTY-III.NFO,08/01/2025,09:42:38,24064.45,24052.9,150,24060.4,75,0,266850
NIFTY-III.NFO,08/01/2025,09:42:40,24064.45,24054.5,150,24062.55,150,0,266850
NIFTY-III.NFO,08/01/2025,09:42:41,24064.45,24054.5,150,24060.1,75,0,266850
NIFTY-III.NFO,08/01/2025,09:42:43,24064.45,24053.55,150,24059.6,75,0,266850
NIFTY-III.NFO,08/01/2025,09:42:45,24064.45,24052.1,150,24059.6,150,0,266850
NIFTY-III.NFO,08/01/2025,09:42:46,24064.45,24052.05,150,24057.3,75,0,266850
NIFTY-III.NFO,08/01/2025,09:42:48,24064.45,24056.35,75,24057.3,75,0,266850
NIFTY-III.NFO,08/01/2025,09:42:50,24064.45,24056.35,75,24058.45,75,0,266850
NIFTY-III.NFO,08/01/2025,09:42:51,24064.45,24056.35,75,24059.9,150,0,266850
NIFTY-III.NFO,08/01/2025,09:42:53,24064.45,24056.35,75,24059.95,225,0,266850
NIFTY-III.NFO,08/01/2025,09:42:55,24064.45,24056.35,75,24058.65,75,0,266850
NIFTY-III.NFO,08/01/2025,09:42:56,24064.45,24056.35,75,24058.65,150,0,266850
NIFTY-III.NFO,08/01/2025,09:42:58,24064.45,24056.35,75,24058.55,75,0,266850
NIFTY-III.NFO,08/01/2025,09:43:00,24064.45,24050.15,150,24058.65,225,0,266850
NIFTY-III.NFO,08/01/2025,09:43:01,24064.45,24050,75,24055.4,375,0,266850
NIFTY-III.NFO,08/01/2025,09:43:03,24064.45,24050,75,24053.75,75,0,266850
NIFTY-III.NFO,08/01/2025,09:43:05,24064.45,24050,75,24057.25,150,0,266850
NIFTY-III.NFO,08/01/2025,09:43:06,24064.45,24051.65,75,24055.05,75,0,266850
NIFTY-III.NFO,08/01/2025,09:43:08,24064.45,24050,75,24054.6,225,0,266850
NIFTY-III.NFO,08/01/2025,09:43:10,24064.45,24050.05,75,24051.15,75,0,266850
NIFTY-III.NFO,08/01/2025,09:43:11,24064.45,24050.05,75,24051.05,75,0,266850
NIFTY-III.NFO,08/01/2025,09:43:13,24050,24044.5,150,24052.4,225,150,268050
NIFTY-III.NFO,08/01/2025,09:43:15,24050,24046.5,150,24052.65,225,0,268050
NIFTY-III.NFO,08/01/2025,09:43:16,24050,24045.3,150,24051.1,75,0,268050
NIFTY-III.NFO,08/01/2025,09:43:18,24050,24044.45,525,24051.1,75,0,268050
NIFTY-III.NFO,08/01/2025,09:43:20,24050,24045.2,150,24052.15,75,0,268050
NIFTY-III.NFO,08/01/2025,09:43:21,24049.45,24049.45,75,24054.1,225,75,268050
NIFTY-III.NFO,08/01/2025,09:43:23,24049.45,24049.45,75,24051.25,75,0,268050
NIFTY-III.NFO,08/01/2025,09:43:24,24049.45,24047.85,75,24051.2,225,0,268050
NIFTY-III.NFO,08/01/2025,09:43:26,24049.45,24046.95,75,24049.95,225,0,268050
NIFTY-III.NFO,08/01/2025,09:43:28,24049.45,24046.1,75,24048.6,150,0,268050
NIFTY-III.NFO,08/01/2025,09:43:29,24049.45,24046.1,75,24047.75,75,0,268050
NIFTY-III.NFO,08/01/2025,09:43:31,24048.9,24046.1,75,24047.55,75,150,268050
NIFTY-III.NFO,08/01/2025,09:43:33,24048.9,24046.1,75,24047.95,75,0,268050
NIFTY-III.NFO,08/01/2025,09:43:34,24048.9,24046.1,75,24052.4,225,0,268050
NIFTY-III.NFO,08/01/2025,09:43:36,24048.9,24046.1,75,24052.2,225,0,268050
NIFTY-III.NFO,08/01/2025,09:43:38,24048.9,24046.1,75,24048.7,75,0,268050
NIFTY-III.NFO,08/01/2025,09:43:39,24048.9,24046.1,75,24047.25,75,0,268050
NIFTY-III.NFO,08/01/2025,09:43:41,24046.1,24042.95,75,24047.85,225,75,268050
NIFTY-III.NFO,08/01/2025,09:43:43,24046.1,24040,75,24047.05,225,0,268050
NIFTY-III.NFO,08/01/2025,09:43:44,24046.1,24041.25,150,24049.6,150,0,268050
NIFTY-III.NFO,08/01/2025,09:43:46,24046.1,24041.35,150,24048.55,225,0,268050
NIFTY-III.NFO,08/01/2025,09:43:48,24046.1,24040.05,150,24047.95,225,0,268050
NIFTY-III.NFO,08/01/2025,09:43:49,24046.1,24040.05,150,24047.8,225,0,268050
NIFTY-III.NFO,08/01/2025,09:43:51,24046.1,24040,75,24044.5,150,0,268050
NIFTY-III.NFO,08/01/2025,09:43:53,24046.1,24040,75,24041.7,150,0,268050
NIFTY-III.NFO,08/01/2025,09:43:54,24040,24036.75,75,24042,225,75,268050
NIFTY-III.NFO,08/01/2025,09:43:56,24040,24029.5,150,24038.1,150,0,268050
NIFTY-III.NFO,08/01/2025,09:43:58,24040,24029.5,150,24037.75,150,0,268050
NIFTY-III.NFO,08/01/2025,09:44:00,24040,24027.65,150,24035.45,150,0,268050
NIFTY-III.NFO,08/01/2025,09:44:01,24040,24030.85,150,24038.7,225,0,268050
NIFTY-III.NFO,08/01/2025,09:44:03,24040,24032,150,24039.7,375,0,268050
NIFTY-III.NFO,08/01/2025,09:44:05,24040,24035,150,24043.1,75,0,268050
NIFTY-III.NFO,08/01/2025,09:44:06,24040,24032.55,150,24041.95,150,0,268050
NIFTY-III.NFO,08/01/2025,09:44:08,24038.25,24031.45,150,24040.2,150,75,268050
NIFTY-III.NFO,08/01/2025,09:44:10,24038.25,24034.95,150,24042.05,225,0,268050
NIFTY-III.NFO,08/01/2025,09:44:11,24038.25,24030.15,150,24038.9,150,0,268050
NIFTY-III.NFO,08/01/2025,09:44:13,24038.25,24030.8,150,24036.25,75,0,268050
NIFTY-III.NFO,08/01/2025,09:44:15,24038.25,24030.05,150,24037.4,225,0,268050
NIFTY-III.NFO,08/01/2025,09:44:16,24038.25,24029.05,150,24035.95,75,0,268050
NIFTY-III.NFO,08/01/2025,09:44:18,24038.25,24027.55,150,24036.55,150,0,268050
NIFTY-III.NFO,08/01/2025,09:44:20,24038.25,24026.9,150,24035.45,150,0,268050
NIFTY-III.NFO,08/01/2025,09:44:21,24038.25,24029.6,150,24036.8,225,0,268050
NIFTY-III.NFO,08/01/2025,09:44:23,24038.25,24029.05,150,24036.4,75,0,268050
NIFTY-III.NFO,08/01/2025,09:44:24,24038.25,24030.15,225,24039.05,150,0,268050
NIFTY-III.NFO,08/01/2025,09:44:26,24038.25,24030.05,150,24038.85,150,0,268050
NIFTY-III.NFO,08/01/2025,09:44:28,24038.25,24027.7,150,24036.5,150,0,268050
NIFTY-III.NFO,08/01/2025,09:44:29,24035.65,24028.1,150,24034.55,75,75,268050
NIFTY-III.NFO,08/01/2025,09:44:31,24035.65,24027.6,150,24033.8,150,0,268050
NIFTY-III.NFO,08/01/2025,09:44:33,24035.65,24030.9,75,24035.35,75,0,268050
NIFTY-III.NFO,08/01/2025,09:44:34,24035.65,24030.9,75,24034.95,150,0,268050
NIFTY-III.NFO,08/01/2025,09:44:36,24035.65,24028.3,150,24034.55,225,0,268050
NIFTY-III.NFO,08/01/2025,09:44:38,24035.65,24027.75,150,24034.05,75,0,268050
NIFTY-III.NFO,08/01/2025,09:44:39,24035.65,24026.15,150,24034.5,150,0,268050
NIFTY-III.NFO,08/01/2025,09:44:41,24035.65,24029.05,150,24037.1,150,0,268050
NIFTY-III.NFO,08/01/2025,09:44:43,24035.65,24029.55,150,24037.35,150,0,268050
NIFTY-III.NFO,08/01/2025,09:44:44,24036.85,24030,150,24037.75,150,75,268050
NIFTY-III.NFO,08/01/2025,09:44:46,24037.65,24031.55,75,24037.1,150,75,268050
NIFTY-III.NFO,08/01/2025,09:44:48,24037.65,24028.65,150,24036.75,225,0,268050
NIFTY-III.NFO,08/01/2025,09:44:49,24034.8,24031.45,75,24037.1,375,75,268050
NIFTY-III.NFO,08/01/2025,09:44:51,24034.8,24028.7,150,24034.2,75,0,268050
NIFTY-III.NFO,08/01/2025,09:44:53,24034.8,24027.7,75,24033.4,75,0,268050
NIFTY-III.NFO,08/01/2025,09:44:54,24034.8,24027.7,75,24034.5,150,0,268050
NIFTY-III.NFO,08/01/2025,09:44:56,24033.6,24028,150,24036.7,225,75,268050
NIFTY-III.NFO,08/01/2025,09:44:58,24033.6,24029.85,150,24035.8,225,0,268050
NIFTY-III.NFO,08/01/2025,09:44:59,24033.6,24031.25,75,24034.35,225,0,268050
NIFTY-III.NFO,08/01/2025,09:45:01,24034.95,24031.25,75,24036.7,225,75,268050
NIFTY-III.NFO,08/01/2025,09:45:03,24034.95,24031.35,300,24038.25,75,0,268050
NIFTY-III.NFO,08/01/2025,09:45:04,24034.95,24031.95,75,24037.9,150,0,268050
NIFTY-III.NFO,08/01/2025,09:45:06,24034.95,24031.95,75,24034.8,150,0,268050
NIFTY-III.NFO,08/01/2025,09:45:08,24031.95,24026.15,225,24032.4,75,75,268050
NIFTY-III.NFO,08/01/2025,09:45:09,24031.95,24026.3,225,24029.9,225,0,268050
NIFTY-III.NFO,08/01/2025,09:45:11,24031.95,24026.25,75,24028.55,225,0,268050
NIFTY-III.NFO,08/01/2025,09:45:13,24031.95,24026.3,150,24026.75,75,0,268050
NIFTY-III.NFO,08/01/2025,09:45:14,24031.95,24026.35,75,24030,225,0,268050
NIFTY-III.NFO,08/01/2025,09:45:16,24031.95,24026.4,75,24028.9,75,0,268050
NIFTY-III.NFO,08/01/2025,09:45:18,24026.4,24026.35,75,24026.45,75,225,268050
NIFTY-III.NFO,08/01/2025,09:45:19,24026.35,24026.25,75,24029.55,150,150,268050
NIFTY-III.NFO,08/01/2025,09:45:21,24026.25,24026.25,75,24027.6,75,75,268050
NIFTY-III.NFO,08/01/2025,09:45:23,24030.45,24026.25,75,24028.1,75,75,268050
NIFTY-III.NFO,08/01/2025,09:45:24,24030.45,24026.3,75,24027.35,150,0,268050
NIFTY-III.NFO,08/01/2025,09:45:26,24026.2,24025,75,24026.8,75,225,268050
NIFTY-III.NFO,08/01/2025,09:45:28,24025,24020.35,225,24027.9,225,150,268050
NIFTY-III.NFO,08/01/2025,09:45:29,24025,24022.15,225,24027.05,75,0,268050
NIFTY-III.NFO,08/01/2025,09:45:31,24025,24022.15,225,24026.6,75,0,268050
NIFTY-III.NFO,08/01/2025,09:45:32,24025,24022.05,75,24026.75,75,0,268050
NIFTY-III.NFO,08/01/2025,09:45:34,24025,24022.25,150,24029.65,225,75,268950
NIFTY-III.NFO,08/01/2025,09:45:36,24025,24022.85,150,24030.9,75,0,268950
NIFTY-III.NFO,08/01/2025,09:45:37,24025,24022.05,75,24027.45,75,0,268950
NIFTY-III.NFO,08/01/2025,09:45:39,24025,24019.3,150,24026.3,150,0,268950
NIFTY-III.NFO,08/01/2025,09:45:41,24025,24019.45,150,24027.4,75,0,268950
NIFTY-III.NFO,08/01/2025,09:45:42,24025,24025,75,24027.6,75,0,268950
NIFTY-III.NFO,08/01/2025,09:45:44,24025,24025,75,24028.05,75,0,268950
NIFTY-III.NFO,08/01/2025,09:45:46,24025,24025.05,75,24027.6,75,0,268950
NIFTY-III.NFO,08/01/2025,09:45:47,24025,24025.05,75,24030.45,150,0,268950
NIFTY-III.NFO,08/01/2025,09:45:49,24025,24025.05,75,24030.15,75,0,268950
NIFTY-III.NFO,08/01/2025,09:45:50,24025,24025,75,24030.25,75,0,268950
NIFTY-III.NFO,08/01/2025,09:45:52,24025,24025,150,24030.25,150,0,268950
NIFTY-III.NFO,08/01/2025,09:45:54,24025,24025.1,75,24026.6,75,0,268950
NIFTY-III.NFO,08/01/2025,09:45:55,24025,24025.1,75,24028.65,75,0,268950
NIFTY-III.NFO,08/01/2025,09:45:57,24027.55,24025.1,75,24028.8,75,75,268950
NIFTY-III.NFO,08/01/2025,09:45:59,24027.55,24025.1,75,24027.1,75,0,268950
NIFTY-III.NFO,08/01/2025,09:46:00,24027.55,24025.1,75,24028.9,75,0,268950
NIFTY-III.NFO,08/01/2025,09:46:02,24027.55,24025.1,75,24031.85,150,0,268950
NIFTY-III.NFO,08/01/2025,09:46:04,24027.55,24025.9,225,24034.35,75,0,268950
NIFTY-III.NFO,08/01/2025,09:46:05,24026.4,24026.45,150,24032.95,75,150,268950
NIFTY-III.NFO,08/01/2025,09:46:07,24026.4,24026.4,75,24032.65,150,0,268950
NIFTY-III.NFO,08/01/2025,09:46:09,24026.4,24026.45,75,24028.25,75,0,268950
NIFTY-III.NFO,08/01/2025,09:46:10,24027.1,24026.45,75,24028.5,150,75,268950
NIFTY-III.NFO,08/01/2025,09:46:12,24025,24018.6,150,24025.95,150,375,268950
NIFTY-III.NFO,08/01/2025,09:46:14,24025,24018.3,300,24026.45,75,0,268950
NIFTY-III.NFO,08/01/2025,09:46:15,24025,24019.2,150,24026.95,150,0,268950
NIFTY-III.NFO,08/01/2025,09:46:17,24025,24018.2,150,24024.45,75,0,268950
NIFTY-III.NFO,08/01/2025,09:46:18,24024.45,24019.05,150,24026.45,75,75,268950
NIFTY-III.NFO,08/01/2025,09:46:20,24024.45,24020.05,150,24026.05,75,0,268950
NIFTY-III.NFO,08/01/2025,09:46:22,24024.45,24022.45,150,24030.5,75,0,268950
NIFTY-III.NFO,08/01/2025,09:46:23,24024.45,24021.05,150,24029,150,0,268950
NIFTY-III.NFO,08/01/2025,09:46:25,24024.45,24021.4,150,24029.9,150,0,268950
NIFTY-III.NFO,08/01/2025,09:46:27,24024.45,24021.45,75,24026.65,75,0,268950
NIFTY-III.NFO,08/01/2025,09:46:28,24024.45,24021.45,75,24024.95,75,0,268950
NIFTY-III.NFO,08/01/2025,09:46:30,24024.45,24020.05,150,24026.35,150,0,268950
NIFTY-III.NFO,08/01/2025,09:46:32,24025,24020.05,150,24028.1,150,75,268950
NIFTY-III.NFO,08/01/2025,09:46:33,24025,24021.25,225,24030.15,150,0,268950
NIFTY-III.NFO,08/01/2025,09:46:35,24025,24020.3,150,24026.6,75,0,268950
NIFTY-III.NFO,08/01/2025,09:46:37,24025,24020.05,150,24026.3,150,0,268950
NIFTY-III.NFO,08/01/2025,09:46:38,24025,24020,225,24026.2,150,0,268950
NIFTY-III.NFO,08/01/2025,09:46:40,24025,24020,225,24024.2,75,0,268950
NIFTY-III.NFO,08/01/2025,09:46:42,24025,24020.05,150,24024.8,75,0,268950
NIFTY-III.NFO,08/01/2025,09:46:43,24025,24020,225,24025.9,150,75,268950
NIFTY-III.NFO,08/01/2025,09:46:45,24025,24020,225,24023.75,75,0,268950
NIFTY-III.NFO,08/01/2025,09:46:47,24025,24020.05,150,24026.15,150,0,268950
NIFTY-III.NFO,08/01/2025,09:46:48,24025,24020.05,150,24025.05,75,0,268950
NIFTY-III.NFO,08/01/2025,09:46:50,24025,24022.05,150,24029.15,150,0,268950
NIFTY-III.NFO,08/01/2025,09:46:52,24025,24022.05,150,24028.05,75,0,268950
NIFTY-III.NFO,08/01/2025,09:46:53,24025,24022.05,150,24029,75,0,268950
NIFTY-III.NFO,08/01/2025,09:46:55,24025,24022,225,24024.15,75,0,268950
NIFTY-III.NFO,08/01/2025,09:46:57,24025,24022,225,24023.45,75,0,268950
NIFTY-III.NFO,08/01/2025,09:46:58,24025,24022,225,24025,300,0,268950
NIFTY-III.NFO,08/01/2025,09:47:00,24025,24022,225,24023.45,75,0,268950
NIFTY-III.NFO,08/01/2025,09:47:02,24025,24022,225,24025,300,0,268950
NIFTY-III.NFO,08/01/2025,09:47:03,24025,24022,225,24023.6,75,0,268950
NIFTY-III.NFO,08/01/2025,09:47:05,24025,24022.2,75,24025,300,0,268950
NIFTY-III.NFO,08/01/2025,09:47:07,24025,24022.25,150,24025,225,75,268950
NIFTY-III.NFO,08/01/2025,09:47:08,24025,24022.25,150,24025,225,0,268950
NIFTY-III.NFO,08/01/2025,09:47:12,24025,24022.2,75,24025,225,0,268950
NIFTY-III.NFO,08/01/2025,09:47:13,24025,24022,225,24025,225,0,268950
NIFTY-III.NFO,08/01/2025,09:47:15,24021,24020,75,24021.25,75,300,268950
NIFTY-III.NFO,08/01/2025,09:47:17,24021,24020,75,24025,225,0,268950
NIFTY-III.NFO,08/01/2025,09:47:18,24021,24020,75,24021.9,75,0,268950
NIFTY-III.NFO,08/01/2025,09:47:20,24021,24020,75,24023.95,75,0,268950
NIFTY-III.NFO,08/01/2025,09:47:22,24021,24020.05,150,24024.5,75,0,268950
NIFTY-III.NFO,08/01/2025,09:47:23,24021,24021,75,24024.5,75,0,268950
NIFTY-III.NFO,08/01/2025,09:47:25,24021,24021.05,150,24024.5,75,0,268950
NIFTY-III.NFO,08/01/2025,09:47:27,24021,24021.05,150,24025,225,0,268950
NIFTY-III.NFO,08/01/2025,09:47:28,24021,24021,75,24023.55,75,0,268950
NIFTY-III.NFO,08/01/2025,09:47:30,24021,24021.05,150,24025,225,0,268950
NIFTY-III.NFO,08/01/2025,09:47:32,24033.1,24025.7,375,24031.4,225,300,268950
NIFTY-III.NFO,08/01/2025,09:47:33,24033.1,24025.7,150,24033.05,225,0,268950
NIFTY-III.NFO,08/01/2025,09:47:35,24033.1,24029.65,150,24036.85,225,0,268950
NIFTY-III.NFO,08/01/2025,09:47:37,24033.1,24029.95,150,24037.6,75,0,268950
NIFTY-III.NFO,08/01/2025,09:47:38,24033.1,24031.25,150,24037.8,75,0,268950
NIFTY-III.NFO,08/01/2025,09:47:40,24033.1,24030.6,225,24037.7,75,0,268950
NIFTY-III.NFO,08/01/2025,09:47:42,24033.1,24027.9,150,24032.35,75,0,268950
NIFTY-III.NFO,08/01/2025,09:47:43,24033.1,24028.8,150,24033.75,75,0,268950
NIFTY-III.NFO,08/01/2025,09:47:45,24033.1,24027.9,150,24032.8,75,0,268950
NIFTY-III.NFO,08/01/2025,09:47:47,24033.1,24024.55,300,24034.45,300,0,268950
NIFTY-III.NFO,08/01/2025,09:47:48,24033.1,24027.05,150,24030.95,75,0,268950
NIFTY-III.NFO,08/01/2025,09:47:50,24033.1,24026.75,150,24029.95,75,0,268950
NIFTY-III.NFO,08/01/2025,09:47:52,24033.1,24021.8,150,24034.35,300,0,268950
NIFTY-III.NFO,08/01/2025,09:47:53,24033.1,24021.3,150,24026.5,75,0,268950
NIFTY-III.NFO,08/01/2025,09:47:55,24033.1,24021.3,150,24026.05,75,0,268950
NIFTY-III.NFO,08/01/2025,09:47:57,24033.1,24023.65,150,24032.75,225,0,268950
NIFTY-III.NFO,08/01/2025,09:47:58,24033.1,24023.4,150,24030.8,225,0,268950
NIFTY-III.NFO,08/01/2025,09:48:00,24033.1,24022.65,150,24031.05,225,0,268950
NIFTY-III.NFO,08/01/2025,09:48:02,24033.1,24021.9,150,24030,225,0,268950
NIFTY-III.NFO,08/01/2025,09:48:03,24033.1,24021.9,150,24029.9,75,0,268950
NIFTY-III.NFO,08/01/2025,09:48:05,24033.1,24022.75,300,24031.1,75,0,268950
NIFTY-III.NFO,08/01/2025,09:48:07,24029.05,24021,75,24026.35,75,75,268950
NIFTY-III.NFO,08/01/2025,09:48:08,24021,24020,75,24025.75,75,75,268950
NIFTY-III.NFO,08/01/2025,09:48:10,24021,24020,75,24025.65,225,0,268950
NIFTY-III.NFO,08/01/2025,09:48:12,24021,24020,75,24024,75,0,268950
NIFTY-III.NFO,08/01/2025,09:48:14,24021,24020,75,24025,225,0,268950
NIFTY-III.NFO,08/01/2025,09:48:15,24021,24020,75,24025.8,75,0,268950
NIFTY-III.NFO,08/01/2025,09:48:17,24021,24020,75,24024.55,75,0,268950
NIFTY-III.NFO,08/01/2025,09:48:19,24021,24020,75,24022.75,75,0,268950
NIFTY-III.NFO,08/01/2025,09:48:20,24021,24020,75,24021.05,75,0,268950
NIFTY-III.NFO,08/01/2025,09:48:22,24021,24020,75,24022.55,75,0,268950
NIFTY-III.NFO,08/01/2025,09:48:25,24021,24020,75,24023.2,75,0,268950
NIFTY-III.NFO,08/01/2025,09:48:27,24021,24020,75,24024.15,75,0,268950
NIFTY-III.NFO,08/01/2025,09:48:28,24021,24020,75,24025.1,225,0,268950
NIFTY-III.NFO,08/01/2025,09:48:30,24021,24020,75,24024.75,225,0,268950
NIFTY-III.NFO,08/01/2025,09:48:32,24021,24020,75,24025.75,150,0,268950
NIFTY-III.NFO,08/01/2025,09:48:33,24021,24020,75,24023.15,225,0,268950
NIFTY-III.NFO,08/01/2025,09:48:35,24021,24020,75,24023.25,75,0,268950
NIFTY-III.NFO,08/01/2025,09:48:37,24021,24020,75,24024.1,225,0,268950
NIFTY-III.NFO,08/01/2025,09:48:38,24021,24020,75,24022.65,225,0,268950
NIFTY-III.NFO,08/01/2025,09:48:40,24021,24020,75,24022.75,225,0,268950
NIFTY-III.NFO,08/01/2025,09:48:42,24021,24020,75,24022.15,75,0,268950
NIFTY-III.NFO,08/01/2025,09:48:43,24021,24015,150,24022.75,75,0,268950
NIFTY-III.NFO,08/01/2025,09:48:45,24021,24015.1,150,24022.8,225,0,268950
NIFTY-III.NFO,08/01/2025,09:48:47,24021,24017.3,150,24024.1,225,0,268950
NIFTY-III.NFO,08/01/2025,09:48:48,24021,24015,150,24021.65,75,0,268950
NIFTY-III.NFO,08/01/2025,09:48:50,24021,24016.65,150,24023.4,75,0,268950
NIFTY-III.NFO,08/01/2025,09:48:52,24021,24015.65,75,24021.05,75,0,268950
NIFTY-III.NFO,08/01/2025,09:48:53,24013.9,24013.15,75,24021.2,300,150,269550
NIFTY-III.NFO,08/01/2025,09:48:55,24013.9,24012.9,75,24019.95,75,0,269550
NIFTY-III.NFO,08/01/2025,09:48:57,24013.9,24014.5,75,24021.95,75,0,269550
NIFTY-III.NFO,08/01/2025,09:48:58,24013.9,24017.15,75,24026,150,0,269550
NIFTY-III.NFO,08/01/2025,09:49:00,24013.9,24018.55,600,24026,75,0,269550
NIFTY-III.NFO,08/01/2025,09:49:02,24013.9,24021.95,225,24029.55,225,0,269550
NIFTY-III.NFO,08/01/2025,09:49:03,24013.9,24019.4,75,24027.5,300,0,269550
NIFTY-III.NFO,08/01/2025,09:49:05,24013.9,24022.15,225,24027.95,150,0,269550
NIFTY-III.NFO,08/01/2025,09:49:07,24013.9,24017.7,75,24025.9,300,0,269550
NIFTY-III.NFO,08/01/2025,09:49:08,24013.9,24017.65,75,24022.7,75,0,269550
NIFTY-III.NFO,08/01/2025,09:49:10,24013.9,24020.1,225,24024.15,75,0,269550
NIFTY-III.NFO,08/01/2025,09:49:12,24013.9,24020.3,75,24024.85,75,0,269550
NIFTY-III.NFO,08/01/2025,09:49:13,24013.9,24020.85,225,24024.6,75,0,269550
NIFTY-III.NFO,08/01/2025,09:49:15,24013.9,24021.15,75,24023.55,75,0,269550
NIFTY-III.NFO,08/01/2025,09:49:17,24021.15,24021.6,75,24024.75,75,75,269550
NIFTY-III.NFO,08/01/2025,09:49:18,24021.15,24018.55,75,24022.55,75,0,269550
NIFTY-III.NFO,08/01/2025,09:49:20,24021.15,24018.55,225,24023.05,75,0,269550
NIFTY-III.NFO,08/01/2025,09:49:22,24021.15,24018.55,75,24023.05,75,0,269550
NIFTY-III.NFO,08/01/2025,09:49:23,24021.15,24016.55,75,24022.75,150,0,269550
NIFTY-III.NFO,08/01/2025,09:49:25,24021.15,24016.55,75,24021.35,75,0,269550
NIFTY-III.NFO,08/01/2025,09:49:27,24021.15,24015.4,75,24023.7,300,0,269550
NIFTY-III.NFO,08/01/2025,09:49:28,24021.15,24015.35,225,24019.45,75,0,269550
NIFTY-III.NFO,08/01/2025,09:49:30,24021.15,24015.35,225,24019,75,0,269550
NIFTY-III.NFO,08/01/2025,09:49:32,24021.15,24013.9,75,24014.8,75,0,269550
NIFTY-III.NFO,08/01/2025,09:49:33,24021.15,24013.9,75,24019.65,150,0,269550
NIFTY-III.NFO,08/01/2025,09:49:35,24021.15,24011,150,24016,300,0,269550
NIFTY-III.NFO,08/01/2025,09:49:37,24010.05,24010,975,24012.3,75,300,269550
NIFTY-III.NFO,08/01/2025,09:49:38,24010.05,24010,975,24011.95,225,0,269550
NIFTY-III.NFO,08/01/2025,09:49:40,24010.05,24010,975,24012.7,75,0,269550
NIFTY-III.NFO,08/01/2025,09:49:42,24010.05,24010,975,24018.9,300,0,269550
NIFTY-III.NFO,08/01/2025,09:49:43,24010.05,24010,975,24015.75,75,0,269550
NIFTY-III.NFO,08/01/2025,09:49:45,24010.05,24010,975,24017.15,225,0,269550
NIFTY-III.NFO,08/01/2025,09:49:47,24010,24010,900,24014.05,150,75,269550
NIFTY-III.NFO,08/01/2025,09:49:48,24010,24010,900,24013.35,75,0,269550
NIFTY-III.NFO,08/01/2025,09:49:50,24010,24010.15,150,24017.1,75,0,269550
NIFTY-III.NFO,08/01/2025,09:49:52,24010,24010.75,150,24017.2,75,0,269550
NIFTY-III.NFO,08/01/2025,09:49:53,24010,24010.05,150,24015.9,75,0,269550
NIFTY-III.NFO,08/01/2025,09:49:55,24010,24010.05,150,24015.65,75,0,269550
NIFTY-III.NFO,08/01/2025,09:49:57,24010,24010,900,24016.5,75,0,269550
NIFTY-III.NFO,08/01/2025,09:49:58,24010,24010,900,24014.45,75,0,269550
NIFTY-III.NFO,08/01/2025,09:50:00,24010,24010,900,24012.4,75,0,269550
NIFTY-III.NFO,08/01/2025,09:50:02,24010,24010,900,24014.75,75,0,269550
NIFTY-III.NFO,08/01/2025,09:50:03,24010,24010.25,150,24016.85,75,0,269550
NIFTY-III.NFO,08/01/2025,09:50:05,24010,24010.05,225,24016.6,75,0,269550
NIFTY-III.NFO,08/01/2025,09:50:07,24010,24010.05,150,24017,75,0,269550
NIFTY-III.NFO,08/01/2025,09:50:08,24010,24010.7,150,24020.5,300,0,269550
NIFTY-III.NFO,08/01/2025,09:50:10,24010,24010.75,150,24017.7,75,0,269550
NIFTY-III.NFO,08/01/2025,09:50:12,24010,24010.45,150,24016.6,75,0,269550
NIFTY-III.NFO,08/01/2025,09:50:13,24010,24010.05,150,24015.8,75,0,269550
NIFTY-III.NFO,08/01/2025,09:50:15,24016.05,24010.05,150,24016.1,75,75,269550
NIFTY-III.NFO,08/01/2025,09:50:17,24016.05,24010.05,150,24014.95,75,0,269550
NIFTY-III.NFO,08/01/2025,09:50:18,24016.05,24010.35,150,24015.7,75,0,269550
NIFTY-III.NFO,08/01/2025,09:50:20,24016.05,24011.35,150,24017.4,75,0,269550
NIFTY-III.NFO,08/01/2025,09:50:22,24016.05,24012.5,150,24018.3,75,0,269550
NIFTY-III.NFO,08/01/2025,09:50:24,24016.05,24011.45,300,24017.5,75,0,269550
NIFTY-III.NFO,08/01/2025,09:50:25,24016.05,24010.05,150,24015,75,0,269550
NIFTY-III.NFO,08/01/2025,09:50:27,24016.05,24010.4,150,24017.05,75,0,269550
NIFTY-III.NFO,08/01/2025,09:50:29,24016.05,24010.25,150,24015.55,75,0,269550
NIFTY-III.NFO,08/01/2025,09:50:30,24016.05,24010.95,150,24016.15,75,0,269550
NIFTY-III.NFO,08/01/2025,09:50:32,24016.05,24010.05,150,24015.25,75,0,269550
NIFTY-III.NFO,08/01/2025,09:50:34,24016.05,24011.15,150,24016.4,75,0,269550
NIFTY-III.NFO,08/01/2025,09:50:35,24016.05,24012.55,300,24016.1,75,0,269550
NIFTY-III.NFO,08/01/2025,09:50:37,24016.05,24013.4,300,24018.75,75,0,269550
NIFTY-III.NFO,08/01/2025,09:50:39,24016.05,24015.1,150,24022,75,0,269550
NIFTY-III.NFO,08/01/2025,09:50:40,24016.05,24016.2,150,24021.3,225,0,269550
NIFTY-III.NFO,08/01/2025,09:50:42,24016.05,24015.75,300,24021.3,225,0,269550
NIFTY-III.NFO,08/01/2025,09:50:44,24016.05,24016.85,150,24023.1,75,0,269550
NIFTY-III.NFO,08/01/2025,09:50:45,24016.05,24015.1,150,24021.5,75,0,269550
NIFTY-III.NFO,08/01/2025,09:50:47,24016.05,24016.55,300,24022.85,75,0,269550
NIFTY-III.NFO,08/01/2025,09:50:49,24016.05,24015.95,150,24022.75,75,0,269550
NIFTY-III.NFO,08/01/2025,09:50:50,24016.05,24014.9,150,24020.95,75,0,269550
NIFTY-III.NFO,08/01/2025,09:50:52,24016.05,24014.9,150,24021.7,75,0,269550
NIFTY-III.NFO,08/01/2025,09:50:54,24016.05,24013.1,150,24019.35,75,0,269550
NIFTY-III.NFO,08/01/2025,09:50:55,24016.05,24011.3,150,24018,75,0,269550
NIFTY-III.NFO,08/01/2025,09:50:57,24016.05,24013.5,150,24019.6,75,0,269550
NIFTY-III.NFO,08/01/2025,09:50:59,24016.05,24014.15,150,24020.65,75,0,269550
NIFTY-III.NFO,08/01/2025,09:51:00,24016.05,24014.8,150,24021.5,75,0,269550
NIFTY-III.NFO,08/01/2025,09:51:02,24016.05,24015.5,150,24025.05,375,0,269550
NIFTY-III.NFO,08/01/2025,09:51:04,24016.05,24014.75,150,24021.15,75,0,269550
NIFTY-III.NFO,08/01/2025,09:51:05,24016.05,24016.65,150,24022.1,75,0,269550
NIFTY-III.NFO,08/01/2025,09:51:07,24016.05,24015.15,150,24022.95,75,0,269550
NIFTY-III.NFO,08/01/2025,09:51:09,24016.05,24014.35,150,24021.7,75,0,269550
NIFTY-III.NFO,08/01/2025,09:51:10,24016.05,24014.2,300,24021.05,75,0,269550
NIFTY-III.NFO,08/01/2025,09:51:12,24016.05,24016.05,225,24021.1,75,0,269550
NIFTY-III.NFO,08/01/2025,09:51:14,24016.05,24016.1,150,24021.75,75,0,269550
NIFTY-III.NFO,08/01/2025,09:51:15,24016.05,24016.05,150,24020.85,75,75,269550
NIFTY-III.NFO,08/01/2025,09:51:17,24016.05,24016.05,150,24021.25,75,0,269550
NIFTY-III.NFO,08/01/2025,09:51:19,24016.05,24016.05,150,24021.65,75,0,269550
NIFTY-III.NFO,08/01/2025,09:51:20,24016.05,24016.1,150,24022.1,75,0,269550
NIFTY-III.NFO,08/01/2025,09:51:22,24016.05,24016.4,300,24021.6,75,0,269550
NIFTY-III.NFO,08/01/2025,09:51:23,24016.05,24016.1,150,24021.2,75,0,269550
NIFTY-III.NFO,08/01/2025,09:51:27,24016.05,24016.05,150,24021.3,75,0,269550
NIFTY-III.NFO,08/01/2025,09:51:28,24016.05,24016.1,150,24021.8,75,0,269550
NIFTY-III.NFO,08/01/2025,09:51:30,24016.05,24016.8,150,24021.7,75,0,269550
NIFTY-III.NFO,08/01/2025,09:51:32,24016.05,24020.9,150,24029.15,75,0,269550
NIFTY-III.NFO,08/01/2025,09:51:33,24016.05,24021.2,150,24027.9,75,0,269550
NIFTY-III.NFO,08/01/2025,09:51:35,24016.05,24021.3,150,24027.95,225,0,269550
NIFTY-III.NFO,08/01/2025,09:51:37,24016.05,24023.1,300,24028.5,225,0,269550
NIFTY-III.NFO,08/01/2025,09:51:38,24016.05,24021.5,150,24028.2,225,0,269550
NIFTY-III.NFO,08/01/2025,09:51:40,24016.05,24020.5,150,24027.95,225,0,269550
NIFTY-III.NFO,08/01/2025,09:51:42,24016.05,24020.25,150,24026.95,75,0,269550
NIFTY-III.NFO,08/01/2025,09:51:43,24016.05,24020.2,225,24025.85,75,0,269550
NIFTY-III.NFO,08/01/2025,09:51:45,24016.05,24018.05,225,24024.85,75,0,269550
NIFTY-III.NFO,08/01/2025,09:51:47,24016.05,24018.35,225,24024.25,75,0,269550
NIFTY-III.NFO,08/01/2025,09:51:48,24016.05,24018.15,225,24022.7,75,0,269550
NIFTY-III.NFO,08/01/2025,09:51:50,24016.05,24016.05,150,24022.35,300,0,269550
NIFTY-III.NFO,08/01/2025,09:51:52,24020,24016.05,150,24019.4,75,75,269475
NIFTY-III.NFO,08/01/2025,09:51:53,24020,24016.05,150,24019.4,75,0,269475
NIFTY-III.NFO,08/01/2025,09:51:55,24020,24016.05,150,24021.25,75,0,269475
NIFTY-III.NFO,08/01/2025,09:51:57,24020,24016.05,150,24021.2,150,0,269475
NIFTY-III.NFO,08/01/2025,09:51:58,24020,24016.05,150,24019.7,75,0,269475
NIFTY-III.NFO,08/01/2025,09:52:00,24020,24010.8,225,24018.15,75,0,269475
NIFTY-III.NFO,08/01/2025,09:52:02,24020,24011.4,225,24016,75,0,269475
NIFTY-III.NFO,08/01/2025,09:52:03,24020,24011.65,225,24016.85,75,0,269475
NIFTY-III.NFO,08/01/2025,09:52:05,24020,24012.05,150,24018.9,75,0,269475
NIFTY-III.NFO,08/01/2025,09:52:07,24018.9,24011.8,150,24019.05,75,75,269475
NIFTY-III.NFO,08/01/2025,09:52:08,24019.05,24011.6,225,24019.1,225,75,269475
NIFTY-III.NFO,08/01/2025,09:52:10,24019.05,24012.9,150,24019.9,225,0,269475
NIFTY-III.NFO,08/01/2025,09:52:12,24019.05,24012.85,225,24020,75,0,269475
NIFTY-III.NFO,08/01/2025,09:52:13,24019.05,24014.45,150,24020,75,0,269475
NIFTY-III.NFO,08/01/2025,09:52:15,24019.05,24014.55,150,24018.85,75,0,269475
NIFTY-III.NFO,08/01/2025,09:52:17,24019.05,24014.75,150,24020,75,0,269475
NIFTY-III.NFO,08/01/2025,09:52:18,24019.05,24014.1,150,24019.2,75,0,269475
NIFTY-III.NFO,08/01/2025,09:52:20,24019.05,24015.65,150,24020,75,0,269475
NIFTY-III.NFO,08/01/2025,09:52:22,24019.05,24016.3,150,24020,75,0,269475
NIFTY-III.NFO,08/01/2025,09:52:23,24019.05,24014.15,150,24020,75,0,269475
NIFTY-III.NFO,08/01/2025,09:52:25,24019.05,24015,150,24020,75,0,269475
NIFTY-III.NFO,08/01/2025,09:52:27,24019.05,24014.9,150,24020,75,0,269475
NIFTY-III.NFO,08/01/2025,09:52:28,24019.05,24015.9,150,24020,75,0,269475
NIFTY-III.NFO,08/01/2025,09:52:30,24019.05,24017.5,150,24020,75,0,269475
NIFTY-III.NFO,08/01/2025,09:52:32,24020,24018.3,150,24024.5,75,75,269475
NIFTY-III.NFO,08/01/2025,09:52:34,24020,24019.85,150,24027.2,225,0,269475
NIFTY-III.NFO,08/01/2025,09:52:35,24020.9,24016.8,150,24020.8,75,75,269475
NIFTY-III.NFO,08/01/2025,09:52:37,24020.8,24015.1,150,24019.3,75,75,269475
NIFTY-III.NFO,08/01/2025,09:52:39,24020.8,24015.4,150,24023.7,225,0,269475
NIFTY-III.NFO,08/01/2025,09:52:40,24020.8,24017.5,150,24020.75,75,0,269475
NIFTY-III.NFO,08/01/2025,09:52:42,24019.75,24015.2,150,24019.55,75,75,269475
NIFTY-III.NFO,08/01/2025,09:52:44,24019.75,24015.3,300,24019.55,75,0,269475
NIFTY-III.NFO,08/01/2025,09:52:45,24019.75,24016.2,150,24020.8,75,0,269475
NIFTY-III.NFO,08/01/2025,09:52:47,24019.75,24015.6,150,24018.95,75,0,269475
NIFTY-III.NFO,08/01/2025,09:52:49,24019.75,24014.55,300,24017.95,75,0,269475
NIFTY-III.NFO,08/01/2025,09:52:50,24019.75,24014,150,24017.65,75,0,269475
NIFTY-III.NFO,08/01/2025,09:52:52,24019.75,24014,150,24017.2,75,0,269475
NIFTY-III.NFO,08/01/2025,09:52:54,24019.75,24014,150,24016.45,75,0,269475
NIFTY-III.NFO,08/01/2025,09:52:55,24019.75,24014.05,150,24017.65,75,0,269475
NIFTY-III.NFO,08/01/2025,09:52:57,24019.75,24014.85,150,24020.8,75,0,269475
NIFTY-III.NFO,08/01/2025,09:52:59,24019.75,24014.6,150,24018.65,75,0,269475
NIFTY-III.NFO,08/01/2025,09:53:00,24019.75,24014.85,150,24020.8,75,0,269475
NIFTY-III.NFO,08/01/2025,09:53:02,24019.75,24018.3,150,24020.8,75,0,269475
NIFTY-III.NFO,08/01/2025,09:53:04,24020.8,24019.7,150,24027.4,225,75,269475
NIFTY-III.NFO,08/01/2025,09:53:05,24020.8,24022.1,150,24029,225,0,269475
NIFTY-III.NFO,08/01/2025,09:53:07,24020.8,24025.15,150,24032.75,225,0,269475
NIFTY-III.NFO,08/01/2025,09:53:09,24020.8,24025.45,150,24033,225,0,269475
NIFTY-III.NFO,08/01/2025,09:53:10,24020.8,24025.55,150,24032.5,225,0,269475
NIFTY-III.NFO,08/01/2025,09:53:12,24020.8,24025.95,150,24034.1,225,0,269475
NIFTY-III.NFO,08/01/2025,09:53:14,24020.8,24025.4,75,24032,225,0,269475
NIFTY-III.NFO,08/01/2025,09:53:15,24026.3,24026.15,75,24030.8,75,75,269475
NIFTY-III.NFO,08/01/2025,09:53:17,24026.3,24026.2,75,24030.5,75,0,269475
NIFTY-III.NFO,08/01/2025,09:53:19,24026.3,24026.35,150,24031.05,75,0,269475
NIFTY-III.NFO,08/01/2025,09:53:20,24026.3,24027.95,150,24037,225,0,269475
