Ticker,Date,Time,LTP,BuyPrice,BuyQty,SellPrice,SellQty,LTQ,OpenInterest
BANKNIFTY-II.NFO,28/05/2024,09:15:02,49644.15,49658.25,15,49676.5,75,105,896715
BANKNIFTY-II.NFO,28/05/2024,09:15:02,49658.25,49658.25,15,49676.5,75,0,896715
BANKNIFTY-II.NFO,28/05/2024,09:15:02,49691.75,49658.25,15,49676.5,75,0,896715
BANKNIFTY-II.NFO,28/05/2024,09:15:02,49644.15,49658.25,15,49676.5,75,0,896715
BANKNIFTY-II.NFO,28/05/2024,09:15:02,49658.25,49648.25,30,49674.9,60,0,896715
BANKNIFTY-II.NFO,28/05/2024,09:15:03,49651.4,49646.75,30,49664.3,15,45,896715
BANKNIFTY-II.NFO,28/05/2024,09:15:04,49660.95,49643.7,150,49660.95,30,120,896715
BANKNIFTY-II.NFO,28/05/2024,09:15:04,49640.2,49643.7,150,49660.95,30,0,896715
BANKNIFTY-II.NFO,28/05/2024,09:15:05,49651.4,49640,60,49654.65,60,60,896715
BANKNIFTY-II.NFO,28/05/2024,09:15:06,49657.45,49628.35,45,49657.45,60,345,896715
BANKNIFTY-II.NFO,28/05/2024,09:15:06,49627.6,49628.35,45,49657.45,60,0,896715
BANKNIFTY-II.NFO,28/05/2024,09:15:08,49658,49638.15,60,49655.05,15,90,896715
BANKNIFTY-II.NFO,28/05/2024,09:15:09,49663.8,49638.15,60,49657.45,15,120,896715
BANKNIFTY-II.NFO,28/05/2024,09:15:10,49657.4,49638.05,105,49657.45,15,30,896715
BANKNIFTY-II.NFO,28/05/2024,09:15:12,49638.1,49638.05,15,49651.4,15,120,896715
BANKNIFTY-II.NFO,28/05/2024,09:15:13,49638.65,49638,600,49638.65,15,180,896715
BANKNIFTY-II.NFO,28/05/2024,09:15:15,49635.6,49605.25,15,49623.95,60,660,896715
BANKNIFTY-II.NFO,28/05/2024,09:15:15,49620.7,49605.25,15,49623.95,60,0,896715
BANKNIFTY-II.NFO,28/05/2024,09:15:16,49631.55,49612.85,15,49637.25,75,135,896715
BANKNIFTY-II.NFO,28/05/2024,09:15:16,49613.55,49612.85,15,49637.25,75,0,896715
BANKNIFTY-II.NFO,28/05/2024,09:15:18,49612.35,49622.5,15,49636.95,60,15,896715
BANKNIFTY-II.NFO,28/05/2024,09:15:18,49612.35,49622.5,15,49636.95,60,0,896715
BANKNIFTY-II.NFO,28/05/2024,09:15:19,49631.55,49622.9,15,49637.8,60,15,896715
BANKNIFTY-II.NFO,28/05/2024,09:15:21,49638,49626,75,49638,60,30,896715
BANKNIFTY-II.NFO,28/05/2024,09:15:22,49637.6,49628,150,49638,60,15,896715
BANKNIFTY-II.NFO,28/05/2024,09:15:23,49637.6,49627.2,150,49638,60,0,896715
BANKNIFTY-II.NFO,28/05/2024,09:15:25,49638.05,49629.95,150,49638,60,120,896715
BANKNIFTY-II.NFO,28/05/2024,09:15:26,49638.05,49631.8,45,49638.05,420,195,896715
BANKNIFTY-II.NFO,28/05/2024,09:15:28,49631.85,49631.6,15,49638.05,540,45,896715
BANKNIFTY-II.NFO,28/05/2024,09:15:29,49640,49638,15,49649.95,60,585,896715
BANKNIFTY-II.NFO,28/05/2024,09:15:31,49650,49651.05,75,49657,15,135,896715
BANKNIFTY-II.NFO,28/05/2024,09:15:32,49651.15,49650,15,49657,15,15,896715
BANKNIFTY-II.NFO,28/05/2024,09:15:33,49657.45,49657.65,150,49660,30,30,896715
BANKNIFTY-II.NFO,28/05/2024,09:15:35,49670,49666.7,15,49670,90,75,897120
BANKNIFTY-II.NFO,28/05/2024,09:15:37,49676.75,49665.75,60,49679.85,15,300,897120
BANKNIFTY-II.NFO,28/05/2024,09:15:38,49676.75,49664,60,49679.85,15,0,897120
BANKNIFTY-II.NFO,28/05/2024,09:15:40,49664.2,49668.4,60,49686.45,30,120,897120
BANKNIFTY-II.NFO,28/05/2024,09:15:41,49668.65,49673.2,60,49689.95,30,30,897120
BANKNIFTY-II.NFO,28/05/2024,09:15:43,49678.4,49680.95,60,49689.95,15,30,897120
BANKNIFTY-II.NFO,28/05/2024,09:15:44,49674.65,49681.3,30,49686.1,15,90,897120
BANKNIFTY-II.NFO,28/05/2024,09:15:46,49678.2,49676.95,90,49689.95,60,105,897120
BANKNIFTY-II.NFO,28/05/2024,09:15:47,49680.6,49681.95,150,49690,30,135,897120
BANKNIFTY-II.NFO,28/05/2024,09:15:49,49690,49683.05,165,49690,15,30,897120
BANKNIFTY-II.NFO,28/05/2024,09:15:50,49690,49675.85,30,49689.95,120,30,897120
BANKNIFTY-II.NFO,28/05/2024,09:15:52,49675.25,49680.7,150,49690,105,15,897120
BANKNIFTY-II.NFO,28/05/2024,09:15:54,49690,49687.25,150,49690,45,105,897120
BANKNIFTY-II.NFO,28/05/2024,09:15:55,49691.4,49685.15,60,49693.95,30,555,897120
BANKNIFTY-II.NFO,28/05/2024,09:15:55,49693.95,49685.15,60,49693.95,30,0,897120
BANKNIFTY-II.NFO,28/05/2024,09:15:57,49694.25,49685.7,15,49691.4,15,105,897120
BANKNIFTY-II.NFO,28/05/2024,09:15:57,49700,49685.7,15,49691.4,15,0,897120
BANKNIFTY-II.NFO,28/05/2024,09:15:59,49691.4,49680.1,135,49691.9,15,60,897120
BANKNIFTY-II.NFO,28/05/2024,09:16:00,49700,49695.4,75,49703.95,45,210,897120
BANKNIFTY-II.NFO,28/05/2024,09:16:02,49691.05,49688.75,75,49703.9,60,75,897120
BANKNIFTY-II.NFO,28/05/2024,09:16:04,49691.05,49696,15,49703.95,30,0,897120
BANKNIFTY-II.NFO,28/05/2024,09:16:05,49693.45,49693.15,120,49700,15,30,897120
BANKNIFTY-II.NFO,28/05/2024,09:16:07,49700,49690,15,49700,15,90,897120
BANKNIFTY-II.NFO,28/05/2024,09:16:09,49685.1,49680.6,75,49695.75,60,300,897120
BANKNIFTY-II.NFO,28/05/2024,09:16:10,49692,49678.35,90,49695.25,90,45,897120
BANKNIFTY-II.NFO,28/05/2024,09:16:12,49688.35,49678.4,15,49687.2,60,60,897120
BANKNIFTY-II.NFO,28/05/2024,09:16:13,49685.1,49682.25,30,49685.1,60,30,897120
BANKNIFTY-II.NFO,28/05/2024,09:16:15,49695.3,49684.5,60,49687.25,45,150,897120
BANKNIFTY-II.NFO,28/05/2024,09:16:16,49683.8,49683.75,60,49687.25,45,15,897120
BANKNIFTY-II.NFO,28/05/2024,09:16:18,49685,49678.4,15,49685,60,330,897120
BANKNIFTY-II.NFO,28/05/2024,09:16:19,49685,49678.4,15,49683.7,15,0,897120
BANKNIFTY-II.NFO,28/05/2024,09:16:21,49682.85,49678.4,15,49682.6,60,45,897120
BANKNIFTY-II.NFO,28/05/2024,09:16:23,49674.5,49674.85,45,49682.2,60,75,897120
BANKNIFTY-II.NFO,28/05/2024,09:16:24,49682.2,49674.5,60,49682.2,15,90,897120
BANKNIFTY-II.NFO,28/05/2024,09:16:26,49678.55,49678.55,15,49685.05,15,30,897120
BANKNIFTY-II.NFO,28/05/2024,09:16:27,49678.55,49682.15,45,49685.05,30,0,897120
BANKNIFTY-II.NFO,28/05/2024,09:16:29,49680.6,49678.55,15,49685.05,30,45,897120
BANKNIFTY-II.NFO,28/05/2024,09:16:30,49685.1,49683.45,30,49687.25,45,30,897120
BANKNIFTY-II.NFO,28/05/2024,09:16:32,49685,49681.3,15,49683.45,75,75,897120
BANKNIFTY-II.NFO,28/05/2024,09:16:33,49681.3,49678.55,15,49682.25,15,90,897120
BANKNIFTY-II.NFO,28/05/2024,09:16:35,49674.5,49674.5,15,49680.7,30,60,897120
BANKNIFTY-II.NFO,28/05/2024,09:16:36,49675.05,49677.65,30,49684.75,15,150,897120
BANKNIFTY-II.NFO,28/05/2024,09:16:38,49684.25,49685,30,49687.25,45,210,897120
BANKNIFTY-II.NFO,28/05/2024,09:16:39,49683,49682.9,30,49687.25,15,45,897120
BANKNIFTY-II.NFO,28/05/2024,09:16:41,49688.85,49688.55,15,49694.85,60,60,897120
BANKNIFTY-II.NFO,28/05/2024,09:16:42,49691.95,49686.3,15,49691.95,45,75,897120
BANKNIFTY-II.NFO,28/05/2024,09:16:44,49691.95,49681.85,15,49694.85,30,60,897120
BANKNIFTY-II.NFO,28/05/2024,09:16:45,49693.25,49680,30,49693.2,30,60,897120
BANKNIFTY-II.NFO,28/05/2024,09:16:47,49688.4,49685.35,60,49694.95,15,30,897120
BANKNIFTY-II.NFO,28/05/2024,09:16:48,49683.1,49682.35,60,49693.7,60,945,897120
BANKNIFTY-II.NFO,28/05/2024,09:16:50,49695,49691,15,49695,15,45,897120
BANKNIFTY-II.NFO,28/05/2024,09:16:51,49695.3,49691,15,49697,30,90,897120
BANKNIFTY-II.NFO,28/05/2024,09:16:53,49696,49682.75,90,49698,60,75,897120
BANKNIFTY-II.NFO,28/05/2024,09:16:55,49687.85,49691,15,49699.95,60,315,897120
BANKNIFTY-II.NFO,28/05/2024,09:16:56,49700,49692,15,49699.4,150,195,897120
BANKNIFTY-II.NFO,28/05/2024,09:16:58,49685,49685.05,60,49698.95,45,15,897120
BANKNIFTY-II.NFO,28/05/2024,09:17:00,49692.05,49695,15,49696.4,45,1005,897120
BANKNIFTY-II.NFO,28/05/2024,09:17:00,49703.5,49695,15,49696.4,45,0,897120
BANKNIFTY-II.NFO,28/05/2024,09:17:01,49695,49695.1,60,49700,45,90,897120
BANKNIFTY-II.NFO,28/05/2024,09:17:03,49695.75,49695,15,49697,45,90,897120
BANKNIFTY-II.NFO,28/05/2024,09:17:04,49696.5,49685.3,30,49696.95,15,195,897120
BANKNIFTY-II.NFO,28/05/2024,09:17:06,49696.7,49691.15,30,49696.95,15,30,897120
BANKNIFTY-II.NFO,28/05/2024,09:17:08,49697,49691.15,45,49697,30,90,897120
BANKNIFTY-II.NFO,28/05/2024,09:17:09,49697.2,49691.15,30,49698.35,30,60,897120
BANKNIFTY-II.NFO,28/05/2024,09:17:11,49698.35,49696.7,45,49699.3,15,30,897120
BANKNIFTY-II.NFO,28/05/2024,09:17:12,49700,49692.45,45,49696,150,225,897120
BANKNIFTY-II.NFO,28/05/2024,09:17:14,49693.6,49693.5,30,49695.7,75,30,897120
BANKNIFTY-II.NFO,28/05/2024,09:17:15,49696,49685.3,30,49696,120,405,897120
BANKNIFTY-II.NFO,28/05/2024,09:17:17,49696,49690.7,30,49693.4,30,0,897120
BANKNIFTY-II.NFO,28/05/2024,09:17:18,49690.7,49685.95,60,49696,120,120,897120
BANKNIFTY-II.NFO,28/05/2024,09:17:20,49696,49685,225,49696,60,75,897120
BANKNIFTY-II.NFO,28/05/2024,09:17:21,49692.05,49691,45,49696,60,195,897120
BANKNIFTY-II.NFO,28/05/2024,09:17:23,49692.05,49691,45,49696,60,0,897120
BANKNIFTY-II.NFO,28/05/2024,09:17:24,49691,49686,30,49692.05,30,105,897120
BANKNIFTY-II.NFO,28/05/2024,09:17:26,49686,49685,75,49696,150,45,897120
BANKNIFTY-II.NFO,28/05/2024,09:17:27,49692.4,49690.55,60,49696,150,75,897120
BANKNIFTY-II.NFO,28/05/2024,09:17:29,49696,49691.7,45,49696,75,195,897120
BANKNIFTY-II.NFO,28/05/2024,09:17:30,49695.85,49695.85,15,49696,75,30,897120
BANKNIFTY-II.NFO,28/05/2024,09:17:32,49693.9,49693.9,15,49695.95,60,195,897120
BANKNIFTY-II.NFO,28/05/2024,09:17:33,49693.9,49687.55,45,49695.8,45,30,897120
BANKNIFTY-II.NFO,28/05/2024,09:17:34,49687.55,49692.4,165,49695.85,15,75,897120
BANKNIFTY-II.NFO,28/05/2024,09:17:35,49692.4,49692.4,120,49693.85,15,105,897120
BANKNIFTY-II.NFO,28/05/2024,09:17:36,49692.4,49692.4,105,49693.9,30,30,897120
BANKNIFTY-II.NFO,28/05/2024,09:17:38,49694.9,49685,60,49695.2,30,360,897120
BANKNIFTY-II.NFO,28/05/2024,09:17:39,49695.2,49687.05,60,49695.8,30,90,897120
BANKNIFTY-II.NFO,28/05/2024,09:17:40,49690,49687,15,49690,30,30,897120
BANKNIFTY-II.NFO,28/05/2024,09:17:41,49687,49686.75,15,49690,30,15,897120
BANKNIFTY-II.NFO,28/05/2024,09:17:44,49691.85,49685,45,49693.1,60,90,897120
BANKNIFTY-II.NFO,28/05/2024,09:17:45,49691.85,49685,45,49690.55,75,0,897120
BANKNIFTY-II.NFO,28/05/2024,09:17:46,49687.8,49687.8,15,49693.2,75,30,897120
BANKNIFTY-II.NFO,28/05/2024,09:17:47,49687.8,49685,45,49693.45,30,90,897120
BANKNIFTY-II.NFO,28/05/2024,09:17:49,49690.55,49685.05,60,49693.25,15,285,897120
BANKNIFTY-II.NFO,28/05/2024,09:17:50,49690.55,49685.05,60,49693.25,15,0,897120
BANKNIFTY-II.NFO,28/05/2024,09:17:51,49685.25,49685.25,60,49693.25,15,45,897120
BANKNIFTY-II.NFO,28/05/2024,09:17:52,49685.25,49689.25,60,49694.25,30,0,897120
BANKNIFTY-II.NFO,28/05/2024,09:17:53,49696.95,49691.95,90,49698,60,285,897120
BANKNIFTY-II.NFO,28/05/2024,09:17:55,49696.95,49689.2,60,49697.95,30,0,897120
BANKNIFTY-II.NFO,28/05/2024,09:17:56,49697.95,49689.35,60,49698,75,15,897120
BANKNIFTY-II.NFO,28/05/2024,09:17:57,49698,49696.95,15,49698,60,15,897120
BANKNIFTY-II.NFO,28/05/2024,09:17:58,49699,49696.95,15,49700,105,75,897120
BANKNIFTY-II.NFO,28/05/2024,09:17:59,49700,49697,60,49703.95,45,120,897120
BANKNIFTY-II.NFO,28/05/2024,09:18:01,49698.7,49696.95,15,49705,15,120,897120
BANKNIFTY-II.NFO,28/05/2024,09:18:01,49703.95,49696.95,15,49705,15,0,897120
BANKNIFTY-II.NFO,28/05/2024,09:18:02,49703.6,49689.05,15,49703.1,60,45,897120
BANKNIFTY-II.NFO,28/05/2024,09:18:03,49691.85,49689.05,30,49704.3,75,75,897120
BANKNIFTY-II.NFO,28/05/2024,09:18:04,49690.25,49688.95,30,49700.65,15,15,897120
BANKNIFTY-II.NFO,28/05/2024,09:18:05,49699.15,49689.75,30,49704.65,30,60,897120
BANKNIFTY-II.NFO,28/05/2024,09:18:07,49697.95,49691.35,45,49700,15,15,897120
BANKNIFTY-II.NFO,28/05/2024,09:18:08,49704.05,49690,15,49704.8,60,150,897120
BANKNIFTY-II.NFO,28/05/2024,09:18:08,49704.75,49690,15,49704.8,60,0,897120
BANKNIFTY-II.NFO,28/05/2024,09:18:09,49704.8,49691.05,45,49699.5,15,45,897120
BANKNIFTY-II.NFO,28/05/2024,09:18:09,49704.8,49691.05,45,49699.5,15,0,897120
BANKNIFTY-II.NFO,28/05/2024,09:18:10,49705,49696.5,90,49708.95,75,30,897120
BANKNIFTY-II.NFO,28/05/2024,09:18:10,49705,49696.5,90,49708.95,75,0,897120
BANKNIFTY-II.NFO,28/05/2024,09:18:11,49708.95,49700,75,49708.95,45,120,897120
BANKNIFTY-II.NFO,28/05/2024,09:18:11,49708.95,49700,75,49708.95,45,0,897120
BANKNIFTY-II.NFO,28/05/2024,09:18:13,49708.95,49700.65,45,49706.6,30,0,897120
BANKNIFTY-II.NFO,28/05/2024,09:18:14,49695.35,49695.35,30,49706.55,75,210,897120
BANKNIFTY-II.NFO,28/05/2024,09:18:15,49706.55,49695.35,45,49706.55,75,15,897120
BANKNIFTY-II.NFO,28/05/2024,09:18:16,49706.55,49696.85,45,49706.55,75,0,897120
BANKNIFTY-II.NFO,28/05/2024,09:18:17,49706.6,49694.9,60,49706.6,15,90,897120
BANKNIFTY-II.NFO,28/05/2024,09:18:18,49706.55,49696.4,60,49707.35,30,75,897120
BANKNIFTY-II.NFO,28/05/2024,09:18:19,49709.55,49703.15,60,49713.85,30,105,897120
BANKNIFTY-II.NFO,28/05/2024,09:18:19,49710,49703.15,60,49713.85,30,0,897120
BANKNIFTY-II.NFO,28/05/2024,09:18:21,49709.55,49704.85,60,49713.8,60,0,897120
BANKNIFTY-II.NFO,28/05/2024,09:18:22,49710.65,49706.5,15,49713.75,60,60,897120
BANKNIFTY-II.NFO,28/05/2024,09:18:22,49710.65,49706.5,15,49713.75,60,0,897120
BANKNIFTY-II.NFO,28/05/2024,09:18:23,49708.95,49702.55,15,49708.8,15,165,897120
BANKNIFTY-II.NFO,28/05/2024,09:18:23,49713.75,49702.55,15,49708.8,15,0,897120
BANKNIFTY-II.NFO,28/05/2024,09:18:24,49708.8,49702.35,45,49708.1,60,15,897120
BANKNIFTY-II.NFO,28/05/2024,09:18:25,49707.35,49696.15,15,49706.4,75,735,897120
BANKNIFTY-II.NFO,28/05/2024,09:18:27,49707,49707,60,49707.95,75,15,897120
BANKNIFTY-II.NFO,28/05/2024,09:18:28,49701.4,49695.85,60,49708.1,75,135,897120
BANKNIFTY-II.NFO,28/05/2024,09:18:29,49707.35,49695.05,15,49707.45,60,15,897120
BANKNIFTY-II.NFO,28/05/2024,09:18:30,49705,49701.4,15,49707.3,60,600,897120
BANKNIFTY-II.NFO,28/05/2024,09:18:31,49697.1,49700,15,49703.95,75,45,897120
BANKNIFTY-II.NFO,28/05/2024,09:18:32,49701.4,49700,15,49701.4,30,15,897120
BANKNIFTY-II.NFO,28/05/2024,09:18:33,49701.4,49700,15,49701.4,15,15,897120
BANKNIFTY-II.NFO,28/05/2024,09:18:35,49705.45,49697,15,49705,15,120,897120
BANKNIFTY-II.NFO,28/05/2024,09:18:36,49694.85,49691.85,15,49706.15,15,30,899460
BANKNIFTY-II.NFO,28/05/2024,09:18:37,49704.5,49700,900,49705,30,15,899460
BANKNIFTY-II.NFO,28/05/2024,09:18:38,49700,49700,870,49705,15,30,899460
BANKNIFTY-II.NFO,28/05/2024,09:18:39,49700,49700,840,49702.65,30,45,899460
BANKNIFTY-II.NFO,28/05/2024,09:18:41,49700,49700,840,49705,15,0,899460
BANKNIFTY-II.NFO,28/05/2024,09:18:42,49705,49701.35,75,49704.5,15,30,899460
BANKNIFTY-II.NFO,28/05/2024,09:18:43,49705,49701.35,75,49704.5,15,0,899460
BANKNIFTY-II.NFO,28/05/2024,09:18:44,49701.35,49701.35,60,49704.5,15,15,899460
BANKNIFTY-II.NFO,28/05/2024,09:18:46,49700,49700,705,49705.45,30,345,899460
BANKNIFTY-II.NFO,28/05/2024,09:18:47,49700,49700,720,49705.55,30,0,899460
BANKNIFTY-II.NFO,28/05/2024,09:18:48,49703,49700,720,49705.55,30,15,899460
BANKNIFTY-II.NFO,28/05/2024,09:18:49,49705,49705,210,49706.35,45,405,899460
BANKNIFTY-II.NFO,28/05/2024,09:18:50,49702.8,49702.8,15,49706.35,45,240,899460
BANKNIFTY-II.NFO,28/05/2024,09:18:51,49700,49700,405,49705.7,30,330,899460
BANKNIFTY-II.NFO,28/05/2024,09:18:53,49700,49700,405,49705.9,45,15,899460
BANKNIFTY-II.NFO,28/05/2024,09:18:54,49700,49700,405,49706.3,15,0,899460
BANKNIFTY-II.NFO,28/05/2024,09:18:55,49702.5,49700.05,15,49706.75,30,45,899460
BANKNIFTY-II.NFO,28/05/2024,09:18:56,49700,49700,390,49705,15,45,899460
BANKNIFTY-II.NFO,28/05/2024,09:18:57,49706.8,49703.45,15,49706.9,45,30,899460
BANKNIFTY-II.NFO,28/05/2024,09:18:58,49707.9,49701.8,60,49707.95,15,60,899460
BANKNIFTY-II.NFO,28/05/2024,09:18:59,49709.55,49700.2,60,49709.55,30,30,899460
BANKNIFTY-II.NFO,28/05/2024,09:19:01,49710,49710,765,49712,90,705,899460
BANKNIFTY-II.NFO,28/05/2024,09:19:02,49710,49710,690,49712,105,75,899460
BANKNIFTY-II.NFO,28/05/2024,09:19:03,49710,49710.05,30,49712,105,0,899460
BANKNIFTY-II.NFO,28/05/2024,09:19:04,49712,49712,135,49714.9,60,225,899460
BANKNIFTY-II.NFO,28/05/2024,09:19:05,49712,49712,90,49714.9,30,60,899460
BANKNIFTY-II.NFO,28/05/2024,09:19:07,49716.75,49712,30,49713.95,30,150,899460
BANKNIFTY-II.NFO,28/05/2024,09:19:07,49716.75,49712,30,49713.95,30,0,899460
BANKNIFTY-II.NFO,28/05/2024,09:19:08,49712,49710.15,15,49716.95,60,135,899460
BANKNIFTY-II.NFO,28/05/2024,09:19:08,49717.45,49710.15,15,49716.95,60,0,899460
BANKNIFTY-II.NFO,28/05/2024,09:19:09,49712,49710,540,49713.7,15,225,899460
BANKNIFTY-II.NFO,28/05/2024,09:19:10,49710,49710,255,49712.4,15,285,899460
BANKNIFTY-II.NFO,28/05/2024,09:19:12,49710,49700.65,60,49710,15,255,899460
BANKNIFTY-II.NFO,28/05/2024,09:19:13,49710,49700.8,60,49710,15,0,899460
BANKNIFTY-II.NFO,28/05/2024,09:19:14,49713.75,49701.45,60,49713.75,15,90,899460
BANKNIFTY-II.NFO,28/05/2024,09:19:15,49714,49704.45,60,49713.65,30,75,899460
BANKNIFTY-II.NFO,28/05/2024,09:19:16,49709.15,49709.15,45,49713.25,15,15,899460
BANKNIFTY-II.NFO,28/05/2024,09:19:17,49709.15,49709.15,45,49710,15,0,899460
BANKNIFTY-II.NFO,28/05/2024,09:19:19,49710,49709.15,45,49715,30,15,899460
BANKNIFTY-II.NFO,28/05/2024,09:19:20,49708.95,49702.65,30,49715,30,300,899460
BANKNIFTY-II.NFO,28/05/2024,09:19:21,49715,49710,345,49716.65,15,15,899460
BANKNIFTY-II.NFO,28/05/2024,09:19:22,49725,49722.05,15,49729,15,375,899460
BANKNIFTY-II.NFO,28/05/2024,09:19:22,49725,49722.05,15,49729,15,0,899460
BANKNIFTY-II.NFO,28/05/2024,09:19:24,49725,49725.55,15,49729,15,0,899460
BANKNIFTY-II.NFO,28/05/2024,09:19:25,49729,49720.8,15,49731,75,60,899460
BANKNIFTY-II.NFO,28/05/2024,09:19:25,49729,49720.8,15,49731,75,0,899460
BANKNIFTY-II.NFO,28/05/2024,09:19:26,49729,49719.7,15,49731,90,0,899460
BANKNIFTY-II.NFO,28/05/2024,09:19:27,49729,49725,15,49731,90,0,899460
BANKNIFTY-II.NFO,28/05/2024,09:19:28,49731,49726.25,15,49731,45,60,899460
BANKNIFTY-II.NFO,28/05/2024,09:19:28,49731,49726.25,15,49731,45,0,899460
BANKNIFTY-II.NFO,28/05/2024,09:19:30,49731,49725,15,49731,45,0,899460
BANKNIFTY-II.NFO,28/05/2024,09:19:32,49731,49730,285,49730.05,15,75,899460
BANKNIFTY-II.NFO,28/05/2024,09:19:33,49731,49718.95,15,49731.9,75,465,899460
BANKNIFTY-II.NFO,28/05/2024,09:19:35,49733.35,49725,15,49733.5,15,30,899460
BANKNIFTY-II.NFO,28/05/2024,09:19:35,49733.35,49725,15,49733.5,15,0,899460
BANKNIFTY-II.NFO,28/05/2024,09:19:36,49733.5,49723,15,49730,15,30,899460
BANKNIFTY-II.NFO,28/05/2024,09:19:36,49733.5,49723,15,49730,15,0,899460
BANKNIFTY-II.NFO,28/05/2024,09:19:37,49721.8,49720.45,15,49732.85,30,210,899460
BANKNIFTY-II.NFO,28/05/2024,09:19:37,49735.35,49720.45,15,49732.85,30,0,899460
BANKNIFTY-II.NFO,28/05/2024,09:19:39,49730,49730.05,15,49737.75,15,105,899460
BANKNIFTY-II.NFO,28/05/2024,09:19:40,49738,49727.7,15,49739,15,225,899460
BANKNIFTY-II.NFO,28/05/2024,09:19:40,49738,49727.7,15,49739,15,0,899460
BANKNIFTY-II.NFO,28/05/2024,09:19:41,49732.5,49731.2,150,49741.3,600,180,899460
BANKNIFTY-II.NFO,28/05/2024,09:19:41,49740.5,49731.2,150,49741.3,600,0,899460
BANKNIFTY-II.NFO,28/05/2024,09:19:43,49734.35,49734.45,105,49738.7,15,180,899460
BANKNIFTY-II.NFO,28/05/2024,09:19:44,49741.3,49735,45,49741.3,585,75,899460
BANKNIFTY-II.NFO,28/05/2024,09:19:44,49741.3,49735,45,49741.3,585,0,899460
BANKNIFTY-II.NFO,28/05/2024,09:19:46,49738.7,49738.2,30,49741.3,570,30,899460
BANKNIFTY-II.NFO,28/05/2024,09:19:47,49730,49727.5,90,49730,705,195,899460
BANKNIFTY-II.NFO,28/05/2024,09:19:49,49730,49725.2,90,49730,360,345,899460
BANKNIFTY-II.NFO,28/05/2024,09:19:51,49730,49728.4,45,49731,15,360,899460
BANKNIFTY-II.NFO,28/05/2024,09:19:52,49725,49724.55,75,49738.75,30,180,899460
BANKNIFTY-II.NFO,28/05/2024,09:19:54,49729.75,49729.75,30,49736.75,30,15,899460
BANKNIFTY-II.NFO,28/05/2024,09:19:56,49731.45,49731.45,30,49740,105,165,899460
BANKNIFTY-II.NFO,28/05/2024,09:19:57,49743,49739.95,15,49745,45,705,899460
BANKNIFTY-II.NFO,28/05/2024,09:19:57,49743,49739.95,15,49745,45,0,899460
BANKNIFTY-II.NFO,28/05/2024,09:19:59,49730,49740.5,15,49748.95,15,1005,899460
BANKNIFTY-II.NFO,28/05/2024,09:19:59,49748,49740.5,15,49748.95,15,0,899460
BANKNIFTY-II.NFO,28/05/2024,09:20:01,49734.95,49734.95,45,49749.5,75,195,899460
BANKNIFTY-II.NFO,28/05/2024,09:20:01,49749.9,49734.95,45,49749.5,75,0,899460
BANKNIFTY-II.NFO,28/05/2024,09:20:02,49735.6,49735,15,49740,15,45,899460
BANKNIFTY-II.NFO,28/05/2024,09:20:04,49748.65,49742.75,15,49748.7,30,120,899460
BANKNIFTY-II.NFO,28/05/2024,09:20:06,49740.5,49740,570,49746.65,30,75,899460
BANKNIFTY-II.NFO,28/05/2024,09:20:07,49731.25,49735.05,30,49744.75,30,945,899460
BANKNIFTY-II.NFO,28/05/2024,09:20:09,49745.5,49735.05,45,49745.55,30,45,899460
BANKNIFTY-II.NFO,28/05/2024,09:20:11,49735.05,49735.05,15,49744.8,105,45,899460
BANKNIFTY-II.NFO,28/05/2024,09:20:12,49735.05,49735.05,30,49735.15,15,0,899460
BANKNIFTY-II.NFO,28/05/2024,09:20:14,49730.05,49730,360,49738.75,15,135,899460
BANKNIFTY-II.NFO,28/05/2024,09:20:16,49730.05,49734.4,60,49743.95,60,0,899460
BANKNIFTY-II.NFO,28/05/2024,09:20:17,49742.05,49731,30,49741.95,60,945,899460
BANKNIFTY-II.NFO,28/05/2024,09:20:19,49731.05,49730.1,60,49740.95,15,300,899460
BANKNIFTY-II.NFO,28/05/2024,09:20:21,49731.25,49731.1,30,49741.2,75,30,899460
BANKNIFTY-II.NFO,28/05/2024,09:20:22,49742.55,49739.4,45,49748.1,30,45,899460
BANKNIFTY-II.NFO,28/05/2024,09:20:24,49750,49747,15,49749.95,30,375,899460
BANKNIFTY-II.NFO,28/05/2024,09:20:24,49750,49747,15,49749.95,30,0,899460
BANKNIFTY-II.NFO,28/05/2024,09:20:26,49740.4,49740.35,30,49749.95,30,30,899460
BANKNIFTY-II.NFO,28/05/2024,09:20:27,49749.45,49740,150,49748.65,15,15,899460
BANKNIFTY-II.NFO,28/05/2024,09:20:29,49741,49740,150,49747.75,15,75,899460
BANKNIFTY-II.NFO,28/05/2024,09:20:31,49743.9,49740,120,49746.45,15,90,899460
BANKNIFTY-II.NFO,28/05/2024,09:20:32,49743.9,49740,120,49744.95,15,0,899460
BANKNIFTY-II.NFO,28/05/2024,09:20:34,49743.05,49740.85,15,49745,855,75,899460
BANKNIFTY-II.NFO,28/05/2024,09:20:36,49745,49740.85,15,49745,810,90,899460
BANKNIFTY-II.NFO,28/05/2024,09:20:38,49745,49744.15,15,49745,810,0,899460
BANKNIFTY-II.NFO,28/05/2024,09:20:39,49746.45,49746.45,15,49750,15,1200,899460
BANKNIFTY-II.NFO,28/05/2024,09:20:39,49757.05,49746.45,15,49750,15,0,899460
BANKNIFTY-II.NFO,28/05/2024,09:20:41,49744.6,49745.6,60,49751,15,45,899460
BANKNIFTY-II.NFO,28/05/2024,09:20:43,49749.15,49740,30,49745.15,60,255,899460
BANKNIFTY-II.NFO,28/05/2024,09:20:44,49746.55,49739.45,60,49749.2,15,75,899460
BANKNIFTY-II.NFO,28/05/2024,09:20:46,49739.3,49744.35,60,49748.85,60,165,899460
BANKNIFTY-II.NFO,28/05/2024,09:20:48,49744.35,49744.35,15,49749.95,60,45,899460
BANKNIFTY-II.NFO,28/05/2024,09:20:49,49735.05,49736.35,45,49748.25,75,135,899460
BANKNIFTY-II.NFO,28/05/2024,09:20:51,49740,49737.75,45,49740,45,75,899460
BANKNIFTY-II.NFO,28/05/2024,09:20:53,49740,49735.05,60,49740,30,15,899460
BANKNIFTY-II.NFO,28/05/2024,09:20:54,49744.35,49740,15,49744.35,135,45,899460
BANKNIFTY-II.NFO,28/05/2024,09:20:56,49740,49737.6,60,49744.35,150,15,899460
BANKNIFTY-II.NFO,28/05/2024,09:20:58,49744.35,49737.55,45,49744.35,30,120,899460
BANKNIFTY-II.NFO,28/05/2024,09:20:59,49737.55,49735,15,49743.95,60,60,899460
BANKNIFTY-II.NFO,28/05/2024,09:21:01,49744,49738.1,60,49748.85,60,45,899460
BANKNIFTY-II.NFO,28/05/2024,09:21:03,49749,49741.6,75,49749,15,45,899460
BANKNIFTY-II.NFO,28/05/2024,09:21:04,49762.55,49762.55,30,49768.5,60,1380,899460
BANKNIFTY-II.NFO,28/05/2024,09:21:04,49766,49762.55,30,49768.5,60,0,899460
BANKNIFTY-II.NFO,28/05/2024,09:21:06,49764.65,49750.6,60,49765.9,30,135,899460
BANKNIFTY-II.NFO,28/05/2024,09:21:06,49767.7,49750.6,60,49765.9,30,0,899460
BANKNIFTY-II.NFO,28/05/2024,09:21:08,49751.5,49758.75,15,49762.55,15,120,899460
BANKNIFTY-II.NFO,28/05/2024,09:21:09,49768.4,49760.7,30,49767.65,15,90,899460
BANKNIFTY-II.NFO,28/05/2024,09:21:09,49768.95,49760.7,30,49767.65,15,0,899460
BANKNIFTY-II.NFO,28/05/2024,09:21:11,49754.3,49754.95,60,49768.85,45,90,899460
BANKNIFTY-II.NFO,28/05/2024,09:21:13,49768.95,49759.1,15,49767.95,60,525,899460
BANKNIFTY-II.NFO,28/05/2024,09:21:14,49767.05,49755.6,75,49769,60,180,899460
BANKNIFTY-II.NFO,28/05/2024,09:21:14,49769,49755.6,75,49769,60,0,899460
BANKNIFTY-II.NFO,28/05/2024,09:21:16,49767.05,49761.65,75,49769,60,0,899460
BANKNIFTY-II.NFO,28/05/2024,09:21:18,49770,49764.45,60,49767,30,135,899460
BANKNIFTY-II.NFO,28/05/2024,09:21:18,49770,49764.45,60,49767,30,0,899460
BANKNIFTY-II.NFO,28/05/2024,09:21:19,49762.65,49760.05,60,49767,15,105,899460
BANKNIFTY-II.NFO,28/05/2024,09:21:21,49765,49760.5,60,49765,855,90,899460
BANKNIFTY-II.NFO,28/05/2024,09:21:23,49774.35,49769.8,15,49775,30,1260,899460
BANKNIFTY-II.NFO,28/05/2024,09:21:23,49774.35,49769.8,15,49775,30,0,899460
BANKNIFTY-II.NFO,28/05/2024,09:21:24,49769.05,49773,15,49777.75,15,480,899460
BANKNIFTY-II.NFO,28/05/2024,09:21:24,49777,49773,15,49777.75,15,0,899460
BANKNIFTY-II.NFO,28/05/2024,09:21:26,49775.7,49775.6,60,49780,90,60,899460
BANKNIFTY-II.NFO,28/05/2024,09:21:26,49779.45,49775.6,60,49780,90,0,899460
BANKNIFTY-II.NFO,28/05/2024,09:21:28,49774.05,49774.05,60,49784.55,60,360,899460
BANKNIFTY-II.NFO,28/05/2024,09:21:28,49790.3,49774.05,60,49784.55,60,0,899460
BANKNIFTY-II.NFO,28/05/2024,09:21:29,49773,49774.35,15,49781.9,15,165,899460
BANKNIFTY-II.NFO,28/05/2024,09:21:31,49775.25,49774.4,15,49784.5,15,360,899460
BANKNIFTY-II.NFO,28/05/2024,09:21:32,49777.45,49777.45,15,49784.45,60,60,899460
BANKNIFTY-II.NFO,28/05/2024,09:21:34,49781,49777.45,15,49783.25,60,1005,899460
BANKNIFTY-II.NFO,28/05/2024,09:21:36,49775.6,49772.4,30,49782.45,15,180,896445
BANKNIFTY-II.NFO,28/05/2024,09:21:37,49786.55,49775.65,60,49786.1,60,75,896445
BANKNIFTY-II.NFO,28/05/2024,09:21:39,49772.35,49773.85,60,49789.3,75,450,896445
BANKNIFTY-II.NFO,28/05/2024,09:21:41,49772.35,49780.1,75,49786.55,15,0,896445
BANKNIFTY-II.NFO,28/05/2024,09:21:42,49784,49780.05,30,49790.95,75,75,896445
BANKNIFTY-II.NFO,28/05/2024,09:21:44,49790.95,49780,15,49790.1,15,240,896445
BANKNIFTY-II.NFO,28/05/2024,09:21:44,49790.95,49780,15,49790.1,15,0,896445
BANKNIFTY-II.NFO,28/05/2024,09:21:46,49777.55,49776.45,30,49787.05,90,1020,896445
BANKNIFTY-II.NFO,28/05/2024,09:21:47,49788.05,49777.35,45,49787.8,75,60,896445
BANKNIFTY-II.NFO,28/05/2024,09:21:49,49777.3,49776.7,30,49787.95,75,135,896445
BANKNIFTY-II.NFO,28/05/2024,09:21:51,49787.95,49780,15,49787.9,15,105,896445
BANKNIFTY-II.NFO,28/05/2024,09:21:52,49788,49782.75,60,49788,30,60,896445
BANKNIFTY-II.NFO,28/05/2024,09:21:54,49779.65,49779.25,15,49788,30,75,896445
BANKNIFTY-II.NFO,28/05/2024,09:21:56,49778.55,49779.05,30,49788.65,15,135,896445
BANKNIFTY-II.NFO,28/05/2024,09:21:57,49780,49781.55,30,49788.05,15,915,896445
BANKNIFTY-II.NFO,28/05/2024,09:21:59,49791,49791.75,135,49794,15,225,896445
BANKNIFTY-II.NFO,28/05/2024,09:21:59,49791,49791.75,135,49794,15,0,896445
BANKNIFTY-II.NFO,28/05/2024,09:22:01,49798.8,49797.8,15,49799,450,165,896445
BANKNIFTY-II.NFO,28/05/2024,09:22:01,49798.8,49797.8,15,49799,450,0,896445
BANKNIFTY-II.NFO,28/05/2024,09:22:02,49814,49809,15,49815.8,30,1260,896445
BANKNIFTY-II.NFO,28/05/2024,09:22:02,49814,49809,15,49815.8,30,0,896445
BANKNIFTY-II.NFO,28/05/2024,09:22:04,49818.2,49809.2,15,49819.55,30,225,896445
BANKNIFTY-II.NFO,28/05/2024,09:22:04,49818.2,49809.2,15,49819.55,30,0,896445
BANKNIFTY-II.NFO,28/05/2024,09:22:06,49807.9,49808.35,15,49819.25,60,60,896445
BANKNIFTY-II.NFO,28/05/2024,09:22:06,49819.55,49808.35,15,49819.25,60,0,896445
BANKNIFTY-II.NFO,28/05/2024,09:22:07,49819.7,49809.05,15,49818.5,60,75,896445
BANKNIFTY-II.NFO,28/05/2024,09:22:07,49819.7,49809.05,15,49818.5,60,0,896445
BANKNIFTY-II.NFO,28/05/2024,09:22:09,49819.7,49810.7,15,49819.7,15,90,896445
BANKNIFTY-II.NFO,28/05/2024,09:22:11,49819.95,49809.9,105,49820,195,105,896445
BANKNIFTY-II.NFO,28/05/2024,09:22:11,49819.95,49809.9,105,49820,195,0,896445
BANKNIFTY-II.NFO,28/05/2024,09:22:12,49810.7,49809.1,30,49817.35,15,180,896445
BANKNIFTY-II.NFO,28/05/2024,09:22:14,49808.35,49808.35,15,49819.65,105,255,896445
BANKNIFTY-II.NFO,28/05/2024,09:22:16,49808.9,49801,15,49808.35,90,30,896445
BANKNIFTY-II.NFO,28/05/2024,09:22:17,49812.95,49803.55,30,49817.85,90,45,896445
BANKNIFTY-II.NFO,28/05/2024,09:22:19,49801.75,49801,15,49811.3,60,330,896445
BANKNIFTY-II.NFO,28/05/2024,09:22:21,49807.85,49801,15,49809.95,60,60,896445
BANKNIFTY-II.NFO,28/05/2024,09:22:22,49800,49800,135,49809.95,60,150,896445
BANKNIFTY-II.NFO,28/05/2024,09:22:24,49804.85,49800,45,49804.85,60,255,896445
BANKNIFTY-II.NFO,28/05/2024,09:22:26,49804.8,49792.35,15,49804.1,105,60,896445
BANKNIFTY-II.NFO,28/05/2024,09:22:27,49800,49782.3,15,49798.8,60,225,896445
BANKNIFTY-II.NFO,28/05/2024,09:22:29,49787.1,49777.55,30,49788.7,15,315,896445
BANKNIFTY-II.NFO,28/05/2024,09:22:31,49787.75,49777.55,30,49787.85,30,15,896445
BANKNIFTY-II.NFO,28/05/2024,09:22:32,49777.55,49777,15,49785.75,225,45,896445
BANKNIFTY-II.NFO,28/05/2024,09:22:34,49785.75,49785.55,60,49796.95,30,225,896445
BANKNIFTY-II.NFO,28/05/2024,09:22:36,49799.85,49792.3,15,49800,105,60,896445
BANKNIFTY-II.NFO,28/05/2024,09:22:37,49799.95,49792,15,49800,180,30,896445
BANKNIFTY-II.NFO,28/05/2024,09:22:39,49788,49788.8,15,49799.95,30,75,896445
BANKNIFTY-II.NFO,28/05/2024,09:22:40,49790.3,49790.55,60,49799.95,30,15,896445
BANKNIFTY-II.NFO,28/05/2024,09:22:42,49790.2,49788.05,15,49798.9,90,45,896445
BANKNIFTY-II.NFO,28/05/2024,09:22:44,49785.05,49785.7,45,49792,15,105,896445
BANKNIFTY-II.NFO,28/05/2024,09:22:46,49792,49790.3,45,49797.95,60,15,896445
BANKNIFTY-II.NFO,28/05/2024,09:22:47,49797.95,49790.3,45,49798,150,120,896445
BANKNIFTY-II.NFO,28/05/2024,09:22:49,49790.3,49787.65,60,49797,15,60,896445
BANKNIFTY-II.NFO,28/05/2024,09:22:50,49787.6,49787.65,60,49797,15,15,896445
BANKNIFTY-II.NFO,28/05/2024,09:22:52,49796.95,49793.25,15,49796.95,60,60,896445
BANKNIFTY-II.NFO,28/05/2024,09:22:54,49792.25,49786.9,45,49796.95,60,45,896445
BANKNIFTY-II.NFO,28/05/2024,09:22:55,49797,49793.05,15,49798,150,180,896445
BANKNIFTY-II.NFO,28/05/2024,09:22:57,49797.45,49790.65,60,49798,105,60,896445
BANKNIFTY-II.NFO,28/05/2024,09:22:59,49798,49788.2,15,49798,90,60,896445
BANKNIFTY-II.NFO,28/05/2024,09:23:00,49789,49790.5,60,49798,30,90,896445
BANKNIFTY-II.NFO,28/05/2024,09:23:02,49799.95,49798,375,49799.95,30,180,896445
BANKNIFTY-II.NFO,28/05/2024,09:23:04,49789.25,49788.25,15,49794.95,60,390,896445
BANKNIFTY-II.NFO,28/05/2024,09:23:05,49792.95,49785.05,15,49793,60,30,896445
BANKNIFTY-II.NFO,28/05/2024,09:23:07,49792,49780.9,15,49791,60,45,896445
BANKNIFTY-II.NFO,28/05/2024,09:23:09,49777.05,49777.05,15,49790.65,195,255,896445
BANKNIFTY-II.NFO,28/05/2024,09:23:10,49777.95,49782.55,15,49788.6,60,225,896445
BANKNIFTY-II.NFO,28/05/2024,09:23:12,49788.6,49780.85,15,49790,30,60,896445
BANKNIFTY-II.NFO,28/05/2024,09:23:14,49790,49785,15,49790,15,15,896445
BANKNIFTY-II.NFO,28/05/2024,09:23:15,49797.4,49786.9,15,49790,60,30,896445
BANKNIFTY-II.NFO,28/05/2024,09:23:17,49790,49785.55,30,49790,15,60,896445
BANKNIFTY-II.NFO,28/05/2024,09:23:19,49784.05,49783.7,45,49790,30,45,896445
BANKNIFTY-II.NFO,28/05/2024,09:23:20,49790,49784.8,15,49790,15,15,896445
BANKNIFTY-II.NFO,28/05/2024,09:23:22,49790,49790,15,49797.25,105,75,896445
BANKNIFTY-II.NFO,28/05/2024,09:23:24,49790,49790,15,49795.8,75,0,896445
BANKNIFTY-II.NFO,28/05/2024,09:23:25,49790,49782.9,15,49795.2,60,15,896445
BANKNIFTY-II.NFO,28/05/2024,09:23:27,49790,49782.3,15,49793.1,75,0,896445
BANKNIFTY-II.NFO,28/05/2024,09:23:29,49790,49782.1,15,49792.75,60,30,896445
BANKNIFTY-II.NFO,28/05/2024,09:23:30,49790,49781.25,15,49792.75,60,0,896445
BANKNIFTY-II.NFO,28/05/2024,09:23:32,49781.8,49782.65,15,49791.65,30,240,896445
BANKNIFTY-II.NFO,28/05/2024,09:23:33,49781.4,49782.05,15,49788.1,15,15,896445
BANKNIFTY-II.NFO,28/05/2024,09:23:35,49792.35,49780.7,30,49782.65,15,150,896445
BANKNIFTY-II.NFO,28/05/2024,09:23:37,49782.65,49781.35,60,49792.4,60,15,896445
BANKNIFTY-II.NFO,28/05/2024,09:23:38,49781.05,49782.05,15,49792.35,105,75,896445
BANKNIFTY-II.NFO,28/05/2024,09:23:40,49780,49779.25,600,49785.7,60,135,896445
BANKNIFTY-II.NFO,28/05/2024,09:23:42,49779.25,49779.25,585,49784.85,90,15,896445
BANKNIFTY-II.NFO,28/05/2024,09:23:43,49785.65,49779.25,510,49785.65,105,105,896445
BANKNIFTY-II.NFO,28/05/2024,09:23:45,49779.25,49779.25,495,49784,90,15,896445
BANKNIFTY-II.NFO,28/05/2024,09:23:46,49779.25,49779.25,480,49785.65,60,15,896445
BANKNIFTY-II.NFO,28/05/2024,09:23:48,49785.65,49779.25,480,49781.05,15,15,896445
BANKNIFTY-II.NFO,28/05/2024,09:23:50,49779.25,49779.25,420,49781.05,15,60,896445
BANKNIFTY-II.NFO,28/05/2024,09:23:51,49779.25,49779.25,330,49782,15,105,896445
BANKNIFTY-II.NFO,28/05/2024,09:23:53,49779.25,49779.25,255,49782,15,75,896445
BANKNIFTY-II.NFO,28/05/2024,09:23:55,49785,49779.25,255,49789.25,105,30,896445
BANKNIFTY-II.NFO,28/05/2024,09:23:56,49779.25,49775.05,60,49779.25,45,255,896445
BANKNIFTY-II.NFO,28/05/2024,09:23:58,49787.75,49781.85,30,49790,15,90,896445
BANKNIFTY-II.NFO,28/05/2024,09:24:00,49785,49782.2,30,49790,15,60,896445
BANKNIFTY-II.NFO,28/05/2024,09:24:01,49779.25,49779.25,30,49785,15,15,896445
BANKNIFTY-II.NFO,28/05/2024,09:24:03,49785,49778.15,30,49788,15,15,896445
BANKNIFTY-II.NFO,28/05/2024,09:24:05,49788,49779.65,15,49790,30,15,896445
BANKNIFTY-II.NFO,28/05/2024,09:24:06,49785,49778.45,15,49789.95,90,30,896445
BANKNIFTY-II.NFO,28/05/2024,09:24:08,49780.6,49778.4,30,49791.95,90,60,896445
BANKNIFTY-II.NFO,28/05/2024,09:24:10,49780.6,49785,15,49791.95,75,0,896445
BANKNIFTY-II.NFO,28/05/2024,09:24:11,49785,49779.2,45,49791.95,75,15,896445
BANKNIFTY-II.NFO,28/05/2024,09:24:13,49778.75,49778.7,30,49790,30,75,896445
BANKNIFTY-II.NFO,28/05/2024,09:24:15,49778.75,49779.5,30,49790,15,0,896445
BANKNIFTY-II.NFO,28/05/2024,09:24:16,49779.4,49781.55,30,49790,60,15,896445
BANKNIFTY-II.NFO,28/05/2024,09:24:18,49779.4,49780.6,15,49787.45,60,0,896445
BANKNIFTY-II.NFO,28/05/2024,09:24:20,49780.6,49778,15,49784.6,60,15,896445
BANKNIFTY-II.NFO,28/05/2024,09:24:21,49770,49770,45,49777.05,60,60,896445
BANKNIFTY-II.NFO,28/05/2024,09:24:23,49777,49770,30,49777.6,60,30,896445
BANKNIFTY-II.NFO,28/05/2024,09:24:25,49769.35,49764.75,15,49769.95,60,75,896445
BANKNIFTY-II.NFO,28/05/2024,09:24:26,49761,49760.2,45,49769.25,60,30,896445
BANKNIFTY-II.NFO,28/05/2024,09:24:28,49762.6,49762.6,15,49772,45,30,896445
BANKNIFTY-II.NFO,28/05/2024,09:24:30,49764.6,49762.15,45,49772.6,30,15,896445
BANKNIFTY-II.NFO,28/05/2024,09:24:31,49765,49765,750,49773.1,60,15,896445
BANKNIFTY-II.NFO,28/05/2024,09:24:33,49773.45,49765,525,49774.05,60,270,896445
BANKNIFTY-II.NFO,28/05/2024,09:24:35,49765,49765,480,49772,60,60,896445
BANKNIFTY-II.NFO,28/05/2024,09:24:36,49765,49765,405,49766.95,90,105,897210
BANKNIFTY-II.NFO,28/05/2024,09:24:38,49765,49765,390,49768,15,90,897210
BANKNIFTY-II.NFO,28/05/2024,09:24:40,49765,49765,390,49768.95,15,0,897210
BANKNIFTY-II.NFO,28/05/2024,09:24:41,49765,49765,345,49769,15,45,897210
BANKNIFTY-II.NFO,28/05/2024,09:24:43,49765,49765,345,49769,15,0,897210
BANKNIFTY-II.NFO,28/05/2024,09:24:45,49765,49765,315,49769.95,15,75,897210
BANKNIFTY-II.NFO,28/05/2024,09:24:46,49770,49765,330,49771.35,15,60,897210
BANKNIFTY-II.NFO,28/05/2024,09:24:48,49776.1,49767.9,15,49776.05,75,45,897210
BANKNIFTY-II.NFO,28/05/2024,09:24:50,49765.05,49765.05,60,49776.75,30,75,897210
BANKNIFTY-II.NFO,28/05/2024,09:24:51,49777.15,49767.05,75,49777.9,30,75,897210
BANKNIFTY-II.NFO,28/05/2024,09:24:53,49777.05,49767.05,60,49777.75,30,150,897210
BANKNIFTY-II.NFO,28/05/2024,09:24:55,49766.05,49765,390,49775.05,30,15,897210
BANKNIFTY-II.NFO,28/05/2024,09:24:56,49768.05,49768.1,60,49778.75,15,60,897210
BANKNIFTY-II.NFO,28/05/2024,09:24:58,49778.75,49767.05,60,49778.3,45,15,897210
BANKNIFTY-II.NFO,28/05/2024,09:25:00,49770,49770,45,49778.1,30,60,897210
BANKNIFTY-II.NFO,28/05/2024,09:25:01,49773.15,49765,345,49773.15,30,75,897210
BANKNIFTY-II.NFO,28/05/2024,09:25:03,49765,49768.05,15,49773.7,15,360,897210
BANKNIFTY-II.NFO,28/05/2024,09:25:05,49773.15,49765,150,49773.7,15,180,897210
BANKNIFTY-II.NFO,28/05/2024,09:25:06,49773.15,49765,150,49774.55,30,0,897210
BANKNIFTY-II.NFO,28/05/2024,09:25:08,49765,49765,135,49772.9,30,15,897210
BANKNIFTY-II.NFO,28/05/2024,09:25:10,49765,49765,90,49774.55,30,75,897210
BANKNIFTY-II.NFO,28/05/2024,09:25:11,49774.55,49767.45,15,49775,30,45,897210
BANKNIFTY-II.NFO,28/05/2024,09:25:13,49766.05,49765.05,60,49774.95,30,15,897210
BANKNIFTY-II.NFO,28/05/2024,09:25:15,49765.05,49765,90,49774.95,75,45,897210
BANKNIFTY-II.NFO,28/05/2024,09:25:17,49765.05,49766.05,15,49774.95,45,0,897210
BANKNIFTY-II.NFO,28/05/2024,09:25:18,49772.75,49773.25,30,49778,75,270,897210
BANKNIFTY-II.NFO,28/05/2024,09:25:20,49772.75,49771.6,60,49778,75,0,897210
BANKNIFTY-II.NFO,28/05/2024,09:25:22,49769.25,49768.2,45,49778,75,15,897210
BANKNIFTY-II.NFO,28/05/2024,09:25:23,49769.25,49764.05,15,49776.9,90,0,897210
BANKNIFTY-II.NFO,28/05/2024,09:25:25,49775.4,49764.35,60,49777.15,60,45,897210
BANKNIFTY-II.NFO,28/05/2024,09:25:27,49765.1,49766.05,30,49778,90,30,897210
BANKNIFTY-II.NFO,28/05/2024,09:25:28,49778,49775,15,49778,60,15,897210
BANKNIFTY-II.NFO,28/05/2024,09:25:30,49768.75,49769.2,45,49778,45,30,897210
BANKNIFTY-II.NFO,28/05/2024,09:25:32,49778,49770.3,15,49778,45,30,897210
BANKNIFTY-II.NFO,28/05/2024,09:25:33,49778,49773.15,15,49775.6,15,0,897210
BANKNIFTY-II.NFO,28/05/2024,09:25:35,49770.15,49771.2,45,49778,45,45,897210
BANKNIFTY-II.NFO,28/05/2024,09:25:37,49778,49775,15,49779,15,135,897210
BANKNIFTY-II.NFO,28/05/2024,09:25:38,49779,49775.1,45,49787.55,135,75,897210
BANKNIFTY-II.NFO,28/05/2024,09:25:40,49786.9,49780.05,15,49788,15,15,897210
BANKNIFTY-II.NFO,28/05/2024,09:25:42,49779.05,49775,15,49786.55,60,30,897210
BANKNIFTY-II.NFO,28/05/2024,09:25:43,49787.6,49776.25,75,49787.95,30,105,897210
BANKNIFTY-II.NFO,28/05/2024,09:25:45,49787.95,49776.4,75,49787.95,30,30,897210
BANKNIFTY-II.NFO,28/05/2024,09:25:47,49778.45,49776.65,60,49788.9,60,120,897210
BANKNIFTY-II.NFO,28/05/2024,09:25:48,49776.25,49775,15,49776.25,30,225,897210
BANKNIFTY-II.NFO,28/05/2024,09:25:50,49786.55,49778.65,30,49786.55,15,45,897210
BANKNIFTY-II.NFO,28/05/2024,09:25:52,49779.55,49777.9,15,49787.65,60,135,897210
BANKNIFTY-II.NFO,28/05/2024,09:25:53,49788.3,49777.5,30,49788.95,75,165,897210
BANKNIFTY-II.NFO,28/05/2024,09:25:55,49776.25,49776.05,15,49788.15,60,15,897210
BANKNIFTY-II.NFO,28/05/2024,09:25:57,49770.65,49771.4,30,49785.05,60,315,897210
BANKNIFTY-II.NFO,28/05/2024,09:25:58,49770.65,49773.8,30,49787.4,60,120,897210
BANKNIFTY-II.NFO,28/05/2024,09:26:00,49789,49782.5,30,49790,330,60,897210
BANKNIFTY-II.NFO,28/05/2024,09:26:02,49785.65,49781.7,30,49790,330,105,897210
BANKNIFTY-II.NFO,28/05/2024,09:26:03,49785.65,49779.1,15,49789.95,75,15,897210
BANKNIFTY-II.NFO,28/05/2024,09:26:05,49785.65,49781.55,15,49790,330,0,897210
BANKNIFTY-II.NFO,28/05/2024,09:26:07,49785.65,49779.3,30,49785.65,15,0,897210
BANKNIFTY-II.NFO,28/05/2024,09:26:08,49789.95,49779.4,45,49789.95,60,60,897210
BANKNIFTY-II.NFO,28/05/2024,09:26:10,49790,49780.35,15,49789.95,60,60,897210
BANKNIFTY-II.NFO,28/05/2024,09:26:12,49785,49785,90,49788.35,75,45,897210
BANKNIFTY-II.NFO,28/05/2024,09:26:13,49785,49785,60,49786.5,15,30,897210
BANKNIFTY-II.NFO,28/05/2024,09:26:15,49785,49775.65,15,49786.45,60,105,897210
BANKNIFTY-II.NFO,28/05/2024,09:26:17,49776.1,49775.05,30,49784.95,60,15,897210
BANKNIFTY-II.NFO,28/05/2024,09:26:18,49776.1,49775,45,49784.95,60,0,897210
BANKNIFTY-II.NFO,28/05/2024,09:26:20,49780.7,49775,45,49775.05,150,120,897210
BANKNIFTY-II.NFO,28/05/2024,09:26:22,49775,49770.65,15,49775.05,150,45,897210
BANKNIFTY-II.NFO,28/05/2024,09:26:23,49775.05,49770.65,15,49772.1,30,15,897210
BANKNIFTY-II.NFO,28/05/2024,09:26:25,49770,49770.65,15,49777.25,15,225,897210
BANKNIFTY-II.NFO,28/05/2024,09:26:27,49766,49765.1,60,49776.65,15,60,897210
BANKNIFTY-II.NFO,28/05/2024,09:26:28,49766,49765.05,15,49770.65,75,0,897210
BANKNIFTY-II.NFO,28/05/2024,09:26:30,49765.05,49765,30,49770.65,75,120,897210
BANKNIFTY-II.NFO,28/05/2024,09:26:32,49765,49765,15,49770.65,60,60,897210
BANKNIFTY-II.NFO,28/05/2024,09:26:33,49761,49760.15,15,49768.05,30,45,897210
BANKNIFTY-II.NFO,28/05/2024,09:26:35,49751,49751.4,75,49752,45,135,897210
BANKNIFTY-II.NFO,28/05/2024,09:26:37,49740.95,49740.05,60,49749.95,60,705,897210
BANKNIFTY-II.NFO,28/05/2024,09:26:38,49753.25,49750.1,45,49760.85,75,60,897210
BANKNIFTY-II.NFO,28/05/2024,09:26:40,49750.05,49750.05,15,49761.85,105,150,897210
BANKNIFTY-II.NFO,28/05/2024,09:26:42,49748.05,49748.05,15,49759.85,75,15,897210
BANKNIFTY-II.NFO,28/05/2024,09:26:43,49748.05,49748.05,45,49761.05,60,30,897210
BANKNIFTY-II.NFO,28/05/2024,09:26:45,49760.55,49750.05,15,49760.55,75,195,897210
BANKNIFTY-II.NFO,28/05/2024,09:26:47,49750.05,49748.05,15,49757.35,75,15,897210
BANKNIFTY-II.NFO,28/05/2024,09:26:48,49746.1,49746.05,15,49758.5,105,45,897210
BANKNIFTY-II.NFO,28/05/2024,09:26:50,49745.2,49746.05,15,49756.05,30,45,897210
BANKNIFTY-II.NFO,28/05/2024,09:26:52,49756.05,49757.05,15,49760,15,75,897210
BANKNIFTY-II.NFO,28/05/2024,09:26:53,49755.35,49755.1,30,49765,15,75,897210
BANKNIFTY-II.NFO,28/05/2024,09:26:55,49754.05,49752.45,30,49764.95,75,315,897210
BANKNIFTY-II.NFO,28/05/2024,09:26:57,49754.05,49752.05,15,49763.5,105,0,897210
BANKNIFTY-II.NFO,28/05/2024,09:26:58,49752.05,49753.75,30,49764.95,75,15,897210
BANKNIFTY-II.NFO,28/05/2024,09:27:00,49754.05,49754.05,15,49764.95,75,45,897210
BANKNIFTY-II.NFO,28/05/2024,09:27:02,49763.75,49754.05,15,49763.7,60,75,897210
BANKNIFTY-II.NFO,28/05/2024,09:27:03,49761.55,49752.15,30,49763.65,60,15,897210
BANKNIFTY-II.NFO,28/05/2024,09:27:05,49761.55,49750.1,30,49762.25,105,15,897210
BANKNIFTY-II.NFO,28/05/2024,09:27:07,49752.1,49754.1,15,49762.25,15,15,897210
BANKNIFTY-II.NFO,28/05/2024,09:27:08,49752.1,49754.1,15,49762.25,15,0,897210
BANKNIFTY-II.NFO,28/05/2024,09:27:10,49752.1,49754.75,45,49762.25,15,15,897210
BANKNIFTY-II.NFO,28/05/2024,09:27:12,49753.8,49753.15,45,49762.25,15,75,897210
BANKNIFTY-II.NFO,28/05/2024,09:27:13,49753.8,49751.8,15,49761.55,45,0,897210
BANKNIFTY-II.NFO,28/05/2024,09:27:15,49753.8,49750.9,15,49761.55,30,15,897210
BANKNIFTY-II.NFO,28/05/2024,09:27:17,49753.8,49750.25,45,49761.5,75,0,897210
BANKNIFTY-II.NFO,28/05/2024,09:27:18,49753.8,49754.2,45,49761.55,30,0,897210
BANKNIFTY-II.NFO,28/05/2024,09:27:20,49761.5,49753.05,60,49761.55,30,915,897210
BANKNIFTY-II.NFO,28/05/2024,09:27:22,49764.95,49752.55,60,49764.8,30,60,897210
BANKNIFTY-II.NFO,28/05/2024,09:27:23,49764.95,49756.2,60,49759.5,15,0,897210
BANKNIFTY-II.NFO,28/05/2024,09:27:25,49755.6,49753.05,60,49763.55,30,30,897210
BANKNIFTY-II.NFO,28/05/2024,09:27:27,49764.95,49754.35,60,49765,30,600,897210
BANKNIFTY-II.NFO,28/05/2024,09:27:28,49753.05,49753.05,15,49764.9,30,15,897210
BANKNIFTY-II.NFO,28/05/2024,09:27:30,49764.9,49752.15,15,49759.75,30,15,897210
BANKNIFTY-II.NFO,28/05/2024,09:27:32,49746.35,49746.1,60,49757.25,15,165,897210
BANKNIFTY-II.NFO,28/05/2024,09:27:33,49746.7,49747.9,75,49760,90,45,897210
BANKNIFTY-II.NFO,28/05/2024,09:27:35,49760.75,49752.45,60,49763.05,45,15,897210
BANKNIFTY-II.NFO,28/05/2024,09:27:37,49751.55,49750.85,60,49758.65,30,15,897210
BANKNIFTY-II.NFO,28/05/2024,09:27:38,49751.55,49750.55,15,49758.6,45,0,897210
BANKNIFTY-II.NFO,28/05/2024,09:27:40,49750.55,49749.65,60,49758.65,30,15,898110
BANKNIFTY-II.NFO,28/05/2024,09:27:42,49751.3,49750.4,120,49758.3,30,45,898110
BANKNIFTY-II.NFO,28/05/2024,09:27:43,49749.65,49749.65,30,49758.3,30,90,898110
BANKNIFTY-II.NFO,28/05/2024,09:27:45,49749.65,49747.85,30,49758.3,30,0,898110
BANKNIFTY-II.NFO,28/05/2024,09:27:47,49748.65,49749.8,15,49758.6,120,15,898110
BANKNIFTY-II.NFO,28/05/2024,09:27:48,49748.65,49749.85,15,49758.65,30,0,898110
BANKNIFTY-II.NFO,28/05/2024,09:27:50,49747.35,49746.35,15,49750,15,45,898110
BANKNIFTY-II.NFO,28/05/2024,09:27:51,49746.35,49745,150,49750,15,30,898110
BANKNIFTY-II.NFO,28/05/2024,09:27:53,49746.35,49745.85,15,49750,15,0,898110
BANKNIFTY-II.NFO,28/05/2024,09:27:55,49759,49748.65,75,49758,30,120,898110
BANKNIFTY-II.NFO,28/05/2024,09:27:56,49772.05,49768.35,45,49775,15,630,898110
BANKNIFTY-II.NFO,28/05/2024,09:27:58,49770.6,49770.45,60,49775,15,45,898110
BANKNIFTY-II.NFO,28/05/2024,09:28:00,49785.85,49777.4,15,49788.25,120,90,898110
BANKNIFTY-II.NFO,28/05/2024,09:28:01,49777.35,49777.15,15,49788.95,120,75,898110
BANKNIFTY-II.NFO,28/05/2024,09:28:03,49778.7,49777.35,15,49778,15,30,898110
BANKNIFTY-II.NFO,28/05/2024,09:28:04,49788.3,49778.95,15,49788.3,15,60,898110
BANKNIFTY-II.NFO,28/05/2024,09:28:06,49787.9,49784.15,15,49789,480,465,898110
BANKNIFTY-II.NFO,28/05/2024,09:28:08,49789,49786.25,15,49790,90,495,898110
BANKNIFTY-II.NFO,28/05/2024,09:28:09,49799,49784.35,135,49797.35,120,750,898110
BANKNIFTY-II.NFO,28/05/2024,09:28:11,49789.45,49789.9,75,49796.55,15,150,898110
BANKNIFTY-II.NFO,28/05/2024,09:28:13,49796.3,49788.85,15,49795.75,15,15,898110
BANKNIFTY-II.NFO,28/05/2024,09:28:14,49791.25,49791.35,15,49799,630,195,898110
BANKNIFTY-II.NFO,28/05/2024,09:28:16,49791.25,49790.35,15,49796.3,15,0,898110
BANKNIFTY-II.NFO,28/05/2024,09:28:18,49798.8,49791.3,15,49798.25,30,45,898110
BANKNIFTY-II.NFO,28/05/2024,09:28:19,49791.3,49791.25,15,49795.3,15,60,898110
BANKNIFTY-II.NFO,28/05/2024,09:28:21,49789,49789.9,15,49796.5,30,150,898110
BANKNIFTY-II.NFO,28/05/2024,09:28:23,49788.95,49788.2,15,49796.5,60,30,898110
BANKNIFTY-II.NFO,28/05/2024,09:28:24,49796.5,49788,15,49795.95,30,60,898110
BANKNIFTY-II.NFO,28/05/2024,09:28:26,49788,49786.9,15,49788,450,45,898110
BANKNIFTY-II.NFO,28/05/2024,09:28:28,49788,49785,30,49788,405,60,898110
BANKNIFTY-II.NFO,28/05/2024,09:28:29,49799,49790.1,30,49799,480,525,898110
BANKNIFTY-II.NFO,28/05/2024,09:28:31,49790.3,49790.3,30,49799,450,375,898110
BANKNIFTY-II.NFO,28/05/2024,09:28:33,49789.1,49786.85,30,49799,450,15,898110
BANKNIFTY-II.NFO,28/05/2024,09:28:34,49789.1,49792.2,150,49799,450,0,898110
BANKNIFTY-II.NFO,28/05/2024,09:28:36,49789.1,49793.2,60,49799,450,15,898110
BANKNIFTY-II.NFO,28/05/2024,09:28:38,49799,49793.55,30,49799.25,15,15,898110
BANKNIFTY-II.NFO,28/05/2024,09:28:39,49800,49794.5,60,49800,165,330,898110
BANKNIFTY-II.NFO,28/05/2024,09:28:41,49799,49793.7,30,49799,15,15,898110
BANKNIFTY-II.NFO,28/05/2024,09:28:42,49793.7,49793.35,15,49799,30,15,898110
BANKNIFTY-II.NFO,28/05/2024,09:28:44,49793.7,49789.3,15,49796.2,15,0,898110
BANKNIFTY-II.NFO,28/05/2024,09:28:46,49800,49791.1,135,49800,180,165,898110
BANKNIFTY-II.NFO,28/05/2024,09:28:47,49800,49789.15,165,49795.1,15,0,898110
BANKNIFTY-II.NFO,28/05/2024,09:28:49,49795.1,49799,15,49800,180,15,898110
BANKNIFTY-II.NFO,28/05/2024,09:28:51,49800,49790.05,75,49800,165,30,898110
BANKNIFTY-II.NFO,28/05/2024,09:28:52,49790.05,49796.2,15,49800,165,15,898110
BANKNIFTY-II.NFO,28/05/2024,09:28:54,49799,49798.3,15,49800,165,30,898110
BANKNIFTY-II.NFO,28/05/2024,09:28:56,49799,49798.3,15,49800,165,0,898110
BANKNIFTY-II.NFO,28/05/2024,09:28:57,49800,49798.3,15,49799,30,45,898110
BANKNIFTY-II.NFO,28/05/2024,09:28:59,49800,49794.7,45,49799.95,120,90,898110
BANKNIFTY-II.NFO,28/05/2024,09:29:01,49795.95,49795.95,285,49800,90,30,898110
BANKNIFTY-II.NFO,28/05/2024,09:29:02,49800,49797.7,45,49800,60,120,898110
BANKNIFTY-II.NFO,28/05/2024,09:29:04,49798.75,49795.95,270,49798.75,135,30,898110
BANKNIFTY-II.NFO,28/05/2024,09:29:06,49798.75,49795.95,270,49798.7,120,15,898110
BANKNIFTY-II.NFO,28/05/2024,09:29:07,49798.65,49795.95,270,49798.65,120,8475,898110
BANKNIFTY-II.NFO,28/05/2024,09:29:09,49798.05,49795.95,270,49798.6,150,45,898110
BANKNIFTY-II.NFO,28/05/2024,09:29:11,49795.95,49795.95,255,49798.55,120,30,898110
BANKNIFTY-II.NFO,28/05/2024,09:29:12,49795.95,49795.95,240,49798.5,120,15,898110
BANKNIFTY-II.NFO,28/05/2024,09:29:14,49795.95,49795.95,225,49798.5,15,15,898110
BANKNIFTY-II.NFO,28/05/2024,09:29:16,49795.95,49795.95,225,49799.95,120,0,898110
BANKNIFTY-II.NFO,28/05/2024,09:29:17,49799.95,49795.95,225,49798.95,120,15,898110
BANKNIFTY-II.NFO,28/05/2024,09:29:19,49799.95,49795.95,225,49798.9,120,0,898110
BANKNIFTY-II.NFO,28/05/2024,09:29:21,49795.95,49795.95,210,49798.85,120,15,898110
BANKNIFTY-II.NFO,28/05/2024,09:29:22,49797.25,49792.05,120,49795.95,90,480,898110
BANKNIFTY-II.NFO,28/05/2024,09:29:24,49792.35,49792.5,75,49795.45,15,45,898110
BANKNIFTY-II.NFO,28/05/2024,09:29:26,49795.45,49791.65,75,49795.95,90,15,898110
BANKNIFTY-II.NFO,28/05/2024,09:29:27,49795.95,49792.45,45,49795.95,90,30,898110
BANKNIFTY-II.NFO,28/05/2024,09:29:29,49792.2,49792.3,270,49795.95,75,90,898110
BANKNIFTY-II.NFO,28/05/2024,09:29:31,49795,49791.15,90,49795.95,75,30,898110
BANKNIFTY-II.NFO,28/05/2024,09:29:32,49795.95,49793.05,120,49795.95,15,135,898110
BANKNIFTY-II.NFO,28/05/2024,09:29:34,49790.05,49790.4,120,49795.95,15,105,898110
BANKNIFTY-II.NFO,28/05/2024,09:29:36,49796.05,49794.05,90,49800,15,330,898110
BANKNIFTY-II.NFO,28/05/2024,09:29:37,49796.05,49793.05,105,49800,15,45,898110
BANKNIFTY-II.NFO,28/05/2024,09:29:39,49796.05,49798.95,60,49800,15,30,898110
BANKNIFTY-II.NFO,28/05/2024,09:29:41,49796.05,49791.3,60,49800,15,0,898110
BANKNIFTY-II.NFO,28/05/2024,09:29:42,49801.65,49797.1,135,49804.15,15,45,898110
BANKNIFTY-II.NFO,28/05/2024,09:29:44,49800,49800.7,45,49804.15,15,225,898110
BANKNIFTY-II.NFO,28/05/2024,09:29:46,49800.7,49797.05,45,49804.15,30,60,898110
BANKNIFTY-II.NFO,28/05/2024,09:29:47,49795,49796.1,30,49804.15,30,15,898110
BANKNIFTY-II.NFO,28/05/2024,09:29:49,49795,49796.1,30,49803.55,15,45,898110
BANKNIFTY-II.NFO,28/05/2024,09:29:51,49803.55,49796.05,15,49802.85,30,15,898110
BANKNIFTY-II.NFO,28/05/2024,09:29:52,49793,49791,135,49801.3,45,60,898110
BANKNIFTY-II.NFO,28/05/2024,09:29:54,49793,49791,15,49798,30,360,898110
BANKNIFTY-II.NFO,28/05/2024,09:29:56,49793,49795.95,30,49798,45,0,898110
BANKNIFTY-II.NFO,28/05/2024,09:29:57,49793,49795.95,30,49798,60,0,898110
BANKNIFTY-II.NFO,28/05/2024,09:29:59,49798,49795.95,30,49799.95,135,375,898110
BANKNIFTY-II.NFO,28/05/2024,09:30:01,49795,49793.1,30,49800,15,150,898110
BANKNIFTY-II.NFO,28/05/2024,09:30:02,49792,49795,30,49798,30,90,898110
BANKNIFTY-II.NFO,28/05/2024,09:30:04,49798,49795,30,49796.5,15,15,898110
BANKNIFTY-II.NFO,28/05/2024,09:30:06,49795,49795,15,49800,15,45,898110
BANKNIFTY-II.NFO,28/05/2024,09:30:07,49795,49792,165,49799.95,60,15,898110
BANKNIFTY-II.NFO,28/05/2024,09:30:09,49799.95,49792,90,49799.95,165,15,898110
BANKNIFTY-II.NFO,28/05/2024,09:30:11,49799.95,49792,90,49799.9,120,15,898110
BANKNIFTY-II.NFO,28/05/2024,09:30:12,49792,49792.1,30,49799.95,45,15,898110
BANKNIFTY-II.NFO,28/05/2024,09:30:14,49792.15,49792.15,45,49799.95,30,30,898110
BANKNIFTY-II.NFO,28/05/2024,09:30:15,49792,49792,15,49799.95,135,75,898110
BANKNIFTY-II.NFO,28/05/2024,09:30:17,49792,49792,15,49798.3,120,15,898110
BANKNIFTY-II.NFO,28/05/2024,09:30:19,49790,49790,15,49795.55,135,75,898110
BANKNIFTY-II.NFO,28/05/2024,09:30:20,49789.1,49784,15,49793.3,120,30,898110
BANKNIFTY-II.NFO,28/05/2024,09:30:22,49780,49780,15,49783.85,120,285,898110
BANKNIFTY-II.NFO,28/05/2024,09:30:24,49780,49780,15,49785.05,120,150,898110
BANKNIFTY-II.NFO,28/05/2024,09:30:25,49780,49780,45,49785.55,135,75,898110
BANKNIFTY-II.NFO,28/05/2024,09:30:27,49780,49780,45,49784.6,150,0,898110
BANKNIFTY-II.NFO,28/05/2024,09:30:29,49780,49775,15,49783.6,120,75,898110
BANKNIFTY-II.NFO,28/05/2024,09:30:30,49783.3,49770,60,49780.8,120,60,898110
BANKNIFTY-II.NFO,28/05/2024,09:30:32,49770,49773,120,49783.6,120,15,898110
BANKNIFTY-II.NFO,28/05/2024,09:30:34,49771,49771,120,49781.2,165,15,898110
BANKNIFTY-II.NFO,28/05/2024,09:30:35,49770,49770,180,49779.05,120,30,898110
BANKNIFTY-II.NFO,28/05/2024,09:30:37,49770,49770,210,49780.35,120,105,910320
BANKNIFTY-II.NFO,28/05/2024,09:30:39,49770,49770,30,49776.65,120,0,910320
BANKNIFTY-II.NFO,28/05/2024,09:30:40,49778.2,49770,30,49773.35,180,930,910320
BANKNIFTY-II.NFO,28/05/2024,09:30:42,49780,49761,240,49768.6,135,975,910320
BANKNIFTY-II.NFO,28/05/2024,09:30:44,49755.2,49757,255,49766.45,135,30,910320
BANKNIFTY-II.NFO,28/05/2024,09:30:45,49776.25,49751.05,15,49768.6,30,945,910320
BANKNIFTY-II.NFO,28/05/2024,09:30:47,49751.05,49759,255,49767.65,75,15,910320
BANKNIFTY-II.NFO,28/05/2024,09:30:49,49769.85,49760,240,49768.95,60,330,910320
BANKNIFTY-II.NFO,28/05/2024,09:30:50,49769.85,49757,240,49766.2,60,0,910320
BANKNIFTY-II.NFO,28/05/2024,09:30:52,49757,49756,225,49765.95,60,15,910320
BANKNIFTY-II.NFO,28/05/2024,09:30:54,49757,49756,240,49767.1,30,0,910320
BANKNIFTY-II.NFO,28/05/2024,09:30:55,49755,49757,165,49766.8,30,60,910320
BANKNIFTY-II.NFO,28/05/2024,09:30:57,49771.05,49760,180,49769.25,30,135,910320
BANKNIFTY-II.NFO,28/05/2024,09:30:59,49757,49759,150,49767.8,30,45,910320
BANKNIFTY-II.NFO,28/05/2024,09:31:00,49757,49756,150,49765.8,30,0,910320
BANKNIFTY-II.NFO,28/05/2024,09:31:02,49757,49758,135,49767.3,30,15,910320
BANKNIFTY-II.NFO,28/05/2024,09:31:04,49766.5,49756.05,120,49766.45,30,15,910320
BANKNIFTY-II.NFO,28/05/2024,09:31:05,49765.3,49755,45,49765.1,30,15,910320
BANKNIFTY-II.NFO,28/05/2024,09:31:07,49767.95,49756,135,49766.35,45,75,910320
BANKNIFTY-II.NFO,28/05/2024,09:31:09,49765.45,49757,135,49767.85,15,45,910320
BANKNIFTY-II.NFO,28/05/2024,09:31:10,49765.45,49757,135,49767.85,120,0,910320
BANKNIFTY-II.NFO,28/05/2024,09:31:12,49757.05,49756,150,49767.55,150,15,910320
BANKNIFTY-II.NFO,28/05/2024,09:31:14,49757.05,49755.05,120,49766.05,120,0,910320
BANKNIFTY-II.NFO,28/05/2024,09:31:15,49757.05,49755,45,49762.75,30,0,910320
BANKNIFTY-II.NFO,28/05/2024,09:31:17,49757.05,49755,45,49761.4,60,0,910320
BANKNIFTY-II.NFO,28/05/2024,09:31:19,49762,49757.05,15,49762.05,30,15,910320
BANKNIFTY-II.NFO,28/05/2024,09:31:20,49762,49759,135,49765,45,0,910320
BANKNIFTY-II.NFO,28/05/2024,09:31:22,49758.05,49757.25,30,49765,45,60,910320
BANKNIFTY-II.NFO,28/05/2024,09:31:24,49761.65,49757.05,15,49760.75,15,30,910320
BANKNIFTY-II.NFO,28/05/2024,09:31:25,49754.05,49753.05,120,49758.05,15,120,910320
BANKNIFTY-II.NFO,28/05/2024,09:31:27,49754.05,49754.05,135,49757.05,15,0,910320
BANKNIFTY-II.NFO,28/05/2024,09:31:29,49757.05,49756.05,120,49758.05,15,75,910320
BANKNIFTY-II.NFO,28/05/2024,09:31:30,49758.1,49758.1,135,49765,15,45,910320
BANKNIFTY-II.NFO,28/05/2024,09:31:32,49765,49760.05,90,49767,30,60,910320
BANKNIFTY-II.NFO,28/05/2024,09:31:34,49760.05,49763.05,135,49764.95,15,255,910320
BANKNIFTY-II.NFO,28/05/2024,09:31:35,49773.05,49771.05,135,49775,45,75,910320
BANKNIFTY-II.NFO,28/05/2024,09:31:37,49771.05,49763.05,90,49774.6,120,360,910320
BANKNIFTY-II.NFO,28/05/2024,09:31:39,49771.05,49762.05,90,49773.05,120,0,910320
BANKNIFTY-II.NFO,28/05/2024,09:31:40,49774.95,49765.05,135,49775,45,30,910320
BANKNIFTY-II.NFO,28/05/2024,09:31:42,49774.95,49763.05,120,49773.55,105,75,910320
BANKNIFTY-II.NFO,28/05/2024,09:31:44,49774.95,49759.05,120,49770.2,105,0,910320
BANKNIFTY-II.NFO,28/05/2024,09:31:45,49762.05,49760,135,49770.9,90,45,910320
BANKNIFTY-II.NFO,28/05/2024,09:31:47,49762.05,49762,135,49773.1,90,0,910320
BANKNIFTY-II.NFO,28/05/2024,09:31:49,49762.05,49761.05,120,49772.6,90,0,910320
BANKNIFTY-II.NFO,28/05/2024,09:31:50,49762.05,49762.05,120,49772.3,90,0,910320
BANKNIFTY-II.NFO,28/05/2024,09:31:52,49761.05,49762.05,120,49772.15,120,30,910320
BANKNIFTY-II.NFO,28/05/2024,09:31:54,49773.35,49762.05,120,49773.35,150,210,910320
BANKNIFTY-II.NFO,28/05/2024,09:31:55,49773.35,49760.05,120,49769.65,15,0,910320
BANKNIFTY-II.NFO,28/05/2024,09:31:57,49760.05,49760,15,49767.95,30,30,910320
BANKNIFTY-II.NFO,28/05/2024,09:31:59,49768.55,49760,15,49768.9,15,45,910320
BANKNIFTY-II.NFO,28/05/2024,09:32:00,49768.55,49760.1,120,49769.95,15,0,910320
BANKNIFTY-II.NFO,28/05/2024,09:32:02,49760.05,49760.1,105,49770,30,255,910320
BANKNIFTY-II.NFO,28/05/2024,09:32:04,49760.05,49760.05,90,49765.5,15,0,910320
BANKNIFTY-II.NFO,28/05/2024,09:32:05,49759.65,49759.05,120,49769.4,90,300,910320
BANKNIFTY-II.NFO,28/05/2024,09:32:07,49760.05,49759.05,105,49769.35,120,45,910320
BANKNIFTY-II.NFO,28/05/2024,09:32:09,49760.05,49760.05,105,49769.55,45,0,910320
BANKNIFTY-II.NFO,28/05/2024,09:32:10,49760.05,49760.05,105,49769.55,15,0,910320
BANKNIFTY-II.NFO,28/05/2024,09:32:12,49758.05,49758.05,15,49758.95,30,900,910320
BANKNIFTY-II.NFO,28/05/2024,09:32:14,49750,49745,30,49750.15,30,345,910320
BANKNIFTY-II.NFO,28/05/2024,09:32:15,49737,49738.1,120,49749.45,15,300,910320
BANKNIFTY-II.NFO,28/05/2024,09:32:17,49754.55,49748,30,49755.25,15,135,910320
BANKNIFTY-II.NFO,28/05/2024,09:32:19,49747,49743.05,135,49754.85,15,30,910320
BANKNIFTY-II.NFO,28/05/2024,09:32:20,49747,49743.15,15,49751.3,15,0,910320
BANKNIFTY-II.NFO,28/05/2024,09:32:22,49742,49740.25,30,49750.7,30,30,910320
BANKNIFTY-II.NFO,28/05/2024,09:32:24,49739.6,49738.8,135,49747,15,60,910320
BANKNIFTY-II.NFO,28/05/2024,09:32:25,49740.4,49739.6,135,49746.8,30,30,910320
BANKNIFTY-II.NFO,28/05/2024,09:32:27,49742.05,49742.05,120,49743.05,15,15,910320
BANKNIFTY-II.NFO,28/05/2024,09:32:29,49742.35,49742,450,49743.35,15,165,910320
BANKNIFTY-II.NFO,28/05/2024,09:32:30,49743.35,49742.05,75,49747,15,120,910320
BANKNIFTY-II.NFO,28/05/2024,09:32:32,49748.5,49744.6,45,49750,15,75,910320
BANKNIFTY-II.NFO,28/05/2024,09:32:34,49748.5,49747.2,45,49750,15,0,910320
BANKNIFTY-II.NFO,28/05/2024,09:32:35,49747,49747,210,49749.2,15,105,910320
BANKNIFTY-II.NFO,28/05/2024,09:32:37,49747,49747,180,49749.55,15,75,910320
BANKNIFTY-II.NFO,28/05/2024,09:32:39,49747,49747,150,49751.6,30,30,910320
BANKNIFTY-II.NFO,28/05/2024,09:32:40,49751.35,49747,120,49749.25,15,45,910320
BANKNIFTY-II.NFO,28/05/2024,09:32:42,49743,49742,450,49742.5,15,135,910320
BANKNIFTY-II.NFO,28/05/2024,09:32:44,49711.95,49710,60,49718.8,15,1620,910320
BANKNIFTY-II.NFO,28/05/2024,09:32:45,49702,49701.15,15,49706.2,75,270,910320
BANKNIFTY-II.NFO,28/05/2024,09:32:47,49704.9,49704.9,30,49712.05,75,900,910320
BANKNIFTY-II.NFO,28/05/2024,09:32:49,49702.1,49697.3,30,49708.2,15,45,910320
BANKNIFTY-II.NFO,28/05/2024,09:32:50,49691.45,49690,30,49698.2,30,60,910320
BANKNIFTY-II.NFO,28/05/2024,09:32:52,49689.45,49685,15,49689.5,30,165,910320
BANKNIFTY-II.NFO,28/05/2024,09:32:54,49693.05,49680.15,15,49693.05,45,255,910320
BANKNIFTY-II.NFO,28/05/2024,09:32:55,49680.9,49680.45,120,49689.95,45,300,910320
BANKNIFTY-II.NFO,28/05/2024,09:32:57,49681.5,49681.05,30,49689.95,75,60,910320
BANKNIFTY-II.NFO,28/05/2024,09:32:59,49689.95,49682.35,30,49689.95,15,90,910320
BANKNIFTY-II.NFO,28/05/2024,09:33:00,49685,49680.65,120,49690,30,45,910320
BANKNIFTY-II.NFO,28/05/2024,09:33:02,49680.05,49680,15,49688.15,30,135,910320
BANKNIFTY-II.NFO,28/05/2024,09:33:04,49685,49685.05,120,49690,30,15,910320
BANKNIFTY-II.NFO,28/05/2024,09:33:05,49686.1,49689.7,120,49699.85,15,135,910320
BANKNIFTY-II.NFO,28/05/2024,09:33:07,49699.8,49689.1,165,49700,15,120,910320
BANKNIFTY-II.NFO,28/05/2024,09:33:09,49696.45,49686.1,150,49696.9,150,240,910320
BANKNIFTY-II.NFO,28/05/2024,09:33:10,49701.2,49696.05,30,49704.9,15,435,910320
BANKNIFTY-II.NFO,28/05/2024,09:33:12,49696.95,49694.1,90,49708.75,135,1695,910320
BANKNIFTY-II.NFO,28/05/2024,09:33:14,49696.9,49691.45,15,49699.15,150,1800,910320
BANKNIFTY-II.NFO,28/05/2024,09:33:15,49708.75,49703.85,15,49716.4,15,15,910320
BANKNIFTY-II.NFO,28/05/2024,09:33:17,49717.15,49715.55,15,49720,15,225,910320
BANKNIFTY-II.NFO,28/05/2024,09:33:19,49714.1,49714.05,30,49728.9,120,645,910320
BANKNIFTY-II.NFO,28/05/2024,09:33:20,49714.05,49710.25,30,49723.5,30,75,910320
BANKNIFTY-II.NFO,28/05/2024,09:33:22,49712.05,49713.35,15,49729.6,120,15,910320
BANKNIFTY-II.NFO,28/05/2024,09:33:24,49712.05,49706.05,15,49721.7,150,0,910320
BANKNIFTY-II.NFO,28/05/2024,09:33:25,49721.05,49705.9,30,49721.85,120,30,910320
BANKNIFTY-II.NFO,28/05/2024,09:33:27,49706.1,49710,15,49721.85,120,90,910320
BANKNIFTY-II.NFO,28/05/2024,09:33:29,49710,49708.75,60,49710,30,315,910320
BANKNIFTY-II.NFO,28/05/2024,09:33:30,49708.75,49708.75,30,49710,15,45,910320
BANKNIFTY-II.NFO,28/05/2024,09:33:32,49710.9,49710,15,49710.85,120,120,910320
BANKNIFTY-II.NFO,28/05/2024,09:33:34,49706,49700,105,49705.75,120,45,910320
BANKNIFTY-II.NFO,28/05/2024,09:33:35,49709.25,49700,105,49709.1,120,30,910320
BANKNIFTY-II.NFO,28/05/2024,09:33:37,49700,49700,90,49708.6,120,15,910320
BANKNIFTY-II.NFO,28/05/2024,09:33:39,49707.25,49700,90,49707.95,120,60,918645
BANKNIFTY-II.NFO,28/05/2024,09:33:40,49700,49694.1,165,49707.85,105,150,918645
BANKNIFTY-II.NFO,28/05/2024,09:33:42,49692.6,49692.65,165,49705.35,105,30,918645
BANKNIFTY-II.NFO,28/05/2024,09:33:44,49692.65,49694.05,15,49705.1,120,60,918645
BANKNIFTY-II.NFO,28/05/2024,09:33:45,49694.1,49694.1,120,49706.25,120,15,918645
BANKNIFTY-II.NFO,28/05/2024,09:33:47,49694.1,49690.1,105,49704.45,120,180,918645
BANKNIFTY-II.NFO,28/05/2024,09:33:49,49689.65,49688.7,75,49701.1,120,30,918645
BANKNIFTY-II.NFO,28/05/2024,09:33:50,49689.65,49692.05,75,49700,15,0,918645
BANKNIFTY-II.NFO,28/05/2024,09:33:52,49692,49692,30,49699.95,120,90,918645
BANKNIFTY-II.NFO,28/05/2024,09:33:54,49687.75,49686.75,15,49695.7,60,150,918645
BANKNIFTY-II.NFO,28/05/2024,09:33:55,49685.1,49686.1,120,49699.55,15,105,918645
BANKNIFTY-II.NFO,28/05/2024,09:33:57,49698.5,49685,105,49695.05,30,90,918645
BANKNIFTY-II.NFO,28/05/2024,09:33:59,49698.5,49691,75,49698,15,15,918645
BANKNIFTY-II.NFO,28/05/2024,09:34:00,49698,49691.05,150,49698.5,15,60,918645
BANKNIFTY-II.NFO,28/05/2024,09:34:02,49709,49698.55,120,49709,15,135,918645
BANKNIFTY-II.NFO,28/05/2024,09:34:04,49695.6,49694.25,75,49707.9,135,165,918645
BANKNIFTY-II.NFO,28/05/2024,09:34:05,49690,49690,15,49698.4,135,135,918645
BANKNIFTY-II.NFO,28/05/2024,09:34:07,49691.05,49691.05,90,49704.15,135,15,918645
BANKNIFTY-II.NFO,28/05/2024,09:34:09,49691.05,49691.05,90,49696.65,15,0,918645
BANKNIFTY-II.NFO,28/05/2024,09:34:11,49690.05,49690.05,30,49696.65,15,60,918645
BANKNIFTY-II.NFO,28/05/2024,09:34:12,49690.05,49690,15,49694.8,135,15,918645
BANKNIFTY-II.NFO,28/05/2024,09:34:14,49687,49687,30,49694.4,120,45,918645
BANKNIFTY-II.NFO,28/05/2024,09:34:16,49694.35,49685.05,30,49694.4,15,45,918645
BANKNIFTY-II.NFO,28/05/2024,09:34:17,49693.35,49685,75,49693.15,120,105,918645
BANKNIFTY-II.NFO,28/05/2024,09:34:19,49693.35,49685,75,49688.95,120,0,918645
BANKNIFTY-II.NFO,28/05/2024,09:34:21,49685,49682.05,15,49685.3,120,75,918645
BANKNIFTY-II.NFO,28/05/2024,09:34:22,49679.55,49672.75,90,49679.5,30,555,918645
BANKNIFTY-II.NFO,28/05/2024,09:34:24,49679.45,49671,30,49678.1,60,90,918645
BANKNIFTY-II.NFO,28/05/2024,09:34:26,49669.4,49667,15,49669.45,30,315,918645
BANKNIFTY-II.NFO,28/05/2024,09:34:27,49663,49661,15,49666.9,30,135,918645
BANKNIFTY-II.NFO,28/05/2024,09:34:29,49667,49662.45,135,49670.2,30,75,918645
BANKNIFTY-II.NFO,28/05/2024,09:34:31,49669.8,49666.85,120,49669.8,15,3585,918645
BANKNIFTY-II.NFO,28/05/2024,09:34:32,49667.15,49667.15,45,49668.25,15,90,918645
BANKNIFTY-II.NFO,28/05/2024,09:34:34,49667.25,49668.1,135,49679.05,60,195,918645
BANKNIFTY-II.NFO,28/05/2024,09:34:35,49670.1,49670.1,135,49680.55,60,105,918645
BANKNIFTY-II.NFO,28/05/2024,09:34:37,49672.25,49672.25,90,49682.05,15,120,918645
BANKNIFTY-II.NFO,28/05/2024,09:34:39,49676.45,49676.5,15,49683,15,150,918645
BANKNIFTY-II.NFO,28/05/2024,09:34:40,49669.1,49668.65,150,49672.4,30,165,918645
BANKNIFTY-II.NFO,28/05/2024,09:34:42,49661.75,49660,30,49663.4,30,525,918645
BANKNIFTY-II.NFO,28/05/2024,09:34:44,49661.75,49660.05,135,49672.25,30,3240,918645
BANKNIFTY-II.NFO,28/05/2024,09:34:45,49660,49656.7,30,49658.4,45,360,918645
BANKNIFTY-II.NFO,28/05/2024,09:34:47,49651,49650.05,15,49658.3,45,165,918645
BANKNIFTY-II.NFO,28/05/2024,09:34:49,49657.6,49650.05,15,49658.3,15,90,918645
BANKNIFTY-II.NFO,28/05/2024,09:34:50,49651.85,49647.25,105,49651.85,15,420,918645
BANKNIFTY-II.NFO,28/05/2024,09:34:52,49654.45,49659.05,15,49661.75,60,60,918645
BANKNIFTY-II.NFO,28/05/2024,09:34:54,49666.7,49661.7,15,49666.7,30,105,918645
BANKNIFTY-II.NFO,28/05/2024,09:34:55,49660.7,49666.7,30,49669.5,30,75,918645
BANKNIFTY-II.NFO,28/05/2024,09:34:57,49665,49664.05,30,49671.5,15,60,918645
BANKNIFTY-II.NFO,28/05/2024,09:34:59,49663.4,49653,45,49662.15,75,60,918645
BANKNIFTY-II.NFO,28/05/2024,09:35:00,49652,49651,60,49662.5,75,15,918645
BANKNIFTY-II.NFO,28/05/2024,09:35:02,49658.45,49651,30,49658.7,45,45,918645
BANKNIFTY-II.NFO,28/05/2024,09:35:04,49643.95,49643.95,45,49644,30,180,918645
BANKNIFTY-II.NFO,28/05/2024,09:35:05,49652,49650,30,49650.7,30,195,918645
BANKNIFTY-II.NFO,28/05/2024,09:35:07,49650,49643.85,15,49650,600,165,918645
BANKNIFTY-II.NFO,28/05/2024,09:35:09,49644.6,49645.85,105,49649.95,15,15,918645
BANKNIFTY-II.NFO,28/05/2024,09:35:10,49650,49644.05,105,49650,585,105,918645
BANKNIFTY-II.NFO,28/05/2024,09:35:12,49644.1,49644.1,45,49650,570,60,918645
BANKNIFTY-II.NFO,28/05/2024,09:35:14,49650,49646.55,15,49648.3,15,2880,918645
BANKNIFTY-II.NFO,28/05/2024,09:35:15,49650,49644.7,30,49646.55,105,795,918645
BANKNIFTY-II.NFO,28/05/2024,09:35:17,49643.9,49643.9,15,49646.55,15,75,918645
BANKNIFTY-II.NFO,28/05/2024,09:35:19,49643.05,49641,45,49643.05,60,165,918645
BANKNIFTY-II.NFO,28/05/2024,09:35:20,49641,49640,30,49641,75,240,918645
BANKNIFTY-II.NFO,28/05/2024,09:35:22,49641.05,49642,60,49643.9,15,105,918645
BANKNIFTY-II.NFO,28/05/2024,09:35:23,49641,49640,15,49649.7,30,90,918645
BANKNIFTY-II.NFO,28/05/2024,09:35:25,49646.55,49637,45,49648.2,30,1995,918645
BANKNIFTY-II.NFO,28/05/2024,09:35:27,49638,49632.75,15,49639.6,120,720,918645
BANKNIFTY-II.NFO,28/05/2024,09:35:28,49638,49636,30,49646.7,30,0,918645
BANKNIFTY-II.NFO,28/05/2024,09:35:30,49631,49630.05,15,49637,120,195,918645
BANKNIFTY-II.NFO,28/05/2024,09:35:32,49631.55,49627,15,49631.55,60,195,918645
BANKNIFTY-II.NFO,28/05/2024,09:35:33,49631.55,49629.4,150,49637.4,30,75,918645
BANKNIFTY-II.NFO,28/05/2024,09:35:35,49637.4,49629.9,150,49637.4,30,15,918645
BANKNIFTY-II.NFO,28/05/2024,09:35:37,49620.75,49613,15,49620.75,135,645,918645
BANKNIFTY-II.NFO,28/05/2024,09:35:38,49612,49612,15,49620.25,135,90,918645
BANKNIFTY-II.NFO,28/05/2024,09:35:38,49612,49612,15,49620.25,135,0,918645
BANKNIFTY-II.NFO,28/05/2024,09:35:40,49607.75,49607.55,150,49615.1,120,120,918645
BANKNIFTY-II.NFO,28/05/2024,09:35:40,49607.75,49607.55,150,49615.1,120,0,918645
BANKNIFTY-II.NFO,28/05/2024,09:35:42,49603,49602,15,49606.95,120,90,918645
BANKNIFTY-II.NFO,28/05/2024,09:35:42,49603,49602,15,49606.95,120,0,918645
BANKNIFTY-II.NFO,28/05/2024,09:35:43,49600,49600,375,49607.2,30,255,918645
BANKNIFTY-II.NFO,28/05/2024,09:35:43,49600,49600,375,49607.2,30,0,918645
BANKNIFTY-II.NFO,28/05/2024,09:35:45,49605.7,49605.7,15,49615.15,30,165,918645
BANKNIFTY-II.NFO,28/05/2024,09:35:47,49603.3,49602.4,75,49612.9,30,2625,918645
BANKNIFTY-II.NFO,28/05/2024,09:35:48,49605.7,49608.05,75,49615.15,30,45,918645
BANKNIFTY-II.NFO,28/05/2024,09:35:50,49609.8,49609.9,30,49618.55,15,150,918645
BANKNIFTY-II.NFO,28/05/2024,09:35:52,49610.65,49605.05,60,49610.65,15,420,918645
BANKNIFTY-II.NFO,28/05/2024,09:35:53,49614.5,49607.35,90,49613.6,30,30,918645
BANKNIFTY-II.NFO,28/05/2024,09:35:55,49605.15,49605.15,60,49615.2,120,45,918645
BANKNIFTY-II.NFO,28/05/2024,09:35:57,49616.35,49605,30,49612.65,120,75,918645
BANKNIFTY-II.NFO,28/05/2024,09:35:58,49613.25,49610,15,49611.7,30,30,918645
BANKNIFTY-II.NFO,28/05/2024,09:36:00,49605.15,49605.5,105,49611,120,60,918645
BANKNIFTY-II.NFO,28/05/2024,09:36:02,49601.3,49600.3,135,49606.8,30,690,918645
BANKNIFTY-II.NFO,28/05/2024,09:36:02,49593.25,49600.3,135,49606.8,30,0,918645
BANKNIFTY-II.NFO,28/05/2024,09:36:03,49600.3,49602.3,195,49614.4,30,30,918645
BANKNIFTY-II.NFO,28/05/2024,09:36:05,49624.9,49614.15,75,49624.7,30,240,918645
BANKNIFTY-II.NFO,28/05/2024,09:36:07,49616.1,49618.35,60,49629.55,30,1845,918645
BANKNIFTY-II.NFO,28/05/2024,09:36:08,49613.05,49613.05,45,49614.3,30,240,918645
BANKNIFTY-II.NFO,28/05/2024,09:36:10,49604.9,49608.95,30,49621,30,270,918645
BANKNIFTY-II.NFO,28/05/2024,09:36:12,49619.05,49611.7,15,49616.75,30,195,918645
BANKNIFTY-II.NFO,28/05/2024,09:36:13,49611.7,49606.8,150,49611.25,30,45,918645
BANKNIFTY-II.NFO,28/05/2024,09:36:15,49602.6,49602.85,30,49614.35,30,90,918645
BANKNIFTY-II.NFO,28/05/2024,09:36:17,49604.95,49604.9,30,49616.65,30,60,918645
BANKNIFTY-II.NFO,28/05/2024,09:36:19,49614.35,49614.4,15,49618.6,30,300,918645
BANKNIFTY-II.NFO,28/05/2024,09:36:20,49614.35,49614.35,15,49617.25,75,240,918645
BANKNIFTY-II.NFO,28/05/2024,09:36:22,49614.35,49606.85,120,49614.35,285,165,918645
BANKNIFTY-II.NFO,28/05/2024,09:36:24,49614.35,49614.45,120,49619.05,30,2235,918645
BANKNIFTY-II.NFO,28/05/2024,09:36:25,49624.15,49624.15,105,49634.4,30,150,918645
BANKNIFTY-II.NFO,28/05/2024,09:36:27,49637.45,49629.45,90,49638.7,15,45,918645
BANKNIFTY-II.NFO,28/05/2024,09:36:29,49643.05,49643.05,45,49645.6,30,210,918645
BANKNIFTY-II.NFO,28/05/2024,09:36:30,49649.95,49638.2,120,49649.2,30,105,918645
BANKNIFTY-II.NFO,28/05/2024,09:36:32,49645.25,49637.05,120,49645.3,30,60,918645
BANKNIFTY-II.NFO,28/05/2024,09:36:34,49637.45,49639.6,120,49641.6,15,60,918645
BANKNIFTY-II.NFO,28/05/2024,09:36:35,49646.9,49645.95,90,49649.1,30,75,918645
BANKNIFTY-II.NFO,28/05/2024,09:36:37,49650,49645.95,90,49650,45,315,918645
BANKNIFTY-II.NFO,28/05/2024,09:36:39,49643.95,49643.25,105,49654.2,120,270,939015
BANKNIFTY-II.NFO,28/05/2024,09:36:40,49650,49644.5,15,49651.65,120,15,939015
BANKNIFTY-II.NFO,28/05/2024,09:36:42,49650.9,49643.1,15,49650,105,30,939015
BANKNIFTY-II.NFO,28/05/2024,09:36:44,49638.75,49644.3,15,49655.55,15,330,939015
BANKNIFTY-II.NFO,28/05/2024,09:36:45,49649,49653.5,90,49660,30,225,939015
BANKNIFTY-II.NFO,28/05/2024,09:36:47,49660,49656.35,15,49667.5,120,30,939015
BANKNIFTY-II.NFO,28/05/2024,09:36:49,49666.75,49652.1,15,49662.9,15,60,939015
BANKNIFTY-II.NFO,28/05/2024,09:36:50,49664.9,49660,15,49664.9,15,120,939015
BANKNIFTY-II.NFO,28/05/2024,09:36:52,49667.75,49670.55,30,49672,30,90,939015
BANKNIFTY-II.NFO,28/05/2024,09:36:54,49688,49676.05,165,49690.5,30,255,939015
BANKNIFTY-II.NFO,28/05/2024,09:36:55,49677.1,49672,75,49682.05,120,15,939015
BANKNIFTY-II.NFO,28/05/2024,09:36:57,49678.35,49672,75,49680.5,120,90,939015
BANKNIFTY-II.NFO,28/05/2024,09:36:59,49685.85,49675.25,30,49684.05,120,105,939015
BANKNIFTY-II.NFO,28/05/2024,09:37:00,49681.7,49672.85,120,49685.3,90,30,939015
BANKNIFTY-II.NFO,28/05/2024,09:37:02,49690.65,49680.95,120,49691.6,75,30,939015
BANKNIFTY-II.NFO,28/05/2024,09:37:04,49693.35,49684.8,15,49693.3,15,75,939015
BANKNIFTY-II.NFO,28/05/2024,09:37:05,49692.45,49686.45,15,49694.15,75,150,939015
BANKNIFTY-II.NFO,28/05/2024,09:37:07,49689.9,49675.75,120,49689.6,120,105,939015
BANKNIFTY-II.NFO,28/05/2024,09:37:09,49689.9,49673.15,120,49687.3,120,0,939015
BANKNIFTY-II.NFO,28/05/2024,09:37:10,49683.5,49672.05,30,49686.2,150,3015,939015
BANKNIFTY-II.NFO,28/05/2024,09:37:12,49687.85,49672.95,30,49686.55,15,45,939015
BANKNIFTY-II.NFO,28/05/2024,09:37:14,49685.8,49674.75,30,49688.05,105,105,939015
BANKNIFTY-II.NFO,28/05/2024,09:37:15,49672.1,49673.35,75,49684.75,120,240,939015
BANKNIFTY-II.NFO,28/05/2024,09:37:17,49672.1,49673.3,60,49688.35,120,0,939015
BANKNIFTY-II.NFO,28/05/2024,09:37:19,49672.1,49672,75,49678.1,15,0,939015
BANKNIFTY-II.NFO,28/05/2024,09:37:20,49672,49674,15,49679.6,120,15,939015
BANKNIFTY-II.NFO,28/05/2024,09:37:22,49670,49668.7,15,49671.45,120,90,939015
BANKNIFTY-II.NFO,28/05/2024,09:37:24,49667.45,49660,15,49666.25,135,45,939015
BANKNIFTY-II.NFO,28/05/2024,09:37:25,49681.05,49667.45,15,49677.75,45,1410,939015
BANKNIFTY-II.NFO,28/05/2024,09:37:27,49681.05,49670,15,49672.9,30,0,939015
BANKNIFTY-II.NFO,28/05/2024,09:37:29,49672.1,49667.45,15,49673.5,105,135,939015
BANKNIFTY-II.NFO,28/05/2024,09:37:30,49667.45,49663.05,30,49675.45,105,15,939015
BANKNIFTY-II.NFO,28/05/2024,09:37:32,49680.4,49668.25,45,49679.8,150,15,939015
BANKNIFTY-II.NFO,28/05/2024,09:37:34,49680.4,49666.25,15,49677.15,105,0,939015
BANKNIFTY-II.NFO,28/05/2024,09:37:35,49674.65,49661.65,30,49674.7,120,960,939015
BANKNIFTY-II.NFO,28/05/2024,09:37:37,49674.65,49662.55,30,49674.7,120,0,939015
BANKNIFTY-II.NFO,28/05/2024,09:37:39,49656.55,49656,105,49669.7,120,60,939015
BANKNIFTY-II.NFO,28/05/2024,09:37:40,49652.8,49653.15,90,49664.75,120,30,939015
BANKNIFTY-II.NFO,28/05/2024,09:37:42,49672.75,49651.1,45,49662.15,120,1800,939015
BANKNIFTY-II.NFO,28/05/2024,09:37:44,49670.35,49652.2,45,49664.25,45,180,939015
BANKNIFTY-II.NFO,28/05/2024,09:37:45,49650,49642,15,49649.7,90,15,939015
BANKNIFTY-II.NFO,28/05/2024,09:37:47,49647.4,49639.15,120,49651.55,30,1035,939015
BANKNIFTY-II.NFO,28/05/2024,09:37:48,49650.4,49638.85,30,49651.7,90,75,939015
BANKNIFTY-II.NFO,28/05/2024,09:37:50,49638.7,49644.05,45,49651.9,30,30,939015
BANKNIFTY-II.NFO,28/05/2024,09:37:52,49638.7,49646.35,45,49655.35,15,0,939015
BANKNIFTY-II.NFO,28/05/2024,09:37:53,49638.7,49646.5,15,49650,30,0,939015
BANKNIFTY-II.NFO,28/05/2024,09:37:55,49645.9,49644.15,45,49650,15,30,939015
BANKNIFTY-II.NFO,28/05/2024,09:37:57,49645.9,49639.65,45,49647.4,60,15,939015
BANKNIFTY-II.NFO,28/05/2024,09:37:58,49647.4,49642.95,45,49647.4,45,45,939015
BANKNIFTY-II.NFO,28/05/2024,09:38:00,49639.95,49640.5,30,49647.4,30,30,939015
BANKNIFTY-II.NFO,28/05/2024,09:38:02,49645.45,49635.1,45,49645.75,150,45,939015
BANKNIFTY-II.NFO,28/05/2024,09:38:03,49647.4,49640.35,45,49649.7,15,45,939015
BANKNIFTY-II.NFO,28/05/2024,09:38:05,49647.4,49647.4,15,49650,45,30,939015
BANKNIFTY-II.NFO,28/05/2024,09:38:07,49650.15,49653.85,120,49657.6,15,60,939015
BANKNIFTY-II.NFO,28/05/2024,09:38:08,49650.15,49652.95,45,49663,150,0,939015
BANKNIFTY-II.NFO,28/05/2024,09:38:10,49651.55,49652.2,45,49662.3,15,30,939015
BANKNIFTY-II.NFO,28/05/2024,09:38:12,49651.55,49652.85,45,49663.55,165,0,939015
BANKNIFTY-II.NFO,28/05/2024,09:38:13,49663.7,49651.95,45,49662.35,75,15,939015
BANKNIFTY-II.NFO,28/05/2024,09:38:15,49660.15,49654.65,30,49664.65,75,90,939015
BANKNIFTY-II.NFO,28/05/2024,09:38:17,49667.05,49654.85,120,49665.75,150,45,939015
BANKNIFTY-II.NFO,28/05/2024,09:38:18,49660.15,49654.65,15,49660.7,105,45,939015
BANKNIFTY-II.NFO,28/05/2024,09:38:20,49650,49648.05,135,49659.2,75,30,939015
BANKNIFTY-II.NFO,28/05/2024,09:38:22,49648.5,49648.45,240,49660.55,75,15,939015
BANKNIFTY-II.NFO,28/05/2024,09:38:23,49650.4,49651.05,120,49660.9,45,15,939015
BANKNIFTY-II.NFO,28/05/2024,09:38:25,49654.75,49654.85,120,49662.15,30,30,939015
BANKNIFTY-II.NFO,28/05/2024,09:38:27,49662.15,49662.15,15,49666,15,60,939015
BANKNIFTY-II.NFO,28/05/2024,09:38:28,49666.15,49663.8,135,49670.3,15,45,939015
BANKNIFTY-II.NFO,28/05/2024,09:38:30,49662.95,49662.15,15,49668.55,30,30,939015
BANKNIFTY-II.NFO,28/05/2024,09:38:32,49670.3,49662.15,15,49670.35,45,45,939015
BANKNIFTY-II.NFO,28/05/2024,09:38:34,49661.15,49662.7,120,49666.25,15,150,939015
BANKNIFTY-II.NFO,28/05/2024,09:38:35,49666.25,49662.1,75,49670.35,30,45,939015
BANKNIFTY-II.NFO,28/05/2024,09:38:37,49666.15,49667.7,105,49670.35,30,2235,939015
BANKNIFTY-II.NFO,28/05/2024,09:38:39,49672,49664.95,60,49672,330,165,939015
BANKNIFTY-II.NFO,28/05/2024,09:38:40,49663.5,49663.5,45,49672,330,15,939015
BANKNIFTY-II.NFO,28/05/2024,09:38:42,49670,49669.65,45,49672,330,135,939015
BANKNIFTY-II.NFO,28/05/2024,09:38:43,49672,49666.9,30,49671.95,15,120,939015
BANKNIFTY-II.NFO,28/05/2024,09:38:45,49672,49664.05,45,49671.95,15,0,939015
BANKNIFTY-II.NFO,28/05/2024,09:38:47,49664.05,49666.3,30,49671.15,15,30,939015
BANKNIFTY-II.NFO,28/05/2024,09:38:48,49671.95,49669.3,15,49672,210,1725,939015
BANKNIFTY-II.NFO,28/05/2024,09:38:50,49667.95,49666.8,30,49672,210,15,939015
BANKNIFTY-II.NFO,28/05/2024,09:38:52,49669.45,49667.9,30,49672,210,15,939015
BANKNIFTY-II.NFO,28/05/2024,09:38:53,49674.45,49672.75,45,49684.15,30,570,939015
BANKNIFTY-II.NFO,28/05/2024,09:38:55,49669.6,49669.55,15,49682.1,45,15,939015
BANKNIFTY-II.NFO,28/05/2024,09:38:57,49680.35,49668.45,30,49681.1,30,45,939015
BANKNIFTY-II.NFO,28/05/2024,09:38:58,49679.9,49670,105,49676.5,15,75,939015
BANKNIFTY-II.NFO,28/05/2024,09:39:00,49678.8,49678.8,120,49690.4,135,945,939015
BANKNIFTY-II.NFO,28/05/2024,09:39:02,49695,49687.85,120,49699,465,15,939015
BANKNIFTY-II.NFO,28/05/2024,09:39:03,49695,49685.9,120,49697.4,30,0,939015
BANKNIFTY-II.NFO,28/05/2024,09:39:05,49705,49705.05,120,49712.9,45,2445,939015
BANKNIFTY-II.NFO,28/05/2024,09:39:07,49703.05,49696.05,135,49707.3,30,90,939015
BANKNIFTY-II.NFO,28/05/2024,09:39:08,49703.05,49700.05,120,49707.3,15,0,939015
BANKNIFTY-II.NFO,28/05/2024,09:39:10,49698,49697.2,120,49709.65,45,585,939015
BANKNIFTY-II.NFO,28/05/2024,09:39:12,49710.3,49703.05,30,49710.3,30,765,939015
BANKNIFTY-II.NFO,28/05/2024,09:39:13,49710.3,49707.85,45,49713,15,675,939015
BANKNIFTY-II.NFO,28/05/2024,09:39:15,49708.85,49707.85,30,49708.85,15,90,939015
BANKNIFTY-II.NFO,28/05/2024,09:39:17,49711.5,49703.05,30,49713,30,45,939015
BANKNIFTY-II.NFO,28/05/2024,09:39:18,49711,49703.05,30,49703.7,15,45,939015
BANKNIFTY-II.NFO,28/05/2024,09:39:20,49698.15,49698,15,49708.6,60,210,939015
BANKNIFTY-II.NFO,28/05/2024,09:39:22,49698.15,49698.05,30,49710.2,15,0,939015
BANKNIFTY-II.NFO,28/05/2024,09:39:23,49698.15,49698,15,49701.55,60,0,939015
BANKNIFTY-II.NFO,28/05/2024,09:39:25,49700,49690.45,45,49702.55,90,255,939015
BANKNIFTY-II.NFO,28/05/2024,09:39:27,49702.55,49687,30,49698.65,45,15,939015
BANKNIFTY-II.NFO,28/05/2024,09:39:28,49702.55,49682,120,49697.6,45,0,939015
BANKNIFTY-II.NFO,28/05/2024,09:39:30,49684.6,49685.85,30,49698.7,75,15,939015
BANKNIFTY-II.NFO,28/05/2024,09:39:32,49684.6,49690.95,30,49699.95,60,0,939015
BANKNIFTY-II.NFO,28/05/2024,09:39:33,49699.95,49686.05,135,49699.85,15,45,939015
BANKNIFTY-II.NFO,28/05/2024,09:39:35,49699.95,49686,15,49696.95,15,0,939015
BANKNIFTY-II.NFO,28/05/2024,09:39:37,49699.95,49686.05,45,49696.75,15,0,939015
BANKNIFTY-II.NFO,28/05/2024,09:39:38,49699.45,49686,15,49692.6,30,15,939015
BANKNIFTY-II.NFO,28/05/2024,09:39:40,49671.7,49670,30,49678.4,30,120,946755
BANKNIFTY-II.NFO,28/05/2024,09:39:42,49675.5,49672.5,30,49678.4,15,30,946755
BANKNIFTY-II.NFO,28/05/2024,09:39:43,49675.65,49673.4,30,49680,225,15,946755
BANKNIFTY-II.NFO,28/05/2024,09:39:45,49675.65,49671.3,30,49680,225,0,946755
BANKNIFTY-II.NFO,28/05/2024,09:39:47,49679.55,49671.7,30,49680,225,15,946755
BANKNIFTY-II.NFO,28/05/2024,09:39:48,49682,49670.5,30,49682.05,60,615,946755
BANKNIFTY-II.NFO,28/05/2024,09:39:50,49670,49670,15,49680.1,150,15,946755
BANKNIFTY-II.NFO,28/05/2024,09:39:52,49681.2,49672.75,30,49684.4,150,15,946755
BANKNIFTY-II.NFO,28/05/2024,09:39:53,49680.8,49670.25,15,49678.8,150,15,946755
BANKNIFTY-II.NFO,28/05/2024,09:39:55,49680.8,49672.1,30,49682.1,150,0,946755
BANKNIFTY-II.NFO,28/05/2024,09:39:57,49681.45,49671,15,49680.55,150,45,946755
BANKNIFTY-II.NFO,28/05/2024,09:39:58,49681.45,49671,15,49680.2,15,0,946755
BANKNIFTY-II.NFO,28/05/2024,09:40:00,49671,49670,15,49675.95,165,60,946755
BANKNIFTY-II.NFO,28/05/2024,09:40:02,49680.3,49670,30,49678.8,60,15,946755
BANKNIFTY-II.NFO,28/05/2024,09:40:03,49680.8,49674.1,30,49682.7,150,15,946755
BANKNIFTY-II.NFO,28/05/2024,09:40:05,49687.95,49679.35,135,49689.05,15,30,946755
BANKNIFTY-II.NFO,28/05/2024,09:40:07,49689.05,49684.45,135,49688.75,15,30,946755
BANKNIFTY-II.NFO,28/05/2024,09:40:08,49688.75,49681.75,45,49689.85,150,15,946755
BANKNIFTY-II.NFO,28/05/2024,09:40:10,49684.45,49684.65,30,49693.5,15,30,946755
BANKNIFTY-II.NFO,28/05/2024,09:40:12,49691.65,49691.65,15,49699.45,15,945,946755
BANKNIFTY-II.NFO,28/05/2024,09:40:13,49691.65,49685.35,30,49695.1,15,0,946755
BANKNIFTY-II.NFO,28/05/2024,09:40:15,49686.05,49682.65,120,49691.5,150,135,946755
BANKNIFTY-II.NFO,28/05/2024,09:40:17,49694,49685.35,30,49694.95,60,105,946755
BANKNIFTY-II.NFO,28/05/2024,09:40:18,49694,49687.25,135,49696.65,150,0,946755
BANKNIFTY-II.NFO,28/05/2024,09:40:20,49686.3,49686.75,120,49696.05,15,75,946755
BANKNIFTY-II.NFO,28/05/2024,09:40:22,49692.7,49681.65,135,49692.85,150,15,946755
BANKNIFTY-II.NFO,28/05/2024,09:40:23,49692.9,49684.7,120,49694.9,150,45,946755
BANKNIFTY-II.NFO,28/05/2024,09:40:25,49692.9,49679.65,120,49691.1,30,90,946755
BANKNIFTY-II.NFO,28/05/2024,09:40:27,49678.05,49678.05,15,49685.45,45,60,946755
BANKNIFTY-II.NFO,28/05/2024,09:40:28,49671.25,49672.25,120,49684.95,60,45,946755
BANKNIFTY-II.NFO,28/05/2024,09:40:30,49670,49670.05,30,49682.1,30,120,946755
BANKNIFTY-II.NFO,28/05/2024,09:40:32,49670,49672.15,30,49683.9,180,0,946755
BANKNIFTY-II.NFO,28/05/2024,09:40:33,49664.1,49664.15,30,49674.95,30,75,946755
BANKNIFTY-II.NFO,28/05/2024,09:40:35,49668.5,49668.1,120,49680.1,30,45,946755
BANKNIFTY-II.NFO,28/05/2024,09:40:37,49668.5,49671.3,135,49682.6,150,0,946755
BANKNIFTY-II.NFO,28/05/2024,09:40:38,49687.25,49682.3,45,49685.25,15,30,946755
BANKNIFTY-II.NFO,28/05/2024,09:40:40,49673.6,49672.2,30,49684,30,30,946755
BANKNIFTY-II.NFO,28/05/2024,09:40:42,49684.45,49673.05,45,49683.95,15,15,946755
BANKNIFTY-II.NFO,28/05/2024,09:40:43,49673.05,49669,120,49673.25,15,15,946755
BANKNIFTY-II.NFO,28/05/2024,09:40:45,49673.05,49666.3,120,49673.25,15,0,946755
BANKNIFTY-II.NFO,28/05/2024,09:40:47,49673.05,49671.85,135,49684.25,15,0,946755
BANKNIFTY-II.NFO,28/05/2024,09:40:49,49672.1,49676.7,120,49686.85,15,45,946755
BANKNIFTY-II.NFO,28/05/2024,09:40:50,49671.05,49671,15,49681.55,30,15,946755
BANKNIFTY-II.NFO,28/05/2024,09:40:52,49671.05,49671.05,135,49673.05,15,0,946755
BANKNIFTY-II.NFO,28/05/2024,09:40:55,49673.05,49671.15,135,49681.9,30,75,946755
BANKNIFTY-II.NFO,28/05/2024,09:40:57,49672.6,49672.6,135,49681.95,75,60,946755
BANKNIFTY-II.NFO,28/05/2024,09:40:59,49693.75,49673.35,45,49685.25,30,900,946755
BANKNIFTY-II.NFO,28/05/2024,09:41:00,49671,49669.5,135,49675.95,15,30,946755
BANKNIFTY-II.NFO,28/05/2024,09:41:02,49669.1,49664,30,49666,15,90,946755
BANKNIFTY-II.NFO,28/05/2024,09:41:04,49669.1,49664.15,135,49668.35,15,0,946755
BANKNIFTY-II.NFO,28/05/2024,09:41:05,49676.3,49665.9,30,49676.85,30,120,946755
BANKNIFTY-II.NFO,28/05/2024,09:41:07,49664.05,49664,30,49664.05,15,30,946755
BANKNIFTY-II.NFO,28/05/2024,09:41:09,49650,49655.7,120,49668.55,120,795,946755
BANKNIFTY-II.NFO,28/05/2024,09:41:10,49655.8,49652.55,105,49663.25,120,405,946755
BANKNIFTY-II.NFO,28/05/2024,09:41:12,49655.8,49654.15,90,49667,120,45,946755
BANKNIFTY-II.NFO,28/05/2024,09:41:14,49655.8,49652.55,105,49662.95,120,0,946755
BANKNIFTY-II.NFO,28/05/2024,09:41:15,49655.8,49653.75,105,49665.35,120,315,946755
BANKNIFTY-II.NFO,28/05/2024,09:41:17,49655.8,49654.25,105,49668.95,120,30,946755
BANKNIFTY-II.NFO,28/05/2024,09:41:19,49653.05,49653.05,45,49662.95,15,105,946755
BANKNIFTY-II.NFO,28/05/2024,09:41:20,49653.05,49653,450,49656.1,15,90,946755
BANKNIFTY-II.NFO,28/05/2024,09:41:22,49653,49658.05,15,49663.95,30,360,946755
BANKNIFTY-II.NFO,28/05/2024,09:41:24,49658.05,49659.15,15,49660.65,165,1845,946755
BANKNIFTY-II.NFO,28/05/2024,09:41:25,49653.05,49653,285,49663.15,120,90,946755
BANKNIFTY-II.NFO,28/05/2024,09:41:27,49653.05,49653,285,49661.95,30,0,946755
BANKNIFTY-II.NFO,28/05/2024,09:41:29,49653,49653,240,49660,120,840,946755
BANKNIFTY-II.NFO,28/05/2024,09:41:30,49650,49641.05,75,49653.3,135,135,946755
BANKNIFTY-II.NFO,28/05/2024,09:41:32,49632.75,49630.05,75,49640.3,30,210,946755
BANKNIFTY-II.NFO,28/05/2024,09:41:34,49631.35,49631.25,30,49644.1,30,210,946755
BANKNIFTY-II.NFO,28/05/2024,09:41:35,49642.7,49642.7,420,49647.85,105,90,946755
BANKNIFTY-II.NFO,28/05/2024,09:41:37,49632.3,49641.8,15,49646.2,30,105,946755
BANKNIFTY-II.NFO,28/05/2024,09:41:39,49632.2,49632.2,75,49644.95,30,105,946755
BANKNIFTY-II.NFO,28/05/2024,09:41:40,49635.55,49635.55,105,49647.85,120,480,946755
BANKNIFTY-II.NFO,28/05/2024,09:41:42,49635.55,49636.95,90,49646.3,120,0,946755
BANKNIFTY-II.NFO,28/05/2024,09:41:44,49642.6,49645.35,15,49650.25,120,615,946755
BANKNIFTY-II.NFO,28/05/2024,09:41:45,49649.45,49645.35,30,49657.7,120,90,946755
BANKNIFTY-II.NFO,28/05/2024,09:41:47,49658.2,49650,450,49659.4,120,30,946755
BANKNIFTY-II.NFO,28/05/2024,09:41:49,49659.4,49659.4,300,49660,15,720,946755
BANKNIFTY-II.NFO,28/05/2024,09:41:50,49650.7,49649.2,30,49660.45,15,30,946755
BANKNIFTY-II.NFO,28/05/2024,09:41:52,49650.7,49648.95,15,49655.05,15,0,946755
BANKNIFTY-II.NFO,28/05/2024,09:41:54,49650.7,49649,15,49656.25,15,0,946755
BANKNIFTY-II.NFO,28/05/2024,09:41:55,49650.7,49649.3,120,49658.95,15,0,946755
BANKNIFTY-II.NFO,28/05/2024,09:41:57,49659.45,49650.75,15,49659.85,45,45,946755
BANKNIFTY-II.NFO,28/05/2024,09:41:59,49648.95,49648.2,30,49659.45,30,105,946755
BANKNIFTY-II.NFO,28/05/2024,09:42:00,49650.05,49646.7,30,49656.05,120,330,946755
BANKNIFTY-II.NFO,28/05/2024,09:42:02,49650.05,49647.4,150,49659.65,135,0,946755
BANKNIFTY-II.NFO,28/05/2024,09:42:04,49653.05,49653.05,30,49658,15,30,946755
BANKNIFTY-II.NFO,28/05/2024,09:42:05,49653.05,49647.65,150,49658,30,0,946755
BANKNIFTY-II.NFO,28/05/2024,09:42:07,49653.05,49650.45,120,49658,30,0,946755
BANKNIFTY-II.NFO,28/05/2024,09:42:09,49653.05,49651.7,30,49657.8,135,0,946755
BANKNIFTY-II.NFO,28/05/2024,09:42:10,49650,49646.75,120,49655.65,15,15,946755
BANKNIFTY-II.NFO,28/05/2024,09:42:12,49646.75,49640,30,49646.55,120,30,946755
BANKNIFTY-II.NFO,28/05/2024,09:42:14,49646.75,49640,30,49644.4,120,0,946755
BANKNIFTY-II.NFO,28/05/2024,09:42:15,49640,49640,15,49644.45,30,15,946755
BANKNIFTY-II.NFO,28/05/2024,09:42:17,49640,49635.3,90,49645.2,15,15,946755
BANKNIFTY-II.NFO,28/05/2024,09:42:18,49636.4,49636.4,30,49647,135,60,946755
BANKNIFTY-II.NFO,28/05/2024,09:42:20,49642.6,49634.2,15,49641.15,120,30,946755
BANKNIFTY-II.NFO,28/05/2024,09:42:22,49621.85,49621,15,49630.75,135,105,946755
BANKNIFTY-II.NFO,28/05/2024,09:42:23,49631.7,49624.15,90,49635.45,15,135,946755
BANKNIFTY-II.NFO,28/05/2024,09:42:25,49635.05,49630.05,90,49636.25,15,15,946755
BANKNIFTY-II.NFO,28/05/2024,09:42:27,49634.2,49632.05,105,49642.7,150,45,946755
BANKNIFTY-II.NFO,28/05/2024,09:42:28,49634.2,49634,450,49638,15,0,946755
BANKNIFTY-II.NFO,28/05/2024,09:42:30,49635.05,49635,450,49641.85,30,15,946755
BANKNIFTY-II.NFO,28/05/2024,09:42:32,49641.4,49642,450,49647.95,15,30,946755
BANKNIFTY-II.NFO,28/05/2024,09:42:33,49639,49635.05,15,49641.35,120,15,946755
BANKNIFTY-II.NFO,28/05/2024,09:42:35,49632.45,49632.55,75,49642.65,120,30,946755
BANKNIFTY-II.NFO,28/05/2024,09:42:37,49632.95,49633.05,45,49642.8,120,75,946755
BANKNIFTY-II.NFO,28/05/2024,09:42:38,49628.4,49626.7,30,49635.45,135,15,946755
BANKNIFTY-II.NFO,28/05/2024,09:42:40,49636,49628.25,15,49636.5,30,930,952995
BANKNIFTY-II.NFO,28/05/2024,09:42:42,49639.95,49635.05,15,49640.2,15,150,952995
BANKNIFTY-II.NFO,28/05/2024,09:42:43,49630.05,49634.5,30,49640.7,15,30,952995
BANKNIFTY-II.NFO,28/05/2024,09:42:45,49630.05,49638.05,90,49646.5,15,0,952995
BANKNIFTY-II.NFO,28/05/2024,09:42:47,49650,49645.5,30,49649.95,120,120,952995
BANKNIFTY-II.NFO,28/05/2024,09:42:48,49645.5,49643.2,15,49647.4,120,15,952995
BANKNIFTY-II.NFO,28/05/2024,09:42:50,49640.05,49645.05,15,49648.3,120,15,952995
BANKNIFTY-II.NFO,28/05/2024,09:42:52,49640.05,49637.3,15,49647.1,120,0,952995
BANKNIFTY-II.NFO,28/05/2024,09:42:53,49647.1,49639.3,15,49648,120,30,952995
BANKNIFTY-II.NFO,28/05/2024,09:42:55,49647.1,49638.5,45,49647.4,120,0,952995
BANKNIFTY-II.NFO,28/05/2024,09:42:57,49647.1,49635.25,15,49644.9,120,15,952995
BANKNIFTY-II.NFO,28/05/2024,09:42:59,49642.2,49630.95,15,49636.25,30,45,952995
BANKNIFTY-II.NFO,28/05/2024,09:43:00,49628.7,49628.9,15,49638.35,30,300,952995
BANKNIFTY-II.NFO,28/05/2024,09:43:02,49630,49632.25,15,49639.3,15,15,952995
BANKNIFTY-II.NFO,28/05/2024,09:43:04,49635.45,49631,30,49636.55,15,15,952995
BANKNIFTY-II.NFO,28/05/2024,09:43:05,49643.45,49635.4,30,49646.45,120,5385,952995
BANKNIFTY-II.NFO,28/05/2024,09:43:07,49646.95,49635.4,15,49647.4,135,300,952995
BANKNIFTY-II.NFO,28/05/2024,09:43:09,49648.45,49635.4,15,49645.6,135,15,952995
BANKNIFTY-II.NFO,28/05/2024,09:43:10,49639.05,49638.6,15,49648.95,15,885,952995
BANKNIFTY-II.NFO,28/05/2024,09:43:12,49647.4,49639.8,75,49648.75,135,75,952995
BANKNIFTY-II.NFO,28/05/2024,09:43:13,49647.9,49639.95,30,49648.15,15,30,952995
BANKNIFTY-II.NFO,28/05/2024,09:43:15,49649.7,49641.2,30,49649.75,15,165,952995
BANKNIFTY-II.NFO,28/05/2024,09:43:17,49649.7,49641.05,15,49647.1,15,0,952995
BANKNIFTY-II.NFO,28/05/2024,09:43:18,49645.6,49641.05,15,49643.5,15,15,952995
BANKNIFTY-II.NFO,28/05/2024,09:43:20,49634.6,49634.55,30,49643.45,105,45,952995
BANKNIFTY-II.NFO,28/05/2024,09:43:22,49634.6,49631.45,180,49637.35,15,15,952995
BANKNIFTY-II.NFO,28/05/2024,09:43:23,49634.6,49632.5,30,49640.8,15,0,952995
BANKNIFTY-II.NFO,28/05/2024,09:43:25,49634.6,49631.95,120,49641.1,105,0,952995
BANKNIFTY-II.NFO,28/05/2024,09:43:27,49632.6,49632.6,120,49641.6,120,15,952995
BANKNIFTY-II.NFO,28/05/2024,09:43:28,49632.6,49635,120,49642.45,15,0,952995
BANKNIFTY-II.NFO,28/05/2024,09:43:30,49632.6,49639.35,75,49643.45,120,0,952995
BANKNIFTY-II.NFO,28/05/2024,09:43:31,49638.05,49638.05,45,49643.55,15,30,952995
BANKNIFTY-II.NFO,28/05/2024,09:43:33,49640.65,49640.65,15,49643.2,15,30,952995
BANKNIFTY-II.NFO,28/05/2024,09:43:35,49648.5,49641.6,750,49647.6,105,30,952995
BANKNIFTY-II.NFO,28/05/2024,09:43:36,49652.1,49653.95,30,49658.05,15,270,952995
BANKNIFTY-II.NFO,28/05/2024,09:43:38,49656.4,49656.4,30,49659.4,75,60,952995
BANKNIFTY-II.NFO,28/05/2024,09:43:40,49656.35,49649.65,60,49659.35,120,90,952995
BANKNIFTY-II.NFO,28/05/2024,09:43:41,49658.8,49658.8,15,49660,15,60,952995
BANKNIFTY-II.NFO,28/05/2024,09:43:43,49663.75,49651.7,45,49663.95,120,45,952995
BANKNIFTY-II.NFO,28/05/2024,09:43:44,49663.75,49653.35,15,49656.4,30,0,952995
BANKNIFTY-II.NFO,28/05/2024,09:43:46,49666.9,49658.35,60,49667.05,15,30,952995
BANKNIFTY-II.NFO,28/05/2024,09:43:48,49671,49659.4,30,49670.6,45,780,952995
BANKNIFTY-II.NFO,28/05/2024,09:43:49,49660,49658.95,30,49668.4,15,60,952995
BANKNIFTY-II.NFO,28/05/2024,09:43:51,49668.1,49658.5,30,49668.15,30,285,952995
BANKNIFTY-II.NFO,28/05/2024,09:43:53,49669.2,49663.8,30,49669.1,15,60,952995
BANKNIFTY-II.NFO,28/05/2024,09:43:54,49669.1,49663.8,30,49669,15,30,952995
BANKNIFTY-II.NFO,28/05/2024,09:43:56,49669.1,49662,15,49669,15,45,952995
BANKNIFTY-II.NFO,28/05/2024,09:43:58,49669,49662,15,49668.45,15,15,952995
BANKNIFTY-II.NFO,28/05/2024,09:43:59,49668.45,49662,15,49668.75,15,15,952995
BANKNIFTY-II.NFO,28/05/2024,09:44:01,49662,49657.75,30,49666.5,15,30,952995
BANKNIFTY-II.NFO,28/05/2024,09:44:03,49666,49657.75,30,49666.7,15,30,952995
BANKNIFTY-II.NFO,28/05/2024,09:44:04,49675.1,49666.85,30,49674.25,15,180,952995
BANKNIFTY-II.NFO,28/05/2024,09:44:06,49675.1,49664.5,30,49675.5,15,15,952995
BANKNIFTY-II.NFO,28/05/2024,09:44:08,49676.25,49668.2,30,49676.25,150,30,952995
BANKNIFTY-II.NFO,28/05/2024,09:44:09,49676.25,49667.6,135,49676,150,180,952995
BANKNIFTY-II.NFO,28/05/2024,09:44:11,49673,49673,15,49675.1,15,75,952995
BANKNIFTY-II.NFO,28/05/2024,09:44:13,49675.1,49666.9,135,49676.75,30,30,952995
BANKNIFTY-II.NFO,28/05/2024,09:44:14,49679.3,49669.05,30,49678.55,60,315,952995
BANKNIFTY-II.NFO,28/05/2024,09:44:16,49679.3,49663.15,45,49676,30,210,952995
BANKNIFTY-II.NFO,28/05/2024,09:44:18,49675.1,49666.05,120,49669.8,15,225,952995
BANKNIFTY-II.NFO,28/05/2024,09:44:19,49674.85,49665.65,135,49676.25,45,60,952995
BANKNIFTY-II.NFO,28/05/2024,09:44:21,49667.45,49666.6,135,49678.2,15,210,952995
BANKNIFTY-II.NFO,28/05/2024,09:44:23,49667.45,49667.25,135,49677.9,15,75,952995
BANKNIFTY-II.NFO,28/05/2024,09:44:24,49678.8,49669.9,120,49681.45,60,30,952995
BANKNIFTY-II.NFO,28/05/2024,09:44:26,49679.7,49669.25,45,49680.15,30,15,952995
BANKNIFTY-II.NFO,28/05/2024,09:44:28,49679.7,49665.2,15,49675.85,60,0,952995
BANKNIFTY-II.NFO,28/05/2024,09:44:29,49676.55,49665.1,15,49677.2,30,30,952995
BANKNIFTY-II.NFO,28/05/2024,09:44:31,49673.3,49662,15,49668.65,45,60,952995
BANKNIFTY-II.NFO,28/05/2024,09:44:33,49668.05,49662,15,49665.85,15,930,952995
BANKNIFTY-II.NFO,28/05/2024,09:44:34,49660,49656,15,49664.1,30,210,952995
BANKNIFTY-II.NFO,28/05/2024,09:44:36,49659.5,49656,15,49658.45,45,570,952995
BANKNIFTY-II.NFO,28/05/2024,09:44:38,49659.5,49660,15,49667.2,180,585,952995
BANKNIFTY-II.NFO,28/05/2024,09:44:39,49659.5,49660,15,49665.35,45,630,952995
BANKNIFTY-II.NFO,28/05/2024,09:44:41,49656,49653.25,165,49660,15,90,952995
BANKNIFTY-II.NFO,28/05/2024,09:44:43,49656,49652.85,120,49660,15,0,952995
BANKNIFTY-II.NFO,28/05/2024,09:44:44,49656,49651,135,49660,15,0,952995
BANKNIFTY-II.NFO,28/05/2024,09:44:46,49649.35,49642.25,180,49650.9,15,60,952995
BANKNIFTY-II.NFO,28/05/2024,09:44:48,49649.3,49645.4,135,49649.35,15,15,952995
BANKNIFTY-II.NFO,28/05/2024,09:44:49,49656.65,49657.8,135,49671.05,30,1200,952995
BANKNIFTY-II.NFO,28/05/2024,09:44:51,49660.15,49659.45,15,49666.9,15,1410,952995
BANKNIFTY-II.NFO,28/05/2024,09:44:53,49660.15,49659.45,15,49663.25,15,2160,952995
BANKNIFTY-II.NFO,28/05/2024,09:44:54,49660.15,49659.45,15,49663.35,15,270,952995
BANKNIFTY-II.NFO,28/05/2024,09:44:56,49660.15,49659.45,15,49660,45,255,952995
BANKNIFTY-II.NFO,28/05/2024,09:44:58,49659.45,49649.85,135,49660,45,225,952995
BANKNIFTY-II.NFO,28/05/2024,09:44:59,49650.35,49649.4,120,49662.05,45,420,952995
BANKNIFTY-II.NFO,28/05/2024,09:45:01,49651.75,49650.4,120,49661.7,60,15,952995
BANKNIFTY-II.NFO,28/05/2024,09:45:03,49649.35,49648.3,15,49653.65,15,15,952995
BANKNIFTY-II.NFO,28/05/2024,09:45:04,49652.8,49648.3,15,49654.7,15,120,952995
BANKNIFTY-II.NFO,28/05/2024,09:45:06,49652.8,49648.3,15,49651.5,15,0,952995
BANKNIFTY-II.NFO,28/05/2024,09:45:08,49652.8,49648.35,120,49657.55,15,0,952995
BANKNIFTY-II.NFO,28/05/2024,09:45:09,49649.9,49650.35,120,49658.45,15,15,952995
BANKNIFTY-II.NFO,28/05/2024,09:45:11,49648.9,49648.3,15,49656.65,45,15,952995
BANKNIFTY-II.NFO,28/05/2024,09:45:13,49658.7,49650.3,120,49659.35,15,45,952995
BANKNIFTY-II.NFO,28/05/2024,09:45:15,49658.7,49650.15,15,49656.55,30,0,952995
BANKNIFTY-II.NFO,28/05/2024,09:45:16,49658.7,49650.15,15,49656.4,30,0,952995
BANKNIFTY-II.NFO,28/05/2024,09:45:18,49648.3,49644.15,15,49646,45,225,952995
BANKNIFTY-II.NFO,28/05/2024,09:45:20,49644.15,49637.2,75,49644.4,30,15,952995
BANKNIFTY-II.NFO,28/05/2024,09:45:21,49635.45,49632.75,15,49635.45,15,75,952995
BANKNIFTY-II.NFO,28/05/2024,09:45:23,49635.45,49633.1,30,49641.2,15,45,952995
BANKNIFTY-II.NFO,28/05/2024,09:45:25,49641.1,49632.75,15,49640.75,15,15,952995
BANKNIFTY-II.NFO,28/05/2024,09:45:26,49640.25,49632.75,15,49641.2,15,15,952995
BANKNIFTY-II.NFO,28/05/2024,09:45:28,49640.25,49637.4,135,49644.15,15,0,952995
BANKNIFTY-II.NFO,28/05/2024,09:45:30,49639.45,49639.8,75,49644.15,30,2100,952995
BANKNIFTY-II.NFO,28/05/2024,09:45:31,49639.8,49639.8,45,49644.15,30,30,952995
BANKNIFTY-II.NFO,28/05/2024,09:45:33,49639.8,49636.65,135,49640.85,15,15,952995
BANKNIFTY-II.NFO,28/05/2024,09:45:35,49640.85,49637.35,135,49644.15,30,150,952995
BANKNIFTY-II.NFO,28/05/2024,09:45:36,49635.45,49635.65,135,49643.6,15,45,952995
BANKNIFTY-II.NFO,28/05/2024,09:45:38,49642.8,49634.45,30,49643,15,30,952995
BANKNIFTY-II.NFO,28/05/2024,09:45:40,49642.8,49633.45,135,49642.35,15,15,971820
BANKNIFTY-II.NFO,28/05/2024,09:45:41,49633.9,49637.05,135,49645.5,30,15,971820
BANKNIFTY-II.NFO,28/05/2024,09:45:43,49637.25,49637.25,60,49640.3,45,15,971820
BANKNIFTY-II.NFO,28/05/2024,09:45:44,49635.5,49632.8,120,49638.2,15,90,971820
BANKNIFTY-II.NFO,28/05/2024,09:45:46,49637.25,49631.15,120,49637.25,270,45,971820
BANKNIFTY-II.NFO,28/05/2024,09:45:48,49637.25,49631.15,120,49637.25,270,0,971820
BANKNIFTY-II.NFO,28/05/2024,09:45:49,49631.1,49631.1,135,49637.25,270,30,971820
BANKNIFTY-II.NFO,28/05/2024,09:45:51,49636.65,49636.65,15,49640.75,30,330,971820
BANKNIFTY-II.NFO,28/05/2024,09:45:53,49633.2,49630,90,49633.25,135,30,971820
BANKNIFTY-II.NFO,28/05/2024,09:45:54,49633.2,49630,90,49633.85,135,0,971820
BANKNIFTY-II.NFO,28/05/2024,09:45:56,49633.2,49630,90,49632.3,15,15,971820
BANKNIFTY-II.NFO,28/05/2024,09:45:58,49637.95,49631,60,49638.8,120,15,971820
BANKNIFTY-II.NFO,28/05/2024,09:45:59,49631,49631.2,75,49639.95,120,45,971820
BANKNIFTY-II.NFO,28/05/2024,09:46:01,49631.65,49631.05,120,49639.95,120,60,971820
BANKNIFTY-II.NFO,28/05/2024,09:46:03,49647,49638.5,135,49648,30,105,971820
BANKNIFTY-II.NFO,28/05/2024,09:46:04,49647,49643.05,135,49649.95,30,0,971820
BANKNIFTY-II.NFO,28/05/2024,09:46:06,49647,49647.2,75,49649.95,30,0,971820
BANKNIFTY-II.NFO,28/05/2024,09:46:08,49647,49643.6,135,49650,225,0,971820
BANKNIFTY-II.NFO,28/05/2024,09:46:09,49643.7,49644,120,49650,240,15,971820
BANKNIFTY-II.NFO,28/05/2024,09:46:11,49644.55,49644.55,105,49650,240,15,971820
BANKNIFTY-II.NFO,28/05/2024,09:46:13,49650,49652.4,105,49660,15,255,971820
BANKNIFTY-II.NFO,28/05/2024,09:46:14,49655.05,49655.05,15,49662.2,120,75,971820
BANKNIFTY-II.NFO,28/05/2024,09:46:16,49655.05,49655.3,120,49665.5,45,0,971820
BANKNIFTY-II.NFO,28/05/2024,09:46:18,49665.5,49659.95,135,49665,15,15,971820
BANKNIFTY-II.NFO,28/05/2024,09:46:19,49676,49665,105,49676.6,120,105,971820
BANKNIFTY-II.NFO,28/05/2024,09:46:21,49666,49665.55,90,49676.7,30,15,971820
BANKNIFTY-II.NFO,28/05/2024,09:46:23,49666,49666.05,90,49675,15,0,971820
BANKNIFTY-II.NFO,28/05/2024,09:46:24,49666,49666.55,120,49675,15,0,971820
BANKNIFTY-II.NFO,28/05/2024,09:46:26,49675,49675,15,49676.7,120,15,971820
BANKNIFTY-II.NFO,28/05/2024,09:46:28,49675,49667,75,49673.35,120,15,971820
BANKNIFTY-II.NFO,28/05/2024,09:46:29,49675,49664.25,75,49670.5,120,0,971820
BANKNIFTY-II.NFO,28/05/2024,09:46:31,49660,49660,225,49667.15,135,15,971820
BANKNIFTY-II.NFO,28/05/2024,09:46:33,49660,49660.4,90,49669.9,120,0,971820
BANKNIFTY-II.NFO,28/05/2024,09:46:34,49660,49660,195,49670.45,120,150,971820
BANKNIFTY-II.NFO,28/05/2024,09:46:36,49660,49663.9,75,49671.85,30,0,971820
BANKNIFTY-II.NFO,28/05/2024,09:46:38,49660,49662.5,15,49671.25,30,0,971820
BANKNIFTY-II.NFO,28/05/2024,09:46:39,49660,49662.55,15,49671.45,45,0,971820
BANKNIFTY-II.NFO,28/05/2024,09:46:41,49673.3,49662.95,90,49673.2,45,30,971820
BANKNIFTY-II.NFO,28/05/2024,09:46:42,49673.9,49663.3,15,49673.2,135,15,971820
BANKNIFTY-II.NFO,28/05/2024,09:46:44,49673.9,49663.75,30,49672.15,135,0,971820
BANKNIFTY-II.NFO,28/05/2024,09:46:46,49663.75,49662.25,120,49673.7,15,840,971820
BANKNIFTY-II.NFO,28/05/2024,09:46:47,49663.75,49664.45,30,49675.2,15,0,971820
BANKNIFTY-II.NFO,28/05/2024,09:46:49,49663.75,49672.4,120,49675.2,15,15,971820
BANKNIFTY-II.NFO,28/05/2024,09:46:51,49672.3,49672.7,15,49675.2,15,15,971820
BANKNIFTY-II.NFO,28/05/2024,09:46:52,49675.2,49673.2,75,49675.2,15,15,971820
BANKNIFTY-II.NFO,28/05/2024,09:46:54,49675,49673.2,90,49674.2,15,15,971820
BANKNIFTY-II.NFO,28/05/2024,09:46:56,49673.2,49673.2,15,49675.85,15,90,971820
BANKNIFTY-II.NFO,28/05/2024,09:46:57,49673.2,49673.2,15,49675.85,15,0,971820
BANKNIFTY-II.NFO,28/05/2024,09:46:59,49675.85,49673.2,15,49675.3,15,15,971820
BANKNIFTY-II.NFO,28/05/2024,09:47:01,49670.8,49669.35,120,49675.3,15,30,971820
BANKNIFTY-II.NFO,28/05/2024,09:47:02,49675.3,49670.05,15,49674.8,15,15,971820
BANKNIFTY-II.NFO,28/05/2024,09:47:04,49665,49665,15,49673,30,45,971820
BANKNIFTY-II.NFO,28/05/2024,09:47:06,49665,49662.55,15,49669.15,15,15,971820
BANKNIFTY-II.NFO,28/05/2024,09:47:07,49665,49662.55,15,49670.95,30,0,971820
BANKNIFTY-II.NFO,28/05/2024,09:47:09,49665,49662.25,45,49672.95,30,0,971820
BANKNIFTY-II.NFO,28/05/2024,09:47:11,49678,49677.05,135,49679,15,105,971820
BANKNIFTY-II.NFO,28/05/2024,09:47:12,49678,49675.9,15,49679,15,0,971820
BANKNIFTY-II.NFO,28/05/2024,09:47:14,49673.45,49672.6,120,49679,15,30,971820
BANKNIFTY-II.NFO,28/05/2024,09:47:16,49676.6,49677,120,49679,15,15,971820
BANKNIFTY-II.NFO,28/05/2024,09:47:17,49676.6,49678.05,30,49679,15,0,971820
BANKNIFTY-II.NFO,28/05/2024,09:47:19,49679,49678.05,30,49680.1,210,15,971820
BANKNIFTY-II.NFO,28/05/2024,09:47:21,49680.1,49677.05,120,49680.1,15,210,971820
BANKNIFTY-II.NFO,28/05/2024,09:47:22,49688.55,49680.1,15,49688.9,45,90,971820
BANKNIFTY-II.NFO,28/05/2024,09:47:24,49691.4,49688.55,120,49695,60,255,971820
BANKNIFTY-II.NFO,28/05/2024,09:47:26,49688.55,49684.4,120,49694.75,15,30,971820
BANKNIFTY-II.NFO,28/05/2024,09:47:27,49695,49687.75,120,49691.5,15,30,971820
BANKNIFTY-II.NFO,28/05/2024,09:47:29,49695,49690.25,120,49697,30,45,971820
BANKNIFTY-II.NFO,28/05/2024,09:47:31,49687.95,49689.05,120,49695.85,15,45,971820
BANKNIFTY-II.NFO,28/05/2024,09:47:32,49695.85,49689.7,120,49695.85,30,15,971820
BANKNIFTY-II.NFO,28/05/2024,09:47:34,49684.95,49685.05,15,49692.65,15,45,971820
BANKNIFTY-II.NFO,28/05/2024,09:47:36,49692.65,49685.45,105,49695.05,120,15,971820
BANKNIFTY-II.NFO,28/05/2024,09:47:37,49692.65,49685.2,15,49693.95,120,0,971820
BANKNIFTY-II.NFO,28/05/2024,09:47:39,49692.65,49684.3,15,49691.9,120,0,971820
BANKNIFTY-II.NFO,28/05/2024,09:47:41,49684.3,49684.3,15,49692.75,30,30,971820
BANKNIFTY-II.NFO,28/05/2024,09:47:42,49686.15,49676.65,15,49683.45,135,45,971820
BANKNIFTY-II.NFO,28/05/2024,09:47:44,49686.15,49680,15,49683.6,120,0,971820
BANKNIFTY-II.NFO,28/05/2024,09:47:46,49686.15,49680,15,49684.45,135,0,971820
BANKNIFTY-II.NFO,28/05/2024,09:47:47,49686.15,49680,15,49684.25,120,0,971820
BANKNIFTY-II.NFO,28/05/2024,09:47:49,49684.05,49680,30,49683.7,90,45,971820
BANKNIFTY-II.NFO,28/05/2024,09:47:51,49680,49680,15,49683.6,105,15,971820
BANKNIFTY-II.NFO,28/05/2024,09:47:52,49683.5,49680,15,49683.55,75,15,971820
BANKNIFTY-II.NFO,28/05/2024,09:47:54,49683.5,49680,30,49689.8,75,0,971820
BANKNIFTY-II.NFO,28/05/2024,09:47:56,49680,49679.2,15,49686.45,90,30,971820
BANKNIFTY-II.NFO,28/05/2024,09:47:57,49680,49680,75,49688.2,90,0,971820
BANKNIFTY-II.NFO,28/05/2024,09:47:59,49680.05,49682.1,30,49690,15,315,971820
BANKNIFTY-II.NFO,28/05/2024,09:48:01,49690,49684.25,15,49690.55,120,75,971820
BANKNIFTY-II.NFO,28/05/2024,09:48:02,49690,49680.05,15,49684.7,15,0,971820
BANKNIFTY-II.NFO,28/05/2024,09:48:04,49684.7,49681.8,15,49688.35,135,15,971820
BANKNIFTY-II.NFO,28/05/2024,09:48:06,49681.8,49680,45,49683.6,135,45,971820
