Ticker,Date,Time,LTP,BuyPrice,BuyQty,SellPrice,SellQty,LTQ,OpenInterest
BANKNIFTY-II.NFO,16/12/2024,09:15:03,53997.95,53953.2,60,53992.75,30,60,341985
BANKNIFTY-II.NFO,16/12/2024,09:15:03,53992.6,53953.2,60,53992.75,30,0,341985
BANKNIFTY-II.NFO,16/12/2024,09:15:03,53997.95,53953.2,60,53992.75,30,0,341985
BANKNIFTY-II.NFO,16/12/2024,09:15:03,53955.95,53953.2,60,53992.75,30,0,341985
BANKNIFTY-II.NFO,16/12/2024,09:15:04,53987.8,53974.3,60,53987.8,15,15,341985
BANKNIFTY-II.NFO,16/12/2024,09:15:06,53974.3,53968,60,53990.85,30,30,341985
BANKNIFTY-II.NFO,16/12/2024,09:15:07,53998,53969.3,60,53999.95,60,30,341985
BANKNIFTY-II.NFO,16/12/2024,09:15:07,53998,53969.3,60,53999.95,60,0,341985
BANKNIFTY-II.NFO,16/12/2024,09:15:09,53994.3,53966.4,60,53994.2,30,45,341985
BANKNIFTY-II.NFO,16/12/2024,09:15:11,53996.05,53972.55,60,53996.05,30,30,341985
BANKNIFTY-II.NFO,16/12/2024,09:15:12,53969,53966.45,60,53990.75,30,30,341985
BANKNIFTY-II.NFO,16/12/2024,09:15:14,53964.5,53968,105,53990.95,60,105,341985
BANKNIFTY-II.NFO,16/12/2024,09:15:15,53953.6,53951.8,30,53977.35,60,300,341985
BANKNIFTY-II.NFO,16/12/2024,09:15:15,53953.6,53951.8,30,53977.35,60,0,341985
BANKNIFTY-II.NFO,16/12/2024,09:15:17,53953.6,53950,15,53977.4,60,0,341985
BANKNIFTY-II.NFO,16/12/2024,09:15:19,53976.25,53950.05,15,53976.25,60,30,341985
BANKNIFTY-II.NFO,16/12/2024,09:15:20,53951.65,53954.1,150,53976.35,60,15,341985
BANKNIFTY-II.NFO,16/12/2024,09:15:20,53951.65,53954.1,150,53976.35,60,0,341985
BANKNIFTY-II.NFO,16/12/2024,09:15:22,53957.15,53960.15,150,53994.65,60,30,341985
BANKNIFTY-II.NFO,16/12/2024,09:15:24,53995.9,53977.45,30,53995.95,15,30,341985
BANKNIFTY-II.NFO,16/12/2024,09:15:25,53995.9,53987.25,30,53995.95,15,0,341985
BANKNIFTY-II.NFO,16/12/2024,09:15:27,54000,54005.4,60,54006.15,15,45,341985
BANKNIFTY-II.NFO,16/12/2024,09:15:27,54000,54005.4,60,54006.15,15,0,341985
BANKNIFTY-II.NFO,16/12/2024,09:15:28,54006.15,54011.55,60,54027.5,60,15,341985
BANKNIFTY-II.NFO,16/12/2024,09:15:28,54006.15,54011.55,60,54027.5,60,0,341985
BANKNIFTY-II.NFO,16/12/2024,09:15:30,54006.15,54012,30,54033.6,60,0,341985
BANKNIFTY-II.NFO,16/12/2024,09:15:32,54006.15,54014.15,30,54033.65,75,0,341985
BANKNIFTY-II.NFO,16/12/2024,09:15:33,54050.4,54010.95,60,54047.55,15,225,341985
BANKNIFTY-II.NFO,16/12/2024,09:15:33,54050.4,54010.95,60,54047.55,15,0,341985
BANKNIFTY-II.NFO,16/12/2024,09:15:35,54033.8,54008.95,60,54029.85,30,15,341985
BANKNIFTY-II.NFO,16/12/2024,09:15:37,54021.85,54014.9,60,54045.4,15,30,342120
BANKNIFTY-II.NFO,16/12/2024,09:15:38,54050.4,54015.95,60,54051.85,30,30,342120
BANKNIFTY-II.NFO,16/12/2024,09:15:40,54050.4,54011.35,60,54049.25,30,0,342120
BANKNIFTY-II.NFO,16/12/2024,09:15:42,54025.35,54035,15,54049.8,15,105,342120
BANKNIFTY-II.NFO,16/12/2024,09:15:43,54025.35,54035,15,54049.1,30,0,342120
BANKNIFTY-II.NFO,16/12/2024,09:15:45,54041.35,54016.4,60,54039.9,45,45,342120
BANKNIFTY-II.NFO,16/12/2024,09:15:46,54041.35,54010.15,60,54033.1,30,0,342120
BANKNIFTY-II.NFO,16/12/2024,09:15:48,54041.35,54006.2,60,54029.2,45,0,342120
BANKNIFTY-II.NFO,16/12/2024,09:15:50,54028.65,54006.15,15,54019.35,30,165,342120
BANKNIFTY-II.NFO,16/12/2024,09:15:51,54028.65,54006.15,15,54021.95,45,0,342120
BANKNIFTY-II.NFO,16/12/2024,09:15:53,54017.9,54000,30,54022.2,45,30,342120
BANKNIFTY-II.NFO,16/12/2024,09:15:55,54017.9,54000,30,54023,30,0,342120
BANKNIFTY-II.NFO,16/12/2024,09:15:56,54032.7,54006.9,30,54027.75,150,45,342120
BANKNIFTY-II.NFO,16/12/2024,09:15:58,54032.7,54002.65,240,54033.55,150,0,342120
BANKNIFTY-II.NFO,16/12/2024,09:15:59,54000,54000,15,54016.55,150,30,342120
BANKNIFTY-II.NFO,16/12/2024,09:16:01,54017.2,54000,15,54007,150,15,342120
BANKNIFTY-II.NFO,16/12/2024,09:16:03,53977.4,53977.4,150,53992.15,150,75,342120
BANKNIFTY-II.NFO,16/12/2024,09:16:04,53999.45,53977.4,150,53993.55,150,15,342120
BANKNIFTY-II.NFO,16/12/2024,09:16:06,53993.15,53977.4,150,53985.95,150,15,342120
BANKNIFTY-II.NFO,16/12/2024,09:16:07,53973.1,53957.15,75,53973.15,270,180,342120
BANKNIFTY-II.NFO,16/12/2024,09:16:09,53973.15,53957.15,75,53978.2,255,45,342120
BANKNIFTY-II.NFO,16/12/2024,09:16:11,53974.35,53957.15,75,53972.85,150,240,342120
BANKNIFTY-II.NFO,16/12/2024,09:16:12,53971.75,53957.15,75,53972.15,135,15,342120
BANKNIFTY-II.NFO,16/12/2024,09:16:14,53955,53955,30,53973.8,135,90,342120
BANKNIFTY-II.NFO,16/12/2024,09:16:16,53970,53955,30,53972.4,150,15,342120
BANKNIFTY-II.NFO,16/12/2024,09:16:17,53970,53955,30,53970.65,135,0,342120
BANKNIFTY-II.NFO,16/12/2024,09:16:19,53970,53956,15,53974.35,120,0,342120
BANKNIFTY-II.NFO,16/12/2024,09:16:21,53974.95,53955,30,53977.55,150,1065,342120
BANKNIFTY-II.NFO,16/12/2024,09:16:22,53974.95,53960.05,90,53983.85,300,0,342120
BANKNIFTY-II.NFO,16/12/2024,09:16:24,53970,53960.05,90,53980.55,30,45,342120
BANKNIFTY-II.NFO,16/12/2024,09:16:25,53970,53960,15,53979.4,180,0,342120
BANKNIFTY-II.NFO,16/12/2024,09:16:27,53978.1,53960,15,53977.25,150,60,342120
BANKNIFTY-II.NFO,16/12/2024,09:16:29,53977.8,53955.15,60,53978.4,90,210,342120
BANKNIFTY-II.NFO,16/12/2024,09:16:30,53979.55,53960,30,53980.25,240,360,342120
BANKNIFTY-II.NFO,16/12/2024,09:16:32,53977.5,53960,30,53977.25,15,270,342120
BANKNIFTY-II.NFO,16/12/2024,09:16:34,53977.7,53977.7,45,53980.45,150,195,342120
BANKNIFTY-II.NFO,16/12/2024,09:16:35,53960,53960,30,53976.75,45,195,342120
BANKNIFTY-II.NFO,16/12/2024,09:16:37,53977.8,53960,30,53977.8,420,150,342120
BANKNIFTY-II.NFO,16/12/2024,09:16:38,53976.75,53960,15,53973.85,75,210,342120
BANKNIFTY-II.NFO,16/12/2024,09:16:40,53970.6,53970.6,45,53975.5,105,45,342120
BANKNIFTY-II.NFO,16/12/2024,09:16:42,53975.6,53960,30,53975.6,30,105,342120
BANKNIFTY-II.NFO,16/12/2024,09:16:43,53976.85,53970.6,15,53973.7,15,180,342120
BANKNIFTY-II.NFO,16/12/2024,09:16:45,53970.6,53962,30,53974.8,300,15,342120
BANKNIFTY-II.NFO,16/12/2024,09:16:47,53970.6,53962,15,53974.35,300,0,342120
BANKNIFTY-II.NFO,16/12/2024,09:16:48,53974.35,53962,15,53970.6,15,150,342120
BANKNIFTY-II.NFO,16/12/2024,09:16:50,53970.6,53963.35,60,53977.8,210,15,342120
BANKNIFTY-II.NFO,16/12/2024,09:16:51,53962,53962.4,60,53977.8,210,15,342120
BANKNIFTY-II.NFO,16/12/2024,09:16:53,53977.8,53963.95,60,53977.8,150,60,342120
BANKNIFTY-II.NFO,16/12/2024,09:16:55,53977.8,53960.4,60,53974.4,300,0,342120
BANKNIFTY-II.NFO,16/12/2024,09:16:57,53959.25,53958.95,60,53974.5,300,120,342120
BANKNIFTY-II.NFO,16/12/2024,09:16:58,53974.4,53958.95,75,53977.8,105,15,342120
BANKNIFTY-II.NFO,16/12/2024,09:17:00,53974.4,53970.05,60,53977.8,105,0,342120
BANKNIFTY-II.NFO,16/12/2024,09:17:01,53970,53965.85,75,53977.8,105,15,342120
BANKNIFTY-II.NFO,16/12/2024,09:17:03,53977.8,53974.4,15,53977.8,90,30,342120
BANKNIFTY-II.NFO,16/12/2024,09:17:05,53962.7,53961.35,60,53974.4,300,30,342120
BANKNIFTY-II.NFO,16/12/2024,09:17:06,53962.7,53962.45,75,53974.4,300,0,342120
BANKNIFTY-II.NFO,16/12/2024,09:17:08,53962.7,53958,30,53974.35,15,0,342120
BANKNIFTY-II.NFO,16/12/2024,09:17:10,53958,53955.1,15,53974.35,15,30,342120
BANKNIFTY-II.NFO,16/12/2024,09:17:11,53952.15,53958.55,45,53974.4,300,150,342120
BANKNIFTY-II.NFO,16/12/2024,09:17:13,53960.6,53960.6,30,53977.8,615,30,342120
BANKNIFTY-II.NFO,16/12/2024,09:17:15,53960.6,53964.95,150,53977.8,615,15,342120
BANKNIFTY-II.NFO,16/12/2024,09:17:16,53960.6,53964.2,15,53977.8,615,0,342120
BANKNIFTY-II.NFO,16/12/2024,09:17:18,53977.75,53966.85,15,53977.8,615,90,342120
BANKNIFTY-II.NFO,16/12/2024,09:17:19,53977.75,53966.9,30,53977.8,615,0,342120
BANKNIFTY-II.NFO,16/12/2024,09:17:21,53966.9,53970.55,150,53975,15,15,342120
BANKNIFTY-II.NFO,16/12/2024,09:17:23,53975,53974.1,150,53977.8,615,15,342120
BANKNIFTY-II.NFO,16/12/2024,09:17:24,53977.05,53977.05,15,53991.95,15,630,342120
BANKNIFTY-II.NFO,16/12/2024,09:17:26,53995,53979,15,53991.85,15,90,342120
BANKNIFTY-II.NFO,16/12/2024,09:17:28,53991.7,53980.25,30,53998.2,30,30,342120
BANKNIFTY-II.NFO,16/12/2024,09:17:29,53998.2,53988.2,30,54000,30,30,342120
BANKNIFTY-II.NFO,16/12/2024,09:17:31,54000,53985.85,15,53995.5,300,15,342120
BANKNIFTY-II.NFO,16/12/2024,09:17:33,53998.15,53981.05,90,53998.55,150,330,342120
BANKNIFTY-II.NFO,16/12/2024,09:17:34,53998.15,53987.3,60,54000,15,0,342120
BANKNIFTY-II.NFO,16/12/2024,09:17:36,54002.1,53985.15,60,54002.25,150,30,342120
BANKNIFTY-II.NFO,16/12/2024,09:17:37,54000,53990,15,54002.4,150,45,342120
BANKNIFTY-II.NFO,16/12/2024,09:17:39,54002.35,53986.25,30,54002.4,150,30,342120
BANKNIFTY-II.NFO,16/12/2024,09:17:41,54002.35,53990.9,60,54002.8,150,0,342120
BANKNIFTY-II.NFO,16/12/2024,09:17:42,54003.55,53989.2,60,54004.05,150,75,342120
BANKNIFTY-II.NFO,16/12/2024,09:17:44,54002.1,53989.2,15,54004,15,45,342120
BANKNIFTY-II.NFO,16/12/2024,09:17:46,53989.2,53984.35,60,54003.9,30,45,342120
BANKNIFTY-II.NFO,16/12/2024,09:17:47,53989.2,53986,15,54001.4,45,0,342120
BANKNIFTY-II.NFO,16/12/2024,09:17:49,53989.2,53990,15,54001.8,150,0,342120
BANKNIFTY-II.NFO,16/12/2024,09:17:50,54001.8,53990,15,53999.9,30,15,342120
BANKNIFTY-II.NFO,16/12/2024,09:17:52,54000,53990,15,53999.1,150,15,342120
BANKNIFTY-II.NFO,16/12/2024,09:17:54,53989.2,53986,15,53989.25,45,75,342120
BANKNIFTY-II.NFO,16/12/2024,09:17:55,53966.4,53966.4,30,53983.2,15,30,342120
BANKNIFTY-II.NFO,16/12/2024,09:17:57,53966.4,53962.7,90,53977.2,15,0,342120
BANKNIFTY-II.NFO,16/12/2024,09:17:59,53966.4,53962.7,90,53976.05,30,0,342120
BANKNIFTY-II.NFO,16/12/2024,09:18:00,53962.7,53962.7,75,53974.5,30,15,342120
BANKNIFTY-II.NFO,16/12/2024,09:18:02,53974.5,53962.7,75,53974.35,300,30,342120
BANKNIFTY-II.NFO,16/12/2024,09:18:03,53974.5,53962.7,75,53971.05,15,0,342120
BANKNIFTY-II.NFO,16/12/2024,09:18:05,53967.1,53960.6,15,53967.1,15,120,342120
BANKNIFTY-II.NFO,16/12/2024,09:18:07,53972.6,53960.6,15,53973.95,300,75,342120
BANKNIFTY-II.NFO,16/12/2024,09:18:08,53972.6,53961.35,60,53982.6,300,0,342120
BANKNIFTY-II.NFO,16/12/2024,09:18:10,53972.6,53965.4,60,53980.9,300,0,342120
BANKNIFTY-II.NFO,16/12/2024,09:18:12,53972.6,53967.05,30,53983.6,75,0,342120
BANKNIFTY-II.NFO,16/12/2024,09:18:14,53981.45,53966.65,60,53981.95,240,60,342120
BANKNIFTY-II.NFO,16/12/2024,09:18:15,53984.4,53972.05,75,53989.25,45,240,342120
BANKNIFTY-II.NFO,16/12/2024,09:18:17,53994.35,53976.55,75,53994.1,15,195,342120
BANKNIFTY-II.NFO,16/12/2024,09:18:19,53994.35,53978.55,60,53994.05,75,0,342120
BANKNIFTY-II.NFO,16/12/2024,09:18:20,53994.1,53981,15,53992.1,300,15,342120
BANKNIFTY-II.NFO,16/12/2024,09:18:22,53994.1,53981.3,60,53998.3,75,0,342120
BANKNIFTY-II.NFO,16/12/2024,09:18:24,53998.45,53986.9,60,54000,30,15,342120
BANKNIFTY-II.NFO,16/12/2024,09:18:25,53998.45,53981,15,53995.75,75,0,342120
BANKNIFTY-II.NFO,16/12/2024,09:18:27,53998.45,53981,15,53996.3,300,0,342120
BANKNIFTY-II.NFO,16/12/2024,09:18:29,53998.45,53981,15,53993.1,75,0,342120
BANKNIFTY-II.NFO,16/12/2024,09:18:30,53998.45,53981,15,53995.2,150,0,342120
BANKNIFTY-II.NFO,16/12/2024,09:18:32,53996.35,53989.3,15,53999.95,60,480,342120
BANKNIFTY-II.NFO,16/12/2024,09:18:34,53996.35,53989.3,15,53999.95,60,0,342120
BANKNIFTY-II.NFO,16/12/2024,09:18:35,53996.35,53989.3,15,53996.55,60,0,342120
BANKNIFTY-II.NFO,16/12/2024,09:18:37,53977.95,53974.85,30,53994.8,90,45,342120
BANKNIFTY-II.NFO,16/12/2024,09:18:39,53994.8,53979.45,60,53997.6,45,45,342120
BANKNIFTY-II.NFO,16/12/2024,09:18:40,53994.8,53975.7,75,53995.5,45,0,342120
BANKNIFTY-II.NFO,16/12/2024,09:18:42,53994.8,53975.6,75,53996.3,45,0,342120
BANKNIFTY-II.NFO,16/12/2024,09:18:44,54000.6,53985.45,60,54000.85,195,195,342120
BANKNIFTY-II.NFO,16/12/2024,09:18:45,53989.5,53989.5,45,54002,15,165,342120
BANKNIFTY-II.NFO,16/12/2024,09:18:47,54002,53990.25,45,54002,195,15,342120
BANKNIFTY-II.NFO,16/12/2024,09:18:49,54002,53989,75,54002.15,195,0,342120
BANKNIFTY-II.NFO,16/12/2024,09:18:50,54002,53990.15,45,54000,90,0,342120
BANKNIFTY-II.NFO,16/12/2024,09:18:52,54000,53986.9,90,54000,75,15,342120
BANKNIFTY-II.NFO,16/12/2024,09:18:53,54000,53979.5,45,53999.45,30,15,342120
BANKNIFTY-II.NFO,16/12/2024,09:18:55,54000,53983.25,45,54000,60,0,342120
BANKNIFTY-II.NFO,16/12/2024,09:18:57,54000,53990,15,54000,60,0,342120
BANKNIFTY-II.NFO,16/12/2024,09:18:58,53993.25,53993.25,45,54000,30,45,342120
BANKNIFTY-II.NFO,16/12/2024,09:19:00,53993.25,53990.05,30,53999.75,300,0,342120
BANKNIFTY-II.NFO,16/12/2024,09:19:02,53999.75,53990,15,54000,330,15,342120
BANKNIFTY-II.NFO,16/12/2024,09:19:03,53999.75,53990.05,30,53999.95,300,0,342120
BANKNIFTY-II.NFO,16/12/2024,09:19:05,53993.25,53990.05,30,54000,30,15,342120
BANKNIFTY-II.NFO,16/12/2024,09:19:07,53993.25,53990,15,53999.7,60,0,342120
BANKNIFTY-II.NFO,16/12/2024,09:19:09,53999.75,53990,15,53999.75,255,45,342120
BANKNIFTY-II.NFO,16/12/2024,09:19:10,53999.75,53990,15,53999.7,60,0,342120
BANKNIFTY-II.NFO,16/12/2024,09:19:12,53990,53977.55,30,53997.05,60,15,342120
BANKNIFTY-II.NFO,16/12/2024,09:19:14,53990,53978.65,30,53998.2,60,15,342120
BANKNIFTY-II.NFO,16/12/2024,09:19:15,53990,53970.35,30,53987.95,60,0,342120
BANKNIFTY-II.NFO,16/12/2024,09:19:17,53990,53969.75,15,53986.85,60,0,342120
BANKNIFTY-II.NFO,16/12/2024,09:19:19,53990,53977.8,15,53988.2,60,0,342120
BANKNIFTY-II.NFO,16/12/2024,09:19:20,53988.2,53977.8,15,53986.85,60,30,342120
BANKNIFTY-II.NFO,16/12/2024,09:19:22,53977.8,53969.75,15,53982.7,60,45,342120
BANKNIFTY-II.NFO,16/12/2024,09:19:24,53981.75,53969.75,15,53985.4,30,30,342120
BANKNIFTY-II.NFO,16/12/2024,09:19:25,53983.7,53969.75,15,53984,135,150,342120
BANKNIFTY-II.NFO,16/12/2024,09:19:27,53984,53969.8,30,53985,150,15,342120
BANKNIFTY-II.NFO,16/12/2024,09:19:29,53984,53969.8,30,53985,150,0,342120
BANKNIFTY-II.NFO,16/12/2024,09:19:30,53984,53969.75,15,53981.1,120,0,342120
BANKNIFTY-II.NFO,16/12/2024,09:19:32,53969.75,53958.15,60,53981.15,120,15,342120
BANKNIFTY-II.NFO,16/12/2024,09:19:34,53969.75,53961.3,60,53980,150,0,342120
BANKNIFTY-II.NFO,16/12/2024,09:19:35,53969.75,53957.55,60,53978.7,15,0,342120
BANKNIFTY-II.NFO,16/12/2024,09:19:37,53969.75,53979.4,15,53980,150,0,342120
BANKNIFTY-II.NFO,16/12/2024,09:19:39,53980,53974.6,60,53980,90,60,342120
BANKNIFTY-II.NFO,16/12/2024,09:19:40,53998.25,53990,15,53998.25,15,135,342120
BANKNIFTY-II.NFO,16/12/2024,09:19:42,54006.95,53985.6,60,54004.55,300,60,342120
BANKNIFTY-II.NFO,16/12/2024,09:19:44,54006.95,53988.65,60,54008.75,15,15,342120
BANKNIFTY-II.NFO,16/12/2024,09:19:45,54006.95,53985.5,60,54005.25,300,0,342120
BANKNIFTY-II.NFO,16/12/2024,09:19:47,54007.3,53984,75,54007,300,15,342120
BANKNIFTY-II.NFO,16/12/2024,09:19:49,53984.4,53989.1,60,54010,30,30,342120
BANKNIFTY-II.NFO,16/12/2024,09:19:50,53984.4,53998.25,15,54008.2,30,0,342120
BANKNIFTY-II.NFO,16/12/2024,09:19:52,53984.4,53998.25,15,54011.5,30,0,342120
BANKNIFTY-II.NFO,16/12/2024,09:19:55,54010.85,53998.25,15,54010.85,15,15,342120
BANKNIFTY-II.NFO,16/12/2024,09:19:57,54010.85,53998.25,15,54010.75,15,0,342120
BANKNIFTY-II.NFO,16/12/2024,09:19:59,54010.85,53998.25,15,54010.8,75,0,342120
BANKNIFTY-II.NFO,16/12/2024,09:20:00,54010.85,53998.25,15,54009.8,15,0,342120
BANKNIFTY-II.NFO,16/12/2024,09:20:02,53983.35,53980.05,45,54002,105,165,342120
BANKNIFTY-II.NFO,16/12/2024,09:20:04,53983.35,53980.05,45,53997.65,75,0,342120
BANKNIFTY-II.NFO,16/12/2024,09:20:05,53998.9,53985,15,54000.3,60,30,342120
BANKNIFTY-II.NFO,16/12/2024,09:20:07,53998.9,53987.8,60,54006.05,105,0,342120
BANKNIFTY-II.NFO,16/12/2024,09:20:09,53998.9,53989.2,60,54009.05,60,0,342120
BANKNIFTY-II.NFO,16/12/2024,09:20:10,53998.9,53985.1,30,54002,60,0,342120
BANKNIFTY-II.NFO,16/12/2024,09:20:12,53998.9,53985,15,53995.1,75,0,342120
BANKNIFTY-II.NFO,16/12/2024,09:20:14,53998.9,53985,15,53991.8,60,0,342120
BANKNIFTY-II.NFO,16/12/2024,09:20:15,53985,53980,30,53987,75,15,342120
BANKNIFTY-II.NFO,16/12/2024,09:20:17,53980,53969,15,53984.9,75,30,342120
BANKNIFTY-II.NFO,16/12/2024,09:20:19,53987.05,53969,15,53983.35,75,15,342120
BANKNIFTY-II.NFO,16/12/2024,09:20:20,53983.4,53969,15,53984.9,75,15,342120
BANKNIFTY-II.NFO,16/12/2024,09:20:22,53983.4,53969,15,53984.9,45,0,342120
BANKNIFTY-II.NFO,16/12/2024,09:20:24,53983.4,53983.4,15,53990.3,30,0,342120
BANKNIFTY-II.NFO,16/12/2024,09:20:25,53983.4,53984.05,60,53995.4,30,15,342120
BANKNIFTY-II.NFO,16/12/2024,09:20:27,53983.4,53991.3,15,54003.85,45,0,342120
BANKNIFTY-II.NFO,16/12/2024,09:20:29,53983.4,53991.3,15,53997.95,45,0,342120
BANKNIFTY-II.NFO,16/12/2024,09:20:30,53978.45,53978.45,60,53996.35,45,45,342120
BANKNIFTY-II.NFO,16/12/2024,09:20:32,53978.45,53981.6,60,53999.05,30,0,342120
BANKNIFTY-II.NFO,16/12/2024,09:20:34,53978.45,53982.05,60,53999.95,30,0,342120
BANKNIFTY-II.NFO,16/12/2024,09:20:35,53978.45,53983.8,60,53999.95,30,0,342120
BANKNIFTY-II.NFO,16/12/2024,09:20:37,53978.45,53979.9,60,53996.35,15,0,342120
BANKNIFTY-II.NFO,16/12/2024,09:20:39,53979.55,53980.75,60,53999.9,45,15,342120
BANKNIFTY-II.NFO,16/12/2024,09:20:40,53979.55,53980.5,60,53998.2,45,0,342120
BANKNIFTY-II.NFO,16/12/2024,09:20:42,53997.5,53977,15,53993.5,45,15,342120
BANKNIFTY-II.NFO,16/12/2024,09:20:44,53997.5,53978.45,30,53993.3,30,0,342120
BANKNIFTY-II.NFO,16/12/2024,09:20:45,53997.5,53978.45,30,53991.5,30,0,342120
BANKNIFTY-II.NFO,16/12/2024,09:20:47,53977,53975,15,53988.7,30,45,342120
BANKNIFTY-II.NFO,16/12/2024,09:20:49,53977,53975,15,53986.3,30,0,342120
BANKNIFTY-II.NFO,16/12/2024,09:20:50,53977,53975,15,53982.8,30,0,342120
BANKNIFTY-II.NFO,16/12/2024,09:20:52,53975,53969,15,53970,15,15,342120
BANKNIFTY-II.NFO,16/12/2024,09:20:54,53965.05,53965.05,60,53981.5,30,45,342120
BANKNIFTY-II.NFO,16/12/2024,09:20:55,53965.05,53962.15,90,53981.15,45,0,342120
BANKNIFTY-II.NFO,16/12/2024,09:20:57,53965.05,53964.9,30,53978.9,30,0,342120
BANKNIFTY-II.NFO,16/12/2024,09:20:59,53965.05,53963.85,60,53980.7,30,0,342120
BANKNIFTY-II.NFO,16/12/2024,09:21:00,53980.7,53960,30,53974.45,15,15,342120
BANKNIFTY-II.NFO,16/12/2024,09:21:02,53968.4,53956.35,300,53968.1,30,225,342120
BANKNIFTY-II.NFO,16/12/2024,09:21:04,53956.35,53956.35,285,53966.75,30,15,342120
BANKNIFTY-II.NFO,16/12/2024,09:21:05,53956.35,53956.35,240,53968.6,300,60,342120
BANKNIFTY-II.NFO,16/12/2024,09:21:07,53956.35,53956.4,30,53970.4,15,0,342120
BANKNIFTY-II.NFO,16/12/2024,09:21:09,53956.35,53956.35,240,53968.55,15,0,342120
BANKNIFTY-II.NFO,16/12/2024,09:21:10,53956.35,53956.35,240,53964.4,45,0,342120
BANKNIFTY-II.NFO,16/12/2024,09:21:12,53956.35,53956.35,165,53963.3,300,75,342120
BANKNIFTY-II.NFO,16/12/2024,09:21:14,53961.2,53956.35,165,53958.85,135,15,342120
BANKNIFTY-II.NFO,16/12/2024,09:21:15,53961.2,53956.35,165,53962.95,300,0,342120
BANKNIFTY-II.NFO,16/12/2024,09:21:17,53956.35,53956.35,285,53963.1,300,30,342120
BANKNIFTY-II.NFO,16/12/2024,09:21:19,53963.25,53956.35,105,53959.5,120,195,342120
BANKNIFTY-II.NFO,16/12/2024,09:21:20,53963.25,53956.35,105,53965.5,15,0,342120
BANKNIFTY-II.NFO,16/12/2024,09:21:22,53963.25,53956.35,105,53967.95,150,0,342120
BANKNIFTY-II.NFO,16/12/2024,09:21:24,53956.35,53956.35,90,53968,150,15,342120
BANKNIFTY-II.NFO,16/12/2024,09:21:25,53956.35,53957,15,53966.25,90,240,342120
BANKNIFTY-II.NFO,16/12/2024,09:21:27,53956.35,53956.35,15,53968.1,90,30,342120
BANKNIFTY-II.NFO,16/12/2024,09:21:29,53956.35,53956.5,60,53972,90,0,342120
BANKNIFTY-II.NFO,16/12/2024,09:21:30,53956.35,53956.7,60,53975.75,30,0,342120
BANKNIFTY-II.NFO,16/12/2024,09:21:32,53956.35,53956.4,60,53963.25,15,0,342120
BANKNIFTY-II.NFO,16/12/2024,09:21:34,53956.35,53956.35,15,53963.25,15,0,342120
BANKNIFTY-II.NFO,16/12/2024,09:21:35,53965.3,53956.35,15,53964.3,90,45,342120
BANKNIFTY-II.NFO,16/12/2024,09:21:37,53965.3,53956.35,15,53965.75,150,0,342120
BANKNIFTY-II.NFO,16/12/2024,09:21:39,53965.3,53956.35,15,53966.7,15,0,342120
BANKNIFTY-II.NFO,16/12/2024,09:21:40,53963.7,53956.35,15,53965.05,150,15,342120
BANKNIFTY-II.NFO,16/12/2024,09:21:42,53963.7,53956.35,15,53962.5,150,0,342615
BANKNIFTY-II.NFO,16/12/2024,09:21:44,53951.65,53951,120,53957.25,75,345,342615
BANKNIFTY-II.NFO,16/12/2024,09:21:45,53957,53951,120,53954.35,75,15,342615
BANKNIFTY-II.NFO,16/12/2024,09:21:47,53950,53940.05,60,53956,15,675,342615
BANKNIFTY-II.NFO,16/12/2024,09:21:47,53950,53940.05,60,53956,15,0,342615
BANKNIFTY-II.NFO,16/12/2024,09:21:49,53956,53944.65,60,53956.85,15,15,342615
BANKNIFTY-II.NFO,16/12/2024,09:21:50,53956,53946.35,60,53959.45,15,0,342615
BANKNIFTY-II.NFO,16/12/2024,09:21:52,53956,53944.45,60,53956.9,15,0,342615
BANKNIFTY-II.NFO,16/12/2024,09:21:54,53941.7,53942.65,60,53955.45,15,15,342615
BANKNIFTY-II.NFO,16/12/2024,09:21:54,53941.7,53942.65,60,53955.45,15,0,342615
BANKNIFTY-II.NFO,16/12/2024,09:21:55,53941.7,53940.15,60,53956.25,15,0,342615
BANKNIFTY-II.NFO,16/12/2024,09:21:57,53955,53940.9,60,53955.25,15,15,342615
BANKNIFTY-II.NFO,16/12/2024,09:21:59,53955.25,53940.15,60,53954.7,15,15,342615
BANKNIFTY-II.NFO,16/12/2024,09:22:00,53959.35,53940.65,60,53959.35,15,30,342615
BANKNIFTY-II.NFO,16/12/2024,09:22:00,53940.65,53940.65,60,53959.35,15,0,342615
BANKNIFTY-II.NFO,16/12/2024,09:22:02,53959.35,53940.05,60,53952.25,15,0,342615
BANKNIFTY-II.NFO,16/12/2024,09:22:04,53959.35,53940.05,60,53951.7,15,0,342615
BANKNIFTY-II.NFO,16/12/2024,09:22:05,53940,53940,30,53953.85,75,30,342615
BANKNIFTY-II.NFO,16/12/2024,09:22:05,53940,53940,30,53953.85,75,0,342615
BANKNIFTY-II.NFO,16/12/2024,09:22:07,53940,53940,45,53953,15,0,342615
BANKNIFTY-II.NFO,16/12/2024,09:22:09,53940,53940.05,60,53953.9,300,0,342615
BANKNIFTY-II.NFO,16/12/2024,09:22:10,53952.95,53940,45,53954.45,15,15,342615
BANKNIFTY-II.NFO,16/12/2024,09:22:12,53952.95,53940,45,53951.3,15,0,342615
BANKNIFTY-II.NFO,16/12/2024,09:22:14,53952.95,53940,45,53949.55,15,0,342615
BANKNIFTY-II.NFO,16/12/2024,09:22:15,53947.35,53930.05,60,53946.75,75,60,342615
BANKNIFTY-II.NFO,16/12/2024,09:22:17,53947.35,53930.35,60,53950.2,75,0,342615
BANKNIFTY-II.NFO,16/12/2024,09:22:19,53930.35,53940,15,53949.4,15,45,342615
BANKNIFTY-II.NFO,16/12/2024,09:22:19,53930.35,53940,15,53949.4,15,0,342615
BANKNIFTY-II.NFO,16/12/2024,09:22:20,53940,53930.4,60,53947.85,15,15,342615
BANKNIFTY-II.NFO,16/12/2024,09:22:22,53940,53930.05,60,53944.3,15,0,342615
BANKNIFTY-II.NFO,16/12/2024,09:22:24,53940,53930.05,30,53942.2,300,0,342615
BANKNIFTY-II.NFO,16/12/2024,09:22:25,53940,53930.05,60,53946.4,300,0,342615
BANKNIFTY-II.NFO,16/12/2024,09:22:27,53947.75,53933.85,75,53953.1,15,30,342615
BANKNIFTY-II.NFO,16/12/2024,09:22:29,53930.9,53930.6,30,53951.95,75,240,342615
BANKNIFTY-II.NFO,16/12/2024,09:22:30,53930.9,53933.65,30,53952.9,60,0,342615
BANKNIFTY-II.NFO,16/12/2024,09:22:32,53947.3,53934.3,45,53952.95,15,30,342615
BANKNIFTY-II.NFO,16/12/2024,09:22:34,53952.95,53942.4,30,53959.25,15,15,342615
BANKNIFTY-II.NFO,16/12/2024,09:22:35,53952.95,53942.4,45,53959.35,30,0,342615
BANKNIFTY-II.NFO,16/12/2024,09:22:37,53937.85,53935.8,75,53952.95,15,45,342615
BANKNIFTY-II.NFO,16/12/2024,09:22:39,53937.85,53937.75,30,53952.95,15,0,342615
BANKNIFTY-II.NFO,16/12/2024,09:22:40,53957.3,53940.25,60,53957.25,60,150,342615
BANKNIFTY-II.NFO,16/12/2024,09:22:42,53957.25,53938.7,60,53957.95,60,15,342615
BANKNIFTY-II.NFO,16/12/2024,09:22:44,53952.9,53940.9,60,53956.7,60,15,342615
BANKNIFTY-II.NFO,16/12/2024,09:22:45,53955.8,53938.85,90,53955.95,30,30,342615
BANKNIFTY-II.NFO,16/12/2024,09:22:47,53955.8,53934.55,60,53955.7,30,0,342615
BANKNIFTY-II.NFO,16/12/2024,09:22:49,53955.8,53935,90,53953.8,30,0,342615
BANKNIFTY-II.NFO,16/12/2024,09:22:50,53955.8,53936.75,60,53954.75,45,0,342615
BANKNIFTY-II.NFO,16/12/2024,09:22:52,53955.8,53935,15,53949.95,30,0,342615
BANKNIFTY-II.NFO,16/12/2024,09:22:54,53944.75,53935,15,53944.3,15,15,342615
BANKNIFTY-II.NFO,16/12/2024,09:22:55,53944.45,53935,15,53945.25,15,15,342615
BANKNIFTY-II.NFO,16/12/2024,09:22:57,53942.85,53935,15,53944.85,15,15,342615
BANKNIFTY-II.NFO,16/12/2024,09:22:59,53945.1,53935,15,53942.85,75,30,342615
BANKNIFTY-II.NFO,16/12/2024,09:23:00,53943.3,53935,15,53943.8,60,15,342615
BANKNIFTY-II.NFO,16/12/2024,09:23:02,53937.65,53935,15,53939.6,75,30,342615
BANKNIFTY-II.NFO,16/12/2024,09:23:04,53938.1,53935,15,53937.15,75,15,342615
BANKNIFTY-II.NFO,16/12/2024,09:23:05,53937.45,53930,45,53937.65,15,90,342615
BANKNIFTY-II.NFO,16/12/2024,09:23:05,53930,53930,45,53937.65,15,0,342615
BANKNIFTY-II.NFO,16/12/2024,09:23:07,53937.45,53930,45,53937.65,15,0,342615
BANKNIFTY-II.NFO,16/12/2024,09:23:10,53937.45,53930,45,53936.2,75,0,342615
BANKNIFTY-II.NFO,16/12/2024,09:23:12,53937.65,53930,45,53939.95,300,15,342615
BANKNIFTY-II.NFO,16/12/2024,09:23:14,53937.65,53930,45,53942.3,15,0,342615
BANKNIFTY-II.NFO,16/12/2024,09:23:15,53937.65,53930,45,53940.85,15,0,342615
BANKNIFTY-II.NFO,16/12/2024,09:23:17,53930,53930.45,15,53940.4,15,30,342615
BANKNIFTY-II.NFO,16/12/2024,09:23:19,53930,53930.45,15,53941.95,15,0,342615
BANKNIFTY-II.NFO,16/12/2024,09:23:20,53930,53930.6,60,53941.95,15,0,342615
BANKNIFTY-II.NFO,16/12/2024,09:23:22,53930.45,53930,45,53940.65,15,15,342615
BANKNIFTY-II.NFO,16/12/2024,09:23:24,53930.45,53930,75,53937.95,15,0,342615
BANKNIFTY-II.NFO,16/12/2024,09:23:25,53930.45,53930,75,53941.8,15,0,342615
BANKNIFTY-II.NFO,16/12/2024,09:23:27,53930.45,53930,105,53937.8,45,0,342615
BANKNIFTY-II.NFO,16/12/2024,09:23:29,53930.45,53930,105,53940.4,75,0,342615
BANKNIFTY-II.NFO,16/12/2024,09:23:30,53930,53929.35,15,53936.8,75,180,342615
BANKNIFTY-II.NFO,16/12/2024,09:23:32,53937.85,53929.35,15,53939.05,75,150,342615
BANKNIFTY-II.NFO,16/12/2024,09:23:34,53937.85,53930,15,53937.05,75,0,342615
BANKNIFTY-II.NFO,16/12/2024,09:23:35,53937.85,53930,15,53935.65,75,0,342615
BANKNIFTY-II.NFO,16/12/2024,09:23:37,53930,53929.35,15,53934.15,75,15,342615
BANKNIFTY-II.NFO,16/12/2024,09:23:39,53930,53929.35,15,53931.55,75,0,342615
BANKNIFTY-II.NFO,16/12/2024,09:23:40,53929.35,53928,15,53930.8,75,15,342615
BANKNIFTY-II.NFO,16/12/2024,09:23:40,53929.35,53928,15,53930.8,75,0,342615
BANKNIFTY-II.NFO,16/12/2024,09:23:42,53929.35,53928,15,53933.25,75,0,342615
BANKNIFTY-II.NFO,16/12/2024,09:23:44,53929.35,53928,15,53938.95,75,0,342615
BANKNIFTY-II.NFO,16/12/2024,09:23:45,53929.35,53928,15,53932.7,75,0,342615
BANKNIFTY-II.NFO,16/12/2024,09:23:47,53928,53927,30,53932.75,75,15,342615
BANKNIFTY-II.NFO,16/12/2024,09:23:47,53928,53927,30,53932.75,75,0,342615
BANKNIFTY-II.NFO,16/12/2024,09:23:49,53928,53927,30,53933.25,75,0,342615
BANKNIFTY-II.NFO,16/12/2024,09:23:50,53937.1,53927.8,60,53941.8,75,15,342615
BANKNIFTY-II.NFO,16/12/2024,09:23:52,53927.75,53927.75,60,53943.25,75,15,342615
BANKNIFTY-II.NFO,16/12/2024,09:23:52,53927.75,53927.75,60,53943.25,75,0,342615
BANKNIFTY-II.NFO,16/12/2024,09:23:54,53944.2,53928.05,60,53941.7,75,240,342615
BANKNIFTY-II.NFO,16/12/2024,09:23:55,53928.05,53928.05,120,53937.95,15,45,342615
BANKNIFTY-II.NFO,16/12/2024,09:23:57,53939.95,53929.4,150,53939.95,15,15,342615
BANKNIFTY-II.NFO,16/12/2024,09:23:59,53939.95,53931.8,150,53945,30,0,342615
BANKNIFTY-II.NFO,16/12/2024,09:24:00,53939.95,53929.35,105,53939.95,15,15,342615
BANKNIFTY-II.NFO,16/12/2024,09:24:02,53939.95,53929.35,105,53933.35,75,0,342615
BANKNIFTY-II.NFO,16/12/2024,09:24:04,53929.35,53929.35,90,53935.4,75,15,342615
BANKNIFTY-II.NFO,16/12/2024,09:24:05,53929.35,53929.35,90,53929.4,75,0,342615
BANKNIFTY-II.NFO,16/12/2024,09:24:07,53928.65,53927,15,53933.6,120,150,342615
BANKNIFTY-II.NFO,16/12/2024,09:24:07,53927,53927,15,53933.6,120,0,342615
BANKNIFTY-II.NFO,16/12/2024,09:24:09,53927,53925.45,15,53933,120,15,342615
BANKNIFTY-II.NFO,16/12/2024,09:24:10,53927,53925.45,15,53936.4,120,0,342615
BANKNIFTY-II.NFO,16/12/2024,09:24:12,53925,53911,15,53921.95,30,45,342615
BANKNIFTY-II.NFO,16/12/2024,09:24:12,53925,53911,15,53921.95,30,0,342615
BANKNIFTY-II.NFO,16/12/2024,09:24:14,53925,53911,15,53923.95,15,0,342615
BANKNIFTY-II.NFO,16/12/2024,09:24:15,53925,53911.35,120,53927.45,120,0,342615
BANKNIFTY-II.NFO,16/12/2024,09:24:17,53910.25,53910.2,15,53924.7,120,105,342615
BANKNIFTY-II.NFO,16/12/2024,09:24:17,53910.25,53910.2,15,53924.7,120,0,342615
BANKNIFTY-II.NFO,16/12/2024,09:24:19,53910.25,53910.2,15,53919.95,15,0,342615
BANKNIFTY-II.NFO,16/12/2024,09:24:20,53910.2,53910,105,53919.55,120,45,342615
BANKNIFTY-II.NFO,16/12/2024,09:24:20,53910.2,53910,105,53919.55,120,0,342615
BANKNIFTY-II.NFO,16/12/2024,09:24:22,53910.2,53910,105,53919.9,120,0,342615
BANKNIFTY-II.NFO,16/12/2024,09:24:24,53910.2,53910,105,53917.7,120,0,342615
BANKNIFTY-II.NFO,16/12/2024,09:24:25,53910.2,53910,105,53917.5,120,0,342615
BANKNIFTY-II.NFO,16/12/2024,09:24:27,53910.2,53910,105,53913.4,75,0,342615
BANKNIFTY-II.NFO,16/12/2024,09:24:29,53910,53910,90,53912.3,120,15,342615
BANKNIFTY-II.NFO,16/12/2024,09:24:29,53910,53910,90,53912.3,120,0,342615
BANKNIFTY-II.NFO,16/12/2024,09:24:30,53910,53910,90,53912.05,75,0,342615
BANKNIFTY-II.NFO,16/12/2024,09:24:32,53910,53910,90,53912.95,15,0,342615
BANKNIFTY-II.NFO,16/12/2024,09:24:34,53910,53910,75,53912.95,15,15,342615
BANKNIFTY-II.NFO,16/12/2024,09:24:35,53910,53910,75,53911.85,120,0,342615
BANKNIFTY-II.NFO,16/12/2024,09:24:37,53910,53910,75,53912.55,150,0,342615
BANKNIFTY-II.NFO,16/12/2024,09:24:39,53910,53910,75,53912.95,15,0,342615
BANKNIFTY-II.NFO,16/12/2024,09:24:44,53910,53910.05,60,53912.95,15,0,342615
BANKNIFTY-II.NFO,16/12/2024,09:24:45,53912.95,53912.95,60,53925.95,15,15,343875
BANKNIFTY-II.NFO,16/12/2024,09:24:47,53912.95,53910.05,60,53923.95,15,0,343875
BANKNIFTY-II.NFO,16/12/2024,09:24:49,53912.95,53910.25,60,53923.95,15,0,343875
BANKNIFTY-II.NFO,16/12/2024,09:24:50,53910.55,53911.75,30,53927.95,15,30,343875
BANKNIFTY-II.NFO,16/12/2024,09:24:52,53910.55,53915.7,30,53929.95,15,0,343875
BANKNIFTY-II.NFO,16/12/2024,09:24:54,53910.55,53916.9,30,53933.85,15,0,343875
BANKNIFTY-II.NFO,16/12/2024,09:24:55,53910.55,53917.95,30,53929.95,15,0,343875
BANKNIFTY-II.NFO,16/12/2024,09:24:57,53922.1,53922.3,15,53937.15,15,15,343875
BANKNIFTY-II.NFO,16/12/2024,09:24:59,53937.95,53922.1,15,53935.8,15,30,343875
BANKNIFTY-II.NFO,16/12/2024,09:25:00,53937.95,53920.1,15,53935.75,120,0,343875
BANKNIFTY-II.NFO,16/12/2024,09:25:02,53932.15,53911.05,30,53921.85,15,15,343875
BANKNIFTY-II.NFO,16/12/2024,09:25:04,53932.15,53911.5,45,53921.85,15,0,343875
BANKNIFTY-II.NFO,16/12/2024,09:25:05,53932.15,53913.25,15,53921.85,15,0,343875
BANKNIFTY-II.NFO,16/12/2024,09:25:07,53914.1,53920.05,15,53931.15,15,15,343875
BANKNIFTY-II.NFO,16/12/2024,09:25:09,53914.1,53914.1,30,53930.9,15,0,343875
BANKNIFTY-II.NFO,16/12/2024,09:25:10,53914.1,53914.1,45,53932.45,15,0,343875
BANKNIFTY-II.NFO,16/12/2024,09:25:12,53914.1,53918.35,30,53935.9,120,0,343875
BANKNIFTY-II.NFO,16/12/2024,09:25:15,53914.1,53920,30,53932.35,120,0,343875
BANKNIFTY-II.NFO,16/12/2024,09:25:17,53914.1,53920.05,15,53935.9,120,0,343875
BANKNIFTY-II.NFO,16/12/2024,09:25:18,53936.1,53920,30,53935.7,120,45,343875
BANKNIFTY-II.NFO,16/12/2024,09:25:20,53936.1,53920,30,53934.5,120,0,343875
BANKNIFTY-II.NFO,16/12/2024,09:25:22,53936.1,53931.95,30,53939.95,15,0,343875
BANKNIFTY-II.NFO,16/12/2024,09:25:23,53945,53934.35,90,53945,15,105,343875
BANKNIFTY-II.NFO,16/12/2024,09:25:25,53934.8,53934.9,195,53947.15,15,60,343875
BANKNIFTY-II.NFO,16/12/2024,09:25:27,53947.15,53944.05,15,53956,15,15,343875
BANKNIFTY-II.NFO,16/12/2024,09:25:28,53947.15,53940.05,15,53954.1,120,0,343875
BANKNIFTY-II.NFO,16/12/2024,09:25:30,53951.9,53932.1,75,53953,120,45,343875
BANKNIFTY-II.NFO,16/12/2024,09:25:32,53947.15,53930.1,30,53948.1,120,15,343875
BANKNIFTY-II.NFO,16/12/2024,09:25:33,53947.15,53926.1,60,53945.55,120,0,343875
BANKNIFTY-II.NFO,16/12/2024,09:25:35,53947.15,53947.15,15,53951.1,120,0,343875
BANKNIFTY-II.NFO,16/12/2024,09:25:37,53947.15,53947.15,15,53952.05,120,0,343875
BANKNIFTY-II.NFO,16/12/2024,09:25:38,53951.95,53947.15,15,53950.75,120,15,343875
BANKNIFTY-II.NFO,16/12/2024,09:25:40,53947.15,53940,15,53945.4,120,15,343875
BANKNIFTY-II.NFO,16/12/2024,09:25:42,53942.95,53940,15,53940.85,120,45,343875
BANKNIFTY-II.NFO,16/12/2024,09:25:43,53940,53933,15,53941.6,120,15,343875
BANKNIFTY-II.NFO,16/12/2024,09:25:45,53940,53933,15,53941.1,120,0,343875
BANKNIFTY-II.NFO,16/12/2024,09:25:47,53940.95,53933,15,53943.6,120,30,343875
BANKNIFTY-II.NFO,16/12/2024,09:25:48,53940.95,53933,15,53943.5,120,0,343875
BANKNIFTY-II.NFO,16/12/2024,09:25:50,53940.95,53933,15,53946.8,120,0,343875
BANKNIFTY-II.NFO,16/12/2024,09:25:52,53943.8,53933,15,53944.55,90,30,343875
BANKNIFTY-II.NFO,16/12/2024,09:25:53,53943.8,53933,15,53940,30,0,343875
BANKNIFTY-II.NFO,16/12/2024,09:25:55,53943.8,53933.05,150,53940,30,0,343875
BANKNIFTY-II.NFO,16/12/2024,09:25:57,53940,53933.05,150,53940,15,15,343875
BANKNIFTY-II.NFO,16/12/2024,09:25:58,53940,53934,165,53940,15,0,343875
BANKNIFTY-II.NFO,16/12/2024,09:26:00,53950.05,53936.1,120,53952.55,90,120,343875
BANKNIFTY-II.NFO,16/12/2024,09:26:02,53950.05,53938.1,120,53950,60,0,343875
BANKNIFTY-II.NFO,16/12/2024,09:26:04,53950.05,53939.25,165,53953.95,15,0,343875
BANKNIFTY-II.NFO,16/12/2024,09:26:05,53950.05,53940.1,120,53955.9,90,0,343875
BANKNIFTY-II.NFO,16/12/2024,09:26:07,53955.9,53938.1,150,53955,15,75,343875
BANKNIFTY-II.NFO,16/12/2024,09:26:09,53959.3,53943.75,150,53952.3,15,45,343875
BANKNIFTY-II.NFO,16/12/2024,09:26:10,53959.35,53943.75,165,53959.95,15,45,343875
BANKNIFTY-II.NFO,16/12/2024,09:26:12,53959.35,53944.45,165,53959.95,15,0,343875
BANKNIFTY-II.NFO,16/12/2024,09:26:13,53959.35,53943.75,150,53955.95,15,0,343875
BANKNIFTY-II.NFO,16/12/2024,09:26:15,53959.35,53946.6,165,53957.95,15,0,343875
BANKNIFTY-II.NFO,16/12/2024,09:26:17,53960,53960,15,53966.3,165,15,343875
BANKNIFTY-II.NFO,16/12/2024,09:26:18,53965.7,53946.1,120,53963,30,15,343875
BANKNIFTY-II.NFO,16/12/2024,09:26:20,53965.7,53946.1,165,53963.95,15,0,343875
BANKNIFTY-II.NFO,16/12/2024,09:26:22,53965.7,53948.1,120,53965.95,45,0,343875
BANKNIFTY-II.NFO,16/12/2024,09:26:23,53967.65,53950.1,150,53959.35,120,30,343875
BANKNIFTY-II.NFO,16/12/2024,09:26:25,53959.35,53952.1,135,53959.35,105,15,343875
BANKNIFTY-II.NFO,16/12/2024,09:26:27,53959.35,53960.1,120,53975.9,30,135,343875
BANKNIFTY-II.NFO,16/12/2024,09:26:28,53959.35,53964.05,15,53974.85,30,0,343875
BANKNIFTY-II.NFO,16/12/2024,09:26:30,53974.85,53958.1,120,53974.95,30,45,343875
BANKNIFTY-II.NFO,16/12/2024,09:26:32,53974.85,53956.1,120,53972.8,30,0,343875
BANKNIFTY-II.NFO,16/12/2024,09:26:33,53974.85,53960,15,53974,30,0,343875
BANKNIFTY-II.NFO,16/12/2024,09:26:35,53974.85,53960,15,53970.85,30,0,343875
BANKNIFTY-II.NFO,16/12/2024,09:26:37,53969.9,53964.05,15,53979.2,30,15,343875
BANKNIFTY-II.NFO,16/12/2024,09:26:38,53979.7,53964.05,15,53977.45,15,30,343875
BANKNIFTY-II.NFO,16/12/2024,09:26:40,53979.7,53962.1,120,53975.9,30,0,343875
BANKNIFTY-II.NFO,16/12/2024,09:26:42,53979.7,53960.1,150,53974.55,15,0,343875
BANKNIFTY-II.NFO,16/12/2024,09:26:43,53974.4,53962.1,120,53975.3,15,15,343875
BANKNIFTY-II.NFO,16/12/2024,09:26:45,53974.4,53962.05,15,53974.9,15,0,343875
BANKNIFTY-II.NFO,16/12/2024,09:26:47,53974.9,53960.55,120,53974.65,15,30,343875
BANKNIFTY-II.NFO,16/12/2024,09:26:48,53974.65,53960.5,15,53973.7,15,30,343875
BANKNIFTY-II.NFO,16/12/2024,09:26:50,53970,53960.5,15,53973.95,15,15,343875
BANKNIFTY-II.NFO,16/12/2024,09:26:52,53970,53960.5,15,53971.3,75,0,343875
BANKNIFTY-II.NFO,16/12/2024,09:26:53,53973.05,53960.5,15,53974.45,15,90,343875
BANKNIFTY-II.NFO,16/12/2024,09:26:55,53973.05,53960.55,150,53975.95,15,0,343875
BANKNIFTY-II.NFO,16/12/2024,09:26:57,53973.05,53960.55,120,53975.95,15,0,343875
BANKNIFTY-II.NFO,16/12/2024,09:26:58,53973.05,53960.55,150,53977.95,15,0,343875
BANKNIFTY-II.NFO,16/12/2024,09:27:00,53983.3,53983.3,105,53983.4,15,525,343875
BANKNIFTY-II.NFO,16/12/2024,09:27:02,53981.65,53962.1,120,53979.2,105,210,343875
BANKNIFTY-II.NFO,16/12/2024,09:27:03,53981.65,53965.5,165,53981.95,15,0,343875
BANKNIFTY-II.NFO,16/12/2024,09:27:05,53968.95,53964.1,120,53980.85,30,15,343875
BANKNIFTY-II.NFO,16/12/2024,09:27:07,53968.95,53962.7,120,53978.1,15,0,343875
BANKNIFTY-II.NFO,16/12/2024,09:27:08,53978.1,53968.55,120,53980.75,15,15,343875
BANKNIFTY-II.NFO,16/12/2024,09:27:10,53971.45,53971.45,120,53983,15,15,343875
BANKNIFTY-II.NFO,16/12/2024,09:27:12,53978.1,53975.7,120,53983,15,15,343875
BANKNIFTY-II.NFO,16/12/2024,09:27:13,53978.1,53979.35,120,53983,15,0,343875
BANKNIFTY-II.NFO,16/12/2024,09:27:15,53978.1,53980.9,120,53983,15,0,343875
BANKNIFTY-II.NFO,16/12/2024,09:27:17,53983,53979.15,120,53988,15,15,343875
BANKNIFTY-II.NFO,16/12/2024,09:27:18,53983,53979.5,120,53988,15,0,343875
BANKNIFTY-II.NFO,16/12/2024,09:27:20,53983,53978.05,120,53988,15,0,343875
BANKNIFTY-II.NFO,16/12/2024,09:27:22,53978.05,53978.05,135,53988,15,15,343875
BANKNIFTY-II.NFO,16/12/2024,09:27:23,53978.05,53978.05,165,53988,15,0,343875
BANKNIFTY-II.NFO,16/12/2024,09:27:25,53978.05,53980.4,120,53988,15,0,343875
BANKNIFTY-II.NFO,16/12/2024,09:27:27,53978.05,53982.4,150,53988,15,0,343875
BANKNIFTY-II.NFO,16/12/2024,09:27:28,53988,53992.1,120,54000,30,15,343875
BANKNIFTY-II.NFO,16/12/2024,09:27:30,54011.4,54000,120,54008.55,30,480,343875
BANKNIFTY-II.NFO,16/12/2024,09:27:32,54000,53992.05,15,54005,30,120,343875
BANKNIFTY-II.NFO,16/12/2024,09:27:33,54000,53995,120,54011.85,30,0,343875
BANKNIFTY-II.NFO,16/12/2024,09:27:35,54011.85,53994.1,120,54011.45,45,105,343875
BANKNIFTY-II.NFO,16/12/2024,09:27:37,53996.2,53996.1,120,54013.15,15,60,343875
BANKNIFTY-II.NFO,16/12/2024,09:27:38,53996.2,53998.05,15,54013.75,15,0,343875
BANKNIFTY-II.NFO,16/12/2024,09:27:40,53996.2,54002.05,15,54015.6,15,0,343875
BANKNIFTY-II.NFO,16/12/2024,09:27:42,54000.05,53998.05,15,54012.4,45,15,344145
BANKNIFTY-II.NFO,16/12/2024,09:27:43,54015.5,54001.45,120,54019.95,15,15,344145
BANKNIFTY-II.NFO,16/12/2024,09:27:45,54015.5,54000.05,15,54017.8,30,0,344145
BANKNIFTY-II.NFO,16/12/2024,09:27:47,54000.05,53998.1,120,54015.55,30,15,344145
BANKNIFTY-II.NFO,16/12/2024,09:27:48,54021.5,54008.1,120,54021.5,15,15,344145
BANKNIFTY-II.NFO,16/12/2024,09:27:50,54021.5,54010.05,15,54025,15,0,344145
BANKNIFTY-II.NFO,16/12/2024,09:27:52,54021.5,54008.05,15,54024.95,30,0,344145
BANKNIFTY-II.NFO,16/12/2024,09:27:53,54021.5,54006.1,120,54024.85,30,0,344145
BANKNIFTY-II.NFO,16/12/2024,09:27:55,54024.9,54010.05,15,54023.75,30,75,344145
BANKNIFTY-II.NFO,16/12/2024,09:27:57,54024.9,54000.1,120,54015.9,30,0,344145
BANKNIFTY-II.NFO,16/12/2024,09:27:58,54015.65,54001.4,120,54015.95,15,45,344145
BANKNIFTY-II.NFO,16/12/2024,09:28:00,54015.65,54003.1,120,54018.55,15,0,344145
BANKNIFTY-II.NFO,16/12/2024,09:28:02,54019.9,54006.95,150,54023.95,15,15,344145
BANKNIFTY-II.NFO,16/12/2024,09:28:03,54019.9,54002.4,120,54019.95,15,0,344145
BANKNIFTY-II.NFO,16/12/2024,09:28:05,54008.5,54003.45,120,54019.9,30,15,344145
BANKNIFTY-II.NFO,16/12/2024,09:28:07,54008.5,54000,30,54013.1,30,0,344145
BANKNIFTY-II.NFO,16/12/2024,09:28:08,54008.5,54000.05,120,54013.95,15,0,344145
BANKNIFTY-II.NFO,16/12/2024,09:28:10,54008.5,54000.05,120,54013.9,30,0,344145
BANKNIFTY-II.NFO,16/12/2024,09:28:12,54008.5,54000,30,54010.8,30,0,344145
BANKNIFTY-II.NFO,16/12/2024,09:28:13,54009.6,54000,30,54009.35,15,15,344145
BANKNIFTY-II.NFO,16/12/2024,09:28:15,54009.6,54000,30,54006.3,15,0,344145
BANKNIFTY-II.NFO,16/12/2024,09:28:17,54009.6,54000,45,54003.6,45,0,344145
BANKNIFTY-II.NFO,16/12/2024,09:28:18,54006.1,54000,45,54006.3,30,90,344145
BANKNIFTY-II.NFO,16/12/2024,09:28:20,54006.1,54000,45,54004.8,30,0,344145
BANKNIFTY-II.NFO,16/12/2024,09:28:22,54000,53980.1,120,53995.9,30,75,344145
BANKNIFTY-II.NFO,16/12/2024,09:28:23,53999.95,53981.3,120,53995.95,15,60,344145
BANKNIFTY-II.NFO,16/12/2024,09:28:25,53978.25,53975.1,120,53989.95,15,30,344145
BANKNIFTY-II.NFO,16/12/2024,09:28:27,53978.25,53973.75,120,53983.95,15,0,344145
BANKNIFTY-II.NFO,16/12/2024,09:28:28,53972.85,53971.6,120,53983.95,15,15,344145
BANKNIFTY-II.NFO,16/12/2024,09:28:30,53972.85,53971.6,120,53983.95,15,0,344145
BANKNIFTY-II.NFO,16/12/2024,09:28:32,53989.95,53974.75,120,53987.95,15,15,344145
BANKNIFTY-II.NFO,16/12/2024,09:28:33,53989.95,53977.95,120,53987.95,15,0,344145
BANKNIFTY-II.NFO,16/12/2024,09:28:35,53989.95,53987.95,60,53995.85,30,45,344145
BANKNIFTY-II.NFO,16/12/2024,09:28:37,53989.95,53987.95,60,53996.7,75,0,344145
BANKNIFTY-II.NFO,16/12/2024,09:28:38,53987.95,53997.9,30,54000,15,15,344145
BANKNIFTY-II.NFO,16/12/2024,09:28:40,54005.95,53988,120,53999.95,15,30,344145
BANKNIFTY-II.NFO,16/12/2024,09:28:42,54005.95,53988,120,53999.95,15,0,344145
BANKNIFTY-II.NFO,16/12/2024,09:28:43,53987.95,53987.95,135,54001.95,15,360,344145
BANKNIFTY-II.NFO,16/12/2024,09:28:45,53987.95,54003.95,45,54008.95,15,0,344145
BANKNIFTY-II.NFO,16/12/2024,09:28:47,54007.95,53988.55,120,54001.95,15,15,344145
BANKNIFTY-II.NFO,16/12/2024,09:28:48,53999.95,53983.8,135,53997.95,15,45,344145
BANKNIFTY-II.NFO,16/12/2024,09:28:50,53999.95,53988,135,54000,15,0,344145
BANKNIFTY-II.NFO,16/12/2024,09:28:52,53999.95,53987.95,150,53998.8,150,0,344145
BANKNIFTY-II.NFO,16/12/2024,09:28:53,53999.95,53987.95,150,53995.8,150,0,344145
BANKNIFTY-II.NFO,16/12/2024,09:28:55,53997.6,53987.95,150,53997.7,75,15,344145
BANKNIFTY-II.NFO,16/12/2024,09:28:57,53997.6,53987.95,150,53999.1,135,0,344145
BANKNIFTY-II.NFO,16/12/2024,09:28:58,53999.1,53987.95,150,53998.55,105,30,344145
BANKNIFTY-II.NFO,16/12/2024,09:29:00,53999.1,53987.95,150,53998.15,30,0,344145
BANKNIFTY-II.NFO,16/12/2024,09:29:02,53987.95,53971.55,15,53983.95,15,150,344145
BANKNIFTY-II.NFO,16/12/2024,09:29:03,53987.95,53971.6,15,53983.95,15,0,344145
BANKNIFTY-II.NFO,16/12/2024,09:29:05,53983.95,53971.6,15,53983.95,15,15,344145
BANKNIFTY-II.NFO,16/12/2024,09:29:07,53971.6,53971.55,15,53984.25,105,30,344145
BANKNIFTY-II.NFO,16/12/2024,09:29:08,53971.6,53972.3,135,53987.95,15,0,344145
BANKNIFTY-II.NFO,16/12/2024,09:29:10,53971.6,53971.6,135,53986.8,60,0,344145
BANKNIFTY-II.NFO,16/12/2024,09:29:12,53971.6,53972.8,135,53986.8,60,0,344145
BANKNIFTY-II.NFO,16/12/2024,09:29:13,53971.6,53972.5,15,53982.35,30,0,344145
BANKNIFTY-II.NFO,16/12/2024,09:29:15,53971.6,53972.5,15,53981.95,30,0,344145
BANKNIFTY-II.NFO,16/12/2024,09:29:17,53983.85,53972.6,30,53983.25,15,30,344145
BANKNIFTY-II.NFO,16/12/2024,09:29:18,53972.6,53972.6,15,53984.75,15,15,344145
BANKNIFTY-II.NFO,16/12/2024,09:29:20,53986.85,53986.85,15,53994.45,75,15,344145
BANKNIFTY-II.NFO,16/12/2024,09:29:22,53989.2,53974.1,135,53989.25,15,45,344145
BANKNIFTY-II.NFO,16/12/2024,09:29:23,53989.2,53974.05,15,53987.9,15,0,344145
BANKNIFTY-II.NFO,16/12/2024,09:29:25,53974.1,53972.55,30,53984.7,15,15,344145
BANKNIFTY-II.NFO,16/12/2024,09:29:27,53974.1,53972.65,15,53981.1,15,0,344145
BANKNIFTY-II.NFO,16/12/2024,09:29:28,53974.1,53972.75,15,53986.75,15,0,344145
BANKNIFTY-II.NFO,16/12/2024,09:29:30,53974.1,53972.75,15,53984.35,15,0,344145
BANKNIFTY-II.NFO,16/12/2024,09:29:32,53984.45,53972.75,15,53985.1,75,30,344145
BANKNIFTY-II.NFO,16/12/2024,09:29:33,53984.45,53972.7,15,53985.85,75,0,344145
BANKNIFTY-II.NFO,16/12/2024,09:29:35,53984.45,53972.7,15,53986,150,0,344145
BANKNIFTY-II.NFO,16/12/2024,09:29:37,53972.7,53972.05,15,53982.85,150,15,344145
BANKNIFTY-II.NFO,16/12/2024,09:29:38,53972.1,53972.05,15,53980.05,75,30,344145
BANKNIFTY-II.NFO,16/12/2024,09:29:40,53972.05,53972,15,53979.85,75,60,344145
BANKNIFTY-II.NFO,16/12/2024,09:29:42,53972,53971.6,15,53979.5,150,45,344145
BANKNIFTY-II.NFO,16/12/2024,09:29:43,53980.9,53971.55,15,53980,150,75,344145
BANKNIFTY-II.NFO,16/12/2024,09:29:45,53971,53970.3,15,53973.35,75,75,344145
BANKNIFTY-II.NFO,16/12/2024,09:29:47,53970.25,53970.25,15,53972.55,75,105,344145
BANKNIFTY-II.NFO,16/12/2024,09:29:48,53970.05,53962,15,53966,15,60,344145
BANKNIFTY-II.NFO,16/12/2024,09:29:50,53962,53964.1,120,53981.1,150,15,344145
BANKNIFTY-II.NFO,16/12/2024,09:29:52,53962,53962.1,120,53977.65,15,0,344145
BANKNIFTY-II.NFO,16/12/2024,09:29:53,53962,53962.1,120,53976.75,15,0,344145
BANKNIFTY-II.NFO,16/12/2024,09:29:55,53960,53955.15,150,53957.6,15,135,344145
BANKNIFTY-II.NFO,16/12/2024,09:29:57,53955.15,53955.15,75,53964.7,105,150,344145
BANKNIFTY-II.NFO,16/12/2024,09:29:58,53950,53950,240,53950.7,75,345,344145
BANKNIFTY-II.NFO,16/12/2024,09:30:00,53947.95,53947.95,30,53949.25,75,270,344145
BANKNIFTY-II.NFO,16/12/2024,09:30:02,53953.4,53952.8,30,53954.55,60,165,344145
BANKNIFTY-II.NFO,16/12/2024,09:30:03,53960.25,53942.6,135,53953.95,15,105,344145
BANKNIFTY-II.NFO,16/12/2024,09:30:05,53961.95,53948.95,150,53965.95,15,150,344145
BANKNIFTY-II.NFO,16/12/2024,09:30:07,53965.95,53965.95,30,53972.45,75,105,344145
BANKNIFTY-II.NFO,16/12/2024,09:30:08,53973.6,53957.3,150,53975,75,135,344145
BANKNIFTY-II.NFO,16/12/2024,09:30:10,53967.95,53952.6,135,53969.95,15,360,344145
BANKNIFTY-II.NFO,16/12/2024,09:30:12,53973.95,53953.8,120,53973.95,15,105,344145
BANKNIFTY-II.NFO,16/12/2024,09:30:13,53955.5,53966,30,53975.7,15,30,344145
BANKNIFTY-II.NFO,16/12/2024,09:30:15,53966.05,53966.05,120,53981.8,30,15,344145
BANKNIFTY-II.NFO,16/12/2024,09:30:17,53966.05,53966,30,53976.9,45,15,344145
BANKNIFTY-II.NFO,16/12/2024,09:30:18,53975.9,53956.05,120,53975.5,30,45,344145
BANKNIFTY-II.NFO,16/12/2024,09:30:20,53975.9,53950.1,60,53963.9,30,0,344145
BANKNIFTY-II.NFO,16/12/2024,09:30:22,53950,53940,45,53956.25,30,15,344145
BANKNIFTY-II.NFO,16/12/2024,09:30:23,53950,53940,45,53950.6,30,0,344145
BANKNIFTY-II.NFO,16/12/2024,09:30:25,53950,53942.9,15,53943.55,30,0,344145
BANKNIFTY-II.NFO,16/12/2024,09:30:27,53940,53940,15,53946.6,75,60,344145
BANKNIFTY-II.NFO,16/12/2024,09:30:28,53940,53940,15,53949.9,75,0,344145
BANKNIFTY-II.NFO,16/12/2024,09:30:30,53940,53940,15,53949.5,75,0,344145
BANKNIFTY-II.NFO,16/12/2024,09:30:32,53940,53934,15,53948,75,15,344145
BANKNIFTY-II.NFO,16/12/2024,09:30:33,53940,53934,15,53946.5,75,0,344145
BANKNIFTY-II.NFO,16/12/2024,09:30:35,53947.55,53934.05,120,53950.4,150,210,344145
BANKNIFTY-II.NFO,16/12/2024,09:30:37,53951.25,53934.05,120,53949.95,150,30,344145
BANKNIFTY-II.NFO,16/12/2024,09:30:38,53951.25,53935.95,165,53953.95,15,0,344145
BANKNIFTY-II.NFO,16/12/2024,09:30:40,53937.5,53937.5,15,53950.65,150,15,345255
BANKNIFTY-II.NFO,16/12/2024,09:30:42,53954.45,53936.1,135,53953.6,150,15,345255
BANKNIFTY-II.NFO,16/12/2024,09:30:43,53954.45,53938.85,120,53956,150,0,345255
BANKNIFTY-II.NFO,16/12/2024,09:30:45,53954.45,53937.7,135,53955.5,150,0,345255
BANKNIFTY-II.NFO,16/12/2024,09:30:47,53954.45,53936.1,120,53953.2,150,0,345255
BANKNIFTY-II.NFO,16/12/2024,09:30:48,53954.45,53934,15,53946.55,150,0,345255
BANKNIFTY-II.NFO,16/12/2024,09:30:50,53934.05,53934.05,120,53949.9,15,30,345255
BANKNIFTY-II.NFO,16/12/2024,09:30:52,53954.4,53938.2,120,53954.45,15,45,345255
BANKNIFTY-II.NFO,16/12/2024,09:30:53,53954.45,53937.35,135,53950,30,15,345255
BANKNIFTY-II.NFO,16/12/2024,09:30:55,53954.45,53939.2,120,53950,30,0,345255
BANKNIFTY-II.NFO,16/12/2024,09:30:57,53948.2,53934.35,135,53950,30,15,345255
BANKNIFTY-II.NFO,16/12/2024,09:30:58,53950,53934.05,45,53946.55,150,30,345255
BANKNIFTY-II.NFO,16/12/2024,09:31:00,53934.05,53934.05,30,53940.25,30,15,345255
BANKNIFTY-II.NFO,16/12/2024,09:31:02,53950.6,53938.2,120,53953.9,150,45,345255
BANKNIFTY-II.NFO,16/12/2024,09:31:03,53950.6,53939,135,53953.95,15,0,345255
BANKNIFTY-II.NFO,16/12/2024,09:31:05,53950.6,53946.8,135,53965.25,150,0,345255
BANKNIFTY-II.NFO,16/12/2024,09:31:07,53950.6,53954.55,165,53971.95,150,0,345255
BANKNIFTY-II.NFO,16/12/2024,09:31:08,53950.6,53951,120,53967.95,150,0,345255
BANKNIFTY-II.NFO,16/12/2024,09:31:10,53950.6,53948.1,120,53965.3,150,0,345255
BANKNIFTY-II.NFO,16/12/2024,09:31:12,53950.6,53948.1,120,53966.55,150,0,345255
BANKNIFTY-II.NFO,16/12/2024,09:31:13,53950.6,53948.1,120,53964.75,150,0,345255
BANKNIFTY-II.NFO,16/12/2024,09:31:15,53950.6,53948.1,135,53965.55,150,0,345255
BANKNIFTY-II.NFO,16/12/2024,09:31:17,53950.6,53946.1,135,53962.15,150,0,345255
BANKNIFTY-II.NFO,16/12/2024,09:31:18,53950.6,53949.15,135,53968.35,150,0,345255
BANKNIFTY-II.NFO,16/12/2024,09:31:20,53968.7,53954.6,165,53971.3,105,60,345255
BANKNIFTY-II.NFO,16/12/2024,09:31:22,53968.7,53949.2,120,53969,105,0,345255
BANKNIFTY-II.NFO,16/12/2024,09:31:23,53968.7,53954.15,165,53967.95,15,0,345255
BANKNIFTY-II.NFO,16/12/2024,09:31:25,53952.05,53951.05,150,53968.65,90,90,345255
BANKNIFTY-II.NFO,16/12/2024,09:31:27,53951.2,53946.15,15,53961.55,105,15,345255
BANKNIFTY-II.NFO,16/12/2024,09:31:28,53961.45,53946.8,135,53963.9,60,60,345255
BANKNIFTY-II.NFO,16/12/2024,09:31:30,53961.45,53947.6,135,53963.95,15,0,345255
BANKNIFTY-II.NFO,16/12/2024,09:31:32,53961.45,53950.85,135,53965,15,0,345255
BANKNIFTY-II.NFO,16/12/2024,09:31:33,53942.7,53942.7,165,53961.75,60,30,345255
BANKNIFTY-II.NFO,16/12/2024,09:31:35,53942.7,53943.5,135,53959.95,15,0,345255
BANKNIFTY-II.NFO,16/12/2024,09:31:37,53943.9,53942.4,135,53960.15,90,30,345255
BANKNIFTY-II.NFO,16/12/2024,09:31:38,53943.9,53944.95,135,53961.85,90,0,345255
BANKNIFTY-II.NFO,16/12/2024,09:31:40,53943.9,53947.2,165,53961.95,15,0,345255
BANKNIFTY-II.NFO,16/12/2024,09:31:41,53947.25,53943.05,165,53961.8,90,15,345255
BANKNIFTY-II.NFO,16/12/2024,09:31:43,53963.2,53946.35,135,53963.9,75,15,345255
BANKNIFTY-II.NFO,16/12/2024,09:31:45,53963.2,53949.55,165,53965,15,0,345255
BANKNIFTY-II.NFO,16/12/2024,09:31:46,53963.2,53951.15,30,53964.7,75,15,345255
BANKNIFTY-II.NFO,16/12/2024,09:31:48,53964.8,53950.95,135,53965,15,30,345255
BANKNIFTY-II.NFO,16/12/2024,09:31:50,53971.3,53952.15,135,53969.4,105,450,345255
BANKNIFTY-II.NFO,16/12/2024,09:31:51,53952.25,53955.1,15,53969.85,15,15,345255
BANKNIFTY-II.NFO,16/12/2024,09:31:53,53969.85,53952.4,15,53966.9,105,15,345255
BANKNIFTY-II.NFO,16/12/2024,09:31:55,53969.85,53952.45,15,53964.85,105,0,345255
BANKNIFTY-II.NFO,16/12/2024,09:31:56,53952.45,53952.4,15,53967.45,105,15,345255
BANKNIFTY-II.NFO,16/12/2024,09:31:58,53952.45,53952.3,15,53965.15,105,60,345255
BANKNIFTY-II.NFO,16/12/2024,09:32:00,53952.3,53952.2,15,53966.25,105,15,345255
BANKNIFTY-II.NFO,16/12/2024,09:32:01,53952.3,53953.85,150,53969.85,45,0,345255
BANKNIFTY-II.NFO,16/12/2024,09:32:03,53952.3,53957.05,120,53969.85,45,0,345255
BANKNIFTY-II.NFO,16/12/2024,09:32:05,53957.05,53959.3,135,53969.85,45,15,345255
BANKNIFTY-II.NFO,16/12/2024,09:32:06,53969.85,53965.05,15,53979.9,15,45,345255
BANKNIFTY-II.NFO,16/12/2024,09:32:08,53965.05,53963.9,15,53977.9,15,15,345255
BANKNIFTY-II.NFO,16/12/2024,09:32:10,53979.1,53960.8,165,53979.45,15,30,345255
BANKNIFTY-II.NFO,16/12/2024,09:32:11,53979.05,53962.05,135,53980.6,150,15,345255
BANKNIFTY-II.NFO,16/12/2024,09:32:13,53979.05,53962.6,135,53980.3,105,0,345255
BANKNIFTY-II.NFO,16/12/2024,09:32:15,53980.05,53963.6,135,53980.05,15,15,345255
BANKNIFTY-II.NFO,16/12/2024,09:32:16,53980.6,53965.5,135,53980.6,135,30,345255
BANKNIFTY-II.NFO,16/12/2024,09:32:18,53967.35,53967.35,135,53980.6,135,15,345255
BANKNIFTY-II.NFO,16/12/2024,09:32:20,53967.35,53976.65,135,53980.6,135,0,345255
BANKNIFTY-II.NFO,16/12/2024,09:32:21,53971.7,53972.1,135,53980.6,135,15,345255
BANKNIFTY-II.NFO,16/12/2024,09:32:23,53971.7,53975,105,53980.6,135,0,345255
BANKNIFTY-II.NFO,16/12/2024,09:32:25,53975,53975,75,53980.6,135,30,345255
BANKNIFTY-II.NFO,16/12/2024,09:32:26,53975,53975,75,53980.6,135,0,345255
BANKNIFTY-II.NFO,16/12/2024,09:32:28,53975,53975.05,120,53980.6,135,0,345255
BANKNIFTY-II.NFO,16/12/2024,09:32:30,53975,53975.15,135,53980.6,135,0,345255
BANKNIFTY-II.NFO,16/12/2024,09:32:31,53980.6,53977.55,135,53980.6,60,75,345255
BANKNIFTY-II.NFO,16/12/2024,09:32:33,53980.6,53986.15,135,53992.7,15,60,345255
BANKNIFTY-II.NFO,16/12/2024,09:32:35,53992.7,53992.1,135,53998.3,75,15,345255
BANKNIFTY-II.NFO,16/12/2024,09:32:36,53988,53985.4,150,53998.3,75,15,345255
BANKNIFTY-II.NFO,16/12/2024,09:32:38,53988,53988.05,30,53998.3,75,0,345255
BANKNIFTY-II.NFO,16/12/2024,09:32:40,53988,53985.6,135,53998.3,75,0,345255
BANKNIFTY-II.NFO,16/12/2024,09:32:41,53988,53985.65,135,53998.3,75,0,345255
BANKNIFTY-II.NFO,16/12/2024,09:32:43,53988,53982.1,15,53998.25,45,0,345255
BANKNIFTY-II.NFO,16/12/2024,09:32:45,53988,53988,15,53998.25,45,0,345255
BANKNIFTY-II.NFO,16/12/2024,09:32:46,53988,53988.05,15,53996.45,45,0,345255
BANKNIFTY-II.NFO,16/12/2024,09:32:48,53997.05,53988.05,15,53998.25,15,30,345255
BANKNIFTY-II.NFO,16/12/2024,09:32:50,53997.05,53988,15,53998.25,15,0,345255
BANKNIFTY-II.NFO,16/12/2024,09:32:55,53997.05,53988,15,53997.65,15,0,345255
BANKNIFTY-II.NFO,16/12/2024,09:32:56,53997.05,53988,15,53993.85,15,0,345255
BANKNIFTY-II.NFO,16/12/2024,09:32:58,53997.05,53988.05,15,53995.4,15,0,345255
BANKNIFTY-II.NFO,16/12/2024,09:33:00,53997.05,53988.05,15,53997.85,15,0,345255
BANKNIFTY-II.NFO,16/12/2024,09:33:01,53997.05,53988.05,15,53994.65,15,0,345255
BANKNIFTY-II.NFO,16/12/2024,09:33:03,53997.05,53988.05,15,53993.9,15,0,345255
BANKNIFTY-II.NFO,16/12/2024,09:33:04,53997.05,53988.05,15,53997.8,15,0,345255
BANKNIFTY-II.NFO,16/12/2024,09:33:06,53997.05,53988.05,15,53997.5,15,0,345255
BANKNIFTY-II.NFO,16/12/2024,09:33:08,53995,53988.05,15,53997.55,15,15,345255
BANKNIFTY-II.NFO,16/12/2024,09:33:09,53995,53980.6,60,53993.9,15,0,345255
BANKNIFTY-II.NFO,16/12/2024,09:33:11,53995,53980.6,60,53995.25,15,0,345255
BANKNIFTY-II.NFO,16/12/2024,09:33:13,53995,53976.05,75,53990.25,15,0,345255
BANKNIFTY-II.NFO,16/12/2024,09:33:14,53995,53977.45,60,53991.85,15,0,345255
BANKNIFTY-II.NFO,16/12/2024,09:33:16,53995,53977,15,53989.9,15,0,345255
BANKNIFTY-II.NFO,16/12/2024,09:33:18,53995,53977,15,53986.85,15,0,345255
BANKNIFTY-II.NFO,16/12/2024,09:33:19,53983.8,53977,15,53984,90,15,345255
BANKNIFTY-II.NFO,16/12/2024,09:33:21,53982.95,53977,15,53982.1,60,15,345255
BANKNIFTY-II.NFO,16/12/2024,09:33:22,53975,53969,15,53976.9,90,15,345255
BANKNIFTY-II.NFO,16/12/2024,09:33:24,53955.05,53955.05,135,53972.3,15,45,345255
BANKNIFTY-II.NFO,16/12/2024,09:33:26,53970.85,53958.05,165,53971.8,15,45,345255
BANKNIFTY-II.NFO,16/12/2024,09:33:27,53956.95,53956.95,135,53970.8,15,15,345255
BANKNIFTY-II.NFO,16/12/2024,09:33:29,53956.95,53956.95,135,53971.5,30,0,345255
BANKNIFTY-II.NFO,16/12/2024,09:33:31,53956.95,53958.2,135,53973.15,15,0,345255
BANKNIFTY-II.NFO,16/12/2024,09:33:32,53956.95,53955,15,53964.8,30,0,345255
BANKNIFTY-II.NFO,16/12/2024,09:33:34,53956.95,53955,15,53959.85,15,0,345255
BANKNIFTY-II.NFO,16/12/2024,09:33:36,53956.95,53955,15,53963.25,15,0,345255
BANKNIFTY-II.NFO,16/12/2024,09:33:37,53956.95,53955,15,53959.35,30,0,345255
BANKNIFTY-II.NFO,16/12/2024,09:33:39,53956.95,53955,15,53956.65,15,0,345255
BANKNIFTY-II.NFO,16/12/2024,09:33:41,53956.95,53955,15,53960.3,15,0,345255
BANKNIFTY-II.NFO,16/12/2024,09:33:42,53956.95,53955,15,53957.5,15,0,345255
BANKNIFTY-II.NFO,16/12/2024,09:33:44,53956.95,53955,15,53959.15,15,0,345255
BANKNIFTY-II.NFO,16/12/2024,09:33:46,53956.95,53955,15,53959,15,0,345255
BANKNIFTY-II.NFO,16/12/2024,09:33:47,53962.7,53955,15,53963.95,30,15,345795
BANKNIFTY-II.NFO,16/12/2024,09:33:49,53955,53953.05,45,53960.25,90,15,345795
BANKNIFTY-II.NFO,16/12/2024,09:33:51,53955,53953.05,45,53960.1,90,0,345795
BANKNIFTY-II.NFO,16/12/2024,09:33:52,53955,53953.05,45,53961.9,90,0,345795
BANKNIFTY-II.NFO,16/12/2024,09:33:54,53955,53953.05,45,53960,15,0,345795
BANKNIFTY-II.NFO,16/12/2024,09:33:55,53960,53953.1,120,53967.1,90,15,345795
BANKNIFTY-II.NFO,16/12/2024,09:33:57,53968,53967.15,30,53968.4,60,30,345795
BANKNIFTY-II.NFO,16/12/2024,09:33:59,53967.15,53956.55,60,53971.45,30,60,345795
BANKNIFTY-II.NFO,16/12/2024,09:34:00,53967.15,53953.05,45,53964.85,30,0,345795
BANKNIFTY-II.NFO,16/12/2024,09:34:02,53967.15,53953.05,45,53966.1,30,0,345795
BANKNIFTY-II.NFO,16/12/2024,09:34:04,53967.15,53953.05,45,53962.4,30,0,345795
BANKNIFTY-II.NFO,16/12/2024,09:34:05,53967.15,53953.05,45,53962.15,30,0,345795
BANKNIFTY-II.NFO,16/12/2024,09:34:07,53967.15,53953.3,120,53968.45,30,0,345795
BANKNIFTY-II.NFO,16/12/2024,09:34:09,53953.1,53953.1,120,53970.55,60,30,345795
BANKNIFTY-II.NFO,16/12/2024,09:34:10,53953.1,53953.05,45,53964.9,60,0,345795
BANKNIFTY-II.NFO,16/12/2024,09:34:12,53953.1,53953.05,45,53967.65,60,0,345795
BANKNIFTY-II.NFO,16/12/2024,09:34:14,53953.1,53953.05,45,53967.5,75,15,345795
BANKNIFTY-II.NFO,16/12/2024,09:34:15,53953.2,53953.1,120,53968.55,90,15,345795
BANKNIFTY-II.NFO,16/12/2024,09:34:17,53953.2,53953.05,45,53961.45,90,0,345795
BANKNIFTY-II.NFO,16/12/2024,09:34:19,53961.3,53953.05,45,53963.35,60,30,345795
BANKNIFTY-II.NFO,16/12/2024,09:34:20,53953.05,53953.3,120,53967.35,150,30,345795
BANKNIFTY-II.NFO,16/12/2024,09:34:22,53953.05,53953.05,15,53960,90,0,345795
BANKNIFTY-II.NFO,16/12/2024,09:34:29,53953.05,53953.6,135,53960,90,0,345795
BANKNIFTY-II.NFO,16/12/2024,09:34:30,53953.05,53953.1,135,53960,90,0,345795
BANKNIFTY-II.NFO,16/12/2024,09:34:32,53953.05,53953.2,135,53960,90,0,345795
BANKNIFTY-II.NFO,16/12/2024,09:34:34,53960,53964.05,15,53975.85,15,90,345795
BANKNIFTY-II.NFO,16/12/2024,09:34:35,53988.75,53970.55,120,53988.2,30,30,345795
BANKNIFTY-II.NFO,16/12/2024,09:34:37,53988.75,53971.7,135,53989.05,30,0,345795
BANKNIFTY-II.NFO,16/12/2024,09:34:39,53988.75,53968.45,135,53988.15,30,0,345795
BANKNIFTY-II.NFO,16/12/2024,09:34:40,53968.45,53974.2,135,53990.2,15,15,345795
BANKNIFTY-II.NFO,16/12/2024,09:34:42,53968.45,53976.65,165,53994.25,45,0,345795
BANKNIFTY-II.NFO,16/12/2024,09:34:44,53968.45,53976.8,135,53995.85,45,0,345795
BANKNIFTY-II.NFO,16/12/2024,09:34:45,53968.45,53974.1,135,53991.45,75,0,345795
BANKNIFTY-II.NFO,16/12/2024,09:34:47,53968.45,53974.9,120,53993.5,45,0,345795
BANKNIFTY-II.NFO,16/12/2024,09:34:49,53968.45,53976.15,135,53992.35,15,0,345795
BANKNIFTY-II.NFO,16/12/2024,09:34:50,53968.45,53978.3,135,53996.2,45,0,345795
BANKNIFTY-II.NFO,16/12/2024,09:34:52,53980.1,53980.1,120,53992.75,15,45,345795
BANKNIFTY-II.NFO,16/12/2024,09:34:54,53980.1,53976.05,15,53989.15,15,0,345795
BANKNIFTY-II.NFO,16/12/2024,09:34:55,53980.1,53974.1,135,53990.45,90,0,345795
BANKNIFTY-II.NFO,16/12/2024,09:34:57,53980.1,53976.05,15,53991.25,90,0,345795
BANKNIFTY-II.NFO,16/12/2024,09:34:59,53980.1,53982.05,15,53990,105,0,345795
BANKNIFTY-II.NFO,16/12/2024,09:35:00,53980.1,53966.1,120,53985.15,90,0,345795
BANKNIFTY-II.NFO,16/12/2024,09:35:02,53980.1,53965.75,135,53984.35,90,0,345795
BANKNIFTY-II.NFO,16/12/2024,09:35:04,53982.9,53964.1,135,53982.15,75,30,345795
BANKNIFTY-II.NFO,16/12/2024,09:35:05,53982.9,53968.05,15,53982.55,75,0,345795
BANKNIFTY-II.NFO,16/12/2024,09:35:07,53982.9,53970.05,15,53984.15,75,0,345795
BANKNIFTY-II.NFO,16/12/2024,09:35:09,53982.9,53966.1,135,53982.25,75,0,345795
BANKNIFTY-II.NFO,16/12/2024,09:35:10,53982.9,53970.05,15,53984.75,75,0,345795
BANKNIFTY-II.NFO,16/12/2024,09:35:12,53982.9,53974.05,15,53985.8,15,0,345795
BANKNIFTY-II.NFO,16/12/2024,09:35:14,53985.8,53976.05,15,53988.85,75,30,345795
BANKNIFTY-II.NFO,16/12/2024,09:35:15,53985.8,53970.05,15,53982.55,75,0,345795
BANKNIFTY-II.NFO,16/12/2024,09:35:17,53985.8,53972.15,60,53986.85,75,0,345795
BANKNIFTY-II.NFO,16/12/2024,09:35:19,53972.15,53972.25,60,53986.85,75,15,345795
BANKNIFTY-II.NFO,16/12/2024,09:35:20,53972.15,53980.05,15,53993.95,75,0,345795
BANKNIFTY-II.NFO,16/12/2024,09:35:22,53972.15,53982.1,135,53994,105,0,345795
BANKNIFTY-II.NFO,16/12/2024,09:35:24,53994,53988.1,135,53994,90,15,345795
BANKNIFTY-II.NFO,16/12/2024,09:35:25,53994,53982.9,120,53994,90,0,345795
BANKNIFTY-II.NFO,16/12/2024,09:35:27,53994,53984.1,135,53994,90,0,345795
BANKNIFTY-II.NFO,16/12/2024,09:35:29,53994,53986.1,135,53994,90,0,345795
BANKNIFTY-II.NFO,16/12/2024,09:35:30,53994,53988.6,120,53994,15,75,345795
BANKNIFTY-II.NFO,16/12/2024,09:35:32,53994,53986.1,120,53997,15,15,345795
BANKNIFTY-II.NFO,16/12/2024,09:35:34,53994,53984.05,15,53996.95,75,0,345795
BANKNIFTY-II.NFO,16/12/2024,09:35:35,53994,53984.05,15,53997,15,0,345795
BANKNIFTY-II.NFO,16/12/2024,09:35:37,53994,53988.7,60,53997,15,0,345795
BANKNIFTY-II.NFO,16/12/2024,09:35:40,53997,53983.1,120,53998.25,75,15,345795
BANKNIFTY-II.NFO,16/12/2024,09:35:42,53997,53982.1,135,53998.25,75,0,345795
BANKNIFTY-II.NFO,16/12/2024,09:35:44,53997,53986.1,15,53998.3,75,0,345795
BANKNIFTY-II.NFO,16/12/2024,09:35:45,53997,53983,60,53996.05,75,0,345795
BANKNIFTY-II.NFO,16/12/2024,09:35:47,53997,53986.05,15,53998.3,75,0,345795
BANKNIFTY-II.NFO,16/12/2024,09:35:49,53997,53984.1,135,53998.3,75,0,345795
BANKNIFTY-II.NFO,16/12/2024,09:35:50,53997,53990.05,15,53998.3,75,0,345795
BANKNIFTY-II.NFO,16/12/2024,09:35:52,53997,53985.1,135,53998.3,75,0,345795
BANKNIFTY-II.NFO,16/12/2024,09:35:54,53998.3,53990.45,135,53998.3,60,15,345795
BANKNIFTY-II.NFO,16/12/2024,09:35:55,53998.3,53988.4,135,53998.3,60,0,345795
BANKNIFTY-II.NFO,16/12/2024,09:35:57,53998.3,53985.1,135,53998.3,60,0,345795
BANKNIFTY-II.NFO,16/12/2024,09:35:59,53998.3,53988.1,135,53998.3,60,0,345795
BANKNIFTY-II.NFO,16/12/2024,09:36:00,53998.25,53984.1,135,53998.25,75,45,345795
BANKNIFTY-II.NFO,16/12/2024,09:36:02,53998.25,53990.05,15,53998.3,45,0,345795
BANKNIFTY-II.NFO,16/12/2024,09:36:04,53998.25,53978.1,135,53997.2,75,0,345795
BANKNIFTY-II.NFO,16/12/2024,09:36:05,53998.25,53972.1,120,53989.35,75,0,345795
BANKNIFTY-II.NFO,16/12/2024,09:36:07,53998.25,53973.85,60,53987.3,75,0,345795
BANKNIFTY-II.NFO,16/12/2024,09:36:09,53998.25,53974.05,15,53991.7,75,0,345795
BANKNIFTY-II.NFO,16/12/2024,09:36:10,53993.35,53974.05,15,53989.9,60,15,345795
BANKNIFTY-II.NFO,16/12/2024,09:36:12,53993.35,53973.95,60,53987.1,60,0,345795
BANKNIFTY-II.NFO,16/12/2024,09:36:14,53993.35,53968.75,60,53985.9,60,0,345795
BANKNIFTY-II.NFO,16/12/2024,09:36:15,53993.35,53967.05,60,53982.85,60,0,345795
BANKNIFTY-II.NFO,16/12/2024,09:36:17,53993.35,53969.3,60,53982.95,60,0,345795
BANKNIFTY-II.NFO,16/12/2024,09:36:19,53993.35,53968.35,60,53981.6,60,0,345795
BANKNIFTY-II.NFO,16/12/2024,09:36:20,53964.35,53961.2,120,53978.5,60,15,345795
BANKNIFTY-II.NFO,16/12/2024,09:36:22,53964.35,53966.05,30,53982.55,60,0,345795
BANKNIFTY-II.NFO,16/12/2024,09:36:24,53964.35,53964.1,135,53982.6,60,0,345795
BANKNIFTY-II.NFO,16/12/2024,09:36:25,53963.65,53964.95,60,53973.85,15,15,345795
BANKNIFTY-II.NFO,16/12/2024,09:36:27,53963.65,53958.3,120,53973.85,15,0,345795
BANKNIFTY-II.NFO,16/12/2024,09:36:29,53963.65,53956.3,60,53972.05,75,0,345795
BANKNIFTY-II.NFO,16/12/2024,09:36:30,53963.65,53957.9,60,53970.65,75,0,345795
BANKNIFTY-II.NFO,16/12/2024,09:36:32,53963.65,53956.3,60,53971.2,75,0,345795
BANKNIFTY-II.NFO,16/12/2024,09:36:34,53963.65,53956.3,60,53972.15,75,0,345795
BANKNIFTY-II.NFO,16/12/2024,09:36:35,53963.65,53962.05,15,53971,30,0,345795
BANKNIFTY-II.NFO,16/12/2024,09:36:37,53963.65,53965.3,135,53971,30,0,345795
BANKNIFTY-II.NFO,16/12/2024,09:36:39,53963.65,53956.5,120,53971,30,0,345795
BANKNIFTY-II.NFO,16/12/2024,09:36:40,53962.2,53962.2,135,53971,30,30,345795
BANKNIFTY-II.NFO,16/12/2024,09:36:42,53962.2,53964.75,135,53971,30,0,345765
BANKNIFTY-II.NFO,16/12/2024,09:36:44,53962.2,53961.75,135,53971,30,0,345765
BANKNIFTY-II.NFO,16/12/2024,09:36:45,53971,53965.35,135,53971,15,15,345765
BANKNIFTY-II.NFO,16/12/2024,09:36:47,53971,53966.15,135,53971,15,0,345765
BANKNIFTY-II.NFO,16/12/2024,09:36:49,53971,53960.1,135,53973.85,15,15,345765
BANKNIFTY-II.NFO,16/12/2024,09:36:50,53960.1,53960.1,135,53973.85,15,15,345765
BANKNIFTY-II.NFO,16/12/2024,09:36:52,53960.1,53966.1,135,53973.85,15,0,345765
BANKNIFTY-II.NFO,16/12/2024,09:36:54,53965.35,53966.45,120,53980,60,45,345765
BANKNIFTY-II.NFO,16/12/2024,09:36:55,53965.35,53974.1,105,53980,60,0,345765
BANKNIFTY-II.NFO,16/12/2024,09:36:57,53980,53977.45,75,53980,30,60,345765
BANKNIFTY-II.NFO,16/12/2024,09:36:59,53994.35,53987,60,53994.35,15,60,345765
BANKNIFTY-II.NFO,16/12/2024,09:37:00,53994.35,53984.2,60,53994.35,15,0,345765
BANKNIFTY-II.NFO,16/12/2024,09:37:02,53984.2,53989.8,45,53994.35,15,15,345765
BANKNIFTY-II.NFO,16/12/2024,09:37:04,53998,53994.95,30,53998,300,75,345765
BANKNIFTY-II.NFO,16/12/2024,09:37:05,53998,53996.3,60,53998,270,30,345765
BANKNIFTY-II.NFO,16/12/2024,09:37:07,53998.25,53996.3,45,53998.3,45,315,345765
BANKNIFTY-II.NFO,16/12/2024,09:37:09,53998.3,53997.95,150,53998.95,75,60,345765
BANKNIFTY-II.NFO,16/12/2024,09:37:10,54006,54006,30,54009,45,285,345765
BANKNIFTY-II.NFO,16/12/2024,09:37:12,54006,53998.45,30,54009,30,30,345765
BANKNIFTY-II.NFO,16/12/2024,09:37:14,54009.95,54002.3,75,54009.95,120,60,345765
BANKNIFTY-II.NFO,16/12/2024,09:37:15,54009.95,54005.2,30,54009.95,120,0,345765
BANKNIFTY-II.NFO,16/12/2024,09:37:17,54009.95,54003.25,165,54010,105,120,345765
BANKNIFTY-II.NFO,16/12/2024,09:37:19,54009.95,54004,30,54010,105,0,345765
BANKNIFTY-II.NFO,16/12/2024,09:37:20,54000.8,54002.65,150,54010,105,15,345765
BANKNIFTY-II.NFO,16/12/2024,09:37:22,54010,54003.2,30,54010,90,15,345765
BANKNIFTY-II.NFO,16/12/2024,09:37:24,54010,54003.9,105,54010,90,0,345765
BANKNIFTY-II.NFO,16/12/2024,09:37:25,54010,54002.05,15,54010,90,0,345765
BANKNIFTY-II.NFO,16/12/2024,09:37:27,54010,54007.75,75,54010,90,0,345765
BANKNIFTY-II.NFO,16/12/2024,09:37:29,54018.3,54018.3,15,54020,30,120,345765
BANKNIFTY-II.NFO,16/12/2024,09:37:30,54020,54018.5,75,54020,15,15,345765
BANKNIFTY-II.NFO,16/12/2024,09:37:32,54020,54012,75,54025,30,45,345765
BANKNIFTY-II.NFO,16/12/2024,09:37:34,54020,54017.5,75,54025,30,0,345765
BANKNIFTY-II.NFO,16/12/2024,09:37:35,54020.3,54020.75,75,54025,30,30,345765
BANKNIFTY-II.NFO,16/12/2024,09:37:37,54020.55,54019.8,30,54025,30,15,345765
BANKNIFTY-II.NFO,16/12/2024,09:37:39,54025,54024.3,15,54026.35,15,75,345765
BANKNIFTY-II.NFO,16/12/2024,09:37:40,54029.75,54029.2,150,54030,30,75,345765
BANKNIFTY-II.NFO,16/12/2024,09:37:42,54026.05,54026.45,135,54030,30,45,345765
BANKNIFTY-II.NFO,16/12/2024,09:37:44,54030,54028.85,60,54030,15,30,345765
BANKNIFTY-II.NFO,16/12/2024,09:37:45,54035,54035,15,54044,15,30,345765
BANKNIFTY-II.NFO,16/12/2024,09:37:47,54040.45,54036.95,30,54050,120,90,345765
BANKNIFTY-II.NFO,16/12/2024,09:37:49,54049.95,54034.1,30,54049.95,120,30,345765
BANKNIFTY-II.NFO,16/12/2024,09:37:50,54031.95,54032.05,15,54049.95,120,165,345765
BANKNIFTY-II.NFO,16/12/2024,09:37:52,54045.45,54034.05,15,54045.45,120,45,345765
BANKNIFTY-II.NFO,16/12/2024,09:37:54,54049.95,54030.05,15,54044.9,105,105,345765
BANKNIFTY-II.NFO,16/12/2024,09:37:55,54036.05,54040.05,15,54049.95,105,15,345765
BANKNIFTY-II.NFO,16/12/2024,09:37:57,54036.05,54038.05,15,54049.95,105,0,345765
BANKNIFTY-II.NFO,16/12/2024,09:37:59,54034.05,54034.05,15,54048.45,105,30,345765
BANKNIFTY-II.NFO,16/12/2024,09:38:00,54034.05,54040.05,15,54049.95,105,0,345765
BANKNIFTY-II.NFO,16/12/2024,09:38:02,54049.3,54032.05,15,54049.95,90,15,345765
BANKNIFTY-II.NFO,16/12/2024,09:38:04,54049.3,54036.05,15,54049.95,90,0,345765
BANKNIFTY-II.NFO,16/12/2024,09:38:05,54050,54036.1,120,54050,105,30,345765
BANKNIFTY-II.NFO,16/12/2024,09:38:07,54050,54036.05,15,54049.25,90,30,345765
BANKNIFTY-II.NFO,16/12/2024,09:38:09,54050,54038.05,15,54049.25,90,0,345765
BANKNIFTY-II.NFO,16/12/2024,09:38:10,54038.05,54028.1,150,54049.25,105,15,345765
BANKNIFTY-II.NFO,16/12/2024,09:38:12,54038.05,54028.05,15,54043.15,90,0,345765
BANKNIFTY-II.NFO,16/12/2024,09:38:13,54046.45,54024.4,120,54046.45,60,30,345765
BANKNIFTY-II.NFO,16/12/2024,09:38:15,54028.05,54032.05,15,54047.05,60,15,345765
BANKNIFTY-II.NFO,16/12/2024,09:38:17,54028.05,54026.05,15,54041.85,60,0,345765
BANKNIFTY-II.NFO,16/12/2024,09:38:18,54028.05,54022.05,15,54038.6,60,0,345765
BANKNIFTY-II.NFO,16/12/2024,09:38:20,54028.05,54026.05,15,54040.85,60,0,345765
BANKNIFTY-II.NFO,16/12/2024,09:38:22,54028.05,54024.05,15,54040.85,60,0,345765
BANKNIFTY-II.NFO,16/12/2024,09:38:23,54028.05,54030,15,54044.55,60,0,345765
BANKNIFTY-II.NFO,16/12/2024,09:38:25,54028.05,54030,15,54041,60,0,345765
BANKNIFTY-II.NFO,16/12/2024,09:38:27,54028.05,54024.05,15,54039.5,60,30,345765
BANKNIFTY-II.NFO,16/12/2024,09:38:28,54022.05,54028.05,15,54037.1,60,45,345765
BANKNIFTY-II.NFO,16/12/2024,09:38:30,54022.05,54011.4,30,54020,210,0,345765
BANKNIFTY-II.NFO,16/12/2024,09:38:32,54020,54010.3,135,54020,180,45,345765
BANKNIFTY-II.NFO,16/12/2024,09:38:33,54020,54012.9,135,54020,150,30,345765
BANKNIFTY-II.NFO,16/12/2024,09:38:35,54020,54016.1,135,54035.9,60,150,345765
BANKNIFTY-II.NFO,16/12/2024,09:38:37,54020,54016.1,120,54035.65,60,0,345765
BANKNIFTY-II.NFO,16/12/2024,09:38:39,54020,54008.3,150,54030.3,60,0,345765
BANKNIFTY-II.NFO,16/12/2024,09:38:40,54020,54025,135,54029.35,60,15,345765
BANKNIFTY-II.NFO,16/12/2024,09:38:42,54025,54010,15,54022.25,60,135,345765
BANKNIFTY-II.NFO,16/12/2024,09:38:44,54025,54014.05,15,54027.75,60,0,345765
BANKNIFTY-II.NFO,16/12/2024,09:38:45,54025,54010.1,120,54028.4,60,0,345765
BANKNIFTY-II.NFO,16/12/2024,09:38:47,54025,54010,15,54027,60,0,345765
BANKNIFTY-II.NFO,16/12/2024,09:38:49,54025,54012.85,120,54029.95,60,0,345765
BANKNIFTY-II.NFO,16/12/2024,09:38:50,54025,54010.25,120,54029.95,60,0,345765
BANKNIFTY-II.NFO,16/12/2024,09:38:52,54025,54016.05,15,54029.95,60,0,345765
BANKNIFTY-II.NFO,16/12/2024,09:38:54,54025,54010.1,120,54025,15,0,345765
BANKNIFTY-II.NFO,16/12/2024,09:38:55,54025,54010,15,54024.95,60,0,345765
BANKNIFTY-II.NFO,16/12/2024,09:38:57,54024.9,54010,15,54021.7,45,15,345765
BANKNIFTY-II.NFO,16/12/2024,09:38:58,54024.9,54010,15,54021.85,45,0,345765
BANKNIFTY-II.NFO,16/12/2024,09:39:00,54024.9,54010,15,54017.15,45,0,345765
BANKNIFTY-II.NFO,16/12/2024,09:39:02,54017.1,54010,15,54018.85,75,150,345765
BANKNIFTY-II.NFO,16/12/2024,09:39:03,54010,54002.05,135,54019.85,75,15,345765
BANKNIFTY-II.NFO,16/12/2024,09:39:05,54010,54004.05,15,54020.25,75,0,345765
BANKNIFTY-II.NFO,16/12/2024,09:39:07,54020,54006.1,120,54023.85,75,15,345765
BANKNIFTY-II.NFO,16/12/2024,09:39:08,54020,54006.05,15,54022.1,75,0,345765
BANKNIFTY-II.NFO,16/12/2024,09:39:10,54020,54010,45,54018,75,0,345765
BANKNIFTY-II.NFO,16/12/2024,09:39:12,54020,54010,45,54015.4,75,0,345765
BANKNIFTY-II.NFO,16/12/2024,09:39:13,54020,54010,45,54013.85,15,0,345765
BANKNIFTY-II.NFO,16/12/2024,09:39:15,54000,54000,15,54007.1,75,60,345765
BANKNIFTY-II.NFO,16/12/2024,09:39:17,54000,54000,15,54005.85,15,0,345765
BANKNIFTY-II.NFO,16/12/2024,09:39:18,54000,54000,15,54010.2,75,0,345765
BANKNIFTY-II.NFO,16/12/2024,09:39:20,54000,54000,15,54002.95,120,0,345765
BANKNIFTY-II.NFO,16/12/2024,09:39:22,54000,53986.05,15,53999.9,15,15,345765
BANKNIFTY-II.NFO,16/12/2024,09:39:23,54000,53980.1,120,53998.7,15,0,345765
BANKNIFTY-II.NFO,16/12/2024,09:39:25,54000,53988.05,15,54002.6,120,0,345765
BANKNIFTY-II.NFO,16/12/2024,09:39:27,54000,53990.05,15,54000,15,60,345765
BANKNIFTY-II.NFO,16/12/2024,09:39:28,54000,53986.1,135,54000,30,0,345765
BANKNIFTY-II.NFO,16/12/2024,09:39:30,54000,53986.8,135,54000,30,0,345765
BANKNIFTY-II.NFO,16/12/2024,09:39:32,54000,53989.7,120,54000,15,0,345765
BANKNIFTY-II.NFO,16/12/2024,09:39:33,54000,53990.5,120,54000,15,0,345765
BANKNIFTY-II.NFO,16/12/2024,09:39:35,54000,53986.3,120,54000,15,0,345765
BANKNIFTY-II.NFO,16/12/2024,09:39:37,54000,53979.8,120,53995,15,0,345765
BANKNIFTY-II.NFO,16/12/2024,09:39:38,54000,53979.4,135,53995.55,15,0,345765
BANKNIFTY-II.NFO,16/12/2024,09:39:40,54000,53982.5,120,54000,15,0,345765
BANKNIFTY-II.NFO,16/12/2024,09:39:42,54000,53984.6,120,54000,15,0,345765
BANKNIFTY-II.NFO,16/12/2024,09:39:43,54000,53982.5,120,53995.15,15,0,345765
BANKNIFTY-II.NFO,16/12/2024,09:39:45,54000,53984.1,120,53997.6,15,0,345765
BANKNIFTY-II.NFO,16/12/2024,09:39:47,54000,53986.4,120,54000,30,0,345765
BANKNIFTY-II.NFO,16/12/2024,09:39:48,54000,53988.5,150,53995,15,0,345765
BANKNIFTY-II.NFO,16/12/2024,09:39:50,53995,53982.55,120,53997.8,15,15,345420
BANKNIFTY-II.NFO,16/12/2024,09:39:52,53995,53984.15,120,53997,15,0,345420
BANKNIFTY-II.NFO,16/12/2024,09:39:53,53995,53983.15,120,53995.35,15,0,345420
BANKNIFTY-II.NFO,16/12/2024,09:39:55,53995,53988.1,120,54000.45,60,0,345420
BANKNIFTY-II.NFO,16/12/2024,09:39:57,53995,53979.1,120,53996.5,15,0,345420
BANKNIFTY-II.NFO,16/12/2024,09:39:58,53995,53980.8,120,53995.65,15,0,345420
BANKNIFTY-II.NFO,16/12/2024,09:40:00,53995,53992.1,120,54005.85,75,0,345420
BANKNIFTY-II.NFO,16/12/2024,09:40:02,53995,53997,120,54015.35,75,0,345420
BANKNIFTY-II.NFO,16/12/2024,09:40:03,53995,54008.1,120,54018.1,15,0,345420
BANKNIFTY-II.NFO,16/12/2024,09:40:05,54000.1,53998.6,150,54013,15,15,345420
BANKNIFTY-II.NFO,16/12/2024,09:40:07,54000.1,53992.1,120,54004.95,15,0,345420
BANKNIFTY-II.NFO,16/12/2024,09:40:08,54000.1,53998.1,120,54008,15,0,345420
BANKNIFTY-II.NFO,16/12/2024,09:40:10,53992,53992,150,54005.15,15,15,345420
BANKNIFTY-II.NFO,16/12/2024,09:40:12,54008,53988.4,120,54000.1,15,15,345420
BANKNIFTY-II.NFO,16/12/2024,09:40:13,53991.95,53996.1,120,54011.85,30,45,345420
BANKNIFTY-II.NFO,16/12/2024,09:40:15,53991.95,53996.05,15,54008.95,45,0,345420
BANKNIFTY-II.NFO,16/12/2024,09:40:17,53991.95,53996.1,120,54009.15,60,0,345420
BANKNIFTY-II.NFO,16/12/2024,09:40:18,53992.9,54000.05,15,54016.7,60,15,345420
BANKNIFTY-II.NFO,16/12/2024,09:40:20,53992.9,54004.05,15,54016.7,60,0,345420
BANKNIFTY-II.NFO,16/12/2024,09:40:22,53992.9,53996.35,150,54010.1,60,0,345420
BANKNIFTY-II.NFO,16/12/2024,09:40:23,53992.9,54006.05,15,54018.95,60,0,345420
BANKNIFTY-II.NFO,16/12/2024,09:40:25,53998.85,54002.1,120,54016.65,30,15,345420
BANKNIFTY-II.NFO,16/12/2024,09:40:27,53998.85,54000.3,120,54012.85,15,0,345420
BANKNIFTY-II.NFO,16/12/2024,09:40:28,53998.85,54002.1,120,54012.8,15,0,345420
BANKNIFTY-II.NFO,16/12/2024,09:40:30,53998.85,54006.1,120,54019,30,0,345420
BANKNIFTY-II.NFO,16/12/2024,09:40:32,53998.85,54006.05,15,54018.35,75,0,345420
BANKNIFTY-II.NFO,16/12/2024,09:40:33,53998.85,54010.1,120,54019,30,0,345420
BANKNIFTY-II.NFO,16/12/2024,09:40:35,54020,54018.6,120,54024.9,15,270,345420
BANKNIFTY-II.NFO,16/12/2024,09:40:37,54020,54018.1,120,54024.9,15,0,345420
BANKNIFTY-II.NFO,16/12/2024,09:40:38,54020,54020.3,120,54024.9,15,0,345420
BANKNIFTY-II.NFO,16/12/2024,09:40:40,54032.05,54030.05,15,54041.3,120,60,345420
BANKNIFTY-II.NFO,16/12/2024,09:40:42,54032.05,54036.1,120,54045,15,0,345420
BANKNIFTY-II.NFO,16/12/2024,09:40:43,54032.05,54023.7,120,54036.85,15,0,345420
BANKNIFTY-II.NFO,16/12/2024,09:40:45,54026.55,54034.05,15,54041.6,15,15,345420
BANKNIFTY-II.NFO,16/12/2024,09:40:47,54043.8,54036.05,15,54042.6,15,30,345420
BANKNIFTY-II.NFO,16/12/2024,09:40:48,54043.8,54034.05,15,54044.25,15,0,345420
BANKNIFTY-II.NFO,16/12/2024,09:40:50,54043.8,54032.05,15,54042.7,15,0,345420
BANKNIFTY-II.NFO,16/12/2024,09:40:52,54030.1,54028.1,120,54040.2,15,15,345420
BANKNIFTY-II.NFO,16/12/2024,09:40:54,54030.1,54030.05,15,54037.8,15,0,345420
BANKNIFTY-II.NFO,16/12/2024,09:40:55,54043.75,54032.05,15,54043.75,105,75,345420
BANKNIFTY-II.NFO,16/12/2024,09:40:57,54043.75,54034.1,15,54043.65,120,15,345420
BANKNIFTY-II.NFO,16/12/2024,09:40:58,54043.75,54034.1,15,54043.65,90,0,345420
BANKNIFTY-II.NFO,16/12/2024,09:41:00,54043.65,54043.65,15,54043.7,15,15,345420
BANKNIFTY-II.NFO,16/12/2024,09:41:02,54036.05,54034.15,15,54043.8,15,30,345420
BANKNIFTY-II.NFO,16/12/2024,09:41:03,54036.05,54034.15,15,54043.8,15,0,345420
BANKNIFTY-II.NFO,16/12/2024,09:41:05,54048.05,54040.1,120,54049.3,15,45,345420
BANKNIFTY-II.NFO,16/12/2024,09:41:07,54050,54049.3,15,54050,135,30,345420
BANKNIFTY-II.NFO,16/12/2024,09:41:08,54045.05,54038.1,15,54049.95,75,30,345420
BANKNIFTY-II.NFO,16/12/2024,09:41:10,54045.05,54043.8,15,54049.95,75,0,345420
BANKNIFTY-II.NFO,16/12/2024,09:41:12,54043.8,54038.1,15,54049.85,75,45,345420
BANKNIFTY-II.NFO,16/12/2024,09:41:13,54043.8,54038.1,15,54049.3,45,0,345420
BANKNIFTY-II.NFO,16/12/2024,09:41:15,54043.8,54038.1,15,54046.7,45,0,345420
BANKNIFTY-II.NFO,16/12/2024,09:41:17,54043.8,54038.1,15,54049.75,45,0,345420
BANKNIFTY-II.NFO,16/12/2024,09:41:18,54043.8,54040.05,15,54048.8,15,0,345420
BANKNIFTY-II.NFO,16/12/2024,09:41:20,54043.8,54038.05,15,54049.75,45,0,345420
BANKNIFTY-II.NFO,16/12/2024,09:41:22,54049.75,54034.05,15,54047.35,30,15,345420
BANKNIFTY-II.NFO,16/12/2024,09:41:23,54049.75,54032.1,75,54045.55,30,0,345420
BANKNIFTY-II.NFO,16/12/2024,09:41:25,54049.75,54030.15,75,54045.55,75,0,345420
BANKNIFTY-II.NFO,16/12/2024,09:41:27,54049.75,54034.05,15,54048.65,60,0,345420
BANKNIFTY-II.NFO,16/12/2024,09:41:28,54046.2,54032.1,75,54046.2,15,15,345420
BANKNIFTY-II.NFO,16/12/2024,09:41:30,54046.2,54034.6,165,54046.25,15,0,345420
BANKNIFTY-II.NFO,16/12/2024,09:41:32,54034.6,54036.6,150,54046.25,15,105,345420
BANKNIFTY-II.NFO,16/12/2024,09:41:33,54035.35,54034.55,120,54046.25,15,15,345420
BANKNIFTY-II.NFO,16/12/2024,09:41:35,54035.35,54034.05,15,54046.25,15,0,345420
BANKNIFTY-II.NFO,16/12/2024,09:41:37,54035.35,54036.6,120,54046.25,15,15,345420
BANKNIFTY-II.NFO,16/12/2024,09:41:38,54035.35,54034,165,54046.25,15,0,345420
BANKNIFTY-II.NFO,16/12/2024,09:41:40,54035.35,54036.1,120,54046.25,15,0,345420
BANKNIFTY-II.NFO,16/12/2024,09:41:42,54046.25,54035.9,120,54049.75,15,15,345420
BANKNIFTY-II.NFO,16/12/2024,09:41:43,54046.25,54038.1,120,54049.75,15,0,345420
BANKNIFTY-II.NFO,16/12/2024,09:41:45,54046.25,54042.35,135,54049.75,15,0,345420
BANKNIFTY-II.NFO,16/12/2024,09:41:47,54046.25,54041.2,120,54049.75,15,0,345420
BANKNIFTY-II.NFO,16/12/2024,09:41:50,54046.25,54044.2,120,54049.75,15,0,345420
BANKNIFTY-II.NFO,16/12/2024,09:41:52,54050.4,54055.05,120,54060,15,150,345420
BANKNIFTY-II.NFO,16/12/2024,09:41:53,54073.5,54061.1,120,54073.5,495,75,345420
BANKNIFTY-II.NFO,16/12/2024,09:41:53,54073.5,54061.1,120,54073.5,495,0,345420
BANKNIFTY-II.NFO,16/12/2024,09:41:55,54060.25,54060.15,90,54073.5,495,45,345420
BANKNIFTY-II.NFO,16/12/2024,09:41:57,54073.45,54059.3,60,54073.5,495,15,345420
BANKNIFTY-II.NFO,16/12/2024,09:41:58,54073.45,54062.1,105,54073.5,495,0,345420
BANKNIFTY-II.NFO,16/12/2024,09:42:00,54073.5,54068.3,105,54073.5,375,120,345420
BANKNIFTY-II.NFO,16/12/2024,09:42:02,54087.95,54080,15,54090,75,420,345420
BANKNIFTY-II.NFO,16/12/2024,09:42:02,54087.95,54080,15,54090,75,0,345420
BANKNIFTY-II.NFO,16/12/2024,09:42:03,54090,54089.55,15,54090,30,45,345420
BANKNIFTY-II.NFO,16/12/2024,09:42:03,54090,54089.55,15,54090,30,0,345420
BANKNIFTY-II.NFO,16/12/2024,09:42:05,54097,54088.8,105,54099,120,75,345420
BANKNIFTY-II.NFO,16/12/2024,09:42:05,54097,54088.8,105,54099,120,0,345420
BANKNIFTY-II.NFO,16/12/2024,09:42:07,54100,54088.1,75,54105.9,150,315,345420
BANKNIFTY-II.NFO,16/12/2024,09:42:07,54100,54088.1,75,54105.9,150,0,345420
BANKNIFTY-II.NFO,16/12/2024,09:42:08,54092.1,54094.95,30,54111,120,75,345420
BANKNIFTY-II.NFO,16/12/2024,09:42:08,54107.75,54094.95,30,54111,120,0,345420
BANKNIFTY-II.NFO,16/12/2024,09:42:10,54115.35,54101.15,105,54119.65,120,45,345420
BANKNIFTY-II.NFO,16/12/2024,09:42:10,54115.35,54101.15,105,54119.65,120,0,345420
BANKNIFTY-II.NFO,16/12/2024,09:42:12,54103,54102.1,90,54119.3,135,30,345420
BANKNIFTY-II.NFO,16/12/2024,09:42:13,54103,54102.05,15,54118.55,120,0,345420
BANKNIFTY-II.NFO,16/12/2024,09:42:15,54103,54102.05,15,54116.75,120,0,345420
BANKNIFTY-II.NFO,16/12/2024,09:42:17,54115.2,54103.05,90,54119.7,120,45,345420
BANKNIFTY-II.NFO,16/12/2024,09:42:18,54115.2,54104.5,90,54117.3,30,0,345420
BANKNIFTY-II.NFO,16/12/2024,09:42:20,54115.2,54117.3,30,54119.75,15,0,345420
BANKNIFTY-II.NFO,16/12/2024,09:42:21,54122,54115.25,15,54122,15,30,345420
BANKNIFTY-II.NFO,16/12/2024,09:42:21,54122,54115.25,15,54122,15,0,345420
BANKNIFTY-II.NFO,16/12/2024,09:42:23,54122,54115.25,15,54122,15,0,345420
BANKNIFTY-II.NFO,16/12/2024,09:42:25,54122,54115.25,15,54120.45,30,15,345420
BANKNIFTY-II.NFO,16/12/2024,09:42:26,54120.45,54109.1,30,54119.6,30,45,345420
BANKNIFTY-II.NFO,16/12/2024,09:42:28,54119.55,54109.95,75,54115,15,30,345420
BANKNIFTY-II.NFO,16/12/2024,09:42:30,54119.55,54110.5,75,54115,15,0,345420
BANKNIFTY-II.NFO,16/12/2024,09:42:31,54108.6,54104.8,60,54115,15,15,345420
BANKNIFTY-II.NFO,16/12/2024,09:42:33,54115,54106.1,60,54115.2,15,15,345420
BANKNIFTY-II.NFO,16/12/2024,09:42:35,54119.55,54115.8,45,54120,60,105,345420
BANKNIFTY-II.NFO,16/12/2024,09:42:36,54113.45,54108.45,15,54119.5,30,90,345420
BANKNIFTY-II.NFO,16/12/2024,09:42:38,54104.3,54105.25,150,54116.8,15,165,345420
BANKNIFTY-II.NFO,16/12/2024,09:42:40,54104.3,54105.45,150,54116.8,15,0,345420
BANKNIFTY-II.NFO,16/12/2024,09:42:41,54116.75,54103.2,15,54116.8,15,15,345135
BANKNIFTY-II.NFO,16/12/2024,09:42:43,54116.75,54103,90,54113.5,120,0,345135
BANKNIFTY-II.NFO,16/12/2024,09:42:45,54087.35,54087.15,30,54093,15,300,345135
BANKNIFTY-II.NFO,16/12/2024,09:42:46,54091,54090.05,15,54102.55,30,15,345135
BANKNIFTY-II.NFO,16/12/2024,09:42:48,54103.2,54093.25,15,54107.9,120,60,345135
BANKNIFTY-II.NFO,16/12/2024,09:42:50,54109.95,54092.85,120,54109.9,105,165,345135
BANKNIFTY-II.NFO,16/12/2024,09:42:51,54109.95,54096.25,120,54110.15,30,0,345135
BANKNIFTY-II.NFO,16/12/2024,09:42:53,54109.95,54095.9,150,54106.8,30,0,345135
BANKNIFTY-II.NFO,16/12/2024,09:42:55,54093.55,54091.6,120,54103.2,15,15,345135
BANKNIFTY-II.NFO,16/12/2024,09:42:56,54103.2,54095.75,120,54107.9,30,15,345135
BANKNIFTY-II.NFO,16/12/2024,09:42:58,54103.2,54100.25,120,54113.95,15,0,345135
BANKNIFTY-II.NFO,16/12/2024,09:43:00,54115,54115,15,54116.8,15,30,345135
BANKNIFTY-II.NFO,16/12/2024,09:43:01,54112.6,54115,105,54120,30,45,345135
BANKNIFTY-II.NFO,16/12/2024,09:43:03,54115,54105.15,60,54119.1,75,60,345135
BANKNIFTY-II.NFO,16/12/2024,09:43:05,54115,54116.8,30,54120,30,0,345135
BANKNIFTY-II.NFO,16/12/2024,09:43:06,54120,54112.5,150,54120.45,15,30,345135
BANKNIFTY-II.NFO,16/12/2024,09:43:08,54120,54110.45,60,54120.45,15,0,345135
BANKNIFTY-II.NFO,16/12/2024,09:43:10,54125,54121.6,60,54135.95,15,30,345135
BANKNIFTY-II.NFO,16/12/2024,09:43:10,54125,54121.6,60,54135.95,15,0,345135
BANKNIFTY-II.NFO,16/12/2024,09:43:11,54120.45,54120.45,15,54130.55,30,15,345135
BANKNIFTY-II.NFO,16/12/2024,09:43:13,54120.45,54120.45,15,54130.1,135,0,345135
BANKNIFTY-II.NFO,16/12/2024,09:43:15,54120.45,54123.15,60,54134.6,75,0,345135
BANKNIFTY-II.NFO,16/12/2024,09:43:17,54116.6,54115,15,54129.25,120,150,345135
BANKNIFTY-II.NFO,16/12/2024,09:43:17,54135.9,54115,15,54129.25,120,0,345135
BANKNIFTY-II.NFO,16/12/2024,09:43:18,54116.6,54115.05,150,54121,15,0,345135
BANKNIFTY-II.NFO,16/12/2024,09:43:20,54117.6,54119.15,15,54133.05,60,165,345135
BANKNIFTY-II.NFO,16/12/2024,09:43:22,54129.95,54122.25,30,54135.95,15,195,345135
BANKNIFTY-II.NFO,16/12/2024,09:43:23,54132.45,54132.7,90,54140,60,60,345135
BANKNIFTY-II.NFO,16/12/2024,09:43:23,54139.9,54132.7,90,54140,60,0,345135
BANKNIFTY-II.NFO,16/12/2024,09:43:25,54140,54135,150,54148.8,15,210,345135
BANKNIFTY-II.NFO,16/12/2024,09:43:25,54140,54135,150,54148.8,15,0,345135
BANKNIFTY-II.NFO,16/12/2024,09:43:27,54135,54135,60,54143.1,15,150,345135
BANKNIFTY-II.NFO,16/12/2024,09:43:27,54148.75,54135,60,54143.1,15,0,345135
BANKNIFTY-II.NFO,16/12/2024,09:43:28,54135,54135,45,54142.8,30,15,345135
BANKNIFTY-II.NFO,16/12/2024,09:43:30,54135,54135,45,54148.8,15,0,345135
BANKNIFTY-II.NFO,16/12/2024,09:43:32,54131.7,54131.3,15,54148.75,30,585,345135
BANKNIFTY-II.NFO,16/12/2024,09:43:32,54148.8,54131.3,15,54148.75,30,0,345135
BANKNIFTY-II.NFO,16/12/2024,09:43:33,54150,54148.8,15,54150,465,135,345135
BANKNIFTY-II.NFO,16/12/2024,09:43:33,54150,54148.8,15,54150,465,0,345135
BANKNIFTY-II.NFO,16/12/2024,09:43:35,54150,54141,30,54150,195,345,345135
BANKNIFTY-II.NFO,16/12/2024,09:43:37,54154,54154,15,54160,45,225,345135
BANKNIFTY-II.NFO,16/12/2024,09:43:37,54154,54154,15,54160,45,0,345135
BANKNIFTY-II.NFO,16/12/2024,09:43:38,54160,54150.05,15,54164.4,15,150,345135
BANKNIFTY-II.NFO,16/12/2024,09:43:38,54160,54150.05,15,54164.4,15,0,345135
BANKNIFTY-II.NFO,16/12/2024,09:43:40,54162,54150.05,15,54161.7,135,105,345135
BANKNIFTY-II.NFO,16/12/2024,09:43:40,54163.1,54150.05,15,54161.7,135,0,345135
BANKNIFTY-II.NFO,16/12/2024,09:43:42,54162,54147.7,15,54160.45,120,0,345135
BANKNIFTY-II.NFO,16/12/2024,09:43:43,54142.05,54144.1,90,54161.3,135,30,345135
BANKNIFTY-II.NFO,16/12/2024,09:43:45,54142.05,54139.4,30,54155.25,120,0,345135
BANKNIFTY-II.NFO,16/12/2024,09:43:47,54140.1,54140.1,90,54155.75,135,60,345135
BANKNIFTY-II.NFO,16/12/2024,09:43:48,54140.1,54138.1,90,54155.1,135,0,345135
BANKNIFTY-II.NFO,16/12/2024,09:43:50,54142.1,54138.15,60,54153.35,135,30,345135
BANKNIFTY-II.NFO,16/12/2024,09:43:52,54154.25,54142.05,15,54155.1,165,45,345135
BANKNIFTY-II.NFO,16/12/2024,09:43:53,54152.55,54152.55,15,54153.95,30,105,345135
BANKNIFTY-II.NFO,16/12/2024,09:43:55,54146.1,54148.1,75,54157.6,60,120,345135
BANKNIFTY-II.NFO,16/12/2024,09:43:57,54157.6,54146.05,15,54157.85,30,60,345135
BANKNIFTY-II.NFO,16/12/2024,09:43:58,54154.35,54144.05,15,54159.55,135,210,345135
BANKNIFTY-II.NFO,16/12/2024,09:44:00,54157.5,54147.5,75,54160,30,45,345135
BANKNIFTY-II.NFO,16/12/2024,09:44:02,54160,54148.5,75,54156.5,30,165,345135
BANKNIFTY-II.NFO,16/12/2024,09:44:03,54161.95,54150,60,54153.65,30,45,345135
BANKNIFTY-II.NFO,16/12/2024,09:44:05,54155,54150,60,54154.15,30,60,345135
BANKNIFTY-II.NFO,16/12/2024,09:44:07,54150,54153.65,15,54159.95,120,165,345135
BANKNIFTY-II.NFO,16/12/2024,09:44:08,54150,54150,30,54153.7,60,210,345135
BANKNIFTY-II.NFO,16/12/2024,09:44:10,54153.7,54150,30,54154.9,15,45,345135
BANKNIFTY-II.NFO,16/12/2024,09:44:12,54157.85,54140.35,30,54151.85,15,525,345135
BANKNIFTY-II.NFO,16/12/2024,09:44:13,54157.15,54141.7,15,54152.15,30,120,345135
BANKNIFTY-II.NFO,16/12/2024,09:44:15,54154.85,54140.05,15,54154.85,165,120,345135
BANKNIFTY-II.NFO,16/12/2024,09:44:17,54140,54140,30,54143.35,30,150,345135
BANKNIFTY-II.NFO,16/12/2024,09:44:18,54152,54140,30,54145,15,90,345135
BANKNIFTY-II.NFO,16/12/2024,09:44:20,54150.65,54150.65,15,54150.8,15,45,345135
BANKNIFTY-II.NFO,16/12/2024,09:44:22,54156.7,54143.8,120,54157.15,15,30,345135
BANKNIFTY-II.NFO,16/12/2024,09:44:23,54152.3,54142.2,120,54152,15,105,345135
BANKNIFTY-II.NFO,16/12/2024,09:44:25,54152.3,54142.15,30,54151.95,30,0,345135
BANKNIFTY-II.NFO,16/12/2024,09:44:27,54149,54151.45,120,54157.15,15,30,345135
BANKNIFTY-II.NFO,16/12/2024,09:44:28,54161.8,54162.15,120,54170,15,135,345135
BANKNIFTY-II.NFO,16/12/2024,09:44:28,54164.4,54162.15,120,54170,15,0,345135
BANKNIFTY-II.NFO,16/12/2024,09:44:30,54169.7,54167,120,54173,450,105,345135
BANKNIFTY-II.NFO,16/12/2024,09:44:30,54170,54167,120,54173,450,0,345135
BANKNIFTY-II.NFO,16/12/2024,09:44:32,54164.25,54164.15,120,54170.1,30,165,345135
BANKNIFTY-II.NFO,16/12/2024,09:44:32,54173,54164.15,120,54170.1,30,0,345135
BANKNIFTY-II.NFO,16/12/2024,09:44:33,54173,54164.15,120,54173,255,75,345135
BANKNIFTY-II.NFO,16/12/2024,09:44:35,54158.65,54154.75,75,54169.25,135,180,345135
BANKNIFTY-II.NFO,16/12/2024,09:44:37,54158.55,54158.55,105,54170,15,90,345135
BANKNIFTY-II.NFO,16/12/2024,09:44:38,54165.4,54156.15,15,54165.35,30,30,345135
BANKNIFTY-II.NFO,16/12/2024,09:44:40,54165.4,54157.75,75,54169.95,135,90,345135
BANKNIFTY-II.NFO,16/12/2024,09:44:42,54155.45,54154.15,15,54168.85,150,30,345135
BANKNIFTY-II.NFO,16/12/2024,09:44:43,54156.4,54153.6,75,54164.45,120,60,345135
BANKNIFTY-II.NFO,16/12/2024,09:44:45,54161.55,54152.05,15,54163,120,15,345135
BANKNIFTY-II.NFO,16/12/2024,09:44:47,54161.55,54150.05,15,54156.5,30,0,345135
BANKNIFTY-II.NFO,16/12/2024,09:44:48,54169.8,54162.05,15,54169.9,15,75,345135
BANKNIFTY-II.NFO,16/12/2024,09:44:50,54164.05,54161.55,15,54172.95,120,75,345135
BANKNIFTY-II.NFO,16/12/2024,09:44:52,54169,54169,15,54173,210,45,345135
BANKNIFTY-II.NFO,16/12/2024,09:44:53,54173,54164.1,120,54173,150,75,345135
BANKNIFTY-II.NFO,16/12/2024,09:44:55,54173,54161.55,15,54167,15,15,345135
BANKNIFTY-II.NFO,16/12/2024,09:44:57,54173,54167.55,15,54173,120,60,345135
BANKNIFTY-II.NFO,16/12/2024,09:44:58,54173,54165.25,75,54175,15,210,345135
BANKNIFTY-II.NFO,16/12/2024,09:45:00,54175,54170,45,54176.7,60,60,345135
BANKNIFTY-II.NFO,16/12/2024,09:45:00,54175,54170,45,54176.7,60,0,345135
BANKNIFTY-II.NFO,16/12/2024,09:45:02,54172.9,54161.55,15,54169.7,60,90,345135
BANKNIFTY-II.NFO,16/12/2024,09:45:02,54176.7,54161.55,15,54169.7,60,0,345135
BANKNIFTY-II.NFO,16/12/2024,09:45:03,54173.4,54166.45,75,54178.9,120,60,345135
BANKNIFTY-II.NFO,16/12/2024,09:45:05,54175.85,54169.25,75,54180,30,60,345135
BANKNIFTY-II.NFO,16/12/2024,09:45:07,54184.9,54184.9,15,54185,210,195,345135
BANKNIFTY-II.NFO,16/12/2024,09:45:07,54184.9,54184.9,15,54185,210,0,345135
BANKNIFTY-II.NFO,16/12/2024,09:45:08,54182.05,54184.05,15,54190,165,240,345135
BANKNIFTY-II.NFO,16/12/2024,09:45:08,54185,54184.05,15,54190,165,0,345135
BANKNIFTY-II.NFO,16/12/2024,09:45:10,54190,54182.05,15,54190,150,45,345135
BANKNIFTY-II.NFO,16/12/2024,09:45:10,54190,54182.05,15,54190,150,0,345135
BANKNIFTY-II.NFO,16/12/2024,09:45:11,54190,54185.55,15,54190,15,135,345135
BANKNIFTY-II.NFO,16/12/2024,09:45:13,54195,54190.05,15,54194.75,15,135,345135
BANKNIFTY-II.NFO,16/12/2024,09:45:13,54195,54190.05,15,54194.75,15,0,345135
BANKNIFTY-II.NFO,16/12/2024,09:45:15,54198,54194.05,15,54198,45,120,345135
BANKNIFTY-II.NFO,16/12/2024,09:45:15,54198,54194.05,15,54198,45,0,345135
BANKNIFTY-II.NFO,16/12/2024,09:45:16,54199,54197,15,54200,780,135,345135
BANKNIFTY-II.NFO,16/12/2024,09:45:16,54199,54197,15,54200,780,0,345135
BANKNIFTY-II.NFO,16/12/2024,09:45:18,54200,54197,15,54200,690,75,345135
BANKNIFTY-II.NFO,16/12/2024,09:45:18,54200,54197,15,54200,690,0,345135
BANKNIFTY-II.NFO,16/12/2024,09:45:20,54200,54197,15,54200,570,120,345135
BANKNIFTY-II.NFO,16/12/2024,09:45:21,54197.6,54195,15,54200,525,90,345135
BANKNIFTY-II.NFO,16/12/2024,09:45:23,54192.4,54184.05,15,54192.3,75,495,345135
BANKNIFTY-II.NFO,16/12/2024,09:45:25,54182.8,54168.25,15,54178.85,60,645,345135
BANKNIFTY-II.NFO,16/12/2024,09:45:27,54184.85,54168.3,75,54175.45,15,105,345135
BANKNIFTY-II.NFO,16/12/2024,09:45:28,54175.85,54166.3,75,54175.9,30,135,345135
BANKNIFTY-II.NFO,16/12/2024,09:45:30,54175.9,54172.45,75,54186.9,30,105,345135
BANKNIFTY-II.NFO,16/12/2024,09:45:32,54173.2,54166.15,15,54173.15,15,60,345135
BANKNIFTY-II.NFO,16/12/2024,09:45:33,54170.3,54170.3,60,54172.35,30,75,345135
BANKNIFTY-II.NFO,16/12/2024,09:45:35,54160,54150,45,54165.55,45,165,345135
BANKNIFTY-II.NFO,16/12/2024,09:45:37,54160.05,54158.05,15,54171.9,45,60,345135
BANKNIFTY-II.NFO,16/12/2024,09:45:38,54160.05,54154.05,15,54172.05,45,75,345135
BANKNIFTY-II.NFO,16/12/2024,09:45:40,54158.05,54162.05,15,54171.05,15,15,345135
BANKNIFTY-II.NFO,16/12/2024,09:45:42,54170.9,54159.85,15,54171.05,15,75,344205
BANKNIFTY-II.NFO,16/12/2024,09:45:43,54172.35,54162.05,15,54173.15,15,45,344205
BANKNIFTY-II.NFO,16/12/2024,09:45:45,54152.1,54156,15,54164.6,15,150,344205
BANKNIFTY-II.NFO,16/12/2024,09:45:47,54152.05,54150.7,15,54169.8,30,165,344205
BANKNIFTY-II.NFO,16/12/2024,09:45:48,54158.05,54150,45,54159.85,30,30,344205
BANKNIFTY-II.NFO,16/12/2024,09:45:50,54163.05,54150,45,54161.75,60,60,344205
BANKNIFTY-II.NFO,16/12/2024,09:45:52,54158,54158,30,54160,15,30,344205
BANKNIFTY-II.NFO,16/12/2024,09:45:53,54164.35,54150.2,30,54164.65,60,90,344205
BANKNIFTY-II.NFO,16/12/2024,09:45:55,54164.35,54150.05,15,54164.65,75,0,344205
BANKNIFTY-II.NFO,16/12/2024,09:45:57,54154.05,54154.05,15,54164.65,60,15,344205
BANKNIFTY-II.NFO,16/12/2024,09:45:58,54154.05,54150,60,54159.7,15,0,344205
BANKNIFTY-II.NFO,16/12/2024,09:46:02,54160.3,54150,60,54163.05,15,135,344205
BANKNIFTY-II.NFO,16/12/2024,09:46:03,54160.3,54150.05,15,54164,60,0,344205
BANKNIFTY-II.NFO,16/12/2024,09:46:05,54163.25,54155,15,54163.95,15,45,344205
BANKNIFTY-II.NFO,16/12/2024,09:46:07,54152.85,54152.1,120,54161.75,30,90,344205
BANKNIFTY-II.NFO,16/12/2024,09:46:08,54161.75,54152.1,120,54162.35,60,60,344205
BANKNIFTY-II.NFO,16/12/2024,09:46:10,54163.65,54150,90,54155.3,30,60,344205
BANKNIFTY-II.NFO,16/12/2024,09:46:12,54164,54152.05,15,54163.65,15,150,344205
BANKNIFTY-II.NFO,16/12/2024,09:46:13,54150.25,54152.05,60,54161.55,30,90,344205
BANKNIFTY-II.NFO,16/12/2024,09:46:15,54152.05,54152.05,45,54160.2,30,75,344205
BANKNIFTY-II.NFO,16/12/2024,09:46:17,54160.25,54162.2,45,54169.45,30,60,344205
BANKNIFTY-II.NFO,16/12/2024,09:46:18,54169.2,54164.05,15,54173.15,15,120,344205
BANKNIFTY-II.NFO,16/12/2024,09:46:20,54164.05,54158.1,135,54169.2,45,15,344205
BANKNIFTY-II.NFO,16/12/2024,09:46:22,54169.2,54162.1,135,54170,15,60,344205
BANKNIFTY-II.NFO,16/12/2024,09:46:23,54173.15,54173.15,30,54173.2,15,30,344205
BANKNIFTY-II.NFO,16/12/2024,09:46:25,54173.2,54169.2,15,54176.45,15,15,344205
BANKNIFTY-II.NFO,16/12/2024,09:46:27,54174.3,54174.3,30,54181,15,45,344205
BANKNIFTY-II.NFO,16/12/2024,09:46:28,54172,54172,30,54181,45,60,344205
BANKNIFTY-II.NFO,16/12/2024,09:46:30,54175,54169.2,15,54180.8,15,105,344205
BANKNIFTY-II.NFO,16/12/2024,09:46:32,54175,54171.45,150,54178.65,30,0,344205
BANKNIFTY-II.NFO,16/12/2024,09:46:33,54180.75,54171.5,120,54181,15,75,344205
BANKNIFTY-II.NFO,16/12/2024,09:46:35,54174.3,54171.45,150,54179.05,30,15,344205
BANKNIFTY-II.NFO,16/12/2024,09:46:37,54169.2,54164.35,15,54172.75,15,165,344205
BANKNIFTY-II.NFO,16/12/2024,09:46:38,54168.5,54164.35,15,54167.3,15,105,344205
BANKNIFTY-II.NFO,16/12/2024,09:46:40,54168.5,54164.35,15,54167.85,15,0,344205
BANKNIFTY-II.NFO,16/12/2024,09:46:42,54158.1,54154.1,75,54167.6,90,120,344205
BANKNIFTY-II.NFO,16/12/2024,09:46:43,54158.1,54151.25,120,54159.9,30,0,344205
BANKNIFTY-II.NFO,16/12/2024,09:46:45,54158.1,54157.4,75,54169.2,15,0,344205
BANKNIFTY-II.NFO,16/12/2024,09:46:47,54162.4,54154.05,120,54164.25,15,30,344205
BANKNIFTY-II.NFO,16/12/2024,09:46:48,54153.35,54153.6,75,54158.7,30,15,344205
BANKNIFTY-II.NFO,16/12/2024,09:46:50,54153.35,54150.05,120,54158.6,15,0,344205
BANKNIFTY-II.NFO,16/12/2024,09:46:52,54153.35,54150,165,54158.6,15,0,344205
BANKNIFTY-II.NFO,16/12/2024,09:46:53,54150,54144.1,120,54154.55,15,165,344205
BANKNIFTY-II.NFO,16/12/2024,09:46:55,54140,54140.45,75,54150,285,330,344205
BANKNIFTY-II.NFO,16/12/2024,09:46:57,54140,54131.2,105,54142.75,150,0,344205
BANKNIFTY-II.NFO,16/12/2024,09:46:58,54116.6,54114.65,75,54119.2,15,300,344205
BANKNIFTY-II.NFO,16/12/2024,09:47:00,54116.2,54129.5,75,54144.4,60,15,344205
BANKNIFTY-II.NFO,16/12/2024,09:47:02,54122.25,54123.3,75,54130,15,45,344205
BANKNIFTY-II.NFO,16/12/2024,09:47:03,54122.05,54117.5,30,54133.05,15,375,344205
BANKNIFTY-II.NFO,16/12/2024,09:47:05,54122.05,54120.85,30,54132.1,15,0,344205
BANKNIFTY-II.NFO,16/12/2024,09:47:07,54122.05,54128.9,165,54147.65,30,0,344205
BANKNIFTY-II.NFO,16/12/2024,09:47:08,54128.95,54128.05,15,54145.85,120,30,344205
BANKNIFTY-II.NFO,16/12/2024,09:47:10,54126.1,54122.05,15,54133.45,15,30,344205
BANKNIFTY-II.NFO,16/12/2024,09:47:12,54126.85,54122.1,30,54132.55,15,15,344205
BANKNIFTY-II.NFO,16/12/2024,09:47:13,54128,54126.85,135,54136.8,15,15,344205
BANKNIFTY-II.NFO,16/12/2024,09:47:15,54128,54132.65,120,54140,60,0,344205
BANKNIFTY-II.NFO,16/12/2024,09:47:17,54140,54137.8,75,54140,45,75,344205
BANKNIFTY-II.NFO,16/12/2024,09:47:18,54133.8,54132.65,75,54145.1,15,120,344205
BANKNIFTY-II.NFO,16/12/2024,09:47:20,54132.15,54129.95,30,54142.1,30,15,344205
BANKNIFTY-II.NFO,16/12/2024,09:47:22,54128.85,54124.85,60,54133.8,30,45,344205
BANKNIFTY-II.NFO,16/12/2024,09:47:23,54128.85,54127,60,54133.8,30,0,344205
BANKNIFTY-II.NFO,16/12/2024,09:47:25,54133.8,54127.55,30,54133.8,15,15,344205
BANKNIFTY-II.NFO,16/12/2024,09:47:27,54133.8,54127.15,75,54140.5,15,30,344205
BANKNIFTY-II.NFO,16/12/2024,09:47:28,54133.8,54122.1,75,54135.6,15,0,344205
BANKNIFTY-II.NFO,16/12/2024,09:47:30,54133.8,54122.05,15,54130.1,15,0,344205
BANKNIFTY-II.NFO,16/12/2024,09:47:32,54130.1,54122.05,15,54128.95,30,15,344205
BANKNIFTY-II.NFO,16/12/2024,09:47:33,54130.1,54122.05,15,54128.5,15,0,344205
BANKNIFTY-II.NFO,16/12/2024,09:47:35,54130.1,54122.05,15,54127.2,15,0,344205
BANKNIFTY-II.NFO,16/12/2024,09:47:37,54122.05,54120,15,54122,30,15,344205
BANKNIFTY-II.NFO,16/12/2024,09:47:38,54122,54120,15,54122.05,75,30,344205
BANKNIFTY-II.NFO,16/12/2024,09:47:40,54122.05,54120,15,54122.05,60,15,344205
BANKNIFTY-II.NFO,16/12/2024,09:47:42,54122.05,54120,15,54122.05,30,30,344205
BANKNIFTY-II.NFO,16/12/2024,09:47:43,54122.05,54120,15,54122,30,0,344205
BANKNIFTY-II.NFO,16/12/2024,09:47:47,54120,54115,60,54122,30,15,344205
BANKNIFTY-II.NFO,16/12/2024,09:47:48,54122,54113.65,75,54122,15,30,344205
BANKNIFTY-II.NFO,16/12/2024,09:47:50,54122,54119.85,45,54122,15,0,344205
BANKNIFTY-II.NFO,16/12/2024,09:47:52,54125.2,54123.55,120,54128.95,15,75,344205
BANKNIFTY-II.NFO,16/12/2024,09:47:53,54125.2,54124.3,120,54128.9,15,0,344205
BANKNIFTY-II.NFO,16/12/2024,09:47:55,54124.4,54122.6,30,54128.95,15,30,344205
BANKNIFTY-II.NFO,16/12/2024,09:47:57,54122.7,54125.8,30,54128.95,15,15,344205
BANKNIFTY-II.NFO,16/12/2024,09:47:58,54122.7,54124.9,30,54128.9,15,0,344205
BANKNIFTY-II.NFO,16/12/2024,09:48:00,54122.7,54128.9,15,54128.95,15,0,344205
BANKNIFTY-II.NFO,16/12/2024,09:48:02,54128.95,54128.9,15,54129.95,15,15,344205
BANKNIFTY-II.NFO,16/12/2024,09:48:03,54133.8,54132.3,30,54140,60,60,344205
BANKNIFTY-II.NFO,16/12/2024,09:48:05,54139.95,54139.95,15,54140,60,15,344205
BANKNIFTY-II.NFO,16/12/2024,09:48:07,54140,54136.95,120,54139.9,15,15,344205
BANKNIFTY-II.NFO,16/12/2024,09:48:08,54134.15,54134.2,30,54139.85,15,15,344205
BANKNIFTY-II.NFO,16/12/2024,09:48:10,54139.9,54136.6,30,54139.95,15,45,344205
BANKNIFTY-II.NFO,16/12/2024,09:48:12,54139.9,54136.35,120,54139.9,15,0,344205
BANKNIFTY-II.NFO,16/12/2024,09:48:13,54140,54141.45,30,54145,15,75,344205
BANKNIFTY-II.NFO,16/12/2024,09:48:15,54145,54142.35,90,54150,30,15,344205
BANKNIFTY-II.NFO,16/12/2024,09:48:17,54142,54142,75,54150,15,30,344205
BANKNIFTY-II.NFO,16/12/2024,09:48:18,54142,54142,75,54149.95,15,0,344205
BANKNIFTY-II.NFO,16/12/2024,09:48:22,54142,54141.9,30,54149.95,15,0,344205
BANKNIFTY-II.NFO,16/12/2024,09:48:23,54142,54141.4,75,54149.95,15,0,344205
BANKNIFTY-II.NFO,16/12/2024,09:48:25,54142.7,54138.85,30,54142.7,30,15,344205
BANKNIFTY-II.NFO,16/12/2024,09:48:27,54142.65,54140.65,30,54142.7,30,15,344205
BANKNIFTY-II.NFO,16/12/2024,09:48:28,54142.7,54143,30,54150,15,30,344205
BANKNIFTY-II.NFO,16/12/2024,09:48:30,54142.7,54144.9,30,54153.85,15,0,344205
BANKNIFTY-II.NFO,16/12/2024,09:48:32,54142.7,54150.25,30,54153.85,15,0,344205
BANKNIFTY-II.NFO,16/12/2024,09:48:33,54145.45,54147.05,120,54153.8,15,105,344205
BANKNIFTY-II.NFO,16/12/2024,09:48:35,54145.45,54150,30,54153.8,15,0,344205
BANKNIFTY-II.NFO,16/12/2024,09:48:37,54150,54150,15,54153.7,120,15,344205
BANKNIFTY-II.NFO,16/12/2024,09:48:38,54150,54150,15,54153.75,15,0,344205
BANKNIFTY-II.NFO,16/12/2024,09:48:42,54138.35,54140.1,75,54153.6,120,105,344205
BANKNIFTY-II.NFO,16/12/2024,09:48:43,54137.35,54140.1,30,54153.7,120,120,344205
BANKNIFTY-II.NFO,16/12/2024,09:48:45,54137.35,54144.3,30,54153.75,15,0,344205
BANKNIFTY-II.NFO,16/12/2024,09:48:47,54142.1,54136.9,30,54151.6,120,60,344205
BANKNIFTY-II.NFO,16/12/2024,09:48:48,54142.1,54130.05,60,54148.05,120,0,344205
BANKNIFTY-II.NFO,16/12/2024,09:48:50,54130.05,54130.2,30,54147.25,120,15,344205
BANKNIFTY-II.NFO,16/12/2024,09:48:52,54130.05,54132.1,45,54149.95,120,0,344205
BANKNIFTY-II.NFO,16/12/2024,09:48:53,54130.05,54134.1,30,54148.5,120,0,344205
BANKNIFTY-II.NFO,16/12/2024,09:48:55,54130.05,54134.05,45,54147.9,135,0,344205
BANKNIFTY-II.NFO,16/12/2024,09:48:57,54130.05,54136.1,30,54148.85,15,0,344205
BANKNIFTY-II.NFO,16/12/2024,09:48:58,54130.05,54142.7,30,54148.8,15,0,344205
BANKNIFTY-II.NFO,16/12/2024,09:49:00,54150,54144.45,45,54153.85,15,30,344205
BANKNIFTY-II.NFO,16/12/2024,09:49:02,54144.95,54141.6,30,54153.8,15,15,344205
BANKNIFTY-II.NFO,16/12/2024,09:49:03,54144.95,54143.9,60,54153.8,15,0,344205
BANKNIFTY-II.NFO,16/12/2024,09:49:05,54144.95,54145.35,75,54153.8,15,0,344205
BANKNIFTY-II.NFO,16/12/2024,09:49:07,54144.95,54144.95,15,54150,30,0,344205
BANKNIFTY-II.NFO,16/12/2024,09:49:10,54150,54147.15,30,54153.85,15,30,344205
BANKNIFTY-II.NFO,16/12/2024,09:49:12,54150,54148,105,54153.75,120,0,344205
BANKNIFTY-II.NFO,16/12/2024,09:49:15,54153.75,54148,105,54153.75,120,15,344205
BANKNIFTY-II.NFO,16/12/2024,09:49:17,54153.75,54148,105,54153.75,120,0,344205
BANKNIFTY-II.NFO,16/12/2024,09:49:18,54150,54148,105,54150,105,45,344205
BANKNIFTY-II.NFO,16/12/2024,09:49:20,54149.95,54148,75,54149.95,120,75,344205
BANKNIFTY-II.NFO,16/12/2024,09:49:22,54148,54148,60,54149.95,120,15,344205
BANKNIFTY-II.NFO,16/12/2024,09:49:23,54148,54148,60,54149.95,120,0,344205
BANKNIFTY-II.NFO,16/12/2024,09:49:25,54144.95,54132.25,75,54146.85,135,75,344205
BANKNIFTY-II.NFO,16/12/2024,09:49:27,54144.95,54132.2,15,54140.85,120,0,344205
BANKNIFTY-II.NFO,16/12/2024,09:49:28,54144.95,54132.2,15,54143.7,120,0,344205
BANKNIFTY-II.NFO,16/12/2024,09:49:30,54144.95,54134.1,75,54149.25,135,30,344205
BANKNIFTY-II.NFO,16/12/2024,09:49:32,54144.95,54138.95,75,54149.4,15,0,344205
BANKNIFTY-II.NFO,16/12/2024,09:49:33,54144.95,54140,75,54150,120,0,344205
BANKNIFTY-II.NFO,16/12/2024,09:49:35,54144.95,54134.15,75,54148.65,165,0,344205
BANKNIFTY-II.NFO,16/12/2024,09:49:37,54144.95,54132.25,75,54145.65,135,0,344205
BANKNIFTY-II.NFO,16/12/2024,09:49:38,54144.95,54133.3,75,54146.55,30,0,344205
BANKNIFTY-II.NFO,16/12/2024,09:49:40,54144.95,54136.3,75,54149.95,120,0,344205
BANKNIFTY-II.NFO,16/12/2024,09:49:42,54144.95,54137.85,75,54150,135,0,344205
BANKNIFTY-II.NFO,16/12/2024,09:49:43,54144.95,54146.75,75,54150,135,0,344205
BANKNIFTY-II.NFO,16/12/2024,09:49:45,54154.15,54152.1,30,54165,15,195,344205
BANKNIFTY-II.NFO,16/12/2024,09:49:47,54169.85,54154.05,15,54166.85,120,45,344205
BANKNIFTY-II.NFO,16/12/2024,09:49:48,54169.85,54157.6,45,54170,15,0,344205
BANKNIFTY-II.NFO,16/12/2024,09:49:50,54169.85,54169.35,45,54170,15,0,344205
BANKNIFTY-II.NFO,16/12/2024,09:49:52,54175,54164.4,45,54174.45,30,30,344205
BANKNIFTY-II.NFO,16/12/2024,09:49:53,54175,54166.9,30,54175,15,0,344205
