Ticker,Date,Time,LTP,BuyPrice,BuyQty,SellPrice,SellQty,LTQ,OpenInterest
NIFTY-II.NFO,16/12/2024,09:15:00,24950,24984,250,25008.65,100,175,0
NIFTY-II.NFO,16/12/2024,09:15:00,24950,24984,250,25008.65,100,0,0
NIFTY-II.NFO,16/12/2024,09:15:00,25025,24984,250,25008.65,100,0,0
NIFTY-II.NFO,16/12/2024,09:15:00,24950,24984,250,25008.65,100,0,0
NIFTY-II.NFO,16/12/2024,09:15:01,24972.2,24971.75,100,24985.4,100,725,1483375
NIFTY-II.NFO,16/12/2024,09:15:02,24985.05,24980.55,100,24988.7,50,225,1483375
NIFTY-II.NFO,16/12/2024,09:15:04,24994.3,24994.3,100,25007.85,75,425,1483375
NIFTY-II.NFO,16/12/2024,09:15:05,25000,24992.5,100,25001.35,250,1050,1483375
NIFTY-II.NFO,16/12/2024,09:15:07,24999.5,24994.05,100,25004.6,250,50,1483375
NIFTY-II.NFO,16/12/2024,09:15:08,24994,24994,50,25001.5,50,125,1483375
NIFTY-II.NFO,16/12/2024,09:15:10,24994,24994,25,24999.35,50,25,1483375
NIFTY-II.NFO,16/12/2024,09:15:11,25000,24994,25,25000,475,175,1483375
NIFTY-II.NFO,16/12/2024,09:15:13,24999.95,24986.75,150,24998,125,100,1483375
NIFTY-II.NFO,16/12/2024,09:15:14,25000.45,24988.65,100,25000.5,250,1175,1483375
NIFTY-II.NFO,16/12/2024,09:15:16,24996.65,24983.95,100,24997.3,125,625,1483375
NIFTY-II.NFO,16/12/2024,09:15:17,24986.55,24983.6,75,24997.15,100,925,1483375
NIFTY-II.NFO,16/12/2024,09:15:19,24992.7,24981.15,25,24991.25,100,75,1483375
NIFTY-II.NFO,16/12/2024,09:15:20,24992.15,24986.55,25,24991.7,100,50,1483375
NIFTY-II.NFO,16/12/2024,09:15:22,24989.8,24986.55,25,24990.5,50,75,1483375
NIFTY-II.NFO,16/12/2024,09:15:23,24981.05,24981.15,75,24989.95,100,100,1483375
NIFTY-II.NFO,16/12/2024,09:15:25,24982.5,24984.95,50,24990,25,25,1483375
NIFTY-II.NFO,16/12/2024,09:15:26,24988.65,24986.85,75,24992.7,50,100,1483375
NIFTY-II.NFO,16/12/2024,09:15:28,24991,24990.1,125,24999.95,100,275,1483375
NIFTY-II.NFO,16/12/2024,09:15:29,24991.8,24991.2,25,24996.5,25,225,1483375
NIFTY-II.NFO,16/12/2024,09:15:31,24991.15,24990.1,25,24995.45,25,50,1483375
NIFTY-II.NFO,16/12/2024,09:15:33,24996.9,24990.1,25,24995.15,25,75,1483250
NIFTY-II.NFO,16/12/2024,09:15:34,24988,24991.05,50,24995.6,200,100,1483250
NIFTY-II.NFO,16/12/2024,09:15:36,24991.05,24991,25,24994.3,125,200,1483250
NIFTY-II.NFO,16/12/2024,09:15:37,24994.95,24991.85,150,24993.4,125,25,1483250
NIFTY-II.NFO,16/12/2024,09:15:39,24991.8,24991,25,24993,50,200,1483250
NIFTY-II.NFO,16/12/2024,09:15:41,24991.75,24989.9,25,24990.95,50,75,1483250
NIFTY-II.NFO,16/12/2024,09:15:42,24988.8,24986.8,25,24989.4,250,125,1483250
NIFTY-II.NFO,16/12/2024,09:15:44,24986.8,24985,25,24988.3,150,100,1483250
NIFTY-II.NFO,16/12/2024,09:15:45,24985,24982.5,25,24986.75,150,25,1483250
NIFTY-II.NFO,16/12/2024,09:15:47,24984.4,24982.5,25,24984.4,300,75,1483250
NIFTY-II.NFO,16/12/2024,09:15:49,24981,24980.5,25,24981,200,425,1483250
NIFTY-II.NFO,16/12/2024,09:15:50,24979.8,24976.7,100,24980.1,125,325,1483250
NIFTY-II.NFO,16/12/2024,09:15:52,24976.7,24976.7,75,24978.75,250,1350,1483250
NIFTY-II.NFO,16/12/2024,09:15:53,24970.85,24972.3,100,24980.45,100,525,1483250
NIFTY-II.NFO,16/12/2024,09:15:55,24972,24979.8,25,24982.4,250,50,1483250
NIFTY-II.NFO,16/12/2024,09:15:57,24982.5,24979.8,25,24980,75,25,1483250
NIFTY-II.NFO,16/12/2024,09:15:58,24982.2,24976.05,50,24981.9,125,125,1483250
NIFTY-II.NFO,16/12/2024,09:16:00,24975.3,24976.7,50,24981.05,350,125,1483250
NIFTY-II.NFO,16/12/2024,09:16:01,24976.8,24971.05,75,24975.8,250,75,1483250
NIFTY-II.NFO,16/12/2024,09:16:03,24973.65,24971,25,24973.6,125,175,1483250
NIFTY-II.NFO,16/12/2024,09:16:04,24972.3,24970,125,24972.75,125,250,1483250
NIFTY-II.NFO,16/12/2024,09:16:06,24970,24967.5,25,24969.55,125,125,1483250
NIFTY-II.NFO,16/12/2024,09:16:08,24968.15,24966,225,24971.75,250,300,1483250
NIFTY-II.NFO,16/12/2024,09:16:09,24968.15,24966,225,24968,50,0,1483250
NIFTY-II.NFO,16/12/2024,09:16:11,24966,24966,225,24968,25,50,1483250
NIFTY-II.NFO,16/12/2024,09:16:12,24969.25,24966,200,24969.45,250,75,1483250
NIFTY-II.NFO,16/12/2024,09:16:14,24969.65,24968,25,24969.55,125,75,1483250
NIFTY-II.NFO,16/12/2024,09:16:16,24971.6,24968,25,24970.6,250,525,1483250
NIFTY-II.NFO,16/12/2024,09:16:17,24968,24967.2,25,24973.65,125,100,1483250
NIFTY-II.NFO,16/12/2024,09:16:19,24967,24967.1,75,24969.25,25,75,1483250
NIFTY-II.NFO,16/12/2024,09:16:20,24967,24968,25,24969.25,25,0,1483250
NIFTY-II.NFO,16/12/2024,09:16:22,24970,24969.5,225,24971.6,25,75,1483250
NIFTY-II.NFO,16/12/2024,09:16:24,24976.1,24970.85,100,24976.15,375,75,1483250
NIFTY-II.NFO,16/12/2024,09:16:25,24975.4,24970.85,75,24974.8,250,50,1483250
NIFTY-II.NFO,16/12/2024,09:16:27,24970.85,24970,25,24974.75,250,75,1483250
NIFTY-II.NFO,16/12/2024,09:16:28,24970.85,24970,25,24974.75,125,0,1483250
NIFTY-II.NFO,16/12/2024,09:16:30,24972.45,24970,25,24972.25,125,75,1483250
NIFTY-II.NFO,16/12/2024,09:16:32,24972.95,24967,50,24972.95,100,175,1483250
NIFTY-II.NFO,16/12/2024,09:16:33,24965.9,24965.55,25,24971.9,125,250,1483250
NIFTY-II.NFO,16/12/2024,09:16:35,24971.1,24965.95,25,24971.75,125,100,1483250
NIFTY-II.NFO,16/12/2024,09:16:36,24973.9,24968.15,125,24973.9,250,50,1483250
NIFTY-II.NFO,16/12/2024,09:16:38,24974.45,24968.35,25,24974.8,100,75,1483250
NIFTY-II.NFO,16/12/2024,09:16:40,24973.95,24970.85,75,24974.1,225,50,1483250
NIFTY-II.NFO,16/12/2024,09:16:41,24971.95,24970.85,75,24973,125,25,1483250
NIFTY-II.NFO,16/12/2024,09:16:43,24974.45,24971.75,25,24975,350,25,1483250
NIFTY-II.NFO,16/12/2024,09:16:44,24974.45,24972,25,24974.45,25,0,1483250
NIFTY-II.NFO,16/12/2024,09:16:46,24976.35,24971.15,100,24977.45,300,1925,1483250
NIFTY-II.NFO,16/12/2024,09:16:48,24971.1,24971.35,75,24976.8,75,25,1483250
NIFTY-II.NFO,16/12/2024,09:16:49,24977.85,24974.45,25,24978.4,125,1825,1483250
NIFTY-II.NFO,16/12/2024,09:16:51,24980,24974.45,25,24977.2,50,1450,1483250
NIFTY-II.NFO,16/12/2024,09:16:52,24971.1,24971.15,100,24976.95,75,250,1483250
NIFTY-II.NFO,16/12/2024,09:16:54,24977.75,24971.5,100,24978.25,75,325,1483250
NIFTY-II.NFO,16/12/2024,09:16:56,24971.25,24971.1,75,24977.7,150,300,1483250
NIFTY-II.NFO,16/12/2024,09:16:57,24971.1,24971.1,25,24978.85,100,50,1483250
NIFTY-II.NFO,16/12/2024,09:16:59,24978.8,24972.9,125,24980.35,25,75,1483250
NIFTY-II.NFO,16/12/2024,09:17:00,24978.8,24974.6,50,24982.05,25,0,1483250
NIFTY-II.NFO,16/12/2024,09:17:02,24978.8,24980,25,24982.6,25,0,1483250
NIFTY-II.NFO,16/12/2024,09:17:03,24978.8,24980,25,24981.95,25,0,1483250
NIFTY-II.NFO,16/12/2024,09:17:05,24975.5,24974.25,100,24978.05,25,100,1483250
NIFTY-II.NFO,16/12/2024,09:17:07,24983.35,24982.05,25,24983.7,250,50,1483250
NIFTY-II.NFO,16/12/2024,09:17:08,24978.8,24977.65,25,24983.65,100,125,1483250
NIFTY-II.NFO,16/12/2024,09:17:10,24983.65,24977.65,25,24983.5,100,150,1483250
NIFTY-II.NFO,16/12/2024,09:17:11,24977.65,24976.8,175,24984.45,250,25,1483250
NIFTY-II.NFO,16/12/2024,09:17:13,24987.4,24980.8,175,24988.75,250,100,1483250
NIFTY-II.NFO,16/12/2024,09:17:15,24986.2,24985,75,24987.55,125,25,1483250
NIFTY-II.NFO,16/12/2024,09:17:16,24988.05,24985,75,24987.7,125,150,1483250
NIFTY-II.NFO,16/12/2024,09:17:18,24988.2,24987.45,50,24988.95,125,75,1483250
NIFTY-II.NFO,16/12/2024,09:17:19,24989.5,24987.45,50,24989.9,125,125,1483250
NIFTY-II.NFO,16/12/2024,09:17:21,24989.5,24988.75,25,24990,50,0,1483250
NIFTY-II.NFO,16/12/2024,09:17:23,24990,24990,50,24992.5,125,50,1483250
NIFTY-II.NFO,16/12/2024,09:17:24,24986.95,24985.1,100,24992.1,125,300,1483250
NIFTY-II.NFO,16/12/2024,09:17:26,24990,24985.85,75,24990.05,50,25,1483250
NIFTY-II.NFO,16/12/2024,09:17:27,24990,24985.05,100,24990.7,125,0,1483250
NIFTY-II.NFO,16/12/2024,09:17:29,24990.8,24986.2,50,24988.65,100,50,1483250
NIFTY-II.NFO,16/12/2024,09:17:31,24988.1,24986.2,50,24988.2,75,25,1483250
NIFTY-II.NFO,16/12/2024,09:17:32,24986.95,24986.2,50,24988.05,50,75,1483250
NIFTY-II.NFO,16/12/2024,09:17:34,24986.2,24985,25,24989.4,100,50,1483250
NIFTY-II.NFO,16/12/2024,09:17:35,24988.9,24982,75,24989,50,150,1483250
NIFTY-II.NFO,16/12/2024,09:17:37,24987.2,24982,75,24986.9,25,25,1483250
NIFTY-II.NFO,16/12/2024,09:17:38,24987.2,24982,75,24986.3,25,0,1483250
NIFTY-II.NFO,16/12/2024,09:17:40,24987.2,24982,100,24986.15,25,0,1483250
NIFTY-II.NFO,16/12/2024,09:17:42,24982,24982,75,24986.1,25,25,1483250
NIFTY-II.NFO,16/12/2024,09:17:43,24983.05,24980,25,24982.7,250,200,1483250
NIFTY-II.NFO,16/12/2024,09:17:45,24982.6,24977,25,24982.35,75,150,1483250
NIFTY-II.NFO,16/12/2024,09:17:46,24982.05,24975.05,100,24982.1,25,100,1483250
NIFTY-II.NFO,16/12/2024,09:17:48,24982.05,24975,75,24982.05,25,75,1483250
NIFTY-II.NFO,16/12/2024,09:17:50,24982.05,24975,75,24980.35,75,0,1483250
NIFTY-II.NFO,16/12/2024,09:17:51,24975,24975,25,24980.05,25,50,1483250
NIFTY-II.NFO,16/12/2024,09:17:53,24980.05,24975,25,24979.95,500,25,1483250
NIFTY-II.NFO,16/12/2024,09:17:54,24977,24975,25,24978,75,50,1483250
NIFTY-II.NFO,16/12/2024,09:17:56,24977,24975,25,24976.45,100,0,1483250
NIFTY-II.NFO,16/12/2024,09:17:58,24977,24975,50,24975.25,100,0,1483250
NIFTY-II.NFO,16/12/2024,09:17:59,24975.25,24972.05,25,24975.25,75,150,1483250
NIFTY-II.NFO,16/12/2024,09:18:01,24975.25,24972.05,25,24973.85,100,0,1483250
NIFTY-II.NFO,16/12/2024,09:18:02,24973.7,24972.05,25,24973.85,100,25,1483250
NIFTY-II.NFO,16/12/2024,09:18:04,24972.05,24972,25,24972.15,250,50,1483250
NIFTY-II.NFO,16/12/2024,09:18:06,24971.25,24966,100,24971.3,250,425,1483250
NIFTY-II.NFO,16/12/2024,09:18:07,24966,24966,50,24971.45,25,75,1483250
NIFTY-II.NFO,16/12/2024,09:18:09,24972.55,24970,25,24973.65,100,50,1483250
NIFTY-II.NFO,16/12/2024,09:18:11,24970,24966.1,100,24973.65,125,25,1483250
NIFTY-II.NFO,16/12/2024,09:18:12,24970,24966.05,100,24973.3,50,0,1483250
NIFTY-II.NFO,16/12/2024,09:18:14,24970,24966.05,100,24971.8,250,25,1483250
NIFTY-II.NFO,16/12/2024,09:18:16,24973.85,24968.85,100,24974.45,25,25,1483250
NIFTY-II.NFO,16/12/2024,09:18:17,24970,24969.85,100,24974.45,25,50,1483250
NIFTY-II.NFO,16/12/2024,09:18:19,24974.45,24970.4,100,24977.5,100,25,1483250
NIFTY-II.NFO,16/12/2024,09:18:21,24974.45,24970.05,100,24976.45,100,0,1483250
NIFTY-II.NFO,16/12/2024,09:18:22,24974.45,24973.65,25,24977,250,0,1483250
NIFTY-II.NFO,16/12/2024,09:18:24,24973.7,24973.65,25,24979.6,250,475,1483250
NIFTY-II.NFO,16/12/2024,09:18:26,24973.7,24973.65,25,24979.1,100,0,1483250
NIFTY-II.NFO,16/12/2024,09:18:27,24973.7,24973.7,100,24980,75,50,1483250
NIFTY-II.NFO,16/12/2024,09:18:29,24973.7,24973.7,100,24980,75,0,1483250
NIFTY-II.NFO,16/12/2024,09:18:31,24979.05,24973.65,25,24979.65,100,25,1483250
NIFTY-II.NFO,16/12/2024,09:18:32,24979.05,24977.3,500,24980,75,0,1483250
NIFTY-II.NFO,16/12/2024,09:18:34,24980,24977.3,500,24980,50,25,1484250
NIFTY-II.NFO,16/12/2024,09:18:36,24980,24977.3,500,24979.7,250,50,1484250
NIFTY-II.NFO,16/12/2024,09:18:37,24977.75,24977.3,500,24977.75,200,50,1484250
NIFTY-II.NFO,16/12/2024,09:18:39,24977.3,24977.3,75,24977.35,250,475,1484250
NIFTY-II.NFO,16/12/2024,09:18:41,24977.3,24977.3,100,24977.95,100,0,1484250
NIFTY-II.NFO,16/12/2024,09:18:42,24977,24971.05,100,24976.75,100,150,1484250
NIFTY-II.NFO,16/12/2024,09:18:44,24971.05,24971.05,50,24977,125,75,1484250
NIFTY-II.NFO,16/12/2024,09:18:46,24976.95,24971.05,50,24977.05,250,25,1484250
NIFTY-II.NFO,16/12/2024,09:18:47,24976.95,24972.6,50,24978.45,125,0,1484250
NIFTY-II.NFO,16/12/2024,09:18:49,24979.05,24975,100,24979.05,25,25,1484250
NIFTY-II.NFO,16/12/2024,09:18:51,24982.4,24977.7,25,24982.9,250,150,1484250
NIFTY-II.NFO,16/12/2024,09:18:52,24981.95,24977.7,25,24981.85,100,25,1484250
NIFTY-II.NFO,16/12/2024,09:18:54,24981.95,24977.7,25,24980.8,100,0,1484250
NIFTY-II.NFO,16/12/2024,09:18:56,24977.7,24975,100,24980.35,250,625,1484250
NIFTY-II.NFO,16/12/2024,09:18:57,24978.95,24975,100,24979.05,150,25,1484250
NIFTY-II.NFO,16/12/2024,09:18:59,24979.05,24977,50,24979.05,100,50,1484250
NIFTY-II.NFO,16/12/2024,09:19:01,24979.05,24977,50,24979.05,100,0,1484250
NIFTY-II.NFO,16/12/2024,09:19:02,24977.75,24977,50,24977.75,300,25,1484250
NIFTY-II.NFO,16/12/2024,09:19:04,24977.75,24977,50,24978.3,300,0,1484250
NIFTY-II.NFO,16/12/2024,09:19:06,24979.05,24977,50,24977.95,50,50,1484250
NIFTY-II.NFO,16/12/2024,09:19:07,24971,24971,25,24974.8,150,250,1484250
NIFTY-II.NFO,16/12/2024,09:19:09,24974.45,24971,25,24976.65,150,25,1484250
NIFTY-II.NFO,16/12/2024,09:19:11,24974.45,24971,25,24974.45,50,0,1484250
NIFTY-II.NFO,16/12/2024,09:19:12,24971,24970.05,25,24974.45,50,25,1484250
NIFTY-II.NFO,16/12/2024,09:19:14,24971,24970.05,25,24974.45,50,0,1484250
NIFTY-II.NFO,16/12/2024,09:19:16,24970,24970,100,24976,75,225,1484250
NIFTY-II.NFO,16/12/2024,09:19:17,24976.3,24970.7,75,24976.2,575,150,1484250
NIFTY-II.NFO,16/12/2024,09:19:19,24976.2,24970.7,75,24977.1,50,25,1484250
NIFTY-II.NFO,16/12/2024,09:19:21,24971,24971,25,24975.35,50,25,1484250
NIFTY-II.NFO,16/12/2024,09:19:22,24971,24971,25,24974.35,50,0,1484250
NIFTY-II.NFO,16/12/2024,09:19:24,24971,24971,25,24974.85,50,0,1484250
NIFTY-II.NFO,16/12/2024,09:19:26,24972.7,24971,50,24973.5,125,50,1484250
NIFTY-II.NFO,16/12/2024,09:19:27,24973.2,24971,50,24974.4,250,25,1484250
NIFTY-II.NFO,16/12/2024,09:19:29,24973.2,24971,50,24975.3,50,0,1484250
NIFTY-II.NFO,16/12/2024,09:19:31,24975.8,24971,50,24975.9,50,50,1484250
NIFTY-II.NFO,16/12/2024,09:19:32,24977.55,24970.5,100,24977,250,250,1484250
NIFTY-II.NFO,16/12/2024,09:19:34,24977.55,24975.7,25,24978.2,250,0,1484250
NIFTY-II.NFO,16/12/2024,09:19:36,24978.05,24975.75,25,24978,375,75,1484250
NIFTY-II.NFO,16/12/2024,09:19:37,24975.75,24975.7,25,24979.05,75,25,1484250
NIFTY-II.NFO,16/12/2024,09:19:39,24983,24977.1,100,24983.6,25,100,1484250
NIFTY-II.NFO,16/12/2024,09:19:41,24983.3,24982.75,100,24985,25,25,1484250
NIFTY-II.NFO,16/12/2024,09:19:42,24983.3,24982.75,100,24985,25,0,1484250
NIFTY-II.NFO,16/12/2024,09:19:44,24985,24983.55,100,24987.2,25,25,1484250
NIFTY-II.NFO,16/12/2024,09:19:46,24983.5,24983.65,25,24985.45,50,100,1484250
NIFTY-II.NFO,16/12/2024,09:19:47,24984.65,24983.75,25,24987,75,25,1484250
NIFTY-II.NFO,16/12/2024,09:19:49,24989.7,24985,100,24989.65,50,50,1484250
NIFTY-II.NFO,16/12/2024,09:19:51,24985,24985.1,25,24987.75,25,25,1484250
NIFTY-II.NFO,16/12/2024,09:19:52,24985,24985.1,25,24988.4,50,0,1484250
NIFTY-II.NFO,16/12/2024,09:19:54,24988.45,24987.75,25,24988.85,25,50,1484250
NIFTY-II.NFO,16/12/2024,09:19:56,24989.3,24987.75,25,24990,25,75,1484250
NIFTY-II.NFO,16/12/2024,09:19:57,24987.75,24985.15,25,24990.15,25,25,1484250
NIFTY-II.NFO,16/12/2024,09:19:59,24990.15,24985.15,25,24990.7,50,25,1484250
NIFTY-II.NFO,16/12/2024,09:20:01,24989.5,24989.3,25,24989.75,250,200,1484250
NIFTY-II.NFO,16/12/2024,09:20:02,24987.55,24985.15,25,24988.1,50,150,1484250
NIFTY-II.NFO,16/12/2024,09:20:04,24988.95,24985.15,25,24988.5,25,100,1484250
NIFTY-II.NFO,16/12/2024,09:20:06,24989.95,24985.05,100,24990,75,25,1484250
NIFTY-II.NFO,16/12/2024,09:20:07,24990,24987.6,100,24990,50,25,1484250
NIFTY-II.NFO,16/12/2024,09:20:09,24991,24990,125,24995,25,75,1484250
NIFTY-II.NFO,16/12/2024,09:20:10,24991.85,24988.85,25,24991.65,50,25,1484250
NIFTY-II.NFO,16/12/2024,09:20:12,24990,24990,200,24991.35,50,125,1484250
NIFTY-II.NFO,16/12/2024,09:20:14,24990,24990,200,24990.6,50,0,1484250
NIFTY-II.NFO,16/12/2024,09:20:15,24987.55,24985,125,24986.95,25,300,1484250
NIFTY-II.NFO,16/12/2024,09:20:17,24987.9,24985,125,24989.65,225,50,1484250
NIFTY-II.NFO,16/12/2024,09:20:19,24988,24985,125,24987.35,50,100,1484250
NIFTY-II.NFO,16/12/2024,09:20:20,24987.55,24985,175,24987.5,25,50,1484250
NIFTY-II.NFO,16/12/2024,09:20:22,24985,24985,225,24988.75,25,25,1484250
NIFTY-II.NFO,16/12/2024,09:20:24,24985,24986.3,100,24991,25,0,1484250
NIFTY-II.NFO,16/12/2024,09:20:25,24985,24989.7,100,24991,25,0,1484250
NIFTY-II.NFO,16/12/2024,09:20:27,24985,24985.55,100,24991,25,0,1484250
NIFTY-II.NFO,16/12/2024,09:20:29,24985,24985,250,24988.5,25,0,1484250
NIFTY-II.NFO,16/12/2024,09:20:30,24985,24985,250,24987.25,250,0,1484250
NIFTY-II.NFO,16/12/2024,09:20:32,24985,24985,250,24988.65,25,0,1484250
NIFTY-II.NFO,16/12/2024,09:20:34,24985,24985,250,24989.45,250,0,1484250
NIFTY-II.NFO,16/12/2024,09:20:35,24985,24985,225,24990.5,25,50,1484250
NIFTY-II.NFO,16/12/2024,09:20:37,24985,24985,225,24989.25,250,0,1484250
NIFTY-II.NFO,16/12/2024,09:20:39,24985,24985,175,24989,250,50,1484250
NIFTY-II.NFO,16/12/2024,09:20:40,24985,24985,200,24989.45,25,0,1484250
NIFTY-II.NFO,16/12/2024,09:20:42,24984.45,24980,25,24984.4,50,250,1484250
NIFTY-II.NFO,16/12/2024,09:20:44,24984.8,24980,25,24984.9,225,250,1484250
NIFTY-II.NFO,16/12/2024,09:20:45,24980,24976,100,24982.25,250,25,1484250
NIFTY-II.NFO,16/12/2024,09:20:47,24980,24976.35,350,24982.25,250,0,1484250
NIFTY-II.NFO,16/12/2024,09:20:49,24982,24975.85,100,24982,250,200,1484250
NIFTY-II.NFO,16/12/2024,09:20:50,24975.8,24975.8,475,24975.85,75,25,1484250
NIFTY-II.NFO,16/12/2024,09:20:52,24975.8,24975.8,475,24975.85,75,0,1484250
NIFTY-II.NFO,16/12/2024,09:20:54,24975.8,24975.8,375,24975.85,75,100,1484250
NIFTY-II.NFO,16/12/2024,09:20:55,24981.75,24975.8,375,24980.5,250,100,1484250
NIFTY-II.NFO,16/12/2024,09:20:57,24980.5,24975.8,375,24981.4,100,25,1484250
NIFTY-II.NFO,16/12/2024,09:20:59,24980.5,24975.8,375,24981.95,100,0,1484250
NIFTY-II.NFO,16/12/2024,09:21:00,24980.5,24975.8,375,24976.7,225,0,1484250
NIFTY-II.NFO,16/12/2024,09:21:02,24976.15,24976,100,24976.2,50,425,1484250
NIFTY-II.NFO,16/12/2024,09:21:04,24976,24975,25,24975.75,125,100,1484250
NIFTY-II.NFO,16/12/2024,09:21:05,24973.3,24973,25,24977.35,275,75,1484250
NIFTY-II.NFO,16/12/2024,09:21:07,24977.35,24977.35,25,24978.6,50,25,1484250
NIFTY-II.NFO,16/12/2024,09:21:09,24979.15,24977.35,25,24978.55,50,25,1484250
NIFTY-II.NFO,16/12/2024,09:21:10,24977.35,24973,25,24975,250,25,1484250
NIFTY-II.NFO,16/12/2024,09:21:12,24977.35,24975,25,24975.55,500,0,1484250
NIFTY-II.NFO,16/12/2024,09:21:14,24975,24973,50,24975.55,25,50,1484250
NIFTY-II.NFO,16/12/2024,09:21:16,24975,24973,50,24977.05,50,0,1484250
NIFTY-II.NFO,16/12/2024,09:21:17,24975,24973,50,24975.1,50,0,1484250
NIFTY-II.NFO,16/12/2024,09:21:19,24975.35,24973,50,24976.1,25,25,1484250
NIFTY-II.NFO,16/12/2024,09:21:21,24975.35,24973,50,24977.5,25,0,1484250
NIFTY-II.NFO,16/12/2024,09:21:22,24978.75,24973,50,24978.8,50,100,1484250
NIFTY-II.NFO,16/12/2024,09:21:24,24978.75,24975,75,24978.5,25,0,1484250
NIFTY-II.NFO,16/12/2024,09:21:26,24975,24975,50,24977.7,50,25,1484250
NIFTY-II.NFO,16/12/2024,09:21:27,24978.15,24975,50,24977.95,50,125,1484250
NIFTY-II.NFO,16/12/2024,09:21:29,24977.6,24975,550,24978.3,25,25,1484250
NIFTY-II.NFO,16/12/2024,09:21:31,24980.5,24975.05,150,24980.45,25,25,1484250
NIFTY-II.NFO,16/12/2024,09:21:32,24980.5,24975,550,24979.65,250,0,1484250
NIFTY-II.NFO,16/12/2024,09:21:34,24980.5,24975,550,24977.1,125,0,1484250
NIFTY-II.NFO,16/12/2024,09:21:36,24977.1,24975,550,24976.2,50,25,1486825
NIFTY-II.NFO,16/12/2024,09:21:37,24977.1,24975,550,24976.55,200,0,1486825
NIFTY-II.NFO,16/12/2024,09:21:39,24977.1,24975,550,24975.9,100,0,1486825
NIFTY-II.NFO,16/12/2024,09:21:41,24973,24971.5,25,24974.15,25,600,1486825
NIFTY-II.NFO,16/12/2024,09:21:42,24971.5,24971,200,24971.8,50,50,1486825
NIFTY-II.NFO,16/12/2024,09:21:44,24971,24971,50,24971.85,50,175,1486825
NIFTY-II.NFO,16/12/2024,09:21:46,24971,24970.5,25,24971.2,50,50,1486825
NIFTY-II.NFO,16/12/2024,09:21:47,24971,24970.5,25,24971.8,50,0,1486825
NIFTY-II.NFO,16/12/2024,09:21:49,24970.5,24971,75,24972.65,25,25,1486825
NIFTY-II.NFO,16/12/2024,09:21:51,24971,24971,25,24972.65,50,50,1486825
NIFTY-II.NFO,16/12/2024,09:21:52,24973.4,24971,25,24972.4,50,150,1486825
NIFTY-II.NFO,16/12/2024,09:21:54,24971,24970,250,24970.95,250,25,1486825
NIFTY-II.NFO,16/12/2024,09:21:56,24971.65,24971,25,24971.85,25,25,1486825
NIFTY-II.NFO,16/12/2024,09:21:57,24971.65,24971,275,24971.85,125,0,1486825
NIFTY-II.NFO,16/12/2024,09:22:01,24971.65,24971,275,24973.2,225,0,1486825
NIFTY-II.NFO,16/12/2024,09:22:02,24971.65,24971,275,24975,50,0,1486825
NIFTY-II.NFO,16/12/2024,09:22:04,24971.65,24971.65,25,24973.7,250,0,1486825
NIFTY-II.NFO,16/12/2024,09:22:06,24971.65,24971.65,25,24974.15,50,0,1486825
NIFTY-II.NFO,16/12/2024,09:22:07,24971.65,24971.65,25,24974.5,25,0,1486825
NIFTY-II.NFO,16/12/2024,09:22:09,24971.65,24971.05,100,24976.1,300,25,1486825
NIFTY-II.NFO,16/12/2024,09:22:11,24971.65,24971.05,100,24976,50,0,1486825
NIFTY-II.NFO,16/12/2024,09:22:12,24976.25,24971.05,100,24976.6,125,75,1486825
NIFTY-II.NFO,16/12/2024,09:22:14,24976.25,24972,25,24975,125,0,1486825
NIFTY-II.NFO,16/12/2024,09:22:16,24976.25,24972,50,24975.7,125,0,1486825
NIFTY-II.NFO,16/12/2024,09:22:17,24972,24971.7,100,24976.85,25,50,1486825
NIFTY-II.NFO,16/12/2024,09:22:19,24977.45,24971.7,100,24976.8,25,250,1486825
NIFTY-II.NFO,16/12/2024,09:22:21,24976.8,24971.65,25,24975.55,50,25,1486825
NIFTY-II.NFO,16/12/2024,09:22:22,24976.8,24971.65,25,24973.9,25,0,1486825
NIFTY-II.NFO,16/12/2024,09:22:24,24971.65,24970,350,24973.25,25,50,1486825
NIFTY-II.NFO,16/12/2024,09:22:26,24971.65,24970.05,100,24975.7,50,0,1486825
NIFTY-II.NFO,16/12/2024,09:22:27,24970.05,24970.7,175,24978.05,50,125,1486825
NIFTY-II.NFO,16/12/2024,09:22:29,24976.5,24970.05,100,24976.05,50,25,1486825
NIFTY-II.NFO,16/12/2024,09:22:31,24970.9,24970.15,175,24977.95,50,25,1486825
NIFTY-II.NFO,16/12/2024,09:22:32,24978.55,24974.95,100,24980,25,25,1486825
NIFTY-II.NFO,16/12/2024,09:22:34,24980,24975.5,100,24982.9,175,25,1486825
NIFTY-II.NFO,16/12/2024,09:22:36,24982.9,24976.15,100,24983.15,100,25,1486825
NIFTY-II.NFO,16/12/2024,09:22:37,24976.25,24971.05,100,24978.55,100,75,1486825
NIFTY-II.NFO,16/12/2024,09:22:39,24971.1,24971.7,100,24979,50,25,1486825
NIFTY-II.NFO,16/12/2024,09:22:41,24971.1,24971.7,100,24978.05,25,0,1486825
NIFTY-II.NFO,16/12/2024,09:22:42,24971.1,24972.95,150,24980,50,0,1486825
NIFTY-II.NFO,16/12/2024,09:22:44,24971.1,24971.7,100,24978.3,50,0,1486825
NIFTY-II.NFO,16/12/2024,09:22:46,24971.1,24971.65,25,24976.35,50,0,1486825
NIFTY-II.NFO,16/12/2024,09:22:47,24976.35,24972,25,24976.7,75,25,1486825
NIFTY-II.NFO,16/12/2024,09:22:49,24976.35,24973.2,25,24975.4,175,0,1486825
NIFTY-II.NFO,16/12/2024,09:22:51,24976.05,24972,25,24976.55,125,275,1486825
NIFTY-II.NFO,16/12/2024,09:22:52,24976.05,24972,25,24974.75,50,0,1486825
NIFTY-II.NFO,16/12/2024,09:22:54,24976.05,24972,25,24972.7,300,0,1486825
NIFTY-II.NFO,16/12/2024,09:22:56,24972.7,24972,50,24975.25,50,25,1486825
NIFTY-II.NFO,16/12/2024,09:22:57,24972.7,24972,50,24973.3,75,0,1486825
NIFTY-II.NFO,16/12/2024,09:22:59,24972.7,24972,50,24974.05,75,0,1486825
NIFTY-II.NFO,16/12/2024,09:23:01,24972.7,24972,50,24972.35,50,0,1486825
NIFTY-II.NFO,16/12/2024,09:23:02,24970.6,24970,350,24970.4,50,225,1486825
NIFTY-II.NFO,16/12/2024,09:23:04,24970,24969,75,24969.85,50,350,1486825
NIFTY-II.NFO,16/12/2024,09:23:06,24970,24969,75,24971.5,150,0,1486825
NIFTY-II.NFO,16/12/2024,09:23:07,24970,24969,75,24971.4,125,0,1486825
NIFTY-II.NFO,16/12/2024,09:23:09,24970,24969,75,24970.55,125,0,1486825
NIFTY-II.NFO,16/12/2024,09:23:11,24968,24966,100,24968.95,25,175,1486825
NIFTY-II.NFO,16/12/2024,09:23:12,24968,24966,100,24971.3,75,0,1486825
NIFTY-II.NFO,16/12/2024,09:23:14,24970.4,24966.05,25,24970.3,75,50,1486825
NIFTY-II.NFO,16/12/2024,09:23:16,24970.4,24966,100,24970.3,75,0,1486825
NIFTY-II.NFO,16/12/2024,09:23:17,24966,24966,75,24969.4,50,25,1486825
NIFTY-II.NFO,16/12/2024,09:23:19,24966,24966,75,24971.05,75,0,1486825
NIFTY-II.NFO,16/12/2024,09:23:21,24971.05,24967.05,25,24972.65,50,50,1486825
NIFTY-II.NFO,16/12/2024,09:23:22,24971.05,24969.4,500,24970.9,100,0,1486825
NIFTY-II.NFO,16/12/2024,09:23:24,24970.9,24969.4,500,24971.5,50,25,1486825
NIFTY-II.NFO,16/12/2024,09:23:26,24970.9,24969.4,500,24971.5,50,0,1486825
NIFTY-II.NFO,16/12/2024,09:23:27,24971.35,24969.4,500,24971.5,50,25,1486825
NIFTY-II.NFO,16/12/2024,09:23:29,24971.35,24969.4,500,24971.5,50,0,1486825
NIFTY-II.NFO,16/12/2024,09:23:31,24971.35,24969.45,100,24974.6,75,0,1486825
NIFTY-II.NFO,16/12/2024,09:23:32,24971.35,24970.1,100,24975,100,0,1486825
NIFTY-II.NFO,16/12/2024,09:23:34,24971.35,24970.45,100,24975,100,0,1486825
NIFTY-II.NFO,16/12/2024,09:23:36,24975,24971.1,100,24975,75,25,1486825
NIFTY-II.NFO,16/12/2024,09:23:37,24975,24971.1,100,24975,75,0,1486825
NIFTY-II.NFO,16/12/2024,09:23:41,24975,24972.5,500,24975,75,0,1486825
NIFTY-II.NFO,16/12/2024,09:23:42,24975,24972.55,100,24975,75,0,1486825
NIFTY-II.NFO,16/12/2024,09:23:44,24975,24973.55,100,24975,75,0,1486825
NIFTY-II.NFO,16/12/2024,09:23:46,24975,24972.55,100,24975,75,0,1486825
NIFTY-II.NFO,16/12/2024,09:23:47,24972.5,24972.5,325,24975,75,275,1486825
NIFTY-II.NFO,16/12/2024,09:23:49,24972.5,24972.5,325,24972.55,25,0,1486825
NIFTY-II.NFO,16/12/2024,09:23:54,24972.5,24972.5,275,24973.9,50,75,1486825
NIFTY-II.NFO,16/12/2024,09:23:56,24972.5,24972.5,275,24975,75,0,1486825
NIFTY-II.NFO,16/12/2024,09:23:57,24972.5,24972.5,300,24975,75,0,1486825
NIFTY-II.NFO,16/12/2024,09:23:59,24975,24972.5,300,24976,125,75,1486825
NIFTY-II.NFO,16/12/2024,09:24:01,24975,24972.5,300,24972.8,150,0,1486825
NIFTY-II.NFO,16/12/2024,09:24:02,24970,24969,50,24969.7,50,400,1486825
NIFTY-II.NFO,16/12/2024,09:24:04,24968.75,24966,75,24969.7,125,100,1486825
NIFTY-II.NFO,16/12/2024,09:24:06,24968.75,24966,75,24967.25,50,0,1486825
NIFTY-II.NFO,16/12/2024,09:24:07,24968.75,24966,75,24968.55,250,0,1486825
NIFTY-II.NFO,16/12/2024,09:24:09,24967.9,24966,75,24968.9,75,300,1486825
NIFTY-II.NFO,16/12/2024,09:24:11,24967.9,24968,25,24968.25,25,0,1486825
NIFTY-II.NFO,16/12/2024,09:24:12,24965.55,24965,400,24965.75,125,175,1486825
NIFTY-II.NFO,16/12/2024,09:24:14,24965,24964,25,24965.55,75,400,1486825
NIFTY-II.NFO,16/12/2024,09:24:16,24965,24964,25,24967.1,75,0,1486825
NIFTY-II.NFO,16/12/2024,09:24:17,24964,24963,25,24967.05,50,75,1486825
NIFTY-II.NFO,16/12/2024,09:24:19,24964,24963,25,24968.55,100,0,1486825
NIFTY-II.NFO,16/12/2024,09:24:21,24964,24963,25,24966.25,50,0,1486825
NIFTY-II.NFO,16/12/2024,09:24:22,24964,24963,25,24967.05,75,0,1486825
NIFTY-II.NFO,16/12/2024,09:24:24,24963,24962.5,25,24965.45,225,25,1486825
NIFTY-II.NFO,16/12/2024,09:24:26,24963,24962.5,25,24966.95,75,0,1486825
NIFTY-II.NFO,16/12/2024,09:24:27,24966.15,24964,25,24966.4,225,25,1486825
NIFTY-II.NFO,16/12/2024,09:24:29,24962.5,24961,50,24964.15,75,1050,1486825
NIFTY-II.NFO,16/12/2024,09:24:31,24965.85,24961,25,24965.85,50,50,1486825
NIFTY-II.NFO,16/12/2024,09:24:32,24965.85,24964.75,175,24965.85,75,0,1486825
NIFTY-II.NFO,16/12/2024,09:24:34,24967.05,24961,25,24965.5,25,175,1488650
NIFTY-II.NFO,16/12/2024,09:24:37,24967.05,24961.95,25,24966.55,100,0,1488650
NIFTY-II.NFO,16/12/2024,09:24:39,24967.05,24962,25,24966.55,25,0,1488650
NIFTY-II.NFO,16/12/2024,09:24:41,24967.05,24962,25,24966.95,250,0,1488650
NIFTY-II.NFO,16/12/2024,09:24:42,24967.05,24962,25,24966.55,800,0,1488650
NIFTY-II.NFO,16/12/2024,09:24:44,24967.05,24962,25,24967.2,25,0,1488650
NIFTY-II.NFO,16/12/2024,09:24:46,24967.2,24962,25,24967.7,175,25,1488650
NIFTY-II.NFO,16/12/2024,09:24:47,24967.2,24961,50,24964.85,50,0,1488650
NIFTY-II.NFO,16/12/2024,09:24:49,24961,24961,25,24966.05,50,25,1488650
NIFTY-II.NFO,16/12/2024,09:24:51,24961,24961,25,24964.95,25,0,1488650
NIFTY-II.NFO,16/12/2024,09:24:52,24967.05,24961.5,25,24966.5,25,50,1488650
NIFTY-II.NFO,16/12/2024,09:24:54,24968.4,24962.75,25,24967,25,125,1488650
NIFTY-II.NFO,16/12/2024,09:24:56,24968.4,24962.8,100,24967,25,0,1488650
NIFTY-II.NFO,16/12/2024,09:24:57,24962.8,24962.8,75,24967,25,75,1488650
NIFTY-II.NFO,16/12/2024,09:24:59,24962.8,24962.75,25,24967,25,0,1488650
NIFTY-II.NFO,16/12/2024,09:25:01,24961.3,24961.1,50,24967,25,50,1488650
NIFTY-II.NFO,16/12/2024,09:25:02,24961.3,24961.1,25,24964.95,25,0,1488650
NIFTY-II.NFO,16/12/2024,09:25:04,24961.1,24960.5,25,24965.85,125,75,1488650
NIFTY-II.NFO,16/12/2024,09:25:06,24966.65,24962.8,50,24967,25,175,1488650
NIFTY-II.NFO,16/12/2024,09:25:07,24966.65,24962.85,50,24965,25,0,1488650
NIFTY-II.NFO,16/12/2024,09:25:09,24967,24967,75,24967.3,25,50,1488650
NIFTY-II.NFO,16/12/2024,09:25:11,24967.35,24962.85,75,24968.55,75,75,1488650
NIFTY-II.NFO,16/12/2024,09:25:12,24966.95,24962.8,50,24967.05,75,50,1488650
NIFTY-II.NFO,16/12/2024,09:25:14,24960,24960,525,24964.5,150,350,1488650
NIFTY-II.NFO,16/12/2024,09:25:16,24965.65,24961,25,24965.65,100,25,1488650
NIFTY-II.NFO,16/12/2024,09:25:17,24965.65,24961.1,25,24964.55,125,0,1488650
NIFTY-II.NFO,16/12/2024,09:25:19,24960.65,24960,625,24963.9,100,125,1488650
NIFTY-II.NFO,16/12/2024,09:25:21,24960.65,24960,650,24963.65,75,0,1488650
NIFTY-II.NFO,16/12/2024,09:25:22,24960,24963.25,175,24966.3,75,100,1488650
NIFTY-II.NFO,16/12/2024,09:25:24,24967.6,24962.2,25,24967.95,25,200,1488650
NIFTY-II.NFO,16/12/2024,09:25:26,24960,24960.45,75,24965.95,25,225,1488650
NIFTY-II.NFO,16/12/2024,09:25:27,24960,24965.65,25,24967,25,0,1488650
NIFTY-II.NFO,16/12/2024,09:25:29,24965.65,24960.4,25,24963.95,25,25,1488650
NIFTY-II.NFO,16/12/2024,09:25:31,24963.95,24960.4,25,24964.95,25,25,1488650
NIFTY-II.NFO,16/12/2024,09:25:32,24964.9,24960.4,25,24963.95,25,75,1488650
NIFTY-II.NFO,16/12/2024,09:25:34,24960,24960.65,25,24962.95,25,50,1488650
NIFTY-II.NFO,16/12/2024,09:25:36,24963.95,24960.65,25,24963.95,25,25,1488650
NIFTY-II.NFO,16/12/2024,09:25:37,24965.4,24960.65,25,24964.8,25,25,1488650
NIFTY-II.NFO,16/12/2024,09:25:39,24965.4,24960.65,25,24963.3,250,0,1488650
NIFTY-II.NFO,16/12/2024,09:25:41,24960.65,24960.2,25,24961.05,250,25,1488650
NIFTY-II.NFO,16/12/2024,09:25:43,24960.65,24961.35,25,24962.3,275,0,1488650
NIFTY-II.NFO,16/12/2024,09:25:44,24960.45,24960,525,24960.45,250,75,1488650
NIFTY-II.NFO,16/12/2024,09:25:46,24960.95,24955.85,25,24960.95,25,600,1488650
NIFTY-II.NFO,16/12/2024,09:25:48,24956.65,24956.65,25,24960.95,25,25,1488650
NIFTY-II.NFO,16/12/2024,09:25:49,24960.95,24956.65,25,24961.95,25,25,1488650
NIFTY-II.NFO,16/12/2024,09:25:51,24960.95,24957.15,25,24961.95,25,0,1488650
NIFTY-II.NFO,16/12/2024,09:25:54,24960.95,24955.9,100,24961.95,25,0,1488650
NIFTY-II.NFO,16/12/2024,09:25:56,24965.2,24965.2,75,24965.45,375,125,1488650
NIFTY-II.NFO,16/12/2024,09:25:58,24965.45,24957.8,100,24962.95,25,75,1488650
NIFTY-II.NFO,16/12/2024,09:25:59,24965.45,24956.1,150,24962.95,25,0,1488650
NIFTY-II.NFO,16/12/2024,09:26:01,24956.3,24956.85,75,24962.95,25,25,1488650
NIFTY-II.NFO,16/12/2024,09:26:03,24965.4,24958.5,125,24965.95,25,25,1488650
NIFTY-II.NFO,16/12/2024,09:26:04,24966.9,24958.95,150,24966.65,475,25,1488650
NIFTY-II.NFO,16/12/2024,09:26:06,24966.45,24963.95,175,24966.2,125,50,1488650
NIFTY-II.NFO,16/12/2024,09:26:08,24966.6,24959.85,50,24964.95,25,175,1488650
NIFTY-II.NFO,16/12/2024,09:26:09,24966.6,24962.7,50,24966.6,25,0,1488650
NIFTY-II.NFO,16/12/2024,09:26:11,24966.6,24962.75,100,24966.6,25,0,1488650
NIFTY-II.NFO,16/12/2024,09:26:13,24966.6,24966.6,75,24968.9,75,25,1488650
NIFTY-II.NFO,16/12/2024,09:26:14,24968.9,24962.65,100,24968.95,25,75,1488650
NIFTY-II.NFO,16/12/2024,09:26:16,24966.6,24966.6,225,24969,150,25,1488650
NIFTY-II.NFO,16/12/2024,09:26:18,24970,24966.05,100,24970,25,225,1488650
NIFTY-II.NFO,16/12/2024,09:26:19,24968.95,24963.45,150,24969.95,25,50,1488650
NIFTY-II.NFO,16/12/2024,09:26:21,24968.95,24965.45,100,24970,25,0,1488650
NIFTY-II.NFO,16/12/2024,09:26:23,24970,24965.45,100,24970.95,25,25,1488650
NIFTY-II.NFO,16/12/2024,09:26:24,24970,24968.95,25,24973.15,100,0,1488650
NIFTY-II.NFO,16/12/2024,09:26:26,24970,24968.95,25,24974.5,100,0,1488650
NIFTY-II.NFO,16/12/2024,09:26:28,24970,24972.25,100,24974.85,25,0,1488650
NIFTY-II.NFO,16/12/2024,09:26:29,24970,24971.2,100,24974.85,25,0,1488650
NIFTY-II.NFO,16/12/2024,09:26:31,24974.85,24971.25,100,24975,25,25,1488650
NIFTY-II.NFO,16/12/2024,09:26:33,24974.85,24970,25,24975,25,0,1488650
NIFTY-II.NFO,16/12/2024,09:26:34,24974,24970,25,24973.3,125,25,1488650
NIFTY-II.NFO,16/12/2024,09:26:36,24970,24968.95,25,24974.4,100,25,1488650
NIFTY-II.NFO,16/12/2024,09:26:38,24970,24971.05,25,24975,25,0,1488650
NIFTY-II.NFO,16/12/2024,09:26:39,24975,24970.4,50,24975.75,125,25,1488650
NIFTY-II.NFO,16/12/2024,09:26:41,24975,24971,50,24975,25,0,1488650
NIFTY-II.NFO,16/12/2024,09:26:43,24971,24971,25,24975.95,25,125,1488650
NIFTY-II.NFO,16/12/2024,09:26:44,24971,24971,25,24975.3,25,0,1488650
NIFTY-II.NFO,16/12/2024,09:26:46,24971,24970,25,24973.05,25,0,1488650
NIFTY-II.NFO,16/12/2024,09:26:48,24975,24970,25,24974.65,50,125,1488650
NIFTY-II.NFO,16/12/2024,09:26:49,24975,24970,125,24973.8,475,0,1488650
NIFTY-II.NFO,16/12/2024,09:26:51,24975,24970.05,25,24971.4,25,0,1488650
NIFTY-II.NFO,16/12/2024,09:26:53,24971.75,24970.05,25,24973.8,475,25,1488650
NIFTY-II.NFO,16/12/2024,09:26:54,24971.75,24970.05,25,24974.1,25,0,1488650
NIFTY-II.NFO,16/12/2024,09:26:56,24971.75,24970.05,25,24974.4,50,0,1488650
NIFTY-II.NFO,16/12/2024,09:26:58,24971.75,24970.05,25,24973.1,100,0,1488650
NIFTY-II.NFO,16/12/2024,09:26:59,24972.9,24970.05,25,24973.95,25,25,1488650
NIFTY-II.NFO,16/12/2024,09:27:01,24971.75,24970,100,24972.2,50,325,1488650
NIFTY-II.NFO,16/12/2024,09:27:03,24971.75,24970,100,24970.6,75,0,1488650
NIFTY-II.NFO,16/12/2024,09:27:04,24971.75,24970,125,24972.45,50,0,1488650
NIFTY-II.NFO,16/12/2024,09:27:06,24971.75,24970,50,24971.8,600,100,1488650
NIFTY-II.NFO,16/12/2024,09:27:08,24971.75,24970,50,24972.85,25,0,1488650
NIFTY-II.NFO,16/12/2024,09:27:09,24971.75,24970,50,24973.05,125,0,1488650
NIFTY-II.NFO,16/12/2024,09:27:11,24967.45,24968.9,50,24970,25,175,1488650
NIFTY-II.NFO,16/12/2024,09:27:13,24970,24967.2,100,24972.95,25,25,1488650
NIFTY-II.NFO,16/12/2024,09:27:14,24975.2,24970,25,24975.2,50,75,1488650
NIFTY-II.NFO,16/12/2024,09:27:16,24975.2,24970,25,24973.35,25,25,1488650
NIFTY-II.NFO,16/12/2024,09:27:18,24968.65,24969.05,25,24974.6,25,75,1488650
NIFTY-II.NFO,16/12/2024,09:27:19,24968.65,24972.45,200,24976.05,25,0,1488650
NIFTY-II.NFO,16/12/2024,09:27:21,24975.55,24972.45,200,24975.55,25,25,1488650
NIFTY-II.NFO,16/12/2024,09:27:23,24975.55,24972.45,200,24973.95,25,0,1488650
NIFTY-II.NFO,16/12/2024,09:27:24,24975.55,24972.45,200,24974.35,50,0,1488650
NIFTY-II.NFO,16/12/2024,09:27:26,24975.55,24972.45,200,24975.35,475,0,1488650
NIFTY-II.NFO,16/12/2024,09:27:28,24975.55,24976,200,24976.05,25,25,1488650
NIFTY-II.NFO,16/12/2024,09:27:29,24976,24976,150,24976.05,25,50,1488650
NIFTY-II.NFO,16/12/2024,09:27:31,24977.3,24976,150,24976.7,25,1000,1488650
NIFTY-II.NFO,16/12/2024,09:27:33,24976.8,24976,150,24978.25,50,50,1489800
NIFTY-II.NFO,16/12/2024,09:27:34,24976,24976,50,24976.9,100,125,1489800
NIFTY-II.NFO,16/12/2024,09:27:36,24976,24976,50,24977.55,25,0,1489800
NIFTY-II.NFO,16/12/2024,09:27:38,24971.1,24971.1,100,24977.25,25,100,1489800
NIFTY-II.NFO,16/12/2024,09:27:39,24971.1,24972.05,25,24977.4,25,0,1489800
NIFTY-II.NFO,16/12/2024,09:27:41,24977.6,24972.05,25,24976.95,50,125,1489800
NIFTY-II.NFO,16/12/2024,09:27:43,24977.6,24972.1,100,24976.95,50,0,1489800
NIFTY-II.NFO,16/12/2024,09:27:44,24976.95,24972,25,24976.65,125,25,1489800
NIFTY-II.NFO,16/12/2024,09:27:46,24976.65,24972,25,24974.45,250,25,1489800
NIFTY-II.NFO,16/12/2024,09:27:48,24976.65,24972,25,24976.55,250,0,1489800
NIFTY-II.NFO,16/12/2024,09:27:49,24976.65,24973.1,100,24976.95,25,0,1489800
NIFTY-II.NFO,16/12/2024,09:27:51,24974,24972,50,24974,125,25,1489800
NIFTY-II.NFO,16/12/2024,09:27:53,24974,24972,50,24974,125,0,1489800
NIFTY-II.NFO,16/12/2024,09:27:54,24974,24972,50,24974,75,50,1489800
NIFTY-II.NFO,16/12/2024,09:27:56,24974,24972,50,24974,75,0,1489800
NIFTY-II.NFO,16/12/2024,09:27:58,24973.85,24972,25,24974,75,50,1489800
NIFTY-II.NFO,16/12/2024,09:27:59,24974,24972,25,24973.5,250,25,1489800
NIFTY-II.NFO,16/12/2024,09:28:01,24970,24970.05,25,24973.9,50,100,1489800
NIFTY-II.NFO,16/12/2024,09:28:03,24973.95,24970,75,24972.85,25,25,1489800
NIFTY-II.NFO,16/12/2024,09:28:04,24973.75,24970,75,24973.7,25,75,1489800
NIFTY-II.NFO,16/12/2024,09:28:06,24971.4,24970,75,24971,25,25,1489800
NIFTY-II.NFO,16/12/2024,09:28:08,24968,24965,25,24967.75,125,475,1489800
NIFTY-II.NFO,16/12/2024,09:28:09,24968,24965,25,24968.2,25,0,1489800
NIFTY-II.NFO,16/12/2024,09:28:11,24968,24965,25,24967.65,25,0,1489800
NIFTY-II.NFO,16/12/2024,09:28:13,24966.1,24965,25,24966.2,25,50,1489800
NIFTY-II.NFO,16/12/2024,09:28:14,24966.1,24965,25,24965.35,250,0,1489800
NIFTY-II.NFO,16/12/2024,09:28:16,24965,24960.6,75,24964.6,100,50,1489800
NIFTY-II.NFO,16/12/2024,09:28:18,24964.5,24960,50,24964.35,25,50,1489800
NIFTY-II.NFO,16/12/2024,09:28:19,24964.5,24960,50,24965.4,100,0,1489800
NIFTY-II.NFO,16/12/2024,09:28:21,24964.5,24960,50,24964.6,125,0,1489800
NIFTY-II.NFO,16/12/2024,09:28:23,24964.5,24960,50,24961.9,250,0,1489800
NIFTY-II.NFO,16/12/2024,09:28:24,24962.7,24960,50,24961.2,50,500,1489800
NIFTY-II.NFO,16/12/2024,09:28:26,24960,24956.95,25,24958.65,50,625,1489800
NIFTY-II.NFO,16/12/2024,09:28:28,24960,24956.95,25,24959.9,75,0,1489800
NIFTY-II.NFO,16/12/2024,09:28:29,24960,24956.95,25,24959.2,25,0,1489800
NIFTY-II.NFO,16/12/2024,09:28:31,24960,24960,50,24961.15,75,0,1489800
NIFTY-II.NFO,16/12/2024,09:28:33,24960,24956.95,25,24957.8,625,50,1489800
NIFTY-II.NFO,16/12/2024,09:28:34,24960,24956.95,25,24960.25,625,0,1489800
NIFTY-II.NFO,16/12/2024,09:28:36,24960,24956.95,25,24959.55,25,0,1489800
NIFTY-II.NFO,16/12/2024,09:28:38,24960,24956.95,25,24959.3,75,0,1489800
NIFTY-II.NFO,16/12/2024,09:28:39,24960,24956.95,25,24961.6,75,0,1489800
NIFTY-II.NFO,16/12/2024,09:28:41,24960,24956.95,25,24960.6,25,0,1489800
NIFTY-II.NFO,16/12/2024,09:28:43,24960,24956.95,25,24961.1,25,0,1489800
NIFTY-II.NFO,16/12/2024,09:28:44,24958.1,24958.1,100,24960,75,50,1489800
NIFTY-II.NFO,16/12/2024,09:28:46,24960,24958,25,24960,25,50,1489800
NIFTY-II.NFO,16/12/2024,09:28:48,24958,24956.95,25,24960,25,25,1489800
NIFTY-II.NFO,16/12/2024,09:28:49,24958,24956.95,25,24960,275,0,1489800
NIFTY-II.NFO,16/12/2024,09:28:51,24956.95,24955.85,25,24959.9,250,25,1489800
NIFTY-II.NFO,16/12/2024,09:28:53,24959.9,24955.85,25,24959.05,75,100,1489800
NIFTY-II.NFO,16/12/2024,09:28:54,24955.85,24955.1,25,24959.05,75,25,1489800
NIFTY-II.NFO,16/12/2024,09:28:56,24955.85,24955.15,100,24960,75,0,1489800
NIFTY-II.NFO,16/12/2024,09:28:58,24955.85,24956.1,50,24959.95,25,0,1489800
NIFTY-II.NFO,16/12/2024,09:28:59,24956.1,24955.85,25,24960,125,25,1489800
NIFTY-II.NFO,16/12/2024,09:29:01,24955.1,24955,300,24955.2,50,100,1489800
NIFTY-II.NFO,16/12/2024,09:29:03,24954.15,24954,25,24957.25,50,950,1489800
NIFTY-II.NFO,16/12/2024,09:29:04,24954.15,24954,25,24955.8,75,0,1489800
NIFTY-II.NFO,16/12/2024,09:29:06,24957.95,24954,25,24957.85,50,100,1489800
NIFTY-II.NFO,16/12/2024,09:29:08,24958.4,24954.15,25,24956.65,50,25,1489800
NIFTY-II.NFO,16/12/2024,09:29:09,24961.8,24954.15,25,24961.05,625,1800,1489800
NIFTY-II.NFO,16/12/2024,09:29:11,24954.05,24954.05,100,24958.95,25,125,1489800
NIFTY-II.NFO,16/12/2024,09:29:13,24958.95,24954,25,24958.9,100,50,1489800
NIFTY-II.NFO,16/12/2024,09:29:14,24958.95,24954,25,24957.95,25,0,1489800
NIFTY-II.NFO,16/12/2024,09:29:16,24954.05,24954,25,24958.95,25,75,1489800
NIFTY-II.NFO,16/12/2024,09:29:18,24959.85,24954,25,24958.95,25,50,1489800
NIFTY-II.NFO,16/12/2024,09:29:19,24959.85,24954.25,50,24958.95,25,0,1489800
NIFTY-II.NFO,16/12/2024,09:29:21,24959.85,24954.1,75,24958.95,25,0,1489800
NIFTY-II.NFO,16/12/2024,09:29:23,24959.85,24954,50,24958.65,100,0,1489800
NIFTY-II.NFO,16/12/2024,09:29:24,24959.85,24955,50,24959.85,100,0,1489800
NIFTY-II.NFO,16/12/2024,09:29:26,24961,24960,50,24961.2,25,275,1489800
NIFTY-II.NFO,16/12/2024,09:29:28,24960,24955,50,24960.9,25,50,1489800
NIFTY-II.NFO,16/12/2024,09:29:29,24955,24954,150,24958.95,25,75,1489800
NIFTY-II.NFO,16/12/2024,09:29:31,24958.95,24955,25,24959.95,25,25,1489800
NIFTY-II.NFO,16/12/2024,09:29:33,24958.95,24955,75,24960.95,25,0,1489800
NIFTY-II.NFO,16/12/2024,09:29:34,24961.5,24955.05,100,24960.95,25,100,1489800
NIFTY-II.NFO,16/12/2024,09:29:36,24954.05,24954.05,100,24960.95,25,125,1489800
NIFTY-II.NFO,16/12/2024,09:29:38,24954.05,24954,150,24958.9,50,0,1489800
NIFTY-II.NFO,16/12/2024,09:29:39,24954.05,24954,150,24958.05,50,0,1489800
NIFTY-II.NFO,16/12/2024,09:29:41,24954.05,24954,200,24958.3,50,0,1489800
NIFTY-II.NFO,16/12/2024,09:29:43,24958.35,24956.1,25,24956.25,125,200,1489800
NIFTY-II.NFO,16/12/2024,09:29:44,24954,24954,125,24954.6,125,125,1489800
NIFTY-II.NFO,16/12/2024,09:29:46,24954,24953.65,25,24954.15,500,125,1489800
NIFTY-II.NFO,16/12/2024,09:29:48,24954,24953.65,25,24956.45,50,0,1489800
NIFTY-II.NFO,16/12/2024,09:29:49,24954,24953.65,25,24959.45,125,0,1489800
NIFTY-II.NFO,16/12/2024,09:29:51,24952.6,24952.6,175,24956.35,125,150,1489800
NIFTY-II.NFO,16/12/2024,09:29:53,24956.1,24952.6,125,24955.65,125,550,1489800
NIFTY-II.NFO,16/12/2024,09:29:54,24956.1,24952.6,125,24954.9,25,0,1489800
NIFTY-II.NFO,16/12/2024,09:29:56,24951.7,24951.2,50,24952.75,75,175,1489800
NIFTY-II.NFO,16/12/2024,09:29:58,24950,24950,1025,24950.15,75,1225,1489800
NIFTY-II.NFO,16/12/2024,09:30:00,24948,24945,50,24948.95,25,1625,1489800
NIFTY-II.NFO,16/12/2024,09:30:00,24948,24945,50,24948.95,25,0,1489800
NIFTY-II.NFO,16/12/2024,09:30:01,24951.25,24945,75,24949.95,275,1875,1489800
NIFTY-II.NFO,16/12/2024,09:30:01,24945,24945,75,24949.95,275,0,1489800
NIFTY-II.NFO,16/12/2024,09:30:03,24949.95,24946.25,100,24952.95,175,100,1489800
NIFTY-II.NFO,16/12/2024,09:30:05,24949.95,24950.2,25,24953.2,25,0,1489800
NIFTY-II.NFO,16/12/2024,09:30:06,24955.4,24950,500,24951.7,25,100,1489800
NIFTY-II.NFO,16/12/2024,09:30:08,24950,24950,475,24953.35,75,25,1489800
NIFTY-II.NFO,16/12/2024,09:30:10,24950,24950,450,24952.35,25,25,1489800
NIFTY-II.NFO,16/12/2024,09:30:11,24950,24950,375,24951.35,25,75,1489800
NIFTY-II.NFO,16/12/2024,09:30:13,24950,24950,600,24952.7,625,75,1489800
NIFTY-II.NFO,16/12/2024,09:30:15,24953.25,24953.25,125,24954.2,625,175,1489800
NIFTY-II.NFO,16/12/2024,09:30:16,24953.25,24950,650,24953.35,625,125,1489800
NIFTY-II.NFO,16/12/2024,09:30:18,24953.25,24951,50,24952.55,25,0,1489800
NIFTY-II.NFO,16/12/2024,09:30:20,24953.25,24951,50,24951.8,250,0,1489800
NIFTY-II.NFO,16/12/2024,09:30:21,24948,24946,25,24947.85,50,825,1489800
NIFTY-II.NFO,16/12/2024,09:30:23,24942,24941.5,25,24941.85,25,575,1489800
NIFTY-II.NFO,16/12/2024,09:30:23,24942,24941.5,25,24941.85,25,0,1489800
NIFTY-II.NFO,16/12/2024,09:30:25,24940,24936,25,24939.45,25,650,1489800
NIFTY-II.NFO,16/12/2024,09:30:25,24940,24936,25,24939.45,25,0,1489800
NIFTY-II.NFO,16/12/2024,09:30:26,24942.9,24935.55,100,24942.8,25,150,1489800
NIFTY-II.NFO,16/12/2024,09:30:26,24935.5,24935.55,100,24942.8,25,0,1489800
NIFTY-II.NFO,16/12/2024,09:30:28,24943.85,24940,25,24943.65,425,125,1489800
NIFTY-II.NFO,16/12/2024,09:30:30,24944.3,24940,25,24944.2,175,50,1489800
NIFTY-II.NFO,16/12/2024,09:30:31,24935.5,24935.5,300,24940.6,25,225,1489800
NIFTY-II.NFO,16/12/2024,09:30:33,24935.5,24935.5,275,24939.95,175,25,1489800
NIFTY-II.NFO,16/12/2024,09:30:35,24935.5,24936,25,24941.85,175,0,1489800
NIFTY-II.NFO,16/12/2024,09:30:36,24943.1,24938.6,25,24941.7,25,1300,1498950
NIFTY-II.NFO,16/12/2024,09:30:38,24941.4,24938.6,25,24942.45,125,100,1498950
NIFTY-II.NFO,16/12/2024,09:30:40,24943.05,24935.9,225,24943.25,25,50,1498950
NIFTY-II.NFO,16/12/2024,09:30:41,24942.3,24935.8,175,24943.4,125,25,1498950
NIFTY-II.NFO,16/12/2024,09:30:43,24936.85,24938.75,75,24943.95,25,25,1498950
NIFTY-II.NFO,16/12/2024,09:30:45,24947.45,24940,100,24945.95,25,150,1498950
NIFTY-II.NFO,16/12/2024,09:30:46,24946.05,24942.8,25,24946.25,25,50,1498950
NIFTY-II.NFO,16/12/2024,09:30:48,24943.95,24942.8,25,24943.6,25,25,1498950
NIFTY-II.NFO,16/12/2024,09:30:50,24940.75,24936,100,24940.8,50,75,1498950
NIFTY-II.NFO,16/12/2024,09:30:51,24941.45,24936.45,100,24943.45,25,25,1498950
NIFTY-II.NFO,16/12/2024,09:30:53,24941.5,24942.05,50,24944,25,25,1498950
NIFTY-II.NFO,16/12/2024,09:30:55,24943.35,24937.95,25,24943.65,25,200,1498950
NIFTY-II.NFO,16/12/2024,09:30:56,24943,24940,50,24942.3,25,25,1498950
NIFTY-II.NFO,16/12/2024,09:30:58,24940,24940,25,24941.55,250,25,1498950
NIFTY-II.NFO,16/12/2024,09:31:00,24938.6,24936,175,24939.85,250,125,1498950
NIFTY-II.NFO,16/12/2024,09:31:01,24936,24940,25,24942.2,25,150,1498950
NIFTY-II.NFO,16/12/2024,09:31:03,24943,24940,25,24943.05,150,50,1498950
NIFTY-II.NFO,16/12/2024,09:31:05,24940.75,24937.35,150,24940.75,150,150,1498950
NIFTY-II.NFO,16/12/2024,09:31:06,24940.75,24937.55,100,24940.75,125,25,1498950
NIFTY-II.NFO,16/12/2024,09:31:08,24945,24937.95,100,24944.75,125,350,1498950
NIFTY-II.NFO,16/12/2024,09:31:10,24945,24940,150,24943.4,25,0,1498950
NIFTY-II.NFO,16/12/2024,09:31:11,24940,24940,125,24942.9,25,25,1498950
NIFTY-II.NFO,16/12/2024,09:31:13,24940,24940,50,24942.55,25,75,1498950
NIFTY-II.NFO,16/12/2024,09:31:15,24942.1,24940,75,24945,100,25,1498950
NIFTY-II.NFO,16/12/2024,09:31:16,24942.1,24940,125,24944.6,125,0,1498950
NIFTY-II.NFO,16/12/2024,09:31:18,24940.05,24940.05,100,24945,100,50,1498950
NIFTY-II.NFO,16/12/2024,09:31:20,24940.05,24940.05,100,24945,125,0,1498950
NIFTY-II.NFO,16/12/2024,09:31:21,24942,24941.7,100,24945,125,25,1498950
NIFTY-II.NFO,16/12/2024,09:31:23,24944.15,24940,125,24942.7,50,75,1498950
NIFTY-II.NFO,16/12/2024,09:31:25,24941.5,24940.05,50,24940.95,250,375,1498950
NIFTY-II.NFO,16/12/2024,09:31:26,24940,24936,50,24940.3,25,250,1498950
NIFTY-II.NFO,16/12/2024,09:31:28,24936,24935.5,300,24942,150,50,1498950
NIFTY-II.NFO,16/12/2024,09:31:30,24942,24936.05,100,24942.9,500,50,1498950
NIFTY-II.NFO,16/12/2024,09:31:31,24944.05,24936.9,175,24944.85,125,75,1498950
NIFTY-II.NFO,16/12/2024,09:31:33,24941.7,24936,50,24941.8,125,50,1498950
NIFTY-II.NFO,16/12/2024,09:31:35,24941.7,24936,50,24940.35,25,0,1498950
NIFTY-II.NFO,16/12/2024,09:31:36,24942.1,24936,100,24941.95,250,75,1498950
NIFTY-II.NFO,16/12/2024,09:31:38,24942.1,24936,125,24942.2,125,0,1498950
NIFTY-II.NFO,16/12/2024,09:31:40,24942.8,24936.05,100,24942.9,100,25,1498950
NIFTY-II.NFO,16/12/2024,09:31:41,24943.4,24941.7,50,24942.25,75,25,1498950
NIFTY-II.NFO,16/12/2024,09:31:43,24941.7,24941.7,25,24942.65,250,100,1498950
NIFTY-II.NFO,16/12/2024,09:31:45,24941.85,24936.05,175,24942.95,25,50,1498950
NIFTY-II.NFO,16/12/2024,09:31:46,24944,24936.35,100,24943.05,25,350,1498950
NIFTY-II.NFO,16/12/2024,09:31:48,24943.65,24941.7,25,24944.3,250,50,1498950
NIFTY-II.NFO,16/12/2024,09:31:50,24944,24941.7,25,24944,25,75,1498950
NIFTY-II.NFO,16/12/2024,09:31:51,24944,24941.7,25,24944,25,0,1498950
NIFTY-II.NFO,16/12/2024,09:31:53,24937.55,24937.1,100,24944.9,25,225,1498950
NIFTY-II.NFO,16/12/2024,09:31:55,24943.55,24940,50,24943.15,125,75,1498950
NIFTY-II.NFO,16/12/2024,09:31:56,24940,24940,25,24944.8,125,25,1498950
NIFTY-II.NFO,16/12/2024,09:31:58,24940,24936.05,100,24943.65,125,25,1498950
NIFTY-II.NFO,16/12/2024,09:32:00,24940,24937.85,100,24943,25,0,1498950
NIFTY-II.NFO,16/12/2024,09:32:01,24945.25,24937.85,100,24944.95,25,150,1498950
NIFTY-II.NFO,16/12/2024,09:32:03,24945.25,24940.25,100,24946.9,125,0,1498950
NIFTY-II.NFO,16/12/2024,09:32:05,24945.25,24941.05,100,24948.7,25,0,1498950
NIFTY-II.NFO,16/12/2024,09:32:06,24948.7,24941.75,75,24946.85,125,25,1498950
NIFTY-II.NFO,16/12/2024,09:32:08,24948.7,24943.05,50,24947.95,25,0,1498950
NIFTY-II.NFO,16/12/2024,09:32:10,24948.7,24942.05,100,24943,25,0,1498950
NIFTY-II.NFO,16/12/2024,09:32:11,24948.7,24941.65,100,24947.4,125,300,1498950
NIFTY-II.NFO,16/12/2024,09:32:13,24948.05,24945,25,24947.45,250,25,1498950
NIFTY-II.NFO,16/12/2024,09:32:15,24948.05,24945,25,24949.65,250,0,1498950
NIFTY-II.NFO,16/12/2024,09:32:16,24948.05,24945,25,24949.4,125,0,1498950
NIFTY-II.NFO,16/12/2024,09:32:18,24949.55,24945.05,100,24949.55,25,50,1498950
NIFTY-II.NFO,16/12/2024,09:32:20,24949.55,24945.95,100,24949.55,25,0,1498950
NIFTY-II.NFO,16/12/2024,09:32:21,24950.45,24945,25,24949.75,125,1800,1498950
NIFTY-II.NFO,16/12/2024,09:32:23,24942.55,24942.55,100,24949,125,50,1498950
NIFTY-II.NFO,16/12/2024,09:32:25,24942.55,24943.35,150,24949.15,25,0,1498950
NIFTY-II.NFO,16/12/2024,09:32:26,24942.55,24944.6,150,24947.45,25,0,1498950
NIFTY-II.NFO,16/12/2024,09:32:28,24951.45,24950,225,24951.5,25,100,1498950
NIFTY-II.NFO,16/12/2024,09:32:30,24952.1,24950,225,24953.45,475,150,1498950
NIFTY-II.NFO,16/12/2024,09:32:31,24950,24950,175,24952.05,25,50,1498950
NIFTY-II.NFO,16/12/2024,09:32:33,24952.05,24950.05,100,24955,25,25,1498950
NIFTY-II.NFO,16/12/2024,09:32:35,24959.45,24954.1,125,24959.95,25,700,1498950
NIFTY-II.NFO,16/12/2024,09:32:36,24959.45,24955,175,24957.2,25,0,1498950
NIFTY-II.NFO,16/12/2024,09:32:38,24959.45,24955,175,24959,25,0,1498950
NIFTY-II.NFO,16/12/2024,09:32:40,24959.45,24955,175,24957.65,25,0,1498950
NIFTY-II.NFO,16/12/2024,09:32:41,24957.65,24955,175,24957.4,25,25,1498950
NIFTY-II.NFO,16/12/2024,09:32:43,24958.8,24953,1500,24956.45,125,175,1498950
NIFTY-II.NFO,16/12/2024,09:32:45,24958.8,24953,1500,24954.35,25,0,1498950
NIFTY-II.NFO,16/12/2024,09:32:46,24952.5,24948.5,25,24952.5,100,1675,1498950
NIFTY-II.NFO,16/12/2024,09:32:48,24953.85,24950,50,24954.35,25,25,1498950
NIFTY-II.NFO,16/12/2024,09:32:51,24953.85,24950.5,25,24954.35,25,0,1498950
NIFTY-II.NFO,16/12/2024,09:32:55,24950,24950,100,24955.25,25,125,1498950
NIFTY-II.NFO,16/12/2024,09:32:56,24950,24950,100,24954.6,25,0,1498950
NIFTY-II.NFO,16/12/2024,09:32:58,24950,24950,125,24952.9,250,0,1498950
NIFTY-II.NFO,16/12/2024,09:33:00,24953.65,24953.65,75,24956,25,100,1498950
NIFTY-II.NFO,16/12/2024,09:33:01,24953.65,24953.65,50,24955.45,250,25,1498950
NIFTY-II.NFO,16/12/2024,09:33:03,24953.65,24953.65,50,24955.95,25,0,1498950
NIFTY-II.NFO,16/12/2024,09:33:05,24953.65,24953.65,50,24954.6,25,0,1498950
NIFTY-II.NFO,16/12/2024,09:33:06,24953.65,24953.65,75,24954.6,25,0,1498950
NIFTY-II.NFO,16/12/2024,09:33:10,24950,24948.55,100,24950,25,225,1498950
NIFTY-II.NFO,16/12/2024,09:33:11,24950,24948.5,25,24954.6,25,25,1498950
NIFTY-II.NFO,16/12/2024,09:33:13,24950,24948.5,25,24951.6,25,0,1498950
NIFTY-II.NFO,16/12/2024,09:33:15,24950,24950,25,24951.1,250,0,1498950
NIFTY-II.NFO,16/12/2024,09:33:16,24951.1,24948.5,25,24951.25,25,675,1498950
NIFTY-II.NFO,16/12/2024,09:33:18,24951.25,24948.5,25,24950.9,250,25,1498950
NIFTY-II.NFO,16/12/2024,09:33:20,24951.25,24948.5,25,24949.45,125,0,1498950
NIFTY-II.NFO,16/12/2024,09:33:21,24948.7,24948.5,25,24948.85,125,25,1498950
NIFTY-II.NFO,16/12/2024,09:33:23,24947.45,24946,25,24948.45,125,100,1498950
NIFTY-II.NFO,16/12/2024,09:33:25,24947.3,24946,25,24947.5,125,125,1498950
NIFTY-II.NFO,16/12/2024,09:33:26,24947.3,24946,25,24947,250,0,1498950
NIFTY-II.NFO,16/12/2024,09:33:28,24946,24945,200,24946.55,150,25,1498950
NIFTY-II.NFO,16/12/2024,09:33:30,24946,24945,200,24947.2,125,0,1498950
NIFTY-II.NFO,16/12/2024,09:33:31,24946,24945,200,24947.05,25,0,1498950
NIFTY-II.NFO,16/12/2024,09:33:33,24945,24940,150,24941.5,50,200,1498950
NIFTY-II.NFO,16/12/2024,09:33:35,24940,24940,75,24942.35,25,50,1506150
NIFTY-II.NFO,16/12/2024,09:33:36,24944.2,24940,75,24944.05,25,25,1506150
NIFTY-II.NFO,16/12/2024,09:33:38,24944.2,24940,75,24942.4,25,0,1506150
NIFTY-II.NFO,16/12/2024,09:33:40,24944.2,24940,75,24942.45,50,0,1506150
NIFTY-II.NFO,16/12/2024,09:33:41,24943.05,24940,75,24943.05,25,25,1506150
NIFTY-II.NFO,16/12/2024,09:33:43,24943.05,24940,125,24942.8,25,0,1506150
NIFTY-II.NFO,16/12/2024,09:33:45,24943.05,24940,125,24942.5,25,0,1506150
NIFTY-II.NFO,16/12/2024,09:33:46,24942.15,24940,125,24943.1,25,25,1506150
NIFTY-II.NFO,16/12/2024,09:33:48,24942.15,24940,125,24942.2,25,0,1506150
NIFTY-II.NFO,16/12/2024,09:33:50,24942.15,24940,150,24942.4,25,0,1506150
NIFTY-II.NFO,16/12/2024,09:33:51,24942.65,24940,150,24943.1,25,125,1506150
NIFTY-II.NFO,16/12/2024,09:33:53,24940,24940,100,24943.05,125,50,1506150
NIFTY-II.NFO,16/12/2024,09:33:55,24939.65,24937,25,24940.8,250,125,1506150
NIFTY-II.NFO,16/12/2024,09:33:56,24939.65,24937.05,100,24943.95,25,0,1506150
NIFTY-II.NFO,16/12/2024,09:33:58,24939.65,24937,25,24941.45,125,0,1506150
NIFTY-II.NFO,16/12/2024,09:34:00,24941.45,24937.05,100,24944.45,75,100,1506150
NIFTY-II.NFO,16/12/2024,09:34:02,24944.4,24941,100,24942.9,100,100,1506150
NIFTY-II.NFO,16/12/2024,09:34:03,24944.4,24941,100,24943.45,25,0,1506150
NIFTY-II.NFO,16/12/2024,09:34:05,24941,24940,100,24941.15,250,125,1506150
NIFTY-II.NFO,16/12/2024,09:34:07,24941.55,24940,100,24940.8,25,25,1506150
NIFTY-II.NFO,16/12/2024,09:34:08,24940.8,24940,100,24941,250,25,1506150
NIFTY-II.NFO,16/12/2024,09:34:10,24940,24937,25,24939.5,100,100,1506150
NIFTY-II.NFO,16/12/2024,09:34:12,24940,24937,25,24941,25,0,1506150
NIFTY-II.NFO,16/12/2024,09:34:13,24940,24940.8,25,24941,25,0,1506150
NIFTY-II.NFO,16/12/2024,09:34:15,24940,24937,25,24941,25,50,1506150
NIFTY-II.NFO,16/12/2024,09:34:17,24940.5,24937,25,24941.55,250,25,1506150
NIFTY-II.NFO,16/12/2024,09:34:18,24940.5,24937,25,24941,250,0,1506150
NIFTY-II.NFO,16/12/2024,09:34:20,24940.5,24937,25,24940.15,250,0,1506150
NIFTY-II.NFO,16/12/2024,09:34:22,24940.5,24937,25,24941.1,500,0,1506150
NIFTY-II.NFO,16/12/2024,09:34:23,24938.85,24936,175,24938.9,250,125,1506150
NIFTY-II.NFO,16/12/2024,09:34:25,24938.85,24936,175,24938,900,0,1506150
NIFTY-II.NFO,16/12/2024,09:34:27,24936,24936,150,24938,900,25,1506150
NIFTY-II.NFO,16/12/2024,09:34:28,24936,24936.05,100,24938,900,25,1506150
NIFTY-II.NFO,16/12/2024,09:34:30,24938,24936.05,100,24938,850,50,1506150
NIFTY-II.NFO,16/12/2024,09:34:32,24938,24936,150,24938,850,0,1506150
NIFTY-II.NFO,16/12/2024,09:34:33,24938,24936.05,100,24938,825,25,1506150
NIFTY-II.NFO,16/12/2024,09:34:35,24938,24936.05,100,24938,700,150,1506150
NIFTY-II.NFO,16/12/2024,09:34:37,24938,24936,150,24938,675,25,1506150
NIFTY-II.NFO,16/12/2024,09:34:38,24938,24936,175,24938,575,100,1506150
NIFTY-II.NFO,16/12/2024,09:34:40,24936,24936.05,100,24938,550,75,1506150
NIFTY-II.NFO,16/12/2024,09:34:42,24937.9,24938.05,100,24945,50,575,1506150
NIFTY-II.NFO,16/12/2024,09:34:43,24945.4,24940,25,24945.2,125,75,1506150
NIFTY-II.NFO,16/12/2024,09:34:45,24945.4,24940,25,24941.55,325,0,1506150
NIFTY-II.NFO,16/12/2024,09:34:47,24942.25,24940,25,24942.55,125,25,1506150
NIFTY-II.NFO,16/12/2024,09:34:48,24942.9,24940,25,24943,125,25,1506150
NIFTY-II.NFO,16/12/2024,09:34:50,24938,24938.05,100,24945.1,125,75,1506150
NIFTY-II.NFO,16/12/2024,09:34:52,24938.05,24938,50,24944,675,25,1506150
NIFTY-II.NFO,16/12/2024,09:34:53,24938.05,24938,50,24944.15,75,0,1506150
NIFTY-II.NFO,16/12/2024,09:34:55,24938.05,24938,50,24943.45,175,0,1506150
NIFTY-II.NFO,16/12/2024,09:34:57,24938.05,24938,50,24941.95,125,0,1506150
NIFTY-II.NFO,16/12/2024,09:34:58,24938.05,24938.55,100,24946.15,250,0,1506150
NIFTY-II.NFO,16/12/2024,09:35:00,24938.05,24938,550,24940.95,125,0,1506150
NIFTY-II.NFO,16/12/2024,09:35:02,24938.05,24938,550,24939.3,250,0,1506150
NIFTY-II.NFO,16/12/2024,09:35:03,24938.05,24938,550,24938.8,125,25,1506150
NIFTY-II.NFO,16/12/2024,09:35:05,24940.3,24938.05,25,24940.4,75,275,1506150
NIFTY-II.NFO,16/12/2024,09:35:07,24940.3,24938.05,50,24940.45,250,0,1506150
NIFTY-II.NFO,16/12/2024,09:35:08,24940.3,24938.05,50,24940.3,75,0,1506150
NIFTY-II.NFO,16/12/2024,09:35:10,24940.3,24938.05,50,24941.05,250,0,1506150
NIFTY-II.NFO,16/12/2024,09:35:12,24941.15,24938.05,50,24940.3,100,25,1506150
NIFTY-II.NFO,16/12/2024,09:35:13,24941.15,24938.05,50,24940.3,100,0,1506150
NIFTY-II.NFO,16/12/2024,09:35:15,24940.3,24938.05,50,24939.4,150,25,1506150
NIFTY-II.NFO,16/12/2024,09:35:17,24939.6,24938.05,75,24940.3,100,200,1506150
NIFTY-II.NFO,16/12/2024,09:35:18,24939.6,24938.05,75,24940.3,75,0,1506150
NIFTY-II.NFO,16/12/2024,09:35:20,24940.3,24938.4,100,24940.3,50,25,1506150
NIFTY-II.NFO,16/12/2024,09:35:22,24942,24942.7,50,24948.85,75,125,1506150
NIFTY-II.NFO,16/12/2024,09:35:23,24942,24945.05,100,24950,125,0,1506150
NIFTY-II.NFO,16/12/2024,09:35:25,24942,24944.2,75,24949.25,50,0,1506150
NIFTY-II.NFO,16/12/2024,09:35:27,24942,24943.2,75,24948.65,125,0,1506150
NIFTY-II.NFO,16/12/2024,09:35:28,24948.7,24945,25,24949.4,25,175,1506150
NIFTY-II.NFO,16/12/2024,09:35:30,24948.7,24947.1,50,24949.4,25,0,1506150
NIFTY-II.NFO,16/12/2024,09:35:32,24948.7,24945,25,24949.4,25,0,1506150
NIFTY-II.NFO,16/12/2024,09:35:33,24950,24945,25,24950,75,125,1506150
NIFTY-II.NFO,16/12/2024,09:35:35,24950,24945,25,24949.75,75,0,1506150
NIFTY-II.NFO,16/12/2024,09:35:37,24950,24945.25,100,24950,75,0,1506150
NIFTY-II.NFO,16/12/2024,09:35:38,24950,24946.25,100,24950,50,25,1506150
NIFTY-II.NFO,16/12/2024,09:35:40,24950,24945.25,100,24950,50,0,1506150
NIFTY-II.NFO,16/12/2024,09:35:42,24950,24945,25,24949.9,75,25,1506150
NIFTY-II.NFO,16/12/2024,09:35:43,24950,24946.6,100,24951.8,75,25,1506150
NIFTY-II.NFO,16/12/2024,09:35:45,24950,24950,50,24952.35,375,0,1506150
NIFTY-II.NFO,16/12/2024,09:35:47,24950,24950,125,24953.65,100,0,1506150
NIFTY-II.NFO,16/12/2024,09:35:48,24950,24950,125,24953.65,25,0,1506150
NIFTY-II.NFO,16/12/2024,09:35:50,24954.8,24950,75,24955,75,50,1506150
NIFTY-II.NFO,16/12/2024,09:35:52,24955.05,24950,75,24953.9,50,25,1506150
NIFTY-II.NFO,16/12/2024,09:35:53,24954.15,24950.1,75,24954.2,25,25,1506150
NIFTY-II.NFO,16/12/2024,09:35:55,24955.1,24950,25,24955,125,175,1506150
NIFTY-II.NFO,16/12/2024,09:35:57,24955.1,24950,25,24951.55,25,0,1506150
NIFTY-II.NFO,16/12/2024,09:35:58,24951.3,24950.65,25,24953.65,250,75,1506150
NIFTY-II.NFO,16/12/2024,09:36:00,24952.9,24950.65,25,24951.8,125,25,1506150
NIFTY-II.NFO,16/12/2024,09:36:02,24950.65,24950,150,24952.3,125,25,1506150
NIFTY-II.NFO,16/12/2024,09:36:03,24948.7,24945,300,24947.95,250,400,1506150
NIFTY-II.NFO,16/12/2024,09:36:05,24945,24942,25,24944.65,250,300,1506150
NIFTY-II.NFO,16/12/2024,09:36:07,24942,24940.3,25,24942,200,25,1506150
NIFTY-II.NFO,16/12/2024,09:36:08,24942,24940.3,25,24943.2,25,25,1506150
NIFTY-II.NFO,16/12/2024,09:36:10,24942,24940.3,25,24943.15,25,0,1506150
NIFTY-II.NFO,16/12/2024,09:36:12,24942.85,24940.3,25,24942.05,125,50,1506150
NIFTY-II.NFO,16/12/2024,09:36:13,24940.15,24938.75,25,24940.3,250,200,1506150
NIFTY-II.NFO,16/12/2024,09:36:15,24938,24936,250,24938.15,250,650,1506150
NIFTY-II.NFO,16/12/2024,09:36:17,24938,24936,250,24938.8,300,0,1506150
NIFTY-II.NFO,16/12/2024,09:36:18,24938,24936,250,24937.95,250,0,1506150
NIFTY-II.NFO,16/12/2024,09:36:20,24936,24936,150,24936.15,175,100,1506150
NIFTY-II.NFO,16/12/2024,09:36:22,24936,24935,375,24935.9,400,150,1506150
NIFTY-II.NFO,16/12/2024,09:36:23,24936,24935,375,24935.1,175,0,1506150
NIFTY-II.NFO,16/12/2024,09:36:25,24933,24932,75,24933.55,250,500,1506150
NIFTY-II.NFO,16/12/2024,09:36:25,24933,24932,75,24933.55,250,0,1506150
NIFTY-II.NFO,16/12/2024,09:36:27,24931.55,24931.05,25,24931.9,150,150,1506150
NIFTY-II.NFO,16/12/2024,09:36:27,24931.1,24931.05,25,24931.9,150,0,1506150
NIFTY-II.NFO,16/12/2024,09:36:28,24925,24925,925,24930.3,150,1450,1506150
NIFTY-II.NFO,16/12/2024,09:36:28,24925,24925,925,24930.3,150,0,1506150
NIFTY-II.NFO,16/12/2024,09:36:30,24925,24925,925,24929.75,125,0,1506150
NIFTY-II.NFO,16/12/2024,09:36:32,24925.05,24925.05,100,24931.9,25,50,1506150
NIFTY-II.NFO,16/12/2024,09:36:33,24930,24925,925,24930.9,150,25,1506150
NIFTY-II.NFO,16/12/2024,09:36:35,24925.05,24925.05,100,24930.9,150,25,1508500
NIFTY-II.NFO,16/12/2024,09:36:37,24927.85,24927.65,100,24933.75,150,25,1508500
NIFTY-II.NFO,16/12/2024,09:36:38,24932.55,24925.1,75,24932.85,375,125,1508500
NIFTY-II.NFO,16/12/2024,09:36:40,24932.55,24929.9,50,24933.1,25,0,1508500
NIFTY-II.NFO,16/12/2024,09:36:42,24929.9,24929.95,75,24936.05,25,25,1508500
NIFTY-II.NFO,16/12/2024,09:36:43,24929.9,24929.9,25,24935.5,150,0,1508500
NIFTY-II.NFO,16/12/2024,09:36:45,24935,24933.1,50,24936.4,100,50,1508500
NIFTY-II.NFO,16/12/2024,09:36:47,24935,24933.1,50,24936.35,175,0,1508500
NIFTY-II.NFO,16/12/2024,09:36:48,24936.35,24933.1,50,24934.35,25,25,1508500
NIFTY-II.NFO,16/12/2024,09:36:50,24933.1,24929.9,25,24931.5,25,50,1508500
NIFTY-II.NFO,16/12/2024,09:36:52,24929.9,24928.05,125,24934.85,25,25,1508500
NIFTY-II.NFO,16/12/2024,09:36:53,24934.35,24927.1,75,24933.8,200,50,1508500
NIFTY-II.NFO,16/12/2024,09:36:55,24927.3,24926.3,25,24934.05,25,50,1508500
NIFTY-II.NFO,16/12/2024,09:36:57,24934.8,24929.3,25,24936.2,25,50,1508500
NIFTY-II.NFO,16/12/2024,09:36:58,24934.8,24930.45,100,24936.2,25,0,1508500
NIFTY-II.NFO,16/12/2024,09:37:00,24930.75,24930,25,24936.2,25,50,1508500
NIFTY-II.NFO,16/12/2024,09:37:02,24936.2,24931.45,75,24935,50,25,1508500
NIFTY-II.NFO,16/12/2024,09:37:03,24936.2,24931.65,50,24935,50,0,1508500
NIFTY-II.NFO,16/12/2024,09:37:05,24936.2,24932.1,250,24935,50,0,1508500
NIFTY-II.NFO,16/12/2024,09:37:07,24938,24935.1,50,24942.6,75,75,1508500
NIFTY-II.NFO,16/12/2024,09:37:08,24934.65,24935.15,50,24942.6,75,25,1508500
NIFTY-II.NFO,16/12/2024,09:37:10,24934.65,24933.2,50,24941.3,75,0,1508500
NIFTY-II.NFO,16/12/2024,09:37:12,24938,24938,75,24941.2,100,25,1508500
NIFTY-II.NFO,16/12/2024,09:37:13,24939.85,24938,175,24939.95,75,25,1508500
NIFTY-II.NFO,16/12/2024,09:37:15,24940.85,24938,175,24942.25,300,100,1508500
NIFTY-II.NFO,16/12/2024,09:37:17,24940.85,24938,175,24942.1,100,0,1508500
NIFTY-II.NFO,16/12/2024,09:37:18,24940.85,24938,175,24943.1,100,0,1508500
NIFTY-II.NFO,16/12/2024,09:37:20,24942.9,24938,175,24942.95,100,25,1508500
NIFTY-II.NFO,16/12/2024,09:37:22,24941.95,24938,175,24941.3,100,75,1508500
NIFTY-II.NFO,16/12/2024,09:37:23,24941.95,24938,175,24939.75,100,0,1508500
NIFTY-II.NFO,16/12/2024,09:37:25,24939.65,24938,175,24938.9,200,25,1508500
NIFTY-II.NFO,16/12/2024,09:37:27,24939.65,24939,25,24941.15,200,0,1508500
NIFTY-II.NFO,16/12/2024,09:37:28,24939.65,24939,25,24942.15,200,0,1508500
NIFTY-II.NFO,16/12/2024,09:37:30,24939.65,24939,25,24943.7,200,0,1508500
NIFTY-II.NFO,16/12/2024,09:37:32,24943.05,24939,25,24940.5,150,50,1508500
NIFTY-II.NFO,16/12/2024,09:37:33,24939,24938,200,24942.95,150,25,1508500
NIFTY-II.NFO,16/12/2024,09:37:35,24939,24940,500,24942.55,25,0,1508500
NIFTY-II.NFO,16/12/2024,09:37:37,24939,24940,500,24942.85,25,0,1508500
NIFTY-II.NFO,16/12/2024,09:37:38,24939,24940,500,24943.05,25,0,1508500
NIFTY-II.NFO,16/12/2024,09:37:40,24943.05,24943.05,25,24948.8,150,25,1508500
NIFTY-II.NFO,16/12/2024,09:37:42,24943.05,24941.25,200,24947.9,150,25,1508500
NIFTY-II.NFO,16/12/2024,09:37:43,24940.75,24940.75,125,24947.95,25,125,1508500
NIFTY-II.NFO,16/12/2024,09:37:45,24948.5,24947.75,50,24950.05,200,50,1508500
NIFTY-II.NFO,16/12/2024,09:37:47,24947.75,24945,25,24950.7,75,75,1508500
NIFTY-II.NFO,16/12/2024,09:37:48,24947.75,24945,25,24950.55,200,0,1508500
NIFTY-II.NFO,16/12/2024,09:37:50,24947.75,24945.6,175,24950.95,25,0,1508500
NIFTY-II.NFO,16/12/2024,09:37:52,24950,24945.75,75,24949.75,200,50,1508500
NIFTY-II.NFO,16/12/2024,09:37:53,24950,24945,25,24948.95,25,0,1508500
NIFTY-II.NFO,16/12/2024,09:37:55,24949.7,24950,25,24952.85,200,25,1508500
NIFTY-II.NFO,16/12/2024,09:37:57,24949.7,24950,25,24951.9,125,0,1508500
NIFTY-II.NFO,16/12/2024,09:37:58,24950,24945.8,75,24951,200,75,1508500
NIFTY-II.NFO,16/12/2024,09:38:00,24950,24946.3,75,24952.35,275,0,1508500
NIFTY-II.NFO,16/12/2024,09:38:02,24950,24945,25,24948.75,200,0,1508500
NIFTY-II.NFO,16/12/2024,09:38:03,24950,24945.05,175,24950,25,0,1508500
NIFTY-II.NFO,16/12/2024,09:38:05,24950,24949.7,25,24950,25,0,1508500
NIFTY-II.NFO,16/12/2024,09:38:07,24949.65,24945,50,24950.95,25,275,1508500
NIFTY-II.NFO,16/12/2024,09:38:08,24951.15,24945.05,200,24951.7,75,150,1508500
NIFTY-II.NFO,16/12/2024,09:38:10,24951.2,24945,50,24949.75,300,150,1508500
NIFTY-II.NFO,16/12/2024,09:38:12,24945,24945,125,24946.05,300,25,1508500
NIFTY-II.NFO,16/12/2024,09:38:14,24945,24945,125,24948,75,0,1508500
NIFTY-II.NFO,16/12/2024,09:38:15,24945,24945,75,24948.7,300,175,1508500
NIFTY-II.NFO,16/12/2024,09:38:17,24945,24945,75,24946.8,50,0,1508500
NIFTY-II.NFO,16/12/2024,09:38:19,24945,24945,75,24946.8,225,0,1508500
NIFTY-II.NFO,16/12/2024,09:38:20,24945,24945,50,24947.8,300,50,1508500
NIFTY-II.NFO,16/12/2024,09:38:22,24947,24945,75,24948.15,25,150,1508500
NIFTY-II.NFO,16/12/2024,09:38:24,24947,24948,500,24949.15,25,0,1508500
NIFTY-II.NFO,16/12/2024,09:38:25,24947,24948,500,24949.95,25,0,1508500
NIFTY-II.NFO,16/12/2024,09:38:27,24947,24948,500,24950.15,50,0,1508500
NIFTY-II.NFO,16/12/2024,09:38:29,24951.9,24948,500,24951.1,150,100,1508500
NIFTY-II.NFO,16/12/2024,09:38:30,24948,24945,125,24947.9,250,550,1508500
NIFTY-II.NFO,16/12/2024,09:38:32,24947.9,24945,125,24947.5,175,25,1508500
NIFTY-II.NFO,16/12/2024,09:38:34,24948.25,24945,125,24948.05,75,25,1508500
NIFTY-II.NFO,16/12/2024,09:38:35,24948.25,24946,25,24949.6,100,0,1508500
NIFTY-II.NFO,16/12/2024,09:38:37,24948.85,24946,25,24949.65,100,300,1508500
NIFTY-II.NFO,16/12/2024,09:38:39,24946,24945,125,24945.9,75,25,1508500
NIFTY-II.NFO,16/12/2024,09:38:40,24945,24943.05,25,24945.2,50,125,1508500
NIFTY-II.NFO,16/12/2024,09:38:42,24945,24943.05,25,24943.9,250,25,1508500
NIFTY-II.NFO,16/12/2024,09:38:44,24944.9,24945,500,24946.3,250,25,1508500
NIFTY-II.NFO,16/12/2024,09:38:45,24946.8,24945,525,24946.75,275,25,1508500
NIFTY-II.NFO,16/12/2024,09:38:47,24947.25,24945.1,50,24948.4,225,25,1508500
NIFTY-II.NFO,16/12/2024,09:38:49,24947.25,24946,125,24947.1,25,0,1508500
NIFTY-II.NFO,16/12/2024,09:38:50,24948.25,24946,125,24948,150,50,1508500
NIFTY-II.NFO,16/12/2024,09:38:52,24947.75,24946,125,24946.95,200,25,1508500
NIFTY-II.NFO,16/12/2024,09:38:54,24946,24946,100,24947.55,100,50,1508500
NIFTY-II.NFO,16/12/2024,09:38:55,24946,24946,100,24949.75,175,0,1508500
NIFTY-II.NFO,16/12/2024,09:38:57,24946,24946,100,24947,50,0,1508500
NIFTY-II.NFO,16/12/2024,09:38:59,24946,24945,550,24945.75,175,100,1508500
NIFTY-II.NFO,16/12/2024,09:39:00,24945,24943.05,25,24945.25,50,575,1508500
NIFTY-II.NFO,16/12/2024,09:39:02,24944.65,24941,25,24944.55,225,375,1508500
NIFTY-II.NFO,16/12/2024,09:39:04,24944.05,24941,25,24944.65,175,75,1508500
NIFTY-II.NFO,16/12/2024,09:39:05,24945.05,24941,25,24945.25,125,50,1508500
NIFTY-II.NFO,16/12/2024,09:39:07,24944.8,24941,25,24945.7,225,50,1508500
NIFTY-II.NFO,16/12/2024,09:39:09,24945.7,24944,25,24945.65,25,25,1508500
NIFTY-II.NFO,16/12/2024,09:39:10,24944.65,24944,25,24944.1,125,75,1508500
NIFTY-II.NFO,16/12/2024,09:39:12,24943.75,24942,600,24944.35,125,75,1508500
NIFTY-II.NFO,16/12/2024,09:39:14,24943.15,24942,600,24942.35,175,25,1508500
NIFTY-II.NFO,16/12/2024,09:39:15,24940.65,24940,200,24940.5,175,800,1508500
NIFTY-II.NFO,16/12/2024,09:39:17,24938.9,24939,25,24939.85,150,325,1508500
NIFTY-II.NFO,16/12/2024,09:39:19,24939.85,24938,125,24941.55,200,25,1508500
NIFTY-II.NFO,16/12/2024,09:39:20,24940.85,24938,125,24940.55,50,75,1508500
NIFTY-II.NFO,16/12/2024,09:39:22,24941,24938,125,24941,150,25,1508500
NIFTY-II.NFO,16/12/2024,09:39:24,24940.15,24938,150,24939.85,100,50,1508500
NIFTY-II.NFO,16/12/2024,09:39:25,24942.4,24938,150,24942.45,175,225,1508500
NIFTY-II.NFO,16/12/2024,09:39:27,24936.25,24936.25,50,24942.6,125,600,1508500
NIFTY-II.NFO,16/12/2024,09:39:29,24942.3,24942.3,50,24944.8,25,125,1508500
NIFTY-II.NFO,16/12/2024,09:39:30,24943.25,24940,150,24943.9,150,125,1508500
NIFTY-II.NFO,16/12/2024,09:39:32,24942.9,24940,150,24943.1,175,225,1508500
NIFTY-II.NFO,16/12/2024,09:39:34,24943.65,24940,150,24942.85,75,150,1508500
NIFTY-II.NFO,16/12/2024,09:39:35,24943,24940,150,24941.5,25,50,1511775
NIFTY-II.NFO,16/12/2024,09:39:37,24939.6,24939.6,25,24939.95,200,250,1511775
NIFTY-II.NFO,16/12/2024,09:39:39,24940.65,24940.65,50,24942,250,50,1511775
NIFTY-II.NFO,16/12/2024,09:39:40,24940.05,24940.05,25,24940.1,175,125,1511775
NIFTY-II.NFO,16/12/2024,09:39:42,24941.35,24941.35,50,24941.4,125,125,1511775
NIFTY-II.NFO,16/12/2024,09:39:44,24940.3,24939.6,25,24940.3,50,325,1511775
NIFTY-II.NFO,16/12/2024,09:39:45,24940.3,24938,50,24940.15,125,325,1511775
NIFTY-II.NFO,16/12/2024,09:39:47,24940.05,24940.05,150,24941.15,175,275,1511775
NIFTY-II.NFO,16/12/2024,09:39:49,24940.05,24940.05,150,24940.9,25,0,1511775
NIFTY-II.NFO,16/12/2024,09:39:50,24940.05,24938,50,24941.4,25,175,1511775
NIFTY-II.NFO,16/12/2024,09:39:52,24940.05,24938,50,24940.05,1500,0,1511775
NIFTY-II.NFO,16/12/2024,09:39:59,24940.05,24938,50,24939.9,25,0,1511775
NIFTY-II.NFO,16/12/2024,09:40:00,24940.05,24938,50,24940.05,1500,0,1511775
NIFTY-II.NFO,16/12/2024,09:40:02,24938.3,24938.35,50,24940.05,1475,75,1511775
NIFTY-II.NFO,16/12/2024,09:40:04,24948.9,24943.1,50,24949.3,25,1500,1511775
NIFTY-II.NFO,16/12/2024,09:40:05,24948.9,24939.3,25,24947.9,200,0,1511775
NIFTY-II.NFO,16/12/2024,09:40:07,24947.15,24939.8,100,24947.15,200,100,1511775
NIFTY-II.NFO,16/12/2024,09:40:09,24948.1,24940.55,125,24948.1,450,100,1511775
NIFTY-II.NFO,16/12/2024,09:40:10,24946.95,24946.95,75,24947.15,200,25,1511775
NIFTY-II.NFO,16/12/2024,09:40:12,24947.15,24938.25,200,24946.4,200,75,1511775
NIFTY-II.NFO,16/12/2024,09:40:13,24946.9,24940.15,275,24946.95,25,50,1511775
NIFTY-II.NFO,16/12/2024,09:40:15,24947.9,24939.8,75,24947.9,450,325,1511775
NIFTY-II.NFO,16/12/2024,09:40:17,24946.65,24947.15,25,24947.25,200,25,1511775
NIFTY-II.NFO,16/12/2024,09:40:18,24947.05,24941.05,100,24947.95,25,50,1511775
NIFTY-II.NFO,16/12/2024,09:40:20,24947.05,24941.05,100,24947.9,200,0,1511775
NIFTY-II.NFO,16/12/2024,09:40:22,24947.05,24941,25,24946.75,250,0,1511775
NIFTY-II.NFO,16/12/2024,09:40:24,24947.05,24941.05,100,24947.7,200,0,1511775
NIFTY-II.NFO,16/12/2024,09:40:25,24947.05,24941.05,100,24947.95,25,0,1511775
NIFTY-II.NFO,16/12/2024,09:40:27,24941.05,24946.75,50,24946.85,25,25,1511775
NIFTY-II.NFO,16/12/2024,09:40:29,24941.05,24946.75,50,24948.4,175,0,1511775
NIFTY-II.NFO,16/12/2024,09:40:30,24941.05,24946.75,50,24949,50,0,1511775
NIFTY-II.NFO,16/12/2024,09:40:32,24948.25,24946.85,100,24947.9,250,500,1511775
NIFTY-II.NFO,16/12/2024,09:40:34,24946.85,24946.85,125,24949,50,25,1511775
NIFTY-II.NFO,16/12/2024,09:40:35,24949,24948.8,75,24954.9,175,50,1511775
NIFTY-II.NFO,16/12/2024,09:40:37,24954.9,24949.05,75,24954.15,150,25,1511775
NIFTY-II.NFO,16/12/2024,09:40:39,24954.8,24951.05,75,24955,25,250,1511775
NIFTY-II.NFO,16/12/2024,09:40:40,24960,24960,50,24960.1,250,150,1511775
NIFTY-II.NFO,16/12/2024,09:40:42,24962,24962.05,75,24966,25,100,1511775
NIFTY-II.NFO,16/12/2024,09:40:44,24960,24954.7,75,24961.95,150,750,1511775
NIFTY-II.NFO,16/12/2024,09:40:45,24963.3,24960,25,24963.65,25,450,1511775
NIFTY-II.NFO,16/12/2024,09:40:47,24963,24963,50,24964.35,375,175,1511775
NIFTY-II.NFO,16/12/2024,09:40:49,24962.9,24956.85,75,24962.9,100,200,1511775
NIFTY-II.NFO,16/12/2024,09:40:50,24964.75,24958.3,75,24963.6,250,175,1511775
NIFTY-II.NFO,16/12/2024,09:40:52,24962.35,24955.3,75,24962.35,150,300,1511775
NIFTY-II.NFO,16/12/2024,09:40:54,24960.75,24954.55,75,24961.3,75,375,1511775
NIFTY-II.NFO,16/12/2024,09:40:55,24961.85,24956.05,75,24962.65,25,175,1511775
NIFTY-II.NFO,16/12/2024,09:40:57,24962.85,24954.3,75,24961.25,25,75,1511775
NIFTY-II.NFO,16/12/2024,09:40:59,24962.2,24956.05,75,24962.25,175,75,1511775
NIFTY-II.NFO,16/12/2024,09:41:00,24962.2,24960.8,75,24966.05,175,0,1511775
NIFTY-II.NFO,16/12/2024,09:41:02,24960.85,24961.3,25,24964,25,75,1511775
NIFTY-II.NFO,16/12/2024,09:41:04,24967.25,24962.05,25,24968,25,50,1511775
NIFTY-II.NFO,16/12/2024,09:41:05,24973.75,24971,25,24973.4,150,600,1511775
NIFTY-II.NFO,16/12/2024,09:41:07,24970,24965.6,100,24970,125,100,1511775
NIFTY-II.NFO,16/12/2024,09:41:09,24970,24965.55,100,24970,50,75,1511775
NIFTY-II.NFO,16/12/2024,09:41:10,24970,24964.05,25,24971.35,25,325,1511775
NIFTY-II.NFO,16/12/2024,09:41:12,24971.4,24962.25,25,24969.65,200,100,1511775
NIFTY-II.NFO,16/12/2024,09:41:14,24970.5,24964.55,25,24970.95,250,275,1511775
NIFTY-II.NFO,16/12/2024,09:41:15,24970.95,24966.1,75,24970.05,25,100,1511775
NIFTY-II.NFO,16/12/2024,09:41:17,24964.5,24966.75,250,24968,25,100,1511775
NIFTY-II.NFO,16/12/2024,09:41:19,24968,24967.1,75,24972.85,200,25,1511775
NIFTY-II.NFO,16/12/2024,09:41:22,24968,24964.25,250,24971.25,200,0,1511775
NIFTY-II.NFO,16/12/2024,09:41:24,24969.7,24961,25,24966.85,25,25,1511775
NIFTY-II.NFO,16/12/2024,09:41:25,24969.7,24961,25,24965.2,225,0,1511775
NIFTY-II.NFO,16/12/2024,09:41:27,24964.3,24961,25,24964.85,25,25,1511775
NIFTY-II.NFO,16/12/2024,09:41:29,24964.3,24961,25,24964.8,375,0,1511775
NIFTY-II.NFO,16/12/2024,09:41:30,24964.3,24961,25,24965.4,200,0,1511775
NIFTY-II.NFO,16/12/2024,09:41:32,24964.3,24961,25,24966.9,200,0,1511775
NIFTY-II.NFO,16/12/2024,09:41:34,24964.7,24961,25,24965.15,200,200,1511775
NIFTY-II.NFO,16/12/2024,09:41:35,24964.55,24961,25,24964.55,75,150,1511775
NIFTY-II.NFO,16/12/2024,09:41:37,24965.2,24961,25,24965.5,75,375,1511775
NIFTY-II.NFO,16/12/2024,09:41:39,24965.55,24961,25,24963.65,25,150,1511775
NIFTY-II.NFO,16/12/2024,09:41:40,24964.5,24964.5,75,24964.55,25,50,1511775
NIFTY-II.NFO,16/12/2024,09:41:42,24963.7,24961,25,24963.95,375,225,1511775
NIFTY-II.NFO,16/12/2024,09:41:44,24964,24961,25,24965.1,50,250,1511775
NIFTY-II.NFO,16/12/2024,09:41:45,24965.55,24961,25,24965.65,50,125,1511775
NIFTY-II.NFO,16/12/2024,09:41:47,24963.45,24961,50,24963.8,175,200,1511775
NIFTY-II.NFO,16/12/2024,09:41:49,24962.95,24961,75,24964.45,175,25,1511775
NIFTY-II.NFO,16/12/2024,09:41:50,24962.95,24961,75,24964.4,25,0,1511775
NIFTY-II.NFO,16/12/2024,09:41:52,24965.7,24961.05,200,24967.9,25,25,1511775
NIFTY-II.NFO,16/12/2024,09:41:54,24965.7,24963.4,200,24970,100,0,1511775
NIFTY-II.NFO,16/12/2024,09:41:55,24965.7,24963.15,75,24969.2,50,0,1511775
NIFTY-II.NFO,16/12/2024,09:41:57,24966.95,24963,25,24967.25,25,25,1511775
NIFTY-II.NFO,16/12/2024,09:41:59,24963,24961,100,24967.15,200,25,1511775
NIFTY-II.NFO,16/12/2024,09:42:00,24963,24965,50,24968.75,25,0,1511775
NIFTY-II.NFO,16/12/2024,09:42:02,24965,24965.95,200,24970,100,50,1511775
NIFTY-II.NFO,16/12/2024,09:42:04,24973,24970.5,175,24974,250,325,1511775
NIFTY-II.NFO,16/12/2024,09:42:05,24974,24970.5,250,24974,225,25,1511775
NIFTY-II.NFO,16/12/2024,09:42:07,24974,24973.9,175,24975,250,225,1511775
NIFTY-II.NFO,16/12/2024,09:42:09,24976.7,24975.55,100,24980,500,275,1511775
NIFTY-II.NFO,16/12/2024,09:42:10,24980,24975.6,25,24980,450,50,1511775
NIFTY-II.NFO,16/12/2024,09:42:12,24976.6,24973.35,100,24980,450,25,1511775
NIFTY-II.NFO,16/12/2024,09:42:13,24976.6,24975,25,24979.1,225,0,1511775
NIFTY-II.NFO,16/12/2024,09:42:15,24973,24969.75,250,24976.85,200,125,1511775
NIFTY-II.NFO,16/12/2024,09:42:17,24971.5,24969.85,125,24978.05,200,175,1511775
NIFTY-II.NFO,16/12/2024,09:42:18,24972.3,24971.7,125,24979.95,200,200,1511775
NIFTY-II.NFO,16/12/2024,09:42:20,24974.65,24974.9,125,24980,475,250,1511775
NIFTY-II.NFO,16/12/2024,09:42:22,24974.35,24972.65,250,24980,475,175,1511775
NIFTY-II.NFO,16/12/2024,09:42:23,24979.95,24971.6,50,24979.85,200,250,1511775
NIFTY-II.NFO,16/12/2024,09:42:25,24971.3,24971.25,250,24979.4,450,100,1511775
NIFTY-II.NFO,16/12/2024,09:42:27,24971.3,24971.85,250,24979.95,200,0,1511775
NIFTY-II.NFO,16/12/2024,09:42:28,24979.95,24972.25,125,24979.95,200,150,1511775
NIFTY-II.NFO,16/12/2024,09:42:30,24979.95,24971.15,200,24979.4,100,175,1511775
NIFTY-II.NFO,16/12/2024,09:42:32,24979.95,24971.3,75,24978.05,100,0,1511775
NIFTY-II.NFO,16/12/2024,09:42:34,24971.3,24970.8,200,24978.45,325,125,1511775
NIFTY-II.NFO,16/12/2024,09:42:35,24970.8,24971.4,200,24979.1,425,100,1512650
NIFTY-II.NFO,16/12/2024,09:42:37,24977.9,24970,225,24976.55,125,125,1512650
NIFTY-II.NFO,16/12/2024,09:42:39,24975.5,24972,25,24975.5,100,300,1512650
NIFTY-II.NFO,16/12/2024,09:42:40,24975.6,24967.45,200,24977.2,25,125,1512650
NIFTY-II.NFO,16/12/2024,09:42:42,24975.6,24968.95,200,24976.3,75,0,1512650
NIFTY-II.NFO,16/12/2024,09:42:44,24975.95,24966.3,200,24975.95,50,200,1512650
NIFTY-II.NFO,16/12/2024,09:42:45,24975.35,24967,75,24974.75,25,25,1512650
NIFTY-II.NFO,16/12/2024,09:42:47,24965.75,24965.75,25,24970,75,100,1512650
NIFTY-II.NFO,16/12/2024,09:42:49,24972.25,24964.95,200,24973.35,375,150,1512650
NIFTY-II.NFO,16/12/2024,09:42:50,24972.25,24966.6,200,24974.25,250,0,1512650
NIFTY-II.NFO,16/12/2024,09:42:52,24968.2,24969.3,200,24977.5,50,50,1512650
NIFTY-II.NFO,16/12/2024,09:42:54,24968.2,24969.85,25,24975,25,0,1512650
NIFTY-II.NFO,16/12/2024,09:42:55,24968.2,24970.45,200,24975,25,0,1512650
NIFTY-II.NFO,16/12/2024,09:42:57,24975,24972.55,200,24979.25,250,25,1512650
NIFTY-II.NFO,16/12/2024,09:42:59,24979.95,24976.9,200,24980,525,25,1512650
NIFTY-II.NFO,16/12/2024,09:43:00,24979.95,24978.5,25,24979.9,25,0,1512650
NIFTY-II.NFO,16/12/2024,09:43:02,24980,24978.5,25,24980,500,50,1512650
NIFTY-II.NFO,16/12/2024,09:43:04,24973.75,24975.25,200,24980,450,175,1512650
NIFTY-II.NFO,16/12/2024,09:43:05,24980,24975.05,200,24980,375,100,1512650
NIFTY-II.NFO,16/12/2024,09:43:07,24973.35,24972.35,200,24973.35,50,75,1512650
NIFTY-II.NFO,16/12/2024,09:43:09,24978.85,24972.4,200,24978.15,200,175,1512650
NIFTY-II.NFO,16/12/2024,09:43:10,24974.25,24974.25,50,24980,350,175,1512650
NIFTY-II.NFO,16/12/2024,09:43:12,24973.95,24974.2,25,24980,275,175,1512650
NIFTY-II.NFO,16/12/2024,09:43:13,24975.15,24973.9,100,24975.15,50,1050,1512650
NIFTY-II.NFO,16/12/2024,09:43:15,24975.95,24976.1,50,24982.45,250,150,1512650
NIFTY-II.NFO,16/12/2024,09:43:17,24973.85,24973.25,25,24973.85,50,50,1512650
NIFTY-II.NFO,16/12/2024,09:43:18,24973.2,24974.45,25,24980,25,50,1512650
NIFTY-II.NFO,16/12/2024,09:43:20,24976,24975.9,25,24980,25,275,1512650
NIFTY-II.NFO,16/12/2024,09:43:22,24976.9,24976,50,24980,25,200,1512650
NIFTY-II.NFO,16/12/2024,09:43:23,24983,24977.25,50,24983.35,25,50,1512650
NIFTY-II.NFO,16/12/2024,09:43:25,24983,24979.1,50,24983.35,25,0,1512650
NIFTY-II.NFO,16/12/2024,09:43:27,24978.75,24976.75,50,24983.35,25,275,1512650
NIFTY-II.NFO,16/12/2024,09:43:28,24976.8,24976.8,25,24985,25,75,1512650
NIFTY-II.NFO,16/12/2024,09:43:30,24976.8,24978.4,50,24985,25,0,1512650
NIFTY-II.NFO,16/12/2024,09:43:32,24980.45,24981.95,150,24988.45,25,500,1512650
NIFTY-II.NFO,16/12/2024,09:43:33,24982.35,24987.1,125,24989,50,150,1512650
NIFTY-II.NFO,16/12/2024,09:43:35,24984.05,24983.95,225,24985,1050,2650,1512650
NIFTY-II.NFO,16/12/2024,09:43:37,24989,24985.8,50,24989,25,4675,1512650
NIFTY-II.NFO,16/12/2024,09:43:38,24990,24985.2,50,24990,100,50,1512650
NIFTY-II.NFO,16/12/2024,09:43:40,24990,24984.9,25,24990,50,50,1512650
NIFTY-II.NFO,16/12/2024,09:43:42,24983.7,24983.55,25,24989,75,125,1512650
NIFTY-II.NFO,16/12/2024,09:43:43,24980.45,24983.25,25,24991.45,200,100,1512650
NIFTY-II.NFO,16/12/2024,09:43:45,24991.05,24983.5,25,24990.9,400,275,1512650
NIFTY-II.NFO,16/12/2024,09:43:47,24981,24981.2,50,24990.1,200,50,1512650
NIFTY-II.NFO,16/12/2024,09:43:48,24981.35,24982,50,24990.95,200,25,1512650
NIFTY-II.NFO,16/12/2024,09:43:50,24982.05,24981.4,250,24990.4,200,75,1512650
NIFTY-II.NFO,16/12/2024,09:43:52,24981.4,24980.2,25,24988.8,200,25,1512650
NIFTY-II.NFO,16/12/2024,09:43:53,24981.4,24982.15,50,24990.95,200,0,1512650
NIFTY-II.NFO,16/12/2024,09:43:55,24990,24982.75,50,24990.95,200,25,1512650
NIFTY-II.NFO,16/12/2024,09:43:57,24990.9,24990.9,700,24991,200,150,1512650
NIFTY-II.NFO,16/12/2024,09:43:58,24990.9,24990.9,475,24991,175,250,1512650
NIFTY-II.NFO,16/12/2024,09:44:00,24990.95,24990.9,475,24991,175,25,1512650
NIFTY-II.NFO,16/12/2024,09:44:02,24990.9,24990.9,250,24990.95,50,775,1512650
NIFTY-II.NFO,16/12/2024,09:44:03,24989.95,24982.8,275,24992.8,125,400,1512650
NIFTY-II.NFO,16/12/2024,09:44:05,24989.95,24982.35,200,24991.2,50,0,1512650
NIFTY-II.NFO,16/12/2024,09:44:07,24992.95,24982.3,25,24989.7,125,25,1512650
NIFTY-II.NFO,16/12/2024,09:44:08,24990.5,24981.8,50,24990.75,250,175,1512650
NIFTY-II.NFO,16/12/2024,09:44:10,24990.5,24981.85,200,24990.45,25,0,1512650
NIFTY-II.NFO,16/12/2024,09:44:12,24991.3,24982,200,24990.45,75,100,1512650
NIFTY-II.NFO,16/12/2024,09:44:14,24990.45,24982.15,200,24990.1,25,50,1512650
NIFTY-II.NFO,16/12/2024,09:44:15,24990.45,24982.45,200,24990.75,25,0,1512650
NIFTY-II.NFO,16/12/2024,09:44:17,24988.75,24981.4,200,24989.7,250,25,1512650
NIFTY-II.NFO,16/12/2024,09:44:19,24988.75,24981.95,200,24989.85,25,0,1512650
NIFTY-II.NFO,16/12/2024,09:44:20,24981,24980.6,50,24988.1,250,50,1512650
NIFTY-II.NFO,16/12/2024,09:44:22,24989.6,24980.4,250,24988.75,25,1000,1512650
NIFTY-II.NFO,16/12/2024,09:44:24,24980.45,24982,50,24988.75,25,25,1512650
NIFTY-II.NFO,16/12/2024,09:44:25,24988.75,24982,50,24988.8,250,450,1512650
NIFTY-II.NFO,16/12/2024,09:44:27,24988.75,24984.85,200,24990,50,0,1512650
NIFTY-II.NFO,16/12/2024,09:44:29,24988.75,24986.85,200,24990,50,0,1512650
NIFTY-II.NFO,16/12/2024,09:44:30,24992,24991.45,200,24992,25,150,1512650
NIFTY-II.NFO,16/12/2024,09:44:32,24990,24988.2,200,24990,25,25,1512650
NIFTY-II.NFO,16/12/2024,09:44:34,24990,24986.85,200,24990,25,0,1512650
NIFTY-II.NFO,16/12/2024,09:44:35,24990,24983.2,200,24990,25,0,1512650
NIFTY-II.NFO,16/12/2024,09:44:37,24990,24982.05,200,24991.4,150,100,1512650
NIFTY-II.NFO,16/12/2024,09:44:39,24990,24984.25,200,24991.95,25,25,1512650
NIFTY-II.NFO,16/12/2024,09:44:40,24990,24983.65,250,24992,25,0,1512650
NIFTY-II.NFO,16/12/2024,09:44:42,24983.65,24984,200,24992,25,25,1512650
NIFTY-II.NFO,16/12/2024,09:44:44,24990,24983.35,200,24991.95,100,25,1512650
NIFTY-II.NFO,16/12/2024,09:44:45,24990,24984.65,200,24990,25,0,1512650
NIFTY-II.NFO,16/12/2024,09:44:47,24990,24983.9,50,24990,25,0,1512650
NIFTY-II.NFO,16/12/2024,09:44:49,24995,24988,200,24995,750,75,1512650
NIFTY-II.NFO,16/12/2024,09:44:50,24987.25,24987.25,200,24995,850,50,1512650
NIFTY-II.NFO,16/12/2024,09:44:52,24995,24990.05,200,24995,700,50,1512650
NIFTY-II.NFO,16/12/2024,09:44:54,24990.05,24990.05,25,24995,700,600,1512650
NIFTY-II.NFO,16/12/2024,09:44:55,24994.95,24990.05,25,24992,1500,50,1512650
NIFTY-II.NFO,16/12/2024,09:44:57,24994.95,24990.05,25,24992,1500,0,1512650
NIFTY-II.NFO,16/12/2024,09:45:04,24992,24990.05,25,24992,875,625,1512650
NIFTY-II.NFO,16/12/2024,09:45:05,24992,24991.95,25,24992,175,775,1512650
NIFTY-II.NFO,16/12/2024,09:45:07,24997.3,24998.3,25,24998.7,25,1000,1512650
NIFTY-II.NFO,16/12/2024,09:45:09,24999,24998.05,200,25000,150,1475,1512650
NIFTY-II.NFO,16/12/2024,09:45:10,24998.95,24997.85,50,25006.15,250,225,1512650
NIFTY-II.NFO,16/12/2024,09:45:12,25000,25000.05,100,25007,25,50,1512650
NIFTY-II.NFO,16/12/2024,09:45:14,25007,25002.55,100,25007.7,25,25,1512650
NIFTY-II.NFO,16/12/2024,09:45:15,25009.15,25006.05,100,25009.35,25,50,1512650
NIFTY-II.NFO,16/12/2024,09:45:17,25017.7,25011,75,25016.9,250,275,1512650
NIFTY-II.NFO,16/12/2024,09:45:19,25013.55,25008.05,25,25014.85,200,150,1512650
NIFTY-II.NFO,16/12/2024,09:45:20,25014.15,25009.35,25,25014.15,100,400,1512650
NIFTY-II.NFO,16/12/2024,09:45:22,25013.65,25007.05,25,25013.65,75,50,1512650
NIFTY-II.NFO,16/12/2024,09:45:24,25012.65,25003.15,200,25012,50,25,1512650
NIFTY-II.NFO,16/12/2024,09:45:25,25010.25,25000.2,275,25010.4,100,25,1512650
NIFTY-II.NFO,16/12/2024,09:45:27,25008.4,25000.05,200,25008.4,50,50,1512650
NIFTY-II.NFO,16/12/2024,09:45:29,25001.1,25002.05,200,25006.05,50,25,1512650
NIFTY-II.NFO,16/12/2024,09:45:30,25011.25,25003.1,200,25010.3,300,225,1512650
NIFTY-II.NFO,16/12/2024,09:45:32,25015.55,25002.65,200,25011.35,50,1800,1512650
NIFTY-II.NFO,16/12/2024,09:45:34,25014.65,25002.25,200,25010.35,25,1000,1512650
NIFTY-II.NFO,16/12/2024,09:45:35,25009.95,25000.1,325,25009.95,75,25,1512650
NIFTY-II.NFO,16/12/2024,09:45:37,25002.45,25001.1,200,25010.3,75,25,1514625
NIFTY-II.NFO,16/12/2024,09:45:39,25009.95,25001.4,200,25010.35,25,50,1514625
NIFTY-II.NFO,16/12/2024,09:45:40,25009.95,25003.1,275,25012.9,50,0,1514625
NIFTY-II.NFO,16/12/2024,09:45:42,25004.95,25004.95,200,25011.35,25,25,1514625
NIFTY-II.NFO,16/12/2024,09:45:44,25004.95,25004.3,200,25013.2,25,0,1514625
NIFTY-II.NFO,16/12/2024,09:45:45,25012.75,25003.05,25,25011.55,225,225,1514625
NIFTY-II.NFO,16/12/2024,09:45:47,25012.75,25002,25,25007.2,175,0,1514625
NIFTY-II.NFO,16/12/2024,09:45:49,25010.95,25002.1,50,25011.4,175,300,1514625
NIFTY-II.NFO,16/12/2024,09:45:50,25010.95,25002,25,25009,675,0,1514625
NIFTY-II.NFO,16/12/2024,09:45:52,25002,25000,275,25007.1,675,25,1514625
NIFTY-II.NFO,16/12/2024,09:45:54,25006.35,25000,275,25006.45,175,50,1514625
NIFTY-II.NFO,16/12/2024,09:45:55,25006.35,25000,275,25004.45,50,0,1514625
NIFTY-II.NFO,16/12/2024,09:45:57,25000,25000,250,25003.05,300,25,1514625
NIFTY-II.NFO,16/12/2024,09:45:59,25001.45,25000,225,25002.35,875,50,1514625
NIFTY-II.NFO,16/12/2024,09:46:00,25001.45,25000,225,25002.15,625,0,1514625
NIFTY-II.NFO,16/12/2024,09:46:02,25000,24994.05,25,25001.5,300,225,1514625
NIFTY-II.NFO,16/12/2024,09:46:04,25000,24994.05,25,25000.95,250,0,1514625
NIFTY-II.NFO,16/12/2024,09:46:05,24993.55,24994.1,200,25001.65,25,25,1514625
NIFTY-II.NFO,16/12/2024,09:46:07,24995.1,24995.05,25,25001.3,50,50,1514625
NIFTY-II.NFO,16/12/2024,09:46:09,24996.1,24996.1,200,25001.85,25,25,1514625
NIFTY-II.NFO,16/12/2024,09:46:10,24996.1,24996.05,25,25001.85,25,0,1514625
NIFTY-II.NFO,16/12/2024,09:46:12,25001,24995.1,200,25001.85,25,25,1514625
NIFTY-II.NFO,16/12/2024,09:46:14,25000.45,24993.1,200,25000.4,25,25,1514625
NIFTY-II.NFO,16/12/2024,09:46:15,25000.45,24995.1,200,25000,25,0,1514625
NIFTY-II.NFO,16/12/2024,09:46:17,24996.1,24997.7,200,25000,25,25,1514625
NIFTY-II.NFO,16/12/2024,09:46:19,25000,24998.05,25,25003.4,100,25,1514625
NIFTY-II.NFO,16/12/2024,09:46:20,25003.5,24996.7,200,25004.85,75,50,1514625
NIFTY-II.NFO,16/12/2024,09:46:22,25003.5,24998.05,200,25000.45,25,0,1514625
NIFTY-II.NFO,16/12/2024,09:46:24,25003.5,24999.5,200,25000.45,25,0,1514625
NIFTY-II.NFO,16/12/2024,09:46:25,25003.5,24999.1,200,25000.45,25,0,1514625
NIFTY-II.NFO,16/12/2024,09:46:27,25003.5,24994.8,200,25000.45,25,0,1514625
NIFTY-II.NFO,16/12/2024,09:46:29,25003.5,24995.5,200,25000.45,25,0,1514625
NIFTY-II.NFO,16/12/2024,09:46:30,25003.7,25000.5,200,25005,25,50,1514625
NIFTY-II.NFO,16/12/2024,09:46:32,25003.7,25001.1,200,25005,25,0,1514625
NIFTY-II.NFO,16/12/2024,09:46:34,25003.7,25000.5,200,25005,25,0,1514625
NIFTY-II.NFO,16/12/2024,09:46:35,25003.7,25000.5,200,25003.5,25,0,1514625
NIFTY-II.NFO,16/12/2024,09:46:37,25000.45,25000,25,25002.7,25,25,1514625
NIFTY-II.NFO,16/12/2024,09:46:39,24998.05,24998.05,200,25003.5,25,25,1514625
NIFTY-II.NFO,16/12/2024,09:46:40,25004.85,24998.1,200,25004.85,125,125,1514625
NIFTY-II.NFO,16/12/2024,09:46:42,25004.85,24998,50,25001,25,0,1514625
NIFTY-II.NFO,16/12/2024,09:46:44,25004.85,24999,125,25000.95,75,0,1514625
NIFTY-II.NFO,16/12/2024,09:46:45,24999,24998,50,24999,175,150,1514625
NIFTY-II.NFO,16/12/2024,09:46:47,24999,24998,50,24999,175,0,1514625
NIFTY-II.NFO,16/12/2024,09:46:49,24999,24998,50,25002.4,125,0,1514625
NIFTY-II.NFO,16/12/2024,09:46:50,24999,24998,50,25000.7,25,0,1514625
NIFTY-II.NFO,16/12/2024,09:46:52,24999,24998,25,25000.65,125,0,1514625
NIFTY-II.NFO,16/12/2024,09:46:54,24998,24994.05,25,25000.05,75,25,1514625
NIFTY-II.NFO,16/12/2024,09:46:55,24998,24992.1,200,24999.8,125,0,1514625
NIFTY-II.NFO,16/12/2024,09:46:57,24998,24991.4,25,24996.85,125,0,1514625
NIFTY-II.NFO,16/12/2024,09:46:59,24998,24991.4,25,24996.45,125,0,1514625
NIFTY-II.NFO,16/12/2024,09:47:01,24998,24991.4,25,24995.4,75,0,1514625
NIFTY-II.NFO,16/12/2024,09:47:02,24993.35,24990,325,24991.8,25,50,1514625
NIFTY-II.NFO,16/12/2024,09:47:04,24987.5,24985.05,25,24991.35,50,350,1514625
NIFTY-II.NFO,16/12/2024,09:47:06,24997.05,24989.05,25,24996.85,225,1000,1514625
NIFTY-II.NFO,16/12/2024,09:47:07,24997.5,24989.45,250,24998,25,50,1514625
NIFTY-II.NFO,16/12/2024,09:47:09,24997.5,24988.05,25,24994,25,0,1514625
NIFTY-II.NFO,16/12/2024,09:47:11,24984.35,24987.1,200,24994.9,25,25,1514625
NIFTY-II.NFO,16/12/2024,09:47:12,24984.35,24987.05,25,24994.4,25,0,1514625
NIFTY-II.NFO,16/12/2024,09:47:14,24984.35,24987.05,25,24993.2,25,0,1514625
NIFTY-II.NFO,16/12/2024,09:47:16,24984.35,24990.1,200,24997.8,25,0,1514625
NIFTY-II.NFO,16/12/2024,09:47:17,24984.35,24991.25,200,24998,25,0,1514625
NIFTY-II.NFO,16/12/2024,09:47:19,24997.5,24988.1,200,24995.75,75,100,1514625
NIFTY-II.NFO,16/12/2024,09:47:21,24986.1,24988.1,200,24994.7,25,25,1514625
NIFTY-II.NFO,16/12/2024,09:47:22,24986.1,24985.1,200,24992.8,50,0,1514625
NIFTY-II.NFO,16/12/2024,09:47:24,24993.55,24986.1,200,24993.3,25,50,1514625
NIFTY-II.NFO,16/12/2024,09:47:26,24993.55,24986.1,200,24992.7,25,0,1514625
NIFTY-II.NFO,16/12/2024,09:47:27,24993.55,24982.2,200,24990.9,75,0,1514625
NIFTY-II.NFO,16/12/2024,09:47:29,24981.75,24981.1,200,24988.9,100,25,1514625
NIFTY-II.NFO,16/12/2024,09:47:31,24991.7,24981.7,250,24991.25,50,2050,1514625
NIFTY-II.NFO,16/12/2024,09:47:32,24990,24983.1,200,24992.05,100,75,1514625
NIFTY-II.NFO,16/12/2024,09:47:34,24990,24982.1,200,24989.65,50,0,1514625
NIFTY-II.NFO,16/12/2024,09:47:36,24990,24983.05,25,24991.25,100,0,1514625
NIFTY-II.NFO,16/12/2024,09:47:37,24990,24984.1,200,24992.05,100,0,1514625
NIFTY-II.NFO,16/12/2024,09:47:39,24990,24983.7,250,24992.75,50,0,1514625
NIFTY-II.NFO,16/12/2024,09:47:41,24991.85,24985.1,225,24993.4,75,50,1514625
NIFTY-II.NFO,16/12/2024,09:47:42,24989.65,24983.2,200,24990.4,25,225,1514625
NIFTY-II.NFO,16/12/2024,09:47:44,24989.65,24985.05,25,24990.4,25,0,1514625
NIFTY-II.NFO,16/12/2024,09:47:46,24990,24985.05,25,24990.4,25,500,1514625
NIFTY-II.NFO,16/12/2024,09:47:47,24990,24985.05,25,24991.65,25,0,1514625
NIFTY-II.NFO,16/12/2024,09:47:49,24994,24989.7,25,24991.3,25,50,1514625
NIFTY-II.NFO,16/12/2024,09:47:51,24994,24989.7,25,24993.7,625,0,1514625
NIFTY-II.NFO,16/12/2024,09:47:52,24989.7,24989.7,25,24993.65,25,25,1514625
NIFTY-II.NFO,16/12/2024,09:47:54,24994,24993.4,975,24994,600,150,1514625
NIFTY-II.NFO,16/12/2024,09:47:56,24994.25,24993.4,925,24994.1,125,75,1514625
NIFTY-II.NFO,16/12/2024,09:47:57,24993.4,24993.45,25,24995.4,25,75,1514625
NIFTY-II.NFO,16/12/2024,09:47:59,24994.05,24993.4,825,24994.05,100,200,1514625
NIFTY-II.NFO,16/12/2024,09:48:01,24993.4,24993.4,625,24993.45,275,200,1514625
NIFTY-II.NFO,16/12/2024,09:48:02,24993.45,24993.4,625,24993.45,250,25,1514625
NIFTY-II.NFO,16/12/2024,09:48:04,24993.45,24993.45,150,24994,25,300,1514625
NIFTY-II.NFO,16/12/2024,09:48:06,24994,24995.1,150,24998,25,25,1514625
NIFTY-II.NFO,16/12/2024,09:48:07,24998,24994.65,125,24999,25,50,1514625
NIFTY-II.NFO,16/12/2024,09:48:09,24998,24994.1,125,24999,25,0,1514625
NIFTY-II.NFO,16/12/2024,09:48:12,24998,24998,25,24999,25,0,1514625
NIFTY-II.NFO,16/12/2024,09:48:14,24999,24998.05,125,25000,500,25,1514625
NIFTY-II.NFO,16/12/2024,09:48:15,24999,24998.15,175,25000,450,0,1514625
NIFTY-II.NFO,16/12/2024,09:48:17,25003.7,24999.45,125,25003.7,50,500,1514625
NIFTY-II.NFO,16/12/2024,09:48:19,25003.7,24998.05,125,25003.7,50,0,1514625
NIFTY-II.NFO,16/12/2024,09:48:20,24998.05,24998.05,100,25003.7,25,50,1514625
NIFTY-II.NFO,16/12/2024,09:48:22,24998.05,24999,25,25003.45,200,0,1514625
NIFTY-II.NFO,16/12/2024,09:48:24,25003.2,25001.5,25,25003.5,25,25,1514625
NIFTY-II.NFO,16/12/2024,09:48:25,25003.2,25001.5,25,25002.85,25,0,1514625
NIFTY-II.NFO,16/12/2024,09:48:27,25003.2,25001.5,25,25003.05,25,0,1514625
NIFTY-II.NFO,16/12/2024,09:48:29,25001.5,24999,100,25000,275,425,1514625
NIFTY-II.NFO,16/12/2024,09:48:30,25001.5,24999,100,25000,275,0,1514625
NIFTY-II.NFO,16/12/2024,09:48:32,25006.85,24999.75,200,25006.4,25,1250,1514625
NIFTY-II.NFO,16/12/2024,09:48:34,25006.85,25003.2,150,25004.75,25,0,1514625
NIFTY-II.NFO,16/12/2024,09:48:35,25003.2,25005,25,25007.95,25,325,1514625
NIFTY-II.NFO,16/12/2024,09:48:37,24998.05,24998.05,200,25006.15,575,300,1519000
NIFTY-II.NFO,16/12/2024,09:48:39,24998.05,24998.7,200,25005.4,25,0,1519000
NIFTY-II.NFO,16/12/2024,09:48:40,24998.05,24999.15,250,25003.7,25,0,1519000
NIFTY-II.NFO,16/12/2024,09:48:42,24998.05,24999,25,25003.7,25,0,1519000
NIFTY-II.NFO,16/12/2024,09:48:44,25003.7,24999.25,200,25005.5,25,25,1519000
NIFTY-II.NFO,16/12/2024,09:48:45,25008.5,24999.8,50,25008.7,50,775,1519000
NIFTY-II.NFO,16/12/2024,09:48:47,24999,24998,50,25004,100,25,1519000
NIFTY-II.NFO,16/12/2024,09:48:49,24996.2,24996.25,200,25003.95,25,25,1519000
NIFTY-II.NFO,16/12/2024,09:48:50,25004,24996.05,25,25004,75,50,1519000
NIFTY-II.NFO,16/12/2024,09:48:52,25004,25001,25,25004,75,0,1519000
NIFTY-II.NFO,16/12/2024,09:48:54,25004,25001,25,25004,50,25,1519000
NIFTY-II.NFO,16/12/2024,09:48:55,25004,25001,25,25004,50,0,1519000
NIFTY-II.NFO,16/12/2024,09:49:02,25004,25001.6,200,25008.45,25,50,1519000
NIFTY-II.NFO,16/12/2024,09:49:04,25004,25001.2,200,25006.7,25,0,1519000
NIFTY-II.NFO,16/12/2024,09:49:06,25004,25001.15,200,25006.55,25,0,1519000
NIFTY-II.NFO,16/12/2024,09:49:07,25004,25001,25,25006.55,25,0,1519000
NIFTY-II.NFO,16/12/2024,09:49:11,25006.55,25001.05,200,25007.45,25,25,1519000
NIFTY-II.NFO,16/12/2024,09:49:12,25006.55,25001,25,25006.25,25,0,1519000
NIFTY-II.NFO,16/12/2024,09:49:14,25004.85,25001,25,25006.35,250,50,1519000
NIFTY-II.NFO,16/12/2024,09:49:16,25004.85,25001,25,25005.3,625,0,1519000
NIFTY-II.NFO,16/12/2024,09:49:17,25001,25000,125,25006.85,25,25,1519000
NIFTY-II.NFO,16/12/2024,09:49:19,25001,25000,125,25006.85,25,25,1519000
NIFTY-II.NFO,16/12/2024,09:49:21,25001,25000,125,25006.7,375,0,1519000
NIFTY-II.NFO,16/12/2024,09:49:22,25000,25000,100,25003.3,25,25,1519000
NIFTY-II.NFO,16/12/2024,09:49:24,25000,25000,100,25004,50,0,1519000
NIFTY-II.NFO,16/12/2024,09:49:26,25000,25000,100,25001,25,0,1519000
NIFTY-II.NFO,16/12/2024,09:49:31,25001,25000.55,250,25007.25,25,25,1519000
NIFTY-II.NFO,16/12/2024,09:49:32,25001,25001.5,200,25006.85,25,0,1519000
NIFTY-II.NFO,16/12/2024,09:49:34,25001,25000.05,200,25007.7,25,0,1519000
NIFTY-II.NFO,16/12/2024,09:49:36,25001,25000,100,25005,50,0,1519000
NIFTY-II.NFO,16/12/2024,09:49:37,25001,25000,100,25001,100,0,1519000
NIFTY-II.NFO,16/12/2024,09:49:39,25001,25000,75,25001,75,50,1519000
NIFTY-II.NFO,16/12/2024,09:49:41,25001,25000,75,25001,75,0,1519000
NIFTY-II.NFO,16/12/2024,09:49:42,25001,25000.05,200,25001,75,0,1519000
NIFTY-II.NFO,16/12/2024,09:49:44,25001,25001.05,200,25007.45,25,75,1519000
NIFTY-II.NFO,16/12/2024,09:49:46,25001,25001.85,200,25007.45,25,0,1519000
NIFTY-II.NFO,16/12/2024,09:49:47,25001,25001.05,200,25007.45,25,0,1519000
NIFTY-II.NFO,16/12/2024,09:49:49,25001,25001.65,250,25008.45,25,0,1519000
NIFTY-II.NFO,16/12/2024,09:49:51,25010,25002.2,200,25009.45,25,75,1519000
NIFTY-II.NFO,16/12/2024,09:49:52,25001.25,25003.35,275,25009.45,25,325,1519000
NIFTY-II.NFO,16/12/2024,09:49:54,25002.55,25002.1,275,25009.45,25,25,1519000
NIFTY-II.NFO,16/12/2024,09:49:56,25002.55,25001.1,200,25009.4,150,0,1519000
NIFTY-II.NFO,16/12/2024,09:49:57,25007.45,25007.45,575,25008.05,625,50,1519000
NIFTY-II.NFO,16/12/2024,09:49:59,25007.45,25001.05,200,25007.5,625,575,1519000
NIFTY-II.NFO,16/12/2024,09:50:01,25007.45,25001.25,275,25008.15,25,0,1519000
NIFTY-II.NFO,16/12/2024,09:50:02,25007.45,25001.05,200,25007.65,50,0,1519000
NIFTY-II.NFO,16/12/2024,09:50:04,25007.45,25001.05,200,25007.9,675,0,1519000
NIFTY-II.NFO,16/12/2024,09:50:06,25006,25001.05,200,25007.9,50,25,1519000
NIFTY-II.NFO,16/12/2024,09:50:07,24999.1,25000.1,100,25008.1,200,1250,1519000
NIFTY-II.NFO,16/12/2024,09:50:09,24999.1,25000.1,50,25007,675,0,1519000
NIFTY-II.NFO,16/12/2024,09:50:10,24999.1,25000.1,50,25006.9,625,0,1519000
NIFTY-II.NFO,16/12/2024,09:50:12,24999.1,25000.9,50,25008.15,25,0,1519000
NIFTY-II.NFO,16/12/2024,09:50:14,25005.35,25000.1,50,25006.75,50,50,1519000
NIFTY-II.NFO,16/12/2024,09:50:15,25004.6,24999.6,75,25006.6,200,25,1519000
NIFTY-II.NFO,16/12/2024,09:50:17,25004.6,25001.05,25,25007.4,200,0,1519000
NIFTY-II.NFO,16/12/2024,09:50:19,25007.45,25002.1,75,25009,50,25,1519000
NIFTY-II.NFO,16/12/2024,09:50:20,25007.45,25003.05,75,25008,25,0,1519000
NIFTY-II.NFO,16/12/2024,09:50:22,25002.1,25002.05,25,25008,25,75,1519000
NIFTY-II.NFO,16/12/2024,09:50:24,25002.1,25002.05,25,25007.55,25,0,1519000
NIFTY-II.NFO,16/12/2024,09:50:25,25007.5,25001.05,25,25007.5,75,475,1519000
NIFTY-II.NFO,16/12/2024,09:50:27,25003.25,24995.05,200,25003.25,125,75,1519000
NIFTY-II.NFO,16/12/2024,09:50:29,25003.25,24996.15,200,25002.35,25,0,1519000
NIFTY-II.NFO,16/12/2024,09:50:30,25003.25,24996.4,200,25004.7,75,0,1519000
NIFTY-II.NFO,16/12/2024,09:50:32,25001.75,24995.05,25,25001.4,75,25,1519000
NIFTY-II.NFO,16/12/2024,09:50:34,25001.45,24995,50,25001.4,75,50,1519000
NIFTY-II.NFO,16/12/2024,09:50:35,25000.8,24995,50,25000.75,50,25,1519000
NIFTY-II.NFO,16/12/2024,09:50:37,24991.05,24990.25,200,24998.35,50,100,1519000
NIFTY-II.NFO,16/12/2024,09:50:39,24991.05,24991.3,250,24998.25,50,0,1519000
NIFTY-II.NFO,16/12/2024,09:50:40,24991.05,24994.05,25,24999.95,50,0,1519000
NIFTY-II.NFO,16/12/2024,09:50:42,24991.05,24992.05,25,24999.4,100,0,1519000
NIFTY-II.NFO,16/12/2024,09:50:44,24991.05,24992.1,200,24999.95,50,0,1519000
NIFTY-II.NFO,16/12/2024,09:50:49,24991.05,24992.35,200,24999.4,25,0,1519000
NIFTY-II.NFO,16/12/2024,09:50:50,24991.05,24992.8,200,24999.4,25,0,1519000
NIFTY-II.NFO,16/12/2024,09:50:52,24991.05,24993.1,200,24999.4,25,0,1519000
NIFTY-II.NFO,16/12/2024,09:50:54,24991.05,24993.1,200,25000,25,0,1519000
NIFTY-II.NFO,16/12/2024,09:50:55,24991.05,24993.85,200,25000,25,0,1519000
NIFTY-II.NFO,16/12/2024,09:50:57,24991.05,24997.65,200,25000,25,0,1519000
NIFTY-II.NFO,16/12/2024,09:50:59,25000,24996.7,225,25001.45,25,25,1519000
NIFTY-II.NFO,16/12/2024,09:51:00,25000,24998.9,225,25001.45,25,0,1519000
NIFTY-II.NFO,16/12/2024,09:51:02,25000.2,25002.3,200,25003,75,25,1519000
NIFTY-II.NFO,16/12/2024,09:51:04,25000.2,25001.85,250,25003,75,0,1519000
NIFTY-II.NFO,16/12/2024,09:51:05,25003.25,25001.5,200,25008,25,125,1519000
NIFTY-II.NFO,16/12/2024,09:51:07,25007.95,25000.05,200,25007.95,75,100,1519000
NIFTY-II.NFO,16/12/2024,09:51:09,25007.95,25001.2,200,25008,25,0,1519000
NIFTY-II.NFO,16/12/2024,09:51:10,25007.95,25003.05,200,25008,25,0,1519000
NIFTY-II.NFO,16/12/2024,09:51:12,25007.95,25003.4,200,25008,25,0,1519000
NIFTY-II.NFO,16/12/2024,09:51:14,25007.95,25004.8,200,25008,25,0,1519000
NIFTY-II.NFO,16/12/2024,09:51:15,25007.95,25003.7,250,25007.95,25,0,1519000
NIFTY-II.NFO,16/12/2024,09:51:17,25007.95,25003.2,200,25007.95,25,0,1519000
NIFTY-II.NFO,16/12/2024,09:51:19,25007.95,25002.2,200,25007.95,25,0,1519000
NIFTY-II.NFO,16/12/2024,09:51:22,25007.95,25003.8,250,25007.95,25,0,1519000
NIFTY-II.NFO,16/12/2024,09:51:24,25007.95,25002.7,200,25008,25,25,1519000
NIFTY-II.NFO,16/12/2024,09:51:25,25007.95,25002.1,200,25008,25,0,1519000
NIFTY-II.NFO,16/12/2024,09:51:27,25001.4,25001.45,200,25008,25,175,1519000
NIFTY-II.NFO,16/12/2024,09:51:29,25007.15,25001.55,200,25007.1,25,50,1519000
NIFTY-II.NFO,16/12/2024,09:51:31,25007.15,25001.1,25,25007.95,200,0,1519000
NIFTY-II.NFO,16/12/2024,09:51:32,25007.15,25000.2,200,25007.85,200,0,1519000
NIFTY-II.NFO,16/12/2024,09:51:34,25007.15,25000.15,25,25007.85,275,0,1519000
NIFTY-II.NFO,16/12/2024,09:51:36,25000.15,25000,100,25006.25,250,25,1519000
NIFTY-II.NFO,16/12/2024,09:51:37,25000,25000,75,25005.1,250,25,1520100
NIFTY-II.NFO,16/12/2024,09:51:39,25000,25000.05,25,25006.95,450,0,1520100
NIFTY-II.NFO,16/12/2024,09:51:41,25000,25000.05,25,25007.85,200,0,1520100
NIFTY-II.NFO,16/12/2024,09:51:42,25000,25000.35,200,25007.85,200,0,1520100
NIFTY-II.NFO,16/12/2024,09:51:44,25000,25002.05,25,25008,25,0,1520100
NIFTY-II.NFO,16/12/2024,09:51:46,25000,25002.5,250,25008,25,0,1520100
NIFTY-II.NFO,16/12/2024,09:51:47,25000,25002.05,25,25008,25,0,1520100
NIFTY-II.NFO,16/12/2024,09:51:49,25000,25002.15,25,25007,25,0,1520100
NIFTY-II.NFO,16/12/2024,09:51:51,25002.15,25002.05,25,25004,25,25,1520100
NIFTY-II.NFO,16/12/2024,09:51:52,25002.15,25002,25,25004,25,0,1520100
NIFTY-II.NFO,16/12/2024,09:51:54,25002.15,25002.05,200,25004,25,0,1520100
NIFTY-II.NFO,16/12/2024,09:51:56,25002.05,25002,25,25004,25,25,1520100
NIFTY-II.NFO,16/12/2024,09:51:57,25002.05,25002.05,50,25004,25,0,1520100
NIFTY-II.NFO,16/12/2024,09:51:59,25002.05,25002.1,225,25007,25,50,1520100
NIFTY-II.NFO,16/12/2024,09:52:01,25002.05,25003.4,175,25007,25,0,1520100
NIFTY-II.NFO,16/12/2024,09:52:02,25003.9,25003.9,175,25008,25,100,1520100
NIFTY-II.NFO,16/12/2024,09:52:04,25010,25009.95,25,25010,175,800,1520100
NIFTY-II.NFO,16/12/2024,09:52:06,25012,25010.9,25,25014,100,300,1520100
NIFTY-II.NFO,16/12/2024,09:52:07,25012,25008.65,25,25014,100,0,1520100
NIFTY-II.NFO,16/12/2024,09:52:09,25013.95,25006.55,50,25013.95,200,25,1520100
NIFTY-II.NFO,16/12/2024,09:52:11,25013.95,25008.95,25,25012,50,0,1520100
NIFTY-II.NFO,16/12/2024,09:52:12,25008.05,25008.6,50,25012,25,50,1520100
NIFTY-II.NFO,16/12/2024,09:52:14,25008.05,25008,50,25012,25,0,1520100
NIFTY-II.NFO,16/12/2024,09:52:16,25014,25004.05,50,25013.45,200,50,1520100
NIFTY-II.NFO,16/12/2024,09:52:17,25004.1,25004.05,25,25011.85,125,50,1520100
NIFTY-II.NFO,16/12/2024,09:52:19,25006.05,25007.05,25,25014,75,25,1520100
NIFTY-II.NFO,16/12/2024,09:52:21,25006.05,25008.05,50,25014,75,0,1520100
NIFTY-II.NFO,16/12/2024,09:52:22,25013.95,25007.05,25,25013.7,200,25,1520100
NIFTY-II.NFO,16/12/2024,09:52:24,25007.35,25007.3,50,25013.95,200,25,1520100
NIFTY-II.NFO,16/12/2024,09:52:26,25007.35,25008.05,25,25014,75,0,1520100
NIFTY-II.NFO,16/12/2024,09:52:27,25013.15,25005.65,25,25013.15,200,50,1520100
NIFTY-II.NFO,16/12/2024,09:52:29,25013.15,25008.05,25,25013.3,200,0,1520100
NIFTY-II.NFO,16/12/2024,09:52:31,25013.15,25009.05,25,25013.35,25,0,1520100
NIFTY-II.NFO,16/12/2024,09:52:32,25013.15,25009.05,25,25013.95,25,0,1520100
NIFTY-II.NFO,16/12/2024,09:52:34,25013.15,25008.35,50,25013.95,25,0,1520100
NIFTY-II.NFO,16/12/2024,09:52:36,25013.95,25007.1,50,25013.95,200,100,1520100
NIFTY-II.NFO,16/12/2024,09:52:37,25013.95,25009.05,25,25012,25,0,1520100
