Ticker,Date,Time,LTP,BuyPrice,BuyQty,SellPrice,SellQty,LTQ,OpenInterest
NIFTY-III.NFO,01/08/2024,09:15:01,25313.4,25295.55,100,25313.4,75,25,0
NIFTY-III.NFO,01/08/2024,09:15:01,25313.4,25295.55,100,25313.4,75,0,0
NIFTY-III.NFO,01/08/2024,09:15:01,25313.4,25295.55,100,25313.4,75,0,0
NIFTY-III.NFO,01/08/2024,09:15:01,25313.4,25295.55,100,25313.4,75,0,0
NIFTY-III.NFO,01/08/2024,09:15:02,25300,25286.9,100,25307.05,50,125,155700
NIFTY-III.NFO,01/08/2024,09:15:02,25297.25,25286.9,100,25307.05,50,0,155700
NIFTY-III.NFO,01/08/2024,09:15:03,25300,25287.1,100,25306.8,50,0,155700
NIFTY-III.NFO,01/08/2024,09:15:05,25300,25287.6,100,25299.95,50,0,155700
NIFTY-III.NFO,01/08/2024,09:15:06,25289.9,25289.85,25,25299.95,100,300,155700
NIFTY-III.NFO,01/08/2024,09:15:06,25287.65,25289.85,25,25299.95,100,0,155700
NIFTY-III.NFO,01/08/2024,09:15:08,25287.65,25287.75,1850,25299.95,100,300,155700
NIFTY-III.NFO,01/08/2024,09:15:09,25299.95,25293,75,25299.95,100,75,155700
NIFTY-III.NFO,01/08/2024,09:15:11,25300,25294.55,75,25299.95,100,100,155700
NIFTY-III.NFO,01/08/2024,09:15:12,25300,25297.45,50,25300,75,450,155700
NIFTY-III.NFO,01/08/2024,09:15:13,25300,25299.1,75,25306.85,100,150,155700
NIFTY-III.NFO,01/08/2024,09:15:15,25300,25301.6,250,25306.9,500,1025,155700
NIFTY-III.NFO,01/08/2024,09:15:16,25301.6,25301.7,1125,25306.9,500,50,155700
NIFTY-III.NFO,01/08/2024,09:15:18,25301.7,25303.4,250,25306.9,500,25,155700
NIFTY-III.NFO,01/08/2024,09:15:19,25301.7,25302.9,1100,25306.9,500,0,155700
NIFTY-III.NFO,01/08/2024,09:15:20,25304.65,25298.2,825,25306.85,100,150,155700
NIFTY-III.NFO,01/08/2024,09:15:22,25304.65,25301,250,25306.85,100,0,155700
NIFTY-III.NFO,01/08/2024,09:15:23,25306.9,25301.9,100,25306.9,175,425,155700
NIFTY-III.NFO,01/08/2024,09:15:25,25300,25299.2,100,25306.85,100,250,155700
NIFTY-III.NFO,01/08/2024,09:15:26,25304.65,25304.65,25,25306.85,100,50,155700
NIFTY-III.NFO,01/08/2024,09:15:27,25304.65,25304.65,25,25304.95,100,0,155700
NIFTY-III.NFO,01/08/2024,09:15:30,25300,25297.55,350,25300,25,50,155700
NIFTY-III.NFO,01/08/2024,09:15:32,25304.95,25298.65,100,25304.95,100,125,155700
NIFTY-III.NFO,01/08/2024,09:15:33,25304.95,25298.15,100,25304.6,100,0,155700
NIFTY-III.NFO,01/08/2024,09:15:35,25303,25299,250,25300,75,50,155625
NIFTY-III.NFO,01/08/2024,09:15:36,25303,25299,175,25300,75,0,155625
NIFTY-III.NFO,01/08/2024,09:15:37,25300,25299.85,100,25300,25,50,155625
NIFTY-III.NFO,01/08/2024,09:15:39,25300,25300.25,175,25304.65,25,25,155625
NIFTY-III.NFO,01/08/2024,09:15:40,25300,25301.05,100,25304.65,25,0,155625
NIFTY-III.NFO,01/08/2024,09:15:42,25304.95,25301.4,100,25304,25,50,155625
NIFTY-III.NFO,01/08/2024,09:15:43,25304.95,25301.4,100,25304,25,0,155625
NIFTY-III.NFO,01/08/2024,09:15:45,25304.95,25301.35,75,25304,25,0,155625
NIFTY-III.NFO,01/08/2024,09:15:46,25304,25304.65,150,25305,25,25,155625
NIFTY-III.NFO,01/08/2024,09:15:47,25305,25304.65,150,25306,450,25,155625
NIFTY-III.NFO,01/08/2024,09:15:49,25305,25304.65,125,25306,450,50,155625
NIFTY-III.NFO,01/08/2024,09:15:50,25304.65,25303.45,75,25305,25,100,155625
NIFTY-III.NFO,01/08/2024,09:15:52,25305,25303.45,75,25305,25,25,155625
NIFTY-III.NFO,01/08/2024,09:15:53,25303.9,25303.85,75,25305,50,25,155625
NIFTY-III.NFO,01/08/2024,09:15:55,25303.9,25303.85,75,25305,50,0,155625
NIFTY-III.NFO,01/08/2024,09:15:56,25306,25304.05,200,25306,450,125,155625
NIFTY-III.NFO,01/08/2024,09:15:57,25306,25304.25,275,25305,100,0,155625
NIFTY-III.NFO,01/08/2024,09:15:59,25305,25303.85,250,25305,50,50,155625
NIFTY-III.NFO,01/08/2024,09:16:00,25305,25304,250,25305,50,0,155625
NIFTY-III.NFO,01/08/2024,09:16:02,25306,25304.5,325,25306,275,225,155625
NIFTY-III.NFO,01/08/2024,09:16:03,25306,25306.65,175,25306.9,175,275,155625
NIFTY-III.NFO,01/08/2024,09:16:05,25306.65,25307.4,325,25307.95,25,275,155625
NIFTY-III.NFO,01/08/2024,09:16:06,25310,25308.15,250,25310,450,675,155625
NIFTY-III.NFO,01/08/2024,09:16:08,25310.55,25310.8,175,25313,200,550,155625
NIFTY-III.NFO,01/08/2024,09:16:09,25313,25310.8,75,25313,175,25,155625
NIFTY-III.NFO,01/08/2024,09:16:10,25310.8,25310.8,50,25313,175,25,155625
NIFTY-III.NFO,01/08/2024,09:16:12,25310.8,25310.8,50,25313,175,0,155625
NIFTY-III.NFO,01/08/2024,09:16:13,25310.8,25311.55,575,25313,175,25,155625
NIFTY-III.NFO,01/08/2024,09:16:15,25315,25313,750,25319.95,100,300,155625
NIFTY-III.NFO,01/08/2024,09:16:15,25315,25313,750,25319.95,100,0,155625
NIFTY-III.NFO,01/08/2024,09:16:16,25315,25313.35,325,25315,50,0,155625
NIFTY-III.NFO,01/08/2024,09:16:17,25313.75,25313.75,50,25315,50,50,155625
NIFTY-III.NFO,01/08/2024,09:16:19,25320,25315.4,25,25319.95,100,100,155625
NIFTY-III.NFO,01/08/2024,09:16:19,25320,25315.4,25,25319.95,100,0,155625
NIFTY-III.NFO,01/08/2024,09:16:20,25320,25314.8,25,25320,275,0,155625
NIFTY-III.NFO,01/08/2024,09:16:22,25316.35,25316.3,450,25320,275,25,155625
NIFTY-III.NFO,01/08/2024,09:16:23,25316.35,25318.2,250,25320,275,0,155625
NIFTY-III.NFO,01/08/2024,09:16:25,25317.9,25319.6,250,25320,275,25,155625
NIFTY-III.NFO,01/08/2024,09:16:26,25320.3,25319.65,250,25320,25,325,155625
NIFTY-III.NFO,01/08/2024,09:16:26,25320.3,25319.65,250,25320,25,0,155625
NIFTY-III.NFO,01/08/2024,09:16:28,25320,25319.9,250,25324,100,100,155625
NIFTY-III.NFO,01/08/2024,09:16:29,25320.6,25321.2,250,25324,25,125,155625
NIFTY-III.NFO,01/08/2024,09:16:29,25324,25321.2,250,25324,25,0,155625
NIFTY-III.NFO,01/08/2024,09:16:30,25321.05,25322.1,200,25324,25,125,155625
NIFTY-III.NFO,01/08/2024,09:16:32,25323,25323.15,175,25324,25,25,155625
NIFTY-III.NFO,01/08/2024,09:16:33,25323,25323.95,75,25324,25,0,155625
NIFTY-III.NFO,01/08/2024,09:16:36,25324,25323.95,25,25325,125,75,155625
NIFTY-III.NFO,01/08/2024,09:16:37,25323.15,25323.15,50,25325,125,50,155625
NIFTY-III.NFO,01/08/2024,09:16:39,25319.9,25321.45,75,25324.95,100,275,155625
NIFTY-III.NFO,01/08/2024,09:16:40,25318.6,25320.3,400,25323.95,25,375,155625
NIFTY-III.NFO,01/08/2024,09:16:42,25318.6,25321.2,75,25323.95,25,0,155625
NIFTY-III.NFO,01/08/2024,09:16:43,25320.95,25320.1,250,25323.95,25,75,155625
NIFTY-III.NFO,01/08/2024,09:16:45,25320.95,25320.25,175,25321.2,25,0,155625
NIFTY-III.NFO,01/08/2024,09:16:46,25321.2,25320.15,250,25323.95,25,25,155625
NIFTY-III.NFO,01/08/2024,09:16:47,25321.2,25320.35,250,25323.95,25,0,155625
NIFTY-III.NFO,01/08/2024,09:16:49,25324.85,25317.25,250,25320.25,25,50,155625
NIFTY-III.NFO,01/08/2024,09:16:49,25324.85,25317.25,250,25320.25,25,0,155625
NIFTY-III.NFO,01/08/2024,09:16:50,25320.25,25318.7,325,25323.95,175,25,155625
NIFTY-III.NFO,01/08/2024,09:16:52,25320.25,25320,25,25323.95,175,0,155625
NIFTY-III.NFO,01/08/2024,09:16:53,25317.15,25314.85,250,25323.95,175,150,155625
NIFTY-III.NFO,01/08/2024,09:16:55,25317.15,25315.3,250,25323.95,175,0,155625
NIFTY-III.NFO,01/08/2024,09:16:56,25317.15,25315.55,250,25320,25,0,155625
NIFTY-III.NFO,01/08/2024,09:16:57,25317.15,25317,675,25320,25,0,155625
NIFTY-III.NFO,01/08/2024,09:16:59,25317.15,25317.5,125,25320,75,0,155625
NIFTY-III.NFO,01/08/2024,09:17:00,25318.95,25318.6,125,25320,75,25,155625
NIFTY-III.NFO,01/08/2024,09:17:02,25318.95,25318.6,25,25320,75,0,155625
NIFTY-III.NFO,01/08/2024,09:17:03,25320,25317.05,250,25320,25,50,155625
NIFTY-III.NFO,01/08/2024,09:17:04,25320,25317.85,100,25320,25,0,155625
NIFTY-III.NFO,01/08/2024,09:17:06,25320,25319,675,25320.25,25,25,155625
NIFTY-III.NFO,01/08/2024,09:17:07,25320,25319,675,25320,25,0,155625
NIFTY-III.NFO,01/08/2024,09:17:12,25319,25319.25,250,25320,25,25,155625
NIFTY-III.NFO,01/08/2024,09:17:13,25321,25321,575,25324,100,75,155625
NIFTY-III.NFO,01/08/2024,09:17:14,25321,25321,525,25324,100,50,155625
NIFTY-III.NFO,01/08/2024,09:17:16,25321,25321,500,25323.95,100,25,155625
NIFTY-III.NFO,01/08/2024,09:17:17,25321,25321,425,25323.95,100,75,155625
NIFTY-III.NFO,01/08/2024,09:17:18,25321,25321,350,25323.95,175,75,155625
NIFTY-III.NFO,01/08/2024,09:17:20,25323.95,25321,325,25323.9,100,150,155625
NIFTY-III.NFO,01/08/2024,09:17:21,25323.95,25321,325,25323.95,100,0,155625
NIFTY-III.NFO,01/08/2024,09:17:24,25325.8,25321,200,25325.8,50,750,155625
NIFTY-III.NFO,01/08/2024,09:17:24,25325.8,25321,200,25325.8,50,0,155625
NIFTY-III.NFO,01/08/2024,09:17:26,25325.8,25321,200,25325,75,0,155625
NIFTY-III.NFO,01/08/2024,09:17:27,25325.8,25321,250,25325,75,0,155625
NIFTY-III.NFO,01/08/2024,09:17:30,25325.8,25321.05,100,25325,75,0,155625
NIFTY-III.NFO,01/08/2024,09:17:31,25325.8,25321.05,100,25325,100,0,155625
NIFTY-III.NFO,01/08/2024,09:17:33,25325,25321.25,100,25325,50,50,155625
NIFTY-III.NFO,01/08/2024,09:17:34,25321.25,25321.25,100,25325,50,25,155625
NIFTY-III.NFO,01/08/2024,09:17:35,25326,25321.25,775,25326.9,500,100,155625
NIFTY-III.NFO,01/08/2024,09:17:35,25326,25321.25,775,25326.9,500,0,155625
NIFTY-III.NFO,01/08/2024,09:17:37,25326,25322.1,100,25326.9,500,0,155625
NIFTY-III.NFO,01/08/2024,09:17:38,25322.1,25322.1,100,25326.85,75,50,155625
NIFTY-III.NFO,01/08/2024,09:17:40,25322.1,25322.1,100,25326,50,0,155625
NIFTY-III.NFO,01/08/2024,09:17:41,25322.1,25322.2,175,25326,50,0,155625
NIFTY-III.NFO,01/08/2024,09:17:44,25322.1,25322.4,100,25326,50,0,155625
NIFTY-III.NFO,01/08/2024,09:17:45,25326,25326.25,75,25326.9,500,50,155625
NIFTY-III.NFO,01/08/2024,09:17:47,25326,25326.6,325,25326.9,500,0,155625
NIFTY-III.NFO,01/08/2024,09:17:48,25326,25326.85,75,25326.9,500,0,155625
NIFTY-III.NFO,01/08/2024,09:17:50,25325.2,25325.45,325,25325.8,25,25,155625
NIFTY-III.NFO,01/08/2024,09:17:51,25326.9,25325.9,325,25326.9,275,250,155625
NIFTY-III.NFO,01/08/2024,09:17:51,25326.9,25325.9,325,25326.9,275,0,155625
NIFTY-III.NFO,01/08/2024,09:17:52,25326.95,25327.2,325,25328,25,425,155625
NIFTY-III.NFO,01/08/2024,09:17:52,25327.05,25327.2,325,25328,25,0,155625
NIFTY-III.NFO,01/08/2024,09:17:54,25328,25328.9,75,25329,500,25,155625
NIFTY-III.NFO,01/08/2024,09:17:54,25328,25328.9,75,25329,500,0,155625
NIFTY-III.NFO,01/08/2024,09:17:55,25328,25326.05,300,25329,500,0,155625
NIFTY-III.NFO,01/08/2024,09:17:56,25326.95,25326.35,300,25329,500,25,155625
NIFTY-III.NFO,01/08/2024,09:17:58,25328,25325.75,75,25329,500,100,155625
NIFTY-III.NFO,01/08/2024,09:17:59,25328,25325.7,300,25329,500,0,155625
NIFTY-III.NFO,01/08/2024,09:18:01,25328,25327.55,300,25329,500,0,155625
NIFTY-III.NFO,01/08/2024,09:18:04,25326.25,25325.95,225,25329,500,100,155625
NIFTY-III.NFO,01/08/2024,09:18:05,25326.25,25325.95,225,25329,500,0,155625
NIFTY-III.NFO,01/08/2024,09:18:06,25326.25,25325.85,225,25329,500,0,155625
NIFTY-III.NFO,01/08/2024,09:18:08,25326.25,25327,25,25329,500,0,155625
NIFTY-III.NFO,01/08/2024,09:18:11,25329,25327,25,25329,400,100,155625
NIFTY-III.NFO,01/08/2024,09:18:11,25329,25327,25,25329,400,0,155625
NIFTY-III.NFO,01/08/2024,09:18:12,25329,25327.1,225,25329,325,75,155625
NIFTY-III.NFO,01/08/2024,09:18:13,25326,25325.9,125,25326.25,25,150,155625
NIFTY-III.NFO,01/08/2024,09:18:15,25326.25,25326.8,100,25329,325,25,155625
NIFTY-III.NFO,01/08/2024,09:18:16,25329,25325.25,100,25329,300,125,155625
NIFTY-III.NFO,01/08/2024,09:18:17,25329,25325.1,250,25329,325,0,155625
NIFTY-III.NFO,01/08/2024,09:18:19,25329,25325,25,25328.95,75,0,155625
NIFTY-III.NFO,01/08/2024,09:18:20,25328.95,25325,25,25328.95,50,25,155625
NIFTY-III.NFO,01/08/2024,09:18:21,25328.95,25325,25,25328.95,50,0,155625
NIFTY-III.NFO,01/08/2024,09:18:24,25328.95,25325.8,250,25329,350,0,155625
NIFTY-III.NFO,01/08/2024,09:18:26,25328.95,25325.05,250,25329,350,0,155625
NIFTY-III.NFO,01/08/2024,09:18:27,25328.95,25325.1,250,25329,350,0,155625
NIFTY-III.NFO,01/08/2024,09:18:29,25329,25325,25,25328.95,50,125,155625
NIFTY-III.NFO,01/08/2024,09:18:30,25329,25325,25,25328.2,25,0,155625
NIFTY-III.NFO,01/08/2024,09:18:31,25329,25325,250,25325.1,25,0,155625
NIFTY-III.NFO,01/08/2024,09:18:33,25328.95,25325.35,225,25329,250,125,155625
NIFTY-III.NFO,01/08/2024,09:18:34,25329,25325.65,225,25329,100,150,158175
NIFTY-III.NFO,01/08/2024,09:18:36,25326.35,25326.35,125,25329,200,100,158175
NIFTY-III.NFO,01/08/2024,09:18:37,25326.35,25326.35,125,25329,200,0,158175
NIFTY-III.NFO,01/08/2024,09:18:39,25326.35,25325.8,125,25329,200,0,158175
NIFTY-III.NFO,01/08/2024,09:18:41,25326.35,25325.2,125,25329,200,0,158175
NIFTY-III.NFO,01/08/2024,09:18:43,25329,25325.25,125,25325.8,25,100,158175
NIFTY-III.NFO,01/08/2024,09:18:44,25325.8,25325,50,25329,100,25,158175
NIFTY-III.NFO,01/08/2024,09:18:47,25325.8,25325,50,25329,150,0,158175
NIFTY-III.NFO,01/08/2024,09:18:48,25325,25325,25,25329,150,125,158175
NIFTY-III.NFO,01/08/2024,09:18:50,25325,25325.8,100,25329,150,0,158175
NIFTY-III.NFO,01/08/2024,09:18:51,25325,25326.9,100,25329,150,0,158175
NIFTY-III.NFO,01/08/2024,09:18:53,25329,25326.55,75,25329,125,50,158175
NIFTY-III.NFO,01/08/2024,09:18:54,25329,25325.95,75,25329,125,0,158175
NIFTY-III.NFO,01/08/2024,09:18:57,25326,25326.8,75,25329,125,50,158175
NIFTY-III.NFO,01/08/2024,09:18:58,25326.8,25327.25,25,25329,125,50,158175
NIFTY-III.NFO,01/08/2024,09:19:00,25326.8,25327.25,25,25329,125,0,158175
NIFTY-III.NFO,01/08/2024,09:19:03,25329,25326.55,25,25329,25,100,158175
NIFTY-III.NFO,01/08/2024,09:19:04,25329,25326.55,25,25329,25,0,158175
NIFTY-III.NFO,01/08/2024,09:19:06,25329,25327.3,25,25329,25,0,158175
NIFTY-III.NFO,01/08/2024,09:19:07,25328.2,25327,50,25329,25,25,158175
NIFTY-III.NFO,01/08/2024,09:19:09,25326.05,25326.1,275,25329,25,100,158175
NIFTY-III.NFO,01/08/2024,09:19:10,25326.05,25327.1,175,25329,25,0,158175
NIFTY-III.NFO,01/08/2024,09:19:12,25327.1,25326.7,350,25329.55,25,25,158175
NIFTY-III.NFO,01/08/2024,09:19:13,25327.1,25329.5,250,25329.55,25,0,158175
NIFTY-III.NFO,01/08/2024,09:19:16,25329.55,25329.75,225,25330,325,25,158175
NIFTY-III.NFO,01/08/2024,09:19:16,25329.55,25329.75,225,25330,325,0,158175
NIFTY-III.NFO,01/08/2024,09:19:18,25330,25330.55,100,25331,350,325,158175
NIFTY-III.NFO,01/08/2024,09:19:18,25330,25330.55,100,25331,350,0,158175
NIFTY-III.NFO,01/08/2024,09:19:20,25331,25330.85,250,25331,250,100,158175
NIFTY-III.NFO,01/08/2024,09:19:20,25331,25330.85,250,25331,250,0,158175
NIFTY-III.NFO,01/08/2024,09:19:21,25330.7,25331.15,225,25332,25,275,158175
NIFTY-III.NFO,01/08/2024,09:19:23,25330.7,25329.7,125,25332,25,0,158175
NIFTY-III.NFO,01/08/2024,09:19:25,25331,25331.55,100,25332,25,125,158175
NIFTY-III.NFO,01/08/2024,09:19:26,25332,25331.3,125,25333,25,25,158175
NIFTY-III.NFO,01/08/2024,09:19:26,25332,25331.3,125,25333,25,0,158175
NIFTY-III.NFO,01/08/2024,09:19:28,25331.3,25332.45,250,25333,25,50,158175
NIFTY-III.NFO,01/08/2024,09:19:30,25333,25330.3,125,25334,25,25,158175
NIFTY-III.NFO,01/08/2024,09:19:30,25333,25330.3,125,25334,25,0,158175
NIFTY-III.NFO,01/08/2024,09:19:31,25333,25330.7,250,25331.3,25,0,158175
NIFTY-III.NFO,01/08/2024,09:19:33,25333,25331.25,250,25331.3,25,0,158175
NIFTY-III.NFO,01/08/2024,09:19:35,25335,25331.8,250,25335,25,75,158175
NIFTY-III.NFO,01/08/2024,09:19:35,25335,25331.8,250,25335,25,0,158175
NIFTY-III.NFO,01/08/2024,09:19:36,25335,25332.8,250,25335,25,0,158175
NIFTY-III.NFO,01/08/2024,09:19:38,25332.8,25333.3,225,25335,25,25,158175
NIFTY-III.NFO,01/08/2024,09:19:40,25333.3,25333.1,150,25335,25,75,158175
NIFTY-III.NFO,01/08/2024,09:19:41,25335,25335,75,25337.65,100,25,158175
NIFTY-III.NFO,01/08/2024,09:19:43,25335,25335,75,25337.65,100,0,158175
NIFTY-III.NFO,01/08/2024,09:19:45,25335,25335,75,25337.7,25,0,158175
NIFTY-III.NFO,01/08/2024,09:19:46,25335,25335,100,25342.7,100,500,158175
NIFTY-III.NFO,01/08/2024,09:19:46,25340.25,25335,100,25342.7,100,0,158175
NIFTY-III.NFO,01/08/2024,09:19:48,25335,25335,75,25343.95,100,25,158175
NIFTY-III.NFO,01/08/2024,09:19:50,25335,25335.55,75,25343.95,175,0,158175
NIFTY-III.NFO,01/08/2024,09:19:51,25335.75,25335.75,25,25343.95,175,75,158175
NIFTY-III.NFO,01/08/2024,09:19:53,25335.75,25336.3,25,25343.95,175,0,158175
NIFTY-III.NFO,01/08/2024,09:19:56,25337,25337,175,25343.95,175,25,158175
NIFTY-III.NFO,01/08/2024,09:19:58,25337,25337,150,25343.95,175,25,158175
NIFTY-III.NFO,01/08/2024,09:20:00,25337,25337,75,25340,100,0,158175
NIFTY-III.NFO,01/08/2024,09:20:03,25337,25337,50,25340,150,125,158175
NIFTY-III.NFO,01/08/2024,09:20:05,25337,25338,50,25340,75,0,158175
NIFTY-III.NFO,01/08/2024,09:20:06,25338,25337,50,25339.95,175,50,158175
NIFTY-III.NFO,01/08/2024,09:20:08,25335.5,25335.55,125,25338,25,100,158175
NIFTY-III.NFO,01/08/2024,09:20:10,25335.5,25336.9,125,25338,25,0,158175
NIFTY-III.NFO,01/08/2024,09:20:11,25337,25336.85,100,25338,25,25,158175
NIFTY-III.NFO,01/08/2024,09:20:13,25337,25336.85,100,25338,25,0,158175
NIFTY-III.NFO,01/08/2024,09:20:15,25336.85,25335.5,50,25336,100,25,158175
NIFTY-III.NFO,01/08/2024,09:20:16,25336,25335.5,50,25336,25,75,158175
NIFTY-III.NFO,01/08/2024,09:20:18,25336,25335.55,75,25336,25,0,158175
NIFTY-III.NFO,01/08/2024,09:20:26,25341.15,25335.6,100,25341.95,100,225,158175
NIFTY-III.NFO,01/08/2024,09:20:26,25341.15,25335.6,100,25341.95,100,0,158175
NIFTY-III.NFO,01/08/2024,09:20:28,25336.25,25335.6,50,25341.95,175,50,158175
NIFTY-III.NFO,01/08/2024,09:20:29,25336.25,25335.5,50,25339.95,175,0,158175
NIFTY-III.NFO,01/08/2024,09:20:31,25332.8,25332.8,25,25336,25,100,158175
NIFTY-III.NFO,01/08/2024,09:20:33,25336,25334.85,25,25339.95,175,25,158175
NIFTY-III.NFO,01/08/2024,09:20:34,25339.95,25334.85,225,25339.95,175,50,158175
NIFTY-III.NFO,01/08/2024,09:20:36,25339.95,25334.55,150,25339.95,175,0,158175
NIFTY-III.NFO,01/08/2024,09:20:38,25339.95,25333.95,150,25339.95,175,0,158175
NIFTY-III.NFO,01/08/2024,09:20:41,25339.95,25333.95,175,25339.9,100,25,158175
NIFTY-III.NFO,01/08/2024,09:20:43,25339.9,25333.95,175,25339.95,125,100,158175
NIFTY-III.NFO,01/08/2024,09:20:44,25339.9,25333.95,175,25339.95,125,0,158175
NIFTY-III.NFO,01/08/2024,09:20:46,25333.95,25334.45,100,25339.95,25,50,158175
NIFTY-III.NFO,01/08/2024,09:20:48,25333.95,25334.45,100,25339.95,25,0,158175
NIFTY-III.NFO,01/08/2024,09:20:49,25334.45,25335.15,50,25340,25,125,158175
NIFTY-III.NFO,01/08/2024,09:20:51,25334.45,25335.15,50,25339.95,100,0,158175
NIFTY-III.NFO,01/08/2024,09:20:53,25334.45,25335.1,175,25339.95,100,0,158175
NIFTY-III.NFO,01/08/2024,09:20:54,25335.15,25335.1,100,25339,25,25,158175
NIFTY-III.NFO,01/08/2024,09:20:56,25339,25335.1,100,25339.95,100,100,158175
NIFTY-III.NFO,01/08/2024,09:20:57,25339,25335.1,25,25339.95,175,0,158175
NIFTY-III.NFO,01/08/2024,09:21:07,25339,25339,125,25340,150,0,158175
NIFTY-III.NFO,01/08/2024,09:21:09,25340,25339,125,25340,125,75,158175
NIFTY-III.NFO,01/08/2024,09:21:11,25340,25339,125,25339.95,100,0,158175
NIFTY-III.NFO,01/08/2024,09:21:12,25339,25339,75,25340,75,50,158175
NIFTY-III.NFO,01/08/2024,09:21:14,25339,25339,75,25340,75,0,158175
NIFTY-III.NFO,01/08/2024,09:21:19,25339,25338.1,125,25339,25,75,158175
NIFTY-III.NFO,01/08/2024,09:21:21,25339,25337.45,50,25340,75,50,158175
NIFTY-III.NFO,01/08/2024,09:21:22,25339,25338.6,375,25340,75,0,158175
NIFTY-III.NFO,01/08/2024,09:21:24,25339.45,25338.55,75,25340,75,125,158175
NIFTY-III.NFO,01/08/2024,09:21:26,25339.45,25339.3,525,25340,75,0,158175
NIFTY-III.NFO,01/08/2024,09:21:27,25340,25340.8,325,25342,25,75,158175
NIFTY-III.NFO,01/08/2024,09:21:29,25342,25342.55,200,25344,25,25,158175
NIFTY-III.NFO,01/08/2024,09:21:29,25342,25342.55,200,25344,25,0,158175
NIFTY-III.NFO,01/08/2024,09:21:30,25344,25344.2,75,25345,375,25,158175
NIFTY-III.NFO,01/08/2024,09:21:30,25344,25344.2,75,25345,375,0,158175
NIFTY-III.NFO,01/08/2024,09:21:32,25345,25344.95,200,25345,325,75,158175
NIFTY-III.NFO,01/08/2024,09:21:32,25345,25344.95,200,25345,325,0,158175
NIFTY-III.NFO,01/08/2024,09:21:34,25345.6,25346.2,75,25349,25,350,158175
NIFTY-III.NFO,01/08/2024,09:21:34,25345.6,25346.2,75,25349,25,0,158175
NIFTY-III.NFO,01/08/2024,09:21:35,25345.6,25345.05,125,25349,25,0,158175
NIFTY-III.NFO,01/08/2024,09:21:37,25345.6,25345.75,125,25349,25,0,158175
NIFTY-III.NFO,01/08/2024,09:21:39,25346.45,25346.45,75,25349,25,25,159475
NIFTY-III.NFO,01/08/2024,09:21:39,25346.45,25346.45,75,25349,25,0,159475
NIFTY-III.NFO,01/08/2024,09:21:40,25348.1,25347.6,200,25349,25,50,159475
NIFTY-III.NFO,01/08/2024,09:21:40,25348.1,25347.6,200,25349,25,0,159475
NIFTY-III.NFO,01/08/2024,09:21:42,25348.1,25347.55,75,25349,25,0,159475
NIFTY-III.NFO,01/08/2024,09:21:44,25348.1,25347.5,200,25349,25,0,159475
NIFTY-III.NFO,01/08/2024,09:21:45,25348.1,25347.95,200,25349,25,100,159475
NIFTY-III.NFO,01/08/2024,09:21:47,25348.1,25348.2,200,25349,25,0,159475
NIFTY-III.NFO,01/08/2024,09:21:49,25350,25349.9,75,25350,375,500,159475
NIFTY-III.NFO,01/08/2024,09:21:49,25350,25349.9,75,25350,375,0,159475
NIFTY-III.NFO,01/08/2024,09:21:50,25350.05,25350.05,50,25351.95,25,400,159475
NIFTY-III.NFO,01/08/2024,09:21:50,25350.05,25350.05,50,25351.95,25,0,159475
NIFTY-III.NFO,01/08/2024,09:21:52,25350,25348.8,125,25351.95,25,50,159475
NIFTY-III.NFO,01/08/2024,09:21:54,25350.4,25350.25,125,25351.95,25,150,159475
NIFTY-III.NFO,01/08/2024,09:21:54,25350.4,25350.25,125,25351.95,25,0,159475
NIFTY-III.NFO,01/08/2024,09:21:55,25350.4,25350.25,125,25351.95,25,0,159475
NIFTY-III.NFO,01/08/2024,09:21:57,25350.05,25350.8,125,25351.95,25,25,159475
NIFTY-III.NFO,01/08/2024,09:21:59,25352.1,25351.6,125,25355,50,75,159475
NIFTY-III.NFO,01/08/2024,09:21:59,25352.1,25351.6,125,25355,50,0,159475
NIFTY-III.NFO,01/08/2024,09:22:00,25352.1,25352.75,125,25355,50,0,159475
NIFTY-III.NFO,01/08/2024,09:22:02,25353.9,25353.55,125,25355,50,50,159475
NIFTY-III.NFO,01/08/2024,09:22:02,25353.9,25353.55,125,25355,50,0,159475
NIFTY-III.NFO,01/08/2024,09:22:04,25359.95,25354.5,50,25359.95,100,725,159475
NIFTY-III.NFO,01/08/2024,09:22:04,25359.95,25354.5,50,25359.95,100,0,159475
NIFTY-III.NFO,01/08/2024,09:22:05,25356.05,25355.5,25,25360,700,125,159475
NIFTY-III.NFO,01/08/2024,09:22:07,25356.4,25357.1,25,25360,700,50,159475
NIFTY-III.NFO,01/08/2024,09:22:09,25356.4,25356.6,25,25360,700,0,159475
NIFTY-III.NFO,01/08/2024,09:22:10,25355.7,25355.7,125,25360,700,50,159475
NIFTY-III.NFO,01/08/2024,09:22:12,25354.5,25355,125,25356.4,25,50,159475
NIFTY-III.NFO,01/08/2024,09:22:14,25355.7,25356,50,25359.95,100,75,159475
NIFTY-III.NFO,01/08/2024,09:22:16,25356,25356,25,25359.95,175,25,159475
NIFTY-III.NFO,01/08/2024,09:22:17,25356,25356,25,25359.95,175,0,159475
NIFTY-III.NFO,01/08/2024,09:22:19,25358.7,25356,25,25359.25,100,25,159475
NIFTY-III.NFO,01/08/2024,09:22:21,25358.7,25356,25,25358.8,100,0,159475
NIFTY-III.NFO,01/08/2024,09:22:22,25358.7,25356,25,25359.1,100,0,159475
NIFTY-III.NFO,01/08/2024,09:22:24,25356,25353.05,25,25359.95,175,125,159475
NIFTY-III.NFO,01/08/2024,09:22:26,25356,25354.65,25,25359.95,175,0,159475
NIFTY-III.NFO,01/08/2024,09:22:27,25356,25354.25,25,25359.95,175,0,159475
NIFTY-III.NFO,01/08/2024,09:22:29,25359.25,25353.6,25,25356,25,50,159475
NIFTY-III.NFO,01/08/2024,09:22:31,25359.25,25355,25,25356,25,0,159475
NIFTY-III.NFO,01/08/2024,09:22:34,25356,25355,25,25359.95,175,25,159475
NIFTY-III.NFO,01/08/2024,09:22:35,25359.25,25355,25,25359.95,175,25,159475
NIFTY-III.NFO,01/08/2024,09:22:37,25359.25,25355,25,25359.2,175,0,159475
NIFTY-III.NFO,01/08/2024,09:22:40,25354.2,25354.05,25,25359.2,175,50,159475
NIFTY-III.NFO,01/08/2024,09:22:42,25354.2,25353.8,150,25358.95,100,0,159475
NIFTY-III.NFO,01/08/2024,09:22:44,25354.2,25354.1,25,25357,25,0,159475
NIFTY-III.NFO,01/08/2024,09:22:45,25354.2,25353.55,25,25357,25,0,159475
NIFTY-III.NFO,01/08/2024,09:22:47,25354.2,25353.45,25,25358.95,175,50,159475
NIFTY-III.NFO,01/08/2024,09:22:48,25354.2,25354.1,25,25358.95,100,0,159475
NIFTY-III.NFO,01/08/2024,09:22:50,25354.2,25354.2,125,25358.95,100,25,159475
NIFTY-III.NFO,01/08/2024,09:22:52,25354.2,25353.3,25,25354.2,25,0,159475
NIFTY-III.NFO,01/08/2024,09:22:55,25354.2,25354,100,25354.2,25,0,159475
NIFTY-III.NFO,01/08/2024,09:22:58,25358.95,25354,125,25358.95,100,75,159475
NIFTY-III.NFO,01/08/2024,09:23:00,25358.95,25354,125,25358.95,175,25,159475
NIFTY-III.NFO,01/08/2024,09:23:01,25358.95,25354,325,25358.95,200,0,159475
NIFTY-III.NFO,01/08/2024,09:23:03,25358.95,25354.2,25,25358.95,200,0,159475
NIFTY-III.NFO,01/08/2024,09:23:05,25354.2,25354,325,25358.95,200,25,159475
NIFTY-III.NFO,01/08/2024,09:23:06,25354.2,25354,325,25358.95,200,0,159475
NIFTY-III.NFO,01/08/2024,09:23:08,25354,25354,200,25358.95,200,125,159475
NIFTY-III.NFO,01/08/2024,09:23:10,25354,25354,150,25358.95,200,50,159475
NIFTY-III.NFO,01/08/2024,09:23:11,25358.95,25353.25,75,25358.95,100,150,159475
NIFTY-III.NFO,01/08/2024,09:23:13,25358.95,25352.65,300,25358.95,100,0,159475
NIFTY-III.NFO,01/08/2024,09:23:15,25358.95,25352.3,175,25358.95,100,25,159475
NIFTY-III.NFO,01/08/2024,09:23:17,25352.3,25352.35,100,25358.9,25,25,159475
NIFTY-III.NFO,01/08/2024,09:23:18,25352.35,25352.35,100,25358.9,50,25,159475
NIFTY-III.NFO,01/08/2024,09:23:20,25352.35,25351.15,175,25358.9,50,0,159475
NIFTY-III.NFO,01/08/2024,09:23:22,25357.95,25350.35,100,25358,275,50,159475
NIFTY-III.NFO,01/08/2024,09:23:23,25357.95,25350.4,100,25357.95,50,0,159475
NIFTY-III.NFO,01/08/2024,09:23:25,25357.95,25350,500,25352.35,50,0,159475
NIFTY-III.NFO,01/08/2024,09:23:27,25357.95,25350,500,25352.35,125,0,159475
NIFTY-III.NFO,01/08/2024,09:23:28,25350,25350,450,25352.35,125,150,159475
NIFTY-III.NFO,01/08/2024,09:23:30,25352.35,25350,450,25352.35,100,25,159475
NIFTY-III.NFO,01/08/2024,09:23:32,25352.35,25350.05,100,25352.35,25,0,159475
NIFTY-III.NFO,01/08/2024,09:23:33,25350.05,25350.05,100,25352.35,25,25,159475
NIFTY-III.NFO,01/08/2024,09:23:35,25350.05,25350.05,100,25352.35,25,0,159475
NIFTY-III.NFO,01/08/2024,09:23:38,25353.85,25350.05,175,25357.25,25,50,159475
NIFTY-III.NFO,01/08/2024,09:23:40,25353.85,25350.05,175,25357.15,100,0,159475
NIFTY-III.NFO,01/08/2024,09:23:41,25353.85,25350,450,25356.4,25,0,159475
NIFTY-III.NFO,01/08/2024,09:23:43,25350,25350,425,25355.65,100,25,159475
NIFTY-III.NFO,01/08/2024,09:23:44,25350,25350,425,25353.8,25,0,159475
NIFTY-III.NFO,01/08/2024,09:23:48,25350,25350,425,25353.85,100,0,159475
NIFTY-III.NFO,01/08/2024,09:23:51,25350,25350,425,25353.8,100,0,159475
NIFTY-III.NFO,01/08/2024,09:23:53,25353.8,25350,425,25353.8,25,50,159475
NIFTY-III.NFO,01/08/2024,09:23:54,25353.8,25350,425,25353.85,100,0,159475
NIFTY-III.NFO,01/08/2024,09:23:56,25350,25350,350,25353.8,100,75,159475
NIFTY-III.NFO,01/08/2024,09:23:58,25350,25350,350,25353.8,25,0,159475
NIFTY-III.NFO,01/08/2024,09:23:59,25350,25350,350,25353.8,100,0,159475
NIFTY-III.NFO,01/08/2024,09:24:01,25350,25350.05,100,25353.8,25,0,159475
NIFTY-III.NFO,01/08/2024,09:24:02,25350,25350.6,100,25353.8,25,0,159475
NIFTY-III.NFO,01/08/2024,09:24:04,25350,25350,350,25353.8,100,0,159475
NIFTY-III.NFO,01/08/2024,09:24:06,25353.8,25350,350,25353.8,50,100,159475
NIFTY-III.NFO,01/08/2024,09:24:07,25353.8,25350,350,25353.85,100,0,159475
NIFTY-III.NFO,01/08/2024,09:24:09,25353.8,25350.05,100,25353.85,25,0,159475
NIFTY-III.NFO,01/08/2024,09:24:11,25350.05,25350.05,100,25355,150,25,159475
NIFTY-III.NFO,01/08/2024,09:24:12,25350.05,25350.05,175,25355.05,100,0,159475
NIFTY-III.NFO,01/08/2024,09:24:13,25350.05,25350.05,100,25355,75,0,159475
NIFTY-III.NFO,01/08/2024,09:24:15,25350.05,25350.05,100,25352,50,0,159475
NIFTY-III.NFO,01/08/2024,09:24:17,25350.05,25350.1,100,25352,50,0,159475
NIFTY-III.NFO,01/08/2024,09:24:25,25350.05,25350,350,25352,50,25,159475
NIFTY-III.NFO,01/08/2024,09:24:28,25350,25350.05,100,25352,50,25,159475
NIFTY-III.NFO,01/08/2024,09:24:30,25350,25350,350,25352,50,0,159475
NIFTY-III.NFO,01/08/2024,09:24:31,25350,25350,325,25352,50,25,159475
NIFTY-III.NFO,01/08/2024,09:24:33,25352,25350,325,25352,25,50,159475
NIFTY-III.NFO,01/08/2024,09:24:35,25350,25346.95,100,25352,100,325,159475
NIFTY-III.NFO,01/08/2024,09:24:36,25350,25347.6,100,25352,100,0,159475
NIFTY-III.NFO,01/08/2024,09:24:38,25350,25346.95,100,25352,125,0,159475
NIFTY-III.NFO,01/08/2024,09:24:40,25350,25346.5,100,25351.95,100,0,159475
NIFTY-III.NFO,01/08/2024,09:24:41,25350,25345.2,100,25350.95,100,0,159475
NIFTY-III.NFO,01/08/2024,09:24:43,25350,25344.2,100,25349.95,175,0,159475
NIFTY-III.NFO,01/08/2024,09:24:45,25350,25344.05,100,25349.9,100,0,159475
NIFTY-III.NFO,01/08/2024,09:24:46,25350,25344.05,100,25349.75,100,0,159475
NIFTY-III.NFO,01/08/2024,09:24:48,25344,25341.4,100,25345,25,25,159475
NIFTY-III.NFO,01/08/2024,09:24:50,25344,25340.9,100,25345,25,0,161400
NIFTY-III.NFO,01/08/2024,09:24:51,25344,25341.25,100,25345,25,0,161400
NIFTY-III.NFO,01/08/2024,09:24:53,25341.9,25342.65,125,25345,25,125,161400
NIFTY-III.NFO,01/08/2024,09:24:55,25341.9,25342.65,125,25345,25,0,161400
NIFTY-III.NFO,01/08/2024,09:24:58,25342,25341.85,200,25344,25,25,161400
NIFTY-III.NFO,01/08/2024,09:25:00,25341.85,25341.9,100,25344,25,100,161400
NIFTY-III.NFO,01/08/2024,09:25:01,25341.85,25341.55,250,25344,25,0,161400
NIFTY-III.NFO,01/08/2024,09:25:03,25341.85,25340.15,250,25344,25,0,161400
NIFTY-III.NFO,01/08/2024,09:25:05,25341.85,25340.3,100,25341.9,100,0,161400
NIFTY-III.NFO,01/08/2024,09:25:06,25341.9,25342.2,75,25344,25,125,161400
NIFTY-III.NFO,01/08/2024,09:25:08,25342.35,25342.05,100,25345,125,50,161400
NIFTY-III.NFO,01/08/2024,09:25:10,25342.35,25344,25,25345,125,0,161400
NIFTY-III.NFO,01/08/2024,09:25:11,25342.35,25343.95,150,25345,125,0,161400
NIFTY-III.NFO,01/08/2024,09:25:13,25342.4,25343,875,25345,25,125,161400
NIFTY-III.NFO,01/08/2024,09:25:15,25343.95,25344.15,125,25345,25,25,161400
NIFTY-III.NFO,01/08/2024,09:25:17,25343.6,25343.7,125,25345,25,25,161400
NIFTY-III.NFO,01/08/2024,09:25:18,25343.6,25343.75,875,25345,25,0,161400
NIFTY-III.NFO,01/08/2024,09:25:20,25343.6,25344.7,75,25345,25,0,161400
NIFTY-III.NFO,01/08/2024,09:25:22,25343.6,25344.05,150,25345,25,0,161400
NIFTY-III.NFO,01/08/2024,09:25:23,25345,25343,100,25349.95,175,25,161400
NIFTY-III.NFO,01/08/2024,09:25:25,25345,25343.35,575,25349.95,175,0,161400
NIFTY-III.NFO,01/08/2024,09:25:27,25345,25344,75,25349.95,175,0,161400
NIFTY-III.NFO,01/08/2024,09:25:28,25345,25344.2,75,25349.95,175,0,161400
NIFTY-III.NFO,01/08/2024,09:25:32,25345,25343.15,250,25345,25,0,161400
NIFTY-III.NFO,01/08/2024,09:25:33,25345,25342.1,75,25348.05,100,50,161400
NIFTY-III.NFO,01/08/2024,09:25:35,25345,25342.5,250,25349.9,100,0,161400
NIFTY-III.NFO,01/08/2024,09:25:37,25345,25343.2,75,25349.9,100,0,161400
NIFTY-III.NFO,01/08/2024,09:25:38,25343.2,25342,500,25345,50,25,161400
NIFTY-III.NFO,01/08/2024,09:25:40,25343.2,25341.85,375,25345,50,0,161400
NIFTY-III.NFO,01/08/2024,09:25:42,25343.2,25341.45,750,25345,50,0,161400
NIFTY-III.NFO,01/08/2024,09:25:43,25343.2,25342.35,250,25345,50,0,161400
NIFTY-III.NFO,01/08/2024,09:25:45,25343.2,25340.75,500,25343.2,25,0,161400
NIFTY-III.NFO,01/08/2024,09:25:47,25343.2,25340.1,75,25343.2,25,0,161400
NIFTY-III.NFO,01/08/2024,09:25:48,25343.2,25340,125,25342,25,0,161400
NIFTY-III.NFO,01/08/2024,09:25:53,25340,25340,75,25340.2,25,50,161400
NIFTY-III.NFO,01/08/2024,09:25:55,25340,25340,50,25340.2,25,25,161400
NIFTY-III.NFO,01/08/2024,09:25:57,25340,25340,50,25340.2,25,0,161400
NIFTY-III.NFO,01/08/2024,09:25:58,25340.2,25341.05,250,25345,50,50,161400
NIFTY-III.NFO,01/08/2024,09:26:00,25341.85,25341.9,75,25343.2,25,350,161400
NIFTY-III.NFO,01/08/2024,09:26:02,25346.05,25341.25,100,25347.9,100,300,161400
NIFTY-III.NFO,01/08/2024,09:26:03,25346.05,25340.7,100,25347.9,100,0,161400
NIFTY-III.NFO,01/08/2024,09:26:08,25346.05,25340.65,75,25347.9,100,0,161400
NIFTY-III.NFO,01/08/2024,09:26:10,25346.05,25340.05,75,25347.9,100,0,161400
NIFTY-III.NFO,01/08/2024,09:26:11,25346.05,25340.05,175,25347.9,100,0,161400
NIFTY-III.NFO,01/08/2024,09:26:13,25346.05,25340.2,175,25347.9,100,0,161400
NIFTY-III.NFO,01/08/2024,09:26:15,25346.05,25340.05,175,25347.8,175,0,161400
NIFTY-III.NFO,01/08/2024,09:26:17,25346.05,25340,50,25346,100,0,161400
NIFTY-III.NFO,01/08/2024,09:26:21,25346.05,25340,50,25345.9,175,0,161400
NIFTY-III.NFO,01/08/2024,09:26:23,25346.05,25340,75,25345.8,100,0,161400
NIFTY-III.NFO,01/08/2024,09:26:25,25346.05,25340.05,175,25346,175,0,161400
NIFTY-III.NFO,01/08/2024,09:26:26,25346.05,25340.05,100,25346,175,0,161400
NIFTY-III.NFO,01/08/2024,09:26:28,25340.05,25340.4,150,25346,175,25,161400
NIFTY-III.NFO,01/08/2024,09:26:30,25340.05,25340.05,150,25346,175,0,161400
NIFTY-III.NFO,01/08/2024,09:26:31,25340.05,25340.15,150,25346,175,0,161400
NIFTY-III.NFO,01/08/2024,09:26:33,25340.05,25340.35,150,25346,175,0,161400
NIFTY-III.NFO,01/08/2024,09:26:35,25346,25340.2,175,25346,125,125,161400
NIFTY-III.NFO,01/08/2024,09:26:36,25346.05,25341.9,100,25349,50,25,161400
NIFTY-III.NFO,01/08/2024,09:26:39,25346.05,25347.9,25,25349.45,50,0,161400
NIFTY-III.NFO,01/08/2024,09:26:41,25346.05,25347.9,25,25349.45,125,0,161400
NIFTY-III.NFO,01/08/2024,09:26:43,25346.05,25347.9,25,25349.45,50,0,161400
NIFTY-III.NFO,01/08/2024,09:26:44,25346.05,25347.9,25,25349.45,125,0,161400
NIFTY-III.NFO,01/08/2024,09:26:54,25347.9,25342.05,175,25349.45,125,25,161400
NIFTY-III.NFO,01/08/2024,09:26:56,25349.4,25342.05,175,25349.3,100,25,161400
NIFTY-III.NFO,01/08/2024,09:26:57,25349.4,25342,50,25346.05,150,0,161400
NIFTY-III.NFO,01/08/2024,09:26:59,25342,25342,25,25346,100,25,161400
NIFTY-III.NFO,01/08/2024,09:27:01,25342,25342,25,25345.9,25,0,161400
NIFTY-III.NFO,01/08/2024,09:27:02,25342,25342,25,25345.7,100,0,161400
NIFTY-III.NFO,01/08/2024,09:27:04,25342,25341,25,25345.7,100,25,161400
NIFTY-III.NFO,01/08/2024,09:27:06,25342,25341,25,25344.25,25,0,161400
NIFTY-III.NFO,01/08/2024,09:27:07,25341.95,25340,50,25341.95,50,50,161400
NIFTY-III.NFO,01/08/2024,09:27:09,25340,25335.5,75,25341.95,50,50,161400
NIFTY-III.NFO,01/08/2024,09:27:11,25340,25336.2,100,25341.8,75,0,161400
NIFTY-III.NFO,01/08/2024,09:27:14,25340,25340,225,25341.95,100,25,161400
NIFTY-III.NFO,01/08/2024,09:27:15,25340,25340,150,25341.95,25,75,161400
NIFTY-III.NFO,01/08/2024,09:27:19,25340,25340,125,25341.95,25,50,161400
NIFTY-III.NFO,01/08/2024,09:27:20,25340,25340,150,25341.95,25,0,161400
NIFTY-III.NFO,01/08/2024,09:27:24,25340,25335.55,100,25341.95,100,150,161400
NIFTY-III.NFO,01/08/2024,09:27:25,25335.55,25335.55,100,25341.9,100,25,161400
NIFTY-III.NFO,01/08/2024,09:27:27,25335.55,25336.45,100,25341.95,25,0,161400
NIFTY-III.NFO,01/08/2024,09:27:29,25335.55,25337.05,100,25341.95,25,0,161400
NIFTY-III.NFO,01/08/2024,09:27:31,25335.55,25336.75,175,25340,25,0,161400
NIFTY-III.NFO,01/08/2024,09:27:32,25340,25335.25,100,25341.95,100,25,161400
NIFTY-III.NFO,01/08/2024,09:27:34,25340,25336,175,25340,400,0,161400
NIFTY-III.NFO,01/08/2024,09:27:36,25340,25335.5,175,25340,400,0,161400
NIFTY-III.NFO,01/08/2024,09:27:37,25340,25336.8,100,25340,450,0,161400
NIFTY-III.NFO,01/08/2024,09:27:41,25340,25337.35,800,25340,450,0,161400
NIFTY-III.NFO,01/08/2024,09:27:42,25340,25337.95,175,25340,500,0,161400
NIFTY-III.NFO,01/08/2024,09:27:44,25340,25338.65,100,25340,500,0,161400
NIFTY-III.NFO,01/08/2024,09:27:46,25340,25338,25,25340,525,0,161400
NIFTY-III.NFO,01/08/2024,09:27:52,25340,25338.05,100,25340,525,0,161400
NIFTY-III.NFO,01/08/2024,09:27:56,25340,25338.85,175,25340,525,0,161400
NIFTY-III.NFO,01/08/2024,09:27:57,25340,25338,25,25340,525,0,161400
NIFTY-III.NFO,01/08/2024,09:27:59,25340,25338,25,25340,500,25,161400
NIFTY-III.NFO,01/08/2024,09:28:01,25338,25337.85,100,25340,425,100,162300
NIFTY-III.NFO,01/08/2024,09:28:02,25338,25337.5,100,25340,425,0,162300
NIFTY-III.NFO,01/08/2024,09:28:04,25338,25337.5,125,25340,425,0,162300
NIFTY-III.NFO,01/08/2024,09:28:06,25338,25338.2,125,25340,425,0,162300
NIFTY-III.NFO,01/08/2024,09:28:07,25340,25338,25,25340,400,25,162300
NIFTY-III.NFO,01/08/2024,09:28:09,25340,25338,25,25340,400,0,162300
NIFTY-III.NFO,01/08/2024,09:28:11,25340,25338,25,25340,375,25,162300
NIFTY-III.NFO,01/08/2024,09:28:12,25340,25338,25,25340,375,0,162300
NIFTY-III.NFO,01/08/2024,09:28:15,25340,25338,25,25340,775,0,162300
NIFTY-III.NFO,01/08/2024,09:28:17,25340,25338,25,25340,850,0,162300
NIFTY-III.NFO,01/08/2024,09:28:19,25338,25337.35,125,25340,850,25,162300
NIFTY-III.NFO,01/08/2024,09:28:20,25336.5,25336.4,125,25340,850,100,162300
NIFTY-III.NFO,01/08/2024,09:28:22,25339.95,25335.45,200,25340,1200,25,162300
NIFTY-III.NFO,01/08/2024,09:28:24,25339.95,25336.05,200,25340,1200,0,162300
NIFTY-III.NFO,01/08/2024,09:28:25,25339.95,25336.6,125,25340,1200,0,162300
NIFTY-III.NFO,01/08/2024,09:28:27,25339.95,25336.65,200,25340,1200,0,162300
NIFTY-III.NFO,01/08/2024,09:28:29,25339.95,25336.75,200,25340,1200,0,162300
NIFTY-III.NFO,01/08/2024,09:28:30,25339.95,25338.45,200,25340,1225,0,162300
NIFTY-III.NFO,01/08/2024,09:28:32,25340,25338.95,75,25340,1100,125,162300
NIFTY-III.NFO,01/08/2024,09:28:34,25340,25339.85,175,25340,975,125,162300
NIFTY-III.NFO,01/08/2024,09:28:35,25340,25340.65,75,25341.95,25,975,162300
NIFTY-III.NFO,01/08/2024,09:28:37,25340,25341.3,100,25341.95,25,0,162300
NIFTY-III.NFO,01/08/2024,09:28:39,25340,25341.15,475,25341.95,25,0,162300
NIFTY-III.NFO,01/08/2024,09:28:40,25341.95,25341.7,75,25344.5,25,25,162300
NIFTY-III.NFO,01/08/2024,09:28:42,25344.5,25339.4,75,25346.2,75,25,162300
NIFTY-III.NFO,01/08/2024,09:28:44,25344.5,25338.45,75,25346.2,75,0,162300
NIFTY-III.NFO,01/08/2024,09:28:45,25344.5,25337.1,100,25340,25,0,162300
NIFTY-III.NFO,01/08/2024,09:28:47,25344.5,25336.55,125,25340,25,0,162300
NIFTY-III.NFO,01/08/2024,09:28:49,25335.7,25336,125,25340,50,500,162300
NIFTY-III.NFO,01/08/2024,09:28:50,25335.7,25335.1,25,25339.95,175,0,162300
NIFTY-III.NFO,01/08/2024,09:28:52,25339.55,25335,500,25339.55,75,50,162300
NIFTY-III.NFO,01/08/2024,09:28:54,25335,25335,475,25338.65,150,25,162300
NIFTY-III.NFO,01/08/2024,09:28:55,25335,25335,450,25337.6,75,25,162300
NIFTY-III.NFO,01/08/2024,09:28:57,25339.55,25335.25,325,25340,100,25,162300
NIFTY-III.NFO,01/08/2024,09:28:59,25335.05,25335.6,100,25340,100,25,162300
NIFTY-III.NFO,01/08/2024,09:29:00,25335.05,25338.5,100,25340,25,0,162300
NIFTY-III.NFO,01/08/2024,09:29:02,25335.05,25337.95,100,25340,25,0,162300
NIFTY-III.NFO,01/08/2024,09:29:04,25335.05,25337.35,650,25340,25,0,162300
NIFTY-III.NFO,01/08/2024,09:29:05,25335.05,25336.05,100,25340,125,0,162300
NIFTY-III.NFO,01/08/2024,09:29:07,25336.15,25336.15,100,25340,75,25,162300
NIFTY-III.NFO,01/08/2024,09:29:09,25336.15,25336.2,100,25340,75,0,162300
NIFTY-III.NFO,01/08/2024,09:29:10,25336.15,25337.2,100,25340,100,0,162300
NIFTY-III.NFO,01/08/2024,09:29:12,25336.15,25335.95,100,25340,175,0,162300
NIFTY-III.NFO,01/08/2024,09:29:14,25340,25335.5,100,25340,150,25,162300
NIFTY-III.NFO,01/08/2024,09:29:15,25340,25336.45,125,25340,100,0,162300
NIFTY-III.NFO,01/08/2024,09:29:17,25340,25336.15,100,25340,100,0,162300
NIFTY-III.NFO,01/08/2024,09:29:18,25340,25336.15,100,25339.45,200,0,162300
NIFTY-III.NFO,01/08/2024,09:29:20,25340,25335.9,100,25339.45,200,0,162300
NIFTY-III.NFO,01/08/2024,09:29:22,25340,25336.15,200,25339.45,200,0,162300
NIFTY-III.NFO,01/08/2024,09:29:23,25340,25336.25,100,25339.45,200,0,162300
NIFTY-III.NFO,01/08/2024,09:29:25,25340,25337.05,100,25339.45,200,0,162300
NIFTY-III.NFO,01/08/2024,09:29:26,25340,25336,100,25339.45,200,0,162300
NIFTY-III.NFO,01/08/2024,09:29:28,25340,25335.8,100,25339.45,200,0,162300
NIFTY-III.NFO,01/08/2024,09:29:30,25340,25336.1,100,25339,25,0,162300
NIFTY-III.NFO,01/08/2024,09:29:31,25340,25337.1,100,25339,25,0,162300
NIFTY-III.NFO,01/08/2024,09:29:33,25340,25336.3,100,25339,25,0,162300
NIFTY-III.NFO,01/08/2024,09:29:34,25340,25336.35,100,25339,25,0,162300
NIFTY-III.NFO,01/08/2024,09:29:37,25339,25336.65,675,25339.45,200,25,162300
NIFTY-III.NFO,01/08/2024,09:29:39,25339,25336.8,50,25339.45,200,0,162300
NIFTY-III.NFO,01/08/2024,09:29:41,25340,25336.1,125,25340,50,300,162300
NIFTY-III.NFO,01/08/2024,09:29:42,25340,25336,125,25339.95,100,0,162300
NIFTY-III.NFO,01/08/2024,09:29:44,25340,25335.35,100,25339.95,100,0,162300
NIFTY-III.NFO,01/08/2024,09:29:46,25340,25336.7,100,25340,50,0,162300
NIFTY-III.NFO,01/08/2024,09:29:47,25340,25336.8,50,25340,25,50,162300
NIFTY-III.NFO,01/08/2024,09:29:49,25340,25335.8,175,25340,25,0,162300
NIFTY-III.NFO,01/08/2024,09:29:51,25340,25336.9,100,25340,25,0,162300
NIFTY-III.NFO,01/08/2024,09:29:52,25340,25335.9,125,25340,25,0,162300
NIFTY-III.NFO,01/08/2024,09:29:54,25340,25337.75,75,25344.45,175,25,162300
NIFTY-III.NFO,01/08/2024,09:29:56,25340,25338.2,75,25344.45,175,0,162300
NIFTY-III.NFO,01/08/2024,09:29:57,25340,25336.9,175,25344.35,100,0,162300
NIFTY-III.NFO,01/08/2024,09:29:59,25340,25338.4,75,25344.4,100,0,162300
NIFTY-III.NFO,01/08/2024,09:30:00,25340,25337.6,175,25344.4,100,0,162300
NIFTY-III.NFO,01/08/2024,09:30:02,25340,25338.25,100,25344.45,175,0,162300
NIFTY-III.NFO,01/08/2024,09:30:04,25340,25339.85,100,25344.45,100,0,162300
NIFTY-III.NFO,01/08/2024,09:30:05,25340,25339.8,75,25344.45,100,0,162300
NIFTY-III.NFO,01/08/2024,09:30:07,25340,25338.45,175,25344.45,100,0,162300
NIFTY-III.NFO,01/08/2024,09:30:09,25340,25339.9,125,25344.45,100,50,162300
NIFTY-III.NFO,01/08/2024,09:30:10,25340,25340.6,400,25344.5,225,0,162300
NIFTY-III.NFO,01/08/2024,09:30:12,25340,25342.5,175,25344.5,225,0,162300
NIFTY-III.NFO,01/08/2024,09:30:13,25340,25342.8,200,25344.5,225,0,162300
NIFTY-III.NFO,01/08/2024,09:30:15,25340,25342.5,175,25344.5,225,0,162300
NIFTY-III.NFO,01/08/2024,09:30:16,25343.4,25343.45,550,25344.5,225,25,162300
NIFTY-III.NFO,01/08/2024,09:30:18,25343.4,25343.55,675,25344.5,225,0,162300
NIFTY-III.NFO,01/08/2024,09:30:20,25343.4,25343.5,200,25344.5,225,0,162300
NIFTY-III.NFO,01/08/2024,09:30:21,25343.4,25342.95,675,25344.5,225,0,162300
NIFTY-III.NFO,01/08/2024,09:30:23,25343.4,25342.6,575,25343.4,25,0,162300
NIFTY-III.NFO,01/08/2024,09:30:25,25343.4,25342.15,175,25344.5,225,25,162300
NIFTY-III.NFO,01/08/2024,09:30:26,25343.4,25342.9,675,25344.5,225,0,162300
NIFTY-III.NFO,01/08/2024,09:30:28,25343.4,25342.6,675,25344.5,225,0,162300
NIFTY-III.NFO,01/08/2024,09:30:30,25343.4,25341.45,25,25343,100,0,162300
NIFTY-III.NFO,01/08/2024,09:30:31,25343.4,25342.2,125,25343,100,0,162300
NIFTY-III.NFO,01/08/2024,09:30:33,25343.4,25342.05,450,25343,100,0,162300
NIFTY-III.NFO,01/08/2024,09:30:35,25343.4,25341.3,25,25343,100,0,162300
NIFTY-III.NFO,01/08/2024,09:30:36,25343.4,25340.8,125,25343,100,0,162300
NIFTY-III.NFO,01/08/2024,09:30:38,25343.4,25340.6,125,25343,100,0,162300
NIFTY-III.NFO,01/08/2024,09:30:40,25343.4,25340.7,675,25343,100,0,162300
NIFTY-III.NFO,01/08/2024,09:30:41,25343,25340.8,450,25343,50,50,164025
NIFTY-III.NFO,01/08/2024,09:30:43,25343,25341.25,125,25343,50,0,164025
NIFTY-III.NFO,01/08/2024,09:30:45,25343,25342.2,675,25343,50,0,164025
NIFTY-III.NFO,01/08/2024,09:30:46,25341.75,25341.7,675,25343,50,25,164025
NIFTY-III.NFO,01/08/2024,09:30:48,25341.75,25340.95,125,25343,50,0,164025
NIFTY-III.NFO,01/08/2024,09:30:50,25341.75,25340.15,125,25343,50,0,164025
NIFTY-III.NFO,01/08/2024,09:30:51,25341.75,25340,875,25342.95,175,0,164025
NIFTY-III.NFO,01/08/2024,09:30:55,25341.75,25340,900,25342.65,100,0,164025
NIFTY-III.NFO,01/08/2024,09:30:56,25340,25340,100,25340.05,175,800,164025
NIFTY-III.NFO,01/08/2024,09:30:58,25336.4,25335,450,25336.4,150,125,164025
NIFTY-III.NFO,01/08/2024,09:31:00,25336.4,25335,450,25339.8,75,0,164025
NIFTY-III.NFO,01/08/2024,09:31:01,25336.4,25336.6,175,25342.95,150,0,164025
NIFTY-III.NFO,01/08/2024,09:31:03,25336.4,25337.9,75,25342.95,75,0,164025
NIFTY-III.NFO,01/08/2024,09:31:05,25336.4,25337.05,400,25342.95,150,0,164025
NIFTY-III.NFO,01/08/2024,09:31:06,25336.4,25338,100,25342.95,75,0,164025
NIFTY-III.NFO,01/08/2024,09:31:08,25336.4,25338,175,25342.95,75,0,164025
NIFTY-III.NFO,01/08/2024,09:31:10,25336.4,25338.6,175,25343,100,0,164025
NIFTY-III.NFO,01/08/2024,09:31:11,25336.4,25337.8,175,25342.95,75,0,164025
NIFTY-III.NFO,01/08/2024,09:31:13,25336.4,25336.4,25,25341.95,150,0,164025
NIFTY-III.NFO,01/08/2024,09:31:16,25336.4,25336.45,100,25341.95,75,0,164025
NIFTY-III.NFO,01/08/2024,09:31:18,25336.4,25336.6,75,25341.95,150,0,164025
NIFTY-III.NFO,01/08/2024,09:31:20,25336.4,25335.45,175,25340,25,25,164025
NIFTY-III.NFO,01/08/2024,09:31:21,25340,25336.05,175,25340,50,25,164025
NIFTY-III.NFO,01/08/2024,09:31:23,25340,25335.6,300,25340,50,0,164025
NIFTY-III.NFO,01/08/2024,09:31:25,25340,25335.85,100,25340,50,0,164025
NIFTY-III.NFO,01/08/2024,09:31:26,25340,25335.15,175,25340,50,0,164025
NIFTY-III.NFO,01/08/2024,09:31:28,25340,25336.45,175,25340,50,0,164025
NIFTY-III.NFO,01/08/2024,09:31:30,25340,25336.95,175,25340,50,0,164025
NIFTY-III.NFO,01/08/2024,09:31:31,25340,25336.05,175,25339.9,25,0,164025
NIFTY-III.NFO,01/08/2024,09:31:33,25340,25335.7,100,25339.9,25,0,164025
NIFTY-III.NFO,01/08/2024,09:31:35,25340,25336.45,175,25339.9,25,0,164025
NIFTY-III.NFO,01/08/2024,09:31:36,25340,25336.35,175,25339.9,25,0,164025
NIFTY-III.NFO,01/08/2024,09:31:38,25340,25336.05,100,25339.9,25,0,164025
NIFTY-III.NFO,01/08/2024,09:31:40,25340,25335.3,100,25339.9,100,0,164025
NIFTY-III.NFO,01/08/2024,09:31:41,25336.05,25335.95,275,25339.9,25,50,164025
NIFTY-III.NFO,01/08/2024,09:31:43,25339.9,25336.7,275,25340,75,25,164025
NIFTY-III.NFO,01/08/2024,09:31:45,25339.9,25336.3,75,25340,75,0,164025
NIFTY-III.NFO,01/08/2024,09:31:46,25335.3,25335.55,200,25340,75,200,164025
NIFTY-III.NFO,01/08/2024,09:31:48,25335.3,25335.8,325,25340,75,0,164025
NIFTY-III.NFO,01/08/2024,09:31:50,25335.3,25335.65,200,25340,75,0,164025
NIFTY-III.NFO,01/08/2024,09:31:51,25335,25335,475,25339.95,175,25,164025
NIFTY-III.NFO,01/08/2024,09:31:53,25335,25335,475,25339,50,0,164025
NIFTY-III.NFO,01/08/2024,09:31:55,25335,25335,450,25338.9,75,25,164025
NIFTY-III.NFO,01/08/2024,09:31:56,25335,25335.05,200,25339,50,0,164025
NIFTY-III.NFO,01/08/2024,09:31:58,25335,25335,450,25339,125,0,164025
NIFTY-III.NFO,01/08/2024,09:32:00,25339,25335,400,25339,25,75,164025
NIFTY-III.NFO,01/08/2024,09:32:02,25339,25335.1,325,25339,25,0,164025
NIFTY-III.NFO,01/08/2024,09:32:03,25339,25337.15,125,25339,25,0,164025
NIFTY-III.NFO,01/08/2024,09:32:05,25339,25337,125,25339,25,0,164025
NIFTY-III.NFO,01/08/2024,09:32:07,25339,25335,450,25339,25,0,164025
NIFTY-III.NFO,01/08/2024,09:32:08,25339,25335.65,200,25339,25,0,164025
NIFTY-III.NFO,01/08/2024,09:32:10,25339,25337.5,200,25339,25,25,164025
NIFTY-III.NFO,01/08/2024,09:32:12,25339,25335.85,75,25339,25,0,164025
NIFTY-III.NFO,01/08/2024,09:32:14,25339,25337,200,25339,50,0,164025
NIFTY-III.NFO,01/08/2024,09:32:15,25339,25337.05,525,25339,50,0,164025
NIFTY-III.NFO,01/08/2024,09:32:17,25339,25336.6,75,25339,50,0,164025
NIFTY-III.NFO,01/08/2024,09:32:19,25339,25337.55,200,25339,50,0,164025
NIFTY-III.NFO,01/08/2024,09:32:20,25339,25338.05,50,25339,25,25,164025
NIFTY-III.NFO,01/08/2024,09:32:22,25339,25338.05,125,25339,25,0,164025
NIFTY-III.NFO,01/08/2024,09:32:24,25338.1,25336.8,125,25339.9,25,75,164025
NIFTY-III.NFO,01/08/2024,09:32:25,25338.1,25337.2,200,25339.9,25,0,164025
NIFTY-III.NFO,01/08/2024,09:32:27,25338.1,25337.25,125,25339.9,25,0,164025
NIFTY-III.NFO,01/08/2024,09:32:29,25338.1,25336.8,200,25339.9,25,0,164025
NIFTY-III.NFO,01/08/2024,09:32:30,25338.1,25337.45,325,25339.9,25,0,164025
NIFTY-III.NFO,01/08/2024,09:32:32,25338.1,25338.2,200,25339.9,25,0,164025
NIFTY-III.NFO,01/08/2024,09:32:34,25338.1,25338.3,50,25339.9,25,0,164025
NIFTY-III.NFO,01/08/2024,09:32:35,25338.1,25338.35,50,25339.9,25,0,164025
NIFTY-III.NFO,01/08/2024,09:32:37,25338.1,25338.45,50,25339.9,25,0,164025
NIFTY-III.NFO,01/08/2024,09:32:40,25338.1,25337.3,825,25338.1,50,0,164025
NIFTY-III.NFO,01/08/2024,09:32:42,25338.1,25338.1,775,25339.9,25,50,164025
NIFTY-III.NFO,01/08/2024,09:32:43,25338.1,25338.5,125,25339.9,25,0,164025
NIFTY-III.NFO,01/08/2024,09:32:45,25338.1,25337.65,375,25339.9,25,0,164025
NIFTY-III.NFO,01/08/2024,09:32:47,25338.1,25337.8,250,25339.9,25,0,164025
NIFTY-III.NFO,01/08/2024,09:32:48,25338.1,25337.9,125,25339.9,25,0,164025
NIFTY-III.NFO,01/08/2024,09:32:50,25338.1,25336.05,125,25339.9,25,0,164025
NIFTY-III.NFO,01/08/2024,09:32:52,25338.1,25335,375,25339.85,175,0,164025
NIFTY-III.NFO,01/08/2024,09:32:53,25338.1,25335.9,400,25339.9,25,0,164025
NIFTY-III.NFO,01/08/2024,09:32:55,25338.1,25338,400,25339.9,25,0,164025
NIFTY-III.NFO,01/08/2024,09:32:57,25338.1,25335.65,125,25339.85,100,0,164025
NIFTY-III.NFO,01/08/2024,09:32:58,25338.1,25336.2,200,25339.9,25,0,164025
NIFTY-III.NFO,01/08/2024,09:33:00,25337,25336.95,125,25338,25,25,164025
NIFTY-III.NFO,01/08/2024,09:33:02,25336.85,25336.75,125,25338,25,50,164025
NIFTY-III.NFO,01/08/2024,09:33:03,25336.85,25337.05,125,25338,25,0,164025
NIFTY-III.NFO,01/08/2024,09:33:05,25336.85,25336.65,125,25338,25,0,164025
NIFTY-III.NFO,01/08/2024,09:33:07,25336.85,25336.95,125,25338,25,0,164025
NIFTY-III.NFO,01/08/2024,09:33:08,25336.85,25335,375,25338,25,0,164025
NIFTY-III.NFO,01/08/2024,09:33:10,25336.85,25335,375,25337,25,0,164025
NIFTY-III.NFO,01/08/2024,09:33:12,25336.85,25336.1,375,25337,25,0,164025
NIFTY-III.NFO,01/08/2024,09:33:13,25336.85,25335,375,25337,25,0,164025
NIFTY-III.NFO,01/08/2024,09:33:21,25336.85,25335,375,25337,50,0,164025
NIFTY-III.NFO,01/08/2024,09:33:25,25336.85,25335,375,25336.95,100,0,164025
NIFTY-III.NFO,01/08/2024,09:33:26,25336.85,25335,375,25337,50,0,164025
NIFTY-III.NFO,01/08/2024,09:33:31,25336.85,25335,375,25336.95,175,0,164025
NIFTY-III.NFO,01/08/2024,09:33:35,25336.85,25335,375,25337,50,0,164025
NIFTY-III.NFO,01/08/2024,09:33:45,25336.85,25335,375,25336.85,25,0,164025
NIFTY-III.NFO,01/08/2024,09:33:46,25336.85,25335,375,25336.85,50,0,164025
NIFTY-III.NFO,01/08/2024,09:33:48,25335,25335,350,25336.85,50,25,164025
NIFTY-III.NFO,01/08/2024,09:33:50,25335,25335,350,25336.85,50,0,164350
NIFTY-III.NFO,01/08/2024,09:33:58,25335,25335,325,25336.85,25,25,164350
NIFTY-III.NFO,01/08/2024,09:34:00,25335,25335.25,200,25336.85,25,50,164350
NIFTY-III.NFO,01/08/2024,09:34:01,25335,25335.35,125,25336.85,25,0,164350
NIFTY-III.NFO,01/08/2024,09:34:03,25335,25335,275,25336.8,25,0,164350
NIFTY-III.NFO,01/08/2024,09:34:06,25335,25335.2,900,25336.8,25,150,164350
NIFTY-III.NFO,01/08/2024,09:34:08,25335,25335.45,50,25336.8,25,0,164350
NIFTY-III.NFO,01/08/2024,09:34:10,25335,25335,125,25336.8,25,0,164350
NIFTY-III.NFO,01/08/2024,09:34:13,25335.2,25335.1,125,25336.8,25,200,164350
NIFTY-III.NFO,01/08/2024,09:34:14,25335.2,25335,125,25336.8,25,0,164350
NIFTY-III.NFO,01/08/2024,09:34:16,25335,25335,100,25336.8,25,25,164350
NIFTY-III.NFO,01/08/2024,09:34:18,25335,25335,100,25336.8,25,0,164350
NIFTY-III.NFO,01/08/2024,09:34:21,25335,25335.1,375,25336.8,25,0,164350
NIFTY-III.NFO,01/08/2024,09:34:23,25335,25335.15,375,25336.8,25,0,164350
NIFTY-III.NFO,01/08/2024,09:34:24,25335,25335,225,25336.8,25,0,164350
NIFTY-III.NFO,01/08/2024,09:34:26,25335,25335.2,125,25336.8,25,0,164350
NIFTY-III.NFO,01/08/2024,09:34:28,25335,25335,100,25336.8,25,25,164350
NIFTY-III.NFO,01/08/2024,09:34:29,25335.3,25336.1,825,25336.8,25,25,164350
NIFTY-III.NFO,01/08/2024,09:34:31,25337,25337.35,75,25338,25,75,164350
NIFTY-III.NFO,01/08/2024,09:34:33,25337,25335.85,100,25338,25,0,164350
NIFTY-III.NFO,01/08/2024,09:34:34,25337,25336.25,900,25338,25,0,164350
NIFTY-III.NFO,01/08/2024,09:34:36,25337,25337.15,125,25338,25,0,164350
NIFTY-III.NFO,01/08/2024,09:34:38,25337,25336.05,200,25338,25,0,164350
NIFTY-III.NFO,01/08/2024,09:34:39,25338,25337.1,925,25340,200,25,164350
NIFTY-III.NFO,01/08/2024,09:34:41,25338,25337.2,250,25340,200,0,164350
NIFTY-III.NFO,01/08/2024,09:34:43,25338,25336.55,25,25340,200,0,164350
NIFTY-III.NFO,01/08/2024,09:34:44,25338,25336.55,100,25340,200,0,164350
NIFTY-III.NFO,01/08/2024,09:34:46,25338,25336.55,25,25340,200,0,164350
NIFTY-III.NFO,01/08/2024,09:34:48,25338,25336.7,75,25340,200,0,164350
NIFTY-III.NFO,01/08/2024,09:34:49,25338,25336.85,150,25340,200,0,164350
NIFTY-III.NFO,01/08/2024,09:34:51,25338,25337.1,75,25340,200,0,164350
NIFTY-III.NFO,01/08/2024,09:34:53,25338,25337.6,375,25340,200,0,164350
NIFTY-III.NFO,01/08/2024,09:34:54,25338,25338.15,75,25340,200,0,164350
NIFTY-III.NFO,01/08/2024,09:34:56,25340,25338.55,125,25340,175,25,164350
NIFTY-III.NFO,01/08/2024,09:34:58,25340.05,25341.5,175,25342.5,25,200,164350
NIFTY-III.NFO,01/08/2024,09:34:59,25344,25343.85,175,25344.5,125,100,164350
NIFTY-III.NFO,01/08/2024,09:35:01,25344,25341.4,175,25344.5,125,0,164350
NIFTY-III.NFO,01/08/2024,09:35:03,25344,25341.5,100,25344.5,125,0,164350
NIFTY-III.NFO,01/08/2024,09:35:04,25344,25340.45,175,25344.5,125,0,164350
NIFTY-III.NFO,01/08/2024,09:35:06,25344,25340.85,25,25344.5,125,0,164350
NIFTY-III.NFO,01/08/2024,09:35:08,25344,25340.1,100,25344.45,100,0,164350
NIFTY-III.NFO,01/08/2024,09:35:09,25344,25344,25,25344.45,100,0,164350
NIFTY-III.NFO,01/08/2024,09:35:12,25344,25344,25,25344.5,125,0,164350
NIFTY-III.NFO,01/08/2024,09:35:17,25344.5,25344,25,25344.5,100,25,164350
NIFTY-III.NFO,01/08/2024,09:35:19,25344.5,25344,25,25344.5,100,0,164350
NIFTY-III.NFO,01/08/2024,09:35:21,25344,25341.55,250,25344,25,25,164350
NIFTY-III.NFO,01/08/2024,09:35:22,25344,25341.45,25,25344.5,100,25,164350
NIFTY-III.NFO,01/08/2024,09:35:24,25344,25342,25,25344.5,100,0,164350
NIFTY-III.NFO,01/08/2024,09:35:27,25344,25342,25,25344,25,0,164350
NIFTY-III.NFO,01/08/2024,09:35:29,25344,25342.05,25,25344,25,0,164350
NIFTY-III.NFO,01/08/2024,09:35:31,25344,25342,25,25344,25,0,164350
NIFTY-III.NFO,01/08/2024,09:35:32,25344,25342,25,25343.95,100,0,164350
NIFTY-III.NFO,01/08/2024,09:35:37,25343.95,25342,25,25343.95,100,25,164350
NIFTY-III.NFO,01/08/2024,09:35:39,25343.95,25342,25,25343.95,100,0,164350
NIFTY-III.NFO,01/08/2024,09:35:42,25343.95,25342,25,25343.95,175,0,164350
NIFTY-III.NFO,01/08/2024,09:35:44,25342,25337.4,100,25343.95,175,25,164350
NIFTY-III.NFO,01/08/2024,09:35:46,25342,25336.4,25,25341.95,175,0,164350
NIFTY-III.NFO,01/08/2024,09:35:47,25342,25336.4,25,25340.55,100,0,164350
NIFTY-III.NFO,01/08/2024,09:35:49,25342,25336.4,25,25340.55,150,0,164350
NIFTY-III.NFO,01/08/2024,09:35:51,25339.85,25336.4,25,25339.85,100,50,164350
NIFTY-III.NFO,01/08/2024,09:35:52,25339.2,25335,75,25339.2,100,25,164350
NIFTY-III.NFO,01/08/2024,09:35:54,25339.2,25335,75,25339.2,100,0,164350
NIFTY-III.NFO,01/08/2024,09:35:56,25339.95,25336.45,100,25340,175,25,164350
NIFTY-III.NFO,01/08/2024,09:35:57,25339.95,25336.7,100,25340,175,0,164350
NIFTY-III.NFO,01/08/2024,09:35:59,25339.95,25335.05,100,25339.95,125,50,164350
NIFTY-III.NFO,01/08/2024,09:36:01,25339.95,25335.05,100,25340,250,50,164350
NIFTY-III.NFO,01/08/2024,09:36:02,25340,25335.05,100,25340,225,25,164350
NIFTY-III.NFO,01/08/2024,09:36:04,25339.95,25339.95,25,25340,150,25,164350
NIFTY-III.NFO,01/08/2024,09:36:06,25340,25335,75,25339.2,25,75,164350
NIFTY-III.NFO,01/08/2024,09:36:09,25340,25335,75,25339.2,25,0,164350
NIFTY-III.NFO,01/08/2024,09:36:11,25340,25335,75,25338.15,125,0,164350
NIFTY-III.NFO,01/08/2024,09:36:12,25340,25335,75,25338,125,0,164350
NIFTY-III.NFO,01/08/2024,09:36:14,25340,25335,75,25337.6,50,0,164350
NIFTY-III.NFO,01/08/2024,09:36:16,25340,25335,75,25337.55,50,0,164350
NIFTY-III.NFO,01/08/2024,09:36:17,25340,25335,75,25337.5,50,0,164350
NIFTY-III.NFO,01/08/2024,09:36:19,25340,25335,75,25337.4,50,0,164350
NIFTY-III.NFO,01/08/2024,09:36:21,25335,25335,25,25339.1,125,50,164350
NIFTY-III.NFO,01/08/2024,09:36:22,25335,25335,25,25339.05,50,0,164350
NIFTY-III.NFO,01/08/2024,09:36:24,25335,25335,25,25338.35,125,0,164350
NIFTY-III.NFO,01/08/2024,09:36:26,25335,25335,25,25337.7,125,0,164350
NIFTY-III.NFO,01/08/2024,09:36:27,25335,25335,25,25338.3,50,0,164350
NIFTY-III.NFO,01/08/2024,09:36:29,25335,25335,25,25338.9,50,0,164350
NIFTY-III.NFO,01/08/2024,09:36:32,25335,25335,25,25338.25,125,0,164350
NIFTY-III.NFO,01/08/2024,09:36:34,25335,25335,25,25338.1,50,0,164350
NIFTY-III.NFO,01/08/2024,09:36:36,25335,25333,25,25337.4,125,25,164350
NIFTY-III.NFO,01/08/2024,09:36:37,25335,25333,100,25338.65,50,0,164350
NIFTY-III.NFO,01/08/2024,09:36:39,25335,25333.05,175,25338.6,125,0,164350
NIFTY-III.NFO,01/08/2024,09:36:40,25335,25333.05,175,25338.55,125,0,164350
NIFTY-III.NFO,01/08/2024,09:36:42,25335,25333.05,300,25335,25,0,164350
NIFTY-III.NFO,01/08/2024,09:36:44,25335,25334.75,100,25339.2,25,25,164750
NIFTY-III.NFO,01/08/2024,09:36:45,25335,25334.8,100,25339.2,25,0,164750
NIFTY-III.NFO,01/08/2024,09:36:47,25335,25335.4,100,25339.2,25,0,164750
NIFTY-III.NFO,01/08/2024,09:36:49,25335,25335.3,100,25339.2,25,0,164750
NIFTY-III.NFO,01/08/2024,09:36:50,25335,25335,25,25338.7,75,0,164750
NIFTY-III.NFO,01/08/2024,09:36:52,25335,25335.05,100,25339.2,25,0,164750
NIFTY-III.NFO,01/08/2024,09:36:55,25335,25335,25,25338.95,125,0,164750
NIFTY-III.NFO,01/08/2024,09:36:57,25335,25335,25,25337.65,50,0,164750
NIFTY-III.NFO,01/08/2024,09:36:59,25335,25335,25,25338.25,50,0,164750
NIFTY-III.NFO,01/08/2024,09:37:00,25335,25335,25,25338.7,50,0,164750
NIFTY-III.NFO,01/08/2024,09:37:02,25335,25335.15,75,25339.2,100,0,164750
NIFTY-III.NFO,01/08/2024,09:37:04,25335,25335.05,100,25339.2,25,0,164750
NIFTY-III.NFO,01/08/2024,09:37:07,25335,25335,25,25339.15,125,0,164750
NIFTY-III.NFO,01/08/2024,09:37:09,25335,25335,25,25338.5,50,0,164750
NIFTY-III.NFO,01/08/2024,09:37:12,25335,25335,25,25337.85,50,0,164750
NIFTY-III.NFO,01/08/2024,09:37:13,25335,25333,25,25337.2,125,25,164750
NIFTY-III.NFO,01/08/2024,09:37:15,25333,25335,50,25335.65,50,25,164750
NIFTY-III.NFO,01/08/2024,09:37:17,25333,25335,50,25337.5,50,0,164750
NIFTY-III.NFO,01/08/2024,09:37:18,25333,25335.05,100,25338.8,50,0,164750
NIFTY-III.NFO,01/08/2024,09:37:20,25333,25335,50,25338.8,50,0,164750
NIFTY-III.NFO,01/08/2024,09:37:22,25333,25335,50,25337.5,50,0,164750
NIFTY-III.NFO,01/08/2024,09:37:23,25333,25335,50,25336.2,50,0,164750
NIFTY-III.NFO,01/08/2024,09:37:25,25333,25335,50,25335.5,50,0,164750
NIFTY-III.NFO,01/08/2024,09:37:27,25333,25335,50,25337.9,50,0,164750
NIFTY-III.NFO,01/08/2024,09:37:28,25333,25335,50,25336.3,50,0,164750
NIFTY-III.NFO,01/08/2024,09:37:30,25333,25335,50,25337.5,50,0,164750
NIFTY-III.NFO,01/08/2024,09:37:32,25333,25336.2,25,25336.85,50,0,164750
NIFTY-III.NFO,01/08/2024,09:37:33,25333,25336.2,25,25336.8,50,0,164750
NIFTY-III.NFO,01/08/2024,09:37:35,25336.2,25335,50,25336.05,25,25,164750
NIFTY-III.NFO,01/08/2024,09:37:37,25335,25333,25,25335.3,25,50,164750
NIFTY-III.NFO,01/08/2024,09:37:38,25335,25333,25,25334.65,25,0,164750
NIFTY-III.NFO,01/08/2024,09:37:40,25333,25331.3,100,25335.55,25,25,164750
NIFTY-III.NFO,01/08/2024,09:37:42,25333,25331.55,100,25336.1,25,0,164750
NIFTY-III.NFO,01/08/2024,09:37:43,25333,25333.95,25,25337.9,25,0,164750
NIFTY-III.NFO,01/08/2024,09:37:45,25333,25333.6,25,25337.2,25,0,164750
NIFTY-III.NFO,01/08/2024,09:37:47,25333,25331.45,25,25335.9,100,0,164750
NIFTY-III.NFO,01/08/2024,09:37:48,25333,25330.8,100,25334.25,25,0,164750
NIFTY-III.NFO,01/08/2024,09:37:50,25334.85,25331.3,175,25337.45,75,25,164750
NIFTY-III.NFO,01/08/2024,09:37:52,25334.85,25332.2,100,25338.7,75,0,164750
NIFTY-III.NFO,01/08/2024,09:37:55,25334.85,25330.9,175,25335,300,0,164750
NIFTY-III.NFO,01/08/2024,09:37:57,25334.85,25330.8,175,25335,300,0,164750
NIFTY-III.NFO,01/08/2024,09:37:58,25334.85,25330.8,350,25334,50,0,164750
NIFTY-III.NFO,01/08/2024,09:38:00,25334.85,25331.65,100,25334,50,0,164750
NIFTY-III.NFO,01/08/2024,09:38:02,25334.85,25330.8,100,25334,50,0,164750
NIFTY-III.NFO,01/08/2024,09:38:03,25334.85,25331.1,175,25334,50,0,164750
NIFTY-III.NFO,01/08/2024,09:38:05,25334.85,25330.85,100,25334,50,0,164750
NIFTY-III.NFO,01/08/2024,09:38:07,25334.85,25330.8,100,25334,50,0,164750
NIFTY-III.NFO,01/08/2024,09:38:08,25334.85,25330.9,175,25334,50,0,164750
NIFTY-III.NFO,01/08/2024,09:38:10,25334.85,25331.25,175,25334,50,0,164750
NIFTY-III.NFO,01/08/2024,09:38:12,25334.85,25330.9,100,25334,50,0,164750
NIFTY-III.NFO,01/08/2024,09:38:12,25330.9,25330.9,100,25334,50,25,164750
NIFTY-III.NFO,01/08/2024,09:38:14,25330.9,25330.75,25,25334,50,0,164750
NIFTY-III.NFO,01/08/2024,09:38:19,25330.9,25332.3,75,25334,50,0,164750
NIFTY-III.NFO,01/08/2024,09:38:21,25330.9,25332.4,100,25334,50,0,164750
NIFTY-III.NFO,01/08/2024,09:38:22,25330.9,25331.25,25,25334,50,0,164750
NIFTY-III.NFO,01/08/2024,09:38:24,25330.9,25330.75,25,25334,50,0,164750
NIFTY-III.NFO,01/08/2024,09:38:26,25330.9,25331.05,175,25334,50,0,164750
NIFTY-III.NFO,01/08/2024,09:38:27,25330.9,25330.75,25,25334,50,0,164750
NIFTY-III.NFO,01/08/2024,09:38:32,25330.9,25330.75,25,25333.95,25,0,164750
NIFTY-III.NFO,01/08/2024,09:38:35,25330,25329.05,100,25330.9,25,100,164750
NIFTY-III.NFO,01/08/2024,09:38:37,25330,25329.45,150,25330.9,25,0,164750
NIFTY-III.NFO,01/08/2024,09:38:39,25330,25329.5,100,25330.9,25,0,164750
NIFTY-III.NFO,01/08/2024,09:38:40,25330,25328.5,100,25330.9,25,50,164750
NIFTY-III.NFO,01/08/2024,09:38:42,25330,25327.55,25,25330.9,25,0,164750
NIFTY-III.NFO,01/08/2024,09:38:44,25330,25327.1,25,25330.9,25,0,164750
NIFTY-III.NFO,01/08/2024,09:38:46,25330,25327.85,50,25330,100,0,164750
NIFTY-III.NFO,01/08/2024,09:38:47,25330,25327.1,25,25330,75,25,164750
NIFTY-III.NFO,01/08/2024,09:38:49,25330,25327.35,25,25330,100,0,164750
NIFTY-III.NFO,01/08/2024,09:38:51,25330,25327.1,25,25330,100,0,164750
NIFTY-III.NFO,01/08/2024,09:38:54,25330,25327.45,50,25330,100,0,164750
NIFTY-III.NFO,01/08/2024,09:38:56,25330,25328.1,50,25330,100,0,164750
NIFTY-III.NFO,01/08/2024,09:38:57,25330,25328.75,50,25330,100,0,164750
NIFTY-III.NFO,01/08/2024,09:38:59,25330,25327.45,100,25330,125,0,164750
NIFTY-III.NFO,01/08/2024,09:39:01,25330,25328.3,75,25330,125,0,164750
NIFTY-III.NFO,01/08/2024,09:39:02,25330,25329.45,75,25330,150,0,164750
NIFTY-III.NFO,01/08/2024,09:39:04,25330,25329.3,200,25330,150,50,164750
NIFTY-III.NFO,01/08/2024,09:39:06,25330,25330.15,175,25334,50,150,164750
NIFTY-III.NFO,01/08/2024,09:39:07,25330,25330.7,175,25334,50,0,164750
NIFTY-III.NFO,01/08/2024,09:39:09,25330,25331,175,25334,50,0,164750
NIFTY-III.NFO,01/08/2024,09:39:11,25330,25330,175,25334,50,0,164750
NIFTY-III.NFO,01/08/2024,09:39:12,25330,25330,175,25333.95,25,0,164750
NIFTY-III.NFO,01/08/2024,09:39:16,25330,25330,175,25334,50,0,164750
NIFTY-III.NFO,01/08/2024,09:39:17,25330,25330.3,25,25334,50,0,164750
NIFTY-III.NFO,01/08/2024,09:39:19,25330,25330.5,25,25334,50,0,164750
NIFTY-III.NFO,01/08/2024,09:39:21,25330,25330,175,25333.95,100,0,164750
NIFTY-III.NFO,01/08/2024,09:39:24,25330,25330,175,25333.95,25,0,164750
NIFTY-III.NFO,01/08/2024,09:39:26,25330,25330,175,25331,25,0,164750
NIFTY-III.NFO,01/08/2024,09:39:29,25330,25328.15,100,25330,125,175,164750
NIFTY-III.NFO,01/08/2024,09:39:31,25330,25328.2,100,25330,125,0,164750
NIFTY-III.NFO,01/08/2024,09:39:32,25330,25329.15,75,25330,125,0,164750
NIFTY-III.NFO,01/08/2024,09:39:34,25330,25328.85,75,25330,100,25,164750
NIFTY-III.NFO,01/08/2024,09:39:36,25330,25327.1,25,25330,100,0,164750
NIFTY-III.NFO,01/08/2024,09:39:37,25330,25327.1,25,25330,125,0,164750
NIFTY-III.NFO,01/08/2024,09:39:39,25330,25327.35,100,25330,125,0,164750
NIFTY-III.NFO,01/08/2024,09:39:41,25330,25327.45,125,25330,125,0,164750
NIFTY-III.NFO,01/08/2024,09:39:42,25325.6,25326.55,25,25328,50,525,164950
NIFTY-III.NFO,01/08/2024,09:39:44,25325.6,25326.6,75,25328,50,0,164950
NIFTY-III.NFO,01/08/2024,09:39:46,25328,25328.75,25,25330,125,50,164950
NIFTY-III.NFO,01/08/2024,09:39:47,25328.75,25326.5,25,25330,100,25,164950
NIFTY-III.NFO,01/08/2024,09:39:49,25328.75,25326,75,25330,100,0,164950
NIFTY-III.NFO,01/08/2024,09:39:51,25328.75,25327.6,75,25330,100,0,164950
NIFTY-III.NFO,01/08/2024,09:39:52,25328.75,25327.7,75,25330,100,0,164950
NIFTY-III.NFO,01/08/2024,09:39:54,25328.75,25327.9,75,25330,100,0,164950
NIFTY-III.NFO,01/08/2024,09:39:56,25328.75,25327.4,75,25330,125,0,164950
NIFTY-III.NFO,01/08/2024,09:39:57,25328.75,25327.05,75,25330,125,0,164950
NIFTY-III.NFO,01/08/2024,09:40:01,25328.75,25327.4,75,25328.75,25,0,164950
NIFTY-III.NFO,01/08/2024,09:40:02,25328.75,25327.25,75,25330,125,25,164950
NIFTY-III.NFO,01/08/2024,09:40:04,25328.75,25326.65,75,25330,125,0,164950
NIFTY-III.NFO,01/08/2024,09:40:06,25328.75,25326.3,75,25330,125,0,164950
NIFTY-III.NFO,01/08/2024,09:40:07,25328.75,25327.1,75,25330,125,0,164950
NIFTY-III.NFO,01/08/2024,09:40:09,25328.75,25327.3,75,25330,125,0,164950
NIFTY-III.NFO,01/08/2024,09:40:11,25328.75,25326.9,125,25330,125,0,164950
NIFTY-III.NFO,01/08/2024,09:40:12,25328.75,25326.3,75,25330,125,0,164950
NIFTY-III.NFO,01/08/2024,09:40:14,25328.75,25326.6,75,25330,125,0,164950
NIFTY-III.NFO,01/08/2024,09:40:15,25326.6,25326.55,250,25330,125,50,164950
NIFTY-III.NFO,01/08/2024,09:40:17,25326.6,25327.25,100,25330,125,0,164950
NIFTY-III.NFO,01/08/2024,09:40:19,25326.6,25327.95,325,25330,125,0,164950
NIFTY-III.NFO,01/08/2024,09:40:20,25326.6,25329.15,100,25330,125,0,164950
NIFTY-III.NFO,01/08/2024,09:40:22,25326.6,25328.9,250,25330,125,0,164950
NIFTY-III.NFO,01/08/2024,09:40:24,25326.6,25327.9,25,25330,125,0,164950
NIFTY-III.NFO,01/08/2024,09:40:25,25326.6,25327.15,125,25330,125,0,164950
NIFTY-III.NFO,01/08/2024,09:40:27,25326.6,25328.25,125,25330,125,0,164950
NIFTY-III.NFO,01/08/2024,09:40:29,25326.6,25328.3,100,25330,125,0,164950
NIFTY-III.NFO,01/08/2024,09:40:30,25326.6,25327.9,250,25330,125,0,164950
NIFTY-III.NFO,01/08/2024,09:40:32,25326.6,25328.65,125,25330,125,0,164950
NIFTY-III.NFO,01/08/2024,09:40:34,25326.6,25329.3,125,25330,125,0,164950
NIFTY-III.NFO,01/08/2024,09:40:35,25330,25329.35,125,25333,25,125,164950
NIFTY-III.NFO,01/08/2024,09:40:37,25330,25329.95,300,25333,25,0,164950
NIFTY-III.NFO,01/08/2024,09:40:39,25331.4,25331.4,75,25333,25,50,164950
NIFTY-III.NFO,01/08/2024,09:40:40,25331.4,25331.5,100,25333,25,0,164950
NIFTY-III.NFO,01/08/2024,09:40:42,25333.75,25332.45,100,25336,25,75,164950
NIFTY-III.NFO,01/08/2024,09:40:44,25336.95,25331.55,25,25336.85,175,100,164950
NIFTY-III.NFO,01/08/2024,09:40:45,25336.95,25330,100,25336.3,100,0,164950
NIFTY-III.NFO,01/08/2024,09:40:47,25336.95,25330,100,25337.25,100,0,164950
NIFTY-III.NFO,01/08/2024,09:40:49,25336.95,25330,25,25337.25,100,0,164950
NIFTY-III.NFO,01/08/2024,09:40:50,25336.95,25330,100,25337.25,100,0,164950
NIFTY-III.NFO,01/08/2024,09:40:52,25337.25,25330.05,50,25337.25,100,25,164950
NIFTY-III.NFO,01/08/2024,09:40:54,25337.25,25330.8,125,25338.3,100,0,164950
NIFTY-III.NFO,01/08/2024,09:40:57,25337.25,25330.85,50,25338.3,100,0,164950
NIFTY-III.NFO,01/08/2024,09:40:59,25337.25,25330.05,50,25338.3,100,0,164950
NIFTY-III.NFO,01/08/2024,09:41:01,25337.25,25330.2,50,25338.3,100,0,164950
NIFTY-III.NFO,01/08/2024,09:41:02,25337.25,25331,50,25338.3,100,0,164950
NIFTY-III.NFO,01/08/2024,09:41:04,25337.25,25331.3,50,25338.3,100,0,164950
NIFTY-III.NFO,01/08/2024,09:41:06,25337.25,25331.4,125,25338.3,100,0,164950
NIFTY-III.NFO,01/08/2024,09:41:07,25337.25,25330.8,100,25338.3,100,0,164950
NIFTY-III.NFO,01/08/2024,09:41:09,25337.25,25330.8,50,25338.3,100,0,164950
NIFTY-III.NFO,01/08/2024,09:41:11,25337.25,25332.25,25,25337.1,175,0,164950
NIFTY-III.NFO,01/08/2024,09:41:12,25337.25,25332.35,25,25337.35,175,0,164950
NIFTY-III.NFO,01/08/2024,09:41:13,25337.25,25332.35,25,25337.4,175,0,164950
NIFTY-III.NFO,01/08/2024,09:41:15,25337.25,25332.45,25,25337.4,175,0,164950
NIFTY-III.NFO,01/08/2024,09:41:16,25337.25,25334,175,25337.5,100,0,164950
NIFTY-III.NFO,01/08/2024,09:41:18,25337.25,25334,175,25338.3,100,0,164950
NIFTY-III.NFO,01/08/2024,09:41:19,25338.3,25334,175,25338.65,100,25,164950
NIFTY-III.NFO,01/08/2024,09:41:21,25338.3,25334,175,25338.15,100,0,164950
NIFTY-III.NFO,01/08/2024,09:41:23,25338.3,25334,175,25338.35,100,0,164950
NIFTY-III.NFO,01/08/2024,09:41:24,25334,25334,125,25339.15,175,50,164950
NIFTY-III.NFO,01/08/2024,09:41:26,25339.15,25334,125,25339.1,100,25,164950
NIFTY-III.NFO,01/08/2024,09:41:27,25339.15,25334,125,25339.1,100,0,164950
NIFTY-III.NFO,01/08/2024,09:41:29,25339.15,25334.1,175,25339.15,175,0,164950
NIFTY-III.NFO,01/08/2024,09:41:31,25339.15,25334.15,100,25339.15,175,0,164950
NIFTY-III.NFO,01/08/2024,09:41:32,25339.15,25334.8,175,25339.2,25,0,164950
NIFTY-III.NFO,01/08/2024,09:41:34,25339.15,25335.45,100,25339.2,25,0,164950
NIFTY-III.NFO,01/08/2024,09:41:36,25339.2,25334.5,175,25340.8,175,25,164950
NIFTY-III.NFO,01/08/2024,09:41:37,25339.2,25334.5,175,25340.8,175,0,164950
NIFTY-III.NFO,01/08/2024,09:41:39,25339.2,25334.7,100,25340.95,100,0,164950
NIFTY-III.NFO,01/08/2024,09:41:41,25334.7,25334.7,75,25340.95,175,25,164950
NIFTY-III.NFO,01/08/2024,09:41:42,25334.7,25334.7,75,25340.95,175,0,164950
NIFTY-III.NFO,01/08/2024,09:41:44,25334.7,25334.65,75,25340.95,175,0,164950
NIFTY-III.NFO,01/08/2024,09:41:46,25334.7,25334.6,25,25340.95,175,0,164950
NIFTY-III.NFO,01/08/2024,09:41:49,25334.7,25334.05,75,25340.65,100,0,164950
NIFTY-III.NFO,01/08/2024,09:41:51,25334.7,25334.05,150,25340.65,100,0,164950
NIFTY-III.NFO,01/08/2024,09:41:59,25334.7,25334.45,150,25340.65,100,0,164950
NIFTY-III.NFO,01/08/2024,09:42:01,25334.7,25334.65,150,25340.9,100,0,164950
NIFTY-III.NFO,01/08/2024,09:42:02,25334.7,25334.7,75,25340.95,175,0,164950
NIFTY-III.NFO,01/08/2024,09:42:07,25334.7,25335.4,75,25340.95,175,0,164950
NIFTY-III.NFO,01/08/2024,09:42:09,25334.7,25335.8,75,25340.95,175,0,164950
NIFTY-III.NFO,01/08/2024,09:42:10,25334.7,25335.95,25,25340.95,175,0,164950
NIFTY-III.NFO,01/08/2024,09:42:12,25334.7,25334.05,150,25340.95,175,0,164950
NIFTY-III.NFO,01/08/2024,09:42:14,25334.05,25334.05,125,25340.95,175,25,164950
NIFTY-III.NFO,01/08/2024,09:42:16,25334.05,25334.05,125,25340.95,175,0,164950
NIFTY-III.NFO,01/08/2024,09:42:18,25334.05,25334.05,50,25335,25,0,164950
NIFTY-III.NFO,01/08/2024,09:42:19,25334.05,25334,125,25335,25,0,164950
NIFTY-III.NFO,01/08/2024,09:42:31,25334.05,25334.05,50,25335,25,0,164950
NIFTY-III.NFO,01/08/2024,09:42:34,25334.05,25334,125,25335,25,0,164950
NIFTY-III.NFO,01/08/2024,09:42:38,25334.05,25334,125,25334.95,175,0,164950
NIFTY-III.NFO,01/08/2024,09:42:39,25330,25323.45,50,25329.75,100,150,165225
NIFTY-III.NFO,01/08/2024,09:42:41,25330,25323.05,50,25327.9,75,0,165225
NIFTY-III.NFO,01/08/2024,09:42:43,25330,25323.95,125,25330.1,75,0,165225
NIFTY-III.NFO,01/08/2024,09:42:44,25330,25325.2,125,25331.55,75,0,165225
NIFTY-III.NFO,01/08/2024,09:42:46,25330,25325.35,125,25332.4,100,0,165225
NIFTY-III.NFO,01/08/2024,09:42:48,25330,25326.25,50,25333.85,100,0,165225
NIFTY-III.NFO,01/08/2024,09:42:49,25330,25331.3,50,25335,25,0,165225
NIFTY-III.NFO,01/08/2024,09:42:51,25331.3,25332.8,25,25335,25,25,165225
NIFTY-III.NFO,01/08/2024,09:42:53,25335,25334.3,100,25340.75,100,25,165225
NIFTY-III.NFO,01/08/2024,09:42:54,25335,25335,25,25341,200,0,165225
NIFTY-III.NFO,01/08/2024,09:42:56,25335,25333.8,25,25340.2,100,0,165225
NIFTY-III.NFO,01/08/2024,09:42:58,25335,25334.8,75,25337,25,0,165225
NIFTY-III.NFO,01/08/2024,09:42:59,25335,25333.95,150,25337,25,0,165225
NIFTY-III.NFO,01/08/2024,09:43:01,25335,25332.95,100,25337,25,0,165225
NIFTY-III.NFO,01/08/2024,09:43:02,25335,25333.45,100,25337,25,0,165225
NIFTY-III.NFO,01/08/2024,09:43:04,25335,25333.85,25,25337,25,0,165225
NIFTY-III.NFO,01/08/2024,09:43:06,25335,25332.6,25,25337,100,0,165225
NIFTY-III.NFO,01/08/2024,09:43:07,25335,25332.65,25,25337,25,0,165225
NIFTY-III.NFO,01/08/2024,09:43:09,25335,25332.65,100,25337,25,0,165225
NIFTY-III.NFO,01/08/2024,09:43:11,25335,25332,25,25336.95,175,0,165225
NIFTY-III.NFO,01/08/2024,09:43:13,25335,25330.7,100,25336.95,175,0,165225
NIFTY-III.NFO,01/08/2024,09:43:15,25335,25329.7,25,25336.95,175,0,165225
NIFTY-III.NFO,01/08/2024,09:43:16,25335,25329.8,100,25336.95,175,0,165225
NIFTY-III.NFO,01/08/2024,09:43:18,25335,25329,100,25336.95,225,0,165225
NIFTY-III.NFO,01/08/2024,09:43:21,25336.95,25328.75,50,25336.45,100,25,165225
NIFTY-III.NFO,01/08/2024,09:43:23,25336.95,25328.6,50,25336.15,150,0,165225
NIFTY-III.NFO,01/08/2024,09:43:25,25336.95,25325.4,50,25332.35,100,0,165225
NIFTY-III.NFO,01/08/2024,09:43:26,25333.35,25326.55,150,25333.3,100,25,165225
NIFTY-III.NFO,01/08/2024,09:43:28,25333.35,25327.5,75,25334.8,100,0,165225
NIFTY-III.NFO,01/08/2024,09:43:30,25333.35,25327.5,75,25334.4,100,0,165225
NIFTY-III.NFO,01/08/2024,09:43:31,25333.35,25325.55,75,25332.05,100,0,165225
NIFTY-III.NFO,01/08/2024,09:43:33,25333.35,25324.8,75,25331.55,100,0,165225
NIFTY-III.NFO,01/08/2024,09:43:35,25333.35,25326.4,75,25332.25,75,0,165225
NIFTY-III.NFO,01/08/2024,09:43:36,25333.35,25325.95,75,25330,50,0,165225
NIFTY-III.NFO,01/08/2024,09:43:38,25333.35,25325.75,150,25329.9,75,0,165225
NIFTY-III.NFO,01/08/2024,09:43:40,25333.35,25325.65,75,25330,50,0,165225
NIFTY-III.NFO,01/08/2024,09:43:41,25333.35,25327.35,200,25330,50,0,165225
NIFTY-III.NFO,01/08/2024,09:43:43,25333.35,25326.7,75,25330,50,0,165225
NIFTY-III.NFO,01/08/2024,09:43:45,25333.35,25326.4,75,25330,50,0,165225
NIFTY-III.NFO,01/08/2024,09:43:46,25330,25326.8,75,25330,25,25,165225
NIFTY-III.NFO,01/08/2024,09:43:48,25330,25326.85,150,25330,25,0,165225
NIFTY-III.NFO,01/08/2024,09:43:50,25330,25327.75,150,25330,25,0,165225
NIFTY-III.NFO,01/08/2024,09:43:51,25330,25326.4,75,25330,25,0,165225
NIFTY-III.NFO,01/08/2024,09:43:53,25330,25326.45,150,25330,25,0,165225
NIFTY-III.NFO,01/08/2024,09:43:55,25330,25326.45,125,25330,25,0,165225
NIFTY-III.NFO,01/08/2024,09:43:56,25330,25326.75,150,25330,25,0,165225
NIFTY-III.NFO,01/08/2024,09:43:58,25326.75,25326.75,125,25333.4,100,25,165225
NIFTY-III.NFO,01/08/2024,09:43:59,25326.75,25327.7,125,25330,25,0,165225
NIFTY-III.NFO,01/08/2024,09:44:01,25326.75,25327.55,50,25330,50,0,165225
NIFTY-III.NFO,01/08/2024,09:44:03,25326.95,25326.95,100,25330,50,25,165225
NIFTY-III.NFO,01/08/2024,09:44:04,25326.95,25327.7,25,25330,50,0,165225
NIFTY-III.NFO,01/08/2024,09:44:06,25326.95,25327.45,25,25330,50,0,165225
NIFTY-III.NFO,01/08/2024,09:44:09,25326.95,25327.7,75,25330,50,0,165225
NIFTY-III.NFO,01/08/2024,09:44:11,25326.95,25327.8,75,25330,50,0,165225
NIFTY-III.NFO,01/08/2024,09:44:13,25326.95,25327.45,75,25330,50,0,165225
NIFTY-III.NFO,01/08/2024,09:44:15,25326.95,25327.1,25,25330,50,0,165225
NIFTY-III.NFO,01/08/2024,09:44:16,25327.1,25327.2,50,25330,50,25,165225
NIFTY-III.NFO,01/08/2024,09:44:18,25327.1,25327.05,250,25330,50,0,165225
NIFTY-III.NFO,01/08/2024,09:44:20,25328.45,25328.85,50,25330,50,25,165225
NIFTY-III.NFO,01/08/2024,09:44:21,25328.45,25328.5,25,25330,50,0,165225
NIFTY-III.NFO,01/08/2024,09:44:23,25328.45,25327,25,25330,50,0,165225
NIFTY-III.NFO,01/08/2024,09:44:25,25328.45,25327.25,400,25330,50,0,165225
NIFTY-III.NFO,01/08/2024,09:44:26,25328.45,25328,125,25330,50,0,165225
NIFTY-III.NFO,01/08/2024,09:44:28,25328.45,25327.8,50,25330,75,0,165225
NIFTY-III.NFO,01/08/2024,09:44:29,25327.1,25327.05,125,25330,75,50,165225
NIFTY-III.NFO,01/08/2024,09:44:31,25327.1,25326.6,100,25330,75,0,165225
NIFTY-III.NFO,01/08/2024,09:44:33,25327.1,25326.45,25,25330,75,0,165225
NIFTY-III.NFO,01/08/2024,09:44:34,25331.3,25327.1,25,25334,100,100,165225
NIFTY-III.NFO,01/08/2024,09:44:36,25331.3,25327.1,25,25334,100,0,165225
NIFTY-III.NFO,01/08/2024,09:44:39,25331.3,25326.6,100,25333.5,100,0,165225
NIFTY-III.NFO,01/08/2024,09:44:46,25331.3,25326.6,100,25331.3,25,0,165225
NIFTY-III.NFO,01/08/2024,09:44:47,25331.3,25326.25,25,25331.25,175,0,165225
NIFTY-III.NFO,01/08/2024,09:44:49,25331.3,25326.25,100,25331.25,175,0,165225
NIFTY-III.NFO,01/08/2024,09:44:51,25331.3,25326.25,25,25331.25,175,0,165225
NIFTY-III.NFO,01/08/2024,09:44:52,25331.3,25324.4,25,25331.2,100,0,165225
NIFTY-III.NFO,01/08/2024,09:44:54,25331.3,25325.85,25,25330.3,75,0,165225
NIFTY-III.NFO,01/08/2024,09:44:56,25331.3,25324.5,100,25330,100,0,165225
NIFTY-III.NFO,01/08/2024,09:44:57,25331.3,25324.8,100,25330,175,0,165225
NIFTY-III.NFO,01/08/2024,09:44:59,25331.3,25324.35,100,25329.75,150,0,165225
NIFTY-III.NFO,01/08/2024,09:45:01,25331.3,25325.75,100,25331.25,175,0,165225
NIFTY-III.NFO,01/08/2024,09:45:02,25331.3,25326.2,25,25331.3,25,0,165225
NIFTY-III.NFO,01/08/2024,09:45:04,25331.3,25325.5,100,25331.25,175,0,165225
NIFTY-III.NFO,01/08/2024,09:45:06,25331.3,25325.2,100,25331.25,175,0,165225
NIFTY-III.NFO,01/08/2024,09:45:07,25331.3,25325.2,100,25330.85,175,0,165225
NIFTY-III.NFO,01/08/2024,09:45:09,25331.3,25325.25,25,25329,50,0,165225
NIFTY-III.NFO,01/08/2024,09:45:11,25329,25324.6,25,25329,25,25,165225
NIFTY-III.NFO,01/08/2024,09:45:14,25329,25326.75,25,25329,25,0,165225
NIFTY-III.NFO,01/08/2024,09:45:15,25329,25325.4,25,25329,25,0,165225
NIFTY-III.NFO,01/08/2024,09:45:19,25329,25326.85,25,25329,25,0,165225
NIFTY-III.NFO,01/08/2024,09:45:22,25329,25325.45,25,25329,25,0,165225
NIFTY-III.NFO,01/08/2024,09:45:24,25329,25324.25,100,25329,25,0,165225
NIFTY-III.NFO,01/08/2024,09:45:27,25329,25325.4,100,25329,25,0,165225
NIFTY-III.NFO,01/08/2024,09:45:29,25329,25325.75,25,25329,25,0,165225
NIFTY-III.NFO,01/08/2024,09:45:30,25329,25325.8,25,25329,25,0,165225
NIFTY-III.NFO,01/08/2024,09:45:32,25329,25325.2,25,25329,25,0,165225
NIFTY-III.NFO,01/08/2024,09:45:34,25329,25324.6,25,25329,100,0,165225
NIFTY-III.NFO,01/08/2024,09:45:35,25329,25324.45,100,25329,25,0,165225
NIFTY-III.NFO,01/08/2024,09:45:37,25329.4,25324.55,175,25329.95,175,100,165225
NIFTY-III.NFO,01/08/2024,09:45:39,25329.4,25324.55,175,25329.95,175,0,165225
NIFTY-III.NFO,01/08/2024,09:45:40,25329.4,25329,25,25329.95,175,0,165225
NIFTY-III.NFO,01/08/2024,09:45:42,25329.4,25329,50,25329.95,100,0,165225
NIFTY-III.NFO,01/08/2024,09:45:44,25329.4,25329,50,25330,25,0,165225
NIFTY-III.NFO,01/08/2024,09:45:47,25329.4,25329,50,25329.95,100,0,165225
NIFTY-III.NFO,01/08/2024,09:45:50,25329.4,25329,50,25330,25,0,165225
NIFTY-III.NFO,01/08/2024,09:45:52,25329,25324.9,100,25329,225,50,165350
NIFTY-III.NFO,01/08/2024,09:45:54,25329,25324.05,100,25329,225,0,165350
NIFTY-III.NFO,01/08/2024,09:45:55,25329,25324.7,100,25329,150,0,165350
NIFTY-III.NFO,01/08/2024,09:45:59,25329,25324.05,100,25328.95,175,0,165350
NIFTY-III.NFO,01/08/2024,09:46:00,25329,25323.15,100,25328.95,175,0,165350
NIFTY-III.NFO,01/08/2024,09:46:02,25329,25324.4,25,25328.95,175,0,165350
NIFTY-III.NFO,01/08/2024,09:46:04,25329.4,25324.45,75,25330,100,300,165350
NIFTY-III.NFO,01/08/2024,09:46:05,25329.4,25324.55,175,25330,100,0,165350
NIFTY-III.NFO,01/08/2024,09:46:07,25329.4,25324.4,25,25329.6,125,0,165350
NIFTY-III.NFO,01/08/2024,09:46:10,25329.4,25324.4,25,25330,100,0,165350
NIFTY-III.NFO,01/08/2024,09:46:14,25329.4,25324.4,25,25328.9,75,0,165350
NIFTY-III.NFO,01/08/2024,09:46:15,25329.4,25324.4,25,25329.5,125,0,165350
NIFTY-III.NFO,01/08/2024,09:46:17,25329.4,25324.4,25,25330,100,0,165350
NIFTY-III.NFO,01/08/2024,09:46:19,25329.4,25324.4,100,25330,100,0,165350
NIFTY-III.NFO,01/08/2024,09:46:20,25329.4,25324.4,100,25329.45,50,0,165350
NIFTY-III.NFO,01/08/2024,09:46:22,25329.4,25324.4,100,25329.45,125,0,165350
NIFTY-III.NFO,01/08/2024,09:46:24,25329.4,25324.4,25,25328.05,125,0,165350
NIFTY-III.NFO,01/08/2024,09:46:25,25329.4,25324.4,25,25326.9,50,0,165350
NIFTY-III.NFO,01/08/2024,09:46:27,25328.05,25324.4,25,25328.8,125,300,165350
NIFTY-III.NFO,01/08/2024,09:46:29,25328.05,25324.45,175,25329,25,0,165350
NIFTY-III.NFO,01/08/2024,09:46:30,25328.05,25325.1,175,25329,25,0,165350
NIFTY-III.NFO,01/08/2024,09:46:32,25328.05,25325.8,100,25328.05,25,0,165350
NIFTY-III.NFO,01/08/2024,09:46:34,25328.05,25325.45,100,25328.05,25,0,165350
NIFTY-III.NFO,01/08/2024,09:46:35,25328.05,25325.6,175,25328.05,25,0,165350
NIFTY-III.NFO,01/08/2024,09:46:37,25328.05,25328,200,25329,25,25,165350
NIFTY-III.NFO,01/08/2024,09:46:38,25328.05,25328,200,25329,25,0,165350
NIFTY-III.NFO,01/08/2024,09:46:40,25328.05,25328,200,25328.05,25,0,165350
NIFTY-III.NFO,01/08/2024,09:46:43,25328.05,25328,200,25330,50,50,165350
NIFTY-III.NFO,01/08/2024,09:46:45,25328.05,25328,200,25330,50,0,165350
NIFTY-III.NFO,01/08/2024,09:46:47,25328.05,25328,200,25329.95,75,0,165350
NIFTY-III.NFO,01/08/2024,09:46:48,25328.05,25328,200,25330,50,0,165350
NIFTY-III.NFO,01/08/2024,09:46:53,25328.05,25328,200,25329.95,150,0,165350
NIFTY-III.NFO,01/08/2024,09:46:55,25328.05,25328,200,25329.95,75,0,165350
NIFTY-III.NFO,01/08/2024,09:46:57,25328.05,25328,200,25329.7,75,0,165350
NIFTY-III.NFO,01/08/2024,09:46:58,25328,25328,125,25328.75,75,75,165350
NIFTY-III.NFO,01/08/2024,09:47:01,25328,25328,125,25329.95,150,0,165350
NIFTY-III.NFO,01/08/2024,09:47:09,25328,25328,125,25329.95,75,0,165350
NIFTY-III.NFO,01/08/2024,09:47:11,25328,25328,125,25329.85,150,0,165350
NIFTY-III.NFO,01/08/2024,09:47:14,25328,25328,125,25328.55,150,0,165350
NIFTY-III.NFO,01/08/2024,09:47:16,25328,25328,75,25329.95,150,50,165350
NIFTY-III.NFO,01/08/2024,09:47:17,25328,25328,100,25329.95,150,0,165350
NIFTY-III.NFO,01/08/2024,09:47:25,25328,25328,100,25329.75,150,0,165350
NIFTY-III.NFO,01/08/2024,09:47:27,25329.75,25328,125,25329.75,125,25,165350
NIFTY-III.NFO,01/08/2024,09:47:29,25329.75,25328,125,25329.75,175,0,165350
NIFTY-III.NFO,01/08/2024,09:47:32,25329.75,25328,125,25329,50,0,165350
NIFTY-III.NFO,01/08/2024,09:47:33,25329.75,25328,125,25329.7,50,0,165350
NIFTY-III.NFO,01/08/2024,09:47:37,25329.75,25328,125,25329.05,50,0,165350
NIFTY-III.NFO,01/08/2024,09:47:38,25329.75,25328,125,25329.7,50,0,165350
NIFTY-III.NFO,01/08/2024,09:47:42,25329.75,25328,125,25328.95,50,0,165350
NIFTY-III.NFO,01/08/2024,09:47:43,25329.75,25328,125,25329,25,0,165350
NIFTY-III.NFO,01/08/2024,09:47:46,25329.75,25328,125,25329,50,0,165350
NIFTY-III.NFO,01/08/2024,09:47:53,25328,25328,25,25329,50,100,165350
NIFTY-III.NFO,01/08/2024,09:47:55,25328,25328,25,25329,50,0,165350
NIFTY-III.NFO,01/08/2024,09:47:56,25328,25328.05,100,25329,50,0,165350
NIFTY-III.NFO,01/08/2024,09:47:58,25328,25328,25,25329,50,0,165350
NIFTY-III.NFO,01/08/2024,09:48:07,25328,25328,25,25328.95,50,0,165350
NIFTY-III.NFO,01/08/2024,09:48:09,25328,25328,25,25329,50,0,165350
NIFTY-III.NFO,01/08/2024,09:48:11,25328,25328,25,25328.95,125,0,165350
NIFTY-III.NFO,01/08/2024,09:48:12,25328,25328,25,25329,50,0,165350
NIFTY-III.NFO,01/08/2024,09:48:14,25328,25328,25,25328.95,50,0,165350
NIFTY-III.NFO,01/08/2024,09:48:16,25328,25328,25,25328.25,50,0,165350
NIFTY-III.NFO,01/08/2024,09:48:17,25328,25328,25,25328.95,50,0,165350
NIFTY-III.NFO,01/08/2024,09:48:21,25328,25328,25,25329,50,0,165350
NIFTY-III.NFO,01/08/2024,09:48:24,25328,25324.4,25,25328,175,25,165350
NIFTY-III.NFO,01/08/2024,09:48:26,25328,25324.4,25,25327.95,75,0,165350
NIFTY-III.NFO,01/08/2024,09:48:27,25328,25324.4,25,25327.95,125,0,165350
NIFTY-III.NFO,01/08/2024,09:48:34,25328,25324.4,25,25327.95,50,0,165350
NIFTY-III.NFO,01/08/2024,09:48:36,25328,25324.4,25,25328,125,0,165350
NIFTY-III.NFO,01/08/2024,09:48:37,25324.45,25324.45,100,25328,125,25,165350
NIFTY-III.NFO,01/08/2024,09:48:39,25328,25324.45,100,25328,100,25,165900
NIFTY-III.NFO,01/08/2024,09:48:41,25328,25324.45,175,25328,100,0,165900
NIFTY-III.NFO,01/08/2024,09:48:42,25328,25324.65,175,25328,100,0,165900
NIFTY-III.NFO,01/08/2024,09:48:44,25328,25324.65,425,25328,100,0,165900
NIFTY-III.NFO,01/08/2024,09:48:46,25328,25326.1,100,25328,100,0,165900
NIFTY-III.NFO,01/08/2024,09:48:47,25328,25324.7,100,25328,100,0,165900
NIFTY-III.NFO,01/08/2024,09:48:49,25328,25324.45,175,25328,100,0,165900
NIFTY-III.NFO,01/08/2024,09:48:52,25328,25325.45,100,25328,100,0,165900
NIFTY-III.NFO,01/08/2024,09:48:54,25328,25325.4,175,25328,100,0,165900
NIFTY-III.NFO,01/08/2024,09:48:56,25328,25326.3,175,25328,100,0,165900
NIFTY-III.NFO,01/08/2024,09:48:57,25328,25326.15,175,25328,100,0,165900
NIFTY-III.NFO,01/08/2024,09:48:59,25328,25326.6,175,25328,75,0,165900
NIFTY-III.NFO,01/08/2024,09:49:01,25329.6,25328.2,175,25329.75,25,150,165900
NIFTY-III.NFO,01/08/2024,09:49:02,25330,25329.1,175,25336.25,75,50,165900
NIFTY-III.NFO,01/08/2024,09:49:04,25330,25331.5,100,25337,25,0,165900
NIFTY-III.NFO,01/08/2024,09:49:06,25330,25333.5,100,25337,25,0,165900
NIFTY-III.NFO,01/08/2024,09:49:07,25337.5,25333.8,100,25338.9,75,50,165900
NIFTY-III.NFO,01/08/2024,09:49:09,25338.95,25338.15,100,25342,25,200,165900
NIFTY-III.NFO,01/08/2024,09:49:11,25338.95,25335.1,175,25337.5,25,0,165900
NIFTY-III.NFO,01/08/2024,09:49:14,25337.5,25340,75,25341.95,75,25,165900
NIFTY-III.NFO,01/08/2024,09:49:15,25337.5,25340,75,25341.95,75,0,165900
NIFTY-III.NFO,01/08/2024,09:49:24,25341.95,25340,75,25341.95,50,25,165900
NIFTY-III.NFO,01/08/2024,09:49:25,25341.95,25340,75,25341.95,50,0,165900
NIFTY-III.NFO,01/08/2024,09:49:27,25341.95,25340,75,25341.95,125,0,165900
NIFTY-III.NFO,01/08/2024,09:49:29,25341.95,25340,75,25341.95,50,0,165900
NIFTY-III.NFO,01/08/2024,09:49:30,25341.95,25340,75,25341.95,125,0,165900
NIFTY-III.NFO,01/08/2024,09:49:32,25340,25333.05,100,25340.7,50,75,165900
NIFTY-III.NFO,01/08/2024,09:49:33,25340,25333.05,100,25340.55,50,0,165900
NIFTY-III.NFO,01/08/2024,09:49:35,25340,25332.45,100,25340.55,50,0,165900
NIFTY-III.NFO,01/08/2024,09:49:37,25340,25332.45,100,25339.8,50,0,165900
NIFTY-III.NFO,01/08/2024,09:49:40,25340,25330.6,175,25338.2,50,0,165900
NIFTY-III.NFO,01/08/2024,09:49:42,25340,25331.45,150,25338.2,50,0,165900
NIFTY-III.NFO,01/08/2024,09:49:43,25340,25330.05,175,25337.2,50,0,165900
NIFTY-III.NFO,01/08/2024,09:49:45,25340,25330.05,100,25335.7,50,0,165900
NIFTY-III.NFO,01/08/2024,09:49:47,25340,25330,75,25335.45,125,0,165900
NIFTY-III.NFO,01/08/2024,09:49:48,25334.5,25330,75,25334.45,25,150,165900
NIFTY-III.NFO,01/08/2024,09:49:50,25334.5,25330,75,25333.7,100,0,165900
NIFTY-III.NFO,01/08/2024,09:49:52,25334.5,25330,75,25332.9,325,0,165900
NIFTY-III.NFO,01/08/2024,09:49:53,25334.5,25330,75,25332.8,325,0,165900
NIFTY-III.NFO,01/08/2024,09:49:55,25334.5,25330,75,25333.55,75,0,165900
NIFTY-III.NFO,01/08/2024,09:49:57,25334.5,25330.05,175,25335.75,75,0,165900
NIFTY-III.NFO,01/08/2024,09:49:58,25334.5,25330,75,25334,325,0,165900
NIFTY-III.NFO,01/08/2024,09:50:00,25334.5,25330,75,25333.15,325,0,165900
NIFTY-III.NFO,01/08/2024,09:50:02,25334.5,25330,75,25334.5,100,0,165900
NIFTY-III.NFO,01/08/2024,09:50:03,25334.5,25330.05,100,25334.5,25,0,165900
NIFTY-III.NFO,01/08/2024,09:50:05,25334.5,25330,75,25334.5,100,0,165900
NIFTY-III.NFO,01/08/2024,09:50:10,25334.5,25330,75,25334.2,325,0,165900
NIFTY-III.NFO,01/08/2024,09:50:11,25334.5,25330,75,25334.5,100,0,165900
NIFTY-III.NFO,01/08/2024,09:50:15,25334.5,25330,75,25333.25,325,0,165900
NIFTY-III.NFO,01/08/2024,09:50:17,25334.5,25330,75,25333.15,150,0,165900
NIFTY-III.NFO,01/08/2024,09:50:18,25334.5,25330,75,25333.25,325,0,165900
NIFTY-III.NFO,01/08/2024,09:50:22,25334.5,25330,75,25332.25,325,0,165900
NIFTY-III.NFO,01/08/2024,09:50:23,25334.5,25330,75,25332.3,325,0,165900
NIFTY-III.NFO,01/08/2024,09:50:25,25330,25329,25,25331.5,75,75,165900
NIFTY-III.NFO,01/08/2024,09:50:27,25330,25329,25,25330.3,175,0,165900
NIFTY-III.NFO,01/08/2024,09:50:30,25329,25325,25,25327.1,225,25,165900
NIFTY-III.NFO,01/08/2024,09:50:32,25329,25325,25,25328.95,225,0,165900
NIFTY-III.NFO,01/08/2024,09:50:33,25329,25325.05,175,25330.2,225,0,165900
NIFTY-III.NFO,01/08/2024,09:50:35,25329,25326.3,175,25331.85,150,0,165900
NIFTY-III.NFO,01/08/2024,09:50:37,25329,25326.3,175,25332.6,225,0,165900
NIFTY-III.NFO,01/08/2024,09:50:38,25329,25325.05,175,25331.75,225,0,165900
NIFTY-III.NFO,01/08/2024,09:50:40,25329,25325.05,175,25331.7,225,0,165900
NIFTY-III.NFO,01/08/2024,09:50:42,25329,25325.05,175,25331.6,225,0,165900
NIFTY-III.NFO,01/08/2024,09:50:43,25329,25325.05,175,25331.6,75,0,165900
NIFTY-III.NFO,01/08/2024,09:50:45,25329,25325.05,175,25333.2,225,0,165900
NIFTY-III.NFO,01/08/2024,09:50:47,25329,25325.05,175,25332.35,225,0,165900
NIFTY-III.NFO,01/08/2024,09:50:48,25329,25325.05,175,25332.35,75,0,165900
NIFTY-III.NFO,01/08/2024,09:50:50,25329,25325.05,175,25333.15,225,0,165900
NIFTY-III.NFO,01/08/2024,09:50:52,25325.05,25325.1,100,25333.85,50,50,165900
NIFTY-III.NFO,01/08/2024,09:50:53,25325.05,25325.1,100,25333.85,50,0,165900
NIFTY-III.NFO,01/08/2024,09:50:55,25325.05,25324.45,175,25331.1,50,0,165900
NIFTY-III.NFO,01/08/2024,09:50:57,25325.05,25324.45,175,25330.3,50,0,165900
NIFTY-III.NFO,01/08/2024,09:51:00,25325.05,25324.45,175,25330.35,125,0,165900
NIFTY-III.NFO,01/08/2024,09:51:02,25325.05,25324.45,175,25331.4,50,0,165900
NIFTY-III.NFO,01/08/2024,09:51:07,25325.05,25324.45,175,25330.3,50,0,165900
NIFTY-III.NFO,01/08/2024,09:51:10,25325.05,25324.45,100,25329.5,50,0,165900
NIFTY-III.NFO,01/08/2024,09:51:12,25325.05,25324.45,175,25331.05,50,0,165900
NIFTY-III.NFO,01/08/2024,09:51:17,25325.05,25324.45,175,25330.2,125,0,165900
NIFTY-III.NFO,01/08/2024,09:51:19,25325.05,25324.45,175,25331.7,125,0,165900
NIFTY-III.NFO,01/08/2024,09:51:22,25325.05,25324.45,175,25330.85,50,0,165900
NIFTY-III.NFO,01/08/2024,09:51:24,25325.05,25324.45,100,25330.05,50,0,165900
NIFTY-III.NFO,01/08/2024,09:51:25,25325.05,25324.45,175,25330.05,50,0,165900
NIFTY-III.NFO,01/08/2024,09:51:27,25325.05,25324.45,175,25330.75,125,0,165900
NIFTY-III.NFO,01/08/2024,09:51:29,25325.05,25324.45,175,25330.55,125,0,165900
NIFTY-III.NFO,01/08/2024,09:51:30,25325.05,25324.45,175,25330.1,125,0,165900
NIFTY-III.NFO,01/08/2024,09:51:32,25325.05,25324.45,175,25330.9,125,0,165900
NIFTY-III.NFO,01/08/2024,09:51:40,25325.05,25325,300,25329.25,50,0,165900
NIFTY-III.NFO,01/08/2024,09:51:42,25325.05,25325,300,25326.8,225,0,165900
NIFTY-III.NFO,01/08/2024,09:51:44,25325.05,25325,300,25328.3,125,0,165900
NIFTY-III.NFO,01/08/2024,09:51:45,25325.05,25325,300,25328.2,50,0,165900
NIFTY-III.NFO,01/08/2024,09:51:47,25325.05,25325,300,25328.9,50,0,165900
NIFTY-III.NFO,01/08/2024,09:51:52,25325.05,25325,300,25328.95,150,0,165900
NIFTY-III.NFO,01/08/2024,09:51:53,25325.05,25325,300,25328.9,150,0,165900
NIFTY-III.NFO,01/08/2024,09:51:55,25325.05,25325,300,25328.85,50,0,165900
NIFTY-III.NFO,01/08/2024,09:51:57,25325.05,25325,300,25328.05,50,0,165900
NIFTY-III.NFO,01/08/2024,09:51:58,25325.05,25325,300,25327.95,50,0,165900
NIFTY-III.NFO,01/08/2024,09:52:00,25325.05,25325,300,25327.15,150,0,165900
NIFTY-III.NFO,01/08/2024,09:52:03,25325.05,25325,300,25327.9,150,0,165900
NIFTY-III.NFO,01/08/2024,09:52:07,25325.05,25325,300,25328.7,150,0,165900
NIFTY-III.NFO,01/08/2024,09:52:09,25325.05,25325,300,25328.7,50,0,165900
NIFTY-III.NFO,01/08/2024,09:52:10,25325.05,25325.05,25,25327.95,125,0,165900
NIFTY-III.NFO,01/08/2024,09:52:14,25325.05,25325.05,25,25327.75,125,0,165900
NIFTY-III.NFO,01/08/2024,09:52:16,25325.05,25325.05,25,25327.7,125,0,165900
NIFTY-III.NFO,01/08/2024,09:52:21,25325.05,25325.1,25,25328.5,125,0,165900
NIFTY-III.NFO,01/08/2024,09:52:23,25325.05,25325.1,25,25329.2,125,0,165900
NIFTY-III.NFO,01/08/2024,09:52:26,25325.05,25325.1,25,25328.4,125,0,165900
NIFTY-III.NFO,01/08/2024,09:52:28,25325.05,25325.15,25,25328.4,125,0,165900
NIFTY-III.NFO,01/08/2024,09:52:39,25325.05,25325.15,25,25328.55,125,0,165900
NIFTY-III.NFO,01/08/2024,09:52:41,25325.05,25325.5,25,25328.55,125,0,165900
NIFTY-III.NFO,01/08/2024,09:52:42,25325.05,25325.5,25,25329.3,125,0,165900
NIFTY-III.NFO,01/08/2024,09:52:46,25325.05,25325.5,25,25328.5,125,0,165900
NIFTY-III.NFO,01/08/2024,09:52:47,25325.05,25325.55,100,25329.2,125,0,165900
NIFTY-III.NFO,01/08/2024,09:52:49,25325.05,25325.65,175,25330.05,125,0,165900
NIFTY-III.NFO,01/08/2024,09:52:51,25325.05,25325.65,175,25331.55,125,0,165900
NIFTY-III.NFO,01/08/2024,09:52:52,25325.05,25325.65,175,25331.45,125,0,165900
NIFTY-III.NFO,01/08/2024,09:52:54,25325.05,25325.65,175,25330.7,125,0,165900
NIFTY-III.NFO,01/08/2024,09:52:56,25325.05,25325.6,25,25328.2,125,0,165900
NIFTY-III.NFO,01/08/2024,09:52:57,25325.05,25325.6,25,25326.55,125,0,165900
NIFTY-III.NFO,01/08/2024,09:52:59,25327.35,25325.05,25,25327.85,125,25,165950
NIFTY-III.NFO,01/08/2024,09:53:01,25327.35,25325.1,175,25330.4,125,0,165950
NIFTY-III.NFO,01/08/2024,09:53:02,25327.35,25325.1,175,25330.4,200,0,165950
NIFTY-III.NFO,01/08/2024,09:53:04,25327.35,25325.1,175,25331.05,200,0,165950
NIFTY-III.NFO,01/08/2024,09:53:06,25325.1,25325.1,175,25330.25,200,25,165950
NIFTY-III.NFO,01/08/2024,09:53:07,25325.1,25325.1,100,25329.4,125,0,165950
NIFTY-III.NFO,01/08/2024,09:53:09,25325.1,25325.05,25,25328.55,125,0,165950
NIFTY-III.NFO,01/08/2024,09:53:11,25325.1,25325.1,100,25328.55,125,0,165950
NIFTY-III.NFO,01/08/2024,09:53:12,25328.55,25325.05,25,25328.15,75,50,165950
NIFTY-III.NFO,01/08/2024,09:53:13,25328.55,25325.05,25,25328.15,75,0,165950
NIFTY-III.NFO,01/08/2024,09:53:15,25328.15,25325,300,25328.35,50,25,165950
NIFTY-III.NFO,01/08/2024,09:53:17,25328.15,25325,300,25328.35,50,0,165950
NIFTY-III.NFO,01/08/2024,09:53:25,25328.35,25325,300,25328.2,25,25,165950
NIFTY-III.NFO,01/08/2024,09:53:26,25328.35,25325,300,25328.2,25,0,165950
NIFTY-III.NFO,01/08/2024,09:53:30,25328.35,25325,300,25328.9,25,0,165950
NIFTY-III.NFO,01/08/2024,09:53:31,25328.35,25325,300,25327.25,25,0,165950
NIFTY-III.NFO,01/08/2024,09:53:33,25328.35,25325,300,25328,25,0,165950
NIFTY-III.NFO,01/08/2024,09:53:36,25328.35,25325,300,25328.15,25,0,165950
NIFTY-III.NFO,01/08/2024,09:53:38,25328.35,25325.15,25,25328.15,25,0,165950
NIFTY-III.NFO,01/08/2024,09:53:40,25325,25325.05,100,25328.15,25,50,165950
NIFTY-III.NFO,01/08/2024,09:53:41,25325,25325,275,25328.15,25,0,165950
NIFTY-III.NFO,01/08/2024,09:53:45,25325,25325.05,100,25328.15,25,0,165950
NIFTY-III.NFO,01/08/2024,09:53:46,25325,25325,275,25328.15,25,0,165950
NIFTY-III.NFO,01/08/2024,09:53:48,25325,25325.05,100,25328.9,25,0,165950
NIFTY-III.NFO,01/08/2024,09:53:50,25325,25325,275,25328.05,25,0,165950
NIFTY-III.NFO,01/08/2024,09:53:58,25325,25325,275,25326.95,25,0,165950
NIFTY-III.NFO,01/08/2024,09:54:00,25325,25325,275,25327.1,25,0,165950
NIFTY-III.NFO,01/08/2024,09:54:01,25325,25325,275,25327.9,25,0,165950
NIFTY-III.NFO,01/08/2024,09:54:03,25325,25325,275,25327.75,25,0,165950
NIFTY-III.NFO,01/08/2024,09:54:04,25325,25325,275,25328,25,0,165950
NIFTY-III.NFO,01/08/2024,09:54:06,25325,25325,275,25326.4,25,0,165950
NIFTY-III.NFO,01/08/2024,09:54:08,25325,25325,175,25326.4,25,100,165950
NIFTY-III.NFO,01/08/2024,09:54:09,25325,25325,175,25326.4,25,0,165950
NIFTY-III.NFO,01/08/2024,09:54:11,25325,25325,150,25326.4,25,25,165950
NIFTY-III.NFO,01/08/2024,09:54:13,25325,25325,125,25326.8,75,25,165950
NIFTY-III.NFO,01/08/2024,09:54:15,25324.4,25321,75,25321.2,75,150,165950
NIFTY-III.NFO,01/08/2024,09:54:16,25320.55,25320,275,25321,150,100,165950
NIFTY-III.NFO,01/08/2024,09:54:18,25320.55,25320,275,25321.85,150,0,165950
NIFTY-III.NFO,01/08/2024,09:54:20,25320.55,25320,275,25321.95,75,0,165950
NIFTY-III.NFO,01/08/2024,09:54:23,25320.55,25320,275,25322,25,0,165950
NIFTY-III.NFO,01/08/2024,09:54:25,25325.3,25320.6,175,25325.3,50,50,165950
NIFTY-III.NFO,01/08/2024,09:54:26,25325.3,25320.85,175,25327.2,75,0,165950
NIFTY-III.NFO,01/08/2024,09:54:28,25325.3,25321.1,175,25327.15,75,0,165950
NIFTY-III.NFO,01/08/2024,09:54:30,25325.3,25321.15,75,25326.35,150,0,165950
NIFTY-III.NFO,01/08/2024,09:54:31,25326.35,25320.55,25,25325.45,50,25,165950
NIFTY-III.NFO,01/08/2024,09:54:33,25326.35,25320.6,175,25326.2,125,0,165950
NIFTY-III.NFO,01/08/2024,09:54:36,25326.35,25321.1,25,25325.1,125,0,165950
NIFTY-III.NFO,01/08/2024,09:54:38,25326.35,25321.1,25,25325.35,125,0,165950
NIFTY-III.NFO,01/08/2024,09:54:40,25326.35,25321.1,25,25325.35,50,0,165950
NIFTY-III.NFO,01/08/2024,09:54:41,25326.35,25321.1,25,25326,125,0,165950
NIFTY-III.NFO,01/08/2024,09:54:43,25326.35,25321.1,25,25325.45,125,0,165950
NIFTY-III.NFO,01/08/2024,09:54:44,25326.35,25321.1,25,25325.2,125,0,165950
NIFTY-III.NFO,01/08/2024,09:54:46,25326.35,25322,25,25324.85,125,0,165950
NIFTY-III.NFO,01/08/2024,09:54:48,25326.35,25322,25,25324.65,125,0,165950
NIFTY-III.NFO,01/08/2024,09:54:49,25326.35,25322,25,25324.7,25,0,165950
NIFTY-III.NFO,01/08/2024,09:54:51,25326.35,25322,25,25324.45,125,0,165950
NIFTY-III.NFO,01/08/2024,09:54:53,25326.35,25322,25,25323.8,125,0,165950
NIFTY-III.NFO,01/08/2024,09:54:54,25326.35,25322,25,25323.45,125,0,165950
NIFTY-III.NFO,01/08/2024,09:54:56,25326.35,25322,25,25323,50,0,165950
NIFTY-III.NFO,01/08/2024,09:54:58,25326.35,25322,25,25323.55,50,0,165950
NIFTY-III.NFO,01/08/2024,09:54:59,25326.35,25322,25,25322.9,25,0,165950
NIFTY-III.NFO,01/08/2024,09:55:01,25326.35,25322,25,25323.7,25,0,165950
NIFTY-III.NFO,01/08/2024,09:55:04,25324.3,25322,25,25325.1,50,25,166050
NIFTY-III.NFO,01/08/2024,09:55:06,25324.3,25322,25,25324.9,125,0,166050
NIFTY-III.NFO,01/08/2024,09:55:08,25324.3,25322,25,25324.2,125,0,166050
NIFTY-III.NFO,01/08/2024,09:55:09,25322,25320.55,25,25323.05,75,25,166050
NIFTY-III.NFO,01/08/2024,09:55:11,25322,25320.55,25,25323.25,125,0,166050
NIFTY-III.NFO,01/08/2024,09:55:14,25322,25320.55,25,25323,50,0,166050
NIFTY-III.NFO,01/08/2024,09:55:15,25322,25320.55,25,25322.3,125,0,166050
NIFTY-III.NFO,01/08/2024,09:55:17,25322,25320.55,25,25321.8,175,0,166050
NIFTY-III.NFO,01/08/2024,09:55:19,25322,25320.55,25,25322.2,100,0,166050
NIFTY-III.NFO,01/08/2024,09:55:20,25322,25320.55,25,25322.1,125,0,166050
NIFTY-III.NFO,01/08/2024,09:55:22,25322,25320.55,25,25322.35,200,0,166050
NIFTY-III.NFO,01/08/2024,09:55:23,25321.8,25320.55,25,25321.75,150,25,166050
NIFTY-III.NFO,01/08/2024,09:55:25,25321.8,25320.55,25,25321.55,200,0,166050
NIFTY-III.NFO,01/08/2024,09:55:27,25321.8,25320.55,25,25320.75,200,0,166050
NIFTY-III.NFO,01/08/2024,09:55:28,25320,25320,100,25320.8,50,50,166050
NIFTY-III.NFO,01/08/2024,09:55:30,25320,25313.05,100,25319.1,200,100,166050
NIFTY-III.NFO,01/08/2024,09:55:31,25320,25314.05,100,25320,100,0,166050
NIFTY-III.NFO,01/08/2024,09:55:33,25320,25313.3,100,25319.95,50,0,166050
NIFTY-III.NFO,01/08/2024,09:55:35,25320,25313.3,100,25320,100,0,166050
NIFTY-III.NFO,01/08/2024,09:55:43,25320,25313.3,100,25320,25,0,166050
NIFTY-III.NFO,01/08/2024,09:55:45,25320,25314.05,100,25320,25,0,166050
NIFTY-III.NFO,01/08/2024,09:55:46,25320,25314.9,100,25319,25,0,166050
NIFTY-III.NFO,01/08/2024,09:55:48,25320,25315.1,100,25319,25,0,166050
NIFTY-III.NFO,01/08/2024,09:55:50,25320,25314.2,100,25319,25,0,166050
NIFTY-III.NFO,01/08/2024,09:55:51,25319,25314.2,100,25321.2,50,25,166050
NIFTY-III.NFO,01/08/2024,09:55:53,25319,25314.2,100,25321.75,50,0,166050
NIFTY-III.NFO,01/08/2024,09:55:55,25319,25314.2,100,25321.55,50,0,166050
NIFTY-III.NFO,01/08/2024,09:55:56,25319,25314.2,100,25321.35,125,0,166050
NIFTY-III.NFO,01/08/2024,09:55:58,25319,25314.5,100,25321.3,200,0,166050
NIFTY-III.NFO,01/08/2024,09:56:00,25319,25314.5,100,25321.3,125,0,166050
NIFTY-III.NFO,01/08/2024,09:56:01,25319,25314.5,100,25321.3,200,0,166050
NIFTY-III.NFO,01/08/2024,09:56:03,25319,25314.5,100,25321.15,125,0,166050
NIFTY-III.NFO,01/08/2024,09:56:05,25319,25314.5,100,25320.2,50,0,166050
NIFTY-III.NFO,01/08/2024,09:56:06,25319,25314.5,100,25320.8,50,0,166050
NIFTY-III.NFO,01/08/2024,09:56:08,25319,25314.5,100,25320.8,125,0,166050
NIFTY-III.NFO,01/08/2024,09:56:09,25319,25319,25,25321.65,25,0,166050
NIFTY-III.NFO,01/08/2024,09:56:13,25319,25319,25,25321.6,50,0,166050
NIFTY-III.NFO,01/08/2024,09:56:15,25321.65,25319,25,25323.9,125,25,166050
NIFTY-III.NFO,01/08/2024,09:56:17,25321.65,25319,25,25323.25,125,0,166050
NIFTY-III.NFO,01/08/2024,09:56:18,25321.65,25319,25,25323.85,125,0,166050
NIFTY-III.NFO,01/08/2024,09:56:20,25321.65,25319,100,25324.9,50,0,166050
NIFTY-III.NFO,01/08/2024,09:56:21,25321.65,25319,100,25324.55,50,0,166050
NIFTY-III.NFO,01/08/2024,09:56:23,25321.65,25319,125,25324.25,50,0,166050
NIFTY-III.NFO,01/08/2024,09:56:25,25321.65,25319,125,25324.25,125,0,166050
NIFTY-III.NFO,01/08/2024,09:56:26,25321.65,25319,50,25322.9,125,0,166050
NIFTY-III.NFO,01/08/2024,09:56:28,25321.65,25319,125,25323.7,50,0,166050
NIFTY-III.NFO,01/08/2024,09:56:30,25321.65,25319,50,25321.65,100,0,166050
NIFTY-III.NFO,01/08/2024,09:56:36,25321.65,25319,50,25320,50,0,166050
NIFTY-III.NFO,01/08/2024,09:56:38,25320,25319,50,25320,25,25,166050
NIFTY-III.NFO,01/08/2024,09:56:40,25320,25319,50,25320,25,0,166050
NIFTY-III.NFO,01/08/2024,09:56:43,25320,25319.05,100,25320,25,0,166050
NIFTY-III.NFO,01/08/2024,09:56:45,25320,25319.05,175,25320,25,0,166050
NIFTY-III.NFO,01/08/2024,09:56:46,25320,25319.05,175,25321.65,100,0,166050
NIFTY-III.NFO,01/08/2024,09:56:49,25320,25320.35,175,25321.65,100,0,166050
NIFTY-III.NFO,01/08/2024,09:56:51,25320,25319.05,50,25320,875,250,166050
NIFTY-III.NFO,01/08/2024,09:56:53,25320,25319.05,125,25320,875,0,166050
NIFTY-III.NFO,01/08/2024,09:56:54,25320,25319.05,50,25320,850,25,166050
NIFTY-III.NFO,01/08/2024,09:56:56,25320,25319.05,50,25320,850,0,166050
NIFTY-III.NFO,01/08/2024,09:56:58,25320,25319,50,25320,850,0,166050
NIFTY-III.NFO,01/08/2024,09:57:01,25320,25319.05,50,25320,850,0,166050
NIFTY-III.NFO,01/08/2024,09:57:02,25320,25319.25,50,25320,850,0,166050
NIFTY-III.NFO,01/08/2024,09:57:04,25320,25319.05,125,25320,850,0,166050
NIFTY-III.NFO,01/08/2024,09:57:06,25320,25319.3,125,25320,675,175,166050
NIFTY-III.NFO,01/08/2024,09:57:07,25320,25319.25,125,25320,550,125,166050
NIFTY-III.NFO,01/08/2024,09:57:09,25320,25319.35,200,25320,500,50,166050
NIFTY-III.NFO,01/08/2024,09:57:11,25320,25319.7,125,25320,375,125,166050
NIFTY-III.NFO,01/08/2024,09:57:12,25320,25319.1,200,25320,375,0,166050
NIFTY-III.NFO,01/08/2024,09:57:15,25320,25319.15,200,25320,375,0,166050
NIFTY-III.NFO,01/08/2024,09:57:18,25320,25319.15,125,25320,375,0,166050
NIFTY-III.NFO,01/08/2024,09:57:20,25320,25319.15,200,25320,375,0,166050
NIFTY-III.NFO,01/08/2024,09:57:22,25320,25319.85,125,25320,375,0,166050
NIFTY-III.NFO,01/08/2024,09:57:23,25320,25319.85,200,25320,375,0,166050
NIFTY-III.NFO,01/08/2024,09:57:25,25321.65,25321.95,75,25325,25,475,166050
NIFTY-III.NFO,01/08/2024,09:57:26,25321.65,25323.3,125,25325,25,0,166050
NIFTY-III.NFO,01/08/2024,09:57:28,25321.65,25323.4,125,25325,25,0,166050
NIFTY-III.NFO,01/08/2024,09:57:30,25321.65,25321.85,200,25325,25,0,166050
