Ticker,Date,Time,LTP,BuyPrice,BuyQty,SellPrice,SellQty,LTQ,OpenInterest
NIFTY-I.NFO,01/08/2024,09:15:00,25060.05,25064,25,25072.6,25,550,0
NIFTY-I.NFO,01/08/2024,09:15:00,25060.05,25064,25,25072.6,25,0,0
NIFTY-I.NFO,01/08/2024,09:15:00,25075,25064,25,25072.6,25,0,0
NIFTY-I.NFO,01/08/2024,09:15:00,25060.05,25064,25,25072.6,25,0,0
NIFTY-I.NFO,01/08/2024,09:15:01,25068.05,25071.45,100,25082.4,25,3000,15403300
NIFTY-I.NFO,01/08/2024,09:15:01,25085,25071.45,100,25082.4,25,0,15403300
NIFTY-I.NFO,01/08/2024,09:15:02,25065.3,25065.45,100,25075.35,50,5350,15403300
NIFTY-I.NFO,01/08/2024,09:15:04,25071.45,25065.3,75,25071.55,125,7050,15403300
NIFTY-I.NFO,01/08/2024,09:15:05,25067.2,25067.1,25,25070,25,5000,15403300
NIFTY-I.NFO,01/08/2024,09:15:06,25073.4,25068.15,100,25074,25,3075,15403300
NIFTY-I.NFO,01/08/2024,09:15:08,25073.8,25068,25,25070.05,75,1925,15403300
NIFTY-I.NFO,01/08/2024,09:15:09,25070.7,25067.95,100,25074,25,2175,15403300
NIFTY-I.NFO,01/08/2024,09:15:11,25071.3,25071.3,4475,25074.55,25,2100,15403300
NIFTY-I.NFO,01/08/2024,09:15:12,25071.3,25071.3,2725,25074.9,25,4475,15403300
NIFTY-I.NFO,01/08/2024,09:15:14,25074.9,25074.9,1250,25078.3,25,6175,15403300
NIFTY-I.NFO,01/08/2024,09:15:15,25078.65,25078.65,375,25079,125,3825,15403300
NIFTY-I.NFO,01/08/2024,09:15:16,25078.7,25078.7,800,25079.25,1425,6825,15403300
NIFTY-I.NFO,01/08/2024,09:15:18,25078.7,25078,2350,25078.7,75,3975,15403300
NIFTY-I.NFO,01/08/2024,09:15:19,25078,25078,475,25079.25,300,2325,15403300
NIFTY-I.NFO,01/08/2024,09:15:21,25074.7,25074.55,1500,25078,200,2600,15403300
NIFTY-I.NFO,01/08/2024,09:15:22,25077,25074.7,25,25077,50,1650,15403300
NIFTY-I.NFO,01/08/2024,09:15:23,25075.1,25075.1,1750,25075.35,450,2100,15403300
NIFTY-I.NFO,01/08/2024,09:15:25,25075.45,25074.6,25,25075.1,75,5350,15403300
NIFTY-I.NFO,01/08/2024,09:15:26,25071.4,25075,25,25075.1,25,1300,15403300
NIFTY-I.NFO,01/08/2024,09:15:28,25074.6,25070.5,25,25074.6,1175,1400,15403300
NIFTY-I.NFO,01/08/2024,09:15:29,25074.1,25070.05,200,25074.45,250,1200,15403300
NIFTY-I.NFO,01/08/2024,09:15:30,25070.5,25070.45,25,25071.3,25,1925,15403300
NIFTY-I.NFO,01/08/2024,09:15:32,25075,25070.65,575,25075,250,2450,15403300
NIFTY-I.NFO,01/08/2024,09:15:33,25070.65,25070.65,100,25074,25,1175,15403300
NIFTY-I.NFO,01/08/2024,09:15:35,25070.25,25070.25,200,25074.85,125,1975,15424475
NIFTY-I.NFO,01/08/2024,09:15:36,25074.6,25071.35,25,25075,100,450,15424475
NIFTY-I.NFO,01/08/2024,09:15:37,25070.6,25071.25,25,25075,50,3075,15424475
NIFTY-I.NFO,01/08/2024,09:15:39,25076.95,25072.3,25,25077,25,5175,15424475
NIFTY-I.NFO,01/08/2024,09:15:40,25076.85,25073.85,25,25075.15,25,1150,15424475
NIFTY-I.NFO,01/08/2024,09:15:42,25072.25,25072.25,25,25075,125,3000,15424475
NIFTY-I.NFO,01/08/2024,09:15:43,25076.5,25072.1,25,25075,25,1550,15424475
NIFTY-I.NFO,01/08/2024,09:15:45,25076.3,25072.4,25,25076.4,50,2075,15424475
NIFTY-I.NFO,01/08/2024,09:15:46,25075.1,25075.1,250,25076.6,100,1675,15424475
NIFTY-I.NFO,01/08/2024,09:15:47,25075.85,25075.85,1150,25076.3,125,1050,15424475
NIFTY-I.NFO,01/08/2024,09:15:49,25076.9,25072.7,125,25077,125,2725,15424475
NIFTY-I.NFO,01/08/2024,09:15:50,25076.6,25072.8,200,25077,25,1200,15424475
NIFTY-I.NFO,01/08/2024,09:15:52,25077.35,25075,325,25078,600,2350,15424475
NIFTY-I.NFO,01/08/2024,09:15:53,25077,25075.65,350,25077,250,1325,15424475
NIFTY-I.NFO,01/08/2024,09:15:55,25077,25075,175,25077,225,1100,15424475
NIFTY-I.NFO,01/08/2024,09:15:56,25072.05,25072.1,25,25074.5,75,1050,15424475
NIFTY-I.NFO,01/08/2024,09:15:58,25072.7,25072.7,25,25077.8,150,875,15424475
NIFTY-I.NFO,01/08/2024,09:15:59,25077.75,25071.95,25,25077.05,150,3000,15424475
NIFTY-I.NFO,01/08/2024,09:16:00,25072.7,25072.25,50,25076.9,25,5600,15424475
NIFTY-I.NFO,01/08/2024,09:16:02,25076.6,25076.65,25,25077.75,25,4825,15424475
NIFTY-I.NFO,01/08/2024,09:16:03,25077,25076.65,1750,25079,75,375,15424475
NIFTY-I.NFO,01/08/2024,09:16:05,25077,25077,1250,25079.3,575,900,15424475
NIFTY-I.NFO,01/08/2024,09:16:06,25078.65,25078.45,250,25080,1550,4200,15424475
NIFTY-I.NFO,01/08/2024,09:16:08,25080.25,25080.55,75,25082,25,2150,15424475
NIFTY-I.NFO,01/08/2024,09:16:09,25083.7,25081.85,75,25083.7,350,1225,15424475
NIFTY-I.NFO,01/08/2024,09:16:10,25079.55,25079.55,75,25080.55,25,875,15424475
NIFTY-I.NFO,01/08/2024,09:16:12,25079.3,25080,25,25083,675,1150,15424475
NIFTY-I.NFO,01/08/2024,09:16:13,25080.25,25080.25,50,25082,25,1400,15424475
NIFTY-I.NFO,01/08/2024,09:16:15,25083,25080.05,275,25083,275,975,15424475
NIFTY-I.NFO,01/08/2024,09:16:16,25083.7,25081.2,250,25083.7,150,1075,15424475
NIFTY-I.NFO,01/08/2024,09:16:18,25081.9,25081.9,125,25083.7,100,1625,15424475
NIFTY-I.NFO,01/08/2024,09:16:19,25084,25084,100,25085,1050,3500,15424475
NIFTY-I.NFO,01/08/2024,09:16:20,25085.7,25084.05,1475,25085.7,50,1500,15424475
NIFTY-I.NFO,01/08/2024,09:16:20,25085.7,25084.05,1475,25085.7,50,0,15424475
NIFTY-I.NFO,01/08/2024,09:16:22,25084.05,25084.05,1125,25087.95,25,1000,15424475
NIFTY-I.NFO,01/08/2024,09:16:22,25088,25084.05,1125,25087.95,25,0,15424475
NIFTY-I.NFO,01/08/2024,09:16:23,25085.65,25085.65,350,25088,3050,600,15424475
NIFTY-I.NFO,01/08/2024,09:16:25,25086,25086.2,250,25088,2400,1425,15424475
NIFTY-I.NFO,01/08/2024,09:16:26,25087.7,25087.7,350,25090,575,14850,15424475
NIFTY-I.NFO,01/08/2024,09:16:26,25090,25087.7,350,25090,575,0,15424475
NIFTY-I.NFO,01/08/2024,09:16:28,25090,25088.4,125,25090,375,1125,15424475
NIFTY-I.NFO,01/08/2024,09:16:29,25091.5,25089,125,25091.5,50,1700,15424475
NIFTY-I.NFO,01/08/2024,09:16:29,25091.5,25089,125,25091.5,50,0,15424475
NIFTY-I.NFO,01/08/2024,09:16:30,25094,25090.15,25,25094,900,2625,15424475
NIFTY-I.NFO,01/08/2024,09:16:30,25094,25090.15,25,25094,900,0,15424475
NIFTY-I.NFO,01/08/2024,09:16:32,25093.5,25091.5,50,25093.5,50,1800,15424475
NIFTY-I.NFO,01/08/2024,09:16:33,25094,25094,500,25094.95,50,2250,15424475
NIFTY-I.NFO,01/08/2024,09:16:33,25094.95,25094,500,25094.95,50,0,15424475
NIFTY-I.NFO,01/08/2024,09:16:35,25093.15,25093.2,350,25094.95,25,2425,15424475
NIFTY-I.NFO,01/08/2024,09:16:35,25095,25093.2,350,25094.95,25,0,15424475
NIFTY-I.NFO,01/08/2024,09:16:36,25090.15,25090.15,25,25093.2,25,1225,15424475
NIFTY-I.NFO,01/08/2024,09:16:38,25092.5,25090.05,100,25094,25,950,15424475
NIFTY-I.NFO,01/08/2024,09:16:39,25093.6,25091,1025,25093.6,200,750,15424475
NIFTY-I.NFO,01/08/2024,09:16:40,25094,25091,875,25094,125,2625,15424475
NIFTY-I.NFO,01/08/2024,09:16:42,25092.1,25092.1,25,25094,100,1200,15424475
NIFTY-I.NFO,01/08/2024,09:16:43,25094.95,25091.05,25,25095.6,25,4225,15424475
NIFTY-I.NFO,01/08/2024,09:16:43,25096.9,25091.05,25,25095.6,25,0,15424475
NIFTY-I.NFO,01/08/2024,09:16:45,25090.1,25090.3,50,25094.35,25,1350,15424475
NIFTY-I.NFO,01/08/2024,09:16:46,25090.15,25090.05,125,25093.1,50,450,15424475
NIFTY-I.NFO,01/08/2024,09:16:47,25092.5,25092.5,75,25094,25,675,15424475
NIFTY-I.NFO,01/08/2024,09:16:49,25092.45,25090,2000,25092.5,250,925,15424475
NIFTY-I.NFO,01/08/2024,09:16:50,25090,25090,1975,25092.5,100,1875,15424475
NIFTY-I.NFO,01/08/2024,09:16:52,25090,25090,850,25091,675,1625,15424475
NIFTY-I.NFO,01/08/2024,09:16:53,25089,25089,650,25090.35,125,1750,15424475
NIFTY-I.NFO,01/08/2024,09:16:55,25088.4,25088.4,1525,25090.05,50,2200,15424475
NIFTY-I.NFO,01/08/2024,09:16:56,25088.45,25088.45,275,25089.45,325,550,15424475
NIFTY-I.NFO,01/08/2024,09:16:57,25088.45,25088.45,100,25091.95,25,1600,15424475
NIFTY-I.NFO,01/08/2024,09:16:59,25090,25088.5,150,25091,25,1100,15424475
NIFTY-I.NFO,01/08/2024,09:17:00,25092,25092,125,25094,675,1100,15424475
NIFTY-I.NFO,01/08/2024,09:17:02,25093.6,25093.35,25,25093.6,175,2075,15424475
NIFTY-I.NFO,01/08/2024,09:17:03,25092,25091,75,25093.75,25,2275,15424475
NIFTY-I.NFO,01/08/2024,09:17:05,25089,25089.2,150,25093.4,25,400,15424475
NIFTY-I.NFO,01/08/2024,09:17:06,25090,25088.9,125,25091,600,1050,15424475
NIFTY-I.NFO,01/08/2024,09:17:07,25091.95,25088.65,100,25091.95,175,925,15424475
NIFTY-I.NFO,01/08/2024,09:17:09,25088.4,25088.4,1325,25092,300,575,15424475
NIFTY-I.NFO,01/08/2024,09:17:10,25089,25088.45,200,25092,275,300,15424475
NIFTY-I.NFO,01/08/2024,09:17:12,25088.5,25088.45,275,25090,25,500,15424475
NIFTY-I.NFO,01/08/2024,09:17:13,25091.95,25088.5,300,25092.7,125,2150,15424475
NIFTY-I.NFO,01/08/2024,09:17:14,25089.1,25091.95,50,25093,100,350,15424475
NIFTY-I.NFO,01/08/2024,09:17:16,25089,25088.45,75,25092,25,1125,15424475
NIFTY-I.NFO,01/08/2024,09:17:17,25088.4,25088.4,525,25091.95,25,625,15424475
NIFTY-I.NFO,01/08/2024,09:17:19,25090,25090,125,25090.2,25,300,15424475
NIFTY-I.NFO,01/08/2024,09:17:20,25090,25089,125,25090,150,575,15424475
NIFTY-I.NFO,01/08/2024,09:17:21,25091.95,25090,200,25092,50,1700,15424475
NIFTY-I.NFO,01/08/2024,09:17:23,25088.45,25088.45,100,25092,25,975,15424475
NIFTY-I.NFO,01/08/2024,09:17:24,25090.5,25090,50,25092,50,1425,15424475
NIFTY-I.NFO,01/08/2024,09:17:26,25090.5,25090,75,25091.95,25,800,15424475
NIFTY-I.NFO,01/08/2024,09:17:27,25091.5,25091.5,125,25092.95,25,675,15424475
NIFTY-I.NFO,01/08/2024,09:17:28,25090.05,25090,25,25092.9,25,650,15424475
NIFTY-I.NFO,01/08/2024,09:17:30,25093.4,25090.05,250,25093.4,100,875,15424475
NIFTY-I.NFO,01/08/2024,09:17:31,25094.4,25092,125,25093,25,650,15424475
NIFTY-I.NFO,01/08/2024,09:17:33,25091.55,25090.85,200,25094.5,25,550,15424475
NIFTY-I.NFO,01/08/2024,09:17:34,25091.5,25090.85,125,25093.2,50,675,15424475
NIFTY-I.NFO,01/08/2024,09:17:35,25093.5,25093.5,125,25094.75,25,450,15424475
NIFTY-I.NFO,01/08/2024,09:17:37,25095,25091.45,200,25095,600,725,15424475
NIFTY-I.NFO,01/08/2024,09:17:38,25091,25090.95,25,25094,25,750,15424475
NIFTY-I.NFO,01/08/2024,09:17:40,25092,25092,25,25093.4,25,1650,15424475
NIFTY-I.NFO,01/08/2024,09:17:41,25093.5,25095,150,25095.1,25,975,15424475
NIFTY-I.NFO,01/08/2024,09:17:43,25093.5,25093.4,100,25095,25,450,15424475
NIFTY-I.NFO,01/08/2024,09:17:44,25095,25091.65,25,25096,175,5550,15424475
NIFTY-I.NFO,01/08/2024,09:17:45,25096.05,25096.05,500,25097,225,475,15424475
NIFTY-I.NFO,01/08/2024,09:17:45,25096.95,25096.05,500,25097,225,0,15424475
NIFTY-I.NFO,01/08/2024,09:17:47,25097.15,25096.5,125,25097.15,50,875,15424475
NIFTY-I.NFO,01/08/2024,09:17:47,25097.15,25096.5,125,25097.15,50,0,15424475
NIFTY-I.NFO,01/08/2024,09:17:48,25097.1,25094.5,25,25097.15,225,425,15424475
NIFTY-I.NFO,01/08/2024,09:17:50,25097.85,25096,100,25097.9,100,350,15424475
NIFTY-I.NFO,01/08/2024,09:17:50,25097.85,25096,100,25097.9,100,0,15424475
NIFTY-I.NFO,01/08/2024,09:17:51,25096.5,25097,100,25097.9,50,550,15424475
NIFTY-I.NFO,01/08/2024,09:17:51,25097.9,25097,100,25097.9,50,0,15424475
NIFTY-I.NFO,01/08/2024,09:17:52,25098,25097.15,650,25098,950,1625,15424475
NIFTY-I.NFO,01/08/2024,09:17:52,25098,25097.15,650,25098,950,0,15424475
NIFTY-I.NFO,01/08/2024,09:17:54,25097.15,25097.9,50,25098,300,1000,15424475
NIFTY-I.NFO,01/08/2024,09:17:55,25097.55,25093.5,200,25097,25,1350,15424475
NIFTY-I.NFO,01/08/2024,09:17:57,25097.45,25095,25,25097.15,25,125,15424475
NIFTY-I.NFO,01/08/2024,09:17:58,25097,25097,50,25097.25,225,200,15424475
NIFTY-I.NFO,01/08/2024,09:17:59,25097,25095.7,25,25097,125,75,15424475
NIFTY-I.NFO,01/08/2024,09:18:01,25097.15,25097,25,25097.15,175,900,15424475
NIFTY-I.NFO,01/08/2024,09:18:02,25097,25097,125,25097.8,50,600,15424475
NIFTY-I.NFO,01/08/2024,09:18:04,25093,25094.5,25,25096.65,200,675,15424475
NIFTY-I.NFO,01/08/2024,09:18:04,25098.4,25094.5,25,25096.65,200,0,15424475
NIFTY-I.NFO,01/08/2024,09:18:05,25096.9,25095,50,25096.95,150,1425,15424475
NIFTY-I.NFO,01/08/2024,09:18:07,25092.95,25093.3,150,25096.5,25,1350,15424475
NIFTY-I.NFO,01/08/2024,09:18:08,25095,25092.75,25,25096.7,50,1450,15424475
NIFTY-I.NFO,01/08/2024,09:18:09,25093.55,25093.65,125,25097,300,225,15424475
NIFTY-I.NFO,01/08/2024,09:18:11,25092.75,25092.45,50,25096.9,25,3625,15424475
NIFTY-I.NFO,01/08/2024,09:18:12,25097,25097.65,100,25098.35,50,500,15424475
NIFTY-I.NFO,01/08/2024,09:18:13,25092.85,25092.8,125,25097,75,825,15424475
NIFTY-I.NFO,01/08/2024,09:18:13,25098.6,25092.8,125,25097,75,0,15424475
NIFTY-I.NFO,01/08/2024,09:18:15,25096.5,25093.3,50,25097,50,450,15424475
NIFTY-I.NFO,01/08/2024,09:18:16,25095,25095,150,25098.25,200,2225,15424475
NIFTY-I.NFO,01/08/2024,09:18:16,25099,25095,150,25098.25,200,0,15424475
NIFTY-I.NFO,01/08/2024,09:18:18,25098,25093.95,125,25097,25,350,15424475
NIFTY-I.NFO,01/08/2024,09:18:19,25095,25093.7,25,25095,425,275,15424475
NIFTY-I.NFO,01/08/2024,09:18:20,25090.65,25090.7,25,25095,425,3575,15424475
NIFTY-I.NFO,01/08/2024,09:18:22,25095,25091.2,25,25095,1225,325,15424475
NIFTY-I.NFO,01/08/2024,09:18:23,25094.95,25091.75,25,25093.65,25,150,15424475
NIFTY-I.NFO,01/08/2024,09:18:24,25095,25092.05,25,25095,825,675,15424475
NIFTY-I.NFO,01/08/2024,09:18:26,25094.7,25092.25,25,25095,500,1500,15424475
NIFTY-I.NFO,01/08/2024,09:18:27,25093.95,25092.4,50,25095,475,275,15424475
NIFTY-I.NFO,01/08/2024,09:18:29,25093.5,25092,50,25094,375,825,15424475
NIFTY-I.NFO,01/08/2024,09:18:30,25094,25093.5,100,25094,325,200,15424475
NIFTY-I.NFO,01/08/2024,09:18:31,25092.9,25092.9,150,25094,75,1250,15424475
NIFTY-I.NFO,01/08/2024,09:18:33,25093.1,25093.1,150,25094.95,75,375,15424475
NIFTY-I.NFO,01/08/2024,09:18:34,25095,25094.55,100,25095,1400,425,15453825
NIFTY-I.NFO,01/08/2024,09:18:36,25094.1,25094.1,200,25094.95,25,1200,15453825
NIFTY-I.NFO,01/08/2024,09:18:37,25094.05,25094.05,100,25095,325,1400,15453825
NIFTY-I.NFO,01/08/2024,09:18:39,25093.15,25092.8,25,25095,275,2200,15453825
NIFTY-I.NFO,01/08/2024,09:18:40,25093.4,25093.4,25,25095,75,350,15453825
NIFTY-I.NFO,01/08/2024,09:18:41,25093.35,25092.35,25,25094,750,1650,15453825
NIFTY-I.NFO,01/08/2024,09:18:43,25092.75,25092.85,25,25094,1200,500,15453825
NIFTY-I.NFO,01/08/2024,09:18:44,25094,25093.45,125,25094,850,400,15453825
NIFTY-I.NFO,01/08/2024,09:18:46,25093.3,25092.2,225,25093.95,25,325,15453825
NIFTY-I.NFO,01/08/2024,09:18:47,25093.55,25093.55,50,25093.7,100,275,15453825
NIFTY-I.NFO,01/08/2024,09:18:49,25092.9,25092.95,175,25093.7,75,175,15453825
NIFTY-I.NFO,01/08/2024,09:18:50,25093.85,25093.85,25,25094,200,2125,15453825
NIFTY-I.NFO,01/08/2024,09:18:51,25094.1,25094.1,200,25094.7,75,1050,15453825
NIFTY-I.NFO,01/08/2024,09:18:53,25093.7,25093.6,25,25094.7,75,175,15453825
NIFTY-I.NFO,01/08/2024,09:18:54,25094.05,25094.05,50,25094.7,75,375,15453825
NIFTY-I.NFO,01/08/2024,09:18:56,25095,25094.95,25,25095,2375,200,15453825
NIFTY-I.NFO,01/08/2024,09:18:57,25094.25,25094.3,25,25095.5,75,2650,15453825
NIFTY-I.NFO,01/08/2024,09:18:58,25096.7,25095.6,25,25096.9,25,825,15453825
NIFTY-I.NFO,01/08/2024,09:19:00,25095,25094.75,25,25097,475,250,15453825
NIFTY-I.NFO,01/08/2024,09:19:01,25094.95,25095.15,25,25097,375,1450,15453825
NIFTY-I.NFO,01/08/2024,09:19:03,25095,25095,25,25097,250,275,15453825
NIFTY-I.NFO,01/08/2024,09:19:04,25095.15,25094,150,25096.95,50,650,15453825
NIFTY-I.NFO,01/08/2024,09:19:06,25094.9,25094.7,100,25096,25,225,15453825
NIFTY-I.NFO,01/08/2024,09:19:07,25094.2,25094.2,100,25096.95,150,2250,15453825
NIFTY-I.NFO,01/08/2024,09:19:09,25094.2,25094.2,100,25096,25,150,15453825
NIFTY-I.NFO,01/08/2024,09:19:10,25096,25095.1,25,25097,275,250,15453825
NIFTY-I.NFO,01/08/2024,09:19:12,25097,25095.65,50,25097,250,225,15453825
NIFTY-I.NFO,01/08/2024,09:19:13,25096.15,25096.3,175,25097,250,375,15453825
NIFTY-I.NFO,01/08/2024,09:19:15,25095.45,25095.4,125,25097,200,425,15453825
NIFTY-I.NFO,01/08/2024,09:19:16,25097,25097.05,125,25098,400,725,15453825
NIFTY-I.NFO,01/08/2024,09:19:18,25098,25097.05,50,25098,375,900,15453825
NIFTY-I.NFO,01/08/2024,09:19:20,25100.55,25100.55,100,25101,3675,21650,15453825
NIFTY-I.NFO,01/08/2024,09:19:20,25101,25100.55,100,25101,3675,0,15453825
NIFTY-I.NFO,01/08/2024,09:19:21,25103.35,25100.6,25,25103.35,175,4425,15453825
NIFTY-I.NFO,01/08/2024,09:19:21,25103.95,25100.6,25,25103.35,175,0,15453825
NIFTY-I.NFO,01/08/2024,09:19:23,25100,25100,300,25103.75,100,1175,15453825
NIFTY-I.NFO,01/08/2024,09:19:23,25104,25100,300,25103.75,100,0,15453825
NIFTY-I.NFO,01/08/2024,09:19:25,25102.5,25101.1,50,25102.5,225,475,15453825
NIFTY-I.NFO,01/08/2024,09:19:26,25100.7,25100.7,25,25104.95,150,925,15453825
NIFTY-I.NFO,01/08/2024,09:19:26,25105,25100.7,25,25104.95,150,0,15453825
NIFTY-I.NFO,01/08/2024,09:19:28,25105,25101.55,50,25105,2100,1625,15453825
NIFTY-I.NFO,01/08/2024,09:19:30,25103,25100.7,25,25104.25,100,900,15453825
NIFTY-I.NFO,01/08/2024,09:19:31,25104.65,25100.7,450,25104.7,100,750,15453825
NIFTY-I.NFO,01/08/2024,09:19:33,25100.05,25100.3,50,25105,725,2800,15453825
NIFTY-I.NFO,01/08/2024,09:19:35,25105,25100.75,75,25105,825,1050,15453825
NIFTY-I.NFO,01/08/2024,09:19:36,25102.4,25102.5,325,25104.95,100,600,15453825
NIFTY-I.NFO,01/08/2024,09:19:38,25101.6,25101.3,25,25104.95,50,800,15453825
NIFTY-I.NFO,01/08/2024,09:19:40,25102.05,25102.05,150,25105,425,1300,15453825
NIFTY-I.NFO,01/08/2024,09:19:41,25101.45,25101.5,25,25104,175,800,15453825
NIFTY-I.NFO,01/08/2024,09:19:43,25105.95,25101.9,250,25105,125,750,15453825
NIFTY-I.NFO,01/08/2024,09:19:43,25105.95,25101.9,250,25105,125,0,15453825
NIFTY-I.NFO,01/08/2024,09:19:45,25102,25101.95,250,25104.95,100,450,15453825
NIFTY-I.NFO,01/08/2024,09:19:46,25102.1,25102.15,250,25104.95,50,575,15453825
NIFTY-I.NFO,01/08/2024,09:19:48,25102.35,25102.3,25,25104,200,250,15453825
NIFTY-I.NFO,01/08/2024,09:19:50,25102.75,25102.75,250,25104.95,100,525,15453825
NIFTY-I.NFO,01/08/2024,09:19:51,25106,25103.4,75,25106.95,100,1400,15453825
NIFTY-I.NFO,01/08/2024,09:19:51,25106,25103.4,75,25106.95,100,0,15453825
NIFTY-I.NFO,01/08/2024,09:19:53,25106.95,25104,225,25106.95,75,400,15453825
NIFTY-I.NFO,01/08/2024,09:19:53,25106.95,25104,225,25106.95,75,0,15453825
NIFTY-I.NFO,01/08/2024,09:19:55,25106.95,25104.05,250,25106.95,175,1600,15453825
NIFTY-I.NFO,01/08/2024,09:19:56,25105,25105,400,25107.9,150,625,15453825
NIFTY-I.NFO,01/08/2024,09:19:56,25107,25105,400,25107.9,150,0,15453825
NIFTY-I.NFO,01/08/2024,09:19:58,25107,25105,350,25108,250,800,15453825
NIFTY-I.NFO,01/08/2024,09:19:58,25108,25105,350,25108,250,0,15453825
NIFTY-I.NFO,01/08/2024,09:20:00,25105.4,25103.45,50,25107,125,975,15453825
NIFTY-I.NFO,01/08/2024,09:20:00,25108.25,25103.45,50,25107,125,0,15453825
NIFTY-I.NFO,01/08/2024,09:20:01,25103.2,25102.95,50,25106.95,25,33150,15453825
NIFTY-I.NFO,01/08/2024,09:20:01,25108.4,25102.95,50,25106.95,25,0,15453825
NIFTY-I.NFO,01/08/2024,09:20:03,25104.55,25104.55,250,25107.95,200,1575,15453825
NIFTY-I.NFO,01/08/2024,09:20:05,25105,25105,175,25107.95,125,525,15453825
NIFTY-I.NFO,01/08/2024,09:20:06,25103.25,25103.25,250,25105,150,4075,15453825
NIFTY-I.NFO,01/08/2024,09:20:08,25105.3,25105.3,100,25105.35,275,1200,15453825
NIFTY-I.NFO,01/08/2024,09:20:10,25105.25,25105.2,50,25108,225,800,15453825
NIFTY-I.NFO,01/08/2024,09:20:11,25105.6,25105.6,75,25108,250,550,15453825
NIFTY-I.NFO,01/08/2024,09:20:13,25107.55,25105.85,175,25107.95,150,600,15453825
NIFTY-I.NFO,01/08/2024,09:20:15,25105.6,25105.35,300,25105.85,225,600,15453825
NIFTY-I.NFO,01/08/2024,09:20:16,25105.6,25105,700,25105.6,125,600,15453825
NIFTY-I.NFO,01/08/2024,09:20:18,25106.9,25105,925,25107.9,25,350,15453825
NIFTY-I.NFO,01/08/2024,09:20:19,25105,25104,25,25107,750,3275,15453825
NIFTY-I.NFO,01/08/2024,09:20:19,25110,25104,25,25107,750,0,15453825
NIFTY-I.NFO,01/08/2024,09:20:21,25105,25105.6,25,25107,525,325,15453825
NIFTY-I.NFO,01/08/2024,09:20:23,25107,25106.05,300,25107,150,575,15453825
NIFTY-I.NFO,01/08/2024,09:20:24,25105,25104.5,25,25108.05,400,2775,15453825
NIFTY-I.NFO,01/08/2024,09:20:26,25107.9,25105.15,25,25107.9,125,375,15453825
NIFTY-I.NFO,01/08/2024,09:20:27,25105.15,25103.25,125,25105,75,125,15453825
NIFTY-I.NFO,01/08/2024,09:20:29,25103.25,25103.25,50,25105.75,125,150,15453825
NIFTY-I.NFO,01/08/2024,09:20:31,25101.35,25101.1,25,25103.9,175,675,15453825
NIFTY-I.NFO,01/08/2024,09:20:32,25105.5,25102.35,100,25105.5,75,725,15453825
NIFTY-I.NFO,01/08/2024,09:20:34,25102.7,25102.7,100,25103.9,1200,475,15453825
NIFTY-I.NFO,01/08/2024,09:20:35,25105,25102.2,225,25105,700,3350,15453825
NIFTY-I.NFO,01/08/2024,09:20:37,25103.9,25103.3,175,25103.9,625,1300,15453825
NIFTY-I.NFO,01/08/2024,09:20:39,25105.75,25102.7,25,25105.8,225,1525,15453825
NIFTY-I.NFO,01/08/2024,09:20:40,25104.7,25102.75,125,25104.65,25,625,15453825
NIFTY-I.NFO,01/08/2024,09:20:42,25102.25,25102.05,125,25102.7,50,700,15453825
NIFTY-I.NFO,01/08/2024,09:20:44,25102.4,25102.05,25,25103.25,525,300,15453825
NIFTY-I.NFO,01/08/2024,09:20:45,25103,25102.75,225,25103.25,400,300,15453825
NIFTY-I.NFO,01/08/2024,09:20:47,25103.85,25103.3,100,25105,300,825,15453825
NIFTY-I.NFO,01/08/2024,09:20:49,25105,25103.35,25,25105,100,475,15453825
NIFTY-I.NFO,01/08/2024,09:20:50,25103.5,25103.5,50,25105,50,150,15453825
NIFTY-I.NFO,01/08/2024,09:20:52,25102.8,25102.6,250,25103.5,25,3350,15453825
NIFTY-I.NFO,01/08/2024,09:20:53,25105,25105,25,25106.7,125,2175,15453825
NIFTY-I.NFO,01/08/2024,09:20:55,25102,25102,375,25103.3,25,625,15453825
NIFTY-I.NFO,01/08/2024,09:20:57,25102.1,25102.8,25,25103.3,25,75,15453825
NIFTY-I.NFO,01/08/2024,09:20:58,25102,25102,1000,25103.5,50,800,15453825
NIFTY-I.NFO,01/08/2024,09:21:00,25102,25102,950,25105,1600,225,15453825
NIFTY-I.NFO,01/08/2024,09:21:01,25102,25102,825,25103.3,250,2650,15453825
NIFTY-I.NFO,01/08/2024,09:21:03,25103.3,25102.1,225,25103.3,75,325,15453825
NIFTY-I.NFO,01/08/2024,09:21:05,25102.05,25102,750,25102.1,100,550,15453825
NIFTY-I.NFO,01/08/2024,09:21:06,25104.7,25102.8,225,25104.95,25,475,15453825
NIFTY-I.NFO,01/08/2024,09:21:08,25103.45,25103.45,200,25105.15,25,1150,15453825
NIFTY-I.NFO,01/08/2024,09:21:10,25105.1,25103.25,150,25103.6,25,5650,15453825
NIFTY-I.NFO,01/08/2024,09:21:11,25103.3,25103.45,100,25105,100,325,15453825
NIFTY-I.NFO,01/08/2024,09:21:13,25109.1,25104.95,150,25108.4,25,675,15453825
NIFTY-I.NFO,01/08/2024,09:21:15,25104.5,25104.7,150,25108.05,50,1575,15453825
NIFTY-I.NFO,01/08/2024,09:21:16,25105,25104.7,200,25108,25,175,15453825
NIFTY-I.NFO,01/08/2024,09:21:18,25108.1,25106.05,125,25108.95,50,175,15453825
NIFTY-I.NFO,01/08/2024,09:21:19,25105.75,25105.75,325,25109.1,25,650,15453825
NIFTY-I.NFO,01/08/2024,09:21:21,25107.65,25107.55,125,25108.1,25,125,15453825
NIFTY-I.NFO,01/08/2024,09:21:23,25107.1,25107.05,75,25109.85,25,500,15453825
NIFTY-I.NFO,01/08/2024,09:21:24,25107.65,25107.75,125,25109.95,25,875,15453825
NIFTY-I.NFO,01/08/2024,09:21:26,25109.95,25108.75,125,25110,6025,1225,15453825
NIFTY-I.NFO,01/08/2024,09:21:28,25110.95,25110.05,150,25111,2525,6675,15453825
NIFTY-I.NFO,01/08/2024,09:21:28,25111,25110.05,150,25111,2525,0,15453825
NIFTY-I.NFO,01/08/2024,09:21:29,25112.75,25112.1,450,25112.8,100,3275,15453825
NIFTY-I.NFO,01/08/2024,09:21:29,25112.8,25112.1,450,25112.8,100,0,15453825
NIFTY-I.NFO,01/08/2024,09:21:31,25112.1,25112,350,25115,2475,1300,15453825
NIFTY-I.NFO,01/08/2024,09:21:31,25115,25112,350,25115,2475,0,15453825
NIFTY-I.NFO,01/08/2024,09:21:32,25114.55,25114.5,150,25116,300,3200,15453825
NIFTY-I.NFO,01/08/2024,09:21:34,25118,25115,25,25117.95,150,1075,15453825
NIFTY-I.NFO,01/08/2024,09:21:34,25118,25115,25,25117.95,150,0,15453825
NIFTY-I.NFO,01/08/2024,09:21:36,25114.4,25114.35,100,25118.15,25,1775,15484900
NIFTY-I.NFO,01/08/2024,09:21:36,25119,25114.35,100,25118.15,25,0,15484900
NIFTY-I.NFO,01/08/2024,09:21:37,25116.9,25115.35,250,25116.95,25,400,15484900
NIFTY-I.NFO,01/08/2024,09:21:39,25119,25118.15,100,25119,525,700,15484900
NIFTY-I.NFO,01/08/2024,09:21:41,25119,25117.4,150,25118,25,1100,15484900
NIFTY-I.NFO,01/08/2024,09:21:42,25117.45,25115.8,125,25119.4,100,500,15484900
NIFTY-I.NFO,01/08/2024,09:21:42,25119.3,25115.8,125,25119.4,100,0,15484900
NIFTY-I.NFO,01/08/2024,09:21:44,25118.95,25117.25,125,25118.95,25,200,15484900
NIFTY-I.NFO,01/08/2024,09:21:44,25119.9,25117.25,125,25118.95,25,0,15484900
NIFTY-I.NFO,01/08/2024,09:21:45,25119.95,25117.2,225,25119.95,50,1125,15484900
NIFTY-I.NFO,01/08/2024,09:21:45,25120,25117.2,225,25119.95,50,0,15484900
NIFTY-I.NFO,01/08/2024,09:21:47,25120,25118.25,250,25120,2075,825,15484900
NIFTY-I.NFO,01/08/2024,09:21:48,25120.15,25120.15,250,25120.65,25,2650,15484900
NIFTY-I.NFO,01/08/2024,09:21:48,25120.2,25120.15,250,25120.65,25,0,15484900
NIFTY-I.NFO,01/08/2024,09:21:50,25120.9,25120.9,25,25121.5,25,1375,15484900
NIFTY-I.NFO,01/08/2024,09:21:50,25121.65,25120.9,25,25121.5,25,0,15484900
NIFTY-I.NFO,01/08/2024,09:21:52,25120.15,25119.55,200,25123.5,25,2675,15484900
NIFTY-I.NFO,01/08/2024,09:21:52,25124,25119.55,200,25123.5,25,0,15484900
NIFTY-I.NFO,01/08/2024,09:21:53,25123.5,25120,325,25123.5,25,2175,15484900
NIFTY-I.NFO,01/08/2024,09:21:55,25119.75,25119.85,225,25120.85,25,975,15484900
NIFTY-I.NFO,01/08/2024,09:21:55,25124.8,25119.85,225,25120.85,25,0,15484900
NIFTY-I.NFO,01/08/2024,09:21:56,25123.75,25120.9,25,25123.75,200,2950,15484900
NIFTY-I.NFO,01/08/2024,09:21:58,25121,25121,200,25122,25,400,15484900
NIFTY-I.NFO,01/08/2024,09:22:00,25120.5,25121.15,25,25123.7,125,1425,15484900
NIFTY-I.NFO,01/08/2024,09:22:01,25125,25123.25,250,25125,4050,2125,15484900
NIFTY-I.NFO,01/08/2024,09:22:01,25125,25123.25,250,25125,4050,0,15484900
NIFTY-I.NFO,01/08/2024,09:22:03,25125.5,25125,25,25125.55,25,4800,15484900
NIFTY-I.NFO,01/08/2024,09:22:03,25125.5,25125,25,25125.55,25,0,15484900
NIFTY-I.NFO,01/08/2024,09:22:05,25130,25126.75,50,25128,25,2550,15484900
NIFTY-I.NFO,01/08/2024,09:22:05,25130,25126.75,50,25128,25,0,15484900
NIFTY-I.NFO,01/08/2024,09:22:06,25128.05,25126.9,150,25128.05,25,1950,15484900
NIFTY-I.NFO,01/08/2024,09:22:08,25129.95,25126.25,125,25130.4,25,3175,15484900
NIFTY-I.NFO,01/08/2024,09:22:08,25132.85,25126.25,125,25130.4,25,0,15484900
NIFTY-I.NFO,01/08/2024,09:22:09,25130,25127.3,250,25130,50,1275,15484900
NIFTY-I.NFO,01/08/2024,09:22:11,25129.45,25125.45,75,25129.5,125,925,15484900
NIFTY-I.NFO,01/08/2024,09:22:13,25132.4,25126.5,50,25130.6,25,2925,15484900
NIFTY-I.NFO,01/08/2024,09:22:14,25125,25125,1100,25129.4,200,2250,15484900
NIFTY-I.NFO,01/08/2024,09:22:16,25129,25125.1,25,25129.4,25,1800,15484900
NIFTY-I.NFO,01/08/2024,09:22:18,25127.85,25125,825,25127.85,50,600,15484900
NIFTY-I.NFO,01/08/2024,09:22:19,25125.4,25122,300,25125.4,50,3825,15484900
NIFTY-I.NFO,01/08/2024,09:22:21,25125,25121.35,75,25125.1,50,1050,15484900
NIFTY-I.NFO,01/08/2024,09:22:23,25125.25,25122.75,25,25125.25,50,1550,15484900
NIFTY-I.NFO,01/08/2024,09:22:24,25125,25124.05,125,25125,25,450,15484900
NIFTY-I.NFO,01/08/2024,09:22:26,25124.9,25124.95,25,25125.25,25,875,15484900
NIFTY-I.NFO,01/08/2024,09:22:28,25125.25,25124.75,350,25125.25,50,525,15484900
NIFTY-I.NFO,01/08/2024,09:22:29,25127.15,25124.75,25,25127.2,100,400,15484900
NIFTY-I.NFO,01/08/2024,09:22:31,25127.7,25125.3,25,25127.7,50,1125,15484900
NIFTY-I.NFO,01/08/2024,09:22:33,25127.85,25125.3,25,25127.85,1225,300,15484900
NIFTY-I.NFO,01/08/2024,09:22:34,25125.25,25125,25,25127,75,600,15484900
NIFTY-I.NFO,01/08/2024,09:22:36,25127.15,25126.55,25,25127.15,50,300,15484900
NIFTY-I.NFO,01/08/2024,09:22:38,25126.8,25125.25,125,25127.55,25,550,15484900
NIFTY-I.NFO,01/08/2024,09:22:39,25125.3,25125.25,50,25126.95,75,975,15484900
NIFTY-I.NFO,01/08/2024,09:22:41,25125.25,25125.25,150,25127.8,100,725,15484900
NIFTY-I.NFO,01/08/2024,09:22:43,25126.5,25126.5,175,25126.75,50,1775,15484900
NIFTY-I.NFO,01/08/2024,09:22:44,25127.1,25126.4,100,25127.1,25,1575,15484900
NIFTY-I.NFO,01/08/2024,09:22:46,25126.45,25125.9,50,25126.45,75,250,15484900
NIFTY-I.NFO,01/08/2024,09:22:47,25126.45,25125.9,100,25126.45,25,600,15484900
NIFTY-I.NFO,01/08/2024,09:22:49,25125.45,25126.9,250,25127.75,100,1700,15484900
NIFTY-I.NFO,01/08/2024,09:22:51,25125.9,25125.9,50,25126.4,25,2425,15484900
NIFTY-I.NFO,01/08/2024,09:22:52,25126.3,25125.7,300,25126.3,100,300,15484900
NIFTY-I.NFO,01/08/2024,09:22:54,25125.95,25125.4,100,25125.95,75,625,15484900
NIFTY-I.NFO,01/08/2024,09:22:56,25125.4,25125.4,75,25125.95,100,250,15484900
NIFTY-I.NFO,01/08/2024,09:22:57,25125.95,25125.95,75,25126,75,1950,15484900
NIFTY-I.NFO,01/08/2024,09:22:59,25126.45,25126.4,225,25126.85,100,1125,15484900
NIFTY-I.NFO,01/08/2024,09:23:01,25125.4,25125.9,75,25126.5,75,525,15484900
NIFTY-I.NFO,01/08/2024,09:23:03,25126.85,25126.85,575,25126.9,75,1475,15484900
NIFTY-I.NFO,01/08/2024,09:23:04,25125.95,25125,275,25126.9,25,750,15484900
NIFTY-I.NFO,01/08/2024,09:23:06,25125.9,25125,275,25125.9,100,675,15484900
NIFTY-I.NFO,01/08/2024,09:23:08,25124.8,25124,25,25124.95,50,1550,15484900
NIFTY-I.NFO,01/08/2024,09:23:09,25125,25124.2,75,25126.8,100,1250,15484900
NIFTY-I.NFO,01/08/2024,09:23:11,25126,25126,100,25126.8,75,100,15484900
NIFTY-I.NFO,01/08/2024,09:23:12,25125.9,25125,75,25125.95,50,175,15484900
NIFTY-I.NFO,01/08/2024,09:23:14,25125.95,25124.65,25,25125.95,50,425,15484900
NIFTY-I.NFO,01/08/2024,09:23:16,25126,25126,100,25126.35,50,525,15484900
NIFTY-I.NFO,01/08/2024,09:23:17,25125,25124.2,1200,25124.95,25,250,15484900
NIFTY-I.NFO,01/08/2024,09:23:19,25124.45,25124.2,325,25124.45,25,1450,15484900
NIFTY-I.NFO,01/08/2024,09:23:20,25124.05,25123.45,25,25124.05,100,950,15484900
NIFTY-I.NFO,01/08/2024,09:23:22,25123.2,25123,600,25123.15,50,2500,15484900
NIFTY-I.NFO,01/08/2024,09:23:24,25123.1,25123.1,150,25123.15,25,625,15484900
NIFTY-I.NFO,01/08/2024,09:23:25,25122,25122,225,25122.95,50,1400,15484900
NIFTY-I.NFO,01/08/2024,09:23:27,25118,25118,150,25119.95,50,4675,15484900
NIFTY-I.NFO,01/08/2024,09:23:29,25119,25119,225,25119.95,100,1150,15484900
NIFTY-I.NFO,01/08/2024,09:23:30,25119.95,25119.4,425,25119.95,50,3275,15484900
NIFTY-I.NFO,01/08/2024,09:23:32,25121.85,25120.9,150,25121.95,100,1175,15484900
NIFTY-I.NFO,01/08/2024,09:23:33,25119.95,25121.4,250,25121.85,50,750,15484900
NIFTY-I.NFO,01/08/2024,09:23:35,25122.15,25121.9,25,25122.15,75,700,15484900
NIFTY-I.NFO,01/08/2024,09:23:37,25122.2,25121.4,250,25122.2,125,500,15484900
NIFTY-I.NFO,01/08/2024,09:23:38,25120.4,25120.4,350,25122.15,100,875,15484900
NIFTY-I.NFO,01/08/2024,09:23:40,25120.85,25120.85,125,25121.8,50,575,15484900
NIFTY-I.NFO,01/08/2024,09:23:41,25120,25120,100,25121.4,100,2500,15484900
NIFTY-I.NFO,01/08/2024,09:23:43,25119.35,25119.35,125,25120.8,100,600,15484900
NIFTY-I.NFO,01/08/2024,09:23:45,25119.35,25119.35,150,25119.95,25,1400,15484900
NIFTY-I.NFO,01/08/2024,09:23:46,25119.95,25119.35,150,25119.95,50,150,15484900
NIFTY-I.NFO,01/08/2024,09:23:48,25120,25119.25,125,25119.9,100,1350,15484900
NIFTY-I.NFO,01/08/2024,09:23:49,25118.9,25119.4,375,25119.95,100,450,15484900
NIFTY-I.NFO,01/08/2024,09:23:51,25119.45,25119.45,75,25119.85,100,1200,15484900
NIFTY-I.NFO,01/08/2024,09:23:52,25119,25119,75,25119.85,100,775,15484900
NIFTY-I.NFO,01/08/2024,09:23:54,25119.9,25119.25,125,25119.9,25,450,15484900
NIFTY-I.NFO,01/08/2024,09:23:56,25118.75,25118.75,100,25119.2,75,1150,15484900
NIFTY-I.NFO,01/08/2024,09:23:57,25119.25,25119,225,25119.3,150,450,15484900
NIFTY-I.NFO,01/08/2024,09:23:59,25118.75,25118.7,25,25118.85,75,1775,15484900
NIFTY-I.NFO,01/08/2024,09:24:00,25120.25,25120.25,225,25120.8,25,1850,15484900
NIFTY-I.NFO,01/08/2024,09:24:02,25121,25121.05,225,25121.35,100,450,15484900
NIFTY-I.NFO,01/08/2024,09:24:04,25120.95,25120.75,125,25120.95,25,675,15484900
NIFTY-I.NFO,01/08/2024,09:24:05,25122.15,25118.1,225,25121.95,50,1075,15484900
NIFTY-I.NFO,01/08/2024,09:24:07,25121.8,25118,50,25121.65,100,150,15484900
NIFTY-I.NFO,01/08/2024,09:24:08,25118.75,25118.8,25,25118.95,100,325,15484900
NIFTY-I.NFO,01/08/2024,09:24:10,25119.3,25119.45,225,25119.95,100,1275,15484900
NIFTY-I.NFO,01/08/2024,09:24:12,25119.95,25119.9,225,25120,175,2700,15484900
NIFTY-I.NFO,01/08/2024,09:24:13,25119.75,25119.75,200,25121.7,100,2450,15484900
NIFTY-I.NFO,01/08/2024,09:24:15,25120.25,25120.15,375,25121.7,25,300,15484900
NIFTY-I.NFO,01/08/2024,09:24:17,25121.6,25120.25,300,25121.6,25,350,15484900
NIFTY-I.NFO,01/08/2024,09:24:18,25120.25,25120.25,250,25121.7,25,575,15484900
NIFTY-I.NFO,01/08/2024,09:24:20,25119.9,25119.85,25,25119.95,25,300,15484900
NIFTY-I.NFO,01/08/2024,09:24:22,25119.85,25119.85,50,25121.5,100,500,15484900
NIFTY-I.NFO,01/08/2024,09:24:23,25119.45,25119.3,250,25119.8,50,500,15484900
NIFTY-I.NFO,01/08/2024,09:24:25,25119.8,25119,250,25119.8,75,250,15484900
NIFTY-I.NFO,01/08/2024,09:24:27,25119.6,25118.95,150,25119.6,25,800,15484900
NIFTY-I.NFO,01/08/2024,09:24:28,25120.25,25119.75,150,25120.1,100,925,15484900
NIFTY-I.NFO,01/08/2024,09:24:30,25119.95,25119.5,125,25119.75,75,550,15484900
NIFTY-I.NFO,01/08/2024,09:24:32,25119.4,25119.4,150,25122.25,100,2050,15484900
NIFTY-I.NFO,01/08/2024,09:24:33,25119.1,25119.05,225,25119.8,75,250,15484900
NIFTY-I.NFO,01/08/2024,09:24:35,25117.7,25117.7,125,25118.6,50,900,15484900
NIFTY-I.NFO,01/08/2024,09:24:37,25119.8,25119.4,450,25119.8,125,675,15500375
NIFTY-I.NFO,01/08/2024,09:24:38,25117.65,25117.65,375,25119.75,100,2650,15500375
NIFTY-I.NFO,01/08/2024,09:24:40,25117.7,25117,525,25118.85,100,325,15500375
NIFTY-I.NFO,01/08/2024,09:24:41,25116.55,25116.4,150,25116.95,100,600,15500375
NIFTY-I.NFO,01/08/2024,09:24:43,25115.15,25115.15,375,25116.95,75,675,15500375
NIFTY-I.NFO,01/08/2024,09:24:45,25115,25115,1150,25115.9,50,625,15500375
NIFTY-I.NFO,01/08/2024,09:24:46,25116.05,25113.45,25,25116.05,50,1825,15500375
NIFTY-I.NFO,01/08/2024,09:24:48,25112,25112,250,25113.85,100,675,15500375
NIFTY-I.NFO,01/08/2024,09:24:50,25112.65,25112.65,275,25113.95,50,225,15500375
NIFTY-I.NFO,01/08/2024,09:24:51,25112.65,25112.65,200,25113.75,100,1125,15500375
NIFTY-I.NFO,01/08/2024,09:24:53,25115,25113.65,200,25114.95,100,2075,15500375
NIFTY-I.NFO,01/08/2024,09:24:55,25113.65,25113.65,225,25114.95,75,550,15500375
NIFTY-I.NFO,01/08/2024,09:24:56,25113.65,25113.25,150,25114.85,75,250,15500375
NIFTY-I.NFO,01/08/2024,09:24:58,25112.65,25112.55,325,25114.85,50,250,15500375
NIFTY-I.NFO,01/08/2024,09:25:00,25114.85,25112.55,325,25114.85,50,225,15500375
NIFTY-I.NFO,01/08/2024,09:25:01,25113.5,25112.75,175,25113.5,75,2050,15500375
NIFTY-I.NFO,01/08/2024,09:25:03,25113.2,25113.2,275,25113.4,50,575,15500375
NIFTY-I.NFO,01/08/2024,09:25:05,25116.25,25112,225,25115,250,1850,15500375
NIFTY-I.NFO,01/08/2024,09:25:06,25113.5,25113.55,25,25114.85,25,5150,15500375
NIFTY-I.NFO,01/08/2024,09:25:08,25114.7,25114.35,50,25116.05,100,400,15500375
NIFTY-I.NFO,01/08/2024,09:25:09,25115.7,25115.7,200,25116.2,100,400,15500375
NIFTY-I.NFO,01/08/2024,09:25:11,25116.25,25115.6,50,25116.3,100,450,15500375
NIFTY-I.NFO,01/08/2024,09:25:13,25116.75,25114.7,100,25116.4,100,450,15500375
NIFTY-I.NFO,01/08/2024,09:25:15,25115.05,25115.3,75,25116.85,100,275,15500375
NIFTY-I.NFO,01/08/2024,09:25:16,25115.5,25115.5,25,25116.4,100,100,15500375
NIFTY-I.NFO,01/08/2024,09:25:18,25116.1,25114.7,325,25116.1,25,425,15500375
NIFTY-I.NFO,01/08/2024,09:25:20,25115.65,25115.8,250,25116.4,100,825,15500375
NIFTY-I.NFO,01/08/2024,09:25:21,25115.7,25115.9,25,25116.45,100,675,15500375
NIFTY-I.NFO,01/08/2024,09:25:23,25116.7,25115,75,25116.7,200,300,15500375
NIFTY-I.NFO,01/08/2024,09:25:25,25113.5,25113.5,125,25115,50,1925,15500375
NIFTY-I.NFO,01/08/2024,09:25:26,25115.35,25115.3,125,25116.05,100,725,15500375
NIFTY-I.NFO,01/08/2024,09:25:28,25115.85,25115.6,250,25115.9,25,250,15500375
NIFTY-I.NFO,01/08/2024,09:25:30,25115.4,25115.45,25,25115.95,100,1050,15500375
NIFTY-I.NFO,01/08/2024,09:25:31,25115.15,25115,225,25116.05,100,300,15500375
NIFTY-I.NFO,01/08/2024,09:25:33,25115.4,25114.05,25,25115.45,75,550,15500375
NIFTY-I.NFO,01/08/2024,09:25:35,25115.4,25113.2,25,25115.3,75,475,15500375
NIFTY-I.NFO,01/08/2024,09:25:36,25115.25,25115.15,250,25115.3,100,400,15500375
NIFTY-I.NFO,01/08/2024,09:25:38,25114.95,25114.15,250,25114.95,100,250,15500375
NIFTY-I.NFO,01/08/2024,09:25:40,25114.2,25114.15,250,25114.6,75,375,15500375
NIFTY-I.NFO,01/08/2024,09:25:41,25113,25113,175,25113.85,50,875,15500375
NIFTY-I.NFO,01/08/2024,09:25:43,25114.1,25114.15,150,25114.9,125,1800,15500375
NIFTY-I.NFO,01/08/2024,09:25:45,25113.3,25113.2,250,25114.55,100,800,15500375
NIFTY-I.NFO,01/08/2024,09:25:46,25113,25113,50,25113.85,75,300,15500375
NIFTY-I.NFO,01/08/2024,09:25:48,25112.85,25112.75,50,25113.75,50,225,15500375
NIFTY-I.NFO,01/08/2024,09:25:50,25113,25112.4,75,25114.45,100,1175,15500375
NIFTY-I.NFO,01/08/2024,09:25:51,25112,25112,300,25113.15,25,425,15500375
NIFTY-I.NFO,01/08/2024,09:25:53,25112.4,25112.4,150,25113,100,5350,15500375
NIFTY-I.NFO,01/08/2024,09:25:55,25112.85,25112.85,150,25112.9,100,1100,15500375
NIFTY-I.NFO,01/08/2024,09:25:56,25112.25,25112.25,250,25112.3,50,4225,15500375
NIFTY-I.NFO,01/08/2024,09:25:58,25112.75,25112.45,375,25112.7,100,3450,15500375
NIFTY-I.NFO,01/08/2024,09:26:00,25114.4,25114.4,125,25114.75,100,4050,15500375
NIFTY-I.NFO,01/08/2024,09:26:01,25115,25114.7,100,25114.85,100,450,15500375
NIFTY-I.NFO,01/08/2024,09:26:03,25112.75,25112.65,50,25114.65,75,225,15500375
NIFTY-I.NFO,01/08/2024,09:26:05,25114.65,25113.55,25,25114.65,100,150,15500375
NIFTY-I.NFO,01/08/2024,09:26:06,25114.2,25111.3,100,25114.2,75,525,15500375
NIFTY-I.NFO,01/08/2024,09:26:08,25114.1,25112.05,25,25114.15,25,650,15500375
NIFTY-I.NFO,01/08/2024,09:26:10,25112.05,25111.25,250,25113.95,100,550,15500375
NIFTY-I.NFO,01/08/2024,09:26:11,25111,25111,850,25112,75,700,15500375
NIFTY-I.NFO,01/08/2024,09:26:13,25112,25112,300,25114.05,100,750,15500375
NIFTY-I.NFO,01/08/2024,09:26:15,25112,25112,150,25113.95,100,175,15500375
NIFTY-I.NFO,01/08/2024,09:26:16,25111,25110.4,975,25111,650,1200,15500375
NIFTY-I.NFO,01/08/2024,09:26:18,25110.35,25110.6,25,25110.95,100,25,15500375
NIFTY-I.NFO,01/08/2024,09:26:19,25110.05,25110,625,25110.7,25,450,15500375
NIFTY-I.NFO,01/08/2024,09:26:21,25109.3,25109.65,250,25110.8,100,1075,15500375
NIFTY-I.NFO,01/08/2024,09:26:23,25109.35,25109.35,1250,25110.8,100,8175,15500375
NIFTY-I.NFO,01/08/2024,09:26:24,25111,25110.95,150,25111.05,125,1425,15500375
NIFTY-I.NFO,01/08/2024,09:26:26,25111.15,25110.8,750,25113.6,25,1775,15500375
NIFTY-I.NFO,01/08/2024,09:26:28,25114,25111.6,750,25114.6,100,1750,15500375
NIFTY-I.NFO,01/08/2024,09:26:29,25113.75,25111.55,950,25113.75,75,775,15500375
NIFTY-I.NFO,01/08/2024,09:26:31,25114.9,25111.35,800,25114.85,25,1600,15500375
NIFTY-I.NFO,01/08/2024,09:26:33,25111.6,25112.1,625,25113.85,100,500,15500375
NIFTY-I.NFO,01/08/2024,09:26:34,25112.35,25112.1,725,25113.25,100,500,15500375
NIFTY-I.NFO,01/08/2024,09:26:36,25114.05,25114.25,750,25114.5,100,600,15500375
NIFTY-I.NFO,01/08/2024,09:26:38,25114.7,25113.95,50,25114.9,100,2125,15500375
NIFTY-I.NFO,01/08/2024,09:26:39,25115,25114,25,25114.95,100,825,15500375
NIFTY-I.NFO,01/08/2024,09:26:41,25113.6,25112.05,275,25113.9,100,2125,15500375
NIFTY-I.NFO,01/08/2024,09:26:43,25114.9,25113.25,125,25114.85,100,575,15500375
NIFTY-I.NFO,01/08/2024,09:26:44,25114.85,25113.55,275,25114.85,50,1125,15500375
NIFTY-I.NFO,01/08/2024,09:26:46,25114.05,25113.6,25,25113.9,100,1175,15500375
NIFTY-I.NFO,01/08/2024,09:26:48,25112.8,25112.8,125,25114.85,100,600,15500375
NIFTY-I.NFO,01/08/2024,09:26:49,25113.3,25113.3,125,25114.75,100,1625,15500375
NIFTY-I.NFO,01/08/2024,09:26:51,25114.55,25113.65,275,25114.55,25,325,15500375
NIFTY-I.NFO,01/08/2024,09:26:53,25113.9,25113.85,1575,25113.95,100,450,15500375
NIFTY-I.NFO,01/08/2024,09:26:54,25112.05,25112,25,25112.75,75,1975,15500375
NIFTY-I.NFO,01/08/2024,09:26:56,25111.55,25111.55,125,25113.75,25,550,15500375
NIFTY-I.NFO,01/08/2024,09:26:58,25111.55,25111.55,75,25113.2,50,75,15500375
NIFTY-I.NFO,01/08/2024,09:26:59,25110.55,25108.65,100,25110.55,75,1275,15500375
NIFTY-I.NFO,01/08/2024,09:27:01,25108,25107.7,275,25109.85,50,500,15500375
NIFTY-I.NFO,01/08/2024,09:27:03,25109.75,25108.05,225,25109.75,25,175,15500375
NIFTY-I.NFO,01/08/2024,09:27:04,25111.55,25108.05,150,25110.9,50,900,15500375
NIFTY-I.NFO,01/08/2024,09:27:06,25107.65,25106.05,100,25107.65,125,350,15500375
NIFTY-I.NFO,01/08/2024,09:27:08,25106.05,25103.1,300,25105.6,100,975,15500375
NIFTY-I.NFO,01/08/2024,09:27:09,25102.75,25102.45,25,25105.55,75,875,15500375
NIFTY-I.NFO,01/08/2024,09:27:11,25106.95,25103.65,225,25107,2425,925,15500375
NIFTY-I.NFO,01/08/2024,09:27:13,25105,25105,1175,25106,75,350,15500375
NIFTY-I.NFO,01/08/2024,09:27:14,25105.15,25106.35,150,25107.95,100,975,15500375
NIFTY-I.NFO,01/08/2024,09:27:16,25107.05,25107.7,150,25109.95,100,1675,15500375
NIFTY-I.NFO,01/08/2024,09:27:18,25105.65,25106.05,250,25107.6,75,3425,15500375
NIFTY-I.NFO,01/08/2024,09:27:19,25107.65,25109.05,25,25109.85,100,450,15500375
NIFTY-I.NFO,01/08/2024,09:27:21,25106.2,25106.1,75,25110.2,25,1150,15500375
NIFTY-I.NFO,01/08/2024,09:27:23,25106.3,25105.6,100,25106.9,100,2325,15500375
NIFTY-I.NFO,01/08/2024,09:27:24,25109.45,25105.65,25,25109.35,75,375,15500375
NIFTY-I.NFO,01/08/2024,09:27:26,25107.55,25106,25,25109.05,50,50,15500375
NIFTY-I.NFO,01/08/2024,09:27:28,25107.35,25107.35,75,25109.9,25,475,15500375
NIFTY-I.NFO,01/08/2024,09:27:29,25107.05,25107.05,75,25109.9,25,325,15500375
NIFTY-I.NFO,01/08/2024,09:27:31,25107.6,25107.3,175,25109.4,50,375,15500375
NIFTY-I.NFO,01/08/2024,09:27:33,25107.4,25107.45,350,25109.9,100,625,15500375
NIFTY-I.NFO,01/08/2024,09:27:34,25107.55,25105.55,250,25107.4,100,3650,15500375
NIFTY-I.NFO,01/08/2024,09:27:36,25106.25,25106.6,100,25106.95,75,975,15512700
NIFTY-I.NFO,01/08/2024,09:27:38,25107.4,25107.6,50,25109.1,25,625,15512700
NIFTY-I.NFO,01/08/2024,09:27:39,25107.55,25107.55,125,25108.45,75,550,15512700
NIFTY-I.NFO,01/08/2024,09:27:41,25108.4,25108.25,50,25109.2,100,675,15512700
NIFTY-I.NFO,01/08/2024,09:27:43,25109.55,25109.3,350,25110.55,100,2425,15512700
NIFTY-I.NFO,01/08/2024,09:27:44,25109.3,25109.3,50,25110.45,200,450,15512700
NIFTY-I.NFO,01/08/2024,09:27:46,25108,25108,25,25108.5,75,400,15512700
NIFTY-I.NFO,01/08/2024,09:27:48,25108.9,25107.6,25,25109.25,100,325,15512700
NIFTY-I.NFO,01/08/2024,09:27:49,25107.6,25108,300,25109.25,100,25,15512700
NIFTY-I.NFO,01/08/2024,09:27:51,25108,25108,175,25109.25,100,250,15512700
NIFTY-I.NFO,01/08/2024,09:27:53,25109.25,25109.1,25,25109.25,75,900,15512700
NIFTY-I.NFO,01/08/2024,09:27:54,25110,25108.55,50,25109.95,100,1350,15512700
NIFTY-I.NFO,01/08/2024,09:27:56,25109.6,25108.75,75,25110.55,75,350,15512700
NIFTY-I.NFO,01/08/2024,09:27:58,25108.1,25108.1,300,25108.15,150,175,15512700
NIFTY-I.NFO,01/08/2024,09:27:59,25108.1,25108.1,150,25109.2,75,375,15512700
NIFTY-I.NFO,01/08/2024,09:28:01,25109.25,25109.15,25,25109.75,100,1100,15512700
NIFTY-I.NFO,01/08/2024,09:28:03,25109.45,25108.8,575,25109.45,75,50,15512700
NIFTY-I.NFO,01/08/2024,09:28:04,25108.8,25108.8,525,25108.95,50,175,15512700
NIFTY-I.NFO,01/08/2024,09:28:06,25109.55,25109.2,75,25109.6,150,1150,15512700
NIFTY-I.NFO,01/08/2024,09:28:08,25108.6,25108.6,225,25108.75,100,500,15512700
NIFTY-I.NFO,01/08/2024,09:28:09,25108.75,25108.7,100,25108.75,100,225,15512700
NIFTY-I.NFO,01/08/2024,09:28:11,25108.7,25108.5,125,25108.75,100,375,15512700
NIFTY-I.NFO,01/08/2024,09:28:12,25108.5,25108.5,75,25108.75,100,150,15512700
NIFTY-I.NFO,01/08/2024,09:28:14,25108.2,25108,650,25108.45,75,825,15512700
NIFTY-I.NFO,01/08/2024,09:28:16,25107.55,25107,25,25107.95,100,1625,15512700
NIFTY-I.NFO,01/08/2024,09:28:17,25106.9,25106.8,150,25107.95,100,275,15512700
NIFTY-I.NFO,01/08/2024,09:28:19,25107.95,25107.05,75,25107.95,75,550,15512700
NIFTY-I.NFO,01/08/2024,09:28:21,25106.95,25106.05,25,25106.95,25,150,15512700
NIFTY-I.NFO,01/08/2024,09:28:22,25108,25106.1,175,25108,675,2200,15512700
NIFTY-I.NFO,01/08/2024,09:28:24,25107.95,25107,150,25107.95,125,525,15512700
NIFTY-I.NFO,01/08/2024,09:28:26,25105.95,25106.05,25,25107.7,200,1225,15512700
NIFTY-I.NFO,01/08/2024,09:28:27,25106.95,25106.95,200,25107.7,100,800,15512700
NIFTY-I.NFO,01/08/2024,09:28:29,25107.85,25107.65,25,25107.85,75,1125,15512700
NIFTY-I.NFO,01/08/2024,09:28:31,25110,25109.6,100,25110.7,25,4000,15512700
NIFTY-I.NFO,01/08/2024,09:28:32,25110.6,25109.95,250,25110.65,150,350,15512700
NIFTY-I.NFO,01/08/2024,09:28:34,25110.55,25110.55,100,25112.95,100,650,15512700
NIFTY-I.NFO,01/08/2024,09:28:36,25111.95,25111.5,300,25111.85,100,750,15512700
NIFTY-I.NFO,01/08/2024,09:28:37,25112.95,25112.5,150,25112.95,75,725,15512700
NIFTY-I.NFO,01/08/2024,09:28:39,25114.75,25113.55,25,25114.9,100,550,15512700
NIFTY-I.NFO,01/08/2024,09:28:41,25112,25113.9,25,25114.25,200,1550,15512700
NIFTY-I.NFO,01/08/2024,09:28:42,25112,25112,1350,25112.85,125,300,15512700
NIFTY-I.NFO,01/08/2024,09:28:44,25112.7,25111.05,25,25112.1,225,1725,15512700
NIFTY-I.NFO,01/08/2024,09:28:46,25110.75,25110.75,25,25111.5,225,125,15512700
NIFTY-I.NFO,01/08/2024,09:28:47,25110.4,25108,25,25110.35,100,925,15512700
NIFTY-I.NFO,01/08/2024,09:28:49,25110,25108,25,25109.95,100,375,15512700
NIFTY-I.NFO,01/08/2024,09:28:51,25105.7,25107.2,25,25108.65,100,900,15512700
NIFTY-I.NFO,01/08/2024,09:28:52,25105.35,25107,1000,25107.65,100,850,15512700
NIFTY-I.NFO,01/08/2024,09:28:54,25108,25106.7,400,25107.75,100,2425,15512700
NIFTY-I.NFO,01/08/2024,09:28:56,25105.25,25105.1,100,25105.35,100,1000,15512700
NIFTY-I.NFO,01/08/2024,09:28:57,25106.5,25106.45,250,25107.75,100,550,15512700
NIFTY-I.NFO,01/08/2024,09:28:59,25107.85,25107.8,150,25108,100,750,15512700
NIFTY-I.NFO,01/08/2024,09:29:01,25109.55,25108.55,25,25110,200,550,15512700
NIFTY-I.NFO,01/08/2024,09:29:02,25110.05,25110.05,100,25110.35,100,825,15512700
NIFTY-I.NFO,01/08/2024,09:29:04,25110,25110.05,175,25110.35,25,350,15512700
NIFTY-I.NFO,01/08/2024,09:29:06,25110.35,25110.35,275,25111.85,75,350,15512700
NIFTY-I.NFO,01/08/2024,09:29:07,25110.45,25110,2075,25111.4,50,525,15512700
NIFTY-I.NFO,01/08/2024,09:29:09,25110.05,25108,1050,25110.2,100,2225,15512700
NIFTY-I.NFO,01/08/2024,09:29:11,25109.15,25109.05,25,25109.95,50,125,15512700
NIFTY-I.NFO,01/08/2024,09:29:12,25107.95,25107.7,300,25107.95,100,1400,15512700
NIFTY-I.NFO,01/08/2024,09:29:14,25108,25107.8,25,25108,3600,1000,15512700
NIFTY-I.NFO,01/08/2024,09:29:15,25107.65,25107.65,175,25107.95,50,125,15512700
NIFTY-I.NFO,01/08/2024,09:29:17,25107.8,25107.65,175,25107.95,100,800,15512700
NIFTY-I.NFO,01/08/2024,09:29:18,25108,25107.9,475,25107.95,100,1875,15512700
NIFTY-I.NFO,01/08/2024,09:29:20,25107.9,25107.8,300,25107.85,100,1200,15512700
NIFTY-I.NFO,01/08/2024,09:29:22,25107.95,25107.8,425,25107.95,50,475,15512700
NIFTY-I.NFO,01/08/2024,09:29:23,25108,25107.85,275,25108,2200,375,15512700
NIFTY-I.NFO,01/08/2024,09:29:25,25108,25107.9,25,25107.95,100,300,15512700
NIFTY-I.NFO,01/08/2024,09:29:26,25108,25107.85,25,25107.9,25,1525,15512700
NIFTY-I.NFO,01/08/2024,09:29:28,25107.85,25107.85,100,25107.95,100,325,15512700
NIFTY-I.NFO,01/08/2024,09:29:30,25107.7,25107.7,50,25107.75,75,675,15512700
NIFTY-I.NFO,01/08/2024,09:29:31,25108.1,25108.1,150,25109.95,100,1675,15512700
NIFTY-I.NFO,01/08/2024,09:29:33,25109.45,25109.15,25,25109.85,50,200,15512700
NIFTY-I.NFO,01/08/2024,09:29:34,25108.85,25108.35,50,25109.95,75,425,15512700
NIFTY-I.NFO,01/08/2024,09:29:36,25110,25108.35,150,25109.95,25,250,15512700
NIFTY-I.NFO,01/08/2024,09:29:38,25108,25109.65,175,25109.85,50,725,15512700
NIFTY-I.NFO,01/08/2024,09:29:39,25109.85,25109.7,100,25109.85,25,25,15512700
NIFTY-I.NFO,01/08/2024,09:29:41,25109.8,25109.65,375,25109.95,100,300,15512700
NIFTY-I.NFO,01/08/2024,09:29:43,25109.1,25108,50,25109.95,75,575,15512700
NIFTY-I.NFO,01/08/2024,09:29:44,25109.1,25109,50,25109.6,75,0,15512700
NIFTY-I.NFO,01/08/2024,09:29:46,25108.85,25109.4,25,25109.5,75,75,15512700
NIFTY-I.NFO,01/08/2024,09:29:47,25109.45,25109.4,150,25109.5,75,50,15512700
NIFTY-I.NFO,01/08/2024,09:29:49,25109.65,25109.4,100,25109.6,100,350,15512700
NIFTY-I.NFO,01/08/2024,09:29:51,25108,25108.65,25,25109.05,100,625,15512700
NIFTY-I.NFO,01/08/2024,09:29:52,25108.95,25108.4,325,25108.95,50,1100,15512700
NIFTY-I.NFO,01/08/2024,09:29:54,25110,25109.6,150,25109.95,100,850,15512700
NIFTY-I.NFO,01/08/2024,09:29:56,25109.6,25109.6,250,25109.95,100,175,15512700
NIFTY-I.NFO,01/08/2024,09:29:57,25109.1,25109.6,200,25109.85,100,975,15512700
NIFTY-I.NFO,01/08/2024,09:29:59,25110,25110,425,25110.05,150,1875,15512700
NIFTY-I.NFO,01/08/2024,09:30:01,25110,25109.95,50,25110,225,625,15512700
NIFTY-I.NFO,01/08/2024,09:30:02,25110.05,25110.05,300,25110.1,125,525,15512700
NIFTY-I.NFO,01/08/2024,09:30:04,25110.05,25110.05,150,25110.65,25,575,15512700
NIFTY-I.NFO,01/08/2024,09:30:05,25110.95,25110.55,125,25110.95,100,475,15512700
NIFTY-I.NFO,01/08/2024,09:30:07,25110.35,25110.05,25,25110.45,150,700,15512700
NIFTY-I.NFO,01/08/2024,09:30:09,25111.65,25111.5,25,25111.8,100,975,15512700
NIFTY-I.NFO,01/08/2024,09:30:10,25112,25111.75,325,25111.9,150,2550,15512700
NIFTY-I.NFO,01/08/2024,09:30:12,25114.2,25113.75,200,25114.2,50,1550,15512700
NIFTY-I.NFO,01/08/2024,09:30:13,25114.5,25113.4,25,25114.65,75,4725,15512700
NIFTY-I.NFO,01/08/2024,09:30:15,25114.65,25114.15,200,25114.65,100,325,15512700
NIFTY-I.NFO,01/08/2024,09:30:17,25116,25114.55,25,25115.95,100,625,15512700
NIFTY-I.NFO,01/08/2024,09:30:18,25115,25115.1,50,25115.95,100,75,15512700
NIFTY-I.NFO,01/08/2024,09:30:20,25115.1,25115.1,100,25116.55,50,300,15512700
NIFTY-I.NFO,01/08/2024,09:30:22,25115.1,25115.1,50,25116.3,100,200,15512700
NIFTY-I.NFO,01/08/2024,09:30:23,25115.7,25115.1,25,25116.55,100,350,15512700
NIFTY-I.NFO,01/08/2024,09:30:25,25114.2,25114.2,950,25116.55,100,1450,15512700
NIFTY-I.NFO,01/08/2024,09:30:27,25116.8,25115.15,25,25116.95,100,625,15512700
NIFTY-I.NFO,01/08/2024,09:30:28,25116.95,25116,50,25116.95,25,575,15512700
NIFTY-I.NFO,01/08/2024,09:30:30,25115,25115,450,25116.05,100,525,15512700
NIFTY-I.NFO,01/08/2024,09:30:32,25116.7,25115.6,25,25116.5,100,275,15512700
NIFTY-I.NFO,01/08/2024,09:30:33,25116.5,25115.85,100,25116.5,25,375,15512700
NIFTY-I.NFO,01/08/2024,09:30:35,25115.5,25115,325,25115.9,50,525,15512700
NIFTY-I.NFO,01/08/2024,09:30:37,25114.2,25114.2,925,25114.9,550,600,15519500
NIFTY-I.NFO,01/08/2024,09:30:38,25114.5,25111.8,50,25114.4,100,575,15519500
NIFTY-I.NFO,01/08/2024,09:30:40,25113.2,25111.8,50,25114.45,250,200,15519500
NIFTY-I.NFO,01/08/2024,09:30:42,25111.8,25113.15,75,25114.25,75,200,15519500
NIFTY-I.NFO,01/08/2024,09:30:43,25114.7,25114.4,100,25114.8,100,200,15519500
NIFTY-I.NFO,01/08/2024,09:30:45,25114.8,25114.7,100,25114.8,75,325,15519500
NIFTY-I.NFO,01/08/2024,09:30:47,25114.7,25114.7,25,25114.8,100,425,15519500
NIFTY-I.NFO,01/08/2024,09:30:48,25114.7,25114.45,50,25114.7,50,275,15519500
NIFTY-I.NFO,01/08/2024,09:30:50,25113.85,25113,950,25114.05,25,850,15519500
NIFTY-I.NFO,01/08/2024,09:30:52,25108.55,25109.85,750,25110.85,100,5050,15519500
NIFTY-I.NFO,01/08/2024,09:30:53,25109.75,25108,100,25110.25,100,800,15519500
NIFTY-I.NFO,01/08/2024,09:30:55,25109.15,25108,100,25109.15,75,300,15519500
NIFTY-I.NFO,01/08/2024,09:30:57,25106.85,25105.65,25,25106.85,25,975,15519500
NIFTY-I.NFO,01/08/2024,09:30:58,25103.45,25103.45,300,25106.3,250,1625,15519500
NIFTY-I.NFO,01/08/2024,09:31:00,25106.8,25106,100,25106.7,75,475,15519500
NIFTY-I.NFO,01/08/2024,09:31:02,25107.95,25107.95,200,25109.95,100,500,15519500
NIFTY-I.NFO,01/08/2024,09:31:03,25108.55,25108.55,25,25109.95,100,1450,15519500
NIFTY-I.NFO,01/08/2024,09:31:05,25109.95,25108.6,200,25109.95,50,625,15519500
NIFTY-I.NFO,01/08/2024,09:31:07,25109.95,25108.6,200,25110,50,125,15519500
NIFTY-I.NFO,01/08/2024,09:31:08,25109.8,25109.8,50,25113.05,100,2975,15519500
NIFTY-I.NFO,01/08/2024,09:31:10,25112.4,25109.75,50,25112.4,50,100,15519500
NIFTY-I.NFO,01/08/2024,09:31:12,25109.65,25109.95,25,25112.25,75,375,15519500
NIFTY-I.NFO,01/08/2024,09:31:13,25109.65,25108.1,50,25110.6,100,50,15519500
NIFTY-I.NFO,01/08/2024,09:31:15,25106.35,25105.85,50,25109,100,550,15519500
NIFTY-I.NFO,01/08/2024,09:31:17,25107.6,25107.2,300,25109.6,350,25,15519500
NIFTY-I.NFO,01/08/2024,09:31:18,25109.6,25106.45,300,25108.55,75,25,15519500
NIFTY-I.NFO,01/08/2024,09:31:20,25106.4,25107.3,25,25108.55,75,25,15519500
NIFTY-I.NFO,01/08/2024,09:31:22,25106.9,25106.9,450,25108.55,25,150,15519500
NIFTY-I.NFO,01/08/2024,09:31:23,25108.55,25107.75,50,25108.55,100,350,15519500
NIFTY-I.NFO,01/08/2024,09:31:25,25107.75,25106.4,75,25108.45,25,125,15519500
NIFTY-I.NFO,01/08/2024,09:31:27,25105.6,25105.95,300,25106.9,75,300,15519500
NIFTY-I.NFO,01/08/2024,09:31:28,25107.7,25107.25,250,25107.7,50,575,15519500
NIFTY-I.NFO,01/08/2024,09:31:30,25108.1,25108.1,200,25108.95,100,750,15519500
NIFTY-I.NFO,01/08/2024,09:31:32,25106.6,25107.55,25,25108.35,75,500,15519500
NIFTY-I.NFO,01/08/2024,09:31:33,25105.9,25106.4,50,25108.05,100,800,15519500
NIFTY-I.NFO,01/08/2024,09:31:35,25106.6,25107.3,50,25108.05,100,25,15519500
NIFTY-I.NFO,01/08/2024,09:31:37,25108.5,25107.4,50,25108.5,225,250,15519500
NIFTY-I.NFO,01/08/2024,09:31:38,25107.95,25107.25,75,25108.3,100,250,15519500
NIFTY-I.NFO,01/08/2024,09:31:40,25107.65,25105.9,25,25107.2,75,100,15519500
NIFTY-I.NFO,01/08/2024,09:31:42,25107.35,25107.35,475,25108,100,550,15519500
NIFTY-I.NFO,01/08/2024,09:31:43,25108.6,25108.55,75,25108.7,150,750,15519500
NIFTY-I.NFO,01/08/2024,09:31:45,25109.7,25107.75,175,25109.9,100,650,15519500
NIFTY-I.NFO,01/08/2024,09:31:47,25108.7,25108.7,50,25109.6,100,300,15519500
NIFTY-I.NFO,01/08/2024,09:31:48,25107.8,25106,225,25108.65,100,125,15519500
NIFTY-I.NFO,01/08/2024,09:31:50,25107.95,25106,100,25107.85,75,75,15519500
NIFTY-I.NFO,01/08/2024,09:31:52,25105.85,25105,100,25105.85,100,125,15519500
NIFTY-I.NFO,01/08/2024,09:31:53,25105.4,25105,100,25105.85,100,25,15519500
NIFTY-I.NFO,01/08/2024,09:31:55,25105.05,25104.75,125,25105.85,100,1050,15519500
NIFTY-I.NFO,01/08/2024,09:31:57,25107.9,25105.4,25,25107.85,100,400,15519500
NIFTY-I.NFO,01/08/2024,09:31:58,25104.2,25104.15,250,25104.85,100,2325,15519500
NIFTY-I.NFO,01/08/2024,09:32:00,25104.9,25103.9,325,25104.9,75,1025,15519500
NIFTY-I.NFO,01/08/2024,09:32:02,25106.15,25105.4,175,25106.85,75,1900,15519500
NIFTY-I.NFO,01/08/2024,09:32:03,25107.05,25107.05,25,25107.9,75,575,15519500
NIFTY-I.NFO,01/08/2024,09:32:05,25106.9,25106.55,25,25108.7,100,1550,15519500
NIFTY-I.NFO,01/08/2024,09:32:07,25106.55,25106.55,25,25108.7,50,150,15519500
NIFTY-I.NFO,01/08/2024,09:32:08,25106.9,25105.95,125,25109.9,100,625,15519500
NIFTY-I.NFO,01/08/2024,09:32:10,25108.6,25108.65,25,25112.25,75,4700,15519500
NIFTY-I.NFO,01/08/2024,09:32:12,25110,25106.95,25,25110.5,150,350,15519500
NIFTY-I.NFO,01/08/2024,09:32:13,25110.6,25108,25,25110.6,50,100,15519500
NIFTY-I.NFO,01/08/2024,09:32:15,25108,25108,25,25109.3,25,100,15519500
NIFTY-I.NFO,01/08/2024,09:32:17,25107.45,25107.2,125,25109.25,25,75,15519500
NIFTY-I.NFO,01/08/2024,09:32:18,25109.3,25107.6,100,25109.95,100,500,15519500
NIFTY-I.NFO,01/08/2024,09:32:20,25112.65,25109.05,25,25112.55,50,1000,15519500
NIFTY-I.NFO,01/08/2024,09:32:22,25111,25110,325,25112.85,50,50,15519500
NIFTY-I.NFO,01/08/2024,09:32:23,25113.8,25110,175,25113.75,25,525,15519500
NIFTY-I.NFO,01/08/2024,09:32:25,25113.8,25110,175,25112.25,50,0,15519500
NIFTY-I.NFO,01/08/2024,09:32:27,25112.05,25110,75,25112.05,100,175,15519500
NIFTY-I.NFO,01/08/2024,09:32:28,25107.75,25107.9,25,25109.85,75,225,15519500
NIFTY-I.NFO,01/08/2024,09:32:30,25109.85,25109,500,25109.85,50,25,15519500
NIFTY-I.NFO,01/08/2024,09:32:32,25109.85,25109,500,25109.9,25,75,15519500
NIFTY-I.NFO,01/08/2024,09:32:33,25113.1,25109.85,25,25113.1,75,625,15519500
NIFTY-I.NFO,01/08/2024,09:32:35,25109,25111.25,25,25112.8,75,50,15519500
NIFTY-I.NFO,01/08/2024,09:32:37,25109,25109.3,500,25110.95,75,50,15519500
NIFTY-I.NFO,01/08/2024,09:32:38,25109.3,25110.1,25,25110.95,75,75,15519500
NIFTY-I.NFO,01/08/2024,09:32:40,25109.3,25109.3,400,25110.95,50,75,15519500
NIFTY-I.NFO,01/08/2024,09:32:42,25110.1,25110.1,25,25110.95,100,200,15519500
NIFTY-I.NFO,01/08/2024,09:32:43,25110.05,25110.05,300,25110.85,75,250,15519500
NIFTY-I.NFO,01/08/2024,09:32:45,25110.05,25110.05,250,25110.4,100,150,15519500
NIFTY-I.NFO,01/08/2024,09:32:47,25110.05,25110.05,150,25110.1,25,175,15519500
NIFTY-I.NFO,01/08/2024,09:32:48,25110,25110,325,25110.05,25,325,15519500
NIFTY-I.NFO,01/08/2024,09:32:50,25110.85,25109.3,375,25110.05,50,750,15519500
NIFTY-I.NFO,01/08/2024,09:32:52,25109.9,25107.45,25,25109.25,100,650,15519500
NIFTY-I.NFO,01/08/2024,09:32:53,25109.7,25105.9,200,25108.3,100,475,15519500
NIFTY-I.NFO,01/08/2024,09:32:55,25108.9,25107.8,200,25108.9,325,400,15519500
NIFTY-I.NFO,01/08/2024,09:32:57,25111.95,25108.2,25,25109.3,25,1200,15519500
NIFTY-I.NFO,01/08/2024,09:32:58,25108.45,25107.15,25,25108.45,75,50,15519500
NIFTY-I.NFO,01/08/2024,09:33:00,25111,25107.4,25,25111.75,175,500,15519500
NIFTY-I.NFO,01/08/2024,09:33:02,25108.2,25107.55,25,25111.75,25,550,15519500
NIFTY-I.NFO,01/08/2024,09:33:03,25111.5,25109.3,50,25111,25,50,15519500
NIFTY-I.NFO,01/08/2024,09:33:05,25110,25109.2,25,25110.7,50,175,15519500
NIFTY-I.NFO,01/08/2024,09:33:07,25108.45,25107.1,50,25108,25,250,15519500
NIFTY-I.NFO,01/08/2024,09:33:08,25105.1,25105.1,50,25107.95,25,2550,15519500
NIFTY-I.NFO,01/08/2024,09:33:10,25107.95,25105.25,25,25108.7,125,75,15519500
NIFTY-I.NFO,01/08/2024,09:33:12,25110.4,25108,50,25110.8,200,1375,15519500
NIFTY-I.NFO,01/08/2024,09:33:13,25105.05,25105.15,50,25109.15,50,900,15519500
NIFTY-I.NFO,01/08/2024,09:33:15,25105,25105,100,25107.95,25,525,15519500
NIFTY-I.NFO,01/08/2024,09:33:16,25108.8,25104.95,50,25108,25,850,15519500
NIFTY-I.NFO,01/08/2024,09:33:18,25106.6,25105,25,25107.5,25,250,15519500
NIFTY-I.NFO,01/08/2024,09:33:20,25105,25105.15,25,25106.25,25,75,15519500
NIFTY-I.NFO,01/08/2024,09:33:21,25108,25104.75,200,25109.3,225,375,15519500
NIFTY-I.NFO,01/08/2024,09:33:23,25105.15,25105,25,25105.15,275,300,15519500
NIFTY-I.NFO,01/08/2024,09:33:25,25106,25103,150,25105.95,50,675,15519500
NIFTY-I.NFO,01/08/2024,09:33:26,25104.8,25104.8,25,25106,250,150,15519500
NIFTY-I.NFO,01/08/2024,09:33:28,25105,25105,25,25106,250,50,15519500
NIFTY-I.NFO,01/08/2024,09:33:30,25105,25103,150,25105,100,225,15519500
NIFTY-I.NFO,01/08/2024,09:33:31,25104.95,25103,200,25104.95,125,25,15519500
NIFTY-I.NFO,01/08/2024,09:33:33,25102,25102,75,25103,50,275,15519500
NIFTY-I.NFO,01/08/2024,09:33:35,25105.95,25105,125,25106,275,425,15519500
NIFTY-I.NFO,01/08/2024,09:33:36,25106.85,25102.45,200,25106.55,25,1400,15524725
NIFTY-I.NFO,01/08/2024,09:33:38,25103.4,25103.45,300,25105,50,225,15524725
NIFTY-I.NFO,01/08/2024,09:33:40,25100.7,25102.05,25,25105.85,50,5925,15524725
NIFTY-I.NFO,01/08/2024,09:33:41,25102.65,25102.5,175,25104.75,50,1600,15524725
NIFTY-I.NFO,01/08/2024,09:33:43,25101.8,25102.9,350,25104.75,50,625,15524725
NIFTY-I.NFO,01/08/2024,09:33:45,25106.85,25102.9,100,25106.95,50,350,15524725
NIFTY-I.NFO,01/08/2024,09:33:46,25102.6,25102.5,25,25105,25,625,15524725
NIFTY-I.NFO,01/08/2024,09:33:48,25102.65,25102.7,175,25105,50,100,15524725
NIFTY-I.NFO,01/08/2024,09:33:50,25104.7,25102.7,175,25106.75,25,1175,15524725
NIFTY-I.NFO,01/08/2024,09:33:51,25103.2,25103.3,125,25106.85,950,175,15524725
NIFTY-I.NFO,01/08/2024,09:33:53,25102.5,25102.2,125,25103.2,50,850,15524725
NIFTY-I.NFO,01/08/2024,09:33:55,25103.15,25103.35,400,25106.65,25,1825,15524725
NIFTY-I.NFO,01/08/2024,09:33:56,25106.85,25103.1,250,25106.85,575,675,15524725
NIFTY-I.NFO,01/08/2024,09:33:58,25103,25103.25,100,25105,25,850,15524725
NIFTY-I.NFO,01/08/2024,09:34:00,25106.95,25104.5,75,25106.85,50,550,15524725
NIFTY-I.NFO,01/08/2024,09:34:01,25106.85,25104.6,25,25106.95,25,100,15524725
NIFTY-I.NFO,01/08/2024,09:34:03,25106.95,25104.65,125,25108,250,1575,15524725
NIFTY-I.NFO,01/08/2024,09:34:05,25104.6,25106.4,25,25108,225,50,15524725
NIFTY-I.NFO,01/08/2024,09:34:06,25105.1,25105.1,100,25106.85,25,175,15524725
NIFTY-I.NFO,01/08/2024,09:34:08,25109.95,25107.65,50,25109.95,125,875,15524725
NIFTY-I.NFO,01/08/2024,09:34:10,25107.65,25105,25,25108,125,350,15524725
NIFTY-I.NFO,01/08/2024,09:34:12,25110,25105.75,25,25109.95,25,1150,15524725
NIFTY-I.NFO,01/08/2024,09:34:13,25105.5,25105.45,50,25109.85,25,125,15524725
NIFTY-I.NFO,01/08/2024,09:34:15,25104.55,25104.6,50,25108.85,25,575,15524725
NIFTY-I.NFO,01/08/2024,09:34:17,25108.85,25105.5,25,25108.9,25,75,15524725
NIFTY-I.NFO,01/08/2024,09:34:18,25108.9,25106,25,25108.9,25,100,15524725
NIFTY-I.NFO,01/08/2024,09:34:20,25105.75,25106.4,25,25107.65,75,100,15524725
NIFTY-I.NFO,01/08/2024,09:34:22,25107.2,25106.4,50,25107.65,125,75,15524725
NIFTY-I.NFO,01/08/2024,09:34:23,25107,25106.05,50,25107,175,50,15524725
NIFTY-I.NFO,01/08/2024,09:34:25,25107,25106.3,75,25107,25,150,15524725
NIFTY-I.NFO,01/08/2024,09:34:26,25109.6,25106.35,125,25107.2,25,450,15524725
NIFTY-I.NFO,01/08/2024,09:34:28,25105.65,25106.4,200,25108,25,325,15524725
NIFTY-I.NFO,01/08/2024,09:34:30,25109.55,25109.55,375,25110,100,550,15524725
NIFTY-I.NFO,01/08/2024,09:34:31,25107.55,25107.5,50,25109.6,25,625,15524725
NIFTY-I.NFO,01/08/2024,09:34:33,25108.55,25107.05,75,25109.6,50,25,15524725
NIFTY-I.NFO,01/08/2024,09:34:35,25106.85,25106.65,125,25109.55,50,225,15524725
NIFTY-I.NFO,01/08/2024,09:34:36,25108,25107.45,50,25109,200,25,15524725
NIFTY-I.NFO,01/08/2024,09:34:38,25110,25110,1975,25111,125,550,15524725
NIFTY-I.NFO,01/08/2024,09:34:40,25110,25110,1875,25111,125,100,15524725
NIFTY-I.NFO,01/08/2024,09:34:41,25111,25110.5,25,25111,75,50,15524725
NIFTY-I.NFO,01/08/2024,09:34:43,25110,25110,1850,25111,100,50,15524725
NIFTY-I.NFO,01/08/2024,09:34:45,25110,25110,1750,25111,75,150,15524725
NIFTY-I.NFO,01/08/2024,09:34:46,25110,25110,1625,25111,75,125,15524725
NIFTY-I.NFO,01/08/2024,09:34:48,25110,25110,1600,25110.8,50,75,15524725
NIFTY-I.NFO,01/08/2024,09:34:50,25110.05,25110.05,125,25111,100,150,15524725
NIFTY-I.NFO,01/08/2024,09:34:51,25110.05,25110.05,50,25111,25,200,15524725
NIFTY-I.NFO,01/08/2024,09:34:53,25110.05,25110.5,75,25111,200,50,15524725
NIFTY-I.NFO,01/08/2024,09:34:55,25110,25110,1575,25111,175,150,15524725
NIFTY-I.NFO,01/08/2024,09:34:56,25112,25111.1,25,25113,50,525,15524725
NIFTY-I.NFO,01/08/2024,09:34:58,25115.35,25114.75,75,25116,100,3600,15524725
NIFTY-I.NFO,01/08/2024,09:35:00,25115.9,25114.75,25,25118.95,50,1375,15524725
NIFTY-I.NFO,01/08/2024,09:35:01,25118.1,25114.75,50,25118.4,50,75,15524725
NIFTY-I.NFO,01/08/2024,09:35:03,25118.15,25115.15,50,25117.4,25,3325,15524725
NIFTY-I.NFO,01/08/2024,09:35:05,25116,25115.15,25,25116.55,50,50,15524725
NIFTY-I.NFO,01/08/2024,09:35:06,25115.55,25115,25,25116.5,25,200,15524725
NIFTY-I.NFO,01/08/2024,09:35:08,25115.5,25111.9,50,25113.85,25,2350,15524725
NIFTY-I.NFO,01/08/2024,09:35:10,25113.65,25111.15,50,25113.1,25,50,15524725
NIFTY-I.NFO,01/08/2024,09:35:11,25112.7,25111.85,50,25115.45,50,3000,15524725
NIFTY-I.NFO,01/08/2024,09:35:13,25118.05,25112.2,50,25115.95,25,1800,15524725
NIFTY-I.NFO,01/08/2024,09:35:15,25115,25113.6,50,25116.25,25,100,15524725
NIFTY-I.NFO,01/08/2024,09:35:16,25118.05,25117,25,25119,225,2450,15524725
NIFTY-I.NFO,01/08/2024,09:35:18,25115.5,25116,50,25119,175,225,15524725
NIFTY-I.NFO,01/08/2024,09:35:20,25115,25117.05,25,25118.95,25,2750,15524725
NIFTY-I.NFO,01/08/2024,09:35:21,25118.15,25115.95,25,25118.6,25,175,15524725
NIFTY-I.NFO,01/08/2024,09:35:23,25117.55,25115.5,25,25117.6,75,250,15524725
NIFTY-I.NFO,01/08/2024,09:35:25,25113.55,25115,25,25117.1,25,200,15524725
NIFTY-I.NFO,01/08/2024,09:35:26,25115.5,25115,25,25117.4,25,75,15524725
NIFTY-I.NFO,01/08/2024,09:35:28,25115,25113.65,50,25117.55,100,175,15524725
NIFTY-I.NFO,01/08/2024,09:35:30,25115,25115.65,25,25117.1,25,0,15524725
NIFTY-I.NFO,01/08/2024,09:35:31,25115.65,25113.5,25,25116.6,25,25,15524725
NIFTY-I.NFO,01/08/2024,09:35:33,25115,25112,25,25115.05,25,275,15524725
NIFTY-I.NFO,01/08/2024,09:35:35,25113.95,25112.9,25,25114.85,25,300,15524725
NIFTY-I.NFO,01/08/2024,09:35:36,25114.7,25112.9,25,25114.7,25,75,15524725
NIFTY-I.NFO,01/08/2024,09:35:38,25112,25110.9,50,25114.3,25,550,15524725
NIFTY-I.NFO,01/08/2024,09:35:40,25110.95,25110.55,25,25113.85,25,75,15524725
NIFTY-I.NFO,01/08/2024,09:35:41,25114.55,25112.6,25,25114.5,25,150,15524725
NIFTY-I.NFO,01/08/2024,09:35:43,25113.55,25110.05,25,25113.6,50,50,15524725
NIFTY-I.NFO,01/08/2024,09:35:45,25110.55,25110,450,25110.55,75,150,15524725
NIFTY-I.NFO,01/08/2024,09:35:46,25111.6,25107.95,25,25110.55,25,1300,15524725
NIFTY-I.NFO,01/08/2024,09:35:48,25107,25107,25,25110.2,25,150,15524725
NIFTY-I.NFO,01/08/2024,09:35:50,25108.05,25105.65,25,25109.6,25,200,15524725
NIFTY-I.NFO,01/08/2024,09:35:51,25108.9,25105.15,75,25108.8,25,375,15524725
NIFTY-I.NFO,01/08/2024,09:35:53,25109.8,25106.85,25,25109.75,25,375,15524725
NIFTY-I.NFO,01/08/2024,09:35:55,25110,25107.45,150,25110.05,100,250,15524725
NIFTY-I.NFO,01/08/2024,09:35:56,25113.15,25110.8,25,25113.15,225,450,15524725
NIFTY-I.NFO,01/08/2024,09:35:58,25110,25109.05,50,25113.5,25,425,15524725
NIFTY-I.NFO,01/08/2024,09:36:00,25110.45,25106.4,50,25110.45,25,375,15524725
NIFTY-I.NFO,01/08/2024,09:36:01,25107.55,25107.35,50,25111.6,25,200,15524725
NIFTY-I.NFO,01/08/2024,09:36:03,25110.05,25106.95,50,25110.75,25,525,15524725
NIFTY-I.NFO,01/08/2024,09:36:05,25110.05,25106.3,50,25110,50,0,15524725
NIFTY-I.NFO,01/08/2024,09:36:06,25110.7,25106.3,50,25110.1,50,550,15524725
NIFTY-I.NFO,01/08/2024,09:36:08,25110,25107,25,25109.95,25,700,15524725
NIFTY-I.NFO,01/08/2024,09:36:10,25105,25105.55,50,25109.65,200,500,15524725
NIFTY-I.NFO,01/08/2024,09:36:11,25109.25,25105,275,25107.85,25,600,15524725
NIFTY-I.NFO,01/08/2024,09:36:13,25107.85,25105,225,25108.35,25,325,15524725
NIFTY-I.NFO,01/08/2024,09:36:15,25105.05,25105.05,50,25108.4,25,200,15524725
NIFTY-I.NFO,01/08/2024,09:36:16,25105,25105,100,25108.3,25,175,15524725
NIFTY-I.NFO,01/08/2024,09:36:18,25105.05,25105,50,25108.3,25,300,15524725
NIFTY-I.NFO,01/08/2024,09:36:20,25110,25106.3,50,25110.6,25,1950,15524725
NIFTY-I.NFO,01/08/2024,09:36:21,25108,25105.7,50,25109.9,150,100,15524725
NIFTY-I.NFO,01/08/2024,09:36:23,25109,25105.25,50,25109.85,25,25,15524725
NIFTY-I.NFO,01/08/2024,09:36:24,25107,25105.55,25,25108.5,200,1650,15524725
NIFTY-I.NFO,01/08/2024,09:36:26,25107,25105.55,25,25108.2,200,0,15524725
NIFTY-I.NFO,01/08/2024,09:36:28,25108.4,25105.1,25,25108.95,25,225,15524725
NIFTY-I.NFO,01/08/2024,09:36:30,25102.25,25104.65,50,25109,25,1850,15524725
NIFTY-I.NFO,01/08/2024,09:36:31,25102.25,25104.7,50,25108,50,0,15524725
NIFTY-I.NFO,01/08/2024,09:36:33,25104.5,25103.3,50,25107.95,25,200,15524725
NIFTY-I.NFO,01/08/2024,09:36:34,25102.05,25102.85,25,25107.35,50,1975,15524725
NIFTY-I.NFO,01/08/2024,09:36:36,25109,25103.6,25,25107.6,500,1825,15524725
NIFTY-I.NFO,01/08/2024,09:36:38,25104.5,25104,250,25108.1,200,25,15533225
NIFTY-I.NFO,01/08/2024,09:36:39,25107,25105.15,250,25109.15,125,1850,15533225
NIFTY-I.NFO,01/08/2024,09:36:41,25110.25,25105.75,250,25110.05,75,1950,15533225
NIFTY-I.NFO,01/08/2024,09:36:43,25111.85,25107.1,200,25111.05,100,2350,15533225
NIFTY-I.NFO,01/08/2024,09:36:44,25110,25108,250,25111.8,25,125,15533225
NIFTY-I.NFO,01/08/2024,09:36:46,25111.45,25108,175,25111.9,50,225,15533225
NIFTY-I.NFO,01/08/2024,09:36:48,25110.15,25110.15,25,25112,75,250,15533225
NIFTY-I.NFO,01/08/2024,09:36:49,25110.15,25108,75,25111.15,50,25,15533225
NIFTY-I.NFO,01/08/2024,09:36:51,25107,25107.1,25,25110.6,50,2125,15533225
NIFTY-I.NFO,01/08/2024,09:36:53,25112.3,25107.1,50,25112.3,375,1825,15533225
NIFTY-I.NFO,01/08/2024,09:36:54,25107.1,25105.45,200,25110,25,150,15533225
NIFTY-I.NFO,01/08/2024,09:36:56,25105.45,25105.35,225,25109.85,175,2025,15533225
NIFTY-I.NFO,01/08/2024,09:36:58,25109.15,25107.1,25,25109.25,25,25,15533225
NIFTY-I.NFO,01/08/2024,09:36:59,25107,25105,25,25107.3,50,500,15533225
NIFTY-I.NFO,01/08/2024,09:37:01,25107.4,25106.7,50,25110,850,200,15533225
NIFTY-I.NFO,01/08/2024,09:37:03,25105,25105.2,25,25109.4,200,400,15533225
NIFTY-I.NFO,01/08/2024,09:37:04,25105.25,25106.1,125,25109.35,100,125,15533225
NIFTY-I.NFO,01/08/2024,09:37:06,25105.55,25105.3,125,25109.35,100,250,15533225
NIFTY-I.NFO,01/08/2024,09:37:08,25105.25,25105.25,25,25109.25,50,300,15533225
NIFTY-I.NFO,01/08/2024,09:37:09,25105.25,25105.25,100,25109.4,200,50,15533225
NIFTY-I.NFO,01/08/2024,09:37:11,25105,25106,100,25109.15,25,350,15533225
NIFTY-I.NFO,01/08/2024,09:37:13,25109.1,25105,1525,25109.05,25,200,15533225
NIFTY-I.NFO,01/08/2024,09:37:14,25105,25105,1475,25107.2,25,425,15533225
NIFTY-I.NFO,01/08/2024,09:37:16,25107.85,25105,1475,25108.35,25,200,15533225
NIFTY-I.NFO,01/08/2024,09:37:18,25109.95,25106,100,25109.95,1775,400,15533225
NIFTY-I.NFO,01/08/2024,09:37:19,25106,25106,75,25109.95,1675,125,15533225
NIFTY-I.NFO,01/08/2024,09:37:21,25106.1,25106,250,25109.95,1675,250,15533225
NIFTY-I.NFO,01/08/2024,09:37:23,25106.1,25106.05,25,25109.25,25,225,15533225
NIFTY-I.NFO,01/08/2024,09:37:24,25106.1,25106.05,150,25108.35,50,750,15533225
NIFTY-I.NFO,01/08/2024,09:37:26,25106.05,25105.15,50,25108.8,25,200,15533225
NIFTY-I.NFO,01/08/2024,09:37:28,25105.05,25105.1,50,25109.1,25,100,15533225
NIFTY-I.NFO,01/08/2024,09:37:29,25105.05,25105.05,250,25108.85,25,400,15533225
NIFTY-I.NFO,01/08/2024,09:37:31,25105.05,25105,1350,25106.1,25,275,15533225
NIFTY-I.NFO,01/08/2024,09:37:33,25105,25105,1325,25108.75,25,100,15533225
NIFTY-I.NFO,01/08/2024,09:37:34,25105,25105,1050,25108.15,25,300,15533225
NIFTY-I.NFO,01/08/2024,09:37:36,25108.05,25105,975,25108,200,150,15533225
NIFTY-I.NFO,01/08/2024,09:37:38,25108.4,25105,550,25108.3,25,1275,15533225
NIFTY-I.NFO,01/08/2024,09:37:39,25106.65,25104.35,25,25106.75,25,625,15533225
NIFTY-I.NFO,01/08/2024,09:37:41,25108,25103.85,200,25107.9,25,300,15533225
NIFTY-I.NFO,01/08/2024,09:37:43,25103.7,25104.25,50,25108,100,125,15533225
NIFTY-I.NFO,01/08/2024,09:37:44,25109.6,25108,75,25109.25,25,450,15533225
NIFTY-I.NFO,01/08/2024,09:37:46,25108,25105,125,25109,50,225,15533225
NIFTY-I.NFO,01/08/2024,09:37:48,25105,25105,100,25107.55,50,25,15533225
NIFTY-I.NFO,01/08/2024,09:37:49,25105,25103.2,200,25107.85,25,325,15533225
NIFTY-I.NFO,01/08/2024,09:37:51,25103.2,25103.25,200,25107.3,25,225,15533225
NIFTY-I.NFO,01/08/2024,09:37:53,25107.4,25104.15,50,25108,275,500,15533225
NIFTY-I.NFO,01/08/2024,09:37:54,25107.45,25103.05,150,25107.6,25,250,15533225
NIFTY-I.NFO,01/08/2024,09:37:56,25103.2,25102.65,150,25107,25,50,15533225
NIFTY-I.NFO,01/08/2024,09:37:58,25103.2,25103.95,500,25106.95,25,0,15533225
NIFTY-I.NFO,01/08/2024,09:37:59,25107,25107,50,25108,550,25,15533225
NIFTY-I.NFO,01/08/2024,09:38:01,25105.65,25103,50,25105,425,700,15533225
NIFTY-I.NFO,01/08/2024,09:38:03,25103,25102.25,250,25103,75,150,15533225
NIFTY-I.NFO,01/08/2024,09:38:04,25103,25102.5,50,25104,50,75,15533225
NIFTY-I.NFO,01/08/2024,09:38:06,25104,25103.05,50,25106.85,50,50,15533225
NIFTY-I.NFO,01/08/2024,09:38:08,25102.25,25102.25,200,25106,25,200,15533225
NIFTY-I.NFO,01/08/2024,09:38:09,25107,25102.55,125,25107,325,200,15533225
NIFTY-I.NFO,01/08/2024,09:38:11,25103,25103,25,25105.9,100,25,15533225
NIFTY-I.NFO,01/08/2024,09:38:13,25103,25103,25,25105.9,100,50,15533225
NIFTY-I.NFO,01/08/2024,09:38:14,25103,25102.25,150,25106.5,25,150,15533225
NIFTY-I.NFO,01/08/2024,09:38:16,25106.75,25101.85,150,25106.25,50,600,15533225
NIFTY-I.NFO,01/08/2024,09:38:18,25106.8,25104.5,25,25107,325,275,15533225
NIFTY-I.NFO,01/08/2024,09:38:19,25107,25104.8,200,25108,700,1125,15533225
NIFTY-I.NFO,01/08/2024,09:38:21,25107,25104.65,25,25108,750,25,15533225
NIFTY-I.NFO,01/08/2024,09:38:22,25106.8,25104.75,25,25107.75,50,550,15533225
NIFTY-I.NFO,01/08/2024,09:38:24,25102.45,25102.5,200,25103.95,250,250,15533225
NIFTY-I.NFO,01/08/2024,09:38:26,25102.3,25102,150,25103.95,225,100,15533225
NIFTY-I.NFO,01/08/2024,09:38:27,25101.7,25101.55,125,25103.95,225,75,15533225
NIFTY-I.NFO,01/08/2024,09:38:29,25102,25101.7,50,25103.95,225,75,15533225
NIFTY-I.NFO,01/08/2024,09:38:31,25101.35,25101.3,125,25103.95,200,75,15533225
NIFTY-I.NFO,01/08/2024,09:38:32,25101.3,25101.35,25,25103,325,75,15533225
NIFTY-I.NFO,01/08/2024,09:38:34,25103.95,25102,25,25105,100,550,15533225
NIFTY-I.NFO,01/08/2024,09:38:36,25105,25101.25,25,25105,50,300,15533225
NIFTY-I.NFO,01/08/2024,09:38:37,25105,25102.45,25,25105,50,0,15533225
NIFTY-I.NFO,01/08/2024,09:38:39,25105,25102.45,25,25105,50,25,15533225
NIFTY-I.NFO,01/08/2024,09:38:41,25102.45,25101.4,125,25102.45,100,100,15533225
NIFTY-I.NFO,01/08/2024,09:38:42,25100.2,25100.2,2975,25101.3,175,1775,15533225
NIFTY-I.NFO,01/08/2024,09:38:44,25100.2,25100.2,2900,25101.3,175,75,15533225
NIFTY-I.NFO,01/08/2024,09:38:46,25101.3,25100.2,3000,25101.3,25,150,15533225
NIFTY-I.NFO,01/08/2024,09:38:47,25100.2,25100.2,2825,25102.45,125,125,15533225
NIFTY-I.NFO,01/08/2024,09:38:49,25101.3,25101.3,725,25102.45,100,350,15533225
NIFTY-I.NFO,01/08/2024,09:38:51,25100.2,25100.2,2650,25101.3,25,950,15533225
NIFTY-I.NFO,01/08/2024,09:38:52,25100.2,25100.2,2225,25102.45,75,550,15533225
NIFTY-I.NFO,01/08/2024,09:38:54,25100.05,25100,13600,25101.3,300,2225,15533225
NIFTY-I.NFO,01/08/2024,09:38:56,25100,25100,10475,25100.2,100,3200,15533225
NIFTY-I.NFO,01/08/2024,09:38:57,25100,25100,10375,25101.3,50,425,15533225
NIFTY-I.NFO,01/08/2024,09:38:59,25100,25100,10275,25100.05,25,300,15533225
NIFTY-I.NFO,01/08/2024,09:39:01,25100,25100,9700,25102,1025,700,15533225
NIFTY-I.NFO,01/08/2024,09:39:02,25102,25100.85,25,25101.95,100,175,15533225
NIFTY-I.NFO,01/08/2024,09:39:04,25101.05,25101,175,25102,725,325,15533225
NIFTY-I.NFO,01/08/2024,09:39:06,25102,25102.2,25,25104.45,25,2275,15533225
NIFTY-I.NFO,01/08/2024,09:39:07,25102.45,25102.45,25,25103,25,175,15533225
NIFTY-I.NFO,01/08/2024,09:39:09,25105,25103,25,25105,275,175,15533225
NIFTY-I.NFO,01/08/2024,09:39:11,25103.25,25102,25,25105,300,100,15533225
NIFTY-I.NFO,01/08/2024,09:39:12,25104.7,25101.05,50,25104.9,50,150,15533225
NIFTY-I.NFO,01/08/2024,09:39:14,25105.6,25101.85,50,25105.8,25,625,15533225
NIFTY-I.NFO,01/08/2024,09:39:16,25105.6,25103.25,25,25104.7,25,0,15533225
NIFTY-I.NFO,01/08/2024,09:39:17,25103.25,25104.85,200,25105.7,25,50,15533225
NIFTY-I.NFO,01/08/2024,09:39:19,25104.85,25104.85,25,25105.7,25,175,15533225
NIFTY-I.NFO,01/08/2024,09:39:21,25100,25100,975,25103.2,25,10625,15533225
NIFTY-I.NFO,01/08/2024,09:39:22,25104.1,25100,650,25103.45,25,400,15533225
NIFTY-I.NFO,01/08/2024,09:39:24,25100.45,25100.4,25,25104.65,25,725,15533225
NIFTY-I.NFO,01/08/2024,09:39:26,25100,25100,375,25104.2,25,125,15533225
NIFTY-I.NFO,01/08/2024,09:39:27,25100,25100.05,25,25103.8,50,0,15533225
NIFTY-I.NFO,01/08/2024,09:39:29,25100,25100,350,25103.95,25,75,15533225
NIFTY-I.NFO,01/08/2024,09:39:31,25100,25100,25,25103,25,350,15533225
NIFTY-I.NFO,01/08/2024,09:39:32,25104.1,25100.55,200,25104.8,25,1100,15533225
NIFTY-I.NFO,01/08/2024,09:39:34,25100.05,25100.25,200,25104.75,25,300,15533225
NIFTY-I.NFO,01/08/2024,09:39:36,25104.25,25100,350,25102.8,25,25,15533225
NIFTY-I.NFO,01/08/2024,09:39:37,25100,25100,375,25102.65,25,675,15553325
NIFTY-I.NFO,01/08/2024,09:39:39,25102.55,25100.05,25,25101.2,25,75,15553325
NIFTY-I.NFO,01/08/2024,09:39:41,25103.95,25100,350,25103.5,50,300,15553325
NIFTY-I.NFO,01/08/2024,09:39:42,25100.4,25100,350,25100.4,25,25,15553325
NIFTY-I.NFO,01/08/2024,09:39:44,25100,25100,175,25100.4,25,175,15553325
NIFTY-I.NFO,01/08/2024,09:39:46,25102,25100.05,25,25101.3,25,75,15553325
NIFTY-I.NFO,01/08/2024,09:39:47,25097.25,25097.1,200,25098,25,900,15553325
NIFTY-I.NFO,01/08/2024,09:39:49,25099,25097.55,200,25101.85,25,125,15553325
NIFTY-I.NFO,01/08/2024,09:39:51,25099.25,25099.45,200,25103.7,25,150,15553325
NIFTY-I.NFO,01/08/2024,09:39:52,25099.05,25099.05,200,25102,550,125,15553325
NIFTY-I.NFO,01/08/2024,09:39:54,25100,25100,225,25102,525,175,15553325
NIFTY-I.NFO,01/08/2024,09:39:56,25100,25100,125,25102,525,100,15553325
NIFTY-I.NFO,01/08/2024,09:39:57,25102,25100,50,25101.9,500,100,15553325
NIFTY-I.NFO,01/08/2024,09:39:59,25100,25100,25,25101.9,500,50,15553325
NIFTY-I.NFO,01/08/2024,09:40:01,25102,25100,25,25103,25,525,15553325
NIFTY-I.NFO,01/08/2024,09:40:02,25099.15,25099.25,175,25102.95,100,100,15553325
NIFTY-I.NFO,01/08/2024,09:40:04,25098.55,25098.55,275,25099.7,25,1050,15553325
NIFTY-I.NFO,01/08/2024,09:40:06,25098.55,25098.55,300,25099.2,25,50,15553325
NIFTY-I.NFO,01/08/2024,09:40:07,25098.95,25098.55,200,25099,25,300,15553325
NIFTY-I.NFO,01/08/2024,09:40:09,25097.85,25098.45,25,25099.45,25,500,15553325
NIFTY-I.NFO,01/08/2024,09:40:11,25099,25098.45,25,25098.8,25,1025,15553325
NIFTY-I.NFO,01/08/2024,09:40:12,25097.8,25097.9,25,25099.05,25,275,15553325
NIFTY-I.NFO,01/08/2024,09:40:14,25098.5,25098.5,25,25099.4,25,550,15553325
NIFTY-I.NFO,01/08/2024,09:40:16,25101.6,25098,25,25101.6,25,325,15553325
NIFTY-I.NFO,01/08/2024,09:40:17,25098.75,25098.85,50,25103.25,25,450,15553325
NIFTY-I.NFO,01/08/2024,09:40:19,25103.65,25099.85,25,25103.75,250,100,15553325
NIFTY-I.NFO,01/08/2024,09:40:21,25102,25101.35,150,25103.9,25,475,15553325
NIFTY-I.NFO,01/08/2024,09:40:22,25100.7,25100.7,25,25103.9,25,200,15553325
NIFTY-I.NFO,01/08/2024,09:40:24,25103.5,25100.15,25,25103.9,25,25,15553325
NIFTY-I.NFO,01/08/2024,09:40:26,25100,25100,125,25103.5,25,150,15553325
NIFTY-I.NFO,01/08/2024,09:40:27,25100.35,25100.4,25,25103.5,25,25,15553325
NIFTY-I.NFO,01/08/2024,09:40:29,25103,25101.1,75,25103,375,150,15553325
NIFTY-I.NFO,01/08/2024,09:40:31,25100.05,25100,150,25103,375,300,15553325
NIFTY-I.NFO,01/08/2024,09:40:32,25100.9,25100.9,75,25103,300,175,15553325
NIFTY-I.NFO,01/08/2024,09:40:34,25100.9,25100.85,25,25103,300,75,15553325
NIFTY-I.NFO,01/08/2024,09:40:36,25103,25101,25,25103,275,500,15553325
NIFTY-I.NFO,01/08/2024,09:40:37,25103.5,25102.4,25,25104,175,400,15553325
NIFTY-I.NFO,01/08/2024,09:40:39,25106,25103.4,50,25106,50,575,15553325
NIFTY-I.NFO,01/08/2024,09:40:41,25103.4,25104.2,150,25106,50,25,15553325
NIFTY-I.NFO,01/08/2024,09:40:42,25106,25104.3,50,25107,500,400,15553325
NIFTY-I.NFO,01/08/2024,09:40:44,25104.3,25103.05,25,25105.75,100,300,15553325
NIFTY-I.NFO,01/08/2024,09:40:46,25105.1,25101.5,25,25106.05,300,450,15553325
NIFTY-I.NFO,01/08/2024,09:40:47,25100,25100.15,25,25104.15,200,125,15553325
NIFTY-I.NFO,01/08/2024,09:40:49,25103.85,25100,275,25103.9,150,825,15553325
NIFTY-I.NFO,01/08/2024,09:40:51,25100.25,25100.2,125,25104.3,100,150,15553325
NIFTY-I.NFO,01/08/2024,09:40:52,25101.25,25101.25,275,25105,50,200,15553325
NIFTY-I.NFO,01/08/2024,09:40:54,25101.65,25101.9,200,25105,50,75,15553325
NIFTY-I.NFO,01/08/2024,09:40:56,25105,25101.9,50,25105.65,125,475,15553325
NIFTY-I.NFO,01/08/2024,09:40:58,25101.9,25101.9,250,25105.4,25,400,15553325
NIFTY-I.NFO,01/08/2024,09:40:59,25100.9,25101.9,250,25105,50,200,15553325
NIFTY-I.NFO,01/08/2024,09:41:01,25101.9,25101.9,175,25105,50,75,15553325
NIFTY-I.NFO,01/08/2024,09:41:03,25105,25102,125,25105,25,50,15553325
NIFTY-I.NFO,01/08/2024,09:41:04,25105.85,25103.05,300,25105.85,150,125,15553325
NIFTY-I.NFO,01/08/2024,09:41:06,25103.05,25103.05,350,25105.55,25,25,15553325
NIFTY-I.NFO,01/08/2024,09:41:07,25103.05,25103.05,350,25104.8,25,50,15553325
NIFTY-I.NFO,01/08/2024,09:41:09,25107.2,25103.45,50,25107.2,200,450,15553325
NIFTY-I.NFO,01/08/2024,09:41:11,25107.45,25106,25,25107.4,300,100,15553325
NIFTY-I.NFO,01/08/2024,09:41:12,25106,25106,150,25107.45,200,75,15553325
NIFTY-I.NFO,01/08/2024,09:41:14,25106,25106,125,25107.4,150,100,15553325
NIFTY-I.NFO,01/08/2024,09:41:16,25107.4,25106,75,25107.4,100,250,15553325
NIFTY-I.NFO,01/08/2024,09:41:17,25106,25106,75,25108,300,200,15553325
NIFTY-I.NFO,01/08/2024,09:41:19,25107.7,25107.4,25,25108.55,25,400,15553325
NIFTY-I.NFO,01/08/2024,09:41:21,25107.4,25106,50,25107.7,25,325,15553325
NIFTY-I.NFO,01/08/2024,09:41:22,25108.75,25106,175,25109,100,600,15553325
NIFTY-I.NFO,01/08/2024,09:41:24,25108.9,25106.1,125,25108.95,25,125,15553325
NIFTY-I.NFO,01/08/2024,09:41:26,25108.95,25106,150,25109,100,125,15553325
NIFTY-I.NFO,01/08/2024,09:41:27,25109,25106,150,25108.85,50,25,15553325
NIFTY-I.NFO,01/08/2024,09:41:29,25109.05,25106,125,25109.8,125,275,15553325
NIFTY-I.NFO,01/08/2024,09:41:31,25109.95,25106,125,25109.95,1775,125,15553325
NIFTY-I.NFO,01/08/2024,09:41:32,25109.95,25105.75,125,25109.95,1550,300,15553325
NIFTY-I.NFO,01/08/2024,09:41:34,25108,25108,175,25109.95,1550,25,15553325
NIFTY-I.NFO,01/08/2024,09:41:36,25108,25108,150,25109.95,1500,75,15553325
NIFTY-I.NFO,01/08/2024,09:41:37,25106.15,25106.8,125,25109.95,1500,300,15553325
NIFTY-I.NFO,01/08/2024,09:41:39,25109.85,25106.75,125,25109.95,150,1450,15553325
NIFTY-I.NFO,01/08/2024,09:41:41,25109.9,25108.05,150,25109.95,150,150,15553325
NIFTY-I.NFO,01/08/2024,09:41:42,25109.95,25108.05,250,25109.95,100,50,15553325
NIFTY-I.NFO,01/08/2024,09:41:44,25109.95,25108.05,250,25109.95,50,50,15553325
NIFTY-I.NFO,01/08/2024,09:41:46,25109.85,25108.05,150,25109.35,25,225,15553325
NIFTY-I.NFO,01/08/2024,09:41:47,25109.1,25108.05,150,25109.5,250,125,15553325
NIFTY-I.NFO,01/08/2024,09:41:49,25108.55,25107,200,25108.65,125,225,15553325
NIFTY-I.NFO,01/08/2024,09:41:51,25109.8,25107,175,25109.95,50,225,15553325
NIFTY-I.NFO,01/08/2024,09:41:52,25107,25107,100,25108.55,50,100,15553325
NIFTY-I.NFO,01/08/2024,09:41:54,25106.6,25107.05,275,25108.55,50,50,15553325
NIFTY-I.NFO,01/08/2024,09:41:56,25108.55,25107.05,175,25108.55,25,25,15553325
NIFTY-I.NFO,01/08/2024,09:41:57,25108.55,25107.05,350,25109,100,225,15553325
NIFTY-I.NFO,01/08/2024,09:41:59,25109,25108.5,25,25109,25,125,15553325
NIFTY-I.NFO,01/08/2024,09:42:01,25109.95,25107.05,300,25109.95,25,475,15553325
NIFTY-I.NFO,01/08/2024,09:42:02,25107.05,25107.05,200,25109.95,25,325,15553325
NIFTY-I.NFO,01/08/2024,09:42:04,25109,25107.1,150,25109.95,150,75,15553325
NIFTY-I.NFO,01/08/2024,09:42:06,25110,25107.1,150,25110,1900,450,15553325
NIFTY-I.NFO,01/08/2024,09:42:07,25110,25109.75,200,25110,1825,175,15553325
NIFTY-I.NFO,01/08/2024,09:42:09,25110,25109.75,250,25109.85,125,0,15553325
NIFTY-I.NFO,01/08/2024,09:42:11,25109.75,25107,175,25109.75,125,425,15553325
NIFTY-I.NFO,01/08/2024,09:42:12,25107,25107,50,25109.3,125,25,15553325
NIFTY-I.NFO,01/08/2024,09:42:14,25107,25107,25,25109.15,50,275,15553325
NIFTY-I.NFO,01/08/2024,09:42:16,25109.15,25107,125,25109.75,50,325,15553325
NIFTY-I.NFO,01/08/2024,09:42:17,25109.85,25107,125,25108.9,125,775,15553325
NIFTY-I.NFO,01/08/2024,09:42:19,25107,25106.1,125,25107.1,250,25,15553325
NIFTY-I.NFO,01/08/2024,09:42:21,25107,25106.1,125,25107.1,250,0,15553325
NIFTY-I.NFO,01/08/2024,09:42:22,25107.1,25106.1,125,25106.9,50,50,15553325
NIFTY-I.NFO,01/08/2024,09:42:24,25106.1,25106,175,25106.7,50,25,15553325
NIFTY-I.NFO,01/08/2024,09:42:25,25105.25,25105,125,25106.7,25,875,15553325
NIFTY-I.NFO,01/08/2024,09:42:27,25105.05,25105,225,25106.55,25,200,15553325
NIFTY-I.NFO,01/08/2024,09:42:29,25105,25104.8,25,25105.05,275,175,15553325
NIFTY-I.NFO,01/08/2024,09:42:30,25103.4,25103.45,275,25107,500,475,15553325
NIFTY-I.NFO,01/08/2024,09:42:32,25107,25105.9,350,25107,475,50,15553325
NIFTY-I.NFO,01/08/2024,09:42:34,25107,25105.9,225,25107,275,325,15553325
NIFTY-I.NFO,01/08/2024,09:42:35,25105.85,25105,100,25105.3,350,425,15553325
NIFTY-I.NFO,01/08/2024,09:42:37,25105.1,25102,25,25104.3,125,125,15553325
NIFTY-I.NFO,01/08/2024,09:42:39,25097.8,25096.1,200,25097.9,350,5250,15559550
NIFTY-I.NFO,01/08/2024,09:42:40,25098.75,25096.1,200,25097.75,600,175,15559550
NIFTY-I.NFO,01/08/2024,09:42:42,25100.45,25096.35,50,25100.45,75,2875,15559550
NIFTY-I.NFO,01/08/2024,09:42:44,25099.5,25096.65,50,25100.85,25,600,15559550
NIFTY-I.NFO,01/08/2024,09:42:45,25103.35,25098.75,150,25101.8,350,1875,15559550
NIFTY-I.NFO,01/08/2024,09:42:47,25100,25099.4,300,25102.65,25,125,15559550
NIFTY-I.NFO,01/08/2024,09:42:49,25106.4,25103.3,200,25107,50,2450,15559550
NIFTY-I.NFO,01/08/2024,09:42:50,25104.35,25103.7,50,25106.05,25,100,15559550
NIFTY-I.NFO,01/08/2024,09:42:52,25109.95,25107.95,50,25110,1850,2000,15559550
NIFTY-I.NFO,01/08/2024,09:42:54,25110.85,25106.75,50,25110.8,225,2025,15559550
NIFTY-I.NFO,01/08/2024,09:42:55,25110.35,25106.35,200,25110.15,25,175,15559550
NIFTY-I.NFO,01/08/2024,09:42:57,25110.1,25107.5,150,25110.6,25,200,15559550
NIFTY-I.NFO,01/08/2024,09:42:59,25106.7,25106.75,125,25109.95,475,1150,15559550
NIFTY-I.NFO,01/08/2024,09:43:00,25106.7,25106.35,100,25109.4,200,0,15559550
NIFTY-I.NFO,01/08/2024,09:43:02,25106.35,25106.35,150,25109.85,25,1950,15559550
NIFTY-I.NFO,01/08/2024,09:43:04,25106.35,25106.4,150,25110,25,0,15559550
NIFTY-I.NFO,01/08/2024,09:43:05,25109.95,25106.35,150,25109.4,125,125,15559550
NIFTY-I.NFO,01/08/2024,09:43:07,25106.35,25106.1,600,25108.5,125,50,15559550
NIFTY-I.NFO,01/08/2024,09:43:09,25108.35,25106.1,600,25108.9,250,225,15559550
NIFTY-I.NFO,01/08/2024,09:43:11,25106.1,25106.05,350,25107.45,250,575,15559550
NIFTY-I.NFO,01/08/2024,09:43:14,25105,25104,100,25106.25,150,825,15559550
NIFTY-I.NFO,01/08/2024,09:43:16,25105,25104,100,25105.9,150,0,15559550
NIFTY-I.NFO,01/08/2024,09:43:17,25104,25104,25,25105,25,275,15559550
NIFTY-I.NFO,01/08/2024,09:43:19,25104.7,25100.9,125,25105.4,100,350,15559550
NIFTY-I.NFO,01/08/2024,09:43:21,25105.3,25101.35,150,25105.25,25,600,15559550
NIFTY-I.NFO,01/08/2024,09:43:22,25100.65,25100.9,300,25105,25,825,15559550
NIFTY-I.NFO,01/08/2024,09:43:24,25100,25099.15,125,25103.45,75,250,15559550
NIFTY-I.NFO,01/08/2024,09:43:26,25099.8,25098.75,175,25102.65,25,300,15559550
NIFTY-I.NFO,01/08/2024,09:43:27,25102.8,25098.8,125,25103.05,25,200,15559550
NIFTY-I.NFO,01/08/2024,09:43:29,25104.8,25100.55,325,25104.65,25,150,15559550
NIFTY-I.NFO,01/08/2024,09:43:31,25104.65,25100,100,25103,300,25,15559550
NIFTY-I.NFO,01/08/2024,09:43:32,25098.75,25098.75,25,25102.15,200,1175,15559550
NIFTY-I.NFO,01/08/2024,09:43:34,25098.75,25098,50,25099.15,1500,400,15559550
NIFTY-I.NFO,01/08/2024,09:43:36,25099.15,25098.75,25,25099.15,1475,25,15559550
NIFTY-I.NFO,01/08/2024,09:43:37,25099.15,25098.75,25,25099.15,1475,0,15559550
NIFTY-I.NFO,01/08/2024,09:43:39,25099.15,25098,150,25099.15,1450,50,15559550
NIFTY-I.NFO,01/08/2024,09:43:41,25099.15,25099.15,300,25100,25,1600,15559550
NIFTY-I.NFO,01/08/2024,09:43:42,25101,25099.65,25,25103.35,25,125,15559550
NIFTY-I.NFO,01/08/2024,09:43:44,25099.15,25099,100,25100,400,275,15559550
NIFTY-I.NFO,01/08/2024,09:43:46,25100,25099,25,25099.15,25,225,15559550
NIFTY-I.NFO,01/08/2024,09:43:47,25103.1,25102.5,25,25103.3,25,775,15559550
NIFTY-I.NFO,01/08/2024,09:43:49,25100,25100,75,25102.5,400,325,15559550
NIFTY-I.NFO,01/08/2024,09:43:51,25100.75,25100,75,25102.5,400,25,15559550
NIFTY-I.NFO,01/08/2024,09:43:52,25100.75,25100,100,25102.25,200,0,15559550
NIFTY-I.NFO,01/08/2024,09:43:54,25100,25099.2,25,25100,175,500,15559550
NIFTY-I.NFO,01/08/2024,09:43:56,25100,25098.7,400,25100,25,200,15559550
NIFTY-I.NFO,01/08/2024,09:43:57,25100,25098.65,125,25100,50,25,15559550
NIFTY-I.NFO,01/08/2024,09:43:59,25098.05,25098.1,300,25099.2,25,25,15559550
NIFTY-I.NFO,01/08/2024,09:44:01,25100,25100,975,25103.7,200,150,15559550
NIFTY-I.NFO,01/08/2024,09:44:02,25102,25100,975,25103.15,150,25,15559550
NIFTY-I.NFO,01/08/2024,09:44:04,25100,25100.35,150,25104.2,25,100,15559550
NIFTY-I.NFO,01/08/2024,09:44:06,25100,25100,825,25103.75,250,425,15559550
NIFTY-I.NFO,01/08/2024,09:44:07,25100,25100,825,25103,25,25,15559550
NIFTY-I.NFO,01/08/2024,09:44:09,25103.7,25100.75,175,25103.75,25,325,15559550
NIFTY-I.NFO,01/08/2024,09:44:11,25100.75,25100.75,125,25103,50,75,15559550
NIFTY-I.NFO,01/08/2024,09:44:12,25103.55,25100.8,125,25103.2,200,225,15559550
NIFTY-I.NFO,01/08/2024,09:44:14,25100.75,25100.35,400,25102.85,250,250,15559550
NIFTY-I.NFO,01/08/2024,09:44:16,25102.9,25100.35,500,25102.95,250,225,15559550
NIFTY-I.NFO,01/08/2024,09:44:17,25100.35,25100.35,275,25102.5,25,175,15559550
NIFTY-I.NFO,01/08/2024,09:44:19,25103,25102.5,200,25105,3775,1725,15559550
NIFTY-I.NFO,01/08/2024,09:44:21,25102.5,25102.5,175,25104.9,125,25,15559550
NIFTY-I.NFO,01/08/2024,09:44:22,25102.45,25100.75,25,25103,25,125,15559550
NIFTY-I.NFO,01/08/2024,09:44:24,25102,25100.75,25,25103,25,125,15559550
NIFTY-I.NFO,01/08/2024,09:44:26,25100.75,25100.35,375,25104.3,25,75,15559550
NIFTY-I.NFO,01/08/2024,09:44:27,25103.8,25100.4,150,25103.9,25,200,15559550
NIFTY-I.NFO,01/08/2024,09:44:29,25100.35,25100.35,350,25103.75,150,300,15559550
NIFTY-I.NFO,01/08/2024,09:44:31,25103.75,25101,200,25102,50,75,15559550
NIFTY-I.NFO,01/08/2024,09:44:32,25101,25100.35,350,25102,25,125,15559550
NIFTY-I.NFO,01/08/2024,09:44:34,25101,25100.35,350,25102,50,0,15559550
NIFTY-I.NFO,01/08/2024,09:44:36,25102,25100.5,200,25102,225,25,15559550
NIFTY-I.NFO,01/08/2024,09:44:37,25102,25100.5,200,25102,200,150,15559550
NIFTY-I.NFO,01/08/2024,09:44:39,25102,25100.5,150,25102,175,75,15559550
NIFTY-I.NFO,01/08/2024,09:44:40,25102,25100.5,150,25102,175,0,15559550
NIFTY-I.NFO,01/08/2024,09:44:42,25102,25100.35,350,25102,75,250,15559550
NIFTY-I.NFO,01/08/2024,09:44:44,25100.35,25100.35,325,25100.5,100,25,15559550
NIFTY-I.NFO,01/08/2024,09:44:45,25103.2,25100.1,125,25100.5,50,825,15559550
NIFTY-I.NFO,01/08/2024,09:44:47,25100.1,25100,850,25102.3,125,100,15559550
NIFTY-I.NFO,01/08/2024,09:44:49,25100.1,25100,950,25102.1,50,0,15559550
NIFTY-I.NFO,01/08/2024,09:44:50,25102.35,25100,950,25100.1,100,125,15559550
NIFTY-I.NFO,01/08/2024,09:44:52,25100.1,25098,25,25100.1,325,1000,15559550
NIFTY-I.NFO,01/08/2024,09:44:54,25100,25098.05,300,25100,1150,75,15559550
NIFTY-I.NFO,01/08/2024,09:44:55,25097.25,25097,325,25099.95,50,50,15559550
NIFTY-I.NFO,01/08/2024,09:44:57,25098,25097.3,125,25098,75,125,15559550
NIFTY-I.NFO,01/08/2024,09:44:59,25097.5,25097,200,25098,200,25,15559550
NIFTY-I.NFO,01/08/2024,09:45:00,25097.4,25098.25,125,25100,825,350,15559550
NIFTY-I.NFO,01/08/2024,09:45:02,25098,25099.15,25,25099.9,50,100,15559550
NIFTY-I.NFO,01/08/2024,09:45:04,25100,25097.15,200,25100,825,250,15559550
NIFTY-I.NFO,01/08/2024,09:45:05,25100,25097.2,400,25099.15,25,0,15559550
NIFTY-I.NFO,01/08/2024,09:45:07,25098,25097,250,25098,275,300,15559550
NIFTY-I.NFO,01/08/2024,09:45:09,25098.25,25097,325,25098.25,25,325,15559550
NIFTY-I.NFO,01/08/2024,09:45:10,25097,25097,225,25098.9,25,475,15559550
NIFTY-I.NFO,01/08/2024,09:45:12,25097.3,25097.7,275,25099.5,25,975,15559550
NIFTY-I.NFO,01/08/2024,09:45:14,25097.9,25097.9,325,25099.6,25,200,15559550
NIFTY-I.NFO,01/08/2024,09:45:15,25097.9,25098.65,25,25099.15,25,50,15559550
NIFTY-I.NFO,01/08/2024,09:45:17,25098.65,25097.55,25,25098.7,25,25,15559550
NIFTY-I.NFO,01/08/2024,09:45:19,25101.85,25098.4,250,25102.15,25,725,15559550
NIFTY-I.NFO,01/08/2024,09:45:20,25098.65,25098.65,175,25101.9,25,100,15559550
NIFTY-I.NFO,01/08/2024,09:45:22,25098.35,25097.8,150,25101.55,225,150,15559550
NIFTY-I.NFO,01/08/2024,09:45:24,25096.15,25095.9,125,25100.2,50,1350,15559550
NIFTY-I.NFO,01/08/2024,09:45:25,25098.9,25096,150,25099.85,25,50,15559550
NIFTY-I.NFO,01/08/2024,09:45:27,25101.2,25099,25,25101.25,225,375,15559550
NIFTY-I.NFO,01/08/2024,09:45:29,25097.45,25097.5,150,25100,25,50,15559550
NIFTY-I.NFO,01/08/2024,09:45:30,25100,25097.5,225,25099,500,25,15559550
NIFTY-I.NFO,01/08/2024,09:45:32,25097.7,25097.7,150,25099,500,50,15559550
NIFTY-I.NFO,01/08/2024,09:45:34,25097.5,25097.4,500,25099,475,50,15559550
NIFTY-I.NFO,01/08/2024,09:45:35,25099,25098,25,25099,425,50,15559550
NIFTY-I.NFO,01/08/2024,09:45:37,25099,25098,125,25099,375,50,15559550
NIFTY-I.NFO,01/08/2024,09:45:39,25099,25098,125,25099,375,0,15559550
NIFTY-I.NFO,01/08/2024,09:45:40,25097.7,25097.4,600,25098.85,125,50,15569300
NIFTY-I.NFO,01/08/2024,09:45:42,25098.95,25098,25,25099,650,200,15569300
NIFTY-I.NFO,01/08/2024,09:45:44,25099,25098,25,25099,375,25,15569300
NIFTY-I.NFO,01/08/2024,09:45:45,25099,25098,125,25098.35,200,50,15569300
NIFTY-I.NFO,01/08/2024,09:45:47,25099,25098,25,25098.35,200,0,15569300
NIFTY-I.NFO,01/08/2024,09:45:49,25098.35,25097.4,400,25098.35,125,200,15569300
NIFTY-I.NFO,01/08/2024,09:45:50,25097.4,25097.4,225,25099,775,500,15569300
NIFTY-I.NFO,01/08/2024,09:45:52,25098.65,25097.7,1000,25099,725,100,15569300
NIFTY-I.NFO,01/08/2024,09:45:54,25095.55,25095.8,125,25099,725,4100,15569300
NIFTY-I.NFO,01/08/2024,09:45:55,25098,25098,375,25099,700,125,15569300
NIFTY-I.NFO,01/08/2024,09:45:57,25098,25098,100,25099,600,200,15569300
NIFTY-I.NFO,01/08/2024,09:45:59,25098.95,25098,100,25099,600,50,15569300
NIFTY-I.NFO,01/08/2024,09:46:00,25093.45,25095.55,225,25099,575,8800,15569300
NIFTY-I.NFO,01/08/2024,09:46:02,25098.1,25095.1,25,25097.85,50,175,15569300
NIFTY-I.NFO,01/08/2024,09:46:04,25095.35,25095.35,75,25098.45,25,150,15569300
NIFTY-I.NFO,01/08/2024,09:46:05,25098.85,25098,25,25099,575,175,15569300
NIFTY-I.NFO,01/08/2024,09:46:07,25095.2,25094.7,125,25098.2,125,50,15569300
NIFTY-I.NFO,01/08/2024,09:46:09,25098,25095.35,125,25098,400,150,15569300
NIFTY-I.NFO,01/08/2024,09:46:10,25098.4,25095.35,125,25098.4,125,450,15569300
NIFTY-I.NFO,01/08/2024,09:46:12,25095.35,25094.65,200,25098,300,125,15569300
NIFTY-I.NFO,01/08/2024,09:46:13,25094.45,25094.3,125,25097,1150,175,15569300
NIFTY-I.NFO,01/08/2024,09:46:15,25097,25095,200,25097,1100,50,15569300
NIFTY-I.NFO,01/08/2024,09:46:17,25097,25095,200,25097,1075,25,15569300
NIFTY-I.NFO,01/08/2024,09:46:18,25097,25095,200,25097,1025,50,15569300
NIFTY-I.NFO,01/08/2024,09:46:20,25097,25095.05,300,25098,300,1075,15569300
NIFTY-I.NFO,01/08/2024,09:46:22,25098,25095.05,425,25098,200,100,15569300
NIFTY-I.NFO,01/08/2024,09:46:23,25096.5,25092.85,175,25095,50,500,15569300
NIFTY-I.NFO,01/08/2024,09:46:25,25095,25092.85,125,25095,25,75,15569300
NIFTY-I.NFO,01/08/2024,09:46:27,25095.5,25093.6,150,25097.4,125,250,15569300
NIFTY-I.NFO,01/08/2024,09:46:28,25095.2,25095.2,225,25098,225,75,15569300
NIFTY-I.NFO,01/08/2024,09:46:30,25096.25,25096.45,125,25098,200,175,15569300
NIFTY-I.NFO,01/08/2024,09:46:32,25101,25097.45,25,25100.7,300,2050,15569300
NIFTY-I.NFO,01/08/2024,09:46:33,25100,25097.05,25,25100.7,150,175,15569300
NIFTY-I.NFO,01/08/2024,09:46:35,25097.05,25097.75,125,25101,275,225,15569300
NIFTY-I.NFO,01/08/2024,09:46:37,25098.5,25098.4,125,25101,275,100,15569300
NIFTY-I.NFO,01/08/2024,09:46:38,25100.95,25100.7,25,25101,375,275,15569300
NIFTY-I.NFO,01/08/2024,09:46:40,25098.05,25098,125,25101,225,150,15569300
NIFTY-I.NFO,01/08/2024,09:46:42,25101,25098.4,125,25101,150,100,15569300
NIFTY-I.NFO,01/08/2024,09:46:43,25101,25098,125,25101,300,75,15569300
NIFTY-I.NFO,01/08/2024,09:46:45,25098,25098.2,125,25100,300,25,15569300
NIFTY-I.NFO,01/08/2024,09:46:47,25098,25098,50,25098.9,350,0,15569300
NIFTY-I.NFO,01/08/2024,09:46:48,25095.8,25096.05,100,25100,325,150,15569300
NIFTY-I.NFO,01/08/2024,09:46:50,25095.8,25097,150,25099.9,300,0,15569300
NIFTY-I.NFO,01/08/2024,09:46:52,25100,25097,50,25099.1,300,375,15569300
NIFTY-I.NFO,01/08/2024,09:46:53,25098.3,25094.45,100,25098.75,200,5125,15569300
NIFTY-I.NFO,01/08/2024,09:46:55,25092.65,25093.85,125,25098.15,200,350,15569300
NIFTY-I.NFO,01/08/2024,09:46:57,25092.95,25092.5,200,25096.7,25,400,15569300
NIFTY-I.NFO,01/08/2024,09:46:58,25096.45,25092.5,125,25096.3,300,375,15569300
NIFTY-I.NFO,01/08/2024,09:47:00,25096.8,25092.1,125,25094.45,50,25,15569300
NIFTY-I.NFO,01/08/2024,09:47:02,25095,25095,75,25097.1,150,200,15569300
NIFTY-I.NFO,01/08/2024,09:47:03,25097.45,25096.55,25,25097.7,125,50,15569300
NIFTY-I.NFO,01/08/2024,09:47:05,25097.3,25093.9,200,25097.5,25,225,15569300
NIFTY-I.NFO,01/08/2024,09:47:07,25097.3,25095,50,25097.5,125,0,15569300
NIFTY-I.NFO,01/08/2024,09:47:08,25097,25096.25,25,25096.9,125,25,15569300
NIFTY-I.NFO,01/08/2024,09:47:10,25098.25,25096.9,225,25098.35,50,75,15569300
NIFTY-I.NFO,01/08/2024,09:47:12,25097.6,25096.9,25,25097.5,325,125,15569300
NIFTY-I.NFO,01/08/2024,09:47:13,25095,25094,125,25095,25,275,15569300
NIFTY-I.NFO,01/08/2024,09:47:15,25096.35,25095.5,25,25096.65,350,50,15569300
NIFTY-I.NFO,01/08/2024,09:47:17,25097.1,25094,125,25095.5,25,125,15569300
NIFTY-I.NFO,01/08/2024,09:47:18,25095.5,25095,25,25097.75,225,25,15569300
NIFTY-I.NFO,01/08/2024,09:47:20,25097,25093.5,125,25097.4,425,325,15569300
NIFTY-I.NFO,01/08/2024,09:47:22,25096.7,25093.5,150,25097.6,250,1975,15569300
NIFTY-I.NFO,01/08/2024,09:47:23,25096,25093.5,150,25096,225,50,15569300
NIFTY-I.NFO,01/08/2024,09:47:25,25096,25094,125,25096,200,50,15569300
NIFTY-I.NFO,01/08/2024,09:47:27,25096,25094,50,25096.95,200,1850,15569300
NIFTY-I.NFO,01/08/2024,09:47:28,25097.15,25094,125,25096.9,150,1425,15569300
NIFTY-I.NFO,01/08/2024,09:47:30,25094,25093,50,25095,125,175,15569300
NIFTY-I.NFO,01/08/2024,09:47:32,25095,25092,675,25095.8,125,275,15569300
NIFTY-I.NFO,01/08/2024,09:47:33,25096.6,25092.6,100,25097,150,325,15569300
NIFTY-I.NFO,01/08/2024,09:47:35,25094,25092.7,25,25093.5,50,75,15569300
NIFTY-I.NFO,01/08/2024,09:47:37,25093.5,25092,700,25093.5,25,25,15569300
NIFTY-I.NFO,01/08/2024,09:47:38,25092,25092,550,25094,125,200,15569300
NIFTY-I.NFO,01/08/2024,09:47:40,25095,25095,1525,25096,150,275,15569300
NIFTY-I.NFO,01/08/2024,09:47:42,25095,25095,1275,25095.7,125,250,15569300
NIFTY-I.NFO,01/08/2024,09:47:43,25095,25095,1200,25096,50,175,15569300
NIFTY-I.NFO,01/08/2024,09:47:45,25095,25095,1050,25096,150,50,15569300
NIFTY-I.NFO,01/08/2024,09:47:47,25095,25095.5,25,25096,50,200,15569300
NIFTY-I.NFO,01/08/2024,09:47:48,25095,25095,700,25096,350,200,15569300
NIFTY-I.NFO,01/08/2024,09:47:50,25095,25095,625,25096,350,75,15569300
NIFTY-I.NFO,01/08/2024,09:47:52,25095,25095,450,25095.5,125,275,15569300
NIFTY-I.NFO,01/08/2024,09:47:53,25095,25095,425,25095.5,325,125,15569300
NIFTY-I.NFO,01/08/2024,09:47:55,25095,25095,325,25095.5,325,100,15569300
NIFTY-I.NFO,01/08/2024,09:47:57,25095.65,25095.8,125,25097,50,450,15569300
NIFTY-I.NFO,01/08/2024,09:47:58,25095,25094.55,125,25095,225,275,15569300
NIFTY-I.NFO,01/08/2024,09:48:00,25098.8,25097,25,25098.05,125,275,15569300
NIFTY-I.NFO,01/08/2024,09:48:02,25097,25094.9,125,25097.85,200,25,15569300
NIFTY-I.NFO,01/08/2024,09:48:03,25099,25095,150,25099,150,325,15569300
NIFTY-I.NFO,01/08/2024,09:48:05,25098.05,25094.9,125,25097.8,150,200,15569300
NIFTY-I.NFO,01/08/2024,09:48:07,25097.8,25094.9,125,25097.8,525,50,15569300
NIFTY-I.NFO,01/08/2024,09:48:08,25092.05,25092.05,100,25095.2,175,100,15569300
NIFTY-I.NFO,01/08/2024,09:48:10,25095.05,25092,525,25095.1,25,100,15569300
NIFTY-I.NFO,01/08/2024,09:48:12,25093.4,25092.8,150,25097.15,25,225,15569300
NIFTY-I.NFO,01/08/2024,09:48:13,25092,25092,425,25094,575,300,15569300
NIFTY-I.NFO,01/08/2024,09:48:15,25091.05,25091,2175,25092,100,400,15569300
NIFTY-I.NFO,01/08/2024,09:48:17,25091,25091.05,25,25094,550,400,15569300
NIFTY-I.NFO,01/08/2024,09:48:18,25094,25091.05,25,25094,425,350,15569300
NIFTY-I.NFO,01/08/2024,09:48:20,25094,25092,125,25094,375,75,15569300
NIFTY-I.NFO,01/08/2024,09:48:21,25092.05,25092.05,75,25096.15,25,625,15569300
NIFTY-I.NFO,01/08/2024,09:48:23,25094,25092.2,125,25095,50,75,15569300
NIFTY-I.NFO,01/08/2024,09:48:25,25091.35,25091.35,125,25095.45,125,250,15569300
NIFTY-I.NFO,01/08/2024,09:48:26,25094.95,25091.25,125,25095,125,275,15569300
NIFTY-I.NFO,01/08/2024,09:48:28,25091,25091,1650,25094.65,775,725,15569300
NIFTY-I.NFO,01/08/2024,09:48:29,25094.95,25091,1750,25094.9,25,125,15569300
NIFTY-I.NFO,01/08/2024,09:48:31,25091.35,25091,1700,25094.9,25,325,15569300
NIFTY-I.NFO,01/08/2024,09:48:33,25091.05,25091.05,75,25094.9,25,50,15569300
NIFTY-I.NFO,01/08/2024,09:48:34,25094.9,25091,1475,25094.95,125,175,15569300
NIFTY-I.NFO,01/08/2024,09:48:36,25095.55,25094.95,25,25095.75,125,525,15569300
NIFTY-I.NFO,01/08/2024,09:48:38,25094.9,25092.7,250,25096.65,25,325,15569300
NIFTY-I.NFO,01/08/2024,09:48:39,25095,25094.7,25,25096.8,150,75,15569075
NIFTY-I.NFO,01/08/2024,09:48:41,25094.15,25094.3,25,25097,50,325,15569075
NIFTY-I.NFO,01/08/2024,09:48:43,25094.45,25096.8,50,25097,50,125,15569075
NIFTY-I.NFO,01/08/2024,09:48:44,25097,25097,2000,25098,25,50,15569075
NIFTY-I.NFO,01/08/2024,09:48:46,25097,25097,1900,25098,50,100,15569075
NIFTY-I.NFO,01/08/2024,09:48:48,25097,25097,1900,25099,25,125,15569075
NIFTY-I.NFO,01/08/2024,09:48:49,25098.8,25096.8,25,25098.65,300,2050,15569075
NIFTY-I.NFO,01/08/2024,09:48:51,25098.7,25096.8,25,25099,300,25,15569075
NIFTY-I.NFO,01/08/2024,09:48:53,25098.7,25097.9,75,25098,25,0,15569075
NIFTY-I.NFO,01/08/2024,09:48:54,25099.65,25097.9,75,25099.65,275,50,15569075
NIFTY-I.NFO,01/08/2024,09:48:56,25099.65,25098.55,1225,25099.8,75,225,15569075
NIFTY-I.NFO,01/08/2024,09:48:58,25100,25098.55,1325,25099.85,25,125,15569075
NIFTY-I.NFO,01/08/2024,09:48:59,25099,25098.6,125,25100,25,150,15569075
NIFTY-I.NFO,01/08/2024,09:49:01,25102.4,25101,50,25103.95,125,2350,15569075
NIFTY-I.NFO,01/08/2024,09:49:03,25103.3,25102.95,150,25104.95,275,50,15569075
NIFTY-I.NFO,01/08/2024,09:49:04,25103.6,25104.7,50,25106.2,25,5800,15569075
NIFTY-I.NFO,01/08/2024,09:49:06,25109,25108,50,25109.95,25,2500,15569075
NIFTY-I.NFO,01/08/2024,09:49:08,25108.35,25104.25,100,25108.2,25,1625,15569075
NIFTY-I.NFO,01/08/2024,09:49:09,25107.5,25107.55,25,25111,75,500,15569075
NIFTY-I.NFO,01/08/2024,09:49:11,25109.8,25105.85,25,25109.9,50,150,15569075
NIFTY-I.NFO,01/08/2024,09:49:13,25108,25106.1,25,25109.65,150,300,15569075
NIFTY-I.NFO,01/08/2024,09:49:14,25109.4,25106.2,25,25109,125,300,15569075
NIFTY-I.NFO,01/08/2024,09:49:16,25109.5,25104.7,100,25108.35,50,525,15569075
NIFTY-I.NFO,01/08/2024,09:49:18,25108.75,25106.55,25,25109.05,125,25,15569075
NIFTY-I.NFO,01/08/2024,09:49:19,25109.05,25105.1,250,25108.8,150,450,15569075
NIFTY-I.NFO,01/08/2024,09:49:21,25105.5,25105.5,175,25108.8,50,575,15569075
