Ticker,Date,Time,LTP,BuyPrice,BuyQty,SellPrice,SellQty,LTQ,OpenInterest
BANKNIFTY-III.NFO,09/12/2024,09:15:14,54307.9,54166.75,120,54307.8,90,30,55380
BANKNIFTY-III.NFO,09/12/2024,09:15:14,54307.9,54166.75,120,54307.8,90,0,55380
BANKNIFTY-III.NFO,09/12/2024,09:15:14,54307.9,54166.75,120,54307.8,90,0,55380
BANKNIFTY-III.NFO,09/12/2024,09:15:14,54307.9,54166.75,120,54307.8,90,0,55380
BANKNIFTY-III.NFO,09/12/2024,09:15:16,54166.85,54176.85,120,54307.5,120,30,55380
BANKNIFTY-III.NFO,09/12/2024,09:15:16,54166.85,54176.85,120,54307.5,120,0,55380
BANKNIFTY-III.NFO,09/12/2024,09:15:18,54166.85,54186.95,120,54307.2,120,0,55380
BANKNIFTY-III.NFO,09/12/2024,09:15:20,54166.85,54200.05,120,54306.8,120,0,55380
BANKNIFTY-III.NFO,09/12/2024,09:15:22,54166.85,54210.15,120,54299.85,120,0,55380
BANKNIFTY-III.NFO,09/12/2024,09:15:24,54166.85,54220.25,120,54299.55,120,0,55380
BANKNIFTY-III.NFO,09/12/2024,09:15:26,54166.85,54230.35,120,54299.25,120,0,55380
BANKNIFTY-III.NFO,09/12/2024,09:15:28,54166.85,54240.45,120,54299.95,120,0,55380
BANKNIFTY-III.NFO,09/12/2024,09:15:30,54166.85,54250.65,120,54299.95,120,0,55380
BANKNIFTY-III.NFO,09/12/2024,09:15:32,54166.85,54260.5,60,54299.85,120,0,55380
BANKNIFTY-III.NFO,09/12/2024,09:15:34,54166.85,54210.15,120,54299.75,120,0,55380
BANKNIFTY-III.NFO,09/12/2024,09:15:36,54215.25,54220.25,90,54299.65,120,30,55380
BANKNIFTY-III.NFO,09/12/2024,09:15:38,54215.25,54230.35,90,54299.45,120,0,55380
BANKNIFTY-III.NFO,09/12/2024,09:15:40,54215.25,54240.45,90,54299.15,120,0,55380
BANKNIFTY-III.NFO,09/12/2024,09:15:42,54215.25,54250.55,90,54299.05,120,0,55380
BANKNIFTY-III.NFO,09/12/2024,09:15:44,54215.25,54260.45,90,54298.95,120,0,55380
BANKNIFTY-III.NFO,09/12/2024,09:15:46,54215.25,54265.4,60,54299.95,120,0,55380
BANKNIFTY-III.NFO,09/12/2024,09:15:48,54215.25,54268.85,90,54299.95,120,0,55380
BANKNIFTY-III.NFO,09/12/2024,09:15:50,54300,54305.05,90,54394.75,120,150,55380
BANKNIFTY-III.NFO,09/12/2024,09:15:52,54300,54315.15,90,54394.45,120,0,55380
BANKNIFTY-III.NFO,09/12/2024,09:15:53,54300,54320.25,90,54394.15,120,0,55380
BANKNIFTY-III.NFO,09/12/2024,09:15:55,54300,54330.25,90,54393.85,120,0,55380
BANKNIFTY-III.NFO,09/12/2024,09:15:57,54300,54303.05,90,54393.55,120,0,55380
BANKNIFTY-III.NFO,09/12/2024,09:15:59,54300,54313.15,90,54393.25,120,0,55380
BANKNIFTY-III.NFO,09/12/2024,09:16:01,54300,54323.25,90,54392.95,120,0,55380
BANKNIFTY-III.NFO,09/12/2024,09:16:03,54328.3,54305.05,90,54392.65,180,30,55380
BANKNIFTY-III.NFO,09/12/2024,09:16:03,54328.3,54305.05,90,54392.65,180,0,55380
BANKNIFTY-III.NFO,09/12/2024,09:16:05,54328.3,54314.95,90,54392.35,180,0,55380
BANKNIFTY-III.NFO,09/12/2024,09:16:07,54328.3,54324.85,90,54392.05,180,0,55380
BANKNIFTY-III.NFO,09/12/2024,09:16:09,54328.3,54309.45,90,54388.4,120,0,55380
BANKNIFTY-III.NFO,09/12/2024,09:16:11,54328.3,54319.05,90,54388.1,120,0,55380
BANKNIFTY-III.NFO,09/12/2024,09:16:13,54328.3,54300.25,150,54387.8,120,0,55380
BANKNIFTY-III.NFO,09/12/2024,09:16:15,54328.3,54310.15,90,54387.5,180,0,55380
BANKNIFTY-III.NFO,09/12/2024,09:16:17,54328.3,54320.05,90,54387.2,180,0,55380
BANKNIFTY-III.NFO,09/12/2024,09:16:19,54387.1,54329.85,120,54386.9,150,60,55380
BANKNIFTY-III.NFO,09/12/2024,09:16:19,54387.1,54329.85,120,54386.9,150,0,55380
BANKNIFTY-III.NFO,09/12/2024,09:16:21,54387.1,54339.55,120,54386.6,90,0,55380
BANKNIFTY-III.NFO,09/12/2024,09:16:23,54387.1,54304.75,120,54394.55,90,0,55380
BANKNIFTY-III.NFO,09/12/2024,09:16:25,54394.35,54314.95,120,54394.25,60,30,55380
BANKNIFTY-III.NFO,09/12/2024,09:16:25,54394.35,54314.95,120,54394.25,60,0,55380
BANKNIFTY-III.NFO,09/12/2024,09:16:27,54394.35,54325.05,120,54394.05,60,0,55380
BANKNIFTY-III.NFO,09/12/2024,09:16:29,54394.35,54335.25,120,54393.85,60,0,55380
BANKNIFTY-III.NFO,09/12/2024,09:16:31,54394.35,54345.35,120,54394.85,60,0,55380
BANKNIFTY-III.NFO,09/12/2024,09:16:33,54394.05,54306.25,120,54394.85,120,30,55380
BANKNIFTY-III.NFO,09/12/2024,09:16:35,54394.05,54316.35,120,54394.6,60,0,55380
BANKNIFTY-III.NFO,09/12/2024,09:16:37,54394.05,54326.25,120,54394.4,120,0,55380
BANKNIFTY-III.NFO,09/12/2024,09:16:39,54394.05,54336.15,120,54394,120,0,55380
BANKNIFTY-III.NFO,09/12/2024,09:16:41,54394.05,54350.05,120,54393.7,120,0,55380
BANKNIFTY-III.NFO,09/12/2024,09:16:43,54394.05,54350.05,120,54393.4,60,0,55380
BANKNIFTY-III.NFO,09/12/2024,09:16:45,54394.05,54350,30,54393.1,60,0,55380
BANKNIFTY-III.NFO,09/12/2024,09:16:47,54394.05,54350.05,120,54392.7,60,0,55380
BANKNIFTY-III.NFO,09/12/2024,09:16:49,54394.05,54350.05,120,54392.4,60,0,55380
BANKNIFTY-III.NFO,09/12/2024,09:16:51,54392.3,54350,30,54392.1,30,30,55380
BANKNIFTY-III.NFO,09/12/2024,09:16:53,54392.3,54350,30,54391.8,30,0,55380
BANKNIFTY-III.NFO,09/12/2024,09:16:55,54391.6,54350,30,54391.65,150,30,55380
BANKNIFTY-III.NFO,09/12/2024,09:16:57,54391.6,54350,30,54391.55,210,0,55380
BANKNIFTY-III.NFO,09/12/2024,09:16:59,54391.6,54350,30,54391.45,180,0,55380
BANKNIFTY-III.NFO,09/12/2024,09:17:01,54391.6,54350,30,54391.3,60,0,55380
BANKNIFTY-III.NFO,09/12/2024,09:17:03,54350,54310.15,120,54391.15,90,30,55380
BANKNIFTY-III.NFO,09/12/2024,09:17:05,54350,54304.4,120,54361.8,30,0,55380
BANKNIFTY-III.NFO,09/12/2024,09:17:07,54350,54260.05,120,54361.7,300,0,55380
BANKNIFTY-III.NFO,09/12/2024,09:17:09,54350,54270.05,120,54361.6,300,0,55380
BANKNIFTY-III.NFO,09/12/2024,09:17:11,54350,54279.95,120,54361.5,300,0,55380
BANKNIFTY-III.NFO,09/12/2024,09:17:13,54350,54289.75,120,54361.35,90,0,55380
BANKNIFTY-III.NFO,09/12/2024,09:17:15,54350,54259.45,120,54359,240,0,55380
BANKNIFTY-III.NFO,09/12/2024,09:17:17,54350,54269.35,120,54358.9,300,0,55380
BANKNIFTY-III.NFO,09/12/2024,09:17:19,54274.35,54279.25,120,54358.6,30,30,55380
BANKNIFTY-III.NFO,09/12/2024,09:17:21,54274.35,54289.05,120,54358.3,30,0,55380
BANKNIFTY-III.NFO,09/12/2024,09:17:23,54274.35,54298.85,120,54358,30,0,55380
BANKNIFTY-III.NFO,09/12/2024,09:17:25,54274.35,54274.45,120,54357.7,30,0,55380
BANKNIFTY-III.NFO,09/12/2024,09:17:27,54274.35,54284.35,120,54357.4,30,0,55380
BANKNIFTY-III.NFO,09/12/2024,09:17:29,54274.35,54293.9,60,54337.8,30,0,55380
BANKNIFTY-III.NFO,09/12/2024,09:17:31,54274.35,54284.45,120,54337.5,30,0,55380
BANKNIFTY-III.NFO,09/12/2024,09:17:33,54274.35,54289.75,120,54337.2,30,0,55380
BANKNIFTY-III.NFO,09/12/2024,09:17:35,54274.35,54289.75,120,54336.9,30,0,55380
BANKNIFTY-III.NFO,09/12/2024,09:17:37,54274.35,54279.35,120,54336.6,30,0,55380
BANKNIFTY-III.NFO,09/12/2024,09:17:39,54274.35,54288.75,120,54336.3,30,0,55380
BANKNIFTY-III.NFO,09/12/2024,09:17:41,54274.35,54289.95,120,54336,30,0,55380
BANKNIFTY-III.NFO,09/12/2024,09:17:43,54274.35,54290.55,120,54335.6,30,0,55380
BANKNIFTY-III.NFO,09/12/2024,09:17:45,54274.35,54290.65,120,54335.3,30,0,55380
BANKNIFTY-III.NFO,09/12/2024,09:17:47,54274.35,54274.45,120,54335.1,30,0,55380
BANKNIFTY-III.NFO,09/12/2024,09:17:49,54274.35,54284.55,120,54334.9,30,0,55380
BANKNIFTY-III.NFO,09/12/2024,09:17:51,54274.35,54294.65,120,54361.35,30,0,55380
BANKNIFTY-III.NFO,09/12/2024,09:17:53,54274.35,54304.45,120,54361.05,30,0,55380
BANKNIFTY-III.NFO,09/12/2024,09:17:55,54274.35,54274.95,120,54360.75,90,0,55380
BANKNIFTY-III.NFO,09/12/2024,09:17:57,54274.35,54284.85,120,54360.45,90,0,55380
BANKNIFTY-III.NFO,09/12/2024,09:17:59,54274.35,54294.75,120,54360.15,90,0,55380
BANKNIFTY-III.NFO,09/12/2024,09:18:01,54274.35,54299.65,120,54359.85,90,0,55380
BANKNIFTY-III.NFO,09/12/2024,09:18:03,54274.35,54301.85,120,54357.65,30,0,55380
BANKNIFTY-III.NFO,09/12/2024,09:18:05,54274.35,54274.35,120,54357.35,30,0,55380
BANKNIFTY-III.NFO,09/12/2024,09:18:07,54274.35,54284.05,120,54357.05,90,0,55380
BANKNIFTY-III.NFO,09/12/2024,09:18:09,54274.35,54293.95,120,54356.75,90,0,55380
BANKNIFTY-III.NFO,09/12/2024,09:18:11,54274.35,54301.05,120,54356.35,30,0,55380
BANKNIFTY-III.NFO,09/12/2024,09:18:13,54274.35,54288.95,120,54356.05,30,0,55380
BANKNIFTY-III.NFO,09/12/2024,09:18:15,54274.35,54296.35,120,54346.1,30,0,55380
BANKNIFTY-III.NFO,09/12/2024,09:18:16,54274.35,54274.25,120,54345.8,90,0,55380
BANKNIFTY-III.NFO,09/12/2024,09:18:18,54274.35,54284.35,120,54345.5,30,0,55380
BANKNIFTY-III.NFO,09/12/2024,09:18:20,54274.35,54294.45,120,54345.3,30,0,55380
BANKNIFTY-III.NFO,09/12/2024,09:18:21,54274.35,54299.55,120,54345.2,30,0,55380
BANKNIFTY-III.NFO,09/12/2024,09:18:23,54274.35,54309.45,120,54370.15,90,0,55380
BANKNIFTY-III.NFO,09/12/2024,09:18:24,54274.35,54309.45,120,54358.7,30,0,55380
BANKNIFTY-III.NFO,09/12/2024,09:18:26,54274.35,54284.15,120,54357.1,30,0,55380
BANKNIFTY-III.NFO,09/12/2024,09:18:28,54274.35,54294.25,120,54356.8,30,0,55380
BANKNIFTY-III.NFO,09/12/2024,09:18:29,54274.35,54299.35,120,54356.6,30,0,55380
BANKNIFTY-III.NFO,09/12/2024,09:18:31,54274.35,54304.35,120,54356.3,30,0,55380
BANKNIFTY-III.NFO,09/12/2024,09:18:33,54274.35,54284.25,120,54352.8,30,0,55380
BANKNIFTY-III.NFO,09/12/2024,09:18:34,54274.35,54289.35,120,54352.6,30,0,55380
BANKNIFTY-III.NFO,09/12/2024,09:18:36,54274.35,54299.25,120,54352.3,30,0,55380
BANKNIFTY-III.NFO,09/12/2024,09:18:38,54274.35,54300.25,180,54352,30,0,55380
BANKNIFTY-III.NFO,09/12/2024,09:18:39,54274.35,54309.35,120,54351.7,30,0,55380
BANKNIFTY-III.NFO,09/12/2024,09:18:41,54274.35,54294.4,120,54351.4,30,0,55380
BANKNIFTY-III.NFO,09/12/2024,09:18:42,54274.35,54299.5,120,54351.2,30,0,55380
BANKNIFTY-III.NFO,09/12/2024,09:18:44,54274.35,54309.5,120,54350.9,30,0,55380
BANKNIFTY-III.NFO,09/12/2024,09:18:46,54274.35,54304.5,120,54350.6,30,0,55380
BANKNIFTY-III.NFO,09/12/2024,09:18:47,54274.35,54309.5,120,54350.3,30,0,55380
BANKNIFTY-III.NFO,09/12/2024,09:18:49,54274.35,54315.6,120,54350.2,30,0,55380
BANKNIFTY-III.NFO,09/12/2024,09:18:51,54274.35,54305.6,120,54350,30,0,55380
BANKNIFTY-III.NFO,09/12/2024,09:18:52,54274.35,54308.1,120,54349.7,30,0,55380
BANKNIFTY-III.NFO,09/12/2024,09:18:54,54274.35,54313.2,120,54349.4,30,0,55380
BANKNIFTY-III.NFO,09/12/2024,09:18:55,54274.35,54320.95,120,54349.3,30,0,55380
BANKNIFTY-III.NFO,09/12/2024,09:18:57,54274.35,54321.05,120,54349.1,30,0,55380
BANKNIFTY-III.NFO,09/12/2024,09:18:59,54274.35,54321.95,120,54367.7,30,0,55380
BANKNIFTY-III.NFO,09/12/2024,09:19:00,54274.35,54319.9,120,54367.4,30,0,55380
BANKNIFTY-III.NFO,09/12/2024,09:19:02,54274.35,54323.1,120,54367.1,30,0,55380
BANKNIFTY-III.NFO,09/12/2024,09:19:04,54323.1,54319.7,120,54366.9,60,30,55500
BANKNIFTY-III.NFO,09/12/2024,09:19:05,54366.7,54324.1,120,54366.75,90,60,55500
BANKNIFTY-III.NFO,09/12/2024,09:19:07,54366.7,54322.1,120,54366.65,90,0,55500
BANKNIFTY-III.NFO,09/12/2024,09:19:09,54366.7,54328.4,120,54366.55,30,0,55500
BANKNIFTY-III.NFO,09/12/2024,09:19:10,54366.7,54326.2,120,54366.45,30,0,55500
BANKNIFTY-III.NFO,09/12/2024,09:19:12,54366.7,54330,120,54366.35,30,0,55500
BANKNIFTY-III.NFO,09/12/2024,09:19:13,54366.7,54328.5,120,54366.35,30,0,55500
BANKNIFTY-III.NFO,09/12/2024,09:19:15,54366.7,54333,120,54366.35,30,0,55500
BANKNIFTY-III.NFO,09/12/2024,09:19:17,54366.7,54334,120,54366.35,30,0,55500
BANKNIFTY-III.NFO,09/12/2024,09:19:18,54366.7,54336,120,54384.95,60,0,55500
BANKNIFTY-III.NFO,09/12/2024,09:19:20,54366.7,54329.5,120,54384.85,210,0,55500
BANKNIFTY-III.NFO,09/12/2024,09:19:22,54366.7,54333.6,120,54384.75,210,0,55500
BANKNIFTY-III.NFO,09/12/2024,09:19:23,54366.7,54333.6,120,54384.65,150,0,55500
BANKNIFTY-III.NFO,09/12/2024,09:19:25,54366.7,54324.3,120,54384.55,210,0,55500
BANKNIFTY-III.NFO,09/12/2024,09:19:27,54366.7,54332.4,120,54384.45,150,0,55500
BANKNIFTY-III.NFO,09/12/2024,09:19:28,54366.7,54324.2,120,54381.7,30,0,55500
BANKNIFTY-III.NFO,09/12/2024,09:19:30,54366.7,54331.1,120,54381.6,150,0,55500
BANKNIFTY-III.NFO,09/12/2024,09:19:32,54366.7,54329.5,120,54381.5,210,0,55500
BANKNIFTY-III.NFO,09/12/2024,09:19:33,54366.7,54333.4,120,54381.4,30,0,55500
BANKNIFTY-III.NFO,09/12/2024,09:19:35,54366.7,54335.15,120,54381.3,30,0,55500
BANKNIFTY-III.NFO,09/12/2024,09:19:37,54366.7,54329.2,120,54381.15,60,0,55500
BANKNIFTY-III.NFO,09/12/2024,09:19:38,54366.7,54337,120,54381.05,30,0,55500
BANKNIFTY-III.NFO,09/12/2024,09:19:40,54366.7,54340.6,120,54381.05,30,0,55500
BANKNIFTY-III.NFO,09/12/2024,09:19:42,54366.7,54341.4,120,54380.7,30,0,55500
BANKNIFTY-III.NFO,09/12/2024,09:19:43,54366.7,54341.5,180,54380.7,30,0,55500
BANKNIFTY-III.NFO,09/12/2024,09:19:45,54366.7,54341.6,120,54380.7,30,0,55500
BANKNIFTY-III.NFO,09/12/2024,09:19:47,54366.7,54341.7,120,54380.7,30,0,55500
BANKNIFTY-III.NFO,09/12/2024,09:19:48,54366.7,54341.8,120,54380.65,30,0,55500
BANKNIFTY-III.NFO,09/12/2024,09:19:50,54366.7,54334.6,120,54380.7,30,0,55500
BANKNIFTY-III.NFO,09/12/2024,09:19:52,54366.7,54336.3,120,54380.7,30,0,55500
BANKNIFTY-III.NFO,09/12/2024,09:19:53,54380.7,54322.2,120,54394.95,120,30,55500
BANKNIFTY-III.NFO,09/12/2024,09:19:55,54380.7,54366.75,120,54394.95,60,0,55500
BANKNIFTY-III.NFO,09/12/2024,09:19:57,54380.7,54366.7,90,54394.95,60,0,55500
BANKNIFTY-III.NFO,09/12/2024,09:20:00,54380.7,54366.7,90,54394.1,210,0,55500
BANKNIFTY-III.NFO,09/12/2024,09:20:02,54380.7,54366.7,90,54384.55,30,0,55500
BANKNIFTY-III.NFO,09/12/2024,09:20:03,54380.7,54366.7,90,54384.4,60,0,55500
BANKNIFTY-III.NFO,09/12/2024,09:20:05,54380.7,54366.7,90,54384.3,30,0,55500
BANKNIFTY-III.NFO,09/12/2024,09:20:07,54380.7,54366.7,90,54384.2,30,0,55500
BANKNIFTY-III.NFO,09/12/2024,09:20:08,54380.7,54366.7,120,54384.2,30,0,55500
BANKNIFTY-III.NFO,09/12/2024,09:20:10,54380.7,54366.75,120,54384.2,30,0,55500
BANKNIFTY-III.NFO,09/12/2024,09:20:17,54380.7,54369.35,120,54394.95,60,0,55500
BANKNIFTY-III.NFO,09/12/2024,09:20:18,54380.7,54366.75,120,54394.95,60,0,55500
BANKNIFTY-III.NFO,09/12/2024,09:20:25,54380.7,54366.75,120,54394.9,60,0,55500
BANKNIFTY-III.NFO,09/12/2024,09:20:27,54380.7,54366.75,120,54394.85,60,0,55500
BANKNIFTY-III.NFO,09/12/2024,09:20:28,54380.7,54366.7,90,54392.85,300,0,55500
BANKNIFTY-III.NFO,09/12/2024,09:20:30,54380.7,54366.7,90,54388.75,30,0,55500
BANKNIFTY-III.NFO,09/12/2024,09:20:31,54380.7,54366.7,90,54388.65,90,0,55500
BANKNIFTY-III.NFO,09/12/2024,09:20:33,54380.7,54366.7,90,54384.65,90,0,55500
BANKNIFTY-III.NFO,09/12/2024,09:20:35,54380.7,54366.7,90,54384.5,60,0,55500
BANKNIFTY-III.NFO,09/12/2024,09:20:36,54380.7,54366.7,90,54383.9,300,0,55500
BANKNIFTY-III.NFO,09/12/2024,09:20:38,54381.75,54349.35,120,54381.75,30,30,55500
BANKNIFTY-III.NFO,09/12/2024,09:20:40,54381.75,54349.35,120,54381.65,90,0,55500
BANKNIFTY-III.NFO,09/12/2024,09:20:41,54381.75,54341.85,120,54377.2,300,0,55500
BANKNIFTY-III.NFO,09/12/2024,09:20:43,54381.75,54322,120,54372.6,210,0,55500
BANKNIFTY-III.NFO,09/12/2024,09:20:45,54381.75,54318.4,120,54365.8,150,0,55500
BANKNIFTY-III.NFO,09/12/2024,09:20:46,54381.75,54296.05,120,54365.65,60,0,55500
BANKNIFTY-III.NFO,09/12/2024,09:20:48,54381.75,54305.95,120,54377.1,120,0,55500
BANKNIFTY-III.NFO,09/12/2024,09:20:49,54381.75,54311.05,120,54376.7,60,0,55500
BANKNIFTY-III.NFO,09/12/2024,09:20:51,54381.75,54320.95,120,54376.6,150,0,55500
BANKNIFTY-III.NFO,09/12/2024,09:20:53,54381.75,54327.55,120,54376.5,150,0,55500
BANKNIFTY-III.NFO,09/12/2024,09:20:54,54381.75,54333.15,120,54376.4,90,0,55500
BANKNIFTY-III.NFO,09/12/2024,09:20:56,54381.75,54330.15,120,54376.3,90,0,55500
BANKNIFTY-III.NFO,09/12/2024,09:20:58,54381.75,54333.05,120,54376.2,30,0,55500
BANKNIFTY-III.NFO,09/12/2024,09:20:59,54381.75,54338.15,120,54381.75,60,0,55500
BANKNIFTY-III.NFO,09/12/2024,09:21:01,54381.75,54345.95,120,54385.75,30,0,55500
BANKNIFTY-III.NFO,09/12/2024,09:21:02,54381.75,54327.85,120,54385.8,90,0,55500
BANKNIFTY-III.NFO,09/12/2024,09:21:04,54381.75,54337.85,120,54385.8,90,0,55500
BANKNIFTY-III.NFO,09/12/2024,09:21:06,54381.75,54337.95,120,54385.75,90,0,55500
BANKNIFTY-III.NFO,09/12/2024,09:21:07,54381.75,54332.25,120,54385.75,90,0,55500
BANKNIFTY-III.NFO,09/12/2024,09:21:09,54381.75,54335.65,180,54385.6,120,0,55500
BANKNIFTY-III.NFO,09/12/2024,09:21:10,54381.75,54337.65,120,54385.5,30,0,55500
BANKNIFTY-III.NFO,09/12/2024,09:21:12,54381.75,54338.35,120,54385.4,30,0,55500
BANKNIFTY-III.NFO,09/12/2024,09:21:14,54381.75,54338.55,120,54385.25,60,0,55500
BANKNIFTY-III.NFO,09/12/2024,09:21:15,54381.75,54338.75,120,54385.15,30,0,55500
BANKNIFTY-III.NFO,09/12/2024,09:21:17,54381.75,54338.75,120,54385.05,30,0,55500
BANKNIFTY-III.NFO,09/12/2024,09:21:19,54381.75,54338.95,120,54384.95,30,0,55500
BANKNIFTY-III.NFO,09/12/2024,09:21:20,54381.75,54331.25,120,54384.8,180,0,55500
BANKNIFTY-III.NFO,09/12/2024,09:21:22,54381.75,54331.25,120,54384.7,210,0,55500
BANKNIFTY-III.NFO,09/12/2024,09:21:24,54381.75,54331.25,120,54384.6,210,0,55500
BANKNIFTY-III.NFO,09/12/2024,09:21:25,54384.5,54292.35,120,54384.5,210,30,55500
BANKNIFTY-III.NFO,09/12/2024,09:21:27,54384.5,54302.55,120,54384.4,210,0,55500
BANKNIFTY-III.NFO,09/12/2024,09:21:29,54384.5,54312.45,120,54384.25,90,0,55500
BANKNIFTY-III.NFO,09/12/2024,09:21:30,54384.5,54317.45,120,54382.4,150,0,55500
BANKNIFTY-III.NFO,09/12/2024,09:21:32,54384.5,54294.9,120,54372.2,210,0,55500
BANKNIFTY-III.NFO,09/12/2024,09:21:33,54384.5,54299.9,120,54372.1,210,0,55500
BANKNIFTY-III.NFO,09/12/2024,09:21:35,54384.5,54309.8,120,54372,210,0,55500
BANKNIFTY-III.NFO,09/12/2024,09:21:37,54384.5,54319.9,120,54371.9,150,0,55500
BANKNIFTY-III.NFO,09/12/2024,09:21:38,54384.5,54324.8,120,54371.8,90,0,55500
BANKNIFTY-III.NFO,09/12/2024,09:21:40,54384.5,54319.5,120,54371.7,150,0,55500
BANKNIFTY-III.NFO,09/12/2024,09:21:42,54384.5,54320,180,54368.95,270,0,55500
BANKNIFTY-III.NFO,09/12/2024,09:21:43,54384.5,54314.9,120,54368.4,150,0,55500
BANKNIFTY-III.NFO,09/12/2024,09:21:45,54384.5,54296.2,120,54368.3,210,0,55500
BANKNIFTY-III.NFO,09/12/2024,09:21:47,54384.5,54306.1,120,54368.2,210,0,55500
BANKNIFTY-III.NFO,09/12/2024,09:21:48,54384.5,54311.2,120,54368.1,150,0,55500
BANKNIFTY-III.NFO,09/12/2024,09:21:50,54384.5,54317,120,54368,150,0,55500
BANKNIFTY-III.NFO,09/12/2024,09:21:52,54384.5,54317.1,120,54367.9,210,0,55500
BANKNIFTY-III.NFO,09/12/2024,09:21:53,54384.5,54295.1,120,54367.8,210,0,55500
BANKNIFTY-III.NFO,09/12/2024,09:21:55,54384.5,54305.2,120,54367.7,90,0,55500
BANKNIFTY-III.NFO,09/12/2024,09:21:57,54384.5,54315.3,120,54367.6,150,0,55500
BANKNIFTY-III.NFO,09/12/2024,09:21:58,54384.5,54319,120,54367.5,90,0,55500
BANKNIFTY-III.NFO,09/12/2024,09:22:00,54384.5,54328.1,120,54367.4,30,0,55500
BANKNIFTY-III.NFO,09/12/2024,09:22:02,54384.5,54330.3,120,54367.4,30,0,55500
BANKNIFTY-III.NFO,09/12/2024,09:22:03,54384.5,54327.4,120,54367.4,30,0,55500
BANKNIFTY-III.NFO,09/12/2024,09:22:05,54384.5,54320.3,120,54360,30,0,55500
BANKNIFTY-III.NFO,09/12/2024,09:22:07,54384.5,54325,120,54360,30,0,55500
BANKNIFTY-III.NFO,09/12/2024,09:22:08,54384.5,54302.35,120,54360,30,0,55500
BANKNIFTY-III.NFO,09/12/2024,09:22:10,54384.5,54312.25,120,54360,30,0,55500
BANKNIFTY-III.NFO,09/12/2024,09:22:12,54384.5,54322.35,120,54360,30,0,55500
BANKNIFTY-III.NFO,09/12/2024,09:22:14,54360,54327.35,120,54384.45,240,30,55650
BANKNIFTY-III.NFO,09/12/2024,09:22:15,54360,54330.85,120,54384.45,240,0,55650
BANKNIFTY-III.NFO,09/12/2024,09:22:17,54360,54331.75,180,54384.45,240,0,55650
BANKNIFTY-III.NFO,09/12/2024,09:22:19,54360,54331.95,120,54384.45,180,0,55650
BANKNIFTY-III.NFO,09/12/2024,09:22:20,54360,54332.05,120,54384.35,150,0,55650
BANKNIFTY-III.NFO,09/12/2024,09:22:22,54360,54332.05,120,54384.25,150,0,55650
BANKNIFTY-III.NFO,09/12/2024,09:22:24,54360,54332.05,120,54384.15,90,0,55650
BANKNIFTY-III.NFO,09/12/2024,09:22:25,54360,54327.45,120,54384.05,210,0,55650
BANKNIFTY-III.NFO,09/12/2024,09:22:27,54360,54317.25,120,54375.75,90,0,55650
BANKNIFTY-III.NFO,09/12/2024,09:22:29,54360,54297.1,120,54375.65,240,0,55650
BANKNIFTY-III.NFO,09/12/2024,09:22:30,54360,54302.1,120,54375.55,240,0,55650
BANKNIFTY-III.NFO,09/12/2024,09:22:32,54360,54312.1,120,54367.15,60,30,55650
BANKNIFTY-III.NFO,09/12/2024,09:22:34,54360,54315.8,120,54367.05,150,0,55650
BANKNIFTY-III.NFO,09/12/2024,09:22:35,54360,54310.8,120,54366.9,90,0,55650
BANKNIFTY-III.NFO,09/12/2024,09:22:37,54360,54300.5,120,54359.2,150,0,55650
BANKNIFTY-III.NFO,09/12/2024,09:22:39,54360,54306.6,180,54355.95,150,0,55650
BANKNIFTY-III.NFO,09/12/2024,09:22:40,54360,54308.8,120,54355.85,150,0,55650
BANKNIFTY-III.NFO,09/12/2024,09:22:42,54360,54308.8,120,54355.75,150,0,55650
BANKNIFTY-III.NFO,09/12/2024,09:22:44,54360,54300.2,120,54355.65,210,0,55650
BANKNIFTY-III.NFO,09/12/2024,09:22:45,54360,54304.8,180,54355.55,210,0,55650
BANKNIFTY-III.NFO,09/12/2024,09:22:47,54360,54307,120,54355.45,150,0,55650
BANKNIFTY-III.NFO,09/12/2024,09:22:49,54360,54300.2,120,54355.35,150,0,55650
BANKNIFTY-III.NFO,09/12/2024,09:22:50,54360,54305.2,120,54355.25,150,0,55650
BANKNIFTY-III.NFO,09/12/2024,09:22:52,54360,54293.05,120,54355.15,30,0,55650
BANKNIFTY-III.NFO,09/12/2024,09:22:54,54360,54307.05,120,54355.05,30,0,55650
BANKNIFTY-III.NFO,09/12/2024,09:22:55,54360,54312.05,120,54367.1,120,0,55650
BANKNIFTY-III.NFO,09/12/2024,09:22:57,54360,54322.05,120,54367.1,120,0,55650
BANKNIFTY-III.NFO,09/12/2024,09:22:59,54360,54323.75,120,54367.1,120,0,55650
BANKNIFTY-III.NFO,09/12/2024,09:23:00,54360,54323.95,120,54367.1,120,0,55650
BANKNIFTY-III.NFO,09/12/2024,09:23:02,54360,54325.95,120,54367.1,120,0,55650
BANKNIFTY-III.NFO,09/12/2024,09:23:04,54360,54331.05,120,54367.1,120,0,55650
BANKNIFTY-III.NFO,09/12/2024,09:23:05,54360,54331.95,120,54367.1,60,0,55650
BANKNIFTY-III.NFO,09/12/2024,09:23:07,54360,54328.45,120,54367,30,0,55650
BANKNIFTY-III.NFO,09/12/2024,09:23:09,54360,54330.75,120,54366.9,30,0,55650
BANKNIFTY-III.NFO,09/12/2024,09:23:10,54360,54331.25,120,54366.8,30,0,55650
BANKNIFTY-III.NFO,09/12/2024,09:23:12,54360,54332.05,120,54366.7,30,0,55650
BANKNIFTY-III.NFO,09/12/2024,09:23:14,54360,54332.15,120,54384.45,120,0,55650
BANKNIFTY-III.NFO,09/12/2024,09:23:15,54360,54336.05,120,54384.45,120,0,55650
BANKNIFTY-III.NFO,09/12/2024,09:23:17,54360,54338.15,120,54384.45,60,0,55650
BANKNIFTY-III.NFO,09/12/2024,09:23:19,54360,54334.8,120,54384.45,60,0,55650
BANKNIFTY-III.NFO,09/12/2024,09:23:20,54360,54337.7,120,54384.45,30,0,55650
BANKNIFTY-III.NFO,09/12/2024,09:23:22,54360,54337.8,120,54384.45,30,0,55650
BANKNIFTY-III.NFO,09/12/2024,09:23:24,54360,54337.9,120,54385.75,30,0,55650
BANKNIFTY-III.NFO,09/12/2024,09:23:25,54360,54339,120,54385.75,30,0,55650
BANKNIFTY-III.NFO,09/12/2024,09:23:27,54360,54341,120,54385.8,30,0,55650
BANKNIFTY-III.NFO,09/12/2024,09:23:29,54360,54341.2,120,54385.75,30,0,55650
BANKNIFTY-III.NFO,09/12/2024,09:23:30,54360,54341.3,120,54385.8,30,0,55650
BANKNIFTY-III.NFO,09/12/2024,09:23:32,54360,54341.4,120,54385.8,30,0,55650
BANKNIFTY-III.NFO,09/12/2024,09:23:34,54360,54341.5,120,54385.8,30,0,55650
BANKNIFTY-III.NFO,09/12/2024,09:23:35,54360,54341.6,120,54385.4,30,0,55650
BANKNIFTY-III.NFO,09/12/2024,09:23:37,54360,54341.7,120,54384.25,150,0,55650
BANKNIFTY-III.NFO,09/12/2024,09:23:39,54360,54341.8,120,54382.1,150,0,55650
BANKNIFTY-III.NFO,09/12/2024,09:23:40,54360,54341.9,120,54383.65,150,0,55650
BANKNIFTY-III.NFO,09/12/2024,09:23:42,54360,54342,120,54384.95,30,0,55650
BANKNIFTY-III.NFO,09/12/2024,09:23:44,54360,54342.1,120,54384.95,180,0,55650
BANKNIFTY-III.NFO,09/12/2024,09:23:45,54360,54342.2,120,54383.55,30,0,55650
BANKNIFTY-III.NFO,09/12/2024,09:23:47,54360,54342.3,120,54384.85,30,0,55650
BANKNIFTY-III.NFO,09/12/2024,09:23:49,54360,54342.4,120,54384.85,30,0,55650
BANKNIFTY-III.NFO,09/12/2024,09:23:50,54360,54342.5,120,54384.85,30,0,55650
BANKNIFTY-III.NFO,09/12/2024,09:23:52,54360,54342.6,120,54384.85,30,0,55650
BANKNIFTY-III.NFO,09/12/2024,09:23:54,54360,54342.7,120,54385.8,30,0,55650
BANKNIFTY-III.NFO,09/12/2024,09:23:55,54360,54342.8,120,54385.8,30,0,55650
BANKNIFTY-III.NFO,09/12/2024,09:23:57,54360,54342.9,120,54385.8,30,0,55650
BANKNIFTY-III.NFO,09/12/2024,09:23:59,54360,54345.9,120,54392,60,0,55650
BANKNIFTY-III.NFO,09/12/2024,09:24:00,54360,54360.05,120,54392,60,0,55650
BANKNIFTY-III.NFO,09/12/2024,09:24:04,54360,54360.05,120,54391.95,30,0,55650
BANKNIFTY-III.NFO,09/12/2024,09:24:05,54360,54360,30,54391.95,30,0,55650
BANKNIFTY-III.NFO,09/12/2024,09:24:10,54360,54360,60,54382.8,60,0,55650
BANKNIFTY-III.NFO,09/12/2024,09:24:12,54360,54360,30,54381.75,30,0,55650
BANKNIFTY-III.NFO,09/12/2024,09:24:13,54360,54360.05,30,54382.8,30,0,55650
BANKNIFTY-III.NFO,09/12/2024,09:24:14,54360,54360.05,150,54382.8,30,0,55650
BANKNIFTY-III.NFO,09/12/2024,09:24:16,54382.8,54360.1,120,54384.3,30,30,55650
BANKNIFTY-III.NFO,09/12/2024,09:24:17,54382.8,54360.1,120,54384.3,30,0,55650
BANKNIFTY-III.NFO,09/12/2024,09:24:19,54382.8,54362.6,120,54392,60,0,55650
BANKNIFTY-III.NFO,09/12/2024,09:24:20,54382.8,54367.2,120,54392,60,0,55650
BANKNIFTY-III.NFO,09/12/2024,09:24:22,54392,54378.2,150,54392,30,30,55650
BANKNIFTY-III.NFO,09/12/2024,09:24:23,54392,54378.3,120,54392,30,0,55650
BANKNIFTY-III.NFO,09/12/2024,09:24:25,54392,54382.85,150,54395,30,30,55650
BANKNIFTY-III.NFO,09/12/2024,09:24:27,54392,54382.85,150,54395,30,0,55650
BANKNIFTY-III.NFO,09/12/2024,09:24:31,54395,54384.65,150,54400,240,30,55740
BANKNIFTY-III.NFO,09/12/2024,09:24:31,54395,54384.65,150,54400,240,0,55740
BANKNIFTY-III.NFO,09/12/2024,09:24:33,54395,54384.65,150,54400,240,0,55740
BANKNIFTY-III.NFO,09/12/2024,09:24:34,54400,54386.15,210,54400,180,60,55740
BANKNIFTY-III.NFO,09/12/2024,09:24:34,54400,54386.15,210,54400,180,0,55740
BANKNIFTY-III.NFO,09/12/2024,09:24:36,54400,54388.1,180,54400,180,0,55740
BANKNIFTY-III.NFO,09/12/2024,09:24:38,54400,54389.5,120,54400,150,30,55740
BANKNIFTY-III.NFO,09/12/2024,09:24:39,54400,54389.5,120,54400,150,0,55740
BANKNIFTY-III.NFO,09/12/2024,09:24:43,54400,54382.9,120,54400,150,0,55740
BANKNIFTY-III.NFO,09/12/2024,09:24:48,54400,54385.3,180,54400,150,0,55740
BANKNIFTY-III.NFO,09/12/2024,09:24:49,54400,54385.4,120,54400,150,0,55740
BANKNIFTY-III.NFO,09/12/2024,09:24:51,54400,54385.5,180,54400,150,0,55740
BANKNIFTY-III.NFO,09/12/2024,09:24:52,54400,54385.6,120,54400,150,0,55740
BANKNIFTY-III.NFO,09/12/2024,09:24:54,54400,54385.9,120,54400,120,30,55740
BANKNIFTY-III.NFO,09/12/2024,09:24:55,54400,54388.9,180,54400,120,0,55740
BANKNIFTY-III.NFO,09/12/2024,09:24:57,54400,54398.6,120,54431.2,30,120,55740
BANKNIFTY-III.NFO,09/12/2024,09:24:59,54400,54406.4,120,54435.55,30,0,55740
BANKNIFTY-III.NFO,09/12/2024,09:25:00,54400,54405.4,120,54436.95,30,0,55740
BANKNIFTY-III.NFO,09/12/2024,09:25:02,54400,54406.95,60,54436.3,90,0,55740
BANKNIFTY-III.NFO,09/12/2024,09:25:03,54400,54408.9,120,54438.85,30,0,55740
BANKNIFTY-III.NFO,09/12/2024,09:25:05,54400,54402.25,120,54436.45,90,0,55740
BANKNIFTY-III.NFO,09/12/2024,09:25:06,54400,54395.2,120,54433.35,30,0,55740
BANKNIFTY-III.NFO,09/12/2024,09:25:08,54400,54405.15,60,54432.5,30,0,55740
BANKNIFTY-III.NFO,09/12/2024,09:25:09,54400,54397.7,120,54432.25,30,0,55740
BANKNIFTY-III.NFO,09/12/2024,09:25:12,54400,54403.85,60,54431.25,30,0,55740
BANKNIFTY-III.NFO,09/12/2024,09:25:13,54400,54407.3,120,54432.25,30,0,55740
BANKNIFTY-III.NFO,09/12/2024,09:25:15,54400,54400.05,150,54424.65,60,0,55740
BANKNIFTY-III.NFO,09/12/2024,09:25:16,54400,54400.05,150,54423.65,30,0,55740
BANKNIFTY-III.NFO,09/12/2024,09:25:18,54400,54401.25,120,54430.9,30,0,55740
BANKNIFTY-III.NFO,09/12/2024,09:25:20,54400,54401.95,120,54432.25,30,0,55740
BANKNIFTY-III.NFO,09/12/2024,09:25:21,54400,54400.7,120,54429.75,30,0,55740
BANKNIFTY-III.NFO,09/12/2024,09:25:23,54400,54400.7,120,54424.2,30,0,55740
BANKNIFTY-III.NFO,09/12/2024,09:25:26,54400,54400,30,54419.35,30,0,55740
BANKNIFTY-III.NFO,09/12/2024,09:25:28,54400,54400,30,54417.6,30,0,55740
BANKNIFTY-III.NFO,09/12/2024,09:25:30,54400,54400,30,54416.8,30,0,55740
BANKNIFTY-III.NFO,09/12/2024,09:25:33,54400,54400.05,120,54416.8,30,0,55740
BANKNIFTY-III.NFO,09/12/2024,09:25:35,54400,54400.05,150,54421.75,30,0,55740
BANKNIFTY-III.NFO,09/12/2024,09:25:38,54400,54401.15,180,54430.7,30,0,55740
BANKNIFTY-III.NFO,09/12/2024,09:25:40,54400,54402.55,120,54432.25,30,0,55740
BANKNIFTY-III.NFO,09/12/2024,09:25:41,54400,54406.45,120,54437.05,30,0,55740
BANKNIFTY-III.NFO,09/12/2024,09:25:43,54406.55,54406.95,120,54437.05,30,90,55740
BANKNIFTY-III.NFO,09/12/2024,09:25:43,54406.55,54406.95,120,54437.05,30,0,55740
BANKNIFTY-III.NFO,09/12/2024,09:25:45,54406.55,54420.45,120,54455.25,90,0,55740
BANKNIFTY-III.NFO,09/12/2024,09:25:46,54406.55,54425.45,120,54456,90,0,55740
BANKNIFTY-III.NFO,09/12/2024,09:25:48,54406.55,54416.35,120,54463.25,90,0,55740
BANKNIFTY-III.NFO,09/12/2024,09:25:50,54406.55,54416.45,120,54453.4,90,0,55740
BANKNIFTY-III.NFO,09/12/2024,09:25:51,54406.55,54426.05,120,54446.4,90,0,55740
BANKNIFTY-III.NFO,09/12/2024,09:25:53,54406.55,54409,120,54445.75,150,0,55740
BANKNIFTY-III.NFO,09/12/2024,09:25:54,54406.55,54409.1,120,54444.75,150,0,55740
BANKNIFTY-III.NFO,09/12/2024,09:25:56,54406.55,54410.2,120,54444.75,150,0,55740
BANKNIFTY-III.NFO,09/12/2024,09:25:58,54406.55,54411.2,180,54446.1,90,0,55740
BANKNIFTY-III.NFO,09/12/2024,09:25:59,54406.55,54409,120,54445.8,150,0,55740
BANKNIFTY-III.NFO,09/12/2024,09:26:01,54406.55,54409.1,120,54433.4,90,0,55740
BANKNIFTY-III.NFO,09/12/2024,09:26:03,54406.55,54409.2,150,54433.4,90,0,55740
BANKNIFTY-III.NFO,09/12/2024,09:26:04,54406.55,54400.1,120,54428.15,90,0,55740
BANKNIFTY-III.NFO,09/12/2024,09:26:06,54406.55,54409.15,120,54431.35,120,0,55740
BANKNIFTY-III.NFO,09/12/2024,09:26:08,54406.55,54406.6,150,54430.2,90,0,55740
BANKNIFTY-III.NFO,09/12/2024,09:26:09,54406.55,54406.6,150,54428.55,90,0,55740
BANKNIFTY-III.NFO,09/12/2024,09:26:11,54406.55,54406.6,150,54431.1,90,0,55740
BANKNIFTY-III.NFO,09/12/2024,09:26:15,54406.55,54410,120,54431.1,90,0,55740
BANKNIFTY-III.NFO,09/12/2024,09:26:16,54406.55,54406.65,120,54430.2,90,0,55740
BANKNIFTY-III.NFO,09/12/2024,09:26:18,54406.55,54406.65,120,54431.1,90,0,55740
BANKNIFTY-III.NFO,09/12/2024,09:26:20,54406.55,54406.65,120,54436.95,90,0,55740
BANKNIFTY-III.NFO,09/12/2024,09:26:21,54406.55,54406.6,150,54430.35,90,0,55740
BANKNIFTY-III.NFO,09/12/2024,09:26:23,54406.55,54406.6,150,54429.75,90,0,55740
BANKNIFTY-III.NFO,09/12/2024,09:26:25,54406.55,54406.6,150,54429.75,120,0,55740
BANKNIFTY-III.NFO,09/12/2024,09:26:26,54406.55,54406.6,150,54429.05,90,0,55740
BANKNIFTY-III.NFO,09/12/2024,09:26:28,54406.55,54417.9,30,54430.6,90,0,55740
BANKNIFTY-III.NFO,09/12/2024,09:26:30,54406.55,54406.65,120,54428.35,120,0,55740
BANKNIFTY-III.NFO,09/12/2024,09:26:33,54406.55,54406.6,120,54427.85,90,0,55740
BANKNIFTY-III.NFO,09/12/2024,09:26:35,54406.55,54406.6,120,54426.3,90,0,55740
BANKNIFTY-III.NFO,09/12/2024,09:26:36,54406.55,54406.6,120,54425.95,90,0,55740
BANKNIFTY-III.NFO,09/12/2024,09:26:40,54406.55,54406.6,150,54426,30,0,55740
BANKNIFTY-III.NFO,09/12/2024,09:26:41,54406.55,54414.85,150,54437.1,90,0,55740
BANKNIFTY-III.NFO,09/12/2024,09:26:43,54406.55,54414.95,120,54439.45,90,0,55740
BANKNIFTY-III.NFO,09/12/2024,09:26:45,54406.55,54419.8,150,54446.1,90,0,55740
BANKNIFTY-III.NFO,09/12/2024,09:26:48,54406.55,54415.05,120,54440,90,0,55740
BANKNIFTY-III.NFO,09/12/2024,09:26:50,54406.55,54415.1,120,54438.55,30,0,55740
BANKNIFTY-III.NFO,09/12/2024,09:26:51,54406.55,54415.1,120,54438.5,90,0,55740
BANKNIFTY-III.NFO,09/12/2024,09:26:53,54406.55,54417.1,120,54443.05,30,0,55740
BANKNIFTY-III.NFO,09/12/2024,09:26:55,54406.55,54424.85,150,54444.1,30,0,55740
BANKNIFTY-III.NFO,09/12/2024,09:26:56,54406.55,54426.1,150,54449.95,120,0,55740
BANKNIFTY-III.NFO,09/12/2024,09:27:03,54406.55,54436.2,150,54450,30,0,55740
BANKNIFTY-III.NFO,09/12/2024,09:27:05,54406.55,54437.45,120,54450,30,0,55740
BANKNIFTY-III.NFO,09/12/2024,09:27:06,54406.55,54437.55,120,54450,30,0,55740
BANKNIFTY-III.NFO,09/12/2024,09:27:08,54406.55,54434.35,120,54450,30,0,55740
BANKNIFTY-III.NFO,09/12/2024,09:27:13,54406.55,54435.55,120,54450,30,0,55740
BANKNIFTY-III.NFO,09/12/2024,09:27:15,54406.55,54429.65,150,54449.95,120,0,55740
BANKNIFTY-III.NFO,09/12/2024,09:27:17,54406.55,54429.75,150,54449.95,120,0,55740
BANKNIFTY-III.NFO,09/12/2024,09:27:18,54429.85,54429.85,120,54449.9,120,60,55740
BANKNIFTY-III.NFO,09/12/2024,09:27:18,54429.85,54429.85,120,54449.9,120,0,55740
BANKNIFTY-III.NFO,09/12/2024,09:27:20,54429.85,54426.9,180,54449.9,120,0,55740
BANKNIFTY-III.NFO,09/12/2024,09:27:25,54429.85,54418.3,90,54447.8,120,0,55740
BANKNIFTY-III.NFO,09/12/2024,09:27:27,54429.85,54415.5,90,54446.1,180,0,55740
BANKNIFTY-III.NFO,09/12/2024,09:27:28,54429.85,54419.3,90,54449.8,180,0,55740
BANKNIFTY-III.NFO,09/12/2024,09:27:30,54429.85,54416.1,90,54447.55,180,0,55740
BANKNIFTY-III.NFO,09/12/2024,09:27:32,54429.85,54415.7,90,54446.7,120,0,55740
BANKNIFTY-III.NFO,09/12/2024,09:27:33,54429.85,54417.05,90,54446.7,180,0,55740
BANKNIFTY-III.NFO,09/12/2024,09:27:35,54429.85,54417.65,90,54449.9,180,0,55740
BANKNIFTY-III.NFO,09/12/2024,09:27:37,54429.85,54419.35,90,54449.9,180,0,55740
BANKNIFTY-III.NFO,09/12/2024,09:27:38,54429.85,54418,90,54449.9,180,0,55740
BANKNIFTY-III.NFO,09/12/2024,09:27:40,54429.85,54416.1,90,54449.8,180,0,55740
BANKNIFTY-III.NFO,09/12/2024,09:27:42,54429.85,54417.15,90,54449.15,180,0,55740
BANKNIFTY-III.NFO,09/12/2024,09:27:43,54429.85,54418.65,90,54449.9,120,0,55740
BANKNIFTY-III.NFO,09/12/2024,09:27:45,54429.85,54415.3,90,54446.25,120,0,55740
BANKNIFTY-III.NFO,09/12/2024,09:27:47,54429.85,54415.55,90,54447.1,120,0,55740
BANKNIFTY-III.NFO,09/12/2024,09:27:48,54429.85,54415.1,90,54446.25,120,0,55740
BANKNIFTY-III.NFO,09/12/2024,09:27:50,54429.85,54415.3,90,54442.5,120,0,55740
BANKNIFTY-III.NFO,09/12/2024,09:27:52,54429.85,54415.1,90,54440.3,120,0,55740
BANKNIFTY-III.NFO,09/12/2024,09:27:53,54429.85,54407.65,90,54438.85,120,0,55740
BANKNIFTY-III.NFO,09/12/2024,09:27:55,54429.85,54406.6,120,54431.5,120,0,55740
BANKNIFTY-III.NFO,09/12/2024,09:27:57,54429.85,54406.6,90,54428.25,120,0,55740
BANKNIFTY-III.NFO,09/12/2024,09:27:58,54429.85,54406.55,30,54426.2,120,0,55740
BANKNIFTY-III.NFO,09/12/2024,09:28:02,54429.85,54406.55,30,54419.75,120,0,55740
BANKNIFTY-III.NFO,09/12/2024,09:28:03,54429.85,54406.55,30,54416.85,120,0,55740
BANKNIFTY-III.NFO,09/12/2024,09:28:05,54429.85,54406.55,30,54414.1,150,0,55740
BANKNIFTY-III.NFO,09/12/2024,09:28:07,54429.85,54406.55,30,54413.45,120,0,55740
BANKNIFTY-III.NFO,09/12/2024,09:28:08,54429.85,54406.55,30,54418.4,120,0,55740
BANKNIFTY-III.NFO,09/12/2024,09:28:10,54429.85,54406.55,30,54421.35,120,0,55740
BANKNIFTY-III.NFO,09/12/2024,09:28:12,54429.85,54406.55,60,54426.1,150,0,55740
BANKNIFTY-III.NFO,09/12/2024,09:28:13,54429.85,54406.55,30,54425.35,120,0,55740
BANKNIFTY-III.NFO,09/12/2024,09:28:15,54406.55,54395.2,90,54420.55,150,30,55860
BANKNIFTY-III.NFO,09/12/2024,09:28:17,54406.55,54392.8,90,54420.5,120,0,55860
BANKNIFTY-III.NFO,09/12/2024,09:28:20,54406.55,54390.7,90,54420.5,120,0,55860
BANKNIFTY-III.NFO,09/12/2024,09:28:22,54406.55,54390.4,90,54420.5,120,0,55860
BANKNIFTY-III.NFO,09/12/2024,09:28:23,54406.55,54390.4,90,54420.5,180,0,55860
BANKNIFTY-III.NFO,09/12/2024,09:28:25,54406.55,54391.4,90,54420.5,180,0,55860
BANKNIFTY-III.NFO,09/12/2024,09:28:27,54406.55,54393.55,150,54420.5,120,0,55860
BANKNIFTY-III.NFO,09/12/2024,09:28:28,54406.55,54391.35,120,54400,30,0,55860
BANKNIFTY-III.NFO,09/12/2024,09:28:30,54406.55,54389.35,120,54400,30,0,55860
BANKNIFTY-III.NFO,09/12/2024,09:28:33,54406.55,54381,120,54400,60,0,55860
BANKNIFTY-III.NFO,09/12/2024,09:28:35,54406.55,54378.6,90,54400,60,0,55860
BANKNIFTY-III.NFO,09/12/2024,09:28:37,54406.55,54376.65,90,54399.95,120,0,55860
BANKNIFTY-III.NFO,09/12/2024,09:28:38,54406.55,54377.15,120,54400,60,0,55860
BANKNIFTY-III.NFO,09/12/2024,09:28:40,54406.55,54378.35,180,54400,60,0,55860
BANKNIFTY-III.NFO,09/12/2024,09:28:42,54406.55,54378.35,180,54399.95,120,0,55860
BANKNIFTY-III.NFO,09/12/2024,09:28:43,54406.55,54383.45,120,54400,30,0,55860
BANKNIFTY-III.NFO,09/12/2024,09:28:45,54406.55,54379.95,90,54400,60,0,55860
BANKNIFTY-III.NFO,09/12/2024,09:28:47,54406.55,54377.7,120,54400,60,0,55860
BANKNIFTY-III.NFO,09/12/2024,09:28:48,54406.55,54378.4,90,54400,60,0,55860
BANKNIFTY-III.NFO,09/12/2024,09:28:50,54406.55,54374.35,90,54399.95,120,0,55860
BANKNIFTY-III.NFO,09/12/2024,09:28:52,54406.55,54376.85,90,54400,60,0,55860
BANKNIFTY-III.NFO,09/12/2024,09:28:53,54406.55,54373.2,90,54399.95,120,0,55860
BANKNIFTY-III.NFO,09/12/2024,09:28:55,54406.55,54373.8,90,54399.95,120,0,55860
BANKNIFTY-III.NFO,09/12/2024,09:28:57,54406.55,54372.05,90,54399.95,120,0,55860
BANKNIFTY-III.NFO,09/12/2024,09:28:58,54406.55,54373.55,90,54399.95,120,0,55860
BANKNIFTY-III.NFO,09/12/2024,09:29:00,54378.25,54375.85,60,54399.95,120,30,55860
BANKNIFTY-III.NFO,09/12/2024,09:29:02,54378.25,54381.05,90,54400,30,0,55860
BANKNIFTY-III.NFO,09/12/2024,09:29:05,54378.25,54375.7,60,54399.95,150,0,55860
BANKNIFTY-III.NFO,09/12/2024,09:29:12,54378.25,54371.25,60,54399.95,210,0,55860
BANKNIFTY-III.NFO,09/12/2024,09:29:13,54378.25,54372.5,60,54399.95,210,0,55860
BANKNIFTY-III.NFO,09/12/2024,09:29:15,54378.25,54373.3,60,54399.95,150,0,55860
BANKNIFTY-III.NFO,09/12/2024,09:29:17,54378.25,54373.4,60,54399.95,150,0,55860
BANKNIFTY-III.NFO,09/12/2024,09:29:18,54378.25,54371.15,60,54399.95,150,0,55860
BANKNIFTY-III.NFO,09/12/2024,09:29:20,54378.25,54371.8,60,54399.95,150,0,55860
BANKNIFTY-III.NFO,09/12/2024,09:29:22,54378.25,54373.65,60,54399.95,150,0,55860
BANKNIFTY-III.NFO,09/12/2024,09:29:23,54378.25,54371.85,60,54399.95,150,0,55860
BANKNIFTY-III.NFO,09/12/2024,09:29:25,54378.25,54370.15,60,54399.95,150,0,55860
BANKNIFTY-III.NFO,09/12/2024,09:29:27,54378.25,54362.4,90,54399.8,180,0,55860
BANKNIFTY-III.NFO,09/12/2024,09:29:28,54378.25,54362.4,30,54399.6,180,0,55860
BANKNIFTY-III.NFO,09/12/2024,09:29:30,54378.25,54362.4,30,54399.3,180,0,55860
BANKNIFTY-III.NFO,09/12/2024,09:29:32,54378.25,54362.4,30,54399,180,0,55860
BANKNIFTY-III.NFO,09/12/2024,09:29:33,54378.25,54351.05,60,54398.6,180,0,55860
BANKNIFTY-III.NFO,09/12/2024,09:29:35,54378.25,54351.05,60,54398.4,180,0,55860
BANKNIFTY-III.NFO,09/12/2024,09:29:37,54378.25,54351.05,60,54398.1,180,0,55860
BANKNIFTY-III.NFO,09/12/2024,09:29:38,54378.25,54351.05,60,54397.8,180,0,55860
BANKNIFTY-III.NFO,09/12/2024,09:29:40,54351.05,54351,30,54397.6,180,60,55860
BANKNIFTY-III.NFO,09/12/2024,09:29:41,54351.05,54351,30,54363.05,120,0,55860
BANKNIFTY-III.NFO,09/12/2024,09:29:43,54351.05,54351,30,54359.65,150,0,55860
BANKNIFTY-III.NFO,09/12/2024,09:29:45,54350,54350,210,54352.3,120,60,55860
BANKNIFTY-III.NFO,09/12/2024,09:29:46,54350,54350,150,54352.2,120,60,55860
BANKNIFTY-III.NFO,09/12/2024,09:29:48,54350,54350,150,54358.35,120,0,55860
BANKNIFTY-III.NFO,09/12/2024,09:29:50,54350,54350,150,54355.55,150,0,55860
BANKNIFTY-III.NFO,09/12/2024,09:29:51,54350,54350,180,54355,150,0,55860
BANKNIFTY-III.NFO,09/12/2024,09:29:53,54350,54350,180,54353.4,120,0,55860
BANKNIFTY-III.NFO,09/12/2024,09:29:55,54350,54350,180,54350.65,120,0,55860
BANKNIFTY-III.NFO,09/12/2024,09:29:56,54350,54331.85,90,54354.05,30,180,55860
BANKNIFTY-III.NFO,09/12/2024,09:29:58,54350,54337.5,60,54359.85,120,0,55860
BANKNIFTY-III.NFO,09/12/2024,09:29:59,54350,54341.75,60,54364.95,120,0,55860
BANKNIFTY-III.NFO,09/12/2024,09:30:01,54350,54344.05,60,54365.9,120,0,55860
BANKNIFTY-III.NFO,09/12/2024,09:30:03,54350,54335.65,60,54365.9,180,0,55860
BANKNIFTY-III.NFO,09/12/2024,09:30:04,54350,54336.95,60,54365.7,120,0,55860
BANKNIFTY-III.NFO,09/12/2024,09:30:06,54350,54339.25,60,54365.9,120,0,55860
BANKNIFTY-III.NFO,09/12/2024,09:30:08,54350,54346.95,90,54368.25,30,0,55860
BANKNIFTY-III.NFO,09/12/2024,09:30:09,54350,54350.65,60,54372.95,120,0,55860
BANKNIFTY-III.NFO,09/12/2024,09:30:11,54348.15,54322.95,90,54373.3,120,900,55860
BANKNIFTY-III.NFO,09/12/2024,09:30:12,54348.15,54322.95,120,54377.8,120,0,55860
BANKNIFTY-III.NFO,09/12/2024,09:30:14,54348.15,54322.95,120,54374.8,120,0,55860
BANKNIFTY-III.NFO,09/12/2024,09:30:16,54348.15,54351.9,30,54372.8,150,0,55860
BANKNIFTY-III.NFO,09/12/2024,09:30:17,54348.15,54323.05,120,54367.95,60,0,55860
BANKNIFTY-III.NFO,09/12/2024,09:30:19,54348.15,54341,120,54367.65,60,0,55860
BANKNIFTY-III.NFO,09/12/2024,09:30:21,54348.15,54356.25,30,54371.8,90,0,55860
BANKNIFTY-III.NFO,09/12/2024,09:30:22,54348.15,54341.05,60,54371.8,30,0,55860
BANKNIFTY-III.NFO,09/12/2024,09:30:24,54348.15,54341.05,60,54369.85,60,0,55860
BANKNIFTY-III.NFO,09/12/2024,09:30:26,54348.15,54341.05,60,54369.65,60,0,55860
BANKNIFTY-III.NFO,09/12/2024,09:30:27,54348.15,54341.05,60,54368.25,120,0,55860
BANKNIFTY-III.NFO,09/12/2024,09:30:29,54348.15,54341.05,60,54367.65,120,0,55860
BANKNIFTY-III.NFO,09/12/2024,09:30:31,54348.15,54341.05,60,54367.55,60,0,55860
BANKNIFTY-III.NFO,09/12/2024,09:30:32,54348.15,54341.05,60,54369.65,30,0,55860
BANKNIFTY-III.NFO,09/12/2024,09:30:34,54348.15,54327.25,150,54364.6,120,0,55860
BANKNIFTY-III.NFO,09/12/2024,09:30:36,54348.15,54351.9,30,54361.3,180,0,55860
BANKNIFTY-III.NFO,09/12/2024,09:30:37,54348.15,54349.75,30,54357.6,120,0,55860
BANKNIFTY-III.NFO,09/12/2024,09:30:39,54348.15,54327.25,60,54354.9,120,0,55860
BANKNIFTY-III.NFO,09/12/2024,09:30:41,54348.15,54327.3,30,54357.3,120,0,55860
BANKNIFTY-III.NFO,09/12/2024,09:30:43,54348.15,54327.35,60,54357.2,120,0,55860
BANKNIFTY-III.NFO,09/12/2024,09:30:44,54348.15,54333.5,30,54352.7,210,30,55800
BANKNIFTY-III.NFO,09/12/2024,09:30:46,54348.15,54333.55,60,54352.65,120,0,55800
BANKNIFTY-III.NFO,09/12/2024,09:30:48,54348.15,54333.55,60,54357.6,120,0,55800
BANKNIFTY-III.NFO,09/12/2024,09:30:49,54348.15,54338.45,30,54357.6,120,0,55800
BANKNIFTY-III.NFO,09/12/2024,09:30:51,54348.15,54342.6,30,54357.6,120,0,55800
BANKNIFTY-III.NFO,09/12/2024,09:30:53,54348.15,54342.3,30,54357.6,120,0,55800
BANKNIFTY-III.NFO,09/12/2024,09:30:54,54348.15,54333.55,120,54368.2,180,0,55800
BANKNIFTY-III.NFO,09/12/2024,09:30:56,54348.15,54333.55,120,54367.75,120,0,55800
BANKNIFTY-III.NFO,09/12/2024,09:30:58,54348.15,54346.45,60,54361.35,120,0,55800
BANKNIFTY-III.NFO,09/12/2024,09:30:59,54348.15,54349.15,30,54361.7,120,0,55800
BANKNIFTY-III.NFO,09/12/2024,09:31:01,54348.15,54338.8,30,54353,120,0,55800
BANKNIFTY-III.NFO,09/12/2024,09:31:03,54348.15,54338.85,60,54359.75,150,0,55800
BANKNIFTY-III.NFO,09/12/2024,09:31:04,54348.15,54343.8,120,54366.2,60,0,55800
BANKNIFTY-III.NFO,09/12/2024,09:31:06,54348.15,54343.85,60,54360.05,150,0,55800
BANKNIFTY-III.NFO,09/12/2024,09:31:08,54348.15,54339.85,30,54354.75,120,0,55800
BANKNIFTY-III.NFO,09/12/2024,09:31:09,54348.15,54336.2,30,54351.1,150,0,55800
BANKNIFTY-III.NFO,09/12/2024,09:31:11,54348.15,54331.9,30,54347.6,210,0,55800
BANKNIFTY-III.NFO,09/12/2024,09:31:13,54348.15,54337.7,30,54352.55,120,0,55800
BANKNIFTY-III.NFO,09/12/2024,09:31:14,54348.15,54337.15,30,54352.15,150,0,55800
BANKNIFTY-III.NFO,09/12/2024,09:31:16,54348.15,54345.7,30,54360.6,150,0,55800
BANKNIFTY-III.NFO,09/12/2024,09:31:18,54348.15,54331.95,60,54361.35,120,0,55800
BANKNIFTY-III.NFO,09/12/2024,09:31:19,54348.15,54331.95,60,54364.4,120,0,55800
BANKNIFTY-III.NFO,09/12/2024,09:31:21,54348.15,54354.6,30,54367.25,120,0,55800
BANKNIFTY-III.NFO,09/12/2024,09:31:23,54348.15,54345.5,60,54376.9,120,0,55800
BANKNIFTY-III.NFO,09/12/2024,09:31:24,54348.15,54360.8,30,54375.4,150,0,55800
BANKNIFTY-III.NFO,09/12/2024,09:31:26,54348.15,54356.6,60,54370.75,120,0,55800
BANKNIFTY-III.NFO,09/12/2024,09:31:28,54348.15,54363.7,30,54374.9,120,0,55800
BANKNIFTY-III.NFO,09/12/2024,09:31:29,54374.9,54366.25,120,54384.8,120,30,55800
BANKNIFTY-III.NFO,09/12/2024,09:31:31,54382.25,54367.8,30,54381.75,150,30,55800
BANKNIFTY-III.NFO,09/12/2024,09:31:33,54382.25,54377.7,90,54391.2,120,0,55800
BANKNIFTY-III.NFO,09/12/2024,09:31:34,54382.25,54378.7,30,54392.95,150,0,55800
BANKNIFTY-III.NFO,09/12/2024,09:31:36,54380.4,54380.3,30,54391.45,150,30,55800
BANKNIFTY-III.NFO,09/12/2024,09:31:38,54380.4,54375.7,90,54388.4,120,0,55800
BANKNIFTY-III.NFO,09/12/2024,09:31:39,54380.4,54376.15,30,54388.4,120,0,55800
BANKNIFTY-III.NFO,09/12/2024,09:31:41,54380.4,54376.5,30,54391.5,150,0,55800
BANKNIFTY-III.NFO,09/12/2024,09:31:43,54380.4,54381.85,30,54396.95,150,0,55800
BANKNIFTY-III.NFO,09/12/2024,09:31:44,54380.4,54381.7,30,54396.75,150,0,55800
BANKNIFTY-III.NFO,09/12/2024,09:31:46,54380.4,54382.8,120,54395.65,150,0,55800
BANKNIFTY-III.NFO,09/12/2024,09:31:48,54380.4,54357.15,30,54383.65,120,0,55800
BANKNIFTY-III.NFO,09/12/2024,09:31:49,54380.4,54377.1,30,54388.45,120,0,55800
BANKNIFTY-III.NFO,09/12/2024,09:31:51,54380.4,54377.5,30,54390.6,120,0,55800
BANKNIFTY-III.NFO,09/12/2024,09:31:53,54380.4,54372.3,30,54384.8,120,0,55800
BANKNIFTY-III.NFO,09/12/2024,09:31:54,54380.4,54368.15,30,54381.35,120,0,55800
BANKNIFTY-III.NFO,09/12/2024,09:31:56,54380.4,54368.2,60,54382.8,120,0,55800
BANKNIFTY-III.NFO,09/12/2024,09:31:58,54378.5,54368.8,30,54382.7,150,30,55800
BANKNIFTY-III.NFO,09/12/2024,09:31:59,54378.5,54372.7,30,54387.2,210,0,55800
BANKNIFTY-III.NFO,09/12/2024,09:32:01,54383.15,54367.35,60,54376.4,150,30,55800
BANKNIFTY-III.NFO,09/12/2024,09:32:03,54383.15,54360.5,30,54375.35,150,0,55800
BANKNIFTY-III.NFO,09/12/2024,09:32:04,54383.15,54361.2,30,54376.2,150,0,55800
BANKNIFTY-III.NFO,09/12/2024,09:32:06,54383.15,54361.25,60,54377.85,150,0,55800
BANKNIFTY-III.NFO,09/12/2024,09:32:08,54383.15,54361.25,60,54368.45,150,0,55800
BANKNIFTY-III.NFO,09/12/2024,09:32:09,54383.15,54338.8,60,54366.9,120,0,55800
BANKNIFTY-III.NFO,09/12/2024,09:32:11,54383.15,54350.65,30,54365.6,120,0,55800
BANKNIFTY-III.NFO,09/12/2024,09:32:12,54383.15,54350.7,60,54361,180,0,55800
BANKNIFTY-III.NFO,09/12/2024,09:32:14,54362.95,54348,30,54362.95,180,60,55800
BANKNIFTY-III.NFO,09/12/2024,09:32:16,54362.95,54348.95,120,54362.35,150,0,55800
BANKNIFTY-III.NFO,09/12/2024,09:32:19,54362.95,54340.95,60,54361.85,120,0,55800
BANKNIFTY-III.NFO,09/12/2024,09:32:20,54362.95,54340.95,60,54361.75,210,0,55800
BANKNIFTY-III.NFO,09/12/2024,09:32:22,54362.95,54346.65,30,54361.65,120,0,55800
BANKNIFTY-III.NFO,09/12/2024,09:32:24,54362.95,54341.65,120,54363.2,120,0,55800
BANKNIFTY-III.NFO,09/12/2024,09:32:25,54362.95,54344.4,30,54360.6,120,0,55800
BANKNIFTY-III.NFO,09/12/2024,09:32:27,54362.95,54324.65,180,54352.8,120,0,55800
BANKNIFTY-III.NFO,09/12/2024,09:32:29,54362.95,54326.95,120,54352.95,120,0,55800
BANKNIFTY-III.NFO,09/12/2024,09:32:30,54362.95,54330.3,60,54352.95,120,0,55800
BANKNIFTY-III.NFO,09/12/2024,09:32:32,54362.95,54332.3,60,54352.95,120,0,55800
BANKNIFTY-III.NFO,09/12/2024,09:32:34,54362.95,54330.4,60,54352.95,120,0,55800
BANKNIFTY-III.NFO,09/12/2024,09:32:35,54362.95,54329.75,120,54352.95,120,0,55800
BANKNIFTY-III.NFO,09/12/2024,09:32:37,54362.95,54330.7,60,54352.95,120,0,55800
BANKNIFTY-III.NFO,09/12/2024,09:32:40,54348.4,54329.8,60,54352.25,180,30,55800
BANKNIFTY-III.NFO,09/12/2024,09:32:42,54348.4,54331.4,180,54352.35,120,0,55800
BANKNIFTY-III.NFO,09/12/2024,09:32:45,54348.4,54329.85,60,54352.35,120,0,55800
BANKNIFTY-III.NFO,09/12/2024,09:32:47,54347.8,54329.9,60,54351.75,180,60,55800
BANKNIFTY-III.NFO,09/12/2024,09:32:48,54347.8,54329.9,60,54351.65,120,0,55800
BANKNIFTY-III.NFO,09/12/2024,09:32:50,54347.8,54329.9,60,54349.15,120,0,55800
BANKNIFTY-III.NFO,09/12/2024,09:32:52,54347.8,54329.95,120,54349.35,120,0,55800
BANKNIFTY-III.NFO,09/12/2024,09:32:53,54347.8,54330,60,54348.75,180,0,55800
BANKNIFTY-III.NFO,09/12/2024,09:32:55,54347.8,54328,120,54343.75,150,0,55800
BANKNIFTY-III.NFO,09/12/2024,09:32:56,54347.8,54327.5,120,54342.15,180,0,55800
BANKNIFTY-III.NFO,09/12/2024,09:32:58,54339.25,54327.05,60,54341.05,150,30,55800
BANKNIFTY-III.NFO,09/12/2024,09:33:00,54339.25,54324,30,54341.05,210,0,55800
BANKNIFTY-III.NFO,09/12/2024,09:33:03,54324,54310,150,54341.05,210,30,55800
BANKNIFTY-III.NFO,09/12/2024,09:33:05,54324,54310.05,120,54341.05,210,0,55800
BANKNIFTY-III.NFO,09/12/2024,09:33:06,54324,54311.7,120,54341.05,210,0,55800
BANKNIFTY-III.NFO,09/12/2024,09:33:08,54324,54314.1,180,54341.05,210,0,55800
BANKNIFTY-III.NFO,09/12/2024,09:33:10,54324,54311.5,120,54341.05,210,0,55800
BANKNIFTY-III.NFO,09/12/2024,09:33:12,54324,54312.7,120,54341.05,180,0,55800
BANKNIFTY-III.NFO,09/12/2024,09:33:13,54324,54314.6,120,54341.05,180,0,55800
BANKNIFTY-III.NFO,09/12/2024,09:33:15,54324,54315.3,120,54341.05,180,0,55800
BANKNIFTY-III.NFO,09/12/2024,09:33:17,54324,54313.4,120,54341.05,180,0,55800
BANKNIFTY-III.NFO,09/12/2024,09:33:18,54324,54314.05,120,54341.05,180,0,55800
BANKNIFTY-III.NFO,09/12/2024,09:33:20,54324,54314.45,120,54341.05,180,0,55800
BANKNIFTY-III.NFO,09/12/2024,09:33:22,54324,54315.05,120,54341.05,180,0,55800
BANKNIFTY-III.NFO,09/12/2024,09:33:23,54324,54316.05,120,54342.2,120,0,55800
BANKNIFTY-III.NFO,09/12/2024,09:33:25,54324,54316.05,120,54342.2,180,0,55800
BANKNIFTY-III.NFO,09/12/2024,09:33:27,54324,54315.1,120,54342.2,180,0,55800
BANKNIFTY-III.NFO,09/12/2024,09:33:28,54324,54314.85,120,54342.2,180,0,55800
BANKNIFTY-III.NFO,09/12/2024,09:33:30,54324,54310.05,120,54342.2,180,0,55800
BANKNIFTY-III.NFO,09/12/2024,09:33:33,54324,54310,150,54342.2,180,0,55800
BANKNIFTY-III.NFO,09/12/2024,09:33:37,54324,54310.05,120,54342.2,180,0,55800
BANKNIFTY-III.NFO,09/12/2024,09:33:40,54324,54314.35,120,54342.2,120,0,55800
BANKNIFTY-III.NFO,09/12/2024,09:33:42,54324,54311.45,120,54342.2,120,0,55800
BANKNIFTY-III.NFO,09/12/2024,09:33:43,54324,54311.45,120,54342.2,180,0,55800
BANKNIFTY-III.NFO,09/12/2024,09:33:45,54324,54310.05,120,54342.2,180,0,55800
BANKNIFTY-III.NFO,09/12/2024,09:33:53,54324,54310.25,120,54342.2,180,0,55800
BANKNIFTY-III.NFO,09/12/2024,09:33:55,54324,54310.05,120,54342.2,180,0,55800
BANKNIFTY-III.NFO,09/12/2024,09:34:00,54324,54310.15,120,54342.2,180,0,55800
BANKNIFTY-III.NFO,09/12/2024,09:34:02,54324,54310.05,120,54342.2,180,0,55800
BANKNIFTY-III.NFO,09/12/2024,09:34:07,54324,54315.35,120,54344.7,120,0,55800
BANKNIFTY-III.NFO,09/12/2024,09:34:08,54324,54313.25,120,54344.7,120,0,55800
BANKNIFTY-III.NFO,09/12/2024,09:34:10,54324,54321,120,54344.7,120,0,55800
BANKNIFTY-III.NFO,09/12/2024,09:34:12,54324,54311.1,180,54344.7,180,0,55800
BANKNIFTY-III.NFO,09/12/2024,09:34:14,54324,54327.65,120,54344.7,120,0,55800
BANKNIFTY-III.NFO,09/12/2024,09:34:15,54324,54311.4,120,54344.7,180,0,55800
BANKNIFTY-III.NFO,09/12/2024,09:34:21,54324,54310.05,120,54344.7,180,0,55800
BANKNIFTY-III.NFO,09/12/2024,09:34:23,54324,54310.65,180,54344.7,180,0,55800
BANKNIFTY-III.NFO,09/12/2024,09:34:24,54324,54310.05,120,54344.7,180,0,55800
BANKNIFTY-III.NFO,09/12/2024,09:34:28,54324,54311.05,180,54344.7,180,0,55800
BANKNIFTY-III.NFO,09/12/2024,09:34:32,54324,54313.65,120,54344.7,120,0,55800
BANKNIFTY-III.NFO,09/12/2024,09:34:34,54324,54311.35,120,54344.7,120,0,55800
BANKNIFTY-III.NFO,09/12/2024,09:34:36,54324,54313.35,120,54344.7,120,0,55800
BANKNIFTY-III.NFO,09/12/2024,09:34:37,54324,54311.35,120,54344.7,120,0,55800
BANKNIFTY-III.NFO,09/12/2024,09:34:38,54324,54311.65,120,54344.7,120,0,55800
BANKNIFTY-III.NFO,09/12/2024,09:34:40,54324,54310.85,120,54344.7,120,0,55800
BANKNIFTY-III.NFO,09/12/2024,09:34:42,54324,54311.25,120,54344.7,120,0,55800
BANKNIFTY-III.NFO,09/12/2024,09:34:43,54324,54311.55,120,54344.7,120,0,55800
BANKNIFTY-III.NFO,09/12/2024,09:34:44,54324,54326.45,30,54344.7,120,0,55800
BANKNIFTY-III.NFO,09/12/2024,09:34:46,54324,54310.05,120,54344.7,120,0,55800
BANKNIFTY-III.NFO,09/12/2024,09:34:48,54324,54310.05,120,54344.7,180,0,55800
BANKNIFTY-III.NFO,09/12/2024,09:34:49,54324,54310,150,54344.5,180,0,55800
BANKNIFTY-III.NFO,09/12/2024,09:34:51,54324,54313.65,120,54344.4,180,0,55800
BANKNIFTY-III.NFO,09/12/2024,09:34:52,54324,54310,150,54344.4,180,0,55800
BANKNIFTY-III.NFO,09/12/2024,09:34:54,54324,54310,150,54344.2,180,0,55800
BANKNIFTY-III.NFO,09/12/2024,09:34:56,54324,54310.05,120,54344.2,180,0,55800
BANKNIFTY-III.NFO,09/12/2024,09:34:59,54324,54310.05,120,54344.1,180,0,55800
BANKNIFTY-III.NFO,09/12/2024,09:35:00,54324,54310.2,120,54344,180,0,55800
BANKNIFTY-III.NFO,09/12/2024,09:35:02,54324,54310,150,54343.9,180,0,55800
BANKNIFTY-III.NFO,09/12/2024,09:35:03,54324,54310,150,54343.7,180,0,55800
BANKNIFTY-III.NFO,09/12/2024,09:35:05,54324,54310.05,120,54343.5,180,0,55800
BANKNIFTY-III.NFO,09/12/2024,09:35:06,54324,54310.05,120,54343.4,180,0,55800
BANKNIFTY-III.NFO,09/12/2024,09:35:12,54324,54310.05,120,54343.2,180,0,55800
BANKNIFTY-III.NFO,09/12/2024,09:35:14,54324,54310.05,120,54343,180,0,55800
BANKNIFTY-III.NFO,09/12/2024,09:35:16,54324,54310,150,54342.9,180,0,55800
BANKNIFTY-III.NFO,09/12/2024,09:35:17,54324,54310.05,120,54342.6,180,0,55800
BANKNIFTY-III.NFO,09/12/2024,09:35:19,54324,54310.05,120,54344.7,180,0,55800
BANKNIFTY-III.NFO,09/12/2024,09:35:20,54324,54310.05,120,54344.6,180,0,55800
BANKNIFTY-III.NFO,09/12/2024,09:35:22,54324,54310.05,120,54344.4,180,0,55800
BANKNIFTY-III.NFO,09/12/2024,09:35:24,54324,54310.05,120,54344.2,180,0,55800
BANKNIFTY-III.NFO,09/12/2024,09:35:25,54324,54310.05,120,54344.1,180,0,55800
BANKNIFTY-III.NFO,09/12/2024,09:35:26,54324,54310.05,120,54343.9,180,0,55800
BANKNIFTY-III.NFO,09/12/2024,09:35:28,54324,54310.05,120,54343.8,180,0,55800
BANKNIFTY-III.NFO,09/12/2024,09:35:30,54324,54310.05,120,54343.7,180,0,55800
BANKNIFTY-III.NFO,09/12/2024,09:35:31,54324,54310.05,120,54343.5,120,0,55800
BANKNIFTY-III.NFO,09/12/2024,09:35:33,54324,54310.05,120,54343.55,120,0,55800
BANKNIFTY-III.NFO,09/12/2024,09:35:36,54324,54310.05,120,54343.35,120,0,55800
BANKNIFTY-III.NFO,09/12/2024,09:35:37,54324,54310.05,120,54343.25,120,0,55800
BANKNIFTY-III.NFO,09/12/2024,09:35:39,54324,54308.25,120,54344.7,120,0,55800
BANKNIFTY-III.NFO,09/12/2024,09:35:40,54324,54308.35,120,54344.7,120,0,55800
BANKNIFTY-III.NFO,09/12/2024,09:35:42,54324,54308.2,120,54344.7,120,0,55800
BANKNIFTY-III.NFO,09/12/2024,09:35:45,54324,54310.5,120,54344.75,30,0,55800
BANKNIFTY-III.NFO,09/12/2024,09:35:47,54324,54312.3,120,54344.75,30,0,55800
BANKNIFTY-III.NFO,09/12/2024,09:35:48,54324,54314.3,120,54344.75,30,0,55800
BANKNIFTY-III.NFO,09/12/2024,09:35:50,54324,54309.5,120,54344.7,120,0,55800
BANKNIFTY-III.NFO,09/12/2024,09:35:52,54324,54310.3,120,54344.7,120,0,55800
BANKNIFTY-III.NFO,09/12/2024,09:35:53,54324,54311.2,120,54344.7,120,0,55800
BANKNIFTY-III.NFO,09/12/2024,09:35:55,54324,54310.3,120,54344.7,120,0,55800
BANKNIFTY-III.NFO,09/12/2024,09:35:56,54324,54311.1,120,54344.7,120,0,55800
BANKNIFTY-III.NFO,09/12/2024,09:35:58,54324,54312.5,120,54344.7,120,0,55800
BANKNIFTY-III.NFO,09/12/2024,09:35:59,54324,54311.1,120,54344.7,120,0,55800
BANKNIFTY-III.NFO,09/12/2024,09:36:01,54324,54311.2,120,54344.7,120,0,55800
BANKNIFTY-III.NFO,09/12/2024,09:36:03,54324,54315.75,120,54344.75,30,0,55800
BANKNIFTY-III.NFO,09/12/2024,09:36:06,54324,54320.85,120,54344.75,30,0,55800
BANKNIFTY-III.NFO,09/12/2024,09:36:07,54324,54318,120,54349.1,30,0,55800
BANKNIFTY-III.NFO,09/12/2024,09:36:09,54324,54308.85,120,54349.05,120,0,55800
BANKNIFTY-III.NFO,09/12/2024,09:36:11,54324,54311.4,120,54349.05,120,0,55800
BANKNIFTY-III.NFO,09/12/2024,09:36:13,54324,54308.85,120,54349.05,120,0,55800
BANKNIFTY-III.NFO,09/12/2024,09:36:14,54324,54310.85,120,54349.05,120,0,55800
BANKNIFTY-III.NFO,09/12/2024,09:36:16,54324,54308.85,120,54349.05,120,0,55800
BANKNIFTY-III.NFO,09/12/2024,09:36:18,54324,54309.85,120,54349.05,120,0,55800
BANKNIFTY-III.NFO,09/12/2024,09:36:19,54324,54306.65,120,54349.05,120,0,55800
BANKNIFTY-III.NFO,09/12/2024,09:36:21,54324,54306.75,120,54349.05,180,0,55800
BANKNIFTY-III.NFO,09/12/2024,09:36:23,54324,54306.65,120,54349.05,180,0,55800
BANKNIFTY-III.NFO,09/12/2024,09:36:24,54324,54304.05,120,54349.05,180,0,55800
BANKNIFTY-III.NFO,09/12/2024,09:36:26,54324,54304.05,120,54348.85,180,0,55800
BANKNIFTY-III.NFO,09/12/2024,09:36:27,54324,54309.9,120,54348.65,180,0,55800
BANKNIFTY-III.NFO,09/12/2024,09:36:29,54324,54304.05,120,54348.55,180,0,55800
BANKNIFTY-III.NFO,09/12/2024,09:36:30,54324,54308.75,30,54348.25,180,0,55800
BANKNIFTY-III.NFO,09/12/2024,09:36:32,54324,54308.75,30,54347.95,180,0,55800
BANKNIFTY-III.NFO,09/12/2024,09:36:33,54324,54308.75,30,54347.75,180,0,55800
BANKNIFTY-III.NFO,09/12/2024,09:36:35,54324,54304.05,120,54347.45,180,0,55800
BANKNIFTY-III.NFO,09/12/2024,09:36:36,54324,54304.05,120,54347.25,180,0,55800
BANKNIFTY-III.NFO,09/12/2024,09:36:38,54324,54304.05,120,54346.95,120,0,55800
BANKNIFTY-III.NFO,09/12/2024,09:36:40,54324,54304.05,120,54346.75,120,0,55800
BANKNIFTY-III.NFO,09/12/2024,09:36:41,54324,54304.05,120,54346.55,120,0,55800
BANKNIFTY-III.NFO,09/12/2024,09:36:43,54324,54304.05,120,54346.25,120,0,55800
BANKNIFTY-III.NFO,09/12/2024,09:36:44,54324,54304.05,120,54345.95,120,0,55800
BANKNIFTY-III.NFO,09/12/2024,09:36:46,54324,54304.05,120,54345.75,180,0,55800
BANKNIFTY-III.NFO,09/12/2024,09:36:47,54324,54304.05,120,54345.45,120,0,55800
BANKNIFTY-III.NFO,09/12/2024,09:36:49,54324,54304.05,120,54345.15,120,0,55800
BANKNIFTY-III.NFO,09/12/2024,09:36:50,54324,54304.05,120,54344.85,120,0,55800
BANKNIFTY-III.NFO,09/12/2024,09:36:52,54324,54304.05,120,54344.65,120,0,55800
BANKNIFTY-III.NFO,09/12/2024,09:36:53,54324,54304.05,120,54344.35,120,0,55800
BANKNIFTY-III.NFO,09/12/2024,09:36:55,54324,54304.05,120,54344.05,120,0,55800
BANKNIFTY-III.NFO,09/12/2024,09:36:56,54324,54304.05,120,54343.85,120,0,55800
BANKNIFTY-III.NFO,09/12/2024,09:36:58,54324,54304.05,120,54343.55,120,0,55800
BANKNIFTY-III.NFO,09/12/2024,09:36:59,54324,54304.45,180,54343.35,120,0,55800
BANKNIFTY-III.NFO,09/12/2024,09:37:01,54324,54304.55,120,54343.15,120,0,55800
BANKNIFTY-III.NFO,09/12/2024,09:37:03,54324,54307.05,120,54349.05,120,0,55800
BANKNIFTY-III.NFO,09/12/2024,09:37:04,54324,54315.05,120,54348.85,120,0,55800
BANKNIFTY-III.NFO,09/12/2024,09:37:06,54324,54314.05,120,54348.9,120,0,55800
BANKNIFTY-III.NFO,09/12/2024,09:37:08,54324,54314.05,120,54348.8,120,0,55800
BANKNIFTY-III.NFO,09/12/2024,09:37:09,54324,54304.4,120,54348.6,120,0,55800
BANKNIFTY-III.NFO,09/12/2024,09:37:10,54324,54312.55,120,54348.5,180,0,55800
BANKNIFTY-III.NFO,09/12/2024,09:37:12,54324,54303.1,120,54348.2,180,0,55800
BANKNIFTY-III.NFO,09/12/2024,09:37:14,54324,54311.9,120,54347.9,120,0,55800
BANKNIFTY-III.NFO,09/12/2024,09:37:15,54324,54311.9,120,54347.7,120,0,55800
BANKNIFTY-III.NFO,09/12/2024,09:37:17,54324,54311.9,120,54347.5,120,0,55800
BANKNIFTY-III.NFO,09/12/2024,09:37:18,54324,54303.1,120,54347.2,120,0,55800
BANKNIFTY-III.NFO,09/12/2024,09:37:20,54324,54303.1,120,54347,180,0,55800
BANKNIFTY-III.NFO,09/12/2024,09:37:21,54324,54303.05,150,54313.1,30,0,55800
BANKNIFTY-III.NFO,09/12/2024,09:37:23,54324,54303.05,150,54313.05,120,0,55800
BANKNIFTY-III.NFO,09/12/2024,09:37:25,54324,54303.05,150,54313.1,30,0,55800
BANKNIFTY-III.NFO,09/12/2024,09:37:31,54324,54303.1,120,54314.35,30,0,55800
BANKNIFTY-III.NFO,09/12/2024,09:37:37,54324,54303.1,120,54346.55,180,0,55800
BANKNIFTY-III.NFO,09/12/2024,09:37:39,54324,54303.1,120,54346.25,180,0,55800
BANKNIFTY-III.NFO,09/12/2024,09:37:40,54324,54303.1,120,54346.05,180,0,55800
BANKNIFTY-III.NFO,09/12/2024,09:37:42,54324,54303.1,120,54345.75,180,0,55800
BANKNIFTY-III.NFO,09/12/2024,09:37:44,54324,54303.1,120,54345.45,180,0,55800
BANKNIFTY-III.NFO,09/12/2024,09:37:45,54324,54303.05,150,54314.75,120,0,55800
BANKNIFTY-III.NFO,09/12/2024,09:37:47,54300,54290.05,120,54306.9,120,450,55770
BANKNIFTY-III.NFO,09/12/2024,09:37:48,54300,54290.05,120,54306.95,30,0,55770
BANKNIFTY-III.NFO,09/12/2024,09:37:50,54300,54290.05,150,54312.05,30,0,55770
BANKNIFTY-III.NFO,09/12/2024,09:38:00,54300,54290.05,120,54312,120,0,55770
BANKNIFTY-III.NFO,09/12/2024,09:38:03,54300,54290.05,150,54312.05,30,0,55770
BANKNIFTY-III.NFO,09/12/2024,09:38:06,54300,54290.05,120,54312,120,0,55770
BANKNIFTY-III.NFO,09/12/2024,09:38:09,54300,54290.05,150,54312.05,30,0,55770
BANKNIFTY-III.NFO,09/12/2024,09:38:11,54319.6,54291.05,120,54321.35,30,450,55770
BANKNIFTY-III.NFO,09/12/2024,09:38:12,54319.6,54291.45,180,54321.35,30,0,55770
BANKNIFTY-III.NFO,09/12/2024,09:38:14,54319.6,54293.1,120,54321.35,30,0,55770
BANKNIFTY-III.NFO,09/12/2024,09:38:16,54319.6,54293.75,120,54300,30,0,55770
BANKNIFTY-III.NFO,09/12/2024,09:38:17,54300,54296.35,150,54321.35,30,30,55770
BANKNIFTY-III.NFO,09/12/2024,09:38:19,54300,54296.35,30,54324.9,30,0,55770
BANKNIFTY-III.NFO,09/12/2024,09:38:20,54300,54293,30,54305.55,30,0,55770
BANKNIFTY-III.NFO,09/12/2024,09:38:22,54290,54271.45,120,54304.9,90,90,55770
BANKNIFTY-III.NFO,09/12/2024,09:38:24,54290,54271.45,120,54304.8,90,0,55770
BANKNIFTY-III.NFO,09/12/2024,09:38:25,54290,54271.45,120,54304.7,150,0,55770
BANKNIFTY-III.NFO,09/12/2024,09:38:27,54290,54271.45,120,54304.55,120,0,55770
BANKNIFTY-III.NFO,09/12/2024,09:38:28,54290,54271.45,120,54304.45,210,0,55770
BANKNIFTY-III.NFO,09/12/2024,09:38:30,54290,54271.45,120,54304.35,210,0,55770
BANKNIFTY-III.NFO,09/12/2024,09:38:32,54290,54275.45,120,54309.75,30,0,55770
BANKNIFTY-III.NFO,09/12/2024,09:38:33,54290,54277.45,120,54309.8,30,0,55770
BANKNIFTY-III.NFO,09/12/2024,09:38:35,54290,54279.5,120,54309.75,30,0,55770
BANKNIFTY-III.NFO,09/12/2024,09:38:37,54290,54278.75,180,54315.65,120,0,55770
BANKNIFTY-III.NFO,09/12/2024,09:38:38,54290,54278.75,180,54315.6,90,0,55770
BANKNIFTY-III.NFO,09/12/2024,09:38:40,54290,54275.85,120,54315.45,120,0,55770
BANKNIFTY-III.NFO,09/12/2024,09:38:42,54290,54290,30,54300.25,30,0,55770
BANKNIFTY-III.NFO,09/12/2024,09:38:43,54290,54290,30,54299.1,90,0,55770
BANKNIFTY-III.NFO,09/12/2024,09:38:45,54290,54290,30,54293.2,150,0,55770
BANKNIFTY-III.NFO,09/12/2024,09:38:46,54290,54290,30,54301.8,30,0,55770
BANKNIFTY-III.NFO,09/12/2024,09:38:48,54290,54290,60,54302.8,60,0,55770
BANKNIFTY-III.NFO,09/12/2024,09:38:50,54290,54290.05,120,54302.7,90,0,55770
BANKNIFTY-III.NFO,09/12/2024,09:38:51,54290,54290.05,120,54302.75,90,0,55770
BANKNIFTY-III.NFO,09/12/2024,09:38:53,54290,54290.05,120,54308.55,30,0,55770
BANKNIFTY-III.NFO,09/12/2024,09:38:56,54290,54290.75,180,54308.55,30,0,55770
BANKNIFTY-III.NFO,09/12/2024,09:38:58,54290,54290.65,120,54308.55,30,0,55770
BANKNIFTY-III.NFO,09/12/2024,09:39:01,54290,54290.65,120,54305.6,30,0,55770
BANKNIFTY-III.NFO,09/12/2024,09:39:02,54290,54290,60,54301.45,30,0,55770
BANKNIFTY-III.NFO,09/12/2024,09:39:04,54290,54290,30,54300.65,30,0,55770
BANKNIFTY-III.NFO,09/12/2024,09:39:06,54290,54290.05,150,54302.85,30,0,55770
BANKNIFTY-III.NFO,09/12/2024,09:39:07,54290,54290.05,150,54303.95,90,0,55770
BANKNIFTY-III.NFO,09/12/2024,09:39:08,54290,54290.05,150,54305.65,30,0,55770
BANKNIFTY-III.NFO,09/12/2024,09:39:10,54290,54290,90,54300.85,90,0,55770
BANKNIFTY-III.NFO,09/12/2024,09:39:10,54290,54290,60,54298.85,30,0,55770
BANKNIFTY-III.NFO,09/12/2024,09:39:12,54290,54290.05,30,54301.75,30,0,55770
BANKNIFTY-III.NFO,09/12/2024,09:39:14,54290,54290,90,54299.3,120,0,55770
BANKNIFTY-III.NFO,09/12/2024,09:39:15,54290,54290.1,120,54301.45,90,0,55770
BANKNIFTY-III.NFO,09/12/2024,09:39:17,54290,54290.1,120,54303.65,30,0,55770
BANKNIFTY-III.NFO,09/12/2024,09:39:19,54290,54290.1,120,54305.45,60,0,55770
BANKNIFTY-III.NFO,09/12/2024,09:39:20,54290,54290.05,150,54311,30,0,55770
BANKNIFTY-III.NFO,09/12/2024,09:39:22,54290,54298.35,120,54318.1,60,0,55770
BANKNIFTY-III.NFO,09/12/2024,09:39:24,54290,54304.05,150,54326.1,60,0,55770
BANKNIFTY-III.NFO,09/12/2024,09:39:25,54290,54306.15,150,54320.6,30,0,55770
BANKNIFTY-III.NFO,09/12/2024,09:39:27,54290,54307.7,120,54322.85,30,0,55770
BANKNIFTY-III.NFO,09/12/2024,09:39:29,54290,54302.9,120,54316.85,30,0,55770
BANKNIFTY-III.NFO,09/12/2024,09:39:30,54290,54305.1,150,54318.9,60,0,55770
BANKNIFTY-III.NFO,09/12/2024,09:39:32,54290,54303.2,120,54316.25,30,0,55770
BANKNIFTY-III.NFO,09/12/2024,09:39:34,54290,54301.15,120,54327.5,30,0,55770
BANKNIFTY-III.NFO,09/12/2024,09:39:35,54290,54302.85,120,54318.55,30,0,55770
BANKNIFTY-III.NFO,09/12/2024,09:39:37,54290,54302.95,150,54317.9,30,0,55770
BANKNIFTY-III.NFO,09/12/2024,09:39:39,54290,54300.95,120,54315.95,30,0,55770
BANKNIFTY-III.NFO,09/12/2024,09:39:41,54290,54295.3,120,54310.3,30,0,55770
BANKNIFTY-III.NFO,09/12/2024,09:39:42,54290,54294.25,120,54318.8,30,0,55770
BANKNIFTY-III.NFO,09/12/2024,09:39:44,54290,54298.35,120,54318.8,30,0,55770
BANKNIFTY-III.NFO,09/12/2024,09:39:46,54290,54300.1,120,54314.1,30,0,55770
BANKNIFTY-III.NFO,09/12/2024,09:39:47,54290,54300.2,120,54322,30,0,55770
BANKNIFTY-III.NFO,09/12/2024,09:39:49,54290,54300.8,180,54315.3,30,0,55770
BANKNIFTY-III.NFO,09/12/2024,09:39:51,54290,54296.55,120,54311.55,30,0,55770
BANKNIFTY-III.NFO,09/12/2024,09:39:52,54290,54295.75,120,54310.3,30,0,55770
BANKNIFTY-III.NFO,09/12/2024,09:39:54,54290,54296,150,54310.55,30,0,55770
BANKNIFTY-III.NFO,09/12/2024,09:39:55,54290,54298.1,150,54321.35,90,0,55770
BANKNIFTY-III.NFO,09/12/2024,09:39:57,54290,54301.6,120,54316.4,30,0,55770
BANKNIFTY-III.NFO,09/12/2024,09:39:59,54290,54304.9,180,54321.35,60,0,55770
BANKNIFTY-III.NFO,09/12/2024,09:40:00,54290,54304.75,120,54321.35,60,0,55770
BANKNIFTY-III.NFO,09/12/2024,09:40:02,54290,54302.35,120,54315.95,60,0,55770
BANKNIFTY-III.NFO,09/12/2024,09:40:04,54290,54300.05,120,54314.2,60,0,55770
BANKNIFTY-III.NFO,09/12/2024,09:40:05,54290,54291.4,120,54306.25,150,0,55770
BANKNIFTY-III.NFO,09/12/2024,09:40:07,54290,54292.3,180,54306.85,150,0,55770
BANKNIFTY-III.NFO,09/12/2024,09:40:09,54290,54290.65,150,54304.2,30,0,55770
BANKNIFTY-III.NFO,09/12/2024,09:40:12,54290,54290.05,150,54304.2,30,0,55770
BANKNIFTY-III.NFO,09/12/2024,09:40:14,54290,54291.55,120,54304.8,30,0,55770
BANKNIFTY-III.NFO,09/12/2024,09:40:15,54290,54292.55,120,54306.15,30,0,55770
BANKNIFTY-III.NFO,09/12/2024,09:40:17,54290,54290.05,150,54302.3,30,0,55770
BANKNIFTY-III.NFO,09/12/2024,09:40:19,54290,54291.35,150,54303.95,30,0,55770
BANKNIFTY-III.NFO,09/12/2024,09:40:20,54290,54290,150,54301.25,150,0,55770
BANKNIFTY-III.NFO,09/12/2024,09:40:22,54290,54290.15,30,54301.45,60,0,55770
BANKNIFTY-III.NFO,09/12/2024,09:40:24,54290,54292.55,150,54304.75,30,0,55770
BANKNIFTY-III.NFO,09/12/2024,09:40:25,54290,54291.75,120,54304.6,90,0,55770
BANKNIFTY-III.NFO,09/12/2024,09:40:27,54290,54290.05,150,54301.45,30,0,55770
BANKNIFTY-III.NFO,09/12/2024,09:40:29,54290,54290.15,150,54301.55,30,0,55770
BANKNIFTY-III.NFO,09/12/2024,09:40:30,54290,54290,360,54298.85,150,0,55770
BANKNIFTY-III.NFO,09/12/2024,09:40:32,54290,54290,360,54298.45,90,0,55770
BANKNIFTY-III.NFO,09/12/2024,09:40:34,54290,54290,390,54292.9,30,0,55770
BANKNIFTY-III.NFO,09/12/2024,09:40:35,54290,54290,390,54292.15,30,0,55770
BANKNIFTY-III.NFO,09/12/2024,09:40:37,54290,54281.1,60,54303.7,150,390,56190
BANKNIFTY-III.NFO,09/12/2024,09:40:39,54290,54286.5,60,54303.7,60,0,56190
BANKNIFTY-III.NFO,09/12/2024,09:40:40,54290,54287.35,30,54303.7,60,0,56190
BANKNIFTY-III.NFO,09/12/2024,09:40:42,54290,54287.35,30,54303.7,30,0,56190
BANKNIFTY-III.NFO,09/12/2024,09:40:43,54290,54285,30,54303.6,210,0,56190
BANKNIFTY-III.NFO,09/12/2024,09:40:45,54289.15,54288,30,54309.4,60,90,56190
BANKNIFTY-III.NFO,09/12/2024,09:40:47,54289.15,54287.7,30,54309.1,60,0,56190
BANKNIFTY-III.NFO,09/12/2024,09:40:48,54289.15,54286.55,180,54308.8,60,0,56190
BANKNIFTY-III.NFO,09/12/2024,09:40:50,54289.15,54286.55,120,54308.5,90,0,56190
BANKNIFTY-III.NFO,09/12/2024,09:40:52,54289.15,54286.55,180,54313.55,60,0,56190
BANKNIFTY-III.NFO,09/12/2024,09:40:53,54289.15,54286.55,180,54313.45,60,0,56190
BANKNIFTY-III.NFO,09/12/2024,09:40:55,54289.15,54286.55,180,54317,120,0,56190
BANKNIFTY-III.NFO,09/12/2024,09:40:57,54290,54286.55,180,54300,30,90,56190
BANKNIFTY-III.NFO,09/12/2024,09:40:58,54290,54286.55,180,54300,30,0,56190
BANKNIFTY-III.NFO,09/12/2024,09:41:03,54300,54286.55,180,54321.55,60,30,56190
BANKNIFTY-III.NFO,09/12/2024,09:41:05,54300,54286.55,180,54330.1,30,0,56190
BANKNIFTY-III.NFO,09/12/2024,09:41:08,54300,54286.55,180,54336.45,60,0,56190
BANKNIFTY-III.NFO,09/12/2024,09:41:10,54300,54286.55,180,54336.15,60,0,56190
BANKNIFTY-III.NFO,09/12/2024,09:41:10,54300,54286.55,180,54336.05,60,0,56190
BANKNIFTY-III.NFO,09/12/2024,09:41:12,54300,54286.55,180,54335.95,60,0,56190
BANKNIFTY-III.NFO,09/12/2024,09:41:14,54300,54286.55,180,54335.65,60,0,56190
BANKNIFTY-III.NFO,09/12/2024,09:41:15,54300,54286.55,180,54335.55,60,0,56190
BANKNIFTY-III.NFO,09/12/2024,09:41:17,54300,54286.55,180,54335.45,60,0,56190
BANKNIFTY-III.NFO,09/12/2024,09:41:19,54300,54286.55,180,54335.35,60,0,56190
BANKNIFTY-III.NFO,09/12/2024,09:41:20,54300,54286.55,180,54335.25,60,0,56190
BANKNIFTY-III.NFO,09/12/2024,09:41:22,54300,54286.55,180,54346.6,60,0,56190
BANKNIFTY-III.NFO,09/12/2024,09:41:24,54300.55,54300.55,180,54336.55,30,30,56190
BANKNIFTY-III.NFO,09/12/2024,09:41:25,54300.55,54300.55,180,54332.25,30,0,56190
BANKNIFTY-III.NFO,09/12/2024,09:41:27,54300.55,54300.55,180,54331.85,30,0,56190
BANKNIFTY-III.NFO,09/12/2024,09:41:29,54300.55,54300.55,180,54331.75,30,0,56190
BANKNIFTY-III.NFO,09/12/2024,09:41:30,54300.55,54300.55,180,54331.65,30,0,56190
BANKNIFTY-III.NFO,09/12/2024,09:41:32,54300.55,54300.55,180,54334.8,30,0,56190
BANKNIFTY-III.NFO,09/12/2024,09:41:34,54300.55,54300.55,180,54339.7,30,0,56190
BANKNIFTY-III.NFO,09/12/2024,09:41:35,54300.55,54300.55,180,54339.6,30,0,56190
BANKNIFTY-III.NFO,09/12/2024,09:41:37,54300.55,54300.55,180,54339.5,30,0,56190
BANKNIFTY-III.NFO,09/12/2024,09:41:39,54345.7,54323.35,120,54349.95,60,120,56190
BANKNIFTY-III.NFO,09/12/2024,09:41:40,54345.7,54326.45,30,54349.9,60,0,56190
BANKNIFTY-III.NFO,09/12/2024,09:41:42,54345.7,54326.45,30,54349.85,60,0,56190
BANKNIFTY-III.NFO,09/12/2024,09:41:44,54345.7,54326.45,30,54349.8,60,0,56190
BANKNIFTY-III.NFO,09/12/2024,09:41:46,54345.7,54326.45,30,54349.75,90,0,56190
BANKNIFTY-III.NFO,09/12/2024,09:41:47,54345.7,54320.1,30,54349.7,90,0,56190
BANKNIFTY-III.NFO,09/12/2024,09:41:49,54345.7,54320.1,30,54349.65,90,0,56190
BANKNIFTY-III.NFO,09/12/2024,09:41:51,54345.7,54320.1,30,54349.55,120,0,56190
BANKNIFTY-III.NFO,09/12/2024,09:41:52,54345.7,54320.1,30,54349.45,150,0,56190
BANKNIFTY-III.NFO,09/12/2024,09:41:54,54345.7,54320.1,30,54349.35,210,0,56190
BANKNIFTY-III.NFO,09/12/2024,09:41:55,54345.7,54320.1,30,54349.25,210,0,56190
BANKNIFTY-III.NFO,09/12/2024,09:41:57,54345.7,54320.1,30,54349.15,150,0,56190
BANKNIFTY-III.NFO,09/12/2024,09:41:59,54345.7,54320.1,30,54349.05,120,0,56190
BANKNIFTY-III.NFO,09/12/2024,09:42:00,54345.7,54320.1,30,54348.95,120,0,56190
BANKNIFTY-III.NFO,09/12/2024,09:42:02,54345.7,54320.1,30,54334.1,30,0,56190
BANKNIFTY-III.NFO,09/12/2024,09:42:04,54345.7,54320.1,30,54330,60,0,56190
BANKNIFTY-III.NFO,09/12/2024,09:42:05,54345.7,54320.1,30,54329.95,60,0,56190
BANKNIFTY-III.NFO,09/12/2024,09:42:07,54320.1,54292.85,120,54326.55,90,30,56190
BANKNIFTY-III.NFO,09/12/2024,09:42:09,54320.1,54287.65,180,54326.5,120,0,56190
BANKNIFTY-III.NFO,09/12/2024,09:42:11,54320.1,54288.35,180,54326.45,210,0,56190
BANKNIFTY-III.NFO,09/12/2024,09:42:12,54320.1,54286.55,120,54326.35,210,0,56190
BANKNIFTY-III.NFO,09/12/2024,09:42:14,54326.25,54287.35,120,54326.25,210,120,56190
BANKNIFTY-III.NFO,09/12/2024,09:42:16,54326.25,54286.55,120,54326.15,210,0,56190
BANKNIFTY-III.NFO,09/12/2024,09:42:17,54326.25,54286.55,120,54326.05,210,0,56190
BANKNIFTY-III.NFO,09/12/2024,09:42:19,54326.25,54286.55,120,54325.95,210,0,56190
BANKNIFTY-III.NFO,09/12/2024,09:42:21,54326.25,54286.55,120,54325.85,210,0,56190
BANKNIFTY-III.NFO,09/12/2024,09:42:22,54326.25,54286.55,120,54325.75,210,0,56190
BANKNIFTY-III.NFO,09/12/2024,09:42:24,54326.25,54286.55,120,54325.65,210,0,56190
BANKNIFTY-III.NFO,09/12/2024,09:42:26,54326.25,54286.55,120,54325.55,240,0,56190
BANKNIFTY-III.NFO,09/12/2024,09:42:27,54326.25,54286.55,120,54325.45,210,0,56190
BANKNIFTY-III.NFO,09/12/2024,09:42:29,54326.25,54286.55,120,54325.35,210,0,56190
BANKNIFTY-III.NFO,09/12/2024,09:42:30,54326.25,54286.55,120,54325.25,210,0,56190
BANKNIFTY-III.NFO,09/12/2024,09:42:32,54326.25,54286.65,120,54325.1,30,0,56190
BANKNIFTY-III.NFO,09/12/2024,09:42:34,54326.25,54286.65,120,54325,240,0,56190
BANKNIFTY-III.NFO,09/12/2024,09:42:35,54326.25,54286.55,120,54324.9,210,0,56190
BANKNIFTY-III.NFO,09/12/2024,09:42:37,54326.25,54286.55,120,54324.75,90,0,56190
BANKNIFTY-III.NFO,09/12/2024,09:42:39,54326.25,54286.55,120,54324.6,90,0,56190
BANKNIFTY-III.NFO,09/12/2024,09:42:40,54326.25,54286.55,120,54324.5,210,0,56190
BANKNIFTY-III.NFO,09/12/2024,09:42:42,54326.25,54286.55,120,54324.4,210,0,56190
BANKNIFTY-III.NFO,09/12/2024,09:42:44,54326.25,54286.55,120,54324.3,210,0,56190
BANKNIFTY-III.NFO,09/12/2024,09:42:45,54326.25,54286.55,120,54324.15,90,0,56190
BANKNIFTY-III.NFO,09/12/2024,09:42:47,54326.25,54286.55,120,54324.05,240,0,56190
BANKNIFTY-III.NFO,09/12/2024,09:42:49,54326.25,54286.55,120,54323.95,210,0,56190
BANKNIFTY-III.NFO,09/12/2024,09:42:50,54326.25,54286.55,120,54323.8,90,0,56190
BANKNIFTY-III.NFO,09/12/2024,09:42:52,54326.25,54286.55,120,54323.7,240,0,56190
BANKNIFTY-III.NFO,09/12/2024,09:42:53,54326.25,54286.55,120,54323.6,240,0,56190
BANKNIFTY-III.NFO,09/12/2024,09:42:55,54326.25,54285.95,120,54323.5,240,0,56190
BANKNIFTY-III.NFO,09/12/2024,09:42:57,54326.25,54277.6,120,54306.6,30,0,56190
BANKNIFTY-III.NFO,09/12/2024,09:42:58,54326.25,54277.6,120,54306.5,150,0,56190
BANKNIFTY-III.NFO,09/12/2024,09:43:00,54326.25,54277.6,120,54306.4,150,0,56190
BANKNIFTY-III.NFO,09/12/2024,09:43:02,54306.35,54270.4,120,54294.6,30,60,56640
BANKNIFTY-III.NFO,09/12/2024,09:43:03,54306.35,54268.25,120,54294.55,60,0,56640
BANKNIFTY-III.NFO,09/12/2024,09:43:05,54306.35,54265.3,120,54294.45,120,0,56640
BANKNIFTY-III.NFO,09/12/2024,09:43:07,54306.35,54266,180,54294.35,90,0,56640
BANKNIFTY-III.NFO,09/12/2024,09:43:08,54306.35,54266.4,180,54294.35,90,0,56640
BANKNIFTY-III.NFO,09/12/2024,09:43:10,54306.35,54266.5,120,54294.35,90,0,56640
BANKNIFTY-III.NFO,09/12/2024,09:43:12,54306.35,54268.3,120,54306.55,240,0,56640
BANKNIFTY-III.NFO,09/12/2024,09:43:14,54306.35,54269.5,120,54306.45,150,0,56640
BANKNIFTY-III.NFO,09/12/2024,09:43:15,54306.35,54272.2,180,54306.35,150,0,56640
BANKNIFTY-III.NFO,09/12/2024,09:43:17,54306.35,54272.2,180,54306.25,150,0,56640
BANKNIFTY-III.NFO,09/12/2024,09:43:18,54306.35,54272.2,180,54306.15,150,0,56640
BANKNIFTY-III.NFO,09/12/2024,09:43:20,54306.35,54272.2,180,54306.05,150,0,56640
BANKNIFTY-III.NFO,09/12/2024,09:43:21,54306.35,54272.2,180,54305.95,150,0,56640
BANKNIFTY-III.NFO,09/12/2024,09:43:23,54305.9,54270,120,54305.85,150,60,56640
BANKNIFTY-III.NFO,09/12/2024,09:43:24,54305.9,54270,120,54305.75,150,0,56640
BANKNIFTY-III.NFO,09/12/2024,09:43:26,54305.9,54267.7,120,54305.65,150,0,56640
BANKNIFTY-III.NFO,09/12/2024,09:43:28,54305.9,54267.7,120,54305.55,150,0,56640
BANKNIFTY-III.NFO,09/12/2024,09:43:29,54305.9,54267.7,120,54305.45,150,0,56640
BANKNIFTY-III.NFO,09/12/2024,09:43:32,54305.9,54265.3,120,54305.25,150,0,56640
BANKNIFTY-III.NFO,09/12/2024,09:43:34,54305.9,54265.3,120,54305.15,210,0,56640
BANKNIFTY-III.NFO,09/12/2024,09:43:35,54305.9,54265.3,120,54305.05,150,0,56640
BANKNIFTY-III.NFO,09/12/2024,09:43:37,54305.9,54265.3,120,54304.95,240,0,56640
BANKNIFTY-III.NFO,09/12/2024,09:43:38,54305.9,54265.3,120,54304.85,240,0,56640
BANKNIFTY-III.NFO,09/12/2024,09:43:40,54305.9,54257.35,120,54282.55,30,0,56640
BANKNIFTY-III.NFO,09/12/2024,09:43:42,54305.9,54253.1,120,54282.45,150,0,56640
BANKNIFTY-III.NFO,09/12/2024,09:43:43,54305.9,54253.1,120,54282.35,150,0,56640
BANKNIFTY-III.NFO,09/12/2024,09:43:45,54305.9,54253.1,120,54282.25,150,0,56640
BANKNIFTY-III.NFO,09/12/2024,09:43:46,54305.9,54253.1,120,54282.15,150,0,56640
BANKNIFTY-III.NFO,09/12/2024,09:43:48,54305.9,54253.1,120,54282.05,150,0,56640
BANKNIFTY-III.NFO,09/12/2024,09:43:49,54305.9,54253.1,120,54281.95,150,0,56640
BANKNIFTY-III.NFO,09/12/2024,09:43:51,54305.9,54250.05,150,54281.85,150,0,56640
BANKNIFTY-III.NFO,09/12/2024,09:43:53,54305.9,54250.05,150,54281.75,150,0,56640
BANKNIFTY-III.NFO,09/12/2024,09:43:54,54305.9,54250.05,150,54281.65,150,0,56640
BANKNIFTY-III.NFO,09/12/2024,09:43:56,54305.9,54250.05,150,54281.55,150,0,56640
BANKNIFTY-III.NFO,09/12/2024,09:43:57,54305.9,54253.15,120,54281.5,30,0,56640
BANKNIFTY-III.NFO,09/12/2024,09:43:59,54305.9,54257.45,120,54281.5,30,0,56640
BANKNIFTY-III.NFO,09/12/2024,09:44:01,54305.9,54258.35,120,54281.45,210,0,56640
BANKNIFTY-III.NFO,09/12/2024,09:44:02,54258.35,54256.6,120,54281.15,60,60,56640
BANKNIFTY-III.NFO,09/12/2024,09:44:04,54258.35,54251.5,120,54280.95,60,0,56640
BANKNIFTY-III.NFO,09/12/2024,09:44:05,54258.35,54250.05,150,54280.65,60,0,56640
BANKNIFTY-III.NFO,09/12/2024,09:44:07,54258.35,54250.05,150,54280.35,60,0,56640
BANKNIFTY-III.NFO,09/12/2024,09:44:08,54258.35,54250.05,150,54280.15,60,0,56640
BANKNIFTY-III.NFO,09/12/2024,09:44:10,54258.35,54250.05,150,54279.85,60,0,56640
BANKNIFTY-III.NFO,09/12/2024,09:44:11,54258.35,54250.05,150,54279.65,60,0,56640
BANKNIFTY-III.NFO,09/12/2024,09:44:12,54258.35,54250.05,150,54279.35,60,0,56640
BANKNIFTY-III.NFO,09/12/2024,09:44:14,54258.35,54250.05,150,54279.05,60,0,56640
BANKNIFTY-III.NFO,09/12/2024,09:44:16,54258.35,54250.05,150,54278.85,60,0,56640
BANKNIFTY-III.NFO,09/12/2024,09:44:17,54258.35,54250.05,150,54278.55,60,0,56640
BANKNIFTY-III.NFO,09/12/2024,09:44:19,54258.35,54250.05,150,54278.25,60,0,56640
BANKNIFTY-III.NFO,09/12/2024,09:44:20,54258.35,54250.05,150,54277.95,60,0,56640
BANKNIFTY-III.NFO,09/12/2024,09:44:22,54258.35,54251.9,180,54277.8,90,0,56640
BANKNIFTY-III.NFO,09/12/2024,09:44:24,54258.35,54250.1,120,54277.6,60,0,56640
BANKNIFTY-III.NFO,09/12/2024,09:44:25,54258.35,54252.1,120,54277.5,90,0,56640
BANKNIFTY-III.NFO,09/12/2024,09:44:27,54258.35,54252.4,210,54277.4,90,0,56640
BANKNIFTY-III.NFO,09/12/2024,09:44:28,54258.35,54252.4,210,54277.3,120,0,56640
BANKNIFTY-III.NFO,09/12/2024,09:44:30,54258.35,54252.4,150,54277,60,0,56640
BANKNIFTY-III.NFO,09/12/2024,09:44:31,54258.35,54252.4,150,54276.8,60,0,56640
BANKNIFTY-III.NFO,09/12/2024,09:44:33,54258.35,54251.55,120,54276.5,60,0,56640
BANKNIFTY-III.NFO,09/12/2024,09:44:34,54258.35,54251.55,120,54276.2,60,0,56640
BANKNIFTY-III.NFO,09/12/2024,09:44:36,54258.35,54251.55,120,54276,30,0,56640
BANKNIFTY-III.NFO,09/12/2024,09:44:37,54258.35,54251.55,120,54275.7,60,0,56640
BANKNIFTY-III.NFO,09/12/2024,09:44:39,54258.35,54250.05,120,54275.5,60,0,56640
BANKNIFTY-III.NFO,09/12/2024,09:44:40,54258.35,54250.05,120,54275.25,90,0,56640
BANKNIFTY-III.NFO,09/12/2024,09:44:42,54258.35,54250.65,120,54275.05,90,0,56640
BANKNIFTY-III.NFO,09/12/2024,09:44:43,54258.35,54251.7,210,54274.95,90,0,56640
BANKNIFTY-III.NFO,09/12/2024,09:44:45,54258.35,54257.2,120,54274.9,30,0,56640
BANKNIFTY-III.NFO,09/12/2024,09:44:46,54258.35,54261.8,120,54274.9,30,0,56640
BANKNIFTY-III.NFO,09/12/2024,09:44:48,54258.35,54264.4,120,54286.55,30,0,56640
BANKNIFTY-III.NFO,09/12/2024,09:44:49,54258.35,54267.95,120,54286.55,30,0,56640
BANKNIFTY-III.NFO,09/12/2024,09:44:54,54258.35,54267.95,120,54286.5,60,0,56640
BANKNIFTY-III.NFO,09/12/2024,09:44:55,54258.35,54262.8,30,54286.35,60,0,56640
BANKNIFTY-III.NFO,09/12/2024,09:44:57,54258.35,54256,120,54278.75,60,0,56640
BANKNIFTY-III.NFO,09/12/2024,09:44:58,54258.35,54256,120,54278.45,60,0,56640
BANKNIFTY-III.NFO,09/12/2024,09:45:00,54258.35,54252.1,120,54278.25,60,0,56640
BANKNIFTY-III.NFO,09/12/2024,09:45:01,54258.35,54250,330,54264.35,90,0,56640
BANKNIFTY-III.NFO,09/12/2024,09:45:03,54258.35,54250,330,54256.45,60,0,56640
BANKNIFTY-III.NFO,09/12/2024,09:45:05,54258.35,54250.05,150,54263.2,30,0,56640
BANKNIFTY-III.NFO,09/12/2024,09:45:06,54258.35,54250.35,150,54272.05,90,0,56640
BANKNIFTY-III.NFO,09/12/2024,09:45:08,54258.35,54250.35,150,54271.85,60,0,56640
BANKNIFTY-III.NFO,09/12/2024,09:45:09,54258.35,54250.95,150,54271.65,60,0,56640
BANKNIFTY-III.NFO,09/12/2024,09:45:12,54258.35,54271.75,60,54278.4,30,0,56640
BANKNIFTY-III.NFO,09/12/2024,09:45:17,54258.35,54271.8,150,54287.85,60,0,56640
BANKNIFTY-III.NFO,09/12/2024,09:45:18,54258.35,54271.8,120,54287.75,60,0,56640
BANKNIFTY-III.NFO,09/12/2024,09:45:20,54258.35,54271.8,120,54287.7,30,0,56640
BANKNIFTY-III.NFO,09/12/2024,09:45:22,54287.7,54273.9,120,54294.05,60,60,56640
BANKNIFTY-III.NFO,09/12/2024,09:45:23,54287.7,54278.5,120,54294,60,0,56640
BANKNIFTY-III.NFO,09/12/2024,09:45:25,54287.7,54284.6,120,54304.05,30,0,56640
BANKNIFTY-III.NFO,09/12/2024,09:45:27,54287.7,54284.45,120,54303.8,60,0,56640
BANKNIFTY-III.NFO,09/12/2024,09:45:28,54287.7,54284.45,120,54308,90,0,56640
BANKNIFTY-III.NFO,09/12/2024,09:45:30,54287.7,54284.45,120,54307.8,90,0,56640
BANKNIFTY-III.NFO,09/12/2024,09:45:32,54287.7,54289.35,150,54308,30,0,56640
BANKNIFTY-III.NFO,09/12/2024,09:45:33,54287.7,54289.35,150,54307.95,60,0,56640
BANKNIFTY-III.NFO,09/12/2024,09:45:35,54287.7,54285.05,120,54307.9,60,0,56640
BANKNIFTY-III.NFO,09/12/2024,09:45:37,54287.7,54286,180,54308.6,60,0,56640
BANKNIFTY-III.NFO,09/12/2024,09:45:38,54287.7,54289.3,120,54308.65,30,0,56640
BANKNIFTY-III.NFO,09/12/2024,09:45:40,54287.7,54289.25,120,54308.6,60,0,56640
BANKNIFTY-III.NFO,09/12/2024,09:45:42,54287.7,54289.25,120,54308.4,60,0,56640
BANKNIFTY-III.NFO,09/12/2024,09:45:43,54287.7,54286.55,120,54308.2,90,0,56640
BANKNIFTY-III.NFO,09/12/2024,09:45:45,54287.7,54286.55,120,54308,60,0,56640
BANKNIFTY-III.NFO,09/12/2024,09:45:47,54287.7,54282.7,120,54307.8,60,0,56640
BANKNIFTY-III.NFO,09/12/2024,09:45:48,54284.5,54284.5,120,54307.45,90,30,56790
BANKNIFTY-III.NFO,09/12/2024,09:45:50,54284.5,54284.5,120,54307.25,90,0,56790
BANKNIFTY-III.NFO,09/12/2024,09:45:52,54284.5,54288.4,120,54307.15,30,0,56790
BANKNIFTY-III.NFO,09/12/2024,09:45:53,54284.5,54288.4,120,54307.05,90,0,56790
BANKNIFTY-III.NFO,09/12/2024,09:45:55,54284.5,54288.25,120,54308,90,0,56790
BANKNIFTY-III.NFO,09/12/2024,09:45:57,54284.5,54288.25,120,54312.25,120,0,56790
BANKNIFTY-III.NFO,09/12/2024,09:45:58,54284.5,54291.55,120,54315,120,0,56790
BANKNIFTY-III.NFO,09/12/2024,09:46:00,54284.5,54291.4,120,54314.7,120,0,56790
BANKNIFTY-III.NFO,09/12/2024,09:46:02,54284.5,54294.4,120,54316.15,120,0,56790
BANKNIFTY-III.NFO,09/12/2024,09:46:03,54284.5,54293.25,120,54316.1,90,0,56790
BANKNIFTY-III.NFO,09/12/2024,09:46:05,54284.5,54290.2,120,54315.8,90,0,56790
BANKNIFTY-III.NFO,09/12/2024,09:46:07,54284.5,54300,90,54310.8,120,0,56790
BANKNIFTY-III.NFO,09/12/2024,09:46:08,54284.5,54300,90,54312.2,90,0,56790
BANKNIFTY-III.NFO,09/12/2024,09:46:10,54284.5,54304.9,150,54322.2,30,0,56790
BANKNIFTY-III.NFO,09/12/2024,09:46:12,54284.5,54302.5,120,54322.15,120,0,56790
BANKNIFTY-III.NFO,09/12/2024,09:46:13,54284.5,54300.45,120,54322.15,120,0,56790
BANKNIFTY-III.NFO,09/12/2024,09:46:15,54284.5,54300.05,120,54322.1,90,0,56790
BANKNIFTY-III.NFO,09/12/2024,09:46:18,54284.5,54310,90,54321.65,90,0,56790
BANKNIFTY-III.NFO,09/12/2024,09:46:20,54284.5,54310,90,54322.15,90,0,56790
BANKNIFTY-III.NFO,09/12/2024,09:46:22,54310,54310,30,54320.8,90,60,56790
BANKNIFTY-III.NFO,09/12/2024,09:46:23,54310,54310,30,54322.15,90,0,56790
BANKNIFTY-III.NFO,09/12/2024,09:46:25,54310,54310,60,54322.2,30,0,56790
BANKNIFTY-III.NFO,09/12/2024,09:46:27,54310,54310.05,150,54322.2,30,0,56790
BANKNIFTY-III.NFO,09/12/2024,09:46:30,54310,54320,30,54322.2,30,0,56790
BANKNIFTY-III.NFO,09/12/2024,09:46:32,54310,54320,30,54322.15,90,0,56790
BANKNIFTY-III.NFO,09/12/2024,09:46:33,54320,54301.35,120,54322.15,120,30,56790
BANKNIFTY-III.NFO,09/12/2024,09:46:35,54320,54301.35,120,54322.15,120,0,56790
BANKNIFTY-III.NFO,09/12/2024,09:46:37,54320,54297.35,120,54322.05,90,0,56790
BANKNIFTY-III.NFO,09/12/2024,09:46:38,54320,54299.05,120,54321.95,90,0,56790
BANKNIFTY-III.NFO,09/12/2024,09:46:40,54320,54304.15,120,54322.15,120,0,56790
BANKNIFTY-III.NFO,09/12/2024,09:46:42,54320,54304.15,150,54322.15,120,0,56790
BANKNIFTY-III.NFO,09/12/2024,09:46:43,54320,54310.15,120,54322.2,30,0,56790
BANKNIFTY-III.NFO,09/12/2024,09:46:50,54320,54310,120,54322.2,30,0,56790
BANKNIFTY-III.NFO,09/12/2024,09:46:52,54320,54317.9,120,54322.2,30,0,56790
BANKNIFTY-III.NFO,09/12/2024,09:46:53,54330,54324.2,120,54345.25,60,60,56790
BANKNIFTY-III.NFO,09/12/2024,09:46:55,54330,54334.1,150,54350,60,0,56790
BANKNIFTY-III.NFO,09/12/2024,09:46:57,54330,54339,150,54350,60,0,56790
BANKNIFTY-III.NFO,09/12/2024,09:46:58,54330,54339.95,120,54350,60,0,56790
BANKNIFTY-III.NFO,09/12/2024,09:47:00,54330,54343.5,210,54350,60,0,56790
BANKNIFTY-III.NFO,09/12/2024,09:47:02,54330,54343.05,120,54350,60,0,56790
BANKNIFTY-III.NFO,09/12/2024,09:47:03,54350,54344.75,120,54366.55,180,60,56790
BANKNIFTY-III.NFO,09/12/2024,09:47:05,54350,54343.85,120,54366.25,180,0,56790
BANKNIFTY-III.NFO,09/12/2024,09:47:07,54350,54343.75,120,54365.95,180,0,56790
BANKNIFTY-III.NFO,09/12/2024,09:47:08,54350,54336.6,210,54357.1,90,0,56790
BANKNIFTY-III.NFO,09/12/2024,09:47:10,54350,54334.6,120,54356.8,150,0,56790
BANKNIFTY-III.NFO,09/12/2024,09:47:11,54350,54329.75,120,54356.55,150,0,56790
BANKNIFTY-III.NFO,09/12/2024,09:47:13,54350,54334.95,120,54356.25,120,0,56790
BANKNIFTY-III.NFO,09/12/2024,09:47:15,54350,54330.05,120,54355.75,150,0,56790
BANKNIFTY-III.NFO,09/12/2024,09:47:16,54350,54335.3,120,54357.1,120,0,56790
BANKNIFTY-III.NFO,09/12/2024,09:47:18,54350,54332.8,120,54356.9,150,0,56790
BANKNIFTY-III.NFO,09/12/2024,09:47:20,54350,54324.5,210,54345.35,120,0,56790
BANKNIFTY-III.NFO,09/12/2024,09:47:21,54350,54322.4,120,54345.25,90,0,56790
BANKNIFTY-III.NFO,09/12/2024,09:47:23,54350,54316.65,120,54340.2,90,0,56790
BANKNIFTY-III.NFO,09/12/2024,09:47:25,54350,54319.25,120,54340,90,0,56790
BANKNIFTY-III.NFO,09/12/2024,09:47:26,54350,54322.45,120,54345.05,120,0,56790
BANKNIFTY-III.NFO,09/12/2024,09:47:28,54350,54320.4,120,54344.85,90,0,56790
BANKNIFTY-III.NFO,09/12/2024,09:47:30,54350,54321.5,120,54344.55,90,0,56790
BANKNIFTY-III.NFO,09/12/2024,09:47:31,54350,54321.5,120,54344.25,90,0,56790
BANKNIFTY-III.NFO,09/12/2024,09:47:33,54350,54317.1,120,54343.95,150,0,56790
BANKNIFTY-III.NFO,09/12/2024,09:47:35,54350,54314.55,120,54342.2,150,0,56790
BANKNIFTY-III.NFO,09/12/2024,09:47:36,54316.55,54316.55,90,54341.9,120,60,56790
BANKNIFTY-III.NFO,09/12/2024,09:47:38,54316.55,54319.45,90,54341.6,120,0,56790
BANKNIFTY-III.NFO,09/12/2024,09:47:40,54316.55,54320.8,90,54344,120,0,56790
BANKNIFTY-III.NFO,09/12/2024,09:47:41,54316.55,54328.85,90,54356.4,180,0,56790
BANKNIFTY-III.NFO,09/12/2024,09:47:43,54316.55,54328.5,150,54356.1,180,0,56790
BANKNIFTY-III.NFO,09/12/2024,09:47:45,54316.55,54329.8,150,54355.9,120,0,56790
BANKNIFTY-III.NFO,09/12/2024,09:47:46,54316.55,54327.8,90,54355.6,180,0,56790
BANKNIFTY-III.NFO,09/12/2024,09:47:48,54327.5,54328.1,60,54355.3,120,30,56790
BANKNIFTY-III.NFO,09/12/2024,09:47:50,54327.5,54329.4,60,54355,120,0,56790
BANKNIFTY-III.NFO,09/12/2024,09:47:51,54327.5,54327.5,60,54354.7,180,0,56790
BANKNIFTY-III.NFO,09/12/2024,09:47:53,54327.5,54317.65,60,54340.65,120,0,56790
BANKNIFTY-III.NFO,09/12/2024,09:47:55,54327.5,54310.4,60,54340.45,180,0,56790
BANKNIFTY-III.NFO,09/12/2024,09:47:56,54327.5,54310.4,60,54340.15,180,0,56790
BANKNIFTY-III.NFO,09/12/2024,09:47:58,54327.5,54312.1,60,54339.85,120,0,56790
BANKNIFTY-III.NFO,09/12/2024,09:48:00,54327.5,54313.8,60,54339.55,120,0,56790
BANKNIFTY-III.NFO,09/12/2024,09:48:01,54327.5,54311.8,60,54339.35,120,0,56790
BANKNIFTY-III.NFO,09/12/2024,09:48:03,54327.5,54311.8,60,54339.05,120,0,56790
BANKNIFTY-III.NFO,09/12/2024,09:48:05,54327.5,54316,60,54338.8,120,0,56790
BANKNIFTY-III.NFO,09/12/2024,09:48:07,54327.5,54320,30,54332.5,150,0,56790
BANKNIFTY-III.NFO,09/12/2024,09:48:08,54327.5,54320,30,54333,90,0,56790
BANKNIFTY-III.NFO,09/12/2024,09:48:10,54327.5,54320.25,60,54343.55,120,0,56790
BANKNIFTY-III.NFO,09/12/2024,09:48:12,54327.5,54320.1,60,54343.35,120,0,56790
BANKNIFTY-III.NFO,09/12/2024,09:48:13,54327.5,54320.05,90,54343.15,120,0,56790
BANKNIFTY-III.NFO,09/12/2024,09:48:15,54327.5,54320,30,54333.3,120,0,56790
BANKNIFTY-III.NFO,09/12/2024,09:48:17,54327.5,54320,30,54332.45,120,0,56790
BANKNIFTY-III.NFO,09/12/2024,09:48:18,54327.5,54320,30,54332.35,30,0,56790
BANKNIFTY-III.NFO,09/12/2024,09:48:20,54327.5,54320,30,54329.3,150,0,56790
BANKNIFTY-III.NFO,09/12/2024,09:48:22,54327.5,54320,30,54327.6,150,0,56790
BANKNIFTY-III.NFO,09/12/2024,09:48:23,54327.5,54320,30,54326.85,120,0,56790
BANKNIFTY-III.NFO,09/12/2024,09:48:25,54320,54298.25,60,54321.35,120,30,56790
BANKNIFTY-III.NFO,09/12/2024,09:48:27,54320,54303.35,90,54324.25,120,0,56790
BANKNIFTY-III.NFO,09/12/2024,09:48:28,54320,54303.95,90,54324.3,30,0,56790
BANKNIFTY-III.NFO,09/12/2024,09:48:30,54320,54304.85,60,54324.25,120,0,56790
BANKNIFTY-III.NFO,09/12/2024,09:48:32,54320,54302.45,90,54324.25,120,0,56790
BANKNIFTY-III.NFO,09/12/2024,09:48:33,54320,54303.05,90,54324.25,120,0,56790
BANKNIFTY-III.NFO,09/12/2024,09:48:35,54320,54307.4,90,54328.05,30,0,56790
BANKNIFTY-III.NFO,09/12/2024,09:48:37,54320,54307.7,60,54330.15,120,0,56790
BANKNIFTY-III.NFO,09/12/2024,09:48:38,54320,54304.45,60,54330.15,120,0,56790
BANKNIFTY-III.NFO,09/12/2024,09:48:40,54320,54306.6,60,54330.15,120,0,56790
BANKNIFTY-III.NFO,09/12/2024,09:48:42,54320,54308.4,90,54330.15,120,0,56790
BANKNIFTY-III.NFO,09/12/2024,09:48:43,54320,54311.05,90,54332.15,30,0,56790
BANKNIFTY-III.NFO,09/12/2024,09:48:45,54320,54314.4,60,54336,120,0,56790
BANKNIFTY-III.NFO,09/12/2024,09:48:47,54320,54317.4,60,54339.1,120,0,56790
BANKNIFTY-III.NFO,09/12/2024,09:48:48,54320,54316.95,60,54339,120,0,56790
BANKNIFTY-III.NFO,09/12/2024,09:48:50,54320,54313.2,60,54338.8,120,0,56790
BANKNIFTY-III.NFO,09/12/2024,09:48:52,54320,54312.65,60,54338.5,120,0,56790
BANKNIFTY-III.NFO,09/12/2024,09:48:53,54320,54313.35,60,54338.4,120,0,56790
BANKNIFTY-III.NFO,09/12/2024,09:48:55,54320,54314.15,60,54338.2,120,0,56790
BANKNIFTY-III.NFO,09/12/2024,09:48:57,54320,54314.15,90,54338,120,0,56790
BANKNIFTY-III.NFO,09/12/2024,09:48:58,54320,54314.15,90,54337.9,120,0,56790
BANKNIFTY-III.NFO,09/12/2024,09:49:00,54320,54313.1,60,54337.8,120,0,56790
BANKNIFTY-III.NFO,09/12/2024,09:49:02,54320,54314.15,60,54337.6,120,0,56790
BANKNIFTY-III.NFO,09/12/2024,09:49:03,54320,54315.45,60,54337.45,60,0,56790
BANKNIFTY-III.NFO,09/12/2024,09:49:05,54320,54314.5,60,54337.3,120,0,56790
BANKNIFTY-III.NFO,09/12/2024,09:49:07,54320,54314.5,60,54337.2,120,0,56790
BANKNIFTY-III.NFO,09/12/2024,09:49:08,54320,54314.5,60,54337.1,120,0,56790
BANKNIFTY-III.NFO,09/12/2024,09:49:10,54320,54314.15,60,54336.9,120,0,56790
BANKNIFTY-III.NFO,09/12/2024,09:49:11,54320,54314.15,60,54336.7,120,0,56790
BANKNIFTY-III.NFO,09/12/2024,09:49:13,54320,54314.45,120,54336.8,120,0,56790
BANKNIFTY-III.NFO,09/12/2024,09:49:15,54320,54315.15,60,54337.1,120,0,56790
BANKNIFTY-III.NFO,09/12/2024,09:49:16,54320,54317.05,60,54337.75,30,0,56790
BANKNIFTY-III.NFO,09/12/2024,09:49:18,54320,54317.05,90,54337.85,120,0,56790
BANKNIFTY-III.NFO,09/12/2024,09:49:28,54320,54323.35,120,54346.1,120,0,56790
BANKNIFTY-III.NFO,09/12/2024,09:49:30,54320,54324.55,60,54346,120,0,56790
BANKNIFTY-III.NFO,09/12/2024,09:49:31,54320,54325.25,90,54346,150,0,56790
BANKNIFTY-III.NFO,09/12/2024,09:49:35,54320,54323.75,90,54345.9,120,0,56790
BANKNIFTY-III.NFO,09/12/2024,09:49:36,54320,54322.95,90,54345.7,150,0,56790
BANKNIFTY-III.NFO,09/12/2024,09:49:38,54320,54322.95,60,54345.5,120,0,56790
BANKNIFTY-III.NFO,09/12/2024,09:49:40,54320,54320.8,60,54345.3,120,0,56790
BANKNIFTY-III.NFO,09/12/2024,09:49:41,54320,54319.6,60,54345.2,120,0,56790
BANKNIFTY-III.NFO,09/12/2024,09:49:43,54320,54315.75,60,54345,180,0,56790
BANKNIFTY-III.NFO,09/12/2024,09:49:45,54320,54308.35,60,54330.15,150,0,56790
BANKNIFTY-III.NFO,09/12/2024,09:49:46,54320,54309.5,90,54333.35,120,0,56790
BANKNIFTY-III.NFO,09/12/2024,09:49:48,54320,54311.95,90,54333.45,120,0,56790
BANKNIFTY-III.NFO,09/12/2024,09:49:50,54320,54312.35,90,54333.45,120,0,56790
BANKNIFTY-III.NFO,09/12/2024,09:49:51,54320,54310.95,60,54333.45,120,0,56790
BANKNIFTY-III.NFO,09/12/2024,09:49:53,54320,54308.6,60,54333.35,120,0,56790
BANKNIFTY-III.NFO,09/12/2024,09:49:55,54320,54308.75,60,54333.15,120,0,56790
BANKNIFTY-III.NFO,09/12/2024,09:49:56,54320,54308.05,60,54332.95,120,0,56790
BANKNIFTY-III.NFO,09/12/2024,09:49:58,54320,54308.05,60,54332.75,120,0,56790
BANKNIFTY-III.NFO,09/12/2024,09:50:00,54320,54305.3,60,54332.65,120,0,56790
BANKNIFTY-III.NFO,09/12/2024,09:50:01,54320,54305.3,60,54332.55,180,0,56790
BANKNIFTY-III.NFO,09/12/2024,09:50:03,54320,54305.3,60,54332.45,120,0,56790
BANKNIFTY-III.NFO,09/12/2024,09:50:05,54320,54305.6,120,54332.35,120,0,56790
BANKNIFTY-III.NFO,09/12/2024,09:50:06,54320,54311.1,60,54344.55,180,0,56790
BANKNIFTY-III.NFO,09/12/2024,09:50:08,54320,54313.75,60,54344.45,180,0,56790
BANKNIFTY-III.NFO,09/12/2024,09:50:10,54320,54313.75,60,54344.35,180,0,56790
BANKNIFTY-III.NFO,09/12/2024,09:50:12,54320,54314,120,54344.25,180,0,56790
BANKNIFTY-III.NFO,09/12/2024,09:50:14,54320,54310,60,54344.15,180,0,56790
BANKNIFTY-III.NFO,09/12/2024,09:50:15,54320,54311.7,60,54344.05,180,0,56790
BANKNIFTY-III.NFO,09/12/2024,09:50:17,54320,54298.1,60,54329.25,180,0,56790
BANKNIFTY-III.NFO,09/12/2024,09:50:19,54320,54278.7,120,54311.05,180,0,56790
BANKNIFTY-III.NFO,09/12/2024,09:50:20,54320,54272.55,60,54311.05,180,0,56790
BANKNIFTY-III.NFO,09/12/2024,09:50:22,54320,54277.55,60,54310.95,180,0,56790
BANKNIFTY-III.NFO,09/12/2024,09:50:24,54320,54270.25,60,54310.95,180,0,56790
BANKNIFTY-III.NFO,09/12/2024,09:50:25,54320,54274.55,60,54310.85,180,0,56790
BANKNIFTY-III.NFO,09/12/2024,09:50:27,54320,54270.65,60,54310.85,180,0,56790
BANKNIFTY-III.NFO,09/12/2024,09:50:29,54320,54276.35,60,54310.85,180,0,56790
BANKNIFTY-III.NFO,09/12/2024,09:50:30,54320,54272.35,60,54310.75,180,0,56790
BANKNIFTY-III.NFO,09/12/2024,09:50:32,54320,54270.65,60,54310.65,180,0,56790
BANKNIFTY-III.NFO,09/12/2024,09:50:34,54320,54271.85,60,54310.55,180,0,56790
BANKNIFTY-III.NFO,09/12/2024,09:50:35,54320,54268.85,60,54310.45,180,0,56790
BANKNIFTY-III.NFO,09/12/2024,09:50:37,54320,54269.65,60,54310.35,180,0,56790
BANKNIFTY-III.NFO,09/12/2024,09:50:39,54320,54269.65,60,54310.25,180,0,56790
BANKNIFTY-III.NFO,09/12/2024,09:50:40,54320,54267.55,60,54310.05,180,0,56790
BANKNIFTY-III.NFO,09/12/2024,09:50:42,54320,54269.45,60,54309.95,180,0,56790
BANKNIFTY-III.NFO,09/12/2024,09:50:44,54320,54269.45,60,54309.85,180,0,56790
BANKNIFTY-III.NFO,09/12/2024,09:50:45,54320,54267.55,60,54309.75,180,0,56790
BANKNIFTY-III.NFO,09/12/2024,09:50:47,54320,54263.65,60,54309.65,180,0,56790
BANKNIFTY-III.NFO,09/12/2024,09:50:49,54320,54261.15,60,54309.55,180,0,56790
BANKNIFTY-III.NFO,09/12/2024,09:50:50,54320,54254.15,60,54309.45,180,0,56790
BANKNIFTY-III.NFO,09/12/2024,09:50:52,54320,54263.15,60,54309.35,180,0,56790
BANKNIFTY-III.NFO,09/12/2024,09:50:54,54320,54260.85,60,54309.25,180,0,56790
BANKNIFTY-III.NFO,09/12/2024,09:50:55,54320,54264.55,60,54309.15,180,0,56790
BANKNIFTY-III.NFO,09/12/2024,09:50:57,54320,54265.45,60,54309.05,180,0,56790
BANKNIFTY-III.NFO,09/12/2024,09:50:59,54320,54254.25,60,54308.95,180,0,56790
BANKNIFTY-III.NFO,09/12/2024,09:51:00,54320,54259.15,60,54308.85,180,0,56790
BANKNIFTY-III.NFO,09/12/2024,09:51:02,54320,54259.35,60,54308.75,180,0,56790
BANKNIFTY-III.NFO,09/12/2024,09:51:04,54320,54260.15,60,54308.65,180,0,56790
BANKNIFTY-III.NFO,09/12/2024,09:51:05,54320,54263.45,60,54308.55,180,0,56790
BANKNIFTY-III.NFO,09/12/2024,09:51:07,54320,54263.45,60,54308.45,180,0,56790
BANKNIFTY-III.NFO,09/12/2024,09:51:09,54320,54263.45,60,54308.35,180,0,56790
BANKNIFTY-III.NFO,09/12/2024,09:51:12,54320,54265.85,60,54308.25,180,0,56790
BANKNIFTY-III.NFO,09/12/2024,09:51:13,54320,54265.85,60,54308.15,180,0,56790
BANKNIFTY-III.NFO,09/12/2024,09:51:15,54320,54265.85,60,54308.05,180,0,56790
BANKNIFTY-III.NFO,09/12/2024,09:51:17,54320,54262.35,60,54307.95,180,0,56790
BANKNIFTY-III.NFO,09/12/2024,09:51:18,54320,54262.55,60,54307.85,180,0,56790
BANKNIFTY-III.NFO,09/12/2024,09:51:20,54320,54262.55,60,54307.75,180,0,56790
BANKNIFTY-III.NFO,09/12/2024,09:51:22,54320,54259.55,60,54307.45,180,0,56790
BANKNIFTY-III.NFO,09/12/2024,09:51:23,54320,54259.55,60,54307.15,180,0,56790
BANKNIFTY-III.NFO,09/12/2024,09:51:25,54320,54257.15,60,54299.85,180,0,56790
BANKNIFTY-III.NFO,09/12/2024,09:51:27,54320,54257.15,60,54299.55,120,0,56790
BANKNIFTY-III.NFO,09/12/2024,09:51:28,54320,54258.95,60,54299.45,120,0,56790
BANKNIFTY-III.NFO,09/12/2024,09:51:30,54320,54255.25,60,54299.35,120,0,56790
BANKNIFTY-III.NFO,09/12/2024,09:51:32,54320,54255.95,60,54299.25,120,0,56790
BANKNIFTY-III.NFO,09/12/2024,09:51:33,54320,54255.95,60,54299.15,120,0,56790
BANKNIFTY-III.NFO,09/12/2024,09:51:35,54320,54255.95,60,54299.05,120,0,56790
BANKNIFTY-III.NFO,09/12/2024,09:51:37,54320,54255.95,60,54298.95,120,0,56790
BANKNIFTY-III.NFO,09/12/2024,09:51:38,54320,54255.95,60,54298.85,120,0,56790
BANKNIFTY-III.NFO,09/12/2024,09:51:40,54320,54258.55,60,54298.75,120,0,56790
BANKNIFTY-III.NFO,09/12/2024,09:51:42,54320,54258.55,60,54298.65,120,0,56790
BANKNIFTY-III.NFO,09/12/2024,09:51:43,54320,54258.55,60,54298.55,120,0,56790
BANKNIFTY-III.NFO,09/12/2024,09:51:45,54320,54258.55,60,54298.45,120,0,56790
BANKNIFTY-III.NFO,09/12/2024,09:51:47,54320,54258.55,60,54298.35,120,0,56790
BANKNIFTY-III.NFO,09/12/2024,09:51:50,54320,54261.65,60,54299.95,120,0,56790
BANKNIFTY-III.NFO,09/12/2024,09:51:52,54320,54256.75,60,54299.85,120,0,56790
BANKNIFTY-III.NFO,09/12/2024,09:51:53,54320,54257.5,60,54299.75,120,0,56790
BANKNIFTY-III.NFO,09/12/2024,09:51:55,54320,54257.5,60,54299.65,120,0,56790
BANKNIFTY-III.NFO,09/12/2024,09:51:56,54320,54257.5,60,54299.55,120,0,56790
BANKNIFTY-III.NFO,09/12/2024,09:51:58,54320,54257.5,60,54299.45,120,0,56790
BANKNIFTY-III.NFO,09/12/2024,09:52:00,54320,54257.5,60,54299.35,120,0,56790
BANKNIFTY-III.NFO,09/12/2024,09:52:01,54320,54257.5,60,54299.25,120,0,56790
BANKNIFTY-III.NFO,09/12/2024,09:52:03,54320,54257.5,60,54299.15,120,0,56790
BANKNIFTY-III.NFO,09/12/2024,09:52:05,54320,54250.05,60,54298.95,180,0,56790
BANKNIFTY-III.NFO,09/12/2024,09:52:06,54320,54250.15,60,54298.65,180,0,56790
BANKNIFTY-III.NFO,09/12/2024,09:52:08,54320,54250,300,54257.55,150,0,56790
BANKNIFTY-III.NFO,09/12/2024,09:52:10,54250,54250,210,54263.65,150,90,56730
BANKNIFTY-III.NFO,09/12/2024,09:52:12,54250,54250,210,54263.55,150,0,56730
BANKNIFTY-III.NFO,09/12/2024,09:52:14,54250,54250,180,54265.95,150,30,56730
BANKNIFTY-III.NFO,09/12/2024,09:52:15,54250,54250,180,54257.9,120,0,56730
BANKNIFTY-III.NFO,09/12/2024,09:52:17,54250,54250,180,54265.65,120,0,56730
BANKNIFTY-III.NFO,09/12/2024,09:52:19,54250,54250,180,54263.35,120,0,56730
BANKNIFTY-III.NFO,09/12/2024,09:52:20,54250,54254.55,60,54294.75,120,0,56730
BANKNIFTY-III.NFO,09/12/2024,09:52:22,54250,54252.95,60,54294.65,120,0,56730
BANKNIFTY-III.NFO,09/12/2024,09:52:24,54250,54254.3,60,54294.55,180,0,56730
BANKNIFTY-III.NFO,09/12/2024,09:52:25,54250,54254.9,120,54294.45,120,0,56730
BANKNIFTY-III.NFO,09/12/2024,09:52:27,54250,54251.55,60,54294.25,180,0,56730
BANKNIFTY-III.NFO,09/12/2024,09:52:29,54250,54251.55,60,54293.95,120,0,56730
BANKNIFTY-III.NFO,09/12/2024,09:52:30,54250,54252.7,120,54293.65,120,0,56730
BANKNIFTY-III.NFO,09/12/2024,09:52:32,54250,54254.2,60,54293.35,120,0,56730
BANKNIFTY-III.NFO,09/12/2024,09:52:34,54250,54252.05,60,54293.15,120,0,56730
BANKNIFTY-III.NFO,09/12/2024,09:52:35,54250,54250.15,60,54292.85,180,0,56730
BANKNIFTY-III.NFO,09/12/2024,09:52:37,54250,54250.7,60,54292.55,120,0,56730
BANKNIFTY-III.NFO,09/12/2024,09:52:39,54250,54250.05,60,54263.55,30,0,56730
BANKNIFTY-III.NFO,09/12/2024,09:52:40,54250,54250,270,54261.1,30,0,56730
BANKNIFTY-III.NFO,09/12/2024,09:52:42,54250,54250,300,54260.4,30,0,56730
BANKNIFTY-III.NFO,09/12/2024,09:52:44,54250,54250.05,60,54265.75,150,0,56730
BANKNIFTY-III.NFO,09/12/2024,09:52:45,54250,54250,300,54255.1,150,0,56730
BANKNIFTY-III.NFO,09/12/2024,09:52:47,54250,54240,180,54252.85,150,300,56730
BANKNIFTY-III.NFO,09/12/2024,09:52:49,54234.9,54221.05,90,54252.75,120,210,56730
BANKNIFTY-III.NFO,09/12/2024,09:52:50,54234.9,54221.05,90,54250.95,120,0,56730
BANKNIFTY-III.NFO,09/12/2024,09:52:52,54234.9,54221,30,54231.25,90,0,56730
BANKNIFTY-III.NFO,09/12/2024,09:52:54,54234.9,54221.05,90,54231.75,30,0,56730
BANKNIFTY-III.NFO,09/12/2024,09:52:55,54234.9,54221.05,90,54231.7,90,0,56730
BANKNIFTY-III.NFO,09/12/2024,09:52:57,54234.9,54221.05,120,54242.9,150,0,56730
BANKNIFTY-III.NFO,09/12/2024,09:52:59,54221,54220,60,54242.8,150,120,56730
BANKNIFTY-III.NFO,09/12/2024,09:53:00,54221,54220,60,54242.7,120,0,56730
BANKNIFTY-III.NFO,09/12/2024,09:53:02,54221,54220,60,54242.6,120,0,56730
BANKNIFTY-III.NFO,09/12/2024,09:53:04,54220,54220,30,54242.55,90,30,56730
BANKNIFTY-III.NFO,09/12/2024,09:53:05,54220,54220,30,54242.55,90,0,56730
BANKNIFTY-III.NFO,09/12/2024,09:53:07,54220,54222,210,54242.55,90,0,56730
BANKNIFTY-III.NFO,09/12/2024,09:53:09,54222,54222,120,54235.7,90,60,56730
BANKNIFTY-III.NFO,09/12/2024,09:53:10,54222,54222,120,54230,30,0,56730
BANKNIFTY-III.NFO,09/12/2024,09:53:18,54222,54222,120,54230,60,0,56730
BANKNIFTY-III.NFO,09/12/2024,09:53:21,54230,54222,150,54243.35,120,30,56730
BANKNIFTY-III.NFO,09/12/2024,09:53:23,54230,54222,150,54243.25,120,0,56730
BANKNIFTY-III.NFO,09/12/2024,09:53:25,54222,54222,120,54243.15,150,30,56730
BANKNIFTY-III.NFO,09/12/2024,09:53:26,54222,54222,90,54235.8,120,0,56730
BANKNIFTY-III.NFO,09/12/2024,09:53:28,54222,54222,120,54244.8,150,0,56730
BANKNIFTY-III.NFO,09/12/2024,09:53:30,54222,54222,120,54244.7,120,0,56730
BANKNIFTY-III.NFO,09/12/2024,09:53:31,54222,54222.05,60,54253.35,120,0,56730
BANKNIFTY-III.NFO,09/12/2024,09:53:33,54222,54222.05,60,54255.75,120,0,56730
BANKNIFTY-III.NFO,09/12/2024,09:53:36,54222,54222.05,60,54255.65,120,0,56730
