Ticker,Date,Time,LTP,BuyPrice,BuyQty,SellPrice,SellQty,LTQ,OpenInterest
BANKNIFTY-II.NFO,09/12/2024,09:15:01,53990.15,53980,15,53990.15,30,30,371325
BANKNIFTY-II.NFO,09/12/2024,09:15:01,53990.15,53980,15,53990.15,30,0,371325
BANKNIFTY-II.NFO,09/12/2024,09:15:01,53990.15,53980,15,53990.15,30,0,371325
BANKNIFTY-II.NFO,09/12/2024,09:15:01,53990.15,53980,15,53990.15,30,0,371325
BANKNIFTY-II.NFO,09/12/2024,09:15:02,53999.35,53981.85,60,53999.35,15,15,371325
BANKNIFTY-II.NFO,09/12/2024,09:15:02,53999.35,53981.85,60,53999.35,15,0,371325
BANKNIFTY-II.NFO,09/12/2024,09:15:04,53996.65,53960.15,60,53996.4,75,240,371325
BANKNIFTY-II.NFO,09/12/2024,09:15:04,54002.7,53960.15,60,53996.4,75,0,371325
BANKNIFTY-II.NFO,09/12/2024,09:15:04,53950.05,53960.15,60,53996.4,75,0,371325
BANKNIFTY-II.NFO,09/12/2024,09:15:06,53993.25,53952.65,60,53982.1,15,45,371325
BANKNIFTY-II.NFO,09/12/2024,09:15:07,53928.65,53928.65,15,53952.65,30,60,371325
BANKNIFTY-II.NFO,09/12/2024,09:15:07,53928.6,53928.65,15,53952.65,30,0,371325
BANKNIFTY-II.NFO,09/12/2024,09:15:09,53912.25,53905.8,60,53933.8,45,30,371325
BANKNIFTY-II.NFO,09/12/2024,09:15:09,53912.25,53905.8,60,53933.8,45,0,371325
BANKNIFTY-II.NFO,09/12/2024,09:15:11,53929.4,53905.8,60,53927.9,30,15,371325
BANKNIFTY-II.NFO,09/12/2024,09:15:12,53926.85,53905.8,60,53926.85,15,30,371325
BANKNIFTY-II.NFO,09/12/2024,09:15:14,53927.45,53900.05,60,53927.4,60,45,371325
BANKNIFTY-II.NFO,09/12/2024,09:15:14,53905.75,53900.05,60,53927.4,60,0,371325
BANKNIFTY-II.NFO,09/12/2024,09:15:16,53928,53900.05,60,53928.1,15,60,371325
BANKNIFTY-II.NFO,09/12/2024,09:15:16,53900.05,53900.05,60,53928.1,15,0,371325
BANKNIFTY-II.NFO,09/12/2024,09:15:18,53902.35,53908.35,60,53929.35,60,120,371325
BANKNIFTY-II.NFO,09/12/2024,09:15:20,53909.4,53910.8,45,53929.35,60,15,371325
BANKNIFTY-II.NFO,09/12/2024,09:15:22,53961.6,53933.55,45,53961.6,60,135,371325
BANKNIFTY-II.NFO,09/12/2024,09:15:24,53935.1,53934.55,15,53963.05,60,30,371325
BANKNIFTY-II.NFO,09/12/2024,09:15:26,53936.8,53937.1,15,53965.1,60,45,371415
BANKNIFTY-II.NFO,09/12/2024,09:15:28,53969.2,53967.05,75,53997.75,60,75,371415
BANKNIFTY-II.NFO,09/12/2024,09:15:30,53997.15,53966.8,15,53985.7,60,15,371415
BANKNIFTY-II.NFO,09/12/2024,09:15:32,53954.1,53952.7,15,53981.1,60,90,371415
BANKNIFTY-II.NFO,09/12/2024,09:15:34,53972.4,53945.05,60,53971.75,60,75,371415
BANKNIFTY-II.NFO,09/12/2024,09:15:36,53974.9,53945.05,60,53971.35,15,150,371415
BANKNIFTY-II.NFO,09/12/2024,09:15:38,53969.15,53945.05,60,53969.65,15,15,371415
BANKNIFTY-II.NFO,09/12/2024,09:15:40,53969.15,53945.05,60,53967.2,15,0,371415
BANKNIFTY-II.NFO,09/12/2024,09:15:42,53969.05,53948.05,75,53969.6,15,15,371415
BANKNIFTY-II.NFO,09/12/2024,09:15:44,53969.05,53948.05,75,53971.3,15,0,371415
BANKNIFTY-II.NFO,09/12/2024,09:15:46,53974.7,53965.7,60,53996.35,30,60,371415
BANKNIFTY-II.NFO,09/12/2024,09:15:48,54000,54000,30,54014.5,60,105,371415
BANKNIFTY-II.NFO,09/12/2024,09:15:50,54030,54022.55,60,54052.7,60,45,371415
BANKNIFTY-II.NFO,09/12/2024,09:15:50,54030,54022.55,60,54052.7,60,0,371415
BANKNIFTY-II.NFO,09/12/2024,09:15:52,54030,54020.15,75,54029.8,15,0,371415
BANKNIFTY-II.NFO,09/12/2024,09:15:53,54006.8,54002.35,15,54028.65,60,60,371415
BANKNIFTY-II.NFO,09/12/2024,09:15:55,54030,54018.75,15,54048.7,60,15,371415
BANKNIFTY-II.NFO,09/12/2024,09:15:57,54012,54011.4,15,54041.75,60,30,371415
BANKNIFTY-II.NFO,09/12/2024,09:15:59,54044.05,54020.35,60,54049.95,60,75,371415
BANKNIFTY-II.NFO,09/12/2024,09:15:59,54044.05,54020.35,60,54049.95,60,0,371415
BANKNIFTY-II.NFO,09/12/2024,09:16:01,54030,54016.95,60,54046.35,60,15,371415
BANKNIFTY-II.NFO,09/12/2024,09:16:03,54006.8,54006.95,45,54035.2,60,120,371415
BANKNIFTY-II.NFO,09/12/2024,09:16:05,54034.15,54034.1,15,54050,30,45,371415
BANKNIFTY-II.NFO,09/12/2024,09:16:07,54049,54009.4,15,54034.3,60,30,371415
BANKNIFTY-II.NFO,09/12/2024,09:16:07,54049,54009.4,15,54034.3,60,0,371415
BANKNIFTY-II.NFO,09/12/2024,09:16:09,54020.8,54000.05,30,54027.15,60,30,371415
BANKNIFTY-II.NFO,09/12/2024,09:16:11,54020.8,54010,45,54042.1,60,0,371415
BANKNIFTY-II.NFO,09/12/2024,09:16:13,54020.8,54010.1,15,54037,60,0,371415
BANKNIFTY-II.NFO,09/12/2024,09:16:15,54020.8,54020.85,15,54046.25,60,0,371415
BANKNIFTY-II.NFO,09/12/2024,09:16:17,54020.85,54020.8,45,54046,60,30,371415
BANKNIFTY-II.NFO,09/12/2024,09:16:19,54020.85,54020.8,45,54044.7,60,0,371415
BANKNIFTY-II.NFO,09/12/2024,09:16:21,54049,54040.6,150,54050,30,90,371415
BANKNIFTY-II.NFO,09/12/2024,09:16:23,54041.3,54023.6,90,54046.95,75,45,371415
BANKNIFTY-II.NFO,09/12/2024,09:16:23,54050,54023.6,90,54046.95,75,0,371415
BANKNIFTY-II.NFO,09/12/2024,09:16:25,54047,54058,15,54077.25,75,15,371415
BANKNIFTY-II.NFO,09/12/2024,09:16:27,54040.9,54043.4,15,54068.4,75,45,371415
BANKNIFTY-II.NFO,09/12/2024,09:16:27,54063,54043.4,15,54068.4,75,0,371415
BANKNIFTY-II.NFO,09/12/2024,09:16:29,54040.9,54035.3,150,54065.45,60,0,371415
BANKNIFTY-II.NFO,09/12/2024,09:16:31,54040.9,54060.8,30,54075.4,75,0,371415
BANKNIFTY-II.NFO,09/12/2024,09:16:33,54040,54030.55,75,54060.35,90,75,371415
BANKNIFTY-II.NFO,09/12/2024,09:16:35,54043.4,54044.1,15,54068.35,75,15,371415
BANKNIFTY-II.NFO,09/12/2024,09:16:37,54044.05,54028.35,15,54052.4,60,30,371415
BANKNIFTY-II.NFO,09/12/2024,09:16:39,54044.05,54043.4,15,54060,75,0,371415
BANKNIFTY-II.NFO,09/12/2024,09:16:41,54043.4,54040.9,90,54060.65,60,15,371415
BANKNIFTY-II.NFO,09/12/2024,09:16:43,54060.8,54041,15,54060.75,75,15,371415
BANKNIFTY-II.NFO,09/12/2024,09:16:45,54062.25,54040.95,75,54064.2,45,165,371415
BANKNIFTY-II.NFO,09/12/2024,09:16:47,54058,54040.9,105,54057.9,45,15,371415
BANKNIFTY-II.NFO,09/12/2024,09:16:49,54040.95,54040.9,105,54056.4,45,15,371415
BANKNIFTY-II.NFO,09/12/2024,09:16:51,54053.95,54040.9,105,54049.45,30,15,371415
BANKNIFTY-II.NFO,09/12/2024,09:16:53,54049.4,54040.9,105,54053.75,150,60,371415
BANKNIFTY-II.NFO,09/12/2024,09:16:55,54040.9,54040.9,90,54049.95,150,15,371415
BANKNIFTY-II.NFO,09/12/2024,09:16:57,54040,54021.8,60,54048,30,105,371415
BANKNIFTY-II.NFO,09/12/2024,09:16:59,54040,54021.1,60,54045.2,45,0,371415
BANKNIFTY-II.NFO,09/12/2024,09:17:01,54040,54021,15,54031.3,60,0,371415
BANKNIFTY-II.NFO,09/12/2024,09:17:03,54020,54000.35,75,54021.45,135,30,371415
BANKNIFTY-II.NFO,09/12/2024,09:17:05,54000.55,54000,45,54014.15,15,30,371415
BANKNIFTY-II.NFO,09/12/2024,09:17:07,54000,53990,15,53999.8,30,45,371415
BANKNIFTY-II.NFO,09/12/2024,09:17:09,54000,53990,15,54004.15,15,0,371415
BANKNIFTY-II.NFO,09/12/2024,09:17:11,54000,53990,15,54000.25,45,0,371415
BANKNIFTY-II.NFO,09/12/2024,09:17:13,53990,53984,15,53990.95,15,15,371415
BANKNIFTY-II.NFO,09/12/2024,09:17:15,53998.55,53984,30,53997.8,135,150,371415
BANKNIFTY-II.NFO,09/12/2024,09:17:17,53979.15,53990,15,54001.65,30,45,371415
BANKNIFTY-II.NFO,09/12/2024,09:17:19,53979.15,53990,15,54001.55,30,0,371415
BANKNIFTY-II.NFO,09/12/2024,09:17:21,53979.15,53990,15,53997.95,45,0,371415
BANKNIFTY-II.NFO,09/12/2024,09:17:23,53979.15,53990,15,53999.75,45,0,371415
BANKNIFTY-II.NFO,09/12/2024,09:17:25,53990,53969.4,105,53991.9,30,15,371415
BANKNIFTY-II.NFO,09/12/2024,09:17:27,53990,53967.45,60,53979.15,15,0,371415
BANKNIFTY-II.NFO,09/12/2024,09:17:29,53967.65,53968.65,60,53979.15,15,15,371415
BANKNIFTY-II.NFO,09/12/2024,09:17:31,53967.65,53969.05,75,53979.15,15,0,371415
BANKNIFTY-II.NFO,09/12/2024,09:17:33,53979.15,53972.75,60,53993.35,45,15,371415
BANKNIFTY-II.NFO,09/12/2024,09:17:35,53979.15,53973.05,75,53991.4,60,0,371415
BANKNIFTY-II.NFO,09/12/2024,09:17:37,53979.15,53973.15,90,53998.05,45,0,371415
BANKNIFTY-II.NFO,09/12/2024,09:17:39,53979.15,53981.45,75,53998.35,45,0,371415
BANKNIFTY-II.NFO,09/12/2024,09:17:41,53979.15,53979.2,105,54004.1,60,0,371415
BANKNIFTY-II.NFO,09/12/2024,09:17:43,53979.15,53981.4,60,54000,15,0,371415
BANKNIFTY-II.NFO,09/12/2024,09:17:45,53979.15,53983.15,90,54000,15,0,371415
BANKNIFTY-II.NFO,09/12/2024,09:17:47,53979.15,53983.7,60,54000,15,0,371415
BANKNIFTY-II.NFO,09/12/2024,09:17:49,54000,54000,15,54012.95,60,15,371415
BANKNIFTY-II.NFO,09/12/2024,09:17:51,53995.05,53995.85,60,54015.75,60,75,371415
BANKNIFTY-II.NFO,09/12/2024,09:17:53,53995.05,53997.2,15,54020.05,60,0,371415
BANKNIFTY-II.NFO,09/12/2024,09:17:55,53995.05,53991.3,60,54014.05,60,0,371415
BANKNIFTY-II.NFO,09/12/2024,09:17:57,54007.35,53987.4,60,54008.9,60,150,371415
BANKNIFTY-II.NFO,09/12/2024,09:17:59,54007.35,53982.85,75,54003,45,0,371415
BANKNIFTY-II.NFO,09/12/2024,09:18:01,54007.35,53980.05,60,53999.7,45,0,371415
BANKNIFTY-II.NFO,09/12/2024,09:18:03,54000.55,53980.65,75,54000.2,75,75,371415
BANKNIFTY-II.NFO,09/12/2024,09:18:05,54000.55,53990,15,53998.55,75,0,371415
BANKNIFTY-II.NFO,09/12/2024,09:18:07,53995.95,53990,15,53997.85,45,15,371415
BANKNIFTY-II.NFO,09/12/2024,09:18:09,53995.95,53990,15,54000.55,15,0,371415
BANKNIFTY-II.NFO,09/12/2024,09:18:11,53990,53982.3,60,54000.55,15,15,371415
BANKNIFTY-II.NFO,09/12/2024,09:18:12,53990,53982.6,90,54000.55,15,0,371415
BANKNIFTY-II.NFO,09/12/2024,09:18:14,53990,53986.3,60,54000.55,15,15,371415
BANKNIFTY-II.NFO,09/12/2024,09:18:15,53990,53986.7,60,54006.75,30,0,371415
BANKNIFTY-II.NFO,09/12/2024,09:18:17,53990,53989.8,90,54011.6,120,0,371415
BANKNIFTY-II.NFO,09/12/2024,09:18:19,53990,53993.2,90,54015.75,135,0,371415
BANKNIFTY-II.NFO,09/12/2024,09:18:20,53990,53995.15,90,54019.35,30,0,371415
BANKNIFTY-II.NFO,09/12/2024,09:18:22,53990,53997.4,90,54019.2,60,0,371415
BANKNIFTY-II.NFO,09/12/2024,09:18:24,53990,53999.3,90,54019.5,30,0,371415
BANKNIFTY-II.NFO,09/12/2024,09:18:25,53990,53994.75,105,54018.1,135,0,371415
BANKNIFTY-II.NFO,09/12/2024,09:18:27,53990,53991.1,90,54011.65,135,0,371415
BANKNIFTY-II.NFO,09/12/2024,09:18:29,53992.45,53994.4,90,54016.6,30,15,371850
BANKNIFTY-II.NFO,09/12/2024,09:18:30,53992.45,53990.95,90,54012.6,30,0,371850
BANKNIFTY-II.NFO,09/12/2024,09:18:32,53992.45,53991.8,60,54012,15,0,371850
BANKNIFTY-II.NFO,09/12/2024,09:18:33,53992.45,53990.05,75,54007.65,15,0,371850
BANKNIFTY-II.NFO,09/12/2024,09:18:35,53992.45,53990.05,15,53992.45,15,0,371850
BANKNIFTY-II.NFO,09/12/2024,09:18:37,53992.45,53990.25,105,54011.4,30,15,371850
BANKNIFTY-II.NFO,09/12/2024,09:18:38,53992.45,53991.7,90,54014.65,30,0,371850
BANKNIFTY-II.NFO,09/12/2024,09:18:40,53992.45,53999.25,90,54019.95,15,0,371850
BANKNIFTY-II.NFO,09/12/2024,09:18:42,54018.45,53998.5,90,54018.85,45,60,371850
BANKNIFTY-II.NFO,09/12/2024,09:18:43,53998.6,53995.45,75,54014.85,30,15,371850
BANKNIFTY-II.NFO,09/12/2024,09:18:45,54014.85,53991.6,60,54012.35,105,15,371850
BANKNIFTY-II.NFO,09/12/2024,09:18:46,54014.85,53995.25,90,54018.25,60,0,371850
BANKNIFTY-II.NFO,09/12/2024,09:18:48,54014.85,54000.95,60,54019.35,60,0,371850
BANKNIFTY-II.NFO,09/12/2024,09:18:50,54020,54014.85,15,54015.1,45,15,371850
BANKNIFTY-II.NFO,09/12/2024,09:18:51,53995.1,53995.4,60,54013.25,15,30,371850
BANKNIFTY-II.NFO,09/12/2024,09:18:53,53995.1,53995.8,90,54017.65,15,0,371850
BANKNIFTY-II.NFO,09/12/2024,09:18:55,53995.1,54000.2,90,54023,15,0,371850
BANKNIFTY-II.NFO,09/12/2024,09:18:56,53995.1,54000.05,90,54022.35,30,0,371850
BANKNIFTY-II.NFO,09/12/2024,09:18:58,53995.1,54001.45,60,54023.55,30,0,371850
BANKNIFTY-II.NFO,09/12/2024,09:19:00,54030.2,54008.9,60,54025.35,15,15,371850
BANKNIFTY-II.NFO,09/12/2024,09:19:01,54020,54016.35,60,54039.1,15,30,371850
BANKNIFTY-II.NFO,09/12/2024,09:19:03,54015.35,54015.35,75,54034.5,45,15,371850
BANKNIFTY-II.NFO,09/12/2024,09:19:04,54015.35,54010,75,54030.55,45,0,371850
BANKNIFTY-II.NFO,09/12/2024,09:19:06,54015.35,54008.95,75,54028.35,45,0,371850
BANKNIFTY-II.NFO,09/12/2024,09:19:08,54015.35,54012.1,90,54035.3,30,0,371850
BANKNIFTY-II.NFO,09/12/2024,09:19:09,54015.35,54016.3,60,54036.55,45,0,371850
BANKNIFTY-II.NFO,09/12/2024,09:19:11,54036.55,54016.5,75,54036.65,60,15,371850
BANKNIFTY-II.NFO,09/12/2024,09:19:13,54036.55,54017.1,60,54037.2,30,0,371850
BANKNIFTY-II.NFO,09/12/2024,09:19:14,54036.55,54019.4,60,54039.95,30,0,371850
BANKNIFTY-II.NFO,09/12/2024,09:19:16,54036.55,54036.55,75,54039.95,15,15,371850
BANKNIFTY-II.NFO,09/12/2024,09:19:18,54040,54036.55,60,54044.6,30,30,371850
BANKNIFTY-II.NFO,09/12/2024,09:19:19,54036.55,54036.55,45,54044.45,30,15,371850
BANKNIFTY-II.NFO,09/12/2024,09:19:21,54036.55,54036.55,45,54043.4,30,0,371850
BANKNIFTY-II.NFO,09/12/2024,09:19:23,54036.55,54036.55,45,54041.4,30,0,371850
BANKNIFTY-II.NFO,09/12/2024,09:19:24,54036.55,54036.55,45,54042,15,0,371850
BANKNIFTY-II.NFO,09/12/2024,09:19:26,54042.45,54036.55,45,54042.2,150,195,371850
BANKNIFTY-II.NFO,09/12/2024,09:19:28,54042.45,54036.55,45,54041.25,150,0,371850
BANKNIFTY-II.NFO,09/12/2024,09:19:29,54038.35,54036.55,45,54042.05,15,60,371850
BANKNIFTY-II.NFO,09/12/2024,09:19:31,54038.35,54036.55,45,54039.7,90,0,371850
BANKNIFTY-II.NFO,09/12/2024,09:19:33,54038.35,54036.55,45,54042.4,90,0,371850
BANKNIFTY-II.NFO,09/12/2024,09:19:34,54038.35,54036.55,45,54048.35,15,0,371850
BANKNIFTY-II.NFO,09/12/2024,09:19:36,54038.35,54036.55,45,54045.1,75,0,371850
BANKNIFTY-II.NFO,09/12/2024,09:19:38,54038.35,54036.55,45,54048.5,15,0,371850
BANKNIFTY-II.NFO,09/12/2024,09:19:39,54056.4,54036.6,105,54058,45,45,371850
BANKNIFTY-II.NFO,09/12/2024,09:19:41,54056.4,54039.8,90,54058,15,0,371850
BANKNIFTY-II.NFO,09/12/2024,09:19:43,54056.4,54040.8,90,54058,15,0,371850
BANKNIFTY-II.NFO,09/12/2024,09:19:44,54056.4,54042.9,90,54058,15,0,371850
BANKNIFTY-II.NFO,09/12/2024,09:19:46,54056.4,54040.7,60,54058,15,0,371850
BANKNIFTY-II.NFO,09/12/2024,09:19:48,54056.4,54039.2,75,54057.7,15,0,371850
BANKNIFTY-II.NFO,09/12/2024,09:19:49,54056.4,54036.6,105,54056,15,0,371850
BANKNIFTY-II.NFO,09/12/2024,09:19:53,54058,54038.95,90,54058.65,30,30,371850
BANKNIFTY-II.NFO,09/12/2024,09:19:54,54058,54039.35,90,54060,15,0,371850
BANKNIFTY-II.NFO,09/12/2024,09:19:56,54058,54056,15,54060,15,0,371850
BANKNIFTY-II.NFO,09/12/2024,09:19:58,54056,54050,105,54060,15,15,371850
BANKNIFTY-II.NFO,09/12/2024,09:19:59,54050,54036.6,75,54056,30,105,371850
BANKNIFTY-II.NFO,09/12/2024,09:20:01,54050,54036.6,75,54054.1,30,0,371850
BANKNIFTY-II.NFO,09/12/2024,09:20:03,54050,54036.55,60,54050,15,0,371850
BANKNIFTY-II.NFO,09/12/2024,09:20:04,54036.6,54036.6,105,54050,15,15,371850
BANKNIFTY-II.NFO,09/12/2024,09:20:06,54036.6,54036.9,60,54050,15,0,371850
BANKNIFTY-II.NFO,09/12/2024,09:20:08,54036.6,54038.1,60,54050,15,0,371850
BANKNIFTY-II.NFO,09/12/2024,09:20:09,54038.2,54039.15,90,54050,15,45,371850
BANKNIFTY-II.NFO,09/12/2024,09:20:11,54038.2,54038.25,60,54050,15,0,371850
BANKNIFTY-II.NFO,09/12/2024,09:20:13,54038.2,54038.75,90,54050,15,0,371850
BANKNIFTY-II.NFO,09/12/2024,09:20:14,54038.2,54045.05,60,54050,15,0,371850
BANKNIFTY-II.NFO,09/12/2024,09:20:16,54058,54051.15,90,54072.95,75,30,371850
BANKNIFTY-II.NFO,09/12/2024,09:20:17,54052.55,54049.55,45,54069.2,45,15,371850
BANKNIFTY-II.NFO,09/12/2024,09:20:19,54059.75,54041.1,45,54061.9,30,15,371850
BANKNIFTY-II.NFO,09/12/2024,09:20:21,54059.75,54038.3,60,54058,60,0,371850
BANKNIFTY-II.NFO,09/12/2024,09:20:22,54059.75,54038.6,60,54057.9,60,0,371850
BANKNIFTY-II.NFO,09/12/2024,09:20:24,54056.9,54043.2,45,54062.4,75,45,371850
BANKNIFTY-II.NFO,09/12/2024,09:20:26,54056.9,54037.8,60,54056.1,75,0,371850
BANKNIFTY-II.NFO,09/12/2024,09:20:27,54056.9,54036.55,60,54051.3,90,0,371850
BANKNIFTY-II.NFO,09/12/2024,09:20:29,54051.3,54036.55,60,54047.15,90,15,371850
BANKNIFTY-II.NFO,09/12/2024,09:20:31,54036.55,54036.55,45,54051.9,30,120,371850
BANKNIFTY-II.NFO,09/12/2024,09:20:32,54036.55,54036.55,45,54046.6,30,0,371850
BANKNIFTY-II.NFO,09/12/2024,09:20:34,54036.55,54036.55,45,54047.6,30,0,371850
BANKNIFTY-II.NFO,09/12/2024,09:20:35,54036.55,54036.55,45,54046.05,30,0,371850
BANKNIFTY-II.NFO,09/12/2024,09:20:37,54036.55,54036,15,54041.6,180,45,371850
BANKNIFTY-II.NFO,09/12/2024,09:20:39,54036,54025.05,90,54044,30,15,371850
BANKNIFTY-II.NFO,09/12/2024,09:20:40,54036,54019.25,60,54039.8,30,0,371850
BANKNIFTY-II.NFO,09/12/2024,09:20:42,54036,54010.15,60,54033.15,30,0,371850
BANKNIFTY-II.NFO,09/12/2024,09:20:44,54012.25,54006.6,60,54026.55,15,15,371850
BANKNIFTY-II.NFO,09/12/2024,09:20:45,54026.45,54007.05,75,54026.45,15,30,371850
BANKNIFTY-II.NFO,09/12/2024,09:20:47,54026.45,54013.75,60,54031.6,30,0,371850
BANKNIFTY-II.NFO,09/12/2024,09:20:49,54026.45,54019.7,75,54036.55,15,0,371850
BANKNIFTY-II.NFO,09/12/2024,09:20:50,54019.8,54015.7,75,54034.9,75,45,371850
BANKNIFTY-II.NFO,09/12/2024,09:20:52,54019.8,54017,90,54035.4,45,0,371850
BANKNIFTY-II.NFO,09/12/2024,09:20:53,54018.4,54018.3,75,54036.2,60,30,371850
BANKNIFTY-II.NFO,09/12/2024,09:20:55,54045.3,54025.5,90,54044.6,75,30,371850
BANKNIFTY-II.NFO,09/12/2024,09:20:57,54045.3,54025.4,60,54044.2,45,0,371850
BANKNIFTY-II.NFO,09/12/2024,09:20:58,54045.3,54031.7,60,54051.55,30,0,371850
BANKNIFTY-II.NFO,09/12/2024,09:21:00,54040.95,54048.15,60,54055,60,15,371850
BANKNIFTY-II.NFO,09/12/2024,09:21:02,54040.95,54045.3,60,54055,60,0,371850
BANKNIFTY-II.NFO,09/12/2024,09:21:03,54040.95,54042.75,75,54055,60,0,371850
BANKNIFTY-II.NFO,09/12/2024,09:21:05,54042.85,54043.15,45,54055,45,15,371850
BANKNIFTY-II.NFO,09/12/2024,09:21:06,54042.85,54034.1,60,54054.9,30,0,371850
BANKNIFTY-II.NFO,09/12/2024,09:21:08,54042.85,54045,75,54053.75,60,0,371850
BANKNIFTY-II.NFO,09/12/2024,09:21:10,54042.85,54045,75,54052.2,90,0,371850
BANKNIFTY-II.NFO,09/12/2024,09:21:11,54042.85,54045,75,54054.45,60,0,371850
BANKNIFTY-II.NFO,09/12/2024,09:21:13,54042.85,54045,75,54053.25,60,0,371850
BANKNIFTY-II.NFO,09/12/2024,09:21:15,54045,54045,60,54050.45,90,15,371850
BANKNIFTY-II.NFO,09/12/2024,09:21:16,54045,54045,60,54053.65,60,0,371850
BANKNIFTY-II.NFO,09/12/2024,09:21:18,54045,54045,60,54052.05,60,0,371850
BANKNIFTY-II.NFO,09/12/2024,09:21:20,54045,54026.6,60,54045.1,60,60,371850
BANKNIFTY-II.NFO,09/12/2024,09:21:21,54045,54027.1,60,54044.4,60,0,371850
BANKNIFTY-II.NFO,09/12/2024,09:21:23,54045,54023.5,60,54042.35,60,0,371850
BANKNIFTY-II.NFO,09/12/2024,09:21:25,54040.95,54020.25,75,54037.9,90,15,371850
BANKNIFTY-II.NFO,09/12/2024,09:21:26,54019.55,54016.05,60,54033.35,90,45,371850
BANKNIFTY-II.NFO,09/12/2024,09:21:28,54019.55,54017.75,60,54035.95,75,0,371850
BANKNIFTY-II.NFO,09/12/2024,09:21:29,54019.55,54018.65,60,54037.3,75,0,371850
BANKNIFTY-II.NFO,09/12/2024,09:21:31,54019.55,54013.1,45,54032.25,60,0,371850
BANKNIFTY-II.NFO,09/12/2024,09:21:33,54019.55,54015.25,90,54032.9,75,0,371850
BANKNIFTY-II.NFO,09/12/2024,09:21:34,54019.55,54013.5,60,54030.8,75,0,371850
BANKNIFTY-II.NFO,09/12/2024,09:21:36,54031.1,54025,30,54031.1,45,30,372345
BANKNIFTY-II.NFO,09/12/2024,09:21:38,54031.1,54025,30,54035.65,60,0,372345
BANKNIFTY-II.NFO,09/12/2024,09:21:39,54025,54025,15,54028.8,30,30,372345
BANKNIFTY-II.NFO,09/12/2024,09:21:41,54030.4,54012.1,75,54030.4,45,60,372345
BANKNIFTY-II.NFO,09/12/2024,09:21:43,54028,54012.05,15,54027.2,30,15,372345
BANKNIFTY-II.NFO,09/12/2024,09:21:44,54028,54012.15,60,54030.45,15,0,372345
BANKNIFTY-II.NFO,09/12/2024,09:21:46,54030,54013.15,90,54030,15,30,372345
BANKNIFTY-II.NFO,09/12/2024,09:21:48,54013.75,54012.65,60,54029.9,45,30,372345
BANKNIFTY-II.NFO,09/12/2024,09:21:49,54013.75,54012.1,60,54027.85,45,0,372345
BANKNIFTY-II.NFO,09/12/2024,09:21:51,54012.2,54012.6,90,54030.55,75,15,372345
BANKNIFTY-II.NFO,09/12/2024,09:21:53,54014.9,54012.05,60,54031.35,60,15,372345
BANKNIFTY-II.NFO,09/12/2024,09:21:54,54014.9,54012.05,60,54027.95,60,0,372345
BANKNIFTY-II.NFO,09/12/2024,09:21:56,54014.9,54012,15,54028.5,75,0,372345
BANKNIFTY-II.NFO,09/12/2024,09:21:58,54014.9,54011.5,75,54029.4,75,0,372345
BANKNIFTY-II.NFO,09/12/2024,09:21:59,54011.6,54016.4,45,54032.5,30,15,372345
BANKNIFTY-II.NFO,09/12/2024,09:22:01,54011.6,54023.05,45,54043.15,75,0,372345
BANKNIFTY-II.NFO,09/12/2024,09:22:03,54011.6,54030,45,54045,105,0,372345
BANKNIFTY-II.NFO,09/12/2024,09:22:04,54011.6,54020.6,30,54035.85,75,0,372345
BANKNIFTY-II.NFO,09/12/2024,09:22:06,54011.6,54023.9,30,54040.3,60,0,372345
BANKNIFTY-II.NFO,09/12/2024,09:22:08,54011.6,54025.55,75,54042.75,75,0,372345
BANKNIFTY-II.NFO,09/12/2024,09:22:10,54011.6,54022.9,30,54044.85,60,0,372345
BANKNIFTY-II.NFO,09/12/2024,09:22:11,54011.6,54023.6,45,54040.35,75,0,372345
BANKNIFTY-II.NFO,09/12/2024,09:22:13,54011.6,54027.3,45,54044.95,75,0,372345
BANKNIFTY-II.NFO,09/12/2024,09:22:14,54011.6,54025.7,45,54042.2,75,0,372345
BANKNIFTY-II.NFO,09/12/2024,09:22:16,54011.6,54028.5,30,54044.1,75,0,372345
BANKNIFTY-II.NFO,09/12/2024,09:22:18,54011.6,54031.05,45,54040,15,0,372345
BANKNIFTY-II.NFO,09/12/2024,09:22:19,54011.6,54026.5,30,54040,15,0,372345
BANKNIFTY-II.NFO,09/12/2024,09:22:21,54026.6,54024.7,30,54040,15,15,372345
BANKNIFTY-II.NFO,09/12/2024,09:22:23,54026.6,54025.8,30,54040,15,0,372345
BANKNIFTY-II.NFO,09/12/2024,09:22:24,54026.6,54022.85,15,54038.85,75,0,372345
BANKNIFTY-II.NFO,09/12/2024,09:22:26,54035.65,54020.6,30,54033.25,75,15,372345
BANKNIFTY-II.NFO,09/12/2024,09:22:28,54020.6,54020.6,15,54028.7,60,15,372345
BANKNIFTY-II.NFO,09/12/2024,09:22:29,54020.6,54009.05,30,54026.8,60,15,372345
BANKNIFTY-II.NFO,09/12/2024,09:22:31,54026.8,54009,15,54023.65,60,15,372345
BANKNIFTY-II.NFO,09/12/2024,09:22:33,54026.7,54009,15,54023.15,60,30,372345
BANKNIFTY-II.NFO,09/12/2024,09:22:34,54012.8,54009,15,54013.4,45,15,372345
BANKNIFTY-II.NFO,09/12/2024,09:22:36,54013.2,54009,15,54011.85,30,15,372345
BANKNIFTY-II.NFO,09/12/2024,09:22:38,54009,54000,45,54008.75,30,15,372345
BANKNIFTY-II.NFO,09/12/2024,09:22:39,54008.8,54000,45,54014.25,15,75,372345
BANKNIFTY-II.NFO,09/12/2024,09:22:41,54008.8,54000,45,54011.3,165,0,372345
BANKNIFTY-II.NFO,09/12/2024,09:22:43,54000,54000,30,54012.15,75,15,372345
BANKNIFTY-II.NFO,09/12/2024,09:22:44,54000,54001.05,30,54016.15,15,0,372345
BANKNIFTY-II.NFO,09/12/2024,09:22:46,54000,54002.25,30,54017.95,15,0,372345
BANKNIFTY-II.NFO,09/12/2024,09:22:48,54000,54000.6,75,54017.95,75,0,372345
BANKNIFTY-II.NFO,09/12/2024,09:22:49,54000,54001.65,75,54020.95,15,15,372345
BANKNIFTY-II.NFO,09/12/2024,09:22:51,54020.45,54001.45,75,54019.85,15,15,372345
BANKNIFTY-II.NFO,09/12/2024,09:22:53,54020.45,54009.5,75,54030.9,45,0,372345
BANKNIFTY-II.NFO,09/12/2024,09:22:54,54020.45,54010.9,60,54030.9,45,0,372345
BANKNIFTY-II.NFO,09/12/2024,09:22:56,54015.7,54020.5,60,54039.05,30,15,372345
BANKNIFTY-II.NFO,09/12/2024,09:22:58,54015.7,54024.75,75,54039.95,15,0,372345
BANKNIFTY-II.NFO,09/12/2024,09:22:59,54015.7,54022.2,75,54039.7,30,0,372345
BANKNIFTY-II.NFO,09/12/2024,09:23:01,54015.7,54025.35,60,54040,15,0,372345
BANKNIFTY-II.NFO,09/12/2024,09:23:03,54015.7,54030.85,75,54040,15,0,372345
BANKNIFTY-II.NFO,09/12/2024,09:23:04,54031.25,54028.1,75,54040,15,15,372345
BANKNIFTY-II.NFO,09/12/2024,09:23:06,54027,54025,30,54039.95,75,120,372345
BANKNIFTY-II.NFO,09/12/2024,09:23:08,54027,54025.75,30,54039.95,15,0,372345
BANKNIFTY-II.NFO,09/12/2024,09:23:09,54026.95,54025.1,45,54040,15,15,372345
BANKNIFTY-II.NFO,09/12/2024,09:23:11,54026.95,54028.1,30,54040,15,0,372345
BANKNIFTY-II.NFO,09/12/2024,09:23:13,54026.95,54028.6,45,54040,15,0,372345
BANKNIFTY-II.NFO,09/12/2024,09:23:14,54026.95,54029.75,30,54040,15,0,372345
BANKNIFTY-II.NFO,09/12/2024,09:23:16,54040,54033.85,30,54045,105,15,372345
BANKNIFTY-II.NFO,09/12/2024,09:23:18,54040,54034.2,30,54045,105,0,372345
BANKNIFTY-II.NFO,09/12/2024,09:23:19,54040,54033.45,30,54045,105,0,372345
BANKNIFTY-II.NFO,09/12/2024,09:23:21,54040,54035.05,30,54045,105,0,372345
BANKNIFTY-II.NFO,09/12/2024,09:23:23,54040,54036.75,15,54045,105,0,372345
BANKNIFTY-II.NFO,09/12/2024,09:23:24,54045,54038.2,30,54045,75,30,372345
BANKNIFTY-II.NFO,09/12/2024,09:23:26,54045,54042.8,30,54050,30,75,372345
BANKNIFTY-II.NFO,09/12/2024,09:23:28,54050,54047,15,54055,45,30,372345
BANKNIFTY-II.NFO,09/12/2024,09:23:29,54050,54042.1,45,54055,45,0,372345
BANKNIFTY-II.NFO,09/12/2024,09:23:31,54050,54046.1,30,54055,45,0,372345
BANKNIFTY-II.NFO,09/12/2024,09:23:33,54055,54044.2,45,54055,30,15,372345
BANKNIFTY-II.NFO,09/12/2024,09:23:34,54062.7,54050.05,15,54064.15,60,210,372345
BANKNIFTY-II.NFO,09/12/2024,09:23:36,54050,54050,15,54059.9,60,15,372345
BANKNIFTY-II.NFO,09/12/2024,09:23:38,54050,54040,30,54053.9,60,15,372345
BANKNIFTY-II.NFO,09/12/2024,09:23:41,54050,54040.7,60,54051.95,15,0,372345
BANKNIFTY-II.NFO,09/12/2024,09:23:43,54042.45,54040.05,45,54053.95,15,60,372345
BANKNIFTY-II.NFO,09/12/2024,09:23:44,54042.45,54050,15,54055.9,60,0,372345
BANKNIFTY-II.NFO,09/12/2024,09:23:46,54051.95,54040.05,30,54053.95,15,30,372345
BANKNIFTY-II.NFO,09/12/2024,09:23:48,54044.1,54044.1,30,54059.9,60,15,372345
BANKNIFTY-II.NFO,09/12/2024,09:23:49,54050.05,54052.05,15,54065.75,60,30,372345
BANKNIFTY-II.NFO,09/12/2024,09:23:51,54054.05,54054.05,15,54068.35,60,30,372345
BANKNIFTY-II.NFO,09/12/2024,09:23:53,54052.05,54052.05,15,54063.9,60,60,372345
BANKNIFTY-II.NFO,09/12/2024,09:23:53,54067.3,54052.05,15,54063.9,60,0,372345
BANKNIFTY-II.NFO,09/12/2024,09:23:54,54052.05,54051.95,105,54064.9,60,15,372345
BANKNIFTY-II.NFO,09/12/2024,09:23:56,54054.1,54054.1,90,54069.9,60,120,372345
BANKNIFTY-II.NFO,09/12/2024,09:23:58,54071.9,54056.3,60,54071.95,15,60,372345
BANKNIFTY-II.NFO,09/12/2024,09:23:58,54071.9,54056.3,60,54071.95,15,0,372345
BANKNIFTY-II.NFO,09/12/2024,09:23:59,54056.35,54056.1,60,54071.9,60,30,372345
BANKNIFTY-II.NFO,09/12/2024,09:24:01,54052,54054.05,15,54072.15,60,15,372345
BANKNIFTY-II.NFO,09/12/2024,09:24:03,54052,54050.1,15,54067.9,60,0,372345
BANKNIFTY-II.NFO,09/12/2024,09:24:06,54061.85,54050,75,54060.25,60,15,372345
BANKNIFTY-II.NFO,09/12/2024,09:24:07,54061.85,54050,75,54058,15,0,372345
BANKNIFTY-II.NFO,09/12/2024,09:24:09,54061.85,54050.05,15,54058,15,0,372345
BANKNIFTY-II.NFO,09/12/2024,09:24:11,54060.3,54050,75,54061.75,45,45,372345
BANKNIFTY-II.NFO,09/12/2024,09:24:12,54060.3,54050.05,15,54061.9,45,0,372345
BANKNIFTY-II.NFO,09/12/2024,09:24:14,54060.3,54052.05,15,54063.95,45,0,372345
BANKNIFTY-II.NFO,09/12/2024,09:24:16,54060.3,54050.6,90,54069.65,45,0,372345
BANKNIFTY-II.NFO,09/12/2024,09:24:17,54060.3,54054.1,90,54074,45,0,372345
BANKNIFTY-II.NFO,09/12/2024,09:24:19,54060.3,54068.1,60,54080,30,0,372345
BANKNIFTY-II.NFO,09/12/2024,09:24:21,54099,54080.1,90,54099.9,45,105,372345
BANKNIFTY-II.NFO,09/12/2024,09:24:21,54099,54080.1,90,54099.9,45,0,372345
BANKNIFTY-II.NFO,09/12/2024,09:24:22,54080.1,54082.2,60,54097.95,15,15,372345
BANKNIFTY-II.NFO,09/12/2024,09:24:24,54080.1,54086.1,75,54097,15,0,372345
BANKNIFTY-II.NFO,09/12/2024,09:24:26,54080.1,54080.1,60,54094.85,90,0,372345
BANKNIFTY-II.NFO,09/12/2024,09:24:27,54080.1,54082.1,60,54094.35,30,0,372345
BANKNIFTY-II.NFO,09/12/2024,09:24:29,54080.1,54078.2,75,54095.4,30,0,372345
BANKNIFTY-II.NFO,09/12/2024,09:24:31,54080.1,54082.1,60,54097,15,0,372345
BANKNIFTY-II.NFO,09/12/2024,09:24:33,54080.1,54082.1,75,54097,15,0,372345
BANKNIFTY-II.NFO,09/12/2024,09:24:34,54080.1,54088.1,60,54097,15,0,372345
BANKNIFTY-II.NFO,09/12/2024,09:24:36,54097,54094,75,54099.95,15,15,372870
BANKNIFTY-II.NFO,09/12/2024,09:24:38,54091.25,54089.75,45,54099.95,15,15,372870
BANKNIFTY-II.NFO,09/12/2024,09:24:39,54091.25,54090.25,45,54099.95,15,0,372870
BANKNIFTY-II.NFO,09/12/2024,09:24:41,54100,54092.05,15,54100,30,30,372870
BANKNIFTY-II.NFO,09/12/2024,09:24:41,54100,54092.05,15,54100,30,0,372870
BANKNIFTY-II.NFO,09/12/2024,09:24:43,54100,54097,30,54100,30,0,372870
BANKNIFTY-II.NFO,09/12/2024,09:24:44,54100,54097,30,54099.95,60,0,372870
BANKNIFTY-II.NFO,09/12/2024,09:24:46,54100,54090,30,54100,15,105,372870
BANKNIFTY-II.NFO,09/12/2024,09:24:48,54100,54090,30,54100,60,0,372870
BANKNIFTY-II.NFO,09/12/2024,09:24:49,54100,54090.05,75,54100,30,30,372870
BANKNIFTY-II.NFO,09/12/2024,09:24:51,54100,54090,30,54100,45,0,372870
BANKNIFTY-II.NFO,09/12/2024,09:24:53,54100,54090.05,75,54100,45,0,372870
BANKNIFTY-II.NFO,09/12/2024,09:24:54,54100,54090.05,75,54100,75,0,372870
BANKNIFTY-II.NFO,09/12/2024,09:24:56,54100,54092.1,60,54100,75,0,372870
BANKNIFTY-II.NFO,09/12/2024,09:24:57,54100,54100.05,75,54105,30,75,372870
BANKNIFTY-II.NFO,09/12/2024,09:24:59,54105,54100,15,54112.35,30,30,372870
BANKNIFTY-II.NFO,09/12/2024,09:24:59,54105,54100,15,54112.35,30,0,372870
BANKNIFTY-II.NFO,09/12/2024,09:25:01,54105,54100,15,54100.05,15,0,372870
BANKNIFTY-II.NFO,09/12/2024,09:25:02,54100,54097.05,60,54111.9,30,15,372870
BANKNIFTY-II.NFO,09/12/2024,09:25:04,54100,54097,15,54105,15,0,372870
BANKNIFTY-II.NFO,09/12/2024,09:25:09,54105,54105,15,54111.05,15,15,372870
BANKNIFTY-II.NFO,09/12/2024,09:25:11,54105,54100,30,54102,15,15,372870
BANKNIFTY-II.NFO,09/12/2024,09:25:12,54102,54100,45,54108.35,15,15,372870
BANKNIFTY-II.NFO,09/12/2024,09:25:14,54102,54100,45,54109.7,15,0,372870
BANKNIFTY-II.NFO,09/12/2024,09:25:16,54102,54100,45,54107.7,30,0,372870
BANKNIFTY-II.NFO,09/12/2024,09:25:17,54102,54100.05,15,54110,15,0,372870
BANKNIFTY-II.NFO,09/12/2024,09:25:19,54102,54100,15,54110,15,0,372870
BANKNIFTY-II.NFO,09/12/2024,09:25:21,54110,54110,15,54115.95,30,15,372870
BANKNIFTY-II.NFO,09/12/2024,09:25:21,54110,54110,15,54115.95,30,0,372870
BANKNIFTY-II.NFO,09/12/2024,09:25:22,54100,54099,15,54109.7,15,30,372870
BANKNIFTY-II.NFO,09/12/2024,09:25:24,54109.7,54099,15,54110.85,30,15,372870
BANKNIFTY-II.NFO,09/12/2024,09:25:26,54109.7,54099,15,54108.3,150,0,372870
BANKNIFTY-II.NFO,09/12/2024,09:25:27,54099,54098,15,54103.55,15,45,372870
BANKNIFTY-II.NFO,09/12/2024,09:25:29,54098,54097,30,54103.75,135,15,372870
BANKNIFTY-II.NFO,09/12/2024,09:25:31,54098,54097,30,54101.65,15,0,372870
BANKNIFTY-II.NFO,09/12/2024,09:25:32,54098,54097,30,54106.95,15,0,372870
BANKNIFTY-II.NFO,09/12/2024,09:25:34,54107.1,54097,30,54107.95,15,15,372870
BANKNIFTY-II.NFO,09/12/2024,09:25:36,54098,54097.05,60,54107.95,15,15,372870
BANKNIFTY-II.NFO,09/12/2024,09:25:37,54098,54098.05,75,54110,45,0,372870
BANKNIFTY-II.NFO,09/12/2024,09:25:39,54098,54098.05,75,54109.95,15,0,372870
BANKNIFTY-II.NFO,09/12/2024,09:25:40,54110,54104.95,60,54115.95,15,60,372870
BANKNIFTY-II.NFO,09/12/2024,09:25:42,54110,54105.35,60,54113.95,15,0,372870
BANKNIFTY-II.NFO,09/12/2024,09:25:44,54125.95,54112.75,60,54127.95,15,105,372870
BANKNIFTY-II.NFO,09/12/2024,09:25:44,54125.95,54112.75,60,54127.95,15,0,372870
BANKNIFTY-II.NFO,09/12/2024,09:25:45,54125.95,54118.6,60,54127.95,15,75,372870
BANKNIFTY-II.NFO,09/12/2024,09:25:45,54127.95,54118.6,60,54127.95,15,0,372870
BANKNIFTY-II.NFO,09/12/2024,09:25:47,54127.95,54119.4,60,54127.95,15,15,372870
BANKNIFTY-II.NFO,09/12/2024,09:25:49,54123.95,54114.55,135,54123.95,15,15,372870
BANKNIFTY-II.NFO,09/12/2024,09:25:50,54123.95,54118.05,60,54127.95,15,15,372870
BANKNIFTY-II.NFO,09/12/2024,09:25:52,54123.95,54108.35,75,54121.95,15,30,372870
BANKNIFTY-II.NFO,09/12/2024,09:25:54,54123.95,54111.1,75,54121.95,15,0,372870
BANKNIFTY-II.NFO,09/12/2024,09:25:55,54111.2,54111.4,60,54127.95,15,15,372870
BANKNIFTY-II.NFO,09/12/2024,09:25:57,54129.95,54113.9,75,54129.95,15,60,372870
BANKNIFTY-II.NFO,09/12/2024,09:25:57,54129.95,54113.9,75,54129.95,15,0,372870
BANKNIFTY-II.NFO,09/12/2024,09:25:59,54129.95,54109.85,60,54123.95,15,0,372870
BANKNIFTY-II.NFO,09/12/2024,09:26:00,54112.15,54108.55,60,54123.95,30,15,372870
BANKNIFTY-II.NFO,09/12/2024,09:26:02,54116.95,54099.35,75,54116.9,15,75,372870
BANKNIFTY-II.NFO,09/12/2024,09:26:04,54116.95,54115.1,105,54119.1,75,0,372870
BANKNIFTY-II.NFO,09/12/2024,09:26:05,54111.8,54100.35,15,54112.25,30,135,372870
BANKNIFTY-II.NFO,09/12/2024,09:26:07,54111.8,54113.75,90,54116.45,30,0,372870
BANKNIFTY-II.NFO,09/12/2024,09:26:09,54111.8,54113.8,15,54119.55,30,0,372870
BANKNIFTY-II.NFO,09/12/2024,09:26:10,54113.75,54100.4,75,54115.95,15,135,372870
BANKNIFTY-II.NFO,09/12/2024,09:26:12,54113.75,54110,120,54118.15,30,0,372870
BANKNIFTY-II.NFO,09/12/2024,09:26:14,54113.75,54110.05,15,54117.55,45,0,372870
BANKNIFTY-II.NFO,09/12/2024,09:26:15,54113.75,54110.05,15,54118.1,45,0,372870
BANKNIFTY-II.NFO,09/12/2024,09:26:17,54117.3,54110.1,15,54117.9,75,105,372870
BANKNIFTY-II.NFO,09/12/2024,09:26:19,54117.3,54110.15,15,54118.15,45,0,372870
BANKNIFTY-II.NFO,09/12/2024,09:26:20,54117.3,54110.25,15,54118.15,45,0,372870
BANKNIFTY-II.NFO,09/12/2024,09:26:22,54117.3,54110.25,15,54115.95,75,0,372870
BANKNIFTY-II.NFO,09/12/2024,09:26:24,54117.3,54110.3,15,54117.45,75,0,372870
BANKNIFTY-II.NFO,09/12/2024,09:26:25,54117.3,54110.35,15,54115.3,90,0,372870
BANKNIFTY-II.NFO,09/12/2024,09:26:27,54118.15,54110.35,15,54118.15,30,15,372870
BANKNIFTY-II.NFO,09/12/2024,09:26:29,54105.35,54101,15,54115.6,30,210,372870
BANKNIFTY-II.NFO,09/12/2024,09:26:30,54117.55,54101.05,30,54117.95,30,105,372870
BANKNIFTY-II.NFO,09/12/2024,09:26:32,54115.95,54101.1,15,54113.95,15,15,372870
BANKNIFTY-II.NFO,09/12/2024,09:26:34,54115.95,54101.05,15,54111.95,15,0,372870
BANKNIFTY-II.NFO,09/12/2024,09:26:36,54115.95,54101.1,30,54113.95,45,0,372870
BANKNIFTY-II.NFO,09/12/2024,09:26:37,54115.95,54101.1,30,54115.95,45,0,372870
BANKNIFTY-II.NFO,09/12/2024,09:26:39,54117.95,54101.15,75,54117.95,15,15,372870
BANKNIFTY-II.NFO,09/12/2024,09:26:41,54117.95,54105,60,54117.95,15,0,372870
BANKNIFTY-II.NFO,09/12/2024,09:26:42,54117.95,54109.4,60,54117.95,15,0,372870
BANKNIFTY-II.NFO,09/12/2024,09:26:44,54118.15,54110.2,75,54118.15,15,15,372870
BANKNIFTY-II.NFO,09/12/2024,09:26:46,54118.15,54111.6,60,54118.15,15,0,372870
BANKNIFTY-II.NFO,09/12/2024,09:26:47,54118.15,54112.9,75,54118.15,15,0,372870
BANKNIFTY-II.NFO,09/12/2024,09:26:49,54118.15,54108.65,90,54121.95,15,15,372870
BANKNIFTY-II.NFO,09/12/2024,09:26:51,54118.15,54110.1,60,54125,105,0,372870
BANKNIFTY-II.NFO,09/12/2024,09:26:52,54125,54111.4,90,54125,90,15,372870
BANKNIFTY-II.NFO,09/12/2024,09:26:54,54125,54113.55,90,54125,90,0,372870
BANKNIFTY-II.NFO,09/12/2024,09:26:56,54119.2,54119.2,75,54129.95,15,105,372870
BANKNIFTY-II.NFO,09/12/2024,09:26:57,54119.2,54119.2,75,54130,30,0,372870
BANKNIFTY-II.NFO,09/12/2024,09:26:59,54119.2,54119.6,60,54130,30,0,372870
BANKNIFTY-II.NFO,09/12/2024,09:27:01,54119.2,54121.3,60,54130,30,0,372870
BANKNIFTY-II.NFO,09/12/2024,09:27:02,54145,54138.15,60,54147.95,15,75,372870
BANKNIFTY-II.NFO,09/12/2024,09:27:02,54145,54138.15,60,54147.95,15,0,372870
BANKNIFTY-II.NFO,09/12/2024,09:27:04,54150,54148,15,54150,45,90,372870
BANKNIFTY-II.NFO,09/12/2024,09:27:04,54150,54148,15,54150,45,0,372870
BANKNIFTY-II.NFO,09/12/2024,09:27:06,54150,54137.45,90,54150,30,30,372870
BANKNIFTY-II.NFO,09/12/2024,09:27:07,54150,54133,60,54150,30,0,372870
BANKNIFTY-II.NFO,09/12/2024,09:27:09,54150,54133,75,54149.95,60,0,372870
BANKNIFTY-II.NFO,09/12/2024,09:27:10,54150,54149.2,30,54149.95,15,0,372870
BANKNIFTY-II.NFO,09/12/2024,09:27:12,54149.2,54130.1,60,54148.95,60,30,372870
BANKNIFTY-II.NFO,09/12/2024,09:27:14,54149.2,54130.85,75,54149.3,30,0,372870
BANKNIFTY-II.NFO,09/12/2024,09:27:15,54149.2,54128.85,45,54142.85,15,0,372870
BANKNIFTY-II.NFO,09/12/2024,09:27:17,54149.2,54128.85,45,54142.4,30,0,372870
BANKNIFTY-II.NFO,09/12/2024,09:27:19,54146.75,54128.9,60,54146.95,105,30,372870
BANKNIFTY-II.NFO,09/12/2024,09:27:20,54145.65,54128.85,45,54141.75,75,15,372870
BANKNIFTY-II.NFO,09/12/2024,09:27:22,54144,54128.85,45,54144.05,75,15,372870
BANKNIFTY-II.NFO,09/12/2024,09:27:24,54144,54128.85,45,54137.65,75,0,372870
BANKNIFTY-II.NFO,09/12/2024,09:27:25,54144,54128.9,30,54131.5,150,0,372870
BANKNIFTY-II.NFO,09/12/2024,09:27:27,54128.85,54116.1,15,54125.35,15,75,372870
BANKNIFTY-II.NFO,09/12/2024,09:27:29,54128.85,54116.55,60,54131.05,15,0,372870
BANKNIFTY-II.NFO,09/12/2024,09:27:30,54128.85,54118.05,15,54133.25,150,0,372870
BANKNIFTY-II.NFO,09/12/2024,09:27:32,54118.05,54118.15,15,54125,15,15,373125
BANKNIFTY-II.NFO,09/12/2024,09:27:34,54118.05,54118.2,15,54125,15,0,373125
BANKNIFTY-II.NFO,09/12/2024,09:27:37,54125,54120.1,60,54134,15,15,373125
BANKNIFTY-II.NFO,09/12/2024,09:27:39,54120.7,54120.05,15,54124.8,15,15,373125
BANKNIFTY-II.NFO,09/12/2024,09:27:40,54120.7,54120.1,15,54124.8,15,0,373125
BANKNIFTY-II.NFO,09/12/2024,09:27:42,54120.15,54120.15,15,54125.5,15,15,373125
BANKNIFTY-II.NFO,09/12/2024,09:27:44,54120.2,54120.05,15,54129.6,15,90,373125
BANKNIFTY-II.NFO,09/12/2024,09:27:45,54120.2,54118.3,15,54121.3,15,0,373125
BANKNIFTY-II.NFO,09/12/2024,09:27:47,54120.2,54118.3,15,54124.1,15,0,373125
BANKNIFTY-II.NFO,09/12/2024,09:27:49,54121.15,54118.3,15,54130.55,60,30,373125
BANKNIFTY-II.NFO,09/12/2024,09:27:50,54118.35,54118.3,15,54129.6,60,15,373125
BANKNIFTY-II.NFO,09/12/2024,09:27:52,54118.35,54118.3,15,54124,90,15,373125
BANKNIFTY-II.NFO,09/12/2024,09:27:54,54118.3,54116.7,15,54120.95,60,30,373125
BANKNIFTY-II.NFO,09/12/2024,09:27:55,54116.6,54100.05,30,54114.15,60,90,373125
BANKNIFTY-II.NFO,09/12/2024,09:27:57,54116.6,54100.1,15,54113.75,60,0,373125
BANKNIFTY-II.NFO,09/12/2024,09:27:59,54110,54100.05,30,54110.8,60,30,373125
BANKNIFTY-II.NFO,09/12/2024,09:28:00,54105.05,54100.05,15,54106.6,60,75,373125
BANKNIFTY-II.NFO,09/12/2024,09:28:02,54108.25,54100.05,15,54108.4,60,15,373125
BANKNIFTY-II.NFO,09/12/2024,09:28:04,54098,54097,15,54098.55,60,270,373125
BANKNIFTY-II.NFO,09/12/2024,09:28:05,54097,54096,15,54099.45,60,15,373125
BANKNIFTY-II.NFO,09/12/2024,09:28:07,54100,54095,15,54105.6,45,30,373125
BANKNIFTY-II.NFO,09/12/2024,09:28:09,54100,54095.05,60,54110.4,45,0,373125
BANKNIFTY-II.NFO,09/12/2024,09:28:10,54109.15,54095.15,60,54112.75,150,75,373125
BANKNIFTY-II.NFO,09/12/2024,09:28:12,54109.15,54095.75,75,54111.2,150,0,373125
BANKNIFTY-II.NFO,09/12/2024,09:28:14,54109.15,54095,15,54107.65,45,0,373125
BANKNIFTY-II.NFO,09/12/2024,09:28:15,54109.15,54095,15,54105.8,15,0,373125
BANKNIFTY-II.NFO,09/12/2024,09:28:17,54095,54094,15,54105.15,150,15,373125
BANKNIFTY-II.NFO,09/12/2024,09:28:19,54093,54092,15,54101.75,150,30,373125
BANKNIFTY-II.NFO,09/12/2024,09:28:20,54093,54092,15,54104.45,150,0,373125
BANKNIFTY-II.NFO,09/12/2024,09:28:22,54093,54092,15,54099.65,15,0,373125
BANKNIFTY-II.NFO,09/12/2024,09:28:24,54093,54092,15,54103.7,15,0,373125
BANKNIFTY-II.NFO,09/12/2024,09:28:25,54093,54092.05,75,54106.85,150,0,373125
BANKNIFTY-II.NFO,09/12/2024,09:28:27,54106.85,54092.05,15,54106.75,180,45,373125
BANKNIFTY-II.NFO,09/12/2024,09:28:29,54106.85,54092,15,54100.4,150,0,373125
BANKNIFTY-II.NFO,09/12/2024,09:28:30,54098.2,54092,15,54101.85,15,15,373125
BANKNIFTY-II.NFO,09/12/2024,09:28:32,54098.2,54092,15,54097.6,15,0,373125
BANKNIFTY-II.NFO,09/12/2024,09:28:34,54090,54090,30,54096.55,60,45,373125
BANKNIFTY-II.NFO,09/12/2024,09:28:36,54090,54090,30,54095.4,60,0,373125
BANKNIFTY-II.NFO,09/12/2024,09:28:37,54090,54090,30,54091.05,60,0,373125
BANKNIFTY-II.NFO,09/12/2024,09:28:39,54089,54088,15,54091.95,60,45,373125
BANKNIFTY-II.NFO,09/12/2024,09:28:41,54091.95,54088,15,54090,15,45,373125
BANKNIFTY-II.NFO,09/12/2024,09:28:42,54091.95,54089,15,54090,15,0,373125
BANKNIFTY-II.NFO,09/12/2024,09:28:44,54089,54088.15,75,54090,15,15,373125
BANKNIFTY-II.NFO,09/12/2024,09:28:46,54089,54088,15,54090,15,0,373125
BANKNIFTY-II.NFO,09/12/2024,09:28:51,54079.15,54073.35,60,54090,15,60,373125
BANKNIFTY-II.NFO,09/12/2024,09:28:52,54079.15,54074.45,60,54090,15,0,373125
BANKNIFTY-II.NFO,09/12/2024,09:28:54,54079.15,54070.95,60,54090,45,0,373125
BANKNIFTY-II.NFO,09/12/2024,09:28:56,54079.15,54071.45,60,54090,45,0,373125
BANKNIFTY-II.NFO,09/12/2024,09:28:57,54090,54071.95,75,54091.55,15,15,373125
BANKNIFTY-II.NFO,09/12/2024,09:28:59,54091.95,54076.2,60,54091.95,15,60,373125
BANKNIFTY-II.NFO,09/12/2024,09:29:01,54091.95,54076.6,60,54091.95,15,0,373125
BANKNIFTY-II.NFO,09/12/2024,09:29:02,54091.95,54081.6,60,54091.95,15,0,373125
BANKNIFTY-II.NFO,09/12/2024,09:29:04,54091.95,54080.8,60,54091.95,15,0,373125
BANKNIFTY-II.NFO,09/12/2024,09:29:06,54091.95,54074.9,60,54091.95,15,0,373125
BANKNIFTY-II.NFO,09/12/2024,09:29:07,54091.95,54066.15,60,54086.75,45,0,373125
BANKNIFTY-II.NFO,09/12/2024,09:29:09,54089,54068.35,60,54089,60,60,373125
BANKNIFTY-II.NFO,09/12/2024,09:29:11,54068.3,54067.65,45,54086.05,90,75,373125
BANKNIFTY-II.NFO,09/12/2024,09:29:12,54067.95,54068.35,15,54081,15,15,373125
BANKNIFTY-II.NFO,09/12/2024,09:29:14,54081,54067.95,45,54086.6,90,60,373125
BANKNIFTY-II.NFO,09/12/2024,09:29:16,54081,54074.35,60,54091.95,15,0,373125
BANKNIFTY-II.NFO,09/12/2024,09:29:17,54081,54074.65,60,54091.9,90,0,373125
BANKNIFTY-II.NFO,09/12/2024,09:29:19,54089.35,54068,60,54086.9,15,120,373125
BANKNIFTY-II.NFO,09/12/2024,09:29:21,54091.85,54074.85,75,54091.95,15,180,373125
BANKNIFTY-II.NFO,09/12/2024,09:29:22,54091.6,54072.3,60,54090.7,15,165,373125
BANKNIFTY-II.NFO,09/12/2024,09:29:24,54091.6,54074.45,15,54087.5,15,0,373125
BANKNIFTY-II.NFO,09/12/2024,09:29:26,54074.5,54074.45,15,54079.2,15,15,373125
BANKNIFTY-II.NFO,09/12/2024,09:29:27,54067.6,54066,15,54072.55,30,90,373125
BANKNIFTY-II.NFO,09/12/2024,09:29:29,54070.3,54066.05,15,54071.3,15,90,373125
BANKNIFTY-II.NFO,09/12/2024,09:29:31,54070.3,54070.25,45,54074.85,15,0,373125
BANKNIFTY-II.NFO,09/12/2024,09:29:32,54066,54060,15,54064.4,15,90,373125
BANKNIFTY-II.NFO,09/12/2024,09:29:34,54050,54050,75,54056.65,15,45,373125
BANKNIFTY-II.NFO,09/12/2024,09:29:36,54061.95,54050.1,15,54056.55,150,60,373125
BANKNIFTY-II.NFO,09/12/2024,09:29:37,54057.45,54050.1,15,54058.05,15,15,373125
BANKNIFTY-II.NFO,09/12/2024,09:29:39,54050.1,54050.05,15,54059.5,15,15,373125
BANKNIFTY-II.NFO,09/12/2024,09:29:40,54050,54050.05,15,54056.95,15,30,373125
BANKNIFTY-II.NFO,09/12/2024,09:29:42,54050,54032.1,60,54047.95,15,75,373125
BANKNIFTY-II.NFO,09/12/2024,09:29:44,54050,54029.25,75,54045.95,15,0,373125
BANKNIFTY-II.NFO,09/12/2024,09:29:45,54041.95,54029.35,30,54043.95,15,45,373125
BANKNIFTY-II.NFO,09/12/2024,09:29:47,54041.95,54029.4,15,54041.95,30,0,373125
BANKNIFTY-II.NFO,09/12/2024,09:29:49,54041.95,54030.05,75,54043.95,15,0,373125
BANKNIFTY-II.NFO,09/12/2024,09:29:50,54041.95,54029.45,75,54041.95,30,0,373125
BANKNIFTY-II.NFO,09/12/2024,09:29:52,54041.95,54029.45,15,54041.95,15,0,373125
BANKNIFTY-II.NFO,09/12/2024,09:29:54,54027.45,54024.75,75,54037.95,15,45,373125
BANKNIFTY-II.NFO,09/12/2024,09:29:55,54027.45,54023.35,75,54039.95,15,0,373125
BANKNIFTY-II.NFO,09/12/2024,09:29:57,54027.45,54030.65,60,54041.95,15,0,373125
BANKNIFTY-II.NFO,09/12/2024,09:29:58,54016.8,54026.5,90,54040,15,900,373125
BANKNIFTY-II.NFO,09/12/2024,09:30:00,54050,54040,15,54050.45,75,45,373125
BANKNIFTY-II.NFO,09/12/2024,09:30:02,54050.45,54030.15,60,54045.9,60,15,373125
BANKNIFTY-II.NFO,09/12/2024,09:30:03,54041.9,54023.25,90,54039.95,30,15,373125
BANKNIFTY-II.NFO,09/12/2024,09:30:05,54041.9,54023.55,90,54039.95,15,0,373125
BANKNIFTY-II.NFO,09/12/2024,09:30:07,54041.9,54025.8,90,54039.95,15,0,373125
BANKNIFTY-II.NFO,09/12/2024,09:30:08,54041.9,54034.3,90,54053.9,45,90,373125
BANKNIFTY-II.NFO,09/12/2024,09:30:10,54041.9,54043.15,60,54059.95,15,0,373125
BANKNIFTY-II.NFO,09/12/2024,09:30:12,54041.9,54042.9,60,54057.95,15,0,373125
BANKNIFTY-II.NFO,09/12/2024,09:30:13,54041.9,54039.1,90,54055.95,15,0,373125
BANKNIFTY-II.NFO,09/12/2024,09:30:15,54055.95,54041.5,90,54057.95,30,15,373125
BANKNIFTY-II.NFO,09/12/2024,09:30:17,54055.95,54041.8,60,54050,30,0,373125
BANKNIFTY-II.NFO,09/12/2024,09:30:18,54050,54042.1,90,54057.95,15,30,373125
BANKNIFTY-II.NFO,09/12/2024,09:30:20,54050,54043.95,90,54057.95,15,0,373125
BANKNIFTY-II.NFO,09/12/2024,09:30:22,54057.95,54047.65,90,54063.95,30,15,373125
BANKNIFTY-II.NFO,09/12/2024,09:30:23,54047.75,54047.75,60,54063.9,15,45,373125
BANKNIFTY-II.NFO,09/12/2024,09:30:25,54047.75,54048.05,60,54063.95,15,0,373125
BANKNIFTY-II.NFO,09/12/2024,09:30:27,54047.75,54043.6,60,54061.9,15,0,373125
BANKNIFTY-II.NFO,09/12/2024,09:30:28,54047.75,54045.15,60,54061.95,15,0,373125
BANKNIFTY-II.NFO,09/12/2024,09:30:30,54047.75,54046.15,60,54061.95,15,0,373125
BANKNIFTY-II.NFO,09/12/2024,09:30:32,54047.75,54049.45,60,54063.95,15,0,373125
BANKNIFTY-II.NFO,09/12/2024,09:30:33,54047.75,54043.9,30,54061.9,75,0,373125
BANKNIFTY-II.NFO,09/12/2024,09:30:35,54047.75,54044.1,30,54059.9,75,0,373125
BANKNIFTY-II.NFO,09/12/2024,09:30:37,54059.9,54044.05,15,54057.9,75,15,373275
BANKNIFTY-II.NFO,09/12/2024,09:30:38,54059.9,54043.75,15,54051.8,90,0,373275
BANKNIFTY-II.NFO,09/12/2024,09:30:40,54059.9,54043.8,15,54055.9,75,0,373275
BANKNIFTY-II.NFO,09/12/2024,09:30:43,54055.9,54043.75,15,54053.85,60,15,373275
BANKNIFTY-II.NFO,09/12/2024,09:30:45,54054,54043.75,15,54055.95,30,210,373275
BANKNIFTY-II.NFO,09/12/2024,09:30:47,54043.8,54043.8,15,54056.6,15,15,373275
BANKNIFTY-II.NFO,09/12/2024,09:30:48,54056.9,54043.8,15,54057.95,30,15,373275
BANKNIFTY-II.NFO,09/12/2024,09:30:50,54056.65,54043.8,15,54056.85,15,15,373275
BANKNIFTY-II.NFO,09/12/2024,09:30:52,54056.65,54044.15,60,54061.9,15,0,373275
BANKNIFTY-II.NFO,09/12/2024,09:30:53,54055,54055,15,54065.25,45,30,373275
BANKNIFTY-II.NFO,09/12/2024,09:30:55,54055.05,54055.05,15,54068.6,30,15,373275
BANKNIFTY-II.NFO,09/12/2024,09:30:57,54055.05,54056.65,15,54069.6,30,0,373275
BANKNIFTY-II.NFO,09/12/2024,09:30:58,54055.05,54056.65,15,54067.05,15,0,373275
BANKNIFTY-II.NFO,09/12/2024,09:31:00,54055.05,54056.65,15,54064.05,15,0,373275
BANKNIFTY-II.NFO,09/12/2024,09:31:02,54055.05,54056.65,15,54064.4,15,0,373275
BANKNIFTY-II.NFO,09/12/2024,09:31:03,54055.05,54056.65,15,54062.8,30,0,373275
BANKNIFTY-II.NFO,09/12/2024,09:31:05,54055.05,54056.65,15,54062.35,45,0,373275
BANKNIFTY-II.NFO,09/12/2024,09:31:07,54055.05,54056.65,15,54059.95,45,0,373275
BANKNIFTY-II.NFO,09/12/2024,09:31:08,54059.15,54056.65,15,54060.45,30,15,373275
BANKNIFTY-II.NFO,09/12/2024,09:31:10,54055,54043.95,15,54057.65,30,45,373275
BANKNIFTY-II.NFO,09/12/2024,09:31:12,54055,54043.75,15,54057.95,30,0,373275
BANKNIFTY-II.NFO,09/12/2024,09:31:13,54055,54043.85,15,54058.6,45,0,373275
BANKNIFTY-II.NFO,09/12/2024,09:31:15,54055,54043.9,90,54055,120,0,373275
BANKNIFTY-II.NFO,09/12/2024,09:31:17,54055,54045.65,90,54061.95,15,120,373275
BANKNIFTY-II.NFO,09/12/2024,09:31:18,54055,54046.65,90,54065.65,15,30,373275
BANKNIFTY-II.NFO,09/12/2024,09:31:20,54055,54050.1,90,54069.95,15,0,373275
BANKNIFTY-II.NFO,09/12/2024,09:31:22,54055,54060.5,90,54079.95,15,0,373275
BANKNIFTY-II.NFO,09/12/2024,09:31:23,54055,54060.6,90,54079.95,15,0,373275
BANKNIFTY-II.NFO,09/12/2024,09:31:25,54061.75,54061.75,90,54079.9,30,15,373275
BANKNIFTY-II.NFO,09/12/2024,09:31:27,54061.75,54061.85,60,54077.9,30,15,373275
BANKNIFTY-II.NFO,09/12/2024,09:31:28,54061.75,54064.75,90,54081.95,15,0,373275
BANKNIFTY-II.NFO,09/12/2024,09:31:30,54061.75,54068.35,90,54081.95,15,0,373275
BANKNIFTY-II.NFO,09/12/2024,09:31:32,54061.75,54069,90,54085.95,15,0,373275
BANKNIFTY-II.NFO,09/12/2024,09:31:33,54061.75,54077.3,90,54097.9,15,0,373275
BANKNIFTY-II.NFO,09/12/2024,09:31:35,54080.05,54080.15,90,54097.9,30,15,373275
BANKNIFTY-II.NFO,09/12/2024,09:31:37,54080.05,54081.1,60,54097.9,45,0,373275
BANKNIFTY-II.NFO,09/12/2024,09:31:38,54080.05,54078.5,60,54096.55,60,0,373275
BANKNIFTY-II.NFO,09/12/2024,09:31:40,54097.9,54078.7,90,54098.95,30,15,373275
BANKNIFTY-II.NFO,09/12/2024,09:31:42,54097.9,54080.2,90,54098.95,30,0,373275
BANKNIFTY-II.NFO,09/12/2024,09:31:43,54098.95,54084.1,90,54099,15,15,373275
BANKNIFTY-II.NFO,09/12/2024,09:31:45,54098.95,54086.05,15,54099,15,0,373275
BANKNIFTY-II.NFO,09/12/2024,09:31:47,54098.95,54086.05,15,54097.75,30,0,373275
BANKNIFTY-II.NFO,09/12/2024,09:31:48,54086.05,54082.05,15,54094.05,15,15,373275
BANKNIFTY-II.NFO,09/12/2024,09:31:50,54086.05,54084.05,15,54097.65,45,0,373275
BANKNIFTY-II.NFO,09/12/2024,09:31:52,54086.05,54084.05,15,54093.85,45,0,373275
BANKNIFTY-II.NFO,09/12/2024,09:31:53,54076.2,54076.1,60,54092.8,30,75,373275
BANKNIFTY-II.NFO,09/12/2024,09:31:55,54076.2,54072.15,60,54090.1,45,0,373275
BANKNIFTY-II.NFO,09/12/2024,09:31:57,54091.9,54070.2,60,54087.7,45,15,373275
BANKNIFTY-II.NFO,09/12/2024,09:31:58,54091.9,54068.3,90,54087.95,15,0,373275
BANKNIFTY-II.NFO,09/12/2024,09:32:00,54091.9,54072.8,90,54089.95,15,0,373275
BANKNIFTY-II.NFO,09/12/2024,09:32:02,54091.9,54064.1,90,54081.95,15,0,373275
BANKNIFTY-II.NFO,09/12/2024,09:32:03,54091.9,54064.4,90,54081.55,30,0,373275
BANKNIFTY-II.NFO,09/12/2024,09:32:05,54091.9,54065.05,90,54081.95,30,0,373275
BANKNIFTY-II.NFO,09/12/2024,09:32:07,54091.9,54061.75,75,54077.6,30,0,373275
BANKNIFTY-II.NFO,09/12/2024,09:32:08,54091.9,54061.8,15,54075.75,15,0,373275
BANKNIFTY-II.NFO,09/12/2024,09:32:10,54091.9,54061.75,75,54071.05,30,0,373275
BANKNIFTY-II.NFO,09/12/2024,09:32:12,54091.9,54061.75,75,54067.25,15,0,373275
BANKNIFTY-II.NFO,09/12/2024,09:32:13,54091.9,54061.75,75,54063.8,15,0,373275
BANKNIFTY-II.NFO,09/12/2024,09:32:15,54061.75,54061.75,60,54065.45,15,15,373275
BANKNIFTY-II.NFO,09/12/2024,09:32:17,54061.75,54061.75,45,54066.55,15,15,373275
BANKNIFTY-II.NFO,09/12/2024,09:32:18,54067.3,54061.75,45,54066.9,300,15,373275
BANKNIFTY-II.NFO,09/12/2024,09:32:20,54067.3,54061.75,45,54066.8,15,0,373275
BANKNIFTY-II.NFO,09/12/2024,09:32:22,54067.3,54061.75,45,54068.15,15,0,373275
BANKNIFTY-II.NFO,09/12/2024,09:32:23,54067.3,54061.75,45,54073.2,30,0,373275
BANKNIFTY-II.NFO,09/12/2024,09:32:25,54068.8,54061.75,45,54064.85,15,15,373275
BANKNIFTY-II.NFO,09/12/2024,09:32:27,54061.75,54051,15,54057.1,30,45,373275
BANKNIFTY-II.NFO,09/12/2024,09:32:28,54061.75,54051,15,54055.75,15,0,373275
BANKNIFTY-II.NFO,09/12/2024,09:32:30,54061.75,54051,15,54055.1,15,0,373275
BANKNIFTY-II.NFO,09/12/2024,09:32:32,54061.75,54051,15,54055.95,75,0,373275
BANKNIFTY-II.NFO,09/12/2024,09:32:33,54061.75,54051,15,54056.3,75,0,373275
BANKNIFTY-II.NFO,09/12/2024,09:32:35,54061.75,54051,15,54054.75,15,0,373275
BANKNIFTY-II.NFO,09/12/2024,09:32:36,54061.75,54051,15,54053.95,15,0,373275
BANKNIFTY-II.NFO,09/12/2024,09:32:38,54061.75,54051,15,54052.35,15,0,373275
BANKNIFTY-II.NFO,09/12/2024,09:32:40,54055.05,54051,15,54052.2,15,15,373275
BANKNIFTY-II.NFO,09/12/2024,09:32:41,54051,54050,450,54057.15,15,15,373275
BANKNIFTY-II.NFO,09/12/2024,09:32:43,54051,54050,465,54053.1,15,0,373275
BANKNIFTY-II.NFO,09/12/2024,09:32:45,54050,54050,405,54050.35,15,60,373275
BANKNIFTY-II.NFO,09/12/2024,09:32:46,54050.4,54050,315,54052,15,105,373275
BANKNIFTY-II.NFO,09/12/2024,09:32:48,54050.4,54050,315,54050.8,15,0,373275
BANKNIFTY-II.NFO,09/12/2024,09:32:49,54050,54043.75,15,54051.2,15,315,373275
BANKNIFTY-II.NFO,09/12/2024,09:32:51,54050,54050.4,15,54053.3,150,0,373275
BANKNIFTY-II.NFO,09/12/2024,09:32:53,54050.4,54043.75,15,54051.15,15,15,373275
BANKNIFTY-II.NFO,09/12/2024,09:32:54,54050.4,54043.75,15,54049.8,15,0,373275
BANKNIFTY-II.NFO,09/12/2024,09:32:56,54050.4,54043.75,15,54047.1,15,0,373275
BANKNIFTY-II.NFO,09/12/2024,09:32:58,54048.35,54043.75,15,54045.65,15,120,373275
BANKNIFTY-II.NFO,09/12/2024,09:32:59,54043.75,54029,60,54043.9,300,15,373275
BANKNIFTY-II.NFO,09/12/2024,09:33:01,54043.75,54025.05,60,54039.3,15,0,373275
BANKNIFTY-II.NFO,09/12/2024,09:33:03,54043.75,54025.05,60,54039.95,30,0,373275
BANKNIFTY-II.NFO,09/12/2024,09:33:04,54025,54020.1,15,54031.4,30,30,373275
BANKNIFTY-II.NFO,09/12/2024,09:33:06,54025,54020.15,105,54037.95,15,0,373275
BANKNIFTY-II.NFO,09/12/2024,09:33:08,54025,54020.15,105,54039.95,30,0,373275
BANKNIFTY-II.NFO,09/12/2024,09:33:09,54025,54021.5,60,54035.95,15,0,373275
BANKNIFTY-II.NFO,09/12/2024,09:33:11,54025,54021.7,90,54035.95,15,0,373275
BANKNIFTY-II.NFO,09/12/2024,09:33:12,54025,54022,60,54035.95,15,0,373275
BANKNIFTY-II.NFO,09/12/2024,09:33:14,54025,54022.2,90,54037.95,15,0,373275
BANKNIFTY-II.NFO,09/12/2024,09:33:16,54037.95,54022.4,90,54037.95,15,15,373275
BANKNIFTY-II.NFO,09/12/2024,09:33:17,54037.95,54022.6,105,54037.95,15,0,373275
BANKNIFTY-II.NFO,09/12/2024,09:33:19,54037.95,54022.7,60,54037.95,30,0,373275
BANKNIFTY-II.NFO,09/12/2024,09:33:21,54037.95,54023.1,105,54037.95,15,0,373275
BANKNIFTY-II.NFO,09/12/2024,09:33:22,54037.95,54023.3,75,54037.95,15,0,373275
BANKNIFTY-II.NFO,09/12/2024,09:33:24,54041.55,54020.05,60,54035.65,15,210,373275
BANKNIFTY-II.NFO,09/12/2024,09:33:26,54022.8,54020.15,60,54033.95,15,30,373275
BANKNIFTY-II.NFO,09/12/2024,09:33:27,54022.8,54020.45,60,54032.1,15,0,373275
BANKNIFTY-II.NFO,09/12/2024,09:33:29,54022.8,54020.75,75,54032.05,15,0,373275
BANKNIFTY-II.NFO,09/12/2024,09:33:31,54022.8,54020.7,15,54032,15,0,373275
BANKNIFTY-II.NFO,09/12/2024,09:33:32,54022.8,54020,135,54026.25,15,0,373275
BANKNIFTY-II.NFO,09/12/2024,09:33:34,54020,54011,15,54019.8,15,135,373920
BANKNIFTY-II.NFO,09/12/2024,09:33:36,54020,54011.1,75,54019.8,15,0,373920
BANKNIFTY-II.NFO,09/12/2024,09:33:37,54020.55,54011.4,90,54025.9,15,150,373920
BANKNIFTY-II.NFO,09/12/2024,09:33:39,54020.55,54013.2,90,54025.9,15,0,373920
BANKNIFTY-II.NFO,09/12/2024,09:33:41,54039.05,54023.45,75,54039.95,15,120,373920
BANKNIFTY-II.NFO,09/12/2024,09:33:42,54039.05,54019.5,90,54035.95,15,0,373920
BANKNIFTY-II.NFO,09/12/2024,09:33:44,54039.05,54019.7,60,54032.1,15,0,373920
BANKNIFTY-II.NFO,09/12/2024,09:33:46,54039.05,54017.65,75,54032.1,15,0,373920
BANKNIFTY-II.NFO,09/12/2024,09:33:47,54039.05,54012.65,75,54028.2,15,0,373920
BANKNIFTY-II.NFO,09/12/2024,09:33:49,54039.05,54011,15,54025.2,15,0,373920
BANKNIFTY-II.NFO,09/12/2024,09:33:51,54039.05,54011.25,90,54025.9,15,0,373920
BANKNIFTY-II.NFO,09/12/2024,09:33:52,54013.85,54013.95,90,54025.9,15,15,373920
BANKNIFTY-II.NFO,09/12/2024,09:33:54,54013.85,54014.15,60,54025.9,15,0,373920
BANKNIFTY-II.NFO,09/12/2024,09:33:56,54025.9,54016.15,90,54028.3,15,15,373920
BANKNIFTY-II.NFO,09/12/2024,09:33:57,54025.9,54016.25,60,54028.3,15,0,373920
BANKNIFTY-II.NFO,09/12/2024,09:33:59,54025.9,54016.65,90,54031.95,15,0,373920
BANKNIFTY-II.NFO,09/12/2024,09:34:01,54025.9,54016.85,105,54033.9,15,0,373920
BANKNIFTY-II.NFO,09/12/2024,09:34:02,54025.9,54015.65,90,54031,30,0,373920
BANKNIFTY-II.NFO,09/12/2024,09:34:04,54025.9,54016.7,90,54030.95,15,0,373920
BANKNIFTY-II.NFO,09/12/2024,09:34:06,54031,54020.05,90,54035.9,15,45,373920
BANKNIFTY-II.NFO,09/12/2024,09:34:07,54035.9,54025.7,75,54039.05,15,15,373920
BANKNIFTY-II.NFO,09/12/2024,09:34:09,54035.9,54024.5,90,54039.05,15,0,373920
BANKNIFTY-II.NFO,09/12/2024,09:34:11,54035.9,54025.75,75,54039.05,15,0,373920
BANKNIFTY-II.NFO,09/12/2024,09:34:12,54035.9,54022.05,90,54039,15,0,373920
BANKNIFTY-II.NFO,09/12/2024,09:34:16,54035.9,54020,15,54032.05,15,0,373920
BANKNIFTY-II.NFO,09/12/2024,09:34:17,54035.9,54024.95,15,54034.65,15,0,373920
BANKNIFTY-II.NFO,09/12/2024,09:34:19,54035.9,54024.95,15,54034.05,15,0,373920
BANKNIFTY-II.NFO,09/12/2024,09:34:21,54035.9,54022.15,15,54029,15,0,373920
BANKNIFTY-II.NFO,09/12/2024,09:34:22,54024.25,54022.15,15,54035.5,15,15,373920
BANKNIFTY-II.NFO,09/12/2024,09:34:24,54033.05,54025.2,15,54032.6,15,15,373920
BANKNIFTY-II.NFO,09/12/2024,09:34:26,54033.05,54022.15,15,54028.75,15,0,373920
BANKNIFTY-II.NFO,09/12/2024,09:34:27,54033.05,54022.25,75,54035,15,0,373920
BANKNIFTY-II.NFO,09/12/2024,09:34:29,54033.05,54022.15,15,54033.05,15,0,373920
BANKNIFTY-II.NFO,09/12/2024,09:34:31,54033.05,54022.15,30,54033.05,15,0,373920
BANKNIFTY-II.NFO,09/12/2024,09:34:32,54033.05,54032.2,15,54033.05,15,15,373920
BANKNIFTY-II.NFO,09/12/2024,09:34:34,54033.05,54030.55,15,54035,15,15,373920
BANKNIFTY-II.NFO,09/12/2024,09:34:36,54033.05,54022.2,105,54035,15,0,373920
BANKNIFTY-II.NFO,09/12/2024,09:34:37,54033.05,54032.55,15,54035,15,0,373920
BANKNIFTY-II.NFO,09/12/2024,09:34:39,54033.05,54026.65,15,54035,15,0,373920
BANKNIFTY-II.NFO,09/12/2024,09:34:41,54035,54035,15,54036.4,15,15,373920
BANKNIFTY-II.NFO,09/12/2024,09:34:42,54035,54035,15,54039.05,15,0,373920
BANKNIFTY-II.NFO,09/12/2024,09:34:44,54035,54035,15,54035.95,15,0,373920
BANKNIFTY-II.NFO,09/12/2024,09:34:46,54035,54026.55,15,54033,15,15,373920
BANKNIFTY-II.NFO,09/12/2024,09:34:47,54035,54022.15,15,54025.55,15,0,373920
BANKNIFTY-II.NFO,09/12/2024,09:34:49,54020,54011,15,54023.25,300,30,373920
BANKNIFTY-II.NFO,09/12/2024,09:34:51,54020,54015.2,15,54025.75,15,0,373920
BANKNIFTY-II.NFO,09/12/2024,09:34:52,54022.05,54011,15,54021.4,15,30,373920
BANKNIFTY-II.NFO,09/12/2024,09:34:54,54019.1,54011,15,54017.85,15,15,373920
BANKNIFTY-II.NFO,09/12/2024,09:34:56,54026,54011,45,54025.1,15,15,373920
BANKNIFTY-II.NFO,09/12/2024,09:34:57,54011,54010,30,54019.25,15,15,373920
BANKNIFTY-II.NFO,09/12/2024,09:34:59,54011,54010,30,54017.4,15,0,373920
BANKNIFTY-II.NFO,09/12/2024,09:35:01,54020.85,54011.7,15,54021.85,15,15,373920
BANKNIFTY-II.NFO,09/12/2024,09:35:02,54020.85,54010,30,54017,15,0,373920
BANKNIFTY-II.NFO,09/12/2024,09:35:04,54020.85,54010,30,54016.2,15,0,373920
BANKNIFTY-II.NFO,09/12/2024,09:35:06,54019.5,54011,15,54023.65,15,15,373920
BANKNIFTY-II.NFO,09/12/2024,09:35:07,54025.95,54018.15,15,54025.95,15,15,373920
BANKNIFTY-II.NFO,09/12/2024,09:35:09,54024.5,54019.4,15,54028.15,15,15,373920
BANKNIFTY-II.NFO,09/12/2024,09:35:11,54023.45,54014.7,15,54023.25,15,15,373920
BANKNIFTY-II.NFO,09/12/2024,09:35:12,54023.45,54014.7,15,54021.9,15,0,373920
BANKNIFTY-II.NFO,09/12/2024,09:35:14,54023.45,54011,15,54014.55,15,0,373920
BANKNIFTY-II.NFO,09/12/2024,09:35:15,54023.45,54011,15,54014.4,15,0,373920
BANKNIFTY-II.NFO,09/12/2024,09:35:17,54023.45,54012.35,15,54016.45,15,0,373920
BANKNIFTY-II.NFO,09/12/2024,09:35:19,54022.15,54012.4,15,54021.3,15,15,373920
BANKNIFTY-II.NFO,09/12/2024,09:35:21,54012.4,54012.35,15,54018.7,15,15,373920
BANKNIFTY-II.NFO,09/12/2024,09:35:22,54012.4,54013.25,15,54016.1,15,0,373920
BANKNIFTY-II.NFO,09/12/2024,09:35:24,54012.4,54013.25,15,54017.05,15,0,373920
BANKNIFTY-II.NFO,09/12/2024,09:35:26,54012.4,54013.3,15,54019.5,15,0,373920
BANKNIFTY-II.NFO,09/12/2024,09:35:27,54015.95,54013.35,15,54016.35,15,15,373920
BANKNIFTY-II.NFO,09/12/2024,09:35:29,54020.6,54013.4,15,54020.95,15,15,373920
BANKNIFTY-II.NFO,09/12/2024,09:35:31,54013.4,54013.4,15,54018,15,15,373920
BANKNIFTY-II.NFO,09/12/2024,09:35:32,54013.4,54013.45,15,54021.45,15,0,373920
BANKNIFTY-II.NFO,09/12/2024,09:35:34,54013.4,54013.5,15,54021.45,15,0,373920
BANKNIFTY-II.NFO,09/12/2024,09:35:36,54013.4,54013.6,15,54020,15,0,373920
BANKNIFTY-II.NFO,09/12/2024,09:35:37,54013.4,54013.65,60,54025,15,0,373920
BANKNIFTY-II.NFO,09/12/2024,09:35:39,54025,54022.4,15,54032.5,15,15,373920
BANKNIFTY-II.NFO,09/12/2024,09:35:41,54022.45,54017.65,15,54026.8,15,15,373920
BANKNIFTY-II.NFO,09/12/2024,09:35:42,54022.45,54020.75,15,54028,15,0,373920
BANKNIFTY-II.NFO,09/12/2024,09:35:44,54022.45,54022.05,90,54035.8,15,0,373920
BANKNIFTY-II.NFO,09/12/2024,09:35:46,54040.95,54028.45,75,54041.5,15,15,373920
BANKNIFTY-II.NFO,09/12/2024,09:35:47,54040.95,54034.25,75,54046.2,15,0,373920
BANKNIFTY-II.NFO,09/12/2024,09:35:49,54040.95,54031.9,15,54036.05,15,0,373920
BANKNIFTY-II.NFO,09/12/2024,09:35:51,54040.95,54031.95,15,54038.9,15,0,373920
BANKNIFTY-II.NFO,09/12/2024,09:35:52,54040.95,54032,15,54035.65,15,0,373920
BANKNIFTY-II.NFO,09/12/2024,09:35:54,54032.1,54032.05,15,54032.4,15,15,373920
BANKNIFTY-II.NFO,09/12/2024,09:35:56,54033.6,54032.2,15,54034.45,45,30,373920
BANKNIFTY-II.NFO,09/12/2024,09:35:57,54033.6,54032.2,15,54038.2,255,0,373920
BANKNIFTY-II.NFO,09/12/2024,09:35:59,54033.6,54032.2,15,54038.25,255,0,373920
BANKNIFTY-II.NFO,09/12/2024,09:36:01,54033.6,54032.2,15,54037.3,255,0,373920
BANKNIFTY-II.NFO,09/12/2024,09:36:02,54033.6,54032.75,75,54046.55,30,0,373920
BANKNIFTY-II.NFO,09/12/2024,09:36:04,54033.6,54040.05,15,54048.15,30,0,373920
BANKNIFTY-II.NFO,09/12/2024,09:36:06,54048.75,54040.15,45,54049.4,30,15,373920
BANKNIFTY-II.NFO,09/12/2024,09:36:07,54040.15,54044.05,15,54053.15,255,30,373920
BANKNIFTY-II.NFO,09/12/2024,09:36:09,54047.3,54040.2,15,54048.45,30,45,373920
BANKNIFTY-II.NFO,09/12/2024,09:36:11,54047.3,54040.25,15,54045.45,75,0,373920
BANKNIFTY-II.NFO,09/12/2024,09:36:12,54047.3,54040.25,15,54040.55,75,0,373920
BANKNIFTY-II.NFO,09/12/2024,09:36:14,54040.1,54033.65,15,54040.2,75,45,373920
BANKNIFTY-II.NFO,09/12/2024,09:36:16,54040.85,54033.65,15,54039.45,15,15,373920
BANKNIFTY-II.NFO,09/12/2024,09:36:17,54040.05,54033.65,15,54037.25,150,15,373920
BANKNIFTY-II.NFO,09/12/2024,09:36:19,54034.35,54033.75,15,54034.15,150,15,373920
BANKNIFTY-II.NFO,09/12/2024,09:36:21,54033.6,54022.5,45,54030.4,210,60,373920
BANKNIFTY-II.NFO,09/12/2024,09:36:22,54033.6,54022.5,45,54029.25,60,0,373920
BANKNIFTY-II.NFO,09/12/2024,09:36:24,54033.6,54022.55,15,54027.05,75,0,373920
BANKNIFTY-II.NFO,09/12/2024,09:36:26,54022.45,54013.4,15,54025.55,210,60,373920
BANKNIFTY-II.NFO,09/12/2024,09:36:27,54022.45,54014.35,15,54023.55,15,0,373920
BANKNIFTY-II.NFO,09/12/2024,09:36:29,54022.45,54013.4,15,54019.2,210,0,373920
BANKNIFTY-II.NFO,09/12/2024,09:36:31,54022.45,54013.45,15,54021.35,15,0,373920
BANKNIFTY-II.NFO,09/12/2024,09:36:32,54013.45,54013.4,15,54020.3,210,15,374445
BANKNIFTY-II.NFO,09/12/2024,09:36:34,54013.45,54013.5,15,54021.55,240,0,374445
BANKNIFTY-II.NFO,09/12/2024,09:36:36,54013.45,54013.55,15,54016.25,150,0,374445
BANKNIFTY-II.NFO,09/12/2024,09:36:37,54013.45,54013.55,15,54017.5,150,0,374445
BANKNIFTY-II.NFO,09/12/2024,09:36:39,54014.05,54014.05,15,54020.5,15,15,374445
BANKNIFTY-II.NFO,09/12/2024,09:36:41,54021.85,54013.55,15,54021.05,210,15,374445
BANKNIFTY-II.NFO,09/12/2024,09:36:42,54021.8,54014.05,30,54022.45,180,30,374445
BANKNIFTY-II.NFO,09/12/2024,09:36:44,54021.8,54014.05,15,54020.1,180,0,374445
BANKNIFTY-II.NFO,09/12/2024,09:36:46,54021.8,54015,15,54018.3,180,0,374445
BANKNIFTY-II.NFO,09/12/2024,09:36:47,54021.8,54015,15,54017.65,180,0,374445
BANKNIFTY-II.NFO,09/12/2024,09:36:49,54022.25,54015,15,54021.8,15,30,374445
BANKNIFTY-II.NFO,09/12/2024,09:36:51,54015,54014.05,15,54021.75,15,15,374445
BANKNIFTY-II.NFO,09/12/2024,09:36:52,54015,54014.05,15,54020.55,150,0,374445
BANKNIFTY-II.NFO,09/12/2024,09:36:54,54015,54014.05,15,54018.85,150,0,374445
BANKNIFTY-II.NFO,09/12/2024,09:36:56,54015,54014.05,15,54017.8,150,0,374445
BANKNIFTY-II.NFO,09/12/2024,09:36:57,54015,54014.1,15,54016.3,150,0,374445
BANKNIFTY-II.NFO,09/12/2024,09:36:59,54017.1,54015.05,105,54021.8,15,30,374445
BANKNIFTY-II.NFO,09/12/2024,09:37:00,54017.1,54015.15,60,54021.75,15,0,374445
BANKNIFTY-II.NFO,09/12/2024,09:37:02,54021.8,54022.05,15,54031.05,15,30,374445
BANKNIFTY-II.NFO,09/12/2024,09:37:04,54021.8,54015.2,15,54025.05,150,0,374445
BANKNIFTY-II.NFO,09/12/2024,09:37:05,54021.8,54015.85,15,54024.95,30,0,374445
BANKNIFTY-II.NFO,09/12/2024,09:37:07,54021.8,54017,15,54024.95,30,0,374445
BANKNIFTY-II.NFO,09/12/2024,09:37:09,54021.8,54017,15,54023.7,150,0,374445
BANKNIFTY-II.NFO,09/12/2024,09:37:10,54021.8,54015.2,15,54019.05,150,0,374445
BANKNIFTY-II.NFO,09/12/2024,09:37:12,54021.8,54015.25,30,54017.25,135,0,374445
BANKNIFTY-II.NFO,09/12/2024,09:37:14,54015.3,54015.25,30,54018.8,120,30,374445
BANKNIFTY-II.NFO,09/12/2024,09:37:15,54015.3,54015.3,15,54020.35,135,0,374445
BANKNIFTY-II.NFO,09/12/2024,09:37:17,54015.2,54015,15,54016.35,135,15,374445
BANKNIFTY-II.NFO,09/12/2024,09:37:19,54014.05,54011,15,54016.65,135,30,374445
BANKNIFTY-II.NFO,09/12/2024,09:37:20,54000,53985.8,60,53999.5,15,765,374445
BANKNIFTY-II.NFO,09/12/2024,09:37:22,53990.1,53992.05,15,54002.55,135,15,374445
BANKNIFTY-II.NFO,09/12/2024,09:37:24,54002.55,53992.25,15,54001.1,120,15,374445
BANKNIFTY-II.NFO,09/12/2024,09:37:25,54002.55,53995.9,15,54003.65,15,0,374445
BANKNIFTY-II.NFO,09/12/2024,09:37:27,54002.35,53993.5,15,53999.95,120,15,374445
BANKNIFTY-II.NFO,09/12/2024,09:37:29,54002.35,53993.55,60,54006,105,0,374445
BANKNIFTY-II.NFO,09/12/2024,09:37:30,54002.35,53992.35,60,54005.75,120,0,374445
BANKNIFTY-II.NFO,09/12/2024,09:37:32,54002.35,53992.55,60,54007.2,120,0,374445
BANKNIFTY-II.NFO,09/12/2024,09:37:34,54001.15,54001.1,15,54013.35,135,30,374445
BANKNIFTY-II.NFO,09/12/2024,09:37:35,54001.15,54002.15,60,54015.2,150,0,374445
BANKNIFTY-II.NFO,09/12/2024,09:37:37,54001.15,54004.55,15,54013.05,90,0,374445
BANKNIFTY-II.NFO,09/12/2024,09:37:39,54001.15,54004.6,15,54012.85,75,0,374445
BANKNIFTY-II.NFO,09/12/2024,09:37:40,54001.15,54004.6,15,54007.3,105,0,374445
BANKNIFTY-II.NFO,09/12/2024,09:37:42,54004.55,54002.2,15,54005,150,75,374445
BANKNIFTY-II.NFO,09/12/2024,09:37:44,54004.1,54002.25,15,54004.65,15,15,374445
BANKNIFTY-II.NFO,09/12/2024,09:37:45,54000,53992.15,15,53997.05,15,45,374445
BANKNIFTY-II.NFO,09/12/2024,09:37:47,53992.1,53985.75,30,53996.2,150,30,374445
BANKNIFTY-II.NFO,09/12/2024,09:37:49,53992.1,53986,90,54000.75,30,0,374445
BANKNIFTY-II.NFO,09/12/2024,09:37:50,54001.15,53992.75,15,54003.4,15,15,374445
BANKNIFTY-II.NFO,09/12/2024,09:37:52,54000,53988.8,60,54004.7,30,90,374445
BANKNIFTY-II.NFO,09/12/2024,09:37:54,54000,53996.8,15,54005.3,15,0,374445
BANKNIFTY-II.NFO,09/12/2024,09:37:55,54004.3,54002,15,54004.65,150,15,374445
BANKNIFTY-II.NFO,09/12/2024,09:37:57,54002,53996.85,15,54000,45,15,374445
BANKNIFTY-II.NFO,09/12/2024,09:37:59,54002,53996.9,15,53999.75,30,0,374445
BANKNIFTY-II.NFO,09/12/2024,09:38:00,53996.9,53996.85,15,53996.9,15,15,374445
BANKNIFTY-II.NFO,09/12/2024,09:38:02,53996.9,53990.25,15,54000,45,15,374445
BANKNIFTY-II.NFO,09/12/2024,09:38:04,53996.9,53985.8,45,54000,45,0,374445
BANKNIFTY-II.NFO,09/12/2024,09:38:05,53988.4,53985.75,30,53997.2,60,30,374445
BANKNIFTY-II.NFO,09/12/2024,09:38:07,53998.2,53988.55,15,53999.3,30,15,374445
BANKNIFTY-II.NFO,09/12/2024,09:38:09,53998.2,53985.75,30,53998.65,30,0,374445
BANKNIFTY-II.NFO,09/12/2024,09:38:10,53998.2,53992.05,15,54000,45,0,374445
BANKNIFTY-II.NFO,09/12/2024,09:38:12,53998.2,53989.15,15,53998.4,60,0,374445
BANKNIFTY-II.NFO,09/12/2024,09:38:13,53998.2,53989.15,15,54000,45,0,374445
BANKNIFTY-II.NFO,09/12/2024,09:38:15,53998.7,53998.65,300,53998.9,15,30,374445
BANKNIFTY-II.NFO,09/12/2024,09:38:17,53998.65,53998.65,285,54000,45,15,374445
BANKNIFTY-II.NFO,09/12/2024,09:38:18,53998.65,53985.75,30,53998.15,75,285,374445
BANKNIFTY-II.NFO,09/12/2024,09:38:20,53998.65,53985.75,30,53990.4,15,0,374445
BANKNIFTY-II.NFO,09/12/2024,09:38:22,53979.15,53970,30,53975.35,60,90,374445
BANKNIFTY-II.NFO,09/12/2024,09:38:23,53979.15,53970,30,53980.1,60,0,374445
BANKNIFTY-II.NFO,09/12/2024,09:38:25,53979.15,53970,30,53979,60,0,374445
BANKNIFTY-II.NFO,09/12/2024,09:38:27,53979.15,53970,45,53973.8,60,0,374445
BANKNIFTY-II.NFO,09/12/2024,09:38:28,53973.9,53970,45,53974.6,15,60,374445
BANKNIFTY-II.NFO,09/12/2024,09:38:30,53973.9,53970,45,53977.75,15,0,374445
BANKNIFTY-II.NFO,09/12/2024,09:38:32,53963.05,53970.75,60,53984.85,15,300,374445
BANKNIFTY-II.NFO,09/12/2024,09:38:33,53963.05,53978.05,15,53990.55,30,0,374445
BANKNIFTY-II.NFO,09/12/2024,09:38:35,53963.05,53976.2,15,53992.15,30,0,374445
BANKNIFTY-II.NFO,09/12/2024,09:38:36,53963.05,53978.05,15,53987.85,15,0,374445
BANKNIFTY-II.NFO,09/12/2024,09:38:38,53963.05,53978.05,15,53984.75,15,0,374445
BANKNIFTY-II.NFO,09/12/2024,09:38:40,53963.05,53974.25,15,53980.5,15,0,374445
BANKNIFTY-II.NFO,09/12/2024,09:38:41,53984.25,53974.25,15,53983.65,150,30,374445
BANKNIFTY-II.NFO,09/12/2024,09:38:43,53984.25,53975.2,15,53982.95,75,0,374445
BANKNIFTY-II.NFO,09/12/2024,09:38:45,53984.25,53974.25,15,53979.85,75,0,374445
BANKNIFTY-II.NFO,09/12/2024,09:38:46,53984.25,53974.25,15,53980.7,135,0,374445
BANKNIFTY-II.NFO,09/12/2024,09:38:48,53984.25,53978.9,15,53986.9,135,0,374445
BANKNIFTY-II.NFO,09/12/2024,09:38:49,53984.25,53975,15,53985.7,150,0,374445
BANKNIFTY-II.NFO,09/12/2024,09:38:51,53984.25,53980,15,53987.2,150,0,374445
BANKNIFTY-II.NFO,09/12/2024,09:38:53,53984.25,53980.05,30,53994.4,75,0,374445
BANKNIFTY-II.NFO,09/12/2024,09:38:54,53984.25,53985.25,15,53993.9,150,0,374445
BANKNIFTY-II.NFO,09/12/2024,09:38:56,53984.25,53986.25,15,53995.65,15,0,374445
BANKNIFTY-II.NFO,09/12/2024,09:38:58,53984.25,53985.3,15,53993.7,135,0,374445
BANKNIFTY-II.NFO,09/12/2024,09:38:59,53984.25,53985.3,15,53992.25,15,0,374445
BANKNIFTY-II.NFO,09/12/2024,09:39:01,53984.25,53985.3,15,53988.1,75,0,374445
BANKNIFTY-II.NFO,09/12/2024,09:39:03,53985.3,53975.5,15,53986.4,75,15,374445
BANKNIFTY-II.NFO,09/12/2024,09:39:04,53985.3,53974.8,15,53983.55,105,0,374445
BANKNIFTY-II.NFO,09/12/2024,09:39:06,53988.6,53977.2,15,53987.1,90,15,374445
BANKNIFTY-II.NFO,09/12/2024,09:39:08,53988.6,53973.85,30,53985,15,0,374445
BANKNIFTY-II.NFO,09/12/2024,09:39:09,53988.6,53979,15,53985,15,0,374445
BANKNIFTY-II.NFO,09/12/2024,09:39:11,53988.6,53977.5,15,53985,15,0,374445
BANKNIFTY-II.NFO,09/12/2024,09:39:13,53988.6,53970.05,15,53982.55,60,0,374445
BANKNIFTY-II.NFO,09/12/2024,09:39:14,53988.6,53972.05,15,53984.65,75,0,374445
BANKNIFTY-II.NFO,09/12/2024,09:39:16,53988.6,53977,15,53985,15,0,374445
BANKNIFTY-II.NFO,09/12/2024,09:39:19,53985,53983.15,15,53988.3,105,15,374445
BANKNIFTY-II.NFO,09/12/2024,09:39:21,53985,53978.1,45,53990,300,0,374445
BANKNIFTY-II.NFO,09/12/2024,09:39:23,54000,54004,15,54005.2,150,315,374445
BANKNIFTY-II.NFO,09/12/2024,09:39:24,53990.7,53994.8,30,54005.9,135,30,374445
BANKNIFTY-II.NFO,09/12/2024,09:39:26,53990.7,53996.3,15,54006,135,0,374445
BANKNIFTY-II.NFO,09/12/2024,09:39:28,53990.7,53988.6,15,54002.55,60,0,374445
BANKNIFTY-II.NFO,09/12/2024,09:39:29,53990.7,53992,30,54005.1,60,0,374445
BANKNIFTY-II.NFO,09/12/2024,09:39:31,53990.7,53992.1,15,54000.1,135,0,374445
BANKNIFTY-II.NFO,09/12/2024,09:39:33,53990.85,53988.6,15,53999.35,105,15,376245
BANKNIFTY-II.NFO,09/12/2024,09:39:34,53990.85,53992,15,54001.5,60,0,376245
BANKNIFTY-II.NFO,09/12/2024,09:39:36,53990.85,53992,15,54001.35,75,0,376245
BANKNIFTY-II.NFO,09/12/2024,09:39:38,53990.85,53992,15,54002.45,135,0,376245
BANKNIFTY-II.NFO,09/12/2024,09:39:40,53990.85,53990.85,15,53994.9,60,0,376245
BANKNIFTY-II.NFO,09/12/2024,09:39:41,53990.85,53990.85,15,53992,135,0,376245
BANKNIFTY-II.NFO,09/12/2024,09:39:43,53988.6,53984.05,15,53997.95,135,30,376245
BANKNIFTY-II.NFO,09/12/2024,09:39:45,53986.05,53988.9,15,53999.25,75,15,376245
BANKNIFTY-II.NFO,09/12/2024,09:39:46,53991.15,53989.25,15,53990.7,30,15,376245
BANKNIFTY-II.NFO,09/12/2024,09:39:48,53984.05,53983.55,15,53990.7,15,30,376245
BANKNIFTY-II.NFO,09/12/2024,09:39:50,53990.7,53989.75,15,53990.7,15,15,376245
BANKNIFTY-II.NFO,09/12/2024,09:39:51,53990.7,53978.05,30,53990.7,15,0,376245
BANKNIFTY-II.NFO,09/12/2024,09:39:53,53990.7,53988.15,15,53990.7,15,0,376245
BANKNIFTY-II.NFO,09/12/2024,09:39:56,53990.7,53978.1,75,53990.7,15,0,376245
BANKNIFTY-II.NFO,09/12/2024,09:39:58,53994.45,53986.05,30,54001.75,60,45,376245
BANKNIFTY-II.NFO,09/12/2024,09:40:00,53994.45,53995.2,30,54004.45,60,0,376245
BANKNIFTY-II.NFO,09/12/2024,09:40:01,53994.45,53992.25,30,54001.05,60,0,376245
BANKNIFTY-II.NFO,09/12/2024,09:40:03,53994.45,53990.7,15,53995.9,60,0,376245
BANKNIFTY-II.NFO,09/12/2024,09:40:05,53990.7,53978.05,15,53991.15,60,15,376245
BANKNIFTY-II.NFO,09/12/2024,09:40:06,53990.7,53980.05,15,53990.9,60,0,376245
BANKNIFTY-II.NFO,09/12/2024,09:40:08,53990.7,53974.05,15,53988.7,60,0,376245
BANKNIFTY-II.NFO,09/12/2024,09:40:10,53990.7,53980.05,30,53986.95,60,0,376245
BANKNIFTY-II.NFO,09/12/2024,09:40:11,53990.7,53980.05,45,53991.45,60,0,376245
BANKNIFTY-II.NFO,09/12/2024,09:40:13,53990.7,53980.05,30,53987.55,60,0,376245
BANKNIFTY-II.NFO,09/12/2024,09:40:15,53990.3,53981.6,30,53988.4,60,15,376245
BANKNIFTY-II.NFO,09/12/2024,09:40:16,53990.1,53981.6,15,53989.85,60,30,376245
BANKNIFTY-II.NFO,09/12/2024,09:40:18,53990.1,53979.8,30,53986.55,60,0,376245
BANKNIFTY-II.NFO,09/12/2024,09:40:20,53990.1,53979.45,30,53986.7,60,0,376245
BANKNIFTY-II.NFO,09/12/2024,09:40:21,53990.1,53968.05,60,53983.9,60,0,376245
BANKNIFTY-II.NFO,09/12/2024,09:40:23,53990.1,53979.95,30,53988.15,60,0,376245
BANKNIFTY-II.NFO,09/12/2024,09:40:25,53990.1,53970.45,60,53987,60,0,376245
BANKNIFTY-II.NFO,09/12/2024,09:40:26,53990.1,53977.8,30,53986.95,60,0,376245
BANKNIFTY-II.NFO,09/12/2024,09:40:28,53990.1,53976.6,30,53984.2,120,0,376245
BANKNIFTY-II.NFO,09/12/2024,09:40:30,53990.1,53968.05,15,53981.5,60,0,376245
BANKNIFTY-II.NFO,09/12/2024,09:40:31,53990.1,53966.05,60,53980.6,60,0,376245
BANKNIFTY-II.NFO,09/12/2024,09:40:33,53990.1,53971.65,30,53979,60,0,376245
BANKNIFTY-II.NFO,09/12/2024,09:40:35,53990.1,53963.05,30,53975.1,60,0,376245
BANKNIFTY-II.NFO,09/12/2024,09:40:36,53990.1,53967.3,30,53973.75,75,0,376245
BANKNIFTY-II.NFO,09/12/2024,09:40:38,53990.1,53967.3,30,53972.8,60,0,376245
BANKNIFTY-II.NFO,09/12/2024,09:40:39,53990.1,53971.05,30,53980.45,60,0,376245
BANKNIFTY-II.NFO,09/12/2024,09:40:41,53975.05,53963.05,15,53975.05,60,30,376245
BANKNIFTY-II.NFO,09/12/2024,09:40:43,53975.05,53968.45,30,53975.45,60,0,376245
BANKNIFTY-II.NFO,09/12/2024,09:40:44,53979,53968.45,30,53977.7,60,15,376245
BANKNIFTY-II.NFO,09/12/2024,09:40:46,53979,53967.75,30,53975.8,60,0,376245
BANKNIFTY-II.NFO,09/12/2024,09:40:48,53979,53967.75,30,53975.65,60,0,376245
BANKNIFTY-II.NFO,09/12/2024,09:40:49,53979,53963.45,60,53979.6,60,0,376245
BANKNIFTY-II.NFO,09/12/2024,09:40:51,53979,53970.65,60,53987.8,60,0,376245
BANKNIFTY-II.NFO,09/12/2024,09:40:53,53974.8,53979,15,53987.2,60,45,376245
BANKNIFTY-II.NFO,09/12/2024,09:40:54,53990,53979.35,45,53990.1,225,15,376245
BANKNIFTY-II.NFO,09/12/2024,09:40:56,53990,53987.3,30,53990.1,225,0,376245
BANKNIFTY-II.NFO,09/12/2024,09:40:58,53990.1,53990.75,30,53999,15,225,376245
BANKNIFTY-II.NFO,09/12/2024,09:40:59,53990.1,53989.65,30,53999,15,0,376245
BANKNIFTY-II.NFO,09/12/2024,09:41:01,53990.1,53989.7,30,53999,15,0,376245
BANKNIFTY-II.NFO,09/12/2024,09:41:03,53990.1,53989.7,45,53999,15,0,376245
BANKNIFTY-II.NFO,09/12/2024,09:41:04,53999,53997.5,30,54010,15,15,376245
BANKNIFTY-II.NFO,09/12/2024,09:41:06,53999,54000.15,30,54010,15,0,376245
BANKNIFTY-II.NFO,09/12/2024,09:41:08,54003.85,54000.2,15,54010,15,15,376245
BANKNIFTY-II.NFO,09/12/2024,09:41:09,54010,54000.2,15,54007.05,30,15,376245
BANKNIFTY-II.NFO,09/12/2024,09:41:11,54009.25,54000.2,15,54010.55,60,15,376245
BANKNIFTY-II.NFO,09/12/2024,09:41:13,54009.25,54000.2,15,54006.55,60,0,376245
BANKNIFTY-II.NFO,09/12/2024,09:41:14,54009.25,54000.2,15,54008.65,30,0,376245
BANKNIFTY-II.NFO,09/12/2024,09:41:16,54008.9,54000.2,15,54009.5,90,15,376245
BANKNIFTY-II.NFO,09/12/2024,09:41:18,54008.65,53999.55,30,54012.95,60,15,376245
BANKNIFTY-II.NFO,09/12/2024,09:41:19,54007.95,53999.5,30,54011.55,60,15,376245
BANKNIFTY-II.NFO,09/12/2024,09:41:21,54007.95,53999.8,30,54010.6,60,0,376245
BANKNIFTY-II.NFO,09/12/2024,09:41:23,54010.4,54002.45,30,54013,45,30,376245
BANKNIFTY-II.NFO,09/12/2024,09:41:24,54010.4,53996.1,45,54011.1,30,0,376245
BANKNIFTY-II.NFO,09/12/2024,09:41:26,54010.4,53994.05,15,54003.8,45,0,376245
BANKNIFTY-II.NFO,09/12/2024,09:41:28,54008.2,53998.65,30,54009.15,75,45,376245
BANKNIFTY-II.NFO,09/12/2024,09:41:29,54008.2,54007.95,75,54013,75,0,376245
BANKNIFTY-II.NFO,09/12/2024,09:41:31,54007.95,54007.95,30,54016.7,60,45,376245
BANKNIFTY-II.NFO,09/12/2024,09:41:33,54016.9,53999.2,30,54016.2,60,45,376245
BANKNIFTY-II.NFO,09/12/2024,09:41:34,54016.9,54006,30,54016.75,120,0,376245
BANKNIFTY-II.NFO,09/12/2024,09:41:36,54016.9,54007.9,30,54018.2,60,0,376245
BANKNIFTY-II.NFO,09/12/2024,09:41:38,54016.9,54013.3,30,54029.9,60,0,376245
BANKNIFTY-II.NFO,09/12/2024,09:41:39,54016.9,54014.05,15,54025.7,60,0,376245
BANKNIFTY-II.NFO,09/12/2024,09:41:41,54016.9,54012.6,30,54023,60,0,376245
BANKNIFTY-II.NFO,09/12/2024,09:41:43,54025.15,54013.1,30,54025.9,60,15,376245
BANKNIFTY-II.NFO,09/12/2024,09:41:45,54021.75,54009.2,15,54020.3,120,15,376245
BANKNIFTY-II.NFO,09/12/2024,09:41:46,54021.75,54009.2,15,54018.95,120,0,376245
BANKNIFTY-II.NFO,09/12/2024,09:41:48,54021.75,54010.05,15,54018.9,120,0,376245
BANKNIFTY-II.NFO,09/12/2024,09:41:50,54019.5,54010.05,15,54019.05,75,15,376245
BANKNIFTY-II.NFO,09/12/2024,09:41:51,54019.5,54010.05,15,54018.65,105,0,376245
BANKNIFTY-II.NFO,09/12/2024,09:41:53,54019.5,54010.05,15,54016.9,75,0,376245
BANKNIFTY-II.NFO,09/12/2024,09:41:55,54019.5,54009.25,15,54011.7,105,0,376245
BANKNIFTY-II.NFO,09/12/2024,09:41:56,54010.15,54009.2,15,54013.1,75,15,376245
BANKNIFTY-II.NFO,09/12/2024,09:41:58,54013.1,54009.2,15,54015,120,15,376245
BANKNIFTY-II.NFO,09/12/2024,09:42:00,54013.1,54009.2,15,54016.25,105,0,376245
BANKNIFTY-II.NFO,09/12/2024,09:42:01,54009.2,53987.7,120,54006.5,105,15,376245
BANKNIFTY-II.NFO,09/12/2024,09:42:03,54009.2,53988.9,120,54004.8,105,0,376245
BANKNIFTY-II.NFO,09/12/2024,09:42:05,54009.2,53988.1,135,54003.25,105,0,376245
BANKNIFTY-II.NFO,09/12/2024,09:42:06,54009.2,53980.05,15,53995.5,105,0,376245
BANKNIFTY-II.NFO,09/12/2024,09:42:08,53994.55,53980.05,15,53993.45,75,30,376245
BANKNIFTY-II.NFO,09/12/2024,09:42:10,53970.1,53971.35,135,53987.3,75,30,376245
BANKNIFTY-II.NFO,09/12/2024,09:42:11,53970.1,53974.05,15,53983.9,75,0,376245
BANKNIFTY-II.NFO,09/12/2024,09:42:13,53982.8,53970.1,120,53984.65,60,30,376245
BANKNIFTY-II.NFO,09/12/2024,09:42:14,53980,53965.05,120,53979.5,60,15,376245
BANKNIFTY-II.NFO,09/12/2024,09:42:16,53980,53971.25,30,53983.2,60,0,376245
BANKNIFTY-II.NFO,09/12/2024,09:42:18,53980,53971.1,30,53978.4,60,0,376245
BANKNIFTY-II.NFO,09/12/2024,09:42:19,53980,53971.1,30,53978.65,75,0,376245
BANKNIFTY-II.NFO,09/12/2024,09:42:21,53976.75,53971.1,30,53977.1,15,15,376245
BANKNIFTY-II.NFO,09/12/2024,09:42:23,53976.75,53972.1,15,53981.8,45,0,376245
BANKNIFTY-II.NFO,09/12/2024,09:42:24,53972.15,53972.1,15,53974.7,30,45,376245
BANKNIFTY-II.NFO,09/12/2024,09:42:26,53972.15,53971.15,15,53977,105,0,376245
BANKNIFTY-II.NFO,09/12/2024,09:42:27,53980.1,53971.2,15,53975.7,105,15,376245
BANKNIFTY-II.NFO,09/12/2024,09:42:29,53980.1,53971.25,15,53975.85,105,0,376245
BANKNIFTY-II.NFO,09/12/2024,09:42:31,53980.1,53971.25,15,53978.6,75,0,376245
BANKNIFTY-II.NFO,09/12/2024,09:42:32,53972.45,53971.35,15,53983.8,30,150,376875
BANKNIFTY-II.NFO,09/12/2024,09:42:34,53972.45,53971.35,15,53981.5,15,0,376875
BANKNIFTY-II.NFO,09/12/2024,09:42:36,53971.35,53971.85,15,53978.45,75,105,376875
BANKNIFTY-II.NFO,09/12/2024,09:42:37,53971.35,53971.9,15,53975.8,15,0,376875
BANKNIFTY-II.NFO,09/12/2024,09:42:39,53971.35,53972,15,53975.6,60,0,376875
BANKNIFTY-II.NFO,09/12/2024,09:42:41,53971.35,53972.05,15,53974.5,15,0,376875
BANKNIFTY-II.NFO,09/12/2024,09:42:42,53975,53972.05,15,53974.15,15,45,376875
BANKNIFTY-II.NFO,09/12/2024,09:42:44,53975,53972.1,15,53974.6,75,0,376875
BANKNIFTY-II.NFO,09/12/2024,09:42:46,53975,53972.15,30,53973.75,75,0,376875
BANKNIFTY-II.NFO,09/12/2024,09:42:47,53975,53972.15,30,53977.55,75,0,376875
BANKNIFTY-II.NFO,09/12/2024,09:42:49,53975,53972.25,15,53976.95,75,0,376875
BANKNIFTY-II.NFO,09/12/2024,09:42:50,53975,53972.35,30,53973.3,105,0,376875
BANKNIFTY-II.NFO,09/12/2024,09:42:52,53975,53972.4,15,53972.65,75,0,376875
BANKNIFTY-II.NFO,09/12/2024,09:42:54,53971.9,53965,30,53969.4,15,105,376875
BANKNIFTY-II.NFO,09/12/2024,09:42:55,53968.65,53965,30,53968.9,15,30,376875
BANKNIFTY-II.NFO,09/12/2024,09:42:57,53963.05,53960,105,53963.7,60,45,376875
BANKNIFTY-II.NFO,09/12/2024,09:42:59,53969,53960.05,30,53965,75,45,376875
BANKNIFTY-II.NFO,09/12/2024,09:43:00,53969,53963.7,15,53968.05,15,0,376875
BANKNIFTY-II.NFO,09/12/2024,09:43:02,53960,53955.1,15,53957.7,75,165,376875
BANKNIFTY-II.NFO,09/12/2024,09:43:04,53953.95,53953.95,15,53960.85,75,90,376875
BANKNIFTY-II.NFO,09/12/2024,09:43:05,53962.75,53952.35,30,53964.4,45,135,376875
BANKNIFTY-II.NFO,09/12/2024,09:43:07,53962.75,53952.35,30,53960.85,45,0,376875
BANKNIFTY-II.NFO,09/12/2024,09:43:09,53962.75,53955,150,53965.1,60,0,376875
BANKNIFTY-II.NFO,09/12/2024,09:43:10,53962.75,53955,150,53962.7,15,0,376875
BANKNIFTY-II.NFO,09/12/2024,09:43:12,53955,53955,135,53965.15,60,30,376875
BANKNIFTY-II.NFO,09/12/2024,09:43:14,53955,53957.85,30,53968.05,75,0,376875
BANKNIFTY-II.NFO,09/12/2024,09:43:15,53955,53959.45,135,53973.45,75,0,376875
BANKNIFTY-II.NFO,09/12/2024,09:43:17,53955,53959.95,120,53973.2,75,0,376875
BANKNIFTY-II.NFO,09/12/2024,09:43:19,53973.2,53962.45,135,53977.05,75,30,376875
BANKNIFTY-II.NFO,09/12/2024,09:43:20,53973.2,53959.95,135,53973.5,75,0,376875
BANKNIFTY-II.NFO,09/12/2024,09:43:22,53973.2,53959.9,30,53969.55,75,0,376875
BANKNIFTY-II.NFO,09/12/2024,09:43:24,53973.2,53959.9,30,53966.6,75,0,376875
BANKNIFTY-II.NFO,09/12/2024,09:43:25,53973.2,53955,420,53962.9,60,0,376875
BANKNIFTY-II.NFO,09/12/2024,09:43:27,53973.2,53956.8,30,53964.8,60,0,376875
BANKNIFTY-II.NFO,09/12/2024,09:43:29,53973.2,53956.85,15,53964.45,15,0,376875
BANKNIFTY-II.NFO,09/12/2024,09:43:30,53973.2,53957.6,30,53963,75,0,376875
BANKNIFTY-II.NFO,09/12/2024,09:43:32,53956.85,53956.8,30,53956.85,45,15,376875
BANKNIFTY-II.NFO,09/12/2024,09:43:34,53955,53955,375,53957.4,75,45,376875
BANKNIFTY-II.NFO,09/12/2024,09:43:35,53955,53955,375,53956.5,60,0,376875
BANKNIFTY-II.NFO,09/12/2024,09:43:37,53955,53950,45,53952.35,60,375,376875
BANKNIFTY-II.NFO,09/12/2024,09:43:39,53955,53950,45,53951.25,75,0,376875
BANKNIFTY-II.NFO,09/12/2024,09:43:40,53945.5,53936.3,15,53945.35,15,135,376875
BANKNIFTY-II.NFO,09/12/2024,09:43:42,53940.6,53937.35,30,53942.4,75,15,376875
BANKNIFTY-II.NFO,09/12/2024,09:43:44,53940.6,53938.05,15,53944.1,75,0,376875
BANKNIFTY-II.NFO,09/12/2024,09:43:45,53940.6,53936.3,15,53938.05,30,0,376875
BANKNIFTY-II.NFO,09/12/2024,09:43:50,53935,53930,30,53935.8,150,45,376875
BANKNIFTY-II.NFO,09/12/2024,09:43:52,53930,53929.9,15,53938.4,60,30,376875
BANKNIFTY-II.NFO,09/12/2024,09:43:54,53930,53934.85,30,53942.05,60,0,376875
BANKNIFTY-II.NFO,09/12/2024,09:43:55,53930,53936.45,30,53942.6,75,0,376875
BANKNIFTY-II.NFO,09/12/2024,09:43:57,53942.6,53939.1,30,53947.7,60,45,376875
BANKNIFTY-II.NFO,09/12/2024,09:43:59,53947.7,53939.1,15,53948,15,30,376875
BANKNIFTY-II.NFO,09/12/2024,09:44:00,53947.7,53934.35,30,53944.4,150,0,376875
BANKNIFTY-II.NFO,09/12/2024,09:44:02,53947.7,53932.05,15,53941.7,15,0,376875
BANKNIFTY-II.NFO,09/12/2024,09:44:04,53947.7,53930,60,53934.7,150,0,376875
BANKNIFTY-II.NFO,09/12/2024,09:44:05,53913.5,53928.6,30,53934.85,15,915,376875
BANKNIFTY-II.NFO,09/12/2024,09:44:07,53942.6,53930.05,15,53938.2,45,30,376875
BANKNIFTY-II.NFO,09/12/2024,09:44:09,53942.6,53930,15,53937.05,135,0,376875
BANKNIFTY-II.NFO,09/12/2024,09:44:11,53942.6,53932.05,15,53938.3,135,0,376875
BANKNIFTY-II.NFO,09/12/2024,09:44:12,53937.45,53928.05,15,53938,120,15,376875
BANKNIFTY-II.NFO,09/12/2024,09:44:14,53937.45,53932.05,15,53939.05,45,0,376875
BANKNIFTY-II.NFO,09/12/2024,09:44:15,53937.45,53931.5,30,53939.7,165,0,376875
BANKNIFTY-II.NFO,09/12/2024,09:44:17,53937.45,53932.6,30,53940.2,150,0,376875
BANKNIFTY-II.NFO,09/12/2024,09:44:19,53937.45,53934.05,15,53941.6,150,0,376875
BANKNIFTY-II.NFO,09/12/2024,09:44:20,53937.45,53932.05,15,53937.9,30,0,376875
BANKNIFTY-II.NFO,09/12/2024,09:44:22,53946.35,53932.05,30,53947.1,30,15,376875
BANKNIFTY-II.NFO,09/12/2024,09:44:24,53946.35,53930.2,30,53947.15,30,0,376875
BANKNIFTY-II.NFO,09/12/2024,09:44:25,53946.35,53934.05,30,53947.65,30,0,376875
BANKNIFTY-II.NFO,09/12/2024,09:44:27,53946.35,53932.05,30,53947.45,30,0,376875
BANKNIFTY-II.NFO,09/12/2024,09:44:29,53946.35,53926.95,45,53944.35,45,0,376875
BANKNIFTY-II.NFO,09/12/2024,09:44:30,53946.35,53926.05,30,53941.2,30,0,376875
BANKNIFTY-II.NFO,09/12/2024,09:44:32,53946.35,53934.05,15,53943.8,30,0,376875
BANKNIFTY-II.NFO,09/12/2024,09:44:34,53946.35,53937.25,30,53945.1,30,0,376875
BANKNIFTY-II.NFO,09/12/2024,09:44:35,53946.35,53935.8,30,53940,15,0,376875
BANKNIFTY-II.NFO,09/12/2024,09:44:37,53946.35,53934.05,15,53940,15,0,376875
BANKNIFTY-II.NFO,09/12/2024,09:44:39,53946.35,53933.8,30,53940,15,0,376875
BANKNIFTY-II.NFO,09/12/2024,09:44:40,53940,53940,30,53947.1,30,15,376875
BANKNIFTY-II.NFO,09/12/2024,09:44:42,53947.1,53934.05,30,53947.7,15,30,376875
BANKNIFTY-II.NFO,09/12/2024,09:44:44,53947.1,53940.05,30,53946.15,45,0,376875
BANKNIFTY-II.NFO,09/12/2024,09:44:45,53961.4,53956.05,15,53963.85,30,315,376875
BANKNIFTY-II.NFO,09/12/2024,09:44:47,53962.55,53952.05,15,53963.1,90,45,376875
BANKNIFTY-II.NFO,09/12/2024,09:44:49,53962.55,53950.05,15,53962.3,120,0,376875
BANKNIFTY-II.NFO,09/12/2024,09:44:50,53962.55,53946.05,30,53961,30,0,376875
BANKNIFTY-II.NFO,09/12/2024,09:44:52,53962.55,53953.25,30,53959.75,45,0,376875
BANKNIFTY-II.NFO,09/12/2024,09:44:54,53962.55,53944.05,15,53956.9,120,0,376875
BANKNIFTY-II.NFO,09/12/2024,09:44:55,53941,53940.05,15,53949.55,45,15,376875
BANKNIFTY-II.NFO,09/12/2024,09:44:57,53941,53940,15,53941,15,0,376875
BANKNIFTY-II.NFO,09/12/2024,09:44:59,53941,53932.05,15,53942.5,120,30,376875
BANKNIFTY-II.NFO,09/12/2024,09:45:00,53941,53926.05,15,53938.65,120,0,376875
BANKNIFTY-II.NFO,09/12/2024,09:45:02,53941,53916.05,15,53928.2,30,0,376875
BANKNIFTY-II.NFO,09/12/2024,09:45:04,53941,53927.3,45,53934.15,120,0,376875
BANKNIFTY-II.NFO,09/12/2024,09:45:05,53926.05,53921.5,30,53940.15,120,60,376875
BANKNIFTY-II.NFO,09/12/2024,09:45:07,53926.05,53926.45,30,53940,15,0,376875
BANKNIFTY-II.NFO,09/12/2024,09:45:09,53926.05,53920.3,45,53936.3,120,0,376875
BANKNIFTY-II.NFO,09/12/2024,09:45:10,53949.75,53934.9,60,53950.8,90,45,376875
BANKNIFTY-II.NFO,09/12/2024,09:45:12,53949.75,53937.15,60,53954.2,120,0,376875
BANKNIFTY-II.NFO,09/12/2024,09:45:14,53949.75,53938.35,60,53953.45,30,0,376875
BANKNIFTY-II.NFO,09/12/2024,09:45:15,53938.5,53946.3,30,53955.5,120,15,376875
BANKNIFTY-II.NFO,09/12/2024,09:45:17,53938.5,53949.5,30,53957.65,120,0,376875
BANKNIFTY-II.NFO,09/12/2024,09:45:19,53938.5,53949.5,30,53962.75,120,0,376875
BANKNIFTY-II.NFO,09/12/2024,09:45:20,53961.5,53954.35,30,53962.75,45,135,376875
BANKNIFTY-II.NFO,09/12/2024,09:45:22,53961.5,53954.65,30,53964.6,75,0,376875
BANKNIFTY-II.NFO,09/12/2024,09:45:24,53961.5,53957.35,120,53973,75,0,376875
BANKNIFTY-II.NFO,09/12/2024,09:45:25,53961.5,53956.9,120,53972.7,75,0,376875
BANKNIFTY-II.NFO,09/12/2024,09:45:27,53961.5,53959.3,120,53975.75,75,0,376875
BANKNIFTY-II.NFO,09/12/2024,09:45:29,53961.5,53957.75,135,53972.85,75,0,376875
BANKNIFTY-II.NFO,09/12/2024,09:45:30,53961.5,53965.8,30,53978.75,75,0,376875
BANKNIFTY-II.NFO,09/12/2024,09:45:32,53961.5,53972.5,30,53981.1,75,0,376875
BANKNIFTY-II.NFO,09/12/2024,09:45:34,53961.5,53961.25,135,53977.45,75,0,376875
BANKNIFTY-II.NFO,09/12/2024,09:45:35,53961.5,53965.55,30,53972.7,150,0,376875
BANKNIFTY-II.NFO,09/12/2024,09:45:37,53975.35,53967.9,30,53980.9,60,15,377730
BANKNIFTY-II.NFO,09/12/2024,09:45:39,53975.35,53967.9,30,53980.75,60,0,377730
BANKNIFTY-II.NFO,09/12/2024,09:45:40,53975.35,53961,120,53977,45,0,377730
BANKNIFTY-II.NFO,09/12/2024,09:45:42,53975.35,53960.7,120,53976.75,60,0,377730
BANKNIFTY-II.NFO,09/12/2024,09:45:44,53973.35,53968.1,30,53975.7,45,60,377730
BANKNIFTY-II.NFO,09/12/2024,09:45:45,53975,53955.35,135,53973.05,60,30,377730
BANKNIFTY-II.NFO,09/12/2024,09:45:47,53975,53960.6,135,53974.9,60,0,377730
BANKNIFTY-II.NFO,09/12/2024,09:45:49,53975,53955.5,120,53974.3,75,0,377730
BANKNIFTY-II.NFO,09/12/2024,09:45:50,53975,53967.85,30,53975.7,15,0,377730
BANKNIFTY-II.NFO,09/12/2024,09:45:52,53975,53965.4,135,53979.75,15,0,377730
BANKNIFTY-II.NFO,09/12/2024,09:45:54,53961.1,53962.05,30,53976.5,90,60,377730
BANKNIFTY-II.NFO,09/12/2024,09:45:55,53961.1,53969.85,30,53979.65,90,0,377730
BANKNIFTY-II.NFO,09/12/2024,09:45:57,53961.1,53970.55,30,53978.25,90,0,377730
BANKNIFTY-II.NFO,09/12/2024,09:45:59,53961.1,53970.55,30,53977.5,90,0,377730
BANKNIFTY-II.NFO,09/12/2024,09:46:01,53961.1,53971.1,135,53985.25,15,0,377730
BANKNIFTY-II.NFO,09/12/2024,09:46:02,53961.1,53970.8,30,53985.35,90,0,377730
BANKNIFTY-II.NFO,09/12/2024,09:46:04,53961.1,53970.8,30,53980.65,90,0,377730
BANKNIFTY-II.NFO,09/12/2024,09:46:06,53980.15,53963.8,120,53979.7,75,15,377730
BANKNIFTY-II.NFO,09/12/2024,09:46:07,53963.9,53961.05,120,53977,75,60,377730
BANKNIFTY-II.NFO,09/12/2024,09:46:09,53963.9,53971.25,30,53980.9,75,0,377730
BANKNIFTY-II.NFO,09/12/2024,09:46:10,53963.9,53978.3,120,53993.2,75,0,377730
BANKNIFTY-II.NFO,09/12/2024,09:46:12,53963.9,53976.1,135,53991.45,75,0,377730
BANKNIFTY-II.NFO,09/12/2024,09:46:14,53963.9,53972.3,120,53988.1,75,0,377730
BANKNIFTY-II.NFO,09/12/2024,09:46:15,53963.9,53973.35,135,53988.9,75,0,377730
BANKNIFTY-II.NFO,09/12/2024,09:46:17,53988.75,53973.85,120,53989.2,105,60,377730
BANKNIFTY-II.NFO,09/12/2024,09:46:19,53988.75,53974.05,135,53989.9,105,0,377730
BANKNIFTY-II.NFO,09/12/2024,09:46:20,53988.75,53983.35,30,53991.85,105,0,377730
BANKNIFTY-II.NFO,09/12/2024,09:46:22,53988.75,53981.1,30,53991.1,105,0,377730
BANKNIFTY-II.NFO,09/12/2024,09:46:24,53988.75,53983.5,30,53991.9,105,0,377730
BANKNIFTY-II.NFO,09/12/2024,09:46:25,53988.75,53984.65,30,53994.3,105,0,377730
BANKNIFTY-II.NFO,09/12/2024,09:46:27,53988.75,53989.4,30,53996.8,105,0,377730
BANKNIFTY-II.NFO,09/12/2024,09:46:29,53988.75,53976.7,135,53992,105,0,377730
BANKNIFTY-II.NFO,09/12/2024,09:46:30,53988.75,53985.8,30,53993.7,105,0,377730
BANKNIFTY-II.NFO,09/12/2024,09:46:32,53990.25,53973.6,60,53987.6,30,105,377730
BANKNIFTY-II.NFO,09/12/2024,09:46:34,53990.25,53980,15,53991.7,30,0,377730
BANKNIFTY-II.NFO,09/12/2024,09:46:35,53990.25,53980,15,53986.65,30,0,377730
BANKNIFTY-II.NFO,09/12/2024,09:46:37,53985.25,53980,15,53986.05,15,15,377730
BANKNIFTY-II.NFO,09/12/2024,09:46:39,53986.6,53980,15,53988.7,30,30,377730
BANKNIFTY-II.NFO,09/12/2024,09:46:40,53986.6,53990.25,15,53991.5,45,0,377730
BANKNIFTY-II.NFO,09/12/2024,09:46:42,53986.6,53990.25,120,53994.7,30,0,377730
BANKNIFTY-II.NFO,09/12/2024,09:46:44,53986.6,53990.25,120,53999.85,120,0,377730
BANKNIFTY-II.NFO,09/12/2024,09:46:45,53986.6,53990.25,120,53998.75,45,0,377730
BANKNIFTY-II.NFO,09/12/2024,09:46:47,53998.8,53990.25,120,53998.9,30,120,377730
BANKNIFTY-II.NFO,09/12/2024,09:46:49,53998.8,53990.25,120,53998.15,150,0,377730
BANKNIFTY-II.NFO,09/12/2024,09:46:50,53998.8,53992.5,30,54000,15,0,377730
BANKNIFTY-II.NFO,09/12/2024,09:46:52,54000,53998.2,135,54013.6,30,15,377730
BANKNIFTY-II.NFO,09/12/2024,09:46:54,54021.35,54013.95,120,54029.7,150,15,377730
BANKNIFTY-II.NFO,09/12/2024,09:46:55,54030,54015.35,120,54032.2,15,15,377730
BANKNIFTY-II.NFO,09/12/2024,09:46:57,54018.05,54020.05,15,54031.9,150,15,377730
BANKNIFTY-II.NFO,09/12/2024,09:46:59,54018.05,54020.05,15,54032.85,15,0,377730
BANKNIFTY-II.NFO,09/12/2024,09:47:00,54018.05,54022.05,15,54032.95,15,0,377730
BANKNIFTY-II.NFO,09/12/2024,09:47:02,54028.7,54024.05,15,54036.25,15,15,377730
BANKNIFTY-II.NFO,09/12/2024,09:47:04,54024.05,54024.05,15,54034.4,15,30,377730
BANKNIFTY-II.NFO,09/12/2024,09:47:05,54030,54015,15,54027.7,30,30,377730
BANKNIFTY-II.NFO,09/12/2024,09:47:07,54030,54018.05,15,54029.7,30,0,377730
BANKNIFTY-II.NFO,09/12/2024,09:47:09,54030,54015,15,54021.85,15,0,377730
BANKNIFTY-II.NFO,09/12/2024,09:47:11,54015,54000.65,15,54014.7,30,15,377730
BANKNIFTY-II.NFO,09/12/2024,09:47:12,54015,54006.05,15,54016.65,15,0,377730
BANKNIFTY-II.NFO,09/12/2024,09:47:14,54015,54004.05,15,54015.55,75,0,377730
BANKNIFTY-II.NFO,09/12/2024,09:47:16,54015,54007.7,30,54017.7,45,0,377730
BANKNIFTY-II.NFO,09/12/2024,09:47:17,54015,54015,15,54019.7,15,0,377730
BANKNIFTY-II.NFO,09/12/2024,09:47:19,54000.1,53998.5,120,54013.3,15,60,377730
BANKNIFTY-II.NFO,09/12/2024,09:47:21,54000.1,54002.05,15,54008.05,15,0,377730
BANKNIFTY-II.NFO,09/12/2024,09:47:22,54000.1,53990.25,120,54001.2,30,0,377730
BANKNIFTY-II.NFO,09/12/2024,09:47:24,54000.1,53994.05,15,54002.9,30,0,377730
BANKNIFTY-II.NFO,09/12/2024,09:47:26,54000.1,53998.05,15,54006.3,105,0,377730
BANKNIFTY-II.NFO,09/12/2024,09:47:27,54000.1,53992.1,15,54005.9,30,0,377730
BANKNIFTY-II.NFO,09/12/2024,09:47:29,54005.9,53996.3,30,54006,90,15,377730
BANKNIFTY-II.NFO,09/12/2024,09:47:31,54005.9,53996.5,30,54007.95,15,0,377730
BANKNIFTY-II.NFO,09/12/2024,09:47:32,53996.5,53996.5,15,54006.35,15,15,377730
BANKNIFTY-II.NFO,09/12/2024,09:47:34,53996.5,53990.25,120,54001.9,90,0,377730
BANKNIFTY-II.NFO,09/12/2024,09:47:36,53996.5,53990.25,120,54001.95,75,0,377730
BANKNIFTY-II.NFO,09/12/2024,09:47:37,54007.55,53998.05,15,54010.1,30,60,377730
BANKNIFTY-II.NFO,09/12/2024,09:47:39,53998.05,53996.05,15,54008.4,30,15,377730
BANKNIFTY-II.NFO,09/12/2024,09:47:41,53994.1,54002.1,120,54016.65,15,30,377730
BANKNIFTY-II.NFO,09/12/2024,09:47:42,53994.1,54002.05,15,54016.15,15,0,377730
BANKNIFTY-II.NFO,09/12/2024,09:47:44,53994.1,54006.2,120,54019.4,30,0,377730
BANKNIFTY-II.NFO,09/12/2024,09:47:46,53994.1,54002.75,135,54010,15,0,377730
BANKNIFTY-II.NFO,09/12/2024,09:47:47,53994.1,54000.85,135,54010,15,0,377730
BANKNIFTY-II.NFO,09/12/2024,09:47:49,54010,54010.05,15,54020,15,15,377730
BANKNIFTY-II.NFO,09/12/2024,09:47:51,54010,54008.05,15,54017.75,15,0,377730
BANKNIFTY-II.NFO,09/12/2024,09:47:52,54010,53998.1,135,54011.3,15,0,377730
BANKNIFTY-II.NFO,09/12/2024,09:47:54,53990.25,53990.25,105,53998.05,30,15,377730
BANKNIFTY-II.NFO,09/12/2024,09:47:56,53990.25,53992.25,30,53998.2,30,0,377730
BANKNIFTY-II.NFO,09/12/2024,09:47:57,53990.25,53992.05,15,54002.15,15,0,377730
BANKNIFTY-II.NFO,09/12/2024,09:47:59,53990.25,53993.05,30,54002.85,15,0,377730
BANKNIFTY-II.NFO,09/12/2024,09:48:01,53990.25,53994.05,15,54001.85,150,0,377730
BANKNIFTY-II.NFO,09/12/2024,09:48:02,53994.05,53993.1,30,54002.2,30,15,377730
BANKNIFTY-II.NFO,09/12/2024,09:48:04,53994.05,53996.05,15,54005.35,15,0,377730
BANKNIFTY-II.NFO,09/12/2024,09:48:06,53994.05,53990.25,105,54002.1,30,0,377730
BANKNIFTY-II.NFO,09/12/2024,09:48:07,53994.05,53990.25,105,54001.15,15,0,377730
BANKNIFTY-II.NFO,09/12/2024,09:48:09,53994.05,53993.8,30,54001.9,30,0,377730
BANKNIFTY-II.NFO,09/12/2024,09:48:11,53994.05,53993.8,30,54007.5,15,0,377730
BANKNIFTY-II.NFO,09/12/2024,09:48:12,53993.8,53993.8,15,54005.6,15,30,377730
BANKNIFTY-II.NFO,09/12/2024,09:48:14,53993.8,53994.3,30,54003.35,30,0,377730
BANKNIFTY-II.NFO,09/12/2024,09:48:16,53993.8,53990.25,105,54001,15,0,377730
BANKNIFTY-II.NFO,09/12/2024,09:48:17,53993.8,53990.25,105,53999.55,15,0,377730
BANKNIFTY-II.NFO,09/12/2024,09:48:19,53993.8,53990.25,105,53998.55,75,0,377730
BANKNIFTY-II.NFO,09/12/2024,09:48:21,53995,53990.25,105,53997.3,15,15,377730
BANKNIFTY-II.NFO,09/12/2024,09:48:22,53995,53990.25,105,53996.85,120,0,377730
BANKNIFTY-II.NFO,09/12/2024,09:48:24,53995,53990.25,105,53994.75,15,0,377730
BANKNIFTY-II.NFO,09/12/2024,09:48:26,53990.1,53975.9,120,53990.45,15,135,377730
BANKNIFTY-II.NFO,09/12/2024,09:48:27,53990.1,53980.05,15,53990.85,15,0,377730
BANKNIFTY-II.NFO,09/12/2024,09:48:29,53990.1,53982.6,30,53994.5,150,0,377730
BANKNIFTY-II.NFO,09/12/2024,09:48:31,53990.1,53982.6,30,53992,15,0,377730
BANKNIFTY-II.NFO,09/12/2024,09:48:32,53990.1,53982.6,30,53992.5,150,0,377730
BANKNIFTY-II.NFO,09/12/2024,09:48:34,53990.1,53982.6,30,53995.15,15,0,377730
BANKNIFTY-II.NFO,09/12/2024,09:48:36,53990,53989.15,120,54003.95,15,15,378210
BANKNIFTY-II.NFO,09/12/2024,09:48:37,53990,53989.8,30,53998.35,150,0,378210
BANKNIFTY-II.NFO,09/12/2024,09:48:39,53990,53984.05,15,53998,15,0,378210
BANKNIFTY-II.NFO,09/12/2024,09:48:41,53990,53988.6,30,53997.75,15,0,378210
BANKNIFTY-II.NFO,09/12/2024,09:48:42,53990,53991.6,30,54001,15,0,378210
BANKNIFTY-II.NFO,09/12/2024,09:48:44,53990,53988.1,120,54001.1,15,0,378210
BANKNIFTY-II.NFO,09/12/2024,09:48:46,53990,53992.8,30,54004.65,15,0,378210
BANKNIFTY-II.NFO,09/12/2024,09:48:47,53990,53998.05,15,54007.8,15,0,378210
BANKNIFTY-II.NFO,09/12/2024,09:48:49,53990,53992.4,120,54006.9,15,0,378210
BANKNIFTY-II.NFO,09/12/2024,09:48:51,53990,53994,30,54002.25,30,0,378210
BANKNIFTY-II.NFO,09/12/2024,09:48:52,53990,53994,30,54004.85,15,0,378210
BANKNIFTY-II.NFO,09/12/2024,09:48:54,53990,53996.7,30,54004.85,15,0,378210
BANKNIFTY-II.NFO,09/12/2024,09:48:56,53990,53992.15,30,54003.9,150,0,378210
BANKNIFTY-II.NFO,09/12/2024,09:48:57,53990,53995.3,30,54004.15,150,0,378210
BANKNIFTY-II.NFO,09/12/2024,09:48:59,53990,53994.7,30,54004.6,30,0,378210
BANKNIFTY-II.NFO,09/12/2024,09:49:01,53994.7,53994.85,15,54006.85,30,15,378210
BANKNIFTY-II.NFO,09/12/2024,09:49:02,53994.7,53990.05,15,54000,150,0,378210
BANKNIFTY-II.NFO,09/12/2024,09:49:04,54000,53996.05,15,54009.3,150,150,378210
BANKNIFTY-II.NFO,09/12/2024,09:49:06,54000,53998.05,15,54010.1,150,0,378210
BANKNIFTY-II.NFO,09/12/2024,09:49:07,54000,53996.95,30,54006.55,150,0,378210
BANKNIFTY-II.NFO,09/12/2024,09:49:09,54000,53992.05,15,54004.45,15,0,378210
BANKNIFTY-II.NFO,09/12/2024,09:49:11,54000,54000.05,15,54008.45,150,0,378210
BANKNIFTY-II.NFO,09/12/2024,09:49:12,54000.05,53990.1,120,54000,135,15,378210
BANKNIFTY-II.NFO,09/12/2024,09:49:14,54000.05,53990.5,120,54000,135,0,378210
BANKNIFTY-II.NFO,09/12/2024,09:49:16,54000.05,53992.35,135,54000,135,0,378210
BANKNIFTY-II.NFO,09/12/2024,09:49:17,54000,53996.3,135,54011.5,150,135,378210
BANKNIFTY-II.NFO,09/12/2024,09:49:19,54000,53994,60,54007.35,15,0,378210
BANKNIFTY-II.NFO,09/12/2024,09:49:21,54000,53997.1,30,54008.25,15,0,378210
BANKNIFTY-II.NFO,09/12/2024,09:49:22,54000,54001.3,30,54010.2,15,0,378210
BANKNIFTY-II.NFO,09/12/2024,09:49:24,54000,53994.75,30,54008.8,15,0,378210
BANKNIFTY-II.NFO,09/12/2024,09:49:26,54000,53996.4,120,54010.55,15,0,378210
BANKNIFTY-II.NFO,09/12/2024,09:49:27,54000,54006.05,15,54018.95,15,0,378210
BANKNIFTY-II.NFO,09/12/2024,09:49:29,54000,54009.8,30,54019.75,15,0,378210
BANKNIFTY-II.NFO,09/12/2024,09:49:31,54000,54006.05,15,54018.7,15,0,378210
BANKNIFTY-II.NFO,09/12/2024,09:49:32,54000,54008.8,30,54019.2,150,0,378210
BANKNIFTY-II.NFO,09/12/2024,09:49:34,54000,54008.8,30,54019.95,15,0,378210
BANKNIFTY-II.NFO,09/12/2024,09:49:36,54000,54008.05,15,54018.8,15,0,378210
BANKNIFTY-II.NFO,09/12/2024,09:49:37,54000,54008.05,15,54018.75,15,0,378210
BANKNIFTY-II.NFO,09/12/2024,09:49:39,54000,54005.6,30,54015.7,15,0,378210
BANKNIFTY-II.NFO,09/12/2024,09:49:41,54000,54000,15,54010.1,15,0,378210
BANKNIFTY-II.NFO,09/12/2024,09:49:42,54000,54000,15,54003.25,15,0,378210
BANKNIFTY-II.NFO,09/12/2024,09:49:44,54000,54000,15,54003.65,15,0,378210
BANKNIFTY-II.NFO,09/12/2024,09:49:46,54000,53982.4,15,53997.35,30,15,378210
BANKNIFTY-II.NFO,09/12/2024,09:49:47,54000,53984.1,135,53999.65,90,0,378210
BANKNIFTY-II.NFO,09/12/2024,09:49:49,54000,53988.05,15,54001.15,15,0,378210
BANKNIFTY-II.NFO,09/12/2024,09:49:51,54000,53987.35,30,53997.9,15,0,378210
BANKNIFTY-II.NFO,09/12/2024,09:49:52,53997.2,53980.05,15,53993.1,75,15,378210
BANKNIFTY-II.NFO,09/12/2024,09:49:54,53997.2,53986.85,30,53994.6,150,0,378210
BANKNIFTY-II.NFO,09/12/2024,09:49:56,53997.2,53989.4,30,53995.7,150,0,378210
BANKNIFTY-II.NFO,09/12/2024,09:49:57,53997.2,53991.3,30,53998.85,150,0,378210
BANKNIFTY-II.NFO,09/12/2024,09:49:59,53997.2,53980.1,120,53994.3,150,0,378210
BANKNIFTY-II.NFO,09/12/2024,09:50:01,53997.2,53978.05,15,53991.95,150,0,378210
BANKNIFTY-II.NFO,09/12/2024,09:50:02,53997.2,53978.1,120,53992.1,150,0,378210
BANKNIFTY-II.NFO,09/12/2024,09:50:04,53997.2,53985.1,30,53994.35,15,0,378210
BANKNIFTY-II.NFO,09/12/2024,09:50:06,53997.2,53988.1,30,54002.25,30,0,378210
BANKNIFTY-II.NFO,09/12/2024,09:50:07,53997.2,53993.6,30,54002.5,150,0,378210
BANKNIFTY-II.NFO,09/12/2024,09:50:09,53997.2,53990.05,15,54001.25,150,0,378210
BANKNIFTY-II.NFO,09/12/2024,09:50:11,53997.2,53988.7,135,54003.35,150,0,378210
BANKNIFTY-II.NFO,09/12/2024,09:50:12,53997.2,53991.45,120,54006.3,150,0,378210
BANKNIFTY-II.NFO,09/12/2024,09:50:14,53997.2,53988.05,15,53999.5,150,0,378210
BANKNIFTY-II.NFO,09/12/2024,09:50:16,53997.2,53984.05,15,53995.15,150,0,378210
BANKNIFTY-II.NFO,09/12/2024,09:50:17,53997.2,53974.05,15,53985.8,30,0,378210
BANKNIFTY-II.NFO,09/12/2024,09:50:19,53997.2,53962.8,135,53979.05,30,0,378210
BANKNIFTY-II.NFO,09/12/2024,09:50:21,53997.2,53960,30,53972.2,150,0,378210
BANKNIFTY-II.NFO,09/12/2024,09:50:22,53997.2,53960.2,135,53974.85,150,0,378210
BANKNIFTY-II.NFO,09/12/2024,09:50:24,53997.2,53960.05,15,53972,150,0,378210
BANKNIFTY-II.NFO,09/12/2024,09:50:26,53997.2,53964.05,15,53978.4,150,0,378210
BANKNIFTY-II.NFO,09/12/2024,09:50:27,53997.2,53968.05,15,53980.85,180,0,378210
BANKNIFTY-II.NFO,09/12/2024,09:50:29,53997.2,53966.05,15,53975.95,150,0,378210
BANKNIFTY-II.NFO,09/12/2024,09:50:31,53997.2,53960.05,15,53972.45,75,0,378210
BANKNIFTY-II.NFO,09/12/2024,09:50:32,53997.2,53960,30,53969.1,150,0,378210
BANKNIFTY-II.NFO,09/12/2024,09:50:34,53997.2,53963.65,30,53971.65,150,0,378210
BANKNIFTY-II.NFO,09/12/2024,09:50:36,53997.2,53960.05,15,53971.5,150,0,378210
BANKNIFTY-II.NFO,09/12/2024,09:50:37,53997.2,53961.6,30,53969.8,150,0,378210
BANKNIFTY-II.NFO,09/12/2024,09:50:39,53997.2,53960,30,53967,75,0,378210
BANKNIFTY-II.NFO,09/12/2024,09:50:41,53997.2,53960,30,53969.65,150,0,378210
BANKNIFTY-II.NFO,09/12/2024,09:50:42,53997.2,53962.35,30,53968.65,150,0,378210
BANKNIFTY-II.NFO,09/12/2024,09:50:44,53997.2,53960,30,53966.1,150,0,378210
BANKNIFTY-II.NFO,09/12/2024,09:50:46,53997.2,53960,30,53960.75,150,0,378210
BANKNIFTY-II.NFO,09/12/2024,09:50:47,53960,53950.1,15,53960.45,120,30,378210
BANKNIFTY-II.NFO,09/12/2024,09:50:49,53960,53954.05,15,53966.55,75,0,378210
BANKNIFTY-II.NFO,09/12/2024,09:50:51,53960,53959.05,30,53966.95,120,0,378210
BANKNIFTY-II.NFO,09/12/2024,09:50:52,53966.95,53958.1,30,53966.85,105,15,378210
BANKNIFTY-II.NFO,09/12/2024,09:50:54,53966.95,53950.1,15,53960.95,105,0,378210
BANKNIFTY-II.NFO,09/12/2024,09:50:56,53966.95,53950.1,15,53962,105,0,378210
BANKNIFTY-II.NFO,09/12/2024,09:50:57,53966.95,53953.35,30,53962.9,105,0,378210
BANKNIFTY-II.NFO,09/12/2024,09:50:59,53966.95,53954.05,15,53964.4,105,0,378210
BANKNIFTY-II.NFO,09/12/2024,09:51:01,53966.95,53952.05,15,53965.85,30,0,378210
BANKNIFTY-II.NFO,09/12/2024,09:51:02,53966.95,53952.1,30,53961.05,75,0,378210
BANKNIFTY-II.NFO,09/12/2024,09:51:04,53966.95,53958.55,30,53965.15,105,0,378210
BANKNIFTY-II.NFO,09/12/2024,09:51:06,53963.4,53952.05,15,53964.05,15,15,378210
