Ticker,Date,Time,LTP,BuyPrice,BuyQty,SellPrice,SellQty,LTQ,OpenInterest
BANKNIFTY-III.NFO,13/02/2025,09:15:11,50483.55,50491.75,60,50579.25,150,210,56640
BANKNIFTY-III.NFO,13/02/2025,09:15:11,50500,50491.75,60,50579.25,150,0,56640
BANKNIFTY-III.NFO,13/02/2025,09:15:11,50500,50491.75,60,50579.25,150,0,56640
BANKNIFTY-III.NFO,13/02/2025,09:15:11,50483.55,50491.75,60,50579.25,150,0,56640
BANKNIFTY-III.NFO,13/02/2025,09:15:13,50500,50544.55,60,50594.3,60,0,56640
BANKNIFTY-III.NFO,13/02/2025,09:15:15,50500,50550.3,60,50579.1,30,0,56640
BANKNIFTY-III.NFO,13/02/2025,09:15:16,50500,50547.1,60,50570.95,300,0,56640
BANKNIFTY-III.NFO,13/02/2025,09:15:18,50500,50549.5,60,50573.15,240,0,56640
BANKNIFTY-III.NFO,13/02/2025,09:15:19,50500,50554.55,60,50582.5,60,0,56640
BANKNIFTY-III.NFO,13/02/2025,09:15:21,50500,50564.55,60,50595.7,30,0,56640
BANKNIFTY-III.NFO,13/02/2025,09:15:23,50500,50570.2,60,50575,30,0,56640
BANKNIFTY-III.NFO,13/02/2025,09:15:24,50500,50551.75,60,50575,30,0,56640
BANKNIFTY-III.NFO,13/02/2025,09:15:26,50500,50552.2,60,50575,30,0,56640
BANKNIFTY-III.NFO,13/02/2025,09:15:27,50500,50557.2,60,50575,30,0,56640
BANKNIFTY-III.NFO,13/02/2025,09:15:29,50500,50547.15,60,50569.2,30,0,56640
BANKNIFTY-III.NFO,13/02/2025,09:15:31,50500,50557.1,60,50575,30,0,56640
BANKNIFTY-III.NFO,13/02/2025,09:15:32,50500,50552.35,60,50575,30,0,56640
BANKNIFTY-III.NFO,13/02/2025,09:15:34,50500,50550.65,60,50570.9,150,0,56640
BANKNIFTY-III.NFO,13/02/2025,09:15:35,50550,50533.8,90,50557.7,150,30,56640
BANKNIFTY-III.NFO,13/02/2025,09:15:35,50550,50533.8,90,50557.7,150,0,56640
BANKNIFTY-III.NFO,13/02/2025,09:15:37,50550,50539.45,60,50562.25,150,0,56640
BANKNIFTY-III.NFO,13/02/2025,09:15:39,50550,50510.95,60,50531.55,150,0,56640
BANKNIFTY-III.NFO,13/02/2025,09:15:40,50550,50516.35,60,50531,150,0,56640
BANKNIFTY-III.NFO,13/02/2025,09:15:42,50550,50531.8,60,50569.75,150,0,56640
BANKNIFTY-III.NFO,13/02/2025,09:15:44,50550,50538.45,60,50565.9,150,0,56640
BANKNIFTY-III.NFO,13/02/2025,09:15:45,50550,50534.5,120,50565.65,30,0,56640
BANKNIFTY-III.NFO,13/02/2025,09:15:47,50550,50525.85,60,50559,150,0,56640
BANKNIFTY-III.NFO,13/02/2025,09:15:48,50550,50507.45,60,50535.55,240,0,56640
BANKNIFTY-III.NFO,13/02/2025,09:15:50,50550,50512.2,60,50543.1,150,0,56640
BANKNIFTY-III.NFO,13/02/2025,09:15:52,50550,50515.7,60,50544.8,30,0,56640
BANKNIFTY-III.NFO,13/02/2025,09:15:53,50550,50519.35,60,50551.8,150,0,56640
BANKNIFTY-III.NFO,13/02/2025,09:15:55,50550,50511.8,60,50543.7,150,0,56640
BANKNIFTY-III.NFO,13/02/2025,09:15:57,50550,50512.75,60,50545.5,150,0,56640
BANKNIFTY-III.NFO,13/02/2025,09:15:58,50550,50516.2,60,50547.6,150,0,56640
BANKNIFTY-III.NFO,13/02/2025,09:16:00,50550,50519.05,60,50549.95,30,0,56640
BANKNIFTY-III.NFO,13/02/2025,09:16:02,50550,50510.4,60,50538.5,150,0,56640
BANKNIFTY-III.NFO,13/02/2025,09:16:03,50550,50503.75,60,50537.8,150,0,56640
BANKNIFTY-III.NFO,13/02/2025,09:16:05,50550,50500.25,60,50523.7,180,0,56640
BANKNIFTY-III.NFO,13/02/2025,09:16:06,50550,50504.2,60,50529.5,150,0,56640
BANKNIFTY-III.NFO,13/02/2025,09:16:08,50550,50500.3,60,50527.8,150,0,56640
BANKNIFTY-III.NFO,13/02/2025,09:16:10,50500.25,50503.3,60,50532.95,60,300,56670
BANKNIFTY-III.NFO,13/02/2025,09:16:11,50500.25,50503.75,60,50530.75,60,0,56670
BANKNIFTY-III.NFO,13/02/2025,09:16:13,50500.25,50502.85,60,50530.3,60,0,56670
BANKNIFTY-III.NFO,13/02/2025,09:16:15,50506.1,50506.4,30,50534.05,60,30,56670
BANKNIFTY-III.NFO,13/02/2025,09:16:16,50506.1,50500.05,30,50532.3,60,0,56670
BANKNIFTY-III.NFO,13/02/2025,09:16:18,50506.1,50500.05,30,50524.35,60,0,56670
BANKNIFTY-III.NFO,13/02/2025,09:16:20,50506.1,50500.05,30,50517.1,90,0,56670
BANKNIFTY-III.NFO,13/02/2025,09:16:21,50500,50500,210,50514.8,90,60,56670
BANKNIFTY-III.NFO,13/02/2025,09:16:23,50500,50500.05,60,50524.3,90,0,56670
BANKNIFTY-III.NFO,13/02/2025,09:16:24,50500,50501.45,30,50525.75,60,0,56670
BANKNIFTY-III.NFO,13/02/2025,09:16:26,50500,50500.55,30,50526.75,60,0,56670
BANKNIFTY-III.NFO,13/02/2025,09:16:28,50500,50500.1,30,50525.2,60,0,56670
BANKNIFTY-III.NFO,13/02/2025,09:16:29,50500,50501.55,30,50528.2,60,0,56670
BANKNIFTY-III.NFO,13/02/2025,09:16:31,50500,50500.05,60,50522.4,60,0,56670
BANKNIFTY-III.NFO,13/02/2025,09:16:33,50500,50500.05,30,50517.25,90,0,56670
BANKNIFTY-III.NFO,13/02/2025,09:16:34,50500,50500,180,50500.05,90,0,56670
BANKNIFTY-III.NFO,13/02/2025,09:16:36,50500,50490,30,50500.05,90,180,56670
BANKNIFTY-III.NFO,13/02/2025,09:16:37,50500,50490,30,50500,60,0,56670
BANKNIFTY-III.NFO,13/02/2025,09:16:39,50490,50480.35,60,50500.05,90,30,56670
BANKNIFTY-III.NFO,13/02/2025,09:16:41,50490,50486.85,30,50500.05,90,0,56670
BANKNIFTY-III.NFO,13/02/2025,09:16:42,50490,50486.85,30,50511.25,90,0,56670
BANKNIFTY-III.NFO,13/02/2025,09:16:44,50490,50486.85,30,50509.7,90,0,56670
BANKNIFTY-III.NFO,13/02/2025,09:16:46,50490,50481.3,30,50504.95,90,0,56670
BANKNIFTY-III.NFO,13/02/2025,09:16:47,50490,50479.85,30,50506.8,60,0,56670
BANKNIFTY-III.NFO,13/02/2025,09:16:49,50490,50476.25,30,50499.95,60,0,56670
BANKNIFTY-III.NFO,13/02/2025,09:16:51,50490,50479.75,30,50500,300,0,56670
BANKNIFTY-III.NFO,13/02/2025,09:16:52,50490,50483.4,60,50500,300,0,56670
BANKNIFTY-III.NFO,13/02/2025,09:16:54,50490,50491.85,60,50500,300,0,56670
BANKNIFTY-III.NFO,13/02/2025,09:16:55,50492.1,50492.15,150,50500,300,90,56670
BANKNIFTY-III.NFO,13/02/2025,09:16:57,50492.1,50489.2,150,50500,300,0,56670
BANKNIFTY-III.NFO,13/02/2025,09:16:59,50492.1,50490.8,150,50500,300,0,56670
BANKNIFTY-III.NFO,13/02/2025,09:17:00,50492.1,50495.9,150,50500,300,0,56670
BANKNIFTY-III.NFO,13/02/2025,09:17:02,50492.1,50492.2,150,50500,300,0,56670
BANKNIFTY-III.NFO,13/02/2025,09:17:04,50492.1,50486.05,150,50500,300,0,56670
BANKNIFTY-III.NFO,13/02/2025,09:17:05,50492.1,50484.3,180,50500,300,0,56670
BANKNIFTY-III.NFO,13/02/2025,09:17:07,50492.1,50480,30,50499.5,60,0,56670
BANKNIFTY-III.NFO,13/02/2025,09:17:10,50492.1,50488.55,180,50500,330,0,56670
BANKNIFTY-III.NFO,13/02/2025,09:17:12,50492.1,50493.2,150,50500,330,0,56670
BANKNIFTY-III.NFO,13/02/2025,09:17:14,50492.1,50499.9,30,50500,330,0,56670
BANKNIFTY-III.NFO,13/02/2025,09:17:15,50499.9,50499.9,30,50500,330,30,56670
BANKNIFTY-III.NFO,13/02/2025,09:17:17,50500,50497.7,30,50523.2,60,360,56670
BANKNIFTY-III.NFO,13/02/2025,09:17:18,50500,50501.4,30,50524.95,60,0,56670
BANKNIFTY-III.NFO,13/02/2025,09:17:20,50500,50503.1,30,50524.95,90,0,56670
BANKNIFTY-III.NFO,13/02/2025,09:17:22,50500,50503.8,30,50524.95,90,0,56670
BANKNIFTY-III.NFO,13/02/2025,09:17:23,50500,50499.05,30,50524.95,90,0,56670
BANKNIFTY-III.NFO,13/02/2025,09:17:25,50500,50500.4,60,50523.45,60,0,56670
BANKNIFTY-III.NFO,13/02/2025,09:17:26,50500,50498.55,30,50524.15,60,0,56670
BANKNIFTY-III.NFO,13/02/2025,09:17:28,50497,50496.9,60,50523.65,60,120,56670
BANKNIFTY-III.NFO,13/02/2025,09:17:30,50497,50496.9,60,50523.35,60,0,56670
BANKNIFTY-III.NFO,13/02/2025,09:17:31,50497,50497,60,50523.3,60,0,56670
BANKNIFTY-III.NFO,13/02/2025,09:17:33,50497,50501.6,30,50524.15,60,0,56670
BANKNIFTY-III.NFO,13/02/2025,09:17:34,50497,50503.85,30,50524.95,90,0,56670
BANKNIFTY-III.NFO,13/02/2025,09:17:36,50504,50503.85,30,50524.95,90,30,56670
BANKNIFTY-III.NFO,13/02/2025,09:17:38,50504,50503.85,30,50524.95,90,0,56670
BANKNIFTY-III.NFO,13/02/2025,09:17:39,50504,50502.3,180,50524.95,90,0,56670
BANKNIFTY-III.NFO,13/02/2025,09:17:41,50504,50502.3,30,50524.95,90,0,56670
BANKNIFTY-III.NFO,13/02/2025,09:17:42,50504,50498.7,30,50523.15,60,0,56670
BANKNIFTY-III.NFO,13/02/2025,09:17:44,50504,50498.7,30,50522.9,60,0,56670
BANKNIFTY-III.NFO,13/02/2025,09:17:45,50504,50494.55,30,50518.95,60,0,56670
BANKNIFTY-III.NFO,13/02/2025,09:17:47,50504,50493.65,150,50504,120,0,56670
BANKNIFTY-III.NFO,13/02/2025,09:17:49,50504,50493.9,150,50504,120,0,56670
BANKNIFTY-III.NFO,13/02/2025,09:17:50,50504,50497,120,50504,120,0,56670
BANKNIFTY-III.NFO,13/02/2025,09:17:52,50504,50494.7,150,50504,120,0,56670
BANKNIFTY-III.NFO,13/02/2025,09:17:53,50504,50490.9,150,50504,120,0,56670
BANKNIFTY-III.NFO,13/02/2025,09:17:55,50504,50492.75,150,50504,120,0,56670
BANKNIFTY-III.NFO,13/02/2025,09:17:57,50504,50496.75,150,50504,120,0,56670
BANKNIFTY-III.NFO,13/02/2025,09:17:58,50504,50496.25,150,50500,150,0,56670
BANKNIFTY-III.NFO,13/02/2025,09:18:00,50504,50496.1,150,50500,150,0,56670
BANKNIFTY-III.NFO,13/02/2025,09:18:02,50492.15,50492.15,150,50500,150,90,56670
BANKNIFTY-III.NFO,13/02/2025,09:18:03,50492.15,50495.25,150,50500,150,0,56670
BANKNIFTY-III.NFO,13/02/2025,09:18:05,50492.15,50497.9,150,50500,150,0,56670
BANKNIFTY-III.NFO,13/02/2025,09:18:06,50500,50498.45,30,50504,120,150,56670
BANKNIFTY-III.NFO,13/02/2025,09:18:08,50504,50501.6,60,50504,90,30,56670
BANKNIFTY-III.NFO,13/02/2025,09:18:10,50504,50503.6,150,50504,90,0,56670
BANKNIFTY-III.NFO,13/02/2025,09:18:11,50504,50505.15,180,50520,30,90,56670
BANKNIFTY-III.NFO,13/02/2025,09:18:13,50504,50507.25,180,50520,30,0,56670
BANKNIFTY-III.NFO,13/02/2025,09:18:14,50504,50510.15,150,50520,30,0,56670
BANKNIFTY-III.NFO,13/02/2025,09:18:16,50504,50511.9,180,50520,30,0,56670
BANKNIFTY-III.NFO,13/02/2025,09:18:18,50504,50509.05,30,50520,30,0,56670
BANKNIFTY-III.NFO,13/02/2025,09:18:19,50504,50508.8,150,50520,30,0,56670
BANKNIFTY-III.NFO,13/02/2025,09:18:21,50509.85,50509.9,150,50520,30,60,56670
BANKNIFTY-III.NFO,13/02/2025,09:18:23,50509.85,50507.75,60,50520,30,0,56670
BANKNIFTY-III.NFO,13/02/2025,09:18:24,50509.85,50513.65,150,50520,30,0,56670
BANKNIFTY-III.NFO,13/02/2025,09:18:26,50520,50522.05,30,50542.7,60,30,56670
BANKNIFTY-III.NFO,13/02/2025,09:18:28,50520,50528.05,30,50548.95,60,0,56670
BANKNIFTY-III.NFO,13/02/2025,09:18:29,50520,50542.7,30,50548.95,90,0,56670
BANKNIFTY-III.NFO,13/02/2025,09:18:32,50542.7,50526.65,30,50548.95,90,30,56670
BANKNIFTY-III.NFO,13/02/2025,09:18:37,50548.95,50529.05,30,50548.95,90,30,56670
BANKNIFTY-III.NFO,13/02/2025,09:18:39,50548.95,50531,30,50548.95,90,0,56670
BANKNIFTY-III.NFO,13/02/2025,09:18:41,50548.95,50526.75,30,50548.95,90,0,56670
BANKNIFTY-III.NFO,13/02/2025,09:18:42,50548.95,50526.75,30,50548,60,0,56670
BANKNIFTY-III.NFO,13/02/2025,09:18:44,50548.95,50526.8,60,50548,60,0,56670
BANKNIFTY-III.NFO,13/02/2025,09:18:45,50548.95,50534.35,90,50548.95,30,60,56670
BANKNIFTY-III.NFO,13/02/2025,09:18:47,50548.95,50528.1,90,50548.95,60,0,56670
BANKNIFTY-III.NFO,13/02/2025,09:18:49,50548.95,50529.15,60,50548.95,60,0,56670
BANKNIFTY-III.NFO,13/02/2025,09:18:50,50548.95,50527.25,60,50548.95,60,0,56670
BANKNIFTY-III.NFO,13/02/2025,09:18:52,50548.95,50529.1,90,50548.95,60,0,56670
BANKNIFTY-III.NFO,13/02/2025,09:18:54,50548.95,50533.6,60,50549,30,0,56670
BANKNIFTY-III.NFO,13/02/2025,09:18:55,50548.95,50532.15,90,50548.95,60,0,56670
BANKNIFTY-III.NFO,13/02/2025,09:18:57,50548.95,50532.7,90,50548.95,30,0,56670
BANKNIFTY-III.NFO,13/02/2025,09:18:59,50548.95,50532.2,60,50549,30,0,56670
BANKNIFTY-III.NFO,13/02/2025,09:19:00,50548.95,50529.05,90,50548.95,60,0,56670
BANKNIFTY-III.NFO,13/02/2025,09:19:02,50548.95,50530.15,120,50548.95,60,0,56670
BANKNIFTY-III.NFO,13/02/2025,09:19:03,50548.95,50533.3,60,50549,30,30,57660
BANKNIFTY-III.NFO,13/02/2025,09:19:05,50548.95,50536.45,90,50549,30,0,57660
BANKNIFTY-III.NFO,13/02/2025,09:19:07,50548.95,50534.1,90,50549,30,0,57660
BANKNIFTY-III.NFO,13/02/2025,09:19:08,50548.95,50529.05,90,50548,60,0,57660
BANKNIFTY-III.NFO,13/02/2025,09:19:10,50548.95,50532.2,60,50548,270,0,57660
BANKNIFTY-III.NFO,13/02/2025,09:19:12,50548.95,50529.05,60,50548,270,0,57660
BANKNIFTY-III.NFO,13/02/2025,09:19:15,50548.95,50529,30,50547.8,30,0,57660
BANKNIFTY-III.NFO,13/02/2025,09:19:16,50548.95,50529,30,50548,270,0,57660
BANKNIFTY-III.NFO,13/02/2025,09:19:18,50548.95,50529,30,50541.25,60,0,57660
BANKNIFTY-III.NFO,13/02/2025,09:19:20,50548.95,50529.05,60,50545.9,30,0,57660
BANKNIFTY-III.NFO,13/02/2025,09:19:21,50548.95,50529,30,50541.6,30,0,57660
BANKNIFTY-III.NFO,13/02/2025,09:19:23,50529,50512.35,90,50535.25,60,30,57660
BANKNIFTY-III.NFO,13/02/2025,09:19:25,50529,50512.45,90,50534.9,60,0,57660
BANKNIFTY-III.NFO,13/02/2025,09:19:26,50529,50512.65,60,50534.9,30,0,57660
BANKNIFTY-III.NFO,13/02/2025,09:19:28,50529,50514.6,60,50536.8,30,0,57660
BANKNIFTY-III.NFO,13/02/2025,09:19:30,50529,50518.6,60,50541.95,30,0,57660
BANKNIFTY-III.NFO,13/02/2025,09:19:31,50541.95,50520.2,60,50543.5,30,30,57660
BANKNIFTY-III.NFO,13/02/2025,09:19:33,50541.95,50525.3,60,50548,270,0,57660
BANKNIFTY-III.NFO,13/02/2025,09:19:36,50541.95,50520.15,60,50544,30,0,57660
BANKNIFTY-III.NFO,13/02/2025,09:19:39,50545,50527.55,60,50545,30,30,57660
BANKNIFTY-III.NFO,13/02/2025,09:19:41,50545,50525.1,60,50545,60,0,57660
BANKNIFTY-III.NFO,13/02/2025,09:19:43,50545,50518.6,60,50543.45,30,0,57660
BANKNIFTY-III.NFO,13/02/2025,09:19:44,50545,50517.25,60,50541.45,60,0,57660
BANKNIFTY-III.NFO,13/02/2025,09:19:46,50545,50517.6,60,50541.45,30,0,57660
BANKNIFTY-III.NFO,13/02/2025,09:19:48,50545,50517.9,90,50540,90,0,57660
BANKNIFTY-III.NFO,13/02/2025,09:19:49,50545,50522.9,60,50540,60,0,57660
BANKNIFTY-III.NFO,13/02/2025,09:19:51,50545,50523.25,90,50540,60,0,57660
BANKNIFTY-III.NFO,13/02/2025,09:19:53,50523.95,50525.15,90,50540,60,30,57660
BANKNIFTY-III.NFO,13/02/2025,09:19:54,50523.95,50527.9,90,50540,60,0,57660
BANKNIFTY-III.NFO,13/02/2025,09:19:56,50523.95,50531.7,90,50540,60,0,57660
BANKNIFTY-III.NFO,13/02/2025,09:19:57,50523.95,50531.6,90,50540,60,0,57660
BANKNIFTY-III.NFO,13/02/2025,09:19:59,50523.95,50530.35,90,50540,60,0,57660
BANKNIFTY-III.NFO,13/02/2025,09:20:01,50523.95,50527.85,90,50540,60,0,57660
BANKNIFTY-III.NFO,13/02/2025,09:20:02,50523.95,50529.55,90,50540,60,0,57660
BANKNIFTY-III.NFO,13/02/2025,09:20:04,50523.95,50533.1,90,50540,60,0,57660
BANKNIFTY-III.NFO,13/02/2025,09:20:06,50523.95,50530.05,90,50540,60,0,57660
BANKNIFTY-III.NFO,13/02/2025,09:20:07,50523.95,50528.65,90,50540,60,0,57660
BANKNIFTY-III.NFO,13/02/2025,09:20:09,50526.65,50526.75,60,50540,60,60,57660
BANKNIFTY-III.NFO,13/02/2025,09:20:10,50526.65,50530.55,60,50540,60,0,57660
BANKNIFTY-III.NFO,13/02/2025,09:20:12,50526.65,50530,60,50540,60,0,57660
BANKNIFTY-III.NFO,13/02/2025,09:20:14,50526.65,50525.45,60,50540,60,0,57660
BANKNIFTY-III.NFO,13/02/2025,09:20:15,50526.65,50524,60,50539.95,60,0,57660
BANKNIFTY-III.NFO,13/02/2025,09:20:20,50526.65,50524.75,60,50540,60,0,57660
BANKNIFTY-III.NFO,13/02/2025,09:20:22,50526.65,50526,60,50540,60,0,57660
BANKNIFTY-III.NFO,13/02/2025,09:20:24,50526.65,50523.95,60,50539.95,90,0,57660
BANKNIFTY-III.NFO,13/02/2025,09:20:25,50526.65,50526.65,30,50531.8,90,0,57660
BANKNIFTY-III.NFO,13/02/2025,09:20:27,50528.1,50500.8,60,50525.35,60,120,57660
BANKNIFTY-III.NFO,13/02/2025,09:20:29,50528.1,50500.45,60,50522.25,60,0,57660
BANKNIFTY-III.NFO,13/02/2025,09:20:30,50528.1,50500.45,30,50515.7,60,0,57660
BANKNIFTY-III.NFO,13/02/2025,09:20:32,50528.1,50500.45,30,50508.5,90,0,57660
BANKNIFTY-III.NFO,13/02/2025,09:20:34,50528.1,50500.45,30,50507.65,90,0,57660
BANKNIFTY-III.NFO,13/02/2025,09:20:35,50528.1,50500.45,30,50506.75,90,0,57660
BANKNIFTY-III.NFO,13/02/2025,09:20:37,50528.1,50500.5,30,50518.85,60,0,57660
BANKNIFTY-III.NFO,13/02/2025,09:20:39,50500.45,50500.15,30,50520.7,60,120,57660
BANKNIFTY-III.NFO,13/02/2025,09:20:40,50500.45,50501.65,30,50524.15,60,0,57660
BANKNIFTY-III.NFO,13/02/2025,09:20:42,50500.45,50507.4,30,50530.4,60,0,57660
BANKNIFTY-III.NFO,13/02/2025,09:20:45,50500.45,50509.65,30,50532.75,60,0,57660
BANKNIFTY-III.NFO,13/02/2025,09:20:47,50500.45,50510.65,30,50537.2,60,0,57660
BANKNIFTY-III.NFO,13/02/2025,09:20:49,50500.45,50512.85,30,50537.2,60,0,57660
BANKNIFTY-III.NFO,13/02/2025,09:20:50,50500.45,50515.1,30,50538.75,60,0,57660
BANKNIFTY-III.NFO,13/02/2025,09:20:54,50500.45,50515.8,30,50539.4,60,0,57660
BANKNIFTY-III.NFO,13/02/2025,09:20:55,50500.45,50516.65,30,50539.9,60,0,57660
BANKNIFTY-III.NFO,13/02/2025,09:20:57,50500.45,50517.15,30,50539.95,90,0,57660
BANKNIFTY-III.NFO,13/02/2025,09:20:59,50500.45,50511.55,30,50530.4,60,0,57660
BANKNIFTY-III.NFO,13/02/2025,09:21:00,50500.45,50505.6,30,50527.55,60,0,57660
BANKNIFTY-III.NFO,13/02/2025,09:21:02,50500.45,50506.6,90,50529.95,60,0,57660
BANKNIFTY-III.NFO,13/02/2025,09:21:04,50500.45,50509.3,30,50530.4,90,0,57660
BANKNIFTY-III.NFO,13/02/2025,09:21:07,50500.45,50504.6,60,50526.9,60,0,57660
BANKNIFTY-III.NFO,13/02/2025,09:21:09,50500.45,50500.2,60,50520.3,60,0,57660
BANKNIFTY-III.NFO,13/02/2025,09:21:10,50500.45,50500,60,50515.65,60,0,57660
BANKNIFTY-III.NFO,13/02/2025,09:21:14,50500.45,50500,90,50524.4,60,0,57660
BANKNIFTY-III.NFO,13/02/2025,09:21:15,50500.45,50501.1,30,50524.4,60,0,57660
BANKNIFTY-III.NFO,13/02/2025,09:21:17,50500.45,50505.45,30,50528.3,60,0,57660
BANKNIFTY-III.NFO,13/02/2025,09:21:19,50500.45,50500,90,50524.65,60,0,57660
BANKNIFTY-III.NFO,13/02/2025,09:21:20,50500.45,50504.65,30,50528.3,60,0,57660
BANKNIFTY-III.NFO,13/02/2025,09:21:22,50500.45,50505.35,30,50528.9,60,0,57660
BANKNIFTY-III.NFO,13/02/2025,09:21:24,50500.45,50504.3,30,50527.15,60,0,57660
BANKNIFTY-III.NFO,13/02/2025,09:21:25,50500.45,50502.05,30,50525.4,60,0,57660
BANKNIFTY-III.NFO,13/02/2025,09:21:27,50500.45,50502.05,30,50526.25,60,0,57660
BANKNIFTY-III.NFO,13/02/2025,09:21:29,50500.45,50500.45,30,50524.3,60,0,57660
BANKNIFTY-III.NFO,13/02/2025,09:21:30,50500.45,50502.25,30,50524.25,60,0,57660
BANKNIFTY-III.NFO,13/02/2025,09:21:32,50500.45,50500,60,50516.2,60,0,57660
BANKNIFTY-III.NFO,13/02/2025,09:21:34,50500.45,50500,60,50508.25,60,0,57660
BANKNIFTY-III.NFO,13/02/2025,09:21:35,50500.45,50500,60,50505.6,60,0,57660
BANKNIFTY-III.NFO,13/02/2025,09:21:37,50500,50474.5,60,50498.55,60,60,57660
BANKNIFTY-III.NFO,13/02/2025,09:21:39,50500,50472.1,60,50496.9,60,0,57660
BANKNIFTY-III.NFO,13/02/2025,09:21:41,50500,50472.5,30,50498.35,60,0,57660
BANKNIFTY-III.NFO,13/02/2025,09:21:42,50491.75,50468.2,30,50491.75,60,30,57660
BANKNIFTY-III.NFO,13/02/2025,09:21:44,50491.75,50468.35,30,50491.75,60,0,57660
BANKNIFTY-III.NFO,13/02/2025,09:21:45,50491.75,50458.45,30,50480.85,60,0,57660
BANKNIFTY-III.NFO,13/02/2025,09:21:47,50491.75,50453.5,30,50476.5,60,0,57660
BANKNIFTY-III.NFO,13/02/2025,09:21:49,50491.75,50452.8,30,50475.6,60,0,57660
BANKNIFTY-III.NFO,13/02/2025,09:21:50,50491.75,50459.35,30,50482.9,60,0,57660
BANKNIFTY-III.NFO,13/02/2025,09:21:52,50491.75,50460.8,30,50484.5,60,0,57660
BANKNIFTY-III.NFO,13/02/2025,09:21:54,50491.75,50450.1,30,50473.3,60,0,57660
BANKNIFTY-III.NFO,13/02/2025,09:21:55,50491.75,50452.05,30,50474.85,60,0,57660
BANKNIFTY-III.NFO,13/02/2025,09:21:57,50491.75,50452.4,30,50477,60,0,57660
BANKNIFTY-III.NFO,13/02/2025,09:21:59,50491.75,50457.8,30,50486.1,60,0,57660
BANKNIFTY-III.NFO,13/02/2025,09:22:00,50491.75,50459.4,30,50486.15,60,0,57660
BANKNIFTY-III.NFO,13/02/2025,09:22:02,50491.75,50452.4,30,50474.1,90,0,57660
BANKNIFTY-III.NFO,13/02/2025,09:22:04,50491.75,50450.5,30,50473.25,60,0,57660
BANKNIFTY-III.NFO,13/02/2025,09:22:05,50491.75,50450.5,60,50472.4,60,0,57660
BANKNIFTY-III.NFO,13/02/2025,09:22:07,50491.75,50451.7,60,50476.7,90,0,57660
BANKNIFTY-III.NFO,13/02/2025,09:22:09,50491.75,50457.9,30,50484.7,60,0,57660
BANKNIFTY-III.NFO,13/02/2025,09:22:10,50491.75,50470.1,30,50491.65,60,0,57660
BANKNIFTY-III.NFO,13/02/2025,09:22:12,50491.75,50472.1,30,50491.7,90,0,57660
BANKNIFTY-III.NFO,13/02/2025,09:22:14,50491.75,50472.15,30,50491.75,120,0,57660
BANKNIFTY-III.NFO,13/02/2025,09:22:15,50491.75,50473.4,30,50491.75,90,30,57960
BANKNIFTY-III.NFO,13/02/2025,09:22:17,50491.75,50475.1,30,50491.75,90,0,57960
BANKNIFTY-III.NFO,13/02/2025,09:22:18,50491.75,50479.85,60,50491.75,90,0,57960
BANKNIFTY-III.NFO,13/02/2025,09:22:20,50491.75,50477.05,60,50491.75,90,0,57960
BANKNIFTY-III.NFO,13/02/2025,09:22:22,50491.75,50478.25,60,50491.75,90,0,57960
BANKNIFTY-III.NFO,13/02/2025,09:22:23,50491.75,50480.05,60,50491.75,90,0,57960
BANKNIFTY-III.NFO,13/02/2025,09:22:25,50491.75,50472.4,30,50491.7,90,0,57960
BANKNIFTY-III.NFO,13/02/2025,09:22:27,50491.75,50476.55,60,50491.75,90,0,57960
BANKNIFTY-III.NFO,13/02/2025,09:22:28,50491.75,50473.35,60,50491.75,90,0,57960
BANKNIFTY-III.NFO,13/02/2025,09:22:30,50491.75,50468.3,30,50491.7,90,0,57960
BANKNIFTY-III.NFO,13/02/2025,09:22:32,50468.25,50467.65,30,50491.7,90,90,57960
BANKNIFTY-III.NFO,13/02/2025,09:22:32,50468.25,50467.65,30,50491.7,90,0,57960
BANKNIFTY-III.NFO,13/02/2025,09:22:33,50471.5,50473.45,30,50491.7,90,90,57960
BANKNIFTY-III.NFO,13/02/2025,09:22:35,50470.8,50473.1,120,50491.7,90,90,57960
BANKNIFTY-III.NFO,13/02/2025,09:22:36,50470.8,50474.15,60,50491.75,120,0,57960
BANKNIFTY-III.NFO,13/02/2025,09:22:38,50470.8,50478.2,90,50491.75,90,0,57960
BANKNIFTY-III.NFO,13/02/2025,09:22:40,50470.8,50479.2,90,50491.75,90,0,57960
BANKNIFTY-III.NFO,13/02/2025,09:22:41,50470.8,50478.3,90,50491.75,90,0,57960
BANKNIFTY-III.NFO,13/02/2025,09:22:43,50470.8,50484.1,90,50491.75,90,0,57960
BANKNIFTY-III.NFO,13/02/2025,09:22:45,50491.75,50489.35,90,50500,30,90,57960
BANKNIFTY-III.NFO,13/02/2025,09:22:46,50491.75,50491.25,90,50500,30,0,57960
BANKNIFTY-III.NFO,13/02/2025,09:22:48,50491.75,50492.2,90,50500,30,0,57960
BANKNIFTY-III.NFO,13/02/2025,09:22:50,50491.75,50489.6,90,50500,30,0,57960
BANKNIFTY-III.NFO,13/02/2025,09:22:51,50491.75,50486.8,30,50500,30,0,57960
BANKNIFTY-III.NFO,13/02/2025,09:22:54,50491.75,50485.05,30,50500,30,0,57960
BANKNIFTY-III.NFO,13/02/2025,09:22:56,50491.75,50485.15,30,50499.95,90,0,57960
BANKNIFTY-III.NFO,13/02/2025,09:22:58,50491.75,50482.15,30,50499.95,90,0,57960
BANKNIFTY-III.NFO,13/02/2025,09:22:59,50491.75,50478.85,30,50499.95,90,0,57960
BANKNIFTY-III.NFO,13/02/2025,09:23:01,50491.75,50477.6,120,50499.95,90,0,57960
BANKNIFTY-III.NFO,13/02/2025,09:23:03,50491.75,50476.15,120,50499.95,90,0,57960
BANKNIFTY-III.NFO,13/02/2025,09:23:04,50491.75,50472.95,60,50495.55,60,0,57960
BANKNIFTY-III.NFO,13/02/2025,09:23:06,50491.75,50488.35,90,50500,30,0,57960
BANKNIFTY-III.NFO,13/02/2025,09:23:08,50491.75,50489.7,90,50500,30,0,57960
BANKNIFTY-III.NFO,13/02/2025,09:23:09,50491.75,50489.85,90,50500,30,0,57960
BANKNIFTY-III.NFO,13/02/2025,09:23:11,50491.75,50495.15,30,50500,30,0,57960
BANKNIFTY-III.NFO,13/02/2025,09:23:12,50491.75,50495,30,50500,30,0,57960
BANKNIFTY-III.NFO,13/02/2025,09:23:14,50500,50499.6,90,50520,60,30,57960
BANKNIFTY-III.NFO,13/02/2025,09:23:16,50499.5,50497.15,30,50499,120,60,57960
BANKNIFTY-III.NFO,13/02/2025,09:23:17,50499,50498.6,30,50499,90,30,57960
BANKNIFTY-III.NFO,13/02/2025,09:23:19,50499,50497.35,60,50521.65,60,90,57960
BANKNIFTY-III.NFO,13/02/2025,09:23:21,50499,50501.8,60,50521.65,60,0,57960
BANKNIFTY-III.NFO,13/02/2025,09:23:22,50499,50494.95,30,50521.65,60,0,57960
BANKNIFTY-III.NFO,13/02/2025,09:23:24,50499,50494,30,50521.35,60,0,57960
BANKNIFTY-III.NFO,13/02/2025,09:23:26,50499,50488.65,30,50515.6,60,0,57960
BANKNIFTY-III.NFO,13/02/2025,09:23:27,50499,50487.45,30,50515.2,60,0,57960
BANKNIFTY-III.NFO,13/02/2025,09:23:29,50499,50483.7,30,50510,60,0,57960
BANKNIFTY-III.NFO,13/02/2025,09:23:31,50499,50491.35,30,50518.35,60,0,57960
BANKNIFTY-III.NFO,13/02/2025,09:23:32,50499,50486.8,30,50513.8,60,0,57960
BANKNIFTY-III.NFO,13/02/2025,09:23:34,50499,50484.45,30,50505.8,60,0,57960
BANKNIFTY-III.NFO,13/02/2025,09:23:36,50499,50484.65,30,50507.35,60,0,57960
BANKNIFTY-III.NFO,13/02/2025,09:23:37,50499,50485.75,60,50507.35,60,0,57960
BANKNIFTY-III.NFO,13/02/2025,09:23:39,50499,50487.25,30,50507.35,60,0,57960
BANKNIFTY-III.NFO,13/02/2025,09:23:41,50499,50487.25,180,50507.35,60,0,57960
BANKNIFTY-III.NFO,13/02/2025,09:23:42,50499,50484.85,30,50503.7,60,0,57960
BANKNIFTY-III.NFO,13/02/2025,09:23:44,50499,50474.65,30,50502.8,60,0,57960
BANKNIFTY-III.NFO,13/02/2025,09:23:46,50499,50474.65,60,50498.8,60,0,57960
BANKNIFTY-III.NFO,13/02/2025,09:23:47,50499,50475.75,60,50498.3,60,0,57960
BANKNIFTY-III.NFO,13/02/2025,09:23:49,50499,50474.65,30,50496.75,60,0,57960
BANKNIFTY-III.NFO,13/02/2025,09:23:51,50499,50474.65,30,50496.25,60,0,57960
BANKNIFTY-III.NFO,13/02/2025,09:23:53,50499,50477,150,50498.3,60,0,57960
BANKNIFTY-III.NFO,13/02/2025,09:23:54,50499,50474.65,60,50499.55,60,30,57960
BANKNIFTY-III.NFO,13/02/2025,09:23:56,50499,50474.65,30,50496.6,60,0,57960
BANKNIFTY-III.NFO,13/02/2025,09:23:58,50499,50477.05,180,50499.55,60,0,57960
BANKNIFTY-III.NFO,13/02/2025,09:23:59,50499,50474.65,60,50498.2,60,0,57960
BANKNIFTY-III.NFO,13/02/2025,09:24:01,50499,50474.65,30,50491.3,60,0,57960
BANKNIFTY-III.NFO,13/02/2025,09:24:03,50491.3,50461.45,30,50488.95,60,30,57960
BANKNIFTY-III.NFO,13/02/2025,09:24:04,50491.3,50451.15,30,50472.7,60,0,57960
BANKNIFTY-III.NFO,13/02/2025,09:24:06,50491.3,50412.05,30,50460.3,60,0,57960
BANKNIFTY-III.NFO,13/02/2025,09:24:08,50412,50400.05,30,50419.25,60,30,57960
BANKNIFTY-III.NFO,13/02/2025,09:24:08,50412,50400.05,30,50419.25,60,0,57960
BANKNIFTY-III.NFO,13/02/2025,09:24:09,50412,50400.05,60,50417.75,30,0,57960
BANKNIFTY-III.NFO,13/02/2025,09:24:11,50412,50414.35,30,50444.95,60,0,57960
BANKNIFTY-III.NFO,13/02/2025,09:24:13,50448.35,50431.7,30,50470.6,60,30,57960
BANKNIFTY-III.NFO,13/02/2025,09:24:14,50448.35,50435.85,30,50466.05,60,0,57960
BANKNIFTY-III.NFO,13/02/2025,09:24:16,50448.35,50427.85,30,50462.3,60,0,57960
BANKNIFTY-III.NFO,13/02/2025,09:24:18,50448.35,50422.35,30,50451.3,60,0,57960
BANKNIFTY-III.NFO,13/02/2025,09:24:19,50448.35,50415.25,30,50443.8,60,0,57960
BANKNIFTY-III.NFO,13/02/2025,09:24:21,50448.35,50407.6,30,50438.9,60,0,57960
BANKNIFTY-III.NFO,13/02/2025,09:24:23,50448.35,50406.6,30,50437.5,60,0,57960
BANKNIFTY-III.NFO,13/02/2025,09:24:24,50448.35,50403,30,50431.15,60,0,57960
BANKNIFTY-III.NFO,13/02/2025,09:24:26,50448.35,50400.05,60,50423.4,30,0,57960
BANKNIFTY-III.NFO,13/02/2025,09:24:28,50404.75,50400.05,30,50427.3,60,30,57960
BANKNIFTY-III.NFO,13/02/2025,09:24:28,50404.75,50400.05,30,50427.3,60,0,57960
BANKNIFTY-III.NFO,13/02/2025,09:24:29,50400,50371.1,30,50400.5,60,30,57960
BANKNIFTY-III.NFO,13/02/2025,09:24:29,50400,50371.1,30,50400.5,60,0,57960
BANKNIFTY-III.NFO,13/02/2025,09:24:31,50400,50359.25,30,50398.45,60,0,57960
BANKNIFTY-III.NFO,13/02/2025,09:24:33,50390.95,50344.5,30,50381,60,30,57960
BANKNIFTY-III.NFO,13/02/2025,09:24:33,50390.95,50344.5,30,50381,60,0,57960
BANKNIFTY-III.NFO,13/02/2025,09:24:34,50390.95,50349.4,30,50384.05,60,0,57960
BANKNIFTY-III.NFO,13/02/2025,09:24:36,50390.95,50353.85,30,50380.55,60,0,57960
BANKNIFTY-III.NFO,13/02/2025,09:24:38,50390.95,50342.85,30,50373.75,60,0,57960
BANKNIFTY-III.NFO,13/02/2025,09:24:39,50390.95,50338.8,30,50366.25,60,0,57960
BANKNIFTY-III.NFO,13/02/2025,09:24:41,50390.95,50321.45,30,50345.05,60,0,57960
BANKNIFTY-III.NFO,13/02/2025,09:24:43,50390.95,50318.9,30,50344.45,60,0,57960
BANKNIFTY-III.NFO,13/02/2025,09:24:44,50390.95,50327.8,30,50351.9,60,0,57960
BANKNIFTY-III.NFO,13/02/2025,09:24:46,50390.95,50333.55,30,50357.15,60,0,57960
BANKNIFTY-III.NFO,13/02/2025,09:24:48,50390.95,50327.9,60,50350.65,60,0,57960
BANKNIFTY-III.NFO,13/02/2025,09:24:49,50390.95,50335.15,30,50361.7,60,0,57960
BANKNIFTY-III.NFO,13/02/2025,09:24:51,50390.95,50339.65,30,50362.85,60,0,57960
BANKNIFTY-III.NFO,13/02/2025,09:24:53,50390.95,50342.7,60,50365.05,60,0,57960
BANKNIFTY-III.NFO,13/02/2025,09:24:54,50390.95,50351.05,60,50371.8,60,0,57960
BANKNIFTY-III.NFO,13/02/2025,09:24:56,50390.95,50360.6,30,50382.85,90,0,57960
BANKNIFTY-III.NFO,13/02/2025,09:24:58,50390.95,50367.7,30,50390.95,30,0,57960
BANKNIFTY-III.NFO,13/02/2025,09:24:59,50390.9,50359.5,60,50385.2,60,30,58350
BANKNIFTY-III.NFO,13/02/2025,09:24:59,50390.9,50359.5,60,50385.2,60,0,58350
BANKNIFTY-III.NFO,13/02/2025,09:25:01,50390.9,50350.45,60,50376.25,60,0,58350
BANKNIFTY-III.NFO,13/02/2025,09:25:03,50390.9,50331.65,60,50355.55,60,0,58350
BANKNIFTY-III.NFO,13/02/2025,09:25:04,50390.9,50331.8,90,50354.25,60,0,58350
BANKNIFTY-III.NFO,13/02/2025,09:25:06,50390.9,50331,60,50355,60,0,58350
BANKNIFTY-III.NFO,13/02/2025,09:25:08,50390.9,50321.5,90,50344.5,60,0,58350
BANKNIFTY-III.NFO,13/02/2025,09:25:09,50390.9,50322.35,60,50353.2,60,0,58350
BANKNIFTY-III.NFO,13/02/2025,09:25:11,50390.9,50319.05,90,50343.65,60,0,58350
BANKNIFTY-III.NFO,13/02/2025,09:25:13,50390.9,50310.35,60,50342.5,60,0,58350
BANKNIFTY-III.NFO,13/02/2025,09:25:14,50390.9,50303.05,90,50325.5,60,0,58350
BANKNIFTY-III.NFO,13/02/2025,09:25:16,50390.9,50316,90,50336.5,60,0,58350
BANKNIFTY-III.NFO,13/02/2025,09:25:18,50390.9,50315.1,60,50341.6,60,0,58350
BANKNIFTY-III.NFO,13/02/2025,09:25:19,50390.9,50316.45,210,50345.15,60,0,58350
BANKNIFTY-III.NFO,13/02/2025,09:25:21,50390.9,50307.25,60,50335.65,60,0,58350
BANKNIFTY-III.NFO,13/02/2025,09:25:23,50390.9,50324.1,60,50353.2,60,0,58350
BANKNIFTY-III.NFO,13/02/2025,09:25:24,50331.05,50335.55,60,50357.15,60,30,58350
BANKNIFTY-III.NFO,13/02/2025,09:25:24,50331.05,50335.55,60,50357.15,60,0,58350
BANKNIFTY-III.NFO,13/02/2025,09:25:26,50331.05,50339.35,60,50361.5,60,0,58350
BANKNIFTY-III.NFO,13/02/2025,09:25:28,50331.05,50338.4,30,50362.6,60,0,58350
BANKNIFTY-III.NFO,13/02/2025,09:25:29,50331.05,50331.7,30,50361.45,30,0,58350
BANKNIFTY-III.NFO,13/02/2025,09:25:31,50331.05,50349.5,30,50372,60,0,58350
BANKNIFTY-III.NFO,13/02/2025,09:25:33,50356.55,50352.55,150,50379.95,60,30,58350
BANKNIFTY-III.NFO,13/02/2025,09:25:34,50356.55,50351.7,30,50379.9,60,0,58350
BANKNIFTY-III.NFO,13/02/2025,09:25:36,50354.15,50351.55,30,50376,90,30,58350
BANKNIFTY-III.NFO,13/02/2025,09:25:38,50354.15,50354.15,30,50362.95,60,0,58350
BANKNIFTY-III.NFO,13/02/2025,09:25:39,50354.15,50354.15,30,50361.75,90,0,58350
BANKNIFTY-III.NFO,13/02/2025,09:25:41,50354.15,50330.15,120,50360.3,60,30,58350
BANKNIFTY-III.NFO,13/02/2025,09:25:43,50354.15,50345.95,30,50367.4,90,0,58350
BANKNIFTY-III.NFO,13/02/2025,09:25:44,50354.15,50339.35,150,50365.25,60,0,58350
BANKNIFTY-III.NFO,13/02/2025,09:25:46,50354.15,50340.95,30,50362.35,60,0,58350
BANKNIFTY-III.NFO,13/02/2025,09:25:48,50354.15,50347.45,150,50375.95,60,0,58350
BANKNIFTY-III.NFO,13/02/2025,09:25:49,50354.15,50337.05,30,50366.15,60,0,58350
BANKNIFTY-III.NFO,13/02/2025,09:25:51,50354.15,50339.35,150,50360.9,60,0,58350
BANKNIFTY-III.NFO,13/02/2025,09:25:53,50354.15,50337.4,150,50358.8,60,0,58350
BANKNIFTY-III.NFO,13/02/2025,09:25:54,50354.15,50344,180,50367.15,60,0,58350
BANKNIFTY-III.NFO,13/02/2025,09:25:56,50354.15,50343.25,180,50367.35,60,0,58350
BANKNIFTY-III.NFO,13/02/2025,09:25:58,50354.15,50352.5,30,50374.75,60,0,58350
BANKNIFTY-III.NFO,13/02/2025,09:25:59,50354.15,50359.25,30,50380.9,60,0,58350
BANKNIFTY-III.NFO,13/02/2025,09:26:01,50354.15,50360.05,150,50383.65,60,0,58350
BANKNIFTY-III.NFO,13/02/2025,09:26:03,50354.15,50370,150,50390.9,90,0,58350
BANKNIFTY-III.NFO,13/02/2025,09:26:04,50354.15,50375.5,60,50390.95,30,0,58350
BANKNIFTY-III.NFO,13/02/2025,09:26:06,50354.15,50387.9,150,50390.95,30,0,58350
BANKNIFTY-III.NFO,13/02/2025,09:26:08,50354.15,50382.45,150,50390.95,30,0,58350
BANKNIFTY-III.NFO,13/02/2025,09:26:09,50354.15,50381,150,50390.95,30,0,58350
BANKNIFTY-III.NFO,13/02/2025,09:26:11,50354.15,50377.15,150,50390.95,30,0,58350
BANKNIFTY-III.NFO,13/02/2025,09:26:13,50354.15,50366.2,30,50390.85,60,0,58350
BANKNIFTY-III.NFO,13/02/2025,09:26:14,50354.15,50372.25,30,50394.4,60,0,58350
BANKNIFTY-III.NFO,13/02/2025,09:26:16,50354.15,50368.9,150,50393.95,60,0,58350
BANKNIFTY-III.NFO,13/02/2025,09:26:18,50354.15,50367.55,30,50392,60,0,58350
BANKNIFTY-III.NFO,13/02/2025,09:26:19,50354.15,50361.85,150,50385.1,60,0,58350
BANKNIFTY-III.NFO,13/02/2025,09:26:21,50354.15,50368.2,150,50388.2,60,0,58350
BANKNIFTY-III.NFO,13/02/2025,09:26:23,50354.15,50365.85,150,50388.2,60,0,58350
BANKNIFTY-III.NFO,13/02/2025,09:26:24,50354.15,50368.15,30,50392,60,0,58350
BANKNIFTY-III.NFO,13/02/2025,09:26:26,50354.15,50359.9,30,50385.9,60,0,58350
BANKNIFTY-III.NFO,13/02/2025,09:26:28,50354.15,50361.4,30,50385.9,60,0,58350
BANKNIFTY-III.NFO,13/02/2025,09:26:29,50354.15,50366.05,30,50388.25,60,0,58350
BANKNIFTY-III.NFO,13/02/2025,09:26:31,50354.15,50369.05,30,50392,60,0,58350
BANKNIFTY-III.NFO,13/02/2025,09:26:33,50354.15,50366.5,30,50390,60,0,58350
BANKNIFTY-III.NFO,13/02/2025,09:26:34,50354.15,50363.35,30,50389.65,60,0,58350
BANKNIFTY-III.NFO,13/02/2025,09:26:36,50354.15,50362.75,150,50384.85,60,0,58350
BANKNIFTY-III.NFO,13/02/2025,09:26:38,50354.15,50364.65,30,50387.55,60,0,58350
BANKNIFTY-III.NFO,13/02/2025,09:26:39,50354.15,50367.7,150,50391.6,60,0,58350
BANKNIFTY-III.NFO,13/02/2025,09:26:41,50354.15,50372.25,150,50395.1,60,0,58350
BANKNIFTY-III.NFO,13/02/2025,09:26:43,50354.15,50370.35,180,50394.4,60,0,58350
BANKNIFTY-III.NFO,13/02/2025,09:26:44,50354.15,50372.3,150,50394.2,60,0,58350
BANKNIFTY-III.NFO,13/02/2025,09:26:46,50354.15,50371.15,150,50392.65,60,0,58350
BANKNIFTY-III.NFO,13/02/2025,09:26:47,50354.15,50366.95,150,50388.25,90,0,58350
BANKNIFTY-III.NFO,13/02/2025,09:26:49,50354.15,50379.45,30,50401.05,60,0,58350
BANKNIFTY-III.NFO,13/02/2025,09:26:51,50354.15,50380.6,180,50403.05,60,0,58350
BANKNIFTY-III.NFO,13/02/2025,09:26:52,50354.15,50384.1,30,50407.35,60,0,58350
BANKNIFTY-III.NFO,13/02/2025,09:26:54,50354.15,50387.45,150,50410.15,60,0,58350
BANKNIFTY-III.NFO,13/02/2025,09:26:56,50354.15,50392.85,150,50414.55,60,0,58350
BANKNIFTY-III.NFO,13/02/2025,09:26:57,50354.15,50392.85,120,50414.55,60,0,58350
BANKNIFTY-III.NFO,13/02/2025,09:26:59,50354.15,50394.5,180,50416.7,60,0,58350
BANKNIFTY-III.NFO,13/02/2025,09:27:01,50354.15,50397.75,150,50420.1,60,0,58350
BANKNIFTY-III.NFO,13/02/2025,09:27:02,50354.15,50405.2,30,50429.2,60,0,58350
BANKNIFTY-III.NFO,13/02/2025,09:27:04,50354.15,50411.05,30,50434.9,60,0,58350
BANKNIFTY-III.NFO,13/02/2025,09:27:06,50354.15,50410.85,150,50433.5,60,0,58350
BANKNIFTY-III.NFO,13/02/2025,09:27:07,50354.15,50413.65,30,50435.6,60,0,58350
BANKNIFTY-III.NFO,13/02/2025,09:27:09,50354.15,50421.65,30,50442.95,60,0,58350
BANKNIFTY-III.NFO,13/02/2025,09:27:11,50354.15,50421.95,120,50442.3,60,0,58350
BANKNIFTY-III.NFO,13/02/2025,09:27:12,50354.15,50420.6,150,50444.95,60,0,58350
BANKNIFTY-III.NFO,13/02/2025,09:27:14,50354.15,50417.8,30,50440.6,60,0,58350
BANKNIFTY-III.NFO,13/02/2025,09:27:15,50424.3,50401.55,30,50426.55,90,60,58350
BANKNIFTY-III.NFO,13/02/2025,09:27:17,50424.3,50404.65,180,50426.5,60,0,58350
BANKNIFTY-III.NFO,13/02/2025,09:27:19,50424.3,50411.55,30,50432.55,60,0,58350
BANKNIFTY-III.NFO,13/02/2025,09:27:20,50424.3,50406.75,150,50428.45,60,0,58350
BANKNIFTY-III.NFO,13/02/2025,09:27:22,50424.3,50403.5,150,50424.65,60,0,58350
BANKNIFTY-III.NFO,13/02/2025,09:27:24,50424.3,50405.9,180,50430.1,60,0,58350
BANKNIFTY-III.NFO,13/02/2025,09:27:25,50424.3,50411.1,30,50436.3,60,0,58350
BANKNIFTY-III.NFO,13/02/2025,09:27:27,50424.3,50409.75,30,50433.1,60,0,58350
BANKNIFTY-III.NFO,13/02/2025,09:27:29,50424.3,50405.85,150,50427,60,0,58350
BANKNIFTY-III.NFO,13/02/2025,09:27:30,50424.3,50411.85,30,50435,60,0,58350
BANKNIFTY-III.NFO,13/02/2025,09:27:32,50424.3,50409.8,120,50433.85,60,0,58350
BANKNIFTY-III.NFO,13/02/2025,09:27:34,50424.3,50417,30,50439.9,60,0,58350
BANKNIFTY-III.NFO,13/02/2025,09:27:35,50424.3,50426.75,30,50450.25,60,0,58350
BANKNIFTY-III.NFO,13/02/2025,09:27:37,50424.3,50429.25,60,50452.35,60,0,58350
BANKNIFTY-III.NFO,13/02/2025,09:27:39,50424.3,50438.1,30,50461.6,60,0,58350
BANKNIFTY-III.NFO,13/02/2025,09:27:40,50450,50441,30,50467.05,60,30,58350
BANKNIFTY-III.NFO,13/02/2025,09:27:42,50450,50437.95,150,50464.4,60,0,58350
BANKNIFTY-III.NFO,13/02/2025,09:27:44,50450,50444.25,30,50467.95,60,0,58350
BANKNIFTY-III.NFO,13/02/2025,09:27:45,50450,50449.05,60,50469,30,0,58350
BANKNIFTY-III.NFO,13/02/2025,09:27:47,50450,50448.5,30,50468.95,90,0,58350
BANKNIFTY-III.NFO,13/02/2025,09:27:49,50450,50445.5,150,50468.9,60,0,58350
BANKNIFTY-III.NFO,13/02/2025,09:27:50,50450,50442.55,30,50467.8,60,0,58350
BANKNIFTY-III.NFO,13/02/2025,09:27:52,50450,50450,30,50458.75,60,0,58350
BANKNIFTY-III.NFO,13/02/2025,09:27:54,50450,50450,30,50461.7,90,0,58350
BANKNIFTY-III.NFO,13/02/2025,09:27:55,50450,50450,30,50467.9,90,0,58350
BANKNIFTY-III.NFO,13/02/2025,09:27:57,50450,50450,30,50467.2,60,0,58350
BANKNIFTY-III.NFO,13/02/2025,09:27:59,50450,50438.1,30,50462.45,60,30,58410
BANKNIFTY-III.NFO,13/02/2025,09:28:00,50450,50435.3,30,50458.6,60,0,58410
BANKNIFTY-III.NFO,13/02/2025,09:28:02,50450,50434.45,30,50456.5,60,0,58410
BANKNIFTY-III.NFO,13/02/2025,09:28:04,50450,50442.45,180,50466,60,0,58410
BANKNIFTY-III.NFO,13/02/2025,09:28:05,50450,50444.2,180,50467.85,60,0,58410
BANKNIFTY-III.NFO,13/02/2025,09:28:07,50450,50447.15,30,50469.8,60,0,58410
BANKNIFTY-III.NFO,13/02/2025,09:28:09,50450,50450,30,50467.4,60,0,58410
BANKNIFTY-III.NFO,13/02/2025,09:28:10,50450,50450,30,50458.6,60,0,58410
BANKNIFTY-III.NFO,13/02/2025,09:28:12,50450,50450,30,50459.75,90,0,58410
BANKNIFTY-III.NFO,13/02/2025,09:28:14,50450,50450,30,50463.4,60,0,58410
BANKNIFTY-III.NFO,13/02/2025,09:28:15,50450,50450,30,50464.05,60,0,58410
BANKNIFTY-III.NFO,13/02/2025,09:28:17,50450,50450,30,50462.8,60,0,58410
BANKNIFTY-III.NFO,13/02/2025,09:28:19,50450,50450,30,50458.15,60,0,58410
BANKNIFTY-III.NFO,13/02/2025,09:28:20,50450,50433.65,30,50459.35,60,30,58410
BANKNIFTY-III.NFO,13/02/2025,09:28:22,50450,50451.1,150,50473.05,60,0,58410
BANKNIFTY-III.NFO,13/02/2025,09:28:24,50450,50446.2,180,50469.75,60,0,58410
BANKNIFTY-III.NFO,13/02/2025,09:28:26,50450,50438.6,30,50469.35,60,0,58410
BANKNIFTY-III.NFO,13/02/2025,09:28:27,50450,50433.65,60,50458.1,60,0,58410
BANKNIFTY-III.NFO,13/02/2025,09:28:29,50450,50435.2,30,50459.4,60,0,58410
BANKNIFTY-III.NFO,13/02/2025,09:28:31,50450,50433.65,60,50454.25,60,0,58410
BANKNIFTY-III.NFO,13/02/2025,09:28:32,50450,50433.65,30,50454,60,0,58410
BANKNIFTY-III.NFO,13/02/2025,09:28:34,50450,50424.15,60,50445.95,90,0,58410
BANKNIFTY-III.NFO,13/02/2025,09:28:36,50450,50427.6,60,50451,60,0,58410
BANKNIFTY-III.NFO,13/02/2025,09:28:37,50450,50429.35,30,50454.25,60,0,58410
BANKNIFTY-III.NFO,13/02/2025,09:28:39,50450,50424.15,60,50443.7,60,0,58410
BANKNIFTY-III.NFO,13/02/2025,09:28:41,50450,50410.85,30,50435.5,60,0,58410
BANKNIFTY-III.NFO,13/02/2025,09:28:42,50435.5,50410.05,60,50428.55,90,30,58410
BANKNIFTY-III.NFO,13/02/2025,09:28:44,50435.5,50410.05,60,50430.8,90,0,58410
BANKNIFTY-III.NFO,13/02/2025,09:28:46,50435.5,50410.05,60,50439.05,60,0,58410
BANKNIFTY-III.NFO,13/02/2025,09:28:47,50435.5,50415.1,30,50438.5,60,0,58410
BANKNIFTY-III.NFO,13/02/2025,09:28:49,50435.5,50410.05,30,50428.6,60,0,58410
BANKNIFTY-III.NFO,13/02/2025,09:28:51,50435.5,50410,30,50425.8,90,0,58410
BANKNIFTY-III.NFO,13/02/2025,09:28:52,50435.5,50410,30,50421.3,90,0,58410
BANKNIFTY-III.NFO,13/02/2025,09:28:54,50400,50376.6,30,50399.15,60,60,58410
BANKNIFTY-III.NFO,13/02/2025,09:28:56,50400,50378.45,30,50409.35,60,0,58410
BANKNIFTY-III.NFO,13/02/2025,09:28:57,50400,50372.8,30,50393.35,90,0,58410
BANKNIFTY-III.NFO,13/02/2025,09:28:59,50400,50364.85,30,50389.3,60,0,58410
BANKNIFTY-III.NFO,13/02/2025,09:29:01,50400,50364.8,30,50389.3,60,0,58410
BANKNIFTY-III.NFO,13/02/2025,09:29:02,50400,50369.55,30,50392.8,60,0,58410
BANKNIFTY-III.NFO,13/02/2025,09:29:04,50400,50372.05,60,50392.85,60,0,58410
BANKNIFTY-III.NFO,13/02/2025,09:29:06,50400,50372.25,60,50391.7,90,0,58410
BANKNIFTY-III.NFO,13/02/2025,09:29:07,50400,50372.3,30,50388.5,90,0,58410
BANKNIFTY-III.NFO,13/02/2025,09:29:09,50400,50372.4,30,50387.5,90,0,58410
BANKNIFTY-III.NFO,13/02/2025,09:29:11,50400,50362.7,30,50377.9,60,0,58410
BANKNIFTY-III.NFO,13/02/2025,09:29:12,50400,50362.75,60,50383.1,60,0,58410
BANKNIFTY-III.NFO,13/02/2025,09:29:14,50400,50362.75,60,50384.6,60,0,58410
BANKNIFTY-III.NFO,13/02/2025,09:29:15,50362.8,50360.35,60,50381.6,60,30,58410
BANKNIFTY-III.NFO,13/02/2025,09:29:17,50362.8,50360.35,60,50381.6,60,0,58410
BANKNIFTY-III.NFO,13/02/2025,09:29:19,50362.8,50360.35,60,50387.75,60,0,58410
BANKNIFTY-III.NFO,13/02/2025,09:29:20,50362.8,50363.75,150,50388.9,60,0,58410
BANKNIFTY-III.NFO,13/02/2025,09:29:22,50362.8,50371.7,150,50395.3,60,0,58410
BANKNIFTY-III.NFO,13/02/2025,09:29:24,50371.7,50378.15,60,50400.8,60,30,58410
BANKNIFTY-III.NFO,13/02/2025,09:29:25,50371.7,50378.45,30,50400.3,60,0,58410
BANKNIFTY-III.NFO,13/02/2025,09:29:27,50371.7,50380.9,30,50404.95,60,0,58410
BANKNIFTY-III.NFO,13/02/2025,09:29:29,50371.7,50382.75,30,50406.65,60,0,58410
BANKNIFTY-III.NFO,13/02/2025,09:29:30,50371.7,50395.8,30,50419.95,60,0,58410
BANKNIFTY-III.NFO,13/02/2025,09:29:32,50371.7,50392.45,150,50417.6,60,0,58410
BANKNIFTY-III.NFO,13/02/2025,09:29:34,50371.7,50405.35,60,50428.75,60,0,58410
BANKNIFTY-III.NFO,13/02/2025,09:29:35,50371.7,50408.15,30,50431.05,60,0,58410
BANKNIFTY-III.NFO,13/02/2025,09:29:37,50371.7,50414.1,60,50437.5,60,0,58410
BANKNIFTY-III.NFO,13/02/2025,09:29:39,50371.7,50419.25,60,50442.2,60,0,58410
BANKNIFTY-III.NFO,13/02/2025,09:29:40,50420.45,50422.5,30,50445.15,60,30,58410
BANKNIFTY-III.NFO,13/02/2025,09:29:42,50420.45,50424.25,30,50447,60,0,58410
BANKNIFTY-III.NFO,13/02/2025,09:29:44,50420.45,50423.95,30,50445.15,60,0,58410
BANKNIFTY-III.NFO,13/02/2025,09:29:45,50420.45,50413,30,50437.7,60,0,58410
BANKNIFTY-III.NFO,13/02/2025,09:29:47,50420.45,50416.5,30,50441.8,60,0,58410
BANKNIFTY-III.NFO,13/02/2025,09:29:49,50420.45,50411.9,30,50439.35,60,0,58410
BANKNIFTY-III.NFO,13/02/2025,09:29:50,50420.45,50412.1,30,50439.1,60,0,58410
BANKNIFTY-III.NFO,13/02/2025,09:29:52,50420.45,50417.4,30,50443.05,60,0,58410
BANKNIFTY-III.NFO,13/02/2025,09:29:54,50420.45,50418.05,30,50442.55,60,0,58410
BANKNIFTY-III.NFO,13/02/2025,09:29:55,50420.45,50407.3,30,50432.05,60,0,58410
BANKNIFTY-III.NFO,13/02/2025,09:29:57,50420.45,50408.45,30,50433.1,60,0,58410
BANKNIFTY-III.NFO,13/02/2025,09:29:59,50420.45,50403.15,180,50425.85,60,0,58410
BANKNIFTY-III.NFO,13/02/2025,09:30:00,50420.45,50404.85,30,50431.55,60,0,58410
BANKNIFTY-III.NFO,13/02/2025,09:30:02,50430.55,50411.95,30,50435.25,60,30,58410
BANKNIFTY-III.NFO,13/02/2025,09:30:04,50430.55,50417.2,30,50440.65,60,0,58410
BANKNIFTY-III.NFO,13/02/2025,09:30:05,50430.55,50427.6,30,50450.75,60,0,58410
BANKNIFTY-III.NFO,13/02/2025,09:30:07,50430.55,50427.45,30,50450.75,60,0,58410
BANKNIFTY-III.NFO,13/02/2025,09:30:09,50430.55,50424.4,30,50450.75,60,0,58410
BANKNIFTY-III.NFO,13/02/2025,09:30:10,50430.55,50429.3,30,50453.45,60,0,58410
BANKNIFTY-III.NFO,13/02/2025,09:30:12,50430.55,50431.15,60,50453.45,60,0,58410
BANKNIFTY-III.NFO,13/02/2025,09:30:14,50430.55,50422.7,30,50448.35,60,0,58410
BANKNIFTY-III.NFO,13/02/2025,09:30:15,50430.55,50436.5,60,50458.7,60,0,58410
BANKNIFTY-III.NFO,13/02/2025,09:30:17,50430.55,50445.1,60,50466.9,60,0,58410
BANKNIFTY-III.NFO,13/02/2025,09:30:19,50430.55,50445.8,60,50467.85,60,0,58410
BANKNIFTY-III.NFO,13/02/2025,09:30:20,50430.55,50437.65,30,50465.8,60,0,58410
BANKNIFTY-III.NFO,13/02/2025,09:30:22,50430.55,50441.9,60,50466.5,60,0,58410
BANKNIFTY-III.NFO,13/02/2025,09:30:24,50430.55,50439.65,30,50463.55,60,0,58410
BANKNIFTY-III.NFO,13/02/2025,09:30:25,50430.55,50434.2,60,50455.85,60,0,58410
BANKNIFTY-III.NFO,13/02/2025,09:30:27,50430.55,50431.85,30,50459.55,90,0,58410
BANKNIFTY-III.NFO,13/02/2025,09:30:29,50430.55,50427.8,30,50453.15,60,0,58410
BANKNIFTY-III.NFO,13/02/2025,09:30:30,50430.55,50435.35,30,50458.35,90,0,58410
BANKNIFTY-III.NFO,13/02/2025,09:30:32,50430.55,50440.6,30,50463.55,60,0,58410
BANKNIFTY-III.NFO,13/02/2025,09:30:34,50439.25,50438.4,30,50463.9,60,60,58410
BANKNIFTY-III.NFO,13/02/2025,09:30:35,50439.25,50439.1,30,50463.9,60,0,58410
BANKNIFTY-III.NFO,13/02/2025,09:30:37,50439.25,50441.9,60,50464.3,60,0,58410
BANKNIFTY-III.NFO,13/02/2025,09:30:39,50439.25,50447.8,30,50468.95,90,0,58410
BANKNIFTY-III.NFO,13/02/2025,09:30:40,50439.25,50433.35,30,50463.25,60,0,58410
BANKNIFTY-III.NFO,13/02/2025,09:30:42,50439.25,50430.3,30,50457.5,30,0,58410
BANKNIFTY-III.NFO,13/02/2025,09:30:44,50439.25,50435,30,50463.85,60,0,58410
BANKNIFTY-III.NFO,13/02/2025,09:30:46,50439.25,50432.95,30,50458.85,60,0,58410
BANKNIFTY-III.NFO,13/02/2025,09:30:47,50439.25,50426.1,30,50450.6,60,0,58410
BANKNIFTY-III.NFO,13/02/2025,09:30:49,50439.25,50434.5,150,50464.15,60,0,58410
BANKNIFTY-III.NFO,13/02/2025,09:30:51,50439.25,50427.3,150,50458.2,60,0,58410
BANKNIFTY-III.NFO,13/02/2025,09:30:52,50439.25,50423,30,50448.45,60,0,58410
BANKNIFTY-III.NFO,13/02/2025,09:30:54,50439.25,50417.15,30,50443.65,60,0,58410
BANKNIFTY-III.NFO,13/02/2025,09:30:56,50439.25,50421.15,30,50448.45,60,30,58590
BANKNIFTY-III.NFO,13/02/2025,09:30:57,50439.25,50420.95,30,50444.1,90,0,58590
BANKNIFTY-III.NFO,13/02/2025,09:30:59,50439.25,50424.2,60,50449.05,60,0,58590
BANKNIFTY-III.NFO,13/02/2025,09:31:01,50439.25,50427.2,60,50466.45,60,0,58590
BANKNIFTY-III.NFO,13/02/2025,09:31:02,50439.25,50433.85,30,50461.6,60,0,58590
BANKNIFTY-III.NFO,13/02/2025,09:31:04,50439.25,50433.15,30,50466.7,60,0,58590
BANKNIFTY-III.NFO,13/02/2025,09:31:06,50439.25,50444.15,30,50466.6,60,0,58590
BANKNIFTY-III.NFO,13/02/2025,09:31:07,50439.25,50443.45,30,50466.6,60,0,58590
BANKNIFTY-III.NFO,13/02/2025,09:31:09,50439.25,50440.75,60,50465.55,90,0,58590
BANKNIFTY-III.NFO,13/02/2025,09:31:11,50439.25,50441.15,30,50465.5,60,0,58590
BANKNIFTY-III.NFO,13/02/2025,09:31:12,50439.25,50443.55,30,50466.6,60,0,58590
BANKNIFTY-III.NFO,13/02/2025,09:31:14,50466.6,50443.05,30,50467.05,60,30,58590
BANKNIFTY-III.NFO,13/02/2025,09:31:15,50466.6,50449.35,60,50468.95,90,0,58590
BANKNIFTY-III.NFO,13/02/2025,09:31:17,50466.6,50450.35,60,50468.95,90,0,58590
BANKNIFTY-III.NFO,13/02/2025,09:31:19,50466.6,50450.05,60,50469,30,0,58590
BANKNIFTY-III.NFO,13/02/2025,09:31:20,50466.6,50451.1,30,50476.85,60,0,58590
BANKNIFTY-III.NFO,13/02/2025,09:31:22,50466.6,50456.25,30,50478.6,60,0,58590
BANKNIFTY-III.NFO,13/02/2025,09:31:24,50466.6,50456.6,30,50478.95,60,0,58590
BANKNIFTY-III.NFO,13/02/2025,09:31:25,50466.6,50463.6,60,50479,30,0,58590
BANKNIFTY-III.NFO,13/02/2025,09:31:27,50466.6,50464.3,30,50479,30,0,58590
BANKNIFTY-III.NFO,13/02/2025,09:31:29,50466.6,50457.65,60,50478.95,90,0,58590
BANKNIFTY-III.NFO,13/02/2025,09:31:30,50466.6,50457.8,60,50478.95,90,0,58590
BANKNIFTY-III.NFO,13/02/2025,09:31:32,50466.6,50455.95,60,50478.9,60,0,58590
BANKNIFTY-III.NFO,13/02/2025,09:31:34,50450,50450.65,30,50475.4,60,30,58590
BANKNIFTY-III.NFO,13/02/2025,09:31:35,50450,50452.85,60,50475.4,60,0,58590
BANKNIFTY-III.NFO,13/02/2025,09:31:37,50450,50442.85,30,50466.65,60,0,58590
BANKNIFTY-III.NFO,13/02/2025,09:31:39,50450,50440.95,30,50466.65,60,0,58590
BANKNIFTY-III.NFO,13/02/2025,09:31:40,50450,50446.05,30,50469.35,60,0,58590
BANKNIFTY-III.NFO,13/02/2025,09:31:42,50450,50448.55,30,50471.75,60,0,58590
BANKNIFTY-III.NFO,13/02/2025,09:31:44,50450,50448.2,30,50470.65,60,0,58590
BANKNIFTY-III.NFO,13/02/2025,09:31:45,50450,50452.55,30,50474.85,60,0,58590
BANKNIFTY-III.NFO,13/02/2025,09:31:47,50450,50451.05,30,50477,60,0,58590
BANKNIFTY-III.NFO,13/02/2025,09:31:49,50450,50443.9,30,50467.85,60,0,58590
BANKNIFTY-III.NFO,13/02/2025,09:31:50,50450,50449.15,30,50472.7,60,0,58590
BANKNIFTY-III.NFO,13/02/2025,09:31:52,50450,50456.6,60,50477.95,60,0,58590
BANKNIFTY-III.NFO,13/02/2025,09:31:54,50450,50457.55,60,50477.95,90,0,58590
BANKNIFTY-III.NFO,13/02/2025,09:31:55,50450,50462.9,30,50478,30,0,58590
BANKNIFTY-III.NFO,13/02/2025,09:31:57,50450,50461.5,60,50478,30,0,58590
BANKNIFTY-III.NFO,13/02/2025,09:31:59,50450,50463.9,60,50478,30,0,58590
BANKNIFTY-III.NFO,13/02/2025,09:32:00,50450,50474.05,60,50478,30,0,58590
BANKNIFTY-III.NFO,13/02/2025,09:32:02,50478,50478.15,30,50499.95,90,30,58590
BANKNIFTY-III.NFO,13/02/2025,09:32:04,50478,50479.3,60,50499.95,90,0,58590
BANKNIFTY-III.NFO,13/02/2025,09:32:05,50478,50491.25,60,50500,120,0,58590
BANKNIFTY-III.NFO,13/02/2025,09:32:07,50500,50509.95,30,50530.4,90,120,58590
BANKNIFTY-III.NFO,13/02/2025,09:32:09,50500,50499.5,60,50524.4,60,0,58590
BANKNIFTY-III.NFO,13/02/2025,09:32:10,50500,50493.1,30,50521.35,60,0,58590
BANKNIFTY-III.NFO,13/02/2025,09:32:12,50500,50489.1,30,50515.1,60,0,58590
BANKNIFTY-III.NFO,13/02/2025,09:32:14,50500,50499.85,60,50523.95,60,0,58590
BANKNIFTY-III.NFO,13/02/2025,09:32:15,50520.8,50500.05,60,50520.8,30,60,58590
BANKNIFTY-III.NFO,13/02/2025,09:32:17,50520.8,50500.05,60,50519.9,30,0,58590
BANKNIFTY-III.NFO,13/02/2025,09:32:19,50520.8,50500,30,50511.4,30,0,58590
BANKNIFTY-III.NFO,13/02/2025,09:32:20,50515.85,50492.55,60,50515.9,30,30,58590
BANKNIFTY-III.NFO,13/02/2025,09:32:22,50515.85,50490.85,60,50515.9,30,0,58590
BANKNIFTY-III.NFO,13/02/2025,09:32:24,50515.85,50487.45,90,50515.7,30,0,58590
BANKNIFTY-III.NFO,13/02/2025,09:32:25,50515.85,50496,90,50517.3,30,0,58590
BANKNIFTY-III.NFO,13/02/2025,09:32:27,50515.85,50490.55,60,50516.95,30,0,58590
BANKNIFTY-III.NFO,13/02/2025,09:32:29,50515.85,50490.55,60,50516.2,90,0,58590
BANKNIFTY-III.NFO,13/02/2025,09:32:30,50515.85,50488.4,90,50511.9,30,0,58590
BANKNIFTY-III.NFO,13/02/2025,09:32:32,50515.85,50488.3,60,50511.45,30,0,58590
BANKNIFTY-III.NFO,13/02/2025,09:32:34,50515.85,50490.55,60,50513.8,30,0,58590
BANKNIFTY-III.NFO,13/02/2025,09:32:35,50515.85,50494.6,90,50516.2,30,0,58590
BANKNIFTY-III.NFO,13/02/2025,09:32:37,50515.85,50495.8,60,50521.9,30,0,58590
BANKNIFTY-III.NFO,13/02/2025,09:32:39,50515.85,50496.45,60,50521.05,30,0,58590
BANKNIFTY-III.NFO,13/02/2025,09:32:40,50515.85,50495.05,60,50518.2,30,0,58590
BANKNIFTY-III.NFO,13/02/2025,09:32:42,50515.85,50496,90,50518.2,30,0,58590
BANKNIFTY-III.NFO,13/02/2025,09:32:43,50515.85,50488.55,60,50512.65,30,0,58590
BANKNIFTY-III.NFO,13/02/2025,09:32:45,50515.85,50489.75,90,50514.6,30,0,58590
BANKNIFTY-III.NFO,13/02/2025,09:32:47,50515.85,50493.1,60,50514.6,30,0,58590
BANKNIFTY-III.NFO,13/02/2025,09:32:48,50515.85,50488.55,60,50513.7,30,0,58590
BANKNIFTY-III.NFO,13/02/2025,09:32:50,50515.85,50493.45,60,50517,30,0,58590
BANKNIFTY-III.NFO,13/02/2025,09:32:52,50515.85,50494.55,60,50517,30,0,58590
BANKNIFTY-III.NFO,13/02/2025,09:32:53,50515.85,50502.8,90,50527.5,30,0,58590
BANKNIFTY-III.NFO,13/02/2025,09:32:55,50526.45,50501.3,60,50527.5,30,30,58590
BANKNIFTY-III.NFO,13/02/2025,09:32:57,50526.45,50505.8,60,50528.2,30,0,58590
BANKNIFTY-III.NFO,13/02/2025,09:32:59,50526.45,50518,60,50530.45,30,0,58590
BANKNIFTY-III.NFO,13/02/2025,09:33:00,50526.45,50524.35,60,50530.45,30,0,58590
BANKNIFTY-III.NFO,13/02/2025,09:33:02,50540,50540.2,60,50545,120,90,58590
BANKNIFTY-III.NFO,13/02/2025,09:33:04,50540,50527.05,90,50545,150,0,58590
BANKNIFTY-III.NFO,13/02/2025,09:33:05,50540,50517,60,50544.3,60,0,58590
BANKNIFTY-III.NFO,13/02/2025,09:33:07,50540,50510.45,60,50542.05,30,0,58590
BANKNIFTY-III.NFO,13/02/2025,09:33:09,50540,50518.3,60,50545,150,0,58590
BANKNIFTY-III.NFO,13/02/2025,09:33:10,50540,50527.35,90,50545,120,0,58590
BANKNIFTY-III.NFO,13/02/2025,09:33:12,50540,50521.8,90,50545,150,0,58590
BANKNIFTY-III.NFO,13/02/2025,09:33:13,50540,50525.3,60,50545,150,0,58590
BANKNIFTY-III.NFO,13/02/2025,09:33:15,50540,50532.6,60,50545,120,0,58590
BANKNIFTY-III.NFO,13/02/2025,09:33:17,50540,50535.45,60,50544,150,0,58590
BANKNIFTY-III.NFO,13/02/2025,09:33:18,50540,50534.7,60,50544,150,0,58590
BANKNIFTY-III.NFO,13/02/2025,09:33:20,50540,50537.2,60,50544,150,0,58590
BANKNIFTY-III.NFO,13/02/2025,09:33:22,50536.15,50540,30,50544,150,30,58590
BANKNIFTY-III.NFO,13/02/2025,09:33:23,50544,50528.7,60,50544,120,30,58590
BANKNIFTY-III.NFO,13/02/2025,09:33:25,50544,50532.7,60,50544,120,0,58590
BANKNIFTY-III.NFO,13/02/2025,09:33:27,50544,50533.95,90,50544,120,0,58590
BANKNIFTY-III.NFO,13/02/2025,09:33:28,50544,50533.25,60,50544,120,0,58590
BANKNIFTY-III.NFO,13/02/2025,09:33:30,50544,50537.85,90,50544,120,0,58590
BANKNIFTY-III.NFO,13/02/2025,09:33:32,50544,50531.95,60,50544,120,0,58590
BANKNIFTY-III.NFO,13/02/2025,09:33:33,50530.85,50526.55,90,50543.95,90,30,58590
BANKNIFTY-III.NFO,13/02/2025,09:33:35,50543.95,50525.7,90,50543.95,60,30,58590
BANKNIFTY-III.NFO,13/02/2025,09:33:37,50543.95,50521.5,60,50543.95,60,0,58590
BANKNIFTY-III.NFO,13/02/2025,09:33:38,50543.95,50519.4,90,50540.35,30,0,58590
BANKNIFTY-III.NFO,13/02/2025,09:33:40,50543.95,50525.9,90,50543.95,60,0,58590
BANKNIFTY-III.NFO,13/02/2025,09:33:42,50543.95,50523.1,90,50543.95,60,0,58590
BANKNIFTY-III.NFO,13/02/2025,09:33:43,50543.95,50523.2,30,50543.95,60,0,58590
BANKNIFTY-III.NFO,13/02/2025,09:33:45,50543.95,50516.05,60,50538.9,30,0,58590
BANKNIFTY-III.NFO,13/02/2025,09:33:47,50543.95,50518.35,90,50541.1,30,0,58590
BANKNIFTY-III.NFO,13/02/2025,09:33:48,50543.95,50515.15,90,50537.3,30,0,58590
BANKNIFTY-III.NFO,13/02/2025,09:33:50,50543.95,50521.75,60,50542.15,30,0,58590
BANKNIFTY-III.NFO,13/02/2025,09:33:52,50543.95,50520.8,90,50543.9,30,0,58590
BANKNIFTY-III.NFO,13/02/2025,09:33:53,50543.95,50518.65,60,50541.6,30,0,58590
BANKNIFTY-III.NFO,13/02/2025,09:33:55,50543.95,50514.75,90,50535.85,30,0,58590
BANKNIFTY-III.NFO,13/02/2025,09:33:57,50543.95,50504.7,60,50526.3,30,0,58590
BANKNIFTY-III.NFO,13/02/2025,09:33:58,50543.95,50502.7,60,50525.65,30,0,58590
BANKNIFTY-III.NFO,13/02/2025,09:34:00,50543.95,50506.15,60,50528.25,30,0,58590
BANKNIFTY-III.NFO,13/02/2025,09:34:02,50543.95,50505.05,60,50528.25,30,0,58590
BANKNIFTY-III.NFO,13/02/2025,09:34:03,50543.95,50505.05,60,50527.5,30,0,58590
BANKNIFTY-III.NFO,13/02/2025,09:34:05,50543.95,50500.65,120,50522.45,30,0,58590
BANKNIFTY-III.NFO,13/02/2025,09:34:07,50543.95,50503.1,60,50524.45,30,0,58590
BANKNIFTY-III.NFO,13/02/2025,09:34:08,50543.95,50508.1,90,50528.25,30,0,58590
BANKNIFTY-III.NFO,13/02/2025,09:34:10,50543.95,50508.15,60,50529.4,30,0,58590
BANKNIFTY-III.NFO,13/02/2025,09:34:12,50543.95,50512.1,60,50533.65,30,0,58590
BANKNIFTY-III.NFO,13/02/2025,09:34:13,50543.95,50513.9,60,50534.95,30,0,58590
BANKNIFTY-III.NFO,13/02/2025,09:34:16,50543.95,50514,120,50535.55,60,0,58590
BANKNIFTY-III.NFO,13/02/2025,09:34:18,50543.95,50519.45,60,50541.6,30,0,58590
BANKNIFTY-III.NFO,13/02/2025,09:34:20,50543.95,50507.95,60,50530.35,30,0,58590
BANKNIFTY-III.NFO,13/02/2025,09:34:21,50543.95,50507.95,60,50529.7,30,0,58590
BANKNIFTY-III.NFO,13/02/2025,09:34:23,50543.95,50510.7,90,50532.3,30,0,58590
BANKNIFTY-III.NFO,13/02/2025,09:34:25,50543.95,50518.45,90,50539.95,60,0,58590
BANKNIFTY-III.NFO,13/02/2025,09:34:26,50543.95,50516.2,60,50539.4,60,0,58590
BANKNIFTY-III.NFO,13/02/2025,09:34:28,50543.95,50507.95,90,50528.5,30,0,58590
BANKNIFTY-III.NFO,13/02/2025,09:34:30,50543.95,50508.7,60,50530.55,30,0,58590
BANKNIFTY-III.NFO,13/02/2025,09:34:31,50543.95,50508.85,60,50531.55,30,0,58590
BANKNIFTY-III.NFO,13/02/2025,09:34:33,50543.95,50507.85,60,50530.75,30,0,58590
BANKNIFTY-III.NFO,13/02/2025,09:34:35,50543.95,50511.4,60,50532.8,30,0,58590
BANKNIFTY-III.NFO,13/02/2025,09:34:36,50543.95,50510.55,90,50532.8,30,0,58590
BANKNIFTY-III.NFO,13/02/2025,09:34:38,50543.95,50503.1,60,50526.45,30,0,58590
BANKNIFTY-III.NFO,13/02/2025,09:34:39,50503.05,50500,30,50522.25,60,120,58650
BANKNIFTY-III.NFO,13/02/2025,09:34:41,50503.05,50498.5,60,50519.4,60,0,58650
BANKNIFTY-III.NFO,13/02/2025,09:34:43,50503.05,50499.2,30,50520.35,30,0,58650
BANKNIFTY-III.NFO,13/02/2025,09:34:44,50503.05,50509.55,60,50530.6,60,0,58650
BANKNIFTY-III.NFO,13/02/2025,09:34:46,50503.05,50516.8,60,50537.75,60,0,58650
BANKNIFTY-III.NFO,13/02/2025,09:34:48,50503.05,50519.4,60,50539.9,60,0,58650
BANKNIFTY-III.NFO,13/02/2025,09:34:49,50519.4,50521.1,60,50542.95,60,90,58650
BANKNIFTY-III.NFO,13/02/2025,09:34:51,50519.4,50522.1,60,50543.4,60,0,58650
BANKNIFTY-III.NFO,13/02/2025,09:34:53,50519.4,50523.2,60,50543.9,90,0,58650
BANKNIFTY-III.NFO,13/02/2025,09:34:54,50519.4,50527.2,60,50543.95,30,0,58650
BANKNIFTY-III.NFO,13/02/2025,09:34:56,50519.4,50526.7,60,50540,60,0,58650
BANKNIFTY-III.NFO,13/02/2025,09:34:57,50519.4,50523.8,60,50540,60,0,58650
BANKNIFTY-III.NFO,13/02/2025,09:34:59,50519.4,50524.9,30,50540,60,0,58650
BANKNIFTY-III.NFO,13/02/2025,09:35:01,50519.4,50526.45,60,50540,60,0,58650
BANKNIFTY-III.NFO,13/02/2025,09:35:02,50519.4,50525.8,30,50540,60,0,58650
BANKNIFTY-III.NFO,13/02/2025,09:35:04,50519.4,50521.15,60,50539.95,90,0,58650
BANKNIFTY-III.NFO,13/02/2025,09:35:06,50519.4,50518.8,30,50539.95,90,0,58650
BANKNIFTY-III.NFO,13/02/2025,09:35:07,50519.4,50518.8,30,50539.3,60,0,58650
BANKNIFTY-III.NFO,13/02/2025,09:35:09,50519.4,50515.35,90,50537.85,60,0,58650
BANKNIFTY-III.NFO,13/02/2025,09:35:11,50519.4,50505.55,60,50529,60,0,58650
BANKNIFTY-III.NFO,13/02/2025,09:35:12,50519.4,50500.75,60,50523.7,60,0,58650
BANKNIFTY-III.NFO,13/02/2025,09:35:14,50519.4,50493.15,180,50520.05,60,0,58650
BANKNIFTY-III.NFO,13/02/2025,09:35:16,50519.4,50496.2,180,50519.55,60,0,58650
BANKNIFTY-III.NFO,13/02/2025,09:35:17,50519.4,50494,60,50516.8,60,0,58650
BANKNIFTY-III.NFO,13/02/2025,09:35:19,50519.4,50490.75,30,50514.35,60,0,58650
BANKNIFTY-III.NFO,13/02/2025,09:35:21,50519.4,50495.85,60,50517.45,60,0,58650
BANKNIFTY-III.NFO,13/02/2025,09:35:22,50519.4,50494.85,60,50517.15,90,0,58650
BANKNIFTY-III.NFO,13/02/2025,09:35:24,50519.4,50496.3,60,50516.5,60,0,58650
BANKNIFTY-III.NFO,13/02/2025,09:35:26,50519.4,50502.05,60,50523.7,60,0,58650
BANKNIFTY-III.NFO,13/02/2025,09:35:27,50519.4,50501.3,60,50522.3,60,0,58650
BANKNIFTY-III.NFO,13/02/2025,09:35:29,50529.15,50508.95,60,50529.15,60,30,58650
BANKNIFTY-III.NFO,13/02/2025,09:35:31,50529.15,50514.15,60,50533.6,60,0,58650
BANKNIFTY-III.NFO,13/02/2025,09:35:32,50529.15,50510.5,60,50532.8,60,0,58650
BANKNIFTY-III.NFO,13/02/2025,09:35:34,50529.15,50514.55,60,50535.3,60,0,58650
BANKNIFTY-III.NFO,13/02/2025,09:35:36,50529.15,50513.1,60,50535.75,60,0,58650
BANKNIFTY-III.NFO,13/02/2025,09:35:37,50529.15,50513.4,60,50535.1,60,0,58650
BANKNIFTY-III.NFO,13/02/2025,09:35:39,50529.15,50512.15,30,50539.95,90,0,58650
BANKNIFTY-III.NFO,13/02/2025,09:35:41,50529.15,50514.85,60,50537.15,60,0,58650
BANKNIFTY-III.NFO,13/02/2025,09:35:42,50529.15,50512.65,60,50534.8,60,0,58650
BANKNIFTY-III.NFO,13/02/2025,09:35:44,50529.15,50506.9,60,50530.05,60,0,58650
BANKNIFTY-III.NFO,13/02/2025,09:35:46,50529.15,50506.85,60,50528.9,60,0,58650
BANKNIFTY-III.NFO,13/02/2025,09:35:47,50529.15,50514.95,60,50536.55,60,0,58650
BANKNIFTY-III.NFO,13/02/2025,09:35:49,50534.6,50510.5,60,50534.55,60,30,58650
BANKNIFTY-III.NFO,13/02/2025,09:35:51,50534.6,50507.6,90,50530.2,60,0,58650
BANKNIFTY-III.NFO,13/02/2025,09:35:52,50534.6,50509.6,90,50531.15,60,0,58650
BANKNIFTY-III.NFO,13/02/2025,09:35:54,50534.6,50512.65,90,50532.95,60,0,58650
BANKNIFTY-III.NFO,13/02/2025,09:35:56,50534.6,50511.6,60,50532.95,60,0,58650
BANKNIFTY-III.NFO,13/02/2025,09:35:57,50534.6,50519.95,60,50539.9,60,0,58650
BANKNIFTY-III.NFO,13/02/2025,09:35:59,50534.6,50521.35,90,50539.95,90,0,58650
BANKNIFTY-III.NFO,13/02/2025,09:36:01,50534.6,50520.8,90,50539.95,90,0,58650
BANKNIFTY-III.NFO,13/02/2025,09:36:02,50534.6,50523.5,90,50540,60,0,58650
BANKNIFTY-III.NFO,13/02/2025,09:36:04,50534.6,50526,60,50540,60,0,58650
BANKNIFTY-III.NFO,13/02/2025,09:36:06,50534.6,50522.75,90,50540,60,0,58650
BANKNIFTY-III.NFO,13/02/2025,09:36:07,50534.6,50518.2,90,50539.95,90,0,58650
BANKNIFTY-III.NFO,13/02/2025,09:36:09,50534.6,50519.1,90,50539.95,90,0,58650
BANKNIFTY-III.NFO,13/02/2025,09:36:11,50534.6,50517.85,90,50539.95,90,0,58650
BANKNIFTY-III.NFO,13/02/2025,09:36:12,50534.6,50519.65,60,50534.6,30,0,58650
BANKNIFTY-III.NFO,13/02/2025,09:36:14,50534.6,50515.8,90,50534.55,90,0,58650
BANKNIFTY-III.NFO,13/02/2025,09:36:16,50534.6,50516.15,60,50534.55,90,0,58650
BANKNIFTY-III.NFO,13/02/2025,09:36:17,50534.6,50508.4,90,50529.2,60,0,58650
BANKNIFTY-III.NFO,13/02/2025,09:36:19,50534.6,50509.95,60,50533.85,60,0,58650
BANKNIFTY-III.NFO,13/02/2025,09:36:21,50534.6,50510.2,90,50531.4,60,0,58650
BANKNIFTY-III.NFO,13/02/2025,09:36:22,50534.6,50508.3,90,50530.2,60,0,58650
BANKNIFTY-III.NFO,13/02/2025,09:36:24,50534.6,50503.25,60,50525.55,60,0,58650
BANKNIFTY-III.NFO,13/02/2025,09:36:26,50534.6,50503.65,60,50525.1,60,0,58650
BANKNIFTY-III.NFO,13/02/2025,09:36:27,50534.6,50506.35,90,50527.5,60,0,58650
BANKNIFTY-III.NFO,13/02/2025,09:36:29,50534.6,50506.15,90,50527.5,60,0,58650
BANKNIFTY-III.NFO,13/02/2025,09:36:31,50534.6,50515.8,60,50534.55,90,0,58650
BANKNIFTY-III.NFO,13/02/2025,09:36:32,50534.6,50515.65,90,50534.55,90,0,58650
BANKNIFTY-III.NFO,13/02/2025,09:36:34,50534.6,50514.6,60,50530,30,0,58650
BANKNIFTY-III.NFO,13/02/2025,09:36:35,50534.6,50513,90,50529.95,60,0,58650
BANKNIFTY-III.NFO,13/02/2025,09:36:37,50534.6,50513.6,90,50530,30,0,58650
BANKNIFTY-III.NFO,13/02/2025,09:36:39,50534.6,50519.7,60,50530,30,0,58650
BANKNIFTY-III.NFO,13/02/2025,09:36:40,50534.6,50519.45,60,50530,30,0,58650
BANKNIFTY-III.NFO,13/02/2025,09:36:42,50534.6,50517.85,60,50530,30,0,58650
BANKNIFTY-III.NFO,13/02/2025,09:36:44,50534.6,50514.2,90,50530,30,0,58650
BANKNIFTY-III.NFO,13/02/2025,09:36:45,50534.6,50515.95,60,50530,60,0,58650
BANKNIFTY-III.NFO,13/02/2025,09:36:47,50534.6,50518.2,60,50520,30,0,58650
BANKNIFTY-III.NFO,13/02/2025,09:36:49,50534.6,50509.35,60,50520,30,0,58650
BANKNIFTY-III.NFO,13/02/2025,09:36:50,50534.6,50507.4,60,50520,30,0,58650
BANKNIFTY-III.NFO,13/02/2025,09:36:52,50520,50518.4,90,50534.6,60,30,58650
BANKNIFTY-III.NFO,13/02/2025,09:36:54,50520,50523.65,60,50534.6,60,0,58650
BANKNIFTY-III.NFO,13/02/2025,09:36:55,50520,50525.25,60,50534.6,60,0,58650
BANKNIFTY-III.NFO,13/02/2025,09:36:57,50520,50523.85,90,50534.6,60,0,58650
BANKNIFTY-III.NFO,13/02/2025,09:36:59,50520,50521.9,90,50534.6,60,0,58650
BANKNIFTY-III.NFO,13/02/2025,09:37:00,50520,50522.65,60,50534.6,60,0,58650
BANKNIFTY-III.NFO,13/02/2025,09:37:02,50520,50527.75,60,50534.6,60,0,58650
BANKNIFTY-III.NFO,13/02/2025,09:37:04,50534.6,50534,90,50534.6,30,30,58650
BANKNIFTY-III.NFO,13/02/2025,09:37:05,50534.6,50534,60,50534.6,30,0,58680
BANKNIFTY-III.NFO,13/02/2025,09:37:07,50545,50544.25,60,50550,270,330,58680
BANKNIFTY-III.NFO,13/02/2025,09:37:09,50545,50539.8,60,50550,270,0,58680
BANKNIFTY-III.NFO,13/02/2025,09:37:10,50545,50535,90,50550,270,0,58680
BANKNIFTY-III.NFO,13/02/2025,09:37:12,50545,50531.6,90,50549.95,90,0,58680
BANKNIFTY-III.NFO,13/02/2025,09:37:14,50545,50538.35,30,50550,270,0,58680
BANKNIFTY-III.NFO,13/02/2025,09:37:15,50545,50537.15,90,50550,270,0,58680
BANKNIFTY-III.NFO,13/02/2025,09:37:17,50545,50539.95,90,50550,270,0,58680
BANKNIFTY-III.NFO,13/02/2025,09:37:19,50545,50545.25,60,50550,270,0,58680
BANKNIFTY-III.NFO,13/02/2025,09:37:20,50550,50544.95,60,50550,210,60,58680
BANKNIFTY-III.NFO,13/02/2025,09:37:22,50550,50545.5,60,50550,210,0,58680
BANKNIFTY-III.NFO,13/02/2025,09:37:24,50550,50542,30,50550,210,0,58680
BANKNIFTY-III.NFO,13/02/2025,09:37:25,50550,50535.7,30,50549.95,60,0,58680
BANKNIFTY-III.NFO,13/02/2025,09:37:27,50550,50532.15,60,50549.95,60,0,58680
BANKNIFTY-III.NFO,13/02/2025,09:37:29,50550,50516.85,60,50540.35,60,0,58680
BANKNIFTY-III.NFO,13/02/2025,09:37:30,50550,50515.75,60,50540.35,60,0,58680
BANKNIFTY-III.NFO,13/02/2025,09:37:32,50550,50517.25,30,50540.35,60,0,58680
BANKNIFTY-III.NFO,13/02/2025,09:37:34,50550,50511.3,30,50535.35,60,0,58680
BANKNIFTY-III.NFO,13/02/2025,09:37:35,50550,50505.8,60,50529.05,60,0,58680
BANKNIFTY-III.NFO,13/02/2025,09:37:37,50550,50498.4,60,50523.65,60,0,58680
BANKNIFTY-III.NFO,13/02/2025,09:37:39,50550,50497.3,60,50516.8,60,0,58680
BANKNIFTY-III.NFO,13/02/2025,09:37:40,50550,50492.85,90,50514.9,60,0,58680
BANKNIFTY-III.NFO,13/02/2025,09:37:42,50550,50488.5,90,50508.9,60,0,58680
BANKNIFTY-III.NFO,13/02/2025,09:37:44,50550,50493.4,90,50512.5,60,0,58680
BANKNIFTY-III.NFO,13/02/2025,09:37:45,50550,50494.3,60,50500,30,0,58680
BANKNIFTY-III.NFO,13/02/2025,09:37:47,50550,50496.9,60,50500,30,0,58680
BANKNIFTY-III.NFO,13/02/2025,09:37:49,50550,50498.35,30,50500,30,0,58680
BANKNIFTY-III.NFO,13/02/2025,09:37:50,50500,50502.1,90,50521.65,60,30,58680
BANKNIFTY-III.NFO,13/02/2025,09:37:52,50500,50507.8,60,50526.45,60,0,58680
BANKNIFTY-III.NFO,13/02/2025,09:37:54,50500,50508.9,60,50526.45,60,0,58680
BANKNIFTY-III.NFO,13/02/2025,09:37:55,50500,50507.85,90,50526.45,60,0,58680
BANKNIFTY-III.NFO,13/02/2025,09:37:57,50500,50500.65,60,50521.3,60,0,58680
BANKNIFTY-III.NFO,13/02/2025,09:37:59,50500,50503.85,90,50524.1,60,0,58680
BANKNIFTY-III.NFO,13/02/2025,09:38:00,50500,50506.05,60,50524.1,60,0,58680
BANKNIFTY-III.NFO,13/02/2025,09:38:02,50500,50501,90,50520.5,60,0,58680
BANKNIFTY-III.NFO,13/02/2025,09:38:04,50500,50497.95,90,50519.25,60,0,58680
BANKNIFTY-III.NFO,13/02/2025,09:38:05,50500,50492.2,90,50516.2,60,0,58680
BANKNIFTY-III.NFO,13/02/2025,09:38:07,50500,50490.75,90,50510.65,60,0,58680
BANKNIFTY-III.NFO,13/02/2025,09:38:09,50500,50496.45,90,50516.2,60,0,58680
BANKNIFTY-III.NFO,13/02/2025,09:38:10,50500,50495.05,60,50514.5,60,0,58680
BANKNIFTY-III.NFO,13/02/2025,09:38:12,50500,50503.2,90,50524,60,0,58680
BANKNIFTY-III.NFO,13/02/2025,09:38:14,50500,50505.3,90,50525.75,60,0,58680
BANKNIFTY-III.NFO,13/02/2025,09:38:15,50500,50506.25,90,50525.6,60,0,58680
BANKNIFTY-III.NFO,13/02/2025,09:38:17,50500,50502.3,90,50523.45,60,0,58680
BANKNIFTY-III.NFO,13/02/2025,09:38:19,50500,50501.25,60,50522.15,60,0,58680
BANKNIFTY-III.NFO,13/02/2025,09:38:20,50500,50505.35,90,50525.25,60,0,58680
BANKNIFTY-III.NFO,13/02/2025,09:38:22,50500,50508.85,90,50529.05,60,0,58680
BANKNIFTY-III.NFO,13/02/2025,09:38:24,50500,50514.35,90,50534.25,60,0,58680
BANKNIFTY-III.NFO,13/02/2025,09:38:25,50500,50516.7,90,50536.1,60,0,58680
BANKNIFTY-III.NFO,13/02/2025,09:38:27,50500,50513.05,90,50536.1,60,0,58680
BANKNIFTY-III.NFO,13/02/2025,09:38:29,50500,50516.8,90,50537.5,60,0,58680
BANKNIFTY-III.NFO,13/02/2025,09:38:30,50500,50519.35,60,50538.75,60,0,58680
BANKNIFTY-III.NFO,13/02/2025,09:38:32,50500,50515.35,60,50538.1,60,0,58680
BANKNIFTY-III.NFO,13/02/2025,09:38:34,50500,50510.55,120,50535,60,0,58680
BANKNIFTY-III.NFO,13/02/2025,09:38:35,50500,50520.3,60,50544.8,60,0,58680
BANKNIFTY-III.NFO,13/02/2025,09:38:37,50500,50521.65,90,50544.8,60,0,58680
BANKNIFTY-III.NFO,13/02/2025,09:38:39,50500,50516.75,60,50542.45,60,0,58680
BANKNIFTY-III.NFO,13/02/2025,09:38:40,50500,50514.35,90,50539.35,60,0,58680
BANKNIFTY-III.NFO,13/02/2025,09:38:42,50500,50515.4,90,50537.3,60,0,58680
BANKNIFTY-III.NFO,13/02/2025,09:38:44,50500,50514.4,60,50537.55,60,0,58680
BANKNIFTY-III.NFO,13/02/2025,09:38:45,50500,50513.9,60,50536.95,60,0,58680
BANKNIFTY-III.NFO,13/02/2025,09:38:47,50500,50511.9,90,50533.6,60,0,58680
BANKNIFTY-III.NFO,13/02/2025,09:38:49,50500,50508.9,60,50531.85,60,0,58680
BANKNIFTY-III.NFO,13/02/2025,09:38:50,50500,50511.15,60,50532.5,60,0,58680
BANKNIFTY-III.NFO,13/02/2025,09:38:52,50500,50511.95,60,50536,60,0,58680
BANKNIFTY-III.NFO,13/02/2025,09:38:54,50500,50508.85,60,50532.5,60,0,58680
BANKNIFTY-III.NFO,13/02/2025,09:38:55,50500,50508.95,60,50531.05,60,0,58680
BANKNIFTY-III.NFO,13/02/2025,09:38:57,50500,50507.05,90,50528.15,60,0,58680
BANKNIFTY-III.NFO,13/02/2025,09:38:59,50500,50508.1,60,50530.55,60,0,58680
BANKNIFTY-III.NFO,13/02/2025,09:39:00,50500,50507.45,60,50530.15,60,0,58680
BANKNIFTY-III.NFO,13/02/2025,09:39:02,50500,50505.4,60,50530.05,90,0,58680
BANKNIFTY-III.NFO,13/02/2025,09:39:04,50500,50506.95,60,50530,60,0,58680
BANKNIFTY-III.NFO,13/02/2025,09:39:05,50500,50515.55,90,50536,60,0,58680
BANKNIFTY-III.NFO,13/02/2025,09:39:07,50500,50516.6,90,50536.6,60,0,58680
BANKNIFTY-III.NFO,13/02/2025,09:39:09,50500,50512.75,60,50536,60,0,58680
BANKNIFTY-III.NFO,13/02/2025,09:39:10,50500,50512.3,60,50536,60,0,58680
BANKNIFTY-III.NFO,13/02/2025,09:39:12,50500,50501.7,60,50526.4,90,0,58680
BANKNIFTY-III.NFO,13/02/2025,09:39:14,50500,50495.5,60,50521.25,60,0,58680
BANKNIFTY-III.NFO,13/02/2025,09:39:15,50500,50514.3,90,50533.95,60,0,58680
BANKNIFTY-III.NFO,13/02/2025,09:39:17,50500,50513.1,60,50533.95,60,0,58680
BANKNIFTY-III.NFO,13/02/2025,09:39:19,50509.25,50509.25,30,50533.95,60,30,58680
BANKNIFTY-III.NFO,13/02/2025,09:39:20,50509.25,50513.6,60,50533,60,0,58680
BANKNIFTY-III.NFO,13/02/2025,09:39:22,50509.25,50516.9,30,50539.95,90,0,58680
BANKNIFTY-III.NFO,13/02/2025,09:39:24,50509.25,50509,60,50531.45,60,0,58680
BANKNIFTY-III.NFO,13/02/2025,09:39:25,50509.25,50504.5,60,50527.75,60,0,58680
BANKNIFTY-III.NFO,13/02/2025,09:39:27,50509.25,50501.15,60,50525.95,60,0,58680
BANKNIFTY-III.NFO,13/02/2025,09:39:29,50509.25,50497.35,30,50523.2,60,0,58680
BANKNIFTY-III.NFO,13/02/2025,09:39:30,50509.25,50492.45,60,50515.5,60,0,58680
BANKNIFTY-III.NFO,13/02/2025,09:39:32,50509.25,50496.8,60,50519.65,60,0,58680
BANKNIFTY-III.NFO,13/02/2025,09:39:34,50509.25,50496.65,60,50518.7,60,0,58680
BANKNIFTY-III.NFO,13/02/2025,09:39:37,50509.25,50500.5,30,50523.05,60,0,58680
BANKNIFTY-III.NFO,13/02/2025,09:39:39,50509.25,50500.5,90,50523.05,60,0,58680
BANKNIFTY-III.NFO,13/02/2025,09:39:40,50509.25,50503.5,90,50524.75,60,0,58680
BANKNIFTY-III.NFO,13/02/2025,09:39:42,50509.25,50505.75,60,50525.95,60,0,58680
BANKNIFTY-III.NFO,13/02/2025,09:39:44,50509.25,50504.1,30,50527.25,60,0,58680
BANKNIFTY-III.NFO,13/02/2025,09:39:45,50509.25,50506.8,60,50527.25,60,0,58680
BANKNIFTY-III.NFO,13/02/2025,09:39:47,50509.25,50507,60,50527.25,60,0,58680
BANKNIFTY-III.NFO,13/02/2025,09:39:49,50509.25,50498.45,30,50520.15,60,0,58680
BANKNIFTY-III.NFO,13/02/2025,09:39:50,50509.25,50495.65,30,50518.25,60,0,58680
BANKNIFTY-III.NFO,13/02/2025,09:39:52,50509.25,50495.65,30,50517.85,60,0,58680
BANKNIFTY-III.NFO,13/02/2025,09:39:54,50509.25,50495,30,50517,60,0,58680
BANKNIFTY-III.NFO,13/02/2025,09:39:55,50509.25,50491.65,30,50513.3,60,0,58680
BANKNIFTY-III.NFO,13/02/2025,09:39:57,50509.25,50495.1,60,50515.35,60,0,58680
BANKNIFTY-III.NFO,13/02/2025,09:39:59,50509.25,50500.2,30,50520.15,60,0,58680
BANKNIFTY-III.NFO,13/02/2025,09:40:00,50509.25,50491.45,60,50516.45,60,0,58680
BANKNIFTY-III.NFO,13/02/2025,09:40:02,50509.25,50487.15,60,50508.55,60,0,58680
BANKNIFTY-III.NFO,13/02/2025,09:40:04,50509.25,50485.4,60,50507.2,60,0,58680
BANKNIFTY-III.NFO,13/02/2025,09:40:05,50509.25,50487,60,50508.65,90,0,58680
BANKNIFTY-III.NFO,13/02/2025,09:40:07,50509.25,50483.95,60,50504.3,60,0,58680
BANKNIFTY-III.NFO,13/02/2025,09:40:09,50509.25,50483.9,60,50507.75,60,0,58680
BANKNIFTY-III.NFO,13/02/2025,09:40:10,50509.25,50499.95,60,50520.5,60,0,58680
BANKNIFTY-III.NFO,13/02/2025,09:40:12,50509.25,50510.4,90,50530.8,60,0,58680
BANKNIFTY-III.NFO,13/02/2025,09:40:14,50509.25,50512.85,60,50532.8,60,0,58680
BANKNIFTY-III.NFO,13/02/2025,09:40:15,50509.25,50519.2,60,50539.55,60,0,58680
BANKNIFTY-III.NFO,13/02/2025,09:40:17,50509.25,50519.1,60,50539.95,90,0,58680
BANKNIFTY-III.NFO,13/02/2025,09:40:19,50509.25,50516,30,50539.9,60,0,58680
BANKNIFTY-III.NFO,13/02/2025,09:40:20,50509.25,50510.65,30,50536.6,60,0,58680
BANKNIFTY-III.NFO,13/02/2025,09:40:22,50509.25,50500.9,30,50527.1,60,0,58680
BANKNIFTY-III.NFO,13/02/2025,09:40:24,50509.25,50504.65,60,50525.4,60,0,58680
BANKNIFTY-III.NFO,13/02/2025,09:40:25,50509.25,50506.75,30,50530.05,60,0,58680
BANKNIFTY-III.NFO,13/02/2025,09:40:27,50509.25,50507.1,30,50527.7,60,0,58680
BANKNIFTY-III.NFO,13/02/2025,09:40:29,50509.25,50511.4,60,50532.25,60,0,58680
BANKNIFTY-III.NFO,13/02/2025,09:40:30,50509.25,50507.1,60,50529.3,60,0,58680
BANKNIFTY-III.NFO,13/02/2025,09:40:32,50509.25,50510.6,30,50531.95,60,0,58680
BANKNIFTY-III.NFO,13/02/2025,09:40:33,50509.25,50516.6,60,50539.35,90,0,58680
BANKNIFTY-III.NFO,13/02/2025,09:40:35,50509.25,50514.45,30,50537.35,60,0,58680
BANKNIFTY-III.NFO,13/02/2025,09:40:37,50509.25,50514.2,60,50535.95,60,0,58680
BANKNIFTY-III.NFO,13/02/2025,09:40:38,50509.25,50511.4,90,50535.95,60,0,58680
BANKNIFTY-III.NFO,13/02/2025,09:40:40,50509.25,50517.4,30,50536.6,60,0,58680
BANKNIFTY-III.NFO,13/02/2025,09:40:42,50509.25,50519.25,60,50538.7,60,0,58680
BANKNIFTY-III.NFO,13/02/2025,09:40:43,50509.25,50522,30,50539.95,90,0,58680
BANKNIFTY-III.NFO,13/02/2025,09:40:45,50509.25,50519.1,30,50537.5,60,0,58680
BANKNIFTY-III.NFO,13/02/2025,09:40:47,50509.25,50513.35,30,50534.3,90,0,58680
BANKNIFTY-III.NFO,13/02/2025,09:40:48,50509.25,50517.7,60,50539.9,60,0,58680
BANKNIFTY-III.NFO,13/02/2025,09:40:50,50509.25,50517.25,60,50539.35,60,0,58680
BANKNIFTY-III.NFO,13/02/2025,09:40:52,50509.25,50515.65,60,50535.5,60,0,58680
BANKNIFTY-III.NFO,13/02/2025,09:40:53,50509.25,50517,60,50537.7,60,0,58680
BANKNIFTY-III.NFO,13/02/2025,09:40:55,50509.25,50518.45,60,50538.65,60,0,58680
BANKNIFTY-III.NFO,13/02/2025,09:40:57,50509.25,50524.85,30,50540,60,0,58680
BANKNIFTY-III.NFO,13/02/2025,09:40:58,50509.25,50522.65,60,50540,60,0,58680
BANKNIFTY-III.NFO,13/02/2025,09:41:00,50509.25,50527.35,60,50540,60,0,58680
BANKNIFTY-III.NFO,13/02/2025,09:41:02,50509.25,50526.2,60,50540,60,0,58680
BANKNIFTY-III.NFO,13/02/2025,09:41:03,50509.25,50522.55,60,50539.95,30,0,58680
BANKNIFTY-III.NFO,13/02/2025,09:41:05,50509.25,50522,60,50540,60,0,58680
BANKNIFTY-III.NFO,13/02/2025,09:41:07,50509.25,50522.05,60,50539.95,90,0,58680
BANKNIFTY-III.NFO,13/02/2025,09:41:08,50509.25,50521.95,30,50539.95,90,0,58680
BANKNIFTY-III.NFO,13/02/2025,09:41:10,50509.25,50517.9,30,50539.95,90,0,58680
BANKNIFTY-III.NFO,13/02/2025,09:41:11,50509.25,50522.3,60,50539.95,90,0,58680
BANKNIFTY-III.NFO,13/02/2025,09:41:13,50509.25,50520.95,60,50539.95,90,0,58680
BANKNIFTY-III.NFO,13/02/2025,09:41:14,50520.95,50520.95,30,50539.95,90,30,58680
BANKNIFTY-III.NFO,13/02/2025,09:41:16,50520.95,50521.95,30,50539.95,90,0,59040
BANKNIFTY-III.NFO,13/02/2025,09:41:18,50520.95,50522.3,60,50539.95,90,0,59040
BANKNIFTY-III.NFO,13/02/2025,09:41:19,50520.95,50520.95,60,50539.95,90,0,59040
BANKNIFTY-III.NFO,13/02/2025,09:41:21,50522.7,50520.95,30,50535.4,90,30,59040
BANKNIFTY-III.NFO,13/02/2025,09:41:23,50522.7,50520.95,30,50535.4,90,0,59040
BANKNIFTY-III.NFO,13/02/2025,09:41:24,50522.7,50520.95,30,50537.95,90,0,59040
BANKNIFTY-III.NFO,13/02/2025,09:41:26,50522.7,50520.95,30,50538.15,90,0,59040
BANKNIFTY-III.NFO,13/02/2025,09:41:27,50522.7,50520.95,60,50539.9,60,0,59040
BANKNIFTY-III.NFO,13/02/2025,09:41:29,50522.7,50521.05,60,50539.95,90,0,59040
BANKNIFTY-III.NFO,13/02/2025,09:41:31,50522.7,50521.5,30,50539.95,90,0,59040
BANKNIFTY-III.NFO,13/02/2025,09:41:32,50522.7,50520.95,60,50539.95,90,0,59040
BANKNIFTY-III.NFO,13/02/2025,09:41:34,50522.7,50520.95,30,50539.3,60,0,59040
BANKNIFTY-III.NFO,13/02/2025,09:41:36,50522.7,50520.95,30,50537,90,0,59040
BANKNIFTY-III.NFO,13/02/2025,09:41:37,50522.7,50520.95,30,50537.4,90,0,59040
BANKNIFTY-III.NFO,13/02/2025,09:41:39,50522.7,50520.95,30,50539.9,60,0,59040
BANKNIFTY-III.NFO,13/02/2025,09:41:41,50522.7,50520.95,30,50535.1,90,0,59040
BANKNIFTY-III.NFO,13/02/2025,09:41:46,50522.7,50520.95,60,50539.95,90,0,59040
BANKNIFTY-III.NFO,13/02/2025,09:41:47,50522.7,50524,30,50539.95,90,0,59040
BANKNIFTY-III.NFO,13/02/2025,09:41:49,50522.7,50526.5,30,50540,60,0,59040
BANKNIFTY-III.NFO,13/02/2025,09:41:50,50522.7,50527.6,30,50540,60,0,59040
BANKNIFTY-III.NFO,13/02/2025,09:41:52,50522.7,50529.5,30,50540,60,0,59040
BANKNIFTY-III.NFO,13/02/2025,09:41:54,50522.7,50526.55,30,50540,60,0,59040
BANKNIFTY-III.NFO,13/02/2025,09:41:55,50525.9,50521,120,50539.95,90,30,59040
BANKNIFTY-III.NFO,13/02/2025,09:41:57,50525.9,50523.3,30,50540,90,0,59040
BANKNIFTY-III.NFO,13/02/2025,09:41:59,50525.9,50520.95,60,50539.95,90,0,59040
BANKNIFTY-III.NFO,13/02/2025,09:42:02,50539.95,50521,90,50539.9,60,60,59040
BANKNIFTY-III.NFO,13/02/2025,09:42:04,50539.95,50523.1,90,50539.95,60,0,59040
BANKNIFTY-III.NFO,13/02/2025,09:42:05,50539.95,50523.85,240,50540,60,0,59040
BANKNIFTY-III.NFO,13/02/2025,09:42:07,50539.95,50525,90,50540,60,0,59040
BANKNIFTY-III.NFO,13/02/2025,09:42:09,50539.95,50521,90,50539.95,90,0,59040
BANKNIFTY-III.NFO,13/02/2025,09:42:10,50539.95,50522.1,90,50539.95,120,0,59040
BANKNIFTY-III.NFO,13/02/2025,09:42:12,50539.95,50521,90,50539.9,90,0,59040
BANKNIFTY-III.NFO,13/02/2025,09:42:14,50539.95,50520.95,30,50536.85,90,0,59040
BANKNIFTY-III.NFO,13/02/2025,09:42:15,50539.95,50520.95,30,50534.85,60,0,59040
BANKNIFTY-III.NFO,13/02/2025,09:42:17,50539.95,50520.95,30,50535.35,90,0,59040
BANKNIFTY-III.NFO,13/02/2025,09:42:19,50539.95,50521,90,50539.85,60,0,59040
BANKNIFTY-III.NFO,13/02/2025,09:42:20,50539.95,50524.9,90,50539.95,30,0,59040
BANKNIFTY-III.NFO,13/02/2025,09:42:22,50539.95,50522.15,90,50539.9,90,0,59040
BANKNIFTY-III.NFO,13/02/2025,09:42:24,50539.95,50521.05,60,50539.9,90,0,59040
BANKNIFTY-III.NFO,13/02/2025,09:42:27,50539.95,50521,60,50539.9,90,0,59040
BANKNIFTY-III.NFO,13/02/2025,09:42:29,50539.95,50520.95,30,50538.4,90,0,59040
BANKNIFTY-III.NFO,13/02/2025,09:42:30,50539.95,50521,90,50539.9,90,0,59040
BANKNIFTY-III.NFO,13/02/2025,09:42:32,50539.95,50521,90,50539.35,60,0,59040
BANKNIFTY-III.NFO,13/02/2025,09:42:34,50539.95,50521.7,90,50539.9,90,0,59040
BANKNIFTY-III.NFO,13/02/2025,09:42:35,50539.95,50524,90,50539.95,30,0,59040
BANKNIFTY-III.NFO,13/02/2025,09:42:37,50539.95,50528.25,60,50539.95,30,0,59040
BANKNIFTY-III.NFO,13/02/2025,09:42:39,50539.95,50527.3,60,50539.95,30,0,59040
BANKNIFTY-III.NFO,13/02/2025,09:42:40,50539.95,50528.8,60,50539.95,30,0,59040
BANKNIFTY-III.NFO,13/02/2025,09:42:42,50539.95,50535.25,90,50540,60,30,59040
BANKNIFTY-III.NFO,13/02/2025,09:42:44,50540,50541.2,60,50548,150,60,59040
BANKNIFTY-III.NFO,13/02/2025,09:42:45,50540,50543.6,30,50548,150,0,59040
BANKNIFTY-III.NFO,13/02/2025,09:42:47,50550,50549.5,30,50550,240,300,59040
BANKNIFTY-III.NFO,13/02/2025,09:42:49,50550,50549.75,150,50550,90,150,59040
BANKNIFTY-III.NFO,13/02/2025,09:42:50,50550,50551.3,150,50555,30,90,59040
BANKNIFTY-III.NFO,13/02/2025,09:42:52,50550,50551.45,120,50555,30,0,59040
BANKNIFTY-III.NFO,13/02/2025,09:42:54,50560,50564.3,120,50575,30,90,59040
BANKNIFTY-III.NFO,13/02/2025,09:42:54,50560,50564.3,120,50575,30,0,59040
BANKNIFTY-III.NFO,13/02/2025,09:42:55,50560,50567.8,60,50575,30,0,59040
BANKNIFTY-III.NFO,13/02/2025,09:42:57,50560,50567.25,60,50575,30,0,59040
BANKNIFTY-III.NFO,13/02/2025,09:42:59,50560,50560.6,30,50575,30,0,59040
BANKNIFTY-III.NFO,13/02/2025,09:43:00,50560,50561.65,30,50574.95,60,0,59040
BANKNIFTY-III.NFO,13/02/2025,09:43:02,50569.05,50568.35,30,50575,30,30,59430
BANKNIFTY-III.NFO,13/02/2025,09:43:02,50569.05,50568.35,30,50575,30,0,59430
BANKNIFTY-III.NFO,13/02/2025,09:43:04,50569.05,50569.25,30,50575,30,0,59430
BANKNIFTY-III.NFO,13/02/2025,09:43:05,50569.05,50565.1,60,50575,30,0,59430
BANKNIFTY-III.NFO,13/02/2025,09:43:07,50569.05,50561,30,50575,30,0,59430
BANKNIFTY-III.NFO,13/02/2025,09:43:09,50569.05,50564.05,60,50575,30,0,59430
BANKNIFTY-III.NFO,13/02/2025,09:43:10,50565,50562,30,50569,30,30,59430
BANKNIFTY-III.NFO,13/02/2025,09:43:12,50565,50560.5,30,50569,30,0,59430
BANKNIFTY-III.NFO,13/02/2025,09:43:14,50565,50553.4,60,50568.95,90,0,59430
BANKNIFTY-III.NFO,13/02/2025,09:43:15,50565,50553.65,30,50569,30,0,59430
BANKNIFTY-III.NFO,13/02/2025,09:43:17,50565,50553.4,60,50568.95,90,0,59430
BANKNIFTY-III.NFO,13/02/2025,09:43:19,50565,50553.4,60,50560,30,0,59430
BANKNIFTY-III.NFO,13/02/2025,09:43:20,50560,50554.95,60,50574.55,60,30,59430
BANKNIFTY-III.NFO,13/02/2025,09:43:22,50560,50565,120,50575,30,0,59430
BANKNIFTY-III.NFO,13/02/2025,09:43:24,50560,50565,120,50574.95,60,0,59430
BANKNIFTY-III.NFO,13/02/2025,09:43:27,50560,50565,120,50575,30,0,59430
BANKNIFTY-III.NFO,13/02/2025,09:43:34,50560,50565,120,50574.95,60,0,59430
BANKNIFTY-III.NFO,13/02/2025,09:43:37,50560,50565,120,50574.95,90,0,59430
BANKNIFTY-III.NFO,13/02/2025,09:43:40,50560,50565,120,50570.5,60,0,59430
BANKNIFTY-III.NFO,13/02/2025,09:43:42,50560,50565,120,50570.35,90,0,59430
BANKNIFTY-III.NFO,13/02/2025,09:43:43,50560,50565,120,50571.05,90,0,59430
BANKNIFTY-III.NFO,13/02/2025,09:43:45,50565,50546.15,30,50568.45,60,120,59430
BANKNIFTY-III.NFO,13/02/2025,09:43:47,50565,50558.75,30,50575,60,0,59430
BANKNIFTY-III.NFO,13/02/2025,09:43:49,50565,50552.35,30,50574.95,60,0,59430
BANKNIFTY-III.NFO,13/02/2025,09:43:50,50565,50550.05,30,50573.25,60,0,59430
BANKNIFTY-III.NFO,13/02/2025,09:43:52,50565,50551.9,60,50571.55,60,0,59430
BANKNIFTY-III.NFO,13/02/2025,09:43:54,50565,50565,30,50571.55,60,0,59430
BANKNIFTY-III.NFO,13/02/2025,09:43:55,50565,50565,30,50573.2,60,0,59430
BANKNIFTY-III.NFO,13/02/2025,09:43:57,50565,50565,30,50572.55,60,0,59430
BANKNIFTY-III.NFO,13/02/2025,09:43:59,50565,50565,30,50569.1,90,0,59430
BANKNIFTY-III.NFO,13/02/2025,09:44:00,50565,50539.7,30,50562.25,60,30,59430
BANKNIFTY-III.NFO,13/02/2025,09:44:02,50565,50539.7,30,50561.8,60,0,59430
BANKNIFTY-III.NFO,13/02/2025,09:44:04,50565,50540.8,180,50564.4,60,0,59430
BANKNIFTY-III.NFO,13/02/2025,09:44:05,50565,50549.55,180,50565,30,0,59430
BANKNIFTY-III.NFO,13/02/2025,09:44:07,50565,50546.9,60,50565,60,0,59430
BANKNIFTY-III.NFO,13/02/2025,09:44:09,50565,50545.6,30,50564.95,90,0,59430
BANKNIFTY-III.NFO,13/02/2025,09:44:10,50565,50541.35,30,50564.95,90,0,59430
BANKNIFTY-III.NFO,13/02/2025,09:44:12,50564.95,50538.4,60,50561,90,60,59430
BANKNIFTY-III.NFO,13/02/2025,09:44:14,50564.95,50538.95,60,50561,90,0,59430
BANKNIFTY-III.NFO,13/02/2025,09:44:15,50564.95,50538.35,90,50560.2,60,0,59430
BANKNIFTY-III.NFO,13/02/2025,09:44:17,50564.95,50539,210,50560.2,60,0,59430
BANKNIFTY-III.NFO,13/02/2025,09:44:19,50564.95,50540.5,90,50560.95,60,0,59430
BANKNIFTY-III.NFO,13/02/2025,09:44:20,50564.95,50534,90,50555.8,60,0,59430
BANKNIFTY-III.NFO,13/02/2025,09:44:22,50564.95,50532.9,60,50556.05,60,0,59430
BANKNIFTY-III.NFO,13/02/2025,09:44:24,50564.95,50525.85,60,50549.15,60,0,59430
BANKNIFTY-III.NFO,13/02/2025,09:44:25,50564.95,50521,90,50543.6,60,0,59430
BANKNIFTY-III.NFO,13/02/2025,09:44:27,50564.95,50525.05,60,50548.65,60,0,59430
BANKNIFTY-III.NFO,13/02/2025,09:44:29,50564.95,50526.65,60,50548.6,60,0,59430
BANKNIFTY-III.NFO,13/02/2025,09:44:30,50564.95,50529.85,60,50553.65,90,0,59430
BANKNIFTY-III.NFO,13/02/2025,09:44:32,50564.95,50534.15,60,50555.35,90,0,59430
BANKNIFTY-III.NFO,13/02/2025,09:44:34,50564.95,50537.95,90,50559.35,60,0,59430
BANKNIFTY-III.NFO,13/02/2025,09:44:35,50564.95,50533.2,90,50556.5,90,0,59430
BANKNIFTY-III.NFO,13/02/2025,09:44:37,50564.95,50537.2,90,50557.35,90,0,59430
BANKNIFTY-III.NFO,13/02/2025,09:44:39,50564.95,50540.9,60,50557.35,90,0,59430
BANKNIFTY-III.NFO,13/02/2025,09:44:40,50564.95,50536.75,90,50557.35,90,0,59430
BANKNIFTY-III.NFO,13/02/2025,09:44:42,50564.95,50538.4,90,50558.6,60,0,59430
BANKNIFTY-III.NFO,13/02/2025,09:44:44,50564.95,50539.4,90,50558.6,60,0,59430
BANKNIFTY-III.NFO,13/02/2025,09:44:45,50564.95,50544.55,90,50560,120,0,59430
BANKNIFTY-III.NFO,13/02/2025,09:44:47,50564.95,50546.15,60,50560,90,0,59430
BANKNIFTY-III.NFO,13/02/2025,09:44:49,50564.95,50547.05,60,50560,90,0,59430
BANKNIFTY-III.NFO,13/02/2025,09:44:50,50564.95,50551.8,60,50560,90,0,59430
BANKNIFTY-III.NFO,13/02/2025,09:44:52,50564.95,50546.9,60,50560,90,0,59430
BANKNIFTY-III.NFO,13/02/2025,09:44:53,50564.95,50547.05,60,50560,90,0,59430
BANKNIFTY-III.NFO,13/02/2025,09:44:55,50564.95,50545.15,60,50556,30,0,59430
BANKNIFTY-III.NFO,13/02/2025,09:44:57,50564.95,50546.45,60,50556,30,0,59430
BANKNIFTY-III.NFO,13/02/2025,09:44:58,50564.95,50545.15,60,50556,30,0,59430
BANKNIFTY-III.NFO,13/02/2025,09:45:00,50564.95,50547,60,50556,30,0,59430
BANKNIFTY-III.NFO,13/02/2025,09:45:02,50564.95,50550.05,60,50556,30,0,59430
BANKNIFTY-III.NFO,13/02/2025,09:45:03,50564.95,50552.7,60,50556,30,0,59430
BANKNIFTY-III.NFO,13/02/2025,09:45:05,50564.95,50554.5,60,50556,30,0,59430
BANKNIFTY-III.NFO,13/02/2025,09:45:07,50564.95,50554.9,30,50556,30,0,59430
BANKNIFTY-III.NFO,13/02/2025,09:45:08,50547.65,50548.5,60,50560,30,60,59430
BANKNIFTY-III.NFO,13/02/2025,09:45:10,50547.65,50547,30,50560,30,0,59430
BANKNIFTY-III.NFO,13/02/2025,09:45:12,50547.65,50548.3,30,50560,30,0,59430
BANKNIFTY-III.NFO,13/02/2025,09:45:13,50547.65,50543.85,60,50559.95,90,0,59430
BANKNIFTY-III.NFO,13/02/2025,09:45:15,50547.65,50542.4,60,50559.95,90,0,59430
BANKNIFTY-III.NFO,13/02/2025,09:45:16,50547.65,50542.9,60,50559.95,90,0,59430
BANKNIFTY-III.NFO,13/02/2025,09:45:18,50547.65,50545.45,30,50559.95,90,0,59430
BANKNIFTY-III.NFO,13/02/2025,09:45:20,50547.65,50540.2,60,50559.95,90,0,59430
BANKNIFTY-III.NFO,13/02/2025,09:45:21,50559.95,50538,90,50559.95,90,30,59430
BANKNIFTY-III.NFO,13/02/2025,09:45:23,50559.95,50544.5,90,50559.95,60,0,59430
BANKNIFTY-III.NFO,13/02/2025,09:45:25,50559.95,50549.45,60,50560,30,0,59430
BANKNIFTY-III.NFO,13/02/2025,09:45:26,50559.95,50553.6,60,50560,30,0,59430
BANKNIFTY-III.NFO,13/02/2025,09:45:28,50559.95,50552.7,60,50560,30,0,59430
BANKNIFTY-III.NFO,13/02/2025,09:45:30,50559.95,50554.75,60,50560,30,0,59430
BANKNIFTY-III.NFO,13/02/2025,09:45:31,50559.95,50549.25,90,50560,30,0,59430
BANKNIFTY-III.NFO,13/02/2025,09:45:33,50559.95,50553.65,60,50560,30,0,59430
BANKNIFTY-III.NFO,13/02/2025,09:45:35,50559.95,50557,60,50560,30,0,59430
BANKNIFTY-III.NFO,13/02/2025,09:45:36,50559.95,50555.6,60,50560,30,0,59430
BANKNIFTY-III.NFO,13/02/2025,09:45:38,50559.95,50556.75,30,50560,60,0,59430
BANKNIFTY-III.NFO,13/02/2025,09:45:40,50559.95,50556.95,30,50560,60,0,59430
BANKNIFTY-III.NFO,13/02/2025,09:45:41,50559.95,50550,30,50560,60,0,59430
BANKNIFTY-III.NFO,13/02/2025,09:45:43,50559.95,50554,60,50560,60,0,59430
BANKNIFTY-III.NFO,13/02/2025,09:45:45,50559.95,50553.95,60,50560,60,0,59430
BANKNIFTY-III.NFO,13/02/2025,09:45:46,50560,50558.85,60,50574.95,90,60,59430
BANKNIFTY-III.NFO,13/02/2025,09:45:48,50560,50556.5,90,50574.95,90,0,59430
BANKNIFTY-III.NFO,13/02/2025,09:45:50,50560,50560.9,60,50574.95,60,0,59430
BANKNIFTY-III.NFO,13/02/2025,09:45:51,50560,50560.05,30,50574.95,90,0,59430
BANKNIFTY-III.NFO,13/02/2025,09:45:53,50560,50560.15,30,50574.95,90,0,59430
BANKNIFTY-III.NFO,13/02/2025,09:45:54,50560,50560,30,50574.05,60,0,59430
BANKNIFTY-III.NFO,13/02/2025,09:45:56,50560,50560,30,50573.05,90,0,59430
BANKNIFTY-III.NFO,13/02/2025,09:45:59,50560,50560,30,50570.75,60,0,59430
BANKNIFTY-III.NFO,13/02/2025,09:46:01,50560,50560,30,50574.9,60,0,59430
BANKNIFTY-III.NFO,13/02/2025,09:46:03,50560,50560,30,50574.55,60,0,59430
BANKNIFTY-III.NFO,13/02/2025,09:46:05,50560,50560,30,50567.5,60,0,59430
BANKNIFTY-III.NFO,13/02/2025,09:46:06,50559.95,50540.25,60,50559.95,60,60,59340
BANKNIFTY-III.NFO,13/02/2025,09:46:08,50559.95,50539.5,90,50559.95,60,0,59340
BANKNIFTY-III.NFO,13/02/2025,09:46:11,50559.95,50542.4,60,50559.95,30,0,59340
BANKNIFTY-III.NFO,13/02/2025,09:46:13,50559.95,50544.2,60,50560,30,0,59340
BANKNIFTY-III.NFO,13/02/2025,09:46:15,50559.95,50543.3,60,50559.95,30,0,59340
BANKNIFTY-III.NFO,13/02/2025,09:46:16,50559.95,50544.3,90,50560,30,0,59340
BANKNIFTY-III.NFO,13/02/2025,09:46:18,50559.95,50551.8,60,50560,30,0,59340
BANKNIFTY-III.NFO,13/02/2025,09:46:20,50559.95,50544.4,90,50560,30,0,59340
BANKNIFTY-III.NFO,13/02/2025,09:46:21,50559.95,50543.35,90,50559.95,60,0,59340
BANKNIFTY-III.NFO,13/02/2025,09:46:23,50559.95,50542.85,90,50559.95,60,0,59340
BANKNIFTY-III.NFO,13/02/2025,09:46:25,50559.95,50543.9,90,50560,30,0,59340
BANKNIFTY-III.NFO,13/02/2025,09:46:26,50559.95,50548,60,50560,30,0,59340
BANKNIFTY-III.NFO,13/02/2025,09:46:28,50559.95,50549.45,60,50560,30,0,59340
BANKNIFTY-III.NFO,13/02/2025,09:46:30,50559.95,50549.95,60,50560,30,0,59340
BANKNIFTY-III.NFO,13/02/2025,09:46:31,50559.95,50556.3,60,50560,30,0,59340
BANKNIFTY-III.NFO,13/02/2025,09:46:33,50559.95,50552.2,60,50560,30,0,59340
BANKNIFTY-III.NFO,13/02/2025,09:46:35,50559.95,50557.65,60,50560,30,0,59340
BANKNIFTY-III.NFO,13/02/2025,09:46:36,50559.95,50558.45,60,50560,30,0,59340
BANKNIFTY-III.NFO,13/02/2025,09:46:38,50559.95,50552.3,60,50560,30,0,59340
BANKNIFTY-III.NFO,13/02/2025,09:46:40,50559.95,50550.9,60,50560,30,0,59340
BANKNIFTY-III.NFO,13/02/2025,09:46:41,50559.95,50554.05,60,50560,30,0,59340
BANKNIFTY-III.NFO,13/02/2025,09:46:43,50559.95,50556.6,60,50560,30,0,59340
BANKNIFTY-III.NFO,13/02/2025,09:46:45,50560,50558.15,90,50574.95,30,30,59340
BANKNIFTY-III.NFO,13/02/2025,09:46:46,50560,50564.2,60,50575,60,0,59340
BANKNIFTY-III.NFO,13/02/2025,09:46:48,50560,50560.35,90,50575,60,0,59340
BANKNIFTY-III.NFO,13/02/2025,09:46:50,50560,50566.6,90,50575,60,0,59340
BANKNIFTY-III.NFO,13/02/2025,09:46:51,50560,50566.85,60,50575,60,0,59340
BANKNIFTY-III.NFO,13/02/2025,09:46:53,50575,50569.65,30,50580,60,60,59340
BANKNIFTY-III.NFO,13/02/2025,09:46:53,50575,50569.65,30,50580,60,0,59340
BANKNIFTY-III.NFO,13/02/2025,09:46:55,50580,50575.55,90,50590,30,60,59340
BANKNIFTY-III.NFO,13/02/2025,09:46:55,50580,50575.55,90,50590,30,0,59340
BANKNIFTY-III.NFO,13/02/2025,09:46:56,50590,50583.8,60,50599.75,30,30,59340
BANKNIFTY-III.NFO,13/02/2025,09:46:56,50590,50583.8,60,50599.75,30,0,59340
BANKNIFTY-III.NFO,13/02/2025,09:46:58,50590,50579.25,60,50599.6,30,0,59340
BANKNIFTY-III.NFO,13/02/2025,09:47:00,50590,50581.55,60,50599.7,60,0,59340
BANKNIFTY-III.NFO,13/02/2025,09:47:01,50590,50575.8,60,50599.5,30,0,59340
BANKNIFTY-III.NFO,13/02/2025,09:47:03,50590,50573.4,30,50590.5,30,0,59340
BANKNIFTY-III.NFO,13/02/2025,09:47:05,50590,50570.15,90,50590.8,30,0,59340
BANKNIFTY-III.NFO,13/02/2025,09:47:06,50590,50569.85,90,50586.7,60,0,59340
BANKNIFTY-III.NFO,13/02/2025,09:47:08,50590,50571.35,60,50589.85,30,0,59340
BANKNIFTY-III.NFO,13/02/2025,09:47:10,50590,50571.3,30,50587.8,60,0,59340
BANKNIFTY-III.NFO,13/02/2025,09:47:11,50590,50561.75,60,50581.45,30,0,59340
BANKNIFTY-III.NFO,13/02/2025,09:47:13,50590,50561.8,60,50582,60,0,59340
BANKNIFTY-III.NFO,13/02/2025,09:47:14,50590,50561.65,90,50581.1,30,0,59340
BANKNIFTY-III.NFO,13/02/2025,09:47:16,50590,50571,60,50581.1,30,0,59340
BANKNIFTY-III.NFO,13/02/2025,09:47:18,50590,50571,60,50580.45,30,0,59340
BANKNIFTY-III.NFO,13/02/2025,09:47:19,50590,50571,60,50580.5,60,0,59340
BANKNIFTY-III.NFO,13/02/2025,09:47:21,50590,50571,60,50582.95,30,0,59340
BANKNIFTY-III.NFO,13/02/2025,09:47:23,50590,50571,60,50584.9,30,0,59340
BANKNIFTY-III.NFO,13/02/2025,09:47:24,50590,50571,60,50581.8,30,0,59340
BANKNIFTY-III.NFO,13/02/2025,09:47:26,50590,50571,60,50580.95,30,0,59340
BANKNIFTY-III.NFO,13/02/2025,09:47:28,50590,50571,60,50583.85,30,0,59340
BANKNIFTY-III.NFO,13/02/2025,09:47:29,50590,50571,60,50585.25,60,0,59340
BANKNIFTY-III.NFO,13/02/2025,09:47:31,50585.25,50571,60,50583.15,60,30,59340
BANKNIFTY-III.NFO,13/02/2025,09:47:33,50585.25,50575,60,50585.8,60,0,59340
BANKNIFTY-III.NFO,13/02/2025,09:47:34,50585.25,50575,60,50583.5,30,0,59340
BANKNIFTY-III.NFO,13/02/2025,09:47:36,50585.25,50575,60,50584.7,30,0,59340
BANKNIFTY-III.NFO,13/02/2025,09:47:38,50585.25,50575,60,50585.75,30,0,59340
BANKNIFTY-III.NFO,13/02/2025,09:47:39,50585.25,50575,60,50586.3,30,0,59340
BANKNIFTY-III.NFO,13/02/2025,09:47:41,50585.25,50575,60,50584.25,30,0,59340
BANKNIFTY-III.NFO,13/02/2025,09:47:43,50585.25,50575,60,50582.25,30,0,59340
BANKNIFTY-III.NFO,13/02/2025,09:47:44,50585.25,50575,60,50581.3,30,0,59340
BANKNIFTY-III.NFO,13/02/2025,09:47:46,50585.25,50575,60,50578.1,30,0,59340
BANKNIFTY-III.NFO,13/02/2025,09:47:48,50575,50556.2,60,50575.35,60,60,59340
BANKNIFTY-III.NFO,13/02/2025,09:47:49,50575,50556.2,90,50573.9,30,0,59340
BANKNIFTY-III.NFO,13/02/2025,09:47:51,50575,50556.65,60,50576.1,60,0,59340
BANKNIFTY-III.NFO,13/02/2025,09:47:53,50575,50556.2,60,50574.65,60,0,59340
BANKNIFTY-III.NFO,13/02/2025,09:47:54,50575,50551.25,60,50573.25,30,0,59340
BANKNIFTY-III.NFO,13/02/2025,09:47:56,50575,50546,60,50567.1,30,0,59340
BANKNIFTY-III.NFO,13/02/2025,09:47:58,50575,50542.6,60,50564.45,30,0,59340
BANKNIFTY-III.NFO,13/02/2025,09:47:59,50575,50540.9,60,50563.05,60,0,59340
BANKNIFTY-III.NFO,13/02/2025,09:48:01,50575,50541.2,90,50561.45,30,0,59340
BANKNIFTY-III.NFO,13/02/2025,09:48:03,50575,50543.65,60,50565.7,30,0,59340
BANKNIFTY-III.NFO,13/02/2025,09:48:06,50575,50544.3,60,50565.7,30,0,59340
BANKNIFTY-III.NFO,13/02/2025,09:48:08,50575,50541.3,60,50564.3,60,0,59340
BANKNIFTY-III.NFO,13/02/2025,09:48:09,50575,50547.2,90,50567.1,30,0,59340
BANKNIFTY-III.NFO,13/02/2025,09:48:11,50575,50550.6,90,50570.1,30,0,59340
BANKNIFTY-III.NFO,13/02/2025,09:48:13,50575,50550.35,90,50570.45,30,0,59340
BANKNIFTY-III.NFO,13/02/2025,09:48:15,50575,50543.65,60,50570.45,30,0,59340
BANKNIFTY-III.NFO,13/02/2025,09:48:16,50575,50543.25,90,50564.6,30,0,59340
BANKNIFTY-III.NFO,13/02/2025,09:48:18,50575,50549.8,90,50570.45,30,0,59340
BANKNIFTY-III.NFO,13/02/2025,09:48:20,50575,50554.15,90,50575.2,30,0,59340
BANKNIFTY-III.NFO,13/02/2025,09:48:21,50575,50555.7,90,50576.1,30,0,59340
BANKNIFTY-III.NFO,13/02/2025,09:48:23,50575,50547.75,60,50568.75,30,0,59340
BANKNIFTY-III.NFO,13/02/2025,09:48:25,50575,50548.4,60,50569.1,60,0,59340
BANKNIFTY-III.NFO,13/02/2025,09:48:26,50575,50548.65,90,50568.5,30,0,59340
BANKNIFTY-III.NFO,13/02/2025,09:48:28,50575,50549.65,90,50571.4,30,0,59340
BANKNIFTY-III.NFO,13/02/2025,09:48:30,50575,50546.8,90,50568.4,30,0,59340
BANKNIFTY-III.NFO,13/02/2025,09:48:31,50575,50545.65,90,50567.05,60,0,59340
BANKNIFTY-III.NFO,13/02/2025,09:48:33,50575,50542,90,50563.7,60,0,59340
BANKNIFTY-III.NFO,13/02/2025,09:48:35,50575,50545.05,90,50565.2,30,0,59340
BANKNIFTY-III.NFO,13/02/2025,09:48:36,50575,50541.15,60,50561.95,30,0,59340
BANKNIFTY-III.NFO,13/02/2025,09:48:38,50575,50542.85,90,50563.5,30,0,59340
BANKNIFTY-III.NFO,13/02/2025,09:48:40,50575,50541.25,90,50561.65,30,0,59340
BANKNIFTY-III.NFO,13/02/2025,09:48:41,50575,50541.65,60,50562.95,60,0,59340
BANKNIFTY-III.NFO,13/02/2025,09:48:43,50575,50541.7,60,50559.6,60,0,59340
BANKNIFTY-III.NFO,13/02/2025,09:48:45,50575,50535.85,60,50557.35,30,0,59340
BANKNIFTY-III.NFO,13/02/2025,09:48:46,50575,50536.25,60,50555.15,60,0,59340
BANKNIFTY-III.NFO,13/02/2025,09:48:48,50575,50531.6,90,50552.9,30,0,59340
BANKNIFTY-III.NFO,13/02/2025,09:48:50,50575,50533.35,90,50553.85,30,0,59340
BANKNIFTY-III.NFO,13/02/2025,09:48:51,50575,50535.65,60,50559.25,60,0,59340
BANKNIFTY-III.NFO,13/02/2025,09:48:53,50575,50530.8,90,50554.45,30,0,59340
BANKNIFTY-III.NFO,13/02/2025,09:48:55,50575,50521.25,60,50541.35,60,0,59340
BANKNIFTY-III.NFO,13/02/2025,09:48:56,50575,50521,60,50537.45,30,0,59340
BANKNIFTY-III.NFO,13/02/2025,09:48:58,50575,50520.95,30,50534.55,60,0,59340
BANKNIFTY-III.NFO,13/02/2025,09:49:00,50575,50520.95,30,50531.5,60,0,59340
BANKNIFTY-III.NFO,13/02/2025,09:49:01,50575,50520.95,30,50535.55,60,0,59340
BANKNIFTY-III.NFO,13/02/2025,09:49:03,50575,50520.95,30,50535.35,60,0,59340
BANKNIFTY-III.NFO,13/02/2025,09:49:05,50575,50521,90,50537,30,0,59340
BANKNIFTY-III.NFO,13/02/2025,09:49:06,50575,50525.75,60,50547.85,30,0,59340
BANKNIFTY-III.NFO,13/02/2025,09:49:08,50575,50521,90,50543,90,0,59340
BANKNIFTY-III.NFO,13/02/2025,09:49:10,50575,50520.95,30,50538.6,60,0,59340
BANKNIFTY-III.NFO,13/02/2025,09:49:11,50575,50521,90,50539,60,0,59340
BANKNIFTY-III.NFO,13/02/2025,09:49:13,50575,50521.8,60,50543.2,30,0,59340
BANKNIFTY-III.NFO,13/02/2025,09:49:15,50575,50522.05,60,50543.2,30,0,59340
BANKNIFTY-III.NFO,13/02/2025,09:49:16,50575,50523.45,60,50544.5,60,0,59340
BANKNIFTY-III.NFO,13/02/2025,09:49:18,50575,50523.4,60,50544.75,30,0,59340
BANKNIFTY-III.NFO,13/02/2025,09:49:20,50575,50525.3,60,50546.45,30,0,59340
BANKNIFTY-III.NFO,13/02/2025,09:49:21,50575,50527.45,60,50549.55,30,0,59340
BANKNIFTY-III.NFO,13/02/2025,09:49:23,50575,50531.65,60,50553.1,60,0,59340
BANKNIFTY-III.NFO,13/02/2025,09:49:25,50575,50529.15,60,50550.65,60,0,59340
BANKNIFTY-III.NFO,13/02/2025,09:49:26,50575,50530.65,60,50550.6,60,0,59340
BANKNIFTY-III.NFO,13/02/2025,09:49:28,50575,50535.85,90,50555.65,60,0,59340
BANKNIFTY-III.NFO,13/02/2025,09:49:30,50575,50532.9,90,50553.3,60,0,59340
BANKNIFTY-III.NFO,13/02/2025,09:49:31,50575,50534.6,90,50553.3,60,0,59340
BANKNIFTY-III.NFO,13/02/2025,09:49:33,50575,50522.8,60,50544.55,30,0,59340
BANKNIFTY-III.NFO,13/02/2025,09:49:35,50575,50523.8,60,50545.7,30,0,59340
BANKNIFTY-III.NFO,13/02/2025,09:49:36,50575,50529,90,50548.55,30,0,59340
BANKNIFTY-III.NFO,13/02/2025,09:49:38,50575,50531.3,90,50548.55,60,0,59340
BANKNIFTY-III.NFO,13/02/2025,09:49:40,50575,50523.8,60,50547.5,60,0,59340
BANKNIFTY-III.NFO,13/02/2025,09:49:41,50575,50525.7,90,50545.65,30,0,59340
BANKNIFTY-III.NFO,13/02/2025,09:49:43,50575,50526.95,60,50546.95,30,0,59340
BANKNIFTY-III.NFO,13/02/2025,09:49:45,50575,50523.5,60,50544,30,0,59340
BANKNIFTY-III.NFO,13/02/2025,09:49:46,50575,50526.75,90,50546.4,30,0,59340
BANKNIFTY-III.NFO,13/02/2025,09:49:48,50575,50523.7,60,50544.65,30,0,59340
BANKNIFTY-III.NFO,13/02/2025,09:49:50,50575,50525.35,90,50544.45,30,0,59340
BANKNIFTY-III.NFO,13/02/2025,09:49:51,50575,50531.15,90,50551,30,0,59340
BANKNIFTY-III.NFO,13/02/2025,09:49:53,50575,50529.95,90,50550.85,30,0,59340
BANKNIFTY-III.NFO,13/02/2025,09:49:55,50575,50532.9,90,50551.35,60,0,59340
BANKNIFTY-III.NFO,13/02/2025,09:49:56,50575,50536.1,90,50553.85,60,0,59340
BANKNIFTY-III.NFO,13/02/2025,09:49:58,50575,50534.55,90,50551.4,30,0,59340
BANKNIFTY-III.NFO,13/02/2025,09:50:00,50575,50533.65,90,50551.4,60,0,59340
BANKNIFTY-III.NFO,13/02/2025,09:50:01,50575,50533.05,90,50551.4,60,0,59340
BANKNIFTY-III.NFO,13/02/2025,09:50:03,50575,50535.3,90,50553.8,60,0,59340
BANKNIFTY-III.NFO,13/02/2025,09:50:05,50575,50534.9,90,50551.45,30,0,59340
BANKNIFTY-III.NFO,13/02/2025,09:50:06,50575,50535.3,60,50551.45,30,0,59340
BANKNIFTY-III.NFO,13/02/2025,09:50:08,50575,50529.2,90,50549.1,60,0,59340
BANKNIFTY-III.NFO,13/02/2025,09:50:10,50575,50522.4,60,50542.05,60,0,59340
BANKNIFTY-III.NFO,13/02/2025,09:50:11,50575,50521.2,60,50538.15,60,0,59340
BANKNIFTY-III.NFO,13/02/2025,09:50:13,50575,50521.15,30,50535.8,60,0,59340
BANKNIFTY-III.NFO,13/02/2025,09:50:15,50575,50520.95,30,50535.7,60,0,59340
BANKNIFTY-III.NFO,13/02/2025,09:50:16,50575,50520.95,30,50534.65,60,0,59340
BANKNIFTY-III.NFO,13/02/2025,09:50:18,50575,50520.95,30,50534.8,30,0,59340
BANKNIFTY-III.NFO,13/02/2025,09:50:20,50575,50520.95,30,50532.4,30,0,59340
BANKNIFTY-III.NFO,13/02/2025,09:50:25,50575,50520.95,30,50528.75,60,0,59340
BANKNIFTY-III.NFO,13/02/2025,09:50:26,50575,50520.95,30,50524.75,30,0,59340
BANKNIFTY-III.NFO,13/02/2025,09:50:28,50575,50520.95,30,50526.95,30,0,59340
BANKNIFTY-III.NFO,13/02/2025,09:50:30,50575,50520.95,30,50528.65,30,0,59340
BANKNIFTY-III.NFO,13/02/2025,09:50:31,50575,50520.95,30,50534.5,60,0,59340
BANKNIFTY-III.NFO,13/02/2025,09:50:33,50575,50520.95,30,50533.6,60,0,59340
BANKNIFTY-III.NFO,13/02/2025,09:50:35,50575,50520.95,30,50531.2,30,0,59340
BANKNIFTY-III.NFO,13/02/2025,09:50:36,50575,50520.95,30,50530.05,30,0,59340
BANKNIFTY-III.NFO,13/02/2025,09:50:38,50575,50520.95,30,50532.75,60,0,59340
BANKNIFTY-III.NFO,13/02/2025,09:50:40,50575,50520.95,30,50529.6,60,0,59340
BANKNIFTY-III.NFO,13/02/2025,09:50:41,50575,50520.95,30,50526.4,30,0,59340
BANKNIFTY-III.NFO,13/02/2025,09:50:43,50575,50520.95,30,50530.15,30,0,59340
BANKNIFTY-III.NFO,13/02/2025,09:50:45,50575,50520.95,30,50532.6,60,0,59340
BANKNIFTY-III.NFO,13/02/2025,09:50:46,50575,50520.95,30,50533.9,60,0,59340
BANKNIFTY-III.NFO,13/02/2025,09:50:48,50575,50520.95,30,50534.4,60,0,59340
BANKNIFTY-III.NFO,13/02/2025,09:50:49,50575,50521,90,50539.05,30,0,59340
BANKNIFTY-III.NFO,13/02/2025,09:50:51,50544.75,50523.15,60,50545.1,30,30,59490
BANKNIFTY-III.NFO,13/02/2025,09:50:53,50544.75,50526.7,60,50548.25,60,0,59490
BANKNIFTY-III.NFO,13/02/2025,09:50:54,50544.75,50525.6,60,50548.25,30,0,59490
BANKNIFTY-III.NFO,13/02/2025,09:50:56,50544.75,50524.15,60,50548.25,30,0,59490
BANKNIFTY-III.NFO,13/02/2025,09:50:58,50544.75,50524.2,60,50546.7,60,0,59490
BANKNIFTY-III.NFO,13/02/2025,09:50:59,50544.75,50519,60,50543.55,30,0,59490
BANKNIFTY-III.NFO,13/02/2025,09:51:01,50544.75,50515.4,60,50540.1,60,0,59490
BANKNIFTY-III.NFO,13/02/2025,09:51:03,50544.75,50519.05,60,50541.4,30,0,59490
BANKNIFTY-III.NFO,13/02/2025,09:51:04,50544.75,50518.55,60,50541.4,30,0,59490
BANKNIFTY-III.NFO,13/02/2025,09:51:06,50544.75,50521.8,60,50543.55,30,0,59490
BANKNIFTY-III.NFO,13/02/2025,09:51:09,50544.75,50519.05,60,50542.75,60,0,59490
BANKNIFTY-III.NFO,13/02/2025,09:51:11,50544.75,50520.2,60,50542.75,60,0,59490
BANKNIFTY-III.NFO,13/02/2025,09:51:13,50544.75,50540,60,50550.25,30,0,59490
BANKNIFTY-III.NFO,13/02/2025,09:51:14,50544.75,50540,60,50549.3,30,0,59490
BANKNIFTY-III.NFO,13/02/2025,09:51:16,50544.75,50540,60,50548.5,30,0,59490
BANKNIFTY-III.NFO,13/02/2025,09:51:18,50544.75,50540.05,60,50554,30,0,59490
BANKNIFTY-III.NFO,13/02/2025,09:51:21,50544.75,50542.45,90,50562.25,60,0,59490
BANKNIFTY-III.NFO,13/02/2025,09:51:23,50544.75,50542.85,90,50561.25,60,0,59490
BANKNIFTY-III.NFO,13/02/2025,09:51:24,50541.3,50541.95,60,50562.3,60,30,59490
BANKNIFTY-III.NFO,13/02/2025,09:51:26,50541.3,50543.4,60,50562.8,60,0,59490
BANKNIFTY-III.NFO,13/02/2025,09:51:28,50541.3,50544.2,60,50563.4,60,0,59490
BANKNIFTY-III.NFO,13/02/2025,09:51:29,50541.3,50540.8,90,50562,60,0,59490
BANKNIFTY-III.NFO,13/02/2025,09:51:31,50541.3,50546.15,90,50563.15,30,0,59490
BANKNIFTY-III.NFO,13/02/2025,09:51:33,50541.3,50552.65,90,50571.3,60,0,59490
BANKNIFTY-III.NFO,13/02/2025,09:51:34,50541.3,50552.55,90,50571.25,60,0,59490
BANKNIFTY-III.NFO,13/02/2025,09:51:36,50541.3,50552.6,90,50568.95,60,0,59490
BANKNIFTY-III.NFO,13/02/2025,09:51:37,50541.3,50554.65,90,50571.35,30,0,59490
BANKNIFTY-III.NFO,13/02/2025,09:51:39,50541.3,50556.4,90,50574.95,60,0,59490
BANKNIFTY-III.NFO,13/02/2025,09:51:41,50541.3,50553.7,90,50571.95,60,0,59490
BANKNIFTY-III.NFO,13/02/2025,09:51:42,50541.3,50547.8,60,50571.95,60,0,59490
BANKNIFTY-III.NFO,13/02/2025,09:51:44,50541.3,50547.8,60,50569.45,30,0,59490
BANKNIFTY-III.NFO,13/02/2025,09:51:46,50541.3,50546.7,60,50569.95,60,0,59490
BANKNIFTY-III.NFO,13/02/2025,09:51:47,50541.3,50546.5,90,50564.1,30,0,59490
BANKNIFTY-III.NFO,13/02/2025,09:51:49,50541.3,50548,90,50566.4,60,0,59490
