Ticker,Date,Time,LTP,BuyPrice,BuyQty,SellPrice,SellQty,LTQ,OpenInterest
NIFTY-III.NFO,29/08/2024,09:15:01,25256.35,25256.65,175,25261.4,25,75,664550
NIFTY-III.NFO,29/08/2024,09:15:01,25262.8,25256.65,175,25261.4,25,0,664550
NIFTY-III.NFO,29/08/2024,09:15:01,25262.8,25256.65,175,25261.4,25,0,664550
NIFTY-III.NFO,29/08/2024,09:15:01,25256.35,25256.65,175,25261.4,25,0,664550
NIFTY-III.NFO,29/08/2024,09:15:02,25261.4,25260.35,50,25263.2,25,50,664550
NIFTY-III.NFO,29/08/2024,09:15:04,25261.65,25257.7,100,25267.85,100,25,664550
NIFTY-III.NFO,29/08/2024,09:15:05,25261.65,25257.2,50,25265.95,100,0,664550
NIFTY-III.NFO,29/08/2024,09:15:06,25261.65,25258.4,75,25268.6,100,50,664550
NIFTY-III.NFO,29/08/2024,09:15:06,25267.45,25258.4,75,25268.6,100,0,664550
NIFTY-III.NFO,29/08/2024,09:15:08,25265.15,25254.95,100,25265.15,100,25,664550
NIFTY-III.NFO,29/08/2024,09:15:09,25255.65,25255.8,50,25266.25,100,100,664550
NIFTY-III.NFO,29/08/2024,09:15:09,25255.65,25255.8,50,25266.25,100,0,664550
NIFTY-III.NFO,29/08/2024,09:15:11,25255.05,25255,350,25262.05,100,75,664550
NIFTY-III.NFO,29/08/2024,09:15:11,25255.05,25255,350,25262.05,100,0,664550
NIFTY-III.NFO,29/08/2024,09:15:12,25255.05,25255,350,25255.65,25,0,664550
NIFTY-III.NFO,29/08/2024,09:15:14,25255.65,25260,275,25265.3,100,25,664550
NIFTY-III.NFO,29/08/2024,09:15:15,25255.65,25260,275,25263.9,150,0,664550
NIFTY-III.NFO,29/08/2024,09:15:17,25260,25260,225,25265.55,100,50,664550
NIFTY-III.NFO,29/08/2024,09:15:18,25260,25260,225,25266.5,100,0,664550
NIFTY-III.NFO,29/08/2024,09:15:20,25260,25260.7,50,25270.5,150,25,664550
NIFTY-III.NFO,29/08/2024,09:15:21,25269.3,25261.65,25,25269.75,100,25,664550
NIFTY-III.NFO,29/08/2024,09:15:21,25269.3,25261.65,25,25269.75,100,0,664550
NIFTY-III.NFO,29/08/2024,09:15:23,25269.3,25260.75,275,25270.1,100,0,664550
NIFTY-III.NFO,29/08/2024,09:15:24,25269.2,25260.1,50,25268.75,100,25,664550
NIFTY-III.NFO,29/08/2024,09:15:26,25269.05,25260.85,75,25270.55,100,125,664550
NIFTY-III.NFO,29/08/2024,09:15:27,25260.85,25260.05,50,25268,100,25,664550
NIFTY-III.NFO,29/08/2024,09:15:29,25260.85,25260.05,50,25268.85,100,0,664550
NIFTY-III.NFO,29/08/2024,09:15:30,25260.85,25261,50,25272.55,100,0,664550
NIFTY-III.NFO,29/08/2024,09:15:32,25269.05,25260.05,25,25267.1,75,125,664550
NIFTY-III.NFO,29/08/2024,09:15:33,25269.05,25260.05,25,25266.45,100,0,664550
NIFTY-III.NFO,29/08/2024,09:15:35,25269.05,25260.05,25,25265.45,100,0,664550
NIFTY-III.NFO,29/08/2024,09:15:36,25269.05,25260.05,25,25264.9,100,0,664550
NIFTY-III.NFO,29/08/2024,09:15:38,25269.05,25260.05,100,25266.2,100,0,664550
NIFTY-III.NFO,29/08/2024,09:15:39,25260.05,25260,325,25265,100,25,664775
NIFTY-III.NFO,29/08/2024,09:15:41,25260.05,25260,325,25265.45,175,0,664775
NIFTY-III.NFO,29/08/2024,09:15:42,25260,25260,300,25264.35,75,25,664775
NIFTY-III.NFO,29/08/2024,09:15:43,25260,25260,275,25264.75,175,25,664775
NIFTY-III.NFO,29/08/2024,09:15:45,25264.95,25260.1,25,25264.9,175,25,664775
NIFTY-III.NFO,29/08/2024,09:15:46,25264.95,25260.05,25,25264.9,175,0,664775
NIFTY-III.NFO,29/08/2024,09:15:48,25264.95,25260.6,25,25265,150,0,664775
NIFTY-III.NFO,29/08/2024,09:15:49,25267.45,25260.6,100,25267.8,75,250,664775
NIFTY-III.NFO,29/08/2024,09:15:51,25267.45,25262.55,175,25268.95,75,0,664775
NIFTY-III.NFO,29/08/2024,09:15:52,25267.45,25262.95,100,25269,25,0,664775
NIFTY-III.NFO,29/08/2024,09:15:54,25262.95,25263.1,100,25267.45,25,25,664775
NIFTY-III.NFO,29/08/2024,09:15:55,25262.95,25264.5,100,25267.45,25,0,664775
NIFTY-III.NFO,29/08/2024,09:15:57,25265.05,25265.05,50,25267.45,75,50,664775
NIFTY-III.NFO,29/08/2024,09:15:58,25269.05,25265.05,50,25269.05,25,100,664775
NIFTY-III.NFO,29/08/2024,09:16:00,25269.05,25263.6,50,25269.05,25,0,664775
NIFTY-III.NFO,29/08/2024,09:16:01,25264.5,25262.85,50,25269.95,100,125,664775
NIFTY-III.NFO,29/08/2024,09:16:01,25269.8,25262.85,50,25269.95,100,0,664775
NIFTY-III.NFO,29/08/2024,09:16:03,25271.8,25269,25,25271.75,50,225,664775
NIFTY-III.NFO,29/08/2024,09:16:03,25271.8,25269,25,25271.75,50,0,664775
NIFTY-III.NFO,29/08/2024,09:16:04,25269,25263.05,175,25269,150,25,664775
NIFTY-III.NFO,29/08/2024,09:16:06,25268.15,25260.1,100,25267.85,75,25,664775
NIFTY-III.NFO,29/08/2024,09:16:07,25268.15,25261.65,100,25268.95,100,0,664775
NIFTY-III.NFO,29/08/2024,09:16:09,25262.85,25261.3,175,25268.95,50,25,664775
NIFTY-III.NFO,29/08/2024,09:16:10,25262.85,25261.7,150,25269,150,0,664775
NIFTY-III.NFO,29/08/2024,09:16:12,25264.35,25264.35,25,25269,25,275,664775
NIFTY-III.NFO,29/08/2024,09:16:13,25264.35,25263.35,25,25269,25,0,664775
NIFTY-III.NFO,29/08/2024,09:16:15,25264.35,25264.1,25,25269,25,0,664775
NIFTY-III.NFO,29/08/2024,09:16:16,25264.35,25265.05,100,25271.8,25,0,664775
NIFTY-III.NFO,29/08/2024,09:16:18,25272.3,25265.35,25,25272.45,100,125,664775
NIFTY-III.NFO,29/08/2024,09:16:18,25272.3,25265.35,25,25272.45,100,0,664775
NIFTY-III.NFO,29/08/2024,09:16:19,25265.05,25265,25,25272,225,25,664775
NIFTY-III.NFO,29/08/2024,09:16:21,25265.05,25265.05,50,25272.75,100,0,664775
NIFTY-III.NFO,29/08/2024,09:16:22,25272.3,25265.05,175,25272.5,75,425,664775
NIFTY-III.NFO,29/08/2024,09:16:22,25272.95,25265.05,175,25272.5,75,0,664775
NIFTY-III.NFO,29/08/2024,09:16:23,25271.75,25265.05,175,25271.75,25,50,664775
NIFTY-III.NFO,29/08/2024,09:16:25,25271.75,25265.05,100,25271,75,0,664775
NIFTY-III.NFO,29/08/2024,09:16:26,25272.5,25265.05,175,25272.55,75,25,664775
NIFTY-III.NFO,29/08/2024,09:16:28,25265.05,25265.1,100,25272.2,75,75,664775
NIFTY-III.NFO,29/08/2024,09:16:29,25269,25265,25,25268.95,75,25,664775
NIFTY-III.NFO,29/08/2024,09:16:31,25262.25,25261.55,100,25268.95,100,250,664775
NIFTY-III.NFO,29/08/2024,09:16:32,25269.75,25265.05,175,25271.4,100,400,664775
NIFTY-III.NFO,29/08/2024,09:16:34,25269.75,25265.1,100,25272.05,175,0,664775
NIFTY-III.NFO,29/08/2024,09:16:35,25265.05,25265.05,75,25271.55,225,25,664775
NIFTY-III.NFO,29/08/2024,09:16:37,25265.05,25265.05,150,25272.05,225,0,664775
NIFTY-III.NFO,29/08/2024,09:16:38,25265.05,25265,25,25270.05,175,0,664775
NIFTY-III.NFO,29/08/2024,09:16:40,25265.05,25265,50,25269.5,100,0,664775
NIFTY-III.NFO,29/08/2024,09:16:42,25265.05,25265,50,25271.3,100,0,664775
NIFTY-III.NFO,29/08/2024,09:16:43,25265.05,25265,50,25269.2,175,0,664775
NIFTY-III.NFO,29/08/2024,09:16:45,25269.2,25265,50,25269.9,100,25,664775
NIFTY-III.NFO,29/08/2024,09:16:46,25269.2,25265.05,100,25271.6,100,0,664775
NIFTY-III.NFO,29/08/2024,09:16:47,25271.6,25265.1,100,25272.55,200,25,664775
NIFTY-III.NFO,29/08/2024,09:16:49,25271.6,25265.05,100,25271.25,75,0,664775
NIFTY-III.NFO,29/08/2024,09:16:50,25269,25265.05,25,25271.1,125,25,664775
NIFTY-III.NFO,29/08/2024,09:16:52,25270.9,25265.05,25,25271.1,50,25,664775
NIFTY-III.NFO,29/08/2024,09:16:53,25270.9,25265.05,200,25272,50,0,664775
NIFTY-III.NFO,29/08/2024,09:16:55,25272,25265.05,25,25271,75,25,664775
NIFTY-III.NFO,29/08/2024,09:16:56,25270.55,25265.05,25,25270.55,125,25,664775
NIFTY-III.NFO,29/08/2024,09:16:58,25270.55,25265.05,25,25270.5,50,0,664775
NIFTY-III.NFO,29/08/2024,09:16:59,25265,25265,25,25270.5,50,50,664775
NIFTY-III.NFO,29/08/2024,09:17:01,25265,25264,175,25270.1,300,25,664775
NIFTY-III.NFO,29/08/2024,09:17:02,25265,25264,175,25270,50,0,664775
NIFTY-III.NFO,29/08/2024,09:17:04,25264.15,25264.5,100,25270.5,100,25,664775
NIFTY-III.NFO,29/08/2024,09:17:05,25264.15,25265.05,100,25270.5,100,0,664775
NIFTY-III.NFO,29/08/2024,09:17:07,25264.15,25264.75,100,25265,25,0,664775
NIFTY-III.NFO,29/08/2024,09:17:08,25265,25264.35,100,25270.5,100,25,664775
NIFTY-III.NFO,29/08/2024,09:17:10,25265,25264.05,175,25269.95,25,0,664775
NIFTY-III.NFO,29/08/2024,09:17:11,25264,25264,150,25269.35,75,75,664775
NIFTY-III.NFO,29/08/2024,09:17:13,25269.25,25264,125,25269.25,50,50,664775
NIFTY-III.NFO,29/08/2024,09:17:14,25269.25,25264.05,100,25265,25,0,664775
NIFTY-III.NFO,29/08/2024,09:17:16,25269.25,25264,125,25265,25,0,664775
NIFTY-III.NFO,29/08/2024,09:17:17,25264,25264,75,25267.55,25,250,664775
NIFTY-III.NFO,29/08/2024,09:17:19,25264,25264,25,25266.95,25,50,664775
NIFTY-III.NFO,29/08/2024,09:17:20,25264,25264.05,75,25266.5,25,0,664775
NIFTY-III.NFO,29/08/2024,09:17:22,25264.05,25264,25,25266.5,25,25,664775
NIFTY-III.NFO,29/08/2024,09:17:23,25266.5,25265,25,25269.2,125,25,664775
NIFTY-III.NFO,29/08/2024,09:17:25,25266.5,25265,25,25269.2,125,0,664775
NIFTY-III.NFO,29/08/2024,09:17:26,25264.4,25264.4,100,25269.25,375,75,664775
NIFTY-III.NFO,29/08/2024,09:17:28,25264.1,25264.05,150,25269.25,275,50,664775
NIFTY-III.NFO,29/08/2024,09:17:29,25264.1,25264.05,150,25269.25,275,0,664775
NIFTY-III.NFO,29/08/2024,09:17:31,25264.05,25264.05,100,25269.25,275,50,664775
NIFTY-III.NFO,29/08/2024,09:17:32,25264.05,25264.5,100,25269.25,275,0,664775
NIFTY-III.NFO,29/08/2024,09:17:34,25264.5,25265.4,50,25269.25,275,25,664775
NIFTY-III.NFO,29/08/2024,09:17:35,25266.5,25264.45,125,25269.25,275,125,664775
NIFTY-III.NFO,29/08/2024,09:17:37,25266.5,25264.75,125,25269.25,275,0,664775
NIFTY-III.NFO,29/08/2024,09:17:38,25269.25,25265.45,50,25269.25,250,25,664775
NIFTY-III.NFO,29/08/2024,09:17:40,25269.25,25265.45,50,25269.25,250,0,664775
NIFTY-III.NFO,29/08/2024,09:17:41,25269.25,25265.9,50,25269.25,225,25,664775
NIFTY-III.NFO,29/08/2024,09:17:43,25270,25267.7,50,25270.55,25,275,664775
NIFTY-III.NFO,29/08/2024,09:17:44,25270,25266.75,125,25270.55,25,0,664775
NIFTY-III.NFO,29/08/2024,09:17:46,25270.55,25267.45,50,25270.9,25,50,664775
NIFTY-III.NFO,29/08/2024,09:17:47,25270.55,25269.5,200,25270.9,25,0,664775
NIFTY-III.NFO,29/08/2024,09:17:49,25270.55,25269.1,200,25270.9,25,0,664775
NIFTY-III.NFO,29/08/2024,09:17:50,25270.55,25266.75,200,25270.9,25,0,664775
NIFTY-III.NFO,29/08/2024,09:17:52,25272.9,25268.05,200,25271.3,25,200,664775
NIFTY-III.NFO,29/08/2024,09:17:53,25272.9,25267.55,50,25271.3,25,0,664775
NIFTY-III.NFO,29/08/2024,09:17:55,25272.9,25266.45,125,25271.3,25,0,664775
NIFTY-III.NFO,29/08/2024,09:17:56,25272.9,25267.3,50,25271.3,25,0,664775
NIFTY-III.NFO,29/08/2024,09:17:59,25271.3,25267.3,50,25271.25,25,25,664775
NIFTY-III.NFO,29/08/2024,09:18:01,25274.2,25268.6,75,25272.1,25,100,664775
NIFTY-III.NFO,29/08/2024,09:18:01,25274.2,25268.6,75,25272.1,25,0,664775
NIFTY-III.NFO,29/08/2024,09:18:02,25274.2,25267,50,25272.1,25,0,664775
NIFTY-III.NFO,29/08/2024,09:18:03,25274.2,25267,250,25272.1,25,0,664775
NIFTY-III.NFO,29/08/2024,09:18:05,25272.1,25266.5,50,25271.6,100,25,664775
NIFTY-III.NFO,29/08/2024,09:18:06,25272.1,25265.6,125,25271.55,75,0,664775
NIFTY-III.NFO,29/08/2024,09:18:08,25271.55,25265.6,125,25271.6,100,50,664775
NIFTY-III.NFO,29/08/2024,09:18:09,25265.6,25265.6,25,25271.55,100,25,664775
NIFTY-III.NFO,29/08/2024,09:18:11,25265.6,25266.15,125,25271.6,100,0,664775
NIFTY-III.NFO,29/08/2024,09:18:12,25271.55,25266.35,125,25271.3,25,25,664775
NIFTY-III.NFO,29/08/2024,09:18:14,25271.55,25266.8,50,25271.55,25,0,664775
NIFTY-III.NFO,29/08/2024,09:18:15,25271.55,25267.5,125,25270,50,0,664775
NIFTY-III.NFO,29/08/2024,09:18:17,25271.55,25268.2,50,25270,50,0,664775
NIFTY-III.NFO,29/08/2024,09:18:18,25270,25269.65,200,25273.3,25,50,664775
NIFTY-III.NFO,29/08/2024,09:18:20,25270,25270.95,125,25273.3,25,0,664775
NIFTY-III.NFO,29/08/2024,09:18:21,25270,25269.2,75,25273.3,25,0,664775
NIFTY-III.NFO,29/08/2024,09:18:23,25270,25270,50,25273.3,25,0,664775
NIFTY-III.NFO,29/08/2024,09:18:24,25270,25270.75,200,25273.45,25,0,664775
NIFTY-III.NFO,29/08/2024,09:18:26,25270,25270.9,125,25273.45,25,0,664775
NIFTY-III.NFO,29/08/2024,09:18:28,25278.2,25272.45,100,25275.25,25,125,664775
NIFTY-III.NFO,29/08/2024,09:18:28,25278.2,25272.45,100,25275.25,25,0,664775
NIFTY-III.NFO,29/08/2024,09:18:29,25278.2,25273,125,25274.4,25,0,664775
NIFTY-III.NFO,29/08/2024,09:18:31,25274.25,25272.5,125,25274.7,25,150,664775
NIFTY-III.NFO,29/08/2024,09:18:33,25274.7,25272.55,100,25274.7,25,50,664775
NIFTY-III.NFO,29/08/2024,09:18:34,25272.55,25275.2,125,25276.75,25,25,664775
NIFTY-III.NFO,29/08/2024,09:18:36,25272.55,25273.35,50,25276.65,25,0,664775
NIFTY-III.NFO,29/08/2024,09:18:38,25272.55,25275,25,25276.65,100,0,664775
NIFTY-III.NFO,29/08/2024,09:18:39,25272.55,25275,25,25276.65,25,0,664775
NIFTY-III.NFO,29/08/2024,09:18:41,25272.55,25275,25,25275.85,25,0,664775
NIFTY-III.NFO,29/08/2024,09:18:43,25272.55,25275,100,25278.45,25,0,664775
NIFTY-III.NFO,29/08/2024,09:18:44,25272.55,25275,25,25278.45,25,0,664775
NIFTY-III.NFO,29/08/2024,09:18:46,25272.55,25277.5,25,25278.45,25,0,664775
NIFTY-III.NFO,29/08/2024,09:18:48,25275.1,25276.45,100,25278.45,25,275,666325
NIFTY-III.NFO,29/08/2024,09:18:49,25278.5,25275.9,100,25278.85,25,50,666325
NIFTY-III.NFO,29/08/2024,09:18:49,25278.5,25275.9,100,25278.85,25,0,666325
NIFTY-III.NFO,29/08/2024,09:18:51,25278.5,25277,100,25279,25,0,666325
NIFTY-III.NFO,29/08/2024,09:18:52,25281.3,25279.95,50,25285,25,150,666325
NIFTY-III.NFO,29/08/2024,09:18:52,25281.3,25279.95,50,25285,25,0,666325
NIFTY-III.NFO,29/08/2024,09:18:54,25281.3,25280.9,100,25285,25,0,666325
NIFTY-III.NFO,29/08/2024,09:18:56,25281.3,25279.85,100,25283,25,0,666325
NIFTY-III.NFO,29/08/2024,09:18:58,25281.3,25275.65,100,25281.25,100,0,666325
NIFTY-III.NFO,29/08/2024,09:18:59,25281.3,25276.4,25,25280.8,25,0,666325
NIFTY-III.NFO,29/08/2024,09:19:01,25281.3,25277.25,25,25281.85,100,0,666325
NIFTY-III.NFO,29/08/2024,09:19:02,25281.65,25276.05,25,25281.65,100,25,666325
NIFTY-III.NFO,29/08/2024,09:19:02,25281.65,25276.05,25,25281.65,100,0,666325
NIFTY-III.NFO,29/08/2024,09:19:04,25281.65,25275,25,25279.65,150,0,666325
NIFTY-III.NFO,29/08/2024,09:19:06,25280.3,25275,100,25280.3,100,75,666325
NIFTY-III.NFO,29/08/2024,09:19:07,25280.3,25275.6,225,25280.35,25,0,666325
NIFTY-III.NFO,29/08/2024,09:19:09,25283.2,25280.3,25,25281.2,25,25,666325
NIFTY-III.NFO,29/08/2024,09:19:09,25283.2,25280.3,25,25281.2,25,0,666325
NIFTY-III.NFO,29/08/2024,09:19:11,25283.2,25280.3,25,25282.95,50,300,666325
NIFTY-III.NFO,29/08/2024,09:19:12,25280.3,25274.7,200,25280.2,50,25,666325
NIFTY-III.NFO,29/08/2024,09:19:14,25274.7,25274.7,175,25276.25,125,50,666325
NIFTY-III.NFO,29/08/2024,09:19:15,25277.1,25274.7,175,25278.5,75,25,666325
NIFTY-III.NFO,29/08/2024,09:19:17,25277.1,25274.7,175,25276.2,50,0,666325
NIFTY-III.NFO,29/08/2024,09:19:19,25277.1,25274.7,175,25275.4,375,0,666325
NIFTY-III.NFO,29/08/2024,09:19:20,25276.65,25274.7,125,25278,100,75,666325
NIFTY-III.NFO,29/08/2024,09:19:22,25277.1,25274.7,125,25277.4,50,50,666325
NIFTY-III.NFO,29/08/2024,09:19:24,25274.7,25274.7,100,25277.45,325,50,666325
NIFTY-III.NFO,29/08/2024,09:19:25,25274.7,25275,50,25277.45,250,0,666325
NIFTY-III.NFO,29/08/2024,09:19:27,25275,25275,25,25275.5,300,50,666325
NIFTY-III.NFO,29/08/2024,09:19:29,25278,25277.15,25,25278.3,275,50,666325
NIFTY-III.NFO,29/08/2024,09:19:30,25278,25277.15,25,25278.8,100,0,666325
NIFTY-III.NFO,29/08/2024,09:19:32,25277.15,25275,25,25276.7,275,25,666325
NIFTY-III.NFO,29/08/2024,09:19:34,25277.15,25275,25,25277.45,275,0,666325
NIFTY-III.NFO,29/08/2024,09:19:35,25277.15,25275,25,25276.6,200,0,666325
NIFTY-III.NFO,29/08/2024,09:19:37,25277.15,25275,25,25276.45,275,0,666325
NIFTY-III.NFO,29/08/2024,09:19:39,25276.2,25275,1825,25276.45,200,25,666325
NIFTY-III.NFO,29/08/2024,09:19:40,25276.2,25275,1850,25277.25,25,0,666325
NIFTY-III.NFO,29/08/2024,09:19:42,25276.2,25275,1850,25277.15,275,0,666325
NIFTY-III.NFO,29/08/2024,09:19:43,25275,25275,1800,25276.25,275,75,666325
NIFTY-III.NFO,29/08/2024,09:19:45,25275,25275,1800,25276.25,200,0,666325
NIFTY-III.NFO,29/08/2024,09:19:47,25275,25275,1750,25275.7,100,50,666325
NIFTY-III.NFO,29/08/2024,09:19:48,25275,25275,1750,25275.8,25,0,666325
NIFTY-III.NFO,29/08/2024,09:19:50,25275,25275,1750,25276.45,25,0,666325
NIFTY-III.NFO,29/08/2024,09:19:52,25275,25275,1775,25276.45,25,0,666325
NIFTY-III.NFO,29/08/2024,09:19:53,25275,25275,1750,25276.45,25,25,666325
NIFTY-III.NFO,29/08/2024,09:19:55,25275,25275,1750,25277.1,75,0,666325
NIFTY-III.NFO,29/08/2024,09:19:57,25276.9,25275,1750,25276.45,100,50,666325
NIFTY-III.NFO,29/08/2024,09:19:58,25276.9,25275,1800,25276.4,25,0,666325
NIFTY-III.NFO,29/08/2024,09:20:00,25275.8,25275,1800,25276.1,250,50,666325
NIFTY-III.NFO,29/08/2024,09:20:02,25275.8,25275.9,175,25278.8,25,0,666325
NIFTY-III.NFO,29/08/2024,09:20:03,25278.8,25278.15,150,25280,75,25,666325
NIFTY-III.NFO,29/08/2024,09:20:05,25276.75,25276.75,175,25280,75,25,666325
NIFTY-III.NFO,29/08/2024,09:20:06,25276.75,25278,100,25280,75,0,666325
NIFTY-III.NFO,29/08/2024,09:20:08,25278,25278.75,100,25280,75,25,666325
NIFTY-III.NFO,29/08/2024,09:20:10,25278.9,25278.9,100,25280,125,25,666325
NIFTY-III.NFO,29/08/2024,09:20:11,25280,25278.35,100,25281.3,75,150,666325
NIFTY-III.NFO,29/08/2024,09:20:13,25278,25275.05,175,25278,175,25,666325
NIFTY-III.NFO,29/08/2024,09:20:15,25278,25275.05,175,25278,175,0,666325
NIFTY-III.NFO,29/08/2024,09:20:18,25278,25275.05,175,25278,150,25,666325
NIFTY-III.NFO,29/08/2024,09:20:19,25278,25275,1800,25278,225,0,666325
NIFTY-III.NFO,29/08/2024,09:20:21,25278,25275,1800,25277.85,175,0,666325
NIFTY-III.NFO,29/08/2024,09:20:23,25277.85,25275.05,100,25278,150,25,666325
NIFTY-III.NFO,29/08/2024,09:20:24,25277.85,25275.25,100,25278,150,0,666325
NIFTY-III.NFO,29/08/2024,09:20:26,25277.85,25275,1800,25278,225,0,666325
NIFTY-III.NFO,29/08/2024,09:20:31,25277.85,25275,1800,25277.95,175,0,666325
NIFTY-III.NFO,29/08/2024,09:20:32,25277.85,25275.05,175,25277,125,0,666325
NIFTY-III.NFO,29/08/2024,09:20:34,25277.85,25275.05,100,25277,125,0,666325
NIFTY-III.NFO,29/08/2024,09:20:36,25277.85,25275.05,225,25277,125,0,666325
NIFTY-III.NFO,29/08/2024,09:20:37,25277,25275,1600,25277,75,500,666325
NIFTY-III.NFO,29/08/2024,09:20:39,25277,25275,1525,25277,75,0,666325
NIFTY-III.NFO,29/08/2024,09:20:41,25277,25275,1525,25277,75,75,666325
NIFTY-III.NFO,29/08/2024,09:20:42,25277,25275,1525,25277,75,0,666325
NIFTY-III.NFO,29/08/2024,09:20:44,25277,25275,1525,25277,25,50,666325
NIFTY-III.NFO,29/08/2024,09:20:46,25277,25275,1525,25277,25,0,666325
NIFTY-III.NFO,29/08/2024,09:20:47,25277,25275,1600,25277,100,0,666325
NIFTY-III.NFO,29/08/2024,09:20:49,25277,25275,1525,25277,125,0,666325
NIFTY-III.NFO,29/08/2024,09:20:51,25277,25275,1600,25276.55,25,0,666325
NIFTY-III.NFO,29/08/2024,09:20:52,25277,25275,1525,25276.55,25,0,666325
NIFTY-III.NFO,29/08/2024,09:20:54,25277,25275,1525,25276.65,25,0,666325
NIFTY-III.NFO,29/08/2024,09:20:57,25275,25275.05,50,25276.65,25,25,666325
NIFTY-III.NFO,29/08/2024,09:20:59,25277,25275.75,125,25280,25,225,666325
NIFTY-III.NFO,29/08/2024,09:21:01,25275,25275,1550,25280,25,25,666325
NIFTY-III.NFO,29/08/2024,09:21:02,25275,25275.05,125,25279.65,25,0,666325
NIFTY-III.NFO,29/08/2024,09:21:04,25275,25275,1500,25279.75,75,0,666325
NIFTY-III.NFO,29/08/2024,09:21:05,25275,25275,1500,25278.5,100,0,666325
NIFTY-III.NFO,29/08/2024,09:21:07,25275,25275,1500,25278.8,150,0,666325
NIFTY-III.NFO,29/08/2024,09:21:09,25275,25275,1500,25278.7,175,0,666325
NIFTY-III.NFO,29/08/2024,09:21:10,25275,25275.1,75,25280.55,100,100,666325
NIFTY-III.NFO,29/08/2024,09:21:12,25275,25275.05,150,25280.3,225,0,666325
NIFTY-III.NFO,29/08/2024,09:21:14,25275,25275,1425,25279.45,175,0,666325
NIFTY-III.NFO,29/08/2024,09:21:15,25275,25275,1400,25279.45,150,25,666325
NIFTY-III.NFO,29/08/2024,09:21:17,25275,25275,1475,25279.7,100,0,666325
NIFTY-III.NFO,29/08/2024,09:21:19,25275,25275.3,50,25281.45,100,0,666325
NIFTY-III.NFO,29/08/2024,09:21:20,25275,25275,1400,25280.35,100,0,666325
NIFTY-III.NFO,29/08/2024,09:21:22,25275,25275,1375,25280.25,175,25,666325
NIFTY-III.NFO,29/08/2024,09:21:24,25275,25275,2050,25279.95,100,25,666325
NIFTY-III.NFO,29/08/2024,09:21:25,25275,25275,2025,25279.85,175,0,666325
NIFTY-III.NFO,29/08/2024,09:21:27,25275,25275.05,150,25280.3,75,0,666325
NIFTY-III.NFO,29/08/2024,09:21:29,25275,25275,2125,25280.35,75,0,666325
NIFTY-III.NFO,29/08/2024,09:21:30,25275,25275,2050,25279.95,100,0,666325
NIFTY-III.NFO,29/08/2024,09:21:32,25275,25275,2125,25280.25,100,0,666325
NIFTY-III.NFO,29/08/2024,09:21:34,25275,25275.4,50,25280.4,25,0,666325
NIFTY-III.NFO,29/08/2024,09:21:35,25275.55,25275.6,50,25281,50,225,666325
NIFTY-III.NFO,29/08/2024,09:21:37,25275.55,25275.6,125,25280.95,75,0,666325
NIFTY-III.NFO,29/08/2024,09:21:39,25275.55,25275.05,75,25280.1,75,0,666325
NIFTY-III.NFO,29/08/2024,09:21:40,25275.55,25275.05,75,25279.7,75,0,666325
NIFTY-III.NFO,29/08/2024,09:21:42,25275.55,25275,2075,25279.6,100,0,666325
NIFTY-III.NFO,29/08/2024,09:21:44,25275.55,25276,25,25279.05,175,0,666325
NIFTY-III.NFO,29/08/2024,09:21:45,25279.05,25276,25,25279.5,75,50,667700
NIFTY-III.NFO,29/08/2024,09:21:47,25279.05,25276,25,25278,25,0,667700
NIFTY-III.NFO,29/08/2024,09:21:49,25279.05,25276,25,25277.95,100,0,667700
NIFTY-III.NFO,29/08/2024,09:21:50,25279.05,25276,25,25277.95,175,0,667700
NIFTY-III.NFO,29/08/2024,09:21:52,25279.05,25276,25,25278,25,0,667700
NIFTY-III.NFO,29/08/2024,09:21:54,25276,25275.1,25,25278,25,25,667700
NIFTY-III.NFO,29/08/2024,09:21:55,25276,25275,2075,25278,25,0,667700
NIFTY-III.NFO,29/08/2024,09:21:59,25276,25275,2075,25278,100,0,667700
NIFTY-III.NFO,29/08/2024,09:22:00,25276,25275,2075,25277.85,100,0,667700
NIFTY-III.NFO,29/08/2024,09:22:02,25276,25277,25,25277.85,175,0,667700
NIFTY-III.NFO,29/08/2024,09:22:04,25276,25275,2000,25276.15,100,75,667700
NIFTY-III.NFO,29/08/2024,09:22:05,25276.95,25275,2000,25276.95,100,25,667700
NIFTY-III.NFO,29/08/2024,09:22:07,25276.95,25275,2000,25277,25,0,667700
NIFTY-III.NFO,29/08/2024,09:22:09,25279,25276,25,25276.95,25,100,667700
NIFTY-III.NFO,29/08/2024,09:22:10,25279,25276,25,25276.95,25,0,667700
NIFTY-III.NFO,29/08/2024,09:22:12,25276.95,25277.85,100,25280.2,25,25,667700
NIFTY-III.NFO,29/08/2024,09:22:14,25277.85,25277.85,75,25280.2,25,25,667700
NIFTY-III.NFO,29/08/2024,09:22:15,25277.85,25277.85,75,25278.2,175,0,667700
NIFTY-III.NFO,29/08/2024,09:22:17,25277.85,25277,25,25277.4,75,75,667700
NIFTY-III.NFO,29/08/2024,09:22:19,25277.85,25277,25,25279.9,75,0,667700
NIFTY-III.NFO,29/08/2024,09:22:20,25277.85,25278.1,75,25280,25,0,667700
NIFTY-III.NFO,29/08/2024,09:22:24,25275,25275,1925,25280,25,500,667700
NIFTY-III.NFO,29/08/2024,09:22:25,25275.05,25275,1900,25280,100,25,667700
NIFTY-III.NFO,29/08/2024,09:22:27,25275.05,25275,1850,25278.1,100,0,667700
NIFTY-III.NFO,29/08/2024,09:22:29,25275,25275,1800,25278.1,100,50,667700
NIFTY-III.NFO,29/08/2024,09:22:30,25275,25275,1800,25278.1,100,0,667700
NIFTY-III.NFO,29/08/2024,09:22:32,25275,25275,1800,25277.65,75,0,667700
NIFTY-III.NFO,29/08/2024,09:22:34,25275,25275,1775,25276.85,150,25,667700
NIFTY-III.NFO,29/08/2024,09:22:35,25275,25275,1775,25276,150,0,667700
NIFTY-III.NFO,29/08/2024,09:22:37,25277.1,25275,1775,25276.45,75,500,667700
NIFTY-III.NFO,29/08/2024,09:22:39,25277.65,25275,1800,25278.1,150,25,667700
NIFTY-III.NFO,29/08/2024,09:22:40,25277.65,25275,1800,25277.7,75,0,667700
NIFTY-III.NFO,29/08/2024,09:22:42,25277.65,25275,1800,25277.5,125,0,667700
NIFTY-III.NFO,29/08/2024,09:22:44,25277.65,25275,1800,25277.95,150,0,667700
NIFTY-III.NFO,29/08/2024,09:22:45,25277.65,25275,1800,25278,25,0,667700
NIFTY-III.NFO,29/08/2024,09:22:47,25277.65,25275,1800,25277.95,75,0,667700
NIFTY-III.NFO,29/08/2024,09:22:49,25277.65,25275,1800,25277.9,75,0,667700
NIFTY-III.NFO,29/08/2024,09:22:50,25277.65,25275,1800,25277.25,75,0,667700
NIFTY-III.NFO,29/08/2024,09:22:52,25277.65,25275,1800,25276.15,75,0,667700
NIFTY-III.NFO,29/08/2024,09:22:54,25275,25275,1275,25277.55,125,525,667700
NIFTY-III.NFO,29/08/2024,09:22:55,25275,25275,1250,25277.8,75,25,667700
NIFTY-III.NFO,29/08/2024,09:22:57,25275,25275,1250,25277.9,75,0,667700
NIFTY-III.NFO,29/08/2024,09:22:59,25275,25275,1250,25278,125,0,667700
NIFTY-III.NFO,29/08/2024,09:23:00,25275,25275.05,100,25278,125,0,667700
NIFTY-III.NFO,29/08/2024,09:23:02,25275,25275.6,100,25278,125,0,667700
NIFTY-III.NFO,29/08/2024,09:23:04,25278,25275.05,25,25278,100,125,667700
NIFTY-III.NFO,29/08/2024,09:23:05,25275,25275,1200,25278,100,75,667700
NIFTY-III.NFO,29/08/2024,09:23:07,25275,25275,1175,25278.9,50,100,667700
NIFTY-III.NFO,29/08/2024,09:23:09,25275,25275.05,125,25278.9,50,0,667700
NIFTY-III.NFO,29/08/2024,09:23:10,25275,25276.15,50,25278.9,50,0,667700
NIFTY-III.NFO,29/08/2024,09:23:12,25275,25277.15,50,25278.9,25,0,667700
NIFTY-III.NFO,29/08/2024,09:23:14,25276.75,25276.95,50,25279.75,25,200,667700
NIFTY-III.NFO,29/08/2024,09:23:15,25276.75,25276.45,50,25278,100,0,667700
NIFTY-III.NFO,29/08/2024,09:23:17,25278,25275.55,125,25278,50,50,667700
NIFTY-III.NFO,29/08/2024,09:23:19,25278,25275.05,125,25277.15,25,0,667700
NIFTY-III.NFO,29/08/2024,09:23:21,25279.45,25275.05,125,25279.15,25,325,667700
NIFTY-III.NFO,29/08/2024,09:23:22,25279.45,25277.1,125,25279.15,25,0,667700
NIFTY-III.NFO,29/08/2024,09:23:24,25279.45,25275,1100,25279.15,25,0,667700
NIFTY-III.NFO,29/08/2024,09:23:25,25279.45,25275.05,50,25279.15,25,0,667700
NIFTY-III.NFO,29/08/2024,09:23:30,25279.15,25275.9,50,25279.45,25,25,667700
NIFTY-III.NFO,29/08/2024,09:23:32,25279.15,25275.9,50,25279.45,25,0,667700
NIFTY-III.NFO,29/08/2024,09:23:34,25279.15,25276.1,50,25279.45,500,0,667700
NIFTY-III.NFO,29/08/2024,09:23:35,25279.15,25277.15,50,25279.45,500,0,667700
NIFTY-III.NFO,29/08/2024,09:23:37,25279.15,25275.5,75,25279.45,500,0,667700
NIFTY-III.NFO,29/08/2024,09:23:39,25279.15,25275,1150,25279.15,175,0,667700
NIFTY-III.NFO,29/08/2024,09:23:42,25279.15,25275.15,50,25279.15,175,0,667700
NIFTY-III.NFO,29/08/2024,09:23:44,25279.15,25275.55,50,25279.15,175,0,667700
NIFTY-III.NFO,29/08/2024,09:23:45,25279.15,25276.8,75,25279.15,175,0,667700
NIFTY-III.NFO,29/08/2024,09:23:47,25279.15,25275.75,125,25279.15,175,0,667700
NIFTY-III.NFO,29/08/2024,09:23:49,25279.15,25275.75,125,25279.15,50,125,667700
NIFTY-III.NFO,29/08/2024,09:23:50,25279.15,25275,1075,25279.15,50,0,667700
NIFTY-III.NFO,29/08/2024,09:23:52,25275,25275,600,25279.1,175,500,667700
NIFTY-III.NFO,29/08/2024,09:23:54,25275,25275,675,25278.45,25,0,667700
NIFTY-III.NFO,29/08/2024,09:23:55,25275.1,25275.15,50,25279.15,50,50,667700
NIFTY-III.NFO,29/08/2024,09:23:57,25275.1,25275,600,25279.1,100,0,667700
NIFTY-III.NFO,29/08/2024,09:23:59,25275.1,25275,625,25279.1,100,0,667700
NIFTY-III.NFO,29/08/2024,09:24:00,25275.1,25275.75,50,25279.15,50,0,667700
NIFTY-III.NFO,29/08/2024,09:24:02,25279.15,25275.25,125,25279.15,25,25,667700
NIFTY-III.NFO,29/08/2024,09:24:04,25279.15,25275.05,50,25279.15,25,0,667700
NIFTY-III.NFO,29/08/2024,09:24:05,25279.15,25275.05,125,25279.1,100,0,667700
NIFTY-III.NFO,29/08/2024,09:24:07,25279.15,25275.05,125,25279.15,150,0,667700
NIFTY-III.NFO,29/08/2024,09:24:09,25279.15,25276.05,50,25279.15,150,0,667700
NIFTY-III.NFO,29/08/2024,09:24:14,25275.25,25275.25,100,25279.1,100,25,667700
NIFTY-III.NFO,29/08/2024,09:24:15,25275.25,25275.25,125,25279.15,150,0,667700
NIFTY-III.NFO,29/08/2024,09:24:19,25279,25275.3,50,25279.1,100,25,667700
NIFTY-III.NFO,29/08/2024,09:24:20,25279,25275.3,50,25279.1,100,0,667700
NIFTY-III.NFO,29/08/2024,09:24:22,25279,25275.5,25,25279.1,100,0,667700
NIFTY-III.NFO,29/08/2024,09:24:24,25279,25275.55,75,25279.1,100,0,667700
NIFTY-III.NFO,29/08/2024,09:24:25,25279.1,25275.5,25,25279.1,100,25,667700
NIFTY-III.NFO,29/08/2024,09:24:27,25279.1,25275.5,25,25278.95,175,25,667700
NIFTY-III.NFO,29/08/2024,09:24:29,25279.1,25275.55,50,25279,25,0,667700
NIFTY-III.NFO,29/08/2024,09:24:30,25279.1,25275.5,25,25278.95,100,0,667700
NIFTY-III.NFO,29/08/2024,09:24:32,25279.1,25275.5,100,25278,25,0,667700
NIFTY-III.NFO,29/08/2024,09:24:35,25279,25275.9,50,25279.15,125,50,667700
NIFTY-III.NFO,29/08/2024,09:24:37,25279,25275.5,100,25279.15,125,0,667700
NIFTY-III.NFO,29/08/2024,09:24:39,25279.95,25275.6,100,25280,75,200,667700
NIFTY-III.NFO,29/08/2024,09:24:40,25279.95,25276.6,100,25280,75,0,667700
NIFTY-III.NFO,29/08/2024,09:24:42,25276.4,25276.4,100,25280,75,25,669250
NIFTY-III.NFO,29/08/2024,09:24:44,25276.4,25275.55,100,25280,75,0,669250
NIFTY-III.NFO,29/08/2024,09:24:45,25276.4,25275.55,175,25280,75,0,669250
NIFTY-III.NFO,29/08/2024,09:24:47,25280,25277.05,150,25280,50,25,669250
NIFTY-III.NFO,29/08/2024,09:24:49,25277.3,25276.95,75,25280,50,25,669250
NIFTY-III.NFO,29/08/2024,09:24:50,25277.3,25278.1,200,25280,50,0,669250
NIFTY-III.NFO,29/08/2024,09:24:52,25277.3,25278.7,75,25280,75,0,669250
NIFTY-III.NFO,29/08/2024,09:24:54,25282,25280.9,50,25284.8,25,225,669250
NIFTY-III.NFO,29/08/2024,09:24:55,25285.1,25285.1,50,25291.1,50,200,669250
NIFTY-III.NFO,29/08/2024,09:24:55,25290,25285.1,50,25291.1,50,0,669250
NIFTY-III.NFO,29/08/2024,09:24:57,25285.1,25283.4,50,25290.95,175,0,669250
NIFTY-III.NFO,29/08/2024,09:24:59,25291.35,25283.3,50,25289.3,50,50,669250
NIFTY-III.NFO,29/08/2024,09:24:59,25291.35,25283.3,50,25289.3,50,0,669250
NIFTY-III.NFO,29/08/2024,09:25:00,25291.35,25283.25,125,25289.65,175,0,669250
NIFTY-III.NFO,29/08/2024,09:25:02,25289.15,25289,175,25292,25,25,669250
NIFTY-III.NFO,29/08/2024,09:25:04,25287.05,25286,75,25291.35,50,300,669250
NIFTY-III.NFO,29/08/2024,09:25:05,25287.05,25286.6,50,25291.35,50,0,669250
NIFTY-III.NFO,29/08/2024,09:25:07,25287.05,25288.75,100,25291.35,50,0,669250
NIFTY-III.NFO,29/08/2024,09:25:09,25287.05,25287.85,75,25291.35,50,0,669250
NIFTY-III.NFO,29/08/2024,09:25:10,25287.05,25289.2,25,25291.35,50,0,669250
NIFTY-III.NFO,29/08/2024,09:25:12,25292,25289.2,25,25294.3,100,125,669250
NIFTY-III.NFO,29/08/2024,09:25:12,25292,25289.2,25,25294.3,100,0,669250
NIFTY-III.NFO,29/08/2024,09:25:14,25294.1,25289.3,50,25294.1,175,125,669250
NIFTY-III.NFO,29/08/2024,09:25:14,25294.1,25289.3,50,25294.1,175,0,669250
NIFTY-III.NFO,29/08/2024,09:25:15,25289.35,25289.15,100,25294.5,225,50,669250
NIFTY-III.NFO,29/08/2024,09:25:15,25294.3,25289.15,100,25294.5,225,0,669250
NIFTY-III.NFO,29/08/2024,09:25:17,25289.35,25289.1,25,25292.95,150,0,669250
NIFTY-III.NFO,29/08/2024,09:25:19,25289.35,25289.6,25,25294.25,175,0,669250
NIFTY-III.NFO,29/08/2024,09:25:20,25294.95,25290.05,25,25294.2,75,100,669250
NIFTY-III.NFO,29/08/2024,09:25:20,25294.95,25290.05,25,25294.2,75,0,669250
NIFTY-III.NFO,29/08/2024,09:25:22,25294.95,25290,25,25294.7,150,0,669250
NIFTY-III.NFO,29/08/2024,09:25:24,25294.95,25290,25,25293.7,25,0,669250
NIFTY-III.NFO,29/08/2024,09:25:25,25294.95,25290.6,25,25294.75,100,0,669250
NIFTY-III.NFO,29/08/2024,09:25:27,25294.95,25290.45,25,25294.75,25,0,669250
NIFTY-III.NFO,29/08/2024,09:25:29,25292.8,25291.3,25,25294.8,25,475,669250
NIFTY-III.NFO,29/08/2024,09:25:30,25292.8,25291.5,25,25294.75,100,0,669250
NIFTY-III.NFO,29/08/2024,09:25:32,25294.8,25292.05,100,25294.95,125,100,669250
NIFTY-III.NFO,29/08/2024,09:25:34,25294,25292.3,175,25294,50,150,669250
NIFTY-III.NFO,29/08/2024,09:25:35,25299,25294.95,25,25299,25,425,669250
NIFTY-III.NFO,29/08/2024,09:25:35,25299,25294.95,25,25299,25,0,669250
NIFTY-III.NFO,29/08/2024,09:25:37,25294.95,25297.25,125,25299,25,75,669250
NIFTY-III.NFO,29/08/2024,09:25:39,25294.95,25295.75,100,25299,25,0,669250
NIFTY-III.NFO,29/08/2024,09:25:40,25296.25,25296.15,100,25299,25,50,669250
NIFTY-III.NFO,29/08/2024,09:25:42,25300,25301.15,100,25303.15,25,250,669250
NIFTY-III.NFO,29/08/2024,09:25:42,25300,25301.15,100,25303.15,25,0,669250
NIFTY-III.NFO,29/08/2024,09:25:44,25303.15,25299.25,100,25303.6,125,50,669250
NIFTY-III.NFO,29/08/2024,09:25:44,25303.15,25299.25,100,25303.6,125,0,669250
NIFTY-III.NFO,29/08/2024,09:25:45,25303.15,25296.15,100,25302.1,150,0,669250
NIFTY-III.NFO,29/08/2024,09:25:47,25303.15,25295,175,25297.5,25,0,669250
NIFTY-III.NFO,29/08/2024,09:25:49,25301.65,25295,175,25301.6,50,175,669250
NIFTY-III.NFO,29/08/2024,09:25:50,25295,25296.05,150,25302.25,100,150,669250
NIFTY-III.NFO,29/08/2024,09:25:52,25301.65,25298.8,100,25304.1,25,25,669250
NIFTY-III.NFO,29/08/2024,09:25:54,25301.65,25298.45,25,25303.1,100,0,669250
NIFTY-III.NFO,29/08/2024,09:25:55,25303.1,25297.95,25,25303.1,75,325,669250
NIFTY-III.NFO,29/08/2024,09:25:55,25303.6,25297.95,25,25303.1,75,0,669250
NIFTY-III.NFO,29/08/2024,09:25:57,25303.05,25298.8,25,25303.9,125,50,669250
NIFTY-III.NFO,29/08/2024,09:25:59,25298.8,25296,175,25304.05,125,25,669250
NIFTY-III.NFO,29/08/2024,09:26:00,25297.6,25296.55,100,25302.75,125,25,669250
NIFTY-III.NFO,29/08/2024,09:26:02,25297.6,25296.35,100,25301.65,75,0,669250
NIFTY-III.NFO,29/08/2024,09:26:04,25296.1,25295.2,175,25301.45,25,25,669250
NIFTY-III.NFO,29/08/2024,09:26:05,25296.1,25295.45,175,25297.6,500,0,669250
NIFTY-III.NFO,29/08/2024,09:26:07,25297.6,25294,50,25297.6,200,300,669250
NIFTY-III.NFO,29/08/2024,09:26:09,25297.6,25296.1,25,25297.6,200,0,669250
NIFTY-III.NFO,29/08/2024,09:26:14,25297,25296.1,25,25297,25,50,669250
NIFTY-III.NFO,29/08/2024,09:26:15,25297,25296.1,25,25296.95,100,0,669250
NIFTY-III.NFO,29/08/2024,09:26:18,25297,25296.1,25,25297,25,0,669250
NIFTY-III.NFO,29/08/2024,09:26:20,25297,25296.1,25,25296.95,100,0,669250
NIFTY-III.NFO,29/08/2024,09:26:22,25296.1,25296,75,25296.95,25,25,669250
NIFTY-III.NFO,29/08/2024,09:26:23,25295,25294,50,25295,100,100,669250
NIFTY-III.NFO,29/08/2024,09:26:25,25294.95,25294,50,25295,100,25,669250
NIFTY-III.NFO,29/08/2024,09:26:27,25292.5,25292.3,50,25294.95,25,125,669250
NIFTY-III.NFO,29/08/2024,09:26:28,25294.95,25291.15,50,25295,75,25,669250
NIFTY-III.NFO,29/08/2024,09:26:30,25294.95,25290.35,125,25294,75,0,669250
NIFTY-III.NFO,29/08/2024,09:26:32,25294.95,25290,25,25294,75,0,669250
NIFTY-III.NFO,29/08/2024,09:26:33,25289.75,25289.1,25,25294,150,50,669250
NIFTY-III.NFO,29/08/2024,09:26:35,25294,25289.7,100,25290,50,25,669250
NIFTY-III.NFO,29/08/2024,09:26:37,25290,25290.25,225,25295,75,50,669250
NIFTY-III.NFO,29/08/2024,09:26:38,25295,25290,50,25294.95,125,25,669250
NIFTY-III.NFO,29/08/2024,09:26:40,25295,25290.35,25,25294.95,125,0,669250
NIFTY-III.NFO,29/08/2024,09:26:42,25295,25290,50,25294.9,50,0,669250
NIFTY-III.NFO,29/08/2024,09:26:45,25290,25290,25,25294.9,50,25,669250
NIFTY-III.NFO,29/08/2024,09:26:48,25290,25290,50,25293.95,125,0,669250
NIFTY-III.NFO,29/08/2024,09:26:50,25290,25290,125,25294,1000,0,669250
NIFTY-III.NFO,29/08/2024,09:26:52,25294,25290,50,25294,975,25,669250
NIFTY-III.NFO,29/08/2024,09:26:53,25294,25290,50,25293.95,125,0,669250
NIFTY-III.NFO,29/08/2024,09:26:55,25294,25290,50,25293.95,75,0,669250
NIFTY-III.NFO,29/08/2024,09:26:57,25294,25290,50,25293.9,50,0,669250
NIFTY-III.NFO,29/08/2024,09:27:00,25290,25290.7,25,25294,1000,50,669250
NIFTY-III.NFO,29/08/2024,09:27:02,25290,25288.5,75,25294,1000,0,669250
NIFTY-III.NFO,29/08/2024,09:27:03,25290,25290,25,25293.9,50,0,669250
NIFTY-III.NFO,29/08/2024,09:27:05,25290,25290,25,25293.95,125,0,669250
NIFTY-III.NFO,29/08/2024,09:27:07,25290,25287.2,150,25290,25,25,669250
NIFTY-III.NFO,29/08/2024,09:27:08,25290,25286.6,175,25290,25,0,669250
NIFTY-III.NFO,29/08/2024,09:27:10,25290,25286.95,100,25293.2,125,25,669250
NIFTY-III.NFO,29/08/2024,09:27:12,25293.2,25287.05,100,25293.95,50,50,669250
NIFTY-III.NFO,29/08/2024,09:27:13,25293.75,25288,175,25294,1075,100,669250
NIFTY-III.NFO,29/08/2024,09:27:15,25293.75,25287.5,175,25293.95,50,0,669250
NIFTY-III.NFO,29/08/2024,09:27:17,25293.75,25289.45,150,25294,1000,0,669250
NIFTY-III.NFO,29/08/2024,09:27:18,25293.75,25288.95,100,25290,25,0,669250
NIFTY-III.NFO,29/08/2024,09:27:20,25290,25290.05,175,25294,1000,25,669250
NIFTY-III.NFO,29/08/2024,09:27:22,25290,25290.6,150,25294,1000,0,669250
NIFTY-III.NFO,29/08/2024,09:27:23,25290,25291.6,100,25293,25,0,669250
NIFTY-III.NFO,29/08/2024,09:27:25,25291.8,25291.85,100,25293,25,100,669250
NIFTY-III.NFO,29/08/2024,09:27:27,25291.8,25290.55,175,25293,25,0,669250
NIFTY-III.NFO,29/08/2024,09:27:28,25292.5,25292.5,25,25293,25,25,669250
NIFTY-III.NFO,29/08/2024,09:27:30,25291.45,25291.45,150,25293,25,25,669250
NIFTY-III.NFO,29/08/2024,09:27:31,25291.45,25291.45,75,25293,25,0,669250
NIFTY-III.NFO,29/08/2024,09:27:33,25291.45,25291.45,150,25293,25,0,669250
NIFTY-III.NFO,29/08/2024,09:27:35,25291.45,25291.45,75,25293,25,0,669250
NIFTY-III.NFO,29/08/2024,09:27:38,25291.45,25291.45,75,25292.95,25,0,669250
NIFTY-III.NFO,29/08/2024,09:27:40,25291.45,25291.45,125,25293,25,0,669250
NIFTY-III.NFO,29/08/2024,09:27:41,25291.45,25291.45,200,25293,25,0,669250
NIFTY-III.NFO,29/08/2024,09:27:43,25291.45,25292.1,25,25293,25,0,669250
NIFTY-III.NFO,29/08/2024,09:27:45,25292.2,25292.1,25,25293,25,25,670600
NIFTY-III.NFO,29/08/2024,09:27:46,25292.2,25292.1,25,25293,25,0,670600
NIFTY-III.NFO,29/08/2024,09:27:48,25292,25292.1,25,25293,25,50,670600
NIFTY-III.NFO,29/08/2024,09:27:50,25292.1,25292.1,25,25293,25,25,670600
NIFTY-III.NFO,29/08/2024,09:27:51,25292.1,25291.45,125,25293,25,0,670600
NIFTY-III.NFO,29/08/2024,09:27:56,25291.45,25292.1,25,25293,25,100,670600
NIFTY-III.NFO,29/08/2024,09:27:58,25292.1,25291.45,50,25292.1,25,25,670600
NIFTY-III.NFO,29/08/2024,09:28:00,25292.1,25291.45,50,25292.1,25,0,670600
NIFTY-III.NFO,29/08/2024,09:28:01,25292.1,25291.45,50,25293,325,25,670600
NIFTY-III.NFO,29/08/2024,09:28:03,25291.45,25291.45,25,25293,325,25,670600
NIFTY-III.NFO,29/08/2024,09:28:05,25291.45,25291.45,25,25293,400,0,670600
NIFTY-III.NFO,29/08/2024,09:28:07,25291.45,25291.45,25,25293,325,0,670600
NIFTY-III.NFO,29/08/2024,09:28:12,25290.2,25290.2,25,25293,325,50,670600
NIFTY-III.NFO,29/08/2024,09:28:13,25290.2,25290.2,25,25292.95,50,0,670600
NIFTY-III.NFO,29/08/2024,09:28:17,25290.2,25290.2,25,25293,400,0,670600
NIFTY-III.NFO,29/08/2024,09:28:18,25290.2,25290.2,25,25293,325,0,670600
NIFTY-III.NFO,29/08/2024,09:28:23,25290.2,25290.2,25,25293,400,0,670600
NIFTY-III.NFO,29/08/2024,09:28:25,25290.2,25290.2,25,25292.95,50,0,670600
NIFTY-III.NFO,29/08/2024,09:28:26,25290.2,25290.2,25,25293,325,0,670600
NIFTY-III.NFO,29/08/2024,09:28:28,25290.2,25290.2,25,25292.95,50,0,670600
NIFTY-III.NFO,29/08/2024,09:28:31,25290.2,25290,2175,25292,1050,25,670600
NIFTY-III.NFO,29/08/2024,09:28:33,25290.2,25290.2,250,25292,975,0,670600
NIFTY-III.NFO,29/08/2024,09:28:36,25290.2,25290.2,225,25292,975,25,670600
NIFTY-III.NFO,29/08/2024,09:28:38,25291,25290.2,225,25292,975,25,670600
NIFTY-III.NFO,29/08/2024,09:28:40,25290.2,25290.2,200,25292,975,25,670600
NIFTY-III.NFO,29/08/2024,09:28:41,25290.2,25290.2,200,25292,1075,0,670600
NIFTY-III.NFO,29/08/2024,09:28:43,25292,25290.2,150,25292,975,75,670600
NIFTY-III.NFO,29/08/2024,09:28:45,25292,25290.2,175,25292,1050,0,670600
NIFTY-III.NFO,29/08/2024,09:28:46,25290.2,25290.2,125,25291.95,50,50,670600
NIFTY-III.NFO,29/08/2024,09:28:48,25290.2,25290,375,25291.95,50,100,670600
NIFTY-III.NFO,29/08/2024,09:28:50,25290.2,25290,375,25292,975,0,670600
NIFTY-III.NFO,29/08/2024,09:28:51,25290.2,25290,375,25292,1050,0,670600
NIFTY-III.NFO,29/08/2024,09:28:53,25290.2,25290,375,25291.95,50,0,670600
NIFTY-III.NFO,29/08/2024,09:28:55,25290,25290,350,25291.95,50,25,670600
NIFTY-III.NFO,29/08/2024,09:28:56,25290,25290,350,25291.95,50,0,670600
NIFTY-III.NFO,29/08/2024,09:28:58,25290,25290,300,25291.95,50,50,670600
NIFTY-III.NFO,29/08/2024,09:29:00,25290,25283.45,125,25289.95,50,300,670600
NIFTY-III.NFO,29/08/2024,09:29:01,25290,25282.3,200,25289.95,50,0,670600
NIFTY-III.NFO,29/08/2024,09:29:03,25290,25283.4,125,25289.95,125,0,670600
NIFTY-III.NFO,29/08/2024,09:29:05,25290,25284.4,125,25290,75,0,670600
NIFTY-III.NFO,29/08/2024,09:29:06,25290,25282.85,150,25289.95,50,0,670600
NIFTY-III.NFO,29/08/2024,09:29:08,25290,25282.5,125,25289.95,50,0,670600
NIFTY-III.NFO,29/08/2024,09:29:10,25290,25284.05,200,25290,100,0,670600
NIFTY-III.NFO,29/08/2024,09:29:11,25290,25285.3,150,25290,25,0,670600
NIFTY-III.NFO,29/08/2024,09:29:13,25290,25285.4,150,25290,25,0,670600
NIFTY-III.NFO,29/08/2024,09:29:15,25290,25284.1,50,25290,100,0,670600
NIFTY-III.NFO,29/08/2024,09:29:16,25284.1,25282.8,150,25284.1,175,200,670600
NIFTY-III.NFO,29/08/2024,09:29:18,25288.6,25282.6,125,25289.25,50,300,670600
NIFTY-III.NFO,29/08/2024,09:29:20,25284,25284,25,25290,100,25,670600
NIFTY-III.NFO,29/08/2024,09:29:21,25284,25284.55,125,25290,100,0,670600
NIFTY-III.NFO,29/08/2024,09:29:23,25284,25285.3,125,25290,25,0,670600
NIFTY-III.NFO,29/08/2024,09:29:25,25284.65,25284,25,25289.95,50,25,670600
NIFTY-III.NFO,29/08/2024,09:29:26,25290,25284.05,125,25290,125,75,670600
NIFTY-III.NFO,29/08/2024,09:29:28,25290,25284.05,125,25290,125,0,670600
NIFTY-III.NFO,29/08/2024,09:29:30,25290,25284.05,50,25288,950,0,670600
NIFTY-III.NFO,29/08/2024,09:29:31,25290,25284.4,125,25288,950,0,670600
NIFTY-III.NFO,29/08/2024,09:29:33,25284,25282.6,125,25288,950,100,670600
NIFTY-III.NFO,29/08/2024,09:29:35,25284,25283.7,50,25288,950,0,670600
NIFTY-III.NFO,29/08/2024,09:29:36,25288,25285.25,50,25288,650,300,670600
NIFTY-III.NFO,29/08/2024,09:29:38,25288,25286,50,25288,650,0,670600
NIFTY-III.NFO,29/08/2024,09:29:40,25288,25285.55,50,25288,650,0,670600
NIFTY-III.NFO,29/08/2024,09:29:41,25288,25285.65,50,25288,650,0,670600
NIFTY-III.NFO,29/08/2024,09:29:43,25288,25287.75,50,25290,50,700,670600
NIFTY-III.NFO,29/08/2024,09:29:45,25288,25287.75,50,25290,50,0,670600
NIFTY-III.NFO,29/08/2024,09:29:46,25290,25288.85,125,25290,25,25,670600
NIFTY-III.NFO,29/08/2024,09:29:48,25293,25291.6,75,25293,275,75,670600
NIFTY-III.NFO,29/08/2024,09:29:50,25293,25288.35,125,25292.95,75,0,670600
NIFTY-III.NFO,29/08/2024,09:29:51,25293,25288.35,125,25293,275,0,670600
NIFTY-III.NFO,29/08/2024,09:29:53,25293,25286.5,50,25293,350,0,670600
NIFTY-III.NFO,29/08/2024,09:29:56,25288,25285.05,50,25293,350,25,670600
NIFTY-III.NFO,29/08/2024,09:29:58,25288,25285.2,50,25292.25,100,0,670600
NIFTY-III.NFO,29/08/2024,09:30:00,25288,25287.45,175,25292.25,25,0,670600
NIFTY-III.NFO,29/08/2024,09:30:01,25289.05,25289.45,50,25293,275,25,670600
NIFTY-III.NFO,29/08/2024,09:30:03,25293,25288.15,125,25293,200,75,670600
NIFTY-III.NFO,29/08/2024,09:30:05,25293,25286.55,50,25293,275,0,670600
NIFTY-III.NFO,29/08/2024,09:30:06,25293,25286.6,50,25293,100,100,670600
NIFTY-III.NFO,29/08/2024,09:30:08,25293,25287.05,125,25292.9,50,0,670600
NIFTY-III.NFO,29/08/2024,09:30:10,25293,25287.6,50,25292,250,0,670600
NIFTY-III.NFO,29/08/2024,09:30:11,25292,25287.6,50,25292,225,25,670600
NIFTY-III.NFO,29/08/2024,09:30:13,25292,25287.75,50,25292,225,0,670600
NIFTY-III.NFO,29/08/2024,09:30:15,25292,25288.9,50,25292,225,0,670600
NIFTY-III.NFO,29/08/2024,09:30:16,25292,25290.1,50,25292,100,225,670600
NIFTY-III.NFO,29/08/2024,09:30:18,25292,25288.1,50,25292,100,0,670600
NIFTY-III.NFO,29/08/2024,09:30:20,25292,25289.3,125,25292,100,0,670600
NIFTY-III.NFO,29/08/2024,09:30:22,25295,25291.5,100,25292,125,475,670600
NIFTY-III.NFO,29/08/2024,09:30:23,25292,25291.5,100,25292,50,75,670600
NIFTY-III.NFO,29/08/2024,09:30:25,25292,25291.5,100,25292.25,25,50,670600
NIFTY-III.NFO,29/08/2024,09:30:26,25292,25291.5,100,25292.25,25,0,670600
NIFTY-III.NFO,29/08/2024,09:30:28,25292.25,25291.5,100,25292.25,25,25,670600
NIFTY-III.NFO,29/08/2024,09:30:30,25292.25,25291.5,100,25292.25,25,25,670600
NIFTY-III.NFO,29/08/2024,09:30:31,25292.25,25291.5,100,25292,250,0,670600
NIFTY-III.NFO,29/08/2024,09:30:35,25292,25291.5,100,25292,225,25,670600
NIFTY-III.NFO,29/08/2024,09:30:36,25292,25291.5,100,25292,225,0,670600
NIFTY-III.NFO,29/08/2024,09:30:41,25292,25291.5,100,25292,200,25,670600
NIFTY-III.NFO,29/08/2024,09:30:43,25292,25291.5,100,25292,200,0,670600
NIFTY-III.NFO,29/08/2024,09:30:45,25291.5,25290.2,25,25292,200,75,672700
NIFTY-III.NFO,29/08/2024,09:30:48,25291.5,25290.2,25,25292,200,0,672700
NIFTY-III.NFO,29/08/2024,09:30:50,25287.45,25287.45,50,25291.95,75,375,672700
NIFTY-III.NFO,29/08/2024,09:30:51,25290.25,25290.05,50,25292,75,100,672700
NIFTY-III.NFO,29/08/2024,09:30:53,25290.25,25290.2,25,25292.25,25,125,672700
NIFTY-III.NFO,29/08/2024,09:30:55,25290.25,25290.2,25,25292.25,25,0,672700
NIFTY-III.NFO,29/08/2024,09:30:56,25290,25290.9,50,25292.25,25,100,672700
NIFTY-III.NFO,29/08/2024,09:30:58,25291.5,25290.7,200,25294.7,75,25,672700
NIFTY-III.NFO,29/08/2024,09:31:00,25292,25292.95,25,25294.75,100,100,672700
NIFTY-III.NFO,29/08/2024,09:31:01,25294.75,25293.75,100,25296.8,25,25,672700
NIFTY-III.NFO,29/08/2024,09:31:03,25296.8,25296.8,25,25296.95,100,25,672700
NIFTY-III.NFO,29/08/2024,09:31:04,25296.8,25296.8,25,25296.95,100,0,672700
NIFTY-III.NFO,29/08/2024,09:31:06,25296.8,25296.8,100,25296.95,100,0,672700
NIFTY-III.NFO,29/08/2024,09:31:08,25296.95,25296.55,75,25297,50,25,672700
NIFTY-III.NFO,29/08/2024,09:31:09,25294.35,25296.8,25,25297,25,150,672700
NIFTY-III.NFO,29/08/2024,09:31:11,25296.8,25292.9,175,25297.05,75,50,672700
NIFTY-III.NFO,29/08/2024,09:31:13,25296.8,25294.65,50,25297.1,100,0,672700
NIFTY-III.NFO,29/08/2024,09:31:14,25297.1,25296.2,100,25297.1,25,125,672700
NIFTY-III.NFO,29/08/2024,09:31:16,25296.8,25297.05,125,25297.6,50,50,672700
NIFTY-III.NFO,29/08/2024,09:31:17,25297.6,25297,75,25298.75,50,150,672700
NIFTY-III.NFO,29/08/2024,09:31:19,25297.2,25297.75,125,25299,25,50,672700
NIFTY-III.NFO,29/08/2024,09:31:21,25299,25297.75,75,25300,525,25,672700
NIFTY-III.NFO,29/08/2024,09:31:22,25299,25297.2,100,25300,550,0,672700
NIFTY-III.NFO,29/08/2024,09:31:24,25300,25298.55,75,25300,275,275,672700
NIFTY-III.NFO,29/08/2024,09:31:26,25300,25297.7,50,25300,225,25,672700
NIFTY-III.NFO,29/08/2024,09:31:27,25299,25298,75,25300,225,250,672700
NIFTY-III.NFO,29/08/2024,09:31:29,25300.45,25300,125,25300.45,25,275,672700
NIFTY-III.NFO,29/08/2024,09:31:31,25301,25299.1,25,25301,25,200,672700
NIFTY-III.NFO,29/08/2024,09:31:32,25301,25297.3,50,25301.1,25,25,672700
NIFTY-III.NFO,29/08/2024,09:31:34,25300,25300,25,25301.85,25,25,672700
NIFTY-III.NFO,29/08/2024,09:31:35,25300,25300.45,50,25301.8,25,0,672700
NIFTY-III.NFO,29/08/2024,09:31:37,25300,25300.45,50,25301.8,100,0,672700
NIFTY-III.NFO,29/08/2024,09:31:39,25300,25300.45,50,25301.8,25,0,672700
NIFTY-III.NFO,29/08/2024,09:31:40,25300,25298,125,25300.9,25,75,672700
NIFTY-III.NFO,29/08/2024,09:31:42,25300,25298,125,25300.9,25,0,672700
NIFTY-III.NFO,29/08/2024,09:31:45,25300,25298,200,25300,250,0,672700
NIFTY-III.NFO,29/08/2024,09:31:47,25300,25298,125,25300,225,50,672700
NIFTY-III.NFO,29/08/2024,09:31:49,25300,25298,125,25300,225,0,672700
NIFTY-III.NFO,29/08/2024,09:31:50,25300,25298,125,25300,25,200,672700
NIFTY-III.NFO,29/08/2024,09:31:52,25300,25298,125,25300.9,25,25,672700
NIFTY-III.NFO,29/08/2024,09:31:54,25300,25298,125,25300.9,25,0,672700
NIFTY-III.NFO,29/08/2024,09:31:55,25301.85,25298,125,25300.9,25,75,672700
NIFTY-III.NFO,29/08/2024,09:31:57,25301.85,25298.5,25,25300.9,25,0,672700
NIFTY-III.NFO,29/08/2024,09:31:59,25300,25300,250,25300.9,25,50,672700
NIFTY-III.NFO,29/08/2024,09:32:00,25300,25300,325,25300.9,25,0,672700
NIFTY-III.NFO,29/08/2024,09:32:03,25300,25300,300,25300.9,25,25,672700
NIFTY-III.NFO,29/08/2024,09:32:05,25300,25300,125,25300.6,150,200,672700
NIFTY-III.NFO,29/08/2024,09:32:07,25300,25298,125,25299.95,75,225,672700
NIFTY-III.NFO,29/08/2024,09:32:08,25300,25298,125,25300,50,0,672700
NIFTY-III.NFO,29/08/2024,09:32:12,25300,25298,125,25300,150,0,672700
NIFTY-III.NFO,29/08/2024,09:32:13,25300,25298,125,25300,50,25,672700
NIFTY-III.NFO,29/08/2024,09:32:15,25300,25298.05,150,25300,50,0,672700
NIFTY-III.NFO,29/08/2024,09:32:17,25300,25298.55,50,25300,50,0,672700
NIFTY-III.NFO,29/08/2024,09:32:18,25300,25298,200,25300,50,0,672700
NIFTY-III.NFO,29/08/2024,09:32:22,25300,25298,125,25299.75,25,0,672700
NIFTY-III.NFO,29/08/2024,09:32:25,25299.95,25298,125,25299.95,25,50,672700
NIFTY-III.NFO,29/08/2024,09:32:27,25299.95,25298,125,25298.9,100,0,672700
NIFTY-III.NFO,29/08/2024,09:32:28,25298,25291.95,50,25298.75,50,125,672700
NIFTY-III.NFO,29/08/2024,09:32:30,25298,25292.95,550,25299.4,150,0,672700
NIFTY-III.NFO,29/08/2024,09:32:32,25298,25294.3,75,25299.4,150,0,672700
NIFTY-III.NFO,29/08/2024,09:32:33,25298,25292.7,50,25299.35,125,0,672700
NIFTY-III.NFO,29/08/2024,09:32:35,25292.2,25292,200,25296.45,125,25,672700
NIFTY-III.NFO,29/08/2024,09:32:37,25292.2,25292,200,25296.45,50,0,672700
NIFTY-III.NFO,29/08/2024,09:32:38,25292.2,25292,200,25296.9,75,0,672700
NIFTY-III.NFO,29/08/2024,09:32:40,25292.2,25292,200,25296.9,50,0,672700
NIFTY-III.NFO,29/08/2024,09:32:42,25292.2,25292,200,25296.8,50,0,672700
NIFTY-III.NFO,29/08/2024,09:32:45,25292.2,25292,200,25296,100,0,672700
NIFTY-III.NFO,29/08/2024,09:32:47,25292.2,25292.15,100,25296,100,0,672700
NIFTY-III.NFO,29/08/2024,09:32:48,25292.15,25292.05,100,25296,100,25,672700
NIFTY-III.NFO,29/08/2024,09:32:50,25292.15,25292.45,100,25296,25,0,672700
NIFTY-III.NFO,29/08/2024,09:32:52,25292.15,25292.05,100,25296,100,0,672700
NIFTY-III.NFO,29/08/2024,09:32:53,25296,25292.05,100,25297.15,125,25,672700
NIFTY-III.NFO,29/08/2024,09:32:55,25296,25292.05,100,25296.4,50,0,672700
NIFTY-III.NFO,29/08/2024,09:32:57,25296,25292.05,100,25295.45,125,0,672700
NIFTY-III.NFO,29/08/2024,09:32:58,25296,25292,200,25295.45,125,0,672700
NIFTY-III.NFO,29/08/2024,09:33:00,25296,25292.05,100,25295.8,75,0,672700
NIFTY-III.NFO,29/08/2024,09:33:02,25292.05,25292.05,100,25295.8,50,25,672700
NIFTY-III.NFO,29/08/2024,09:33:03,25292.05,25292.05,100,25295.8,125,0,672700
NIFTY-III.NFO,29/08/2024,09:33:05,25292.05,25292.05,100,25296.15,125,0,672700
NIFTY-III.NFO,29/08/2024,09:33:07,25296.7,25292.6,100,25296.7,125,25,672700
NIFTY-III.NFO,29/08/2024,09:33:08,25296.7,25292.05,100,25295.95,50,0,672700
NIFTY-III.NFO,29/08/2024,09:33:10,25296.7,25292,200,25295.25,50,0,672700
NIFTY-III.NFO,29/08/2024,09:33:11,25296.7,25292,200,25293.4,200,0,672700
NIFTY-III.NFO,29/08/2024,09:33:13,25296.7,25292,200,25293,200,0,672700
NIFTY-III.NFO,29/08/2024,09:33:15,25292,25290,75,25291.85,125,200,672700
NIFTY-III.NFO,29/08/2024,09:33:16,25292,25290,75,25292.85,125,0,672700
NIFTY-III.NFO,29/08/2024,09:33:18,25292,25290,75,25293.4,125,0,672700
NIFTY-III.NFO,29/08/2024,09:33:20,25292,25290,75,25294.2,50,0,672700
NIFTY-III.NFO,29/08/2024,09:33:21,25292,25290.05,100,25294.4,125,0,672700
NIFTY-III.NFO,29/08/2024,09:33:23,25292,25290,75,25293.8,50,0,672700
NIFTY-III.NFO,29/08/2024,09:33:24,25294.15,25291,25,25294.5,50,425,672700
NIFTY-III.NFO,29/08/2024,09:33:26,25294.15,25291,25,25294.15,50,0,672700
NIFTY-III.NFO,29/08/2024,09:33:28,25294.15,25291,25,25292.6,50,0,672700
NIFTY-III.NFO,29/08/2024,09:33:29,25290,25284.85,100,25290,150,50,672700
NIFTY-III.NFO,29/08/2024,09:33:31,25290,25283.95,100,25290,150,0,672700
NIFTY-III.NFO,29/08/2024,09:33:33,25290,25284.65,175,25290,150,0,672700
NIFTY-III.NFO,29/08/2024,09:33:34,25290,25287.45,150,25290,75,0,672700
NIFTY-III.NFO,29/08/2024,09:33:36,25290,25285.35,225,25290,150,0,672700
NIFTY-III.NFO,29/08/2024,09:33:38,25290,25284.7,25,25290,225,0,672700
NIFTY-III.NFO,29/08/2024,09:33:39,25289.95,25284.75,175,25290,150,25,672700
NIFTY-III.NFO,29/08/2024,09:33:41,25290,25284.75,150,25290,275,25,672700
NIFTY-III.NFO,29/08/2024,09:33:43,25290,25283.1,175,25289.65,50,0,672700
NIFTY-III.NFO,29/08/2024,09:33:44,25290,25282.25,100,25287.7,75,0,672700
NIFTY-III.NFO,29/08/2024,09:33:46,25282.25,25285,400,25288.6,100,100,674725
NIFTY-III.NFO,29/08/2024,09:33:48,25289.3,25285,400,25289.9,150,150,674725
NIFTY-III.NFO,29/08/2024,09:33:49,25289.3,25285.05,100,25289.95,150,0,674725
NIFTY-III.NFO,29/08/2024,09:33:51,25289.3,25285,400,25289.15,75,0,674725
NIFTY-III.NFO,29/08/2024,09:33:53,25289.3,25285,400,25289,325,0,674725
NIFTY-III.NFO,29/08/2024,09:33:56,25289,25285,400,25289,250,75,674725
NIFTY-III.NFO,29/08/2024,09:33:58,25289,25285,400,25289,250,0,674725
NIFTY-III.NFO,29/08/2024,09:33:59,25285,25285.05,100,25289,225,75,674725
NIFTY-III.NFO,29/08/2024,09:34:01,25285,25287,325,25289,225,0,674725
NIFTY-III.NFO,29/08/2024,09:34:03,25287,25287,275,25288.55,200,50,674725
NIFTY-III.NFO,29/08/2024,09:34:04,25281.25,25281.5,75,25286.8,100,325,674725
NIFTY-III.NFO,29/08/2024,09:34:06,25281.25,25281.05,175,25286.05,100,0,674725
NIFTY-III.NFO,29/08/2024,09:34:08,25281.05,25281.05,225,25286.6,50,25,674725
NIFTY-III.NFO,29/08/2024,09:34:09,25281.05,25281.05,175,25286.65,125,0,674725
NIFTY-III.NFO,29/08/2024,09:34:11,25281.05,25281.05,175,25286.5,175,0,674725
NIFTY-III.NFO,29/08/2024,09:34:13,25281.05,25281,50,25285.75,125,0,674725
NIFTY-III.NFO,29/08/2024,09:34:14,25281.05,25281.05,175,25286.45,125,0,674725
NIFTY-III.NFO,29/08/2024,09:34:16,25285.6,25281.05,175,25286.8,100,25,674725
NIFTY-III.NFO,29/08/2024,09:34:18,25285.6,25281.95,175,25287.5,100,0,674725
NIFTY-III.NFO,29/08/2024,09:34:19,25282.05,25282.05,175,25288.1,50,25,674725
NIFTY-III.NFO,29/08/2024,09:34:21,25282.05,25284.6,100,25288.95,75,0,674725
NIFTY-III.NFO,29/08/2024,09:34:22,25282.05,25285.1,150,25287,50,0,674725
NIFTY-III.NFO,29/08/2024,09:34:24,25282.05,25284.2,100,25287,50,0,674725
NIFTY-III.NFO,29/08/2024,09:34:26,25287,25283.8,175,25287,25,25,674725
NIFTY-III.NFO,29/08/2024,09:34:27,25287,25284.45,100,25287,25,0,674725
NIFTY-III.NFO,29/08/2024,09:34:29,25287,25284.85,150,25287,25,0,674725
NIFTY-III.NFO,29/08/2024,09:34:31,25289,25286.1,100,25289,150,50,674725
NIFTY-III.NFO,29/08/2024,09:34:32,25289,25285.8,150,25289,150,0,674725
NIFTY-III.NFO,29/08/2024,09:34:34,25289,25284.7,175,25289,150,0,674725
NIFTY-III.NFO,29/08/2024,09:34:36,25289,25285.45,175,25289,150,0,674725
NIFTY-III.NFO,29/08/2024,09:34:37,25289,25286.2,175,25289,150,0,674725
NIFTY-III.NFO,29/08/2024,09:34:39,25289,25286.3,100,25289,150,0,674725
NIFTY-III.NFO,29/08/2024,09:34:41,25289,25285.9,100,25289,150,0,674725
NIFTY-III.NFO,29/08/2024,09:34:43,25289,25286.55,100,25289,125,25,674725
NIFTY-III.NFO,29/08/2024,09:34:44,25289,25285.5,100,25289,125,0,674725
NIFTY-III.NFO,29/08/2024,09:34:46,25289,25285.5,175,25289,125,0,674725
NIFTY-III.NFO,29/08/2024,09:34:48,25289,25285.05,100,25289,125,0,674725
NIFTY-III.NFO,29/08/2024,09:34:49,25289,25285,25,25289,125,0,674725
NIFTY-III.NFO,29/08/2024,09:34:51,25289,25285,25,25289,200,0,674725
NIFTY-III.NFO,29/08/2024,09:34:52,25289,25285,25,25288.95,125,0,674725
NIFTY-III.NFO,29/08/2024,09:34:54,25289,25285,25,25287.6,125,0,674725
NIFTY-III.NFO,29/08/2024,09:34:56,25289,25285,100,25288.5,125,0,674725
NIFTY-III.NFO,29/08/2024,09:34:57,25289,25285,100,25288.9,125,0,674725
NIFTY-III.NFO,29/08/2024,09:34:59,25288.95,25285,100,25288.75,75,25,674725
NIFTY-III.NFO,29/08/2024,09:35:01,25285,25285,75,25288.95,100,50,674725
NIFTY-III.NFO,29/08/2024,09:35:02,25285,25285,50,25289,125,0,674725
NIFTY-III.NFO,29/08/2024,09:35:04,25285,25285,50,25288.95,100,0,674725
NIFTY-III.NFO,29/08/2024,09:35:06,25285,25285,50,25288.05,25,0,674725
NIFTY-III.NFO,29/08/2024,09:35:07,25285,25285,50,25288.4,150,0,674725
NIFTY-III.NFO,29/08/2024,09:35:09,25285,25285,50,25288.3,100,0,674725
NIFTY-III.NFO,29/08/2024,09:35:11,25285,25285,50,25288.4,50,0,674725
NIFTY-III.NFO,29/08/2024,09:35:12,25285,25285,50,25289,150,0,674725
NIFTY-III.NFO,29/08/2024,09:35:14,25285.05,25285,50,25289,150,25,674725
NIFTY-III.NFO,29/08/2024,09:35:15,25285.05,25285.05,75,25289,150,0,674725
NIFTY-III.NFO,29/08/2024,09:35:17,25285.05,25285.45,100,25289,150,0,674725
NIFTY-III.NFO,29/08/2024,09:35:19,25285.05,25286.85,100,25289,150,0,674725
NIFTY-III.NFO,29/08/2024,09:35:20,25287.55,25287,50,25289,150,250,674725
NIFTY-III.NFO,29/08/2024,09:35:22,25289,25287.1,125,25289,125,25,674725
NIFTY-III.NFO,29/08/2024,09:35:24,25289,25287.25,50,25289,125,0,674725
NIFTY-III.NFO,29/08/2024,09:35:25,25289,25286.45,125,25289,125,0,674725
NIFTY-III.NFO,29/08/2024,09:35:27,25289,25288.05,175,25289,125,0,674725
NIFTY-III.NFO,29/08/2024,09:35:29,25290,25290.35,125,25294.95,75,175,674725
NIFTY-III.NFO,29/08/2024,09:35:30,25290,25289.85,50,25294.75,75,0,674725
NIFTY-III.NFO,29/08/2024,09:35:32,25290,25289.45,50,25294.2,100,0,674725
NIFTY-III.NFO,29/08/2024,09:35:34,25290,25287.95,125,25293.2,175,0,674725
NIFTY-III.NFO,29/08/2024,09:35:35,25290,25287.85,125,25292.7,50,0,674725
NIFTY-III.NFO,29/08/2024,09:35:37,25290,25287.9,125,25293,125,0,674725
NIFTY-III.NFO,29/08/2024,09:35:39,25290,25289.2,125,25293.95,50,0,674725
NIFTY-III.NFO,29/08/2024,09:35:40,25290,25288.65,50,25293.7,175,0,674725
NIFTY-III.NFO,29/08/2024,09:35:42,25290,25289.95,50,25294,25,0,674725
NIFTY-III.NFO,29/08/2024,09:35:44,25290,25290,50,25294,25,0,674725
NIFTY-III.NFO,29/08/2024,09:35:45,25290,25290.65,50,25294,25,0,674725
NIFTY-III.NFO,29/08/2024,09:35:47,25289.8,25288.5,150,25294,100,300,674725
NIFTY-III.NFO,29/08/2024,09:35:49,25289.8,25288.35,150,25294,25,0,674725
NIFTY-III.NFO,29/08/2024,09:35:50,25289.8,25290.05,50,25294,25,0,674725
NIFTY-III.NFO,29/08/2024,09:35:52,25289.8,25290.75,50,25294,25,0,674725
NIFTY-III.NFO,29/08/2024,09:35:54,25289.8,25291.4,75,25294,25,0,674725
NIFTY-III.NFO,29/08/2024,09:35:55,25295,25290.9,200,25296.75,75,50,674725
NIFTY-III.NFO,29/08/2024,09:35:57,25296.8,25291.95,25,25296.9,75,25,674725
NIFTY-III.NFO,29/08/2024,09:35:59,25296.8,25290.65,125,25296.95,175,0,674725
NIFTY-III.NFO,29/08/2024,09:36:00,25296.8,25289.95,25,25294.8,175,0,674725
NIFTY-III.NFO,29/08/2024,09:36:02,25296.8,25289.95,100,25296.2,175,0,674725
NIFTY-III.NFO,29/08/2024,09:36:04,25296.8,25290,75,25296.05,175,0,674725
NIFTY-III.NFO,29/08/2024,09:36:05,25296.8,25290.15,125,25296.45,225,0,674725
NIFTY-III.NFO,29/08/2024,09:36:07,25296.8,25289.55,100,25295.35,175,0,674725
NIFTY-III.NFO,29/08/2024,09:36:09,25296.8,25289.6,50,25296.35,175,0,674725
NIFTY-III.NFO,29/08/2024,09:36:10,25289.6,25289.6,50,25296.1,175,50,674725
NIFTY-III.NFO,29/08/2024,09:36:12,25289.6,25290.05,125,25295,50,0,674725
NIFTY-III.NFO,29/08/2024,09:36:14,25289.25,25290,25,25294.95,175,250,674725
NIFTY-III.NFO,29/08/2024,09:36:15,25289.25,25290.25,250,25295,50,0,674725
NIFTY-III.NFO,29/08/2024,09:36:17,25291,25291.05,50,25295,50,75,674725
NIFTY-III.NFO,29/08/2024,09:36:19,25291,25292.3,50,25295,50,0,674725
NIFTY-III.NFO,29/08/2024,09:36:20,25295,25293.7,50,25297,50,50,674725
NIFTY-III.NFO,29/08/2024,09:36:22,25295,25291.95,200,25297,50,0,674725
NIFTY-III.NFO,29/08/2024,09:36:24,25295,25293.55,25,25296.4,25,0,674725
NIFTY-III.NFO,29/08/2024,09:36:25,25295,25292.7,50,25296.4,25,0,674725
NIFTY-III.NFO,29/08/2024,09:36:27,25295,25293.9,25,25296.4,25,0,674725
NIFTY-III.NFO,29/08/2024,09:36:29,25295,25292.2,25,25296.95,175,75,674725
NIFTY-III.NFO,29/08/2024,09:36:30,25295,25291.65,125,25297,25,0,674725
NIFTY-III.NFO,29/08/2024,09:36:32,25295,25291.65,50,25296.95,75,0,674725
NIFTY-III.NFO,29/08/2024,09:36:33,25295,25291.2,50,25295,750,0,674725
NIFTY-III.NFO,29/08/2024,09:36:35,25295,25290.25,25,25294.8,150,50,674725
NIFTY-III.NFO,29/08/2024,09:36:37,25295,25291.35,200,25295,700,0,674725
NIFTY-III.NFO,29/08/2024,09:36:38,25295,25291.55,200,25295,700,0,674725
NIFTY-III.NFO,29/08/2024,09:36:40,25292.45,25292.05,125,25295,700,250,674725
NIFTY-III.NFO,29/08/2024,09:36:42,25292.45,25292.1,200,25295,700,0,674725
NIFTY-III.NFO,29/08/2024,09:36:43,25292.45,25291.8,25,25295,700,0,674725
NIFTY-III.NFO,29/08/2024,09:36:45,25292.45,25291.55,125,25295,700,0,674725
NIFTY-III.NFO,29/08/2024,09:36:46,25294,25294.15,150,25295,750,50,675625
NIFTY-III.NFO,29/08/2024,09:36:48,25298.2,25297.35,25,25299,50,800,675625
NIFTY-III.NFO,29/08/2024,09:36:50,25300,25296.6,50,25300,50,75,675625
NIFTY-III.NFO,29/08/2024,09:36:51,25300,25296.9,25,25300,50,0,675625
NIFTY-III.NFO,29/08/2024,09:36:53,25300,25295.5,50,25300,50,0,675625
NIFTY-III.NFO,29/08/2024,09:36:55,25300,25298.2,25,25300,50,0,675625
NIFTY-III.NFO,29/08/2024,09:36:56,25300,25297.25,25,25299.95,100,0,675625
NIFTY-III.NFO,29/08/2024,09:36:58,25300,25297.35,25,25300,350,0,675625
NIFTY-III.NFO,29/08/2024,09:37:00,25297.3,25295.25,25,25298.05,100,25,675625
NIFTY-III.NFO,29/08/2024,09:37:01,25298.95,25295.25,25,25298.15,175,25,675625
NIFTY-III.NFO,29/08/2024,09:37:03,25298.95,25292.2,25,25296.65,225,0,675625
NIFTY-III.NFO,29/08/2024,09:37:04,25295,25295,25,25296.1,225,25,675625
NIFTY-III.NFO,29/08/2024,09:37:06,25292.2,25292.7,100,25296.8,25,50,675625
NIFTY-III.NFO,29/08/2024,09:37:08,25291,25292.25,25,25296.75,175,250,675625
NIFTY-III.NFO,29/08/2024,09:37:09,25291,25292.45,125,25296.8,25,0,675625
NIFTY-III.NFO,29/08/2024,09:37:11,25296.8,25292.45,125,25296.05,50,25,675625
NIFTY-III.NFO,29/08/2024,09:37:13,25296.8,25292.9,125,25294.9,25,0,675625
NIFTY-III.NFO,29/08/2024,09:37:14,25296.8,25293.4,25,25294.9,25,0,675625
NIFTY-III.NFO,29/08/2024,09:37:16,25296.8,25294.7,25,25294.9,25,0,675625
NIFTY-III.NFO,29/08/2024,09:37:17,25295.3,25295.3,25,25296.85,25,75,675625
NIFTY-III.NFO,29/08/2024,09:37:19,25296.55,25297,50,25300,425,50,675625
NIFTY-III.NFO,29/08/2024,09:37:21,25296.55,25297.2,100,25300,425,0,675625
NIFTY-III.NFO,29/08/2024,09:37:26,25300,25299.5,100,25300,400,25,675625
NIFTY-III.NFO,29/08/2024,09:37:27,25300,25297.7,25,25300,400,0,675625
NIFTY-III.NFO,29/08/2024,09:37:29,25300,25298.2,25,25300,400,0,675625
NIFTY-III.NFO,29/08/2024,09:37:31,25300,25299.2,25,25300,375,25,675625
NIFTY-III.NFO,29/08/2024,09:37:32,25300,25297.7,25,25300,100,275,675625
NIFTY-III.NFO,29/08/2024,09:37:34,25300,25297.7,25,25300,100,0,675625
NIFTY-III.NFO,29/08/2024,09:37:37,25300,25297.35,125,25300,100,0,675625
NIFTY-III.NFO,29/08/2024,09:37:39,25300,25299.25,25,25300,75,25,675625
NIFTY-III.NFO,29/08/2024,09:37:41,25300,25300,175,25302.1,75,75,675625
NIFTY-III.NFO,29/08/2024,09:37:42,25300,25300,175,25302.15,25,0,675625
NIFTY-III.NFO,29/08/2024,09:37:44,25299.5,25297.95,150,25300,750,250,675625
NIFTY-III.NFO,29/08/2024,09:37:45,25300,25297.95,125,25300,725,25,675625
NIFTY-III.NFO,29/08/2024,09:37:47,25300,25296.05,50,25300,700,25,675625
NIFTY-III.NFO,29/08/2024,09:37:49,25300,25296.9,625,25300,625,100,675625
NIFTY-III.NFO,29/08/2024,09:37:50,25300,25296.9,625,25300,625,0,675625
NIFTY-III.NFO,29/08/2024,09:37:52,25300,25298.55,50,25300,625,0,675625
NIFTY-III.NFO,29/08/2024,09:37:54,25302.25,25301.2,25,25302.25,125,650,675625
NIFTY-III.NFO,29/08/2024,09:37:55,25302.9,25302.8,25,25304,50,175,675625
NIFTY-III.NFO,29/08/2024,09:37:57,25304,25300.05,25,25304,25,25,675625
NIFTY-III.NFO,29/08/2024,09:37:57,25304,25300.05,25,25304,25,0,675625
NIFTY-III.NFO,29/08/2024,09:37:59,25304,25299.9,25,25304,25,0,675625
NIFTY-III.NFO,29/08/2024,09:38:00,25299.6,25298.9,500,25303.95,100,250,675625
NIFTY-III.NFO,29/08/2024,09:38:02,25299.6,25297.95,375,25303.2,100,0,675625
NIFTY-III.NFO,29/08/2024,09:38:04,25299.6,25298.25,25,25303.05,175,0,675625
NIFTY-III.NFO,29/08/2024,09:38:05,25299.6,25297.85,25,25302.55,225,0,675625
NIFTY-III.NFO,29/08/2024,09:38:07,25299.6,25297.8,25,25303.45,100,0,675625
NIFTY-III.NFO,29/08/2024,09:38:09,25299.6,25299.5,25,25303.8,175,0,675625
NIFTY-III.NFO,29/08/2024,09:38:10,25299.6,25298.85,25,25302.9,175,0,675625
NIFTY-III.NFO,29/08/2024,09:38:12,25299.6,25298.85,25,25303.65,100,0,675625
NIFTY-III.NFO,29/08/2024,09:38:14,25299.6,25298.85,25,25303.35,100,0,675625
NIFTY-III.NFO,29/08/2024,09:38:15,25299.6,25299.5,25,25299.6,25,0,675625
NIFTY-III.NFO,29/08/2024,09:38:17,25299.6,25298.85,25,25299.6,25,0,675625
NIFTY-III.NFO,29/08/2024,09:38:22,25299.6,25298.9,25,25302.7,175,25,675625
NIFTY-III.NFO,29/08/2024,09:38:24,25298.25,25299.85,25,25303.7,100,25,675625
NIFTY-III.NFO,29/08/2024,09:38:25,25298.25,25299.55,25,25303.3,225,0,675625
NIFTY-III.NFO,29/08/2024,09:38:27,25298.25,25299.55,25,25303.75,175,0,675625
NIFTY-III.NFO,29/08/2024,09:38:29,25298.25,25299.55,25,25303.55,175,0,675625
NIFTY-III.NFO,29/08/2024,09:38:30,25298.25,25299.55,25,25303.4,175,0,675625
NIFTY-III.NFO,29/08/2024,09:38:32,25298.25,25299.55,25,25303.05,100,0,675625
NIFTY-III.NFO,29/08/2024,09:38:34,25298.25,25299.25,25,25301.95,225,0,675625
NIFTY-III.NFO,29/08/2024,09:38:35,25296.1,25296.2,50,25302.1,100,75,675625
NIFTY-III.NFO,29/08/2024,09:38:37,25296.1,25298.5,25,25302.95,100,0,675625
NIFTY-III.NFO,29/08/2024,09:38:39,25296.1,25300,25,25302,25,0,675625
NIFTY-III.NFO,29/08/2024,09:38:44,25300,25298.25,50,25302,25,25,675625
NIFTY-III.NFO,29/08/2024,09:38:45,25300,25298.25,50,25302,25,0,675625
NIFTY-III.NFO,29/08/2024,09:38:47,25300,25298.25,25,25302,25,0,675625
NIFTY-III.NFO,29/08/2024,09:38:49,25300,25299.1,25,25302,25,0,675625
NIFTY-III.NFO,29/08/2024,09:38:50,25300,25298.25,50,25300,250,0,675625
NIFTY-III.NFO,29/08/2024,09:38:52,25300,25298.25,25,25300,250,0,675625
NIFTY-III.NFO,29/08/2024,09:38:54,25300,25298.25,25,25300,200,50,675625
NIFTY-III.NFO,29/08/2024,09:38:55,25300,25298.25,25,25300,200,0,675625
NIFTY-III.NFO,29/08/2024,09:39:00,25300,25298.3,25,25300,175,25,675625
NIFTY-III.NFO,29/08/2024,09:39:02,25300,25298.25,25,25300,150,25,675625
NIFTY-III.NFO,29/08/2024,09:39:04,25300,25298.25,25,25300,625,0,675625
NIFTY-III.NFO,29/08/2024,09:39:05,25298.25,25295.25,25,25298,125,25,675625
NIFTY-III.NFO,29/08/2024,09:39:07,25298,25295.25,50,25298,100,25,675625
NIFTY-III.NFO,29/08/2024,09:39:09,25298,25295.25,25,25298,100,0,675625
NIFTY-III.NFO,29/08/2024,09:39:12,25298,25295.3,50,25298,100,0,675625
NIFTY-III.NFO,29/08/2024,09:39:14,25298,25295,625,25298,100,0,675625
NIFTY-III.NFO,29/08/2024,09:39:15,25295,25295.2,100,25299.95,75,100,675625
NIFTY-III.NFO,29/08/2024,09:39:17,25295,25295.05,50,25299.95,75,0,675625
NIFTY-III.NFO,29/08/2024,09:39:19,25295,25296.85,25,25300,475,0,675625
NIFTY-III.NFO,29/08/2024,09:39:20,25295,25297.35,25,25300,475,0,675625
NIFTY-III.NFO,29/08/2024,09:39:22,25300,25296.85,50,25300,350,125,675625
NIFTY-III.NFO,29/08/2024,09:39:24,25300,25297.9,75,25300,350,0,675625
NIFTY-III.NFO,29/08/2024,09:39:25,25300,25299.25,25,25300,275,75,675625
NIFTY-III.NFO,29/08/2024,09:39:27,25300,25297.3,25,25300,275,0,675625
NIFTY-III.NFO,29/08/2024,09:39:28,25300,25298.65,25,25300,275,0,675625
NIFTY-III.NFO,29/08/2024,09:39:30,25300,25297.05,25,25300,400,25,675625
NIFTY-III.NFO,29/08/2024,09:39:32,25300,25295.85,25,25299.95,100,0,675625
NIFTY-III.NFO,29/08/2024,09:39:33,25300,25295.55,25,25299.95,175,0,675625
NIFTY-III.NFO,29/08/2024,09:39:35,25300,25293.85,25,25299.75,175,0,675625
NIFTY-III.NFO,29/08/2024,09:39:37,25300,25294.35,25,25299.1,75,0,675625
NIFTY-III.NFO,29/08/2024,09:39:38,25300,25295.45,25,25299.95,100,0,675625
NIFTY-III.NFO,29/08/2024,09:39:40,25300,25293.25,25,25297.95,175,0,675625
NIFTY-III.NFO,29/08/2024,09:39:42,25300,25293.3,25,25298.35,100,0,675625
NIFTY-III.NFO,29/08/2024,09:39:43,25300,25292.25,25,25297.25,100,0,675625
NIFTY-III.NFO,29/08/2024,09:39:45,25300,25292.2,25,25296.4,50,0,675625
NIFTY-III.NFO,29/08/2024,09:39:47,25295.65,25290.95,25,25295.75,100,25,678175
NIFTY-III.NFO,29/08/2024,09:39:48,25292,25290.4,25,25295.6,175,25,678175
NIFTY-III.NFO,29/08/2024,09:39:50,25292,25290.35,25,25295.8,150,0,678175
NIFTY-III.NFO,29/08/2024,09:39:52,25292,25292.2,25,25296.3,100,0,678175
NIFTY-III.NFO,29/08/2024,09:39:53,25292,25292.2,25,25295.6,175,0,678175
NIFTY-III.NFO,29/08/2024,09:39:55,25292.9,25292.2,25,25296.4,100,25,678175
NIFTY-III.NFO,29/08/2024,09:39:57,25292.9,25290.4,75,25295.85,100,0,678175
NIFTY-III.NFO,29/08/2024,09:39:58,25292.9,25290.6,25,25296.2,175,0,678175
NIFTY-III.NFO,29/08/2024,09:40:00,25292.9,25290.4,275,25296.2,175,0,678175
NIFTY-III.NFO,29/08/2024,09:40:02,25292.9,25293.15,25,25298.25,225,0,678175
NIFTY-III.NFO,29/08/2024,09:40:03,25292.9,25292.4,25,25297.5,175,50,678175
NIFTY-III.NFO,29/08/2024,09:40:05,25292.9,25292.45,25,25297.9,175,0,678175
NIFTY-III.NFO,29/08/2024,09:40:07,25292.9,25292.9,25,25298.45,175,0,678175
NIFTY-III.NFO,29/08/2024,09:40:08,25292.9,25293.35,25,25298.35,75,0,678175
NIFTY-III.NFO,29/08/2024,09:40:10,25292.9,25293.45,25,25299,100,0,678175
NIFTY-III.NFO,29/08/2024,09:40:12,25292.9,25293.45,25,25299.1,175,0,678175
NIFTY-III.NFO,29/08/2024,09:40:13,25292.9,25293.65,25,25299.55,175,0,678175
NIFTY-III.NFO,29/08/2024,09:40:15,25292.9,25294.3,25,25299.8,175,0,678175
NIFTY-III.NFO,29/08/2024,09:40:17,25292.9,25295.75,25,25300,475,0,678175
NIFTY-III.NFO,29/08/2024,09:40:18,25292.9,25299.55,25,25300,475,0,678175
NIFTY-III.NFO,29/08/2024,09:40:20,25299.55,25295.45,75,25300,475,25,678175
NIFTY-III.NFO,29/08/2024,09:40:22,25299.55,25296.2,25,25299.95,175,0,678175
NIFTY-III.NFO,29/08/2024,09:40:23,25299.55,25296.25,25,25300,475,0,678175
NIFTY-III.NFO,29/08/2024,09:40:25,25300,25296.6,25,25300,425,50,678175
NIFTY-III.NFO,29/08/2024,09:40:27,25300,25297.4,25,25300,400,25,678175
NIFTY-III.NFO,29/08/2024,09:40:28,25300,25295.85,350,25300,400,0,678175
NIFTY-III.NFO,29/08/2024,09:40:30,25300,25297.75,25,25300,400,0,678175
NIFTY-III.NFO,29/08/2024,09:40:32,25300,25298.2,25,25299.55,50,0,678175
NIFTY-III.NFO,29/08/2024,09:40:33,25300,25299.2,25,25299.55,50,0,678175
NIFTY-III.NFO,29/08/2024,09:40:35,25300,25298.35,25,25299.55,50,0,678175
NIFTY-III.NFO,29/08/2024,09:40:36,25300,25298,25,25299.55,50,0,678175
NIFTY-III.NFO,29/08/2024,09:40:38,25300,25297.75,25,25299.55,50,0,678175
NIFTY-III.NFO,29/08/2024,09:40:40,25299.55,25298.35,25,25300,400,50,678175
NIFTY-III.NFO,29/08/2024,09:40:41,25299.55,25299.25,25,25300,400,0,678175
NIFTY-III.NFO,29/08/2024,09:40:43,25299.55,25298.35,25,25300,400,0,678175
NIFTY-III.NFO,29/08/2024,09:40:45,25299.55,25297.75,25,25299.95,100,0,678175
NIFTY-III.NFO,29/08/2024,09:40:46,25299.55,25299.25,25,25300,400,0,678175
NIFTY-III.NFO,29/08/2024,09:40:48,25299.55,25298.35,25,25300,400,0,678175
NIFTY-III.NFO,29/08/2024,09:40:50,25299.55,25298.7,25,25300,400,0,678175
NIFTY-III.NFO,29/08/2024,09:40:51,25299.55,25298.35,25,25300,400,0,678175
NIFTY-III.NFO,29/08/2024,09:40:56,25299.55,25298.35,25,25299,125,50,678175
NIFTY-III.NFO,29/08/2024,09:40:58,25299,25298.2,25,25299,50,75,678175
NIFTY-III.NFO,29/08/2024,09:41:00,25299,25299.2,25,25300,225,50,678175
NIFTY-III.NFO,29/08/2024,09:41:01,25300,25298.35,25,25300,150,75,678175
NIFTY-III.NFO,29/08/2024,09:41:03,25300,25298.35,25,25300,150,0,678175
NIFTY-III.NFO,29/08/2024,09:41:06,25300,25298.75,25,25299,25,0,678175
NIFTY-III.NFO,29/08/2024,09:41:08,25298.35,25297.9,75,25300,150,75,678175
NIFTY-III.NFO,29/08/2024,09:41:10,25298.35,25299.25,25,25300,150,0,678175
NIFTY-III.NFO,29/08/2024,09:41:11,25298.35,25297.2,25,25300,150,0,678175
NIFTY-III.NFO,29/08/2024,09:41:13,25300,25297.25,25,25300,125,25,678175
NIFTY-III.NFO,29/08/2024,09:41:15,25300,25297.9,50,25300,125,0,678175
NIFTY-III.NFO,29/08/2024,09:41:16,25297.95,25298.35,25,25300,125,50,678175
NIFTY-III.NFO,29/08/2024,09:41:18,25297.95,25298.35,25,25300,125,0,678175
NIFTY-III.NFO,29/08/2024,09:41:21,25300.25,25300.9,25,25302,25,250,678175
NIFTY-III.NFO,29/08/2024,09:41:23,25304,25304.15,25,25304.8,25,100,678175
NIFTY-III.NFO,29/08/2024,09:41:23,25304.35,25304.15,25,25304.8,25,0,678175
NIFTY-III.NFO,29/08/2024,09:41:25,25307.6,25308.35,25,25310,50,325,678175
NIFTY-III.NFO,29/08/2024,09:41:25,25308,25308.35,25,25310,50,0,678175
NIFTY-III.NFO,29/08/2024,09:41:26,25308.35,25306.3,25,25309.95,100,25,678175
NIFTY-III.NFO,29/08/2024,09:41:26,25308.35,25306.3,25,25309.95,100,0,678175
NIFTY-III.NFO,29/08/2024,09:41:28,25308.35,25304.8,25,25309.95,100,0,678175
NIFTY-III.NFO,29/08/2024,09:41:30,25305.9,25305.6,25,25309.35,100,25,678175
NIFTY-III.NFO,29/08/2024,09:41:31,25305.9,25303.3,25,25308.55,100,0,678175
NIFTY-III.NFO,29/08/2024,09:41:33,25305.9,25307.05,25,25309.4,50,0,678175
NIFTY-III.NFO,29/08/2024,09:41:35,25305.9,25304.75,25,25309.35,100,0,678175
NIFTY-III.NFO,29/08/2024,09:41:36,25305.9,25303.95,25,25309.35,175,0,678175
NIFTY-III.NFO,29/08/2024,09:41:38,25305.9,25304.7,25,25309.2,100,0,678175
NIFTY-III.NFO,29/08/2024,09:41:40,25305.9,25305.9,25,25308.2,25,0,678175
NIFTY-III.NFO,29/08/2024,09:41:41,25308.2,25306.05,25,25309.95,100,25,678175
NIFTY-III.NFO,29/08/2024,09:41:43,25307.2,25307.2,25,25309.95,100,125,678175
NIFTY-III.NFO,29/08/2024,09:41:45,25310,25307.55,25,25313.3,100,75,678175
NIFTY-III.NFO,29/08/2024,09:41:45,25310,25307.55,25,25313.3,100,0,678175
NIFTY-III.NFO,29/08/2024,09:41:46,25310,25308.35,25,25313.95,100,0,678175
NIFTY-III.NFO,29/08/2024,09:41:48,25310,25311.15,25,25313.85,100,0,678175
NIFTY-III.NFO,29/08/2024,09:41:50,25310,25310.25,25,25311.8,175,25,678175
NIFTY-III.NFO,29/08/2024,09:41:51,25310.55,25310.55,25,25314.65,175,25,678175
NIFTY-III.NFO,29/08/2024,09:41:51,25310.55,25310.55,25,25314.65,175,0,678175
NIFTY-III.NFO,29/08/2024,09:41:53,25314.45,25313,75,25314.85,175,25,678175
NIFTY-III.NFO,29/08/2024,09:41:53,25314.45,25313,75,25314.85,175,0,678175
NIFTY-III.NFO,29/08/2024,09:41:55,25314.45,25313,75,25314.55,175,0,678175
NIFTY-III.NFO,29/08/2024,09:41:56,25313,25309.25,25,25313.55,100,75,678175
NIFTY-III.NFO,29/08/2024,09:41:58,25313,25309.25,25,25312.95,100,0,678175
NIFTY-III.NFO,29/08/2024,09:42:00,25313,25310.55,25,25313,25,0,678175
NIFTY-III.NFO,29/08/2024,09:42:01,25310.55,25310.95,25,25313,25,25,678175
NIFTY-III.NFO,29/08/2024,09:42:03,25310.55,25310.65,25,25313,50,0,678175
NIFTY-III.NFO,29/08/2024,09:42:05,25310,25310,50,25311.8,175,125,678175
NIFTY-III.NFO,29/08/2024,09:42:06,25310,25310,25,25312.55,100,25,678175
NIFTY-III.NFO,29/08/2024,09:42:08,25310,25310,25,25312.45,150,0,678175
NIFTY-III.NFO,29/08/2024,09:42:10,25310,25310.25,25,25312.95,100,0,678175
NIFTY-III.NFO,29/08/2024,09:42:11,25312.85,25310,75,25312.8,75,100,678175
NIFTY-III.NFO,29/08/2024,09:42:13,25312.85,25310,100,25313,25,0,678175
NIFTY-III.NFO,29/08/2024,09:42:15,25312.85,25310.8,25,25313,25,0,678175
NIFTY-III.NFO,29/08/2024,09:42:16,25312.85,25310,100,25313,25,0,678175
NIFTY-III.NFO,29/08/2024,09:42:18,25312.85,25310,100,25312.95,75,0,678175
NIFTY-III.NFO,29/08/2024,09:42:20,25312.85,25310,100,25312.95,150,0,678175
NIFTY-III.NFO,29/08/2024,09:42:23,25312.95,25310,100,25312.95,50,25,678175
NIFTY-III.NFO,29/08/2024,09:42:24,25312.95,25310,100,25312.95,50,0,678175
NIFTY-III.NFO,29/08/2024,09:42:26,25312.95,25310,75,25312.95,175,0,678175
NIFTY-III.NFO,29/08/2024,09:42:28,25312.5,25310,75,25312.1,25,25,678175
NIFTY-III.NFO,29/08/2024,09:42:29,25312.5,25310,75,25312.75,150,0,678175
NIFTY-III.NFO,29/08/2024,09:42:31,25312.5,25310,75,25312,25,0,678175
NIFTY-III.NFO,29/08/2024,09:42:33,25310,25310,50,25311.95,25,25,678175
NIFTY-III.NFO,29/08/2024,09:42:34,25311.95,25310,50,25312,25,25,678175
NIFTY-III.NFO,29/08/2024,09:42:36,25311.95,25310,50,25312,25,0,678175
NIFTY-III.NFO,29/08/2024,09:42:38,25311.95,25310,50,25311.95,50,0,678175
NIFTY-III.NFO,29/08/2024,09:42:41,25310,25310,25,25311.95,50,25,678175
NIFTY-III.NFO,29/08/2024,09:42:43,25310,25310,25,25312,25,0,678175
NIFTY-III.NFO,29/08/2024,09:42:44,25310,25310,25,25311,25,0,678175
NIFTY-III.NFO,29/08/2024,09:42:49,25314,25310,25,25313.95,50,100,679425
NIFTY-III.NFO,29/08/2024,09:42:51,25314,25310,25,25313.95,125,0,679425
NIFTY-III.NFO,29/08/2024,09:42:53,25314,25310,25,25313.85,50,0,679425
NIFTY-III.NFO,29/08/2024,09:42:54,25314,25310,25,25313.75,50,0,679425
NIFTY-III.NFO,29/08/2024,09:42:56,25314,25310,25,25312.5,50,0,679425
NIFTY-III.NFO,29/08/2024,09:42:58,25314,25310,25,25312.2,50,0,679425
NIFTY-III.NFO,29/08/2024,09:42:59,25314,25310,25,25313.05,125,0,679425
NIFTY-III.NFO,29/08/2024,09:43:01,25314,25310,25,25313.45,50,0,679425
NIFTY-III.NFO,29/08/2024,09:43:03,25313.45,25310,25,25313.05,50,50,679425
NIFTY-III.NFO,29/08/2024,09:43:04,25313.45,25310,25,25313.05,50,0,679425
NIFTY-III.NFO,29/08/2024,09:43:06,25314,25310,25,25313.95,50,500,679425
NIFTY-III.NFO,29/08/2024,09:43:08,25310,25307.35,100,25313.95,50,25,679425
NIFTY-III.NFO,29/08/2024,09:43:09,25310,25307.35,175,25313.95,50,0,679425
NIFTY-III.NFO,29/08/2024,09:43:13,25310,25310,25,25313.8,50,0,679425
NIFTY-III.NFO,29/08/2024,09:43:18,25310,25307.9,25,25313,100,25,679425
NIFTY-III.NFO,29/08/2024,09:43:19,25310,25307.3,50,25312.95,125,0,679425
NIFTY-III.NFO,29/08/2024,09:43:23,25310,25307.3,125,25310,25,0,679425
NIFTY-III.NFO,29/08/2024,09:43:24,25310,25307.3,50,25310,25,0,679425
NIFTY-III.NFO,29/08/2024,09:43:26,25310,25307.3,25,25309.95,25,50,679425
NIFTY-III.NFO,29/08/2024,09:43:28,25310,25307.3,25,25309.95,25,0,679425
NIFTY-III.NFO,29/08/2024,09:43:31,25309.95,25309.95,25,25313.95,125,25,679425
NIFTY-III.NFO,29/08/2024,09:43:33,25309.95,25309.95,25,25312.4,50,0,679425
NIFTY-III.NFO,29/08/2024,09:43:34,25309.95,25309.95,25,25312.4,75,0,679425
NIFTY-III.NFO,29/08/2024,09:43:36,25312.4,25307.3,25,25311.15,25,25,679425
NIFTY-III.NFO,29/08/2024,09:43:38,25312.4,25307.3,25,25309.95,25,0,679425
NIFTY-III.NFO,29/08/2024,09:43:41,25309.95,25309.95,25,25311.15,25,25,679425
NIFTY-III.NFO,29/08/2024,09:43:43,25309.95,25309.95,25,25311.15,25,0,679425
NIFTY-III.NFO,29/08/2024,09:43:44,25309.95,25309.95,100,25311.15,25,25,679425
NIFTY-III.NFO,29/08/2024,09:43:46,25310.4,25310.55,25,25311.15,25,100,679425
NIFTY-III.NFO,29/08/2024,09:43:48,25310.4,25308.15,150,25309.95,100,0,679425
NIFTY-III.NFO,29/08/2024,09:43:49,25309.95,25307.35,100,25309.9,25,50,679425
NIFTY-III.NFO,29/08/2024,09:43:51,25309.9,25309.9,25,25309.95,50,25,679425
NIFTY-III.NFO,29/08/2024,09:43:53,25309.9,25309.9,25,25309.95,50,0,679425
NIFTY-III.NFO,29/08/2024,09:43:54,25309.95,25309.9,25,25309.95,25,25,679425
NIFTY-III.NFO,29/08/2024,09:43:56,25309.9,25307.3,25,25309.6,75,25,679425
NIFTY-III.NFO,29/08/2024,09:43:58,25309.6,25307.3,25,25309,25,25,679425
NIFTY-III.NFO,29/08/2024,09:43:59,25309.6,25307.3,25,25308.15,50,0,679425
NIFTY-III.NFO,29/08/2024,09:44:01,25307.3,25305.95,50,25306.65,50,25,679425
NIFTY-III.NFO,29/08/2024,09:44:02,25307.3,25305.95,50,25306.4,50,0,679425
NIFTY-III.NFO,29/08/2024,09:44:04,25305.95,25302,25,25307.15,25,75,679425
NIFTY-III.NFO,29/08/2024,09:44:06,25305.95,25302,25,25305,25,0,679425
NIFTY-III.NFO,29/08/2024,09:44:07,25305,25302.05,100,25307.95,25,25,679425
NIFTY-III.NFO,29/08/2024,09:44:09,25305,25302,25,25306.6,25,0,679425
NIFTY-III.NFO,29/08/2024,09:44:11,25305,25302,100,25307.2,25,0,679425
NIFTY-III.NFO,29/08/2024,09:44:12,25305,25302.8,225,25308.85,100,0,679425
NIFTY-III.NFO,29/08/2024,09:44:14,25305,25302.45,100,25305,375,25,679425
NIFTY-III.NFO,29/08/2024,09:44:15,25305,25303.05,100,25305,300,75,679425
NIFTY-III.NFO,29/08/2024,09:44:17,25305,25303.4,25,25305,300,0,679425
NIFTY-III.NFO,29/08/2024,09:44:19,25305,25302,100,25305,300,0,679425
NIFTY-III.NFO,29/08/2024,09:44:20,25305,25302.25,25,25305,275,25,679425
NIFTY-III.NFO,29/08/2024,09:44:22,25305,25302.25,25,25305,250,25,679425
NIFTY-III.NFO,29/08/2024,09:44:23,25305,25302,25,25304.9,25,0,679425
NIFTY-III.NFO,29/08/2024,09:44:25,25305,25302,25,25304.95,100,0,679425
NIFTY-III.NFO,29/08/2024,09:44:27,25302,25300.25,25,25304.95,100,25,679425
NIFTY-III.NFO,29/08/2024,09:44:28,25302,25300,225,25304.95,100,0,679425
NIFTY-III.NFO,29/08/2024,09:44:30,25302,25300.6,150,25305,250,0,679425
NIFTY-III.NFO,29/08/2024,09:44:32,25302,25301.75,175,25305,250,0,679425
NIFTY-III.NFO,29/08/2024,09:44:33,25302,25303.35,175,25305,250,1000,679425
NIFTY-III.NFO,29/08/2024,09:44:35,25302,25303.6,100,25305,250,0,679425
NIFTY-III.NFO,29/08/2024,09:44:37,25305,25303.75,100,25305,225,25,679425
NIFTY-III.NFO,29/08/2024,09:44:38,25305,25303.1,175,25305,225,0,679425
NIFTY-III.NFO,29/08/2024,09:44:40,25305,25304,75,25308.25,75,225,679425
NIFTY-III.NFO,29/08/2024,09:44:42,25305,25302.45,100,25308.15,25,0,679425
NIFTY-III.NFO,29/08/2024,09:44:43,25305,25302.25,175,25307.6,100,0,679425
NIFTY-III.NFO,29/08/2024,09:44:45,25305,25302.85,25,25307.55,75,0,679425
NIFTY-III.NFO,29/08/2024,09:44:46,25302.85,25302.2,25,25306.2,100,25,679425
NIFTY-III.NFO,29/08/2024,09:44:48,25302.85,25302.2,25,25304.95,25,0,679425
NIFTY-III.NFO,29/08/2024,09:44:50,25302.85,25302.2,25,25305.6,25,0,679425
NIFTY-III.NFO,29/08/2024,09:44:53,25302.85,25302.2,25,25305.3,25,0,679425
NIFTY-III.NFO,29/08/2024,09:44:55,25302.85,25302.2,100,25307,25,0,679425
NIFTY-III.NFO,29/08/2024,09:44:56,25302.2,25302.2,75,25307.35,25,25,679425
NIFTY-III.NFO,29/08/2024,09:44:58,25302.2,25302,125,25307.5,100,0,679425
NIFTY-III.NFO,29/08/2024,09:45:00,25302.2,25302,50,25306.9,150,0,679425
NIFTY-III.NFO,29/08/2024,09:45:01,25302.2,25302.25,100,25307.8,100,0,679425
NIFTY-III.NFO,29/08/2024,09:45:03,25302.2,25302.35,100,25302.85,25,0,679425
NIFTY-III.NFO,29/08/2024,09:45:05,25302.85,25305.05,225,25309.95,25,25,679425
NIFTY-III.NFO,29/08/2024,09:45:06,25304.2,25304.2,75,25307,25,250,679425
NIFTY-III.NFO,29/08/2024,09:45:08,25303.25,25302.75,25,25307,25,25,679425
NIFTY-III.NFO,29/08/2024,09:45:09,25303.25,25303.55,75,25307,25,0,679425
NIFTY-III.NFO,29/08/2024,09:45:11,25303.25,25303.25,25,25307,25,0,679425
NIFTY-III.NFO,29/08/2024,09:45:13,25303.25,25303.75,25,25307,25,0,679425
NIFTY-III.NFO,29/08/2024,09:45:14,25303.55,25303.55,25,25307,25,25,679425
NIFTY-III.NFO,29/08/2024,09:45:16,25303.55,25304.05,50,25308,25,50,679425
NIFTY-III.NFO,29/08/2024,09:45:18,25303.55,25304.5,50,25308,25,0,679425
NIFTY-III.NFO,29/08/2024,09:45:19,25303.55,25303.8,50,25308,25,0,679425
NIFTY-III.NFO,29/08/2024,09:45:21,25303.55,25302.9,50,25307.95,100,0,679425
NIFTY-III.NFO,29/08/2024,09:45:22,25303.55,25303.85,50,25308,25,0,679425
NIFTY-III.NFO,29/08/2024,09:45:24,25303.9,25303.55,25,25307.95,100,25,679425
NIFTY-III.NFO,29/08/2024,09:45:26,25303.9,25303.55,125,25308,25,0,679425
NIFTY-III.NFO,29/08/2024,09:45:27,25304.2,25304.4,25,25308,25,25,679425
NIFTY-III.NFO,29/08/2024,09:45:29,25304.2,25304.2,25,25308,25,0,679425
NIFTY-III.NFO,29/08/2024,09:45:31,25304.2,25303.85,75,25308,25,0,679425
NIFTY-III.NFO,29/08/2024,09:45:32,25304.2,25304.15,25,25308,25,0,679425
NIFTY-III.NFO,29/08/2024,09:45:34,25304.2,25304.95,25,25308,25,0,679425
NIFTY-III.NFO,29/08/2024,09:45:36,25304.2,25303.95,25,25308,25,0,679425
NIFTY-III.NFO,29/08/2024,09:45:37,25304.2,25304.85,25,25308,25,0,679425
NIFTY-III.NFO,29/08/2024,09:45:39,25304.2,25306.35,25,25308,25,0,679425
NIFTY-III.NFO,29/08/2024,09:45:41,25308,25308,25,25311.8,100,25,679425
NIFTY-III.NFO,29/08/2024,09:45:42,25305.3,25305.3,25,25311.15,175,75,679425
NIFTY-III.NFO,29/08/2024,09:45:44,25305.3,25305.3,25,25311.5,175,0,679425
NIFTY-III.NFO,29/08/2024,09:45:45,25305.3,25306.3,25,25311.85,175,0,679425
NIFTY-III.NFO,29/08/2024,09:45:47,25305.3,25305.3,25,25310.85,100,0,679425
NIFTY-III.NFO,29/08/2024,09:45:49,25305,25305.3,50,25308.55,25,875,681600
NIFTY-III.NFO,29/08/2024,09:45:51,25305.25,25305.25,25,25308.55,25,25,681600
NIFTY-III.NFO,29/08/2024,09:45:52,25305,25305.4,25,25308.95,25,200,681600
NIFTY-III.NFO,29/08/2024,09:45:54,25305,25305,150,25308,25,0,681600
NIFTY-III.NFO,29/08/2024,09:45:56,25305,25305,150,25308.45,100,0,681600
NIFTY-III.NFO,29/08/2024,09:45:57,25305,25305,150,25307.45,25,0,681600
NIFTY-III.NFO,29/08/2024,09:45:59,25305,25305,150,25307.4,25,0,681600
NIFTY-III.NFO,29/08/2024,09:46:01,25305,25305,150,25307.95,25,0,681600
NIFTY-III.NFO,29/08/2024,09:46:02,25305,25305,150,25307.75,25,0,681600
NIFTY-III.NFO,29/08/2024,09:46:04,25305,25305,150,25308.3,25,0,681600
NIFTY-III.NFO,29/08/2024,09:46:05,25305,25305.7,50,25308.5,25,0,681600
NIFTY-III.NFO,29/08/2024,09:46:07,25305,25308,50,25309.55,25,0,681600
NIFTY-III.NFO,29/08/2024,09:46:10,25305,25308,50,25309.15,25,0,681600
NIFTY-III.NFO,29/08/2024,09:46:12,25308,25305,150,25309.75,100,50,681600
NIFTY-III.NFO,29/08/2024,09:46:14,25308,25305,150,25307.35,25,0,681600
NIFTY-III.NFO,29/08/2024,09:46:15,25307.35,25305.15,25,25307,25,25,681600
NIFTY-III.NFO,29/08/2024,09:46:17,25307.35,25305.5,625,25307.65,25,0,681600
NIFTY-III.NFO,29/08/2024,09:46:19,25307.35,25306.05,250,25308.8,25,0,681600
NIFTY-III.NFO,29/08/2024,09:46:20,25307.35,25305.15,250,25308.85,25,0,681600
NIFTY-III.NFO,29/08/2024,09:46:22,25307.35,25305.15,250,25308.7,25,0,681600
NIFTY-III.NFO,29/08/2024,09:46:24,25307.35,25305.45,250,25308.1,25,0,681600
NIFTY-III.NFO,29/08/2024,09:46:25,25307.35,25305.4,25,25308.1,25,0,681600
NIFTY-III.NFO,29/08/2024,09:46:27,25305.1,25305.5,500,25308.1,25,500,681600
NIFTY-III.NFO,29/08/2024,09:46:29,25305.1,25306.75,150,25308.1,25,0,681600
NIFTY-III.NFO,29/08/2024,09:46:30,25308.1,25307.9,275,25310,25,50,681600
NIFTY-III.NFO,29/08/2024,09:46:32,25308.1,25308,25,25310,25,0,681600
NIFTY-III.NFO,29/08/2024,09:46:33,25308.1,25308,25,25310.7,25,0,681600
NIFTY-III.NFO,29/08/2024,09:46:37,25308.1,25305.75,525,25309.9,25,0,681600
NIFTY-III.NFO,29/08/2024,09:46:38,25308.1,25305.25,500,25309.1,25,0,681600
NIFTY-III.NFO,29/08/2024,09:46:40,25309.9,25309.9,25,25310.7,100,75,681600
NIFTY-III.NFO,29/08/2024,09:46:42,25309.9,25305.3,700,25309,25,25,681600
NIFTY-III.NFO,29/08/2024,09:46:43,25309.9,25305,150,25308.45,100,0,681600
NIFTY-III.NFO,29/08/2024,09:46:45,25309.9,25305.3,250,25308.8,25,0,681600
NIFTY-III.NFO,29/08/2024,09:46:47,25309.9,25305,150,25308.45,100,0,681600
NIFTY-III.NFO,29/08/2024,09:46:48,25309.9,25305.15,25,25308.1,100,0,681600
NIFTY-III.NFO,29/08/2024,09:46:50,25309.9,25305,150,25307.8,25,0,681600
NIFTY-III.NFO,29/08/2024,09:46:52,25309.9,25306,25,25308.55,100,0,681600
NIFTY-III.NFO,29/08/2024,09:46:53,25309.9,25306,25,25308.1,25,0,681600
NIFTY-III.NFO,29/08/2024,09:46:55,25309.9,25307.2,25,25308.8,25,0,681600
NIFTY-III.NFO,29/08/2024,09:46:57,25309.9,25306,25,25310,525,0,681600
NIFTY-III.NFO,29/08/2024,09:46:58,25309.9,25306,25,25309.2,25,0,681600
NIFTY-III.NFO,29/08/2024,09:47:00,25309.2,25307.15,25,25309.8,25,50,681600
NIFTY-III.NFO,29/08/2024,09:47:02,25305.7,25305.7,25,25309,25,500,681600
NIFTY-III.NFO,29/08/2024,09:47:03,25305.7,25305.7,25,25308.85,100,0,681600
NIFTY-III.NFO,29/08/2024,09:47:05,25305,25305,125,25308.25,100,75,681600
NIFTY-III.NFO,29/08/2024,09:47:06,25305,25305,125,25307.9,25,0,681600
NIFTY-III.NFO,29/08/2024,09:47:08,25305,25305,125,25308.85,25,0,681600
NIFTY-III.NFO,29/08/2024,09:47:10,25305,25305,150,25308.45,25,0,681600
NIFTY-III.NFO,29/08/2024,09:47:11,25305,25305,150,25307.65,25,0,681600
NIFTY-III.NFO,29/08/2024,09:47:13,25305,25305,150,25305.7,25,0,681600
NIFTY-III.NFO,29/08/2024,09:47:15,25308.65,25305,150,25308.05,25,150,681600
NIFTY-III.NFO,29/08/2024,09:47:16,25308.65,25305,150,25307.7,25,0,681600
NIFTY-III.NFO,29/08/2024,09:47:18,25308.65,25305,175,25307,25,0,681600
NIFTY-III.NFO,29/08/2024,09:47:20,25308.65,25305,175,25306.05,25,0,681600
NIFTY-III.NFO,29/08/2024,09:47:21,25308.65,25305,175,25305.75,25,0,681600
NIFTY-III.NFO,29/08/2024,09:47:23,25305,25305,125,25306.95,25,50,681600
NIFTY-III.NFO,29/08/2024,09:47:24,25305.05,25305.5,75,25307,25,25,681600
NIFTY-III.NFO,29/08/2024,09:47:26,25305.5,25305.85,50,25307,25,25,681600
NIFTY-III.NFO,29/08/2024,09:47:28,25305.55,25305,125,25307,25,25,681600
NIFTY-III.NFO,29/08/2024,09:47:29,25305.55,25305.05,25,25307,25,0,681600
NIFTY-III.NFO,29/08/2024,09:47:31,25305.55,25305,150,25307,25,0,681600
NIFTY-III.NFO,29/08/2024,09:47:33,25305.55,25305.6,25,25307.7,25,0,681600
NIFTY-III.NFO,29/08/2024,09:47:34,25305.35,25305.05,25,25308.6,25,50,681600
NIFTY-III.NFO,29/08/2024,09:47:36,25305.35,25305.05,25,25308,25,0,681600
NIFTY-III.NFO,29/08/2024,09:47:37,25308,25305.05,25,25308,25,25,681600
NIFTY-III.NFO,29/08/2024,09:47:39,25305.05,25305,150,25308.55,25,25,681600
NIFTY-III.NFO,29/08/2024,09:47:41,25305.05,25305.05,475,25309.55,25,0,681600
NIFTY-III.NFO,29/08/2024,09:47:42,25305.05,25305.05,50,25308,325,0,681600
NIFTY-III.NFO,29/08/2024,09:47:46,25305.05,25305,150,25308,325,0,681600
NIFTY-III.NFO,29/08/2024,09:47:47,25305.05,25305,150,25307.95,25,0,681600
NIFTY-III.NFO,29/08/2024,09:47:49,25305.05,25305.6,25,25308,325,0,681600
NIFTY-III.NFO,29/08/2024,09:47:52,25305.05,25305,150,25308,325,0,681600
NIFTY-III.NFO,29/08/2024,09:47:54,25305.05,25305,150,25308,350,0,681600
NIFTY-III.NFO,29/08/2024,09:47:55,25305.05,25305,150,25308,325,0,681600
NIFTY-III.NFO,29/08/2024,09:47:59,25305.25,25305.65,25,25308,325,25,681600
NIFTY-III.NFO,29/08/2024,09:48:00,25308,25305.65,25,25308,275,50,681600
NIFTY-III.NFO,29/08/2024,09:48:02,25308,25305,150,25308,275,0,681600
NIFTY-III.NFO,29/08/2024,09:48:04,25308,25305.5,50,25308,275,0,681600
NIFTY-III.NFO,29/08/2024,09:48:05,25308,25305.45,25,25308,275,0,681600
NIFTY-III.NFO,29/08/2024,09:48:07,25308,25305,150,25308,275,0,681600
NIFTY-III.NFO,29/08/2024,09:48:09,25308,25305,150,25307.55,75,0,681600
NIFTY-III.NFO,29/08/2024,09:48:10,25305,25305,125,25307.45,175,25,681600
NIFTY-III.NFO,29/08/2024,09:48:12,25305,25305,125,25307,175,0,681600
NIFTY-III.NFO,29/08/2024,09:48:14,25305,25305,125,25308,300,0,681600
NIFTY-III.NFO,29/08/2024,09:48:15,25305,25305.15,50,25308,300,0,681600
NIFTY-III.NFO,29/08/2024,09:48:17,25305,25305.85,25,25308,275,0,681600
NIFTY-III.NFO,29/08/2024,09:48:19,25305,25306.9,50,25308,275,0,681600
NIFTY-III.NFO,29/08/2024,09:48:20,25308,25307.95,50,25310,650,275,681600
NIFTY-III.NFO,29/08/2024,09:48:22,25308,25307.95,25,25310,625,0,681600
NIFTY-III.NFO,29/08/2024,09:48:23,25308,25309,50,25310,625,0,681600
NIFTY-III.NFO,29/08/2024,09:48:27,25309.1,25309,50,25310,625,25,681600
NIFTY-III.NFO,29/08/2024,09:48:28,25309.1,25309.05,25,25310,625,0,681600
NIFTY-III.NFO,29/08/2024,09:48:30,25309.1,25309.45,25,25310,625,0,681600
NIFTY-III.NFO,29/08/2024,09:48:32,25309.1,25309,50,25310,625,0,681600
NIFTY-III.NFO,29/08/2024,09:48:35,25311.2,25310.9,250,25311.25,25,650,681600
NIFTY-III.NFO,29/08/2024,09:48:37,25318,25315.7,75,25318,325,550,681600
NIFTY-III.NFO,29/08/2024,09:48:37,25318,25315.7,75,25318,325,0,681600
NIFTY-III.NFO,29/08/2024,09:48:38,25314.6,25316.45,425,25318,325,25,681600
NIFTY-III.NFO,29/08/2024,09:48:40,25314.6,25315.85,50,25318,325,0,681600
NIFTY-III.NFO,29/08/2024,09:48:42,25317.2,25317.2,175,25318,75,550,681600
NIFTY-III.NFO,29/08/2024,09:48:43,25318,25318.05,25,25319,25,175,681600
NIFTY-III.NFO,29/08/2024,09:48:45,25321,25320.1,50,25322,125,300,684775
NIFTY-III.NFO,29/08/2024,09:48:45,25321,25320.1,50,25322,125,0,684775
NIFTY-III.NFO,29/08/2024,09:48:47,25322.2,25319.95,25,25324.95,100,175,684775
NIFTY-III.NFO,29/08/2024,09:48:47,25323,25319.95,25,25324.95,100,0,684775
NIFTY-III.NFO,29/08/2024,09:48:48,25319.35,25319,25,25323.65,100,25,684775
NIFTY-III.NFO,29/08/2024,09:48:50,25321.8,25320.65,50,25322.2,25,100,684775
NIFTY-III.NFO,29/08/2024,09:48:52,25325,25320.85,25,25324.45,150,150,684775
NIFTY-III.NFO,29/08/2024,09:48:52,25325,25320.85,25,25324.45,150,0,684775
NIFTY-III.NFO,29/08/2024,09:48:53,25325,25322,325,25325,1225,0,684775
NIFTY-III.NFO,29/08/2024,09:48:55,25325,25322.35,25,25325,1200,0,684775
NIFTY-III.NFO,29/08/2024,09:48:57,25322.3,25321.9,25,25325,1175,50,684775
NIFTY-III.NFO,29/08/2024,09:48:58,25322.3,25322.7,250,25325,1175,0,684775
NIFTY-III.NFO,29/08/2024,09:49:00,25323.6,25323.6,25,25325,1125,100,684775
NIFTY-III.NFO,29/08/2024,09:49:02,25323.65,25323.65,25,25324.95,100,25,684775
NIFTY-III.NFO,29/08/2024,09:49:03,25324.95,25320.95,125,25324.95,100,25,684775
NIFTY-III.NFO,29/08/2024,09:49:05,25324.95,25323.65,25,25325,1125,0,684775
NIFTY-III.NFO,29/08/2024,09:49:06,25324.95,25323.3,25,25325,1125,0,684775
NIFTY-III.NFO,29/08/2024,09:49:08,25324.95,25323.65,25,25324.95,100,50,684775
NIFTY-III.NFO,29/08/2024,09:49:10,25323.4,25322.05,125,25324.95,100,50,684775
NIFTY-III.NFO,29/08/2024,09:49:11,25322.05,25321.4,25,25324.95,100,125,684775
NIFTY-III.NFO,29/08/2024,09:49:13,25322.05,25322.55,25,25325,1150,0,684775
NIFTY-III.NFO,29/08/2024,09:49:15,25323.65,25324.3,325,25325,1150,25,684775
NIFTY-III.NFO,29/08/2024,09:49:16,25323.65,25324,25,25325,1150,0,684775
NIFTY-III.NFO,29/08/2024,09:49:18,25323.65,25323.2,125,25325,1150,0,684775
NIFTY-III.NFO,29/08/2024,09:49:19,25323.65,25323.6,25,25325,1150,0,684775
NIFTY-III.NFO,29/08/2024,09:49:21,25325,25323.6,25,25325,1000,150,684775
NIFTY-III.NFO,29/08/2024,09:49:23,25325,25322.85,250,25325,1000,0,684775
NIFTY-III.NFO,29/08/2024,09:49:24,25325,25323.1,25,25325,1000,0,684775
NIFTY-III.NFO,29/08/2024,09:49:26,25325,25322.25,250,25325,975,25,684775
NIFTY-III.NFO,29/08/2024,09:49:28,25322.25,25322.95,325,25325,1025,25,684775
NIFTY-III.NFO,29/08/2024,09:49:29,25325,25325.45,50,25326.8,25,1075,684775
NIFTY-III.NFO,29/08/2024,09:49:31,25333,25331,25,25333,525,275,684775
NIFTY-III.NFO,29/08/2024,09:49:31,25333,25331,25,25333,525,0,684775
NIFTY-III.NFO,29/08/2024,09:49:32,25331,25327.6,25,25330,25,25,684775
NIFTY-III.NFO,29/08/2024,09:49:34,25331,25326.15,200,25330,25,0,684775
NIFTY-III.NFO,29/08/2024,09:49:37,25331,25327.5,25,25330,25,0,684775
NIFTY-III.NFO,29/08/2024,09:49:39,25331,25326.5,325,25330,25,0,684775
NIFTY-III.NFO,29/08/2024,09:49:41,25331,25326.4,250,25330,25,0,684775
NIFTY-III.NFO,29/08/2024,09:49:42,25329,25327.45,25,25329,575,25,684775
NIFTY-III.NFO,29/08/2024,09:49:44,25329,25327.85,250,25329,550,125,684775
NIFTY-III.NFO,29/08/2024,09:49:46,25329,25328,25,25329,475,75,684775
NIFTY-III.NFO,29/08/2024,09:49:47,25328.35,25328.75,25,25332.95,75,2400,684775
NIFTY-III.NFO,29/08/2024,09:49:49,25328.1,25328.25,25,25332.9,25,375,684775
NIFTY-III.NFO,29/08/2024,09:49:51,25332.4,25327.5,25,25332.95,225,500,684775
NIFTY-III.NFO,29/08/2024,09:49:52,25332.95,25328.45,25,25332,25,100,684775
NIFTY-III.NFO,29/08/2024,09:49:54,25332.95,25327.6,100,25332.65,175,0,684775
NIFTY-III.NFO,29/08/2024,09:49:56,25331.95,25327.35,100,25331.9,25,25,684775
NIFTY-III.NFO,29/08/2024,09:49:57,25328.35,25327.95,75,25332,25,50,684775
NIFTY-III.NFO,29/08/2024,09:49:59,25328.35,25327.55,75,25331.05,25,0,684775
NIFTY-III.NFO,29/08/2024,09:50:01,25329.45,25327.55,75,25331.05,25,25,684775
NIFTY-III.NFO,29/08/2024,09:50:02,25327.55,25327.55,25,25331.2,25,50,684775
NIFTY-III.NFO,29/08/2024,09:50:04,25327.2,25327.25,25,25332.7,150,275,684775
NIFTY-III.NFO,29/08/2024,09:50:06,25327.2,25328.45,25,25333,500,0,684775
NIFTY-III.NFO,29/08/2024,09:50:07,25329,25328.7,25,25333,500,75,684775
NIFTY-III.NFO,29/08/2024,09:50:09,25329.35,25328.65,250,25333,500,375,684775
NIFTY-III.NFO,29/08/2024,09:50:11,25328.75,25328.7,25,25332.95,25,25,684775
NIFTY-III.NFO,29/08/2024,09:50:12,25332.95,25329.5,25,25333,575,50,684775
NIFTY-III.NFO,29/08/2024,09:50:14,25327.8,25329.5,25,25333,500,75,684775
NIFTY-III.NFO,29/08/2024,09:50:16,25333,25330.95,25,25333,475,175,684775
NIFTY-III.NFO,29/08/2024,09:50:17,25333,25330.05,100,25333,175,300,684775
NIFTY-III.NFO,29/08/2024,09:50:19,25333,25333.6,25,25335,150,175,684775
NIFTY-III.NFO,29/08/2024,09:50:21,25333,25333.6,25,25335,125,0,684775
NIFTY-III.NFO,29/08/2024,09:50:22,25333.6,25330.3,25,25334.95,175,25,684775
NIFTY-III.NFO,29/08/2024,09:50:22,25333.6,25330.3,25,25334.95,175,0,684775
NIFTY-III.NFO,29/08/2024,09:50:24,25333,25330.3,25,25334.95,175,25,684775
NIFTY-III.NFO,29/08/2024,09:50:26,25334.95,25330.3,25,25334.95,175,50,684775
NIFTY-III.NFO,29/08/2024,09:50:26,25334.95,25330.3,25,25334.95,175,0,684775
NIFTY-III.NFO,29/08/2024,09:50:27,25332,25331.3,25,25334.95,175,50,684775
NIFTY-III.NFO,29/08/2024,09:50:29,25332,25330.95,25,25335,125,0,684775
NIFTY-III.NFO,29/08/2024,09:50:31,25333.6,25333.4,25,25335,125,50,684775
NIFTY-III.NFO,29/08/2024,09:50:32,25333.3,25331.85,100,25335,125,25,684775
NIFTY-III.NFO,29/08/2024,09:50:34,25333.3,25331.55,25,25335,125,0,684775
NIFTY-III.NFO,29/08/2024,09:50:36,25335,25331.1,25,25335,75,250,684775
NIFTY-III.NFO,29/08/2024,09:50:36,25335,25331.1,25,25335,75,0,684775
NIFTY-III.NFO,29/08/2024,09:50:37,25335,25330.3,75,25335,75,0,684775
NIFTY-III.NFO,29/08/2024,09:50:39,25335,25333.45,25,25335,75,0,684775
NIFTY-III.NFO,29/08/2024,09:50:40,25335,25330.3,25,25334.95,100,50,684775
NIFTY-III.NFO,29/08/2024,09:50:42,25335,25332.1,25,25335,100,0,684775
NIFTY-III.NFO,29/08/2024,09:50:44,25335,25331.5,25,25335,25,0,684775
NIFTY-III.NFO,29/08/2024,09:50:45,25335,25331.5,25,25334.95,175,0,684775
NIFTY-III.NFO,29/08/2024,09:50:47,25331.5,25332.5,25,25335,50,25,684775
NIFTY-III.NFO,29/08/2024,09:50:49,25331.5,25332.5,25,25335,125,0,684775
NIFTY-III.NFO,29/08/2024,09:50:50,25335,25332.5,25,25335,50,75,684775
NIFTY-III.NFO,29/08/2024,09:50:52,25335,25333.3,25,25335,50,0,684775
NIFTY-III.NFO,29/08/2024,09:50:54,25335,25332.8,25,25335,75,0,684775
NIFTY-III.NFO,29/08/2024,09:50:55,25335,25332.95,25,25335,75,0,684775
NIFTY-III.NFO,29/08/2024,09:50:57,25336.75,25332.95,25,25335,50,100,684775
NIFTY-III.NFO,29/08/2024,09:50:57,25336.75,25332.95,25,25335,50,0,684775
NIFTY-III.NFO,29/08/2024,09:50:59,25336.75,25332.95,25,25335,100,0,684775
NIFTY-III.NFO,29/08/2024,09:51:00,25336.75,25334,25,25335,100,0,684775
NIFTY-III.NFO,29/08/2024,09:51:02,25336.75,25332.95,25,25335,125,0,684775
NIFTY-III.NFO,29/08/2024,09:51:04,25335,25334.85,25,25335,50,75,684775
NIFTY-III.NFO,29/08/2024,09:51:05,25337.9,25334.5,25,25337.8,175,75,684775
NIFTY-III.NFO,29/08/2024,09:51:05,25337.9,25334.5,25,25337.8,175,0,684775
NIFTY-III.NFO,29/08/2024,09:51:07,25337.9,25335,25,25337.95,100,0,684775
NIFTY-III.NFO,29/08/2024,09:51:10,25333,25334.5,25,25337.95,175,100,684775
NIFTY-III.NFO,29/08/2024,09:51:12,25335,25334.6,25,25337.95,175,50,684775
NIFTY-III.NFO,29/08/2024,09:51:14,25336.75,25335,25,25337.95,175,100,684775
NIFTY-III.NFO,29/08/2024,09:51:15,25333.6,25333.6,25,25334.95,175,100,684775
NIFTY-III.NFO,29/08/2024,09:51:17,25333.6,25330,50,25332.25,100,25,684775
NIFTY-III.NFO,29/08/2024,09:51:18,25333.6,25330,50,25331.1,100,0,684775
NIFTY-III.NFO,29/08/2024,09:51:20,25332.3,25330,100,25331.9,75,350,684775
NIFTY-III.NFO,29/08/2024,09:51:22,25332.3,25330,100,25331.95,75,0,684775
NIFTY-III.NFO,29/08/2024,09:51:23,25332.3,25330,100,25332.1,75,0,684775
NIFTY-III.NFO,29/08/2024,09:51:25,25330,25328,100,25329,25,100,684775
NIFTY-III.NFO,29/08/2024,09:51:27,25330,25328,100,25329,100,0,684775
NIFTY-III.NFO,29/08/2024,09:51:28,25328,25325,25,25327.7,75,100,684775
NIFTY-III.NFO,29/08/2024,09:51:30,25325.3,25325.3,25,25328.85,200,25,684775
NIFTY-III.NFO,29/08/2024,09:51:31,25325.3,25325,25,25328.9,125,0,684775
NIFTY-III.NFO,29/08/2024,09:51:33,25325.3,25325,25,25328.3,50,0,684775
NIFTY-III.NFO,29/08/2024,09:51:35,25325,25321.95,100,25325.3,175,25,684775
NIFTY-III.NFO,29/08/2024,09:51:36,25325,25321.95,225,25325.3,175,0,684775
NIFTY-III.NFO,29/08/2024,09:51:38,25325,25323.65,25,25325,25,0,684775
NIFTY-III.NFO,29/08/2024,09:51:40,25323.65,25321.65,100,25325,25,75,684775
NIFTY-III.NFO,29/08/2024,09:51:41,25322.1,25323.6,25,25325,25,50,684775
NIFTY-III.NFO,29/08/2024,09:51:43,25325,25322.15,175,25325.3,175,25,684775
NIFTY-III.NFO,29/08/2024,09:51:44,25325.3,25323.4,25,25325.3,125,75,687025
NIFTY-III.NFO,29/08/2024,09:51:46,25325.3,25323.2,25,25325.3,125,0,687025
NIFTY-III.NFO,29/08/2024,09:51:48,25325.3,25322.05,150,25325.3,125,0,687025
NIFTY-III.NFO,29/08/2024,09:51:49,25325.3,25321.45,175,25325.3,125,0,687025
NIFTY-III.NFO,29/08/2024,09:51:51,25325.3,25322.05,100,25325.3,125,0,687025
NIFTY-III.NFO,29/08/2024,09:51:53,25322.05,25321,100,25325.3,125,25,687025
NIFTY-III.NFO,29/08/2024,09:51:54,25322.05,25323.35,25,25325.3,125,0,687025
NIFTY-III.NFO,29/08/2024,09:51:56,25323.35,25321.9,175,25325.3,125,25,687025
NIFTY-III.NFO,29/08/2024,09:51:58,25322.6,25322.6,100,25325.3,125,25,687025
NIFTY-III.NFO,29/08/2024,09:51:59,25322.6,25322.3,175,25325.3,125,0,687025
NIFTY-III.NFO,29/08/2024,09:52:01,25323.45,25324,100,25325.3,100,50,687025
NIFTY-III.NFO,29/08/2024,09:52:02,25324,25322.75,150,25325.3,100,25,687025
NIFTY-III.NFO,29/08/2024,09:52:04,25324,25323.35,150,25325.3,100,0,687025
NIFTY-III.NFO,29/08/2024,09:52:06,25325.3,25324.25,150,25325.3,50,50,687025
NIFTY-III.NFO,29/08/2024,09:52:07,25325.3,25325.25,50,25329.3,100,50,687025
NIFTY-III.NFO,29/08/2024,09:52:09,25329.55,25325.25,50,25329.35,225,25,687025
NIFTY-III.NFO,29/08/2024,09:52:11,25329.9,25326.15,100,25330,25,50,687025
NIFTY-III.NFO,29/08/2024,09:52:12,25329.9,25326.95,75,25330,25,0,687025
NIFTY-III.NFO,29/08/2024,09:52:14,25329.9,25327.45,75,25330,25,0,687025
NIFTY-III.NFO,29/08/2024,09:52:15,25329.9,25328.65,100,25330,25,0,687025
NIFTY-III.NFO,29/08/2024,09:52:17,25330,25328.95,100,25334,75,25,687025
NIFTY-III.NFO,29/08/2024,09:52:19,25331.5,25331.15,25,25334.85,75,25,687025
NIFTY-III.NFO,29/08/2024,09:52:20,25331.5,25328.15,100,25332.15,75,0,687025
NIFTY-III.NFO,29/08/2024,09:52:22,25331.5,25328.8,100,25332.9,75,0,687025
NIFTY-III.NFO,29/08/2024,09:52:24,25331.5,25330.9,25,25333.75,75,0,687025
NIFTY-III.NFO,29/08/2024,09:52:25,25331.5,25328.25,100,25333.45,75,0,687025
NIFTY-III.NFO,29/08/2024,09:52:27,25331.5,25329.2,25,25333.45,75,0,687025
NIFTY-III.NFO,29/08/2024,09:52:29,25328.25,25328.25,100,25332.95,75,50,687025
NIFTY-III.NFO,29/08/2024,09:52:30,25328.25,25328.85,25,25332.85,150,0,687025
NIFTY-III.NFO,29/08/2024,09:52:32,25328.3,25328.3,50,25331.5,400,175,687025
NIFTY-III.NFO,29/08/2024,09:52:34,25328.65,25328.25,25,25331.5,400,25,687025
NIFTY-III.NFO,29/08/2024,09:52:35,25328.65,25329.85,25,25331.5,400,0,687025
NIFTY-III.NFO,29/08/2024,09:52:37,25331.5,25329.45,25,25331.5,375,25,687025
NIFTY-III.NFO,29/08/2024,09:52:39,25330,25329.1,25,25331.45,75,200,687025
NIFTY-III.NFO,29/08/2024,09:52:40,25330,25329.65,25,25331.5,300,0,687025
NIFTY-III.NFO,29/08/2024,09:52:42,25330,25328.25,25,25331.5,300,0,687025
NIFTY-III.NFO,29/08/2024,09:52:44,25330,25328.35,175,25331.5,300,0,687025
NIFTY-III.NFO,29/08/2024,09:52:45,25330,25330.3,175,25331.5,300,0,687025
NIFTY-III.NFO,29/08/2024,09:52:47,25330.25,25330.25,150,25334.75,100,400,687025
NIFTY-III.NFO,29/08/2024,09:52:49,25330.25,25330.25,150,25334.95,75,0,687025
NIFTY-III.NFO,29/08/2024,09:52:50,25330,25329.05,25,25330,225,75,687025
NIFTY-III.NFO,29/08/2024,09:52:52,25330,25328,100,25330,150,75,687025
NIFTY-III.NFO,29/08/2024,09:52:54,25330,25328.15,175,25330,175,0,687025
NIFTY-III.NFO,29/08/2024,09:52:55,25330,25328.3,175,25330,175,0,687025
NIFTY-III.NFO,29/08/2024,09:52:57,25330,25328.3,200,25330,175,0,687025
NIFTY-III.NFO,29/08/2024,09:52:59,25330,25330.45,175,25333,25,175,687025
