Ticker,Date,Time,LTP,BuyPrice,BuyQty,SellPrice,SellQty,LTQ,OpenInterest
BANKNIFTY-III.NFO,18/11/2024,09:15:06,50970.05,50984.9,60,51027.1,60,15,109425
BANKNIFTY-III.NFO,18/11/2024,09:15:06,50970.05,50984.9,60,51027.1,60,0,109425
BANKNIFTY-III.NFO,18/11/2024,09:15:06,50970.05,50984.9,60,51027.1,60,0,109425
BANKNIFTY-III.NFO,18/11/2024,09:15:06,50970.05,50984.9,60,51027.1,60,0,109425
BANKNIFTY-III.NFO,18/11/2024,09:15:07,50970.05,50984.6,60,51025.05,60,0,109425
BANKNIFTY-III.NFO,18/11/2024,09:15:08,50970.05,50988.5,60,51020.05,60,0,109425
BANKNIFTY-III.NFO,18/11/2024,09:15:10,50989.8,50989.8,45,51028.8,60,15,109425
BANKNIFTY-III.NFO,18/11/2024,09:15:10,50989.8,50989.8,45,51028.8,60,0,109425
BANKNIFTY-III.NFO,18/11/2024,09:15:11,50989.8,50975.45,45,51023.8,60,0,109425
BANKNIFTY-III.NFO,18/11/2024,09:15:12,50989.8,50957.55,45,51001.35,60,0,109425
BANKNIFTY-III.NFO,18/11/2024,09:15:14,50991.55,50950.05,60,50991.45,60,15,109425
BANKNIFTY-III.NFO,18/11/2024,09:15:14,50991.55,50950.05,60,50991.45,60,0,109425
BANKNIFTY-III.NFO,18/11/2024,09:15:15,50991.55,50963.2,60,50986.15,30,0,109425
BANKNIFTY-III.NFO,18/11/2024,09:15:17,50989.05,50968.7,60,51016,90,75,109425
BANKNIFTY-III.NFO,18/11/2024,09:15:18,50989.05,50954.65,60,50996,60,0,109425
BANKNIFTY-III.NFO,18/11/2024,09:15:20,50989.05,50950.05,60,50993.4,60,0,109425
BANKNIFTY-III.NFO,18/11/2024,09:15:21,50940.05,50948.85,15,50989.55,60,105,109425
BANKNIFTY-III.NFO,18/11/2024,09:15:21,50940.05,50948.85,15,50989.55,60,0,109425
BANKNIFTY-III.NFO,18/11/2024,09:15:23,50947.45,50952.5,15,50994.2,60,15,109425
BANKNIFTY-III.NFO,18/11/2024,09:15:24,50947.45,50949.75,15,50989.95,60,0,109425
BANKNIFTY-III.NFO,18/11/2024,09:15:25,50947.45,50949.35,15,50986.85,60,0,109425
BANKNIFTY-III.NFO,18/11/2024,09:15:27,50949.35,50960.2,15,51009.75,60,15,109350
BANKNIFTY-III.NFO,18/11/2024,09:15:28,50949.35,50966.2,15,51007.8,60,0,109350
BANKNIFTY-III.NFO,18/11/2024,09:15:30,50949.35,50963.9,15,51006.65,60,0,109350
BANKNIFTY-III.NFO,18/11/2024,09:15:31,50967.25,50967.1,15,51004.7,60,15,109350
BANKNIFTY-III.NFO,18/11/2024,09:15:33,50967.25,50964.15,15,51004.4,60,0,109350
BANKNIFTY-III.NFO,18/11/2024,09:15:34,50960.1,50959.85,15,50997.5,60,30,109350
BANKNIFTY-III.NFO,18/11/2024,09:15:36,50960.1,50969.65,15,51006.1,60,0,109350
BANKNIFTY-III.NFO,18/11/2024,09:15:37,50960.1,50970.05,15,51012.8,60,0,109350
BANKNIFTY-III.NFO,18/11/2024,09:15:39,50960.1,50970.15,30,51015.15,30,0,109350
BANKNIFTY-III.NFO,18/11/2024,09:15:40,50960.1,50958.2,45,51000.75,60,0,109350
BANKNIFTY-III.NFO,18/11/2024,09:15:42,50960.1,50973.55,15,51011.5,60,0,109350
BANKNIFTY-III.NFO,18/11/2024,09:15:43,50960.1,50981.45,45,51035,60,0,109350
BANKNIFTY-III.NFO,18/11/2024,09:15:45,50960.1,50984.85,15,51000,15,0,109350
BANKNIFTY-III.NFO,18/11/2024,09:15:46,51000,50990.2,60,51049.1,60,15,109350
BANKNIFTY-III.NFO,18/11/2024,09:15:46,51000,50990.2,60,51049.1,60,0,109350
BANKNIFTY-III.NFO,18/11/2024,09:15:48,51000,50987.8,45,51034.3,60,0,109350
BANKNIFTY-III.NFO,18/11/2024,09:15:49,51000,50990.8,15,51031.65,60,0,109350
BANKNIFTY-III.NFO,18/11/2024,09:15:51,51000,50995.6,45,51036,60,0,109350
BANKNIFTY-III.NFO,18/11/2024,09:15:52,51000,50992.1,90,51034.25,60,0,109350
BANKNIFTY-III.NFO,18/11/2024,09:15:54,51000,51008.3,60,51055.55,75,0,109350
BANKNIFTY-III.NFO,18/11/2024,09:15:55,51000,50998.7,180,51044.8,60,0,109350
BANKNIFTY-III.NFO,18/11/2024,09:15:57,51000,51010.3,45,51058.75,60,0,109350
BANKNIFTY-III.NFO,18/11/2024,09:15:58,51054.65,51013.75,15,51055.7,60,15,109350
BANKNIFTY-III.NFO,18/11/2024,09:15:58,51054.65,51013.75,15,51055.7,60,0,109350
BANKNIFTY-III.NFO,18/11/2024,09:15:59,51054.65,51006.05,45,51057.2,60,0,109350
BANKNIFTY-III.NFO,18/11/2024,09:16:01,51054.65,51000.05,15,51031.15,60,0,109350
BANKNIFTY-III.NFO,18/11/2024,09:16:03,51000,51000,120,51027.55,60,45,109350
BANKNIFTY-III.NFO,18/11/2024,09:16:04,51000,51000,60,51011.45,60,60,109350
BANKNIFTY-III.NFO,18/11/2024,09:16:06,51006.55,50960.15,30,50994.35,60,90,109350
BANKNIFTY-III.NFO,18/11/2024,09:16:07,51006.55,50960.85,30,50996.35,60,0,109350
BANKNIFTY-III.NFO,18/11/2024,09:16:09,51006.55,50960.25,30,50998.95,60,0,109350
BANKNIFTY-III.NFO,18/11/2024,09:16:10,51006.55,50962.1,45,50998.95,60,0,109350
BANKNIFTY-III.NFO,18/11/2024,09:16:11,51006.55,50972.35,30,51005.3,60,0,109350
BANKNIFTY-III.NFO,18/11/2024,09:16:13,51006.55,50964.8,30,50995.95,60,0,109350
BANKNIFTY-III.NFO,18/11/2024,09:16:14,51006.55,50961.5,30,50998.65,60,0,109350
BANKNIFTY-III.NFO,18/11/2024,09:16:16,51006.55,50968,30,51000.5,60,0,109350
BANKNIFTY-III.NFO,18/11/2024,09:16:17,51006.55,50960.15,30,51001.95,60,0,109350
BANKNIFTY-III.NFO,18/11/2024,09:16:19,51006.55,50964.5,30,51001.5,60,0,109350
BANKNIFTY-III.NFO,18/11/2024,09:16:20,51006.55,50960.35,30,50998.6,60,0,109350
BANKNIFTY-III.NFO,18/11/2024,09:16:22,51006.55,50970.9,30,50999.9,60,0,109350
BANKNIFTY-III.NFO,18/11/2024,09:16:25,51006.55,50974.9,45,50999.9,75,0,109350
BANKNIFTY-III.NFO,18/11/2024,09:16:26,51006.55,50963.25,30,50998.1,60,0,109350
BANKNIFTY-III.NFO,18/11/2024,09:16:28,51006.55,50960.15,30,50990.3,60,0,109350
BANKNIFTY-III.NFO,18/11/2024,09:16:29,51006.55,50960.15,45,50970.9,15,0,109350
BANKNIFTY-III.NFO,18/11/2024,09:16:31,51006.55,50960.2,30,50970.9,15,0,109350
BANKNIFTY-III.NFO,18/11/2024,09:16:32,51006.55,50960.1,60,50970.85,75,0,109350
BANKNIFTY-III.NFO,18/11/2024,09:16:34,51006.55,50960.1,60,50970.85,60,0,109350
BANKNIFTY-III.NFO,18/11/2024,09:16:35,50970.9,50960.15,45,50989.6,60,15,109350
BANKNIFTY-III.NFO,18/11/2024,09:16:37,50970.9,50960.15,45,50989.6,60,0,109350
BANKNIFTY-III.NFO,18/11/2024,09:16:38,50970.9,50960.1,60,50981.1,60,0,109350
BANKNIFTY-III.NFO,18/11/2024,09:16:40,50970.9,50960.1,60,50976.7,75,0,109350
BANKNIFTY-III.NFO,18/11/2024,09:16:41,50970.9,50960.1,60,50979.65,60,0,109350
BANKNIFTY-III.NFO,18/11/2024,09:16:43,50970.9,50960.1,60,50975.85,75,0,109350
BANKNIFTY-III.NFO,18/11/2024,09:16:46,50970.9,50960.1,60,50976.15,75,0,109350
BANKNIFTY-III.NFO,18/11/2024,09:16:48,50970.9,50960.1,60,50974.05,75,0,109350
BANKNIFTY-III.NFO,18/11/2024,09:16:49,50970.9,50960.1,60,50972.1,75,0,109350
BANKNIFTY-III.NFO,18/11/2024,09:16:51,50970.9,50960.1,60,50970.35,75,0,109350
BANKNIFTY-III.NFO,18/11/2024,09:16:52,50970.35,50960.1,60,50970.1,75,15,109350
BANKNIFTY-III.NFO,18/11/2024,09:16:54,50970.35,50960.1,60,50968.05,75,0,109350
BANKNIFTY-III.NFO,18/11/2024,09:16:55,50968.05,50960.1,60,50967.75,15,75,109350
BANKNIFTY-III.NFO,18/11/2024,09:16:57,50968.05,50960.1,60,50968.05,30,0,109350
BANKNIFTY-III.NFO,18/11/2024,09:16:58,50968.05,50960.1,60,50970.85,30,0,109350
BANKNIFTY-III.NFO,18/11/2024,09:17:00,50968.05,50960.1,60,50970.85,15,0,109350
BANKNIFTY-III.NFO,18/11/2024,09:17:01,50968.05,50960.1,60,50968,30,0,109350
BANKNIFTY-III.NFO,18/11/2024,09:17:03,50960.1,50931.05,60,50956.2,15,60,109350
BANKNIFTY-III.NFO,18/11/2024,09:17:04,50960.1,50920.05,60,50953.1,15,0,109350
BANKNIFTY-III.NFO,18/11/2024,09:17:06,50960.1,50920.05,60,50946.2,15,0,109350
BANKNIFTY-III.NFO,18/11/2024,09:17:07,50960.1,50920.05,60,50947,15,0,109350
BANKNIFTY-III.NFO,18/11/2024,09:17:09,50960.1,50920.05,60,50947.8,45,0,109350
BANKNIFTY-III.NFO,18/11/2024,09:17:10,50960.1,50920.05,60,50947.9,15,0,109350
BANKNIFTY-III.NFO,18/11/2024,09:17:12,50960.1,50914.05,60,50947.85,45,0,109350
BANKNIFTY-III.NFO,18/11/2024,09:17:13,50960.1,50910.25,60,50940.4,15,0,109350
BANKNIFTY-III.NFO,18/11/2024,09:17:15,50960.1,50906.6,60,50938.6,15,0,109350
BANKNIFTY-III.NFO,18/11/2024,09:17:16,50960.1,50903.45,90,50941.5,15,0,109350
BANKNIFTY-III.NFO,18/11/2024,09:17:18,50960.1,50905.35,90,50941.75,15,0,109350
BANKNIFTY-III.NFO,18/11/2024,09:17:19,50947.85,50914.55,60,50950.3,30,15,109350
BANKNIFTY-III.NFO,18/11/2024,09:17:21,50947.85,50912.3,60,50951.95,30,0,109350
BANKNIFTY-III.NFO,18/11/2024,09:17:22,50947.85,50921.95,60,50955.1,30,0,109350
BANKNIFTY-III.NFO,18/11/2024,09:17:24,50947.85,50910.65,60,50947.6,30,0,109350
BANKNIFTY-III.NFO,18/11/2024,09:17:25,50947.85,50915.75,60,50950.1,30,0,109350
BANKNIFTY-III.NFO,18/11/2024,09:17:27,50947.85,50919.1,60,50950.45,30,0,109350
BANKNIFTY-III.NFO,18/11/2024,09:17:28,50919.15,50914.85,60,50946.65,60,45,109350
BANKNIFTY-III.NFO,18/11/2024,09:17:28,50919.15,50914.85,60,50946.65,60,0,109350
BANKNIFTY-III.NFO,18/11/2024,09:17:30,50919.15,50908.25,60,50940.8,30,0,109350
BANKNIFTY-III.NFO,18/11/2024,09:17:31,50919.15,50903.9,60,50940.9,30,0,109350
BANKNIFTY-III.NFO,18/11/2024,09:17:33,50919.15,50907.3,75,50921,15,0,109350
BANKNIFTY-III.NFO,18/11/2024,09:17:34,50919.15,50901.05,75,50921,15,0,109350
BANKNIFTY-III.NFO,18/11/2024,09:17:36,50901.05,50901.1,60,50921,15,15,109350
BANKNIFTY-III.NFO,18/11/2024,09:17:36,50901.05,50901.1,60,50921,15,0,109350
BANKNIFTY-III.NFO,18/11/2024,09:17:37,50901.05,50901.1,60,50921,15,0,109350
BANKNIFTY-III.NFO,18/11/2024,09:17:39,50901.05,50901.05,45,50920.95,75,45,109350
BANKNIFTY-III.NFO,18/11/2024,09:17:40,50901.05,50901.05,45,50921,15,0,109350
BANKNIFTY-III.NFO,18/11/2024,09:17:42,50901.05,50901.05,45,50920.95,60,0,109350
BANKNIFTY-III.NFO,18/11/2024,09:17:43,50900.75,50900.45,15,50920.95,75,90,109350
BANKNIFTY-III.NFO,18/11/2024,09:17:43,50900.75,50900.45,15,50920.95,75,0,109350
BANKNIFTY-III.NFO,18/11/2024,09:17:45,50900.75,50900.45,15,50920.95,60,0,109350
BANKNIFTY-III.NFO,18/11/2024,09:17:46,50900.75,50900,15,50920.95,75,0,109350
BANKNIFTY-III.NFO,18/11/2024,09:17:48,50900.75,50900,15,50918.65,90,0,109350
BANKNIFTY-III.NFO,18/11/2024,09:17:49,50900.75,50900,15,50915.4,60,0,109350
BANKNIFTY-III.NFO,18/11/2024,09:17:51,50900,50877.4,15,50901,15,15,109350
BANKNIFTY-III.NFO,18/11/2024,09:17:51,50900,50877.4,15,50901,15,0,109350
BANKNIFTY-III.NFO,18/11/2024,09:17:52,50900,50884.7,15,50900.95,60,0,109350
BANKNIFTY-III.NFO,18/11/2024,09:17:54,50884.7,50882.85,165,50901,15,15,109350
BANKNIFTY-III.NFO,18/11/2024,09:17:54,50884.7,50882.85,165,50901,15,0,109350
BANKNIFTY-III.NFO,18/11/2024,09:17:55,50884.7,50874.55,150,50900.55,60,0,109350
BANKNIFTY-III.NFO,18/11/2024,09:17:56,50876,50880.1,15,50899.95,75,75,109350
BANKNIFTY-III.NFO,18/11/2024,09:17:56,50876,50880.1,15,50899.95,75,0,109350
BANKNIFTY-III.NFO,18/11/2024,09:17:58,50876,50880.2,15,50899.9,60,0,109350
BANKNIFTY-III.NFO,18/11/2024,09:17:59,50876,50881.3,15,50899.95,75,0,109350
BANKNIFTY-III.NFO,18/11/2024,09:18:01,50876,50879,15,50899.95,15,0,109350
BANKNIFTY-III.NFO,18/11/2024,09:18:02,50876,50887.7,165,50900,135,0,109350
BANKNIFTY-III.NFO,18/11/2024,09:18:04,50900,50892.7,165,50900,90,45,109350
BANKNIFTY-III.NFO,18/11/2024,09:18:05,50901,50904.65,150,50937.1,60,105,109350
BANKNIFTY-III.NFO,18/11/2024,09:18:07,50906.2,50908.7,150,50942.55,60,60,109350
BANKNIFTY-III.NFO,18/11/2024,09:18:08,50906.2,50910.55,150,50942.15,60,0,109350
BANKNIFTY-III.NFO,18/11/2024,09:18:10,50910.55,50908.55,15,50927,30,15,109350
BANKNIFTY-III.NFO,18/11/2024,09:18:11,50910.55,50914.35,165,50927,30,0,109350
BANKNIFTY-III.NFO,18/11/2024,09:18:13,50910.35,50915.05,15,50927,30,30,109350
BANKNIFTY-III.NFO,18/11/2024,09:18:14,50927,50914.45,75,50927,15,15,109350
BANKNIFTY-III.NFO,18/11/2024,09:18:16,50927,50928.5,15,50949.55,75,15,109350
BANKNIFTY-III.NFO,18/11/2024,09:18:17,50927,50930.15,15,50948.45,75,0,109350
BANKNIFTY-III.NFO,18/11/2024,09:18:19,50930.15,50929.4,60,50953.55,15,15,109350
BANKNIFTY-III.NFO,18/11/2024,09:18:20,50930.15,50934.7,45,50957.15,75,0,109350
BANKNIFTY-III.NFO,18/11/2024,09:18:22,50930.15,50943.85,15,50960.15,15,0,109350
BANKNIFTY-III.NFO,18/11/2024,09:18:23,50930.15,50945.4,60,50960.15,15,0,109350
BANKNIFTY-III.NFO,18/11/2024,09:18:25,50930.15,50945.4,15,50960.15,15,0,109350
BANKNIFTY-III.NFO,18/11/2024,09:18:26,50930.15,50938.2,15,50961.2,60,0,109350
BANKNIFTY-III.NFO,18/11/2024,09:18:28,50938.6,50946.1,60,50966.7,60,15,109785
BANKNIFTY-III.NFO,18/11/2024,09:18:29,50938.6,50949.95,15,50971.65,75,0,109785
BANKNIFTY-III.NFO,18/11/2024,09:18:30,50938.6,50946.1,15,50966.85,105,0,109785
BANKNIFTY-III.NFO,18/11/2024,09:18:32,50938.6,50946.1,15,50967.2,90,0,109785
BANKNIFTY-III.NFO,18/11/2024,09:18:33,50938.6,50939,15,50960.45,60,0,109785
BANKNIFTY-III.NFO,18/11/2024,09:18:35,50938.6,50942.9,15,50964,60,0,109785
BANKNIFTY-III.NFO,18/11/2024,09:18:36,50938.6,50942.9,15,50965.4,60,0,109785
BANKNIFTY-III.NFO,18/11/2024,09:18:38,50938.6,50947.35,60,50968.6,60,0,109785
BANKNIFTY-III.NFO,18/11/2024,09:18:39,50977.15,50954.95,45,50975.25,60,15,109785
BANKNIFTY-III.NFO,18/11/2024,09:18:41,50977.15,50958.2,15,50982.1,60,0,109785
BANKNIFTY-III.NFO,18/11/2024,09:18:42,50977.15,50973.9,15,50989,30,0,109785
BANKNIFTY-III.NFO,18/11/2024,09:18:44,50977.15,50975.5,30,50989,30,0,109785
BANKNIFTY-III.NFO,18/11/2024,09:18:46,50977.15,50977.15,30,50988.95,75,0,109785
BANKNIFTY-III.NFO,18/11/2024,09:18:48,50977.15,50977.2,15,50989,30,0,109785
BANKNIFTY-III.NFO,18/11/2024,09:18:50,50977.2,50977.15,30,50988.95,75,15,109785
BANKNIFTY-III.NFO,18/11/2024,09:18:51,50977.2,50977.15,30,50988.95,75,0,109785
BANKNIFTY-III.NFO,18/11/2024,09:18:53,50977.2,50977.15,30,50988.2,60,0,109785
BANKNIFTY-III.NFO,18/11/2024,09:18:54,50977.15,50970,15,50980.4,60,30,109785
BANKNIFTY-III.NFO,18/11/2024,09:18:56,50977.15,50970,15,50980.5,60,0,109785
BANKNIFTY-III.NFO,18/11/2024,09:18:57,50970,50959.55,45,50980.25,105,15,109785
BANKNIFTY-III.NFO,18/11/2024,09:18:59,50960.5,50960.3,15,50981.65,60,165,109785
BANKNIFTY-III.NFO,18/11/2024,09:19:00,50960.5,50962.15,120,50979.65,15,0,109785
BANKNIFTY-III.NFO,18/11/2024,09:19:02,50960.5,50961.55,15,50980.5,60,0,109785
BANKNIFTY-III.NFO,18/11/2024,09:19:03,50960.5,50955.2,15,50974.45,60,0,109785
BANKNIFTY-III.NFO,18/11/2024,09:19:05,50960.5,50949.25,15,50969.95,30,0,109785
BANKNIFTY-III.NFO,18/11/2024,09:19:06,50960.5,50944.15,30,50966.05,60,0,109785
BANKNIFTY-III.NFO,18/11/2024,09:19:07,50960.5,50944.15,30,50966.05,90,0,109785
BANKNIFTY-III.NFO,18/11/2024,09:19:09,50960.5,50934.95,15,50957.5,60,0,109785
BANKNIFTY-III.NFO,18/11/2024,09:19:10,50952.5,50928.2,30,50952.5,60,15,109785
BANKNIFTY-III.NFO,18/11/2024,09:19:12,50952.5,50927.8,30,50950.9,60,0,109785
BANKNIFTY-III.NFO,18/11/2024,09:19:13,50952.5,50930.45,30,50952.5,75,0,109785
BANKNIFTY-III.NFO,18/11/2024,09:19:15,50952.5,50928.5,30,50948.9,60,0,109785
BANKNIFTY-III.NFO,18/11/2024,09:19:16,50952.5,50926.1,15,50949.55,60,0,109785
BANKNIFTY-III.NFO,18/11/2024,09:19:18,50952.5,50923.7,15,50947.15,60,0,109785
BANKNIFTY-III.NFO,18/11/2024,09:19:19,50952.5,50930,30,50949.35,60,0,109785
BANKNIFTY-III.NFO,18/11/2024,09:19:21,50952.45,50936.35,30,50952.45,75,15,109785
BANKNIFTY-III.NFO,18/11/2024,09:19:22,50952.45,50934.4,45,50952.45,15,0,109785
BANKNIFTY-III.NFO,18/11/2024,09:19:23,50952.45,50937.35,30,50952.5,30,0,109785
BANKNIFTY-III.NFO,18/11/2024,09:19:25,50952.45,50935.2,30,50952.45,60,0,109785
BANKNIFTY-III.NFO,18/11/2024,09:19:26,50952.45,50939.15,30,50952.5,30,0,109785
BANKNIFTY-III.NFO,18/11/2024,09:19:28,50952.5,50945.1,30,50968.6,60,15,109785
BANKNIFTY-III.NFO,18/11/2024,09:19:29,50952.5,50945.2,30,50967.7,60,0,109785
BANKNIFTY-III.NFO,18/11/2024,09:19:31,50952.5,50942.8,30,50966.8,60,0,109785
BANKNIFTY-III.NFO,18/11/2024,09:19:32,50952.5,50940.85,45,50962.5,60,0,109785
BANKNIFTY-III.NFO,18/11/2024,09:19:34,50952.5,50941.3,30,50963.5,60,0,109785
BANKNIFTY-III.NFO,18/11/2024,09:19:35,50952.5,50937.7,45,50957.85,60,0,109785
BANKNIFTY-III.NFO,18/11/2024,09:19:38,50952.5,50935.25,45,50957.35,60,0,109785
BANKNIFTY-III.NFO,18/11/2024,09:19:39,50952.5,50938.6,30,50959.35,60,0,109785
BANKNIFTY-III.NFO,18/11/2024,09:19:41,50952.5,50936.95,45,50958.2,105,0,109785
BANKNIFTY-III.NFO,18/11/2024,09:19:42,50952.5,50939.55,45,50962.05,60,0,109785
BANKNIFTY-III.NFO,18/11/2024,09:19:44,50952.5,50942.85,45,50964.9,60,0,109785
BANKNIFTY-III.NFO,18/11/2024,09:19:45,50952.5,50939.5,45,50960.9,75,0,109785
BANKNIFTY-III.NFO,18/11/2024,09:19:47,50952.5,50943.55,45,50963.85,60,0,109785
BANKNIFTY-III.NFO,18/11/2024,09:19:48,50952.5,50965.05,15,50971.8,60,0,109785
BANKNIFTY-III.NFO,18/11/2024,09:19:51,50952.5,50965.05,15,50973.3,60,0,109785
BANKNIFTY-III.NFO,18/11/2024,09:19:53,50952.5,50965.05,15,50974.9,60,0,109785
BANKNIFTY-III.NFO,18/11/2024,09:19:54,50952.5,50958.55,45,50977.15,60,0,109785
BANKNIFTY-III.NFO,18/11/2024,09:19:56,50952.5,50951.85,45,50974.25,90,0,109785
BANKNIFTY-III.NFO,18/11/2024,09:19:57,50952.5,50951.35,45,50973.1,90,0,109785
BANKNIFTY-III.NFO,18/11/2024,09:19:58,50952.5,50954.1,45,50973.25,60,0,109785
BANKNIFTY-III.NFO,18/11/2024,09:20:00,50952.5,50969.65,45,50988.95,75,0,109785
BANKNIFTY-III.NFO,18/11/2024,09:20:01,50952.5,50960.6,30,50984.15,75,0,109785
BANKNIFTY-III.NFO,18/11/2024,09:20:03,50952.5,50940.5,30,50968.9,60,0,109785
BANKNIFTY-III.NFO,18/11/2024,09:20:04,50952.5,50943.6,45,50965.1,60,0,109785
BANKNIFTY-III.NFO,18/11/2024,09:20:06,50952.5,50937.7,45,50958.35,60,0,109785
BANKNIFTY-III.NFO,18/11/2024,09:20:07,50952.5,50925.55,30,50950.45,60,0,109785
BANKNIFTY-III.NFO,18/11/2024,09:20:09,50952.5,50917.4,30,50940.35,60,0,109785
BANKNIFTY-III.NFO,18/11/2024,09:20:10,50952.5,50913.15,30,50935.45,60,0,109785
BANKNIFTY-III.NFO,18/11/2024,09:20:12,50911.5,50913.75,15,50935.25,60,30,109785
BANKNIFTY-III.NFO,18/11/2024,09:20:13,50911.5,50910.55,30,50931.05,60,0,109785
BANKNIFTY-III.NFO,18/11/2024,09:20:15,50911.5,50910.55,15,50925.75,75,0,109785
BANKNIFTY-III.NFO,18/11/2024,09:20:16,50911.5,50910.7,30,50937.05,60,0,109785
BANKNIFTY-III.NFO,18/11/2024,09:20:18,50911.5,50917.7,30,50943.55,60,0,109785
BANKNIFTY-III.NFO,18/11/2024,09:20:19,50911.5,50923.1,30,50947.55,60,0,109785
BANKNIFTY-III.NFO,18/11/2024,09:20:21,50911.5,50939.5,15,50950,15,0,109785
BANKNIFTY-III.NFO,18/11/2024,09:20:22,50911.5,50921.3,15,50945.45,60,0,109785
BANKNIFTY-III.NFO,18/11/2024,09:20:24,50921.4,50916.45,15,50936.75,60,15,109785
BANKNIFTY-III.NFO,18/11/2024,09:20:25,50921.4,50919.6,15,50942.95,90,0,109785
BANKNIFTY-III.NFO,18/11/2024,09:20:27,50921.4,50922.7,15,50943.35,75,0,109785
BANKNIFTY-III.NFO,18/11/2024,09:20:28,50921.4,50932.85,30,50949.95,75,0,109785
BANKNIFTY-III.NFO,18/11/2024,09:20:30,50921.4,50924.65,15,50946.25,60,0,109785
BANKNIFTY-III.NFO,18/11/2024,09:20:31,50921.4,50929.1,15,50949.65,15,0,109785
BANKNIFTY-III.NFO,18/11/2024,09:20:33,50921.4,50930.85,120,50949.95,60,0,109785
BANKNIFTY-III.NFO,18/11/2024,09:20:34,50921.4,50931.2,15,50949.85,60,0,109785
BANKNIFTY-III.NFO,18/11/2024,09:20:36,50921.4,50929.1,15,50945.45,60,0,109785
BANKNIFTY-III.NFO,18/11/2024,09:20:37,50921.4,50920.9,15,50940.85,60,0,109785
BANKNIFTY-III.NFO,18/11/2024,09:20:39,50935.35,50910.55,15,50932.8,60,60,109785
BANKNIFTY-III.NFO,18/11/2024,09:20:40,50935.35,50922.45,45,50945.9,90,0,109785
BANKNIFTY-III.NFO,18/11/2024,09:20:42,50935.35,50925.15,30,50945.45,60,0,109785
BANKNIFTY-III.NFO,18/11/2024,09:20:44,50935.35,50918.8,30,50944.3,60,0,109785
BANKNIFTY-III.NFO,18/11/2024,09:20:45,50935.35,50923.45,15,50943.35,60,0,109785
BANKNIFTY-III.NFO,18/11/2024,09:20:47,50918.85,50920.4,30,50940.4,60,15,109785
BANKNIFTY-III.NFO,18/11/2024,09:20:48,50918.85,50926.2,15,50948,60,0,109785
BANKNIFTY-III.NFO,18/11/2024,09:20:50,50918.85,50928.95,15,50949.25,75,0,109785
BANKNIFTY-III.NFO,18/11/2024,09:20:52,50918.85,50923.5,15,50945.45,75,0,109785
BANKNIFTY-III.NFO,18/11/2024,09:20:53,50918.85,50933.8,15,50953.55,60,0,109785
BANKNIFTY-III.NFO,18/11/2024,09:20:55,50918.85,50926.55,15,50949.4,75,0,109785
BANKNIFTY-III.NFO,18/11/2024,09:20:57,50948.2,50929.05,30,50949.05,60,15,109785
BANKNIFTY-III.NFO,18/11/2024,09:20:58,50948.2,50931.35,15,50954.15,60,0,109785
BANKNIFTY-III.NFO,18/11/2024,09:21:00,50948.2,50931.35,15,50953.35,60,0,109785
BANKNIFTY-III.NFO,18/11/2024,09:21:01,50948.2,50928.75,30,50947.95,75,0,109785
BANKNIFTY-III.NFO,18/11/2024,09:21:03,50948.2,50930.45,15,50948,45,0,109785
BANKNIFTY-III.NFO,18/11/2024,09:21:05,50948.2,50935.15,15,50948,30,0,109785
BANKNIFTY-III.NFO,18/11/2024,09:21:06,50948.2,50933.25,30,50948,30,0,109785
BANKNIFTY-III.NFO,18/11/2024,09:21:08,50948,50935.8,15,50948,15,15,109785
BANKNIFTY-III.NFO,18/11/2024,09:21:09,50948,50937.2,15,50948,15,0,109785
BANKNIFTY-III.NFO,18/11/2024,09:21:11,50948,50945.25,15,50965.8,60,15,109785
BANKNIFTY-III.NFO,18/11/2024,09:21:13,50948,50943.65,30,50964.8,75,0,109785
BANKNIFTY-III.NFO,18/11/2024,09:21:15,50948,50951.25,15,50968.65,60,15,109785
BANKNIFTY-III.NFO,18/11/2024,09:21:16,50950.7,50948.55,15,50965.35,60,15,109785
BANKNIFTY-III.NFO,18/11/2024,09:21:18,50950.7,50950.7,30,50973.45,60,0,109785
BANKNIFTY-III.NFO,18/11/2024,09:21:20,50950.7,50950.65,165,50970.25,60,0,109785
BANKNIFTY-III.NFO,18/11/2024,09:21:21,50950.7,50958.1,165,50979.75,60,0,109785
BANKNIFTY-III.NFO,18/11/2024,09:21:23,50950.7,50963.05,15,50975.75,15,0,109785
BANKNIFTY-III.NFO,18/11/2024,09:21:24,50950.7,50960.15,15,50980.15,60,0,109785
BANKNIFTY-III.NFO,18/11/2024,09:21:26,50950.7,50959.6,15,50976.45,60,0,109785
BANKNIFTY-III.NFO,18/11/2024,09:21:28,50950.7,50965.45,15,50983.7,60,0,109785
BANKNIFTY-III.NFO,18/11/2024,09:21:29,50981.85,50967.15,30,50985.55,75,15,109680
BANKNIFTY-III.NFO,18/11/2024,09:21:31,50981.85,50966.2,30,50984.6,60,0,109680
BANKNIFTY-III.NFO,18/11/2024,09:21:33,50981.85,50962.95,15,50977.95,60,0,109680
BANKNIFTY-III.NFO,18/11/2024,09:21:34,50981.85,50958.5,15,50973.8,75,0,109680
BANKNIFTY-III.NFO,18/11/2024,09:21:36,50973.8,50959.15,45,50977.75,75,15,109680
BANKNIFTY-III.NFO,18/11/2024,09:21:37,50973.8,50960.6,30,50982.2,60,0,109680
BANKNIFTY-III.NFO,18/11/2024,09:21:39,50973.8,50959.85,30,50977,90,0,109680
BANKNIFTY-III.NFO,18/11/2024,09:21:41,50973.8,50954.1,30,50972.6,60,0,109680
BANKNIFTY-III.NFO,18/11/2024,09:21:42,50973.75,50955.95,165,50973.75,60,45,109680
BANKNIFTY-III.NFO,18/11/2024,09:21:44,50973.75,50958,75,50973.8,15,0,109680
BANKNIFTY-III.NFO,18/11/2024,09:21:46,50973.75,50958.85,75,50973.8,15,0,109680
BANKNIFTY-III.NFO,18/11/2024,09:21:47,50973.75,50943.7,75,50964.75,60,0,109680
BANKNIFTY-III.NFO,18/11/2024,09:21:49,50973.75,50939.7,60,50961,45,0,109680
BANKNIFTY-III.NFO,18/11/2024,09:21:51,50973.75,50943.45,60,50966.3,45,0,109680
BANKNIFTY-III.NFO,18/11/2024,09:21:52,50973.75,50937.8,60,50959.1,75,0,109680
BANKNIFTY-III.NFO,18/11/2024,09:21:54,50973.75,50936.9,75,50956,45,0,109680
BANKNIFTY-III.NFO,18/11/2024,09:21:56,50973.75,50934.25,60,50956.35,90,0,109680
BANKNIFTY-III.NFO,18/11/2024,09:21:57,50973.75,50935.8,60,50956.35,60,0,109680
BANKNIFTY-III.NFO,18/11/2024,09:21:59,50973.75,50933.35,60,50954.5,45,0,109680
BANKNIFTY-III.NFO,18/11/2024,09:22:00,50934.4,50925.55,30,50950.5,60,15,109680
BANKNIFTY-III.NFO,18/11/2024,09:22:02,50934.4,50920.05,90,50942.25,60,0,109680
BANKNIFTY-III.NFO,18/11/2024,09:22:04,50934.4,50927.8,60,50948.1,60,0,109680
BANKNIFTY-III.NFO,18/11/2024,09:22:05,50934.4,50926.55,60,50948.1,60,0,109680
BANKNIFTY-III.NFO,18/11/2024,09:22:07,50934.4,50932.2,60,50953.3,60,0,109680
BANKNIFTY-III.NFO,18/11/2024,09:22:09,50939.25,50939.9,45,50962.15,60,15,109680
BANKNIFTY-III.NFO,18/11/2024,09:22:10,50939.25,50937,60,50958.45,60,0,109680
BANKNIFTY-III.NFO,18/11/2024,09:22:12,50939.25,50941.6,60,50960.65,60,0,109680
BANKNIFTY-III.NFO,18/11/2024,09:22:14,50939.25,50946.75,60,50965.55,60,0,109680
BANKNIFTY-III.NFO,18/11/2024,09:22:15,50939.25,50948.55,60,50968.25,60,0,109680
BANKNIFTY-III.NFO,18/11/2024,09:22:17,50939.25,50950.45,45,50971.25,60,0,109680
BANKNIFTY-III.NFO,18/11/2024,09:22:19,50939.25,50946.85,60,50967.1,105,0,109680
BANKNIFTY-III.NFO,18/11/2024,09:22:20,50939.25,50943.4,60,50964.1,60,0,109680
BANKNIFTY-III.NFO,18/11/2024,09:22:22,50939.25,50945.7,60,50964.9,90,0,109680
BANKNIFTY-III.NFO,18/11/2024,09:22:24,50939.25,50949.35,45,50971.55,60,0,109680
BANKNIFTY-III.NFO,18/11/2024,09:22:25,50939.25,50955.1,45,50973.75,60,0,109680
BANKNIFTY-III.NFO,18/11/2024,09:22:27,50939.25,50957.8,60,50977.65,60,0,109680
BANKNIFTY-III.NFO,18/11/2024,09:22:29,50939.25,50961.4,60,50981.3,60,0,109680
BANKNIFTY-III.NFO,18/11/2024,09:22:30,50955.9,50957.05,45,50976.8,90,15,109680
BANKNIFTY-III.NFO,18/11/2024,09:22:32,50955.9,50956.1,30,50978.3,60,0,109680
BANKNIFTY-III.NFO,18/11/2024,09:22:34,50955.9,50960.3,45,50979.5,75,0,109680
BANKNIFTY-III.NFO,18/11/2024,09:22:35,50955.9,50955.4,45,50975.9,60,0,109680
BANKNIFTY-III.NFO,18/11/2024,09:22:37,50976,50955,75,50975.3,60,30,109680
BANKNIFTY-III.NFO,18/11/2024,09:22:39,50976,50953.9,75,50973,60,0,109680
BANKNIFTY-III.NFO,18/11/2024,09:22:40,50973.3,50956.85,60,50978.85,45,15,109680
BANKNIFTY-III.NFO,18/11/2024,09:22:42,50973.3,50954.5,75,50975.25,45,0,109680
BANKNIFTY-III.NFO,18/11/2024,09:22:44,50973.3,50954.75,60,50976.3,45,0,109680
BANKNIFTY-III.NFO,18/11/2024,09:22:45,50973.3,50956.85,75,50976.3,45,0,109680
BANKNIFTY-III.NFO,18/11/2024,09:22:47,50973.3,50956.85,75,50979.55,60,0,109680
BANKNIFTY-III.NFO,18/11/2024,09:22:48,50973.3,50950.15,75,50973.15,45,0,109680
BANKNIFTY-III.NFO,18/11/2024,09:22:50,50973.3,50951.85,60,50973.2,45,0,109680
BANKNIFTY-III.NFO,18/11/2024,09:22:52,50954.2,50954.85,75,50976.5,45,225,109680
BANKNIFTY-III.NFO,18/11/2024,09:22:53,50954.2,50959.5,60,50983.55,45,0,109680
BANKNIFTY-III.NFO,18/11/2024,09:22:55,50954.2,50962.2,60,50983.35,45,0,109680
BANKNIFTY-III.NFO,18/11/2024,09:22:57,50954.2,50961.55,60,50983.05,45,0,109680
BANKNIFTY-III.NFO,18/11/2024,09:22:58,50961.55,50961.85,60,50981.95,60,15,109680
BANKNIFTY-III.NFO,18/11/2024,09:23:00,50961.55,50956.3,60,50977.8,60,0,109680
BANKNIFTY-III.NFO,18/11/2024,09:23:02,50980.5,50961,75,50980.5,45,15,109680
BANKNIFTY-III.NFO,18/11/2024,09:23:03,50956.55,50958.85,60,50977.8,60,15,109680
BANKNIFTY-III.NFO,18/11/2024,09:23:05,50956.55,50959.95,75,50982.95,60,0,109680
BANKNIFTY-III.NFO,18/11/2024,09:23:06,50956.55,50958.95,60,50980.5,90,0,109680
BANKNIFTY-III.NFO,18/11/2024,09:23:08,50956.55,50954.4,60,50976.6,60,0,109680
BANKNIFTY-III.NFO,18/11/2024,09:23:10,50976,50957.95,75,50976,45,15,109680
BANKNIFTY-III.NFO,18/11/2024,09:23:11,50976,50961.6,60,50983.8,45,0,109680
BANKNIFTY-III.NFO,18/11/2024,09:23:13,50976,50963.5,60,50983.8,90,0,109680
BANKNIFTY-III.NFO,18/11/2024,09:23:15,50976,50966.65,60,50987.6,90,0,109680
BANKNIFTY-III.NFO,18/11/2024,09:23:16,50976,50970.85,75,50988,150,0,109680
BANKNIFTY-III.NFO,18/11/2024,09:23:18,50976,50971,60,50987.95,15,0,109680
BANKNIFTY-III.NFO,18/11/2024,09:23:20,50976,50973.2,75,50988,150,0,109680
BANKNIFTY-III.NFO,18/11/2024,09:23:21,50976,50966.4,60,50976,15,0,109680
BANKNIFTY-III.NFO,18/11/2024,09:23:23,50966.4,50970.25,60,50976,15,15,109680
BANKNIFTY-III.NFO,18/11/2024,09:23:25,50966.4,50964.1,60,50976,30,0,109680
BANKNIFTY-III.NFO,18/11/2024,09:23:27,50966.4,50964.05,15,50975.95,75,0,109680
BANKNIFTY-III.NFO,18/11/2024,09:23:28,50966.4,50960.3,60,50975.95,60,0,109680
BANKNIFTY-III.NFO,18/11/2024,09:23:30,50966.4,50956.65,30,50973.05,90,0,109680
BANKNIFTY-III.NFO,18/11/2024,09:23:32,50966.4,50939.25,165,50958.9,60,0,109680
BANKNIFTY-III.NFO,18/11/2024,09:23:33,50966.4,50941.45,105,50963.45,90,0,109680
BANKNIFTY-III.NFO,18/11/2024,09:23:35,50966.4,50939.25,150,50955.3,60,0,109680
BANKNIFTY-III.NFO,18/11/2024,09:23:37,50966.4,50942.75,60,50963.9,60,0,109680
BANKNIFTY-III.NFO,18/11/2024,09:23:38,50941.25,50939.45,45,50940,150,15,109680
BANKNIFTY-III.NFO,18/11/2024,09:23:40,50941.25,50939.3,45,50940,150,0,109680
BANKNIFTY-III.NFO,18/11/2024,09:23:42,50940,50943.5,60,50962.7,60,150,109680
BANKNIFTY-III.NFO,18/11/2024,09:23:43,50939.3,50939.3,30,50958.2,60,15,109680
BANKNIFTY-III.NFO,18/11/2024,09:23:45,50939.3,50939.25,300,50940,15,0,109680
BANKNIFTY-III.NFO,18/11/2024,09:23:52,50939.25,50939.25,285,50953.7,75,15,109680
BANKNIFTY-III.NFO,18/11/2024,09:23:53,50939.25,50939.3,45,50959.85,60,0,109680
BANKNIFTY-III.NFO,18/11/2024,09:23:55,50939.25,50939.3,45,50957.9,60,0,109680
BANKNIFTY-III.NFO,18/11/2024,09:23:57,50939.25,50939.3,45,50956.5,75,0,109680
BANKNIFTY-III.NFO,18/11/2024,09:23:58,50939.25,50943.6,45,50962.7,60,0,109680
BANKNIFTY-III.NFO,18/11/2024,09:24:00,50939.25,50948.35,45,50968.55,60,0,109680
BANKNIFTY-III.NFO,18/11/2024,09:24:02,50939.25,50942.7,45,50962.05,60,0,109680
BANKNIFTY-III.NFO,18/11/2024,09:24:03,50939.25,50939.25,285,50957.15,60,0,109680
BANKNIFTY-III.NFO,18/11/2024,09:24:05,50939.25,50939.25,285,50950.95,90,0,109680
BANKNIFTY-III.NFO,18/11/2024,09:24:07,50939.25,50940,15,50948.65,60,0,109680
BANKNIFTY-III.NFO,18/11/2024,09:24:08,50939.25,50940,15,50954.65,60,0,109680
BANKNIFTY-III.NFO,18/11/2024,09:24:10,50939.25,50940,15,50951.95,90,0,109680
BANKNIFTY-III.NFO,18/11/2024,09:24:12,50939.25,50940,15,50946.8,15,0,109680
BANKNIFTY-III.NFO,18/11/2024,09:24:13,50939.25,50940,15,50951.95,60,0,109680
BANKNIFTY-III.NFO,18/11/2024,09:24:15,50939.25,50940,15,50951.15,60,0,109680
BANKNIFTY-III.NFO,18/11/2024,09:24:16,50939.25,50940,15,50951.35,60,0,109680
BANKNIFTY-III.NFO,18/11/2024,09:24:18,50939.25,50925.6,30,50946.7,60,300,109680
BANKNIFTY-III.NFO,18/11/2024,09:24:20,50939.25,50922.8,30,50941.6,105,0,109680
BANKNIFTY-III.NFO,18/11/2024,09:24:21,50939.25,50928.75,30,50949.15,75,0,109680
BANKNIFTY-III.NFO,18/11/2024,09:24:23,50939.25,50927.3,30,50945.55,15,0,109680
BANKNIFTY-III.NFO,18/11/2024,09:24:25,50939.25,50926.8,45,50944.35,75,0,109680
BANKNIFTY-III.NFO,18/11/2024,09:24:26,50939.25,50926.9,30,50942.45,75,0,109680
BANKNIFTY-III.NFO,18/11/2024,09:24:28,50939.25,50922.95,30,50940.85,60,0,109680
BANKNIFTY-III.NFO,18/11/2024,09:24:30,50939.25,50920.8,30,50938.4,15,0,109680
BANKNIFTY-III.NFO,18/11/2024,09:24:31,50939.25,50928.9,45,50939.25,15,0,109680
BANKNIFTY-III.NFO,18/11/2024,09:24:33,50939.25,50927.1,30,50939.25,15,0,109680
BANKNIFTY-III.NFO,18/11/2024,09:24:35,50939.25,50926.2,45,50939.25,15,0,109680
BANKNIFTY-III.NFO,18/11/2024,09:24:36,50939.25,50925.2,45,50939.25,15,0,109680
BANKNIFTY-III.NFO,18/11/2024,09:24:38,50939.25,50921.65,45,50937.9,105,0,109680
BANKNIFTY-III.NFO,18/11/2024,09:24:40,50939.25,50921.75,45,50939.2,60,0,109680
BANKNIFTY-III.NFO,18/11/2024,09:24:41,50939.25,50921.85,30,50939.2,105,0,109680
BANKNIFTY-III.NFO,18/11/2024,09:24:43,50939.25,50921.95,45,50939.25,15,0,109680
BANKNIFTY-III.NFO,18/11/2024,09:24:45,50939.25,50923.4,45,50939.25,15,0,109680
BANKNIFTY-III.NFO,18/11/2024,09:24:46,50939.25,50926.5,45,50939.25,15,0,109680
BANKNIFTY-III.NFO,18/11/2024,09:24:50,50939.25,50922.15,30,50935.75,60,0,109680
BANKNIFTY-III.NFO,18/11/2024,09:24:51,50939.25,50914.8,45,50934,75,0,109680
BANKNIFTY-III.NFO,18/11/2024,09:24:53,50939.25,50915.8,30,50934.15,105,0,109680
BANKNIFTY-III.NFO,18/11/2024,09:24:55,50939.25,50913.9,30,50932.55,75,0,109680
BANKNIFTY-III.NFO,18/11/2024,09:24:56,50939.25,50917.85,30,50936.4,15,0,109680
BANKNIFTY-III.NFO,18/11/2024,09:24:58,50939.25,50929.05,45,50939.25,30,0,109680
BANKNIFTY-III.NFO,18/11/2024,09:25:00,50939.25,50935.65,30,50955.6,60,30,109860
BANKNIFTY-III.NFO,18/11/2024,09:25:01,50936.8,50938.25,30,50956,45,15,109860
BANKNIFTY-III.NFO,18/11/2024,09:25:03,50936.8,50937.25,30,50953.35,30,0,109860
BANKNIFTY-III.NFO,18/11/2024,09:25:05,50936.8,50935.3,45,50953.65,75,0,109860
BANKNIFTY-III.NFO,18/11/2024,09:25:06,50936.8,50934.65,30,50953,105,0,109860
BANKNIFTY-III.NFO,18/11/2024,09:25:08,50936.8,50940.7,30,50960.8,60,0,109860
BANKNIFTY-III.NFO,18/11/2024,09:25:10,50936.8,50933.25,15,50954.4,60,0,109860
BANKNIFTY-III.NFO,18/11/2024,09:25:11,50936.8,50936.85,30,50953.2,105,0,109860
BANKNIFTY-III.NFO,18/11/2024,09:25:13,50936.8,50936.8,15,50948,75,0,109860
BANKNIFTY-III.NFO,18/11/2024,09:25:15,50936.8,50927.5,30,50945.1,75,15,109860
BANKNIFTY-III.NFO,18/11/2024,09:25:16,50936.8,50934.1,30,50950,75,0,109860
BANKNIFTY-III.NFO,18/11/2024,09:25:18,50936.8,50935.55,30,50950,75,0,109860
BANKNIFTY-III.NFO,18/11/2024,09:25:20,50936.8,50940.45,30,50950,75,0,109860
BANKNIFTY-III.NFO,18/11/2024,09:25:21,50936.8,50937.2,15,50950,75,0,109860
BANKNIFTY-III.NFO,18/11/2024,09:25:23,50936.8,50938.2,30,50950,75,0,109860
BANKNIFTY-III.NFO,18/11/2024,09:25:25,50936.8,50937.1,30,50950,75,0,109860
BANKNIFTY-III.NFO,18/11/2024,09:25:26,50936.8,50927,30,50946.55,75,15,109860
BANKNIFTY-III.NFO,18/11/2024,09:25:28,50936.8,50927.1,30,50945.05,75,0,109860
BANKNIFTY-III.NFO,18/11/2024,09:25:30,50927.1,50927.1,30,50944.05,75,15,109860
BANKNIFTY-III.NFO,18/11/2024,09:25:31,50927.1,50929.5,30,50948.2,75,0,109860
BANKNIFTY-III.NFO,18/11/2024,09:25:33,50927.1,50930.35,15,50946.4,75,0,109860
BANKNIFTY-III.NFO,18/11/2024,09:25:35,50927.1,50930.9,60,50949.3,75,0,109860
BANKNIFTY-III.NFO,18/11/2024,09:25:36,50927.1,50931,15,50946.95,90,0,109860
BANKNIFTY-III.NFO,18/11/2024,09:25:40,50927.1,50929.7,30,50946.2,60,0,109860
BANKNIFTY-III.NFO,18/11/2024,09:25:41,50927.1,50932.3,15,50949.95,75,0,109860
BANKNIFTY-III.NFO,18/11/2024,09:25:43,50927.1,50935.15,15,50940,15,0,109860
BANKNIFTY-III.NFO,18/11/2024,09:25:45,50927.1,50932.5,15,50940,15,0,109860
BANKNIFTY-III.NFO,18/11/2024,09:25:46,50927.1,50932.9,15,50940,15,0,109860
BANKNIFTY-III.NFO,18/11/2024,09:25:48,50927.1,50939.05,15,50940,15,0,109860
BANKNIFTY-III.NFO,18/11/2024,09:25:49,50940,50940.15,15,50950,75,15,109860
BANKNIFTY-III.NFO,18/11/2024,09:25:51,50944.8,50941.4,150,50950,75,15,109860
BANKNIFTY-III.NFO,18/11/2024,09:25:53,50944.8,50936.6,45,50950,75,0,109860
BANKNIFTY-III.NFO,18/11/2024,09:25:54,50944.8,50937.1,30,50950,75,0,109860
BANKNIFTY-III.NFO,18/11/2024,09:25:56,50944.8,50937,150,50950,75,0,109860
BANKNIFTY-III.NFO,18/11/2024,09:25:58,50944.8,50938.35,15,50950,75,0,109860
BANKNIFTY-III.NFO,18/11/2024,09:25:59,50944.8,50939.75,150,50950,75,0,109860
BANKNIFTY-III.NFO,18/11/2024,09:26:01,50944.8,50946.95,90,50950,75,0,109860
BANKNIFTY-III.NFO,18/11/2024,09:26:03,50950,50947.1,15,50964.1,75,90,109860
BANKNIFTY-III.NFO,18/11/2024,09:26:04,50950,50947.4,15,50961.05,45,0,109860
BANKNIFTY-III.NFO,18/11/2024,09:26:06,50950,50947.45,30,50961.1,105,0,109860
BANKNIFTY-III.NFO,18/11/2024,09:26:08,50950,50947.45,15,50961.8,75,0,109860
BANKNIFTY-III.NFO,18/11/2024,09:26:09,50950,50949.45,15,50963.65,105,0,109860
BANKNIFTY-III.NFO,18/11/2024,09:26:11,50950,50948.6,30,50962.5,90,0,109860
BANKNIFTY-III.NFO,18/11/2024,09:26:13,50950,50948.75,30,50963.4,60,0,109860
BANKNIFTY-III.NFO,18/11/2024,09:26:14,50950,50948.8,15,50963.15,75,0,109860
BANKNIFTY-III.NFO,18/11/2024,09:26:16,50950,50940.7,15,50961.35,60,0,109860
BANKNIFTY-III.NFO,18/11/2024,09:26:17,50950,50936.55,15,50959.95,75,0,109860
BANKNIFTY-III.NFO,18/11/2024,09:26:19,50950,50920.7,45,50942.55,60,0,109860
BANKNIFTY-III.NFO,18/11/2024,09:26:21,50950,50919.55,30,50939.05,60,0,109860
BANKNIFTY-III.NFO,18/11/2024,09:26:22,50950,50927.65,15,50941.2,30,0,109860
BANKNIFTY-III.NFO,18/11/2024,09:26:24,50950,50929.95,15,50947,75,0,109860
BANKNIFTY-III.NFO,18/11/2024,09:26:26,50947,50929.75,45,50946.4,60,30,109860
BANKNIFTY-III.NFO,18/11/2024,09:26:27,50947,50928.25,30,50946.85,75,0,109860
BANKNIFTY-III.NFO,18/11/2024,09:26:29,50947,50915.8,30,50933.4,60,0,109860
BANKNIFTY-III.NFO,18/11/2024,09:26:31,50910.55,50910,15,50918.2,60,30,109860
BANKNIFTY-III.NFO,18/11/2024,09:26:32,50910.55,50910,15,50917.9,30,0,109860
BANKNIFTY-III.NFO,18/11/2024,09:26:34,50910.55,50910,30,50925.05,60,0,109860
BANKNIFTY-III.NFO,18/11/2024,09:26:36,50910.55,50910.4,30,50927.75,90,0,109860
BANKNIFTY-III.NFO,18/11/2024,09:26:37,50910.55,50912.35,30,50929.3,75,0,109860
BANKNIFTY-III.NFO,18/11/2024,09:26:39,50910.55,50910.45,45,50928.85,75,0,109860
BANKNIFTY-III.NFO,18/11/2024,09:26:40,50910.55,50910.45,45,50927.6,75,0,109860
BANKNIFTY-III.NFO,18/11/2024,09:26:42,50911.1,50910,15,50919.95,90,15,109860
BANKNIFTY-III.NFO,18/11/2024,09:26:44,50919.95,50910,15,50921.8,60,15,109860
BANKNIFTY-III.NFO,18/11/2024,09:26:45,50919.95,50910,15,50923.2,75,0,109860
BANKNIFTY-III.NFO,18/11/2024,09:26:47,50919.95,50910,15,50920.5,75,0,109860
BANKNIFTY-III.NFO,18/11/2024,09:26:49,50920.4,50910,15,50919.1,60,15,109860
BANKNIFTY-III.NFO,18/11/2024,09:26:50,50920.4,50910,15,50919.95,15,0,109860
BANKNIFTY-III.NFO,18/11/2024,09:26:55,50910,50904.5,75,50919.95,15,15,109860
BANKNIFTY-III.NFO,18/11/2024,09:26:57,50910,50903,60,50919.9,60,0,109860
BANKNIFTY-III.NFO,18/11/2024,09:26:59,50910,50903.9,60,50919.9,60,0,109860
BANKNIFTY-III.NFO,18/11/2024,09:27:00,50910,50900.1,15,50919.7,60,0,109860
BANKNIFTY-III.NFO,18/11/2024,09:27:02,50910,50901.55,90,50919.25,60,0,109860
BANKNIFTY-III.NFO,18/11/2024,09:27:04,50910,50901.35,60,50919.2,105,0,109860
BANKNIFTY-III.NFO,18/11/2024,09:27:05,50910,50910.5,75,50919.95,15,0,109860
BANKNIFTY-III.NFO,18/11/2024,09:27:07,50922.1,50919.35,30,50928.2,15,60,109860
BANKNIFTY-III.NFO,18/11/2024,09:27:09,50922.1,50917.1,30,50928.2,15,0,109860
BANKNIFTY-III.NFO,18/11/2024,09:27:10,50928.2,50927.65,30,50947.1,30,45,109860
BANKNIFTY-III.NFO,18/11/2024,09:27:12,50928.2,50929.6,30,50947.3,45,0,109860
BANKNIFTY-III.NFO,18/11/2024,09:27:14,50928.2,50924.4,30,50942.7,75,0,109860
BANKNIFTY-III.NFO,18/11/2024,09:27:15,50928.2,50924.2,15,50943,75,0,109860
BANKNIFTY-III.NFO,18/11/2024,09:27:17,50928.2,50916.85,30,50934.55,45,0,109860
BANKNIFTY-III.NFO,18/11/2024,09:27:19,50928.2,50920.1,30,50937.6,30,0,109860
BANKNIFTY-III.NFO,18/11/2024,09:27:20,50928.2,50923.3,30,50941.45,60,0,109860
BANKNIFTY-III.NFO,18/11/2024,09:27:22,50928.2,50926.8,30,50944.1,60,0,109860
BANKNIFTY-III.NFO,18/11/2024,09:27:24,50928.2,50932.55,30,50949.95,60,0,109860
BANKNIFTY-III.NFO,18/11/2024,09:27:25,50928.2,50928.2,45,50946.55,75,0,109860
BANKNIFTY-III.NFO,18/11/2024,09:27:27,50928.2,50924.7,30,50942.4,75,0,109860
BANKNIFTY-III.NFO,18/11/2024,09:27:29,50928.2,50928.2,30,50945.25,60,0,109860
BANKNIFTY-III.NFO,18/11/2024,09:27:30,50928.2,50927.55,15,50944.65,105,0,109860
BANKNIFTY-III.NFO,18/11/2024,09:27:32,50928.2,50931.2,30,50947.9,15,0,109860
BANKNIFTY-III.NFO,18/11/2024,09:27:34,50928.2,50929.1,15,50946.25,75,0,109860
BANKNIFTY-III.NFO,18/11/2024,09:27:35,50928.2,50927.3,15,50943.85,75,0,109860
BANKNIFTY-III.NFO,18/11/2024,09:27:37,50928.2,50927.5,15,50943.95,75,0,109860
BANKNIFTY-III.NFO,18/11/2024,09:27:39,50928.2,50930.15,420,50948,60,0,109860
BANKNIFTY-III.NFO,18/11/2024,09:27:40,50928.2,50929.1,30,50947.55,75,0,109860
BANKNIFTY-III.NFO,18/11/2024,09:27:42,50928.2,50930.7,15,50948.65,60,0,109860
BANKNIFTY-III.NFO,18/11/2024,09:27:44,50928.2,50920.95,30,50942.6,60,0,109860
BANKNIFTY-III.NFO,18/11/2024,09:27:45,50928.2,50920.05,30,50937.5,75,0,109860
BANKNIFTY-III.NFO,18/11/2024,09:27:47,50928.2,50915.3,15,50932.5,75,0,109860
BANKNIFTY-III.NFO,18/11/2024,09:27:49,50928.2,50916.1,30,50937.95,30,0,109860
BANKNIFTY-III.NFO,18/11/2024,09:27:50,50928.2,50912.45,15,50930,75,0,109860
BANKNIFTY-III.NFO,18/11/2024,09:27:52,50928.2,50911.3,15,50929.4,105,0,109860
BANKNIFTY-III.NFO,18/11/2024,09:27:54,50928.2,50911,60,50930.5,75,0,109860
BANKNIFTY-III.NFO,18/11/2024,09:27:55,50928.2,50904.4,15,50923.25,90,0,109860
BANKNIFTY-III.NFO,18/11/2024,09:27:57,50928.2,50905.6,30,50925.6,75,0,109860
BANKNIFTY-III.NFO,18/11/2024,09:27:59,50928.2,50909.65,30,50929.1,75,0,109860
BANKNIFTY-III.NFO,18/11/2024,09:28:00,50928.2,50916,15,50934.95,75,0,109860
BANKNIFTY-III.NFO,18/11/2024,09:28:02,50928.2,50919.85,30,50938.55,75,0,109860
BANKNIFTY-III.NFO,18/11/2024,09:28:04,50928.2,50924.25,45,50942.75,75,0,109860
BANKNIFTY-III.NFO,18/11/2024,09:28:05,50928.2,50928.35,30,50947.45,75,0,109860
BANKNIFTY-III.NFO,18/11/2024,09:28:07,50928.2,50935.95,15,50950,45,0,109860
BANKNIFTY-III.NFO,18/11/2024,09:28:09,50928.2,50945.3,300,50950,45,0,109860
BANKNIFTY-III.NFO,18/11/2024,09:28:10,50950,50944.45,15,50955,15,45,109800
BANKNIFTY-III.NFO,18/11/2024,09:28:12,50940.55,50943.75,30,50955,15,15,109800
BANKNIFTY-III.NFO,18/11/2024,09:28:13,50940.55,50942.2,15,50955,15,0,109800
BANKNIFTY-III.NFO,18/11/2024,09:28:15,50940.55,50941.1,15,50955,15,0,109800
BANKNIFTY-III.NFO,18/11/2024,09:28:17,50940.55,50943.9,15,50955,15,0,109800
BANKNIFTY-III.NFO,18/11/2024,09:28:18,50940.55,50940.6,30,50955,15,0,109800
BANKNIFTY-III.NFO,18/11/2024,09:28:20,50940.55,50939.65,15,50954.95,105,0,109800
BANKNIFTY-III.NFO,18/11/2024,09:28:22,50940.55,50937.55,30,50954.55,105,0,109800
BANKNIFTY-III.NFO,18/11/2024,09:28:23,50940.55,50940.55,15,50954.45,60,0,109800
BANKNIFTY-III.NFO,18/11/2024,09:28:25,50940.55,50940.55,15,50947.3,60,0,109800
BANKNIFTY-III.NFO,18/11/2024,09:28:27,50940.55,50927.45,30,50947.1,60,15,109800
BANKNIFTY-III.NFO,18/11/2024,09:28:28,50940.55,50927.5,15,50945,60,0,109800
BANKNIFTY-III.NFO,18/11/2024,09:28:30,50940.55,50942,15,50951.95,75,0,109800
BANKNIFTY-III.NFO,18/11/2024,09:28:32,50940.55,50944.9,30,50955,15,0,109800
BANKNIFTY-III.NFO,18/11/2024,09:28:33,50940.55,50944.9,15,50955,15,0,109800
BANKNIFTY-III.NFO,18/11/2024,09:28:35,50940.55,50942,15,50954.85,60,0,109800
BANKNIFTY-III.NFO,18/11/2024,09:28:37,50954.95,50942.05,15,50955,15,15,109800
BANKNIFTY-III.NFO,18/11/2024,09:28:38,50954.95,50950,810,50955,15,0,109800
BANKNIFTY-III.NFO,18/11/2024,09:28:40,50954.95,50950.05,15,50955,15,0,109800
BANKNIFTY-III.NFO,18/11/2024,09:28:45,50954.95,50950,810,50955,15,0,109800
BANKNIFTY-III.NFO,18/11/2024,09:28:48,50954.95,50950,810,50954.95,60,0,109800
BANKNIFTY-III.NFO,18/11/2024,09:28:50,50954.95,50950,825,50955,15,0,109800
BANKNIFTY-III.NFO,18/11/2024,09:28:55,50954.95,50950,15,50955,15,0,109800
BANKNIFTY-III.NFO,18/11/2024,09:28:57,50954.95,50950,15,50954.95,60,0,109800
BANKNIFTY-III.NFO,18/11/2024,09:28:58,50942.2,50940,810,50942,45,30,109800
BANKNIFTY-III.NFO,18/11/2024,09:29:00,50942.2,50940,810,50942,45,0,109800
BANKNIFTY-III.NFO,18/11/2024,09:29:08,50940,50929.85,15,50942,45,810,109800
BANKNIFTY-III.NFO,18/11/2024,09:29:10,50940,50918.15,30,50935.65,45,0,109800
BANKNIFTY-III.NFO,18/11/2024,09:29:12,50940,50918.15,15,50933.8,75,0,109800
BANKNIFTY-III.NFO,18/11/2024,09:29:13,50940,50922.25,30,50938.45,45,0,109800
BANKNIFTY-III.NFO,18/11/2024,09:29:15,50940,50929.4,30,50942,45,0,109800
BANKNIFTY-III.NFO,18/11/2024,09:29:17,50940,50927.25,15,50942,60,0,109800
BANKNIFTY-III.NFO,18/11/2024,09:29:18,50940,50922.95,30,50938.55,15,0,109800
BANKNIFTY-III.NFO,18/11/2024,09:29:20,50940,50924.5,30,50940.8,15,0,109800
BANKNIFTY-III.NFO,18/11/2024,09:29:22,50940,50925.65,30,50940.8,30,0,109800
BANKNIFTY-III.NFO,18/11/2024,09:29:23,50940,50925.35,30,50939.75,30,0,109800
BANKNIFTY-III.NFO,18/11/2024,09:29:25,50940,50915,30,50931,60,0,109800
BANKNIFTY-III.NFO,18/11/2024,09:29:27,50940,50912.2,30,50928.95,30,0,109800
BANKNIFTY-III.NFO,18/11/2024,09:29:28,50940,50921.85,30,50938.6,75,0,109800
BANKNIFTY-III.NFO,18/11/2024,09:29:30,50940,50922.7,30,50938.35,45,0,109800
BANKNIFTY-III.NFO,18/11/2024,09:29:32,50940,50925.75,30,50941.8,30,0,109800
BANKNIFTY-III.NFO,18/11/2024,09:29:33,50940,50925.75,30,50941.45,60,0,109800
BANKNIFTY-III.NFO,18/11/2024,09:29:35,50940,50926.55,30,50941.55,30,0,109800
BANKNIFTY-III.NFO,18/11/2024,09:29:37,50940,50926.15,30,50942,45,0,109800
BANKNIFTY-III.NFO,18/11/2024,09:29:38,50940,50932.5,30,50942,45,0,109800
BANKNIFTY-III.NFO,18/11/2024,09:29:40,50940,50929.7,30,50942,45,0,109800
BANKNIFTY-III.NFO,18/11/2024,09:29:42,50940,50932.9,45,50942,45,0,109800
BANKNIFTY-III.NFO,18/11/2024,09:29:43,50940,50930.05,30,50942,45,0,109800
BANKNIFTY-III.NFO,18/11/2024,09:29:45,50937.15,50938.15,30,50942,45,30,109800
BANKNIFTY-III.NFO,18/11/2024,09:29:47,50942,50941,15,50942,30,15,109800
BANKNIFTY-III.NFO,18/11/2024,09:29:48,50942,50941.9,15,50955,15,30,109800
BANKNIFTY-III.NFO,18/11/2024,09:29:50,50942,50935.1,15,50950.95,75,0,109800
BANKNIFTY-III.NFO,18/11/2024,09:29:52,50942,50935.5,15,50951.65,75,15,109800
BANKNIFTY-III.NFO,18/11/2024,09:29:53,50942,50935.5,30,50953.05,15,0,109800
BANKNIFTY-III.NFO,18/11/2024,09:29:55,50942,50942.2,15,50955,15,0,109800
BANKNIFTY-III.NFO,18/11/2024,09:29:57,50942,50940.2,15,50954.95,60,0,109800
BANKNIFTY-III.NFO,18/11/2024,09:29:58,50942,50938.5,15,50953.5,75,0,109800
BANKNIFTY-III.NFO,18/11/2024,09:30:00,50942,50937.55,120,50953.4,75,0,109800
BANKNIFTY-III.NFO,18/11/2024,09:30:02,50942,50943.55,30,50955,15,0,109800
BANKNIFTY-III.NFO,18/11/2024,09:30:03,50942,50944.8,15,50955,15,0,109800
BANKNIFTY-III.NFO,18/11/2024,09:30:05,50942,50944.6,15,50955,15,0,109800
BANKNIFTY-III.NFO,18/11/2024,09:30:07,50942,50947.75,120,50955,15,0,109800
BANKNIFTY-III.NFO,18/11/2024,09:30:08,50942,50950.65,15,50955,15,0,109800
BANKNIFTY-III.NFO,18/11/2024,09:30:10,50942,50942.25,15,50955,15,0,109800
BANKNIFTY-III.NFO,18/11/2024,09:30:12,50955,50955,135,50964.75,75,15,109800
BANKNIFTY-III.NFO,18/11/2024,09:30:13,50955,50955,135,50963.8,105,0,109800
BANKNIFTY-III.NFO,18/11/2024,09:30:15,50955,50955,135,50963.75,75,0,109800
BANKNIFTY-III.NFO,18/11/2024,09:30:17,50955,50955,135,50967.5,60,0,109800
BANKNIFTY-III.NFO,18/11/2024,09:30:18,50955,50955.85,15,50971.25,60,0,109800
BANKNIFTY-III.NFO,18/11/2024,09:30:20,50955,50957.1,15,50973.65,60,0,109800
BANKNIFTY-III.NFO,18/11/2024,09:30:22,50957.9,50960.55,45,50978.95,75,15,109800
BANKNIFTY-III.NFO,18/11/2024,09:30:23,50977.05,50961.1,60,50982.05,30,195,109800
BANKNIFTY-III.NFO,18/11/2024,09:30:25,50961.05,50955.05,75,50972.1,75,75,109800
BANKNIFTY-III.NFO,18/11/2024,09:30:27,50961.05,50955.05,60,50970.1,75,0,109800
BANKNIFTY-III.NFO,18/11/2024,09:30:28,50961.05,50959.25,75,50976.45,75,0,109800
BANKNIFTY-III.NFO,18/11/2024,09:30:30,50962.95,50964.45,270,50979.35,30,90,110490
BANKNIFTY-III.NFO,18/11/2024,09:30:32,50970.8,50980,75,50988,150,15,110490
BANKNIFTY-III.NFO,18/11/2024,09:30:33,50970.8,50971.6,15,50986.8,30,0,110490
BANKNIFTY-III.NFO,18/11/2024,09:30:35,50970.8,50971.65,15,50986.45,60,0,110490
BANKNIFTY-III.NFO,18/11/2024,09:30:37,50970.9,50966.25,30,50987.75,60,15,110490
BANKNIFTY-III.NFO,18/11/2024,09:30:38,50970.9,50967.15,75,50982.85,75,0,110490
BANKNIFTY-III.NFO,18/11/2024,09:30:40,50970.9,50966.65,360,50984.6,75,0,110490
BANKNIFTY-III.NFO,18/11/2024,09:30:42,50988,50970.9,15,50982.6,60,135,110490
BANKNIFTY-III.NFO,18/11/2024,09:30:43,50988,50970.9,15,50984.4,60,0,110490
BANKNIFTY-III.NFO,18/11/2024,09:30:45,50988,50973.3,75,50988,135,0,110490
BANKNIFTY-III.NFO,18/11/2024,09:30:47,50988,50981.4,60,50988,135,0,110490
BANKNIFTY-III.NFO,18/11/2024,09:30:48,50988,50988.05,60,50999,105,135,110490
BANKNIFTY-III.NFO,18/11/2024,09:30:50,50999,50990.1,60,50999,75,30,110490
BANKNIFTY-III.NFO,18/11/2024,09:30:52,50986.65,50981.9,45,50997.5,30,90,110490
BANKNIFTY-III.NFO,18/11/2024,09:30:53,50986.65,50988.05,45,50999.95,60,0,110490
BANKNIFTY-III.NFO,18/11/2024,09:30:55,50999.95,50993.85,45,50999.95,30,30,110490
BANKNIFTY-III.NFO,18/11/2024,09:30:57,50999.95,50988.05,60,50999.95,30,0,110490
BANKNIFTY-III.NFO,18/11/2024,09:30:58,50999.95,50989.5,45,50999.95,15,15,110490
BANKNIFTY-III.NFO,18/11/2024,09:31:00,50999.95,50997.2,45,50999.95,15,0,110490
BANKNIFTY-III.NFO,18/11/2024,09:31:02,51000,51008.45,30,51035.8,60,150,110490
BANKNIFTY-III.NFO,18/11/2024,09:31:03,51000,51003.25,45,51025.95,60,0,110490
BANKNIFTY-III.NFO,18/11/2024,09:31:05,51000,50999.55,30,51018.25,75,0,110490
BANKNIFTY-III.NFO,18/11/2024,09:31:07,51000,50991.05,30,51010.2,75,0,110490
BANKNIFTY-III.NFO,18/11/2024,09:31:08,51000,50995.85,30,51013.3,105,0,110490
BANKNIFTY-III.NFO,18/11/2024,09:31:10,51000,50992.5,30,51012.85,60,0,110490
BANKNIFTY-III.NFO,18/11/2024,09:31:12,51000,50991.8,30,51008.2,60,0,110490
BANKNIFTY-III.NFO,18/11/2024,09:31:13,51000,51002.7,30,51017.8,90,0,110490
BANKNIFTY-III.NFO,18/11/2024,09:31:15,51000,51000,30,51016.85,75,0,110490
BANKNIFTY-III.NFO,18/11/2024,09:31:17,51000,51008.25,45,51024.1,60,0,110490
BANKNIFTY-III.NFO,18/11/2024,09:31:18,51019.3,51019.15,30,51036.2,60,15,110490
BANKNIFTY-III.NFO,18/11/2024,09:31:20,51030.15,51014.3,120,51030.2,45,15,110490
BANKNIFTY-III.NFO,18/11/2024,09:31:22,51030.15,51011.45,30,51031.1,60,0,110490
BANKNIFTY-III.NFO,18/11/2024,09:31:23,51030.15,51016.4,30,51030.3,30,0,110490
BANKNIFTY-III.NFO,18/11/2024,09:31:25,51030.15,51012.95,30,51029.5,75,0,110490
BANKNIFTY-III.NFO,18/11/2024,09:31:27,51030.15,51023,30,51037.25,60,0,110490
BANKNIFTY-III.NFO,18/11/2024,09:31:28,51030.15,51020.55,45,51039.65,75,0,110490
BANKNIFTY-III.NFO,18/11/2024,09:31:30,51030.15,51026.45,30,51047.2,75,0,110490
BANKNIFTY-III.NFO,18/11/2024,09:31:31,51030.15,51014.3,30,51042.7,60,0,110490
BANKNIFTY-III.NFO,18/11/2024,09:31:33,51030.15,51015.05,45,51028,15,0,110490
BANKNIFTY-III.NFO,18/11/2024,09:31:35,51030.15,51002.15,30,51019.85,75,0,110490
BANKNIFTY-III.NFO,18/11/2024,09:31:36,51030.15,51004.7,75,51023.55,75,0,110490
BANKNIFTY-III.NFO,18/11/2024,09:31:38,51030.15,51005,15,51020.75,75,0,110490
BANKNIFTY-III.NFO,18/11/2024,09:31:40,51016.45,51002.45,210,51004.5,150,45,110490
BANKNIFTY-III.NFO,18/11/2024,09:31:41,51004.5,51007.6,45,51026.2,60,150,110490
BANKNIFTY-III.NFO,18/11/2024,09:31:43,51004.5,51005.65,75,51022.8,45,0,110490
BANKNIFTY-III.NFO,18/11/2024,09:31:45,51004.5,50998,60,51016.3,60,0,110490
BANKNIFTY-III.NFO,18/11/2024,09:31:46,51004.5,51004,45,51023.5,60,0,110490
BANKNIFTY-III.NFO,18/11/2024,09:31:48,51004.5,51009.95,60,51027.95,60,0,110490
BANKNIFTY-III.NFO,18/11/2024,09:31:50,51004.5,51008.55,75,51026.25,45,0,110490
BANKNIFTY-III.NFO,18/11/2024,09:31:51,51004.5,51002.25,75,51018.55,60,0,110490
BANKNIFTY-III.NFO,18/11/2024,09:31:53,51002.35,51000.35,75,51018.65,75,15,110490
BANKNIFTY-III.NFO,18/11/2024,09:31:55,51002.35,51002.3,30,51020.35,75,0,110490
BANKNIFTY-III.NFO,18/11/2024,09:31:56,51002.35,50992.4,45,51014.2,60,0,110490
BANKNIFTY-III.NFO,18/11/2024,09:31:58,51002.35,50988,30,51005.3,105,0,110490
BANKNIFTY-III.NFO,18/11/2024,09:32:00,51002.35,50990.05,60,51008.9,75,0,110490
BANKNIFTY-III.NFO,18/11/2024,09:32:01,51002.35,50989.8,60,51003.35,30,0,110490
BANKNIFTY-III.NFO,18/11/2024,09:32:03,51002.35,50993.05,60,51013.8,60,0,110490
BANKNIFTY-III.NFO,18/11/2024,09:32:05,51002.35,51002.3,75,51019.95,75,0,110490
BANKNIFTY-III.NFO,18/11/2024,09:32:06,51002.35,50991.9,60,51011.3,60,0,110490
BANKNIFTY-III.NFO,18/11/2024,09:32:08,51002.35,50988.15,75,51008.25,75,0,110490
BANKNIFTY-III.NFO,18/11/2024,09:32:10,50988,50973,30,50998.45,75,15,110490
BANKNIFTY-III.NFO,18/11/2024,09:32:11,50988,50977.3,60,50993.05,30,0,110490
BANKNIFTY-III.NFO,18/11/2024,09:32:13,50988,50981.2,60,50998.35,60,0,110490
BANKNIFTY-III.NFO,18/11/2024,09:32:16,50988,50984.6,75,50998.35,30,0,110490
BANKNIFTY-III.NFO,18/11/2024,09:32:18,50988,50984.8,60,50998.35,30,0,110490
BANKNIFTY-III.NFO,18/11/2024,09:32:20,50988,50983.65,60,50998.3,60,0,110490
BANKNIFTY-III.NFO,18/11/2024,09:32:21,50988,50986.1,60,50998.35,30,0,110490
BANKNIFTY-III.NFO,18/11/2024,09:32:23,50975.75,50975.75,30,50999,60,30,110490
BANKNIFTY-III.NFO,18/11/2024,09:32:25,50975.75,50968.15,30,50994.1,60,0,110490
BANKNIFTY-III.NFO,18/11/2024,09:32:26,50975.75,50965.25,30,50986.3,60,0,110490
BANKNIFTY-III.NFO,18/11/2024,09:32:28,50975.75,50959.45,45,50976.9,60,0,110490
BANKNIFTY-III.NFO,18/11/2024,09:32:30,50975.75,50960.45,30,50977.7,60,0,110490
BANKNIFTY-III.NFO,18/11/2024,09:32:31,50975.75,50964.7,30,50983.1,75,0,110490
BANKNIFTY-III.NFO,18/11/2024,09:32:33,50975.75,50967.85,45,50985.45,75,0,110490
BANKNIFTY-III.NFO,18/11/2024,09:32:35,50975.75,50968.9,105,50987.35,105,0,110490
BANKNIFTY-III.NFO,18/11/2024,09:32:36,50975.75,50967.35,45,50985.1,60,0,110490
BANKNIFTY-III.NFO,18/11/2024,09:32:38,50975.75,50960.75,30,50978.55,75,0,110490
BANKNIFTY-III.NFO,18/11/2024,09:32:40,50975.75,50965,30,50975,15,0,110490
BANKNIFTY-III.NFO,18/11/2024,09:32:41,50975.75,50958.4,45,50974.6,75,0,110490
BANKNIFTY-III.NFO,18/11/2024,09:32:43,50975.75,50953.55,45,50972.4,75,0,110490
BANKNIFTY-III.NFO,18/11/2024,09:32:45,50975.75,50950.65,30,50969.3,75,0,110490
BANKNIFTY-III.NFO,18/11/2024,09:32:46,50975.75,50946.95,45,50965.05,60,0,110490
BANKNIFTY-III.NFO,18/11/2024,09:32:48,50975.75,50945.8,45,50964.75,75,0,110490
BANKNIFTY-III.NFO,18/11/2024,09:32:50,50975.75,50944.9,45,50963.1,75,0,110490
BANKNIFTY-III.NFO,18/11/2024,09:32:51,50975.75,50941.15,45,50957.55,60,0,110490
BANKNIFTY-III.NFO,18/11/2024,09:32:53,50975.75,50936.85,255,50954.3,75,0,110490
BANKNIFTY-III.NFO,18/11/2024,09:32:55,50975.75,50944.7,45,50962.25,105,0,110490
BANKNIFTY-III.NFO,18/11/2024,09:32:56,50975.75,50942.75,45,50959.95,75,0,110490
BANKNIFTY-III.NFO,18/11/2024,09:32:58,50975.75,50943.3,45,50962.6,60,0,110490
BANKNIFTY-III.NFO,18/11/2024,09:33:00,50975.75,50941.35,45,50959.9,75,0,110490
BANKNIFTY-III.NFO,18/11/2024,09:33:01,50975.75,50926.4,45,50946.85,60,0,110490
BANKNIFTY-III.NFO,18/11/2024,09:33:03,50975.75,50914.25,15,50935,60,0,110490
BANKNIFTY-III.NFO,18/11/2024,09:33:05,50975.75,50905.4,15,50925.2,60,0,110490
BANKNIFTY-III.NFO,18/11/2024,09:33:06,50975.75,50901.05,30,50920.3,75,0,110490
BANKNIFTY-III.NFO,18/11/2024,09:33:08,50975.75,50901.05,30,50917.85,60,0,110490
BANKNIFTY-III.NFO,18/11/2024,09:33:10,50975.75,50912,30,50933.1,75,0,110490
BANKNIFTY-III.NFO,18/11/2024,09:33:11,50975.75,50913.35,45,50933.5,75,0,110490
BANKNIFTY-III.NFO,18/11/2024,09:33:13,50975.75,50904.6,30,50923.65,60,0,110490
BANKNIFTY-III.NFO,18/11/2024,09:33:15,50975.75,50907.05,30,50927.2,75,0,110490
BANKNIFTY-III.NFO,18/11/2024,09:33:16,50975.75,50910.15,30,50929.9,75,0,110490
BANKNIFTY-III.NFO,18/11/2024,09:33:18,50928.5,50903.95,15,50930.1,60,180,110490
BANKNIFTY-III.NFO,18/11/2024,09:33:20,50928.5,50901,75,50920.6,60,0,110490
BANKNIFTY-III.NFO,18/11/2024,09:33:21,50928.5,50901,75,50918.95,90,0,110490
BANKNIFTY-III.NFO,18/11/2024,09:33:23,50901,50900.05,15,50912.8,75,105,110490
BANKNIFTY-III.NFO,18/11/2024,09:33:25,50901,50900.05,15,50915.7,105,0,110490
BANKNIFTY-III.NFO,18/11/2024,09:33:26,50901,50901,15,50914.15,75,0,110490
BANKNIFTY-III.NFO,18/11/2024,09:33:28,50901,50901,15,50908.5,75,0,110490
BANKNIFTY-III.NFO,18/11/2024,09:33:30,50901,50901,15,50911.85,60,0,110490
BANKNIFTY-III.NFO,18/11/2024,09:33:31,50901,50901,15,50910.6,75,0,110490
BANKNIFTY-III.NFO,18/11/2024,09:33:33,50901,50901,15,50915.1,105,0,110490
BANKNIFTY-III.NFO,18/11/2024,09:33:35,50900,50883.1,30,50903.8,105,45,110385
BANKNIFTY-III.NFO,18/11/2024,09:33:36,50900,50883.1,45,50903.75,75,0,110385
BANKNIFTY-III.NFO,18/11/2024,09:33:38,50900,50883.1,45,50905.95,75,0,110385
BANKNIFTY-III.NFO,18/11/2024,09:33:39,50900,50885.55,45,50904.75,75,0,110385
BANKNIFTY-III.NFO,18/11/2024,09:33:41,50900,50887.5,45,50907.15,75,0,110385
BANKNIFTY-III.NFO,18/11/2024,09:33:43,50900,50884.3,45,50905.65,75,0,110385
BANKNIFTY-III.NFO,18/11/2024,09:33:44,50900,50886.95,15,50905.95,30,0,110385
BANKNIFTY-III.NFO,18/11/2024,09:33:46,50900,50886.95,45,50906.55,75,0,110385
BANKNIFTY-III.NFO,18/11/2024,09:33:48,50900,50887.45,45,50908.1,105,0,110385
BANKNIFTY-III.NFO,18/11/2024,09:33:49,50907.15,50887.5,45,50913.8,60,15,110385
BANKNIFTY-III.NFO,18/11/2024,09:33:51,50913.8,50901.05,75,50923.05,45,30,110385
BANKNIFTY-III.NFO,18/11/2024,09:33:53,50913.8,50909.25,45,50929.05,30,0,110385
BANKNIFTY-III.NFO,18/11/2024,09:33:54,50913.8,50908.05,45,50926.95,75,0,110385
BANKNIFTY-III.NFO,18/11/2024,09:33:56,50913.8,50907.1,45,50928.2,60,0,110385
BANKNIFTY-III.NFO,18/11/2024,09:33:58,50913.8,50908.85,75,50931,60,0,110385
BANKNIFTY-III.NFO,18/11/2024,09:33:59,50913.8,50901.05,30,50913.75,60,0,110385
BANKNIFTY-III.NFO,18/11/2024,09:34:01,50913.8,50893.25,45,50912.75,105,0,110385
BANKNIFTY-III.NFO,18/11/2024,09:34:03,50913.8,50891.4,45,50910.7,75,0,110385
BANKNIFTY-III.NFO,18/11/2024,09:34:04,50913.8,50891.6,45,50912.1,60,0,110385
BANKNIFTY-III.NFO,18/11/2024,09:34:06,50913.8,50888.8,45,50908.65,75,0,110385
BANKNIFTY-III.NFO,18/11/2024,09:34:08,50913.8,50889.45,75,50910.85,60,0,110385
BANKNIFTY-III.NFO,18/11/2024,09:34:09,50913.8,50889.85,75,50911,60,0,110385
BANKNIFTY-III.NFO,18/11/2024,09:34:11,50913.8,50890.4,75,50911.2,105,0,110385
BANKNIFTY-III.NFO,18/11/2024,09:34:13,50913.8,50883.55,75,50906.05,60,0,110385
BANKNIFTY-III.NFO,18/11/2024,09:34:14,50913.8,50883.15,45,50905.75,60,0,110385
BANKNIFTY-III.NFO,18/11/2024,09:34:16,50913.8,50891.25,75,50913.3,60,0,110385
BANKNIFTY-III.NFO,18/11/2024,09:34:18,50898.65,50898.65,60,50913.8,15,15,110385
BANKNIFTY-III.NFO,18/11/2024,09:34:19,50898.65,50895.5,60,50913.8,15,0,110385
BANKNIFTY-III.NFO,18/11/2024,09:34:21,50895.5,50895.45,15,50913.8,15,30,110385
BANKNIFTY-III.NFO,18/11/2024,09:34:23,50895.5,50896.35,225,50913.8,15,0,110385
BANKNIFTY-III.NFO,18/11/2024,09:34:24,50895.5,50904.95,15,50913.8,15,0,110385
BANKNIFTY-III.NFO,18/11/2024,09:34:28,50895.5,50899.25,15,50913.75,60,0,110385
BANKNIFTY-III.NFO,18/11/2024,09:34:30,50895.5,50891.5,15,50911.55,75,0,110385
BANKNIFTY-III.NFO,18/11/2024,09:34:31,50895.5,50913,15,50913.8,15,0,110385
BANKNIFTY-III.NFO,18/11/2024,09:34:36,50900,50900,75,50911.7,60,45,110385
BANKNIFTY-III.NFO,18/11/2024,09:34:38,50900,50900,75,50913.15,75,0,110385
BANKNIFTY-III.NFO,18/11/2024,09:34:39,50900,50900,75,50913.75,60,0,110385
BANKNIFTY-III.NFO,18/11/2024,09:34:41,50900,50900,75,50910.7,60,0,110385
BANKNIFTY-III.NFO,18/11/2024,09:34:43,50900,50900,75,50908.3,75,0,110385
BANKNIFTY-III.NFO,18/11/2024,09:34:44,50900,50900,75,50904.95,105,0,110385
BANKNIFTY-III.NFO,18/11/2024,09:34:46,50900,50900,60,50906.4,75,15,110385
BANKNIFTY-III.NFO,18/11/2024,09:34:48,50900,50900,60,50903.6,75,0,110385
BANKNIFTY-III.NFO,18/11/2024,09:34:49,50900,50900,75,50913.8,15,0,110385
BANKNIFTY-III.NFO,18/11/2024,09:34:51,50900,50900,105,50913.8,15,0,110385
BANKNIFTY-III.NFO,18/11/2024,09:34:53,50900,50900,75,50913.8,15,0,110385
BANKNIFTY-III.NFO,18/11/2024,09:34:54,50913.8,50903.75,180,50917,15,15,110385
BANKNIFTY-III.NFO,18/11/2024,09:34:56,50917,50911.05,15,50928.6,75,15,110385
BANKNIFTY-III.NFO,18/11/2024,09:34:58,50911.3,50904.2,15,50924.9,15,15,110385
BANKNIFTY-III.NFO,18/11/2024,09:34:59,50911.3,50903.8,15,50922.75,75,0,110385
BANKNIFTY-III.NFO,18/11/2024,09:35:01,50911.3,50908,165,50928.2,30,0,110385
BANKNIFTY-III.NFO,18/11/2024,09:35:03,50911.3,50918.75,15,50936.75,60,0,110385
BANKNIFTY-III.NFO,18/11/2024,09:35:04,50911.3,50921.25,15,50936.9,30,0,110385
BANKNIFTY-III.NFO,18/11/2024,09:35:06,50911.3,50916.9,150,50936.65,75,0,110385
BANKNIFTY-III.NFO,18/11/2024,09:35:08,50911.3,50922.1,15,50938.85,60,0,110385
BANKNIFTY-III.NFO,18/11/2024,09:35:09,50911.3,50919.9,45,50942.6,60,0,110385
BANKNIFTY-III.NFO,18/11/2024,09:35:11,50911.3,50919.5,165,50936.85,60,0,110385
BANKNIFTY-III.NFO,18/11/2024,09:35:13,50911.3,50923.6,15,50939.5,60,0,110385
BANKNIFTY-III.NFO,18/11/2024,09:35:14,50911.3,50931.75,15,50949.4,75,0,110385
BANKNIFTY-III.NFO,18/11/2024,09:35:16,50911.3,50927.2,15,50940,15,0,110385
BANKNIFTY-III.NFO,18/11/2024,09:35:18,50911.3,50932.1,15,50940,15,0,110385
BANKNIFTY-III.NFO,18/11/2024,09:35:19,50911.3,50934.85,15,50940,15,0,110385
BANKNIFTY-III.NFO,18/11/2024,09:35:21,50911.3,50933.75,150,50940,15,0,110385
BANKNIFTY-III.NFO,18/11/2024,09:35:23,50911.3,50937.95,120,50940,15,0,110385
BANKNIFTY-III.NFO,18/11/2024,09:35:24,50940,50944.15,15,50962.1,75,15,110385
BANKNIFTY-III.NFO,18/11/2024,09:35:26,50940,50947.05,15,50968.3,60,0,110385
BANKNIFTY-III.NFO,18/11/2024,09:35:28,50940,50938.3,15,50957.55,75,0,110385
BANKNIFTY-III.NFO,18/11/2024,09:35:29,50940,50937.5,165,50952.85,60,0,110385
BANKNIFTY-III.NFO,18/11/2024,09:35:31,50937.75,50934.95,15,50957.55,75,15,110385
BANKNIFTY-III.NFO,18/11/2024,09:35:33,50937.75,50937.7,150,50956.45,60,0,110385
BANKNIFTY-III.NFO,18/11/2024,09:35:34,50937.75,50939.85,15,50956.5,60,0,110385
BANKNIFTY-III.NFO,18/11/2024,09:35:36,50937.75,50938.85,15,50956,60,0,110385
BANKNIFTY-III.NFO,18/11/2024,09:35:38,50957.55,50938.7,15,50955.05,60,15,110385
BANKNIFTY-III.NFO,18/11/2024,09:35:39,50957.55,50934.9,30,50951.35,75,0,110385
BANKNIFTY-III.NFO,18/11/2024,09:35:41,50957.55,50924.35,45,50945.15,75,0,110385
BANKNIFTY-III.NFO,18/11/2024,09:35:43,50957.55,50921.1,15,50939.55,75,0,110385
BANKNIFTY-III.NFO,18/11/2024,09:35:44,50957.55,50924.8,30,50942.05,105,0,110385
BANKNIFTY-III.NFO,18/11/2024,09:35:46,50957.55,50916.6,15,50936.15,60,0,110385
BANKNIFTY-III.NFO,18/11/2024,09:35:48,50957.55,50912.05,30,50930.05,75,0,110385
BANKNIFTY-III.NFO,18/11/2024,09:35:49,50957.55,50918.35,30,50934.65,60,0,110385
BANKNIFTY-III.NFO,18/11/2024,09:35:51,50957.55,50918.35,15,50935.85,75,0,110385
BANKNIFTY-III.NFO,18/11/2024,09:35:53,50957.55,50916.85,15,50935.55,75,0,110385
BANKNIFTY-III.NFO,18/11/2024,09:35:54,50957.55,50915.55,30,50931.8,60,0,110385
BANKNIFTY-III.NFO,18/11/2024,09:35:56,50957.55,50912,15,50926.8,75,0,110385
BANKNIFTY-III.NFO,18/11/2024,09:35:58,50957.55,50912,15,50919.65,60,0,110385
BANKNIFTY-III.NFO,18/11/2024,09:35:59,50957.55,50912,15,50916.9,60,0,110385
BANKNIFTY-III.NFO,18/11/2024,09:36:01,50957.55,50912,15,50918.95,90,0,110385
BANKNIFTY-III.NFO,18/11/2024,09:36:03,50957.55,50912.05,30,50930.8,75,0,110385
BANKNIFTY-III.NFO,18/11/2024,09:36:04,50957.55,50912,15,50923.1,60,0,110385
BANKNIFTY-III.NFO,18/11/2024,09:36:06,50957.55,50912,15,50920.45,75,0,110385
BANKNIFTY-III.NFO,18/11/2024,09:36:07,50912,50900,60,50911.85,75,15,110385
BANKNIFTY-III.NFO,18/11/2024,09:36:09,50912,50900,75,50911.4,75,0,110385
BANKNIFTY-III.NFO,18/11/2024,09:36:11,50912,50900,75,50914.1,105,0,110385
BANKNIFTY-III.NFO,18/11/2024,09:36:12,50912,50900,75,50911.15,105,0,110385
BANKNIFTY-III.NFO,18/11/2024,09:36:14,50912,50900,75,50909.8,75,0,110385
BANKNIFTY-III.NFO,18/11/2024,09:36:16,50900,50892.2,15,50913.25,60,150,110385
BANKNIFTY-III.NFO,18/11/2024,09:36:17,50900,50890.6,30,50908.25,75,0,110385
BANKNIFTY-III.NFO,18/11/2024,09:36:19,50900,50880.5,30,50899.8,75,0,110385
BANKNIFTY-III.NFO,18/11/2024,09:36:21,50900,50900,15,50903.55,60,0,110385
BANKNIFTY-III.NFO,18/11/2024,09:36:22,50900,50880.55,60,50899.25,60,15,110385
BANKNIFTY-III.NFO,18/11/2024,09:36:24,50900,50879.7,60,50898.1,75,0,110385
BANKNIFTY-III.NFO,18/11/2024,09:36:26,50900,50875.65,30,50893,90,0,110385
BANKNIFTY-III.NFO,18/11/2024,09:36:27,50897.45,50875.7,60,50894.75,45,150,110385
BANKNIFTY-III.NFO,18/11/2024,09:36:29,50897.45,50875,45,50892.35,45,0,110385
BANKNIFTY-III.NFO,18/11/2024,09:36:31,50870.75,50861.2,90,50880.8,45,75,110385
BANKNIFTY-III.NFO,18/11/2024,09:36:31,50870.75,50861.2,90,50880.8,45,0,110385
BANKNIFTY-III.NFO,18/11/2024,09:36:32,50870.75,50861.25,60,50879.75,60,0,110385
BANKNIFTY-III.NFO,18/11/2024,09:36:34,50870.75,50861.25,105,50880.1,45,0,110385
BANKNIFTY-III.NFO,18/11/2024,09:36:36,50870.75,50861.1,30,50871.15,45,0,110385
BANKNIFTY-III.NFO,18/11/2024,09:36:37,50870.75,50861.15,60,50870.75,15,0,110385
BANKNIFTY-III.NFO,18/11/2024,09:36:39,50870.75,50861.15,75,50870.75,15,0,110385
BANKNIFTY-III.NFO,18/11/2024,09:36:41,50870.75,50862.5,90,50886.9,45,15,110445
BANKNIFTY-III.NFO,18/11/2024,09:36:42,50890.4,50865.6,60,50890.4,45,15,110445
BANKNIFTY-III.NFO,18/11/2024,09:36:44,50890.4,50870.75,15,50883.25,30,0,110445
BANKNIFTY-III.NFO,18/11/2024,09:36:46,50890.4,50870.8,75,50887.95,30,0,110445
BANKNIFTY-III.NFO,18/11/2024,09:36:47,50890.4,50870.8,105,50890.55,45,0,110445
BANKNIFTY-III.NFO,18/11/2024,09:36:49,50890.4,50870.8,105,50888.65,30,0,110445
BANKNIFTY-III.NFO,18/11/2024,09:36:51,50890.4,50870.75,15,50878.2,45,0,110445
BANKNIFTY-III.NFO,18/11/2024,09:36:52,50870.75,50870,15,50874.7,45,15,110445
BANKNIFTY-III.NFO,18/11/2024,09:36:54,50870,50861.1,30,50878.2,45,15,110445
BANKNIFTY-III.NFO,18/11/2024,09:36:54,50870,50861.1,30,50878.2,45,0,110445
BANKNIFTY-III.NFO,18/11/2024,09:36:56,50870,50870.75,30,50877.05,30,0,110445
BANKNIFTY-III.NFO,18/11/2024,09:36:57,50870.75,50870.75,15,50875.05,30,15,110445
BANKNIFTY-III.NFO,18/11/2024,09:36:59,50870.75,50870.75,15,50880.35,30,0,110445
BANKNIFTY-III.NFO,18/11/2024,09:37:01,50870.75,50870.75,15,50875.95,60,0,110445
BANKNIFTY-III.NFO,18/11/2024,09:37:02,50870.75,50870.75,15,50878,30,0,110445
BANKNIFTY-III.NFO,18/11/2024,09:37:04,50870.75,50861.1,30,50873.6,60,15,110445
BANKNIFTY-III.NFO,18/11/2024,09:37:05,50870.75,50861.1,30,50868,30,0,110445
BANKNIFTY-III.NFO,18/11/2024,09:37:07,50861.1,50861.1,15,50871.75,30,15,110445
BANKNIFTY-III.NFO,18/11/2024,09:37:07,50861.1,50861.1,15,50871.75,30,0,110445
BANKNIFTY-III.NFO,18/11/2024,09:37:09,50861.1,50861.1,15,50870.7,30,0,110445
BANKNIFTY-III.NFO,18/11/2024,09:37:10,50861.1,50861.1,15,50870.1,30,0,110445
BANKNIFTY-III.NFO,18/11/2024,09:37:12,50861.15,50861.15,75,50870.75,210,15,110445
BANKNIFTY-III.NFO,18/11/2024,09:37:14,50870.75,50862,15,50870.75,195,15,110445
BANKNIFTY-III.NFO,18/11/2024,09:37:15,50870.75,50862.05,75,50870.75,195,0,110445
BANKNIFTY-III.NFO,18/11/2024,09:37:17,50870.75,50862.05,60,50870.75,195,0,110445
BANKNIFTY-III.NFO,18/11/2024,09:37:19,50870.75,50871,90,50896.8,45,210,110445
BANKNIFTY-III.NFO,18/11/2024,09:37:20,50870.75,50871.05,75,50893.4,60,0,110445
BANKNIFTY-III.NFO,18/11/2024,09:37:22,50870.75,50870.1,60,50890.45,45,0,110445
BANKNIFTY-III.NFO,18/11/2024,09:37:24,50870.75,50862.05,75,50879.4,45,0,110445
BANKNIFTY-III.NFO,18/11/2024,09:37:25,50870.75,50862.05,60,50875.2,45,0,110445
BANKNIFTY-III.NFO,18/11/2024,09:37:27,50870.75,50862,15,50873.75,30,0,110445
BANKNIFTY-III.NFO,18/11/2024,09:37:29,50862,50861.1,15,50867,45,15,110445
BANKNIFTY-III.NFO,18/11/2024,09:37:30,50862,50861.1,15,50869.7,60,0,110445
BANKNIFTY-III.NFO,18/11/2024,09:37:32,50862,50861.1,15,50872.25,45,0,110445
BANKNIFTY-III.NFO,18/11/2024,09:37:34,50862,50861.1,15,50873.7,45,0,110445
BANKNIFTY-III.NFO,18/11/2024,09:37:35,50862,50861.1,15,50872.45,45,0,110445
BANKNIFTY-III.NFO,18/11/2024,09:37:37,50862,50861.1,15,50878.4,60,0,110445
BANKNIFTY-III.NFO,18/11/2024,09:37:39,50862,50861.15,60,50875.05,30,0,110445
BANKNIFTY-III.NFO,18/11/2024,09:37:40,50862,50861.15,75,50880.1,60,0,110445
BANKNIFTY-III.NFO,18/11/2024,09:37:42,50880.7,50861.15,105,50878.7,45,15,110445
BANKNIFTY-III.NFO,18/11/2024,09:37:44,50880.7,50861.15,60,50876.6,60,0,110445
BANKNIFTY-III.NFO,18/11/2024,09:37:45,50880.7,50862.6,90,50883.15,30,0,110445
BANKNIFTY-III.NFO,18/11/2024,09:37:47,50880.7,50880.7,15,50891.4,30,0,110445
BANKNIFTY-III.NFO,18/11/2024,09:37:49,50880.7,50880.7,15,50893.1,30,0,110445
BANKNIFTY-III.NFO,18/11/2024,09:37:50,50880.75,50880.75,60,50896.8,75,30,110445
BANKNIFTY-III.NFO,18/11/2024,09:37:52,50880.75,50880.75,60,50893.85,30,0,110445
BANKNIFTY-III.NFO,18/11/2024,09:37:53,50880.75,50880.7,15,50897.9,60,15,110445
BANKNIFTY-III.NFO,18/11/2024,09:37:55,50880.75,50883.75,60,50902,45,0,110445
BANKNIFTY-III.NFO,18/11/2024,09:37:57,50880.75,50880.8,60,50901.65,60,0,110445
BANKNIFTY-III.NFO,18/11/2024,09:37:58,50880.75,50880.75,75,50896.55,75,0,110445
BANKNIFTY-III.NFO,18/11/2024,09:38:00,50880.75,50880.75,75,50897.25,30,0,110445
BANKNIFTY-III.NFO,18/11/2024,09:38:02,50880.75,50881.1,75,50899.85,30,15,110445
BANKNIFTY-III.NFO,18/11/2024,09:38:03,50881.1,50881.75,60,50902.45,75,15,110445
BANKNIFTY-III.NFO,18/11/2024,09:38:05,50881.1,50880.7,15,50896.3,75,0,110445
BANKNIFTY-III.NFO,18/11/2024,09:38:07,50881.1,50880.75,45,50895.9,90,0,110445
BANKNIFTY-III.NFO,18/11/2024,09:38:08,50881.1,50880.75,45,50898.25,75,0,110445
BANKNIFTY-III.NFO,18/11/2024,09:38:10,50881.1,50880.75,45,50894.95,60,0,110445
BANKNIFTY-III.NFO,18/11/2024,09:38:11,50881.1,50880.75,75,50898.4,30,0,110445
BANKNIFTY-III.NFO,18/11/2024,09:38:13,50881.1,50881.7,60,50901.6,30,0,110445
BANKNIFTY-III.NFO,18/11/2024,09:38:15,50881.1,50885.15,30,50904.3,75,0,110445
BANKNIFTY-III.NFO,18/11/2024,09:38:16,50881.1,50882.5,30,50902.1,75,0,110445
BANKNIFTY-III.NFO,18/11/2024,09:38:18,50881.1,50883.9,30,50899.8,30,0,110445
BANKNIFTY-III.NFO,18/11/2024,09:38:20,50881.1,50887.9,60,50907.05,75,0,110445
BANKNIFTY-III.NFO,18/11/2024,09:38:21,50881.1,50887.9,60,50904.95,30,0,110445
BANKNIFTY-III.NFO,18/11/2024,09:38:23,50881.1,50887.5,60,50905.65,30,0,110445
BANKNIFTY-III.NFO,18/11/2024,09:38:25,50881.1,50888.5,30,50906.1,30,0,110445
BANKNIFTY-III.NFO,18/11/2024,09:38:26,50881.1,50891.35,30,50911.65,75,0,110445
BANKNIFTY-III.NFO,18/11/2024,09:38:28,50881.1,50886.2,30,50903.85,60,0,110445
BANKNIFTY-III.NFO,18/11/2024,09:38:29,50881.1,50886.2,30,50905.7,30,0,110445
BANKNIFTY-III.NFO,18/11/2024,09:38:31,50881.1,50893.15,30,50911.2,60,0,110445
BANKNIFTY-III.NFO,18/11/2024,09:38:33,50881.1,50887.65,30,50906.2,75,0,110445
BANKNIFTY-III.NFO,18/11/2024,09:38:34,50881.1,50887.65,30,50906.4,75,0,110445
BANKNIFTY-III.NFO,18/11/2024,09:38:36,50881.1,50881.15,45,50898.05,105,0,110445
BANKNIFTY-III.NFO,18/11/2024,09:38:38,50881.1,50881.25,30,50899.65,75,0,110445
BANKNIFTY-III.NFO,18/11/2024,09:38:39,50881.1,50883.85,30,50887,15,0,110445
BANKNIFTY-III.NFO,18/11/2024,09:38:41,50881.1,50882.55,30,50887,15,0,110445
BANKNIFTY-III.NFO,18/11/2024,09:38:43,50881.1,50881.15,45,50887,15,0,110445
BANKNIFTY-III.NFO,18/11/2024,09:38:44,50880,50870,15,50879.85,60,75,110445
BANKNIFTY-III.NFO,18/11/2024,09:38:46,50880,50870,15,50884.95,75,0,110445
BANKNIFTY-III.NFO,18/11/2024,09:38:48,50880,50870,15,50884.3,75,0,110445
BANKNIFTY-III.NFO,18/11/2024,09:38:49,50870,50861.15,45,50878.7,75,15,110445
BANKNIFTY-III.NFO,18/11/2024,09:38:51,50870,50862.85,30,50882.7,60,0,110445
BANKNIFTY-III.NFO,18/11/2024,09:38:53,50870,50863.45,30,50882.35,105,0,110445
BANKNIFTY-III.NFO,18/11/2024,09:38:54,50870,50862.5,30,50880,60,0,110445
BANKNIFTY-III.NFO,18/11/2024,09:38:56,50870,50861.55,45,50878.75,105,0,110445
BANKNIFTY-III.NFO,18/11/2024,09:38:58,50870,50861.1,15,50874.2,105,0,110445
BANKNIFTY-III.NFO,18/11/2024,09:38:59,50870,50861.1,15,50872.25,60,0,110445
BANKNIFTY-III.NFO,18/11/2024,09:39:01,50860,50855,15,50859.05,60,60,110445
BANKNIFTY-III.NFO,18/11/2024,09:39:01,50860,50855,15,50859.05,60,0,110445
BANKNIFTY-III.NFO,18/11/2024,09:39:03,50860,50855,15,50864.55,60,0,110445
BANKNIFTY-III.NFO,18/11/2024,09:39:04,50860,50855,15,50856.35,60,0,110445
BANKNIFTY-III.NFO,18/11/2024,09:39:06,50856.35,50851,15,50856.35,60,30,110445
BANKNIFTY-III.NFO,18/11/2024,09:39:06,50855,50851,15,50856.35,60,0,110445
BANKNIFTY-III.NFO,18/11/2024,09:39:08,50856.35,50851,15,50859.1,60,0,110445
BANKNIFTY-III.NFO,18/11/2024,09:39:09,50856.35,50851,15,50858.25,75,0,110445
BANKNIFTY-III.NFO,18/11/2024,09:39:11,50850,50850,90,50850.25,60,90,110445
BANKNIFTY-III.NFO,18/11/2024,09:39:11,50850,50850,90,50850.25,60,0,110445
BANKNIFTY-III.NFO,18/11/2024,09:39:13,50850,50850,90,50859.4,60,0,110445
BANKNIFTY-III.NFO,18/11/2024,09:39:14,50850,50850,90,50857.55,60,0,110445
BANKNIFTY-III.NFO,18/11/2024,09:39:16,50850,50850,75,50860.1,60,15,110445
BANKNIFTY-III.NFO,18/11/2024,09:39:18,50850,50850,75,50853.4,75,0,110445
BANKNIFTY-III.NFO,18/11/2024,09:39:19,50850,50850,60,50852.4,75,15,110445
BANKNIFTY-III.NFO,18/11/2024,09:39:21,50850,50829.6,45,50847.25,60,60,110445
BANKNIFTY-III.NFO,18/11/2024,09:39:23,50850,50850,15,50854.4,75,0,110445
BANKNIFTY-III.NFO,18/11/2024,09:39:24,50849.95,50831.65,45,50849.05,75,30,110445
BANKNIFTY-III.NFO,18/11/2024,09:39:24,50849.95,50831.65,45,50849.05,75,0,110445
BANKNIFTY-III.NFO,18/11/2024,09:39:26,50849.95,50834.75,45,50852.4,75,0,110445
BANKNIFTY-III.NFO,18/11/2024,09:39:28,50849.95,50832.35,30,50849.45,60,0,110445
BANKNIFTY-III.NFO,18/11/2024,09:39:29,50828.9,50830.25,60,50848.8,60,15,110445
BANKNIFTY-III.NFO,18/11/2024,09:39:29,50828.9,50830.25,60,50848.8,60,0,110445
BANKNIFTY-III.NFO,18/11/2024,09:39:31,50828.9,50832.45,75,50849.55,105,0,110445
BANKNIFTY-III.NFO,18/11/2024,09:39:33,50828.9,50830.3,75,50847.5,75,0,110445
BANKNIFTY-III.NFO,18/11/2024,09:39:34,50828.9,50831.3,60,50850.25,75,0,110445
BANKNIFTY-III.NFO,18/11/2024,09:39:36,50828.9,50833.15,75,50853.5,60,0,110445
BANKNIFTY-III.NFO,18/11/2024,09:39:38,50828.9,50828.95,60,50846.25,60,0,110445
BANKNIFTY-III.NFO,18/11/2024,09:39:39,50828.9,50833.95,75,50853.5,60,0,110445
BANKNIFTY-III.NFO,18/11/2024,09:39:41,50828.9,50840.7,90,50857.55,30,0,110445
BANKNIFTY-III.NFO,18/11/2024,09:39:43,50828.9,50834.5,60,50853.55,60,0,110445
BANKNIFTY-III.NFO,18/11/2024,09:39:44,50828.9,50829.3,60,50848.6,45,0,110445
BANKNIFTY-III.NFO,18/11/2024,09:39:46,50830,50829.1,75,50840,15,30,110355
BANKNIFTY-III.NFO,18/11/2024,09:39:48,50828.9,50817.8,75,50835.45,105,15,110355
BANKNIFTY-III.NFO,18/11/2024,09:39:49,50828.9,50820.15,75,50840,30,0,110355
BANKNIFTY-III.NFO,18/11/2024,09:39:51,50828.9,50827.75,75,50840,15,0,110355
BANKNIFTY-III.NFO,18/11/2024,09:39:54,50828.9,50825.95,75,50840,15,0,110355
BANKNIFTY-III.NFO,18/11/2024,09:39:56,50828.9,50828.55,60,50840,15,0,110355
BANKNIFTY-III.NFO,18/11/2024,09:39:58,50828.9,50827.6,75,50840,15,0,110355
BANKNIFTY-III.NFO,18/11/2024,09:39:59,50828.9,50828.95,60,50840,15,0,110355
BANKNIFTY-III.NFO,18/11/2024,09:40:01,50828.9,50829.75,90,50840,15,0,110355
BANKNIFTY-III.NFO,18/11/2024,09:40:02,50828.9,50828.9,15,50840,15,0,110355
BANKNIFTY-III.NFO,18/11/2024,09:40:04,50828.9,50828.9,15,50838.55,75,0,110355
BANKNIFTY-III.NFO,18/11/2024,09:40:06,50828.9,50828.9,15,50834.1,75,0,110355
BANKNIFTY-III.NFO,18/11/2024,09:40:07,50818.45,50817.75,30,50832.05,75,30,110355
BANKNIFTY-III.NFO,18/11/2024,09:40:07,50818.45,50817.75,30,50832.05,75,0,110355
BANKNIFTY-III.NFO,18/11/2024,09:40:09,50818.45,50810.6,60,50830.65,60,0,110355
BANKNIFTY-III.NFO,18/11/2024,09:40:11,50818.45,50829,15,50836.7,90,0,110355
BANKNIFTY-III.NFO,18/11/2024,09:40:12,50818.45,50829,15,50836.4,60,0,110355
BANKNIFTY-III.NFO,18/11/2024,09:40:14,50829,50814.45,60,50828,15,15,110355
BANKNIFTY-III.NFO,18/11/2024,09:40:15,50828,50815.95,60,50835.25,75,15,110355
BANKNIFTY-III.NFO,18/11/2024,09:40:17,50828,50825,60,50828.9,15,0,110355
BANKNIFTY-III.NFO,18/11/2024,09:40:19,50828,50825,60,50828.85,60,0,110355
BANKNIFTY-III.NFO,18/11/2024,09:40:20,50825,50825,45,50828.9,15,15,110355
BANKNIFTY-III.NFO,18/11/2024,09:40:22,50825,50825,45,50828.9,15,0,110355
BANKNIFTY-III.NFO,18/11/2024,09:40:24,50840,50836,45,50858.3,75,30,110355
BANKNIFTY-III.NFO,18/11/2024,09:40:25,50840,50840.8,60,50861.55,30,0,110355
BANKNIFTY-III.NFO,18/11/2024,09:40:27,50840,50849.1,45,50867,90,0,110355
BANKNIFTY-III.NFO,18/11/2024,09:40:28,50840,50843.4,60,50860.7,60,0,110355
BANKNIFTY-III.NFO,18/11/2024,09:40:30,50840,50841.45,45,50858.85,75,0,110355
BANKNIFTY-III.NFO,18/11/2024,09:40:32,50840,50840.75,45,50859.2,75,0,110355
BANKNIFTY-III.NFO,18/11/2024,09:40:33,50840,50838.5,60,50856.35,75,0,110355
BANKNIFTY-III.NFO,18/11/2024,09:40:35,50840,50840,60,50858.25,75,0,110355
BANKNIFTY-III.NFO,18/11/2024,09:40:37,50840,50840.65,45,50858.4,60,0,110355
BANKNIFTY-III.NFO,18/11/2024,09:40:38,50840,50836.45,45,50855.7,60,0,110355
BANKNIFTY-III.NFO,18/11/2024,09:40:40,50839,50836.65,45,50854.05,90,15,110355
BANKNIFTY-III.NFO,18/11/2024,09:40:42,50839,50830.3,45,50848.15,90,0,110355
BANKNIFTY-III.NFO,18/11/2024,09:40:43,50839,50825.2,60,50843.25,60,0,110355
BANKNIFTY-III.NFO,18/11/2024,09:40:45,50839,50825,45,50837.05,60,0,110355
BANKNIFTY-III.NFO,18/11/2024,09:40:47,50839,50826.45,60,50843.7,75,0,110355
BANKNIFTY-III.NFO,18/11/2024,09:40:48,50839,50825.05,60,50843.15,75,0,110355
BANKNIFTY-III.NFO,18/11/2024,09:40:50,50839,50825,45,50837.5,60,0,110355
BANKNIFTY-III.NFO,18/11/2024,09:40:52,50839,50825,45,50836.55,90,0,110355
BANKNIFTY-III.NFO,18/11/2024,09:40:53,50839,50825,45,50838.3,75,0,110355
BANKNIFTY-III.NFO,18/11/2024,09:40:55,50839,50825,45,50837.15,90,0,110355
BANKNIFTY-III.NFO,18/11/2024,09:40:57,50839,50826.55,45,50842.95,60,0,110355
BANKNIFTY-III.NFO,18/11/2024,09:40:58,50839,50825,45,50839.05,75,0,110355
BANKNIFTY-III.NFO,18/11/2024,09:41:00,50839,50825,45,50834.6,60,0,110355
BANKNIFTY-III.NFO,18/11/2024,09:41:02,50839,50825,60,50841.05,75,0,110355
BANKNIFTY-III.NFO,18/11/2024,09:41:03,50839,50825,45,50837.2,75,0,110355
BANKNIFTY-III.NFO,18/11/2024,09:41:05,50839,50825,45,50835.9,150,0,110355
BANKNIFTY-III.NFO,18/11/2024,09:41:07,50839,50825,45,50835.25,75,0,110355
BANKNIFTY-III.NFO,18/11/2024,09:41:08,50825,50825,15,50829.85,60,30,110355
BANKNIFTY-III.NFO,18/11/2024,09:41:10,50825,50825,15,50828.1,60,0,110355
BANKNIFTY-III.NFO,18/11/2024,09:41:12,50825,50820,15,50826.05,60,15,110355
BANKNIFTY-III.NFO,18/11/2024,09:41:13,50805.05,50805.05,45,50812.15,60,30,110355
BANKNIFTY-III.NFO,18/11/2024,09:41:13,50805.05,50805.05,45,50812.15,60,0,110355
BANKNIFTY-III.NFO,18/11/2024,09:41:15,50805.05,50805.05,30,50814.3,75,15,110355
BANKNIFTY-III.NFO,18/11/2024,09:41:17,50805.05,50810.2,45,50825,15,0,110355
BANKNIFTY-III.NFO,18/11/2024,09:41:18,50825,50815.1,45,50834,15,15,110355
BANKNIFTY-III.NFO,18/11/2024,09:41:20,50825,50814,45,50828.05,75,0,110355
BANKNIFTY-III.NFO,18/11/2024,09:41:22,50825,50817.4,45,50833.95,60,0,110355
BANKNIFTY-III.NFO,18/11/2024,09:41:23,50825,50826.95,60,50834,15,0,110355
BANKNIFTY-III.NFO,18/11/2024,09:41:25,50825,50825,15,50834,15,0,110355
BANKNIFTY-III.NFO,18/11/2024,09:41:30,50825,50827.1,60,50834,15,0,110355
BANKNIFTY-III.NFO,18/11/2024,09:41:32,50825,50825.7,45,50834,15,0,110355
BANKNIFTY-III.NFO,18/11/2024,09:41:33,50825,50825.05,60,50834,15,0,110355
BANKNIFTY-III.NFO,18/11/2024,09:41:35,50825,50827.05,60,50834,15,0,110355
BANKNIFTY-III.NFO,18/11/2024,09:41:37,50834,50835.15,60,50854.8,45,15,110355
BANKNIFTY-III.NFO,18/11/2024,09:41:38,50834,50839.65,45,50857.35,60,0,110355
BANKNIFTY-III.NFO,18/11/2024,09:41:40,50835.25,50833.6,45,50851,45,15,110355
BANKNIFTY-III.NFO,18/11/2024,09:41:42,50835.25,50842.9,30,50862.7,75,0,110355
BANKNIFTY-III.NFO,18/11/2024,09:41:43,50859.25,50850,15,50862.75,60,15,110355
BANKNIFTY-III.NFO,18/11/2024,09:41:45,50859.25,50850,30,50867,60,0,110355
BANKNIFTY-III.NFO,18/11/2024,09:41:47,50859.25,50850.05,45,50864.4,90,0,110355
BANKNIFTY-III.NFO,18/11/2024,09:41:48,50859.25,50850,15,50860,15,0,110355
BANKNIFTY-III.NFO,18/11/2024,09:41:50,50860,50850,15,50862.65,75,15,110355
BANKNIFTY-III.NFO,18/11/2024,09:41:52,50860,50850.05,45,50866.15,105,0,110355
BANKNIFTY-III.NFO,18/11/2024,09:41:53,50860,50851.35,75,50869.65,60,0,110355
BANKNIFTY-III.NFO,18/11/2024,09:41:55,50860,50859.55,45,50875.5,75,0,110355
BANKNIFTY-III.NFO,18/11/2024,09:41:56,50860,50854.1,60,50872.3,75,0,110355
BANKNIFTY-III.NFO,18/11/2024,09:41:58,50860,50853.05,45,50872.4,45,0,110355
BANKNIFTY-III.NFO,18/11/2024,09:42:00,50860,50858,45,50876.75,60,0,110355
BANKNIFTY-III.NFO,18/11/2024,09:42:01,50860,50860.75,45,50882.1,75,0,110355
BANKNIFTY-III.NFO,18/11/2024,09:42:03,50860,50861.55,45,50878.85,75,0,110355
BANKNIFTY-III.NFO,18/11/2024,09:42:05,50860,50867.9,75,50885.45,60,0,110355
BANKNIFTY-III.NFO,18/11/2024,09:42:06,50860,50863.45,45,50881.25,75,0,110355
BANKNIFTY-III.NFO,18/11/2024,09:42:08,50860,50871.5,45,50889.65,75,0,110355
BANKNIFTY-III.NFO,18/11/2024,09:42:10,50860,50880.8,45,50899.55,105,0,110355
BANKNIFTY-III.NFO,18/11/2024,09:42:11,50860,50877.1,60,50895.5,60,0,110355
BANKNIFTY-III.NFO,18/11/2024,09:42:13,50860,50867.75,60,50886.15,30,0,110355
BANKNIFTY-III.NFO,18/11/2024,09:42:15,50860,50864,60,50881.1,75,0,110355
BANKNIFTY-III.NFO,18/11/2024,09:42:16,50860,50859.95,30,50873.45,60,0,110355
BANKNIFTY-III.NFO,18/11/2024,09:42:18,50860,50850,585,50855.6,75,0,110355
BANKNIFTY-III.NFO,18/11/2024,09:42:20,50850,50830.25,15,50843.45,105,585,110355
BANKNIFTY-III.NFO,18/11/2024,09:42:21,50850,50833.8,45,50855.5,75,0,110355
BANKNIFTY-III.NFO,18/11/2024,09:42:23,50850,50830.3,60,50850.3,60,0,110355
BANKNIFTY-III.NFO,18/11/2024,09:42:25,50850,50835.3,60,50854.3,75,0,110355
BANKNIFTY-III.NFO,18/11/2024,09:42:26,50850,50835.2,45,50852.95,60,0,110355
BANKNIFTY-III.NFO,18/11/2024,09:42:28,50850.55,50833.3,75,50850.55,45,45,110355
BANKNIFTY-III.NFO,18/11/2024,09:42:30,50850.55,50838.5,75,50857.65,30,0,110355
BANKNIFTY-III.NFO,18/11/2024,09:42:31,50850.55,50839.8,30,50854.55,45,0,110355
BANKNIFTY-III.NFO,18/11/2024,09:42:33,50850.55,50835.85,75,50852.65,75,0,110355
BANKNIFTY-III.NFO,18/11/2024,09:42:35,50850.55,50835.3,105,50853.45,75,0,110355
BANKNIFTY-III.NFO,18/11/2024,09:42:36,50850.55,50830.3,75,50846.65,45,0,110355
BANKNIFTY-III.NFO,18/11/2024,09:42:38,50846.65,50834.7,75,50853.55,30,15,110415
BANKNIFTY-III.NFO,18/11/2024,09:42:40,50846.65,50837.8,105,50855.9,30,0,110415
BANKNIFTY-III.NFO,18/11/2024,09:42:41,50846.65,50843.1,30,50850.55,15,0,110415
BANKNIFTY-III.NFO,18/11/2024,09:42:43,50846.65,50832.55,75,50850.2,60,0,110415
BANKNIFTY-III.NFO,18/11/2024,09:42:45,50846.65,50831.3,75,50849.1,30,0,110415
BANKNIFTY-III.NFO,18/11/2024,09:42:46,50846.65,50834.5,105,50850.55,30,0,110415
BANKNIFTY-III.NFO,18/11/2024,09:42:48,50846.65,50835.05,75,50850.55,15,0,110415
BANKNIFTY-III.NFO,18/11/2024,09:42:50,50835.05,50842.95,75,50850.55,15,15,110415
BANKNIFTY-III.NFO,18/11/2024,09:42:51,50835.05,50846.65,15,50850.55,15,0,110415
BANKNIFTY-III.NFO,18/11/2024,09:42:55,50835.05,50851,75,50869.95,30,0,110415
BANKNIFTY-III.NFO,18/11/2024,09:42:56,50835.05,50854.35,105,50871.95,45,0,110415
BANKNIFTY-III.NFO,18/11/2024,09:42:58,50835.05,50853.45,75,50871,45,0,110415
BANKNIFTY-III.NFO,18/11/2024,09:43:00,50835.05,50850.85,105,50867.9,75,0,110415
BANKNIFTY-III.NFO,18/11/2024,09:43:01,50835.05,50852.2,60,50869.65,30,0,110415
BANKNIFTY-III.NFO,18/11/2024,09:43:03,50835.05,50852.65,60,50869.6,30,0,110415
BANKNIFTY-III.NFO,18/11/2024,09:43:05,50835.05,50851.05,75,50869.2,45,0,110415
BANKNIFTY-III.NFO,18/11/2024,09:43:06,50835.05,50855.75,60,50872.85,45,0,110415
BANKNIFTY-III.NFO,18/11/2024,09:43:08,50835.05,50854.8,60,50875.85,30,0,110415
BANKNIFTY-III.NFO,18/11/2024,09:43:10,50835.05,50854.65,75,50872.9,45,0,110415
BANKNIFTY-III.NFO,18/11/2024,09:43:11,50835.05,50856.7,75,50876.2,15,0,110415
BANKNIFTY-III.NFO,18/11/2024,09:43:13,50835.05,50861.6,105,50880.35,15,0,110415
BANKNIFTY-III.NFO,18/11/2024,09:43:15,50835.05,50852,60,50871.3,30,0,110415
BANKNIFTY-III.NFO,18/11/2024,09:43:16,50835.05,50847.95,60,50867.7,45,0,110415
BANKNIFTY-III.NFO,18/11/2024,09:43:18,50835.05,50854.75,60,50875.65,45,0,110415
BANKNIFTY-III.NFO,18/11/2024,09:43:20,50835.05,50859.95,90,50877.7,30,0,110415
BANKNIFTY-III.NFO,18/11/2024,09:43:21,50835.05,50864.05,60,50882.6,45,0,110415
BANKNIFTY-III.NFO,18/11/2024,09:43:23,50835.05,50862,60,50881.1,30,0,110415
BANKNIFTY-III.NFO,18/11/2024,09:43:25,50835.05,50862.75,60,50881.1,45,0,110415
BANKNIFTY-III.NFO,18/11/2024,09:43:26,50835.05,50867.1,75,50885.65,45,0,110415
BANKNIFTY-III.NFO,18/11/2024,09:43:28,50835.05,50861.6,75,50880.9,60,0,110415
BANKNIFTY-III.NFO,18/11/2024,09:43:30,50835.05,50859.25,60,50877.85,30,0,110415
BANKNIFTY-III.NFO,18/11/2024,09:43:31,50835.05,50857.8,60,50877.8,30,0,110415
BANKNIFTY-III.NFO,18/11/2024,09:43:33,50835.05,50850.05,75,50869.95,30,0,110415
BANKNIFTY-III.NFO,18/11/2024,09:43:35,50835.05,50845.4,60,50866.25,30,0,110415
BANKNIFTY-III.NFO,18/11/2024,09:43:36,50835.05,50845.05,15,50862.8,45,0,110415
BANKNIFTY-III.NFO,18/11/2024,09:43:38,50835.05,50845,60,50862.95,45,0,110415
BANKNIFTY-III.NFO,18/11/2024,09:43:40,50835.05,50845,45,50859.05,45,0,110415
BANKNIFTY-III.NFO,18/11/2024,09:43:41,50835.05,50845.05,60,50854,15,0,110415
BANKNIFTY-III.NFO,18/11/2024,09:43:45,50835.05,50845,45,50854,15,0,110415
BANKNIFTY-III.NFO,18/11/2024,09:43:46,50835.05,50845.05,60,50854,15,0,110415
BANKNIFTY-III.NFO,18/11/2024,09:43:48,50854,50849.35,105,50867.3,30,15,110415
BANKNIFTY-III.NFO,18/11/2024,09:43:50,50872.9,50845,60,50862.6,30,15,110415
BANKNIFTY-III.NFO,18/11/2024,09:43:51,50872.9,50848.35,30,50864.4,30,0,110415
BANKNIFTY-III.NFO,18/11/2024,09:43:53,50872.9,50845,60,50862.85,15,0,110415
BANKNIFTY-III.NFO,18/11/2024,09:43:55,50872.9,50845,45,50857.25,30,0,110415
BANKNIFTY-III.NFO,18/11/2024,09:43:56,50872.9,50845.05,75,50862.95,30,0,110415
BANKNIFTY-III.NFO,18/11/2024,09:43:58,50872.9,50846.45,60,50865.85,45,0,110415
BANKNIFTY-III.NFO,18/11/2024,09:44:00,50872.9,50846.35,75,50865.35,15,0,110415
BANKNIFTY-III.NFO,18/11/2024,09:44:01,50872.9,50850,15,50860.3,30,0,110415
BANKNIFTY-III.NFO,18/11/2024,09:44:03,50872.9,50850,15,50859.85,30,0,110415
BANKNIFTY-III.NFO,18/11/2024,09:44:05,50872.9,50850,15,50857.95,15,0,110415
BANKNIFTY-III.NFO,18/11/2024,09:44:06,50872.9,50850,15,50854.25,15,0,110415
BANKNIFTY-III.NFO,18/11/2024,09:44:08,50872.9,50850,15,50856.85,30,0,110415
BANKNIFTY-III.NFO,18/11/2024,09:44:09,50872.9,50850,15,50858.35,15,0,110415
BANKNIFTY-III.NFO,18/11/2024,09:44:11,50872.9,50853.05,45,50872,15,0,110415
BANKNIFTY-III.NFO,18/11/2024,09:44:13,50872.9,50859.7,60,50880.45,15,0,110415
BANKNIFTY-III.NFO,18/11/2024,09:44:14,50872.9,50863.9,60,50882.65,15,0,110415
BANKNIFTY-III.NFO,18/11/2024,09:44:16,50863.9,50866.1,60,50872.9,15,30,110415
BANKNIFTY-III.NFO,18/11/2024,09:44:18,50872.9,50867.25,75,50886.15,45,15,110415
BANKNIFTY-III.NFO,18/11/2024,09:44:19,50872.9,50867.95,90,50886.15,45,0,110415
BANKNIFTY-III.NFO,18/11/2024,09:44:21,50872.9,50869.45,105,50887.5,90,0,110415
BANKNIFTY-III.NFO,18/11/2024,09:44:23,50872.9,50868.2,90,50886.25,45,0,110415
BANKNIFTY-III.NFO,18/11/2024,09:44:24,50883.3,50865.25,75,50883.35,45,60,110415
BANKNIFTY-III.NFO,18/11/2024,09:44:26,50883.3,50864.7,60,50883.3,30,0,110415
BANKNIFTY-III.NFO,18/11/2024,09:44:28,50883.3,50865.65,60,50882.9,30,0,110415
BANKNIFTY-III.NFO,18/11/2024,09:44:29,50882.9,50865.75,75,50885,45,15,110415
BANKNIFTY-III.NFO,18/11/2024,09:44:31,50882.9,50860.05,75,50880.15,30,0,110415
BANKNIFTY-III.NFO,18/11/2024,09:44:33,50882.9,50868.95,60,50889.6,15,0,110415
BANKNIFTY-III.NFO,18/11/2024,09:44:34,50882.9,50873.2,60,50892.4,45,0,110415
BANKNIFTY-III.NFO,18/11/2024,09:44:36,50882.9,50864.35,60,50884.6,30,0,110415
BANKNIFTY-III.NFO,18/11/2024,09:44:38,50882.9,50865.2,60,50883.55,30,0,110415
BANKNIFTY-III.NFO,18/11/2024,09:44:39,50882.9,50861,60,50881.15,30,0,110415
BANKNIFTY-III.NFO,18/11/2024,09:44:41,50882.9,50860.05,75,50878.2,45,0,110415
BANKNIFTY-III.NFO,18/11/2024,09:44:43,50882.9,50860.05,75,50879.3,30,0,110415
BANKNIFTY-III.NFO,18/11/2024,09:44:44,50860,50860,45,50874.9,30,15,110415
BANKNIFTY-III.NFO,18/11/2024,09:44:46,50860,50860,45,50865.65,15,0,110415
BANKNIFTY-III.NFO,18/11/2024,09:44:48,50860,50860,45,50875.4,30,0,110415
BANKNIFTY-III.NFO,18/11/2024,09:44:49,50860,50860,45,50873.5,45,0,110415
BANKNIFTY-III.NFO,18/11/2024,09:44:51,50860,50860,45,50874,45,0,110415
BANKNIFTY-III.NFO,18/11/2024,09:44:53,50860,50860,45,50875.7,45,0,110415
BANKNIFTY-III.NFO,18/11/2024,09:44:54,50860,50860,45,50870.6,90,0,110415
BANKNIFTY-III.NFO,18/11/2024,09:44:56,50860,50860,45,50870.45,45,15,110415
BANKNIFTY-III.NFO,18/11/2024,09:44:58,50860,50860,45,50865.5,90,0,110415
BANKNIFTY-III.NFO,18/11/2024,09:44:59,50860,50860,30,50865.6,45,15,110415
BANKNIFTY-III.NFO,18/11/2024,09:45:01,50860,50860,30,50861.05,30,0,110415
BANKNIFTY-III.NFO,18/11/2024,09:45:03,50860,50860,30,50864.25,105,0,110415
BANKNIFTY-III.NFO,18/11/2024,09:45:04,50860,50860,30,50864.7,30,0,110415
BANKNIFTY-III.NFO,18/11/2024,09:45:06,50860,50860,30,50865.85,30,0,110415
BANKNIFTY-III.NFO,18/11/2024,09:45:08,50860,50860,15,50864.1,30,0,110415
BANKNIFTY-III.NFO,18/11/2024,09:45:09,50860,50860,30,50863.65,30,0,110415
BANKNIFTY-III.NFO,18/11/2024,09:45:11,50860,50860,30,50867.7,45,0,110415
BANKNIFTY-III.NFO,18/11/2024,09:45:12,50860,50860,15,50866.5,45,15,110415
BANKNIFTY-III.NFO,18/11/2024,09:45:14,50860,50860,15,50865.15,30,0,110415
BANKNIFTY-III.NFO,18/11/2024,09:45:16,50860,50860,15,50869.45,45,0,110415
BANKNIFTY-III.NFO,18/11/2024,09:45:17,50860,50860,15,50866.85,30,0,110415
BANKNIFTY-III.NFO,18/11/2024,09:45:21,50860,50860,15,50873.2,30,0,110415
BANKNIFTY-III.NFO,18/11/2024,09:45:22,50860,50860.05,75,50875,15,0,110415
BANKNIFTY-III.NFO,18/11/2024,09:45:24,50862.25,50860.05,75,50874.2,30,15,110415
BANKNIFTY-III.NFO,18/11/2024,09:45:26,50862.25,50861.7,75,50875,15,0,110415
BANKNIFTY-III.NFO,18/11/2024,09:45:27,50862.25,50861.3,75,50875,15,0,110415
BANKNIFTY-III.NFO,18/11/2024,09:45:29,50862.25,50860.05,60,50875,30,0,110415
BANKNIFTY-III.NFO,18/11/2024,09:45:31,50862.25,50860.65,75,50875,15,0,110415
BANKNIFTY-III.NFO,18/11/2024,09:45:32,50862.25,50862.15,75,50875,15,0,110415
BANKNIFTY-III.NFO,18/11/2024,09:45:34,50862.25,50863.25,75,50875,15,0,110415
BANKNIFTY-III.NFO,18/11/2024,09:45:36,50875,50874.75,75,50894.75,45,15,110400
BANKNIFTY-III.NFO,18/11/2024,09:45:37,50874.75,50875.7,60,50894.75,45,15,110400
BANKNIFTY-III.NFO,18/11/2024,09:45:39,50874.75,50872.75,75,50890.8,30,0,110400
BANKNIFTY-III.NFO,18/11/2024,09:45:41,50874.75,50870.6,60,50890.55,30,15,110400
BANKNIFTY-III.NFO,18/11/2024,09:45:42,50874.75,50875.4,60,50895.1,30,0,110400
BANKNIFTY-III.NFO,18/11/2024,09:45:44,50874.75,50872.05,60,50890.85,30,0,110400
BANKNIFTY-III.NFO,18/11/2024,09:45:46,50874.75,50866.75,60,50885.25,30,0,110400
BANKNIFTY-III.NFO,18/11/2024,09:45:47,50874.75,50866.1,60,50885.05,45,0,110400
BANKNIFTY-III.NFO,18/11/2024,09:45:49,50874.75,50870.15,60,50887.8,45,0,110400
BANKNIFTY-III.NFO,18/11/2024,09:45:51,50874.75,50872,60,50889.7,30,0,110400
BANKNIFTY-III.NFO,18/11/2024,09:45:52,50874.75,50874.2,60,50892.2,45,0,110400
BANKNIFTY-III.NFO,18/11/2024,09:45:54,50874.75,50874.1,60,50890.9,30,30,110400
BANKNIFTY-III.NFO,18/11/2024,09:45:56,50874.75,50870.2,60,50887.4,75,0,110400
BANKNIFTY-III.NFO,18/11/2024,09:45:57,50874.75,50869.45,60,50887.35,30,0,110400
BANKNIFTY-III.NFO,18/11/2024,09:45:59,50874.75,50872.9,60,50890.8,45,0,110400
BANKNIFTY-III.NFO,18/11/2024,09:46:01,50874.75,50876.6,60,50893.95,30,0,110400
BANKNIFTY-III.NFO,18/11/2024,09:46:02,50881.35,50876,60,50894.4,60,90,110400
BANKNIFTY-III.NFO,18/11/2024,09:46:04,50881.35,50877.3,75,50895.75,60,0,110400
BANKNIFTY-III.NFO,18/11/2024,09:46:06,50881.35,50880.7,75,50895.9,15,0,110400
BANKNIFTY-III.NFO,18/11/2024,09:46:07,50881.35,50881.6,75,50895.9,15,0,110400
BANKNIFTY-III.NFO,18/11/2024,09:46:09,50881.35,50885.2,60,50904.05,45,0,110400
BANKNIFTY-III.NFO,18/11/2024,09:46:11,50881.35,50883.05,75,50900.5,60,0,110400
BANKNIFTY-III.NFO,18/11/2024,09:46:12,50881.35,50881.4,75,50899.95,60,0,110400
BANKNIFTY-III.NFO,18/11/2024,09:46:14,50881.35,50890.65,60,50910.15,60,0,110400
BANKNIFTY-III.NFO,18/11/2024,09:46:15,50881.35,50886.4,60,50905.35,60,0,110400
BANKNIFTY-III.NFO,18/11/2024,09:46:17,50881.35,50890.5,75,50909.3,45,0,110400
BANKNIFTY-III.NFO,18/11/2024,09:46:19,50890.5,50889.35,75,50907.25,15,15,110400
BANKNIFTY-III.NFO,18/11/2024,09:46:20,50890.5,50885.5,90,50904.6,105,0,110400
BANKNIFTY-III.NFO,18/11/2024,09:46:22,50890.5,50887.7,105,50906.65,90,0,110400
BANKNIFTY-III.NFO,18/11/2024,09:46:23,50890.5,50896.5,75,50910.05,30,0,110400
BANKNIFTY-III.NFO,18/11/2024,09:46:25,50890.5,50899.6,105,50910.2,15,0,110400
BANKNIFTY-III.NFO,18/11/2024,09:46:27,50890.5,50899.25,90,50918.95,60,0,110400
BANKNIFTY-III.NFO,18/11/2024,09:46:28,50890.5,50897.65,75,50915.15,75,0,110400
BANKNIFTY-III.NFO,18/11/2024,09:46:30,50890.5,50906.45,60,50926.35,60,0,110400
BANKNIFTY-III.NFO,18/11/2024,09:46:32,50926.35,50906.7,105,50924.8,60,15,110400
BANKNIFTY-III.NFO,18/11/2024,09:46:33,50926.35,50906.7,105,50924.55,45,0,110400
BANKNIFTY-III.NFO,18/11/2024,09:46:35,50921.75,50899.75,60,50919.95,45,15,110400
BANKNIFTY-III.NFO,18/11/2024,09:46:37,50921.75,50891.05,60,50910.05,45,0,110400
BANKNIFTY-III.NFO,18/11/2024,09:46:38,50921.75,50892.95,60,50911.65,45,0,110400
BANKNIFTY-III.NFO,18/11/2024,09:46:40,50921.75,50895.4,60,50915.5,75,0,110400
BANKNIFTY-III.NFO,18/11/2024,09:46:42,50921.75,50887.15,60,50906.7,30,0,110400
BANKNIFTY-III.NFO,18/11/2024,09:46:43,50921.75,50890.7,60,50910.35,30,0,110400
BANKNIFTY-III.NFO,18/11/2024,09:46:45,50921.75,50889.1,75,50908.15,60,0,110400
BANKNIFTY-III.NFO,18/11/2024,09:46:47,50921.75,50888.35,60,50906.85,45,0,110400
BANKNIFTY-III.NFO,18/11/2024,09:46:48,50921.75,50889.7,60,50908.65,30,0,110400
BANKNIFTY-III.NFO,18/11/2024,09:46:50,50921.75,50896.05,60,50915.85,30,0,110400
BANKNIFTY-III.NFO,18/11/2024,09:46:52,50921.75,50898.1,60,50917.15,45,0,110400
BANKNIFTY-III.NFO,18/11/2024,09:46:53,50921.75,50890.7,60,50910.35,30,0,110400
BANKNIFTY-III.NFO,18/11/2024,09:46:55,50921.75,50894.25,75,50913.5,30,0,110400
BANKNIFTY-III.NFO,18/11/2024,09:46:57,50921.75,50890.85,60,50911.35,30,0,110400
BANKNIFTY-III.NFO,18/11/2024,09:46:58,50921.75,50890.25,75,50898,15,0,110400
BANKNIFTY-III.NFO,18/11/2024,09:47:00,50921.75,50889.15,75,50898,15,0,110400
BANKNIFTY-III.NFO,18/11/2024,09:47:02,50921.75,50892.5,75,50898,15,0,110400
BANKNIFTY-III.NFO,18/11/2024,09:47:03,50921.75,50884.25,75,50898,15,0,110400
BANKNIFTY-III.NFO,18/11/2024,09:47:05,50921.75,50888.45,75,50898,15,0,110400
BANKNIFTY-III.NFO,18/11/2024,09:47:06,50921.75,50875.4,75,50896.6,45,0,110400
BANKNIFTY-III.NFO,18/11/2024,09:47:08,50921.75,50878.65,90,50897.35,45,0,110400
BANKNIFTY-III.NFO,18/11/2024,09:47:10,50921.75,50883.75,15,50897.95,30,0,110400
BANKNIFTY-III.NFO,18/11/2024,09:47:11,50921.75,50882.8,105,50897.95,30,0,110400
BANKNIFTY-III.NFO,18/11/2024,09:47:13,50921.75,50883.4,75,50898,15,0,110400
BANKNIFTY-III.NFO,18/11/2024,09:47:15,50921.75,50874.6,75,50894.5,30,0,110400
BANKNIFTY-III.NFO,18/11/2024,09:47:16,50921.75,50879.55,75,50897.95,30,0,110400
BANKNIFTY-III.NFO,18/11/2024,09:47:18,50921.75,50886.35,60,50898,15,0,110400
BANKNIFTY-III.NFO,18/11/2024,09:47:20,50898,50893.3,105,50900,15,15,110400
BANKNIFTY-III.NFO,18/11/2024,09:47:21,50900,50905.95,75,50915,15,15,110400
BANKNIFTY-III.NFO,18/11/2024,09:47:23,50900,50903.9,75,50915,15,0,110400
BANKNIFTY-III.NFO,18/11/2024,09:47:25,50900,50907.9,75,50915,15,0,110400
BANKNIFTY-III.NFO,18/11/2024,09:47:26,50921.75,50924.6,60,50930,15,75,110400
BANKNIFTY-III.NFO,18/11/2024,09:47:28,50930,50928.25,30,50945.85,30,15,110400
BANKNIFTY-III.NFO,18/11/2024,09:47:30,50930,50934.1,60,50952.45,45,0,110400
BANKNIFTY-III.NFO,18/11/2024,09:47:31,50930,50937.4,30,50955.55,75,0,110400
BANKNIFTY-III.NFO,18/11/2024,09:47:33,50930,50931.9,60,50952.8,30,0,110400
BANKNIFTY-III.NFO,18/11/2024,09:47:34,50930,50930,30,50950.1,60,0,110400
BANKNIFTY-III.NFO,18/11/2024,09:47:36,50930,50922.8,75,50930,15,0,110400
BANKNIFTY-III.NFO,18/11/2024,09:47:38,50930,50916.65,75,50930,15,0,110400
BANKNIFTY-III.NFO,18/11/2024,09:47:39,50930,50915,60,50930,15,0,110400
BANKNIFTY-III.NFO,18/11/2024,09:47:41,50915,50917.7,75,50930,15,15,110400
BANKNIFTY-III.NFO,18/11/2024,09:47:43,50916.95,50920.7,60,50930,15,15,110400
BANKNIFTY-III.NFO,18/11/2024,09:47:44,50916.95,50920.35,60,50930,15,0,110400
BANKNIFTY-III.NFO,18/11/2024,09:47:46,50916.95,50920.25,105,50930,15,0,110400
BANKNIFTY-III.NFO,18/11/2024,09:47:48,50916.95,50918.9,75,50930,15,0,110400
BANKNIFTY-III.NFO,18/11/2024,09:47:49,50916.95,50926.95,60,50930,15,0,110400
BANKNIFTY-III.NFO,18/11/2024,09:47:51,50930,50927.6,60,50945.95,105,15,110400
BANKNIFTY-III.NFO,18/11/2024,09:47:53,50930,50928.15,60,50945.9,60,0,110400
BANKNIFTY-III.NFO,18/11/2024,09:47:54,50925.45,50925.45,60,50942.85,75,15,110400
BANKNIFTY-III.NFO,18/11/2024,09:47:56,50925.45,50937.55,45,50955.85,75,0,110400
BANKNIFTY-III.NFO,18/11/2024,09:47:58,50925.45,50930.3,30,50948.25,75,0,110400
BANKNIFTY-III.NFO,18/11/2024,09:47:59,50925.45,50926.1,45,50946.2,75,0,110400
BANKNIFTY-III.NFO,18/11/2024,09:48:01,50925.45,50930.4,45,50949,105,0,110400
BANKNIFTY-III.NFO,18/11/2024,09:48:03,50925.45,50926.1,45,50945.2,60,0,110400
BANKNIFTY-III.NFO,18/11/2024,09:48:04,50925.45,50927.95,60,50946.4,60,0,110400
BANKNIFTY-III.NFO,18/11/2024,09:48:06,50925.45,50935.25,45,50953.25,75,0,110400
BANKNIFTY-III.NFO,18/11/2024,09:48:08,50925.45,50925.65,60,50944.85,60,0,110400
BANKNIFTY-III.NFO,18/11/2024,09:48:09,50925.45,50920.6,60,50941.75,75,0,110400
BANKNIFTY-III.NFO,18/11/2024,09:48:11,50925.45,50915.85,60,50936.4,75,0,110400
BANKNIFTY-III.NFO,18/11/2024,09:48:13,50916.35,50915.55,45,50933.65,60,15,110400
BANKNIFTY-III.NFO,18/11/2024,09:48:14,50916.35,50915.5,30,50931.2,105,0,110400
BANKNIFTY-III.NFO,18/11/2024,09:48:16,50915.5,50915.5,15,50928.9,90,15,110400
BANKNIFTY-III.NFO,18/11/2024,09:48:18,50915.5,50915.5,30,50932,75,0,110400
BANKNIFTY-III.NFO,18/11/2024,09:48:19,50915.5,50916.25,30,50935.6,90,0,110400
BANKNIFTY-III.NFO,18/11/2024,09:48:21,50915.5,50915.5,15,50932.05,105,0,110400
BANKNIFTY-III.NFO,18/11/2024,09:48:23,50915.55,50915.55,30,50932.55,60,15,110400
BANKNIFTY-III.NFO,18/11/2024,09:48:24,50915.55,50915.5,15,50930.75,90,0,110400
BANKNIFTY-III.NFO,18/11/2024,09:48:26,50930.7,50904.95,45,50923.85,75,30,110400
BANKNIFTY-III.NFO,18/11/2024,09:48:27,50904.95,50903,30,50924,75,15,110400
BANKNIFTY-III.NFO,18/11/2024,09:48:29,50904.95,50902,30,50915,15,0,110400
BANKNIFTY-III.NFO,18/11/2024,09:48:31,50904.95,50908.65,75,50915,15,0,110400
BANKNIFTY-III.NFO,18/11/2024,09:48:32,50915,50913.55,30,50937.15,60,15,110550
BANKNIFTY-III.NFO,18/11/2024,09:48:34,50915,50925.35,30,50947.3,60,0,110550
BANKNIFTY-III.NFO,18/11/2024,09:48:36,50915,50936.15,30,50956.2,105,0,110550
BANKNIFTY-III.NFO,18/11/2024,09:48:37,50915,50964.1,45,50980,180,0,110550
BANKNIFTY-III.NFO,18/11/2024,09:48:39,50915,50967.35,15,50979.95,60,0,110550
BANKNIFTY-III.NFO,18/11/2024,09:48:41,50915,50969.2,30,50980,180,0,110550
BANKNIFTY-III.NFO,18/11/2024,09:48:42,50980,50969.7,30,50980,150,30,110550
BANKNIFTY-III.NFO,18/11/2024,09:48:44,50980,50967.05,45,50980,150,0,110550
BANKNIFTY-III.NFO,18/11/2024,09:48:46,50980,50962.5,30,50979.95,75,0,110550
BANKNIFTY-III.NFO,18/11/2024,09:48:47,50962.5,50967.1,15,50980,150,15,110550
BANKNIFTY-III.NFO,18/11/2024,09:48:49,50962.5,50968.6,15,50980,150,0,110550
BANKNIFTY-III.NFO,18/11/2024,09:48:50,50962.5,50972.15,30,50980,150,0,110550
BANKNIFTY-III.NFO,18/11/2024,09:48:52,50962.5,50966.75,45,50980,150,0,110550
BANKNIFTY-III.NFO,18/11/2024,09:48:54,50962.5,50970.85,30,50980,150,0,110550
BANKNIFTY-III.NFO,18/11/2024,09:48:55,50962.5,50959.3,15,50977.95,60,0,110550
BANKNIFTY-III.NFO,18/11/2024,09:48:57,50962.5,50963.05,30,50979.95,60,0,110550
BANKNIFTY-III.NFO,18/11/2024,09:48:59,50962.5,50952.75,15,50974.45,75,0,110550
BANKNIFTY-III.NFO,18/11/2024,09:49:00,50962.5,50952.8,15,50972.75,75,0,110550
BANKNIFTY-III.NFO,18/11/2024,09:49:02,50962.5,50949.35,30,50962.45,75,0,110550
BANKNIFTY-III.NFO,18/11/2024,09:49:04,50945.45,50943,30,50962.45,75,15,110550
BANKNIFTY-III.NFO,18/11/2024,09:49:05,50945.45,50945.9,45,50962.5,15,0,110550
BANKNIFTY-III.NFO,18/11/2024,09:49:07,50945.45,50940.55,45,50959.35,60,0,110550
BANKNIFTY-III.NFO,18/11/2024,09:49:09,50945.45,50933.6,30,50954.3,60,0,110550
BANKNIFTY-III.NFO,18/11/2024,09:49:10,50954.1,50931.7,30,50950.9,60,15,110550
BANKNIFTY-III.NFO,18/11/2024,09:49:12,50954.1,50928.85,30,50950.1,75,0,110550
BANKNIFTY-III.NFO,18/11/2024,09:49:14,50954.1,50928.4,45,50948.4,60,0,110550
BANKNIFTY-III.NFO,18/11/2024,09:49:15,50954.1,50926.8,60,50946.15,75,0,110550
BANKNIFTY-III.NFO,18/11/2024,09:49:17,50954.1,50930.75,15,50950.55,60,0,110550
BANKNIFTY-III.NFO,18/11/2024,09:49:19,50954.1,50920.5,15,50941.55,90,0,110550
BANKNIFTY-III.NFO,18/11/2024,09:49:20,50954.1,50913.8,30,50934.35,60,0,110550
BANKNIFTY-III.NFO,18/11/2024,09:49:22,50954.1,50923.25,15,50944.7,105,0,110550
BANKNIFTY-III.NFO,18/11/2024,09:49:24,50954.1,50924.35,15,50945.2,60,0,110550
BANKNIFTY-III.NFO,18/11/2024,09:49:25,50954.1,50930,45,50949.2,60,0,110550
BANKNIFTY-III.NFO,18/11/2024,09:49:27,50954.1,50930.15,15,50952.25,75,0,110550
BANKNIFTY-III.NFO,18/11/2024,09:49:28,50954.1,50934.5,30,50950.35,30,0,110550
BANKNIFTY-III.NFO,18/11/2024,09:49:30,50954.1,50928.4,15,50952.45,60,0,110550
BANKNIFTY-III.NFO,18/11/2024,09:49:32,50954.1,50932.7,30,50951.85,60,0,110550
BANKNIFTY-III.NFO,18/11/2024,09:49:33,50954.1,50936.45,15,50956.65,60,0,110550
BANKNIFTY-III.NFO,18/11/2024,09:49:35,50954.1,50939.1,15,50959.45,60,0,110550
BANKNIFTY-III.NFO,18/11/2024,09:49:37,50954.1,50944.7,30,50964.4,60,0,110550
BANKNIFTY-III.NFO,18/11/2024,09:49:38,50963.25,50944.75,45,50964.4,60,15,110550
BANKNIFTY-III.NFO,18/11/2024,09:49:40,50963.25,50941.75,30,50961.4,60,0,110550
BANKNIFTY-III.NFO,18/11/2024,09:49:42,50963.25,50945.85,30,50965.9,60,0,110550
BANKNIFTY-III.NFO,18/11/2024,09:49:43,50963.25,50943.95,30,50963.2,60,0,110550
BANKNIFTY-III.NFO,18/11/2024,09:49:45,50963.25,50947.95,60,50968,60,0,110550
BANKNIFTY-III.NFO,18/11/2024,09:49:47,50963.25,50954.15,45,50970,75,0,110550
BANKNIFTY-III.NFO,18/11/2024,09:49:48,50963.25,50950.3,45,50970,90,0,110550
BANKNIFTY-III.NFO,18/11/2024,09:49:50,50963.25,50953.15,45,50970,90,0,110550
BANKNIFTY-III.NFO,18/11/2024,09:49:52,50963.25,50951.9,30,50969.95,75,0,110550
BANKNIFTY-III.NFO,18/11/2024,09:49:53,50963.25,50963.25,15,50969.95,75,0,110550
BANKNIFTY-III.NFO,18/11/2024,09:49:55,50963.25,50963.25,15,50968.65,60,0,110550
BANKNIFTY-III.NFO,18/11/2024,09:49:57,50963.25,50963.25,15,50969.95,75,0,110550
BANKNIFTY-III.NFO,18/11/2024,09:50:00,50963.25,50963.25,15,50969.95,60,0,110550
BANKNIFTY-III.NFO,18/11/2024,09:50:02,50963.25,50963.25,30,50970,75,0,110550
BANKNIFTY-III.NFO,18/11/2024,09:50:03,50963.25,50964.25,30,50970,75,0,110550
BANKNIFTY-III.NFO,18/11/2024,09:50:05,50970,50967.85,30,50978.75,15,75,110550
BANKNIFTY-III.NFO,18/11/2024,09:50:07,50980,50966.8,15,50980,75,105,110550
BANKNIFTY-III.NFO,18/11/2024,09:50:08,50980,50963.25,30,50973.5,60,0,110550
BANKNIFTY-III.NFO,18/11/2024,09:50:10,50980,50963.25,30,50973.95,75,0,110550
BANKNIFTY-III.NFO,18/11/2024,09:50:12,50980,50963.25,30,50968.5,75,0,110550
BANKNIFTY-III.NFO,18/11/2024,09:50:13,50971.55,50963.25,30,50969.1,75,15,110550
BANKNIFTY-III.NFO,18/11/2024,09:50:15,50963.25,50943.5,30,50963,60,30,110550
