Ticker,Date,Time,LTP,BuyPrice,BuyQty,SellPrice,SellQty,LTQ,OpenInterest
BANKNIFTY-III.NFO,18/09/2024,09:15:05,52800.3,52724.55,60,52759.45,150,105,72780
BANKNIFTY-III.NFO,18/09/2024,09:15:05,52747.65,52724.55,60,52759.45,150,0,72780
BANKNIFTY-III.NFO,18/09/2024,09:15:05,52800.3,52724.55,60,52759.45,150,0,72780
BANKNIFTY-III.NFO,18/09/2024,09:15:05,52747.65,52724.55,60,52759.45,150,0,72780
BANKNIFTY-III.NFO,18/09/2024,09:15:06,52759.45,52735.5,90,52761.35,135,15,72780
BANKNIFTY-III.NFO,18/09/2024,09:15:07,52759.45,52731.55,60,52761.35,135,0,72780
BANKNIFTY-III.NFO,18/09/2024,09:15:10,52755.85,52733.75,90,52755.8,120,15,72780
BANKNIFTY-III.NFO,18/09/2024,09:15:11,52755.85,52730.8,60,52753.35,120,0,72780
BANKNIFTY-III.NFO,18/09/2024,09:15:13,52755.85,52732.1,60,52754.7,120,0,72780
BANKNIFTY-III.NFO,18/09/2024,09:15:14,52755.85,52726.65,60,52749.45,120,0,72780
BANKNIFTY-III.NFO,18/09/2024,09:15:16,52748.35,52725.65,60,52748,105,15,72780
BANKNIFTY-III.NFO,18/09/2024,09:15:17,52748.35,52723.9,90,52745.95,105,0,72780
BANKNIFTY-III.NFO,18/09/2024,09:15:19,52748.35,52721.7,60,52744.1,105,0,72780
BANKNIFTY-III.NFO,18/09/2024,09:15:21,52748.35,52721.5,60,52743.05,105,0,72780
BANKNIFTY-III.NFO,18/09/2024,09:15:22,52748.35,52712.55,60,52733.2,105,0,72780
BANKNIFTY-III.NFO,18/09/2024,09:15:24,52748.35,52715.5,60,52721.75,105,0,72780
BANKNIFTY-III.NFO,18/09/2024,09:15:25,52716.7,52714.5,60,52728.65,90,105,72780
BANKNIFTY-III.NFO,18/09/2024,09:15:25,52716.7,52714.5,60,52728.65,90,0,72780
BANKNIFTY-III.NFO,18/09/2024,09:15:27,52721.35,52705.7,60,52721.85,30,45,72780
BANKNIFTY-III.NFO,18/09/2024,09:15:28,52721.35,52714.95,60,52726,30,0,72780
BANKNIFTY-III.NFO,18/09/2024,09:15:30,52712.6,52721.35,60,52724.1,30,15,72780
BANKNIFTY-III.NFO,18/09/2024,09:15:30,52712.6,52721.35,60,52724.1,30,0,72780
BANKNIFTY-III.NFO,18/09/2024,09:15:32,52721.35,52721.35,30,52728,90,30,72780
BANKNIFTY-III.NFO,18/09/2024,09:15:33,52721.35,52721.4,75,52736.7,15,0,72780
BANKNIFTY-III.NFO,18/09/2024,09:15:35,52721.35,52727.4,60,52740.15,15,0,72780
BANKNIFTY-III.NFO,18/09/2024,09:15:36,52721.35,52727.4,60,52741.75,15,0,72780
BANKNIFTY-III.NFO,18/09/2024,09:15:38,52721.35,52732.15,75,52745,15,0,72780
BANKNIFTY-III.NFO,18/09/2024,09:15:41,52721.35,52726.35,75,52742.95,30,0,72780
BANKNIFTY-III.NFO,18/09/2024,09:15:43,52721.35,52731.45,105,52746.55,15,0,72780
BANKNIFTY-III.NFO,18/09/2024,09:15:45,52721.35,52733.8,30,52744.45,30,0,72780
BANKNIFTY-III.NFO,18/09/2024,09:15:46,52721.35,52733,60,52745.4,15,0,72780
BANKNIFTY-III.NFO,18/09/2024,09:15:48,52721.35,52735.15,60,52746.3,15,0,72780
BANKNIFTY-III.NFO,18/09/2024,09:15:50,52721.35,52737.45,30,52746.6,15,0,72780
BANKNIFTY-III.NFO,18/09/2024,09:15:51,52721.35,52740,75,52750,15,0,72780
BANKNIFTY-III.NFO,18/09/2024,09:15:53,52721.35,52736.95,60,52753,30,0,72780
BANKNIFTY-III.NFO,18/09/2024,09:15:54,52721.35,52739.65,90,52750.1,15,0,72780
BANKNIFTY-III.NFO,18/09/2024,09:15:56,52721.35,52739.55,60,52751.4,105,0,72780
BANKNIFTY-III.NFO,18/09/2024,09:15:58,52721.35,52737.7,60,52749.7,105,0,72780
BANKNIFTY-III.NFO,18/09/2024,09:15:59,52740.8,52740.85,60,52755.35,30,15,72630
BANKNIFTY-III.NFO,18/09/2024,09:16:01,52740.8,52738.55,60,52752.15,45,0,72630
BANKNIFTY-III.NFO,18/09/2024,09:16:03,52740.8,52739.05,60,52753.15,30,30,72630
BANKNIFTY-III.NFO,18/09/2024,09:16:04,52740.8,52733.25,105,52750.3,45,0,72630
BANKNIFTY-III.NFO,18/09/2024,09:16:06,52740.8,52736.9,75,52752.45,30,0,72630
BANKNIFTY-III.NFO,18/09/2024,09:16:07,52740.8,52734.05,75,52748.65,30,0,72630
BANKNIFTY-III.NFO,18/09/2024,09:16:09,52740.8,52735.75,75,52750.15,30,0,72630
BANKNIFTY-III.NFO,18/09/2024,09:16:11,52740.8,52732.2,60,52745.2,30,0,72630
BANKNIFTY-III.NFO,18/09/2024,09:16:12,52740.8,52731.65,75,52749.85,30,0,72630
BANKNIFTY-III.NFO,18/09/2024,09:16:14,52740.8,52733.85,105,52747.8,30,0,72630
BANKNIFTY-III.NFO,18/09/2024,09:16:16,52740.8,52733.85,30,52747.8,30,0,72630
BANKNIFTY-III.NFO,18/09/2024,09:16:17,52747.8,52731.4,105,52746.9,30,15,72630
BANKNIFTY-III.NFO,18/09/2024,09:16:19,52747.8,52730.75,60,52745.9,30,0,72630
BANKNIFTY-III.NFO,18/09/2024,09:16:20,52747.8,52734.6,30,52749.85,45,0,72630
BANKNIFTY-III.NFO,18/09/2024,09:16:22,52734.6,52733.2,165,52749.15,30,15,72630
BANKNIFTY-III.NFO,18/09/2024,09:16:24,52734.6,52733.25,60,52747.9,30,0,72630
BANKNIFTY-III.NFO,18/09/2024,09:16:25,52734.6,52733.55,60,52747.9,30,0,72630
BANKNIFTY-III.NFO,18/09/2024,09:16:27,52734.6,52736.1,60,52750.9,30,0,72630
BANKNIFTY-III.NFO,18/09/2024,09:16:29,52734.6,52736.85,60,52752.45,30,0,72630
BANKNIFTY-III.NFO,18/09/2024,09:16:30,52734.6,52736.25,60,52753.45,30,0,72630
BANKNIFTY-III.NFO,18/09/2024,09:16:32,52734.6,52739.65,75,52757.35,30,0,72630
BANKNIFTY-III.NFO,18/09/2024,09:16:34,52734.6,52743.55,105,52760.2,30,0,72630
BANKNIFTY-III.NFO,18/09/2024,09:16:35,52734.6,52746.2,60,52761.4,30,0,72630
BANKNIFTY-III.NFO,18/09/2024,09:16:37,52734.6,52742.45,90,52758.05,30,0,72630
BANKNIFTY-III.NFO,18/09/2024,09:16:38,52734.6,52737.9,60,52754.3,30,0,72630
BANKNIFTY-III.NFO,18/09/2024,09:16:40,52734.6,52738.85,75,52754.3,30,0,72630
BANKNIFTY-III.NFO,18/09/2024,09:16:42,52734.6,52736.8,30,52754.3,30,0,72630
BANKNIFTY-III.NFO,18/09/2024,09:16:43,52754.35,52736.55,75,52747.8,15,60,72630
BANKNIFTY-III.NFO,18/09/2024,09:16:45,52754.35,52737.95,90,52747.8,15,0,72630
BANKNIFTY-III.NFO,18/09/2024,09:16:47,52754.35,52738.2,75,52747.8,15,0,72630
BANKNIFTY-III.NFO,18/09/2024,09:16:48,52754.35,52736.55,75,52747.8,15,0,72630
BANKNIFTY-III.NFO,18/09/2024,09:16:50,52736.95,52737.75,75,52747.8,15,15,72630
BANKNIFTY-III.NFO,18/09/2024,09:16:51,52736.95,52740,60,52747.8,15,0,72630
BANKNIFTY-III.NFO,18/09/2024,09:16:53,52736.95,52740.2,60,52747.8,15,0,72630
BANKNIFTY-III.NFO,18/09/2024,09:16:55,52736.95,52737.3,75,52747.8,15,0,72630
BANKNIFTY-III.NFO,18/09/2024,09:16:56,52736.95,52737.3,60,52747.8,15,0,72630
BANKNIFTY-III.NFO,18/09/2024,09:16:58,52736.95,52738.95,60,52747.8,15,0,72630
BANKNIFTY-III.NFO,18/09/2024,09:16:59,52736.95,52738.05,75,52747.8,15,0,72630
BANKNIFTY-III.NFO,18/09/2024,09:17:01,52736.95,52738.1,60,52747.8,15,0,72630
BANKNIFTY-III.NFO,18/09/2024,09:17:03,52736.95,52736.55,60,52747.8,15,0,72630
BANKNIFTY-III.NFO,18/09/2024,09:17:04,52747.8,52740.2,60,52752.35,30,15,72630
BANKNIFTY-III.NFO,18/09/2024,09:17:06,52747.8,52743.9,75,52756.55,30,0,72630
BANKNIFTY-III.NFO,18/09/2024,09:17:07,52747.8,52743.15,75,52757.05,30,0,72630
BANKNIFTY-III.NFO,18/09/2024,09:17:09,52747.8,52743.25,75,52758.45,30,0,72630
BANKNIFTY-III.NFO,18/09/2024,09:17:11,52747.8,52741.05,60,52753.6,30,0,72630
BANKNIFTY-III.NFO,18/09/2024,09:17:12,52747.8,52743.05,45,52755.8,30,0,72630
BANKNIFTY-III.NFO,18/09/2024,09:17:14,52745.2,52747.25,60,52762,15,45,72630
BANKNIFTY-III.NFO,18/09/2024,09:17:15,52745.2,52750.6,45,52765.35,30,0,72630
BANKNIFTY-III.NFO,18/09/2024,09:17:17,52745.2,52747.55,60,52762.3,15,0,72630
BANKNIFTY-III.NFO,18/09/2024,09:17:19,52745.2,52743.3,60,52758.85,15,0,72630
BANKNIFTY-III.NFO,18/09/2024,09:17:20,52745.2,52743.2,60,52755.9,15,0,72630
BANKNIFTY-III.NFO,18/09/2024,09:17:22,52745.2,52744.15,60,52756.6,15,0,72630
BANKNIFTY-III.NFO,18/09/2024,09:17:24,52756.6,52746.4,60,52759.85,15,15,72630
BANKNIFTY-III.NFO,18/09/2024,09:17:25,52756.6,52745.95,105,52759.5,105,0,72630
BANKNIFTY-III.NFO,18/09/2024,09:17:27,52756.6,52745.45,60,52758.1,105,0,72630
BANKNIFTY-III.NFO,18/09/2024,09:17:29,52756.6,52740.65,60,52753.25,105,0,72630
BANKNIFTY-III.NFO,18/09/2024,09:17:30,52756.6,52742.15,60,52753.85,90,0,72630
BANKNIFTY-III.NFO,18/09/2024,09:17:32,52756.6,52740.2,90,52753.9,105,0,72630
BANKNIFTY-III.NFO,18/09/2024,09:17:34,52756.6,52742.2,90,52754.8,105,0,72630
BANKNIFTY-III.NFO,18/09/2024,09:17:35,52756.6,52736.55,105,52747.5,15,0,72630
BANKNIFTY-III.NFO,18/09/2024,09:17:37,52756.6,52737.65,90,52753.5,105,0,72630
BANKNIFTY-III.NFO,18/09/2024,09:17:39,52756.6,52737.15,60,52750.2,105,0,72630
BANKNIFTY-III.NFO,18/09/2024,09:17:40,52756.6,52737.1,75,52751.9,105,0,72630
BANKNIFTY-III.NFO,18/09/2024,09:17:42,52756.6,52737.1,75,52751,105,0,72630
BANKNIFTY-III.NFO,18/09/2024,09:17:44,52756.6,52737.5,75,52751.85,15,0,72630
BANKNIFTY-III.NFO,18/09/2024,09:17:45,52756.6,52737.5,75,52751.25,90,0,72630
BANKNIFTY-III.NFO,18/09/2024,09:17:47,52756.6,52737.5,75,52750.75,105,0,72630
BANKNIFTY-III.NFO,18/09/2024,09:17:49,52756.6,52738.4,60,52750.7,105,0,72630
BANKNIFTY-III.NFO,18/09/2024,09:17:50,52756.6,52740.1,90,52753.25,105,0,72630
BANKNIFTY-III.NFO,18/09/2024,09:17:52,52756.6,52739.9,60,52754.15,105,0,72630
BANKNIFTY-III.NFO,18/09/2024,09:17:54,52755.85,52743.1,30,52756,255,15,72630
BANKNIFTY-III.NFO,18/09/2024,09:17:55,52755.85,52743.45,60,52757.15,165,0,72630
BANKNIFTY-III.NFO,18/09/2024,09:17:57,52755.85,52741.85,60,52757.3,105,0,72630
BANKNIFTY-III.NFO,18/09/2024,09:17:59,52754.55,52742.1,30,52754.85,165,15,72630
BANKNIFTY-III.NFO,18/09/2024,09:18:00,52754.55,52736.7,75,52750,30,0,72630
BANKNIFTY-III.NFO,18/09/2024,09:18:02,52754.55,52737.3,60,52750,30,0,72630
BANKNIFTY-III.NFO,18/09/2024,09:18:03,52754.55,52737.05,45,52748.15,90,0,72630
BANKNIFTY-III.NFO,18/09/2024,09:18:05,52754.55,52736.5,15,52745.95,105,0,72630
BANKNIFTY-III.NFO,18/09/2024,09:18:07,52754.55,52736.5,15,52744.15,105,0,72630
BANKNIFTY-III.NFO,18/09/2024,09:18:08,52754.55,52736.5,15,52739.9,90,0,72630
BANKNIFTY-III.NFO,18/09/2024,09:18:10,52736.5,52725.15,75,52735.35,75,15,72630
BANKNIFTY-III.NFO,18/09/2024,09:18:12,52736.5,52725.3,60,52731.05,75,0,72630
BANKNIFTY-III.NFO,18/09/2024,09:18:13,52736.5,52727.55,75,52734.8,75,0,72630
BANKNIFTY-III.NFO,18/09/2024,09:18:15,52736.5,52726.55,75,52735.4,75,0,72630
BANKNIFTY-III.NFO,18/09/2024,09:18:17,52736.5,52738.75,45,52741.35,75,0,72630
BANKNIFTY-III.NFO,18/09/2024,09:18:18,52736.5,52737.6,45,52744.35,45,0,72630
BANKNIFTY-III.NFO,18/09/2024,09:18:20,52736.5,52732.5,45,52735,15,0,72630
BANKNIFTY-III.NFO,18/09/2024,09:18:22,52736.5,52733.75,45,52735,15,0,72630
BANKNIFTY-III.NFO,18/09/2024,09:18:23,52735,52735.85,45,52741.75,75,15,72630
BANKNIFTY-III.NFO,18/09/2024,09:18:25,52735,52735.05,45,52739.9,75,0,72630
BANKNIFTY-III.NFO,18/09/2024,09:18:27,52735,52736.35,45,52740,30,0,72630
BANKNIFTY-III.NFO,18/09/2024,09:18:28,52735,52738.1,45,52740,30,0,72630
BANKNIFTY-III.NFO,18/09/2024,09:18:30,52740,52736.4,45,52741.65,75,30,72630
BANKNIFTY-III.NFO,18/09/2024,09:18:32,52740,52735.5,45,52740.6,75,0,72630
BANKNIFTY-III.NFO,18/09/2024,09:18:33,52740,52737.8,45,52744.85,75,0,72630
BANKNIFTY-III.NFO,18/09/2024,09:18:35,52738.65,52736.6,75,52744.85,30,15,72630
BANKNIFTY-III.NFO,18/09/2024,09:18:37,52738.65,52739.55,75,52746.95,75,0,72630
BANKNIFTY-III.NFO,18/09/2024,09:18:38,52739.6,52738.05,60,52746.85,75,15,72630
BANKNIFTY-III.NFO,18/09/2024,09:18:40,52739.6,52740.35,75,52750.3,45,0,72630
BANKNIFTY-III.NFO,18/09/2024,09:18:42,52739.6,52740.2,75,52749.45,75,0,72630
BANKNIFTY-III.NFO,18/09/2024,09:18:43,52739.6,52741.4,75,52749.45,75,0,72630
BANKNIFTY-III.NFO,18/09/2024,09:18:45,52739.6,52741.6,75,52750.1,75,0,72630
BANKNIFTY-III.NFO,18/09/2024,09:18:47,52739.6,52741.25,75,52750.6,75,0,72630
BANKNIFTY-III.NFO,18/09/2024,09:18:48,52739.6,52740.95,75,52750.65,75,0,72630
BANKNIFTY-III.NFO,18/09/2024,09:18:50,52739.6,52742.1,75,52750.8,75,0,72630
BANKNIFTY-III.NFO,18/09/2024,09:18:52,52739.6,52740.85,75,52749.9,75,0,72630
BANKNIFTY-III.NFO,18/09/2024,09:18:53,52739.6,52741.05,90,52751.35,75,0,72630
BANKNIFTY-III.NFO,18/09/2024,09:18:55,52739.6,52744.65,75,52751.55,15,0,72630
BANKNIFTY-III.NFO,18/09/2024,09:18:57,52739.6,52744.7,75,52751.55,15,0,72630
BANKNIFTY-III.NFO,18/09/2024,09:18:58,52739.6,52746.05,75,52751.55,15,0,72630
BANKNIFTY-III.NFO,18/09/2024,09:19:00,52739.6,52741.15,90,52750,15,0,72630
BANKNIFTY-III.NFO,18/09/2024,09:19:02,52744.95,52744.95,75,52750,15,60,72750
BANKNIFTY-III.NFO,18/09/2024,09:19:03,52744.95,52748.95,60,52750,15,0,72750
BANKNIFTY-III.NFO,18/09/2024,09:19:05,52751.55,52753.4,75,52766.35,75,30,72750
BANKNIFTY-III.NFO,18/09/2024,09:19:07,52751.55,52753.25,60,52762.95,60,0,72750
BANKNIFTY-III.NFO,18/09/2024,09:19:08,52751.55,52749.7,75,52761.3,60,0,72750
BANKNIFTY-III.NFO,18/09/2024,09:19:11,52751.55,52753.85,150,52764.4,60,0,72750
BANKNIFTY-III.NFO,18/09/2024,09:19:13,52751.55,52753.55,60,52763.6,60,0,72750
BANKNIFTY-III.NFO,18/09/2024,09:19:14,52751.55,52751.65,75,52762.65,75,0,72750
BANKNIFTY-III.NFO,18/09/2024,09:19:16,52751.55,52751,75,52760.05,90,0,72750
BANKNIFTY-III.NFO,18/09/2024,09:19:18,52751.55,52750.4,75,52758.8,60,0,72750
BANKNIFTY-III.NFO,18/09/2024,09:19:19,52751.55,52751.2,75,52760.75,60,0,72750
BANKNIFTY-III.NFO,18/09/2024,09:19:21,52751.55,52752.4,60,52763.4,60,0,72750
BANKNIFTY-III.NFO,18/09/2024,09:19:23,52751.55,52755.3,75,52764.4,60,0,72750
BANKNIFTY-III.NFO,18/09/2024,09:19:24,52751.55,52755.45,75,52764.2,60,0,72750
BANKNIFTY-III.NFO,18/09/2024,09:19:26,52751.55,52753.85,75,52763.15,60,0,72750
BANKNIFTY-III.NFO,18/09/2024,09:19:28,52751.55,52754.05,75,52761.8,60,0,72750
BANKNIFTY-III.NFO,18/09/2024,09:19:29,52751.55,52751.55,150,52758.65,90,0,72750
BANKNIFTY-III.NFO,18/09/2024,09:19:31,52758.65,52751.55,150,52759.1,45,15,72750
BANKNIFTY-III.NFO,18/09/2024,09:19:33,52751.55,52752.25,75,52762.45,45,60,72750
BANKNIFTY-III.NFO,18/09/2024,09:19:34,52751.55,52754.25,75,52765.95,45,0,72750
BANKNIFTY-III.NFO,18/09/2024,09:19:36,52751.55,52755.05,60,52766.3,45,0,72750
BANKNIFTY-III.NFO,18/09/2024,09:19:38,52751.55,52756.95,90,52767.4,45,0,72750
BANKNIFTY-III.NFO,18/09/2024,09:19:39,52751.55,52755.25,60,52766.25,60,0,72750
BANKNIFTY-III.NFO,18/09/2024,09:19:41,52751.55,52754.3,75,52762.95,45,0,72750
BANKNIFTY-III.NFO,18/09/2024,09:19:43,52751.55,52751.55,90,52760.4,45,0,72750
BANKNIFTY-III.NFO,18/09/2024,09:19:44,52751.55,52751.55,90,52758.65,45,0,72750
BANKNIFTY-III.NFO,18/09/2024,09:19:46,52751.55,52751.55,90,52757,45,0,72750
BANKNIFTY-III.NFO,18/09/2024,09:19:48,52751.55,52751.55,90,52754.1,45,0,72750
BANKNIFTY-III.NFO,18/09/2024,09:19:49,52751.55,52751.55,90,52758.3,45,0,72750
BANKNIFTY-III.NFO,18/09/2024,09:19:51,52751.55,52751.55,90,52757.1,45,0,72750
BANKNIFTY-III.NFO,18/09/2024,09:19:54,52751.55,52751.55,90,52755.8,150,0,72750
BANKNIFTY-III.NFO,18/09/2024,09:19:56,52751.55,52751.55,90,52754.6,150,0,72750
BANKNIFTY-III.NFO,18/09/2024,09:20:01,52751.55,52751.55,90,52754.75,150,0,72750
BANKNIFTY-III.NFO,18/09/2024,09:20:03,52751.55,52751.55,90,52762.25,45,0,72750
BANKNIFTY-III.NFO,18/09/2024,09:20:04,52751.55,52751.55,90,52758.3,45,0,72750
BANKNIFTY-III.NFO,18/09/2024,09:20:06,52751.55,52751.55,90,52758.05,150,0,72750
BANKNIFTY-III.NFO,18/09/2024,09:20:08,52751.55,52751.55,90,52758.75,150,0,72750
BANKNIFTY-III.NFO,18/09/2024,09:20:09,52751.55,52751.55,15,52759.15,45,75,72750
BANKNIFTY-III.NFO,18/09/2024,09:20:11,52751.55,52753.5,135,52762.2,150,0,72750
BANKNIFTY-III.NFO,18/09/2024,09:20:13,52751.55,52754.15,105,52767.45,45,0,72750
BANKNIFTY-III.NFO,18/09/2024,09:20:14,52751.55,52756.6,60,52765.1,150,0,72750
BANKNIFTY-III.NFO,18/09/2024,09:20:16,52751.55,52760.25,75,52774.1,60,0,72750
BANKNIFTY-III.NFO,18/09/2024,09:20:18,52751.55,52755.75,75,52768.05,75,0,72750
BANKNIFTY-III.NFO,18/09/2024,09:20:19,52751.55,52754.6,90,52759.55,15,0,72750
BANKNIFTY-III.NFO,18/09/2024,09:20:21,52759.55,52756.45,150,52767.15,150,15,72750
BANKNIFTY-III.NFO,18/09/2024,09:20:23,52759.55,52753,60,52763.8,60,0,72750
BANKNIFTY-III.NFO,18/09/2024,09:20:24,52759.55,52751.55,15,52760.35,45,0,72750
BANKNIFTY-III.NFO,18/09/2024,09:20:26,52759.55,52751.55,15,52758.5,150,0,72750
BANKNIFTY-III.NFO,18/09/2024,09:20:27,52759.55,52751.6,75,52763.4,60,0,72750
BANKNIFTY-III.NFO,18/09/2024,09:20:29,52759.55,52759.55,15,52768.85,45,0,72750
BANKNIFTY-III.NFO,18/09/2024,09:20:31,52759.55,52759.55,15,52766.8,45,0,72750
BANKNIFTY-III.NFO,18/09/2024,09:20:32,52759.55,52759.55,15,52763.4,60,0,72750
BANKNIFTY-III.NFO,18/09/2024,09:20:34,52759.55,52759.55,15,52765,45,0,72750
BANKNIFTY-III.NFO,18/09/2024,09:20:36,52759.55,52759.55,15,52765.7,45,0,72750
BANKNIFTY-III.NFO,18/09/2024,09:20:37,52759.55,52759.55,15,52766.65,45,0,72750
BANKNIFTY-III.NFO,18/09/2024,09:20:39,52759.55,52759.55,15,52765.95,45,0,72750
BANKNIFTY-III.NFO,18/09/2024,09:20:41,52759.55,52759.55,15,52764.7,60,0,72750
BANKNIFTY-III.NFO,18/09/2024,09:20:42,52759.55,52759.55,15,52767.05,45,0,72750
BANKNIFTY-III.NFO,18/09/2024,09:20:44,52759.55,52759.55,15,52768.1,45,0,72750
BANKNIFTY-III.NFO,18/09/2024,09:20:46,52759.55,52763,60,52775.85,45,0,72750
BANKNIFTY-III.NFO,18/09/2024,09:20:47,52759.55,52761.7,75,52775.05,45,0,72750
BANKNIFTY-III.NFO,18/09/2024,09:20:49,52777.65,52763.6,75,52779.55,30,30,72750
BANKNIFTY-III.NFO,18/09/2024,09:20:51,52779.55,52778.2,75,52797.9,30,30,72750
BANKNIFTY-III.NFO,18/09/2024,09:20:52,52779.55,52789.6,30,52800.3,60,0,72750
BANKNIFTY-III.NFO,18/09/2024,09:20:54,52779.55,52791.3,30,52800.3,45,0,72750
BANKNIFTY-III.NFO,18/09/2024,09:20:56,52779.55,52791.45,60,52800.35,150,0,72750
BANKNIFTY-III.NFO,18/09/2024,09:20:57,52779.55,52793.7,60,52800.35,150,0,72750
BANKNIFTY-III.NFO,18/09/2024,09:20:59,52800.35,52798.95,75,52822.05,60,150,72750
BANKNIFTY-III.NFO,18/09/2024,09:20:59,52800.35,52798.95,75,52822.05,60,0,72750
BANKNIFTY-III.NFO,18/09/2024,09:21:01,52800.35,52816.85,75,52829.15,75,0,72750
BANKNIFTY-III.NFO,18/09/2024,09:21:02,52800.35,52821.25,30,52828.7,60,0,72750
BANKNIFTY-III.NFO,18/09/2024,09:21:04,52825.55,52806.45,75,52818.05,30,30,72750
BANKNIFTY-III.NFO,18/09/2024,09:21:04,52825.55,52806.45,75,52818.05,30,0,72750
BANKNIFTY-III.NFO,18/09/2024,09:21:06,52825.55,52800.35,60,52813.35,15,0,72750
BANKNIFTY-III.NFO,18/09/2024,09:21:07,52825.55,52804.55,75,52818.1,45,0,72750
BANKNIFTY-III.NFO,18/09/2024,09:21:09,52825.55,52804.65,60,52817.45,45,0,72750
BANKNIFTY-III.NFO,18/09/2024,09:21:10,52825.55,52808.7,60,52818.75,60,0,72750
BANKNIFTY-III.NFO,18/09/2024,09:21:12,52825.55,52807.7,75,52819.5,15,0,72750
BANKNIFTY-III.NFO,18/09/2024,09:21:14,52825.55,52804.9,60,52815.4,60,0,72750
BANKNIFTY-III.NFO,18/09/2024,09:21:15,52825.55,52809.85,30,52818.45,15,0,72750
BANKNIFTY-III.NFO,18/09/2024,09:21:17,52825.55,52805.05,75,52818,30,0,72750
BANKNIFTY-III.NFO,18/09/2024,09:21:19,52825.55,52808.2,105,52821.1,30,0,72750
BANKNIFTY-III.NFO,18/09/2024,09:21:20,52825.55,52810.1,75,52823.1,30,0,72750
BANKNIFTY-III.NFO,18/09/2024,09:21:22,52825.55,52813.55,75,52825.55,30,0,72750
BANKNIFTY-III.NFO,18/09/2024,09:21:24,52825.55,52808.5,15,52818.95,15,0,72750
BANKNIFTY-III.NFO,18/09/2024,09:21:25,52825.55,52805.05,75,52816.1,30,0,72750
BANKNIFTY-III.NFO,18/09/2024,09:21:27,52807.15,52807.75,60,52822.2,15,15,72750
BANKNIFTY-III.NFO,18/09/2024,09:21:29,52807.15,52809,105,52822.1,45,0,72750
BANKNIFTY-III.NFO,18/09/2024,09:21:30,52807.15,52805,15,52814.35,120,0,72750
BANKNIFTY-III.NFO,18/09/2024,09:21:32,52807.15,52805,15,52809.45,30,0,72750
BANKNIFTY-III.NFO,18/09/2024,09:21:34,52807.15,52805,15,52812.6,30,0,72750
BANKNIFTY-III.NFO,18/09/2024,09:21:35,52807.15,52805.05,60,52816.9,30,0,72750
BANKNIFTY-III.NFO,18/09/2024,09:21:37,52807.15,52805.45,75,52819.6,30,0,72750
BANKNIFTY-III.NFO,18/09/2024,09:21:39,52807.15,52806.7,90,52820.1,60,0,72750
BANKNIFTY-III.NFO,18/09/2024,09:21:40,52807.15,52805.2,75,52818.5,45,0,72750
BANKNIFTY-III.NFO,18/09/2024,09:21:42,52807.15,52805.75,60,52818.75,60,0,72750
BANKNIFTY-III.NFO,18/09/2024,09:21:44,52807.15,52806.05,90,52819.4,45,0,72750
BANKNIFTY-III.NFO,18/09/2024,09:21:45,52807.15,52805,15,52813.9,30,0,72750
BANKNIFTY-III.NFO,18/09/2024,09:21:47,52807.15,52805,15,52815.4,30,0,72750
BANKNIFTY-III.NFO,18/09/2024,09:21:49,52807.15,52805,15,52816.25,30,0,72750
BANKNIFTY-III.NFO,18/09/2024,09:21:50,52807.15,52806.45,60,52820.2,60,0,72750
BANKNIFTY-III.NFO,18/09/2024,09:21:52,52807.15,52805.05,60,52817.3,30,0,72750
BANKNIFTY-III.NFO,18/09/2024,09:21:54,52807.15,52806.15,60,52818.95,30,0,72750
BANKNIFTY-III.NFO,18/09/2024,09:21:55,52807.15,52805.05,60,52807.15,15,0,72750
BANKNIFTY-III.NFO,18/09/2024,09:21:57,52807.15,52805.05,75,52818.5,30,15,72750
BANKNIFTY-III.NFO,18/09/2024,09:21:59,52807.15,52805.05,75,52816.8,30,0,72840
BANKNIFTY-III.NFO,18/09/2024,09:22:00,52813.9,52805,15,52814.1,15,15,72840
BANKNIFTY-III.NFO,18/09/2024,09:22:02,52813.9,52805,15,52810.55,15,0,72840
BANKNIFTY-III.NFO,18/09/2024,09:22:04,52813.9,52805,15,52808.2,15,0,72840
BANKNIFTY-III.NFO,18/09/2024,09:22:05,52813.9,52805,15,52807.55,15,0,72840
BANKNIFTY-III.NFO,18/09/2024,09:22:07,52813.9,52805,15,52806.95,45,0,72840
BANKNIFTY-III.NFO,18/09/2024,09:22:09,52805,52795.55,60,52808.7,30,15,72840
BANKNIFTY-III.NFO,18/09/2024,09:22:10,52805,52793.8,75,52807.3,15,0,72840
BANKNIFTY-III.NFO,18/09/2024,09:22:12,52813.65,52801.35,60,52813.7,165,15,72840
BANKNIFTY-III.NFO,18/09/2024,09:22:13,52813.65,52802.25,60,52815.25,75,0,72840
BANKNIFTY-III.NFO,18/09/2024,09:22:15,52813.65,52801.9,105,52814.5,75,0,72840
BANKNIFTY-III.NFO,18/09/2024,09:22:17,52813.65,52808.15,60,52821.25,75,0,72840
BANKNIFTY-III.NFO,18/09/2024,09:22:18,52813.65,52808.75,105,52822.25,75,0,72840
BANKNIFTY-III.NFO,18/09/2024,09:22:20,52813.65,52812.15,75,52822.2,150,0,72840
BANKNIFTY-III.NFO,18/09/2024,09:22:22,52813.65,52813.65,15,52819.3,60,0,72840
BANKNIFTY-III.NFO,18/09/2024,09:22:23,52813.65,52813.65,15,52816.55,150,0,72840
BANKNIFTY-III.NFO,18/09/2024,09:22:25,52813.65,52813.65,15,52815.15,150,0,72840
BANKNIFTY-III.NFO,18/09/2024,09:22:26,52813.65,52813.65,30,52817.5,60,0,72840
BANKNIFTY-III.NFO,18/09/2024,09:22:28,52813.65,52813.65,30,52814.9,150,0,72840
BANKNIFTY-III.NFO,18/09/2024,09:22:30,52813.65,52802.6,15,52813.75,45,30,72840
BANKNIFTY-III.NFO,18/09/2024,09:22:31,52813.65,52805.15,75,52816,150,0,72840
BANKNIFTY-III.NFO,18/09/2024,09:22:33,52813.65,52804.55,75,52818.25,15,0,72840
BANKNIFTY-III.NFO,18/09/2024,09:22:35,52813.65,52813,45,52813.65,15,0,72840
BANKNIFTY-III.NFO,18/09/2024,09:22:41,52815.55,52813,45,52815.9,150,30,72840
BANKNIFTY-III.NFO,18/09/2024,09:22:43,52813,52810,15,52813.6,30,45,72840
BANKNIFTY-III.NFO,18/09/2024,09:22:45,52813,52810,15,52812.35,150,0,72840
BANKNIFTY-III.NFO,18/09/2024,09:22:46,52813,52810,15,52813.65,15,0,72840
BANKNIFTY-III.NFO,18/09/2024,09:22:49,52813,52813,15,52813.65,15,0,72840
BANKNIFTY-III.NFO,18/09/2024,09:22:51,52813.65,52815.05,75,52820,15,15,72840
BANKNIFTY-III.NFO,18/09/2024,09:22:52,52813.65,52816,60,52820,15,0,72840
BANKNIFTY-III.NFO,18/09/2024,09:22:54,52825.55,52823.9,75,52830,15,105,72840
BANKNIFTY-III.NFO,18/09/2024,09:22:56,52825.55,52824,90,52830,15,0,72840
BANKNIFTY-III.NFO,18/09/2024,09:22:57,52825.55,52824.2,75,52830,15,0,72840
BANKNIFTY-III.NFO,18/09/2024,09:22:59,52825.55,52823.2,60,52830,15,0,72840
BANKNIFTY-III.NFO,18/09/2024,09:23:00,52825.55,52818.45,60,52830,15,0,72840
BANKNIFTY-III.NFO,18/09/2024,09:23:02,52825.55,52815.7,75,52829.95,45,0,72840
BANKNIFTY-III.NFO,18/09/2024,09:23:04,52825.55,52813.7,75,52829.95,45,0,72840
BANKNIFTY-III.NFO,18/09/2024,09:23:05,52825.55,52813,15,52823.4,150,0,72840
BANKNIFTY-III.NFO,18/09/2024,09:23:07,52825.55,52813,15,52826.7,45,0,72840
BANKNIFTY-III.NFO,18/09/2024,09:23:09,52825.55,52813.55,105,52825.9,165,0,72840
BANKNIFTY-III.NFO,18/09/2024,09:23:10,52825.55,52816.3,75,52830,30,0,72840
BANKNIFTY-III.NFO,18/09/2024,09:23:12,52825.55,52820.2,75,52830,15,0,72840
BANKNIFTY-III.NFO,18/09/2024,09:23:13,52825.55,52822.3,75,52830,15,0,72840
BANKNIFTY-III.NFO,18/09/2024,09:23:15,52825.55,52825.25,75,52830,15,0,72840
BANKNIFTY-III.NFO,18/09/2024,09:23:17,52830,52825.2,15,52835.95,30,15,72840
BANKNIFTY-III.NFO,18/09/2024,09:23:17,52830,52825.2,15,52835.95,30,0,72840
BANKNIFTY-III.NFO,18/09/2024,09:23:19,52830,52823.25,75,52835.95,30,0,72840
BANKNIFTY-III.NFO,18/09/2024,09:23:20,52821.4,52817.85,60,52831.1,30,15,72840
BANKNIFTY-III.NFO,18/09/2024,09:23:22,52821.4,52815.6,60,52828.95,15,0,72840
BANKNIFTY-III.NFO,18/09/2024,09:23:24,52821.4,52822.6,60,52835.95,15,0,72840
BANKNIFTY-III.NFO,18/09/2024,09:23:25,52821.4,52823.75,75,52836,30,0,72840
BANKNIFTY-III.NFO,18/09/2024,09:23:27,52821.4,52825.3,60,52836,15,0,72840
BANKNIFTY-III.NFO,18/09/2024,09:23:28,52821.4,52826.3,15,52834.4,15,0,72840
BANKNIFTY-III.NFO,18/09/2024,09:23:30,52821.4,52822,75,52831.5,30,0,72840
BANKNIFTY-III.NFO,18/09/2024,09:23:32,52821.4,52821.45,75,52832.75,15,0,72840
BANKNIFTY-III.NFO,18/09/2024,09:23:33,52821.4,52821.45,60,52829.5,15,0,72840
BANKNIFTY-III.NFO,18/09/2024,09:23:35,52821.4,52822.35,60,52829.5,15,0,72840
BANKNIFTY-III.NFO,18/09/2024,09:23:37,52829.5,52825.45,60,52836,15,15,72840
BANKNIFTY-III.NFO,18/09/2024,09:23:38,52829.5,52824.7,15,52834.4,15,0,72840
BANKNIFTY-III.NFO,18/09/2024,09:23:40,52824.7,52822.8,60,52835.85,15,15,72840
BANKNIFTY-III.NFO,18/09/2024,09:23:42,52824.7,52821.65,75,52834.65,45,0,72840
BANKNIFTY-III.NFO,18/09/2024,09:23:43,52824.7,52821.45,60,52832.45,60,0,72840
BANKNIFTY-III.NFO,18/09/2024,09:23:45,52824.7,52821.45,60,52831.55,15,0,72840
BANKNIFTY-III.NFO,18/09/2024,09:23:46,52824.7,52821.45,60,52833.9,30,0,72840
BANKNIFTY-III.NFO,18/09/2024,09:23:48,52824.7,52828.2,75,52836,15,0,72840
BANKNIFTY-III.NFO,18/09/2024,09:23:50,52824.7,52830.15,75,52836,15,0,72840
BANKNIFTY-III.NFO,18/09/2024,09:23:51,52824.7,52832.2,15,52836,15,0,72840
BANKNIFTY-III.NFO,18/09/2024,09:23:53,52824.7,52832.65,60,52836,15,0,72840
BANKNIFTY-III.NFO,18/09/2024,09:23:55,52840,52834.4,75,52847.6,15,30,72840
BANKNIFTY-III.NFO,18/09/2024,09:23:55,52840,52834.4,75,52847.6,15,0,72840
BANKNIFTY-III.NFO,18/09/2024,09:23:56,52840,52837.6,75,52849.35,30,0,72840
BANKNIFTY-III.NFO,18/09/2024,09:23:58,52840,52839.9,15,52848.1,15,0,72840
BANKNIFTY-III.NFO,18/09/2024,09:24:00,52839.9,52839.9,15,52847.8,15,30,72840
BANKNIFTY-III.NFO,18/09/2024,09:24:01,52839.9,52832.1,60,52846.05,30,15,72840
BANKNIFTY-III.NFO,18/09/2024,09:24:03,52839.9,52835.65,15,52847.7,30,0,72840
BANKNIFTY-III.NFO,18/09/2024,09:24:04,52839.9,52836.4,75,52849.3,15,0,72840
BANKNIFTY-III.NFO,18/09/2024,09:24:06,52839.9,52838.7,15,52847.4,30,0,72840
BANKNIFTY-III.NFO,18/09/2024,09:24:08,52838.5,52838.75,75,52848.35,30,15,72840
BANKNIFTY-III.NFO,18/09/2024,09:24:09,52838.5,52839.5,15,52849.2,30,0,72840
BANKNIFTY-III.NFO,18/09/2024,09:24:11,52839.5,52839.75,60,52850,1065,15,72840
BANKNIFTY-III.NFO,18/09/2024,09:24:13,52840.9,52839.9,15,52848.3,45,15,72840
BANKNIFTY-III.NFO,18/09/2024,09:24:13,52840.9,52839.9,15,52848.3,45,0,72840
BANKNIFTY-III.NFO,18/09/2024,09:24:14,52840.9,52839.9,15,52848.2,30,0,72840
BANKNIFTY-III.NFO,18/09/2024,09:24:16,52840.9,52839.9,15,52848.25,45,0,72840
BANKNIFTY-III.NFO,18/09/2024,09:24:18,52839.9,52833.75,60,52844.35,30,15,72840
BANKNIFTY-III.NFO,18/09/2024,09:24:19,52839.9,52834.35,15,52843.65,30,0,72840
BANKNIFTY-III.NFO,18/09/2024,09:24:21,52839.9,52835.85,60,52848.6,30,0,72840
BANKNIFTY-III.NFO,18/09/2024,09:24:23,52839.9,52837.55,75,52848.9,30,0,72840
BANKNIFTY-III.NFO,18/09/2024,09:24:24,52837.55,52837.65,15,52849,60,15,72840
BANKNIFTY-III.NFO,18/09/2024,09:24:26,52837.55,52837.7,75,52848.1,30,0,72840
BANKNIFTY-III.NFO,18/09/2024,09:24:28,52837.55,52838.45,15,52844.45,75,0,72840
BANKNIFTY-III.NFO,18/09/2024,09:24:29,52837.55,52832.45,75,52844.95,45,0,72840
BANKNIFTY-III.NFO,18/09/2024,09:24:31,52837.55,52832.45,75,52843.7,30,0,72840
BANKNIFTY-III.NFO,18/09/2024,09:24:32,52845,52836.75,60,52845,885,15,72840
BANKNIFTY-III.NFO,18/09/2024,09:24:32,52845,52836.75,60,52845,885,0,72840
BANKNIFTY-III.NFO,18/09/2024,09:24:34,52845,52839.2,15,52845,885,0,72840
BANKNIFTY-III.NFO,18/09/2024,09:24:36,52845,52839.5,15,52845,885,0,72840
BANKNIFTY-III.NFO,18/09/2024,09:24:37,52845,52839.55,15,52845,885,0,72840
BANKNIFTY-III.NFO,18/09/2024,09:24:39,52845,52839.55,15,52845,915,0,72840
BANKNIFTY-III.NFO,18/09/2024,09:24:41,52845,52839.5,15,52845,900,15,72840
BANKNIFTY-III.NFO,18/09/2024,09:24:42,52845,52839.55,15,52845,900,0,72840
BANKNIFTY-III.NFO,18/09/2024,09:24:44,52845,52841.45,75,52845,900,0,72840
BANKNIFTY-III.NFO,18/09/2024,09:24:46,52845,52844.35,90,52850,210,900,72765
BANKNIFTY-III.NFO,18/09/2024,09:24:47,52850,52848.1,60,52850,195,15,72765
BANKNIFTY-III.NFO,18/09/2024,09:24:47,52850,52848.1,60,52850,195,0,72765
BANKNIFTY-III.NFO,18/09/2024,09:24:49,52850,52850.6,90,52859,45,195,72765
BANKNIFTY-III.NFO,18/09/2024,09:24:51,52850,52851.05,60,52859,45,0,72765
BANKNIFTY-III.NFO,18/09/2024,09:24:52,52850,52855.25,45,52859,45,0,72765
BANKNIFTY-III.NFO,18/09/2024,09:24:54,52850,52856.9,45,52859,45,0,72765
BANKNIFTY-III.NFO,18/09/2024,09:24:56,52850,52858.6,45,52859,45,0,72765
BANKNIFTY-III.NFO,18/09/2024,09:24:57,52850,52858.95,45,52859,45,0,72765
BANKNIFTY-III.NFO,18/09/2024,09:24:59,52860,52859.95,45,52866.4,30,60,72765
BANKNIFTY-III.NFO,18/09/2024,09:24:59,52860,52859.95,45,52866.4,30,0,72765
BANKNIFTY-III.NFO,18/09/2024,09:25:01,52860,52861.45,45,52866.4,30,0,72765
BANKNIFTY-III.NFO,18/09/2024,09:25:02,52860,52860,15,52863.25,60,0,72765
BANKNIFTY-III.NFO,18/09/2024,09:25:04,52860,52850.6,45,52861.55,60,15,72765
BANKNIFTY-III.NFO,18/09/2024,09:25:06,52860,52854.1,75,52865.25,90,0,72765
BANKNIFTY-III.NFO,18/09/2024,09:25:07,52860,52850.45,195,52860,15,0,72765
BANKNIFTY-III.NFO,18/09/2024,09:25:09,52860,52854.2,45,52860,30,0,72765
BANKNIFTY-III.NFO,18/09/2024,09:25:11,52860,52853.4,30,52860,30,0,72765
BANKNIFTY-III.NFO,18/09/2024,09:25:12,52860,52854.25,30,52860,30,0,72765
BANKNIFTY-III.NFO,18/09/2024,09:25:14,52850.2,52850.05,15,52859.65,30,15,72765
BANKNIFTY-III.NFO,18/09/2024,09:25:16,52860,52852.3,15,52860,15,15,72765
BANKNIFTY-III.NFO,18/09/2024,09:25:17,52860,52851.95,15,52858.15,30,0,72765
BANKNIFTY-III.NFO,18/09/2024,09:25:19,52850.4,52852.35,45,52859.55,30,15,72765
BANKNIFTY-III.NFO,18/09/2024,09:25:21,52850.4,52854.3,45,52860,300,0,72765
BANKNIFTY-III.NFO,18/09/2024,09:25:22,52850.4,52852.35,60,52860,300,0,72765
BANKNIFTY-III.NFO,18/09/2024,09:25:24,52850.4,52852.3,45,52858.35,30,0,72765
BANKNIFTY-III.NFO,18/09/2024,09:25:26,52850.4,52850.2,45,52857.75,60,0,72765
BANKNIFTY-III.NFO,18/09/2024,09:25:27,52850.4,52850.2,45,52857.2,75,0,72765
BANKNIFTY-III.NFO,18/09/2024,09:25:29,52850,52841.45,90,52848.1,45,60,72765
BANKNIFTY-III.NFO,18/09/2024,09:25:31,52850,52842.05,45,52850.35,60,0,72765
BANKNIFTY-III.NFO,18/09/2024,09:25:32,52850,52849.8,45,52850.4,15,0,72765
BANKNIFTY-III.NFO,18/09/2024,09:25:34,52850.4,52850.95,45,52858.75,30,15,72765
BANKNIFTY-III.NFO,18/09/2024,09:25:36,52850.4,52857.6,45,52860,330,0,72765
BANKNIFTY-III.NFO,18/09/2024,09:25:37,52864,52860.3,60,52866.4,30,405,72765
BANKNIFTY-III.NFO,18/09/2024,09:25:37,52864,52860.3,60,52866.4,30,0,72765
BANKNIFTY-III.NFO,18/09/2024,09:25:39,52866.4,52860.45,45,52874.5,30,30,72765
BANKNIFTY-III.NFO,18/09/2024,09:25:39,52866.4,52860.45,45,52874.5,30,0,72765
BANKNIFTY-III.NFO,18/09/2024,09:25:41,52865.55,52866.95,150,52875,30,240,72765
BANKNIFTY-III.NFO,18/09/2024,09:25:41,52867.5,52866.95,150,52875,30,0,72765
BANKNIFTY-III.NFO,18/09/2024,09:25:42,52875,52869.7,15,52878,15,30,72765
BANKNIFTY-III.NFO,18/09/2024,09:25:42,52875,52869.7,15,52878,15,0,72765
BANKNIFTY-III.NFO,18/09/2024,09:25:44,52865.55,52861.6,150,52876.5,60,15,72765
BANKNIFTY-III.NFO,18/09/2024,09:25:46,52861.6,52856.95,150,52873.95,75,105,72765
BANKNIFTY-III.NFO,18/09/2024,09:25:47,52861.6,52852.35,75,52869.35,60,0,72765
BANKNIFTY-III.NFO,18/09/2024,09:25:49,52861.6,52853,90,52865.95,30,0,72765
BANKNIFTY-III.NFO,18/09/2024,09:25:51,52861.6,52861.6,15,52873.9,45,0,72765
BANKNIFTY-III.NFO,18/09/2024,09:25:52,52861.6,52864.75,75,52877.25,45,0,72765
BANKNIFTY-III.NFO,18/09/2024,09:25:54,52861.6,52861.65,150,52873.25,30,0,72765
BANKNIFTY-III.NFO,18/09/2024,09:25:56,52861.6,52861.65,15,52873.2,60,0,72765
BANKNIFTY-III.NFO,18/09/2024,09:25:57,52861.6,52861.6,15,52872,75,0,72765
BANKNIFTY-III.NFO,18/09/2024,09:25:59,52861.6,52861.65,15,52870.05,30,0,72765
BANKNIFTY-III.NFO,18/09/2024,09:26:01,52861.6,52861.6,15,52867.65,30,0,72765
BANKNIFTY-III.NFO,18/09/2024,09:26:02,52861.6,52861.6,15,52870.4,75,0,72765
BANKNIFTY-III.NFO,18/09/2024,09:26:04,52854.7,52856.3,75,52868.45,75,30,72765
BANKNIFTY-III.NFO,18/09/2024,09:26:06,52854.7,52854.8,75,52865.8,60,0,72765
BANKNIFTY-III.NFO,18/09/2024,09:26:07,52854.7,52850.6,75,52854.8,150,0,72765
BANKNIFTY-III.NFO,18/09/2024,09:26:09,52854.8,52847,15,52854.75,30,15,72765
BANKNIFTY-III.NFO,18/09/2024,09:26:11,52854.8,52840.65,30,52853.55,30,0,72765
BANKNIFTY-III.NFO,18/09/2024,09:26:12,52854.8,52851.6,75,52854.8,135,0,72765
BANKNIFTY-III.NFO,18/09/2024,09:26:14,52854.8,52862.6,90,52872.45,30,135,72765
BANKNIFTY-III.NFO,18/09/2024,09:26:16,52854.8,52860.1,60,52872.75,30,0,72765
BANKNIFTY-III.NFO,18/09/2024,09:26:17,52861.35,52859.6,90,52872,30,30,72765
BANKNIFTY-III.NFO,18/09/2024,09:26:19,52861.35,52863.05,15,52876.8,75,0,72765
BANKNIFTY-III.NFO,18/09/2024,09:26:21,52861.35,52869,165,52878,15,0,72765
BANKNIFTY-III.NFO,18/09/2024,09:26:22,52861.35,52865,30,52873.95,30,0,72765
BANKNIFTY-III.NFO,18/09/2024,09:26:24,52876.35,52865.4,30,52877.05,30,15,72765
BANKNIFTY-III.NFO,18/09/2024,09:26:24,52876.35,52865.4,30,52877.05,30,0,72765
BANKNIFTY-III.NFO,18/09/2024,09:26:26,52876.35,52864.55,15,52876.15,30,0,72765
BANKNIFTY-III.NFO,18/09/2024,09:26:27,52876.35,52863.2,15,52877,75,0,72765
BANKNIFTY-III.NFO,18/09/2024,09:26:29,52876.35,52862.55,45,52874.2,60,0,72765
BANKNIFTY-III.NFO,18/09/2024,09:26:31,52876.35,52862.95,45,52875.6,75,0,72765
BANKNIFTY-III.NFO,18/09/2024,09:26:32,52876.35,52860.95,180,52874.65,75,0,72765
BANKNIFTY-III.NFO,18/09/2024,09:26:34,52872.05,52862.4,105,52875.65,45,90,72765
BANKNIFTY-III.NFO,18/09/2024,09:26:36,52872.05,52865.9,105,52876.35,225,0,72765
BANKNIFTY-III.NFO,18/09/2024,09:26:37,52869.1,52867.85,60,52876,15,15,72765
BANKNIFTY-III.NFO,18/09/2024,09:26:39,52869.1,52862.7,75,52875.3,75,0,72765
BANKNIFTY-III.NFO,18/09/2024,09:26:41,52873.1,52862.15,105,52874.35,75,15,72765
BANKNIFTY-III.NFO,18/09/2024,09:26:42,52873.1,52861.8,60,52872.5,45,0,72765
BANKNIFTY-III.NFO,18/09/2024,09:26:44,52873.1,52863.55,60,52873.55,30,0,72765
BANKNIFTY-III.NFO,18/09/2024,09:26:46,52873.1,52864.55,90,52875,15,0,72765
BANKNIFTY-III.NFO,18/09/2024,09:26:47,52873.1,52868.2,30,52875,15,0,72765
BANKNIFTY-III.NFO,18/09/2024,09:26:49,52873.1,52869.8,30,52875,15,0,72765
BANKNIFTY-III.NFO,18/09/2024,09:26:52,52873.1,52868.7,90,52875,15,0,72765
BANKNIFTY-III.NFO,18/09/2024,09:26:54,52873.1,52868.35,30,52875,240,0,72765
BANKNIFTY-III.NFO,18/09/2024,09:26:56,52873.1,52868.4,30,52875,240,0,72765
BANKNIFTY-III.NFO,18/09/2024,09:26:57,52868.8,52869.95,30,52875,240,15,72765
BANKNIFTY-III.NFO,18/09/2024,09:26:59,52868.8,52869.35,60,52875,240,0,72765
BANKNIFTY-III.NFO,18/09/2024,09:27:01,52868.8,52862.4,60,52872.25,150,0,72765
BANKNIFTY-III.NFO,18/09/2024,09:27:02,52868.8,52862.45,15,52866.2,150,0,72765
BANKNIFTY-III.NFO,18/09/2024,09:27:04,52868.8,52870.65,60,52875,240,0,72765
BANKNIFTY-III.NFO,18/09/2024,09:27:06,52868.8,52870.55,150,52873.1,15,0,72765
BANKNIFTY-III.NFO,18/09/2024,09:27:07,52867.9,52866.95,15,52873.1,15,15,72765
BANKNIFTY-III.NFO,18/09/2024,09:27:09,52867.2,52867,30,52873.1,15,15,72765
BANKNIFTY-III.NFO,18/09/2024,09:27:11,52867.2,52869.45,150,52873.1,15,0,72765
BANKNIFTY-III.NFO,18/09/2024,09:27:12,52867.2,52867.6,30,52870,225,0,72765
BANKNIFTY-III.NFO,18/09/2024,09:27:14,52870.05,52869.05,15,52873.1,15,285,72765
BANKNIFTY-III.NFO,18/09/2024,09:27:16,52868.05,52868.1,30,52873.1,15,15,72765
BANKNIFTY-III.NFO,18/09/2024,09:27:17,52868.05,52869.45,150,52873.1,15,0,72765
BANKNIFTY-III.NFO,18/09/2024,09:27:19,52868.05,52868.8,15,52873.1,15,0,72765
BANKNIFTY-III.NFO,18/09/2024,09:27:20,52868.05,52868.85,30,52873.1,15,0,72765
BANKNIFTY-III.NFO,18/09/2024,09:27:22,52868.05,52870.6,30,52873.1,15,0,72765
BANKNIFTY-III.NFO,18/09/2024,09:27:24,52868.05,52870.15,150,52873.1,15,0,72765
BANKNIFTY-III.NFO,18/09/2024,09:27:25,52868.05,52871.25,150,52873.1,15,0,72765
BANKNIFTY-III.NFO,18/09/2024,09:27:27,52868.05,52868.8,15,52873.05,30,0,72765
BANKNIFTY-III.NFO,18/09/2024,09:27:30,52868.05,52868.8,15,52873.1,15,0,72765
BANKNIFTY-III.NFO,18/09/2024,09:27:32,52868.05,52868.8,15,52873.1,165,0,72765
BANKNIFTY-III.NFO,18/09/2024,09:27:34,52869.7,52868.05,15,52872.35,30,75,72765
BANKNIFTY-III.NFO,18/09/2024,09:27:35,52868.05,52863.4,150,52868.25,150,15,72765
BANKNIFTY-III.NFO,18/09/2024,09:27:37,52868.05,52864.3,30,52872.2,30,0,72765
BANKNIFTY-III.NFO,18/09/2024,09:27:39,52868.05,52868.7,150,52873.1,15,0,72765
BANKNIFTY-III.NFO,18/09/2024,09:27:40,52868.05,52865.9,30,52873.1,15,0,72765
BANKNIFTY-III.NFO,18/09/2024,09:27:42,52868.05,52868.5,150,52873.1,15,0,72765
BANKNIFTY-III.NFO,18/09/2024,09:27:44,52868.05,52871.55,300,52873.1,15,0,72765
BANKNIFTY-III.NFO,18/09/2024,09:27:45,52873.1,52871.1,150,52875,15,15,73095
BANKNIFTY-III.NFO,18/09/2024,09:27:47,52873.1,52873.1,150,52875,15,0,73095
BANKNIFTY-III.NFO,18/09/2024,09:27:49,52875,52875.15,150,52875.5,15,15,73095
BANKNIFTY-III.NFO,18/09/2024,09:27:50,52880.1,52880.15,45,52888,15,150,73095
BANKNIFTY-III.NFO,18/09/2024,09:27:50,52880.1,52880.15,45,52888,15,0,73095
BANKNIFTY-III.NFO,18/09/2024,09:27:52,52880.1,52882.65,30,52888,15,0,73095
BANKNIFTY-III.NFO,18/09/2024,09:27:54,52880.1,52885.7,30,52888,15,0,73095
BANKNIFTY-III.NFO,18/09/2024,09:27:55,52884.3,52887.25,150,52889,15,30,73095
BANKNIFTY-III.NFO,18/09/2024,09:27:55,52888,52887.25,150,52889,15,0,73095
BANKNIFTY-III.NFO,18/09/2024,09:27:57,52880.4,52879.25,15,52888.35,30,60,73095
BANKNIFTY-III.NFO,18/09/2024,09:27:59,52879.2,52879.1,15,52886.05,60,15,73095
BANKNIFTY-III.NFO,18/09/2024,09:28:00,52884.7,52879.1,15,52885.75,60,15,73095
BANKNIFTY-III.NFO,18/09/2024,09:28:02,52884.7,52879.1,15,52881.8,60,0,73095
BANKNIFTY-III.NFO,18/09/2024,09:28:04,52879.1,52871.4,150,52876.55,150,15,73095
BANKNIFTY-III.NFO,18/09/2024,09:28:06,52868.65,52868.6,150,52876.3,30,15,73095
BANKNIFTY-III.NFO,18/09/2024,09:28:07,52868.65,52868.95,150,52873.85,150,0,73095
BANKNIFTY-III.NFO,18/09/2024,09:28:09,52868.65,52866.2,150,52871.05,30,0,73095
BANKNIFTY-III.NFO,18/09/2024,09:28:11,52868.65,52867.5,150,52868.65,15,0,73095
BANKNIFTY-III.NFO,18/09/2024,09:28:13,52868.65,52863,150,52868.45,180,0,73095
BANKNIFTY-III.NFO,18/09/2024,09:28:14,52868.65,52870.75,150,52877.95,30,15,73095
BANKNIFTY-III.NFO,18/09/2024,09:28:16,52868.65,52865.85,150,52872.2,30,0,73095
BANKNIFTY-III.NFO,18/09/2024,09:28:18,52868.65,52863.55,75,52870.5,30,15,73095
BANKNIFTY-III.NFO,18/09/2024,09:28:19,52868.65,52866.8,150,52873.2,30,0,73095
BANKNIFTY-III.NFO,18/09/2024,09:28:21,52869.15,52869.25,90,52876,30,150,73095
BANKNIFTY-III.NFO,18/09/2024,09:28:22,52869.15,52866.9,90,52875.25,30,0,73095
BANKNIFTY-III.NFO,18/09/2024,09:28:24,52869.15,52868.85,90,52876.7,150,0,73095
BANKNIFTY-III.NFO,18/09/2024,09:28:26,52872.8,52871.9,150,52880.15,30,90,73095
BANKNIFTY-III.NFO,18/09/2024,09:28:27,52872.5,52874.05,150,52884.9,60,30,73095
BANKNIFTY-III.NFO,18/09/2024,09:28:29,52872.5,52876.4,150,52885.8,60,0,73095
BANKNIFTY-III.NFO,18/09/2024,09:28:31,52872.5,52870.55,165,52882.05,75,0,73095
BANKNIFTY-III.NFO,18/09/2024,09:28:32,52870.55,52876.55,165,52886.45,30,15,73095
BANKNIFTY-III.NFO,18/09/2024,09:28:34,52870.55,52878.25,150,52887.05,45,0,73095
BANKNIFTY-III.NFO,18/09/2024,09:28:36,52870.55,52878.05,150,52885.45,45,0,73095
BANKNIFTY-III.NFO,18/09/2024,09:28:37,52870.55,52879.35,90,52880.1,15,0,73095
BANKNIFTY-III.NFO,18/09/2024,09:28:39,52880.1,52881.9,75,52887.8,30,15,73095
BANKNIFTY-III.NFO,18/09/2024,09:28:41,52880.1,52881.35,75,52887.95,30,0,73095
BANKNIFTY-III.NFO,18/09/2024,09:28:42,52880.1,52883.05,75,52887.95,30,0,73095
BANKNIFTY-III.NFO,18/09/2024,09:28:44,52880.1,52879.8,75,52887.65,30,0,73095
BANKNIFTY-III.NFO,18/09/2024,09:28:46,52885,52882.4,75,52885,15,15,73095
BANKNIFTY-III.NFO,18/09/2024,09:28:47,52881.35,52882.55,60,52885,15,15,73095
BANKNIFTY-III.NFO,18/09/2024,09:28:49,52885,52881.5,45,52887.95,30,15,73095
BANKNIFTY-III.NFO,18/09/2024,09:28:50,52885,52881.45,45,52887.95,30,0,73095
BANKNIFTY-III.NFO,18/09/2024,09:28:52,52885,52882.85,45,52887.95,30,0,73095
BANKNIFTY-III.NFO,18/09/2024,09:28:54,52885,52884.45,45,52888,195,0,73095
BANKNIFTY-III.NFO,18/09/2024,09:28:55,52885,52882.95,45,52888,195,0,73095
BANKNIFTY-III.NFO,18/09/2024,09:28:57,52885.3,52885,15,52888,180,30,73095
BANKNIFTY-III.NFO,18/09/2024,09:28:59,52885.3,52885,15,52888,180,0,73095
BANKNIFTY-III.NFO,18/09/2024,09:29:00,52885,52882,15,52887.75,180,15,73095
BANKNIFTY-III.NFO,18/09/2024,09:29:02,52885,52878.15,15,52884.15,150,0,73095
BANKNIFTY-III.NFO,18/09/2024,09:29:04,52878.85,52873.9,15,52877.95,135,30,73095
BANKNIFTY-III.NFO,18/09/2024,09:29:05,52878.85,52877.25,15,52879.3,135,0,73095
BANKNIFTY-III.NFO,18/09/2024,09:29:07,52880.05,52876.15,15,52880.95,150,30,73095
BANKNIFTY-III.NFO,18/09/2024,09:29:09,52877.5,52874.55,15,52876.75,120,30,73095
BANKNIFTY-III.NFO,18/09/2024,09:29:10,52877.5,52874.7,15,52876.3,120,0,73095
BANKNIFTY-III.NFO,18/09/2024,09:29:12,52877.5,52876.9,15,52879.1,120,0,73095
BANKNIFTY-III.NFO,18/09/2024,09:29:13,52877.5,52875.65,15,52877,150,0,73095
BANKNIFTY-III.NFO,18/09/2024,09:29:15,52877.5,52875,240,52875.8,150,0,73095
BANKNIFTY-III.NFO,18/09/2024,09:29:17,52875,52870.85,15,52875.35,30,240,73095
BANKNIFTY-III.NFO,18/09/2024,09:29:18,52875,52876.15,15,52880.15,150,0,73095
BANKNIFTY-III.NFO,18/09/2024,09:29:20,52877.95,52871.3,30,52879.2,150,30,73095
BANKNIFTY-III.NFO,18/09/2024,09:29:22,52882,52876.3,90,52885.2,150,15,73095
BANKNIFTY-III.NFO,18/09/2024,09:29:23,52882,52870,315,52880.35,60,0,73095
BANKNIFTY-III.NFO,18/09/2024,09:29:25,52875,52870,315,52876,150,15,73095
BANKNIFTY-III.NFO,18/09/2024,09:29:27,52875,52870.9,30,52874.9,120,0,73095
BANKNIFTY-III.NFO,18/09/2024,09:29:28,52878,52870.95,30,52874.4,90,30,73095
BANKNIFTY-III.NFO,18/09/2024,09:29:30,52878,52870,315,52873.4,90,0,73095
BANKNIFTY-III.NFO,18/09/2024,09:29:32,52873.45,52873.1,30,52875,15,30,73095
BANKNIFTY-III.NFO,18/09/2024,09:29:33,52875,52874.8,30,52881.4,60,15,73095
BANKNIFTY-III.NFO,18/09/2024,09:29:35,52875,52877.3,30,52885.3,60,0,73095
BANKNIFTY-III.NFO,18/09/2024,09:29:37,52875,52881.5,30,52887,180,0,73095
BANKNIFTY-III.NFO,18/09/2024,09:29:38,52875,52876.55,30,52884.35,60,0,73095
BANKNIFTY-III.NFO,18/09/2024,09:29:40,52875,52880.25,30,52886.95,30,0,73095
BANKNIFTY-III.NFO,18/09/2024,09:29:41,52875,52880.9,30,52887,180,0,73095
BANKNIFTY-III.NFO,18/09/2024,09:29:43,52880.75,52876.45,15,52879.3,120,15,73095
BANKNIFTY-III.NFO,18/09/2024,09:29:45,52878.25,52875.75,75,52879.7,105,15,73095
BANKNIFTY-III.NFO,18/09/2024,09:29:46,52878.25,52878.35,135,52880.9,105,0,73095
BANKNIFTY-III.NFO,18/09/2024,09:29:48,52884.95,52881.6,15,52887,180,120,73095
BANKNIFTY-III.NFO,18/09/2024,09:29:50,52877.1,52874.3,30,52884.8,60,195,73095
BANKNIFTY-III.NFO,18/09/2024,09:29:51,52877.1,52879.95,15,52885.7,60,0,73095
BANKNIFTY-III.NFO,18/09/2024,09:29:53,52877.1,52880.95,15,52887,180,0,73095
BANKNIFTY-III.NFO,18/09/2024,09:29:55,52877.1,52881.05,15,52887,180,0,73095
BANKNIFTY-III.NFO,18/09/2024,09:29:56,52877.1,52879.75,15,52886.2,60,0,73095
BANKNIFTY-III.NFO,18/09/2024,09:29:58,52877.1,52881.05,15,52885.6,60,0,73095
BANKNIFTY-III.NFO,18/09/2024,09:30:00,52887,52883.65,15,52887,135,45,73095
BANKNIFTY-III.NFO,18/09/2024,09:30:01,52880.45,52870.2,30,52880.5,75,45,73095
BANKNIFTY-III.NFO,18/09/2024,09:30:03,52879.6,52871.25,15,52875.95,45,30,73095
BANKNIFTY-III.NFO,18/09/2024,09:30:04,52874.35,52870.4,30,52883.65,60,45,73095
BANKNIFTY-III.NFO,18/09/2024,09:30:06,52874.35,52873.55,15,52885.75,60,0,73095
BANKNIFTY-III.NFO,18/09/2024,09:30:08,52874.35,52870.9,30,52884.2,60,0,73095
BANKNIFTY-III.NFO,18/09/2024,09:30:09,52870.2,52870,315,52877.45,60,30,73095
BANKNIFTY-III.NFO,18/09/2024,09:30:11,52877.45,52870.95,30,52881.85,60,15,73095
BANKNIFTY-III.NFO,18/09/2024,09:30:13,52877.45,52872.25,45,52882.6,30,0,73095
BANKNIFTY-III.NFO,18/09/2024,09:30:14,52877.45,52873,15,52882.15,60,0,73095
BANKNIFTY-III.NFO,18/09/2024,09:30:16,52877.45,52871.15,30,52882.35,60,0,73095
BANKNIFTY-III.NFO,18/09/2024,09:30:18,52877.45,52872.6,45,52882.55,60,0,73095
BANKNIFTY-III.NFO,18/09/2024,09:30:20,52877.45,52877.45,105,52882.2,60,0,73095
BANKNIFTY-III.NFO,18/09/2024,09:30:21,52877.45,52877.45,105,52884.35,30,0,73095
BANKNIFTY-III.NFO,18/09/2024,09:30:23,52877.45,52877.45,105,52883.25,30,0,73095
BANKNIFTY-III.NFO,18/09/2024,09:30:25,52877.45,52877.45,105,52884.05,60,0,73095
BANKNIFTY-III.NFO,18/09/2024,09:30:26,52877.45,52877.45,105,52880.2,30,0,73095
BANKNIFTY-III.NFO,18/09/2024,09:30:28,52877.45,52877.45,105,52881.35,60,0,73095
BANKNIFTY-III.NFO,18/09/2024,09:30:30,52877.45,52879.15,15,52885,15,0,73095
BANKNIFTY-III.NFO,18/09/2024,09:30:31,52877.45,52878.5,30,52885,15,0,73095
BANKNIFTY-III.NFO,18/09/2024,09:30:33,52877.45,52877.45,105,52884.3,60,0,73095
BANKNIFTY-III.NFO,18/09/2024,09:30:35,52877.45,52880.1,15,52885,15,0,73095
BANKNIFTY-III.NFO,18/09/2024,09:30:36,52877.45,52877.45,105,52885,15,0,73095
BANKNIFTY-III.NFO,18/09/2024,09:30:40,52877.45,52882.95,15,52885,15,0,73095
BANKNIFTY-III.NFO,18/09/2024,09:30:41,52887,52886.2,45,52890,45,135,73095
BANKNIFTY-III.NFO,18/09/2024,09:30:43,52895,52891.55,45,52895,900,75,73590
BANKNIFTY-III.NFO,18/09/2024,09:30:43,52895,52891.55,45,52895,900,0,73590
BANKNIFTY-III.NFO,18/09/2024,09:30:45,52889.75,52887.95,30,52895,900,15,73590
BANKNIFTY-III.NFO,18/09/2024,09:30:46,52889.75,52890,15,52894.95,30,0,73590
BANKNIFTY-III.NFO,18/09/2024,09:30:48,52890,52878.7,15,52893.55,75,15,73590
BANKNIFTY-III.NFO,18/09/2024,09:30:50,52890,52884.9,15,52894.3,30,0,73590
BANKNIFTY-III.NFO,18/09/2024,09:30:51,52890,52886.2,30,52893.55,150,0,73590
BANKNIFTY-III.NFO,18/09/2024,09:30:53,52890,52887.95,15,52892,45,0,73590
BANKNIFTY-III.NFO,18/09/2024,09:30:55,52892,52890.7,15,52892,30,15,73590
BANKNIFTY-III.NFO,18/09/2024,09:30:56,52891.15,52891.2,30,52892,15,30,73590
BANKNIFTY-III.NFO,18/09/2024,09:30:58,52892,52890,15,52895,900,15,73590
BANKNIFTY-III.NFO,18/09/2024,09:31:00,52892,52892,15,52895,900,0,73590
BANKNIFTY-III.NFO,18/09/2024,09:31:01,52892,52890.05,15,52895,900,15,73590
BANKNIFTY-III.NFO,18/09/2024,09:31:03,52892,52891.65,150,52895,900,0,73590
BANKNIFTY-III.NFO,18/09/2024,09:31:05,52892,52890.05,15,52895,900,30,73590
BANKNIFTY-III.NFO,18/09/2024,09:31:06,52895,52892,30,52895,885,15,73590
BANKNIFTY-III.NFO,18/09/2024,09:31:08,52895,52892,30,52895,885,0,73590
BANKNIFTY-III.NFO,18/09/2024,09:31:14,52895,52892,30,52895,900,0,73590
BANKNIFTY-III.NFO,18/09/2024,09:31:16,52895,52893.25,30,52895,825,75,73590
BANKNIFTY-III.NFO,18/09/2024,09:31:18,52895,52891,30,52895,495,330,73590
BANKNIFTY-III.NFO,18/09/2024,09:31:19,52895,52892.8,150,52895,480,15,73590
BANKNIFTY-III.NFO,18/09/2024,09:31:21,52895,52891.5,30,52895,480,0,73590
BANKNIFTY-III.NFO,18/09/2024,09:31:23,52892,52891.3,15,52895,480,15,73590
BANKNIFTY-III.NFO,18/09/2024,09:31:24,52894.5,52892,15,52895,480,315,73590
BANKNIFTY-III.NFO,18/09/2024,09:31:26,52892.05,52890.5,150,52894.05,150,165,73590
BANKNIFTY-III.NFO,18/09/2024,09:31:28,52893.9,52890.15,15,52895,480,195,73590
BANKNIFTY-III.NFO,18/09/2024,09:31:29,52895,52892.6,15,52895,225,255,73590
BANKNIFTY-III.NFO,18/09/2024,09:31:31,52889.75,52887.35,15,52891.55,150,90,73590
BANKNIFTY-III.NFO,18/09/2024,09:31:33,52887.65,52880,15,52887.55,150,165,73590
BANKNIFTY-III.NFO,18/09/2024,09:31:34,52884.15,52883.4,30,52894.05,75,150,73590
BANKNIFTY-III.NFO,18/09/2024,09:31:36,52884.15,52877.8,15,52894.6,60,0,73590
BANKNIFTY-III.NFO,18/09/2024,09:31:38,52884.15,52878.5,30,52887.6,30,0,73590
BANKNIFTY-III.NFO,18/09/2024,09:31:39,52887.6,52879.55,30,52888,30,30,73590
BANKNIFTY-III.NFO,18/09/2024,09:31:41,52884.15,52879.2,15,52889.6,60,15,73590
BANKNIFTY-III.NFO,18/09/2024,09:31:43,52884.15,52881.9,15,52890.95,30,0,73590
BANKNIFTY-III.NFO,18/09/2024,09:31:44,52884.15,52880.9,15,52890.65,30,0,73590
BANKNIFTY-III.NFO,18/09/2024,09:31:46,52884.15,52889.65,15,52892.6,60,0,73590
BANKNIFTY-III.NFO,18/09/2024,09:31:48,52884.15,52889.65,15,52891.55,90,0,73590
BANKNIFTY-III.NFO,18/09/2024,09:31:49,52884.15,52889.65,15,52894.45,60,0,73590
BANKNIFTY-III.NFO,18/09/2024,09:31:51,52884.15,52889.65,15,52894.95,60,0,73590
BANKNIFTY-III.NFO,18/09/2024,09:31:53,52884.15,52889.65,15,52893.7,90,0,73590
BANKNIFTY-III.NFO,18/09/2024,09:31:54,52884.15,52889.65,15,52894.95,60,0,73590
BANKNIFTY-III.NFO,18/09/2024,09:31:56,52884.15,52889.65,15,52895,225,0,73590
BANKNIFTY-III.NFO,18/09/2024,09:31:58,52884.15,52889.65,15,52894.95,60,0,73590
BANKNIFTY-III.NFO,18/09/2024,09:31:59,52884.15,52889.65,15,52894.75,60,0,73590
BANKNIFTY-III.NFO,18/09/2024,09:32:01,52884.15,52889.65,15,52893.85,60,0,73590
BANKNIFTY-III.NFO,18/09/2024,09:32:03,52884.15,52889.65,15,52893.05,60,0,73590
BANKNIFTY-III.NFO,18/09/2024,09:32:04,52884.15,52889.65,15,52893.45,60,0,73590
BANKNIFTY-III.NFO,18/09/2024,09:32:06,52884.15,52889.65,15,52890.45,60,0,73590
BANKNIFTY-III.NFO,18/09/2024,09:32:08,52884.15,52889.65,15,52891.45,60,0,73590
BANKNIFTY-III.NFO,18/09/2024,09:32:09,52884.15,52889.65,15,52891.7,60,0,73590
BANKNIFTY-III.NFO,18/09/2024,09:32:11,52884.15,52889.65,15,52892.4,90,0,73590
BANKNIFTY-III.NFO,18/09/2024,09:32:13,52889.65,52885,15,52891.5,60,15,73590
BANKNIFTY-III.NFO,18/09/2024,09:32:14,52892.9,52885,15,52893.65,75,30,73590
BANKNIFTY-III.NFO,18/09/2024,09:32:16,52893.65,52885,15,52891.55,30,60,73590
BANKNIFTY-III.NFO,18/09/2024,09:32:18,52893.65,52885,15,52893.85,45,0,73590
BANKNIFTY-III.NFO,18/09/2024,09:32:19,52893.65,52885,15,52890.05,30,0,73590
BANKNIFTY-III.NFO,18/09/2024,09:32:21,52888.35,52885,15,52893.6,30,30,73590
BANKNIFTY-III.NFO,18/09/2024,09:32:23,52885,52884.2,60,52894,45,15,73590
BANKNIFTY-III.NFO,18/09/2024,09:32:24,52884.15,52877.45,105,52887.7,45,15,73590
BANKNIFTY-III.NFO,18/09/2024,09:32:26,52884.15,52885,15,52887.1,30,0,73590
BANKNIFTY-III.NFO,18/09/2024,09:32:28,52885,52877.45,105,52880.85,30,15,73590
BANKNIFTY-III.NFO,18/09/2024,09:32:29,52875.35,52870,300,52875.5,180,120,73590
BANKNIFTY-III.NFO,18/09/2024,09:32:31,52875.35,52870,300,52876.65,150,0,73590
BANKNIFTY-III.NFO,18/09/2024,09:32:33,52875.35,52870,300,52874.6,120,0,73590
BANKNIFTY-III.NFO,18/09/2024,09:32:34,52875.35,52870,300,52876.65,180,0,73590
BANKNIFTY-III.NFO,18/09/2024,09:32:36,52870,52870,75,52874.95,105,225,73590
BANKNIFTY-III.NFO,18/09/2024,09:32:38,52870,52870,75,52874.35,120,0,73590
BANKNIFTY-III.NFO,18/09/2024,09:32:39,52874.35,52870,75,52876.65,120,15,73590
BANKNIFTY-III.NFO,18/09/2024,09:32:41,52870,52870,60,52878.9,120,15,73590
BANKNIFTY-III.NFO,18/09/2024,09:32:43,52870,52870,60,52875.9,45,0,73590
BANKNIFTY-III.NFO,18/09/2024,09:32:44,52870,52870,60,52880.75,60,0,73590
BANKNIFTY-III.NFO,18/09/2024,09:32:46,52870,52870,60,52877.45,30,0,73590
BANKNIFTY-III.NFO,18/09/2024,09:32:48,52870,52870.9,60,52884.3,60,0,73590
BANKNIFTY-III.NFO,18/09/2024,09:32:49,52870,52868.2,30,52870,15,60,73590
BANKNIFTY-III.NFO,18/09/2024,09:32:51,52870,52866,75,52879.75,30,15,73590
BANKNIFTY-III.NFO,18/09/2024,09:32:53,52870,52868.35,60,52882.35,75,0,73590
BANKNIFTY-III.NFO,18/09/2024,09:32:54,52870,52865.95,60,52878.5,30,0,73590
BANKNIFTY-III.NFO,18/09/2024,09:32:56,52870,52866.85,75,52879.95,30,0,73590
BANKNIFTY-III.NFO,18/09/2024,09:32:58,52870,52872,60,52885.35,75,0,73590
BANKNIFTY-III.NFO,18/09/2024,09:32:59,52870.3,52870.3,60,52884.7,15,15,73590
BANKNIFTY-III.NFO,18/09/2024,09:33:01,52870.3,52874.1,15,52884.7,45,0,73590
BANKNIFTY-III.NFO,18/09/2024,09:33:03,52870.9,52869.2,75,52882.8,60,15,73590
BANKNIFTY-III.NFO,18/09/2024,09:33:04,52870.9,52870.75,30,52874.1,15,0,73590
BANKNIFTY-III.NFO,18/09/2024,09:33:06,52870.9,52867.3,75,52874.1,15,0,73590
BANKNIFTY-III.NFO,18/09/2024,09:33:08,52870.9,52865.75,60,52874.1,15,0,73590
BANKNIFTY-III.NFO,18/09/2024,09:33:09,52870.9,52867.3,60,52874.1,15,0,73590
BANKNIFTY-III.NFO,18/09/2024,09:33:11,52870.9,52867.1,30,52874.1,15,0,73590
BANKNIFTY-III.NFO,18/09/2024,09:33:13,52870.9,52865.5,15,52874.1,60,0,73590
BANKNIFTY-III.NFO,18/09/2024,09:33:15,52865.5,52857.95,30,52866.95,30,15,73590
BANKNIFTY-III.NFO,18/09/2024,09:33:16,52865.5,52856.85,30,52865.7,30,0,73590
BANKNIFTY-III.NFO,18/09/2024,09:33:18,52859.05,52858.9,75,52874,45,15,73590
BANKNIFTY-III.NFO,18/09/2024,09:33:20,52859.05,52861.05,60,52869.7,45,0,73590
BANKNIFTY-III.NFO,18/09/2024,09:33:21,52859.05,52861.05,60,52868.85,45,0,73590
BANKNIFTY-III.NFO,18/09/2024,09:33:23,52866.75,52858.45,60,52863.2,30,15,73590
BANKNIFTY-III.NFO,18/09/2024,09:33:25,52866.75,52858.3,60,52864.3,30,0,73590
BANKNIFTY-III.NFO,18/09/2024,09:33:26,52866.75,52856.15,60,52861.25,30,0,73590
BANKNIFTY-III.NFO,18/09/2024,09:33:28,52866.75,52858.6,60,52863.25,30,0,73590
BANKNIFTY-III.NFO,18/09/2024,09:33:30,52866.75,52860.15,60,52869,60,0,73590
BANKNIFTY-III.NFO,18/09/2024,09:33:31,52866.75,52860.15,60,52866.15,30,0,73590
BANKNIFTY-III.NFO,18/09/2024,09:33:33,52866.75,52860.8,60,52867.4,30,0,73590
BANKNIFTY-III.NFO,18/09/2024,09:33:35,52867.2,52860.95,60,52867.85,30,15,73590
BANKNIFTY-III.NFO,18/09/2024,09:33:36,52867.2,52858.9,60,52864.75,30,0,73590
BANKNIFTY-III.NFO,18/09/2024,09:33:38,52867.2,52859.85,60,52867.05,60,0,73590
BANKNIFTY-III.NFO,18/09/2024,09:33:40,52867.2,52858.9,60,52866.95,30,0,73590
BANKNIFTY-III.NFO,18/09/2024,09:33:41,52867.2,52857.75,60,52871.7,195,0,73590
BANKNIFTY-III.NFO,18/09/2024,09:33:43,52858.9,52860.05,45,52868.95,75,15,73590
BANKNIFTY-III.NFO,18/09/2024,09:33:45,52858.9,52860.05,45,52868.5,195,0,73590
BANKNIFTY-III.NFO,18/09/2024,09:33:46,52858.9,52857.6,120,52864.05,60,0,73590
BANKNIFTY-III.NFO,18/09/2024,09:33:48,52858.9,52854.95,120,52861.55,30,0,73590
BANKNIFTY-III.NFO,18/09/2024,09:33:50,52858.9,52855.15,120,52863.4,30,0,73590
BANKNIFTY-III.NFO,18/09/2024,09:33:51,52858.9,52856.45,120,52866.05,180,0,73590
BANKNIFTY-III.NFO,18/09/2024,09:33:53,52858.9,52858.4,150,52866.25,60,0,73590
BANKNIFTY-III.NFO,18/09/2024,09:33:55,52858.4,52857.05,30,52867.1,180,15,73710
BANKNIFTY-III.NFO,18/09/2024,09:33:56,52858.4,52859,30,52870,15,0,73710
BANKNIFTY-III.NFO,18/09/2024,09:33:58,52858.4,52864.35,30,52870,15,0,73710
BANKNIFTY-III.NFO,18/09/2024,09:34:00,52858.4,52859.95,45,52870,45,0,73710
BANKNIFTY-III.NFO,18/09/2024,09:34:01,52858.4,52861.55,45,52870,45,0,73710
BANKNIFTY-III.NFO,18/09/2024,09:34:03,52858.4,52863.05,60,52870,15,0,73710
BANKNIFTY-III.NFO,18/09/2024,09:34:04,52858.4,52863.25,30,52870,15,0,73710
BANKNIFTY-III.NFO,18/09/2024,09:34:06,52858.4,52864.1,75,52870,15,0,73710
BANKNIFTY-III.NFO,18/09/2024,09:34:08,52858.4,52859.05,60,52870,45,0,73710
BANKNIFTY-III.NFO,18/09/2024,09:34:09,52858.4,52857.3,75,52869.65,165,0,73710
BANKNIFTY-III.NFO,18/09/2024,09:34:11,52858.4,52861,75,52870,15,0,73710
BANKNIFTY-III.NFO,18/09/2024,09:34:13,52858.4,52858.7,60,52870,60,0,73710
BANKNIFTY-III.NFO,18/09/2024,09:34:14,52858.4,52858.4,15,52869.1,195,0,73710
BANKNIFTY-III.NFO,18/09/2024,09:34:16,52862.45,52858.4,15,52865.3,150,15,73710
BANKNIFTY-III.NFO,18/09/2024,09:34:17,52862.45,52858.4,15,52861.15,60,0,73710
BANKNIFTY-III.NFO,18/09/2024,09:34:19,52858.4,52850,15,52858.85,60,15,73710
BANKNIFTY-III.NFO,18/09/2024,09:34:21,52858.4,52850,15,52858,30,0,73710
BANKNIFTY-III.NFO,18/09/2024,09:34:22,52858.4,52851.5,60,52861.95,60,0,73710
BANKNIFTY-III.NFO,18/09/2024,09:34:24,52858.4,52853.55,60,52867,195,0,73710
BANKNIFTY-III.NFO,18/09/2024,09:34:26,52858.4,52856.95,75,52870,60,0,73710
BANKNIFTY-III.NFO,18/09/2024,09:34:27,52858.4,52861.15,60,52870,45,0,73710
BANKNIFTY-III.NFO,18/09/2024,09:34:29,52858.4,52862.95,60,52870,45,0,73710
BANKNIFTY-III.NFO,18/09/2024,09:34:31,52858.4,52863.15,60,52870,15,0,73710
BANKNIFTY-III.NFO,18/09/2024,09:34:32,52863.85,52867.55,60,52870,15,30,73710
BANKNIFTY-III.NFO,18/09/2024,09:34:34,52870,52871.2,60,52874.1,15,15,73710
BANKNIFTY-III.NFO,18/09/2024,09:34:36,52875,52873.45,60,52883,30,30,73710
BANKNIFTY-III.NFO,18/09/2024,09:34:37,52875,52875.15,60,52883,15,0,73710
BANKNIFTY-III.NFO,18/09/2024,09:34:39,52875,52869.05,75,52881.95,75,0,73710
BANKNIFTY-III.NFO,18/09/2024,09:34:41,52875,52871.7,60,52882.7,45,0,73710
BANKNIFTY-III.NFO,18/09/2024,09:34:42,52875,52874.85,75,52883,15,0,73710
BANKNIFTY-III.NFO,18/09/2024,09:34:44,52875,52877.7,60,52883,15,0,73710
BANKNIFTY-III.NFO,18/09/2024,09:34:46,52875,52879.25,60,52883,15,0,73710
BANKNIFTY-III.NFO,18/09/2024,09:34:47,52875,52877.95,60,52883,15,0,73710
BANKNIFTY-III.NFO,18/09/2024,09:34:49,52875,52877.85,60,52883,15,0,73710
BANKNIFTY-III.NFO,18/09/2024,09:34:51,52875,52881.15,60,52883,15,0,73710
BANKNIFTY-III.NFO,18/09/2024,09:34:52,52883,52884.2,60,52890,15,15,73710
BANKNIFTY-III.NFO,18/09/2024,09:34:54,52883,52882.05,60,52890,15,0,73710
BANKNIFTY-III.NFO,18/09/2024,09:34:56,52883,52882.25,60,52890,45,0,73710
BANKNIFTY-III.NFO,18/09/2024,09:34:57,52883,52880.45,60,52890,15,0,73710
BANKNIFTY-III.NFO,18/09/2024,09:34:59,52883,52875,15,52886.8,75,0,73710
BANKNIFTY-III.NFO,18/09/2024,09:35:01,52883,52875,15,52881.85,75,0,73710
BANKNIFTY-III.NFO,18/09/2024,09:35:02,52883,52875,15,52878.75,60,0,73710
BANKNIFTY-III.NFO,18/09/2024,09:35:04,52875,52864.9,75,52877.35,75,15,73710
BANKNIFTY-III.NFO,18/09/2024,09:35:06,52875,52862.45,60,52876.85,60,0,73710
BANKNIFTY-III.NFO,18/09/2024,09:35:07,52875,52867.35,60,52877.3,30,0,73710
BANKNIFTY-III.NFO,18/09/2024,09:35:09,52875,52868.2,60,52878.25,75,0,73710
BANKNIFTY-III.NFO,18/09/2024,09:35:10,52875,52869.3,150,52879.05,45,0,73710
BANKNIFTY-III.NFO,18/09/2024,09:35:12,52875,52867.85,90,52878.75,45,0,73710
BANKNIFTY-III.NFO,18/09/2024,09:35:14,52875,52871.8,60,52882.6,60,0,73710
BANKNIFTY-III.NFO,18/09/2024,09:35:15,52875,52876.1,60,52884.1,30,0,73710
BANKNIFTY-III.NFO,18/09/2024,09:35:17,52875,52871.45,60,52883.3,75,0,73710
BANKNIFTY-III.NFO,18/09/2024,09:35:19,52875,52870.65,75,52883.2,75,0,73710
BANKNIFTY-III.NFO,18/09/2024,09:35:20,52875,52871.1,60,52882.45,75,0,73710
BANKNIFTY-III.NFO,18/09/2024,09:35:22,52875,52873.55,60,52886.05,60,0,73710
BANKNIFTY-III.NFO,18/09/2024,09:35:24,52875,52874.45,75,52887.2,75,0,73710
BANKNIFTY-III.NFO,18/09/2024,09:35:25,52875,52873.85,60,52886.4,75,0,73710
BANKNIFTY-III.NFO,18/09/2024,09:35:27,52875,52875.1,60,52886.4,60,0,73710
BANKNIFTY-III.NFO,18/09/2024,09:35:29,52875,52873.4,75,52885.2,60,0,73710
BANKNIFTY-III.NFO,18/09/2024,09:35:30,52875,52874.85,90,52886.2,60,0,73710
BANKNIFTY-III.NFO,18/09/2024,09:35:32,52885.85,52873.8,30,52884.7,30,15,73710
BANKNIFTY-III.NFO,18/09/2024,09:35:34,52885.85,52870.6,105,52884.7,60,0,73710
BANKNIFTY-III.NFO,18/09/2024,09:35:35,52885.85,52871.85,60,52883.55,30,0,73710
BANKNIFTY-III.NFO,18/09/2024,09:35:37,52885.85,52871.15,30,52881.7,30,0,73710
BANKNIFTY-III.NFO,18/09/2024,09:35:39,52885.85,52868.5,75,52880.65,30,0,73710
BANKNIFTY-III.NFO,18/09/2024,09:35:40,52885.85,52871.5,75,52885.55,30,0,73710
BANKNIFTY-III.NFO,18/09/2024,09:35:42,52885.85,52873.85,75,52885.55,180,0,73710
BANKNIFTY-III.NFO,18/09/2024,09:35:44,52885.85,52873.65,75,52883.9,15,0,73710
BANKNIFTY-III.NFO,18/09/2024,09:35:45,52885.85,52871.15,75,52884.15,60,0,73710
BANKNIFTY-III.NFO,18/09/2024,09:35:47,52885.85,52873.1,75,52884.2,15,0,73710
BANKNIFTY-III.NFO,18/09/2024,09:35:49,52885.85,52872.95,75,52884.15,15,0,73710
BANKNIFTY-III.NFO,18/09/2024,09:35:50,52885.85,52873.65,75,52884.6,45,0,73710
BANKNIFTY-III.NFO,18/09/2024,09:35:52,52874.6,52873.65,75,52885.45,45,15,73710
BANKNIFTY-III.NFO,18/09/2024,09:35:54,52874.6,52877.75,60,52890,15,0,73710
BANKNIFTY-III.NFO,18/09/2024,09:35:55,52874.6,52879,105,52890,15,0,73710
BANKNIFTY-III.NFO,18/09/2024,09:35:57,52874.6,52877.6,75,52889.7,75,0,73710
BANKNIFTY-III.NFO,18/09/2024,09:35:59,52874.6,52877.6,75,52889.4,75,0,73710
BANKNIFTY-III.NFO,18/09/2024,09:36:00,52874.6,52875.9,75,52889.3,75,0,73710
BANKNIFTY-III.NFO,18/09/2024,09:36:02,52874.6,52876.85,60,52889.7,60,0,73710
BANKNIFTY-III.NFO,18/09/2024,09:36:03,52874.6,52880.95,60,52890,15,0,73710
BANKNIFTY-III.NFO,18/09/2024,09:36:05,52890,52883.1,60,52893.6,30,15,73710
BANKNIFTY-III.NFO,18/09/2024,09:36:07,52890,52884.25,60,52893.65,15,0,73710
BANKNIFTY-III.NFO,18/09/2024,09:36:08,52890,52881,30,52893.6,75,0,73710
BANKNIFTY-III.NFO,18/09/2024,09:36:10,52890,52881.8,60,52893.6,45,0,73710
BANKNIFTY-III.NFO,18/09/2024,09:36:12,52890,52882.6,75,52893.6,30,0,73710
BANKNIFTY-III.NFO,18/09/2024,09:36:13,52890,52881.2,75,52893.6,75,0,73710
BANKNIFTY-III.NFO,18/09/2024,09:36:15,52890,52882.4,75,52893.65,15,0,73710
BANKNIFTY-III.NFO,18/09/2024,09:36:16,52890,52882.65,75,52893.6,60,0,73710
BANKNIFTY-III.NFO,18/09/2024,09:36:18,52890,52881.8,60,52893.6,45,0,73710
BANKNIFTY-III.NFO,18/09/2024,09:36:20,52890,52882.7,90,52893.65,15,0,73710
BANKNIFTY-III.NFO,18/09/2024,09:36:21,52882,52882.65,60,52893.6,75,30,73710
BANKNIFTY-III.NFO,18/09/2024,09:36:23,52882,52884.95,60,52893.65,15,0,73710
BANKNIFTY-III.NFO,18/09/2024,09:36:24,52882,52882.4,60,52893.6,90,0,73710
BANKNIFTY-III.NFO,18/09/2024,09:36:26,52882,52881.35,75,52893.6,105,0,73710
BANKNIFTY-III.NFO,18/09/2024,09:36:28,52882,52883.35,90,52890,15,0,73710
BANKNIFTY-III.NFO,18/09/2024,09:36:29,52882,52879.4,60,52889.95,75,0,73710
BANKNIFTY-III.NFO,18/09/2024,09:36:31,52882,52874.85,60,52886.55,105,0,73710
BANKNIFTY-III.NFO,18/09/2024,09:36:33,52882,52873.95,60,52886.7,75,0,73710
BANKNIFTY-III.NFO,18/09/2024,09:36:34,52882,52874.95,75,52888.75,105,0,73710
BANKNIFTY-III.NFO,18/09/2024,09:36:36,52882,52878.35,60,52889.95,75,0,73710
BANKNIFTY-III.NFO,18/09/2024,09:36:38,52889,52878.85,60,52889.95,75,30,73710
BANKNIFTY-III.NFO,18/09/2024,09:36:39,52889,52878.6,150,52889.95,75,0,73710
BANKNIFTY-III.NFO,18/09/2024,09:36:41,52889,52878.7,60,52889.95,45,0,73710
BANKNIFTY-III.NFO,18/09/2024,09:36:42,52889,52880.05,60,52889.95,30,0,73710
BANKNIFTY-III.NFO,18/09/2024,09:36:44,52889,52880.95,60,52890,15,0,73710
BANKNIFTY-III.NFO,18/09/2024,09:36:46,52889,52880.2,60,52889.95,45,0,73710
BANKNIFTY-III.NFO,18/09/2024,09:36:48,52889,52881.35,60,52890,15,0,73710
BANKNIFTY-III.NFO,18/09/2024,09:36:49,52889,52881.7,60,52890,15,0,73710
BANKNIFTY-III.NFO,18/09/2024,09:36:51,52889,52880.05,60,52889.95,30,0,73710
BANKNIFTY-III.NFO,18/09/2024,09:36:52,52889,52880.5,60,52889.95,30,0,73710
BANKNIFTY-III.NFO,18/09/2024,09:36:54,52889,52881.95,75,52890,15,0,73710
BANKNIFTY-III.NFO,18/09/2024,09:36:56,52889,52882.55,60,52889,15,0,73710
BANKNIFTY-III.NFO,18/09/2024,09:36:57,52889,52885.2,150,52889,15,0,73710
BANKNIFTY-III.NFO,18/09/2024,09:36:59,52889,52884.65,60,52889,15,0,73710
BANKNIFTY-III.NFO,18/09/2024,09:37:02,52889,52888.45,150,52889,15,0,73710
BANKNIFTY-III.NFO,18/09/2024,09:37:04,52889,52886.25,150,52889,15,0,73710
BANKNIFTY-III.NFO,18/09/2024,09:37:05,52889,52883.35,75,52889,15,0,73710
BANKNIFTY-III.NFO,18/09/2024,09:37:07,52883.65,52883.7,60,52890,15,45,73635
BANKNIFTY-III.NFO,18/09/2024,09:37:09,52883.65,52882.9,60,52890,15,0,73635
BANKNIFTY-III.NFO,18/09/2024,09:37:10,52883.65,52881.3,30,52890,15,0,73635
BANKNIFTY-III.NFO,18/09/2024,09:37:12,52883.65,52883.65,60,52890,15,0,73635
BANKNIFTY-III.NFO,18/09/2024,09:37:14,52890,52890.65,150,52893.65,15,15,73635
BANKNIFTY-III.NFO,18/09/2024,09:37:15,52890,52890.8,60,52893.65,15,0,73635
BANKNIFTY-III.NFO,18/09/2024,09:37:17,52894,52894.35,150,52895,225,315,73635
BANKNIFTY-III.NFO,18/09/2024,09:37:18,52894,52894.45,60,52895,225,0,73635
BANKNIFTY-III.NFO,18/09/2024,09:37:20,52900,52896.05,60,52900,165,465,73635
BANKNIFTY-III.NFO,18/09/2024,09:37:20,52900,52896.05,60,52900,165,0,73635
BANKNIFTY-III.NFO,18/09/2024,09:37:22,52900,52898.3,120,52900,165,0,73635
BANKNIFTY-III.NFO,18/09/2024,09:37:23,52900,52897.6,60,52900,30,150,73635
BANKNIFTY-III.NFO,18/09/2024,09:37:25,52903,52901.05,75,52909.5,15,105,73635
BANKNIFTY-III.NFO,18/09/2024,09:37:25,52903,52901.05,75,52909.5,15,0,73635
BANKNIFTY-III.NFO,18/09/2024,09:37:27,52910,52904.9,60,52915,15,45,73635
BANKNIFTY-III.NFO,18/09/2024,09:37:27,52910,52904.9,60,52915,15,0,73635
BANKNIFTY-III.NFO,18/09/2024,09:37:28,52910,52907.9,75,52915,15,0,73635
BANKNIFTY-III.NFO,18/09/2024,09:37:30,52908.9,52907.7,60,52915,15,15,73635
BANKNIFTY-III.NFO,18/09/2024,09:37:32,52908.9,52909.55,75,52919.95,30,0,73635
BANKNIFTY-III.NFO,18/09/2024,09:37:33,52908.9,52909.05,60,52919.95,30,0,73635
BANKNIFTY-III.NFO,18/09/2024,09:37:35,52908.9,52905.25,60,52918.9,60,0,73635
BANKNIFTY-III.NFO,18/09/2024,09:37:37,52908.9,52907.3,30,52919.5,75,0,73635
BANKNIFTY-III.NFO,18/09/2024,09:37:38,52908.9,52904.1,60,52917.85,30,0,73635
BANKNIFTY-III.NFO,18/09/2024,09:37:40,52908.9,52908.4,75,52919.45,30,0,73635
BANKNIFTY-III.NFO,18/09/2024,09:37:41,52908.9,52906.3,60,52917.4,75,0,73635
BANKNIFTY-III.NFO,18/09/2024,09:37:43,52908.9,52908.65,150,52919.3,75,0,73635
BANKNIFTY-III.NFO,18/09/2024,09:37:45,52908.9,52909.2,75,52919.15,30,0,73635
BANKNIFTY-III.NFO,18/09/2024,09:37:46,52908.9,52908.95,75,52919.9,60,0,73635
BANKNIFTY-III.NFO,18/09/2024,09:37:48,52908.9,52905.75,150,52908.9,45,15,73635
BANKNIFTY-III.NFO,18/09/2024,09:37:50,52908.9,52906.3,75,52917.1,60,45,73635
BANKNIFTY-III.NFO,18/09/2024,09:37:51,52908.9,52906.4,60,52916.75,60,0,73635
BANKNIFTY-III.NFO,18/09/2024,09:37:53,52908.9,52907.4,60,52918.3,75,0,73635
BANKNIFTY-III.NFO,18/09/2024,09:37:54,52908.9,52907.6,75,52919.15,75,0,73635
BANKNIFTY-III.NFO,18/09/2024,09:37:56,52908.9,52907.35,75,52917.4,30,0,73635
BANKNIFTY-III.NFO,18/09/2024,09:37:58,52908.9,52909.4,60,52919,60,0,73635
BANKNIFTY-III.NFO,18/09/2024,09:37:59,52908.9,52906.8,60,52919.05,30,0,73635
BANKNIFTY-III.NFO,18/09/2024,09:38:01,52920,52920,15,52925,15,315,73635
BANKNIFTY-III.NFO,18/09/2024,09:38:01,52921,52920,15,52925,15,0,73635
BANKNIFTY-III.NFO,18/09/2024,09:38:02,52920,52923.05,30,52925,15,0,73635
BANKNIFTY-III.NFO,18/09/2024,09:38:04,52920,52913.6,15,52924.95,30,0,73635
BANKNIFTY-III.NFO,18/09/2024,09:38:06,52920,52919.4,15,52925,15,0,73635
BANKNIFTY-III.NFO,18/09/2024,09:38:07,52920,52923.3,15,52925,15,0,73635
BANKNIFTY-III.NFO,18/09/2024,09:38:09,52923.3,52914.75,30,52925,15,30,73635
BANKNIFTY-III.NFO,18/09/2024,09:38:09,52923.35,52914.75,30,52925,15,0,73635
BANKNIFTY-III.NFO,18/09/2024,09:38:11,52914.75,52915.35,30,52925,15,15,73635
BANKNIFTY-III.NFO,18/09/2024,09:38:12,52914.75,52913.9,45,52925,30,0,73635
BANKNIFTY-III.NFO,18/09/2024,09:38:14,52914.75,52911.5,30,52924.95,45,0,73635
BANKNIFTY-III.NFO,18/09/2024,09:38:16,52914.75,52911.5,45,52924.95,45,0,73635
BANKNIFTY-III.NFO,18/09/2024,09:38:17,52914.75,52911.65,45,52924.95,45,0,73635
BANKNIFTY-III.NFO,18/09/2024,09:38:19,52914.75,52911.55,45,52924.95,45,0,73635
BANKNIFTY-III.NFO,18/09/2024,09:38:21,52914.75,52907.4,30,52921.15,45,0,73635
BANKNIFTY-III.NFO,18/09/2024,09:38:22,52914.75,52911.7,30,52920,15,0,73635
BANKNIFTY-III.NFO,18/09/2024,09:38:24,52925,52913.1,30,52925.95,30,30,73635
BANKNIFTY-III.NFO,18/09/2024,09:38:24,52925,52913.1,30,52925.95,30,0,73635
BANKNIFTY-III.NFO,18/09/2024,09:38:26,52925,52913.6,30,52925.95,30,0,73635
BANKNIFTY-III.NFO,18/09/2024,09:38:27,52925,52914.95,15,52925.95,30,0,73635
BANKNIFTY-III.NFO,18/09/2024,09:38:29,52926.95,52916,45,52926.95,30,75,73635
BANKNIFTY-III.NFO,18/09/2024,09:38:29,52927,52916,45,52926.95,30,0,73635
BANKNIFTY-III.NFO,18/09/2024,09:38:31,52926.95,52920.2,15,52927,45,0,73635
BANKNIFTY-III.NFO,18/09/2024,09:38:32,52926.95,52915.2,45,52926.95,30,0,73635
BANKNIFTY-III.NFO,18/09/2024,09:38:34,52926.95,52915.35,30,52926.95,30,0,73635
BANKNIFTY-III.NFO,18/09/2024,09:38:36,52926.95,52914.75,45,52926.15,30,0,73635
BANKNIFTY-III.NFO,18/09/2024,09:38:37,52926.95,52914.9,30,52925.95,30,0,73635
BANKNIFTY-III.NFO,18/09/2024,09:38:39,52926.95,52915.65,30,52926.95,30,0,73635
BANKNIFTY-III.NFO,18/09/2024,09:38:41,52926.95,52919.7,30,52927,45,0,73635
BANKNIFTY-III.NFO,18/09/2024,09:38:42,52926.95,52920,30,52926.95,30,0,73635
BANKNIFTY-III.NFO,18/09/2024,09:38:44,52926.95,52914.8,15,52926.6,75,0,73635
BANKNIFTY-III.NFO,18/09/2024,09:38:46,52925.3,52914.8,15,52924.75,105,30,73635
BANKNIFTY-III.NFO,18/09/2024,09:38:47,52923.8,52914.8,60,52925,60,195,73635
BANKNIFTY-III.NFO,18/09/2024,09:38:49,52923.8,52914.95,75,52925.75,30,0,73635
BANKNIFTY-III.NFO,18/09/2024,09:38:51,52923.8,52920,15,52922.65,30,0,73635
BANKNIFTY-III.NFO,18/09/2024,09:38:52,52920,52914.75,30,52919.8,30,15,73635
BANKNIFTY-III.NFO,18/09/2024,09:38:54,52920,52914.75,30,52922.7,60,0,73635
BANKNIFTY-III.NFO,18/09/2024,09:38:56,52920,52914.75,30,52923.5,60,0,73635
BANKNIFTY-III.NFO,18/09/2024,09:38:57,52920,52914.8,60,52924,60,0,73635
BANKNIFTY-III.NFO,18/09/2024,09:38:59,52920,52914.8,60,52923.2,30,0,73635
BANKNIFTY-III.NFO,18/09/2024,09:39:01,52920,52915.85,60,52920,300,0,73635
BANKNIFTY-III.NFO,18/09/2024,09:39:02,52920,52919.95,60,52924,60,300,73635
BANKNIFTY-III.NFO,18/09/2024,09:39:04,52920,52917.15,60,52924,60,0,73635
BANKNIFTY-III.NFO,18/09/2024,09:39:06,52920,52914.8,60,52924,90,0,73635
BANKNIFTY-III.NFO,18/09/2024,09:39:07,52920,52914.75,30,52922.2,30,0,73635
BANKNIFTY-III.NFO,18/09/2024,09:39:09,52920,52914.75,30,52921.35,30,0,73635
BANKNIFTY-III.NFO,18/09/2024,09:39:11,52915,52914.75,30,52922.85,45,30,73635
BANKNIFTY-III.NFO,18/09/2024,09:39:12,52915,52914.75,30,52919.9,60,0,73635
BANKNIFTY-III.NFO,18/09/2024,09:39:14,52914.75,52914.75,15,52917.8,60,15,73635
BANKNIFTY-III.NFO,18/09/2024,09:39:16,52914.75,52905.35,90,52918,45,15,73635
BANKNIFTY-III.NFO,18/09/2024,09:39:17,52914.75,52914.85,15,52917.65,30,0,73635
BANKNIFTY-III.NFO,18/09/2024,09:39:19,52914.75,52913.5,15,52920,60,0,73635
BANKNIFTY-III.NFO,18/09/2024,09:39:20,52914.75,52913.9,15,52918.45,45,0,73635
BANKNIFTY-III.NFO,18/09/2024,09:39:22,52914.75,52914.1,15,52918.75,45,0,73635
BANKNIFTY-III.NFO,18/09/2024,09:39:24,52909.75,52914.75,15,52920.1,60,30,73635
BANKNIFTY-III.NFO,18/09/2024,09:39:25,52909.75,52914.75,15,52919.8,60,0,73635
BANKNIFTY-III.NFO,18/09/2024,09:39:27,52914.75,52905.85,45,52918.1,75,15,73635
BANKNIFTY-III.NFO,18/09/2024,09:39:29,52914.75,52905.2,30,52916.35,75,0,73635
BANKNIFTY-III.NFO,18/09/2024,09:39:30,52914.75,52907.8,15,52917.1,75,0,73635
BANKNIFTY-III.NFO,18/09/2024,09:39:32,52914.75,52905.3,15,52915.45,225,0,73635
BANKNIFTY-III.NFO,18/09/2024,09:39:34,52912.4,52901.9,30,52915.5,45,300,73635
BANKNIFTY-III.NFO,18/09/2024,09:39:35,52911.8,52904.25,15,52917.95,195,180,73635
BANKNIFTY-III.NFO,18/09/2024,09:39:37,52911.8,52901.3,45,52913.1,195,0,73635
BANKNIFTY-III.NFO,18/09/2024,09:39:39,52911.8,52900.5,45,52913.05,165,0,73635
BANKNIFTY-III.NFO,18/09/2024,09:39:40,52912,52901.15,45,52913.7,165,15,73635
BANKNIFTY-III.NFO,18/09/2024,09:39:42,52912,52902.55,30,52915.7,195,0,73635
BANKNIFTY-III.NFO,18/09/2024,09:39:44,52914.7,52902.2,30,52915.35,45,30,73635
BANKNIFTY-III.NFO,18/09/2024,09:39:45,52914.7,52904.1,45,52917,195,0,73635
BANKNIFTY-III.NFO,18/09/2024,09:39:47,52914.7,52902.05,75,52914.95,195,0,73635
BANKNIFTY-III.NFO,18/09/2024,09:39:49,52914.7,52902.55,45,52915.3,195,0,73635
BANKNIFTY-III.NFO,18/09/2024,09:39:50,52914.7,52905.85,15,52918.9,165,0,73635
BANKNIFTY-III.NFO,18/09/2024,09:39:52,52914.7,52906.8,45,52918.9,180,0,73635
BANKNIFTY-III.NFO,18/09/2024,09:39:54,52914.7,52907.7,45,52921,60,0,73635
BANKNIFTY-III.NFO,18/09/2024,09:39:55,52914.7,52908.45,30,52920.1,165,0,73635
BANKNIFTY-III.NFO,18/09/2024,09:39:57,52918.25,52904.7,30,52916.45,150,30,73905
BANKNIFTY-III.NFO,18/09/2024,09:39:59,52914.7,52906.7,45,52917.3,150,15,73905
BANKNIFTY-III.NFO,18/09/2024,09:40:00,52914.7,52906.55,60,52918.25,15,0,73905
BANKNIFTY-III.NFO,18/09/2024,09:40:02,52914.7,52917.3,60,52918.25,15,0,73905
BANKNIFTY-III.NFO,18/09/2024,09:40:05,52920,52912.9,45,52920,30,60,73905
BANKNIFTY-III.NFO,18/09/2024,09:40:07,52920,52910.3,75,52920,30,0,73905
BANKNIFTY-III.NFO,18/09/2024,09:40:09,52912.7,52912.25,60,52920,30,90,73905
BANKNIFTY-III.NFO,18/09/2024,09:40:10,52912.7,52909.05,60,52916.6,150,0,73905
BANKNIFTY-III.NFO,18/09/2024,09:40:12,52916.45,52909.25,60,52917.35,135,15,73905
BANKNIFTY-III.NFO,18/09/2024,09:40:14,52915.2,52909.8,105,52918.25,150,135,73905
BANKNIFTY-III.NFO,18/09/2024,09:40:15,52915.2,52911.5,60,52919.5,150,0,73905
BANKNIFTY-III.NFO,18/09/2024,09:40:17,52915.2,52909.65,60,52920,45,0,73905
BANKNIFTY-III.NFO,18/09/2024,09:40:19,52915.2,52913.25,30,52920,45,0,73905
BANKNIFTY-III.NFO,18/09/2024,09:40:20,52915.2,52911.8,30,52920,45,0,73905
BANKNIFTY-III.NFO,18/09/2024,09:40:22,52915.2,52910.2,60,52918.8,150,0,73905
BANKNIFTY-III.NFO,18/09/2024,09:40:24,52915.2,52915.2,15,52919.8,150,0,73905
BANKNIFTY-III.NFO,18/09/2024,09:40:25,52915,52912.85,60,52920,45,45,73905
BANKNIFTY-III.NFO,18/09/2024,09:40:27,52915,52913.2,60,52920,45,0,73905
BANKNIFTY-III.NFO,18/09/2024,09:40:29,52915,52914,15,52920,45,0,73905
BANKNIFTY-III.NFO,18/09/2024,09:40:30,52915,52913.35,60,52920,45,0,73905
BANKNIFTY-III.NFO,18/09/2024,09:40:32,52915,52912.7,15,52920,45,0,73905
BANKNIFTY-III.NFO,18/09/2024,09:40:34,52915,52912.85,15,52920,45,30,73905
BANKNIFTY-III.NFO,18/09/2024,09:40:35,52915,52914.35,15,52920,45,0,73905
BANKNIFTY-III.NFO,18/09/2024,09:40:37,52915,52914.45,15,52920,45,0,73905
BANKNIFTY-III.NFO,18/09/2024,09:40:39,52915,52914.5,15,52920,45,0,73905
BANKNIFTY-III.NFO,18/09/2024,09:40:40,52912.85,52917.5,15,52920,45,105,73905
BANKNIFTY-III.NFO,18/09/2024,09:40:42,52920,52915,15,52920,30,15,73905
BANKNIFTY-III.NFO,18/09/2024,09:40:44,52920,52914.85,15,52919.85,150,0,73905
BANKNIFTY-III.NFO,18/09/2024,09:40:45,52920,52913,15,52918.9,150,0,73905
BANKNIFTY-III.NFO,18/09/2024,09:40:47,52920,52920,75,52920.9,135,45,73905
BANKNIFTY-III.NFO,18/09/2024,09:40:49,52920,52913.1,15,52919.9,60,75,73905
BANKNIFTY-III.NFO,18/09/2024,09:40:50,52920,52913.1,15,52918.75,60,0,73905
BANKNIFTY-III.NFO,18/09/2024,09:40:52,52920,52913.05,15,52919.65,60,0,73905
BANKNIFTY-III.NFO,18/09/2024,09:40:54,52920,52914.85,15,52920,15,0,73905
BANKNIFTY-III.NFO,18/09/2024,09:40:55,52920,52916,15,52920,30,0,73905
BANKNIFTY-III.NFO,18/09/2024,09:40:57,52925,52919.35,30,52926.95,30,135,73905
BANKNIFTY-III.NFO,18/09/2024,09:40:59,52930,52924.3,30,52930,45,120,73905
BANKNIFTY-III.NFO,18/09/2024,09:40:59,52930,52924.3,30,52930,45,0,73905
BANKNIFTY-III.NFO,18/09/2024,09:41:00,52930,52920.05,45,52930,45,0,73905
BANKNIFTY-III.NFO,18/09/2024,09:41:05,52930,52920.05,45,52929.95,30,15,73905
BANKNIFTY-III.NFO,18/09/2024,09:41:07,52930,52920.25,30,52933.75,75,30,73905
BANKNIFTY-III.NFO,18/09/2024,09:41:09,52932.4,52921.9,45,52932.7,60,60,73905
BANKNIFTY-III.NFO,18/09/2024,09:41:09,52932.5,52921.9,45,52932.7,60,0,73905
BANKNIFTY-III.NFO,18/09/2024,09:41:10,52932.4,52920.35,15,52930.35,90,0,73905
BANKNIFTY-III.NFO,18/09/2024,09:41:12,52932.4,52920,90,52931.55,105,0,73905
BANKNIFTY-III.NFO,18/09/2024,09:41:14,52932.4,52920,105,52930.15,90,0,73905
BANKNIFTY-III.NFO,18/09/2024,09:41:15,52932.4,52922.25,30,52932.85,90,0,73905
BANKNIFTY-III.NFO,18/09/2024,09:41:17,52932.4,52924.25,15,52934.95,90,0,73905
BANKNIFTY-III.NFO,18/09/2024,09:41:19,52920.2,52920.8,45,52932.5,60,210,73905
BANKNIFTY-III.NFO,18/09/2024,09:41:20,52920.2,52921.8,30,52932.55,75,0,73905
BANKNIFTY-III.NFO,18/09/2024,09:41:22,52920.2,52920.25,30,52932.5,75,0,73905
BANKNIFTY-III.NFO,18/09/2024,09:41:24,52920.2,52920.95,45,52932.15,30,0,73905
BANKNIFTY-III.NFO,18/09/2024,09:41:25,52921.55,52920,90,52931.75,30,15,73905
BANKNIFTY-III.NFO,18/09/2024,09:41:27,52921.55,52920,90,52931.05,45,0,73905
BANKNIFTY-III.NFO,18/09/2024,09:41:29,52930.55,52920.05,30,52931.35,30,15,73905
BANKNIFTY-III.NFO,18/09/2024,09:41:30,52930.55,52921.25,30,52932,15,0,73905
BANKNIFTY-III.NFO,18/09/2024,09:41:32,52930.55,52920.1,30,52930.75,60,0,73905
BANKNIFTY-III.NFO,18/09/2024,09:41:34,52928.2,52920,90,52926.45,75,90,73905
BANKNIFTY-III.NFO,18/09/2024,09:41:35,52928.2,52920.05,15,52928.15,60,0,73905
BANKNIFTY-III.NFO,18/09/2024,09:41:37,52928.2,52922,60,52930,30,0,73905
BANKNIFTY-III.NFO,18/09/2024,09:41:39,52935,52929.05,60,52935,15,90,73905
BANKNIFTY-III.NFO,18/09/2024,09:41:39,52935,52929.05,60,52935,15,0,73905
BANKNIFTY-III.NFO,18/09/2024,09:41:40,52935,52928.6,60,52938.95,30,15,73905
BANKNIFTY-III.NFO,18/09/2024,09:41:42,52938.95,52930.95,15,52939,15,45,73905
BANKNIFTY-III.NFO,18/09/2024,09:41:42,52938.95,52930.95,15,52939,15,0,73905
BANKNIFTY-III.NFO,18/09/2024,09:41:44,52938.95,52935,165,52939,15,0,73905
BANKNIFTY-III.NFO,18/09/2024,09:41:45,52938.95,52935,150,52939,15,0,73905
BANKNIFTY-III.NFO,18/09/2024,09:41:47,52935,52935,135,52939,15,15,73905
BANKNIFTY-III.NFO,18/09/2024,09:41:49,52939,52935,135,52940,60,15,73905
BANKNIFTY-III.NFO,18/09/2024,09:41:49,52939,52935,135,52940,60,0,73905
BANKNIFTY-III.NFO,18/09/2024,09:41:50,52940,52938.95,30,52945,300,60,73905
BANKNIFTY-III.NFO,18/09/2024,09:41:50,52940,52938.95,30,52945,300,0,73905
BANKNIFTY-III.NFO,18/09/2024,09:41:52,52945,52938.95,30,52944.95,15,60,73905
BANKNIFTY-III.NFO,18/09/2024,09:41:52,52945,52938.95,30,52944.95,15,0,73905
BANKNIFTY-III.NFO,18/09/2024,09:41:54,52938.95,52938.95,15,52945,240,15,73905
BANKNIFTY-III.NFO,18/09/2024,09:41:55,52944.95,52938.95,15,52945,225,30,73905
BANKNIFTY-III.NFO,18/09/2024,09:41:57,52944.95,52938.95,15,52945,270,30,73905
BANKNIFTY-III.NFO,18/09/2024,09:41:59,52945,52934.5,15,52945,240,15,73905
BANKNIFTY-III.NFO,18/09/2024,09:42:00,52945,52933.95,60,52945,225,15,73905
BANKNIFTY-III.NFO,18/09/2024,09:42:02,52945,52936.4,15,52945,195,0,73905
BANKNIFTY-III.NFO,18/09/2024,09:42:04,52945.45,52938.7,45,52950,165,225,73905
BANKNIFTY-III.NFO,18/09/2024,09:42:04,52945.45,52938.7,45,52950,165,0,73905
BANKNIFTY-III.NFO,18/09/2024,09:42:05,52945.45,52934.9,75,52948.85,15,0,73905
BANKNIFTY-III.NFO,18/09/2024,09:42:07,52945.45,52936.7,75,52949.7,45,0,73905
BANKNIFTY-III.NFO,18/09/2024,09:42:09,52945.45,52944,15,52950,165,0,73905
BANKNIFTY-III.NFO,18/09/2024,09:42:14,52945.45,52944,15,52945.45,15,0,73905
BANKNIFTY-III.NFO,18/09/2024,09:42:15,52950,52944,15,52950,150,45,73905
BANKNIFTY-III.NFO,18/09/2024,09:42:15,52950,52944,15,52950,150,0,73905
BANKNIFTY-III.NFO,18/09/2024,09:42:17,52950,52945.45,15,52950,45,105,73905
BANKNIFTY-III.NFO,18/09/2024,09:42:19,52950,52945.45,15,52950,45,0,73905
BANKNIFTY-III.NFO,18/09/2024,09:42:22,52950,52945.45,15,52950,60,0,73905
BANKNIFTY-III.NFO,18/09/2024,09:42:24,52950,52945.45,15,52950,105,0,73905
BANKNIFTY-III.NFO,18/09/2024,09:42:25,52939.3,52936.45,60,52949.4,150,45,73905
BANKNIFTY-III.NFO,18/09/2024,09:42:27,52949.75,52938.55,75,52950,120,15,73905
BANKNIFTY-III.NFO,18/09/2024,09:42:29,52949.75,52940.85,90,52950,90,0,73905
BANKNIFTY-III.NFO,18/09/2024,09:42:30,52949.75,52940.7,105,52950,120,0,73905
BANKNIFTY-III.NFO,18/09/2024,09:42:32,52949.75,52940.65,15,52950,135,0,73905
BANKNIFTY-III.NFO,18/09/2024,09:42:34,52949.75,52940.65,15,52949.5,165,0,73905
BANKNIFTY-III.NFO,18/09/2024,09:42:35,52945.9,52936.85,30,52946.7,165,45,73905
BANKNIFTY-III.NFO,18/09/2024,09:42:37,52944.4,52932,30,52941.15,150,30,73905
BANKNIFTY-III.NFO,18/09/2024,09:42:39,52938.6,52931,60,52940.85,150,75,73905
BANKNIFTY-III.NFO,18/09/2024,09:42:40,52938.6,52931.4,90,52937,15,0,73905
BANKNIFTY-III.NFO,18/09/2024,09:42:42,52938.6,52931.05,15,52937,15,0,73905
BANKNIFTY-III.NFO,18/09/2024,09:42:44,52940.6,52931.4,60,52940.7,180,315,73905
BANKNIFTY-III.NFO,18/09/2024,09:42:45,52940.6,52931.05,45,52939.4,150,0,73905
BANKNIFTY-III.NFO,18/09/2024,09:42:47,52940.6,52931.5,60,52941.5,165,0,73905
BANKNIFTY-III.NFO,18/09/2024,09:42:49,52932.45,52932.9,60,52940.6,15,90,74430
BANKNIFTY-III.NFO,18/09/2024,09:42:50,52933.35,52932.9,15,52940.6,15,75,74430
BANKNIFTY-III.NFO,18/09/2024,09:42:52,52933.35,52932.9,15,52940.6,30,0,74430
BANKNIFTY-III.NFO,18/09/2024,09:42:54,52933.35,52932.95,15,52940.6,15,0,74430
BANKNIFTY-III.NFO,18/09/2024,09:42:55,52940.6,52933,30,52944.25,105,15,74430
BANKNIFTY-III.NFO,18/09/2024,09:42:57,52940.6,52932.9,15,52939.95,90,0,74430
BANKNIFTY-III.NFO,18/09/2024,09:42:59,52940.6,52930,135,52939.9,90,0,74430
BANKNIFTY-III.NFO,18/09/2024,09:43:00,52939.4,52930,135,52939.75,240,15,74430
BANKNIFTY-III.NFO,18/09/2024,09:43:02,52939.4,52930.05,15,52938.15,75,0,74430
BANKNIFTY-III.NFO,18/09/2024,09:43:04,52939.4,52930.7,15,52939.65,255,0,74430
BANKNIFTY-III.NFO,18/09/2024,09:43:05,52939.4,52931.5,15,52940.65,105,0,74430
BANKNIFTY-III.NFO,18/09/2024,09:43:07,52939.4,52931.15,15,52940.85,90,0,74430
BANKNIFTY-III.NFO,18/09/2024,09:43:09,52940,52931.55,15,52939.6,255,15,74430
BANKNIFTY-III.NFO,18/09/2024,09:43:10,52931.55,52930.25,15,52939,30,15,74430
BANKNIFTY-III.NFO,18/09/2024,09:43:12,52931.55,52931.4,45,52939,15,0,74430
BANKNIFTY-III.NFO,18/09/2024,09:43:13,52942.4,52932.4,30,52943.7,75,30,74430
BANKNIFTY-III.NFO,18/09/2024,09:43:15,52942.3,52933.65,90,52944.15,210,60,74430
BANKNIFTY-III.NFO,18/09/2024,09:43:17,52942.3,52934,75,52944.15,15,0,74430
BANKNIFTY-III.NFO,18/09/2024,09:43:18,52942.3,52936.7,15,52944.15,45,0,74430
BANKNIFTY-III.NFO,18/09/2024,09:43:20,52942.3,52940,15,52944.15,15,0,74430
BANKNIFTY-III.NFO,18/09/2024,09:43:28,52939.95,52938.2,15,52942.15,90,60,74430
BANKNIFTY-III.NFO,18/09/2024,09:43:30,52939.95,52938.25,30,52942.15,90,0,74430
BANKNIFTY-III.NFO,18/09/2024,09:43:32,52940.3,52940,30,52944.15,15,90,74430
BANKNIFTY-III.NFO,18/09/2024,09:43:33,52940.3,52940,30,52944.15,15,0,74430
BANKNIFTY-III.NFO,18/09/2024,09:43:37,52940.3,52940,30,52943.8,105,0,74430
BANKNIFTY-III.NFO,18/09/2024,09:43:39,52940.3,52940,30,52942.3,60,0,74430
BANKNIFTY-III.NFO,18/09/2024,09:43:40,52936.95,52932.65,30,52940.25,150,840,74430
BANKNIFTY-III.NFO,18/09/2024,09:43:42,52936.95,52934,60,52944.1,60,0,74430
BANKNIFTY-III.NFO,18/09/2024,09:43:44,52936.95,52935.15,60,52944.15,15,0,74430
BANKNIFTY-III.NFO,18/09/2024,09:43:45,52936.95,52933.5,15,52944.1,105,0,74430
BANKNIFTY-III.NFO,18/09/2024,09:43:47,52936.95,52934.65,75,52944.15,15,0,74430
BANKNIFTY-III.NFO,18/09/2024,09:43:49,52944.15,52935.95,60,52947.4,90,15,74430
BANKNIFTY-III.NFO,18/09/2024,09:43:50,52947.35,52936.1,15,52945.4,75,15,74430
BANKNIFTY-III.NFO,18/09/2024,09:43:52,52947.35,52938.55,75,52944.15,15,0,74430
BANKNIFTY-III.NFO,18/09/2024,09:43:54,52947.35,52940,15,52944.15,15,0,74430
BANKNIFTY-III.NFO,18/09/2024,09:43:55,52948.55,52940.05,30,52948.95,30,30,74430
BANKNIFTY-III.NFO,18/09/2024,09:43:57,52948.55,52940,15,52949.95,60,0,74430
BANKNIFTY-III.NFO,18/09/2024,09:43:59,52940,52939.15,15,52948.25,60,15,74430
BANKNIFTY-III.NFO,18/09/2024,09:44:00,52940,52939.15,15,52947.55,75,0,74430
BANKNIFTY-III.NFO,18/09/2024,09:44:02,52945.55,52936.7,30,52945.8,150,90,74430
BANKNIFTY-III.NFO,18/09/2024,09:44:04,52945.55,52936.85,15,52946.1,180,0,74430
BANKNIFTY-III.NFO,18/09/2024,09:44:05,52945.55,52937.75,30,52947.95,180,0,74430
BANKNIFTY-III.NFO,18/09/2024,09:44:07,52945.55,52938.35,15,52947.05,180,0,74430
BANKNIFTY-III.NFO,18/09/2024,09:44:09,52945.55,52934.35,15,52944.25,195,0,74430
BANKNIFTY-III.NFO,18/09/2024,09:44:10,52945.55,52935.85,30,52944.2,150,0,74430
BANKNIFTY-III.NFO,18/09/2024,09:44:12,52945.55,52935.55,15,52945,45,0,74430
BANKNIFTY-III.NFO,18/09/2024,09:44:14,52945.55,52935.85,45,52945,15,0,74430
BANKNIFTY-III.NFO,18/09/2024,09:44:15,52945.55,52935.85,15,52943.3,150,0,74430
BANKNIFTY-III.NFO,18/09/2024,09:44:17,52945.55,52935.9,15,52942.45,150,0,74430
BANKNIFTY-III.NFO,18/09/2024,09:44:19,52945.55,52935.95,15,52941.7,150,0,74430
BANKNIFTY-III.NFO,18/09/2024,09:44:20,52945.55,52930.2,60,52940.2,150,0,74430
BANKNIFTY-III.NFO,18/09/2024,09:44:22,52945.55,52932.85,60,52941.4,150,0,74430
BANKNIFTY-III.NFO,18/09/2024,09:44:24,52945.55,52933.9,30,52941.55,150,0,74430
BANKNIFTY-III.NFO,18/09/2024,09:44:25,52934.7,52935.3,15,52942.95,150,15,74430
BANKNIFTY-III.NFO,18/09/2024,09:44:27,52934.7,52935.5,30,52945,165,0,74430
BANKNIFTY-III.NFO,18/09/2024,09:44:29,52934.7,52936,30,52945,15,0,74430
BANKNIFTY-III.NFO,18/09/2024,09:44:30,52934.7,52936.1,30,52945,15,0,74430
BANKNIFTY-III.NFO,18/09/2024,09:44:32,52934.7,52936,15,52942.85,150,0,74430
BANKNIFTY-III.NFO,18/09/2024,09:44:34,52934.7,52936.2,30,52945,15,0,74430
BANKNIFTY-III.NFO,18/09/2024,09:44:35,52934.7,52936.3,30,52945,15,0,74430
BANKNIFTY-III.NFO,18/09/2024,09:44:37,52936.3,52936.75,15,52943.3,150,15,74430
BANKNIFTY-III.NFO,18/09/2024,09:44:38,52936.3,52936.75,15,52945,15,0,74430
BANKNIFTY-III.NFO,18/09/2024,09:44:40,52936.3,52936.85,30,52945,15,0,74430
BANKNIFTY-III.NFO,18/09/2024,09:44:42,52936.3,52938.2,60,52945,15,0,74430
BANKNIFTY-III.NFO,18/09/2024,09:44:43,52945.55,52945.7,30,52950,195,60,74430
BANKNIFTY-III.NFO,18/09/2024,09:44:45,52945.55,52941.95,15,52950,195,0,74430
BANKNIFTY-III.NFO,18/09/2024,09:44:47,52950,52936.1,30,52944.35,150,15,74430
BANKNIFTY-III.NFO,18/09/2024,09:44:48,52938.3,52936.45,60,52947.7,30,360,74430
BANKNIFTY-III.NFO,18/09/2024,09:44:50,52938.3,52936.55,15,52943.75,30,0,74430
BANKNIFTY-III.NFO,18/09/2024,09:44:52,52938.3,52934.7,30,52939.6,30,0,74430
BANKNIFTY-III.NFO,18/09/2024,09:44:53,52939.6,52934.75,15,52942.05,30,15,74430
BANKNIFTY-III.NFO,18/09/2024,09:44:55,52942.05,52934.75,15,52942.1,105,30,74430
BANKNIFTY-III.NFO,18/09/2024,09:44:56,52942.05,52939.6,15,52940.3,75,0,74430
BANKNIFTY-III.NFO,18/09/2024,09:44:58,52939.6,52934.75,15,52942.5,45,15,74430
BANKNIFTY-III.NFO,18/09/2024,09:45:00,52939.6,52934.7,30,52942.35,90,0,74430
BANKNIFTY-III.NFO,18/09/2024,09:45:01,52930.05,52932.25,15,52940.65,15,135,74430
BANKNIFTY-III.NFO,18/09/2024,09:45:03,52930.05,52933.15,75,52944.6,15,0,74430
BANKNIFTY-III.NFO,18/09/2024,09:45:05,52934.75,52938.25,75,52949,30,15,74430
BANKNIFTY-III.NFO,18/09/2024,09:45:06,52934.75,52936.4,60,52946,30,0,74430
BANKNIFTY-III.NFO,18/09/2024,09:45:08,52934.75,52936.05,15,52944.55,30,0,74430
BANKNIFTY-III.NFO,18/09/2024,09:45:10,52934.75,52936.15,15,52944,30,0,74430
BANKNIFTY-III.NFO,18/09/2024,09:45:11,52934.75,52936.25,15,52945.95,45,0,74430
BANKNIFTY-III.NFO,18/09/2024,09:45:13,52934.75,52933.3,15,52940.75,30,0,74430
BANKNIFTY-III.NFO,18/09/2024,09:45:14,52934.75,52930.1,15,52934.7,45,0,74430
BANKNIFTY-III.NFO,18/09/2024,09:45:16,52931.85,52930,150,52934.7,30,60,74430
BANKNIFTY-III.NFO,18/09/2024,09:45:18,52931.85,52930,150,52934.75,15,0,74430
BANKNIFTY-III.NFO,18/09/2024,09:45:19,52943.1,52930.55,75,52942.75,30,30,74430
BANKNIFTY-III.NFO,18/09/2024,09:45:21,52943.1,52930.05,75,52942.65,15,0,74430
BANKNIFTY-III.NFO,18/09/2024,09:45:23,52931.4,52931.4,60,52941.5,30,30,74430
BANKNIFTY-III.NFO,18/09/2024,09:45:24,52931.4,52932.4,60,52942.3,15,0,74430
BANKNIFTY-III.NFO,18/09/2024,09:45:26,52931.4,52932.4,15,52940.45,30,0,74430
BANKNIFTY-III.NFO,18/09/2024,09:45:28,52931.4,52932.45,60,52941.75,45,0,74430
BANKNIFTY-III.NFO,18/09/2024,09:45:29,52931.4,52932.4,15,52940.25,45,0,74430
BANKNIFTY-III.NFO,18/09/2024,09:45:31,52932,52930,150,52931.4,75,30,74430
BANKNIFTY-III.NFO,18/09/2024,09:45:33,52932,52930,150,52931.4,75,0,74430
BANKNIFTY-III.NFO,18/09/2024,09:45:34,52937.65,52931.4,15,52939.5,30,135,74430
BANKNIFTY-III.NFO,18/09/2024,09:45:36,52937.65,52931.4,15,52938.85,45,0,74430
BANKNIFTY-III.NFO,18/09/2024,09:45:38,52937.65,52931.4,15,52937.85,30,0,74430
BANKNIFTY-III.NFO,18/09/2024,09:45:39,52937.65,52931.4,15,52936.95,30,0,74430
BANKNIFTY-III.NFO,18/09/2024,09:45:41,52937.65,52931.4,15,52938.8,45,0,74430
BANKNIFTY-III.NFO,18/09/2024,09:45:43,52937.65,52931.4,15,52939.05,45,0,74430
BANKNIFTY-III.NFO,18/09/2024,09:45:44,52937.65,52937.65,30,52940.15,45,0,74430
BANKNIFTY-III.NFO,18/09/2024,09:45:46,52937.65,52937.65,15,52943.4,30,30,74460
BANKNIFTY-III.NFO,18/09/2024,09:45:48,52937.65,52937.65,15,52942.65,30,0,74460
BANKNIFTY-III.NFO,18/09/2024,09:45:49,52937.65,52937.65,15,52942.6,30,0,74460
BANKNIFTY-III.NFO,18/09/2024,09:45:51,52937.65,52931.9,30,52937.65,15,15,74460
BANKNIFTY-III.NFO,18/09/2024,09:45:53,52942.4,52933.25,30,52946.6,45,30,74460
BANKNIFTY-III.NFO,18/09/2024,09:45:55,52942.4,52935.75,30,52948.75,45,0,74460
BANKNIFTY-III.NFO,18/09/2024,09:45:56,52942.4,52935.65,45,52948.75,45,0,74460
BANKNIFTY-III.NFO,18/09/2024,09:45:58,52935.65,52935.7,30,52948.75,45,15,74460
BANKNIFTY-III.NFO,18/09/2024,09:46:00,52935.65,52937.45,75,52948.75,30,0,74460
BANKNIFTY-III.NFO,18/09/2024,09:46:01,52935.65,52936.8,60,52949.6,45,0,74460
BANKNIFTY-III.NFO,18/09/2024,09:46:03,52935.65,52942.4,15,52949.6,30,0,74460
BANKNIFTY-III.NFO,18/09/2024,09:46:05,52935.65,52942.4,15,52949.75,75,0,74460
BANKNIFTY-III.NFO,18/09/2024,09:46:06,52935.65,52942.4,15,52949.7,30,0,74460
BANKNIFTY-III.NFO,18/09/2024,09:46:08,52935.65,52942.4,15,52949,45,0,74460
BANKNIFTY-III.NFO,18/09/2024,09:46:10,52949,52936.25,75,52948.95,45,15,74460
BANKNIFTY-III.NFO,18/09/2024,09:46:11,52949,52938.4,60,52949,30,0,74460
BANKNIFTY-III.NFO,18/09/2024,09:46:13,52949,52940.35,60,52949,30,0,74460
BANKNIFTY-III.NFO,18/09/2024,09:46:14,52948.95,52939.9,30,52949,30,15,74460
BANKNIFTY-III.NFO,18/09/2024,09:46:16,52948.95,52934.1,75,52947.65,30,0,74460
BANKNIFTY-III.NFO,18/09/2024,09:46:18,52948.95,52933.75,75,52947.65,45,0,74460
BANKNIFTY-III.NFO,18/09/2024,09:46:19,52948.95,52932.95,75,52947.65,45,0,74460
BANKNIFTY-III.NFO,18/09/2024,09:46:21,52948.95,52937.15,105,52948.95,270,0,74460
BANKNIFTY-III.NFO,18/09/2024,09:46:23,52948.95,52936.5,75,52948.95,285,0,74460
BANKNIFTY-III.NFO,18/09/2024,09:46:24,52948.95,52936.4,75,52948.95,285,0,74460
BANKNIFTY-III.NFO,18/09/2024,09:46:26,52948.95,52936.65,75,52948.95,285,0,74460
BANKNIFTY-III.NFO,18/09/2024,09:46:28,52948.95,52936.4,60,52948.95,285,0,74460
BANKNIFTY-III.NFO,18/09/2024,09:46:29,52948.95,52937,60,52948.95,285,0,74460
BANKNIFTY-III.NFO,18/09/2024,09:46:31,52948.95,52936.95,75,52948.9,45,0,74460
BANKNIFTY-III.NFO,18/09/2024,09:46:33,52948.95,52937.1,60,52948.9,30,0,74460
BANKNIFTY-III.NFO,18/09/2024,09:46:34,52948.95,52936.6,60,52945,240,0,74460
BANKNIFTY-III.NFO,18/09/2024,09:46:38,52948.95,52936.6,60,52945,540,0,74460
BANKNIFTY-III.NFO,18/09/2024,09:46:39,52948.95,52935,15,52944.95,45,0,74460
BANKNIFTY-III.NFO,18/09/2024,09:46:41,52948.95,52935.05,60,52944.95,45,0,74460
BANKNIFTY-III.NFO,18/09/2024,09:46:43,52948.95,52935,150,52944.95,45,0,74460
BANKNIFTY-III.NFO,18/09/2024,09:46:44,52948.95,52935.05,60,52944,15,0,74460
BANKNIFTY-III.NFO,18/09/2024,09:46:46,52948.95,52935.05,60,52943.95,30,0,74460
BANKNIFTY-III.NFO,18/09/2024,09:46:48,52948.95,52935,15,52943.95,45,0,74460
BANKNIFTY-III.NFO,18/09/2024,09:46:51,52948.95,52935,15,52943.8,30,0,74460
BANKNIFTY-III.NFO,18/09/2024,09:46:53,52948.95,52935,15,52942.3,30,0,74460
BANKNIFTY-III.NFO,18/09/2024,09:46:54,52948.95,52935,15,52941.35,30,0,74460
BANKNIFTY-III.NFO,18/09/2024,09:47:03,52931,52931,15,52941.35,30,45,74460
BANKNIFTY-III.NFO,18/09/2024,09:47:04,52931,52931.05,60,52939.95,30,0,74460
BANKNIFTY-III.NFO,18/09/2024,09:47:06,52931,52930.05,60,52939.95,45,15,74460
BANKNIFTY-III.NFO,18/09/2024,09:47:08,52931,52930.05,60,52939.95,45,0,74460
BANKNIFTY-III.NFO,18/09/2024,09:47:16,52931,52930,135,52939.95,45,0,74460
BANKNIFTY-III.NFO,18/09/2024,09:47:19,52931,52930,135,52938.8,30,0,74460
BANKNIFTY-III.NFO,18/09/2024,09:47:23,52930,52920.3,30,52930.95,30,135,74460
BANKNIFTY-III.NFO,18/09/2024,09:47:24,52930,52920.35,60,52930.45,30,0,74460
BANKNIFTY-III.NFO,18/09/2024,09:47:26,52930,52920.3,30,52930.45,45,0,74460
BANKNIFTY-III.NFO,18/09/2024,09:47:28,52930,52920.3,30,52929.95,30,0,74460
BANKNIFTY-III.NFO,18/09/2024,09:47:29,52930,52920.3,30,52929.95,45,0,74460
BANKNIFTY-III.NFO,18/09/2024,09:47:36,52929.95,52920.3,30,52929.05,30,15,74460
BANKNIFTY-III.NFO,18/09/2024,09:47:38,52929.95,52920.3,30,52929.95,45,0,74460
BANKNIFTY-III.NFO,18/09/2024,09:47:39,52929.95,52917.5,75,52929.95,45,0,74460
BANKNIFTY-III.NFO,18/09/2024,09:47:41,52929.95,52917.7,75,52929.95,45,0,74460
BANKNIFTY-III.NFO,18/09/2024,09:47:43,52929.95,52913.55,60,52925.95,30,0,74460
BANKNIFTY-III.NFO,18/09/2024,09:47:44,52929.95,52914.95,75,52927.15,45,0,74460
BANKNIFTY-III.NFO,18/09/2024,09:47:46,52913.65,52913.65,75,52919.9,45,15,74460
BANKNIFTY-III.NFO,18/09/2024,09:47:48,52914.55,52916.1,75,52919.9,45,15,74460
BANKNIFTY-III.NFO,18/09/2024,09:47:49,52914.55,52915.9,60,52919.9,45,0,74460
BANKNIFTY-III.NFO,18/09/2024,09:47:51,52914.55,52916.85,75,52919.9,45,0,74460
BANKNIFTY-III.NFO,18/09/2024,09:47:53,52919.9,52916.25,75,52919.9,30,15,74460
BANKNIFTY-III.NFO,18/09/2024,09:47:54,52920,52918.85,60,52920,150,120,74460
BANKNIFTY-III.NFO,18/09/2024,09:47:56,52917.7,52917.7,60,52920,135,45,74460
BANKNIFTY-III.NFO,18/09/2024,09:47:58,52920,52921.95,75,52925,15,135,74460
BANKNIFTY-III.NFO,18/09/2024,09:47:59,52920,52922.5,75,52925,15,0,74460
BANKNIFTY-III.NFO,18/09/2024,09:48:01,52917.7,52916.5,60,52925,15,60,74460
BANKNIFTY-III.NFO,18/09/2024,09:48:03,52917.7,52919.55,75,52925,15,0,74460
BANKNIFTY-III.NFO,18/09/2024,09:48:04,52917.7,52922.3,75,52925,15,0,74460
BANKNIFTY-III.NFO,18/09/2024,09:48:06,52917.7,52920.55,75,52925,15,0,74460
BANKNIFTY-III.NFO,18/09/2024,09:48:08,52917.7,52924.05,60,52925,15,0,74460
BANKNIFTY-III.NFO,18/09/2024,09:48:09,52925,52923.8,105,52930,15,15,74460
BANKNIFTY-III.NFO,18/09/2024,09:48:11,52925,52926.7,75,52930,15,0,74460
BANKNIFTY-III.NFO,18/09/2024,09:48:12,52930,52929.25,45,52938.9,60,15,74460
BANKNIFTY-III.NFO,18/09/2024,09:48:14,52930,52927.55,90,52938.3,30,0,74460
BANKNIFTY-III.NFO,18/09/2024,09:48:16,52930,52928.2,60,52938,30,0,74460
BANKNIFTY-III.NFO,18/09/2024,09:48:18,52930,52929.2,60,52938.95,60,0,74460
BANKNIFTY-III.NFO,18/09/2024,09:48:19,52930,52929.95,150,52938.95,60,0,74460
BANKNIFTY-III.NFO,18/09/2024,09:48:23,52930,52929.95,150,52938.45,90,0,74460
BANKNIFTY-III.NFO,18/09/2024,09:48:24,52929.95,52927.7,75,52938,30,60,74460
BANKNIFTY-III.NFO,18/09/2024,09:48:26,52929.95,52930,240,52938.55,30,0,74460
BANKNIFTY-III.NFO,18/09/2024,09:48:28,52929.95,52930.5,60,52939,15,0,74460
BANKNIFTY-III.NFO,18/09/2024,09:48:29,52929.95,52931,60,52939,15,0,74460
BANKNIFTY-III.NFO,18/09/2024,09:48:31,52929.95,52931.55,90,52939,15,0,74460
BANKNIFTY-III.NFO,18/09/2024,09:48:33,52939,52934.2,30,52940,15,15,74460
BANKNIFTY-III.NFO,18/09/2024,09:48:34,52939,52936.05,60,52940,15,0,74460
BANKNIFTY-III.NFO,18/09/2024,09:48:36,52939,52938.9,60,52940,15,0,74460
BANKNIFTY-III.NFO,18/09/2024,09:48:38,52943.3,52944.05,75,52949,45,30,74460
BANKNIFTY-III.NFO,18/09/2024,09:48:39,52950,52950.75,60,52960,15,480,74460
BANKNIFTY-III.NFO,18/09/2024,09:48:41,52955,52956.75,60,52960,15,15,74460
BANKNIFTY-III.NFO,18/09/2024,09:48:41,52955,52956.75,60,52960,15,0,74460
BANKNIFTY-III.NFO,18/09/2024,09:48:43,52955,52956.05,75,52960,15,0,74460
BANKNIFTY-III.NFO,18/09/2024,09:48:44,52960,52957.45,45,52965.85,15,15,74460
BANKNIFTY-III.NFO,18/09/2024,09:48:44,52960,52957.45,45,52965.85,15,0,74460
BANKNIFTY-III.NFO,18/09/2024,09:48:46,52965.8,52955.25,60,52964.9,30,15,74865
BANKNIFTY-III.NFO,18/09/2024,09:48:46,52965.8,52955.25,60,52964.9,30,0,74865
BANKNIFTY-III.NFO,18/09/2024,09:48:47,52965.8,52959.7,45,52965.85,15,0,74865
BANKNIFTY-III.NFO,18/09/2024,09:48:49,52956.85,52957.25,30,52965.85,15,15,74865
BANKNIFTY-III.NFO,18/09/2024,09:48:51,52957.55,52958,15,52968.1,30,105,74865
BANKNIFTY-III.NFO,18/09/2024,09:48:51,52965.85,52958,15,52968.1,30,0,74865
BANKNIFTY-III.NFO,18/09/2024,09:48:52,52957.55,52957.05,15,52965.75,30,0,74865
BANKNIFTY-III.NFO,18/09/2024,09:48:54,52957.55,52957.7,150,52965.75,30,0,74865
BANKNIFTY-III.NFO,18/09/2024,09:48:56,52957.55,52958.1,30,52965.8,15,0,74865
BANKNIFTY-III.NFO,18/09/2024,09:48:57,52957.55,52955.25,30,52965.45,30,0,74865
BANKNIFTY-III.NFO,18/09/2024,09:48:59,52957.55,52955.6,45,52965.6,60,0,74865
BANKNIFTY-III.NFO,18/09/2024,09:49:01,52957.55,52956.7,30,52965.8,15,0,74865
BANKNIFTY-III.NFO,18/09/2024,09:49:02,52957.55,52959.8,15,52965.8,15,0,74865
BANKNIFTY-III.NFO,18/09/2024,09:49:04,52957.55,52957.45,15,52965.8,15,0,74865
BANKNIFTY-III.NFO,18/09/2024,09:49:06,52957.55,52958.95,30,52965.8,15,0,74865
BANKNIFTY-III.NFO,18/09/2024,09:49:07,52965.8,52959.65,15,52969,15,15,74865
BANKNIFTY-III.NFO,18/09/2024,09:49:09,52965.8,52958.65,30,52968.35,30,0,74865
BANKNIFTY-III.NFO,18/09/2024,09:49:10,52958.3,52956.65,30,52968.25,45,150,74865
BANKNIFTY-III.NFO,18/09/2024,09:49:12,52969.15,52956.45,60,52967,75,150,74865
BANKNIFTY-III.NFO,18/09/2024,09:49:12,52969.15,52956.45,60,52967,75,0,74865
BANKNIFTY-III.NFO,18/09/2024,09:49:14,52959.5,52958.25,90,52967,15,15,74865
BANKNIFTY-III.NFO,18/09/2024,09:49:15,52959.5,52961.7,15,52970,45,0,74865
BANKNIFTY-III.NFO,18/09/2024,09:49:17,52959.5,52960.25,60,52969.65,30,0,74865
BANKNIFTY-III.NFO,18/09/2024,09:49:19,52959.5,52960.4,15,52968.45,30,0,74865
BANKNIFTY-III.NFO,18/09/2024,09:49:20,52959.5,52959.7,75,52969.95,15,0,74865
BANKNIFTY-III.NFO,18/09/2024,09:49:22,52970,52962.55,75,52970,30,15,74865
BANKNIFTY-III.NFO,18/09/2024,09:49:22,52970,52962.55,75,52970,30,0,74865
BANKNIFTY-III.NFO,18/09/2024,09:49:24,52965,52962.65,60,52970,30,15,74865
BANKNIFTY-III.NFO,18/09/2024,09:49:25,52965,52960.9,60,52969.35,30,0,74865
BANKNIFTY-III.NFO,18/09/2024,09:49:27,52965,52965,240,52965.1,15,0,74865
BANKNIFTY-III.NFO,18/09/2024,09:49:32,52965,52965,225,52965.1,15,15,74865
BANKNIFTY-III.NFO,18/09/2024,09:49:34,52965,52965,225,52965.1,15,0,74865
BANKNIFTY-III.NFO,18/09/2024,09:49:37,52965,52965,195,52969.8,45,30,74865
BANKNIFTY-III.NFO,18/09/2024,09:49:39,52965,52965,195,52965.95,30,0,74865
BANKNIFTY-III.NFO,18/09/2024,09:49:40,52965,52956.65,90,52964.55,30,195,74865
BANKNIFTY-III.NFO,18/09/2024,09:49:42,52965,52956.65,90,52963.45,15,0,74865
BANKNIFTY-III.NFO,18/09/2024,09:49:44,52955,52950.05,135,52957.75,30,15,74865
BANKNIFTY-III.NFO,18/09/2024,09:49:45,52955,52950.1,60,52956.95,30,0,74865
BANKNIFTY-III.NFO,18/09/2024,09:49:47,52955,52950.35,60,52957,15,0,74865
BANKNIFTY-III.NFO,18/09/2024,09:49:49,52955,52950.5,90,52956.95,30,0,74865
BANKNIFTY-III.NFO,18/09/2024,09:49:50,52955,52950.55,60,52957,15,0,74865
BANKNIFTY-III.NFO,18/09/2024,09:49:52,52955,52950.35,45,52956.95,30,0,74865
BANKNIFTY-III.NFO,18/09/2024,09:49:54,52955,52950,15,52955,15,0,74865
BANKNIFTY-III.NFO,18/09/2024,09:49:59,52955,52950,15,52954.95,30,0,74865
BANKNIFTY-III.NFO,18/09/2024,09:50:00,52955,52950,15,52954.55,30,0,74865
BANKNIFTY-III.NFO,18/09/2024,09:50:02,52955,52950,15,52954.55,60,0,74865
BANKNIFTY-III.NFO,18/09/2024,09:50:04,52950,52944.25,15,52953.85,75,15,74865
BANKNIFTY-III.NFO,18/09/2024,09:50:05,52950,52945.8,60,52954.45,30,0,74865
BANKNIFTY-III.NFO,18/09/2024,09:50:07,52950,52947.75,60,52954.65,15,0,74865
BANKNIFTY-III.NFO,18/09/2024,09:50:09,52950,52947.9,15,52954.65,15,0,74865
BANKNIFTY-III.NFO,18/09/2024,09:50:10,52950,52945,60,52954.2,15,0,74865
BANKNIFTY-III.NFO,18/09/2024,09:50:12,52950,52943.55,60,52953.25,45,0,74865
BANKNIFTY-III.NFO,18/09/2024,09:50:14,52950,52950,30,52953.3,30,0,74865
BANKNIFTY-III.NFO,18/09/2024,09:50:15,52950,52950,15,52953.5,15,15,74865
BANKNIFTY-III.NFO,18/09/2024,09:50:17,52950,52942,105,52954.1,75,15,74865
BANKNIFTY-III.NFO,18/09/2024,09:50:19,52950,52944.6,60,52954,30,0,74865
BANKNIFTY-III.NFO,18/09/2024,09:50:20,52950,52947.75,60,52955,15,0,74865
BANKNIFTY-III.NFO,18/09/2024,09:50:22,52950,52950.2,45,52955,15,0,74865
BANKNIFTY-III.NFO,18/09/2024,09:50:24,52958.9,52950.6,60,52960,15,30,74865
BANKNIFTY-III.NFO,18/09/2024,09:50:25,52958.9,52956.05,60,52960,15,0,74865
BANKNIFTY-III.NFO,18/09/2024,09:50:27,52960,52959.55,15,52965,30,60,74865
BANKNIFTY-III.NFO,18/09/2024,09:50:29,52960,52962.6,15,52965,30,0,74865
BANKNIFTY-III.NFO,18/09/2024,09:50:30,52960,52961.45,15,52965,30,0,74865
BANKNIFTY-III.NFO,18/09/2024,09:50:32,52960,52951.35,45,52963,60,0,74865
BANKNIFTY-III.NFO,18/09/2024,09:50:34,52960,52957.75,15,52960,450,0,74865
BANKNIFTY-III.NFO,18/09/2024,09:50:36,52960,52959,45,52960,450,45,74865
BANKNIFTY-III.NFO,18/09/2024,09:50:37,52960,52959.6,90,52960,285,165,74865
BANKNIFTY-III.NFO,18/09/2024,09:50:39,52960,52959.75,45,52960,165,120,74865
BANKNIFTY-III.NFO,18/09/2024,09:50:41,52960,52960.35,45,52965,30,165,74865
BANKNIFTY-III.NFO,18/09/2024,09:50:42,52960,52960.6,45,52965,30,0,74865
BANKNIFTY-III.NFO,18/09/2024,09:50:44,52960,52961.6,60,52965,30,0,74865
BANKNIFTY-III.NFO,18/09/2024,09:50:46,52962.6,52961.95,30,52966,15,90,74865
BANKNIFTY-III.NFO,18/09/2024,09:50:47,52962.6,52964.7,135,52966,15,0,74865
BANKNIFTY-III.NFO,18/09/2024,09:50:49,52966,52959.7,90,52970,45,30,74865
BANKNIFTY-III.NFO,18/09/2024,09:50:51,52966,52961.15,45,52970,45,0,74865
BANKNIFTY-III.NFO,18/09/2024,09:50:52,52966,52961.25,45,52970,45,0,74865
BANKNIFTY-III.NFO,18/09/2024,09:50:54,52966,52961.45,45,52970,45,0,74865
BANKNIFTY-III.NFO,18/09/2024,09:50:56,52966,52962,45,52970,45,0,74865
BANKNIFTY-III.NFO,18/09/2024,09:50:57,52966,52962.1,45,52970,45,0,74865
BANKNIFTY-III.NFO,18/09/2024,09:50:59,52970,52962.2,60,52970,30,15,74865
BANKNIFTY-III.NFO,18/09/2024,09:51:01,52970,52962.25,120,52970,30,15,74865
BANKNIFTY-III.NFO,18/09/2024,09:51:02,52970,52963.75,195,52975,930,30,74865
BANKNIFTY-III.NFO,18/09/2024,09:51:04,52970,52966.45,45,52975,930,0,74865
BANKNIFTY-III.NFO,18/09/2024,09:51:06,52970,52967,15,52975,930,0,74865
BANKNIFTY-III.NFO,18/09/2024,09:51:07,52975,52967.15,165,52975,885,30,74865
BANKNIFTY-III.NFO,18/09/2024,09:51:07,52975,52967.15,165,52975,885,0,74865
BANKNIFTY-III.NFO,18/09/2024,09:51:09,52967.2,52967.4,45,52975,885,15,74865
