Ticker,Date,Time,LTP,BuyPrice,BuyQty,SellPrice,SellQty,LTQ,OpenInterest
BANKNIFTY-I.NFO,04/10/2024,09:15:00,52264.8,52260,30,52264.8,165,30,0
BANKNIFTY-I.NFO,04/10/2024,09:15:00,52264.8,52260,30,52264.8,165,0,0
BANKNIFTY-I.NFO,04/10/2024,09:15:00,52264.8,52260,30,52264.8,165,0,0
BANKNIFTY-I.NFO,04/10/2024,09:15:00,52264.8,52260,30,52264.8,165,0,0
BANKNIFTY-I.NFO,04/10/2024,09:15:01,52243.05,52243,150,52274,15,780,2445285
BANKNIFTY-I.NFO,04/10/2024,09:15:01,52300,52243,150,52274,15,0,2445285
BANKNIFTY-I.NFO,04/10/2024,09:15:01,52231.6,52243,150,52274,15,0,2445285
BANKNIFTY-I.NFO,04/10/2024,09:15:03,52350,52305.15,60,52350,135,1530,2445285
BANKNIFTY-I.NFO,04/10/2024,09:15:03,52350,52305.15,60,52350,135,0,2445285
BANKNIFTY-I.NFO,04/10/2024,09:15:04,52339.25,52339.3,75,52384.45,45,1785,2445285
BANKNIFTY-I.NFO,04/10/2024,09:15:04,52382.95,52339.3,75,52384.45,45,0,2445285
BANKNIFTY-I.NFO,04/10/2024,09:15:06,52328.3,52328.3,15,52355.15,60,1605,2445285
BANKNIFTY-I.NFO,04/10/2024,09:15:07,52316.15,52313.9,60,52328.1,105,645,2445285
BANKNIFTY-I.NFO,04/10/2024,09:15:09,52328.1,52328.3,30,52350,15,750,2446170
BANKNIFTY-I.NFO,04/10/2024,09:15:10,52374.15,52332.25,75,52374.65,45,1200,2446170
BANKNIFTY-I.NFO,04/10/2024,09:15:12,52353.45,52337.15,30,52353.45,195,210,2446170
BANKNIFTY-I.NFO,04/10/2024,09:15:13,52370.6,52342.4,60,52377.35,75,1590,2446170
BANKNIFTY-I.NFO,04/10/2024,09:15:15,52343.55,52343.55,15,52369.9,60,750,2446170
BANKNIFTY-I.NFO,04/10/2024,09:15:16,52384.95,52374.15,30,52383.85,120,1005,2446170
BANKNIFTY-I.NFO,04/10/2024,09:15:16,52385,52374.15,30,52383.85,120,0,2446170
BANKNIFTY-I.NFO,04/10/2024,09:15:18,52363.3,52356.85,120,52374.15,15,450,2446170
BANKNIFTY-I.NFO,04/10/2024,09:15:19,52361.25,52363.2,75,52379,15,600,2446170
BANKNIFTY-I.NFO,04/10/2024,09:15:21,52384.95,52379,15,52384.45,30,555,2446170
BANKNIFTY-I.NFO,04/10/2024,09:15:22,52354.85,52354.85,120,52377.1,75,300,2446170
BANKNIFTY-I.NFO,04/10/2024,09:15:24,52384.45,52354.3,30,52376.55,135,1875,2446170
BANKNIFTY-I.NFO,04/10/2024,09:15:24,52391.6,52354.3,30,52376.55,135,0,2446170
BANKNIFTY-I.NFO,04/10/2024,09:15:25,52341.7,52341.7,90,52353.7,90,1365,2446170
BANKNIFTY-I.NFO,04/10/2024,09:15:27,52357.55,52340.05,120,52357.55,105,675,2446170
BANKNIFTY-I.NFO,04/10/2024,09:15:28,52363.5,52342.5,75,52363.45,135,345,2446170
BANKNIFTY-I.NFO,04/10/2024,09:15:30,52364.05,52344.35,30,52356.35,120,450,2446170
BANKNIFTY-I.NFO,04/10/2024,09:15:32,52348.7,52351.75,105,52365.6,30,915,2446170
BANKNIFTY-I.NFO,04/10/2024,09:15:33,52358.7,52356,180,52360,150,210,2446170
BANKNIFTY-I.NFO,04/10/2024,09:15:35,52375.95,52375.95,30,52379,30,585,2446170
BANKNIFTY-I.NFO,04/10/2024,09:15:36,52365,52365,60,52380.7,120,540,2446170
BANKNIFTY-I.NFO,04/10/2024,09:15:38,52379.6,52365.05,30,52379.65,150,255,2446170
BANKNIFTY-I.NFO,04/10/2024,09:15:39,52360,52360,840,52366,180,885,2446170
BANKNIFTY-I.NFO,04/10/2024,09:15:41,52366,52363.25,90,52366,60,870,2446170
BANKNIFTY-I.NFO,04/10/2024,09:15:42,52368.65,52368.3,180,52375,105,420,2446170
BANKNIFTY-I.NFO,04/10/2024,09:15:44,52364.65,52366,150,52374.95,15,435,2446170
BANKNIFTY-I.NFO,04/10/2024,09:15:45,52370.5,52358.7,30,52370.5,75,705,2446170
BANKNIFTY-I.NFO,04/10/2024,09:15:47,52358.5,52351,15,52358.45,15,720,2446170
BANKNIFTY-I.NFO,04/10/2024,09:15:49,52358.7,52354.15,300,52358.7,240,345,2446170
BANKNIFTY-I.NFO,04/10/2024,09:15:50,52361.1,52356,15,52364.05,60,720,2446170
BANKNIFTY-I.NFO,04/10/2024,09:15:52,52350,52348.8,30,52351.8,120,210,2446170
BANKNIFTY-I.NFO,04/10/2024,09:15:53,52352,52340,120,52354.7,30,3510,2446170
BANKNIFTY-I.NFO,04/10/2024,09:15:55,52327.65,52327.65,120,52339.75,195,1710,2446170
BANKNIFTY-I.NFO,04/10/2024,09:15:56,52325,52325,75,52327.95,180,945,2446170
BANKNIFTY-I.NFO,04/10/2024,09:15:58,52311,52311,375,52315.45,120,795,2446170
BANKNIFTY-I.NFO,04/10/2024,09:16:00,52311,52301.3,135,52313.25,60,585,2446170
BANKNIFTY-I.NFO,04/10/2024,09:16:01,52327.45,52311,525,52319.95,15,495,2446170
BANKNIFTY-I.NFO,04/10/2024,09:16:03,52312.95,52312.8,180,52319.9,105,2190,2446170
BANKNIFTY-I.NFO,04/10/2024,09:16:04,52330.45,52310.05,15,52330.15,150,1110,2446170
BANKNIFTY-I.NFO,04/10/2024,09:16:06,52300.9,52300.35,300,52311,435,870,2446170
BANKNIFTY-I.NFO,04/10/2024,09:16:08,52300,52300,60,52310,120,1050,2446170
BANKNIFTY-I.NFO,04/10/2024,09:16:09,52295.5,52295.25,15,52310,90,660,2446170
BANKNIFTY-I.NFO,04/10/2024,09:16:11,52301.3,52301.45,300,52313.25,15,480,2446170
BANKNIFTY-I.NFO,04/10/2024,09:16:12,52301,52295.5,15,52305,30,405,2446170
BANKNIFTY-I.NFO,04/10/2024,09:16:14,52300.1,52307.35,15,52311.9,150,1380,2446170
BANKNIFTY-I.NFO,04/10/2024,09:16:15,52300,52300.3,180,52307.35,60,195,2446170
BANKNIFTY-I.NFO,04/10/2024,09:16:17,52300,52297.45,300,52305.6,150,615,2446170
BANKNIFTY-I.NFO,04/10/2024,09:16:19,52275,52275,60,52280.3,150,1440,2446170
BANKNIFTY-I.NFO,04/10/2024,09:16:20,52270,52268,15,52270,165,510,2446170
BANKNIFTY-I.NFO,04/10/2024,09:16:22,52276.05,52255.25,120,52269.65,30,1605,2446170
BANKNIFTY-I.NFO,04/10/2024,09:16:24,52259.45,52257.2,255,52270.65,30,1155,2446170
BANKNIFTY-I.NFO,04/10/2024,09:16:25,52252,52251,15,52255.2,15,195,2446170
BANKNIFTY-I.NFO,04/10/2024,09:16:27,52250,52250,1380,52257.2,90,1260,2446170
BANKNIFTY-I.NFO,04/10/2024,09:16:29,52250,52250,975,52255.9,75,990,2446170
BANKNIFTY-I.NFO,04/10/2024,09:16:30,52242.05,52244.3,105,52255,45,1890,2446170
BANKNIFTY-I.NFO,04/10/2024,09:16:32,52235.2,52235.15,30,52242.65,135,705,2446170
BANKNIFTY-I.NFO,04/10/2024,09:16:34,52240.4,52228,60,52242.1,150,660,2446170
BANKNIFTY-I.NFO,04/10/2024,09:16:34,52225.2,52228,60,52242.1,150,0,2446170
BANKNIFTY-I.NFO,04/10/2024,09:16:35,52242.2,52227.6,45,52242,45,270,2446170
BANKNIFTY-I.NFO,04/10/2024,09:16:35,52225,52227.6,45,52242,45,0,2446170
BANKNIFTY-I.NFO,04/10/2024,09:16:37,52235.45,52220.9,30,52237.75,75,165,2446170
BANKNIFTY-I.NFO,04/10/2024,09:16:37,52221,52220.9,30,52237.75,75,0,2446170
BANKNIFTY-I.NFO,04/10/2024,09:16:38,52200.1,52200.1,510,52206.85,60,1575,2446170
BANKNIFTY-I.NFO,04/10/2024,09:16:38,52200.1,52200.1,510,52206.85,60,0,2446170
BANKNIFTY-I.NFO,04/10/2024,09:16:40,52206.35,52206.15,225,52220.2,15,1020,2446170
BANKNIFTY-I.NFO,04/10/2024,09:16:42,52233.3,52219.1,30,52233.85,75,810,2446170
BANKNIFTY-I.NFO,04/10/2024,09:16:44,52223.25,52221.65,105,52230.15,90,660,2446170
BANKNIFTY-I.NFO,04/10/2024,09:16:45,52228.35,52225.2,180,52228.3,15,2010,2446170
BANKNIFTY-I.NFO,04/10/2024,09:16:47,52225.2,52225.2,480,52228.3,15,1440,2446170
BANKNIFTY-I.NFO,04/10/2024,09:16:49,52206.9,52206.9,135,52219,15,780,2446170
BANKNIFTY-I.NFO,04/10/2024,09:16:50,52215.1,52207.4,120,52215.1,15,180,2446170
BANKNIFTY-I.NFO,04/10/2024,09:16:52,52215.05,52206.85,15,52215.05,120,525,2446170
BANKNIFTY-I.NFO,04/10/2024,09:16:53,52201,52200.95,15,52212.15,60,345,2446170
BANKNIFTY-I.NFO,04/10/2024,09:16:55,52189.15,52183,60,52189.15,15,1245,2446170
BANKNIFTY-I.NFO,04/10/2024,09:16:55,52184,52183,60,52189.15,15,0,2446170
BANKNIFTY-I.NFO,04/10/2024,09:16:57,52178.25,52171.55,45,52178.25,195,1755,2446170
BANKNIFTY-I.NFO,04/10/2024,09:16:57,52162,52171.55,45,52178.25,195,0,2446170
BANKNIFTY-I.NFO,04/10/2024,09:16:58,52178.25,52173.4,255,52178.25,45,1665,2446170
BANKNIFTY-I.NFO,04/10/2024,09:17:00,52186.4,52187.15,300,52198.85,75,1785,2446170
BANKNIFTY-I.NFO,04/10/2024,09:17:01,52206.8,52200.6,120,52206.9,150,1320,2446170
BANKNIFTY-I.NFO,04/10/2024,09:17:03,52206.7,52198.85,90,52200,900,1965,2446170
BANKNIFTY-I.NFO,04/10/2024,09:17:05,52199.95,52190,30,52198.95,45,780,2446170
BANKNIFTY-I.NFO,04/10/2024,09:17:06,52188.85,52187.15,270,52199.85,120,1140,2446170
BANKNIFTY-I.NFO,04/10/2024,09:17:08,52199.85,52192,120,52200,90,975,2446170
BANKNIFTY-I.NFO,04/10/2024,09:17:10,52183.25,52184.8,150,52196.8,30,1245,2446170
BANKNIFTY-I.NFO,04/10/2024,09:17:11,52190.85,52191.75,105,52197.95,15,600,2446170
BANKNIFTY-I.NFO,04/10/2024,09:17:13,52200,52198.05,405,52200,90,345,2446170
BANKNIFTY-I.NFO,04/10/2024,09:17:15,52199.9,52198.05,255,52199.95,15,270,2446170
BANKNIFTY-I.NFO,04/10/2024,09:17:16,52200,52198,135,52213.7,120,1890,2446170
BANKNIFTY-I.NFO,04/10/2024,09:17:18,52194.8,52193.15,15,52205.1,45,1005,2446170
BANKNIFTY-I.NFO,04/10/2024,09:17:19,52183.25,52183.25,1845,52187.15,270,780,2446170
BANKNIFTY-I.NFO,04/10/2024,09:17:21,52186.4,52183.25,1725,52186.4,15,285,2446170
BANKNIFTY-I.NFO,04/10/2024,09:17:23,52199.55,52186.45,90,52199.9,15,165,2446170
BANKNIFTY-I.NFO,04/10/2024,09:17:24,52191.55,52191.55,60,52200,30,90,2446170
BANKNIFTY-I.NFO,04/10/2024,09:17:26,52200,52200,45,52204.45,300,150,2446170
BANKNIFTY-I.NFO,04/10/2024,09:17:28,52200,52190.05,15,52198.05,360,630,2446170
BANKNIFTY-I.NFO,04/10/2024,09:17:29,52191.55,52191.55,30,52199.95,120,300,2446170
BANKNIFTY-I.NFO,04/10/2024,09:17:31,52190.05,52186.4,30,52188.15,450,510,2446170
BANKNIFTY-I.NFO,04/10/2024,09:17:33,52187.65,52183.3,45,52185.75,30,600,2446170
BANKNIFTY-I.NFO,04/10/2024,09:17:34,52183.5,52187.95,75,52199.95,120,675,2446170
BANKNIFTY-I.NFO,04/10/2024,09:17:36,52183.25,52183.25,1575,52191.55,180,285,2446170
BANKNIFTY-I.NFO,04/10/2024,09:17:37,52192.7,52183.25,1455,52193,15,420,2446170
BANKNIFTY-I.NFO,04/10/2024,09:17:39,52183.25,52183.25,1050,52189,150,750,2446170
BANKNIFTY-I.NFO,04/10/2024,09:17:41,52184.6,52184.6,270,52194.15,105,495,2446170
BANKNIFTY-I.NFO,04/10/2024,09:17:42,52198.6,52190,15,52198.6,75,75,2446170
BANKNIFTY-I.NFO,04/10/2024,09:17:44,52200,52199,75,52200,75,315,2446170
BANKNIFTY-I.NFO,04/10/2024,09:17:46,52195,52198.6,15,52200,600,390,2446170
BANKNIFTY-I.NFO,04/10/2024,09:17:47,52188.85,52187.55,15,52195,30,225,2446170
BANKNIFTY-I.NFO,04/10/2024,09:17:49,52194.9,52188.45,15,52198.9,75,120,2446170
BANKNIFTY-I.NFO,04/10/2024,09:17:50,52197.7,52197.45,165,52211.65,45,1125,2446170
BANKNIFTY-I.NFO,04/10/2024,09:17:52,52198.05,52200,30,52211.65,60,75,2446170
BANKNIFTY-I.NFO,04/10/2024,09:17:54,52220,52209.65,15,52220,60,315,2446170
BANKNIFTY-I.NFO,04/10/2024,09:17:55,52213.2,52216.75,315,52229.9,15,2685,2446170
BANKNIFTY-I.NFO,04/10/2024,09:17:57,52225.7,52225.65,390,52241.25,120,1095,2446170
BANKNIFTY-I.NFO,04/10/2024,09:17:59,52257.65,52241.3,30,52257.6,135,1335,2446170
BANKNIFTY-I.NFO,04/10/2024,09:18:00,52257.6,52263.6,15,52265.9,30,1005,2446170
BANKNIFTY-I.NFO,04/10/2024,09:18:02,52245,52245,90,52258.75,135,555,2446170
BANKNIFTY-I.NFO,04/10/2024,09:18:04,52257.3,52245,120,52259.9,15,630,2446170
BANKNIFTY-I.NFO,04/10/2024,09:18:05,52245.85,52245.9,135,52262.15,75,195,2446170
BANKNIFTY-I.NFO,04/10/2024,09:18:07,52250,52244.95,210,52250,150,240,2446170
BANKNIFTY-I.NFO,04/10/2024,09:18:08,52249.25,52241.25,15,52249.3,15,345,2477880
BANKNIFTY-I.NFO,04/10/2024,09:18:10,52239.1,52230.05,135,52239.1,45,210,2477880
BANKNIFTY-I.NFO,04/10/2024,09:18:12,52222.45,52221.75,120,52239.3,75,1425,2477880
BANKNIFTY-I.NFO,04/10/2024,09:18:13,52224.15,52222.95,120,52229.85,120,75,2477880
BANKNIFTY-I.NFO,04/10/2024,09:18:15,52240.1,52222.95,120,52240.65,120,300,2477880
BANKNIFTY-I.NFO,04/10/2024,09:18:16,52235.4,52225,15,52230.8,75,480,2477880
BANKNIFTY-I.NFO,04/10/2024,09:18:18,52222.45,52220,90,52221.45,75,240,2477880
BANKNIFTY-I.NFO,04/10/2024,09:18:20,52201.85,52201.85,120,52219.35,15,480,2477880
BANKNIFTY-I.NFO,04/10/2024,09:18:21,52220,52212.4,120,52220,60,960,2477880
BANKNIFTY-I.NFO,04/10/2024,09:18:23,52221.65,52204.3,15,52219.8,75,120,2477880
BANKNIFTY-I.NFO,04/10/2024,09:18:25,52217.35,52204.8,135,52218.4,135,135,2477880
BANKNIFTY-I.NFO,04/10/2024,09:18:26,52211,52211,120,52224.15,15,255,2477880
BANKNIFTY-I.NFO,04/10/2024,09:18:28,52217.35,52216.95,75,52218.5,75,1080,2477880
BANKNIFTY-I.NFO,04/10/2024,09:18:30,52206,52205.05,15,52212.75,150,105,2477880
BANKNIFTY-I.NFO,04/10/2024,09:18:31,52212.75,52206.35,30,52213.2,135,15,2477880
BANKNIFTY-I.NFO,04/10/2024,09:18:33,52212.75,52212.75,15,52216.95,15,375,2477880
BANKNIFTY-I.NFO,04/10/2024,09:18:35,52205.05,52205,15,52213.35,60,240,2477880
BANKNIFTY-I.NFO,04/10/2024,09:18:36,52207.6,52205,15,52206,15,75,2477880
BANKNIFTY-I.NFO,04/10/2024,09:18:38,52198.6,52198.6,75,52199.45,45,1500,2477880
BANKNIFTY-I.NFO,04/10/2024,09:18:40,52200,52193.25,135,52205,30,540,2477880
BANKNIFTY-I.NFO,04/10/2024,09:18:41,52199.45,52194.3,135,52202.1,135,90,2477880
BANKNIFTY-I.NFO,04/10/2024,09:18:43,52196.6,52194.45,270,52196.6,75,180,2477880
BANKNIFTY-I.NFO,04/10/2024,09:18:45,52206,52199.55,165,52210,30,540,2477880
BANKNIFTY-I.NFO,04/10/2024,09:18:47,52212,52202.1,495,52210.7,150,165,2477880
BANKNIFTY-I.NFO,04/10/2024,09:18:48,52207.8,52202.1,345,52207.8,60,240,2477880
BANKNIFTY-I.NFO,04/10/2024,09:18:50,52215.8,52207.8,45,52216.65,60,120,2477880
BANKNIFTY-I.NFO,04/10/2024,09:18:52,52219,52210,30,52220,165,315,2477880
BANKNIFTY-I.NFO,04/10/2024,09:18:53,52216.65,52216.65,60,52219.95,15,225,2477880
BANKNIFTY-I.NFO,04/10/2024,09:18:55,52220,52220,210,52221.55,120,390,2477880
BANKNIFTY-I.NFO,04/10/2024,09:18:57,52211,52205,15,52210.3,30,660,2477880
BANKNIFTY-I.NFO,04/10/2024,09:18:58,52205,52205,105,52205.8,60,45,2477880
BANKNIFTY-I.NFO,04/10/2024,09:19:00,52203.7,52205,15,52209.5,75,255,2477880
BANKNIFTY-I.NFO,04/10/2024,09:19:02,52215,52210.95,435,52213.65,75,105,2477880
BANKNIFTY-I.NFO,04/10/2024,09:19:03,52218.45,52210.95,420,52215.15,45,75,2477880
BANKNIFTY-I.NFO,04/10/2024,09:19:05,52215.3,52211,30,52213.15,15,105,2477880
BANKNIFTY-I.NFO,04/10/2024,09:19:07,52213.65,52210.95,180,52213.95,225,960,2477880
BANKNIFTY-I.NFO,04/10/2024,09:19:08,52214,52210.95,30,52215.4,150,240,2477880
BANKNIFTY-I.NFO,04/10/2024,09:19:10,52215,52211,45,52215,210,165,2477880
BANKNIFTY-I.NFO,04/10/2024,09:19:12,52222.55,52220.05,135,52229.4,15,300,2477880
BANKNIFTY-I.NFO,04/10/2024,09:19:13,52229.2,52220.3,150,52229.2,105,120,2477880
BANKNIFTY-I.NFO,04/10/2024,09:19:15,52240.1,52235.75,135,52245.45,150,540,2477880
BANKNIFTY-I.NFO,04/10/2024,09:19:17,52245.45,52230.85,45,52243,300,195,2477880
BANKNIFTY-I.NFO,04/10/2024,09:19:18,52242.9,52240,15,52242.85,120,120,2477880
BANKNIFTY-I.NFO,04/10/2024,09:19:20,52250,52236.65,30,52250,450,675,2477880
BANKNIFTY-I.NFO,04/10/2024,09:19:22,52233.55,52233.55,15,52248.45,45,225,2477880
BANKNIFTY-I.NFO,04/10/2024,09:19:23,52249.5,52242.4,300,52250,435,315,2477880
BANKNIFTY-I.NFO,04/10/2024,09:19:25,52236.3,52235.95,300,52243.5,150,135,2477880
BANKNIFTY-I.NFO,04/10/2024,09:19:27,52240.35,52240.35,15,52245.2,225,195,2477880
BANKNIFTY-I.NFO,04/10/2024,09:19:28,52244.15,52235.8,15,52245.75,225,120,2477880
BANKNIFTY-I.NFO,04/10/2024,09:19:30,52236.15,52225.35,300,52237.05,225,930,2477880
BANKNIFTY-I.NFO,04/10/2024,09:19:32,52220,52218.15,30,52229.9,120,315,2477880
BANKNIFTY-I.NFO,04/10/2024,09:19:33,52225.6,52226.45,300,52233.15,15,210,2477880
BANKNIFTY-I.NFO,04/10/2024,09:19:35,52216.8,52216.1,30,52228.9,15,465,2477880
BANKNIFTY-I.NFO,04/10/2024,09:19:37,52222.45,52214,60,52224.85,150,270,2477880
BANKNIFTY-I.NFO,04/10/2024,09:19:38,52209.05,52209.05,405,52215.65,15,1455,2477880
BANKNIFTY-I.NFO,04/10/2024,09:19:40,52218.45,52206,90,52209.25,15,690,2477880
BANKNIFTY-I.NFO,04/10/2024,09:19:42,52215.85,52215.8,15,52225.4,285,375,2477880
BANKNIFTY-I.NFO,04/10/2024,09:19:43,52215.75,52218.35,15,52226.5,240,75,2477880
BANKNIFTY-I.NFO,04/10/2024,09:19:45,52226.5,52220.05,15,52226.5,15,375,2477880
BANKNIFTY-I.NFO,04/10/2024,09:19:47,52223.05,52220,120,52223.05,15,270,2477880
BANKNIFTY-I.NFO,04/10/2024,09:19:48,52225.8,52220.9,300,52229.35,300,120,2477880
BANKNIFTY-I.NFO,04/10/2024,09:19:50,52220.65,52220.95,120,52224.85,75,270,2477880
BANKNIFTY-I.NFO,04/10/2024,09:19:52,52225.75,52223.05,105,52225.75,30,60,2477880
BANKNIFTY-I.NFO,04/10/2024,09:19:53,52218,52218,15,52222.05,15,210,2477880
BANKNIFTY-I.NFO,04/10/2024,09:19:55,52220.8,52215.95,30,52221.35,150,60,2477880
BANKNIFTY-I.NFO,04/10/2024,09:19:57,52210.15,52212.8,300,52222.05,15,210,2477880
BANKNIFTY-I.NFO,04/10/2024,09:19:58,52210.15,52210,345,52212.8,15,0,2477880
BANKNIFTY-I.NFO,04/10/2024,09:20:00,52225.1,52217.85,300,52225.1,150,555,2477880
BANKNIFTY-I.NFO,04/10/2024,09:20:02,52222.45,52210,360,52216,15,375,2477880
BANKNIFTY-I.NFO,04/10/2024,09:20:03,52211.4,52215.35,30,52224.35,135,285,2477880
BANKNIFTY-I.NFO,04/10/2024,09:20:05,52218.5,52218.55,120,52226.4,15,315,2477880
BANKNIFTY-I.NFO,04/10/2024,09:20:07,52218.4,52220.05,210,52226.5,15,825,2477880
BANKNIFTY-I.NFO,04/10/2024,09:20:08,52220.2,52220.1,30,52230,315,645,2477880
BANKNIFTY-I.NFO,04/10/2024,09:20:10,52230,52226.5,180,52230,240,765,2477880
BANKNIFTY-I.NFO,04/10/2024,09:20:12,52224.65,52225.85,300,52236.25,120,1140,2477880
BANKNIFTY-I.NFO,04/10/2024,09:20:13,52229.25,52222.2,75,52227.75,150,60,2477880
BANKNIFTY-I.NFO,04/10/2024,09:20:15,52223.9,52217.05,150,52223.9,90,75,2477880
BANKNIFTY-I.NFO,04/10/2024,09:20:17,52218,52214.05,75,52218,15,315,2477880
BANKNIFTY-I.NFO,04/10/2024,09:20:18,52213.6,52221.25,30,52227.3,15,135,2477880
BANKNIFTY-I.NFO,04/10/2024,09:20:20,52221.25,52221.25,30,52223.7,135,30,2477880
BANKNIFTY-I.NFO,04/10/2024,09:20:22,52229.25,52222.2,30,52229.25,285,255,2477880
BANKNIFTY-I.NFO,04/10/2024,09:20:23,52230,52230.5,300,52239,15,285,2477880
BANKNIFTY-I.NFO,04/10/2024,09:20:25,52235.75,52236.4,300,52243.25,150,285,2477880
BANKNIFTY-I.NFO,04/10/2024,09:20:27,52249,52245,30,52250,585,225,2477880
BANKNIFTY-I.NFO,04/10/2024,09:20:28,52249.95,52245,30,52249.95,120,120,2477880
BANKNIFTY-I.NFO,04/10/2024,09:20:30,52243.25,52243.25,225,52244.95,105,180,2477880
BANKNIFTY-I.NFO,04/10/2024,09:20:32,52243.7,52233.75,30,52242.7,90,255,2477880
BANKNIFTY-I.NFO,04/10/2024,09:20:33,52243.95,52230,60,52243.95,15,165,2477880
BANKNIFTY-I.NFO,04/10/2024,09:20:35,52231.55,52231.55,105,52244.15,15,300,2477880
BANKNIFTY-I.NFO,04/10/2024,09:20:37,52245.15,52227.9,120,52245.15,15,615,2477880
BANKNIFTY-I.NFO,04/10/2024,09:20:38,52249.1,52240.1,195,52250,525,30,2477880
BANKNIFTY-I.NFO,04/10/2024,09:20:40,52240.15,52240.15,15,52245,15,90,2477880
BANKNIFTY-I.NFO,04/10/2024,09:20:42,52250,52250.05,30,52250.95,30,825,2477880
BANKNIFTY-I.NFO,04/10/2024,09:20:43,52250,52250,420,52250.95,15,75,2477880
BANKNIFTY-I.NFO,04/10/2024,09:20:45,52251.5,52250,435,52254,15,90,2477880
BANKNIFTY-I.NFO,04/10/2024,09:20:47,52250,52252.65,360,52254,15,75,2477880
BANKNIFTY-I.NFO,04/10/2024,09:20:48,52259.25,52254,15,52259.2,45,60,2477880
BANKNIFTY-I.NFO,04/10/2024,09:20:50,52255.25,52254.1,120,52257.85,45,435,2477880
BANKNIFTY-I.NFO,04/10/2024,09:20:52,52256.3,52248.85,30,52256.5,150,585,2477880
BANKNIFTY-I.NFO,04/10/2024,09:20:53,52250,52248.85,30,52254.05,45,15,2477880
BANKNIFTY-I.NFO,04/10/2024,09:20:55,52260,52254.15,120,52260,150,420,2477880
BANKNIFTY-I.NFO,04/10/2024,09:20:57,52263,52260.55,150,52264.95,45,315,2477880
BANKNIFTY-I.NFO,04/10/2024,09:20:58,52275.9,52266.1,150,52275.9,15,705,2477880
BANKNIFTY-I.NFO,04/10/2024,09:21:00,52278.45,52271.3,165,52282.35,120,75,2477880
BANKNIFTY-I.NFO,04/10/2024,09:21:02,52278,52271.3,15,52278,45,75,2477880
BANKNIFTY-I.NFO,04/10/2024,09:21:03,52274.9,52267.05,45,52274.95,45,105,2477880
BANKNIFTY-I.NFO,04/10/2024,09:21:05,52278.45,52280.2,15,52284.95,45,225,2477880
BANKNIFTY-I.NFO,04/10/2024,09:21:07,52290,52287.85,15,52294.95,45,255,2477880
BANKNIFTY-I.NFO,04/10/2024,09:21:08,52284.95,52283.75,120,52292.15,60,465,2477880
BANKNIFTY-I.NFO,04/10/2024,09:21:10,52292.15,52290,15,52299,495,150,2491425
BANKNIFTY-I.NFO,04/10/2024,09:21:12,52292.15,52290.75,870,52299,360,285,2491425
BANKNIFTY-I.NFO,04/10/2024,09:21:13,52290.8,52290.8,105,52299,345,135,2491425
BANKNIFTY-I.NFO,04/10/2024,09:21:15,52298.95,52290.75,780,52298.95,75,240,2491425
BANKNIFTY-I.NFO,04/10/2024,09:21:17,52290.75,52290.75,720,52298.95,60,225,2491425
BANKNIFTY-I.NFO,04/10/2024,09:21:19,52298.1,52283.7,15,52290,15,1365,2491425
BANKNIFTY-I.NFO,04/10/2024,09:21:20,52298.95,52283.7,75,52293,15,465,2491425
BANKNIFTY-I.NFO,04/10/2024,09:21:22,52288.45,52283.7,75,52299.95,15,180,2491425
BANKNIFTY-I.NFO,04/10/2024,09:21:24,52290,52283.7,75,52290,15,150,2491425
BANKNIFTY-I.NFO,04/10/2024,09:21:25,52298.1,52299,15,52300,240,120,2491425
BANKNIFTY-I.NFO,04/10/2024,09:21:27,52296,52283.7,15,52297.3,135,300,2491425
BANKNIFTY-I.NFO,04/10/2024,09:21:29,52283.75,52283.75,60,52297.65,120,195,2491425
BANKNIFTY-I.NFO,04/10/2024,09:21:30,52280.05,52280.1,30,52298.95,120,570,2491425
BANKNIFTY-I.NFO,04/10/2024,09:21:32,52283.1,52279.3,15,52296.65,135,210,2491425
BANKNIFTY-I.NFO,04/10/2024,09:21:34,52276.9,52276.9,15,52294,15,270,2491425
BANKNIFTY-I.NFO,04/10/2024,09:21:35,52278.15,52275,75,52286.5,120,345,2491425
BANKNIFTY-I.NFO,04/10/2024,09:21:37,52290.05,52286.5,45,52290,15,195,2491425
BANKNIFTY-I.NFO,04/10/2024,09:21:39,52286.5,52279,30,52288,120,90,2491425
BANKNIFTY-I.NFO,04/10/2024,09:21:40,52286.5,52279,30,52289.1,120,0,2491425
BANKNIFTY-I.NFO,04/10/2024,09:21:42,52270,52270,150,52283.95,120,195,2491425
BANKNIFTY-I.NFO,04/10/2024,09:21:44,52274.25,52270,150,52273.7,150,150,2491425
BANKNIFTY-I.NFO,04/10/2024,09:21:45,52266.8,52270,15,52275,150,735,2491425
BANKNIFTY-I.NFO,04/10/2024,09:21:47,52270,52258.05,30,52270,15,60,2491425
BANKNIFTY-I.NFO,04/10/2024,09:21:49,52258,52255,75,52258,60,210,2491425
BANKNIFTY-I.NFO,04/10/2024,09:21:50,52250,52250,255,52254.85,30,270,2491425
BANKNIFTY-I.NFO,04/10/2024,09:21:52,52250,52250,30,52251.25,15,255,2491425
BANKNIFTY-I.NFO,04/10/2024,09:21:54,52255,52245.85,45,52255,330,270,2491425
BANKNIFTY-I.NFO,04/10/2024,09:21:55,52248.65,52248.3,30,52259.15,135,45,2491425
BANKNIFTY-I.NFO,04/10/2024,09:21:57,52257.55,52248.1,15,52256.35,105,30,2491425
BANKNIFTY-I.NFO,04/10/2024,09:21:59,52257.05,52241.3,75,52253.45,60,120,2491425
BANKNIFTY-I.NFO,04/10/2024,09:22:00,52243.05,52241.45,30,52255.25,150,180,2491425
BANKNIFTY-I.NFO,04/10/2024,09:22:02,52253.4,52241.45,15,52245.95,135,60,2491425
BANKNIFTY-I.NFO,04/10/2024,09:22:04,52248.55,52240.3,15,52246.4,150,315,2491425
BANKNIFTY-I.NFO,04/10/2024,09:22:05,52247.35,52240,390,52247.35,120,60,2491425
BANKNIFTY-I.NFO,04/10/2024,09:22:07,52240,52240,360,52244.2,120,30,2491425
BANKNIFTY-I.NFO,04/10/2024,09:22:09,52232,52232,45,52239.9,165,420,2491425
BANKNIFTY-I.NFO,04/10/2024,09:22:10,52230,52225,135,52226.75,15,135,2491425
BANKNIFTY-I.NFO,04/10/2024,09:22:12,52239.95,52228.15,45,52239.95,3495,375,2491425
BANKNIFTY-I.NFO,04/10/2024,09:22:14,52229.8,52229.75,60,52240,30,180,2491425
BANKNIFTY-I.NFO,04/10/2024,09:22:15,52249,52247,15,52251.3,120,390,2491425
BANKNIFTY-I.NFO,04/10/2024,09:22:17,52235.5,52239.25,30,52250,30,195,2491425
BANKNIFTY-I.NFO,04/10/2024,09:22:18,52251.95,52240.8,75,52252.95,15,75,2491425
BANKNIFTY-I.NFO,04/10/2024,09:22:20,52253.4,52248.6,75,52253.4,60,30,2491425
BANKNIFTY-I.NFO,04/10/2024,09:22:22,52265.35,52256,30,52265.35,90,180,2491425
BANKNIFTY-I.NFO,04/10/2024,09:22:23,52272.4,52258,75,52272.4,120,195,2491425
BANKNIFTY-I.NFO,04/10/2024,09:22:25,52258.1,52258,30,52268.45,120,60,2491425
BANKNIFTY-I.NFO,04/10/2024,09:22:27,52259.95,52251.95,15,52258.15,150,225,2491425
BANKNIFTY-I.NFO,04/10/2024,09:22:28,52258.35,52251.25,15,52258.7,150,90,2491425
BANKNIFTY-I.NFO,04/10/2024,09:22:30,52263.05,52250,5025,52262.75,150,180,2491425
BANKNIFTY-I.NFO,04/10/2024,09:22:32,52250,52258.65,135,52263.95,15,225,2491425
BANKNIFTY-I.NFO,04/10/2024,09:22:33,52270.05,52258,15,52269.35,75,165,2491425
BANKNIFTY-I.NFO,04/10/2024,09:22:35,52267.95,52258,45,52265.75,150,90,2491425
BANKNIFTY-I.NFO,04/10/2024,09:22:37,52269.9,52258,30,52268.85,15,120,2491425
BANKNIFTY-I.NFO,04/10/2024,09:22:38,52266.3,52258.1,15,52268.2,15,15,2491425
BANKNIFTY-I.NFO,04/10/2024,09:22:40,52258.1,52258.1,15,52268.5,60,45,2491425
BANKNIFTY-I.NFO,04/10/2024,09:22:42,52266.3,52258.1,15,52267.9,45,15,2491425
BANKNIFTY-I.NFO,04/10/2024,09:22:43,52267.85,52250.85,135,52267.85,30,105,2491425
BANKNIFTY-I.NFO,04/10/2024,09:22:45,52265.85,52265.4,30,52265.9,150,15,2491425
BANKNIFTY-I.NFO,04/10/2024,09:22:47,52266.1,52251.45,120,52266.1,75,105,2491425
BANKNIFTY-I.NFO,04/10/2024,09:22:48,52264.85,52264.85,15,52264.9,45,105,2491425
BANKNIFTY-I.NFO,04/10/2024,09:22:50,52266.95,52258,2910,52267.9,45,90,2491425
BANKNIFTY-I.NFO,04/10/2024,09:22:52,52269.25,52258.05,30,52264.35,150,120,2491425
BANKNIFTY-I.NFO,04/10/2024,09:22:53,52264.2,52258,2925,52264.2,45,165,2491425
BANKNIFTY-I.NFO,04/10/2024,09:22:55,52263.25,52258,2880,52262.65,15,360,2491425
BANKNIFTY-I.NFO,04/10/2024,09:22:57,52262.65,52260,75,52264.85,150,15,2491425
BANKNIFTY-I.NFO,04/10/2024,09:22:58,52264.85,52266.1,90,52268,15,180,2491425
BANKNIFTY-I.NFO,04/10/2024,09:23:00,52270,52266.1,60,52274.95,15,120,2491425
BANKNIFTY-I.NFO,04/10/2024,09:23:02,52274.95,52268.45,135,52274.95,15,30,2491425
BANKNIFTY-I.NFO,04/10/2024,09:23:04,52283.95,52280,30,52285,210,225,2491425
BANKNIFTY-I.NFO,04/10/2024,09:23:05,52286.95,52275,120,52287.95,15,945,2491425
BANKNIFTY-I.NFO,04/10/2024,09:23:07,52276.75,52276.8,135,52292.55,30,180,2491425
BANKNIFTY-I.NFO,04/10/2024,09:23:09,52295,52274.8,150,52294.95,90,75,2491425
BANKNIFTY-I.NFO,04/10/2024,09:23:10,52285.55,52280,525,52285,15,360,2491425
BANKNIFTY-I.NFO,04/10/2024,09:23:12,52276.75,52268.05,15,52276.75,30,600,2491425
BANKNIFTY-I.NFO,04/10/2024,09:23:14,52276.75,52268,15,52278.8,15,30,2491425
BANKNIFTY-I.NFO,04/10/2024,09:23:15,52281,52275,15,52281.7,120,30,2491425
BANKNIFTY-I.NFO,04/10/2024,09:23:17,52270,52266.1,60,52275.25,30,135,2491425
BANKNIFTY-I.NFO,04/10/2024,09:23:18,52266.15,52266.15,15,52278.4,105,135,2491425
BANKNIFTY-I.NFO,04/10/2024,09:23:20,52276.7,52270,15,52276.9,15,105,2491425
BANKNIFTY-I.NFO,04/10/2024,09:23:22,52270.75,52266.1,45,52270.75,210,435,2491425
BANKNIFTY-I.NFO,04/10/2024,09:23:23,52270.45,52266.1,75,52274.3,15,75,2491425
BANKNIFTY-I.NFO,04/10/2024,09:23:25,52272.85,52266.1,75,52271.55,225,75,2491425
BANKNIFTY-I.NFO,04/10/2024,09:23:27,52271.75,52264.95,15,52271.15,60,240,2491425
BANKNIFTY-I.NFO,04/10/2024,09:23:28,52258,52258,2760,52268.75,15,225,2491425
BANKNIFTY-I.NFO,04/10/2024,09:23:30,52258.05,52258.05,15,52262.15,90,120,2491425
BANKNIFTY-I.NFO,04/10/2024,09:23:32,52258,52258,60,52260.1,15,2790,2491425
BANKNIFTY-I.NFO,04/10/2024,09:23:33,52258,52251.35,120,52263.6,105,240,2491425
BANKNIFTY-I.NFO,04/10/2024,09:23:35,52263.7,52263.7,15,52264.25,135,120,2491425
BANKNIFTY-I.NFO,04/10/2024,09:23:36,52252.35,52252.35,60,52265.8,120,150,2491425
BANKNIFTY-I.NFO,04/10/2024,09:23:38,52251.35,52251.9,45,52259.95,15,195,2491425
BANKNIFTY-I.NFO,04/10/2024,09:23:40,52266.35,52254.6,60,52266.35,2820,990,2491425
BANKNIFTY-I.NFO,04/10/2024,09:23:41,52259.45,52259.15,45,52270.6,30,45,2491425
BANKNIFTY-I.NFO,04/10/2024,09:23:43,52272.65,52259.15,30,52259.45,15,15,2491425
BANKNIFTY-I.NFO,04/10/2024,09:23:45,52258.2,52258.15,15,52259.45,15,240,2491425
BANKNIFTY-I.NFO,04/10/2024,09:23:46,52259.6,52253.95,150,52259.6,120,60,2491425
BANKNIFTY-I.NFO,04/10/2024,09:23:48,52267.4,52259.6,150,52266.75,105,105,2491425
BANKNIFTY-I.NFO,04/10/2024,09:23:50,52271.9,52259.6,180,52271.9,120,255,2491425
BANKNIFTY-I.NFO,04/10/2024,09:23:51,52270.05,52266.05,150,52271.9,135,135,2491425
BANKNIFTY-I.NFO,04/10/2024,09:23:53,52266.75,52266.05,195,52271.4,135,105,2491425
BANKNIFTY-I.NFO,04/10/2024,09:23:54,52271.85,52266.05,105,52272.85,15,135,2491425
BANKNIFTY-I.NFO,04/10/2024,09:23:56,52266.05,52266.05,30,52276.5,225,180,2491425
BANKNIFTY-I.NFO,04/10/2024,09:23:58,52255.7,52255.7,120,52270.85,15,225,2491425
BANKNIFTY-I.NFO,04/10/2024,09:23:59,52266.15,52260.95,15,52269.95,15,30,2491425
BANKNIFTY-I.NFO,04/10/2024,09:24:01,52267.95,52260.9,15,52268.25,75,150,2491425
BANKNIFTY-I.NFO,04/10/2024,09:24:03,52267.05,52260.9,15,52267.6,225,30,2491425
BANKNIFTY-I.NFO,04/10/2024,09:24:04,52264.1,52260,75,52264.7,135,150,2491425
BANKNIFTY-I.NFO,04/10/2024,09:24:06,52264.15,52260.1,15,52260.9,105,45,2491425
BANKNIFTY-I.NFO,04/10/2024,09:24:08,52259.9,52253,45,52258.2,15,165,2491425
BANKNIFTY-I.NFO,04/10/2024,09:24:09,52250.05,52250,4140,52253.35,225,1275,2493570
BANKNIFTY-I.NFO,04/10/2024,09:24:11,52250.05,52250.05,15,52254.5,225,1350,2493570
BANKNIFTY-I.NFO,04/10/2024,09:24:13,52250,52250,2190,52253.5,15,645,2493570
BANKNIFTY-I.NFO,04/10/2024,09:24:14,52241.85,52240.3,15,52241.25,30,2475,2493570
BANKNIFTY-I.NFO,04/10/2024,09:24:16,52233.35,52233.5,15,52240.75,60,60,2493570
BANKNIFTY-I.NFO,04/10/2024,09:24:18,52233.35,52233.55,120,52239.9,30,0,2493570
BANKNIFTY-I.NFO,04/10/2024,09:24:19,52233.95,52233.95,120,52239.9,30,120,2493570
BANKNIFTY-I.NFO,04/10/2024,09:24:21,52234,52233.95,120,52239.9,15,165,2493570
BANKNIFTY-I.NFO,04/10/2024,09:24:23,52233.3,52232,135,52233.3,75,105,2493570
BANKNIFTY-I.NFO,04/10/2024,09:24:24,52230.05,52230,150,52239.8,2790,285,2493570
BANKNIFTY-I.NFO,04/10/2024,09:24:26,52230.05,52230.05,120,52238.8,15,60,2493570
BANKNIFTY-I.NFO,04/10/2024,09:24:28,52230,52230,135,52234.4,150,15,2493570
BANKNIFTY-I.NFO,04/10/2024,09:24:29,52229.3,52230,15,52232.8,30,195,2493570
BANKNIFTY-I.NFO,04/10/2024,09:24:31,52232.8,52230,15,52232.8,15,30,2493570
BANKNIFTY-I.NFO,04/10/2024,09:24:33,52236.05,52233.3,60,52237.6,15,285,2493570
BANKNIFTY-I.NFO,04/10/2024,09:24:34,52228.05,52228.05,450,52229.6,15,90,2493570
BANKNIFTY-I.NFO,04/10/2024,09:24:36,52228.05,52228.05,240,52230,15,375,2493570
BANKNIFTY-I.NFO,04/10/2024,09:24:38,52231.9,52228.05,210,52231.95,15,75,2493570
BANKNIFTY-I.NFO,04/10/2024,09:24:39,52228.05,52228.05,105,52231.95,15,105,2493570
BANKNIFTY-I.NFO,04/10/2024,09:24:41,52213.05,52211,15,52212.95,225,765,2493570
BANKNIFTY-I.NFO,04/10/2024,09:24:43,52211.65,52209,45,52211.7,30,135,2493570
BANKNIFTY-I.NFO,04/10/2024,09:24:44,52208.45,52205.85,15,52211.65,15,165,2493570
BANKNIFTY-I.NFO,04/10/2024,09:24:46,52205.8,52205.1,60,52210.5,150,255,2493570
BANKNIFTY-I.NFO,04/10/2024,09:24:48,52205,52203,135,52206.85,90,240,2493570
BANKNIFTY-I.NFO,04/10/2024,09:24:49,52205.2,52205,15,52213.05,15,180,2493570
BANKNIFTY-I.NFO,04/10/2024,09:24:51,52205.65,52205,15,52213.05,15,15,2493570
BANKNIFTY-I.NFO,04/10/2024,09:24:53,52201,52201,15,52205.55,15,600,2493570
BANKNIFTY-I.NFO,04/10/2024,09:24:54,52202.7,52202.2,150,52209.65,150,105,2493570
BANKNIFTY-I.NFO,04/10/2024,09:24:56,52210,52205.65,150,52210,810,450,2493570
BANKNIFTY-I.NFO,04/10/2024,09:24:58,52210,52209.1,150,52210,870,885,2493570
BANKNIFTY-I.NFO,04/10/2024,09:24:59,52210,52209.1,30,52210,795,165,2493570
BANKNIFTY-I.NFO,04/10/2024,09:25:01,52200.3,52200.15,105,52206.45,135,60,2493570
BANKNIFTY-I.NFO,04/10/2024,09:25:03,52210,52200.65,15,52210,705,240,2493570
BANKNIFTY-I.NFO,04/10/2024,09:25:04,52210,52204.9,30,52210,600,2070,2493570
BANKNIFTY-I.NFO,04/10/2024,09:25:06,52203.25,52203,15,52209.9,30,1260,2493570
BANKNIFTY-I.NFO,04/10/2024,09:25:08,52205,52204.7,75,52209.9,30,645,2493570
BANKNIFTY-I.NFO,04/10/2024,09:25:10,52200,52202.35,45,52209.95,30,990,2493570
BANKNIFTY-I.NFO,04/10/2024,09:25:11,52209.55,52205,15,52208.45,135,45,2493570
BANKNIFTY-I.NFO,04/10/2024,09:25:13,52203,52200,1155,52209.85,75,165,2493570
BANKNIFTY-I.NFO,04/10/2024,09:25:15,52210,52205,15,52210,720,240,2493570
BANKNIFTY-I.NFO,04/10/2024,09:25:16,52210,52207.65,90,52210,315,1440,2493570
BANKNIFTY-I.NFO,04/10/2024,09:25:18,52213.3,52210,330,52219.2,2685,4155,2493570
BANKNIFTY-I.NFO,04/10/2024,09:25:19,52220,52219.2,15,52219.95,30,60,2493570
BANKNIFTY-I.NFO,04/10/2024,09:25:21,52219.4,52219.2,45,52228.05,600,645,2493570
BANKNIFTY-I.NFO,04/10/2024,09:25:23,52232.5,52231.8,45,52235,2670,705,2493570
BANKNIFTY-I.NFO,04/10/2024,09:25:24,52240.2,52231.8,15,52240.2,120,120,2493570
BANKNIFTY-I.NFO,04/10/2024,09:25:26,52227.25,52220.95,30,52235,120,60,2493570
BANKNIFTY-I.NFO,04/10/2024,09:25:28,52231.5,52224.9,30,52231.5,135,90,2493570
BANKNIFTY-I.NFO,04/10/2024,09:25:29,52234.5,52231.5,30,52233.1,15,90,2493570
BANKNIFTY-I.NFO,04/10/2024,09:25:31,52239.95,52228.15,30,52239.95,75,150,2493570
BANKNIFTY-I.NFO,04/10/2024,09:25:33,52239.95,52228.8,15,52234.5,15,60,2493570
BANKNIFTY-I.NFO,04/10/2024,09:25:34,52240.65,52225,315,52237.1,45,975,2493570
BANKNIFTY-I.NFO,04/10/2024,09:25:36,52225,52225,285,52237.15,1485,975,2493570
BANKNIFTY-I.NFO,04/10/2024,09:25:38,52242.4,52234.8,30,52242.4,660,1335,2493570
BANKNIFTY-I.NFO,04/10/2024,09:25:39,52256.95,52245.3,15,52259.15,45,1155,2493570
BANKNIFTY-I.NFO,04/10/2024,09:25:41,52246.85,52246.9,30,52250,840,120,2493570
BANKNIFTY-I.NFO,04/10/2024,09:25:43,52250,52247,30,52250,585,270,2493570
BANKNIFTY-I.NFO,04/10/2024,09:25:44,52250,52247,15,52250,510,105,2493570
BANKNIFTY-I.NFO,04/10/2024,09:25:46,52250,52247.15,30,52250,435,90,2493570
BANKNIFTY-I.NFO,04/10/2024,09:25:48,52250,52247.15,45,52250,300,765,2493570
BANKNIFTY-I.NFO,04/10/2024,09:25:49,52246.85,52240,15,52250,195,300,2493570
BANKNIFTY-I.NFO,04/10/2024,09:25:51,52248.15,52240.05,60,52245.4,45,30,2493570
BANKNIFTY-I.NFO,04/10/2024,09:25:53,52238.05,52237.05,15,52250,165,300,2493570
BANKNIFTY-I.NFO,04/10/2024,09:25:54,52245.4,52237.1,30,52246.85,45,60,2493570
BANKNIFTY-I.NFO,04/10/2024,09:25:56,52234.95,52225,300,52237.1,30,75,2493570
BANKNIFTY-I.NFO,04/10/2024,09:25:58,52228,52225.05,30,52237.1,30,75,2493570
BANKNIFTY-I.NFO,04/10/2024,09:25:59,52235.85,52225,195,52235.85,15,165,2493570
BANKNIFTY-I.NFO,04/10/2024,09:26:01,52225,52225,135,52239.3,15,135,2493570
BANKNIFTY-I.NFO,04/10/2024,09:26:03,52225,52225,60,52238.25,45,120,2493570
BANKNIFTY-I.NFO,04/10/2024,09:26:04,52225,52222,900,52226.9,150,90,2493570
BANKNIFTY-I.NFO,04/10/2024,09:26:06,52222,52222,885,52225.65,30,75,2493570
BANKNIFTY-I.NFO,04/10/2024,09:26:08,52222.05,52222.05,15,52224.55,15,120,2493570
BANKNIFTY-I.NFO,04/10/2024,09:26:09,52222,52222,750,52230.3,75,255,2493570
BANKNIFTY-I.NFO,04/10/2024,09:26:11,52209.85,52208.6,120,52221.25,15,1050,2493570
BANKNIFTY-I.NFO,04/10/2024,09:26:13,52216.35,52208.8,120,52216.35,60,480,2493570
BANKNIFTY-I.NFO,04/10/2024,09:26:14,52218.85,52208.6,120,52218.85,120,285,2493570
BANKNIFTY-I.NFO,04/10/2024,09:26:16,52223.85,52210,15,52222.75,105,285,2493570
BANKNIFTY-I.NFO,04/10/2024,09:26:18,52211.75,52208.55,15,52210.95,45,120,2493570
BANKNIFTY-I.NFO,04/10/2024,09:26:19,52205,52205,360,52209.25,120,150,2493570
BANKNIFTY-I.NFO,04/10/2024,09:26:21,52206.65,52205,345,52206.65,15,135,2493570
BANKNIFTY-I.NFO,04/10/2024,09:26:23,52205,52205,195,52214.1,150,315,2493570
BANKNIFTY-I.NFO,04/10/2024,09:26:24,52214.1,52206.65,15,52214.1,30,15,2493570
BANKNIFTY-I.NFO,04/10/2024,09:26:26,52215.15,52206.65,15,52216.1,105,60,2493570
BANKNIFTY-I.NFO,04/10/2024,09:26:27,52214.1,52205.8,15,52216.5,105,225,2493570
BANKNIFTY-I.NFO,04/10/2024,09:26:29,52205,52205,195,52215.25,105,30,2493570
BANKNIFTY-I.NFO,04/10/2024,09:26:31,52205,52205,210,52212.4,105,90,2493570
BANKNIFTY-I.NFO,04/10/2024,09:26:32,52205,52212.4,15,52214.1,30,1020,2493570
BANKNIFTY-I.NFO,04/10/2024,09:26:34,52214.1,52205,120,52211.85,150,15,2493570
BANKNIFTY-I.NFO,04/10/2024,09:26:36,52205,52201.25,30,52211.4,120,390,2493570
BANKNIFTY-I.NFO,04/10/2024,09:26:37,52210,52211.85,15,52214.1,60,75,2493570
BANKNIFTY-I.NFO,04/10/2024,09:26:39,52208.25,52211.05,15,52214.1,60,360,2493570
BANKNIFTY-I.NFO,04/10/2024,09:26:41,52205.65,52205.45,135,52210,150,75,2493570
BANKNIFTY-I.NFO,04/10/2024,09:26:42,52206.3,52206.3,120,52209.95,15,570,2493570
BANKNIFTY-I.NFO,04/10/2024,09:26:44,52210,52206.25,15,52210,675,1410,2493570
BANKNIFTY-I.NFO,04/10/2024,09:26:46,52202.05,52202,15,52205.5,15,180,2493570
BANKNIFTY-I.NFO,04/10/2024,09:26:47,52210,52202,15,52210,570,90,2493570
BANKNIFTY-I.NFO,04/10/2024,09:26:49,52210,52202.05,30,52209.95,30,165,2493570
BANKNIFTY-I.NFO,04/10/2024,09:26:51,52201,52206.25,15,52209.95,45,120,2493570
BANKNIFTY-I.NFO,04/10/2024,09:26:52,52210,52209.95,15,52221.95,120,2550,2493570
BANKNIFTY-I.NFO,04/10/2024,09:26:54,52200.05,52201.05,15,52210,825,1035,2493570
BANKNIFTY-I.NFO,04/10/2024,09:26:56,52210,52203.05,15,52209.95,30,90,2493570
BANKNIFTY-I.NFO,04/10/2024,09:26:57,52210,52203.05,30,52209.95,30,60,2493570
BANKNIFTY-I.NFO,04/10/2024,09:26:59,52210,52203.05,45,52209.95,30,75,2493570
BANKNIFTY-I.NFO,04/10/2024,09:27:01,52203.15,52203.05,45,52210,690,75,2493570
BANKNIFTY-I.NFO,04/10/2024,09:27:02,52210,52205.3,270,52210,630,105,2493570
BANKNIFTY-I.NFO,04/10/2024,09:27:04,52203.75,52202.95,135,52204.95,30,1185,2493570
BANKNIFTY-I.NFO,04/10/2024,09:27:06,52205,52202,45,52203.05,30,120,2493570
BANKNIFTY-I.NFO,04/10/2024,09:27:07,52203.05,52203.05,15,52204.85,30,30,2493570
BANKNIFTY-I.NFO,04/10/2024,09:27:09,52204.85,52204.9,135,52205,765,180,2493570
BANKNIFTY-I.NFO,04/10/2024,09:27:11,52201.7,52203.05,15,52209.9,30,1185,2519430
BANKNIFTY-I.NFO,04/10/2024,09:27:12,52209.9,52204.85,15,52209.9,15,15,2519430
BANKNIFTY-I.NFO,04/10/2024,09:27:14,52209.95,52206.1,45,52210,570,120,2519430
BANKNIFTY-I.NFO,04/10/2024,09:27:16,52210,52209.9,60,52210,255,375,2519430
BANKNIFTY-I.NFO,04/10/2024,09:27:17,52209.9,52209.9,60,52210,1050,180,2519430
BANKNIFTY-I.NFO,04/10/2024,09:27:19,52209.95,52209.9,60,52210,1050,60,2519430
BANKNIFTY-I.NFO,04/10/2024,09:27:21,52209.9,52203,15,52209.9,120,135,2519430
BANKNIFTY-I.NFO,04/10/2024,09:27:23,52209.8,52203.05,45,52209.85,30,105,2519430
BANKNIFTY-I.NFO,04/10/2024,09:27:24,52210,52203.05,30,52209.95,30,105,2519430
BANKNIFTY-I.NFO,04/10/2024,09:27:26,52210,52205.4,90,52210,960,135,2519430
BANKNIFTY-I.NFO,04/10/2024,09:27:28,52210,52216.15,75,52224.7,30,3675,2519430
BANKNIFTY-I.NFO,04/10/2024,09:27:29,52222.85,52216.3,30,52224.7,15,30,2519430
BANKNIFTY-I.NFO,04/10/2024,09:27:31,52224.55,52212.7,30,52224.55,15,15,2519430
BANKNIFTY-I.NFO,04/10/2024,09:27:32,52224.55,52212.95,30,52222.25,60,15,2519430
BANKNIFTY-I.NFO,04/10/2024,09:27:34,52218.65,52205,15,52216.05,75,270,2519430
BANKNIFTY-I.NFO,04/10/2024,09:27:36,52218.65,52205,15,52213.5,75,0,2519430
BANKNIFTY-I.NFO,04/10/2024,09:27:37,52213.7,52205,15,52213.35,45,45,2519430
BANKNIFTY-I.NFO,04/10/2024,09:27:39,52200.05,52200,2130,52213.05,30,105,2519430
BANKNIFTY-I.NFO,04/10/2024,09:27:41,52200.05,52202.2,15,52208.45,75,0,2519430
BANKNIFTY-I.NFO,04/10/2024,09:27:42,52212.3,52202.2,75,52214.15,15,105,2519430
BANKNIFTY-I.NFO,04/10/2024,09:27:44,52211.95,52202.25,75,52212.35,30,75,2519430
BANKNIFTY-I.NFO,04/10/2024,09:27:46,52202.25,52202.25,135,52209.65,15,45,2519430
BANKNIFTY-I.NFO,04/10/2024,09:27:47,52210.75,52202.3,75,52209.3,15,75,2519430
BANKNIFTY-I.NFO,04/10/2024,09:27:49,52208.95,52201,330,52209.85,120,615,2519430
BANKNIFTY-I.NFO,04/10/2024,09:27:51,52201,52201,300,52208.9,30,30,2519430
BANKNIFTY-I.NFO,04/10/2024,09:27:52,52201,52201,165,52208.9,30,150,2519430
BANKNIFTY-I.NFO,04/10/2024,09:27:54,52208.9,52201.05,15,52208.9,15,30,2519430
BANKNIFTY-I.NFO,04/10/2024,09:27:56,52208.9,52205.05,285,52210,30,15,2519430
BANKNIFTY-I.NFO,04/10/2024,09:27:57,52208.9,52208.9,15,52210,30,90,2519430
BANKNIFTY-I.NFO,04/10/2024,09:27:59,52210,52210.4,15,52211.95,210,60,2519430
BANKNIFTY-I.NFO,04/10/2024,09:28:01,52210.4,52208.45,15,52211.95,195,30,2519430
BANKNIFTY-I.NFO,04/10/2024,09:28:02,52211.95,52210,15,52211.95,180,15,2519430
BANKNIFTY-I.NFO,04/10/2024,09:28:04,52210,52210,15,52211.9,30,15,2519430
BANKNIFTY-I.NFO,04/10/2024,09:28:06,52211.95,52208.95,30,52211.95,30,285,2519430
BANKNIFTY-I.NFO,04/10/2024,09:28:07,52210.4,52210.4,30,52211.9,30,15,2519430
BANKNIFTY-I.NFO,04/10/2024,09:28:09,52210.4,52208.95,30,52211.9,15,45,2519430
BANKNIFTY-I.NFO,04/10/2024,09:28:11,52208.9,52208.9,360,52211.95,30,105,2519430
BANKNIFTY-I.NFO,04/10/2024,09:28:12,52208.9,52208.9,345,52211.9,15,30,2519430
BANKNIFTY-I.NFO,04/10/2024,09:28:14,52211.9,52208.9,345,52211.9,30,15,2519430
BANKNIFTY-I.NFO,04/10/2024,09:28:16,52211.9,52210,15,52211.9,30,0,2519430
BANKNIFTY-I.NFO,04/10/2024,09:28:18,52210.95,52210,15,52210.95,15,15,2519430
BANKNIFTY-I.NFO,04/10/2024,09:28:19,52213.1,52208.9,330,52213.1,15,180,2519430
BANKNIFTY-I.NFO,04/10/2024,09:28:21,52208.9,52211.25,240,52213.1,15,60,2519430
BANKNIFTY-I.NFO,04/10/2024,09:28:23,52208.9,52209.65,15,52213.1,15,0,2519430
BANKNIFTY-I.NFO,04/10/2024,09:28:24,52211,52211,285,52216.9,30,45,2519430
BANKNIFTY-I.NFO,04/10/2024,09:28:26,52211,52211,240,52216.9,30,45,2519430
BANKNIFTY-I.NFO,04/10/2024,09:28:28,52211,52211.05,45,52216.9,30,0,2519430
BANKNIFTY-I.NFO,04/10/2024,09:28:29,52215.4,52211.05,30,52215.4,75,15,2519430
BANKNIFTY-I.NFO,04/10/2024,09:28:31,52212.45,52211.55,165,52212.3,75,75,2519430
BANKNIFTY-I.NFO,04/10/2024,09:28:33,52220,52216.9,15,52220,15,240,2519430
BANKNIFTY-I.NFO,04/10/2024,09:28:34,52223.6,52213.6,120,52219.95,30,120,2519430
BANKNIFTY-I.NFO,04/10/2024,09:28:36,52221.95,52213.7,15,52222.95,15,120,2519430
BANKNIFTY-I.NFO,04/10/2024,09:28:38,52224.65,52213.85,120,52224.8,15,165,2519430
BANKNIFTY-I.NFO,04/10/2024,09:28:39,52224.8,52215.65,120,52225,30,105,2519430
BANKNIFTY-I.NFO,04/10/2024,09:28:41,52229.35,52215.7,15,52226.95,15,255,2519430
BANKNIFTY-I.NFO,04/10/2024,09:28:43,52226.95,52215.75,15,52223.9,75,15,2519430
BANKNIFTY-I.NFO,04/10/2024,09:28:44,52223.2,52215.8,15,52222.75,45,30,2519430
BANKNIFTY-I.NFO,04/10/2024,09:28:46,52215.8,52215.7,15,52223.05,30,105,2519430
BANKNIFTY-I.NFO,04/10/2024,09:28:48,52213.15,52213.3,120,52225.85,30,150,2519430
BANKNIFTY-I.NFO,04/10/2024,09:28:49,52213.15,52212.1,120,52225.75,60,0,2519430
BANKNIFTY-I.NFO,04/10/2024,09:28:51,52213.15,52212.1,120,52225.8,30,0,2519430
BANKNIFTY-I.NFO,04/10/2024,09:28:53,52225.45,52213.05,120,52225.45,60,30,2519430
BANKNIFTY-I.NFO,04/10/2024,09:28:54,52221.95,52213.2,120,52221.3,45,15,2519430
BANKNIFTY-I.NFO,04/10/2024,09:28:56,52221.45,52216.65,75,52221.45,60,60,2519430
BANKNIFTY-I.NFO,04/10/2024,09:28:58,52222.35,52228.5,150,52229.45,2970,360,2519430
BANKNIFTY-I.NFO,04/10/2024,09:28:59,52233,52230.05,45,52233,15,180,2519430
BANKNIFTY-I.NFO,04/10/2024,09:29:01,52235,52231.8,45,52235.95,30,30,2519430
BANKNIFTY-I.NFO,04/10/2024,09:29:03,52235.95,52231.8,30,52235.95,15,60,2519430
BANKNIFTY-I.NFO,04/10/2024,09:29:04,52243.15,52235.95,15,52244.95,75,705,2519430
BANKNIFTY-I.NFO,04/10/2024,09:29:06,52231.25,52229.4,120,52241,60,1020,2519430
BANKNIFTY-I.NFO,04/10/2024,09:29:08,52236.2,52240,15,52241.4,75,135,2519430
BANKNIFTY-I.NFO,04/10/2024,09:29:09,52250,52246.3,75,52250,600,975,2519430
BANKNIFTY-I.NFO,04/10/2024,09:29:11,52240.4,52240.4,60,52249.8,90,15,2519430
BANKNIFTY-I.NFO,04/10/2024,09:29:13,52241.75,52240,15,52249.85,15,45,2519430
BANKNIFTY-I.NFO,04/10/2024,09:29:14,52241.4,52240,15,52249.85,15,15,2519430
BANKNIFTY-I.NFO,04/10/2024,09:29:16,52247.95,52237.05,15,52247.95,15,60,2519430
BANKNIFTY-I.NFO,04/10/2024,09:29:17,52247.95,52237.05,15,52245.5,30,15,2519430
BANKNIFTY-I.NFO,04/10/2024,09:29:19,52249.9,52238.7,60,52245.45,60,375,2519430
BANKNIFTY-I.NFO,04/10/2024,09:29:21,52245.4,52240.15,60,52245.4,15,15,2519430
BANKNIFTY-I.NFO,04/10/2024,09:29:22,52245.45,52248.6,60,52249.95,30,105,2519430
BANKNIFTY-I.NFO,04/10/2024,09:29:24,52247.7,52246.55,30,52249.9,15,270,2519430
BANKNIFTY-I.NFO,04/10/2024,09:29:26,52255,52245.1,30,52250,75,855,2519430
BANKNIFTY-I.NFO,04/10/2024,09:29:27,52250,52247.3,30,52250,45,45,2519430
BANKNIFTY-I.NFO,04/10/2024,09:29:29,52246.4,52241.8,90,52246.4,15,60,2519430
BANKNIFTY-I.NFO,04/10/2024,09:29:31,52255,52250,855,52254.95,30,165,2519430
BANKNIFTY-I.NFO,04/10/2024,09:29:32,52254.95,52250,855,52254.95,15,15,2519430
BANKNIFTY-I.NFO,04/10/2024,09:29:34,52250.2,52250.05,30,52254.85,15,15,2519430
BANKNIFTY-I.NFO,04/10/2024,09:29:36,52250,52250,960,52254.85,15,150,2519430
BANKNIFTY-I.NFO,04/10/2024,09:29:37,52249.95,52245,90,52250,15,1005,2519430
BANKNIFTY-I.NFO,04/10/2024,09:29:39,52244.95,52237.05,15,52249.35,120,135,2519430
BANKNIFTY-I.NFO,04/10/2024,09:29:41,52249.6,52237.05,15,52249.95,60,75,2519430
BANKNIFTY-I.NFO,04/10/2024,09:29:42,52234.75,52236.8,120,52249.6,45,15,2519430
BANKNIFTY-I.NFO,04/10/2024,09:29:44,52245.3,52231.05,120,52243,45,60,2519430
BANKNIFTY-I.NFO,04/10/2024,09:29:46,52225.45,52225.45,90,52239,45,150,2519430
BANKNIFTY-I.NFO,04/10/2024,09:29:47,52240,52224,90,52239.05,45,90,2519430
BANKNIFTY-I.NFO,04/10/2024,09:29:49,52225.55,52225.45,30,52234.3,60,75,2519430
BANKNIFTY-I.NFO,04/10/2024,09:29:51,52226.05,52226.5,30,52238,45,390,2519430
BANKNIFTY-I.NFO,04/10/2024,09:29:52,52237.95,52231.8,30,52238,45,60,2519430
BANKNIFTY-I.NFO,04/10/2024,09:29:54,52234.75,52234.75,15,52243.65,75,240,2519430
BANKNIFTY-I.NFO,04/10/2024,09:29:56,52229.7,52230.4,45,52243.6,120,60,2519430
BANKNIFTY-I.NFO,04/10/2024,09:29:57,52233.05,52232.35,45,52244.9,15,45,2519430
BANKNIFTY-I.NFO,04/10/2024,09:29:59,52230.4,52230.4,30,52243.5,15,30,2519430
BANKNIFTY-I.NFO,04/10/2024,09:30:01,52230.4,52230.4,30,52242.75,120,0,2519430
BANKNIFTY-I.NFO,04/10/2024,09:30:02,52230.4,52231,165,52237.5,75,0,2519430
BANKNIFTY-I.NFO,04/10/2024,09:30:04,52231,52231,60,52235.8,120,105,2519430
BANKNIFTY-I.NFO,04/10/2024,09:30:06,52232,52226.05,45,52230.45,30,300,2519430
BANKNIFTY-I.NFO,04/10/2024,09:30:07,52231,52220,15,52231,15,360,2519430
BANKNIFTY-I.NFO,04/10/2024,09:30:09,52221.75,52221.75,90,52226,30,30,2519430
BANKNIFTY-I.NFO,04/10/2024,09:30:11,52220.1,52222.35,60,52226,30,45,2523405
BANKNIFTY-I.NFO,04/10/2024,09:30:12,52220.85,52223,30,52226,30,210,2523405
BANKNIFTY-I.NFO,04/10/2024,09:30:14,52231,52227.5,15,52231,15,615,2523405
BANKNIFTY-I.NFO,04/10/2024,09:30:16,52232.15,52232.6,75,52237.8,15,165,2523405
BANKNIFTY-I.NFO,04/10/2024,09:30:17,52235,52233.4,30,52237.8,15,15,2523405
BANKNIFTY-I.NFO,04/10/2024,09:30:19,52232.65,52227.5,15,52237.75,30,90,2523405
BANKNIFTY-I.NFO,04/10/2024,09:30:21,52244.6,52233.4,30,52237.7,30,210,2523405
BANKNIFTY-I.NFO,04/10/2024,09:30:22,52237.6,52233.4,30,52237.55,30,30,2523405
BANKNIFTY-I.NFO,04/10/2024,09:30:24,52235.65,52236.1,15,52237.4,30,120,2523405
BANKNIFTY-I.NFO,04/10/2024,09:30:26,52237.25,52237.85,105,52244.95,30,450,2523405
BANKNIFTY-I.NFO,04/10/2024,09:30:27,52245,52244.7,30,52249.6,30,45,2523405
BANKNIFTY-I.NFO,04/10/2024,09:30:29,52249.6,52244.7,30,52249.55,30,60,2523405
BANKNIFTY-I.NFO,04/10/2024,09:30:31,52245,52244.7,45,52249.45,30,15,2523405
BANKNIFTY-I.NFO,04/10/2024,09:30:32,52249.95,52246,30,52249.95,30,240,2523405
BANKNIFTY-I.NFO,04/10/2024,09:30:34,52248.25,52248.9,150,52249.9,30,75,2523405
BANKNIFTY-I.NFO,04/10/2024,09:30:36,52246,52245.05,30,52249.65,15,855,2523405
BANKNIFTY-I.NFO,04/10/2024,09:30:37,52247.2,52245.1,30,52249.65,15,30,2523405
BANKNIFTY-I.NFO,04/10/2024,09:30:39,52249.8,52247.9,30,52254.95,30,225,2523405
BANKNIFTY-I.NFO,04/10/2024,09:30:40,52254.95,52249.65,15,52254.95,15,30,2523405
BANKNIFTY-I.NFO,04/10/2024,09:30:42,52255,52250.85,60,52254.9,30,45,2523405
BANKNIFTY-I.NFO,04/10/2024,09:30:44,52257.85,52255,15,52257.8,30,1230,2523405
BANKNIFTY-I.NFO,04/10/2024,09:30:45,52257.85,52255.05,15,52257.8,60,0,2523405
BANKNIFTY-I.NFO,04/10/2024,09:30:47,52257.8,52255.1,15,52257.8,45,30,2523405
BANKNIFTY-I.NFO,04/10/2024,09:30:49,52264,52251.95,45,52256.85,15,1680,2523405
BANKNIFTY-I.NFO,04/10/2024,09:30:50,52256.7,52256.5,60,52257.8,30,120,2523405
BANKNIFTY-I.NFO,04/10/2024,09:30:52,52257.8,52256.55,30,52257.75,30,30,2523405
BANKNIFTY-I.NFO,04/10/2024,09:30:54,52257.7,52257.2,15,52257.65,30,195,2523405
BANKNIFTY-I.NFO,04/10/2024,09:30:55,52257.8,52257.8,255,52259.9,30,45,2523405
BANKNIFTY-I.NFO,04/10/2024,09:30:57,52257.8,52257.8,240,52259.85,30,60,2523405
BANKNIFTY-I.NFO,04/10/2024,09:30:58,52257.85,52257.8,255,52259.85,15,105,2523405
BANKNIFTY-I.NFO,04/10/2024,09:31:00,52259.95,52257.9,75,52259.95,15,105,2523405
BANKNIFTY-I.NFO,04/10/2024,09:31:02,52259.85,52259.45,60,52259.85,30,30,2523405
BANKNIFTY-I.NFO,04/10/2024,09:31:03,52257.8,52256.85,15,52257.8,60,435,2523405
BANKNIFTY-I.NFO,04/10/2024,09:31:05,52257.8,52257,15,52257.65,30,105,2523405
BANKNIFTY-I.NFO,04/10/2024,09:31:07,52257,52257,15,52257.65,30,75,2523405
BANKNIFTY-I.NFO,04/10/2024,09:31:08,52256.95,52255.1,60,52257.55,30,30,2523405
BANKNIFTY-I.NFO,04/10/2024,09:31:10,52250.4,52251.15,150,52257.55,15,120,2523405
BANKNIFTY-I.NFO,04/10/2024,09:31:12,52256.65,52251.15,120,52256.65,30,45,2523405
BANKNIFTY-I.NFO,04/10/2024,09:31:13,52251.15,52251.15,90,52253.65,15,60,2523405
BANKNIFTY-I.NFO,04/10/2024,09:31:15,52250.4,52250,75,52250.25,15,120,2523405
BANKNIFTY-I.NFO,04/10/2024,09:31:17,52250,52250,45,52251.1,15,45,2523405
BANKNIFTY-I.NFO,04/10/2024,09:31:18,52250.4,52247.3,15,52249.9,75,90,2523405
BANKNIFTY-I.NFO,04/10/2024,09:31:20,52240,52235.45,120,52249.9,75,255,2523405
BANKNIFTY-I.NFO,04/10/2024,09:31:22,52247,52238.5,30,52247.3,45,45,2523405
BANKNIFTY-I.NFO,04/10/2024,09:31:23,52247,52238.6,45,52247.15,45,0,2523405
BANKNIFTY-I.NFO,04/10/2024,09:31:25,52232.2,52232.2,120,52246.3,30,285,2523405
BANKNIFTY-I.NFO,04/10/2024,09:31:27,52253.9,52240,15,52246.75,15,570,2523405
BANKNIFTY-I.NFO,04/10/2024,09:31:29,52240,52238.3,135,52250.35,15,45,2523405
BANKNIFTY-I.NFO,04/10/2024,09:31:30,52234.55,52234.5,15,52237.8,15,180,2523405
BANKNIFTY-I.NFO,04/10/2024,09:31:32,52240,52240,75,52248.05,15,45,2523405
BANKNIFTY-I.NFO,04/10/2024,09:31:34,52240,52240,30,52242.5,75,75,2523405
BANKNIFTY-I.NFO,04/10/2024,09:31:35,52240,52235,330,52238.85,15,60,2523405
BANKNIFTY-I.NFO,04/10/2024,09:31:37,52240,52235,210,52240,135,420,2523405
BANKNIFTY-I.NFO,04/10/2024,09:31:39,52235,52232.15,60,52234.8,75,240,2523405
BANKNIFTY-I.NFO,04/10/2024,09:31:40,52225.05,52225,120,52235,420,420,2523405
BANKNIFTY-I.NFO,04/10/2024,09:31:42,52225.05,52225.05,15,52232,75,75,2523405
BANKNIFTY-I.NFO,04/10/2024,09:31:44,52222.4,52223.8,30,52234,15,210,2523405
BANKNIFTY-I.NFO,04/10/2024,09:31:45,52219.45,52222.2,30,52225,45,585,2523405
BANKNIFTY-I.NFO,04/10/2024,09:31:47,52223.5,52222.9,30,52225.05,30,105,2523405
BANKNIFTY-I.NFO,04/10/2024,09:31:49,52223.5,52218.05,150,52225,30,405,2523405
BANKNIFTY-I.NFO,04/10/2024,09:31:50,52217,52215,15,52222.4,105,135,2523405
BANKNIFTY-I.NFO,04/10/2024,09:31:52,52215,52215.3,60,52220,1350,30,2523405
BANKNIFTY-I.NFO,04/10/2024,09:31:54,52213.45,52212.9,120,52220,1335,60,2523405
BANKNIFTY-I.NFO,04/10/2024,09:31:55,52211.35,52212.45,15,52220,1320,210,2523405
BANKNIFTY-I.NFO,04/10/2024,09:31:57,52210.05,52210.3,15,52220,2145,180,2523405
BANKNIFTY-I.NFO,04/10/2024,09:31:59,52219.9,52210.35,15,52220,2145,60,2523405
BANKNIFTY-I.NFO,04/10/2024,09:32:00,52210,52210.05,15,52217.95,135,120,2523405
BANKNIFTY-I.NFO,04/10/2024,09:32:02,52210.05,52208.5,15,52217.6,75,15,2523405
BANKNIFTY-I.NFO,04/10/2024,09:32:04,52210.65,52210.5,105,52216,30,75,2523405
BANKNIFTY-I.NFO,04/10/2024,09:32:05,52211.85,52211.4,150,52215.85,15,105,2523405
BANKNIFTY-I.NFO,04/10/2024,09:32:07,52206.3,52206.2,150,52215.85,15,1290,2523405
BANKNIFTY-I.NFO,04/10/2024,09:32:09,52206.1,52209.05,30,52216,30,225,2523405
BANKNIFTY-I.NFO,04/10/2024,09:32:10,52206.6,52204.7,75,52214,30,15,2523405
BANKNIFTY-I.NFO,04/10/2024,09:32:12,52214,52202,60,52214,15,30,2523405
BANKNIFTY-I.NFO,04/10/2024,09:32:14,52202.05,52202.05,30,52214,15,120,2523405
BANKNIFTY-I.NFO,04/10/2024,09:32:15,52202,52201,330,52206.6,30,180,2523405
BANKNIFTY-I.NFO,04/10/2024,09:32:17,52202.5,52202,600,52202.5,15,60,2523405
BANKNIFTY-I.NFO,04/10/2024,09:32:19,52202,52202.5,45,52206.6,15,270,2523405
BANKNIFTY-I.NFO,04/10/2024,09:32:20,52203,52202.5,15,52206.6,45,165,2523405
BANKNIFTY-I.NFO,04/10/2024,09:32:22,52206.6,52202,255,52206.6,15,45,2523405
BANKNIFTY-I.NFO,04/10/2024,09:32:24,52202.5,52202,180,52206.6,15,120,2523405
BANKNIFTY-I.NFO,04/10/2024,09:32:25,52202,52202,75,52206.6,15,105,2523405
BANKNIFTY-I.NFO,04/10/2024,09:32:27,52202,52202,45,52202.5,15,30,2523405
BANKNIFTY-I.NFO,04/10/2024,09:32:29,52202.5,52202.05,60,52202.5,15,30,2523405
BANKNIFTY-I.NFO,04/10/2024,09:32:30,52212.95,52203,15,52212.95,120,90,2523405
BANKNIFTY-I.NFO,04/10/2024,09:32:32,52201,52201,150,52211.95,120,315,2523405
BANKNIFTY-I.NFO,04/10/2024,09:32:34,52202.5,52201,15,52202.5,30,180,2523405
BANKNIFTY-I.NFO,04/10/2024,09:32:35,52206.65,52201,120,52204.3,120,165,2523405
BANKNIFTY-I.NFO,04/10/2024,09:32:37,52211.85,52200.4,45,52212.25,120,315,2523405
BANKNIFTY-I.NFO,04/10/2024,09:32:39,52200,52200,2790,52201,135,45,2523405
BANKNIFTY-I.NFO,04/10/2024,09:32:40,52213.25,52213.25,120,52217.1,60,180,2523405
BANKNIFTY-I.NFO,04/10/2024,09:32:42,52217.05,52213.3,15,52215.6,15,105,2523405
BANKNIFTY-I.NFO,04/10/2024,09:32:44,52202.65,52201.85,90,52213.85,15,225,2523405
BANKNIFTY-I.NFO,04/10/2024,09:32:45,52206.3,52204.6,75,52215.5,75,15,2523405
BANKNIFTY-I.NFO,04/10/2024,09:32:47,52204.5,52204,15,52212.75,75,75,2523405
BANKNIFTY-I.NFO,04/10/2024,09:32:49,52203.95,52203.95,45,52206.95,75,30,2523405
BANKNIFTY-I.NFO,04/10/2024,09:32:50,52203.95,52203.95,15,52204.3,45,90,2523405
BANKNIFTY-I.NFO,04/10/2024,09:32:52,52205.5,52212.45,15,52213,15,180,2523405
BANKNIFTY-I.NFO,04/10/2024,09:32:54,52203.05,52201.35,30,52203.05,45,105,2523405
BANKNIFTY-I.NFO,04/10/2024,09:32:55,52200.15,52200.25,15,52210.8,30,195,2523405
BANKNIFTY-I.NFO,04/10/2024,09:32:57,52214.9,52203.45,30,52213.9,60,165,2523405
BANKNIFTY-I.NFO,04/10/2024,09:32:59,52203.95,52202.65,15,52212.25,75,150,2523405
BANKNIFTY-I.NFO,04/10/2024,09:33:00,52210.05,52203.25,60,52210.25,30,60,2523405
BANKNIFTY-I.NFO,04/10/2024,09:33:02,52202.65,52203.4,15,52206.5,75,120,2523405
BANKNIFTY-I.NFO,04/10/2024,09:33:04,52206.3,52206.8,30,52215,45,465,2523405
BANKNIFTY-I.NFO,04/10/2024,09:33:05,52214.95,52211,45,52214.95,15,120,2523405
BANKNIFTY-I.NFO,04/10/2024,09:33:07,52222.4,52218,30,52222.4,45,1080,2523405
BANKNIFTY-I.NFO,04/10/2024,09:33:09,52221.95,52222.25,15,52229.9,30,240,2523405
BANKNIFTY-I.NFO,04/10/2024,09:33:10,52225.1,52222.25,45,52222.85,15,90,2523405
BANKNIFTY-I.NFO,04/10/2024,09:33:12,52230,52224.9,45,52235,15,135,2529030
BANKNIFTY-I.NFO,04/10/2024,09:33:14,52224.95,52222.4,15,52229.8,75,120,2529030
BANKNIFTY-I.NFO,04/10/2024,09:33:15,52229.95,52229.95,15,52236.05,120,90,2529030
BANKNIFTY-I.NFO,04/10/2024,09:33:17,52230.05,52230,15,52234.1,75,60,2529030
BANKNIFTY-I.NFO,04/10/2024,09:33:18,52237.6,52232,15,52239.8,30,510,2529030
BANKNIFTY-I.NFO,04/10/2024,09:33:20,52232,52232.05,45,52235.8,30,60,2529030
BANKNIFTY-I.NFO,04/10/2024,09:33:22,52235.8,52232.15,45,52235.85,15,45,2529030
BANKNIFTY-I.NFO,04/10/2024,09:33:23,52240,52240,15,52244.9,75,195,2529030
BANKNIFTY-I.NFO,04/10/2024,09:33:25,52246.3,52246.25,30,52246.3,30,780,2529030
BANKNIFTY-I.NFO,04/10/2024,09:33:27,52250,52246.3,45,52250,60,225,2529030
BANKNIFTY-I.NFO,04/10/2024,09:33:28,52249,52246.3,60,52249.3,45,210,2529030
BANKNIFTY-I.NFO,04/10/2024,09:33:30,52249.9,52246.3,30,52249.7,150,735,2529030
BANKNIFTY-I.NFO,04/10/2024,09:33:32,52248.05,52245,90,52250,75,45,2529030
BANKNIFTY-I.NFO,04/10/2024,09:33:33,52245.1,52245.15,15,52249.95,30,45,2529030
BANKNIFTY-I.NFO,04/10/2024,09:33:35,52250.15,52246.4,15,52250.75,15,135,2529030
BANKNIFTY-I.NFO,04/10/2024,09:33:37,52246.6,52246.5,45,52257.8,30,315,2529030
BANKNIFTY-I.NFO,04/10/2024,09:33:39,52264.25,52254,60,52264.25,2565,2730,2529030
BANKNIFTY-I.NFO,04/10/2024,09:33:40,52257.65,52257.8,30,52269.75,30,90,2529030
BANKNIFTY-I.NFO,04/10/2024,09:33:42,52281,52277.15,135,52283,15,3075,2529030
BANKNIFTY-I.NFO,04/10/2024,09:33:44,52297.65,52277.3,45,52289.15,45,2820,2529030
BANKNIFTY-I.NFO,04/10/2024,09:33:45,52282.85,52270.4,30,52285.7,75,240,2529030
BANKNIFTY-I.NFO,04/10/2024,09:33:47,52289.8,52273.3,15,52277.15,15,330,2529030
BANKNIFTY-I.NFO,04/10/2024,09:33:49,52279.2,52270.05,60,52282.1,90,330,2529030
BANKNIFTY-I.NFO,04/10/2024,09:33:50,52282.1,52272.1,45,52277.3,375,120,2529030
BANKNIFTY-I.NFO,04/10/2024,09:33:52,52271.2,52270.7,30,52277.3,330,150,2529030
BANKNIFTY-I.NFO,04/10/2024,09:33:54,52289.25,52277.3,15,52287.4,90,600,2529030
BANKNIFTY-I.NFO,04/10/2024,09:33:55,52287.75,52277.35,15,52287.8,60,75,2529030
BANKNIFTY-I.NFO,04/10/2024,09:33:57,52270.55,52270.55,135,52277.35,60,135,2529030
BANKNIFTY-I.NFO,04/10/2024,09:33:59,52250.45,52250.15,60,52267,120,705,2529030
BANKNIFTY-I.NFO,04/10/2024,09:34:00,52264.45,52252.05,30,52262.1,120,30,2529030
BANKNIFTY-I.NFO,04/10/2024,09:34:02,52249.85,52249.85,75,52254.65,75,180,2529030
BANKNIFTY-I.NFO,04/10/2024,09:34:04,52249.95,52249.95,45,52253.9,75,540,2529030
BANKNIFTY-I.NFO,04/10/2024,09:34:05,52251.1,52245.1,45,52251.8,30,255,2529030
BANKNIFTY-I.NFO,04/10/2024,09:34:07,52252.15,52250,45,52252.75,3705,315,2529030
BANKNIFTY-I.NFO,04/10/2024,09:34:09,52254.35,52250,15,52254.3,15,960,2529030
BANKNIFTY-I.NFO,04/10/2024,09:34:10,52252.75,52252.75,165,52254.95,30,1200,2529030
BANKNIFTY-I.NFO,04/10/2024,09:34:12,52261.95,52252.75,165,52261.75,75,1080,2529030
BANKNIFTY-I.NFO,04/10/2024,09:34:14,52257.65,52257.65,810,52259.05,75,135,2529030
BANKNIFTY-I.NFO,04/10/2024,09:34:15,52269,52262.4,120,52270.2,1605,1170,2529030
BANKNIFTY-I.NFO,04/10/2024,09:34:17,52276.85,52272.2,60,52276.85,30,1290,2529030
BANKNIFTY-I.NFO,04/10/2024,09:34:19,52286.05,52270.2,120,52282.15,75,525,2529030
BANKNIFTY-I.NFO,04/10/2024,09:34:20,52277.6,52270.05,60,52278.15,15,315,2529030
BANKNIFTY-I.NFO,04/10/2024,09:34:22,52270.5,52270.15,15,52274.55,75,150,2529030
BANKNIFTY-I.NFO,04/10/2024,09:34:24,52275,52270.1,45,52273,75,270,2529030
BANKNIFTY-I.NFO,04/10/2024,09:34:25,52279.05,52277.3,375,52280,30,225,2529030
BANKNIFTY-I.NFO,04/10/2024,09:34:27,52281.55,52281.5,45,52288.95,75,300,2529030
BANKNIFTY-I.NFO,04/10/2024,09:34:29,52288.95,52282,30,52288.9,15,90,2529030
BANKNIFTY-I.NFO,04/10/2024,09:34:30,52281.5,52281.5,15,52288.9,75,330,2529030
BANKNIFTY-I.NFO,04/10/2024,09:34:32,52280,52282.15,60,52290,15,240,2529030
BANKNIFTY-I.NFO,04/10/2024,09:34:34,52288.95,52282.2,30,52290,15,240,2529030
BANKNIFTY-I.NFO,04/10/2024,09:34:35,52290.55,52279.95,45,52289.6,15,195,2529030
BANKNIFTY-I.NFO,04/10/2024,09:34:37,52278.95,52280.2,15,52290,15,315,2529030
BANKNIFTY-I.NFO,04/10/2024,09:34:39,52293.35,52277.05,15,52293.55,75,540,2529030
BANKNIFTY-I.NFO,04/10/2024,09:34:40,52291.9,52276.55,15,52293.1,45,315,2529030
BANKNIFTY-I.NFO,04/10/2024,09:34:42,52291.75,52280.45,45,52293.35,150,480,2529030
BANKNIFTY-I.NFO,04/10/2024,09:34:44,52293.5,52278.95,120,52293.65,45,195,2529030
BANKNIFTY-I.NFO,04/10/2024,09:34:45,52294.2,52285.05,135,52294.5,45,90,2529030
BANKNIFTY-I.NFO,04/10/2024,09:34:47,52297.1,52290.05,45,52297.95,75,375,2529030
BANKNIFTY-I.NFO,04/10/2024,09:34:49,52299,52290.05,45,52295.45,75,660,2529030
BANKNIFTY-I.NFO,04/10/2024,09:34:50,52300,52294.35,120,52300,15,1545,2529030
BANKNIFTY-I.NFO,04/10/2024,09:34:52,52308,52305.05,120,52309.25,4035,555,2529030
BANKNIFTY-I.NFO,04/10/2024,09:34:54,52305.1,52296.05,15,52307.6,15,1140,2529030
BANKNIFTY-I.NFO,04/10/2024,09:34:55,52300,52300,15,52308.8,30,120,2529030
BANKNIFTY-I.NFO,04/10/2024,09:34:57,52300.1,52305.15,315,52307.6,15,630,2529030
BANKNIFTY-I.NFO,04/10/2024,09:34:59,52301,52306.3,195,52307.65,3975,855,2529030
BANKNIFTY-I.NFO,04/10/2024,09:35:00,52296.25,52304.85,15,52305.65,60,420,2529030
BANKNIFTY-I.NFO,04/10/2024,09:35:02,52305,52305,45,52307.7,90,585,2529030
BANKNIFTY-I.NFO,04/10/2024,09:35:04,52305.55,52296.5,60,52305.05,75,405,2529030
BANKNIFTY-I.NFO,04/10/2024,09:35:05,52296.75,52296.75,105,52299.15,75,60,2529030
BANKNIFTY-I.NFO,04/10/2024,09:35:07,52301.05,52296.75,45,52301.05,3930,315,2529030
BANKNIFTY-I.NFO,04/10/2024,09:35:09,52297.05,52297.05,15,52297.6,15,195,2529030
BANKNIFTY-I.NFO,04/10/2024,09:35:10,52297.1,52297.1,105,52297.6,15,180,2529030
BANKNIFTY-I.NFO,04/10/2024,09:35:12,52305,52305,30,52307.95,30,600,2529030
BANKNIFTY-I.NFO,04/10/2024,09:35:14,52309.9,52305,45,52309.8,30,210,2529030
BANKNIFTY-I.NFO,04/10/2024,09:35:15,52330,52329.55,150,52330,195,5040,2529030
BANKNIFTY-I.NFO,04/10/2024,09:35:17,52338.1,52338.5,75,52340,45,585,2529030
BANKNIFTY-I.NFO,04/10/2024,09:35:19,52368.95,52361.1,45,52374.95,15,6555,2529030
BANKNIFTY-I.NFO,04/10/2024,09:35:20,52383.2,52374.8,150,52383.2,15,1410,2529030
BANKNIFTY-I.NFO,04/10/2024,09:35:22,52374.85,52374.85,90,52383.1,15,1965,2529030
BANKNIFTY-I.NFO,04/10/2024,09:35:24,52387.4,52379.85,120,52387.45,75,570,2529030
BANKNIFTY-I.NFO,04/10/2024,09:35:25,52392.7,52392.7,75,52394,150,675,2529030
BANKNIFTY-I.NFO,04/10/2024,09:35:25,52393,52392.7,75,52394,150,0,2529030
BANKNIFTY-I.NFO,04/10/2024,09:35:27,52390.1,52379.55,15,52388.55,15,1365,2529030
BANKNIFTY-I.NFO,04/10/2024,09:35:27,52394,52379.55,15,52388.55,15,0,2529030
BANKNIFTY-I.NFO,04/10/2024,09:35:29,52393.9,52378.65,45,52393.5,45,780,2529030
BANKNIFTY-I.NFO,04/10/2024,09:35:30,52386.95,52383.2,75,52392.15,45,525,2529030
BANKNIFTY-I.NFO,04/10/2024,09:35:32,52378.6,52378.6,45,52380,15,420,2529030
BANKNIFTY-I.NFO,04/10/2024,09:35:34,52383.2,52380.05,30,52383.2,15,675,2529030
BANKNIFTY-I.NFO,04/10/2024,09:35:35,52381.25,52383.15,195,52389.1,15,315,2529030
BANKNIFTY-I.NFO,04/10/2024,09:35:37,52383.2,52383.2,120,52389.9,90,255,2529030
BANKNIFTY-I.NFO,04/10/2024,09:35:39,52389,52383.2,60,52389,75,330,2529030
BANKNIFTY-I.NFO,04/10/2024,09:35:40,52383.2,52380.05,60,52383.7,75,615,2529030
BANKNIFTY-I.NFO,04/10/2024,09:35:42,52360.45,52360.4,135,52374.75,15,1530,2529030
BANKNIFTY-I.NFO,04/10/2024,09:35:44,52374.55,52362.4,120,52374.3,15,270,2529030
BANKNIFTY-I.NFO,04/10/2024,09:35:46,52372.95,52363.9,120,52374.55,15,390,2529030
BANKNIFTY-I.NFO,04/10/2024,09:35:47,52379.95,52368.8,135,52379.95,60,345,2529030
BANKNIFTY-I.NFO,04/10/2024,09:35:49,52377.6,52370.85,60,52377.6,60,360,2529030
BANKNIFTY-I.NFO,04/10/2024,09:35:51,52378.8,52366.95,45,52373.6,75,255,2529030
BANKNIFTY-I.NFO,04/10/2024,09:35:52,52375.9,52366.6,75,52375.25,45,510,2529030
BANKNIFTY-I.NFO,04/10/2024,09:35:54,52380,52380,9375,52382.35,3255,1635,2529030
BANKNIFTY-I.NFO,04/10/2024,09:35:56,52380,52380,7245,52384,120,2820,2529030
BANKNIFTY-I.NFO,04/10/2024,09:35:57,52380,52380,4725,52382.9,90,2700,2529030
BANKNIFTY-I.NFO,04/10/2024,09:35:59,52377.6,52373.6,165,52376.85,15,4905,2529030
BANKNIFTY-I.NFO,04/10/2024,09:36:01,52366.6,52366.7,15,52377.35,75,1095,2529030
BANKNIFTY-I.NFO,04/10/2024,09:36:02,52366.65,52366.65,135,52374.8,75,105,2529030
BANKNIFTY-I.NFO,04/10/2024,09:36:04,52366.2,52366.2,90,52366.65,15,195,2529030
BANKNIFTY-I.NFO,04/10/2024,09:36:06,52359.95,52350,150,52358.5,75,900,2529030
BANKNIFTY-I.NFO,04/10/2024,09:36:07,52350,52345,15,52350,75,285,2529030
BANKNIFTY-I.NFO,04/10/2024,09:36:09,52343.2,52343.3,120,52345,45,195,2529030
BANKNIFTY-I.NFO,04/10/2024,09:36:11,52358.5,52350.05,15,52358.5,2865,1380,2529030
BANKNIFTY-I.NFO,04/10/2024,09:36:12,52366.1,52350.3,15,52365.15,15,330,2544930
BANKNIFTY-I.NFO,04/10/2024,09:36:14,52366.05,52358.5,15,52366.15,15,300,2544930
BANKNIFTY-I.NFO,04/10/2024,09:36:16,52357.05,52359.05,15,52366.2,60,30,2544930
BANKNIFTY-I.NFO,04/10/2024,09:36:17,52366.05,52359.05,15,52365,15,75,2544930
BANKNIFTY-I.NFO,04/10/2024,09:36:19,52364.95,52357.05,30,52365,15,15,2544930
BANKNIFTY-I.NFO,04/10/2024,09:36:20,52369.15,52357.1,15,52368.5,30,360,2544930
BANKNIFTY-I.NFO,04/10/2024,09:36:22,52350.1,52350.1,15,52361.2,120,285,2544930
BANKNIFTY-I.NFO,04/10/2024,09:36:24,52360.05,52350,660,52358.1,120,135,2544930
BANKNIFTY-I.NFO,04/10/2024,09:36:25,52350,52350.05,15,52361.35,150,45,2544930
BANKNIFTY-I.NFO,04/10/2024,09:36:27,52350,52350,585,52359.8,15,45,2544930
BANKNIFTY-I.NFO,04/10/2024,09:36:29,52350.05,52350,585,52357.75,45,165,2544930
BANKNIFTY-I.NFO,04/10/2024,09:36:30,52359.85,52350.05,30,52359.8,30,105,2544930
BANKNIFTY-I.NFO,04/10/2024,09:36:32,52359.85,52350,570,52357.2,120,420,2544930
BANKNIFTY-I.NFO,04/10/2024,09:36:34,52341.15,52333.45,30,52340.45,60,690,2544930
BANKNIFTY-I.NFO,04/10/2024,09:36:35,52332.4,52325.25,120,52335.9,60,285,2544930
BANKNIFTY-I.NFO,04/10/2024,09:36:37,52327.1,52325.7,30,52337.15,15,210,2544930
BANKNIFTY-I.NFO,04/10/2024,09:36:39,52325,52325.05,15,52336.4,15,105,2544930
BANKNIFTY-I.NFO,04/10/2024,09:36:40,52325.05,52325.05,15,52337.05,15,150,2544930
BANKNIFTY-I.NFO,04/10/2024,09:36:42,52325,52325,405,52327.6,75,120,2544930
BANKNIFTY-I.NFO,04/10/2024,09:36:44,52326.15,52320,105,52326.15,30,690,2544930
BANKNIFTY-I.NFO,04/10/2024,09:36:45,52325,52315,15,52325,45,150,2544930
BANKNIFTY-I.NFO,04/10/2024,09:36:47,52314.4,52313.6,75,52318.3,60,330,2544930
BANKNIFTY-I.NFO,04/10/2024,09:36:49,52320,52310,150,52314.95,45,105,2544930
BANKNIFTY-I.NFO,04/10/2024,09:36:50,52315,52310.75,45,52317.65,60,195,2544930
BANKNIFTY-I.NFO,04/10/2024,09:36:52,52312.55,52312.45,30,52319.95,15,240,2544930
BANKNIFTY-I.NFO,04/10/2024,09:36:54,52318.7,52312.45,15,52314.4,75,60,2544930
BANKNIFTY-I.NFO,04/10/2024,09:36:55,52308.2,52308.2,705,52312.1,30,225,2544930
BANKNIFTY-I.NFO,04/10/2024,09:36:57,52311.6,52305,255,52308.2,75,795,2544930
BANKNIFTY-I.NFO,04/10/2024,09:36:59,52305,52305,60,52305.5,45,240,2544930
BANKNIFTY-I.NFO,04/10/2024,09:37:00,52305,52306.8,30,52311.65,105,300,2544930
BANKNIFTY-I.NFO,04/10/2024,09:37:02,52318.45,52310.1,90,52318.45,2850,390,2544930
BANKNIFTY-I.NFO,04/10/2024,09:37:04,52326.25,52324.2,105,52338.95,15,3285,2544930
BANKNIFTY-I.NFO,04/10/2024,09:37:05,52342.45,52345.45,15,52350,30,210,2544930
BANKNIFTY-I.NFO,04/10/2024,09:37:07,52349.8,52345.45,15,52349.95,75,105,2544930
BANKNIFTY-I.NFO,04/10/2024,09:37:09,52339.5,52338.5,45,52349.85,15,195,2544930
BANKNIFTY-I.NFO,04/10/2024,09:37:10,52336.9,52342.45,15,52346.85,120,45,2544930
BANKNIFTY-I.NFO,04/10/2024,09:37:12,52344.85,52343.6,60,52346.1,75,105,2544930
BANKNIFTY-I.NFO,04/10/2024,09:37:14,52344.75,52343.6,15,52344.1,60,150,2544930
BANKNIFTY-I.NFO,04/10/2024,09:37:15,52334.9,52343.6,75,52349.15,60,465,2544930
BANKNIFTY-I.NFO,04/10/2024,09:37:17,52343.6,52334.75,150,52343.7,75,150,2544930
BANKNIFTY-I.NFO,04/10/2024,09:37:19,52337.15,52338.2,15,52343.7,75,15,2544930
BANKNIFTY-I.NFO,04/10/2024,09:37:21,52342.55,52339.9,30,52341.8,60,45,2544930
BANKNIFTY-I.NFO,04/10/2024,09:37:22,52343.7,52340.05,15,52347.95,30,225,2544930
BANKNIFTY-I.NFO,04/10/2024,09:37:24,52339.95,52337.15,30,52339.45,30,120,2544930
BANKNIFTY-I.NFO,04/10/2024,09:37:26,52337.15,52339.55,75,52339.6,75,930,2544930
BANKNIFTY-I.NFO,04/10/2024,09:37:27,52346.25,52346.3,75,52350,60,435,2544930
BANKNIFTY-I.NFO,04/10/2024,09:37:29,52353.95,52348.65,15,52353.95,15,150,2544930
BANKNIFTY-I.NFO,04/10/2024,09:37:31,52346.35,52346.4,15,52347.3,75,90,2544930
BANKNIFTY-I.NFO,04/10/2024,09:37:32,52346.3,52344.45,15,52345.55,45,105,2544930
BANKNIFTY-I.NFO,04/10/2024,09:37:34,52342.4,52345.55,60,52346.3,75,45,2544930
BANKNIFTY-I.NFO,04/10/2024,09:37:35,52350,52350,570,52351.45,150,390,2544930
BANKNIFTY-I.NFO,04/10/2024,09:37:37,52349.3,52345.55,75,52352.3,45,720,2544930
BANKNIFTY-I.NFO,04/10/2024,09:37:39,52346.3,52341.65,30,52351.45,30,270,2544930
BANKNIFTY-I.NFO,04/10/2024,09:37:40,52343.95,52340.3,15,52344,30,90,2544930
BANKNIFTY-I.NFO,04/10/2024,09:37:42,52340.35,52340.35,15,52346.45,30,120,2544930
BANKNIFTY-I.NFO,04/10/2024,09:37:44,52333.1,52330.9,15,52344.35,30,180,2544930
BANKNIFTY-I.NFO,04/10/2024,09:37:45,52344.45,52332.85,15,52343.85,15,30,2544930
BANKNIFTY-I.NFO,04/10/2024,09:37:47,52337.45,52331.15,15,52337.45,60,90,2544930
BANKNIFTY-I.NFO,04/10/2024,09:37:49,52323.95,52324.1,15,52336.95,15,1125,2544930
BANKNIFTY-I.NFO,04/10/2024,09:37:50,52339.5,52327.4,90,52339.5,3045,195,2544930
BANKNIFTY-I.NFO,04/10/2024,09:37:52,52328.3,52330.5,15,52340.3,195,15,2544930
BANKNIFTY-I.NFO,04/10/2024,09:37:54,52335,52335,480,52339.5,75,15,2544930
BANKNIFTY-I.NFO,04/10/2024,09:37:56,52338.35,52336.9,30,52338.3,60,315,2544930
BANKNIFTY-I.NFO,04/10/2024,09:37:57,52339.95,52335,165,52340,75,165,2544930
BANKNIFTY-I.NFO,04/10/2024,09:37:59,52340,52338.35,75,52340.3,195,105,2544930
BANKNIFTY-I.NFO,04/10/2024,09:38:01,52346.3,52341.5,120,52347,105,750,2544930
BANKNIFTY-I.NFO,04/10/2024,09:38:02,52340,52341.5,30,52347,90,45,2544930
BANKNIFTY-I.NFO,04/10/2024,09:38:04,52347,52341.5,30,52346.95,75,150,2544930
BANKNIFTY-I.NFO,04/10/2024,09:38:06,52341.9,52342.3,105,52350,405,240,2544930
BANKNIFTY-I.NFO,04/10/2024,09:38:07,52350,52348.4,75,52349.95,75,315,2544930
BANKNIFTY-I.NFO,04/10/2024,09:38:09,52340.35,52343.55,75,52348.8,75,3105,2544930
BANKNIFTY-I.NFO,04/10/2024,09:38:11,52342.45,52341.65,75,52348.45,150,120,2544930
BANKNIFTY-I.NFO,04/10/2024,09:38:12,52342.45,52344.5,75,52349.85,75,0,2544930
BANKNIFTY-I.NFO,04/10/2024,09:38:14,52349.95,52344.6,30,52349.95,15,15,2544930
BANKNIFTY-I.NFO,04/10/2024,09:38:16,52344.6,52342.5,15,52349.95,15,105,2544930
BANKNIFTY-I.NFO,04/10/2024,09:38:17,52354.4,52351.8,150,52354.4,135,1185,2544930
BANKNIFTY-I.NFO,04/10/2024,09:38:19,52358.95,52356.25,75,52358.2,45,45,2544930
BANKNIFTY-I.NFO,04/10/2024,09:38:20,52365,52363.85,15,52365,30,360,2544930
BANKNIFTY-I.NFO,04/10/2024,09:38:22,52365.5,52364.65,30,52369,15,150,2544930
BANKNIFTY-I.NFO,04/10/2024,09:38:24,52364.5,52364.65,15,52369,15,60,2544930
BANKNIFTY-I.NFO,04/10/2024,09:38:25,52366.95,52364.65,15,52369.95,30,30,2544930
BANKNIFTY-I.NFO,04/10/2024,09:38:27,52364.95,52358.7,45,52369.9,15,165,2544930
BANKNIFTY-I.NFO,04/10/2024,09:38:29,52372,52360.3,15,52373.8,120,165,2544930
BANKNIFTY-I.NFO,04/10/2024,09:38:30,52369.1,52361.15,15,52369.6,120,45,2544930
BANKNIFTY-I.NFO,04/10/2024,09:38:32,52361.25,52354.35,150,52361.25,120,195,2544930
BANKNIFTY-I.NFO,04/10/2024,09:38:34,52365.05,52354.4,15,52364.15,120,60,2544930
BANKNIFTY-I.NFO,04/10/2024,09:38:35,52364.15,52354.4,30,52364.6,90,15,2544930
BANKNIFTY-I.NFO,04/10/2024,09:38:37,52361.25,52361.25,15,52369.45,75,510,2544930
BANKNIFTY-I.NFO,04/10/2024,09:38:39,52360.05,52363.2,45,52369.45,75,75,2544930
BANKNIFTY-I.NFO,04/10/2024,09:38:40,52362.4,52363.35,60,52374.4,15,105,2544930
BANKNIFTY-I.NFO,04/10/2024,09:38:42,52376.25,52374.45,30,52380,330,195,2544930
BANKNIFTY-I.NFO,04/10/2024,09:38:44,52367.7,52369.25,45,52378.95,30,330,2544930
BANKNIFTY-I.NFO,04/10/2024,09:38:45,52379,52369.9,15,52379.95,120,45,2544930
BANKNIFTY-I.NFO,04/10/2024,09:38:47,52377,52377,135,52381.9,75,480,2544930
BANKNIFTY-I.NFO,04/10/2024,09:38:49,52381.9,52375,150,52381.9,15,270,2544930
BANKNIFTY-I.NFO,04/10/2024,09:38:50,52380,52380,105,52386.45,15,195,2544930
BANKNIFTY-I.NFO,04/10/2024,09:38:52,52380,52375.15,150,52385.4,30,330,2544930
BANKNIFTY-I.NFO,04/10/2024,09:38:54,52390,52380.1,15,52390,150,450,2544930
BANKNIFTY-I.NFO,04/10/2024,09:38:55,52390,52385,45,52390,60,165,2544930
BANKNIFTY-I.NFO,04/10/2024,09:38:57,52387,52384,15,52386.95,75,90,2544930
BANKNIFTY-I.NFO,04/10/2024,09:38:59,52387,52381.95,15,52389.95,15,150,2544930
BANKNIFTY-I.NFO,04/10/2024,09:39:00,52400,52395.35,120,52400,270,5460,2544930
BANKNIFTY-I.NFO,04/10/2024,09:39:00,52400,52395.35,120,52400,270,0,2544930
BANKNIFTY-I.NFO,04/10/2024,09:39:02,52423,52420,420,52423,420,1560,2544930
BANKNIFTY-I.NFO,04/10/2024,09:39:02,52423,52420,420,52423,420,0,2544930
BANKNIFTY-I.NFO,04/10/2024,09:39:04,52422.9,52412,15,52422.95,15,1440,2544930
BANKNIFTY-I.NFO,04/10/2024,09:39:04,52425,52412,15,52422.95,15,0,2544930
BANKNIFTY-I.NFO,04/10/2024,09:39:05,52412.65,52412.1,15,52426.2,45,975,2544930
BANKNIFTY-I.NFO,04/10/2024,09:39:05,52432,52412.1,15,52426.2,45,0,2544930
BANKNIFTY-I.NFO,04/10/2024,09:39:07,52432.55,52427.4,120,52432.55,60,195,2544930
BANKNIFTY-I.NFO,04/10/2024,09:39:07,52432.55,52427.4,120,52432.55,60,0,2544930
BANKNIFTY-I.NFO,04/10/2024,09:39:09,52444,52437.8,15,52444,150,915,2544930
BANKNIFTY-I.NFO,04/10/2024,09:39:09,52448.95,52437.8,15,52444,150,0,2544930
BANKNIFTY-I.NFO,04/10/2024,09:39:10,52432.55,52444,30,52448.2,45,495,2544930
BANKNIFTY-I.NFO,04/10/2024,09:39:10,52449,52444,30,52448.2,45,0,2544930
BANKNIFTY-I.NFO,04/10/2024,09:39:12,52430.25,52430.15,15,52443.75,45,465,2560650
BANKNIFTY-I.NFO,04/10/2024,09:39:12,52449.45,52430.15,15,52443.75,45,0,2560650
BANKNIFTY-I.NFO,04/10/2024,09:39:14,52443.85,52430.65,15,52444,30,420,2560650
BANKNIFTY-I.NFO,04/10/2024,09:39:15,52444.95,52434.75,45,52449.4,15,285,2560650
BANKNIFTY-I.NFO,04/10/2024,09:39:15,52449.55,52434.75,45,52449.4,15,0,2560650
BANKNIFTY-I.NFO,04/10/2024,09:39:17,52441.75,52430,30,52441.55,75,855,2560650
BANKNIFTY-I.NFO,04/10/2024,09:39:18,52439.45,52430,30,52438.45,15,375,2560650
BANKNIFTY-I.NFO,04/10/2024,09:39:20,52430,52425,75,52430,60,720,2560650
BANKNIFTY-I.NFO,04/10/2024,09:39:22,52420.15,52423.55,105,52439.25,15,825,2560650
BANKNIFTY-I.NFO,04/10/2024,09:39:23,52427.65,52417.9,150,52427.65,45,615,2560650
BANKNIFTY-I.NFO,04/10/2024,09:39:25,52417.65,52406.05,15,52419.7,60,525,2560650
BANKNIFTY-I.NFO,04/10/2024,09:39:27,52422.6,52418.9,15,52426.05,75,1725,2560650
BANKNIFTY-I.NFO,04/10/2024,09:39:28,52420.3,52404.9,120,52420.3,15,2520,2560650
BANKNIFTY-I.NFO,04/10/2024,09:39:30,52422.4,52417.6,15,52424.9,30,1365,2560650
BANKNIFTY-I.NFO,04/10/2024,09:39:32,52417.6,52410.05,45,52419.65,75,240,2560650
BANKNIFTY-I.NFO,04/10/2024,09:39:33,52420.3,52410,15,52419.8,45,975,2560650
BANKNIFTY-I.NFO,04/10/2024,09:39:35,52421.6,52412.65,15,52422.35,75,210,2560650
BANKNIFTY-I.NFO,04/10/2024,09:39:37,52419.65,52419.65,45,52422.05,15,1275,2560650
BANKNIFTY-I.NFO,04/10/2024,09:39:38,52421.25,52408.05,15,52421.3,120,480,2560650
BANKNIFTY-I.NFO,04/10/2024,09:39:40,52421.6,52412.7,15,52424.9,15,960,2560650
BANKNIFTY-I.NFO,04/10/2024,09:39:42,52415.95,52415.95,30,52420.3,15,105,2560650
BANKNIFTY-I.NFO,04/10/2024,09:39:43,52440,52425.05,15,52438.55,105,990,2560650
BANKNIFTY-I.NFO,04/10/2024,09:39:45,52425.15,52426.1,15,52436.3,15,360,2560650
BANKNIFTY-I.NFO,04/10/2024,09:39:47,52427.1,52425.75,165,52439.9,15,675,2560650
BANKNIFTY-I.NFO,04/10/2024,09:39:48,52450,52439.95,15,52450,1185,1305,2560650
BANKNIFTY-I.NFO,04/10/2024,09:39:48,52450,52439.95,15,52450,1185,0,2560650
BANKNIFTY-I.NFO,04/10/2024,09:39:50,52450,52441.1,120,52450,1095,300,2560650
BANKNIFTY-I.NFO,04/10/2024,09:39:52,52450,52441.45,120,52450,705,480,2560650
BANKNIFTY-I.NFO,04/10/2024,09:39:53,52460.1,52446.15,120,52459.65,105,2535,2560650
BANKNIFTY-I.NFO,04/10/2024,09:39:53,52464,52446.15,120,52459.65,105,0,2560650
BANKNIFTY-I.NFO,04/10/2024,09:39:55,52457.1,52457.1,15,52464,195,270,2560650
BANKNIFTY-I.NFO,04/10/2024,09:39:57,52464,52459.65,15,52464,135,180,2560650
BANKNIFTY-I.NFO,04/10/2024,09:39:59,52471,52460.85,15,52475.35,120,1710,2560650
BANKNIFTY-I.NFO,04/10/2024,09:39:59,52478,52460.85,15,52475.35,120,0,2560650
BANKNIFTY-I.NFO,04/10/2024,09:40:00,52471.7,52464,15,52472.95,90,300,2560650
BANKNIFTY-I.NFO,04/10/2024,09:40:02,52477.9,52465.05,15,52470,120,840,2560650
BANKNIFTY-I.NFO,04/10/2024,09:40:02,52479.8,52465.05,15,52470,120,0,2560650
BANKNIFTY-I.NFO,04/10/2024,09:40:04,52459.65,52459.65,15,52461.45,45,765,2560650
BANKNIFTY-I.NFO,04/10/2024,09:40:05,52480.5,52464.7,45,52477.6,15,2685,2560650
BANKNIFTY-I.NFO,04/10/2024,09:40:05,52481.9,52464.7,45,52477.6,15,0,2560650
BANKNIFTY-I.NFO,04/10/2024,09:40:07,52466.25,52464.45,30,52477.9,15,840,2560650
BANKNIFTY-I.NFO,04/10/2024,09:40:07,52482.3,52464.45,30,52477.9,15,0,2560650
BANKNIFTY-I.NFO,04/10/2024,09:40:09,52470,52470,30,52478.8,15,180,2560650
BANKNIFTY-I.NFO,04/10/2024,09:40:10,52470,52460.25,15,52470.05,75,540,2560650
BANKNIFTY-I.NFO,04/10/2024,09:40:12,52459.8,52450.2,150,52460.8,60,1185,2560650
BANKNIFTY-I.NFO,04/10/2024,09:40:14,52450,52445.2,15,52450.2,15,1470,2560650
BANKNIFTY-I.NFO,04/10/2024,09:40:15,52468.95,52461.95,15,52473.6,15,870,2560650
BANKNIFTY-I.NFO,04/10/2024,09:40:17,52461.95,52461.95,15,52476,30,375,2560650
BANKNIFTY-I.NFO,04/10/2024,09:40:18,52450.55,52450.2,45,52458.9,15,600,2560650
BANKNIFTY-I.NFO,04/10/2024,09:40:20,52450,52445.1,15,52454.95,15,330,2560650
BANKNIFTY-I.NFO,04/10/2024,09:40:22,52439.1,52445.1,30,52453.35,15,1545,2560650
BANKNIFTY-I.NFO,04/10/2024,09:40:23,52425,52425,90,52435.55,45,510,2560650
BANKNIFTY-I.NFO,04/10/2024,09:40:25,52432.9,52420.65,15,52433.4,150,660,2560650
BANKNIFTY-I.NFO,04/10/2024,09:40:27,52417.05,52412.75,45,52428.4,30,2490,2560650
BANKNIFTY-I.NFO,04/10/2024,09:40:28,52415,52403.35,15,52415,30,1335,2560650
BANKNIFTY-I.NFO,04/10/2024,09:40:30,52412.8,52409.65,15,52415,30,120,2560650
BANKNIFTY-I.NFO,04/10/2024,09:40:32,52426.6,52408.2,120,52426.85,90,2355,2560650
BANKNIFTY-I.NFO,04/10/2024,09:40:33,52403.3,52405.75,75,52412.7,120,1440,2560650
BANKNIFTY-I.NFO,04/10/2024,09:40:35,52408.9,52398.95,15,52408.9,15,330,2560650
BANKNIFTY-I.NFO,04/10/2024,09:40:37,52404.75,52408.9,15,52418.75,15,390,2560650
BANKNIFTY-I.NFO,04/10/2024,09:40:38,52417.35,52403.5,15,52408.9,15,465,2560650
BANKNIFTY-I.NFO,04/10/2024,09:40:40,52410.9,52405.85,15,52415,15,165,2560650
BANKNIFTY-I.NFO,04/10/2024,09:40:42,52424.3,52430.8,15,52443.8,15,390,2560650
BANKNIFTY-I.NFO,04/10/2024,09:40:43,52420.9,52420.05,60,52431,15,60,2560650
BANKNIFTY-I.NFO,04/10/2024,09:40:45,52423.65,52408.65,75,52424,15,330,2560650
BANKNIFTY-I.NFO,04/10/2024,09:40:47,52424,52417.85,15,52426.6,15,165,2560650
BANKNIFTY-I.NFO,04/10/2024,09:40:48,52437.1,52424.3,60,52438.8,135,360,2560650
BANKNIFTY-I.NFO,04/10/2024,09:40:50,52424.65,52426.25,30,52439.95,15,30,2560650
BANKNIFTY-I.NFO,04/10/2024,09:40:52,52439.95,52430.25,75,52440,105,150,2560650
BANKNIFTY-I.NFO,04/10/2024,09:40:53,52444,52433.45,60,52445,15,180,2560650
BANKNIFTY-I.NFO,04/10/2024,09:40:55,52442.3,52443,105,52455.85,15,1005,2560650
BANKNIFTY-I.NFO,04/10/2024,09:40:57,52455.3,52443.1,15,52454.55,15,360,2560650
BANKNIFTY-I.NFO,04/10/2024,09:40:58,52443.15,52443.1,30,52455,15,450,2560650
BANKNIFTY-I.NFO,04/10/2024,09:41:00,52443.15,52443.25,15,52452.75,450,285,2560650
BANKNIFTY-I.NFO,04/10/2024,09:41:02,52433.9,52433.9,15,52447.9,15,1305,2560650
BANKNIFTY-I.NFO,04/10/2024,09:41:03,52439.8,52427.35,15,52439.8,15,105,2560650
BANKNIFTY-I.NFO,04/10/2024,09:41:05,52426.6,52425,15,52436,15,570,2560650
BANKNIFTY-I.NFO,04/10/2024,09:41:07,52428.2,52415.4,15,52428.2,135,90,2560650
BANKNIFTY-I.NFO,04/10/2024,09:41:08,52428.15,52419.35,30,52428.15,30,180,2560650
BANKNIFTY-I.NFO,04/10/2024,09:41:10,52428.2,52428.2,45,52433.85,15,210,2560650
BANKNIFTY-I.NFO,04/10/2024,09:41:12,52428.2,52428.2,45,52429.5,60,195,2560650
BANKNIFTY-I.NFO,04/10/2024,09:41:13,52416.7,52416.55,15,52432.1,30,240,2560650
BANKNIFTY-I.NFO,04/10/2024,09:41:15,52416.7,52415.25,60,52416.7,285,75,2560650
BANKNIFTY-I.NFO,04/10/2024,09:41:17,52404.05,52406.5,90,52416.65,15,1035,2560650
BANKNIFTY-I.NFO,04/10/2024,09:41:18,52427.95,52418.25,45,52428,75,435,2560650
BANKNIFTY-I.NFO,04/10/2024,09:41:20,52423.75,52416.65,990,52423.75,60,165,2560650
BANKNIFTY-I.NFO,04/10/2024,09:41:22,52423.2,52416.7,15,52424.75,30,90,2560650
BANKNIFTY-I.NFO,04/10/2024,09:41:23,52401.3,52401.05,75,52414.9,120,1275,2560650
BANKNIFTY-I.NFO,04/10/2024,09:41:25,52400,52400,1095,52409.15,120,165,2560650
BANKNIFTY-I.NFO,04/10/2024,09:41:27,52424.6,52413.8,15,52425.5,75,10080,2560650
BANKNIFTY-I.NFO,04/10/2024,09:41:28,52404.1,52404.7,120,52418.6,75,180,2560650
BANKNIFTY-I.NFO,04/10/2024,09:41:30,52405.1,52404.05,15,52413.8,90,60,2560650
BANKNIFTY-I.NFO,04/10/2024,09:41:32,52401.65,52405.45,120,52411.8,15,1320,2560650
BANKNIFTY-I.NFO,04/10/2024,09:41:33,52400.1,52405.5,60,52410.4,75,300,2560650
BANKNIFTY-I.NFO,04/10/2024,09:41:35,52400.2,52400.2,30,52413.45,15,300,2560650
BANKNIFTY-I.NFO,04/10/2024,09:41:37,52413.75,52402.2,135,52413.75,15,285,2560650
BANKNIFTY-I.NFO,04/10/2024,09:41:38,52413.7,52402.4,30,52413.6,45,120,2560650
BANKNIFTY-I.NFO,04/10/2024,09:41:40,52401.75,52401.75,75,52407.9,75,45,2560650
BANKNIFTY-I.NFO,04/10/2024,09:41:42,52401.65,52401.65,210,52410,75,165,2560650
BANKNIFTY-I.NFO,04/10/2024,09:41:43,52402.55,52401.95,120,52413.1,30,255,2560650
BANKNIFTY-I.NFO,04/10/2024,09:41:45,52413.65,52402.4,120,52413.7,15,210,2560650
BANKNIFTY-I.NFO,04/10/2024,09:41:47,52402.35,52403,120,52413,75,15,2560650
BANKNIFTY-I.NFO,04/10/2024,09:41:48,52409.3,52409.35,120,52413.8,105,150,2560650
BANKNIFTY-I.NFO,04/10/2024,09:41:50,52413.8,52408.4,45,52413.8,75,75,2560650
BANKNIFTY-I.NFO,04/10/2024,09:41:52,52413.8,52413.8,45,52415,45,165,2560650
BANKNIFTY-I.NFO,04/10/2024,09:41:53,52405.05,52413.8,15,52415,60,90,2560650
BANKNIFTY-I.NFO,04/10/2024,09:41:55,52405,52408,45,52415,30,75,2560650
BANKNIFTY-I.NFO,04/10/2024,09:41:57,52415,52409.55,45,52419.7,15,45,2560650
BANKNIFTY-I.NFO,04/10/2024,09:41:58,52407.5,52410,375,52414.95,75,45,2560650
BANKNIFTY-I.NFO,04/10/2024,09:42:00,52405,52401.65,210,52407.7,120,525,2560650
BANKNIFTY-I.NFO,04/10/2024,09:42:02,52380.3,52380,150,52389.05,30,1845,2560650
BANKNIFTY-I.NFO,04/10/2024,09:42:03,52375,52376.2,45,52387.45,15,525,2560650
BANKNIFTY-I.NFO,04/10/2024,09:42:05,52387.45,52380.5,75,52387.45,15,30,2560650
BANKNIFTY-I.NFO,04/10/2024,09:42:07,52380.85,52376.55,15,52391.65,15,1065,2560650
BANKNIFTY-I.NFO,04/10/2024,09:42:08,52375.8,52379,75,52389.75,15,450,2560650
BANKNIFTY-I.NFO,04/10/2024,09:42:10,52379.8,52381.9,15,52387.45,150,225,2560650
BANKNIFTY-I.NFO,04/10/2024,09:42:12,52386.95,52382.15,15,52385.4,75,165,2560650
BANKNIFTY-I.NFO,04/10/2024,09:42:13,52382.9,52381.6,15,52386.3,75,75,2561940
BANKNIFTY-I.NFO,04/10/2024,09:42:15,52387.4,52385.7,15,52387.4,75,180,2561940
BANKNIFTY-I.NFO,04/10/2024,09:42:16,52374.55,52376.2,90,52387.4,15,210,2561940
BANKNIFTY-I.NFO,04/10/2024,09:42:18,52385.65,52370.15,15,52385.35,120,45,2561940
BANKNIFTY-I.NFO,04/10/2024,09:42:20,52379.6,52370,90,52379.3,15,300,2561940
BANKNIFTY-I.NFO,04/10/2024,09:42:21,52379.3,52370.8,120,52379.6,15,15,2561940
BANKNIFTY-I.NFO,04/10/2024,09:42:23,52381.9,52373.25,75,52379,15,330,2561940
BANKNIFTY-I.NFO,04/10/2024,09:42:25,52377.4,52372.95,75,52380,285,360,2561940
BANKNIFTY-I.NFO,04/10/2024,09:42:26,52380,52375.95,75,52380,150,1170,2561940
BANKNIFTY-I.NFO,04/10/2024,09:42:28,52376.65,52379,75,52379.95,75,90,2561940
BANKNIFTY-I.NFO,04/10/2024,09:42:30,52380,52372,75,52379.2,75,315,2561940
BANKNIFTY-I.NFO,04/10/2024,09:42:31,52373.1,52361.85,15,52371.2,75,165,2561940
BANKNIFTY-I.NFO,04/10/2024,09:42:33,52371.1,52362.6,15,52376.85,60,75,2561940
BANKNIFTY-I.NFO,04/10/2024,09:42:35,52380,52375.8,15,52376.15,75,45,2561940
BANKNIFTY-I.NFO,04/10/2024,09:42:36,52372.85,52372.85,75,52379.95,45,120,2561940
BANKNIFTY-I.NFO,04/10/2024,09:42:38,52373.05,52377,90,52378.65,75,90,2561940
BANKNIFTY-I.NFO,04/10/2024,09:42:40,52381.6,52381.65,15,52386.15,45,525,2561940
BANKNIFTY-I.NFO,04/10/2024,09:42:41,52381.4,52379.6,15,52392.45,105,240,2561940
BANKNIFTY-I.NFO,04/10/2024,09:42:43,52386.5,52378.7,15,52386.5,45,180,2561940
BANKNIFTY-I.NFO,04/10/2024,09:42:45,52389.9,52379.8,15,52388.3,75,135,2561940
BANKNIFTY-I.NFO,04/10/2024,09:42:46,52401.9,52388.95,15,52401.7,15,1335,2561940
BANKNIFTY-I.NFO,04/10/2024,09:42:48,52399.9,52385.75,60,52399.7,45,1680,2561940
BANKNIFTY-I.NFO,04/10/2024,09:42:50,52394.85,52381.45,30,52394.9,15,435,2561940
BANKNIFTY-I.NFO,04/10/2024,09:42:51,52386.35,52381.25,45,52386.35,90,90,2561940
BANKNIFTY-I.NFO,04/10/2024,09:42:53,52389.3,52380,30,52386.3,150,150,2561940
BANKNIFTY-I.NFO,04/10/2024,09:42:55,52384.5,52380,30,52384.5,120,45,2561940
BANKNIFTY-I.NFO,04/10/2024,09:42:56,52386.25,52381.6,45,52386.15,75,90,2561940
BANKNIFTY-I.NFO,04/10/2024,09:42:58,52381.6,52380.05,30,52381.6,15,60,2561940
BANKNIFTY-I.NFO,04/10/2024,09:43:00,52381.6,52380.05,30,52386.05,60,45,2561940
BANKNIFTY-I.NFO,04/10/2024,09:43:01,52386.1,52380.05,30,52386.1,15,120,2561940
BANKNIFTY-I.NFO,04/10/2024,09:43:03,52380.05,52380,15,52385.6,15,30,2561940
BANKNIFTY-I.NFO,04/10/2024,09:43:05,52375,52373,15,52378.6,45,75,2561940
BANKNIFTY-I.NFO,04/10/2024,09:43:06,52372.95,52370.05,30,52372.25,15,45,2561940
BANKNIFTY-I.NFO,04/10/2024,09:43:08,52370.1,52370.15,60,52372.25,75,30,2561940
BANKNIFTY-I.NFO,04/10/2024,09:43:10,52370.15,52370.25,15,52372.25,75,15,2561940
BANKNIFTY-I.NFO,04/10/2024,09:43:11,52361.15,52362.55,75,52372.1,15,360,2561940
BANKNIFTY-I.NFO,04/10/2024,09:43:13,52372.05,52366.65,75,52372.2,30,75,2561940
BANKNIFTY-I.NFO,04/10/2024,09:43:15,52372.05,52366.45,15,52377.9,15,225,2561940
BANKNIFTY-I.NFO,04/10/2024,09:43:16,52368,52368.6,15,52381.8,60,105,2561940
BANKNIFTY-I.NFO,04/10/2024,09:43:18,52366.45,52367.9,30,52370.05,15,135,2561940
BANKNIFTY-I.NFO,04/10/2024,09:43:20,52380.95,52377.15,120,52382.8,75,135,2561940
BANKNIFTY-I.NFO,04/10/2024,09:43:21,52394.95,52391.4,255,52395,15,390,2561940
BANKNIFTY-I.NFO,04/10/2024,09:43:23,52394.05,52391.15,60,52400,15,105,2561940
BANKNIFTY-I.NFO,04/10/2024,09:43:25,52394.05,52392,30,52400,15,0,2561940
BANKNIFTY-I.NFO,04/10/2024,09:43:26,52405.9,52393.8,15,52405.9,15,465,2561940
BANKNIFTY-I.NFO,04/10/2024,09:43:28,52406.2,52400,15,52406.2,120,90,2561940
BANKNIFTY-I.NFO,04/10/2024,09:43:30,52399.55,52384.15,30,52399.5,120,270,2561940
BANKNIFTY-I.NFO,04/10/2024,09:43:31,52392,52387.25,15,52392,60,90,2561940
BANKNIFTY-I.NFO,04/10/2024,09:43:33,52405.9,52398.5,90,52405.9,15,180,2561940
BANKNIFTY-I.NFO,04/10/2024,09:43:35,52405.9,52400.1,75,52406.25,75,30,2561940
BANKNIFTY-I.NFO,04/10/2024,09:43:36,52408.75,52408,75,52408.75,15,195,2561940
BANKNIFTY-I.NFO,04/10/2024,09:43:38,52409.55,52394.55,15,52409,45,360,2561940
BANKNIFTY-I.NFO,04/10/2024,09:43:40,52409.55,52395.15,15,52408,15,0,2561940
BANKNIFTY-I.NFO,04/10/2024,09:43:41,52396.15,52400.05,15,52409.5,30,150,2561940
BANKNIFTY-I.NFO,04/10/2024,09:43:43,52409.5,52406.7,15,52408.25,15,105,2561940
BANKNIFTY-I.NFO,04/10/2024,09:43:45,52409.95,52409.55,330,52410,90,90,2561940
BANKNIFTY-I.NFO,04/10/2024,09:43:46,52409.75,52409.65,15,52409.95,30,75,2561940
BANKNIFTY-I.NFO,04/10/2024,09:43:48,52413.05,52409.7,15,52414.95,15,240,2561940
BANKNIFTY-I.NFO,04/10/2024,09:43:50,52409.75,52409.7,30,52421.9,15,270,2561940
BANKNIFTY-I.NFO,04/10/2024,09:43:51,52419.9,52419.9,15,52422.6,75,150,2561940
BANKNIFTY-I.NFO,04/10/2024,09:43:53,52410,52410,45,52419.6,15,180,2561940
BANKNIFTY-I.NFO,04/10/2024,09:43:55,52409.55,52410.3,30,52414.6,75,300,2561940
BANKNIFTY-I.NFO,04/10/2024,09:43:56,52417.4,52410.35,30,52417.3,135,165,2561940
BANKNIFTY-I.NFO,04/10/2024,09:43:58,52405.9,52400,105,52408.6,15,540,2561940
BANKNIFTY-I.NFO,04/10/2024,09:44:00,52401.8,52391.15,15,52401.9,45,225,2561940
BANKNIFTY-I.NFO,04/10/2024,09:44:01,52395.4,52391.1,15,52395.25,60,30,2561940
BANKNIFTY-I.NFO,04/10/2024,09:44:03,52389.05,52389.05,15,52395.95,15,150,2561940
BANKNIFTY-I.NFO,04/10/2024,09:44:05,52387.25,52380,15,52386.15,75,180,2561940
BANKNIFTY-I.NFO,04/10/2024,09:44:06,52377.1,52377.1,45,52380,60,210,2561940
BANKNIFTY-I.NFO,04/10/2024,09:44:08,52377.1,52375.35,15,52377.1,15,75,2561940
BANKNIFTY-I.NFO,04/10/2024,09:44:10,52375.35,52375.3,30,52379.95,75,60,2561940
BANKNIFTY-I.NFO,04/10/2024,09:44:11,52379.95,52375.3,15,52379.95,45,45,2561940
BANKNIFTY-I.NFO,04/10/2024,09:44:13,52379.95,52372.1,30,52379.95,15,180,2561940
BANKNIFTY-I.NFO,04/10/2024,09:44:15,52372.1,52372.1,15,52379.85,450,540,2561940
BANKNIFTY-I.NFO,04/10/2024,09:44:16,52375,52370.05,15,52375.3,15,120,2561940
BANKNIFTY-I.NFO,04/10/2024,09:44:18,52374.95,52370.05,15,52374.95,60,45,2561940
BANKNIFTY-I.NFO,04/10/2024,09:44:20,52375.3,52370,480,52377.4,75,135,2561940
BANKNIFTY-I.NFO,04/10/2024,09:44:21,52351,52351.7,135,52355,75,1890,2561940
BANKNIFTY-I.NFO,04/10/2024,09:44:23,52369.65,52353.9,120,52368.35,120,315,2561940
BANKNIFTY-I.NFO,04/10/2024,09:44:25,52355.55,52355,15,52364.8,120,60,2561940
BANKNIFTY-I.NFO,04/10/2024,09:44:26,52364.6,52356.35,15,52364.95,60,60,2561940
BANKNIFTY-I.NFO,04/10/2024,09:44:28,52365,52364.95,390,52365.25,60,105,2561940
BANKNIFTY-I.NFO,04/10/2024,09:44:30,52365,52365.25,75,52370,90,90,2561940
BANKNIFTY-I.NFO,04/10/2024,09:44:31,52354.05,52356.25,15,52368.6,120,525,2561940
BANKNIFTY-I.NFO,04/10/2024,09:44:33,52358.1,52360.05,15,52369.6,75,60,2561940
BANKNIFTY-I.NFO,04/10/2024,09:44:35,52355.05,52355.05,45,52367.9,15,180,2561940
BANKNIFTY-I.NFO,04/10/2024,09:44:36,52363.05,52355.1,15,52363.1,450,45,2561940
BANKNIFTY-I.NFO,04/10/2024,09:44:38,52351,52350.15,15,52355.5,30,150,2561940
BANKNIFTY-I.NFO,04/10/2024,09:44:39,52353,52350.1,90,52353,45,225,2561940
BANKNIFTY-I.NFO,04/10/2024,09:44:41,52350.1,52350.1,75,52357.4,345,60,2561940
BANKNIFTY-I.NFO,04/10/2024,09:44:43,52345,52340.35,45,52344.25,30,1395,2561940
BANKNIFTY-I.NFO,04/10/2024,09:44:44,52340.45,52340.45,30,52346.05,45,45,2561940
BANKNIFTY-I.NFO,04/10/2024,09:44:46,52347,52341.2,15,52347,15,120,2561940
BANKNIFTY-I.NFO,04/10/2024,09:44:48,52340.4,52340.4,105,52344.15,120,150,2561940
BANKNIFTY-I.NFO,04/10/2024,09:44:49,52340.45,52340.3,15,52343.45,45,120,2561940
BANKNIFTY-I.NFO,04/10/2024,09:44:51,52341.05,52341.05,15,52344.2,75,1125,2561940
BANKNIFTY-I.NFO,04/10/2024,09:44:53,52338.1,52334.9,15,52349.25,45,255,2561940
BANKNIFTY-I.NFO,04/10/2024,09:44:54,52349.9,52340.05,15,52349.95,15,105,2561940
BANKNIFTY-I.NFO,04/10/2024,09:44:56,52337.1,52330.95,45,52337.1,15,1020,2561940
BANKNIFTY-I.NFO,04/10/2024,09:44:58,52348.35,52337.15,15,52346.75,45,375,2561940
BANKNIFTY-I.NFO,04/10/2024,09:44:59,52337.1,52330,15,52335.15,15,330,2561940
BANKNIFTY-I.NFO,04/10/2024,09:45:01,52324.95,52322.6,15,52324.9,45,135,2561940
BANKNIFTY-I.NFO,04/10/2024,09:45:03,52323.4,52326.25,15,52337.2,15,465,2561940
BANKNIFTY-I.NFO,04/10/2024,09:45:04,52327.4,52327.35,15,52341.55,30,555,2561940
BANKNIFTY-I.NFO,04/10/2024,09:45:06,52336.65,52332.65,30,52335.75,45,960,2561940
BANKNIFTY-I.NFO,04/10/2024,09:45:07,52339.05,52332.65,15,52342.05,45,270,2561940
BANKNIFTY-I.NFO,04/10/2024,09:45:09,52332.65,52330,15,52339.5,60,15,2561940
BANKNIFTY-I.NFO,04/10/2024,09:45:11,52334.7,52325,15,52331.2,150,135,2561940
BANKNIFTY-I.NFO,04/10/2024,09:45:12,52325.05,52325.05,30,52331.75,30,90,2561940
BANKNIFTY-I.NFO,04/10/2024,09:45:14,52334.85,52325.15,15,52334.85,15,300,2568045
BANKNIFTY-I.NFO,04/10/2024,09:45:16,52325.6,52325.55,60,52339.25,15,180,2568045
BANKNIFTY-I.NFO,04/10/2024,09:45:17,52325.6,52336.15,90,52339.65,15,0,2568045
BANKNIFTY-I.NFO,04/10/2024,09:45:19,52339.2,52339.65,45,52346.95,15,45,2568045
BANKNIFTY-I.NFO,04/10/2024,09:45:21,52339.2,52339.7,30,52346.5,45,0,2568045
BANKNIFTY-I.NFO,04/10/2024,09:45:22,52346.8,52342.05,90,52350,15,120,2568045
BANKNIFTY-I.NFO,04/10/2024,09:45:24,52350.2,52347.6,90,52355,150,285,2568045
BANKNIFTY-I.NFO,04/10/2024,09:45:26,52364.75,52352.1,15,52364.35,120,360,2568045
BANKNIFTY-I.NFO,04/10/2024,09:45:27,52353.75,52352.15,60,52361.95,120,75,2568045
BANKNIFTY-I.NFO,04/10/2024,09:45:29,52362.95,52353.75,15,52363.95,15,60,2568045
BANKNIFTY-I.NFO,04/10/2024,09:45:31,52364.85,52353.9,15,52364.9,30,45,2568045
BANKNIFTY-I.NFO,04/10/2024,09:45:32,52354.5,52354.55,30,52363.9,30,60,2568045
BANKNIFTY-I.NFO,04/10/2024,09:45:34,52354.6,52354.6,15,52363.95,15,45,2568045
BANKNIFTY-I.NFO,04/10/2024,09:45:36,52360,52360,30,52365.8,120,315,2568045
BANKNIFTY-I.NFO,04/10/2024,09:45:37,52360.85,52354.75,30,52361.85,30,90,2568045
BANKNIFTY-I.NFO,04/10/2024,09:45:39,52361.75,52354.75,15,52361.75,30,90,2568045
BANKNIFTY-I.NFO,04/10/2024,09:45:41,52360.85,52354.75,15,52360.8,15,30,2568045
BANKNIFTY-I.NFO,04/10/2024,09:45:42,52360,52360,1755,52368,75,210,2568045
BANKNIFTY-I.NFO,04/10/2024,09:45:44,52360,52360,1740,52367.95,30,90,2568045
BANKNIFTY-I.NFO,04/10/2024,09:45:46,52374.75,52362.25,135,52374.9,15,210,2568045
BANKNIFTY-I.NFO,04/10/2024,09:45:47,52372.45,52362.15,15,52371.8,135,75,2568045
BANKNIFTY-I.NFO,04/10/2024,09:45:49,52362.9,52361.85,15,52362.95,30,195,2568045
BANKNIFTY-I.NFO,04/10/2024,09:45:51,52350,52346.75,15,52349.95,30,2025,2568045
BANKNIFTY-I.NFO,04/10/2024,09:45:52,52348.95,52341,15,52349.65,15,165,2568045
BANKNIFTY-I.NFO,04/10/2024,09:45:54,52342.95,52340.65,15,52346.75,15,105,2568045
BANKNIFTY-I.NFO,04/10/2024,09:45:56,52346.75,52340.75,15,52343.2,15,60,2568045
BANKNIFTY-I.NFO,04/10/2024,09:45:57,52340.85,52336.05,15,52346.55,15,165,2568045
BANKNIFTY-I.NFO,04/10/2024,09:45:59,52334.3,52338.55,120,52344.35,75,90,2568045
BANKNIFTY-I.NFO,04/10/2024,09:46:01,52342.15,52334.25,15,52342.3,15,165,2568045
BANKNIFTY-I.NFO,04/10/2024,09:46:02,52330,52330.05,15,52336.05,75,75,2568045
BANKNIFTY-I.NFO,04/10/2024,09:46:04,52336.65,52330.05,15,52337.85,105,165,2568045
BANKNIFTY-I.NFO,04/10/2024,09:46:06,52337.95,52330.1,15,52338,15,135,2568045
BANKNIFTY-I.NFO,04/10/2024,09:46:07,52325,52325,45,52331.15,105,165,2568045
BANKNIFTY-I.NFO,04/10/2024,09:46:09,52320,52320,1140,52324.95,60,840,2568045
BANKNIFTY-I.NFO,04/10/2024,09:46:11,52325.1,52325.1,120,52336.9,15,705,2568045
BANKNIFTY-I.NFO,04/10/2024,09:46:12,52320.05,52320.05,75,52329.55,15,255,2568045
BANKNIFTY-I.NFO,04/10/2024,09:46:14,52322.2,52320.05,15,52329.95,30,375,2568045
BANKNIFTY-I.NFO,04/10/2024,09:46:16,52330,52323.1,15,52330,60,660,2568045
BANKNIFTY-I.NFO,04/10/2024,09:46:17,52321.05,52320.05,30,52329.8,60,75,2568045
BANKNIFTY-I.NFO,04/10/2024,09:46:19,52335.9,52322.05,15,52328.9,45,225,2568045
BANKNIFTY-I.NFO,04/10/2024,09:46:21,52320,52320.05,30,52326.9,15,75,2568045
BANKNIFTY-I.NFO,04/10/2024,09:46:22,52329.6,52320.45,30,52328.95,30,15,2568045
BANKNIFTY-I.NFO,04/10/2024,09:46:24,52328.95,52322.35,60,52329.55,15,465,2568045
BANKNIFTY-I.NFO,04/10/2024,09:46:26,52321.05,52321.85,15,52332.9,45,180,2568045
BANKNIFTY-I.NFO,04/10/2024,09:46:27,52328.35,52325.45,15,52340.45,15,150,2568045
BANKNIFTY-I.NFO,04/10/2024,09:46:29,52322.8,52327.15,15,52335.55,15,75,2568045
BANKNIFTY-I.NFO,04/10/2024,09:46:31,52322.8,52331.45,30,52337.8,15,0,2568045
BANKNIFTY-I.NFO,04/10/2024,09:46:32,52338,52338,180,52339.85,15,750,2568045
BANKNIFTY-I.NFO,04/10/2024,09:46:34,52321.1,52321.05,30,52331.55,120,330,2568045
BANKNIFTY-I.NFO,04/10/2024,09:46:36,52320,52320,975,52320.05,15,555,2568045
BANKNIFTY-I.NFO,04/10/2024,09:46:37,52316,52313.3,15,52314.8,30,1515,2568045
BANKNIFTY-I.NFO,04/10/2024,09:46:39,52303,52301,15,52302.85,75,540,2568045
BANKNIFTY-I.NFO,04/10/2024,09:46:41,52302.8,52302.8,30,52311.75,30,660,2568045
BANKNIFTY-I.NFO,04/10/2024,09:46:42,52307.25,52300,615,52307.25,15,210,2568045
BANKNIFTY-I.NFO,04/10/2024,09:46:44,52302.8,52303.65,60,52311.65,15,195,2568045
BANKNIFTY-I.NFO,04/10/2024,09:46:46,52308.6,52300,585,52308.7,60,210,2568045
BANKNIFTY-I.NFO,04/10/2024,09:46:47,52300.95,52300.95,450,52307.1,30,1005,2568045
BANKNIFTY-I.NFO,04/10/2024,09:46:49,52301,52300.95,450,52307.05,30,45,2568045
BANKNIFTY-I.NFO,04/10/2024,09:46:51,52307.6,52307.6,210,52310,15,315,2568045
BANKNIFTY-I.NFO,04/10/2024,09:46:52,52320,52308.95,30,52318.45,15,90,2568045
BANKNIFTY-I.NFO,04/10/2024,09:46:54,52317.35,52308,120,52317.4,60,165,2568045
BANKNIFTY-I.NFO,04/10/2024,09:46:56,52307.6,52307.6,75,52313.75,60,45,2568045
BANKNIFTY-I.NFO,04/10/2024,09:46:57,52305.9,52300.95,360,52302,15,330,2568045
BANKNIFTY-I.NFO,04/10/2024,09:46:59,52306.15,52300.95,330,52306.25,30,300,2568045
BANKNIFTY-I.NFO,04/10/2024,09:47:01,52300.95,52300.95,225,52302,15,180,2568045
BANKNIFTY-I.NFO,04/10/2024,09:47:02,52300.95,52302.7,15,52304.2,60,330,2568045
BANKNIFTY-I.NFO,04/10/2024,09:47:04,52302.8,52302.8,120,52304.6,15,270,2568045
BANKNIFTY-I.NFO,04/10/2024,09:47:06,52304.1,52307.95,15,52313.55,15,225,2568045
BANKNIFTY-I.NFO,04/10/2024,09:47:07,52302.95,52302.9,30,52310.65,60,60,2568045
BANKNIFTY-I.NFO,04/10/2024,09:47:09,52304.15,52308.25,15,52312,15,105,2568045
BANKNIFTY-I.NFO,04/10/2024,09:47:11,52306.25,52304.65,120,52313.6,30,90,2568045
BANKNIFTY-I.NFO,04/10/2024,09:47:12,52313,52305.05,120,52313,45,90,2568045
BANKNIFTY-I.NFO,04/10/2024,09:47:14,52312.1,52312.05,15,52316.65,60,240,2568045
BANKNIFTY-I.NFO,04/10/2024,09:47:16,52326.3,52317.85,30,52329.4,120,180,2568045
BANKNIFTY-I.NFO,04/10/2024,09:47:17,52326.3,52315.05,15,52328.3,120,0,2568045
BANKNIFTY-I.NFO,04/10/2024,09:47:19,52326.3,52317.3,30,52329.05,45,0,2568045
BANKNIFTY-I.NFO,04/10/2024,09:47:21,52322.35,52313.6,30,52321.9,120,105,2568045
BANKNIFTY-I.NFO,04/10/2024,09:47:22,52320.55,52313.6,30,52317,150,90,2568045
BANKNIFTY-I.NFO,04/10/2024,09:47:24,52317,52313.65,30,52315.95,75,15,2568045
BANKNIFTY-I.NFO,04/10/2024,09:47:26,52315.95,52308.1,120,52319.2,15,210,2568045
BANKNIFTY-I.NFO,04/10/2024,09:47:27,52326.85,52321.9,270,52327.55,15,255,2568045
BANKNIFTY-I.NFO,04/10/2024,09:47:29,52328.3,52321.9,255,52324.95,30,45,2568045
BANKNIFTY-I.NFO,04/10/2024,09:47:31,52325,52321.9,255,52329.95,15,60,2568045
BANKNIFTY-I.NFO,04/10/2024,09:47:32,52326.9,52321.9,165,52326.8,105,210,2568045
BANKNIFTY-I.NFO,04/10/2024,09:47:34,52331.3,52321.9,165,52329.1,150,375,2568045
BANKNIFTY-I.NFO,04/10/2024,09:47:36,52322.15,52325.05,15,52334.6,150,135,2568045
BANKNIFTY-I.NFO,04/10/2024,09:47:37,52325.05,52326.8,15,52335,45,15,2568045
BANKNIFTY-I.NFO,04/10/2024,09:47:39,52335,52329.9,150,52339.3,15,60,2568045
BANKNIFTY-I.NFO,04/10/2024,09:47:41,52343,52334,15,52345,15,555,2568045
BANKNIFTY-I.NFO,04/10/2024,09:47:42,52345,52340,120,52344.85,15,30,2568045
BANKNIFTY-I.NFO,04/10/2024,09:47:44,52344.75,52340,180,52344.65,15,15,2568045
BANKNIFTY-I.NFO,04/10/2024,09:47:46,52344.65,52340,90,52344.6,30,120,2568045
BANKNIFTY-I.NFO,04/10/2024,09:47:47,52340,52335,15,52342.1,15,90,2568045
BANKNIFTY-I.NFO,04/10/2024,09:47:49,52340,52335,15,52336.3,30,0,2568045
BANKNIFTY-I.NFO,04/10/2024,09:47:51,52349.3,52340,165,52345,60,600,2568045
BANKNIFTY-I.NFO,04/10/2024,09:47:52,52341.3,52341.3,120,52344.95,15,75,2568045
BANKNIFTY-I.NFO,04/10/2024,09:47:54,52340.95,52341.3,120,52345,15,195,2568045
BANKNIFTY-I.NFO,04/10/2024,09:47:56,52340.95,52340,195,52344.95,30,0,2568045
BANKNIFTY-I.NFO,04/10/2024,09:47:57,52345,52345,495,52351.85,150,45,2568045
BANKNIFTY-I.NFO,04/10/2024,09:47:59,52349.4,52345,495,52349.1,135,15,2568045
BANKNIFTY-I.NFO,04/10/2024,09:48:01,52348.5,52345,480,52349.95,30,45,2568045
BANKNIFTY-I.NFO,04/10/2024,09:48:02,52351.75,52345,375,52351.75,30,195,2568045
BANKNIFTY-I.NFO,04/10/2024,09:48:04,52351.75,52345,375,52346.8,150,0,2568045
BANKNIFTY-I.NFO,04/10/2024,09:48:06,52345,52345,90,52346.75,15,360,2568045
BANKNIFTY-I.NFO,04/10/2024,09:48:07,52346.7,52338.25,15,52346.65,45,945,2568045
BANKNIFTY-I.NFO,04/10/2024,09:48:09,52346.8,52336.4,75,52346.6,15,180,2568045
BANKNIFTY-I.NFO,04/10/2024,09:48:11,52336.3,52338.5,75,52346.6,30,135,2568045
BANKNIFTY-I.NFO,04/10/2024,09:48:12,52347.5,52347.5,45,52349.6,150,90,2568045
BANKNIFTY-I.NFO,04/10/2024,09:48:14,52347.1,52339.1,75,52345,30,150,2574930
BANKNIFTY-I.NFO,04/10/2024,09:48:16,52345,52345,15,52347.5,15,150,2574930
BANKNIFTY-I.NFO,04/10/2024,09:48:18,52355.45,52344.1,15,52355.55,15,555,2574930
BANKNIFTY-I.NFO,04/10/2024,09:48:19,52357.7,52342.75,45,52355.5,15,90,2574930
BANKNIFTY-I.NFO,04/10/2024,09:48:21,52340.75,52349.15,45,52356.5,45,150,2574930
BANKNIFTY-I.NFO,04/10/2024,09:48:23,52356.4,52347.9,30,52359.95,30,90,2574930
BANKNIFTY-I.NFO,04/10/2024,09:48:24,52348.3,52350.85,60,52364.9,15,225,2574930
BANKNIFTY-I.NFO,04/10/2024,09:48:26,52360.9,52355.45,15,52360.5,150,90,2574930
BANKNIFTY-I.NFO,04/10/2024,09:48:27,52360.5,52355.45,15,52361.4,135,15,2574930
BANKNIFTY-I.NFO,04/10/2024,09:48:29,52345.8,52345.05,15,52356.7,45,135,2574930
BANKNIFTY-I.NFO,04/10/2024,09:48:31,52345.8,52340,15,52348.4,150,0,2574930
BANKNIFTY-I.NFO,04/10/2024,09:48:32,52348.4,52340,15,52345.05,15,15,2574930
BANKNIFTY-I.NFO,04/10/2024,09:48:34,52335.05,52334.05,30,52344.6,45,135,2574930
BANKNIFTY-I.NFO,04/10/2024,09:48:36,52345,52338.3,15,52343.7,150,165,2574930
BANKNIFTY-I.NFO,04/10/2024,09:48:37,52345,52338.3,15,52343.65,15,0,2574930
BANKNIFTY-I.NFO,04/10/2024,09:48:39,52339.55,52335.05,15,52339.55,120,75,2574930
BANKNIFTY-I.NFO,04/10/2024,09:48:40,52332.65,52331,15,52333.35,75,75,2574930
BANKNIFTY-I.NFO,04/10/2024,09:48:42,52341.3,52336.8,30,52341.3,30,450,2574930
BANKNIFTY-I.NFO,04/10/2024,09:48:44,52329,52325.1,15,52337.7,300,165,2574930
BANKNIFTY-I.NFO,04/10/2024,09:48:45,52331,52334.25,135,52337.65,30,165,2574930
BANKNIFTY-I.NFO,04/10/2024,09:48:47,52331,52334.25,135,52337.55,45,0,2574930
BANKNIFTY-I.NFO,04/10/2024,09:48:49,52341.45,52336.25,30,52339.4,120,195,2574930
BANKNIFTY-I.NFO,04/10/2024,09:48:50,52336.25,52339.15,15,52347.85,30,120,2574930
BANKNIFTY-I.NFO,04/10/2024,09:48:52,52341.5,52341.5,15,52344.55,30,150,2574930
BANKNIFTY-I.NFO,04/10/2024,09:48:54,52341.45,52336.25,15,52347.45,30,150,2574930
BANKNIFTY-I.NFO,04/10/2024,09:48:55,52347.4,52336.2,15,52344.95,15,15,2574930
BANKNIFTY-I.NFO,04/10/2024,09:48:57,52347.4,52336.25,15,52343,15,0,2574930
BANKNIFTY-I.NFO,04/10/2024,09:48:58,52344.7,52336.25,15,52344.05,135,30,2574930
BANKNIFTY-I.NFO,04/10/2024,09:49:00,52345.4,52345,270,52345.4,150,210,2574930
BANKNIFTY-I.NFO,04/10/2024,09:49:02,52345,52345.05,15,52355.05,300,315,2574930
BANKNIFTY-I.NFO,04/10/2024,09:49:03,52357.9,52344.4,15,52354.8,270,405,2574930
BANKNIFTY-I.NFO,04/10/2024,09:49:05,52342.4,52342.4,15,52355.4,45,60,2574930
BANKNIFTY-I.NFO,04/10/2024,09:49:07,52342.45,52336.1,15,52343.35,135,30,2574930
BANKNIFTY-I.NFO,04/10/2024,09:49:08,52337.2,52330.3,120,52337.2,75,165,2574930
BANKNIFTY-I.NFO,04/10/2024,09:49:10,52331.1,52330.2,120,52343.6,45,75,2574930
BANKNIFTY-I.NFO,04/10/2024,09:49:12,52345.45,52330.3,15,52337.85,150,15,2574930
BANKNIFTY-I.NFO,04/10/2024,09:49:13,52330,52330.05,105,52338.55,45,435,2574930
BANKNIFTY-I.NFO,04/10/2024,09:49:15,52353.75,52340.45,15,52346.85,15,960,2574930
BANKNIFTY-I.NFO,04/10/2024,09:49:16,52345.45,52340.45,15,52348.35,150,15,2574930
BANKNIFTY-I.NFO,04/10/2024,09:49:18,52342,52342,135,52349.35,150,60,2574930
BANKNIFTY-I.NFO,04/10/2024,09:49:20,52342,52342,120,52347.45,150,15,2574930
