Ticker,Date,Time,LTP,BuyPrice,BuyQty,SellPrice,SellQty,LTQ,OpenInterest
NIFTY-III.NFO,04/10/2024,09:15:01,25741.75,25701.05,25,25715.8,100,225,369650
NIFTY-III.NFO,04/10/2024,09:15:01,25741.75,25701.05,25,25715.8,100,0,369650
NIFTY-III.NFO,04/10/2024,09:15:01,25741.75,25701.05,25,25715.8,100,0,369650
NIFTY-III.NFO,04/10/2024,09:15:01,25701.05,25701.05,25,25715.8,100,0,369650
NIFTY-III.NFO,04/10/2024,09:15:03,25725.35,25713.05,25,25733.4,100,50,369650
NIFTY-III.NFO,04/10/2024,09:15:06,25722.45,25720.2,50,25735.4,100,75,369650
NIFTY-III.NFO,04/10/2024,09:15:08,25738.35,25722,25,25734.6,100,175,369650
NIFTY-III.NFO,04/10/2024,09:15:11,25725.35,25723.85,100,25734.5,100,25,369650
NIFTY-III.NFO,04/10/2024,09:15:13,25724.5,25722.45,50,25730.5,100,1075,369600
NIFTY-III.NFO,04/10/2024,09:15:16,25725.55,25715.25,150,25729.3,50,225,369600
NIFTY-III.NFO,04/10/2024,09:15:18,25725.2,25722.5,100,25740.5,25,1000,369600
NIFTY-III.NFO,04/10/2024,09:15:18,25743,25722.5,100,25740.5,25,0,369600
NIFTY-III.NFO,04/10/2024,09:15:21,25729.75,25729.95,150,25744.25,50,175,369600
NIFTY-III.NFO,04/10/2024,09:15:21,25744.55,25729.95,150,25744.25,50,0,369600
NIFTY-III.NFO,04/10/2024,09:15:23,25729.75,25732.2,100,25745.05,50,0,369600
NIFTY-III.NFO,04/10/2024,09:15:26,25745.05,25731.6,100,25745.05,25,25,369600
NIFTY-III.NFO,04/10/2024,09:15:26,25745.05,25731.6,100,25745.05,25,0,369600
NIFTY-III.NFO,04/10/2024,09:15:29,25731.05,25736.95,100,25740,25,25,369600
NIFTY-III.NFO,04/10/2024,09:15:31,25740,25737.9,150,25745.1,25,25,369600
NIFTY-III.NFO,04/10/2024,09:15:34,25745.1,25742.65,100,25750,125,25,369600
NIFTY-III.NFO,04/10/2024,09:15:34,25745.1,25742.65,100,25750,125,0,369600
NIFTY-III.NFO,04/10/2024,09:15:36,25748,25749.75,125,25750,125,225,369600
NIFTY-III.NFO,04/10/2024,09:15:36,25748.05,25749.75,125,25750,125,0,369600
NIFTY-III.NFO,04/10/2024,09:15:39,25750.2,25750.65,100,25761.05,175,150,369600
NIFTY-III.NFO,04/10/2024,09:15:39,25750.2,25750.65,100,25761.05,175,0,369600
NIFTY-III.NFO,04/10/2024,09:15:41,25752.65,25753.7,150,25764.15,175,25,369600
NIFTY-III.NFO,04/10/2024,09:15:41,25752.65,25753.7,150,25764.15,175,0,369600
NIFTY-III.NFO,04/10/2024,09:15:44,25752.65,25755.7,25,25764.15,100,0,369600
NIFTY-III.NFO,04/10/2024,09:15:46,25752.65,25755.8,100,25765.45,175,0,369600
NIFTY-III.NFO,04/10/2024,09:15:49,25752.65,25757.75,25,25765.05,100,0,369600
NIFTY-III.NFO,04/10/2024,09:15:51,25750,25741.5,50,25752.65,175,250,369600
NIFTY-III.NFO,04/10/2024,09:15:54,25752.65,25750,25,25752.65,75,50,369600
NIFTY-III.NFO,04/10/2024,09:15:56,25750,25741.8,25,25752.05,75,25,369600
NIFTY-III.NFO,04/10/2024,09:15:59,25739,25743.5,25,25747.4,75,100,369600
NIFTY-III.NFO,04/10/2024,09:16:01,25745.9,25740.75,25,25745.9,50,125,369600
NIFTY-III.NFO,04/10/2024,09:16:04,25747.7,25740.85,100,25747.7,175,250,369600
NIFTY-III.NFO,04/10/2024,09:16:06,25738.3,25738.3,25,25742.2,125,450,369600
NIFTY-III.NFO,04/10/2024,09:16:09,25738.3,25733.65,25,25738.75,325,0,369600
NIFTY-III.NFO,04/10/2024,09:16:11,25744.65,25740.8,125,25744.65,50,125,369600
NIFTY-III.NFO,04/10/2024,09:16:14,25740.9,25737.5,125,25741.8,75,250,369600
NIFTY-III.NFO,04/10/2024,09:16:16,25737.85,25741.1,125,25742.4,250,250,369600
NIFTY-III.NFO,04/10/2024,09:16:19,25742,25731.75,50,25742.85,50,1375,369600
NIFTY-III.NFO,04/10/2024,09:16:21,25731.05,25730,250,25733.55,50,550,369600
NIFTY-III.NFO,04/10/2024,09:16:24,25720.75,25721.3,25,25728,50,675,369600
NIFTY-III.NFO,04/10/2024,09:16:26,25723.4,25715.1,25,25721.75,50,75,369600
NIFTY-III.NFO,04/10/2024,09:16:29,25716.85,25712.5,25,25719.55,50,50,369600
NIFTY-III.NFO,04/10/2024,09:16:31,25713.4,25708.95,25,25714.9,25,75,369600
NIFTY-III.NFO,04/10/2024,09:16:34,25698.6,25686.3,100,25703.4,50,325,369600
NIFTY-III.NFO,04/10/2024,09:16:34,25698.6,25686.3,100,25703.4,50,0,369600
NIFTY-III.NFO,04/10/2024,09:16:36,25704.05,25691.8,100,25706,50,175,369600
NIFTY-III.NFO,04/10/2024,09:16:39,25705,25693.15,175,25705,125,50,369600
NIFTY-III.NFO,04/10/2024,09:16:41,25706.3,25704.6,125,25713.25,250,150,369600
NIFTY-III.NFO,04/10/2024,09:16:41,25694.15,25704.6,125,25713.25,250,0,369600
NIFTY-III.NFO,04/10/2024,09:16:44,25714.9,25699.85,125,25708.65,75,50,369600
NIFTY-III.NFO,04/10/2024,09:16:46,25700.25,25700.75,75,25710.95,50,50,369600
NIFTY-III.NFO,04/10/2024,09:16:49,25710,25700,50,25708.4,75,50,369600
NIFTY-III.NFO,04/10/2024,09:16:51,25700,25698,25,25699.9,325,200,369600
NIFTY-III.NFO,04/10/2024,09:16:54,25695.05,25690,25,25692.5,125,375,369600
NIFTY-III.NFO,04/10/2024,09:16:56,25684.1,25675.15,100,25684.1,50,325,369600
NIFTY-III.NFO,04/10/2024,09:16:56,25680,25675.15,100,25684.1,50,0,369600
NIFTY-III.NFO,04/10/2024,09:16:59,25690,25678.6,100,25690,100,675,369600
NIFTY-III.NFO,04/10/2024,09:16:59,25678.7,25678.6,100,25690,100,0,369600
NIFTY-III.NFO,04/10/2024,09:17:01,25690.1,25684.45,100,25693,100,25,369600
NIFTY-III.NFO,04/10/2024,09:17:04,25685.15,25680,100,25687.4,100,75,369600
NIFTY-III.NFO,04/10/2024,09:17:06,25680,25675,25,25680,300,150,369600
NIFTY-III.NFO,04/10/2024,09:17:06,25678.65,25675,25,25680,300,0,369600
NIFTY-III.NFO,04/10/2024,09:17:09,25680,25675,25,25678,175,50,369600
NIFTY-III.NFO,04/10/2024,09:17:11,25678.15,25670.65,25,25679.55,75,175,369600
NIFTY-III.NFO,04/10/2024,09:17:11,25671.25,25670.65,25,25679.55,75,0,369600
NIFTY-III.NFO,04/10/2024,09:17:14,25678.15,25673.25,25,25680,275,0,369600
NIFTY-III.NFO,04/10/2024,09:17:16,25678.15,25677.35,25,25679.95,100,0,369600
NIFTY-III.NFO,04/10/2024,09:17:19,25678.15,25677.75,25,25678.6,100,350,369600
NIFTY-III.NFO,04/10/2024,09:17:21,25677.25,25672.55,25,25677,50,175,369600
NIFTY-III.NFO,04/10/2024,09:17:24,25678.15,25676.05,100,25678.15,125,275,369600
NIFTY-III.NFO,04/10/2024,09:17:26,25680,25676.9,50,25680,150,550,369600
NIFTY-III.NFO,04/10/2024,09:17:29,25680,25678.7,50,25687.9,100,225,369600
NIFTY-III.NFO,04/10/2024,09:17:31,25681.45,25674.8,25,25681.45,100,600,369600
NIFTY-III.NFO,04/10/2024,09:17:31,25664.6,25674.8,25,25681.45,100,0,369600
NIFTY-III.NFO,04/10/2024,09:17:34,25678.55,25674.8,25,25679.2,50,25,369600
NIFTY-III.NFO,04/10/2024,09:17:36,25680,25674.8,25,25681.95,100,25,369600
NIFTY-III.NFO,04/10/2024,09:17:39,25676.2,25675.4,25,25679.85,100,3800,369600
NIFTY-III.NFO,04/10/2024,09:17:39,25651.05,25675.4,25,25679.85,100,0,369600
NIFTY-III.NFO,04/10/2024,09:17:41,25678.4,25676.25,25,25678.9,50,300,369600
NIFTY-III.NFO,04/10/2024,09:17:44,25675.3,25672.35,25,25678.65,50,250,369600
NIFTY-III.NFO,04/10/2024,09:17:46,25673.9,25672.4,100,25679.95,50,25,369600
NIFTY-III.NFO,04/10/2024,09:17:49,25672.4,25675.8,25,25680,50,25,369600
NIFTY-III.NFO,04/10/2024,09:17:51,25680.05,25677.35,100,25684,175,150,369600
NIFTY-III.NFO,04/10/2024,09:17:54,25680.05,25679,100,25685.1,125,0,369600
NIFTY-III.NFO,04/10/2024,09:17:56,25677.35,25680,100,25685.7,50,25,369600
NIFTY-III.NFO,04/10/2024,09:17:59,25680.05,25681,100,25686.8,75,25,369600
NIFTY-III.NFO,04/10/2024,09:18:01,25680.05,25682.5,75,25687.65,125,25,369600
NIFTY-III.NFO,04/10/2024,09:18:04,25685.35,25687.2,100,25696.6,50,125,369600
NIFTY-III.NFO,04/10/2024,09:18:06,25685.35,25687.45,75,25692.9,50,0,369600
NIFTY-III.NFO,04/10/2024,09:18:09,25681.3,25681.25,25,25683.9,125,75,369600
NIFTY-III.NFO,04/10/2024,09:18:11,25684.75,25681.25,25,25684.75,100,425,375250
NIFTY-III.NFO,04/10/2024,09:18:14,25678.5,25674.3,25,25681.2,50,925,375250
NIFTY-III.NFO,04/10/2024,09:18:16,25676.9,25671.6,25,25676.9,25,50,375250
NIFTY-III.NFO,04/10/2024,09:18:19,25676.9,25671.6,25,25677.65,75,25,375250
NIFTY-III.NFO,04/10/2024,09:18:21,25676.9,25671.6,25,25677.2,50,0,375250
NIFTY-III.NFO,04/10/2024,09:18:24,25671.6,25674.15,25,25679.65,125,25,375250
NIFTY-III.NFO,04/10/2024,09:18:26,25682,25681.15,25,25683.55,125,25,375250
NIFTY-III.NFO,04/10/2024,09:18:29,25681,25681,25,25683.8,125,75,375250
NIFTY-III.NFO,04/10/2024,09:18:31,25685.75,25677.25,100,25687.6,50,50,375250
NIFTY-III.NFO,04/10/2024,09:18:34,25680,25677.55,100,25687.05,50,50,375250
NIFTY-III.NFO,04/10/2024,09:18:36,25680,25677.2,25,25682.55,125,0,375250
NIFTY-III.NFO,04/10/2024,09:18:39,25680,25677.2,25,25679.6,200,100,375250
NIFTY-III.NFO,04/10/2024,09:18:41,25680,25680.75,125,25685,25,0,375250
NIFTY-III.NFO,04/10/2024,09:18:44,25679.3,25680,25,25683.75,200,25,375250
NIFTY-III.NFO,04/10/2024,09:18:46,25679.3,25681.35,25,25685,25,0,375250
NIFTY-III.NFO,04/10/2024,09:18:49,25687.7,25681.05,200,25686.55,125,125,375250
NIFTY-III.NFO,04/10/2024,09:18:51,25688,25683.35,75,25688,25,25,375250
NIFTY-III.NFO,04/10/2024,09:18:54,25688,25683.35,75,25689.25,25,0,375250
NIFTY-III.NFO,04/10/2024,09:18:56,25690.3,25682.25,25,25687.75,125,50,375250
NIFTY-III.NFO,04/10/2024,09:18:59,25682.75,25682.9,100,25690,50,75,375250
NIFTY-III.NFO,04/10/2024,09:19:01,25682.75,25680,25,25686.65,200,0,375250
NIFTY-III.NFO,04/10/2024,09:19:04,25682.75,25680,25,25685.3,125,0,375250
NIFTY-III.NFO,04/10/2024,09:19:06,25682.75,25684,250,25688.45,200,0,375250
NIFTY-III.NFO,04/10/2024,09:19:09,25684,25684,200,25690,75,50,375250
NIFTY-III.NFO,04/10/2024,09:19:11,25684,25687.4,150,25690,75,0,375250
NIFTY-III.NFO,04/10/2024,09:19:14,25689.6,25689.7,150,25698,25,100,375250
NIFTY-III.NFO,04/10/2024,09:19:16,25699.6,25691.65,150,25700,150,25,375250
NIFTY-III.NFO,04/10/2024,09:19:17,25699.6,25691.65,150,25700,150,0,375250
NIFTY-III.NFO,04/10/2024,09:19:19,25699.6,25693.25,150,25700,150,0,375250
NIFTY-III.NFO,04/10/2024,09:19:22,25696.95,25686.7,150,25699.2,50,50,375250
NIFTY-III.NFO,04/10/2024,09:19:24,25699.25,25686.8,225,25699.45,125,25,375250
NIFTY-III.NFO,04/10/2024,09:19:27,25699.95,25690.85,50,25698.9,200,25,375250
NIFTY-III.NFO,04/10/2024,09:19:29,25699.75,25685.75,125,25693.95,200,25,375250
NIFTY-III.NFO,04/10/2024,09:19:32,25692.25,25687.2,50,25694.45,200,25,375250
NIFTY-III.NFO,04/10/2024,09:19:34,25692.25,25685.95,175,25694.2,200,0,375250
NIFTY-III.NFO,04/10/2024,09:19:37,25693.35,25684.1,50,25692.1,125,100,375250
NIFTY-III.NFO,04/10/2024,09:19:39,25693.35,25684.45,25,25688.05,200,0,375250
NIFTY-III.NFO,04/10/2024,09:19:42,25684.45,25684,200,25690.35,75,25,375250
NIFTY-III.NFO,04/10/2024,09:19:45,25684.45,25684,200,25689.75,125,0,375250
NIFTY-III.NFO,04/10/2024,09:19:47,25684.45,25684,200,25689.4,75,0,375250
NIFTY-III.NFO,04/10/2024,09:19:50,25684,25684,125,25686.3,125,75,375250
NIFTY-III.NFO,04/10/2024,09:19:52,25684,25680,25,25683.3,50,125,375250
NIFTY-III.NFO,04/10/2024,09:19:55,25684,25680,25,25683.45,75,0,375250
NIFTY-III.NFO,04/10/2024,09:19:57,25685.25,25680,25,25684.95,125,25,375250
NIFTY-III.NFO,04/10/2024,09:20:00,25685.25,25680,25,25683.95,75,0,375250
NIFTY-III.NFO,04/10/2024,09:20:02,25675,25670,125,25674.85,75,150,375250
NIFTY-III.NFO,04/10/2024,09:20:05,25674.95,25670,125,25674.95,200,25,375250
NIFTY-III.NFO,04/10/2024,09:20:07,25670,25670,100,25674.9,125,625,375250
NIFTY-III.NFO,04/10/2024,09:20:10,25670,25670,125,25674.9,125,0,375250
NIFTY-III.NFO,04/10/2024,09:20:12,25670,25668.65,100,25675.65,125,125,375250
NIFTY-III.NFO,04/10/2024,09:20:15,25664.75,25667.2,150,25674.7,125,75,375250
NIFTY-III.NFO,04/10/2024,09:20:17,25664.75,25670,25,25674.55,75,0,375250
NIFTY-III.NFO,04/10/2024,09:20:19,25674.45,25669.15,100,25676.85,50,50,375250
NIFTY-III.NFO,04/10/2024,09:20:22,25674.45,25671,75,25677.95,50,0,375250
NIFTY-III.NFO,04/10/2024,09:20:24,25674.45,25671.25,100,25681.15,50,0,375250
NIFTY-III.NFO,04/10/2024,09:20:27,25680.8,25674.5,100,25680,50,25,375250
NIFTY-III.NFO,04/10/2024,09:20:29,25680.8,25674.45,25,25680,50,0,375250
NIFTY-III.NFO,04/10/2024,09:20:32,25674.45,25666.75,100,25674.95,125,225,375250
NIFTY-III.NFO,04/10/2024,09:20:34,25666.75,25669.3,100,25675,50,25,375250
NIFTY-III.NFO,04/10/2024,09:20:37,25666.75,25670.45,100,25675,50,0,375250
NIFTY-III.NFO,04/10/2024,09:20:39,25666.75,25672.95,125,25675,50,0,375250
NIFTY-III.NFO,04/10/2024,09:20:42,25666.75,25671.1,100,25675,50,0,375250
NIFTY-III.NFO,04/10/2024,09:20:44,25666.75,25672.95,125,25675,50,0,375250
NIFTY-III.NFO,04/10/2024,09:20:47,25675,25673.6,100,25679,50,175,375250
NIFTY-III.NFO,04/10/2024,09:20:49,25675,25676.15,50,25680,50,0,375250
NIFTY-III.NFO,04/10/2024,09:20:52,25675,25671.1,100,25677.6,50,0,375250
NIFTY-III.NFO,04/10/2024,09:20:54,25675.05,25675.35,50,25679.9,50,50,375250
NIFTY-III.NFO,04/10/2024,09:20:57,25675.05,25677.2,100,25680,50,0,375250
NIFTY-III.NFO,04/10/2024,09:20:59,25675.05,25678.1,100,25680,100,0,375250
NIFTY-III.NFO,04/10/2024,09:21:02,25684.35,25682.6,100,25685,100,125,375250
NIFTY-III.NFO,04/10/2024,09:21:04,25685,25681.45,100,25685,50,50,375250
NIFTY-III.NFO,04/10/2024,09:21:07,25685,25689.05,100,25692.25,175,50,375250
NIFTY-III.NFO,04/10/2024,09:21:09,25692.25,25691.7,100,25692.25,100,125,375250
NIFTY-III.NFO,04/10/2024,09:21:12,25692,25692,75,25695,25,125,375250
NIFTY-III.NFO,04/10/2024,09:21:14,25692.95,25689.5,50,25695,25,25,376900
NIFTY-III.NFO,04/10/2024,09:21:19,25692,25692,25,25695,75,50,376900
NIFTY-III.NFO,04/10/2024,09:21:21,25695,25692.4,50,25695,50,25,376900
NIFTY-III.NFO,04/10/2024,09:21:24,25695,25692.3,50,25695,50,0,376900
NIFTY-III.NFO,04/10/2024,09:21:26,25692.05,25693.9,25,25695,50,25,376900
NIFTY-III.NFO,04/10/2024,09:21:29,25695,25692.05,25,25697.7,50,50,376900
NIFTY-III.NFO,04/10/2024,09:21:31,25695,25692.05,25,25695,100,0,376900
NIFTY-III.NFO,04/10/2024,09:21:34,25695,25693,25,25693.75,50,0,376900
NIFTY-III.NFO,04/10/2024,09:21:36,25693,25692.05,25,25695,100,50,376900
NIFTY-III.NFO,04/10/2024,09:21:39,25692.05,25685.95,25,25691.75,50,25,376900
NIFTY-III.NFO,04/10/2024,09:21:41,25692.05,25686.25,25,25694.2,50,0,376900
NIFTY-III.NFO,04/10/2024,09:21:44,25692.05,25689.55,25,25695,100,0,376900
NIFTY-III.NFO,04/10/2024,09:21:46,25692.05,25693,100,25694.95,100,0,376900
NIFTY-III.NFO,04/10/2024,09:21:49,25693,25692.05,25,25694.15,150,100,376900
NIFTY-III.NFO,04/10/2024,09:21:51,25692.05,25683.05,25,25690.65,100,25,376900
NIFTY-III.NFO,04/10/2024,09:21:54,25692.05,25683.1,50,25691.05,100,0,376900
NIFTY-III.NFO,04/10/2024,09:21:56,25691.05,25686.4,25,25692,100,50,376900
NIFTY-III.NFO,04/10/2024,09:21:59,25691.05,25686.4,25,25691.5,100,0,376900
NIFTY-III.NFO,04/10/2024,09:22:01,25691.05,25686.4,25,25690.75,100,0,376900
NIFTY-III.NFO,04/10/2024,09:22:04,25691.05,25686.65,75,25692.05,125,0,376900
NIFTY-III.NFO,04/10/2024,09:22:06,25691.05,25690,50,25692,100,0,376900
NIFTY-III.NFO,04/10/2024,09:22:09,25690,25686.4,25,25688.95,100,50,376900
NIFTY-III.NFO,04/10/2024,09:22:11,25690,25686.4,25,25691.6,100,0,376900
NIFTY-III.NFO,04/10/2024,09:22:14,25690,25686.4,25,25689.95,100,0,376900
NIFTY-III.NFO,04/10/2024,09:22:16,25690,25686.4,25,25688,150,0,376900
NIFTY-III.NFO,04/10/2024,09:22:19,25688,25686.4,25,25688,125,25,376900
NIFTY-III.NFO,04/10/2024,09:22:22,25688,25686.4,25,25692.05,25,75,376900
NIFTY-III.NFO,04/10/2024,09:22:24,25688,25686.4,25,25690,50,0,376900
NIFTY-III.NFO,04/10/2024,09:22:27,25688,25686.4,25,25688.95,100,0,376900
NIFTY-III.NFO,04/10/2024,09:22:29,25689.95,25686.4,25,25689.95,100,25,376900
NIFTY-III.NFO,04/10/2024,09:22:32,25689.95,25686.4,25,25690,225,0,376900
NIFTY-III.NFO,04/10/2024,09:22:34,25689.95,25687.85,75,25690,225,0,376900
NIFTY-III.NFO,04/10/2024,09:22:37,25689.95,25689.15,75,25690,225,0,376900
NIFTY-III.NFO,04/10/2024,09:22:39,25690,25688.8,75,25690,125,175,376900
NIFTY-III.NFO,04/10/2024,09:22:42,25692.05,25688.7,75,25695,50,150,376900
NIFTY-III.NFO,04/10/2024,09:22:44,25692.05,25691.6,75,25695,50,0,376900
NIFTY-III.NFO,04/10/2024,09:22:47,25692.05,25690.05,125,25695,50,0,376900
NIFTY-III.NFO,04/10/2024,09:22:49,25690.05,25690.05,25,25695,50,50,376900
NIFTY-III.NFO,04/10/2024,09:22:52,25690.05,25690,200,25695,50,0,376900
NIFTY-III.NFO,04/10/2024,09:22:54,25690,25690,125,25695,50,100,376900
NIFTY-III.NFO,04/10/2024,09:22:57,25698.4,25691,75,25698.95,100,150,376900
NIFTY-III.NFO,04/10/2024,09:22:59,25699,25699.25,75,25700,125,50,376900
NIFTY-III.NFO,04/10/2024,09:23:02,25699,25698.9,150,25700,125,0,376900
NIFTY-III.NFO,04/10/2024,09:23:04,25705,25698.2,75,25704.9,75,150,376900
NIFTY-III.NFO,04/10/2024,09:23:07,25705,25697.75,75,25705.6,100,0,376900
NIFTY-III.NFO,04/10/2024,09:23:09,25705,25694.95,75,25703.85,100,0,376900
NIFTY-III.NFO,04/10/2024,09:23:12,25693.25,25692.75,50,25701.15,100,25,376900
NIFTY-III.NFO,04/10/2024,09:23:14,25693.25,25692,50,25700.95,150,0,376900
NIFTY-III.NFO,04/10/2024,09:23:17,25691.35,25690,125,25696.95,100,25,376900
NIFTY-III.NFO,04/10/2024,09:23:19,25691.35,25690.65,25,25701.45,100,0,376900
NIFTY-III.NFO,04/10/2024,09:23:22,25691.35,25690,125,25698.6,150,0,376900
NIFTY-III.NFO,04/10/2024,09:23:24,25691.35,25692.05,50,25699.8,100,0,376900
NIFTY-III.NFO,04/10/2024,09:23:27,25691.35,25691.35,25,25694.25,75,0,376900
NIFTY-III.NFO,04/10/2024,09:23:29,25691.35,25691.35,25,25692.85,100,0,376900
NIFTY-III.NFO,04/10/2024,09:23:32,25686.4,25685,25,25690.05,100,225,376900
NIFTY-III.NFO,04/10/2024,09:23:34,25686.4,25686.85,25,25690.5,100,0,376900
NIFTY-III.NFO,04/10/2024,09:23:37,25686.4,25686.85,25,25689.75,100,0,376900
NIFTY-III.NFO,04/10/2024,09:23:39,25686.4,25686.85,25,25690.8,100,0,376900
NIFTY-III.NFO,04/10/2024,09:23:42,25686.4,25691.35,100,25694.6,100,0,376900
NIFTY-III.NFO,04/10/2024,09:23:44,25686.85,25686.4,200,25692.15,100,125,376900
NIFTY-III.NFO,04/10/2024,09:23:47,25686.85,25686.4,200,25692.9,100,0,376900
NIFTY-III.NFO,04/10/2024,09:23:49,25686.85,25686.45,50,25692.9,50,0,376900
NIFTY-III.NFO,04/10/2024,09:23:52,25686.85,25686.9,50,25692.9,50,0,376900
NIFTY-III.NFO,04/10/2024,09:23:54,25686.9,25688.25,75,25697.1,100,200,376900
NIFTY-III.NFO,04/10/2024,09:23:57,25686.9,25690.05,75,25698.5,50,0,376900
NIFTY-III.NFO,04/10/2024,09:23:59,25686.9,25689.1,75,25693.5,50,0,376900
NIFTY-III.NFO,04/10/2024,09:24:02,25686.9,25689,75,25694.3,50,0,376900
NIFTY-III.NFO,04/10/2024,09:24:04,25686.9,25689,75,25692.85,50,0,376900
NIFTY-III.NFO,04/10/2024,09:24:07,25695,25689,75,25691.5,50,200,376900
NIFTY-III.NFO,04/10/2024,09:24:09,25695,25689,75,25689.1,50,0,376900
NIFTY-III.NFO,04/10/2024,09:24:12,25688.7,25686,25,25688.4,50,125,376900
NIFTY-III.NFO,04/10/2024,09:24:14,25686,25685,25,25687.15,100,50,377575
NIFTY-III.NFO,04/10/2024,09:24:17,25685,25680.05,25,25686.65,100,25,377575
NIFTY-III.NFO,04/10/2024,09:24:19,25686,25680.1,75,25686.15,100,25,377575
NIFTY-III.NFO,04/10/2024,09:24:22,25686,25686,375,25686.5,100,25,377575
NIFTY-III.NFO,04/10/2024,09:24:24,25685.9,25680,50,25686,100,400,377575
NIFTY-III.NFO,04/10/2024,09:24:27,25685.9,25680,50,25682.65,100,0,377575
NIFTY-III.NFO,04/10/2024,09:24:29,25680,25675,100,25677.55,100,50,377575
NIFTY-III.NFO,04/10/2024,09:24:32,25675,25671,75,25674.85,150,100,377575
NIFTY-III.NFO,04/10/2024,09:24:34,25671,25666,25,25670.35,75,75,377575
NIFTY-III.NFO,04/10/2024,09:24:37,25671,25666,25,25671.3,100,0,377575
NIFTY-III.NFO,04/10/2024,09:24:39,25671,25666.25,25,25673.6,100,0,377575
NIFTY-III.NFO,04/10/2024,09:24:42,25671,25666,25,25668.4,100,0,377575
NIFTY-III.NFO,04/10/2024,09:24:44,25666,25664,25,25668.3,100,25,377575
NIFTY-III.NFO,04/10/2024,09:24:47,25663.3,25660,75,25662.65,100,50,377575
NIFTY-III.NFO,04/10/2024,09:24:49,25668.05,25660.05,100,25668.05,325,25,377575
NIFTY-III.NFO,04/10/2024,09:24:52,25663,25662.85,25,25663,25,50,377575
NIFTY-III.NFO,04/10/2024,09:24:54,25663,25661.25,100,25669.15,75,25,377575
NIFTY-III.NFO,04/10/2024,09:24:57,25661.4,25660.15,100,25667.85,100,25,377575
NIFTY-III.NFO,04/10/2024,09:24:59,25661.4,25660.55,25,25665.95,250,0,377575
NIFTY-III.NFO,04/10/2024,09:25:02,25661.4,25660.55,150,25665.9,250,0,377575
NIFTY-III.NFO,04/10/2024,09:25:04,25661.4,25662,100,25667.9,50,0,377575
NIFTY-III.NFO,04/10/2024,09:25:07,25661.45,25661.45,75,25668,25,25,377575
NIFTY-III.NFO,04/10/2024,09:25:09,25670,25665.6,50,25672.7,100,250,377575
NIFTY-III.NFO,04/10/2024,09:25:12,25670,25662.55,50,25671.05,100,0,377575
NIFTY-III.NFO,04/10/2024,09:25:14,25670,25662.85,50,25667.9,50,0,377575
NIFTY-III.NFO,04/10/2024,09:25:17,25668,25667.25,50,25670.7,50,100,377575
NIFTY-III.NFO,04/10/2024,09:25:19,25668,25666.9,50,25674.9,100,0,377575
NIFTY-III.NFO,04/10/2024,09:25:22,25668,25669.45,50,25677.45,75,0,377575
NIFTY-III.NFO,04/10/2024,09:25:24,25670,25670.1,50,25677.6,150,25,377575
NIFTY-III.NFO,04/10/2024,09:25:27,25667.8,25668.7,75,25677.45,100,575,377575
NIFTY-III.NFO,04/10/2024,09:25:29,25667.8,25669,75,25676.9,50,0,377575
NIFTY-III.NFO,04/10/2024,09:25:32,25667.8,25666.55,125,25675.15,100,0,377575
NIFTY-III.NFO,04/10/2024,09:25:34,25668,25666.25,25,25668,50,25,377575
NIFTY-III.NFO,04/10/2024,09:25:37,25668,25661.55,75,25667.95,100,0,377575
NIFTY-III.NFO,04/10/2024,09:25:39,25668,25664.6,25,25668,50,0,377575
NIFTY-III.NFO,04/10/2024,09:25:42,25668,25664.15,25,25668,50,0,377575
NIFTY-III.NFO,04/10/2024,09:25:47,25668,25667.05,50,25669,25,100,377575
NIFTY-III.NFO,04/10/2024,09:25:49,25667.05,25666.1,50,25674.2,150,25,377575
NIFTY-III.NFO,04/10/2024,09:25:52,25667.05,25668,125,25674,50,0,377575
NIFTY-III.NFO,04/10/2024,09:25:54,25667.05,25668,125,25674.4,100,0,377575
NIFTY-III.NFO,04/10/2024,09:25:57,25668,25668,50,25674.4,100,75,377575
NIFTY-III.NFO,04/10/2024,09:25:59,25668,25668,50,25673.9,100,0,377575
NIFTY-III.NFO,04/10/2024,09:26:02,25668,25668,75,25674.85,50,0,377575
NIFTY-III.NFO,04/10/2024,09:26:04,25668,25668,100,25674.2,100,0,377575
NIFTY-III.NFO,04/10/2024,09:26:07,25668,25668,100,25674.55,100,0,377575
NIFTY-III.NFO,04/10/2024,09:26:09,25668,25668,100,25673.5,100,0,377575
NIFTY-III.NFO,04/10/2024,09:26:12,25668,25661.05,75,25668.75,100,100,377575
NIFTY-III.NFO,04/10/2024,09:26:14,25668,25661,25,25666.35,100,0,377575
NIFTY-III.NFO,04/10/2024,09:26:17,25668,25661,25,25664.8,100,0,377575
NIFTY-III.NFO,04/10/2024,09:26:19,25660,25655.05,75,25660.8,100,125,377575
NIFTY-III.NFO,04/10/2024,09:26:22,25660,25655,25,25662.35,100,0,377575
NIFTY-III.NFO,04/10/2024,09:26:24,25660,25658.95,25,25662.55,100,0,377575
NIFTY-III.NFO,04/10/2024,09:26:27,25660,25657.5,25,25662.2,100,0,377575
NIFTY-III.NFO,04/10/2024,09:26:29,25658.15,25658.25,100,25662.55,100,25,377575
NIFTY-III.NFO,04/10/2024,09:26:32,25658.15,25655.6,25,25659.85,100,0,377575
NIFTY-III.NFO,04/10/2024,09:26:34,25660,25656.2,100,25660.9,100,250,377575
NIFTY-III.NFO,04/10/2024,09:26:37,25660,25658.15,25,25663.45,150,0,377575
NIFTY-III.NFO,04/10/2024,09:26:39,25660,25661,25,25664.9,100,0,377575
NIFTY-III.NFO,04/10/2024,09:26:42,25660,25661,25,25665,25,0,377575
NIFTY-III.NFO,04/10/2024,09:26:44,25661,25659.2,25,25664.95,100,25,377575
NIFTY-III.NFO,04/10/2024,09:26:47,25661,25656.3,125,25660,25,0,377575
NIFTY-III.NFO,04/10/2024,09:26:49,25660,25656.4,50,25664.75,100,50,377575
NIFTY-III.NFO,04/10/2024,09:26:52,25660,25661.2,25,25665.7,50,50,377575
NIFTY-III.NFO,04/10/2024,09:26:54,25660,25655.15,25,25661.05,100,0,377575
NIFTY-III.NFO,04/10/2024,09:26:57,25661.1,25655.65,50,25661.55,125,50,377575
NIFTY-III.NFO,04/10/2024,09:26:59,25660,25655.95,25,25660,25,25,377575
NIFTY-III.NFO,04/10/2024,09:27:02,25660,25654.75,125,25660,25,0,377575
NIFTY-III.NFO,04/10/2024,09:27:04,25660,25655.45,50,25660,25,0,377575
NIFTY-III.NFO,04/10/2024,09:27:07,25660,25655.25,25,25660,25,0,377575
NIFTY-III.NFO,04/10/2024,09:27:09,25660,25660,25,25664.2,100,25,377575
NIFTY-III.NFO,04/10/2024,09:27:12,25660,25660,25,25662.55,100,0,377575
NIFTY-III.NFO,04/10/2024,09:27:14,25660,25654.55,50,25664.7,100,25,378700
NIFTY-III.NFO,04/10/2024,09:27:17,25660,25656.5,75,25664.65,100,0,378700
NIFTY-III.NFO,04/10/2024,09:27:19,25660,25656.05,50,25664.95,100,0,378700
NIFTY-III.NFO,04/10/2024,09:27:22,25660,25656.45,50,25664.75,100,0,378700
NIFTY-III.NFO,04/10/2024,09:27:24,25660,25656.1,50,25663.75,50,0,378700
NIFTY-III.NFO,04/10/2024,09:27:27,25660,25661.75,125,25665,50,0,378700
NIFTY-III.NFO,04/10/2024,09:27:29,25660,25657.3,50,25665,50,0,378700
NIFTY-III.NFO,04/10/2024,09:27:32,25660,25658.55,75,25665,50,0,378700
NIFTY-III.NFO,04/10/2024,09:27:34,25660,25655.05,50,25664.1,150,0,378700
NIFTY-III.NFO,04/10/2024,09:27:37,25660,25655,25,25663.5,150,0,378700
NIFTY-III.NFO,04/10/2024,09:27:39,25660,25656.3,25,25660,25,0,378700
NIFTY-III.NFO,04/10/2024,09:27:42,25660,25660,125,25663.7,100,25,378700
NIFTY-III.NFO,04/10/2024,09:27:44,25660,25660,125,25662.35,100,25,378700
NIFTY-III.NFO,04/10/2024,09:27:47,25660,25660,125,25662,100,0,378700
NIFTY-III.NFO,04/10/2024,09:27:49,25660,25655,25,25655.75,75,125,378700
NIFTY-III.NFO,04/10/2024,09:27:52,25660,25655,25,25655.45,75,0,378700
NIFTY-III.NFO,04/10/2024,09:27:54,25660,25655,25,25656.3,25,0,378700
NIFTY-III.NFO,04/10/2024,09:27:57,25656.3,25655,25,25659.4,100,25,378700
NIFTY-III.NFO,04/10/2024,09:27:59,25656.3,25655,25,25661.1,100,0,378700
NIFTY-III.NFO,04/10/2024,09:28:02,25653.75,25654.2,25,25660.45,100,50,378700
NIFTY-III.NFO,04/10/2024,09:28:04,25654.2,25653.8,50,25660.25,125,25,378700
NIFTY-III.NFO,04/10/2024,09:28:07,25653.8,25653.75,25,25660.25,125,25,378700
NIFTY-III.NFO,04/10/2024,09:28:09,25653.75,25653.1,50,25660.25,125,25,378700
NIFTY-III.NFO,04/10/2024,09:28:12,25653.75,25653.1,50,25660.15,125,0,378700
NIFTY-III.NFO,04/10/2024,09:28:14,25653.75,25653.05,150,25659.4,100,0,378700
NIFTY-III.NFO,04/10/2024,09:28:17,25653.75,25653.75,50,25658.65,100,25,378700
NIFTY-III.NFO,04/10/2024,09:28:22,25653.75,25653.75,50,25659.5,100,150,378700
NIFTY-III.NFO,04/10/2024,09:28:27,25659.05,25653.75,75,25659.65,150,125,378700
NIFTY-III.NFO,04/10/2024,09:28:32,25651.15,25652.35,50,25657.2,100,200,378700
NIFTY-III.NFO,04/10/2024,09:28:37,25651.15,25651,75,25657.15,150,0,378700
NIFTY-III.NFO,04/10/2024,09:28:42,25651.15,25651,75,25657,100,0,378700
NIFTY-III.NFO,04/10/2024,09:28:47,25657.15,25657.15,150,25660.7,100,150,378700
NIFTY-III.NFO,04/10/2024,09:28:52,25657.15,25657.15,150,25657.5,50,25,378700
NIFTY-III.NFO,04/10/2024,09:28:57,25657.15,25657.15,25,25659.9,50,150,378700
NIFTY-III.NFO,04/10/2024,09:29:02,25657.15,25658,100,25661.8,50,0,378700
NIFTY-III.NFO,04/10/2024,09:29:07,25657.2,25657.15,25,25662.9,50,25,378700
NIFTY-III.NFO,04/10/2024,09:29:12,25659.9,25665.55,75,25670,50,25,378700
NIFTY-III.NFO,04/10/2024,09:29:17,25659.9,25663.8,75,25668.9,50,0,378700
NIFTY-III.NFO,04/10/2024,09:29:22,25659.9,25660.6,75,25668.45,50,0,378700
NIFTY-III.NFO,04/10/2024,09:29:27,25659.9,25665.05,75,25670,100,0,378700
NIFTY-III.NFO,04/10/2024,09:29:32,25666.6,25666.7,75,25670,100,100,378700
NIFTY-III.NFO,04/10/2024,09:29:37,25666.6,25666.7,75,25670,100,0,378700
NIFTY-III.NFO,04/10/2024,09:29:42,25666.6,25666,200,25669.25,100,0,378700
NIFTY-III.NFO,04/10/2024,09:29:47,25666,25660,75,25665.8,100,200,378700
NIFTY-III.NFO,04/10/2024,09:29:52,25666,25659.9,25,25665.7,100,0,378700
NIFTY-III.NFO,04/10/2024,09:29:57,25666,25659.95,75,25667.3,100,0,378700
NIFTY-III.NFO,04/10/2024,09:30:02,25666,25659.9,25,25662.55,75,0,378700
NIFTY-III.NFO,04/10/2024,09:30:07,25657.15,25653.15,75,25657.9,75,75,378700
NIFTY-III.NFO,04/10/2024,09:30:12,25657.15,25651.05,75,25658.05,75,0,378700
NIFTY-III.NFO,04/10/2024,09:30:19,25651.25,25651.05,50,25658.6,100,50,379100
NIFTY-III.NFO,04/10/2024,09:30:21,25651.25,25651.65,125,25658.55,100,0,379100
NIFTY-III.NFO,04/10/2024,09:30:24,25652,25651.7,25,25658.5,100,50,379100
NIFTY-III.NFO,04/10/2024,09:30:26,25651.05,25651.05,50,25657.15,25,25,379100
NIFTY-III.NFO,04/10/2024,09:30:29,25651.05,25651.75,25,25657.1,100,0,379100
NIFTY-III.NFO,04/10/2024,09:30:31,25656.6,25651.75,25,25657.15,25,25,379100
NIFTY-III.NFO,04/10/2024,09:30:34,25656.6,25651.75,25,25657.15,25,0,379100
NIFTY-III.NFO,04/10/2024,09:30:36,25657.15,25651.75,25,25657.75,100,25,379100
NIFTY-III.NFO,04/10/2024,09:30:39,25657.15,25651.8,75,25657.15,25,0,379100
NIFTY-III.NFO,04/10/2024,09:30:41,25657.15,25651.75,25,25659.1,100,25,379100
NIFTY-III.NFO,04/10/2024,09:30:44,25657.15,25651.1,75,25658.75,100,0,379100
NIFTY-III.NFO,04/10/2024,09:30:46,25657.15,25651.1,75,25658.85,100,0,379100
NIFTY-III.NFO,04/10/2024,09:30:49,25657.15,25651.45,75,25658.75,50,0,379100
NIFTY-III.NFO,04/10/2024,09:30:51,25657.15,25654.9,75,25660,50,0,379100
NIFTY-III.NFO,04/10/2024,09:30:54,25659.95,25651.1,175,25659.9,100,25,379100
NIFTY-III.NFO,04/10/2024,09:30:56,25659.95,25651.05,100,25657.15,50,0,379100
NIFTY-III.NFO,04/10/2024,09:30:59,25659.95,25651.1,100,25657.15,50,0,379100
NIFTY-III.NFO,04/10/2024,09:31:01,25659.95,25651.8,100,25657.15,50,0,379100
NIFTY-III.NFO,04/10/2024,09:31:04,25659.95,25651.05,100,25657.1,100,0,379100
NIFTY-III.NFO,04/10/2024,09:31:11,25659.95,25651.05,100,25655.45,100,0,379100
NIFTY-III.NFO,04/10/2024,09:31:14,25650,25645,25,25646.65,75,575,379100
NIFTY-III.NFO,04/10/2024,09:31:14,25650,25645,25,25646.65,75,0,379100
NIFTY-III.NFO,04/10/2024,09:31:16,25650,25645,25,25645.15,75,0,379100
NIFTY-III.NFO,04/10/2024,09:31:21,25641,25640.65,100,25649.15,100,50,379100
NIFTY-III.NFO,04/10/2024,09:31:21,25641,25640.65,100,25649.15,100,0,379100
NIFTY-III.NFO,04/10/2024,09:31:26,25640.05,25640,50,25641,100,25,379100
NIFTY-III.NFO,04/10/2024,09:31:26,25640.05,25640,50,25641,100,0,379100
NIFTY-III.NFO,04/10/2024,09:31:31,25640.05,25640.05,25,25641,100,0,379100
NIFTY-III.NFO,04/10/2024,09:31:36,25640,25636.25,25,25639.9,100,75,379100
NIFTY-III.NFO,04/10/2024,09:31:36,25640,25636.25,25,25639.9,100,0,379100
NIFTY-III.NFO,04/10/2024,09:31:41,25639.9,25639.5,25,25639.95,400,25,379100
NIFTY-III.NFO,04/10/2024,09:31:41,25639.9,25639.5,25,25639.95,400,0,379100
NIFTY-III.NFO,04/10/2024,09:31:46,25639.5,25636.5,25,25639.9,200,25,379100
NIFTY-III.NFO,04/10/2024,09:31:46,25639.5,25636.5,25,25639.9,200,0,379100
NIFTY-III.NFO,04/10/2024,09:31:51,25633.05,25636.2,25,25639.65,150,250,379100
NIFTY-III.NFO,04/10/2024,09:31:51,25633.05,25636.2,25,25639.65,150,0,379100
NIFTY-III.NFO,04/10/2024,09:31:56,25634.35,25634.2,25,25639.45,150,125,379100
NIFTY-III.NFO,04/10/2024,09:32:01,25635.95,25632.55,25,25635.95,100,100,379100
NIFTY-III.NFO,04/10/2024,09:32:06,25632,25632.45,75,25634.35,25,75,379100
NIFTY-III.NFO,04/10/2024,09:32:06,25632,25632.45,75,25634.35,25,0,379100
NIFTY-III.NFO,04/10/2024,09:32:11,25634.35,25632.3,25,25634.4,25,50,379100
NIFTY-III.NFO,04/10/2024,09:32:16,25634.4,25632.2,25,25634.25,100,25,379100
NIFTY-III.NFO,04/10/2024,09:32:17,25634.4,25632.2,25,25633.95,100,0,379100
NIFTY-III.NFO,04/10/2024,09:32:22,25633.95,25627.65,100,25634,400,200,379100
NIFTY-III.NFO,04/10/2024,09:32:22,25630,25627.65,100,25634,400,0,379100
NIFTY-III.NFO,04/10/2024,09:32:27,25633,25630,25,25634,400,25,379100
NIFTY-III.NFO,04/10/2024,09:32:32,25633,25630,50,25633,125,25,379100
NIFTY-III.NFO,04/10/2024,09:32:37,25633,25630,75,25632,400,25,379100
NIFTY-III.NFO,04/10/2024,09:32:42,25630,25630,50,25632,400,25,379100
NIFTY-III.NFO,04/10/2024,09:32:47,25630,25630,50,25632,400,0,379100
NIFTY-III.NFO,04/10/2024,09:32:52,25626.25,25626.25,25,25630.6,50,150,379100
NIFTY-III.NFO,04/10/2024,09:32:52,25625.15,25626.25,25,25630.6,50,0,379100
NIFTY-III.NFO,04/10/2024,09:32:57,25626.25,25625,250,25629,100,0,379100
NIFTY-III.NFO,04/10/2024,09:33:02,25628,25625.2,25,25628,350,100,379100
NIFTY-III.NFO,04/10/2024,09:33:07,25629,25626.35,100,25629,75,375,379100
NIFTY-III.NFO,04/10/2024,09:33:12,25636,25637.05,100,25645.9,50,350,379100
NIFTY-III.NFO,04/10/2024,09:33:17,25630.6,25630.5,100,25639.35,50,50,379975
NIFTY-III.NFO,04/10/2024,09:33:22,25639.95,25634.05,100,25639.95,275,125,379975
NIFTY-III.NFO,04/10/2024,09:33:27,25639.95,25642.85,75,25650.85,100,350,379975
NIFTY-III.NFO,04/10/2024,09:33:32,25640.75,25644.1,75,25648.8,25,250,379975
NIFTY-III.NFO,04/10/2024,09:33:37,25640.75,25650.85,150,25656.25,100,0,379975
NIFTY-III.NFO,04/10/2024,09:33:42,25670,25669.55,100,25675.8,25,575,379975
NIFTY-III.NFO,04/10/2024,09:33:47,25670,25662.4,100,25673.05,75,0,379975
NIFTY-III.NFO,04/10/2024,09:33:52,25670,25668.55,100,25678.1,50,25,379975
NIFTY-III.NFO,04/10/2024,09:33:57,25675.55,25664.45,100,25675.3,75,75,379975
NIFTY-III.NFO,04/10/2024,09:34:02,25669.65,25653.55,75,25661.4,225,200,379975
NIFTY-III.NFO,04/10/2024,09:34:07,25669.65,25657.25,50,25664.4,225,0,379975
NIFTY-III.NFO,04/10/2024,09:34:12,25669.5,25656.7,100,25666.85,50,900,379975
NIFTY-III.NFO,04/10/2024,09:34:18,25674.65,25675.25,75,25677.9,50,150,379975
NIFTY-III.NFO,04/10/2024,09:34:20,25674.65,25676,75,25677.9,50,0,379975
NIFTY-III.NFO,04/10/2024,09:34:23,25679,25677,50,25679.05,50,250,379975
NIFTY-III.NFO,04/10/2024,09:34:25,25679.05,25682.15,100,25688.95,75,25,379975
NIFTY-III.NFO,04/10/2024,09:34:28,25691.35,25690.6,50,25697.95,25,25,379975
NIFTY-III.NFO,04/10/2024,09:34:30,25690.7,25691.1,25,25696.85,50,50,379975
NIFTY-III.NFO,04/10/2024,09:34:33,25702,25698.65,250,25703,25,325,379975
NIFTY-III.NFO,04/10/2024,09:34:35,25702,25698.6,25,25705.2,50,0,379975
NIFTY-III.NFO,04/10/2024,09:34:38,25698.6,25695.95,25,25701.5,50,25,379975
NIFTY-III.NFO,04/10/2024,09:34:40,25699.4,25695.95,25,25699.7,50,25,379975
NIFTY-III.NFO,04/10/2024,09:34:43,25699.4,25696.05,25,25700.85,25,0,379975
NIFTY-III.NFO,04/10/2024,09:34:45,25699.4,25696.05,25,25701.75,50,0,379975
NIFTY-III.NFO,04/10/2024,09:34:48,25697.15,25696.1,25,25698.2,50,25,379975
NIFTY-III.NFO,04/10/2024,09:34:50,25697.3,25696.1,25,25696.8,50,25,379975
NIFTY-III.NFO,04/10/2024,09:34:53,25697.3,25696.2,25,25697.1,50,0,379975
NIFTY-III.NFO,04/10/2024,09:34:55,25696.1,25686.75,125,25694.9,50,100,379975
NIFTY-III.NFO,04/10/2024,09:34:58,25696.1,25690.7,25,25691.75,50,0,379975
NIFTY-III.NFO,04/10/2024,09:35:00,25690,25691.95,50,25700,25,50,379975
NIFTY-III.NFO,04/10/2024,09:35:03,25690,25692.85,175,25700,50,0,379975
NIFTY-III.NFO,04/10/2024,09:35:05,25690,25693.15,125,25700,50,0,379975
NIFTY-III.NFO,04/10/2024,09:35:08,25690,25692.95,25,25698.4,100,0,379975
NIFTY-III.NFO,04/10/2024,09:35:10,25690,25693,75,25700,50,0,379975
NIFTY-III.NFO,04/10/2024,09:35:13,25690,25692.95,25,25698.55,100,0,379975
NIFTY-III.NFO,04/10/2024,09:35:15,25690,25692.95,75,25700,50,0,379975
NIFTY-III.NFO,04/10/2024,09:35:16,25690,25692.95,25,25699.95,100,0,379975
NIFTY-III.NFO,04/10/2024,09:35:19,25700,25696.35,125,25705,25,75,379975
NIFTY-III.NFO,04/10/2024,09:35:21,25705,25700.8,125,25706,50,25,379975
NIFTY-III.NFO,04/10/2024,09:35:24,25704,25705.45,25,25706,50,25,379975
NIFTY-III.NFO,04/10/2024,09:35:26,25706,25705.1,125,25711,25,50,379975
NIFTY-III.NFO,04/10/2024,09:35:29,25711,25711,25,25714.9,150,25,379975
NIFTY-III.NFO,04/10/2024,09:35:31,25711,25705,150,25708.5,50,25,379975
NIFTY-III.NFO,04/10/2024,09:35:34,25710.7,25705,250,25709.7,50,50,379975
NIFTY-III.NFO,04/10/2024,09:35:36,25711,25705,250,25708.55,50,50,379975
NIFTY-III.NFO,04/10/2024,09:35:39,25711,25706.5,75,25710.15,225,125,379975
NIFTY-III.NFO,04/10/2024,09:35:41,25711,25706.85,25,25714.85,100,0,379975
NIFTY-III.NFO,04/10/2024,09:35:44,25711,25706.8,25,25709.2,250,0,379975
NIFTY-III.NFO,04/10/2024,09:35:46,25711,25706.85,75,25710.7,25,0,379975
NIFTY-III.NFO,04/10/2024,09:35:49,25711,25710.7,25,25711.05,250,50,379975
NIFTY-III.NFO,04/10/2024,09:35:51,25711,25710.7,25,25711.35,250,0,379975
NIFTY-III.NFO,04/10/2024,09:35:54,25711,25711.05,25,25714.3,250,0,379975
NIFTY-III.NFO,04/10/2024,09:35:56,25711.8,25711.05,25,25714.9,150,50,379975
NIFTY-III.NFO,04/10/2024,09:35:59,25714.85,25711.05,25,25713.15,75,150,379975
NIFTY-III.NFO,04/10/2024,09:36:01,25711,25706.8,25,25711.25,50,100,379975
NIFTY-III.NFO,04/10/2024,09:36:04,25705,25700,125,25704.2,125,125,379975
NIFTY-III.NFO,04/10/2024,09:36:06,25705,25700,125,25704.6,75,0,379975
NIFTY-III.NFO,04/10/2024,09:36:09,25702.15,25700,125,25705.6,50,25,379975
NIFTY-III.NFO,04/10/2024,09:36:11,25705.05,25700,125,25705.95,25,25,379975
NIFTY-III.NFO,04/10/2024,09:36:14,25705.6,25705.6,200,25707.6,50,125,379975
NIFTY-III.NFO,04/10/2024,09:36:16,25705.6,25705.6,200,25709.45,50,0,379975
NIFTY-III.NFO,04/10/2024,09:36:20,25706.45,25700,100,25705.7,50,250,379975
NIFTY-III.NFO,04/10/2024,09:36:25,25706.45,25700,100,25702.7,50,0,379975
NIFTY-III.NFO,04/10/2024,09:36:30,25701,25700,25,25705.1,50,125,379975
NIFTY-III.NFO,04/10/2024,09:36:35,25691.75,25680.8,100,25689.85,50,200,379975
NIFTY-III.NFO,04/10/2024,09:36:40,25684.25,25685.45,100,25694.75,100,25,379975
NIFTY-III.NFO,04/10/2024,09:36:45,25684.75,25680,50,25685.25,100,50,379975
NIFTY-III.NFO,04/10/2024,09:36:50,25684.75,25684.25,125,25684.75,25,0,379975
NIFTY-III.NFO,04/10/2024,09:36:55,25680,25670.65,100,25677.35,75,250,379975
NIFTY-III.NFO,04/10/2024,09:37:00,25670,25667.45,100,25675.05,100,25,379975
NIFTY-III.NFO,04/10/2024,09:37:05,25680,25681.15,75,25684.25,650,175,379975
NIFTY-III.NFO,04/10/2024,09:37:10,25680,25677.2,50,25681.85,50,0,379975
NIFTY-III.NFO,04/10/2024,09:37:15,25680,25671.3,100,25680,50,0,379975
NIFTY-III.NFO,04/10/2024,09:37:18,25675.9,25675.9,100,25680,25,50,379975
NIFTY-III.NFO,04/10/2024,09:37:21,25680,25675.65,100,25681.95,50,50,379975
NIFTY-III.NFO,04/10/2024,09:37:23,25680,25677.05,150,25680,50,0,379975
NIFTY-III.NFO,04/10/2024,09:37:26,25679.95,25672.85,100,25680,50,50,379975
NIFTY-III.NFO,04/10/2024,09:37:28,25679.95,25674.65,100,25680,50,0,379975
NIFTY-III.NFO,04/10/2024,09:37:31,25673.1,25672.7,100,25680,50,100,379975
NIFTY-III.NFO,04/10/2024,09:37:33,25680,25680,100,25683.3,100,50,379975
NIFTY-III.NFO,04/10/2024,09:37:36,25680,25680,100,25684.85,100,0,379975
NIFTY-III.NFO,04/10/2024,09:37:38,25680,25680,125,25682.85,100,0,379975
NIFTY-III.NFO,04/10/2024,09:37:41,25680,25680,125,25681.85,100,0,379975
NIFTY-III.NFO,04/10/2024,09:37:43,25681.85,25680,25,25682.2,50,100,379975
NIFTY-III.NFO,04/10/2024,09:37:46,25680,25671.65,50,25678.75,50,25,379975
NIFTY-III.NFO,04/10/2024,09:37:48,25680,25668.35,75,25675.25,50,0,379975
NIFTY-III.NFO,04/10/2024,09:37:51,25680,25671,50,25678.55,50,0,379975
NIFTY-III.NFO,04/10/2024,09:37:53,25680,25669.95,100,25677.4,50,0,379975
NIFTY-III.NFO,04/10/2024,09:37:56,25671.5,25670.5,50,25678.6,50,25,379975
NIFTY-III.NFO,04/10/2024,09:37:58,25680,25672.4,100,25680,600,25,379975
NIFTY-III.NFO,04/10/2024,09:38:01,25680,25673.85,100,25680,600,0,379975
NIFTY-III.NFO,04/10/2024,09:38:03,25680,25671.25,100,25679.8,50,0,379975
NIFTY-III.NFO,04/10/2024,09:38:06,25680,25672.4,100,25680,775,0,379975
NIFTY-III.NFO,04/10/2024,09:38:08,25680,25672.85,100,25680,775,0,379975
NIFTY-III.NFO,04/10/2024,09:38:13,25680,25676.1,75,25680,775,0,379975
NIFTY-III.NFO,04/10/2024,09:38:16,25680,25677.65,75,25680,775,0,379975
NIFTY-III.NFO,04/10/2024,09:38:18,25680,25678.9,100,25680,775,0,379975
NIFTY-III.NFO,04/10/2024,09:38:21,25680,25680.75,50,25685,25,825,379975
NIFTY-III.NFO,04/10/2024,09:38:23,25685,25677.75,50,25689.15,100,25,379975
NIFTY-III.NFO,04/10/2024,09:38:26,25685,25681.65,75,25689.6,100,0,379975
NIFTY-III.NFO,04/10/2024,09:38:28,25691.2,25684.15,75,25689.65,25,325,379975
NIFTY-III.NFO,04/10/2024,09:38:31,25691.2,25680.5,75,25690.7,100,0,379975
NIFTY-III.NFO,04/10/2024,09:38:33,25691.2,25679.4,75,25687.1,100,0,379975
NIFTY-III.NFO,04/10/2024,09:38:36,25691.2,25679.8,75,25689.4,100,0,379975
NIFTY-III.NFO,04/10/2024,09:38:38,25691.2,25683.4,175,25689.7,225,0,379975
NIFTY-III.NFO,04/10/2024,09:38:41,25691.2,25684.25,75,25689.7,200,0,379975
NIFTY-III.NFO,04/10/2024,09:38:43,25689.7,25687.85,75,25689.7,150,25,379975
NIFTY-III.NFO,04/10/2024,09:38:46,25689.7,25692.15,125,25694.55,25,25,379975
NIFTY-III.NFO,04/10/2024,09:38:48,25689.7,25688.4,125,25692.6,125,150,379975
NIFTY-III.NFO,04/10/2024,09:38:51,25689.7,25686.9,125,25692.6,125,0,379975
NIFTY-III.NFO,04/10/2024,09:38:53,25689.7,25688.95,25,25692.55,100,0,379975
NIFTY-III.NFO,04/10/2024,09:38:56,25689.7,25687.45,25,25693.25,100,0,379975
NIFTY-III.NFO,04/10/2024,09:38:58,25689.7,25689,25,25692.55,100,0,379975
NIFTY-III.NFO,04/10/2024,09:39:06,25689.7,25689.7,25,25692.55,100,0,379975
NIFTY-III.NFO,04/10/2024,09:39:08,25694.15,25693.6,50,25700,50,50,379975
NIFTY-III.NFO,04/10/2024,09:39:11,25694.15,25690.1,75,25696.05,250,0,379975
NIFTY-III.NFO,04/10/2024,09:39:13,25694.15,25692.55,50,25697.55,250,0,379975
NIFTY-III.NFO,04/10/2024,09:39:16,25694.15,25694.75,50,25699.9,25,0,379975
NIFTY-III.NFO,04/10/2024,09:39:17,25694.15,25691.95,75,25699.15,25,0,379975
NIFTY-III.NFO,04/10/2024,09:39:19,25696.65,25696.6,25,25700,50,75,380550
NIFTY-III.NFO,04/10/2024,09:39:22,25696.65,25692.15,25,25699.95,100,0,380550
NIFTY-III.NFO,04/10/2024,09:39:24,25697.95,25690,25,25694.3,100,25,380550
NIFTY-III.NFO,04/10/2024,09:39:27,25697.95,25690.05,25,25699.95,100,0,380550
NIFTY-III.NFO,04/10/2024,09:39:29,25697.95,25690,75,25698.85,100,0,380550
NIFTY-III.NFO,04/10/2024,09:39:32,25694.9,25690,75,25692.1,100,25,380550
NIFTY-III.NFO,04/10/2024,09:39:34,25693.6,25690,75,25692.65,75,75,380550
NIFTY-III.NFO,04/10/2024,09:39:37,25693.05,25690,75,25693.4,25,50,380550
NIFTY-III.NFO,04/10/2024,09:39:39,25693.85,25690,75,25694.2,50,25,380550
NIFTY-III.NFO,04/10/2024,09:39:42,25700.95,25690.05,50,25697.95,25,500,380550
NIFTY-III.NFO,04/10/2024,09:39:44,25700.95,25692.25,50,25698.35,25,0,380550
NIFTY-III.NFO,04/10/2024,09:39:47,25697.3,25690.05,50,25697.6,25,525,380550
NIFTY-III.NFO,04/10/2024,09:39:49,25697.3,25693.75,100,25700.5,25,0,380550
NIFTY-III.NFO,04/10/2024,09:39:52,25707.1,25699,75,25708.95,150,500,380550
NIFTY-III.NFO,04/10/2024,09:39:55,25707.1,25699.05,50,25705.65,75,0,380550
NIFTY-III.NFO,04/10/2024,09:39:57,25707.1,25700.9,50,25709.95,75,0,380550
NIFTY-III.NFO,04/10/2024,09:40:00,25708,25698.85,50,25707.9,75,525,380550
NIFTY-III.NFO,04/10/2024,09:40:02,25708,25699.75,100,25708.5,50,0,380550
NIFTY-III.NFO,04/10/2024,09:40:05,25713.2,25697.75,100,25710.25,25,500,380550
NIFTY-III.NFO,04/10/2024,09:40:07,25713.2,25699.65,100,25709.85,50,0,380550
NIFTY-III.NFO,04/10/2024,09:40:10,25698.35,25698.65,100,25709,75,850,380550
NIFTY-III.NFO,04/10/2024,09:40:12,25706.8,25700.35,50,25708.9,25,100,380550
NIFTY-III.NFO,04/10/2024,09:40:15,25709.15,25698.35,100,25709.3,25,50,380550
NIFTY-III.NFO,04/10/2024,09:40:18,25709.15,25697.95,100,25710,125,0,380550
NIFTY-III.NFO,04/10/2024,09:40:21,25713.85,25698.9,50,25710.15,100,250,380550
NIFTY-III.NFO,04/10/2024,09:40:23,25713.85,25695.9,125,25706.55,250,0,380550
NIFTY-III.NFO,04/10/2024,09:40:26,25713.85,25695.85,25,25704.4,125,0,380550
NIFTY-III.NFO,04/10/2024,09:40:28,25713.85,25695.85,25,25701.2,75,0,380550
NIFTY-III.NFO,04/10/2024,09:40:31,25701.5,25690.5,50,25702.75,100,300,380550
NIFTY-III.NFO,04/10/2024,09:40:33,25701.5,25690.05,50,25700,50,0,380550
NIFTY-III.NFO,04/10/2024,09:40:36,25701.5,25691.6,50,25702.55,125,0,380550
NIFTY-III.NFO,04/10/2024,09:40:38,25691,25691,25,25701.65,125,25,380550
NIFTY-III.NFO,04/10/2024,09:40:41,25691.15,25691.15,100,25702.4,25,25,380550
NIFTY-III.NFO,04/10/2024,09:40:43,25691.15,25694.55,50,25703.15,25,0,380550
NIFTY-III.NFO,04/10/2024,09:40:46,25691.15,25691.5,50,25702.05,25,0,380550
NIFTY-III.NFO,04/10/2024,09:40:48,25690.85,25690.85,100,25701.4,50,25,380550
NIFTY-III.NFO,04/10/2024,09:40:51,25690.85,25694.4,50,25701.4,50,0,380550
NIFTY-III.NFO,04/10/2024,09:40:53,25701.45,25693.7,175,25701.95,50,75,380550
NIFTY-III.NFO,04/10/2024,09:40:56,25701.45,25692.7,100,25701,25,0,380550
NIFTY-III.NFO,04/10/2024,09:40:58,25694.1,25694.05,50,25700.95,75,25,380550
NIFTY-III.NFO,04/10/2024,09:41:01,25693.4,25690.1,100,25700.95,100,25,380550
NIFTY-III.NFO,04/10/2024,09:41:03,25693.4,25695,50,25698.9,100,0,380550
NIFTY-III.NFO,04/10/2024,09:41:06,25695,25690,75,25697.8,100,50,380550
NIFTY-III.NFO,04/10/2024,09:41:08,25690,25690.05,100,25694.1,25,25,380550
NIFTY-III.NFO,04/10/2024,09:41:11,25690,25691.4,100,25694.1,50,0,380550
NIFTY-III.NFO,04/10/2024,09:41:13,25690.75,25690.05,75,25693.95,25,25,380550
NIFTY-III.NFO,04/10/2024,09:41:16,25690.75,25690,50,25693.95,25,0,380550
NIFTY-III.NFO,04/10/2024,09:41:19,25690.75,25690.75,75,25693.95,25,0,380550
NIFTY-III.NFO,04/10/2024,09:41:21,25690.75,25690,75,25694,25,0,380550
NIFTY-III.NFO,04/10/2024,09:41:24,25690.75,25690,25,25693.75,100,0,380550
NIFTY-III.NFO,04/10/2024,09:41:26,25684.65,25684.85,75,25693.75,150,100,380550
NIFTY-III.NFO,04/10/2024,09:41:29,25682.6,25686.3,25,25693.8,100,50,380550
NIFTY-III.NFO,04/10/2024,09:41:31,25693.8,25686.25,100,25693.85,25,150,380550
NIFTY-III.NFO,04/10/2024,09:41:34,25693.9,25683.3,100,25693.9,25,100,380550
NIFTY-III.NFO,04/10/2024,09:41:36,25693.9,25685.2,100,25694.05,25,0,380550
NIFTY-III.NFO,04/10/2024,09:41:39,25693.9,25686.1,100,25694.05,25,0,380550
NIFTY-III.NFO,04/10/2024,09:41:41,25687.05,25687.6,50,25693.9,25,25,380550
NIFTY-III.NFO,04/10/2024,09:41:44,25687.05,25690.2,100,25694,25,0,380550
NIFTY-III.NFO,04/10/2024,09:41:46,25687.05,25689.75,50,25694,25,0,380550
NIFTY-III.NFO,04/10/2024,09:41:49,25694.1,25694.8,100,25700,25,125,380550
NIFTY-III.NFO,04/10/2024,09:41:51,25701,25695.35,100,25704.95,50,100,380550
NIFTY-III.NFO,04/10/2024,09:41:54,25704.95,25695.9,125,25701.8,50,25,380550
NIFTY-III.NFO,04/10/2024,09:41:56,25704.95,25697.95,50,25700.85,25,0,380550
NIFTY-III.NFO,04/10/2024,09:41:59,25700.6,25700,25,25700.5,25,125,380550
NIFTY-III.NFO,04/10/2024,09:42:01,25700,25695,50,25700.45,25,25,380550
NIFTY-III.NFO,04/10/2024,09:42:04,25698.55,25695,50,25697.95,25,25,380550
NIFTY-III.NFO,04/10/2024,09:42:06,25698.55,25695,50,25699.65,25,0,380550
NIFTY-III.NFO,04/10/2024,09:42:09,25698.55,25695,50,25698.25,25,0,380550
NIFTY-III.NFO,04/10/2024,09:42:11,25698.55,25695,50,25698,25,0,380550
NIFTY-III.NFO,04/10/2024,09:42:14,25698.55,25695,50,25698.05,25,0,380550
NIFTY-III.NFO,04/10/2024,09:42:16,25698.55,25695,50,25698,25,0,380550
NIFTY-III.NFO,04/10/2024,09:42:19,25695,25690,25,25694.4,50,75,380275
NIFTY-III.NFO,04/10/2024,09:42:21,25695,25690,25,25694.9,50,0,380275
NIFTY-III.NFO,04/10/2024,09:42:24,25695,25695,175,25696.3,25,25,380275
NIFTY-III.NFO,04/10/2024,09:42:26,25695.7,25690,25,25695.6,50,200,380275
NIFTY-III.NFO,04/10/2024,09:42:29,25695.7,25690,25,25693.6,25,0,380275
NIFTY-III.NFO,04/10/2024,09:42:31,25690,25687,25,25690.05,50,25,380275
NIFTY-III.NFO,04/10/2024,09:42:34,25689.15,25685,25,25688.25,25,50,380275
NIFTY-III.NFO,04/10/2024,09:42:36,25681.35,25682.5,75,25689.1,25,50,380275
NIFTY-III.NFO,04/10/2024,09:42:39,25681.35,25682.45,100,25690.1,25,0,380275
NIFTY-III.NFO,04/10/2024,09:42:41,25681.35,25681.25,100,25689.9,50,0,380275
NIFTY-III.NFO,04/10/2024,09:42:44,25681.35,25682.65,100,25690.5,25,0,380275
NIFTY-III.NFO,04/10/2024,09:42:46,25681.35,25684.15,100,25692.4,50,0,380275
NIFTY-III.NFO,04/10/2024,09:42:49,25681.35,25685.95,100,25692.45,50,0,380275
NIFTY-III.NFO,04/10/2024,09:42:51,25681.35,25685.65,100,25692.45,50,0,380275
NIFTY-III.NFO,04/10/2024,09:42:54,25681.35,25682.7,150,25690.3,25,0,380275
NIFTY-III.NFO,04/10/2024,09:42:56,25685.05,25681.55,75,25688.35,25,25,380275
NIFTY-III.NFO,04/10/2024,09:42:59,25685.05,25681.35,25,25685.4,25,0,380275
NIFTY-III.NFO,04/10/2024,09:43:01,25685.05,25681.4,100,25686.7,25,0,380275
NIFTY-III.NFO,04/10/2024,09:43:04,25685.05,25681.35,25,25685.75,25,0,380275
NIFTY-III.NFO,04/10/2024,09:43:06,25681.35,25676.1,100,25684.6,25,25,380275
NIFTY-III.NFO,04/10/2024,09:43:09,25681.35,25678.05,75,25684.6,25,0,380275
NIFTY-III.NFO,04/10/2024,09:43:11,25681.35,25681,125,25684.85,25,0,380275
NIFTY-III.NFO,04/10/2024,09:43:14,25681,25681,75,25685.75,25,50,380275
NIFTY-III.NFO,04/10/2024,09:43:16,25681,25681,75,25684.25,25,0,380275
NIFTY-III.NFO,04/10/2024,09:43:18,25681,25681,75,25683.6,25,0,380275
NIFTY-III.NFO,04/10/2024,09:43:21,25681,25683.05,100,25693,25,0,380275
NIFTY-III.NFO,04/10/2024,09:43:23,25689.25,25688.85,100,25691.3,25,25,380275
NIFTY-III.NFO,04/10/2024,09:43:26,25689.5,25689.9,100,25692.45,25,175,380275
NIFTY-III.NFO,04/10/2024,09:43:28,25689.5,25690.3,150,25692.45,25,0,380275
NIFTY-III.NFO,04/10/2024,09:43:31,25689.25,25686.3,100,25690.6,25,25,380275
NIFTY-III.NFO,04/10/2024,09:43:33,25689.25,25685,75,25689.75,25,0,380275
NIFTY-III.NFO,04/10/2024,09:43:36,25689.25,25685,75,25689.65,25,0,380275
NIFTY-III.NFO,04/10/2024,09:43:38,25689.25,25685,75,25690.5,50,0,380275
NIFTY-III.NFO,04/10/2024,09:43:41,25689.25,25685,75,25688.05,25,0,380275
NIFTY-III.NFO,04/10/2024,09:43:43,25689.25,25685.4,100,25690,25,0,380275
NIFTY-III.NFO,04/10/2024,09:43:46,25689.65,25686.6,100,25690,25,25,380275
NIFTY-III.NFO,04/10/2024,09:43:48,25690,25689,50,25690.7,25,75,380275
NIFTY-III.NFO,04/10/2024,09:43:51,25690,25690.1,50,25692.5,25,0,380275
NIFTY-III.NFO,04/10/2024,09:43:53,25690,25685.05,50,25692.5,25,0,380275
NIFTY-III.NFO,04/10/2024,09:43:56,25686.05,25685.3,25,25691.2,25,50,380275
NIFTY-III.NFO,04/10/2024,09:43:58,25686.05,25687.15,75,25691.2,25,0,380275
NIFTY-III.NFO,04/10/2024,09:44:01,25686.05,25686.05,25,25690,25,0,380275
NIFTY-III.NFO,04/10/2024,09:44:03,25686.05,25686.1,50,25690,25,0,380275
NIFTY-III.NFO,04/10/2024,09:44:06,25686.05,25682.05,25,25688.95,25,25,380275
NIFTY-III.NFO,04/10/2024,09:44:08,25686.05,25683.8,25,25688.95,25,0,380275
NIFTY-III.NFO,04/10/2024,09:44:11,25686.05,25685.6,25,25688.95,25,0,380275
NIFTY-III.NFO,04/10/2024,09:44:13,25690,25686.3,75,25690.65,25,50,380275
NIFTY-III.NFO,04/10/2024,09:44:16,25691.95,25682.8,50,25691.1,25,50,380275
NIFTY-III.NFO,04/10/2024,09:44:17,25691.95,25682,25,25689.55,100,0,380275
NIFTY-III.NFO,04/10/2024,09:44:19,25689.1,25682,25,25686.85,125,25,380275
NIFTY-III.NFO,04/10/2024,09:44:22,25681,25681,25,25683.9,25,75,380275
NIFTY-III.NFO,04/10/2024,09:44:24,25686.15,25681,25,25686.9,50,250,380275
NIFTY-III.NFO,04/10/2024,09:44:27,25686.15,25681.55,100,25688.8,50,0,380275
NIFTY-III.NFO,04/10/2024,09:44:29,25686.15,25683.2,100,25690.55,50,0,380275
NIFTY-III.NFO,04/10/2024,09:44:32,25686.15,25685.3,125,25690.45,25,0,380275
NIFTY-III.NFO,04/10/2024,09:44:34,25686.15,25686.3,50,25689.4,25,0,380275
NIFTY-III.NFO,04/10/2024,09:44:37,25688.85,25683,75,25686.2,25,25,380275
NIFTY-III.NFO,04/10/2024,09:44:39,25688.85,25681,25,25685.7,25,0,380275
NIFTY-III.NFO,04/10/2024,09:44:42,25688.85,25681,25,25686.95,50,0,380275
NIFTY-III.NFO,04/10/2024,09:44:44,25678.5,25679.55,100,25687.75,75,50,380275
NIFTY-III.NFO,04/10/2024,09:44:47,25678.5,25679.95,100,25687.75,75,0,380275
NIFTY-III.NFO,04/10/2024,09:44:49,25678.5,25679.15,100,25686.3,75,0,380275
NIFTY-III.NFO,04/10/2024,09:44:52,25678.5,25683.6,50,25688,50,0,380275
NIFTY-III.NFO,04/10/2024,09:44:54,25678.5,25681.9,100,25686.1,25,0,380275
NIFTY-III.NFO,04/10/2024,09:44:57,25678.5,25681.45,100,25687.45,25,0,380275
NIFTY-III.NFO,04/10/2024,09:44:59,25681.45,25680,250,25686.85,100,25,380275
NIFTY-III.NFO,04/10/2024,09:45:02,25681.45,25680.05,25,25686.8,100,0,380275
NIFTY-III.NFO,04/10/2024,09:45:04,25681.45,25680.05,25,25683.95,25,0,380275
NIFTY-III.NFO,04/10/2024,09:45:09,25681.45,25681.45,250,25683.2,25,0,380275
NIFTY-III.NFO,04/10/2024,09:45:12,25681.45,25681.45,100,25685.5,100,150,380275
NIFTY-III.NFO,04/10/2024,09:45:14,25681.45,25681.5,50,25684.75,25,0,380275
NIFTY-III.NFO,04/10/2024,09:45:18,25681.45,25681.45,50,25685.25,25,50,379725
NIFTY-III.NFO,04/10/2024,09:45:21,25681.45,25681.45,50,25685.65,50,0,379725
NIFTY-III.NFO,04/10/2024,09:45:23,25681.45,25682.1,50,25685.15,25,0,379725
NIFTY-III.NFO,04/10/2024,09:45:26,25684,25681.85,100,25687.05,25,25,379725
NIFTY-III.NFO,04/10/2024,09:45:28,25682.15,25683.4,50,25688.45,25,225,379725
NIFTY-III.NFO,04/10/2024,09:45:31,25689.2,25682.7,50,25687.65,25,50,379725
NIFTY-III.NFO,04/10/2024,09:45:33,25682.35,25682.85,50,25687.65,25,25,379725
NIFTY-III.NFO,04/10/2024,09:45:36,25682.35,25682.3,50,25687.45,25,0,379725
NIFTY-III.NFO,04/10/2024,09:45:38,25682.35,25681.95,25,25688.8,100,0,379725
NIFTY-III.NFO,04/10/2024,09:45:41,25682.35,25683.2,25,25687.45,25,0,379725
NIFTY-III.NFO,04/10/2024,09:45:43,25682.35,25683.95,25,25688.4,25,0,379725
NIFTY-III.NFO,04/10/2024,09:45:46,25688.1,25685.05,25,25690.95,25,25,379725
NIFTY-III.NFO,04/10/2024,09:45:48,25688.1,25685.2,25,25690.95,25,0,379725
NIFTY-III.NFO,04/10/2024,09:45:51,25690.75,25685,250,25686.1,25,50,379725
NIFTY-III.NFO,04/10/2024,09:45:53,25690.75,25685.05,25,25687.35,25,0,379725
NIFTY-III.NFO,04/10/2024,09:45:56,25685,25681.5,25,25687.2,25,250,379725
NIFTY-III.NFO,04/10/2024,09:45:58,25686,25682.45,25,25685.9,25,50,379725
NIFTY-III.NFO,04/10/2024,09:46:01,25686,25681.5,25,25684.4,25,0,379725
NIFTY-III.NFO,04/10/2024,09:46:03,25686,25681.45,350,25683.4,25,0,379725
NIFTY-III.NFO,04/10/2024,09:46:06,25683.4,25681.45,350,25685.65,25,25,379725
NIFTY-III.NFO,04/10/2024,09:46:08,25680,25675.45,25,25680.6,25,400,379725
NIFTY-III.NFO,04/10/2024,09:46:11,25680,25676.45,25,25681.7,25,0,379725
NIFTY-III.NFO,04/10/2024,09:46:13,25682.65,25680,25,25682.6,100,50,379725
NIFTY-III.NFO,04/10/2024,09:46:16,25682.65,25680,100,25684.1,50,0,379725
NIFTY-III.NFO,04/10/2024,09:46:19,25682.65,25680,100,25684.15,100,0,379725
NIFTY-III.NFO,04/10/2024,09:46:21,25682.65,25680,100,25681.75,25,0,379725
NIFTY-III.NFO,04/10/2024,09:46:24,25682.65,25680,100,25682.65,25,0,379725
NIFTY-III.NFO,04/10/2024,09:46:26,25683,25675.05,50,25684,100,100,379725
NIFTY-III.NFO,04/10/2024,09:46:29,25683,25681,250,25685.6,25,0,379725
NIFTY-III.NFO,04/10/2024,09:46:31,25683,25681,250,25682.4,50,0,379725
NIFTY-III.NFO,04/10/2024,09:46:34,25681,25680,325,25682.5,100,250,379725
NIFTY-III.NFO,04/10/2024,09:46:36,25675,25675,50,25678.1,150,375,379725
NIFTY-III.NFO,04/10/2024,09:46:39,25675,25670,75,25673.45,100,50,379725
NIFTY-III.NFO,04/10/2024,09:46:41,25674.95,25670,75,25674.95,75,75,379725
NIFTY-III.NFO,04/10/2024,09:46:44,25674.95,25670,75,25674.95,75,0,379725
NIFTY-III.NFO,04/10/2024,09:46:46,25674.95,25670,75,25670.6,25,0,379725
NIFTY-III.NFO,04/10/2024,09:46:49,25674.95,25670,75,25671.15,75,0,379725
NIFTY-III.NFO,04/10/2024,09:46:51,25674.95,25670,75,25673.3,25,0,379725
NIFTY-III.NFO,04/10/2024,09:46:54,25670,25667.75,100,25670,75,75,379725
NIFTY-III.NFO,04/10/2024,09:46:56,25667.7,25667.7,25,25669.65,75,25,379725
NIFTY-III.NFO,04/10/2024,09:46:59,25665,25662.3,150,25667.8,25,50,379725
NIFTY-III.NFO,04/10/2024,09:47:01,25665,25662,50,25667.1,125,0,379725
NIFTY-III.NFO,04/10/2024,09:47:04,25665,25662,50,25664.7,25,0,379725
NIFTY-III.NFO,04/10/2024,09:47:09,25662,25660.6,100,25662,25,50,379725
NIFTY-III.NFO,04/10/2024,09:47:11,25662,25662.6,100,25673.15,75,25,379725
NIFTY-III.NFO,04/10/2024,09:47:14,25662,25666.5,100,25672.35,25,0,379725
NIFTY-III.NFO,04/10/2024,09:47:16,25662,25668.65,100,25673.95,25,0,379725
NIFTY-III.NFO,04/10/2024,09:47:19,25666.05,25668.4,100,25672.65,25,25,379725
NIFTY-III.NFO,04/10/2024,09:47:21,25666.05,25665.05,100,25667,25,0,379725
NIFTY-III.NFO,04/10/2024,09:47:24,25665.05,25660.05,50,25665.55,25,50,379725
NIFTY-III.NFO,04/10/2024,09:47:26,25665.05,25666.2,50,25667.8,25,0,379725
NIFTY-III.NFO,04/10/2024,09:47:29,25666.1,25666.4,25,25668.1,25,25,379725
NIFTY-III.NFO,04/10/2024,09:47:31,25666.1,25666.3,75,25670.8,25,0,379725
NIFTY-III.NFO,04/10/2024,09:47:34,25666.1,25666.05,25,25669.6,25,0,379725
NIFTY-III.NFO,04/10/2024,09:47:36,25666.1,25667.2,25,25671.65,25,0,379725
NIFTY-III.NFO,04/10/2024,09:47:39,25666.1,25669.75,25,25671.85,25,0,379725
NIFTY-III.NFO,04/10/2024,09:47:41,25671.7,25668.8,100,25673.95,25,25,379725
NIFTY-III.NFO,04/10/2024,09:47:44,25671.7,25671.25,25,25674.25,25,0,379725
NIFTY-III.NFO,04/10/2024,09:47:46,25670.35,25670.4,50,25673.7,25,300,379725
NIFTY-III.NFO,04/10/2024,09:47:49,25670.35,25670.05,50,25674,25,0,379725
NIFTY-III.NFO,04/10/2024,09:47:51,25675.05,25673.9,50,25680,75,75,379725
NIFTY-III.NFO,04/10/2024,09:47:54,25674.55,25674.55,50,25679.8,25,25,379725
NIFTY-III.NFO,04/10/2024,09:47:56,25674.55,25673.35,75,25677.95,25,0,379725
NIFTY-III.NFO,04/10/2024,09:47:59,25674.55,25674,25,25676.7,25,0,379725
NIFTY-III.NFO,04/10/2024,09:48:01,25676.7,25674,25,25675.6,25,25,379725
NIFTY-III.NFO,04/10/2024,09:48:04,25674,25670.35,25,25672.45,25,25,379725
NIFTY-III.NFO,04/10/2024,09:48:06,25674,25674,100,25676.65,25,0,379725
NIFTY-III.NFO,04/10/2024,09:48:09,25676.9,25674,300,25676.9,25,25,379725
NIFTY-III.NFO,04/10/2024,09:48:11,25676.9,25674.05,50,25679.35,25,0,379725
NIFTY-III.NFO,04/10/2024,09:48:14,25676.9,25675.05,50,25680,75,0,379725
NIFTY-III.NFO,04/10/2024,09:48:16,25676.9,25677.05,50,25680,75,0,379725
NIFTY-III.NFO,04/10/2024,09:48:18,25676.9,25677.05,75,25679.85,25,0,379725
NIFTY-III.NFO,04/10/2024,09:48:20,25676.9,25677.35,75,25680,100,0,379725
NIFTY-III.NFO,04/10/2024,09:48:23,25676.9,25677.4,50,25679.8,25,0,379725
NIFTY-III.NFO,04/10/2024,09:48:25,25679,25676.95,75,25678.6,25,25,379075
NIFTY-III.NFO,04/10/2024,09:48:28,25679,25676.95,75,25680,75,0,379075
NIFTY-III.NFO,04/10/2024,09:48:30,25679.95,25674,300,25677.25,25,75,379075
NIFTY-III.NFO,04/10/2024,09:48:33,25679.95,25674,300,25675.7,25,0,379075
NIFTY-III.NFO,04/10/2024,09:48:35,25679.95,25674,300,25675.65,25,0,379075
NIFTY-III.NFO,04/10/2024,09:48:38,25679.95,25674,300,25676.85,25,0,379075
NIFTY-III.NFO,04/10/2024,09:48:40,25676.4,25674,75,25676.6,175,225,379075
NIFTY-III.NFO,04/10/2024,09:48:43,25676.4,25674,75,25676.65,25,0,379075
NIFTY-III.NFO,04/10/2024,09:48:46,25676.4,25675.15,25,25678.55,25,0,379075
NIFTY-III.NFO,04/10/2024,09:48:48,25676.4,25674,75,25677.4,25,0,379075
NIFTY-III.NFO,04/10/2024,09:48:51,25676.4,25675,100,25679.8,25,0,379075
NIFTY-III.NFO,04/10/2024,09:48:53,25676.4,25674.65,100,25679.65,25,0,379075
NIFTY-III.NFO,04/10/2024,09:48:56,25680,25676.6,50,25680,50,75,379075
NIFTY-III.NFO,04/10/2024,09:48:58,25680,25677.75,25,25680,50,0,379075
NIFTY-III.NFO,04/10/2024,09:49:01,25680,25678.9,25,25680,75,0,379075
NIFTY-III.NFO,04/10/2024,09:49:03,25681.1,25678.6,100,25681.1,25,100,379075
NIFTY-III.NFO,04/10/2024,09:49:06,25681.1,25677.5,25,25681.35,25,0,379075
NIFTY-III.NFO,04/10/2024,09:49:08,25681.1,25676.45,50,25681.5,25,0,379075
NIFTY-III.NFO,04/10/2024,09:49:11,25679.85,25674.95,25,25680.05,25,75,379075
NIFTY-III.NFO,04/10/2024,09:49:13,25679.85,25676.9,75,25680.85,25,0,379075
NIFTY-III.NFO,04/10/2024,09:49:16,25679.85,25676.6,50,25681.35,25,0,379075
NIFTY-III.NFO,04/10/2024,09:49:18,25679.85,25676.15,50,25680.85,25,0,379075
NIFTY-III.NFO,04/10/2024,09:49:21,25679.85,25675.8,50,25680.7,25,0,379075
NIFTY-III.NFO,04/10/2024,09:49:23,25679.85,25676.15,25,25681.25,25,0,379075
NIFTY-III.NFO,04/10/2024,09:49:26,25679.85,25679.25,50,25682.45,25,0,379075
NIFTY-III.NFO,04/10/2024,09:49:28,25682.45,25682.75,25,25688.6,25,25,379075
NIFTY-III.NFO,04/10/2024,09:49:31,25682.45,25683.25,75,25688.75,25,0,379075
NIFTY-III.NFO,04/10/2024,09:49:33,25688.75,25682.55,50,25686.2,25,25,379075
NIFTY-III.NFO,04/10/2024,09:49:36,25688.75,25680.7,25,25686.65,25,0,379075
NIFTY-III.NFO,04/10/2024,09:49:38,25688.75,25683.05,25,25687.95,25,0,379075
NIFTY-III.NFO,04/10/2024,09:49:41,25688.75,25681.9,25,25687.7,25,0,379075
NIFTY-III.NFO,04/10/2024,09:49:43,25690.75,25688.2,25,25693,25,75,379075
NIFTY-III.NFO,04/10/2024,09:49:46,25686,25684.6,125,25691.2,25,300,379075
NIFTY-III.NFO,04/10/2024,09:49:48,25686,25684.95,25,25692.2,25,0,379075
NIFTY-III.NFO,04/10/2024,09:49:51,25691.75,25683.05,125,25689.65,25,25,379075
NIFTY-III.NFO,04/10/2024,09:49:53,25691.75,25683.25,75,25691.35,25,0,379075
NIFTY-III.NFO,04/10/2024,09:49:56,25691.75,25685.25,125,25693.15,25,0,379075
NIFTY-III.NFO,04/10/2024,09:49:58,25691.75,25686.1,125,25692.75,25,0,379075
NIFTY-III.NFO,04/10/2024,09:50:01,25691.75,25685,75,25692.1,25,0,379075
NIFTY-III.NFO,04/10/2024,09:50:03,25691.75,25685,75,25692.6,25,0,379075
NIFTY-III.NFO,04/10/2024,09:50:06,25691.75,25685,150,25694.85,75,0,379075
NIFTY-III.NFO,04/10/2024,09:50:08,25693.3,25685,25,25690.55,75,200,379075
NIFTY-III.NFO,04/10/2024,09:50:11,25693.3,25685.05,100,25691.5,25,0,379075
NIFTY-III.NFO,04/10/2024,09:50:13,25693.3,25685,25,25690.5,25,0,379075
NIFTY-III.NFO,04/10/2024,09:50:16,25693.3,25685,25,25689.55,175,0,379075
NIFTY-III.NFO,04/10/2024,09:50:19,25693.3,25685.05,100,25689.2,25,0,379075
NIFTY-III.NFO,04/10/2024,09:50:21,25693.3,25687.25,100,25691.65,25,0,379075
NIFTY-III.NFO,04/10/2024,09:50:24,25696,25688.5,125,25696.8,25,300,379075
NIFTY-III.NFO,04/10/2024,09:50:26,25698.55,25692.6,125,25700,200,25,379075
NIFTY-III.NFO,04/10/2024,09:50:29,25701.2,25692.65,150,25701.2,25,225,379075
NIFTY-III.NFO,04/10/2024,09:50:31,25701.2,25694.1,150,25700.75,25,0,379075
NIFTY-III.NFO,04/10/2024,09:50:34,25701.2,25691.75,150,25700.3,100,0,379075
NIFTY-III.NFO,04/10/2024,09:50:36,25701.2,25691.3,75,25700.55,175,0,379075
NIFTY-III.NFO,04/10/2024,09:50:39,25701.2,25694.35,75,25700.15,25,0,379075
NIFTY-III.NFO,04/10/2024,09:50:41,25701.2,25694.9,150,25703,50,0,379075
NIFTY-III.NFO,04/10/2024,09:50:44,25701.2,25700.05,150,25703,50,0,379075
NIFTY-III.NFO,04/10/2024,09:50:46,25705,25706.8,75,25713.15,25,225,379075
NIFTY-III.NFO,04/10/2024,09:50:49,25720,25723.05,25,25725,100,100,379075
NIFTY-III.NFO,04/10/2024,09:50:51,25725,25716,25,25724.25,50,25,379075
NIFTY-III.NFO,04/10/2024,09:50:54,25725,25725.1,75,25730,25,75,379075
NIFTY-III.NFO,04/10/2024,09:50:56,25730,25725.05,75,25736.8,100,25,379075
NIFTY-III.NFO,04/10/2024,09:50:59,25737.6,25729.45,75,25738.6,50,25,379075
NIFTY-III.NFO,04/10/2024,09:51:01,25739,25733.25,350,25740.6,25,50,379075
NIFTY-III.NFO,04/10/2024,09:51:04,25739,25731.45,100,25734.65,25,0,379075
NIFTY-III.NFO,04/10/2024,09:51:06,25734.55,25728.6,500,25736.15,25,75,379075
NIFTY-III.NFO,04/10/2024,09:51:09,25734.55,25734.65,500,25741.15,75,0,379075
NIFTY-III.NFO,04/10/2024,09:51:11,25731.1,25726.8,75,25732.25,100,50,379075
NIFTY-III.NFO,04/10/2024,09:51:14,25731.1,25718,75,25726.95,50,0,379075
NIFTY-III.NFO,04/10/2024,09:51:16,25728.35,25718.05,75,25727.9,175,100,379075
NIFTY-III.NFO,04/10/2024,09:51:18,25728.35,25714.45,150,25721.9,175,0,379075
NIFTY-III.NFO,04/10/2024,09:51:21,25728.35,25712.75,100,25719.95,175,0,379075
NIFTY-III.NFO,04/10/2024,09:51:23,25728.35,25712.4,75,25718.85,175,0,379075
NIFTY-III.NFO,04/10/2024,09:51:26,25728.35,25710.05,75,25717.1,100,0,379075
NIFTY-III.NFO,04/10/2024,09:51:28,25728.35,25707.75,125,25717.9,175,0,379075
NIFTY-III.NFO,04/10/2024,09:51:31,25728.35,25701.1,125,25711.6,100,0,379075
NIFTY-III.NFO,04/10/2024,09:51:33,25728.35,25703.1,150,25710.8,175,0,379075
NIFTY-III.NFO,04/10/2024,09:51:36,25728.35,25706.85,150,25714.7,175,0,379075
NIFTY-III.NFO,04/10/2024,09:51:38,25728.35,25708.05,50,25716.75,100,0,379075
NIFTY-III.NFO,04/10/2024,09:51:41,25728.35,25705.95,25,25712.65,100,0,379075
NIFTY-III.NFO,04/10/2024,09:51:43,25716.65,25709.4,50,25717,175,50,379725
NIFTY-III.NFO,04/10/2024,09:51:46,25716.65,25710.55,200,25719.15,100,0,379725
NIFTY-III.NFO,04/10/2024,09:51:48,25716.65,25718.05,50,25725.15,100,0,379725
NIFTY-III.NFO,04/10/2024,09:51:51,25716.65,25715.15,50,25723.3,225,0,379725
NIFTY-III.NFO,04/10/2024,09:51:53,25716.65,25717.05,50,25725,100,0,379725
NIFTY-III.NFO,04/10/2024,09:51:56,25716.65,25713.7,100,25720,125,0,379725
NIFTY-III.NFO,04/10/2024,09:51:58,25716.65,25712,50,25719.95,100,0,379725
NIFTY-III.NFO,04/10/2024,09:52:01,25716.65,25716.65,25,25720,125,0,379725
NIFTY-III.NFO,04/10/2024,09:52:03,25716.65,25711,100,25720,125,25,379725
NIFTY-III.NFO,04/10/2024,09:52:06,25716.65,25711.4,125,25719.7,75,0,379725
NIFTY-III.NFO,04/10/2024,09:52:08,25716.65,25712.6,125,25719.95,50,0,379725
NIFTY-III.NFO,04/10/2024,09:52:11,25716.65,25713.55,125,25720,125,0,379725
NIFTY-III.NFO,04/10/2024,09:52:13,25720,25719.55,175,25728.6,175,125,379725
NIFTY-III.NFO,04/10/2024,09:52:16,25720,25718.85,125,25727.1,150,0,379725
NIFTY-III.NFO,04/10/2024,09:52:18,25720,25721.05,50,25728.45,75,0,379725
NIFTY-III.NFO,04/10/2024,09:52:21,25720,25721.6,75,25728,225,0,379725
NIFTY-III.NFO,04/10/2024,09:52:23,25721.6,25720,75,25724.35,175,25,379725
NIFTY-III.NFO,04/10/2024,09:52:26,25721.6,25720,75,25723.45,125,0,379725
NIFTY-III.NFO,04/10/2024,09:52:28,25721.6,25720,75,25724.6,100,0,379725
NIFTY-III.NFO,04/10/2024,09:52:31,25721.6,25720,75,25724.7,50,0,379725
NIFTY-III.NFO,04/10/2024,09:52:33,25721.6,25720,75,25724.9,175,0,379725
NIFTY-III.NFO,04/10/2024,09:52:36,25721.6,25720,75,25723.65,100,0,379725
NIFTY-III.NFO,04/10/2024,09:52:38,25720,25716.65,125,25720,475,75,379725
NIFTY-III.NFO,04/10/2024,09:52:41,25720,25716.65,125,25719,100,0,379725
NIFTY-III.NFO,04/10/2024,09:52:43,25716.65,25716.65,50,25720,475,75,379725
NIFTY-III.NFO,04/10/2024,09:52:46,25716.65,25710.4,100,25716.3,225,50,379725
NIFTY-III.NFO,04/10/2024,09:52:48,25716.65,25708.75,125,25717.3,100,0,379725
NIFTY-III.NFO,04/10/2024,09:52:51,25716.65,25710.15,125,25717.25,150,0,379725
NIFTY-III.NFO,04/10/2024,09:52:53,25716.65,25710.45,150,25718.25,175,0,379725
NIFTY-III.NFO,04/10/2024,09:52:56,25716.65,25707.7,100,25716.8,100,0,379725
NIFTY-III.NFO,04/10/2024,09:52:58,25710.1,25710.6,50,25718.7,100,150,379725
NIFTY-III.NFO,04/10/2024,09:53:01,25710.1,25706.4,50,25715.15,100,0,379725
NIFTY-III.NFO,04/10/2024,09:53:03,25710.1,25707.05,50,25716.1,150,0,379725
NIFTY-III.NFO,04/10/2024,09:53:06,25710.1,25707.15,50,25713.65,100,25,379725
NIFTY-III.NFO,04/10/2024,09:53:08,25710.1,25708.7,50,25716.75,225,0,379725
NIFTY-III.NFO,04/10/2024,09:53:11,25710.1,25708.05,125,25716.2,100,0,379725
NIFTY-III.NFO,04/10/2024,09:53:13,25710.1,25708.05,125,25715.95,175,0,379725
NIFTY-III.NFO,04/10/2024,09:53:16,25710.1,25711.05,100,25719.8,175,0,379725
NIFTY-III.NFO,04/10/2024,09:53:18,25710.1,25710.1,25,25714.65,100,0,379725
NIFTY-III.NFO,04/10/2024,09:53:20,25716.35,25710.1,25,25714.5,50,25,379725
NIFTY-III.NFO,04/10/2024,09:53:23,25716.35,25710.1,25,25715.4,175,0,379725
NIFTY-III.NFO,04/10/2024,09:53:25,25708.35,25708.95,175,25717.65,225,50,379725
NIFTY-III.NFO,04/10/2024,09:53:28,25708.35,25713.25,75,25719.95,100,0,379725
NIFTY-III.NFO,04/10/2024,09:53:31,25708.35,25708.05,125,25715.65,175,0,379725
NIFTY-III.NFO,04/10/2024,09:53:33,25708.35,25710.1,50,25719.35,175,0,379725
NIFTY-III.NFO,04/10/2024,09:53:36,25708.35,25708.4,50,25717.1,175,0,379725
NIFTY-III.NFO,04/10/2024,09:53:38,25708.35,25708.65,50,25717.3,225,0,379725
NIFTY-III.NFO,04/10/2024,09:53:41,25708.35,25712.3,125,25718.8,25,0,379725
NIFTY-III.NFO,04/10/2024,09:53:43,25708.35,25712.1,125,25718.8,25,0,379725
NIFTY-III.NFO,04/10/2024,09:53:46,25712,25710.35,125,25717.6,25,150,379725
NIFTY-III.NFO,04/10/2024,09:53:48,25712,25708.4,50,25717.35,150,0,379725
NIFTY-III.NFO,04/10/2024,09:53:51,25712,25708.85,525,25717.2,125,0,379725
NIFTY-III.NFO,04/10/2024,09:53:53,25712,25711.3,525,25717.6,25,0,379725
NIFTY-III.NFO,04/10/2024,09:53:56,25712,25716.6,75,25720,475,50,379725
NIFTY-III.NFO,04/10/2024,09:53:58,25712,25717.8,75,25720,475,0,379725
NIFTY-III.NFO,04/10/2024,09:54:01,25718.85,25713.55,100,25720.3,150,25,379725
NIFTY-III.NFO,04/10/2024,09:54:03,25718.85,25712,25,25720.2,100,0,379725
NIFTY-III.NFO,04/10/2024,09:54:06,25718.85,25712,25,25718.4,100,0,379725
NIFTY-III.NFO,04/10/2024,09:54:08,25718.85,25712,25,25715.5,100,0,379725
NIFTY-III.NFO,04/10/2024,09:54:11,25712,25712.45,450,25718.3,25,25,379725
NIFTY-III.NFO,04/10/2024,09:54:13,25712,25715.5,500,25724.7,175,0,379725
NIFTY-III.NFO,04/10/2024,09:54:16,25712,25719.5,450,25725,50,0,379725
NIFTY-III.NFO,04/10/2024,09:54:18,25712,25720,450,25725,50,0,379725
NIFTY-III.NFO,04/10/2024,09:54:21,25719.9,25721.85,425,25725,50,25,380200
NIFTY-III.NFO,04/10/2024,09:54:23,25719.9,25722,525,25725,50,0,380200
NIFTY-III.NFO,04/10/2024,09:54:26,25721.4,25717.4,375,25725,50,250,380200
NIFTY-III.NFO,04/10/2024,09:54:28,25721.4,25722.85,175,25725,50,0,380200
NIFTY-III.NFO,04/10/2024,09:54:31,25725,25719.9,100,25725,25,25,380200
NIFTY-III.NFO,04/10/2024,09:54:33,25725,25722.1,250,25729.85,75,50,380200
NIFTY-III.NFO,04/10/2024,09:54:36,25725,25723.1,225,25731.1,175,25,380200
NIFTY-III.NFO,04/10/2024,09:54:38,25725,25725,225,25731.7,150,0,380200
NIFTY-III.NFO,04/10/2024,09:54:41,25731.35,25725.05,125,25731.4,75,50,380200
NIFTY-III.NFO,04/10/2024,09:54:43,25731.35,25725,250,25730.45,100,0,380200
NIFTY-III.NFO,04/10/2024,09:54:46,25731.35,25725,250,25728.6,100,0,380200
NIFTY-III.NFO,04/10/2024,09:54:48,25731.35,25725,250,25728.25,100,0,380200
NIFTY-III.NFO,04/10/2024,09:54:51,25731.35,25725,250,25728.4,100,0,380200
NIFTY-III.NFO,04/10/2024,09:54:53,25725,25721.3,125,25725,625,250,380200
NIFTY-III.NFO,04/10/2024,09:54:56,25725,25725.45,100,25731.05,25,625,380200
NIFTY-III.NFO,04/10/2024,09:54:58,25731.05,25724.8,125,25731.3,75,50,380200
NIFTY-III.NFO,04/10/2024,09:55:01,25724.1,25722.65,100,25730.35,150,25,380200
NIFTY-III.NFO,04/10/2024,09:55:03,25724.1,25725,150,25731.05,100,0,380200
NIFTY-III.NFO,04/10/2024,09:55:06,25724.1,25725,150,25730.7,100,0,380200
NIFTY-III.NFO,04/10/2024,09:55:08,25724.1,25726.2,100,25730.75,25,0,380200
NIFTY-III.NFO,04/10/2024,09:55:11,25724.1,25725,150,25730.75,25,0,380200
NIFTY-III.NFO,04/10/2024,09:55:13,25724.1,25725,150,25730.45,50,0,380200
NIFTY-III.NFO,04/10/2024,09:55:16,25724.1,25725,150,25730.75,25,0,380200
NIFTY-III.NFO,04/10/2024,09:55:18,25724.1,25725.05,100,25730.75,25,0,380200
NIFTY-III.NFO,04/10/2024,09:55:21,25724.1,25725,150,25730.9,100,0,380200
NIFTY-III.NFO,04/10/2024,09:55:23,25724.1,25724.1,25,25729.9,100,0,380200
NIFTY-III.NFO,04/10/2024,09:55:26,25724.1,25724.1,25,25727.2,225,0,380200
NIFTY-III.NFO,04/10/2024,09:55:28,25724.1,25724.1,25,25728.8,75,0,380200
NIFTY-III.NFO,04/10/2024,09:55:31,25724.1,25724.1,25,25728.05,150,0,380200
NIFTY-III.NFO,04/10/2024,09:55:33,25724.1,25724.1,25,25728,100,0,380200
NIFTY-III.NFO,04/10/2024,09:55:36,25724.1,25724.1,25,25728.75,100,0,380200
NIFTY-III.NFO,04/10/2024,09:55:38,25724.1,25720.65,250,25728.6,175,25,380200
NIFTY-III.NFO,04/10/2024,09:55:41,25724.1,25724.9,25,25731.35,25,0,380200
NIFTY-III.NFO,04/10/2024,09:55:43,25724.1,25726.85,25,25731.35,25,0,380200
NIFTY-III.NFO,04/10/2024,09:55:46,25724.1,25725.05,100,25731.35,25,0,380200
NIFTY-III.NFO,04/10/2024,09:55:48,25724.1,25725.25,100,25731.35,25,0,380200
NIFTY-III.NFO,04/10/2024,09:55:51,25724.1,25728,75,25731.35,25,0,380200
NIFTY-III.NFO,04/10/2024,09:55:53,25724.1,25728.45,25,25731.35,25,0,380200
NIFTY-III.NFO,04/10/2024,09:55:56,25731.35,25731.2,150,25738.15,75,25,380200
NIFTY-III.NFO,04/10/2024,09:55:58,25731.35,25733.5,150,25738.15,75,0,380200
NIFTY-III.NFO,04/10/2024,09:56:01,25731.35,25734.55,100,25741.85,75,0,380200
NIFTY-III.NFO,04/10/2024,09:56:03,25731.35,25736.25,150,25742.1,500,0,380200
NIFTY-III.NFO,04/10/2024,09:56:06,25742.1,25739.55,100,25742.1,325,175,380200
NIFTY-III.NFO,04/10/2024,09:56:08,25742.1,25739.85,25,25742.1,275,50,380200
NIFTY-III.NFO,04/10/2024,09:56:11,25742.1,25741.65,25,25742.1,100,175,380200
NIFTY-III.NFO,04/10/2024,09:56:13,25742.1,25743.7,175,25744.4,25,175,380200
NIFTY-III.NFO,04/10/2024,09:56:16,25742.1,25742.9,175,25744.4,25,0,380200
NIFTY-III.NFO,04/10/2024,09:56:19,25742.1,25743.35,50,25744.4,25,0,380200
NIFTY-III.NFO,04/10/2024,09:56:21,25745.05,25744.2,175,25748,25,125,380200
NIFTY-III.NFO,04/10/2024,09:56:24,25745.05,25744.4,175,25748,25,0,380200
NIFTY-III.NFO,04/10/2024,09:56:26,25748,25744.4,100,25749,100,25,380200
NIFTY-III.NFO,04/10/2024,09:56:29,25748,25745,25,25748.95,100,0,380200
NIFTY-III.NFO,04/10/2024,09:56:31,25748,25745,25,25747.45,175,0,380200
NIFTY-III.NFO,04/10/2024,09:56:34,25748,25745,25,25748,25,0,380200
NIFTY-III.NFO,04/10/2024,09:56:36,25748,25745,50,25748,25,0,380200
NIFTY-III.NFO,04/10/2024,09:56:39,25748,25745.4,100,25748,100,0,380200
NIFTY-III.NFO,04/10/2024,09:56:41,25748,25745.4,275,25748,50,50,380200
NIFTY-III.NFO,04/10/2024,09:56:44,25749,25747.35,200,25749,50,100,380200
NIFTY-III.NFO,04/10/2024,09:56:46,25749,25747.35,100,25749,50,0,380200
NIFTY-III.NFO,04/10/2024,09:56:49,25749,25747.35,25,25749,25,25,380200
NIFTY-III.NFO,04/10/2024,09:56:51,25749,25748,150,25749,25,0,380200
NIFTY-III.NFO,04/10/2024,09:56:54,25750,25748,150,25750,400,50,380200
NIFTY-III.NFO,04/10/2024,09:56:56,25750,25748,150,25749.95,100,125,380200
NIFTY-III.NFO,04/10/2024,09:56:59,25748,25748,125,25749.95,100,25,380200
NIFTY-III.NFO,04/10/2024,09:57:01,25748,25748,125,25749.55,100,0,380200
NIFTY-III.NFO,04/10/2024,09:57:04,25748,25745,50,25746.6,150,125,380200
NIFTY-III.NFO,04/10/2024,09:57:06,25745,25744.4,100,25747.15,100,50,380200
NIFTY-III.NFO,04/10/2024,09:57:09,25745,25745,25,25746.6,175,0,380200
NIFTY-III.NFO,04/10/2024,09:57:11,25746.6,25740,50,25747.35,125,150,380200
NIFTY-III.NFO,04/10/2024,09:57:14,25748,25740.05,100,25749.9,125,25,380200
NIFTY-III.NFO,04/10/2024,09:57:16,25748,25744.4,75,25750,450,0,380200
NIFTY-III.NFO,04/10/2024,09:57:19,25748,25746.35,100,25750,450,0,380200
NIFTY-III.NFO,04/10/2024,09:57:21,25748,25744.35,175,25750,450,0,380200
NIFTY-III.NFO,04/10/2024,09:57:24,25748,25744.5,175,25750,450,0,380200
NIFTY-III.NFO,04/10/2024,09:57:26,25748,25745.8,100,25750,450,0,380200
NIFTY-III.NFO,04/10/2024,09:57:29,25750,25749.55,75,25750,325,125,380900
NIFTY-III.NFO,04/10/2024,09:57:31,25750,25745.95,175,25750,350,0,380900
NIFTY-III.NFO,04/10/2024,09:57:34,25750,25749.5,75,25750,350,0,380900
NIFTY-III.NFO,04/10/2024,09:57:36,25750,25751.95,175,25758.25,75,350,380900
NIFTY-III.NFO,04/10/2024,09:57:39,25750,25751.95,100,25758.95,175,0,380900
NIFTY-III.NFO,04/10/2024,09:57:41,25750,25753.05,75,25759,25,0,380900
NIFTY-III.NFO,04/10/2024,09:57:44,25750,25753,25,25758.95,100,0,380900
NIFTY-III.NFO,04/10/2024,09:57:46,25750,25753.15,100,25759,25,0,380900
NIFTY-III.NFO,04/10/2024,09:57:49,25758.15,25751.3,100,25758.95,125,100,380900
NIFTY-III.NFO,04/10/2024,09:57:49,25758.15,25751.3,100,25758.95,125,0,380900
NIFTY-III.NFO,04/10/2024,09:57:52,25758.15,25750.9,100,25759,25,0,380900
NIFTY-III.NFO,04/10/2024,09:57:54,25758.15,25753.05,100,25759,25,0,380900
NIFTY-III.NFO,04/10/2024,09:57:57,25758.15,25757,150,25759,125,0,380900
NIFTY-III.NFO,04/10/2024,09:57:59,25759,25758.15,625,25759,100,25,380900
NIFTY-III.NFO,04/10/2024,09:57:59,25759,25758.15,625,25759,100,0,380900
NIFTY-III.NFO,04/10/2024,09:58:02,25759,25758.15,625,25759,100,0,380900
NIFTY-III.NFO,04/10/2024,09:58:04,25758.15,25758.15,600,25759,75,50,380900
NIFTY-III.NFO,04/10/2024,09:58:07,25758.15,25758.15,600,25759,75,0,380900
NIFTY-III.NFO,04/10/2024,09:58:09,25759,25758.15,600,25759,50,25,380900
NIFTY-III.NFO,04/10/2024,09:58:12,25759,25758.15,600,25759,50,0,380900
NIFTY-III.NFO,04/10/2024,09:58:14,25759,25758.15,600,25760,100,50,380900
NIFTY-III.NFO,04/10/2024,09:58:17,25758.15,25758.15,575,25760,75,25,380900
NIFTY-III.NFO,04/10/2024,09:58:19,25760,25758.15,575,25760,50,25,380900
NIFTY-III.NFO,04/10/2024,09:58:19,25760,25758.15,575,25760,50,0,380900
NIFTY-III.NFO,04/10/2024,09:58:22,25760,25760,25,25764,25,50,380900
NIFTY-III.NFO,04/10/2024,09:58:24,25760,25758.15,575,25760,25,25,380900
NIFTY-III.NFO,04/10/2024,09:58:27,25760,25758.15,575,25760,25,0,380900
NIFTY-III.NFO,04/10/2024,09:58:29,25763.95,25758.15,525,25763.95,50,100,380900
NIFTY-III.NFO,04/10/2024,09:58:29,25763.95,25758.15,525,25763.95,50,0,380900
NIFTY-III.NFO,04/10/2024,09:58:32,25763.95,25758.15,525,25762.25,75,0,380900
NIFTY-III.NFO,04/10/2024,09:58:34,25763.1,25758.15,525,25761.8,75,25,380900
NIFTY-III.NFO,04/10/2024,09:58:37,25758.15,25758.15,475,25763.45,75,50,380900
NIFTY-III.NFO,04/10/2024,09:58:39,25758.15,25758.15,450,25762.9,75,25,380900
NIFTY-III.NFO,04/10/2024,09:58:42,25758.15,25758.15,425,25762.85,50,25,380900
NIFTY-III.NFO,04/10/2024,09:58:44,25760,25758.15,425,25763,175,25,380900
NIFTY-III.NFO,04/10/2024,09:58:47,25760,25758.2,100,25763,100,0,380900
NIFTY-III.NFO,04/10/2024,09:58:49,25763,25760,25,25763,50,50,380900
NIFTY-III.NFO,04/10/2024,09:58:52,25763,25760,25,25763,50,0,380900
NIFTY-III.NFO,04/10/2024,09:58:57,25763,25758.15,275,25763,25,325,380900
NIFTY-III.NFO,04/10/2024,09:58:59,25763,25758.2,75,25763,75,0,380900
NIFTY-III.NFO,04/10/2024,09:59:02,25763,25760.45,75,25763,75,0,380900
NIFTY-III.NFO,04/10/2024,09:59:04,25763,25761.85,75,25763,75,0,380900
NIFTY-III.NFO,04/10/2024,09:59:07,25763,25760.3,75,25762,50,0,380900
NIFTY-III.NFO,04/10/2024,09:59:09,25763,25758.2,75,25762,50,0,380900
NIFTY-III.NFO,04/10/2024,09:59:12,25763,25758.2,150,25760.3,25,0,380900
NIFTY-III.NFO,04/10/2024,09:59:14,25762,25762.2,75,25763,50,75,380900
NIFTY-III.NFO,04/10/2024,09:59:17,25762,25762.3,75,25763,50,0,380900
NIFTY-III.NFO,04/10/2024,09:59:19,25762.35,25761.8,75,25763,50,25,380900
NIFTY-III.NFO,04/10/2024,09:59:22,25762.35,25762,50,25763,50,0,380900
NIFTY-III.NFO,04/10/2024,09:59:27,25760.5,25760.3,25,25763,50,225,380900
NIFTY-III.NFO,04/10/2024,09:59:29,25760.5,25760.3,25,25763,50,0,380900
NIFTY-III.NFO,04/10/2024,09:59:34,25760.5,25761,100,25763,50,0,380900
NIFTY-III.NFO,04/10/2024,09:59:37,25761,25760.3,100,25763,25,25,380900
NIFTY-III.NFO,04/10/2024,09:59:39,25763,25760.55,75,25763.2,25,25,380900
NIFTY-III.NFO,04/10/2024,09:59:42,25763,25760.3,25,25763.2,25,0,380900
NIFTY-III.NFO,04/10/2024,09:59:44,25763,25763,25,25763.2,25,0,380900
NIFTY-III.NFO,04/10/2024,09:59:49,25763,25763,50,25763.2,25,0,380900
NIFTY-III.NFO,04/10/2024,09:59:54,25763,25760.3,100,25763,200,75,380900
NIFTY-III.NFO,04/10/2024,09:59:57,25763,25760.3,100,25763,175,25,380900
NIFTY-III.NFO,04/10/2024,09:59:59,25763,25760.3,25,25763,50,125,380900
NIFTY-III.NFO,04/10/2024,10:00:02,25763,25760.3,100,25763,50,0,380900
NIFTY-III.NFO,04/10/2024,10:00:04,25763,25761.3,25,25763,50,0,380900
NIFTY-III.NFO,04/10/2024,10:00:07,25763,25760.3,100,25763,50,0,380900
NIFTY-III.NFO,04/10/2024,10:00:09,25763,25761.3,100,25763,25,25,380900
NIFTY-III.NFO,04/10/2024,10:00:12,25764,25763,100,25765,275,75,380900
NIFTY-III.NFO,04/10/2024,10:00:12,25764,25763,100,25765,275,0,380900
NIFTY-III.NFO,04/10/2024,10:00:14,25763,25763.05,100,25765,275,25,380900
NIFTY-III.NFO,04/10/2024,10:00:17,25765,25761.9,100,25765,225,50,380900
NIFTY-III.NFO,04/10/2024,10:00:17,25765,25761.9,100,25765,225,0,380900
NIFTY-III.NFO,04/10/2024,10:00:20,25765,25763.2,325,25765,175,50,380750
NIFTY-III.NFO,04/10/2024,10:00:22,25763.8,25763.8,50,25765,125,75,380750
NIFTY-III.NFO,04/10/2024,10:00:25,25765,25762,25,25765,75,50,380750
NIFTY-III.NFO,04/10/2024,10:00:27,25765,25762,25,25764.95,100,0,380750
NIFTY-III.NFO,04/10/2024,10:00:30,25765,25762,25,25765,100,0,380750
NIFTY-III.NFO,04/10/2024,10:00:32,25765,25762,100,25765,200,0,380750
NIFTY-III.NFO,04/10/2024,10:00:35,25765,25762,25,25765,175,25,380750
NIFTY-III.NFO,04/10/2024,10:00:37,25765,25762,25,25765,100,100,380750
NIFTY-III.NFO,04/10/2024,10:00:40,25765,25762.85,175,25765,100,25,380750
NIFTY-III.NFO,04/10/2024,10:00:42,25765,25762.25,175,25765,50,50,380750
NIFTY-III.NFO,04/10/2024,10:00:45,25765,25762,25,25765,50,0,380750
NIFTY-III.NFO,04/10/2024,10:00:52,25765,25762.4,175,25765,50,0,380750
NIFTY-III.NFO,04/10/2024,10:00:55,25766,25765.75,75,25769,100,100,380750
NIFTY-III.NFO,04/10/2024,10:00:55,25766,25765.75,75,25769,100,0,380750
NIFTY-III.NFO,04/10/2024,10:00:57,25766,25765.55,250,25769,100,0,380750
NIFTY-III.NFO,04/10/2024,10:01:00,25769,25766,100,25769,75,25,380750
NIFTY-III.NFO,04/10/2024,10:01:00,25769,25766,100,25769,75,0,380750
NIFTY-III.NFO,04/10/2024,10:01:02,25769,25766,25,25769,75,0,380750
NIFTY-III.NFO,04/10/2024,10:01:05,25769,25767.8,25,25769,100,0,380750
NIFTY-III.NFO,04/10/2024,10:01:07,25769,25767.5,25,25768,25,50,380750
NIFTY-III.NFO,04/10/2024,10:01:10,25768,25766.9,175,25769,50,25,380750
NIFTY-III.NFO,04/10/2024,10:01:12,25769,25766,25,25769.15,50,50,380750
NIFTY-III.NFO,04/10/2024,10:01:15,25769,25766,25,25768.85,100,50,380750
NIFTY-III.NFO,04/10/2024,10:01:17,25766,25762,25,25768.3,100,25,380750
NIFTY-III.NFO,04/10/2024,10:01:19,25762,25760.3,25,25762.3,175,75,380750
NIFTY-III.NFO,04/10/2024,10:01:21,25762,25760.3,25,25762.6,175,0,380750
NIFTY-III.NFO,04/10/2024,10:01:24,25758.15,25758,25,25760.25,175,375,380750
NIFTY-III.NFO,04/10/2024,10:01:26,25758,25750.2,75,25753.5,175,25,380750
NIFTY-III.NFO,04/10/2024,10:01:29,25750,25750,50,25752.45,100,50,380750
NIFTY-III.NFO,04/10/2024,10:01:31,25743.1,25742.8,25,25748.85,100,75,380750
NIFTY-III.NFO,04/10/2024,10:01:34,25743.1,25744.35,25,25749.9,100,0,380750
NIFTY-III.NFO,04/10/2024,10:01:36,25742.8,25743.55,25,25750.8,175,75,380750
NIFTY-III.NFO,04/10/2024,10:01:39,25742.85,25742.85,25,25748.8,100,75,380750
NIFTY-III.NFO,04/10/2024,10:01:41,25742.6,25742.75,75,25749.95,100,250,380750
NIFTY-III.NFO,04/10/2024,10:01:44,25742.6,25743.3,25,25749.95,100,0,380750
NIFTY-III.NFO,04/10/2024,10:01:46,25743.2,25743.2,25,25747.7,175,25,380750
NIFTY-III.NFO,04/10/2024,10:01:49,25742.15,25743,25,25749.1,150,100,380750
NIFTY-III.NFO,04/10/2024,10:01:51,25742.15,25740.75,25,25747.5,225,0,380750
NIFTY-III.NFO,04/10/2024,10:01:54,25742.15,25745,500,25748.9,100,0,380750
NIFTY-III.NFO,04/10/2024,10:01:56,25745,25740.15,50,25745.15,50,500,380750
NIFTY-III.NFO,04/10/2024,10:01:59,25745,25740.1,25,25748,50,0,380750
NIFTY-III.NFO,04/10/2024,10:02:01,25745,25744.6,25,25749.95,50,0,380750
NIFTY-III.NFO,04/10/2024,10:02:04,25746.45,25740.45,50,25744.95,50,25,380750
NIFTY-III.NFO,04/10/2024,10:02:06,25746.45,25740.25,200,25745,25,0,380750
NIFTY-III.NFO,04/10/2024,10:02:09,25745.55,25740.8,25,25747.05,200,100,380750
NIFTY-III.NFO,04/10/2024,10:02:11,25745.55,25740,500,25742.95,125,0,380750
NIFTY-III.NFO,04/10/2024,10:02:14,25745.55,25740,500,25744.9,125,0,380750
NIFTY-III.NFO,04/10/2024,10:02:16,25745.55,25740.05,175,25746.15,25,0,380750
NIFTY-III.NFO,04/10/2024,10:02:18,25745.55,25740,500,25746.1,50,0,380750
NIFTY-III.NFO,04/10/2024,10:02:21,25745.55,25740,500,25744.2,125,0,380750
NIFTY-III.NFO,04/10/2024,10:02:23,25740.05,25740.05,175,25746.45,25,25,380750
NIFTY-III.NFO,04/10/2024,10:02:26,25740.05,25740,500,25741.65,50,0,380750
NIFTY-III.NFO,04/10/2024,10:02:28,25740.05,25740,500,25741.85,50,0,380750
NIFTY-III.NFO,04/10/2024,10:02:31,25740,25731.5,100,25739.05,50,500,380750
NIFTY-III.NFO,04/10/2024,10:02:34,25740,25731.35,25,25736.1,50,0,380750
NIFTY-III.NFO,04/10/2024,10:02:36,25740,25731.95,75,25739.2,200,0,380750
NIFTY-III.NFO,04/10/2024,10:02:39,25732.7,25733.15,125,25740,25,50,380750
NIFTY-III.NFO,04/10/2024,10:02:41,25732.7,25732.25,100,25738.95,125,0,380750
NIFTY-III.NFO,04/10/2024,10:02:44,25731.5,25731.4,75,25738.9,225,225,380750
NIFTY-III.NFO,04/10/2024,10:02:46,25731.5,25731.8,125,25740,100,0,380750
NIFTY-III.NFO,04/10/2024,10:02:49,25731.5,25732.8,125,25740,100,0,380750
NIFTY-III.NFO,04/10/2024,10:02:51,25732.05,25732.05,100,25739.55,225,25,380750
NIFTY-III.NFO,04/10/2024,10:02:54,25732.05,25732,250,25737.35,175,0,380750
NIFTY-III.NFO,04/10/2024,10:02:56,25732.05,25732,250,25736.4,150,0,380750
NIFTY-III.NFO,04/10/2024,10:02:59,25732.05,25732,250,25734.9,125,0,380750
NIFTY-III.NFO,04/10/2024,10:03:01,25732.05,25732,250,25732.05,25,0,380750
NIFTY-III.NFO,04/10/2024,10:03:06,25731.35,25725,25,25729.05,125,275,380750
NIFTY-III.NFO,04/10/2024,10:03:09,25725,25721.7,100,25728,50,25,380750
NIFTY-III.NFO,04/10/2024,10:03:11,25725.2,25724.6,50,25728,25,125,380750
NIFTY-III.NFO,04/10/2024,10:03:14,25725.2,25727.95,100,25732.05,25,0,380750
NIFTY-III.NFO,04/10/2024,10:03:16,25725.2,25730.55,50,25732.05,25,0,380750
NIFTY-III.NFO,04/10/2024,10:03:19,25732.05,25733.45,175,25740,25,25,380750
NIFTY-III.NFO,04/10/2024,10:03:21,25732.05,25730.15,175,25738.35,50,0,380750
NIFTY-III.NFO,04/10/2024,10:03:24,25732.05,25731.8,175,25739.35,125,0,380750
NIFTY-III.NFO,04/10/2024,10:03:26,25732.05,25731.3,225,25739.3,150,0,380750
NIFTY-III.NFO,04/10/2024,10:03:29,25732.05,25735.95,175,25740,25,0,380750
NIFTY-III.NFO,04/10/2024,10:03:31,25732.05,25734.2,100,25739.9,75,0,380750
NIFTY-III.NFO,04/10/2024,10:03:34,25732.05,25734.6,100,25740,50,0,380750
NIFTY-III.NFO,04/10/2024,10:03:36,25732.05,25732.6,100,25740,125,0,380750
NIFTY-III.NFO,04/10/2024,10:03:39,25732.05,25734.55,100,25740,50,0,380750
NIFTY-III.NFO,04/10/2024,10:03:41,25732.05,25733.65,175,25740,50,0,380750
NIFTY-III.NFO,04/10/2024,10:03:44,25740,25734.45,50,25740,25,25,380375
NIFTY-III.NFO,04/10/2024,10:03:46,25736.15,25736.15,25,25740,25,25,380375
NIFTY-III.NFO,04/10/2024,10:03:49,25736.15,25734.55,175,25740,25,0,380375
NIFTY-III.NFO,04/10/2024,10:03:51,25736.15,25732.7,100,25740,25,0,380375
NIFTY-III.NFO,04/10/2024,10:03:54,25736.15,25733.5,100,25740,100,0,380375
NIFTY-III.NFO,04/10/2024,10:03:56,25735.8,25735.8,100,25740,25,50,380375
NIFTY-III.NFO,04/10/2024,10:03:59,25740.05,25740.75,175,25746.45,25,50,380375
NIFTY-III.NFO,04/10/2024,10:04:01,25740.75,25741.1,150,25746.45,25,25,380375
NIFTY-III.NFO,04/10/2024,10:04:04,25740.75,25738.3,100,25745.45,75,0,380375
NIFTY-III.NFO,04/10/2024,10:04:06,25740.75,25740.75,25,25743.8,50,0,380375
NIFTY-III.NFO,04/10/2024,10:04:09,25743.85,25740,25,25743.9,50,75,380375
NIFTY-III.NFO,04/10/2024,10:04:11,25743.85,25740,25,25741.4,25,0,380375
NIFTY-III.NFO,04/10/2024,10:04:14,25740,25730.55,175,25736.75,50,25,380375
NIFTY-III.NFO,04/10/2024,10:04:16,25740,25730.85,100,25736.95,50,0,380375
NIFTY-III.NFO,04/10/2024,10:04:18,25740,25732.15,75,25738.9,25,0,380375
NIFTY-III.NFO,04/10/2024,10:04:21,25740,25733,175,25740.9,100,0,380375
NIFTY-III.NFO,04/10/2024,10:04:23,25740,25735.9,225,25743.9,100,0,380375
NIFTY-III.NFO,04/10/2024,10:04:26,25733.45,25732.45,100,25738.15,50,50,380375
NIFTY-III.NFO,04/10/2024,10:04:28,25735.65,25730.9,75,25734,50,25,380375
NIFTY-III.NFO,04/10/2024,10:04:31,25735.65,25730.15,100,25735.05,50,0,380375
NIFTY-III.NFO,04/10/2024,10:04:33,25735.65,25731.6,25,25736.1,50,0,380375
NIFTY-III.NFO,04/10/2024,10:04:36,25735.65,25732.3,175,25739.35,50,0,380375
NIFTY-III.NFO,04/10/2024,10:04:38,25735.65,25734.65,100,25740,25,0,380375
NIFTY-III.NFO,04/10/2024,10:04:41,25735.65,25733,100,25739.15,50,0,380375
NIFTY-III.NFO,04/10/2024,10:04:43,25735.65,25735.1,100,25740,25,0,380375
NIFTY-III.NFO,04/10/2024,10:04:46,25735.65,25734.45,100,25739.65,50,0,380375
NIFTY-III.NFO,04/10/2024,10:04:48,25739.95,25735.65,25,25740,25,50,380375
NIFTY-III.NFO,04/10/2024,10:04:51,25739.95,25737.15,100,25740,25,0,380375
NIFTY-III.NFO,04/10/2024,10:04:53,25737.6,25735.7,150,25740,25,25,380375
NIFTY-III.NFO,04/10/2024,10:04:56,25737.6,25737.65,100,25740,25,0,380375
NIFTY-III.NFO,04/10/2024,10:04:58,25737.6,25737.75,75,25740,25,0,380375
NIFTY-III.NFO,04/10/2024,10:05:01,25740.65,25740.65,50,25746.45,25,50,380375
NIFTY-III.NFO,04/10/2024,10:05:03,25740.65,25739.45,75,25745.4,75,0,380375
NIFTY-III.NFO,04/10/2024,10:05:06,25740.65,25735.7,100,25743.45,150,0,380375
NIFTY-III.NFO,04/10/2024,10:05:08,25740.65,25740,25,25742,75,0,380375
NIFTY-III.NFO,04/10/2024,10:05:11,25740,25735.45,25,25740.35,75,25,380375
NIFTY-III.NFO,04/10/2024,10:05:13,25740,25734,25,25738,75,0,380375
NIFTY-III.NFO,04/10/2024,10:05:16,25738.75,25732.35,75,25737.05,50,75,380375
NIFTY-III.NFO,04/10/2024,10:05:19,25738.75,25732.05,25,25737.05,50,0,380375
NIFTY-III.NFO,04/10/2024,10:05:21,25738.75,25732.15,25,25737.35,50,0,380375
NIFTY-III.NFO,04/10/2024,10:05:24,25738.75,25730.55,25,25733.55,50,0,380375
NIFTY-III.NFO,04/10/2024,10:05:26,25734.3,25731.3,25,25735.35,75,250,380375
NIFTY-III.NFO,04/10/2024,10:05:29,25730,25722.65,25,25727.95,50,525,380375
NIFTY-III.NFO,04/10/2024,10:05:31,25730,25724.25,100,25729.5,50,0,380375
NIFTY-III.NFO,04/10/2024,10:05:34,25730,25721.7,50,25727.4,50,0,380375
NIFTY-III.NFO,04/10/2024,10:05:36,25730,25721.15,25,25726.5,50,0,380375
NIFTY-III.NFO,04/10/2024,10:05:39,25719.05,25721.6,150,25729.75,25,50,380375
NIFTY-III.NFO,04/10/2024,10:05:41,25719.05,25722.15,175,25729.95,100,0,380375
NIFTY-III.NFO,04/10/2024,10:05:44,25719.05,25721.3,25,25725.55,50,0,380375
NIFTY-III.NFO,04/10/2024,10:05:46,25719.05,25721.95,25,25727.25,25,0,380375
NIFTY-III.NFO,04/10/2024,10:05:49,25719.05,25725.25,25,25731.9,25,0,380375
NIFTY-III.NFO,04/10/2024,10:05:51,25719.05,25725.55,100,25731.4,50,0,380375
NIFTY-III.NFO,04/10/2024,10:05:54,25719.05,25726.6,75,25732.3,50,0,380375
NIFTY-III.NFO,04/10/2024,10:05:56,25719.05,25724.85,100,25731.3,25,0,380375
NIFTY-III.NFO,04/10/2024,10:05:59,25719.05,25725.05,25,25730.5,50,0,380375
NIFTY-III.NFO,04/10/2024,10:06:01,25719.05,25726.4,175,25732.35,50,0,380375
NIFTY-III.NFO,04/10/2024,10:06:04,25719.05,25726.6,175,25733.55,50,0,380375
NIFTY-III.NFO,04/10/2024,10:06:06,25719.05,25727.65,100,25734.95,125,0,380375
NIFTY-III.NFO,04/10/2024,10:06:09,25719.05,25728.3,50,25733.4,50,0,380375
NIFTY-III.NFO,04/10/2024,10:06:11,25734.6,25728.3,50,25732.85,100,25,380375
NIFTY-III.NFO,04/10/2024,10:06:14,25734.6,25725.95,100,25731.95,50,0,380375
NIFTY-III.NFO,04/10/2024,10:06:16,25734.6,25726,25,25732.65,25,0,380375
NIFTY-III.NFO,04/10/2024,10:06:19,25734.6,25726.25,200,25733.55,50,0,380375
NIFTY-III.NFO,04/10/2024,10:06:21,25734.6,25727.55,175,25734.4,50,0,380375
NIFTY-III.NFO,04/10/2024,10:06:24,25734.6,25727.05,100,25733.95,150,0,380375
NIFTY-III.NFO,04/10/2024,10:06:26,25731.85,25727,500,25730.05,75,25,380875
NIFTY-III.NFO,04/10/2024,10:06:29,25727,25727.1,75,25727.65,25,125,380875
NIFTY-III.NFO,04/10/2024,10:06:31,25727,25721.2,50,25725.8,25,425,380875
NIFTY-III.NFO,04/10/2024,10:06:34,25727,25721.2,25,25726.45,200,0,380875
NIFTY-III.NFO,04/10/2024,10:06:36,25727,25723.3,25,25729.25,75,0,380875
NIFTY-III.NFO,04/10/2024,10:06:39,25727,25723.4,25,25730,25,0,380875
NIFTY-III.NFO,04/10/2024,10:06:41,25727,25724.95,175,25730.9,25,0,380875
NIFTY-III.NFO,04/10/2024,10:06:44,25727,25726.05,175,25733.9,100,0,380875
NIFTY-III.NFO,04/10/2024,10:06:46,25727,25726.15,100,25733.95,75,0,380875
NIFTY-III.NFO,04/10/2024,10:06:49,25727,25727.25,75,25730.8,50,0,380875
NIFTY-III.NFO,04/10/2024,10:06:51,25732,25726.1,175,25732.5,50,25,380875
NIFTY-III.NFO,04/10/2024,10:06:54,25730,25727.7,100,25734,50,25,380875
NIFTY-III.NFO,04/10/2024,10:06:56,25730,25727.45,175,25733.85,50,0,380875
NIFTY-III.NFO,04/10/2024,10:06:59,25730,25730.1,175,25734.5,25,0,380875
NIFTY-III.NFO,04/10/2024,10:07:01,25730,25726.3,175,25733.3,50,0,380875
NIFTY-III.NFO,04/10/2024,10:07:04,25730,25727.75,100,25733.3,50,0,380875
NIFTY-III.NFO,04/10/2024,10:07:06,25730,25730.1,25,25733.45,50,0,380875
NIFTY-III.NFO,04/10/2024,10:07:09,25730,25730.1,50,25734,25,0,380875
NIFTY-III.NFO,04/10/2024,10:07:11,25730,25727.9,100,25734,25,0,380875
NIFTY-III.NFO,04/10/2024,10:07:14,25728.65,25728.6,25,25734,25,25,380875
NIFTY-III.NFO,04/10/2024,10:07:16,25728.65,25728.65,175,25734,25,0,380875
NIFTY-III.NFO,04/10/2024,10:07:19,25728.65,25728.65,100,25734,25,0,380875
NIFTY-III.NFO,04/10/2024,10:07:22,25728.65,25728.7,175,25734,25,0,380875
NIFTY-III.NFO,04/10/2024,10:07:24,25728.65,25730.2,100,25734,25,0,380875
NIFTY-III.NFO,04/10/2024,10:07:26,25728.65,25730.65,100,25734,25,0,380875
NIFTY-III.NFO,04/10/2024,10:07:29,25728.65,25729.2,25,25734,25,0,380875
NIFTY-III.NFO,04/10/2024,10:07:31,25728.65,25729.25,50,25734,50,0,380875
NIFTY-III.NFO,04/10/2024,10:07:34,25728.65,25730.6,25,25734,50,0,380875
NIFTY-III.NFO,04/10/2024,10:07:36,25730.6,25729.7,100,25734,50,25,380875
NIFTY-III.NFO,04/10/2024,10:07:39,25730.6,25730.1,100,25734,50,0,380875
NIFTY-III.NFO,04/10/2024,10:07:41,25734,25732.6,25,25734.5,25,50,380875
NIFTY-III.NFO,04/10/2024,10:07:44,25732.6,25732.7,25,25734.5,25,25,380875
NIFTY-III.NFO,04/10/2024,10:07:46,25735,25733.3,125,25736,25,75,380875
NIFTY-III.NFO,04/10/2024,10:07:49,25736,25735,100,25739.6,25,50,380875
NIFTY-III.NFO,04/10/2024,10:07:51,25736,25736.4,100,25739.85,25,0,380875
NIFTY-III.NFO,04/10/2024,10:07:53,25736,25736.4,25,25740.9,25,0,380875
NIFTY-III.NFO,04/10/2024,10:07:56,25736.85,25736.4,25,25741.05,50,25,380875
NIFTY-III.NFO,04/10/2024,10:07:58,25736.25,25736.45,25,25739.2,25,50,380875
NIFTY-III.NFO,04/10/2024,10:08:01,25736.25,25736.55,50,25739,25,0,380875
NIFTY-III.NFO,04/10/2024,10:08:03,25736.25,25736.6,25,25739,25,0,380875
NIFTY-III.NFO,04/10/2024,10:08:06,25736.25,25737.9,100,25739.95,25,0,380875
NIFTY-III.NFO,04/10/2024,10:08:08,25737.3,25737.3,175,25742.6,25,25,380875
NIFTY-III.NFO,04/10/2024,10:08:11,25737.3,25739.8,25,25742.6,25,0,380875
NIFTY-III.NFO,04/10/2024,10:08:13,25737.3,25736.85,100,25742.45,25,0,380875
NIFTY-III.NFO,04/10/2024,10:08:16,25737.3,25738.2,25,25740.8,25,0,380875
NIFTY-III.NFO,04/10/2024,10:08:18,25739,25737.95,25,25740,50,25,380875
NIFTY-III.NFO,04/10/2024,10:08:21,25739,25736.85,25,25739.25,25,0,380875
NIFTY-III.NFO,04/10/2024,10:08:23,25739,25736.95,100,25739.35,25,0,380875
NIFTY-III.NFO,04/10/2024,10:08:26,25740,25738.35,25,25741.7,25,25,380875
NIFTY-III.NFO,04/10/2024,10:08:28,25740,25740.45,100,25745,25,0,380875
NIFTY-III.NFO,04/10/2024,10:08:31,25739.15,25740.2,50,25743.15,25,200,380875
NIFTY-III.NFO,04/10/2024,10:08:33,25739.15,25739.5,100,25743.65,25,0,380875
NIFTY-III.NFO,04/10/2024,10:08:36,25739.15,25738.45,100,25743.3,25,0,380875
NIFTY-III.NFO,04/10/2024,10:08:38,25739.15,25739.15,25,25743.15,25,0,380875
NIFTY-III.NFO,04/10/2024,10:08:41,25739.15,25739.15,50,25742.8,25,0,380875
NIFTY-III.NFO,04/10/2024,10:08:43,25742.5,25739.15,50,25742.95,25,25,380875
NIFTY-III.NFO,04/10/2024,10:08:46,25742.5,25739.15,50,25740,25,0,380875
NIFTY-III.NFO,04/10/2024,10:08:51,25739.15,25736.85,25,25739.1,25,50,380875
NIFTY-III.NFO,04/10/2024,10:08:53,25738.05,25736.85,25,25737.7,25,25,380875
NIFTY-III.NFO,04/10/2024,10:08:56,25736.85,25734.9,25,25736.3,25,25,380875
NIFTY-III.NFO,04/10/2024,10:08:58,25734.9,25734.65,25,25736.15,25,50,380875
NIFTY-III.NFO,04/10/2024,10:09:01,25733.2,25732.9,25,25733.05,25,100,380875
NIFTY-III.NFO,04/10/2024,10:09:03,25733.3,25733.75,25,25734.35,25,75,380875
NIFTY-III.NFO,04/10/2024,10:09:06,25734.05,25733.5,25,25737.35,25,100,380875
NIFTY-III.NFO,04/10/2024,10:09:08,25735.4,25733.85,25,25737.35,75,50,380875
NIFTY-III.NFO,04/10/2024,10:09:11,25734.3,25733.3,25,25735.35,75,25,380875
NIFTY-III.NFO,04/10/2024,10:09:13,25734.3,25733.3,25,25734.7,25,0,380875
NIFTY-III.NFO,04/10/2024,10:09:16,25734.75,25733.3,25,25734.05,25,50,380875
NIFTY-III.NFO,04/10/2024,10:09:18,25733.3,25730.2,50,25732.55,25,25,380875
NIFTY-III.NFO,04/10/2024,10:09:21,25733.3,25730.75,25,25733.4,25,0,380875
NIFTY-III.NFO,04/10/2024,10:09:23,25733.3,25730.2,25,25733.2,25,0,380875
NIFTY-III.NFO,04/10/2024,10:09:25,25730.15,25726.4,25,25731.45,75,25,380875
NIFTY-III.NFO,04/10/2024,10:09:28,25730.15,25727,50,25729.25,25,0,381550
NIFTY-III.NFO,04/10/2024,10:09:30,25730.15,25729.25,25,25730.15,25,0,381550
NIFTY-III.NFO,04/10/2024,10:09:33,25729.45,25729.65,25,25733.7,25,75,381550
NIFTY-III.NFO,04/10/2024,10:09:35,25729.45,25727.1,25,25730.6,25,0,381550
NIFTY-III.NFO,04/10/2024,10:09:38,25730,25729.4,25,25733.55,25,25,381550
NIFTY-III.NFO,04/10/2024,10:09:40,25728.6,25727.1,75,25733.35,25,25,381550
NIFTY-III.NFO,04/10/2024,10:09:43,25728.6,25729.45,25,25733.05,25,0,381550
NIFTY-III.NFO,04/10/2024,10:09:45,25729.45,25726.35,25,25729.7,125,25,381550
NIFTY-III.NFO,04/10/2024,10:09:48,25729.45,25726.35,25,25729.3,125,0,381550
NIFTY-III.NFO,04/10/2024,10:09:50,25729.45,25726.35,25,25729,25,0,381550
NIFTY-III.NFO,04/10/2024,10:09:52,25729.45,25726.7,25,25729.95,125,0,381550
NIFTY-III.NFO,04/10/2024,10:09:55,25729.45,25725,25,25725.75,25,0,381550
NIFTY-III.NFO,04/10/2024,10:09:57,25724.55,25723.8,25,25724.95,125,50,381550
NIFTY-III.NFO,04/10/2024,10:10:00,25721.8,25722.45,25,25723.85,75,275,381550
NIFTY-III.NFO,04/10/2024,10:10:02,25723.15,25721.6,25,25722.65,25,100,381550
NIFTY-III.NFO,04/10/2024,10:10:05,25722,25722.15,25,25724.55,125,100,381550
NIFTY-III.NFO,04/10/2024,10:10:07,25722.6,25719.65,100,25725.25,75,100,381550
NIFTY-III.NFO,04/10/2024,10:10:10,25722.6,25721.1,25,25723.4,25,0,381550
NIFTY-III.NFO,04/10/2024,10:10:12,25718.45,25718.3,25,25719.6,25,50,381550
NIFTY-III.NFO,04/10/2024,10:10:15,25718.45,25717.7,25,25721.35,25,0,381550
NIFTY-III.NFO,04/10/2024,10:10:17,25715.45,25715.35,25,25716.35,25,25,381550
NIFTY-III.NFO,04/10/2024,10:10:19,25715.45,25716.5,25,25717.85,25,0,381550
NIFTY-III.NFO,04/10/2024,10:10:22,25715.45,25715.75,25,25719.8,25,0,381550
NIFTY-III.NFO,04/10/2024,10:10:24,25715.45,25715.45,25,25719.85,25,0,381550
NIFTY-III.NFO,04/10/2024,10:10:27,25715.45,25718.15,25,25720.75,25,0,381550
NIFTY-III.NFO,04/10/2024,10:10:29,25715.45,25716.7,175,25721.25,25,0,381550
NIFTY-III.NFO,04/10/2024,10:10:32,25715.45,25716.45,25,25718,25,0,381550
NIFTY-III.NFO,04/10/2024,10:10:34,25716.15,25716,25,25717.45,25,50,381550
NIFTY-III.NFO,04/10/2024,10:10:37,25716.15,25716.5,125,25719.1,25,0,381550
NIFTY-III.NFO,04/10/2024,10:10:39,25715.8,25715.75,100,25716.15,50,150,381550
NIFTY-III.NFO,04/10/2024,10:10:42,25715,25714.65,50,25716.45,50,125,381550
NIFTY-III.NFO,04/10/2024,10:10:44,25710.85,25704.1,100,25709.35,75,50,381550
NIFTY-III.NFO,04/10/2024,10:10:47,25710.85,25703.65,100,25710.85,75,0,381550
NIFTY-III.NFO,04/10/2024,10:10:49,25711.65,25711.55,25,25713.65,25,250,381550
NIFTY-III.NFO,04/10/2024,10:10:52,25711.7,25710.25,25,25711,125,25,381550
NIFTY-III.NFO,04/10/2024,10:10:54,25705.4,25707.2,25,25708.75,50,325,381550
NIFTY-III.NFO,04/10/2024,10:10:57,25701.35,25701,100,25704.15,100,275,381550
NIFTY-III.NFO,04/10/2024,10:10:59,25701.35,25701.65,25,25703.25,25,0,381550
NIFTY-III.NFO,04/10/2024,10:11:02,25697.1,25693.6,25,25695.9,25,900,381550
NIFTY-III.NFO,04/10/2024,10:11:04,25695.35,25693.45,100,25695.95,25,50,381550
NIFTY-III.NFO,04/10/2024,10:11:07,25695.35,25692.7,25,25695.6,25,0,381550
NIFTY-III.NFO,04/10/2024,10:11:09,25696.65,25700.5,25,25701.3,25,25,381550
NIFTY-III.NFO,04/10/2024,10:11:12,25699.9,25698.75,25,25703.65,25,75,381550
NIFTY-III.NFO,04/10/2024,10:11:14,25699.9,25696.2,25,25699.65,500,0,381550
NIFTY-III.NFO,04/10/2024,10:11:17,25699.9,25695.35,25,25701.35,25,0,381550
NIFTY-III.NFO,04/10/2024,10:11:20,25698,25695.35,25,25699.95,25,25,381550
NIFTY-III.NFO,04/10/2024,10:11:22,25698,25696.35,100,25699.5,75,0,381550
NIFTY-III.NFO,04/10/2024,10:11:25,25698,25699.25,25,25701.35,25,0,381550
NIFTY-III.NFO,04/10/2024,10:11:27,25698,25700.25,25,25701.35,25,1000,381550
NIFTY-III.NFO,04/10/2024,10:11:30,25701.3,25699.95,175,25705.8,25,50,381550
NIFTY-III.NFO,04/10/2024,10:11:32,25701.3,25700.5,100,25706.85,25,0,381550
NIFTY-III.NFO,04/10/2024,10:11:35,25705.75,25704.35,125,25710.65,100,25,381550
NIFTY-III.NFO,04/10/2024,10:11:37,25705.75,25708.55,75,25712.95,25,0,381550
NIFTY-III.NFO,04/10/2024,10:11:40,25705.75,25707.6,25,25713.25,100,0,381550
NIFTY-III.NFO,04/10/2024,10:11:42,25705.75,25706.95,25,25710.1,500,0,381550
NIFTY-III.NFO,04/10/2024,10:11:45,25705.75,25705.05,225,25711.4,25,0,381550
NIFTY-III.NFO,04/10/2024,10:11:47,25706.25,25706.35,125,25712.35,25,25,381550
NIFTY-III.NFO,04/10/2024,10:11:50,25706.25,25705.75,150,25712.2,500,0,381550
NIFTY-III.NFO,04/10/2024,10:11:52,25706.25,25704.35,100,25708.8,25,0,381550
NIFTY-III.NFO,04/10/2024,10:11:55,25706.25,25704.85,25,25711.25,100,0,381550
NIFTY-III.NFO,04/10/2024,10:11:57,25706.25,25706.25,25,25709.45,500,0,381550
NIFTY-III.NFO,04/10/2024,10:12:00,25704.95,25705.3,200,25709.15,25,50,381550
NIFTY-III.NFO,04/10/2024,10:12:02,25704.95,25707.5,150,25713.1,25,0,381550
NIFTY-III.NFO,04/10/2024,10:12:05,25704.95,25710.15,75,25714.95,25,0,381550
NIFTY-III.NFO,04/10/2024,10:12:07,25704.95,25709.4,150,25716.4,500,0,381550
NIFTY-III.NFO,04/10/2024,10:12:10,25704.95,25708,150,25715.1,25,0,381550
NIFTY-III.NFO,04/10/2024,10:12:12,25704.95,25708.65,150,25714.6,25,0,381550
NIFTY-III.NFO,04/10/2024,10:12:15,25704.95,25706.5,75,25711.6,100,0,381550
NIFTY-III.NFO,04/10/2024,10:12:17,25704.95,25703.9,75,25708.45,25,0,381550
NIFTY-III.NFO,04/10/2024,10:12:19,25704.95,25704.65,75,25711.5,100,25,381550
NIFTY-III.NFO,04/10/2024,10:12:22,25704.95,25708.1,150,25713.05,25,0,381550
NIFTY-III.NFO,04/10/2024,10:12:24,25704.95,25710.3,200,25716.3,125,0,381550
NIFTY-III.NFO,04/10/2024,10:12:27,25704.95,25711.1,50,25716.9,25,0,381550
NIFTY-III.NFO,04/10/2024,10:12:29,25704.95,25705.35,25,25711.7,100,0,381550
NIFTY-III.NFO,04/10/2024,10:12:32,25704.95,25707.3,100,25711.25,25,0,381550
NIFTY-III.NFO,04/10/2024,10:12:34,25707.3,25707.35,25,25711,25,25,383325
NIFTY-III.NFO,04/10/2024,10:12:37,25707.3,25704.95,50,25708.6,600,0,383325
NIFTY-III.NFO,04/10/2024,10:12:39,25707.3,25707.05,25,25709.95,50,0,383325
NIFTY-III.NFO,04/10/2024,10:12:42,25707.3,25707.95,25,25712.05,25,0,383325
NIFTY-III.NFO,04/10/2024,10:12:44,25712.05,25705.65,100,25708.4,25,25,383325
NIFTY-III.NFO,04/10/2024,10:12:47,25708.4,25707.2,25,25711.25,25,25,383325
NIFTY-III.NFO,04/10/2024,10:12:49,25711.1,25708.8,25,25713.55,25,25,383325
NIFTY-III.NFO,04/10/2024,10:12:52,25711.1,25708.9,25,25713.8,25,0,383325
NIFTY-III.NFO,04/10/2024,10:12:54,25711.8,25706.95,100,25712.45,100,50,383325
NIFTY-III.NFO,04/10/2024,10:12:57,25710.3,25706.4,100,25711.3,100,25,383325
NIFTY-III.NFO,04/10/2024,10:12:59,25710.3,25708.3,100,25714.4,50,0,383325
NIFTY-III.NFO,04/10/2024,10:13:02,25710.3,25705.2,100,25708.35,50,0,383325
NIFTY-III.NFO,04/10/2024,10:13:04,25707.65,25705.55,25,25707.65,50,425,383325
NIFTY-III.NFO,04/10/2024,10:13:07,25707.55,25704.95,50,25706.1,425,25,383325
NIFTY-III.NFO,04/10/2024,10:13:09,25707.15,25705.55,100,25707.55,50,100,383325
NIFTY-III.NFO,04/10/2024,10:13:12,25707,25704.95,50,25706.8,400,50,383325
NIFTY-III.NFO,04/10/2024,10:13:14,25707,25705.8,100,25709.55,25,0,383325
NIFTY-III.NFO,04/10/2024,10:13:17,25706.7,25705.1,100,25706.2,375,25,383325
NIFTY-III.NFO,04/10/2024,10:13:19,25705.1,25704.65,100,25705.65,25,275,383325
