Ticker,Date,Time,LTP,BuyPrice,BuyQty,SellPrice,SellQty,LTQ,OpenInterest
BANKNIFTY-II.NFO,22/05/2025,09:15:01,55310,55254.6,120,55311,120,30,441930
BANKNIFTY-II.NFO,22/05/2025,09:15:01,55310,55254.6,120,55311,120,0,441930
BANKNIFTY-II.NFO,22/05/2025,09:15:01,55310,55254.6,120,55311,120,0,441930
BANKNIFTY-II.NFO,22/05/2025,09:15:01,55310,55254.6,120,55311,120,0,441930
BANKNIFTY-II.NFO,22/05/2025,09:15:03,55245.8,55239.4,120,55278.6,120,60,441930
BANKNIFTY-II.NFO,22/05/2025,09:15:03,55245.8,55239.4,120,55278.6,120,0,441930
BANKNIFTY-II.NFO,22/05/2025,09:15:03,55278.6,55239.4,120,55276.6,60,30,441930
BANKNIFTY-II.NFO,22/05/2025,09:15:04,55231.2,55231.2,90,55260.8,30,90,441930
BANKNIFTY-II.NFO,22/05/2025,09:15:04,55231.2,55231.2,90,55260.8,30,0,441930
BANKNIFTY-II.NFO,22/05/2025,09:15:05,55268,55231.2,90,55256.4,30,90,441930
BANKNIFTY-II.NFO,22/05/2025,09:15:06,55234.4,55234.4,30,55249,60,60,441930
BANKNIFTY-II.NFO,22/05/2025,09:15:07,55265.2,55243.2,120,55281.6,120,450,441930
BANKNIFTY-II.NFO,22/05/2025,09:15:08,55239.4,55239.4,60,55264,120,60,441930
BANKNIFTY-II.NFO,22/05/2025,09:15:09,55231.2,55231.2,30,55252.2,60,120,441930
BANKNIFTY-II.NFO,22/05/2025,09:15:10,55241.8,55231.6,120,55234.4,30,30,441930
BANKNIFTY-II.NFO,22/05/2025,09:15:11,55244.8,55240,30,55256.8,30,120,441930
BANKNIFTY-II.NFO,22/05/2025,09:15:12,55244.8,55247.2,90,55267,120,0,441930
BANKNIFTY-II.NFO,22/05/2025,09:15:13,55244.8,55242.8,90,55267,120,0,441930
BANKNIFTY-II.NFO,22/05/2025,09:15:14,55242,55254,150,55274.8,120,60,441930
BANKNIFTY-II.NFO,22/05/2025,09:15:15,55254.4,55259.4,120,55285.8,120,30,441930
BANKNIFTY-II.NFO,22/05/2025,09:15:17,55272.4,55251.6,30,55285.4,120,30,441930
BANKNIFTY-II.NFO,22/05/2025,09:15:18,55285.4,55259.6,30,55297.6,120,60,441930
BANKNIFTY-II.NFO,22/05/2025,09:15:19,55285.4,55272.8,30,55298.8,120,0,441930
BANKNIFTY-II.NFO,22/05/2025,09:15:21,55292.8,55262.6,30,55286.4,120,120,441930
BANKNIFTY-II.NFO,22/05/2025,09:15:23,55292.8,55271.6,120,55294.8,120,0,441930
BANKNIFTY-II.NFO,22/05/2025,09:15:24,55292.8,55268.8,120,55292,120,0,441930
BANKNIFTY-II.NFO,22/05/2025,09:15:25,55289.4,55262,120,55278.4,30,30,441930
BANKNIFTY-II.NFO,22/05/2025,09:15:26,55289.4,55261.2,30,55272.8,60,0,441930
BANKNIFTY-II.NFO,22/05/2025,09:15:28,55254.6,55254.6,90,55274.4,120,120,441930
BANKNIFTY-II.NFO,22/05/2025,09:15:29,55254.6,55259.6,90,55285,120,0,441930
BANKNIFTY-II.NFO,22/05/2025,09:15:30,55254.6,55256.8,120,55275.6,30,0,441930
BANKNIFTY-II.NFO,22/05/2025,09:15:31,55258,55259.6,90,55280,180,120,441930
BANKNIFTY-II.NFO,22/05/2025,09:15:33,55258,55265,90,55288.6,120,0,441930
BANKNIFTY-II.NFO,22/05/2025,09:15:34,55258,55260.6,120,55279.6,120,0,441930
BANKNIFTY-II.NFO,22/05/2025,09:15:35,55256.8,55256.8,30,55267.6,60,120,441930
BANKNIFTY-II.NFO,22/05/2025,09:15:36,55256.8,55256.8,30,55263.6,30,0,441930
BANKNIFTY-II.NFO,22/05/2025,09:15:38,55256.8,55255.2,210,55260,30,30,441930
BANKNIFTY-II.NFO,22/05/2025,09:15:39,55256.8,55257.4,120,55271.6,30,30,441930
BANKNIFTY-II.NFO,22/05/2025,09:15:40,55270.8,55271.8,90,55292.6,120,30,441930
BANKNIFTY-II.NFO,22/05/2025,09:15:41,55270.8,55257.8,90,55280.6,120,0,441930
BANKNIFTY-II.NFO,22/05/2025,09:15:43,55270.8,55257.2,180,55275.8,60,0,441930
BANKNIFTY-II.NFO,22/05/2025,09:15:44,55270.8,55260.4,150,55285.6,150,0,441930
BANKNIFTY-II.NFO,22/05/2025,09:15:45,55270.8,55261.6,150,55282.2,120,0,441930
BANKNIFTY-II.NFO,22/05/2025,09:15:46,55270.8,55265.4,120,55286.2,150,0,441930
BANKNIFTY-II.NFO,22/05/2025,09:15:47,55270.8,55274.8,30,55283,120,0,441930
BANKNIFTY-II.NFO,22/05/2025,09:15:49,55270.8,55274.8,30,55286.8,150,0,441930
BANKNIFTY-II.NFO,22/05/2025,09:15:50,55274.8,55270.4,120,55291.6,120,30,441900
BANKNIFTY-II.NFO,22/05/2025,09:15:51,55287.8,55282.2,90,55292.8,30,30,441900
BANKNIFTY-II.NFO,22/05/2025,09:15:52,55287.8,55273.4,120,55292.6,120,0,441900
BANKNIFTY-II.NFO,22/05/2025,09:15:54,55287.8,55272.2,90,55292.6,120,0,441900
BANKNIFTY-II.NFO,22/05/2025,09:15:55,55287.8,55270,150,55290.6,120,0,441900
BANKNIFTY-II.NFO,22/05/2025,09:15:56,55268,55267,210,55270.8,30,60,441900
BANKNIFTY-II.NFO,22/05/2025,09:15:57,55270.8,55278.8,60,55288.2,30,30,441900
BANKNIFTY-II.NFO,22/05/2025,09:15:58,55270.8,55271.6,30,55280.2,30,0,441900
BANKNIFTY-II.NFO,22/05/2025,09:16:00,55270,55260,60,55273.8,120,60,441900
BANKNIFTY-II.NFO,22/05/2025,09:16:01,55244.8,55240,270,55254.4,120,540,441900
BANKNIFTY-II.NFO,22/05/2025,09:16:02,55244.8,55245.6,60,55251.4,30,0,441900
BANKNIFTY-II.NFO,22/05/2025,09:16:03,55251.2,55246.2,60,55267.8,120,30,441900
BANKNIFTY-II.NFO,22/05/2025,09:16:05,55251.2,55241,30,55253.2,150,0,441900
BANKNIFTY-II.NFO,22/05/2025,09:16:06,55240,55240,180,55243,150,90,441900
BANKNIFTY-II.NFO,22/05/2025,09:16:07,55244.8,55240,150,55243.2,30,480,441900
BANKNIFTY-II.NFO,22/05/2025,09:16:08,55240,55234.2,30,55238.8,30,270,441900
BANKNIFTY-II.NFO,22/05/2025,09:16:10,55235.8,55235.8,90,55245.2,30,60,441900
BANKNIFTY-II.NFO,22/05/2025,09:16:11,55241.8,55234.6,120,55241.8,30,30,441900
BANKNIFTY-II.NFO,22/05/2025,09:16:12,55259.4,55240.8,120,55263,30,300,441900
BANKNIFTY-II.NFO,22/05/2025,09:16:13,55273.2,55241.6,120,55265.6,30,300,441900
BANKNIFTY-II.NFO,22/05/2025,09:16:15,55246.6,55246.6,120,55266.2,30,60,441900
BANKNIFTY-II.NFO,22/05/2025,09:16:16,55246.6,55240.2,120,55263.4,60,0,441900
BANKNIFTY-II.NFO,22/05/2025,09:16:17,55270.6,55248.4,120,55271.4,150,90,441900
BANKNIFTY-II.NFO,22/05/2025,09:16:18,55270.6,55253,120,55272,30,0,441900
BANKNIFTY-II.NFO,22/05/2025,09:16:19,55270,55265,120,55275,150,120,441900
BANKNIFTY-II.NFO,22/05/2025,09:16:21,55275,55261.6,120,55287.6,30,180,441900
BANKNIFTY-II.NFO,22/05/2025,09:16:22,55254.8,55249.8,120,55262.2,30,450,441900
BANKNIFTY-II.NFO,22/05/2025,09:16:23,55264,55252.4,120,55271.4,30,30,441900
BANKNIFTY-II.NFO,22/05/2025,09:16:24,55272.4,55270.8,120,55278.8,30,30,441900
BANKNIFTY-II.NFO,22/05/2025,09:16:26,55279,55277.4,120,55283.4,30,30,441900
BANKNIFTY-II.NFO,22/05/2025,09:16:27,55283.2,55285.2,120,55287,30,30,441900
BANKNIFTY-II.NFO,22/05/2025,09:16:28,55285,55271.2,120,55297,60,210,441900
BANKNIFTY-II.NFO,22/05/2025,09:16:29,55275,55278.6,120,55299,30,90,441900
BANKNIFTY-II.NFO,22/05/2025,09:16:31,55275,55274.6,30,55289.8,180,0,441900
BANKNIFTY-II.NFO,22/05/2025,09:16:32,55275,55265.4,120,55288.4,30,0,441900
BANKNIFTY-II.NFO,22/05/2025,09:16:33,55275,55262.8,120,55284.2,120,0,441900
BANKNIFTY-II.NFO,22/05/2025,09:16:34,55286.6,55264.6,120,55285.8,120,30,441900
BANKNIFTY-II.NFO,22/05/2025,09:16:36,55286.6,55264.2,120,55285.4,120,0,441900
BANKNIFTY-II.NFO,22/05/2025,09:16:37,55286.6,55261.2,150,55277.8,30,0,441900
BANKNIFTY-II.NFO,22/05/2025,09:16:38,55286.6,55265,150,55286.8,30,0,441900
BANKNIFTY-II.NFO,22/05/2025,09:16:39,55286.6,55267.4,150,55287.8,30,0,441900
BANKNIFTY-II.NFO,22/05/2025,09:16:41,55285.2,55262.8,120,55284.4,30,60,441900
BANKNIFTY-II.NFO,22/05/2025,09:16:42,55277.8,55261,30,55277.2,210,120,441900
BANKNIFTY-II.NFO,22/05/2025,09:16:43,55277.8,55261,30,55268.8,30,0,441900
BANKNIFTY-II.NFO,22/05/2025,09:16:44,55277.8,55261,30,55262.4,30,0,441900
BANKNIFTY-II.NFO,22/05/2025,09:16:46,55261,55257.4,30,55269.6,30,30,441900
BANKNIFTY-II.NFO,22/05/2025,09:16:47,55261,55256.6,30,55264,30,0,441900
BANKNIFTY-II.NFO,22/05/2025,09:16:48,55261,55254.8,30,55259.6,30,0,441900
BANKNIFTY-II.NFO,22/05/2025,09:16:49,55258.2,55252.4,120,55255.4,30,30,441900
BANKNIFTY-II.NFO,22/05/2025,09:16:51,55258.2,55247,30,55251.4,30,0,441900
BANKNIFTY-II.NFO,22/05/2025,09:16:52,55248,55251.2,30,55258.8,30,30,441900
BANKNIFTY-II.NFO,22/05/2025,09:16:53,55260.2,55251.2,30,55260.8,30,60,441900
BANKNIFTY-II.NFO,22/05/2025,09:16:54,55260.2,55251.2,30,55255.6,60,0,441900
BANKNIFTY-II.NFO,22/05/2025,09:16:56,55260.4,55251.4,30,55260.4,30,150,441900
BANKNIFTY-II.NFO,22/05/2025,09:16:57,55260.4,55253,30,55255.6,30,0,441900
BANKNIFTY-II.NFO,22/05/2025,09:16:58,55253,55247,30,55251.6,30,30,441900
BANKNIFTY-II.NFO,22/05/2025,09:16:59,55247,55240,30,55250,30,150,441900
BANKNIFTY-II.NFO,22/05/2025,09:17:01,55247,55240,30,55246.8,30,0,441900
BANKNIFTY-II.NFO,22/05/2025,09:17:02,55247,55240,30,55242.8,30,0,441900
BANKNIFTY-II.NFO,22/05/2025,09:17:03,55242.4,55240,30,55243.6,30,30,441900
BANKNIFTY-II.NFO,22/05/2025,09:17:04,55242.4,55240,30,55241,180,0,441900
BANKNIFTY-II.NFO,22/05/2025,09:17:06,55230,55226,270,55228.8,30,690,441900
BANKNIFTY-II.NFO,22/05/2025,09:17:06,55230,55226,270,55228.8,30,0,441900
BANKNIFTY-II.NFO,22/05/2025,09:17:07,55233.4,55232.8,30,55234.6,30,120,441900
BANKNIFTY-II.NFO,22/05/2025,09:17:07,55228.8,55232.8,30,55234.6,30,0,441900
BANKNIFTY-II.NFO,22/05/2025,09:17:08,55235.6,55230.4,60,55238.6,30,60,441900
BANKNIFTY-II.NFO,22/05/2025,09:17:09,55232.2,55230.4,30,55235.6,60,60,441900
BANKNIFTY-II.NFO,22/05/2025,09:17:11,55230,55226.4,60,55228.4,30,60,441900
BANKNIFTY-II.NFO,22/05/2025,09:17:12,55227.6,55226,30,55228.6,30,180,441900
BANKNIFTY-II.NFO,22/05/2025,09:17:12,55226,55226,30,55228.6,30,0,441900
BANKNIFTY-II.NFO,22/05/2025,09:17:13,55226.2,55221,300,55230,30,90,441900
BANKNIFTY-II.NFO,22/05/2025,09:17:13,55224.2,55221,300,55230,30,0,441900
BANKNIFTY-II.NFO,22/05/2025,09:17:14,55223.8,55221,300,55232.2,150,90,441900
BANKNIFTY-II.NFO,22/05/2025,09:17:14,55223.8,55221,300,55232.2,150,0,441900
BANKNIFTY-II.NFO,22/05/2025,09:17:16,55221,55221,150,55222.8,30,150,441900
BANKNIFTY-II.NFO,22/05/2025,09:17:16,55221,55221,150,55222.8,30,0,441900
BANKNIFTY-II.NFO,22/05/2025,09:17:17,55218.2,55215,30,55218.8,30,180,441900
BANKNIFTY-II.NFO,22/05/2025,09:17:17,55218.2,55215,30,55218.8,30,0,441900
BANKNIFTY-II.NFO,22/05/2025,09:17:17,55218.2,55215,30,55223.2,30,0,441900
BANKNIFTY-II.NFO,22/05/2025,09:17:18,55215,55211,300,55215.6,30,30,441900
BANKNIFTY-II.NFO,22/05/2025,09:17:18,55215,55211,300,55215.6,30,0,441900
BANKNIFTY-II.NFO,22/05/2025,09:17:19,55211,55206,30,55207,60,300,441900
BANKNIFTY-II.NFO,22/05/2025,09:17:19,55211,55206,30,55207,60,0,441900
BANKNIFTY-II.NFO,22/05/2025,09:17:21,55206,55201.2,30,55204.8,30,30,441900
BANKNIFTY-II.NFO,22/05/2025,09:17:21,55206,55201.2,30,55204.8,30,0,441900
BANKNIFTY-II.NFO,22/05/2025,09:17:22,55201,55201,240,55201.2,60,180,441900
BANKNIFTY-II.NFO,22/05/2025,09:17:22,55201,55201,240,55201.2,60,0,441900
BANKNIFTY-II.NFO,22/05/2025,09:17:23,55199.6,55191.2,30,55196.6,60,840,441900
BANKNIFTY-II.NFO,22/05/2025,09:17:23,55199.6,55191.2,30,55196.6,60,0,441900
BANKNIFTY-II.NFO,22/05/2025,09:17:24,55202.6,55194,30,55202.8,30,30,441900
BANKNIFTY-II.NFO,22/05/2025,09:17:26,55205,55191,300,55198.4,30,60,441900
BANKNIFTY-II.NFO,22/05/2025,09:17:27,55199.6,55191,300,55200,30,90,441900
BANKNIFTY-II.NFO,22/05/2025,09:17:27,55196.2,55191,300,55200,30,0,441900
BANKNIFTY-II.NFO,22/05/2025,09:17:28,55197.2,55191.2,30,55200.8,30,60,441900
BANKNIFTY-II.NFO,22/05/2025,09:17:28,55191,55191.2,30,55200.8,30,0,441900
BANKNIFTY-II.NFO,22/05/2025,09:17:29,55191,55191,270,55203.6,30,30,441900
BANKNIFTY-II.NFO,22/05/2025,09:17:31,55191,55193.8,30,55208.8,360,0,441900
BANKNIFTY-II.NFO,22/05/2025,09:17:32,55193.8,55191,240,55198.4,30,30,441900
BANKNIFTY-II.NFO,22/05/2025,09:17:33,55199,55194.2,30,55202.4,30,150,441900
BANKNIFTY-II.NFO,22/05/2025,09:17:34,55194.2,55191,240,55200.8,30,30,441900
BANKNIFTY-II.NFO,22/05/2025,09:17:35,55191.2,55191,240,55198.4,30,30,441900
BANKNIFTY-II.NFO,22/05/2025,09:17:37,55191.2,55191,240,55192.4,30,0,441900
BANKNIFTY-II.NFO,22/05/2025,09:17:38,55191,55191,210,55193.6,30,90,441900
BANKNIFTY-II.NFO,22/05/2025,09:17:39,55191,55191,210,55191.6,30,0,441900
BANKNIFTY-II.NFO,22/05/2025,09:17:40,55191,55191,180,55194.6,30,300,441900
BANKNIFTY-II.NFO,22/05/2025,09:17:42,55191,55191,30,55192.8,120,150,441900
BANKNIFTY-II.NFO,22/05/2025,09:17:43,55190,55182.8,30,55190.4,60,90,441900
BANKNIFTY-II.NFO,22/05/2025,09:17:43,55190,55182.8,30,55190.4,60,0,441900
BANKNIFTY-II.NFO,22/05/2025,09:17:44,55181.4,55181,300,55187.6,60,60,441900
BANKNIFTY-II.NFO,22/05/2025,09:17:44,55181.4,55181,300,55187.6,60,0,441900
BANKNIFTY-II.NFO,22/05/2025,09:17:45,55184.6,55181,300,55186.4,30,90,441900
BANKNIFTY-II.NFO,22/05/2025,09:17:47,55186.6,55181,300,55187.2,30,60,441900
BANKNIFTY-II.NFO,22/05/2025,09:17:48,55186.6,55181,300,55185,60,0,441900
BANKNIFTY-II.NFO,22/05/2025,09:17:49,55186.6,55181,300,55188.8,150,0,441900
BANKNIFTY-II.NFO,22/05/2025,09:17:50,55200,55190,60,55202.2,60,300,441900
BANKNIFTY-II.NFO,22/05/2025,09:17:52,55200,55197.6,120,55209.2,30,0,441900
BANKNIFTY-II.NFO,22/05/2025,09:17:53,55193,55194.4,60,55206,60,30,441900
BANKNIFTY-II.NFO,22/05/2025,09:17:54,55194.6,55200.4,120,55209,30,30,441900
BANKNIFTY-II.NFO,22/05/2025,09:17:55,55200.4,55206.8,120,55220.2,30,150,441900
BANKNIFTY-II.NFO,22/05/2025,09:17:57,55210.4,55201.4,60,55210.2,60,30,441900
BANKNIFTY-II.NFO,22/05/2025,09:17:58,55210.4,55204.6,30,55211.8,60,0,441900
BANKNIFTY-II.NFO,22/05/2025,09:17:59,55210.4,55203.4,150,55214.4,150,0,441900
BANKNIFTY-II.NFO,22/05/2025,09:18:00,55214.2,55200,30,55206.2,60,30,441900
BANKNIFTY-II.NFO,22/05/2025,09:18:02,55200,55196.2,30,55206.2,30,30,441900
BANKNIFTY-II.NFO,22/05/2025,09:18:03,55200,55194.6,60,55204.2,90,0,441900
BANKNIFTY-II.NFO,22/05/2025,09:18:04,55200,55195.6,30,55203,60,0,441900
BANKNIFTY-II.NFO,22/05/2025,09:18:05,55200,55194.6,60,55197.2,30,0,441900
BANKNIFTY-II.NFO,22/05/2025,09:18:07,55201,55194.6,30,55201.6,180,60,441900
BANKNIFTY-II.NFO,22/05/2025,09:18:08,55201,55194.6,30,55197.2,60,0,441900
BANKNIFTY-II.NFO,22/05/2025,09:18:09,55190,55186.6,30,55196.4,120,90,441900
BANKNIFTY-II.NFO,22/05/2025,09:18:10,55185.4,55185.4,30,55189.2,30,90,441900
BANKNIFTY-II.NFO,22/05/2025,09:18:12,55185.4,55185.4,30,55189.6,120,0,441900
BANKNIFTY-II.NFO,22/05/2025,09:18:13,55185.4,55183.2,90,55189.6,90,30,441900
BANKNIFTY-II.NFO,22/05/2025,09:18:14,55185.4,55183.2,90,55187.4,30,0,441900
BANKNIFTY-II.NFO,22/05/2025,09:18:15,55185,55183.2,90,55187.4,30,30,441900
BANKNIFTY-II.NFO,22/05/2025,09:18:17,55183.2,55181,300,55185.4,90,120,441900
BANKNIFTY-II.NFO,22/05/2025,09:18:18,55176.2,55176.4,30,55184.8,90,660,441900
BANKNIFTY-II.NFO,22/05/2025,09:18:18,55176.2,55176.4,30,55184.8,90,0,441900
BANKNIFTY-II.NFO,22/05/2025,09:18:19,55184.8,55175.8,30,55184.8,30,120,441900
BANKNIFTY-II.NFO,22/05/2025,09:18:19,55176,55175.8,30,55184.8,30,0,441900
BANKNIFTY-II.NFO,22/05/2025,09:18:20,55175.8,55173.4,150,55184.4,90,30,441900
BANKNIFTY-II.NFO,22/05/2025,09:18:20,55175.8,55173.4,150,55184.4,90,0,441900
BANKNIFTY-II.NFO,22/05/2025,09:18:22,55184.4,55173.4,150,55184.4,60,30,441900
BANKNIFTY-II.NFO,22/05/2025,09:18:23,55173.6,55173.2,30,55181,90,270,441900
BANKNIFTY-II.NFO,22/05/2025,09:18:23,55173.6,55173.2,30,55181,90,0,441900
BANKNIFTY-II.NFO,22/05/2025,09:18:24,55173.6,55173.2,30,55180.8,30,0,441900
BANKNIFTY-II.NFO,22/05/2025,09:18:25,55176.2,55173.2,30,55177.8,30,60,441900
BANKNIFTY-II.NFO,22/05/2025,09:18:27,55176.2,55173.6,90,55179.6,90,0,441900
BANKNIFTY-II.NFO,22/05/2025,09:18:28,55174,55173.6,90,55179.6,30,150,441900
BANKNIFTY-II.NFO,22/05/2025,09:18:29,55170,55168,60,55170,30,450,441900
BANKNIFTY-II.NFO,22/05/2025,09:18:29,55170,55168,60,55170,30,0,441900
BANKNIFTY-II.NFO,22/05/2025,09:18:30,55170,55168,60,55169.6,30,0,441900
BANKNIFTY-II.NFO,22/05/2025,09:18:32,55170,55168,30,55173.4,90,90,441900
BANKNIFTY-II.NFO,22/05/2025,09:18:32,55168,55168,30,55173.4,90,0,441900
BANKNIFTY-II.NFO,22/05/2025,09:18:33,55161.4,55163.4,60,55173.2,30,300,441900
BANKNIFTY-II.NFO,22/05/2025,09:18:33,55161.4,55163.4,60,55173.2,30,0,441900
BANKNIFTY-II.NFO,22/05/2025,09:18:34,55163.4,55166.8,60,55175,30,30,441900
BANKNIFTY-II.NFO,22/05/2025,09:18:35,55177.4,55170,120,55179,30,90,441900
BANKNIFTY-II.NFO,22/05/2025,09:18:37,55186.2,55173.8,60,55183.6,30,120,441900
BANKNIFTY-II.NFO,22/05/2025,09:18:38,55176.6,55170.6,180,55185.6,30,30,441900
BANKNIFTY-II.NFO,22/05/2025,09:18:39,55176.6,55170.6,90,55184.4,30,0,441900
BANKNIFTY-II.NFO,22/05/2025,09:18:40,55176.6,55174,150,55188.8,30,0,441900
BANKNIFTY-II.NFO,22/05/2025,09:18:42,55186.2,55172.8,30,55188.8,90,60,441900
BANKNIFTY-II.NFO,22/05/2025,09:18:43,55187.6,55172.8,30,55184.2,30,30,441900
BANKNIFTY-II.NFO,22/05/2025,09:18:44,55172.8,55172.4,210,55179,30,30,441900
BANKNIFTY-II.NFO,22/05/2025,09:18:45,55176.6,55174.4,30,55178.4,30,90,441900
BANKNIFTY-II.NFO,22/05/2025,09:18:46,55176.6,55173.6,60,55182.6,30,0,441900
BANKNIFTY-II.NFO,22/05/2025,09:18:48,55182.6,55176.4,150,55181,30,30,441900
BANKNIFTY-II.NFO,22/05/2025,09:18:49,55173.4,55170.2,150,55186,90,30,444810
BANKNIFTY-II.NFO,22/05/2025,09:18:50,55173.4,55172,30,55183.4,30,0,444810
BANKNIFTY-II.NFO,22/05/2025,09:18:51,55173.4,55172,30,55179,300,0,444810
BANKNIFTY-II.NFO,22/05/2025,09:18:53,55178.8,55172,60,55178.4,90,330,444810
BANKNIFTY-II.NFO,22/05/2025,09:18:54,55176.6,55172,30,55175.8,270,30,444810
BANKNIFTY-II.NFO,22/05/2025,09:18:55,55175.8,55170,180,55175,180,120,444810
BANKNIFTY-II.NFO,22/05/2025,09:18:56,55175.8,55171.8,150,55184.6,180,0,444810
BANKNIFTY-II.NFO,22/05/2025,09:18:58,55179.2,55170,180,55184.4,90,30,444810
BANKNIFTY-II.NFO,22/05/2025,09:18:59,55179.2,55172,120,55183.4,30,0,444810
BANKNIFTY-II.NFO,22/05/2025,09:19:00,55183.4,55177.4,60,55182.6,30,30,444810
BANKNIFTY-II.NFO,22/05/2025,09:19:01,55183.4,55175.8,60,55183,30,0,444810
BANKNIFTY-II.NFO,22/05/2025,09:19:03,55180.6,55175.8,60,55182.6,30,30,444810
BANKNIFTY-II.NFO,22/05/2025,09:19:04,55175.8,55175.8,30,55189.4,90,30,444810
BANKNIFTY-II.NFO,22/05/2025,09:19:05,55175.8,55179,90,55187.4,30,0,444810
BANKNIFTY-II.NFO,22/05/2025,09:19:06,55195.8,55181.6,180,55195.2,90,60,444810
BANKNIFTY-II.NFO,22/05/2025,09:19:08,55195.8,55183,120,55202.6,90,0,444810
BANKNIFTY-II.NFO,22/05/2025,09:19:09,55195.8,55187.6,150,55202.8,60,0,444810
BANKNIFTY-II.NFO,22/05/2025,09:19:10,55188,55187.4,30,55201,60,60,444810
BANKNIFTY-II.NFO,22/05/2025,09:19:11,55188,55187.4,30,55201.4,90,0,444810
BANKNIFTY-II.NFO,22/05/2025,09:19:13,55191.2,55195.2,150,55212,90,60,444810
BANKNIFTY-II.NFO,22/05/2025,09:19:14,55191.2,55195,30,55206.4,90,0,444810
BANKNIFTY-II.NFO,22/05/2025,09:19:15,55191.2,55195,30,55206.6,30,0,444810
BANKNIFTY-II.NFO,22/05/2025,09:19:16,55191.2,55195,30,55199.8,30,0,444810
BANKNIFTY-II.NFO,22/05/2025,09:19:18,55191.2,55195,30,55208.4,60,0,444810
BANKNIFTY-II.NFO,22/05/2025,09:19:19,55191.2,55195.2,150,55209.4,30,0,444810
BANKNIFTY-II.NFO,22/05/2025,09:19:20,55191.2,55195,30,55210.4,90,0,444810
BANKNIFTY-II.NFO,22/05/2025,09:19:21,55191.2,55200,30,55210.2,120,0,444810
BANKNIFTY-II.NFO,22/05/2025,09:19:23,55200,55194.6,120,55210.6,60,30,444810
BANKNIFTY-II.NFO,22/05/2025,09:19:24,55200,55194.6,150,55212.2,120,0,444810
BANKNIFTY-II.NFO,22/05/2025,09:19:25,55212.2,55197.6,30,55210.6,90,30,444810
BANKNIFTY-II.NFO,22/05/2025,09:19:26,55210.8,55198.8,150,55212.2,60,30,444810
BANKNIFTY-II.NFO,22/05/2025,09:19:28,55210.8,55200.4,150,55211.6,30,0,444810
BANKNIFTY-II.NFO,22/05/2025,09:19:29,55200.4,55198.4,150,55211.6,30,30,444810
BANKNIFTY-II.NFO,22/05/2025,09:19:30,55211.6,55213,30,55214.8,90,60,444810
BANKNIFTY-II.NFO,22/05/2025,09:19:31,55214,55201.6,150,55217.8,120,30,444810
BANKNIFTY-II.NFO,22/05/2025,09:19:32,55214,55203,120,55216.8,30,0,444810
BANKNIFTY-II.NFO,22/05/2025,09:19:34,55216.8,55197.2,120,55214,90,30,444810
BANKNIFTY-II.NFO,22/05/2025,09:19:35,55216.8,55196.8,150,55212.8,120,0,444810
BANKNIFTY-II.NFO,22/05/2025,09:19:36,55216.8,55201.4,150,55214.8,30,0,444810
BANKNIFTY-II.NFO,22/05/2025,09:19:37,55216.8,55198.8,60,55213.4,30,0,444810
BANKNIFTY-II.NFO,22/05/2025,09:19:39,55216.8,55198.6,120,55212.4,30,0,444810
BANKNIFTY-II.NFO,22/05/2025,09:19:40,55212.2,55201,30,55209.4,120,30,444810
BANKNIFTY-II.NFO,22/05/2025,09:19:41,55212.2,55201.4,30,55212.2,120,0,444810
BANKNIFTY-II.NFO,22/05/2025,09:19:42,55201,55192.8,60,55201.8,120,30,444810
BANKNIFTY-II.NFO,22/05/2025,09:19:44,55201,55191.4,30,55200.6,30,0,444810
BANKNIFTY-II.NFO,22/05/2025,09:19:45,55201,55191.4,30,55199.6,120,0,444810
BANKNIFTY-II.NFO,22/05/2025,09:19:46,55201,55191.4,30,55197.6,30,0,444810
BANKNIFTY-II.NFO,22/05/2025,09:19:47,55197.4,55191.4,30,55197.4,120,30,444810
BANKNIFTY-II.NFO,22/05/2025,09:19:49,55197.4,55191.4,30,55192.6,90,0,444810
BANKNIFTY-II.NFO,22/05/2025,09:19:50,55179.2,55177.2,30,55190.2,120,150,444810
BANKNIFTY-II.NFO,22/05/2025,09:19:51,55191.6,55177.2,30,55189.2,30,60,444810
BANKNIFTY-II.NFO,22/05/2025,09:19:52,55191.6,55182.4,30,55191.6,30,0,444810
BANKNIFTY-II.NFO,22/05/2025,09:19:53,55191.6,55183.8,120,55192.4,30,0,444810
BANKNIFTY-II.NFO,22/05/2025,09:19:55,55188.2,55197.4,60,55200.6,30,60,444810
BANKNIFTY-II.NFO,22/05/2025,09:19:56,55206.4,55197.4,60,55210.8,90,60,444810
BANKNIFTY-II.NFO,22/05/2025,09:19:57,55206.4,55197.4,60,55205.4,30,0,444810
BANKNIFTY-II.NFO,22/05/2025,09:19:58,55197.4,55182.6,150,55204.2,60,60,444810
BANKNIFTY-II.NFO,22/05/2025,09:20:00,55200.8,55184,120,55200.8,30,150,444810
BANKNIFTY-II.NFO,22/05/2025,09:20:01,55180.2,55176,150,55194.2,60,30,444810
BANKNIFTY-II.NFO,22/05/2025,09:20:02,55180.2,55183,120,55199.2,30,0,444810
BANKNIFTY-II.NFO,22/05/2025,09:20:03,55180.6,55181.2,30,55193.4,120,30,444810
BANKNIFTY-II.NFO,22/05/2025,09:20:04,55189.6,55181,60,55186.8,150,30,444810
BANKNIFTY-II.NFO,22/05/2025,09:20:06,55189.6,55181.2,120,55196,150,0,444810
BANKNIFTY-II.NFO,22/05/2025,09:20:07,55189.6,55181,60,55194.2,120,0,444810
BANKNIFTY-II.NFO,22/05/2025,09:20:08,55189.6,55181,60,55190.8,30,0,444810
BANKNIFTY-II.NFO,22/05/2025,09:20:11,55189.6,55181,60,55190.2,120,0,444810
BANKNIFTY-II.NFO,22/05/2025,09:20:12,55181,55181,30,55185.8,30,30,444810
BANKNIFTY-II.NFO,22/05/2025,09:20:13,55175.8,55175,60,55180.2,270,150,444810
BANKNIFTY-II.NFO,22/05/2025,09:20:14,55173,55170,180,55174.6,30,120,444810
BANKNIFTY-II.NFO,22/05/2025,09:20:16,55167.6,55162,570,55173.2,60,300,444810
BANKNIFTY-II.NFO,22/05/2025,09:20:17,55173.2,55162,570,55176.8,30,60,444810
BANKNIFTY-II.NFO,22/05/2025,09:20:18,55173.2,55162,570,55172.6,90,0,444810
BANKNIFTY-II.NFO,22/05/2025,09:20:19,55173.2,55162,690,55172.4,30,0,444810
BANKNIFTY-II.NFO,22/05/2025,09:20:21,55173.2,55165.2,150,55175,90,0,444810
BANKNIFTY-II.NFO,22/05/2025,09:20:22,55173.2,55168.2,150,55173.2,30,0,444810
BANKNIFTY-II.NFO,22/05/2025,09:20:23,55175,55181.6,120,55199.8,30,120,444810
BANKNIFTY-II.NFO,22/05/2025,09:20:24,55181.2,55181.2,120,55200,60,30,444810
BANKNIFTY-II.NFO,22/05/2025,09:20:26,55200,55190,180,55207.6,60,60,444810
BANKNIFTY-II.NFO,22/05/2025,09:20:27,55200,55182.2,120,55202.8,120,0,444810
BANKNIFTY-II.NFO,22/05/2025,09:20:28,55200,55181.8,120,55202.4,30,0,444810
BANKNIFTY-II.NFO,22/05/2025,09:20:29,55200,55185.2,150,55203.8,30,0,444810
BANKNIFTY-II.NFO,22/05/2025,09:20:31,55200,55180.4,120,55200,120,60,444810
BANKNIFTY-II.NFO,22/05/2025,09:20:32,55200,55176.8,150,55195.6,120,0,444810
BANKNIFTY-II.NFO,22/05/2025,09:20:33,55195.4,55182.8,120,55200.8,30,30,444810
BANKNIFTY-II.NFO,22/05/2025,09:20:34,55195.4,55180.4,120,55199.2,60,0,444810
BANKNIFTY-II.NFO,22/05/2025,09:20:35,55195.4,55180.2,210,55190.6,30,0,444810
BANKNIFTY-II.NFO,22/05/2025,09:20:37,55195.4,55182.2,180,55199,30,0,444810
BANKNIFTY-II.NFO,22/05/2025,09:20:38,55195.4,55182.6,120,55199,30,0,444810
BANKNIFTY-II.NFO,22/05/2025,09:20:39,55195.4,55188.8,150,55199,30,0,444810
BANKNIFTY-II.NFO,22/05/2025,09:20:40,55200,55200,150,55212.2,30,60,444810
BANKNIFTY-II.NFO,22/05/2025,09:20:42,55212.2,55202.2,120,55220.6,60,30,444810
BANKNIFTY-II.NFO,22/05/2025,09:20:43,55202.2,55195.4,60,55211.4,60,30,444810
BANKNIFTY-II.NFO,22/05/2025,09:20:44,55202.2,55195.4,30,55210.6,60,0,444810
BANKNIFTY-II.NFO,22/05/2025,09:20:45,55202.2,55195.4,30,55209.8,60,0,444810
BANKNIFTY-II.NFO,22/05/2025,09:20:47,55195.4,55193.8,150,55209.6,30,30,444810
BANKNIFTY-II.NFO,22/05/2025,09:20:48,55195.4,55195.4,60,55209.2,60,0,444810
BANKNIFTY-II.NFO,22/05/2025,09:20:49,55195.4,55195.4,30,55208.6,60,0,444810
BANKNIFTY-II.NFO,22/05/2025,09:20:50,55195.4,55195.4,30,55210,60,0,444810
BANKNIFTY-II.NFO,22/05/2025,09:20:52,55195.4,55195.4,30,55204.8,120,0,444810
BANKNIFTY-II.NFO,22/05/2025,09:20:53,55182.6,55182.8,120,55202.6,120,210,444810
BANKNIFTY-II.NFO,22/05/2025,09:20:54,55182.6,55184.4,120,55202.6,30,0,444810
BANKNIFTY-II.NFO,22/05/2025,09:20:55,55195,55182.6,150,55201.4,30,60,444810
BANKNIFTY-II.NFO,22/05/2025,09:20:56,55195,55183.8,120,55203.2,120,0,444810
BANKNIFTY-II.NFO,22/05/2025,09:20:58,55195,55182.6,150,55200.4,120,0,444810
BANKNIFTY-II.NFO,22/05/2025,09:20:59,55195,55182.6,150,55201.2,120,0,444810
BANKNIFTY-II.NFO,22/05/2025,09:21:00,55182.6,55182.4,150,55197.4,30,30,444810
BANKNIFTY-II.NFO,22/05/2025,09:21:01,55182.6,55182.6,150,55195,150,0,444810
BANKNIFTY-II.NFO,22/05/2025,09:21:03,55182.6,55185,30,55195,150,0,444810
BANKNIFTY-II.NFO,22/05/2025,09:21:06,55182.6,55185.2,120,55195,150,0,444810
BANKNIFTY-II.NFO,22/05/2025,09:21:08,55182.6,55185,30,55195,150,0,444810
BANKNIFTY-II.NFO,22/05/2025,09:21:09,55185,55184.2,150,55195,150,30,444810
BANKNIFTY-II.NFO,22/05/2025,09:21:10,55185,55184.2,150,55195,150,0,444810
BANKNIFTY-II.NFO,22/05/2025,09:21:11,55195,55184.4,120,55195,120,30,444810
BANKNIFTY-II.NFO,22/05/2025,09:21:13,55195,55188.8,150,55209.8,120,150,444810
BANKNIFTY-II.NFO,22/05/2025,09:21:14,55195,55192.6,210,55210.4,30,0,444810
BANKNIFTY-II.NFO,22/05/2025,09:21:15,55195,55195,210,55210.4,30,0,444810
BANKNIFTY-II.NFO,22/05/2025,09:21:16,55195,55195,180,55209,120,0,444810
BANKNIFTY-II.NFO,22/05/2025,09:21:18,55195,55195,180,55208.6,150,0,444810
BANKNIFTY-II.NFO,22/05/2025,09:21:19,55195,55195,210,55210.4,120,0,444810
BANKNIFTY-II.NFO,22/05/2025,09:21:20,55211.6,55195.4,30,55208.8,120,180,444810
BANKNIFTY-II.NFO,22/05/2025,09:21:21,55211.6,55195.2,30,55204.4,120,0,444810
BANKNIFTY-II.NFO,22/05/2025,09:21:23,55211.6,55195,60,55204,120,0,444810
BANKNIFTY-II.NFO,22/05/2025,09:21:24,55211.6,55200.2,30,55212.2,120,0,444810
BANKNIFTY-II.NFO,22/05/2025,09:21:25,55200.2,55200,60,55214,30,30,444810
BANKNIFTY-II.NFO,22/05/2025,09:21:26,55200.2,55200.6,150,55214,30,0,444810
BANKNIFTY-II.NFO,22/05/2025,09:21:28,55200.2,55205,210,55223,120,0,444810
BANKNIFTY-II.NFO,22/05/2025,09:21:29,55200.2,55205.2,150,55224.4,120,0,444810
BANKNIFTY-II.NFO,22/05/2025,09:21:30,55200.2,55206,120,55223.6,120,0,444810
BANKNIFTY-II.NFO,22/05/2025,09:21:31,55205.2,55210,60,55220.2,30,30,444810
BANKNIFTY-II.NFO,22/05/2025,09:21:33,55205.2,55210,60,55220.8,270,0,444810
BANKNIFTY-II.NFO,22/05/2025,09:21:34,55219.4,55210,60,55216.6,270,30,444810
BANKNIFTY-II.NFO,22/05/2025,09:21:35,55200.2,55201.6,150,55219.4,120,90,444810
BANKNIFTY-II.NFO,22/05/2025,09:21:36,55200.2,55201.8,120,55219,120,0,444810
BANKNIFTY-II.NFO,22/05/2025,09:21:38,55200.2,55205.8,30,55217.2,90,0,444810
BANKNIFTY-II.NFO,22/05/2025,09:21:39,55200.2,55201.4,60,55218,120,0,444810
BANKNIFTY-II.NFO,22/05/2025,09:21:40,55200.2,55202.8,90,55218.2,120,0,444810
BANKNIFTY-II.NFO,22/05/2025,09:21:41,55200.2,55200.6,30,55217,120,0,444810
BANKNIFTY-II.NFO,22/05/2025,09:21:43,55215.8,55211,150,55213.6,90,30,444810
BANKNIFTY-II.NFO,22/05/2025,09:21:44,55211,55211,60,55212.6,90,90,444810
BANKNIFTY-II.NFO,22/05/2025,09:21:45,55211,55210,300,55215,120,60,444810
BANKNIFTY-II.NFO,22/05/2025,09:21:46,55206,55201,30,55207,30,330,444810
BANKNIFTY-II.NFO,22/05/2025,09:21:48,55201,55200.2,30,55211.2,90,30,444810
BANKNIFTY-II.NFO,22/05/2025,09:21:49,55201,55200.2,30,55209,120,0,444810
BANKNIFTY-II.NFO,22/05/2025,09:21:50,55201,55200.2,30,55204.2,90,0,444810
BANKNIFTY-II.NFO,22/05/2025,09:21:51,55201,55200.2,30,55204.8,90,0,444810
BANKNIFTY-II.NFO,22/05/2025,09:21:53,55200.2,55195,90,55198.2,60,30,445740
BANKNIFTY-II.NFO,22/05/2025,09:21:54,55200.6,55195,90,55199.8,60,30,445740
BANKNIFTY-II.NFO,22/05/2025,09:21:55,55200.6,55195,90,55196.6,60,0,445740
BANKNIFTY-II.NFO,22/05/2025,09:21:56,55196.6,55195,90,55195.6,30,30,445740
BANKNIFTY-II.NFO,22/05/2025,09:21:58,55195,55195,60,55202,120,30,445740
BANKNIFTY-II.NFO,22/05/2025,09:21:59,55195,55199.8,30,55205.2,270,0,445740
BANKNIFTY-II.NFO,22/05/2025,09:22:00,55199.8,55195,60,55196.8,150,30,445740
BANKNIFTY-II.NFO,22/05/2025,09:22:01,55199.8,55195,150,55195.4,30,0,445740
BANKNIFTY-II.NFO,22/05/2025,09:22:03,55195,55195,90,55196.6,270,60,445740
BANKNIFTY-II.NFO,22/05/2025,09:22:04,55190,55180,120,55187.6,60,120,445740
BANKNIFTY-II.NFO,22/05/2025,09:22:05,55187.8,55180,120,55185.2,60,60,445740
BANKNIFTY-II.NFO,22/05/2025,09:22:06,55187.8,55180,120,55181.4,30,0,445740
BANKNIFTY-II.NFO,22/05/2025,09:22:08,55174,55170,450,55177.4,150,270,445740
BANKNIFTY-II.NFO,22/05/2025,09:22:09,55174,55170,450,55179.6,150,0,445740
BANKNIFTY-II.NFO,22/05/2025,09:22:10,55170,55170,390,55180.8,30,60,445740
BANKNIFTY-II.NFO,22/05/2025,09:22:11,55170,55170,360,55177.2,150,30,445740
BANKNIFTY-II.NFO,22/05/2025,09:22:13,55170,55170,330,55178.6,60,30,445740
BANKNIFTY-II.NFO,22/05/2025,09:22:14,55170,55170,300,55178,60,30,445740
BANKNIFTY-II.NFO,22/05/2025,09:22:15,55174,55170,390,55174,30,30,445740
BANKNIFTY-II.NFO,22/05/2025,09:22:16,55174,55170,390,55174,30,0,445740
BANKNIFTY-II.NFO,22/05/2025,09:22:19,55170,55170,360,55174,30,30,445740
BANKNIFTY-II.NFO,22/05/2025,09:22:20,55174,55170,360,55179.4,60,30,445740
BANKNIFTY-II.NFO,22/05/2025,09:22:21,55174,55170,360,55177,90,0,445740
BANKNIFTY-II.NFO,22/05/2025,09:22:22,55170,55170,330,55178.6,60,60,445740
BANKNIFTY-II.NFO,22/05/2025,09:22:24,55170,55170,270,55180,90,60,445740
BANKNIFTY-II.NFO,22/05/2025,09:22:25,55170,55170.2,120,55183.2,30,0,445740
BANKNIFTY-II.NFO,22/05/2025,09:22:26,55170,55170.2,120,55183.4,60,0,445740
BANKNIFTY-II.NFO,22/05/2025,09:22:28,55170,55170,240,55178.6,60,30,445740
BANKNIFTY-II.NFO,22/05/2025,09:22:29,55178.4,55170,210,55178.2,30,60,445740
BANKNIFTY-II.NFO,22/05/2025,09:22:30,55178.4,55171.4,120,55177.8,30,0,445740
BANKNIFTY-II.NFO,22/05/2025,09:22:31,55178.4,55171.4,120,55180.6,60,0,445740
BANKNIFTY-II.NFO,22/05/2025,09:22:33,55178.4,55175,180,55184.4,30,0,445740
BANKNIFTY-II.NFO,22/05/2025,09:22:34,55178.4,55170.2,120,55184.4,30,0,445740
BANKNIFTY-II.NFO,22/05/2025,09:22:35,55178.4,55171.4,120,55184,30,0,445740
BANKNIFTY-II.NFO,22/05/2025,09:22:36,55171.8,55171.6,120,55179.8,60,120,445740
BANKNIFTY-II.NFO,22/05/2025,09:22:38,55178.4,55170.4,120,55188.4,30,60,445740
BANKNIFTY-II.NFO,22/05/2025,09:22:39,55178.4,55176.2,150,55188.4,30,0,445740
BANKNIFTY-II.NFO,22/05/2025,09:22:40,55188.4,55177.8,150,55189.8,30,30,445740
BANKNIFTY-II.NFO,22/05/2025,09:22:41,55177.4,55177.8,210,55189.8,30,300,445740
BANKNIFTY-II.NFO,22/05/2025,09:22:43,55177.4,55179,270,55189.8,30,0,445740
BANKNIFTY-II.NFO,22/05/2025,09:22:44,55177.4,55176.8,270,55194,90,0,445740
BANKNIFTY-II.NFO,22/05/2025,09:22:45,55177.4,55176.6,30,55184.8,30,0,445740
BANKNIFTY-II.NFO,22/05/2025,09:22:46,55177.4,55172,120,55185.4,90,0,445740
BANKNIFTY-II.NFO,22/05/2025,09:22:48,55179.2,55175,30,55183,60,30,445740
BANKNIFTY-II.NFO,22/05/2025,09:22:49,55171.8,55170.6,30,55179,30,90,445740
BANKNIFTY-II.NFO,22/05/2025,09:22:50,55171.8,55170.2,30,55175.6,30,0,445740
BANKNIFTY-II.NFO,22/05/2025,09:22:51,55171.8,55170.2,30,55174.8,30,0,445740
BANKNIFTY-II.NFO,22/05/2025,09:22:53,55171.8,55170.2,30,55174.2,30,30,445740
BANKNIFTY-II.NFO,22/05/2025,09:22:54,55170,55171,30,55174.2,30,90,445740
BANKNIFTY-II.NFO,22/05/2025,09:22:55,55171,55170,180,55172.4,30,30,445740
BANKNIFTY-II.NFO,22/05/2025,09:22:56,55171,55170,180,55173.4,30,0,445740
BANKNIFTY-II.NFO,22/05/2025,09:22:57,55177.8,55172,90,55176,30,90,445740
BANKNIFTY-II.NFO,22/05/2025,09:22:59,55170,55170,60,55172.8,30,180,445740
BANKNIFTY-II.NFO,22/05/2025,09:23:00,55170,55170,30,55172,30,30,445740
BANKNIFTY-II.NFO,22/05/2025,09:23:01,55178.8,55175.6,180,55189.6,30,60,445740
BANKNIFTY-II.NFO,22/05/2025,09:23:02,55178.8,55175.6,270,55187,30,0,445740
BANKNIFTY-II.NFO,22/05/2025,09:23:04,55178.8,55175,30,55179.6,30,30,445740
BANKNIFTY-II.NFO,22/05/2025,09:23:05,55175,55172,30,55174.6,60,30,445740
BANKNIFTY-II.NFO,22/05/2025,09:23:06,55164,55162,570,55171.8,30,90,445740
BANKNIFTY-II.NFO,22/05/2025,09:23:07,55164,55162,570,55169.2,30,0,445740
BANKNIFTY-II.NFO,22/05/2025,09:23:09,55164,55162,570,55171.4,30,0,445740
BANKNIFTY-II.NFO,22/05/2025,09:23:10,55164,55162.8,120,55172.6,30,0,445740
BANKNIFTY-II.NFO,22/05/2025,09:23:11,55164,55162,570,55171.6,30,0,445740
BANKNIFTY-II.NFO,22/05/2025,09:23:12,55164,55162.2,240,55172,30,0,445740
BANKNIFTY-II.NFO,22/05/2025,09:23:14,55171.6,55165.2,240,55177.8,150,30,445740
BANKNIFTY-II.NFO,22/05/2025,09:23:15,55171.6,55166.4,240,55174,30,0,445740
BANKNIFTY-II.NFO,22/05/2025,09:23:16,55171.6,55166.2,30,55173.8,30,0,445740
BANKNIFTY-II.NFO,22/05/2025,09:23:17,55175.6,55174,30,55176.8,30,60,445740
BANKNIFTY-II.NFO,22/05/2025,09:23:19,55174,55167,30,55176.8,30,30,445740
BANKNIFTY-II.NFO,22/05/2025,09:23:20,55174,55164,120,55173,30,0,445740
BANKNIFTY-II.NFO,22/05/2025,09:23:21,55174,55167.4,30,55168.4,30,0,445740
BANKNIFTY-II.NFO,22/05/2025,09:23:22,55167.4,55166.4,240,55172,30,30,445740
BANKNIFTY-II.NFO,22/05/2025,09:23:24,55168.4,55168.4,90,55176.2,30,30,445740
BANKNIFTY-II.NFO,22/05/2025,09:23:25,55177.8,55168.4,90,55177.8,30,150,445740
BANKNIFTY-II.NFO,22/05/2025,09:23:26,55177.8,55168.6,240,55177.8,30,0,445740
BANKNIFTY-II.NFO,22/05/2025,09:23:27,55177.8,55168.4,90,55177.8,30,0,445740
BANKNIFTY-II.NFO,22/05/2025,09:23:30,55177.8,55168.6,120,55177.8,30,0,445740
BANKNIFTY-II.NFO,22/05/2025,09:23:31,55177.8,55164.8,270,55179,120,180,445740
BANKNIFTY-II.NFO,22/05/2025,09:23:32,55177.8,55164,120,55175,240,0,445740
BANKNIFTY-II.NFO,22/05/2025,09:23:34,55177.8,55164.2,180,55175.6,30,0,445740
BANKNIFTY-II.NFO,22/05/2025,09:23:35,55177.8,55164,120,55175.4,30,0,445740
BANKNIFTY-II.NFO,22/05/2025,09:23:36,55177.8,55164,120,55171.8,30,0,445740
BANKNIFTY-II.NFO,22/05/2025,09:23:37,55164,55164,90,55170.4,30,30,445740
BANKNIFTY-II.NFO,22/05/2025,09:23:39,55164,55164,90,55175.8,60,0,445740
BANKNIFTY-II.NFO,22/05/2025,09:23:40,55164,55165.4,120,55176,30,0,445740
BANKNIFTY-II.NFO,22/05/2025,09:23:41,55164,55165.6,120,55176,30,0,445740
BANKNIFTY-II.NFO,22/05/2025,09:23:42,55164,55165.6,180,55176,30,0,445740
BANKNIFTY-II.NFO,22/05/2025,09:23:44,55164,55168.6,120,55176,30,0,445740
BANKNIFTY-II.NFO,22/05/2025,09:23:45,55164,55164.2,180,55176,30,0,445740
BANKNIFTY-II.NFO,22/05/2025,09:23:46,55164,55170.4,120,55176,30,0,445740
BANKNIFTY-II.NFO,22/05/2025,09:23:49,55176,55165.4,270,55177.8,30,30,445740
BANKNIFTY-II.NFO,22/05/2025,09:23:50,55176,55170.4,120,55177.8,30,0,445740
BANKNIFTY-II.NFO,22/05/2025,09:23:51,55170.4,55170.4,90,55177.8,30,30,445740
BANKNIFTY-II.NFO,22/05/2025,09:23:52,55170.4,55170.4,90,55177.8,30,0,445740
BANKNIFTY-II.NFO,22/05/2025,09:23:55,55171.4,55171.4,60,55182.4,60,30,445740
BANKNIFTY-II.NFO,22/05/2025,09:23:56,55171.4,55171.4,60,55179.8,30,0,445740
BANKNIFTY-II.NFO,22/05/2025,09:23:57,55171.4,55171.4,60,55184,60,0,445740
BANKNIFTY-II.NFO,22/05/2025,09:23:59,55171.4,55171.4,60,55183.8,60,0,445740
BANKNIFTY-II.NFO,22/05/2025,09:24:00,55171.4,55170,30,55179,240,0,445740
BANKNIFTY-II.NFO,22/05/2025,09:24:01,55171.4,55170,30,55178.8,30,0,445740
BANKNIFTY-II.NFO,22/05/2025,09:24:02,55175,55170,30,55177.4,510,30,445740
BANKNIFTY-II.NFO,22/05/2025,09:24:04,55175,55170,30,55174.8,60,0,445740
BANKNIFTY-II.NFO,22/05/2025,09:24:05,55175,55170,30,55176.6,240,0,445740
BANKNIFTY-II.NFO,22/05/2025,09:24:06,55164,55164.2,30,55174.8,60,60,445740
BANKNIFTY-II.NFO,22/05/2025,09:24:07,55164,55164,330,55175,60,0,445740
BANKNIFTY-II.NFO,22/05/2025,09:24:09,55164,55164,300,55174.2,240,0,445740
BANKNIFTY-II.NFO,22/05/2025,09:24:10,55164,55164,300,55173.8,60,0,445740
BANKNIFTY-II.NFO,22/05/2025,09:24:11,55164,55164,300,55174.4,60,0,445740
BANKNIFTY-II.NFO,22/05/2025,09:24:12,55166.4,55166.4,90,55177,30,180,445740
BANKNIFTY-II.NFO,22/05/2025,09:24:14,55166.4,55166.4,90,55176.4,270,0,445740
BANKNIFTY-II.NFO,22/05/2025,09:24:15,55171.4,55171.4,90,55173.6,270,150,445740
BANKNIFTY-II.NFO,22/05/2025,09:24:16,55171.4,55165,30,55172.4,270,90,445740
BANKNIFTY-II.NFO,22/05/2025,09:24:17,55165,55164,300,55168.8,270,30,445740
BANKNIFTY-II.NFO,22/05/2025,09:24:18,55165,55164,300,55168.8,270,0,445740
BANKNIFTY-II.NFO,22/05/2025,09:24:20,55165,55164,300,55169.6,270,0,445740
BANKNIFTY-II.NFO,22/05/2025,09:24:21,55165,55164,300,55166.4,270,0,445740
BANKNIFTY-II.NFO,22/05/2025,09:24:22,55164,55164,270,55166.6,30,30,445740
BANKNIFTY-II.NFO,22/05/2025,09:24:23,55165,55164,270,55166.6,30,30,445740
BANKNIFTY-II.NFO,22/05/2025,09:24:25,55165,55167.6,30,55171.4,60,0,445740
BANKNIFTY-II.NFO,22/05/2025,09:24:26,55167.6,55165,30,55170.4,270,30,445740
BANKNIFTY-II.NFO,22/05/2025,09:24:27,55170,55165,30,55171.4,60,30,445740
BANKNIFTY-II.NFO,22/05/2025,09:24:28,55170,55165,30,55171.4,60,0,445740
BANKNIFTY-II.NFO,22/05/2025,09:24:30,55165,55164,270,55171.4,60,30,445740
BANKNIFTY-II.NFO,22/05/2025,09:24:31,55165,55165.2,180,55171.4,60,0,445740
BANKNIFTY-II.NFO,22/05/2025,09:24:32,55165,55165.6,300,55171.4,60,0,445740
BANKNIFTY-II.NFO,22/05/2025,09:24:33,55171.4,55166.4,180,55185.8,240,60,445740
BANKNIFTY-II.NFO,22/05/2025,09:24:35,55171.4,55166.4,180,55181.2,30,0,445740
BANKNIFTY-II.NFO,22/05/2025,09:24:36,55171.4,55171.4,240,55189.6,240,0,445740
BANKNIFTY-II.NFO,22/05/2025,09:24:37,55167.8,55165.8,150,55177.6,30,90,445740
BANKNIFTY-II.NFO,22/05/2025,09:24:38,55167.8,55165.2,180,55169.2,30,0,445740
BANKNIFTY-II.NFO,22/05/2025,09:24:40,55166.2,55165.2,180,55179.2,270,30,445740
BANKNIFTY-II.NFO,22/05/2025,09:24:41,55166.2,55165,30,55174,270,0,445740
BANKNIFTY-II.NFO,22/05/2025,09:24:42,55168.8,55165,90,55171.2,270,30,445740
BANKNIFTY-II.NFO,22/05/2025,09:24:44,55164,55164,240,55169.8,30,180,445740
BANKNIFTY-II.NFO,22/05/2025,09:24:45,55164,55164,240,55172,270,0,445740
BANKNIFTY-II.NFO,22/05/2025,09:24:46,55164,55164,180,55166.4,270,60,445740
BANKNIFTY-II.NFO,22/05/2025,09:24:47,55164,55164,30,55166.6,30,150,445740
BANKNIFTY-II.NFO,22/05/2025,09:24:49,55164,55164,30,55166.8,30,60,445740
BANKNIFTY-II.NFO,22/05/2025,09:24:50,55162,55162,540,55167.4,270,60,445740
BANKNIFTY-II.NFO,22/05/2025,09:24:51,55162,55162,510,55167.2,30,30,447000
BANKNIFTY-II.NFO,22/05/2025,09:24:52,55162,55162.6,180,55170,30,0,447000
BANKNIFTY-II.NFO,22/05/2025,09:24:54,55162,55162.2,180,55165.2,300,0,447000
BANKNIFTY-II.NFO,22/05/2025,09:24:55,55162,55162,510,55165,30,0,447000
BANKNIFTY-II.NFO,22/05/2025,09:24:56,55165.2,55162.2,180,55165.2,270,60,447000
BANKNIFTY-II.NFO,22/05/2025,09:24:57,55165.2,55162,510,55165.2,270,0,447000
BANKNIFTY-II.NFO,22/05/2025,09:25:00,55165.2,55165.2,180,55173,30,270,447000
BANKNIFTY-II.NFO,22/05/2025,09:25:01,55179.6,55162.8,210,55179.4,30,60,447000
BANKNIFTY-II.NFO,22/05/2025,09:25:02,55179.6,55166.6,90,55180,30,0,447000
BANKNIFTY-II.NFO,22/05/2025,09:25:03,55179.6,55163.6,240,55178,270,0,447000
BANKNIFTY-II.NFO,22/05/2025,09:25:05,55179.6,55165.2,30,55177.2,30,0,447000
BANKNIFTY-II.NFO,22/05/2025,09:25:06,55179.6,55165,30,55173.8,270,0,447000
BANKNIFTY-II.NFO,22/05/2025,09:25:07,55179.6,55165,30,55171.8,300,0,447000
BANKNIFTY-II.NFO,22/05/2025,09:25:08,55165,55162,510,55173.6,30,30,447000
BANKNIFTY-II.NFO,22/05/2025,09:25:10,55174.6,55162.2,180,55177.6,240,30,447000
BANKNIFTY-II.NFO,22/05/2025,09:25:11,55174.6,55164.6,30,55175,30,0,447000
BANKNIFTY-II.NFO,22/05/2025,09:25:12,55174.6,55164,210,55175,30,0,447000
BANKNIFTY-II.NFO,22/05/2025,09:25:13,55174.6,55162.2,120,55170,30,0,447000
BANKNIFTY-II.NFO,22/05/2025,09:25:16,55175,55168.8,210,55185.8,240,60,447000
BANKNIFTY-II.NFO,22/05/2025,09:25:17,55175,55165.4,120,55185.4,510,0,447000
BANKNIFTY-II.NFO,22/05/2025,09:25:18,55175,55165.4,120,55181.6,60,0,447000
BANKNIFTY-II.NFO,22/05/2025,09:25:20,55175,55162.2,210,55180.4,240,0,447000
BANKNIFTY-II.NFO,22/05/2025,09:25:21,55175,55164.2,270,55179.8,30,0,447000
BANKNIFTY-II.NFO,22/05/2025,09:25:22,55175,55171,60,55180,30,0,447000
BANKNIFTY-II.NFO,22/05/2025,09:25:23,55163.8,55175,30,55180,30,780,447000
BANKNIFTY-II.NFO,22/05/2025,09:25:25,55163.8,55175,30,55180,30,0,447000
BANKNIFTY-II.NFO,22/05/2025,09:25:26,55163.8,55175.2,60,55180,30,0,447000
BANKNIFTY-II.NFO,22/05/2025,09:25:27,55180,55175.2,90,55195.4,30,30,447000
BANKNIFTY-II.NFO,22/05/2025,09:25:28,55180,55179.6,120,55200.2,240,0,447000
BANKNIFTY-II.NFO,22/05/2025,09:25:30,55180,55185.2,90,55207.8,240,0,447000
BANKNIFTY-II.NFO,22/05/2025,09:25:31,55180,55189.2,90,55209.4,270,0,447000
BANKNIFTY-II.NFO,22/05/2025,09:25:32,55180,55203.2,30,55209.6,30,0,447000
BANKNIFTY-II.NFO,22/05/2025,09:25:33,55209.6,55210,30,55212,30,60,447000
BANKNIFTY-II.NFO,22/05/2025,09:25:35,55205.8,55200.4,60,55220.6,270,90,447000
BANKNIFTY-II.NFO,22/05/2025,09:25:36,55205.8,55199,90,55217.2,330,0,447000
BANKNIFTY-II.NFO,22/05/2025,09:25:37,55205.8,55205.4,60,55224.8,240,0,447000
BANKNIFTY-II.NFO,22/05/2025,09:25:38,55224.4,55210.4,120,55225,30,90,447000
BANKNIFTY-II.NFO,22/05/2025,09:25:40,55224.4,55208.8,120,55209,30,0,447000
BANKNIFTY-II.NFO,22/05/2025,09:25:41,55209,55205.8,60,55210,30,30,447000
BANKNIFTY-II.NFO,22/05/2025,09:25:42,55210,55199.2,90,55214,30,30,447000
BANKNIFTY-II.NFO,22/05/2025,09:25:43,55210,55205.8,120,55214,30,0,447000
BANKNIFTY-II.NFO,22/05/2025,09:25:46,55210,55207,90,55214,30,0,447000
BANKNIFTY-II.NFO,22/05/2025,09:25:47,55210,55206,90,55214,30,0,447000
BANKNIFTY-II.NFO,22/05/2025,09:25:48,55210,55207.2,120,55210,30,0,447000
BANKNIFTY-II.NFO,22/05/2025,09:25:50,55210,55202.8,120,55213.8,240,60,447000
BANKNIFTY-II.NFO,22/05/2025,09:25:51,55210,55200.6,90,55214,30,0,447000
BANKNIFTY-II.NFO,22/05/2025,09:25:52,55213.8,55198,60,55213.8,210,30,447000
BANKNIFTY-II.NFO,22/05/2025,09:25:53,55213.8,55204.8,60,55214,30,0,447000
BANKNIFTY-II.NFO,22/05/2025,09:25:55,55210,55209.6,120,55210,30,30,447000
BANKNIFTY-II.NFO,22/05/2025,09:25:56,55214.8,55210.2,30,55215,30,90,447000
BANKNIFTY-II.NFO,22/05/2025,09:25:57,55215,55206.2,30,55221,30,120,447000
BANKNIFTY-II.NFO,22/05/2025,09:25:58,55213.8,55213.8,30,55225,90,30,447000
BANKNIFTY-II.NFO,22/05/2025,09:25:59,55225,55213.2,210,55225,60,90,447000
BANKNIFTY-II.NFO,22/05/2025,09:26:01,55211.6,55210,30,55223.2,240,60,447000
BANKNIFTY-II.NFO,22/05/2025,09:26:02,55211.6,55210.8,90,55224.8,240,0,447000
BANKNIFTY-II.NFO,22/05/2025,09:26:03,55211.6,55210,30,55219.8,240,0,447000
BANKNIFTY-II.NFO,22/05/2025,09:26:06,55211.6,55210.8,60,55220,30,0,447000
BANKNIFTY-II.NFO,22/05/2025,09:26:07,55211.6,55211.4,60,55220,30,0,447000
BANKNIFTY-II.NFO,22/05/2025,09:26:08,55211.6,55211.6,30,55220,30,0,447000
BANKNIFTY-II.NFO,22/05/2025,09:26:09,55211.6,55211.6,30,55219.8,240,0,447000
BANKNIFTY-II.NFO,22/05/2025,09:26:13,55211.6,55210,30,55216.4,240,30,447000
BANKNIFTY-II.NFO,22/05/2025,09:26:14,55210,55199.4,30,55211.6,240,60,447000
BANKNIFTY-II.NFO,22/05/2025,09:26:16,55210,55203.8,60,55215.6,240,0,447000
BANKNIFTY-II.NFO,22/05/2025,09:26:17,55210,55202.2,60,55216,540,0,447000
BANKNIFTY-II.NFO,22/05/2025,09:26:18,55210,55198.8,120,55212.8,240,0,447000
BANKNIFTY-II.NFO,22/05/2025,09:26:19,55210,55198.8,120,55212.8,300,0,447000
BANKNIFTY-II.NFO,22/05/2025,09:26:21,55210,55193.8,60,55206.6,240,0,447000
BANKNIFTY-II.NFO,22/05/2025,09:26:22,55193.8,55186.4,60,55204.2,240,90,447000
BANKNIFTY-II.NFO,22/05/2025,09:26:23,55200.6,55187.6,60,55200.6,180,60,447000
BANKNIFTY-II.NFO,22/05/2025,09:26:24,55200.6,55180,30,55196.2,240,0,447000
BANKNIFTY-II.NFO,22/05/2025,09:26:26,55187.2,55183.4,60,55198.8,240,90,447000
BANKNIFTY-II.NFO,22/05/2025,09:26:27,55187.2,55185,60,55203,240,0,447000
BANKNIFTY-II.NFO,22/05/2025,09:26:28,55203,55185.2,60,55202.8,60,90,447000
BANKNIFTY-II.NFO,22/05/2025,09:26:29,55203,55187.6,120,55200,30,0,447000
BANKNIFTY-II.NFO,22/05/2025,09:26:31,55200,55200,30,55213.6,300,30,447000
BANKNIFTY-II.NFO,22/05/2025,09:26:32,55213.6,55190.6,90,55209.6,60,30,447000
BANKNIFTY-II.NFO,22/05/2025,09:26:33,55213.6,55202.6,30,55212,300,0,447000
BANKNIFTY-II.NFO,22/05/2025,09:26:34,55202.6,55189.2,120,55209.8,270,30,447000
BANKNIFTY-II.NFO,22/05/2025,09:26:35,55202.6,55189,60,55207.8,270,0,447000
BANKNIFTY-II.NFO,22/05/2025,09:26:37,55202.6,55192.6,30,55209,240,0,447000
BANKNIFTY-II.NFO,22/05/2025,09:26:38,55202.6,55192.2,120,55210.4,240,0,447000
BANKNIFTY-II.NFO,22/05/2025,09:26:39,55199,55190.4,90,55209.6,270,30,447000
BANKNIFTY-II.NFO,22/05/2025,09:26:40,55199,55189,120,55209.8,270,0,447000
BANKNIFTY-II.NFO,22/05/2025,09:26:42,55209.8,55190.6,90,55210.4,240,30,447000
BANKNIFTY-II.NFO,22/05/2025,09:26:43,55209.8,55195,30,55210.2,30,0,447000
BANKNIFTY-II.NFO,22/05/2025,09:26:44,55209.8,55199.4,90,55210,30,0,447000
BANKNIFTY-II.NFO,22/05/2025,09:26:45,55209.8,55201.8,60,55210,30,0,447000
BANKNIFTY-II.NFO,22/05/2025,09:26:47,55210,55210.2,30,55219,30,30,447000
BANKNIFTY-II.NFO,22/05/2025,09:26:48,55219,55209,30,55219.8,240,30,447000
BANKNIFTY-II.NFO,22/05/2025,09:26:49,55209,55203.6,90,55220,30,30,447000
BANKNIFTY-II.NFO,22/05/2025,09:26:50,55220,55207,90,55225,60,30,447000
BANKNIFTY-II.NFO,22/05/2025,09:26:52,55220,55205.4,60,55220,30,0,447000
BANKNIFTY-II.NFO,22/05/2025,09:26:53,55215.8,55214.2,180,55225,60,60,447000
BANKNIFTY-II.NFO,22/05/2025,09:26:54,55225,55217.6,90,55230.2,30,60,447000
BANKNIFTY-II.NFO,22/05/2025,09:26:55,55225,55217.6,120,55231.2,30,0,447000
BANKNIFTY-II.NFO,22/05/2025,09:26:57,55217.6,55213.6,60,55234.8,270,30,447000
BANKNIFTY-II.NFO,22/05/2025,09:26:58,55217.6,55218,90,55238.8,270,0,447000
BANKNIFTY-II.NFO,22/05/2025,09:26:59,55231.6,55211.8,60,55231.6,240,30,447000
BANKNIFTY-II.NFO,22/05/2025,09:27:00,55235.6,55216,90,55235.8,300,90,447000
BANKNIFTY-II.NFO,22/05/2025,09:27:02,55235.6,55221.4,150,55240.8,30,0,447000
BANKNIFTY-II.NFO,22/05/2025,09:27:03,55235.6,55228,120,55241,60,0,447000
BANKNIFTY-II.NFO,22/05/2025,09:27:04,55241,55225,120,55240.8,240,30,447000
BANKNIFTY-II.NFO,22/05/2025,09:27:06,55241,55226,120,55234.6,30,0,447000
BANKNIFTY-II.NFO,22/05/2025,09:27:07,55241,55226.8,120,55234.6,30,0,447000
BANKNIFTY-II.NFO,22/05/2025,09:27:08,55234.6,55231.2,120,55241,30,30,447000
BANKNIFTY-II.NFO,22/05/2025,09:27:09,55234.6,55232.8,90,55241,30,0,447000
BANKNIFTY-II.NFO,22/05/2025,09:27:11,55234.6,55235.2,90,55241,30,0,447000
BANKNIFTY-II.NFO,22/05/2025,09:27:12,55241,55242.6,90,55250,90,30,447000
BANKNIFTY-II.NFO,22/05/2025,09:27:13,55250,55249.2,90,55250,30,60,447000
BANKNIFTY-II.NFO,22/05/2025,09:27:14,55250,55246.2,90,55255,30,30,447000
BANKNIFTY-II.NFO,22/05/2025,09:27:16,55250,55250,60,55255,30,0,447000
BANKNIFTY-II.NFO,22/05/2025,09:27:17,55250,55250,90,55255,30,0,447000
BANKNIFTY-II.NFO,22/05/2025,09:27:18,55255,55250,60,55255,30,60,447000
BANKNIFTY-II.NFO,22/05/2025,09:27:19,55255,55250,60,55258,30,30,447000
BANKNIFTY-II.NFO,22/05/2025,09:27:21,55255,55250,60,55258,30,0,447000
BANKNIFTY-II.NFO,22/05/2025,09:27:22,55255,55241.8,120,55258,30,60,447000
BANKNIFTY-II.NFO,22/05/2025,09:27:23,55258,55242.2,180,55264,240,30,447000
BANKNIFTY-II.NFO,22/05/2025,09:27:24,55258,55241.2,120,55260.6,240,0,447000
BANKNIFTY-II.NFO,22/05/2025,09:27:26,55258,55242,120,55260.6,330,0,447000
BANKNIFTY-II.NFO,22/05/2025,09:27:27,55258,55240,30,55254.8,240,0,447000
BANKNIFTY-II.NFO,22/05/2025,09:27:28,55258,55240,30,55251.8,240,0,447000
BANKNIFTY-II.NFO,22/05/2025,09:27:29,55247.2,55229.6,90,55247.2,150,120,447000
BANKNIFTY-II.NFO,22/05/2025,09:27:31,55247.2,55228.4,30,55245.2,240,30,447000
BANKNIFTY-II.NFO,22/05/2025,09:27:32,55247.2,55219.4,120,55239.8,270,0,447000
BANKNIFTY-II.NFO,22/05/2025,09:27:33,55247.2,55223.6,120,55245.4,240,0,447000
BANKNIFTY-II.NFO,22/05/2025,09:27:34,55247.2,55222.6,120,55245.4,240,0,447000
BANKNIFTY-II.NFO,22/05/2025,09:27:36,55242.6,55221.6,210,55241,300,30,447000
BANKNIFTY-II.NFO,22/05/2025,09:27:37,55242.6,55227,120,55247,240,0,447000
BANKNIFTY-II.NFO,22/05/2025,09:27:38,55247,55230.2,120,55249.8,270,30,447000
BANKNIFTY-II.NFO,22/05/2025,09:27:39,55230.2,55228.6,90,55247,270,30,447000
BANKNIFTY-II.NFO,22/05/2025,09:27:41,55247,55231,240,55247,240,30,447000
BANKNIFTY-II.NFO,22/05/2025,09:27:42,55247,55235.6,120,55247.2,30,0,447000
BANKNIFTY-II.NFO,22/05/2025,09:27:43,55247,55233.6,270,55247.2,30,0,447000
BANKNIFTY-II.NFO,22/05/2025,09:27:44,55247,55231.2,60,55244.6,240,0,447000
BANKNIFTY-II.NFO,22/05/2025,09:27:46,55247,55231.8,240,55247.2,30,0,447000
BANKNIFTY-II.NFO,22/05/2025,09:27:47,55247.2,55229.2,330,55247,240,630,447000
BANKNIFTY-II.NFO,22/05/2025,09:27:48,55247.2,55229.2,270,55247,240,0,447000
BANKNIFTY-II.NFO,22/05/2025,09:27:49,55247.2,55229.2,270,55247,270,0,447000
BANKNIFTY-II.NFO,22/05/2025,09:27:51,55247,55247,300,55249.8,300,630,446820
BANKNIFTY-II.NFO,22/05/2025,09:27:52,55247,55227.8,240,55248.2,270,300,446820
BANKNIFTY-II.NFO,22/05/2025,09:27:53,55245.2,55224.4,330,55243.6,120,150,446820
BANKNIFTY-II.NFO,22/05/2025,09:27:54,55245.2,55218.8,240,55241.2,120,0,446820
BANKNIFTY-II.NFO,22/05/2025,09:27:56,55245.2,55221.6,270,55239.6,120,0,446820
BANKNIFTY-II.NFO,22/05/2025,09:27:57,55245.2,55222,270,55238.4,90,0,446820
BANKNIFTY-II.NFO,22/05/2025,09:27:58,55245.2,55219.4,240,55241.4,120,0,446820
BANKNIFTY-II.NFO,22/05/2025,09:27:59,55245.2,55221.6,270,55243.6,120,0,446820
BANKNIFTY-II.NFO,22/05/2025,09:28:01,55243.2,55223.6,270,55244.8,90,150,446820
BANKNIFTY-II.NFO,22/05/2025,09:28:02,55244.8,55221,240,55242.6,90,30,446820
BANKNIFTY-II.NFO,22/05/2025,09:28:03,55244.8,55225.4,240,55242.6,30,0,446820
BANKNIFTY-II.NFO,22/05/2025,09:28:04,55244.8,55226.8,240,55242.2,30,0,446820
BANKNIFTY-II.NFO,22/05/2025,09:28:06,55244.8,55226.8,330,55244.8,30,0,446820
BANKNIFTY-II.NFO,22/05/2025,09:28:07,55244.8,55233.2,270,55245.8,30,0,446820
BANKNIFTY-II.NFO,22/05/2025,09:28:08,55233.6,55231,270,55244.8,300,30,446820
BANKNIFTY-II.NFO,22/05/2025,09:28:09,55233.6,55231.8,270,55244.6,60,0,446820
BANKNIFTY-II.NFO,22/05/2025,09:28:11,55233.6,55233.2,270,55244.6,30,0,446820
BANKNIFTY-II.NFO,22/05/2025,09:28:12,55233.6,55233.6,270,55244.8,300,0,446820
BANKNIFTY-II.NFO,22/05/2025,09:28:13,55228.6,55224.4,240,55244.6,30,30,446820
BANKNIFTY-II.NFO,22/05/2025,09:28:14,55228.6,55226.4,240,55244.6,30,0,446820
BANKNIFTY-II.NFO,22/05/2025,09:28:16,55228.6,55226.4,270,55244.6,30,0,446820
BANKNIFTY-II.NFO,22/05/2025,09:28:17,55228.6,55226.2,90,55244.4,30,0,446820
BANKNIFTY-II.NFO,22/05/2025,09:28:18,55228.6,55226.2,60,55243,30,0,446820
BANKNIFTY-II.NFO,22/05/2025,09:28:19,55226.6,55226.2,60,55240.4,60,30,446820
BANKNIFTY-II.NFO,22/05/2025,09:28:20,55226.6,55226.6,240,55241.4,30,0,446820
BANKNIFTY-II.NFO,22/05/2025,09:28:22,55241,55227.6,270,55244.6,30,30,446820
BANKNIFTY-II.NFO,22/05/2025,09:28:23,55244.6,55227.6,30,55244.8,300,30,446820
BANKNIFTY-II.NFO,22/05/2025,09:28:24,55244.6,55227.6,30,55239.2,30,0,446820
BANKNIFTY-II.NFO,22/05/2025,09:28:25,55230,55227.8,240,55242.2,30,60,446820
BANKNIFTY-II.NFO,22/05/2025,09:28:27,55230,55232.6,270,55248,30,0,446820
BANKNIFTY-II.NFO,22/05/2025,09:28:28,55238.4,55230,240,55238.4,30,330,446820
BANKNIFTY-II.NFO,22/05/2025,09:28:29,55238.4,55230,240,55238.6,30,30,446820
BANKNIFTY-II.NFO,22/05/2025,09:28:30,55238.4,55230.6,240,55238.2,30,0,446820
BANKNIFTY-II.NFO,22/05/2025,09:28:32,55238.4,55229.6,240,55238.6,30,0,446820
BANKNIFTY-II.NFO,22/05/2025,09:28:33,55238.4,55231,240,55247.8,270,30,446820
BANKNIFTY-II.NFO,22/05/2025,09:28:34,55243.2,55230.8,30,55243.2,210,30,446820
BANKNIFTY-II.NFO,22/05/2025,09:28:35,55243.2,55230.8,30,55246.6,240,0,446820
BANKNIFTY-II.NFO,22/05/2025,09:28:36,55243.2,55231,270,55247.6,240,0,446820
BANKNIFTY-II.NFO,22/05/2025,09:28:38,55243.2,55240.4,30,55247.6,210,0,446820
BANKNIFTY-II.NFO,22/05/2025,09:28:40,55247,55240.4,30,55248.6,180,60,446820
BANKNIFTY-II.NFO,22/05/2025,09:28:41,55247,55240.4,30,55248.6,180,0,446820
BANKNIFTY-II.NFO,22/05/2025,09:28:43,55240.4,55231.8,270,55248.6,210,30,446820
BANKNIFTY-II.NFO,22/05/2025,09:28:44,55240.4,55232.6,330,55240.4,30,0,446820
BANKNIFTY-II.NFO,22/05/2025,09:28:45,55240.4,55232.8,240,55240.4,60,0,446820
BANKNIFTY-II.NFO,22/05/2025,09:28:46,55240.4,55230.2,270,55240.4,60,0,446820
BANKNIFTY-II.NFO,22/05/2025,09:28:48,55231.6,55231.6,210,55240.4,60,30,446820
BANKNIFTY-II.NFO,22/05/2025,09:28:49,55231.6,55234.2,270,55240.4,60,0,446820
BANKNIFTY-II.NFO,22/05/2025,09:28:50,55231.6,55234,30,55240.4,60,0,446820
BANKNIFTY-II.NFO,22/05/2025,09:28:51,55231.6,55234.4,30,55240.4,60,0,446820
BANKNIFTY-II.NFO,22/05/2025,09:28:53,55234.4,55234.2,30,55240,30,30,446820
BANKNIFTY-II.NFO,22/05/2025,09:28:54,55234.4,55234.8,30,55240,30,0,446820
BANKNIFTY-II.NFO,22/05/2025,09:28:55,55240.4,55234.8,30,55240.4,60,60,446820
BANKNIFTY-II.NFO,22/05/2025,09:28:56,55240.4,55235,270,55247.4,30,90,446820
BANKNIFTY-II.NFO,22/05/2025,09:28:58,55240.4,55235,270,55249.6,30,0,446820
BANKNIFTY-II.NFO,22/05/2025,09:28:59,55249.4,55235,30,55249.4,150,120,446820
BANKNIFTY-II.NFO,22/05/2025,09:29:00,55235.2,55235,30,55243.8,150,30,446820
BANKNIFTY-II.NFO,22/05/2025,09:29:01,55235,55235,30,55244.2,150,30,446820
BANKNIFTY-II.NFO,22/05/2025,09:29:03,55235.2,55235,30,55244,30,30,446820
BANKNIFTY-II.NFO,22/05/2025,09:29:04,55235.2,55235.2,30,55249.4,180,0,446820
BANKNIFTY-II.NFO,22/05/2025,09:29:05,55235.2,55235.4,30,55245.6,60,0,446820
BANKNIFTY-II.NFO,22/05/2025,09:29:06,55248.8,55235.6,60,55247.2,150,30,446820
BANKNIFTY-II.NFO,22/05/2025,09:29:08,55240,55235.8,30,55240.6,150,30,446820
BANKNIFTY-II.NFO,22/05/2025,09:29:09,55235.6,55235.4,30,55238.4,90,150,446820
BANKNIFTY-II.NFO,22/05/2025,09:29:10,55230,55221,30,55228.2,90,210,446820
BANKNIFTY-II.NFO,22/05/2025,09:29:11,55230,55221,30,55230.6,30,0,446820
BANKNIFTY-II.NFO,22/05/2025,09:29:13,55230,55221,30,55230.2,90,0,446820
BANKNIFTY-II.NFO,22/05/2025,09:29:14,55230,55221.4,30,55234.4,30,0,446820
BANKNIFTY-II.NFO,22/05/2025,09:29:15,55221.4,55221.2,30,55232.2,30,120,446820
BANKNIFTY-II.NFO,22/05/2025,09:29:17,55221.4,55221.2,30,55227.8,30,0,446820
BANKNIFTY-II.NFO,22/05/2025,09:29:18,55221.4,55221.2,30,55227.6,90,0,446820
BANKNIFTY-II.NFO,22/05/2025,09:29:19,55228,55221.4,30,55228,120,30,446820
BANKNIFTY-II.NFO,22/05/2025,09:29:20,55228,55221.4,60,55227.4,90,0,446820
BANKNIFTY-II.NFO,22/05/2025,09:29:22,55228,55221.4,60,55225.4,180,0,446820
BANKNIFTY-II.NFO,22/05/2025,09:29:23,55216.4,55200.4,240,55213.6,60,180,446820
BANKNIFTY-II.NFO,22/05/2025,09:29:24,55216.4,55200.2,30,55208.4,60,0,446820
BANKNIFTY-II.NFO,22/05/2025,09:29:25,55200,55180.6,330,55202.6,30,60,446820
BANKNIFTY-II.NFO,22/05/2025,09:29:27,55200,55183.2,240,55201.2,30,0,446820
BANKNIFTY-II.NFO,22/05/2025,09:29:28,55200,55186.2,300,55208.6,30,0,446820
BANKNIFTY-II.NFO,22/05/2025,09:29:29,55200,55188.4,240,55205.6,30,0,446820
BANKNIFTY-II.NFO,22/05/2025,09:29:30,55200,55194.4,270,55211,30,0,446820
BANKNIFTY-II.NFO,22/05/2025,09:29:32,55200,55191.2,270,55204,30,0,446820
BANKNIFTY-II.NFO,22/05/2025,09:29:33,55200,55193.4,240,55211.8,60,0,446820
BANKNIFTY-II.NFO,22/05/2025,09:29:34,55200,55192.4,240,55210,30,0,446820
BANKNIFTY-II.NFO,22/05/2025,09:29:35,55200,55201.6,330,55210.2,30,0,446820
BANKNIFTY-II.NFO,22/05/2025,09:29:37,55200,55197.2,240,55216,30,0,446820
BANKNIFTY-II.NFO,22/05/2025,09:29:38,55200,55192.4,240,55213.4,60,0,446820
BANKNIFTY-II.NFO,22/05/2025,09:29:39,55200,55194.8,270,55213.8,60,0,446820
BANKNIFTY-II.NFO,22/05/2025,09:29:40,55200,55191.4,240,55213.2,30,0,446820
BANKNIFTY-II.NFO,22/05/2025,09:29:42,55200,55194.8,270,55213.8,60,0,446820
BANKNIFTY-II.NFO,22/05/2025,09:29:43,55200,55194.8,240,55207.8,60,0,446820
BANKNIFTY-II.NFO,22/05/2025,09:29:44,55200,55192.4,270,55212.2,60,0,446820
BANKNIFTY-II.NFO,22/05/2025,09:29:45,55200,55193.2,270,55212,60,0,446820
BANKNIFTY-II.NFO,22/05/2025,09:29:47,55200,55192.2,240,55211.4,60,0,446820
BANKNIFTY-II.NFO,22/05/2025,09:29:48,55200,55200,60,55205.4,60,0,446820
BANKNIFTY-II.NFO,22/05/2025,09:29:49,55200,55200,60,55205.2,60,0,446820
BANKNIFTY-II.NFO,22/05/2025,09:29:50,55200,55180.2,270,55195.8,120,60,446820
BANKNIFTY-II.NFO,22/05/2025,09:29:52,55200,55190,30,55195.4,30,0,446820
BANKNIFTY-II.NFO,22/05/2025,09:29:53,55200,55190,30,55197.4,30,0,446820
BANKNIFTY-II.NFO,22/05/2025,09:29:54,55200,55190,30,55196,30,0,446820
BANKNIFTY-II.NFO,22/05/2025,09:29:55,55190,55180.2,240,55194.6,30,60,446820
BANKNIFTY-II.NFO,22/05/2025,09:29:57,55200,55195.8,30,55200.4,90,30,446820
BANKNIFTY-II.NFO,22/05/2025,09:29:58,55195.8,55180.6,240,55198.8,30,120,446820
BANKNIFTY-II.NFO,22/05/2025,09:29:59,55199,55188.8,270,55208.6,60,30,446820
BANKNIFTY-II.NFO,22/05/2025,09:30:00,55188.6,55187.4,270,55205,90,30,446820
BANKNIFTY-II.NFO,22/05/2025,09:30:02,55187.4,55180.6,240,55194.2,60,30,446820
BANKNIFTY-II.NFO,22/05/2025,09:30:03,55187.4,55180.6,240,55194,30,0,446820
BANKNIFTY-II.NFO,22/05/2025,09:30:04,55180,55175.2,240,55188.8,60,90,446820
BANKNIFTY-II.NFO,22/05/2025,09:30:05,55180,55175,30,55187,30,0,446820
BANKNIFTY-II.NFO,22/05/2025,09:30:07,55175,55175,270,55193,60,30,446820
BANKNIFTY-II.NFO,22/05/2025,09:30:08,55175,55170.2,270,55189.4,60,0,446820
BANKNIFTY-II.NFO,22/05/2025,09:30:09,55175,55175.2,300,55189.4,30,0,446820
BANKNIFTY-II.NFO,22/05/2025,09:30:10,55175,55170.2,240,55187,60,0,446820
BANKNIFTY-II.NFO,22/05/2025,09:30:12,55175,55170.8,270,55185,30,0,446820
BANKNIFTY-II.NFO,22/05/2025,09:30:13,55175,55170.2,240,55183,30,0,446820
BANKNIFTY-II.NFO,22/05/2025,09:30:14,55170.2,55170.2,210,55180.2,30,30,446820
BANKNIFTY-II.NFO,22/05/2025,09:30:15,55177.6,55170.2,240,55177.6,30,30,446820
BANKNIFTY-II.NFO,22/05/2025,09:30:17,55177.6,55170,30,55177.2,30,0,446820
BANKNIFTY-II.NFO,22/05/2025,09:30:18,55175.6,55170,30,55175.2,30,30,446820
BANKNIFTY-II.NFO,22/05/2025,09:30:19,55170,55162,510,55173.8,60,30,446820
BANKNIFTY-II.NFO,22/05/2025,09:30:20,55170,55162,510,55177.8,60,0,446820
BANKNIFTY-II.NFO,22/05/2025,09:30:22,55170,55162,510,55174,30,0,446820
BANKNIFTY-II.NFO,22/05/2025,09:30:23,55170,55162,510,55172,60,60,446820
BANKNIFTY-II.NFO,22/05/2025,09:30:24,55160,55155.8,30,55166.2,30,570,446820
BANKNIFTY-II.NFO,22/05/2025,09:30:24,55160,55155.8,30,55166.2,30,0,446820
BANKNIFTY-II.NFO,22/05/2025,09:30:25,55155.8,55151,180,55154.2,30,30,446820
BANKNIFTY-II.NFO,22/05/2025,09:30:25,55155.8,55151,180,55154.2,30,0,446820
BANKNIFTY-II.NFO,22/05/2025,09:30:27,55151,55151,150,55154,30,60,446820
BANKNIFTY-II.NFO,22/05/2025,09:30:27,55151,55151,150,55154,30,0,446820
BANKNIFTY-II.NFO,22/05/2025,09:30:28,55154,55151.2,240,55167,30,30,446820
BANKNIFTY-II.NFO,22/05/2025,09:30:29,55154,55152,330,55166.8,30,0,446820
BANKNIFTY-II.NFO,22/05/2025,09:30:30,55154,55151.6,270,55166.4,30,0,446820
BANKNIFTY-II.NFO,22/05/2025,09:30:32,55154,55151,150,55163,30,0,446820
BANKNIFTY-II.NFO,22/05/2025,09:30:33,55154,55151.2,240,55162.2,30,0,446820
BANKNIFTY-II.NFO,22/05/2025,09:30:34,55154,55151.2,240,55167.4,30,0,446820
BANKNIFTY-II.NFO,22/05/2025,09:30:35,55154,55151,150,55162.4,30,0,446820
BANKNIFTY-II.NFO,22/05/2025,09:30:38,55151,55151,120,55162.4,30,30,446820
BANKNIFTY-II.NFO,22/05/2025,09:30:39,55151,55151.2,330,55163.2,30,0,446820
BANKNIFTY-II.NFO,22/05/2025,09:30:40,55151,55152.2,270,55163.2,30,0,446820
BANKNIFTY-II.NFO,22/05/2025,09:30:42,55151,55151.2,270,55163.2,30,0,446820
BANKNIFTY-II.NFO,22/05/2025,09:30:43,55151,55152.4,270,55163.2,60,0,446820
BANKNIFTY-II.NFO,22/05/2025,09:30:44,55151,55154.4,60,55167.4,30,0,446820
BANKNIFTY-II.NFO,22/05/2025,09:30:45,55151,55155.4,60,55167.2,30,0,446820
BANKNIFTY-II.NFO,22/05/2025,09:30:47,55168.6,55158.4,240,55174.8,30,60,446820
BANKNIFTY-II.NFO,22/05/2025,09:30:48,55168.6,55159.8,270,55174,30,0,446820
BANKNIFTY-II.NFO,22/05/2025,09:30:49,55168.6,55157.2,270,55173.2,30,0,446820
BANKNIFTY-II.NFO,22/05/2025,09:30:50,55168.6,55163.6,270,55172,30,0,446820
BANKNIFTY-II.NFO,22/05/2025,09:30:52,55168.6,55157.6,270,55172,30,0,446820
BANKNIFTY-II.NFO,22/05/2025,09:30:53,55168.6,55160.2,120,55172,30,0,446820
BANKNIFTY-II.NFO,22/05/2025,09:30:54,55168.6,55151,120,55165.4,60,0,446820
BANKNIFTY-II.NFO,22/05/2025,09:30:55,55168.6,55151,120,55165.4,30,0,446820
BANKNIFTY-II.NFO,22/05/2025,09:30:57,55165.4,55151,120,55161,30,30,447030
BANKNIFTY-II.NFO,22/05/2025,09:30:58,55165.4,55155.4,330,55165.2,30,0,447030
BANKNIFTY-II.NFO,22/05/2025,09:30:59,55165.4,55157.8,270,55165.2,30,0,447030
BANKNIFTY-II.NFO,22/05/2025,09:31:00,55170,55156.6,240,55173.8,30,30,447030
BANKNIFTY-II.NFO,22/05/2025,09:31:02,55156.6,55163.4,300,55174,30,30,447030
BANKNIFTY-II.NFO,22/05/2025,09:31:03,55156.6,55160.8,360,55179.4,60,0,447030
BANKNIFTY-II.NFO,22/05/2025,09:31:04,55156.6,55165.4,30,55179.2,60,0,447030
BANKNIFTY-II.NFO,22/05/2025,09:31:05,55156.6,55165.6,270,55179.2,30,0,447030
BANKNIFTY-II.NFO,22/05/2025,09:31:07,55156.6,55165.4,30,55179,60,0,447030
BANKNIFTY-II.NFO,22/05/2025,09:31:08,55165.4,55156.8,270,55174.2,30,30,447030
BANKNIFTY-II.NFO,22/05/2025,09:31:09,55156.8,55157.8,270,55171.4,30,30,447030
BANKNIFTY-II.NFO,22/05/2025,09:31:10,55175.6,55161.4,270,55178.2,90,60,447030
BANKNIFTY-II.NFO,22/05/2025,09:31:12,55175.6,55162.4,270,55178.2,120,0,447030
BANKNIFTY-II.NFO,22/05/2025,09:31:13,55175.6,55165.4,30,55178.2,30,0,447030
BANKNIFTY-II.NFO,22/05/2025,09:31:15,55175.6,55166,240,55178.2,30,0,447030
BANKNIFTY-II.NFO,22/05/2025,09:31:17,55175.6,55165.4,30,55180.6,90,0,447030
BANKNIFTY-II.NFO,22/05/2025,09:31:18,55175.6,55165.4,30,55180.2,30,0,447030
BANKNIFTY-II.NFO,22/05/2025,09:31:19,55175.6,55166.4,120,55175.2,30,0,447030
BANKNIFTY-II.NFO,22/05/2025,09:31:20,55175.6,55167.4,270,55175.2,30,0,447030
BANKNIFTY-II.NFO,22/05/2025,09:31:22,55175.6,55166.4,120,55175.2,30,0,447030
BANKNIFTY-II.NFO,22/05/2025,09:31:23,55175.6,55166.8,120,55175.2,30,0,447030
BANKNIFTY-II.NFO,22/05/2025,09:31:24,55175.6,55167.4,270,55175.2,30,0,447030
BANKNIFTY-II.NFO,22/05/2025,09:31:25,55175.6,55168.4,270,55175.2,30,0,447030
BANKNIFTY-II.NFO,22/05/2025,09:31:27,55175.2,55169.6,240,55179.4,30,30,447030
BANKNIFTY-II.NFO,22/05/2025,09:31:28,55175.2,55175,30,55179.4,30,0,447030
BANKNIFTY-II.NFO,22/05/2025,09:31:29,55179.4,55175,30,55184,30,30,447030
BANKNIFTY-II.NFO,22/05/2025,09:31:30,55184,55175.2,270,55187.2,60,30,447030
BANKNIFTY-II.NFO,22/05/2025,09:31:32,55184,55175,30,55186.2,30,0,447030
BANKNIFTY-II.NFO,22/05/2025,09:31:33,55175,55166.2,60,55181,30,30,447030
BANKNIFTY-II.NFO,22/05/2025,09:31:34,55181.2,55166.6,240,55181.2,30,30,447030
BANKNIFTY-II.NFO,22/05/2025,09:31:35,55181.2,55165,60,55182.2,90,0,447030
BANKNIFTY-II.NFO,22/05/2025,09:31:37,55181.2,55168,240,55186.4,90,0,447030
BANKNIFTY-II.NFO,22/05/2025,09:31:38,55181.2,55166.6,270,55182.4,90,0,447030
BANKNIFTY-II.NFO,22/05/2025,09:31:39,55181.2,55166.4,30,55183.4,30,0,447030
BANKNIFTY-II.NFO,22/05/2025,09:31:40,55181.2,55168.2,270,55188.6,60,0,447030
BANKNIFTY-II.NFO,22/05/2025,09:31:42,55181.2,55166.8,240,55187,60,0,447030
BANKNIFTY-II.NFO,22/05/2025,09:31:43,55181.2,55170,270,55187.6,30,0,447030
BANKNIFTY-II.NFO,22/05/2025,09:31:44,55188.6,55170.8,30,55188.6,120,30,447030
BANKNIFTY-II.NFO,22/05/2025,09:31:45,55188.6,55171.4,270,55188.2,60,0,447030
BANKNIFTY-II.NFO,22/05/2025,09:31:47,55188.6,55178.4,300,55199.8,30,0,447030
BANKNIFTY-II.NFO,22/05/2025,09:31:48,55188.6,55180,60,55197.2,90,0,447030
BANKNIFTY-II.NFO,22/05/2025,09:31:49,55188.6,55180.2,270,55197.6,30,0,447030
BANKNIFTY-II.NFO,22/05/2025,09:31:50,55200,55190.2,240,55200.2,90,90,447030
BANKNIFTY-II.NFO,22/05/2025,09:31:52,55200.2,55197.2,240,55215.2,90,90,447030
BANKNIFTY-II.NFO,22/05/2025,09:31:53,55200.2,55190.2,240,55209.8,120,0,447030
BANKNIFTY-II.NFO,22/05/2025,09:31:54,55208.8,55190,60,55208.8,90,150,447030
BANKNIFTY-II.NFO,22/05/2025,09:31:55,55208.8,55190.2,270,55200,30,0,447030
BANKNIFTY-II.NFO,22/05/2025,09:31:57,55208.8,55190,30,55200,30,0,447030
BANKNIFTY-II.NFO,22/05/2025,09:31:58,55200,55195.4,270,55216,90,30,447030
BANKNIFTY-II.NFO,22/05/2025,09:31:59,55200,55196.8,240,55215.2,90,0,447030
BANKNIFTY-II.NFO,22/05/2025,09:32:00,55200,55198.6,270,55215,60,0,447030
BANKNIFTY-II.NFO,22/05/2025,09:32:02,55200,55195.6,240,55216.4,150,0,447030
BANKNIFTY-II.NFO,22/05/2025,09:32:03,55200,55200,30,55214.2,90,0,447030
BANKNIFTY-II.NFO,22/05/2025,09:32:04,55200,55200,60,55213.2,90,0,447030
BANKNIFTY-II.NFO,22/05/2025,09:32:05,55200,55200,60,55212.8,30,0,447030
BANKNIFTY-II.NFO,22/05/2025,09:32:07,55200,55200.2,270,55216.2,30,0,447030
BANKNIFTY-II.NFO,22/05/2025,09:32:08,55200,55200,60,55215.6,90,0,447030
BANKNIFTY-II.NFO,22/05/2025,09:32:09,55200,55200,60,55210.6,150,0,447030
BANKNIFTY-II.NFO,22/05/2025,09:32:10,55200,55200,60,55213.2,60,0,447030
BANKNIFTY-II.NFO,22/05/2025,09:32:12,55200,55200,60,55212.4,90,0,447030
BANKNIFTY-II.NFO,22/05/2025,09:32:14,55200,55200,30,55212.6,30,30,447030
BANKNIFTY-II.NFO,22/05/2025,09:32:15,55200,55200,60,55211.8,90,0,447030
BANKNIFTY-II.NFO,22/05/2025,09:32:17,55200,55194.4,30,55207.6,30,60,447030
BANKNIFTY-II.NFO,22/05/2025,09:32:18,55194.6,55194.4,30,55209.2,30,30,447030
BANKNIFTY-II.NFO,22/05/2025,09:32:19,55194.6,55194.4,30,55209.6,180,0,447030
BANKNIFTY-II.NFO,22/05/2025,09:32:20,55200,55194.6,270,55200,30,30,447030
BANKNIFTY-II.NFO,22/05/2025,09:32:21,55200,55194.4,30,55200,30,0,447030
BANKNIFTY-II.NFO,22/05/2025,09:32:24,55194.4,55190,30,55200,30,30,447030
BANKNIFTY-II.NFO,22/05/2025,09:32:25,55194.4,55190,30,55200,30,0,447030
BANKNIFTY-II.NFO,22/05/2025,09:32:26,55203.4,55190,30,55204.4,30,570,447030
BANKNIFTY-II.NFO,22/05/2025,09:32:28,55206,55190,30,55205.8,30,180,447030
BANKNIFTY-II.NFO,22/05/2025,09:32:29,55190,55176.2,240,55199.6,60,30,447030
BANKNIFTY-II.NFO,22/05/2025,09:32:30,55190,55173.4,270,55196.6,120,0,447030
BANKNIFTY-II.NFO,22/05/2025,09:32:31,55190,55173.2,270,55193.2,30,0,447030
BANKNIFTY-II.NFO,22/05/2025,09:32:33,55190,55165.4,300,55188.8,30,0,447030
BANKNIFTY-II.NFO,22/05/2025,09:32:34,55190,55166.2,240,55186.4,30,0,447030
BANKNIFTY-II.NFO,22/05/2025,09:32:35,55190,55165.6,270,55185,30,0,447030
BANKNIFTY-II.NFO,22/05/2025,09:32:36,55184.4,55165.2,270,55181.4,30,30,447030
BANKNIFTY-II.NFO,22/05/2025,09:32:38,55184.4,55165.2,240,55181.6,30,0,447030
BANKNIFTY-II.NFO,22/05/2025,09:32:39,55184.4,55165.2,270,55181.4,30,0,447030
BANKNIFTY-II.NFO,22/05/2025,09:32:40,55184.4,55165.2,270,55180.8,60,0,447030
BANKNIFTY-II.NFO,22/05/2025,09:32:41,55184.4,55166.4,300,55185.2,30,0,447030
BANKNIFTY-II.NFO,22/05/2025,09:32:43,55184.4,55165.2,270,55184.2,30,0,447030
BANKNIFTY-II.NFO,22/05/2025,09:32:44,55184.2,55170.2,270,55188,30,30,447030
BANKNIFTY-II.NFO,22/05/2025,09:32:45,55184.2,55166.8,240,55188,90,0,447030
BANKNIFTY-II.NFO,22/05/2025,09:32:46,55184.2,55165.2,270,55185.6,30,0,447030
BANKNIFTY-II.NFO,22/05/2025,09:32:48,55184.2,55165.2,240,55184.4,60,0,447030
BANKNIFTY-II.NFO,22/05/2025,09:32:49,55165,55160,30,55180.4,30,60,447030
BANKNIFTY-II.NFO,22/05/2025,09:32:50,55165,55160,30,55173.2,30,0,447030
BANKNIFTY-II.NFO,22/05/2025,09:32:51,55156,55156.4,240,55166.2,30,60,447030
BANKNIFTY-II.NFO,22/05/2025,09:32:53,55156,55156,240,55166.2,30,0,447030
BANKNIFTY-II.NFO,22/05/2025,09:32:54,55156,55156,240,55165.8,30,30,447030
BANKNIFTY-II.NFO,22/05/2025,09:32:55,55156,55156.8,240,55165.8,30,0,447030
BANKNIFTY-II.NFO,22/05/2025,09:32:56,55156,55156,210,55173.6,30,30,447030
BANKNIFTY-II.NFO,22/05/2025,09:32:59,55156,55156,210,55176.2,30,0,447030
BANKNIFTY-II.NFO,22/05/2025,09:33:00,55155.8,55152,60,55165.8,30,30,447030
BANKNIFTY-II.NFO,22/05/2025,09:33:01,55156,55152.2,240,55168,30,30,447030
BANKNIFTY-II.NFO,22/05/2025,09:33:03,55156,55152,60,55165,30,0,447030
BANKNIFTY-II.NFO,22/05/2025,09:33:04,55154,55152.4,270,55172.6,60,30,447030
BANKNIFTY-II.NFO,22/05/2025,09:33:05,55154,55154,270,55172,30,0,447030
BANKNIFTY-II.NFO,22/05/2025,09:33:06,55154,55161.4,270,55176.2,30,0,447030
BANKNIFTY-II.NFO,22/05/2025,09:33:08,55154,55161.4,270,55179.2,30,0,447030
BANKNIFTY-II.NFO,22/05/2025,09:33:09,55154,55157,270,55177.8,30,0,447030
BANKNIFTY-II.NFO,22/05/2025,09:33:10,55154,55152.4,270,55172.2,60,0,447030
BANKNIFTY-II.NFO,22/05/2025,09:33:11,55154,55156.2,240,55171.6,30,0,447030
BANKNIFTY-II.NFO,22/05/2025,09:33:13,55154,55156.2,240,55170.6,30,0,447030
BANKNIFTY-II.NFO,22/05/2025,09:33:14,55156.2,55156.2,240,55170.6,30,30,447030
BANKNIFTY-II.NFO,22/05/2025,09:33:15,55157,55159.8,240,55170.6,30,60,447030
BANKNIFTY-II.NFO,22/05/2025,09:33:16,55157,55157,330,55170.6,30,0,447030
BANKNIFTY-II.NFO,22/05/2025,09:33:18,55157,55161.4,300,55170.6,30,0,447030
BANKNIFTY-II.NFO,22/05/2025,09:33:19,55157,55161.4,330,55170.6,30,0,447030
BANKNIFTY-II.NFO,22/05/2025,09:33:20,55161.4,55163.4,270,55180.2,30,30,447030
BANKNIFTY-II.NFO,22/05/2025,09:33:21,55161.4,55163.2,240,55178.4,30,0,447030
BANKNIFTY-II.NFO,22/05/2025,09:33:23,55161.4,55162.6,270,55178.4,30,0,447030
BANKNIFTY-II.NFO,22/05/2025,09:33:24,55161.4,55165.6,240,55178.4,30,0,447030
BANKNIFTY-II.NFO,22/05/2025,09:33:26,55161.4,55163,270,55178.4,30,0,447030
BANKNIFTY-II.NFO,22/05/2025,09:33:28,55161.4,55160.4,240,55178.4,30,0,447030
BANKNIFTY-II.NFO,22/05/2025,09:33:29,55161.4,55156.4,240,55177.8,30,0,447030
BANKNIFTY-II.NFO,22/05/2025,09:33:30,55161.4,55158.8,270,55177.6,30,0,447030
BANKNIFTY-II.NFO,22/05/2025,09:33:31,55161.4,55163.4,240,55176.8,30,0,447030
BANKNIFTY-II.NFO,22/05/2025,09:33:33,55161.4,55163.4,240,55176.6,30,0,447030
BANKNIFTY-II.NFO,22/05/2025,09:33:34,55184.2,55164.8,270,55184.6,60,750,447030
BANKNIFTY-II.NFO,22/05/2025,09:33:35,55184.2,55166.8,330,55182.6,30,0,447030
BANKNIFTY-II.NFO,22/05/2025,09:33:36,55184.2,55169.6,240,55179.8,30,0,447030
BANKNIFTY-II.NFO,22/05/2025,09:33:38,55184.2,55163.4,240,55177.4,30,0,447030
BANKNIFTY-II.NFO,22/05/2025,09:33:39,55184.2,55169.2,270,55177.2,30,0,447030
BANKNIFTY-II.NFO,22/05/2025,09:33:40,55180,55174.2,240,55196,30,60,447030
BANKNIFTY-II.NFO,22/05/2025,09:33:41,55198.6,55176.2,240,55198,30,210,447030
BANKNIFTY-II.NFO,22/05/2025,09:33:43,55198.6,55186,270,55200,60,0,447030
BANKNIFTY-II.NFO,22/05/2025,09:33:44,55198.6,55186.4,330,55200,60,0,447030
BANKNIFTY-II.NFO,22/05/2025,09:33:45,55200,55184.6,240,55200,30,30,447030
BANKNIFTY-II.NFO,22/05/2025,09:33:47,55205.6,55184,270,55204.2,30,150,447030
BANKNIFTY-II.NFO,22/05/2025,09:33:48,55204.2,55182,300,55205.4,150,30,447030
BANKNIFTY-II.NFO,22/05/2025,09:33:49,55204.2,55187.2,240,55206,180,0,447030
BANKNIFTY-II.NFO,22/05/2025,09:33:50,55204.2,55182.8,240,55206,30,0,447030
BANKNIFTY-II.NFO,22/05/2025,09:33:52,55204.2,55186,300,55206,30,0,447030
BANKNIFTY-II.NFO,22/05/2025,09:33:53,55205.6,55180.4,240,55203,60,30,447360
BANKNIFTY-II.NFO,22/05/2025,09:33:54,55205.6,55180,240,55202,30,0,447360
BANKNIFTY-II.NFO,22/05/2025,09:33:55,55202,55180.4,300,55201.6,120,30,447360
BANKNIFTY-II.NFO,22/05/2025,09:33:56,55202,55180.4,240,55201.4,60,0,447360
BANKNIFTY-II.NFO,22/05/2025,09:33:58,55202,55182,240,55200.8,120,0,447360
BANKNIFTY-II.NFO,22/05/2025,09:33:59,55202,55180.4,240,55201.2,30,0,447360
BANKNIFTY-II.NFO,22/05/2025,09:34:00,55202,55184.8,270,55203.2,90,0,447360
BANKNIFTY-II.NFO,22/05/2025,09:34:01,55202,55176.2,240,55196.2,30,0,447360
BANKNIFTY-II.NFO,22/05/2025,09:34:03,55202,55170.4,240,55192,30,0,447360
BANKNIFTY-II.NFO,22/05/2025,09:34:04,55192,55172.8,300,55192.8,30,30,447360
BANKNIFTY-II.NFO,22/05/2025,09:34:05,55192,55168.6,240,55189.6,30,0,447360
BANKNIFTY-II.NFO,22/05/2025,09:34:06,55192,55166.8,270,55186,30,0,447360
BANKNIFTY-II.NFO,22/05/2025,09:34:09,55193,55171.4,240,55192.2,30,600,447360
BANKNIFTY-II.NFO,22/05/2025,09:34:10,55193,55171.4,240,55191.8,90,0,447360
BANKNIFTY-II.NFO,22/05/2025,09:34:11,55193,55169.4,240,55189.8,60,0,447360
BANKNIFTY-II.NFO,22/05/2025,09:34:12,55193,55168.2,240,55189.8,60,0,447360
BANKNIFTY-II.NFO,22/05/2025,09:34:14,55193,55166,240,55187.8,60,0,447360
BANKNIFTY-II.NFO,22/05/2025,09:34:15,55166,55166.6,240,55189,30,210,447360
BANKNIFTY-II.NFO,22/05/2025,09:34:16,55166,55167,240,55186.8,30,0,447360
BANKNIFTY-II.NFO,22/05/2025,09:34:17,55166,55163,240,55183.8,30,0,447360
BANKNIFTY-II.NFO,22/05/2025,09:34:19,55166,55162,240,55180.8,30,0,447360
BANKNIFTY-II.NFO,22/05/2025,09:34:20,55166,55162.8,270,55180.8,30,0,447360
BANKNIFTY-II.NFO,22/05/2025,09:34:21,55166,55163,240,55181.6,30,0,447360
BANKNIFTY-II.NFO,22/05/2025,09:34:22,55166,55161.2,300,55181.6,30,0,447360
BANKNIFTY-II.NFO,22/05/2025,09:34:23,55166,55157.6,240,55180.6,90,0,447360
BANKNIFTY-II.NFO,22/05/2025,09:34:25,55166,55156.4,240,55177.2,30,0,447360
BANKNIFTY-II.NFO,22/05/2025,09:34:26,55166,55156.4,240,55176.4,30,0,447360
BANKNIFTY-II.NFO,22/05/2025,09:34:27,55166,55156.4,240,55176.2,90,0,447360
BANKNIFTY-II.NFO,22/05/2025,09:34:28,55166,55156.4,240,55176.2,30,0,447360
BANKNIFTY-II.NFO,22/05/2025,09:34:30,55166,55156.2,270,55174,30,0,447360
BANKNIFTY-II.NFO,22/05/2025,09:34:31,55166,55156,30,55173.8,30,0,447360
BANKNIFTY-II.NFO,22/05/2025,09:34:32,55155,55156.6,270,55173.6,30,60,447360
BANKNIFTY-II.NFO,22/05/2025,09:34:33,55155,55155.2,240,55174,30,0,447360
BANKNIFTY-II.NFO,22/05/2025,09:34:35,55155,55155.2,240,55167.4,30,0,447360
BANKNIFTY-II.NFO,22/05/2025,09:34:36,55155,55155,30,55164.8,30,30,447360
BANKNIFTY-II.NFO,22/05/2025,09:34:37,55155,55155,30,55165.6,30,0,447360
BANKNIFTY-II.NFO,22/05/2025,09:34:38,55155,55155,30,55162.4,30,0,447360
BANKNIFTY-II.NFO,22/05/2025,09:34:39,55155,55155,30,55160,30,0,447360
BANKNIFTY-II.NFO,22/05/2025,09:34:41,55159.8,55155.2,270,55175.2,30,30,447360
BANKNIFTY-II.NFO,22/05/2025,09:34:42,55159.8,55155.2,240,55171.4,30,0,447360
BANKNIFTY-II.NFO,22/05/2025,09:34:43,55155.2,55155.2,90,55173,30,210,447360
BANKNIFTY-II.NFO,22/05/2025,09:34:44,55155,55154.2,240,55166.2,30,150,447360
BANKNIFTY-II.NFO,22/05/2025,09:34:45,55154,55154.2,240,55163.4,30,30,447360
BANKNIFTY-II.NFO,22/05/2025,09:34:47,55154.2,55154.2,210,55165.6,30,30,447360
BANKNIFTY-II.NFO,22/05/2025,09:34:48,55154.2,55153.8,30,55164,30,0,447360
BANKNIFTY-II.NFO,22/05/2025,09:34:49,55154.2,55152.4,240,55162,30,0,447360
BANKNIFTY-II.NFO,22/05/2025,09:34:50,55161.8,55161.2,240,55172.2,30,30,447360
BANKNIFTY-II.NFO,22/05/2025,09:34:52,55161.8,55156.8,240,55166.2,30,0,447360
BANKNIFTY-II.NFO,22/05/2025,09:34:53,55156.8,55156,240,55164.2,30,30,447360
BANKNIFTY-II.NFO,22/05/2025,09:34:54,55156,55156,210,55161.4,30,30,447360
BANKNIFTY-II.NFO,22/05/2025,09:34:55,55156,55156,180,55161,30,30,447360
BANKNIFTY-II.NFO,22/05/2025,09:34:56,55160.2,55156,180,55174,30,30,447360
BANKNIFTY-II.NFO,22/05/2025,09:34:58,55174,55158.8,270,55181,60,30,447360
BANKNIFTY-II.NFO,22/05/2025,09:34:59,55174,55155.8,270,55179.2,240,0,447360
BANKNIFTY-II.NFO,22/05/2025,09:35:00,55174,55163.2,240,55184.2,120,0,447360
BANKNIFTY-II.NFO,22/05/2025,09:35:01,55174,55162,240,55183.8,240,0,447360
BANKNIFTY-II.NFO,22/05/2025,09:35:03,55174,55161.6,240,55182.2,240,0,447360
BANKNIFTY-II.NFO,22/05/2025,09:35:04,55174,55162,240,55182.2,240,0,447360
BANKNIFTY-II.NFO,22/05/2025,09:35:05,55174,55163.6,240,55184.6,120,0,447360
BANKNIFTY-II.NFO,22/05/2025,09:35:06,55174,55158.2,270,55179.6,180,0,447360
BANKNIFTY-II.NFO,22/05/2025,09:35:08,55174,55158.2,270,55179.2,90,0,447360
BANKNIFTY-II.NFO,22/05/2025,09:35:09,55174,55158.2,240,55176.4,240,0,447360
BANKNIFTY-II.NFO,22/05/2025,09:35:10,55158.2,55158.2,240,55176.4,240,30,447360
BANKNIFTY-II.NFO,22/05/2025,09:35:11,55158.2,55158.2,240,55176.4,240,0,447360
BANKNIFTY-II.NFO,22/05/2025,09:35:13,55158.2,55158.2,270,55173.4,30,0,447360
BANKNIFTY-II.NFO,22/05/2025,09:35:14,55158.2,55158.2,240,55173.4,30,0,447360
BANKNIFTY-II.NFO,22/05/2025,09:35:15,55158,55155.2,240,55169,30,30,447360
BANKNIFTY-II.NFO,22/05/2025,09:35:16,55158,55164,30,55167.4,30,0,447360
BANKNIFTY-II.NFO,22/05/2025,09:35:17,55152.4,55152.4,150,55165.4,30,660,447360
BANKNIFTY-II.NFO,22/05/2025,09:35:19,55152.4,55155,150,55164,30,0,447360
BANKNIFTY-II.NFO,22/05/2025,09:35:20,55152.4,55155.4,240,55164.2,30,0,447360
BANKNIFTY-II.NFO,22/05/2025,09:35:21,55152.4,55155.8,150,55164.8,30,0,447360
BANKNIFTY-II.NFO,22/05/2025,09:35:22,55152.4,55155.4,240,55164.8,30,0,447360
BANKNIFTY-II.NFO,22/05/2025,09:35:24,55152.4,55155,150,55163.2,30,0,447360
BANKNIFTY-II.NFO,22/05/2025,09:35:25,55162.6,55152.4,150,55174.8,240,30,447360
BANKNIFTY-II.NFO,22/05/2025,09:35:26,55162.6,55153,270,55174.4,240,0,447360
BANKNIFTY-II.NFO,22/05/2025,09:35:27,55162.6,55153.4,270,55174.4,240,0,447360
BANKNIFTY-II.NFO,22/05/2025,09:35:29,55153.4,55153.4,240,55171,30,30,447360
BANKNIFTY-II.NFO,22/05/2025,09:35:30,55153.4,55152.4,150,55168.6,30,0,447360
BANKNIFTY-II.NFO,22/05/2025,09:35:31,55153.6,55153.6,120,55164.8,30,30,447360
BANKNIFTY-II.NFO,22/05/2025,09:35:32,55153.6,55152.6,210,55163.2,30,0,447360
BANKNIFTY-II.NFO,22/05/2025,09:35:34,55162.6,55155.6,210,55163,30,30,447360
BANKNIFTY-II.NFO,22/05/2025,09:35:35,55162.6,55158,150,55175,30,30,447360
BANKNIFTY-II.NFO,22/05/2025,09:35:36,55162.6,55158,150,55175,30,0,447360
BANKNIFTY-II.NFO,22/05/2025,09:35:37,55162.6,55161.6,210,55174.6,30,0,447360
BANKNIFTY-II.NFO,22/05/2025,09:35:39,55173.4,55160,150,55174.6,30,30,447360
BANKNIFTY-II.NFO,22/05/2025,09:35:40,55174,55164.6,300,55175,30,120,447360
BANKNIFTY-II.NFO,22/05/2025,09:35:41,55175,55172.4,180,55193.2,240,60,447360
BANKNIFTY-II.NFO,22/05/2025,09:35:42,55175,55172,120,55195.8,300,0,447360
BANKNIFTY-II.NFO,22/05/2025,09:35:44,55175,55176,120,55196,240,0,447360
BANKNIFTY-II.NFO,22/05/2025,09:35:45,55175,55183.2,150,55205.2,240,0,447360
BANKNIFTY-II.NFO,22/05/2025,09:35:46,55203.4,55192.8,60,55210,60,30,447360
BANKNIFTY-II.NFO,22/05/2025,09:35:47,55203.4,55190.6,210,55210,60,0,447360
BANKNIFTY-II.NFO,22/05/2025,09:35:49,55191.4,55199.6,60,55210,60,30,447360
BANKNIFTY-II.NFO,22/05/2025,09:35:50,55191.4,55200.2,120,55210,60,0,447360
BANKNIFTY-II.NFO,22/05/2025,09:35:51,55191.4,55200,30,55210,60,0,447360
BANKNIFTY-II.NFO,22/05/2025,09:35:52,55200.2,55200.2,120,55210,60,120,447360
BANKNIFTY-II.NFO,22/05/2025,09:35:54,55200.2,55200.2,120,55210,60,0,447360
BANKNIFTY-II.NFO,22/05/2025,09:35:55,55205.2,55205.2,60,55210,30,60,447360
BANKNIFTY-II.NFO,22/05/2025,09:35:56,55205.2,55205,30,55210,30,0,447360
BANKNIFTY-II.NFO,22/05/2025,09:35:58,55198.8,55200.2,30,55210,30,60,447360
BANKNIFTY-II.NFO,22/05/2025,09:35:59,55198.8,55201,30,55210,30,0,447360
BANKNIFTY-II.NFO,22/05/2025,09:36:00,55198.8,55200.2,60,55210,30,0,447360
BANKNIFTY-II.NFO,22/05/2025,09:36:01,55205.2,55202.4,60,55215,30,60,447360
BANKNIFTY-II.NFO,22/05/2025,09:36:03,55205.2,55207.8,30,55215,30,0,447360
BANKNIFTY-II.NFO,22/05/2025,09:36:04,55246.2,55224,120,55244.2,240,120,447360
BANKNIFTY-II.NFO,22/05/2025,09:36:05,55246.2,55233.8,120,55246.8,30,0,447360
BANKNIFTY-II.NFO,22/05/2025,09:36:06,55246.2,55226.6,60,55246.6,240,0,447360
BANKNIFTY-II.NFO,22/05/2025,09:36:08,55246.2,55223.8,30,55246.6,240,0,447360
BANKNIFTY-II.NFO,22/05/2025,09:36:09,55244.6,55224,30,55246.6,240,30,447360
BANKNIFTY-II.NFO,22/05/2025,09:36:10,55244.6,55228.2,30,55246.8,30,0,447360
BANKNIFTY-II.NFO,22/05/2025,09:36:11,55244.6,55240.2,60,55246.8,30,0,447360
BANKNIFTY-II.NFO,22/05/2025,09:36:13,55250,55240.2,60,55259,30,120,447360
BANKNIFTY-II.NFO,22/05/2025,09:36:14,55250,55243.8,60,55259,30,0,447360
BANKNIFTY-II.NFO,22/05/2025,09:36:15,55245,55247.2,60,55259,30,30,447360
BANKNIFTY-II.NFO,22/05/2025,09:36:16,55259,55251.8,90,55268.8,60,60,447360
BANKNIFTY-II.NFO,22/05/2025,09:36:18,55259,55243.2,60,55265.4,60,0,447360
BANKNIFTY-II.NFO,22/05/2025,09:36:19,55259,55243,90,55264.8,240,0,447360
BANKNIFTY-II.NFO,22/05/2025,09:36:20,55259,55235.4,60,55262.6,270,0,447360
BANKNIFTY-II.NFO,22/05/2025,09:36:21,55252.8,55230.2,60,55253.2,240,60,447360
BANKNIFTY-II.NFO,22/05/2025,09:36:23,55252.8,55235.8,120,55258.8,240,0,447360
BANKNIFTY-II.NFO,22/05/2025,09:36:24,55252.8,55240,90,55264.4,300,0,447360
BANKNIFTY-II.NFO,22/05/2025,09:36:25,55255,55236.6,60,55260.2,240,30,447360
BANKNIFTY-II.NFO,22/05/2025,09:36:26,55255,55243.4,90,55266.6,240,0,447360
BANKNIFTY-II.NFO,22/05/2025,09:36:28,55255,55242.2,60,55265.4,240,0,447360
BANKNIFTY-II.NFO,22/05/2025,09:36:29,55255,55240.8,90,55263,240,0,447360
BANKNIFTY-II.NFO,22/05/2025,09:36:30,55255,55236.6,90,55260,240,0,447360
BANKNIFTY-II.NFO,22/05/2025,09:36:31,55256,55255,30,55256,2970,30,447360
BANKNIFTY-II.NFO,22/05/2025,09:36:32,55255,55223.8,90,55246.6,240,60,447360
BANKNIFTY-II.NFO,22/05/2025,09:36:34,55255,55216.4,60,55239.8,240,0,447360
BANKNIFTY-II.NFO,22/05/2025,09:36:35,55255,55211.2,120,55234,270,0,447360
BANKNIFTY-II.NFO,22/05/2025,09:36:36,55255,55204.4,60,55226,240,0,447360
BANKNIFTY-II.NFO,22/05/2025,09:36:37,55255,55202.8,90,55226,240,0,447360
BANKNIFTY-II.NFO,22/05/2025,09:36:40,55255,55200.2,120,55222.8,240,0,447360
BANKNIFTY-II.NFO,22/05/2025,09:36:41,55255,55200.2,120,55222,240,0,447360
BANKNIFTY-II.NFO,22/05/2025,09:36:42,55220.8,55200.2,60,55216.4,240,30,447360
BANKNIFTY-II.NFO,22/05/2025,09:36:44,55206.2,55200.2,60,55206.2,270,30,447360
BANKNIFTY-II.NFO,22/05/2025,09:36:45,55200,55190.2,30,55212.4,240,90,447360
BANKNIFTY-II.NFO,22/05/2025,09:36:46,55200,55184,150,55207.4,240,0,447360
BANKNIFTY-II.NFO,22/05/2025,09:36:47,55200,55193.2,90,55214.4,240,0,447360
BANKNIFTY-II.NFO,22/05/2025,09:36:49,55218.8,55200,30,55214.4,300,30,447360
BANKNIFTY-II.NFO,22/05/2025,09:36:50,55200,55195,120,55199.8,30,120,447360
BANKNIFTY-II.NFO,22/05/2025,09:36:51,55195.2,55202.8,210,55220,30,150,447360
BANKNIFTY-II.NFO,22/05/2025,09:36:52,55195.2,55219.6,30,55220,30,0,447360
BANKNIFTY-II.NFO,22/05/2025,09:36:53,55220,55214.6,60,55232.4,240,30,447360
BANKNIFTY-II.NFO,22/05/2025,09:36:55,55220,55214.8,60,55232.4,240,0,447360
BANKNIFTY-II.NFO,22/05/2025,09:36:56,55220,55214.8,60,55232,270,0,447360
BANKNIFTY-II.NFO,22/05/2025,09:36:57,55231.6,55214.2,120,55237.4,240,60,448410
BANKNIFTY-II.NFO,22/05/2025,09:36:58,55231.6,55213.4,120,55236.2,240,0,448410
BANKNIFTY-II.NFO,22/05/2025,09:37:00,55231.6,55210.4,30,55235,330,0,448410
BANKNIFTY-II.NFO,22/05/2025,09:37:01,55231.6,55212.4,90,55233.4,240,0,448410
BANKNIFTY-II.NFO,22/05/2025,09:37:02,55231.6,55215.2,120,55233.4,240,0,448410
BANKNIFTY-II.NFO,22/05/2025,09:37:03,55231.6,55215.2,120,55234.6,240,0,448410
BANKNIFTY-II.NFO,22/05/2025,09:37:05,55231.6,55213.4,180,55231.4,240,0,448410
BANKNIFTY-II.NFO,22/05/2025,09:37:06,55231.6,55222,60,55231.6,30,0,448410
BANKNIFTY-II.NFO,22/05/2025,09:37:07,55248.8,55225.6,60,55244.4,240,60,448410
BANKNIFTY-II.NFO,22/05/2025,09:37:08,55248.8,55231.8,60,55249.8,240,0,448410
BANKNIFTY-II.NFO,22/05/2025,09:37:09,55248.8,55231.8,30,55246.4,240,0,448410
BANKNIFTY-II.NFO,22/05/2025,09:37:11,55248.8,55244.4,30,55253.2,240,0,448410
BANKNIFTY-II.NFO,22/05/2025,09:37:12,55244.4,55231.6,30,55250.4,90,60,448410
BANKNIFTY-II.NFO,22/05/2025,09:37:13,55244.4,55231.6,30,55245.6,240,0,448410
BANKNIFTY-II.NFO,22/05/2025,09:37:14,55244.4,55231.6,30,55250,240,0,448410
BANKNIFTY-II.NFO,22/05/2025,09:37:16,55244.4,55231.6,30,55244.4,240,0,448410
BANKNIFTY-II.NFO,22/05/2025,09:37:17,55244.4,55231.6,30,55243.6,240,0,448410
BANKNIFTY-II.NFO,22/05/2025,09:37:18,55244.4,55231.6,60,55249.2,240,30,448410
BANKNIFTY-II.NFO,22/05/2025,09:37:19,55244.4,55231.6,30,55246.4,240,0,448410
BANKNIFTY-II.NFO,22/05/2025,09:37:20,55231.6,55227,90,55247.4,240,30,448410
BANKNIFTY-II.NFO,22/05/2025,09:37:22,55231.6,55221.4,210,55245.4,270,0,448410
BANKNIFTY-II.NFO,22/05/2025,09:37:23,55231.6,55229,150,55248.8,240,0,448410
BANKNIFTY-II.NFO,22/05/2025,09:37:24,55231.6,55230.4,90,55248.8,240,0,448410
BANKNIFTY-II.NFO,22/05/2025,09:37:25,55231.6,55224.8,60,55248.8,240,0,448410
BANKNIFTY-II.NFO,22/05/2025,09:37:27,55231.6,55228.4,60,55248.8,240,0,448410
BANKNIFTY-II.NFO,22/05/2025,09:37:28,55231.6,55224.8,180,55248.2,240,0,448410
BANKNIFTY-II.NFO,22/05/2025,09:37:29,55231.6,55227.6,120,55247.8,240,0,448410
BANKNIFTY-II.NFO,22/05/2025,09:37:30,55231.6,55228,90,55247.8,240,0,448410
BANKNIFTY-II.NFO,22/05/2025,09:37:32,55231.6,55227.8,30,55243,240,0,448410
BANKNIFTY-II.NFO,22/05/2025,09:37:33,55231.6,55227.8,30,55244,240,0,448410
BANKNIFTY-II.NFO,22/05/2025,09:37:34,55231.6,55228,120,55246.4,300,0,448410
BANKNIFTY-II.NFO,22/05/2025,09:37:35,55231.6,55227.8,30,55244.2,300,0,448410
BANKNIFTY-II.NFO,22/05/2025,09:37:37,55231.6,55227.8,30,55243,240,0,448410
BANKNIFTY-II.NFO,22/05/2025,09:37:38,55231.6,55227.8,60,55244.8,240,0,448410
BANKNIFTY-II.NFO,22/05/2025,09:37:39,55231.6,55228.2,210,55245,30,0,448410
BANKNIFTY-II.NFO,22/05/2025,09:37:40,55231.6,55228.2,120,55245,30,0,448410
BANKNIFTY-II.NFO,22/05/2025,09:37:42,55231.6,55228,150,55244.8,240,0,448410
BANKNIFTY-II.NFO,22/05/2025,09:37:43,55231.6,55229.8,120,55245,30,0,448410
BANKNIFTY-II.NFO,22/05/2025,09:37:44,55231.6,55227.8,120,55245,30,0,448410
BANKNIFTY-II.NFO,22/05/2025,09:37:45,55231.6,55230.6,90,55245,30,0,448410
BANKNIFTY-II.NFO,22/05/2025,09:37:47,55231.6,55231,90,55245,30,0,448410
BANKNIFTY-II.NFO,22/05/2025,09:37:48,55231.6,55230.8,30,55244.8,300,0,448410
BANKNIFTY-II.NFO,22/05/2025,09:37:49,55231.6,55230.8,30,55244.2,240,0,448410
BANKNIFTY-II.NFO,22/05/2025,09:37:50,55231.6,55231,120,55245,60,0,448410
BANKNIFTY-II.NFO,22/05/2025,09:37:52,55231.6,55231,120,55240,30,0,448410
BANKNIFTY-II.NFO,22/05/2025,09:37:53,55231.6,55230.8,30,55240,30,0,448410
BANKNIFTY-II.NFO,22/05/2025,09:37:54,55240,55230.8,30,55244.8,240,30,448410
BANKNIFTY-II.NFO,22/05/2025,09:37:55,55240,55231,60,55245,60,0,448410
BANKNIFTY-II.NFO,22/05/2025,09:37:57,55240,55231,90,55245,60,0,448410
BANKNIFTY-II.NFO,22/05/2025,09:37:58,55240,55230.8,30,55244.8,240,0,448410
BANKNIFTY-II.NFO,22/05/2025,09:37:59,55240,55225,30,55240.4,240,0,448410
BANKNIFTY-II.NFO,22/05/2025,09:38:00,55240,55225,30,55235.8,300,0,448410
BANKNIFTY-II.NFO,22/05/2025,09:38:02,55225,55220,30,55232.6,240,30,448410
BANKNIFTY-II.NFO,22/05/2025,09:38:03,55220,55205.4,60,55224.2,300,60,448410
BANKNIFTY-II.NFO,22/05/2025,09:38:04,55220,55205.2,90,55224.6,240,0,448410
BANKNIFTY-II.NFO,22/05/2025,09:38:05,55220,55205.4,120,55218.8,30,0,448410
BANKNIFTY-II.NFO,22/05/2025,09:38:07,55220,55205.2,120,55218.8,30,0,448410
BANKNIFTY-II.NFO,22/05/2025,09:38:09,55220,55206.6,180,55218.8,30,0,448410
BANKNIFTY-II.NFO,22/05/2025,09:38:10,55205,55201.2,120,55210,420,30,448410
BANKNIFTY-II.NFO,22/05/2025,09:38:12,55205,55202.4,120,55210,420,0,448410
BANKNIFTY-II.NFO,22/05/2025,09:38:13,55210,55210.6,150,55231.6,240,420,448410
BANKNIFTY-II.NFO,22/05/2025,09:38:14,55231.6,55210.8,150,55231.8,300,30,448410
BANKNIFTY-II.NFO,22/05/2025,09:38:15,55231.6,55210.8,150,55231.8,240,0,448410
BANKNIFTY-II.NFO,22/05/2025,09:38:17,55231.6,55214,150,55234.8,240,0,448410
BANKNIFTY-II.NFO,22/05/2025,09:38:18,55231.6,55212.8,150,55234.2,240,0,448410
BANKNIFTY-II.NFO,22/05/2025,09:38:19,55212,55212,30,55233,390,30,448410
BANKNIFTY-II.NFO,22/05/2025,09:38:20,55212,55206.8,60,55230.8,240,0,448410
BANKNIFTY-II.NFO,22/05/2025,09:38:21,55212,55207.8,120,55229.4,300,0,448410
BANKNIFTY-II.NFO,22/05/2025,09:38:23,55212,55201.4,60,55224.2,240,0,448410
BANKNIFTY-II.NFO,22/05/2025,09:38:24,55212,55202.8,150,55225,240,0,448410
BANKNIFTY-II.NFO,22/05/2025,09:38:25,55212,55201.6,60,55223.8,270,0,448410
BANKNIFTY-II.NFO,22/05/2025,09:38:26,55212,55200.2,150,55221.2,240,0,448410
BANKNIFTY-II.NFO,22/05/2025,09:38:28,55212,55200,30,55217.2,300,0,448410
BANKNIFTY-II.NFO,22/05/2025,09:38:29,55212,55200,30,55215,240,0,448410
BANKNIFTY-II.NFO,22/05/2025,09:38:30,55212,55200,60,55213.6,240,0,448410
BANKNIFTY-II.NFO,22/05/2025,09:38:31,55200,55200,30,55213.6,240,30,448410
BANKNIFTY-II.NFO,22/05/2025,09:38:33,55219.8,55202.8,30,55223.4,240,30,448410
BANKNIFTY-II.NFO,22/05/2025,09:38:34,55219.8,55200.2,150,55219,240,0,448410
BANKNIFTY-II.NFO,22/05/2025,09:38:35,55219.8,55202.4,120,55222.8,240,0,448410
BANKNIFTY-II.NFO,22/05/2025,09:38:36,55219.8,55200.4,120,55221.4,240,0,448410
BANKNIFTY-II.NFO,22/05/2025,09:38:38,55219.8,55200.4,120,55222.2,240,0,448410
BANKNIFTY-II.NFO,22/05/2025,09:38:39,55219.8,55201.6,60,55223,240,0,448410
BANKNIFTY-II.NFO,22/05/2025,09:38:40,55219.8,55207.4,30,55225.8,240,0,448410
BANKNIFTY-II.NFO,22/05/2025,09:38:41,55219.8,55200.4,120,55221,240,0,448410
BANKNIFTY-II.NFO,22/05/2025,09:38:42,55219.8,55203,240,55223.4,240,0,448410
BANKNIFTY-II.NFO,22/05/2025,09:38:44,55219.8,55208.6,150,55227.2,240,0,448410
BANKNIFTY-II.NFO,22/05/2025,09:38:45,55219.8,55210,30,55225.8,240,0,448410
BANKNIFTY-II.NFO,22/05/2025,09:38:46,55219.8,55210.2,120,55225.4,150,0,448410
BANKNIFTY-II.NFO,22/05/2025,09:38:47,55219.8,55210.2,60,55226,30,0,448410
BANKNIFTY-II.NFO,22/05/2025,09:38:49,55234.6,55213.6,240,55234.8,240,270,448410
BANKNIFTY-II.NFO,22/05/2025,09:38:50,55234.8,55221,180,55235,30,30,448410
BANKNIFTY-II.NFO,22/05/2025,09:38:51,55234.8,55215.2,150,55234.8,240,0,448410
BANKNIFTY-II.NFO,22/05/2025,09:38:52,55215.2,55217.4,180,55234.8,240,30,448410
BANKNIFTY-II.NFO,22/05/2025,09:38:54,55215.2,55213.2,240,55234.8,240,0,448410
BANKNIFTY-II.NFO,22/05/2025,09:38:55,55215.2,55214.8,330,55235,30,0,448410
BANKNIFTY-II.NFO,22/05/2025,09:38:56,55215.2,55215.8,240,55234.8,240,0,448410
BANKNIFTY-II.NFO,22/05/2025,09:38:57,55215.2,55210.4,150,55230.6,300,0,448410
BANKNIFTY-II.NFO,22/05/2025,09:38:59,55215.2,55210.4,30,55226.8,240,0,448410
BANKNIFTY-II.NFO,22/05/2025,09:39:00,55215.2,55210,30,55226.4,240,0,448410
BANKNIFTY-II.NFO,22/05/2025,09:39:01,55215.2,55210,30,55228.8,240,0,448410
BANKNIFTY-II.NFO,22/05/2025,09:39:02,55215.2,55210,30,55221.2,240,0,448410
BANKNIFTY-II.NFO,22/05/2025,09:39:04,55210,55200.2,120,55219.6,300,30,448410
BANKNIFTY-II.NFO,22/05/2025,09:39:05,55210,55200.4,150,55220.2,240,0,448410
BANKNIFTY-II.NFO,22/05/2025,09:39:06,55210,55204,270,55223,240,0,448410
BANKNIFTY-II.NFO,22/05/2025,09:39:07,55210,55200.4,120,55222.2,240,0,448410
BANKNIFTY-II.NFO,22/05/2025,09:39:09,55210,55200,30,55216,240,0,448410
BANKNIFTY-II.NFO,22/05/2025,09:39:10,55210,55200,30,55217.6,240,0,448410
BANKNIFTY-II.NFO,22/05/2025,09:39:11,55210,55200,30,55210,30,0,448410
BANKNIFTY-II.NFO,22/05/2025,09:39:12,55210,55200,30,55209.8,240,0,448410
BANKNIFTY-II.NFO,22/05/2025,09:39:13,55210,55200,30,55206.8,240,0,448410
BANKNIFTY-II.NFO,22/05/2025,09:39:15,55200,55183.4,180,55206.4,270,30,448410
BANKNIFTY-II.NFO,22/05/2025,09:39:16,55200,55200,30,55205.8,240,0,448410
BANKNIFTY-II.NFO,22/05/2025,09:39:17,55182.6,55182.6,210,55203.2,270,90,448410
BANKNIFTY-II.NFO,22/05/2025,09:39:18,55182.6,55177,210,55199,240,0,448410
BANKNIFTY-II.NFO,22/05/2025,09:39:20,55199,55175.2,180,55194.6,30,60,448410
BANKNIFTY-II.NFO,22/05/2025,09:39:21,55193.8,55175,180,55194,240,30,448410
BANKNIFTY-II.NFO,22/05/2025,09:39:22,55193.8,55175,180,55194,240,0,448410
BANKNIFTY-II.NFO,22/05/2025,09:39:23,55179.4,55178.8,60,55192.8,60,60,448410
BANKNIFTY-II.NFO,22/05/2025,09:39:25,55179.4,55186.8,210,55202.4,30,0,448410
BANKNIFTY-II.NFO,22/05/2025,09:39:27,55179.4,55191,90,55209.6,90,0,448410
BANKNIFTY-II.NFO,22/05/2025,09:39:28,55209.6,55195.6,210,55208.6,30,30,448410
BANKNIFTY-II.NFO,22/05/2025,09:39:30,55209.6,55192.2,60,55209.8,30,0,448410
BANKNIFTY-II.NFO,22/05/2025,09:39:31,55209.6,55202.8,120,55210,30,0,448410
BANKNIFTY-II.NFO,22/05/2025,09:39:32,55209.6,55197.6,90,55210,30,0,448410
BANKNIFTY-II.NFO,22/05/2025,09:39:33,55209.6,55195.4,90,55210,30,0,448410
BANKNIFTY-II.NFO,22/05/2025,09:39:35,55209.6,55198,120,55210,30,0,448410
BANKNIFTY-II.NFO,22/05/2025,09:39:36,55209.6,55202,150,55210,30,0,448410
BANKNIFTY-II.NFO,22/05/2025,09:39:37,55200.2,55200.6,300,55210,30,120,448410
BANKNIFTY-II.NFO,22/05/2025,09:39:38,55200.2,55197.2,240,55210,30,0,448410
BANKNIFTY-II.NFO,22/05/2025,09:39:40,55199.4,55197.8,240,55210,30,60,448410
BANKNIFTY-II.NFO,22/05/2025,09:39:41,55199.4,55196.8,90,55210,30,0,448410
BANKNIFTY-II.NFO,22/05/2025,09:39:42,55199.4,55199.8,120,55210,30,0,448410
BANKNIFTY-II.NFO,22/05/2025,09:39:43,55199.4,55198.6,180,55210,30,0,448410
BANKNIFTY-II.NFO,22/05/2025,09:39:45,55199.4,55197.4,150,55210,30,0,448410
BANKNIFTY-II.NFO,22/05/2025,09:39:46,55199.4,55197.2,60,55210,30,0,448410
BANKNIFTY-II.NFO,22/05/2025,09:39:47,55199.4,55196.8,180,55210,30,0,448410
BANKNIFTY-II.NFO,22/05/2025,09:39:48,55199.4,55197.8,90,55210,30,0,448410
BANKNIFTY-II.NFO,22/05/2025,09:39:50,55199.4,55193.4,90,55210,30,0,448410
BANKNIFTY-II.NFO,22/05/2025,09:39:51,55199.4,55193.4,60,55210,30,0,448410
BANKNIFTY-II.NFO,22/05/2025,09:39:52,55199.4,55190,90,55209.4,240,0,448410
BANKNIFTY-II.NFO,22/05/2025,09:39:53,55199.4,55191.8,150,55209.8,240,0,448410
BANKNIFTY-II.NFO,22/05/2025,09:39:56,55199.4,55195.6,180,55210,30,0,448410
BANKNIFTY-II.NFO,22/05/2025,09:39:57,55199.4,55194,150,55210,30,0,448410
BANKNIFTY-II.NFO,22/05/2025,09:39:58,55199.4,55191.8,180,55209.8,240,0,448410
BANKNIFTY-II.NFO,22/05/2025,09:40:00,55199.4,55190.2,60,55209.4,240,0,448410
BANKNIFTY-II.NFO,22/05/2025,09:40:01,55199.4,55189,180,55209.4,240,0,448410
BANKNIFTY-II.NFO,22/05/2025,09:40:02,55199.4,55195.2,210,55210,30,0,448410
BANKNIFTY-II.NFO,22/05/2025,09:40:03,55199.4,55196,90,55210,30,0,448410
BANKNIFTY-II.NFO,22/05/2025,09:40:05,55199.4,55197.2,180,55210,30,0,448410
BANKNIFTY-II.NFO,22/05/2025,09:40:06,55199.4,55198.4,90,55210,30,0,448410
BANKNIFTY-II.NFO,22/05/2025,09:40:07,55199.4,55199.6,180,55210,30,0,448410
BANKNIFTY-II.NFO,22/05/2025,09:40:08,55199.4,55199.4,30,55210,30,0,448410
BANKNIFTY-II.NFO,22/05/2025,09:40:10,55210,55199.4,30,55214.8,300,30,448230
BANKNIFTY-II.NFO,22/05/2025,09:40:11,55210,55199.4,30,55214.8,240,0,448230
BANKNIFTY-II.NFO,22/05/2025,09:40:12,55210,55199.4,30,55208,300,0,448230
BANKNIFTY-II.NFO,22/05/2025,09:40:13,55210,55199.4,30,55208.6,240,0,448230
BANKNIFTY-II.NFO,22/05/2025,09:40:14,55210,55199.4,30,55207.8,240,0,448230
BANKNIFTY-II.NFO,22/05/2025,09:40:16,55210,55199.4,30,55208.8,240,0,448230
BANKNIFTY-II.NFO,22/05/2025,09:40:17,55210,55199.4,30,55209,240,0,448230
BANKNIFTY-II.NFO,22/05/2025,09:40:18,55199.4,55183.6,90,55205.4,270,30,448230
BANKNIFTY-II.NFO,22/05/2025,09:40:21,55183.6,55191.4,60,55204.8,30,30,448230
BANKNIFTY-II.NFO,22/05/2025,09:40:22,55183.6,55192,180,55212.4,240,0,448230
BANKNIFTY-II.NFO,22/05/2025,09:40:23,55183.6,55196.4,120,55212.6,30,0,448230
BANKNIFTY-II.NFO,22/05/2025,09:40:25,55183.6,55197.2,180,55219,240,0,448230
BANKNIFTY-II.NFO,22/05/2025,09:40:26,55183.6,55197.2,180,55219.4,300,0,448230
BANKNIFTY-II.NFO,22/05/2025,09:40:27,55183.6,55197.6,60,55217.6,270,0,448230
BANKNIFTY-II.NFO,22/05/2025,09:40:28,55183.6,55197.6,60,55218,270,0,448230
BANKNIFTY-II.NFO,22/05/2025,09:40:30,55183.6,55197.6,180,55217.8,240,0,448230
BANKNIFTY-II.NFO,22/05/2025,09:40:31,55183.6,55201.4,120,55218,30,0,448230
BANKNIFTY-II.NFO,22/05/2025,09:40:32,55183.6,55203.6,150,55218,30,0,448230
BANKNIFTY-II.NFO,22/05/2025,09:40:33,55183.6,55203.4,120,55219.8,30,0,448230
BANKNIFTY-II.NFO,22/05/2025,09:40:35,55206.2,55206,30,55220,300,30,448230
BANKNIFTY-II.NFO,22/05/2025,09:40:36,55206.2,55203.8,150,55220,300,0,448230
BANKNIFTY-II.NFO,22/05/2025,09:40:37,55206.2,55215.4,150,55220,300,0,448230
BANKNIFTY-II.NFO,22/05/2025,09:40:38,55206.2,55208.4,120,55220,300,0,448230
BANKNIFTY-II.NFO,22/05/2025,09:40:40,55220,55214.4,60,55220,270,30,448230
BANKNIFTY-II.NFO,22/05/2025,09:40:41,55220,55219.4,60,55226.8,30,270,448230
BANKNIFTY-II.NFO,22/05/2025,09:40:42,55220,55220.8,30,55226.8,30,0,448230
BANKNIFTY-II.NFO,22/05/2025,09:40:43,55222,55222.2,120,55239.6,30,60,448230
BANKNIFTY-II.NFO,22/05/2025,09:40:45,55239.6,55220.2,150,55239.6,240,30,448230
BANKNIFTY-II.NFO,22/05/2025,09:40:46,55239.6,55220.4,150,55239.6,240,0,448230
BANKNIFTY-II.NFO,22/05/2025,09:40:47,55220.4,55221.6,120,55239.8,30,30,448230
BANKNIFTY-II.NFO,22/05/2025,09:40:48,55220.4,55226.2,90,55240,30,0,448230
BANKNIFTY-II.NFO,22/05/2025,09:40:50,55220.4,55223.2,120,55239.8,30,0,448230
BANKNIFTY-II.NFO,22/05/2025,09:40:51,55220.4,55223.6,120,55240,30,0,448230
BANKNIFTY-II.NFO,22/05/2025,09:40:52,55220.4,55223.4,30,55236.8,240,0,448230
BANKNIFTY-II.NFO,22/05/2025,09:40:53,55220.4,55223.4,30,55238.4,240,0,448230
BANKNIFTY-II.NFO,22/05/2025,09:40:56,55220.4,55223.6,120,55243,240,0,448230
BANKNIFTY-II.NFO,22/05/2025,09:40:57,55220.4,55228,120,55248,240,0,448230
BANKNIFTY-II.NFO,22/05/2025,09:40:58,55220.4,55225.2,120,55246,240,0,448230
BANKNIFTY-II.NFO,22/05/2025,09:41:00,55220.4,55224.2,120,55246,240,0,448230
BANKNIFTY-II.NFO,22/05/2025,09:41:01,55220.4,55226,120,55246.8,270,0,448230
BANKNIFTY-II.NFO,22/05/2025,09:41:02,55246.8,55228,210,55246.6,240,240,448230
BANKNIFTY-II.NFO,22/05/2025,09:41:03,55246.8,55226.2,120,55247.6,240,0,448230
BANKNIFTY-II.NFO,22/05/2025,09:41:05,55246.8,55224.4,180,55246.6,60,0,448230
BANKNIFTY-II.NFO,22/05/2025,09:41:06,55246.8,55224.8,90,55245.2,240,0,448230
BANKNIFTY-II.NFO,22/05/2025,09:41:07,55245.2,55229.6,240,55248,30,30,448230
BANKNIFTY-II.NFO,22/05/2025,09:41:08,55245.2,55233.8,210,55248.8,30,0,448230
BANKNIFTY-II.NFO,22/05/2025,09:41:10,55245.2,55233.8,120,55248.8,30,0,448230
BANKNIFTY-II.NFO,22/05/2025,09:41:11,55245.2,55238.4,30,55248.8,30,0,448230
BANKNIFTY-II.NFO,22/05/2025,09:41:12,55245.2,55236.2,120,55248.8,30,0,448230
BANKNIFTY-II.NFO,22/05/2025,09:41:13,55245.2,55246,90,55248.8,30,0,448230
BANKNIFTY-II.NFO,22/05/2025,09:41:15,55248.8,55246,60,55249,30,60,448230
BANKNIFTY-II.NFO,22/05/2025,09:41:16,55249,55246,60,55249.8,30,30,448230
BANKNIFTY-II.NFO,22/05/2025,09:41:17,55249,55246,60,55249.8,30,0,448230
BANKNIFTY-II.NFO,22/05/2025,09:41:20,55232.4,55232.4,60,55249.6,240,120,448230
BANKNIFTY-II.NFO,22/05/2025,09:41:21,55232.4,55241,210,55249,30,0,448230
BANKNIFTY-II.NFO,22/05/2025,09:41:22,55232.4,55241,30,55249,30,0,448230
BANKNIFTY-II.NFO,22/05/2025,09:41:23,55232.4,55245.2,30,55246,60,0,448230
BANKNIFTY-II.NFO,22/05/2025,09:41:25,55245.2,55238,30,55245.2,60,30,448230
BANKNIFTY-II.NFO,22/05/2025,09:41:26,55245.2,55238.2,210,55245.2,60,0,448230
BANKNIFTY-II.NFO,22/05/2025,09:41:27,55245.2,55240.6,30,55245.2,60,0,448230
BANKNIFTY-II.NFO,22/05/2025,09:41:30,55245.2,55240.6,30,55245,30,0,448230
BANKNIFTY-II.NFO,22/05/2025,09:41:31,55249.8,55249.4,30,55250,120,210,448230
BANKNIFTY-II.NFO,22/05/2025,09:41:32,55250,55247.4,180,55254.8,30,120,448230
BANKNIFTY-II.NFO,22/05/2025,09:41:33,55250,55246.8,60,55250,60,0,448230
BANKNIFTY-II.NFO,22/05/2025,09:41:35,55250,55246.8,30,55254.8,30,60,448230
BANKNIFTY-II.NFO,22/05/2025,09:41:36,55251.4,55245.4,180,55254.8,30,30,448230
BANKNIFTY-II.NFO,22/05/2025,09:41:37,55251.4,55245.6,60,55254.8,30,0,448230
BANKNIFTY-II.NFO,22/05/2025,09:41:38,55254.8,55251.4,30,55255,270,30,448230
BANKNIFTY-II.NFO,22/05/2025,09:41:40,55254.8,55246.2,90,55255,270,0,448230
BANKNIFTY-II.NFO,22/05/2025,09:41:41,55254.8,55246.6,30,55255,270,0,448230
BANKNIFTY-II.NFO,22/05/2025,09:41:42,55254.8,55248.6,30,55250,60,0,448230
BANKNIFTY-II.NFO,22/05/2025,09:41:43,55250,55245.2,30,55250,30,30,448230
BANKNIFTY-II.NFO,22/05/2025,09:41:46,55250,55245.2,30,55250,30,0,448230
BANKNIFTY-II.NFO,22/05/2025,09:41:48,55245.2,55232.4,60,55249.8,240,30,448230
BANKNIFTY-II.NFO,22/05/2025,09:41:50,55245.2,55232.4,30,55247.6,270,0,448230
BANKNIFTY-II.NFO,22/05/2025,09:41:51,55245.2,55232.4,30,55248.2,270,0,448230
BANKNIFTY-II.NFO,22/05/2025,09:41:52,55245.2,55232.4,30,55247.4,240,0,448230
BANKNIFTY-II.NFO,22/05/2025,09:41:53,55245.2,55232.4,30,55245,270,0,448230
BANKNIFTY-II.NFO,22/05/2025,09:41:55,55232.4,55229,30,55237.4,270,30,448230
BANKNIFTY-II.NFO,22/05/2025,09:41:56,55232.4,55229,30,55238.2,270,0,448230
BANKNIFTY-II.NFO,22/05/2025,09:41:57,55213.6,55213.4,60,55227,240,90,448230
BANKNIFTY-II.NFO,22/05/2025,09:41:58,55212.2,55216,30,55234,270,30,448230
BANKNIFTY-II.NFO,22/05/2025,09:42:00,55234,55216,30,55234,210,240,448230
BANKNIFTY-II.NFO,22/05/2025,09:42:01,55234,55214.6,90,55234,180,30,448230
BANKNIFTY-II.NFO,22/05/2025,09:42:02,55234.2,55223.2,270,55246.4,240,60,448230
BANKNIFTY-II.NFO,22/05/2025,09:42:03,55234.2,55217.6,30,55240,300,0,448230
BANKNIFTY-II.NFO,22/05/2025,09:42:05,55240,55222.8,90,55246.4,270,30,448230
BANKNIFTY-II.NFO,22/05/2025,09:42:06,55246.8,55225.8,120,55246.8,240,30,448230
BANKNIFTY-II.NFO,22/05/2025,09:42:07,55246.8,55222,60,55243.6,240,0,448230
BANKNIFTY-II.NFO,22/05/2025,09:42:08,55246.8,55214.2,30,55235.6,270,0,448230
BANKNIFTY-II.NFO,22/05/2025,09:42:09,55246.8,55216,30,55235.6,270,0,448230
BANKNIFTY-II.NFO,22/05/2025,09:42:11,55229.8,55206.6,30,55227,330,30,448230
BANKNIFTY-II.NFO,22/05/2025,09:42:12,55229.8,55209.8,30,55229.2,330,0,448230
BANKNIFTY-II.NFO,22/05/2025,09:42:13,55229.8,55210.6,60,55229.6,240,0,448230
BANKNIFTY-II.NFO,22/05/2025,09:42:14,55229.8,55210.8,60,55229.6,240,0,448230
BANKNIFTY-II.NFO,22/05/2025,09:42:16,55229.8,55211.4,30,55228.6,240,0,448230
BANKNIFTY-II.NFO,22/05/2025,09:42:17,55229.8,55210.8,120,55229.6,270,0,448230
BANKNIFTY-II.NFO,22/05/2025,09:42:18,55229.8,55211.4,30,55229.6,270,0,448230
BANKNIFTY-II.NFO,22/05/2025,09:42:19,55229.8,55211.4,60,55227.8,240,0,448230
BANKNIFTY-II.NFO,22/05/2025,09:42:21,55229.8,55211.8,30,55227.8,240,0,448230
BANKNIFTY-II.NFO,22/05/2025,09:42:22,55229.8,55212.2,30,55227.8,240,0,448230
BANKNIFTY-II.NFO,22/05/2025,09:42:23,55229.8,55212.2,30,55224,240,0,448230
BANKNIFTY-II.NFO,22/05/2025,09:42:24,55229.8,55212.4,30,55221.2,240,0,448230
BANKNIFTY-II.NFO,22/05/2025,09:42:26,55229.8,55212.4,30,55223.4,270,0,448230
