Ticker,Date,Time,LTP,BuyPrice,BuyQty,SellPrice,SellQty,LTQ,OpenInterest
NIFTY-II.NFO,22/05/2025,09:15:00,24855.1,24855.1,300,24878.8,300,825,7192725
NIFTY-II.NFO,22/05/2025,09:15:00,24855.1,24855.1,300,24878.8,300,0,7192725
NIFTY-II.NFO,22/05/2025,09:15:00,24894.9,24855.1,300,24878.8,300,0,7192725
NIFTY-II.NFO,22/05/2025,09:15:00,24855.1,24855.1,300,24878.8,300,0,7192725
NIFTY-II.NFO,22/05/2025,09:15:01,24868.1,24851.1,300,24861.2,300,600,7192725
NIFTY-II.NFO,22/05/2025,09:15:01,24850.5,24851.1,300,24861.2,300,0,7192725
NIFTY-II.NFO,22/05/2025,09:15:03,24851.1,24851.3,300,24853.1,150,1875,7192725
NIFTY-II.NFO,22/05/2025,09:15:04,24851.1,24850,525,24850.7,375,1275,7192725
NIFTY-II.NFO,22/05/2025,09:15:04,24850,24850,525,24850.7,375,0,7192725
NIFTY-II.NFO,22/05/2025,09:15:06,24846.2,24841.1,225,24847.3,75,1125,7192725
NIFTY-II.NFO,22/05/2025,09:15:06,24846.2,24841.1,225,24847.3,75,0,7192725
NIFTY-II.NFO,22/05/2025,09:15:07,24845.2,24841.2,150,24846.9,75,975,7192725
NIFTY-II.NFO,22/05/2025,09:15:07,24842.9,24841.2,150,24846.9,75,0,7192725
NIFTY-II.NFO,22/05/2025,09:15:09,24837,24840,525,24844.4,150,2025,7192725
NIFTY-II.NFO,22/05/2025,09:15:09,24837,24840,525,24844.4,150,0,7192725
NIFTY-II.NFO,22/05/2025,09:15:10,24853.3,24835.3,300,24849.4,375,1050,7192725
NIFTY-II.NFO,22/05/2025,09:15:10,24835.1,24835.3,300,24849.4,375,0,7192725
NIFTY-II.NFO,22/05/2025,09:15:12,24849.1,24840.5,300,24851.8,75,300,7192725
NIFTY-II.NFO,22/05/2025,09:15:14,24847.8,24845,75,24848.3,150,450,7192725
NIFTY-II.NFO,22/05/2025,09:15:15,24848.6,24841,150,24846.3,150,525,7192725
NIFTY-II.NFO,22/05/2025,09:15:17,24840.2,24840,525,24845.7,825,600,7192725
NIFTY-II.NFO,22/05/2025,09:15:18,24840.1,24840.1,225,24845.8,150,225,7192725
NIFTY-II.NFO,22/05/2025,09:15:20,24840.1,24841.4,75,24845.1,150,600,7192725
NIFTY-II.NFO,22/05/2025,09:15:21,24845.2,24845,75,24845.3,75,75,7192725
NIFTY-II.NFO,22/05/2025,09:15:23,24848.6,24846,75,24850.9,150,300,7192725
NIFTY-II.NFO,22/05/2025,09:15:25,24848.8,24845.4,150,24848,150,225,7192725
NIFTY-II.NFO,22/05/2025,09:15:26,24848,24846.1,75,24848.6,75,300,7192725
NIFTY-II.NFO,22/05/2025,09:15:28,24850.1,24846.8,75,24850.2,150,525,7192725
NIFTY-II.NFO,22/05/2025,09:15:29,24848.8,24849.6,75,24853.6,75,375,7192725
NIFTY-II.NFO,22/05/2025,09:15:31,24850.6,24845.4,75,24847.9,675,525,7192725
NIFTY-II.NFO,22/05/2025,09:15:33,24854.1,24847.4,300,24854.1,300,525,7192725
NIFTY-II.NFO,22/05/2025,09:15:34,24853.5,24845.4,75,24850.3,375,75,7192725
NIFTY-II.NFO,22/05/2025,09:15:36,24849.3,24845.5,375,24849.4,150,375,7192725
NIFTY-II.NFO,22/05/2025,09:15:37,24851.6,24846.1,75,24851.4,225,225,7192725
NIFTY-II.NFO,22/05/2025,09:15:39,24852.6,24850.1,75,24853.3,525,150,7192725
NIFTY-II.NFO,22/05/2025,09:15:41,24854.7,24851,75,24854.5,150,150,7190250
NIFTY-II.NFO,22/05/2025,09:15:42,24854.4,24850.3,300,24854.3,150,150,7190250
NIFTY-II.NFO,22/05/2025,09:15:44,24854.7,24850.3,300,24854.4,150,300,7190250
NIFTY-II.NFO,22/05/2025,09:15:46,24853.3,24853.3,225,24858.1,75,1575,7190250
NIFTY-II.NFO,22/05/2025,09:15:47,24853.3,24853.3,150,24857.5,150,75,7190250
NIFTY-II.NFO,22/05/2025,09:15:49,24855.6,24854.4,75,24854.7,150,225,7190250
NIFTY-II.NFO,22/05/2025,09:15:50,24853.3,24850.1,300,24856,150,450,7190250
NIFTY-II.NFO,22/05/2025,09:15:52,24853.3,24850.9,300,24856,150,0,7190250
NIFTY-II.NFO,22/05/2025,09:15:54,24852,24852,450,24853.3,300,825,7190250
NIFTY-II.NFO,22/05/2025,09:15:55,24851.9,24850,450,24852.1,150,675,7190250
NIFTY-II.NFO,22/05/2025,09:15:57,24852.4,24850,375,24853.4,1050,300,7190250
NIFTY-II.NFO,22/05/2025,09:15:58,24852.4,24850,375,24850.3,75,0,7190250
NIFTY-II.NFO,22/05/2025,09:16:00,24843,24841,75,24842.7,375,1350,7190250
NIFTY-II.NFO,22/05/2025,09:16:02,24842.9,24837.6,75,24845.3,75,1875,7190250
NIFTY-II.NFO,22/05/2025,09:16:03,24845.3,24837.3,375,24846.1,75,225,7190250
NIFTY-II.NFO,22/05/2025,09:16:05,24842.9,24835.1,75,24843.2,300,450,7190250
NIFTY-II.NFO,22/05/2025,09:16:06,24842.8,24837,75,24840.6,75,300,7190250
NIFTY-II.NFO,22/05/2025,09:16:08,24839.8,24837,75,24838.2,75,525,7190250
NIFTY-II.NFO,22/05/2025,09:16:10,24835,24835,3450,24842,375,450,7190250
NIFTY-II.NFO,22/05/2025,09:16:10,24835,24835,3450,24842,375,0,7190250
NIFTY-II.NFO,22/05/2025,09:16:11,24839.1,24838,75,24840.1,75,600,7190250
NIFTY-II.NFO,22/05/2025,09:16:13,24835,24835,2775,24838.5,375,825,7190250
NIFTY-II.NFO,22/05/2025,09:16:14,24835,24835,2550,24838,375,225,7190250
NIFTY-II.NFO,22/05/2025,09:16:16,24835,24835,1950,24837.9,150,675,7190250
NIFTY-II.NFO,22/05/2025,09:16:18,24839.4,24835,1875,24838.1,225,225,7190250
NIFTY-II.NFO,22/05/2025,09:16:19,24838,24838,600,24840,75,675,7190250
NIFTY-II.NFO,22/05/2025,09:16:21,24838,24838,600,24838.5,525,0,7190250
NIFTY-II.NFO,22/05/2025,09:16:23,24836.4,24836,150,24838,75,825,7190250
NIFTY-II.NFO,22/05/2025,09:16:24,24842.8,24838.4,75,24843.7,75,450,7190250
NIFTY-II.NFO,22/05/2025,09:16:26,24842,24838.3,225,24841,900,225,7190250
NIFTY-II.NFO,22/05/2025,09:16:28,24842,24838.3,150,24842,1275,225,7190250
NIFTY-II.NFO,22/05/2025,09:16:29,24838.7,24838.6,75,24840.5,375,450,7190250
NIFTY-II.NFO,22/05/2025,09:16:31,24836,24835,2400,24837,75,1200,7190250
NIFTY-II.NFO,22/05/2025,09:16:33,24838.9,24838.5,75,24839.6,450,225,7190250
NIFTY-II.NFO,22/05/2025,09:16:34,24838.5,24836,75,24839.3,375,150,7190250
NIFTY-II.NFO,22/05/2025,09:16:36,24836,24835,2400,24836.1,225,450,7190250
NIFTY-II.NFO,22/05/2025,09:16:38,24835.2,24831.4,75,24837.4,225,2475,7190250
NIFTY-II.NFO,22/05/2025,09:16:39,24831.4,24835,225,24835.6,150,75,7190250
NIFTY-II.NFO,22/05/2025,09:16:39,24831.4,24835,225,24835.6,150,0,7190250
NIFTY-II.NFO,22/05/2025,09:16:41,24835.6,24831,75,24834.6,225,300,7190250
NIFTY-II.NFO,22/05/2025,09:16:43,24835.6,24831,75,24833.4,150,0,7190250
NIFTY-II.NFO,22/05/2025,09:16:44,24834,24830.5,75,24833.9,75,225,7190250
NIFTY-II.NFO,22/05/2025,09:16:44,24831,24830.5,75,24833.9,75,0,7190250
NIFTY-II.NFO,22/05/2025,09:16:46,24834.3,24830.5,75,24833.9,75,300,7190250
NIFTY-II.NFO,22/05/2025,09:16:48,24832.3,24830.6,75,24834,150,75,7190250
NIFTY-II.NFO,22/05/2025,09:16:49,24832.3,24830.7,75,24833.5,750,0,7190250
NIFTY-II.NFO,22/05/2025,09:16:51,24825,24824.7,75,24829.6,375,1725,7190250
NIFTY-II.NFO,22/05/2025,09:16:51,24825,24824.7,75,24829.6,375,0,7190250
NIFTY-II.NFO,22/05/2025,09:16:53,24828.1,24821.1,375,24828.6,450,1050,7190250
NIFTY-II.NFO,22/05/2025,09:16:53,24821,24821.1,375,24828.6,450,0,7190250
NIFTY-II.NFO,22/05/2025,09:16:54,24823.8,24824.7,75,24830,150,225,7190250
NIFTY-II.NFO,22/05/2025,09:16:56,24830,24824.1,300,24830,225,75,7190250
NIFTY-II.NFO,22/05/2025,09:16:58,24825.9,24825,75,24830,225,675,7190250
NIFTY-II.NFO,22/05/2025,09:16:59,24829.9,24822.7,75,24829.9,600,2250,7190250
NIFTY-II.NFO,22/05/2025,09:17:01,24826,24821,150,24824.8,750,375,7190250
NIFTY-II.NFO,22/05/2025,09:17:03,24823.8,24821,150,24824.4,375,75,7190250
NIFTY-II.NFO,22/05/2025,09:17:05,24820,24820,450,24822,225,525,7190250
NIFTY-II.NFO,22/05/2025,09:17:05,24820,24820,450,24822,225,0,7190250
NIFTY-II.NFO,22/05/2025,09:17:06,24817.9,24816.3,75,24818,600,975,7190250
NIFTY-II.NFO,22/05/2025,09:17:06,24816.5,24816.3,75,24818,600,0,7190250
NIFTY-II.NFO,22/05/2025,09:17:08,24818.2,24816.3,75,24821.9,600,150,7190250
NIFTY-II.NFO,22/05/2025,09:17:10,24813,24813.1,300,24819.8,600,1275,7190250
NIFTY-II.NFO,22/05/2025,09:17:10,24813,24813.1,300,24819.8,600,0,7190250
NIFTY-II.NFO,22/05/2025,09:17:11,24819.9,24813,150,24817.5,600,75,7190250
NIFTY-II.NFO,22/05/2025,09:17:13,24813,24813,75,24817.2,375,75,7190250
NIFTY-II.NFO,22/05/2025,09:17:15,24817.5,24813,75,24817.2,300,600,7190250
NIFTY-II.NFO,22/05/2025,09:17:16,24813,24812.5,75,24813,75,225,7190250
NIFTY-II.NFO,22/05/2025,09:17:18,24811.5,24811,450,24815.7,600,375,7190250
NIFTY-II.NFO,22/05/2025,09:17:18,24811.5,24811,450,24815.7,600,0,7190250
NIFTY-II.NFO,22/05/2025,09:17:19,24814.4,24811,150,24814.4,525,750,7190250
NIFTY-II.NFO,22/05/2025,09:17:19,24811,24811,150,24814.4,525,0,7190250
NIFTY-II.NFO,22/05/2025,09:17:21,24808,24806.7,300,24813.9,975,1050,7190250
NIFTY-II.NFO,22/05/2025,09:17:21,24808,24806.7,300,24813.9,975,0,7190250
NIFTY-II.NFO,22/05/2025,09:17:23,24813,24805.7,300,24812.8,1200,375,7190250
NIFTY-II.NFO,22/05/2025,09:17:23,24807.9,24805.7,300,24812.8,1200,0,7190250
NIFTY-II.NFO,22/05/2025,09:17:24,24809.6,24813,75,24815,75,150,7190250
NIFTY-II.NFO,22/05/2025,09:17:26,24818,24813,225,24817.9,600,450,7190250
NIFTY-II.NFO,22/05/2025,09:17:28,24814.9,24813,225,24815.5,600,75,7190250
NIFTY-II.NFO,22/05/2025,09:17:29,24815.6,24813,225,24817.6,900,75,7190250
NIFTY-II.NFO,22/05/2025,09:17:31,24818.8,24815,75,24819.3,600,225,7190250
NIFTY-II.NFO,22/05/2025,09:17:33,24819.5,24815,75,24819.5,525,150,7190250
NIFTY-II.NFO,22/05/2025,09:17:34,24819.8,24815,75,24819.9,75,75,7190250
NIFTY-II.NFO,22/05/2025,09:17:36,24818.1,24813,525,24818.1,1650,225,7190250
NIFTY-II.NFO,22/05/2025,09:17:38,24813,24813,450,24816.1,600,75,7190250
NIFTY-II.NFO,22/05/2025,09:17:39,24815.4,24813,450,24815.4,600,225,7190250
NIFTY-II.NFO,22/05/2025,09:17:41,24815.4,24815,75,24816.9,600,0,7190250
NIFTY-II.NFO,22/05/2025,09:17:43,24818.3,24813,450,24816.3,600,900,7190250
NIFTY-II.NFO,22/05/2025,09:17:44,24816,24813,450,24815.2,75,1200,7190250
NIFTY-II.NFO,22/05/2025,09:17:46,24816,24813,450,24815.4,150,150,7190250
NIFTY-II.NFO,22/05/2025,09:17:48,24815,24814,75,24814.9,225,2100,7190250
NIFTY-II.NFO,22/05/2025,09:17:49,24814.9,24813,450,24814.5,75,1950,7190250
NIFTY-II.NFO,22/05/2025,09:17:51,24815.7,24815.4,75,24817.7,1875,375,7190250
NIFTY-II.NFO,22/05/2025,09:17:53,24815,24815,1500,24815.6,300,525,7190250
NIFTY-II.NFO,22/05/2025,09:17:54,24817,24815,1275,24816.6,675,750,7190250
NIFTY-II.NFO,22/05/2025,09:17:56,24815,24815,1200,24817,75,600,7190250
NIFTY-II.NFO,22/05/2025,09:17:58,24815,24815,1650,24817,75,0,7190250
NIFTY-II.NFO,22/05/2025,09:17:59,24815,24816.6,75,24816.7,150,0,7190250
NIFTY-II.NFO,22/05/2025,09:18:01,24816.8,24815,5175,24817,75,675,7190250
NIFTY-II.NFO,22/05/2025,09:18:03,24815,24815,2100,24815.1,375,3150,7190250
NIFTY-II.NFO,22/05/2025,09:18:04,24815,24813,450,24814.2,450,2175,7190250
NIFTY-II.NFO,22/05/2025,09:18:06,24812.9,24811,75,24812.7,150,675,7190250
NIFTY-II.NFO,22/05/2025,09:18:08,24811.3,24810,225,24811.3,75,450,7190250
NIFTY-II.NFO,22/05/2025,09:18:09,24805,24805,225,24805.6,150,600,7190250
NIFTY-II.NFO,22/05/2025,09:18:09,24805,24805,225,24805.6,150,0,7190250
NIFTY-II.NFO,22/05/2025,09:18:11,24804.1,24801,375,24802.9,300,975,7190250
NIFTY-II.NFO,22/05/2025,09:18:11,24801.1,24801,375,24802.9,300,0,7190250
NIFTY-II.NFO,22/05/2025,09:18:13,24800.5,24800.9,600,24807.1,75,450,7190250
NIFTY-II.NFO,22/05/2025,09:18:13,24800.5,24800.9,600,24807.1,75,0,7190250
NIFTY-II.NFO,22/05/2025,09:18:14,24800.2,24801.1,75,24804.7,75,75,7190250
NIFTY-II.NFO,22/05/2025,09:18:14,24800.2,24801.1,75,24804.7,75,0,7190250
NIFTY-II.NFO,22/05/2025,09:18:16,24800.8,24800,975,24805.7,75,2175,7190250
NIFTY-II.NFO,22/05/2025,09:18:16,24800,24800,975,24805.7,75,0,7190250
NIFTY-II.NFO,22/05/2025,09:18:18,24805,24800,1350,24804.4,150,225,7190250
NIFTY-II.NFO,22/05/2025,09:18:19,24800,24800,150,24801.6,75,1575,7190250
NIFTY-II.NFO,22/05/2025,09:18:21,24795.1,24795.1,150,24801.2,150,825,7190250
NIFTY-II.NFO,22/05/2025,09:18:21,24795.1,24795.1,150,24801.2,150,0,7190250
NIFTY-II.NFO,22/05/2025,09:18:23,24793.4,24792,75,24796.3,225,825,7190250
NIFTY-II.NFO,22/05/2025,09:18:23,24793.4,24792,75,24796.3,225,0,7190250
NIFTY-II.NFO,22/05/2025,09:18:24,24798.1,24791.2,75,24795.8,225,1650,7190250
NIFTY-II.NFO,22/05/2025,09:18:24,24791.5,24791.2,75,24795.8,225,0,7190250
NIFTY-II.NFO,22/05/2025,09:18:26,24793.4,24790.1,75,24793.4,75,1050,7190250
NIFTY-II.NFO,22/05/2025,09:18:26,24790.2,24790.1,75,24793.4,75,0,7190250
NIFTY-II.NFO,22/05/2025,09:18:28,24790,24790,75,24791.8,225,525,7190250
NIFTY-II.NFO,22/05/2025,09:18:28,24790,24790,75,24791.8,225,0,7190250
NIFTY-II.NFO,22/05/2025,09:18:29,24789.2,24783.9,375,24788.6,225,2850,7190250
NIFTY-II.NFO,22/05/2025,09:18:29,24783.9,24783.9,375,24788.6,225,0,7190250
NIFTY-II.NFO,22/05/2025,09:18:31,24785.2,24780,600,24785,375,300,7190250
NIFTY-II.NFO,22/05/2025,09:18:31,24780.7,24780,600,24785,375,0,7190250
NIFTY-II.NFO,22/05/2025,09:18:33,24788.9,24784.6,600,24788.9,75,525,7190250
NIFTY-II.NFO,22/05/2025,09:18:33,24780,24784.6,600,24788.9,75,0,7190250
NIFTY-II.NFO,22/05/2025,09:18:34,24784.9,24785.1,600,24790,75,1425,7190250
NIFTY-II.NFO,22/05/2025,09:18:36,24790.5,24785,75,24790,75,225,7190250
NIFTY-II.NFO,22/05/2025,09:18:38,24784.5,24784.3,75,24787.1,450,225,7190250
NIFTY-II.NFO,22/05/2025,09:18:39,24784.5,24784.3,75,24784.5,75,75,7190250
NIFTY-II.NFO,22/05/2025,09:18:41,24780.7,24780.7,675,24784.3,150,300,7190475
NIFTY-II.NFO,22/05/2025,09:18:43,24780,24779.7,600,24786,150,2925,7190475
NIFTY-II.NFO,22/05/2025,09:18:43,24779.6,24779.7,600,24786,150,0,7190475
NIFTY-II.NFO,22/05/2025,09:18:44,24784.1,24778.1,600,24784.1,1200,1275,7190475
NIFTY-II.NFO,22/05/2025,09:18:46,24784.1,24780,450,24784.1,1275,75,7190475
NIFTY-II.NFO,22/05/2025,09:18:48,24780,24780,300,24784.1,1275,150,7190475
NIFTY-II.NFO,22/05/2025,09:18:49,24780,24779.6,75,24780,825,450,7190475
NIFTY-II.NFO,22/05/2025,09:18:51,24780,24777,375,24780,975,975,7190475
NIFTY-II.NFO,22/05/2025,09:18:51,24777,24777,375,24780,975,0,7190475
NIFTY-II.NFO,22/05/2025,09:18:53,24780,24777,600,24780,2850,225,7190475
NIFTY-II.NFO,22/05/2025,09:18:54,24780,24777,375,24780,2550,600,7190475
NIFTY-II.NFO,22/05/2025,09:18:56,24780,24777,300,24780,3150,600,7190475
NIFTY-II.NFO,22/05/2025,09:18:58,24780,24777,375,24780,3000,3600,7190475
NIFTY-II.NFO,22/05/2025,09:18:59,24780,24775.2,75,24779.9,300,525,7190475
NIFTY-II.NFO,22/05/2025,09:19:01,24779.8,24775,450,24779.8,450,1500,7190475
NIFTY-II.NFO,22/05/2025,09:19:03,24773.2,24773.1,75,24775,1875,1050,7190475
NIFTY-II.NFO,22/05/2025,09:19:03,24773.2,24773.1,75,24775,1875,0,7190475
NIFTY-II.NFO,22/05/2025,09:19:04,24775,24774.1,225,24775,2700,2400,7190475
NIFTY-II.NFO,22/05/2025,09:19:04,24772.1,24774.1,225,24775,2700,0,7190475
NIFTY-II.NFO,22/05/2025,09:19:06,24774.2,24774.7,75,24774.9,2550,7275,7190475
NIFTY-II.NFO,22/05/2025,09:19:08,24780,24775.1,1500,24780,1500,3450,7190475
NIFTY-II.NFO,22/05/2025,09:19:10,24789.5,24781,375,24789.5,525,3225,7190475
NIFTY-II.NFO,22/05/2025,09:19:11,24782,24783.5,75,24789.6,1425,450,7190475
NIFTY-II.NFO,22/05/2025,09:19:13,24795,24792.6,75,24797.4,1275,2550,7190475
NIFTY-II.NFO,22/05/2025,09:19:15,24797.4,24789.6,225,24797,525,225,7190475
NIFTY-II.NFO,22/05/2025,09:19:16,24797.3,24789.9,825,24797.4,1200,75,7190475
NIFTY-II.NFO,22/05/2025,09:19:18,24788.2,24787.4,600,24788.2,375,1350,7190475
NIFTY-II.NFO,22/05/2025,09:19:20,24787.3,24788.6,525,24795.5,375,825,7190475
NIFTY-II.NFO,22/05/2025,09:19:21,24797.4,24790.2,600,24798.3,75,3225,7190475
NIFTY-II.NFO,22/05/2025,09:19:23,24796.9,24790.1,75,24796.7,300,375,7190475
NIFTY-II.NFO,22/05/2025,09:19:25,24796.6,24790.1,75,24796.5,150,150,7190475
NIFTY-II.NFO,22/05/2025,09:19:26,24790.1,24790,75,24790.1,1500,375,7190475
NIFTY-II.NFO,22/05/2025,09:19:28,24790.7,24791.5,600,24796.7,975,2100,7190475
NIFTY-II.NFO,22/05/2025,09:19:30,24796.7,24793.8,75,24796.7,900,300,7190475
NIFTY-II.NFO,22/05/2025,09:19:31,24796.7,24795.6,75,24796.7,825,225,7190475
NIFTY-II.NFO,22/05/2025,09:19:33,24796.4,24796.4,75,24796.7,525,600,7190475
NIFTY-II.NFO,22/05/2025,09:19:35,24796.7,24795.5,75,24796.7,375,525,7190475
NIFTY-II.NFO,22/05/2025,09:19:36,24796.7,24794.6,675,24796.7,225,300,7190475
NIFTY-II.NFO,22/05/2025,09:19:38,24796,24794.5,75,24799,300,750,7190475
NIFTY-II.NFO,22/05/2025,09:19:40,24796.8,24796.7,75,24798.9,525,300,7190475
NIFTY-II.NFO,22/05/2025,09:19:41,24799,24796.7,75,24799,375,150,7190475
NIFTY-II.NFO,22/05/2025,09:19:43,24796.6,24791,75,24796.6,600,825,7190475
NIFTY-II.NFO,22/05/2025,09:19:45,24795.4,24790.7,75,24796.3,150,825,7190475
NIFTY-II.NFO,22/05/2025,09:19:46,24795,24790.1,150,24794.5,75,525,7190475
NIFTY-II.NFO,22/05/2025,09:19:48,24790.1,24790,375,24790.1,375,525,7190475
NIFTY-II.NFO,22/05/2025,09:19:50,24790,24790,375,24790.1,375,300,7190475
NIFTY-II.NFO,22/05/2025,09:19:51,24790.1,24787.2,75,24790.1,600,825,7190475
NIFTY-II.NFO,22/05/2025,09:19:53,24790,24790,75,24790.1,600,375,7190475
NIFTY-II.NFO,22/05/2025,09:19:55,24799,24792.4,300,24799,150,1050,7190475
NIFTY-II.NFO,22/05/2025,09:19:56,24799,24795.4,150,24798.9,225,0,7190475
NIFTY-II.NFO,22/05/2025,09:19:58,24798.9,24795.4,150,24796.7,225,75,7190475
NIFTY-II.NFO,22/05/2025,09:20:00,24792,24790.1,75,24791.9,75,375,7190475
NIFTY-II.NFO,22/05/2025,09:20:01,24784.5,24780.2,600,24786.6,75,1050,7190475
NIFTY-II.NFO,22/05/2025,09:20:03,24784.5,24780.1,75,24784.4,150,525,7190475
NIFTY-II.NFO,22/05/2025,09:20:05,24785.6,24780,1125,24785.5,150,600,7190475
NIFTY-II.NFO,22/05/2025,09:20:06,24780.2,24780,750,24780.2,300,600,7190475
NIFTY-II.NFO,22/05/2025,09:20:08,24780.2,24779,75,24780.2,600,825,7190475
NIFTY-II.NFO,22/05/2025,09:20:10,24777,24776,75,24777,150,375,7190475
NIFTY-II.NFO,22/05/2025,09:20:11,24772,24771,150,24773.6,375,1350,7190475
NIFTY-II.NFO,22/05/2025,09:20:11,24772,24771,150,24773.6,375,0,7190475
NIFTY-II.NFO,22/05/2025,09:20:13,24766.2,24765,150,24766,375,1200,7190475
NIFTY-II.NFO,22/05/2025,09:20:13,24766,24765,150,24766,375,0,7190475
NIFTY-II.NFO,22/05/2025,09:20:15,24760,24758,75,24759.9,75,2625,7190475
NIFTY-II.NFO,22/05/2025,09:20:15,24760,24758,75,24759.9,75,0,7190475
NIFTY-II.NFO,22/05/2025,09:20:16,24760,24757.3,600,24760,975,750,7190475
NIFTY-II.NFO,22/05/2025,09:20:16,24758,24757.3,600,24760,975,0,7190475
NIFTY-II.NFO,22/05/2025,09:20:18,24760.5,24760,75,24760.1,300,2700,7190475
NIFTY-II.NFO,22/05/2025,09:20:20,24756.3,24756.6,600,24760.1,150,600,7190475
NIFTY-II.NFO,22/05/2025,09:20:20,24756.3,24756.6,600,24760.1,150,0,7190475
NIFTY-II.NFO,22/05/2025,09:20:21,24765,24760.1,75,24765.4,300,1200,7190475
NIFTY-II.NFO,22/05/2025,09:20:23,24758.7,24760.3,150,24767,75,2175,7190475
NIFTY-II.NFO,22/05/2025,09:20:25,24760.3,24760.1,300,24768.3,75,450,7190475
NIFTY-II.NFO,22/05/2025,09:20:26,24770.1,24767,75,24769.7,75,75,7190475
NIFTY-II.NFO,22/05/2025,09:20:28,24765.4,24765,150,24769.9,75,225,7190475
NIFTY-II.NFO,22/05/2025,09:20:30,24765.4,24765,150,24769.8,225,0,7190475
NIFTY-II.NFO,22/05/2025,09:20:31,24765,24760,675,24765,75,525,7190475
NIFTY-II.NFO,22/05/2025,09:20:33,24765.4,24765.4,75,24771.5,375,300,7190475
NIFTY-II.NFO,22/05/2025,09:20:35,24771.1,24769.9,75,24771.2,150,825,7190475
NIFTY-II.NFO,22/05/2025,09:20:36,24771.2,24766,150,24773.6,75,150,7190475
NIFTY-II.NFO,22/05/2025,09:20:38,24773.7,24766.4,150,24774.5,75,150,7190475
NIFTY-II.NFO,22/05/2025,09:20:40,24775.9,24771,75,24776.1,150,225,7190475
NIFTY-II.NFO,22/05/2025,09:20:41,24783.1,24777,75,24784.5,825,300,7190475
NIFTY-II.NFO,22/05/2025,09:20:43,24783.1,24772.2,75,24779.5,600,0,7190475
NIFTY-II.NFO,22/05/2025,09:20:45,24778.7,24772,75,24775,600,75,7190475
NIFTY-II.NFO,22/05/2025,09:20:46,24772,24772,75,24777.4,600,75,7190475
NIFTY-II.NFO,22/05/2025,09:20:48,24777.5,24772,75,24777.2,150,975,7190475
NIFTY-II.NFO,22/05/2025,09:20:50,24779.5,24773.7,225,24778.2,750,75,7190475
NIFTY-II.NFO,22/05/2025,09:20:51,24770.4,24770.4,75,24778.4,600,1050,7190475
NIFTY-II.NFO,22/05/2025,09:20:53,24770.4,24770,75,24775.5,600,0,7190475
NIFTY-II.NFO,22/05/2025,09:20:55,24774.4,24766.4,75,24772.6,600,150,7190475
NIFTY-II.NFO,22/05/2025,09:20:56,24770.5,24766.4,75,24773,600,150,7190475
NIFTY-II.NFO,22/05/2025,09:20:58,24772.1,24772.1,1725,24773.1,75,150,7190475
NIFTY-II.NFO,22/05/2025,09:21:00,24770.4,24766.4,75,24770.2,600,1875,7190475
NIFTY-II.NFO,22/05/2025,09:21:01,24772,24767,75,24771.9,600,300,7190475
NIFTY-II.NFO,22/05/2025,09:21:03,24767.2,24766.4,75,24767.2,525,825,7190475
NIFTY-II.NFO,22/05/2025,09:21:05,24765.4,24765,225,24767.9,600,150,7190475
NIFTY-II.NFO,22/05/2025,09:21:06,24761,24760.3,150,24764.6,150,2175,7190475
NIFTY-II.NFO,22/05/2025,09:21:08,24764.4,24760.3,150,24763.8,600,375,7190475
NIFTY-II.NFO,22/05/2025,09:21:10,24764.8,24760.3,150,24765.2,300,150,7190475
NIFTY-II.NFO,22/05/2025,09:21:11,24764.7,24760.3,150,24767.3,75,300,7190475
NIFTY-II.NFO,22/05/2025,09:21:13,24760.4,24765.2,75,24769,75,150,7190475
NIFTY-II.NFO,22/05/2025,09:21:15,24764.4,24761,75,24764.8,150,375,7190475
NIFTY-II.NFO,22/05/2025,09:21:16,24764.4,24764.7,75,24767.3,75,0,7190475
NIFTY-II.NFO,22/05/2025,09:21:18,24765,24764.7,75,24768.5,150,225,7190475
NIFTY-II.NFO,22/05/2025,09:21:20,24764.7,24764.4,75,24767.1,225,150,7190475
NIFTY-II.NFO,22/05/2025,09:21:21,24767.2,24765.2,75,24767.4,225,150,7190475
NIFTY-II.NFO,22/05/2025,09:21:23,24765.2,24765,75,24767.4,225,75,7190475
NIFTY-II.NFO,22/05/2025,09:21:25,24765,24763.3,600,24770,375,225,7190475
NIFTY-II.NFO,22/05/2025,09:21:26,24765.1,24767.5,600,24770,300,75,7190475
NIFTY-II.NFO,22/05/2025,09:21:28,24768.1,24768.3,750,24770.5,75,375,7190475
NIFTY-II.NFO,22/05/2025,09:21:30,24770.9,24771.8,600,24779.7,150,150,7190475
NIFTY-II.NFO,22/05/2025,09:21:31,24778.7,24773.5,600,24780.3,75,75,7190475
NIFTY-II.NFO,22/05/2025,09:21:33,24778.7,24770.1,600,24775.9,150,0,7190475
NIFTY-II.NFO,22/05/2025,09:21:35,24773.2,24770.5,225,24773.4,375,75,7190475
NIFTY-II.NFO,22/05/2025,09:21:36,24773.2,24770.5,225,24774.1,75,0,7190475
NIFTY-II.NFO,22/05/2025,09:21:38,24777.8,24775,75,24778,150,375,7190475
NIFTY-II.NFO,22/05/2025,09:21:40,24780.3,24775,150,24780.5,375,75,7190475
NIFTY-II.NFO,22/05/2025,09:21:41,24777.7,24775,150,24776.5,75,150,7190475
NIFTY-II.NFO,22/05/2025,09:21:43,24775,24770.6,675,24776.9,75,750,7216500
NIFTY-II.NFO,22/05/2025,09:21:45,24776.6,24775,75,24776.5,150,375,7216500
NIFTY-II.NFO,22/05/2025,09:21:46,24773.2,24770.5,225,24774.8,225,525,7216500
NIFTY-II.NFO,22/05/2025,09:21:48,24774.7,24770.5,150,24773.2,150,150,7216500
NIFTY-II.NFO,22/05/2025,09:21:50,24771.4,24770.5,150,24770.9,75,150,7216500
NIFTY-II.NFO,22/05/2025,09:21:51,24769,24766,75,24768.9,300,975,7216500
NIFTY-II.NFO,22/05/2025,09:21:53,24769,24766,75,24767.2,75,0,7216500
NIFTY-II.NFO,22/05/2025,09:21:55,24767,24765,750,24767.1,525,300,7216500
NIFTY-II.NFO,22/05/2025,09:21:56,24766.2,24765,750,24766.6,300,375,7216500
NIFTY-II.NFO,22/05/2025,09:21:58,24766.5,24765,750,24769.1,150,75,7216500
NIFTY-II.NFO,22/05/2025,09:22:00,24765,24765,300,24766.9,300,450,7216500
NIFTY-II.NFO,22/05/2025,09:22:01,24765,24761,75,24766.7,300,300,7216500
NIFTY-II.NFO,22/05/2025,09:22:03,24765,24760.3,150,24766,825,450,7216500
NIFTY-II.NFO,22/05/2025,09:22:05,24755.9,24755.1,75,24757.7,300,2175,7216500
NIFTY-II.NFO,22/05/2025,09:22:05,24755.9,24755.1,75,24757.7,300,0,7216500
NIFTY-II.NFO,22/05/2025,09:22:06,24755,24753,75,24754.6,300,675,7216500
NIFTY-II.NFO,22/05/2025,09:22:06,24755,24753,75,24754.6,300,0,7216500
NIFTY-II.NFO,22/05/2025,09:22:08,24743.5,24741.3,75,24748.8,75,8550,7216500
NIFTY-II.NFO,22/05/2025,09:22:08,24740,24741.3,75,24748.8,75,0,7216500
NIFTY-II.NFO,22/05/2025,09:22:10,24749.6,24748.7,75,24754.2,150,225,7216500
NIFTY-II.NFO,22/05/2025,09:22:11,24754,24750,150,24754.2,225,150,7216500
NIFTY-II.NFO,22/05/2025,09:22:13,24746,24748.1,600,24756.7,225,900,7216500
NIFTY-II.NFO,22/05/2025,09:22:15,24748.3,24746.1,600,24753.8,525,225,7216500
NIFTY-II.NFO,22/05/2025,09:22:16,24745,24745.8,75,24753.6,600,150,7216500
NIFTY-II.NFO,22/05/2025,09:22:18,24750,24747.2,75,24750,75,300,7216500
NIFTY-II.NFO,22/05/2025,09:22:20,24750,24748.3,75,24750,150,75,7216500
NIFTY-II.NFO,22/05/2025,09:22:21,24745,24745.2,75,24750,150,1050,7216500
NIFTY-II.NFO,22/05/2025,09:22:23,24745,24748.2,75,24750,150,0,7216500
NIFTY-II.NFO,22/05/2025,09:22:25,24750,24749.6,75,24753,300,225,7216500
NIFTY-II.NFO,22/05/2025,09:22:26,24752.6,24749.6,75,24751.3,150,450,7216500
NIFTY-II.NFO,22/05/2025,09:22:28,24749.6,24747.9,600,24753.7,300,225,7216500
NIFTY-II.NFO,22/05/2025,09:22:30,24747.9,24747.8,150,24753.2,375,900,7216500
NIFTY-II.NFO,22/05/2025,09:22:31,24749.3,24746,150,24751.3,375,300,7216500
NIFTY-II.NFO,22/05/2025,09:22:33,24750.8,24747.2,825,24752,75,75,7216500
NIFTY-II.NFO,22/05/2025,09:22:35,24750,24749.6,75,24750.8,300,75,7216500
NIFTY-II.NFO,22/05/2025,09:22:36,24750,24746.8,75,24753.4,75,450,7216500
NIFTY-II.NFO,22/05/2025,09:22:38,24746.4,24746.5,75,24753.4,150,900,7216500
NIFTY-II.NFO,22/05/2025,09:22:40,24755,24750.8,75,24756.5,75,225,7216500
NIFTY-II.NFO,22/05/2025,09:22:41,24755,24752,75,24754,450,0,7216500
NIFTY-II.NFO,22/05/2025,09:22:43,24754,24752,75,24754,375,75,7216500
NIFTY-II.NFO,22/05/2025,09:22:45,24752,24750.8,75,24751.9,900,225,7216500
NIFTY-II.NFO,22/05/2025,09:22:46,24752.5,24746.1,75,24751.4,300,1425,7216500
NIFTY-II.NFO,22/05/2025,09:22:48,24752.5,24744.5,75,24750.7,600,0,7216500
NIFTY-II.NFO,22/05/2025,09:22:50,24750.8,24750,75,24750.8,600,150,7216500
NIFTY-II.NFO,22/05/2025,09:22:51,24750.8,24746.2,75,24750.8,150,150,7216500
NIFTY-II.NFO,22/05/2025,09:22:53,24746.4,24750,75,24750.8,75,150,7216500
NIFTY-II.NFO,22/05/2025,09:22:55,24750.8,24745.3,75,24750.8,75,825,7216500
NIFTY-II.NFO,22/05/2025,09:22:56,24752.5,24750.8,225,24753.1,300,150,7216500
NIFTY-II.NFO,22/05/2025,09:22:58,24750.8,24750.8,150,24751.3,300,225,7216500
NIFTY-II.NFO,22/05/2025,09:23:00,24750.8,24751.3,75,24751.7,900,150,7216500
NIFTY-II.NFO,22/05/2025,09:23:01,24754,24752.9,75,24755,75,375,7216500
NIFTY-II.NFO,22/05/2025,09:23:03,24761.6,24753.4,600,24760.7,300,750,7216500
NIFTY-II.NFO,22/05/2025,09:23:05,24759.4,24752.5,75,24755.1,300,225,7216500
NIFTY-II.NFO,22/05/2025,09:23:06,24750,24746,150,24749,300,975,7216500
NIFTY-II.NFO,22/05/2025,09:23:08,24751.6,24750.8,150,24753.3,300,525,7216500
NIFTY-II.NFO,22/05/2025,09:23:10,24750.8,24750,150,24751.2,750,1125,7216500
NIFTY-II.NFO,22/05/2025,09:23:11,24749.9,24745.4,600,24752.6,375,450,7216500
NIFTY-II.NFO,22/05/2025,09:23:13,24749.9,24750,150,24752.6,375,0,7216500
NIFTY-II.NFO,22/05/2025,09:23:15,24752.6,24751,225,24752,300,75,7216500
NIFTY-II.NFO,22/05/2025,09:23:16,24745,24745.1,600,24751.5,300,525,7216500
NIFTY-II.NFO,22/05/2025,09:23:18,24751,24746,75,24750.7,75,75,7216500
NIFTY-II.NFO,22/05/2025,09:23:20,24748.8,24745,300,24749.1,375,225,7216500
NIFTY-II.NFO,22/05/2025,09:23:21,24745,24745,225,24750.5,375,225,7216500
NIFTY-II.NFO,22/05/2025,09:23:23,24751.3,24745,300,24751.3,375,675,7216500
NIFTY-II.NFO,22/05/2025,09:23:25,24745,24745,300,24751.9,150,600,7216500
NIFTY-II.NFO,22/05/2025,09:23:26,24753.5,24746.6,75,24753.7,300,600,7216500
NIFTY-II.NFO,22/05/2025,09:23:28,24753.5,24745,450,24751.2,150,0,7216500
NIFTY-II.NFO,22/05/2025,09:23:30,24752.7,24750,75,24752.5,525,225,7216500
NIFTY-II.NFO,22/05/2025,09:23:31,24750,24745,600,24750.6,375,150,7216500
NIFTY-II.NFO,22/05/2025,09:23:33,24747.8,24745,225,24749,375,600,7216500
NIFTY-II.NFO,22/05/2025,09:23:35,24745,24745,150,24749.7,525,375,7216500
NIFTY-II.NFO,22/05/2025,09:23:36,24749.4,24745.1,75,24747.2,375,150,7216500
NIFTY-II.NFO,22/05/2025,09:23:38,24748.3,24745.1,75,24750.5,375,75,7216500
NIFTY-II.NFO,22/05/2025,09:23:40,24752.5,24745.1,75,24752.3,525,300,7216500
NIFTY-II.NFO,22/05/2025,09:23:41,24746.1,24745.2,75,24748.4,75,450,7216500
NIFTY-II.NFO,22/05/2025,09:23:43,24749,24745.7,75,24751.9,75,300,7216500
NIFTY-II.NFO,22/05/2025,09:23:45,24749,24745.1,75,24749,225,0,7216500
NIFTY-II.NFO,22/05/2025,09:23:46,24750.8,24746.1,75,24751.8,375,375,7216500
NIFTY-II.NFO,22/05/2025,09:23:48,24745,24745,300,24750.9,975,450,7216500
NIFTY-II.NFO,22/05/2025,09:23:50,24748,24745,75,24747.6,150,975,7216500
NIFTY-II.NFO,22/05/2025,09:23:51,24745.5,24742.2,75,24747.7,1350,1350,7216500
NIFTY-II.NFO,22/05/2025,09:23:53,24749.2,24742.7,450,24749.2,300,525,7216500
NIFTY-II.NFO,22/05/2025,09:23:55,24749.8,24742.9,600,24750,225,225,7216500
NIFTY-II.NFO,22/05/2025,09:23:56,24750,24745.7,75,24749.8,525,75,7216500
NIFTY-II.NFO,22/05/2025,09:23:58,24750.7,24743.7,75,24750.1,150,375,7216500
NIFTY-II.NFO,22/05/2025,09:24:00,24745.2,24740.8,75,24745.2,300,150,7216500
NIFTY-II.NFO,22/05/2025,09:24:01,24745.2,24740.8,75,24747.1,675,0,7216500
NIFTY-II.NFO,22/05/2025,09:24:03,24740,24740,1200,24743.1,525,1275,7216500
NIFTY-II.NFO,22/05/2025,09:24:05,24740,24737.7,150,24744.1,150,1350,7216500
NIFTY-II.NFO,22/05/2025,09:24:06,24744.4,24737.7,600,24745.8,600,225,7216500
NIFTY-II.NFO,22/05/2025,09:24:06,24738.9,24737.7,600,24745.8,600,0,7216500
NIFTY-II.NFO,22/05/2025,09:24:08,24738.2,24739,300,24744,450,150,7216500
NIFTY-II.NFO,22/05/2025,09:24:08,24738.2,24739,300,24744,450,0,7216500
NIFTY-II.NFO,22/05/2025,09:24:10,24739,24738,150,24743.4,450,450,7216500
NIFTY-II.NFO,22/05/2025,09:24:11,24744.3,24738,150,24743.4,300,150,7216500
NIFTY-II.NFO,22/05/2025,09:24:13,24743.2,24738,150,24742.5,375,300,7216500
NIFTY-II.NFO,22/05/2025,09:24:15,24743.2,24738,150,24738.6,225,0,7216500
NIFTY-II.NFO,22/05/2025,09:24:16,24735,24735,3900,24739.7,375,675,7216500
NIFTY-II.NFO,22/05/2025,09:24:16,24735,24735,3900,24739.7,375,0,7216500
NIFTY-II.NFO,22/05/2025,09:24:18,24733,24733,75,24735,75,4350,7216500
NIFTY-II.NFO,22/05/2025,09:24:18,24733,24733,75,24735,75,0,7216500
NIFTY-II.NFO,22/05/2025,09:24:20,24735,24735,75,24737,450,75,7216500
NIFTY-II.NFO,22/05/2025,09:24:21,24737.1,24733,75,24736.8,75,150,7216500
NIFTY-II.NFO,22/05/2025,09:24:23,24735,24733,75,24738.1,150,300,7216500
NIFTY-II.NFO,22/05/2025,09:24:25,24739.8,24733.7,600,24740,150,75,7216500
NIFTY-II.NFO,22/05/2025,09:24:26,24735,24733,75,24737.3,300,1575,7216500
NIFTY-II.NFO,22/05/2025,09:24:28,24732.1,24732.1,600,24738.6,450,750,7216500
NIFTY-II.NFO,22/05/2025,09:24:28,24732.1,24732.1,600,24738.6,450,0,7216500
NIFTY-II.NFO,22/05/2025,09:24:30,24737.1,24732.1,600,24738.6,300,75,7216500
NIFTY-II.NFO,22/05/2025,09:24:31,24732.1,24733.3,825,24740.8,150,375,7216500
NIFTY-II.NFO,22/05/2025,09:24:33,24740.7,24735,75,24741.2,300,225,7216500
NIFTY-II.NFO,22/05/2025,09:24:35,24740,24732.9,600,24739.1,75,150,7216500
NIFTY-II.NFO,22/05/2025,09:24:36,24740.4,24734.9,75,24740.8,300,225,7216500
NIFTY-II.NFO,22/05/2025,09:24:36,24732,24734.9,75,24740.8,300,0,7216500
NIFTY-II.NFO,22/05/2025,09:24:38,24732,24732,75,24734.3,75,450,7216500
NIFTY-II.NFO,22/05/2025,09:24:40,24730,24730,225,24734.4,450,2475,7216500
NIFTY-II.NFO,22/05/2025,09:24:40,24730,24730,225,24734.4,450,0,7216500
NIFTY-II.NFO,22/05/2025,09:24:41,24727.8,24727.5,150,24730.6,150,975,7216500
NIFTY-II.NFO,22/05/2025,09:24:41,24727.8,24727.5,150,24730.6,150,0,7216500
NIFTY-II.NFO,22/05/2025,09:24:43,24727.5,24727,150,24728.4,75,225,7223250
NIFTY-II.NFO,22/05/2025,09:24:43,24727.5,24727,150,24728.4,75,0,7223250
NIFTY-II.NFO,22/05/2025,09:24:45,24726,24726,75,24729.2,150,750,7223250
NIFTY-II.NFO,22/05/2025,09:24:45,24726,24726,75,24729.2,150,0,7223250
NIFTY-II.NFO,22/05/2025,09:24:46,24726,24725.1,75,24727.7,150,375,7223250
NIFTY-II.NFO,22/05/2025,09:24:48,24727.5,24725.1,600,24731.1,150,225,7223250
NIFTY-II.NFO,22/05/2025,09:24:48,24725,24725.1,600,24731.1,150,0,7223250
NIFTY-II.NFO,22/05/2025,09:24:50,24727.5,24725,101325,24728.7,225,0,7223250
NIFTY-II.NFO,22/05/2025,09:24:51,24725.4,24726,150,24729.7,150,525,7223250
NIFTY-II.NFO,22/05/2025,09:24:53,24726,24726,75,24730.2,300,75,7223250
NIFTY-II.NFO,22/05/2025,09:24:55,24726,24726,75,24726.9,75,300,7223250
NIFTY-II.NFO,22/05/2025,09:24:56,24725,24725,101325,24729.5,225,525,7223250
NIFTY-II.NFO,22/05/2025,09:24:58,24729.4,24726,75,24729.9,150,225,7223250
NIFTY-II.NFO,22/05/2025,09:25:00,24726.1,24727,600,24735.7,150,300,7223250
NIFTY-II.NFO,22/05/2025,09:25:01,24735.3,24727.6,600,24736,225,1200,7223250
NIFTY-II.NFO,22/05/2025,09:25:03,24735.3,24728.3,150,24732.9,1125,0,7223250
NIFTY-II.NFO,22/05/2025,09:25:05,24732.7,24727.5,450,24732.3,225,525,7223250
NIFTY-II.NFO,22/05/2025,09:25:06,24726.7,24726,225,24726.8,150,1125,7223250
NIFTY-II.NFO,22/05/2025,09:25:08,24725,24725,101250,24727.4,150,600,7223250
NIFTY-II.NFO,22/05/2025,09:25:10,24725,24725,101325,24731.2,225,0,7223250
NIFTY-II.NFO,22/05/2025,09:25:11,24725,24725.1,600,24732,225,75,7223250
NIFTY-II.NFO,22/05/2025,09:25:13,24732.6,24725.1,600,24732.4,150,600,7223250
NIFTY-II.NFO,22/05/2025,09:25:15,24725,24725.1,600,24731.4,150,900,7223250
NIFTY-II.NFO,22/05/2025,09:25:16,24727.4,24725.5,750,24733.9,525,375,7223250
NIFTY-II.NFO,22/05/2025,09:25:18,24727.4,24727.4,75,24732,150,0,7223250
NIFTY-II.NFO,22/05/2025,09:25:20,24725,24725,95775,24730.2,300,1125,7223250
NIFTY-II.NFO,22/05/2025,09:25:21,24731.1,24729.9,75,24732.4,150,75,7223250
NIFTY-II.NFO,22/05/2025,09:25:23,24729.9,24725.1,600,24731.3,150,450,7223250
NIFTY-II.NFO,22/05/2025,09:25:25,24731,24725.6,600,24731.1,75,150,7223250
NIFTY-II.NFO,22/05/2025,09:25:26,24727.6,24727.8,600,24731.1,75,150,7223250
NIFTY-II.NFO,22/05/2025,09:25:28,24735.3,24728.7,600,24736.8,300,525,7223250
NIFTY-II.NFO,22/05/2025,09:25:30,24736.2,24731.1,600,24738.7,300,150,7223250
NIFTY-II.NFO,22/05/2025,09:25:31,24738.7,24738.4,600,24740.7,75,150,7223250
NIFTY-II.NFO,22/05/2025,09:25:33,24740.1,24740.3,600,24746,75,150,7223250
NIFTY-II.NFO,22/05/2025,09:25:35,24740.1,24740,600,24746.2,750,750,7223250
NIFTY-II.NFO,22/05/2025,09:25:36,24743.6,24740,525,24744.4,150,225,7223250
NIFTY-II.NFO,22/05/2025,09:25:38,24742.3,24740.1,600,24748.4,750,375,7223250
NIFTY-II.NFO,22/05/2025,09:25:40,24748.5,24745,75,24749.2,600,900,7223250
NIFTY-II.NFO,22/05/2025,09:25:42,24746.2,24745.1,150,24752.3,300,525,7223250
NIFTY-II.NFO,22/05/2025,09:25:43,24751.1,24747.3,75,24753,750,525,7223250
NIFTY-II.NFO,22/05/2025,09:25:45,24745.8,24748.5,600,24755,225,900,7223250
NIFTY-II.NFO,22/05/2025,09:25:47,24755,24753.3,600,24759,75,1725,7223250
NIFTY-II.NFO,22/05/2025,09:25:48,24759,24753.8,750,24760,375,75,7223250
NIFTY-II.NFO,22/05/2025,09:25:50,24753.9,24755,75,24759.7,75,450,7223250
NIFTY-II.NFO,22/05/2025,09:25:52,24759.2,24755,150,24758.9,525,525,7223250
NIFTY-II.NFO,22/05/2025,09:25:53,24756.9,24755,75,24756.8,375,225,7223250
NIFTY-II.NFO,22/05/2025,09:25:55,24755,24754,75,24758.3,600,225,7223250
NIFTY-II.NFO,22/05/2025,09:25:57,24757,24755,75,24757.5,150,2100,7223250
NIFTY-II.NFO,22/05/2025,09:25:58,24758.2,24755,150,24758.5,150,450,7223250
NIFTY-II.NFO,22/05/2025,09:26:00,24757.4,24755,225,24757.4,75,75,7223250
NIFTY-II.NFO,22/05/2025,09:26:02,24755.8,24751.1,150,24756.2,150,675,7223250
NIFTY-II.NFO,22/05/2025,09:26:03,24753.6,24751.1,150,24754,75,150,7223250
NIFTY-II.NFO,22/05/2025,09:26:05,24753.6,24751.1,150,24754.9,75,0,7223250
NIFTY-II.NFO,22/05/2025,09:26:07,24756.7,24751.1,150,24757.1,150,900,7223250
NIFTY-II.NFO,22/05/2025,09:26:08,24754,24752.9,75,24754.7,75,75,7223250
NIFTY-II.NFO,22/05/2025,09:26:10,24754,24751.4,75,24755.8,75,450,7223250
NIFTY-II.NFO,22/05/2025,09:26:12,24751,24750,300,24750.5,75,750,7223250
NIFTY-II.NFO,22/05/2025,09:26:13,24749.9,24748.4,150,24750.2,750,1425,7223250
NIFTY-II.NFO,22/05/2025,09:26:15,24747.3,24745.8,75,24746.9,75,225,7223250
NIFTY-II.NFO,22/05/2025,09:26:17,24749.7,24745,300,24749.9,150,825,7223250
NIFTY-II.NFO,22/05/2025,09:26:18,24743.6,24740,975,24744.8,225,375,7223250
NIFTY-II.NFO,22/05/2025,09:26:20,24744.8,24740,975,24744.7,750,225,7223250
NIFTY-II.NFO,22/05/2025,09:26:22,24742.3,24740,975,24742.3,75,300,7223250
NIFTY-II.NFO,22/05/2025,09:26:23,24738.3,24735,825,24738.1,225,1200,7223250
NIFTY-II.NFO,22/05/2025,09:26:25,24737.3,24735,825,24736.5,150,150,7223250
NIFTY-II.NFO,22/05/2025,09:26:27,24738.3,24735,825,24739.1,375,225,7223250
NIFTY-II.NFO,22/05/2025,09:26:28,24741.4,24736,75,24741.4,150,3975,7223250
NIFTY-II.NFO,22/05/2025,09:26:30,24736,24735,1050,24740.9,450,75,7223250
NIFTY-II.NFO,22/05/2025,09:26:32,24735,24735,900,24741.9,150,225,7223250
NIFTY-II.NFO,22/05/2025,09:26:33,24735,24735.1,675,24742.7,75,75,7223250
NIFTY-II.NFO,22/05/2025,09:26:35,24739.7,24735,825,24739.6,375,75,7223250
NIFTY-II.NFO,22/05/2025,09:26:37,24739.3,24737.5,675,24744.9,150,675,7223250
NIFTY-II.NFO,22/05/2025,09:26:38,24739.3,24737.7,75,24743.2,150,0,7223250
NIFTY-II.NFO,22/05/2025,09:26:40,24744,24737.6,75,24743.9,150,75,7223250
NIFTY-II.NFO,22/05/2025,09:26:42,24736.2,24740.1,600,24747.1,375,450,7223250
NIFTY-II.NFO,22/05/2025,09:26:43,24750,24744.5,675,24750,150,375,7223250
NIFTY-II.NFO,22/05/2025,09:26:45,24743.3,24744.3,750,24751,75,375,7223250
NIFTY-II.NFO,22/05/2025,09:26:47,24751,24750,150,24753.6,150,75,7223250
NIFTY-II.NFO,22/05/2025,09:26:48,24740.9,24741.1,600,24748.6,600,600,7223250
NIFTY-II.NFO,22/05/2025,09:26:50,24748.6,24745,75,24749.8,75,75,7223250
NIFTY-II.NFO,22/05/2025,09:26:52,24752.1,24745.1,675,24752.8,525,375,7223250
NIFTY-II.NFO,22/05/2025,09:26:53,24752.1,24748.7,675,24755.2,375,0,7223250
NIFTY-II.NFO,22/05/2025,09:26:55,24752.1,24750.5,675,24757.8,525,0,7223250
NIFTY-II.NFO,22/05/2025,09:26:57,24750,24748.6,75,24753.5,375,375,7223250
NIFTY-II.NFO,22/05/2025,09:26:58,24754.2,24750,75,24755,75,225,7223250
NIFTY-II.NFO,22/05/2025,09:27:00,24750.5,24745,150,24750.2,375,600,7223250
NIFTY-II.NFO,22/05/2025,09:27:02,24745,24745,150,24750.3,1050,225,7223250
NIFTY-II.NFO,22/05/2025,09:27:03,24741.1,24740.4,600,24747.8,225,525,7223250
NIFTY-II.NFO,22/05/2025,09:27:05,24747.8,24740.6,675,24747.9,225,150,7223250
NIFTY-II.NFO,22/05/2025,09:27:07,24742.6,24742.8,600,24750.2,150,375,7223250
NIFTY-II.NFO,22/05/2025,09:27:08,24752.4,24745.1,600,24752.5,375,150,7223250
NIFTY-II.NFO,22/05/2025,09:27:10,24750.5,24745,150,24750.9,1500,375,7223250
NIFTY-II.NFO,22/05/2025,09:27:12,24747.5,24748.8,75,24749,75,450,7223250
NIFTY-II.NFO,22/05/2025,09:27:13,24751,24749,75,24752.5,375,600,7223250
NIFTY-II.NFO,22/05/2025,09:27:15,24751,24749,75,24753.8,150,0,7223250
NIFTY-II.NFO,22/05/2025,09:27:17,24754.4,24745.9,600,24754.4,525,4200,7223250
NIFTY-II.NFO,22/05/2025,09:27:18,24754.4,24745.4,75,24752.6,375,75,7223250
NIFTY-II.NFO,22/05/2025,09:27:20,24751,24747.8,600,24755,225,75,7223250
NIFTY-II.NFO,22/05/2025,09:27:21,24751,24746.1,600,24750.8,75,75,7223250
NIFTY-II.NFO,22/05/2025,09:27:23,24753.5,24750,75,24754.5,375,600,7223250
NIFTY-II.NFO,22/05/2025,09:27:25,24753,24750,75,24753,375,150,7223250
NIFTY-II.NFO,22/05/2025,09:27:26,24750,24746,75,24751.1,300,75,7223250
NIFTY-II.NFO,22/05/2025,09:27:28,24748.7,24745,150,24748.9,300,150,7223250
NIFTY-II.NFO,22/05/2025,09:27:30,24745.5,24742.6,75,24744.9,225,375,7223250
NIFTY-II.NFO,22/05/2025,09:27:31,24743.9,24740,1125,24743,225,600,7223250
NIFTY-II.NFO,22/05/2025,09:27:33,24744.7,24740,1125,24745.6,150,900,7223250
NIFTY-II.NFO,22/05/2025,09:27:35,24745.3,24740,1125,24744.5,75,300,7223250
NIFTY-II.NFO,22/05/2025,09:27:36,24744.1,24740,1125,24744.5,75,75,7223250
NIFTY-II.NFO,22/05/2025,09:27:38,24742.4,24740.2,75,24745.5,75,300,7223250
NIFTY-II.NFO,22/05/2025,09:27:40,24744.9,24740,1125,24745.4,750,75,7223250
NIFTY-II.NFO,22/05/2025,09:27:41,24747.3,24742.3,675,24745.4,75,525,7223250
NIFTY-II.NFO,22/05/2025,09:27:43,24742.3,24741,75,24745.4,75,300,7230825
NIFTY-II.NFO,22/05/2025,09:27:45,24744,24740,825,24745.4,75,150,7230825
NIFTY-II.NFO,22/05/2025,09:27:46,24745.3,24740,900,24744.9,75,75,7230825
NIFTY-II.NFO,22/05/2025,09:27:48,24744.7,24741.2,75,24746.2,75,75,7230825
NIFTY-II.NFO,22/05/2025,09:27:50,24746.1,24740,900,24746.2,900,375,7230825
NIFTY-II.NFO,22/05/2025,09:27:51,24746.1,24742,75,24745.2,750,0,7230825
NIFTY-II.NFO,22/05/2025,09:27:53,24740,24740,225,24741.5,225,975,7230825
NIFTY-II.NFO,22/05/2025,09:27:55,24736,24735.3,75,24738.1,75,1050,7230825
NIFTY-II.NFO,22/05/2025,09:27:57,24737.3,24735,750,24739.1,150,300,7230825
NIFTY-II.NFO,22/05/2025,09:27:58,24739.1,24735,825,24742.1,75,150,7230825
NIFTY-II.NFO,22/05/2025,09:28:00,24739.1,24735.8,675,24743.1,75,0,7230825
NIFTY-II.NFO,22/05/2025,09:28:02,24735.8,24739.1,75,24741.8,75,75,7230825
NIFTY-II.NFO,22/05/2025,09:28:03,24739.1,24735,825,24741,75,225,7230825
NIFTY-II.NFO,22/05/2025,09:28:05,24739.1,24735.5,675,24742.6,75,0,7230825
NIFTY-II.NFO,22/05/2025,09:28:07,24739.1,24736.8,75,24743.8,75,0,7230825
NIFTY-II.NFO,22/05/2025,09:28:08,24743.4,24735.8,675,24743.1,750,375,7230825
NIFTY-II.NFO,22/05/2025,09:28:10,24742.8,24739.1,75,24743.5,75,75,7230825
NIFTY-II.NFO,22/05/2025,09:28:12,24742.8,24739.4,600,24744.5,150,0,7230825
NIFTY-II.NFO,22/05/2025,09:28:13,24739.1,24737.3,75,24740.7,225,225,7230825
NIFTY-II.NFO,22/05/2025,09:28:15,24739.8,24737.4,75,24742.1,150,75,7230825
NIFTY-II.NFO,22/05/2025,09:28:17,24737,24736,75,24741.5,150,225,7230825
NIFTY-II.NFO,22/05/2025,09:28:18,24740.1,24736.7,150,24740,75,300,7230825
NIFTY-II.NFO,22/05/2025,09:28:20,24738,24741.1,75,24744.4,150,150,7230825
NIFTY-II.NFO,22/05/2025,09:28:22,24741.1,24740.1,75,24740.8,75,75,7230825
NIFTY-II.NFO,22/05/2025,09:28:23,24744.3,24740.2,75,24744.7,225,150,7230825
NIFTY-II.NFO,22/05/2025,09:28:25,24740.3,24740.3,450,24744.7,75,150,7230825
NIFTY-II.NFO,22/05/2025,09:28:27,24740.3,24743.5,600,24751.4,75,225,7230825
NIFTY-II.NFO,22/05/2025,09:28:28,24745,24743.7,600,24745,75,75,7230825
NIFTY-II.NFO,22/05/2025,09:28:30,24745,24744,150,24745,75,0,7230825
NIFTY-II.NFO,22/05/2025,09:28:32,24745,24744.3,150,24748.5,75,75,7230825
NIFTY-II.NFO,22/05/2025,09:28:33,24745.3,24741.1,150,24744.9,750,600,7230825
NIFTY-II.NFO,22/05/2025,09:28:35,24745.1,24741.2,75,24746.2,75,375,7230825
NIFTY-II.NFO,22/05/2025,09:28:37,24745.1,24741.3,675,24747.3,750,0,7230825
NIFTY-II.NFO,22/05/2025,09:28:38,24745,24741.6,750,24749.5,750,75,7230825
NIFTY-II.NFO,22/05/2025,09:28:40,24749.5,24742.4,600,24749.8,975,150,7230825
NIFTY-II.NFO,22/05/2025,09:28:42,24745.1,24742.3,600,24750,75,75,7230825
NIFTY-II.NFO,22/05/2025,09:28:43,24745.1,24745.2,600,24750,75,0,7230825
NIFTY-II.NFO,22/05/2025,09:28:45,24750,24745.1,150,24750.8,750,75,7230825
NIFTY-II.NFO,22/05/2025,09:28:47,24751.6,24745.2,600,24751.5,750,300,7230825
NIFTY-II.NFO,22/05/2025,09:28:48,24751.6,24748.8,75,24752.5,750,0,7230825
NIFTY-II.NFO,22/05/2025,09:28:50,24748.8,24745.1,150,24750.8,75,75,7230825
NIFTY-II.NFO,22/05/2025,09:28:52,24748.8,24745.1,150,24748.8,75,75,7230825
NIFTY-II.NFO,22/05/2025,09:28:53,24748.6,24742.5,675,24750.1,600,375,7230825
NIFTY-II.NFO,22/05/2025,09:28:55,24748.6,24748.6,75,24749.5,75,0,7230825
NIFTY-II.NFO,22/05/2025,09:28:57,24755,24748.3,600,24755,150,300,7230825
NIFTY-II.NFO,22/05/2025,09:28:58,24755,24748.7,675,24755,150,0,7230825
NIFTY-II.NFO,22/05/2025,09:29:00,24755,24750,75,24753.1,750,75,7230825
NIFTY-II.NFO,22/05/2025,09:29:02,24752.8,24746.6,600,24755,75,525,7230825
NIFTY-II.NFO,22/05/2025,09:29:03,24752.9,24749.3,675,24755,75,825,7230825
NIFTY-II.NFO,22/05/2025,09:29:05,24752.9,24748.8,150,24754,75,0,7230825
NIFTY-II.NFO,22/05/2025,09:29:07,24752.9,24748.8,150,24754.5,375,0,7230825
NIFTY-II.NFO,22/05/2025,09:29:08,24748.8,24746,75,24751.8,75,150,7230825
NIFTY-II.NFO,22/05/2025,09:29:10,24750.8,24746,75,24750.2,225,75,7230825
NIFTY-II.NFO,22/05/2025,09:29:12,24751.9,24748,75,24751.9,150,150,7230825
NIFTY-II.NFO,22/05/2025,09:29:13,24751.9,24751,75,24752,75,0,7230825
NIFTY-II.NFO,22/05/2025,09:29:15,24746.9,24747.4,600,24755.7,150,750,7230825
NIFTY-II.NFO,22/05/2025,09:29:17,24752,24745,675,24752.9,150,225,7230825
NIFTY-II.NFO,22/05/2025,09:29:18,24745,24745,525,24751.7,675,1350,7230825
NIFTY-II.NFO,22/05/2025,09:29:20,24751.6,24745.6,600,24754.1,450,150,7230825
NIFTY-II.NFO,22/05/2025,09:29:22,24753.5,24745,525,24750,225,75,7230825
NIFTY-II.NFO,22/05/2025,09:29:23,24753.5,24745,600,24749.9,525,0,7230825
NIFTY-II.NFO,22/05/2025,09:29:25,24745,24743,75,24745.9,525,750,7230825
NIFTY-II.NFO,22/05/2025,09:29:27,24745.8,24742,150,24745,75,225,7230825
NIFTY-II.NFO,22/05/2025,09:29:28,24750,24742.9,600,24750,150,150,7230825
NIFTY-II.NFO,22/05/2025,09:29:30,24750,24746.9,750,24756,75,150,7230825
NIFTY-II.NFO,22/05/2025,09:29:32,24750,24750,1500,24754.3,75,0,7230825
NIFTY-II.NFO,22/05/2025,09:29:33,24750,24746,75,24750.5,300,1650,7230825
NIFTY-II.NFO,22/05/2025,09:29:35,24750,24748.2,150,24750.6,225,375,7230825
NIFTY-II.NFO,22/05/2025,09:29:37,24748,24745.8,600,24749.3,225,75,7230825
NIFTY-II.NFO,22/05/2025,09:29:38,24748,24747.1,150,24749.3,225,0,7230825
NIFTY-II.NFO,22/05/2025,09:29:40,24749.3,24747.6,150,24751,225,75,7230825
NIFTY-II.NFO,22/05/2025,09:29:42,24749.3,24750,225,24751,225,0,7230825
NIFTY-II.NFO,22/05/2025,09:29:43,24750,24750,150,24751,225,75,7230825
NIFTY-II.NFO,22/05/2025,09:29:45,24751,24750,150,24751,75,150,7230825
NIFTY-II.NFO,22/05/2025,09:29:47,24750,24749.3,75,24751,300,150,7230825
NIFTY-II.NFO,22/05/2025,09:29:48,24748,24745,75,24746.2,150,300,7230825
NIFTY-II.NFO,22/05/2025,09:29:50,24739,24738,150,24741.2,375,2100,7230825
NIFTY-II.NFO,22/05/2025,09:29:52,24741.2,24738,150,24741.2,150,75,7230825
NIFTY-II.NFO,22/05/2025,09:29:53,24741.2,24738,150,24742.9,300,0,7230825
NIFTY-II.NFO,22/05/2025,09:29:55,24741.2,24738,150,24742.6,150,0,7230825
NIFTY-II.NFO,22/05/2025,09:29:57,24743.6,24741,75,24742.3,225,75,7230825
NIFTY-II.NFO,22/05/2025,09:29:58,24740,24738,75,24740.8,75,300,7230825
NIFTY-II.NFO,22/05/2025,09:30:00,24740,24737.5,150,24744.8,150,225,7230825
NIFTY-II.NFO,22/05/2025,09:30:02,24740,24735.4,75,24738.6,750,300,7230825
NIFTY-II.NFO,22/05/2025,09:30:04,24737,24735.1,75,24737.5,750,300,7230825
NIFTY-II.NFO,22/05/2025,09:30:05,24737,24735.1,75,24738.4,900,0,7230825
NIFTY-II.NFO,22/05/2025,09:30:07,24737.7,24735.1,75,24739.4,750,150,7230825
NIFTY-II.NFO,22/05/2025,09:30:09,24735,24735,225,24737,750,750,7230825
NIFTY-II.NFO,22/05/2025,09:30:10,24735,24734,75,24735.3,150,225,7230825
NIFTY-II.NFO,22/05/2025,09:30:12,24733.2,24732,75,24735.6,750,375,7230825
NIFTY-II.NFO,22/05/2025,09:30:14,24731,24730,1275,24733.3,900,300,7230825
NIFTY-II.NFO,22/05/2025,09:30:15,24729.9,24728,225,24731,225,1350,7230825
NIFTY-II.NFO,22/05/2025,09:30:17,24726,24725.1,75,24727.3,225,300,7230825
NIFTY-II.NFO,22/05/2025,09:30:19,24724.6,24724.6,300,24724.7,75,12600,7230825
NIFTY-II.NFO,22/05/2025,09:30:19,24724.6,24724.6,300,24724.7,75,0,7230825
NIFTY-II.NFO,22/05/2025,09:30:20,24723.1,24722.5,75,24723.1,150,45000,7230825
NIFTY-II.NFO,22/05/2025,09:30:20,24722.2,24722.5,75,24723.1,150,0,7230825
NIFTY-II.NFO,22/05/2025,09:30:22,24720.9,24720.9,1050,24721.4,150,22350,7230825
NIFTY-II.NFO,22/05/2025,09:30:22,24720.9,24720.9,1050,24721.4,150,0,7230825
NIFTY-II.NFO,22/05/2025,09:30:24,24720.6,24720.6,1575,24721.5,75,4950,7230825
NIFTY-II.NFO,22/05/2025,09:30:24,24720.6,24720.6,1575,24721.5,75,0,7230825
NIFTY-II.NFO,22/05/2025,09:30:25,24720.2,24720.2,1350,24720.7,75,9450,7230825
NIFTY-II.NFO,22/05/2025,09:30:25,24720.2,24720.2,1350,24720.7,75,0,7230825
NIFTY-II.NFO,22/05/2025,09:30:27,24720.1,24720.1,1575,24721.9,150,1725,7230825
NIFTY-II.NFO,22/05/2025,09:30:27,24720.1,24720.1,1575,24721.9,150,0,7230825
NIFTY-II.NFO,22/05/2025,09:30:29,24723.6,24720.1,1650,24723.3,1125,300,7230825
NIFTY-II.NFO,22/05/2025,09:30:30,24720.6,24720.5,75,24722.4,1200,75,7230825
NIFTY-II.NFO,22/05/2025,09:30:32,24722.4,24720.5,75,24720.8,750,75,7230825
NIFTY-II.NFO,22/05/2025,09:30:34,24720.2,24720.1,825,24721.1,225,1050,7230825
NIFTY-II.NFO,22/05/2025,09:30:35,24720.1,24720,1125,24720.2,75,1200,7230825
NIFTY-II.NFO,22/05/2025,09:30:37,24720,24719.2,75,24720.2,150,1125,7230825
NIFTY-II.NFO,22/05/2025,09:30:37,24720,24719.2,75,24720.2,150,0,7230825
NIFTY-II.NFO,22/05/2025,09:30:39,24720.2,24720.1,75,24722.3,375,75,7230825
NIFTY-II.NFO,22/05/2025,09:30:42,24717,24718.9,150,24724.1,75,1275,7230825
NIFTY-II.NFO,22/05/2025,09:30:42,24717,24718.9,150,24724.1,75,0,7230825
NIFTY-II.NFO,22/05/2025,09:30:44,24724.1,24722.2,75,24725.1,450,450,7251450
NIFTY-II.NFO,22/05/2025,09:30:45,24726.1,24722.2,75,24726.3,75,75,7251450
NIFTY-II.NFO,22/05/2025,09:30:47,24727.2,24725,150,24729.5,600,1200,7251450
NIFTY-II.NFO,22/05/2025,09:30:49,24725,24725,75,24727.5,225,75,7251450
NIFTY-II.NFO,22/05/2025,09:30:50,24725,24726.4,150,24731.7,75,0,7251450
NIFTY-II.NFO,22/05/2025,09:30:52,24725,24726.8,150,24729,600,0,7251450
NIFTY-II.NFO,22/05/2025,09:30:54,24725,24723.8,75,24724.9,75,225,7251450
NIFTY-II.NFO,22/05/2025,09:30:55,24723.6,24721,75,24722.5,150,450,7251450
NIFTY-II.NFO,22/05/2025,09:30:57,24722.5,24721,75,24724,75,150,7251450
NIFTY-II.NFO,22/05/2025,09:30:59,24725,24721.1,600,24725,975,225,7251450
NIFTY-II.NFO,22/05/2025,09:31:00,24725,24721,75,24724.8,75,0,7251450
NIFTY-II.NFO,22/05/2025,09:31:02,24723,24721.5,675,24725,900,150,7251450
NIFTY-II.NFO,22/05/2025,09:31:04,24721.2,24721.1,75,24724,75,75,7251450
NIFTY-II.NFO,22/05/2025,09:31:05,24721,24720.1,75,24723.5,75,675,7251450
NIFTY-II.NFO,22/05/2025,09:31:07,24721,24721,300,24724.1,75,3750,7251450
NIFTY-II.NFO,22/05/2025,09:31:09,24721,24721,6975,24721.4,225,750,7251450
NIFTY-II.NFO,22/05/2025,09:31:10,24721,24721,9225,24722.2,75,1500,7251450
NIFTY-II.NFO,22/05/2025,09:31:12,24721,24721,8925,24722.5,75,1350,7251450
NIFTY-II.NFO,22/05/2025,09:31:14,24721.1,24721,9450,24723.9,150,900,7251450
NIFTY-II.NFO,22/05/2025,09:31:15,24722.9,24721,8550,24721.6,75,975,7251450
NIFTY-II.NFO,22/05/2025,09:31:17,24721.1,24721,8550,24721.6,75,150,7251450
NIFTY-II.NFO,22/05/2025,09:31:17,24721,24721,8475,24721.6,75,75,7251450
NIFTY-II.NFO,22/05/2025,09:31:19,24721,24721,7200,24721.2,150,1425,7251450
NIFTY-II.NFO,22/05/2025,09:31:20,24725.1,24721,6300,24725,75,1125,7251450
NIFTY-II.NFO,22/05/2025,09:31:22,24721,24721,4125,24721.4,150,2400,7251450
NIFTY-II.NFO,22/05/2025,09:31:24,24721,24721,2100,24722,225,2325,7251450
NIFTY-II.NFO,22/05/2025,09:31:25,24722,24721,2175,24722,150,150,7251450
NIFTY-II.NFO,22/05/2025,09:31:27,24722,24721.1,150,24722,75,75,7251450
NIFTY-II.NFO,22/05/2025,09:31:29,24723.7,24721.2,600,24724.2,150,150,7251450
NIFTY-II.NFO,22/05/2025,09:31:30,24723.7,24721.3,75,24723.8,150,0,7251450
NIFTY-II.NFO,22/05/2025,09:31:32,24721,24721,1875,24722.3,150,750,7251450
NIFTY-II.NFO,22/05/2025,09:31:34,24721.6,24717,3000,24721,150,3675,7251450
NIFTY-II.NFO,22/05/2025,09:31:35,24719.9,24717,3000,24721.1,150,600,7251450
NIFTY-II.NFO,22/05/2025,09:31:37,24720.6,24717.1,600,24721,75,150,7251450
NIFTY-II.NFO,22/05/2025,09:31:39,24720.6,24717,3000,24720,75,0,7251450
NIFTY-II.NFO,22/05/2025,09:31:40,24717,24717,2925,24719.5,75,150,7251450
NIFTY-II.NFO,22/05/2025,09:31:42,24721.5,24717.1,600,24721.9,75,300,7251450
NIFTY-II.NFO,22/05/2025,09:31:44,24721.5,24717,2925,24721.3,75,0,7251450
NIFTY-II.NFO,22/05/2025,09:31:45,24721.5,24720,75,24721.7,75,150,7251450
NIFTY-II.NFO,22/05/2025,09:31:47,24720,24720,75,24723,75,75,7251450
NIFTY-II.NFO,22/05/2025,09:31:49,24720,24721.7,75,24723,75,75,7251450
NIFTY-II.NFO,22/05/2025,09:31:50,24723,24721.8,600,24725,75,75,7251450
NIFTY-II.NFO,22/05/2025,09:31:52,24725,24722.3,600,24728.4,300,75,7251450
NIFTY-II.NFO,22/05/2025,09:31:54,24725,24721.7,75,24724.9,75,0,7251450
NIFTY-II.NFO,22/05/2025,09:31:55,24723,24721.7,75,24724.9,75,75,7251450
NIFTY-II.NFO,22/05/2025,09:31:57,24724.5,24721.7,75,24724.2,75,75,7251450
NIFTY-II.NFO,22/05/2025,09:31:59,24728.9,24723,75,24727.3,75,600,7251450
NIFTY-II.NFO,22/05/2025,09:32:00,24728.9,24724.8,600,24730.6,75,0,7251450
NIFTY-II.NFO,22/05/2025,09:32:02,24725,24724.7,75,24725,1275,375,7251450
NIFTY-II.NFO,22/05/2025,09:32:04,24725,24724.9,75,24725,1275,0,7251450
NIFTY-II.NFO,22/05/2025,09:32:05,24725,24723.1,75,24725,975,600,7251450
NIFTY-II.NFO,22/05/2025,09:32:07,24725,24723.4,600,24729.5,75,975,7251450
NIFTY-II.NFO,22/05/2025,09:32:09,24725,24723,150,24724.8,75,375,7251450
NIFTY-II.NFO,22/05/2025,09:32:10,24724.8,24723.1,600,24729.2,75,75,7251450
NIFTY-II.NFO,22/05/2025,09:32:12,24724.8,24725,150,24728.3,75,0,7251450
NIFTY-II.NFO,22/05/2025,09:32:14,24730.1,24725,225,24729.7,75,450,7251450
NIFTY-II.NFO,22/05/2025,09:32:15,24730.1,24725.1,75,24727.9,375,0,7251450
NIFTY-II.NFO,22/05/2025,09:32:17,24727.8,24725.1,75,24728.3,75,225,7251450
NIFTY-II.NFO,22/05/2025,09:32:19,24728.3,24725.1,75,24728.1,75,150,7251450
NIFTY-II.NFO,22/05/2025,09:32:20,24727.8,24725.1,75,24727.3,75,375,7251450
NIFTY-II.NFO,22/05/2025,09:32:22,24727.8,24725.1,75,24727.2,75,225,7251450
NIFTY-II.NFO,22/05/2025,09:32:24,24724.5,24723,75,24725,75,675,7251450
NIFTY-II.NFO,22/05/2025,09:32:25,24722.9,24722.2,75,24724.8,375,150,7251450
NIFTY-II.NFO,22/05/2025,09:32:27,24724.8,24722.3,75,24724.8,300,150,7251450
NIFTY-II.NFO,22/05/2025,09:32:29,24721,24720,900,24721.6,75,600,7251450
NIFTY-II.NFO,22/05/2025,09:32:30,24720,24719,150,24719.9,225,1050,7251450
NIFTY-II.NFO,22/05/2025,09:32:32,24717.5,24717,2925,24718.7,225,225,7251450
NIFTY-II.NFO,22/05/2025,09:32:34,24718.2,24716,7125,24716.9,300,3375,7251450
NIFTY-II.NFO,22/05/2025,09:32:34,24716,24716,7125,24716.9,300,0,7251450
NIFTY-II.NFO,22/05/2025,09:32:35,24718.2,24716,7125,24717.2,150,0,7251450
NIFTY-II.NFO,22/05/2025,09:32:37,24716,24716,7050,24716.7,300,150,7251450
NIFTY-II.NFO,22/05/2025,09:32:39,24716,24716,7050,24716.6,300,0,7251450
NIFTY-II.NFO,22/05/2025,09:32:40,24716,24716,5700,24716.2,225,1500,7251450
NIFTY-II.NFO,22/05/2025,09:32:42,24716,24716,2925,24716.2,150,2775,7251450
NIFTY-II.NFO,22/05/2025,09:32:44,24716,24715,750,24715.8,75,3075,7251450
NIFTY-II.NFO,22/05/2025,09:32:44,24715.4,24715,750,24715.8,75,0,7251450
NIFTY-II.NFO,22/05/2025,09:32:45,24715.7,24715,750,24716.2,75,150,7251450
NIFTY-II.NFO,22/05/2025,09:32:47,24713,24712.5,75,24713.5,150,975,7251450
NIFTY-II.NFO,22/05/2025,09:32:47,24713,24712.5,75,24713.5,150,0,7251450
NIFTY-II.NFO,22/05/2025,09:32:49,24711,24711,300,24711.4,375,525,7251450
NIFTY-II.NFO,22/05/2025,09:32:49,24711,24711,300,24711.4,375,0,7251450
NIFTY-II.NFO,22/05/2025,09:32:50,24704.8,24703.2,75,24704.7,75,3975,7251450
NIFTY-II.NFO,22/05/2025,09:32:50,24704,24703.2,75,24704.7,75,0,7251450
NIFTY-II.NFO,22/05/2025,09:32:52,24703,24703.1,600,24710.3,300,300,7251450
NIFTY-II.NFO,22/05/2025,09:32:52,24703,24703.1,600,24710.3,300,0,7251450
NIFTY-II.NFO,22/05/2025,09:32:54,24713.7,24703.8,600,24711.7,375,600,7251450
NIFTY-II.NFO,22/05/2025,09:32:55,24703.4,24703.1,600,24711.1,75,75,7251450
NIFTY-II.NFO,22/05/2025,09:32:57,24705.1,24705.1,600,24711.6,225,150,7251450
NIFTY-II.NFO,22/05/2025,09:32:59,24705,24705,75,24709.3,150,75,7251450
NIFTY-II.NFO,22/05/2025,09:33:00,24705,24703.2,75,24706,150,225,7251450
NIFTY-II.NFO,22/05/2025,09:33:02,24705,24703.2,75,24706.3,750,0,7251450
NIFTY-II.NFO,22/05/2025,09:33:04,24703,24703.1,600,24708.9,300,900,7251450
NIFTY-II.NFO,22/05/2025,09:33:05,24709.7,24705.1,75,24709.1,75,75,7251450
NIFTY-II.NFO,22/05/2025,09:33:07,24706.2,24706,600,24711.5,300,375,7251450
NIFTY-II.NFO,22/05/2025,09:33:09,24710.3,24705.9,75,24707.7,150,150,7251450
NIFTY-II.NFO,22/05/2025,09:33:10,24702,24702,75,24706.2,150,1050,7251450
NIFTY-II.NFO,22/05/2025,09:33:10,24702,24702,75,24706.2,150,0,7251450
NIFTY-II.NFO,22/05/2025,09:33:12,24707.9,24702.1,600,24709.1,150,450,7251450
NIFTY-II.NFO,22/05/2025,09:33:14,24702.2,24702.1,675,24709.1,75,975,7251450
NIFTY-II.NFO,22/05/2025,09:33:15,24702.2,24702.3,675,24710.5,300,0,7251450
NIFTY-II.NFO,22/05/2025,09:33:17,24709.4,24704.1,600,24708.9,75,75,7251450
NIFTY-II.NFO,22/05/2025,09:33:19,24709.3,24703.1,600,24710,75,75,7251450
NIFTY-II.NFO,22/05/2025,09:33:20,24711.3,24706.2,75,24712,75,975,7251450
NIFTY-II.NFO,22/05/2025,09:33:22,24711.3,24706.2,75,24710.1,150,0,7251450
NIFTY-II.NFO,22/05/2025,09:33:24,24711.4,24706.2,75,24711,75,75,7251450
NIFTY-II.NFO,22/05/2025,09:33:25,24710.1,24710.1,975,24711.1,75,300,7251450
NIFTY-II.NFO,22/05/2025,09:33:27,24710.7,24710.1,675,24710.8,75,375,7251450
NIFTY-II.NFO,22/05/2025,09:33:29,24709,24705,75,24708.9,600,825,7251450
NIFTY-II.NFO,22/05/2025,09:33:30,24709,24705,150,24709.9,150,150,7251450
NIFTY-II.NFO,22/05/2025,09:33:32,24709,24705,150,24710.4,750,0,7251450
NIFTY-II.NFO,22/05/2025,09:33:34,24710.4,24705,150,24710.6,75,75,7251450
NIFTY-II.NFO,22/05/2025,09:33:35,24710.4,24710,75,24711.2,150,0,7251450
NIFTY-II.NFO,22/05/2025,09:33:37,24710,24706,75,24707.9,75,150,7251450
NIFTY-II.NFO,22/05/2025,09:33:39,24710,24706,75,24710.9,75,75,7251450
NIFTY-II.NFO,22/05/2025,09:33:40,24710,24707.9,75,24709.1,75,225,7251450
NIFTY-II.NFO,22/05/2025,09:33:42,24707.9,24709,75,24711,150,75,7251450
NIFTY-II.NFO,22/05/2025,09:33:44,24712,24712,225,24715,75,1500,7263750
NIFTY-II.NFO,22/05/2025,09:33:45,24715,24712.3,225,24719.2,150,75,7263750
NIFTY-II.NFO,22/05/2025,09:33:47,24718,24712,75,24716.3,825,75,7263750
NIFTY-II.NFO,22/05/2025,09:33:49,24717.1,24711.3,75,24717.8,150,375,7263750
NIFTY-II.NFO,22/05/2025,09:33:50,24717.1,24711.3,75,24711.4,75,0,7263750
NIFTY-II.NFO,22/05/2025,09:33:52,24711.4,24712,300,24714.7,1050,75,7263750
NIFTY-II.NFO,22/05/2025,09:33:54,24713.7,24711,75,24713.7,375,450,7263750
NIFTY-II.NFO,22/05/2025,09:33:55,24714.9,24711.4,75,24714.9,375,150,7263750
NIFTY-II.NFO,22/05/2025,09:33:57,24711.4,24713.7,75,24714.6,75,525,7263750
NIFTY-II.NFO,22/05/2025,09:33:59,24714.6,24713.7,75,24714.9,375,75,7263750
NIFTY-II.NFO,22/05/2025,09:34:00,24713.7,24713,75,24713.7,75,75,7263750
NIFTY-II.NFO,22/05/2025,09:34:02,24710,24710,225,24710.9,75,450,7263750
NIFTY-II.NFO,22/05/2025,09:34:04,24711.1,24710,150,24712.7,75,300,7263750
NIFTY-II.NFO,22/05/2025,09:34:05,24710,24710,75,24711.6,75,225,7263750
NIFTY-II.NFO,22/05/2025,09:34:07,24709.9,24705.1,600,24710.3,225,450,7263750
NIFTY-II.NFO,22/05/2025,09:34:09,24712.8,24710,75,24711.7,225,150,7263750
NIFTY-II.NFO,22/05/2025,09:34:10,24710,24705.7,225,24710.8,750,75,7263750
NIFTY-II.NFO,22/05/2025,09:34:12,24710.1,24705.1,600,24710.9,75,150,7263750
NIFTY-II.NFO,22/05/2025,09:34:14,24710.1,24705,525,24708.8,75,0,7263750
NIFTY-II.NFO,22/05/2025,09:34:15,24709.8,24705,525,24709.6,375,150,7263750
NIFTY-II.NFO,22/05/2025,09:34:17,24708.4,24705,525,24708.4,525,375,7263750
NIFTY-II.NFO,22/05/2025,09:34:19,24707.3,24705,450,24708.2,75,225,7263750
NIFTY-II.NFO,22/05/2025,09:34:20,24707.9,24707,150,24710,225,150,7263750
NIFTY-II.NFO,22/05/2025,09:34:22,24707,24708.2,150,24709.4,750,375,7263750
NIFTY-II.NFO,22/05/2025,09:34:24,24707,24705,450,24706.6,225,375,7263750
NIFTY-II.NFO,22/05/2025,09:34:25,24703.8,24703.4,150,24705,75,600,7263750
NIFTY-II.NFO,22/05/2025,09:34:27,24704.4,24703.4,150,24704.5,750,375,7263750
NIFTY-II.NFO,22/05/2025,09:34:29,24703.9,24703.4,75,24704.4,375,150,7263750
NIFTY-II.NFO,22/05/2025,09:34:30,24705.5,24703.4,75,24706.3,225,150,7263750
NIFTY-II.NFO,22/05/2025,09:34:32,24703.4,24703,75,24707.8,375,150,7263750
NIFTY-II.NFO,22/05/2025,09:34:34,24703,24702,150,24704.3,150,150,7263750
NIFTY-II.NFO,22/05/2025,09:34:36,24704.3,24703,75,24705.3,375,750,7263750
NIFTY-II.NFO,22/05/2025,09:34:37,24702,24702,75,24704.1,300,375,7263750
NIFTY-II.NFO,22/05/2025,09:34:39,24702,24703,75,24704.5,225,0,7263750
NIFTY-II.NFO,22/05/2025,09:34:41,24702,24705.9,75,24707.3,375,0,7263750
NIFTY-II.NFO,22/05/2025,09:34:42,24705,24703.9,75,24705.5,750,150,7263750
NIFTY-II.NFO,22/05/2025,09:34:44,24703,24702,1275,24705,375,450,7263750
NIFTY-II.NFO,22/05/2025,09:34:46,24702,24702,1275,24705.5,375,75,7263750
NIFTY-II.NFO,22/05/2025,09:34:47,24702,24702,1350,24705.1,750,0,7263750
NIFTY-II.NFO,22/05/2025,09:34:49,24704.3,24702,1350,24704.5,225,150,7263750
NIFTY-II.NFO,22/05/2025,09:34:51,24704.3,24702,1350,24705.6,75,75,7263750
NIFTY-II.NFO,22/05/2025,09:34:52,24705.4,24702,1350,24704.9,750,75,7263750
NIFTY-II.NFO,22/05/2025,09:34:54,24703.1,24702,1350,24703.1,75,375,7263750
NIFTY-II.NFO,22/05/2025,09:34:56,24701.5,24701.1,75,24702.1,750,1875,7263750
NIFTY-II.NFO,22/05/2025,09:34:56,24701.5,24701.1,75,24702.1,750,0,7263750
NIFTY-II.NFO,22/05/2025,09:34:57,24702,24701,1875,24701.8,525,225,7263750
NIFTY-II.NFO,22/05/2025,09:34:57,24701.1,24701,1875,24701.8,525,0,7263750
NIFTY-II.NFO,22/05/2025,09:34:59,24701.3,24701,1125,24701.3,525,1275,7263750
NIFTY-II.NFO,22/05/2025,09:34:59,24701,24701,1125,24701.3,525,0,7263750
NIFTY-II.NFO,22/05/2025,09:35:01,24701,24701,1050,24702.1,750,225,7263750
NIFTY-II.NFO,22/05/2025,09:35:02,24700.1,24700.1,300,24700.2,375,1500,7263750
NIFTY-II.NFO,22/05/2025,09:35:02,24700.1,24700.1,300,24700.2,375,0,7263750
NIFTY-II.NFO,22/05/2025,09:35:04,24696,24696,150,24698,75,7650,7263750
NIFTY-II.NFO,22/05/2025,09:35:04,24696,24696,150,24698,75,0,7263750
NIFTY-II.NFO,22/05/2025,09:35:06,24698.6,24696,75,24697.5,300,600,7263750
NIFTY-II.NFO,22/05/2025,09:35:07,24695.1,24688.1,150,24695.2,75,10275,7263750
NIFTY-II.NFO,22/05/2025,09:35:07,24689.4,24688.1,150,24695.2,75,0,7263750
NIFTY-II.NFO,22/05/2025,09:35:09,24688.1,24688.1,75,24695.1,450,225,7263750
NIFTY-II.NFO,22/05/2025,09:35:09,24688.1,24688.1,75,24695.1,450,0,7263750
NIFTY-II.NFO,22/05/2025,09:35:11,24688.1,24688.1,75,24694.8,150,0,7263750
NIFTY-II.NFO,22/05/2025,09:35:12,24688.1,24690,150,24694.1,525,0,7263750
NIFTY-II.NFO,22/05/2025,09:35:14,24690,24690,75,24696.5,75,225,7263750
NIFTY-II.NFO,22/05/2025,09:35:16,24689,24690,75,24694.8,300,150,7263750
NIFTY-II.NFO,22/05/2025,09:35:17,24694.9,24690,150,24694.8,75,150,7263750
NIFTY-II.NFO,22/05/2025,09:35:19,24695.6,24690.1,150,24695.4,75,150,7263750
NIFTY-II.NFO,22/05/2025,09:35:21,24690,24690.1,150,24694.7,150,75,7263750
NIFTY-II.NFO,22/05/2025,09:35:22,24694.8,24694.8,6825,24695.2,150,2325,7263750
NIFTY-II.NFO,22/05/2025,09:35:24,24694.8,24694.8,1875,24694.9,300,4950,7263750
NIFTY-II.NFO,22/05/2025,09:35:26,24692,24692,75,24694,75,2025,7263750
NIFTY-II.NFO,22/05/2025,09:35:27,24692,24692,75,24693.2,75,0,7263750
NIFTY-II.NFO,22/05/2025,09:35:29,24693.8,24692,75,24694.3,75,75,7263750
NIFTY-II.NFO,22/05/2025,09:35:31,24694.3,24690,375,24694.7,75,450,7263750
NIFTY-II.NFO,22/05/2025,09:35:32,24694.3,24692,75,24694.5,225,0,7263750
NIFTY-II.NFO,22/05/2025,09:35:34,24694.3,24692,75,24694.8,150,225,7263750
NIFTY-II.NFO,22/05/2025,09:35:36,24697.6,24694.3,75,24697.5,225,300,7263750
NIFTY-II.NFO,22/05/2025,09:35:37,24698.6,24694.4,150,24700,300,300,7263750
NIFTY-II.NFO,22/05/2025,09:35:39,24698.6,24694.4,225,24700,150,0,7263750
NIFTY-II.NFO,22/05/2025,09:35:41,24700,24700,75,24702,75,150,7263750
NIFTY-II.NFO,22/05/2025,09:35:42,24706.8,24700.1,150,24705,75,1875,7263750
NIFTY-II.NFO,22/05/2025,09:35:44,24706.8,24700.1,150,24703.6,1125,0,7263750
NIFTY-II.NFO,22/05/2025,09:35:46,24703.8,24705.8,75,24711.1,75,1500,7263750
NIFTY-II.NFO,22/05/2025,09:35:47,24718,24713.3,150,24720,75,300,7263750
NIFTY-II.NFO,22/05/2025,09:35:49,24723.6,24720,75,24722.8,75,225,7263750
NIFTY-II.NFO,22/05/2025,09:35:51,24722.8,24718.5,75,24724.4,375,150,7263750
NIFTY-II.NFO,22/05/2025,09:35:52,24727,24719.2,75,24725.5,75,225,7263750
NIFTY-II.NFO,22/05/2025,09:35:54,24725.4,24718.3,75,24724.8,75,75,7263750
NIFTY-II.NFO,22/05/2025,09:35:56,24723.3,24723.7,75,24724.3,75,150,7263750
NIFTY-II.NFO,22/05/2025,09:35:57,24723.7,24717.6,225,24724.3,225,525,7263750
NIFTY-II.NFO,22/05/2025,09:35:59,24723.7,24720,375,24724.4,225,150,7263750
NIFTY-II.NFO,22/05/2025,09:36:01,24728.1,24725.7,75,24730,75,225,7263750
NIFTY-II.NFO,22/05/2025,09:36:02,24731.1,24724.1,75,24729.5,75,225,7263750
NIFTY-II.NFO,22/05/2025,09:36:04,24744,24737.1,75,24744,75,600,7263750
NIFTY-II.NFO,22/05/2025,09:36:06,24749.3,24744.8,75,24750,300,300,7263750
NIFTY-II.NFO,22/05/2025,09:36:07,24739.3,24740.3,150,24746.7,75,525,7263750
NIFTY-II.NFO,22/05/2025,09:36:09,24745.3,24738.6,150,24745.2,75,900,7263750
NIFTY-II.NFO,22/05/2025,09:36:11,24746.9,24744,75,24749.9,75,450,7263750
NIFTY-II.NFO,22/05/2025,09:36:12,24749.8,24742.9,150,24748.4,75,675,7263750
NIFTY-II.NFO,22/05/2025,09:36:14,24750,24749.3,75,24750.1,600,450,7263750
NIFTY-II.NFO,22/05/2025,09:36:16,24750,24744.5,450,24750.5,75,525,7263750
NIFTY-II.NFO,22/05/2025,09:36:17,24750,24750,75,24750.7,75,450,7263750
NIFTY-II.NFO,22/05/2025,09:36:19,24745.3,24740.5,300,24745.3,75,300,7263750
NIFTY-II.NFO,22/05/2025,09:36:21,24745.3,24735.4,150,24742,150,75,7263750
NIFTY-II.NFO,22/05/2025,09:36:22,24741.5,24734.6,75,24741.5,75,375,7263750
NIFTY-II.NFO,22/05/2025,09:36:24,24741.2,24741.6,150,24745.6,1200,300,7263750
NIFTY-II.NFO,22/05/2025,09:36:26,24746.1,24741.7,150,24748.5,600,900,7263750
NIFTY-II.NFO,22/05/2025,09:36:27,24748.9,24741.7,150,24748.5,600,450,7263750
NIFTY-II.NFO,22/05/2025,09:36:29,24744.5,24741.5,75,24744.3,450,150,7263750
NIFTY-II.NFO,22/05/2025,09:36:31,24745.5,24741.5,75,24745.8,75,225,7263750
NIFTY-II.NFO,22/05/2025,09:36:32,24741.2,24741.2,450,24741.3,600,750,7263750
NIFTY-II.NFO,22/05/2025,09:36:34,24740,24739.8,75,24740,375,1650,7263750
NIFTY-II.NFO,22/05/2025,09:36:36,24735,24733,150,24736.7,525,375,7263750
NIFTY-II.NFO,22/05/2025,09:36:37,24732.9,24730,150,24732.7,600,600,7263750
NIFTY-II.NFO,22/05/2025,09:36:39,24732.4,24730,150,24732.1,75,675,7263750
NIFTY-II.NFO,22/05/2025,09:36:41,24730.4,24724.4,75,24730.5,375,600,7263750
NIFTY-II.NFO,22/05/2025,09:36:42,24731.4,24724.4,150,24730.6,300,300,7263750
NIFTY-II.NFO,22/05/2025,09:36:44,24724.4,24721,75,24724.1,75,750,7263750
NIFTY-II.NFO,22/05/2025,09:36:46,24721,24720,225,24724.1,75,75,7248675
NIFTY-II.NFO,22/05/2025,09:36:47,24730.1,24724.4,75,24730,300,525,7248675
NIFTY-II.NFO,22/05/2025,09:36:49,24724.4,24720.4,600,24724.4,150,150,7248675
NIFTY-II.NFO,22/05/2025,09:36:51,24730.1,24723.2,150,24729.3,225,225,7248675
NIFTY-II.NFO,22/05/2025,09:36:52,24724.5,24724.5,150,24730.2,75,525,7248675
NIFTY-II.NFO,22/05/2025,09:36:54,24730.1,24724.4,75,24730.1,450,75,7248675
NIFTY-II.NFO,22/05/2025,09:36:56,24725,24724.4,75,24730.2,75,150,7248675
NIFTY-II.NFO,22/05/2025,09:36:57,24730.2,24728,150,24733.7,375,75,7248675
NIFTY-II.NFO,22/05/2025,09:36:59,24730.2,24728,225,24731.4,75,0,7248675
NIFTY-II.NFO,22/05/2025,09:37:01,24729.9,24722.8,675,24729.9,150,375,7248675
NIFTY-II.NFO,22/05/2025,09:37:02,24734.2,24727.3,675,24733.5,75,225,7248675
NIFTY-II.NFO,22/05/2025,09:37:04,24734.2,24729.9,75,24734.4,75,0,7248675
NIFTY-II.NFO,22/05/2025,09:37:06,24735.1,24734,75,24738.6,75,150,7248675
NIFTY-II.NFO,22/05/2025,09:37:07,24740.8,24734.8,600,24739.9,75,300,7248675
NIFTY-II.NFO,22/05/2025,09:37:09,24741.2,24734.8,600,24740.2,75,150,7248675
NIFTY-II.NFO,22/05/2025,09:37:11,24740.4,24740,75,24740.8,75,300,7248675
NIFTY-II.NFO,22/05/2025,09:37:12,24740,24734.5,600,24738.8,75,75,7248675
NIFTY-II.NFO,22/05/2025,09:37:14,24740.4,24734.5,600,24740.6,75,225,7248675
NIFTY-II.NFO,22/05/2025,09:37:16,24740.4,24736.8,600,24742.3,75,0,7248675
NIFTY-II.NFO,22/05/2025,09:37:17,24741.7,24740.4,75,24741.7,75,150,7248675
NIFTY-II.NFO,22/05/2025,09:37:19,24740.4,24740.4,75,24741.3,75,300,7248675
NIFTY-II.NFO,22/05/2025,09:37:21,24740.4,24740,300,24740.9,75,75,7248675
NIFTY-II.NFO,22/05/2025,09:37:22,24741.1,24734,600,24741.7,75,675,7248675
NIFTY-II.NFO,22/05/2025,09:37:24,24741,24738.3,675,24745,75,150,7248675
NIFTY-II.NFO,22/05/2025,09:37:26,24741,24737.2,600,24740,75,0,7248675
NIFTY-II.NFO,22/05/2025,09:37:27,24745,24739.4,600,24747,375,450,7248675
NIFTY-II.NFO,22/05/2025,09:37:29,24740.4,24740,600,24745.5,75,225,7248675
NIFTY-II.NFO,22/05/2025,09:37:31,24745,24739.9,600,24746.9,75,150,7248675
NIFTY-II.NFO,22/05/2025,09:37:32,24741.7,24740,75,24742.3,75,300,7248675
NIFTY-II.NFO,22/05/2025,09:37:34,24743.9,24740,75,24744.1,75,75,7248675
NIFTY-II.NFO,22/05/2025,09:37:36,24743.9,24740,75,24743.7,825,0,7248675
NIFTY-II.NFO,22/05/2025,09:37:37,24744.8,24740.4,75,24745,825,150,7248675
NIFTY-II.NFO,22/05/2025,09:37:39,24746.2,24745.5,75,24746.9,375,450,7248675
NIFTY-II.NFO,22/05/2025,09:37:41,24741,24743.9,225,24747.4,75,150,7248675
NIFTY-II.NFO,22/05/2025,09:37:42,24743.9,24740.4,75,24745.7,75,225,7248675
NIFTY-II.NFO,22/05/2025,09:37:44,24743.9,24745.7,75,24746.7,75,0,7248675
NIFTY-II.NFO,22/05/2025,09:37:46,24740.4,24740.1,600,24746.7,150,225,7248675
NIFTY-II.NFO,22/05/2025,09:37:47,24743.9,24740,75,24744.5,225,225,7248675
NIFTY-II.NFO,22/05/2025,09:37:49,24743.9,24740,75,24743.9,75,0,7248675
NIFTY-II.NFO,22/05/2025,09:37:51,24745.6,24743.9,75,24746.7,375,375,7248675
NIFTY-II.NFO,22/05/2025,09:37:52,24746.1,24743.9,75,24748,150,300,7248675
NIFTY-II.NFO,22/05/2025,09:37:54,24746.2,24740,375,24746.5,75,375,7248675
NIFTY-II.NFO,22/05/2025,09:37:56,24746,24741.6,150,24748.3,75,150,7248675
NIFTY-II.NFO,22/05/2025,09:37:57,24746.9,24744.5,75,24746.9,75,225,7248675
NIFTY-II.NFO,22/05/2025,09:37:59,24741.7,24740,300,24741.9,75,825,7248675
NIFTY-II.NFO,22/05/2025,09:38:01,24740.5,24730.9,150,24737.6,75,525,7248675
NIFTY-II.NFO,22/05/2025,09:38:02,24738.5,24730,225,24737.5,75,300,7248675
NIFTY-II.NFO,22/05/2025,09:38:04,24735.3,24730,150,24732.8,75,150,7248675
NIFTY-II.NFO,22/05/2025,09:38:06,24730,24730,75,24733.8,75,150,7248675
NIFTY-II.NFO,22/05/2025,09:38:07,24730,24730.3,150,24733.8,75,0,7248675
NIFTY-II.NFO,22/05/2025,09:38:09,24737.8,24730.7,225,24738.3,300,300,7248675
NIFTY-II.NFO,22/05/2025,09:38:11,24733.8,24732.8,75,24734.3,300,75,7248675
NIFTY-II.NFO,22/05/2025,09:38:12,24736,24732.8,75,24737.6,150,150,7248675
NIFTY-II.NFO,22/05/2025,09:38:14,24740.2,24734.3,75,24739.1,375,150,7248675
NIFTY-II.NFO,22/05/2025,09:38:16,24740.2,24734.3,75,24738.5,75,0,7248675
NIFTY-II.NFO,22/05/2025,09:38:17,24739,24734.4,150,24737.6,75,225,7248675
NIFTY-II.NFO,22/05/2025,09:38:19,24736,24734.4,150,24735,75,150,7248675
NIFTY-II.NFO,22/05/2025,09:38:21,24732.8,24730,150,24732.7,75,375,7248675
NIFTY-II.NFO,22/05/2025,09:38:22,24730,24723,75,24730.2,75,750,7248675
NIFTY-II.NFO,22/05/2025,09:38:24,24730,24724,150,24730.7,75,75,7248675
NIFTY-II.NFO,22/05/2025,09:38:26,24723.1,24723,75,24728.6,75,75,7248675
NIFTY-II.NFO,22/05/2025,09:38:27,24728,24722.9,75,24726.5,75,150,7248675
NIFTY-II.NFO,22/05/2025,09:38:29,24726.4,24725,75,24727.2,75,75,7248675
NIFTY-II.NFO,22/05/2025,09:38:31,24725,24722.9,75,24726.9,75,75,7248675
NIFTY-II.NFO,22/05/2025,09:38:32,24724.1,24723.2,600,24731.9,225,600,7248675
NIFTY-II.NFO,22/05/2025,09:38:34,24729.4,24728,75,24731,150,225,7248675
NIFTY-II.NFO,22/05/2025,09:38:36,24724.9,24723.8,150,24731.1,150,150,7248675
NIFTY-II.NFO,22/05/2025,09:38:37,24729.6,24724.1,75,24726.8,75,75,7248675
NIFTY-II.NFO,22/05/2025,09:38:39,24730.4,24724.1,75,24730.5,150,225,7248675
NIFTY-II.NFO,22/05/2025,09:38:41,24730.4,24728,75,24729.1,75,0,7248675
NIFTY-II.NFO,22/05/2025,09:38:42,24729,24724.2,600,24730,75,300,7248675
NIFTY-II.NFO,22/05/2025,09:38:44,24731,24726.7,750,24733.7,75,600,7248675
NIFTY-II.NFO,22/05/2025,09:38:46,24731,24725.8,675,24732.2,75,0,7248675
NIFTY-II.NFO,22/05/2025,09:38:47,24731,24728.5,600,24730,75,0,7248675
NIFTY-II.NFO,22/05/2025,09:38:49,24735,24729.9,450,24736.5,75,675,7248675
NIFTY-II.NFO,22/05/2025,09:38:51,24739.4,24731.7,750,24738.5,75,75,7248675
NIFTY-II.NFO,22/05/2025,09:38:52,24738.5,24731.2,750,24738.4,375,75,7248675
NIFTY-II.NFO,22/05/2025,09:38:54,24739.1,24731.7,675,24738.3,375,75,7248675
NIFTY-II.NFO,22/05/2025,09:38:56,24739.1,24734.2,75,24740.1,375,0,7248675
NIFTY-II.NFO,22/05/2025,09:38:57,24738.4,24734.2,75,24737.5,75,75,7248675
NIFTY-II.NFO,22/05/2025,09:38:59,24725.1,24725.1,525,24733.1,150,375,7248675
NIFTY-II.NFO,22/05/2025,09:39:01,24725.1,24725.1,600,24732.2,150,150,7248675
NIFTY-II.NFO,22/05/2025,09:39:02,24725.1,24725,75,24730.2,225,150,7248675
NIFTY-II.NFO,22/05/2025,09:39:04,24728.5,24725,75,24726.6,75,150,7248675
NIFTY-II.NFO,22/05/2025,09:39:06,24724.1,24722.9,75,24727.1,75,150,7248675
NIFTY-II.NFO,22/05/2025,09:39:07,24724.1,24722.9,75,24726.8,75,0,7248675
NIFTY-II.NFO,22/05/2025,09:39:09,24722.3,24721,150,24724.7,75,300,7248675
NIFTY-II.NFO,22/05/2025,09:39:11,24725.6,24721,150,24725.1,300,75,7248675
NIFTY-II.NFO,22/05/2025,09:39:12,24725.1,24721,150,24723.4,75,525,7248675
NIFTY-II.NFO,22/05/2025,09:39:14,24720,24720,225,24722.8,75,600,7248675
NIFTY-II.NFO,22/05/2025,09:39:16,24720,24715,75,24719.3,750,375,7248675
NIFTY-II.NFO,22/05/2025,09:39:17,24720,24715,75,24717.6,750,0,7248675
NIFTY-II.NFO,22/05/2025,09:39:19,24716.7,24715,75,24718.4,225,75,7248675
NIFTY-II.NFO,22/05/2025,09:39:21,24711,24711,300,24713.7,75,300,7248675
NIFTY-II.NFO,22/05/2025,09:39:22,24710,24710,75,24715.2,225,450,7248675
NIFTY-II.NFO,22/05/2025,09:39:24,24710,24711.6,600,24719.3,75,150,7248675
NIFTY-II.NFO,22/05/2025,09:39:26,24710,24712,600,24716.7,75,0,7248675
NIFTY-II.NFO,22/05/2025,09:39:27,24710,24713,675,24716.7,75,0,7248675
NIFTY-II.NFO,22/05/2025,09:39:29,24716.7,24714.6,75,24720,150,75,7248675
NIFTY-II.NFO,22/05/2025,09:39:31,24713.3,24713.3,600,24720,150,150,7248675
NIFTY-II.NFO,22/05/2025,09:39:32,24722.2,24714.9,225,24721.9,150,600,7248675
NIFTY-II.NFO,22/05/2025,09:39:34,24722.2,24716.7,600,24724.7,75,0,7248675
NIFTY-II.NFO,22/05/2025,09:39:36,24725,24717.4,600,24724.6,150,75,7248675
NIFTY-II.NFO,22/05/2025,09:39:37,24725,24720.3,675,24726.7,375,0,7248675
NIFTY-II.NFO,22/05/2025,09:39:39,24725,24720.6,750,24727.9,750,0,7248675
NIFTY-II.NFO,22/05/2025,09:39:41,24720.9,24722.2,75,24727.2,225,75,7248675
NIFTY-II.NFO,22/05/2025,09:39:42,24720.9,24723.7,675,24730.9,375,0,7248675
NIFTY-II.NFO,22/05/2025,09:39:44,24720.9,24727.2,75,24727.5,75,0,7248675
NIFTY-II.NFO,22/05/2025,09:39:46,24729.2,24727.2,75,24731.9,75,225,7247325
NIFTY-II.NFO,22/05/2025,09:39:47,24729.2,24727.2,75,24730.9,375,0,7247325
NIFTY-II.NFO,22/05/2025,09:39:49,24726.7,24726.7,900,24727.5,1500,675,7247325
NIFTY-II.NFO,22/05/2025,09:39:51,24728,24726.7,825,24727.5,75,300,7247325
NIFTY-II.NFO,22/05/2025,09:39:52,24726.7,24725.9,75,24726,75,825,7247325
NIFTY-II.NFO,22/05/2025,09:39:54,24726.9,24722.2,75,24725.5,375,150,7247325
NIFTY-II.NFO,22/05/2025,09:39:56,24725.5,24722.2,75,24727.6,900,75,7247325
NIFTY-II.NFO,22/05/2025,09:39:57,24727.7,24722.3,600,24728.4,75,75,7247325
NIFTY-II.NFO,22/05/2025,09:39:59,24725.1,24721,75,24725.3,225,375,7247325
NIFTY-II.NFO,22/05/2025,09:40:01,24720.2,24716.2,600,24720.2,75,225,7247325
NIFTY-II.NFO,22/05/2025,09:40:02,24720.2,24718.6,675,24725.2,300,75,7247325
NIFTY-II.NFO,22/05/2025,09:40:04,24728.1,24725,75,24728.2,150,150,7247325
NIFTY-II.NFO,22/05/2025,09:40:06,24728.3,24725,75,24728.2,75,375,7247325
NIFTY-II.NFO,22/05/2025,09:40:07,24725,24720.6,600,24727,75,300,7247325
NIFTY-II.NFO,22/05/2025,09:40:09,24725,24717.8,600,24725.3,75,0,7247325
NIFTY-II.NFO,22/05/2025,09:40:11,24724.6,24725,525,24725.1,75,150,7247325
NIFTY-II.NFO,22/05/2025,09:40:12,24725,24716,75,24720.2,225,525,7247325
NIFTY-II.NFO,22/05/2025,09:40:14,24719.7,24716,75,24719.6,525,150,7247325
NIFTY-II.NFO,22/05/2025,09:40:16,24719.7,24716,75,24721.1,75,0,7247325
NIFTY-II.NFO,22/05/2025,09:40:17,24720,24716,75,24720.5,150,150,7247325
NIFTY-II.NFO,22/05/2025,09:40:19,24720,24716,75,24718.3,150,75,7247325
NIFTY-II.NFO,22/05/2025,09:40:21,24720,24716,75,24719.3,150,0,7247325
NIFTY-II.NFO,22/05/2025,09:40:22,24714.6,24720,75,24720.8,75,300,7247325
NIFTY-II.NFO,22/05/2025,09:40:24,24720.8,24720,75,24722.7,375,75,7247325
NIFTY-II.NFO,22/05/2025,09:40:26,24720,24715.1,75,24722.5,75,75,7247325
NIFTY-II.NFO,22/05/2025,09:40:27,24721,24719.3,75,24721.8,150,750,7247325
NIFTY-II.NFO,22/05/2025,09:40:29,24721,24719.3,75,24720.8,75,0,7247325
NIFTY-II.NFO,22/05/2025,09:40:31,24720,24719.3,75,24720,75,75,7247325
NIFTY-II.NFO,22/05/2025,09:40:32,24720,24721.8,75,24722.9,150,75,7247325
NIFTY-II.NFO,22/05/2025,09:40:34,24720,24721.8,75,24724.7,75,0,7247325
NIFTY-II.NFO,22/05/2025,09:40:36,24725,24721.8,75,24724.6,375,150,7247325
NIFTY-II.NFO,22/05/2025,09:40:37,24725,24722.7,150,24726.8,75,0,7247325
NIFTY-II.NFO,22/05/2025,09:40:39,24725,24725,75,24727,75,0,7247325
NIFTY-II.NFO,22/05/2025,09:40:41,24725,24727,600,24731.9,75,0,7247325
NIFTY-II.NFO,22/05/2025,09:40:42,24725,24726.6,825,24733.3,225,0,7247325
NIFTY-II.NFO,22/05/2025,09:40:44,24735,24732,75,24734.5,150,75,7247325
NIFTY-II.NFO,22/05/2025,09:40:46,24734,24732,75,24733.2,75,75,7247325
NIFTY-II.NFO,22/05/2025,09:40:47,24735.3,24733.8,825,24740,150,75,7247325
NIFTY-II.NFO,22/05/2025,09:40:49,24738.6,24733.4,150,24738.1,75,75,7247325
NIFTY-II.NFO,22/05/2025,09:40:51,24739.5,24733,825,24739.8,375,75,7247325
NIFTY-II.NFO,22/05/2025,09:40:53,24739.5,24732,75,24736.2,75,0,7247325
NIFTY-II.NFO,22/05/2025,09:40:54,24737.4,24732,75,24734.8,150,150,7247325
NIFTY-II.NFO,22/05/2025,09:40:56,24740,24734.1,600,24738.8,75,300,7247325
NIFTY-II.NFO,22/05/2025,09:40:58,24744,24734.7,150,24738,75,375,7247325
NIFTY-II.NFO,22/05/2025,09:40:59,24734,24735.1,600,24741.6,150,150,7247325
NIFTY-II.NFO,22/05/2025,09:41:01,24742.2,24735,75,24741,525,900,7247325
NIFTY-II.NFO,22/05/2025,09:41:03,24734,24740,75,24743,75,375,7247325
NIFTY-II.NFO,22/05/2025,09:41:04,24740,24734.2,150,24739.5,75,75,7247325
NIFTY-II.NFO,22/05/2025,09:41:06,24738.7,24734,75,24738.3,75,1575,7247325
NIFTY-II.NFO,22/05/2025,09:41:08,24742.7,24737.7,750,24743.8,75,75,7247325
NIFTY-II.NFO,22/05/2025,09:41:09,24745,24738.8,675,24745,75,75,7247325
NIFTY-II.NFO,22/05/2025,09:41:11,24748.3,24742.5,675,24748.3,150,225,7247325
NIFTY-II.NFO,22/05/2025,09:41:13,24749.6,24745.1,600,24750,1500,150,7247325
NIFTY-II.NFO,22/05/2025,09:41:14,24750,24746.2,750,24750,1050,450,7247325
NIFTY-II.NFO,22/05/2025,09:41:16,24754,24751.2,600,24754.4,75,1350,7247325
NIFTY-II.NFO,22/05/2025,09:41:18,24754.4,24749,600,24754.3,75,75,7247325
NIFTY-II.NFO,22/05/2025,09:41:19,24754.7,24747.2,600,24753.5,150,225,7247325
NIFTY-II.NFO,22/05/2025,09:41:21,24752.3,24749,600,24754.8,300,300,7247325
NIFTY-II.NFO,22/05/2025,09:41:23,24749,24748.4,675,24754.7,300,900,7247325
NIFTY-II.NFO,22/05/2025,09:41:24,24754.2,24748.6,600,24754.7,300,150,7247325
NIFTY-II.NFO,22/05/2025,09:41:26,24749,24747.3,825,24754.2,75,900,7247325
NIFTY-II.NFO,22/05/2025,09:41:28,24748.1,24747.7,600,24754.2,300,225,7247325
NIFTY-II.NFO,22/05/2025,09:41:29,24754.7,24750.1,750,24754.7,150,225,7247325
NIFTY-II.NFO,22/05/2025,09:41:31,24759.9,24756.2,600,24759.9,75,1575,7247325
NIFTY-II.NFO,22/05/2025,09:41:33,24760,24759.2,600,24762,750,1125,7247325
NIFTY-II.NFO,22/05/2025,09:41:34,24761.9,24759.9,75,24762,75,1275,7247325
NIFTY-II.NFO,22/05/2025,09:41:36,24759.9,24754.4,600,24759.1,75,75,7247325
NIFTY-II.NFO,22/05/2025,09:41:38,24762,24756.1,600,24762.6,150,375,7247325
NIFTY-II.NFO,22/05/2025,09:41:39,24762,24756.8,600,24760,75,0,7247325
NIFTY-II.NFO,22/05/2025,09:41:41,24760.2,24760,75,24760.2,150,150,7247325
NIFTY-II.NFO,22/05/2025,09:41:43,24759.8,24759.7,75,24760.2,150,150,7247325
NIFTY-II.NFO,22/05/2025,09:41:44,24760.2,24759.7,75,24760,75,225,7247325
NIFTY-II.NFO,22/05/2025,09:41:46,24762,24759.7,75,24763,75,300,7247325
NIFTY-II.NFO,22/05/2025,09:41:48,24755,24755.1,150,24760.5,300,600,7247325
NIFTY-II.NFO,22/05/2025,09:41:49,24759.3,24755,75,24759.1,375,375,7247325
NIFTY-II.NFO,22/05/2025,09:41:51,24755,24754.3,75,24758,225,75,7247325
NIFTY-II.NFO,22/05/2025,09:41:53,24755,24754.3,75,24757,300,150,7247325
NIFTY-II.NFO,22/05/2025,09:41:54,24756.9,24754.3,75,24755.2,225,75,7247325
NIFTY-II.NFO,22/05/2025,09:41:56,24752.9,24750,75,24752.9,375,450,7247325
NIFTY-II.NFO,22/05/2025,09:41:58,24753.3,24748.1,150,24752.4,600,150,7247325
NIFTY-II.NFO,22/05/2025,09:41:59,24753.3,24748.1,150,24750,75,0,7247325
NIFTY-II.NFO,22/05/2025,09:42:01,24750,24748.1,150,24752.8,375,75,7247325
NIFTY-II.NFO,22/05/2025,09:42:03,24753.3,24748.1,150,24754.7,300,75,7247325
NIFTY-II.NFO,22/05/2025,09:42:04,24752.6,24750,75,24752.5,75,825,7247325
NIFTY-II.NFO,22/05/2025,09:42:06,24750,24750,2250,24755.2,150,75,7247325
NIFTY-II.NFO,22/05/2025,09:42:08,24755.1,24752,75,24752.7,375,75,7247325
NIFTY-II.NFO,22/05/2025,09:42:09,24749.4,24748,375,24749.2,450,2550,7247325
NIFTY-II.NFO,22/05/2025,09:42:11,24740,24740,75,24742,450,600,7247325
NIFTY-II.NFO,22/05/2025,09:42:13,24736,24736.5,600,24743.6,300,150,7247325
NIFTY-II.NFO,22/05/2025,09:42:14,24745.6,24741,600,24747.6,75,75,7247325
NIFTY-II.NFO,22/05/2025,09:42:16,24745.6,24740,75,24744.1,75,0,7247325
NIFTY-II.NFO,22/05/2025,09:42:18,24745.3,24740,75,24745.1,225,75,7247325
NIFTY-II.NFO,22/05/2025,09:42:19,24740,24738.3,75,24744.7,75,75,7247325
NIFTY-II.NFO,22/05/2025,09:42:21,24744.5,24739,75,24743.8,75,75,7247325
NIFTY-II.NFO,22/05/2025,09:42:23,24740,24736,75,24739.9,75,225,7247325
NIFTY-II.NFO,22/05/2025,09:42:24,24736,24734,75,24736.2,375,375,7247325
NIFTY-II.NFO,22/05/2025,09:42:26,24735.3,24734,75,24736,75,75,7247325
NIFTY-II.NFO,22/05/2025,09:42:28,24734,24727.7,375,24735,375,75,7247325
NIFTY-II.NFO,22/05/2025,09:42:29,24737.4,24729.8,150,24737.4,225,225,7247325
NIFTY-II.NFO,22/05/2025,09:42:31,24736.2,24736.2,75,24737.5,225,75,7247325
NIFTY-II.NFO,22/05/2025,09:42:33,24735.8,24736,75,24738.6,150,225,7247325
NIFTY-II.NFO,22/05/2025,09:42:34,24738.2,24734.8,75,24739,150,300,7247325
NIFTY-II.NFO,22/05/2025,09:42:36,24741.9,24734.8,75,24740,150,75,7247325
NIFTY-II.NFO,22/05/2025,09:42:38,24741.9,24734.9,150,24742.2,450,0,7247325
NIFTY-II.NFO,22/05/2025,09:42:39,24740.9,24734.8,75,24735,75,75,7247325
NIFTY-II.NFO,22/05/2025,09:42:41,24739,24735.3,75,24741.2,75,150,7247325
NIFTY-II.NFO,22/05/2025,09:42:43,24738.5,24734.8,75,24738.1,150,75,7247325
NIFTY-II.NFO,22/05/2025,09:42:44,24738.5,24734.8,75,24738.2,150,0,7247325
NIFTY-II.NFO,22/05/2025,09:42:46,24738.5,24734.8,75,24739.8,375,0,7247325
NIFTY-II.NFO,22/05/2025,09:42:48,24739.5,24738.2,75,24740.1,150,825,7245000
NIFTY-II.NFO,22/05/2025,09:42:49,24738.8,24734.8,75,24738.4,75,375,7245000
NIFTY-II.NFO,22/05/2025,09:42:51,24737.4,24734.8,75,24738.3,375,75,7245000
NIFTY-II.NFO,22/05/2025,09:42:53,24740,24740,225,24741.3,150,75,7245000
NIFTY-II.NFO,22/05/2025,09:42:54,24740,24734.8,75,24741.3,75,225,7245000
NIFTY-II.NFO,22/05/2025,09:42:56,24742.1,24734.8,150,24741.4,75,300,7245000
NIFTY-II.NFO,22/05/2025,09:42:58,24738.3,24736.8,600,24743.6,75,300,7245000
NIFTY-II.NFO,22/05/2025,09:42:59,24738.3,24736,75,24744.1,150,0,7245000
NIFTY-II.NFO,22/05/2025,09:43:01,24738.3,24735.2,150,24743,150,0,7245000
NIFTY-II.NFO,22/05/2025,09:43:03,24745.4,24745,150,24745.9,375,150,7245000
NIFTY-II.NFO,22/05/2025,09:43:04,24745,24739.7,150,24746.2,300,150,7245000
NIFTY-II.NFO,22/05/2025,09:43:06,24745,24735,75,24740.7,300,0,7245000
NIFTY-II.NFO,22/05/2025,09:43:08,24745,24735,75,24737.3,375,0,7245000
NIFTY-II.NFO,22/05/2025,09:43:09,24731,24731,75,24734.6,375,375,7245000
NIFTY-II.NFO,22/05/2025,09:43:11,24734.1,24731,75,24733.5,450,975,7245000
NIFTY-II.NFO,22/05/2025,09:43:13,24734.1,24731,75,24732.7,375,0,7245000
NIFTY-II.NFO,22/05/2025,09:43:14,24731,24730,300,24732,375,75,7245000
NIFTY-II.NFO,22/05/2025,09:43:16,24730,24727,75,24732,150,375,7245000
NIFTY-II.NFO,22/05/2025,09:43:18,24735.7,24730,75,24735.4,75,225,7245000
NIFTY-II.NFO,22/05/2025,09:43:19,24735.7,24730,75,24733.1,375,0,7245000
NIFTY-II.NFO,22/05/2025,09:43:21,24734.4,24730,75,24735.7,375,75,7245000
NIFTY-II.NFO,22/05/2025,09:43:23,24729.5,24733.1,75,24735.6,75,525,7245000
NIFTY-II.NFO,22/05/2025,09:43:24,24737.9,24733.1,75,24736.2,300,75,7245000
NIFTY-II.NFO,22/05/2025,09:43:26,24737.9,24733.1,75,24736.8,375,0,7245000
NIFTY-II.NFO,22/05/2025,09:43:28,24733.1,24732.3,675,24737.9,75,75,7245000
NIFTY-II.NFO,22/05/2025,09:43:29,24733.1,24729.6,150,24735.7,150,0,7245000
NIFTY-II.NFO,22/05/2025,09:43:31,24733.1,24728.3,675,24734.8,150,0,7245000
NIFTY-II.NFO,22/05/2025,09:43:33,24734.9,24732.2,75,24735.9,75,75,7245000
NIFTY-II.NFO,22/05/2025,09:43:34,24734.9,24732.2,75,24734.2,75,0,7245000
NIFTY-II.NFO,22/05/2025,09:43:36,24732.2,24728.1,675,24734.8,225,150,7245000
NIFTY-II.NFO,22/05/2025,09:43:38,24732.2,24729.8,600,24737,75,0,7245000
NIFTY-II.NFO,22/05/2025,09:43:39,24737.9,24731.4,600,24737.3,150,75,7245000
NIFTY-II.NFO,22/05/2025,09:43:41,24737.3,24729.1,600,24736.3,75,75,7245000
NIFTY-II.NFO,22/05/2025,09:43:43,24736.2,24733.8,150,24738.9,75,75,7245000
NIFTY-II.NFO,22/05/2025,09:43:44,24736.2,24734.2,600,24740,225,0,7245000
NIFTY-II.NFO,22/05/2025,09:43:46,24731.5,24731.1,600,24737.8,150,375,7245000
NIFTY-II.NFO,22/05/2025,09:43:48,24728.9,24728.9,600,24735.7,450,150,7245000
NIFTY-II.NFO,22/05/2025,09:43:49,24736.7,24731.4,600,24737.7,75,75,7245000
NIFTY-II.NFO,22/05/2025,09:43:51,24736.7,24734.4,600,24740,225,0,7245000
NIFTY-II.NFO,22/05/2025,09:43:53,24733.5,24732.8,675,24739.8,150,75,7245000
NIFTY-II.NFO,22/05/2025,09:43:54,24733.2,24735.3,1350,24740,225,375,7245000
NIFTY-II.NFO,22/05/2025,09:43:56,24733.2,24734.1,600,24740,225,0,7245000
NIFTY-II.NFO,22/05/2025,09:43:58,24733.2,24737,150,24739.9,75,0,7245000
NIFTY-II.NFO,22/05/2025,09:43:59,24740.5,24737,150,24742.2,75,750,7245000
NIFTY-II.NFO,22/05/2025,09:44:01,24740.5,24737,150,24740.8,75,0,7245000
NIFTY-II.NFO,22/05/2025,09:44:03,24740.5,24737,150,24738.1,150,0,7245000
NIFTY-II.NFO,22/05/2025,09:44:04,24740.5,24737,150,24738.5,75,0,7245000
NIFTY-II.NFO,22/05/2025,09:44:06,24739.1,24740.5,75,24743.2,300,150,7245000
NIFTY-II.NFO,22/05/2025,09:44:08,24740.5,24733.1,75,24739.2,300,75,7245000
NIFTY-II.NFO,22/05/2025,09:44:09,24740.5,24736.2,675,24742.9,150,0,7245000
NIFTY-II.NFO,22/05/2025,09:44:11,24735.3,24735.6,450,24742.2,150,150,7245000
NIFTY-II.NFO,22/05/2025,09:44:13,24735.4,24735,825,24741.4,75,150,7245000
NIFTY-II.NFO,22/05/2025,09:44:14,24741.3,24736.3,75,24743.2,300,75,7245000
NIFTY-II.NFO,22/05/2025,09:44:16,24741.3,24732.2,75,24738.9,375,0,7245000
NIFTY-II.NFO,22/05/2025,09:44:18,24741.3,24733.1,375,24739.9,225,0,7245000
NIFTY-II.NFO,22/05/2025,09:44:19,24741.6,24735.7,375,24741.7,75,75,7245000
NIFTY-II.NFO,22/05/2025,09:44:21,24741.6,24734.5,75,24741.5,750,0,7245000
NIFTY-II.NFO,22/05/2025,09:44:23,24741.6,24734.3,375,24741.5,225,0,7245000
NIFTY-II.NFO,22/05/2025,09:44:24,24741.6,24735,600,24741.9,75,0,7245000
NIFTY-II.NFO,22/05/2025,09:44:26,24741.6,24736,975,24741.3,75,0,7245000
NIFTY-II.NFO,22/05/2025,09:44:28,24741.6,24734.9,75,24741.3,150,0,7245000
NIFTY-II.NFO,22/05/2025,09:44:29,24741.6,24737.9,1350,24741.3,75,0,7245000
NIFTY-II.NFO,22/05/2025,09:44:31,24741.6,24737.1,150,24741.3,75,0,7245000
NIFTY-II.NFO,22/05/2025,09:44:33,24741.6,24733.6,600,24740.6,225,0,7245000
NIFTY-II.NFO,22/05/2025,09:44:34,24741.6,24733.7,75,24740.8,300,0,7245000
NIFTY-II.NFO,22/05/2025,09:44:36,24741.6,24733.9,75,24741.2,900,0,7245000
NIFTY-II.NFO,22/05/2025,09:44:38,24740.3,24735.3,75,24737.6,600,75,7245000
NIFTY-II.NFO,22/05/2025,09:44:39,24737.9,24735.3,75,24737.4,300,75,7245000
NIFTY-II.NFO,22/05/2025,09:44:41,24735.3,24731.9,675,24738.3,150,150,7245000
NIFTY-II.NFO,22/05/2025,09:44:43,24735.3,24734.4,825,24740.4,75,0,7245000
NIFTY-II.NFO,22/05/2025,09:44:44,24740.4,24734.2,600,24741.3,75,75,7245000
NIFTY-II.NFO,22/05/2025,09:44:46,24741.3,24735.2,675,24741.6,75,75,7245000
NIFTY-II.NFO,22/05/2025,09:44:48,24741.3,24733.7,600,24740.9,600,0,7245000
NIFTY-II.NFO,22/05/2025,09:44:49,24741.2,24735.1,75,24741.6,75,150,7245000
NIFTY-II.NFO,22/05/2025,09:44:51,24741.6,24736.3,150,24742,75,75,7245000
NIFTY-II.NFO,22/05/2025,09:44:53,24735.3,24735.3,300,24741.6,450,150,7245000
NIFTY-II.NFO,22/05/2025,09:44:54,24735.3,24735.5,75,24742.8,225,0,7245000
NIFTY-II.NFO,22/05/2025,09:44:56,24744,24736.3,225,24743.7,225,150,7245000
NIFTY-II.NFO,22/05/2025,09:44:58,24744,24736.7,750,24745,225,0,7245000
NIFTY-II.NFO,22/05/2025,09:44:59,24744,24737.9,675,24745.2,75,0,7245000
NIFTY-II.NFO,22/05/2025,09:45:01,24744,24736,150,24743.7,75,0,7245000
NIFTY-II.NFO,22/05/2025,09:45:03,24744,24741.6,75,24747.5,75,0,7245000
NIFTY-II.NFO,22/05/2025,09:45:04,24744,24741.6,75,24744,75,0,7245000
NIFTY-II.NFO,22/05/2025,09:45:06,24741.6,24735.5,75,24742.5,825,75,7245000
NIFTY-II.NFO,22/05/2025,09:45:08,24739,24735.3,300,24737.3,450,150,7245000
NIFTY-II.NFO,22/05/2025,09:45:09,24735,24731,75,24734.6,225,750,7245000
NIFTY-II.NFO,22/05/2025,09:45:11,24730,24727,75,24729.5,150,525,7245000
NIFTY-II.NFO,22/05/2025,09:45:13,24730,24727,75,24730.8,375,0,7245000
NIFTY-II.NFO,22/05/2025,09:45:14,24730,24727,75,24728.9,300,0,7245000
NIFTY-II.NFO,22/05/2025,09:45:16,24725,24725,75,24726.4,300,900,7245000
NIFTY-II.NFO,22/05/2025,09:45:18,24727.4,24722,75,24727.4,525,150,7245000
NIFTY-II.NFO,22/05/2025,09:45:19,24727.4,24722,75,24727.2,225,0,7245000
NIFTY-II.NFO,22/05/2025,09:45:21,24726.9,24722,75,24727,675,75,7245000
NIFTY-II.NFO,22/05/2025,09:45:23,24726.9,24722,75,24727.9,300,0,7245000
NIFTY-II.NFO,22/05/2025,09:45:24,24725.7,24725.7,75,24725.9,75,375,7245000
NIFTY-II.NFO,22/05/2025,09:45:26,24726.2,24726.2,150,24726.3,150,225,7245000
NIFTY-II.NFO,22/05/2025,09:45:28,24721,24721,150,24726,375,675,7245000
NIFTY-II.NFO,22/05/2025,09:45:29,24725,24721,150,24724.8,450,75,7245000
NIFTY-II.NFO,22/05/2025,09:45:31,24720.3,24720,825,24720.5,225,375,7245000
NIFTY-II.NFO,22/05/2025,09:45:33,24716.9,24715,300,24716.5,375,1200,7245000
NIFTY-II.NFO,22/05/2025,09:45:34,24715,24714.1,75,24716.4,375,300,7245000
NIFTY-II.NFO,22/05/2025,09:45:36,24714.1,24711.3,75,24714.8,150,75,7245000
NIFTY-II.NFO,22/05/2025,09:45:38,24713.7,24711.3,75,24714.4,150,150,7245000
NIFTY-II.NFO,22/05/2025,09:45:39,24714.1,24712,75,24714,225,150,7245000
NIFTY-II.NFO,22/05/2025,09:45:41,24714,24713.8,225,24716.2,75,150,7245000
NIFTY-II.NFO,22/05/2025,09:45:43,24713.8,24713.8,150,24716.4,225,75,7245000
NIFTY-II.NFO,22/05/2025,09:45:44,24716.4,24715,75,24719.1,75,75,7245000
NIFTY-II.NFO,22/05/2025,09:45:46,24720.3,24715.4,75,24720.3,150,75,7245600
NIFTY-II.NFO,22/05/2025,09:45:48,24720.6,24715.5,600,24720.7,75,75,7245600
NIFTY-II.NFO,22/05/2025,09:45:49,24720.6,24715.4,75,24720.1,75,0,7245600
NIFTY-II.NFO,22/05/2025,09:45:51,24720.6,24715.5,600,24720.5,75,0,7245600
NIFTY-II.NFO,22/05/2025,09:45:53,24720,24720,75,24720.8,75,150,7245600
NIFTY-II.NFO,22/05/2025,09:45:54,24720.5,24716,75,24720.9,75,150,7245600
NIFTY-II.NFO,22/05/2025,09:45:56,24726.4,24719.1,600,24725.5,75,75,7245600
NIFTY-II.NFO,22/05/2025,09:45:58,24725,24720,75,24724.7,300,150,7245600
NIFTY-II.NFO,22/05/2025,09:45:59,24725,24720,75,24725,300,0,7245600
NIFTY-II.NFO,22/05/2025,09:46:01,24725,24721,75,24723.2,225,0,7245600
NIFTY-II.NFO,22/05/2025,09:46:03,24721,24720,75,24722.5,150,75,7245600
NIFTY-II.NFO,22/05/2025,09:46:04,24715.2,24715.2,75,24720.7,525,150,7245600
NIFTY-II.NFO,22/05/2025,09:46:06,24719.8,24715.2,75,24719.7,225,75,7245600
NIFTY-II.NFO,22/05/2025,09:46:08,24719.8,24715.2,75,24717.8,150,0,7245600
NIFTY-II.NFO,22/05/2025,09:46:09,24719.6,24715,750,24719.7,75,300,7245600
NIFTY-II.NFO,22/05/2025,09:46:11,24715,24715,675,24719.1,150,75,7245600
NIFTY-II.NFO,22/05/2025,09:46:13,24717.8,24715,675,24718.2,375,300,7245600
NIFTY-II.NFO,22/05/2025,09:46:14,24715,24715,600,24720.8,150,150,7245600
NIFTY-II.NFO,22/05/2025,09:46:16,24715,24715,600,24720,75,0,7245600
NIFTY-II.NFO,22/05/2025,09:46:18,24715,24715,600,24718.9,75,0,7245600
NIFTY-II.NFO,22/05/2025,09:46:19,24717.8,24715,675,24718.7,150,75,7245600
NIFTY-II.NFO,22/05/2025,09:46:21,24717.8,24715,675,24718,75,0,7245600
NIFTY-II.NFO,22/05/2025,09:46:23,24717.8,24715,750,24718.2,75,0,7245600
NIFTY-II.NFO,22/05/2025,09:46:24,24718.1,24716,450,24718.5,75,75,7245600
NIFTY-II.NFO,22/05/2025,09:46:26,24718.1,24716,450,24720,75,0,7245600
NIFTY-II.NFO,22/05/2025,09:46:28,24718.1,24716,450,24718.5,75,0,7245600
NIFTY-II.NFO,22/05/2025,09:46:29,24718.5,24716,450,24718.8,1650,75,7245600
NIFTY-II.NFO,22/05/2025,09:46:31,24719,24716,450,24717.2,75,75,7245600
NIFTY-II.NFO,22/05/2025,09:46:33,24717.2,24716,450,24716.9,75,150,7245600
NIFTY-II.NFO,22/05/2025,09:46:34,24719.6,24716,450,24719.9,150,300,7245600
NIFTY-II.NFO,22/05/2025,09:46:36,24719.6,24716,450,24717.2,150,0,7245600
NIFTY-II.NFO,22/05/2025,09:46:38,24719.6,24716,450,24716.9,75,0,7245600
NIFTY-II.NFO,22/05/2025,09:46:39,24717.8,24717.8,300,24720,150,150,7245600
NIFTY-II.NFO,22/05/2025,09:46:41,24717.8,24717.8,300,24719.1,75,0,7245600
NIFTY-II.NFO,22/05/2025,09:46:43,24717.8,24717.8,375,24719.1,75,0,7245600
NIFTY-II.NFO,22/05/2025,09:46:44,24717.8,24717.8,450,24719.1,75,0,7245600
NIFTY-II.NFO,22/05/2025,09:46:46,24719.1,24717.8,450,24720,150,75,7245600
NIFTY-II.NFO,22/05/2025,09:46:48,24722.9,24717.9,600,24722.8,75,300,7245600
NIFTY-II.NFO,22/05/2025,09:46:49,24718.1,24718,75,24722.2,150,150,7245600
NIFTY-II.NFO,22/05/2025,09:46:51,24720.4,24719,75,24720.7,225,75,7245600
NIFTY-II.NFO,22/05/2025,09:46:53,24719,24718,75,24720.8,1500,75,7245600
NIFTY-II.NFO,22/05/2025,09:46:54,24720.8,24720,75,24720.7,75,75,7245600
NIFTY-II.NFO,22/05/2025,09:46:56,24720.8,24720,75,24722.1,150,0,7245600
NIFTY-II.NFO,22/05/2025,09:46:58,24722.8,24720,225,24721.9,75,450,7245600
NIFTY-II.NFO,22/05/2025,09:46:59,24720,24719,75,24720.2,150,225,7245600
NIFTY-II.NFO,22/05/2025,09:47:01,24720,24719,75,24720.5,75,0,7245600
NIFTY-II.NFO,22/05/2025,09:47:03,24720,24719,75,24722.1,75,75,7245600
NIFTY-II.NFO,22/05/2025,09:47:04,24720,24719,75,24720,75,0,7245600
NIFTY-II.NFO,22/05/2025,09:47:06,24720,24720.8,75,24722.3,150,75,7245600
NIFTY-II.NFO,22/05/2025,09:47:08,24720.8,24720,150,24721.1,375,75,7245600
NIFTY-II.NFO,22/05/2025,09:47:09,24720,24718,150,24720,225,150,7245600
NIFTY-II.NFO,22/05/2025,09:47:11,24715.6,24715.6,225,24717.1,150,600,7245600
NIFTY-II.NFO,22/05/2025,09:47:13,24715.6,24715.6,225,24716.5,150,0,7245600
NIFTY-II.NFO,22/05/2025,09:47:14,24715.6,24715.6,225,24718.8,225,0,7245600
NIFTY-II.NFO,22/05/2025,09:47:16,24717.9,24715.6,225,24716.9,75,225,7245600
NIFTY-II.NFO,22/05/2025,09:47:17,24716.9,24715.7,600,24720,75,75,7245600
NIFTY-II.NFO,22/05/2025,09:47:19,24716.9,24716.5,600,24720,75,0,7245600
NIFTY-II.NFO,22/05/2025,09:47:21,24720,24717.1,600,24720,75,150,7245600
NIFTY-II.NFO,22/05/2025,09:47:22,24720,24717.7,600,24720,150,75,7245600
NIFTY-II.NFO,22/05/2025,09:47:24,24720,24717.5,600,24722,75,150,7245600
NIFTY-II.NFO,22/05/2025,09:47:26,24725,24725,300,24725.5,75,450,7245600
NIFTY-II.NFO,22/05/2025,09:47:27,24725,24725,225,24727,75,75,7245600
NIFTY-II.NFO,22/05/2025,09:47:29,24725,24725,225,24727,75,0,7245600
NIFTY-II.NFO,22/05/2025,09:47:31,24729.7,24725,225,24727.7,75,150,7245600
NIFTY-II.NFO,22/05/2025,09:47:33,24729.7,24725,300,24727.6,75,0,7245600
NIFTY-II.NFO,22/05/2025,09:47:34,24729.7,24725,375,24727.6,75,0,7245600
NIFTY-II.NFO,22/05/2025,09:47:36,24729.7,24725,375,24725.9,75,0,7245600
NIFTY-II.NFO,22/05/2025,09:47:38,24725,24722,225,24724.2,150,150,7245600
NIFTY-II.NFO,22/05/2025,09:47:39,24724.3,24722,225,24724.9,75,300,7245600
NIFTY-II.NFO,22/05/2025,09:47:41,24722,24720,75,24722.6,150,300,7245600
NIFTY-II.NFO,22/05/2025,09:47:43,24725.7,24720,75,24726.3,75,75,7245600
NIFTY-II.NFO,22/05/2025,09:47:44,24725.7,24718.2,600,24725.6,75,225,7245600
NIFTY-II.NFO,22/05/2025,09:47:46,24725,24716.4,75,24723,75,75,7245600
NIFTY-II.NFO,22/05/2025,09:47:48,24725,24716.4,75,24721.5,75,0,7245600
NIFTY-II.NFO,22/05/2025,09:47:49,24721.6,24716.5,675,24723.7,375,150,7245600
NIFTY-II.NFO,22/05/2025,09:47:51,24721.6,24716.9,825,24724.3,75,0,7245600
NIFTY-II.NFO,22/05/2025,09:47:53,24721.6,24717.4,675,24724.3,75,0,7245600
NIFTY-II.NFO,22/05/2025,09:47:54,24721.6,24716.9,675,24724.2,75,0,7245600
NIFTY-II.NFO,22/05/2025,09:47:56,24721.6,24716.4,150,24722.8,75,0,7245600
NIFTY-II.NFO,22/05/2025,09:47:58,24721.6,24716.4,75,24721.8,75,0,7245600
NIFTY-II.NFO,22/05/2025,09:47:59,24721.6,24716.4,75,24720.8,300,0,7245600
NIFTY-II.NFO,22/05/2025,09:48:01,24721.6,24716.4,75,24720.4,150,0,7245600
NIFTY-II.NFO,22/05/2025,09:48:03,24720.2,24716.4,75,24720.3,375,750,7245600
NIFTY-II.NFO,22/05/2025,09:48:04,24720.2,24716.4,75,24719.2,300,0,7245600
NIFTY-II.NFO,22/05/2025,09:48:06,24720.2,24716.4,75,24717.5,675,0,7245600
NIFTY-II.NFO,22/05/2025,09:48:08,24720.2,24716.4,75,24720.1,225,0,7245600
NIFTY-II.NFO,22/05/2025,09:48:09,24718,24716.7,75,24719.7,525,75,7245600
NIFTY-II.NFO,22/05/2025,09:48:11,24718,24716.7,75,24718.2,75,0,7245600
NIFTY-II.NFO,22/05/2025,09:48:13,24719.5,24715.6,75,24720,225,150,7245600
NIFTY-II.NFO,22/05/2025,09:48:14,24719.5,24715.6,75,24721.1,75,0,7245600
NIFTY-II.NFO,22/05/2025,09:48:16,24721.4,24715.7,600,24722.2,150,75,7245600
NIFTY-II.NFO,22/05/2025,09:48:17,24721.4,24715.7,675,24722,300,0,7245600
NIFTY-II.NFO,22/05/2025,09:48:19,24721.9,24715.6,75,24716.9,75,225,7245600
NIFTY-II.NFO,22/05/2025,09:48:21,24715.6,24715.3,75,24718.5,150,75,7245600
NIFTY-II.NFO,22/05/2025,09:48:22,24715.3,24715.1,75,24717,225,75,7245600
NIFTY-II.NFO,22/05/2025,09:48:24,24715,24715,900,24717.8,150,450,7245600
NIFTY-II.NFO,22/05/2025,09:48:26,24715,24715,375,24715.4,300,600,7245600
NIFTY-II.NFO,22/05/2025,09:48:27,24715,24715.9,75,24718.1,75,150,7245600
NIFTY-II.NFO,22/05/2025,09:48:29,24715,24715,150,24719.1,225,150,7245600
NIFTY-II.NFO,22/05/2025,09:48:31,24715,24715,150,24720.4,75,0,7245600
NIFTY-II.NFO,22/05/2025,09:48:32,24715,24715.1,600,24721.1,225,0,7245600
NIFTY-II.NFO,22/05/2025,09:48:34,24721.3,24715.1,600,24720.6,75,225,7245600
NIFTY-II.NFO,22/05/2025,09:48:36,24721.3,24715.1,675,24721.7,150,0,7245600
NIFTY-II.NFO,22/05/2025,09:48:37,24721.3,24715.3,600,24720.6,75,0,7245600
NIFTY-II.NFO,22/05/2025,09:48:39,24723.6,24720.7,600,24725.4,75,825,7245600
NIFTY-II.NFO,22/05/2025,09:48:41,24725.4,24721.8,750,24727.8,225,75,7245600
NIFTY-II.NFO,22/05/2025,09:48:42,24719.9,24719.9,600,24725.5,75,150,7245600
NIFTY-II.NFO,22/05/2025,09:48:44,24725.4,24719.9,675,24724,75,75,7245600
NIFTY-II.NFO,22/05/2025,09:48:46,24724,24720.3,675,24726.4,75,75,7245600
NIFTY-II.NFO,22/05/2025,09:48:47,24726.9,24725.7,600,24733.2,675,75,7245600
NIFTY-II.NFO,22/05/2025,09:48:49,24726.1,24725,750,24731,1425,750,7245600
NIFTY-II.NFO,22/05/2025,09:48:51,24730,24724.8,675,24731.2,150,150,7245600
NIFTY-II.NFO,22/05/2025,09:48:52,24730,24724.4,600,24730.8,1125,0,7245600
NIFTY-II.NFO,22/05/2025,09:48:54,24730,24725.4,675,24731.4,1125,0,7245600
NIFTY-II.NFO,22/05/2025,09:48:56,24730,24723.7,600,24730.4,75,0,7245600
NIFTY-II.NFO,22/05/2025,09:48:57,24730,24723.3,600,24728.2,1125,0,7245600
NIFTY-II.NFO,22/05/2025,09:48:59,24720.9,24722.1,600,24728,150,300,7245600
NIFTY-II.NFO,22/05/2025,09:49:01,24720.9,24721.6,600,24728.6,225,0,7245600
NIFTY-II.NFO,22/05/2025,09:49:02,24728.5,24720.5,600,24727.7,1125,75,7245600
NIFTY-II.NFO,22/05/2025,09:49:04,24728.5,24720.8,600,24727.8,225,0,7245600
NIFTY-II.NFO,22/05/2025,09:49:06,24724,24721.1,600,24721.9,75,75,7245600
NIFTY-II.NFO,22/05/2025,09:49:07,24721.9,24719.2,675,24726.5,75,75,7245600
NIFTY-II.NFO,22/05/2025,09:49:09,24726.5,24719.4,600,24726.5,1275,75,7245600
NIFTY-II.NFO,22/05/2025,09:49:11,24726.1,24719.2,600,24726.6,75,75,7245600
NIFTY-II.NFO,22/05/2025,09:49:12,24726.1,24724.2,600,24731.7,75,0,7245600
NIFTY-II.NFO,22/05/2025,09:49:14,24726.1,24722.2,75,24730.2,525,0,7245600
NIFTY-II.NFO,22/05/2025,09:49:16,24726.1,24718.5,150,24726.8,150,0,7245600
NIFTY-II.NFO,22/05/2025,09:49:17,24726.1,24719.9,75,24726.7,75,0,7245600
NIFTY-II.NFO,22/05/2025,09:49:19,24726.1,24721,150,24729.1,825,150,7245600
NIFTY-II.NFO,22/05/2025,09:49:21,24726.1,24721.8,600,24729.7,600,0,7245600
NIFTY-II.NFO,22/05/2025,09:49:22,24729.4,24720.8,225,24729.2,150,75,7245600
NIFTY-II.NFO,22/05/2025,09:49:24,24729.4,24726.1,75,24731,525,0,7245600
NIFTY-II.NFO,22/05/2025,09:49:26,24731.7,24726.1,75,24732.5,525,75,7245600
NIFTY-II.NFO,22/05/2025,09:49:27,24732,24726.1,75,24731.3,225,1800,7245600
NIFTY-II.NFO,22/05/2025,09:49:29,24732,24726.1,75,24731.6,75,0,7245600
NIFTY-II.NFO,22/05/2025,09:49:31,24732,24726.1,75,24728.3,75,0,7245600
NIFTY-II.NFO,22/05/2025,09:49:32,24730.1,24726.1,75,24729.6,525,75,7245600
NIFTY-II.NFO,22/05/2025,09:49:34,24729.9,24726.1,75,24729.8,450,75,7245600
NIFTY-II.NFO,22/05/2025,09:49:36,24729.9,24726.1,75,24730.1,450,0,7245600
NIFTY-II.NFO,22/05/2025,09:49:38,24729.2,24726.1,75,24728.6,375,75,7245600
NIFTY-II.NFO,22/05/2025,09:49:39,24729.2,24726.1,75,24731.1,375,0,7245600
NIFTY-II.NFO,22/05/2025,09:49:41,24729.2,24726.1,75,24731.8,375,0,7245600
NIFTY-II.NFO,22/05/2025,09:49:43,24729.2,24726.1,75,24732.1,375,0,7245600
NIFTY-II.NFO,22/05/2025,09:49:44,24730.1,24726.1,75,24730,300,75,7245600
NIFTY-II.NFO,22/05/2025,09:49:46,24730.1,24726.1,75,24730.2,300,0,7245600
NIFTY-II.NFO,22/05/2025,09:49:48,24725,24724.3,675,24731.3,75,150,7245600
NIFTY-II.NFO,22/05/2025,09:49:49,24725,24724.9,600,24732.7,375,0,7245600
NIFTY-II.NFO,22/05/2025,09:49:51,24730.1,24724.2,750,24731.7,300,75,7245600
NIFTY-II.NFO,22/05/2025,09:49:53,24730.1,24723.1,150,24730.1,300,0,7245600
NIFTY-II.NFO,22/05/2025,09:49:54,24730.3,24723.8,600,24732.4,150,150,7245600
NIFTY-II.NFO,22/05/2025,09:49:56,24730.3,24724,600,24731.9,675,0,7245600
NIFTY-II.NFO,22/05/2025,09:49:58,24730.3,24724.3,675,24731.3,75,0,7245600
NIFTY-II.NFO,22/05/2025,09:49:59,24730.3,24726,75,24730,150,0,7245600
NIFTY-II.NFO,22/05/2025,09:50:01,24728.8,24725.2,75,24730.5,1125,300,7245600
NIFTY-II.NFO,22/05/2025,09:50:03,24728.8,24726,75,24728,75,0,7245600
NIFTY-II.NFO,22/05/2025,09:50:04,24728.8,24726,75,24727.9,75,0,7245600
NIFTY-II.NFO,22/05/2025,09:50:06,24726.8,24726,75,24727.5,75,75,7245600
NIFTY-II.NFO,22/05/2025,09:50:08,24726,24725.2,75,24726,300,75,7245600
NIFTY-II.NFO,22/05/2025,09:50:09,24725.2,24725,75,24726.3,150,75,7245600
NIFTY-II.NFO,22/05/2025,09:50:11,24724.1,24720,225,24724.4,750,300,7245600
NIFTY-II.NFO,22/05/2025,09:50:13,24722.2,24720,225,24722.3,75,75,7245600
NIFTY-II.NFO,22/05/2025,09:50:14,24723.3,24720,300,24725.6,75,150,7245600
NIFTY-II.NFO,22/05/2025,09:50:16,24723,24720,300,24723.7,75,75,7245600
NIFTY-II.NFO,22/05/2025,09:50:18,24720,24720,75,24723.7,75,300,7245600
