Ticker,Date,Time,LTP,BuyPrice,BuyQty,SellPrice,SellQty,LTQ,OpenInterest
NIFTY-I.NFO,19/12/2024,09:15:00,24100,23970.15,250,23974.85,25,11050,0
NIFTY-I.NFO,19/12/2024,09:15:00,24100,23970.15,250,23974.85,25,0,0
NIFTY-I.NFO,19/12/2024,09:15:00,24100,23970.15,250,23974.85,25,0,0
NIFTY-I.NFO,19/12/2024,09:15:00,23930.8,23970.15,250,23974.85,25,0,0
NIFTY-I.NFO,19/12/2024,09:15:01,23951.6,23951.55,125,23957.2,50,26450,10948275
NIFTY-I.NFO,19/12/2024,09:15:03,23976.8,23967.3,100,23976.8,25,38350,10948275
NIFTY-I.NFO,19/12/2024,09:15:05,23997.8,23997,25,23998,300,27200,10948275
NIFTY-I.NFO,19/12/2024,09:15:06,24000,23996.85,75,24015.4,300,25550,10948275
NIFTY-I.NFO,19/12/2024,09:15:08,24019.85,24019.45,25,24019.9,1000,20100,10948275
NIFTY-I.NFO,19/12/2024,09:15:10,24016.2,24015.4,50,24020.05,75,33625,10948275
NIFTY-I.NFO,19/12/2024,09:15:11,24030.6,24025.85,200,24037.25,125,28475,10948275
NIFTY-I.NFO,19/12/2024,09:15:13,24036.35,24021.15,275,24032.8,200,28925,10948275
NIFTY-I.NFO,19/12/2024,09:15:14,24030.45,24020.8,75,24030.45,200,13500,10948275
NIFTY-I.NFO,19/12/2024,09:15:16,24020,24020.05,200,24027.15,225,25900,10948275
NIFTY-I.NFO,19/12/2024,09:15:18,24012.15,24013.7,50,24021.55,200,10100,10948275
NIFTY-I.NFO,19/12/2024,09:15:19,24012.6,24012.6,200,24019.95,25,5450,10948275
NIFTY-I.NFO,19/12/2024,09:15:21,24015.55,24009.35,25,24015.55,150,9750,10948275
NIFTY-I.NFO,19/12/2024,09:15:23,24021.9,24021.65,75,24023.5,275,14300,10948275
NIFTY-I.NFO,19/12/2024,09:15:25,24025.25,24025.25,225,24031.25,200,25675,10948275
NIFTY-I.NFO,19/12/2024,09:15:26,24024.45,24024.45,25,24028.45,250,11250,10948275
NIFTY-I.NFO,19/12/2024,09:15:28,24024.45,24019.85,100,24024.65,150,6300,10948275
NIFTY-I.NFO,19/12/2024,09:15:29,24020.7,24020.7,25,24025,375,5100,10948275
NIFTY-I.NFO,19/12/2024,09:15:31,24024.45,24020,100,24023.6,125,5175,10948275
NIFTY-I.NFO,19/12/2024,09:15:33,24021,24021,1600,24024.2,75,4400,10948275
NIFTY-I.NFO,19/12/2024,09:15:34,24015.25,24015.1,100,24022.95,200,3075,10948275
NIFTY-I.NFO,19/12/2024,09:15:36,24015.25,24009.4,200,24016.45,75,7225,10948275
NIFTY-I.NFO,19/12/2024,09:15:38,24011.15,24011.15,200,24018.2,125,5475,10948275
NIFTY-I.NFO,19/12/2024,09:15:39,24015.55,24015.55,100,24019.1,125,5700,10948275
NIFTY-I.NFO,19/12/2024,09:15:41,24008.05,24003.3,200,24008.05,75,6425,10948275
NIFTY-I.NFO,19/12/2024,09:15:43,24004.9,24000.05,100,24004.9,575,8350,11032625
NIFTY-I.NFO,19/12/2024,09:15:44,24004.45,23998.05,50,24004.45,300,11475,11032625
NIFTY-I.NFO,19/12/2024,09:15:46,24002.95,23999.6,250,24002.8,125,9550,11032625
NIFTY-I.NFO,19/12/2024,09:15:47,23997.85,23997.85,200,24005.95,75,11275,11032625
NIFTY-I.NFO,19/12/2024,09:15:49,23998.7,23994.2,25,23998.7,525,5375,11032625
NIFTY-I.NFO,19/12/2024,09:15:51,23998.7,23994.8,75,23998.7,200,2600,11032625
NIFTY-I.NFO,19/12/2024,09:15:52,23989.95,23988.45,75,23989.95,175,6875,11032625
NIFTY-I.NFO,19/12/2024,09:15:54,23988.25,23988.25,50,23994.6,75,3775,11032625
NIFTY-I.NFO,19/12/2024,09:15:56,23985.5,23985.5,25,23989.95,175,3350,11032625
NIFTY-I.NFO,19/12/2024,09:15:57,23986,23987.35,50,23990,500,6975,11032625
NIFTY-I.NFO,19/12/2024,09:15:59,23994.15,23989.6,200,23996.25,25,7375,11032625
NIFTY-I.NFO,19/12/2024,09:16:01,23984.55,23984.95,275,23989.95,175,3125,11032625
NIFTY-I.NFO,19/12/2024,09:16:02,23981.8,23981.8,25,23984.95,950,2675,11032625
NIFTY-I.NFO,19/12/2024,09:16:04,23981,23976.15,25,23981,50,7425,11032625
NIFTY-I.NFO,19/12/2024,09:16:06,23975.2,23975.4,25,23976.2,25,4900,11032625
NIFTY-I.NFO,19/12/2024,09:16:07,23968.7,23968.55,125,23975.8,50,8400,11032625
NIFTY-I.NFO,19/12/2024,09:16:09,23970.25,23971,25,23976.15,2650,4150,11032625
NIFTY-I.NFO,19/12/2024,09:16:11,23976.1,23975.15,100,23976.25,225,6775,11032625
NIFTY-I.NFO,19/12/2024,09:16:12,23984.55,23979.35,50,23984.55,25,4425,11032625
NIFTY-I.NFO,19/12/2024,09:16:14,23980.55,23978.95,150,23980.6,175,1650,11032625
NIFTY-I.NFO,19/12/2024,09:16:16,23976.25,23976.25,2000,23982.7,175,3150,11032625
NIFTY-I.NFO,19/12/2024,09:16:17,23981.95,23976.2,25,23982.95,25,4900,11032625
NIFTY-I.NFO,19/12/2024,09:16:19,23975.55,23975.65,625,23980,25,2050,11032625
NIFTY-I.NFO,19/12/2024,09:16:21,23984.65,23978.75,25,23984.5,100,4300,11032625
NIFTY-I.NFO,19/12/2024,09:16:22,23983,23980.15,25,23984.15,150,3325,11032625
NIFTY-I.NFO,19/12/2024,09:16:24,23974.7,23974.7,250,23979.65,100,2200,11032625
NIFTY-I.NFO,19/12/2024,09:16:26,23973.2,23973.2,250,23979,175,8350,11032625
NIFTY-I.NFO,19/12/2024,09:16:27,23976.25,23975,1400,23976.25,125,3375,11032625
NIFTY-I.NFO,19/12/2024,09:16:29,23978.65,23975.85,200,23979.95,100,3425,11032625
NIFTY-I.NFO,19/12/2024,09:16:31,23975.1,23974.85,25,23975.1,600,3300,11032625
NIFTY-I.NFO,19/12/2024,09:16:32,23975,23973,200,23979.95,100,2775,11032625
NIFTY-I.NFO,19/12/2024,09:16:34,23975.75,23978.05,250,23982.7,100,7200,11032625
NIFTY-I.NFO,19/12/2024,09:16:36,23980,23980,1250,23983.05,325,1575,11032625
NIFTY-I.NFO,19/12/2024,09:16:37,23980.1,23976.3,200,23980.1,650,2400,11032625
NIFTY-I.NFO,19/12/2024,09:16:39,23980.1,23978.55,25,23980.1,450,1800,11032625
NIFTY-I.NFO,19/12/2024,09:16:40,23985,23977.65,200,23984.95,200,3925,11032625
NIFTY-I.NFO,19/12/2024,09:16:42,23978,23977.35,25,23980,2100,3800,11032625
NIFTY-I.NFO,19/12/2024,09:16:44,23984.5,23980.05,25,23983.75,250,2825,11032625
NIFTY-I.NFO,19/12/2024,09:16:45,23980.05,23976.6,25,23982.85,50,5925,11032625
NIFTY-I.NFO,19/12/2024,09:16:47,23976,23976,25,23978.9,450,1450,11032625
NIFTY-I.NFO,19/12/2024,09:16:49,23976.2,23975,125,23978.9,325,2300,11032625
NIFTY-I.NFO,19/12/2024,09:16:50,23977.3,23974.9,50,23978.2,25,1475,11032625
NIFTY-I.NFO,19/12/2024,09:16:52,23975.55,23975.85,475,23978.15,425,3600,11032625
NIFTY-I.NFO,19/12/2024,09:16:54,23975,23975,1075,23977.8,125,6750,11032625
NIFTY-I.NFO,19/12/2024,09:16:55,23974.85,23974.3,25,23975,150,6125,11032625
NIFTY-I.NFO,19/12/2024,09:16:57,23972,23971.25,25,23972,150,2775,11032625
NIFTY-I.NFO,19/12/2024,09:16:59,23970.2,23970,675,23972,1000,1850,11032625
NIFTY-I.NFO,19/12/2024,09:17:00,23971.95,23966.8,125,23972,400,2200,11032625
NIFTY-I.NFO,19/12/2024,09:17:02,23967.35,23966,25,23969.9,850,6775,11032625
NIFTY-I.NFO,19/12/2024,09:17:04,23965,23964.4,225,23965,1150,4800,11032625
NIFTY-I.NFO,19/12/2024,09:17:05,23969.1,23964.4,100,23969.15,275,2950,11032625
NIFTY-I.NFO,19/12/2024,09:17:07,23967.8,23963.35,25,23967.25,200,2900,11032625
NIFTY-I.NFO,19/12/2024,09:17:09,23964.9,23959.55,75,23964.8,25,13800,11032625
NIFTY-I.NFO,19/12/2024,09:17:10,23962.95,23959.35,25,23962.8,200,4250,11032625
NIFTY-I.NFO,19/12/2024,09:17:12,23959.35,23957.4,625,23959.35,350,2350,11032625
NIFTY-I.NFO,19/12/2024,09:17:14,23958.35,23958.2,50,23959.5,1000,2700,11032625
NIFTY-I.NFO,19/12/2024,09:17:15,23959,23958.15,625,23959,150,3475,11032625
NIFTY-I.NFO,19/12/2024,09:17:17,23960,23956.95,25,23960,475,4950,11032625
NIFTY-I.NFO,19/12/2024,09:17:19,23955,23957,25,23958.2,250,1075,11032625
NIFTY-I.NFO,19/12/2024,09:17:20,23955.35,23955.35,500,23960,275,1750,11032625
NIFTY-I.NFO,19/12/2024,09:17:22,23955.25,23955.2,500,23957.05,75,800,11032625
NIFTY-I.NFO,19/12/2024,09:17:24,23954.2,23954.2,475,23955.15,250,4925,11032625
NIFTY-I.NFO,19/12/2024,09:17:25,23953.3,23953.3,1125,23955,25,2650,11032625
NIFTY-I.NFO,19/12/2024,09:17:27,23955.2,23953.3,200,23955.2,1650,2450,11032625
NIFTY-I.NFO,19/12/2024,09:17:29,23952,23952,450,23953.3,900,2325,11032625
NIFTY-I.NFO,19/12/2024,09:17:31,23951.25,23951.2,25,23951.25,50,5300,11032625
NIFTY-I.NFO,19/12/2024,09:17:32,23950,23950,1200,23951.8,375,3875,11032625
NIFTY-I.NFO,19/12/2024,09:17:34,23947,23946,25,23947.9,225,5775,11032625
NIFTY-I.NFO,19/12/2024,09:17:36,23951.25,23947.95,200,23951.25,300,1475,11032625
NIFTY-I.NFO,19/12/2024,09:17:37,23947,23947,600,23951.25,225,2725,11032625
NIFTY-I.NFO,19/12/2024,09:17:39,23950,23946.6,25,23950,1100,1275,11032625
NIFTY-I.NFO,19/12/2024,09:17:41,23950,23946.7,300,23950,925,1900,11032625
NIFTY-I.NFO,19/12/2024,09:17:42,23950,23947,50,23950,1225,2700,11032625
NIFTY-I.NFO,19/12/2024,09:17:44,23951.5,23951.55,25,23955.2,325,2850,11032625
NIFTY-I.NFO,19/12/2024,09:17:46,23951.05,23951.1,25,23955,50,5475,11032625
NIFTY-I.NFO,19/12/2024,09:17:47,23955.2,23953.4,250,23958.1,200,3325,11032625
NIFTY-I.NFO,19/12/2024,09:17:49,23954.2,23951.6,100,23953.7,975,1150,11032625
NIFTY-I.NFO,19/12/2024,09:17:51,23949.4,23946.55,50,23949,175,2200,11032625
NIFTY-I.NFO,19/12/2024,09:17:52,23948.15,23945.05,100,23948.05,500,2575,11032625
NIFTY-I.NFO,19/12/2024,09:17:54,23941.1,23941.05,125,23942.65,50,3200,11032625
NIFTY-I.NFO,19/12/2024,09:17:56,23941.2,23941.2,25,23944.3,250,2950,11032625
NIFTY-I.NFO,19/12/2024,09:17:57,23940,23940,875,23943.65,525,3225,11032625
NIFTY-I.NFO,19/12/2024,09:17:59,23940,23939.5,75,23940,475,2275,11032625
NIFTY-I.NFO,19/12/2024,09:18:01,23936,23936.35,100,23940,4850,3825,11032625
NIFTY-I.NFO,19/12/2024,09:18:02,23939.9,23936.7,25,23939.95,200,1350,11032625
NIFTY-I.NFO,19/12/2024,09:18:04,23934.65,23934.8,100,23940,8475,4175,11032625
NIFTY-I.NFO,19/12/2024,09:18:06,23940,23936.85,25,23940,5675,3825,11032625
NIFTY-I.NFO,19/12/2024,09:18:07,23939.75,23935.15,100,23939.75,200,1825,11032625
NIFTY-I.NFO,19/12/2024,09:18:09,23938.25,23934.8,100,23938.3,250,2125,11032625
NIFTY-I.NFO,19/12/2024,09:18:10,23938.5,23933.7,100,23938.3,50,12950,11032625
NIFTY-I.NFO,19/12/2024,09:18:10,23930,23933.7,100,23938.3,50,0,11032625
NIFTY-I.NFO,19/12/2024,09:18:12,23930.1,23930.05,100,23934,250,3725,11032625
NIFTY-I.NFO,19/12/2024,09:18:12,23929.9,23930.05,100,23934,250,0,11032625
NIFTY-I.NFO,19/12/2024,09:18:14,23929.9,23929.9,25,23931,500,1250,11032625
NIFTY-I.NFO,19/12/2024,09:18:14,23929.85,23929.9,25,23931,500,0,11032625
NIFTY-I.NFO,19/12/2024,09:18:15,23933.2,23930.15,75,23934,50,3450,11032625
NIFTY-I.NFO,19/12/2024,09:18:15,23926.1,23930.15,75,23934,50,0,11032625
NIFTY-I.NFO,19/12/2024,09:18:17,23931.55,23931.55,75,23937.6,175,2850,11032625
NIFTY-I.NFO,19/12/2024,09:18:19,23934,23934,550,23934.55,500,4650,11032625
NIFTY-I.NFO,19/12/2024,09:18:20,23935.65,23932.6,100,23935.7,450,2275,11032625
NIFTY-I.NFO,19/12/2024,09:18:22,23932.6,23930.1,200,23932.6,375,1950,11032625
NIFTY-I.NFO,19/12/2024,09:18:24,23931.9,23932,100,23935.6,250,2475,11032625
NIFTY-I.NFO,19/12/2024,09:18:25,23934.1,23933.5,100,23935.55,125,3825,11032625
NIFTY-I.NFO,19/12/2024,09:18:27,23933.85,23932.65,250,23936.1,250,1175,11032625
NIFTY-I.NFO,19/12/2024,09:18:29,23934.15,23934.2,100,23937.05,175,650,11032625
NIFTY-I.NFO,19/12/2024,09:18:30,23937.05,23934.1,250,23937.55,400,1050,11032625
NIFTY-I.NFO,19/12/2024,09:18:32,23932.6,23935.2,50,23940,4900,11000,11032625
NIFTY-I.NFO,19/12/2024,09:18:34,23940,23933.95,50,23940,3775,11425,11032625
NIFTY-I.NFO,19/12/2024,09:18:35,23944.8,23941.65,25,23944.8,1600,5350,11032625
NIFTY-I.NFO,19/12/2024,09:18:37,23948.6,23943.75,225,23950,1300,4050,11032625
NIFTY-I.NFO,19/12/2024,09:18:39,23947.05,23944.85,175,23950,1000,1350,11032625
NIFTY-I.NFO,19/12/2024,09:18:40,23949.1,23944.85,25,23947.45,25,8000,11032625
NIFTY-I.NFO,19/12/2024,09:18:42,23946.4,23944.85,100,23949,600,2800,10961175
NIFTY-I.NFO,19/12/2024,09:18:44,23946.2,23945.55,25,23946.65,25,950,10961175
NIFTY-I.NFO,19/12/2024,09:18:45,23944.25,23942.45,100,23944.05,25,1000,10961175
NIFTY-I.NFO,19/12/2024,09:18:47,23942.75,23940.55,25,23942.65,25,2700,10961175
NIFTY-I.NFO,19/12/2024,09:18:49,23941.25,23940.35,100,23941.5,500,1275,10961175
NIFTY-I.NFO,19/12/2024,09:18:50,23938.55,23938.35,100,23938.55,100,1525,10961175
NIFTY-I.NFO,19/12/2024,09:18:52,23939.7,23938,100,23940.75,500,1550,10961175
NIFTY-I.NFO,19/12/2024,09:18:54,23940,23939.7,25,23940,25,2050,10961175
NIFTY-I.NFO,19/12/2024,09:18:55,23936.65,23936.5,125,23940,150,3600,10961175
NIFTY-I.NFO,19/12/2024,09:18:57,23935.1,23935.05,25,23935.1,25,1975,10961175
NIFTY-I.NFO,19/12/2024,09:18:59,23937.05,23937,25,23938.45,25,1250,10961175
NIFTY-I.NFO,19/12/2024,09:19:00,23935,23935,1575,23938.1,25,1150,10961175
NIFTY-I.NFO,19/12/2024,09:19:02,23935.1,23935.05,25,23938.35,25,1225,10961175
NIFTY-I.NFO,19/12/2024,09:19:04,23935.7,23935.1,100,23937.45,25,5325,10961175
NIFTY-I.NFO,19/12/2024,09:19:05,23942.1,23935.6,50,23942.1,125,2000,10961175
NIFTY-I.NFO,19/12/2024,09:19:07,23935,23934.7,25,23935,3200,3550,10961175
NIFTY-I.NFO,19/12/2024,09:19:09,23938.3,23937.45,100,23939.15,25,6575,10961175
NIFTY-I.NFO,19/12/2024,09:19:10,23935,23936.05,75,23939,75,1950,10961175
NIFTY-I.NFO,19/12/2024,09:19:12,23942.1,23938.7,100,23942.25,25,1125,10961175
NIFTY-I.NFO,19/12/2024,09:19:14,23941.1,23940.5,200,23940.8,125,2700,10961175
NIFTY-I.NFO,19/12/2024,09:19:15,23941.65,23941.8,275,23945.1,25,3975,10961175
NIFTY-I.NFO,19/12/2024,09:19:17,23944.35,23943.65,25,23944.95,25,2225,10961175
NIFTY-I.NFO,19/12/2024,09:19:19,23944.9,23942.3,25,23944.75,25,8450,10961175
NIFTY-I.NFO,19/12/2024,09:19:20,23944.5,23942.7,25,23945,50,425,10961175
NIFTY-I.NFO,19/12/2024,09:19:22,23944.9,23943.65,100,23944.05,25,1600,10961175
NIFTY-I.NFO,19/12/2024,09:19:24,23944.5,23944.05,4750,23944.2,25,3025,10961175
NIFTY-I.NFO,19/12/2024,09:19:25,23944.1,23944.1,25,23944.25,25,4975,10961175
NIFTY-I.NFO,19/12/2024,09:19:27,23949.5,23944.1,100,23949.2,50,3400,10961175
NIFTY-I.NFO,19/12/2024,09:19:29,23949.9,23944.25,100,23949.9,775,4250,10961175
NIFTY-I.NFO,19/12/2024,09:19:30,23945.1,23944.55,75,23945.1,275,3200,10961175
NIFTY-I.NFO,19/12/2024,09:19:32,23945.1,23944.15,100,23945.1,100,2300,10961175
NIFTY-I.NFO,19/12/2024,09:19:34,23945.25,23945.25,75,23949.2,450,650,10961175
NIFTY-I.NFO,19/12/2024,09:19:36,23944.25,23944.05,100,23944.95,50,2325,10961175
NIFTY-I.NFO,19/12/2024,09:19:37,23946.5,23944,25,23946.5,25,2425,10961175
NIFTY-I.NFO,19/12/2024,09:19:39,23941.75,23941.7,25,23943.8,25,2050,10961175
NIFTY-I.NFO,19/12/2024,09:19:41,23944,23941.7,25,23943.9,25,1825,10961175
NIFTY-I.NFO,19/12/2024,09:19:42,23945,23944.1,75,23945,225,2050,10961175
NIFTY-I.NFO,19/12/2024,09:19:44,23944.95,23944.15,100,23946.9,25,1525,10961175
NIFTY-I.NFO,19/12/2024,09:19:46,23945.7,23945,100,23945.7,25,900,10961175
NIFTY-I.NFO,19/12/2024,09:19:47,23945.05,23945.4,75,23945.65,25,1300,10961175
NIFTY-I.NFO,19/12/2024,09:19:49,23945.75,23945.95,100,23946.15,25,1225,10961175
NIFTY-I.NFO,19/12/2024,09:19:51,23946,23946,75,23946.85,25,1275,10961175
NIFTY-I.NFO,19/12/2024,09:19:52,23946.85,23947.05,100,23947.2,25,875,10961175
NIFTY-I.NFO,19/12/2024,09:19:54,23949,23947.7,100,23950.5,25,5075,10961175
NIFTY-I.NFO,19/12/2024,09:19:56,23950.4,23950.1,100,23950.35,25,2575,10961175
NIFTY-I.NFO,19/12/2024,09:19:57,23954,23951.55,25,23954.7,25,1875,10961175
NIFTY-I.NFO,19/12/2024,09:19:59,23952.7,23952.35,100,23954.65,100,1700,10961175
NIFTY-I.NFO,19/12/2024,09:20:01,23955,23955.4,50,23959.5,25,19275,10961175
NIFTY-I.NFO,19/12/2024,09:20:02,23963.7,23961.8,50,23963.6,25,1125,10961175
NIFTY-I.NFO,19/12/2024,09:20:04,23968.45,23966.65,100,23967.65,25,1125,10961175
NIFTY-I.NFO,19/12/2024,09:20:06,23966.45,23966.45,6375,23967,350,3050,10961175
NIFTY-I.NFO,19/12/2024,09:20:07,23965.2,23960.75,100,23962,25,9075,10961175
NIFTY-I.NFO,19/12/2024,09:20:09,23964.45,23960.5,100,23960.9,25,1175,10961175
NIFTY-I.NFO,19/12/2024,09:20:11,23969.15,23969.6,100,23971.3,25,2175,10961175
NIFTY-I.NFO,19/12/2024,09:20:12,23975.95,23972.9,25,23975.95,50,975,10961175
NIFTY-I.NFO,19/12/2024,09:20:14,23967.05,23967,200,23969.8,50,3950,10961175
NIFTY-I.NFO,19/12/2024,09:20:16,23967.3,23963.25,100,23963.35,25,2100,10961175
NIFTY-I.NFO,19/12/2024,09:20:17,23960.8,23960.75,1025,23961.3,25,2300,10961175
NIFTY-I.NFO,19/12/2024,09:20:19,23954.7,23954,100,23954.7,50,2800,10961175
NIFTY-I.NFO,19/12/2024,09:20:21,23956.45,23956.45,100,23959.15,125,350,10961175
NIFTY-I.NFO,19/12/2024,09:20:22,23954.05,23954.05,75,23957.2,125,4300,10961175
NIFTY-I.NFO,19/12/2024,09:20:24,23952.7,23952.8,100,23957.2,200,1775,10961175
NIFTY-I.NFO,19/12/2024,09:20:26,23963.75,23955.75,100,23962.6,50,2175,10961175
NIFTY-I.NFO,19/12/2024,09:20:27,23952.45,23952.7,25,23956.4,50,400,10961175
NIFTY-I.NFO,19/12/2024,09:20:29,23955.5,23955,50,23956.4,225,1925,10961175
NIFTY-I.NFO,19/12/2024,09:20:31,23955,23953.6,100,23955.5,75,1075,10961175
NIFTY-I.NFO,19/12/2024,09:20:32,23952.75,23952.75,100,23954,175,1125,10961175
NIFTY-I.NFO,19/12/2024,09:20:34,23954.6,23950.6,75,23954.1,50,1000,10961175
NIFTY-I.NFO,19/12/2024,09:20:36,23953.55,23949.05,100,23953,225,4225,10961175
NIFTY-I.NFO,19/12/2024,09:20:37,23953.05,23953.05,50,23955.5,100,450,10961175
NIFTY-I.NFO,19/12/2024,09:20:39,23950.05,23950.05,50,23953.8,50,5650,10961175
NIFTY-I.NFO,19/12/2024,09:20:41,23951.15,23951.1,25,23953.45,25,525,10961175
NIFTY-I.NFO,19/12/2024,09:20:42,23952.65,23950.15,100,23952.85,625,675,10961175
NIFTY-I.NFO,19/12/2024,09:20:44,23952.8,23950.2,75,23952.75,25,300,10961175
NIFTY-I.NFO,19/12/2024,09:20:46,23951.15,23951.05,75,23952.85,100,600,10961175
NIFTY-I.NFO,19/12/2024,09:20:47,23950.55,23950.55,50,23951,125,800,10961175
NIFTY-I.NFO,19/12/2024,09:20:49,23951,23949.05,50,23951,75,975,10961175
NIFTY-I.NFO,19/12/2024,09:20:51,23950.05,23950,50,23950.3,25,575,10961175
NIFTY-I.NFO,19/12/2024,09:20:52,23951,23950.1,100,23951,9925,450,10961175
NIFTY-I.NFO,19/12/2024,09:20:54,23950,23950.05,100,23951,9925,475,10961175
NIFTY-I.NFO,19/12/2024,09:20:56,23947.2,23948,25,23950.95,100,3125,10961175
NIFTY-I.NFO,19/12/2024,09:20:57,23948.95,23947.1,100,23948.95,750,600,10961175
NIFTY-I.NFO,19/12/2024,09:20:59,23948.75,23946.05,75,23948.8,25,900,10961175
NIFTY-I.NFO,19/12/2024,09:21:01,23945,23944.3,100,23945,125,4375,10961175
NIFTY-I.NFO,19/12/2024,09:21:02,23946.5,23944.15,200,23947.2,25,975,10961175
NIFTY-I.NFO,19/12/2024,09:21:04,23942.55,23943.3,350,23947.75,25,1750,10961175
NIFTY-I.NFO,19/12/2024,09:21:06,23945,23941.75,200,23946.4,25,1375,10961175
NIFTY-I.NFO,19/12/2024,09:21:07,23941.4,23941,25,23941.4,225,525,10961175
NIFTY-I.NFO,19/12/2024,09:21:09,23940,23939,50,23939.5,25,1750,10961175
NIFTY-I.NFO,19/12/2024,09:21:11,23938.85,23938.05,200,23941,25,1900,10961175
NIFTY-I.NFO,19/12/2024,09:21:12,23937.9,23937.9,925,23938,125,825,10961175
NIFTY-I.NFO,19/12/2024,09:21:14,23937.95,23937.95,75,23940,1675,950,10961175
NIFTY-I.NFO,19/12/2024,09:21:16,23940,23937.95,200,23940,1150,1075,10961175
NIFTY-I.NFO,19/12/2024,09:21:17,23937.95,23937.95,50,23939.95,100,1125,10961175
NIFTY-I.NFO,19/12/2024,09:21:19,23940,23938.8,200,23940,2225,650,10961175
NIFTY-I.NFO,19/12/2024,09:21:21,23935.6,23937.35,75,23940,1525,2200,10961175
NIFTY-I.NFO,19/12/2024,09:21:22,23937.5,23936.2,25,23940,1525,500,10961175
NIFTY-I.NFO,19/12/2024,09:21:24,23939.95,23935.9,75,23939.95,50,1600,10961175
NIFTY-I.NFO,19/12/2024,09:21:26,23939.95,23938.15,125,23939.95,50,1175,10961175
NIFTY-I.NFO,19/12/2024,09:21:27,23940.95,23938.85,100,23940.95,175,2000,10961175
NIFTY-I.NFO,19/12/2024,09:21:29,23936.5,23936.45,275,23939,25,925,10961175
NIFTY-I.NFO,19/12/2024,09:21:31,23936.05,23936.05,25,23937.15,125,875,10961175
NIFTY-I.NFO,19/12/2024,09:21:32,23945.9,23937.9,150,23943.1,25,1825,10961175
NIFTY-I.NFO,19/12/2024,09:21:34,23940,23939.05,100,23940,1325,1825,10961175
NIFTY-I.NFO,19/12/2024,09:21:36,23940,23938.45,175,23940,1250,800,10961175
NIFTY-I.NFO,19/12/2024,09:21:37,23938.85,23937.85,100,23938.85,150,1000,10961175
NIFTY-I.NFO,19/12/2024,09:21:39,23937.1,23936.65,50,23937.15,50,925,10961175
NIFTY-I.NFO,19/12/2024,09:21:41,23936.55,23936.55,150,23938.9,150,925,10961175
NIFTY-I.NFO,19/12/2024,09:21:42,23936.45,23936.05,25,23936.45,100,575,10915950
NIFTY-I.NFO,19/12/2024,09:21:44,23936.45,23936.05,100,23940,850,500,10915950
NIFTY-I.NFO,19/12/2024,09:21:46,23938.85,23938.95,100,23942.95,25,2000,10915950
NIFTY-I.NFO,19/12/2024,09:21:47,23940,23936.25,50,23938.85,25,3625,10915950
NIFTY-I.NFO,19/12/2024,09:21:49,23940,23937.55,25,23940,1625,700,10915950
NIFTY-I.NFO,19/12/2024,09:21:51,23940,23938.9,50,23940,2300,525,10915950
NIFTY-I.NFO,19/12/2024,09:21:52,23940,23940.05,100,23942.95,50,2925,10915950
NIFTY-I.NFO,19/12/2024,09:21:54,23941.65,23941.65,100,23945.75,25,775,10915950
NIFTY-I.NFO,19/12/2024,09:21:56,23940,23940,50,23940.05,100,725,10915950
NIFTY-I.NFO,19/12/2024,09:21:57,23942,23939.15,100,23942,700,2025,10915950
NIFTY-I.NFO,19/12/2024,09:21:59,23941.8,23941.7,225,23941.8,50,2450,10915950
NIFTY-I.NFO,19/12/2024,09:22:01,23937.5,23936.5,100,23937.5,475,2050,10915950
NIFTY-I.NFO,19/12/2024,09:22:02,23936.5,23936.5,75,23937.85,725,700,10915950
NIFTY-I.NFO,19/12/2024,09:22:04,23938.6,23938.6,75,23939.95,100,600,10915950
NIFTY-I.NFO,19/12/2024,09:22:06,23937.55,23937.55,50,23938.55,75,1025,10915950
NIFTY-I.NFO,19/12/2024,09:22:07,23941.9,23940.8,100,23941.6,450,875,10915950
NIFTY-I.NFO,19/12/2024,09:22:09,23938.5,23938.5,50,23938.7,175,600,10915950
NIFTY-I.NFO,19/12/2024,09:22:11,23938.2,23941.15,100,23941.7,9000,2025,10915950
NIFTY-I.NFO,19/12/2024,09:22:12,23940,23939.6,125,23940,250,1175,10915950
NIFTY-I.NFO,19/12/2024,09:22:14,23940.05,23940.05,75,23941.7,8975,675,10915950
NIFTY-I.NFO,19/12/2024,09:22:16,23940,23940.05,100,23941.55,175,1325,10915950
NIFTY-I.NFO,19/12/2024,09:22:17,23940,23940,6925,23941.5,100,1400,10915950
NIFTY-I.NFO,19/12/2024,09:22:19,23939.95,23938,325,23939.95,50,7775,10915950
NIFTY-I.NFO,19/12/2024,09:22:21,23935,23935,2925,23938.3,25,2050,10915950
NIFTY-I.NFO,19/12/2024,09:22:22,23937.3,23935,1375,23937.65,25,2175,10915950
NIFTY-I.NFO,19/12/2024,09:22:24,23937.45,23935,25,23936.8,25,8100,10915950
NIFTY-I.NFO,19/12/2024,09:22:26,23938,23934,175,23937.15,25,1925,10915950
NIFTY-I.NFO,19/12/2024,09:22:27,23932,23931.9,175,23935.15,25,950,10915950
NIFTY-I.NFO,19/12/2024,09:22:29,23932.15,23932.15,50,23935.8,25,1625,10915950
NIFTY-I.NFO,19/12/2024,09:22:31,23931.75,23932.1,25,23937.15,175,3550,10915950
NIFTY-I.NFO,19/12/2024,09:22:32,23931.25,23931.25,25,23934.95,25,1500,10915950
NIFTY-I.NFO,19/12/2024,09:22:34,23931.9,23931.2,75,23931.9,25,1325,10915950
NIFTY-I.NFO,19/12/2024,09:22:36,23932.2,23932.15,50,23937.3,75,500,10915950
NIFTY-I.NFO,19/12/2024,09:22:37,23934.75,23932.05,100,23933.35,25,1000,10915950
NIFTY-I.NFO,19/12/2024,09:22:39,23931.7,23931.25,25,23931.6,25,1575,10915950
NIFTY-I.NFO,19/12/2024,09:22:41,23931,23930.05,100,23931.5,25,4250,10915950
NIFTY-I.NFO,19/12/2024,09:22:42,23929.95,23930,25,23931,250,575,10915950
NIFTY-I.NFO,19/12/2024,09:22:44,23926.9,23926.35,25,23926.9,100,4250,10915950
NIFTY-I.NFO,19/12/2024,09:22:44,23925.75,23926.35,25,23926.9,100,0,10915950
NIFTY-I.NFO,19/12/2024,09:22:46,23925.55,23925.5,25,23929.95,50,950,10915950
NIFTY-I.NFO,19/12/2024,09:22:46,23925.55,23925.5,25,23929.95,50,0,10915950
NIFTY-I.NFO,19/12/2024,09:22:47,23926.9,23923.6,25,23929,25,3625,10915950
NIFTY-I.NFO,19/12/2024,09:22:47,23923.2,23923.6,25,23929,25,0,10915950
NIFTY-I.NFO,19/12/2024,09:22:49,23929,23923.3,25,23927.5,25,1750,10915950
NIFTY-I.NFO,19/12/2024,09:22:51,23926,23926.05,25,23926.8,25,775,10915950
NIFTY-I.NFO,19/12/2024,09:22:52,23928,23926.05,75,23926.75,50,2075,10915950
NIFTY-I.NFO,19/12/2024,09:22:54,23927.45,23927.7,100,23930,875,800,10915950
NIFTY-I.NFO,19/12/2024,09:22:56,23926.85,23926.8,25,23927.6,50,1275,10915950
NIFTY-I.NFO,19/12/2024,09:22:57,23926.1,23926.1,50,23926.75,100,475,10915950
NIFTY-I.NFO,19/12/2024,09:22:59,23925.05,23925.05,25,23926.05,400,675,10915950
NIFTY-I.NFO,19/12/2024,09:23:01,23925.05,23925.05,100,23926.05,300,950,10915950
NIFTY-I.NFO,19/12/2024,09:23:02,23923.35,23923.35,75,23925.4,75,3250,10915950
NIFTY-I.NFO,19/12/2024,09:23:02,23923.15,23923.35,75,23925.4,75,0,10915950
NIFTY-I.NFO,19/12/2024,09:23:04,23926.05,23925.25,125,23926.05,250,1075,10915950
NIFTY-I.NFO,19/12/2024,09:23:06,23925.6,23925.6,25,23926.05,25,800,10915950
NIFTY-I.NFO,19/12/2024,09:23:07,23925.7,23925.7,75,23929,75,2150,10915950
NIFTY-I.NFO,19/12/2024,09:23:09,23925.05,23925.05,50,23925.35,25,525,10915950
NIFTY-I.NFO,19/12/2024,09:23:11,23925.55,23925.55,50,23929.55,100,325,10915950
NIFTY-I.NFO,19/12/2024,09:23:12,23925.65,23925,50,23925.7,500,525,10915950
NIFTY-I.NFO,19/12/2024,09:23:14,23923.4,23925.25,50,23925.7,125,925,10915950
NIFTY-I.NFO,19/12/2024,09:23:16,23925.2,23923.5,100,23925.2,50,675,10915950
NIFTY-I.NFO,19/12/2024,09:23:17,23923.55,23923.55,50,23925.05,25,900,10915950
NIFTY-I.NFO,19/12/2024,09:23:19,23925.7,23924.25,25,23925.35,50,825,10915950
NIFTY-I.NFO,19/12/2024,09:23:21,23923.6,23923.55,25,23924.8,50,350,10915950
NIFTY-I.NFO,19/12/2024,09:23:22,23928.95,23926.1,200,23928.95,100,675,10915950
NIFTY-I.NFO,19/12/2024,09:23:24,23931.7,23929.05,100,23931.7,3425,1175,10915950
NIFTY-I.NFO,19/12/2024,09:23:26,23931.5,23926.65,75,23931.5,25,500,10915950
NIFTY-I.NFO,19/12/2024,09:23:27,23931.7,23930.35,25,23931.7,3400,275,10915950
NIFTY-I.NFO,19/12/2024,09:23:29,23931.7,23931.15,100,23931.7,3425,700,10915950
NIFTY-I.NFO,19/12/2024,09:23:31,23927.6,23927.6,175,23930,125,800,10915950
NIFTY-I.NFO,19/12/2024,09:23:32,23931.15,23931.15,75,23931.7,3225,1350,10915950
NIFTY-I.NFO,19/12/2024,09:23:34,23928.9,23930.05,75,23930.75,75,600,10915950
NIFTY-I.NFO,19/12/2024,09:23:36,23937.3,23935.35,50,23938,25,4050,10915950
NIFTY-I.NFO,19/12/2024,09:23:37,23936.55,23934,25,23936.55,150,250,10915950
NIFTY-I.NFO,19/12/2024,09:23:39,23934.85,23935.45,25,23936.5,50,350,10915950
NIFTY-I.NFO,19/12/2024,09:23:41,23941,23940.5,25,23941.6,25,600,10915950
NIFTY-I.NFO,19/12/2024,09:23:43,23942.3,23941.65,75,23942.4,25,5425,10915950
NIFTY-I.NFO,19/12/2024,09:23:44,23944.95,23941,125,23944.95,25,825,10915950
NIFTY-I.NFO,19/12/2024,09:23:46,23945,23941,50,23944.9,25,325,10915950
NIFTY-I.NFO,19/12/2024,09:23:48,23940.55,23940.55,50,23941,150,625,10915950
NIFTY-I.NFO,19/12/2024,09:23:49,23941.65,23940.55,100,23945.55,50,1000,10915950
NIFTY-I.NFO,19/12/2024,09:23:51,23945.9,23942.4,50,23945.9,25,250,10915950
NIFTY-I.NFO,19/12/2024,09:23:53,23946.1,23945.05,100,23946.1,200,175,10915950
NIFTY-I.NFO,19/12/2024,09:23:54,23945.95,23945.95,100,23946.05,100,875,10915950
NIFTY-I.NFO,19/12/2024,09:23:56,23945.2,23945.2,50,23945.9,25,925,10915950
NIFTY-I.NFO,19/12/2024,09:23:58,23945.05,23945.35,100,23947.1,25,1225,10915950
NIFTY-I.NFO,19/12/2024,09:23:59,23945.6,23945.55,25,23945.6,100,525,10915950
NIFTY-I.NFO,19/12/2024,09:24:01,23945.15,23945.4,75,23947,25,1075,10915950
NIFTY-I.NFO,19/12/2024,09:24:03,23946.1,23945.65,50,23946.1,75,3950,10915950
NIFTY-I.NFO,19/12/2024,09:24:04,23947.15,23945.65,50,23947,50,275,10915950
NIFTY-I.NFO,19/12/2024,09:24:06,23946.85,23946.15,100,23946.85,25,825,10915950
NIFTY-I.NFO,19/12/2024,09:24:08,23947.05,23947.05,75,23947.75,25,675,10915950
NIFTY-I.NFO,19/12/2024,09:24:09,23947.55,23945.65,100,23946.15,25,450,10915950
NIFTY-I.NFO,19/12/2024,09:24:11,23952.5,23952.85,75,23955,375,4175,10915950
NIFTY-I.NFO,19/12/2024,09:24:13,23958,23952.7,50,23955.75,25,975,10915950
NIFTY-I.NFO,19/12/2024,09:24:14,23955.5,23955.05,100,23955.7,125,775,10915950
NIFTY-I.NFO,19/12/2024,09:24:16,23955.15,23958.4,75,23958.9,25,325,10915950
NIFTY-I.NFO,19/12/2024,09:24:18,23960.85,23958.45,25,23960.75,25,2000,10915950
NIFTY-I.NFO,19/12/2024,09:24:19,23963.3,23961.3,50,23963.25,125,525,10915950
NIFTY-I.NFO,19/12/2024,09:24:21,23962.2,23960.15,100,23963.75,25,575,10915950
NIFTY-I.NFO,19/12/2024,09:24:23,23962.2,23960.05,100,23960.55,25,875,10915950
NIFTY-I.NFO,19/12/2024,09:24:24,23963.3,23960.75,100,23961.05,25,1200,10915950
NIFTY-I.NFO,19/12/2024,09:24:26,23957.5,23955.55,75,23958.2,25,1875,10915950
NIFTY-I.NFO,19/12/2024,09:24:28,23960.6,23956.15,25,23960.05,25,1150,10915950
NIFTY-I.NFO,19/12/2024,09:24:29,23960,23955.8,50,23958.25,400,3925,10915950
NIFTY-I.NFO,19/12/2024,09:24:31,23960.7,23955.8,50,23957.85,25,1625,10915950
NIFTY-I.NFO,19/12/2024,09:24:33,23956.55,23956.05,100,23958,25,675,10915950
NIFTY-I.NFO,19/12/2024,09:24:34,23955.5,23955.05,25,23955.25,325,2700,10915950
NIFTY-I.NFO,19/12/2024,09:24:36,23955.25,23955.1,100,23956.55,50,375,10915950
NIFTY-I.NFO,19/12/2024,09:24:38,23955,23952.9,50,23955.15,175,775,10915950
NIFTY-I.NFO,19/12/2024,09:24:39,23952.9,23952.05,50,23954.8,25,2250,10915950
NIFTY-I.NFO,19/12/2024,09:24:41,23955.7,23950.45,100,23954.7,25,2175,10915950
NIFTY-I.NFO,19/12/2024,09:24:43,23952.85,23950.05,100,23952.85,175,1425,10915950
NIFTY-I.NFO,19/12/2024,09:24:44,23951.05,23951.05,75,23952.85,125,225,10917300
NIFTY-I.NFO,19/12/2024,09:24:46,23950,23952.9,100,23955,50,625,10917300
NIFTY-I.NFO,19/12/2024,09:24:48,23953.7,23947.15,100,23952.05,25,1725,10917300
NIFTY-I.NFO,19/12/2024,09:24:49,23952.05,23947.25,100,23952.05,50,975,10917300
NIFTY-I.NFO,19/12/2024,09:24:51,23951.3,23949.65,75,23952.05,50,1325,10917300
NIFTY-I.NFO,19/12/2024,09:24:53,23951.05,23947.6,25,23952.35,25,1175,10917300
NIFTY-I.NFO,19/12/2024,09:24:54,23952.35,23950.1,75,23952.35,225,200,10917300
NIFTY-I.NFO,19/12/2024,09:24:56,23952.35,23947.35,125,23952.05,25,1675,10917300
NIFTY-I.NFO,19/12/2024,09:24:58,23952.05,23951.35,25,23952,50,350,10917300
NIFTY-I.NFO,19/12/2024,09:24:59,23951.95,23950.25,25,23954.8,25,1750,10917300
NIFTY-I.NFO,19/12/2024,09:25:01,23951.1,23951.7,25,23956.85,25,1525,10917300
NIFTY-I.NFO,19/12/2024,09:25:03,23952.6,23953.15,100,23957.55,25,1425,10917300
NIFTY-I.NFO,19/12/2024,09:25:04,23958.45,23953.6,25,23960,250,1375,10917300
NIFTY-I.NFO,19/12/2024,09:25:06,23956.15,23956.9,50,23958.55,100,75,10917300
NIFTY-I.NFO,19/12/2024,09:25:08,23956.85,23956.25,100,23956.85,25,2075,10917300
NIFTY-I.NFO,19/12/2024,09:25:09,23954.8,23950.05,200,23954.8,50,1825,10917300
NIFTY-I.NFO,19/12/2024,09:25:11,23945.6,23945.65,50,23950.65,25,2975,10917300
NIFTY-I.NFO,19/12/2024,09:25:13,23945.55,23946.5,25,23951.75,25,2125,10917300
NIFTY-I.NFO,19/12/2024,09:25:14,23945.8,23946.1,25,23952.4,200,1250,10917300
NIFTY-I.NFO,19/12/2024,09:25:16,23951.85,23951.75,50,23955.3,25,2500,10917300
NIFTY-I.NFO,19/12/2024,09:25:18,23956,23955.95,50,23960,500,1000,10917300
NIFTY-I.NFO,19/12/2024,09:25:19,23959.9,23954.85,100,23959.35,25,2125,10917300
NIFTY-I.NFO,19/12/2024,09:25:21,23959.35,23957.05,125,23959.35,350,1125,10917300
NIFTY-I.NFO,19/12/2024,09:25:23,23960.8,23960,300,23961.9,25,2225,10917300
NIFTY-I.NFO,19/12/2024,09:25:24,23960,23960.05,100,23961.65,50,250,10917300
NIFTY-I.NFO,19/12/2024,09:25:26,23962.65,23960.05,75,23962.8,25,425,10917300
NIFTY-I.NFO,19/12/2024,09:25:28,23964.75,23964.75,25,23965,200,450,10917300
NIFTY-I.NFO,19/12/2024,09:25:29,23960.05,23960,1075,23961.05,25,1525,10917300
NIFTY-I.NFO,19/12/2024,09:25:31,23963.05,23960.05,100,23962.75,25,1375,10917300
NIFTY-I.NFO,19/12/2024,09:25:33,23961.75,23960.85,100,23961.5,75,750,10917300
NIFTY-I.NFO,19/12/2024,09:25:34,23960.05,23960.05,75,23961,25,450,10917300
NIFTY-I.NFO,19/12/2024,09:25:36,23960.65,23960,125,23960.45,25,425,10917300
NIFTY-I.NFO,19/12/2024,09:25:38,23957,23954.4,25,23958.6,50,1150,10917300
NIFTY-I.NFO,19/12/2024,09:25:39,23958.3,23952.5,200,23958.35,25,450,10917300
NIFTY-I.NFO,19/12/2024,09:25:41,23959.65,23954.8,25,23959.9,25,475,10917300
NIFTY-I.NFO,19/12/2024,09:25:43,23956.2,23956.2,100,23959.95,625,300,10917300
NIFTY-I.NFO,19/12/2024,09:25:44,23961.6,23959.7,25,23961.2,25,1275,10917300
NIFTY-I.NFO,19/12/2024,09:25:46,23959.7,23959.65,100,23962.6,25,325,10917300
NIFTY-I.NFO,19/12/2024,09:25:48,23961.1,23960.05,175,23961.15,25,350,10917300
NIFTY-I.NFO,19/12/2024,09:25:49,23960.05,23960.05,100,23962,275,350,10917300
NIFTY-I.NFO,19/12/2024,09:25:51,23961.05,23960.05,200,23961.25,25,700,10917300
NIFTY-I.NFO,19/12/2024,09:25:53,23960.05,23960,1000,23961.25,325,475,10917300
NIFTY-I.NFO,19/12/2024,09:25:54,23960,23960.05,200,23961.25,750,1075,10917300
NIFTY-I.NFO,19/12/2024,09:25:56,23961.2,23960.2,150,23961.2,100,1750,10917300
NIFTY-I.NFO,19/12/2024,09:25:58,23964,23961.9,25,23963.8,25,650,10917300
NIFTY-I.NFO,19/12/2024,09:25:59,23960.85,23962.05,100,23963.65,25,450,10917300
NIFTY-I.NFO,19/12/2024,09:26:01,23963.5,23962.05,75,23963.5,25,300,10917300
NIFTY-I.NFO,19/12/2024,09:26:03,23961.25,23961.25,900,23963.75,50,700,10917300
NIFTY-I.NFO,19/12/2024,09:26:04,23965,23965,500,23965.6,450,1900,10917300
NIFTY-I.NFO,19/12/2024,09:26:06,23964.6,23961.3,75,23964.95,100,650,10917300
NIFTY-I.NFO,19/12/2024,09:26:08,23961.25,23961.25,575,23962.65,850,525,10917300
NIFTY-I.NFO,19/12/2024,09:26:09,23960.15,23960.15,75,23960.6,25,1250,10917300
NIFTY-I.NFO,19/12/2024,09:26:11,23960.2,23960.2,25,23962.65,375,1100,10917300
NIFTY-I.NFO,19/12/2024,09:26:13,23964.15,23960.3,125,23963.35,625,1775,10917300
NIFTY-I.NFO,19/12/2024,09:26:14,23960.05,23960,650,23960.6,175,800,10917300
NIFTY-I.NFO,19/12/2024,09:26:16,23962.65,23960.05,325,23964.1,625,675,10917300
NIFTY-I.NFO,19/12/2024,09:26:18,23964.15,23959.8,25,23965,225,1950,10917300
NIFTY-I.NFO,19/12/2024,09:26:19,23965,23962.05,100,23965,150,50,10917300
NIFTY-I.NFO,19/12/2024,09:26:21,23962.4,23962.4,100,23963.05,50,125,10917300
NIFTY-I.NFO,19/12/2024,09:26:23,23965,23963.25,200,23964.15,25,1150,10917300
NIFTY-I.NFO,19/12/2024,09:26:24,23962.35,23961.65,100,23967.35,50,875,10917300
NIFTY-I.NFO,19/12/2024,09:26:26,23964.15,23960.2,100,23964.25,200,200,10917300
NIFTY-I.NFO,19/12/2024,09:26:28,23964.25,23960.05,50,23964.25,100,2225,10917300
NIFTY-I.NFO,19/12/2024,09:26:29,23959.7,23958.6,25,23960,175,425,10917300
NIFTY-I.NFO,19/12/2024,09:26:31,23958.7,23958.65,100,23960.35,150,475,10917300
NIFTY-I.NFO,19/12/2024,09:26:33,23958.65,23958.65,75,23960.35,75,325,10917300
NIFTY-I.NFO,19/12/2024,09:26:34,23963.4,23961.1,25,23964.15,25,150,10917300
NIFTY-I.NFO,19/12/2024,09:26:36,23960.5,23960.35,125,23965.85,25,700,10917300
NIFTY-I.NFO,19/12/2024,09:26:38,23966.5,23961.55,125,23966.5,425,325,10917300
NIFTY-I.NFO,19/12/2024,09:26:39,23965,23964.3,75,23966.85,500,175,10917300
NIFTY-I.NFO,19/12/2024,09:26:41,23964.25,23964.2,100,23968.35,175,275,10917300
NIFTY-I.NFO,19/12/2024,09:26:43,23968.1,23964.2,125,23967.6,25,250,10917300
NIFTY-I.NFO,19/12/2024,09:26:44,23964.15,23961.05,100,23966.1,600,1225,10917300
NIFTY-I.NFO,19/12/2024,09:26:46,23964.3,23964.3,50,23965.4,50,200,10917300
NIFTY-I.NFO,19/12/2024,09:26:48,23961.05,23961.05,50,23963.4,450,800,10917300
NIFTY-I.NFO,19/12/2024,09:26:49,23960.4,23960.4,75,23960.65,475,350,10917300
NIFTY-I.NFO,19/12/2024,09:26:51,23956,23955.05,100,23956,125,1275,10917300
NIFTY-I.NFO,19/12/2024,09:26:53,23958.65,23955.05,100,23958.65,175,675,10917300
NIFTY-I.NFO,19/12/2024,09:26:54,23959.05,23956.05,100,23959.05,550,1075,10917300
NIFTY-I.NFO,19/12/2024,09:26:56,23955.05,23952.05,75,23956,150,1050,10917300
NIFTY-I.NFO,19/12/2024,09:26:58,23959.95,23953.2,75,23959.3,25,275,10917300
NIFTY-I.NFO,19/12/2024,09:26:59,23957.85,23957.8,25,23959.95,1200,300,10917300
NIFTY-I.NFO,19/12/2024,09:27:01,23960,23959.95,500,23964,200,4200,10917300
NIFTY-I.NFO,19/12/2024,09:27:03,23960.3,23955.05,100,23960,1175,1000,10917300
NIFTY-I.NFO,19/12/2024,09:27:04,23955,23955,650,23956.25,250,1575,10917300
NIFTY-I.NFO,19/12/2024,09:27:06,23957.2,23952.45,25,23956.5,25,2000,10917300
NIFTY-I.NFO,19/12/2024,09:27:08,23952,23952.05,100,23955.8,50,850,10917300
NIFTY-I.NFO,19/12/2024,09:27:09,23951.2,23951.2,475,23952.25,275,1775,10917300
NIFTY-I.NFO,19/12/2024,09:27:11,23952.3,23952.3,125,23955.6,250,1700,10917300
NIFTY-I.NFO,19/12/2024,09:27:13,23958.8,23953.9,100,23957,100,325,10917300
NIFTY-I.NFO,19/12/2024,09:27:14,23956.95,23955.85,100,23956.3,75,475,10917300
NIFTY-I.NFO,19/12/2024,09:27:16,23957.2,23952.9,50,23958.1,225,925,10917300
NIFTY-I.NFO,19/12/2024,09:27:18,23957.85,23957.8,1425,23958.2,575,1625,10917300
NIFTY-I.NFO,19/12/2024,09:27:19,23957.95,23955.8,75,23957.5,125,2375,10917300
NIFTY-I.NFO,19/12/2024,09:27:21,23955.1,23951.25,25,23954.65,75,1050,10917300
NIFTY-I.NFO,19/12/2024,09:27:23,23954.95,23952.4,50,23954.95,1675,250,10917300
NIFTY-I.NFO,19/12/2024,09:27:24,23951.1,23951.6,100,23951.7,25,1200,10917300
NIFTY-I.NFO,19/12/2024,09:27:26,23953.05,23952.05,75,23953.1,150,2750,10917300
NIFTY-I.NFO,19/12/2024,09:27:28,23954.8,23952.4,175,23954.95,1375,150,10917300
NIFTY-I.NFO,19/12/2024,09:27:29,23954.95,23952,25,23954.95,1025,475,10917300
NIFTY-I.NFO,19/12/2024,09:27:31,23952.05,23952.05,175,23954.95,975,350,10917300
NIFTY-I.NFO,19/12/2024,09:27:33,23951.95,23951.95,50,23954.1,300,1300,10917300
NIFTY-I.NFO,19/12/2024,09:27:34,23951.9,23952.05,100,23953.1,150,325,10917300
NIFTY-I.NFO,19/12/2024,09:27:36,23953.1,23952.1,200,23954.8,25,375,10917300
NIFTY-I.NFO,19/12/2024,09:27:38,23952.05,23952.05,175,23952.1,100,925,10917300
NIFTY-I.NFO,19/12/2024,09:27:39,23952.1,23952.1,200,23955.6,350,425,10917300
NIFTY-I.NFO,19/12/2024,09:27:41,23955.6,23954.85,100,23955.1,275,1050,10917300
NIFTY-I.NFO,19/12/2024,09:27:43,23954.6,23952.1,175,23954.6,150,700,10917300
NIFTY-I.NFO,19/12/2024,09:27:44,23953.6,23952.1,200,23953.6,50,725,10926850
NIFTY-I.NFO,19/12/2024,09:27:46,23952.6,23952.05,100,23952.6,300,1175,10926850
NIFTY-I.NFO,19/12/2024,09:27:48,23954.8,23953.65,100,23954.8,150,525,10926850
NIFTY-I.NFO,19/12/2024,09:27:49,23953.6,23952.65,100,23953.6,275,275,10926850
NIFTY-I.NFO,19/12/2024,09:27:51,23951,23950.05,100,23950.65,100,4575,10926850
NIFTY-I.NFO,19/12/2024,09:27:53,23950.95,23950.05,100,23950.95,25,1950,10926850
NIFTY-I.NFO,19/12/2024,09:27:54,23950.75,23948.1,200,23951.25,275,2900,10926850
NIFTY-I.NFO,19/12/2024,09:27:56,23950.05,23948.05,200,23950.05,325,875,10926850
NIFTY-I.NFO,19/12/2024,09:27:58,23948.05,23948.05,25,23950.05,300,250,10926850
NIFTY-I.NFO,19/12/2024,09:27:59,23948.05,23948.05,75,23948.35,50,225,10926850
NIFTY-I.NFO,19/12/2024,09:28:01,23951.75,23948.05,125,23951.65,25,1275,10926850
NIFTY-I.NFO,19/12/2024,09:28:03,23948.05,23948.05,200,23950.1,50,200,10926850
NIFTY-I.NFO,19/12/2024,09:28:04,23950,23948.05,100,23948.1,50,25,10926850
NIFTY-I.NFO,19/12/2024,09:28:06,23946.5,23946.25,200,23947.05,25,175,10926850
NIFTY-I.NFO,19/12/2024,09:28:08,23950,23946.35,25,23950,1650,1025,10926850
NIFTY-I.NFO,19/12/2024,09:28:09,23948.05,23948.05,75,23950,1650,900,10926850
NIFTY-I.NFO,19/12/2024,09:28:11,23949.85,23946.05,175,23949.4,25,1750,10926850
NIFTY-I.NFO,19/12/2024,09:28:13,23945.6,23945.6,175,23948.05,50,575,10926850
NIFTY-I.NFO,19/12/2024,09:28:14,23948.1,23946.15,175,23948,500,550,10926850
NIFTY-I.NFO,19/12/2024,09:28:16,23947.65,23946.25,100,23947.65,125,1250,10926850
NIFTY-I.NFO,19/12/2024,09:28:18,23948.3,23946.65,25,23948.05,50,2425,10926850
NIFTY-I.NFO,19/12/2024,09:28:19,23946.65,23946.35,125,23948.05,50,900,10926850
NIFTY-I.NFO,19/12/2024,09:28:21,23948,23945.75,200,23948,375,825,10926850
NIFTY-I.NFO,19/12/2024,09:28:23,23946.5,23946.4,200,23948.55,25,775,10926850
NIFTY-I.NFO,19/12/2024,09:28:24,23945,23945.4,250,23947.95,325,2100,10926850
NIFTY-I.NFO,19/12/2024,09:28:26,23948.55,23945.5,275,23950,1075,1000,10926850
NIFTY-I.NFO,19/12/2024,09:28:28,23950,23945.8,225,23949.05,50,725,10926850
NIFTY-I.NFO,19/12/2024,09:28:29,23945.75,23945.8,200,23946.35,75,300,10926850
NIFTY-I.NFO,19/12/2024,09:28:31,23949,23947.25,200,23949,50,2300,10926850
NIFTY-I.NFO,19/12/2024,09:28:33,23949,23946.65,100,23949,375,900,10926850
NIFTY-I.NFO,19/12/2024,09:28:34,23948.05,23946.65,100,23948.6,50,575,10926850
NIFTY-I.NFO,19/12/2024,09:28:36,23948.6,23946.75,125,23948.6,50,425,10926850
NIFTY-I.NFO,19/12/2024,09:28:38,23946.6,23946.4,200,23949,600,500,10926850
NIFTY-I.NFO,19/12/2024,09:28:39,23949,23946.45,275,23949.4,25,1575,10926850
NIFTY-I.NFO,19/12/2024,09:28:41,23950,23948,200,23950,75,1500,10926850
NIFTY-I.NFO,19/12/2024,09:28:43,23948.05,23947.95,25,23949.4,150,650,10926850
NIFTY-I.NFO,19/12/2024,09:28:44,23947.95,23946.45,175,23947.95,375,900,10926850
NIFTY-I.NFO,19/12/2024,09:28:46,23946.25,23946.25,25,23950.95,50,2050,10926850
NIFTY-I.NFO,19/12/2024,09:28:48,23946.25,23946.05,200,23950,300,550,10926850
NIFTY-I.NFO,19/12/2024,09:28:49,23946.3,23946.3,150,23950,225,350,10926850
NIFTY-I.NFO,19/12/2024,09:28:51,23949.95,23945.55,25,23947.5,250,1325,10926850
NIFTY-I.NFO,19/12/2024,09:28:53,23947.8,23945,1575,23948.95,75,625,10926850
NIFTY-I.NFO,19/12/2024,09:28:54,23945.2,23945.05,900,23946.95,1300,1450,10926850
NIFTY-I.NFO,19/12/2024,09:28:56,23945.05,23945.25,25,23945.5,25,1275,10926850
NIFTY-I.NFO,19/12/2024,09:28:58,23945.05,23945.05,125,23946.05,25,600,10926850
NIFTY-I.NFO,19/12/2024,09:28:59,23945.5,23945.05,100,23946.05,100,600,10926850
NIFTY-I.NFO,19/12/2024,09:29:01,23945,23945,1000,23945.5,25,1825,10926850
NIFTY-I.NFO,19/12/2024,09:29:03,23945,23945,825,23947,200,300,10926850
NIFTY-I.NFO,19/12/2024,09:29:04,23945.5,23945.05,250,23945.55,375,1200,10926850
NIFTY-I.NFO,19/12/2024,09:29:06,23945.55,23942.55,400,23945.55,450,1175,10926850
NIFTY-I.NFO,19/12/2024,09:29:08,23942,23941,75,23941.95,100,375,10926850
NIFTY-I.NFO,19/12/2024,09:29:09,23941,23940.3,300,23941,200,550,10926850
NIFTY-I.NFO,19/12/2024,09:29:11,23945,23941.95,225,23945,25,3200,10926850
NIFTY-I.NFO,19/12/2024,09:29:13,23946.9,23945.55,25,23949.45,100,1050,10926850
NIFTY-I.NFO,19/12/2024,09:29:14,23945,23940.8,25,23945.55,75,525,10926850
NIFTY-I.NFO,19/12/2024,09:29:16,23946.8,23940.8,200,23946.7,25,600,10926850
NIFTY-I.NFO,19/12/2024,09:29:18,23946,23945.7,150,23946.7,25,575,10926850
NIFTY-I.NFO,19/12/2024,09:29:19,23945.6,23941,25,23945.6,75,1600,10926850
NIFTY-I.NFO,19/12/2024,09:29:21,23940,23940,275,23946.05,125,450,10926850
NIFTY-I.NFO,19/12/2024,09:29:23,23940.2,23940.05,50,23945.7,375,425,10926850
NIFTY-I.NFO,19/12/2024,09:29:24,23939.35,23939.15,125,23939.35,125,875,10926850
NIFTY-I.NFO,19/12/2024,09:29:26,23938.85,23938.85,625,23940.95,75,1100,10926850
NIFTY-I.NFO,19/12/2024,09:29:28,23944.2,23938.6,125,23939.95,25,1425,10926850
NIFTY-I.NFO,19/12/2024,09:29:29,23939.15,23939.45,150,23945,300,1300,10926850
NIFTY-I.NFO,19/12/2024,09:29:31,23938.6,23938.6,75,23944.5,50,375,10926850
NIFTY-I.NFO,19/12/2024,09:29:33,23938.6,23938,25,23941.45,200,175,10926850
NIFTY-I.NFO,19/12/2024,09:29:34,23937.2,23937,925,23937.1,25,875,10926850
NIFTY-I.NFO,19/12/2024,09:29:36,23937.35,23937.05,125,23940,125,700,10926850
NIFTY-I.NFO,19/12/2024,09:29:38,23937,23937,775,23940,150,275,10926850
NIFTY-I.NFO,19/12/2024,09:29:39,23941.45,23938.05,150,23941.45,50,650,10926850
NIFTY-I.NFO,19/12/2024,09:29:41,23938,23938.05,75,23943.35,50,325,10926850
NIFTY-I.NFO,19/12/2024,09:29:43,23938,23938,250,23941.45,25,675,10926850
NIFTY-I.NFO,19/12/2024,09:29:45,23937.35,23937,775,23939.95,450,325,10926850
NIFTY-I.NFO,19/12/2024,09:29:46,23939.95,23937.05,300,23939.95,350,300,10926850
NIFTY-I.NFO,19/12/2024,09:29:48,23939.95,23937.3,150,23939.95,50,450,10926850
NIFTY-I.NFO,19/12/2024,09:29:50,23939.95,23937.65,100,23940,575,1025,10926850
NIFTY-I.NFO,19/12/2024,09:29:51,23937.85,23937.85,25,23939.95,50,1125,10926850
NIFTY-I.NFO,19/12/2024,09:29:53,23936.95,23936.85,100,23936.95,725,1150,10926850
NIFTY-I.NFO,19/12/2024,09:29:55,23936.6,23936.6,25,23936.7,50,350,10926850
NIFTY-I.NFO,19/12/2024,09:29:56,23935.1,23935,1375,23935.1,25,1375,10926850
NIFTY-I.NFO,19/12/2024,09:29:58,23939.5,23935.05,100,23939.4,325,200,10926850
NIFTY-I.NFO,19/12/2024,09:30:00,23931.6,23931.5,25,23934.4,400,2450,10926850
NIFTY-I.NFO,19/12/2024,09:30:01,23932.5,23930.95,75,23935.9,25,1625,10926850
NIFTY-I.NFO,19/12/2024,09:30:03,23935,23935.95,25,23936.5,50,400,10926850
NIFTY-I.NFO,19/12/2024,09:30:05,23939.3,23938.05,25,23939.3,25,625,10926850
NIFTY-I.NFO,19/12/2024,09:30:06,23938.05,23935.35,100,23938.05,500,1400,10926850
NIFTY-I.NFO,19/12/2024,09:30:08,23937.95,23935.15,175,23938.05,500,200,10926850
NIFTY-I.NFO,19/12/2024,09:30:10,23937.95,23936.8,25,23938.05,575,750,10926850
NIFTY-I.NFO,19/12/2024,09:30:11,23935.95,23935.95,25,23938,175,150,10926850
NIFTY-I.NFO,19/12/2024,09:30:13,23935.35,23935.3,25,23935.8,75,300,10926850
NIFTY-I.NFO,19/12/2024,09:30:15,23935.35,23931.25,25,23935.35,75,1775,10926850
NIFTY-I.NFO,19/12/2024,09:30:16,23935.35,23932.35,25,23935.35,125,225,10926850
NIFTY-I.NFO,19/12/2024,09:30:18,23932.4,23932.4,75,23934.8,25,800,10926850
NIFTY-I.NFO,19/12/2024,09:30:20,23935.75,23931.3,25,23935.75,225,275,10926850
NIFTY-I.NFO,19/12/2024,09:30:21,23932,23931.85,25,23935.75,175,450,10926850
NIFTY-I.NFO,19/12/2024,09:30:23,23933.95,23931.3,75,23933.95,1675,300,10926850
NIFTY-I.NFO,19/12/2024,09:30:25,23933.9,23932.45,150,23932.8,50,250,10926850
NIFTY-I.NFO,19/12/2024,09:30:26,23933.05,23933.05,175,23933.9,225,600,10926850
NIFTY-I.NFO,19/12/2024,09:30:28,23933.9,23933.1,100,23933.9,150,475,10926850
NIFTY-I.NFO,19/12/2024,09:30:30,23932.95,23932.85,100,23933.05,50,325,10926850
NIFTY-I.NFO,19/12/2024,09:30:31,23932.9,23932.8,25,23933.05,425,200,10926850
NIFTY-I.NFO,19/12/2024,09:30:33,23933.95,23934.3,25,23935,750,2375,10926850
NIFTY-I.NFO,19/12/2024,09:30:35,23935,23933.1,700,23935,150,1000,10926850
NIFTY-I.NFO,19/12/2024,09:30:36,23933.05,23933.5,25,23935,125,800,10926850
NIFTY-I.NFO,19/12/2024,09:30:38,23933.8,23933.55,125,23935,100,400,10926850
NIFTY-I.NFO,19/12/2024,09:30:40,23934.35,23934.25,50,23934.9,25,700,10926850
NIFTY-I.NFO,19/12/2024,09:30:41,23934.1,23933.75,100,23934.8,50,550,10926850
NIFTY-I.NFO,19/12/2024,09:30:43,23934,23933.85,25,23934.75,125,500,10926850
NIFTY-I.NFO,19/12/2024,09:30:45,23935,23934.95,775,23935,9275,2500,10948600
NIFTY-I.NFO,19/12/2024,09:30:46,23934.95,23934.95,575,23935,3975,6800,10948600
NIFTY-I.NFO,19/12/2024,09:30:48,23935,23934.95,475,23935,2925,1500,10948600
NIFTY-I.NFO,19/12/2024,09:30:50,23935,23934.8,125,23935,2475,450,10948600
NIFTY-I.NFO,19/12/2024,09:30:51,23934.95,23934.8,25,23935,2100,825,10948600
NIFTY-I.NFO,19/12/2024,09:30:53,23934.8,23933.05,25,23934.8,125,875,10948600
NIFTY-I.NFO,19/12/2024,09:30:55,23933.6,23933.5,25,23934.7,25,325,10948600
NIFTY-I.NFO,19/12/2024,09:30:56,23934.8,23933,625,23934.7,100,1100,10948600
NIFTY-I.NFO,19/12/2024,09:30:58,23934.7,23933.8,25,23934.7,200,1625,10948600
NIFTY-I.NFO,19/12/2024,09:30:59,23934.7,23933.85,50,23934.7,350,200,10948600
NIFTY-I.NFO,19/12/2024,09:31:01,23933.45,23933.4,25,23934.7,350,100,10948600
NIFTY-I.NFO,19/12/2024,09:31:03,23934.7,23933.75,75,23934.7,75,1025,10948600
NIFTY-I.NFO,19/12/2024,09:31:04,23934.9,23934.7,75,23934.9,375,425,10948600
NIFTY-I.NFO,19/12/2024,09:31:06,23934.9,23934.7,100,23934.85,50,200,10948600
NIFTY-I.NFO,19/12/2024,09:31:08,23933.5,23932.55,25,23933.5,25,3125,10948600
NIFTY-I.NFO,19/12/2024,09:31:09,23932.6,23932.6,450,23934.85,25,325,10948600
NIFTY-I.NFO,19/12/2024,09:31:11,23932.25,23932.2,650,23935,1650,450,10948600
NIFTY-I.NFO,19/12/2024,09:31:13,23935,23934.1,25,23935,1400,200,10948600
NIFTY-I.NFO,19/12/2024,09:31:14,23933.45,23933.45,25,23935,1100,825,10948600
NIFTY-I.NFO,19/12/2024,09:31:16,23937.55,23935,1275,23937.95,25,1275,10948600
NIFTY-I.NFO,19/12/2024,09:31:18,23935,23935,1000,23938.35,150,400,10948600
NIFTY-I.NFO,19/12/2024,09:31:19,23935,23935,750,23937.05,300,275,10948600
NIFTY-I.NFO,19/12/2024,09:31:21,23935,23933,75,23935,225,900,10948600
NIFTY-I.NFO,19/12/2024,09:31:23,23935.65,23933,25,23935.65,250,375,10948600
NIFTY-I.NFO,19/12/2024,09:31:24,23930.9,23930.1,25,23932.75,25,1475,10948600
NIFTY-I.NFO,19/12/2024,09:31:26,23932.8,23930,2175,23932.85,25,175,10948600
NIFTY-I.NFO,19/12/2024,09:31:28,23930.05,23930,2150,23932.5,225,875,10948600
NIFTY-I.NFO,19/12/2024,09:31:29,23928.4,23928,150,23928.05,50,2250,10948600
NIFTY-I.NFO,19/12/2024,09:31:31,23929.95,23927.35,25,23929.95,375,800,10948600
NIFTY-I.NFO,19/12/2024,09:31:33,23932,23930.05,175,23933,175,2125,10948600
NIFTY-I.NFO,19/12/2024,09:31:34,23933.7,23933.9,25,23939,275,1475,10948600
NIFTY-I.NFO,19/12/2024,09:31:36,23937,23932.85,25,23937,25,575,10948600
NIFTY-I.NFO,19/12/2024,09:31:38,23938.95,23932.4,75,23938.25,225,775,10948600
NIFTY-I.NFO,19/12/2024,09:31:39,23932.5,23932.6,100,23938.45,125,1075,10948600
NIFTY-I.NFO,19/12/2024,09:31:41,23932.65,23932.05,50,23932.65,525,175,10948600
NIFTY-I.NFO,19/12/2024,09:31:43,23931.05,23931,25,23932.65,400,325,10948600
NIFTY-I.NFO,19/12/2024,09:31:44,23931.75,23930.9,25,23933.45,425,625,10948600
NIFTY-I.NFO,19/12/2024,09:31:46,23930.2,23930.25,100,23933.45,175,375,10948600
NIFTY-I.NFO,19/12/2024,09:31:48,23932.05,23930.2,525,23932.45,150,425,10948600
NIFTY-I.NFO,19/12/2024,09:31:50,23932.6,23930,100,23932.6,525,850,10948600
NIFTY-I.NFO,19/12/2024,09:31:51,23932.6,23930.25,25,23932.6,100,600,10948600
NIFTY-I.NFO,19/12/2024,09:31:53,23933.95,23931.05,25,23933.95,1725,375,10948600
NIFTY-I.NFO,19/12/2024,09:31:55,23933.95,23933.5,25,23933.95,950,1300,10948600
NIFTY-I.NFO,19/12/2024,09:31:56,23933.95,23932.05,25,23933.95,75,2450,10948600
NIFTY-I.NFO,19/12/2024,09:31:58,23933.95,23932.05,100,23935,325,1100,10948600
NIFTY-I.NFO,19/12/2024,09:31:59,23934,23933.95,325,23935,325,175,10948600
NIFTY-I.NFO,19/12/2024,09:32:01,23935,23934,50,23934.25,25,400,10948600
NIFTY-I.NFO,19/12/2024,09:32:03,23933.95,23933.95,25,23934,500,900,10948600
NIFTY-I.NFO,19/12/2024,09:32:04,23933.85,23932.2,100,23933.85,550,475,10948600
NIFTY-I.NFO,19/12/2024,09:32:06,23932,23931.35,75,23933.2,25,500,10948600
NIFTY-I.NFO,19/12/2024,09:32:08,23933.05,23933.05,25,23933.9,250,525,10948600
NIFTY-I.NFO,19/12/2024,09:32:09,23930,23930,850,23931.6,125,175,10948600
NIFTY-I.NFO,19/12/2024,09:32:11,23932.85,23930,750,23933.05,100,1025,10948600
NIFTY-I.NFO,19/12/2024,09:32:13,23931.65,23931.65,150,23931.95,50,725,10948600
NIFTY-I.NFO,19/12/2024,09:32:14,23929.95,23927.15,25,23930.05,25,900,10948600
NIFTY-I.NFO,19/12/2024,09:32:16,23927.95,23927.05,25,23927.95,225,2725,10948600
NIFTY-I.NFO,19/12/2024,09:32:18,23928.05,23926.9,25,23928.05,75,1400,10948600
NIFTY-I.NFO,19/12/2024,09:32:19,23926,23925,950,23926,175,1300,10948600
NIFTY-I.NFO,19/12/2024,09:32:21,23925,23925,600,23926.5,50,625,10948600
NIFTY-I.NFO,19/12/2024,09:32:23,23925,23925,150,23926,25,725,10948600
NIFTY-I.NFO,19/12/2024,09:32:24,23925,23924.9,25,23925,300,525,10948600
NIFTY-I.NFO,19/12/2024,09:32:26,23921.05,23921.1,25,23924.95,1625,4575,10948600
NIFTY-I.NFO,19/12/2024,09:32:26,23920.6,23921.1,25,23924.95,1625,0,10948600
NIFTY-I.NFO,19/12/2024,09:32:28,23924.95,23924,25,23924.95,350,1500,10948600
NIFTY-I.NFO,19/12/2024,09:32:29,23926,23924.35,100,23925,100,4025,10948600
NIFTY-I.NFO,19/12/2024,09:32:31,23925.05,23925.05,75,23928.45,275,525,10948600
NIFTY-I.NFO,19/12/2024,09:32:33,23928.45,23927.2,50,23928.45,75,200,10948600
NIFTY-I.NFO,19/12/2024,09:32:34,23927.2,23928.5,25,23931.05,300,250,10948600
NIFTY-I.NFO,19/12/2024,09:32:36,23931.55,23928.6,100,23932.2,25,100,10948600
NIFTY-I.NFO,19/12/2024,09:32:38,23929.5,23928.6,25,23931.6,100,100,10948600
NIFTY-I.NFO,19/12/2024,09:32:39,23928.6,23928.5,25,23928.6,225,175,10948600
NIFTY-I.NFO,19/12/2024,09:32:41,23928.7,23928.5,75,23928.7,50,1025,10948600
NIFTY-I.NFO,19/12/2024,09:32:43,23930,23929.8,25,23930,25,125,10948600
NIFTY-I.NFO,19/12/2024,09:32:44,23928.85,23928.95,100,23931.55,650,50,10948600
NIFTY-I.NFO,19/12/2024,09:32:46,23928.75,23928.75,25,23928.95,50,175,10948600
NIFTY-I.NFO,19/12/2024,09:32:48,23928.7,23928.7,25,23931.5,200,225,10948600
NIFTY-I.NFO,19/12/2024,09:32:49,23930.15,23930.1,350,23931,25,500,10948600
NIFTY-I.NFO,19/12/2024,09:32:51,23930.1,23930.1,325,23930.15,50,575,10948600
NIFTY-I.NFO,19/12/2024,09:32:53,23930.15,23930.15,25,23931.55,250,550,10948600
NIFTY-I.NFO,19/12/2024,09:32:54,23930.15,23930.15,100,23930.65,25,1350,10948600
NIFTY-I.NFO,19/12/2024,09:32:56,23930.05,23930.05,75,23931.05,225,275,10948600
NIFTY-I.NFO,19/12/2024,09:32:58,23930.55,23928.5,100,23930.05,75,1250,10948600
NIFTY-I.NFO,19/12/2024,09:32:59,23928.75,23928.8,100,23930.15,25,450,10948600
NIFTY-I.NFO,19/12/2024,09:33:01,23930.55,23930.5,25,23930.55,350,475,10948600
NIFTY-I.NFO,19/12/2024,09:33:03,23930.5,23930.2,100,23930.5,450,525,10948600
NIFTY-I.NFO,19/12/2024,09:33:04,23930.2,23930.2,50,23930.45,475,1250,10948600
NIFTY-I.NFO,19/12/2024,09:33:06,23930.2,23930.2,50,23932,175,700,10948600
NIFTY-I.NFO,19/12/2024,09:33:08,23930.55,23930.55,25,23931.55,25,650,10948600
NIFTY-I.NFO,19/12/2024,09:33:09,23930.6,23930.6,25,23931.55,150,175,10948600
NIFTY-I.NFO,19/12/2024,09:33:11,23932.05,23930.6,100,23932.05,275,300,10948600
NIFTY-I.NFO,19/12/2024,09:33:13,23933.55,23930.55,100,23933.05,275,1175,10948600
NIFTY-I.NFO,19/12/2024,09:33:14,23934,23930.55,100,23934,200,275,10948600
NIFTY-I.NFO,19/12/2024,09:33:16,23933.85,23933.95,25,23938.55,150,875,10948600
NIFTY-I.NFO,19/12/2024,09:33:18,23940,23936.9,25,23940,475,875,10948600
NIFTY-I.NFO,19/12/2024,09:33:19,23941.85,23944.55,175,23945.55,125,950,10948600
NIFTY-I.NFO,19/12/2024,09:33:21,23942.45,23941.35,100,23942.45,375,375,10948600
NIFTY-I.NFO,19/12/2024,09:33:23,23945.55,23940.85,100,23945.05,175,425,10948600
NIFTY-I.NFO,19/12/2024,09:33:24,23941,23941.5,100,23945.8,125,675,10948600
NIFTY-I.NFO,19/12/2024,09:33:26,23941.9,23941.9,25,23945.4,225,425,10948600
NIFTY-I.NFO,19/12/2024,09:33:28,23946.65,23943.25,25,23947.85,250,425,10948600
NIFTY-I.NFO,19/12/2024,09:33:29,23946.7,23946.7,75,23949,550,2050,10948600
NIFTY-I.NFO,19/12/2024,09:33:31,23946.7,23946.7,100,23949,575,450,10948600
NIFTY-I.NFO,19/12/2024,09:33:33,23949,23948.7,50,23950,1200,700,10948600
NIFTY-I.NFO,19/12/2024,09:33:34,23950,23948.8,75,23950,175,1175,10948600
NIFTY-I.NFO,19/12/2024,09:33:36,23950.6,23948.75,100,23950.6,125,175,10948600
NIFTY-I.NFO,19/12/2024,09:33:38,23952,23950.05,100,23953.15,225,875,10948600
NIFTY-I.NFO,19/12/2024,09:33:39,23950.05,23950.05,75,23951.15,300,825,10948600
NIFTY-I.NFO,19/12/2024,09:33:41,23950,23949.15,100,23950,525,2475,10948600
NIFTY-I.NFO,19/12/2024,09:33:43,23950.6,23950,250,23952.15,125,1025,10948600
NIFTY-I.NFO,19/12/2024,09:33:44,23946.65,23945,25,23947.1,175,2125,10966100
NIFTY-I.NFO,19/12/2024,09:33:46,23947.15,23944.6,100,23948.1,425,725,10966100
NIFTY-I.NFO,19/12/2024,09:33:48,23947.15,23944.6,100,23948.1,425,25,10966100
NIFTY-I.NFO,19/12/2024,09:33:49,23946,23945.3,100,23946,100,275,10966100
NIFTY-I.NFO,19/12/2024,09:33:51,23948,23947.15,75,23948,1125,225,10966100
NIFTY-I.NFO,19/12/2024,09:33:53,23947.15,23947.15,50,23947.2,50,25,10966100
NIFTY-I.NFO,19/12/2024,09:33:54,23948,23945.3,100,23948,225,2000,10966100
NIFTY-I.NFO,19/12/2024,09:33:56,23947.65,23943.7,25,23948,100,1050,10966100
NIFTY-I.NFO,19/12/2024,09:33:58,23943.65,23942.25,50,23946.65,400,300,10966100
NIFTY-I.NFO,19/12/2024,09:34:00,23947.15,23941.45,75,23947.15,125,275,10966100
NIFTY-I.NFO,19/12/2024,09:34:01,23941.5,23943.7,100,23946.7,125,550,10966100
NIFTY-I.NFO,19/12/2024,09:34:03,23940.45,23940.45,75,23945.7,75,625,10966100
NIFTY-I.NFO,19/12/2024,09:34:05,23944.1,23943.7,50,23944.1,375,250,10966100
NIFTY-I.NFO,19/12/2024,09:34:06,23946.7,23946.15,25,23948.35,125,1875,10966100
NIFTY-I.NFO,19/12/2024,09:34:08,23946.7,23946.75,100,23948.2,300,500,10966100
NIFTY-I.NFO,19/12/2024,09:34:10,23943.65,23941.65,50,23943.65,125,1350,10966100
NIFTY-I.NFO,19/12/2024,09:34:11,23941.6,23941.2,100,23945.55,50,400,10966100
NIFTY-I.NFO,19/12/2024,09:34:13,23940,23941.7,50,23943.6,150,475,10966100
NIFTY-I.NFO,19/12/2024,09:34:15,23940,23940,200,23941.65,275,150,10966100
NIFTY-I.NFO,19/12/2024,09:34:16,23940,23937.25,100,23940,50,300,10966100
NIFTY-I.NFO,19/12/2024,09:34:18,23941.15,23937.15,25,23941.05,25,1550,10966100
NIFTY-I.NFO,19/12/2024,09:34:20,23940,23934.85,100,23940.4,200,850,10966100
NIFTY-I.NFO,19/12/2024,09:34:21,23941.7,23935.75,75,23941.15,125,275,10966100
NIFTY-I.NFO,19/12/2024,09:34:23,23937.8,23940.55,25,23943.7,350,1125,10966100
NIFTY-I.NFO,19/12/2024,09:34:25,23937.15,23940.05,100,23941.35,150,475,10966100
NIFTY-I.NFO,19/12/2024,09:34:26,23943.7,23937.1,50,23942.75,25,2650,10966100
NIFTY-I.NFO,19/12/2024,09:34:28,23940.05,23937.25,25,23940.05,200,650,10966100
NIFTY-I.NFO,19/12/2024,09:34:30,23938.35,23938.4,100,23940,500,125,10966100
NIFTY-I.NFO,19/12/2024,09:34:31,23940,23934.9,75,23940,500,575,10966100
NIFTY-I.NFO,19/12/2024,09:34:33,23940.05,23938.4,75,23941,25,650,10966100
NIFTY-I.NFO,19/12/2024,09:34:35,23940.1,23940.1,50,23945.35,25,2000,10966100
NIFTY-I.NFO,19/12/2024,09:34:36,23943.7,23943.15,200,23945.45,100,500,10966100
NIFTY-I.NFO,19/12/2024,09:34:38,23940.05,23939.85,100,23944.6,125,1975,10966100
NIFTY-I.NFO,19/12/2024,09:34:40,23940.05,23940.05,50,23943.6,225,100,10966100
NIFTY-I.NFO,19/12/2024,09:34:41,23940,23940.05,125,23945.35,225,300,10966100
NIFTY-I.NFO,19/12/2024,09:34:43,23943.8,23940.55,75,23943.8,25,1725,10966100
NIFTY-I.NFO,19/12/2024,09:34:45,23938.4,23941,50,23944.25,550,275,10966100
NIFTY-I.NFO,19/12/2024,09:34:46,23938,23938.05,100,23944.1,400,1125,10966100
NIFTY-I.NFO,19/12/2024,09:34:48,23943.1,23940.1,25,23943.1,50,175,10966100
NIFTY-I.NFO,19/12/2024,09:34:50,23940.05,23940.05,75,23944.5,250,825,10966100
NIFTY-I.NFO,19/12/2024,09:34:51,23941.65,23940.5,50,23943.1,75,300,10966100
NIFTY-I.NFO,19/12/2024,09:34:53,23941.45,23942,50,23944.2,50,225,10966100
NIFTY-I.NFO,19/12/2024,09:34:55,23945,23944.2,200,23948,25,450,10966100
NIFTY-I.NFO,19/12/2024,09:34:56,23950,23946.8,100,23950,775,250,10966100
NIFTY-I.NFO,19/12/2024,09:34:58,23949,23945.65,25,23949.95,150,875,10966100
NIFTY-I.NFO,19/12/2024,09:34:59,23944.1,23941.6,75,23945.05,25,325,10966100
NIFTY-I.NFO,19/12/2024,09:35:01,23938.5,23938.85,650,23944.8,25,1975,10966100
NIFTY-I.NFO,19/12/2024,09:35:03,23944.75,23941.6,25,23944.75,500,1050,10966100
NIFTY-I.NFO,19/12/2024,09:35:04,23944.5,23944.5,125,23944.7,300,750,10966100
NIFTY-I.NFO,19/12/2024,09:35:06,23944.9,23945.05,75,23950,600,1000,10966100
NIFTY-I.NFO,19/12/2024,09:35:08,23950,23945.4,50,23950,375,425,10966100
NIFTY-I.NFO,19/12/2024,09:35:09,23941.95,23944,25,23948.15,150,1925,10966100
NIFTY-I.NFO,19/12/2024,09:35:11,23945,23944.75,50,23950,375,975,10966100
NIFTY-I.NFO,19/12/2024,09:35:13,23950,23945.55,75,23950,350,225,10966100
NIFTY-I.NFO,19/12/2024,09:35:14,23950,23945.75,25,23950,325,400,10966100
NIFTY-I.NFO,19/12/2024,09:35:16,23948.15,23948.15,25,23950,125,550,10966100
NIFTY-I.NFO,19/12/2024,09:35:18,23946.6,23946.6,25,23951,300,700,10966100
NIFTY-I.NFO,19/12/2024,09:35:19,23946.5,23946.5,850,23949.9,125,125,10966100
NIFTY-I.NFO,19/12/2024,09:35:21,23946.5,23946.5,750,23948.75,25,275,10966100
NIFTY-I.NFO,19/12/2024,09:35:23,23946.5,23945.85,1250,23946.5,100,1200,10966100
NIFTY-I.NFO,19/12/2024,09:35:24,23945.85,23945.85,500,23947,100,1075,10966100
NIFTY-I.NFO,19/12/2024,09:35:26,23946.5,23946,25,23947,25,500,10966100
NIFTY-I.NFO,19/12/2024,09:35:28,23940.7,23941.75,150,23945,550,1425,10966100
NIFTY-I.NFO,19/12/2024,09:35:29,23942.25,23942.2,175,23947.3,300,1000,10966100
NIFTY-I.NFO,19/12/2024,09:35:31,23945.5,23945,25,23948,50,350,10966100
NIFTY-I.NFO,19/12/2024,09:35:33,23945.05,23945.65,25,23947.9,100,225,10966100
NIFTY-I.NFO,19/12/2024,09:35:34,23946.75,23946.75,75,23950,75,525,10966100
NIFTY-I.NFO,19/12/2024,09:35:36,23950,23947.2,25,23950,450,250,10966100
NIFTY-I.NFO,19/12/2024,09:35:38,23950,23950,150,23951.35,125,1150,10966100
NIFTY-I.NFO,19/12/2024,09:35:39,23946.05,23946.05,75,23947.85,250,1325,10966100
NIFTY-I.NFO,19/12/2024,09:35:41,23950,23947.95,25,23950,525,325,10966100
NIFTY-I.NFO,19/12/2024,09:35:43,23950,23948.75,50,23950,200,425,10966100
NIFTY-I.NFO,19/12/2024,09:35:44,23951.45,23949.2,25,23952,150,1000,10966100
NIFTY-I.NFO,19/12/2024,09:35:46,23950.25,23950.05,25,23952,25,225,10966100
NIFTY-I.NFO,19/12/2024,09:35:48,23952.05,23952.05,75,23954.35,25,400,10966100
NIFTY-I.NFO,19/12/2024,09:35:49,23952,23950.15,100,23953,625,850,10966100
NIFTY-I.NFO,19/12/2024,09:35:51,23951.6,23951.1,75,23951.6,75,325,10966100
NIFTY-I.NFO,19/12/2024,09:35:53,23953,23952.4,100,23953,100,325,10966100
NIFTY-I.NFO,19/12/2024,09:35:54,23955,23954.4,75,23955,725,400,10966100
NIFTY-I.NFO,19/12/2024,09:35:56,23958,23957.35,25,23958,100,1225,10966100
NIFTY-I.NFO,19/12/2024,09:35:58,23960,23958.05,100,23960,450,475,10966100
NIFTY-I.NFO,19/12/2024,09:36:00,23963,23961.85,175,23963,175,1775,10966100
NIFTY-I.NFO,19/12/2024,09:36:01,23970.15,23970.15,200,23974.65,125,8225,10966100
NIFTY-I.NFO,19/12/2024,09:36:03,23973,23970.5,125,23974.4,125,475,10966100
NIFTY-I.NFO,19/12/2024,09:36:05,23970,23970,325,23971.5,450,1075,10966100
NIFTY-I.NFO,19/12/2024,09:36:06,23970,23970,25,23971.35,25,1325,10966100
NIFTY-I.NFO,19/12/2024,09:36:08,23963.9,23965.1,100,23969.85,325,1575,10966100
NIFTY-I.NFO,19/12/2024,09:36:10,23965.05,23963,100,23965.05,325,275,10966100
NIFTY-I.NFO,19/12/2024,09:36:11,23965,23961.7,75,23965,450,2225,10966100
NIFTY-I.NFO,19/12/2024,09:36:13,23964.95,23960.85,50,23964.95,300,275,10966100
NIFTY-I.NFO,19/12/2024,09:36:15,23962.5,23962.5,150,23964.9,25,1600,10966100
NIFTY-I.NFO,19/12/2024,09:36:16,23965.95,23965.95,125,23969,350,200,10966100
NIFTY-I.NFO,19/12/2024,09:36:18,23969,23963.7,50,23969,275,400,10966100
NIFTY-I.NFO,19/12/2024,09:36:20,23967.85,23963.4,25,23967.35,125,675,10966100
NIFTY-I.NFO,19/12/2024,09:36:21,23966.8,23963.4,25,23966.45,50,575,10966100
NIFTY-I.NFO,19/12/2024,09:36:23,23963.45,23963.45,75,23966,250,275,10966100
NIFTY-I.NFO,19/12/2024,09:36:25,23964.9,23961.1,75,23963.7,25,3125,10966100
NIFTY-I.NFO,19/12/2024,09:36:26,23955.45,23956.35,50,23961.3,25,1350,10966100
NIFTY-I.NFO,19/12/2024,09:36:28,23955.6,23955.6,150,23959.25,25,175,10966100
NIFTY-I.NFO,19/12/2024,09:36:30,23957.65,23957.05,50,23963.4,25,950,10966100
NIFTY-I.NFO,19/12/2024,09:36:31,23957.9,23958.4,150,23962.1,75,650,10966100
NIFTY-I.NFO,19/12/2024,09:36:33,23959,23960,100,23964.95,50,75,10966100
NIFTY-I.NFO,19/12/2024,09:36:35,23962.5,23962.5,25,23965.7,75,150,10966100
NIFTY-I.NFO,19/12/2024,09:36:36,23964.55,23962.5,200,23964.55,25,525,10966100
NIFTY-I.NFO,19/12/2024,09:36:38,23963.7,23960,25,23963.45,25,325,10966100
NIFTY-I.NFO,19/12/2024,09:36:40,23963,23963.25,150,23965.75,25,600,10966100
NIFTY-I.NFO,19/12/2024,09:36:41,23963.5,23964,1000,23964.55,25,300,10966100
NIFTY-I.NFO,19/12/2024,09:36:43,23966.8,23965,250,23966.7,25,800,10966100
NIFTY-I.NFO,19/12/2024,09:36:45,23966.15,23965,175,23966.1,250,150,10965425
NIFTY-I.NFO,19/12/2024,09:36:46,23965.05,23964,9450,23965.05,225,700,10965425
NIFTY-I.NFO,19/12/2024,09:36:48,23965.9,23964,8225,23965.65,50,1675,10965425
NIFTY-I.NFO,19/12/2024,09:36:50,23963.95,23960,350,23963.95,600,10000,10965425
NIFTY-I.NFO,19/12/2024,09:36:51,23960,23960,225,23963.4,50,900,10965425
NIFTY-I.NFO,19/12/2024,09:36:53,23956.1,23957.85,50,23963.35,200,1775,10965425
NIFTY-I.NFO,19/12/2024,09:36:55,23956.1,23958.8,25,23960.05,25,0,10965425
NIFTY-I.NFO,19/12/2024,09:36:56,23959.3,23959.3,50,23960,25,1275,10965425
NIFTY-I.NFO,19/12/2024,09:36:58,23960,23959.8,50,23962.7,50,775,10965425
NIFTY-I.NFO,19/12/2024,09:37:00,23962.6,23957.55,25,23963.4,50,150,10965425
NIFTY-I.NFO,19/12/2024,09:37:01,23959.3,23957.35,25,23957.85,50,75,10965425
NIFTY-I.NFO,19/12/2024,09:37:03,23960,23957.95,100,23960,50,150,10965425
NIFTY-I.NFO,19/12/2024,09:37:05,23957.95,23957.95,75,23963.15,50,75,10965425
NIFTY-I.NFO,19/12/2024,09:37:06,23963.7,23957.7,25,23963.7,450,175,10965425
NIFTY-I.NFO,19/12/2024,09:37:08,23963.7,23959.3,25,23963.7,425,150,10965425
NIFTY-I.NFO,19/12/2024,09:37:10,23959.95,23960.75,25,23965,100,400,10965425
NIFTY-I.NFO,19/12/2024,09:37:11,23965.5,23965.5,100,23966,1500,175,10965425
NIFTY-I.NFO,19/12/2024,09:37:13,23965.5,23965.5,75,23966,1525,25,10965425
NIFTY-I.NFO,19/12/2024,09:37:15,23968,23967.7,25,23969,50,1900,10965425
NIFTY-I.NFO,19/12/2024,09:37:16,23970,23968.05,200,23970.5,50,775,10965425
NIFTY-I.NFO,19/12/2024,09:37:18,23971,23971,125,23972,75,125,10965425
NIFTY-I.NFO,19/12/2024,09:37:20,23970,23970.5,100,23972,25,225,10965425
NIFTY-I.NFO,19/12/2024,09:37:21,23974,23970.5,50,23974,50,775,10965425
NIFTY-I.NFO,19/12/2024,09:37:23,23974.55,23972,175,23974.55,625,625,10965425
NIFTY-I.NFO,19/12/2024,09:37:25,23972.85,23968.6,25,23972.85,575,1525,10965425
NIFTY-I.NFO,19/12/2024,09:37:26,23970.8,23967.35,450,23970.8,600,375,10965425
NIFTY-I.NFO,19/12/2024,09:37:28,23967.35,23967.35,325,23969.3,525,400,10965425
NIFTY-I.NFO,19/12/2024,09:37:30,23965.95,23966.2,25,23968.5,25,450,10965425
NIFTY-I.NFO,19/12/2024,09:37:31,23963.65,23963.65,75,23969,25,675,10965425
NIFTY-I.NFO,19/12/2024,09:37:33,23963.65,23963.65,25,23967.2,675,75,10965425
NIFTY-I.NFO,19/12/2024,09:37:35,23967.8,23964.5,25,23968.25,650,150,10965425
NIFTY-I.NFO,19/12/2024,09:37:36,23969.65,23964.5,200,23969.8,650,250,10965425
NIFTY-I.NFO,19/12/2024,09:37:38,23964.5,23964,25,23967.8,50,225,10965425
NIFTY-I.NFO,19/12/2024,09:37:40,23967.35,23967.35,25,23968,25,125,10965425
NIFTY-I.NFO,19/12/2024,09:37:41,23969,23967.4,125,23970,50,200,10965425
NIFTY-I.NFO,19/12/2024,09:37:43,23970,23967.6,25,23970,50,1025,10965425
NIFTY-I.NFO,19/12/2024,09:37:45,23967.55,23967.55,25,23969.95,450,150,10965425
NIFTY-I.NFO,19/12/2024,09:37:46,23968,23967.55,25,23969.95,50,475,10965425
NIFTY-I.NFO,19/12/2024,09:37:48,23970.5,23970.5,125,23972,125,1575,10965425
NIFTY-I.NFO,19/12/2024,09:37:50,23975,23973.45,25,23975,225,975,10965425
NIFTY-I.NFO,19/12/2024,09:37:51,23979.9,23978.05,50,23979.75,625,3925,10965425
NIFTY-I.NFO,19/12/2024,09:37:53,23979.15,23975,50,23978.3,625,1350,10965425
NIFTY-I.NFO,19/12/2024,09:37:55,23972.9,23972.25,25,23977.95,625,800,10965425
NIFTY-I.NFO,19/12/2024,09:37:56,23972.1,23972.15,25,23978,50,500,10965425
NIFTY-I.NFO,19/12/2024,09:37:58,23977,23975,20025,23976.75,625,275,10965425
NIFTY-I.NFO,19/12/2024,09:38:00,23977,23975,20000,23977.15,25,450,10965425
NIFTY-I.NFO,19/12/2024,09:38:01,23977.45,23975.4,25,23978,25,225,10965425
NIFTY-I.NFO,19/12/2024,09:38:03,23972.1,23970,50,23971.65,675,20550,10965425
NIFTY-I.NFO,19/12/2024,09:38:05,23970.95,23967,525,23969.5,50,275,10965425
NIFTY-I.NFO,19/12/2024,09:38:06,23968,23967,475,23968,1475,325,10965425
NIFTY-I.NFO,19/12/2024,09:38:08,23967.9,23967,350,23967.9,25,475,10965425
NIFTY-I.NFO,19/12/2024,09:38:10,23966.95,23965,25,23966.95,350,975,10965425
NIFTY-I.NFO,19/12/2024,09:38:11,23966.95,23962.95,300,23966.95,175,1425,10965425
NIFTY-I.NFO,19/12/2024,09:38:13,23967,23966.95,1000,23968,1075,1475,10965425
NIFTY-I.NFO,19/12/2024,09:38:15,23968,23966.95,950,23967.9,50,225,10965425
NIFTY-I.NFO,19/12/2024,09:38:16,23968,23970,50,23972.15,25,950,10965425
NIFTY-I.NFO,19/12/2024,09:38:18,23968,23968,25,23970.75,675,350,10965425
NIFTY-I.NFO,19/12/2024,09:38:20,23970.4,23968,25,23970.4,800,175,10965425
NIFTY-I.NFO,19/12/2024,09:38:21,23968,23967.4,25,23970.35,100,25,10965425
NIFTY-I.NFO,19/12/2024,09:38:23,23970.85,23967.4,25,23970.85,25,1275,10965425
NIFTY-I.NFO,19/12/2024,09:38:25,23969.2,23968,500,23969.2,375,350,10965425
NIFTY-I.NFO,19/12/2024,09:38:26,23969.2,23968,650,23969.2,200,200,10965425
NIFTY-I.NFO,19/12/2024,09:38:28,23971.25,23971.25,50,23972,750,325,10965425
NIFTY-I.NFO,19/12/2024,09:38:30,23972.15,23967.7,25,23972.15,25,1800,10965425
NIFTY-I.NFO,19/12/2024,09:38:31,23969.7,23970.25,25,23973.95,25,200,10965425
NIFTY-I.NFO,19/12/2024,09:38:33,23970.5,23970.5,25,23973.45,150,700,10965425
NIFTY-I.NFO,19/12/2024,09:38:35,23973.5,23970,25,23973.2,50,925,10965425
NIFTY-I.NFO,19/12/2024,09:38:36,23973.4,23970.1,425,23973.4,100,3000,10965425
NIFTY-I.NFO,19/12/2024,09:38:38,23970.1,23970.1,350,23970.5,775,100,10965425
NIFTY-I.NFO,19/12/2024,09:38:40,23970,23970,25,23970.4,75,400,10965425
NIFTY-I.NFO,19/12/2024,09:38:41,23967.7,23965,75,23969.9,50,175,10965425
NIFTY-I.NFO,19/12/2024,09:38:43,23967.2,23965,75,23967.55,25,125,10965425
NIFTY-I.NFO,19/12/2024,09:38:45,23966.35,23964,25,23966.35,400,125,10965425
NIFTY-I.NFO,19/12/2024,09:38:46,23967.15,23964,25,23967.15,625,1325,10965425
NIFTY-I.NFO,19/12/2024,09:38:48,23967.4,23964,25,23967.1,625,300,10965425
NIFTY-I.NFO,19/12/2024,09:38:50,23965.15,23963.45,50,23965.2,50,300,10965425
NIFTY-I.NFO,19/12/2024,09:38:51,23961,23960.05,100,23962.8,625,300,10965425
NIFTY-I.NFO,19/12/2024,09:38:53,23964.75,23960.05,100,23964.15,625,425,10965425
NIFTY-I.NFO,19/12/2024,09:38:55,23964.4,23958.55,200,23964.4,25,1650,10965425
NIFTY-I.NFO,19/12/2024,09:38:56,23964.4,23964.4,250,23965,25,75,10965425
NIFTY-I.NFO,19/12/2024,09:38:58,23965,23964.4,250,23966.75,600,250,10965425
NIFTY-I.NFO,19/12/2024,09:39:00,23965.2,23964.4,300,23965.75,50,125,10965425
NIFTY-I.NFO,19/12/2024,09:39:01,23969.95,23965.75,225,23969.95,600,175,10965425
NIFTY-I.NFO,19/12/2024,09:39:03,23970,23967.65,25,23970,225,950,10965425
NIFTY-I.NFO,19/12/2024,09:39:05,23970.45,23965.75,200,23970.45,350,550,10965425
NIFTY-I.NFO,19/12/2024,09:39:06,23967.15,23968.05,200,23970.25,50,400,10965425
NIFTY-I.NFO,19/12/2024,09:39:08,23973.8,23971.85,100,23973.8,50,1200,10965425
NIFTY-I.NFO,19/12/2024,09:39:10,23974,23970.6,25,23974,25,525,10965425
NIFTY-I.NFO,19/12/2024,09:39:11,23974.05,23970.45,75,23974.05,25,200,10965425
NIFTY-I.NFO,19/12/2024,09:39:13,23974.25,23974.25,50,23975,100,125,10965425
NIFTY-I.NFO,19/12/2024,09:39:15,23974.05,23971.45,25,23974.4,50,200,10965425
NIFTY-I.NFO,19/12/2024,09:39:16,23976.65,23972.3,25,23974,200,125,10965425
NIFTY-I.NFO,19/12/2024,09:39:18,23974.05,23972,25,23975.9,275,450,10965425
NIFTY-I.NFO,19/12/2024,09:39:20,23975,23972.8,75,23974.25,250,900,10965425
NIFTY-I.NFO,19/12/2024,09:39:21,23977,23975,25,23978,225,550,10965425
NIFTY-I.NFO,19/12/2024,09:39:23,23975.2,23975.15,25,23977,25,225,10965425
NIFTY-I.NFO,19/12/2024,09:39:25,23975.4,23975.2,25,23978.95,425,175,10965425
NIFTY-I.NFO,19/12/2024,09:39:26,23977,23975.45,25,23978.9,25,225,10965425
NIFTY-I.NFO,19/12/2024,09:39:28,23978.9,23975.4,25,23978.95,275,200,10965425
NIFTY-I.NFO,19/12/2024,09:39:30,23978.95,23977,100,23978.95,25,525,10965425
NIFTY-I.NFO,19/12/2024,09:39:31,23977.4,23977,25,23979.8,25,850,10965425
NIFTY-I.NFO,19/12/2024,09:39:33,23978.95,23977,25,23979.75,75,250,10965425
NIFTY-I.NFO,19/12/2024,09:39:35,23979.65,23974.25,100,23978.5,50,400,10965425
NIFTY-I.NFO,19/12/2024,09:39:36,23974.25,23974.25,50,23977.45,125,200,10965425
NIFTY-I.NFO,19/12/2024,09:39:38,23979.85,23976.25,25,23979.9,3425,1150,10965425
NIFTY-I.NFO,19/12/2024,09:39:40,23979.9,23979.5,175,23979.9,2775,1225,10965425
NIFTY-I.NFO,19/12/2024,09:39:41,23979.5,23979.5,100,23979.85,25,375,10965425
NIFTY-I.NFO,19/12/2024,09:39:43,23979.9,23979.5,200,23979.9,2350,375,10965425
NIFTY-I.NFO,19/12/2024,09:39:45,23979.5,23979.5,50,23979.85,500,750,10975075
NIFTY-I.NFO,19/12/2024,09:39:46,23979,23979.6,25,23979.85,25,475,10975075
NIFTY-I.NFO,19/12/2024,09:39:48,23979.85,23979,200,23979.9,2100,175,10975075
NIFTY-I.NFO,19/12/2024,09:39:50,23979,23979.65,25,23979.85,25,275,10975075
NIFTY-I.NFO,19/12/2024,09:39:51,23978,23978,25,23978.35,50,225,10975075
NIFTY-I.NFO,19/12/2024,09:39:53,23979.5,23978.35,25,23979.5,100,550,10975075
NIFTY-I.NFO,19/12/2024,09:39:55,23982.15,23980.15,25,23982.15,25,5600,10975075
NIFTY-I.NFO,19/12/2024,09:39:56,23982.15,23982.15,1025,23984.55,50,950,10975075
NIFTY-I.NFO,19/12/2024,09:39:58,23982.15,23982.15,650,23983.95,125,1200,10975075
NIFTY-I.NFO,19/12/2024,09:40:00,23982.15,23982.15,350,23984.1,75,575,10975075
NIFTY-I.NFO,19/12/2024,09:40:01,23984.45,23982.7,25,23984.5,50,900,10975075
NIFTY-I.NFO,19/12/2024,09:40:03,23987.3,23985.15,400,23986.95,200,850,10975075
NIFTY-I.NFO,19/12/2024,09:40:05,23984.5,23982.15,25,23984.5,625,800,10975075
NIFTY-I.NFO,19/12/2024,09:40:06,23984.5,23982.15,25,23984.95,125,375,10975075
NIFTY-I.NFO,19/12/2024,09:40:08,23982.15,23981.9,25,23982.15,100,575,10975075
NIFTY-I.NFO,19/12/2024,09:40:10,23982,23983.7,375,23985,775,700,10975075
NIFTY-I.NFO,19/12/2024,09:40:11,23983.7,23982.15,50,23984.8,125,1050,10975075
NIFTY-I.NFO,19/12/2024,09:40:13,23982.15,23982.15,25,23983.55,25,1750,10975075
NIFTY-I.NFO,19/12/2024,09:40:15,23986,23986,450,23987,25,725,10975075
NIFTY-I.NFO,19/12/2024,09:40:16,23985.15,23985.15,25,23986,550,5325,10975075
NIFTY-I.NFO,19/12/2024,09:40:18,23985.1,23980.8,25,23986,575,1000,10975075
NIFTY-I.NFO,19/12/2024,09:40:20,23986,23985.15,25,23986,150,675,10975075
NIFTY-I.NFO,19/12/2024,09:40:21,23986.7,23986.7,250,23987.1,175,1325,10975075
NIFTY-I.NFO,19/12/2024,09:40:23,23987.55,23987.55,275,23988,75,2325,10975075
NIFTY-I.NFO,19/12/2024,09:40:25,23990,23990.05,25,23992.9,25,3475,10975075
NIFTY-I.NFO,19/12/2024,09:40:26,23991.65,23990,1975,23992.8,50,1950,10975075
NIFTY-I.NFO,19/12/2024,09:40:28,23990,23990,325,23992.1,100,1950,10975075
NIFTY-I.NFO,19/12/2024,09:40:30,23990,23990,250,23993.3,625,200,10975075
NIFTY-I.NFO,19/12/2024,09:40:31,23994,23992.8,25,23992.9,25,100,10975075
NIFTY-I.NFO,19/12/2024,09:40:33,23999,23999.95,175,24001.5,75,16075,10975075
NIFTY-I.NFO,19/12/2024,09:40:35,23999.95,23999.95,50,24002.75,100,1750,10975075
NIFTY-I.NFO,19/12/2024,09:40:37,23996.35,23996.3,50,24000,25,725,10975075
NIFTY-I.NFO,19/12/2024,09:40:38,24002.05,24000,75,24002.25,250,850,10975075
NIFTY-I.NFO,19/12/2024,09:40:40,23995,23994.15,25,24000.1,25,5475,10975075
NIFTY-I.NFO,19/12/2024,09:40:42,23998.3,23992.5,50,23998.85,200,2350,10975075
NIFTY-I.NFO,19/12/2024,09:40:43,23995.95,23991.9,25,23996.05,225,250,10975075
NIFTY-I.NFO,19/12/2024,09:40:45,23990,23990,200,23990.8,25,3100,10975075
NIFTY-I.NFO,19/12/2024,09:40:47,23992.15,23987,750,23992.2,25,3275,10975075
NIFTY-I.NFO,19/12/2024,09:40:48,23994.25,23990.8,1800,23993.95,125,575,10975075
NIFTY-I.NFO,19/12/2024,09:40:50,23990.8,23990.8,4400,23992.85,125,1025,10975075
NIFTY-I.NFO,19/12/2024,09:40:52,23990.8,23990.8,4475,23992.9,225,175,10975075
NIFTY-I.NFO,19/12/2024,09:40:53,23990.8,23991.3,25,23992.9,150,425,10975075
NIFTY-I.NFO,19/12/2024,09:40:55,23994.25,23990.8,5925,23993.75,75,1250,10975075
NIFTY-I.NFO,19/12/2024,09:40:56,23994.5,23992.9,50,23994.7,425,475,10975075
NIFTY-I.NFO,19/12/2024,09:40:58,23995.6,23990.8,6325,23994.8,25,3050,10975075
NIFTY-I.NFO,19/12/2024,09:41:00,23994.7,23994.7,1675,23994.75,25,1025,10975075
NIFTY-I.NFO,19/12/2024,09:41:01,23994.75,23994.75,1475,23995,25,5825,10975075
NIFTY-I.NFO,19/12/2024,09:41:03,23995,23995,775,23997.6,50,750,10975075
NIFTY-I.NFO,19/12/2024,09:41:05,23995,23995,450,23995.6,200,675,10975075
NIFTY-I.NFO,19/12/2024,09:41:06,23995,23995,600,23995.6,200,25,10975075
NIFTY-I.NFO,19/12/2024,09:41:08,23996.45,23995.15,25,23996.45,150,350,10975075
NIFTY-I.NFO,19/12/2024,09:41:10,23994.95,23992,125,23994.3,125,6750,10975075
NIFTY-I.NFO,19/12/2024,09:41:11,23993.95,23992,100,23993.95,50,4850,10975075
NIFTY-I.NFO,19/12/2024,09:41:13,23986,23986,25,23989.4,275,12600,10975075
NIFTY-I.NFO,19/12/2024,09:41:15,23989.4,23989.4,1650,23989.65,200,925,10975075
NIFTY-I.NFO,19/12/2024,09:41:16,23989.55,23983.75,300,23989.55,25,2125,10975075
NIFTY-I.NFO,19/12/2024,09:41:18,23989.75,23989.75,25,23989.9,25,525,10975075
NIFTY-I.NFO,19/12/2024,09:41:20,23989.65,23989.75,50,23989.85,100,650,10975075
NIFTY-I.NFO,19/12/2024,09:41:21,23989,23989.75,175,23990,100,325,10975075
NIFTY-I.NFO,19/12/2024,09:41:23,23989.7,23989.65,275,23989.75,100,300,10975075
NIFTY-I.NFO,19/12/2024,09:41:25,23989.55,23989.55,125,23989.6,150,675,10975075
NIFTY-I.NFO,19/12/2024,09:41:26,23989,23989,3600,23989.2,50,625,10975075
NIFTY-I.NFO,19/12/2024,09:41:28,23989,23989,3125,23989.4,450,675,10975075
NIFTY-I.NFO,19/12/2024,09:41:30,23989.65,23989.6,50,23990,100,1250,10975075
NIFTY-I.NFO,19/12/2024,09:41:31,23989,23989,1075,23989.1,25,2525,10975075
NIFTY-I.NFO,19/12/2024,09:41:33,23985.3,23984.25,300,23989,50,1700,10975075
NIFTY-I.NFO,19/12/2024,09:41:35,23989,23986.3,50,23989,550,500,10975075
NIFTY-I.NFO,19/12/2024,09:41:36,23985.15,23986.7,125,23989,725,200,10975075
NIFTY-I.NFO,19/12/2024,09:41:38,23985.5,23985.55,25,23989,300,675,10975075
NIFTY-I.NFO,19/12/2024,09:41:40,23989,23989,2100,23989.6,200,600,10975075
NIFTY-I.NFO,19/12/2024,09:41:41,23990.45,23989,2500,23991,25,1250,10975075
NIFTY-I.NFO,19/12/2024,09:41:43,23989.85,23989.85,925,23990.05,125,2525,10975075
NIFTY-I.NFO,19/12/2024,09:41:45,23989.85,23989.6,25,23990.25,100,1825,10975075
NIFTY-I.NFO,19/12/2024,09:41:46,23989.7,23989,2325,23989.45,50,425,10975075
NIFTY-I.NFO,19/12/2024,09:41:48,23989.55,23989.45,50,23989.55,75,125,10975075
NIFTY-I.NFO,19/12/2024,09:41:50,23989,23989,1775,23989.4,100,925,10975075
NIFTY-I.NFO,19/12/2024,09:41:51,23989,23989,1725,23989.4,75,125,10975075
NIFTY-I.NFO,19/12/2024,09:41:53,23989,23989,1250,23989.85,25,675,10975075
NIFTY-I.NFO,19/12/2024,09:41:55,23990,23989.4,550,23990,100,300,10975075
NIFTY-I.NFO,19/12/2024,09:41:56,23993.05,23989.15,25,23993.05,25,2075,10975075
NIFTY-I.NFO,19/12/2024,09:41:58,23990.65,23990.55,25,23994.25,50,75,10975075
NIFTY-I.NFO,19/12/2024,09:42:00,23989.35,23989.9,125,23994.4,50,3025,10975075
NIFTY-I.NFO,19/12/2024,09:42:01,23994.3,23994.3,2425,23994.4,25,200,10975075
NIFTY-I.NFO,19/12/2024,09:42:03,23994.25,23989.3,25,23994.25,25,2850,10975075
NIFTY-I.NFO,19/12/2024,09:42:05,23994,23989.45,25,23994,150,375,10975075
NIFTY-I.NFO,19/12/2024,09:42:06,23990.25,23990.25,25,23994,200,25,10975075
NIFTY-I.NFO,19/12/2024,09:42:08,23991.15,23991.25,25,23994,200,50,10975075
NIFTY-I.NFO,19/12/2024,09:42:10,23991,23993,275,23994,150,225,10975075
NIFTY-I.NFO,19/12/2024,09:42:11,23991.25,23991.25,75,23994.1,125,800,10975075
NIFTY-I.NFO,19/12/2024,09:42:13,23994,23991.25,50,23994.05,75,2725,10975075
NIFTY-I.NFO,19/12/2024,09:42:15,23990.25,23990,75,23991.5,25,175,10975075
NIFTY-I.NFO,19/12/2024,09:42:16,23989.45,23986.1,25,23989.65,100,1025,10975075
NIFTY-I.NFO,19/12/2024,09:42:18,23989.55,23985,25,23989.55,75,725,10975075
NIFTY-I.NFO,19/12/2024,09:42:20,23984.05,23984,25,23989.45,200,600,10975075
NIFTY-I.NFO,19/12/2024,09:42:21,23984.05,23984,125,23989.1,75,0,10975075
NIFTY-I.NFO,19/12/2024,09:42:23,23986.15,23985.05,125,23989.45,200,125,10975075
NIFTY-I.NFO,19/12/2024,09:42:25,23989.05,23982.95,25,23988.5,50,275,10975075
NIFTY-I.NFO,19/12/2024,09:42:26,23981.95,23982.45,125,23985,50,1250,10975075
NIFTY-I.NFO,19/12/2024,09:42:28,23985,23982.75,125,23988.75,25,150,10975075
NIFTY-I.NFO,19/12/2024,09:42:30,23985,23984,275,23985,350,1025,10975075
NIFTY-I.NFO,19/12/2024,09:42:31,23985,23985,25,23989.45,150,625,10975075
NIFTY-I.NFO,19/12/2024,09:42:33,23989.45,23985.6,25,23989.45,125,50,10975075
NIFTY-I.NFO,19/12/2024,09:42:35,23991.65,23990.25,100,23994,1875,1300,10975075
NIFTY-I.NFO,19/12/2024,09:42:36,23996.45,23994,50,23996.45,150,2100,10975075
NIFTY-I.NFO,19/12/2024,09:42:38,23991.75,23993.15,25,23999,700,1500,10975075
NIFTY-I.NFO,19/12/2024,09:42:40,23997.45,23993.15,100,23995.95,25,250,10975075
NIFTY-I.NFO,19/12/2024,09:42:41,23996.45,23993.2,250,23996.85,25,1125,10975075
NIFTY-I.NFO,19/12/2024,09:42:43,23996.45,23993.25,200,23996.45,25,475,10975075
NIFTY-I.NFO,19/12/2024,09:42:45,23995.3,23995,25,23995.65,75,775,10975075
NIFTY-I.NFO,19/12/2024,09:42:47,23996.4,23995.3,50,23996.4,425,400,10953575
NIFTY-I.NFO,19/12/2024,09:42:48,23995.2,23995,100,23995.4,50,2450,10953575
NIFTY-I.NFO,19/12/2024,09:42:50,23994.5,23995,75,23995.85,200,2000,10953575
NIFTY-I.NFO,19/12/2024,09:42:52,23998.9,23995,75,23998.9,150,150,10953575
NIFTY-I.NFO,19/12/2024,09:42:53,23996,23995,75,23997.6,50,100,10953575
NIFTY-I.NFO,19/12/2024,09:42:55,23997.95,23995.3,25,23997.95,25,675,10953575
NIFTY-I.NFO,19/12/2024,09:42:56,23997.95,23998,425,23998.7,50,100,10953575
NIFTY-I.NFO,19/12/2024,09:42:58,23998,23998.9,25,23999,725,1050,10953575
NIFTY-I.NFO,19/12/2024,09:43:00,23998.9,23998.9,100,23999,700,150,10953575
NIFTY-I.NFO,19/12/2024,09:43:01,23997.95,23998.55,25,23999,700,200,10953575
NIFTY-I.NFO,19/12/2024,09:43:03,24000.45,24000.4,25,24004.55,25,3850,10953575
NIFTY-I.NFO,19/12/2024,09:43:05,24000.4,23999,50,24003.95,50,350,10953575
NIFTY-I.NFO,19/12/2024,09:43:06,24003.95,24000,250,24004.2,200,400,10953575
NIFTY-I.NFO,19/12/2024,09:43:08,24000,24000,600,24002.9,25,250,10953575
NIFTY-I.NFO,19/12/2024,09:43:10,24001.9,24000,1450,24001.9,25,2275,10953575
NIFTY-I.NFO,19/12/2024,09:43:11,24003.95,24000.05,50,24003.85,75,3150,10953575
NIFTY-I.NFO,19/12/2024,09:43:13,24003.4,24001.75,25,24003.35,175,1725,10953575
NIFTY-I.NFO,19/12/2024,09:43:15,24001.75,24001.9,25,24002.7,150,2175,10953575
NIFTY-I.NFO,19/12/2024,09:43:16,24002.2,23998.7,25,24002.2,25,1475,10953575
NIFTY-I.NFO,19/12/2024,09:43:18,24001.75,24001.75,250,24002.45,50,1025,10953575
NIFTY-I.NFO,19/12/2024,09:43:20,24002.7,24002.7,75,24003.25,25,650,10953575
NIFTY-I.NFO,19/12/2024,09:43:21,24003.4,24002.45,325,24003.35,25,175,10953575
NIFTY-I.NFO,19/12/2024,09:43:23,24003.25,24003.65,25,24004.4,25,375,10953575
NIFTY-I.NFO,19/12/2024,09:43:25,24002.45,24002.45,175,24004.25,50,375,10953575
NIFTY-I.NFO,19/12/2024,09:43:26,24002.45,24002.45,175,24002.55,25,650,10953575
NIFTY-I.NFO,19/12/2024,09:43:28,24003.25,24002,25,24003.05,25,725,10953575
NIFTY-I.NFO,19/12/2024,09:43:30,24001.75,24001.75,100,24001.95,325,675,10953575
NIFTY-I.NFO,19/12/2024,09:43:31,24001.75,24000.05,100,24002.45,325,950,10953575
NIFTY-I.NFO,19/12/2024,09:43:33,24002.45,24001.5,400,24002.45,50,850,10953575
NIFTY-I.NFO,19/12/2024,09:43:35,24003.25,24002.7,25,24003,25,1150,10953575
NIFTY-I.NFO,19/12/2024,09:43:36,24005.7,24003.9,200,24009.5,50,4100,10953575
NIFTY-I.NFO,19/12/2024,09:43:38,24006.2,24006.35,25,24011.45,50,1100,10953575
NIFTY-I.NFO,19/12/2024,09:43:40,24011.65,24005.6,175,24011.75,125,500,10953575
NIFTY-I.NFO,19/12/2024,09:43:41,24009.95,24006,50,24010,425,350,10953575
NIFTY-I.NFO,19/12/2024,09:43:43,24010,24009.5,25,24010,125,350,10953575
NIFTY-I.NFO,19/12/2024,09:43:45,24006.75,24007.3,25,24011.85,450,3050,10953575
NIFTY-I.NFO,19/12/2024,09:43:46,24011.85,24010,25,24011.85,225,275,10953575
NIFTY-I.NFO,19/12/2024,09:43:48,24011.85,24011.85,350,24014,600,1125,10953575
NIFTY-I.NFO,19/12/2024,09:43:50,24011.85,24011.85,150,24014.15,100,3950,10953575
NIFTY-I.NFO,19/12/2024,09:43:51,24011.85,24011.85,25,24014.05,50,1925,10953575
NIFTY-I.NFO,19/12/2024,09:43:53,24013.85,24011.85,100,24012.65,25,425,10953575
NIFTY-I.NFO,19/12/2024,09:43:55,24011.9,24011.9,50,24014.45,200,175,10953575
NIFTY-I.NFO,19/12/2024,09:43:57,24008.5,24008.8,175,24014,225,200,10953575
NIFTY-I.NFO,19/12/2024,09:43:58,24018,24018,75,24019,200,725,10953575
NIFTY-I.NFO,19/12/2024,09:44:00,24014.15,24014.15,25,24019.9,25,850,10953575
NIFTY-I.NFO,19/12/2024,09:44:02,24024,24019.05,50,24024,100,2225,10953575
NIFTY-I.NFO,19/12/2024,09:44:03,24028.75,24028.15,25,24032.75,25,6800,10953575
NIFTY-I.NFO,19/12/2024,09:44:05,24032.7,24027.65,25,24032.7,325,650,10953575
NIFTY-I.NFO,19/12/2024,09:44:07,24026.15,24026.5,25,24033.05,50,1075,10953575
NIFTY-I.NFO,19/12/2024,09:44:08,24030,24028.15,25,24031.3,25,1000,10953575
NIFTY-I.NFO,19/12/2024,09:44:10,24032.35,24031.7,300,24032.4,25,500,10953575
NIFTY-I.NFO,19/12/2024,09:44:12,24025.05,24025.15,250,24030.7,25,1625,10953575
NIFTY-I.NFO,19/12/2024,09:44:13,24031.95,24026.45,200,24032,50,775,10953575
NIFTY-I.NFO,19/12/2024,09:44:15,24031.8,24026.55,100,24033.1,50,1125,10953575
NIFTY-I.NFO,19/12/2024,09:44:17,24035.05,24032,3525,24034.05,25,7100,10953575
NIFTY-I.NFO,19/12/2024,09:44:18,24032,24026.55,25,24031.6,50,7850,10953575
NIFTY-I.NFO,19/12/2024,09:44:20,24029.95,24024.75,100,24029.95,25,1650,10953575
NIFTY-I.NFO,19/12/2024,09:44:22,24026.4,24026.1,50,24029.8,75,750,10953575
NIFTY-I.NFO,19/12/2024,09:44:23,24025.5,24025.8,150,24030,25,1350,10953575
NIFTY-I.NFO,19/12/2024,09:44:25,24031,24030,100,24031,50,650,10953575
NIFTY-I.NFO,19/12/2024,09:44:27,24036.9,24030.7,100,24036.9,50,1375,10953575
NIFTY-I.NFO,19/12/2024,09:44:28,24031.1,24031.7,50,24038,325,400,10953575
NIFTY-I.NFO,19/12/2024,09:44:30,24033.55,24033.55,50,24039.3,125,1125,10953575
NIFTY-I.NFO,19/12/2024,09:44:32,24040,24034.85,100,24040,850,1875,10953575
NIFTY-I.NFO,19/12/2024,09:44:33,24039.45,24034.85,75,24038.9,50,375,10953575
NIFTY-I.NFO,19/12/2024,09:44:35,24034.9,24034.05,75,24034.9,100,700,10953575
NIFTY-I.NFO,19/12/2024,09:44:37,24038.25,24036.9,825,24039,1725,1450,10953575
NIFTY-I.NFO,19/12/2024,09:44:38,24031.1,24033.5,400,24033.65,200,1250,10953575
NIFTY-I.NFO,19/12/2024,09:44:40,24034.9,24033.65,625,24034.9,50,400,10953575
NIFTY-I.NFO,19/12/2024,09:44:42,24037.2,24030.75,200,24034.9,25,1875,10953575
NIFTY-I.NFO,19/12/2024,09:44:43,24033.5,24033,25,24033.5,100,275,10953575
NIFTY-I.NFO,19/12/2024,09:44:45,24033.5,24031.15,200,24037.3,50,2425,10953575
NIFTY-I.NFO,19/12/2024,09:44:47,24033.5,24033.45,50,24037.25,25,250,10953575
NIFTY-I.NFO,19/12/2024,09:44:48,24033,24032,700,24032.5,100,1000,10953575
NIFTY-I.NFO,19/12/2024,09:44:50,24033.65,24032.05,100,24033.65,175,350,10953575
NIFTY-I.NFO,19/12/2024,09:44:52,24027,24025.5,75,24026.5,100,2500,10953575
NIFTY-I.NFO,19/12/2024,09:44:53,24026.5,24023,50,24026.5,50,1075,10953575
NIFTY-I.NFO,19/12/2024,09:44:55,24026.75,24023,50,24026.75,25,150,10953575
NIFTY-I.NFO,19/12/2024,09:44:57,24028.2,24023.3,650,24028.1,25,2400,10953575
NIFTY-I.NFO,19/12/2024,09:44:58,24023.05,24023.05,25,24023.3,75,2275,10953575
NIFTY-I.NFO,19/12/2024,09:45:00,24025,24026,400,24026.75,25,875,10953575
NIFTY-I.NFO,19/12/2024,09:45:02,24030.55,24024.95,75,24031.35,50,975,10953575
NIFTY-I.NFO,19/12/2024,09:45:03,24026,24026.5,500,24027,25,750,10953575
NIFTY-I.NFO,19/12/2024,09:45:05,24026.95,24024.15,125,24030,200,1025,10953575
NIFTY-I.NFO,19/12/2024,09:45:07,24023.15,24023.1,125,24026,575,3325,10953575
NIFTY-I.NFO,19/12/2024,09:45:08,24029.45,24026.95,50,24029.45,175,2800,10953575
NIFTY-I.NFO,19/12/2024,09:45:10,24022.85,24021.3,25,24026.25,150,725,10953575
NIFTY-I.NFO,19/12/2024,09:45:12,24018.7,24023,25,24024.95,200,2675,10953575
NIFTY-I.NFO,19/12/2024,09:45:13,24025.9,24019.75,50,24025,25,1850,10953575
NIFTY-I.NFO,19/12/2024,09:45:15,24025.9,24026,25,24026.9,225,300,10953575
NIFTY-I.NFO,19/12/2024,09:45:17,24028.8,24021.75,50,24028.55,75,11200,10953575
NIFTY-I.NFO,19/12/2024,09:45:18,24020.35,24021.55,50,24027,125,1125,10953575
NIFTY-I.NFO,19/12/2024,09:45:20,24020.4,24020.05,75,24027,200,2600,10953575
NIFTY-I.NFO,19/12/2024,09:45:22,24022.55,24020.45,75,24027,200,150,10953575
NIFTY-I.NFO,19/12/2024,09:45:23,24023,24023,25,24023.45,25,675,10953575
NIFTY-I.NFO,19/12/2024,09:45:25,24016.25,24016.25,100,24020.4,25,425,10953575
NIFTY-I.NFO,19/12/2024,09:45:27,24020.7,24014.55,300,24020.7,50,450,10953575
NIFTY-I.NFO,19/12/2024,09:45:28,24012,24011.4,150,24017.15,75,700,10953575
NIFTY-I.NFO,19/12/2024,09:45:30,24010.5,24009.6,25,24014.5,50,975,10953575
NIFTY-I.NFO,19/12/2024,09:45:32,24012.45,24007.35,25,24013.65,200,1350,10953575
NIFTY-I.NFO,19/12/2024,09:45:33,24005,24005,1025,24007.6,25,1975,10953575
NIFTY-I.NFO,19/12/2024,09:45:35,24007.55,24005,900,24007.05,175,250,10953575
NIFTY-I.NFO,19/12/2024,09:45:37,24009.15,24005.15,200,24009.6,25,2350,10953575
NIFTY-I.NFO,19/12/2024,09:45:38,24009.6,24009.6,475,24010,675,675,10953575
NIFTY-I.NFO,19/12/2024,09:45:40,24007.1,24007.1,25,24010,175,700,10953575
NIFTY-I.NFO,19/12/2024,09:45:42,24007,24003.2,75,24007.05,25,1550,10953575
NIFTY-I.NFO,19/12/2024,09:45:43,24009.6,24004.45,125,24009.6,25,425,10953575
NIFTY-I.NFO,19/12/2024,09:45:45,24005,24005,475,24009.55,450,200,10953575
NIFTY-I.NFO,19/12/2024,09:45:47,24004.4,24003.3,25,24005,875,1400,10979425
NIFTY-I.NFO,19/12/2024,09:45:48,24009.55,24004.95,25,24009.55,350,1175,10979425
NIFTY-I.NFO,19/12/2024,09:45:50,24005,24003.4,50,24005,900,475,10979425
NIFTY-I.NFO,19/12/2024,09:45:52,24000.1,24000.1,925,24003.65,25,400,10979425
NIFTY-I.NFO,19/12/2024,09:45:53,23996,23996,250,23997.95,150,3350,10979425
NIFTY-I.NFO,19/12/2024,09:45:55,23990,23988.45,200,23989.5,175,2275,10979425
NIFTY-I.NFO,19/12/2024,09:45:57,23988.65,23990.05,150,23996.8,50,350,10979425
NIFTY-I.NFO,19/12/2024,09:45:58,23997.95,23995,25,23997.95,100,475,10979425
NIFTY-I.NFO,19/12/2024,09:46:00,23995,23994.45,25,23997.95,50,175,10979425
NIFTY-I.NFO,19/12/2024,09:46:02,23994.85,23993.75,125,23998.9,275,150,10979425
NIFTY-I.NFO,19/12/2024,09:46:03,24000,23997.9,25,24000,600,775,10979425
NIFTY-I.NFO,19/12/2024,09:46:05,23999.95,23998.2,25,23999.95,425,925,10979425
NIFTY-I.NFO,19/12/2024,09:46:07,24001.9,24001.85,25,24007.5,200,2250,10979425
NIFTY-I.NFO,19/12/2024,09:46:08,24007.5,24001.65,25,24006.5,250,750,10979425
NIFTY-I.NFO,19/12/2024,09:46:10,24005,24002.55,25,24008,125,50,10979425
NIFTY-I.NFO,19/12/2024,09:46:12,24002.95,24006.5,50,24007.5,25,100,10979425
NIFTY-I.NFO,19/12/2024,09:46:13,24008,24006.65,25,24009.6,700,275,10979425
NIFTY-I.NFO,19/12/2024,09:46:15,24009.6,24008,25,24009.6,100,600,10979425
NIFTY-I.NFO,19/12/2024,09:46:17,24007.5,24005.95,25,24009.6,25,175,10979425
NIFTY-I.NFO,19/12/2024,09:46:18,24009.6,24007.5,25,24009.1,150,150,10979425
NIFTY-I.NFO,19/12/2024,09:46:20,24005,24005.05,25,24009.1,150,325,10979425
NIFTY-I.NFO,19/12/2024,09:46:22,24007.5,24006.1,75,24009.6,50,200,10979425
NIFTY-I.NFO,19/12/2024,09:46:23,24009.6,24005,5000,24009.1,150,875,10979425
NIFTY-I.NFO,19/12/2024,09:46:25,24005.4,24005.45,125,24006.25,50,125,10979425
NIFTY-I.NFO,19/12/2024,09:46:27,24009.05,24005.4,25,24009.05,350,275,10979425
NIFTY-I.NFO,19/12/2024,09:46:28,24006.75,24006.4,25,24009.05,300,100,10979425
NIFTY-I.NFO,19/12/2024,09:46:30,24005.75,24005.45,25,24009.1,50,400,10979425
NIFTY-I.NFO,19/12/2024,09:46:32,24008.55,24009.05,25,24009.55,25,575,10979425
NIFTY-I.NFO,19/12/2024,09:46:33,24005,24005,4775,24007.95,175,175,10979425
NIFTY-I.NFO,19/12/2024,09:46:35,24006,24006,75,24008.6,75,550,10979425
NIFTY-I.NFO,19/12/2024,09:46:37,24008.6,24005.5,25,24007.05,200,125,10979425
NIFTY-I.NFO,19/12/2024,09:46:38,24005,24005,4675,24006.55,150,800,10979425
NIFTY-I.NFO,19/12/2024,09:46:40,24008.45,24005,4725,24008.45,50,575,10979425
NIFTY-I.NFO,19/12/2024,09:46:42,24008.6,24005,4800,24008.6,100,75,10979425
NIFTY-I.NFO,19/12/2024,09:46:43,24007.9,24005,4425,24007.8,75,800,10979425
NIFTY-I.NFO,19/12/2024,09:46:45,24005,24005.05,25,24006.85,125,150,10979425
NIFTY-I.NFO,19/12/2024,09:46:47,24005,24005,4175,24006.85,100,400,10979425
NIFTY-I.NFO,19/12/2024,09:46:48,24007.75,24006.85,25,24007.75,375,1150,10979425
NIFTY-I.NFO,19/12/2024,09:46:50,24008.45,24006.85,200,24008.6,225,525,10979425
NIFTY-I.NFO,19/12/2024,09:46:52,24008,24006.85,150,24008.6,225,75,10979425
NIFTY-I.NFO,19/12/2024,09:46:53,24006.85,24006.85,100,24007.75,25,1050,10979425
NIFTY-I.NFO,19/12/2024,09:46:55,24005.1,24001.15,125,24005.25,25,4625,10979425
NIFTY-I.NFO,19/12/2024,09:46:57,24001.2,24001.2,175,24006.1,50,550,10979425
NIFTY-I.NFO,19/12/2024,09:46:58,24008.45,24007.75,75,24008.95,50,850,10979425
NIFTY-I.NFO,19/12/2024,09:47:00,24005.1,24005.1,175,24008.5,75,650,10979425
NIFTY-I.NFO,19/12/2024,09:47:02,24007.75,24005.1,450,24009.45,50,150,10979425
NIFTY-I.NFO,19/12/2024,09:47:04,24009.65,24005.15,300,24009.85,1000,200,10979425
NIFTY-I.NFO,19/12/2024,09:47:05,24007.75,24007.75,25,24009.05,25,375,10979425
NIFTY-I.NFO,19/12/2024,09:47:07,24007.75,24005.1,925,24007.75,25,25,10979425
NIFTY-I.NFO,19/12/2024,09:47:09,24009.7,24007.75,500,24009.75,450,75,10979425
NIFTY-I.NFO,19/12/2024,09:47:10,24009.75,24005.1,875,24009.85,550,550,10979425
NIFTY-I.NFO,19/12/2024,09:47:12,24009.85,24005.15,25,24009.7,25,525,10979425
NIFTY-I.NFO,19/12/2024,09:47:14,24010,24009.7,75,24012,25,1250,10979425
NIFTY-I.NFO,19/12/2024,09:47:15,24009.8,24008.1,50,24009.8,50,1250,10979425
NIFTY-I.NFO,19/12/2024,09:47:17,24011.25,24005.4,150,24011.4,150,1575,10979425
NIFTY-I.NFO,19/12/2024,09:47:19,24005,24003.05,50,24004.9,200,900,10979425
NIFTY-I.NFO,19/12/2024,09:47:20,24006.8,24004.9,125,24006.8,100,500,10979425
NIFTY-I.NFO,19/12/2024,09:47:22,24004.9,24004.9,175,24007.5,125,25,10979425
NIFTY-I.NFO,19/12/2024,09:47:24,24007.05,24005,25,24007.4,300,600,10979425
NIFTY-I.NFO,19/12/2024,09:47:25,23997,23995,100,23997,875,1300,10979425
NIFTY-I.NFO,19/12/2024,09:47:27,23993.95,23993.6,375,23997,775,200,10979425
NIFTY-I.NFO,19/12/2024,09:47:29,23997,23996.8,25,23997,700,150,10979425
NIFTY-I.NFO,19/12/2024,09:47:30,23992.2,23992.55,275,23996.75,325,325,10979425
NIFTY-I.NFO,19/12/2024,09:47:32,23993.95,23993.95,50,23996.75,125,250,10979425
NIFTY-I.NFO,19/12/2024,09:47:34,23997,23993.95,125,23997,350,400,10979425
NIFTY-I.NFO,19/12/2024,09:47:35,23990.75,23992.4,100,23995,25,400,10979425
NIFTY-I.NFO,19/12/2024,09:47:37,23997,23995,25,23997,200,225,10979425
NIFTY-I.NFO,19/12/2024,09:47:39,23997,23997,275,24000,575,275,10979425
NIFTY-I.NFO,19/12/2024,09:47:40,24000,23996.35,25,24000,300,375,10979425
NIFTY-I.NFO,19/12/2024,09:47:42,23993.4,23993.5,225,23999,100,150,10979425
NIFTY-I.NFO,19/12/2024,09:47:44,23999,23997,25,23999,525,200,10979425
NIFTY-I.NFO,19/12/2024,09:47:45,23997,23997,50,23998.95,450,200,10979425
NIFTY-I.NFO,19/12/2024,09:47:47,23998.95,23998.9,25,23998.95,275,200,10979425
NIFTY-I.NFO,19/12/2024,09:47:49,23998.95,23998.9,75,23998.95,250,125,10979425
NIFTY-I.NFO,19/12/2024,09:47:50,24003.2,23998.9,75,24002.85,200,1225,10979425
NIFTY-I.NFO,19/12/2024,09:47:52,24000,23996.6,275,24003,200,1100,10979425
NIFTY-I.NFO,19/12/2024,09:47:54,23998.95,23998.95,25,24001.75,25,10750,10979425
NIFTY-I.NFO,19/12/2024,09:47:55,24000,23998.95,250,24002.8,50,450,10979425
NIFTY-I.NFO,19/12/2024,09:47:57,23993.55,23998,25,23999.4,25,675,10979425
NIFTY-I.NFO,19/12/2024,09:47:59,23998.55,23992.25,200,23998.2,25,550,10979425
NIFTY-I.NFO,19/12/2024,09:48:00,23992.2,23991.55,25,23996,100,250,10979425
NIFTY-I.NFO,19/12/2024,09:48:02,23995.25,23991.55,125,23995.8,50,125,10979425
NIFTY-I.NFO,19/12/2024,09:48:04,23988.5,23988.1,100,23992.15,25,975,10979425
NIFTY-I.NFO,19/12/2024,09:48:05,23981.2,23981.75,150,23988,175,625,10979425
NIFTY-I.NFO,19/12/2024,09:48:07,23980.2,23980.1,75,23983.15,150,100,10979425
NIFTY-I.NFO,19/12/2024,09:48:09,23988.7,23982.35,150,23988.55,125,925,10979425
NIFTY-I.NFO,19/12/2024,09:48:10,23988.85,23982.35,25,23988.55,25,1425,10979425
NIFTY-I.NFO,19/12/2024,09:48:12,23980.2,23980.2,125,23986.05,100,325,10979425
NIFTY-I.NFO,19/12/2024,09:48:14,23981,23982.5,150,23988.65,50,1225,10979425
NIFTY-I.NFO,19/12/2024,09:48:15,23984.6,23986,100,23990,25,425,10979425
NIFTY-I.NFO,19/12/2024,09:48:17,23991.55,23988.65,400,23991.55,100,525,10979425
NIFTY-I.NFO,19/12/2024,09:48:19,23988,23986.75,200,23991.55,100,300,10979425
NIFTY-I.NFO,19/12/2024,09:48:20,23986.9,23989,225,23991,25,25,10979425
NIFTY-I.NFO,19/12/2024,09:48:22,23998,23991.4,300,23998.05,50,250,10979425
NIFTY-I.NFO,19/12/2024,09:48:23,23995.25,23995.25,75,23997.55,25,675,10979425
NIFTY-I.NFO,19/12/2024,09:48:25,23993.05,23992.95,350,23998.2,250,600,10979425
NIFTY-I.NFO,19/12/2024,09:48:27,23998.55,23992.3,50,23998.55,25,1300,10979425
NIFTY-I.NFO,19/12/2024,09:48:28,23993.15,23993,25,23998.55,25,175,10979425
NIFTY-I.NFO,19/12/2024,09:48:30,23992.9,23992,150,23998.35,250,150,10979425
NIFTY-I.NFO,19/12/2024,09:48:32,23998.2,23992.35,175,23996.95,25,600,10979425
NIFTY-I.NFO,19/12/2024,09:48:33,23993.4,23993.35,125,23996.95,25,50,10979425
NIFTY-I.NFO,19/12/2024,09:48:35,23997.9,23994.5,25,23997,25,50,10979425
NIFTY-I.NFO,19/12/2024,09:48:37,23997,23995.75,25,23997,25,25,10979425
NIFTY-I.NFO,19/12/2024,09:48:38,24000,23997.55,25,24000,400,275,10979425
NIFTY-I.NFO,19/12/2024,09:48:40,24000.4,24000.4,175,24002.05,25,450,10979425
NIFTY-I.NFO,19/12/2024,09:48:42,24002.5,24002.45,75,24005,575,100,10979425
NIFTY-I.NFO,19/12/2024,09:48:43,23998.85,24001.25,25,24005,500,675,10979425
NIFTY-I.NFO,19/12/2024,09:48:45,24001.25,24001.2,50,24004.95,475,25,10979425
NIFTY-I.NFO,19/12/2024,09:48:47,24000.4,23998.7,175,24004.9,50,275,10997575
NIFTY-I.NFO,19/12/2024,09:48:48,24004.45,24000,25,24004.95,225,50,10997575
NIFTY-I.NFO,19/12/2024,09:48:50,23999.95,23997.45,175,23999.95,125,125,10997575
NIFTY-I.NFO,19/12/2024,09:48:52,24003.1,23997.3,25,24001.85,250,275,10997575
NIFTY-I.NFO,19/12/2024,09:48:53,23994.35,23994.6,75,24000.9,50,1575,10997575
NIFTY-I.NFO,19/12/2024,09:48:55,23998.3,23993.2,25,23998.25,50,75,10997575
NIFTY-I.NFO,19/12/2024,09:48:57,24000.6,23993.8,75,23999.9,100,50,10997575
NIFTY-I.NFO,19/12/2024,09:48:58,23999.45,23994.35,25,23999.6,50,25,10997575
NIFTY-I.NFO,19/12/2024,09:49:00,23994.35,23994.6,25,24000.6,25,600,10997575
NIFTY-I.NFO,19/12/2024,09:49:02,24000.2,23994.6,400,23999.85,200,700,10997575
NIFTY-I.NFO,19/12/2024,09:49:03,24001.7,24000,50,24001.4,25,325,10997575
NIFTY-I.NFO,19/12/2024,09:49:05,24000,23998,50,23999.5,25,725,10997575
NIFTY-I.NFO,19/12/2024,09:49:07,24001.35,23998,175,24001.35,225,200,10997575
NIFTY-I.NFO,19/12/2024,09:49:08,24001.35,23998,275,24001.8,50,750,10997575
NIFTY-I.NFO,19/12/2024,09:49:10,23995.85,23998,125,24002.1,25,325,10997575
NIFTY-I.NFO,19/12/2024,09:49:12,23995.15,23997.15,75,24003.1,125,1050,10997575
NIFTY-I.NFO,19/12/2024,09:49:13,24002,24002,475,24003.1,125,50,10997575
NIFTY-I.NFO,19/12/2024,09:49:15,24002,24002,475,24003.2,50,375,10997575
NIFTY-I.NFO,19/12/2024,09:49:17,23999.8,24003.1,25,24003.2,50,625,10997575
NIFTY-I.NFO,19/12/2024,09:49:18,24006.45,24003.1,25,24006.45,200,675,10997575
NIFTY-I.NFO,19/12/2024,09:49:20,23998.85,23999.6,25,24006.2,250,200,10997575
NIFTY-I.NFO,19/12/2024,09:49:22,23999.15,23999.6,25,24005.25,50,150,10997575
NIFTY-I.NFO,19/12/2024,09:49:23,24005.35,23999.7,175,24005.8,75,550,10997575
NIFTY-I.NFO,19/12/2024,09:49:25,24000,23998.2,50,24000,400,425,10997575
NIFTY-I.NFO,19/12/2024,09:49:27,24000,23996.25,200,24000,375,25,10997575
NIFTY-I.NFO,19/12/2024,09:49:28,23998.85,23998.85,25,24000,325,100,10997575
NIFTY-I.NFO,19/12/2024,09:49:30,24002,24000.35,25,24004,25,850,10997575
NIFTY-I.NFO,19/12/2024,09:49:32,24000.15,24000.8,25,24004.75,100,150,10997575
NIFTY-I.NFO,19/12/2024,09:49:33,24000.15,24000.15,25,24004.75,100,0,10997575
NIFTY-I.NFO,19/12/2024,09:49:35,24004.75,24000,1500,24004.15,150,25,10997575
NIFTY-I.NFO,19/12/2024,09:49:37,24004,24000,1450,24004.55,150,250,10997575
NIFTY-I.NFO,19/12/2024,09:49:38,24000,24000,750,24003.5,25,1375,10997575
NIFTY-I.NFO,19/12/2024,09:49:40,23996.1,24000.1,25,24001.8,225,775,10997575
NIFTY-I.NFO,19/12/2024,09:49:42,23996.1,23996.4,300,24001.25,225,100,10997575
NIFTY-I.NFO,19/12/2024,09:49:43,24001.25,23997.95,25,24001.25,75,150,10997575
NIFTY-I.NFO,19/12/2024,09:49:45,23998.8,23998.15,25,23999.5,75,175,10997575
NIFTY-I.NFO,19/12/2024,09:49:47,24001.2,23998.15,25,24001.2,300,250,10997575
NIFTY-I.NFO,19/12/2024,09:49:48,24001.2,23999,25,24001.55,75,300,10997575
NIFTY-I.NFO,19/12/2024,09:49:50,24000.15,23999,25,24002.05,75,25,10997575
NIFTY-I.NFO,19/12/2024,09:49:52,24000.15,23999,25,24001.7,75,0,10997575
NIFTY-I.NFO,19/12/2024,09:49:53,23996.55,23996.1,25,24001.2,200,875,10997575
NIFTY-I.NFO,19/12/2024,09:49:55,24001.15,23996.1,225,24002.35,50,250,10997575
NIFTY-I.NFO,19/12/2024,09:49:57,23998,23996.1,25,23998,475,25,10997575
NIFTY-I.NFO,19/12/2024,09:49:58,23998,23995.2,25,23998,275,250,10997575
NIFTY-I.NFO,19/12/2024,09:50:00,23997.9,23995,350,23997.85,50,75,10997575
NIFTY-I.NFO,19/12/2024,09:50:02,23995,23994,25,23995.9,50,375,10997575
NIFTY-I.NFO,19/12/2024,09:50:03,23992.5,23991.55,125,23993.7,25,50,10997575
NIFTY-I.NFO,19/12/2024,09:50:05,23993.65,23991.6,250,23993.65,425,50,10997575
NIFTY-I.NFO,19/12/2024,09:50:07,23993.65,23996,25,23998,275,425,10997575
NIFTY-I.NFO,19/12/2024,09:50:08,23993,23992.6,100,23997,25,650,10997575
NIFTY-I.NFO,19/12/2024,09:50:10,23993.15,23993,250,23998.85,100,100,10997575
NIFTY-I.NFO,19/12/2024,09:50:12,23994.55,23993.85,200,23998.85,25,100,10997575
NIFTY-I.NFO,19/12/2024,09:50:13,23994.55,23994.05,75,23997.3,125,0,10997575
NIFTY-I.NFO,19/12/2024,09:50:15,23996.65,23994.05,75,23996.65,675,575,10997575
NIFTY-I.NFO,19/12/2024,09:50:17,23995.5,23995,200,23998,25,125,10997575
NIFTY-I.NFO,19/12/2024,09:50:18,23998.85,23998.85,25,24000,400,50,10997575
NIFTY-I.NFO,19/12/2024,09:50:20,23998.85,23998.85,50,24001.4,25,525,10997575
NIFTY-I.NFO,19/12/2024,09:50:22,23998.85,23996.1,200,24001.2,75,375,10997575
NIFTY-I.NFO,19/12/2024,09:50:23,23994.05,23993.7,125,23999.45,50,250,10997575
NIFTY-I.NFO,19/12/2024,09:50:25,23995,23993,150,23997.9,25,75,10997575
NIFTY-I.NFO,19/12/2024,09:50:27,23994.05,23998.2,75,23999,25,100,10997575
NIFTY-I.NFO,19/12/2024,09:50:28,23998.2,23998.2,150,23999.35,475,175,10997575
NIFTY-I.NFO,19/12/2024,09:50:30,23998.2,23995.55,300,23998.15,325,150,10997575
NIFTY-I.NFO,19/12/2024,09:50:32,23998,23995.85,200,23998,425,150,10997575
NIFTY-I.NFO,19/12/2024,09:50:33,24000,23997.45,200,23999.1,25,900,10997575
NIFTY-I.NFO,19/12/2024,09:50:35,23999.1,23995.05,300,23999.1,25,25,10997575
NIFTY-I.NFO,19/12/2024,09:50:37,23999.1,23996.3,400,23999,150,0,10997575
NIFTY-I.NFO,19/12/2024,09:50:38,23999.1,23995.2,400,23998,50,0,10997575
NIFTY-I.NFO,19/12/2024,09:50:40,23993.65,23993.55,275,23998,50,25,10997575
NIFTY-I.NFO,19/12/2024,09:50:42,23998,23994,100,23998,25,25,10997575
NIFTY-I.NFO,19/12/2024,09:50:43,23998,23993.5,25,23995,500,0,10997575
NIFTY-I.NFO,19/12/2024,09:50:45,23998,23993.5,75,23994.95,450,0,10997575
NIFTY-I.NFO,19/12/2024,09:50:47,23993.5,23993,50,23993.5,200,100,10997575
NIFTY-I.NFO,19/12/2024,09:50:48,24000,23994.85,250,23999.15,25,1600,10997575
NIFTY-I.NFO,19/12/2024,09:50:50,23993.1,23996.85,25,23999.15,25,500,10997575
NIFTY-I.NFO,19/12/2024,09:50:52,23997.35,23997.55,125,23999.15,25,175,10997575
NIFTY-I.NFO,19/12/2024,09:50:53,23999,23996.85,300,23999,75,425,10997575
