Ticker,Date,Time,LTP,BuyPrice,BuyQty,SellPrice,SellQty,LTQ,OpenInterest
NIFTY-II.NFO,19/12/2024,09:15:00,24242,24152.55,100,24171.95,100,1575,2174275
NIFTY-II.NFO,19/12/2024,09:15:00,24242,24152.55,100,24171.95,100,0,2174275
NIFTY-II.NFO,19/12/2024,09:15:00,24242,24152.55,100,24171.95,100,0,2174275
NIFTY-II.NFO,19/12/2024,09:15:00,24125,24152.55,100,24171.95,100,0,2174275
NIFTY-II.NFO,19/12/2024,09:15:02,24178.4,24151.05,100,24176.4,100,3725,2174275
NIFTY-II.NFO,19/12/2024,09:15:03,24177.8,24151.95,50,24177.8,100,2050,2174275
NIFTY-II.NFO,19/12/2024,09:15:05,24179,24178.9,100,24193.6,50,3525,2174275
NIFTY-II.NFO,19/12/2024,09:15:06,24194.95,24183.05,100,24194.95,25,2650,2174275
NIFTY-II.NFO,19/12/2024,09:15:08,24200.05,24202.65,75,24215.35,100,3500,2174275
NIFTY-II.NFO,19/12/2024,09:15:10,24204.9,24204.9,100,24224.95,100,1400,2174275
NIFTY-II.NFO,19/12/2024,09:15:11,24213.45,24213.45,100,24224.95,100,700,2174275
NIFTY-II.NFO,19/12/2024,09:15:13,24205.1,24208.25,100,24221.5,100,2000,2174275
NIFTY-II.NFO,19/12/2024,09:15:15,24218.5,24215,200,24218.5,100,1025,2174275
NIFTY-II.NFO,19/12/2024,09:15:16,24217.9,24211.9,25,24217.2,50,925,2174275
NIFTY-II.NFO,19/12/2024,09:15:18,24205.6,24204.15,100,24216.25,25,2250,2174275
NIFTY-II.NFO,19/12/2024,09:15:20,24200.15,24200,225,24206.9,100,1225,2174275
NIFTY-II.NFO,19/12/2024,09:15:22,24204.35,24204.55,75,24216.55,100,800,2174275
NIFTY-II.NFO,19/12/2024,09:15:23,24218.8,24214.8,50,24218.8,25,1500,2174275
NIFTY-II.NFO,19/12/2024,09:15:25,24216.35,24216.35,25,24221.6,25,750,2174275
NIFTY-II.NFO,19/12/2024,09:15:26,24218.85,24212.5,50,24220.9,100,1325,2174275
NIFTY-II.NFO,19/12/2024,09:15:28,24216.3,24211.9,50,24216.25,25,925,2174275
NIFTY-II.NFO,19/12/2024,09:15:30,24209.3,24211.75,25,24216.2,75,575,2174275
NIFTY-II.NFO,19/12/2024,09:15:31,24209.85,24209.85,100,24218.8,75,850,2174275
NIFTY-II.NFO,19/12/2024,09:15:33,24208.55,24208.55,100,24217.35,75,475,2174275
NIFTY-II.NFO,19/12/2024,09:15:35,24208.6,24208.6,100,24216.15,100,500,2174275
NIFTY-II.NFO,19/12/2024,09:15:36,24205.1,24205.1,75,24210.7,250,975,2174275
NIFTY-II.NFO,19/12/2024,09:15:38,24202.7,24202.7,100,24211,100,500,2174275
NIFTY-II.NFO,19/12/2024,09:15:40,24200.25,24200.25,175,24210.05,75,975,2174275
NIFTY-II.NFO,19/12/2024,09:15:41,24198.85,24194.95,475,24198.55,275,1725,2174275
NIFTY-II.NFO,19/12/2024,09:15:43,24193.1,24190,100,24193.1,25,850,2178800
NIFTY-II.NFO,19/12/2024,09:15:44,24186.5,24186.5,100,24194.9,50,575,2178800
NIFTY-II.NFO,19/12/2024,09:15:46,24195,24190,25,24196,125,400,2178800
NIFTY-II.NFO,19/12/2024,09:15:48,24198.3,24195,25,24198.3,25,625,2178800
NIFTY-II.NFO,19/12/2024,09:15:49,24184.3,24184.3,300,24195.65,25,375,2178800
NIFTY-II.NFO,19/12/2024,09:15:51,24194.9,24190,425,24194.8,100,1400,2178800
NIFTY-II.NFO,19/12/2024,09:15:53,24188.95,24180,175,24189,150,550,2178800
NIFTY-II.NFO,19/12/2024,09:15:54,24180,24180,75,24189,75,275,2178800
NIFTY-II.NFO,19/12/2024,09:15:56,24188,24175,100,24187.4,175,375,2178800
NIFTY-II.NFO,19/12/2024,09:15:58,24186.7,24175.8,50,24188.3,25,500,2178800
NIFTY-II.NFO,19/12/2024,09:15:59,24188,24188,850,24191.05,50,175,2178800
NIFTY-II.NFO,19/12/2024,09:16:01,24171,24180,550,24187.3,50,1250,2178800
NIFTY-II.NFO,19/12/2024,09:16:03,24171,24171,50,24183.9,25,900,2178800
NIFTY-II.NFO,19/12/2024,09:16:04,24166.1,24165.1,50,24180.55,25,625,2178800
NIFTY-II.NFO,19/12/2024,09:16:06,24175,24175,325,24179,25,1150,2178800
NIFTY-II.NFO,19/12/2024,09:16:08,24170,24159.65,100,24170.95,25,1400,2178800
NIFTY-II.NFO,19/12/2024,09:16:09,24168.3,24158.55,150,24168.3,25,1725,2178800
NIFTY-II.NFO,19/12/2024,09:16:11,24162.2,24161.85,100,24174.45,350,500,2178800
NIFTY-II.NFO,19/12/2024,09:16:13,24178,24170.95,175,24178.95,25,625,2178800
NIFTY-II.NFO,19/12/2024,09:16:14,24175,24175,950,24176.4,25,300,2178800
NIFTY-II.NFO,19/12/2024,09:16:16,24173.4,24162.05,50,24174.3,75,1400,2178800
NIFTY-II.NFO,19/12/2024,09:16:18,24170,24166.35,100,24177.6,75,450,2178800
NIFTY-II.NFO,19/12/2024,09:16:19,24162.7,24164.45,125,24174.75,125,175,2178800
NIFTY-II.NFO,19/12/2024,09:16:21,24172,24166.4,25,24172.1,100,550,2178800
NIFTY-II.NFO,19/12/2024,09:16:23,24165.9,24168.35,25,24173.25,100,225,2178800
NIFTY-II.NFO,19/12/2024,09:16:24,24168.6,24168.55,25,24172.15,25,900,2178800
NIFTY-II.NFO,19/12/2024,09:16:26,24170.05,24162.8,100,24170.05,150,2650,2178800
NIFTY-II.NFO,19/12/2024,09:16:28,24169.95,24163.95,100,24169.8,25,125,2178800
NIFTY-II.NFO,19/12/2024,09:16:29,24170,24166.15,50,24170,125,150,2178800
NIFTY-II.NFO,19/12/2024,09:16:31,24169.95,24170,75,24172.15,100,275,2178800
NIFTY-II.NFO,19/12/2024,09:16:33,24168.6,24168.6,25,24172.15,100,2875,2178800
NIFTY-II.NFO,19/12/2024,09:16:34,24166,24168.55,25,24172.15,25,575,2178800
NIFTY-II.NFO,19/12/2024,09:16:36,24175,24165.9,25,24174.95,50,500,2178800
NIFTY-II.NFO,19/12/2024,09:16:37,24173.85,24164.4,50,24174.35,50,375,2178800
NIFTY-II.NFO,19/12/2024,09:16:39,24175,24172.15,350,24174.95,50,325,2178800
NIFTY-II.NFO,19/12/2024,09:16:41,24175,24172.15,325,24174.85,50,375,2178800
NIFTY-II.NFO,19/12/2024,09:16:42,24164.25,24165.3,50,24174.6,50,2050,2178800
NIFTY-II.NFO,19/12/2024,09:16:44,24165.4,24165.4,100,24173.9,50,950,2178800
NIFTY-II.NFO,19/12/2024,09:16:46,24169.5,24164.2,25,24171.25,125,1200,2178800
NIFTY-II.NFO,19/12/2024,09:16:47,24172.6,24166.6,25,24172.6,75,375,2178800
NIFTY-II.NFO,19/12/2024,09:16:49,24161.95,24162.3,25,24167.6,25,425,2178800
NIFTY-II.NFO,19/12/2024,09:16:51,24170,24165.4,50,24172.15,150,225,2178800
NIFTY-II.NFO,19/12/2024,09:16:52,24172.15,24161.85,50,24172,125,275,2178800
NIFTY-II.NFO,19/12/2024,09:16:54,24170,24166.05,100,24170,125,275,2178800
NIFTY-II.NFO,19/12/2024,09:16:56,24170.45,24161.35,75,24172,25,600,2178800
NIFTY-II.NFO,19/12/2024,09:16:57,24165.4,24158.75,100,24169.5,100,675,2178800
NIFTY-II.NFO,19/12/2024,09:16:59,24160,24160,475,24167.9,175,400,2178800
NIFTY-II.NFO,19/12/2024,09:17:01,24160,24161,50,24166.25,300,125,2178800
NIFTY-II.NFO,19/12/2024,09:17:02,24167.95,24160,375,24164.05,125,350,2178800
NIFTY-II.NFO,19/12/2024,09:17:04,24161,24161,200,24163.5,75,250,2178800
NIFTY-II.NFO,19/12/2024,09:17:06,24162,24162,775,24162.3,75,650,2178800
NIFTY-II.NFO,19/12/2024,09:17:07,24160,24160,500,24161,25,2125,2178800
NIFTY-II.NFO,19/12/2024,09:17:09,24160,24151.05,50,24160.05,75,925,2178800
NIFTY-II.NFO,19/12/2024,09:17:11,24159.85,24150.65,75,24159.8,75,375,2178800
NIFTY-II.NFO,19/12/2024,09:17:12,24150,24150,3525,24159.4,175,250,2178800
NIFTY-II.NFO,19/12/2024,09:17:14,24154.8,24150,3275,24155,500,1600,2178800
NIFTY-II.NFO,19/12/2024,09:17:16,24155,24150,3300,24156,500,1400,2178800
NIFTY-II.NFO,19/12/2024,09:17:17,24150,24150,3125,24157.6,200,1000,2178800
NIFTY-II.NFO,19/12/2024,09:17:19,24150,24150,2725,24154.9,75,1575,2178800
NIFTY-II.NFO,19/12/2024,09:17:21,24152,24152,700,24154.5,75,450,2178800
NIFTY-II.NFO,19/12/2024,09:17:22,24152,24152,575,24154.35,25,300,2178800
NIFTY-II.NFO,19/12/2024,09:17:24,24150,24150,1450,24152.65,125,3200,2178800
NIFTY-II.NFO,19/12/2024,09:17:26,24150.65,24150,1450,24150.55,150,100,2178800
NIFTY-II.NFO,19/12/2024,09:17:27,24145,24145,150,24150.35,25,1925,2178800
NIFTY-II.NFO,19/12/2024,09:17:29,24148.4,24142.15,125,24148.4,125,1050,2178800
NIFTY-II.NFO,19/12/2024,09:17:31,24148.6,24141.1,25,24147.25,175,450,2178800
NIFTY-II.NFO,19/12/2024,09:17:32,24141,24141,25,24145.2,125,325,2178800
NIFTY-II.NFO,19/12/2024,09:17:34,24143.55,24140,125,24143.5,25,250,2178800
NIFTY-II.NFO,19/12/2024,09:17:36,24146.65,24140.3,75,24146.7,50,275,2178800
NIFTY-II.NFO,19/12/2024,09:17:37,24140,24138.35,275,24140.3,25,775,2178800
NIFTY-II.NFO,19/12/2024,09:17:39,24141,24141,25,24144.65,125,125,2178800
NIFTY-II.NFO,19/12/2024,09:17:41,24146.65,24140.35,200,24146.85,50,150,2178800
NIFTY-II.NFO,19/12/2024,09:17:42,24141.65,24141.75,200,24144.95,50,125,2178800
NIFTY-II.NFO,19/12/2024,09:17:44,24147,24147.8,100,24155,25,825,2178800
NIFTY-II.NFO,19/12/2024,09:17:46,24151.25,24146.5,25,24152.2,75,200,2178800
NIFTY-II.NFO,19/12/2024,09:17:47,24141.7,24143.8,50,24152.35,50,425,2178800
NIFTY-II.NFO,19/12/2024,09:17:49,24141,24141,25,24146.4,50,425,2178800
NIFTY-II.NFO,19/12/2024,09:17:51,24144.25,24142.55,25,24143.95,50,150,2178800
NIFTY-II.NFO,19/12/2024,09:17:52,24143.1,24140,950,24144.2,200,50,2178800
NIFTY-II.NFO,19/12/2024,09:17:54,24142.3,24140,875,24142.25,100,325,2178800
NIFTY-II.NFO,19/12/2024,09:17:56,24140.9,24140,875,24140.45,50,75,2178800
NIFTY-II.NFO,19/12/2024,09:17:57,24138,24135,75,24140.05,75,1025,2178800
NIFTY-II.NFO,19/12/2024,09:17:59,24135.05,24135,50,24138.8,475,200,2178800
NIFTY-II.NFO,19/12/2024,09:18:01,24138.55,24138,25,24138.8,125,625,2178800
NIFTY-II.NFO,19/12/2024,09:18:02,24138.2,24133.1,25,24138.5,125,625,2178800
NIFTY-II.NFO,19/12/2024,09:18:04,24135,24132,25,24137.3,175,175,2178800
NIFTY-II.NFO,19/12/2024,09:18:06,24137.2,24132.05,25,24135.9,50,425,2178800
NIFTY-II.NFO,19/12/2024,09:18:07,24131,24135,50,24136.35,75,150,2178800
NIFTY-II.NFO,19/12/2024,09:18:09,24130,24130,1075,24133.7,325,500,2178800
NIFTY-II.NFO,19/12/2024,09:18:11,24130,24130,600,24133.4,200,600,2178800
NIFTY-II.NFO,19/12/2024,09:18:12,24129.8,24125.05,25,24130.2,50,700,2178800
NIFTY-II.NFO,19/12/2024,09:18:14,24128.5,24125,225,24128.15,100,475,2178800
NIFTY-II.NFO,19/12/2024,09:18:16,24130,24125.05,200,24130,50,200,2178800
NIFTY-II.NFO,19/12/2024,09:18:17,24126.55,24126.45,25,24133,375,125,2178800
NIFTY-II.NFO,19/12/2024,09:18:19,24125.95,24125.9,25,24131.75,375,150,2178800
NIFTY-II.NFO,19/12/2024,09:18:21,24130,24127.8,25,24129.95,125,1050,2178800
NIFTY-II.NFO,19/12/2024,09:18:22,24125.75,24126.55,25,24129.9,250,425,2178800
NIFTY-II.NFO,19/12/2024,09:18:24,24130,24129.8,25,24132.45,250,250,2178800
NIFTY-II.NFO,19/12/2024,09:18:26,24125,24127.8,25,24129.8,25,1225,2178800
NIFTY-II.NFO,19/12/2024,09:18:27,24125,24128,250,24132.7,125,1875,2178800
NIFTY-II.NFO,19/12/2024,09:18:29,24125.55,24125.55,50,24129.8,25,300,2178800
NIFTY-II.NFO,19/12/2024,09:18:31,24127.35,24127.3,25,24129.95,100,1525,2178800
NIFTY-II.NFO,19/12/2024,09:18:32,24128,24126.75,175,24130,1600,1125,2178800
NIFTY-II.NFO,19/12/2024,09:18:34,24127.35,24127.35,25,24130,1300,550,2178800
NIFTY-II.NFO,19/12/2024,09:18:36,24133.35,24133.4,25,24138.1,25,1525,2178800
NIFTY-II.NFO,19/12/2024,09:18:37,24134.25,24134.35,75,24140,600,625,2178800
NIFTY-II.NFO,19/12/2024,09:18:39,24135.5,24135.5,75,24140,250,550,2178800
NIFTY-II.NFO,19/12/2024,09:18:41,24134.75,24134.3,150,24140.4,25,450,2178800
NIFTY-II.NFO,19/12/2024,09:18:42,24135.1,24135.45,75,24144.35,75,250,2192400
NIFTY-II.NFO,19/12/2024,09:18:44,24135.85,24135.45,75,24142.95,200,100,2192400
NIFTY-II.NFO,19/12/2024,09:18:46,24142.35,24135,400,24137.95,25,175,2192400
NIFTY-II.NFO,19/12/2024,09:18:47,24130.9,24131.6,250,24134.95,50,1375,2192400
NIFTY-II.NFO,19/12/2024,09:18:49,24135,24132,25,24135.1,25,325,2192400
NIFTY-II.NFO,19/12/2024,09:18:51,24134.55,24132,25,24134.55,75,450,2192400
NIFTY-II.NFO,19/12/2024,09:18:52,24131.6,24131.35,25,24132.75,25,225,2192400
NIFTY-II.NFO,19/12/2024,09:18:54,24134.55,24132.2,25,24134.55,25,200,2192400
NIFTY-II.NFO,19/12/2024,09:18:56,24134.55,24131.35,25,24134.45,200,125,2192400
NIFTY-II.NFO,19/12/2024,09:18:57,24130.9,24131.05,25,24134.15,225,75,2192400
NIFTY-II.NFO,19/12/2024,09:18:59,24134.15,24131.35,25,24134.15,200,125,2192400
NIFTY-II.NFO,19/12/2024,09:19:01,24133.75,24130.85,75,24133.75,75,225,2192400
NIFTY-II.NFO,19/12/2024,09:19:02,24130,24130.9,25,24133.8,50,400,2192400
NIFTY-II.NFO,19/12/2024,09:19:04,24133.85,24130,575,24133.9,25,325,2192400
NIFTY-II.NFO,19/12/2024,09:19:06,24134.15,24133,25,24134.2,25,100,2192400
NIFTY-II.NFO,19/12/2024,09:19:07,24132,24135,75,24135.1,25,325,2192400
NIFTY-II.NFO,19/12/2024,09:19:09,24134.15,24132,25,24136.1,225,575,2192400
NIFTY-II.NFO,19/12/2024,09:19:11,24137.9,24133.85,25,24138.5,225,450,2192400
NIFTY-II.NFO,19/12/2024,09:19:12,24134,24130.95,50,24134,1100,625,2192400
NIFTY-II.NFO,19/12/2024,09:19:14,24134,24133.1,50,24135,25,1425,2192400
NIFTY-II.NFO,19/12/2024,09:19:16,24139,24135.55,25,24139,50,200,2192400
NIFTY-II.NFO,19/12/2024,09:19:17,24139,24139,100,24140,225,125,2192400
NIFTY-II.NFO,19/12/2024,09:19:19,24135.5,24135.05,175,24140,225,150,2192400
NIFTY-II.NFO,19/12/2024,09:19:21,24140.5,24135,250,24139.35,25,325,2192400
NIFTY-II.NFO,19/12/2024,09:19:22,24141,24135.55,350,24140.1,25,325,2192400
NIFTY-II.NFO,19/12/2024,09:19:24,24140.2,24135.85,625,24140.2,25,200,2192400
NIFTY-II.NFO,19/12/2024,09:19:26,24136,24139.35,25,24140,25,25,2192400
NIFTY-II.NFO,19/12/2024,09:19:27,24143.35,24139.35,25,24142.8,50,125,2192400
NIFTY-II.NFO,19/12/2024,09:19:29,24143,24140.2,25,24143,150,175,2192400
NIFTY-II.NFO,19/12/2024,09:19:31,24139.75,24136.25,25,24139.75,250,200,2192400
NIFTY-II.NFO,19/12/2024,09:19:32,24141.35,24136.45,625,24141.35,25,875,2192400
NIFTY-II.NFO,19/12/2024,09:19:34,24141.9,24140.2,25,24141.9,25,50,2192400
NIFTY-II.NFO,19/12/2024,09:19:36,24136,24136,100,24140.25,50,750,2192400
NIFTY-II.NFO,19/12/2024,09:19:38,24141,24140,300,24141,75,200,2192400
NIFTY-II.NFO,19/12/2024,09:19:39,24141.45,24140,2125,24140.85,50,250,2192400
NIFTY-II.NFO,19/12/2024,09:19:41,24140.85,24140,2100,24140.85,50,425,2192400
NIFTY-II.NFO,19/12/2024,09:19:43,24140.85,24140,2050,24140.85,25,75,2192400
NIFTY-II.NFO,19/12/2024,09:19:44,24140.05,24140,2050,24142.2,50,50,2192400
NIFTY-II.NFO,19/12/2024,09:19:46,24140,24140,2050,24142,200,200,2192400
NIFTY-II.NFO,19/12/2024,09:19:48,24140,24140,2050,24142,150,100,2192400
NIFTY-II.NFO,19/12/2024,09:19:49,24140.05,24140,2300,24142,150,25,2192400
NIFTY-II.NFO,19/12/2024,09:19:51,24141,24140,2375,24143.85,25,450,2192400
NIFTY-II.NFO,19/12/2024,09:19:53,24143.9,24142,25,24144.2,25,50,2192400
NIFTY-II.NFO,19/12/2024,09:19:54,24144.2,24142,75,24145,950,175,2192400
NIFTY-II.NFO,19/12/2024,09:19:56,24142,24141.25,625,24145,900,175,2192400
NIFTY-II.NFO,19/12/2024,09:19:58,24144.95,24144.95,375,24149.55,50,950,2192400
NIFTY-II.NFO,19/12/2024,09:19:59,24145,24142.35,375,24148,25,175,2192400
NIFTY-II.NFO,19/12/2024,09:20:01,24148.05,24147.15,200,24150,650,225,2192400
NIFTY-II.NFO,19/12/2024,09:20:03,24159.4,24155.15,625,24160,25,1150,2192400
NIFTY-II.NFO,19/12/2024,09:20:04,24159.6,24160.25,200,24164.9,25,400,2192400
NIFTY-II.NFO,19/12/2024,09:20:06,24157.1,24153.45,200,24158.2,25,175,2192400
NIFTY-II.NFO,19/12/2024,09:20:08,24157,24152,100,24157.75,250,450,2192400
NIFTY-II.NFO,19/12/2024,09:20:09,24155,24155,200,24157.9,75,150,2192400
NIFTY-II.NFO,19/12/2024,09:20:11,24161.35,24161.4,200,24164.95,75,200,2192400
NIFTY-II.NFO,19/12/2024,09:20:13,24169.85,24161.75,375,24167.75,50,275,2192400
NIFTY-II.NFO,19/12/2024,09:20:14,24163.95,24160,25,24162.95,25,550,2192400
NIFTY-II.NFO,19/12/2024,09:20:16,24160.2,24160.2,25,24160.65,250,525,2192400
NIFTY-II.NFO,19/12/2024,09:20:18,24159.65,24156,50,24157.2,250,250,2192400
NIFTY-II.NFO,19/12/2024,09:20:19,24150.95,24150,75,24150.95,25,675,2192400
NIFTY-II.NFO,19/12/2024,09:20:21,24153.15,24147.55,375,24153.8,500,475,2192400
NIFTY-II.NFO,19/12/2024,09:20:23,24150.05,24145.8,25,24149.95,250,150,2192400
NIFTY-II.NFO,19/12/2024,09:20:24,24154.05,24150.95,25,24153.15,50,2025,2192400
NIFTY-II.NFO,19/12/2024,09:20:26,24150.75,24150.35,25,24153.75,25,225,2192400
NIFTY-II.NFO,19/12/2024,09:20:28,24152.9,24150.45,25,24151.5,25,125,2192400
NIFTY-II.NFO,19/12/2024,09:20:29,24150.75,24150.5,50,24152.95,475,100,2192400
NIFTY-II.NFO,19/12/2024,09:20:31,24150.4,24150.35,25,24151.45,425,725,2192400
NIFTY-II.NFO,19/12/2024,09:20:33,24150.6,24145.4,75,24150.1,50,575,2192400
NIFTY-II.NFO,19/12/2024,09:20:34,24148.8,24145.35,25,24147.7,250,100,2192400
NIFTY-II.NFO,19/12/2024,09:20:36,24149.25,24145,100,24149.3,125,225,2192400
NIFTY-II.NFO,19/12/2024,09:20:38,24145.3,24146.9,100,24152.35,275,250,2192400
NIFTY-II.NFO,19/12/2024,09:20:39,24147.95,24145.05,50,24149.25,100,575,2192400
NIFTY-II.NFO,19/12/2024,09:20:41,24146,24146,25,24147.85,50,150,2192400
NIFTY-II.NFO,19/12/2024,09:20:43,24147.4,24145.1,25,24148.4,25,125,2192400
NIFTY-II.NFO,19/12/2024,09:20:44,24150,24146.8,625,24150.75,25,150,2192400
NIFTY-II.NFO,19/12/2024,09:20:46,24149,24148,75,24148.55,200,175,2192400
NIFTY-II.NFO,19/12/2024,09:20:48,24148.1,24146.15,25,24147.35,50,200,2192400
NIFTY-II.NFO,19/12/2024,09:20:49,24148.2,24142.65,625,24148.25,250,2325,2192400
NIFTY-II.NFO,19/12/2024,09:20:51,24146.75,24142.75,25,24146.9,50,75,2192400
NIFTY-II.NFO,19/12/2024,09:20:53,24145,24142.75,25,24145.75,25,75,2192400
NIFTY-II.NFO,19/12/2024,09:20:54,24146.55,24145.1,50,24146.4,250,50,2192400
NIFTY-II.NFO,19/12/2024,09:20:56,24146.4,24145.05,25,24146.4,200,1025,2192400
NIFTY-II.NFO,19/12/2024,09:20:57,24144.4,24140.9,25,24144.35,250,250,2192400
NIFTY-II.NFO,19/12/2024,09:20:59,24140,24140,1025,24144.5,50,325,2192400
NIFTY-II.NFO,19/12/2024,09:21:01,24142.05,24137.6,25,24142.15,50,1825,2192400
NIFTY-II.NFO,19/12/2024,09:21:02,24142,24142,150,24142.95,25,225,2192400
NIFTY-II.NFO,19/12/2024,09:21:04,24144.15,24138.75,25,24143,50,275,2192400
NIFTY-II.NFO,19/12/2024,09:21:06,24142,24138.75,25,24142.15,25,100,2192400
NIFTY-II.NFO,19/12/2024,09:21:07,24137.7,24137.7,200,24139.15,75,200,2192400
NIFTY-II.NFO,19/12/2024,09:21:09,24135.6,24135.6,75,24136.3,125,400,2192400
NIFTY-II.NFO,19/12/2024,09:21:11,24135.05,24135,200,24138.5,25,450,2192400
NIFTY-II.NFO,19/12/2024,09:21:12,24135.05,24134,50,24135,75,275,2192400
NIFTY-II.NFO,19/12/2024,09:21:14,24135.5,24134.15,25,24136.3,250,125,2192400
NIFTY-II.NFO,19/12/2024,09:21:16,24133,24135,50,24136.3,250,100,2192400
NIFTY-II.NFO,19/12/2024,09:21:17,24137.9,24135.6,25,24137.9,50,75,2192400
NIFTY-II.NFO,19/12/2024,09:21:19,24135.05,24133.85,25,24138.8,250,150,2192400
NIFTY-II.NFO,19/12/2024,09:21:21,24131.45,24133.9,25,24138.8,250,150,2192400
NIFTY-II.NFO,19/12/2024,09:21:22,24131,24131.4,25,24137.6,50,175,2192400
NIFTY-II.NFO,19/12/2024,09:21:24,24131,24133.35,25,24137.6,75,0,2192400
NIFTY-II.NFO,19/12/2024,09:21:26,24135.1,24135.1,500,24141.45,250,325,2192400
NIFTY-II.NFO,19/12/2024,09:21:27,24136.55,24134.5,25,24139.8,25,75,2192400
NIFTY-II.NFO,19/12/2024,09:21:29,24139.55,24133.45,625,24138.95,25,250,2192400
NIFTY-II.NFO,19/12/2024,09:21:31,24136,24134.3,25,24136,25,150,2192400
NIFTY-II.NFO,19/12/2024,09:21:32,24136.05,24135.55,25,24140.45,75,50,2192400
NIFTY-II.NFO,19/12/2024,09:21:34,24141.5,24135.1,1000,24138.05,25,125,2192400
NIFTY-II.NFO,19/12/2024,09:21:36,24139.1,24136.05,50,24138,25,775,2192400
NIFTY-II.NFO,19/12/2024,09:21:37,24137.75,24135.1,700,24137.75,25,300,2192400
NIFTY-II.NFO,19/12/2024,09:21:39,24135.1,24135.1,400,24137.75,25,300,2192400
NIFTY-II.NFO,19/12/2024,09:21:41,24135,24132.1,25,24135,1000,800,2192400
NIFTY-II.NFO,19/12/2024,09:21:43,24131.1,24131,450,24135,800,250,2203100
NIFTY-II.NFO,19/12/2024,09:21:44,24135,24131.1,200,24135,750,300,2203100
NIFTY-II.NFO,19/12/2024,09:21:46,24135,24134.3,25,24135.1,25,825,2203100
NIFTY-II.NFO,19/12/2024,09:21:48,24137.3,24135,25,24138.1,250,125,2203100
NIFTY-II.NFO,19/12/2024,09:21:49,24138.1,24136.3,25,24138.9,25,100,2203100
NIFTY-II.NFO,19/12/2024,09:21:51,24139.7,24136.95,875,24142.85,250,500,2203100
NIFTY-II.NFO,19/12/2024,09:21:53,24142.9,24136.45,200,24142.35,125,125,2203100
NIFTY-II.NFO,19/12/2024,09:21:54,24137.3,24135,475,24140.15,50,100,2203100
NIFTY-II.NFO,19/12/2024,09:21:56,24139.1,24135,475,24139.75,100,2225,2203100
NIFTY-II.NFO,19/12/2024,09:21:58,24140.95,24138,25,24141.75,125,1875,2203100
NIFTY-II.NFO,19/12/2024,09:21:59,24143.35,24138.05,200,24143.45,50,1975,2203100
NIFTY-II.NFO,19/12/2024,09:22:01,24133.65,24133.65,25,24137.4,125,1350,2203100
NIFTY-II.NFO,19/12/2024,09:22:03,24138,24134.25,625,24138.85,125,100,2203100
NIFTY-II.NFO,19/12/2024,09:22:04,24134.4,24134.65,225,24140,250,175,2203100
NIFTY-II.NFO,19/12/2024,09:22:06,24134.5,24134.5,175,24138.25,25,350,2203100
NIFTY-II.NFO,19/12/2024,09:22:08,24140.7,24135.15,25,24141,200,125,2203100
NIFTY-II.NFO,19/12/2024,09:22:09,24139.05,24135.55,25,24140.1,25,125,2203100
NIFTY-II.NFO,19/12/2024,09:22:11,24140.15,24135.5,25,24140.5,625,2150,2203100
NIFTY-II.NFO,19/12/2024,09:22:13,24140,24136.8,600,24140.45,25,100,2203100
NIFTY-II.NFO,19/12/2024,09:22:14,24140,24140,1725,24141.4,25,175,2203100
NIFTY-II.NFO,19/12/2024,09:22:16,24140,24140,1200,24140.5,500,750,2203100
NIFTY-II.NFO,19/12/2024,09:22:18,24135.5,24137,250,24139.15,50,2100,2203100
NIFTY-II.NFO,19/12/2024,09:22:19,24137,24137,25,24137.45,125,750,2203100
NIFTY-II.NFO,19/12/2024,09:22:21,24135,24135,75,24136.85,75,2200,2203100
NIFTY-II.NFO,19/12/2024,09:22:23,24135,24135,50,24135.6,100,75,2203100
NIFTY-II.NFO,19/12/2024,09:22:24,24135.6,24133.65,25,24134.9,50,500,2203100
NIFTY-II.NFO,19/12/2024,09:22:26,24131.1,24131.15,25,24135.15,25,175,2203100
NIFTY-II.NFO,19/12/2024,09:22:28,24134.4,24131.1,25,24131.95,25,275,2203100
NIFTY-II.NFO,19/12/2024,09:22:29,24131,24131,100,24134.9,500,400,2203100
NIFTY-II.NFO,19/12/2024,09:22:31,24131,24131.1,50,24134.95,125,0,2203100
NIFTY-II.NFO,19/12/2024,09:22:33,24130.05,24131,25,24132.95,500,300,2203100
NIFTY-II.NFO,19/12/2024,09:22:34,24131.5,24130,3000,24132.05,500,50,2203100
NIFTY-II.NFO,19/12/2024,09:22:36,24130,24130,2625,24135,25,525,2203100
NIFTY-II.NFO,19/12/2024,09:22:38,24130,24130,2100,24130.8,125,625,2203100
NIFTY-II.NFO,19/12/2024,09:22:39,24130.95,24129,25,24129.95,25,2650,2203100
NIFTY-II.NFO,19/12/2024,09:22:41,24126.05,24126.05,25,24131.1,25,2625,2203100
NIFTY-II.NFO,19/12/2024,09:22:43,24126.05,24126.05,25,24131,250,0,2203100
NIFTY-II.NFO,19/12/2024,09:22:44,24131.15,24125,1500,24131.5,25,1225,2203100
NIFTY-II.NFO,19/12/2024,09:22:46,24125,24125,1325,24125.5,25,1425,2203100
NIFTY-II.NFO,19/12/2024,09:22:48,24125,24125,800,24126,50,725,2203100
NIFTY-II.NFO,19/12/2024,09:22:49,24125,24126,25,24127.45,25,1100,2203100
NIFTY-II.NFO,19/12/2024,09:22:51,24121.15,24121.35,275,24124.9,25,475,2203100
NIFTY-II.NFO,19/12/2024,09:22:51,24121.15,24121.35,275,24124.9,25,0,2203100
NIFTY-II.NFO,19/12/2024,09:22:53,24122.15,24122.8,25,24124.85,50,375,2203100
NIFTY-II.NFO,19/12/2024,09:22:54,24123.6,24123.15,25,24124.15,25,175,2203100
NIFTY-II.NFO,19/12/2024,09:22:56,24122.5,24121.75,25,24122.45,25,450,2203100
NIFTY-II.NFO,19/12/2024,09:22:58,24122.15,24121.05,50,24122.75,25,125,2203100
NIFTY-II.NFO,19/12/2024,09:22:59,24121.35,24121.05,75,24122.55,25,375,2203100
NIFTY-II.NFO,19/12/2024,09:22:59,24121,24121.05,75,24122.55,25,0,2203100
NIFTY-II.NFO,19/12/2024,09:23:01,24122.55,24122.55,225,24122.75,25,225,2203100
NIFTY-II.NFO,19/12/2024,09:23:03,24122.55,24122.55,100,24122.95,25,325,2203100
NIFTY-II.NFO,19/12/2024,09:23:04,24122.55,24122.55,50,24123.5,25,325,2203100
NIFTY-II.NFO,19/12/2024,09:23:06,24122.95,24122.95,25,24124.95,25,25,2203100
NIFTY-II.NFO,19/12/2024,09:23:08,24124.95,24122,25,24124.95,25,225,2203100
NIFTY-II.NFO,19/12/2024,09:23:09,24121,24121,125,24123.4,25,225,2203100
NIFTY-II.NFO,19/12/2024,09:23:11,24122.05,24121,125,24124.95,25,75,2203100
NIFTY-II.NFO,19/12/2024,09:23:13,24122,24121,125,24123.7,25,200,2203100
NIFTY-II.NFO,19/12/2024,09:23:14,24125,24121,100,24124.95,25,175,2203100
NIFTY-II.NFO,19/12/2024,09:23:16,24122,24121,100,24124.95,25,75,2203100
NIFTY-II.NFO,19/12/2024,09:23:18,24123.7,24121,100,24123.05,25,425,2203100
NIFTY-II.NFO,19/12/2024,09:23:19,24124.95,24121,50,24123.4,25,150,2203100
NIFTY-II.NFO,19/12/2024,09:23:21,24124.6,24123,425,24124.95,25,250,2203100
NIFTY-II.NFO,19/12/2024,09:23:23,24124.95,24123.4,250,24124.95,25,100,2203100
NIFTY-II.NFO,19/12/2024,09:23:24,24125,24123.4,250,24124.95,25,1650,2203100
NIFTY-II.NFO,19/12/2024,09:23:26,24123.45,24123.05,75,24127.9,25,250,2203100
NIFTY-II.NFO,19/12/2024,09:23:28,24130,24130,150,24131.2,500,1200,2203100
NIFTY-II.NFO,19/12/2024,09:23:29,24130,24125.1,50,24130.45,25,200,2203100
NIFTY-II.NFO,19/12/2024,09:23:31,24130.5,24125.05,125,24130.35,25,275,2203100
NIFTY-II.NFO,19/12/2024,09:23:33,24130,24127.9,25,24129.95,25,375,2203100
NIFTY-II.NFO,19/12/2024,09:23:34,24127.9,24125.15,125,24129.95,25,175,2203100
NIFTY-II.NFO,19/12/2024,09:23:36,24135.95,24132.1,125,24135.95,25,225,2203100
NIFTY-II.NFO,19/12/2024,09:23:38,24135.45,24130,25,24135.45,150,250,2203100
NIFTY-II.NFO,19/12/2024,09:23:39,24132.3,24133.2,250,24135.95,25,100,2203100
NIFTY-II.NFO,19/12/2024,09:23:41,24140,24137.05,25,24139.95,25,300,2203100
NIFTY-II.NFO,19/12/2024,09:23:43,24137.3,24136.05,25,24139.75,125,75,2203100
NIFTY-II.NFO,19/12/2024,09:23:45,24140,24136,100,24139.95,25,175,2203100
NIFTY-II.NFO,19/12/2024,09:23:46,24139.85,24136,100,24139.9,25,125,2203100
NIFTY-II.NFO,19/12/2024,09:23:48,24141.8,24140,375,24143.3,25,275,2203100
NIFTY-II.NFO,19/12/2024,09:23:50,24143.3,24140.05,25,24143.3,25,25,2203100
NIFTY-II.NFO,19/12/2024,09:23:51,24140.1,24140.1,50,24143.3,25,75,2203100
NIFTY-II.NFO,19/12/2024,09:23:53,24145,24143.35,25,24144.95,25,250,2203100
NIFTY-II.NFO,19/12/2024,09:23:55,24145,24143.35,25,24145,25,250,2203100
NIFTY-II.NFO,19/12/2024,09:23:56,24143.3,24143.3,75,24144.15,25,175,2203100
NIFTY-II.NFO,19/12/2024,09:23:58,24145,24141.05,25,24145.05,25,250,2203100
NIFTY-II.NFO,19/12/2024,09:24:00,24140,24140,100,24145.2,25,925,2203100
NIFTY-II.NFO,19/12/2024,09:24:01,24145.8,24145.05,25,24147.05,250,125,2203100
NIFTY-II.NFO,19/12/2024,09:24:03,24145,24145,275,24146.85,100,250,2203100
NIFTY-II.NFO,19/12/2024,09:24:05,24145.55,24145.05,25,24145.45,75,75,2203100
NIFTY-II.NFO,19/12/2024,09:24:06,24145.45,24145.4,100,24145.5,50,75,2203100
NIFTY-II.NFO,19/12/2024,09:24:08,24148.55,24146.9,25,24147.4,50,5300,2203100
NIFTY-II.NFO,19/12/2024,09:24:10,24147.95,24146.2,125,24149.85,25,125,2203100
NIFTY-II.NFO,19/12/2024,09:24:11,24149.85,24147.45,50,24150,625,100,2203100
NIFTY-II.NFO,19/12/2024,09:24:13,24150,24151.05,25,24155.05,25,650,2203100
NIFTY-II.NFO,19/12/2024,09:24:15,24155,24152.1,25,24155.05,25,25,2203100
NIFTY-II.NFO,19/12/2024,09:24:16,24159.95,24156.1,25,24159.95,25,100,2203100
NIFTY-II.NFO,19/12/2024,09:24:18,24160,24157.25,25,24161.7,50,75,2203100
NIFTY-II.NFO,19/12/2024,09:24:20,24162.45,24157.25,25,24160.95,125,25,2203100
NIFTY-II.NFO,19/12/2024,09:24:21,24163.1,24160.05,25,24161.85,125,350,2203100
NIFTY-II.NFO,19/12/2024,09:24:23,24160.9,24158.1,25,24163,25,425,2203100
NIFTY-II.NFO,19/12/2024,09:24:25,24161.4,24160,50,24161.15,475,350,2203100
NIFTY-II.NFO,19/12/2024,09:24:26,24158.35,24155.1,25,24157.05,25,250,2203100
NIFTY-II.NFO,19/12/2024,09:24:28,24157.9,24155.05,25,24158.85,75,50,2203100
NIFTY-II.NFO,19/12/2024,09:24:30,24158.25,24155,25,24158.75,625,250,2203100
NIFTY-II.NFO,19/12/2024,09:24:31,24157.85,24152.3,25,24155.9,25,100,2203100
NIFTY-II.NFO,19/12/2024,09:24:33,24156.95,24150,475,24155.95,25,125,2203100
NIFTY-II.NFO,19/12/2024,09:24:35,24156.4,24150,450,24153.95,25,250,2203100
NIFTY-II.NFO,19/12/2024,09:24:36,24155.75,24155.85,25,24156.05,25,150,2203100
NIFTY-II.NFO,19/12/2024,09:24:38,24154.95,24150.1,500,24155.3,150,175,2203100
NIFTY-II.NFO,19/12/2024,09:24:40,24154.95,24150.1,500,24154.95,25,0,2203100
NIFTY-II.NFO,19/12/2024,09:24:41,24154,24150.1,500,24154.95,625,50,2203100
NIFTY-II.NFO,19/12/2024,09:24:43,24154.4,24150,350,24152.95,25,975,2215125
NIFTY-II.NFO,19/12/2024,09:24:45,24150,24150.05,25,24153.35,50,125,2215125
NIFTY-II.NFO,19/12/2024,09:24:46,24150,24149.85,50,24154.95,75,550,2215125
NIFTY-II.NFO,19/12/2024,09:24:48,24151.95,24147.95,25,24152.4,175,100,2215125
NIFTY-II.NFO,19/12/2024,09:24:50,24153.55,24146.1,200,24152.55,50,350,2215125
NIFTY-II.NFO,19/12/2024,09:24:51,24146.1,24151,25,24152.55,25,25,2215125
NIFTY-II.NFO,19/12/2024,09:24:53,24149.05,24146,25,24150.95,25,125,2215125
NIFTY-II.NFO,19/12/2024,09:24:55,24153.25,24148.05,25,24152.85,25,125,2215125
NIFTY-II.NFO,19/12/2024,09:24:56,24145.45,24150,25,24152.85,25,175,2215125
NIFTY-II.NFO,19/12/2024,09:24:58,24145.45,24150,25,24152.5,75,0,2215125
NIFTY-II.NFO,19/12/2024,09:25:00,24152.45,24150.05,25,24155,50,75,2215125
NIFTY-II.NFO,19/12/2024,09:25:01,24152.45,24150.05,200,24152.45,25,0,2215125
NIFTY-II.NFO,19/12/2024,09:25:03,24152.45,24151.1,200,24155,250,50,2215125
NIFTY-II.NFO,19/12/2024,09:25:05,24155,24150.1,200,24155,175,125,2215125
NIFTY-II.NFO,19/12/2024,09:25:06,24155,24151.1,200,24155,100,75,2215125
NIFTY-II.NFO,19/12/2024,09:25:08,24155,24152.45,25,24155,25,75,2215125
NIFTY-II.NFO,19/12/2024,09:25:10,24151.95,24146.05,75,24152.9,250,975,2215125
NIFTY-II.NFO,19/12/2024,09:25:11,24149.95,24145.45,75,24150.9,200,100,2215125
NIFTY-II.NFO,19/12/2024,09:25:13,24150,24145.45,50,24151.8,250,250,2215125
NIFTY-II.NFO,19/12/2024,09:25:15,24149.95,24145.45,75,24150.95,25,150,2215125
NIFTY-II.NFO,19/12/2024,09:25:16,24150.95,24150.95,1425,24151.3,25,150,2215125
NIFTY-II.NFO,19/12/2024,09:25:18,24156,24155.05,25,24160,250,300,2215125
NIFTY-II.NFO,19/12/2024,09:25:20,24156,24151,200,24154,200,0,2215125
NIFTY-II.NFO,19/12/2024,09:25:21,24154,24151.1,175,24154,175,175,2215125
NIFTY-II.NFO,19/12/2024,09:25:23,24156.05,24156.05,25,24160,250,225,2215125
NIFTY-II.NFO,19/12/2024,09:25:25,24160,24156.3,125,24160,150,150,2215125
NIFTY-II.NFO,19/12/2024,09:25:26,24160,24156.1,125,24160,125,25,2215125
NIFTY-II.NFO,19/12/2024,09:25:28,24160,24155.05,125,24160,125,0,2215125
NIFTY-II.NFO,19/12/2024,09:25:30,24160,24155,50,24158.95,25,100,2215125
NIFTY-II.NFO,19/12/2024,09:25:31,24160,24155,100,24160,25,125,2215125
NIFTY-II.NFO,19/12/2024,09:25:33,24159.95,24155,100,24160,175,300,2215125
NIFTY-II.NFO,19/12/2024,09:25:35,24160.05,24156.05,25,24160.1,175,125,2215125
NIFTY-II.NFO,19/12/2024,09:25:36,24160.95,24155,50,24158.95,25,400,2215125
NIFTY-II.NFO,19/12/2024,09:25:38,24155,24155,50,24157.75,75,175,2215125
NIFTY-II.NFO,19/12/2024,09:25:40,24155,24155,25,24159.2,500,50,2215125
NIFTY-II.NFO,19/12/2024,09:25:41,24158,24156.05,25,24159,25,100,2215125
NIFTY-II.NFO,19/12/2024,09:25:43,24159,24156.1,25,24160,25,50,2215125
NIFTY-II.NFO,19/12/2024,09:25:45,24160,24160,1200,24160.05,25,350,2215125
NIFTY-II.NFO,19/12/2024,09:25:46,24160,24160,1000,24160.05,25,200,2215125
NIFTY-II.NFO,19/12/2024,09:25:48,24160,24160,825,24160.95,25,200,2215125
NIFTY-II.NFO,19/12/2024,09:25:50,24160.1,24160,875,24161.8,25,75,2215125
NIFTY-II.NFO,19/12/2024,09:25:51,24162.55,24160,1125,24161.75,25,325,2215125
NIFTY-II.NFO,19/12/2024,09:25:53,24162.8,24160,1125,24162.8,25,400,2215125
NIFTY-II.NFO,19/12/2024,09:25:55,24159,24156.1,200,24160.95,25,1200,2215125
NIFTY-II.NFO,19/12/2024,09:25:57,24163,24159.05,25,24163,250,75,2215125
NIFTY-II.NFO,19/12/2024,09:25:58,24160.1,24160.05,25,24161.85,25,75,2215125
NIFTY-II.NFO,19/12/2024,09:26:00,24163,24158.3,50,24163,150,150,2215125
NIFTY-II.NFO,19/12/2024,09:26:02,24163,24159.05,25,24163,125,125,2215125
NIFTY-II.NFO,19/12/2024,09:26:03,24163,24160.95,25,24163,50,75,2215125
NIFTY-II.NFO,19/12/2024,09:26:05,24163.95,24160.95,25,24163.65,625,750,2215125
NIFTY-II.NFO,19/12/2024,09:26:07,24163.15,24160.95,25,24163.75,1250,25,2215125
NIFTY-II.NFO,19/12/2024,09:26:08,24160.95,24156.1,75,24159.95,25,75,2215125
NIFTY-II.NFO,19/12/2024,09:26:10,24160.7,24156.05,25,24159.95,25,125,2215125
NIFTY-II.NFO,19/12/2024,09:26:12,24150.95,24158.05,25,24162.45,200,2275,2215125
NIFTY-II.NFO,19/12/2024,09:26:13,24161.95,24154.15,375,24161.5,125,600,2215125
NIFTY-II.NFO,19/12/2024,09:26:15,24159.95,24151.6,200,24158.95,25,125,2215125
NIFTY-II.NFO,19/12/2024,09:26:17,24162.85,24156.05,25,24162.55,50,900,2215125
NIFTY-II.NFO,19/12/2024,09:26:18,24162.85,24157.1,200,24160.45,25,0,2215125
NIFTY-II.NFO,19/12/2024,09:26:20,24160.45,24162,25,24163,250,25,2215125
NIFTY-II.NFO,19/12/2024,09:26:22,24163,24159.1,200,24163,175,75,2215125
NIFTY-II.NFO,19/12/2024,09:26:23,24163,24159.3,250,24163,175,0,2215125
NIFTY-II.NFO,19/12/2024,09:26:25,24163,24158.95,25,24163,125,50,2215125
NIFTY-II.NFO,19/12/2024,09:26:27,24161.45,24158.95,25,24161.55,25,100,2215125
NIFTY-II.NFO,19/12/2024,09:26:28,24163,24159.05,25,24163,50,175,2215125
NIFTY-II.NFO,19/12/2024,09:26:30,24158.95,24154.1,200,24159.7,625,100,2215125
NIFTY-II.NFO,19/12/2024,09:26:32,24158.95,24155.1,200,24160,125,0,2215125
NIFTY-II.NFO,19/12/2024,09:26:33,24160,24154.05,25,24158.8,625,25,2215125
NIFTY-II.NFO,19/12/2024,09:26:35,24152.1,24156.5,200,24159.9,25,25,2215125
NIFTY-II.NFO,19/12/2024,09:26:37,24163.6,24160.05,25,24163.9,25,200,2215125
NIFTY-II.NFO,19/12/2024,09:26:38,24163.6,24163,25,24163.9,25,0,2215125
NIFTY-II.NFO,19/12/2024,09:26:40,24164.75,24161.05,25,24164.75,600,125,2215125
NIFTY-II.NFO,19/12/2024,09:26:42,24164.75,24161.05,25,24165,75,0,2215125
NIFTY-II.NFO,19/12/2024,09:26:43,24164.75,24160.05,200,24165,75,0,2215125
NIFTY-II.NFO,19/12/2024,09:26:45,24164.55,24161,25,24164.55,650,25,2215125
NIFTY-II.NFO,19/12/2024,09:26:47,24161.05,24161,25,24161.05,25,350,2215125
NIFTY-II.NFO,19/12/2024,09:26:48,24158.8,24154.05,525,24160.15,175,250,2215125
NIFTY-II.NFO,19/12/2024,09:26:50,24159,24155,25,24158.9,625,275,2215125
NIFTY-II.NFO,19/12/2024,09:26:52,24156.8,24154.05,525,24156.8,625,100,2215125
NIFTY-II.NFO,19/12/2024,09:26:53,24158.75,24155.05,25,24158.75,450,100,2215125
NIFTY-II.NFO,19/12/2024,09:26:55,24155,24154.05,500,24156.5,25,75,2215125
NIFTY-II.NFO,19/12/2024,09:26:56,24155,24154.05,425,24156.5,50,150,2215125
NIFTY-II.NFO,19/12/2024,09:26:58,24157.75,24154.05,425,24157.75,75,25,2215125
NIFTY-II.NFO,19/12/2024,09:27:00,24157.75,24155.35,250,24157.75,25,75,2215125
NIFTY-II.NFO,19/12/2024,09:27:01,24158.8,24155.05,25,24158,500,75,2215125
NIFTY-II.NFO,19/12/2024,09:27:03,24157.75,24155,25,24157.75,25,50,2215125
NIFTY-II.NFO,19/12/2024,09:27:05,24155,24152.85,25,24154.5,625,625,2215125
NIFTY-II.NFO,19/12/2024,09:27:06,24155,24154.9,25,24155.2,50,50,2215125
NIFTY-II.NFO,19/12/2024,09:27:08,24152.85,24151,25,24155.05,625,175,2215125
NIFTY-II.NFO,19/12/2024,09:27:10,24152.35,24150,2550,24152.85,625,1750,2215125
NIFTY-II.NFO,19/12/2024,09:27:11,24153,24150,2625,24154.15,625,25,2215125
NIFTY-II.NFO,19/12/2024,09:27:13,24155.85,24150.05,275,24155.6,1225,150,2215125
NIFTY-II.NFO,19/12/2024,09:27:15,24150,24150,2625,24152.85,50,925,2215125
NIFTY-II.NFO,19/12/2024,09:27:16,24152.35,24150.05,200,24152.85,50,125,2215125
NIFTY-II.NFO,19/12/2024,09:27:18,24152.85,24152.45,25,24156.85,100,125,2215125
NIFTY-II.NFO,19/12/2024,09:27:20,24152.85,24152.45,25,24155.3,625,0,2215125
NIFTY-II.NFO,19/12/2024,09:27:21,24154.15,24152.35,25,24153.3,625,450,2215125
NIFTY-II.NFO,19/12/2024,09:27:23,24153.75,24150,2525,24153.55,125,125,2215125
NIFTY-II.NFO,19/12/2024,09:27:25,24152.45,24150,2575,24152.4,75,650,2215125
NIFTY-II.NFO,19/12/2024,09:27:26,24151.5,24150,2025,24151.7,50,675,2215125
NIFTY-II.NFO,19/12/2024,09:27:28,24156.15,24150,2100,24153.9,500,2550,2215125
NIFTY-II.NFO,19/12/2024,09:27:30,24154.55,24153.9,25,24155.2,300,625,2215125
NIFTY-II.NFO,19/12/2024,09:27:31,24153.9,24152.35,25,24154.5,25,25,2215125
NIFTY-II.NFO,19/12/2024,09:27:33,24153.6,24150,1850,24152.9,350,50,2215125
NIFTY-II.NFO,19/12/2024,09:27:35,24150,24150,1775,24153.3,50,75,2215125
NIFTY-II.NFO,19/12/2024,09:27:36,24153.65,24151,25,24153,25,550,2215125
NIFTY-II.NFO,19/12/2024,09:27:38,24150.05,24150,1825,24153,50,100,2215125
NIFTY-II.NFO,19/12/2024,09:27:40,24153.75,24150,2475,24154.85,650,50,2215125
NIFTY-II.NFO,19/12/2024,09:27:41,24153.75,24150,2500,24153.5,25,0,2215125
NIFTY-II.NFO,19/12/2024,09:27:43,24153.05,24150,3200,24152.95,250,100,2226700
NIFTY-II.NFO,19/12/2024,09:27:45,24151.15,24150.5,25,24151.15,525,125,2226700
NIFTY-II.NFO,19/12/2024,09:27:46,24150,24150,3025,24151,475,300,2226700
NIFTY-II.NFO,19/12/2024,09:27:48,24150,24150,3000,24151.35,550,125,2226700
NIFTY-II.NFO,19/12/2024,09:27:50,24150,24150,2075,24151.2,550,925,2226700
NIFTY-II.NFO,19/12/2024,09:27:51,24150,24150,1225,24150.55,400,1075,2226700
NIFTY-II.NFO,19/12/2024,09:27:53,24150.4,24150,1100,24150.4,425,175,2226700
NIFTY-II.NFO,19/12/2024,09:27:55,24148.95,24145,50,24148.95,25,1750,2226700
NIFTY-II.NFO,19/12/2024,09:27:56,24145,24144.05,25,24149.4,25,100,2226700
NIFTY-II.NFO,19/12/2024,09:27:58,24149.2,24144,25,24149.5,25,125,2226700
NIFTY-II.NFO,19/12/2024,09:28:00,24143.4,24142.35,25,24148.95,100,75,2226700
NIFTY-II.NFO,19/12/2024,09:28:01,24147.95,24145,25,24148.95,25,25,2226700
NIFTY-II.NFO,19/12/2024,09:28:03,24148.9,24142.05,25,24148.9,100,700,2226700
NIFTY-II.NFO,19/12/2024,09:28:05,24142.05,24141.1,200,24147.9,100,25,2226700
NIFTY-II.NFO,19/12/2024,09:28:06,24142.05,24144.05,25,24148.05,25,0,2226700
NIFTY-II.NFO,19/12/2024,09:28:08,24146.05,24145.05,25,24149.75,150,275,2226700
NIFTY-II.NFO,19/12/2024,09:28:10,24145,24142.2,350,24149.5,150,100,2226700
NIFTY-II.NFO,19/12/2024,09:28:11,24140.8,24141.35,50,24145.9,75,125,2226700
NIFTY-II.NFO,19/12/2024,09:28:13,24145.9,24140.15,75,24145.9,50,50,2226700
NIFTY-II.NFO,19/12/2024,09:28:15,24143.5,24145.9,25,24148.6,25,75,2226700
NIFTY-II.NFO,19/12/2024,09:28:16,24145.9,24144.05,25,24148.15,25,25,2226700
NIFTY-II.NFO,19/12/2024,09:28:18,24146.05,24145.05,25,24149.15,25,100,2226700
NIFTY-II.NFO,19/12/2024,09:28:20,24145.9,24144.05,25,24149.95,25,100,2226700
NIFTY-II.NFO,19/12/2024,09:28:21,24149.5,24145,150,24150.25,625,975,2226700
NIFTY-II.NFO,19/12/2024,09:28:23,24145,24145.05,25,24150.7,625,150,2226700
NIFTY-II.NFO,19/12/2024,09:28:25,24145,24145,125,24148.7,25,0,2226700
NIFTY-II.NFO,19/12/2024,09:28:26,24148,24145.05,25,24149.25,625,325,2226700
NIFTY-II.NFO,19/12/2024,09:28:28,24148,24146.05,25,24150.15,625,0,2226700
NIFTY-II.NFO,19/12/2024,09:28:30,24148,24144.3,50,24149.95,25,100,2226700
NIFTY-II.NFO,19/12/2024,09:28:31,24149.95,24145.05,25,24150.5,625,25,2226700
NIFTY-II.NFO,19/12/2024,09:28:33,24147.7,24141.6,75,24147.7,600,100,2226700
NIFTY-II.NFO,19/12/2024,09:28:35,24147.95,24146,1000,24148.2,25,625,2226700
NIFTY-II.NFO,19/12/2024,09:28:36,24146,24147,1000,24148.15,25,125,2226700
NIFTY-II.NFO,19/12/2024,09:28:38,24146,24147.95,50,24149.3,625,0,2226700
NIFTY-II.NFO,19/12/2024,09:28:40,24148.9,24147,1000,24149,625,150,2226700
NIFTY-II.NFO,19/12/2024,09:28:41,24147,24148,1000,24148.75,575,1000,2226700
NIFTY-II.NFO,19/12/2024,09:28:43,24148,24148,600,24148.45,625,1550,2226700
NIFTY-II.NFO,19/12/2024,09:28:45,24148,24148,325,24149.6,25,1325,2226700
NIFTY-II.NFO,19/12/2024,09:28:46,24148.7,24146,825,24148.75,450,475,2226700
NIFTY-II.NFO,19/12/2024,09:28:48,24148.6,24148,825,24148.55,50,500,2226700
NIFTY-II.NFO,19/12/2024,09:28:50,24148,24148,1550,24148.7,50,350,2226700
NIFTY-II.NFO,19/12/2024,09:28:51,24146,24146,675,24146.5,450,1750,2226700
NIFTY-II.NFO,19/12/2024,09:28:53,24148,24146,525,24147.85,25,1225,2226700
NIFTY-II.NFO,19/12/2024,09:28:55,24144.95,24141,50,24146.3,25,900,2226700
NIFTY-II.NFO,19/12/2024,09:28:56,24140,24140,900,24145.95,25,1125,2226700
NIFTY-II.NFO,19/12/2024,09:28:58,24144.95,24140.05,75,24144.95,25,25,2226700
NIFTY-II.NFO,19/12/2024,09:29:00,24140.05,24144.95,600,24146.9,25,25,2226700
NIFTY-II.NFO,19/12/2024,09:29:01,24144.95,24144.95,200,24146.35,25,400,2226700
NIFTY-II.NFO,19/12/2024,09:29:03,24144.95,24145,1000,24145.85,25,50,2226700
NIFTY-II.NFO,19/12/2024,09:29:05,24145,24145,725,24146.05,625,275,2226700
NIFTY-II.NFO,19/12/2024,09:29:06,24145,24145,150,24147,75,625,2226700
NIFTY-II.NFO,19/12/2024,09:29:08,24140,24140,1300,24143.85,75,350,2226700
NIFTY-II.NFO,19/12/2024,09:29:10,24140,24140,1300,24143.4,75,0,2226700
NIFTY-II.NFO,19/12/2024,09:29:11,24142.65,24140.05,200,24142.65,25,250,2226700
NIFTY-II.NFO,19/12/2024,09:29:13,24140,24140.05,200,24145.95,25,650,2226700
NIFTY-II.NFO,19/12/2024,09:29:15,24140,24140,1025,24143.95,25,0,2226700
NIFTY-II.NFO,19/12/2024,09:29:16,24144.85,24140.05,200,24144.95,25,75,2226700
NIFTY-II.NFO,19/12/2024,09:29:18,24140,24140,950,24144.55,75,450,2226700
NIFTY-II.NFO,19/12/2024,09:29:20,24140,24140,875,24143.45,25,200,2226700
NIFTY-II.NFO,19/12/2024,09:29:21,24143.95,24140,775,24143.95,600,200,2226700
NIFTY-II.NFO,19/12/2024,09:29:23,24142,24140,800,24143.95,1250,25,2226700
NIFTY-II.NFO,19/12/2024,09:29:25,24140,24140,775,24142.5,625,75,2226700
NIFTY-II.NFO,19/12/2024,09:29:26,24140,24140,325,24142.2,625,525,2226700
NIFTY-II.NFO,19/12/2024,09:29:28,24140,24140,275,24142.25,625,125,2226700
NIFTY-II.NFO,19/12/2024,09:29:30,24140,24140,125,24144.05,150,300,2226700
NIFTY-II.NFO,19/12/2024,09:29:31,24138.05,24138.05,125,24142.95,25,350,2226700
NIFTY-II.NFO,19/12/2024,09:29:33,24140,24136.15,25,24140.65,25,200,2226700
NIFTY-II.NFO,19/12/2024,09:29:35,24140.9,24136.2,75,24141.15,200,125,2226700
NIFTY-II.NFO,19/12/2024,09:29:36,24136.2,24136.45,50,24140,50,25,2226700
NIFTY-II.NFO,19/12/2024,09:29:38,24136.15,24136,25,24140,50,25,2226700
NIFTY-II.NFO,19/12/2024,09:29:40,24140,24136.05,75,24141.7,300,50,2226700
NIFTY-II.NFO,19/12/2024,09:29:42,24136.05,24136.05,75,24140.95,25,75,2226700
NIFTY-II.NFO,19/12/2024,09:29:43,24141.4,24136.05,75,24141.9,825,125,2226700
NIFTY-II.NFO,19/12/2024,09:29:45,24136.2,24136.2,25,24140,25,50,2226700
NIFTY-II.NFO,19/12/2024,09:29:47,24136.15,24136.15,125,24140.95,25,200,2226700
NIFTY-II.NFO,19/12/2024,09:29:48,24136.35,24136.35,125,24142,50,125,2226700
NIFTY-II.NFO,19/12/2024,09:29:50,24136.25,24136.35,50,24142,25,75,2226700
NIFTY-II.NFO,19/12/2024,09:29:52,24135,24135.05,75,24140.95,25,350,2226700
NIFTY-II.NFO,19/12/2024,09:29:53,24135,24135.05,75,24141.8,900,100,2226700
NIFTY-II.NFO,19/12/2024,09:29:55,24135,24135,1175,24139.3,250,0,2226700
NIFTY-II.NFO,19/12/2024,09:29:56,24138.9,24135,1175,24138.8,200,25,2226700
NIFTY-II.NFO,19/12/2024,09:29:58,24135,24135,1075,24137.6,200,125,2226700
NIFTY-II.NFO,19/12/2024,09:30:00,24135,24135,525,24135.25,200,575,2226700
NIFTY-II.NFO,19/12/2024,09:30:01,24132,24131.1,75,24135.85,25,575,2226700
NIFTY-II.NFO,19/12/2024,09:30:03,24142,24135.25,25,24142,100,50,2226700
NIFTY-II.NFO,19/12/2024,09:30:05,24135.2,24135,250,24140.95,25,50,2226700
NIFTY-II.NFO,19/12/2024,09:30:06,24139.9,24136.05,25,24139.1,25,25,2226700
NIFTY-II.NFO,19/12/2024,09:30:08,24139.95,24135,150,24136.15,300,200,2226700
NIFTY-II.NFO,19/12/2024,09:30:10,24134,24134,25,24136.15,250,300,2226700
NIFTY-II.NFO,19/12/2024,09:30:11,24136.15,24131.5,75,24136.15,150,425,2226700
NIFTY-II.NFO,19/12/2024,09:30:13,24131.1,24131.1,25,24135.95,25,125,2226700
NIFTY-II.NFO,19/12/2024,09:30:15,24135.95,24131.1,25,24136.15,125,100,2226700
NIFTY-II.NFO,19/12/2024,09:30:16,24131.1,24131,575,24136.1,25,100,2226700
NIFTY-II.NFO,19/12/2024,09:30:18,24136,24135,25,24137.25,325,225,2226700
NIFTY-II.NFO,19/12/2024,09:30:20,24135.9,24131.05,200,24135.9,200,1900,2226700
NIFTY-II.NFO,19/12/2024,09:30:21,24136.6,24131.05,150,24136.6,200,400,2226700
NIFTY-II.NFO,19/12/2024,09:30:23,24135.6,24131.05,100,24135.9,25,200,2226700
NIFTY-II.NFO,19/12/2024,09:30:25,24135.9,24131.8,25,24136.3,50,25,2226700
NIFTY-II.NFO,19/12/2024,09:30:26,24135,24131.1,100,24136.55,25,425,2226700
NIFTY-II.NFO,19/12/2024,09:30:28,24135,24131.15,75,24136.5,50,150,2226700
NIFTY-II.NFO,19/12/2024,09:30:30,24131.15,24132.3,50,24135.95,25,50,2226700
NIFTY-II.NFO,19/12/2024,09:30:31,24136.5,24131.15,75,24136.5,25,200,2226700
NIFTY-II.NFO,19/12/2024,09:30:33,24137.4,24131.8,200,24138,25,100,2226700
NIFTY-II.NFO,19/12/2024,09:30:35,24137.95,24131.15,225,24137.65,25,275,2226700
NIFTY-II.NFO,19/12/2024,09:30:36,24136.95,24136.95,25,24137.65,25,175,2226700
NIFTY-II.NFO,19/12/2024,09:30:38,24131.15,24131.15,150,24135,100,275,2226700
NIFTY-II.NFO,19/12/2024,09:30:40,24131.6,24131.15,75,24135,100,100,2226700
NIFTY-II.NFO,19/12/2024,09:30:41,24135,24131.15,75,24135,25,75,2226700
NIFTY-II.NFO,19/12/2024,09:30:43,24131.15,24131.15,25,24135,25,75,2234375
NIFTY-II.NFO,19/12/2024,09:30:45,24137,24131.75,125,24137.85,500,350,2234375
NIFTY-II.NFO,19/12/2024,09:30:46,24131.75,24131.5,300,24135,250,50,2234375
NIFTY-II.NFO,19/12/2024,09:30:48,24135,24135,325,24137.85,500,350,2234375
NIFTY-II.NFO,19/12/2024,09:30:50,24135,24135,300,24137.85,250,275,2234375
NIFTY-II.NFO,19/12/2024,09:30:51,24135,24135,150,24137.75,200,150,2234375
NIFTY-II.NFO,19/12/2024,09:30:53,24135,24135,125,24137.1,50,225,2234375
NIFTY-II.NFO,19/12/2024,09:30:55,24135,24132,250,24135,1025,150,2234375
NIFTY-II.NFO,19/12/2024,09:30:56,24134.95,24132,175,24135,1025,100,2234375
NIFTY-II.NFO,19/12/2024,09:30:58,24132,24132.05,200,24135,1125,25,2234375
NIFTY-II.NFO,19/12/2024,09:31:00,24135,24132,125,24135,1100,250,2234375
NIFTY-II.NFO,19/12/2024,09:31:01,24135,24132,125,24135,525,575,2234375
NIFTY-II.NFO,19/12/2024,09:31:03,24130.05,24130.05,250,24131.75,1100,675,2234375
NIFTY-II.NFO,19/12/2024,09:31:05,24131.75,24131.3,175,24135,500,1175,2234375
NIFTY-II.NFO,19/12/2024,09:31:06,24130,24130,100,24135,475,125,2234375
NIFTY-II.NFO,19/12/2024,09:31:08,24130,24130,25,24135,450,250,2234375
NIFTY-II.NFO,19/12/2024,09:31:10,24130,24129.6,25,24135,275,175,2234375
NIFTY-II.NFO,19/12/2024,09:31:11,24128.3,24130.1,25,24134.95,25,200,2234375
NIFTY-II.NFO,19/12/2024,09:31:13,24130.1,24130,25,24131.5,825,50,2234375
NIFTY-II.NFO,19/12/2024,09:31:15,24131.5,24131.25,25,24131.5,25,875,2234375
NIFTY-II.NFO,19/12/2024,09:31:16,24135,24129.45,50,24135,50,500,2234375
NIFTY-II.NFO,19/12/2024,09:31:18,24130.5,24130,300,24134,50,50,2234375
NIFTY-II.NFO,19/12/2024,09:31:20,24132,24131.1,25,24132,675,375,2234375
NIFTY-II.NFO,19/12/2024,09:31:21,24131,24130.8,25,24131,125,300,2234375
NIFTY-II.NFO,19/12/2024,09:31:23,24128.6,24127.1,175,24130.5,200,125,2234375
NIFTY-II.NFO,19/12/2024,09:31:25,24127.95,24126,25,24128,650,150,2234375
NIFTY-II.NFO,19/12/2024,09:31:26,24128,24125.4,250,24128,450,250,2234375
NIFTY-II.NFO,19/12/2024,09:31:28,24128,24126.35,50,24128,400,100,2234375
NIFTY-II.NFO,19/12/2024,09:31:30,24125,24125,300,24128,250,450,2234375
NIFTY-II.NFO,19/12/2024,09:31:31,24126.05,24126.4,25,24128,175,175,2234375
NIFTY-II.NFO,19/12/2024,09:31:33,24128,24127.75,50,24130,1125,200,2234375
NIFTY-II.NFO,19/12/2024,09:31:35,24130.5,24129.7,200,24131,75,1550,2234375
NIFTY-II.NFO,19/12/2024,09:31:36,24131,24127.55,75,24131,50,1425,2234375
NIFTY-II.NFO,19/12/2024,09:31:38,24135.45,24129.85,75,24137.8,200,325,2234375
NIFTY-II.NFO,19/12/2024,09:31:40,24129.85,24130.15,100,24137.4,200,75,2234375
NIFTY-II.NFO,19/12/2024,09:31:41,24129.05,24128.05,25,24134.9,250,25,2234375
NIFTY-II.NFO,19/12/2024,09:31:43,24129.05,24128.05,25,24134.9,200,0,2234375
NIFTY-II.NFO,19/12/2024,09:31:45,24126.7,24126.35,100,24133.8,275,150,2234375
NIFTY-II.NFO,19/12/2024,09:31:46,24134.65,24128.1,25,24134.65,275,100,2234375
NIFTY-II.NFO,19/12/2024,09:31:48,24125,24125.7,25,24129.05,25,725,2234375
NIFTY-II.NFO,19/12/2024,09:31:50,24126.35,24126.4,50,24129.05,25,75,2234375
NIFTY-II.NFO,19/12/2024,09:31:52,24132.95,24128.1,50,24133.9,200,150,2234375
NIFTY-II.NFO,19/12/2024,09:31:53,24128.25,24128.2,25,24135.9,200,75,2234375
NIFTY-II.NFO,19/12/2024,09:31:55,24134.95,24129.7,25,24133,500,75,2234375
NIFTY-II.NFO,19/12/2024,09:31:57,24129.7,24128.1,25,24133,500,25,2234375
NIFTY-II.NFO,19/12/2024,09:31:58,24127.3,24127.1,50,24133,325,475,2234375
NIFTY-II.NFO,19/12/2024,09:32:00,24133,24129.35,75,24133,300,25,2234375
NIFTY-II.NFO,19/12/2024,09:32:02,24133,24130.25,75,24133,250,50,2234375
NIFTY-II.NFO,19/12/2024,09:32:03,24133,24130.2,50,24133,200,125,2234375
NIFTY-II.NFO,19/12/2024,09:32:05,24133,24128.7,25,24133,150,225,2234375
NIFTY-II.NFO,19/12/2024,09:32:07,24133,24128.7,25,24133,150,0,2234375
NIFTY-II.NFO,19/12/2024,09:32:08,24133,24130,1000,24133,100,50,2234375
NIFTY-II.NFO,19/12/2024,09:32:10,24130.2,24126.35,100,24130.2,200,1100,2234375
NIFTY-II.NFO,19/12/2024,09:32:12,24130.2,24125,1250,24130.2,200,375,2234375
NIFTY-II.NFO,19/12/2024,09:32:13,24125,24125,1175,24129.95,200,75,2234375
NIFTY-II.NFO,19/12/2024,09:32:15,24128.7,24125,1175,24128.2,150,150,2234375
NIFTY-II.NFO,19/12/2024,09:32:17,24124.5,24124,550,24128.3,125,1625,2234375
NIFTY-II.NFO,19/12/2024,09:32:18,24124,24124,200,24128.9,125,375,2234375
NIFTY-II.NFO,19/12/2024,09:32:20,24122,24122,75,24127.35,125,350,2234375
NIFTY-II.NFO,19/12/2024,09:32:22,24124,24122,75,24127.4,50,25,2234375
NIFTY-II.NFO,19/12/2024,09:32:23,24126.65,24121.3,25,24126.25,200,150,2234375
NIFTY-II.NFO,19/12/2024,09:32:25,24120,24120,1425,24123.6,125,500,2234375
NIFTY-II.NFO,19/12/2024,09:32:25,24120,24120,1425,24123.6,125,0,2234375
NIFTY-II.NFO,19/12/2024,09:32:27,24120,24120,875,24126.85,50,550,2234375
NIFTY-II.NFO,19/12/2024,09:32:28,24124.1,24124.05,25,24128.8,75,275,2234375
NIFTY-II.NFO,19/12/2024,09:32:30,24121.2,24121.1,200,24127,25,600,2234375
NIFTY-II.NFO,19/12/2024,09:32:32,24122,24121.8,200,24124.65,25,125,2234375
NIFTY-II.NFO,19/12/2024,09:32:33,24127.35,24124.05,25,24130.15,200,150,2234375
NIFTY-II.NFO,19/12/2024,09:32:35,24124.1,24124.1,100,24127.25,25,175,2234375
NIFTY-II.NFO,19/12/2024,09:32:37,24127.75,24124.35,100,24130,250,25,2234375
NIFTY-II.NFO,19/12/2024,09:32:38,24127.75,24123.1,100,24127.8,25,0,2234375
NIFTY-II.NFO,19/12/2024,09:32:40,24124.1,24124.05,25,24130.25,75,150,2234375
NIFTY-II.NFO,19/12/2024,09:32:42,24124.1,24124,300,24124.1,75,25,2234375
NIFTY-II.NFO,19/12/2024,09:32:43,24127.25,24126.05,25,24130.25,50,175,2234375
NIFTY-II.NFO,19/12/2024,09:32:45,24127.25,24124.25,25,24130,200,0,2234375
NIFTY-II.NFO,19/12/2024,09:32:47,24127.25,24124.9,25,24126.2,25,0,2234375
NIFTY-II.NFO,19/12/2024,09:32:48,24125.05,24124.9,50,24130,200,50,2234375
NIFTY-II.NFO,19/12/2024,09:32:50,24125,24124,100,24127.25,500,350,2234375
NIFTY-II.NFO,19/12/2024,09:32:52,24121.75,24122.35,625,24127.25,425,375,2234375
NIFTY-II.NFO,19/12/2024,09:32:53,24121.75,24122.05,25,24127.25,425,0,2234375
NIFTY-II.NFO,19/12/2024,09:32:55,24122.3,24122.35,125,24127.2,25,600,2234375
NIFTY-II.NFO,19/12/2024,09:32:56,24121.6,24122.25,50,24127.1,25,250,2234375
NIFTY-II.NFO,19/12/2024,09:32:58,24121.5,24122.05,25,24126.75,25,575,2234375
NIFTY-II.NFO,19/12/2024,09:33:00,24121.3,24121.2,25,24125.35,25,1700,2234375
NIFTY-II.NFO,19/12/2024,09:33:01,24127.2,24124.05,25,24127.25,350,1150,2234375
NIFTY-II.NFO,19/12/2024,09:33:03,24126.75,24123.65,50,24126.75,25,25,2234375
NIFTY-II.NFO,19/12/2024,09:33:05,24126.75,24123.85,50,24126.65,25,0,2234375
NIFTY-II.NFO,19/12/2024,09:33:06,24123.85,24123.85,25,24126.5,25,25,2234375
NIFTY-II.NFO,19/12/2024,09:33:08,24126.55,24123.95,25,24126.7,25,75,2234375
NIFTY-II.NFO,19/12/2024,09:33:10,24126.7,24124.35,50,24127.2,75,50,2234375
NIFTY-II.NFO,19/12/2024,09:33:11,24127.15,24124.3,50,24127.2,75,225,2234375
NIFTY-II.NFO,19/12/2024,09:33:13,24127.25,24123.15,50,24126.75,25,525,2234375
NIFTY-II.NFO,19/12/2024,09:33:15,24127.25,24125.3,50,24127.25,200,50,2234375
NIFTY-II.NFO,19/12/2024,09:33:16,24127.1,24127.05,525,24130,175,300,2234375
NIFTY-II.NFO,19/12/2024,09:33:18,24130.95,24132.05,75,24135,75,450,2234375
NIFTY-II.NFO,19/12/2024,09:33:20,24136.05,24136.05,25,24139.95,25,350,2234375
NIFTY-II.NFO,19/12/2024,09:33:21,24139.55,24136.05,25,24139.55,50,25,2234375
NIFTY-II.NFO,19/12/2024,09:33:23,24140,24136.05,25,24140,350,150,2234375
NIFTY-II.NFO,19/12/2024,09:33:25,24140,24136.05,25,24140,225,150,2234375
NIFTY-II.NFO,19/12/2024,09:33:26,24140,24136.05,25,24140,50,175,2234375
NIFTY-II.NFO,19/12/2024,09:33:28,24140,24137.05,25,24140,25,175,2234375
NIFTY-II.NFO,19/12/2024,09:33:30,24143.05,24142.05,25,24146.85,200,100,2234375
NIFTY-II.NFO,19/12/2024,09:33:31,24140.05,24141.05,25,24145.35,25,125,2234375
NIFTY-II.NFO,19/12/2024,09:33:33,24146.9,24145.05,25,24148.9,200,50,2234375
NIFTY-II.NFO,19/12/2024,09:33:35,24145,24145.05,25,24149,25,200,2234375
NIFTY-II.NFO,19/12/2024,09:33:36,24139.1,24140.05,25,24145,725,1500,2234375
NIFTY-II.NFO,19/12/2024,09:33:38,24141.55,24140,50,24144.95,25,525,2234375
NIFTY-II.NFO,19/12/2024,09:33:40,24145,24145,775,24145.5,200,725,2234375
NIFTY-II.NFO,19/12/2024,09:33:41,24146.4,24145.5,100,24148.8,200,825,2234375
NIFTY-II.NFO,19/12/2024,09:33:43,24148.4,24146,25,24147.55,200,25,2234375
NIFTY-II.NFO,19/12/2024,09:33:45,24140,24140,25,24142.45,200,200,2237700
NIFTY-II.NFO,19/12/2024,09:33:46,24140,24139.1,25,24143.45,200,175,2237700
NIFTY-II.NFO,19/12/2024,09:33:48,24144.4,24140.05,25,24144.4,200,75,2237700
NIFTY-II.NFO,19/12/2024,09:33:50,24142.45,24140,25,24142.35,25,75,2237700
NIFTY-II.NFO,19/12/2024,09:33:51,24142.45,24140.05,25,24144.3,150,0,2237700
NIFTY-II.NFO,19/12/2024,09:33:53,24142.45,24137.9,25,24142.45,25,175,2237700
NIFTY-II.NFO,19/12/2024,09:33:55,24146.75,24138.05,25,24145.3,50,1175,2237700
NIFTY-II.NFO,19/12/2024,09:33:56,24142.45,24140.05,25,24145.4,50,75,2237700
NIFTY-II.NFO,19/12/2024,09:33:58,24136.15,24136,25,24140.05,325,125,2237700
NIFTY-II.NFO,19/12/2024,09:34:00,24140,24137.05,25,24140.05,325,25,2237700
NIFTY-II.NFO,19/12/2024,09:34:02,24140,24140,200,24140.05,275,150,2237700
NIFTY-II.NFO,19/12/2024,09:34:03,24140,24140,200,24140.05,275,0,2237700
NIFTY-II.NFO,19/12/2024,09:34:05,24140,24140,175,24140.05,275,25,2237700
NIFTY-II.NFO,19/12/2024,09:34:08,24140,24140,75,24140.05,275,125,2237700
NIFTY-II.NFO,19/12/2024,09:34:10,24140,24137.05,25,24140.05,275,75,2237700
NIFTY-II.NFO,19/12/2024,09:34:12,24140,24137,50,24139.95,25,25,2237700
NIFTY-II.NFO,19/12/2024,09:34:13,24140.05,24136.4,25,24140.05,225,250,2237700
NIFTY-II.NFO,19/12/2024,09:34:15,24136.4,24136.15,25,24137.95,25,100,2237700
NIFTY-II.NFO,19/12/2024,09:34:17,24136.3,24135,25,24138.8,25,75,2237700
NIFTY-II.NFO,19/12/2024,09:34:18,24138.35,24135,25,24137.4,25,200,2237700
NIFTY-II.NFO,19/12/2024,09:34:20,24132.5,24132.5,75,24136.5,75,650,2237700
NIFTY-II.NFO,19/12/2024,09:34:22,24129.1,24131.05,25,24136.55,125,200,2237700
NIFTY-II.NFO,19/12/2024,09:34:23,24131.7,24134.3,350,24139.95,50,250,2237700
NIFTY-II.NFO,19/12/2024,09:34:25,24134.05,24130.75,200,24134.3,25,100,2237700
NIFTY-II.NFO,19/12/2024,09:34:27,24139.1,24133.05,25,24138.85,25,800,2237700
NIFTY-II.NFO,19/12/2024,09:34:28,24136.35,24134.3,25,24136.15,25,75,2237700
NIFTY-II.NFO,19/12/2024,09:34:30,24130.05,24130,100,24134.65,25,200,2237700
NIFTY-II.NFO,19/12/2024,09:34:32,24136.1,24131.2,200,24136.1,25,125,2237700
NIFTY-II.NFO,19/12/2024,09:34:33,24136.1,24133,175,24136.1,25,125,2237700
NIFTY-II.NFO,19/12/2024,09:34:35,24136.1,24134.05,75,24139.9,75,0,2237700
NIFTY-II.NFO,19/12/2024,09:34:37,24134.6,24134.6,200,24140,50,375,2237700
NIFTY-II.NFO,19/12/2024,09:34:38,24139.8,24136.1,50,24140,50,750,2237700
NIFTY-II.NFO,19/12/2024,09:34:40,24139.8,24136.1,50,24139.55,25,0,2237700
NIFTY-II.NFO,19/12/2024,09:34:42,24139.75,24134.35,375,24140,50,175,2237700
NIFTY-II.NFO,19/12/2024,09:34:43,24139.75,24134.05,50,24139.4,250,1050,2237700
NIFTY-II.NFO,19/12/2024,09:34:45,24132.35,24132.15,200,24139.95,200,500,2237700
NIFTY-II.NFO,19/12/2024,09:34:47,24136,24133.15,150,24139.95,200,125,2237700
NIFTY-II.NFO,19/12/2024,09:34:48,24136,24134.05,25,24139.95,200,0,2237700
NIFTY-II.NFO,19/12/2024,09:34:50,24139.95,24133.3,100,24139.95,125,125,2237700
NIFTY-II.NFO,19/12/2024,09:34:52,24139.95,24134.2,200,24139.4,25,50,2237700
NIFTY-II.NFO,19/12/2024,09:34:53,24139.35,24138.55,175,24140,75,425,2237700
NIFTY-II.NFO,19/12/2024,09:34:55,24140,24139.15,100,24140,50,25,2237700
NIFTY-II.NFO,19/12/2024,09:34:56,24140.05,24139.95,75,24142,25,275,2237700
NIFTY-II.NFO,19/12/2024,09:34:58,24139.95,24137.9,250,24142,25,25,2237700
NIFTY-II.NFO,19/12/2024,09:35:00,24140,24135,25,24140.95,50,25,2237700
NIFTY-II.NFO,19/12/2024,09:35:01,24137.9,24135.75,25,24140.95,25,100,2237700
NIFTY-II.NFO,19/12/2024,09:35:03,24137.65,24136.05,250,24141.95,25,75,2237700
NIFTY-II.NFO,19/12/2024,09:35:05,24140,24140.05,50,24141.05,25,25,2237700
NIFTY-II.NFO,19/12/2024,09:35:06,24140,24140.1,125,24146.35,25,0,2237700
NIFTY-II.NFO,19/12/2024,09:35:08,24146,24140.05,50,24145.8,25,25,2237700
NIFTY-II.NFO,19/12/2024,09:35:10,24140,24139.95,75,24143.95,25,75,2237700
NIFTY-II.NFO,19/12/2024,09:35:11,24139.95,24139.95,50,24141.4,25,25,2237700
NIFTY-II.NFO,19/12/2024,09:35:13,24146.4,24141,75,24146,25,75,2237700
NIFTY-II.NFO,19/12/2024,09:35:15,24146,24141,75,24146,25,100,2237700
NIFTY-II.NFO,19/12/2024,09:35:16,24146,24140.05,50,24146,25,25,2237700
NIFTY-II.NFO,19/12/2024,09:35:18,24146,24142,100,24146,25,0,2237700
NIFTY-II.NFO,19/12/2024,09:35:20,24142,24142,75,24145.95,200,75,2237700
NIFTY-II.NFO,19/12/2024,09:35:21,24142,24142,50,24144.7,200,25,2237700
NIFTY-II.NFO,19/12/2024,09:35:23,24142.5,24136.7,50,24142.5,25,525,2237700
NIFTY-II.NFO,19/12/2024,09:35:25,24142.85,24140,25,24142.85,200,25,2237700
NIFTY-II.NFO,19/12/2024,09:35:26,24140,24136.65,75,24140,300,25,2237700
NIFTY-II.NFO,19/12/2024,09:35:28,24140,24136,25,24136.65,300,25,2237700
NIFTY-II.NFO,19/12/2024,09:35:30,24140,24136,25,24136.6,25,0,2237700
NIFTY-II.NFO,19/12/2024,09:35:31,24140,24137.65,75,24140,225,350,2237700
NIFTY-II.NFO,19/12/2024,09:35:33,24137.8,24139.75,50,24140,200,50,2237700
NIFTY-II.NFO,19/12/2024,09:35:35,24140,24140.85,50,24142,25,200,2237700
NIFTY-II.NFO,19/12/2024,09:35:36,24146,24141.55,50,24146,25,125,2237700
NIFTY-II.NFO,19/12/2024,09:35:38,24146,24141.1,50,24147.3,75,0,2237700
NIFTY-II.NFO,19/12/2024,09:35:40,24146,24140.05,25,24143.85,25,0,2237700
NIFTY-II.NFO,19/12/2024,09:35:41,24145.95,24143.3,50,24146,25,175,2237700
NIFTY-II.NFO,19/12/2024,09:35:43,24151.4,24144.45,50,24147.35,25,650,2237700
NIFTY-II.NFO,19/12/2024,09:35:45,24147.35,24145.05,200,24147.85,25,25,2237700
NIFTY-II.NFO,19/12/2024,09:35:46,24149,24145,25,24148,25,75,2237700
NIFTY-II.NFO,19/12/2024,09:35:48,24146,24145,25,24148,25,150,2237700
NIFTY-II.NFO,19/12/2024,09:35:50,24144.35,24144.35,200,24149,25,150,2237700
NIFTY-II.NFO,19/12/2024,09:35:51,24149,24144.5,200,24149,25,50,2237700
NIFTY-II.NFO,19/12/2024,09:35:53,24146.15,24146.15,200,24149,25,225,2237700
NIFTY-II.NFO,19/12/2024,09:35:55,24146.1,24147.75,225,24150.9,75,1125,2237700
NIFTY-II.NFO,19/12/2024,09:35:57,24151.45,24151.65,125,24154.45,25,25,2237700
NIFTY-II.NFO,19/12/2024,09:35:58,24156,24153.35,125,24156,25,150,2237700
NIFTY-II.NFO,19/12/2024,09:36:00,24160,24159.55,100,24161.05,25,175,2237700
NIFTY-II.NFO,19/12/2024,09:36:02,24166.75,24162,75,24167.95,50,150,2237700
NIFTY-II.NFO,19/12/2024,09:36:03,24161.95,24162.95,75,24167.95,25,25,2237700
NIFTY-II.NFO,19/12/2024,09:36:05,24165.6,24158.15,50,24165.7,50,400,2237700
NIFTY-II.NFO,19/12/2024,09:36:07,24165.9,24161.95,25,24166.05,25,100,2237700
NIFTY-II.NFO,19/12/2024,09:36:08,24159.45,24161.05,100,24165.05,200,75,2237700
NIFTY-II.NFO,19/12/2024,09:36:10,24162.65,24156.05,50,24162.65,200,175,2237700
NIFTY-II.NFO,19/12/2024,09:36:12,24162.8,24156.05,50,24162.85,125,700,2237700
NIFTY-II.NFO,19/12/2024,09:36:13,24163.85,24156,1600,24159.95,25,1525,2237700
NIFTY-II.NFO,19/12/2024,09:36:15,24156.55,24156,1600,24161.4,25,50,2237700
NIFTY-II.NFO,19/12/2024,09:36:17,24165.05,24159.95,1500,24164.9,25,150,2237700
NIFTY-II.NFO,19/12/2024,09:36:18,24164.85,24159.95,1450,24162,25,125,2237700
NIFTY-II.NFO,19/12/2024,09:36:20,24162.95,24161.95,500,24163.55,425,100,2237700
NIFTY-II.NFO,19/12/2024,09:36:22,24159.95,24159.95,550,24162.85,625,1700,2237700
NIFTY-II.NFO,19/12/2024,09:36:23,24159.95,24159.95,400,24162.1,575,275,2237700
NIFTY-II.NFO,19/12/2024,09:36:25,24159.95,24156,1600,24159.9,125,450,2237700
NIFTY-II.NFO,19/12/2024,09:36:27,24156,24156,1425,24157.7,625,625,2237700
NIFTY-II.NFO,19/12/2024,09:36:28,24151,24151,25,24154.9,25,1550,2237700
NIFTY-II.NFO,19/12/2024,09:36:30,24155.05,24155,75,24158.4,25,100,2237700
NIFTY-II.NFO,19/12/2024,09:36:32,24156.95,24151.05,200,24152.1,25,100,2237700
NIFTY-II.NFO,19/12/2024,09:36:33,24152.1,24153.2,200,24159.95,25,25,2237700
NIFTY-II.NFO,19/12/2024,09:36:35,24152.1,24155.05,75,24158.85,50,0,2237700
NIFTY-II.NFO,19/12/2024,09:36:37,24160,24155,25,24157.85,25,175,2237700
NIFTY-II.NFO,19/12/2024,09:36:38,24159,24154,25,24159.95,50,75,2237700
NIFTY-II.NFO,19/12/2024,09:36:40,24159,24154,25,24159.9,50,0,2237700
NIFTY-II.NFO,19/12/2024,09:36:42,24160,24160,25,24160.15,25,150,2237700
NIFTY-II.NFO,19/12/2024,09:36:43,24160.15,24160,25,24160.15,25,25,2237700
NIFTY-II.NFO,19/12/2024,09:36:45,24159,24160,75,24160.15,25,100,2240275
NIFTY-II.NFO,19/12/2024,09:36:47,24160,24155,100,24159.3,250,125,2240275
NIFTY-II.NFO,19/12/2024,09:36:48,24159.05,24155,50,24158.95,25,125,2240275
NIFTY-II.NFO,19/12/2024,09:36:50,24155,24155,25,24157.8,150,100,2240275
NIFTY-II.NFO,19/12/2024,09:36:52,24159.1,24155,25,24159.4,175,25,2240275
NIFTY-II.NFO,19/12/2024,09:36:53,24151.05,24152.1,200,24158.75,25,125,2240275
NIFTY-II.NFO,19/12/2024,09:36:55,24151,24150.05,25,24155.8,50,400,2240275
NIFTY-II.NFO,19/12/2024,09:36:57,24155.95,24150.1,150,24155.75,25,125,2240275
NIFTY-II.NFO,19/12/2024,09:36:58,24150.1,24150.1,75,24156.55,50,100,2240275
NIFTY-II.NFO,19/12/2024,09:37:00,24156.95,24150.2,75,24157.35,50,75,2240275
NIFTY-II.NFO,19/12/2024,09:37:02,24157.55,24151.1,200,24155.75,25,275,2240275
NIFTY-II.NFO,19/12/2024,09:37:03,24157.55,24152,250,24156.45,25,0,2240275
NIFTY-II.NFO,19/12/2024,09:37:05,24159.05,24152.05,25,24157.95,25,250,2240275
NIFTY-II.NFO,19/12/2024,09:37:07,24152.4,24152.5,200,24159.05,175,75,2240275
NIFTY-II.NFO,19/12/2024,09:37:08,24152.4,24155,125,24160,1575,0,2240275
NIFTY-II.NFO,19/12/2024,09:37:10,24156.45,24155.05,225,24160,1475,125,2240275
NIFTY-II.NFO,19/12/2024,09:37:12,24160,24156.35,200,24160,1475,25,2240275
NIFTY-II.NFO,19/12/2024,09:37:13,24160,24157.95,200,24160,1450,25,2240275
NIFTY-II.NFO,19/12/2024,09:37:15,24160,24159.1,150,24160,650,1025,2240275
NIFTY-II.NFO,19/12/2024,09:37:17,24162,24160.3,275,24162,75,675,2240275
NIFTY-II.NFO,19/12/2024,09:37:18,24160.5,24160.9,75,24162,75,25,2240275
NIFTY-II.NFO,19/12/2024,09:37:20,24161.35,24161.35,25,24166,50,175,2240275
NIFTY-II.NFO,19/12/2024,09:37:22,24162.25,24162.15,50,24166,50,25,2240275
NIFTY-II.NFO,19/12/2024,09:37:23,24169,24161.75,200,24168.85,200,350,2240275
NIFTY-II.NFO,19/12/2024,09:37:25,24167.7,24161,250,24166.9,175,25,2240275
NIFTY-II.NFO,19/12/2024,09:37:27,24165.9,24161,250,24165.9,125,75,2240275
NIFTY-II.NFO,19/12/2024,09:37:28,24164.6,24161,200,24164.7,25,150,2240275
NIFTY-II.NFO,19/12/2024,09:37:30,24162.75,24161,200,24164.95,25,100,2240275
NIFTY-II.NFO,19/12/2024,09:37:32,24164.95,24161,175,24163.95,25,175,2240275
NIFTY-II.NFO,19/12/2024,09:37:33,24163.75,24161,150,24162.95,225,50,2240275
NIFTY-II.NFO,19/12/2024,09:37:35,24161,24161,75,24164.75,175,150,2240275
NIFTY-II.NFO,19/12/2024,09:37:37,24164.95,24161,75,24164.95,750,25,2240275
NIFTY-II.NFO,19/12/2024,09:37:38,24161,24160,75,24163.95,25,100,2240275
NIFTY-II.NFO,19/12/2024,09:37:40,24164.7,24160.05,50,24164.95,725,75,2240275
NIFTY-II.NFO,19/12/2024,09:37:42,24164.95,24160.6,200,24164.95,350,425,2240275
NIFTY-II.NFO,19/12/2024,09:37:43,24164.95,24161.05,25,24164.95,200,175,2240275
NIFTY-II.NFO,19/12/2024,09:37:45,24164.95,24161.15,50,24164.95,100,125,2240275
NIFTY-II.NFO,19/12/2024,09:37:47,24164.95,24161.15,50,24164.95,100,0,2240275
NIFTY-II.NFO,19/12/2024,09:37:48,24164.95,24164.95,25,24165,25,100,2240275
NIFTY-II.NFO,19/12/2024,09:37:50,24172,24167.65,200,24172,25,950,2240275
NIFTY-II.NFO,19/12/2024,09:37:52,24171.6,24171.6,25,24172,25,25,2240275
NIFTY-II.NFO,19/12/2024,09:37:53,24172,24165.35,50,24172.45,75,175,2240275
NIFTY-II.NFO,19/12/2024,09:37:55,24174.4,24168.05,25,24173.75,125,375,2240275
NIFTY-II.NFO,19/12/2024,09:37:56,24174.95,24171.6,50,24175.9,25,550,2240275
NIFTY-II.NFO,19/12/2024,09:37:58,24173.45,24171.6,25,24173.8,150,100,2240275
NIFTY-II.NFO,19/12/2024,09:38:00,24170,24170,50,24173.65,225,300,2240275
NIFTY-II.NFO,19/12/2024,09:38:01,24174.05,24172,100,24174.75,150,75,2240275
NIFTY-II.NFO,19/12/2024,09:38:03,24170.25,24164.95,25,24167.9,50,700,2240275
NIFTY-II.NFO,19/12/2024,09:38:05,24160,24160,125,24163.95,25,100,2240275
NIFTY-II.NFO,19/12/2024,09:38:06,24160,24159,100,24160,50,450,2240275
NIFTY-II.NFO,19/12/2024,09:38:08,24160,24159,100,24159.95,850,25,2240275
NIFTY-II.NFO,19/12/2024,09:38:10,24159.5,24159.5,25,24159.95,625,250,2240275
NIFTY-II.NFO,19/12/2024,09:38:11,24159.95,24159.15,625,24159.95,325,325,2240275
NIFTY-II.NFO,19/12/2024,09:38:13,24159.5,24160,100,24165,925,1675,2240275
NIFTY-II.NFO,19/12/2024,09:38:15,24159.5,24160,100,24165,925,0,2240275
NIFTY-II.NFO,19/12/2024,09:38:16,24165,24162.65,275,24163.95,25,275,2240275
NIFTY-II.NFO,19/12/2024,09:38:18,24164.55,24164.55,100,24165,650,200,2240275
NIFTY-II.NFO,19/12/2024,09:38:20,24164.55,24164.55,50,24165,650,50,2240275
NIFTY-II.NFO,19/12/2024,09:38:22,24165,24163.95,50,24165,625,75,2240275
NIFTY-II.NFO,19/12/2024,09:38:23,24164.55,24163.95,25,24165,525,150,2240275
NIFTY-II.NFO,19/12/2024,09:38:25,24164.95,24161.2,200,24165,500,75,2240275
NIFTY-II.NFO,19/12/2024,09:38:27,24161.35,24161.35,150,24165,175,375,2240275
NIFTY-II.NFO,19/12/2024,09:38:28,24165,24162.6,75,24163.95,25,50,2240275
NIFTY-II.NFO,19/12/2024,09:38:30,24165,24162.9,50,24171.05,100,200,2240275
NIFTY-II.NFO,19/12/2024,09:38:32,24165,24164.3,150,24165,25,75,2240275
NIFTY-II.NFO,19/12/2024,09:38:33,24165,24161.85,175,24165,25,0,2240275
NIFTY-II.NFO,19/12/2024,09:38:35,24167.95,24163.1,75,24168.95,25,75,2240275
NIFTY-II.NFO,19/12/2024,09:38:37,24167.95,24165,25,24168.95,25,0,2240275
NIFTY-II.NFO,19/12/2024,09:38:38,24164.95,24162.8,25,24164.95,725,125,2240275
NIFTY-II.NFO,19/12/2024,09:38:40,24164,24161.6,50,24164.95,725,50,2240275
NIFTY-II.NFO,19/12/2024,09:38:42,24161.6,24161.35,50,24164.95,675,100,2240275
NIFTY-II.NFO,19/12/2024,09:38:43,24161.6,24161.35,50,24164.15,25,0,2240275
NIFTY-II.NFO,19/12/2024,09:38:45,24161.35,24160,500,24162.75,25,50,2240275
NIFTY-II.NFO,19/12/2024,09:38:47,24160,24160,500,24162.95,25,25,2240275
NIFTY-II.NFO,19/12/2024,09:38:48,24163.75,24161,100,24163.95,225,150,2240275
NIFTY-II.NFO,19/12/2024,09:38:50,24162.75,24161.35,25,24162.5,100,175,2240275
NIFTY-II.NFO,19/12/2024,09:38:52,24159,24156,100,24158.95,25,625,2240275
NIFTY-II.NFO,19/12/2024,09:38:53,24156,24156,50,24158.95,25,150,2240275
NIFTY-II.NFO,19/12/2024,09:38:55,24155,24154.05,175,24155,250,450,2240275
NIFTY-II.NFO,19/12/2024,09:38:57,24159.95,24154.65,200,24160.95,25,300,2240275
NIFTY-II.NFO,19/12/2024,09:38:58,24159.95,24156.4,200,24161,25,0,2240275
NIFTY-II.NFO,19/12/2024,09:39:00,24161,24156.75,175,24161.95,25,25,2240275
NIFTY-II.NFO,19/12/2024,09:39:02,24167.6,24160.4,50,24167.4,100,325,2240275
NIFTY-II.NFO,19/12/2024,09:39:03,24167.85,24164,50,24168.4,25,25,2240275
NIFTY-II.NFO,19/12/2024,09:39:05,24167.95,24162.05,50,24168.4,25,75,2240275
NIFTY-II.NFO,19/12/2024,09:39:07,24168,24163.7,200,24168,75,175,2240275
NIFTY-II.NFO,19/12/2024,09:39:08,24168,24164.85,200,24167,150,0,2240275
NIFTY-II.NFO,19/12/2024,09:39:10,24169,24163.75,200,24168.95,25,550,2240275
NIFTY-II.NFO,19/12/2024,09:39:12,24169,24165.4,200,24169,25,375,2240275
NIFTY-II.NFO,19/12/2024,09:39:13,24165.6,24165.6,50,24169,25,550,2240275
NIFTY-II.NFO,19/12/2024,09:39:15,24165.9,24165.95,50,24169,25,500,2240275
NIFTY-II.NFO,19/12/2024,09:39:17,24172,24166.05,25,24170.6,25,425,2240275
NIFTY-II.NFO,19/12/2024,09:39:18,24172,24165.95,50,24172,200,0,2240275
NIFTY-II.NFO,19/12/2024,09:39:20,24167.85,24169,25,24172,200,50,2240275
NIFTY-II.NFO,19/12/2024,09:39:22,24167.85,24169,25,24172,200,0,2240275
NIFTY-II.NFO,19/12/2024,09:39:23,24172,24169.05,50,24172,175,25,2240275
NIFTY-II.NFO,19/12/2024,09:39:25,24169,24168.45,625,24172,25,625,2240275
NIFTY-II.NFO,19/12/2024,09:39:27,24172,24172,25,24174.05,25,50,2240275
NIFTY-II.NFO,19/12/2024,09:39:28,24172,24169.05,50,24175,175,100,2240275
NIFTY-II.NFO,19/12/2024,09:39:30,24172,24172,100,24175,175,0,2240275
NIFTY-II.NFO,19/12/2024,09:39:32,24172,24170.2,50,24175,150,50,2240275
NIFTY-II.NFO,19/12/2024,09:39:33,24175,24169.05,50,24174.9,25,125,2240275
NIFTY-II.NFO,19/12/2024,09:39:35,24172,24169,25,24174.55,200,100,2240275
NIFTY-II.NFO,19/12/2024,09:39:37,24172.95,24168.2,50,24172.85,25,275,2240275
NIFTY-II.NFO,19/12/2024,09:39:38,24172.85,24170.65,50,24175,50,50,2240275
NIFTY-II.NFO,19/12/2024,09:39:40,24177.75,24172,250,24177.75,200,300,2240275
NIFTY-II.NFO,19/12/2024,09:39:42,24176.45,24175,100,24177.8,25,75,2240275
NIFTY-II.NFO,19/12/2024,09:39:43,24175,24175,75,24177.75,200,25,2240275
NIFTY-II.NFO,19/12/2024,09:39:45,24175,24175,25,24176.85,175,125,2240275
NIFTY-II.NFO,19/12/2024,09:39:47,24174.9,24176.2,25,24177.7,150,175,2243650
NIFTY-II.NFO,19/12/2024,09:39:48,24177.7,24174.9,50,24177.7,125,25,2243650
NIFTY-II.NFO,19/12/2024,09:39:50,24176.15,24172,100,24176.45,25,250,2243650
NIFTY-II.NFO,19/12/2024,09:39:52,24174.95,24174.55,25,24175,25,25,2243650
NIFTY-II.NFO,19/12/2024,09:39:53,24176.5,24174.55,25,24176.5,25,50,2243650
NIFTY-II.NFO,19/12/2024,09:39:55,24176.5,24175.9,25,24176.5,25,125,2243650
NIFTY-II.NFO,19/12/2024,09:39:57,24178.95,24174.15,200,24178.95,50,50,2243650
NIFTY-II.NFO,19/12/2024,09:39:58,24178.95,24173.35,50,24178.95,25,75,2243650
NIFTY-II.NFO,19/12/2024,09:40:00,24180,24174.8,50,24180,125,150,2243650
NIFTY-II.NFO,19/12/2024,09:40:02,24178,24176.7,200,24180,75,125,2243650
NIFTY-II.NFO,19/12/2024,09:40:03,24180,24178,75,24180,50,25,2243650
NIFTY-II.NFO,19/12/2024,09:40:05,24181,24178,75,24180.8,50,275,2243650
NIFTY-II.NFO,19/12/2024,09:40:07,24179.4,24175,25,24179.45,125,200,2243650
NIFTY-II.NFO,19/12/2024,09:40:08,24178.1,24175,25,24177.5,125,50,2243650
NIFTY-II.NFO,19/12/2024,09:40:10,24175.05,24175.1,25,24178.7,125,150,2243650
NIFTY-II.NFO,19/12/2024,09:40:12,24175.1,24175.05,25,24178.55,125,25,2243650
NIFTY-II.NFO,19/12/2024,09:40:13,24175.1,24176.25,200,24181.35,125,0,2243650
NIFTY-II.NFO,19/12/2024,09:40:15,24182,24177.05,25,24182,125,25,2243650
NIFTY-II.NFO,19/12/2024,09:40:17,24181.75,24176.25,50,24181.3,100,125,2243650
NIFTY-II.NFO,19/12/2024,09:40:18,24181,24175.7,200,24180.35,25,100,2243650
NIFTY-II.NFO,19/12/2024,09:40:20,24175.9,24180,75,24181,75,100,2243650
NIFTY-II.NFO,19/12/2024,09:40:22,24181,24180,75,24181,50,50,2243650
NIFTY-II.NFO,19/12/2024,09:40:23,24181,24177.85,200,24179.95,850,175,2243650
NIFTY-II.NFO,19/12/2024,09:40:25,24183,24183.05,125,24183.35,25,1075,2243650
NIFTY-II.NFO,19/12/2024,09:40:27,24185,24184.8,25,24185,50,200,2243650
NIFTY-II.NFO,19/12/2024,09:40:28,24187.8,24181.1,200,24187.8,25,450,2243650
NIFTY-II.NFO,19/12/2024,09:40:30,24189.95,24183.2,250,24189.95,25,100,2243650
NIFTY-II.NFO,19/12/2024,09:40:32,24189.95,24184.2,200,24189.8,75,0,2243650
NIFTY-II.NFO,19/12/2024,09:40:33,24195,24190.35,200,24195,125,750,2243650
NIFTY-II.NFO,19/12/2024,09:40:35,24197.9,24191.05,25,24196.95,25,300,2243650
NIFTY-II.NFO,19/12/2024,09:40:37,24197.85,24190.55,200,24197.8,50,75,2243650
NIFTY-II.NFO,19/12/2024,09:40:38,24191.3,24191.45,200,24198,25,100,2243650
NIFTY-II.NFO,19/12/2024,09:40:40,24194.85,24190,25,24195,25,50,2243650
NIFTY-II.NFO,19/12/2024,09:40:42,24190,24187.05,25,24193.65,25,125,2243650
NIFTY-II.NFO,19/12/2024,09:40:43,24193.2,24183.1,50,24190.5,250,25,2243650
NIFTY-II.NFO,19/12/2024,09:40:45,24189.25,24181.1,100,24185.95,25,525,2243650
NIFTY-II.NFO,19/12/2024,09:40:47,24187.9,24181.15,50,24187.95,75,175,2243650
NIFTY-II.NFO,19/12/2024,09:40:48,24185.95,24182.55,50,24187.95,25,475,2243650
NIFTY-II.NFO,19/12/2024,09:40:50,24186.95,24181.4,50,24187.95,25,200,2243650
NIFTY-II.NFO,19/12/2024,09:40:52,24187.95,24183.1,200,24189.6,25,25,2243650
NIFTY-II.NFO,19/12/2024,09:40:53,24188.05,24183.6,200,24189.25,25,75,2243650
NIFTY-II.NFO,19/12/2024,09:40:55,24186.95,24182.15,200,24188.9,25,150,2243650
NIFTY-II.NFO,19/12/2024,09:40:57,24183.1,24185.05,25,24187.95,25,75,2243650
NIFTY-II.NFO,19/12/2024,09:40:58,24185.15,24185.15,25,24190,1575,75,2243650
NIFTY-II.NFO,19/12/2024,09:41:00,24183.9,24182.7,625,24184,175,700,2243650
NIFTY-II.NFO,19/12/2024,09:41:02,24184,24185.1,50,24188,25,175,2243650
NIFTY-II.NFO,19/12/2024,09:41:03,24188,24185.05,25,24190,1325,25,2243650
NIFTY-II.NFO,19/12/2024,09:41:05,24185.05,24185.05,25,24190,1325,25,2243650
NIFTY-II.NFO,19/12/2024,09:41:07,24185.05,24186.05,25,24190,1350,0,2243650
NIFTY-II.NFO,19/12/2024,09:41:08,24190,24188,25,24190,1350,550,2243650
NIFTY-II.NFO,19/12/2024,09:41:10,24188,24185,25,24188.8,200,25,2243650
NIFTY-II.NFO,19/12/2024,09:41:12,24187.95,24185.15,500,24187.95,200,100,2243650
NIFTY-II.NFO,19/12/2024,09:41:13,24183,24181,25,24184,200,750,2243650
NIFTY-II.NFO,19/12/2024,09:41:15,24184.1,24180.1,25,24184.8,200,75,2243650
NIFTY-II.NFO,19/12/2024,09:41:17,24184.35,24180,425,24184.85,250,275,2243650
NIFTY-II.NFO,19/12/2024,09:41:18,24184.8,24180.1,225,24184.7,250,25,2243650
NIFTY-II.NFO,19/12/2024,09:41:20,24184.7,24184,950,24184.7,200,100,2243650
NIFTY-II.NFO,19/12/2024,09:41:22,24184,24184,50,24186.65,25,925,2243650
NIFTY-II.NFO,19/12/2024,09:41:23,24182.45,24180.7,25,24184.95,425,200,2243650
NIFTY-II.NFO,19/12/2024,09:41:25,24184.85,24182,325,24184.9,150,50,2243650
NIFTY-II.NFO,19/12/2024,09:41:27,24182.45,24182,325,24184.9,150,25,2243650
NIFTY-II.NFO,19/12/2024,09:41:28,24184.9,24182,325,24184.9,100,50,2243650
NIFTY-II.NFO,19/12/2024,09:41:30,24184.9,24182,325,24184.85,50,50,2243650
NIFTY-II.NFO,19/12/2024,09:41:32,24184.85,24182,250,24184.3,250,100,2243650
NIFTY-II.NFO,19/12/2024,09:41:33,24182,24183,175,24184.7,25,50,2243650
NIFTY-II.NFO,19/12/2024,09:41:35,24183,24183,50,24184.7,25,125,2243650
NIFTY-II.NFO,19/12/2024,09:41:37,24183,24183,50,24184,25,0,2243650
NIFTY-II.NFO,19/12/2024,09:41:38,24183,24182,200,24182.4,50,50,2243650
NIFTY-II.NFO,19/12/2024,09:41:40,24182.45,24182,175,24183.95,275,100,2243650
NIFTY-II.NFO,19/12/2024,09:41:42,24185,24182,200,24184.9,25,125,2243650
NIFTY-II.NFO,19/12/2024,09:41:43,24184.8,24182,200,24184.9,25,50,2243650
NIFTY-II.NFO,19/12/2024,09:41:45,24182,24182,150,24183.95,250,75,2243650
NIFTY-II.NFO,19/12/2024,09:41:47,24183.95,24182,150,24183.9,225,25,2243650
NIFTY-II.NFO,19/12/2024,09:41:48,24183.95,24182,150,24183.95,225,0,2243650
NIFTY-II.NFO,19/12/2024,09:41:50,24182,24182.4,250,24183.95,225,25,2243650
NIFTY-II.NFO,19/12/2024,09:41:52,24184,24182.4,200,24184.8,25,75,2243650
NIFTY-II.NFO,19/12/2024,09:41:53,24184.75,24182,125,24182.4,25,325,2243650
NIFTY-II.NFO,19/12/2024,09:41:55,24182.4,24182.05,200,24184.95,25,25,2243650
NIFTY-II.NFO,19/12/2024,09:41:57,24184.95,24184,25,24185,925,450,2243650
NIFTY-II.NFO,19/12/2024,09:41:58,24185,24183.95,1050,24185,850,175,2243650
NIFTY-II.NFO,19/12/2024,09:42:00,24185,24184.85,50,24185,650,200,2243650
NIFTY-II.NFO,19/12/2024,09:42:02,24185,24184.95,25,24185,100,550,2243650
NIFTY-II.NFO,19/12/2024,09:42:03,24183.95,24184,50,24185,50,200,2243650
NIFTY-II.NFO,19/12/2024,09:42:05,24185,24184,50,24186,200,50,2243650
NIFTY-II.NFO,19/12/2024,09:42:07,24186,24185.6,75,24186,175,50,2243650
NIFTY-II.NFO,19/12/2024,09:42:08,24185.6,24185.6,50,24186,75,125,2243650
NIFTY-II.NFO,19/12/2024,09:42:10,24186,24185,125,24186,25,50,2243650
NIFTY-II.NFO,19/12/2024,09:42:12,24186,24185,125,24186,25,0,2243650
NIFTY-II.NFO,19/12/2024,09:42:13,24186,24186,300,24187.85,25,250,2243650
NIFTY-II.NFO,19/12/2024,09:42:15,24186,24184,25,24186.65,275,400,2243650
NIFTY-II.NFO,19/12/2024,09:42:17,24183.95,24182,50,24183.9,50,1875,2243650
NIFTY-II.NFO,19/12/2024,09:42:18,24181.9,24180,675,24182,25,275,2243650
NIFTY-II.NFO,19/12/2024,09:42:20,24180,24180,575,24185.05,125,150,2243650
NIFTY-II.NFO,19/12/2024,09:42:22,24180,24180.15,200,24185.75,25,0,2243650
NIFTY-II.NFO,19/12/2024,09:42:23,24182,24180.85,50,24182,275,25,2243650
NIFTY-II.NFO,19/12/2024,09:42:25,24180,24180,525,24182,175,375,2243650
NIFTY-II.NFO,19/12/2024,09:42:27,24178.1,24177.6,100,24179.95,325,550,2243650
NIFTY-II.NFO,19/12/2024,09:42:28,24179.95,24179.8,25,24179.95,275,75,2243650
NIFTY-II.NFO,19/12/2024,09:42:30,24178.1,24179.3,50,24179.95,25,425,2243650
NIFTY-II.NFO,19/12/2024,09:42:32,24182,24181.85,200,24186.1,25,525,2243650
NIFTY-II.NFO,19/12/2024,09:42:33,24182,24181.8,250,24186.1,25,0,2243650
NIFTY-II.NFO,19/12/2024,09:42:35,24187.9,24185.3,200,24188,50,75,2243650
NIFTY-II.NFO,19/12/2024,09:42:37,24193.2,24189.05,25,24194.25,150,425,2243650
NIFTY-II.NFO,19/12/2024,09:42:38,24189.05,24186.95,200,24189.05,25,25,2243650
NIFTY-II.NFO,19/12/2024,09:42:40,24189.05,24184.2,200,24189.65,25,50,2243650
NIFTY-II.NFO,19/12/2024,09:42:42,24185.3,24187.9,25,24193.3,200,275,2243650
NIFTY-II.NFO,19/12/2024,09:42:43,24186.5,24186.5,50,24192.15,200,450,2243650
NIFTY-II.NFO,19/12/2024,09:42:45,24191.95,24186.3,200,24192.05,25,175,2243650
NIFTY-II.NFO,19/12/2024,09:42:47,24186.3,24188.05,25,24193.15,25,525,2247825
NIFTY-II.NFO,19/12/2024,09:42:49,24186.3,24185.4,125,24190.7,50,0,2247825
NIFTY-II.NFO,19/12/2024,09:42:50,24186.3,24186.1,50,24192.55,125,0,2247825
NIFTY-II.NFO,19/12/2024,09:42:52,24186.3,24188.15,50,24192.05,25,0,2247825
NIFTY-II.NFO,19/12/2024,09:42:54,24192.75,24187.05,25,24191.95,25,25,2247825
NIFTY-II.NFO,19/12/2024,09:42:55,24187.3,24188.15,250,24189.95,850,225,2247825
NIFTY-II.NFO,19/12/2024,09:42:57,24188.35,24187.2,75,24189.95,850,25,2247825
NIFTY-II.NFO,19/12/2024,09:42:58,24189.95,24190.05,25,24194,25,850,2247825
NIFTY-II.NFO,19/12/2024,09:43:00,24194.95,24190.2,100,24195,350,75,2247825
NIFTY-II.NFO,19/12/2024,09:43:02,24194.95,24192.2,250,24195,350,0,2247825
NIFTY-II.NFO,19/12/2024,09:43:03,24195.85,24194.95,25,24195.85,25,425,2247825
NIFTY-II.NFO,19/12/2024,09:43:05,24194.95,24193.1,250,24197.9,25,75,2247825
NIFTY-II.NFO,19/12/2024,09:43:07,24197.9,24192.05,25,24198.2,200,25,2247825
NIFTY-II.NFO,19/12/2024,09:43:08,24197.9,24195,25,24198.85,200,0,2247825
NIFTY-II.NFO,19/12/2024,09:43:10,24198.55,24195,25,24198.55,175,225,2247825
NIFTY-II.NFO,19/12/2024,09:43:12,24199,24195,25,24199,225,125,2247825
NIFTY-II.NFO,19/12/2024,09:43:13,24199.9,24195,25,24199.9,125,275,2247825
NIFTY-II.NFO,19/12/2024,09:43:15,24199.45,24194.95,475,24197.9,25,125,2247825
NIFTY-II.NFO,19/12/2024,09:43:17,24198.95,24194.95,475,24199,25,125,2247825
NIFTY-II.NFO,19/12/2024,09:43:18,24198.8,24194.95,175,24199.25,25,450,2247825
NIFTY-II.NFO,19/12/2024,09:43:20,24194.95,24193.3,50,24196,25,350,2247825
NIFTY-II.NFO,19/12/2024,09:43:22,24199.9,24194.05,25,24199.9,150,575,2247825
NIFTY-II.NFO,19/12/2024,09:43:23,24198.3,24195.05,25,24199.9,150,25,2247825
NIFTY-II.NFO,19/12/2024,09:43:25,24198.3,24193.05,25,24198,25,0,2247825
NIFTY-II.NFO,19/12/2024,09:43:27,24197.95,24193,25,24197.95,125,50,2247825
NIFTY-II.NFO,19/12/2024,09:43:28,24197.95,24193.15,25,24197.95,125,0,2247825
NIFTY-II.NFO,19/12/2024,09:43:32,24198.3,24196.2,50,24199,25,75,2247825
NIFTY-II.NFO,19/12/2024,09:43:33,24198.3,24196.05,25,24198.05,25,50,2247825
NIFTY-II.NFO,19/12/2024,09:43:35,24196.75,24196.1,125,24199.9,50,150,2247825
NIFTY-II.NFO,19/12/2024,09:43:37,24203,24201.05,25,24205,175,2050,2247825
NIFTY-II.NFO,19/12/2024,09:43:38,24201.05,24200.05,25,24205.3,125,225,2247825
NIFTY-II.NFO,19/12/2024,09:43:40,24199.1,24199.1,200,24206.35,100,250,2247825
NIFTY-II.NFO,19/12/2024,09:43:42,24199.1,24201.6,25,24206.8,100,0,2247825
NIFTY-II.NFO,19/12/2024,09:43:43,24206.85,24201.05,25,24205.95,75,250,2247825
NIFTY-II.NFO,19/12/2024,09:43:45,24206,24203,25,24206,100,50,2247825
NIFTY-II.NFO,19/12/2024,09:43:47,24206,24201.4,50,24206,50,225,2247825
NIFTY-II.NFO,19/12/2024,09:43:48,24206,24201.2,200,24206,25,25,2247825
NIFTY-II.NFO,19/12/2024,09:43:50,24206,24202.05,50,24206.85,50,25,2247825
NIFTY-II.NFO,19/12/2024,09:43:52,24206,24203.05,25,24206,25,0,2247825
NIFTY-II.NFO,19/12/2024,09:43:53,24206,24203.15,50,24206,75,0,2247825
NIFTY-II.NFO,19/12/2024,09:43:55,24206,24203.15,50,24206,50,25,2247825
NIFTY-II.NFO,19/12/2024,09:43:57,24208,24204.05,25,24208,75,250,2247825
NIFTY-II.NFO,19/12/2024,09:43:59,24208,24209.25,50,24213,75,425,2247825
NIFTY-II.NFO,19/12/2024,09:44:00,24213,24208.9,200,24214.85,25,100,2247825
NIFTY-II.NFO,19/12/2024,09:44:02,24217,24216.2,50,24219.8,25,75,2247825
NIFTY-II.NFO,19/12/2024,09:44:04,24224.05,24223.05,25,24225.45,50,1250,2247825
NIFTY-II.NFO,19/12/2024,09:44:05,24221.05,24220,25,24223.55,50,25,2247825
NIFTY-II.NFO,19/12/2024,09:44:07,24219.05,24221.05,25,24224.25,50,250,2247825
NIFTY-II.NFO,19/12/2024,09:44:09,24222.05,24221.1,50,24227.35,25,100,2247825
NIFTY-II.NFO,19/12/2024,09:44:10,24225.75,24222.05,25,24225.45,50,350,2247825
NIFTY-II.NFO,19/12/2024,09:44:12,24226.95,24221,175,24226.95,200,125,2247825
NIFTY-II.NFO,19/12/2024,09:44:14,24229.9,24225.45,25,24228,100,1000,2247825
NIFTY-II.NFO,19/12/2024,09:44:15,24226.95,24221,175,24227.95,25,200,2247825
NIFTY-II.NFO,19/12/2024,09:44:17,24222.5,24223.05,25,24228,25,250,2247825
NIFTY-II.NFO,19/12/2024,09:44:19,24221,24221,100,24224.45,25,150,2247825
NIFTY-II.NFO,19/12/2024,09:44:20,24219.95,24219.05,25,24219.95,625,250,2247825
NIFTY-II.NFO,19/12/2024,09:44:22,24221.1,24221.1,200,24226.85,25,700,2247825
NIFTY-II.NFO,19/12/2024,09:44:24,24221.1,24220.45,200,24223,25,25,2247825
NIFTY-II.NFO,19/12/2024,09:44:25,24228.55,24223.1,275,24229.2,25,800,2247825
NIFTY-II.NFO,19/12/2024,09:44:27,24226.8,24226.8,275,24230,125,50,2247825
NIFTY-II.NFO,19/12/2024,09:44:29,24235,24227.4,200,24233.95,25,575,2247825
NIFTY-II.NFO,19/12/2024,09:44:30,24235,24229.05,25,24235.05,25,25,2247825
NIFTY-II.NFO,19/12/2024,09:44:32,24235.05,24231.05,25,24235.1,50,50,2247825
NIFTY-II.NFO,19/12/2024,09:44:34,24234.85,24227.1,200,24234.6,250,375,2247825
NIFTY-II.NFO,19/12/2024,09:44:35,24232.8,24228.35,250,24232,25,400,2247825
NIFTY-II.NFO,19/12/2024,09:44:37,24232.8,24227.9,75,24231.05,50,0,2247825
NIFTY-II.NFO,19/12/2024,09:44:39,24231.05,24226.9,200,24229.05,100,25,2247825
NIFTY-II.NFO,19/12/2024,09:44:40,24231.05,24228.05,25,24232,25,125,2247825
NIFTY-II.NFO,19/12/2024,09:44:42,24226.85,24228.05,25,24233.25,50,100,2247825
NIFTY-II.NFO,19/12/2024,09:44:44,24227.05,24230.55,500,24233.1,250,1775,2247825
NIFTY-II.NFO,19/12/2024,09:44:45,24233.05,24226.05,150,24230.55,25,650,2247825
NIFTY-II.NFO,19/12/2024,09:44:47,24230.55,24225.1,175,24231.25,200,775,2247825
NIFTY-II.NFO,19/12/2024,09:44:49,24230.35,24226.05,75,24230.4,50,225,2247825
NIFTY-II.NFO,19/12/2024,09:44:50,24226.05,24222.05,50,24226.05,25,325,2247825
NIFTY-II.NFO,19/12/2024,09:44:52,24220,24220,700,24223.5,25,200,2247825
NIFTY-II.NFO,19/12/2024,09:44:54,24223.95,24220,550,24225.45,175,550,2247825
NIFTY-II.NFO,19/12/2024,09:44:55,24220,24220,550,24220.9,25,325,2247825
NIFTY-II.NFO,19/12/2024,09:44:57,24220,24220,400,24220.4,25,775,2247825
NIFTY-II.NFO,19/12/2024,09:44:59,24220,24220,75,24223.15,25,650,2247825
NIFTY-II.NFO,19/12/2024,09:45:00,24222.7,24220.1,200,24225,300,100,2247825
NIFTY-II.NFO,19/12/2024,09:45:02,24224.9,24220.65,200,24225,300,25,2247825
NIFTY-II.NFO,19/12/2024,09:45:04,24220.75,24220,25,24222.7,250,25,2247825
NIFTY-II.NFO,19/12/2024,09:45:05,24224.9,24224.9,850,24225,300,725,2247825
NIFTY-II.NFO,19/12/2024,09:45:07,24219.05,24219.05,75,24225,100,1125,2247825
NIFTY-II.NFO,19/12/2024,09:45:09,24225,24222.7,1500,24223.95,50,325,2247825
NIFTY-II.NFO,19/12/2024,09:45:10,24222.7,24222.7,1275,24223.25,25,300,2247825
NIFTY-II.NFO,19/12/2024,09:45:12,24222.15,24220,425,24222.2,75,1575,2247825
NIFTY-II.NFO,19/12/2024,09:45:14,24222.7,24222.7,525,24222.9,25,525,2247825
NIFTY-II.NFO,19/12/2024,09:45:15,24225,24217.3,200,24224.95,50,725,2247825
NIFTY-II.NFO,19/12/2024,09:45:17,24216.8,24216.1,200,24223.35,25,600,2247825
NIFTY-II.NFO,19/12/2024,09:45:19,24219.95,24216.85,25,24219.95,775,100,2247825
NIFTY-II.NFO,19/12/2024,09:45:20,24219.95,24216.6,50,24219.95,675,125,2247825
NIFTY-II.NFO,19/12/2024,09:45:22,24219.95,24216.55,75,24219.95,500,325,2247825
NIFTY-II.NFO,19/12/2024,09:45:24,24220,24220,900,24222.2,25,800,2247825
NIFTY-II.NFO,19/12/2024,09:45:25,24220,24216,750,24219.95,25,1350,2247825
NIFTY-II.NFO,19/12/2024,09:45:27,24216,24216,75,24218.6,75,875,2247825
NIFTY-II.NFO,19/12/2024,09:45:29,24213,24210,25,24215.25,25,200,2247825
NIFTY-II.NFO,19/12/2024,09:45:30,24211.9,24208,25,24211.95,25,125,2247825
NIFTY-II.NFO,19/12/2024,09:45:32,24210.95,24210,25,24211.1,125,425,2247825
NIFTY-II.NFO,19/12/2024,09:45:34,24201,24201,100,24202.95,25,400,2247825
NIFTY-II.NFO,19/12/2024,09:45:35,24200.3,24200.3,50,24204.4,25,250,2247825
NIFTY-II.NFO,19/12/2024,09:45:37,24207.2,24202.25,50,24208.85,100,375,2247825
NIFTY-II.NFO,19/12/2024,09:45:39,24201.75,24203.95,200,24206.9,25,500,2247825
NIFTY-II.NFO,19/12/2024,09:45:40,24206.9,24201.05,50,24203.95,50,125,2247825
NIFTY-II.NFO,19/12/2024,09:45:42,24203.9,24205,75,24205.1,25,1625,2247825
NIFTY-II.NFO,19/12/2024,09:45:44,24206.45,24206.45,175,24206.85,100,325,2247825
NIFTY-II.NFO,19/12/2024,09:45:45,24201.05,24201.05,50,24206.4,25,350,2247825
NIFTY-II.NFO,19/12/2024,09:45:47,24200.5,24200.3,250,24201.8,25,250,2261500
NIFTY-II.NFO,19/12/2024,09:45:49,24200.25,24200.25,700,24205.5,125,675,2261500
NIFTY-II.NFO,19/12/2024,09:45:50,24201.85,24200.25,1200,24203.05,25,1575,2261500
NIFTY-II.NFO,19/12/2024,09:45:52,24200,24192.5,200,24200,300,2125,2261500
NIFTY-II.NFO,19/12/2024,09:45:54,24200,24193.45,25,24194.7,25,25,2261500
NIFTY-II.NFO,19/12/2024,09:45:55,24183.35,24185.2,100,24186.15,25,325,2261500
NIFTY-II.NFO,19/12/2024,09:45:57,24192.7,24184.95,200,24193.65,50,225,2261500
NIFTY-II.NFO,19/12/2024,09:45:59,24192.65,24192.65,25,24194.65,25,125,2261500
NIFTY-II.NFO,19/12/2024,09:46:00,24190,24190.05,75,24192.65,25,875,2261500
NIFTY-II.NFO,19/12/2024,09:46:02,24194.7,24194.7,125,24196.8,200,225,2261500
NIFTY-II.NFO,19/12/2024,09:46:04,24195.65,24193.75,250,24198,25,225,2261500
NIFTY-II.NFO,19/12/2024,09:46:05,24192.1,24195.55,200,24197.9,25,75,2261500
NIFTY-II.NFO,19/12/2024,09:46:07,24196.55,24196.65,75,24200,500,375,2261500
NIFTY-II.NFO,19/12/2024,09:46:09,24196.3,24196.35,25,24200,250,325,2261500
NIFTY-II.NFO,19/12/2024,09:46:10,24196.15,24195.85,75,24200,200,150,2261500
NIFTY-II.NFO,19/12/2024,09:46:12,24200,24197.7,50,24200,75,125,2261500
NIFTY-II.NFO,19/12/2024,09:46:14,24201.85,24201.85,75,24204.85,25,300,2261500
NIFTY-II.NFO,19/12/2024,09:46:15,24203.05,24202.3,50,24206.5,25,100,2261500
NIFTY-II.NFO,19/12/2024,09:46:17,24203.05,24202.05,25,24205.65,50,0,2261500
NIFTY-II.NFO,19/12/2024,09:46:19,24203.05,24199.4,25,24202.05,25,0,2261500
NIFTY-II.NFO,19/12/2024,09:46:22,24202.05,24201.05,25,24205.9,50,175,2261500
NIFTY-II.NFO,19/12/2024,09:46:24,24205.5,24203.6,25,24206.55,200,200,2261500
NIFTY-II.NFO,19/12/2024,09:46:25,24200.95,24201.85,100,24205.4,25,75,2261500
NIFTY-II.NFO,19/12/2024,09:46:27,24205.9,24205.9,75,24207.1,25,1300,2261500
NIFTY-II.NFO,19/12/2024,09:46:29,24205.9,24201.2,25,24207.1,25,100,2261500
NIFTY-II.NFO,19/12/2024,09:46:30,24205.5,24205.5,300,24207.15,25,50,2261500
NIFTY-II.NFO,19/12/2024,09:46:32,24206.9,24200,100,24204.9,200,425,2261500
NIFTY-II.NFO,19/12/2024,09:46:34,24204.1,24200,125,24204.25,200,175,2261500
NIFTY-II.NFO,19/12/2024,09:46:35,24204.9,24200,100,24204.8,200,75,2261500
NIFTY-II.NFO,19/12/2024,09:46:37,24200,24199.4,25,24200,2400,125,2261500
NIFTY-II.NFO,19/12/2024,09:46:39,24199.4,24198.7,25,24200,2325,100,2261500
NIFTY-II.NFO,19/12/2024,09:46:40,24200,24196.25,250,24200,2125,300,2261500
NIFTY-II.NFO,19/12/2024,09:46:42,24199.95,24196.85,50,24199.95,825,125,2261500
NIFTY-II.NFO,19/12/2024,09:46:44,24199.95,24194.75,250,24199.9,200,175,2261500
NIFTY-II.NFO,19/12/2024,09:46:45,24199.95,24196.1,175,24199.95,575,150,2261500
NIFTY-II.NFO,19/12/2024,09:46:47,24197.7,24197.15,275,24199.95,550,75,2261500
NIFTY-II.NFO,19/12/2024,09:46:49,24199.95,24197.15,75,24199.95,500,125,2261500
NIFTY-II.NFO,19/12/2024,09:46:50,24199.95,24198.1,50,24199.95,475,25,2261500
NIFTY-II.NFO,19/12/2024,09:46:52,24199.95,24198.15,75,24199.95,375,100,2261500
NIFTY-II.NFO,19/12/2024,09:46:54,24199.95,24198,75,24199.9,200,175,2261500
NIFTY-II.NFO,19/12/2024,09:46:55,24197.7,24197.7,25,24198,25,50,2261500
NIFTY-II.NFO,19/12/2024,09:46:57,24197.7,24194.15,50,24198,25,25,2261500
NIFTY-II.NFO,19/12/2024,09:46:59,24199.95,24197.7,25,24199.95,225,100,2261500
NIFTY-II.NFO,19/12/2024,09:47:00,24194.65,24195.5,25,24199.95,225,50,2261500
NIFTY-II.NFO,19/12/2024,09:47:02,24198,24196.55,50,24199.95,225,25,2261500
NIFTY-II.NFO,19/12/2024,09:47:04,24199.95,24198.45,25,24199.95,200,25,2261500
NIFTY-II.NFO,19/12/2024,09:47:05,24199.95,24198.45,25,24199.95,200,0,2261500
NIFTY-II.NFO,19/12/2024,09:47:07,24199.95,24198.45,25,24199.95,175,25,2261500
NIFTY-II.NFO,19/12/2024,09:47:09,24199.95,24198.55,50,24199.95,125,75,2261500
NIFTY-II.NFO,19/12/2024,09:47:10,24199.95,24198.8,50,24199.95,50,75,2261500
NIFTY-II.NFO,19/12/2024,09:47:12,24200,24199.55,50,24200,2150,75,2261500
NIFTY-II.NFO,19/12/2024,09:47:14,24205,24201.3,125,24205,325,2225,2261500
NIFTY-II.NFO,19/12/2024,09:47:15,24205,24205.5,350,24205.95,200,425,2261500
NIFTY-II.NFO,19/12/2024,09:47:17,24205.95,24200.15,25,24203.8,50,375,2261500
NIFTY-II.NFO,19/12/2024,09:47:19,24200.65,24196.85,75,24200.65,25,100,2261500
NIFTY-II.NFO,19/12/2024,09:47:20,24199.9,24199.9,500,24199.95,850,1825,2261500
NIFTY-II.NFO,19/12/2024,09:47:22,24199.95,24195.6,25,24199.95,75,775,2261500
NIFTY-II.NFO,19/12/2024,09:47:24,24199.95,24196.7,50,24199.95,50,25,2261500
NIFTY-II.NFO,19/12/2024,09:47:25,24199.95,24192.65,100,24193.8,25,0,2261500
NIFTY-II.NFO,19/12/2024,09:47:27,24193.6,24193.6,50,24193.75,50,100,2261500
NIFTY-II.NFO,19/12/2024,09:47:29,24193.6,24193.65,25,24193.8,50,50,2261500
NIFTY-II.NFO,19/12/2024,09:47:30,24192.65,24192.65,25,24193.5,25,100,2261500
NIFTY-II.NFO,19/12/2024,09:47:32,24193.4,24189,175,24193.45,50,50,2261500
NIFTY-II.NFO,19/12/2024,09:47:34,24189,24191.05,25,24193.8,50,75,2261500
NIFTY-II.NFO,19/12/2024,09:47:35,24191.7,24189,125,24191.7,25,25,2261500
NIFTY-II.NFO,19/12/2024,09:47:37,24193.8,24189,100,24193.75,25,150,2261500
NIFTY-II.NFO,19/12/2024,09:47:39,24189.65,24189.5,200,24196.55,50,50,2261500
NIFTY-II.NFO,19/12/2024,09:47:40,24196.8,24191.75,50,24196.8,50,75,2261500
NIFTY-II.NFO,19/12/2024,09:47:42,24193.4,24190,25,24195.75,50,200,2261500
NIFTY-II.NFO,19/12/2024,09:47:44,24193.4,24192.35,25,24195.8,50,75,2261500
NIFTY-II.NFO,19/12/2024,09:47:45,24192.35,24189.8,200,24195.65,25,25,2261500
NIFTY-II.NFO,19/12/2024,09:47:47,24195.95,24191.1,200,24195.95,25,125,2261500
NIFTY-II.NFO,19/12/2024,09:47:49,24195.95,24193.4,25,24195.7,25,0,2261500
NIFTY-II.NFO,19/12/2024,09:47:50,24193.8,24193.4,50,24195.95,25,25,2261500
NIFTY-II.NFO,19/12/2024,09:47:52,24193.4,24193.4,25,24194.65,50,50,2261500
NIFTY-II.NFO,19/12/2024,09:47:54,24196,24193.4,25,24197.4,50,125,2261500
NIFTY-II.NFO,19/12/2024,09:47:55,24196,24193.4,25,24197.7,50,0,2261500
NIFTY-II.NFO,19/12/2024,09:47:57,24197.45,24190,325,24195.05,50,775,2261500
NIFTY-II.NFO,19/12/2024,09:47:59,24193.1,24189,25,24194.6,50,525,2261500
NIFTY-II.NFO,19/12/2024,09:48:00,24186.75,24186.75,25,24189,25,50,2261500
NIFTY-II.NFO,19/12/2024,09:48:02,24189,24185,50,24189,25,225,2261500
NIFTY-II.NFO,19/12/2024,09:48:04,24180.05,24182.1,50,24189.15,50,225,2261500
NIFTY-II.NFO,19/12/2024,09:48:05,24180,24180,50,24183.65,25,250,2261500
NIFTY-II.NFO,19/12/2024,09:48:07,24173.95,24172.95,50,24179.8,50,825,2261500
NIFTY-II.NFO,19/12/2024,09:48:09,24176.4,24177.25,100,24182.7,25,400,2261500
NIFTY-II.NFO,19/12/2024,09:48:10,24177.25,24177.5,50,24183.7,25,450,2261500
NIFTY-II.NFO,19/12/2024,09:48:12,24178.75,24175.35,200,24181.25,25,225,2261500
NIFTY-II.NFO,19/12/2024,09:48:14,24177.1,24177.2,50,24183.95,200,500,2261500
NIFTY-II.NFO,19/12/2024,09:48:15,24179.4,24180.55,50,24186.6,25,600,2261500
NIFTY-II.NFO,19/12/2024,09:48:17,24186.65,24182,75,24188.2,25,250,2261500
NIFTY-II.NFO,19/12/2024,09:48:19,24186.65,24181.3,250,24184.85,25,0,2261500
NIFTY-II.NFO,19/12/2024,09:48:20,24182.35,24182.5,225,24188.1,25,50,2261500
NIFTY-II.NFO,19/12/2024,09:48:22,24188.95,24185.9,200,24188.85,25,50,2261500
NIFTY-II.NFO,19/12/2024,09:48:24,24188.95,24185.75,200,24188.75,25,0,2261500
NIFTY-II.NFO,19/12/2024,09:48:25,24188.75,24187.4,175,24188.8,25,375,2261500
NIFTY-II.NFO,19/12/2024,09:48:27,24189,24186.85,175,24189.95,25,150,2261500
NIFTY-II.NFO,19/12/2024,09:48:29,24186.85,24186.75,75,24190,800,100,2261500
NIFTY-II.NFO,19/12/2024,09:48:30,24186.85,24188.8,25,24189.85,25,0,2261500
NIFTY-II.NFO,19/12/2024,09:48:32,24189.85,24188.8,25,24189.85,25,25,2261500
NIFTY-II.NFO,19/12/2024,09:48:34,24189.85,24188.8,25,24189.85,25,0,2261500
NIFTY-II.NFO,19/12/2024,09:48:35,24190,24189.6,50,24193.8,25,1000,2261500
NIFTY-II.NFO,19/12/2024,09:48:37,24193.65,24192.05,75,24193.7,25,325,2261500
NIFTY-II.NFO,19/12/2024,09:48:39,24194.5,24193.5,25,24194.5,25,75,2261500
NIFTY-II.NFO,19/12/2024,09:48:40,24198.85,24198.85,50,24200,150,3275,2261500
NIFTY-II.NFO,19/12/2024,09:48:42,24194.1,24193.65,25,24199.8,75,400,2261500
NIFTY-II.NFO,19/12/2024,09:48:44,24194.1,24195.1,25,24199.95,25,0,2261500
NIFTY-II.NFO,19/12/2024,09:48:45,24195.75,24195.95,200,24199.85,25,75,2261500
NIFTY-II.NFO,19/12/2024,09:48:47,24193.65,24194.55,25,24199.15,25,50,2276350
NIFTY-II.NFO,19/12/2024,09:48:49,24193.65,24195.65,25,24197.85,25,0,2276350
NIFTY-II.NFO,19/12/2024,09:48:50,24195.65,24193.95,75,24195.7,25,25,2276350
NIFTY-II.NFO,19/12/2024,09:48:52,24193.95,24193.75,25,24195.6,25,100,2276350
NIFTY-II.NFO,19/12/2024,09:48:54,24193.6,24191,75,24193.6,25,75,2276350
NIFTY-II.NFO,19/12/2024,09:48:55,24186.65,24186.95,25,24189.8,25,375,2276350
NIFTY-II.NFO,19/12/2024,09:48:57,24189.95,24187.95,375,24189.95,550,1025,2276350
NIFTY-II.NFO,19/12/2024,09:48:59,24189.95,24188.85,25,24189.8,25,0,2276350
NIFTY-II.NFO,19/12/2024,09:49:00,24189.7,24189.15,25,24189.7,25,75,2276350
NIFTY-II.NFO,19/12/2024,09:49:02,24187.6,24187.75,25,24189.2,25,75,2276350
NIFTY-II.NFO,19/12/2024,09:49:04,24189.75,24189.65,75,24189.85,325,525,2276350
NIFTY-II.NFO,19/12/2024,09:49:05,24189.35,24189.05,25,24189.7,25,150,2276350
NIFTY-II.NFO,19/12/2024,09:49:07,24189.8,24189.8,50,24189.85,300,250,2276350
NIFTY-II.NFO,19/12/2024,09:49:09,24189.85,24189.75,25,24189.8,25,100,2276350
NIFTY-II.NFO,19/12/2024,09:49:10,24189.95,24189.85,50,24194.55,25,825,2276350
NIFTY-II.NFO,19/12/2024,09:49:12,24190.65,24190.95,25,24195.7,25,50,2276350
NIFTY-II.NFO,19/12/2024,09:49:14,24190.65,24192.3,75,24195.6,25,0,2276350
NIFTY-II.NFO,19/12/2024,09:49:15,24190.65,24192.3,100,24195.7,25,0,2276350
NIFTY-II.NFO,19/12/2024,09:49:17,24190.65,24193.4,100,24194.95,25,0,2276350
NIFTY-II.NFO,19/12/2024,09:49:19,24195,24193.75,25,24195.7,25,75,2276350
NIFTY-II.NFO,19/12/2024,09:49:20,24195,24194.3,50,24195.7,25,0,2276350
NIFTY-II.NFO,19/12/2024,09:49:22,24195.75,24193.2,25,24194.95,25,100,2276350
NIFTY-II.NFO,19/12/2024,09:49:24,24195,24195,50,24195.7,25,50,2276350
NIFTY-II.NFO,19/12/2024,09:49:25,24195,24195,50,24195.5,200,0,2276350
NIFTY-II.NFO,19/12/2024,09:49:27,24189.9,24190.05,50,24195.65,25,300,2276350
NIFTY-II.NFO,19/12/2024,09:49:29,24196.75,24190.9,25,24196.6,175,250,2276350
NIFTY-II.NFO,19/12/2024,09:49:30,24197.85,24195,25,24198,25,75,2276350
NIFTY-II.NFO,19/12/2024,09:49:32,24197.85,24195,50,24198,25,0,2276350
NIFTY-II.NFO,19/12/2024,09:49:35,24197.85,24195,50,24197.95,150,0,2276350
NIFTY-II.NFO,19/12/2024,09:49:37,24197.8,24195,50,24197.85,25,150,2276350
NIFTY-II.NFO,19/12/2024,09:49:39,24195,24195,25,24197.75,25,25,2276350
NIFTY-II.NFO,19/12/2024,09:49:40,24193.9,24193.95,25,24198.45,50,650,2276350
NIFTY-II.NFO,19/12/2024,09:49:42,24193.9,24193.95,50,24197.95,50,75,2276350
NIFTY-II.NFO,19/12/2024,09:49:44,24198,24193.95,25,24199,25,75,2276350
NIFTY-II.NFO,19/12/2024,09:49:45,24193.95,24193.85,25,24197.45,25,25,2276350
NIFTY-II.NFO,19/12/2024,09:49:47,24193.95,24193.85,25,24197.35,25,0,2276350
NIFTY-II.NFO,19/12/2024,09:49:49,24191,24189.75,25,24190.95,25,50,2276350
NIFTY-II.NFO,19/12/2024,09:49:50,24191,24189.75,25,24190.95,25,0,2276350
NIFTY-II.NFO,19/12/2024,09:49:52,24195.55,24190,25,24195.35,50,175,2276350
NIFTY-II.NFO,19/12/2024,09:49:54,24195.05,24190,25,24195.75,25,25,2276350
NIFTY-II.NFO,19/12/2024,09:49:55,24190.05,24190,25,24196.35,25,75,2276350
NIFTY-II.NFO,19/12/2024,09:49:57,24190.05,24190,25,24193.6,25,0,2276350
NIFTY-II.NFO,19/12/2024,09:49:59,24190,24189.45,25,24193.25,50,75,2276350
NIFTY-II.NFO,19/12/2024,09:50:00,24189.45,24184,200,24188.95,850,50,2276350
NIFTY-II.NFO,19/12/2024,09:50:02,24183.95,24182.8,25,24188.85,50,75,2276350
NIFTY-II.NFO,19/12/2024,09:50:04,24188.35,24182.75,25,24188.35,50,75,2276350
NIFTY-II.NFO,19/12/2024,09:50:05,24188.95,24183.3,200,24188.9,25,25,2276350
NIFTY-II.NFO,19/12/2024,09:50:07,24186.85,24186.85,200,24188.95,825,75,2276350
NIFTY-II.NFO,19/12/2024,09:50:09,24188.9,24184.55,200,24188.95,750,200,2276350
NIFTY-II.NFO,19/12/2024,09:50:10,24188.9,24185.8,200,24188.95,600,200,2276350
NIFTY-II.NFO,19/12/2024,09:50:12,24188.95,24184.1,200,24186.25,50,50,2276350
NIFTY-II.NFO,19/12/2024,09:50:14,24188.95,24184.35,25,24186.25,50,0,2276350
NIFTY-II.NFO,19/12/2024,09:50:15,24186.25,24185.35,50,24188.95,525,100,2276350
NIFTY-II.NFO,19/12/2024,09:50:17,24188.95,24187.75,325,24188.95,450,100,2276350
NIFTY-II.NFO,19/12/2024,09:50:19,24188.95,24189.5,200,24189.95,25,450,2276350
NIFTY-II.NFO,19/12/2024,09:50:20,24189.95,24186.1,200,24190,50,50,2276350
NIFTY-II.NFO,19/12/2024,09:50:22,24189.95,24189,200,24190,50,0,2276350
NIFTY-II.NFO,19/12/2024,09:50:24,24189.95,24188.95,25,24189.95,25,0,2276350
NIFTY-II.NFO,19/12/2024,09:50:27,24188.95,24188,25,24189.85,25,25,2276350
NIFTY-II.NFO,19/12/2024,09:50:29,24188.05,24188.35,50,24189.8,25,175,2276350
NIFTY-II.NFO,19/12/2024,09:50:30,24189.75,24188.4,75,24189.8,25,50,2276350
NIFTY-II.NFO,19/12/2024,09:50:32,24189.8,24188.95,325,24189.9,25,25,2276350
NIFTY-II.NFO,19/12/2024,09:50:34,24190.35,24190.35,50,24193.85,25,150,2276350
NIFTY-II.NFO,19/12/2024,09:50:35,24193.8,24189.5,25,24193.8,25,25,2276350
NIFTY-II.NFO,19/12/2024,09:50:37,24193.8,24189.65,50,24193.8,25,0,2276350
NIFTY-II.NFO,19/12/2024,09:50:39,24189.65,24188.95,250,24193.8,25,100,2276350
NIFTY-II.NFO,19/12/2024,09:50:40,24193.75,24188.95,225,24193.35,200,50,2276350
NIFTY-II.NFO,19/12/2024,09:50:42,24193.75,24188.95,225,24193.45,200,0,2276350
NIFTY-II.NFO,19/12/2024,09:50:44,24193.45,24188.95,225,24191.7,200,25,2276350
NIFTY-II.NFO,19/12/2024,09:50:45,24188.95,24188.95,200,24191.7,50,50,2276350
NIFTY-II.NFO,19/12/2024,09:50:47,24188.95,24188.95,175,24190.2,25,50,2276350
NIFTY-II.NFO,19/12/2024,09:50:49,24190.2,24188.95,300,24191.7,25,25,2276350
NIFTY-II.NFO,19/12/2024,09:50:50,24188.95,24190.85,250,24193.25,25,50,2276350
NIFTY-II.NFO,19/12/2024,09:50:52,24193,24191.7,50,24193,25,50,2276350
NIFTY-II.NFO,19/12/2024,09:50:54,24191.7,24189.7,50,24193.3,25,75,2276350
NIFTY-II.NFO,19/12/2024,09:50:55,24189.7,24189.7,25,24193.75,25,25,2276350
NIFTY-II.NFO,19/12/2024,09:50:57,24193.75,24190.1,75,24193.9,25,25,2276350
NIFTY-II.NFO,19/12/2024,09:50:58,24193.75,24190.65,100,24193.8,25,0,2276350
NIFTY-II.NFO,19/12/2024,09:51:00,24193.75,24189.7,50,24193.85,50,0,2276350
NIFTY-II.NFO,19/12/2024,09:51:02,24189.7,24191.65,100,24193.85,50,25,2276350
NIFTY-II.NFO,19/12/2024,09:51:03,24189.7,24191.65,100,24192.95,25,0,2276350
NIFTY-II.NFO,19/12/2024,09:51:05,24189.7,24191.95,250,24192.95,25,0,2276350
NIFTY-II.NFO,19/12/2024,09:51:07,24193,24192.95,25,24193.85,50,75,2276350
NIFTY-II.NFO,19/12/2024,09:51:08,24193.85,24191.45,25,24193.85,25,50,2276350
NIFTY-II.NFO,19/12/2024,09:51:10,24193.85,24189.7,175,24193.9,25,0,2276350
NIFTY-II.NFO,19/12/2024,09:51:12,24193.9,24189.7,175,24193.55,50,150,2276350
NIFTY-II.NFO,19/12/2024,09:51:14,24193.55,24189.8,75,24193.95,2050,125,2276350
NIFTY-II.NFO,19/12/2024,09:51:15,24193.9,24190.7,50,24193.9,200,25,2276350
NIFTY-II.NFO,19/12/2024,09:51:17,24193.9,24191.3,25,24193.95,2050,0,2276350
NIFTY-II.NFO,19/12/2024,09:51:20,24193.95,24192,50,24193.95,2025,25,2276350
NIFTY-II.NFO,19/12/2024,09:51:22,24189.7,24193.15,75,24193.9,25,1725,2276350
NIFTY-II.NFO,19/12/2024,09:51:24,24193.9,24192.75,75,24193.95,300,25,2276350
NIFTY-II.NFO,19/12/2024,09:51:25,24193.95,24192.5,50,24193.95,250,50,2276350
NIFTY-II.NFO,19/12/2024,09:51:27,24195,24194.65,50,24195,25,300,2276350
NIFTY-II.NFO,19/12/2024,09:51:29,24195,24195.25,50,24199,25,25,2276350
NIFTY-II.NFO,19/12/2024,09:51:30,24198.95,24195.25,50,24199,25,25,2276350
NIFTY-II.NFO,19/12/2024,09:51:32,24195.25,24195.25,25,24198.55,200,25,2276350
NIFTY-II.NFO,19/12/2024,09:51:34,24198.4,24195.25,25,24198.4,200,75,2276350
NIFTY-II.NFO,19/12/2024,09:51:35,24193.95,24193.95,1475,24196.95,250,50,2276350
NIFTY-II.NFO,19/12/2024,09:51:37,24193.95,24193.95,1175,24195.25,25,325,2276350
NIFTY-II.NFO,19/12/2024,09:51:39,24193.95,24193.95,1175,24197.25,200,0,2276350
NIFTY-II.NFO,19/12/2024,09:51:40,24196.55,24193.95,1150,24196.6,25,100,2276350
NIFTY-II.NFO,19/12/2024,09:51:42,24198.3,24193.95,1150,24198.3,225,25,2276350
NIFTY-II.NFO,19/12/2024,09:51:44,24198.3,24193.95,1150,24198.3,50,250,2276350
NIFTY-II.NFO,19/12/2024,09:51:45,24193.95,24193.95,1025,24198.75,75,125,2276350
NIFTY-II.NFO,19/12/2024,09:51:47,24198.65,24194.2,100,24197.6,25,125,2280525
NIFTY-II.NFO,19/12/2024,09:51:49,24198.65,24194,25,24196.3,50,0,2280525
NIFTY-II.NFO,19/12/2024,09:51:50,24193.95,24193.95,850,24194,50,250,2280525
NIFTY-II.NFO,19/12/2024,09:51:52,24193.95,24193.95,725,24194,50,125,2280525
