Ticker,Date,Time,LTP,BuyPrice,BuyQty,SellPrice,SellQty,LTQ,OpenInterest
NIFTY-II.NFO,03/12/2024,09:15:00,24574,24610.75,100,24628,25,325,0
NIFTY-II.NFO,03/12/2024,09:15:00,24574,24610.75,100,24628,25,0,0
NIFTY-II.NFO,03/12/2024,09:15:00,24640,24610.75,100,24628,25,0,0
NIFTY-II.NFO,03/12/2024,09:15:00,24510,24610.75,100,24628,25,0,0
NIFTY-II.NFO,03/12/2024,09:15:01,24614.7,24610.95,100,24623.8,100,75,1088225
NIFTY-II.NFO,03/12/2024,09:15:03,24613.85,24602.3,100,24613.8,100,25,1088225
NIFTY-II.NFO,03/12/2024,09:15:04,24606.85,24591.75,100,24613.45,100,475,1088225
NIFTY-II.NFO,03/12/2024,09:15:06,24606.85,24590.1,25,24602.25,50,0,1088225
NIFTY-II.NFO,03/12/2024,09:15:07,24601.3,24601.3,75,24610.25,25,300,1088225
NIFTY-II.NFO,03/12/2024,09:15:09,24602.15,24602.1,400,24611.35,50,75,1088225
NIFTY-II.NFO,03/12/2024,09:15:10,24603.7,24605.5,25,24617.7,100,100,1088225
NIFTY-II.NFO,03/12/2024,09:15:12,24603.15,24600,25,24608.15,100,225,1088225
NIFTY-II.NFO,03/12/2024,09:15:13,24600,24595,375,24601.3,100,25,1088225
NIFTY-II.NFO,03/12/2024,09:15:15,24600,24595,50,24596.9,250,0,1088225
NIFTY-II.NFO,03/12/2024,09:15:16,24586.15,24586.15,125,24598.65,100,650,1088225
NIFTY-II.NFO,03/12/2024,09:15:18,24599.25,24588.75,150,24601.25,75,125,1088225
NIFTY-II.NFO,03/12/2024,09:15:19,24600,24595.35,100,24601.3,100,25,1088225
NIFTY-II.NFO,03/12/2024,09:15:21,24605.5,24599.5,100,24610,25,150,1088225
NIFTY-II.NFO,03/12/2024,09:15:22,24600.25,24601.3,100,24603.7,25,25,1088225
NIFTY-II.NFO,03/12/2024,09:15:24,24599.5,24599.5,25,24603.7,25,75,1088225
NIFTY-II.NFO,03/12/2024,09:15:25,24594.15,24600,25,24605.45,100,550,1088225
NIFTY-II.NFO,03/12/2024,09:15:27,24603.4,24594,25,24603.45,100,350,1088225
NIFTY-II.NFO,03/12/2024,09:15:28,24595.75,24595.45,125,24605.5,25,575,1088225
NIFTY-II.NFO,03/12/2024,09:15:30,24606.15,24599.1,25,24608.1,100,75,1088225
NIFTY-II.NFO,03/12/2024,09:15:31,24604.4,24604.95,25,24609.9,25,100,1088225
NIFTY-II.NFO,03/12/2024,09:15:33,24605.25,24607.25,750,24609.9,25,25,1088025
NIFTY-II.NFO,03/12/2024,09:15:35,24615.6,24608.65,25,24616.05,75,75,1088025
NIFTY-II.NFO,03/12/2024,09:15:36,24609.95,24608.1,25,24615.9,50,475,1088025
NIFTY-II.NFO,03/12/2024,09:15:38,24608.65,24607.5,750,24615.55,50,50,1088025
NIFTY-II.NFO,03/12/2024,09:15:39,24608.75,24608.35,75,24618.3,100,300,1088025
NIFTY-II.NFO,03/12/2024,09:15:41,24616.55,24607.7,25,24615.75,100,700,1088025
NIFTY-II.NFO,03/12/2024,09:15:42,24615.2,24608.9,25,24615.2,100,175,1088025
NIFTY-II.NFO,03/12/2024,09:15:44,24619.7,24610.55,100,24619.1,75,250,1088025
NIFTY-II.NFO,03/12/2024,09:15:45,24619.7,24614.05,25,24619.95,75,0,1088025
NIFTY-II.NFO,03/12/2024,09:15:47,24617.05,24618.35,50,24620,100,450,1088025
NIFTY-II.NFO,03/12/2024,09:15:48,24620,24615.95,125,24622,75,150,1088025
NIFTY-II.NFO,03/12/2024,09:15:50,24619.75,24617.6,50,24624.95,100,225,1088025
NIFTY-II.NFO,03/12/2024,09:15:51,24625,24620.6,25,24626.5,100,125,1088025
NIFTY-II.NFO,03/12/2024,09:15:53,24619.4,24618.95,25,24624.35,100,575,1088025
NIFTY-II.NFO,03/12/2024,09:15:54,24623.65,24618.3,25,24623.65,100,650,1088025
NIFTY-II.NFO,03/12/2024,09:15:56,24613.3,24613.4,75,24622.55,125,350,1088025
NIFTY-II.NFO,03/12/2024,09:15:57,24611.75,24616.55,25,24622.75,175,500,1088025
NIFTY-II.NFO,03/12/2024,09:15:59,24620.15,24611.2,25,24619,125,75,1088025
NIFTY-II.NFO,03/12/2024,09:16:00,24622.6,24613,50,24622.75,100,100,1088025
NIFTY-II.NFO,03/12/2024,09:16:02,24622.75,24614.6,25,24623.95,100,175,1088025
NIFTY-II.NFO,03/12/2024,09:16:03,24615.15,24615.15,25,24623.7,100,575,1088025
NIFTY-II.NFO,03/12/2024,09:16:05,24620.95,24614,75,24619,250,100,1088025
NIFTY-II.NFO,03/12/2024,09:16:06,24619,24611.8,75,24618.95,100,25,1088025
NIFTY-II.NFO,03/12/2024,09:16:08,24612.55,24611.9,100,24619,225,50,1088025
NIFTY-II.NFO,03/12/2024,09:16:09,24609.7,24612.5,25,24618.7,175,500,1088025
NIFTY-II.NFO,03/12/2024,09:16:11,24618.95,24612.45,25,24618.95,100,75,1088025
NIFTY-II.NFO,03/12/2024,09:16:13,24612.55,24613.1,25,24618.95,100,50,1088025
NIFTY-II.NFO,03/12/2024,09:16:14,24613.2,24612.75,125,24619,225,50,1088025
NIFTY-II.NFO,03/12/2024,09:16:16,24611.1,24617.4,25,24619,225,525,1088025
NIFTY-II.NFO,03/12/2024,09:16:17,24611.1,24618.35,25,24619,225,0,1088025
NIFTY-II.NFO,03/12/2024,09:16:19,24619,24615.65,25,24623.75,100,425,1088025
NIFTY-II.NFO,03/12/2024,09:16:20,24622.85,24615.2,25,24623,175,50,1088025
NIFTY-II.NFO,03/12/2024,09:16:22,24622.85,24615.2,50,24621.75,100,0,1088025
NIFTY-II.NFO,03/12/2024,09:16:23,24615.8,24615.75,25,24623.15,100,525,1088025
NIFTY-II.NFO,03/12/2024,09:16:25,24615.8,24615.75,25,24620,50,0,1088025
NIFTY-II.NFO,03/12/2024,09:16:26,24620,24614.95,25,24620,375,50,1088025
NIFTY-II.NFO,03/12/2024,09:16:28,24620,24614.9,25,24620,350,50,1088025
NIFTY-II.NFO,03/12/2024,09:16:29,24615.8,24616.25,25,24620,350,100,1088025
NIFTY-II.NFO,03/12/2024,09:16:31,24613.95,24613.25,25,24620,350,50,1088025
NIFTY-II.NFO,03/12/2024,09:16:33,24611.9,24613.5,25,24619.85,100,400,1088025
NIFTY-II.NFO,03/12/2024,09:16:34,24611.9,24614.25,25,24616.25,25,0,1088025
NIFTY-II.NFO,03/12/2024,09:16:36,24619.25,24614.35,25,24619.95,100,50,1088025
NIFTY-II.NFO,03/12/2024,09:16:37,24610,24610.1,100,24617.2,100,225,1088025
NIFTY-II.NFO,03/12/2024,09:16:39,24617.2,24612,25,24615.75,75,100,1088025
NIFTY-II.NFO,03/12/2024,09:16:40,24617.95,24610.35,100,24616.75,50,175,1088025
NIFTY-II.NFO,03/12/2024,09:16:42,24617.05,24611.55,100,24617.25,125,75,1088025
NIFTY-II.NFO,03/12/2024,09:16:43,24617.25,24610.7,25,24616.55,125,225,1088025
NIFTY-II.NFO,03/12/2024,09:16:45,24614.85,24610.7,25,24614.85,50,50,1088025
NIFTY-II.NFO,03/12/2024,09:16:46,24614.85,24610,25,24613.65,75,0,1088025
NIFTY-II.NFO,03/12/2024,09:16:48,24610.45,24610.35,25,24615.6,75,50,1088025
NIFTY-II.NFO,03/12/2024,09:16:49,24615.3,24610,25,24614.1,75,50,1088025
NIFTY-II.NFO,03/12/2024,09:16:51,24608.4,24607.6,25,24613.25,175,425,1088025
NIFTY-II.NFO,03/12/2024,09:16:52,24608.4,24607.5,25,24612.35,175,0,1088025
NIFTY-II.NFO,03/12/2024,09:16:54,24607.5,24606.95,25,24613.25,150,50,1088025
NIFTY-II.NFO,03/12/2024,09:16:55,24607.5,24605,200,24609.5,75,0,1088025
NIFTY-II.NFO,03/12/2024,09:16:57,24605,24605,200,24608.9,150,25,1088025
NIFTY-II.NFO,03/12/2024,09:16:58,24597.75,24599.75,25,24605.6,175,600,1088025
NIFTY-II.NFO,03/12/2024,09:17:00,24597.75,24600.4,25,24604.8,100,0,1088025
NIFTY-II.NFO,03/12/2024,09:17:01,24600.4,24596.4,25,24602.45,175,25,1088025
NIFTY-II.NFO,03/12/2024,09:17:03,24597.75,24600.95,25,24607.9,100,275,1088025
NIFTY-II.NFO,03/12/2024,09:17:04,24606.55,24602.55,25,24606.75,100,50,1088025
NIFTY-II.NFO,03/12/2024,09:17:06,24606,24602.1,25,24606.85,75,75,1088025
NIFTY-II.NFO,03/12/2024,09:17:08,24599.5,24601.55,25,24608.3,100,200,1088025
NIFTY-II.NFO,03/12/2024,09:17:09,24602.2,24601.55,25,24607.6,100,25,1088025
NIFTY-II.NFO,03/12/2024,09:17:11,24602.2,24602.75,25,24608.8,100,0,1088025
NIFTY-II.NFO,03/12/2024,09:17:12,24602.6,24600.6,100,24609.3,100,25,1088025
NIFTY-II.NFO,03/12/2024,09:17:14,24609.9,24601.65,100,24609.9,100,75,1088025
NIFTY-II.NFO,03/12/2024,09:17:15,24609.9,24602.65,25,24610.55,100,0,1088025
NIFTY-II.NFO,03/12/2024,09:17:17,24602.65,24601.65,100,24606,50,100,1088025
NIFTY-II.NFO,03/12/2024,09:17:18,24606,24603.4,25,24609.8,75,50,1088025
NIFTY-II.NFO,03/12/2024,09:17:20,24606,24604,25,24610.2,75,0,1088025
NIFTY-II.NFO,03/12/2024,09:17:21,24606,24602,25,24607.65,125,0,1088025
NIFTY-II.NFO,03/12/2024,09:17:23,24607.65,24601.45,25,24608.15,50,50,1088025
NIFTY-II.NFO,03/12/2024,09:17:24,24601.9,24601.85,25,24609.35,75,25,1088025
NIFTY-II.NFO,03/12/2024,09:17:26,24602.4,24601.55,25,24609.25,125,250,1088025
NIFTY-II.NFO,03/12/2024,09:17:27,24597.8,24597.85,25,24606,100,625,1088025
NIFTY-II.NFO,03/12/2024,09:17:29,24597.8,24598.25,150,24606.8,175,0,1088025
NIFTY-II.NFO,03/12/2024,09:17:30,24606.45,24598.25,25,24605.1,75,25,1088025
NIFTY-II.NFO,03/12/2024,09:17:32,24597.85,24597.85,100,24598.85,500,50,1088025
NIFTY-II.NFO,03/12/2024,09:17:33,24598.85,24598.25,100,24598.85,300,200,1088025
NIFTY-II.NFO,03/12/2024,09:17:35,24598.85,24598.25,100,24598.85,200,100,1088025
NIFTY-II.NFO,03/12/2024,09:17:36,24598.25,24598.25,25,24598.85,150,150,1088025
NIFTY-II.NFO,03/12/2024,09:17:38,24597.85,24598.65,50,24607.25,100,400,1088025
NIFTY-II.NFO,03/12/2024,09:17:39,24597.85,24599,25,24607.1,175,0,1088025
NIFTY-II.NFO,03/12/2024,09:17:41,24597.85,24599,25,24605.4,175,0,1088025
NIFTY-II.NFO,03/12/2024,09:17:42,24597.85,24598.25,25,24604.55,175,0,1088025
NIFTY-II.NFO,03/12/2024,09:17:44,24598.5,24598.45,50,24606,100,50,1088025
NIFTY-II.NFO,03/12/2024,09:17:45,24598.5,24601.35,250,24608.95,100,0,1088025
NIFTY-II.NFO,03/12/2024,09:17:47,24598.5,24602.4,250,24609.95,100,0,1088025
NIFTY-II.NFO,03/12/2024,09:17:48,24607,24600.5,50,24607,25,25,1088025
NIFTY-II.NFO,03/12/2024,09:17:50,24607,24600.65,25,24607,25,0,1088025
NIFTY-II.NFO,03/12/2024,09:17:51,24608.25,24601.55,50,24609.55,100,75,1088025
NIFTY-II.NFO,03/12/2024,09:17:53,24608.25,24600.9,50,24609,175,0,1088025
NIFTY-II.NFO,03/12/2024,09:17:54,24608.25,24599.7,50,24603.25,300,0,1088025
NIFTY-II.NFO,03/12/2024,09:17:56,24603.25,24599.55,75,24603.25,325,25,1088025
NIFTY-II.NFO,03/12/2024,09:17:57,24603.25,24600,25,24600.75,375,0,1088025
NIFTY-II.NFO,03/12/2024,09:17:59,24601.75,24599,25,24601.75,250,100,1088025
NIFTY-II.NFO,03/12/2024,09:18:00,24599,24598.5,25,24605.1,175,50,1088025
NIFTY-II.NFO,03/12/2024,09:18:02,24598.5,24598.25,25,24605.05,225,25,1088025
NIFTY-II.NFO,03/12/2024,09:18:03,24598.5,24598.25,25,24604.35,175,0,1088025
NIFTY-II.NFO,03/12/2024,09:18:05,24598.5,24598.25,25,24605.9,175,0,1088025
NIFTY-II.NFO,03/12/2024,09:18:06,24598.5,24598.25,25,24602.95,175,0,1088025
NIFTY-II.NFO,03/12/2024,09:18:08,24603.25,24598.5,25,24603.1,150,125,1088025
NIFTY-II.NFO,03/12/2024,09:18:09,24603.25,24598.5,100,24603.1,150,0,1088025
NIFTY-II.NFO,03/12/2024,09:18:11,24598.25,24597.85,25,24601.75,150,125,1088025
NIFTY-II.NFO,03/12/2024,09:18:12,24597.75,24596.6,25,24600.9,50,200,1088025
NIFTY-II.NFO,03/12/2024,09:18:14,24593.65,24593,25,24600.6,125,150,1088025
NIFTY-II.NFO,03/12/2024,09:18:15,24593.65,24594.25,100,24602.2,50,0,1088025
NIFTY-II.NFO,03/12/2024,09:18:17,24594.2,24594.2,25,24602.1,125,25,1088025
NIFTY-II.NFO,03/12/2024,09:18:19,24594.2,24595.2,25,24602.95,50,0,1088025
NIFTY-II.NFO,03/12/2024,09:18:20,24594.2,24595.2,25,24603,125,0,1088025
NIFTY-II.NFO,03/12/2024,09:18:22,24594.2,24596,50,24603.6,125,0,1088025
NIFTY-II.NFO,03/12/2024,09:18:23,24596.1,24596.2,25,24603.7,50,25,1088025
NIFTY-II.NFO,03/12/2024,09:18:25,24596.1,24597.1,150,24601.8,125,100,1088025
NIFTY-II.NFO,03/12/2024,09:18:26,24596.1,24596.9,50,24603.1,50,0,1088025
NIFTY-II.NFO,03/12/2024,09:18:28,24596.1,24596.95,50,24603.65,125,0,1088025
NIFTY-II.NFO,03/12/2024,09:18:29,24596.1,24596.95,50,24602.75,50,0,1088025
NIFTY-II.NFO,03/12/2024,09:18:31,24596.95,24596.95,25,24602.75,125,25,1088025
NIFTY-II.NFO,03/12/2024,09:18:32,24600.6,24596.8,25,24602.75,50,125,1088025
NIFTY-II.NFO,03/12/2024,09:18:34,24600.6,24597.25,25,24604.65,50,0,1088025
NIFTY-II.NFO,03/12/2024,09:18:35,24600.6,24597.25,25,24601.4,50,0,1088025
NIFTY-II.NFO,03/12/2024,09:18:37,24600.05,24595.7,25,24600.6,50,75,1088350
NIFTY-II.NFO,03/12/2024,09:18:38,24600.05,24595.7,25,24600.6,50,0,1088350
NIFTY-II.NFO,03/12/2024,09:18:40,24595.7,24595.5,25,24600.6,175,25,1088350
NIFTY-II.NFO,03/12/2024,09:18:41,24595.7,24593.65,25,24599.9,50,0,1088350
NIFTY-II.NFO,03/12/2024,09:18:43,24593.9,24593.55,75,24599.45,75,100,1088350
NIFTY-II.NFO,03/12/2024,09:18:45,24593.55,24594.7,25,24600.55,50,25,1088350
NIFTY-II.NFO,03/12/2024,09:18:46,24594.7,24594.75,100,24600.6,50,125,1088350
NIFTY-II.NFO,03/12/2024,09:18:48,24602.35,24595.15,25,24601.4,100,100,1088350
NIFTY-II.NFO,03/12/2024,09:18:49,24595.15,24594.65,125,24601.2,50,50,1088350
NIFTY-II.NFO,03/12/2024,09:18:51,24595.15,24593.55,100,24600.9,25,0,1088350
NIFTY-II.NFO,03/12/2024,09:18:52,24593,24593,100,24594.75,250,25,1088350
NIFTY-II.NFO,03/12/2024,09:18:54,24594.75,24594.7,25,24594.75,225,25,1088350
NIFTY-II.NFO,03/12/2024,09:18:56,24594.75,24594.7,25,24594.75,225,0,1088350
NIFTY-II.NFO,03/12/2024,09:18:59,24594.75,24594.7,25,24594.75,200,25,1088350
NIFTY-II.NFO,03/12/2024,09:19:00,24594.7,24593,100,24594.7,50,25,1088350
NIFTY-II.NFO,03/12/2024,09:19:02,24594.75,24593,100,24594.75,175,25,1088350
NIFTY-II.NFO,03/12/2024,09:19:03,24594.75,24593,100,24594.75,125,50,1088350
NIFTY-II.NFO,03/12/2024,09:19:05,24593,24593,25,24594.7,25,100,1088350
NIFTY-II.NFO,03/12/2024,09:19:07,24591.75,24590.2,25,24594.75,100,75,1088350
NIFTY-II.NFO,03/12/2024,09:19:08,24594.75,24591.05,25,24594.75,75,25,1088350
NIFTY-II.NFO,03/12/2024,09:19:10,24591.1,24590.3,25,24594.75,75,25,1088350
NIFTY-II.NFO,03/12/2024,09:19:11,24590.3,24590.75,25,24594.75,75,25,1088350
NIFTY-II.NFO,03/12/2024,09:19:13,24590.3,24590.75,25,24594.75,75,0,1088350
NIFTY-II.NFO,03/12/2024,09:19:16,24590,24591.2,25,24596.75,25,75,1088350
NIFTY-II.NFO,03/12/2024,09:19:18,24590,24591.2,25,24596.75,25,0,1088350
NIFTY-II.NFO,03/12/2024,09:19:19,24591.25,24591.2,25,24598.35,75,50,1088350
NIFTY-II.NFO,03/12/2024,09:19:21,24591.2,24591.2,25,24596.9,75,25,1088350
NIFTY-II.NFO,03/12/2024,09:19:22,24591.2,24591.25,25,24598.2,75,0,1088350
NIFTY-II.NFO,03/12/2024,09:19:24,24591.2,24592.5,25,24598.35,75,0,1088350
NIFTY-II.NFO,03/12/2024,09:19:26,24598.25,24592.5,25,24598.25,25,50,1088350
NIFTY-II.NFO,03/12/2024,09:19:27,24591.3,24593.15,250,24599.75,75,75,1088350
NIFTY-II.NFO,03/12/2024,09:19:29,24591.3,24592.9,250,24595,25,0,1088350
NIFTY-II.NFO,03/12/2024,09:19:30,24591.3,24594.05,250,24595,25,0,1088350
NIFTY-II.NFO,03/12/2024,09:19:32,24591.3,24593.2,250,24595,25,0,1088350
NIFTY-II.NFO,03/12/2024,09:19:33,24591.3,24594,250,24595,25,0,1088350
NIFTY-II.NFO,03/12/2024,09:19:35,24600,24593.05,125,24600,275,175,1088350
NIFTY-II.NFO,03/12/2024,09:19:36,24600,24594.9,100,24600,275,0,1088350
NIFTY-II.NFO,03/12/2024,09:19:38,24600,24595.55,250,24600,275,0,1088350
NIFTY-II.NFO,03/12/2024,09:19:40,24600,24597.85,250,24600,275,0,1088350
NIFTY-II.NFO,03/12/2024,09:19:41,24597.25,24595.15,250,24600,300,25,1088350
NIFTY-II.NFO,03/12/2024,09:19:43,24597.25,24594.15,250,24600,300,0,1088350
NIFTY-II.NFO,03/12/2024,09:19:44,24597.25,24595.7,375,24600,300,0,1088350
NIFTY-II.NFO,03/12/2024,09:19:46,24597.25,24593.8,250,24600,300,0,1088350
NIFTY-II.NFO,03/12/2024,09:19:47,24596.3,24595.3,125,24600,275,75,1088350
NIFTY-II.NFO,03/12/2024,09:19:49,24600,24596.3,250,24600,250,25,1088350
NIFTY-II.NFO,03/12/2024,09:19:51,24600,24596.2,250,24600,225,75,1088350
NIFTY-II.NFO,03/12/2024,09:19:52,24600,24597.25,250,24600,225,0,1088350
NIFTY-II.NFO,03/12/2024,09:19:54,24599,24598.75,250,24600,250,25,1088350
NIFTY-II.NFO,03/12/2024,09:19:55,24599,24596.8,250,24600,250,0,1088350
NIFTY-II.NFO,03/12/2024,09:19:57,24600,24599,25,24600,225,25,1088350
NIFTY-II.NFO,03/12/2024,09:19:59,24600,24599.2,250,24600,150,325,1088350
NIFTY-II.NFO,03/12/2024,09:20:00,24600,24599.05,100,24605,50,150,1088350
NIFTY-II.NFO,03/12/2024,09:20:02,24600.95,24599,100,24601.45,125,25,1088350
NIFTY-II.NFO,03/12/2024,09:20:03,24600.95,24599,100,24602.05,125,0,1088350
NIFTY-II.NFO,03/12/2024,09:20:05,24600.95,24600,25,24604.7,125,0,1088350
NIFTY-II.NFO,03/12/2024,09:20:06,24600.95,24600,25,24603.55,125,0,1088350
NIFTY-II.NFO,03/12/2024,09:20:08,24600.95,24600,25,24604.25,125,0,1088350
NIFTY-II.NFO,03/12/2024,09:20:10,24600,24599,100,24605,50,25,1088350
NIFTY-II.NFO,03/12/2024,09:20:11,24600,24599,100,24605,50,0,1088350
NIFTY-II.NFO,03/12/2024,09:20:13,24600,24599,100,24604.65,50,0,1088350
NIFTY-II.NFO,03/12/2024,09:20:14,24604.25,24600,25,24604.5,50,25,1088350
NIFTY-II.NFO,03/12/2024,09:20:16,24599,24598,25,24600.25,50,150,1088350
NIFTY-II.NFO,03/12/2024,09:20:17,24596.3,24595,125,24600.7,50,50,1088350
NIFTY-II.NFO,03/12/2024,09:20:19,24596.3,24595,125,24599.5,125,0,1088350
NIFTY-II.NFO,03/12/2024,09:20:20,24597.1,24591.3,25,24594.7,50,150,1088350
NIFTY-II.NFO,03/12/2024,09:20:22,24591.3,24591,25,24595.4,50,25,1088350
NIFTY-II.NFO,03/12/2024,09:20:24,24590.35,24591.4,25,24597.1,125,200,1088350
NIFTY-II.NFO,03/12/2024,09:20:25,24590.35,24591.45,100,24599,150,0,1088350
NIFTY-II.NFO,03/12/2024,09:20:27,24598.6,24591.4,25,24598.6,100,25,1088350
NIFTY-II.NFO,03/12/2024,09:20:28,24598.6,24590,50,24593.65,125,0,1088350
NIFTY-II.NFO,03/12/2024,09:20:31,24598.6,24590.2,25,24594.25,125,0,1088350
NIFTY-II.NFO,03/12/2024,09:20:33,24594.95,24590.65,25,24596.7,125,25,1088350
NIFTY-II.NFO,03/12/2024,09:20:35,24594.95,24590.65,25,24597.3,250,0,1088350
NIFTY-II.NFO,03/12/2024,09:20:36,24596.7,24590.7,100,24597.25,125,250,1088350
NIFTY-II.NFO,03/12/2024,09:20:38,24597.15,24591.75,50,24598,25,75,1088350
NIFTY-II.NFO,03/12/2024,09:20:39,24597.15,24591.85,150,24598,25,0,1088350
NIFTY-II.NFO,03/12/2024,09:20:41,24591.1,24591.4,100,24598,25,50,1088350
NIFTY-II.NFO,03/12/2024,09:20:42,24598,24594.4,25,24596,25,25,1088350
NIFTY-II.NFO,03/12/2024,09:20:44,24598,24594,100,24596,25,0,1088350
NIFTY-II.NFO,03/12/2024,09:20:46,24596,24594.7,100,24598,75,50,1088350
NIFTY-II.NFO,03/12/2024,09:20:47,24596,24595.35,100,24598,75,0,1088350
NIFTY-II.NFO,03/12/2024,09:20:49,24596,24593.4,25,24598,75,0,1088350
NIFTY-II.NFO,03/12/2024,09:20:50,24596,24594.05,25,24596.5,50,0,1088350
NIFTY-II.NFO,03/12/2024,09:20:52,24596,24594.05,25,24596.55,50,0,1088350
NIFTY-II.NFO,03/12/2024,09:20:54,24596,24595,25,24597.5,125,0,1088350
NIFTY-II.NFO,03/12/2024,09:20:55,24595,24594.05,25,24597.2,175,50,1088350
NIFTY-II.NFO,03/12/2024,09:20:57,24596,24594.05,25,24596.25,50,25,1088350
NIFTY-II.NFO,03/12/2024,09:20:59,24596,24594.05,25,24596.05,50,0,1088350
NIFTY-II.NFO,03/12/2024,09:21:00,24594.05,24590,75,24593.5,50,25,1088350
NIFTY-II.NFO,03/12/2024,09:21:02,24594.05,24590,75,24592.25,50,0,1088350
NIFTY-II.NFO,03/12/2024,09:21:04,24594.35,24590,75,24593.95,25,25,1088350
NIFTY-II.NFO,03/12/2024,09:21:05,24594.35,24590.05,25,24595.55,125,0,1088350
NIFTY-II.NFO,03/12/2024,09:21:07,24594.35,24590,75,24594.2,25,0,1088350
NIFTY-II.NFO,03/12/2024,09:21:09,24590,24588,25,24590,150,100,1088350
NIFTY-II.NFO,03/12/2024,09:21:10,24586.1,24582.9,75,24589.35,25,75,1088350
NIFTY-II.NFO,03/12/2024,09:21:12,24588.75,24583.2,25,24588.8,50,25,1088350
NIFTY-II.NFO,03/12/2024,09:21:14,24588.75,24582.05,25,24588.4,125,0,1088350
NIFTY-II.NFO,03/12/2024,09:21:15,24588.4,24582.05,100,24589.15,125,50,1088350
NIFTY-II.NFO,03/12/2024,09:21:17,24588.4,24582.3,125,24589.15,125,0,1088350
NIFTY-II.NFO,03/12/2024,09:21:18,24581.8,24583.95,100,24590.8,100,150,1088350
NIFTY-II.NFO,03/12/2024,09:21:20,24583.95,24582.95,25,24588.75,50,25,1088350
NIFTY-II.NFO,03/12/2024,09:21:22,24582.35,24581.8,25,24587.9,100,25,1088350
NIFTY-II.NFO,03/12/2024,09:21:23,24581.75,24581.2,25,24585.75,100,25,1088350
NIFTY-II.NFO,03/12/2024,09:21:25,24581.75,24581,25,24583,75,0,1088350
NIFTY-II.NFO,03/12/2024,09:21:28,24581,24580,75,24582.95,225,75,1088350
NIFTY-II.NFO,03/12/2024,09:21:30,24581,24580,75,24582.95,100,0,1088350
NIFTY-II.NFO,03/12/2024,09:21:32,24581,24580,75,24583,25,0,1088350
NIFTY-II.NFO,03/12/2024,09:21:33,24581,24580,75,24581,25,0,1088350
NIFTY-II.NFO,03/12/2024,09:21:35,24581,24580,75,24583,75,25,1087925
NIFTY-II.NFO,03/12/2024,09:21:36,24581,24580,75,24583,75,0,1087925
NIFTY-II.NFO,03/12/2024,09:21:38,24583,24580,50,24583,25,75,1087925
NIFTY-II.NFO,03/12/2024,09:21:40,24580,24580,25,24583,25,25,1087925
NIFTY-II.NFO,03/12/2024,09:21:46,24580,24576,25,24580.65,100,25,1087925
NIFTY-II.NFO,03/12/2024,09:21:48,24580,24576,25,24581.75,100,0,1087925
NIFTY-II.NFO,03/12/2024,09:21:50,24581.65,24576,25,24580.2,75,50,1087925
NIFTY-II.NFO,03/12/2024,09:21:51,24581.65,24576,25,24581.1,75,0,1087925
NIFTY-II.NFO,03/12/2024,09:21:53,24580.65,24575,1125,24580.65,50,50,1087925
NIFTY-II.NFO,03/12/2024,09:21:55,24580.65,24575,1125,24580.95,50,0,1087925
NIFTY-II.NFO,03/12/2024,09:21:56,24580.65,24575.85,250,24581.75,50,0,1087925
NIFTY-II.NFO,03/12/2024,09:21:58,24580.65,24575,1100,24579.75,125,0,1087925
NIFTY-II.NFO,03/12/2024,09:22:00,24572.65,24574,50,24580,25,1450,1087925
NIFTY-II.NFO,03/12/2024,09:22:01,24572.65,24574.55,50,24580,25,0,1087925
NIFTY-II.NFO,03/12/2024,09:22:03,24572.65,24574.05,50,24580,25,0,1087925
NIFTY-II.NFO,03/12/2024,09:22:05,24572.65,24575.6,50,24580,25,0,1087925
NIFTY-II.NFO,03/12/2024,09:22:07,24576.9,24576.45,25,24582.85,100,275,1087925
NIFTY-II.NFO,03/12/2024,09:22:08,24576.9,24577.45,25,24582.85,100,0,1087925
NIFTY-II.NFO,03/12/2024,09:22:10,24576.9,24576.35,25,24582.35,100,0,1087925
NIFTY-II.NFO,03/12/2024,09:22:12,24576.9,24576.35,25,24581.1,125,0,1087925
NIFTY-II.NFO,03/12/2024,09:22:13,24576.9,24576.35,25,24582.35,225,0,1087925
NIFTY-II.NFO,03/12/2024,09:22:15,24576.9,24576.35,25,24583,50,0,1087925
NIFTY-II.NFO,03/12/2024,09:22:17,24576.9,24576.35,25,24582.9,100,0,1087925
NIFTY-II.NFO,03/12/2024,09:22:18,24576.35,24576.9,25,24580,50,250,1087925
NIFTY-II.NFO,03/12/2024,09:22:20,24583,24577.95,125,24585.25,100,100,1087925
NIFTY-II.NFO,03/12/2024,09:22:22,24583,24578.4,125,24586.75,150,0,1087925
NIFTY-II.NFO,03/12/2024,09:22:23,24580.5,24580.4,25,24587.45,100,25,1087925
NIFTY-II.NFO,03/12/2024,09:22:25,24580.5,24580.4,25,24586.5,100,0,1087925
NIFTY-II.NFO,03/12/2024,09:22:27,24586.5,24580.4,25,24586.55,225,25,1087925
NIFTY-II.NFO,03/12/2024,09:22:28,24586.5,24583,25,24587.9,225,0,1087925
NIFTY-II.NFO,03/12/2024,09:22:30,24586.5,24583,25,24587.35,100,0,1087925
NIFTY-II.NFO,03/12/2024,09:22:33,24586.5,24583,25,24587.3,100,25,1087925
NIFTY-II.NFO,03/12/2024,09:22:35,24586.5,24583,25,24586.55,100,0,1087925
NIFTY-II.NFO,03/12/2024,09:22:37,24586.5,24583,25,24585.9,100,0,1087925
NIFTY-II.NFO,03/12/2024,09:22:38,24586.5,24583,25,24584.45,100,0,1087925
NIFTY-II.NFO,03/12/2024,09:22:40,24583,24576.85,25,24583.25,125,25,1087925
NIFTY-II.NFO,03/12/2024,09:22:42,24583,24577.95,25,24583.3,100,0,1087925
NIFTY-II.NFO,03/12/2024,09:22:43,24583,24577.05,25,24583.05,100,0,1087925
NIFTY-II.NFO,03/12/2024,09:22:45,24583,24577.05,25,24583.6,100,0,1087925
NIFTY-II.NFO,03/12/2024,09:22:46,24583,24577.1,25,24584.5,100,25,1087925
NIFTY-II.NFO,03/12/2024,09:22:48,24584.55,24577.05,25,24582.95,100,25,1087925
NIFTY-II.NFO,03/12/2024,09:22:50,24584.55,24577,25,24582.75,100,0,1087925
NIFTY-II.NFO,03/12/2024,09:22:51,24584.55,24577,25,24581.85,100,0,1087925
NIFTY-II.NFO,03/12/2024,09:22:53,24582.95,24577,25,24582.85,100,25,1087925
NIFTY-II.NFO,03/12/2024,09:22:55,24582.95,24577,25,24581.75,100,0,1087925
NIFTY-II.NFO,03/12/2024,09:22:56,24582.95,24577,25,24581.7,125,0,1087925
NIFTY-II.NFO,03/12/2024,09:22:58,24582.95,24577,25,24582.2,100,0,1087925
NIFTY-II.NFO,03/12/2024,09:23:00,24582.95,24577,25,24580.65,100,0,1087925
NIFTY-II.NFO,03/12/2024,09:23:01,24577.05,24577,25,24578.95,25,25,1087925
NIFTY-II.NFO,03/12/2024,09:23:03,24580,24577,25,24581.6,100,25,1087925
NIFTY-II.NFO,03/12/2024,09:23:05,24581.6,24577,25,24581.7,100,25,1087925
NIFTY-II.NFO,03/12/2024,09:23:06,24581.6,24577,25,24581.95,125,0,1087925
NIFTY-II.NFO,03/12/2024,09:23:08,24581.95,24577.1,25,24580.1,75,150,1087925
NIFTY-II.NFO,03/12/2024,09:23:10,24581.95,24577.1,25,24582.8,125,0,1087925
NIFTY-II.NFO,03/12/2024,09:23:11,24577.1,24577.05,100,24583.95,25,25,1087925
NIFTY-II.NFO,03/12/2024,09:23:13,24577.1,24577.65,100,24584.3,125,0,1087925
NIFTY-II.NFO,03/12/2024,09:23:15,24577.1,24578.45,100,24581,25,0,1087925
NIFTY-II.NFO,03/12/2024,09:23:16,24577,24577,125,24581,25,275,1087925
NIFTY-II.NFO,03/12/2024,09:23:18,24577,24578.55,125,24581,50,0,1087925
NIFTY-II.NFO,03/12/2024,09:23:20,24577,24576.8,25,24581,50,0,1087925
NIFTY-II.NFO,03/12/2024,09:23:21,24577,24579.4,125,24581,50,0,1087925
NIFTY-II.NFO,03/12/2024,09:23:23,24577,24578.55,125,24581,50,0,1087925
NIFTY-II.NFO,03/12/2024,09:23:25,24577,24579.6,125,24581,50,0,1087925
NIFTY-II.NFO,03/12/2024,09:23:26,24580.1,24578.8,50,24581,50,25,1087925
NIFTY-II.NFO,03/12/2024,09:23:28,24581,24577.1,25,24581,25,25,1087925
NIFTY-II.NFO,03/12/2024,09:23:30,24581,24577.1,25,24580.95,100,0,1087925
NIFTY-II.NFO,03/12/2024,09:23:31,24581,24580.1,50,24581,25,0,1087925
NIFTY-II.NFO,03/12/2024,09:23:33,24581,24580.1,50,24584.1,100,25,1087925
NIFTY-II.NFO,03/12/2024,09:23:35,24581,24581,25,24583.35,75,0,1087925
NIFTY-II.NFO,03/12/2024,09:23:36,24581,24581,25,24583.95,75,0,1087925
NIFTY-II.NFO,03/12/2024,09:23:38,24581,24580.1,50,24583.55,125,25,1087925
NIFTY-II.NFO,03/12/2024,09:23:40,24581,24581,25,24584.7,125,0,1087925
NIFTY-II.NFO,03/12/2024,09:23:41,24581,24581,25,24584.55,100,0,1087925
NIFTY-II.NFO,03/12/2024,09:23:43,24583.65,24580.1,50,24584.05,125,25,1087925
NIFTY-II.NFO,03/12/2024,09:23:45,24580.1,24580,25,24583.8,100,50,1087925
NIFTY-II.NFO,03/12/2024,09:23:46,24578.05,24577.05,25,24583.8,100,50,1087925
NIFTY-II.NFO,03/12/2024,09:23:48,24578.05,24578.05,25,24583.15,100,0,1087925
NIFTY-II.NFO,03/12/2024,09:23:50,24578.05,24578.05,25,24583.2,125,25,1087925
NIFTY-II.NFO,03/12/2024,09:23:51,24578.05,24577.05,25,24582.1,100,0,1087925
NIFTY-II.NFO,03/12/2024,09:23:53,24578.05,24578.05,25,24580.3,75,0,1087925
NIFTY-II.NFO,03/12/2024,09:23:55,24581.55,24577,25,24581.75,100,50,1087925
NIFTY-II.NFO,03/12/2024,09:23:56,24581.5,24577.05,25,24581.45,50,25,1087925
NIFTY-II.NFO,03/12/2024,09:23:58,24581.5,24577.1,50,24582.3,50,0,1087925
NIFTY-II.NFO,03/12/2024,09:24:00,24581.5,24580,200,24582.5,125,0,1087925
NIFTY-II.NFO,03/12/2024,09:24:01,24581.5,24580,200,24582.8,125,0,1087925
NIFTY-II.NFO,03/12/2024,09:24:03,24584.05,24580.05,25,24583.9,125,50,1087925
NIFTY-II.NFO,03/12/2024,09:24:05,24581.5,24580,175,24583.1,100,25,1087925
NIFTY-II.NFO,03/12/2024,09:24:06,24581.5,24580,175,24581.8,50,0,1087925
NIFTY-II.NFO,03/12/2024,09:24:08,24580,24577,25,24580.4,100,200,1087925
NIFTY-II.NFO,03/12/2024,09:24:10,24580,24577,25,24578.65,100,0,1087925
NIFTY-II.NFO,03/12/2024,09:24:11,24577,24576.35,100,24577.8,125,50,1087925
NIFTY-II.NFO,03/12/2024,09:24:13,24576.35,24575,225,24577.7,100,100,1087925
NIFTY-II.NFO,03/12/2024,09:24:15,24577.25,24575,225,24577.3,200,50,1087925
NIFTY-II.NFO,03/12/2024,09:24:17,24577.25,24575,225,24578.65,200,0,1087925
NIFTY-II.NFO,03/12/2024,09:24:18,24577.25,24575.2,25,24580.4,100,0,1087925
NIFTY-II.NFO,03/12/2024,09:24:20,24577.25,24575.2,25,24579.95,25,0,1087925
NIFTY-II.NFO,03/12/2024,09:24:22,24577.25,24575,225,24579.25,200,0,1087925
NIFTY-II.NFO,03/12/2024,09:24:27,24579.25,24575,225,24579.1,175,25,1087925
NIFTY-II.NFO,03/12/2024,09:24:28,24579.25,24575.05,25,24579.55,50,25,1087925
NIFTY-II.NFO,03/12/2024,09:24:30,24575.05,24576.05,25,24580.75,50,25,1087925
NIFTY-II.NFO,03/12/2024,09:24:32,24575.05,24576.05,25,24580.75,50,0,1087925
NIFTY-II.NFO,03/12/2024,09:24:33,24575.05,24575,225,24580.05,50,0,1087925
NIFTY-II.NFO,03/12/2024,09:24:35,24578.7,24575,225,24578.75,25,25,1087575
NIFTY-II.NFO,03/12/2024,09:24:37,24578.7,24576,25,24578.75,25,0,1087575
NIFTY-II.NFO,03/12/2024,09:24:38,24578.7,24576.05,25,24580.3,25,0,1087575
NIFTY-II.NFO,03/12/2024,09:24:40,24578.7,24576.05,25,24581.95,25,0,1087575
NIFTY-II.NFO,03/12/2024,09:24:42,24578.7,24577.05,25,24581,25,0,1087575
NIFTY-II.NFO,03/12/2024,09:24:43,24576,24575.6,25,24578.7,25,25,1087575
NIFTY-II.NFO,03/12/2024,09:24:45,24584.95,24578.6,50,24585,175,125,1087575
NIFTY-II.NFO,03/12/2024,09:24:46,24584.95,24579.05,25,24583.65,100,0,1087575
NIFTY-II.NFO,03/12/2024,09:24:48,24584.95,24579.2,100,24585,175,0,1087575
NIFTY-II.NFO,03/12/2024,09:24:50,24584.95,24579.1,50,24585,175,0,1087575
NIFTY-II.NFO,03/12/2024,09:24:51,24584.95,24580.1,50,24585,175,0,1087575
NIFTY-II.NFO,03/12/2024,09:24:53,24584.95,24579.4,25,24584.95,25,0,1087575
NIFTY-II.NFO,03/12/2024,09:24:55,24584.95,24579.45,25,24584.6,75,0,1087575
NIFTY-II.NFO,03/12/2024,09:24:56,24585,24579.45,25,24585,100,100,1087575
NIFTY-II.NFO,03/12/2024,09:24:58,24581.3,24583.25,125,24585,100,25,1087575
NIFTY-II.NFO,03/12/2024,09:25:00,24581.3,24583.45,125,24585,75,0,1087575
NIFTY-II.NFO,03/12/2024,09:25:01,24581.3,24583.35,25,24584.95,125,0,1087575
NIFTY-II.NFO,03/12/2024,09:25:03,24581.3,24583.5,25,24585,75,0,1087575
NIFTY-II.NFO,03/12/2024,09:25:05,24581.3,24583.55,25,24585,75,0,1087575
NIFTY-II.NFO,03/12/2024,09:25:06,24585,24583.6,25,24586.2,125,75,1087575
NIFTY-II.NFO,03/12/2024,09:25:08,24586.2,24585.25,125,24588.15,250,25,1087575
NIFTY-II.NFO,03/12/2024,09:25:10,24586.2,24585.4,25,24588.3,125,0,1087575
NIFTY-II.NFO,03/12/2024,09:25:11,24589,24585.4,25,24588.55,125,25,1087575
NIFTY-II.NFO,03/12/2024,09:25:13,24589,24585.55,125,24588.25,75,0,1087575
NIFTY-II.NFO,03/12/2024,09:25:15,24588.2,24585.5,25,24588.25,75,50,1087575
NIFTY-II.NFO,03/12/2024,09:25:16,24588.2,24586.35,125,24588.9,175,0,1087575
NIFTY-II.NFO,03/12/2024,09:25:18,24588.2,24586.4,25,24588.9,100,0,1087575
NIFTY-II.NFO,03/12/2024,09:25:20,24588.75,24586.4,25,24588.85,275,50,1087575
NIFTY-II.NFO,03/12/2024,09:25:21,24586.4,24585.45,25,24587.3,200,75,1087575
NIFTY-II.NFO,03/12/2024,09:25:23,24587.05,24583.25,25,24587.05,50,75,1087575
NIFTY-II.NFO,03/12/2024,09:25:25,24587.05,24583.3,25,24585.3,50,0,1087575
NIFTY-II.NFO,03/12/2024,09:25:26,24585.65,24583.3,25,24586.75,50,50,1087575
NIFTY-II.NFO,03/12/2024,09:25:28,24586.5,24583.6,125,24586.5,75,200,1087575
NIFTY-II.NFO,03/12/2024,09:25:30,24586.5,24583.7,125,24586.45,25,75,1087575
NIFTY-II.NFO,03/12/2024,09:25:31,24586.5,24584.85,125,24587.15,25,0,1087575
NIFTY-II.NFO,03/12/2024,09:25:33,24586.5,24586.5,25,24587.95,25,0,1087575
NIFTY-II.NFO,03/12/2024,09:25:35,24586.1,24586.4,125,24588.5,175,50,1087575
NIFTY-II.NFO,03/12/2024,09:25:36,24586.1,24585.75,125,24588.4,25,0,1087575
NIFTY-II.NFO,03/12/2024,09:25:38,24589.05,24588.8,125,24590,25,25,1087575
NIFTY-II.NFO,03/12/2024,09:25:40,24592.35,24590.3,125,24592.8,350,225,1087575
NIFTY-II.NFO,03/12/2024,09:25:41,24592.8,24586.5,25,24590.75,175,150,1087575
NIFTY-II.NFO,03/12/2024,09:25:43,24592.8,24587.75,75,24592.25,250,0,1087575
NIFTY-II.NFO,03/12/2024,09:25:45,24592.8,24586.7,75,24591.6,250,0,1087575
NIFTY-II.NFO,03/12/2024,09:25:46,24592.8,24587.05,50,24591.3,250,0,1087575
NIFTY-II.NFO,03/12/2024,09:25:48,24592,24587.05,25,24592.1,175,25,1087575
NIFTY-II.NFO,03/12/2024,09:25:50,24592,24587.05,25,24591.55,250,25,1087575
NIFTY-II.NFO,03/12/2024,09:25:51,24592,24587.05,50,24591.65,250,0,1087575
NIFTY-II.NFO,03/12/2024,09:25:53,24590,24590,25,24590.75,400,25,1087575
NIFTY-II.NFO,03/12/2024,09:25:55,24589.75,24586.6,25,24590.5,225,50,1087575
NIFTY-II.NFO,03/12/2024,09:25:56,24589.75,24586.6,25,24590.55,225,0,1087575
NIFTY-II.NFO,03/12/2024,09:25:58,24589.75,24586.6,25,24590.45,150,0,1087575
NIFTY-II.NFO,03/12/2024,09:26:00,24586.55,24586.5,50,24586.55,200,100,1087575
NIFTY-II.NFO,03/12/2024,09:26:01,24586.55,24586.5,50,24586.55,200,0,1087575
NIFTY-II.NFO,03/12/2024,09:26:05,24586.55,24587.05,75,24592.8,25,200,1087575
NIFTY-II.NFO,03/12/2024,09:26:06,24586.55,24587.05,25,24592.45,225,0,1087575
NIFTY-II.NFO,03/12/2024,09:26:08,24586.55,24586.55,25,24591.65,225,0,1087575
NIFTY-II.NFO,03/12/2024,09:26:10,24586.55,24586.55,25,24589.1,325,0,1087575
NIFTY-II.NFO,03/12/2024,09:26:11,24589.25,24586.55,25,24588.8,225,100,1087575
NIFTY-II.NFO,03/12/2024,09:26:13,24589.25,24586.55,25,24587.8,225,0,1087575
NIFTY-II.NFO,03/12/2024,09:26:15,24589.25,24586.55,25,24589.05,125,0,1087575
NIFTY-II.NFO,03/12/2024,09:26:16,24589.25,24586.55,25,24588.45,225,0,1087575
NIFTY-II.NFO,03/12/2024,09:26:18,24585.05,24583,25,24584.1,50,200,1087575
NIFTY-II.NFO,03/12/2024,09:26:20,24585.05,24583,25,24585.65,50,0,1087575
NIFTY-II.NFO,03/12/2024,09:26:22,24585.05,24583,25,24584.2,50,0,1087575
NIFTY-II.NFO,03/12/2024,09:26:23,24580.2,24578,25,24579.45,100,75,1087575
NIFTY-II.NFO,03/12/2024,09:26:25,24575.05,24575,275,24576.45,75,50,1087575
NIFTY-II.NFO,03/12/2024,09:26:27,24575,24575,250,24576.25,75,25,1087575
NIFTY-II.NFO,03/12/2024,09:26:28,24575,24572,25,24575.05,125,250,1087575
NIFTY-II.NFO,03/12/2024,09:26:30,24573.05,24570,125,24570.75,250,275,1087575
NIFTY-II.NFO,03/12/2024,09:26:32,24570.55,24565,425,24569.4,25,225,1087575
NIFTY-II.NFO,03/12/2024,09:26:33,24569.4,24565,425,24569.75,125,25,1087575
NIFTY-II.NFO,03/12/2024,09:26:35,24569.4,24565.05,25,24569.3,125,0,1087575
NIFTY-II.NFO,03/12/2024,09:26:37,24569.4,24565,425,24568.1,125,0,1087575
NIFTY-II.NFO,03/12/2024,09:26:38,24569.4,24565,425,24566.95,250,0,1087575
NIFTY-II.NFO,03/12/2024,09:26:40,24569.4,24565,425,24566.7,250,0,1087575
NIFTY-II.NFO,03/12/2024,09:26:42,24569.4,24565,425,24567.8,125,0,1087575
NIFTY-II.NFO,03/12/2024,09:26:43,24565,24566.05,25,24569.9,125,100,1087575
NIFTY-II.NFO,03/12/2024,09:26:45,24569,24565,350,24567,125,25,1087575
NIFTY-II.NFO,03/12/2024,09:26:46,24569,24565,350,24567.75,250,0,1087575
NIFTY-II.NFO,03/12/2024,09:26:48,24569,24565,350,24568.5,125,0,1087575
NIFTY-II.NFO,03/12/2024,09:26:50,24569,24565,350,24568.75,250,0,1087575
NIFTY-II.NFO,03/12/2024,09:26:51,24569,24565,350,24567.5,125,0,1087575
NIFTY-II.NFO,03/12/2024,09:26:53,24569,24565,350,24568.5,125,0,1087575
NIFTY-II.NFO,03/12/2024,09:26:55,24569,24565,350,24567.45,125,0,1087575
NIFTY-II.NFO,03/12/2024,09:26:56,24569,24565,350,24566.95,125,0,1087575
NIFTY-II.NFO,03/12/2024,09:26:58,24569,24565,350,24568.85,125,0,1087575
NIFTY-II.NFO,03/12/2024,09:27:00,24569,24565,350,24566.75,250,0,1087575
NIFTY-II.NFO,03/12/2024,09:27:01,24565,24564,25,24567.5,250,350,1087575
NIFTY-II.NFO,03/12/2024,09:27:03,24565,24564,25,24564.65,250,0,1087575
NIFTY-II.NFO,03/12/2024,09:27:05,24564,24560.5,125,24565.45,125,25,1087575
NIFTY-II.NFO,03/12/2024,09:27:06,24564,24561.15,100,24566.95,25,0,1087575
NIFTY-II.NFO,03/12/2024,09:27:08,24564,24561.1,25,24565.15,125,0,1087575
NIFTY-II.NFO,03/12/2024,09:27:10,24564,24560.5,100,24565.1,75,0,1087575
NIFTY-II.NFO,03/12/2024,09:27:11,24564,24560.5,100,24563.45,125,0,1087575
NIFTY-II.NFO,03/12/2024,09:27:13,24564,24560.5,100,24563.2,125,0,1087575
NIFTY-II.NFO,03/12/2024,09:27:15,24562.6,24560.5,100,24562.35,100,25,1087575
NIFTY-II.NFO,03/12/2024,09:27:16,24562.6,24560.5,100,24564.35,125,0,1087575
NIFTY-II.NFO,03/12/2024,09:27:18,24562.6,24560.5,100,24565.5,250,0,1087575
NIFTY-II.NFO,03/12/2024,09:27:20,24560.5,24560.5,75,24564,25,25,1087575
NIFTY-II.NFO,03/12/2024,09:27:21,24560.5,24560.5,75,24564,25,0,1087575
NIFTY-II.NFO,03/12/2024,09:27:26,24560.5,24561.45,100,24564,25,0,1087575
NIFTY-II.NFO,03/12/2024,09:27:28,24560.5,24560.55,100,24564,25,0,1087575
NIFTY-II.NFO,03/12/2024,09:27:30,24560.5,24561.3,100,24564,25,0,1087575
NIFTY-II.NFO,03/12/2024,09:27:31,24560.5,24561,100,24564,25,0,1087575
NIFTY-II.NFO,03/12/2024,09:27:33,24561.3,24563.1,100,24565,25,25,1087575
NIFTY-II.NFO,03/12/2024,09:27:35,24565,24566.05,25,24569,500,25,1087175
NIFTY-II.NFO,03/12/2024,09:27:36,24565,24563.1,100,24569,500,0,1087175
NIFTY-II.NFO,03/12/2024,09:27:40,24565,24565,25,24569,500,0,1087175
NIFTY-II.NFO,03/12/2024,09:27:41,24565,24562,100,24566.6,125,25,1087175
NIFTY-II.NFO,03/12/2024,09:27:43,24565,24562.05,25,24566.25,125,0,1087175
NIFTY-II.NFO,03/12/2024,09:27:45,24562.05,24562.05,25,24567.45,125,25,1087175
NIFTY-II.NFO,03/12/2024,09:27:46,24562.05,24563.05,25,24567.05,125,0,1087175
NIFTY-II.NFO,03/12/2024,09:27:48,24562.05,24563.05,25,24568.1,125,0,1087175
NIFTY-II.NFO,03/12/2024,09:27:50,24565.05,24564.05,25,24569,500,25,1087175
NIFTY-II.NFO,03/12/2024,09:27:51,24565.05,24565,25,24567.9,125,0,1087175
NIFTY-II.NFO,03/12/2024,09:27:53,24565.05,24565,25,24567.4,125,0,1087175
NIFTY-II.NFO,03/12/2024,09:27:55,24565,24562.05,25,24564.7,125,25,1087175
NIFTY-II.NFO,03/12/2024,09:27:56,24565.05,24562.05,50,24567.45,125,50,1087175
NIFTY-II.NFO,03/12/2024,09:27:58,24565.05,24562.5,100,24565.15,125,0,1087175
NIFTY-II.NFO,03/12/2024,09:28:00,24567.9,24562.5,50,24567.75,25,75,1087175
NIFTY-II.NFO,03/12/2024,09:28:01,24567.9,24562.5,50,24566.15,100,0,1087175
NIFTY-II.NFO,03/12/2024,09:28:03,24567.35,24562.5,50,24567.15,50,50,1087175
NIFTY-II.NFO,03/12/2024,09:28:05,24567.35,24563.05,25,24568.55,125,0,1087175
NIFTY-II.NFO,03/12/2024,09:28:06,24564.05,24562.5,50,24566.8,125,25,1087175
NIFTY-II.NFO,03/12/2024,09:28:08,24564.05,24562.5,50,24566.4,125,0,1087175
NIFTY-II.NFO,03/12/2024,09:28:10,24564.05,24562.5,50,24566.3,125,0,1087175
NIFTY-II.NFO,03/12/2024,09:28:11,24564.95,24562.5,50,24565.35,275,25,1087175
NIFTY-II.NFO,03/12/2024,09:28:13,24562.5,24561.5,25,24562.5,100,50,1087175
NIFTY-II.NFO,03/12/2024,09:28:15,24561.3,24561,25,24563.1,100,50,1087175
NIFTY-II.NFO,03/12/2024,09:28:16,24561.3,24561.1,50,24566.95,250,0,1087175
NIFTY-II.NFO,03/12/2024,09:28:18,24561.3,24564.05,25,24569,500,0,1087175
NIFTY-II.NFO,03/12/2024,09:28:20,24561.3,24561.05,25,24566.45,100,0,1087175
NIFTY-II.NFO,03/12/2024,09:28:21,24561.3,24561,25,24566.15,100,0,1087175
NIFTY-II.NFO,03/12/2024,09:28:23,24561.3,24561.05,100,24566.95,25,0,1087175
NIFTY-II.NFO,03/12/2024,09:28:25,24560.5,24560.5,50,24565.55,25,50,1087175
NIFTY-II.NFO,03/12/2024,09:28:27,24560.5,24560.5,50,24564.7,100,0,1087175
NIFTY-II.NFO,03/12/2024,09:28:28,24560.5,24560.5,50,24564.95,100,0,1087175
NIFTY-II.NFO,03/12/2024,09:28:30,24560.5,24560.5,50,24563.45,100,0,1087175
NIFTY-II.NFO,03/12/2024,09:28:32,24560.5,24560.5,50,24563.85,250,0,1087175
NIFTY-II.NFO,03/12/2024,09:28:33,24560.5,24560.5,50,24563.6,100,0,1087175
NIFTY-II.NFO,03/12/2024,09:28:35,24563.6,24560.5,50,24563.7,75,25,1087175
NIFTY-II.NFO,03/12/2024,09:28:37,24563.6,24560.5,50,24563.35,75,0,1087175
NIFTY-II.NFO,03/12/2024,09:28:38,24563.6,24560.5,50,24564.55,75,0,1087175
NIFTY-II.NFO,03/12/2024,09:28:40,24563.6,24560.5,50,24564.3,75,0,1087175
NIFTY-II.NFO,03/12/2024,09:28:42,24563.6,24561.05,25,24565,50,0,1087175
NIFTY-II.NFO,03/12/2024,09:28:43,24563.6,24560.5,50,24564.5,75,0,1087175
NIFTY-II.NFO,03/12/2024,09:28:45,24563.6,24560.5,50,24564.05,50,0,1087175
NIFTY-II.NFO,03/12/2024,09:28:47,24563.6,24560.5,50,24563.45,75,0,1087175
NIFTY-II.NFO,03/12/2024,09:28:48,24563.6,24560.5,50,24563.5,25,0,1087175
NIFTY-II.NFO,03/12/2024,09:28:50,24563.6,24560.5,50,24563.45,75,0,1087175
NIFTY-II.NFO,03/12/2024,09:28:51,24563.45,24560.5,50,24562.9,50,25,1087175
NIFTY-II.NFO,03/12/2024,09:28:53,24563.45,24560.5,50,24561.6,50,0,1087175
NIFTY-II.NFO,03/12/2024,09:28:55,24563.45,24560.5,50,24563.45,50,0,1087175
NIFTY-II.NFO,03/12/2024,09:28:56,24560.5,24560,300,24562.85,250,50,1087175
NIFTY-II.NFO,03/12/2024,09:28:58,24560.5,24560,300,24563.05,50,0,1087175
NIFTY-II.NFO,03/12/2024,09:29:00,24560.5,24560,300,24563.15,50,0,1087175
NIFTY-II.NFO,03/12/2024,09:29:01,24560.5,24560,300,24563.45,125,0,1087175
NIFTY-II.NFO,03/12/2024,09:29:03,24560.5,24560.05,100,24563.45,125,0,1087175
NIFTY-II.NFO,03/12/2024,09:29:05,24560.5,24560.45,100,24563.45,125,0,1087175
NIFTY-II.NFO,03/12/2024,09:29:06,24560.5,24560.25,100,24563.45,125,0,1087175
NIFTY-II.NFO,03/12/2024,09:29:08,24560.5,24563.05,25,24563.45,125,0,1087175
NIFTY-II.NFO,03/12/2024,09:29:11,24563.05,24561.35,100,24563.45,125,25,1087175
NIFTY-II.NFO,03/12/2024,09:29:13,24563.05,24561.25,100,24563.45,125,0,1087175
NIFTY-II.NFO,03/12/2024,09:29:15,24561.4,24562.3,25,24563.45,125,25,1087175
NIFTY-II.NFO,03/12/2024,09:29:16,24561.4,24562.1,100,24563.45,125,0,1087175
NIFTY-II.NFO,03/12/2024,09:29:18,24561.4,24561.2,100,24563.45,125,0,1087175
NIFTY-II.NFO,03/12/2024,09:29:20,24561.4,24562.35,100,24563.45,125,0,1087175
NIFTY-II.NFO,03/12/2024,09:29:21,24561.4,24562.15,25,24563.45,125,0,1087175
NIFTY-II.NFO,03/12/2024,09:29:23,24561.4,24562.1,375,24563.45,125,0,1087175
NIFTY-II.NFO,03/12/2024,09:29:25,24563.5,24563.5,125,24565,75,150,1087175
NIFTY-II.NFO,03/12/2024,09:29:26,24570,24570,25,24575.15,50,600,1087175
NIFTY-II.NFO,03/12/2024,09:29:28,24574.6,24570.05,250,24575.6,50,75,1087175
NIFTY-II.NFO,03/12/2024,09:29:30,24574.55,24568.05,25,24572.95,250,50,1087175
NIFTY-II.NFO,03/12/2024,09:29:31,24574.55,24569.05,25,24574.15,50,0,1087175
NIFTY-II.NFO,03/12/2024,09:29:33,24574.55,24570.05,25,24575.75,50,0,1087175
NIFTY-II.NFO,03/12/2024,09:29:35,24574.55,24570.05,25,24575.5,250,25,1087175
NIFTY-II.NFO,03/12/2024,09:29:36,24574.55,24570.05,25,24575.45,50,0,1087175
NIFTY-II.NFO,03/12/2024,09:29:38,24574.55,24570.35,125,24576.6,500,0,1087175
NIFTY-II.NFO,03/12/2024,09:29:40,24578,24573.1,125,24579.25,50,25,1087175
NIFTY-II.NFO,03/12/2024,09:29:41,24578,24574.45,75,24580.65,50,0,1087175
NIFTY-II.NFO,03/12/2024,09:29:43,24576.25,24575.8,300,24582.35,225,25,1087175
NIFTY-II.NFO,03/12/2024,09:29:45,24576.25,24575.25,125,24581.25,50,0,1087175
NIFTY-II.NFO,03/12/2024,09:29:46,24574.85,24574.85,50,24579.95,25,25,1087175
NIFTY-II.NFO,03/12/2024,09:29:48,24574.85,24573.9,125,24579.95,25,0,1087175
NIFTY-II.NFO,03/12/2024,09:29:49,24574.85,24575.95,75,24582.35,50,0,1087175
NIFTY-II.NFO,03/12/2024,09:29:51,24582.95,24577.05,125,24582.85,225,25,1087175
NIFTY-II.NFO,03/12/2024,09:29:53,24582.95,24577.05,25,24582.95,275,0,1087175
NIFTY-II.NFO,03/12/2024,09:29:54,24582.95,24576.1,75,24581.95,25,0,1087175
NIFTY-II.NFO,03/12/2024,09:29:58,24581.4,24579,25,24582.25,250,25,1087175
NIFTY-II.NFO,03/12/2024,09:29:59,24581.4,24579,25,24584.4,225,0,1087175
NIFTY-II.NFO,03/12/2024,09:30:01,24581.4,24579,25,24583.95,250,0,1087175
NIFTY-II.NFO,03/12/2024,09:30:03,24584.05,24579.05,25,24585.05,25,25,1087175
NIFTY-II.NFO,03/12/2024,09:30:04,24584.05,24580.7,125,24585.05,25,0,1087175
NIFTY-II.NFO,03/12/2024,09:30:06,24585.05,24584.6,50,24589.55,225,25,1087175
NIFTY-II.NFO,03/12/2024,09:30:08,24584.75,24587.9,125,24590,50,25,1087175
NIFTY-II.NFO,03/12/2024,09:30:09,24584.75,24587.95,125,24590,50,0,1087175
NIFTY-II.NFO,03/12/2024,09:30:11,24592.85,24587.8,25,24593.15,75,225,1087175
NIFTY-II.NFO,03/12/2024,09:30:13,24592.85,24587,75,24592.8,50,0,1087175
NIFTY-II.NFO,03/12/2024,09:30:14,24591.45,24584.95,125,24589.95,25,25,1087175
NIFTY-II.NFO,03/12/2024,09:30:16,24584.75,24579.45,25,24584.95,25,50,1087175
NIFTY-II.NFO,03/12/2024,09:30:18,24584.75,24582.3,100,24588.6,25,0,1087175
NIFTY-II.NFO,03/12/2024,09:30:19,24584.75,24584.65,125,24590,25,0,1087175
NIFTY-II.NFO,03/12/2024,09:30:21,24584.75,24585.2,125,24590,25,0,1087175
NIFTY-II.NFO,03/12/2024,09:30:23,24584.75,24584.95,100,24587.55,250,0,1087175
NIFTY-II.NFO,03/12/2024,09:30:24,24584,24577.85,100,24584.7,250,125,1087175
NIFTY-II.NFO,03/12/2024,09:30:26,24584,24580.25,100,24586.8,250,0,1087175
NIFTY-II.NFO,03/12/2024,09:30:28,24584,24582.4,125,24588.65,250,0,1087175
NIFTY-II.NFO,03/12/2024,09:30:29,24584,24584.75,25,24588.55,75,0,1087175
NIFTY-II.NFO,03/12/2024,09:30:31,24584,24584.75,25,24588.95,25,0,1087175
NIFTY-II.NFO,03/12/2024,09:30:33,24584,24586.8,100,24588.65,250,0,1087175
NIFTY-II.NFO,03/12/2024,09:30:34,24586.8,24584.95,100,24586.95,250,125,1087175
NIFTY-II.NFO,03/12/2024,09:30:36,24586.8,24584.95,100,24587.75,250,0,1087500
NIFTY-II.NFO,03/12/2024,09:30:38,24586.8,24584.95,100,24588.6,250,0,1087500
NIFTY-II.NFO,03/12/2024,09:30:40,24586.8,24584.95,100,24589.15,250,0,1087500
NIFTY-II.NFO,03/12/2024,09:30:41,24589.2,24584.95,100,24589.4,125,50,1087500
NIFTY-II.NFO,03/12/2024,09:30:43,24589.2,24584.95,100,24589.3,250,0,1087500
NIFTY-II.NFO,03/12/2024,09:30:45,24589.2,24584.95,100,24589.15,250,0,1087500
NIFTY-II.NFO,03/12/2024,09:30:46,24589.2,24584.95,100,24587.5,250,0,1087500
NIFTY-II.NFO,03/12/2024,09:30:48,24587.8,24584.75,25,24587.9,250,100,1087500
NIFTY-II.NFO,03/12/2024,09:30:50,24588.35,24584.75,25,24588.55,250,50,1087500
NIFTY-II.NFO,03/12/2024,09:30:51,24584.75,24584,25,24588.85,75,25,1087500
NIFTY-II.NFO,03/12/2024,09:30:53,24584.75,24584.2,125,24586,25,0,1087500
NIFTY-II.NFO,03/12/2024,09:30:55,24586,24582.8,100,24588.95,25,25,1087500
NIFTY-II.NFO,03/12/2024,09:30:56,24586,24582.2,100,24588.95,150,0,1087500
NIFTY-II.NFO,03/12/2024,09:30:58,24586,24584.75,25,24587.85,250,0,1087500
NIFTY-II.NFO,03/12/2024,09:31:00,24588.1,24584.75,25,24588.05,375,200,1087500
NIFTY-II.NFO,03/12/2024,09:31:01,24584,24580,50,24584.15,125,100,1087500
NIFTY-II.NFO,03/12/2024,09:31:03,24580,24580,25,24584.7,475,25,1087500
NIFTY-II.NFO,03/12/2024,09:31:05,24584.4,24580.05,100,24585.7,250,25,1087500
NIFTY-II.NFO,03/12/2024,09:31:06,24584.4,24580,25,24585.15,125,0,1087500
NIFTY-II.NFO,03/12/2024,09:31:08,24584.4,24580,25,24584.55,500,0,1087500
NIFTY-II.NFO,03/12/2024,09:31:10,24584.55,24580,25,24584.15,250,25,1087500
NIFTY-II.NFO,03/12/2024,09:31:11,24580,24574.1,25,24579.3,125,25,1087500
NIFTY-II.NFO,03/12/2024,09:31:13,24578,24572.05,100,24577.95,150,150,1087500
NIFTY-II.NFO,03/12/2024,09:31:15,24578,24573.1,100,24578.95,25,0,1087500
NIFTY-II.NFO,03/12/2024,09:31:16,24577.25,24571.2,75,24576.85,50,75,1087500
NIFTY-II.NFO,03/12/2024,09:31:18,24577.1,24570.9,75,24575.75,50,25,1087500
NIFTY-II.NFO,03/12/2024,09:31:20,24577.1,24570,25,24574.65,50,0,1087500
NIFTY-II.NFO,03/12/2024,09:31:21,24577.1,24570.1,100,24576.35,175,0,1087500
NIFTY-II.NFO,03/12/2024,09:31:23,24577.1,24571.1,100,24575,25,0,1087500
NIFTY-II.NFO,03/12/2024,09:31:25,24575.85,24570,25,24575.2,25,50,1087500
NIFTY-II.NFO,03/12/2024,09:31:26,24569.55,24567.95,100,24575.1,250,350,1087500
NIFTY-II.NFO,03/12/2024,09:31:28,24569.55,24569.6,75,24574.9,25,0,1087500
NIFTY-II.NFO,03/12/2024,09:31:30,24569.55,24568.4,75,24573.75,50,0,1087500
NIFTY-II.NFO,03/12/2024,09:31:31,24573,24567.05,25,24572.85,125,25,1087500
NIFTY-II.NFO,03/12/2024,09:31:33,24573,24566.45,75,24572.1,125,0,1087500
NIFTY-II.NFO,03/12/2024,09:31:35,24573,24569.55,25,24571,125,0,1087500
NIFTY-II.NFO,03/12/2024,09:31:36,24570.4,24565.1,75,24569.25,150,50,1087500
NIFTY-II.NFO,03/12/2024,09:31:38,24563.1,24561.45,100,24568.45,50,100,1087500
NIFTY-II.NFO,03/12/2024,09:31:40,24563.1,24561.45,100,24569.05,25,0,1087500
NIFTY-II.NFO,03/12/2024,09:31:41,24563.1,24563.1,100,24569.55,75,0,1087500
NIFTY-II.NFO,03/12/2024,09:31:43,24563.1,24563.1,100,24569.9,75,0,1087500
NIFTY-II.NFO,03/12/2024,09:31:45,24563.1,24565.1,100,24570.95,25,0,1087500
NIFTY-II.NFO,03/12/2024,09:31:46,24563.1,24568.05,25,24573.15,25,0,1087500
NIFTY-II.NFO,03/12/2024,09:31:48,24563.1,24566.05,25,24571.6,25,0,1087500
NIFTY-II.NFO,03/12/2024,09:31:49,24570.4,24562.7,100,24569.75,25,750,1087500
NIFTY-II.NFO,03/12/2024,09:31:51,24570.4,24562.35,100,24569.55,25,0,1087500
NIFTY-II.NFO,03/12/2024,09:31:53,24570.4,24565.1,25,24568.35,50,0,1087500
NIFTY-II.NFO,03/12/2024,09:31:54,24570.4,24565.1,25,24568.3,50,0,1087500
NIFTY-II.NFO,03/12/2024,09:31:56,24570.4,24565.1,25,24568.4,50,0,1087500
NIFTY-II.NFO,03/12/2024,09:31:58,24570.4,24565.1,25,24568.5,25,0,1087500
NIFTY-II.NFO,03/12/2024,09:31:59,24561.4,24564.05,25,24568.65,100,250,1087500
NIFTY-II.NFO,03/12/2024,09:32:01,24567.4,24563.05,25,24567.6,75,100,1087500
NIFTY-II.NFO,03/12/2024,09:32:03,24563.05,24562.05,25,24567.3,75,25,1087500
NIFTY-II.NFO,03/12/2024,09:32:04,24566.8,24562.05,25,24567,50,50,1087500
NIFTY-II.NFO,03/12/2024,09:32:06,24566.8,24562.05,25,24566.9,50,0,1087500
NIFTY-II.NFO,03/12/2024,09:32:08,24566.8,24562.05,25,24566.05,125,0,1087500
NIFTY-II.NFO,03/12/2024,09:32:09,24566.8,24560.5,175,24563.9,175,0,1087500
NIFTY-II.NFO,03/12/2024,09:32:11,24566.8,24560.5,175,24564.7,75,0,1087500
NIFTY-II.NFO,03/12/2024,09:32:13,24560.5,24560.5,150,24562.55,125,25,1087500
NIFTY-II.NFO,03/12/2024,09:32:14,24556.45,24555,25,24558,50,600,1087500
NIFTY-II.NFO,03/12/2024,09:32:16,24556.45,24555,25,24557,50,0,1087500
NIFTY-II.NFO,03/12/2024,09:32:18,24555,24554.05,25,24557.2,125,25,1087500
NIFTY-II.NFO,03/12/2024,09:32:19,24555,24554.05,25,24558,50,0,1087500
NIFTY-II.NFO,03/12/2024,09:32:21,24562.85,24559.05,25,24562.85,325,225,1087500
NIFTY-II.NFO,03/12/2024,09:32:23,24562.85,24558.05,25,24563.6,75,0,1087500
NIFTY-II.NFO,03/12/2024,09:32:24,24562.85,24557.05,25,24562.3,75,0,1087500
NIFTY-II.NFO,03/12/2024,09:32:26,24562.35,24557.05,25,24562,25,25,1087500
NIFTY-II.NFO,03/12/2024,09:32:28,24556.25,24557.1,750,24562,25,25,1087500
NIFTY-II.NFO,03/12/2024,09:32:29,24557.6,24558.9,125,24562,25,50,1087500
NIFTY-II.NFO,03/12/2024,09:32:31,24562,24560.45,25,24562.35,25,25,1087500
NIFTY-II.NFO,03/12/2024,09:32:33,24562.85,24560.45,25,24563.55,25,50,1087500
NIFTY-II.NFO,03/12/2024,09:32:34,24560.45,24561,125,24563.55,25,25,1087500
NIFTY-II.NFO,03/12/2024,09:32:36,24560.45,24560,25,24563.55,25,0,1087500
NIFTY-II.NFO,03/12/2024,09:32:38,24563.55,24560.1,125,24564.75,250,25,1087500
NIFTY-II.NFO,03/12/2024,09:32:39,24563.55,24560.05,150,24565.35,275,0,1087500
NIFTY-II.NFO,03/12/2024,09:32:41,24563.55,24560.35,25,24565.35,250,0,1087500
NIFTY-II.NFO,03/12/2024,09:32:43,24563.55,24560.35,150,24565.35,250,0,1087500
NIFTY-II.NFO,03/12/2024,09:32:44,24565.35,24560,25,24562.55,250,25,1087500
NIFTY-II.NFO,03/12/2024,09:32:46,24565.35,24560.05,25,24561.6,75,0,1087500
NIFTY-II.NFO,03/12/2024,09:32:48,24561.65,24555.7,50,24561.65,75,450,1087500
NIFTY-II.NFO,03/12/2024,09:32:50,24561.65,24556.1,125,24560,100,0,1087500
NIFTY-II.NFO,03/12/2024,09:32:51,24561.65,24555.45,125,24559.95,75,0,1087500
NIFTY-II.NFO,03/12/2024,09:32:53,24559.95,24554.85,125,24559.95,50,25,1087500
NIFTY-II.NFO,03/12/2024,09:32:55,24554.85,24554,25,24558.8,250,100,1087500
NIFTY-II.NFO,03/12/2024,09:32:56,24554.85,24555.55,25,24559.95,50,0,1087500
NIFTY-II.NFO,03/12/2024,09:32:58,24559.3,24554.85,25,24559.3,25,25,1087500
NIFTY-II.NFO,03/12/2024,09:33:00,24559.3,24555.5,25,24560,125,0,1087500
NIFTY-II.NFO,03/12/2024,09:33:01,24559.3,24556.15,25,24560,125,0,1087500
NIFTY-II.NFO,03/12/2024,09:33:03,24560,24556.15,25,24560,75,50,1087500
NIFTY-II.NFO,03/12/2024,09:33:05,24560,24558.15,25,24560,75,0,1087500
NIFTY-II.NFO,03/12/2024,09:33:06,24560,24558.85,25,24560,75,0,1087500
NIFTY-II.NFO,03/12/2024,09:33:08,24557.15,24558.3,125,24560,50,75,1087500
NIFTY-II.NFO,03/12/2024,09:33:10,24557.15,24556.8,625,24560,75,0,1087500
NIFTY-II.NFO,03/12/2024,09:33:11,24560,24559.2,250,24560,50,75,1087500
NIFTY-II.NFO,03/12/2024,09:33:13,24559.05,24559.75,250,24563.55,25,75,1087500
NIFTY-II.NFO,03/12/2024,09:33:15,24563.55,24559.45,250,24564.4,175,25,1087500
NIFTY-II.NFO,03/12/2024,09:33:16,24563.55,24558,25,24562.4,25,0,1087500
NIFTY-II.NFO,03/12/2024,09:33:18,24559.05,24558.05,25,24559.05,25,25,1087500
NIFTY-II.NFO,03/12/2024,09:33:20,24559.05,24558.05,150,24559.05,25,0,1087500
NIFTY-II.NFO,03/12/2024,09:33:21,24558.9,24559.45,100,24564.15,75,50,1087500
NIFTY-II.NFO,03/12/2024,09:33:23,24558.9,24561,100,24565,50,0,1087500
NIFTY-II.NFO,03/12/2024,09:33:25,24560.7,24561.9,375,24565,50,25,1087500
NIFTY-II.NFO,03/12/2024,09:33:26,24563.35,24564.55,100,24565,50,25,1087500
NIFTY-II.NFO,03/12/2024,09:33:28,24565,24567.85,50,24572.8,75,50,1087500
NIFTY-II.NFO,03/12/2024,09:33:30,24567.75,24567.95,475,24573.05,75,50,1087500
NIFTY-II.NFO,03/12/2024,09:33:31,24572.55,24568.25,100,24573.25,75,25,1087500
NIFTY-II.NFO,03/12/2024,09:33:33,24573.05,24567.45,475,24573.1,250,75,1087500
NIFTY-II.NFO,03/12/2024,09:33:35,24573.05,24568.05,25,24573.6,250,0,1087500
NIFTY-II.NFO,03/12/2024,09:33:36,24573.05,24568.05,25,24573.1,250,0,1087500
NIFTY-II.NFO,03/12/2024,09:33:38,24573.05,24568.05,25,24573.2,150,0,1087500
NIFTY-II.NFO,03/12/2024,09:33:39,24573.9,24568.1,100,24573.95,25,1000,1087900
NIFTY-II.NFO,03/12/2024,09:33:41,24573.9,24570.35,50,24574.95,75,0,1087900
NIFTY-II.NFO,03/12/2024,09:33:43,24577.75,24572.4,100,24578,75,75,1087900
NIFTY-II.NFO,03/12/2024,09:33:44,24577.75,24574.7,100,24580,25,0,1087900
NIFTY-II.NFO,03/12/2024,09:33:48,24570.85,24571.05,100,24576.95,25,25,1087900
NIFTY-II.NFO,03/12/2024,09:33:49,24570.85,24572.35,25,24577.9,25,0,1087900
NIFTY-II.NFO,03/12/2024,09:33:51,24570.85,24572.4,100,24577.95,25,0,1087900
NIFTY-II.NFO,03/12/2024,09:33:53,24572.4,24573.45,100,24579.45,75,25,1087900
NIFTY-II.NFO,03/12/2024,09:33:54,24572.4,24573.1,100,24579.45,75,0,1087900
NIFTY-II.NFO,03/12/2024,09:33:56,24579.45,24573.55,100,24579.45,50,25,1087900
NIFTY-II.NFO,03/12/2024,09:33:58,24579.45,24574.35,150,24580,25,0,1087900
NIFTY-II.NFO,03/12/2024,09:33:59,24580,24574.1,100,24580.55,125,25,1087900
NIFTY-II.NFO,03/12/2024,09:34:01,24580,24575.25,100,24582.6,50,0,1087900
NIFTY-II.NFO,03/12/2024,09:34:03,24580,24576.5,100,24583.9,50,0,1087900
NIFTY-II.NFO,03/12/2024,09:34:04,24580,24580,25,24582.55,250,0,1087900
NIFTY-II.NFO,03/12/2024,09:34:06,24580,24580,25,24581.85,50,0,1087900
NIFTY-II.NFO,03/12/2024,09:34:07,24581.9,24580,25,24582.2,50,25,1087900
NIFTY-II.NFO,03/12/2024,09:34:09,24581.9,24580,25,24582.2,375,0,1087900
NIFTY-II.NFO,03/12/2024,09:34:11,24581.9,24580,25,24582.1,50,0,1087900
NIFTY-II.NFO,03/12/2024,09:34:12,24580,24574.6,225,24579.95,25,50,1087900
NIFTY-II.NFO,03/12/2024,09:34:14,24581.6,24574.95,100,24580.95,25,250,1087900
NIFTY-II.NFO,03/12/2024,09:34:16,24581.6,24577.35,225,24583.5,250,0,1087900
NIFTY-II.NFO,03/12/2024,09:34:17,24585.2,24580.3,600,24586.8,125,75,1087900
NIFTY-II.NFO,03/12/2024,09:34:19,24586.75,24580.6,100,24586.6,75,50,1087900
NIFTY-II.NFO,03/12/2024,09:34:21,24586.75,24581.05,25,24586.65,75,0,1087900
NIFTY-II.NFO,03/12/2024,09:34:22,24586.75,24581.05,25,24586.95,275,0,1087900
NIFTY-II.NFO,03/12/2024,09:34:24,24586.75,24581.15,75,24586.7,250,0,1087900
NIFTY-II.NFO,03/12/2024,09:34:26,24585.7,24581.15,75,24585.85,250,25,1087900
NIFTY-II.NFO,03/12/2024,09:34:27,24585.4,24580.05,75,24585.85,250,50,1087900
NIFTY-II.NFO,03/12/2024,09:34:29,24585.85,24580.2,75,24585.95,25,25,1087900
NIFTY-II.NFO,03/12/2024,09:34:31,24585.85,24580.2,75,24585.95,25,0,1087900
NIFTY-II.NFO,03/12/2024,09:34:32,24585.85,24580.8,75,24586.8,25,0,1087900
NIFTY-II.NFO,03/12/2024,09:34:34,24585.85,24581.7,75,24586.95,25,0,1087900
NIFTY-II.NFO,03/12/2024,09:34:35,24585.85,24581.35,75,24585.85,25,0,1087900
NIFTY-II.NFO,03/12/2024,09:34:37,24585.85,24580.05,75,24585.65,75,0,1087900
NIFTY-II.NFO,03/12/2024,09:34:39,24585.85,24580.05,75,24585.85,25,0,1087900
NIFTY-II.NFO,03/12/2024,09:34:40,24585.85,24580,75,24585.1,125,0,1087900
NIFTY-II.NFO,03/12/2024,09:34:42,24585.85,24580,75,24583.55,75,0,1087900
NIFTY-II.NFO,03/12/2024,09:34:44,24585.85,24580,75,24584.75,25,0,1087900
NIFTY-II.NFO,03/12/2024,09:34:45,24585.85,24580,75,24583.95,25,0,1087900
NIFTY-II.NFO,03/12/2024,09:34:47,24584.75,24580.1,50,24585,200,25,1087900
NIFTY-II.NFO,03/12/2024,09:34:49,24584.75,24580.05,50,24584.95,25,0,1087900
NIFTY-II.NFO,03/12/2024,09:34:50,24585.85,24581.1,50,24585.85,25,25,1087900
NIFTY-II.NFO,03/12/2024,09:34:52,24585.85,24580.85,50,24585.85,50,0,1087900
NIFTY-II.NFO,03/12/2024,09:34:54,24585.85,24581.3,100,24585.85,50,0,1087900
NIFTY-II.NFO,03/12/2024,09:34:55,24585.85,24581.75,75,24585.85,50,0,1087900
NIFTY-II.NFO,03/12/2024,09:34:59,24585.85,24581.35,75,24585,50,0,1087900
NIFTY-II.NFO,03/12/2024,09:35:00,24585.85,24581.1,75,24585,50,0,1087900
NIFTY-II.NFO,03/12/2024,09:35:02,24585,24581.95,225,24585.85,75,50,1087900
NIFTY-II.NFO,03/12/2024,09:35:04,24585,24581.65,100,24585.85,75,0,1087900
NIFTY-II.NFO,03/12/2024,09:35:05,24585,24582.05,50,24585.85,75,0,1087900
NIFTY-II.NFO,03/12/2024,09:35:07,24585,24581.7,50,24585.85,75,0,1087900
NIFTY-II.NFO,03/12/2024,09:35:09,24585,24580.6,50,24585.85,75,0,1087900
NIFTY-II.NFO,03/12/2024,09:35:10,24585,24580.45,100,24585.85,75,0,1087900
NIFTY-II.NFO,03/12/2024,09:35:12,24585,24580.4,100,24585.85,75,0,1087900
NIFTY-II.NFO,03/12/2024,09:35:14,24585,24580.65,125,24585.85,75,0,1087900
NIFTY-II.NFO,03/12/2024,09:35:15,24585,24580.05,175,24585.85,75,0,1087900
NIFTY-II.NFO,03/12/2024,09:35:17,24585,24580,100,24585,225,0,1087900
NIFTY-II.NFO,03/12/2024,09:35:19,24585,24580,100,24584.85,100,0,1087900
NIFTY-II.NFO,03/12/2024,09:35:20,24585,24580.8,125,24585,225,0,1087900
NIFTY-II.NFO,03/12/2024,09:35:22,24585,24580.75,125,24585,225,0,1087900
NIFTY-II.NFO,03/12/2024,09:35:24,24585,24580.05,125,24585,175,50,1087900
NIFTY-II.NFO,03/12/2024,09:35:25,24585,24580,125,24585,175,0,1087900
NIFTY-II.NFO,03/12/2024,09:35:27,24585,24580.05,25,24585,175,0,1087900
NIFTY-II.NFO,03/12/2024,09:35:29,24585,24580,125,24582.85,100,0,1087900
NIFTY-II.NFO,03/12/2024,09:35:30,24585,24580,125,24581.95,100,0,1087900
NIFTY-II.NFO,03/12/2024,09:35:32,24585,24580,125,24581.7,100,0,1087900
NIFTY-II.NFO,03/12/2024,09:35:34,24585,24580,125,24581.05,100,0,1087900
NIFTY-II.NFO,03/12/2024,09:35:35,24585,24580,125,24581.5,100,0,1087900
NIFTY-II.NFO,03/12/2024,09:35:37,24585,24580,125,24580.7,100,0,1087900
NIFTY-II.NFO,03/12/2024,09:35:39,24585,24580,125,24581.05,100,0,1087900
NIFTY-II.NFO,03/12/2024,09:35:40,24581.05,24580,125,24581.4,50,50,1087900
NIFTY-II.NFO,03/12/2024,09:35:42,24580,24580,75,24582.1,50,50,1087900
NIFTY-II.NFO,03/12/2024,09:35:44,24580,24580,75,24582.7,50,0,1087900
NIFTY-II.NFO,03/12/2024,09:35:45,24580,24580,25,24582.8,50,50,1087900
NIFTY-II.NFO,03/12/2024,09:35:47,24580,24580,25,24582.75,50,0,1087900
NIFTY-II.NFO,03/12/2024,09:35:49,24582.75,24580,25,24582.65,25,25,1087900
NIFTY-II.NFO,03/12/2024,09:35:50,24582.75,24580,25,24582.65,275,0,1087900
NIFTY-II.NFO,03/12/2024,09:35:52,24575.25,24574.8,100,24581.35,25,75,1087900
NIFTY-II.NFO,03/12/2024,09:35:54,24575.25,24576.15,450,24581.95,25,0,1087900
NIFTY-II.NFO,03/12/2024,09:35:55,24575.25,24576.7,100,24581.95,25,0,1087900
NIFTY-II.NFO,03/12/2024,09:35:57,24576.35,24576.45,75,24582.55,25,75,1087900
NIFTY-II.NFO,03/12/2024,09:35:59,24576.35,24576.5,75,24582.55,25,0,1087900
NIFTY-II.NFO,03/12/2024,09:36:00,24576.35,24575.6,75,24581.8,25,0,1087900
NIFTY-II.NFO,03/12/2024,09:36:02,24576.35,24576.85,75,24582.55,25,0,1087900
NIFTY-II.NFO,03/12/2024,09:36:04,24576.35,24575.65,75,24581.85,25,0,1087900
NIFTY-II.NFO,03/12/2024,09:36:05,24576.35,24576.35,75,24582.45,25,0,1087900
NIFTY-II.NFO,03/12/2024,09:36:07,24575.15,24575.9,25,24581.8,25,50,1087900
NIFTY-II.NFO,03/12/2024,09:36:09,24575.15,24577.05,25,24582.3,50,0,1087900
NIFTY-II.NFO,03/12/2024,09:36:10,24576.05,24576.45,125,24582.4,25,75,1087900
NIFTY-II.NFO,03/12/2024,09:36:12,24576.05,24577.05,25,24582.95,100,0,1087900
NIFTY-II.NFO,03/12/2024,09:36:14,24576.05,24578.05,25,24583.5,100,0,1087900
NIFTY-II.NFO,03/12/2024,09:36:15,24576.05,24578.4,125,24584.25,250,0,1087900
NIFTY-II.NFO,03/12/2024,09:36:17,24576.05,24579.9,125,24584.85,250,0,1087900
NIFTY-II.NFO,03/12/2024,09:36:19,24591.25,24585.75,50,24591.3,25,1225,1087900
NIFTY-II.NFO,03/12/2024,09:36:20,24583,24583.55,250,24588.7,25,25,1087900
NIFTY-II.NFO,03/12/2024,09:36:22,24583,24582.4,400,24588.7,100,0,1087900
NIFTY-II.NFO,03/12/2024,09:36:24,24583,24583.1,375,24588.15,25,0,1087900
NIFTY-II.NFO,03/12/2024,09:36:25,24583,24584.9,275,24589.5,25,0,1087900
NIFTY-II.NFO,03/12/2024,09:36:27,24583,24586.7,25,24591.2,25,0,1087900
NIFTY-II.NFO,03/12/2024,09:36:29,24583,24584.55,400,24590.55,25,0,1087900
NIFTY-II.NFO,03/12/2024,09:36:30,24584.9,24585.3,250,24590.55,25,450,1087900
NIFTY-II.NFO,03/12/2024,09:36:32,24589.5,24582.75,75,24588.25,100,25,1087900
NIFTY-II.NFO,03/12/2024,09:36:34,24580.8,24581.6,250,24587.75,100,25,1087900
NIFTY-II.NFO,03/12/2024,09:36:35,24580.8,24583.9,250,24589.9,100,0,1087900
NIFTY-II.NFO,03/12/2024,09:36:37,24585,24585.3,250,24591.05,100,50,1088675
NIFTY-II.NFO,03/12/2024,09:36:39,24591.2,24584.35,250,24589.95,25,25,1088675
NIFTY-II.NFO,03/12/2024,09:36:40,24589.95,24585.4,50,24590.95,25,25,1088675
NIFTY-II.NFO,03/12/2024,09:36:42,24589.95,24583.45,50,24589.7,100,0,1088675
NIFTY-II.NFO,03/12/2024,09:36:44,24589.95,24586.2,250,24591,25,0,1088675
NIFTY-II.NFO,03/12/2024,09:36:45,24589.95,24588,350,24591,25,0,1088675
NIFTY-II.NFO,03/12/2024,09:36:47,24589.95,24585.1,25,24590.95,50,0,1088675
NIFTY-II.NFO,03/12/2024,09:36:48,24591,24586.9,50,24591.95,25,25,1088675
NIFTY-II.NFO,03/12/2024,09:36:50,24591,24585.9,250,24592.55,100,0,1088675
NIFTY-II.NFO,03/12/2024,09:36:52,24585.95,24585.4,25,24591.9,100,25,1088675
NIFTY-II.NFO,03/12/2024,09:36:53,24585.95,24589.95,25,24592.8,100,0,1088675
NIFTY-II.NFO,03/12/2024,09:36:55,24594.6,24589.95,25,24594.65,100,25,1088675
NIFTY-II.NFO,03/12/2024,09:36:57,24595.9,24589.95,25,24595.8,100,50,1088675
NIFTY-II.NFO,03/12/2024,09:36:58,24595.8,24589.95,25,24595.6,75,25,1088675
NIFTY-II.NFO,03/12/2024,09:37:00,24595.8,24589.95,25,24594.35,75,0,1088675
NIFTY-II.NFO,03/12/2024,09:37:02,24595.8,24589.95,25,24595.5,75,0,1088675
NIFTY-II.NFO,03/12/2024,09:37:03,24594,24589.95,25,24594.95,25,1100,1088675
NIFTY-II.NFO,03/12/2024,09:37:05,24595.5,24589.95,25,24593.95,25,100,1088675
NIFTY-II.NFO,03/12/2024,09:37:07,24593.95,24589.95,25,24595.2,125,25,1088675
NIFTY-II.NFO,03/12/2024,09:37:08,24593.95,24589.95,25,24594.95,25,0,1088675
NIFTY-II.NFO,03/12/2024,09:37:10,24593.95,24590.15,75,24595.8,250,0,1088675
NIFTY-II.NFO,03/12/2024,09:37:12,24593.95,24589.95,50,24594.9,50,0,1088675
NIFTY-II.NFO,03/12/2024,09:37:13,24593.95,24589.95,50,24591.5,50,0,1088675
NIFTY-II.NFO,03/12/2024,09:37:15,24593.95,24589.95,50,24592.1,200,0,1088675
NIFTY-II.NFO,03/12/2024,09:37:17,24593.95,24590,25,24594.35,100,0,1088675
NIFTY-II.NFO,03/12/2024,09:37:18,24593.95,24590,25,24592.35,250,0,1088675
NIFTY-II.NFO,03/12/2024,09:37:20,24592.7,24590,25,24593.05,100,25,1088675
NIFTY-II.NFO,03/12/2024,09:37:22,24592.7,24590,25,24592.9,25,0,1088675
NIFTY-II.NFO,03/12/2024,09:37:23,24592.7,24590,25,24591.4,200,0,1088675
NIFTY-II.NFO,03/12/2024,09:37:25,24591.55,24590,25,24591.35,75,125,1088675
NIFTY-II.NFO,03/12/2024,09:37:27,24589.95,24585,275,24589.45,200,50,1088675
NIFTY-II.NFO,03/12/2024,09:37:29,24589.95,24585.05,75,24590,100,0,1088675
NIFTY-II.NFO,03/12/2024,09:37:30,24589.95,24585,275,24590,100,0,1088675
NIFTY-II.NFO,03/12/2024,09:37:32,24589.95,24585,275,24588.95,25,0,1088675
NIFTY-II.NFO,03/12/2024,09:37:34,24588.95,24585,275,24589.4,200,25,1088675
NIFTY-II.NFO,03/12/2024,09:37:35,24588.95,24585,275,24589.6,50,0,1088675
NIFTY-II.NFO,03/12/2024,09:37:37,24588.95,24585,275,24588.95,50,0,1088675
NIFTY-II.NFO,03/12/2024,09:37:39,24588.95,24585,275,24587.4,25,0,1088675
NIFTY-II.NFO,03/12/2024,09:37:40,24589,24585,275,24587.9,500,750,1088675
NIFTY-II.NFO,03/12/2024,09:37:42,24589,24585,275,24587.2,750,0,1088675
NIFTY-II.NFO,03/12/2024,09:37:44,24585,24585,150,24585.9,250,125,1088675
NIFTY-II.NFO,03/12/2024,09:37:45,24585,24580.7,75,24582.45,250,150,1088675
NIFTY-II.NFO,03/12/2024,09:37:47,24582.45,24580.7,75,24582.5,225,25,1088675
NIFTY-II.NFO,03/12/2024,09:37:49,24582.45,24580.7,75,24583.05,250,0,1088675
NIFTY-II.NFO,03/12/2024,09:37:50,24582.45,24582.45,25,24584.25,125,0,1088675
NIFTY-II.NFO,03/12/2024,09:37:52,24582.45,24582.45,25,24585.45,500,0,1088675
NIFTY-II.NFO,03/12/2024,09:37:54,24585.35,24582.45,25,24583.8,250,75,1088675
NIFTY-II.NFO,03/12/2024,09:37:55,24583.7,24580.7,75,24583.7,100,25,1088675
NIFTY-II.NFO,03/12/2024,09:37:57,24583.7,24580.7,75,24582,100,0,1088675
NIFTY-II.NFO,03/12/2024,09:38:02,24583.7,24580.7,75,24580.95,500,0,1088675
NIFTY-II.NFO,03/12/2024,09:38:04,24580.95,24580.7,75,24581.1,500,25,1088675
NIFTY-II.NFO,03/12/2024,09:38:05,24580.95,24580.7,75,24582,100,0,1088675
NIFTY-II.NFO,03/12/2024,09:38:07,24581.75,24580.7,75,24582,350,25,1088675
NIFTY-II.NFO,03/12/2024,09:38:09,24580,24574.95,75,24580.45,500,100,1088675
NIFTY-II.NFO,03/12/2024,09:38:10,24580.3,24574.95,75,24580.05,250,150,1088675
NIFTY-II.NFO,03/12/2024,09:38:12,24580.3,24574,50,24576.9,500,0,1088675
NIFTY-II.NFO,03/12/2024,09:38:14,24580.3,24574,50,24577.65,250,0,1088675
NIFTY-II.NFO,03/12/2024,09:38:15,24580.3,24574,50,24578.15,25,0,1088675
NIFTY-II.NFO,03/12/2024,09:38:17,24580.3,24574.1,75,24579.2,250,0,1088675
NIFTY-II.NFO,03/12/2024,09:38:19,24580.3,24576.9,25,24580,100,0,1088675
NIFTY-II.NFO,03/12/2024,09:38:20,24580.3,24576.9,25,24580,125,0,1088675
NIFTY-II.NFO,03/12/2024,09:38:22,24580.3,24576.9,25,24577.5,250,0,1088675
NIFTY-II.NFO,03/12/2024,09:38:24,24580.3,24576.9,25,24577.5,500,0,1088675
NIFTY-II.NFO,03/12/2024,09:38:25,24576.9,24574,50,24575.55,25,25,1088675
NIFTY-II.NFO,03/12/2024,09:38:27,24576.9,24574,50,24575.5,25,0,1088675
NIFTY-II.NFO,03/12/2024,09:38:29,24576.9,24574,50,24575.9,250,0,1088675
NIFTY-II.NFO,03/12/2024,09:38:30,24574,24566.15,75,24572.3,50,50,1088675
NIFTY-II.NFO,03/12/2024,09:38:32,24574,24567.05,25,24572.65,525,0,1088675
NIFTY-II.NFO,03/12/2024,09:38:34,24572.25,24567.2,100,24573.9,250,25,1088675
NIFTY-II.NFO,03/12/2024,09:38:35,24572.25,24569.35,100,24576.05,25,0,1088675
NIFTY-II.NFO,03/12/2024,09:38:37,24572.25,24569.8,100,24577.9,50,0,1088675
NIFTY-II.NFO,03/12/2024,09:38:39,24572.25,24568.1,100,24574.9,50,0,1088675
NIFTY-II.NFO,03/12/2024,09:38:40,24572.25,24569.1,100,24575,100,0,1088675
NIFTY-II.NFO,03/12/2024,09:38:42,24575,24569.1,100,24575,50,150,1088675
NIFTY-II.NFO,03/12/2024,09:38:44,24575,24571.05,100,24575,50,0,1088675
NIFTY-II.NFO,03/12/2024,09:38:45,24575,24572.8,50,24575,75,0,1088675
NIFTY-II.NFO,03/12/2024,09:38:47,24575,24571.65,150,24575,75,0,1088675
NIFTY-II.NFO,03/12/2024,09:38:49,24575,24572.6,100,24575,75,0,1088675
NIFTY-II.NFO,03/12/2024,09:38:50,24575,24573.15,100,24575,75,0,1088675
NIFTY-II.NFO,03/12/2024,09:38:52,24575,24573.65,250,24575,75,0,1088675
NIFTY-II.NFO,03/12/2024,09:38:54,24580,24575,275,24580,275,100,1088675
NIFTY-II.NFO,03/12/2024,09:38:55,24575.3,24575.9,150,24580,275,25,1088675
NIFTY-II.NFO,03/12/2024,09:38:57,24575.05,24575,25,24580,50,225,1088675
NIFTY-II.NFO,03/12/2024,09:38:59,24575.05,24575.3,100,24580,50,0,1088675
NIFTY-II.NFO,03/12/2024,09:39:00,24575.05,24577.85,100,24580,50,0,1088675
NIFTY-II.NFO,03/12/2024,09:39:02,24580,24582.1,100,24588.95,75,50,1088675
NIFTY-II.NFO,03/12/2024,09:39:04,24580,24586,50,24592.4,75,0,1088675
NIFTY-II.NFO,03/12/2024,09:39:05,24593.2,24583.85,100,24590.35,50,25,1088675
NIFTY-II.NFO,03/12/2024,09:39:07,24593.2,24584.15,50,24590.65,50,0,1088675
NIFTY-II.NFO,03/12/2024,09:39:09,24593.2,24585.8,50,24591.95,50,0,1088675
NIFTY-II.NFO,03/12/2024,09:39:10,24591.3,24584.7,25,24589.95,25,50,1088675
NIFTY-II.NFO,03/12/2024,09:39:12,24591.3,24588,50,24594,25,0,1088675
NIFTY-II.NFO,03/12/2024,09:39:14,24588,24587.95,25,24593.75,25,25,1088675
NIFTY-II.NFO,03/12/2024,09:39:15,24588,24588.45,50,24594.9,25,0,1088675
NIFTY-II.NFO,03/12/2024,09:39:17,24594.8,24588.75,25,24593.95,475,25,1088675
NIFTY-II.NFO,03/12/2024,09:39:19,24593.2,24588.75,25,24592.5,225,25,1088675
NIFTY-II.NFO,03/12/2024,09:39:20,24593.2,24588.75,25,24592.75,25,0,1088675
NIFTY-II.NFO,03/12/2024,09:39:22,24593.2,24588.75,25,24591.7,250,0,1088675
NIFTY-II.NFO,03/12/2024,09:39:24,24593.2,24588.75,25,24592.5,25,0,1088675
NIFTY-II.NFO,03/12/2024,09:39:25,24593.2,24588.85,25,24593.35,500,0,1088675
NIFTY-II.NFO,03/12/2024,09:39:27,24593.2,24588.9,25,24593.05,325,0,1088675
NIFTY-II.NFO,03/12/2024,09:39:29,24593.1,24588.95,25,24593.3,250,75,1088675
NIFTY-II.NFO,03/12/2024,09:39:30,24593.1,24588.95,25,24593,25,0,1088675
NIFTY-II.NFO,03/12/2024,09:39:34,24593.1,24589.25,75,24593,25,0,1088675
NIFTY-II.NFO,03/12/2024,09:39:35,24593.1,24589.2,25,24591.6,250,0,1088675
NIFTY-II.NFO,03/12/2024,09:39:37,24593.1,24589.25,25,24592.3,75,25,1090725
NIFTY-II.NFO,03/12/2024,09:39:39,24593.1,24589.25,25,24592.4,250,0,1090725
NIFTY-II.NFO,03/12/2024,09:39:40,24590.5,24589.2,25,24591.1,250,75,1090725
NIFTY-II.NFO,03/12/2024,09:39:42,24591.45,24590.05,25,24591.85,250,25,1090725
NIFTY-II.NFO,03/12/2024,09:39:44,24591.85,24590.1,50,24591.7,250,50,1090725
NIFTY-II.NFO,03/12/2024,09:39:45,24591.85,24590.1,50,24591.7,250,0,1090725
NIFTY-II.NFO,03/12/2024,09:39:47,24591.85,24590.1,50,24590.45,250,0,1090725
NIFTY-II.NFO,03/12/2024,09:39:49,24591.85,24590.15,25,24590.9,125,0,1090725
NIFTY-II.NFO,03/12/2024,09:39:50,24591.85,24590.15,25,24591.25,250,0,1090725
NIFTY-II.NFO,03/12/2024,09:39:52,24591.85,24590.2,25,24591.1,125,0,1090725
NIFTY-II.NFO,03/12/2024,09:39:54,24591.85,24590.25,25,24590.9,125,0,1090725
NIFTY-II.NFO,03/12/2024,09:39:55,24591.85,24590.25,25,24590.55,125,0,1090725
NIFTY-II.NFO,03/12/2024,09:39:57,24591.85,24590.3,25,24590.4,250,0,1090725
NIFTY-II.NFO,03/12/2024,09:39:59,24591.85,24590.3,25,24591,125,0,1090725
NIFTY-II.NFO,03/12/2024,09:40:00,24591.85,24590.3,25,24592.75,125,0,1090725
NIFTY-II.NFO,03/12/2024,09:40:02,24590.25,24590.1,50,24594.05,125,50,1090725
NIFTY-II.NFO,03/12/2024,09:40:04,24590.25,24590,25,24592.55,75,0,1090725
NIFTY-II.NFO,03/12/2024,09:40:05,24590.25,24590,25,24592.85,500,0,1090725
NIFTY-II.NFO,03/12/2024,09:40:07,24592.35,24590,25,24592.35,100,50,1090725
NIFTY-II.NFO,03/12/2024,09:40:09,24592.35,24590.05,50,24591.75,100,0,1090725
NIFTY-II.NFO,03/12/2024,09:40:10,24592.35,24590.1,25,24590.85,250,0,1090725
NIFTY-II.NFO,03/12/2024,09:40:12,24590,24585.05,25,24589.75,125,100,1090725
NIFTY-II.NFO,03/12/2024,09:40:14,24590,24585.1,100,24590.2,125,0,1090725
NIFTY-II.NFO,03/12/2024,09:40:15,24589.95,24585.05,25,24590.3,500,25,1090725
NIFTY-II.NFO,03/12/2024,09:40:17,24589.75,24585.05,25,24587.55,50,25,1090725
NIFTY-II.NFO,03/12/2024,09:40:19,24589.75,24585.05,25,24586.5,500,0,1090725
NIFTY-II.NFO,03/12/2024,09:40:20,24589.75,24585.05,25,24586.4,250,0,1090725
NIFTY-II.NFO,03/12/2024,09:40:22,24586.4,24585.05,25,24585.45,375,25,1090725
NIFTY-II.NFO,03/12/2024,09:40:24,24580,24575.8,75,24580.7,500,75,1090725
NIFTY-II.NFO,03/12/2024,09:40:25,24580,24577.05,25,24581.45,125,0,1090725
NIFTY-II.NFO,03/12/2024,09:40:27,24580,24578.05,25,24582.25,125,0,1090725
NIFTY-II.NFO,03/12/2024,09:40:29,24580,24579.05,25,24584.25,100,0,1090725
NIFTY-II.NFO,03/12/2024,09:40:30,24580,24579.1,100,24585.2,225,0,1090725
NIFTY-II.NFO,03/12/2024,09:40:32,24580,24582.05,25,24587.4,50,0,1090725
NIFTY-II.NFO,03/12/2024,09:40:34,24580,24581.05,25,24585.9,50,0,1090725
NIFTY-II.NFO,03/12/2024,09:40:35,24580,24580.05,25,24585.5,500,0,1090725
NIFTY-II.NFO,03/12/2024,09:40:37,24580,24581.05,25,24584.25,50,0,1090725
NIFTY-II.NFO,03/12/2024,09:40:39,24580,24582.65,250,24585.7,50,0,1090725
NIFTY-II.NFO,03/12/2024,09:40:40,24580,24584.05,25,24588.55,100,0,1090725
NIFTY-II.NFO,03/12/2024,09:40:42,24580,24582.25,250,24587.3,125,0,1090725
NIFTY-II.NFO,03/12/2024,09:40:44,24580,24583.05,25,24586.35,50,0,1090725
NIFTY-II.NFO,03/12/2024,09:40:46,24580,24584.9,250,24588.25,50,0,1090725
NIFTY-II.NFO,03/12/2024,09:40:47,24580,24585.05,25,24588.25,50,0,1090725
NIFTY-II.NFO,03/12/2024,09:40:49,24585.75,24586.2,250,24590,25,25,1090725
NIFTY-II.NFO,03/12/2024,09:40:51,24585.75,24586.05,25,24589.85,50,0,1090725
NIFTY-II.NFO,03/12/2024,09:40:52,24585.75,24586.05,25,24590,25,0,1090725
NIFTY-II.NFO,03/12/2024,09:40:54,24585.75,24587.05,25,24590,25,0,1090725
NIFTY-II.NFO,03/12/2024,09:40:56,24585.05,24588.75,75,24590,25,625,1090725
NIFTY-II.NFO,03/12/2024,09:40:57,24590,24588.55,50,24592.35,50,25,1090725
NIFTY-II.NFO,03/12/2024,09:40:59,24590.9,24585.15,75,24590.65,50,50,1090725
NIFTY-II.NFO,03/12/2024,09:41:01,24590.9,24587.35,50,24592.15,125,0,1090725
NIFTY-II.NFO,03/12/2024,09:41:02,24590.9,24592.6,50,24594.05,50,0,1090725
NIFTY-II.NFO,03/12/2024,09:41:04,24595,24594.6,25,24595.6,25,25,1090725
NIFTY-II.NFO,03/12/2024,09:41:06,24600.05,24597.25,125,24604.05,50,400,1090725
NIFTY-II.NFO,03/12/2024,09:41:07,24600.05,24595.55,75,24601.05,50,0,1090725
NIFTY-II.NFO,03/12/2024,09:41:09,24600.05,24595.65,50,24601.65,50,0,1090725
NIFTY-II.NFO,03/12/2024,09:41:11,24600.05,24596.95,50,24602.6,50,0,1090725
NIFTY-II.NFO,03/12/2024,09:41:12,24598,24597.85,50,24603.9,850,25,1090725
NIFTY-II.NFO,03/12/2024,09:41:14,24598,24593.25,100,24599.95,75,0,1090725
NIFTY-II.NFO,03/12/2024,09:41:16,24598,24593.15,50,24599.2,250,0,1090725
NIFTY-II.NFO,03/12/2024,09:41:17,24599.2,24594.4,50,24599.65,100,50,1090725
NIFTY-II.NFO,03/12/2024,09:41:19,24599.2,24598,25,24600.05,25,0,1090725
NIFTY-II.NFO,03/12/2024,09:41:21,24596.85,24590.8,50,24596.9,50,75,1090725
NIFTY-II.NFO,03/12/2024,09:41:22,24591.75,24591.85,25,24597.5,150,25,1090725
NIFTY-II.NFO,03/12/2024,09:41:24,24598.55,24592.65,50,24598.95,25,700,1090725
NIFTY-II.NFO,03/12/2024,09:41:26,24591.75,24592.5,100,24598.55,250,375,1090725
NIFTY-II.NFO,03/12/2024,09:41:27,24592.1,24592.45,50,24598.55,250,25,1090725
NIFTY-II.NFO,03/12/2024,09:41:29,24592.1,24592.2,75,24599.1,100,0,1090725
NIFTY-II.NFO,03/12/2024,09:41:31,24592.1,24592.1,75,24598.65,50,0,1090725
NIFTY-II.NFO,03/12/2024,09:41:32,24592.1,24592.1,75,24598.1,50,0,1090725
NIFTY-II.NFO,03/12/2024,09:41:34,24592.1,24591.05,25,24596.8,100,0,1090725
NIFTY-II.NFO,03/12/2024,09:41:36,24592.05,24592.65,75,24598.9,100,25,1090725
NIFTY-II.NFO,03/12/2024,09:41:37,24592.05,24591.1,25,24597.9,50,75,1090725
NIFTY-II.NFO,03/12/2024,09:41:39,24592.05,24592.05,25,24597.7,250,25,1090725
NIFTY-II.NFO,03/12/2024,09:41:41,24592.05,24589.2,25,24595.8,50,0,1090725
NIFTY-II.NFO,03/12/2024,09:41:42,24592.05,24588,25,24594.25,100,0,1090725
NIFTY-II.NFO,03/12/2024,09:41:44,24592.05,24589.5,25,24596.25,100,0,1090725
NIFTY-II.NFO,03/12/2024,09:41:45,24592.05,24590,25,24594.55,100,0,1090725
NIFTY-II.NFO,03/12/2024,09:41:47,24592.05,24590,25,24595.25,100,0,1090725
NIFTY-II.NFO,03/12/2024,09:41:49,24592.05,24592.05,50,24595.4,125,0,1090725
NIFTY-II.NFO,03/12/2024,09:41:50,24591.25,24590.2,25,24596.7,100,100,1090725
NIFTY-II.NFO,03/12/2024,09:41:52,24591.25,24593.55,25,24599.5,100,0,1090725
NIFTY-II.NFO,03/12/2024,09:41:54,24593.55,24592.05,25,24598.2,100,25,1090725
NIFTY-II.NFO,03/12/2024,09:41:55,24593.55,24592.05,25,24597.5,100,0,1090725
NIFTY-II.NFO,03/12/2024,09:41:57,24593.55,24590,25,24594.6,100,0,1090725
NIFTY-II.NFO,03/12/2024,09:41:59,24593.55,24590,25,24595.85,100,0,1090725
NIFTY-II.NFO,03/12/2024,09:42:00,24593.55,24591.55,25,24598.45,100,0,1090725
NIFTY-II.NFO,03/12/2024,09:42:02,24593.55,24592.1,25,24598.7,100,0,1090725
NIFTY-II.NFO,03/12/2024,09:42:04,24598.85,24592.05,25,24598.5,100,25,1090725
NIFTY-II.NFO,03/12/2024,09:42:05,24598.85,24590.1,25,24596.85,100,0,1090725
NIFTY-II.NFO,03/12/2024,09:42:07,24598.85,24590.45,25,24597.5,100,0,1090725
NIFTY-II.NFO,03/12/2024,09:42:09,24598.85,24590.55,75,24597.5,100,0,1090725
NIFTY-II.NFO,03/12/2024,09:42:11,24598.85,24590.75,25,24597.6,100,0,1090725
NIFTY-II.NFO,03/12/2024,09:42:12,24590,24590,75,24593.8,100,50,1090725
NIFTY-II.NFO,03/12/2024,09:42:14,24590,24590,75,24594.35,100,0,1090725
NIFTY-II.NFO,03/12/2024,09:42:16,24590,24590,75,24595.4,100,0,1090725
NIFTY-II.NFO,03/12/2024,09:42:17,24590,24590,75,24595.55,100,0,1090725
NIFTY-II.NFO,03/12/2024,09:42:19,24590,24590,50,24595.35,100,25,1090725
NIFTY-II.NFO,03/12/2024,09:42:21,24596,24590,50,24594.15,75,200,1090725
NIFTY-II.NFO,03/12/2024,09:42:22,24596,24590.05,25,24595.15,75,0,1090725
NIFTY-II.NFO,03/12/2024,09:42:24,24596,24590.05,25,24593.85,75,0,1090725
NIFTY-II.NFO,03/12/2024,09:42:26,24593.6,24590.05,25,24593.75,50,25,1090725
NIFTY-II.NFO,03/12/2024,09:42:27,24593.6,24590.05,25,24593.2,175,0,1090725
NIFTY-II.NFO,03/12/2024,09:42:29,24593.6,24590.05,25,24593.1,250,0,1090725
NIFTY-II.NFO,03/12/2024,09:42:31,24593.6,24590.05,25,24593,50,0,1090725
NIFTY-II.NFO,03/12/2024,09:42:32,24590.1,24588,25,24589.95,25,150,1090725
NIFTY-II.NFO,03/12/2024,09:42:34,24590.65,24588,25,24590.7,125,25,1090725
NIFTY-II.NFO,03/12/2024,09:42:36,24590.1,24588,25,24590.1,100,25,1090725
NIFTY-II.NFO,03/12/2024,09:42:37,24590.1,24588,25,24591,125,0,1090725
NIFTY-II.NFO,03/12/2024,09:42:39,24590.1,24588,25,24592.65,250,0,1090725
NIFTY-II.NFO,03/12/2024,09:42:41,24590.1,24588,25,24593.15,50,0,1090725
NIFTY-II.NFO,03/12/2024,09:42:42,24590.1,24588.05,25,24593.95,25,0,1090725
NIFTY-II.NFO,03/12/2024,09:42:44,24590.1,24588.05,50,24594.6,250,0,1090725
NIFTY-II.NFO,03/12/2024,09:42:46,24590.1,24588.05,25,24591.7,250,0,1090725
NIFTY-II.NFO,03/12/2024,09:42:47,24590.1,24590.1,25,24592.25,50,0,1090725
NIFTY-II.NFO,03/12/2024,09:42:49,24590.1,24590.1,25,24593.1,250,0,1090725
NIFTY-II.NFO,03/12/2024,09:42:51,24590.1,24590.1,25,24594.25,50,0,1090725
NIFTY-II.NFO,03/12/2024,09:42:52,24590.1,24590.1,25,24594.85,50,0,1090725
NIFTY-II.NFO,03/12/2024,09:42:56,24590.1,24590.1,75,24593.75,125,0,1090725
NIFTY-II.NFO,03/12/2024,09:42:57,24593.7,24590.1,50,24593.95,25,75,1093000
NIFTY-II.NFO,03/12/2024,09:42:59,24593.7,24590.1,50,24594.85,50,0,1093000
NIFTY-II.NFO,03/12/2024,09:43:06,24593.7,24590.1,50,24595.15,100,0,1093000
NIFTY-II.NFO,03/12/2024,09:43:07,24593.7,24590.1,50,24595.95,25,0,1093000
NIFTY-II.NFO,03/12/2024,09:43:09,24593.7,24590.1,50,24596.9,50,0,1093000
NIFTY-II.NFO,03/12/2024,09:43:11,24593.7,24590.9,100,24597.55,125,0,1093000
NIFTY-II.NFO,03/12/2024,09:43:12,24593.7,24592.2,100,24598.85,225,0,1093000
NIFTY-II.NFO,03/12/2024,09:43:14,24593.7,24591.75,100,24598.5,75,0,1093000
NIFTY-II.NFO,03/12/2024,09:43:16,24598.5,24592.95,75,24599,50,25,1093000
NIFTY-II.NFO,03/12/2024,09:43:17,24598.5,24594.35,50,24599.8,75,0,1093000
NIFTY-II.NFO,03/12/2024,09:43:19,24598.5,24593.75,100,24599.95,75,0,1093000
NIFTY-II.NFO,03/12/2024,09:43:21,24598.5,24594.7,75,24599.95,75,0,1093000
NIFTY-II.NFO,03/12/2024,09:43:22,24598.5,24591.05,25,24596.9,250,0,1093000
NIFTY-II.NFO,03/12/2024,09:43:24,24597.95,24592.2,100,24599.3,250,25,1093000
NIFTY-II.NFO,03/12/2024,09:43:26,24599.75,24593.8,100,24600,50,50,1093000
NIFTY-II.NFO,03/12/2024,09:43:27,24599.75,24593.6,100,24600,50,0,1093000
NIFTY-II.NFO,03/12/2024,09:43:31,24599.75,24594.1,50,24600,50,0,1093000
NIFTY-II.NFO,03/12/2024,09:43:32,24599.75,24595.5,50,24600,50,0,1093000
NIFTY-II.NFO,03/12/2024,09:43:34,24599.75,24595.35,75,24599.75,25,0,1093000
NIFTY-II.NFO,03/12/2024,09:43:37,24599.75,24594.85,75,24599.75,25,0,1093000
NIFTY-II.NFO,03/12/2024,09:43:39,24599.75,24593.1,150,24599.55,100,25,1093000
NIFTY-II.NFO,03/12/2024,09:43:41,24599.75,24596.2,50,24600,25,0,1093000
NIFTY-II.NFO,03/12/2024,09:43:44,24599.75,24599.75,75,24600,25,0,1093000
NIFTY-II.NFO,03/12/2024,09:43:45,24601,24599.75,75,24601.35,250,50,1093000
NIFTY-II.NFO,03/12/2024,09:43:47,24601,24599.75,75,24601,25,0,1093000
NIFTY-II.NFO,03/12/2024,09:43:55,24601,24599.75,75,24600.8,250,0,1093000
NIFTY-II.NFO,03/12/2024,09:43:57,24599.75,24590.4,100,24595.95,25,75,1093000
NIFTY-II.NFO,03/12/2024,09:43:59,24599.75,24590.15,75,24593.95,25,0,1093000
NIFTY-II.NFO,03/12/2024,09:44:00,24599.75,24591.25,100,24596.7,75,0,1093000
NIFTY-II.NFO,03/12/2024,09:44:02,24596.95,24590.1,50,24595.95,25,100,1093000
NIFTY-II.NFO,03/12/2024,09:44:04,24596.95,24590.15,150,24596.95,25,0,1093000
NIFTY-II.NFO,03/12/2024,09:44:05,24596.95,24590.1,50,24596.5,100,0,1093000
NIFTY-II.NFO,03/12/2024,09:44:07,24596.95,24590.1,50,24595.95,25,0,1093000
NIFTY-II.NFO,03/12/2024,09:44:10,24590.1,24590.1,25,24596.4,50,25,1093000
NIFTY-II.NFO,03/12/2024,09:44:12,24590.1,24590.05,25,24595.85,50,25,1093000
NIFTY-II.NFO,03/12/2024,09:44:14,24590.1,24590.05,25,24596.5,50,0,1093000
NIFTY-II.NFO,03/12/2024,09:44:15,24590.1,24591.4,100,24597.95,25,0,1093000
NIFTY-II.NFO,03/12/2024,09:44:17,24591.1,24590.1,100,24595.95,25,25,1093000
NIFTY-II.NFO,03/12/2024,09:44:19,24591.1,24590.2,150,24596.9,50,0,1093000
NIFTY-II.NFO,03/12/2024,09:44:20,24591.1,24589.4,100,24596.6,25,0,1093000
NIFTY-II.NFO,03/12/2024,09:44:22,24591.1,24590.1,100,24596.4,25,0,1093000
NIFTY-II.NFO,03/12/2024,09:44:24,24591.1,24591.45,100,24598,25,0,1093000
NIFTY-II.NFO,03/12/2024,09:44:25,24591.1,24591.2,100,24597.9,25,0,1093000
NIFTY-II.NFO,03/12/2024,09:44:27,24591.1,24591.75,100,24598,25,0,1093000
NIFTY-II.NFO,03/12/2024,09:44:29,24591.1,24591.55,100,24598,25,0,1093000
NIFTY-II.NFO,03/12/2024,09:44:31,24591.95,24594.75,150,24598,25,25,1093000
NIFTY-II.NFO,03/12/2024,09:44:32,24591.95,24592.45,100,24598,25,0,1093000
NIFTY-II.NFO,03/12/2024,09:44:34,24600.35,24592.45,100,24600.1,50,500,1093000
NIFTY-II.NFO,03/12/2024,09:44:36,24598.85,24592.95,100,24598.95,25,50,1093000
NIFTY-II.NFO,03/12/2024,09:44:37,24598.85,24593.05,25,24599.9,50,0,1093000
NIFTY-II.NFO,03/12/2024,09:44:39,24598.85,24592,25,24597.85,50,0,1093000
NIFTY-II.NFO,03/12/2024,09:44:41,24598.85,24592.15,100,24597.95,25,0,1093000
NIFTY-II.NFO,03/12/2024,09:44:42,24598.85,24592.05,50,24597.95,25,0,1093000
NIFTY-II.NFO,03/12/2024,09:44:44,24598.85,24592.75,50,24598.95,25,0,1093000
NIFTY-II.NFO,03/12/2024,09:44:45,24598.85,24593.45,150,24599.95,25,0,1093000
NIFTY-II.NFO,03/12/2024,09:44:47,24598.85,24592.65,50,24598.95,25,0,1093000
NIFTY-II.NFO,03/12/2024,09:44:49,24598.2,24592.6,50,24598.95,25,25,1093000
NIFTY-II.NFO,03/12/2024,09:44:50,24598.2,24593.1,50,24600,625,0,1093000
NIFTY-II.NFO,03/12/2024,09:44:52,24598.2,24591.55,50,24598.7,50,0,1093000
NIFTY-II.NFO,03/12/2024,09:44:54,24598.2,24591.55,50,24598,50,0,1093000
NIFTY-II.NFO,03/12/2024,09:44:55,24598.2,24591.55,50,24597.8,50,0,1093000
NIFTY-II.NFO,03/12/2024,09:44:57,24598.2,24591.85,100,24598.95,25,0,1093000
NIFTY-II.NFO,03/12/2024,09:44:59,24598.2,24591.7,50,24598.4,300,0,1093000
NIFTY-II.NFO,03/12/2024,09:45:00,24598.2,24593.05,25,24598.95,25,0,1093000
NIFTY-II.NFO,03/12/2024,09:45:02,24598.2,24592.4,50,24598.95,25,0,1093000
NIFTY-II.NFO,03/12/2024,09:45:04,24598.2,24592.05,25,24598.75,50,0,1093000
NIFTY-II.NFO,03/12/2024,09:45:05,24598.2,24590.6,150,24597.7,50,0,1093000
NIFTY-II.NFO,03/12/2024,09:45:07,24598.2,24590.55,150,24597.75,350,0,1093000
NIFTY-II.NFO,03/12/2024,09:45:09,24590.6,24590.15,100,24596.85,50,25,1093000
NIFTY-II.NFO,03/12/2024,09:45:10,24590.6,24595,25,24596.1,50,0,1093000
NIFTY-II.NFO,03/12/2024,09:45:12,24590.6,24595,25,24595.8,125,0,1093000
NIFTY-II.NFO,03/12/2024,09:45:14,24590.6,24595,25,24596.45,250,0,1093000
NIFTY-II.NFO,03/12/2024,09:45:15,24595,24590.1,25,24596.2,50,25,1093000
NIFTY-II.NFO,03/12/2024,09:45:17,24595,24590.1,25,24595.1,300,0,1093000
NIFTY-II.NFO,03/12/2024,09:45:19,24595,24590.1,25,24594.8,50,0,1093000
NIFTY-II.NFO,03/12/2024,09:45:20,24595,24590.1,25,24592.95,25,0,1093000
NIFTY-II.NFO,03/12/2024,09:45:22,24595,24590.1,25,24591.95,250,0,1093000
NIFTY-II.NFO,03/12/2024,09:45:24,24590,24588,25,24590.35,50,75,1093000
NIFTY-II.NFO,03/12/2024,09:45:25,24590,24588,25,24590.75,300,0,1093000
NIFTY-II.NFO,03/12/2024,09:45:27,24590,24588,25,24590.15,300,0,1093000
NIFTY-II.NFO,03/12/2024,09:45:29,24590,24588,25,24589.9,300,0,1093000
NIFTY-II.NFO,03/12/2024,09:45:30,24589.9,24588,25,24592.25,275,25,1093000
NIFTY-II.NFO,03/12/2024,09:45:32,24589.9,24588,25,24590.8,25,0,1093000
NIFTY-II.NFO,03/12/2024,09:45:34,24589.9,24588,25,24590.65,275,0,1093000
NIFTY-II.NFO,03/12/2024,09:45:35,24589.9,24588,25,24590.3,275,0,1093000
NIFTY-II.NFO,03/12/2024,09:45:37,24590.3,24588,25,24589.25,250,25,1093000
NIFTY-II.NFO,03/12/2024,09:45:39,24590.3,24588,25,24589.65,250,0,1093000
NIFTY-II.NFO,03/12/2024,09:45:40,24590.3,24588,25,24589,250,0,1093000
NIFTY-II.NFO,03/12/2024,09:45:42,24588,24580.8,75,24586.95,25,25,1093350
NIFTY-II.NFO,03/12/2024,09:45:44,24588,24580.95,25,24586.85,250,0,1093350
NIFTY-II.NFO,03/12/2024,09:45:45,24582.05,24580.95,25,24586.9,50,50,1093350
NIFTY-II.NFO,03/12/2024,09:45:47,24582.05,24580.95,25,24586.7,250,0,1093350
NIFTY-II.NFO,03/12/2024,09:45:49,24588.95,24583.15,75,24589,125,50,1093350
NIFTY-II.NFO,03/12/2024,09:45:50,24588.95,24582.05,25,24587.95,250,0,1093350
NIFTY-II.NFO,03/12/2024,09:45:52,24588.95,24582.05,25,24587.45,250,0,1093350
NIFTY-II.NFO,03/12/2024,09:45:54,24588.95,24583.65,75,24589.85,250,0,1093350
NIFTY-II.NFO,03/12/2024,09:45:55,24588.95,24583.5,75,24588.85,250,0,1093350
NIFTY-II.NFO,03/12/2024,09:45:57,24588.95,24581.6,100,24587.65,50,0,1093350
NIFTY-II.NFO,03/12/2024,09:45:59,24588.95,24581.75,100,24587.95,25,0,1093350
NIFTY-II.NFO,03/12/2024,09:46:00,24588.95,24582.5,50,24587.85,75,0,1093350
NIFTY-II.NFO,03/12/2024,09:46:02,24588.95,24582.5,50,24587.7,125,0,1093350
NIFTY-II.NFO,03/12/2024,09:46:04,24588.95,24581.55,75,24586.95,25,0,1093350
NIFTY-II.NFO,03/12/2024,09:46:05,24588.95,24581.6,50,24586.3,250,0,1093350
NIFTY-II.NFO,03/12/2024,09:46:07,24581.7,24581.7,50,24585.85,100,25,1093350
NIFTY-II.NFO,03/12/2024,09:46:09,24581.7,24580.35,75,24584.95,25,0,1093350
NIFTY-II.NFO,03/12/2024,09:46:12,24581.7,24581.7,25,24585.1,250,0,1093350
NIFTY-II.NFO,03/12/2024,09:46:14,24581.7,24582.05,25,24583.95,250,0,1093350
NIFTY-II.NFO,03/12/2024,09:46:15,24581.7,24582.05,25,24584.65,250,0,1093350
NIFTY-II.NFO,03/12/2024,09:46:17,24581.7,24582.05,25,24583.7,250,0,1093350
NIFTY-II.NFO,03/12/2024,09:46:19,24581.7,24582.05,25,24582.55,250,0,1093350
NIFTY-II.NFO,03/12/2024,09:46:20,24581,24580,100,24581.4,250,75,1093350
NIFTY-II.NFO,03/12/2024,09:46:22,24581,24580,100,24583.15,75,0,1093350
NIFTY-II.NFO,03/12/2024,09:46:24,24581,24580,100,24581.95,125,0,1093350
NIFTY-II.NFO,03/12/2024,09:46:25,24581,24580,100,24581.45,250,0,1093350
NIFTY-II.NFO,03/12/2024,09:46:27,24583.3,24580,100,24582.35,250,100,1093350
NIFTY-II.NFO,03/12/2024,09:46:29,24583.3,24580,100,24583.45,250,0,1093350
NIFTY-II.NFO,03/12/2024,09:46:31,24583.3,24580.05,75,24585.4,250,0,1093350
NIFTY-II.NFO,03/12/2024,09:46:32,24583.3,24580,100,24582.9,250,0,1093350
NIFTY-II.NFO,03/12/2024,09:46:34,24583.3,24580,100,24582.45,250,0,1093350
NIFTY-II.NFO,03/12/2024,09:46:36,24583.3,24580.05,25,24583.4,25,0,1093350
NIFTY-II.NFO,03/12/2024,09:46:37,24583.3,24580.05,25,24583.3,25,0,1093350
NIFTY-II.NFO,03/12/2024,09:46:39,24583.3,24580.1,100,24583.3,25,0,1093350
NIFTY-II.NFO,03/12/2024,09:46:42,24583.3,24580.25,25,24583.3,25,0,1093350
NIFTY-II.NFO,03/12/2024,09:46:44,24583.3,24583.1,200,24583.3,25,0,1093350
NIFTY-II.NFO,03/12/2024,09:46:49,24583.3,24583.1,200,24585.55,250,25,1093350
NIFTY-II.NFO,03/12/2024,09:46:50,24583.3,24583.1,200,24584.05,250,0,1093350
NIFTY-II.NFO,03/12/2024,09:46:52,24583.1,24583.1,150,24585.35,25,50,1093350
NIFTY-II.NFO,03/12/2024,09:46:54,24583.1,24583.1,150,24585.95,25,0,1093350
NIFTY-II.NFO,03/12/2024,09:46:55,24583.1,24583.1,150,24588.3,250,0,1093350
NIFTY-II.NFO,03/12/2024,09:46:57,24583.1,24583.1,150,24587.85,125,0,1093350
NIFTY-II.NFO,03/12/2024,09:46:59,24583.1,24583.1,150,24588.15,100,0,1093350
NIFTY-II.NFO,03/12/2024,09:47:00,24583.1,24583.35,100,24589.7,125,0,1093350
NIFTY-II.NFO,03/12/2024,09:47:02,24583.1,24583.3,75,24588.95,25,0,1093350
NIFTY-II.NFO,03/12/2024,09:47:04,24583.1,24583.1,150,24587.95,25,0,1093350
NIFTY-II.NFO,03/12/2024,09:47:05,24583.1,24585,150,24588.4,225,0,1093350
NIFTY-II.NFO,03/12/2024,09:47:09,24583.1,24585,150,24589.25,225,0,1093350
NIFTY-II.NFO,03/12/2024,09:47:10,24583.1,24585,150,24590.35,25,0,1093350
NIFTY-II.NFO,03/12/2024,09:47:12,24592.6,24586,50,24592.15,225,50,1093350
NIFTY-II.NFO,03/12/2024,09:47:14,24592.6,24587.5,50,24592.85,50,0,1093350
NIFTY-II.NFO,03/12/2024,09:47:15,24592.6,24589.1,50,24595,25,0,1093350
NIFTY-II.NFO,03/12/2024,09:47:17,24592.6,24589.45,100,24595,25,0,1093350
NIFTY-II.NFO,03/12/2024,09:47:19,24592.6,24590.1,100,24595,25,0,1093350
NIFTY-II.NFO,03/12/2024,09:47:20,24592.6,24589.4,100,24595,25,0,1093350
NIFTY-II.NFO,03/12/2024,09:47:22,24592.6,24589.5,100,24595,25,0,1093350
NIFTY-II.NFO,03/12/2024,09:47:24,24592.6,24588.35,100,24594.95,25,0,1093350
NIFTY-II.NFO,03/12/2024,09:47:25,24592.6,24587.4,100,24593.9,225,0,1093350
NIFTY-II.NFO,03/12/2024,09:47:27,24592.6,24588.05,75,24592.8,350,0,1093350
NIFTY-II.NFO,03/12/2024,09:47:29,24592.6,24586.1,100,24592.9,50,0,1093350
NIFTY-II.NFO,03/12/2024,09:47:30,24592.6,24585.1,100,24591.9,50,0,1093350
NIFTY-II.NFO,03/12/2024,09:47:32,24592.6,24590,50,24591.8,50,0,1093350
NIFTY-II.NFO,03/12/2024,09:47:34,24592.6,24590,50,24592.6,25,0,1093350
NIFTY-II.NFO,03/12/2024,09:47:35,24592.6,24590,50,24592.55,50,0,1093350
NIFTY-II.NFO,03/12/2024,09:47:37,24592.6,24590,50,24592.1,125,0,1093350
NIFTY-II.NFO,03/12/2024,09:47:39,24592.6,24590,50,24592.55,50,0,1093350
NIFTY-II.NFO,03/12/2024,09:47:40,24592.6,24590,50,24592.25,100,0,1093350
NIFTY-II.NFO,03/12/2024,09:47:42,24592.6,24590,50,24592.6,25,0,1093350
NIFTY-II.NFO,03/12/2024,09:47:49,24590.2,24590,50,24592.6,25,75,1093350
NIFTY-II.NFO,03/12/2024,09:47:50,24590.2,24590.2,100,24592.6,25,0,1093350
NIFTY-II.NFO,03/12/2024,09:47:52,24592.6,24593,50,24595,25,25,1093350
NIFTY-II.NFO,03/12/2024,09:47:54,24592.6,24592.15,100,24595,25,0,1093350
NIFTY-II.NFO,03/12/2024,09:47:55,24592.05,24592.75,100,24595,25,25,1093350
NIFTY-II.NFO,03/12/2024,09:47:57,24592.05,24592.45,100,24595,25,0,1093350
NIFTY-II.NFO,03/12/2024,09:47:59,24592.05,24591.6,100,24595,25,0,1093350
NIFTY-II.NFO,03/12/2024,09:48:00,24595,24595.8,75,24600,650,50,1093350
NIFTY-II.NFO,03/12/2024,09:48:02,24600,24597.5,50,24600,625,25,1093350
NIFTY-II.NFO,03/12/2024,09:48:04,24600,24595.1,100,24600,625,0,1093350
NIFTY-II.NFO,03/12/2024,09:48:05,24600,24594.4,100,24600,625,0,1093350
NIFTY-II.NFO,03/12/2024,09:48:07,24600,24595.3,100,24600,625,0,1093350
NIFTY-II.NFO,03/12/2024,09:48:09,24600,24598.2,125,24600,625,0,1093350
NIFTY-II.NFO,03/12/2024,09:48:10,24600,24598.85,125,24600,525,100,1093350
NIFTY-II.NFO,03/12/2024,09:48:12,24600,24597.4,100,24600,325,200,1093350
NIFTY-II.NFO,03/12/2024,09:48:14,24600,24598.6,100,24600,250,75,1093350
NIFTY-II.NFO,03/12/2024,09:48:15,24600,24597.7,100,24600,250,0,1093350
NIFTY-II.NFO,03/12/2024,09:48:17,24600,24598.45,100,24600,250,0,1093350
NIFTY-II.NFO,03/12/2024,09:48:19,24600,24598,75,24600,225,50,1093350
NIFTY-II.NFO,03/12/2024,09:48:20,24600,24598.4,75,24600,225,0,1093350
NIFTY-II.NFO,03/12/2024,09:48:22,24600,24597.15,75,24600,225,0,1093350
NIFTY-II.NFO,03/12/2024,09:48:24,24600,24599.35,25,24600,225,0,1093350
NIFTY-II.NFO,03/12/2024,09:48:27,24599.35,24598.25,75,24600,225,25,1093350
NIFTY-II.NFO,03/12/2024,09:48:29,24599.35,24598,75,24600,225,0,1093350
NIFTY-II.NFO,03/12/2024,09:48:30,24600,24597.75,825,24600,100,125,1093350
NIFTY-II.NFO,03/12/2024,09:48:32,24600,24598.3,75,24601.35,50,100,1093350
NIFTY-II.NFO,03/12/2024,09:48:34,24601.35,24601.05,25,24604.9,75,50,1093350
NIFTY-II.NFO,03/12/2024,09:48:35,24604.9,24599.2,75,24605.05,100,25,1093350
NIFTY-II.NFO,03/12/2024,09:48:37,24604.9,24599.25,50,24605.05,100,0,1093350
NIFTY-II.NFO,03/12/2024,09:48:39,24604.9,24599.15,75,24605.05,100,0,1093350
NIFTY-II.NFO,03/12/2024,09:48:40,24604.9,24597.6,50,24604.75,100,0,1093350
NIFTY-II.NFO,03/12/2024,09:48:42,24604.9,24599.4,50,24605.05,100,0,1093350
NIFTY-II.NFO,03/12/2024,09:48:44,24604.9,24601.35,50,24605.1,25,0,1093350
NIFTY-II.NFO,03/12/2024,09:48:47,24604.9,24601.4,50,24605.05,100,0,1093350
NIFTY-II.NFO,03/12/2024,09:48:48,24604.9,24604.9,25,24605.05,100,0,1093350
NIFTY-II.NFO,03/12/2024,09:48:50,24604.9,24601.4,25,24605.05,100,25,1093800
NIFTY-II.NFO,03/12/2024,09:48:52,24604.9,24601.45,25,24604.85,100,0,1093800
NIFTY-II.NFO,03/12/2024,09:48:53,24604.9,24601.45,25,24604.05,100,0,1093800
NIFTY-II.NFO,03/12/2024,09:48:57,24601.45,24601.4,25,24603.15,100,25,1093800
NIFTY-II.NFO,03/12/2024,09:48:59,24599.35,24595.35,75,24599.55,100,125,1093800
NIFTY-II.NFO,03/12/2024,09:49:00,24599.35,24595.05,75,24600.9,100,0,1093800
NIFTY-II.NFO,03/12/2024,09:49:02,24599.35,24594.1,25,24599.3,100,0,1093800
NIFTY-II.NFO,03/12/2024,09:49:04,24599.35,24594.2,25,24600.35,100,0,1093800
NIFTY-II.NFO,03/12/2024,09:49:05,24599.35,24594.2,25,24600.1,100,0,1093800
NIFTY-II.NFO,03/12/2024,09:49:07,24599.35,24594.8,50,24600.9,100,0,1093800
NIFTY-II.NFO,03/12/2024,09:49:09,24599.35,24595.8,25,24601.9,100,0,1093800
NIFTY-II.NFO,03/12/2024,09:49:10,24599.35,24596.05,25,24601.9,100,0,1093800
NIFTY-II.NFO,03/12/2024,09:49:12,24599.35,24596.1,100,24601.95,250,0,1093800
NIFTY-II.NFO,03/12/2024,09:49:14,24600,24597.5,800,24600,1375,150,1093800
NIFTY-II.NFO,03/12/2024,09:49:15,24600,24598.9,25,24600,1300,75,1093800
NIFTY-II.NFO,03/12/2024,09:49:17,24598.8,24598.8,25,24600,1225,175,1093800
NIFTY-II.NFO,03/12/2024,09:49:19,24598.8,24598.8,25,24600,1225,0,1093800
NIFTY-II.NFO,03/12/2024,09:49:22,24600,24598.8,25,24600,1175,50,1093800
NIFTY-II.NFO,03/12/2024,09:49:24,24600,24598.8,25,24600,1075,100,1093800
NIFTY-II.NFO,03/12/2024,09:49:25,24600,24598.8,25,24600,1025,50,1093800
NIFTY-II.NFO,03/12/2024,09:49:27,24600,24598.9,100,24600,875,150,1093800
NIFTY-II.NFO,03/12/2024,09:49:29,24601,24600.05,25,24604,250,900,1093800
NIFTY-II.NFO,03/12/2024,09:49:30,24601,24598.8,25,24604,250,0,1093800
NIFTY-II.NFO,03/12/2024,09:49:32,24604,24598.3,100,24604,225,25,1093800
NIFTY-II.NFO,03/12/2024,09:49:34,24604,24599.35,150,24604,225,0,1093800
NIFTY-II.NFO,03/12/2024,09:49:35,24599.35,24600,50,24604,225,25,1093800
NIFTY-II.NFO,03/12/2024,09:49:37,24599.35,24600.05,25,24604,225,0,1093800
NIFTY-II.NFO,03/12/2024,09:49:39,24604,24600.1,50,24604,200,25,1093800
NIFTY-II.NFO,03/12/2024,09:49:40,24604,24600.2,25,24604,200,0,1093800
NIFTY-II.NFO,03/12/2024,09:49:42,24604,24601,25,24604,175,25,1093800
NIFTY-II.NFO,03/12/2024,09:49:44,24607,24602.35,100,24607.9,100,250,1093800
NIFTY-II.NFO,03/12/2024,09:49:45,24607,24601.1,25,24606.6,100,0,1093800
NIFTY-II.NFO,03/12/2024,09:49:47,24607,24601.15,50,24605.95,100,0,1093800
NIFTY-II.NFO,03/12/2024,09:49:49,24607,24601.2,100,24606.6,100,0,1093800
NIFTY-II.NFO,03/12/2024,09:49:50,24607,24601.25,50,24606.6,100,0,1093800
NIFTY-II.NFO,03/12/2024,09:49:52,24606.6,24601.35,50,24606.6,75,25,1093800
NIFTY-II.NFO,03/12/2024,09:49:54,24606.6,24602,50,24607.55,75,0,1093800
NIFTY-II.NFO,03/12/2024,09:49:55,24606.6,24601.9,75,24606.3,75,0,1093800
NIFTY-II.NFO,03/12/2024,09:49:57,24606.6,24601.95,50,24606.3,75,0,1093800
NIFTY-II.NFO,03/12/2024,09:49:59,24607.5,24607.1,50,24607.5,475,150,1093800
NIFTY-II.NFO,03/12/2024,09:50:00,24607.5,24607.2,25,24607.25,50,0,1093800
NIFTY-II.NFO,03/12/2024,09:50:02,24607,24601.95,25,24606.55,250,325,1093800
NIFTY-II.NFO,03/12/2024,09:50:04,24605.45,24602,50,24605.6,250,50,1093800
NIFTY-II.NFO,03/12/2024,09:50:05,24605.6,24602.05,25,24605.9,250,50,1093800
NIFTY-II.NFO,03/12/2024,09:50:07,24605.8,24602.1,75,24605.45,250,100,1093800
NIFTY-II.NFO,03/12/2024,09:50:09,24605.8,24602.25,25,24605.4,250,0,1093800
NIFTY-II.NFO,03/12/2024,09:50:10,24604.65,24602.2,50,24604.55,250,50,1093800
NIFTY-II.NFO,03/12/2024,09:50:12,24604.65,24602.3,50,24607,25,0,1093800
NIFTY-II.NFO,03/12/2024,09:50:15,24606.95,24602.4,25,24606.95,25,25,1093800
NIFTY-II.NFO,03/12/2024,09:50:17,24607.55,24602.45,25,24605.55,200,75,1093800
NIFTY-II.NFO,03/12/2024,09:50:19,24605.1,24602.45,25,24605.25,250,25,1093800
NIFTY-II.NFO,03/12/2024,09:50:20,24605.1,24602.45,25,24605.5,250,0,1093800
NIFTY-II.NFO,03/12/2024,09:50:22,24605.1,24602.45,25,24606.6,250,0,1093800
NIFTY-II.NFO,03/12/2024,09:50:24,24605.1,24602.45,25,24606.65,250,0,1093800
NIFTY-II.NFO,03/12/2024,09:50:25,24606.65,24602.45,25,24605.95,25,50,1093800
NIFTY-II.NFO,03/12/2024,09:50:27,24605.1,24602.5,50,24603.4,225,25,1093800
NIFTY-II.NFO,03/12/2024,09:50:29,24605.1,24602.6,25,24603.5,250,0,1093800
NIFTY-II.NFO,03/12/2024,09:50:30,24600,24595,25,24600,50,200,1093800
NIFTY-II.NFO,03/12/2024,09:50:32,24599.95,24595,25,24599.95,50,50,1093800
NIFTY-II.NFO,03/12/2024,09:50:34,24599.95,24595.1,75,24600.5,200,50,1093800
NIFTY-II.NFO,03/12/2024,09:50:35,24599.95,24596.25,100,24602.95,25,0,1093800
NIFTY-II.NFO,03/12/2024,09:50:37,24599.95,24595.15,100,24601.5,50,0,1093800
NIFTY-II.NFO,03/12/2024,09:50:39,24599.95,24596.45,100,24602.75,50,0,1093800
NIFTY-II.NFO,03/12/2024,09:50:40,24599.95,24596.1,100,24603,50,0,1093800
NIFTY-II.NFO,03/12/2024,09:50:42,24599.95,24596.1,100,24602.3,50,0,1093800
NIFTY-II.NFO,03/12/2024,09:50:44,24603.25,24597.05,100,24603.2,225,50,1093800
NIFTY-II.NFO,03/12/2024,09:50:45,24606.5,24599.35,100,24606.6,200,25,1093800
NIFTY-II.NFO,03/12/2024,09:50:47,24600.15,24597,100,24599.95,325,25,1093800
NIFTY-II.NFO,03/12/2024,09:50:49,24600.15,24597,100,24599.95,325,0,1093800
NIFTY-II.NFO,03/12/2024,09:50:50,24596.75,24597.15,100,24599.95,325,75,1093800
NIFTY-II.NFO,03/12/2024,09:50:52,24599.95,24596.8,100,24599.95,350,25,1093800
NIFTY-II.NFO,03/12/2024,09:50:54,24599.95,24596.45,100,24599.95,350,0,1093800
NIFTY-II.NFO,03/12/2024,09:50:57,24599.95,24595,25,24599.95,400,0,1093800
NIFTY-II.NFO,03/12/2024,09:50:59,24599.95,24595,25,24599.95,350,0,1093800
NIFTY-II.NFO,03/12/2024,09:51:00,24599.95,24596.1,100,24599.95,350,0,1093800
NIFTY-II.NFO,03/12/2024,09:51:02,24599.95,24595.05,125,24599.95,350,0,1093800
NIFTY-II.NFO,03/12/2024,09:51:04,24595.05,24595.05,100,24599.95,350,25,1093800
NIFTY-II.NFO,03/12/2024,09:51:06,24599.95,24595.4,75,24599.95,225,125,1093800
NIFTY-II.NFO,03/12/2024,09:51:07,24599.95,24596.1,75,24599.95,225,0,1093800
NIFTY-II.NFO,03/12/2024,09:51:09,24599.95,24596.55,75,24599.95,200,25,1093800
NIFTY-II.NFO,03/12/2024,09:51:11,24599.95,24595.5,75,24599.95,200,0,1093800
NIFTY-II.NFO,03/12/2024,09:51:14,24599.95,24595.45,50,24599.95,200,0,1093800
NIFTY-II.NFO,03/12/2024,09:51:17,24599.95,24595.95,25,24599.95,100,100,1093800
NIFTY-II.NFO,03/12/2024,09:51:19,24599.95,24595.95,50,24599.95,75,25,1093800
NIFTY-II.NFO,03/12/2024,09:51:21,24595.95,24596,75,24599.95,75,25,1093800
NIFTY-II.NFO,03/12/2024,09:51:22,24599.95,24599.95,175,24600,50,75,1093800
NIFTY-II.NFO,03/12/2024,09:51:24,24600,24600.05,25,24604,25,50,1093800
NIFTY-II.NFO,03/12/2024,09:51:26,24604,24600.05,25,24605.65,100,25,1093800
NIFTY-II.NFO,03/12/2024,09:51:27,24604,24600.05,25,24603.85,125,0,1093800
NIFTY-II.NFO,03/12/2024,09:51:29,24604,24599.95,175,24603.85,125,0,1093800
NIFTY-II.NFO,03/12/2024,09:51:31,24604,24599.95,175,24605.85,100,0,1093800
NIFTY-II.NFO,03/12/2024,09:51:32,24606.75,24604,50,24606.95,100,25,1093800
NIFTY-II.NFO,03/12/2024,09:51:34,24606.75,24604,50,24606.95,100,0,1093800
NIFTY-II.NFO,03/12/2024,09:51:36,24604,24604,25,24605.85,100,25,1093800
NIFTY-II.NFO,03/12/2024,09:51:37,24604,24604,25,24605.8,100,0,1093800
NIFTY-II.NFO,03/12/2024,09:51:39,24605.8,24604,25,24606.3,75,25,1093800
NIFTY-II.NFO,03/12/2024,09:51:41,24605.8,24604,25,24606.95,200,0,1093800
NIFTY-II.NFO,03/12/2024,09:51:42,24605.8,24604,25,24606.95,75,0,1093800
NIFTY-II.NFO,03/12/2024,09:51:44,24605.8,24605.8,50,24607,25,0,1093800
NIFTY-II.NFO,03/12/2024,09:51:45,24605.8,24605.8,150,24607,25,0,1093800
NIFTY-II.NFO,03/12/2024,09:51:49,24605.8,24605.8,50,24607,25,100,1094775
NIFTY-II.NFO,03/12/2024,09:51:50,24609,24608.05,50,24610,125,50,1094775
NIFTY-II.NFO,03/12/2024,09:51:52,24610,24605.8,50,24609.85,75,100,1094775
NIFTY-II.NFO,03/12/2024,09:51:54,24610,24605.8,50,24609.95,75,0,1094775
NIFTY-II.NFO,03/12/2024,09:51:55,24604.3,24604.3,100,24610,25,75,1094775
NIFTY-II.NFO,03/12/2024,09:51:57,24604.3,24604.25,100,24605.8,25,0,1094775
NIFTY-II.NFO,03/12/2024,09:51:59,24604.3,24604.05,100,24605.8,25,0,1094775
NIFTY-II.NFO,03/12/2024,09:52:00,24604.3,24604.85,75,24605.8,25,0,1094775
NIFTY-II.NFO,03/12/2024,09:52:02,24605.8,24605.9,100,24610,25,25,1094775
NIFTY-II.NFO,03/12/2024,09:52:04,24605.8,24606.55,100,24609.3,250,0,1094775
NIFTY-II.NFO,03/12/2024,09:52:05,24605.8,24606.5,100,24609.3,250,0,1094775
NIFTY-II.NFO,03/12/2024,09:52:07,24605.8,24605.2,125,24609.3,250,0,1094775
NIFTY-II.NFO,03/12/2024,09:52:09,24605.8,24605.05,100,24609.3,250,0,1094775
NIFTY-II.NFO,03/12/2024,09:52:10,24605.8,24605.85,100,24609.3,250,0,1094775
NIFTY-II.NFO,03/12/2024,09:52:12,24605.8,24606.75,150,24609.3,250,0,1094775
NIFTY-II.NFO,03/12/2024,09:52:14,24605.8,24607.05,100,24609.3,250,0,1094775
NIFTY-II.NFO,03/12/2024,09:52:15,24605.8,24606.1,100,24609.3,250,0,1094775
NIFTY-II.NFO,03/12/2024,09:52:17,24605.8,24606.5,100,24609.3,250,0,1094775
NIFTY-II.NFO,03/12/2024,09:52:19,24605.8,24606.1,100,24609.3,250,0,1094775
NIFTY-II.NFO,03/12/2024,09:52:20,24605.8,24605.9,100,24609.3,250,0,1094775
NIFTY-II.NFO,03/12/2024,09:52:24,24605.8,24606.15,50,24609.3,250,0,1094775
NIFTY-II.NFO,03/12/2024,09:52:25,24605.8,24605.9,100,24609.3,250,0,1094775
NIFTY-II.NFO,03/12/2024,09:52:27,24605.8,24605.85,25,24609.3,250,0,1094775
NIFTY-II.NFO,03/12/2024,09:52:29,24605.8,24605.85,25,24608.45,100,0,1094775
NIFTY-II.NFO,03/12/2024,09:52:30,24608.45,24605.85,25,24609.25,75,25,1094775
NIFTY-II.NFO,03/12/2024,09:52:32,24608.45,24605.85,25,24608.8,125,0,1094775
NIFTY-II.NFO,03/12/2024,09:52:34,24609.25,24605.85,25,24606.1,250,25,1094775
NIFTY-II.NFO,03/12/2024,09:52:35,24606.1,24605.85,25,24606.1,225,25,1094775
NIFTY-II.NFO,03/12/2024,09:52:37,24606.1,24605.8,25,24606.1,200,50,1094775
NIFTY-II.NFO,03/12/2024,09:52:39,24606.1,24605.8,25,24606.1,200,0,1094775
NIFTY-II.NFO,03/12/2024,09:52:40,24606.1,24603.75,750,24606.1,175,25,1094775
NIFTY-II.NFO,03/12/2024,09:52:42,24604,24604.35,25,24606.1,150,125,1094775
NIFTY-II.NFO,03/12/2024,09:52:44,24604.35,24603.55,25,24606.1,150,25,1094775
NIFTY-II.NFO,03/12/2024,09:52:45,24604.35,24605.8,25,24606.1,150,0,1094775
NIFTY-II.NFO,03/12/2024,09:52:47,24606.1,24605.8,25,24608.25,50,150,1094775
NIFTY-II.NFO,03/12/2024,09:52:49,24608.25,24605.8,25,24608.3,250,50,1094775
NIFTY-II.NFO,03/12/2024,09:52:50,24608.25,24605.8,25,24608.3,250,0,1094775
NIFTY-II.NFO,03/12/2024,09:52:52,24608.3,24605.8,25,24608.3,225,25,1094775
NIFTY-II.NFO,03/12/2024,09:52:54,24608.3,24605.8,25,24608.3,225,0,1094775
NIFTY-II.NFO,03/12/2024,09:52:59,24608.3,24605.8,25,24608.3,125,100,1094775
NIFTY-II.NFO,03/12/2024,09:53:00,24608.3,24605.8,25,24608.3,125,25,1094775
NIFTY-II.NFO,03/12/2024,09:53:02,24608.3,24605.8,25,24608.3,125,0,1094775
NIFTY-II.NFO,03/12/2024,09:53:05,24608.3,24605.8,25,24608,200,0,1094775
NIFTY-II.NFO,03/12/2024,09:53:09,24608,24605.8,25,24606.8,225,150,1094775
NIFTY-II.NFO,03/12/2024,09:53:10,24605,24604.35,25,24605.7,50,50,1094775
