Ticker,Date,Time,LTP,BuyPrice,BuyQty,SellPrice,SellQty,LTQ,OpenInterest
BANKNIFTY-II.NFO,09/01/2025,09:15:02,50357,50289.8,90,50331.2,120,360,505200
BANKNIFTY-II.NFO,09/01/2025,09:15:02,50330,50289.8,90,50331.2,120,0,505200
BANKNIFTY-II.NFO,09/01/2025,09:15:02,50357,50289.8,90,50331.2,120,0,505200
BANKNIFTY-II.NFO,09/01/2025,09:15:02,50330,50289.8,90,50331.2,120,0,505200
BANKNIFTY-II.NFO,09/01/2025,09:15:04,50328.65,50286.15,30,50329.85,120,30,505200
BANKNIFTY-II.NFO,09/01/2025,09:15:04,50328.65,50286.15,30,50329.85,120,0,505200
BANKNIFTY-II.NFO,09/01/2025,09:15:05,50294.1,50293,30,50324.05,120,150,505200
BANKNIFTY-II.NFO,09/01/2025,09:15:05,50294.1,50293,30,50324.05,120,0,505200
BANKNIFTY-II.NFO,09/01/2025,09:15:07,50294.1,50293,30,50324.65,120,0,505200
BANKNIFTY-II.NFO,09/01/2025,09:15:09,50293,50294.1,30,50320.45,120,30,505200
BANKNIFTY-II.NFO,09/01/2025,09:15:09,50293,50294.1,30,50320.45,120,0,505200
BANKNIFTY-II.NFO,09/01/2025,09:15:10,50293,50294.1,30,50312.1,120,0,505200
BANKNIFTY-II.NFO,09/01/2025,09:15:12,50275.2,50267.2,150,50298.65,120,150,505200
BANKNIFTY-II.NFO,09/01/2025,09:15:12,50275.2,50267.2,150,50298.65,120,0,505200
BANKNIFTY-II.NFO,09/01/2025,09:15:13,50256.25,50242.45,30,50276.35,120,30,505200
BANKNIFTY-II.NFO,09/01/2025,09:15:13,50256.25,50242.45,30,50276.35,120,0,505200
BANKNIFTY-II.NFO,09/01/2025,09:15:15,50265.8,50238.95,30,50270.65,120,30,505200
BANKNIFTY-II.NFO,09/01/2025,09:15:16,50265.8,50233.55,30,50265.9,120,0,505200
BANKNIFTY-II.NFO,09/01/2025,09:15:18,50256.9,50226.8,60,50256.3,120,30,505200
BANKNIFTY-II.NFO,09/01/2025,09:15:20,50226.85,50240,30,50249.95,120,90,505200
BANKNIFTY-II.NFO,09/01/2025,09:15:20,50226.85,50240,30,50249.95,120,0,505200
BANKNIFTY-II.NFO,09/01/2025,09:15:21,50244.4,50240,30,50249.95,120,30,505200
BANKNIFTY-II.NFO,09/01/2025,09:15:23,50250,50243.1,30,50265.75,120,60,505200
BANKNIFTY-II.NFO,09/01/2025,09:15:24,50250,50248.2,30,50265.8,30,0,505200
BANKNIFTY-II.NFO,09/01/2025,09:15:26,50265.8,50272.1,30,50295.6,120,30,505200
BANKNIFTY-II.NFO,09/01/2025,09:15:28,50280,50274.25,90,50299.95,120,90,505200
BANKNIFTY-II.NFO,09/01/2025,09:15:29,50280,50283.8,90,50300,30,0,505200
BANKNIFTY-II.NFO,09/01/2025,09:15:31,50280,50286.85,90,50300,30,0,505200
BANKNIFTY-II.NFO,09/01/2025,09:15:32,50298.95,50276.9,120,50299.95,120,30,505200
BANKNIFTY-II.NFO,09/01/2025,09:15:34,50298.95,50272.15,150,50296.2,120,0,505200
BANKNIFTY-II.NFO,09/01/2025,09:15:36,50298.95,50280,90,50291.95,150,0,505200
BANKNIFTY-II.NFO,09/01/2025,09:15:37,50280,50265.8,30,50278.35,90,120,505200
BANKNIFTY-II.NFO,09/01/2025,09:15:39,50280,50265.8,30,50272.85,90,0,505200
BANKNIFTY-II.NFO,09/01/2025,09:15:40,50280,50265.8,30,50274.35,90,0,505200
BANKNIFTY-II.NFO,09/01/2025,09:15:42,50265.8,50250,60,50265.9,90,30,505050
BANKNIFTY-II.NFO,09/01/2025,09:15:44,50265.8,50250,60,50263.3,90,0,505050
BANKNIFTY-II.NFO,09/01/2025,09:15:45,50244.4,50240,30,50249.55,90,120,505050
BANKNIFTY-II.NFO,09/01/2025,09:15:47,50246.6,50228.2,120,50245.65,120,30,505050
BANKNIFTY-II.NFO,09/01/2025,09:15:49,50251.4,50230.65,120,50244.15,90,150,505050
BANKNIFTY-II.NFO,09/01/2025,09:15:50,50233.3,50229.15,120,50242.3,90,30,505050
BANKNIFTY-II.NFO,09/01/2025,09:15:52,50242.3,50228.05,30,50244.4,30,90,505050
BANKNIFTY-II.NFO,09/01/2025,09:15:53,50242.3,50226.85,30,50239.2,30,0,505050
BANKNIFTY-II.NFO,09/01/2025,09:15:55,50226.85,50226.55,30,50230,150,30,505050
BANKNIFTY-II.NFO,09/01/2025,09:15:57,50226.55,50225,30,50225.3,120,30,505050
BANKNIFTY-II.NFO,09/01/2025,09:15:57,50226.55,50225,30,50225.3,120,0,505050
BANKNIFTY-II.NFO,09/01/2025,09:15:58,50225,50220,30,50224.8,90,30,505050
BANKNIFTY-II.NFO,09/01/2025,09:15:58,50225,50220,30,50224.8,90,0,505050
BANKNIFTY-II.NFO,09/01/2025,09:16:00,50225,50220,30,50225.25,120,0,505050
BANKNIFTY-II.NFO,09/01/2025,09:16:02,50190,50180,60,50188.8,90,1170,505050
BANKNIFTY-II.NFO,09/01/2025,09:16:02,50190,50180,60,50188.8,90,0,505050
BANKNIFTY-II.NFO,09/01/2025,09:16:03,50179.05,50160.05,120,50179.05,120,120,505050
BANKNIFTY-II.NFO,09/01/2025,09:16:03,50172.7,50160.05,120,50179.05,120,0,505050
BANKNIFTY-II.NFO,09/01/2025,09:16:05,50171.35,50164.4,120,50179,90,30,505050
BANKNIFTY-II.NFO,09/01/2025,09:16:05,50171.35,50164.4,120,50179,90,0,505050
BANKNIFTY-II.NFO,09/01/2025,09:16:06,50171.35,50163.25,30,50175.45,90,0,505050
BANKNIFTY-II.NFO,09/01/2025,09:16:08,50175.45,50171.35,30,50177.4,150,30,505050
BANKNIFTY-II.NFO,09/01/2025,09:16:10,50179.45,50171.35,30,50179.95,150,60,505050
BANKNIFTY-II.NFO,09/01/2025,09:16:11,50179.45,50182.55,120,50198.5,90,0,505050
BANKNIFTY-II.NFO,09/01/2025,09:16:13,50182.55,50179.45,30,50187.2,30,30,505050
BANKNIFTY-II.NFO,09/01/2025,09:16:15,50171.35,50163,30,50167.2,30,150,505050
BANKNIFTY-II.NFO,09/01/2025,09:16:16,50157.35,50132.8,120,50162.5,60,330,505050
BANKNIFTY-II.NFO,09/01/2025,09:16:16,50150.3,50132.8,120,50162.5,60,0,505050
BANKNIFTY-II.NFO,09/01/2025,09:16:18,50157.35,50147.3,120,50175.15,60,0,505050
BANKNIFTY-II.NFO,09/01/2025,09:16:19,50157.35,50134.15,120,50156.7,60,30,505050
BANKNIFTY-II.NFO,09/01/2025,09:16:21,50157.35,50130.2,120,50154.8,60,0,505050
BANKNIFTY-II.NFO,09/01/2025,09:16:23,50157.35,50156.45,120,50175.8,210,0,505050
BANKNIFTY-II.NFO,09/01/2025,09:16:24,50157.35,50150,150,50163.05,30,0,505050
BANKNIFTY-II.NFO,09/01/2025,09:16:26,50186.9,50167.15,120,50197.15,90,120,505050
BANKNIFTY-II.NFO,09/01/2025,09:16:28,50172.55,50190.9,120,50200,30,60,505050
BANKNIFTY-II.NFO,09/01/2025,09:16:29,50200,50192.25,30,50206.1,60,30,505050
BANKNIFTY-II.NFO,09/01/2025,09:16:31,50200.1,50186.9,30,50197.55,60,30,505050
BANKNIFTY-II.NFO,09/01/2025,09:16:33,50179.2,50167.5,120,50198.15,60,60,505050
BANKNIFTY-II.NFO,09/01/2025,09:16:34,50179.2,50170.05,120,50186.2,60,0,505050
BANKNIFTY-II.NFO,09/01/2025,09:16:36,50182.4,50170,30,50180.5,30,60,505050
BANKNIFTY-II.NFO,09/01/2025,09:16:38,50182.4,50170,30,50176.1,30,0,505050
BANKNIFTY-II.NFO,09/01/2025,09:16:39,50170,50150.05,120,50169.3,150,30,505050
BANKNIFTY-II.NFO,09/01/2025,09:16:41,50173.4,50154.15,180,50174.65,150,60,505050
BANKNIFTY-II.NFO,09/01/2025,09:16:42,50174.65,50153.25,120,50173.2,90,60,505050
BANKNIFTY-II.NFO,09/01/2025,09:16:44,50170.95,50157.15,30,50170.85,30,60,505050
BANKNIFTY-II.NFO,09/01/2025,09:16:46,50170.85,50150.25,120,50171.5,30,30,505050
BANKNIFTY-II.NFO,09/01/2025,09:16:47,50169.45,50157.4,120,50178.4,90,120,505050
BANKNIFTY-II.NFO,09/01/2025,09:16:49,50169.45,50158.65,120,50177.9,90,0,505050
BANKNIFTY-II.NFO,09/01/2025,09:16:51,50170.85,50160,90,50168,30,30,505050
BANKNIFTY-II.NFO,09/01/2025,09:16:52,50170.85,50160,90,50165.05,150,0,505050
BANKNIFTY-II.NFO,09/01/2025,09:16:54,50170.85,50160,90,50173.95,90,0,505050
BANKNIFTY-II.NFO,09/01/2025,09:16:55,50170.85,50169,30,50174.55,30,0,505050
BANKNIFTY-II.NFO,09/01/2025,09:16:57,50169,50160,90,50169.75,30,30,505050
BANKNIFTY-II.NFO,09/01/2025,09:16:59,50169,50160,90,50171.7,30,0,505050
BANKNIFTY-II.NFO,09/01/2025,09:17:00,50169,50160,90,50170.65,30,0,505050
BANKNIFTY-II.NFO,09/01/2025,09:17:02,50169,50160,90,50163.5,90,0,505050
BANKNIFTY-II.NFO,09/01/2025,09:17:03,50150,50150,180,50151.65,30,240,505050
BANKNIFTY-II.NFO,09/01/2025,09:17:03,50150,50150,180,50151.65,30,0,505050
BANKNIFTY-II.NFO,09/01/2025,09:17:05,50151.95,50150,150,50158.15,30,210,505050
BANKNIFTY-II.NFO,09/01/2025,09:17:07,50170.2,50151.35,120,50170.15,30,30,505050
BANKNIFTY-II.NFO,09/01/2025,09:17:08,50170.2,50152,60,50164.55,150,0,505050
BANKNIFTY-II.NFO,09/01/2025,09:17:10,50164,50150.1,60,50161.95,30,30,505050
BANKNIFTY-II.NFO,09/01/2025,09:17:12,50164,50150.55,30,50163.2,30,0,505050
BANKNIFTY-II.NFO,09/01/2025,09:17:13,50164,50150.8,30,50161.15,120,0,505050
BANKNIFTY-II.NFO,09/01/2025,09:17:15,50163.4,50150,150,50163.3,30,30,505050
BANKNIFTY-II.NFO,09/01/2025,09:17:16,50163.4,50151.85,120,50168.6,30,0,505050
BANKNIFTY-II.NFO,09/01/2025,09:17:18,50163.4,50150.15,30,50163.65,30,0,505050
BANKNIFTY-II.NFO,09/01/2025,09:17:20,50163.4,50150,180,50157.85,30,0,505050
BANKNIFTY-II.NFO,09/01/2025,09:17:21,50163.4,50151.55,120,50170.2,270,0,505050
BANKNIFTY-II.NFO,09/01/2025,09:17:23,50170.2,50150.25,120,50170.2,240,30,505050
BANKNIFTY-II.NFO,09/01/2025,09:17:25,50170.2,50154.55,120,50170.15,90,0,505050
BANKNIFTY-II.NFO,09/01/2025,09:17:26,50170.2,50155.05,120,50170.15,90,0,505050
BANKNIFTY-II.NFO,09/01/2025,09:17:28,50170.2,50156.25,120,50170.15,90,0,505050
BANKNIFTY-II.NFO,09/01/2025,09:17:29,50170.2,50173.6,120,50187.5,60,330,505050
BANKNIFTY-II.NFO,09/01/2025,09:17:31,50170.2,50169,120,50192.05,60,0,505050
BANKNIFTY-II.NFO,09/01/2025,09:17:33,50170.2,50181.45,120,50199,30,0,505050
BANKNIFTY-II.NFO,09/01/2025,09:17:34,50170.2,50188.95,120,50199,30,0,505050
BANKNIFTY-II.NFO,09/01/2025,09:17:36,50170.2,50181.95,120,50199,30,0,505050
BANKNIFTY-II.NFO,09/01/2025,09:17:37,50170.2,50178.3,120,50192.45,60,0,505050
BANKNIFTY-II.NFO,09/01/2025,09:17:39,50170.2,50170.5,180,50191,30,0,505050
BANKNIFTY-II.NFO,09/01/2025,09:17:41,50170.2,50165.25,120,50187.95,60,0,505050
BANKNIFTY-II.NFO,09/01/2025,09:17:42,50170.2,50165.05,120,50183.45,60,0,505050
BANKNIFTY-II.NFO,09/01/2025,09:17:44,50170.2,50170,30,50176.55,30,0,505050
BANKNIFTY-II.NFO,09/01/2025,09:17:46,50174.55,50170.2,30,50177.45,30,30,505050
BANKNIFTY-II.NFO,09/01/2025,09:17:47,50174.55,50170.2,30,50175.8,30,0,505050
BANKNIFTY-II.NFO,09/01/2025,09:17:49,50175,50170.2,30,50173.7,120,30,505050
BANKNIFTY-II.NFO,09/01/2025,09:17:50,50175,50170.2,30,50175.3,30,0,505050
BANKNIFTY-II.NFO,09/01/2025,09:17:52,50175,50171.25,180,50190.05,60,0,505050
BANKNIFTY-II.NFO,09/01/2025,09:17:54,50175,50175.05,120,50191.4,30,0,505050
BANKNIFTY-II.NFO,09/01/2025,09:17:55,50191,50179.7,150,50198.4,60,60,505050
BANKNIFTY-II.NFO,09/01/2025,09:17:57,50191,50185.2,120,50203,30,0,505050
BANKNIFTY-II.NFO,09/01/2025,09:17:58,50203,50194.45,120,50215.2,60,30,505050
BANKNIFTY-II.NFO,09/01/2025,09:18:00,50203,50205.75,150,50224.15,60,0,505050
BANKNIFTY-II.NFO,09/01/2025,09:18:02,50203,50207.85,120,50220.6,90,0,505050
BANKNIFTY-II.NFO,09/01/2025,09:18:03,50203,50201.95,120,50217.05,90,0,505050
BANKNIFTY-II.NFO,09/01/2025,09:18:05,50203,50195.25,120,50212.05,90,0,505050
BANKNIFTY-II.NFO,09/01/2025,09:18:06,50203,50197.15,120,50216.85,90,0,505050
BANKNIFTY-II.NFO,09/01/2025,09:18:08,50203,50194.75,120,50213.35,90,0,505050
BANKNIFTY-II.NFO,09/01/2025,09:18:10,50200.15,50184.1,120,50205.55,60,90,505050
BANKNIFTY-II.NFO,09/01/2025,09:18:11,50200.15,50179.5,60,50195.35,30,0,505050
BANKNIFTY-II.NFO,09/01/2025,09:18:13,50195.85,50176.95,120,50196.9,30,150,505050
BANKNIFTY-II.NFO,09/01/2025,09:18:14,50195.85,50175,30,50188.75,30,0,505050
BANKNIFTY-II.NFO,09/01/2025,09:18:16,50195.85,50175.8,30,50189.8,60,0,505050
BANKNIFTY-II.NFO,09/01/2025,09:18:18,50195.85,50178.1,30,50195.5,30,0,505050
BANKNIFTY-II.NFO,09/01/2025,09:18:19,50195.85,50178.3,120,50197.85,60,0,505050
BANKNIFTY-II.NFO,09/01/2025,09:18:21,50191.65,50188.85,30,50192.85,30,120,505050
BANKNIFTY-II.NFO,09/01/2025,09:18:22,50188.85,50175,30,50190.45,60,30,505050
BANKNIFTY-II.NFO,09/01/2025,09:18:24,50190.45,50175.15,120,50195.2,180,30,505050
BANKNIFTY-II.NFO,09/01/2025,09:18:26,50202.95,50180.35,120,50202.95,30,30,505050
BANKNIFTY-II.NFO,09/01/2025,09:18:27,50185.5,50184.1,120,50202.95,120,120,505050
BANKNIFTY-II.NFO,09/01/2025,09:18:29,50185.5,50182.4,120,50202.4,60,0,505050
BANKNIFTY-II.NFO,09/01/2025,09:18:30,50202.4,50175.05,120,50193.5,30,30,505050
BANKNIFTY-II.NFO,09/01/2025,09:18:32,50194.7,50185,60,50197.7,60,30,505050
BANKNIFTY-II.NFO,09/01/2025,09:18:34,50194.7,50185,60,50199.15,30,0,505050
BANKNIFTY-II.NFO,09/01/2025,09:18:35,50194.7,50185.05,120,50203,30,0,505050
BANKNIFTY-II.NFO,09/01/2025,09:18:37,50193.85,50185.55,30,50197.2,30,30,505050
BANKNIFTY-II.NFO,09/01/2025,09:18:39,50193.85,50185.6,120,50203,30,0,505050
BANKNIFTY-II.NFO,09/01/2025,09:18:40,50193.85,50185.55,30,50194.75,30,0,505050
BANKNIFTY-II.NFO,09/01/2025,09:18:42,50195,50185.55,30,50199.85,90,30,504990
BANKNIFTY-II.NFO,09/01/2025,09:18:43,50203,50187.6,180,50206.7,30,30,504990
BANKNIFTY-II.NFO,09/01/2025,09:18:45,50185.6,50185.6,120,50204.35,30,30,504990
BANKNIFTY-II.NFO,09/01/2025,09:18:47,50204.6,50187.9,120,50206.1,30,30,504990
BANKNIFTY-II.NFO,09/01/2025,09:18:48,50204.6,50188.85,150,50208.7,60,0,504990
BANKNIFTY-II.NFO,09/01/2025,09:18:50,50187.6,50189.75,120,50211.05,60,30,504990
BANKNIFTY-II.NFO,09/01/2025,09:18:51,50187.6,50185.9,180,50205.9,30,0,504990
BANKNIFTY-II.NFO,09/01/2025,09:18:53,50187.6,50185.55,30,50199.6,30,0,504990
BANKNIFTY-II.NFO,09/01/2025,09:18:55,50187.6,50187.8,120,50207.3,30,0,504990
BANKNIFTY-II.NFO,09/01/2025,09:18:56,50187.6,50189.65,120,50210.25,60,0,504990
BANKNIFTY-II.NFO,09/01/2025,09:18:58,50189.2,50188.35,120,50208.2,30,60,504990
BANKNIFTY-II.NFO,09/01/2025,09:18:59,50189.2,50187.65,120,50206.65,30,0,504990
BANKNIFTY-II.NFO,09/01/2025,09:19:01,50189.2,50189.75,180,50209.65,30,0,504990
BANKNIFTY-II.NFO,09/01/2025,09:19:03,50189.2,50192.85,120,50214.8,30,0,504990
BANKNIFTY-II.NFO,09/01/2025,09:19:04,50190.95,50190.95,120,50212.75,60,60,504990
BANKNIFTY-II.NFO,09/01/2025,09:19:06,50190.95,50198.15,120,50219.7,30,0,504990
BANKNIFTY-II.NFO,09/01/2025,09:19:07,50217.25,50196.5,120,50217.45,60,30,504990
BANKNIFTY-II.NFO,09/01/2025,09:19:09,50217.25,50195.45,120,50216,150,0,504990
BANKNIFTY-II.NFO,09/01/2025,09:19:11,50220.1,50207.65,150,50225.4,60,30,504990
BANKNIFTY-II.NFO,09/01/2025,09:19:12,50220.1,50202.15,120,50224,60,0,504990
BANKNIFTY-II.NFO,09/01/2025,09:19:14,50220.1,50209.1,120,50226.15,60,0,504990
BANKNIFTY-II.NFO,09/01/2025,09:19:16,50220.1,50208.75,120,50228.3,210,0,504990
BANKNIFTY-II.NFO,09/01/2025,09:19:17,50211.75,50211.25,210,50227.15,60,30,504990
BANKNIFTY-II.NFO,09/01/2025,09:19:19,50211.75,50208.35,120,50227.15,60,0,504990
BANKNIFTY-II.NFO,09/01/2025,09:19:20,50211.75,50205.95,120,50220,30,0,504990
BANKNIFTY-II.NFO,09/01/2025,09:19:22,50211.75,50208.6,180,50220,30,0,504990
BANKNIFTY-II.NFO,09/01/2025,09:19:24,50220,50209.2,120,50230.05,60,30,504990
BANKNIFTY-II.NFO,09/01/2025,09:19:25,50220,50211.8,120,50233.9,60,0,504990
BANKNIFTY-II.NFO,09/01/2025,09:19:27,50220,50213.75,120,50231.65,30,0,504990
BANKNIFTY-II.NFO,09/01/2025,09:19:28,50232.85,50220.55,30,50234.05,60,60,504990
BANKNIFTY-II.NFO,09/01/2025,09:19:30,50232.3,50220.55,30,50228.45,30,30,504990
BANKNIFTY-II.NFO,09/01/2025,09:19:32,50232.3,50220.55,30,50224.75,30,0,504990
BANKNIFTY-II.NFO,09/01/2025,09:19:33,50232.3,50220.55,30,50224.45,150,0,504990
BANKNIFTY-II.NFO,09/01/2025,09:19:35,50232.3,50220.55,30,50228.5,150,0,504990
BANKNIFTY-II.NFO,09/01/2025,09:19:36,50232.3,50220.55,30,50223.3,30,0,504990
BANKNIFTY-II.NFO,09/01/2025,09:19:38,50220,50200.65,30,50215.25,30,90,504990
BANKNIFTY-II.NFO,09/01/2025,09:19:40,50220,50201.85,120,50216.95,30,0,504990
BANKNIFTY-II.NFO,09/01/2025,09:19:41,50220,50203.5,120,50216.95,30,0,504990
BANKNIFTY-II.NFO,09/01/2025,09:19:43,50218.55,50205.85,60,50226.45,60,30,504990
BANKNIFTY-II.NFO,09/01/2025,09:19:45,50218.55,50205.5,150,50227,90,0,504990
BANKNIFTY-II.NFO,09/01/2025,09:19:46,50218.55,50206.95,120,50228.85,30,0,504990
BANKNIFTY-II.NFO,09/01/2025,09:19:48,50218.55,50208.95,120,50228.8,60,0,504990
BANKNIFTY-II.NFO,09/01/2025,09:19:50,50218.55,50211,120,50233.65,90,0,504990
BANKNIFTY-II.NFO,09/01/2025,09:19:51,50218.55,50210.45,120,50218.55,30,0,504990
BANKNIFTY-II.NFO,09/01/2025,09:19:53,50218.55,50213.35,120,50234.05,60,30,504990
BANKNIFTY-II.NFO,09/01/2025,09:19:55,50218,50212.75,30,50216.75,30,30,504990
BANKNIFTY-II.NFO,09/01/2025,09:19:56,50218,50212.75,30,50225.65,120,0,504990
BANKNIFTY-II.NFO,09/01/2025,09:19:58,50212.75,50205.25,120,50210.25,30,30,504990
BANKNIFTY-II.NFO,09/01/2025,09:20:00,50212.75,50205.3,120,50210.25,30,0,504990
BANKNIFTY-II.NFO,09/01/2025,09:20:01,50212.75,50208.2,120,50210.25,30,0,504990
BANKNIFTY-II.NFO,09/01/2025,09:20:03,50210.25,50220.4,120,50243,60,30,504990
BANKNIFTY-II.NFO,09/01/2025,09:20:05,50210.25,50222.7,120,50242.15,60,0,504990
BANKNIFTY-II.NFO,09/01/2025,09:20:06,50210.25,50220.05,120,50240,60,0,504990
BANKNIFTY-II.NFO,09/01/2025,09:20:08,50210.25,50218.4,120,50240.1,30,0,504990
BANKNIFTY-II.NFO,09/01/2025,09:20:10,50210.25,50223.7,120,50225,30,0,504990
BANKNIFTY-II.NFO,09/01/2025,09:20:11,50210.25,50220.05,120,50225,30,0,504990
BANKNIFTY-II.NFO,09/01/2025,09:20:13,50210.25,50220,60,50225,30,0,504990
BANKNIFTY-II.NFO,09/01/2025,09:20:20,50210.25,50220.05,120,50225,30,0,504990
BANKNIFTY-II.NFO,09/01/2025,09:20:21,50210.25,50220.2,120,50225,30,0,504990
BANKNIFTY-II.NFO,09/01/2025,09:20:23,50210.25,50222.15,120,50225,30,0,504990
BANKNIFTY-II.NFO,09/01/2025,09:20:25,50225,50225.9,120,50241.4,60,30,504990
BANKNIFTY-II.NFO,09/01/2025,09:20:26,50225,50222.8,180,50241.1,60,0,504990
BANKNIFTY-II.NFO,09/01/2025,09:20:28,50225,50226.8,180,50244.4,30,0,504990
BANKNIFTY-II.NFO,09/01/2025,09:20:30,50244.4,50240.6,120,50260.95,60,30,504990
BANKNIFTY-II.NFO,09/01/2025,09:20:31,50254.4,50235.65,120,50255.35,60,30,504990
BANKNIFTY-II.NFO,09/01/2025,09:20:33,50254.4,50241.1,120,50263.5,60,0,504990
BANKNIFTY-II.NFO,09/01/2025,09:20:35,50254.4,50240.9,120,50262.45,60,0,504990
BANKNIFTY-II.NFO,09/01/2025,09:20:36,50254.4,50244.7,150,50266.65,180,0,504990
BANKNIFTY-II.NFO,09/01/2025,09:20:38,50266.6,50248.2,150,50269.05,90,60,504990
BANKNIFTY-II.NFO,09/01/2025,09:20:40,50266.6,50249.5,120,50269.8,210,0,504990
BANKNIFTY-II.NFO,09/01/2025,09:20:41,50266.6,50247.1,150,50267.7,60,0,504990
BANKNIFTY-II.NFO,09/01/2025,09:20:43,50266.6,50245.85,120,50267.5,240,0,504990
BANKNIFTY-II.NFO,09/01/2025,09:20:45,50248.1,50249.95,120,50268.55,120,90,504990
BANKNIFTY-II.NFO,09/01/2025,09:20:46,50248.1,50248.5,150,50268.55,120,0,504990
BANKNIFTY-II.NFO,09/01/2025,09:20:48,50245,50236.4,240,50252.15,60,60,504990
BANKNIFTY-II.NFO,09/01/2025,09:20:50,50245,50227.6,120,50247.05,60,0,504990
BANKNIFTY-II.NFO,09/01/2025,09:20:51,50245,50230.15,120,50244.05,30,0,504990
BANKNIFTY-II.NFO,09/01/2025,09:20:53,50245,50230.4,30,50242.75,30,0,504990
BANKNIFTY-II.NFO,09/01/2025,09:20:55,50233,50236.7,120,50245,30,30,504990
BANKNIFTY-II.NFO,09/01/2025,09:20:57,50233,50236.85,120,50245,30,0,504990
BANKNIFTY-II.NFO,09/01/2025,09:20:58,50233,50237.2,120,50245,30,0,504990
BANKNIFTY-II.NFO,09/01/2025,09:21:00,50237.35,50237.35,30,50245,30,30,504990
BANKNIFTY-II.NFO,09/01/2025,09:21:02,50237.35,50242.2,120,50245,30,0,504990
BANKNIFTY-II.NFO,09/01/2025,09:21:03,50242.2,50242.3,120,50250,30,60,504990
BANKNIFTY-II.NFO,09/01/2025,09:21:05,50250,50246.25,120,50262.05,30,30,504990
BANKNIFTY-II.NFO,09/01/2025,09:21:07,50246.25,50249.6,150,50264.85,30,30,504990
BANKNIFTY-II.NFO,09/01/2025,09:21:08,50246.25,50253.1,90,50264.85,30,0,504990
BANKNIFTY-II.NFO,09/01/2025,09:21:10,50253.1,50251.5,60,50264.85,30,30,504990
BANKNIFTY-II.NFO,09/01/2025,09:21:12,50253.1,50252.25,60,50264.85,30,0,504990
BANKNIFTY-II.NFO,09/01/2025,09:21:13,50264.85,50256.75,60,50271.1,30,30,504990
BANKNIFTY-II.NFO,09/01/2025,09:21:15,50264.85,50258.4,60,50272.3,180,0,504990
BANKNIFTY-II.NFO,09/01/2025,09:21:17,50264.85,50259.25,60,50271.8,30,0,504990
BANKNIFTY-II.NFO,09/01/2025,09:21:18,50264.85,50252.85,30,50267.4,120,0,504990
BANKNIFTY-II.NFO,09/01/2025,09:21:20,50264.85,50250,30,50261.15,180,0,504990
BANKNIFTY-II.NFO,09/01/2025,09:21:22,50261.15,50250,60,50259.6,180,60,504990
BANKNIFTY-II.NFO,09/01/2025,09:21:23,50261.15,50250,60,50254.4,180,0,504990
BANKNIFTY-II.NFO,09/01/2025,09:21:25,50250,50234.35,30,50250.4,180,60,504990
BANKNIFTY-II.NFO,09/01/2025,09:21:27,50250,50241.5,120,50261.15,30,0,504990
BANKNIFTY-II.NFO,09/01/2025,09:21:28,50250,50242.25,120,50260.4,210,0,504990
BANKNIFTY-II.NFO,09/01/2025,09:21:30,50250,50243.9,120,50261.1,120,0,504990
BANKNIFTY-II.NFO,09/01/2025,09:21:32,50250,50244.5,150,50261.1,120,0,504990
BANKNIFTY-II.NFO,09/01/2025,09:21:33,50250,50245.05,120,50261.1,180,0,504990
BANKNIFTY-II.NFO,09/01/2025,09:21:35,50250,50245,30,50261.1,180,0,504990
BANKNIFTY-II.NFO,09/01/2025,09:21:37,50250,50249.1,120,50261.15,30,0,504990
BANKNIFTY-II.NFO,09/01/2025,09:21:38,50250,50245.55,120,50261.1,120,0,504990
BANKNIFTY-II.NFO,09/01/2025,09:21:40,50250,50245.25,120,50261.15,30,0,504990
BANKNIFTY-II.NFO,09/01/2025,09:21:41,50250,50248.45,120,50261.15,30,0,504990
BANKNIFTY-II.NFO,09/01/2025,09:21:43,50250,50254.25,120,50261.15,30,0,504990
BANKNIFTY-II.NFO,09/01/2025,09:21:45,50250,50253.15,120,50261.15,30,0,504990
BANKNIFTY-II.NFO,09/01/2025,09:21:46,50250,50254.3,120,50261.15,30,0,504990
BANKNIFTY-II.NFO,09/01/2025,09:21:48,50250,50254.2,120,50261.15,30,0,504990
BANKNIFTY-II.NFO,09/01/2025,09:21:50,50250,50257,120,50261.15,30,0,504990
BANKNIFTY-II.NFO,09/01/2025,09:21:51,50261.15,50253.85,120,50270,30,30,505590
BANKNIFTY-II.NFO,09/01/2025,09:21:53,50254.85,50255.4,90,50270,30,30,505590
BANKNIFTY-II.NFO,09/01/2025,09:21:55,50254.85,50255,150,50270,30,0,505590
BANKNIFTY-II.NFO,09/01/2025,09:21:56,50254.85,50254.05,150,50270,30,0,505590
BANKNIFTY-II.NFO,09/01/2025,09:21:58,50254.85,50253,90,50269.95,180,0,505590
BANKNIFTY-II.NFO,09/01/2025,09:22:00,50254.85,50256.8,90,50270,30,0,505590
BANKNIFTY-II.NFO,09/01/2025,09:22:01,50254.85,50257.4,90,50270,30,0,505590
BANKNIFTY-II.NFO,09/01/2025,09:22:03,50254.85,50258.8,90,50270,30,0,505590
BANKNIFTY-II.NFO,09/01/2025,09:22:05,50254.85,50258.65,90,50270,30,0,505590
BANKNIFTY-II.NFO,09/01/2025,09:22:06,50254.85,50255.95,90,50270,30,0,505590
BANKNIFTY-II.NFO,09/01/2025,09:22:08,50254.85,50250,60,50264.1,120,0,505590
BANKNIFTY-II.NFO,09/01/2025,09:22:10,50254.85,50250,60,50258.15,180,30,505590
BANKNIFTY-II.NFO,09/01/2025,09:22:11,50245,50226.9,90,50240.95,30,90,505590
BANKNIFTY-II.NFO,09/01/2025,09:22:13,50245,50225.5,30,50238.55,180,0,505590
BANKNIFTY-II.NFO,09/01/2025,09:22:15,50225.5,50222.25,120,50240.7,180,30,505590
BANKNIFTY-II.NFO,09/01/2025,09:22:16,50225.5,50222.35,90,50237.95,120,0,505590
BANKNIFTY-II.NFO,09/01/2025,09:22:18,50225.5,50222.3,30,50237.6,120,0,505590
BANKNIFTY-II.NFO,09/01/2025,09:22:20,50225.5,50222.2,60,50235.05,120,0,505590
BANKNIFTY-II.NFO,09/01/2025,09:22:21,50225.5,50222.2,60,50234.95,120,0,505590
BANKNIFTY-II.NFO,09/01/2025,09:22:23,50225.5,50222.2,60,50233.45,120,0,505590
BANKNIFTY-II.NFO,09/01/2025,09:22:25,50225.5,50217.35,30,50232.45,120,0,505590
BANKNIFTY-II.NFO,09/01/2025,09:22:26,50225.5,50221.1,90,50236.4,60,0,505590
BANKNIFTY-II.NFO,09/01/2025,09:22:28,50225.5,50222.85,90,50236.25,120,0,505590
BANKNIFTY-II.NFO,09/01/2025,09:22:30,50225.5,50223.85,90,50236.35,60,0,505590
BANKNIFTY-II.NFO,09/01/2025,09:22:31,50225.5,50225.8,60,50242.5,120,0,505590
BANKNIFTY-II.NFO,09/01/2025,09:22:33,50224.8,50227.85,60,50245.3,120,30,505590
BANKNIFTY-II.NFO,09/01/2025,09:22:35,50224.8,50228.15,60,50245.75,120,0,505590
BANKNIFTY-II.NFO,09/01/2025,09:22:36,50224.8,50220.65,60,50238.55,180,0,505590
BANKNIFTY-II.NFO,09/01/2025,09:22:38,50224.8,50217.55,60,50234.8,120,0,505590
BANKNIFTY-II.NFO,09/01/2025,09:22:40,50224.8,50211.55,60,50229.9,210,0,505590
BANKNIFTY-II.NFO,09/01/2025,09:22:42,50224.8,50211,30,50225.55,120,0,505590
BANKNIFTY-II.NFO,09/01/2025,09:22:43,50224.8,50211,30,50223.1,120,0,505590
BANKNIFTY-II.NFO,09/01/2025,09:22:45,50224.8,50211,30,50227.75,120,0,505590
BANKNIFTY-II.NFO,09/01/2025,09:22:47,50224.8,50211,30,50223.55,120,0,505590
BANKNIFTY-II.NFO,09/01/2025,09:22:48,50224.8,50211,30,50225.8,120,0,505590
BANKNIFTY-II.NFO,09/01/2025,09:22:50,50211,50206.2,120,50224.85,120,30,505590
BANKNIFTY-II.NFO,09/01/2025,09:22:52,50211,50212.25,60,50230.6,120,0,505590
BANKNIFTY-II.NFO,09/01/2025,09:22:53,50211,50213.4,60,50228.5,120,0,505590
BANKNIFTY-II.NFO,09/01/2025,09:22:55,50211,50213.85,60,50228.5,120,0,505590
BANKNIFTY-II.NFO,09/01/2025,09:22:57,50211,50209.9,60,50226.65,120,0,505590
BANKNIFTY-II.NFO,09/01/2025,09:22:58,50211,50207.3,60,50224.25,120,0,505590
BANKNIFTY-II.NFO,09/01/2025,09:23:00,50211,50205.5,60,50222.9,120,0,505590
BANKNIFTY-II.NFO,09/01/2025,09:23:02,50211,50208.8,60,50225.85,120,0,505590
BANKNIFTY-II.NFO,09/01/2025,09:23:03,50226.2,50217.05,30,50227.9,120,30,505590
BANKNIFTY-II.NFO,09/01/2025,09:23:05,50226.2,50211.7,90,50225.25,120,0,505590
BANKNIFTY-II.NFO,09/01/2025,09:23:07,50226.2,50211.05,30,50225.25,120,0,505590
BANKNIFTY-II.NFO,09/01/2025,09:23:10,50208.05,50205.1,90,50221.7,120,30,505590
BANKNIFTY-II.NFO,09/01/2025,09:23:12,50220.95,50210,30,50220.05,90,120,505590
BANKNIFTY-II.NFO,09/01/2025,09:23:13,50220.95,50210,30,50217.9,90,0,505590
BANKNIFTY-II.NFO,09/01/2025,09:23:15,50220.95,50210,30,50219.8,90,0,505590
BANKNIFTY-II.NFO,09/01/2025,09:23:17,50216.9,50210,30,50219.75,60,30,505590
BANKNIFTY-II.NFO,09/01/2025,09:23:18,50210,50205.05,30,50219.4,60,30,505590
BANKNIFTY-II.NFO,09/01/2025,09:23:20,50210,50206.05,120,50219.25,60,0,505590
BANKNIFTY-II.NFO,09/01/2025,09:23:22,50210,50206.9,120,50220.15,60,0,505590
BANKNIFTY-II.NFO,09/01/2025,09:23:23,50210,50217.05,30,50227.35,60,0,505590
BANKNIFTY-II.NFO,09/01/2025,09:23:25,50210,50220.1,120,50233.85,60,0,505590
BANKNIFTY-II.NFO,09/01/2025,09:23:27,50210,50217.05,30,50231,60,0,505590
BANKNIFTY-II.NFO,09/01/2025,09:23:28,50210,50217.1,120,50231.7,60,0,505590
BANKNIFTY-II.NFO,09/01/2025,09:23:30,50210,50211.05,30,50220.6,60,0,505590
BANKNIFTY-II.NFO,09/01/2025,09:23:32,50210,50210,30,50222.95,60,0,505590
BANKNIFTY-II.NFO,09/01/2025,09:23:33,50210,50217.05,30,50225.2,60,0,505590
BANKNIFTY-II.NFO,09/01/2025,09:23:35,50210,50211.05,30,50221,60,0,505590
BANKNIFTY-II.NFO,09/01/2025,09:23:37,50210,50217.05,30,50225.25,60,0,505590
BANKNIFTY-II.NFO,09/01/2025,09:23:40,50210,50210,30,50221.55,60,0,505590
BANKNIFTY-II.NFO,09/01/2025,09:23:42,50210,50210,30,50217.6,60,0,505590
BANKNIFTY-II.NFO,09/01/2025,09:23:43,50210,50210,30,50216.9,60,0,505590
BANKNIFTY-II.NFO,09/01/2025,09:23:45,50210,50210,30,50217.3,60,0,505590
BANKNIFTY-II.NFO,09/01/2025,09:23:47,50216.8,50210,30,50216.15,30,30,505590
BANKNIFTY-II.NFO,09/01/2025,09:23:48,50216.8,50210,30,50216.6,30,0,505590
BANKNIFTY-II.NFO,09/01/2025,09:23:50,50216.8,50210,30,50213.85,30,0,505590
BANKNIFTY-II.NFO,09/01/2025,09:23:52,50210,50202,30,50213.1,30,30,505590
BANKNIFTY-II.NFO,09/01/2025,09:23:53,50212.95,50202.05,30,50213,30,60,505590
BANKNIFTY-II.NFO,09/01/2025,09:23:55,50212.95,50202,30,50209.95,120,0,505590
BANKNIFTY-II.NFO,09/01/2025,09:23:57,50212.95,50202,30,50208.55,120,0,505590
BANKNIFTY-II.NFO,09/01/2025,09:23:58,50212.95,50202,30,50211.65,240,0,505590
BANKNIFTY-II.NFO,09/01/2025,09:24:00,50212.95,50217.05,30,50227.35,120,0,505590
BANKNIFTY-II.NFO,09/01/2025,09:24:02,50212.95,50208.2,120,50223.35,240,0,505590
BANKNIFTY-II.NFO,09/01/2025,09:24:03,50212.95,50208.05,30,50220.5,120,0,505590
BANKNIFTY-II.NFO,09/01/2025,09:24:05,50212.95,50214.1,120,50227.65,120,0,505590
BANKNIFTY-II.NFO,09/01/2025,09:24:07,50212.95,50223.05,30,50235.7,360,0,505590
BANKNIFTY-II.NFO,09/01/2025,09:24:08,50212.95,50229.05,30,50242.3,120,0,505590
BANKNIFTY-II.NFO,09/01/2025,09:24:10,50212.95,50235.05,30,50246.95,150,0,505590
BANKNIFTY-II.NFO,09/01/2025,09:24:12,50212.95,50242.9,120,50250,30,0,505590
BANKNIFTY-II.NFO,09/01/2025,09:24:13,50212.95,50238.1,120,50250,30,0,505590
BANKNIFTY-II.NFO,09/01/2025,09:24:15,50212.95,50232.65,120,50250,30,0,505590
BANKNIFTY-II.NFO,09/01/2025,09:24:17,50212.95,50226.1,120,50243,30,0,505590
BANKNIFTY-II.NFO,09/01/2025,09:24:18,50212.95,50232.05,30,50246.5,300,0,505590
BANKNIFTY-II.NFO,09/01/2025,09:24:20,50212.95,50224.7,120,50242.3,300,0,505590
BANKNIFTY-II.NFO,09/01/2025,09:24:22,50212.95,50235.05,30,50248.8,480,0,505590
BANKNIFTY-II.NFO,09/01/2025,09:24:23,50212.95,50223.1,120,50240.7,360,0,505590
BANKNIFTY-II.NFO,09/01/2025,09:24:25,50212.95,50220.1,120,50235.75,120,0,505590
BANKNIFTY-II.NFO,09/01/2025,09:24:27,50212.95,50214.05,30,50228.8,360,0,505590
BANKNIFTY-II.NFO,09/01/2025,09:24:28,50212.95,50214.1,120,50228.15,120,0,505590
BANKNIFTY-II.NFO,09/01/2025,09:24:30,50212.95,50220.05,30,50228.3,300,0,505590
BANKNIFTY-II.NFO,09/01/2025,09:24:32,50212.95,50214.05,30,50225.95,300,0,505590
BANKNIFTY-II.NFO,09/01/2025,09:24:33,50203.1,50203.2,120,50219.7,30,30,505590
BANKNIFTY-II.NFO,09/01/2025,09:24:35,50203.1,50203,120,50216.6,30,0,505590
BANKNIFTY-II.NFO,09/01/2025,09:24:37,50203.1,50203,120,50218.35,30,0,505590
BANKNIFTY-II.NFO,09/01/2025,09:24:38,50203.1,50205.05,30,50217.55,30,0,505590
BANKNIFTY-II.NFO,09/01/2025,09:24:40,50203.1,50202.95,30,50214.5,30,0,505590
BANKNIFTY-II.NFO,09/01/2025,09:24:42,50203.1,50203.1,30,50214,30,0,505590
BANKNIFTY-II.NFO,09/01/2025,09:24:43,50215.8,50203.1,30,50210.95,330,150,505950
BANKNIFTY-II.NFO,09/01/2025,09:24:45,50215.8,50203.1,30,50216.05,300,0,505950
BANKNIFTY-II.NFO,09/01/2025,09:24:47,50215.8,50203.1,30,50214.25,300,0,505950
BANKNIFTY-II.NFO,09/01/2025,09:24:48,50215.8,50203.3,120,50216.95,30,0,505950
BANKNIFTY-II.NFO,09/01/2025,09:24:50,50215.8,50204.35,60,50216.85,330,0,505950
BANKNIFTY-II.NFO,09/01/2025,09:24:52,50215.8,50202.95,30,50216.95,30,0,505950
BANKNIFTY-II.NFO,09/01/2025,09:24:53,50215.8,50202.95,30,50210.05,300,0,505950
BANKNIFTY-II.NFO,09/01/2025,09:24:55,50215.8,50202.95,30,50210.95,30,0,505950
BANKNIFTY-II.NFO,09/01/2025,09:24:57,50213.85,50202.95,30,50210.95,30,90,505950
BANKNIFTY-II.NFO,09/01/2025,09:24:58,50213.85,50203,120,50215.8,90,0,505950
BANKNIFTY-II.NFO,09/01/2025,09:25:00,50213.85,50204.55,120,50215.8,90,0,505950
BANKNIFTY-II.NFO,09/01/2025,09:25:02,50213.85,50202.95,30,50213.95,30,0,505950
BANKNIFTY-II.NFO,09/01/2025,09:25:03,50213.85,50202.95,30,50213.9,90,0,505950
BANKNIFTY-II.NFO,09/01/2025,09:25:05,50213.85,50212,30,50215.8,90,0,505950
BANKNIFTY-II.NFO,09/01/2025,09:25:08,50213.85,50212,30,50215.65,300,0,505950
BANKNIFTY-II.NFO,09/01/2025,09:25:10,50213.85,50212,30,50215.8,390,0,505950
BANKNIFTY-II.NFO,09/01/2025,09:25:12,50212,50202.95,30,50210.6,300,30,505950
BANKNIFTY-II.NFO,09/01/2025,09:25:13,50202.95,50202.1,120,50215.8,90,30,505950
BANKNIFTY-II.NFO,09/01/2025,09:25:15,50202.95,50205.05,30,50215.8,90,0,505950
BANKNIFTY-II.NFO,09/01/2025,09:25:17,50202.95,50208.35,120,50215.8,90,0,505950
BANKNIFTY-II.NFO,09/01/2025,09:25:18,50202.95,50202,30,50212.55,300,0,505950
BANKNIFTY-II.NFO,09/01/2025,09:25:20,50201.05,50200,90,50203.95,300,150,505950
BANKNIFTY-II.NFO,09/01/2025,09:25:22,50201.05,50202.4,60,50214.15,300,0,505950
BANKNIFTY-II.NFO,09/01/2025,09:25:23,50201.05,50200,90,50207.8,300,0,505950
BANKNIFTY-II.NFO,09/01/2025,09:25:25,50201.05,50208.05,30,50215.8,90,0,505950
BANKNIFTY-II.NFO,09/01/2025,09:25:27,50201.05,50205.05,30,50214.5,300,0,505950
BANKNIFTY-II.NFO,09/01/2025,09:25:28,50201.05,50200,90,50206.5,300,0,505950
BANKNIFTY-II.NFO,09/01/2025,09:25:30,50201.05,50200,90,50202.95,30,0,505950
BANKNIFTY-II.NFO,09/01/2025,09:25:43,50201.05,50200,90,50201.3,300,0,505950
BANKNIFTY-II.NFO,09/01/2025,09:25:45,50199,50190.3,60,50201.45,300,120,505950
BANKNIFTY-II.NFO,09/01/2025,09:25:47,50199,50190,30,50199.25,300,0,505950
BANKNIFTY-II.NFO,09/01/2025,09:25:48,50199,50190,30,50197.45,300,0,505950
BANKNIFTY-II.NFO,09/01/2025,09:25:52,50199,50190,30,50192.45,300,0,505950
BANKNIFTY-II.NFO,09/01/2025,09:25:53,50190,50174.95,120,50190.3,300,30,505950
BANKNIFTY-II.NFO,09/01/2025,09:25:55,50190,50181.05,30,50191.85,300,0,505950
BANKNIFTY-II.NFO,09/01/2025,09:25:57,50190,50178.1,120,50192.6,300,0,505950
BANKNIFTY-II.NFO,09/01/2025,09:25:58,50190,50176,120,50191.5,300,0,505950
BANKNIFTY-II.NFO,09/01/2025,09:26:00,50190,50174,30,50187.65,300,0,505950
BANKNIFTY-II.NFO,09/01/2025,09:26:02,50175.05,50174,30,50183.5,300,30,505950
BANKNIFTY-II.NFO,09/01/2025,09:26:03,50175.05,50175.4,120,50189.25,300,0,505950
BANKNIFTY-II.NFO,09/01/2025,09:26:05,50175.05,50175.05,30,50187.9,300,30,505950
BANKNIFTY-II.NFO,09/01/2025,09:26:07,50175.05,50174,30,50183.05,300,0,505950
BANKNIFTY-II.NFO,09/01/2025,09:26:08,50174,50171,30,50179.2,300,30,505950
BANKNIFTY-II.NFO,09/01/2025,09:26:10,50174,50175.05,30,50187.7,300,0,505950
BANKNIFTY-II.NFO,09/01/2025,09:26:12,50174,50172.05,30,50182.25,300,0,505950
BANKNIFTY-II.NFO,09/01/2025,09:26:13,50171,50170,30,50180.3,120,30,505950
BANKNIFTY-II.NFO,09/01/2025,09:26:15,50171,50172.1,120,50187.3,300,0,505950
BANKNIFTY-II.NFO,09/01/2025,09:26:17,50171,50170.05,120,50185.75,300,0,505950
BANKNIFTY-II.NFO,09/01/2025,09:26:18,50171,50171.75,120,50183.75,30,0,505950
BANKNIFTY-II.NFO,09/01/2025,09:26:20,50173.75,50172.75,120,50187.9,30,30,505950
BANKNIFTY-II.NFO,09/01/2025,09:26:22,50173.75,50175.55,120,50189.9,30,0,505950
BANKNIFTY-II.NFO,09/01/2025,09:26:23,50173.75,50175.1,120,50189.8,30,0,505950
BANKNIFTY-II.NFO,09/01/2025,09:26:25,50173.75,50179.35,60,50195.9,30,0,505950
BANKNIFTY-II.NFO,09/01/2025,09:26:27,50173.75,50178.1,120,50193.6,30,0,505950
BANKNIFTY-II.NFO,09/01/2025,09:26:28,50173.75,50175.55,120,50189.95,30,0,505950
BANKNIFTY-II.NFO,09/01/2025,09:26:30,50173.75,50181.05,30,50195.5,60,0,505950
BANKNIFTY-II.NFO,09/01/2025,09:26:32,50173.75,50174.2,180,50190.35,30,0,505950
BANKNIFTY-II.NFO,09/01/2025,09:26:33,50173.75,50170.05,120,50186.2,30,0,505950
BANKNIFTY-II.NFO,09/01/2025,09:26:35,50173.75,50175.1,120,50189.95,30,0,505950
BANKNIFTY-II.NFO,09/01/2025,09:26:37,50173.75,50184.95,120,50200.95,30,0,505950
BANKNIFTY-II.NFO,09/01/2025,09:26:38,50179.4,50176.1,120,50192.1,30,90,505950
BANKNIFTY-II.NFO,09/01/2025,09:26:40,50179.4,50180.55,270,50195.9,30,0,505950
BANKNIFTY-II.NFO,09/01/2025,09:26:42,50179.4,50184.25,120,50195.95,30,0,505950
BANKNIFTY-II.NFO,09/01/2025,09:26:43,50179.4,50189.05,180,50200.95,30,0,505950
BANKNIFTY-II.NFO,09/01/2025,09:26:45,50179.4,50185.45,120,50198.95,30,0,505950
BANKNIFTY-II.NFO,09/01/2025,09:26:47,50179.4,50189.9,120,50201,90,0,505950
BANKNIFTY-II.NFO,09/01/2025,09:26:48,50179.4,50191.05,120,50201,90,0,505950
BANKNIFTY-II.NFO,09/01/2025,09:26:50,50186.95,50181.85,120,50189.95,30,30,505950
BANKNIFTY-II.NFO,09/01/2025,09:26:52,50186.95,50179.45,120,50189.95,30,0,505950
BANKNIFTY-II.NFO,09/01/2025,09:26:53,50195.95,50179.45,120,50192.95,30,120,505950
BANKNIFTY-II.NFO,09/01/2025,09:26:55,50195.95,50179.4,30,50192.9,120,0,505950
BANKNIFTY-II.NFO,09/01/2025,09:26:57,50195.95,50185,120,50200.95,120,0,505950
BANKNIFTY-II.NFO,09/01/2025,09:26:58,50195.95,50184.05,120,50200.95,30,0,505950
BANKNIFTY-II.NFO,09/01/2025,09:27:00,50195.95,50198.95,30,50200.95,120,0,505950
BANKNIFTY-II.NFO,09/01/2025,09:27:02,50190.35,50193.05,30,50201,90,210,505950
BANKNIFTY-II.NFO,09/01/2025,09:27:03,50201,50201.1,60,50208.05,30,90,505950
BANKNIFTY-II.NFO,09/01/2025,09:27:05,50201,50201.2,150,50208.05,30,0,505950
BANKNIFTY-II.NFO,09/01/2025,09:27:07,50208.05,50212.35,150,50213.85,30,30,505950
BANKNIFTY-II.NFO,09/01/2025,09:27:08,50213.85,50211.5,60,50220,150,30,505950
BANKNIFTY-II.NFO,09/01/2025,09:27:10,50213.85,50212.6,60,50220,150,0,505950
BANKNIFTY-II.NFO,09/01/2025,09:27:12,50213.85,50210.65,120,50220,150,0,505950
BANKNIFTY-II.NFO,09/01/2025,09:27:13,50220,50213.6,120,50220,120,30,505950
BANKNIFTY-II.NFO,09/01/2025,09:27:15,50220,50216.9,120,50220,120,0,505950
BANKNIFTY-II.NFO,09/01/2025,09:27:16,50220,50221.9,60,50225.5,30,120,505950
BANKNIFTY-II.NFO,09/01/2025,09:27:18,50225.5,50223.05,30,50235,30,30,505950
BANKNIFTY-II.NFO,09/01/2025,09:27:20,50225.5,50223.75,60,50235,30,0,505950
BANKNIFTY-II.NFO,09/01/2025,09:27:21,50235,50235.05,30,50245.2,120,30,505950
BANKNIFTY-II.NFO,09/01/2025,09:27:23,50235,50235.05,30,50243.5,120,0,505950
BANKNIFTY-II.NFO,09/01/2025,09:27:25,50235,50235.05,30,50245.2,120,0,505950
BANKNIFTY-II.NFO,09/01/2025,09:27:26,50235,50238.05,30,50245.1,120,0,505950
BANKNIFTY-II.NFO,09/01/2025,09:27:28,50235,50238.05,30,50249.15,120,0,505950
BANKNIFTY-II.NFO,09/01/2025,09:27:30,50235,50232.05,30,50248.9,120,0,505950
BANKNIFTY-II.NFO,09/01/2025,09:27:31,50235,50235.05,30,50249.95,120,0,505950
BANKNIFTY-II.NFO,09/01/2025,09:27:33,50235,50241.05,30,50250,30,0,505950
BANKNIFTY-II.NFO,09/01/2025,09:27:35,50242,50235.85,60,50250,30,60,505950
BANKNIFTY-II.NFO,09/01/2025,09:27:37,50242,50241.1,60,50250,30,0,505950
BANKNIFTY-II.NFO,09/01/2025,09:27:38,50242,50238.1,60,50250,30,0,505950
BANKNIFTY-II.NFO,09/01/2025,09:27:40,50242,50238.05,30,50249.95,120,0,505950
BANKNIFTY-II.NFO,09/01/2025,09:27:42,50242,50225.5,30,50239.45,120,0,505950
BANKNIFTY-II.NFO,09/01/2025,09:27:43,50242,50225.5,30,50240.45,120,0,505950
BANKNIFTY-II.NFO,09/01/2025,09:27:45,50239.5,50225.5,30,50235.85,120,30,506040
BANKNIFTY-II.NFO,09/01/2025,09:27:47,50239.5,50225.5,30,50233.1,120,0,506040
BANKNIFTY-II.NFO,09/01/2025,09:27:48,50225.5,50225,30,50229.2,120,30,506040
BANKNIFTY-II.NFO,09/01/2025,09:27:50,50225,50220.05,30,50232.95,120,30,506040
BANKNIFTY-II.NFO,09/01/2025,09:27:52,50225,50217.1,30,50233.1,120,0,506040
BANKNIFTY-II.NFO,09/01/2025,09:27:53,50225,50217.8,30,50231.95,120,0,506040
BANKNIFTY-II.NFO,09/01/2025,09:27:55,50225,50218.65,30,50229.8,120,0,506040
BANKNIFTY-II.NFO,09/01/2025,09:27:57,50225,50217.1,30,50229,120,0,506040
BANKNIFTY-II.NFO,09/01/2025,09:27:58,50225,50217.05,30,50231.85,120,0,506040
BANKNIFTY-II.NFO,09/01/2025,09:28:00,50225,50203.95,30,50221.7,180,0,506040
BANKNIFTY-II.NFO,09/01/2025,09:28:02,50225,50214.05,30,50228.6,120,0,506040
BANKNIFTY-II.NFO,09/01/2025,09:28:03,50225,50211.1,30,50227.35,120,0,506040
BANKNIFTY-II.NFO,09/01/2025,09:28:05,50225,50203.25,30,50217.7,180,0,506040
BANKNIFTY-II.NFO,09/01/2025,09:28:07,50225,50205.6,30,50219.95,30,0,506040
BANKNIFTY-II.NFO,09/01/2025,09:28:08,50225,50211.1,30,50226.55,120,0,506040
BANKNIFTY-II.NFO,09/01/2025,09:28:10,50225,50208.1,30,50224.7,120,0,506040
BANKNIFTY-II.NFO,09/01/2025,09:28:12,50225,50205,30,50220.3,30,0,506040
BANKNIFTY-II.NFO,09/01/2025,09:28:13,50225,50214.05,30,50226.8,120,0,506040
BANKNIFTY-II.NFO,09/01/2025,09:28:15,50225,50209.2,30,50223.25,60,0,506040
BANKNIFTY-II.NFO,09/01/2025,09:28:17,50225,50208.8,30,50222.2,60,0,506040
BANKNIFTY-II.NFO,09/01/2025,09:28:18,50225,50212.1,30,50226.6,60,0,506040
BANKNIFTY-II.NFO,09/01/2025,09:28:20,50225,50217.1,30,50229.5,60,0,506040
BANKNIFTY-II.NFO,09/01/2025,09:28:22,50225,50214.95,30,50230.25,60,0,506040
BANKNIFTY-II.NFO,09/01/2025,09:28:23,50225,50220.35,30,50236.45,120,0,506040
BANKNIFTY-II.NFO,09/01/2025,09:28:25,50225,50232.05,30,50243.45,60,0,506040
BANKNIFTY-II.NFO,09/01/2025,09:28:27,50225,50242.05,30,50250,30,0,506040
BANKNIFTY-II.NFO,09/01/2025,09:28:28,50242.25,50241.1,60,50250,30,30,506040
BANKNIFTY-II.NFO,09/01/2025,09:28:30,50242.25,50238.05,30,50249.85,60,0,506040
BANKNIFTY-II.NFO,09/01/2025,09:28:32,50242.25,50238.05,30,50249.45,60,0,506040
BANKNIFTY-II.NFO,09/01/2025,09:28:33,50242.25,50241.05,30,50249.9,60,0,506040
BANKNIFTY-II.NFO,09/01/2025,09:28:35,50242.25,50241.05,30,50250,30,0,506040
BANKNIFTY-II.NFO,09/01/2025,09:28:37,50242.25,50242.35,30,50250,30,0,506040
BANKNIFTY-II.NFO,09/01/2025,09:28:38,50242.25,50242.2,30,50250,30,0,506040
BANKNIFTY-II.NFO,09/01/2025,09:28:40,50242.25,50239.65,30,50249.7,120,0,506040
BANKNIFTY-II.NFO,09/01/2025,09:28:42,50242.25,50238.9,30,50247.7,120,0,506040
BANKNIFTY-II.NFO,09/01/2025,09:28:43,50242.25,50240.25,30,50249.45,120,0,506040
BANKNIFTY-II.NFO,09/01/2025,09:28:45,50242.25,50242.3,30,50249.5,120,0,506040
BANKNIFTY-II.NFO,09/01/2025,09:28:47,50242.25,50243.05,30,50249.95,120,0,506040
BANKNIFTY-II.NFO,09/01/2025,09:28:48,50242.25,50244,30,50250,30,0,506040
BANKNIFTY-II.NFO,09/01/2025,09:28:50,50242.25,50241.3,30,50250,30,0,506040
BANKNIFTY-II.NFO,09/01/2025,09:28:52,50242.25,50244.75,30,50250,30,0,506040
BANKNIFTY-II.NFO,09/01/2025,09:28:53,50242.25,50245.8,30,50250,30,0,506040
BANKNIFTY-II.NFO,09/01/2025,09:28:55,50242.25,50247.25,30,50250,30,0,506040
BANKNIFTY-II.NFO,09/01/2025,09:28:57,50242.25,50246.15,30,50250,30,0,506040
BANKNIFTY-II.NFO,09/01/2025,09:28:58,50242.25,50245.5,30,50250,30,0,506040
BANKNIFTY-II.NFO,09/01/2025,09:29:00,50250,50256.05,30,50265.85,120,30,506040
BANKNIFTY-II.NFO,09/01/2025,09:29:02,50250,50256.05,30,50266.4,120,0,506040
BANKNIFTY-II.NFO,09/01/2025,09:29:03,50250,50262.05,30,50269.95,120,0,506040
BANKNIFTY-II.NFO,09/01/2025,09:29:05,50250,50260.05,30,50270,30,0,506040
BANKNIFTY-II.NFO,09/01/2025,09:29:07,50250,50258.8,30,50269.3,120,0,506040
BANKNIFTY-II.NFO,09/01/2025,09:29:08,50269.8,50259.65,30,50270,30,30,506040
BANKNIFTY-II.NFO,09/01/2025,09:29:10,50269.8,50260.35,30,50270,30,0,506040
BANKNIFTY-II.NFO,09/01/2025,09:29:12,50269.8,50261.4,30,50269.95,120,0,506040
BANKNIFTY-II.NFO,09/01/2025,09:29:13,50269.8,50260.45,30,50270,30,0,506040
BANKNIFTY-II.NFO,09/01/2025,09:29:15,50269.8,50262.8,60,50270,30,0,506040
BANKNIFTY-II.NFO,09/01/2025,09:29:17,50275,50283.05,30,50292,30,60,506040
BANKNIFTY-II.NFO,09/01/2025,09:29:18,50275,50283.05,30,50292,30,0,506040
BANKNIFTY-II.NFO,09/01/2025,09:29:20,50278.05,50278.4,60,50292,30,30,506040
BANKNIFTY-II.NFO,09/01/2025,09:29:22,50278.05,50281.65,30,50291.9,120,0,506040
BANKNIFTY-II.NFO,09/01/2025,09:29:23,50278.05,50275.9,30,50289.15,120,0,506040
BANKNIFTY-II.NFO,09/01/2025,09:29:25,50287,50268.1,60,50283.65,60,30,506040
BANKNIFTY-II.NFO,09/01/2025,09:29:27,50287,50270.9,30,50282.85,60,0,506040
BANKNIFTY-II.NFO,09/01/2025,09:29:28,50287,50269.4,30,50280.4,120,0,506040
BANKNIFTY-II.NFO,09/01/2025,09:29:30,50287,50265.25,30,50277.4,60,0,506040
BANKNIFTY-II.NFO,09/01/2025,09:29:32,50287,50263.7,30,50277.8,60,0,506040
BANKNIFTY-II.NFO,09/01/2025,09:29:33,50287,50268.05,30,50279.65,120,0,506040
BANKNIFTY-II.NFO,09/01/2025,09:29:35,50287,50263.2,30,50275,90,0,506040
BANKNIFTY-II.NFO,09/01/2025,09:29:37,50287,50263.1,30,50271.9,120,0,506040
BANKNIFTY-II.NFO,09/01/2025,09:29:38,50287,50261.3,30,50270.9,120,0,506040
BANKNIFTY-II.NFO,09/01/2025,09:29:40,50256.8,50249.05,30,50259.65,120,30,506040
BANKNIFTY-II.NFO,09/01/2025,09:29:42,50256.8,50250.05,30,50260,90,0,506040
BANKNIFTY-II.NFO,09/01/2025,09:29:43,50256.8,50250.75,30,50260,90,0,506040
BANKNIFTY-II.NFO,09/01/2025,09:29:45,50260,50259.75,30,50272.6,120,90,506040
BANKNIFTY-II.NFO,09/01/2025,09:29:47,50260,50260,30,50274.2,120,0,506040
BANKNIFTY-II.NFO,09/01/2025,09:29:48,50260,50262.05,30,50272.5,60,0,506040
BANKNIFTY-II.NFO,09/01/2025,09:29:50,50273.35,50262.05,30,50273.25,30,30,506040
BANKNIFTY-II.NFO,09/01/2025,09:29:52,50273.35,50260,30,50271.2,30,0,506040
BANKNIFTY-II.NFO,09/01/2025,09:29:53,50260,50259.75,30,50260,30,30,506040
BANKNIFTY-II.NFO,09/01/2025,09:29:55,50270.95,50259.75,30,50264.75,120,210,506040
BANKNIFTY-II.NFO,09/01/2025,09:29:57,50270.95,50259.75,30,50265.6,120,0,506040
BANKNIFTY-II.NFO,09/01/2025,09:29:58,50270.95,50259.75,30,50270,120,0,506040
BANKNIFTY-II.NFO,09/01/2025,09:30:00,50270.95,50264,660,50270.3,120,0,506040
BANKNIFTY-II.NFO,09/01/2025,09:30:02,50264,50264,630,50273.35,120,30,506040
BANKNIFTY-II.NFO,09/01/2025,09:30:03,50264,50264,630,50275.35,120,0,506040
BANKNIFTY-II.NFO,09/01/2025,09:30:05,50264,50264,570,50275.8,90,90,506040
BANKNIFTY-II.NFO,09/01/2025,09:30:07,50264,50265.6,60,50278.25,90,30,506040
BANKNIFTY-II.NFO,09/01/2025,09:30:08,50264,50264,540,50270,30,0,506040
BANKNIFTY-II.NFO,09/01/2025,09:30:10,50270,50268.4,120,50284.85,90,30,506040
BANKNIFTY-II.NFO,09/01/2025,09:30:12,50270,50279.05,120,50285,90,0,506040
BANKNIFTY-II.NFO,09/01/2025,09:30:13,50287.4,50287.35,60,50292,30,210,506040
BANKNIFTY-II.NFO,09/01/2025,09:30:15,50286.1,50286.4,60,50292,30,30,506040
BANKNIFTY-II.NFO,09/01/2025,09:30:17,50292,50292.8,60,50300,60,30,506040
BANKNIFTY-II.NFO,09/01/2025,09:30:18,50292,50297.75,60,50300,60,0,506040
BANKNIFTY-II.NFO,09/01/2025,09:30:20,50300,50293.25,30,50300,30,30,506040
BANKNIFTY-II.NFO,09/01/2025,09:30:22,50300,50295.1,60,50300,30,0,506040
BANKNIFTY-II.NFO,09/01/2025,09:30:23,50300,50298.35,60,50300,30,0,506040
BANKNIFTY-II.NFO,09/01/2025,09:30:25,50300,50304.1,30,50314.9,60,30,506040
BANKNIFTY-II.NFO,09/01/2025,09:30:27,50300,50302.35,30,50312.25,60,0,506040
BANKNIFTY-II.NFO,09/01/2025,09:30:28,50300.5,50300,540,50311.1,120,30,506040
BANKNIFTY-II.NFO,09/01/2025,09:30:30,50300.5,50300,540,50311.7,120,0,506040
BANKNIFTY-II.NFO,09/01/2025,09:30:32,50300.5,50300,540,50309.75,180,0,506040
BANKNIFTY-II.NFO,09/01/2025,09:30:33,50300.5,50301.25,30,50307.9,120,0,506040
BANKNIFTY-II.NFO,09/01/2025,09:30:35,50300.5,50304.25,30,50314.7,120,0,506040
BANKNIFTY-II.NFO,09/01/2025,09:30:37,50300.5,50307.05,30,50314.65,120,0,506040
BANKNIFTY-II.NFO,09/01/2025,09:30:38,50300.5,50308.7,30,50315.35,120,0,506040
BANKNIFTY-II.NFO,09/01/2025,09:30:40,50300.5,50306.35,30,50313.55,120,0,506040
BANKNIFTY-II.NFO,09/01/2025,09:30:42,50300.5,50301.65,30,50311.3,120,0,506040
BANKNIFTY-II.NFO,09/01/2025,09:30:43,50300.5,50300.8,30,50312.1,60,0,506040
BANKNIFTY-II.NFO,09/01/2025,09:30:45,50300.5,50302.25,30,50313.9,120,0,506040
BANKNIFTY-II.NFO,09/01/2025,09:30:47,50300.5,50302.3,30,50313.2,120,0,506040
BANKNIFTY-II.NFO,09/01/2025,09:30:48,50300.5,50302.8,30,50310.5,120,0,506040
BANKNIFTY-II.NFO,09/01/2025,09:30:50,50300.5,50300.05,30,50310.75,120,0,506040
BANKNIFTY-II.NFO,09/01/2025,09:30:52,50300.5,50301.75,60,50315.25,30,0,506040
BANKNIFTY-II.NFO,09/01/2025,09:30:53,50300.5,50303.25,30,50314.65,120,0,506040
BANKNIFTY-II.NFO,09/01/2025,09:30:55,50300.5,50303.05,30,50315.15,60,0,506040
BANKNIFTY-II.NFO,09/01/2025,09:30:57,50300.5,50304.5,30,50315.05,60,0,506040
BANKNIFTY-II.NFO,09/01/2025,09:30:58,50300.5,50305.55,30,50316.2,60,0,506040
BANKNIFTY-II.NFO,09/01/2025,09:31:00,50300.5,50303.4,30,50311.6,120,0,506040
BANKNIFTY-II.NFO,09/01/2025,09:31:02,50300.5,50303.6,60,50319.05,120,0,506040
BANKNIFTY-II.NFO,09/01/2025,09:31:03,50300.5,50307.1,60,50321.6,60,0,506040
BANKNIFTY-II.NFO,09/01/2025,09:31:05,50300.5,50307.45,30,50319.55,120,0,506040
BANKNIFTY-II.NFO,09/01/2025,09:31:07,50300.5,50302.45,30,50314.95,60,0,506040
BANKNIFTY-II.NFO,09/01/2025,09:31:08,50300.5,50307.05,30,50317.6,120,0,506040
BANKNIFTY-II.NFO,09/01/2025,09:31:10,50300.5,50303.7,30,50316,120,0,506040
BANKNIFTY-II.NFO,09/01/2025,09:31:12,50300,50300,480,50309.7,120,60,506040
BANKNIFTY-II.NFO,09/01/2025,09:31:13,50300,50300,480,50303.9,300,0,506220
BANKNIFTY-II.NFO,09/01/2025,09:31:15,50306.35,50300,480,50303.8,240,30,506220
BANKNIFTY-II.NFO,09/01/2025,09:31:17,50296,50291,30,50300.45,120,510,506220
BANKNIFTY-II.NFO,09/01/2025,09:31:18,50296,50285.9,30,50295.05,60,0,506220
BANKNIFTY-II.NFO,09/01/2025,09:31:20,50296,50286.1,60,50298.5,60,0,506220
BANKNIFTY-II.NFO,09/01/2025,09:31:22,50296,50287.8,60,50300,30,0,506220
BANKNIFTY-II.NFO,09/01/2025,09:31:23,50296,50289.5,60,50299.95,30,0,506220
BANKNIFTY-II.NFO,09/01/2025,09:31:25,50292.1,50293.25,30,50300,30,30,506220
BANKNIFTY-II.NFO,09/01/2025,09:31:27,50300,50307.1,30,50319.7,60,30,506220
BANKNIFTY-II.NFO,09/01/2025,09:31:28,50307.1,50304.05,30,50316.55,60,30,506220
BANKNIFTY-II.NFO,09/01/2025,09:31:30,50307.1,50301.8,30,50314.3,60,0,506220
BANKNIFTY-II.NFO,09/01/2025,09:31:32,50307.1,50302.1,30,50312.95,60,0,506220
BANKNIFTY-II.NFO,09/01/2025,09:31:33,50307.1,50301.05,30,50312.85,60,0,506220
BANKNIFTY-II.NFO,09/01/2025,09:31:35,50307.1,50290.45,30,50303.6,60,0,506220
BANKNIFTY-II.NFO,09/01/2025,09:31:36,50307.1,50283.05,30,50299.4,60,0,506220
BANKNIFTY-II.NFO,09/01/2025,09:31:38,50307.1,50283.05,30,50296.7,60,0,506220
BANKNIFTY-II.NFO,09/01/2025,09:31:40,50307.1,50286.05,30,50300.1,60,0,506220
BANKNIFTY-II.NFO,09/01/2025,09:31:41,50307.1,50292.05,30,50304.85,60,0,506220
BANKNIFTY-II.NFO,09/01/2025,09:31:43,50307.1,50289.05,30,50299.85,60,0,506220
BANKNIFTY-II.NFO,09/01/2025,09:31:45,50299.3,50292.05,30,50305.45,60,30,506220
BANKNIFTY-II.NFO,09/01/2025,09:31:46,50299.3,50298.05,30,50307,30,0,506220
BANKNIFTY-II.NFO,09/01/2025,09:31:48,50299.3,50295.4,60,50307,30,0,506220
BANKNIFTY-II.NFO,09/01/2025,09:31:50,50299.3,50300.4,60,50307,30,0,506220
BANKNIFTY-II.NFO,09/01/2025,09:31:51,50307.1,50304.05,30,50314,30,60,506220
BANKNIFTY-II.NFO,09/01/2025,09:31:53,50304.05,50299,30,50307.1,60,30,506220
BANKNIFTY-II.NFO,09/01/2025,09:31:55,50304.05,50301.05,30,50307.1,60,0,506220
BANKNIFTY-II.NFO,09/01/2025,09:31:56,50304.05,50301.8,30,50307.1,60,0,506220
BANKNIFTY-II.NFO,09/01/2025,09:31:58,50307.1,50306,30,50311,150,60,506220
BANKNIFTY-II.NFO,09/01/2025,09:32:00,50307.1,50307.15,30,50311,150,0,506220
BANKNIFTY-II.NFO,09/01/2025,09:32:01,50311,50308,30,50311,60,90,506220
BANKNIFTY-II.NFO,09/01/2025,09:32:03,50311,50309,30,50311,60,0,506220
BANKNIFTY-II.NFO,09/01/2025,09:32:05,50309.2,50306.9,30,50311,60,30,506220
BANKNIFTY-II.NFO,09/01/2025,09:32:07,50307,50305.1,60,50311,60,30,506220
BANKNIFTY-II.NFO,09/01/2025,09:32:08,50311,50306.3,30,50311,30,30,506220
BANKNIFTY-II.NFO,09/01/2025,09:32:10,50311,50306.5,30,50314,30,30,506220
BANKNIFTY-II.NFO,09/01/2025,09:32:12,50306.75,50300.55,30,50311.1,120,30,506220
BANKNIFTY-II.NFO,09/01/2025,09:32:13,50306.75,50301.45,30,50311.25,120,0,506220
BANKNIFTY-II.NFO,09/01/2025,09:32:15,50306.75,50307.45,30,50314,30,0,506220
BANKNIFTY-II.NFO,09/01/2025,09:32:17,50314,50310.05,30,50320.35,120,30,506220
BANKNIFTY-II.NFO,09/01/2025,09:32:18,50314,50308.75,30,50317.75,120,0,506220
BANKNIFTY-II.NFO,09/01/2025,09:32:20,50317.8,50307.1,30,50315.05,120,30,506220
BANKNIFTY-II.NFO,09/01/2025,09:32:22,50317.8,50307.1,30,50317.3,120,0,506220
BANKNIFTY-II.NFO,09/01/2025,09:32:23,50307.1,50301.1,30,50311.6,120,30,506220
BANKNIFTY-II.NFO,09/01/2025,09:32:25,50307.1,50300,30,50309.9,180,0,506220
BANKNIFTY-II.NFO,09/01/2025,09:32:27,50307.1,50300,30,50305.75,120,0,506220
BANKNIFTY-II.NFO,09/01/2025,09:32:28,50307.1,50300,30,50307.05,120,0,506220
BANKNIFTY-II.NFO,09/01/2025,09:32:30,50307.1,50300,30,50306.95,30,0,506220
BANKNIFTY-II.NFO,09/01/2025,09:32:32,50300,50285.6,30,50298.15,120,30,506220
BANKNIFTY-II.NFO,09/01/2025,09:32:33,50304.45,50288.55,30,50303.2,120,30,506220
BANKNIFTY-II.NFO,09/01/2025,09:32:35,50303.9,50289.3,120,50303.6,120,90,506220
BANKNIFTY-II.NFO,09/01/2025,09:32:37,50303.9,50288.85,30,50300.95,30,0,506220
BANKNIFTY-II.NFO,09/01/2025,09:32:38,50303.9,50284.35,30,50293.55,120,0,506220
BANKNIFTY-II.NFO,09/01/2025,09:32:40,50300.9,50284.35,30,50294.95,30,30,506220
BANKNIFTY-II.NFO,09/01/2025,09:32:42,50294.45,50282.2,120,50294.95,30,60,506220
BANKNIFTY-II.NFO,09/01/2025,09:32:43,50294.45,50283.05,30,50294.05,120,0,506220
BANKNIFTY-II.NFO,09/01/2025,09:32:45,50283,50282.55,30,50289.55,30,60,506220
BANKNIFTY-II.NFO,09/01/2025,09:32:47,50283,50282.55,30,50290,30,0,506220
BANKNIFTY-II.NFO,09/01/2025,09:32:48,50283,50272.2,120,50288.45,30,0,506220
BANKNIFTY-II.NFO,09/01/2025,09:32:50,50283,50274.7,30,50287.1,30,0,506220
BANKNIFTY-II.NFO,09/01/2025,09:32:51,50283,50273.85,30,50284.25,30,0,506220
BANKNIFTY-II.NFO,09/01/2025,09:32:53,50283,50273,30,50285.9,30,0,506220
BANKNIFTY-II.NFO,09/01/2025,09:32:55,50283,50272.8,30,50285.6,30,0,506220
BANKNIFTY-II.NFO,09/01/2025,09:32:56,50272.2,50265.25,120,50279.9,30,30,506220
BANKNIFTY-II.NFO,09/01/2025,09:32:58,50278.45,50265.35,30,50279.45,60,60,506220
BANKNIFTY-II.NFO,09/01/2025,09:33:00,50278.45,50262.05,30,50275.8,60,0,506220
BANKNIFTY-II.NFO,09/01/2025,09:33:01,50250.05,50244.95,120,50258.95,30,90,506220
BANKNIFTY-II.NFO,09/01/2025,09:33:03,50250.05,50248.2,120,50258.95,30,0,506220
BANKNIFTY-II.NFO,09/01/2025,09:33:05,50267.2,50252.15,120,50264.9,30,30,506220
BANKNIFTY-II.NFO,09/01/2025,09:33:06,50250.7,50245.2,120,50255.95,30,30,506220
BANKNIFTY-II.NFO,09/01/2025,09:33:08,50250.7,50256.95,120,50267.9,30,0,506220
BANKNIFTY-II.NFO,09/01/2025,09:33:10,50250.7,50254.9,120,50264.95,30,0,506220
BANKNIFTY-II.NFO,09/01/2025,09:33:11,50250.7,50251.4,120,50264.85,30,0,506220
BANKNIFTY-II.NFO,09/01/2025,09:33:13,50250.05,50247.85,120,50258.9,30,30,506220
BANKNIFTY-II.NFO,09/01/2025,09:33:15,50247.85,50247.55,120,50260.3,30,30,506220
BANKNIFTY-II.NFO,09/01/2025,09:33:16,50247.85,50247.6,120,50261.6,30,0,506220
BANKNIFTY-II.NFO,09/01/2025,09:33:18,50247.85,50247.75,120,50258.95,30,0,506220
BANKNIFTY-II.NFO,09/01/2025,09:33:20,50247.85,50241.05,120,50252.95,30,0,506220
BANKNIFTY-II.NFO,09/01/2025,09:33:21,50247.85,50235.2,30,50248.7,30,0,506220
BANKNIFTY-II.NFO,09/01/2025,09:33:23,50247.85,50241.05,30,50253.9,30,0,506220
BANKNIFTY-II.NFO,09/01/2025,09:33:25,50247.85,50241.2,60,50255.8,30,0,506220
BANKNIFTY-II.NFO,09/01/2025,09:33:26,50247.85,50236.9,60,50249.9,30,0,506220
BANKNIFTY-II.NFO,09/01/2025,09:33:28,50247.85,50236.2,60,50251.1,30,0,506220
BANKNIFTY-II.NFO,09/01/2025,09:33:30,50247.85,50235.05,60,50250.05,30,0,506220
BANKNIFTY-II.NFO,09/01/2025,09:33:31,50247.85,50240,30,50251.95,30,0,506220
BANKNIFTY-II.NFO,09/01/2025,09:33:33,50247.85,50241.1,60,50256.15,30,0,506220
BANKNIFTY-II.NFO,09/01/2025,09:33:35,50247.85,50244.05,30,50257.15,30,0,506220
BANKNIFTY-II.NFO,09/01/2025,09:33:36,50247.85,50255.85,30,50259.55,30,0,506220
BANKNIFTY-II.NFO,09/01/2025,09:33:38,50259.45,50255.85,30,50259.35,60,30,506220
BANKNIFTY-II.NFO,09/01/2025,09:33:40,50259.45,50255.85,30,50260.2,60,0,506220
BANKNIFTY-II.NFO,09/01/2025,09:33:41,50255.85,50247.85,30,50258.85,60,30,506220
BANKNIFTY-II.NFO,09/01/2025,09:33:43,50255.85,50250.3,60,50264.3,30,0,506220
BANKNIFTY-II.NFO,09/01/2025,09:33:45,50255.85,50247.85,30,50260.45,60,0,506220
BANKNIFTY-II.NFO,09/01/2025,09:33:46,50255.85,50249.7,120,50264.9,330,0,506220
BANKNIFTY-II.NFO,09/01/2025,09:33:48,50255.85,50247.85,30,50257.05,300,0,506220
BANKNIFTY-II.NFO,09/01/2025,09:33:50,50255.85,50247.85,30,50250.95,300,0,506220
BANKNIFTY-II.NFO,09/01/2025,09:33:51,50240,50227.65,30,50238.95,300,60,506310
BANKNIFTY-II.NFO,09/01/2025,09:33:53,50240,50230.15,60,50243.95,30,0,506310
BANKNIFTY-II.NFO,09/01/2025,09:33:55,50229.05,50229.2,120,50245.45,60,30,506310
BANKNIFTY-II.NFO,09/01/2025,09:33:56,50229.05,50232.2,120,50246.65,30,0,506310
BANKNIFTY-II.NFO,09/01/2025,09:33:58,50229.05,50231.4,60,50245.55,30,0,506310
BANKNIFTY-II.NFO,09/01/2025,09:34:00,50229.05,50231.6,120,50245.95,60,0,506310
BANKNIFTY-II.NFO,09/01/2025,09:34:01,50233.2,50233.8,120,50247.2,30,30,506310
BANKNIFTY-II.NFO,09/01/2025,09:34:03,50233.2,50232.95,120,50245.65,30,0,506310
BANKNIFTY-II.NFO,09/01/2025,09:34:05,50233.2,50250.15,120,50260.5,30,0,506310
BANKNIFTY-II.NFO,09/01/2025,09:34:06,50233.2,50247.2,120,50258.9,30,0,506310
BANKNIFTY-II.NFO,09/01/2025,09:34:08,50247.55,50247.65,120,50257.6,30,60,506310
BANKNIFTY-II.NFO,09/01/2025,09:34:10,50243.1,50240.5,120,50252.95,30,30,506310
BANKNIFTY-II.NFO,09/01/2025,09:34:11,50243.1,50243.1,30,50254.7,30,0,506310
BANKNIFTY-II.NFO,09/01/2025,09:34:13,50243.1,50243.1,30,50254.75,120,0,506310
BANKNIFTY-II.NFO,09/01/2025,09:34:15,50243.1,50245.5,120,50258.7,30,0,506310
BANKNIFTY-II.NFO,09/01/2025,09:34:16,50246.9,50248.3,90,50262.05,30,30,506310
BANKNIFTY-II.NFO,09/01/2025,09:34:18,50246.9,50249.85,90,50261.65,30,0,506310
BANKNIFTY-II.NFO,09/01/2025,09:34:20,50246.9,50258.45,90,50270.9,30,0,506310
BANKNIFTY-II.NFO,09/01/2025,09:34:21,50246.9,50249.4,90,50261.1,30,0,506310
BANKNIFTY-II.NFO,09/01/2025,09:34:23,50248.65,50243.1,30,50255.15,120,30,506310
BANKNIFTY-II.NFO,09/01/2025,09:34:25,50248.65,50243.1,30,50252.8,120,0,506310
BANKNIFTY-II.NFO,09/01/2025,09:34:26,50248.65,50243.1,30,50248.15,120,0,506310
BANKNIFTY-II.NFO,09/01/2025,09:34:28,50248.65,50243.1,30,50248.4,120,0,506310
BANKNIFTY-II.NFO,09/01/2025,09:34:31,50243.1,50234.85,30,50244.4,180,30,506310
BANKNIFTY-II.NFO,09/01/2025,09:34:33,50243.1,50234.85,30,50243.9,120,0,506310
BANKNIFTY-II.NFO,09/01/2025,09:34:35,50243.1,50234.85,30,50248.3,420,0,506310
BANKNIFTY-II.NFO,09/01/2025,09:34:36,50232.05,50234.85,30,50247.75,120,60,506310
BANKNIFTY-II.NFO,09/01/2025,09:34:38,50232.05,50234.85,30,50245.1,120,0,506310
BANKNIFTY-II.NFO,09/01/2025,09:34:40,50232.05,50234.85,30,50246.95,30,0,506310
BANKNIFTY-II.NFO,09/01/2025,09:34:41,50232.05,50236.9,90,50249.1,30,0,506310
BANKNIFTY-II.NFO,09/01/2025,09:34:43,50232.05,50237.2,90,50249.5,30,0,506310
BANKNIFTY-II.NFO,09/01/2025,09:34:45,50237.2,50235.65,30,50249.95,120,60,506310
BANKNIFTY-II.NFO,09/01/2025,09:34:46,50237.2,50235.55,30,50248.15,120,0,506310
BANKNIFTY-II.NFO,09/01/2025,09:34:48,50237.2,50234.9,30,50243.8,120,0,506310
BANKNIFTY-II.NFO,09/01/2025,09:34:50,50229.1,50234.45,30,50242.95,120,60,506310
BANKNIFTY-II.NFO,09/01/2025,09:34:51,50229.1,50235.15,30,50242.3,120,0,506310
BANKNIFTY-II.NFO,09/01/2025,09:34:53,50229.1,50235.15,30,50243.1,120,0,506310
BANKNIFTY-II.NFO,09/01/2025,09:34:55,50229.1,50234.45,30,50240.95,30,0,506310
BANKNIFTY-II.NFO,09/01/2025,09:34:56,50229.1,50235.15,30,50246.45,30,0,506310
BANKNIFTY-II.NFO,09/01/2025,09:34:58,50229.1,50235.15,30,50247.4,150,0,506310
BANKNIFTY-II.NFO,09/01/2025,09:35:00,50235.15,50235.3,30,50245.05,120,30,506310
BANKNIFTY-II.NFO,09/01/2025,09:35:01,50235.15,50235.3,30,50242.9,120,0,506310
BANKNIFTY-II.NFO,09/01/2025,09:35:03,50235.15,50235.3,30,50245,120,0,506310
BANKNIFTY-II.NFO,09/01/2025,09:35:05,50235.3,50235.3,30,50244.75,120,30,506310
BANKNIFTY-II.NFO,09/01/2025,09:35:06,50235.3,50235.3,30,50247.35,120,0,506310
BANKNIFTY-II.NFO,09/01/2025,09:35:08,50235.3,50235.3,30,50245.5,30,0,506310
BANKNIFTY-II.NFO,09/01/2025,09:35:10,50235.55,50242.85,60,50256.25,30,30,506310
BANKNIFTY-II.NFO,09/01/2025,09:35:11,50246.85,50249.45,60,50260,30,30,506310
BANKNIFTY-II.NFO,09/01/2025,09:35:13,50246.85,50244.7,60,50258.8,30,0,506310
BANKNIFTY-II.NFO,09/01/2025,09:35:15,50246.85,50242.15,60,50255.95,30,0,506310
BANKNIFTY-II.NFO,09/01/2025,09:35:16,50246.85,50240.9,60,50252.95,30,0,506310
BANKNIFTY-II.NFO,09/01/2025,09:35:18,50235.25,50233.6,30,50243.95,30,30,506310
BANKNIFTY-II.NFO,09/01/2025,09:35:20,50233.6,50233.7,30,50239.85,180,30,506310
BANKNIFTY-II.NFO,09/01/2025,09:35:21,50233.6,50233.7,30,50240.8,120,0,506310
BANKNIFTY-II.NFO,09/01/2025,09:35:23,50233.6,50223.65,60,50234.95,30,0,506310
BANKNIFTY-II.NFO,09/01/2025,09:35:25,50233.6,50221.55,60,50234.95,30,0,506310
BANKNIFTY-II.NFO,09/01/2025,09:35:26,50233.6,50223.4,60,50236.95,30,0,506310
BANKNIFTY-II.NFO,09/01/2025,09:35:28,50233.6,50225.85,120,50237.95,30,0,506310
BANKNIFTY-II.NFO,09/01/2025,09:35:30,50233.6,50222.8,60,50234.9,120,0,506310
BANKNIFTY-II.NFO,09/01/2025,09:35:31,50232.2,50219,60,50231.9,120,30,506310
BANKNIFTY-II.NFO,09/01/2025,09:35:33,50232.2,50223.25,90,50237.9,120,0,506310
BANKNIFTY-II.NFO,09/01/2025,09:35:35,50232.2,50223.15,60,50237.2,120,0,506310
BANKNIFTY-II.NFO,09/01/2025,09:35:36,50232.2,50226.35,60,50240.15,120,0,506310
BANKNIFTY-II.NFO,09/01/2025,09:35:38,50232.2,50222.3,60,50237.45,120,0,506310
BANKNIFTY-II.NFO,09/01/2025,09:35:40,50232.2,50225.15,30,50237.95,30,0,506310
BANKNIFTY-II.NFO,09/01/2025,09:35:41,50232.2,50229.3,30,50242.6,30,0,506310
BANKNIFTY-II.NFO,09/01/2025,09:35:43,50232.2,50234.05,30,50246.85,30,0,506310
BANKNIFTY-II.NFO,09/01/2025,09:35:45,50232.2,50235.9,30,50249.6,30,0,506310
BANKNIFTY-II.NFO,09/01/2025,09:35:46,50232.2,50247.55,30,50258.95,30,0,506310
BANKNIFTY-II.NFO,09/01/2025,09:35:48,50249.15,50246.9,120,50258.95,30,60,506310
BANKNIFTY-II.NFO,09/01/2025,09:35:50,50249.15,50247.75,60,50260,30,0,506310
BANKNIFTY-II.NFO,09/01/2025,09:35:51,50249.15,50245.95,60,50260,30,0,506310
BANKNIFTY-II.NFO,09/01/2025,09:35:53,50249.15,50247.55,60,50258.95,30,0,506310
BANKNIFTY-II.NFO,09/01/2025,09:35:55,50249.15,50246,60,50258.95,30,0,506310
BANKNIFTY-II.NFO,09/01/2025,09:35:56,50249.15,50248.7,60,50260,30,0,506310
BANKNIFTY-II.NFO,09/01/2025,09:35:58,50249.15,50246.65,120,50258.95,30,0,506310
BANKNIFTY-II.NFO,09/01/2025,09:36:00,50249.15,50248.6,60,50258.95,30,0,506310
BANKNIFTY-II.NFO,09/01/2025,09:36:01,50249.15,50251.3,30,50260,30,0,506310
BANKNIFTY-II.NFO,09/01/2025,09:36:03,50249.15,50250.55,30,50260,30,0,506310
BANKNIFTY-II.NFO,09/01/2025,09:36:05,50249.15,50250.6,60,50260,30,0,506310
BANKNIFTY-II.NFO,09/01/2025,09:36:06,50249.15,50242.4,30,50255.55,30,90,506310
BANKNIFTY-II.NFO,09/01/2025,09:36:08,50239.45,50242.05,30,50256.95,60,360,506310
BANKNIFTY-II.NFO,09/01/2025,09:36:10,50239.45,50243.1,60,50255.95,30,0,506310
BANKNIFTY-II.NFO,09/01/2025,09:36:11,50239.45,50244.4,60,50259.95,30,0,506310
BANKNIFTY-II.NFO,09/01/2025,09:36:13,50239.45,50232.25,30,50243.95,30,0,506310
BANKNIFTY-II.NFO,09/01/2025,09:36:15,50239.45,50230.1,30,50242.7,60,0,506310
BANKNIFTY-II.NFO,09/01/2025,09:36:16,50239.45,50239.45,30,50246.8,120,0,506310
BANKNIFTY-II.NFO,09/01/2025,09:36:18,50248.95,50239.5,60,50252.9,120,60,506310
BANKNIFTY-II.NFO,09/01/2025,09:36:20,50248.95,50245.9,60,50258.95,30,0,506310
BANKNIFTY-II.NFO,09/01/2025,09:36:21,50248.95,50246.25,60,50260,30,0,506310
BANKNIFTY-II.NFO,09/01/2025,09:36:23,50248.95,50246.5,60,50260,30,0,506310
BANKNIFTY-II.NFO,09/01/2025,09:36:25,50248.95,50247.9,60,50248.95,30,60,506310
BANKNIFTY-II.NFO,09/01/2025,09:36:27,50260,50257.75,60,50270.95,30,60,506310
BANKNIFTY-II.NFO,09/01/2025,09:36:28,50260,50253.1,60,50267.6,120,0,506310
BANKNIFTY-II.NFO,09/01/2025,09:36:30,50260,50253.4,60,50268.6,60,0,506310
BANKNIFTY-II.NFO,09/01/2025,09:36:32,50260,50258.5,60,50270.95,30,0,506310
BANKNIFTY-II.NFO,09/01/2025,09:36:33,50260,50256.9,60,50270.95,30,0,506310
BANKNIFTY-II.NFO,09/01/2025,09:36:35,50260,50260.45,120,50270.95,30,0,506310
BANKNIFTY-II.NFO,09/01/2025,09:36:37,50260,50258.9,60,50270.95,30,0,506310
BANKNIFTY-II.NFO,09/01/2025,09:36:38,50260,50261.2,60,50273.95,30,0,506310
BANKNIFTY-II.NFO,09/01/2025,09:36:40,50260,50265.5,60,50279.95,30,0,506310
BANKNIFTY-II.NFO,09/01/2025,09:36:42,50260,50262.05,60,50276.95,30,0,506310
BANKNIFTY-II.NFO,09/01/2025,09:36:43,50260,50263.1,60,50276.95,30,0,506310
BANKNIFTY-II.NFO,09/01/2025,09:36:45,50260,50264.35,60,50276.95,30,0,506310
BANKNIFTY-II.NFO,09/01/2025,09:36:47,50260,50263.9,60,50273.95,30,0,506310
BANKNIFTY-II.NFO,09/01/2025,09:36:48,50260,50270.7,60,50282.9,30,0,506310
BANKNIFTY-II.NFO,09/01/2025,09:36:50,50260,50271.9,60,50288.55,30,0,506310
BANKNIFTY-II.NFO,09/01/2025,09:36:52,50260,50271.9,60,50286.65,30,0,506310
BANKNIFTY-II.NFO,09/01/2025,09:36:53,50271.35,50270.15,30,50285.9,30,30,506760
BANKNIFTY-II.NFO,09/01/2025,09:36:55,50271.35,50277,90,50292.3,30,0,506760
BANKNIFTY-II.NFO,09/01/2025,09:36:57,50271.35,50277.1,30,50293.3,180,0,506760
BANKNIFTY-II.NFO,09/01/2025,09:36:58,50271.35,50279.2,30,50294.2,60,0,506760
BANKNIFTY-II.NFO,09/01/2025,09:37:00,50271.35,50286.1,30,50300,60,0,506760
BANKNIFTY-II.NFO,09/01/2025,09:37:01,50271.35,50283.05,30,50295.6,120,0,506760
BANKNIFTY-II.NFO,09/01/2025,09:37:03,50271.35,50280.1,30,50292.95,60,0,506760
BANKNIFTY-II.NFO,09/01/2025,09:37:05,50271.35,50283.05,30,50292.6,120,0,506760
BANKNIFTY-II.NFO,09/01/2025,09:37:06,50283.05,50277.1,30,50290.15,60,30,506760
BANKNIFTY-II.NFO,09/01/2025,09:37:08,50283.05,50280.05,30,50292.2,60,0,506760
BANKNIFTY-II.NFO,09/01/2025,09:37:10,50277,50273.45,30,50285.55,120,30,506760
BANKNIFTY-II.NFO,09/01/2025,09:37:11,50277,50273.45,30,50286.6,120,0,506760
BANKNIFTY-II.NFO,09/01/2025,09:37:13,50277,50274.35,30,50289.6,120,0,506760
BANKNIFTY-II.NFO,09/01/2025,09:37:15,50277,50280.3,30,50295.05,60,0,506760
BANKNIFTY-II.NFO,09/01/2025,09:37:16,50277,50293.2,30,50300,60,0,506760
BANKNIFTY-II.NFO,09/01/2025,09:37:18,50300,50289.8,30,50300,30,30,506760
BANKNIFTY-II.NFO,09/01/2025,09:37:20,50300,50289.85,30,50300,30,0,506760
BANKNIFTY-II.NFO,09/01/2025,09:37:21,50300,50292.05,30,50300,30,0,506760
BANKNIFTY-II.NFO,09/01/2025,09:37:23,50300,50292.4,30,50300,30,0,506760
BANKNIFTY-II.NFO,09/01/2025,09:37:25,50300,50290.05,30,50300,30,0,506760
BANKNIFTY-II.NFO,09/01/2025,09:37:26,50300,50292.05,30,50300,30,0,506760
BANKNIFTY-II.NFO,09/01/2025,09:37:28,50300,50286.05,30,50297.4,120,0,506760
BANKNIFTY-II.NFO,09/01/2025,09:37:30,50300,50280.55,30,50294.35,120,0,506760
BANKNIFTY-II.NFO,09/01/2025,09:37:31,50300,50280.1,30,50294.85,120,0,506760
BANKNIFTY-II.NFO,09/01/2025,09:37:33,50300,50289.05,30,50299.95,120,0,506760
BANKNIFTY-II.NFO,09/01/2025,09:37:35,50300,50284.5,30,50298.95,120,0,506760
BANKNIFTY-II.NFO,09/01/2025,09:37:36,50300,50287.75,30,50299.4,120,0,506760
BANKNIFTY-II.NFO,09/01/2025,09:37:38,50300,50280,60,50292.9,120,0,506760
BANKNIFTY-II.NFO,09/01/2025,09:37:40,50300,50280,60,50294.15,120,0,506760
BANKNIFTY-II.NFO,09/01/2025,09:37:41,50300,50280,60,50291.8,120,0,506760
BANKNIFTY-II.NFO,09/01/2025,09:37:43,50300,50280.05,60,50294.3,120,0,506760
BANKNIFTY-II.NFO,09/01/2025,09:37:45,50300,50290,30,50300,60,0,506760
BANKNIFTY-II.NFO,09/01/2025,09:37:48,50300,50290,30,50299.65,120,0,506760
BANKNIFTY-II.NFO,09/01/2025,09:37:50,50300,50290,30,50298.25,120,0,506760
BANKNIFTY-II.NFO,09/01/2025,09:37:51,50300,50290,30,50296.4,120,0,506760
BANKNIFTY-II.NFO,09/01/2025,09:37:53,50300,50290,30,50297.3,120,0,506760
BANKNIFTY-II.NFO,09/01/2025,09:37:55,50300,50290,30,50300,60,0,506760
BANKNIFTY-II.NFO,09/01/2025,09:37:56,50300,50290,30,50299.95,120,0,506760
BANKNIFTY-II.NFO,09/01/2025,09:37:58,50300,50290,30,50299.5,120,30,506760
BANKNIFTY-II.NFO,09/01/2025,09:38:00,50300,50290,30,50297.15,180,0,506760
BANKNIFTY-II.NFO,09/01/2025,09:38:01,50296.95,50280,30,50292.45,120,30,506760
BANKNIFTY-II.NFO,09/01/2025,09:38:03,50296.95,50280,30,50290.55,120,0,506760
BANKNIFTY-II.NFO,09/01/2025,09:38:05,50296.95,50280.05,30,50294.1,120,0,506760
BANKNIFTY-II.NFO,09/01/2025,09:38:06,50280,50272.4,30,50283,120,30,506760
BANKNIFTY-II.NFO,09/01/2025,09:38:08,50277.4,50270.1,30,50282.9,120,30,506760
BANKNIFTY-II.NFO,09/01/2025,09:38:10,50277.4,50270.1,30,50282.85,120,0,506760
BANKNIFTY-II.NFO,09/01/2025,09:38:11,50277.4,50273.7,60,50288.8,120,0,506760
BANKNIFTY-II.NFO,09/01/2025,09:38:13,50277.4,50270.6,90,50285.55,120,0,506760
BANKNIFTY-II.NFO,09/01/2025,09:38:15,50277.4,50270.1,30,50282.9,120,0,506760
BANKNIFTY-II.NFO,09/01/2025,09:38:16,50277.4,50270.1,30,50278.95,120,0,506760
BANKNIFTY-II.NFO,09/01/2025,09:38:18,50277.4,50270.1,30,50276.95,120,0,506760
BANKNIFTY-II.NFO,09/01/2025,09:38:20,50270.1,50258.45,90,50270.95,30,30,506760
BANKNIFTY-II.NFO,09/01/2025,09:38:21,50270.1,50256.6,30,50270.6,120,0,506760
BANKNIFTY-II.NFO,09/01/2025,09:38:23,50270.1,50259.15,90,50270.95,30,0,506760
BANKNIFTY-II.NFO,09/01/2025,09:38:25,50270.1,50252.35,30,50266.5,120,0,506760
BANKNIFTY-II.NFO,09/01/2025,09:38:26,50270.1,50253.25,30,50264.95,30,0,506760
BANKNIFTY-II.NFO,09/01/2025,09:38:28,50270.1,50252.75,30,50266.55,120,0,506760
BANKNIFTY-II.NFO,09/01/2025,09:38:30,50270.1,50244.55,90,50260.4,120,0,506760
BANKNIFTY-II.NFO,09/01/2025,09:38:31,50270.1,50241.35,60,50252.9,120,0,506760
BANKNIFTY-II.NFO,09/01/2025,09:38:33,50270.1,50244.15,30,50252.9,120,0,506760
BANKNIFTY-II.NFO,09/01/2025,09:38:35,50252.95,50244.15,30,50255.95,30,30,506760
BANKNIFTY-II.NFO,09/01/2025,09:38:36,50258.95,50245.65,30,50258.9,120,30,506760
BANKNIFTY-II.NFO,09/01/2025,09:38:38,50258.95,50245.85,90,50261.3,120,30,506760
BANKNIFTY-II.NFO,09/01/2025,09:38:40,50258.95,50249.4,90,50261.95,30,0,506760
BANKNIFTY-II.NFO,09/01/2025,09:38:41,50258.95,50254.7,90,50267.85,30,0,506760
BANKNIFTY-II.NFO,09/01/2025,09:38:43,50258.95,50247.35,90,50258.95,30,0,506760
BANKNIFTY-II.NFO,09/01/2025,09:38:45,50258.95,50252.6,90,50264.95,30,0,506760
BANKNIFTY-II.NFO,09/01/2025,09:38:46,50258.95,50252.15,90,50266.05,30,0,506760
BANKNIFTY-II.NFO,09/01/2025,09:38:48,50258.95,50259.35,90,50270.95,30,0,506760
BANKNIFTY-II.NFO,09/01/2025,09:38:50,50258.95,50255.8,90,50267.95,30,0,506760
BANKNIFTY-II.NFO,09/01/2025,09:38:51,50258.95,50255.85,90,50267.95,30,0,506760
BANKNIFTY-II.NFO,09/01/2025,09:38:53,50254.8,50245.95,30,50255.35,120,30,506760
BANKNIFTY-II.NFO,09/01/2025,09:38:55,50254.8,50246,90,50258.95,30,0,506760
BANKNIFTY-II.NFO,09/01/2025,09:38:56,50254.8,50245.95,30,50257.95,120,0,506760
BANKNIFTY-II.NFO,09/01/2025,09:38:58,50254.8,50236.9,30,50250.55,120,0,506760
BANKNIFTY-II.NFO,09/01/2025,09:39:00,50254.8,50239.35,90,50252.95,30,0,506760
BANKNIFTY-II.NFO,09/01/2025,09:39:01,50254.8,50239.15,30,50246.95,30,0,506760
BANKNIFTY-II.NFO,09/01/2025,09:39:05,50254.8,50239.15,30,50249.95,30,0,506760
BANKNIFTY-II.NFO,09/01/2025,09:39:06,50239.15,50237.8,30,50246.95,30,30,506760
BANKNIFTY-II.NFO,09/01/2025,09:39:08,50239.15,50243.65,30,50252.95,30,0,506760
BANKNIFTY-II.NFO,09/01/2025,09:39:10,50239.15,50249,30,50258.85,30,0,506760
BANKNIFTY-II.NFO,09/01/2025,09:39:11,50239.15,50248.45,30,50259.6,30,0,506760
BANKNIFTY-II.NFO,09/01/2025,09:39:13,50239.15,50254.8,120,50265.8,30,0,506760
BANKNIFTY-II.NFO,09/01/2025,09:39:15,50239.15,50254.85,90,50266.8,30,0,506760
BANKNIFTY-II.NFO,09/01/2025,09:39:16,50239.15,50262.25,60,50276.65,120,0,506760
BANKNIFTY-II.NFO,09/01/2025,09:39:18,50239.15,50259.35,90,50270.85,30,0,506760
BANKNIFTY-II.NFO,09/01/2025,09:39:20,50258.45,50258.35,30,50270.9,30,60,506760
BANKNIFTY-II.NFO,09/01/2025,09:39:21,50258.45,50260.05,90,50270.9,30,0,506760
BANKNIFTY-II.NFO,09/01/2025,09:39:23,50258.45,50259.75,90,50272.05,30,0,506760
BANKNIFTY-II.NFO,09/01/2025,09:39:25,50258.45,50254.8,120,50267.7,120,0,506760
BANKNIFTY-II.NFO,09/01/2025,09:39:26,50266,50254.8,120,50264.9,90,60,506760
BANKNIFTY-II.NFO,09/01/2025,09:39:28,50266,50254.8,120,50261.9,90,0,506760
BANKNIFTY-II.NFO,09/01/2025,09:39:30,50266,50254.8,120,50261.95,30,0,506760
BANKNIFTY-II.NFO,09/01/2025,09:39:31,50254.8,50254.8,90,50261.9,90,60,506760
BANKNIFTY-II.NFO,09/01/2025,09:39:33,50254.8,50254.8,60,50258.9,90,30,506760
BANKNIFTY-II.NFO,09/01/2025,09:39:35,50254.8,50254.8,60,50260.2,150,0,506760
BANKNIFTY-II.NFO,09/01/2025,09:39:38,50254.8,50254.8,60,50259.85,90,0,506760
BANKNIFTY-II.NFO,09/01/2025,09:39:39,50254.8,50254.8,30,50261.9,90,30,506760
BANKNIFTY-II.NFO,09/01/2025,09:39:41,50254.8,50246.85,120,50254.8,30,30,506760
BANKNIFTY-II.NFO,09/01/2025,09:39:43,50254.8,50244.05,120,50252.95,30,0,506760
BANKNIFTY-II.NFO,09/01/2025,09:39:44,50254.8,50244.45,120,50254.8,30,0,506760
BANKNIFTY-II.NFO,09/01/2025,09:39:46,50254.8,50252.3,120,50266.75,90,30,507120
BANKNIFTY-II.NFO,09/01/2025,09:39:48,50254.8,50250.55,120,50264.6,90,0,507120
BANKNIFTY-II.NFO,09/01/2025,09:39:49,50254.8,50251.15,120,50264.9,90,0,507120
BANKNIFTY-II.NFO,09/01/2025,09:39:51,50254.8,50248.15,120,50261.9,90,0,507120
BANKNIFTY-II.NFO,09/01/2025,09:39:52,50254.8,50249.6,120,50261.95,30,0,507120
BANKNIFTY-II.NFO,09/01/2025,09:39:54,50254.8,50249.95,120,50261.95,30,0,507120
BANKNIFTY-II.NFO,09/01/2025,09:39:56,50254.8,50242.9,120,50257.35,90,0,507120
BANKNIFTY-II.NFO,09/01/2025,09:39:57,50254.8,50243.2,120,50257.4,90,0,507120
BANKNIFTY-II.NFO,09/01/2025,09:39:59,50254.8,50244.15,120,50255.95,30,0,507120
BANKNIFTY-II.NFO,09/01/2025,09:40:01,50254.8,50241.05,30,50253.65,90,0,507120
BANKNIFTY-II.NFO,09/01/2025,09:40:02,50254.8,50241.1,120,50255.25,90,0,507120
BANKNIFTY-II.NFO,09/01/2025,09:40:04,50254.8,50243.4,120,50257.9,90,0,507120
BANKNIFTY-II.NFO,09/01/2025,09:40:06,50254.8,50259.45,120,50273.45,30,0,507120
BANKNIFTY-II.NFO,09/01/2025,09:40:07,50254.8,50260,120,50272.7,30,0,507120
BANKNIFTY-II.NFO,09/01/2025,09:40:09,50254.8,50260.3,120,50273.9,30,0,507120
BANKNIFTY-II.NFO,09/01/2025,09:40:11,50254.8,50261.5,120,50273.95,30,0,507120
BANKNIFTY-II.NFO,09/01/2025,09:40:12,50254.8,50262.65,120,50275,30,0,507120
BANKNIFTY-II.NFO,09/01/2025,09:40:14,50254.8,50262.65,120,50273.95,30,0,507120
BANKNIFTY-II.NFO,09/01/2025,09:40:16,50254.8,50255.3,120,50270.3,90,0,507120
BANKNIFTY-II.NFO,09/01/2025,09:40:17,50254.8,50252.9,120,50267.35,90,0,507120
BANKNIFTY-II.NFO,09/01/2025,09:40:19,50254.8,50250.95,30,50263.95,90,0,507120
BANKNIFTY-II.NFO,09/01/2025,09:40:21,50254.8,50249.45,30,50258.8,90,0,507120
BANKNIFTY-II.NFO,09/01/2025,09:40:22,50254.8,50249.45,30,50258.9,90,0,507120
BANKNIFTY-II.NFO,09/01/2025,09:40:24,50254.8,50245.65,120,50260.4,90,0,507120
BANKNIFTY-II.NFO,09/01/2025,09:40:26,50261.9,50246.95,60,50261.8,60,30,507120
BANKNIFTY-II.NFO,09/01/2025,09:40:27,50261.9,50253.6,120,50268.25,60,0,507120
BANKNIFTY-II.NFO,09/01/2025,09:40:29,50261.9,50259.95,120,50273.25,60,0,507120
BANKNIFTY-II.NFO,09/01/2025,09:40:30,50261.9,50260.3,120,50272.7,30,0,507120
BANKNIFTY-II.NFO,09/01/2025,09:40:32,50261.9,50259.3,60,50271.8,30,0,507120
BANKNIFTY-II.NFO,09/01/2025,09:40:34,50256.35,50255.6,60,50267.95,30,30,507120
BANKNIFTY-II.NFO,09/01/2025,09:40:35,50256.35,50257.45,60,50271.5,60,0,507120
BANKNIFTY-II.NFO,09/01/2025,09:40:37,50256.35,50255.45,120,50264.95,30,0,507120
BANKNIFTY-II.NFO,09/01/2025,09:40:39,50256.35,50247.2,120,50262.5,60,0,507120
BANKNIFTY-II.NFO,09/01/2025,09:40:40,50256.35,50240.85,120,50257.45,60,0,507120
BANKNIFTY-II.NFO,09/01/2025,09:40:42,50242.3,50240.8,30,50246.55,60,30,507120
BANKNIFTY-II.NFO,09/01/2025,09:40:44,50255.9,50241.05,120,50255.9,30,30,507120
BANKNIFTY-II.NFO,09/01/2025,09:40:45,50255.9,50248.2,120,50264.15,30,0,507120
BANKNIFTY-II.NFO,09/01/2025,09:40:47,50255.9,50253.25,120,50265,30,0,507120
BANKNIFTY-II.NFO,09/01/2025,09:40:49,50255.9,50255.8,120,50265,30,0,507120
BANKNIFTY-II.NFO,09/01/2025,09:40:51,50255.9,50257.85,120,50265,30,0,507120
BANKNIFTY-II.NFO,09/01/2025,09:40:52,50255.9,50256.5,120,50265,30,0,507120
BANKNIFTY-II.NFO,09/01/2025,09:40:54,50255.9,50262,120,50265,30,0,507120
BANKNIFTY-II.NFO,09/01/2025,09:40:56,50255.9,50262.7,120,50265,30,0,507120
BANKNIFTY-II.NFO,09/01/2025,09:40:59,50255.9,50264.15,30,50265,30,0,507120
BANKNIFTY-II.NFO,09/01/2025,09:41:01,50255.9,50263.6,120,50265,30,0,507120
BANKNIFTY-II.NFO,09/01/2025,09:41:02,50265,50274.05,30,50285.5,30,30,507120
BANKNIFTY-II.NFO,09/01/2025,09:41:04,50265,50274.05,30,50283.2,30,0,507120
BANKNIFTY-II.NFO,09/01/2025,09:41:06,50265,50277.05,30,50290.1,30,0,507120
BANKNIFTY-II.NFO,09/01/2025,09:41:07,50265,50271.05,30,50284.85,30,0,507120
BANKNIFTY-II.NFO,09/01/2025,09:41:09,50265,50271.55,120,50286.25,30,0,507120
BANKNIFTY-II.NFO,09/01/2025,09:41:11,50265,50274.05,30,50284.1,30,0,507120
BANKNIFTY-II.NFO,09/01/2025,09:41:12,50265,50267.9,30,50276.4,30,0,507120
BANKNIFTY-II.NFO,09/01/2025,09:41:14,50265,50265.1,120,50280.4,30,0,507120
BANKNIFTY-II.NFO,09/01/2025,09:41:16,50265,50258,30,50271.9,30,0,507120
BANKNIFTY-II.NFO,09/01/2025,09:41:17,50265,50259.45,30,50271.9,30,0,507120
BANKNIFTY-II.NFO,09/01/2025,09:41:19,50265,50265.05,60,50278.6,30,0,507120
BANKNIFTY-II.NFO,09/01/2025,09:41:21,50265,50265.9,30,50278,30,0,507120
BANKNIFTY-II.NFO,09/01/2025,09:41:22,50265,50265.05,30,50277.65,30,0,507120
BANKNIFTY-II.NFO,09/01/2025,09:41:24,50265,50271.05,30,50282.4,30,0,507120
BANKNIFTY-II.NFO,09/01/2025,09:41:26,50265,50271.05,30,50283.8,30,0,507120
BANKNIFTY-II.NFO,09/01/2025,09:41:27,50265,50271.05,30,50283.25,30,0,507120
BANKNIFTY-II.NFO,09/01/2025,09:41:29,50265,50274.05,30,50286.6,30,0,507120
BANKNIFTY-II.NFO,09/01/2025,09:41:31,50265,50277.05,30,50286.1,30,0,507120
BANKNIFTY-II.NFO,09/01/2025,09:41:32,50265,50274.05,30,50283.5,30,0,507120
BANKNIFTY-II.NFO,09/01/2025,09:41:34,50265,50274.05,30,50282.95,30,0,507120
BANKNIFTY-II.NFO,09/01/2025,09:41:35,50265,50271.05,30,50283.35,30,0,507120
BANKNIFTY-II.NFO,09/01/2025,09:41:37,50265,50268.05,30,50280.4,30,0,507120
BANKNIFTY-II.NFO,09/01/2025,09:41:39,50265,50274.1,120,50289.4,30,0,507120
BANKNIFTY-II.NFO,09/01/2025,09:41:40,50265,50277.05,30,50289.25,30,0,507120
BANKNIFTY-II.NFO,09/01/2025,09:41:42,50265,50274.05,30,50285.75,30,0,507120
BANKNIFTY-II.NFO,09/01/2025,09:41:44,50265,50274.35,120,50289.4,30,0,507120
BANKNIFTY-II.NFO,09/01/2025,09:41:45,50265,50277.05,30,50289.4,30,0,507120
BANKNIFTY-II.NFO,09/01/2025,09:41:47,50265,50277.1,120,50291,30,0,507120
BANKNIFTY-II.NFO,09/01/2025,09:41:49,50265,50271.05,30,50283.45,30,0,507120
BANKNIFTY-II.NFO,09/01/2025,09:41:50,50265,50268.05,30,50281.6,30,0,507120
BANKNIFTY-II.NFO,09/01/2025,09:41:52,50265,50268.05,30,50280,30,0,507120
BANKNIFTY-II.NFO,09/01/2025,09:41:54,50265,50268.05,30,50280.05,30,0,507120
BANKNIFTY-II.NFO,09/01/2025,09:41:55,50265,50268.05,30,50280.5,30,0,507120
BANKNIFTY-II.NFO,09/01/2025,09:41:57,50265,50268.05,30,50280.75,30,0,507120
BANKNIFTY-II.NFO,09/01/2025,09:41:59,50265,50268.05,30,50278.5,30,0,507120
BANKNIFTY-II.NFO,09/01/2025,09:42:00,50265,50259.9,30,50271.1,30,0,507120
BANKNIFTY-II.NFO,09/01/2025,09:42:02,50265,50263.3,120,50278.35,30,0,507120
BANKNIFTY-II.NFO,09/01/2025,09:42:04,50265,50265.05,30,50279.25,30,0,507120
BANKNIFTY-II.NFO,09/01/2025,09:42:05,50265,50275.35,60,50290,30,0,507120
BANKNIFTY-II.NFO,09/01/2025,09:42:07,50265,50274.05,30,50287.35,30,0,507120
BANKNIFTY-II.NFO,09/01/2025,09:42:09,50265,50274.05,30,50288.5,30,0,507120
BANKNIFTY-II.NFO,09/01/2025,09:42:10,50265,50271.05,30,50284.6,30,0,507120
BANKNIFTY-II.NFO,09/01/2025,09:42:12,50265,50270.6,120,50284.9,30,0,507120
BANKNIFTY-II.NFO,09/01/2025,09:42:14,50265,50268.95,120,50284.9,30,0,507120
BANKNIFTY-II.NFO,09/01/2025,09:42:15,50265,50265.45,60,50280.6,30,0,507120
BANKNIFTY-II.NFO,09/01/2025,09:42:17,50265,50265.35,120,50279.8,30,0,507120
BANKNIFTY-II.NFO,09/01/2025,09:42:19,50265,50265,30,50276.6,30,0,507120
BANKNIFTY-II.NFO,09/01/2025,09:42:20,50265,50259.3,120,50274.4,30,30,507120
BANKNIFTY-II.NFO,09/01/2025,09:42:22,50265,50265.05,30,50277.65,30,0,507120
BANKNIFTY-II.NFO,09/01/2025,09:42:24,50265,50262.05,30,50275.95,30,0,507120
BANKNIFTY-II.NFO,09/01/2025,09:42:25,50265,50256.05,30,50271.15,30,0,507120
BANKNIFTY-II.NFO,09/01/2025,09:42:27,50265,50256.5,30,50268.1,30,0,507120
BANKNIFTY-II.NFO,09/01/2025,09:42:29,50265,50258.65,30,50269.75,30,0,507120
BANKNIFTY-II.NFO,09/01/2025,09:42:30,50265,50262.05,30,50273.6,30,0,507120
BANKNIFTY-II.NFO,09/01/2025,09:42:32,50265,50268.05,30,50280.2,30,0,507120
BANKNIFTY-II.NFO,09/01/2025,09:42:34,50265,50268.05,30,50281.35,30,0,507120
BANKNIFTY-II.NFO,09/01/2025,09:42:35,50265,50265.1,120,50281.45,30,0,507120
BANKNIFTY-II.NFO,09/01/2025,09:42:37,50265,50268.2,120,50283.2,30,0,507120
BANKNIFTY-II.NFO,09/01/2025,09:42:39,50265,50271.4,120,50282.95,30,0,507120
BANKNIFTY-II.NFO,09/01/2025,09:42:40,50265,50271.05,30,50285.15,30,0,507120
BANKNIFTY-II.NFO,09/01/2025,09:42:42,50265,50263.55,120,50276.95,30,0,507120
BANKNIFTY-II.NFO,09/01/2025,09:42:44,50265,50263.4,120,50278.8,30,0,507120
BANKNIFTY-II.NFO,09/01/2025,09:42:45,50265,50266.75,120,50282.05,30,0,507120
BANKNIFTY-II.NFO,09/01/2025,09:42:47,50265,50265.85,30,50279.9,30,0,507120
BANKNIFTY-II.NFO,09/01/2025,09:42:49,50265,50267.15,120,50282.6,30,0,507120
BANKNIFTY-II.NFO,09/01/2025,09:42:50,50265,50262.1,120,50277.15,30,0,507120
BANKNIFTY-II.NFO,09/01/2025,09:42:52,50265,50262.05,30,50275.95,30,0,507120
BANKNIFTY-II.NFO,09/01/2025,09:42:53,50265,50263.35,120,50276.95,30,0,507120
BANKNIFTY-II.NFO,09/01/2025,09:42:55,50265,50266,120,50279.9,30,0,507120
BANKNIFTY-II.NFO,09/01/2025,09:42:57,50265,50265.05,30,50278.65,30,0,507120
BANKNIFTY-II.NFO,09/01/2025,09:42:58,50265,50268.05,30,50281.1,30,0,507120
BANKNIFTY-II.NFO,09/01/2025,09:43:00,50265,50268.1,120,50281.15,60,0,507120
BANKNIFTY-II.NFO,09/01/2025,09:43:02,50265,50274.05,30,50287.7,30,0,507120
BANKNIFTY-II.NFO,09/01/2025,09:43:04,50265,50271.05,30,50284.25,30,0,507120
BANKNIFTY-II.NFO,09/01/2025,09:43:05,50265,50271.05,30,50285.55,30,0,507120
BANKNIFTY-II.NFO,09/01/2025,09:43:07,50265,50272.05,30,50286.75,30,0,507120
BANKNIFTY-II.NFO,09/01/2025,09:43:09,50265,50259.05,30,50272.95,90,0,507120
BANKNIFTY-II.NFO,09/01/2025,09:43:10,50265,50259.65,30,50274.05,30,0,507120
BANKNIFTY-II.NFO,09/01/2025,09:43:12,50265,50255,30,50266.8,30,0,507120
BANKNIFTY-II.NFO,09/01/2025,09:43:14,50265,50255.75,120,50270.95,30,0,507120
BANKNIFTY-II.NFO,09/01/2025,09:43:15,50265,50255.35,120,50267.95,30,0,507120
BANKNIFTY-II.NFO,09/01/2025,09:43:17,50255.9,50264.75,90,50278.95,60,120,507210
BANKNIFTY-II.NFO,09/01/2025,09:43:19,50255.9,50268.55,90,50282.35,30,0,507210
BANKNIFTY-II.NFO,09/01/2025,09:43:20,50255.9,50268.2,90,50279.95,30,0,507210
BANKNIFTY-II.NFO,09/01/2025,09:43:22,50255.9,50266.85,30,50278.85,120,0,507210
BANKNIFTY-II.NFO,09/01/2025,09:43:24,50255.9,50264.3,30,50276.95,30,0,507210
BANKNIFTY-II.NFO,09/01/2025,09:43:25,50255.9,50264.95,90,50276.95,30,0,507210
BANKNIFTY-II.NFO,09/01/2025,09:43:27,50255.9,50267.45,90,50283.1,60,0,507210
BANKNIFTY-II.NFO,09/01/2025,09:43:29,50255.9,50269.2,90,50284.45,120,0,507210
BANKNIFTY-II.NFO,09/01/2025,09:43:30,50255.9,50268,90,50283.05,60,0,507210
BANKNIFTY-II.NFO,09/01/2025,09:43:32,50255.9,50268.05,90,50282.05,120,0,507210
BANKNIFTY-II.NFO,09/01/2025,09:43:34,50255.9,50262.1,90,50276.65,120,0,507210
BANKNIFTY-II.NFO,09/01/2025,09:43:35,50255.9,50264.35,90,50278.85,120,0,507210
BANKNIFTY-II.NFO,09/01/2025,09:43:37,50255.9,50261.5,90,50273.95,30,0,507210
BANKNIFTY-II.NFO,09/01/2025,09:43:39,50255.9,50263.45,90,50276.95,30,0,507210
BANKNIFTY-II.NFO,09/01/2025,09:43:40,50255.9,50263.95,90,50276.95,30,0,507210
BANKNIFTY-II.NFO,09/01/2025,09:43:42,50255.9,50265.7,90,50279.85,30,0,507210
BANKNIFTY-II.NFO,09/01/2025,09:43:44,50255.9,50266.2,90,50280.45,30,0,507210
BANKNIFTY-II.NFO,09/01/2025,09:43:45,50255.9,50267.05,30,50279.9,120,0,507210
BANKNIFTY-II.NFO,09/01/2025,09:43:47,50255.9,50266.05,30,50276.9,120,0,507210
BANKNIFTY-II.NFO,09/01/2025,09:43:49,50255.9,50262.7,30,50273.95,30,0,507210
BANKNIFTY-II.NFO,09/01/2025,09:43:50,50255.9,50263.85,30,50276.8,120,0,507210
BANKNIFTY-II.NFO,09/01/2025,09:43:52,50255.9,50267.15,90,50276.95,30,0,507210
BANKNIFTY-II.NFO,09/01/2025,09:43:54,50255.9,50264.65,30,50276.8,120,0,507210
BANKNIFTY-II.NFO,09/01/2025,09:43:55,50255.9,50264.65,30,50276.4,120,0,507210
BANKNIFTY-II.NFO,09/01/2025,09:43:57,50255.9,50264.65,30,50277.05,120,0,507210
BANKNIFTY-II.NFO,09/01/2025,09:43:59,50255.9,50262.15,30,50272.2,120,0,507210
BANKNIFTY-II.NFO,09/01/2025,09:44:00,50255.9,50263.25,30,50275.9,120,0,507210
BANKNIFTY-II.NFO,09/01/2025,09:44:02,50255.9,50263.65,30,50274.85,120,0,507210
BANKNIFTY-II.NFO,09/01/2025,09:44:04,50255.9,50267.8,30,50279,30,0,507210
BANKNIFTY-II.NFO,09/01/2025,09:44:05,50255.9,50268.1,90,50279,30,0,507210
BANKNIFTY-II.NFO,09/01/2025,09:44:07,50255.9,50269.3,30,50279,30,0,507210
BANKNIFTY-II.NFO,09/01/2025,09:44:09,50271.8,50271.35,30,50279,30,30,507210
BANKNIFTY-II.NFO,09/01/2025,09:44:10,50271.8,50272.4,30,50279,30,0,507210
BANKNIFTY-II.NFO,09/01/2025,09:44:12,50271.8,50272.4,30,50283.95,120,0,507210
BANKNIFTY-II.NFO,09/01/2025,09:44:14,50271.8,50274.05,30,50285,30,0,507210
BANKNIFTY-II.NFO,09/01/2025,09:44:15,50271.8,50271.8,30,50283.6,120,0,507210
BANKNIFTY-II.NFO,09/01/2025,09:44:17,50271.8,50271.8,30,50280.2,120,0,507210
BANKNIFTY-II.NFO,09/01/2025,09:44:19,50271.8,50271.8,30,50281.1,120,0,507210
BANKNIFTY-II.NFO,09/01/2025,09:44:20,50271.8,50271.85,90,50285,30,0,507210
BANKNIFTY-II.NFO,09/01/2025,09:44:22,50271.8,50272.4,90,50285,30,0,507210
BANKNIFTY-II.NFO,09/01/2025,09:44:24,50271.8,50274.35,90,50285,30,0,507210
BANKNIFTY-II.NFO,09/01/2025,09:44:25,50271.8,50275.05,90,50288.9,60,0,507210
BANKNIFTY-II.NFO,09/01/2025,09:44:27,50271.8,50274.35,90,50285.95,30,0,507210
BANKNIFTY-II.NFO,09/01/2025,09:44:29,50271.8,50276.6,90,50289.9,60,0,507210
BANKNIFTY-II.NFO,09/01/2025,09:44:30,50271.8,50277.7,90,50291,60,0,507210
BANKNIFTY-II.NFO,09/01/2025,09:44:32,50271.8,50275,30,50285.7,120,0,507210
BANKNIFTY-II.NFO,09/01/2025,09:44:33,50271.8,50271.85,90,50286.3,60,0,507210
BANKNIFTY-II.NFO,09/01/2025,09:44:35,50271.8,50276.1,30,50288.1,60,0,507210
BANKNIFTY-II.NFO,09/01/2025,09:44:37,50271.8,50276.1,30,50288.9,60,0,507210
BANKNIFTY-II.NFO,09/01/2025,09:44:38,50271.8,50277.55,90,50290.45,60,0,507210
BANKNIFTY-II.NFO,09/01/2025,09:44:40,50271.8,50272.35,30,50283.85,120,0,507210
BANKNIFTY-II.NFO,09/01/2025,09:44:42,50271.8,50274.25,30,50287.1,120,0,507210
BANKNIFTY-II.NFO,09/01/2025,09:44:43,50271.8,50278.45,30,50289.95,60,0,507210
BANKNIFTY-II.NFO,09/01/2025,09:44:45,50271.8,50279.65,30,50291.05,60,0,507210
BANKNIFTY-II.NFO,09/01/2025,09:44:47,50271.8,50287.2,30,50298.9,60,0,507210
BANKNIFTY-II.NFO,09/01/2025,09:44:48,50271.8,50289.2,30,50300,90,0,507210
BANKNIFTY-II.NFO,09/01/2025,09:44:50,50296.35,50284.9,90,50297.95,30,30,507210
BANKNIFTY-II.NFO,09/01/2025,09:44:52,50296.35,50285.25,30,50294.95,30,0,507210
BANKNIFTY-II.NFO,09/01/2025,09:44:53,50296.35,50288.6,30,50300,90,0,507210
BANKNIFTY-II.NFO,09/01/2025,09:44:55,50296.35,50288.6,30,50299.1,60,0,507210
BANKNIFTY-II.NFO,09/01/2025,09:44:56,50296.35,50289.6,30,50300,90,0,507210
BANKNIFTY-II.NFO,09/01/2025,09:44:58,50296.35,50289.05,90,50300,90,0,507210
BANKNIFTY-II.NFO,09/01/2025,09:45:00,50296.35,50287.45,30,50299.35,120,0,507210
BANKNIFTY-II.NFO,09/01/2025,09:45:01,50296.35,50287.5,90,50300,90,0,507210
BANKNIFTY-II.NFO,09/01/2025,09:45:03,50296.35,50291.15,30,50300,90,0,507210
BANKNIFTY-II.NFO,09/01/2025,09:45:05,50303,50308.6,90,50318.9,30,120,507210
BANKNIFTY-II.NFO,09/01/2025,09:45:06,50303,50302.65,30,50312.95,30,0,507210
BANKNIFTY-II.NFO,09/01/2025,09:45:08,50303,50303.85,90,50315.95,30,0,507210
BANKNIFTY-II.NFO,09/01/2025,09:45:10,50303,50305.55,30,50317.35,120,0,507210
BANKNIFTY-II.NFO,09/01/2025,09:45:11,50303,50305,30,50316.75,120,0,507210
BANKNIFTY-II.NFO,09/01/2025,09:45:13,50303,50304.05,30,50315.45,60,0,507210
BANKNIFTY-II.NFO,09/01/2025,09:45:15,50303,50307.05,30,50319.75,60,0,507210
BANKNIFTY-II.NFO,09/01/2025,09:45:16,50303,50319.75,30,50320,120,0,507210
BANKNIFTY-II.NFO,09/01/2025,09:45:20,50307.95,50296.35,30,50310.3,120,60,507210
BANKNIFTY-II.NFO,09/01/2025,09:45:21,50307.95,50301.05,30,50310.15,120,0,507210
BANKNIFTY-II.NFO,09/01/2025,09:45:23,50307.95,50301.05,30,50314.2,120,0,507210
BANKNIFTY-II.NFO,09/01/2025,09:45:24,50307.95,50303.6,30,50313.35,120,0,507210
BANKNIFTY-II.NFO,09/01/2025,09:45:26,50307.95,50304.85,30,50315.65,120,0,507210
BANKNIFTY-II.NFO,09/01/2025,09:45:28,50307.95,50304.85,30,50315.85,120,0,507210
BANKNIFTY-II.NFO,09/01/2025,09:45:29,50307.95,50307.95,30,50317.9,120,0,507210
BANKNIFTY-II.NFO,09/01/2025,09:45:31,50307.95,50307.95,30,50312.9,120,0,507210
BANKNIFTY-II.NFO,09/01/2025,09:45:33,50302.75,50294.75,30,50307.2,120,60,507210
BANKNIFTY-II.NFO,09/01/2025,09:45:34,50302.75,50296,30,50308.85,120,0,507210
BANKNIFTY-II.NFO,09/01/2025,09:45:36,50302.75,50297,30,50309.15,120,0,507210
BANKNIFTY-II.NFO,09/01/2025,09:45:38,50302.75,50298.9,30,50313.4,120,0,507210
BANKNIFTY-II.NFO,09/01/2025,09:45:39,50302.75,50300.4,30,50312.9,120,0,507210
BANKNIFTY-II.NFO,09/01/2025,09:45:41,50302.75,50297.8,90,50306.95,30,0,507210
BANKNIFTY-II.NFO,09/01/2025,09:45:43,50302.75,50302.55,150,50307,30,0,507210
BANKNIFTY-II.NFO,09/01/2025,09:45:44,50302.75,50302.1,30,50307,30,0,507210
BANKNIFTY-II.NFO,09/01/2025,09:45:46,50302.75,50302.15,90,50307,30,0,507210
BANKNIFTY-II.NFO,09/01/2025,09:45:48,50302.75,50304.55,90,50307,30,300,507420
BANKNIFTY-II.NFO,09/01/2025,09:45:49,50302.75,50303.7,30,50307,30,0,507420
BANKNIFTY-II.NFO,09/01/2025,09:45:51,50302.75,50303.15,30,50307,30,0,507420
BANKNIFTY-II.NFO,09/01/2025,09:45:54,50302.75,50301.7,30,50307,30,0,507420
BANKNIFTY-II.NFO,09/01/2025,09:45:56,50302.75,50297.7,30,50307,30,0,507420
BANKNIFTY-II.NFO,09/01/2025,09:45:58,50302.75,50300.6,30,50307,30,0,507420
BANKNIFTY-II.NFO,09/01/2025,09:45:59,50302.75,50304,90,50307,30,0,507420
BANKNIFTY-II.NFO,09/01/2025,09:46:01,50307,50307.5,150,50315.25,30,30,507420
BANKNIFTY-II.NFO,09/01/2025,09:46:03,50307,50312.75,90,50315.25,30,0,507420
BANKNIFTY-II.NFO,09/01/2025,09:46:04,50323,50323.25,90,50328.35,30,210,507420
BANKNIFTY-II.NFO,09/01/2025,09:46:06,50328.35,50325.65,90,50330,30,30,507420
BANKNIFTY-II.NFO,09/01/2025,09:46:08,50328.35,50325,90,50330,30,0,507420
BANKNIFTY-II.NFO,09/01/2025,09:46:09,50328.35,50324.9,90,50330,30,0,507420
BANKNIFTY-II.NFO,09/01/2025,09:46:11,50328.35,50326.2,90,50330,30,0,507420
BANKNIFTY-II.NFO,09/01/2025,09:46:13,50328.35,50323.7,30,50330,30,0,507420
BANKNIFTY-II.NFO,09/01/2025,09:46:14,50328.35,50323.75,90,50330,30,0,507420
BANKNIFTY-II.NFO,09/01/2025,09:46:16,50328.35,50320,900,50330,60,0,507420
BANKNIFTY-II.NFO,09/01/2025,09:46:18,50328.35,50320.05,90,50330,60,0,507420
BANKNIFTY-II.NFO,09/01/2025,09:46:19,50328.35,50320,900,50330,60,0,507420
BANKNIFTY-II.NFO,09/01/2025,09:46:21,50328.35,50320.05,90,50330,60,0,507420
BANKNIFTY-II.NFO,09/01/2025,09:46:23,50328.35,50320,900,50330,60,0,507420
BANKNIFTY-II.NFO,09/01/2025,09:46:24,50328.35,50320.45,90,50330,60,0,507420
BANKNIFTY-II.NFO,09/01/2025,09:46:26,50328.35,50320.1,90,50330,60,0,507420
BANKNIFTY-II.NFO,09/01/2025,09:46:28,50328.35,50321.35,90,50330,60,0,507420
BANKNIFTY-II.NFO,09/01/2025,09:46:29,50328.35,50320.3,90,50330,60,0,507420
BANKNIFTY-II.NFO,09/01/2025,09:46:31,50328.35,50321.25,30,50330,60,0,507420
BANKNIFTY-II.NFO,09/01/2025,09:46:33,50328.35,50320,900,50330,60,0,507420
BANKNIFTY-II.NFO,09/01/2025,09:46:34,50328.35,50320.45,60,50330,60,0,507420
BANKNIFTY-II.NFO,09/01/2025,09:46:36,50328.35,50320.05,90,50330,60,0,507420
BANKNIFTY-II.NFO,09/01/2025,09:46:38,50328.35,50326.05,90,50330,60,0,507420
BANKNIFTY-II.NFO,09/01/2025,09:46:41,50328.35,50326,30,50330,60,0,507420
BANKNIFTY-II.NFO,09/01/2025,09:46:43,50328.35,50322.75,90,50330,60,0,507420
BANKNIFTY-II.NFO,09/01/2025,09:46:44,50320.1,50319.75,30,50330,60,30,507420
BANKNIFTY-II.NFO,09/01/2025,09:46:46,50330,50319.75,30,50330,30,30,507420
BANKNIFTY-II.NFO,09/01/2025,09:46:48,50330,50320.15,90,50330,30,0,507420
BANKNIFTY-II.NFO,09/01/2025,09:46:49,50330,50319.75,30,50329.7,120,0,507420
BANKNIFTY-II.NFO,09/01/2025,09:46:51,50330,50319.75,30,50328.05,120,0,507420
BANKNIFTY-II.NFO,09/01/2025,09:46:53,50319.75,50307.5,30,50319.05,120,30,507420
BANKNIFTY-II.NFO,09/01/2025,09:46:54,50319.75,50303.15,30,50311.95,60,0,507420
BANKNIFTY-II.NFO,09/01/2025,09:46:56,50319.75,50303.2,90,50314.05,60,0,507420
BANKNIFTY-II.NFO,09/01/2025,09:46:58,50319.75,50310.05,30,50320.75,120,0,507420
BANKNIFTY-II.NFO,09/01/2025,09:46:59,50319.75,50307.05,30,50319.4,120,0,507420
BANKNIFTY-II.NFO,09/01/2025,09:47:01,50319.75,50303.15,30,50311.25,120,0,507420
BANKNIFTY-II.NFO,09/01/2025,09:47:03,50319.75,50303.15,30,50312.85,120,0,507420
BANKNIFTY-II.NFO,09/01/2025,09:47:04,50319.75,50303.15,30,50313.4,60,0,507420
BANKNIFTY-II.NFO,09/01/2025,09:47:06,50319.75,50307.05,30,50317.1,180,0,507420
BANKNIFTY-II.NFO,09/01/2025,09:47:08,50319.75,50302.7,30,50313.1,60,0,507420
BANKNIFTY-II.NFO,09/01/2025,09:47:09,50319.75,50302.7,30,50309.75,120,0,507420
BANKNIFTY-II.NFO,09/01/2025,09:47:11,50319.75,50293.65,90,50306.5,60,0,507420
BANKNIFTY-II.NFO,09/01/2025,09:47:12,50319.75,50298.05,30,50309.35,120,0,507420
BANKNIFTY-II.NFO,09/01/2025,09:47:14,50319.75,50295.25,30,50308.25,120,0,507420
BANKNIFTY-II.NFO,09/01/2025,09:47:16,50319.75,50294.95,90,50309.3,120,0,507420
BANKNIFTY-II.NFO,09/01/2025,09:47:17,50319.75,50304.05,30,50313.9,120,0,507420
BANKNIFTY-II.NFO,09/01/2025,09:47:19,50319.75,50307.05,30,50318.75,120,0,507420
BANKNIFTY-II.NFO,09/01/2025,09:47:21,50319.75,50304.1,90,50318.1,120,0,507420
BANKNIFTY-II.NFO,09/01/2025,09:47:23,50319.75,50310.1,90,50320,30,0,507420
BANKNIFTY-II.NFO,09/01/2025,09:47:26,50319.75,50311.8,90,50320,30,0,507420
BANKNIFTY-II.NFO,09/01/2025,09:47:28,50319.75,50313.75,90,50320,30,0,507420
BANKNIFTY-II.NFO,09/01/2025,09:47:29,50319.75,50312.85,90,50320,30,0,507420
BANKNIFTY-II.NFO,09/01/2025,09:47:31,50313.1,50312.85,60,50320,30,30,507420
BANKNIFTY-II.NFO,09/01/2025,09:47:33,50313.1,50313.5,60,50320,30,0,507420
BANKNIFTY-II.NFO,09/01/2025,09:47:34,50313.1,50313.05,30,50320,30,0,507420
BANKNIFTY-II.NFO,09/01/2025,09:47:36,50313.1,50310.1,60,50320,30,0,507420
BANKNIFTY-II.NFO,09/01/2025,09:47:38,50313.1,50313,30,50320,30,0,507420
BANKNIFTY-II.NFO,09/01/2025,09:47:39,50313.1,50313,30,50317.3,60,0,507420
BANKNIFTY-II.NFO,09/01/2025,09:47:41,50313,50307.3,60,50320,30,30,507420
BANKNIFTY-II.NFO,09/01/2025,09:47:43,50313,50305.85,60,50318.35,60,0,507420
BANKNIFTY-II.NFO,09/01/2025,09:47:44,50306.75,50306.75,30,50320,30,30,507420
BANKNIFTY-II.NFO,09/01/2025,09:47:46,50306.75,50310.5,30,50320,30,0,507420
BANKNIFTY-II.NFO,09/01/2025,09:47:48,50306.75,50308.55,30,50320,30,0,507420
BANKNIFTY-II.NFO,09/01/2025,09:47:49,50306.75,50310.1,30,50320,30,0,507420
BANKNIFTY-II.NFO,09/01/2025,09:47:51,50306.75,50315.1,30,50320,30,0,507420
BANKNIFTY-II.NFO,09/01/2025,09:47:53,50306.75,50316,30,50320,30,0,507420
BANKNIFTY-II.NFO,09/01/2025,09:47:54,50320,50320,120,50328.95,120,30,507420
BANKNIFTY-II.NFO,09/01/2025,09:47:56,50320,50320,120,50329,30,0,507420
BANKNIFTY-II.NFO,09/01/2025,09:47:57,50320,50320,120,50326.8,120,0,507420
BANKNIFTY-II.NFO,09/01/2025,09:47:59,50320,50320,120,50326.05,120,0,507420
BANKNIFTY-II.NFO,09/01/2025,09:48:01,50320,50320,120,50329,30,0,507420
BANKNIFTY-II.NFO,09/01/2025,09:48:02,50320,50320,90,50327.1,120,60,507420
BANKNIFTY-II.NFO,09/01/2025,09:48:04,50320,50320,30,50330,60,60,507420
BANKNIFTY-II.NFO,09/01/2025,09:48:06,50320,50320,30,50328.5,120,0,507420
BANKNIFTY-II.NFO,09/01/2025,09:48:09,50320,50313.15,30,50325.85,120,30,507420
BANKNIFTY-II.NFO,09/01/2025,09:48:10,50320,50315.9,30,50327.75,120,0,507420
BANKNIFTY-II.NFO,09/01/2025,09:48:12,50320,50316.6,30,50329.35,120,0,507420
BANKNIFTY-II.NFO,09/01/2025,09:48:14,50320,50316.6,30,50328.15,60,0,507420
BANKNIFTY-II.NFO,09/01/2025,09:48:15,50320,50321.7,30,50330,60,0,507420
BANKNIFTY-II.NFO,09/01/2025,09:48:17,50321.25,50320.7,30,50330,60,30,507420
BANKNIFTY-II.NFO,09/01/2025,09:48:19,50321.25,50319.1,30,50330,60,0,507420
BANKNIFTY-II.NFO,09/01/2025,09:48:20,50321.25,50322.05,30,50330,60,0,507420
BANKNIFTY-II.NFO,09/01/2025,09:48:22,50321.25,50322.4,30,50330,60,0,507420
BANKNIFTY-II.NFO,09/01/2025,09:48:24,50321.25,50325.5,30,50330,60,0,507420
BANKNIFTY-II.NFO,09/01/2025,09:48:25,50321.25,50322.35,30,50330,60,0,507420
BANKNIFTY-II.NFO,09/01/2025,09:48:27,50321.25,50317.4,30,50330,60,0,507420
BANKNIFTY-II.NFO,09/01/2025,09:48:28,50321.25,50322.1,30,50330,60,0,507420
BANKNIFTY-II.NFO,09/01/2025,09:48:30,50321.25,50325.1,30,50330,60,0,507420
BANKNIFTY-II.NFO,09/01/2025,09:48:32,50331,50334.05,30,50346,120,90,507420
BANKNIFTY-II.NFO,09/01/2025,09:48:33,50331,50331.65,30,50344.45,120,0,507420
BANKNIFTY-II.NFO,09/01/2025,09:48:35,50331,50333.9,30,50345.5,60,0,507420
BANKNIFTY-II.NFO,09/01/2025,09:48:37,50331,50329.8,30,50337,120,0,507420
BANKNIFTY-II.NFO,09/01/2025,09:48:38,50331,50329.8,30,50342.8,120,0,507420
BANKNIFTY-II.NFO,09/01/2025,09:48:40,50331,50329.8,60,50342.85,120,0,507420
BANKNIFTY-II.NFO,09/01/2025,09:48:42,50331,50338.65,30,50346.05,30,0,507420
BANKNIFTY-II.NFO,09/01/2025,09:48:43,50331,50339.05,30,50346.05,30,0,507420
BANKNIFTY-II.NFO,09/01/2025,09:48:45,50331,50335.85,30,50346.05,30,0,507420
BANKNIFTY-II.NFO,09/01/2025,09:48:47,50331,50336.05,30,50346.05,30,0,507420
BANKNIFTY-II.NFO,09/01/2025,09:48:48,50331,50337.65,30,50346.05,30,0,507420
BANKNIFTY-II.NFO,09/01/2025,09:48:50,50331,50337.6,30,50346.05,30,0,507420
BANKNIFTY-II.NFO,09/01/2025,09:48:52,50331,50338.8,30,50346.05,30,0,507420
BANKNIFTY-II.NFO,09/01/2025,09:48:53,50346.05,50342.45,30,50350,150,30,507840
BANKNIFTY-II.NFO,09/01/2025,09:48:55,50342.45,50342.75,30,50350,150,30,507840
BANKNIFTY-II.NFO,09/01/2025,09:48:57,50342.45,50343.5,30,50350,150,0,507840
BANKNIFTY-II.NFO,09/01/2025,09:48:58,50342.45,50341.5,30,50350,150,0,507840
BANKNIFTY-II.NFO,09/01/2025,09:49:00,50342.45,50339.15,30,50350,150,0,507840
BANKNIFTY-II.NFO,09/01/2025,09:49:01,50342.45,50340.05,30,50350,150,0,507840
BANKNIFTY-II.NFO,09/01/2025,09:49:03,50351,50343.6,60,50351,30,180,507840
BANKNIFTY-II.NFO,09/01/2025,09:49:05,50351,50340.05,30,50350,30,0,507840
BANKNIFTY-II.NFO,09/01/2025,09:49:06,50350,50340.9,30,50351,30,30,507840
BANKNIFTY-II.NFO,09/01/2025,09:49:08,50350,50340.7,30,50351,30,0,507840
BANKNIFTY-II.NFO,09/01/2025,09:49:10,50343.05,50341.3,30,50351,30,30,507840
BANKNIFTY-II.NFO,09/01/2025,09:49:11,50343.05,50337.05,30,50350,120,0,507840
BANKNIFTY-II.NFO,09/01/2025,09:49:13,50343.05,50327.85,30,50340.15,120,0,507840
BANKNIFTY-II.NFO,09/01/2025,09:49:15,50343.05,50331.25,30,50343.6,120,0,507840
BANKNIFTY-II.NFO,09/01/2025,09:49:16,50343.05,50332.7,30,50344.55,120,0,507840
BANKNIFTY-II.NFO,09/01/2025,09:49:18,50343.05,50334.35,30,50346.45,120,0,507840
BANKNIFTY-II.NFO,09/01/2025,09:49:20,50343.05,50335.65,30,50346.1,120,0,507840
BANKNIFTY-II.NFO,09/01/2025,09:49:21,50345.6,50335.25,30,50345.65,120,30,507840
BANKNIFTY-II.NFO,09/01/2025,09:49:23,50345.6,50334.5,30,50344.75,120,0,507840
BANKNIFTY-II.NFO,09/01/2025,09:49:25,50345.6,50335.2,30,50344.9,120,0,507840
BANKNIFTY-II.NFO,09/01/2025,09:49:26,50345.6,50325.4,30,50337.55,120,0,507840
BANKNIFTY-II.NFO,09/01/2025,09:49:28,50345.6,50321.1,30,50334.1,120,0,507840
BANKNIFTY-II.NFO,09/01/2025,09:49:30,50335.35,50324.95,30,50336.15,120,60,507840
BANKNIFTY-II.NFO,09/01/2025,09:49:31,50335.35,50326.75,30,50338.1,120,0,507840
BANKNIFTY-II.NFO,09/01/2025,09:49:33,50335.35,50327.2,30,50337.2,120,0,507840
BANKNIFTY-II.NFO,09/01/2025,09:49:35,50335.35,50325,30,50336.35,120,0,507840
BANKNIFTY-II.NFO,09/01/2025,09:49:36,50325.05,50342.65,30,50343.75,60,30,507840
BANKNIFTY-II.NFO,09/01/2025,09:49:38,50325.05,50342.65,30,50347.9,120,0,507840
BANKNIFTY-II.NFO,09/01/2025,09:49:40,50325.05,50342.65,30,50350.75,120,0,507840
BANKNIFTY-II.NFO,09/01/2025,09:49:41,50342.65,50337.25,30,50348.75,120,30,507840
BANKNIFTY-II.NFO,09/01/2025,09:49:43,50342.65,50333.35,30,50345.6,120,0,507840
BANKNIFTY-II.NFO,09/01/2025,09:49:45,50332.2,50330.95,30,50339.9,120,30,507840
BANKNIFTY-II.NFO,09/01/2025,09:49:47,50332.2,50331.65,30,50344.15,120,0,507840
BANKNIFTY-II.NFO,09/01/2025,09:49:48,50333.9,50333.95,30,50345.25,120,30,507840
BANKNIFTY-II.NFO,09/01/2025,09:49:50,50333.9,50333.25,30,50344.75,120,0,507840
BANKNIFTY-II.NFO,09/01/2025,09:49:52,50333.9,50333.5,30,50345.6,60,0,507840
BANKNIFTY-II.NFO,09/01/2025,09:49:53,50333.9,50333.55,60,50345.95,30,30,507840
BANKNIFTY-II.NFO,09/01/2025,09:49:55,50333.9,50347,30,50351,30,0,507840
BANKNIFTY-II.NFO,09/01/2025,09:49:58,50333.9,50347,30,50350.35,120,0,507840
BANKNIFTY-II.NFO,09/01/2025,09:50:00,50347,50337.15,60,50350.8,120,30,507840
BANKNIFTY-II.NFO,09/01/2025,09:50:02,50347,50338.2,60,50351,30,0,507840
BANKNIFTY-II.NFO,09/01/2025,09:50:03,50347,50336.35,60,50349.8,120,0,507840
BANKNIFTY-II.NFO,09/01/2025,09:50:05,50347,50332.4,30,50345.9,120,0,507840
BANKNIFTY-II.NFO,09/01/2025,09:50:07,50347,50335.65,60,50348.95,30,0,507840
BANKNIFTY-II.NFO,09/01/2025,09:50:08,50347,50337.35,60,50350.8,120,0,507840
BANKNIFTY-II.NFO,09/01/2025,09:50:10,50347,50345,60,50351,30,0,507840
BANKNIFTY-II.NFO,09/01/2025,09:50:12,50375.9,50363.5,60,50375.95,30,240,507840
BANKNIFTY-II.NFO,09/01/2025,09:50:12,50375.9,50363.5,60,50375.95,30,0,507840
BANKNIFTY-II.NFO,09/01/2025,09:50:13,50375.9,50361.9,60,50376.25,60,0,507840
BANKNIFTY-II.NFO,09/01/2025,09:50:15,50360.55,50359.55,30,50361.7,120,30,507840
BANKNIFTY-II.NFO,09/01/2025,09:50:17,50359.55,50340.25,30,50354.2,120,30,507840
BANKNIFTY-II.NFO,09/01/2025,09:50:18,50359.55,50346.05,30,50358.35,60,0,507840
BANKNIFTY-II.NFO,09/01/2025,09:50:20,50359.55,50349.05,30,50362.6,120,0,507840
BANKNIFTY-II.NFO,09/01/2025,09:50:22,50359.55,50352.05,30,50367.2,120,0,507840
BANKNIFTY-II.NFO,09/01/2025,09:50:23,50359.55,50350,30,50360.9,120,0,507840
BANKNIFTY-II.NFO,09/01/2025,09:50:25,50359.55,50350,30,50357.45,180,0,507840
BANKNIFTY-II.NFO,09/01/2025,09:50:27,50359.55,50350,30,50355.45,120,0,507840
BANKNIFTY-II.NFO,09/01/2025,09:50:28,50359.55,50350,30,50358.75,120,0,507840
BANKNIFTY-II.NFO,09/01/2025,09:50:30,50359.55,50350,30,50362.15,120,0,507840
BANKNIFTY-II.NFO,09/01/2025,09:50:32,50350,50341.6,60,50356.25,120,30,507840
BANKNIFTY-II.NFO,09/01/2025,09:50:33,50355.5,50343.1,90,50357.4,120,30,507840
BANKNIFTY-II.NFO,09/01/2025,09:50:35,50355.5,50341.1,60,50354.4,120,0,507840
BANKNIFTY-II.NFO,09/01/2025,09:50:37,50355.5,50331.9,90,50347.15,120,0,507840
BANKNIFTY-II.NFO,09/01/2025,09:50:38,50355.5,50333.8,90,50348.7,120,0,507840
BANKNIFTY-II.NFO,09/01/2025,09:50:40,50355.5,50337.05,30,50348.25,120,0,507840
BANKNIFTY-II.NFO,09/01/2025,09:50:41,50355.5,50337.1,90,50351.55,120,0,507840
BANKNIFTY-II.NFO,09/01/2025,09:50:43,50355.5,50337.1,90,50351.15,120,0,507840
BANKNIFTY-II.NFO,09/01/2025,09:50:45,50355.5,50341.4,30,50354.6,120,0,507840
BANKNIFTY-II.NFO,09/01/2025,09:50:46,50355.5,50346.05,30,50358.75,120,0,507840
BANKNIFTY-II.NFO,09/01/2025,09:50:48,50355.5,50352.1,30,50365.7,120,0,507840
BANKNIFTY-II.NFO,09/01/2025,09:50:50,50355.5,50355.05,30,50369.35,120,0,507840
BANKNIFTY-II.NFO,09/01/2025,09:50:51,50374.35,50358.05,30,50371.35,120,30,507840
BANKNIFTY-II.NFO,09/01/2025,09:50:53,50374.35,50358.05,30,50370.65,120,0,507840
BANKNIFTY-II.NFO,09/01/2025,09:50:55,50374.35,50353.05,60,50366.95,120,0,507840
BANKNIFTY-II.NFO,09/01/2025,09:50:56,50374.35,50349.3,30,50362.8,120,0,507840
BANKNIFTY-II.NFO,09/01/2025,09:50:58,50374.35,50352.05,30,50363.15,120,0,507840
BANKNIFTY-II.NFO,09/01/2025,09:50:59,50374.35,50347.2,30,50357.8,120,0,507840
BANKNIFTY-II.NFO,09/01/2025,09:51:01,50374.35,50346.7,60,50357.55,120,0,507840
BANKNIFTY-II.NFO,09/01/2025,09:51:03,50374.35,50337.65,30,50350.05,120,0,507840
BANKNIFTY-II.NFO,09/01/2025,09:51:04,50374.35,50330.95,30,50341.9,60,0,507840
BANKNIFTY-II.NFO,09/01/2025,09:51:06,50374.35,50330.95,30,50339.95,120,0,507840
