Ticker,Date,Time,LTP,BuyPrice,BuyQty,SellPrice,SellQty,LTQ,OpenInterest
BANKNIFTY-I.NFO,16/05/2025,09:15:00,55405.4,55400.4,120,55448,120,720,1815150
BANKNIFTY-I.NFO,16/05/2025,09:15:00,55405.4,55400.4,120,55448,120,0,1815150
BANKNIFTY-I.NFO,16/05/2025,09:15:00,55423.8,55400.4,120,55448,120,0,1815150
BANKNIFTY-I.NFO,16/05/2025,09:15:00,55252.6,55400.4,120,55448,120,0,1815150
BANKNIFTY-I.NFO,16/05/2025,09:15:01,55436,55430.6,180,55458,120,750,1815150
BANKNIFTY-I.NFO,16/05/2025,09:15:01,55448.6,55430.6,180,55458,120,0,1815150
BANKNIFTY-I.NFO,16/05/2025,09:15:02,55444.6,55423.2,120,55444.2,120,210,1815150
BANKNIFTY-I.NFO,16/05/2025,09:15:03,55421.6,55436.4,150,55449.8,120,750,1815150
BANKNIFTY-I.NFO,16/05/2025,09:15:03,55450.2,55436.4,150,55449.8,120,0,1815150
BANKNIFTY-I.NFO,16/05/2025,09:15:04,55451.8,55437,60,55464.2,150,300,1815150
BANKNIFTY-I.NFO,16/05/2025,09:15:04,55462.8,55437,60,55464.2,150,0,1815150
BANKNIFTY-I.NFO,16/05/2025,09:15:05,55464.4,55450.2,60,55466,30,390,1815150
BANKNIFTY-I.NFO,16/05/2025,09:15:05,55464.4,55450.2,60,55466,30,0,1815150
BANKNIFTY-I.NFO,16/05/2025,09:15:06,55478.6,55478.4,30,55490,240,1440,1815150
BANKNIFTY-I.NFO,16/05/2025,09:15:06,55490,55478.4,30,55490,240,0,1815150
BANKNIFTY-I.NFO,16/05/2025,09:15:07,55476.2,55458.4,150,55478.4,60,60,1815150
BANKNIFTY-I.NFO,16/05/2025,09:15:08,55470.4,55466.2,120,55475.2,30,360,1815150
BANKNIFTY-I.NFO,16/05/2025,09:15:09,55420,55420,60,55432.4,30,2520,1815150
BANKNIFTY-I.NFO,16/05/2025,09:15:10,55424.2,55424.2,30,55428.8,30,870,1815150
BANKNIFTY-I.NFO,16/05/2025,09:15:11,55435.6,55435.6,30,55451,120,960,1815150
BANKNIFTY-I.NFO,16/05/2025,09:15:12,55409,55413.8,30,55442.8,120,810,1815150
BANKNIFTY-I.NFO,16/05/2025,09:15:13,55435.6,55425.4,120,55449.2,120,540,1815150
BANKNIFTY-I.NFO,16/05/2025,09:15:14,55426.2,55421.6,120,55445,120,30,1815150
BANKNIFTY-I.NFO,16/05/2025,09:15:15,55462.4,55451,30,55462.4,120,300,1815150
BANKNIFTY-I.NFO,16/05/2025,09:15:16,55460.4,55441,60,55460.4,60,930,1815150
BANKNIFTY-I.NFO,16/05/2025,09:15:17,55443,55410.2,120,55430,150,720,1815150
BANKNIFTY-I.NFO,16/05/2025,09:15:19,55420.4,55420.8,120,55440.6,30,270,1815150
BANKNIFTY-I.NFO,16/05/2025,09:15:20,55432.6,55439,150,55450.4,30,60,1815150
BANKNIFTY-I.NFO,16/05/2025,09:15:21,55458.4,55458.4,180,55460.6,90,930,1815150
BANKNIFTY-I.NFO,16/05/2025,09:15:22,55464.4,55458.2,90,55464.4,30,240,1815150
BANKNIFTY-I.NFO,16/05/2025,09:15:23,55458.4,55460,120,55464.4,30,120,1815150
BANKNIFTY-I.NFO,16/05/2025,09:15:24,55469.8,55462.4,90,55469.8,30,750,1815150
BANKNIFTY-I.NFO,16/05/2025,09:15:26,55470.4,55454.8,120,55475.4,120,420,1815150
BANKNIFTY-I.NFO,16/05/2025,09:15:27,55449.2,55443,90,55445.2,90,120,1816350
BANKNIFTY-I.NFO,16/05/2025,09:15:28,55422.8,55419.6,120,55438.6,120,390,1816350
BANKNIFTY-I.NFO,16/05/2025,09:15:29,55428.8,55422.8,120,55440.8,120,180,1816350
BANKNIFTY-I.NFO,16/05/2025,09:15:31,55430.6,55430.6,60,55440.2,30,120,1816350
BANKNIFTY-I.NFO,16/05/2025,09:15:32,55432,55431,90,55439.8,30,210,1816350
BANKNIFTY-I.NFO,16/05/2025,09:15:33,55426,55426,30,55438.2,60,240,1816350
BANKNIFTY-I.NFO,16/05/2025,09:15:34,55440.6,55435,60,55441,60,390,1816350
BANKNIFTY-I.NFO,16/05/2025,09:15:36,55450.2,55450.6,30,55451.4,30,600,1816350
BANKNIFTY-I.NFO,16/05/2025,09:15:37,55435.2,55434.4,60,55445.4,30,180,1816350
BANKNIFTY-I.NFO,16/05/2025,09:15:38,55450,55441.4,60,55450.6,30,240,1816350
BANKNIFTY-I.NFO,16/05/2025,09:15:39,55438.2,55435,30,55446.2,30,270,1816350
BANKNIFTY-I.NFO,16/05/2025,09:15:41,55446.4,55440.2,30,55446.8,60,360,1816350
BANKNIFTY-I.NFO,16/05/2025,09:15:42,55440,55430,240,55436.8,30,120,1816350
BANKNIFTY-I.NFO,16/05/2025,09:15:43,55439.4,55439.4,60,55446.6,60,720,1816350
BANKNIFTY-I.NFO,16/05/2025,09:15:44,55439.6,55439.4,60,55440,30,30,1816350
BANKNIFTY-I.NFO,16/05/2025,09:15:45,55435,55430,240,55444.8,120,210,1816350
BANKNIFTY-I.NFO,16/05/2025,09:15:47,55445,55434,30,55446.6,60,420,1816350
BANKNIFTY-I.NFO,16/05/2025,09:15:48,55434,55430,240,55435,60,30,1816350
BANKNIFTY-I.NFO,16/05/2025,09:15:49,55430,55430.2,30,55434.8,30,150,1816350
BANKNIFTY-I.NFO,16/05/2025,09:15:50,55432.8,55427.2,30,55433.2,30,210,1816350
BANKNIFTY-I.NFO,16/05/2025,09:15:52,55431.8,55427,30,55433.2,30,390,1816350
BANKNIFTY-I.NFO,16/05/2025,09:15:53,55427,55420.2,30,55430.4,60,240,1816350
BANKNIFTY-I.NFO,16/05/2025,09:15:54,55427.2,55411,90,55426.8,30,450,1816350
BANKNIFTY-I.NFO,16/05/2025,09:15:56,55421,55420.8,90,55429.8,60,120,1816350
BANKNIFTY-I.NFO,16/05/2025,09:15:57,55420.8,55421.6,30,55429.8,30,120,1816350
BANKNIFTY-I.NFO,16/05/2025,09:15:58,55421.4,55421.2,90,55429.8,30,210,1816350
BANKNIFTY-I.NFO,16/05/2025,09:15:59,55430,55411,30,55426.2,30,480,1816350
BANKNIFTY-I.NFO,16/05/2025,09:16:01,55429.8,55420.2,30,55430,90,60,1816350
BANKNIFTY-I.NFO,16/05/2025,09:16:02,55454.2,55446.4,90,55458.2,30,600,1816350
BANKNIFTY-I.NFO,16/05/2025,09:16:03,55470.4,55463,150,55470.4,60,600,1816350
BANKNIFTY-I.NFO,16/05/2025,09:16:04,55475,55474.2,90,55475,180,510,1816350
BANKNIFTY-I.NFO,16/05/2025,09:16:06,55476.8,55476.8,60,55482.6,120,930,1816350
BANKNIFTY-I.NFO,16/05/2025,09:16:06,55491.2,55476.8,60,55482.6,120,0,1816350
BANKNIFTY-I.NFO,16/05/2025,09:16:07,55484,55483.6,180,55487.8,150,420,1816350
BANKNIFTY-I.NFO,16/05/2025,09:16:08,55495,55493.2,90,55495,60,240,1816350
BANKNIFTY-I.NFO,16/05/2025,09:16:08,55495,55493.2,90,55495,60,0,1816350
BANKNIFTY-I.NFO,16/05/2025,09:16:09,55475.2,55475.2,90,55483,120,270,1816350
BANKNIFTY-I.NFO,16/05/2025,09:16:11,55489,55476,90,55485.6,120,210,1816350
BANKNIFTY-I.NFO,16/05/2025,09:16:12,55475.6,55490.8,150,55493.2,30,180,1816350
BANKNIFTY-I.NFO,16/05/2025,09:16:13,55499,55495.6,60,55499,510,450,1816350
BANKNIFTY-I.NFO,16/05/2025,09:16:13,55499,55495.6,60,55499,510,0,1816350
BANKNIFTY-I.NFO,16/05/2025,09:16:14,55499,55498,120,55499,300,210,1816350
BANKNIFTY-I.NFO,16/05/2025,09:16:16,55520,55512.8,30,55522.6,120,1470,1816350
BANKNIFTY-I.NFO,16/05/2025,09:16:16,55520,55512.8,30,55522.6,120,0,1816350
BANKNIFTY-I.NFO,16/05/2025,09:16:17,55525,55524.2,30,55525,180,120,1816350
BANKNIFTY-I.NFO,16/05/2025,09:16:17,55525,55524.2,30,55525,180,0,1816350
BANKNIFTY-I.NFO,16/05/2025,09:16:18,55524.4,55522.2,30,55525,180,30,1816350
BANKNIFTY-I.NFO,16/05/2025,09:16:19,55522.2,55522.2,30,55524.2,30,30,1816350
BANKNIFTY-I.NFO,16/05/2025,09:16:20,55522.8,55522.8,60,55530,30,300,1816350
BANKNIFTY-I.NFO,16/05/2025,09:16:20,55527,55522.8,60,55530,30,0,1816350
BANKNIFTY-I.NFO,16/05/2025,09:16:22,55532,55532,30,55536,90,360,1816350
BANKNIFTY-I.NFO,16/05/2025,09:16:22,55536,55532,30,55536,90,0,1816350
BANKNIFTY-I.NFO,16/05/2025,09:16:23,55532.6,55532.4,60,55538.8,120,180,1816350
BANKNIFTY-I.NFO,16/05/2025,09:16:23,55539,55532.4,60,55538.8,120,0,1816350
BANKNIFTY-I.NFO,16/05/2025,09:16:24,55537.8,55532.2,30,55538.8,120,180,1816350
BANKNIFTY-I.NFO,16/05/2025,09:16:25,55538.2,55530.4,90,55538.8,60,210,1816350
BANKNIFTY-I.NFO,16/05/2025,09:16:27,55538.8,55536.8,120,55539,1470,120,1816350
BANKNIFTY-I.NFO,16/05/2025,09:16:28,55539,55537,60,55538.8,60,120,1816350
BANKNIFTY-I.NFO,16/05/2025,09:16:29,55538.8,55538.6,60,55538.8,30,180,1816350
BANKNIFTY-I.NFO,16/05/2025,09:16:30,55539,55536.4,30,55539,1020,720,1816350
BANKNIFTY-I.NFO,16/05/2025,09:16:32,55540,55539.6,30,55540,120,1050,1816350
BANKNIFTY-I.NFO,16/05/2025,09:16:32,55540,55539.6,30,55540,120,0,1816350
BANKNIFTY-I.NFO,16/05/2025,09:16:33,55536,55524.6,90,55538.6,150,120,1816350
BANKNIFTY-I.NFO,16/05/2025,09:16:34,55538.6,55533,60,55538.4,30,150,1816350
BANKNIFTY-I.NFO,16/05/2025,09:16:35,55537.2,55530.8,30,55538.4,30,90,1816350
BANKNIFTY-I.NFO,16/05/2025,09:16:37,55530.8,55524.4,150,55530,30,510,1816350
BANKNIFTY-I.NFO,16/05/2025,09:16:38,55537.4,55522.8,120,55532.2,150,630,1816350
BANKNIFTY-I.NFO,16/05/2025,09:16:39,55521,55521,30,55532,30,240,1816350
BANKNIFTY-I.NFO,16/05/2025,09:16:40,55532.2,55521.2,120,55532.2,60,300,1816350
BANKNIFTY-I.NFO,16/05/2025,09:16:42,55532.2,55529.6,90,55538,30,60,1816350
BANKNIFTY-I.NFO,16/05/2025,09:16:43,55522.8,55531.4,180,55538,60,420,1816350
BANKNIFTY-I.NFO,16/05/2025,09:16:44,55532.2,55534.6,120,55537,30,420,1816350
BANKNIFTY-I.NFO,16/05/2025,09:16:45,55548,55548,30,55549,210,1890,1816350
BANKNIFTY-I.NFO,16/05/2025,09:16:45,55548,55548,30,55549,210,0,1816350
BANKNIFTY-I.NFO,16/05/2025,09:16:47,55540,55532.6,90,55540.6,30,270,1816350
BANKNIFTY-I.NFO,16/05/2025,09:16:47,55549,55532.6,90,55540.6,30,0,1816350
BANKNIFTY-I.NFO,16/05/2025,09:16:48,55540.6,55534.4,60,55546.2,30,450,1816350
BANKNIFTY-I.NFO,16/05/2025,09:16:49,55539.8,55530,30,55540,30,420,1816350
BANKNIFTY-I.NFO,16/05/2025,09:16:50,55540,55536.2,90,55548.8,30,210,1816350
BANKNIFTY-I.NFO,16/05/2025,09:16:52,55540,55540.6,270,55548.8,30,660,1816350
BANKNIFTY-I.NFO,16/05/2025,09:16:52,55550,55540.6,270,55548.8,30,0,1816350
BANKNIFTY-I.NFO,16/05/2025,09:16:53,55557,55545.6,90,55555,30,330,1816350
BANKNIFTY-I.NFO,16/05/2025,09:16:53,55557,55545.6,90,55555,30,0,1816350
BANKNIFTY-I.NFO,16/05/2025,09:16:54,55540.6,55550,30,55555,30,150,1816350
BANKNIFTY-I.NFO,16/05/2025,09:16:55,55555,55550,60,55554.8,30,30,1816350
BANKNIFTY-I.NFO,16/05/2025,09:16:56,55561.2,55554.8,30,55561.4,60,210,1816350
BANKNIFTY-I.NFO,16/05/2025,09:16:56,55561.2,55554.8,30,55561.4,60,0,1816350
BANKNIFTY-I.NFO,16/05/2025,09:16:58,55561.6,55555.2,240,55561.4,30,360,1816350
BANKNIFTY-I.NFO,16/05/2025,09:16:58,55561.6,55555.2,240,55561.4,30,0,1816350
BANKNIFTY-I.NFO,16/05/2025,09:16:59,55564.2,55563.6,30,55567,30,210,1816350
BANKNIFTY-I.NFO,16/05/2025,09:16:59,55564.2,55563.6,30,55567,30,0,1816350
BANKNIFTY-I.NFO,16/05/2025,09:17:00,55570,55578,60,55583.6,150,1410,1816350
BANKNIFTY-I.NFO,16/05/2025,09:17:00,55582.8,55578,60,55583.6,150,0,1816350
BANKNIFTY-I.NFO,16/05/2025,09:17:01,55567,55567.2,120,55578.8,30,480,1816350
BANKNIFTY-I.NFO,16/05/2025,09:17:03,55574,55576.6,90,55589.8,30,690,1816350
BANKNIFTY-I.NFO,16/05/2025,09:17:03,55591,55576.6,90,55589.8,30,0,1816350
BANKNIFTY-I.NFO,16/05/2025,09:17:04,55595.4,55577.6,90,55594.2,60,1320,1816350
BANKNIFTY-I.NFO,16/05/2025,09:17:04,55600,55577.6,90,55594.2,60,0,1816350
BANKNIFTY-I.NFO,16/05/2025,09:17:05,55584.4,55575.4,30,55585,30,90,1816350
BANKNIFTY-I.NFO,16/05/2025,09:17:06,55583,55577.2,30,55585.8,90,120,1816350
BANKNIFTY-I.NFO,16/05/2025,09:17:08,55567,55567,210,55570.6,60,360,1816350
BANKNIFTY-I.NFO,16/05/2025,09:17:09,55570.4,55564.2,60,55573.4,60,420,1816350
BANKNIFTY-I.NFO,16/05/2025,09:17:10,55554.8,55550,60,55557.4,60,450,1816350
BANKNIFTY-I.NFO,16/05/2025,09:17:11,55554.4,55550,60,55555.2,60,60,1816350
BANKNIFTY-I.NFO,16/05/2025,09:17:13,55546,55540.6,300,55544.2,90,180,1816350
BANKNIFTY-I.NFO,16/05/2025,09:17:14,55541.4,55540.6,300,55549.6,90,510,1816350
BANKNIFTY-I.NFO,16/05/2025,09:17:15,55535.2,55525,60,55535.4,60,750,1816350
BANKNIFTY-I.NFO,16/05/2025,09:17:16,55525.2,55525,30,55533,30,720,1816350
BANKNIFTY-I.NFO,16/05/2025,09:17:18,55539.4,55530,30,55540.4,30,150,1816350
BANKNIFTY-I.NFO,16/05/2025,09:17:19,55534.8,55525,450,55534.8,60,240,1816350
BANKNIFTY-I.NFO,16/05/2025,09:17:20,55534.2,55525,420,55534.8,120,90,1816350
BANKNIFTY-I.NFO,16/05/2025,09:17:21,55525.2,55525.2,90,55534.8,30,390,1816350
BANKNIFTY-I.NFO,16/05/2025,09:17:23,55525.2,55526,120,55534.6,30,90,1816350
BANKNIFTY-I.NFO,16/05/2025,09:17:24,55531,55526.2,60,55534.6,30,120,1816350
BANKNIFTY-I.NFO,16/05/2025,09:17:25,55534.6,55526.2,60,55533.6,60,30,1816350
BANKNIFTY-I.NFO,16/05/2025,09:17:26,55525.4,55525,330,55533.4,90,150,1816350
BANKNIFTY-I.NFO,16/05/2025,09:17:28,55522.8,55521,30,55526.8,210,510,1816350
BANKNIFTY-I.NFO,16/05/2025,09:17:29,55516,55514.2,90,55525.2,30,510,1816350
BANKNIFTY-I.NFO,16/05/2025,09:17:30,55512,55512,360,55522.2,30,150,1816350
BANKNIFTY-I.NFO,16/05/2025,09:17:31,55523,55517.2,30,55521,30,120,1816350
BANKNIFTY-I.NFO,16/05/2025,09:17:33,55517.4,55517.4,90,55521,120,90,1816350
BANKNIFTY-I.NFO,16/05/2025,09:17:34,55517.4,55517.2,60,55521,60,90,1816350
BANKNIFTY-I.NFO,16/05/2025,09:17:35,55525,55525,60,55525.4,30,90,1816350
BANKNIFTY-I.NFO,16/05/2025,09:17:36,55533.4,55522.8,30,55525.2,30,120,1816350
BANKNIFTY-I.NFO,16/05/2025,09:17:38,55525,55521.2,90,55525,30,570,1816350
BANKNIFTY-I.NFO,16/05/2025,09:17:39,55534.8,55531,90,55539,600,450,1816350
BANKNIFTY-I.NFO,16/05/2025,09:17:40,55538.8,55531.4,60,55536,150,570,1816350
BANKNIFTY-I.NFO,16/05/2025,09:17:41,55535.8,55534.6,30,55536,30,240,1816350
BANKNIFTY-I.NFO,16/05/2025,09:17:43,55539,55532.2,60,55539,540,420,1816350
BANKNIFTY-I.NFO,16/05/2025,09:17:44,55532,55528.2,30,55532.2,150,90,1816350
BANKNIFTY-I.NFO,16/05/2025,09:17:45,55532.6,55528.6,30,55532.2,90,30,1816350
BANKNIFTY-I.NFO,16/05/2025,09:17:46,55532.2,55528.8,30,55532.2,60,60,1816350
BANKNIFTY-I.NFO,16/05/2025,09:17:48,55532.2,55530.2,30,55531.4,60,90,1816350
BANKNIFTY-I.NFO,16/05/2025,09:17:49,55526.8,55525.4,30,55529,60,150,1816350
BANKNIFTY-I.NFO,16/05/2025,09:17:50,55534.6,55532.2,30,55534.6,90,390,1816350
BANKNIFTY-I.NFO,16/05/2025,09:17:51,55530,55527,60,55532.2,30,240,1816350
BANKNIFTY-I.NFO,16/05/2025,09:17:53,55530.8,55527,60,55530.8,30,120,1816350
BANKNIFTY-I.NFO,16/05/2025,09:17:54,55527,55526.8,30,55528.8,30,180,1816350
BANKNIFTY-I.NFO,16/05/2025,09:17:55,55528.6,55527,30,55528.8,60,90,1816350
BANKNIFTY-I.NFO,16/05/2025,09:17:56,55528.6,55527.2,60,55528.8,60,0,1816350
BANKNIFTY-I.NFO,16/05/2025,09:17:58,55528.8,55527.4,60,55528.8,30,270,1816350
BANKNIFTY-I.NFO,16/05/2025,09:17:59,55535.6,55535.6,30,55536,30,330,1816350
BANKNIFTY-I.NFO,16/05/2025,09:18:00,55530.8,55530,30,55531,30,330,1816350
BANKNIFTY-I.NFO,16/05/2025,09:18:01,55528,55529.2,30,55532,30,120,1816350
BANKNIFTY-I.NFO,16/05/2025,09:18:03,55538.2,55532,30,55533.2,90,600,1816350
BANKNIFTY-I.NFO,16/05/2025,09:18:04,55522,55520,30,55523,30,330,1816350
BANKNIFTY-I.NFO,16/05/2025,09:18:05,55515,55512,30,55512.2,30,720,1816350
BANKNIFTY-I.NFO,16/05/2025,09:18:06,55511.8,55510.2,30,55512.2,60,60,1816350
BANKNIFTY-I.NFO,16/05/2025,09:18:08,55501.2,55501,90,55508,120,180,1816350
BANKNIFTY-I.NFO,16/05/2025,09:18:09,55502.2,55500,240,55508,60,420,1816350
BANKNIFTY-I.NFO,16/05/2025,09:18:10,55502.2,55500.8,90,55508,90,0,1816350
BANKNIFTY-I.NFO,16/05/2025,09:18:11,55512,55513.8,30,55522,150,180,1816350
BANKNIFTY-I.NFO,16/05/2025,09:18:13,55514.4,55502.4,30,55509,60,30,1816350
BANKNIFTY-I.NFO,16/05/2025,09:18:14,55509.2,55500.8,90,55509.2,30,210,1816350
BANKNIFTY-I.NFO,16/05/2025,09:18:15,55500,55500,300,55506.2,60,330,1816350
BANKNIFTY-I.NFO,16/05/2025,09:18:17,55505,55500,300,55504.8,150,120,1816350
BANKNIFTY-I.NFO,16/05/2025,09:18:18,55504.4,55500.2,30,55504.2,60,60,1816350
BANKNIFTY-I.NFO,16/05/2025,09:18:19,55502.6,55502.4,90,55508.6,30,270,1816350
BANKNIFTY-I.NFO,16/05/2025,09:18:20,55504.2,55500,120,55504.2,30,300,1816350
BANKNIFTY-I.NFO,16/05/2025,09:18:22,55503.8,55500,150,55503.8,90,240,1816350
BANKNIFTY-I.NFO,16/05/2025,09:18:23,55502,55495,90,55500,60,480,1816350
BANKNIFTY-I.NFO,16/05/2025,09:18:24,55500,55495.2,30,55500,210,60,1816350
BANKNIFTY-I.NFO,16/05/2025,09:18:25,55512.4,55506.4,60,55512.8,30,360,1816350
BANKNIFTY-I.NFO,16/05/2025,09:18:27,55520.2,55516,60,55518,270,60,1816350
BANKNIFTY-I.NFO,16/05/2025,09:18:28,55515.6,55510.8,30,55513.6,150,120,1818990
BANKNIFTY-I.NFO,16/05/2025,09:18:29,55505,55505,90,55518,270,420,1818990
BANKNIFTY-I.NFO,16/05/2025,09:18:30,55504.8,55504.8,90,55512.4,60,90,1818990
BANKNIFTY-I.NFO,16/05/2025,09:18:32,55504.8,55504.8,60,55508,390,120,1818990
BANKNIFTY-I.NFO,16/05/2025,09:18:33,55504,55504,270,55508.8,30,90,1818990
BANKNIFTY-I.NFO,16/05/2025,09:18:34,55507.6,55504,270,55508.4,90,120,1818990
BANKNIFTY-I.NFO,16/05/2025,09:18:35,55504.2,55504,240,55505.4,60,60,1818990
BANKNIFTY-I.NFO,16/05/2025,09:18:37,55504.6,55504,240,55505.4,60,30,1818990
BANKNIFTY-I.NFO,16/05/2025,09:18:38,55505.4,55504,240,55505.4,60,30,1818990
BANKNIFTY-I.NFO,16/05/2025,09:18:39,55505.4,55504.2,30,55504.8,60,0,1818990
BANKNIFTY-I.NFO,16/05/2025,09:18:40,55500.6,55495,120,55500.8,30,390,1818990
BANKNIFTY-I.NFO,16/05/2025,09:18:42,55500.8,55495.6,30,55500.8,30,60,1818990
BANKNIFTY-I.NFO,16/05/2025,09:18:43,55484.6,55480.4,90,55498,60,510,1818990
BANKNIFTY-I.NFO,16/05/2025,09:18:44,55497,55491,120,55496.6,60,150,1818990
BANKNIFTY-I.NFO,16/05/2025,09:18:45,55491,55491,30,55496.6,90,120,1818990
BANKNIFTY-I.NFO,16/05/2025,09:18:46,55493.2,55486,120,55494,30,120,1818990
BANKNIFTY-I.NFO,16/05/2025,09:18:48,55486,55486,30,55490,30,150,1818990
BANKNIFTY-I.NFO,16/05/2025,09:18:49,55486,55486.2,30,55490,150,0,1818990
BANKNIFTY-I.NFO,16/05/2025,09:18:50,55486.2,55486,90,55489.8,30,90,1818990
BANKNIFTY-I.NFO,16/05/2025,09:18:51,55489.8,55489.8,60,55490.8,210,300,1818990
BANKNIFTY-I.NFO,16/05/2025,09:18:53,55489.6,55480.4,30,55486.6,60,270,1818990
BANKNIFTY-I.NFO,16/05/2025,09:18:54,55489.6,55480.4,120,55486.6,60,0,1818990
BANKNIFTY-I.NFO,16/05/2025,09:18:55,55480.2,55480,150,55484,30,720,1818990
BANKNIFTY-I.NFO,16/05/2025,09:18:56,55480,55480,60,55484,30,180,1818990
BANKNIFTY-I.NFO,16/05/2025,09:18:58,55481.8,55470.2,30,55480.4,150,390,1818990
BANKNIFTY-I.NFO,16/05/2025,09:18:59,55465,55465.2,30,55466.8,30,90,1818990
BANKNIFTY-I.NFO,16/05/2025,09:19:00,55459,55456,30,55459.6,30,420,1818990
BANKNIFTY-I.NFO,16/05/2025,09:19:01,55430.4,55430.4,90,55443.8,30,720,1818990
BANKNIFTY-I.NFO,16/05/2025,09:19:03,55449,55455,60,55459.6,30,930,1818990
BANKNIFTY-I.NFO,16/05/2025,09:19:04,55455,55454.2,30,55459.4,30,60,1818990
BANKNIFTY-I.NFO,16/05/2025,09:19:05,55463.6,55454.4,60,55462,30,630,1818990
BANKNIFTY-I.NFO,16/05/2025,09:19:06,55444,55444,120,55447.4,30,300,1818990
BANKNIFTY-I.NFO,16/05/2025,09:19:08,55444,55444,90,55449.8,30,30,1818990
BANKNIFTY-I.NFO,16/05/2025,09:19:09,55443.8,55443.2,150,55449.8,30,300,1818990
BANKNIFTY-I.NFO,16/05/2025,09:19:10,55443.2,55443,90,55449.6,30,60,1818990
BANKNIFTY-I.NFO,16/05/2025,09:19:11,55452.2,55452.2,30,55462,480,120,1818990
BANKNIFTY-I.NFO,16/05/2025,09:19:13,55461,55461,30,55462,480,120,1818990
BANKNIFTY-I.NFO,16/05/2025,09:19:14,55474.8,55465.8,30,55474.8,30,510,1818990
BANKNIFTY-I.NFO,16/05/2025,09:19:15,55473.2,55473,30,55476,60,90,1818990
BANKNIFTY-I.NFO,16/05/2025,09:19:16,55473.2,55473.6,30,55476,30,90,1818990
BANKNIFTY-I.NFO,16/05/2025,09:19:18,55474.8,55462.6,150,55475.8,30,210,1818990
BANKNIFTY-I.NFO,16/05/2025,09:19:19,55474.8,55463,150,55475.8,60,0,1818990
BANKNIFTY-I.NFO,16/05/2025,09:19:20,55476.4,55462,120,55476.4,30,390,1818990
BANKNIFTY-I.NFO,16/05/2025,09:19:21,55472,55471.2,30,55479.8,30,90,1818990
BANKNIFTY-I.NFO,16/05/2025,09:19:23,55472,55471.2,30,55479.8,30,0,1818990
BANKNIFTY-I.NFO,16/05/2025,09:19:24,55472,55471.4,30,55475,30,60,1818990
BANKNIFTY-I.NFO,16/05/2025,09:19:25,55480,55475,30,55480,30,150,1818990
BANKNIFTY-I.NFO,16/05/2025,09:19:26,55475,55466,30,55476.4,30,30,1818990
BANKNIFTY-I.NFO,16/05/2025,09:19:27,55460.4,55460,90,55467.8,30,30,1818990
BANKNIFTY-I.NFO,16/05/2025,09:19:29,55460,55460,60,55467.8,120,90,1818990
BANKNIFTY-I.NFO,16/05/2025,09:19:30,55467.8,55460.8,90,55467.8,30,150,1818990
BANKNIFTY-I.NFO,16/05/2025,09:19:31,55473.6,55463.8,60,55470,150,90,1818990
BANKNIFTY-I.NFO,16/05/2025,09:19:32,55469.4,55464.4,30,55469.4,30,90,1818990
BANKNIFTY-I.NFO,16/05/2025,09:19:34,55469.4,55468.6,30,55470,60,210,1818990
BANKNIFTY-I.NFO,16/05/2025,09:19:35,55469.4,55468.6,30,55470,120,0,1818990
BANKNIFTY-I.NFO,16/05/2025,09:19:36,55469.6,55469.4,60,55469.8,30,90,1818990
BANKNIFTY-I.NFO,16/05/2025,09:19:37,55475,55469.4,60,55476.8,30,120,1818990
BANKNIFTY-I.NFO,16/05/2025,09:19:39,55477.8,55472.6,90,55480,30,90,1818990
BANKNIFTY-I.NFO,16/05/2025,09:19:40,55464.6,55471.2,90,55479.2,60,270,1818990
BANKNIFTY-I.NFO,16/05/2025,09:19:41,55470.4,55468.4,120,55479.2,30,60,1818990
BANKNIFTY-I.NFO,16/05/2025,09:19:42,55470.4,55471.4,30,55479.2,90,0,1818990
BANKNIFTY-I.NFO,16/05/2025,09:19:44,55470.4,55464.4,60,55468.4,30,0,1818990
BANKNIFTY-I.NFO,16/05/2025,09:19:45,55479,55473,30,55476.8,270,330,1818990
BANKNIFTY-I.NFO,16/05/2025,09:19:46,55473,55466.8,120,55477,30,30,1818990
BANKNIFTY-I.NFO,16/05/2025,09:19:47,55473,55468,30,55476.6,30,0,1818990
BANKNIFTY-I.NFO,16/05/2025,09:19:48,55473,55462.4,30,55471.2,30,0,1818990
BANKNIFTY-I.NFO,16/05/2025,09:19:50,55473,55463.6,30,55471,30,0,1818990
BANKNIFTY-I.NFO,16/05/2025,09:19:51,55471,55464.6,30,55471.8,30,30,1818990
BANKNIFTY-I.NFO,16/05/2025,09:19:52,55475,55466.8,30,55471.8,30,90,1818990
BANKNIFTY-I.NFO,16/05/2025,09:19:53,55475,55464.6,30,55469.6,30,0,1818990
BANKNIFTY-I.NFO,16/05/2025,09:19:55,55455,55452.8,150,55469.6,60,420,1818990
BANKNIFTY-I.NFO,16/05/2025,09:19:56,55469.6,55452.8,150,55466.6,30,30,1818990
BANKNIFTY-I.NFO,16/05/2025,09:19:57,55451.8,55455,30,55463.2,30,150,1818990
BANKNIFTY-I.NFO,16/05/2025,09:19:58,55455,55455.2,30,55466.6,60,30,1818990
BANKNIFTY-I.NFO,16/05/2025,09:20:00,55463.8,55455.4,60,55466.2,60,30,1818990
BANKNIFTY-I.NFO,16/05/2025,09:20:01,55456.4,55450,300,55454,30,120,1818990
BANKNIFTY-I.NFO,16/05/2025,09:20:02,55450,55450,180,55454,30,120,1818990
BANKNIFTY-I.NFO,16/05/2025,09:20:03,55450,55450,150,55453.8,30,30,1818990
BANKNIFTY-I.NFO,16/05/2025,09:20:05,55453.8,55450,30,55453.8,30,180,1818990
BANKNIFTY-I.NFO,16/05/2025,09:20:06,55450,55448.4,60,55454.8,30,120,1818990
BANKNIFTY-I.NFO,16/05/2025,09:20:07,55455,55463.8,90,55473.2,30,90,1818990
BANKNIFTY-I.NFO,16/05/2025,09:20:08,55455,55466,90,55475,300,0,1818990
BANKNIFTY-I.NFO,16/05/2025,09:20:10,55455,55459,90,55472.2,120,0,1818990
BANKNIFTY-I.NFO,16/05/2025,09:20:11,55464.4,55457.8,90,55470.4,150,30,1818990
BANKNIFTY-I.NFO,16/05/2025,09:20:12,55464.4,55457.8,90,55470.2,30,0,1818990
BANKNIFTY-I.NFO,16/05/2025,09:20:13,55469.2,55455,30,55464.4,30,30,1818990
BANKNIFTY-I.NFO,16/05/2025,09:20:15,55464.4,55454.4,30,55464.4,30,60,1818990
BANKNIFTY-I.NFO,16/05/2025,09:20:16,55462.8,55451.8,90,55463.6,90,30,1818990
BANKNIFTY-I.NFO,16/05/2025,09:20:17,55451.8,55451.6,30,55460.8,120,30,1818990
BANKNIFTY-I.NFO,16/05/2025,09:20:18,55451.6,55451,150,55459.8,30,60,1818990
BANKNIFTY-I.NFO,16/05/2025,09:20:20,55451,55451,30,55457.6,30,120,1818990
BANKNIFTY-I.NFO,16/05/2025,09:20:21,55450,55443.2,30,55451,180,60,1818990
BANKNIFTY-I.NFO,16/05/2025,09:20:22,55445.6,55440,30,55442.6,90,90,1818990
BANKNIFTY-I.NFO,16/05/2025,09:20:23,55438,55433,210,55437.8,30,180,1818990
BANKNIFTY-I.NFO,16/05/2025,09:20:25,55430,55425.6,30,55430.8,180,360,1818990
BANKNIFTY-I.NFO,16/05/2025,09:20:26,55420.2,55420,1020,55422.4,30,300,1818990
BANKNIFTY-I.NFO,16/05/2025,09:20:27,55411,55404,30,55411.6,300,1530,1818990
BANKNIFTY-I.NFO,16/05/2025,09:20:28,55411,55404.2,90,55410.2,150,0,1818990
BANKNIFTY-I.NFO,16/05/2025,09:20:30,55401.2,55401,60,55405.2,150,150,1818990
BANKNIFTY-I.NFO,16/05/2025,09:20:31,55400,55385.4,90,55399,150,780,1818990
BANKNIFTY-I.NFO,16/05/2025,09:20:32,55399,55389,90,55398.8,150,150,1818990
BANKNIFTY-I.NFO,16/05/2025,09:20:33,55370.2,55370,30,55380,30,330,1818990
BANKNIFTY-I.NFO,16/05/2025,09:20:35,55380,55383.8,30,55399.8,120,300,1818990
BANKNIFTY-I.NFO,16/05/2025,09:20:36,55400,55391,30,55400,30,150,1818990
BANKNIFTY-I.NFO,16/05/2025,09:20:37,55401.2,55402.8,90,55412.4,120,150,1818990
BANKNIFTY-I.NFO,16/05/2025,09:20:38,55412.2,55394.4,30,55409.8,150,300,1818990
BANKNIFTY-I.NFO,16/05/2025,09:20:40,55393.2,55395,90,55408,30,330,1818990
BANKNIFTY-I.NFO,16/05/2025,09:20:41,55400,55398.2,30,55400.4,30,300,1818990
BANKNIFTY-I.NFO,16/05/2025,09:20:42,55400.4,55400,30,55400.4,30,60,1818990
BANKNIFTY-I.NFO,16/05/2025,09:20:43,55400,55398.2,30,55400.2,30,30,1818990
BANKNIFTY-I.NFO,16/05/2025,09:20:45,55391,55386,90,55397.2,120,180,1818990
BANKNIFTY-I.NFO,16/05/2025,09:20:46,55393.8,55386,60,55394,60,120,1818990
BANKNIFTY-I.NFO,16/05/2025,09:20:47,55393.8,55387.2,60,55394,30,0,1818990
BANKNIFTY-I.NFO,16/05/2025,09:20:48,55394,55394.6,60,55399.8,30,90,1818990
BANKNIFTY-I.NFO,16/05/2025,09:20:50,55397.8,55399.8,30,55407.8,150,330,1818990
BANKNIFTY-I.NFO,16/05/2025,09:20:51,55400.8,55396.2,90,55407.6,60,60,1818990
BANKNIFTY-I.NFO,16/05/2025,09:20:52,55405,55404.8,120,55407.6,60,60,1818990
BANKNIFTY-I.NFO,16/05/2025,09:20:53,55407.6,55408.4,30,55410.6,240,90,1818990
BANKNIFTY-I.NFO,16/05/2025,09:20:55,55408.4,55410.8,30,55416,30,30,1818990
BANKNIFTY-I.NFO,16/05/2025,09:20:56,55416.8,55416.8,30,55423.8,30,150,1818990
BANKNIFTY-I.NFO,16/05/2025,09:20:57,55413.6,55413.6,30,55420.2,180,210,1818990
BANKNIFTY-I.NFO,16/05/2025,09:20:58,55419.4,55412.6,30,55419.8,120,30,1818990
BANKNIFTY-I.NFO,16/05/2025,09:21:00,55412.8,55401,120,55413.2,30,180,1818990
BANKNIFTY-I.NFO,16/05/2025,09:21:01,55412.8,55416.2,90,55421.4,150,0,1818990
BANKNIFTY-I.NFO,16/05/2025,09:21:02,55416.6,55420,120,55421.4,30,300,1818990
BANKNIFTY-I.NFO,16/05/2025,09:21:04,55431.6,55426.6,60,55428.6,60,180,1818990
BANKNIFTY-I.NFO,16/05/2025,09:21:05,55420.6,55415.2,90,55420.8,60,120,1818990
BANKNIFTY-I.NFO,16/05/2025,09:21:06,55415.4,55415.4,60,55419.6,60,90,1818990
BANKNIFTY-I.NFO,16/05/2025,09:21:07,55413.6,55407.6,30,55412.2,30,210,1818990
BANKNIFTY-I.NFO,16/05/2025,09:21:09,55415.6,55407.6,30,55415.8,30,150,1818990
BANKNIFTY-I.NFO,16/05/2025,09:21:10,55415.6,55407.6,30,55416.8,30,0,1818990
BANKNIFTY-I.NFO,16/05/2025,09:21:11,55407.6,55403.8,30,55405.8,30,30,1818990
BANKNIFTY-I.NFO,16/05/2025,09:21:12,55414.4,55403.8,30,55414.4,30,180,1818990
BANKNIFTY-I.NFO,16/05/2025,09:21:14,55416.2,55411.6,30,55415.6,30,60,1818990
BANKNIFTY-I.NFO,16/05/2025,09:21:15,55413,55403.8,30,55412.2,180,180,1818990
BANKNIFTY-I.NFO,16/05/2025,09:21:16,55408.4,55403.8,30,55411,150,30,1818990
BANKNIFTY-I.NFO,16/05/2025,09:21:17,55401,55401,30,55415,30,150,1818990
BANKNIFTY-I.NFO,16/05/2025,09:21:19,55401,55407.6,600,55415,60,0,1818990
BANKNIFTY-I.NFO,16/05/2025,09:21:20,55415,55407.6,600,55415,60,60,1818990
BANKNIFTY-I.NFO,16/05/2025,09:21:21,55407.6,55407.6,570,55414.2,30,30,1818990
BANKNIFTY-I.NFO,16/05/2025,09:21:22,55407.6,55407.6,150,55412.4,30,420,1818990
BANKNIFTY-I.NFO,16/05/2025,09:21:24,55407.6,55407.6,120,55412.4,90,30,1818990
BANKNIFTY-I.NFO,16/05/2025,09:21:25,55407.6,55407.6,60,55412.4,120,60,1818990
BANKNIFTY-I.NFO,16/05/2025,09:21:26,55407.6,55407.6,30,55412.4,150,60,1818990
BANKNIFTY-I.NFO,16/05/2025,09:21:27,55407.6,55404,30,55409.2,150,30,1818990
BANKNIFTY-I.NFO,16/05/2025,09:21:29,55407.6,55404,30,55408.6,60,0,1818990
BANKNIFTY-I.NFO,16/05/2025,09:21:30,55404.8,55404,30,55407.6,30,30,1821300
BANKNIFTY-I.NFO,16/05/2025,09:21:31,55404.8,55404,30,55407.6,180,0,1821300
BANKNIFTY-I.NFO,16/05/2025,09:21:32,55404.8,55404,30,55407,120,30,1821300
BANKNIFTY-I.NFO,16/05/2025,09:21:34,55404.4,55404.2,30,55406.6,60,300,1821300
BANKNIFTY-I.NFO,16/05/2025,09:21:35,55406.4,55404.2,30,55406.2,30,90,1821300
BANKNIFTY-I.NFO,16/05/2025,09:21:36,55406.2,55408.8,30,55420,300,150,1821300
BANKNIFTY-I.NFO,16/05/2025,09:21:37,55406.2,55412.8,30,55420,300,0,1821300
BANKNIFTY-I.NFO,16/05/2025,09:21:39,55412.8,55415.4,30,55420,300,30,1821300
BANKNIFTY-I.NFO,16/05/2025,09:21:40,55412.8,55415,90,55420,300,0,1821300
BANKNIFTY-I.NFO,16/05/2025,09:21:41,55420,55415.2,150,55420,150,150,1821300
BANKNIFTY-I.NFO,16/05/2025,09:21:42,55420.6,55419.6,180,55424.8,30,210,1821300
BANKNIFTY-I.NFO,16/05/2025,09:21:44,55425.8,55425.6,30,55429.8,30,300,1821300
BANKNIFTY-I.NFO,16/05/2025,09:21:45,55429.6,55424.8,30,55429.6,30,240,1821300
BANKNIFTY-I.NFO,16/05/2025,09:21:46,55432,55429.8,90,55434.6,30,150,1821300
BANKNIFTY-I.NFO,16/05/2025,09:21:47,55432,55429.8,90,55434.6,30,0,1821300
BANKNIFTY-I.NFO,16/05/2025,09:21:49,55432,55429.8,30,55434.6,30,0,1821300
BANKNIFTY-I.NFO,16/05/2025,09:21:50,55436,55433.2,120,55440,30,270,1821300
BANKNIFTY-I.NFO,16/05/2025,09:21:51,55433.2,55430.2,60,55440,30,120,1821300
BANKNIFTY-I.NFO,16/05/2025,09:21:52,55435,55435,120,55440,30,30,1821300
BANKNIFTY-I.NFO,16/05/2025,09:21:54,55439.8,55435,90,55440,60,60,1821300
BANKNIFTY-I.NFO,16/05/2025,09:21:55,55435,55435,30,55440,120,60,1821300
BANKNIFTY-I.NFO,16/05/2025,09:21:56,55435,55435.2,30,55440,120,0,1821300
BANKNIFTY-I.NFO,16/05/2025,09:21:57,55440,55435.2,30,55440.4,30,210,1821300
BANKNIFTY-I.NFO,16/05/2025,09:22:00,55440,55435,30,55438.4,30,120,1821300
BANKNIFTY-I.NFO,16/05/2025,09:22:01,55439.2,55435,60,55440.4,30,150,1821300
BANKNIFTY-I.NFO,16/05/2025,09:22:02,55440.4,55440.2,30,55445,30,30,1821300
BANKNIFTY-I.NFO,16/05/2025,09:22:03,55445,55440.2,60,55445.2,120,30,1821300
BANKNIFTY-I.NFO,16/05/2025,09:22:05,55440.2,55440,60,55444.6,60,60,1821300
BANKNIFTY-I.NFO,16/05/2025,09:22:06,55442.2,55440,60,55444.6,30,30,1821300
BANKNIFTY-I.NFO,16/05/2025,09:22:07,55440,55440,30,55444.6,30,30,1821300
BANKNIFTY-I.NFO,16/05/2025,09:22:08,55440,55439.2,30,55444.4,30,30,1821300
BANKNIFTY-I.NFO,16/05/2025,09:22:10,55444.6,55439.2,30,55448.2,30,60,1821300
BANKNIFTY-I.NFO,16/05/2025,09:22:11,55443.6,55443.6,30,55450,150,30,1821300
BANKNIFTY-I.NFO,16/05/2025,09:22:12,55443.6,55445,30,55449.8,30,0,1821300
BANKNIFTY-I.NFO,16/05/2025,09:22:13,55443.6,55445,30,55449.8,60,0,1821300
BANKNIFTY-I.NFO,16/05/2025,09:22:15,55448.2,55448.2,570,55449.6,30,30,1821300
BANKNIFTY-I.NFO,16/05/2025,09:22:16,55450,55448.2,540,55450,30,210,1821300
BANKNIFTY-I.NFO,16/05/2025,09:22:17,55448.2,55449.6,600,55449.8,30,30,1821300
BANKNIFTY-I.NFO,16/05/2025,09:22:18,55448.2,55449.6,600,55449.8,30,0,1821300
BANKNIFTY-I.NFO,16/05/2025,09:22:20,55449.8,55449.8,30,55450,120,90,1821300
BANKNIFTY-I.NFO,16/05/2025,09:22:21,55455.8,55455,30,55458.6,60,690,1821300
BANKNIFTY-I.NFO,16/05/2025,09:22:22,55458.6,55455,30,55457.8,30,120,1821300
BANKNIFTY-I.NFO,16/05/2025,09:22:23,55449.8,55449.8,510,55450,30,60,1821300
BANKNIFTY-I.NFO,16/05/2025,09:22:25,55460,55458.6,30,55464.4,60,150,1821300
BANKNIFTY-I.NFO,16/05/2025,09:22:26,55470,55465.6,90,55474.2,30,300,1821300
BANKNIFTY-I.NFO,16/05/2025,09:22:27,55475,55470.6,90,55478.2,30,300,1821300
BANKNIFTY-I.NFO,16/05/2025,09:22:28,55480,55471.8,150,55480,90,150,1821300
BANKNIFTY-I.NFO,16/05/2025,09:22:30,55480.6,55480.4,30,55486,630,120,1821300
BANKNIFTY-I.NFO,16/05/2025,09:22:31,55486,55483.2,90,55489.6,30,630,1821300
BANKNIFTY-I.NFO,16/05/2025,09:22:32,55486.2,55486,30,55489.6,60,90,1821300
BANKNIFTY-I.NFO,16/05/2025,09:22:33,55486.2,55486,30,55489.6,60,0,1821300
BANKNIFTY-I.NFO,16/05/2025,09:22:36,55489.6,55485.8,30,55489.6,30,60,1821300
BANKNIFTY-I.NFO,16/05/2025,09:22:37,55488.8,55481.4,90,55489,60,60,1821300
BANKNIFTY-I.NFO,16/05/2025,09:22:38,55488.8,55481.2,30,55486.6,150,0,1821300
BANKNIFTY-I.NFO,16/05/2025,09:22:40,55486.2,55481.2,30,55486.4,60,60,1821300
BANKNIFTY-I.NFO,16/05/2025,09:22:41,55484.4,55480,30,55484.2,60,720,1821300
BANKNIFTY-I.NFO,16/05/2025,09:22:42,55484.4,55480,30,55484,60,0,1821300
BANKNIFTY-I.NFO,16/05/2025,09:22:43,55483.8,55480,30,55483.6,60,60,1821300
BANKNIFTY-I.NFO,16/05/2025,09:22:45,55475,55464.2,90,55473.6,90,90,1821300
BANKNIFTY-I.NFO,16/05/2025,09:22:46,55449.8,55454.4,30,55469.4,90,600,1821300
BANKNIFTY-I.NFO,16/05/2025,09:22:47,55453,55450.2,30,55467.6,60,30,1821300
BANKNIFTY-I.NFO,16/05/2025,09:22:49,55467.2,55454.4,60,55467.2,30,60,1821300
BANKNIFTY-I.NFO,16/05/2025,09:22:50,55467,55456.6,120,55467.2,90,150,1821300
BANKNIFTY-I.NFO,16/05/2025,09:22:51,55467.2,55457.4,30,55470,30,210,1821300
BANKNIFTY-I.NFO,16/05/2025,09:22:52,55455.2,55455.2,60,55470.2,30,30,1821300
BANKNIFTY-I.NFO,16/05/2025,09:22:54,55474.6,55459,210,55469.8,30,150,1821300
BANKNIFTY-I.NFO,16/05/2025,09:22:55,55469.8,55451.8,30,55466.2,60,60,1821300
BANKNIFTY-I.NFO,16/05/2025,09:22:56,55469.8,55451,30,55462.2,30,0,1821300
BANKNIFTY-I.NFO,16/05/2025,09:22:57,55469.8,55451,60,55462.2,90,0,1821300
BANKNIFTY-I.NFO,16/05/2025,09:22:59,55462.2,55451,30,55462.2,120,30,1821300
BANKNIFTY-I.NFO,16/05/2025,09:23:00,55451.2,55451.2,30,55462.2,30,360,1821300
BANKNIFTY-I.NFO,16/05/2025,09:23:01,55451.2,55452.4,30,55460,30,0,1821300
BANKNIFTY-I.NFO,16/05/2025,09:23:02,55460,55464.2,90,55476,30,90,1821300
BANKNIFTY-I.NFO,16/05/2025,09:23:04,55464.2,55462.4,120,55476.6,30,30,1821300
BANKNIFTY-I.NFO,16/05/2025,09:23:05,55464.2,55460,30,55464.8,30,0,1821300
BANKNIFTY-I.NFO,16/05/2025,09:23:06,55455.4,55452.6,90,55464.8,60,60,1821300
BANKNIFTY-I.NFO,16/05/2025,09:23:07,55455.4,55458,120,55464.8,120,0,1821300
BANKNIFTY-I.NFO,16/05/2025,09:23:09,55458,55454.8,90,55464.8,150,30,1821300
BANKNIFTY-I.NFO,16/05/2025,09:23:10,55458,55453.2,90,55459.8,30,0,1821300
BANKNIFTY-I.NFO,16/05/2025,09:23:11,55459.8,55458,60,55464,30,240,1821300
BANKNIFTY-I.NFO,16/05/2025,09:23:12,55471.4,55463,90,55473.6,150,120,1821300
BANKNIFTY-I.NFO,16/05/2025,09:23:14,55471.4,55471,30,55478,30,0,1821300
BANKNIFTY-I.NFO,16/05/2025,09:23:15,55476.8,55469.6,30,55477.8,180,300,1821300
BANKNIFTY-I.NFO,16/05/2025,09:23:16,55476.8,55468.2,30,55477,120,0,1821300
BANKNIFTY-I.NFO,16/05/2025,09:23:17,55476.8,55464.2,30,55472.2,120,0,1821300
BANKNIFTY-I.NFO,16/05/2025,09:23:19,55476.8,55460.4,30,55465.6,120,0,1821300
BANKNIFTY-I.NFO,16/05/2025,09:23:20,55465.2,55460.4,30,55463.8,60,30,1821300
BANKNIFTY-I.NFO,16/05/2025,09:23:21,55459.8,55451.2,90,55459.6,30,300,1821300
BANKNIFTY-I.NFO,16/05/2025,09:23:22,55459.8,55451,30,55459.6,150,0,1821300
BANKNIFTY-I.NFO,16/05/2025,09:23:24,55454.4,55451,30,55454.2,30,90,1821300
BANKNIFTY-I.NFO,16/05/2025,09:23:25,55454.4,55451,30,55454.2,180,0,1821300
BANKNIFTY-I.NFO,16/05/2025,09:23:26,55454.4,55451,30,55453.6,60,0,1821300
BANKNIFTY-I.NFO,16/05/2025,09:23:27,55450,55450,690,55453.4,90,150,1821300
BANKNIFTY-I.NFO,16/05/2025,09:23:29,55449.6,55448.2,510,55449.6,60,1650,1821300
BANKNIFTY-I.NFO,16/05/2025,09:23:30,55443.6,55440,60,55443.2,120,780,1821300
BANKNIFTY-I.NFO,16/05/2025,09:23:31,55430,55429.8,30,55437,30,120,1821300
BANKNIFTY-I.NFO,16/05/2025,09:23:32,55430,55429.8,30,55436.8,60,30,1821300
BANKNIFTY-I.NFO,16/05/2025,09:23:34,55429.8,55427.2,90,55434.6,30,30,1821300
BANKNIFTY-I.NFO,16/05/2025,09:23:35,55429.8,55427.2,90,55434.6,240,0,1821300
BANKNIFTY-I.NFO,16/05/2025,09:23:36,55427.2,55424.8,30,55432.4,30,90,1821300
BANKNIFTY-I.NFO,16/05/2025,09:23:37,55427.2,55430,300,55432.4,240,0,1821300
BANKNIFTY-I.NFO,16/05/2025,09:23:39,55430,55430,270,55432.4,330,30,1821300
BANKNIFTY-I.NFO,16/05/2025,09:23:40,55430,55430.2,90,55432.4,330,0,1821300
BANKNIFTY-I.NFO,16/05/2025,09:23:41,55432,55430,240,55432.2,90,240,1821300
BANKNIFTY-I.NFO,16/05/2025,09:23:42,55432.2,55430,240,55432.2,180,30,1821300
BANKNIFTY-I.NFO,16/05/2025,09:23:44,55432.2,55430,300,55432.2,210,60,1821300
BANKNIFTY-I.NFO,16/05/2025,09:23:45,55430,55430,270,55432.2,210,60,1821300
BANKNIFTY-I.NFO,16/05/2025,09:23:46,55432.2,55430,270,55432.2,180,30,1821300
BANKNIFTY-I.NFO,16/05/2025,09:23:47,55432.2,55430,270,55432.2,150,30,1821300
BANKNIFTY-I.NFO,16/05/2025,09:23:49,55430,55430,60,55432.2,150,210,1821300
BANKNIFTY-I.NFO,16/05/2025,09:23:50,55432.2,55432.2,90,55435.2,60,330,1821300
BANKNIFTY-I.NFO,16/05/2025,09:23:51,55432.2,55432.2,30,55436.2,120,60,1821300
BANKNIFTY-I.NFO,16/05/2025,09:23:52,55430.8,55430.4,90,55436.2,60,90,1821300
BANKNIFTY-I.NFO,16/05/2025,09:23:54,55430.8,55430.4,90,55436.2,90,0,1821300
BANKNIFTY-I.NFO,16/05/2025,09:23:55,55427.2,55420.2,150,55434.2,30,180,1821300
BANKNIFTY-I.NFO,16/05/2025,09:23:56,55420,55420.2,30,55431.6,30,60,1821300
BANKNIFTY-I.NFO,16/05/2025,09:23:57,55420.2,55420.2,30,55429,30,30,1821300
BANKNIFTY-I.NFO,16/05/2025,09:23:59,55429,55421.6,240,55429,60,60,1821300
BANKNIFTY-I.NFO,16/05/2025,09:24:00,55436.8,55438.6,90,55443.6,150,720,1821300
BANKNIFTY-I.NFO,16/05/2025,09:24:01,55435.8,55433.8,60,55447.4,30,240,1821300
BANKNIFTY-I.NFO,16/05/2025,09:24:02,55435.8,55433.8,30,55443.2,30,0,1821300
BANKNIFTY-I.NFO,16/05/2025,09:24:04,55434.8,55438.8,180,55443.2,60,210,1821300
BANKNIFTY-I.NFO,16/05/2025,09:24:05,55434.8,55433.4,90,55443,60,0,1821300
BANKNIFTY-I.NFO,16/05/2025,09:24:06,55443,55435.8,30,55443,30,30,1821300
BANKNIFTY-I.NFO,16/05/2025,09:24:07,55435.8,55430,30,55435.8,30,30,1821300
BANKNIFTY-I.NFO,16/05/2025,09:24:09,55421.2,55420.2,30,55435,60,990,1821300
BANKNIFTY-I.NFO,16/05/2025,09:24:10,55421.2,55420,180,55428.2,60,0,1821300
BANKNIFTY-I.NFO,16/05/2025,09:24:11,55420,55420,150,55426,60,30,1821300
BANKNIFTY-I.NFO,16/05/2025,09:24:12,55414.6,55411,150,55414.6,30,900,1821300
BANKNIFTY-I.NFO,16/05/2025,09:24:14,55411,55411,90,55414.6,30,90,1821300
BANKNIFTY-I.NFO,16/05/2025,09:24:15,55411,55411,30,55414.6,90,90,1821300
BANKNIFTY-I.NFO,16/05/2025,09:24:16,55410,55404,30,55405.6,90,240,1821300
BANKNIFTY-I.NFO,16/05/2025,09:24:17,55405.6,55405.4,90,55405.6,30,330,1821300
BANKNIFTY-I.NFO,16/05/2025,09:24:19,55406,55404.4,90,55411,30,210,1821300
BANKNIFTY-I.NFO,16/05/2025,09:24:20,55404.2,55404,30,55411,90,60,1821300
BANKNIFTY-I.NFO,16/05/2025,09:24:21,55410.8,55400.4,60,55407.6,60,90,1821300
BANKNIFTY-I.NFO,16/05/2025,09:24:22,55400,55400,510,55407.6,120,90,1821300
BANKNIFTY-I.NFO,16/05/2025,09:24:24,55400,55400,480,55407.6,180,30,1821300
BANKNIFTY-I.NFO,16/05/2025,09:24:25,55407.6,55407,150,55407.6,150,30,1821300
BANKNIFTY-I.NFO,16/05/2025,09:24:26,55407,55407,120,55407.6,60,180,1821300
BANKNIFTY-I.NFO,16/05/2025,09:24:27,55407,55407,120,55407.6,60,0,1821300
BANKNIFTY-I.NFO,16/05/2025,09:24:29,55407.6,55407,120,55407.6,60,60,1821300
BANKNIFTY-I.NFO,16/05/2025,09:24:30,55407.6,55407,120,55407.6,30,30,1824570
BANKNIFTY-I.NFO,16/05/2025,09:24:31,55405,55400.8,30,55408.4,60,180,1824570
BANKNIFTY-I.NFO,16/05/2025,09:24:32,55403.6,55407.6,90,55417,60,30,1824570
BANKNIFTY-I.NFO,16/05/2025,09:24:34,55407.6,55401.4,150,55407.6,30,90,1824570
BANKNIFTY-I.NFO,16/05/2025,09:24:35,55407.6,55400.8,30,55401.4,30,0,1824570
BANKNIFTY-I.NFO,16/05/2025,09:24:36,55400,55400,810,55401.4,60,60,1824570
BANKNIFTY-I.NFO,16/05/2025,09:24:37,55407.6,55407.2,90,55414.6,60,120,1824570
BANKNIFTY-I.NFO,16/05/2025,09:24:39,55407.6,55403.6,180,55417,60,90,1824570
BANKNIFTY-I.NFO,16/05/2025,09:24:40,55403,55400.6,180,55417,90,90,1824570
BANKNIFTY-I.NFO,16/05/2025,09:24:41,55403,55410.2,30,55417,90,0,1824570
BANKNIFTY-I.NFO,16/05/2025,09:24:42,55407.6,55407.6,60,55416.8,30,120,1824570
BANKNIFTY-I.NFO,16/05/2025,09:24:44,55407.6,55407.6,60,55414.2,60,0,1824570
BANKNIFTY-I.NFO,16/05/2025,09:24:45,55414.2,55407.6,150,55417,60,60,1824570
BANKNIFTY-I.NFO,16/05/2025,09:24:46,55410.8,55407.6,30,55411,30,60,1824570
BANKNIFTY-I.NFO,16/05/2025,09:24:47,55411,55407.6,30,55416.8,60,30,1824570
BANKNIFTY-I.NFO,16/05/2025,09:24:49,55410.2,55408,90,55416.6,60,30,1824570
BANKNIFTY-I.NFO,16/05/2025,09:24:50,55408,55408,90,55416,60,90,1824570
BANKNIFTY-I.NFO,16/05/2025,09:24:51,55407.6,55400.2,90,55412.4,90,30,1824570
BANKNIFTY-I.NFO,16/05/2025,09:24:52,55400.2,55400.2,90,55411.8,120,30,1824570
BANKNIFTY-I.NFO,16/05/2025,09:24:54,55405,55400,810,55409.8,60,120,1824570
BANKNIFTY-I.NFO,16/05/2025,09:24:55,55400.2,55400,810,55409.8,120,60,1824570
BANKNIFTY-I.NFO,16/05/2025,09:24:56,55403.2,55403.2,90,55409.8,60,60,1824570
BANKNIFTY-I.NFO,16/05/2025,09:24:57,55403.2,55403.4,30,55409.8,120,300,1824570
BANKNIFTY-I.NFO,16/05/2025,09:24:59,55407.8,55400.2,30,55404.4,60,120,1824570
BANKNIFTY-I.NFO,16/05/2025,09:25:00,55402,55400.2,60,55404.4,120,30,1824570
BANKNIFTY-I.NFO,16/05/2025,09:25:01,55400.2,55403.2,60,55404.4,120,90,1824570
BANKNIFTY-I.NFO,16/05/2025,09:25:02,55393.8,55386,180,55396.6,30,1350,1824570
BANKNIFTY-I.NFO,16/05/2025,09:25:04,55393.8,55386.4,30,55396.6,150,0,1824570
BANKNIFTY-I.NFO,16/05/2025,09:25:05,55393.8,55386.4,30,55396,60,0,1824570
BANKNIFTY-I.NFO,16/05/2025,09:25:06,55394,55393.8,30,55395.8,60,30,1824570
BANKNIFTY-I.NFO,16/05/2025,09:25:07,55394.6,55386,180,55395.2,60,480,1824570
BANKNIFTY-I.NFO,16/05/2025,09:25:09,55395.2,55386,180,55394.8,30,30,1824570
BANKNIFTY-I.NFO,16/05/2025,09:25:10,55395.2,55386,180,55394.8,180,0,1824570
BANKNIFTY-I.NFO,16/05/2025,09:25:11,55395.2,55386,180,55394.6,30,0,1824570
BANKNIFTY-I.NFO,16/05/2025,09:25:12,55394.6,55394.6,30,55394.8,60,270,1824570
BANKNIFTY-I.NFO,16/05/2025,09:25:14,55390,55386,180,55389,30,60,1824570
BANKNIFTY-I.NFO,16/05/2025,09:25:15,55394.4,55394.6,150,55399.6,30,240,1824570
BANKNIFTY-I.NFO,16/05/2025,09:25:16,55410,55405.2,90,55417,60,240,1824570
BANKNIFTY-I.NFO,16/05/2025,09:25:17,55403,55403.4,30,55416.8,30,60,1824570
BANKNIFTY-I.NFO,16/05/2025,09:25:19,55406,55411.6,60,55415,30,30,1824570
BANKNIFTY-I.NFO,16/05/2025,09:25:20,55411.6,55405.6,30,55414.8,30,30,1824570
BANKNIFTY-I.NFO,16/05/2025,09:25:21,55405.4,55405.4,30,55412,270,60,1824570
BANKNIFTY-I.NFO,16/05/2025,09:25:22,55398.6,55398.6,120,55411.4,300,30,1824570
BANKNIFTY-I.NFO,16/05/2025,09:25:24,55406.8,55400.8,90,55410.8,300,30,1824570
BANKNIFTY-I.NFO,16/05/2025,09:25:25,55406.8,55401.2,90,55409.4,270,0,1824570
BANKNIFTY-I.NFO,16/05/2025,09:25:26,55401.2,55396.4,90,55407,270,30,1824570
BANKNIFTY-I.NFO,16/05/2025,09:25:27,55407,55395,30,55401.4,270,30,1824570
BANKNIFTY-I.NFO,16/05/2025,09:25:29,55407,55396,60,55400.8,300,0,1824570
BANKNIFTY-I.NFO,16/05/2025,09:25:30,55400.2,55400,30,55400.2,270,30,1824570
BANKNIFTY-I.NFO,16/05/2025,09:25:31,55399.8,55399,90,55399.8,240,1590,1824570
BANKNIFTY-I.NFO,16/05/2025,09:25:32,55399.8,55400.4,90,55401.4,270,990,1824570
BANKNIFTY-I.NFO,16/05/2025,09:25:34,55401.2,55401.2,90,55401.4,180,150,1824570
BANKNIFTY-I.NFO,16/05/2025,09:25:35,55401.4,55401.2,90,55401.4,90,240,1824570
BANKNIFTY-I.NFO,16/05/2025,09:25:36,55405.8,55405.6,150,55407,90,150,1824570
BANKNIFTY-I.NFO,16/05/2025,09:25:37,55416.8,55418.4,30,55420,300,300,1824570
BANKNIFTY-I.NFO,16/05/2025,09:25:39,55420,55423,60,55426,30,300,1824570
BANKNIFTY-I.NFO,16/05/2025,09:25:40,55426,55438.8,90,55443,30,30,1824570
BANKNIFTY-I.NFO,16/05/2025,09:25:41,55435,55425.4,90,55432,150,570,1824570
BANKNIFTY-I.NFO,16/05/2025,09:25:42,55420.4,55416.2,90,55425,30,30,1824570
BANKNIFTY-I.NFO,16/05/2025,09:25:44,55420.4,55412.8,120,55420,30,0,1824570
BANKNIFTY-I.NFO,16/05/2025,09:25:45,55420,55431.6,90,55438.6,120,60,1824570
BANKNIFTY-I.NFO,16/05/2025,09:25:46,55443,55443.4,30,55444.6,180,120,1824570
BANKNIFTY-I.NFO,16/05/2025,09:25:47,55434.4,55434.4,90,55443.4,30,300,1824570
BANKNIFTY-I.NFO,16/05/2025,09:25:49,55434.4,55434.4,90,55443.2,30,0,1824570
BANKNIFTY-I.NFO,16/05/2025,09:25:50,55443.2,55437.6,90,55445.8,30,30,1824570
BANKNIFTY-I.NFO,16/05/2025,09:25:51,55443.2,55437.6,90,55445.8,30,0,1824570
BANKNIFTY-I.NFO,16/05/2025,09:25:52,55443.2,55434.6,90,55445.6,120,0,1824570
BANKNIFTY-I.NFO,16/05/2025,09:25:54,55438,55434.4,30,55434.6,150,210,1824570
BANKNIFTY-I.NFO,16/05/2025,09:25:55,55433.4,55423.8,90,55434.6,150,150,1824570
BANKNIFTY-I.NFO,16/05/2025,09:25:56,55433.4,55423.8,90,55433.6,180,0,1824570
BANKNIFTY-I.NFO,16/05/2025,09:25:57,55420,55410,120,55422.6,30,90,1824570
BANKNIFTY-I.NFO,16/05/2025,09:25:59,55417.8,55410,60,55422.4,120,90,1824570
BANKNIFTY-I.NFO,16/05/2025,09:26:00,55421.8,55410.2,60,55418.4,120,630,1824570
BANKNIFTY-I.NFO,16/05/2025,09:26:01,55410.2,55410,60,55414.4,120,60,1824570
BANKNIFTY-I.NFO,16/05/2025,09:26:02,55414,55410,90,55414.4,180,30,1824570
BANKNIFTY-I.NFO,16/05/2025,09:26:04,55414.4,55410,90,55412.8,90,30,1824570
BANKNIFTY-I.NFO,16/05/2025,09:26:05,55414.4,55410,90,55412.8,270,0,1824570
BANKNIFTY-I.NFO,16/05/2025,09:26:06,55412.8,55410,90,55412.6,60,120,1824570
BANKNIFTY-I.NFO,16/05/2025,09:26:07,55412,55404.6,90,55412.6,150,180,1824570
BANKNIFTY-I.NFO,16/05/2025,09:26:09,55412,55409.6,30,55412.6,150,0,1824570
BANKNIFTY-I.NFO,16/05/2025,09:26:10,55412,55405.8,30,55412.4,150,0,1824570
BANKNIFTY-I.NFO,16/05/2025,09:26:11,55405.8,55405.6,90,55412.2,60,90,1824570
BANKNIFTY-I.NFO,16/05/2025,09:26:12,55405.8,55405.6,90,55412,60,0,1824570
BANKNIFTY-I.NFO,16/05/2025,09:26:14,55411.8,55403.2,30,55411.8,30,60,1824570
BANKNIFTY-I.NFO,16/05/2025,09:26:15,55411.8,55403.2,30,55409.8,30,0,1824570
BANKNIFTY-I.NFO,16/05/2025,09:26:16,55409.8,55403.2,60,55409.8,150,30,1824570
BANKNIFTY-I.NFO,16/05/2025,09:26:17,55409.8,55403.2,60,55409.8,270,0,1824570
BANKNIFTY-I.NFO,16/05/2025,09:26:19,55409.8,55403.6,30,55409.2,30,30,1824570
BANKNIFTY-I.NFO,16/05/2025,09:26:20,55409.8,55403.6,30,55408.4,30,0,1824570
BANKNIFTY-I.NFO,16/05/2025,09:26:21,55408.2,55408.2,60,55408.4,150,60,1824570
BANKNIFTY-I.NFO,16/05/2025,09:26:22,55403.6,55403.4,30,55408.2,120,90,1824570
BANKNIFTY-I.NFO,16/05/2025,09:26:24,55403.4,55403.2,30,55407.6,30,30,1824570
BANKNIFTY-I.NFO,16/05/2025,09:26:25,55403.4,55403.2,30,55407.4,60,0,1824570
BANKNIFTY-I.NFO,16/05/2025,09:26:26,55403.4,55403.2,30,55407.4,210,0,1824570
BANKNIFTY-I.NFO,16/05/2025,09:26:27,55403.4,55403.4,60,55404.8,30,0,1824570
BANKNIFTY-I.NFO,16/05/2025,09:26:29,55400.4,55400,420,55400.8,30,180,1824570
BANKNIFTY-I.NFO,16/05/2025,09:26:30,55400.8,55395,30,55400.8,270,540,1824570
BANKNIFTY-I.NFO,16/05/2025,09:26:31,55400.8,55395.2,30,55399.2,30,0,1824570
BANKNIFTY-I.NFO,16/05/2025,09:26:32,55395.2,55395,30,55399,30,30,1824570
BANKNIFTY-I.NFO,16/05/2025,09:26:34,55395,55390,60,55398.4,60,30,1824570
BANKNIFTY-I.NFO,16/05/2025,09:26:35,55395,55390,60,55398,30,0,1824570
BANKNIFTY-I.NFO,16/05/2025,09:26:36,55395,55390,60,55398,270,0,1824570
BANKNIFTY-I.NFO,16/05/2025,09:26:37,55391.2,55390.2,120,55397.8,60,90,1824570
BANKNIFTY-I.NFO,16/05/2025,09:26:39,55391.2,55391.2,90,55397.8,270,0,1824570
BANKNIFTY-I.NFO,16/05/2025,09:26:40,55391.6,55390,60,55397.2,60,30,1824570
BANKNIFTY-I.NFO,16/05/2025,09:26:41,55391.6,55390,60,55397.2,300,0,1824570
BANKNIFTY-I.NFO,16/05/2025,09:26:42,55392.2,55392,30,55396.6,30,60,1824570
BANKNIFTY-I.NFO,16/05/2025,09:26:44,55390.2,55390,60,55396,30,60,1824570
BANKNIFTY-I.NFO,16/05/2025,09:26:45,55386.2,55386,180,55390,120,150,1824570
BANKNIFTY-I.NFO,16/05/2025,09:26:46,55388.2,55380,180,55386,30,210,1824570
BANKNIFTY-I.NFO,16/05/2025,09:26:47,55380,55380,150,55386,630,30,1824570
BANKNIFTY-I.NFO,16/05/2025,09:26:49,55380,55380,150,55385.8,210,0,1824570
BANKNIFTY-I.NFO,16/05/2025,09:26:50,55380,55380,30,55385.6,30,120,1824570
BANKNIFTY-I.NFO,16/05/2025,09:26:51,55376.8,55382.6,60,55385.4,210,120,1824570
BANKNIFTY-I.NFO,16/05/2025,09:26:52,55378.2,55378.2,150,55385.2,120,330,1824570
BANKNIFTY-I.NFO,16/05/2025,09:26:54,55380,55378.8,90,55385.2,360,30,1824570
BANKNIFTY-I.NFO,16/05/2025,09:26:55,55385,55382.2,150,55385,180,150,1824570
BANKNIFTY-I.NFO,16/05/2025,09:26:56,55385,55382.8,30,55384.8,90,90,1824570
BANKNIFTY-I.NFO,16/05/2025,09:26:57,55382.6,55378.4,120,55384.2,60,60,1824570
BANKNIFTY-I.NFO,16/05/2025,09:26:59,55378.2,55375,60,55384.2,240,270,1824570
BANKNIFTY-I.NFO,16/05/2025,09:27:00,55378.2,55375.2,30,55384,60,0,1824570
BANKNIFTY-I.NFO,16/05/2025,09:27:01,55384,55375.4,240,55384,330,60,1824570
BANKNIFTY-I.NFO,16/05/2025,09:27:02,55384,55379.6,30,55383.6,60,0,1824570
BANKNIFTY-I.NFO,16/05/2025,09:27:04,55384.6,55382.2,90,55385,30,510,1824570
BANKNIFTY-I.NFO,16/05/2025,09:27:05,55388,55387.8,30,55390,90,360,1824570
BANKNIFTY-I.NFO,16/05/2025,09:27:06,55389.6,55389.6,30,55389.8,90,30,1824570
BANKNIFTY-I.NFO,16/05/2025,09:27:07,55389.6,55384.4,60,55389.6,60,60,1824570
BANKNIFTY-I.NFO,16/05/2025,09:27:09,55389.6,55384.2,90,55385,30,0,1824570
BANKNIFTY-I.NFO,16/05/2025,09:27:10,55389.6,55384.2,60,55385,180,0,1824570
BANKNIFTY-I.NFO,16/05/2025,09:27:11,55384.2,55384.2,30,55384.8,30,60,1824570
BANKNIFTY-I.NFO,16/05/2025,09:27:12,55385,55382.2,30,55389.6,30,240,1824570
BANKNIFTY-I.NFO,16/05/2025,09:27:14,55389.6,55389.6,150,55390,90,210,1824570
BANKNIFTY-I.NFO,16/05/2025,09:27:15,55390,55389.8,30,55390,60,30,1824570
BANKNIFTY-I.NFO,16/05/2025,09:27:16,55390,55389.6,120,55390,90,120,1824570
BANKNIFTY-I.NFO,16/05/2025,09:27:17,55389.6,55389.6,90,55390,90,30,1824570
BANKNIFTY-I.NFO,16/05/2025,09:27:19,55389.6,55389.6,60,55390,90,30,1824570
BANKNIFTY-I.NFO,16/05/2025,09:27:20,55389.6,55389.6,60,55390,90,0,1824570
BANKNIFTY-I.NFO,16/05/2025,09:27:21,55389.8,55389.6,90,55390,150,60,1824570
BANKNIFTY-I.NFO,16/05/2025,09:27:22,55390,55389.6,90,55390,240,30,1824570
BANKNIFTY-I.NFO,16/05/2025,09:27:24,55390,55389.6,90,55390,240,0,1824570
BANKNIFTY-I.NFO,16/05/2025,09:27:25,55390,55389.6,90,55389.8,30,0,1824570
BANKNIFTY-I.NFO,16/05/2025,09:27:26,55389.8,55389.6,120,55389.8,210,30,1824570
BANKNIFTY-I.NFO,16/05/2025,09:27:27,55389.8,55389.6,120,55389.8,90,180,1824570
BANKNIFTY-I.NFO,16/05/2025,09:27:29,55390.4,55390.4,90,55396,60,210,1824570
BANKNIFTY-I.NFO,16/05/2025,09:27:30,55390.4,55389.6,120,55396,30,30,1824600
BANKNIFTY-I.NFO,16/05/2025,09:27:31,55394.8,55389.6,120,55396,30,30,1824600
BANKNIFTY-I.NFO,16/05/2025,09:27:32,55394.8,55389.6,210,55396,60,0,1824600
BANKNIFTY-I.NFO,16/05/2025,09:27:34,55394.8,55389.8,150,55396,60,0,1824600
BANKNIFTY-I.NFO,16/05/2025,09:27:35,55396,55389.8,150,55395.8,60,30,1824600
BANKNIFTY-I.NFO,16/05/2025,09:27:36,55385,55380,60,55386.6,210,510,1824600
BANKNIFTY-I.NFO,16/05/2025,09:27:38,55380,55376,120,55385,30,90,1824600
BANKNIFTY-I.NFO,16/05/2025,09:27:39,55380,55376,120,55384.4,30,0,1824600
BANKNIFTY-I.NFO,16/05/2025,09:27:40,55380,55376,120,55384.4,90,0,1824600
BANKNIFTY-I.NFO,16/05/2025,09:27:41,55384.4,55376,120,55384.2,60,90,1824600
BANKNIFTY-I.NFO,16/05/2025,09:27:43,55383.8,55376,120,55384.2,60,60,1824600
BANKNIFTY-I.NFO,16/05/2025,09:27:44,55376,55380,30,55384.2,60,60,1824600
BANKNIFTY-I.NFO,16/05/2025,09:27:45,55384,55380,60,55384.2,60,30,1824600
BANKNIFTY-I.NFO,16/05/2025,09:27:46,55384.2,55383,60,55384.6,30,60,1824600
BANKNIFTY-I.NFO,16/05/2025,09:27:48,55380,55380,30,55384.4,60,30,1824600
BANKNIFTY-I.NFO,16/05/2025,09:27:49,55385,55385,180,55389,30,120,1824600
BANKNIFTY-I.NFO,16/05/2025,09:27:50,55385,55385,150,55389,30,30,1824600
BANKNIFTY-I.NFO,16/05/2025,09:27:51,55385,55385,90,55389,60,120,1824600
BANKNIFTY-I.NFO,16/05/2025,09:27:53,55385,55385,60,55389,60,30,1824600
BANKNIFTY-I.NFO,16/05/2025,09:27:54,55385,55380,90,55388.8,90,90,1824600
BANKNIFTY-I.NFO,16/05/2025,09:27:55,55389,55380,60,55388.8,60,60,1824600
BANKNIFTY-I.NFO,16/05/2025,09:27:56,55389,55380,60,55388.8,60,0,1824600
BANKNIFTY-I.NFO,16/05/2025,09:27:58,55388.8,55381,30,55386,30,30,1824600
BANKNIFTY-I.NFO,16/05/2025,09:27:59,55380,55375,60,55380.4,30,90,1824600
BANKNIFTY-I.NFO,16/05/2025,09:28:00,55380.4,55371,60,55380.4,30,210,1824600
BANKNIFTY-I.NFO,16/05/2025,09:28:01,55380,55371,60,55380.4,60,30,1824600
BANKNIFTY-I.NFO,16/05/2025,09:28:03,55371,55371,30,55378.4,30,30,1824600
BANKNIFTY-I.NFO,16/05/2025,09:28:04,55370,55367.6,30,55370,60,180,1824600
BANKNIFTY-I.NFO,16/05/2025,09:28:05,55370,55367.6,30,55370,60,30,1824600
BANKNIFTY-I.NFO,16/05/2025,09:28:06,55370.6,55370.2,30,55375,30,90,1824600
BANKNIFTY-I.NFO,16/05/2025,09:28:08,55370.6,55370,90,55375,30,0,1824600
BANKNIFTY-I.NFO,16/05/2025,09:28:09,55375,55370,60,55377.4,30,30,1824600
BANKNIFTY-I.NFO,16/05/2025,09:28:10,55375,55370,60,55375,30,30,1824600
BANKNIFTY-I.NFO,16/05/2025,09:28:11,55377.6,55377.6,120,55387.4,30,180,1824600
BANKNIFTY-I.NFO,16/05/2025,09:28:13,55381.6,55371,90,55382.6,60,60,1824600
BANKNIFTY-I.NFO,16/05/2025,09:28:14,55382.6,55375.2,90,55382.6,90,30,1824600
BANKNIFTY-I.NFO,16/05/2025,09:28:15,55377.6,55379.4,60,55382.6,60,270,1824600
BANKNIFTY-I.NFO,16/05/2025,09:28:16,55371,55371,120,55382.4,30,60,1824600
BANKNIFTY-I.NFO,16/05/2025,09:28:18,55371,55378,90,55382.4,60,0,1824600
BANKNIFTY-I.NFO,16/05/2025,09:28:19,55390.2,55385.4,30,55389.8,30,90,1824600
BANKNIFTY-I.NFO,16/05/2025,09:28:20,55389.6,55372,60,55382.8,60,60,1824600
BANKNIFTY-I.NFO,16/05/2025,09:28:21,55389.6,55372,90,55382,60,0,1824600
BANKNIFTY-I.NFO,16/05/2025,09:28:23,55389.6,55372.6,30,55382,180,0,1824600
BANKNIFTY-I.NFO,16/05/2025,09:28:24,55372.6,55372.6,30,55381.4,120,30,1824600
BANKNIFTY-I.NFO,16/05/2025,09:28:25,55381,55372.6,30,55380.8,90,270,1824600
BANKNIFTY-I.NFO,16/05/2025,09:28:26,55381,55372.6,30,55380.2,60,0,1824600
BANKNIFTY-I.NFO,16/05/2025,09:28:27,55370.4,55370,30,55379.6,60,180,1824600
BANKNIFTY-I.NFO,16/05/2025,09:28:29,55378.6,55370,30,55378.6,60,90,1824600
BANKNIFTY-I.NFO,16/05/2025,09:28:30,55377.8,55371,30,55374.8,90,60,1824600
BANKNIFTY-I.NFO,16/05/2025,09:28:31,55371,55370.2,30,55373,30,30,1824600
BANKNIFTY-I.NFO,16/05/2025,09:28:32,55371,55370.2,30,55373,270,0,1824600
BANKNIFTY-I.NFO,16/05/2025,09:28:34,55373,55370.2,30,55372.4,30,30,1824600
BANKNIFTY-I.NFO,16/05/2025,09:28:35,55370.2,55370,120,55372.2,30,30,1824600
BANKNIFTY-I.NFO,16/05/2025,09:28:36,55370.2,55370,120,55372.2,300,0,1824600
BANKNIFTY-I.NFO,16/05/2025,09:28:37,55370.2,55370,120,55371.6,30,0,1824600
BANKNIFTY-I.NFO,16/05/2025,09:28:39,55370.2,55370,120,55371.6,360,0,1824600
BANKNIFTY-I.NFO,16/05/2025,09:28:40,55370.2,55370,150,55371,90,0,1824600
BANKNIFTY-I.NFO,16/05/2025,09:28:41,55371,55370,150,55371,270,30,1824600
BANKNIFTY-I.NFO,16/05/2025,09:28:42,55370.2,55370.2,60,55371,300,60,1824600
BANKNIFTY-I.NFO,16/05/2025,09:28:44,55370.2,55370,150,55370.4,30,60,1824600
BANKNIFTY-I.NFO,16/05/2025,09:28:45,55371,55375.2,60,55381,30,390,1824600
BANKNIFTY-I.NFO,16/05/2025,09:28:46,55371,55371,30,55381,30,0,1824600
BANKNIFTY-I.NFO,16/05/2025,09:28:47,55371,55371,30,55373.6,30,0,1824600
BANKNIFTY-I.NFO,16/05/2025,09:28:49,55370.2,55370,150,55373.6,90,90,1824600
BANKNIFTY-I.NFO,16/05/2025,09:28:50,55370,55370,120,55373.6,90,30,1824600
BANKNIFTY-I.NFO,16/05/2025,09:28:51,55370,55372,30,55373.6,120,0,1824600
BANKNIFTY-I.NFO,16/05/2025,09:28:52,55372,55370,120,55373.2,120,30,1824600
BANKNIFTY-I.NFO,16/05/2025,09:28:54,55370,55365,120,55371.2,30,120,1824600
BANKNIFTY-I.NFO,16/05/2025,09:28:55,55364.2,55360,120,55364.8,30,240,1824600
BANKNIFTY-I.NFO,16/05/2025,09:28:56,55356,55352.2,30,55355,30,180,1824600
BANKNIFTY-I.NFO,16/05/2025,09:28:57,55353,55352,30,55355,210,60,1824600
BANKNIFTY-I.NFO,16/05/2025,09:28:59,55351,55351,180,55354.8,120,60,1824600
BANKNIFTY-I.NFO,16/05/2025,09:29:00,55351,55351,60,55354.6,30,120,1824600
BANKNIFTY-I.NFO,16/05/2025,09:29:01,55351,55351,60,55354.4,60,30,1824600
BANKNIFTY-I.NFO,16/05/2025,09:29:02,55351,55351,60,55354.4,240,0,1824600
BANKNIFTY-I.NFO,16/05/2025,09:29:04,55354.6,55353.2,270,55355,30,510,1824600
BANKNIFTY-I.NFO,16/05/2025,09:29:05,55355,55356,30,55360,30,30,1824600
BANKNIFTY-I.NFO,16/05/2025,09:29:06,55355,55354.8,30,55360,120,0,1824600
BANKNIFTY-I.NFO,16/05/2025,09:29:07,55359.6,55357.4,30,55359.8,120,240,1824600
BANKNIFTY-I.NFO,16/05/2025,09:29:09,55375,55374.8,30,55381,30,570,1824600
BANKNIFTY-I.NFO,16/05/2025,09:29:10,55386,55386,30,55393.6,60,360,1824600
BANKNIFTY-I.NFO,16/05/2025,09:29:11,55386.2,55386,30,55393.4,120,30,1824600
BANKNIFTY-I.NFO,16/05/2025,09:29:12,55386,55383,30,55386.2,60,30,1824600
BANKNIFTY-I.NFO,16/05/2025,09:29:14,55386.2,55381,30,55386.2,60,180,1824600
BANKNIFTY-I.NFO,16/05/2025,09:29:15,55386.2,55381,30,55386.2,150,0,1824600
BANKNIFTY-I.NFO,16/05/2025,09:29:16,55386,55383.6,60,55386,30,60,1824600
BANKNIFTY-I.NFO,16/05/2025,09:29:17,55395,55386.2,30,55399,360,420,1824600
BANKNIFTY-I.NFO,16/05/2025,09:29:19,55395,55392,60,55399,360,0,1824600
BANKNIFTY-I.NFO,16/05/2025,09:29:20,55391.8,55387,300,55395,210,60,1824600
BANKNIFTY-I.NFO,16/05/2025,09:29:21,55391.8,55387.6,60,55395,270,0,1824600
BANKNIFTY-I.NFO,16/05/2025,09:29:22,55391,55385.2,30,55391.8,90,60,1824600
BANKNIFTY-I.NFO,16/05/2025,09:29:24,55386.8,55386.6,30,55391.8,300,30,1824600
BANKNIFTY-I.NFO,16/05/2025,09:29:25,55380.4,55381.8,240,55391.4,90,240,1824600
BANKNIFTY-I.NFO,16/05/2025,09:29:26,55380.4,55379.8,330,55390,120,0,1824600
BANKNIFTY-I.NFO,16/05/2025,09:29:27,55390,55389.8,30,55390,90,240,1824600
BANKNIFTY-I.NFO,16/05/2025,09:29:29,55389.8,55388.6,30,55389.8,30,60,1824600
BANKNIFTY-I.NFO,16/05/2025,09:29:30,55389.8,55393.6,30,55399,360,90,1824600
BANKNIFTY-I.NFO,16/05/2025,09:29:31,55399,55394.8,60,55399,180,180,1824600
BANKNIFTY-I.NFO,16/05/2025,09:29:32,55399,55398.2,120,55399.2,30,240,1824600
BANKNIFTY-I.NFO,16/05/2025,09:29:34,55398.8,55399.4,30,55400,90,60,1824600
BANKNIFTY-I.NFO,16/05/2025,09:29:35,55399.6,55396.8,30,55400,60,150,1824600
BANKNIFTY-I.NFO,16/05/2025,09:29:36,55412.8,55405,30,55413.6,240,270,1824600
BANKNIFTY-I.NFO,16/05/2025,09:29:37,55412.8,55406.8,240,55413.4,60,0,1824600
BANKNIFTY-I.NFO,16/05/2025,09:29:39,55419.8,55405,30,55413.2,60,240,1824600
BANKNIFTY-I.NFO,16/05/2025,09:29:40,55419.8,55407,300,55413.2,90,0,1824600
BANKNIFTY-I.NFO,16/05/2025,09:29:41,55419.8,55407.4,330,55413.2,90,0,1824600
BANKNIFTY-I.NFO,16/05/2025,09:29:42,55413.2,55415,60,55420,90,120,1824600
BANKNIFTY-I.NFO,16/05/2025,09:29:44,55413.2,55415,90,55420,90,0,1824600
BANKNIFTY-I.NFO,16/05/2025,09:29:45,55415,55416.4,180,55419.8,30,30,1824600
BANKNIFTY-I.NFO,16/05/2025,09:29:46,55434.4,55434.2,90,55435.8,180,330,1824600
BANKNIFTY-I.NFO,16/05/2025,09:29:47,55426.2,55426.2,150,55436.2,120,150,1824600
BANKNIFTY-I.NFO,16/05/2025,09:29:49,55426.2,55434.8,60,55442.2,210,0,1824600
BANKNIFTY-I.NFO,16/05/2025,09:29:50,55428.2,55426.2,60,55440.8,90,330,1824600
BANKNIFTY-I.NFO,16/05/2025,09:29:51,55443.4,55429.2,90,55440.8,60,600,1824600
BANKNIFTY-I.NFO,16/05/2025,09:29:52,55440.8,55436.4,30,55440.8,120,30,1824600
BANKNIFTY-I.NFO,16/05/2025,09:29:54,55436.2,55430.8,60,55440.4,60,60,1824600
BANKNIFTY-I.NFO,16/05/2025,09:29:55,55440.4,55431.4,300,55440.4,90,60,1824600
BANKNIFTY-I.NFO,16/05/2025,09:29:56,55440.4,55428,30,55439.8,30,0,1824600
BANKNIFTY-I.NFO,16/05/2025,09:29:58,55439.8,55430.8,30,55439.8,90,30,1824600
BANKNIFTY-I.NFO,16/05/2025,09:29:59,55439.8,55430.8,30,55439.8,90,30,1824600
BANKNIFTY-I.NFO,16/05/2025,09:30:00,55439.8,55431.4,60,55439.8,150,0,1824600
BANKNIFTY-I.NFO,16/05/2025,09:30:01,55425.2,55425.6,300,55439.8,150,480,1824600
BANKNIFTY-I.NFO,16/05/2025,09:30:03,55439.8,55428.2,330,55439.8,90,60,1824600
BANKNIFTY-I.NFO,16/05/2025,09:30:04,55464,55462,60,55465.2,60,660,1824600
BANKNIFTY-I.NFO,16/05/2025,09:30:05,55464.8,55468.2,90,55470,30,210,1824600
BANKNIFTY-I.NFO,16/05/2025,09:30:06,55480,55479,60,55480,60,480,1824600
BANKNIFTY-I.NFO,16/05/2025,09:30:08,55488.8,55488.8,120,55490,120,660,1824600
BANKNIFTY-I.NFO,16/05/2025,09:30:09,55495,55492,30,55495,450,540,1824600
BANKNIFTY-I.NFO,16/05/2025,09:30:10,55495,55494,30,55495,360,270,1824600
BANKNIFTY-I.NFO,16/05/2025,09:30:11,55494.6,55479.6,120,55494.8,150,60,1824600
BANKNIFTY-I.NFO,16/05/2025,09:30:13,55494.2,55478.2,30,55486.8,30,30,1824600
BANKNIFTY-I.NFO,16/05/2025,09:30:14,55494.2,55477.2,90,55490.2,30,0,1824600
BANKNIFTY-I.NFO,16/05/2025,09:30:15,55478.2,55476,30,55481.6,30,90,1824600
BANKNIFTY-I.NFO,16/05/2025,09:30:16,55465.2,55475.8,30,55490.2,60,330,1824600
BANKNIFTY-I.NFO,16/05/2025,09:30:18,55490.2,55477.6,270,55490,30,120,1824600
BANKNIFTY-I.NFO,16/05/2025,09:30:19,55489.8,55475,240,55484.6,90,240,1824600
BANKNIFTY-I.NFO,16/05/2025,09:30:20,55484.6,55477.4,240,55484.6,90,90,1824600
BANKNIFTY-I.NFO,16/05/2025,09:30:21,55476,55465.2,240,55478.4,60,60,1824600
BANKNIFTY-I.NFO,16/05/2025,09:30:23,55470.4,55465.2,240,55470.6,60,30,1824600
BANKNIFTY-I.NFO,16/05/2025,09:30:24,55465.4,55460,30,55464.8,30,270,1824600
BANKNIFTY-I.NFO,16/05/2025,09:30:25,55460,55445.8,30,55462.8,30,150,1824600
BANKNIFTY-I.NFO,16/05/2025,09:30:26,55463,55454.6,240,55462.8,30,30,1824600
BANKNIFTY-I.NFO,16/05/2025,09:30:28,55461,55462.6,240,55480.2,30,180,1824600
BANKNIFTY-I.NFO,16/05/2025,09:30:29,55481,55463.4,270,55480.6,30,60,1824600
BANKNIFTY-I.NFO,16/05/2025,09:30:30,55481,55469,30,55480.2,30,0,1824600
BANKNIFTY-I.NFO,16/05/2025,09:30:31,55475.2,55462.8,30,55473,60,30,1824390
BANKNIFTY-I.NFO,16/05/2025,09:30:33,55475.6,55462.8,30,55473,60,60,1824390
BANKNIFTY-I.NFO,16/05/2025,09:30:34,55473,55462.8,30,55473,60,120,1824390
BANKNIFTY-I.NFO,16/05/2025,09:30:35,55473,55463,240,55478.4,30,60,1824390
BANKNIFTY-I.NFO,16/05/2025,09:30:36,55473,55467.6,30,55478.4,30,0,1824390
BANKNIFTY-I.NFO,16/05/2025,09:30:38,55481,55468.8,240,55485.6,120,150,1824390
BANKNIFTY-I.NFO,16/05/2025,09:30:39,55483.6,55468,90,55482.8,180,60,1824390
BANKNIFTY-I.NFO,16/05/2025,09:30:40,55478.4,55468.6,240,55482.8,30,30,1824390
BANKNIFTY-I.NFO,16/05/2025,09:30:41,55480,55468,330,55478.4,30,30,1824390
BANKNIFTY-I.NFO,16/05/2025,09:30:43,55480,55465,60,55475,60,0,1824390
BANKNIFTY-I.NFO,16/05/2025,09:30:44,55475,55465,270,55475,60,90,1824390
BANKNIFTY-I.NFO,16/05/2025,09:30:45,55468.4,55467.6,270,55475,60,30,1824390
BANKNIFTY-I.NFO,16/05/2025,09:30:46,55468.4,55467.4,240,55475,60,0,1824390
BANKNIFTY-I.NFO,16/05/2025,09:30:48,55480,55483,30,55490,30,150,1824390
BANKNIFTY-I.NFO,16/05/2025,09:30:49,55489.8,55483,30,55489.8,90,30,1824390
BANKNIFTY-I.NFO,16/05/2025,09:30:50,55489.8,55483,30,55489.8,30,60,1824390
BANKNIFTY-I.NFO,16/05/2025,09:30:51,55489.8,55483,30,55489.8,30,0,1824390
BANKNIFTY-I.NFO,16/05/2025,09:30:53,55490,55483.6,60,55494,30,90,1824390
BANKNIFTY-I.NFO,16/05/2025,09:30:54,55489.8,55480.8,90,55489.8,60,90,1824390
BANKNIFTY-I.NFO,16/05/2025,09:30:55,55489.8,55480.8,90,55489.8,30,30,1824390
BANKNIFTY-I.NFO,16/05/2025,09:30:56,55478.2,55478.2,240,55483,30,30,1824390
BANKNIFTY-I.NFO,16/05/2025,09:30:58,55483,55477.6,90,55483,90,30,1824390
BANKNIFTY-I.NFO,16/05/2025,09:30:59,55483,55478,330,55483,60,30,1824390
BANKNIFTY-I.NFO,16/05/2025,09:31:00,55483,55482,60,55483,60,60,1824390
BANKNIFTY-I.NFO,16/05/2025,09:31:01,55483,55482,60,55483,60,0,1824390
BANKNIFTY-I.NFO,16/05/2025,09:31:03,55482,55480,30,55482.6,60,90,1824390
BANKNIFTY-I.NFO,16/05/2025,09:31:04,55481.2,55480,30,55482,30,60,1824390
BANKNIFTY-I.NFO,16/05/2025,09:31:05,55478.4,55475,60,55480.2,30,150,1824390
BANKNIFTY-I.NFO,16/05/2025,09:31:06,55478.4,55475,60,55480.2,60,0,1824390
BANKNIFTY-I.NFO,16/05/2025,09:31:07,55484.8,55475,60,55480.2,30,150,1824390
BANKNIFTY-I.NFO,16/05/2025,09:31:09,55475,55475,30,55480.2,30,30,1824390
BANKNIFTY-I.NFO,16/05/2025,09:31:10,55480.2,55475,30,55480.2,60,30,1824390
BANKNIFTY-I.NFO,16/05/2025,09:31:11,55480.2,55475,30,55480.2,60,0,1824390
BANKNIFTY-I.NFO,16/05/2025,09:31:12,55475,55470.4,270,55480.2,90,30,1824390
BANKNIFTY-I.NFO,16/05/2025,09:31:14,55475,55469.6,90,55480.2,90,0,1824390
BANKNIFTY-I.NFO,16/05/2025,09:31:15,55475,55471.2,240,55480.2,90,0,1824390
BANKNIFTY-I.NFO,16/05/2025,09:31:16,55484.8,55480.2,60,55488.4,30,180,1824390
BANKNIFTY-I.NFO,16/05/2025,09:31:17,55484.8,55480.2,60,55489.8,30,0,1824390
BANKNIFTY-I.NFO,16/05/2025,09:31:19,55481.2,55484,60,55489.8,30,30,1824390
BANKNIFTY-I.NFO,16/05/2025,09:31:20,55490,55489.2,30,55494.2,30,510,1824390
BANKNIFTY-I.NFO,16/05/2025,09:31:21,55490,55487.2,90,55494.2,30,0,1824390
BANKNIFTY-I.NFO,16/05/2025,09:31:22,55494.8,55482,90,55495,330,90,1824390
BANKNIFTY-I.NFO,16/05/2025,09:31:24,55494.8,55480.2,30,55484,30,0,1824390
BANKNIFTY-I.NFO,16/05/2025,09:31:26,55484,55480.8,330,55484,30,30,1824390
BANKNIFTY-I.NFO,16/05/2025,09:31:27,55489.8,55483.6,90,55495,240,180,1824390
BANKNIFTY-I.NFO,16/05/2025,09:31:29,55489.8,55483.6,90,55494.2,30,0,1824390
BANKNIFTY-I.NFO,16/05/2025,09:31:30,55495,55485,90,55495,60,210,1824390
BANKNIFTY-I.NFO,16/05/2025,09:31:31,55495,55485.6,90,55495,30,30,1824390
BANKNIFTY-I.NFO,16/05/2025,09:31:32,55496.2,55487.4,120,55496.2,330,360,1824390
BANKNIFTY-I.NFO,16/05/2025,09:31:34,55496.2,55489,30,55495,30,0,1824390
BANKNIFTY-I.NFO,16/05/2025,09:31:35,55495,55490,60,55496.2,390,30,1824390
BANKNIFTY-I.NFO,16/05/2025,09:31:36,55496,55495.8,30,55496,90,30,1824390
BANKNIFTY-I.NFO,16/05/2025,09:31:37,55498,55489.8,30,55498,30,690,1824390
BANKNIFTY-I.NFO,16/05/2025,09:31:39,55498.8,55491.2,30,55499,120,90,1824390
BANKNIFTY-I.NFO,16/05/2025,09:31:40,55491.2,55495.2,30,55498.8,60,300,1824390
BANKNIFTY-I.NFO,16/05/2025,09:31:41,55495,55495,30,55500,1350,60,1824390
BANKNIFTY-I.NFO,16/05/2025,09:31:42,55501,55500,90,55504,30,1380,1824390
BANKNIFTY-I.NFO,16/05/2025,09:31:44,55506,55500.2,60,55506,90,60,1824390
BANKNIFTY-I.NFO,16/05/2025,09:31:45,55506,55502.6,60,55506,30,630,1824390
BANKNIFTY-I.NFO,16/05/2025,09:31:46,55510,55510,30,55514.2,540,240,1824390
BANKNIFTY-I.NFO,16/05/2025,09:31:47,55514,55510.4,30,55514.2,510,90,1824390
BANKNIFTY-I.NFO,16/05/2025,09:31:49,55514,55510.4,90,55514.2,510,0,1824390
BANKNIFTY-I.NFO,16/05/2025,09:31:50,55514.2,55514,120,55514.2,330,210,1824390
BANKNIFTY-I.NFO,16/05/2025,09:31:51,55514.2,55513.8,90,55514.2,30,390,1824390
BANKNIFTY-I.NFO,16/05/2025,09:31:52,55525,55515.6,120,55525.8,30,420,1824390
BANKNIFTY-I.NFO,16/05/2025,09:31:54,55525,55516,30,55521.6,30,0,1824390
BANKNIFTY-I.NFO,16/05/2025,09:31:55,55532.4,55524.4,120,55534,30,240,1824390
BANKNIFTY-I.NFO,16/05/2025,09:31:56,55520,55514.2,90,55520,300,360,1824390
BANKNIFTY-I.NFO,16/05/2025,09:31:57,55519,55514.6,30,55520,150,180,1824390
BANKNIFTY-I.NFO,16/05/2025,09:31:59,55520,55514.2,30,55520,30,120,1824390
BANKNIFTY-I.NFO,16/05/2025,09:32:00,55520,55519,60,55520,540,90,1824390
BANKNIFTY-I.NFO,16/05/2025,09:32:01,55520,55519,60,55520,360,180,1824390
BANKNIFTY-I.NFO,16/05/2025,09:32:02,55520,55519,60,55520,150,210,1824390
BANKNIFTY-I.NFO,16/05/2025,09:32:04,55520,55519,30,55520,120,60,1824390
BANKNIFTY-I.NFO,16/05/2025,09:32:05,55515,55510,60,55517,90,600,1824390
BANKNIFTY-I.NFO,16/05/2025,09:32:06,55510,55510,30,55514.8,90,90,1824390
BANKNIFTY-I.NFO,16/05/2025,09:32:07,55514.6,55506.8,60,55514.6,30,90,1824390
BANKNIFTY-I.NFO,16/05/2025,09:32:09,55514.6,55510,60,55514.6,30,360,1824390
BANKNIFTY-I.NFO,16/05/2025,09:32:10,55507,55506.8,30,55514.6,60,360,1824390
BANKNIFTY-I.NFO,16/05/2025,09:32:11,55514.4,55503.4,240,55518.8,120,60,1824390
BANKNIFTY-I.NFO,16/05/2025,09:32:13,55520,55514.6,600,55518.8,60,300,1824390
BANKNIFTY-I.NFO,16/05/2025,09:32:14,55518.8,55514.6,600,55518.8,30,60,1824390
BANKNIFTY-I.NFO,16/05/2025,09:32:15,55518.8,55514.6,600,55518.6,30,0,1824390
BANKNIFTY-I.NFO,16/05/2025,09:32:16,55520,55514.6,570,55520,390,150,1824390
BANKNIFTY-I.NFO,16/05/2025,09:32:18,55520,55514.6,570,55518.8,30,30,1824390
BANKNIFTY-I.NFO,16/05/2025,09:32:19,55520,55514.6,570,55518.8,30,0,1824390
BANKNIFTY-I.NFO,16/05/2025,09:32:20,55518.8,55514.6,570,55519.8,60,30,1824390
BANKNIFTY-I.NFO,16/05/2025,09:32:21,55515,55510,30,55513.8,60,750,1824390
BANKNIFTY-I.NFO,16/05/2025,09:32:23,55515,55510,30,55513.8,60,0,1824390
BANKNIFTY-I.NFO,16/05/2025,09:32:24,55515,55505,30,55514,30,0,1824390
BANKNIFTY-I.NFO,16/05/2025,09:32:25,55513.8,55510,30,55513.8,30,30,1824390
BANKNIFTY-I.NFO,16/05/2025,09:32:26,55512,55510,30,55513,60,30,1824390
BANKNIFTY-I.NFO,16/05/2025,09:32:27,55510,55501,90,55511.2,60,30,1824390
BANKNIFTY-I.NFO,16/05/2025,09:32:29,55510,55500.8,30,55507,30,0,1824390
BANKNIFTY-I.NFO,16/05/2025,09:32:30,55510,55500.8,30,55506.2,30,0,1824390
BANKNIFTY-I.NFO,16/05/2025,09:32:31,55489,55488.8,60,55489,60,1170,1824390
BANKNIFTY-I.NFO,16/05/2025,09:32:32,55488.8,55488.6,120,55489,180,60,1824390
BANKNIFTY-I.NFO,16/05/2025,09:32:34,55489,55488.6,120,55489,210,30,1824390
BANKNIFTY-I.NFO,16/05/2025,09:32:35,55489,55488.6,120,55489,210,0,1824390
BANKNIFTY-I.NFO,16/05/2025,09:32:37,55480,55470,30,55482.6,240,480,1824390
BANKNIFTY-I.NFO,16/05/2025,09:32:39,55481.6,55475,30,55482,210,30,1824390
BANKNIFTY-I.NFO,16/05/2025,09:32:40,55481.6,55475,30,55481.6,60,0,1824390
BANKNIFTY-I.NFO,16/05/2025,09:32:41,55481.6,55475,30,55480.6,60,60,1824390
BANKNIFTY-I.NFO,16/05/2025,09:32:42,55480.8,55475,30,55479.6,60,90,1824390
BANKNIFTY-I.NFO,16/05/2025,09:32:44,55480.8,55475,30,55479.6,270,0,1824390
BANKNIFTY-I.NFO,16/05/2025,09:32:45,55479,55475,30,55479,90,30,1824390
BANKNIFTY-I.NFO,16/05/2025,09:32:46,55479,55475,30,55478.6,60,30,1824390
BANKNIFTY-I.NFO,16/05/2025,09:32:47,55475,55471.6,30,55475.6,30,30,1824390
BANKNIFTY-I.NFO,16/05/2025,09:32:49,55470,55466,30,55475,30,90,1824390
BANKNIFTY-I.NFO,16/05/2025,09:32:50,55466,55465,60,55467.4,30,120,1824390
BANKNIFTY-I.NFO,16/05/2025,09:32:51,55465,55461,30,55466.8,300,60,1824390
BANKNIFTY-I.NFO,16/05/2025,09:32:52,55465,55461,30,55466.2,30,0,1824390
BANKNIFTY-I.NFO,16/05/2025,09:32:54,55466.2,55461,30,55466.2,330,120,1824390
BANKNIFTY-I.NFO,16/05/2025,09:32:55,55465,55462.6,60,55465,30,30,1824390
BANKNIFTY-I.NFO,16/05/2025,09:32:56,55470.8,55458,240,55465,60,690,1824390
BANKNIFTY-I.NFO,16/05/2025,09:32:57,55465,55465.8,30,55474.8,60,210,1824390
BANKNIFTY-I.NFO,16/05/2025,09:32:59,55465.6,55463.4,90,55473.6,60,60,1824390
BANKNIFTY-I.NFO,16/05/2025,09:33:00,55461.6,55458.6,240,55473,60,30,1824390
BANKNIFTY-I.NFO,16/05/2025,09:33:01,55461.6,55459.2,270,55473,120,0,1824390
BANKNIFTY-I.NFO,16/05/2025,09:33:02,55461.6,55465,210,55472.8,60,0,1824390
BANKNIFTY-I.NFO,16/05/2025,09:33:04,55461.6,55465,210,55472.6,30,0,1824390
BANKNIFTY-I.NFO,16/05/2025,09:33:05,55472.6,55465.2,30,55472.6,120,30,1824390
BANKNIFTY-I.NFO,16/05/2025,09:33:06,55472.6,55466,30,55472.2,30,0,1824390
BANKNIFTY-I.NFO,16/05/2025,09:33:07,55472.2,55465.2,30,55472.2,90,30,1824390
BANKNIFTY-I.NFO,16/05/2025,09:33:09,55471.6,55465.2,30,55472,30,30,1824390
BANKNIFTY-I.NFO,16/05/2025,09:33:10,55461.6,55455.2,30,55461.6,1650,360,1824390
BANKNIFTY-I.NFO,16/05/2025,09:33:11,55461.4,55451,90,55461.2,90,150,1824390
BANKNIFTY-I.NFO,16/05/2025,09:33:12,55461.4,55451,90,55456.4,60,0,1824390
BANKNIFTY-I.NFO,16/05/2025,09:33:14,55448,55440.2,60,55450.8,60,180,1824390
BANKNIFTY-I.NFO,16/05/2025,09:33:15,55440.2,55431,60,55438.4,210,60,1824390
BANKNIFTY-I.NFO,16/05/2025,09:33:16,55431,55431,30,55435.8,180,30,1824390
BANKNIFTY-I.NFO,16/05/2025,09:33:17,55431,55429.4,30,55431,30,30,1824390
BANKNIFTY-I.NFO,16/05/2025,09:33:19,55429.4,55422,270,55429.4,30,30,1824390
BANKNIFTY-I.NFO,16/05/2025,09:33:20,55422,55422,240,55425.2,30,60,1824390
BANKNIFTY-I.NFO,16/05/2025,09:33:21,55422,55422,210,55425.2,300,120,1824390
BANKNIFTY-I.NFO,16/05/2025,09:33:22,55432.6,55422,180,55425.2,60,660,1824390
BANKNIFTY-I.NFO,16/05/2025,09:33:24,55422.2,55422,150,55435.4,60,180,1824390
BANKNIFTY-I.NFO,16/05/2025,09:33:25,55422.2,55422.4,90,55435.2,60,0,1824390
BANKNIFTY-I.NFO,16/05/2025,09:33:26,55422.2,55430,30,55435,30,0,1824390
BANKNIFTY-I.NFO,16/05/2025,09:33:27,55420,55415,120,55420,330,1350,1824390
BANKNIFTY-I.NFO,16/05/2025,09:33:29,55415,55410,90,55418.2,30,120,1824390
BANKNIFTY-I.NFO,16/05/2025,09:33:30,55418.2,55410,90,55418.2,90,30,1824390
BANKNIFTY-I.NFO,16/05/2025,09:33:31,55418.2,55412,60,55415,30,0,1824390
BANKNIFTY-I.NFO,16/05/2025,09:33:32,55415,55410,90,55415,150,60,1829160
BANKNIFTY-I.NFO,16/05/2025,09:33:34,55415,55410,90,55415,30,150,1829160
BANKNIFTY-I.NFO,16/05/2025,09:33:35,55415,55414.4,30,55415,30,210,1829160
BANKNIFTY-I.NFO,16/05/2025,09:33:36,55419,55419.4,30,55420,330,90,1829160
BANKNIFTY-I.NFO,16/05/2025,09:33:37,55419.6,55419.4,30,55419.8,30,570,1829160
BANKNIFTY-I.NFO,16/05/2025,09:33:39,55419.8,55415,360,55419.8,30,60,1829160
BANKNIFTY-I.NFO,16/05/2025,09:33:40,55419.8,55415,480,55419.8,60,0,1829160
BANKNIFTY-I.NFO,16/05/2025,09:33:41,55419.8,55415,480,55419.8,30,30,1829160
BANKNIFTY-I.NFO,16/05/2025,09:33:44,55419.8,55416.8,30,55419.8,30,30,1829160
BANKNIFTY-I.NFO,16/05/2025,09:33:45,55415,55415.2,180,55420,30,240,1829160
BANKNIFTY-I.NFO,16/05/2025,09:33:46,55420,55415,420,55420,60,30,1829160
BANKNIFTY-I.NFO,16/05/2025,09:33:47,55420,55417.8,30,55420,30,150,1829160
BANKNIFTY-I.NFO,16/05/2025,09:33:49,55420,55415,300,55420,30,0,1829160
BANKNIFTY-I.NFO,16/05/2025,09:33:50,55420,55416.8,120,55420,30,30,1829160
BANKNIFTY-I.NFO,16/05/2025,09:33:51,55420,55415.6,30,55420,30,0,1829160
BANKNIFTY-I.NFO,16/05/2025,09:33:52,55420,55419.2,60,55420,30,0,1829160
BANKNIFTY-I.NFO,16/05/2025,09:33:54,55420.8,55419.6,150,55422,30,150,1829160
BANKNIFTY-I.NFO,16/05/2025,09:33:55,55422,55419,150,55425,30,90,1829160
BANKNIFTY-I.NFO,16/05/2025,09:33:56,55422,55416.6,210,55425,120,0,1829160
BANKNIFTY-I.NFO,16/05/2025,09:33:57,55425,55420,30,55424.8,30,30,1829160
BANKNIFTY-I.NFO,16/05/2025,09:33:58,55425,55420,30,55424.8,150,0,1829160
BANKNIFTY-I.NFO,16/05/2025,09:34:00,55420,55420.4,60,55424.6,90,60,1829160
BANKNIFTY-I.NFO,16/05/2025,09:34:01,55424.4,55423.6,60,55424.6,180,30,1829160
BANKNIFTY-I.NFO,16/05/2025,09:34:02,55424.4,55422.8,60,55424.4,60,30,1829160
BANKNIFTY-I.NFO,16/05/2025,09:34:03,55424.4,55423,60,55424.4,180,0,1829160
BANKNIFTY-I.NFO,16/05/2025,09:34:05,55419.8,55416.6,210,55422,30,120,1829160
BANKNIFTY-I.NFO,16/05/2025,09:34:06,55416.6,55416.6,180,55419.6,90,30,1829160
BANKNIFTY-I.NFO,16/05/2025,09:34:07,55410.2,55410.2,90,55419.6,240,330,1829160
BANKNIFTY-I.NFO,16/05/2025,09:34:08,55410.2,55410.8,30,55419.2,30,0,1829160
BANKNIFTY-I.NFO,16/05/2025,09:34:10,55410.2,55411,30,55418.8,30,0,1829160
BANKNIFTY-I.NFO,16/05/2025,09:34:11,55408.2,55405,30,55409.4,90,120,1829160
BANKNIFTY-I.NFO,16/05/2025,09:34:12,55408.2,55405.2,30,55409.2,60,0,1829160
BANKNIFTY-I.NFO,16/05/2025,09:34:13,55408.2,55405.4,30,55409.2,150,0,1829160
BANKNIFTY-I.NFO,16/05/2025,09:34:15,55408.2,55405.6,30,55409,90,0,1829160
BANKNIFTY-I.NFO,16/05/2025,09:34:16,55408.6,55405.8,30,55408.8,30,60,1829160
BANKNIFTY-I.NFO,16/05/2025,09:34:17,55408.6,55405.8,30,55408.8,150,0,1829160
BANKNIFTY-I.NFO,16/05/2025,09:34:18,55408.6,55405.8,30,55408.8,180,0,1829160
BANKNIFTY-I.NFO,16/05/2025,09:34:20,55405.8,55405.6,30,55408.6,30,30,1829160
BANKNIFTY-I.NFO,16/05/2025,09:34:21,55408.6,55405,30,55408.6,150,120,1829160
BANKNIFTY-I.NFO,16/05/2025,09:34:22,55401.8,55402,30,55408.6,150,120,1829160
BANKNIFTY-I.NFO,16/05/2025,09:34:23,55401.8,55403,30,55408.4,120,0,1829160
BANKNIFTY-I.NFO,16/05/2025,09:34:25,55401.8,55403.2,30,55408.4,120,0,1829160
BANKNIFTY-I.NFO,16/05/2025,09:34:26,55400,55397.2,210,55399.8,120,780,1829160
BANKNIFTY-I.NFO,16/05/2025,09:34:27,55396.4,55391.2,30,55395.2,120,300,1829160
BANKNIFTY-I.NFO,16/05/2025,09:34:29,55392.6,55390,150,55392.6,90,90,1829160
BANKNIFTY-I.NFO,16/05/2025,09:34:30,55390,55386,30,55391.2,30,270,1829160
BANKNIFTY-I.NFO,16/05/2025,09:34:31,55386,55380.2,90,55391,30,30,1829160
BANKNIFTY-I.NFO,16/05/2025,09:34:32,55386,55381.6,90,55389,30,0,1829160
BANKNIFTY-I.NFO,16/05/2025,09:34:34,55389,55382.6,90,55389,240,30,1829160
BANKNIFTY-I.NFO,16/05/2025,09:34:35,55388.8,55381.8,30,55388.6,90,60,1829160
BANKNIFTY-I.NFO,16/05/2025,09:34:36,55380.4,55380,30,55383.2,90,120,1829160
BANKNIFTY-I.NFO,16/05/2025,09:34:37,55380,55378,30,55379.4,120,30,1829160
BANKNIFTY-I.NFO,16/05/2025,09:34:39,55378,55375,60,55379,90,30,1829160
BANKNIFTY-I.NFO,16/05/2025,09:34:40,55361.6,55367.2,90,55376.4,30,720,1829160
BANKNIFTY-I.NFO,16/05/2025,09:34:41,55361.6,55366,180,55371.6,120,150,1829160
BANKNIFTY-I.NFO,16/05/2025,09:34:42,55360,55360,60,55368.6,30,210,1829160
BANKNIFTY-I.NFO,16/05/2025,09:34:44,55360,55360,60,55363.6,120,360,1829160
BANKNIFTY-I.NFO,16/05/2025,09:34:45,55360,55360,30,55361.6,150,30,1829160
BANKNIFTY-I.NFO,16/05/2025,09:34:46,55361.4,55361.2,30,55361.4,30,150,1829160
BANKNIFTY-I.NFO,16/05/2025,09:34:47,55361.4,55360,30,55361.2,30,90,1829160
BANKNIFTY-I.NFO,16/05/2025,09:34:49,55351.8,55350.8,60,55360.6,30,120,1829160
BANKNIFTY-I.NFO,16/05/2025,09:34:50,55351.8,55354,90,55360.6,300,0,1829160
BANKNIFTY-I.NFO,16/05/2025,09:34:51,55360,55360,60,55360.4,30,30,1829160
BANKNIFTY-I.NFO,16/05/2025,09:34:52,55350.6,55350.2,540,55352.8,120,510,1829160
BANKNIFTY-I.NFO,16/05/2025,09:34:54,55352.6,55350.2,510,55352.4,30,90,1829160
BANKNIFTY-I.NFO,16/05/2025,09:34:55,55352.2,55350.2,510,55352.2,180,90,1829160
BANKNIFTY-I.NFO,16/05/2025,09:34:56,55352.2,55350.2,510,55352.2,450,30,1829160
BANKNIFTY-I.NFO,16/05/2025,09:34:57,55344,55341,30,55343.6,150,1350,1829160
BANKNIFTY-I.NFO,16/05/2025,09:34:59,55340,55338,30,55343.4,90,240,1829160
BANKNIFTY-I.NFO,16/05/2025,09:35:00,55343.4,55338.2,30,55343.4,180,150,1829160
BANKNIFTY-I.NFO,16/05/2025,09:35:01,55343.4,55335,90,55343.4,210,300,1829160
BANKNIFTY-I.NFO,16/05/2025,09:35:02,55340,55337.4,30,55340,240,690,1829160
BANKNIFTY-I.NFO,16/05/2025,09:35:04,55340,55349.8,90,55358.6,30,390,1829160
BANKNIFTY-I.NFO,16/05/2025,09:35:05,55348.4,55342.6,90,55351.8,30,540,1829160
BANKNIFTY-I.NFO,16/05/2025,09:35:06,55347,55343.8,150,55351.8,90,60,1829160
BANKNIFTY-I.NFO,16/05/2025,09:35:07,55351.6,55342.8,90,55351.8,150,90,1829160
BANKNIFTY-I.NFO,16/05/2025,09:35:09,55351.8,55342.4,90,55351.8,120,60,1829160
BANKNIFTY-I.NFO,16/05/2025,09:35:10,55342.4,55340.2,30,55343.8,30,360,1829160
BANKNIFTY-I.NFO,16/05/2025,09:35:11,55347,55348.4,510,55355,90,60,1829160
BANKNIFTY-I.NFO,16/05/2025,09:35:12,55347,55349.6,30,55355,30,0,1829160
BANKNIFTY-I.NFO,16/05/2025,09:35:14,55358.6,55356.2,90,55361.4,30,300,1829160
BANKNIFTY-I.NFO,16/05/2025,09:35:15,55358.6,55356,180,55361.4,30,0,1829160
BANKNIFTY-I.NFO,16/05/2025,09:35:16,55355.8,55355,90,55361.2,30,30,1829160
BANKNIFTY-I.NFO,16/05/2025,09:35:17,55361.4,55357,30,55361.6,30,210,1829160
BANKNIFTY-I.NFO,16/05/2025,09:35:19,55358.2,55358.8,120,55361.6,60,30,1829160
BANKNIFTY-I.NFO,16/05/2025,09:35:20,55358.2,55357,30,55361.6,60,0,1829160
BANKNIFTY-I.NFO,16/05/2025,09:35:21,55358.2,55355,90,55361.4,30,0,1829160
BANKNIFTY-I.NFO,16/05/2025,09:35:22,55359.6,55359.6,90,55361.4,120,30,1829160
BANKNIFTY-I.NFO,16/05/2025,09:35:24,55361.6,55361.4,60,55370.6,60,210,1829160
BANKNIFTY-I.NFO,16/05/2025,09:35:25,55361.6,55361.4,300,55368.6,30,0,1829160
BANKNIFTY-I.NFO,16/05/2025,09:35:26,55361.6,55361.4,300,55368.6,90,0,1829160
BANKNIFTY-I.NFO,16/05/2025,09:35:27,55368.6,55368.6,180,55369.2,60,180,1829160
BANKNIFTY-I.NFO,16/05/2025,09:35:29,55368.8,55368.6,180,55369,30,60,1829160
BANKNIFTY-I.NFO,16/05/2025,09:35:30,55369,55370.6,30,55376,30,30,1829160
BANKNIFTY-I.NFO,16/05/2025,09:35:31,55377,55369.8,90,55378,30,90,1829160
BANKNIFTY-I.NFO,16/05/2025,09:35:32,55380,55370.4,30,55378,30,60,1829160
BANKNIFTY-I.NFO,16/05/2025,09:35:34,55382.4,55369.2,90,55383.2,30,60,1829160
BANKNIFTY-I.NFO,16/05/2025,09:35:35,55382.4,55377.2,30,55385.6,30,0,1829160
BANKNIFTY-I.NFO,16/05/2025,09:35:36,55385.6,55378.2,90,55388,30,90,1829160
BANKNIFTY-I.NFO,16/05/2025,09:35:37,55381.4,55379.6,90,55390,30,120,1829160
BANKNIFTY-I.NFO,16/05/2025,09:35:39,55394.2,55379.8,90,55394,30,120,1829160
BANKNIFTY-I.NFO,16/05/2025,09:35:40,55379.8,55381,30,55394,60,90,1829160
BANKNIFTY-I.NFO,16/05/2025,09:35:41,55390,55377,30,55389.4,60,60,1829160
BANKNIFTY-I.NFO,16/05/2025,09:35:42,55389.6,55377.2,30,55389.2,60,90,1829160
BANKNIFTY-I.NFO,16/05/2025,09:35:44,55389.6,55377.2,30,55384,60,0,1829160
BANKNIFTY-I.NFO,16/05/2025,09:35:45,55389.6,55376.4,90,55383.8,60,0,1829160
BANKNIFTY-I.NFO,16/05/2025,09:35:46,55389.6,55378.6,60,55383.8,90,0,1829160
BANKNIFTY-I.NFO,16/05/2025,09:35:47,55389.6,55376,30,55383.8,90,0,1829160
BANKNIFTY-I.NFO,16/05/2025,09:35:49,55389.6,55376,90,55383.6,150,0,1829160
BANKNIFTY-I.NFO,16/05/2025,09:35:50,55389.6,55376,30,55383.4,60,0,1829160
BANKNIFTY-I.NFO,16/05/2025,09:35:51,55383.6,55381.6,120,55395.6,60,150,1829160
BANKNIFTY-I.NFO,16/05/2025,09:35:52,55383.6,55381.4,30,55392.8,30,0,1829160
BANKNIFTY-I.NFO,16/05/2025,09:35:54,55383.6,55381.4,30,55387.8,30,0,1829160
BANKNIFTY-I.NFO,16/05/2025,09:35:55,55370,55370,30,55382.4,120,30,1829160
BANKNIFTY-I.NFO,16/05/2025,09:35:56,55370,55370,30,55378.2,60,0,1829160
BANKNIFTY-I.NFO,16/05/2025,09:35:57,55370,55369,30,55378,30,30,1829160
BANKNIFTY-I.NFO,16/05/2025,09:35:59,55370,55371.4,90,55378,90,0,1829160
BANKNIFTY-I.NFO,16/05/2025,09:36:00,55378,55371.4,30,55378,30,60,1829160
BANKNIFTY-I.NFO,16/05/2025,09:36:01,55378,55370.2,30,55379,60,30,1829160
BANKNIFTY-I.NFO,16/05/2025,09:36:02,55370.2,55370,30,55375.4,60,30,1829160
BANKNIFTY-I.NFO,16/05/2025,09:36:04,55373.6,55369,30,55371.8,60,60,1829160
BANKNIFTY-I.NFO,16/05/2025,09:36:05,55368.8,55368.6,180,55369.6,30,90,1829160
BANKNIFTY-I.NFO,16/05/2025,09:36:06,55369.6,55370.6,60,55379.2,30,90,1829160
BANKNIFTY-I.NFO,16/05/2025,09:36:07,55370,55368.8,30,55379,30,390,1829160
BANKNIFTY-I.NFO,16/05/2025,09:36:09,55368.6,55368.6,150,55379,30,60,1829160
BANKNIFTY-I.NFO,16/05/2025,09:36:10,55368.6,55369.6,30,55370,30,0,1829160
BANKNIFTY-I.NFO,16/05/2025,09:36:11,55368.6,55369.6,30,55370,60,0,1829160
BANKNIFTY-I.NFO,16/05/2025,09:36:12,55370,55369.6,30,55370,30,30,1829160
BANKNIFTY-I.NFO,16/05/2025,09:36:14,55369.6,55368.6,150,55370,30,30,1829160
BANKNIFTY-I.NFO,16/05/2025,09:36:15,55370,55368.6,30,55372.4,30,240,1829160
BANKNIFTY-I.NFO,16/05/2025,09:36:16,55361.4,55361.4,180,55372,60,150,1829160
BANKNIFTY-I.NFO,16/05/2025,09:36:17,55361.4,55361.4,180,55367,30,0,1829160
BANKNIFTY-I.NFO,16/05/2025,09:36:18,55360,55355,180,55366,120,330,1829160
BANKNIFTY-I.NFO,16/05/2025,09:36:20,55350,55350,150,55354.2,60,210,1829160
BANKNIFTY-I.NFO,16/05/2025,09:36:21,55350,55350,120,55354,90,30,1829160
BANKNIFTY-I.NFO,16/05/2025,09:36:22,55354,55348.4,360,55354,150,180,1829160
BANKNIFTY-I.NFO,16/05/2025,09:36:23,55348.4,55348.4,330,55354,30,180,1829160
BANKNIFTY-I.NFO,16/05/2025,09:36:25,55348.4,55348.4,330,55354,30,0,1829160
BANKNIFTY-I.NFO,16/05/2025,09:36:26,55348.4,55348.4,300,55353.6,30,30,1829160
BANKNIFTY-I.NFO,16/05/2025,09:36:27,55348.4,55348.4,240,55353.6,90,90,1829160
BANKNIFTY-I.NFO,16/05/2025,09:36:28,55348.4,55348.4,270,55353.6,90,30,1829160
BANKNIFTY-I.NFO,16/05/2025,09:36:30,55348.4,55350,30,55353.6,120,0,1829160
BANKNIFTY-I.NFO,16/05/2025,09:36:31,55350,55348.8,30,55350,510,60,1831440
BANKNIFTY-I.NFO,16/05/2025,09:36:32,55350,55349,30,55349.6,90,0,1831440
BANKNIFTY-I.NFO,16/05/2025,09:36:33,55369.4,55359,90,55371.8,120,780,1831440
BANKNIFTY-I.NFO,16/05/2025,09:36:35,55380,55370.4,90,55383.2,60,60,1831440
BANKNIFTY-I.NFO,16/05/2025,09:36:36,55380,55370.4,90,55382.8,60,0,1831440
BANKNIFTY-I.NFO,16/05/2025,09:36:37,55380,55370.8,90,55382.8,60,0,1831440
BANKNIFTY-I.NFO,16/05/2025,09:36:38,55366,55365.4,30,55380.2,180,90,1831440
BANKNIFTY-I.NFO,16/05/2025,09:36:40,55380.2,55368.6,90,55377,60,60,1831440
BANKNIFTY-I.NFO,16/05/2025,09:36:41,55380.2,55368.6,30,55373.8,60,0,1831440
BANKNIFTY-I.NFO,16/05/2025,09:36:42,55380.2,55368.8,30,55373.8,90,0,1831440
BANKNIFTY-I.NFO,16/05/2025,09:36:43,55360.6,55357.8,90,55373.4,150,150,1831440
BANKNIFTY-I.NFO,16/05/2025,09:36:45,55360.6,55355.2,60,55371.4,120,0,1831440
BANKNIFTY-I.NFO,16/05/2025,09:36:46,55360.6,55360,30,55365.4,60,0,1831440
BANKNIFTY-I.NFO,16/05/2025,09:36:47,55360.6,55360,30,55361.2,30,0,1831440
BANKNIFTY-I.NFO,16/05/2025,09:36:49,55360.6,55360,30,55360.4,30,0,1831440
BANKNIFTY-I.NFO,16/05/2025,09:36:50,55360.2,55360,30,55360.4,150,30,1831440
BANKNIFTY-I.NFO,16/05/2025,09:36:51,55358,55355.2,90,55360.2,60,60,1831440
BANKNIFTY-I.NFO,16/05/2025,09:36:52,55358,55359.4,90,55360,510,0,1831440
BANKNIFTY-I.NFO,16/05/2025,09:36:54,55359.8,55353.8,90,55359.8,30,120,1831440
BANKNIFTY-I.NFO,16/05/2025,09:36:55,55359.8,55353.2,30,55368.4,90,510,1831440
BANKNIFTY-I.NFO,16/05/2025,09:36:56,55359.8,55356,30,55368.2,60,0,1831440
BANKNIFTY-I.NFO,16/05/2025,09:36:57,55359.8,55359.8,60,55368.2,60,0,1831440
BANKNIFTY-I.NFO,16/05/2025,09:36:59,55368.2,55364.8,30,55368.2,30,30,1831440
BANKNIFTY-I.NFO,16/05/2025,09:37:00,55368.2,55360.8,60,55376.2,120,30,1831440
BANKNIFTY-I.NFO,16/05/2025,09:37:01,55376.4,55359.4,30,55375.8,150,30,1831440
BANKNIFTY-I.NFO,16/05/2025,09:37:02,55376.4,55364.4,30,55378.8,150,0,1831440
BANKNIFTY-I.NFO,16/05/2025,09:37:04,55376.4,55364.4,30,55377,60,0,1831440
BANKNIFTY-I.NFO,16/05/2025,09:37:05,55364.4,55357.2,60,55373.6,120,30,1831440
BANKNIFTY-I.NFO,16/05/2025,09:37:06,55359.6,55358.2,90,55373.6,90,30,1831440
BANKNIFTY-I.NFO,16/05/2025,09:37:07,55373.4,55368.2,30,55373.6,90,30,1831440
BANKNIFTY-I.NFO,16/05/2025,09:37:09,55373.4,55368.2,30,55373.4,30,30,1831440
BANKNIFTY-I.NFO,16/05/2025,09:37:10,55373.4,55368.2,30,55373.4,240,0,1831440
BANKNIFTY-I.NFO,16/05/2025,09:37:11,55370.6,55364.4,90,55373.2,150,60,1831440
BANKNIFTY-I.NFO,16/05/2025,09:37:12,55380,55375.8,300,55380.2,210,330,1831440
BANKNIFTY-I.NFO,16/05/2025,09:37:14,55375.8,55375.8,240,55378.8,150,60,1831440
BANKNIFTY-I.NFO,16/05/2025,09:37:15,55373,55365,30,55380,120,270,1831440
BANKNIFTY-I.NFO,16/05/2025,09:37:16,55373,55373,30,55379.6,120,0,1831440
BANKNIFTY-I.NFO,16/05/2025,09:37:17,55373,55373,30,55379.2,30,0,1831440
BANKNIFTY-I.NFO,16/05/2025,09:37:20,55378.8,55373,30,55379,30,30,1831440
BANKNIFTY-I.NFO,16/05/2025,09:37:21,55378.8,55375.2,90,55379,90,0,1831440
BANKNIFTY-I.NFO,16/05/2025,09:37:22,55378.8,55373,30,55379,90,0,1831440
BANKNIFTY-I.NFO,16/05/2025,09:37:24,55379,55373,30,55378.8,120,90,1831440
BANKNIFTY-I.NFO,16/05/2025,09:37:25,55379,55373,30,55378.8,180,0,1831440
BANKNIFTY-I.NFO,16/05/2025,09:37:26,55379,55373,30,55378.6,60,0,1831440
BANKNIFTY-I.NFO,16/05/2025,09:37:27,55373,55370,30,55378.6,30,30,1831440
BANKNIFTY-I.NFO,16/05/2025,09:37:29,55356.4,55356,60,55375.2,120,210,1831440
BANKNIFTY-I.NFO,16/05/2025,09:37:30,55361.2,55359.4,30,55375,60,30,1831440
BANKNIFTY-I.NFO,16/05/2025,09:37:31,55361.2,55358.2,120,55374.8,120,0,1831440
BANKNIFTY-I.NFO,16/05/2025,09:37:32,55361.2,55361.2,90,55374.6,60,0,1831440
BANKNIFTY-I.NFO,16/05/2025,09:37:34,55361.2,55358.8,150,55374.4,120,0,1831440
BANKNIFTY-I.NFO,16/05/2025,09:37:35,55360.2,55360,30,55374.2,60,300,1831440
BANKNIFTY-I.NFO,16/05/2025,09:37:36,55360.2,55358,60,55373.8,120,0,1831440
BANKNIFTY-I.NFO,16/05/2025,09:37:37,55360.2,55362,90,55373.6,60,0,1831440
BANKNIFTY-I.NFO,16/05/2025,09:37:39,55360.2,55363.2,90,55373.4,60,0,1831440
BANKNIFTY-I.NFO,16/05/2025,09:37:40,55360.2,55361.4,60,55373.4,300,0,1831440
BANKNIFTY-I.NFO,16/05/2025,09:37:41,55373.4,55364.4,30,55370.2,30,30,1831440
BANKNIFTY-I.NFO,16/05/2025,09:37:42,55370.2,55367.6,60,55370,30,30,1831440
BANKNIFTY-I.NFO,16/05/2025,09:37:44,55370.2,55362.8,120,55379.2,120,270,1831440
BANKNIFTY-I.NFO,16/05/2025,09:37:45,55370.2,55365.6,60,55380.2,210,0,1831440
BANKNIFTY-I.NFO,16/05/2025,09:37:46,55370.2,55360,60,55376.6,120,0,1831440
BANKNIFTY-I.NFO,16/05/2025,09:37:47,55370.2,55360,60,55373,120,0,1831440
BANKNIFTY-I.NFO,16/05/2025,09:37:48,55370.2,55370,60,55373,60,0,1831440
BANKNIFTY-I.NFO,16/05/2025,09:37:50,55370.2,55370,60,55372.8,60,0,1831440
BANKNIFTY-I.NFO,16/05/2025,09:37:51,55370.2,55370,60,55372.6,60,0,1831440
BANKNIFTY-I.NFO,16/05/2025,09:37:52,55370.2,55370,60,55372.6,90,0,1831440
BANKNIFTY-I.NFO,16/05/2025,09:37:55,55389.6,55380.4,30,55394,30,360,1831440
BANKNIFTY-I.NFO,16/05/2025,09:37:56,55382.4,55383.6,120,55394,30,210,1831440
BANKNIFTY-I.NFO,16/05/2025,09:37:57,55394,55395,90,55398.6,60,30,1831440
BANKNIFTY-I.NFO,16/05/2025,09:37:58,55394,55395,90,55397.8,60,0,1831440
BANKNIFTY-I.NFO,16/05/2025,09:38:00,55394,55395,90,55399,30,0,1831440
BANKNIFTY-I.NFO,16/05/2025,09:38:01,55395,55395,60,55399,60,30,1831440
BANKNIFTY-I.NFO,16/05/2025,09:38:02,55384.2,55384.2,30,55397,30,90,1831440
BANKNIFTY-I.NFO,16/05/2025,09:38:03,55400,55395,30,55400.2,30,150,1831440
BANKNIFTY-I.NFO,16/05/2025,09:38:05,55395,55383,60,55399.4,150,30,1831440
BANKNIFTY-I.NFO,16/05/2025,09:38:06,55395,55387.6,90,55400.4,90,0,1831440
BANKNIFTY-I.NFO,16/05/2025,09:38:07,55395,55388.6,210,55400.4,120,0,1831440
BANKNIFTY-I.NFO,16/05/2025,09:38:08,55395,55387.4,30,55397.8,120,0,1831440
BANKNIFTY-I.NFO,16/05/2025,09:38:10,55393.2,55387.4,30,55397.2,150,30,1831440
BANKNIFTY-I.NFO,16/05/2025,09:38:11,55393.2,55380,60,55391.4,120,0,1831440
BANKNIFTY-I.NFO,16/05/2025,09:38:12,55393.2,55380,60,55391.2,60,0,1831440
BANKNIFTY-I.NFO,16/05/2025,09:38:13,55393.2,55382,90,55391.2,90,0,1831440
BANKNIFTY-I.NFO,16/05/2025,09:38:15,55393.2,55382,30,55389.6,30,0,1831440
BANKNIFTY-I.NFO,16/05/2025,09:38:16,55393.2,55382,30,55389.2,30,0,1831440
BANKNIFTY-I.NFO,16/05/2025,09:38:17,55393.2,55380.2,30,55386.4,30,0,1831440
BANKNIFTY-I.NFO,16/05/2025,09:38:18,55393.2,55371.2,120,55386,60,0,1831440
BANKNIFTY-I.NFO,16/05/2025,09:38:20,55393.2,55370,90,55381.4,120,0,1831440
BANKNIFTY-I.NFO,16/05/2025,09:38:21,55393.2,55372.8,30,55381.4,60,0,1831440
BANKNIFTY-I.NFO,16/05/2025,09:38:22,55393.2,55374.6,30,55381.4,120,0,1831440
BANKNIFTY-I.NFO,16/05/2025,09:38:23,55381.2,55378.4,30,55381.2,60,330,1831440
BANKNIFTY-I.NFO,16/05/2025,09:38:25,55380.8,55378.4,30,55381,30,90,1831440
BANKNIFTY-I.NFO,16/05/2025,09:38:26,55379.4,55379.2,30,55380.4,30,30,1831440
BANKNIFTY-I.NFO,16/05/2025,09:38:27,55379.4,55379.2,60,55379.8,30,0,1831440
BANKNIFTY-I.NFO,16/05/2025,09:38:28,55379.8,55379.4,30,55379.8,30,90,1831440
BANKNIFTY-I.NFO,16/05/2025,09:38:30,55379.4,55379.4,30,55379.8,30,30,1831440
BANKNIFTY-I.NFO,16/05/2025,09:38:31,55379.2,55371,30,55379.8,60,60,1831440
BANKNIFTY-I.NFO,16/05/2025,09:38:32,55371,55370,60,55377.4,30,30,1831440
BANKNIFTY-I.NFO,16/05/2025,09:38:33,55370,55360,90,55370.2,60,60,1831440
BANKNIFTY-I.NFO,16/05/2025,09:38:34,55360,55360,60,55370,60,270,1831440
BANKNIFTY-I.NFO,16/05/2025,09:38:36,55360,55362,60,55369.8,90,0,1831440
BANKNIFTY-I.NFO,16/05/2025,09:38:37,55360,55360.8,30,55369.8,210,90,1831440
BANKNIFTY-I.NFO,16/05/2025,09:38:38,55360,55367,30,55369.2,30,0,1831440
BANKNIFTY-I.NFO,16/05/2025,09:38:39,55372.4,55373,60,55384.6,30,330,1831440
BANKNIFTY-I.NFO,16/05/2025,09:38:41,55373,55373.6,30,55384.6,30,30,1831440
BANKNIFTY-I.NFO,16/05/2025,09:38:42,55373,55376.6,30,55387.2,30,0,1831440
BANKNIFTY-I.NFO,16/05/2025,09:38:43,55373,55379,30,55387.2,90,0,1831440
BANKNIFTY-I.NFO,16/05/2025,09:38:44,55373,55379.2,30,55387,30,0,1831440
BANKNIFTY-I.NFO,16/05/2025,09:38:46,55373,55379.2,30,55382.2,90,0,1831440
BANKNIFTY-I.NFO,16/05/2025,09:38:47,55379.2,55368.2,60,55380.2,60,30,1831440
BANKNIFTY-I.NFO,16/05/2025,09:38:48,55376.4,55366.2,60,55376.4,60,30,1831440
BANKNIFTY-I.NFO,16/05/2025,09:38:49,55376.4,55362.6,30,55373.2,30,0,1831440
BANKNIFTY-I.NFO,16/05/2025,09:38:51,55376.4,55365.2,60,55373.2,120,0,1831440
BANKNIFTY-I.NFO,16/05/2025,09:38:52,55376.4,55364.8,60,55370.8,150,0,1831440
BANKNIFTY-I.NFO,16/05/2025,09:38:53,55376.4,55367.4,30,55370.8,210,0,1831440
BANKNIFTY-I.NFO,16/05/2025,09:38:54,55376.4,55369.4,60,55370.6,120,0,1831440
BANKNIFTY-I.NFO,16/05/2025,09:38:56,55370.6,55367.6,60,55370.6,30,120,1831440
BANKNIFTY-I.NFO,16/05/2025,09:38:57,55369,55369,30,55370.4,30,330,1831440
BANKNIFTY-I.NFO,16/05/2025,09:38:58,55369,55365.8,120,55370.4,30,0,1831440
BANKNIFTY-I.NFO,16/05/2025,09:38:59,55369,55366,30,55370.2,30,0,1831440
BANKNIFTY-I.NFO,16/05/2025,09:39:01,55369,55366.2,30,55370.2,90,0,1831440
BANKNIFTY-I.NFO,16/05/2025,09:39:02,55369,55367.2,60,55370,90,0,1831440
BANKNIFTY-I.NFO,16/05/2025,09:39:03,55369.8,55367.8,60,55370,120,60,1831440
BANKNIFTY-I.NFO,16/05/2025,09:39:04,55370,55367,30,55369,30,30,1831440
BANKNIFTY-I.NFO,16/05/2025,09:39:05,55369.6,55368.6,90,55370.8,60,120,1831440
BANKNIFTY-I.NFO,16/05/2025,09:39:07,55364.2,55361.8,240,55370.6,90,420,1831440
BANKNIFTY-I.NFO,16/05/2025,09:39:08,55369.8,55364.8,30,55370.6,90,30,1831440
BANKNIFTY-I.NFO,16/05/2025,09:39:09,55369.8,55360,60,55370.4,60,0,1831440
BANKNIFTY-I.NFO,16/05/2025,09:39:10,55370.4,55360,30,55370.4,60,30,1831440
BANKNIFTY-I.NFO,16/05/2025,09:39:12,55370.4,55359.2,60,55364.8,300,0,1831440
BANKNIFTY-I.NFO,16/05/2025,09:39:13,55370.4,55360.2,30,55364.6,90,0,1831440
BANKNIFTY-I.NFO,16/05/2025,09:39:14,55364.6,55360,30,55364.2,60,300,1831440
BANKNIFTY-I.NFO,16/05/2025,09:39:15,55359.4,55358,30,55359.4,90,450,1831440
BANKNIFTY-I.NFO,16/05/2025,09:39:17,55359.4,55355.2,210,55359.4,120,30,1831440
BANKNIFTY-I.NFO,16/05/2025,09:39:18,55365,55365,720,55365.2,30,810,1831440
BANKNIFTY-I.NFO,16/05/2025,09:39:19,55365,55365,600,55365.2,30,120,1831440
BANKNIFTY-I.NFO,16/05/2025,09:39:20,55365,55365,570,55365.2,30,30,1831440
BANKNIFTY-I.NFO,16/05/2025,09:39:21,55365,55365,540,55365.2,30,30,1831440
BANKNIFTY-I.NFO,16/05/2025,09:39:23,55365,55365,420,55365.2,60,120,1831440
BANKNIFTY-I.NFO,16/05/2025,09:39:24,55365,55365,420,55365.2,60,0,1831440
BANKNIFTY-I.NFO,16/05/2025,09:39:26,55365,55365,390,55365.2,60,30,1831440
BANKNIFTY-I.NFO,16/05/2025,09:39:28,55365,55365,390,55365.2,150,0,1831440
BANKNIFTY-I.NFO,16/05/2025,09:39:33,55365,55365,390,55365.2,180,0,1831440
BANKNIFTY-I.NFO,16/05/2025,09:39:34,55355.2,55355.2,180,55358.6,60,510,1831710
BANKNIFTY-I.NFO,16/05/2025,09:39:35,55355.2,55355.2,180,55358.4,60,0,1831710
BANKNIFTY-I.NFO,16/05/2025,09:39:36,55348.4,55348.4,30,55354.6,90,1380,1831710
BANKNIFTY-I.NFO,16/05/2025,09:39:37,55354.6,55348.4,30,55354.6,60,30,1831710
BANKNIFTY-I.NFO,16/05/2025,09:39:39,55354.6,55348.4,30,55354.6,60,0,1831710
BANKNIFTY-I.NFO,16/05/2025,09:39:40,55348.4,55348,90,55354.6,90,30,1831710
BANKNIFTY-I.NFO,16/05/2025,09:39:41,55348.4,55348,90,55354.6,90,0,1831710
BANKNIFTY-I.NFO,16/05/2025,09:39:44,55348.4,55351.4,90,55354.6,90,0,1831710
BANKNIFTY-I.NFO,16/05/2025,09:39:45,55354.6,55354.6,60,55361,30,150,1831710
BANKNIFTY-I.NFO,16/05/2025,09:39:46,55354.6,55354.8,30,55361,60,0,1831710
BANKNIFTY-I.NFO,16/05/2025,09:39:47,55354.6,55354.6,30,55360.8,30,60,1831710
BANKNIFTY-I.NFO,16/05/2025,09:39:49,55354.6,55350,30,55354.6,60,30,1831710
BANKNIFTY-I.NFO,16/05/2025,09:39:50,55354.6,55350,30,55354.6,150,0,1831710
BANKNIFTY-I.NFO,16/05/2025,09:39:51,55354.6,55350.2,30,55354.4,30,150,1831710
BANKNIFTY-I.NFO,16/05/2025,09:39:52,55354.4,55354.8,60,55360,600,30,1831710
BANKNIFTY-I.NFO,16/05/2025,09:39:53,55350.2,55350,30,55359.8,30,30,1831710
BANKNIFTY-I.NFO,16/05/2025,09:39:55,55350.2,55348.4,60,55359.8,60,0,1831710
BANKNIFTY-I.NFO,16/05/2025,09:39:56,55350.2,55349,90,55359.8,60,0,1831710
BANKNIFTY-I.NFO,16/05/2025,09:39:57,55348.2,55350.2,90,55359.6,120,90,1831710
BANKNIFTY-I.NFO,16/05/2025,09:39:58,55348.2,55353.6,30,55359.4,90,0,1831710
BANKNIFTY-I.NFO,16/05/2025,09:40:00,55348.2,55352.2,60,55359.2,30,0,1831710
BANKNIFTY-I.NFO,16/05/2025,09:40:01,55349.8,55352.6,30,55359,60,90,1831710
BANKNIFTY-I.NFO,16/05/2025,09:40:02,55352,55352,90,55359,90,30,1831710
BANKNIFTY-I.NFO,16/05/2025,09:40:03,55350.4,55348,90,55358.8,90,30,1831710
BANKNIFTY-I.NFO,16/05/2025,09:40:05,55359,55357.4,30,55358.8,30,150,1831710
BANKNIFTY-I.NFO,16/05/2025,09:40:06,55358.6,55358.4,30,55358.8,30,60,1831710
BANKNIFTY-I.NFO,16/05/2025,09:40:07,55358.6,55358.4,30,55358.8,60,0,1831710
BANKNIFTY-I.NFO,16/05/2025,09:40:10,55358.2,55351.6,90,55358.4,60,60,1831710
BANKNIFTY-I.NFO,16/05/2025,09:40:11,55351.6,55352.4,180,55358.4,150,30,1831710
BANKNIFTY-I.NFO,16/05/2025,09:40:12,55351.6,55349.4,90,55358.4,150,0,1831710
BANKNIFTY-I.NFO,16/05/2025,09:40:13,55358.4,55358.2,30,55358.4,150,30,1831710
BANKNIFTY-I.NFO,16/05/2025,09:40:15,55358.2,55350,60,55358,120,30,1831710
BANKNIFTY-I.NFO,16/05/2025,09:40:16,55358.2,55350.2,30,55358,90,0,1831710
BANKNIFTY-I.NFO,16/05/2025,09:40:17,55358.2,55350.2,30,55357.8,30,0,1831710
BANKNIFTY-I.NFO,16/05/2025,09:40:18,55357.8,55350.2,120,55357.8,120,30,1831710
BANKNIFTY-I.NFO,16/05/2025,09:40:20,55357.8,55352.6,30,55357.8,120,0,1831710
BANKNIFTY-I.NFO,16/05/2025,09:40:21,55357.8,55352.6,30,55357.6,90,0,1831710
BANKNIFTY-I.NFO,16/05/2025,09:40:22,55357.8,55352.6,30,55357.4,60,0,1831710
BANKNIFTY-I.NFO,16/05/2025,09:40:23,55357.8,55352.6,60,55357.2,60,0,1831710
BANKNIFTY-I.NFO,16/05/2025,09:40:25,55357.8,55352.6,90,55357.2,210,0,1831710
BANKNIFTY-I.NFO,16/05/2025,09:40:26,55357.8,55353,30,55357.2,210,0,1831710
BANKNIFTY-I.NFO,16/05/2025,09:40:27,55354.2,55352.6,60,55357,150,90,1831710
BANKNIFTY-I.NFO,16/05/2025,09:40:28,55356.8,55353.2,30,55357,60,180,1831710
BANKNIFTY-I.NFO,16/05/2025,09:40:30,55353.2,55353,30,55357,60,30,1831710
BANKNIFTY-I.NFO,16/05/2025,09:40:31,55353.2,55353,30,55356.8,60,0,1831710
BANKNIFTY-I.NFO,16/05/2025,09:40:32,55353.2,55353,30,55353.4,600,0,1831710
BANKNIFTY-I.NFO,16/05/2025,09:40:33,55353.4,55353,30,55353.2,60,150,1831710
BANKNIFTY-I.NFO,16/05/2025,09:40:35,55350,55350,390,55353.2,180,30,1831710
BANKNIFTY-I.NFO,16/05/2025,09:40:36,55350,55352,150,55353.2,180,60,1831710
BANKNIFTY-I.NFO,16/05/2025,09:40:37,55353.2,55350.2,30,55353,60,60,1831710
BANKNIFTY-I.NFO,16/05/2025,09:40:38,55353,55350.8,30,55353,210,30,1831710
BANKNIFTY-I.NFO,16/05/2025,09:40:40,55350,55349,180,55352.8,60,600,1831710
BANKNIFTY-I.NFO,16/05/2025,09:40:41,55350,55349,150,55352.8,210,0,1831710
BANKNIFTY-I.NFO,16/05/2025,09:40:42,55350,55349,150,55352.8,270,0,1831710
BANKNIFTY-I.NFO,16/05/2025,09:40:43,55350.6,55351.8,30,55352.8,150,150,1831710
BANKNIFTY-I.NFO,16/05/2025,09:40:45,55350,55349.2,120,55352.6,90,90,1831710
BANKNIFTY-I.NFO,16/05/2025,09:40:46,55349,55349,120,55352.6,180,150,1831710
BANKNIFTY-I.NFO,16/05/2025,09:40:47,55349,55350.8,60,55352.4,30,0,1831710
BANKNIFTY-I.NFO,16/05/2025,09:40:48,55349,55350,30,55352.2,30,0,1831710
BANKNIFTY-I.NFO,16/05/2025,09:40:50,55352.2,55350,30,55352.2,240,30,1831710
BANKNIFTY-I.NFO,16/05/2025,09:40:51,55349,55349,90,55350,30,120,1831710
BANKNIFTY-I.NFO,16/05/2025,09:40:52,55349,55349,90,55350,210,0,1831710
BANKNIFTY-I.NFO,16/05/2025,09:40:53,55349,55349.2,30,55350,270,0,1831710
BANKNIFTY-I.NFO,16/05/2025,09:40:55,55340,55335.2,30,55339,60,720,1831710
BANKNIFTY-I.NFO,16/05/2025,09:40:56,55332.2,55325,510,55332.2,240,780,1831710
BANKNIFTY-I.NFO,16/05/2025,09:40:57,55320,55320,90,55323.8,120,690,1831710
BANKNIFTY-I.NFO,16/05/2025,09:40:58,55320,55320,30,55322.8,60,60,1831710
BANKNIFTY-I.NFO,16/05/2025,09:41:00,55322.6,55319,30,55322.8,210,120,1831710
BANKNIFTY-I.NFO,16/05/2025,09:41:01,55319,55314.2,90,55322.4,90,30,1831710
BANKNIFTY-I.NFO,16/05/2025,09:41:02,55314,55311,30,55321.4,30,120,1831710
BANKNIFTY-I.NFO,16/05/2025,09:41:03,55312.8,55312.6,30,55321.4,210,1590,1831710
BANKNIFTY-I.NFO,16/05/2025,09:41:04,55321,55316.6,30,55321.2,120,180,1831710
BANKNIFTY-I.NFO,16/05/2025,09:41:06,55335,55335.2,150,55339,30,630,1831710
BANKNIFTY-I.NFO,16/05/2025,09:41:07,55339,55337.2,150,55348.4,60,30,1831710
BANKNIFTY-I.NFO,16/05/2025,09:41:08,55341.2,55341.2,120,55348.4,30,90,1831710
BANKNIFTY-I.NFO,16/05/2025,09:41:10,55341.2,55341.4,30,55345.2,60,30,1831710
BANKNIFTY-I.NFO,16/05/2025,09:41:11,55341.2,55341.4,30,55344.2,90,0,1831710
BANKNIFTY-I.NFO,16/05/2025,09:41:12,55341.2,55329.2,90,55343,60,150,1831710
BANKNIFTY-I.NFO,16/05/2025,09:41:13,55329.2,55323.4,120,55339.2,90,30,1831710
BANKNIFTY-I.NFO,16/05/2025,09:41:15,55329.2,55325.4,90,55339.2,210,0,1831710
BANKNIFTY-I.NFO,16/05/2025,09:41:16,55329.2,55327.4,60,55329.2,30,0,1831710
BANKNIFTY-I.NFO,16/05/2025,09:41:17,55339.2,55333.8,90,55348.8,60,210,1831710
BANKNIFTY-I.NFO,16/05/2025,09:41:18,55336.4,55337.2,30,55352.8,60,60,1831710
BANKNIFTY-I.NFO,16/05/2025,09:41:20,55342.4,55339.4,120,55353.4,930,60,1831710
BANKNIFTY-I.NFO,16/05/2025,09:41:21,55342.4,55344.4,90,55353.4,930,0,1831710
BANKNIFTY-I.NFO,16/05/2025,09:41:22,55355,55354.8,240,55368.8,30,960,1831710
BANKNIFTY-I.NFO,16/05/2025,09:41:23,55355,55354.2,60,55368.6,30,0,1831710
BANKNIFTY-I.NFO,16/05/2025,09:41:24,55360,55355.2,60,55368.4,30,60,1831710
BANKNIFTY-I.NFO,16/05/2025,09:41:26,55360,55360,120,55368.4,30,0,1831710
BANKNIFTY-I.NFO,16/05/2025,09:41:27,55358.2,55356,90,55368.4,30,660,1831710
BANKNIFTY-I.NFO,16/05/2025,09:41:28,55358.2,55352.8,30,55355,90,0,1831710
BANKNIFTY-I.NFO,16/05/2025,09:41:29,55358.2,55352.8,30,55354.8,30,0,1831710
BANKNIFTY-I.NFO,16/05/2025,09:41:31,55358.2,55352.8,30,55354.8,60,0,1831710
BANKNIFTY-I.NFO,16/05/2025,09:41:32,55358.2,55352.8,30,55354.8,120,0,1831710
BANKNIFTY-I.NFO,16/05/2025,09:41:33,55350,55342.8,60,55350,150,150,1831710
BANKNIFTY-I.NFO,16/05/2025,09:41:34,55350,55341.6,30,55350,270,0,1831710
BANKNIFTY-I.NFO,16/05/2025,09:41:36,55350,55342.2,30,55349.8,30,0,1831710
BANKNIFTY-I.NFO,16/05/2025,09:41:37,55349.8,55342.2,30,55349.6,30,30,1831710
BANKNIFTY-I.NFO,16/05/2025,09:41:38,55349.4,55342.2,30,55349.4,30,30,1831710
BANKNIFTY-I.NFO,16/05/2025,09:41:39,55349.4,55342.6,90,55349.4,120,30,1831710
BANKNIFTY-I.NFO,16/05/2025,09:41:40,55349.4,55343.2,30,55349.4,120,0,1831710
BANKNIFTY-I.NFO,16/05/2025,09:41:42,55349.2,55343.8,30,55349.4,90,60,1831710
BANKNIFTY-I.NFO,16/05/2025,09:41:43,55343.6,55343.4,30,55343.6,30,210,1831710
BANKNIFTY-I.NFO,16/05/2025,09:41:44,55343.6,55341.2,30,55343.6,150,180,1831710
BANKNIFTY-I.NFO,16/05/2025,09:41:45,55343.6,55342.2,30,55343.6,120,30,1831710
BANKNIFTY-I.NFO,16/05/2025,09:41:47,55343.2,55341,270,55343.2,30,120,1831710
BANKNIFTY-I.NFO,16/05/2025,09:41:48,55343.6,55344.2,60,55349.2,120,270,1831710
BANKNIFTY-I.NFO,16/05/2025,09:41:49,55344.6,55344,30,55349,30,30,1831710
BANKNIFTY-I.NFO,16/05/2025,09:41:50,55348.8,55347.6,30,55349,30,30,1831710
BANKNIFTY-I.NFO,16/05/2025,09:41:52,55348.8,55346.8,30,55349,30,0,1831710
BANKNIFTY-I.NFO,16/05/2025,09:41:53,55344.4,55343.8,30,55348.8,30,120,1831710
BANKNIFTY-I.NFO,16/05/2025,09:41:54,55355.2,55361,60,55370,30,480,1831710
BANKNIFTY-I.NFO,16/05/2025,09:41:55,55358.2,55359.6,30,55370,30,360,1831710
BANKNIFTY-I.NFO,16/05/2025,09:41:57,55358.2,55358.4,60,55370,30,0,1831710
BANKNIFTY-I.NFO,16/05/2025,09:41:58,55358.2,55359.8,30,55369,30,0,1831710
BANKNIFTY-I.NFO,16/05/2025,09:41:59,55359.2,55357.8,60,55370,30,60,1831710
BANKNIFTY-I.NFO,16/05/2025,09:42:00,55359.2,55361.8,90,55370,60,0,1831710
BANKNIFTY-I.NFO,16/05/2025,09:42:01,55359.2,55358.4,30,55370,60,0,1831710
BANKNIFTY-I.NFO,16/05/2025,09:42:03,55359.2,55361.2,60,55370,60,30,1831710
BANKNIFTY-I.NFO,16/05/2025,09:42:04,55361.2,55367.2,60,55370,60,60,1831710
BANKNIFTY-I.NFO,16/05/2025,09:42:05,55369.6,55364,60,55369.8,30,60,1831710
BANKNIFTY-I.NFO,16/05/2025,09:42:06,55364,55364.4,150,55369.6,30,60,1831710
BANKNIFTY-I.NFO,16/05/2025,09:42:08,55369.6,55371,60,55375,510,90,1831710
