Ticker,Date,Time,LTP,BuyPrice,BuyQty,SellPrice,SellQty,LTQ,OpenInterest
BANKNIFTY-III.NFO,30/07/2024,09:15:01,51900.05,51902.5,45,51943.95,60,15,151335
BANKNIFTY-III.NFO,30/07/2024,09:15:01,51900.05,51902.5,45,51943.95,60,0,151335
BANKNIFTY-III.NFO,30/07/2024,09:15:01,51900.05,51902.5,45,51943.95,60,0,151335
BANKNIFTY-III.NFO,30/07/2024,09:15:01,51900.05,51902.5,45,51943.95,60,0,151335
BANKNIFTY-III.NFO,30/07/2024,09:15:02,51859.35,51835.95,15,51886.5,60,75,151335
BANKNIFTY-III.NFO,30/07/2024,09:15:02,51859.35,51835.95,15,51886.5,60,0,151335
BANKNIFTY-III.NFO,30/07/2024,09:15:04,51861,51820,15,51851.15,60,30,151335
BANKNIFTY-III.NFO,30/07/2024,09:15:05,51861,51856.2,15,51873.9,15,0,151335
BANKNIFTY-III.NFO,30/07/2024,09:15:06,51862.85,51900.75,150,51932.05,60,30,151335
BANKNIFTY-III.NFO,30/07/2024,09:15:08,51862.85,51900,30,51942.6,60,0,151335
BANKNIFTY-III.NFO,30/07/2024,09:15:09,51862.85,51900,30,51931.3,60,0,151335
BANKNIFTY-III.NFO,30/07/2024,09:15:11,51900,51862.85,15,51917.35,60,30,151335
BANKNIFTY-III.NFO,30/07/2024,09:15:12,51862.85,51859.35,15,51908.2,60,15,151335
BANKNIFTY-III.NFO,30/07/2024,09:15:14,51862.85,51859.35,15,51899.85,60,0,151335
BANKNIFTY-III.NFO,30/07/2024,09:15:16,51859.35,51821.3,15,51867.7,60,15,151335
BANKNIFTY-III.NFO,30/07/2024,09:15:17,51864,51820.05,15,51864.35,60,15,151335
BANKNIFTY-III.NFO,30/07/2024,09:15:19,51864.25,51839.75,60,51859.35,15,45,151335
BANKNIFTY-III.NFO,30/07/2024,09:15:20,51844.85,51848.55,45,51859.35,15,15,151335
BANKNIFTY-III.NFO,30/07/2024,09:15:20,51844.85,51848.55,45,51859.35,15,0,151335
BANKNIFTY-III.NFO,30/07/2024,09:15:22,51891.55,51834.2,45,51881.7,60,30,151335
BANKNIFTY-III.NFO,30/07/2024,09:15:24,51891.55,51829.5,45,51879.45,60,0,151335
BANKNIFTY-III.NFO,30/07/2024,09:15:25,51879.15,51835.6,60,51879.15,30,45,151335
BANKNIFTY-III.NFO,30/07/2024,09:15:27,51842.5,51842.5,60,51878.95,30,30,151335
BANKNIFTY-III.NFO,30/07/2024,09:15:27,51842.5,51842.5,60,51878.95,30,0,151335
BANKNIFTY-III.NFO,30/07/2024,09:15:28,51842.5,51845.05,60,51878.85,30,0,151335
BANKNIFTY-III.NFO,30/07/2024,09:15:30,51842.5,51835.6,60,51879,30,0,151335
BANKNIFTY-III.NFO,30/07/2024,09:15:31,51842.5,51839.3,60,51878.8,30,0,151335
BANKNIFTY-III.NFO,30/07/2024,09:15:33,51842.5,51842.55,60,51878.65,30,0,151335
BANKNIFTY-III.NFO,30/07/2024,09:15:35,51875.1,51842.55,60,51875.1,225,45,151305
BANKNIFTY-III.NFO,30/07/2024,09:15:36,51875.1,51842.55,60,51875.1,75,0,151305
BANKNIFTY-III.NFO,30/07/2024,09:15:38,51875.1,51850.05,60,51879.1,75,0,151305
BANKNIFTY-III.NFO,30/07/2024,09:15:41,51875.1,51850.05,60,51879.1,75,75,151305
BANKNIFTY-III.NFO,30/07/2024,09:15:42,51850.05,51850.05,60,51878.95,15,15,151305
BANKNIFTY-III.NFO,30/07/2024,09:15:44,51850.05,51850.3,60,51878.85,30,15,151305
BANKNIFTY-III.NFO,30/07/2024,09:15:46,51879.15,51850.05,60,51880,15,45,151305
BANKNIFTY-III.NFO,30/07/2024,09:15:47,51879.15,51855.7,60,51880,30,0,151305
BANKNIFTY-III.NFO,30/07/2024,09:15:49,51883.6,51860.75,60,51884.45,75,30,151305
BANKNIFTY-III.NFO,30/07/2024,09:15:50,51883.6,51860.9,60,51890,15,0,151305
BANKNIFTY-III.NFO,30/07/2024,09:15:52,51890,51879.2,60,51899.95,75,15,151305
BANKNIFTY-III.NFO,30/07/2024,09:15:54,51899.8,51879.2,60,51899.95,75,30,151305
BANKNIFTY-III.NFO,30/07/2024,09:15:55,51899.8,51879.15,30,51899.95,90,0,151305
BANKNIFTY-III.NFO,30/07/2024,09:15:57,51899.8,51879.2,60,51899.8,15,0,151305
BANKNIFTY-III.NFO,30/07/2024,09:15:58,51899.8,51880.25,60,51900,30,15,151305
BANKNIFTY-III.NFO,30/07/2024,09:16:00,51880.55,51884.65,60,51900,30,30,151305
BANKNIFTY-III.NFO,30/07/2024,09:16:02,51915.9,51908,30,51915.9,15,45,151305
BANKNIFTY-III.NFO,30/07/2024,09:16:02,51915.9,51908,30,51915.9,15,0,151305
BANKNIFTY-III.NFO,30/07/2024,09:16:03,51912.25,51913.3,60,51929.8,30,45,151305
BANKNIFTY-III.NFO,30/07/2024,09:16:03,51915.95,51913.3,60,51929.8,30,0,151305
BANKNIFTY-III.NFO,30/07/2024,09:16:05,51912.25,51921.5,30,51941.65,45,0,151305
BANKNIFTY-III.NFO,30/07/2024,09:16:07,51921.5,51916.35,60,51935.2,30,15,151305
BANKNIFTY-III.NFO,30/07/2024,09:16:07,51921.5,51916.35,60,51935.2,30,0,151305
BANKNIFTY-III.NFO,30/07/2024,09:16:08,51916.35,51919.9,60,51941,120,15,151305
BANKNIFTY-III.NFO,30/07/2024,09:16:10,51919.9,51919.9,60,51947.6,60,15,151305
BANKNIFTY-III.NFO,30/07/2024,09:16:11,51947.5,51919.05,60,51943.85,60,240,151305
BANKNIFTY-III.NFO,30/07/2024,09:16:11,51947.5,51919.05,60,51943.85,60,0,151305
BANKNIFTY-III.NFO,30/07/2024,09:16:13,51947.5,51919.05,60,51943.75,60,0,151305
BANKNIFTY-III.NFO,30/07/2024,09:16:15,51943.85,51919.05,60,51943.75,45,15,151305
BANKNIFTY-III.NFO,30/07/2024,09:16:16,51943.85,51912.75,15,51940,45,0,151305
BANKNIFTY-III.NFO,30/07/2024,09:16:18,51943.85,51900.05,60,51931.15,45,0,151305
BANKNIFTY-III.NFO,30/07/2024,09:16:20,51931.05,51916.35,30,51930.95,30,15,151305
BANKNIFTY-III.NFO,30/07/2024,09:16:21,51916.4,51916.4,60,51938.1,60,30,151305
BANKNIFTY-III.NFO,30/07/2024,09:16:23,51916.4,51916.4,45,51938,75,15,151305
BANKNIFTY-III.NFO,30/07/2024,09:16:25,51937.9,51916.35,45,51937.8,60,15,151305
BANKNIFTY-III.NFO,30/07/2024,09:16:26,51937.9,51916.35,30,51935.45,60,0,151305
BANKNIFTY-III.NFO,30/07/2024,09:16:28,51937.9,51916.35,45,51931.7,60,0,151305
BANKNIFTY-III.NFO,30/07/2024,09:16:29,51937.9,51916.35,45,51931.6,75,0,151305
BANKNIFTY-III.NFO,30/07/2024,09:16:31,51937.9,51916.35,45,51931.4,60,0,151305
BANKNIFTY-III.NFO,30/07/2024,09:16:33,51937.9,51916.4,60,51938.65,75,0,151305
BANKNIFTY-III.NFO,30/07/2024,09:16:34,51937.9,51916.8,75,51938.45,75,0,151305
BANKNIFTY-III.NFO,30/07/2024,09:16:36,51917.7,51917.7,30,51937.75,60,30,151305
BANKNIFTY-III.NFO,30/07/2024,09:16:38,51917.7,51916.4,30,51937.65,60,0,151305
BANKNIFTY-III.NFO,30/07/2024,09:16:39,51906,51910,15,51937.45,60,300,151305
BANKNIFTY-III.NFO,30/07/2024,09:16:41,51906,51910,15,51936.35,60,0,151305
BANKNIFTY-III.NFO,30/07/2024,09:16:42,51906,51913.9,15,51934.05,210,0,151305
BANKNIFTY-III.NFO,30/07/2024,09:16:44,51933.85,51910.3,30,51933.85,75,30,151305
BANKNIFTY-III.NFO,30/07/2024,09:16:46,51933.65,51913.85,45,51933.65,60,15,151305
BANKNIFTY-III.NFO,30/07/2024,09:16:47,51933.65,51913.85,45,51937.8,60,0,151305
BANKNIFTY-III.NFO,30/07/2024,09:16:49,51933.65,51921.75,45,51935,105,0,151305
BANKNIFTY-III.NFO,30/07/2024,09:16:50,51933.65,51927.55,15,51933.6,75,0,151305
BANKNIFTY-III.NFO,30/07/2024,09:16:52,51933.65,51912.75,45,51933,45,0,151305
BANKNIFTY-III.NFO,30/07/2024,09:16:54,51933.65,51915.65,45,51933,45,0,151305
BANKNIFTY-III.NFO,30/07/2024,09:16:55,51933.65,51932.65,45,51933,30,0,151305
BANKNIFTY-III.NFO,30/07/2024,09:16:57,51935,51928.4,30,51935,90,90,151305
BANKNIFTY-III.NFO,30/07/2024,09:16:58,51935,51922.25,30,51939,15,105,151305
BANKNIFTY-III.NFO,30/07/2024,09:17:00,51939,51947.7,30,51950,15,15,151305
BANKNIFTY-III.NFO,30/07/2024,09:17:02,51947.7,51936.4,15,51950,30,15,151305
BANKNIFTY-III.NFO,30/07/2024,09:17:02,51947.7,51936.4,15,51950,30,0,151305
BANKNIFTY-III.NFO,30/07/2024,09:17:03,51947.7,51936.4,15,51950,30,0,151305
BANKNIFTY-III.NFO,30/07/2024,09:17:05,51950.45,51925.55,15,51950.85,60,45,151305
BANKNIFTY-III.NFO,30/07/2024,09:17:05,51950.45,51925.55,15,51950.85,60,0,151305
BANKNIFTY-III.NFO,30/07/2024,09:17:07,51950.45,51929.45,15,51950.85,60,0,151305
BANKNIFTY-III.NFO,30/07/2024,09:17:08,51950.45,51931.85,15,51950.85,60,0,151305
BANKNIFTY-III.NFO,30/07/2024,09:17:10,51950.85,51932.45,15,51950.75,60,15,151305
BANKNIFTY-III.NFO,30/07/2024,09:17:10,51950.85,51932.45,15,51950.75,60,0,151305
BANKNIFTY-III.NFO,30/07/2024,09:17:12,51950.85,51927.3,45,51950.85,60,15,151305
BANKNIFTY-III.NFO,30/07/2024,09:17:13,51950.85,51927.3,45,51950.85,60,0,151305
BANKNIFTY-III.NFO,30/07/2024,09:17:15,51950.85,51927.3,60,51950.85,60,15,151305
BANKNIFTY-III.NFO,30/07/2024,09:17:16,51950.85,51916.3,60,51927.3,30,0,151305
BANKNIFTY-III.NFO,30/07/2024,09:17:18,51950.85,51917.5,60,51927.3,30,0,151305
BANKNIFTY-III.NFO,30/07/2024,09:17:20,51917.5,51917.5,45,51927.3,30,15,151305
BANKNIFTY-III.NFO,30/07/2024,09:17:21,51917.5,51917.5,45,51927.3,15,0,151305
BANKNIFTY-III.NFO,30/07/2024,09:17:23,51917.5,51915.7,45,51927.3,30,0,151305
BANKNIFTY-III.NFO,30/07/2024,09:17:25,51927.3,51923.9,45,51950.6,60,15,151305
BANKNIFTY-III.NFO,30/07/2024,09:17:26,51926.1,51925.4,30,51950.6,60,15,151305
BANKNIFTY-III.NFO,30/07/2024,09:17:28,51926.1,51922.35,30,51950.6,60,0,151305
BANKNIFTY-III.NFO,30/07/2024,09:17:30,51926.1,51923.6,30,51950.6,60,0,151305
BANKNIFTY-III.NFO,30/07/2024,09:17:31,51926.1,51924.3,30,51950.6,60,0,151305
BANKNIFTY-III.NFO,30/07/2024,09:17:33,51926.1,51916.65,30,51949.05,60,0,151305
BANKNIFTY-III.NFO,30/07/2024,09:17:34,51926.1,51915.2,30,51943.35,60,0,151305
BANKNIFTY-III.NFO,30/07/2024,09:17:36,51926.1,51915.2,30,51946.75,60,0,151305
BANKNIFTY-III.NFO,30/07/2024,09:17:38,51951.95,51924.4,60,51952.65,30,195,151305
BANKNIFTY-III.NFO,30/07/2024,09:17:38,51951.95,51924.4,60,51952.65,30,0,151305
BANKNIFTY-III.NFO,30/07/2024,09:17:39,51951.95,51923.5,60,51952.65,30,0,151305
BANKNIFTY-III.NFO,30/07/2024,09:17:41,51951.95,51930.05,60,51952.65,30,0,151305
BANKNIFTY-III.NFO,30/07/2024,09:17:43,51951.95,51931.8,60,51952.65,30,0,151305
BANKNIFTY-III.NFO,30/07/2024,09:17:44,51931.8,51930.9,60,51952.65,45,15,151305
BANKNIFTY-III.NFO,30/07/2024,09:17:46,51952.65,51931.25,60,51952.65,30,15,151305
BANKNIFTY-III.NFO,30/07/2024,09:17:46,51952.65,51931.25,60,51952.65,30,0,151305
BANKNIFTY-III.NFO,30/07/2024,09:17:47,51952.65,51943,60,51960.35,15,0,151305
BANKNIFTY-III.NFO,30/07/2024,09:17:49,51952.65,51944.05,60,51960.35,15,0,151305
BANKNIFTY-III.NFO,30/07/2024,09:17:51,51952.65,51943.25,60,51960.75,30,0,151305
BANKNIFTY-III.NFO,30/07/2024,09:17:52,51952.65,51948.45,60,51960.8,15,0,151305
BANKNIFTY-III.NFO,30/07/2024,09:17:54,51960.8,51960.25,60,51972.95,15,15,151305
BANKNIFTY-III.NFO,30/07/2024,09:17:54,51960.8,51960.25,60,51972.95,15,0,151305
BANKNIFTY-III.NFO,30/07/2024,09:17:56,51960.4,51964.35,60,51978.9,15,30,151305
BANKNIFTY-III.NFO,30/07/2024,09:17:57,51960.4,51960.6,60,51978.9,15,0,151305
BANKNIFTY-III.NFO,30/07/2024,09:17:59,51960.4,51970.7,60,51980,30,0,151305
BANKNIFTY-III.NFO,30/07/2024,09:18:01,51960.4,51968.7,60,51980,15,0,151305
BANKNIFTY-III.NFO,30/07/2024,09:18:02,51980,51961.65,60,51986.85,60,15,151305
BANKNIFTY-III.NFO,30/07/2024,09:18:02,51980,51961.65,60,51986.85,60,0,151305
BANKNIFTY-III.NFO,30/07/2024,09:18:04,51963.85,51963.85,45,51986.9,15,15,151305
BANKNIFTY-III.NFO,30/07/2024,09:18:06,52000.95,51975.85,45,51999.95,60,15,151305
BANKNIFTY-III.NFO,30/07/2024,09:18:06,52000.95,51975.85,45,51999.95,60,0,151305
BANKNIFTY-III.NFO,30/07/2024,09:18:07,52000.95,51979.4,45,51999.95,60,0,151305
BANKNIFTY-III.NFO,30/07/2024,09:18:09,51999.95,51978.9,60,51999.95,60,15,151305
BANKNIFTY-III.NFO,30/07/2024,09:18:11,52000,51990,45,52000,30,30,151305
BANKNIFTY-III.NFO,30/07/2024,09:18:12,52000,51992.05,45,52000,30,0,151305
BANKNIFTY-III.NFO,30/07/2024,09:18:14,52000,51996.75,45,52000,15,15,151305
BANKNIFTY-III.NFO,30/07/2024,09:18:16,52000,51993.85,30,52012.95,60,75,151305
BANKNIFTY-III.NFO,30/07/2024,09:18:17,52000,52006.1,30,52025,30,0,151305
BANKNIFTY-III.NFO,30/07/2024,09:18:19,52018.45,52018.5,15,52025,15,15,151305
BANKNIFTY-III.NFO,30/07/2024,09:18:19,52018.45,52018.5,15,52025,15,0,151305
BANKNIFTY-III.NFO,30/07/2024,09:18:21,52018.5,52004.75,45,52024.95,60,15,151305
BANKNIFTY-III.NFO,30/07/2024,09:18:21,52018.5,52004.75,45,52024.95,60,0,151305
BANKNIFTY-III.NFO,30/07/2024,09:18:22,52018.5,52000.55,30,52024.95,60,0,151305
BANKNIFTY-III.NFO,30/07/2024,09:18:24,52018.5,52012.6,45,52025,30,0,151305
BANKNIFTY-III.NFO,30/07/2024,09:18:26,52018.5,52018.1,30,52025,15,0,151305
BANKNIFTY-III.NFO,30/07/2024,09:18:27,52018.5,52020.2,45,52025,15,0,151305
BANKNIFTY-III.NFO,30/07/2024,09:18:29,52025,52021.65,45,52042.7,60,15,151305
BANKNIFTY-III.NFO,30/07/2024,09:18:29,52025,52021.65,45,52042.7,60,0,151305
BANKNIFTY-III.NFO,30/07/2024,09:18:31,52025,52021.7,150,52040.55,60,0,151305
BANKNIFTY-III.NFO,30/07/2024,09:18:32,52025,52032.05,45,52047.05,15,0,151305
BANKNIFTY-III.NFO,30/07/2024,09:18:34,52025,52046.75,150,52050,30,0,151305
BANKNIFTY-III.NFO,30/07/2024,09:18:36,52025,52035.6,150,52049.95,60,0,151305
BANKNIFTY-III.NFO,30/07/2024,09:18:37,52025,52025,45,52046.65,75,0,151305
BANKNIFTY-III.NFO,30/07/2024,09:18:39,52050,52026.25,60,52048.75,60,90,151725
BANKNIFTY-III.NFO,30/07/2024,09:18:39,52050,52026.25,60,52048.75,60,0,151725
BANKNIFTY-III.NFO,30/07/2024,09:18:41,52050,52021.95,60,52045.4,60,0,151725
BANKNIFTY-III.NFO,30/07/2024,09:18:42,52050,52013.65,60,52039.7,60,0,151725
BANKNIFTY-III.NFO,30/07/2024,09:18:44,52050,52007.2,60,52039.6,60,0,151725
BANKNIFTY-III.NFO,30/07/2024,09:18:46,52050,52008.25,60,52032.1,60,0,151725
BANKNIFTY-III.NFO,30/07/2024,09:18:47,52050,52029.7,60,52041.65,60,0,151725
BANKNIFTY-III.NFO,30/07/2024,09:18:49,52050,52019,60,52044.95,60,0,151725
BANKNIFTY-III.NFO,30/07/2024,09:18:51,52050,52024.95,60,52044.95,60,0,151725
BANKNIFTY-III.NFO,30/07/2024,09:18:52,52050,52021.05,60,52045.25,60,0,151725
BANKNIFTY-III.NFO,30/07/2024,09:18:54,52050,52030.15,60,52045.7,60,0,151725
BANKNIFTY-III.NFO,30/07/2024,09:18:56,52050,52036.95,60,52049.95,75,0,151725
BANKNIFTY-III.NFO,30/07/2024,09:18:57,52050,52043.15,60,52050,75,15,151725
BANKNIFTY-III.NFO,30/07/2024,09:18:59,52050,52044.3,150,52050,75,15,151725
BANKNIFTY-III.NFO,30/07/2024,09:19:01,52052,52052.8,15,52060,15,90,151725
BANKNIFTY-III.NFO,30/07/2024,09:19:01,52052,52052.8,15,52060,15,0,151725
BANKNIFTY-III.NFO,30/07/2024,09:19:02,52052,52043.5,150,52059.95,60,0,151725
BANKNIFTY-III.NFO,30/07/2024,09:19:04,52052,52042.7,150,52059.95,60,0,151725
BANKNIFTY-III.NFO,30/07/2024,09:19:06,52052,52044.2,150,52054.95,60,0,151725
BANKNIFTY-III.NFO,30/07/2024,09:19:07,52044.2,52045.6,15,52055,15,30,151725
BANKNIFTY-III.NFO,30/07/2024,09:19:09,52044.2,52034.5,120,52054.95,60,0,151725
BANKNIFTY-III.NFO,30/07/2024,09:19:11,52044.2,52030,15,52048.55,60,0,151725
BANKNIFTY-III.NFO,30/07/2024,09:19:14,52044.2,52036.2,120,52053.3,60,0,151725
BANKNIFTY-III.NFO,30/07/2024,09:19:16,52044.2,52041.45,15,52054.95,75,0,151725
BANKNIFTY-III.NFO,30/07/2024,09:19:17,52053.8,52030,15,52048.6,60,15,151725
BANKNIFTY-III.NFO,30/07/2024,09:19:17,52053.8,52030,15,52048.6,60,0,151725
BANKNIFTY-III.NFO,30/07/2024,09:19:19,52047.75,52030,15,52047.75,60,15,151725
BANKNIFTY-III.NFO,30/07/2024,09:19:21,52047.75,52030,15,52048.6,60,0,151725
BANKNIFTY-III.NFO,30/07/2024,09:19:22,52047.75,52030,15,52039.9,60,0,151725
BANKNIFTY-III.NFO,30/07/2024,09:19:24,52012.9,52012.85,135,52035.2,75,45,151725
BANKNIFTY-III.NFO,30/07/2024,09:19:26,52012.9,52011.1,15,52031.55,60,0,151725
BANKNIFTY-III.NFO,30/07/2024,09:19:27,52027.8,52007.35,15,52027.8,60,15,151725
BANKNIFTY-III.NFO,30/07/2024,09:19:29,52027.8,52008.15,15,52027.8,60,0,151725
BANKNIFTY-III.NFO,30/07/2024,09:19:31,52007.35,52000,45,52021.15,60,15,151725
BANKNIFTY-III.NFO,30/07/2024,09:19:32,52007.35,52000,60,52013.75,75,0,151725
BANKNIFTY-III.NFO,30/07/2024,09:19:34,52007.35,52005.05,15,52019.75,60,0,151725
BANKNIFTY-III.NFO,30/07/2024,09:19:36,52019.75,52000.05,15,52007.35,150,15,151725
BANKNIFTY-III.NFO,30/07/2024,09:19:37,52007.35,52000,45,52007.35,135,15,151725
BANKNIFTY-III.NFO,30/07/2024,09:19:39,52007.35,52000,45,52007.3,75,0,151725
BANKNIFTY-III.NFO,30/07/2024,09:19:40,52007.35,52000,45,52007.35,135,0,151725
BANKNIFTY-III.NFO,30/07/2024,09:19:42,52007.35,52000,45,52007.3,60,0,151725
BANKNIFTY-III.NFO,30/07/2024,09:19:44,52007.35,52000.05,15,52007.35,135,0,151725
BANKNIFTY-III.NFO,30/07/2024,09:19:45,52007.35,52000,45,52007.3,60,0,151725
BANKNIFTY-III.NFO,30/07/2024,09:19:49,52007.35,52000,30,52007.25,60,0,151725
BANKNIFTY-III.NFO,30/07/2024,09:19:51,52000,51984.25,15,52003.2,60,30,151725
BANKNIFTY-III.NFO,30/07/2024,09:19:52,52000,51982.5,15,52000.55,60,0,151725
BANKNIFTY-III.NFO,30/07/2024,09:19:54,51999.95,51984.5,15,51999.95,75,15,151725
BANKNIFTY-III.NFO,30/07/2024,09:19:56,51999.95,51984.5,15,51999.95,75,0,151725
BANKNIFTY-III.NFO,30/07/2024,09:19:57,51999.95,51974.35,15,51993.1,60,0,151725
BANKNIFTY-III.NFO,30/07/2024,09:19:59,51973.45,51968.55,30,51990.75,60,45,151725
BANKNIFTY-III.NFO,30/07/2024,09:20:01,51973.45,51969.3,15,51987.2,60,0,151725
BANKNIFTY-III.NFO,30/07/2024,09:20:02,51969.3,51959.1,30,51976.8,60,15,151725
BANKNIFTY-III.NFO,30/07/2024,09:20:04,51969.3,51959.45,30,51976.8,60,0,151725
BANKNIFTY-III.NFO,30/07/2024,09:20:05,51969.3,51970.05,30,51984.75,60,0,151725
BANKNIFTY-III.NFO,30/07/2024,09:20:07,51969.3,51970,15,51984.75,60,0,151725
BANKNIFTY-III.NFO,30/07/2024,09:20:09,51969.3,51970,15,51983.4,60,0,151725
BANKNIFTY-III.NFO,30/07/2024,09:20:10,51969.3,51970.05,30,51987.2,60,0,151725
BANKNIFTY-III.NFO,30/07/2024,09:20:12,51969.3,51970.05,30,51975,15,0,151725
BANKNIFTY-III.NFO,30/07/2024,09:20:14,51970,51964.75,30,51975,15,15,151725
BANKNIFTY-III.NFO,30/07/2024,09:20:15,51965.05,51958.2,15,51974.95,60,15,151725
BANKNIFTY-III.NFO,30/07/2024,09:20:17,51965.05,51970.05,15,51975,15,0,151725
BANKNIFTY-III.NFO,30/07/2024,09:20:20,51975,51973.45,15,51989.3,30,15,151725
BANKNIFTY-III.NFO,30/07/2024,09:20:22,51975,51975,15,51989.25,60,0,151725
BANKNIFTY-III.NFO,30/07/2024,09:20:24,51975,51977.9,15,51989.3,15,0,151725
BANKNIFTY-III.NFO,30/07/2024,09:20:25,51975,51977.85,15,51989.3,30,0,151725
BANKNIFTY-III.NFO,30/07/2024,09:20:27,51975,51983.5,30,51989.3,15,0,151725
BANKNIFTY-III.NFO,30/07/2024,09:20:29,51975,51975.05,15,51989.25,60,0,151725
BANKNIFTY-III.NFO,30/07/2024,09:20:30,51975,51970,15,51987,60,0,151725
BANKNIFTY-III.NFO,30/07/2024,09:20:32,51975,51970,15,51980.4,60,0,151725
BANKNIFTY-III.NFO,30/07/2024,09:20:34,51970,51959.75,15,51972.8,60,15,151725
BANKNIFTY-III.NFO,30/07/2024,09:20:35,51970,51961.25,15,51976.15,60,0,151725
BANKNIFTY-III.NFO,30/07/2024,09:20:37,51975.8,51963.1,15,51972,60,15,151725
BANKNIFTY-III.NFO,30/07/2024,09:20:39,51966,51951.55,15,51965.5,60,15,151725
BANKNIFTY-III.NFO,30/07/2024,09:20:40,51966,51951.6,45,51970.7,60,0,151725
BANKNIFTY-III.NFO,30/07/2024,09:20:42,51966,51952.35,45,51970.65,60,0,151725
BANKNIFTY-III.NFO,30/07/2024,09:20:44,51966,51953.4,45,51970.45,60,0,151725
BANKNIFTY-III.NFO,30/07/2024,09:20:45,51966,51954.1,45,51972.05,15,0,151725
BANKNIFTY-III.NFO,30/07/2024,09:20:47,51966,51954.1,45,51974.95,60,0,151725
BANKNIFTY-III.NFO,30/07/2024,09:20:49,51966,51958.05,15,51972.55,60,0,151725
BANKNIFTY-III.NFO,30/07/2024,09:20:50,51955,51960,15,51966,15,15,151725
BANKNIFTY-III.NFO,30/07/2024,09:20:52,51966,51955.55,45,51972.05,60,15,151725
BANKNIFTY-III.NFO,30/07/2024,09:20:54,51966,51955.95,45,51974.95,60,0,151725
BANKNIFTY-III.NFO,30/07/2024,09:20:55,51966,51950.05,45,51974.95,60,0,151725
BANKNIFTY-III.NFO,30/07/2024,09:20:57,51950,51949.45,120,51950,15,285,151725
BANKNIFTY-III.NFO,30/07/2024,09:20:58,51950,51955.95,15,51973.9,60,15,151725
BANKNIFTY-III.NFO,30/07/2024,09:21:00,51950,51961.75,15,51977.3,60,0,151725
BANKNIFTY-III.NFO,30/07/2024,09:21:02,51950,51966.85,15,51981.45,60,0,151725
BANKNIFTY-III.NFO,30/07/2024,09:21:03,51950,51963.55,15,51981.45,60,0,151725
BANKNIFTY-III.NFO,30/07/2024,09:21:05,51950,51964.4,15,51981.45,60,0,151725
BANKNIFTY-III.NFO,30/07/2024,09:21:06,51962.3,51960.45,30,51981.45,60,15,151725
BANKNIFTY-III.NFO,30/07/2024,09:21:08,51985.6,51963.2,15,51985.6,60,15,151725
BANKNIFTY-III.NFO,30/07/2024,09:21:10,51985.6,51962.9,15,51985.6,60,0,151725
BANKNIFTY-III.NFO,30/07/2024,09:21:11,51985.6,51961.9,30,51985.6,60,15,151725
BANKNIFTY-III.NFO,30/07/2024,09:21:13,51985.6,51973.7,30,51987.55,60,0,151725
BANKNIFTY-III.NFO,30/07/2024,09:21:15,51985.6,51974.85,30,51989.3,30,0,151725
BANKNIFTY-III.NFO,30/07/2024,09:21:16,51985.6,51976.95,30,51989.3,30,0,151725
BANKNIFTY-III.NFO,30/07/2024,09:21:18,51985.6,51974.35,30,51989.25,60,0,151725
BANKNIFTY-III.NFO,30/07/2024,09:21:20,51985.6,51980.45,30,51989.3,15,0,151725
BANKNIFTY-III.NFO,30/07/2024,09:21:21,51975,51968.35,30,51989.25,60,15,151725
BANKNIFTY-III.NFO,30/07/2024,09:21:23,51975,51962.25,30,51989.05,60,0,151725
BANKNIFTY-III.NFO,30/07/2024,09:21:25,51975,51985.6,15,51989.25,75,0,151725
BANKNIFTY-III.NFO,30/07/2024,09:21:26,51985.6,51972.75,30,51989.2,60,15,151725
BANKNIFTY-III.NFO,30/07/2024,09:21:28,51971.75,51967.65,15,51989.2,60,135,151725
BANKNIFTY-III.NFO,30/07/2024,09:21:30,51971.75,51974.45,15,51989.15,60,0,151725
BANKNIFTY-III.NFO,30/07/2024,09:21:31,51971.75,51978.35,15,51985.8,15,0,151725
BANKNIFTY-III.NFO,30/07/2024,09:21:33,51971.75,51982.2,15,51985.8,15,0,151725
BANKNIFTY-III.NFO,30/07/2024,09:21:35,51989.3,51992.45,285,52000,45,30,151725
BANKNIFTY-III.NFO,30/07/2024,09:21:36,51989.3,51982.85,120,51999.95,60,0,151725
BANKNIFTY-III.NFO,30/07/2024,09:21:38,51989.3,51985.65,120,51999.95,60,0,151725
BANKNIFTY-III.NFO,30/07/2024,09:21:39,51989.3,51988.3,150,52000,75,0,151725
BANKNIFTY-III.NFO,30/07/2024,09:21:41,51989.3,51978.1,120,51999.95,60,0,151725
BANKNIFTY-III.NFO,30/07/2024,09:21:43,51989.3,51972.2,285,51999.85,60,0,151725
BANKNIFTY-III.NFO,30/07/2024,09:21:44,51989.3,51967.45,15,51992.7,60,0,151725
BANKNIFTY-III.NFO,30/07/2024,09:21:46,51967.45,51962.4,15,51986.65,60,15,151950
BANKNIFTY-III.NFO,30/07/2024,09:21:48,51986.7,51962.45,15,51986.7,60,15,151950
BANKNIFTY-III.NFO,30/07/2024,09:21:49,51986.7,51962.4,15,51980.8,60,0,151950
BANKNIFTY-III.NFO,30/07/2024,09:21:51,51986.7,51963.85,15,51977.25,60,0,151950
BANKNIFTY-III.NFO,30/07/2024,09:21:54,51986.7,51962,15,51972.65,60,0,151950
BANKNIFTY-III.NFO,30/07/2024,09:21:56,51986.7,51962,15,51973,60,0,151950
BANKNIFTY-III.NFO,30/07/2024,09:21:58,51986.7,51964.4,15,51978.45,60,0,151950
BANKNIFTY-III.NFO,30/07/2024,09:21:59,51986.7,51960,15,51975.35,60,0,151950
BANKNIFTY-III.NFO,30/07/2024,09:22:01,51986.7,51960,15,51967.75,60,0,151950
BANKNIFTY-III.NFO,30/07/2024,09:22:03,51936.2,51938.3,15,51947.25,60,45,151950
BANKNIFTY-III.NFO,30/07/2024,09:22:04,51936.2,51938.3,30,51951.2,75,0,151950
BANKNIFTY-III.NFO,30/07/2024,09:22:06,51936.2,51939.25,15,51956.25,60,0,151950
BANKNIFTY-III.NFO,30/07/2024,09:22:08,51936.2,51940.4,30,51957.1,60,0,151950
BANKNIFTY-III.NFO,30/07/2024,09:22:10,51936.2,51941.35,15,51957,75,0,151950
BANKNIFTY-III.NFO,30/07/2024,09:22:11,51941.3,51941.35,15,51957.8,75,15,151950
BANKNIFTY-III.NFO,30/07/2024,09:22:13,51941.35,51942.9,15,51960.7,60,30,151950
BANKNIFTY-III.NFO,30/07/2024,09:22:15,51941.35,51942.9,15,51963.8,60,0,151950
BANKNIFTY-III.NFO,30/07/2024,09:22:16,51941.35,51942.9,15,51963.6,60,0,151950
BANKNIFTY-III.NFO,30/07/2024,09:22:18,51969.25,51951.45,60,51969.65,60,90,151950
BANKNIFTY-III.NFO,30/07/2024,09:22:20,51969.25,51957.4,75,51971.85,60,0,151950
BANKNIFTY-III.NFO,30/07/2024,09:22:21,51969.25,51955.25,60,51973.25,60,0,151950
BANKNIFTY-III.NFO,30/07/2024,09:22:23,51969.25,51957.75,60,51974.95,60,0,151950
BANKNIFTY-III.NFO,30/07/2024,09:22:25,51969.25,51964.1,60,51982.25,15,0,151950
BANKNIFTY-III.NFO,30/07/2024,09:22:26,51969.25,51967.8,60,51983.9,60,0,151950
BANKNIFTY-III.NFO,30/07/2024,09:22:28,51969.25,51977.25,15,51982.6,60,0,151950
BANKNIFTY-III.NFO,30/07/2024,09:22:30,51977.25,51959.4,60,51979.5,60,15,151950
BANKNIFTY-III.NFO,30/07/2024,09:22:31,51977.25,51955.7,75,51973,60,0,151950
BANKNIFTY-III.NFO,30/07/2024,09:22:33,51977.25,51952.7,60,51970.65,60,0,151950
BANKNIFTY-III.NFO,30/07/2024,09:22:35,51977.25,51950.6,60,51970.45,60,0,151950
BANKNIFTY-III.NFO,30/07/2024,09:22:36,51977.25,51948.65,60,51968.35,60,0,151950
BANKNIFTY-III.NFO,30/07/2024,09:22:38,51977.25,51949.1,60,51968.5,60,0,151950
BANKNIFTY-III.NFO,30/07/2024,09:22:40,51977.25,51952.55,60,51970.1,60,0,151950
BANKNIFTY-III.NFO,30/07/2024,09:22:41,51977.25,51949.1,60,51968.2,60,0,151950
BANKNIFTY-III.NFO,30/07/2024,09:22:43,51949.1,51954.85,60,51969.35,60,15,151950
BANKNIFTY-III.NFO,30/07/2024,09:22:45,51949.1,51953.7,75,51969.15,60,0,151950
BANKNIFTY-III.NFO,30/07/2024,09:22:46,51949.1,51953.8,45,51968.1,60,0,151950
BANKNIFTY-III.NFO,30/07/2024,09:22:48,51949.1,51955.25,60,51968.2,60,0,151950
BANKNIFTY-III.NFO,30/07/2024,09:22:50,51949.1,51968.35,15,51971.05,60,0,151950
BANKNIFTY-III.NFO,30/07/2024,09:22:51,51968.35,51956.15,45,51971.05,60,15,151950
BANKNIFTY-III.NFO,30/07/2024,09:22:53,51968.35,51956.15,45,51970.85,60,0,151950
BANKNIFTY-III.NFO,30/07/2024,09:22:55,51968.35,51957.1,60,51973,60,0,151950
BANKNIFTY-III.NFO,30/07/2024,09:22:56,51968.35,51959.95,60,51972.8,60,0,151950
BANKNIFTY-III.NFO,30/07/2024,09:22:58,51968.35,51959.95,60,51976.8,60,0,151950
BANKNIFTY-III.NFO,30/07/2024,09:23:00,51968.35,51950.45,30,51963.45,60,0,151950
BANKNIFTY-III.NFO,30/07/2024,09:23:01,51968.35,51950.25,15,51956.55,60,0,151950
BANKNIFTY-III.NFO,30/07/2024,09:23:03,51968.35,51950.25,15,51955.8,75,0,151950
BANKNIFTY-III.NFO,30/07/2024,09:23:05,51968.35,51950.6,15,51959.2,60,0,151950
BANKNIFTY-III.NFO,30/07/2024,09:23:06,51968.35,51950.25,15,51958.05,75,0,151950
BANKNIFTY-III.NFO,30/07/2024,09:23:08,51968.35,51950.25,15,51959.15,60,0,151950
BANKNIFTY-III.NFO,30/07/2024,09:23:09,51950.6,51955.05,45,51966,75,15,151950
BANKNIFTY-III.NFO,30/07/2024,09:23:11,51950.6,51955,15,51965.1,60,0,151950
BANKNIFTY-III.NFO,30/07/2024,09:23:13,51950.6,51955,15,51962.85,60,0,151950
BANKNIFTY-III.NFO,30/07/2024,09:23:14,51950.6,51955.05,45,51967.15,75,0,151950
BANKNIFTY-III.NFO,30/07/2024,09:23:16,51950.6,51955,15,51962.1,75,0,151950
BANKNIFTY-III.NFO,30/07/2024,09:23:18,51950.6,51955,15,51961.45,75,0,151950
BANKNIFTY-III.NFO,30/07/2024,09:23:19,51950.6,51955.05,45,51968.3,75,0,151950
BANKNIFTY-III.NFO,30/07/2024,09:23:21,51950.6,51955,15,51964.2,75,0,151950
BANKNIFTY-III.NFO,30/07/2024,09:23:23,51950.6,51955.05,45,51968.3,75,0,151950
BANKNIFTY-III.NFO,30/07/2024,09:23:24,51955.05,51955.45,15,51967.3,60,15,151950
BANKNIFTY-III.NFO,30/07/2024,09:23:26,51955.05,51955,15,51955.05,15,0,151950
BANKNIFTY-III.NFO,30/07/2024,09:23:28,51955,51950.3,45,51955.05,15,15,151950
BANKNIFTY-III.NFO,30/07/2024,09:23:29,51955,51951.15,45,51955.05,15,0,151950
BANKNIFTY-III.NFO,30/07/2024,09:23:31,51955.05,51964.05,15,51968.35,15,15,151950
BANKNIFTY-III.NFO,30/07/2024,09:23:33,51966.05,51951.35,60,51968.3,60,15,151950
BANKNIFTY-III.NFO,30/07/2024,09:23:34,51966.05,51951.4,30,51967.45,60,0,151950
BANKNIFTY-III.NFO,30/07/2024,09:23:36,51966.05,51950.25,15,51961.35,60,0,151950
BANKNIFTY-III.NFO,30/07/2024,09:23:37,51966.05,51950.25,15,51954.9,75,0,151950
BANKNIFTY-III.NFO,30/07/2024,09:23:39,51966.05,51950.25,15,51957.35,75,0,151950
BANKNIFTY-III.NFO,30/07/2024,09:23:41,51966.05,51950.25,15,51955.9,60,0,151950
BANKNIFTY-III.NFO,30/07/2024,09:23:42,51966.05,51950.25,15,51958.45,60,0,151950
BANKNIFTY-III.NFO,30/07/2024,09:23:44,51966.05,51950.25,15,51959.65,75,0,151950
BANKNIFTY-III.NFO,30/07/2024,09:23:46,51966.05,51950.25,15,51959.75,75,0,151950
BANKNIFTY-III.NFO,30/07/2024,09:23:47,51966.05,51950.25,15,51962.25,60,0,151950
BANKNIFTY-III.NFO,30/07/2024,09:23:49,51966.05,51950.25,15,51955.25,60,0,151950
BANKNIFTY-III.NFO,30/07/2024,09:23:51,51966.05,51950.25,15,51960.2,75,0,151950
BANKNIFTY-III.NFO,30/07/2024,09:23:52,51966.05,51950.25,15,51957.65,60,0,151950
BANKNIFTY-III.NFO,30/07/2024,09:23:54,51955.95,51950.25,15,51957.2,60,30,151950
BANKNIFTY-III.NFO,30/07/2024,09:23:56,51955.95,51950.25,15,51955.7,60,0,151950
BANKNIFTY-III.NFO,30/07/2024,09:23:57,51950.25,51947.15,60,51961.25,60,15,151950
BANKNIFTY-III.NFO,30/07/2024,09:23:59,51950.25,51946.4,60,51960.75,60,0,151950
BANKNIFTY-III.NFO,30/07/2024,09:24:01,51950.25,51946.4,60,51964.25,60,0,151950
BANKNIFTY-III.NFO,30/07/2024,09:24:02,51950.25,51947.6,60,51963.75,60,0,151950
BANKNIFTY-III.NFO,30/07/2024,09:24:04,51946.1,51946.1,45,51960.4,60,30,151950
BANKNIFTY-III.NFO,30/07/2024,09:24:06,51946.1,51946.1,45,51960.4,60,0,151950
BANKNIFTY-III.NFO,30/07/2024,09:24:07,51946.1,51943.2,30,51960.55,75,0,151950
BANKNIFTY-III.NFO,30/07/2024,09:24:09,51946.1,51931.6,30,51947.7,15,0,151950
BANKNIFTY-III.NFO,30/07/2024,09:24:11,51946.1,51935.1,30,51946.1,45,0,151950
BANKNIFTY-III.NFO,30/07/2024,09:24:12,51946.1,51941.9,45,51946.1,45,0,151950
BANKNIFTY-III.NFO,30/07/2024,09:24:14,51946.1,51944.2,45,51946.1,30,15,151950
BANKNIFTY-III.NFO,30/07/2024,09:24:15,51963.75,51954.3,45,51968.3,75,45,151950
BANKNIFTY-III.NFO,30/07/2024,09:24:17,51963.75,51961.55,15,51968.35,15,0,151950
BANKNIFTY-III.NFO,30/07/2024,09:24:19,51968.35,51953.85,45,51969.6,75,15,151950
BANKNIFTY-III.NFO,30/07/2024,09:24:20,51968.35,51954,45,51972.5,60,0,151950
BANKNIFTY-III.NFO,30/07/2024,09:24:22,51968.35,51955.1,45,51974.55,60,0,151950
BANKNIFTY-III.NFO,30/07/2024,09:24:24,51968.35,51955.35,45,51974.55,60,0,151950
BANKNIFTY-III.NFO,30/07/2024,09:24:25,51968.35,51960.05,45,51976.2,60,0,151950
BANKNIFTY-III.NFO,30/07/2024,09:24:27,51968.35,51960.05,45,51977.6,60,0,151950
BANKNIFTY-III.NFO,30/07/2024,09:24:29,51968.35,51962.15,45,51981.75,15,0,151950
BANKNIFTY-III.NFO,30/07/2024,09:24:30,51968.35,51969,45,51989.05,15,0,151950
BANKNIFTY-III.NFO,30/07/2024,09:24:32,51968.35,51981.15,45,51993,15,0,151950
BANKNIFTY-III.NFO,30/07/2024,09:24:34,51968.35,51979.3,45,51993,15,0,151950
BANKNIFTY-III.NFO,30/07/2024,09:24:35,51993,51981.05,45,51995,15,15,151950
BANKNIFTY-III.NFO,30/07/2024,09:24:37,51993,51981.5,45,51995,15,0,151950
BANKNIFTY-III.NFO,30/07/2024,09:24:39,51993,51984.65,45,51995,15,0,151950
BANKNIFTY-III.NFO,30/07/2024,09:24:40,51993,51989.3,45,51995,15,0,151950
BANKNIFTY-III.NFO,30/07/2024,09:24:42,51993,51984.85,45,51995,15,0,151950
BANKNIFTY-III.NFO,30/07/2024,09:24:44,51993,51976.25,45,51993.4,60,0,151950
BANKNIFTY-III.NFO,30/07/2024,09:24:45,51993,51969.45,45,51986.55,60,0,151950
BANKNIFTY-III.NFO,30/07/2024,09:24:47,51970.4,51971.7,30,51985,60,30,151965
BANKNIFTY-III.NFO,30/07/2024,09:24:49,51970.4,51972.35,30,51986.55,60,0,151965
BANKNIFTY-III.NFO,30/07/2024,09:24:50,51970.4,51967.6,30,51980.2,60,0,151965
BANKNIFTY-III.NFO,30/07/2024,09:24:52,51970.4,51964.5,15,51982.1,60,0,151965
BANKNIFTY-III.NFO,30/07/2024,09:24:53,51970.4,51968.15,30,51981.2,60,0,151965
BANKNIFTY-III.NFO,30/07/2024,09:24:55,51970.4,51968.65,30,51985.3,60,0,151965
BANKNIFTY-III.NFO,30/07/2024,09:24:57,51970.4,51968.9,15,51986.1,60,0,151965
BANKNIFTY-III.NFO,30/07/2024,09:24:58,51970.4,51967.85,30,51983.6,60,0,151965
BANKNIFTY-III.NFO,30/07/2024,09:25:00,51970.4,51975.15,15,51992.35,60,0,151965
BANKNIFTY-III.NFO,30/07/2024,09:25:02,51970.4,51968.75,15,51985.15,60,0,151965
BANKNIFTY-III.NFO,30/07/2024,09:25:03,51970.4,51966.15,30,51981.5,60,0,151965
BANKNIFTY-III.NFO,30/07/2024,09:25:05,51981.5,51970.05,45,51981.05,60,15,151965
BANKNIFTY-III.NFO,30/07/2024,09:25:06,51981.5,51970,15,51982.15,60,0,151965
BANKNIFTY-III.NFO,30/07/2024,09:25:08,51981.5,51970,30,51983.05,75,0,151965
BANKNIFTY-III.NFO,30/07/2024,09:25:10,51981.5,51970,15,51978.4,60,0,151965
BANKNIFTY-III.NFO,30/07/2024,09:25:11,51981.5,51970,15,51976.75,60,0,151965
BANKNIFTY-III.NFO,30/07/2024,09:25:13,51981.5,51970.1,30,51983,60,0,151965
BANKNIFTY-III.NFO,30/07/2024,09:25:15,51980.7,51970,30,51983.85,60,30,151965
BANKNIFTY-III.NFO,30/07/2024,09:25:16,51970.05,51970.05,60,51985.45,60,15,151965
BANKNIFTY-III.NFO,30/07/2024,09:25:18,51970.05,51970,15,51981.15,60,0,151965
BANKNIFTY-III.NFO,30/07/2024,09:25:19,51970.05,51970.85,45,51985.45,60,0,151965
BANKNIFTY-III.NFO,30/07/2024,09:25:21,51970.05,51973.85,45,51989.8,60,0,151965
BANKNIFTY-III.NFO,30/07/2024,09:25:23,51970.05,51970.05,60,51982.9,60,0,151965
BANKNIFTY-III.NFO,30/07/2024,09:25:24,51970.05,51970.05,60,51985.5,60,0,151965
BANKNIFTY-III.NFO,30/07/2024,09:25:26,51975,51970.05,60,51985.5,60,15,151965
BANKNIFTY-III.NFO,30/07/2024,09:25:28,51975,51971.4,60,51985.5,60,0,151965
BANKNIFTY-III.NFO,30/07/2024,09:25:29,51975,51970.05,60,51985.5,60,0,151965
BANKNIFTY-III.NFO,30/07/2024,09:25:31,51975,51970.1,45,51986.85,60,0,151965
BANKNIFTY-III.NFO,30/07/2024,09:25:33,51975,51970.1,45,51986.4,60,0,151965
BANKNIFTY-III.NFO,30/07/2024,09:25:34,51975,51970,15,51980.45,60,0,151965
BANKNIFTY-III.NFO,30/07/2024,09:25:36,51975,51970,15,51975,15,0,151965
BANKNIFTY-III.NFO,30/07/2024,09:25:44,51975,51970.05,60,51985.45,60,15,151965
BANKNIFTY-III.NFO,30/07/2024,09:25:46,51975,51970.1,45,51987.3,60,0,151965
BANKNIFTY-III.NFO,30/07/2024,09:25:47,51975,51970.85,45,51988.3,60,0,151965
BANKNIFTY-III.NFO,30/07/2024,09:25:49,51975,51976.75,60,51991.05,60,0,151965
BANKNIFTY-III.NFO,30/07/2024,09:25:51,51975,51981.85,45,51995,30,0,151965
BANKNIFTY-III.NFO,30/07/2024,09:25:52,51995,51994.75,60,52000,75,15,151965
BANKNIFTY-III.NFO,30/07/2024,09:25:54,52000,51997.35,45,52000,60,15,151965
BANKNIFTY-III.NFO,30/07/2024,09:25:56,52000,51998.2,45,52014.1,60,60,151965
BANKNIFTY-III.NFO,30/07/2024,09:25:57,52000,51992.9,45,52007.65,15,0,151965
BANKNIFTY-III.NFO,30/07/2024,09:25:59,52000,51996.95,45,52012.65,60,0,151965
BANKNIFTY-III.NFO,30/07/2024,09:26:01,52000,52005.5,45,52020,30,0,151965
BANKNIFTY-III.NFO,30/07/2024,09:26:02,52000,51999.35,45,52011,15,0,151965
BANKNIFTY-III.NFO,30/07/2024,09:26:04,52000,52003.15,45,52011,15,0,151965
BANKNIFTY-III.NFO,30/07/2024,09:26:05,52018.6,52004.15,60,52019.95,60,90,151965
BANKNIFTY-III.NFO,30/07/2024,09:26:07,52018.6,52004.15,75,52019.9,45,0,151965
BANKNIFTY-III.NFO,30/07/2024,09:26:09,52018.6,51995.45,60,52011.65,45,0,151965
BANKNIFTY-III.NFO,30/07/2024,09:26:10,52018.6,51991.5,60,52006.95,45,0,151965
BANKNIFTY-III.NFO,30/07/2024,09:26:12,52018.6,51990.05,15,52002.1,45,0,151965
BANKNIFTY-III.NFO,30/07/2024,09:26:14,52018.6,51990.1,75,52004.95,45,0,151965
BANKNIFTY-III.NFO,30/07/2024,09:26:15,52018.6,51990.7,60,52006.95,45,0,151965
BANKNIFTY-III.NFO,30/07/2024,09:26:17,52018.6,51997.05,60,52011.65,45,0,151965
BANKNIFTY-III.NFO,30/07/2024,09:26:19,52018.6,51999.2,60,52014.45,45,0,151965
BANKNIFTY-III.NFO,30/07/2024,09:26:20,52018.6,52000.5,60,52014,45,0,151965
BANKNIFTY-III.NFO,30/07/2024,09:26:22,52018.6,51998,60,52012.7,45,0,151965
BANKNIFTY-III.NFO,30/07/2024,09:26:24,52010.6,51994.95,60,52010.6,45,15,151965
BANKNIFTY-III.NFO,30/07/2024,09:26:25,52010.6,51997.9,60,52013.4,30,0,151965
BANKNIFTY-III.NFO,30/07/2024,09:26:27,52010.6,51992.75,60,52008.05,30,0,151965
BANKNIFTY-III.NFO,30/07/2024,09:26:29,52010.6,51996.2,15,52002.4,30,0,151965
BANKNIFTY-III.NFO,30/07/2024,09:26:30,52010.6,51992.55,15,52003.75,30,0,151965
BANKNIFTY-III.NFO,30/07/2024,09:26:32,52010.6,51993.15,15,52006.6,30,555,151965
BANKNIFTY-III.NFO,30/07/2024,09:26:34,52010.6,51993.8,15,52002.25,30,0,151965
BANKNIFTY-III.NFO,30/07/2024,09:26:35,52010.6,51992.9,60,52006.8,30,0,151965
BANKNIFTY-III.NFO,30/07/2024,09:26:37,52010.6,51992.85,15,52003.6,30,0,151965
BANKNIFTY-III.NFO,30/07/2024,09:26:39,52000,51994.45,15,51999.35,45,30,151965
BANKNIFTY-III.NFO,30/07/2024,09:26:40,52000,51993.2,15,51999.95,30,0,151965
BANKNIFTY-III.NFO,30/07/2024,09:26:42,51981.15,51993.6,15,51999.95,60,210,151965
BANKNIFTY-III.NFO,30/07/2024,09:26:44,52000,51998.65,15,52009.45,60,15,151965
BANKNIFTY-III.NFO,30/07/2024,09:26:45,52000,51993.75,30,52007.6,60,0,151965
BANKNIFTY-III.NFO,30/07/2024,09:26:47,52000,52003.25,15,52008.6,75,0,151965
BANKNIFTY-III.NFO,30/07/2024,09:26:49,52000,51999.3,15,52003.65,75,0,151965
BANKNIFTY-III.NFO,30/07/2024,09:26:50,52000,51995.2,15,52003.3,75,0,151965
BANKNIFTY-III.NFO,30/07/2024,09:26:52,52000,51992.4,15,52003,60,0,151965
BANKNIFTY-III.NFO,30/07/2024,09:26:54,52000,51995.55,15,52004.1,60,0,151965
BANKNIFTY-III.NFO,30/07/2024,09:26:55,52000,51996.4,15,52005.1,60,0,151965
BANKNIFTY-III.NFO,30/07/2024,09:26:57,52000,51996.55,15,52003.5,60,0,151965
BANKNIFTY-III.NFO,30/07/2024,09:26:59,52000,52000,15,52003.75,60,0,151965
BANKNIFTY-III.NFO,30/07/2024,09:27:00,52000,51990.5,15,51999.05,60,15,151965
BANKNIFTY-III.NFO,30/07/2024,09:27:02,52000,51990.5,15,51995.65,75,0,151965
BANKNIFTY-III.NFO,30/07/2024,09:27:04,52000,51986,15,51992.55,75,0,151965
BANKNIFTY-III.NFO,30/07/2024,09:27:05,52000,51970.05,30,51985.25,60,0,151965
BANKNIFTY-III.NFO,30/07/2024,09:27:07,52000,51970,45,51981.15,60,0,151965
BANKNIFTY-III.NFO,30/07/2024,09:27:09,52000,51973.1,15,51982.8,60,0,151965
BANKNIFTY-III.NFO,30/07/2024,09:27:10,52000,51973.15,30,51987.15,60,0,151965
BANKNIFTY-III.NFO,30/07/2024,09:27:12,52000,51980,30,51994.55,60,0,151965
BANKNIFTY-III.NFO,30/07/2024,09:27:14,52000,51984.4,30,51998.25,60,0,151965
BANKNIFTY-III.NFO,30/07/2024,09:27:15,52000,51985.75,30,51998.95,60,0,151965
BANKNIFTY-III.NFO,30/07/2024,09:27:17,52000,51987.15,30,51999.95,60,0,151965
BANKNIFTY-III.NFO,30/07/2024,09:27:19,52000,51986.35,30,51998.95,60,0,151965
BANKNIFTY-III.NFO,30/07/2024,09:27:20,52000,51988.8,30,52000,30,0,151965
BANKNIFTY-III.NFO,30/07/2024,09:27:22,52000,51996.25,15,52000,30,0,151965
BANKNIFTY-III.NFO,30/07/2024,09:27:25,52000,51998.25,30,52000,30,0,151965
BANKNIFTY-III.NFO,30/07/2024,09:27:27,52000,51998.1,30,52000,15,15,151965
BANKNIFTY-III.NFO,30/07/2024,09:27:29,52000,52000.85,30,52017.9,60,15,151965
BANKNIFTY-III.NFO,30/07/2024,09:27:30,52000,52005.05,30,52019.95,60,0,151965
BANKNIFTY-III.NFO,30/07/2024,09:27:32,52000,52004.05,30,52017.5,60,0,151965
BANKNIFTY-III.NFO,30/07/2024,09:27:34,52000,51999.85,30,52014,60,0,151965
BANKNIFTY-III.NFO,30/07/2024,09:27:35,52000,52001.05,30,52014.5,60,0,151965
BANKNIFTY-III.NFO,30/07/2024,09:27:37,52000,52006.05,30,52019.9,15,0,151965
BANKNIFTY-III.NFO,30/07/2024,09:27:38,52000,52006.4,30,52020,30,0,151965
BANKNIFTY-III.NFO,30/07/2024,09:27:40,52000,52007.65,30,52020,15,0,151965
BANKNIFTY-III.NFO,30/07/2024,09:27:42,52000,51997.5,30,52013.85,60,0,151965
BANKNIFTY-III.NFO,30/07/2024,09:27:43,52000,51996.9,30,52009.8,60,0,151965
BANKNIFTY-III.NFO,30/07/2024,09:27:45,52000,51988.45,30,52004.95,60,0,151965
BANKNIFTY-III.NFO,30/07/2024,09:27:47,52000,51993.35,30,52004.95,60,0,151965
BANKNIFTY-III.NFO,30/07/2024,09:27:48,52000,51990,30,52004.95,60,0,151965
BANKNIFTY-III.NFO,30/07/2024,09:27:50,52000,51994,30,52012.1,60,0,151965
BANKNIFTY-III.NFO,30/07/2024,09:27:52,52000,51998.3,30,52012.1,60,0,151965
BANKNIFTY-III.NFO,30/07/2024,09:27:53,52000,51994.05,30,52006.95,60,0,151965
BANKNIFTY-III.NFO,30/07/2024,09:27:55,52000,51991.05,15,52000.95,60,0,151965
BANKNIFTY-III.NFO,30/07/2024,09:27:57,52000,51989.95,15,52000.5,60,0,151965
BANKNIFTY-III.NFO,30/07/2024,09:27:58,52000,51990.65,15,51998.85,60,0,151965
BANKNIFTY-III.NFO,30/07/2024,09:28:00,52000,51970.25,30,51988.15,60,0,151965
BANKNIFTY-III.NFO,30/07/2024,09:28:02,52000,51976.55,15,51985.1,75,0,151965
BANKNIFTY-III.NFO,30/07/2024,09:28:03,51982.6,51975.7,15,51984.45,60,15,152250
BANKNIFTY-III.NFO,30/07/2024,09:28:05,51982.6,51975.7,30,51985.4,60,0,152250
BANKNIFTY-III.NFO,30/07/2024,09:28:07,51982.6,51975.75,30,51990.8,60,0,152250
BANKNIFTY-III.NFO,30/07/2024,09:28:08,51982.6,51975.9,30,51990.4,75,0,152250
BANKNIFTY-III.NFO,30/07/2024,09:28:10,51982.6,51977.9,15,51984.3,75,0,152250
BANKNIFTY-III.NFO,30/07/2024,09:28:12,51975.85,51975.9,15,51984.75,75,15,152250
BANKNIFTY-III.NFO,30/07/2024,09:28:13,51975.9,51979.2,15,51990.15,60,15,152250
BANKNIFTY-III.NFO,30/07/2024,09:28:15,51975.9,51976,15,51988.25,60,0,152250
BANKNIFTY-III.NFO,30/07/2024,09:28:17,51975.9,51978.05,15,51984.3,60,0,152250
BANKNIFTY-III.NFO,30/07/2024,09:28:18,51975.9,51976.4,15,51987.05,75,0,152250
BANKNIFTY-III.NFO,30/07/2024,09:28:20,51975.9,51976.35,15,51982.9,75,0,152250
BANKNIFTY-III.NFO,30/07/2024,09:28:22,51975.9,51974.95,15,51985.2,60,0,152250
BANKNIFTY-III.NFO,30/07/2024,09:28:23,51970,51960,15,51973.75,60,45,152250
BANKNIFTY-III.NFO,30/07/2024,09:28:25,51970,51960.55,15,51968.3,60,0,152250
BANKNIFTY-III.NFO,30/07/2024,09:28:27,51960,51938.85,30,51958.3,60,15,152250
BANKNIFTY-III.NFO,30/07/2024,09:28:28,51952.3,51938.95,15,51947.8,75,15,152250
BANKNIFTY-III.NFO,30/07/2024,09:28:30,51952.3,51938.55,30,51956.25,60,0,152250
BANKNIFTY-III.NFO,30/07/2024,09:28:32,51952.3,51950.8,60,51963.1,60,0,152250
BANKNIFTY-III.NFO,30/07/2024,09:28:33,51952.3,51944.55,60,51959.75,75,0,152250
BANKNIFTY-III.NFO,30/07/2024,09:28:35,51952.3,51943.75,15,51949.6,60,0,152250
BANKNIFTY-III.NFO,30/07/2024,09:28:37,51952.3,51936.6,15,51946.3,60,0,152250
BANKNIFTY-III.NFO,30/07/2024,09:28:38,51936.35,51930,15,51935.2,30,105,152250
BANKNIFTY-III.NFO,30/07/2024,09:28:40,51925,51912.3,60,51933.55,15,30,152250
BANKNIFTY-III.NFO,30/07/2024,09:28:42,51910,51907.35,15,51918.3,15,15,152250
BANKNIFTY-III.NFO,30/07/2024,09:28:43,51910,51912.45,60,51926.7,30,0,152250
BANKNIFTY-III.NFO,30/07/2024,09:28:45,51910,51915.7,60,51933.35,15,0,152250
BANKNIFTY-III.NFO,30/07/2024,09:28:47,51935.65,51918.55,60,51935.7,90,30,152250
BANKNIFTY-III.NFO,30/07/2024,09:28:48,51913.35,51914.55,60,51934.3,15,15,152250
BANKNIFTY-III.NFO,30/07/2024,09:28:50,51913.35,51916.7,60,51937.2,15,0,152250
BANKNIFTY-III.NFO,30/07/2024,09:28:52,51913.35,51923.35,15,51938.15,15,0,152250
BANKNIFTY-III.NFO,30/07/2024,09:28:54,51913.35,51908.85,15,51922.3,15,0,152250
BANKNIFTY-III.NFO,30/07/2024,09:28:55,51920.45,51913.35,15,51924.8,90,15,152250
BANKNIFTY-III.NFO,30/07/2024,09:28:57,51920.45,51913.4,60,51930.35,15,0,152250
BANKNIFTY-III.NFO,30/07/2024,09:28:59,51920.45,51913.4,210,51929.95,15,0,152250
BANKNIFTY-III.NFO,30/07/2024,09:29:00,51920.45,51913.4,60,51925,15,0,152250
BANKNIFTY-III.NFO,30/07/2024,09:29:02,51920.45,51914,60,51925,15,0,152250
BANKNIFTY-III.NFO,30/07/2024,09:29:04,51930,51920.2,60,51939.15,15,30,152250
BANKNIFTY-III.NFO,30/07/2024,09:29:05,51930,51931.45,60,51946.95,15,0,152250
BANKNIFTY-III.NFO,30/07/2024,09:29:07,51930,51928.9,60,51949.2,15,0,152250
BANKNIFTY-III.NFO,30/07/2024,09:29:08,51932.45,51931.7,60,51948.6,60,195,152250
BANKNIFTY-III.NFO,30/07/2024,09:29:10,51932.45,51936.15,60,51951.8,60,0,152250
BANKNIFTY-III.NFO,30/07/2024,09:29:12,51932.45,51936.2,60,51951.8,60,0,152250
BANKNIFTY-III.NFO,30/07/2024,09:29:13,51932.45,51938.25,60,51956.45,60,0,152250
BANKNIFTY-III.NFO,30/07/2024,09:29:15,51932.45,51936,60,51954,60,0,152250
BANKNIFTY-III.NFO,30/07/2024,09:29:17,51932.45,51936.15,60,51951.75,60,0,152250
BANKNIFTY-III.NFO,30/07/2024,09:29:18,51932.45,51934.5,60,51946.85,60,0,152250
BANKNIFTY-III.NFO,30/07/2024,09:29:20,51932.45,51937.2,60,51953.1,60,0,152250
BANKNIFTY-III.NFO,30/07/2024,09:29:22,51939,51933.55,45,51952.2,60,15,152250
BANKNIFTY-III.NFO,30/07/2024,09:29:23,51939,51933.45,15,51940.75,60,0,152250
BANKNIFTY-III.NFO,30/07/2024,09:29:25,51939,51923.85,15,51935.15,60,0,152250
BANKNIFTY-III.NFO,30/07/2024,09:29:27,51939,51923.85,15,51933.15,60,0,152250
BANKNIFTY-III.NFO,30/07/2024,09:29:28,51939,51919.25,15,51931.75,60,0,152250
BANKNIFTY-III.NFO,30/07/2024,09:29:30,51939,51913.35,15,51926.1,60,0,152250
BANKNIFTY-III.NFO,30/07/2024,09:29:32,51939,51913.35,15,51927.35,60,0,152250
BANKNIFTY-III.NFO,30/07/2024,09:29:33,51939,51913.35,15,51925.55,60,0,152250
BANKNIFTY-III.NFO,30/07/2024,09:29:35,51939,51913.35,15,51924.95,60,0,152250
BANKNIFTY-III.NFO,30/07/2024,09:29:37,51939,51917.2,45,51934.2,60,0,152250
BANKNIFTY-III.NFO,30/07/2024,09:29:38,51939,51917.5,45,51934.95,60,0,152250
BANKNIFTY-III.NFO,30/07/2024,09:29:40,51939,51926.3,135,51943.6,60,0,152250
BANKNIFTY-III.NFO,30/07/2024,09:29:42,51939,51930.7,45,51947.7,60,0,152250
BANKNIFTY-III.NFO,30/07/2024,09:29:43,51939,51932.95,45,51947.7,60,0,152250
BANKNIFTY-III.NFO,30/07/2024,09:29:45,51939,51932.05,45,51947.7,60,0,152250
BANKNIFTY-III.NFO,30/07/2024,09:29:46,51939,51931.9,45,51947.7,60,0,152250
BANKNIFTY-III.NFO,30/07/2024,09:29:48,51939,51929.45,45,51947.2,60,0,152250
BANKNIFTY-III.NFO,30/07/2024,09:29:50,51939,51931.9,45,51947.7,60,0,152250
BANKNIFTY-III.NFO,30/07/2024,09:29:51,51939,51930.35,45,51951.2,60,0,152250
BANKNIFTY-III.NFO,30/07/2024,09:29:53,51939,51933,60,51950.35,75,0,152250
BANKNIFTY-III.NFO,30/07/2024,09:29:55,51939,51933.35,45,51950.3,60,0,152250
BANKNIFTY-III.NFO,30/07/2024,09:29:56,51939,51931.2,45,51947.3,60,0,152250
BANKNIFTY-III.NFO,30/07/2024,09:29:58,51939,51930.45,45,51945.7,60,0,152250
BANKNIFTY-III.NFO,30/07/2024,09:30:00,51939,51930.7,45,51947.3,60,0,152250
BANKNIFTY-III.NFO,30/07/2024,09:30:01,51953.8,51940.2,60,51953.8,60,15,152250
BANKNIFTY-III.NFO,30/07/2024,09:30:03,51953.8,51940,60,51956.95,60,0,152250
BANKNIFTY-III.NFO,30/07/2024,09:30:05,51963.15,51947.8,60,51966.5,15,195,152250
BANKNIFTY-III.NFO,30/07/2024,09:30:06,51963.15,51949.25,60,51966.5,15,0,152250
BANKNIFTY-III.NFO,30/07/2024,09:30:08,51963.15,51946.15,60,51963.6,15,0,152250
BANKNIFTY-III.NFO,30/07/2024,09:30:10,51964.25,51946.6,60,51965.15,15,15,152250
BANKNIFTY-III.NFO,30/07/2024,09:30:11,51964.25,51950.95,60,51967,15,0,152250
BANKNIFTY-III.NFO,30/07/2024,09:30:13,51964.25,51955.5,75,51969.85,15,0,152250
BANKNIFTY-III.NFO,30/07/2024,09:30:15,51972.9,51956,60,51974.9,15,45,152250
BANKNIFTY-III.NFO,30/07/2024,09:30:16,51972.9,51963.9,60,51978.9,30,0,152250
BANKNIFTY-III.NFO,30/07/2024,09:30:18,51972.9,51959,60,51975.45,15,0,152250
BANKNIFTY-III.NFO,30/07/2024,09:30:20,51972.9,51957.5,75,51973.4,15,0,152250
BANKNIFTY-III.NFO,30/07/2024,09:30:21,51959.65,51960.85,75,51974.95,15,15,152250
BANKNIFTY-III.NFO,30/07/2024,09:30:23,51959.65,51955.3,75,51971.65,15,0,152250
BANKNIFTY-III.NFO,30/07/2024,09:30:25,51959.65,51955.3,75,51970.8,15,0,152250
BANKNIFTY-III.NFO,30/07/2024,09:30:26,51959.65,51958.05,60,51974.95,15,0,152250
BANKNIFTY-III.NFO,30/07/2024,09:30:28,51959.65,51947.85,60,51964.85,15,0,152250
BANKNIFTY-III.NFO,30/07/2024,09:30:30,51959.65,51943.15,75,51959.15,15,0,152250
BANKNIFTY-III.NFO,30/07/2024,09:30:31,51959.65,51949.05,60,51965.25,15,0,152250
BANKNIFTY-III.NFO,30/07/2024,09:30:33,51961.4,51940.95,60,51957.05,15,15,152250
BANKNIFTY-III.NFO,30/07/2024,09:30:35,51961.4,51940.85,60,51954.9,15,0,152250
BANKNIFTY-III.NFO,30/07/2024,09:30:36,51961.4,51942.6,60,51960.2,15,0,152250
BANKNIFTY-III.NFO,30/07/2024,09:30:38,51961.4,51946.3,60,51962.5,15,0,152250
BANKNIFTY-III.NFO,30/07/2024,09:30:40,51961.4,51947.15,60,51962.5,15,0,152250
BANKNIFTY-III.NFO,30/07/2024,09:30:41,51961.4,51949.6,60,51964.7,15,0,152250
BANKNIFTY-III.NFO,30/07/2024,09:30:43,51961.4,51950,15,51960.35,15,0,152250
BANKNIFTY-III.NFO,30/07/2024,09:30:45,51961.4,51950,15,51958.45,15,0,152250
BANKNIFTY-III.NFO,30/07/2024,09:30:46,51961.4,51950,15,51960.05,15,0,152250
BANKNIFTY-III.NFO,30/07/2024,09:30:48,51961.4,51950,15,51956.5,30,0,152250
BANKNIFTY-III.NFO,30/07/2024,09:30:50,51961.4,51950,15,51953.5,15,0,152250
BANKNIFTY-III.NFO,30/07/2024,09:30:51,51961.4,51950,15,51962.15,15,0,152250
BANKNIFTY-III.NFO,30/07/2024,09:30:53,51961.4,51950,15,51960.85,15,0,152250
BANKNIFTY-III.NFO,30/07/2024,09:30:55,51961.4,51950,30,51962.45,15,0,152250
BANKNIFTY-III.NFO,30/07/2024,09:30:56,51961.4,51950,15,51959.7,15,0,152250
BANKNIFTY-III.NFO,30/07/2024,09:30:58,51961.4,51950.05,60,51965.35,15,0,152250
BANKNIFTY-III.NFO,30/07/2024,09:31:00,51961.4,51953.5,60,51969.4,15,0,152250
BANKNIFTY-III.NFO,30/07/2024,09:31:01,51961.4,51953.6,60,51969.1,15,0,152250
BANKNIFTY-III.NFO,30/07/2024,09:31:03,51961.4,51952.55,60,51967.9,15,0,152250
BANKNIFTY-III.NFO,30/07/2024,09:31:05,51961.4,51962.25,60,51978.05,15,0,152250
BANKNIFTY-III.NFO,30/07/2024,09:31:06,51961.4,51963.7,60,51981.25,15,0,152250
BANKNIFTY-III.NFO,30/07/2024,09:31:08,51961.4,51967.6,60,51984.35,15,0,152250
BANKNIFTY-III.NFO,30/07/2024,09:31:11,51961.4,51975.75,60,51993.9,15,0,152250
BANKNIFTY-III.NFO,30/07/2024,09:31:13,51961.4,51974.65,60,51991.55,15,0,152250
BANKNIFTY-III.NFO,30/07/2024,09:31:15,51961.4,51981.35,60,51995.3,15,0,152250
BANKNIFTY-III.NFO,30/07/2024,09:31:16,51961.4,51981.35,60,51998.35,15,0,152250
BANKNIFTY-III.NFO,30/07/2024,09:31:18,51961.4,51980.45,60,51995.65,15,0,152250
BANKNIFTY-III.NFO,30/07/2024,09:31:20,51961.4,51974.55,75,51991.55,15,0,152250
BANKNIFTY-III.NFO,30/07/2024,09:31:21,51961.4,51966.55,60,51978.15,15,0,152250
BANKNIFTY-III.NFO,30/07/2024,09:31:23,51961.4,51967.15,75,51978.15,15,0,152250
BANKNIFTY-III.NFO,30/07/2024,09:31:25,51978.15,51969.1,75,51983.55,15,15,152250
BANKNIFTY-III.NFO,30/07/2024,09:31:26,51978.15,51969.4,60,51983.55,15,0,152250
BANKNIFTY-III.NFO,30/07/2024,09:31:28,51978.55,51961.5,60,51978.6,15,30,152250
BANKNIFTY-III.NFO,30/07/2024,09:31:30,51978.55,51966.95,60,51980.95,15,0,152250
BANKNIFTY-III.NFO,30/07/2024,09:31:33,51978.55,51962.85,60,51978.5,15,0,152250
BANKNIFTY-III.NFO,30/07/2024,09:31:35,51978.55,51966,60,51980.65,15,0,152250
BANKNIFTY-III.NFO,30/07/2024,09:31:36,51978.55,51966.1,60,51980.65,15,0,152250
BANKNIFTY-III.NFO,30/07/2024,09:31:38,51978.55,51966.75,60,51982.4,15,0,152250
BANKNIFTY-III.NFO,30/07/2024,09:31:40,51978.55,51965.35,60,51983,15,0,152250
BANKNIFTY-III.NFO,30/07/2024,09:31:41,51978.55,51966.25,60,51982.65,15,0,152250
BANKNIFTY-III.NFO,30/07/2024,09:31:43,51978.55,51973.4,60,51988.05,15,0,152250
BANKNIFTY-III.NFO,30/07/2024,09:31:45,51978.55,51976.45,60,51992.6,15,0,152250
BANKNIFTY-III.NFO,30/07/2024,09:31:46,51978.55,51978.9,60,51994.1,15,0,152250
BANKNIFTY-III.NFO,30/07/2024,09:31:48,51993.55,51970.4,60,51988.95,15,15,152250
BANKNIFTY-III.NFO,30/07/2024,09:31:50,51993.55,51973.9,60,51991.8,15,0,152250
BANKNIFTY-III.NFO,30/07/2024,09:31:51,51993.55,51979,60,51994.55,15,0,152250
BANKNIFTY-III.NFO,30/07/2024,09:31:53,51993.55,51982.75,60,51998.55,15,0,152250
BANKNIFTY-III.NFO,30/07/2024,09:31:55,51993.55,51981,60,51996.45,15,0,152250
BANKNIFTY-III.NFO,30/07/2024,09:31:56,51996.45,51981,60,51997.5,15,15,152250
BANKNIFTY-III.NFO,30/07/2024,09:31:58,51996.45,51991.55,60,52006.85,15,0,152250
BANKNIFTY-III.NFO,30/07/2024,09:32:00,51996.45,51983.1,60,51997.5,15,0,152250
BANKNIFTY-III.NFO,30/07/2024,09:32:01,51996.45,51975.1,60,51991.25,15,0,152250
BANKNIFTY-III.NFO,30/07/2024,09:32:03,51990.55,51975.55,75,51990.65,15,15,152250
BANKNIFTY-III.NFO,30/07/2024,09:32:05,51990.55,51971.35,60,51988.25,15,0,152250
BANKNIFTY-III.NFO,30/07/2024,09:32:06,51973.65,51974.2,60,51987.7,30,30,152250
BANKNIFTY-III.NFO,30/07/2024,09:32:08,51973.65,51968.1,60,51984.25,30,0,152250
BANKNIFTY-III.NFO,30/07/2024,09:32:10,51973.65,51976.85,60,51992.9,30,0,152250
BANKNIFTY-III.NFO,30/07/2024,09:32:11,51973.65,51978.4,60,51994.2,30,0,152250
BANKNIFTY-III.NFO,30/07/2024,09:32:13,51973.65,51982.5,60,51996,30,0,152250
BANKNIFTY-III.NFO,30/07/2024,09:32:15,51996,52002.05,60,52005.9,15,15,152250
BANKNIFTY-III.NFO,30/07/2024,09:32:16,52006.35,51991.35,60,52006.95,180,15,152250
BANKNIFTY-III.NFO,30/07/2024,09:32:18,52006.35,52003.55,60,52018.4,30,0,152250
BANKNIFTY-III.NFO,30/07/2024,09:32:20,52006.35,52008.1,60,52020,15,0,152250
BANKNIFTY-III.NFO,30/07/2024,09:32:21,52006.35,52008.35,60,52020,15,0,152250
BANKNIFTY-III.NFO,30/07/2024,09:32:23,52020,52020.1,60,52025,15,15,152250
BANKNIFTY-III.NFO,30/07/2024,09:32:24,52020,52014.95,60,52025,15,0,152250
BANKNIFTY-III.NFO,30/07/2024,09:32:26,52020,52014,60,52025,15,0,152250
BANKNIFTY-III.NFO,30/07/2024,09:32:28,52020,52009.05,60,52024,30,0,152250
BANKNIFTY-III.NFO,30/07/2024,09:32:29,52020,52006.4,75,52021.7,30,0,152250
BANKNIFTY-III.NFO,30/07/2024,09:32:31,52020,52006.35,15,52009.3,30,0,152250
BANKNIFTY-III.NFO,30/07/2024,09:32:33,52006.35,52000,15,52009.7,30,15,152250
BANKNIFTY-III.NFO,30/07/2024,09:32:34,52006.35,52000,15,52010,30,0,152250
BANKNIFTY-III.NFO,30/07/2024,09:32:36,52006.35,52000,15,52008.8,45,0,152250
BANKNIFTY-III.NFO,30/07/2024,09:32:38,52006.35,52000,15,52011.55,30,0,152250
BANKNIFTY-III.NFO,30/07/2024,09:32:39,52006.35,52000.05,75,52012.8,45,0,152250
BANKNIFTY-III.NFO,30/07/2024,09:32:41,52006.35,52007.95,60,52020,30,0,152250
BANKNIFTY-III.NFO,30/07/2024,09:32:42,52006.35,52010.6,75,52020,15,0,152250
BANKNIFTY-III.NFO,30/07/2024,09:32:44,52035.25,52035.45,60,52049,30,45,152250
BANKNIFTY-III.NFO,30/07/2024,09:32:46,52035.25,52028.75,60,52041.75,15,0,152250
BANKNIFTY-III.NFO,30/07/2024,09:32:47,52032.25,52024.9,60,52038.2,15,30,152250
BANKNIFTY-III.NFO,30/07/2024,09:32:49,52032.25,52025.65,60,52035.6,15,0,152250
BANKNIFTY-III.NFO,30/07/2024,09:32:51,52032.25,52032.7,60,52045.5,150,0,152250
BANKNIFTY-III.NFO,30/07/2024,09:32:52,52032.25,52028.2,75,52039.95,15,0,152250
BANKNIFTY-III.NFO,30/07/2024,09:32:54,52032.25,52028.25,60,52040.05,15,0,152250
BANKNIFTY-III.NFO,30/07/2024,09:32:55,52032.25,52032.35,60,52044.8,135,0,152250
BANKNIFTY-III.NFO,30/07/2024,09:32:57,52032.25,52032.3,60,52045.1,15,0,152250
BANKNIFTY-III.NFO,30/07/2024,09:32:59,52032.25,52034.5,60,52048.95,60,0,152250
BANKNIFTY-III.NFO,30/07/2024,09:33:00,52032.25,52045.2,60,52049,15,0,152250
BANKNIFTY-III.NFO,30/07/2024,09:33:02,52050,52047.25,15,52050,75,180,152250
BANKNIFTY-III.NFO,30/07/2024,09:33:04,52050,52055.85,15,52065.55,75,75,152250
BANKNIFTY-III.NFO,30/07/2024,09:33:05,52050,52060.85,285,52069.6,15,0,152250
BANKNIFTY-III.NFO,30/07/2024,09:33:07,52050,52060,150,52068.3,75,0,152250
BANKNIFTY-III.NFO,30/07/2024,09:33:09,52050,52058.55,120,52069.8,75,0,152250
BANKNIFTY-III.NFO,30/07/2024,09:33:10,52050,52051.95,150,52061.7,75,0,152250
BANKNIFTY-III.NFO,30/07/2024,09:33:12,52047.35,52039.3,150,52047.65,60,45,152250
BANKNIFTY-III.NFO,30/07/2024,09:33:15,52046.15,52050.75,150,52057.85,60,15,152250
BANKNIFTY-III.NFO,30/07/2024,09:33:17,52051.15,52042.4,240,52050.7,45,30,152250
BANKNIFTY-III.NFO,30/07/2024,09:33:18,52051.15,52050.95,150,52059,45,0,152250
BANKNIFTY-III.NFO,30/07/2024,09:33:20,52051.15,52051.45,240,52060.55,45,0,152250
BANKNIFTY-III.NFO,30/07/2024,09:33:22,52059.15,52040.5,150,52050.25,150,90,152250
BANKNIFTY-III.NFO,30/07/2024,09:33:22,52062,52040.5,150,52050.25,150,0,152250
BANKNIFTY-III.NFO,30/07/2024,09:33:23,52059.15,52040.55,240,52051.05,135,0,152250
BANKNIFTY-III.NFO,30/07/2024,09:33:25,52051.35,52039.1,120,52048.95,15,15,152250
BANKNIFTY-III.NFO,30/07/2024,09:33:27,52051.35,52047.4,150,52057.4,15,0,152250
BANKNIFTY-III.NFO,30/07/2024,09:33:28,52051.35,52060,60,52062.75,120,0,152250
BANKNIFTY-III.NFO,30/07/2024,09:33:30,52051.35,52060,60,52067.65,60,0,152250
BANKNIFTY-III.NFO,30/07/2024,09:33:32,52060,52047.95,150,52057.1,120,60,152250
BANKNIFTY-III.NFO,30/07/2024,09:33:33,52060,52045.35,120,52051.35,15,0,152250
BANKNIFTY-III.NFO,30/07/2024,09:33:35,52051.35,52046.25,135,52060.45,15,15,152250
BANKNIFTY-III.NFO,30/07/2024,09:33:37,52051.35,52053.55,120,52062,120,0,152250
BANKNIFTY-III.NFO,30/07/2024,09:33:38,52051.35,52054.5,150,52067.55,120,0,152250
BANKNIFTY-III.NFO,30/07/2024,09:33:40,52051.35,52061.25,135,52071,15,0,152250
BANKNIFTY-III.NFO,30/07/2024,09:33:42,52051.35,52063.05,90,52071,15,0,152250
BANKNIFTY-III.NFO,30/07/2024,09:33:43,52062.2,52057,75,52064.65,120,15,152295
BANKNIFTY-III.NFO,30/07/2024,09:33:43,52062.2,52057,75,52064.65,120,0,152295
BANKNIFTY-III.NFO,30/07/2024,09:33:45,52070.6,52058.25,60,52070.95,60,195,152295
BANKNIFTY-III.NFO,30/07/2024,09:33:45,52070.6,52058.25,60,52070.95,60,0,152295
BANKNIFTY-III.NFO,30/07/2024,09:33:47,52070.6,52060,60,52071,15,0,152295
BANKNIFTY-III.NFO,30/07/2024,09:33:48,52070.6,52061.25,60,52071,15,0,152295
BANKNIFTY-III.NFO,30/07/2024,09:33:50,52070.6,52065.05,60,52071,15,0,152295
BANKNIFTY-III.NFO,30/07/2024,09:33:52,52070.6,52067.3,60,52071,15,0,152295
BANKNIFTY-III.NFO,30/07/2024,09:33:53,52071,52071.2,75,52077,30,15,152295
BANKNIFTY-III.NFO,30/07/2024,09:33:53,52071,52071.2,75,52077,30,0,152295
BANKNIFTY-III.NFO,30/07/2024,09:33:55,52071,52072.4,75,52077,30,0,152295
BANKNIFTY-III.NFO,30/07/2024,09:33:57,52077,52076.35,75,52079.95,15,30,152295
BANKNIFTY-III.NFO,30/07/2024,09:33:57,52077,52076.35,75,52079.95,15,0,152295
BANKNIFTY-III.NFO,30/07/2024,09:33:58,52080,52080.7,60,52085,15,75,152295
BANKNIFTY-III.NFO,30/07/2024,09:33:58,52080,52080.7,60,52085,15,0,152295
BANKNIFTY-III.NFO,30/07/2024,09:34:00,52090,52092.5,60,52098.5,15,30,152295
BANKNIFTY-III.NFO,30/07/2024,09:34:00,52090,52092.5,60,52098.5,15,0,152295
BANKNIFTY-III.NFO,30/07/2024,09:34:02,52094.1,52091.6,60,52098.5,15,15,152295
BANKNIFTY-III.NFO,30/07/2024,09:34:02,52094.1,52091.6,60,52098.5,15,0,152295
BANKNIFTY-III.NFO,30/07/2024,09:34:03,52098.5,52097.35,60,52100,105,30,152295
BANKNIFTY-III.NFO,30/07/2024,09:34:03,52098.5,52097.35,60,52100,105,0,152295
BANKNIFTY-III.NFO,30/07/2024,09:34:05,52100,52095.3,45,52100,45,75,152295
BANKNIFTY-III.NFO,30/07/2024,09:34:05,52100,52095.3,45,52100,45,0,152295
BANKNIFTY-III.NFO,30/07/2024,09:34:07,52100,52094.65,45,52103.45,150,45,152295
BANKNIFTY-III.NFO,30/07/2024,09:34:08,52100,52089.55,45,52101.3,75,0,152295
BANKNIFTY-III.NFO,30/07/2024,09:34:10,52100,52078.55,60,52094.95,75,0,152295
BANKNIFTY-III.NFO,30/07/2024,09:34:12,52100,52078.55,45,52093.2,75,0,152295
BANKNIFTY-III.NFO,30/07/2024,09:34:13,52094.9,52078.5,30,52088.95,75,15,152295
BANKNIFTY-III.NFO,30/07/2024,09:34:15,52094.9,52078.5,30,52084.7,75,0,152295
BANKNIFTY-III.NFO,30/07/2024,09:34:17,52078.55,52078.6,45,52090.9,75,15,152295
BANKNIFTY-III.NFO,30/07/2024,09:34:18,52090.9,52078.6,15,52090.9,75,15,152295
BANKNIFTY-III.NFO,30/07/2024,09:34:20,52090.9,52078.5,30,52086.85,60,0,152295
BANKNIFTY-III.NFO,30/07/2024,09:34:22,52078.5,52078.5,15,52081.7,60,15,152295
BANKNIFTY-III.NFO,30/07/2024,09:34:23,52078.5,52078.5,15,52087.3,60,0,152295
BANKNIFTY-III.NFO,30/07/2024,09:34:25,52078.5,52079,15,52087.65,60,0,152295
BANKNIFTY-III.NFO,30/07/2024,09:34:27,52078.5,52078.5,15,52087.65,60,0,152295
BANKNIFTY-III.NFO,30/07/2024,09:34:28,52078.5,52078.55,75,52089,150,0,152295
BANKNIFTY-III.NFO,30/07/2024,09:34:30,52078.5,52086.45,75,52094.9,15,0,152295
BANKNIFTY-III.NFO,30/07/2024,09:34:32,52080.55,52080.55,60,52092.55,75,15,152295
BANKNIFTY-III.NFO,30/07/2024,09:34:33,52080.55,52082.45,15,52093.4,75,0,152295
BANKNIFTY-III.NFO,30/07/2024,09:34:35,52080.55,52080,15,52085.4,150,0,152295
BANKNIFTY-III.NFO,30/07/2024,09:34:37,52080.55,52080,15,52084.95,75,0,152295
BANKNIFTY-III.NFO,30/07/2024,09:34:38,52080.55,52080,15,52083.75,60,0,152295
BANKNIFTY-III.NFO,30/07/2024,09:34:40,52080.55,52080,30,52091.65,75,0,152295
BANKNIFTY-III.NFO,30/07/2024,09:34:41,52080.55,52080,15,52088.1,75,0,152295
BANKNIFTY-III.NFO,30/07/2024,09:34:43,52078.5,52071.6,135,52080.65,60,30,152295
BANKNIFTY-III.NFO,30/07/2024,09:34:45,52078.5,52073.95,30,52087.1,60,0,152295
BANKNIFTY-III.NFO,30/07/2024,09:34:46,52078.5,52076.9,45,52087,60,0,152295
BANKNIFTY-III.NFO,30/07/2024,09:34:48,52078.5,52075.5,45,52086.05,60,15,152295
BANKNIFTY-III.NFO,30/07/2024,09:34:50,52078.5,52079.55,135,52088.3,60,0,152295
BANKNIFTY-III.NFO,30/07/2024,09:34:51,52078.5,52079.05,45,52092,135,0,152295
BANKNIFTY-III.NFO,30/07/2024,09:34:53,52079.05,52077.85,135,52085,15,15,152295
BANKNIFTY-III.NFO,30/07/2024,09:34:55,52079.05,52077.75,30,52085,15,0,152295
BANKNIFTY-III.NFO,30/07/2024,09:34:56,52077.75,52079.65,135,52085,15,15,152295
BANKNIFTY-III.NFO,30/07/2024,09:34:58,52077.75,52081.35,135,52085,15,0,152295
BANKNIFTY-III.NFO,30/07/2024,09:35:00,52077.75,52081.4,15,52085,15,0,152295
BANKNIFTY-III.NFO,30/07/2024,09:35:01,52085.15,52084.5,15,52090.55,15,150,152295
BANKNIFTY-III.NFO,30/07/2024,09:35:03,52085.15,52065.6,15,52083.95,75,0,152295
BANKNIFTY-III.NFO,30/07/2024,09:35:05,52065.6,52065.15,15,52083.9,60,30,152295
BANKNIFTY-III.NFO,30/07/2024,09:35:06,52065.6,52069.85,15,52086.55,60,0,152295
BANKNIFTY-III.NFO,30/07/2024,09:35:08,52065.6,52066.55,15,52081.45,60,0,152295
BANKNIFTY-III.NFO,30/07/2024,09:35:10,52065.6,52061.7,45,52078,60,0,152295
BANKNIFTY-III.NFO,30/07/2024,09:35:11,52065.6,52054.4,15,52065.6,15,0,152295
BANKNIFTY-III.NFO,30/07/2024,09:35:13,52065.6,52050,30,52062.8,75,0,152295
BANKNIFTY-III.NFO,30/07/2024,09:35:15,52050,52033.25,15,52049.8,60,15,152295
BANKNIFTY-III.NFO,30/07/2024,09:35:16,52050,52035.35,30,52051.2,75,0,152295
BANKNIFTY-III.NFO,30/07/2024,09:35:18,52050,52041.1,15,52050,15,0,152295
BANKNIFTY-III.NFO,30/07/2024,09:35:20,52050,52046.75,15,52050,15,0,152295
BANKNIFTY-III.NFO,30/07/2024,09:35:21,52050,52046.85,15,52064.35,60,15,152295
BANKNIFTY-III.NFO,30/07/2024,09:35:23,52050,52038.85,15,52053.45,60,0,152295
BANKNIFTY-III.NFO,30/07/2024,09:35:25,52050,52030.95,15,52048.65,60,0,152295
BANKNIFTY-III.NFO,30/07/2024,09:35:26,52050,52027.05,15,52044.3,60,0,152295
BANKNIFTY-III.NFO,30/07/2024,09:35:28,52050,52027.1,15,52045.95,75,0,152295
BANKNIFTY-III.NFO,30/07/2024,09:35:30,52050,52031.3,15,52048.65,60,0,152295
BANKNIFTY-III.NFO,30/07/2024,09:35:33,52050,52031.3,15,52048.15,60,0,152295
BANKNIFTY-III.NFO,30/07/2024,09:35:35,52050,52032.2,15,52048.1,60,0,152295
BANKNIFTY-III.NFO,30/07/2024,09:35:37,52050,52032.95,15,52048.65,60,0,152295
BANKNIFTY-III.NFO,30/07/2024,09:35:40,52050,52037.25,15,52052.7,75,0,152295
BANKNIFTY-III.NFO,30/07/2024,09:35:42,52050,52034.1,15,52052.65,60,0,152295
BANKNIFTY-III.NFO,30/07/2024,09:35:43,52050,52036.65,15,52052.6,60,0,152295
BANKNIFTY-III.NFO,30/07/2024,09:35:45,52050,52037.15,15,52053.45,60,0,152295
BANKNIFTY-III.NFO,30/07/2024,09:35:47,52050,52044.9,150,52062.25,60,0,152295
BANKNIFTY-III.NFO,30/07/2024,09:35:48,52050,52040.2,15,52059.15,60,0,152295
BANKNIFTY-III.NFO,30/07/2024,09:35:50,52050,52034.1,15,52052.2,60,0,152295
BANKNIFTY-III.NFO,30/07/2024,09:35:52,52031.4,52031.05,15,52048.25,60,15,152295
BANKNIFTY-III.NFO,30/07/2024,09:35:53,52031.4,52028.5,15,52048.25,60,0,152295
BANKNIFTY-III.NFO,30/07/2024,09:35:55,52031.4,52023,15,52040.9,60,0,152295
BANKNIFTY-III.NFO,30/07/2024,09:35:57,52031.4,52027.15,15,52043,60,0,152295
BANKNIFTY-III.NFO,30/07/2024,09:35:58,52031.4,52028.95,15,52045.25,60,0,152295
BANKNIFTY-III.NFO,30/07/2024,09:36:00,52025.8,52017.95,15,52037.05,60,30,152295
BANKNIFTY-III.NFO,30/07/2024,09:36:02,52025.8,52015,30,52028.1,60,0,152295
BANKNIFTY-III.NFO,30/07/2024,09:36:03,52025.8,52015,15,52026.2,60,0,152295
BANKNIFTY-III.NFO,30/07/2024,09:36:05,52006.35,52000,60,52005.1,75,30,152295
BANKNIFTY-III.NFO,30/07/2024,09:36:07,52006.35,52000,75,52013.4,75,0,152295
BANKNIFTY-III.NFO,30/07/2024,09:36:08,52006.35,52000,75,52013.9,75,0,152295
BANKNIFTY-III.NFO,30/07/2024,09:36:10,52006.35,52002.45,15,52016.05,75,0,152295
BANKNIFTY-III.NFO,30/07/2024,09:36:12,52006.35,52006.35,30,52022.1,60,0,152295
BANKNIFTY-III.NFO,30/07/2024,09:36:13,52006.35,52017.7,15,52025.8,15,0,152295
BANKNIFTY-III.NFO,30/07/2024,09:36:15,52006.35,52016.3,60,52025.8,15,0,152295
BANKNIFTY-III.NFO,30/07/2024,09:36:17,52006.35,52023.15,15,52037.65,60,0,152295
BANKNIFTY-III.NFO,30/07/2024,09:36:18,52006.35,52023.15,15,52038.35,60,0,152295
BANKNIFTY-III.NFO,30/07/2024,09:36:20,52006.35,52023.15,15,52039.5,60,0,152295
BANKNIFTY-III.NFO,30/07/2024,09:36:22,52006.35,52027.85,15,52042.3,60,0,152295
BANKNIFTY-III.NFO,30/07/2024,09:36:23,52027.85,52020.35,15,52041.9,75,15,152295
BANKNIFTY-III.NFO,30/07/2024,09:36:25,52027.85,52008.15,15,52024.6,60,0,152295
BANKNIFTY-III.NFO,30/07/2024,09:36:27,52018.4,52006.35,15,52017.5,60,15,152295
BANKNIFTY-III.NFO,30/07/2024,09:36:28,52018.4,52006.4,30,52020.65,60,0,152295
BANKNIFTY-III.NFO,30/07/2024,09:36:30,52018.4,52006.35,15,52010.1,75,0,152295
BANKNIFTY-III.NFO,30/07/2024,09:36:32,52018.4,52006.35,30,52010.9,60,0,152295
BANKNIFTY-III.NFO,30/07/2024,09:36:33,52006.35,52000,60,52007.9,60,30,152295
BANKNIFTY-III.NFO,30/07/2024,09:36:35,52006.35,52000,60,52008.55,75,0,152295
BANKNIFTY-III.NFO,30/07/2024,09:36:37,52006.35,52000.05,15,52011.05,60,0,152295
BANKNIFTY-III.NFO,30/07/2024,09:36:38,52006.35,52000.05,30,52012.75,15,0,152295
BANKNIFTY-III.NFO,30/07/2024,09:36:40,52006.35,52000.4,15,52013.95,15,0,152295
BANKNIFTY-III.NFO,30/07/2024,09:36:41,52006.35,52000.3,15,52015.9,60,0,152295
BANKNIFTY-III.NFO,30/07/2024,09:36:43,52006.35,52001.95,30,52016,60,0,152295
BANKNIFTY-III.NFO,30/07/2024,09:36:45,52006.35,52000,60,52001.8,75,0,152295
BANKNIFTY-III.NFO,30/07/2024,09:36:46,52000,51983.85,15,52000.55,60,60,152250
BANKNIFTY-III.NFO,30/07/2024,09:36:48,51998.15,51983.6,45,51996,60,30,152250
BANKNIFTY-III.NFO,30/07/2024,09:36:50,51998.15,51992.65,45,52009.4,60,0,152250
BANKNIFTY-III.NFO,30/07/2024,09:36:51,51998.15,51994.1,45,52006.75,60,0,152250
BANKNIFTY-III.NFO,30/07/2024,09:36:53,51998.15,52000.95,45,52011.5,60,0,152250
BANKNIFTY-III.NFO,30/07/2024,09:36:55,51998.15,51998.45,45,52011.3,60,0,152250
BANKNIFTY-III.NFO,30/07/2024,09:36:56,51998.15,51993.55,45,52007.7,60,0,152250
BANKNIFTY-III.NFO,30/07/2024,09:36:58,51998.15,52002.1,45,52011.35,60,0,152250
BANKNIFTY-III.NFO,30/07/2024,09:36:59,51998.15,51998.25,45,52013.9,60,0,152250
BANKNIFTY-III.NFO,30/07/2024,09:37:01,51998.15,52004.4,45,52011.45,60,0,152250
BANKNIFTY-III.NFO,30/07/2024,09:37:03,51998.15,52011.65,45,52020,15,0,152250
BANKNIFTY-III.NFO,30/07/2024,09:37:04,51998.15,52012.9,45,52020,15,0,152250
BANKNIFTY-III.NFO,30/07/2024,09:37:06,51998.15,52015.1,45,52020,15,0,152250
BANKNIFTY-III.NFO,30/07/2024,09:37:08,52016.3,52014.25,30,52025.5,75,90,152250
BANKNIFTY-III.NFO,30/07/2024,09:37:09,52016.3,52009.85,30,52021.75,75,0,152250
BANKNIFTY-III.NFO,30/07/2024,09:37:11,52016.3,52016.3,60,52026.3,75,0,152250
BANKNIFTY-III.NFO,30/07/2024,09:37:12,52016.3,52024.25,75,52037.55,75,0,152250
BANKNIFTY-III.NFO,30/07/2024,09:37:14,52037.55,52019.95,30,52037.4,60,15,152250
BANKNIFTY-III.NFO,30/07/2024,09:37:15,52037.55,52022.85,30,52037.2,60,0,152250
BANKNIFTY-III.NFO,30/07/2024,09:37:17,52037.55,52037.55,15,52041.95,60,0,152250
BANKNIFTY-III.NFO,30/07/2024,09:37:19,52037.55,52039.15,15,52055.05,60,0,152250
BANKNIFTY-III.NFO,30/07/2024,09:37:20,52037.55,52037.6,30,52053.3,60,0,152250
BANKNIFTY-III.NFO,30/07/2024,09:37:22,52037.55,52040.15,15,52055.05,60,0,152250
BANKNIFTY-III.NFO,30/07/2024,09:37:24,52037.55,52039.2,15,52056.05,60,0,152250
BANKNIFTY-III.NFO,30/07/2024,09:37:25,52037.55,52037.6,15,52051.25,60,0,152250
BANKNIFTY-III.NFO,30/07/2024,09:37:28,52037.55,52037.55,15,52048.3,75,0,152250
BANKNIFTY-III.NFO,30/07/2024,09:37:30,52037.55,52037.55,15,52047.25,60,0,152250
BANKNIFTY-III.NFO,30/07/2024,09:37:32,52037.55,52037.55,15,52045.7,60,0,152250
BANKNIFTY-III.NFO,30/07/2024,09:37:33,52037.55,52037.55,15,52044.35,60,0,152250
BANKNIFTY-III.NFO,30/07/2024,09:37:35,52037.55,52037.55,15,52047.95,75,0,152250
BANKNIFTY-III.NFO,30/07/2024,09:37:43,52037.55,52038,15,52048,30,0,152250
BANKNIFTY-III.NFO,30/07/2024,09:37:45,52037.55,52037.6,15,52047.95,75,0,152250
BANKNIFTY-III.NFO,30/07/2024,09:37:46,52037.55,52037.55,15,52047.95,75,0,152250
BANKNIFTY-III.NFO,30/07/2024,09:37:49,52037.55,52037.6,15,52047.95,60,0,152250
BANKNIFTY-III.NFO,30/07/2024,09:37:51,52037.55,52037.55,30,52042.35,60,0,152250
BANKNIFTY-III.NFO,30/07/2024,09:37:53,52037.55,52037.55,30,52043.45,60,0,152250
BANKNIFTY-III.NFO,30/07/2024,09:37:54,52041.55,52037.55,30,52040.55,75,15,152250
BANKNIFTY-III.NFO,30/07/2024,09:37:56,52037.55,52030,15,52037.8,60,30,152250
BANKNIFTY-III.NFO,30/07/2024,09:37:58,52030,52014.7,30,52031.1,60,15,152250
BANKNIFTY-III.NFO,30/07/2024,09:37:59,52030,52010.2,30,52024.45,75,0,152250
BANKNIFTY-III.NFO,30/07/2024,09:38:01,52030,52002.2,30,52018.35,75,0,152250
BANKNIFTY-III.NFO,30/07/2024,09:38:02,52030,52002.2,30,52019.4,60,0,152250
BANKNIFTY-III.NFO,30/07/2024,09:38:04,52030,52002.9,30,52016.9,60,0,152250
BANKNIFTY-III.NFO,30/07/2024,09:38:06,52030,52005.2,30,52020.2,60,0,152250
BANKNIFTY-III.NFO,30/07/2024,09:38:07,52030,52005.7,30,52021.4,60,0,152250
BANKNIFTY-III.NFO,30/07/2024,09:38:09,52030,52005.7,30,52020.8,60,0,152250
BANKNIFTY-III.NFO,30/07/2024,09:38:11,52000,51999.75,60,52015.1,60,75,152250
BANKNIFTY-III.NFO,30/07/2024,09:38:12,52000,52000.05,15,52015.1,60,0,152250
BANKNIFTY-III.NFO,30/07/2024,09:38:14,52000,52000.85,15,52015.1,60,0,152250
BANKNIFTY-III.NFO,30/07/2024,09:38:15,52000,52005.65,15,52020.05,60,0,152250
BANKNIFTY-III.NFO,30/07/2024,09:38:17,52000,51998.25,15,52012.65,60,0,152250
BANKNIFTY-III.NFO,30/07/2024,09:38:19,52000,51997.5,15,52013.15,60,0,152250
BANKNIFTY-III.NFO,30/07/2024,09:38:20,52000,52003.65,15,52017.8,60,0,152250
BANKNIFTY-III.NFO,30/07/2024,09:38:22,52000,52005.7,60,52018.9,60,0,152250
BANKNIFTY-III.NFO,30/07/2024,09:38:24,52000,52003.8,15,52018.9,60,0,152250
BANKNIFTY-III.NFO,30/07/2024,09:38:25,52000,52005.95,15,52018.75,60,0,152250
BANKNIFTY-III.NFO,30/07/2024,09:38:27,52000,52006.05,15,52018.85,75,0,152250
BANKNIFTY-III.NFO,30/07/2024,09:38:29,52000,52011.45,60,52023.25,75,0,152250
BANKNIFTY-III.NFO,30/07/2024,09:38:30,52000,52015.95,30,52028,15,0,152250
BANKNIFTY-III.NFO,30/07/2024,09:38:32,52000,52015.2,45,52028.35,60,0,152250
BANKNIFTY-III.NFO,30/07/2024,09:38:33,52029.95,52018.45,30,52029.95,60,15,152250
BANKNIFTY-III.NFO,30/07/2024,09:38:35,52029.95,52019.15,15,52030,30,0,152250
BANKNIFTY-III.NFO,30/07/2024,09:38:37,52029.95,52015.5,30,52028.6,60,0,152250
BANKNIFTY-III.NFO,30/07/2024,09:38:38,52029.95,52017.55,30,52029.95,75,0,152250
BANKNIFTY-III.NFO,30/07/2024,09:38:40,52029.95,52021.6,15,52028.7,60,0,152250
BANKNIFTY-III.NFO,30/07/2024,09:38:42,52029.95,52026.55,15,52030,15,0,152250
BANKNIFTY-III.NFO,30/07/2024,09:38:43,52029.95,52033.05,15,52045.85,60,0,152250
BANKNIFTY-III.NFO,30/07/2024,09:38:45,52029.95,52037.35,15,52053.2,60,0,152250
BANKNIFTY-III.NFO,30/07/2024,09:38:47,52029.95,52036.4,15,52052.55,60,0,152250
BANKNIFTY-III.NFO,30/07/2024,09:38:48,52029.95,52034.15,15,52051.2,60,0,152250
BANKNIFTY-III.NFO,30/07/2024,09:38:50,52051.2,52033.85,15,52051.2,60,30,152250
BANKNIFTY-III.NFO,30/07/2024,09:38:52,52051.2,52037.3,15,52053.65,60,0,152250
BANKNIFTY-III.NFO,30/07/2024,09:38:53,52051.2,52038.25,15,52053.65,60,0,152250
BANKNIFTY-III.NFO,30/07/2024,09:38:55,52051.2,52035.65,15,52053.45,60,0,152250
BANKNIFTY-III.NFO,30/07/2024,09:38:56,52051.2,52032.6,15,52051.6,60,0,152250
BANKNIFTY-III.NFO,30/07/2024,09:38:58,52051.2,52031.85,15,52046.7,60,0,152250
BANKNIFTY-III.NFO,30/07/2024,09:39:00,52051.2,52029.05,15,52046.7,60,0,152250
BANKNIFTY-III.NFO,30/07/2024,09:39:01,52051.2,52028.6,15,52046.5,60,0,152250
BANKNIFTY-III.NFO,30/07/2024,09:39:03,52051.2,52027.1,15,52042.55,60,0,152250
BANKNIFTY-III.NFO,30/07/2024,09:39:05,52051.2,52028.05,15,52043.9,60,0,152250
BANKNIFTY-III.NFO,30/07/2024,09:39:06,52051.2,52030,15,52046.05,60,0,152250
BANKNIFTY-III.NFO,30/07/2024,09:39:08,52051.2,52031.7,15,52046.7,60,0,152250
BANKNIFTY-III.NFO,30/07/2024,09:39:10,52049.4,52035.15,30,52049.4,60,15,152250
BANKNIFTY-III.NFO,30/07/2024,09:39:11,52049.4,52031.95,30,52047.95,60,0,152250
BANKNIFTY-III.NFO,30/07/2024,09:39:13,52049.4,52022.5,30,52040.45,60,0,152250
BANKNIFTY-III.NFO,30/07/2024,09:39:15,52049.4,52027.35,45,52039.5,75,0,152250
BANKNIFTY-III.NFO,30/07/2024,09:39:16,52049.4,52027.15,45,52041.8,60,0,152250
BANKNIFTY-III.NFO,30/07/2024,09:39:18,52049.4,52025.3,30,52041.8,60,0,152250
BANKNIFTY-III.NFO,30/07/2024,09:39:19,52049.4,52023.9,45,52037.25,60,0,152250
BANKNIFTY-III.NFO,30/07/2024,09:39:21,52049.4,52032.6,30,52045,30,0,152250
BANKNIFTY-III.NFO,30/07/2024,09:39:23,52049.4,52032.2,30,52044.75,60,0,152250
BANKNIFTY-III.NFO,30/07/2024,09:39:24,52049.4,52034.7,30,52048.8,60,0,152250
BANKNIFTY-III.NFO,30/07/2024,09:39:28,52049.4,52034.1,30,52048.8,60,0,152250
BANKNIFTY-III.NFO,30/07/2024,09:39:29,52049.4,52033.8,45,52049.35,75,0,152250
BANKNIFTY-III.NFO,30/07/2024,09:39:31,52049.4,52035.65,30,52049.3,60,0,152250
BANKNIFTY-III.NFO,30/07/2024,09:39:33,52049.4,52035.8,45,52049.35,60,0,152250
BANKNIFTY-III.NFO,30/07/2024,09:39:34,52034.6,52036.15,15,52048,45,15,152250
BANKNIFTY-III.NFO,30/07/2024,09:39:36,52034.6,52036.8,30,52048,45,0,152250
BANKNIFTY-III.NFO,30/07/2024,09:39:37,52034.6,52039.6,15,52048,30,0,152250
BANKNIFTY-III.NFO,30/07/2024,09:39:39,52034.6,52036.05,15,52048,45,0,152250
BANKNIFTY-III.NFO,30/07/2024,09:39:41,52034.6,52036.05,15,52047.95,60,0,152250
BANKNIFTY-III.NFO,30/07/2024,09:39:42,52034.6,52036.05,30,52047.75,15,0,152250
BANKNIFTY-III.NFO,30/07/2024,09:39:44,52034.6,52036.05,15,52047.95,60,0,152250
BANKNIFTY-III.NFO,30/07/2024,09:39:46,52034.6,52036,15,52046.8,60,0,152250
BANKNIFTY-III.NFO,30/07/2024,09:39:47,52034.6,52036,15,52046.6,60,0,152250
BANKNIFTY-III.NFO,30/07/2024,09:39:49,52036,52026.25,15,52043.85,60,15,152355
BANKNIFTY-III.NFO,30/07/2024,09:39:50,52026.25,52021.85,75,52034.75,75,15,152355
BANKNIFTY-III.NFO,30/07/2024,09:39:52,52026.25,52023.2,15,52037.4,60,0,152355
BANKNIFTY-III.NFO,30/07/2024,09:39:54,52026.25,52023.2,15,52038.1,60,0,152355
BANKNIFTY-III.NFO,30/07/2024,09:39:55,52026.25,52021.55,15,52037.8,60,0,152355
BANKNIFTY-III.NFO,30/07/2024,09:39:57,52026.25,52024.35,15,52037.6,75,0,152355
BANKNIFTY-III.NFO,30/07/2024,09:39:58,52026.25,52021.3,75,52034.6,60,0,152355
BANKNIFTY-III.NFO,30/07/2024,09:40:00,52026.25,52020.25,15,52033.9,60,0,152355
BANKNIFTY-III.NFO,30/07/2024,09:40:02,52026.25,52031.65,60,52036,15,0,152355
BANKNIFTY-III.NFO,30/07/2024,09:40:03,52026.25,52029.05,60,52036,15,0,152355
BANKNIFTY-III.NFO,30/07/2024,09:40:05,52026.25,52024.55,75,52036,30,0,152355
BANKNIFTY-III.NFO,30/07/2024,09:40:06,52026.25,52030.75,60,52036,15,0,152355
BANKNIFTY-III.NFO,30/07/2024,09:40:08,52036,52034.85,45,52048,30,15,152355
BANKNIFTY-III.NFO,30/07/2024,09:40:10,52036,52034.7,60,52047.9,60,0,152355
BANKNIFTY-III.NFO,30/07/2024,09:40:11,52036,52034,15,52047.95,60,0,152355
BANKNIFTY-III.NFO,30/07/2024,09:40:13,52032.25,52031.15,15,52047.95,60,15,152355
BANKNIFTY-III.NFO,30/07/2024,09:40:14,52032.25,52030.3,15,52047.1,60,0,152355
BANKNIFTY-III.NFO,30/07/2024,09:40:16,52032.25,52032.3,15,52047.45,60,0,152355
BANKNIFTY-III.NFO,30/07/2024,09:40:18,52032.25,52031.55,15,52045.55,60,0,152355
BANKNIFTY-III.NFO,30/07/2024,09:40:20,52032.25,52034.45,45,52047.95,60,0,152355
BANKNIFTY-III.NFO,30/07/2024,09:40:21,52032.25,52028.7,15,52047.85,60,0,152355
BANKNIFTY-III.NFO,30/07/2024,09:40:23,52032.25,52020.5,15,52035.95,60,0,152355
BANKNIFTY-III.NFO,30/07/2024,09:40:25,52032.25,52018.5,15,52033.35,60,0,152355
BANKNIFTY-III.NFO,30/07/2024,09:40:26,52032.25,52016.5,15,52030.05,60,0,152355
BANKNIFTY-III.NFO,30/07/2024,09:40:28,52035.5,52021.4,15,52037.25,60,15,152355
BANKNIFTY-III.NFO,30/07/2024,09:40:29,52035.5,52017.55,15,52032.9,60,0,152355
BANKNIFTY-III.NFO,30/07/2024,09:40:31,52035.5,52017.1,30,52032.7,60,0,152355
BANKNIFTY-III.NFO,30/07/2024,09:40:33,52035.5,52019.3,30,52033.5,60,0,152355
BANKNIFTY-III.NFO,30/07/2024,09:40:34,52035.5,52019.9,15,52033.6,60,0,152355
BANKNIFTY-III.NFO,30/07/2024,09:40:36,52035.5,52024.7,30,52037.75,60,0,152355
BANKNIFTY-III.NFO,30/07/2024,09:40:38,52035.5,52025.3,30,52038.65,60,0,152355
BANKNIFTY-III.NFO,30/07/2024,09:40:39,52035.5,52030.55,15,52043.35,60,0,152355
BANKNIFTY-III.NFO,30/07/2024,09:40:41,52035.5,52033.9,30,52049.25,60,0,152355
BANKNIFTY-III.NFO,30/07/2024,09:40:43,52035.5,52031.9,30,52048.65,60,0,152355
BANKNIFTY-III.NFO,30/07/2024,09:40:44,52035.5,52035.9,15,52049.15,60,0,152355
BANKNIFTY-III.NFO,30/07/2024,09:40:46,52049.3,52036.75,15,52049.3,60,15,152355
BANKNIFTY-III.NFO,30/07/2024,09:40:48,52049.3,52035.55,15,52049.3,60,0,152355
BANKNIFTY-III.NFO,30/07/2024,09:40:49,52049.3,52034.65,30,52049.3,75,0,152355
BANKNIFTY-III.NFO,30/07/2024,09:40:51,52049.3,52036.4,30,52049.3,60,0,152355
BANKNIFTY-III.NFO,30/07/2024,09:40:53,52049.3,52032.75,15,52049.35,60,0,152355
BANKNIFTY-III.NFO,30/07/2024,09:40:54,52049.3,52036.5,15,52049.2,15,0,152355
BANKNIFTY-III.NFO,30/07/2024,09:40:56,52049.3,52038.1,15,52049.1,15,0,152355
BANKNIFTY-III.NFO,30/07/2024,09:40:58,52049.3,52036.9,30,52049.1,30,0,152355
BANKNIFTY-III.NFO,30/07/2024,09:40:59,52049.3,52039.7,15,52049.4,15,0,152355
BANKNIFTY-III.NFO,30/07/2024,09:41:01,52049.3,52037.55,15,52049.4,30,0,152355
BANKNIFTY-III.NFO,30/07/2024,09:41:03,52049.3,52041.4,15,52049.4,15,0,152355
BANKNIFTY-III.NFO,30/07/2024,09:41:04,52051.2,52049.7,15,52060,30,30,152355
BANKNIFTY-III.NFO,30/07/2024,09:41:06,52051.2,52047.85,15,52060,30,0,152355
BANKNIFTY-III.NFO,30/07/2024,09:41:08,52051.2,52051.5,15,52060,30,0,152355
BANKNIFTY-III.NFO,30/07/2024,09:41:09,52051.2,52056.05,15,52060,30,0,152355
BANKNIFTY-III.NFO,30/07/2024,09:41:11,52060,52061.4,15,52065.6,15,30,152355
BANKNIFTY-III.NFO,30/07/2024,09:41:12,52060,52054.1,15,52065.6,15,0,152355
BANKNIFTY-III.NFO,30/07/2024,09:41:14,52060,52049.8,15,52065.55,60,0,152355
BANKNIFTY-III.NFO,30/07/2024,09:41:15,52060,52044.55,15,52060.95,60,0,152355
BANKNIFTY-III.NFO,30/07/2024,09:41:17,52060,52039.2,15,52058.1,90,0,152355
BANKNIFTY-III.NFO,30/07/2024,09:41:19,52054.5,52037.9,30,52054.4,75,15,152355
BANKNIFTY-III.NFO,30/07/2024,09:41:20,52054.5,52036.3,45,52050.25,75,0,152355
BANKNIFTY-III.NFO,30/07/2024,09:41:22,52054.5,52041.75,45,52054.8,60,0,152355
BANKNIFTY-III.NFO,30/07/2024,09:41:23,52054.5,52046.5,30,52054.75,15,0,152355
BANKNIFTY-III.NFO,30/07/2024,09:41:25,52054.5,52043.65,30,52060.25,75,0,152355
BANKNIFTY-III.NFO,30/07/2024,09:41:27,52054.5,52039.35,30,52056.65,60,0,152355
BANKNIFTY-III.NFO,30/07/2024,09:41:28,52054.5,52041.3,45,52054.7,60,0,152355
BANKNIFTY-III.NFO,30/07/2024,09:41:30,52054.5,52041.4,30,52056.5,60,0,152355
BANKNIFTY-III.NFO,30/07/2024,09:41:32,52054.5,52037.9,30,52053.8,60,0,152355
BANKNIFTY-III.NFO,30/07/2024,09:41:33,52054.5,52036.75,30,52050.65,75,0,152355
BANKNIFTY-III.NFO,30/07/2024,09:41:35,52054.5,52037.3,30,52051,60,0,152355
BANKNIFTY-III.NFO,30/07/2024,09:41:36,52054.5,52039.4,45,52053.8,60,0,152355
BANKNIFTY-III.NFO,30/07/2024,09:41:38,52054.5,52035.55,45,52049.1,60,0,152355
BANKNIFTY-III.NFO,30/07/2024,09:41:40,52054.5,52039.35,30,52052.5,60,0,152355
BANKNIFTY-III.NFO,30/07/2024,09:41:41,52054.5,52032.75,45,52051.65,60,0,152355
BANKNIFTY-III.NFO,30/07/2024,09:41:43,52054.5,52034.9,30,52049.25,75,0,152355
BANKNIFTY-III.NFO,30/07/2024,09:41:45,52054.5,52035.7,30,52049.1,60,0,152355
BANKNIFTY-III.NFO,30/07/2024,09:41:46,52054.5,52036.35,45,52049.2,75,0,152355
BANKNIFTY-III.NFO,30/07/2024,09:41:48,52054.5,52033.05,45,52046.1,60,0,152355
BANKNIFTY-III.NFO,30/07/2024,09:41:49,52054.5,52030.75,45,52045.85,60,0,152355
BANKNIFTY-III.NFO,30/07/2024,09:41:51,52054.5,52031.35,45,52044.8,60,0,152355
BANKNIFTY-III.NFO,30/07/2024,09:41:53,52054.5,52026.5,30,52038.45,60,0,152355
BANKNIFTY-III.NFO,30/07/2024,09:41:54,52054.5,52021.65,45,52034.35,60,0,152355
BANKNIFTY-III.NFO,30/07/2024,09:41:56,52054.5,52020,15,52028.4,75,0,152355
BANKNIFTY-III.NFO,30/07/2024,09:41:57,52054.5,52021.1,30,52035.75,60,0,152355
BANKNIFTY-III.NFO,30/07/2024,09:41:59,52054.5,52020,15,52028.8,60,0,152355
BANKNIFTY-III.NFO,30/07/2024,09:42:01,52054.5,52020,15,52027.6,60,0,152355
BANKNIFTY-III.NFO,30/07/2024,09:42:02,52054.5,52020.05,45,52033.9,60,0,152355
BANKNIFTY-III.NFO,30/07/2024,09:42:04,52054.5,52020.05,30,52030.95,60,0,152355
BANKNIFTY-III.NFO,30/07/2024,09:42:06,52054.5,52020.05,30,52030.35,60,0,152355
BANKNIFTY-III.NFO,30/07/2024,09:42:07,52054.5,52027.75,30,52037.7,15,0,152355
BANKNIFTY-III.NFO,30/07/2024,09:42:09,52054.5,52022.8,45,52036.95,60,0,152355
BANKNIFTY-III.NFO,30/07/2024,09:42:10,52054.5,52020.05,30,52032.55,60,0,152355
BANKNIFTY-III.NFO,30/07/2024,09:42:12,52054.5,52023.1,30,52034.6,60,0,152355
BANKNIFTY-III.NFO,30/07/2024,09:42:13,52054.5,52028.1,30,52039.1,60,0,152355
BANKNIFTY-III.NFO,30/07/2024,09:42:15,52054.5,52027.05,30,52039.7,60,0,152355
BANKNIFTY-III.NFO,30/07/2024,09:42:17,52054.5,52027.9,30,52039.7,60,0,152355
BANKNIFTY-III.NFO,30/07/2024,09:42:18,52054.5,52036.1,30,52040,15,0,152355
BANKNIFTY-III.NFO,30/07/2024,09:42:20,52054.5,52038.2,30,52040,15,0,152355
BANKNIFTY-III.NFO,30/07/2024,09:42:22,52054.5,52028.1,30,52039.95,75,0,152355
BANKNIFTY-III.NFO,30/07/2024,09:42:23,52054.5,52027.85,30,52039.95,60,0,152355
BANKNIFTY-III.NFO,30/07/2024,09:42:25,52054.5,52029.1,30,52040,30,0,152355
BANKNIFTY-III.NFO,30/07/2024,09:42:27,52054.5,52027.8,30,52039.95,60,0,152355
BANKNIFTY-III.NFO,30/07/2024,09:42:28,52054.5,52027.65,30,52039.25,60,0,152355
BANKNIFTY-III.NFO,30/07/2024,09:42:30,52054.5,52026.5,30,52039.3,60,0,152355
BANKNIFTY-III.NFO,30/07/2024,09:42:32,52033.15,52033.45,15,52040,15,15,152355
BANKNIFTY-III.NFO,30/07/2024,09:42:33,52033.15,52037.85,15,52040,15,0,152355
BANKNIFTY-III.NFO,30/07/2024,09:42:35,52033.15,52034.7,15,52040,15,0,152355
BANKNIFTY-III.NFO,30/07/2024,09:42:37,52033.15,52035.55,15,52040,15,0,152355
BANKNIFTY-III.NFO,30/07/2024,09:42:38,52033.15,52037.55,15,52040,15,0,152355
BANKNIFTY-III.NFO,30/07/2024,09:42:40,52033.15,52036.8,15,52040,15,0,152355
BANKNIFTY-III.NFO,30/07/2024,09:42:42,52040,52040.2,15,52049.85,30,15,152400
BANKNIFTY-III.NFO,30/07/2024,09:42:43,52040,52037.25,15,52049.7,60,0,152400
BANKNIFTY-III.NFO,30/07/2024,09:42:45,52040,52035.25,15,52048.85,75,0,152400
BANKNIFTY-III.NFO,30/07/2024,09:42:47,52040,52035.05,15,52040,150,0,152400
BANKNIFTY-III.NFO,30/07/2024,09:42:48,52040,52037.5,15,52040,150,0,152400
BANKNIFTY-III.NFO,30/07/2024,09:42:50,52040,52037.2,15,52049.85,60,165,152400
BANKNIFTY-III.NFO,30/07/2024,09:42:52,52040,52036.65,15,52049.85,60,0,152400
BANKNIFTY-III.NFO,30/07/2024,09:42:53,52040,52041.05,15,52049.9,30,0,152400
BANKNIFTY-III.NFO,30/07/2024,09:42:55,52040,52043.65,15,52049.9,15,0,152400
BANKNIFTY-III.NFO,30/07/2024,09:42:57,52040,52044.3,15,52045,30,0,152400
BANKNIFTY-III.NFO,30/07/2024,09:42:58,52045,52042.9,15,52049.9,30,30,152400
BANKNIFTY-III.NFO,30/07/2024,09:43:00,52045,52045.85,15,52049.9,15,0,152400
BANKNIFTY-III.NFO,30/07/2024,09:43:02,52045,52044.4,15,52049.9,15,0,152400
BANKNIFTY-III.NFO,30/07/2024,09:43:03,52045,52042.95,15,52049.9,15,0,152400
BANKNIFTY-III.NFO,30/07/2024,09:43:05,52045,52043.4,15,52049.9,15,0,152400
BANKNIFTY-III.NFO,30/07/2024,09:43:07,52045,52037.25,30,52049.85,75,0,152400
BANKNIFTY-III.NFO,30/07/2024,09:43:08,52045,52036.35,15,52048,75,0,152400
BANKNIFTY-III.NFO,30/07/2024,09:43:10,52045,52042.5,30,52049.9,15,0,152400
BANKNIFTY-III.NFO,30/07/2024,09:43:12,52045,52039.8,15,52049.85,60,0,152400
BANKNIFTY-III.NFO,30/07/2024,09:43:13,52045,52033.8,15,52044.95,75,0,152400
BANKNIFTY-III.NFO,30/07/2024,09:43:15,52045,52035.8,75,52045,15,0,152400
BANKNIFTY-III.NFO,30/07/2024,09:43:16,52045,52038.35,15,52045,15,0,152400
BANKNIFTY-III.NFO,30/07/2024,09:43:18,52045,52039.75,15,52045,15,0,152400
BANKNIFTY-III.NFO,30/07/2024,09:43:20,52045,52040.45,15,52045,15,0,152400
BANKNIFTY-III.NFO,30/07/2024,09:43:21,52045,52042.55,30,52045,15,0,152400
BANKNIFTY-III.NFO,30/07/2024,09:43:23,52045,52042.25,15,52045,15,0,152400
BANKNIFTY-III.NFO,30/07/2024,09:43:26,52039.9,52040.9,75,52045,15,15,152400
BANKNIFTY-III.NFO,30/07/2024,09:43:28,52039.9,52039.95,75,52045,15,0,152400
BANKNIFTY-III.NFO,30/07/2024,09:43:29,52039.9,52042.55,75,52045,15,0,152400
BANKNIFTY-III.NFO,30/07/2024,09:43:31,52045,52044.8,60,52049.9,15,15,152400
BANKNIFTY-III.NFO,30/07/2024,09:43:33,52050.5,52045.85,30,52054.5,60,75,152400
BANKNIFTY-III.NFO,30/07/2024,09:43:34,52050.5,52047.15,90,52054.5,60,0,152400
BANKNIFTY-III.NFO,30/07/2024,09:43:36,52050.5,52044.6,15,52054.5,60,0,152400
BANKNIFTY-III.NFO,30/07/2024,09:43:38,52058.55,52047.1,15,52059.95,60,150,152400
BANKNIFTY-III.NFO,30/07/2024,09:43:39,52058.55,52044.65,15,52059.95,60,0,152400
BANKNIFTY-III.NFO,30/07/2024,09:43:43,52058.55,52048.4,105,52060,30,0,152400
BANKNIFTY-III.NFO,30/07/2024,09:43:44,52058.55,52046.25,105,52059.95,75,0,152400
BANKNIFTY-III.NFO,30/07/2024,09:43:46,52058.55,52050.25,90,52059.9,60,0,152400
BANKNIFTY-III.NFO,30/07/2024,09:43:48,52058.55,52040.9,105,52054.9,60,0,152400
BANKNIFTY-III.NFO,30/07/2024,09:43:49,52043.05,52043.25,90,52056.75,60,15,152400
BANKNIFTY-III.NFO,30/07/2024,09:43:51,52043.05,52043.7,15,52058.35,60,0,152400
BANKNIFTY-III.NFO,30/07/2024,09:43:53,52043.05,52041.35,90,52054.9,60,0,152400
BANKNIFTY-III.NFO,30/07/2024,09:43:54,52043.05,52042.35,90,52054.9,60,0,152400
BANKNIFTY-III.NFO,30/07/2024,09:43:56,52043.05,52038.55,90,52053.5,60,0,152400
BANKNIFTY-III.NFO,30/07/2024,09:43:57,52043.05,52041,15,52056.6,60,0,152400
BANKNIFTY-III.NFO,30/07/2024,09:43:59,52043.05,52047.75,90,52058.55,15,0,152400
BANKNIFTY-III.NFO,30/07/2024,09:44:01,52060,52061.8,150,52065.6,15,45,152400
BANKNIFTY-III.NFO,30/07/2024,09:44:02,52060,52064.95,90,52065.6,15,0,152400
BANKNIFTY-III.NFO,30/07/2024,09:44:04,52066,52065.3,135,52066,60,105,152400
BANKNIFTY-III.NFO,30/07/2024,09:44:06,52066,52077.6,135,52086,150,60,152400
BANKNIFTY-III.NFO,30/07/2024,09:44:07,52066,52070.95,15,52085.25,165,0,152400
BANKNIFTY-III.NFO,30/07/2024,09:44:09,52066,52088.1,120,52090.55,15,0,152400
BANKNIFTY-III.NFO,30/07/2024,09:44:11,52091,52088.1,135,52091,285,30,152400
BANKNIFTY-III.NFO,30/07/2024,09:44:12,52091,52090.3,15,52091,75,210,152400
BANKNIFTY-III.NFO,30/07/2024,09:44:14,52103,52092,45,52103.55,165,240,152400
BANKNIFTY-III.NFO,30/07/2024,09:44:14,52103,52092,45,52103.55,165,0,152400
BANKNIFTY-III.NFO,30/07/2024,09:44:16,52103,52089.7,45,52103,60,0,152400
BANKNIFTY-III.NFO,30/07/2024,09:44:17,52103,52091.35,165,52105.9,15,0,152400
BANKNIFTY-III.NFO,30/07/2024,09:44:19,52107.3,52098.5,15,52114.2,60,15,152400
BANKNIFTY-III.NFO,30/07/2024,09:44:19,52107.3,52098.5,15,52114.2,60,0,152400
BANKNIFTY-III.NFO,30/07/2024,09:44:20,52107.3,52086.75,60,52100.65,60,0,152400
BANKNIFTY-III.NFO,30/07/2024,09:44:22,52107.3,52081,150,52089.3,150,0,152400
BANKNIFTY-III.NFO,30/07/2024,09:44:24,52107.3,52076.55,60,52089.3,165,0,152400
BANKNIFTY-III.NFO,30/07/2024,09:44:25,52107.3,52086.35,45,52096.55,165,0,152400
BANKNIFTY-III.NFO,30/07/2024,09:44:27,52107.3,52092.25,45,52101.5,165,0,152400
BANKNIFTY-III.NFO,30/07/2024,09:44:28,52107.3,52103.1,165,52120,450,15,152400
BANKNIFTY-III.NFO,30/07/2024,09:44:30,52120,52111.65,75,52120,345,105,152400
BANKNIFTY-III.NFO,30/07/2024,09:44:30,52120,52111.65,75,52120,345,0,152400
BANKNIFTY-III.NFO,30/07/2024,09:44:32,52115.15,52107.65,75,52115.55,150,75,152400
BANKNIFTY-III.NFO,30/07/2024,09:44:33,52113.55,52113.6,135,52117.3,150,15,152400
BANKNIFTY-III.NFO,30/07/2024,09:44:35,52113.55,52109.05,135,52119.85,15,0,152400
BANKNIFTY-III.NFO,30/07/2024,09:44:36,52113.55,52103.35,135,52111.85,150,0,152400
BANKNIFTY-III.NFO,30/07/2024,09:44:38,52113.55,52101.6,135,52115,15,0,152400
BANKNIFTY-III.NFO,30/07/2024,09:44:39,52114.45,52100,15,52102.35,150,390,152400
BANKNIFTY-III.NFO,30/07/2024,09:44:41,52102.5,52100.85,75,52112.95,30,270,152400
BANKNIFTY-III.NFO,30/07/2024,09:44:43,52102.5,52110,60,52115,45,0,152400
BANKNIFTY-III.NFO,30/07/2024,09:44:44,52117.7,52110.75,60,52118.1,15,75,152400
BANKNIFTY-III.NFO,30/07/2024,09:44:46,52101.4,52100.2,45,52115.35,60,225,152400
BANKNIFTY-III.NFO,30/07/2024,09:44:47,52101.4,52100.15,30,52113.5,75,0,152400
BANKNIFTY-III.NFO,30/07/2024,09:44:49,52101.4,52100,15,52112.65,60,0,152400
BANKNIFTY-III.NFO,30/07/2024,09:44:51,52101.4,52100,15,52111.7,60,0,152400
BANKNIFTY-III.NFO,30/07/2024,09:44:52,52112.65,52110.3,30,52120,345,15,152400
BANKNIFTY-III.NFO,30/07/2024,09:44:54,52112.65,52113.5,30,52119.95,60,0,152400
BANKNIFTY-III.NFO,30/07/2024,09:44:55,52112.65,52113.5,30,52119.45,60,0,152400
BANKNIFTY-III.NFO,30/07/2024,09:44:57,52119.4,52107.65,15,52119.4,60,30,152400
BANKNIFTY-III.NFO,30/07/2024,09:44:59,52119.4,52106.2,45,52119.95,75,0,152400
BANKNIFTY-III.NFO,30/07/2024,09:45:00,52119.4,52113.35,60,52120,405,0,152400
BANKNIFTY-III.NFO,30/07/2024,09:45:02,52119.4,52116.85,60,52120,405,0,152400
BANKNIFTY-III.NFO,30/07/2024,09:45:04,52113.5,52108.25,75,52120,420,135,152400
BANKNIFTY-III.NFO,30/07/2024,09:45:05,52104.1,52108.9,15,52120,420,195,152400
BANKNIFTY-III.NFO,30/07/2024,09:45:07,52116.9,52114.5,150,52119.4,150,15,152400
BANKNIFTY-III.NFO,30/07/2024,09:45:08,52116.9,52114.5,150,52119.4,150,0,152400
BANKNIFTY-III.NFO,30/07/2024,09:45:10,52116.9,52108.9,15,52116.9,30,0,152400
BANKNIFTY-III.NFO,30/07/2024,09:45:11,52116.9,52101,15,52113.9,60,0,152400
BANKNIFTY-III.NFO,30/07/2024,09:45:13,52101,52100,15,52103.65,60,15,152400
BANKNIFTY-III.NFO,30/07/2024,09:45:15,52100,52087.45,15,52101.85,60,15,152400
BANKNIFTY-III.NFO,30/07/2024,09:45:16,52084.2,52080,30,52094.7,60,15,152400
BANKNIFTY-III.NFO,30/07/2024,09:45:18,52084.2,52080,15,52093.6,60,0,152400
BANKNIFTY-III.NFO,30/07/2024,09:45:20,52084.2,52080,30,52096.4,60,0,152400
BANKNIFTY-III.NFO,30/07/2024,09:45:21,52084.2,52080,30,52094.1,60,0,152400
BANKNIFTY-III.NFO,30/07/2024,09:45:23,52084.2,52082.05,30,52096.4,60,0,152400
BANKNIFTY-III.NFO,30/07/2024,09:45:25,52084.2,52084.75,30,52099.15,60,0,152400
BANKNIFTY-III.NFO,30/07/2024,09:45:26,52084.2,52085.8,15,52100.2,60,0,152400
BANKNIFTY-III.NFO,30/07/2024,09:45:28,52084.2,52091.5,165,52104.15,60,0,152400
BANKNIFTY-III.NFO,30/07/2024,09:45:29,52085.85,52084,30,52096.65,60,15,152400
BANKNIFTY-III.NFO,30/07/2024,09:45:31,52085.85,52084,30,52092.15,60,0,152400
BANKNIFTY-III.NFO,30/07/2024,09:45:33,52084,52070,30,52083.2,60,30,152400
BANKNIFTY-III.NFO,30/07/2024,09:45:34,52070,52067.75,15,52083.2,60,30,152400
BANKNIFTY-III.NFO,30/07/2024,09:45:36,52070,52062.05,15,52079.7,60,0,152400
BANKNIFTY-III.NFO,30/07/2024,09:45:38,52070,52066.15,15,52083.2,60,0,152400
BANKNIFTY-III.NFO,30/07/2024,09:45:39,52070,52069.9,15,52087.1,60,0,152400
BANKNIFTY-III.NFO,30/07/2024,09:45:41,52070,52071.25,15,52086.65,60,0,152400
BANKNIFTY-III.NFO,30/07/2024,09:45:43,52070,52073.85,165,52089.6,60,0,152400
BANKNIFTY-III.NFO,30/07/2024,09:45:44,52070,52070,15,52090.05,60,0,152400
BANKNIFTY-III.NFO,30/07/2024,09:45:46,52070,52078.55,15,52091.7,60,0,152400
BANKNIFTY-III.NFO,30/07/2024,09:45:48,52078.55,52084.25,15,52096.15,60,15,151980
BANKNIFTY-III.NFO,30/07/2024,09:45:49,52078.55,52083.35,15,52097.8,60,0,151980
BANKNIFTY-III.NFO,30/07/2024,09:45:51,52097.8,52083.35,30,52097.8,60,30,151980
BANKNIFTY-III.NFO,30/07/2024,09:45:53,52099.5,52086.15,30,52103.8,60,15,151980
BANKNIFTY-III.NFO,30/07/2024,09:45:54,52099.5,52082.2,45,52100.65,60,0,151980
BANKNIFTY-III.NFO,30/07/2024,09:45:56,52099.5,52081.95,30,52100.2,60,0,151980
BANKNIFTY-III.NFO,30/07/2024,09:45:58,52099.5,52078.5,30,52096.8,60,0,151980
BANKNIFTY-III.NFO,30/07/2024,09:45:59,52099.5,52070.45,30,52088.6,60,0,151980
BANKNIFTY-III.NFO,30/07/2024,09:46:01,52099.5,52070.05,45,52085.25,60,0,151980
BANKNIFTY-III.NFO,30/07/2024,09:46:04,52099.5,52070.05,45,52084.2,60,0,151980
BANKNIFTY-III.NFO,30/07/2024,09:46:06,52086.1,52072.6,45,52089.2,60,15,151980
BANKNIFTY-III.NFO,30/07/2024,09:46:08,52086.1,52074.8,45,52092.3,60,0,151980
BANKNIFTY-III.NFO,30/07/2024,09:46:09,52086.1,52075.45,45,52092.3,60,0,151980
BANKNIFTY-III.NFO,30/07/2024,09:46:11,52086.1,52073.05,45,52090.2,60,0,151980
BANKNIFTY-III.NFO,30/07/2024,09:46:13,52086.1,52074,45,52091.7,60,0,151980
BANKNIFTY-III.NFO,30/07/2024,09:46:14,52086.1,52073.55,60,52091.15,60,0,151980
BANKNIFTY-III.NFO,30/07/2024,09:46:16,52086.1,52074.1,45,52091.15,60,0,151980
BANKNIFTY-III.NFO,30/07/2024,09:46:18,52088.35,52070.55,60,52088.35,60,15,151980
BANKNIFTY-III.NFO,30/07/2024,09:46:19,52088.35,52070,30,52085.8,60,0,151980
BANKNIFTY-III.NFO,30/07/2024,09:46:21,52088.35,52070.05,75,52083.25,60,0,151980
BANKNIFTY-III.NFO,30/07/2024,09:46:23,52084.9,52070.1,60,52084.9,45,15,151980
BANKNIFTY-III.NFO,30/07/2024,09:46:24,52084.9,52073.4,60,52087.9,45,0,151980
BANKNIFTY-III.NFO,30/07/2024,09:46:28,52084.9,52078.3,60,52092.8,45,0,151980
BANKNIFTY-III.NFO,30/07/2024,09:46:29,52084.9,52071,60,52088.8,45,0,151980
BANKNIFTY-III.NFO,30/07/2024,09:46:31,52084.9,52074.05,60,52084.9,15,0,151980
BANKNIFTY-III.NFO,30/07/2024,09:46:33,52085,52085,15,52090.6,60,30,151980
BANKNIFTY-III.NFO,30/07/2024,09:46:34,52085,52072.7,60,52090.3,45,15,151980
BANKNIFTY-III.NFO,30/07/2024,09:46:36,52085,52071.15,60,52089.5,45,0,151980
BANKNIFTY-III.NFO,30/07/2024,09:46:38,52085,52075.45,60,52089.7,60,0,151980
BANKNIFTY-III.NFO,30/07/2024,09:46:41,52085,52072.25,60,52087.75,195,0,151980
BANKNIFTY-III.NFO,30/07/2024,09:46:43,52085,52070.05,75,52084.45,45,0,151980
BANKNIFTY-III.NFO,30/07/2024,09:46:44,52085,52070,15,52081.05,45,0,151980
BANKNIFTY-III.NFO,30/07/2024,09:46:46,52085,52070,15,52081.25,60,0,151980
BANKNIFTY-III.NFO,30/07/2024,09:46:47,52085,52070,15,52076.55,60,0,151980
BANKNIFTY-III.NFO,30/07/2024,09:46:49,52085,52070,15,52078.2,60,0,151980
BANKNIFTY-III.NFO,30/07/2024,09:46:51,52070,52062.7,150,52077,45,15,151980
BANKNIFTY-III.NFO,30/07/2024,09:46:52,52070,52064.25,210,52078.15,45,0,151980
BANKNIFTY-III.NFO,30/07/2024,09:46:54,52070,52066.1,60,52079.85,60,0,151980
BANKNIFTY-III.NFO,30/07/2024,09:46:55,52070,52069.7,60,52081.45,60,0,151980
BANKNIFTY-III.NFO,30/07/2024,09:46:57,52070,52073.5,75,52084.95,60,0,151980
BANKNIFTY-III.NFO,30/07/2024,09:46:59,52070,52070.7,75,52084.95,60,0,151980
BANKNIFTY-III.NFO,30/07/2024,09:47:00,52070,52073.35,75,52084.95,60,0,151980
BANKNIFTY-III.NFO,30/07/2024,09:47:02,52070,52070.95,75,52084.95,60,0,151980
BANKNIFTY-III.NFO,30/07/2024,09:47:03,52070,52067.95,60,52084,45,0,151980
BANKNIFTY-III.NFO,30/07/2024,09:47:05,52070,52071.95,60,52084.9,45,0,151980
BANKNIFTY-III.NFO,30/07/2024,09:47:07,52070,52077.2,60,52085,15,0,151980
BANKNIFTY-III.NFO,30/07/2024,09:47:08,52070,52071.5,75,52084.95,60,0,151980
BANKNIFTY-III.NFO,30/07/2024,09:47:10,52070,52079,60,52085,15,0,151980
BANKNIFTY-III.NFO,30/07/2024,09:47:11,52085,52082.05,60,52092,15,15,151980
BANKNIFTY-III.NFO,30/07/2024,09:47:13,52085,52079.25,75,52092,15,0,151980
BANKNIFTY-III.NFO,30/07/2024,09:47:14,52091.95,52078.9,75,52091.95,45,15,151980
BANKNIFTY-III.NFO,30/07/2024,09:47:16,52091.95,52073.3,60,52087.9,30,0,151980
BANKNIFTY-III.NFO,30/07/2024,09:47:18,52091.95,52072.3,60,52087.15,30,0,151980
BANKNIFTY-III.NFO,30/07/2024,09:47:19,52087.15,52073.25,60,52087.15,15,15,151980
BANKNIFTY-III.NFO,30/07/2024,09:47:21,52087.15,52077.25,60,52091.05,15,0,151980
BANKNIFTY-III.NFO,30/07/2024,09:47:22,52087.15,52080.8,75,52092,30,0,151980
BANKNIFTY-III.NFO,30/07/2024,09:47:24,52087.15,52074.25,75,52089.65,15,0,151980
BANKNIFTY-III.NFO,30/07/2024,09:47:26,52087.15,52070.4,60,52086.75,15,0,151980
BANKNIFTY-III.NFO,30/07/2024,09:47:27,52087.15,52069.85,60,52085,15,0,151980
BANKNIFTY-III.NFO,30/07/2024,09:47:29,52087.15,52066.7,75,52082.65,15,0,151980
BANKNIFTY-III.NFO,30/07/2024,09:47:31,52087.15,52065.05,60,52079.5,15,0,151980
BANKNIFTY-III.NFO,30/07/2024,09:47:32,52087.15,52066.1,60,52083.6,15,0,151980
BANKNIFTY-III.NFO,30/07/2024,09:47:34,52087.15,52066.7,60,52081.6,15,0,151980
BANKNIFTY-III.NFO,30/07/2024,09:47:35,52087.15,52072.05,75,52085,15,0,151980
BANKNIFTY-III.NFO,30/07/2024,09:47:37,52085,52072.05,60,52085.05,15,15,151980
BANKNIFTY-III.NFO,30/07/2024,09:47:39,52085,52072.05,15,52085.05,15,0,151980
BANKNIFTY-III.NFO,30/07/2024,09:47:40,52085,52072.05,75,52085.05,15,0,151980
BANKNIFTY-III.NFO,30/07/2024,09:47:42,52085,52072.05,75,52086.45,150,0,151980
BANKNIFTY-III.NFO,30/07/2024,09:47:43,52082.2,52072.05,60,52084.55,15,15,151980
BANKNIFTY-III.NFO,30/07/2024,09:47:45,52082.2,52072.05,60,52084.55,15,0,151980
BANKNIFTY-III.NFO,30/07/2024,09:47:47,52082.2,52072,90,52081.25,15,0,151980
BANKNIFTY-III.NFO,30/07/2024,09:47:48,52082.2,52072.05,75,52083.85,165,0,151980
BANKNIFTY-III.NFO,30/07/2024,09:47:50,52082.2,52072,90,52081.15,15,0,151980
BANKNIFTY-III.NFO,30/07/2024,09:47:53,52082.2,52072,90,52080.7,30,0,151980
BANKNIFTY-III.NFO,30/07/2024,09:47:54,52072.05,52070,90,52080.7,30,15,151980
BANKNIFTY-III.NFO,30/07/2024,09:47:56,52072.05,52070.05,75,52080.7,30,0,151980
BANKNIFTY-III.NFO,30/07/2024,09:47:58,52072.05,52070.05,75,52083.15,15,0,151980
BANKNIFTY-III.NFO,30/07/2024,09:47:59,52072.05,52072,60,52085.85,15,0,151980
BANKNIFTY-III.NFO,30/07/2024,09:48:01,52072.05,52073.45,60,52085.8,30,0,151980
BANKNIFTY-III.NFO,30/07/2024,09:48:02,52085.8,52070.05,75,52085.1,165,15,151980
BANKNIFTY-III.NFO,30/07/2024,09:48:04,52085.8,52071.2,60,52085.75,15,0,151980
BANKNIFTY-III.NFO,30/07/2024,09:48:06,52085.8,52072.05,75,52085.75,30,0,151980
BANKNIFTY-III.NFO,30/07/2024,09:48:07,52085.8,52073.35,60,52086.35,30,0,151980
BANKNIFTY-III.NFO,30/07/2024,09:48:09,52085.8,52070.05,75,52085.1,150,0,151980
BANKNIFTY-III.NFO,30/07/2024,09:48:10,52085.8,52072.2,15,52079.7,150,0,151980
BANKNIFTY-III.NFO,30/07/2024,09:48:12,52085.8,52072.2,15,52080.4,165,0,151980
BANKNIFTY-III.NFO,30/07/2024,09:48:13,52085.8,52072.2,15,52073.05,15,0,151980
BANKNIFTY-III.NFO,30/07/2024,09:48:16,52070,52039.85,75,52050.1,15,105,151980
BANKNIFTY-III.NFO,30/07/2024,09:48:18,52030,52030,45,52042.3,75,15,151980
BANKNIFTY-III.NFO,30/07/2024,09:48:20,52030,52005.7,15,52020.35,15,30,151980
BANKNIFTY-III.NFO,30/07/2024,09:48:21,52001,52002.5,165,52019.45,30,15,151980
BANKNIFTY-III.NFO,30/07/2024,09:48:23,52001,52000,105,52001.6,15,0,151980
BANKNIFTY-III.NFO,30/07/2024,09:48:25,52001.6,52008.5,15,52021.9,30,30,151980
BANKNIFTY-III.NFO,30/07/2024,09:48:26,52001.6,52000,90,52015.75,15,0,151980
BANKNIFTY-III.NFO,30/07/2024,09:48:28,51997.8,51993.2,15,52010.45,30,135,151980
BANKNIFTY-III.NFO,30/07/2024,09:48:30,51997.8,51961.15,15,51980.2,15,0,151980
BANKNIFTY-III.NFO,30/07/2024,09:48:31,51940,51925,30,51935.5,30,540,151980
BANKNIFTY-III.NFO,30/07/2024,09:48:33,51900.05,51900.05,30,51917.8,45,240,151980
BANKNIFTY-III.NFO,30/07/2024,09:48:35,51904.2,51904.05,30,51922.9,45,30,151980
BANKNIFTY-III.NFO,30/07/2024,09:48:36,51904.2,51918,30,51939.2,30,0,151980
BANKNIFTY-III.NFO,30/07/2024,09:48:38,51904.2,51932.8,30,51950.2,30,0,151980
BANKNIFTY-III.NFO,30/07/2024,09:48:40,51938.15,51937.7,15,51952.4,30,15,151980
BANKNIFTY-III.NFO,30/07/2024,09:48:41,51938.15,51953.6,45,51975.1,30,0,151980
BANKNIFTY-III.NFO,30/07/2024,09:48:43,51938.15,51968.65,15,51981.3,30,0,151980
BANKNIFTY-III.NFO,30/07/2024,09:48:45,51938.15,51986.25,75,51999.4,30,0,151980
BANKNIFTY-III.NFO,30/07/2024,09:48:46,51938.15,51973.8,15,51993.35,30,0,151980
BANKNIFTY-III.NFO,30/07/2024,09:48:48,51985.85,51973.4,75,51988.45,30,15,152475
BANKNIFTY-III.NFO,30/07/2024,09:48:50,51985.85,51960.25,150,51979.55,45,0,152475
BANKNIFTY-III.NFO,30/07/2024,09:48:51,51985.85,51952.4,15,51968.85,30,0,152475
BANKNIFTY-III.NFO,30/07/2024,09:48:53,51952.4,51938.15,15,51952.35,45,15,152475
BANKNIFTY-III.NFO,30/07/2024,09:48:55,51938.15,51924.25,60,51944.6,30,15,152475
BANKNIFTY-III.NFO,30/07/2024,09:48:56,51924.35,51922.75,30,51946.35,75,150,152475
BANKNIFTY-III.NFO,30/07/2024,09:48:58,51924.35,51931.2,30,51948.95,60,0,152475
BANKNIFTY-III.NFO,30/07/2024,09:49:00,51924.35,51919.55,15,51941.25,60,0,152475
BANKNIFTY-III.NFO,30/07/2024,09:49:01,51924.35,51924.35,45,51933.6,60,0,152475
BANKNIFTY-III.NFO,30/07/2024,09:49:03,51924.35,51910.15,15,51932.6,60,45,152475
BANKNIFTY-III.NFO,30/07/2024,09:49:05,51924.35,51914.5,150,51931.8,60,0,152475
BANKNIFTY-III.NFO,30/07/2024,09:49:06,51924.35,51924.35,30,51937.9,60,0,152475
BANKNIFTY-III.NFO,30/07/2024,09:49:08,51924.35,51925.5,30,51938,60,0,152475
BANKNIFTY-III.NFO,30/07/2024,09:49:10,51924.35,51942.45,15,51952.35,60,0,152475
BANKNIFTY-III.NFO,30/07/2024,09:49:11,51971.15,51956.65,30,51973.3,75,45,152475
BANKNIFTY-III.NFO,30/07/2024,09:49:13,51971.15,51971.8,30,51988.2,60,0,152475
BANKNIFTY-III.NFO,30/07/2024,09:49:15,51982,51974.15,15,51996.95,60,15,152475
BANKNIFTY-III.NFO,30/07/2024,09:49:17,51982,51976.9,15,51998.15,60,0,152475
BANKNIFTY-III.NFO,30/07/2024,09:49:18,51982,51984.65,15,52003.15,75,0,152475
BANKNIFTY-III.NFO,30/07/2024,09:49:20,51982,51978.4,15,52001.35,60,0,152475
BANKNIFTY-III.NFO,30/07/2024,09:49:22,51982,51960,15,51986.35,60,0,152475
BANKNIFTY-III.NFO,30/07/2024,09:49:23,51982,51965.65,15,51980.4,75,0,152475
BANKNIFTY-III.NFO,30/07/2024,09:49:25,51980,51968,15,51983.6,75,15,152475
BANKNIFTY-III.NFO,30/07/2024,09:49:27,51980,51962.05,15,51981.4,60,0,152475
BANKNIFTY-III.NFO,30/07/2024,09:49:28,51980,51958.35,15,51977,60,0,152475
BANKNIFTY-III.NFO,30/07/2024,09:49:30,51980,51967.05,15,51980.25,60,0,152475
BANKNIFTY-III.NFO,30/07/2024,09:49:32,51980,51950,15,51969.85,60,0,152475
BANKNIFTY-III.NFO,30/07/2024,09:49:33,51950,51944.9,15,51960.1,60,15,152475
BANKNIFTY-III.NFO,30/07/2024,09:49:35,51950,51944.55,15,51961.65,60,0,152475
BANKNIFTY-III.NFO,30/07/2024,09:49:37,51950,51960,15,51970.35,60,0,152475
BANKNIFTY-III.NFO,30/07/2024,09:49:38,51950,51965.1,15,51978.2,60,0,152475
BANKNIFTY-III.NFO,30/07/2024,09:49:40,51950,51960,15,51969.7,60,0,152475
BANKNIFTY-III.NFO,30/07/2024,09:49:42,51960,51950,60,51962.1,60,15,152475
BANKNIFTY-III.NFO,30/07/2024,09:49:43,51954.75,51950,60,51969.7,60,15,152475
BANKNIFTY-III.NFO,30/07/2024,09:49:45,51954.75,51950.9,15,51967.15,60,0,152475
BANKNIFTY-III.NFO,30/07/2024,09:49:47,51954.75,51958.95,15,51973.55,60,0,152475
BANKNIFTY-III.NFO,30/07/2024,09:49:48,51954.75,51956.25,15,51973.6,60,0,152475
BANKNIFTY-III.NFO,30/07/2024,09:49:50,51954.75,51963.3,15,51974.8,75,0,152475
BANKNIFTY-III.NFO,30/07/2024,09:49:52,51954.75,51958.25,75,51974.65,60,0,152475
BANKNIFTY-III.NFO,30/07/2024,09:49:53,51954.75,51954.3,15,51973.6,60,0,152475
BANKNIFTY-III.NFO,30/07/2024,09:49:55,51954.75,51956.35,150,51973.6,60,0,152475
BANKNIFTY-III.NFO,30/07/2024,09:49:56,51954.75,51955,15,51964.15,60,0,152475
BANKNIFTY-III.NFO,30/07/2024,09:49:58,51963.35,51955,15,51963.85,60,15,152475
BANKNIFTY-III.NFO,30/07/2024,09:50:00,51963.35,51955,15,51969.45,60,0,152475
BANKNIFTY-III.NFO,30/07/2024,09:50:01,51963.35,51955.1,15,51975.65,60,0,152475
BANKNIFTY-III.NFO,30/07/2024,09:50:03,51963.35,51958.15,15,51974.8,60,0,152475
BANKNIFTY-III.NFO,30/07/2024,09:50:05,51963.35,51958.95,15,51974.8,60,0,152475
